{"id":"gen9vgc2023regulationc-1861167341","p1":"cosplayLover","p2":"gomashots","format":"[Gen 9] VGC 2023 Regulation C","log":"|j|\u2606cosplayLover\n|j|\u203dgomashots\n|t:|1683732465\n|gametype|doubles\n|player|p1|cosplayLover|265|1578\n|player|p2|gomashots|cynthia|1574\n|teamsize|p1|6\n|teamsize|p2|6\n|gen|9\n|tier|[Gen 9] VGC 2023 Regulation C\n|rated|\n|rule|Species Clause: Limit one of each Pok\u00e9mon\n|rule|Item Clause: Limit one of each item\n|clearpoke\n|poke|p1|Chi-Yu, L50|\n|poke|p1|Flutter Mane, L50|\n|poke|p1|Amoonguss, L50, M|\n|poke|p1|Gyarados, L50, M|\n|poke|p1|Annihilape, L50, M|\n|poke|p1|Farigiraf, L50, M|\n|poke|p2|Dondozo, L50, M|\n|poke|p2|Glimmora, L50, M|\n|poke|p2|Dragonite, L50, M|\n|poke|p2|Chi-Yu, L50|\n|poke|p2|Flutter Mane, L50|\n|poke|p2|Chien-Pao, L50|\n|teampreview|4\n|inactive|Battle timer is ON: inactive players will automatically lose when time's up. (requested by gomashots)\n|\n|t:|1683732506\n|start\n|switch|p1a: Annihilape|Annihilape, L50, M|100\/100\n|switch|p1b: Farigiraf|Farigiraf, L50, M|100\/100\n|switch|p2a: Glimmora|Glimmora, L50, M|100\/100\n|switch|p2b: Dondozo|Dondozo, L50, M|100\/100\n|turn|1\n|inactive|gomashots has 30 seconds left.\n|\n|t:|1683732532\n|move|p1a: Annihilape|Protect|p1a: Annihilape\n|-singleturn|p1a: Annihilape|Protect\n|move|p2a: Glimmora|Toxic|p1a: Annihilape\n|-activate|p1a: Annihilape|move: Protect\n|move|p2b: Dondozo|Yawn|p1b: Farigiraf\n|-start|p1b: Farigiraf|move: Yawn|[of] p2b: Dondozo\n|move|p1b: Farigiraf|Trick Room|p1b: Farigiraf\n|-fieldstart|move: Trick Room|[of] p1b: Farigiraf\n|\n|upkeep\n|turn|2\n|j| Rabbihorn\n|\n|t:|1683732549\n|move|p2b: Dondozo|Protect|p2b: Dondozo\n|-singleturn|p2b: Dondozo|Protect\n|move|p1b: Farigiraf|Beat Up|p1a: Annihilape\n|-crit|p1a: Annihilape\n|-damage|p1a: Annihilape|95\/100\n|-damage|p1a: Annihilape|93\/100\n|-crit|p1a: Annihilape\n|-damage|p1a: Annihilape|89\/100\n|-damage|p1a: Annihilape|86\/100\n|-hitcount|p1a: Annihilape|4\n|move|p1a: Annihilape|Rage Fist|p2a: Glimmora\n|-enditem|p2a: Glimmora|Focus Sash\n|-damage|p2a: Glimmora|1\/100\n|-activate|p2a: Glimmora|ability: Toxic Debris\n|-sidestart|p1: cosplayLover|move: Toxic Spikes\n|move|p2a: Glimmora|Toxic|p1a: Annihilape\n|-status|p1a: Annihilape|tox\n|\n|-heal|p1a: Annihilape|92\/100 tox|[from] item: Leftovers\n|-damage|p1a: Annihilape|86\/100 tox|[from] psn\n|-end|p1b: Farigiraf|move: Yawn|[silent]\n|-status|p1b: Farigiraf|slp\n|upkeep\n|turn|3\n|inactive|cosplayLover has 30 seconds left.\n|inactive|gomashots has 30 seconds left.\n|\n|t:|1683732579\n|move|p2a: Glimmora|Spiky Shield|p2a: Glimmora\n|-singleturn|p2a: Glimmora|move: Protect\n|move|p2b: Dondozo|Wave Crash|p1a: Annihilape\n|-damage|p1a: Annihilape|45\/100 tox\n|-damage|p2b: Dondozo|89\/100|[from] Recoil\n|cant|p1b: Farigiraf|slp\n|move|p1a: Annihilape|Rage Fist|p2b: Dondozo\n|-damage|p2b: Dondozo|9\/100\n|-enditem|p2b: Dondozo|Sitrus Berry|[eat]\n|-heal|p2b: Dondozo|34\/100|[from] item: Sitrus Berry\n|\n|-heal|p1a: Annihilape|51\/100 tox|[from] item: Leftovers\n|-damage|p1a: Annihilape|39\/100 tox|[from] psn\n|upkeep\n|turn|4\n|\n|t:|1683732601\n|move|p2b: Dondozo|Wave Crash|p1a: Annihilape\n|-damage|p1a: Annihilape|0 fnt\n|faint|p1a: Annihilape\n|-damage|p2b: Dondozo|23\/100|[from] Recoil\n|cant|p1b: Farigiraf|slp\n|move|p2a: Glimmora|Power Gem|p1b: Farigiraf\n|-damage|p1b: Farigiraf|64\/100 slp\n|\n|upkeep\n|\n|t:|1683732609\n|switch|p1a: Amoonguss|Amoonguss, L50, M|100\/100\n|-sideend|p1: cosplayLover|move: Toxic Spikes|[of] p1a: Amoonguss\n|turn|5\n|inactive|gomashots has 30 seconds left.\n|\n|t:|1683732635\n|move|p1a: Amoonguss|Pollen Puff|p1b: Farigiraf\n|-heal|p1b: Farigiraf|100\/100 slp\n|move|p2b: Dondozo|Wave Crash|p1b: Farigiraf\n|-damage|p1b: Farigiraf|65\/100 slp\n|-damage|p2b: Dondozo|13\/100|[from] Recoil\n|cant|p1b: Farigiraf|slp\n|move|p2a: Glimmora|Power Gem|p1b: Farigiraf\n|-damage|p1b: Farigiraf|24\/100 slp\n|\n|-fieldend|move: Trick Room\n|upkeep\n|turn|6\n|inactive|cosplayLover has 30 seconds left.\n|\n|t:|1683732662\n|move|p2a: Glimmora|Power Gem|p1b: Farigiraf\n|-damage|p1b: Farigiraf|0 fnt\n|faint|p1b: Farigiraf\n|move|p2b: Dondozo|Yawn|p1a: Amoonguss\n|-start|p1a: Amoonguss|move: Yawn|[of] p2b: Dondozo\n|move|p1a: Amoonguss|Pollen Puff|p2a: Glimmora\n|-resisted|p2a: Glimmora\n|-damage|p2a: Glimmora|0 fnt\n|faint|p2a: Glimmora\n|\n|upkeep\n|\n|t:|1683732681\n|switch|p2a: Chi-Yu|Chi-Yu, L50|100\/100\n|switch|p1b: Chi-Yu|Chi-Yu, L50|100\/100\n|-ability|p1b: Chi-Yu|Beads of Ruin\n|-ability|p2a: Chi-Yu|Beads of Ruin\n|turn|7\n|\n|t:|1683732698\n|-terastallize|p1b: Chi-Yu|Fire\n|move|p2a: Chi-Yu|Protect|p2a: Chi-Yu\n|-singleturn|p2a: Chi-Yu|Protect\n|move|p1b: Chi-Yu|Heat Wave|p2a: Chi-Yu|[spread] p2b\n|-activate|p2a: Chi-Yu|move: Protect\n|-resisted|p2b: Dondozo\n|-damage|p2b: Dondozo|0 fnt\n|faint|p2b: Dondozo\n|move|p1a: Amoonguss|Spore|p2a: Chi-Yu\n|-activate|p2a: Chi-Yu|move: Protect\n|\n|-end|p1a: Amoonguss|move: Yawn|[silent]\n|-status|p1a: Amoonguss|slp\n|upkeep\n|\n|t:|1683732710\n|switch|p2b: Dragonite|Dragonite, L50, M|100\/100\n|turn|8\n|\n|t:|1683732719\n|move|p1b: Chi-Yu|Heat Wave|p2a: Chi-Yu|[spread] p2a,p2b\n|-resisted|p2a: Chi-Yu\n|-resisted|p2b: Dragonite\n|-damage|p2a: Chi-Yu|63\/100\n|-damage|p2b: Dragonite|76\/100\n|move|p2a: Chi-Yu|Flamethrower|p1a: Amoonguss\n|-supereffective|p1a: Amoonguss\n|-enditem|p1a: Amoonguss|Occa Berry|[eat]\n|-enditem|p1a: Amoonguss|Occa Berry|[weaken]\n|-damage|p1a: Amoonguss|48\/100 slp\n|move|p2b: Dragonite|Stomping Tantrum|p1b: Chi-Yu\n|-supereffective|p1b: Chi-Yu\n|-damage|p1b: Chi-Yu|14\/100\n|cant|p1a: Amoonguss|slp\n|\n|upkeep\n|turn|9\n|\n|t:|1683732742\n|move|p2b: Dragonite|Extreme Speed|p1b: Chi-Yu\n|-damage|p1b: Chi-Yu|0 fnt\n|faint|p1b: Chi-Yu\n|cant|p1a: Amoonguss|slp\n|move|p2a: Chi-Yu|Flamethrower|p1a: Amoonguss\n|-supereffective|p1a: Amoonguss\n|-damage|p1a: Amoonguss|0 fnt\n|faint|p1a: Amoonguss\n|\n|win|gomashots\n|raw|cosplayLover's rating: 1578 → 1558<\/strong> (-20 for losing)\n|raw|gomashots's rating: 1574 → 1594<\/strong> (+20 for winning)\n|l|\u2606cosplayLover\n|l|\u203dgomashots\n","uploadtime":1683732760,"views":8,"p1id":"cosplaylover","p2id":"gomashots","formatid":"gen9vgc2023regulationc","rating":1558,"private":0,"password":""}