{"id":"gen9vgc2023regulationc-1858572290","p1":"Raiden_DC","p2":"callmecatlord","format":"[Gen 9] VGC 2023 Regulation C","log":"|j|\u2606Raiden_DC\n|j|\u2606callmecatlord\n|t:|1683326929\n|gametype|doubles\n|player|p1|Raiden_DC|1|1255\n|player|p2|callmecatlord|gambler|1301\n|teamsize|p1|6\n|teamsize|p2|6\n|gen|9\n|tier|[Gen 9] VGC 2023 Regulation C\n|rated|\n|rule|Species Clause: Limit one of each Pok\u00e9mon\n|rule|Item Clause: Limit one of each item\n|clearpoke\n|poke|p1|Orthworm, L50, M|\n|poke|p1|Houndstone, L50, M|\n|poke|p1|Tyranitar, L50, M|\n|poke|p1|Ting-Lu, L50|\n|poke|p1|Garchomp, L50, M|\n|poke|p1|Glimmora, L50, F|\n|poke|p2|Glimmora, L50, F|\n|poke|p2|Wo-Chien, L50|\n|poke|p2|Hippowdon, L50, F|\n|poke|p2|Flutter Mane, L50|\n|poke|p2|Rotom-Heat, L50|\n|poke|p2|Palafin, L50, F|\n|teampreview|4\n|\n|t:|1683326965\n|start\n|switch|p1a: Glimmora|Glimmora, L50, F|100\/100\n|switch|p1b: Ting-Lu|Ting-Lu, L50|100\/100\n|switch|p2a: Palafin|Palafin, L50, F, shiny|100\/100\n|switch|p2b: Rotom|Rotom-Heat, L50, shiny|100\/100\n|-ability|p1b: Ting-Lu|Vessel of Ruin\n|turn|1\n|\n|t:|1683326995\n|detailschange|p2a: Palafin|Palafin-Hero, L50, F, shiny\n|switch|p2a: Wo-Chien|Wo-Chien, L50|100\/100\n|-ability|p2a: Wo-Chien|Tablets of Ruin\n|switch|p2b: Hippowdon|Hippowdon, L50, F|100\/100\n|-weather|Sandstorm|[from] ability: Sand Stream|[of] p2b: Hippowdon\n|move|p1b: Ting-Lu|Protect|p1b: Ting-Lu\n|-singleturn|p1b: Ting-Lu|Protect\n|move|p1a: Glimmora|Power Gem|p2b: Hippowdon\n|-resisted|p2b: Hippowdon\n|-damage|p2b: Hippowdon|89\/100\n|\n|-weather|Sandstorm|[upkeep]\n|-damage|p2a: Wo-Chien|94\/100|[from] Sandstorm\n|-heal|p2a: Wo-Chien|100\/100|[from] item: Leftovers\n|upkeep\n|turn|2\n|\n|t:|1683327031\n|move|p1a: Glimmora|Mortal Spin|p2a: Wo-Chien|[spread] p2a,p2b\n|-supereffective|p2a: Wo-Chien\n|-resisted|p2b: Hippowdon\n|-damage|p2a: Wo-Chien|96\/100\n|-damage|p2b: Hippowdon|87\/100\n|-status|p2a: Wo-Chien|psn\n|-status|p2b: Hippowdon|psn\n|move|p2a: Wo-Chien|Leech Seed|p1b: Ting-Lu\n|-start|p1b: Ting-Lu|move: Leech Seed\n|move|p2b: Hippowdon|Sand Tomb|p1b: Ting-Lu\n|-damage|p1b: Ting-Lu|97\/100\n|-activate|p1b: Ting-Lu|move: Sand Tomb|[of] p2b: Hippowdon\n|move|p1b: Ting-Lu|Fissure|p2a: Wo-Chien|[miss]\n|-miss|p1b: Ting-Lu|p2a: Wo-Chien\n|\n|-weather|Sandstorm|[upkeep]\n|-damage|p2a: Wo-Chien|90\/100 psn|[from] Sandstorm\n|-heal|p2a: Wo-Chien|96\/100 psn|[from] item: Leftovers\n|-heal|p1b: Ting-Lu|100\/100|[from] item: Leftovers\n|-damage|p1b: Ting-Lu|88\/100|[from] Leech Seed|[of] p2a: Wo-Chien\n|-heal|p2a: Wo-Chien|100\/100 psn|[silent]\n|-damage|p2a: Wo-Chien|88\/100 psn|[from] psn\n|-damage|p2b: Hippowdon|75\/100 psn|[from] psn\n|-damage|p1b: Ting-Lu|76\/100|[from] move: Sand Tomb|[partiallytrapped]\n|upkeep\n|turn|3\n|\n|t:|1683327073\n|move|p2a: Wo-Chien|Protect|p2a: Wo-Chien\n|-singleturn|p2a: Wo-Chien|Protect\n|move|p1a: Glimmora|Energy Ball|p2b: Hippowdon\n|-supereffective|p2b: Hippowdon\n|-damage|p2b: Hippowdon|39\/100 psn\n|-enditem|p2b: Hippowdon|Sitrus Berry|[eat]\n|-heal|p2b: Hippowdon|64\/100 psn|[from] item: Sitrus Berry\n|move|p2b: Hippowdon|Sand Tomb|p1a: Glimmora\n|-supereffective|p1a: Glimmora\n|-damage|p1a: Glimmora|52\/100\n|-activate|p1a: Glimmora|move: Sand Tomb|[of] p2b: Hippowdon\n|-activate|p1a: Glimmora|ability: Toxic Debris\n|-sidestart|p2: callmecatlord|move: Toxic Spikes\n|move|p1b: Ting-Lu|Fissure|p2a: Wo-Chien\n|-activate|p2a: Wo-Chien|move: Protect\n|\n|-weather|Sandstorm|[upkeep]\n|-damage|p2a: Wo-Chien|82\/100 psn|[from] Sandstorm\n|-heal|p2a: Wo-Chien|88\/100 psn|[from] item: Leftovers\n|-heal|p1b: Ting-Lu|82\/100|[from] item: Leftovers\n|-damage|p1b: Ting-Lu|70\/100|[from] Leech Seed|[of] p2a: Wo-Chien\n|-heal|p2a: Wo-Chien|100\/100 psn|[silent]\n|-damage|p2a: Wo-Chien|88\/100 psn|[from] psn\n|-damage|p2b: Hippowdon|51\/100 psn|[from] psn\n|-damage|p1a: Glimmora|40\/100|[from] move: Sand Tomb|[partiallytrapped]\n|-damage|p1b: Ting-Lu|58\/100|[from] move: Sand Tomb|[partiallytrapped]\n|upkeep\n|turn|4\n|\n|t:|1683327103\n|move|p1a: Glimmora|Power Gem|p2b: Hippowdon\n|-resisted|p2b: Hippowdon\n|-damage|p2b: Hippowdon|39\/100 psn\n|move|p2a: Wo-Chien|Leech Seed|p1a: Glimmora\n|-start|p1a: Glimmora|move: Leech Seed\n|move|p2b: Hippowdon|Slack Off|p2b: Hippowdon\n|-heal|p2b: Hippowdon|89\/100 psn\n|move|p1b: Ting-Lu|Fissure|p2a: Wo-Chien|[miss]\n|-miss|p1b: Ting-Lu|p2a: Wo-Chien\n|\n|-weather|Sandstorm|[upkeep]\n|-damage|p2a: Wo-Chien|82\/100 psn|[from] Sandstorm\n|-heal|p2a: Wo-Chien|88\/100 psn|[from] item: Leftovers\n|-heal|p1b: Ting-Lu|64\/100|[from] item: Leftovers\n|-damage|p1a: Glimmora|28\/100|[from] Leech Seed|[of] p2a: Wo-Chien\n|-heal|p2a: Wo-Chien|98\/100 psn|[silent]\n|-damage|p1b: Ting-Lu|52\/100|[from] Leech Seed|[of] p2a: Wo-Chien\n|-heal|p2a: Wo-Chien|100\/100 psn|[silent]\n|-damage|p2a: Wo-Chien|88\/100 psn|[from] psn\n|-damage|p2b: Hippowdon|77\/100 psn|[from] psn\n|-damage|p1a: Glimmora|16\/100|[from] move: Sand Tomb|[partiallytrapped]\n|-damage|p1b: Ting-Lu|39\/100|[from] move: Sand Tomb|[partiallytrapped]\n|upkeep\n|turn|5\n|\n|t:|1683327137\n|move|p2a: Wo-Chien|Protect|p2a: Wo-Chien\n|-singleturn|p2a: Wo-Chien|Protect\n|move|p1a: Glimmora|Energy Ball|p2b: Hippowdon\n|-supereffective|p2b: Hippowdon\n|-damage|p2b: Hippowdon|42\/100 psn\n|move|p2b: Hippowdon|Yawn|p1b: Ting-Lu\n|-start|p1b: Ting-Lu|move: Yawn|[of] p2b: Hippowdon\n|move|p1b: Ting-Lu|Ruination|p2b: Hippowdon|[miss]\n|-miss|p1b: Ting-Lu|p2b: Hippowdon\n|\n|-weather|none\n|-heal|p2a: Wo-Chien|94\/100 psn|[from] item: Leftovers\n|-heal|p1b: Ting-Lu|46\/100|[from] item: Leftovers\n|-damage|p1a: Glimmora|4\/100|[from] Leech Seed|[of] p2a: Wo-Chien\n|-heal|p2a: Wo-Chien|100\/100 psn|[silent]\n|-damage|p1b: Ting-Lu|33\/100|[from] Leech Seed|[of] p2a: Wo-Chien\n|-damage|p2a: Wo-Chien|88\/100 psn|[from] psn\n|-damage|p2b: Hippowdon|29\/100 psn|[from] psn\n|-damage|p1a: Glimmora|0 fnt|[from] move: Sand Tomb|[partiallytrapped]\n|faint|p1a: Glimmora\n|-damage|p1b: Ting-Lu|21\/100|[from] move: Sand Tomb|[partiallytrapped]\n|upkeep\n|\n|t:|1683327164\n|switch|p1a: Tyranitar|Tyranitar, L50, M|100\/100\n|-weather|Sandstorm|[from] ability: Sand Stream|[of] p1a: Tyranitar\n|turn|6\n|\n|t:|1683327189\n|move|p2a: Wo-Chien|Leech Seed|p1a: Tyranitar\n|-start|p1a: Tyranitar|move: Leech Seed\n|move|p1a: Tyranitar|Brick Break|p2a: Wo-Chien\n|-supereffective|p2a: Wo-Chien\n|-damage|p2a: Wo-Chien|65\/100 psn\n|move|p2b: Hippowdon|Slack Off|p2b: Hippowdon\n|-heal|p2b: Hippowdon|79\/100 psn\n|move|p1b: Ting-Lu|Fissure|p2a: Wo-Chien|[miss]\n|-miss|p1b: Ting-Lu|p2a: Wo-Chien\n|\n|-weather|Sandstorm|[upkeep]\n|-damage|p2a: Wo-Chien|59\/100 psn|[from] Sandstorm\n|-heal|p2a: Wo-Chien|65\/100 psn|[from] item: Leftovers\n|-heal|p1b: Ting-Lu|27\/100|[from] item: Leftovers\n|-damage|p1a: Tyranitar|88\/100|[from] Leech Seed|[of] p2a: Wo-Chien\n|-heal|p2a: Wo-Chien|78\/100 psn|[silent]\n|-damage|p1b: Ting-Lu|15\/100|[from] Leech Seed|[of] p2a: Wo-Chien\n|-heal|p2a: Wo-Chien|95\/100 psn|[silent]\n|-damage|p2a: Wo-Chien|82\/100 psn|[from] psn\n|-damage|p2b: Hippowdon|67\/100 psn|[from] psn\n|-end|p1b: Ting-Lu|Sand Tomb|[partiallytrapped]\n|-end|p1b: Ting-Lu|move: Yawn|[silent]\n|-status|p1b: Ting-Lu|slp\n|upkeep\n|turn|7\n|\n|t:|1683327217\n|switch|p1a: Garchomp|Garchomp, L50, M|100\/100\n|cant|p1b: Ting-Lu|slp\n|move|p2a: Wo-Chien|Pollen Puff|p2b: Hippowdon\n|-heal|p2b: Hippowdon|100\/100 psn\n|move|p2b: Hippowdon|Yawn|p1a: Garchomp\n|-start|p1a: Garchomp|move: Yawn|[of] p2b: Hippowdon\n|\n|-weather|Sandstorm|[upkeep]\n|-damage|p2a: Wo-Chien|76\/100 psn|[from] Sandstorm\n|-heal|p2a: Wo-Chien|82\/100 psn|[from] item: Leftovers\n|-heal|p1b: Ting-Lu|21\/100 slp|[from] item: Leftovers\n|-damage|p1b: Ting-Lu|9\/100 slp|[from] Leech Seed|[of] p2a: Wo-Chien\n|-heal|p2a: Wo-Chien|99\/100 psn|[silent]\n|-damage|p2a: Wo-Chien|86\/100 psn|[from] psn\n|-damage|p2b: Hippowdon|88\/100 psn|[from] psn\n|upkeep\n|turn|8\n|\n|t:|1683327251\n|switch|p1a: Tyranitar|Tyranitar, L50, M|88\/100\n|move|p2a: Wo-Chien|Leech Seed|p1a: Tyranitar\n|-start|p1a: Tyranitar|move: Leech Seed\n|move|p2b: Hippowdon|Sand Tomb|p1a: Tyranitar\n|-supereffective|p1a: Tyranitar\n|-damage|p1a: Tyranitar|73\/100\n|-activate|p1a: Tyranitar|move: Sand Tomb|[of] p2b: Hippowdon\n|cant|p1b: Ting-Lu|slp\n|\n|-weather|Sandstorm|[upkeep]\n|-damage|p2a: Wo-Chien|80\/100 psn|[from] Sandstorm\n|-heal|p2a: Wo-Chien|86\/100 psn|[from] item: Leftovers\n|-heal|p1b: Ting-Lu|15\/100 slp|[from] item: Leftovers\n|-damage|p1a: Tyranitar|61\/100|[from] Leech Seed|[of] p2a: Wo-Chien\n|-heal|p2a: Wo-Chien|99\/100 psn|[silent]\n|-damage|p1b: Ting-Lu|3\/100 slp|[from] Leech Seed|[of] p2a: Wo-Chien\n|-heal|p2a: Wo-Chien|100\/100 psn|[silent]\n|-damage|p2a: Wo-Chien|88\/100 psn|[from] psn\n|-damage|p2b: Hippowdon|76\/100 psn|[from] psn\n|-damage|p1a: Tyranitar|49\/100|[from] move: Sand Tomb|[partiallytrapped]\n|upkeep\n|turn|9\n|\n|t:|1683327281\n|move|p2a: Wo-Chien|Protect|p2a: Wo-Chien\n|-singleturn|p2a: Wo-Chien|Protect\n|move|p2b: Hippowdon|Protect|p2b: Hippowdon\n|-singleturn|p2b: Hippowdon|Protect\n|move|p1a: Tyranitar|Rock Slide|p2a: Wo-Chien|[spread] \n|-activate|p2a: Wo-Chien|move: Protect\n|-activate|p2b: Hippowdon|move: Protect\n|cant|p1b: Ting-Lu|slp\n|\n|-weather|Sandstorm|[upkeep]\n|-damage|p2a: Wo-Chien|82\/100 psn|[from] Sandstorm\n|-heal|p2a: Wo-Chien|88\/100 psn|[from] item: Leftovers\n|-heal|p1b: Ting-Lu|9\/100 slp|[from] item: Leftovers\n|-damage|p1a: Tyranitar|37\/100|[from] Leech Seed|[of] p2a: Wo-Chien\n|-heal|p2a: Wo-Chien|100\/100 psn|[silent]\n|-damage|p1b: Ting-Lu|0 fnt|[from] Leech Seed|[of] p2a: Wo-Chien\n|faint|p1b: Ting-Lu\n|-damage|p2a: Wo-Chien|88\/100 psn|[from] psn\n|-damage|p2b: Hippowdon|64\/100 psn|[from] psn\n|-damage|p1a: Tyranitar|25\/100|[from] move: Sand Tomb|[partiallytrapped]\n|upkeep\n|\n|t:|1683327285\n|switch|p1b: Garchomp|Garchomp, L50, M|100\/100\n|turn|10\n|-message|Raiden_DC forfeited.\n|\n|win|callmecatlord\n|raw|Raiden_DC's rating: 1255 → 1233<\/strong> (-22 for losing)\n|raw|callmecatlord's rating: 1301 → 1318<\/strong> (+17 for winning)\n|l|\u2606Raiden_DC\n","uploadtime":1683327774,"views":8,"p1id":"raidendc","p2id":"callmecatlord","formatid":"gen9vgc2023regulationc","rating":1233,"private":0,"password":""}