{"id":"gen9vgc2023regulationc-1863384533","p1":"redbaduserlad","p2":"JeddyBesr","format":"[Gen 9] VGC 2023 Regulation C","log":"|j|\u2606redbaduserlad\n|j|\u2606JeddyBesr\n|t:|1684010140\n|gametype|doubles\n|player|p1|redbaduserlad|cyclist-gen4|\n|player|p2|JeddyBesr|cynthia-gen4|\n|teamsize|p1|6\n|teamsize|p2|6\n|gen|9\n|tier|[Gen 9] VGC 2023 Regulation C\n|rule|Species Clause: Limit one of each Pok\u00e9mon\n|rule|Item Clause: Limit one of each item\n|clearpoke\n|poke|p1|Pelipper, L50, F|\n|poke|p1|Torkoal, L50, M|\n|poke|p1|Armarouge, L50, M|\n|poke|p1|Dugtrio, L50, F|\n|poke|p1|Hippowdon, L50, M|\n|poke|p1|Dragapult, L50, M|\n|poke|p2|Palafin, L50, M|\n|poke|p2|Amoonguss, L50, M|\n|poke|p2|Klefki, L50, F|\n|poke|p2|Annihilape, L50, F|\n|poke|p2|Ting-Lu, L50|\n|poke|p2|Dragonite, L50, M|\n|teampreview|4\n|\n|t:|1684010172\n|start\n|switch|p1a: Torkoal|Torkoal, L50, M|100\/100\n|switch|p1b: Armarouge|Armarouge, L50, M|100\/100\n|switch|p2a: Klefki|Klefki, L50, F|100\/100\n|switch|p2b: Annihilape|Annihilape, L50, F|100\/100\n|-weather|SunnyDay|[from] ability: Drought|[of] p1a: Torkoal\n|turn|1\n|\n|t:|1684010187\n|move|p1a: Torkoal|Helping Hand|p1b: Armarouge\n|-singleturn|p1b: Armarouge|Helping Hand|[of] p1a: Torkoal\n|move|p2b: Annihilape|Protect|p2b: Annihilape\n|-singleturn|p2b: Annihilape|Protect\n|move|p2a: Klefki|Light Screen|p2a: Klefki\n|-sidestart|p2: JeddyBesr|move: Light Screen\n|move|p1b: Armarouge|Heat Wave|p2a: Klefki|[spread] p2a\n|-activate|p2b: Annihilape|move: Protect\n|-supereffective|p2a: Klefki\n|-damage|p2a: Klefki|0 fnt\n|faint|p2a: Klefki\n|\n|-weather|SunnyDay|[upkeep]\n|upkeep\n|\n|t:|1684010193\n|switch|p2a: Ting-Lu|Ting-Lu, L50|100\/100\n|-ability|p2a: Ting-Lu|Vessel of Ruin\n|turn|2\n|\n|t:|1684010212\n|move|p1b: Armarouge|Calm Mind|p1b: Armarouge\n|-boost|p1b: Armarouge|spa|1\n|-boost|p1b: Armarouge|spd|1\n|move|p2b: Annihilape|Bulk Up|p2b: Annihilape\n|-boost|p2b: Annihilape|atk|1\n|-boost|p2b: Annihilape|def|1\n|move|p2a: Ting-Lu|Stomping Tantrum|p1b: Armarouge\n|-supereffective|p1b: Armarouge\n|-crit|p1b: Armarouge\n|-damage|p1b: Armarouge|10\/100\n|-ability|p1b: Armarouge|Weak Armor|boost\n|-unboost|p1b: Armarouge|def|1\n|-boost|p1b: Armarouge|spe|2\n|move|p1a: Torkoal|Earth Power|p2a: Ting-Lu\n|-damage|p2a: Ting-Lu|92\/100\n|\n|-weather|SunnyDay|[upkeep]\n|upkeep\n|turn|3\n|\n|t:|1684010236\n|move|p1a: Torkoal|Helping Hand|p1b: Armarouge\n|-singleturn|p1b: Armarouge|Helping Hand|[of] p1a: Torkoal\n|move|p2b: Annihilape|Protect|p2b: Annihilape\n|-singleturn|p2b: Annihilape|Protect\n|move|p1b: Armarouge|Heat Wave|p2a: Ting-Lu|[spread] p2a\n|-activate|p2b: Annihilape|move: Protect\n|-damage|p2a: Ting-Lu|34\/100\n|move|p2a: Ting-Lu|Stomping Tantrum|p1b: Armarouge\n|-supereffective|p1b: Armarouge\n|-damage|p1b: Armarouge|0 fnt\n|faint|p1b: Armarouge\n|\n|-weather|SunnyDay|[upkeep]\n|upkeep\n|\n|t:|1684010245\n|switch|p1b: Pelipper|Pelipper, L50, F|100\/100\n|-weather|RainDance|[from] ability: Drizzle|[of] p1b: Pelipper\n|turn|4\n|\n|t:|1684010272\n|switch|p2a: Palafin|Palafin, L50, M, shiny|100\/100\n|move|p2b: Annihilape|Rage Fist|p1b: Pelipper\n|-damage|p1b: Pelipper|68\/100\n|move|p1b: Pelipper|Hurricane|p2b: Annihilape\n|-supereffective|p2b: Annihilape\n|-damage|p2b: Annihilape|56\/100\n|-start|p2b: Annihilape|confusion\n|move|p1a: Torkoal|Clear Smog|p2b: Annihilape\n|-resisted|p2b: Annihilape\n|-damage|p2b: Annihilape|53\/100\n|-clearboost|p2b: Annihilape\n|\n|-weather|RainDance|[upkeep]\n|-heal|p2b: Annihilape|59\/100|[from] item: Leftovers\n|upkeep\n|turn|5\n|\n|t:|1684010289\n|detailschange|p2a: Palafin|Palafin-Hero, L50, M, shiny\n|switch|p2a: Ting-Lu|Ting-Lu, L50|34\/100\n|-ability|p2a: Ting-Lu|Vessel of Ruin\n|move|p1a: Torkoal|Helping Hand|p1b: Pelipper\n|-singleturn|p1b: Pelipper|Helping Hand|[of] p1a: Torkoal\n|-activate|p2b: Annihilape|confusion\n|-damage|p2b: Annihilape|44\/100|[from] confusion\n|move|p1b: Pelipper|Hurricane|p2b: Annihilape\n|-supereffective|p2b: Annihilape\n|-damage|p2b: Annihilape|0 fnt\n|faint|p2b: Annihilape\n|\n|-weather|RainDance|[upkeep]\n|upkeep\n|\n|t:|1684010298\n|switch|p2b: Palafin|Palafin-Hero, L50, M, shiny|100\/100\n|-activate|p2b: Palafin|ability: Zero to Hero\n|turn|6\n|\n|t:|1684010309\n|move|p1a: Torkoal|Helping Hand|p1b: Pelipper\n|-singleturn|p1b: Pelipper|Helping Hand|[of] p1a: Torkoal\n|move|p2b: Palafin|Protect|p2b: Palafin\n|-singleturn|p2b: Palafin|Protect\n|move|p1b: Pelipper|Surf|p2b: Palafin|[spread] p1a,p2a\n|-activate|p2b: Palafin|move: Protect\n|-supereffective|p1a: Torkoal\n|-supereffective|p2a: Ting-Lu\n|-damage|p1a: Torkoal|8\/100\n|-damage|p2a: Ting-Lu|0 fnt\n|faint|p2a: Ting-Lu\n|\n|-weather|RainDance|[upkeep]\n|-heal|p1a: Torkoal|14\/100|[from] item: Leftovers\n|upkeep\n|turn|7\n|\n|t:|1684010338\n|move|p1a: Torkoal|Helping Hand|p1b: Pelipper\n|-singleturn|p1b: Pelipper|Helping Hand|[of] p1a: Torkoal\n|move|p2b: Palafin|Wave Crash|p1b: Pelipper\n|-resisted|p1b: Pelipper\n|-damage|p1b: Pelipper|14\/100\n|-damage|p2b: Palafin|83\/100|[from] Recoil\n|-damage|p2b: Palafin|74\/100|[from] item: Life Orb\n|move|p1b: Pelipper|Icy Wind|p2b: Palafin\n|-resisted|p2b: Palafin\n|-damage|p2b: Palafin|66\/100\n|-unboost|p2b: Palafin|spe|1\n|\n|-weather|RainDance|[upkeep]\n|-heal|p1a: Torkoal|20\/100|[from] item: Leftovers\n|upkeep\n|turn|8\n|\n|t:|1684010351\n|move|p1a: Torkoal|Helping Hand|p1b: Pelipper\n|-singleturn|p1b: Pelipper|Helping Hand|[of] p1a: Torkoal\n|move|p2b: Palafin|Protect|p2b: Palafin\n|-singleturn|p2b: Palafin|Protect\n|move|p1b: Pelipper|Hurricane|p2b: Palafin\n|-activate|p2b: Palafin|move: Protect\n|\n|-weather|RainDance|[upkeep]\n|-heal|p1a: Torkoal|26\/100|[from] item: Leftovers\n|-sideend|p2: JeddyBesr|move: Light Screen\n|upkeep\n|turn|9\n|\n|t:|1684010366\n|move|p1a: Torkoal|Helping Hand|p1b: Pelipper\n|-singleturn|p1b: Pelipper|Helping Hand|[of] p1a: Torkoal\n|move|p2b: Palafin|Wave Crash|p1b: Pelipper\n|-resisted|p1b: Pelipper\n|-damage|p1b: Pelipper|0 fnt\n|faint|p1b: Pelipper\n|-damage|p2b: Palafin|62\/100|[from] Recoil\n|-damage|p2b: Palafin|52\/100|[from] item: Life Orb\n|\n|-weather|RainDance|[upkeep]\n|-heal|p1a: Torkoal|33\/100|[from] item: Leftovers\n|upkeep\n|\n|t:|1684010376\n|switch|p1b: Dragapult|Dragapult, L50, M|100\/100\n|turn|10\n|\n|t:|1684010383\n|-terastallize|p1b: Dragapult|Water\n|move|p1a: Torkoal|Helping Hand|p1b: Dragapult\n|-singleturn|p1b: Dragapult|Helping Hand|[of] p1a: Torkoal\n|move|p2b: Palafin|Jet Punch|p1a: Torkoal\n|-supereffective|p1a: Torkoal\n|-damage|p1a: Torkoal|0 fnt\n|faint|p1a: Torkoal\n|-damage|p2b: Palafin|42\/100|[from] item: Life Orb\n|move|p1b: Dragapult|Surf|p2b: Palafin\n|-resisted|p2b: Palafin\n|-damage|p2b: Palafin|0 fnt\n|faint|p2b: Palafin\n|\n|win|redbaduserlad\n|l|\u2606redbaduserlad\n|l|\u2606JeddyBesr\n|j|\u2606redbaduserlad\n|player|p1|redbaduserlad|cyclist-gen4\n","uploadtime":1684010402,"views":8,"p1id":"redbaduserlad","p2id":"jeddybesr","formatid":"gen9vgc2023regulationc","rating":0,"private":0,"password":""}