{"id":"gen9vgc2023regulationc-1847723680","p1":"King of Gambit","p2":"RowanRowan","format":"[Gen 9] VGC 2023 Regulation C","log":"|j|\u2606King of Gambit\n|j|\u2606RowanRowan\n|t:|1681996335\n|gametype|doubles\n|player|p1|King of Gambit|265|1454\n|player|p2|RowanRowan|266|1358\n|teamsize|p1|6\n|teamsize|p2|6\n|gen|9\n|tier|[Gen 9] VGC 2023 Regulation C\n|rated|\n|rule|Species Clause: Limit one of each Pok\u00e9mon\n|rule|Item Clause: Limit one of each item\n|clearpoke\n|poke|p1|Abomasnow, L50, F|\n|poke|p1|Iron Bundle, L50|\n|poke|p1|Tauros-Paldea-Aqua, L50, M|\n|poke|p1|Ceruledge, L50, F|\n|poke|p1|Maushold, L50|\n|poke|p1|Gholdengo, L50|\n|poke|p2|Talonflame, L50, M|\n|poke|p2|Brambleghast, L50, F|\n|poke|p2|Kilowattrel, L50, M|\n|poke|p2|Chien-Pao, L50|\n|poke|p2|Garchomp, L50, F|\n|poke|p2|Farigiraf, L50, M|\n|teampreview|4\n|inactive|Battle timer is ON: inactive players will automatically lose when time's up. (requested by RowanRowan)\n|\n|t:|1681996359\n|start\n|switch|p1a: Maushold|Maushold, L50|100\/100\n|switch|p1b: Gholdengo|Gholdengo, L50|100\/100\n|switch|p2a: Talonflame|Talonflame, L50, M|100\/100\n|switch|p2b: Kilowattrel|Kilowattrel, L50, M|100\/100\n|turn|1\n|\n|t:|1681996375\n|move|p1a: Maushold|Protect|p1a: Maushold\n|-singleturn|p1a: Maushold|Protect\n|move|p2a: Talonflame|Tailwind|p2a: Talonflame\n|-sidestart|p2: RowanRowan|move: Tailwind\n|-start|p2b: Kilowattrel|Charge|Tailwind|[from] ability: Wind Power\n|move|p2b: Kilowattrel|Discharge|p1a: Maushold|[spread] p2a,p1b\n|-activate|p1a: Maushold|move: Protect\n|-supereffective|p2a: Talonflame\n|-damage|p2a: Talonflame|0 fnt\n|-damage|p1b: Gholdengo|43\/100\n|faint|p2a: Talonflame\n|-end|p2b: Kilowattrel|Charge|[silent]\n|move|p1b: Gholdengo|Shadow Ball|p2b: Kilowattrel\n|-damage|p2b: Kilowattrel|34\/100\n|-unboost|p2b: Kilowattrel|spd|1\n|\n|-heal|p1b: Gholdengo|49\/100|[from] item: Leftovers\n|upkeep\n|\n|t:|1681996388\n|switch|p2a: Chien-Pao|Chien-Pao, L50|100\/100\n|-ability|p2a: Chien-Pao|Sword of Ruin\n|turn|2\n|\n|t:|1681996406\n|switch|p1a: Abomasnow|Abomasnow, L50, F|100\/100\n|-weather|Snow|[from] ability: Snow Warning|[of] p1a: Abomasnow\n|move|p2a: Chien-Pao|Protect|p2a: Chien-Pao\n|-singleturn|p2a: Chien-Pao|Protect\n|move|p1b: Gholdengo|Protect|p1b: Gholdengo\n|-singleturn|p1b: Gholdengo|Protect\n|move|p2b: Kilowattrel|Discharge|p1a: Abomasnow|[spread] p1a\n|-activate|p2a: Chien-Pao|move: Protect\n|-activate|p1b: Gholdengo|move: Protect\n|-resisted|p1a: Abomasnow\n|-damage|p1a: Abomasnow|76\/100\n|\n|-weather|Snow|[upkeep]\n|-heal|p1b: Gholdengo|56\/100|[from] item: Leftovers\n|upkeep\n|turn|3\n|\n|t:|1681996426\n|switch|p2b: Brambleghast|Brambleghast, L50, F|100\/100\n|-ability|p2b: Brambleghast|Wind Rider|boost\n|-boost|p2b: Brambleghast|atk|1\n|move|p2a: Chien-Pao|Throat Chop|p1b: Gholdengo\n|-supereffective|p1b: Gholdengo\n|-damage|p1b: Gholdengo|0 fnt\n|faint|p1b: Gholdengo\n|-damage|p2a: Chien-Pao|91\/100|[from] item: Life Orb\n|move|p1a: Abomasnow|Blizzard|p2a: Chien-Pao|[spread] p2a\n|-ability|p2b: Brambleghast|Wind Rider|boost\n|-boost|p2b: Brambleghast|atk|1\n|-resisted|p2a: Chien-Pao\n|-damage|p2a: Chien-Pao|60\/100\n|\n|-weather|Snow|[upkeep]\n|upkeep\n|\n|t:|1681996447\n|switch|p1b: Maushold|Maushold, L50|100\/100\n|turn|4\n|\n|t:|1681996464\n|move|p2a: Chien-Pao|Protect|p2a: Chien-Pao\n|-singleturn|p2a: Chien-Pao|Protect\n|move|p2b: Brambleghast|Protect|p2b: Brambleghast\n|-singleturn|p2b: Brambleghast|Protect\n|move|p1b: Maushold|Protect|p1b: Maushold\n|-singleturn|p1b: Maushold|Protect\n|move|p1a: Abomasnow|Aurora Veil|p1a: Abomasnow\n|-sidestart|p1: King of Gambit|move: Aurora Veil\n|\n|-weather|Snow|[upkeep]\n|-sideend|p2: RowanRowan|move: Tailwind\n|upkeep\n|turn|5\n|\n|t:|1681996489\n|move|p2a: Chien-Pao|Sacred Sword|p1b: Maushold\n|-supereffective|p1b: Maushold\n|-damage|p1b: Maushold|0 fnt\n|faint|p1b: Maushold\n|-damage|p2a: Chien-Pao|50\/100|[from] item: Life Orb\n|move|p2b: Brambleghast|Power Whip|p1a: Abomasnow\n|-resisted|p1a: Abomasnow\n|-damage|p1a: Abomasnow|33\/100\n|move|p1a: Abomasnow|Giga Drain|p2a: Chien-Pao\n|-damage|p2a: Chien-Pao|0 fnt\n|-heal|p1a: Abomasnow|53\/100|[from] drain|[of] p2a: Chien-Pao\n|faint|p2a: Chien-Pao\n|\n|-weather|Snow|[upkeep]\n|upkeep\n|\n|t:|1681996501\n|switch|p2a: Kilowattrel|Kilowattrel, L50, M|34\/100\n|switch|p1b: Iron Bundle|Iron Bundle, L50|100\/100\n|turn|6\n|\n|t:|1681996512\n|-terastallize|p1b: Iron Bundle|Ice\n|-terastallize|p2b: Brambleghast|Ghost\n|move|p2b: Brambleghast|Shadow Sneak|p1b: Iron Bundle\n|-damage|p1b: Iron Bundle|74\/100\n|move|p1b: Iron Bundle|Freeze-Dry|p2b: Brambleghast\n|-enditem|p2b: Brambleghast|Focus Sash\n|-damage|p2b: Brambleghast|1\/100\n|move|p2a: Kilowattrel|Air Slash|p1a: Abomasnow\n|-supereffective|p1a: Abomasnow\n|-damage|p1a: Abomasnow|0 fnt\n|faint|p1a: Abomasnow\n|\n|-weather|none\n|upkeep\n|turn|7\n|\n|t:|1681996530\n|move|p1b: Iron Bundle|Freeze-Dry|p2a: Kilowattrel\n|-supereffective|p2a: Kilowattrel\n|-damage|p2a: Kilowattrel|0 fnt\n|faint|p2a: Kilowattrel\n|move|p2b: Brambleghast|Tera Blast|p1b: Iron Bundle\n|-damage|p1b: Iron Bundle|0 fnt\n|faint|p1b: Iron Bundle\n|-end|p1b: Iron Bundle|Quark Drive|[silent]\n|\n|win|RowanRowan\n|raw|King of Gambit's rating: 1454 → 1429<\/strong> (-25 for losing)\n|raw|RowanRowan's rating: 1358 → 1383<\/strong> (+25 for winning)\n|l|\u2606King of Gambit\n","uploadtime":1681996539,"views":7,"p1id":"kingofgambit","p2id":"rowanrowan","formatid":"gen9vgc2023regulationc","rating":1383,"private":0,"password":""}