{"id":"gen9vgc2023regulationc-1854421776","p1":"setupmovesR4noobs","p2":"Disobedient_vgc","format":"[Gen 9] VGC 2023 Regulation C","log":"|j|\u2606setupmovesR4noobs\n|j|\u2606Disobedient_vgc\n|t:|1682808822\n|gametype|doubles\n|player|p1|setupmovesR4noobs|266|1148\n|player|p2|Disobedient_vgc|palmer|1155\n|teamsize|p1|6\n|teamsize|p2|6\n|gen|9\n|tier|[Gen 9] VGC 2023 Regulation C\n|rated|\n|rule|Species Clause: Limit one of each Pok\u00e9mon\n|rule|Item Clause: Limit one of each item\n|clearpoke\n|poke|p1|Armarouge, L50, M|\n|poke|p1|Dragapult, L50, F|\n|poke|p1|Indeedee-F, L50, F|\n|poke|p1|Azumarill, L50, F|\n|poke|p1|Meowscarada, L50, M|\n|poke|p1|Flutter Mane, L50|\n|poke|p2|Ting-Lu, L50|\n|poke|p2|Abomasnow, L50, M|\n|poke|p2|Flutter Mane, L50|\n|poke|p2|Iron Hands, L50|\n|poke|p2|Bronzong, L50|\n|poke|p2|Arcanine, L50, M|\n|teampreview|4\nDisobedient_vgc rejected open team sheets.\n|\n|t:|1682808853\n|start\n|switch|p1a: Armarouge|Armarouge, L50, M|100\/100\n|switch|p1b: Dragapult|Dragapult, L50, F|100\/100\n|switch|p2a: Bronzong|Bronzong, L50|100\/100\n|switch|p2b: Iron Hands|Iron Hands, L50|100\/100\n|turn|1\n|\n|t:|1682808870\n|-terastallize|p1a: Armarouge|Psychic\n|move|p2b: Iron Hands|Fake Out|p1a: Armarouge\n|-damage|p1a: Armarouge|82\/100\n|-ability|p1a: Armarouge|Weak Armor|boost\n|-unboost|p1a: Armarouge|def|1\n|-boost|p1a: Armarouge|spe|2\n|cant|p1a: Armarouge|flinch\n|move|p1b: Dragapult|U-turn|p1a: Armarouge\n|-supereffective|p1a: Armarouge\n|-damage|p1a: Armarouge|32\/100\n|-ability|p1a: Armarouge|Weak Armor|boost\n|-unboost|p1a: Armarouge|def|1\n|-boost|p1a: Armarouge|spe|2\n|-enditem|p1a: Armarouge|Weakness Policy\n|-boost|p1a: Armarouge|atk|2|[from] item: Weakness Policy\n|-boost|p1a: Armarouge|spa|2|[from] item: Weakness Policy\n|\n|t:|1682808886\n|switch|p1b: Indeedee|Indeedee-F, L50, F|100\/100|[from] U-turn\n|-fieldstart|move: Psychic Terrain|[from] ability: Psychic Surge|[of] p1b: Indeedee\n|-enditem|p1b: Indeedee|Psychic Seed\n|-boost|p1b: Indeedee|spd|1|[from] item: Psychic Seed\n|move|p2a: Bronzong|Trick Room|p2a: Bronzong\n|-fieldstart|move: Trick Room|[of] p2a: Bronzong\n|\n|upkeep\n|turn|2\n|\n|t:|1682808913\n|move|p2a: Bronzong|Safeguard|p2a: Bronzong\n|-sidestart|p2: Disobedient_vgc|Safeguard\n|move|p2b: Iron Hands|Wild Charge|p1a: Armarouge\n|-damage|p1a: Armarouge|0 fnt\n|faint|p1a: Armarouge\n|-damage|p2b: Iron Hands|95\/100|[from] Recoil\n|move|p1b: Indeedee|Dazzling Gleam|p2b: Iron Hands|[spread] p2a,p2b\n|-resisted|p2a: Bronzong\n|-supereffective|p2b: Iron Hands\n|-damage|p2a: Bronzong|95\/100\n|-damage|p2b: Iron Hands|81\/100\n|\n|upkeep\n|\n|t:|1682808926\n|switch|p1a: Flutter Mane|Flutter Mane, L50|100\/100\n|-enditem|p1a: Flutter Mane|Booster Energy\n|-activate|p1a: Flutter Mane|ability: Protosynthesis|[fromitem]\n|-start|p1a: Flutter Mane|protosynthesisspa\n|turn|3\n|\n|t:|1682808946\n|move|p1b: Indeedee|Follow Me|p1b: Indeedee\n|-singleturn|p1b: Indeedee|move: Follow Me\n|move|p2a: Bronzong|Gyro Ball|p1b: Indeedee\n|-damage|p1b: Indeedee|71\/100\n|move|p2b: Iron Hands|Wild Charge|p1b: Indeedee\n|-damage|p1b: Indeedee|10\/100\n|-damage|p2b: Iron Hands|71\/100|[from] Recoil\n|move|p1a: Flutter Mane|Moonblast|p2b: Iron Hands\n|-supereffective|p2b: Iron Hands\n|-damage|p2b: Iron Hands|2\/100\n|\n|upkeep\n|turn|4\n|\n|t:|1682808968\n|-end|p2b: Iron Hands|Quark Drive|[silent]\n|switch|p2b: Abomasnow|Abomasnow, L50, M|100\/100\n|-weather|Snow|[from] ability: Snow Warning|[of] p2b: Abomasnow\n|move|p2a: Bronzong|Gyro Ball|p1a: Flutter Mane\n|-supereffective|p1a: Flutter Mane\n|-damage|p1a: Flutter Mane|0 fnt\n|faint|p1a: Flutter Mane\n|-end|p1a: Flutter Mane|Protosynthesis|[silent]\n|move|p1b: Indeedee|Dazzling Gleam|p2a: Bronzong|[spread] p2a,p2b\n|-resisted|p2a: Bronzong\n|-damage|p2a: Bronzong|89\/100\n|-damage|p2b: Abomasnow|86\/100\n|\n|-weather|Snow|[upkeep]\n|upkeep\n|\n|t:|1682808987\n|switch|p1a: Dragapult|Dragapult, L50, F|100\/100\n|turn|5\n|\n|t:|1682809001\n|move|p1b: Indeedee|Follow Me|p1b: Indeedee\n|-singleturn|p1b: Indeedee|move: Follow Me\n|move|p2a: Bronzong|Gyro Ball|p1b: Indeedee\n|-damage|p1b: Indeedee|0 fnt\n|faint|p1b: Indeedee\n|move|p2b: Abomasnow|Blizzard|p1a: Dragapult\n|-supereffective|p1a: Dragapult\n|-enditem|p1a: Dragapult|Focus Sash\n|-damage|p1a: Dragapult|1\/100\n|move|p1a: Dragapult|Flamethrower|p2b: Abomasnow\n|-supereffective|p2b: Abomasnow\n|-damage|p2b: Abomasnow|0 fnt\n|faint|p2b: Abomasnow\n|\n|-weather|Snow|[upkeep]\n|-fieldend|move: Trick Room\n|-fieldend|move: Psychic Terrain\n|upkeep\n|\n|t:|1682809017\n|switch|p2b: Ting-Lu|Ting-Lu, L50|100\/100\n|-ability|p2b: Ting-Lu|Vessel of Ruin\n|turn|6\n|\n|t:|1682809029\n|-terastallize|p2a: Bronzong|Fire\n|move|p1a: Dragapult|Flamethrower|p2a: Bronzong\n|-resisted|p2a: Bronzong\n|-damage|p2a: Bronzong|82\/100\n|move|p2b: Ting-Lu|Throat Chop|p1a: Dragapult\n|-supereffective|p1a: Dragapult\n|-damage|p1a: Dragapult|0 fnt\n|faint|p1a: Dragapult\n|\n|win|Disobedient_vgc\n|raw|setupmovesR4noobs's rating: 1148 → 1124<\/strong> (-24 for losing)\n|raw|Disobedient_vgc's rating: 1155 → 1179<\/strong> (+24 for winning)\n","uploadtime":1682809048,"views":19,"p1id":"setupmovesr4noobs","p2id":"disobedientvgc","formatid":"gen9vgc2023regulationc","rating":1124,"private":0,"password":""}