{"id":"gen9vgc2023regulationc-1858569070","p1":"judevgc","p2":"Tr1pl3-33","format":"[Gen 9] VGC 2023 Regulation C","log":"|j|\u2606judevgc\n|j|\u2606Tr1pl3-33\n|t:|1683326520\n|gametype|doubles\n|player|p1|judevgc|102|\n|player|p2|Tr1pl3-33|cynthia-gen4|\n|teamsize|p1|6\n|teamsize|p2|6\n|gen|9\n|tier|[Gen 9] VGC 2023 Regulation C\n|rule|Species Clause: Limit one of each Pok\u00e9mon\n|rule|Item Clause: Limit one of each item\n|clearpoke\n|poke|p1|Roaring Moon, L50|\n|poke|p1|Eelektross, L50, F|\n|poke|p1|Glimmora, L50, F|\n|poke|p1|Armarouge, L50, F|\n|poke|p1|Indeedee-F, L50, F|\n|poke|p1|Brambleghast, L50, M|\n|poke|p2|Flutter Mane, L50|\n|poke|p2|Scizor, L50, F|\n|poke|p2|Krookodile, L50, F|\n|poke|p2|Toxtricity-Low-Key, L50, F|\n|poke|p2|Spiritomb, L50, M|\n|poke|p2|Floatzel, L50, F|\n|teampreview|4\n|j| eshe0\njudevgc rejected open team sheets.\n|c|\u2606judevgc|g2\n|c|\u2606judevgc|glhf\n|c| eshe0|fear me, for I have become death, the destroyer of worlds\n|j| StaxRigatoniDL\n|c| StaxRigatoniDL|- eelektross\n|\n|t:|1683326916\n|start\n|switch|p1a: Indeedee|Indeedee-F, L50, F|100\/100\n|switch|p1b: Eelektross|Eelektross, L50, F|100\/100\n|switch|p2a: I cant swim|Floatzel, L50, F|100\/100\n|switch|p2b: Aldi Genie Lamp|Spiritomb, L50, M|100\/100\n|-fieldstart|move: Psychic Terrain|[from] ability: Psychic Surge|[of] p1a: Indeedee\n|-enditem|p1a: Indeedee|Psychic Seed\n|-boost|p1a: Indeedee|spd|1|[from] item: Psychic Seed\n|-ability|p2b: Aldi Genie Lamp|Pressure\n|turn|1\n|\n|t:|1683326981\n|move|p2b: Aldi Genie Lamp|Ally Switch|p2b: Aldi Genie Lamp\n|swap|p2b: Aldi Genie Lamp|0|[from] move: Ally Switch\n|move|p2b: I cant swim|Ice Spinner|p1a: Indeedee\n|-crit|p1a: Indeedee\n|-damage|p1a: Indeedee|61\/100\n|-fieldend|move: Psychic Terrain\n|move|p1b: Eelektross|Giga Drain|p2a: Aldi Genie Lamp\n|-damage|p2a: Aldi Genie Lamp|81\/100\n|move|p1a: Indeedee|Trick Room|p1a: Indeedee\n|-fieldstart|move: Trick Room|[of] p1a: Indeedee\n|\n|upkeep\n|turn|2\n|\n|t:|1683327012\n|switch|p2b: Let him krook|Krookodile, L50, F|100\/100\n|-ability|p2b: Let him krook|Intimidate|boost\n|-unboost|p1a: Indeedee|atk|1\n|-unboost|p1b: Eelektross|atk|1\n|move|p2a: Aldi Genie Lamp|Sucker Punch|p1b: Eelektross\n|-crit|p1b: Eelektross\n|-damage|p1b: Eelektross|66\/100\n|move|p1b: Eelektross|Thunderbolt|p2b: Let him krook\n|-immune|p2b: Let him krook\n|move|p1a: Indeedee|Dazzling Gleam|p2a: Aldi Genie Lamp|[spread] p2a,p2b\n|-supereffective|p2a: Aldi Genie Lamp\n|-supereffective|p2b: Let him krook\n|-damage|p2a: Aldi Genie Lamp|58\/100\n|-damage|p2b: Let him krook|78\/100\n|\n|upkeep\n|turn|3\n|\n|t:|1683327066\n|-terastallize|p1a: Indeedee|Fairy\n|move|p2b: Let him krook|Protect|p2b: Let him krook\n|-singleturn|p2b: Let him krook|Protect\n|move|p2a: Aldi Genie Lamp|Sucker Punch|p1b: Eelektross\n|-damage|p1b: Eelektross|43\/100\n|move|p1b: Eelektross|Giga Drain|p2b: Let him krook\n|-activate|p2b: Let him krook|move: Protect\n|move|p1a: Indeedee|Dazzling Gleam|p2b: Let him krook|[spread] p2a\n|-activate|p2b: Let him krook|move: Protect\n|-supereffective|p2a: Aldi Genie Lamp\n|-damage|p2a: Aldi Genie Lamp|27\/100\n|\n|upkeep\n|turn|4\n|\n|t:|1683327107\n|move|p2a: Aldi Genie Lamp|Sucker Punch|p1b: Eelektross\n|-damage|p1b: Eelektross|17\/100\n|move|p1b: Eelektross|Giga Drain|p2b: Let him krook\n|-supereffective|p2b: Let him krook\n|-damage|p2b: Let him krook|39\/100\n|-heal|p1b: Eelektross|37\/100|[from] drain|[of] p2b: Let him krook\n|move|p1a: Indeedee|Dazzling Gleam|p2b: Let him krook|[spread] p2a,p2b\n|-supereffective|p2a: Aldi Genie Lamp\n|-supereffective|p2b: Let him krook\n|-damage|p2a: Aldi Genie Lamp|0 fnt\n|-damage|p2b: Let him krook|3\/100\n|faint|p2a: Aldi Genie Lamp\n|move|p2b: Let him krook|Crunch|p1b: Eelektross\n|-damage|p1b: Eelektross|0 fnt\n|faint|p1b: Eelektross\n|-damage|p2b: Let him krook|0 fnt|[from] item: Life Orb\n|faint|p2b: Let him krook\n|\n|upkeep\n|\n|t:|1683327156\n|switch|p2a: I cant swim|Floatzel, L50, F|100\/100\n|switch|p1b: Armarouge|Armarouge, L50, F|100\/100\n|switch|p2b: EmoKid85|Flutter Mane, L50|100\/100\n|turn|5\n|c| eshe0|gaming moment incoming?\n|c| StaxRigatoniDL|we shall see\n|\n|t:|1683327238\n|-terastallize|p2b: EmoKid85|Dark\n|move|p1a: Indeedee|Helping Hand|p1b: Armarouge\n|-singleturn|p1b: Armarouge|Helping Hand|[of] p1a: Indeedee\n|move|p1b: Armarouge|Psyshock|p2b: EmoKid85\n|-immune|p2b: EmoKid85\n|move|p2b: EmoKid85|Shadow Ball|p1b: Armarouge\n|-supereffective|p1b: Armarouge\n|-damage|p1b: Armarouge|0 fnt\n|faint|p1b: Armarouge\n|move|p2a: I cant swim|Crunch|p1a: Indeedee\n|-resisted|p1a: Indeedee\n|-damage|p1a: Indeedee|47\/100\n|\n|-fieldend|move: Trick Room\n|upkeep\n|\n|t:|1683327244\n|switch|p1b: Glimmora|Glimmora, L50, F|100\/100\n|turn|6\n|c| eshe0|gaming moment incoming\n|c| StaxRigatoniDL|gaming moment indeed\n|\n|t:|1683327281\n|move|p1a: Indeedee|Follow Me|p1a: Indeedee\n|-singleturn|p1a: Indeedee|move: Follow Me\n|move|p2a: I cant swim|Crunch|p1a: Indeedee\n|-resisted|p1a: Indeedee\n|-damage|p1a: Indeedee|34\/100\n|move|p2b: EmoKid85|Energy Ball|p1a: Indeedee\n|-damage|p1a: Indeedee|14\/100\n|move|p1b: Glimmora|Energy Ball|p2a: I cant swim\n|-supereffective|p2a: I cant swim\n|-damage|p2a: I cant swim|0 fnt\n|faint|p2a: I cant swim\n|\n|upkeep\n|turn|7\n|\n|t:|1683327318\n|move|p2b: EmoKid85|Energy Ball|p1a: Indeedee\n|-damage|p1a: Indeedee|0 fnt\n|faint|p1a: Indeedee\n|move|p1b: Glimmora|Sludge Bomb|p2b: EmoKid85\n|-damage|p2b: EmoKid85|52\/100\n|-status|p2b: EmoKid85|psn\n|\n|-damage|p2b: EmoKid85|40\/100 psn|[from] psn\n|upkeep\n|turn|8\n|\n|t:|1683327329\n|move|p2b: EmoKid85|Energy Ball|p1b: Glimmora\n|-damage|p1b: Glimmora|69\/100\n|move|p1b: Glimmora|Sludge Bomb|p2b: EmoKid85\n|-damage|p2b: EmoKid85|0 fnt\n|faint|p2b: EmoKid85\n|-end|p2b: EmoKid85|Protosynthesis|[silent]\n|\n|win|judevgc\n|c| eshe0|gg\n|c|\u2606judevgc|gg\n|c|\u2606Tr1pl3-33|b ig poison\n|c|\u2606Tr1pl3-33|gg\n|c| eshe0|trip\n|c|\u2606judevgc|had sitrus\n|c| eshe0|you wanted a roster change, didn't you?\n|c|\u2606Tr1pl3-33|yea\n|c| eshe0|like you made a transaction\n|c| eshe0|kk\n|c| eshe0|i'll change that rn\n|c|\u2606Tr1pl3-33|i sent it in transactions on monday i think\\\n|l| StaxRigatoniDL\n","uploadtime":1683327603,"views":7,"p1id":"judevgc","p2id":"tr1pl333","formatid":"gen9vgc2023regulationc","rating":0,"private":0,"password":""}