{"id":"gen9vgc2023regulationc-1860961770","p1":"MangledGalah","p2":"Jop Unreliable","format":"[Gen 9] VGC 2023 Regulation C","log":"|j|\u2606MangledGalah\n|j|\u2606Jop Unreliable\n|t:|1683703764\n|gametype|doubles\n|player|p1|MangledGalah|101|1122\n|player|p2|Jop Unreliable|lillie|1043\n|teamsize|p1|6\n|teamsize|p2|6\n|gen|9\n|tier|[Gen 9] VGC 2023 Regulation C\n|rated|\n|rule|Species Clause: Limit one of each Pok\u00e9mon\n|rule|Item Clause: Limit one of each item\n|clearpoke\n|poke|p1|Ceruledge, L50, F|\n|poke|p1|Hatterene, L50, F|\n|poke|p1|Kingambit, L50, M|\n|poke|p1|Wo-Chien, L50|\n|poke|p1|Abomasnow, L50, F|\n|poke|p1|Maushold-Four, L50|\n|poke|p2|Kingambit, L50, F|\n|poke|p2|Torkoal, L50, M|\n|poke|p2|Flutter Mane, L50|\n|poke|p2|Jumpluff, L50, F|\n|poke|p2|Great Tusk, L50|\n|poke|p2|Chien-Pao, L50|\n|teampreview|4\n|\n|t:|1683703798\n|start\n|switch|p1a: Wo-Chien|Wo-Chien, L50|100\/100\n|switch|p1b: Hatterene|Hatterene, L50, F|100\/100\n|switch|p2a: Kingambit|Kingambit, L50, F|100\/100\n|switch|p2b: Chien-Pao|Chien-Pao, L50|100\/100\n|-ability|p2b: Chien-Pao|Sword of Ruin\n|-ability|p1a: Wo-Chien|Tablets of Ruin\n|turn|1\n|inactive|Battle timer is ON: inactive players will automatically lose when time's up. (requested by Jop Unreliable)\n|\n|t:|1683703822\n|-terastallize|p1a: Wo-Chien|Water\n|move|p2b: Chien-Pao|Ice Spinner|p1b: Hatterene\n|-damage|p1b: Hatterene|54\/100\n|move|p2a: Kingambit|Iron Head|p1b: Hatterene\n|-supereffective|p1b: Hatterene\n|-damage|p1b: Hatterene|0 fnt\n|faint|p1b: Hatterene\n|move|p1a: Wo-Chien|Leech Seed|p2b: Chien-Pao\n|-start|p2b: Chien-Pao|move: Leech Seed\n|\n|-damage|p2b: Chien-Pao|88\/100|[from] Leech Seed|[of] p1a: Wo-Chien\n|upkeep\n|\n|t:|1683703827\n|switch|p1b: Ceruledge|Ceruledge, L50, F|100\/100\n|turn|2\n|\n|t:|1683703842\n|-terastallize|p2a: Kingambit|Fire\n|move|p2b: Chien-Pao|Taunt|p1a: Wo-Chien\n|-start|p1a: Wo-Chien|move: Taunt\n|move|p1b: Ceruledge|Bitter Blade|p2b: Chien-Pao\n|-supereffective|p2b: Chien-Pao\n|-damage|p2b: Chien-Pao|0 fnt\n|faint|p2b: Chien-Pao\n|move|p2a: Kingambit|Kowtow Cleave|p1b: Ceruledge\n|-supereffective|p1b: Ceruledge\n|-damage|p1b: Ceruledge|14\/100\n|move|p1a: Wo-Chien|Pollen Puff|p1b: Ceruledge\n|-heal|p1b: Ceruledge|64\/100\n|\n|upkeep\n|\n|t:|1683703859\n|switch|p2b: Great Tusk|Great Tusk, L50|100\/100\n|turn|3\n|\n|t:|1683703875\n|move|p1b: Ceruledge|Protect|p1b: Ceruledge\n|-singleturn|p1b: Ceruledge|Protect\n|move|p2a: Kingambit|Sucker Punch||[still]\n|-fail|p2a: Kingambit\n|move|p2b: Great Tusk|Headlong Rush|p1a: Wo-Chien\n|-damage|p1a: Wo-Chien|69\/100\n|-unboost|p2b: Great Tusk|def|1\n|-unboost|p2b: Great Tusk|spd|1\n|move|p1a: Wo-Chien|Foul Play|p2a: Kingambit\n|-damage|p2a: Kingambit|57\/100\n|\n|-heal|p1a: Wo-Chien|75\/100|[from] item: Leftovers\n|upkeep\n|turn|4\n|inactive|MangledGalah has 30 seconds left.\n|inactive|Jop Unreliable has 30 seconds left.\n|\n|t:|1683703903\n|switch|p1b: Abomasnow|Abomasnow, L50, F|100\/100\n|-weather|Snow|[from] ability: Snow Warning|[of] p1b: Abomasnow\n|move|p2b: Great Tusk|Headlong Rush|p1b: Abomasnow\n|-resisted|p1b: Abomasnow\n|-damage|p1b: Abomasnow|85\/100\n|-unboost|p2b: Great Tusk|def|1\n|-unboost|p2b: Great Tusk|spd|1\n|move|p2a: Kingambit|Kowtow Cleave|p1a: Wo-Chien\n|-damage|p1a: Wo-Chien|47\/100\n|move|p1a: Wo-Chien|Foul Play|p2a: Kingambit\n|-damage|p2a: Kingambit|16\/100\n|\n|-weather|Snow|[upkeep]\n|-heal|p1a: Wo-Chien|53\/100|[from] item: Leftovers\n|-end|p1a: Wo-Chien|move: Taunt\n|upkeep\n|turn|5\n|\n|t:|1683703923\n|switch|p1b: Ceruledge|Ceruledge, L50, F|64\/100\n|move|p2b: Great Tusk|Headlong Rush|p1a: Wo-Chien\n|-damage|p1a: Wo-Chien|17\/100\n|-unboost|p2b: Great Tusk|def|1\n|-unboost|p2b: Great Tusk|spd|1\n|move|p2a: Kingambit|Kowtow Cleave|p1a: Wo-Chien\n|-damage|p1a: Wo-Chien|0 fnt\n|faint|p1a: Wo-Chien\n|\n|-weather|Snow|[upkeep]\n|upkeep\n|\n|t:|1683703934\n|switch|p1a: Abomasnow|Abomasnow, L50, F|85\/100\n|turn|6\n|\n|t:|1683703941\n|move|p1b: Ceruledge|Shadow Sneak|p2b: Great Tusk\n|-damage|p2b: Great Tusk|64\/100\n|move|p2b: Great Tusk|Headlong Rush|p1b: Ceruledge\n|-supereffective|p1b: Ceruledge\n|-damage|p1b: Ceruledge|0 fnt\n|-unboost|p2b: Great Tusk|def|1\n|-unboost|p2b: Great Tusk|spd|1\n|faint|p1b: Ceruledge\n|move|p2a: Kingambit|Tera Blast|p1a: Abomasnow\n|-supereffective|p1a: Abomasnow\n|-damage|p1a: Abomasnow|0 fnt\n|faint|p1a: Abomasnow\n|\n|win|Jop Unreliable\n|raw|MangledGalah's rating: 1098 → 1069<\/strong> (-29 for losing)\n|raw|Jop Unreliable's rating: 1043 → 1082<\/strong> (+39 for winning)\n|l|\u2606MangledGalah\n","uploadtime":1683703953,"views":11,"p1id":"mangledgalah","p2id":"jopunreliable","formatid":"gen9vgc2023regulationc","rating":1069,"private":0,"password":""}