{"id":"gen9vgc2023regulationc-1850536932","p1":"LeakySoups","p2":"Kelvinatur7","format":"[Gen 9] VGC 2023 Regulation C","log":"|j|\u2606LeakySoups\n|j|\u2606Kelvinatur7\n|t:|1682346716\n|gametype|doubles\n|player|p1|LeakySoups|2|1038\n|player|p2|Kelvinatur7|2|1019\n|teamsize|p1|6\n|teamsize|p2|6\n|gen|9\n|tier|[Gen 9] VGC 2023 Regulation C\n|rated|\n|rule|Species Clause: Limit one of each Pok\u00e9mon\n|rule|Item Clause: Limit one of each item\n|clearpoke\n|poke|p1|Palafin, L50, M|\n|poke|p1|Flutter Mane, L50|\n|poke|p1|Brute Bonnet, L50|\n|poke|p1|Arcanine, L50, M|\n|poke|p1|Iron Hands, L50|\n|poke|p1|Glimmora, L50, F|\n|poke|p2|Chien-Pao, L50|\n|poke|p2|Florges-Yellow, L50, F|\n|poke|p2|Iron Hands, L50|\n|poke|p2|Gyarados, L50, M|\n|poke|p2|Gengar, L50, M|\n|poke|p2|Dragonite, L50, F|\n|teampreview|4\n|inactive|Battle timer is ON: inactive players will automatically lose when time's up. (requested by Kelvinatur7)\nKelvinatur7 rejected open team sheets.\n|inactive|LeakySoups has 60 seconds left.\n|\n|t:|1682346767\n|start\n|switch|p1a: Arcanine|Arcanine, L50, M|100\/100\n|switch|p1b: Brute Bonnet|Brute Bonnet, L50, shiny|100\/100\n|switch|p2a: Chien-Pao|Chien-Pao, L50|100\/100\n|switch|p2b: Dragonite|Dragonite, L50, F, shiny|100\/100\n|-ability|p2a: Chien-Pao|Sword of Ruin\n|-ability|p1a: Arcanine|Intimidate|boost\n|-unboost|p2a: Chien-Pao|atk|1\n|-unboost|p2b: Dragonite|atk|1\n|turn|1\n|inactive|LeakySoups has 30 seconds left.\n|inactive|LeakySoups has 20 seconds left.\n|\n|t:|1682346806\n|-terastallize|p2b: Dragonite|Normal\n|-terastallize|p1b: Brute Bonnet|Poison\n|move|p2a: Chien-Pao|Haze|p2a: Chien-Pao\n|-clearallboost\n|move|p1a: Arcanine|Snarl|p2b: Dragonite|[spread] p2a,p2b\n|-resisted|p2a: Chien-Pao\n|-damage|p2a: Chien-Pao|93\/100\n|-damage|p2b: Dragonite|96\/100\n|-unboost|p2a: Chien-Pao|spa|1\n|-unboost|p2b: Dragonite|spa|1\n|move|p2b: Dragonite|Ice Spinner|p1b: Brute Bonnet\n|-damage|p1b: Brute Bonnet|63\/100\n|move|p1b: Brute Bonnet|Spore|p2a: Chien-Pao\n|-status|p2a: Chien-Pao|slp|[from] move: Spore\n|\n|upkeep\n|turn|2\n|inactive|LeakySoups has 30 seconds left.\n|inactive|Kelvinatur7 has 30 seconds left.\n|\n|t:|1682346835\n|switch|p1a: Iron Hands|Iron Hands, L50, shiny|100\/100\n|move|p2b: Dragonite|Extreme Speed|p1b: Brute Bonnet\n|-damage|p1b: Brute Bonnet|3\/100\n|cant|p2a: Chien-Pao|slp\n|move|p1b: Brute Bonnet|Sucker Punch||[still]\n|-fail|p1b: Brute Bonnet\n|\n|upkeep\n|turn|3\n|\n|t:|1682346856\n|switch|p2b: Gengar|Gengar, L50, M|100\/100\n|-end|p1a: Iron Hands|Quark Drive|[silent]\n|switch|p1a: Flutter Mane|Flutter Mane, L50, shiny|100\/100\n|-enditem|p1a: Flutter Mane|Booster Energy\n|-activate|p1a: Flutter Mane|ability: Protosynthesis|[fromitem]\n|-start|p1a: Flutter Mane|protosynthesisspe\n|move|p1b: Brute Bonnet|Protect|p1b: Brute Bonnet\n|-singleturn|p1b: Brute Bonnet|Protect\n|cant|p2a: Chien-Pao|slp\n|\n|upkeep\n|turn|4\n|\n|t:|1682346874\n|move|p2b: Gengar|Protect|p2b: Gengar\n|-singleturn|p2b: Gengar|Protect\n|cant|p2a: Chien-Pao|slp\n|move|p1b: Brute Bonnet|Sucker Punch||[still]\n|-fail|p1b: Brute Bonnet\n|move|p1a: Flutter Mane|Shadow Ball|p2b: Gengar\n|-activate|p2b: Gengar|move: Protect\n|\n|upkeep\n|turn|5\n|\n|t:|1682346890\n|-end|p1a: Flutter Mane|Protosynthesis|[silent]\n|switch|p1a: Iron Hands|Iron Hands, L50, shiny|100\/100\n|-curestatus|p2a: Chien-Pao|slp|[msg]\n|move|p2a: Chien-Pao|Sucker Punch||[still]\n|-fail|p2a: Chien-Pao\n|move|p1b: Brute Bonnet|Sucker Punch|p2b: Gengar\n|-supereffective|p2b: Gengar\n|-damage|p2b: Gengar|0 fnt\n|-start|p1b: Brute Bonnet|Disable|Sucker Punch|[from] ability: Cursed Body|[of] p2b: Gengar\n|faint|p2b: Gengar\n|\n|upkeep\n|\n|t:|1682346901\n|switch|p2b: Gyarados|Gyarados, L50, M|100\/100\n|-ability|p2b: Gyarados|Intimidate|boost\n|-unboost|p1a: Iron Hands|atk|1\n|-unboost|p1b: Brute Bonnet|atk|1\n|turn|6\n|\n|t:|1682346917\n|move|p1a: Iron Hands|Fake Out|p2a: Chien-Pao\n|-damage|p2a: Chien-Pao|80\/100\n|cant|p2a: Chien-Pao|flinch\n|move|p2b: Gyarados|Waterfall|p1a: Iron Hands\n|-damage|p1a: Iron Hands|61\/100\n|move|p1b: Brute Bonnet|Bullet Seed|p2b: Gyarados\n|-damage|p2b: Gyarados|86\/100\n|-damage|p2b: Gyarados|70\/100\n|-damage|p2b: Gyarados|54\/100\n|-damage|p2b: Gyarados|38\/100\n|-hitcount|p2b: Gyarados|4\n|\n|upkeep\n|turn|7\n|inactive|LeakySoups has 30 seconds left.\n|\n|t:|1682346951\n|move|p1b: Brute Bonnet|Protect|p1b: Brute Bonnet\n|-singleturn|p1b: Brute Bonnet|Protect\n|move|p1a: Iron Hands|Fake Out||[still]\n|-hint|Fake Out only works on your first turn out.\n|-fail|p1a: Iron Hands\n|move|p2a: Chien-Pao|Ruination|p1a: Iron Hands\n|-damage|p1a: Iron Hands|31\/100\n|move|p2b: Gyarados|Waterfall|p1b: Brute Bonnet\n|-activate|p1b: Brute Bonnet|move: Protect\n|\n|upkeep\n|turn|8\n|\n|t:|1682346970\n|move|p2a: Chien-Pao|Sucker Punch||[still]\n|-fail|p2a: Chien-Pao\n|move|p2b: Gyarados|Waterfall|p1a: Iron Hands\n|-damage|p1a: Iron Hands|0 fnt\n|faint|p1a: Iron Hands\n|-end|p1a: Iron Hands|Quark Drive|[silent]\n|move|p1b: Brute Bonnet|Spore|p2b: Gyarados\n|-status|p2b: Gyarados|slp|[from] move: Spore\n|\n|-end|p1b: Brute Bonnet|Disable\n|upkeep\n|\n|t:|1682346985\n|switch|p1a: Flutter Mane|Flutter Mane, L50, shiny|100\/100\n|turn|9\n|\n|t:|1682347001\n|move|p1a: Flutter Mane|Dazzling Gleam|p2a: Chien-Pao|[spread] p2a,p2b\n|-supereffective|p2a: Chien-Pao\n|-damage|p2a: Chien-Pao|0 fnt\n|-damage|p2b: Gyarados|9\/100 slp\n|faint|p2a: Chien-Pao\n|cant|p2b: Gyarados|slp\n|move|p1b: Brute Bonnet|Bullet Seed|p2b: Gyarados\n|-damage|p2b: Gyarados|0 fnt\n|faint|p2b: Gyarados\n|-hitcount|p2: Gyarados|1\n|\n|upkeep\n|\n|t:|1682347010\n|switch|p2b: Dragonite|Dragonite, L50, F, shiny, tera:Normal|96\/100\n|turn|10\n|\n|t:|1682347026\n|move|p1b: Brute Bonnet|Protect|p1b: Brute Bonnet\n|-singleturn|p1b: Brute Bonnet|Protect\n|move|p1a: Flutter Mane|Substitute|p1a: Flutter Mane\n|-start|p1a: Flutter Mane|Substitute\n|-damage|p1a: Flutter Mane|76\/100\n|move|p2b: Dragonite|Ice Spinner|p1a: Flutter Mane\n|-end|p1a: Flutter Mane|Substitute\n|\n|upkeep\n|turn|11\n|\n|t:|1682347047\n|move|p2b: Dragonite|Extreme Speed|p1b: Brute Bonnet\n|-damage|p1b: Brute Bonnet|0 fnt\n|faint|p1b: Brute Bonnet\n|-end|p1b: Brute Bonnet|Protosynthesis|[silent]\n|move|p1a: Flutter Mane|Power Gem|p2b: Dragonite\n|-damage|p2b: Dragonite|67\/100\n|\n|upkeep\n|\n|t:|1682347055\n|switch|p1b: Arcanine|Arcanine, L50, M|100\/100\n|-ability|p1b: Arcanine|Intimidate|boost\n|-unboost|p2b: Dragonite|atk|1\n|turn|12\n|\n|t:|1682347071\n|move|p1b: Arcanine|Extreme Speed|p2b: Dragonite\n|-damage|p2b: Dragonite|40\/100\n|move|p1a: Flutter Mane|Power Gem|p2b: Dragonite\n|-damage|p2b: Dragonite|13\/100\n|move|p2b: Dragonite|Outrage|p1b: Arcanine\n|-damage|p1b: Arcanine|54\/100\n|\n|upkeep\n|turn|13\n|-message|Kelvinatur7 forfeited.\n|\n|win|LeakySoups\n|raw|LeakySoups's rating: 1038 → 1070<\/strong> (+32 for winning)\n|raw|Kelvinatur7's rating: 1019 → 1007<\/strong> (-12 for losing)\n|l|\u2606Kelvinatur7\n","uploadtime":1682347089,"views":23,"p1id":"leakysoups","p2id":"kelvinatur7","formatid":"gen9vgc2023regulationc","rating":1007,"private":0,"password":""}