{"id":"gen9vgc2023regulationc-1857659505","p1":"SeydouVGC","p2":"bleldigs","format":"[Gen 9] VGC 2023 Regulation C","log":"|j|\u2606SeydouVGC\n|j|\u2606bleldigs\n|t:|1683219177\n|gametype|doubles\n|player|p1|SeydouVGC|flint|\n|player|p2|bleldigs|buck|\n|teamsize|p1|6\n|teamsize|p2|6\n|gen|9\n|tier|[Gen 9] VGC 2023 Regulation C\n|rated|Tournament battle\n|rule|Species Clause: Limit one of each Pok\u00e9mon\n|rule|Item Clause: Limit one of each item\n|clearpoke\n|poke|p1|Ting-Lu, L50|\n|poke|p1|Amoonguss, L50, F|\n|poke|p1|Arcanine, L50, M|\n|poke|p1|Roaring Moon, L50|\n|poke|p1|Garganacl, L50, F|\n|poke|p1|Iron Bundle, L50|\n|poke|p2|Wo-Chien, L50|\n|poke|p2|Maushold, L50|\n|poke|p2|Flutter Mane, L50|\n|poke|p2|Gyarados, L50, M|\n|poke|p2|Chi-Yu, L50|\n|poke|p2|Gholdengo, L50|\n|teampreview|4\n|raw| Open Team Sheet for SeydouVGC<\/summary>Ting-Lu @ Lum Berry Ability: Vessel of Ruin Level: 50 Tera Type: Water - Stomping Tantrum - Heavy Slam - Protect - Ruination Amoonguss @ Sitrus Berry Ability: Regenerator Level: 50 Shiny: Yes Tera Type: Ghost - Pollen Puff - Spore - Rage Powder - Protect Arcanine @ Iapapa Berry Ability: Intimidate Level: 50 Tera Type: Grass - Flare Blitz - Will-O-Wisp - Extreme Speed - Protect Roaring Moon @ Booster Energy Ability: Protosynthesis Level: 50 Shiny: Yes Tera Type: Flying - Acrobatics - Throat Chop - Dragon Dance - Protect Garganacl (F) @ Leftovers Ability: Purifying Salt Level: 50 Tera Type: Ghost - Salt Cure - Stealth Rock - Protect - Recover Iron Bundle @ Focus Sash Ability: Quark Drive Level: 50 Shiny: Yes Tera Type: Ghost - Hydro Pump - Freeze-Dry - Icy Wind - Protect <\/details><\/div> Open Team Sheet for bleldigs<\/summary>Wo-Chien @ Leftovers Ability: Tablets of Ruin Level: 50 Tera Type: Poison - Pollen Puff - Foul Play - Leech Seed - Protect Maushold @ Sitrus Berry Ability: Friend Guard Level: 50 Tera Type: Poison - Super Fang - Follow Me - Encore - Protect Flutter Mane @ Booster Energy Ability: Protosynthesis Level: 50 Tera Type: Water - Moonblast - Shadow Ball - Substitute - Protect Gyarados @ Aguav Berry Ability: Intimidate Level: 50 Tera Type: Grass - Waterfall - Thunder Wave - Taunt - Whirlpool Chi-Yu @ Assault Vest Ability: Beads of Ruin Level: 50 Tera Type: Water - Heat Wave - Overheat - Snarl - Dark Pulse Gholdengo @ Wiki Berry Ability: Good as Gold Level: 50 Tera Type: Water - Make It Rain - Shadow Ball - Nasty Plot - Protect <\/details><\/div>\n|j| fyfyy\n|c|\u2606bleldigs|glhf\n|c|\u2606SeydouVGC|u2\n|j| Radio Free C-Side\n|\n|t:|1683219278\n|start\n|switch|p1a: Roaring Moon|Roaring Moon, L50, shiny|100\/100\n|switch|p1b: Garganacl|Garganacl, L50, F|100\/100\n|switch|p2a: Maushold|Maushold, L50|100\/100\n|switch|p2b: Gholdengo|Gholdengo, L50|100\/100\n|-enditem|p1a: Roaring Moon|Booster Energy\n|-activate|p1a: Roaring Moon|ability: Protosynthesis|[fromitem]\n|-start|p1a: Roaring Moon|protosynthesisatk\n|turn|1\n|\n|t:|1683219310\n|-end|p1a: Roaring Moon|Protosynthesis|[silent]\n|switch|p1a: Ting-Lu|Ting-Lu, L50|100\/100\n|-ability|p1a: Ting-Lu|Vessel of Ruin\n|-terastallize|p1b: Garganacl|Ghost\n|move|p2a: Maushold|Encore||[still]\n|-fail|p2a: Maushold\n|move|p2b: Gholdengo|Nasty Plot|p2b: Gholdengo\n|-boost|p2b: Gholdengo|spa|2\n|move|p1b: Garganacl|Salt Cure|p2b: Gholdengo\n|-resisted|p2b: Gholdengo\n|-damage|p2b: Gholdengo|94\/100\n|-start|p2b: Gholdengo|Salt Cure\n|\n|-damage|p2b: Gholdengo|70\/100|[from] Salt Cure\n|upkeep\n|turn|2\n|\n|t:|1683219345\n|switch|p2b: Wo-Chien|Wo-Chien, L50|100\/100\n|-ability|p2b: Wo-Chien|Tablets of Ruin\n|move|p2a: Maushold|Protect|p2a: Maushold\n|-singleturn|p2a: Maushold|Protect\n|move|p1a: Ting-Lu|Stomping Tantrum|p2b: Wo-Chien\n|-resisted|p2b: Wo-Chien\n|-damage|p2b: Wo-Chien|94\/100\n|move|p1b: Garganacl|Recover||[still]\n|-fail|p1b: Garganacl|heal\n|\n|-heal|p2b: Wo-Chien|99\/100|[from] item: Leftovers\n|upkeep\n|turn|3\n|\n|t:|1683219365\n|move|p2a: Maushold|Encore|p1b: Garganacl\n|-start|p1b: Garganacl|Encore\n|move|p2b: Wo-Chien|Leech Seed|p1a: Ting-Lu\n|-start|p1a: Ting-Lu|move: Leech Seed\n|move|p1a: Ting-Lu|Ruination|p2b: Wo-Chien\n|-damage|p2b: Wo-Chien|50\/100\n|move|p1b: Garganacl|Recover||[still]\n|-fail|p1b: Garganacl|heal\n|\n|-heal|p2b: Wo-Chien|57\/100|[from] item: Leftovers\n|-damage|p1a: Ting-Lu|88\/100|[from] Leech Seed|[of] p2b: Wo-Chien\n|-heal|p2b: Wo-Chien|73\/100|[silent]\n|upkeep\n|turn|4\n|\n|t:|1683219381\n|switch|p1a: Amoonguss|Amoonguss, L50, F, shiny|100\/100\n|switch|p1b: Roaring Moon|Roaring Moon, L50, shiny|100\/100\n|move|p2a: Maushold|Super Fang|p1a: Amoonguss\n|-damage|p1a: Amoonguss|50\/100\n|-enditem|p1a: Amoonguss|Sitrus Berry|[eat]\n|-heal|p1a: Amoonguss|75\/100|[from] item: Sitrus Berry\n|move|p2b: Wo-Chien|Leech Seed|p1b: Roaring Moon\n|-start|p1b: Roaring Moon|move: Leech Seed\n|\n|-heal|p2b: Wo-Chien|80\/100|[from] item: Leftovers\n|-damage|p1b: Roaring Moon|88\/100|[from] Leech Seed|[of] p2b: Wo-Chien\n|-heal|p2b: Wo-Chien|92\/100|[silent]\n|upkeep\n|turn|5\n|l| fyfyy\n|\n|t:|1683219429\n|move|p2a: Maushold|Protect|p2a: Maushold\n|-singleturn|p2a: Maushold|Protect\n|move|p1a: Amoonguss|Rage Powder|p1a: Amoonguss\n|-singleturn|p1a: Amoonguss|move: Rage Powder\n|move|p1b: Roaring Moon|Dragon Dance|p1b: Roaring Moon\n|-boost|p1b: Roaring Moon|atk|1\n|-boost|p1b: Roaring Moon|spe|1\n|move|p2b: Wo-Chien|Foul Play|p1b: Roaring Moon\n|-resisted|p1b: Roaring Moon\n|-damage|p1b: Roaring Moon|43\/100\n|\n|-heal|p2b: Wo-Chien|98\/100|[from] item: Leftovers\n|-damage|p1b: Roaring Moon|31\/100|[from] Leech Seed|[of] p2b: Wo-Chien\n|-heal|p2b: Wo-Chien|100\/100|[silent]\n|upkeep\n|turn|6\n|\n|t:|1683219469\n|switch|p2a: Gyarados|Gyarados, L50, M|100\/100\n|-ability|p2a: Gyarados|Intimidate|boost\n|-unboost|p1a: Amoonguss|atk|1\n|-unboost|p1b: Roaring Moon|atk|1\n|switch|p2b: Gholdengo|Gholdengo, L50|70\/100\n|move|p1b: Roaring Moon|Acrobatics|p2b: Gholdengo\n|-resisted|p2b: Gholdengo\n|-damage|p2b: Gholdengo|47\/100\n|move|p1a: Amoonguss|Pollen Puff|p1b: Roaring Moon\n|-heal|p1b: Roaring Moon|80\/100\n|\n|-damage|p1b: Roaring Moon|68\/100|[from] Leech Seed|[of] p2b: Gholdengo\n|-heal|p2b: Gholdengo|61\/100|[silent]\n|upkeep\n|turn|7\n|\n|t:|1683219497\n|switch|p2a: Wo-Chien|Wo-Chien, L50|100\/100\n|-ability|p2a: Wo-Chien|Tablets of Ruin\n|move|p2b: Gholdengo|Protect|p2b: Gholdengo\n|-singleturn|p2b: Gholdengo|Protect\n|move|p1a: Amoonguss|Rage Powder|p1a: Amoonguss\n|-singleturn|p1a: Amoonguss|move: Rage Powder\n|move|p1b: Roaring Moon|Throat Chop|p2b: Gholdengo\n|-activate|p2b: Gholdengo|move: Protect\n|\n|-damage|p1b: Roaring Moon|56\/100|[from] Leech Seed|[of] p2b: Gholdengo\n|-heal|p2b: Gholdengo|75\/100|[silent]\n|upkeep\n|turn|8\n|\n|t:|1683219544\n|-end|p1b: Roaring Moon|Protosynthesis|[silent]\n|switch|p1b: Garganacl|Garganacl, L50, F, tera:Ghost|100\/100\n|switch|p2a: Gyarados|Gyarados, L50, M|100\/100\n|-ability|p2a: Gyarados|Intimidate|boost\n|-unboost|p1a: Amoonguss|atk|1\n|-unboost|p1b: Garganacl|atk|1\n|switch|p1a: Ting-Lu|Ting-Lu, L50|88\/100\n|-ability|p1a: Ting-Lu|Vessel of Ruin\n|-terastallize|p2b: Gholdengo|Water\n|move|p2b: Gholdengo|Nasty Plot|p2b: Gholdengo\n|-boost|p2b: Gholdengo|spa|2\n|\n|upkeep\n|turn|9\n|\n|t:|1683219583\n|switch|p2a: Maushold|Maushold, L50|100\/100\n|move|p2b: Gholdengo|Protect|p2b: Gholdengo\n|-singleturn|p2b: Gholdengo|Protect\n|move|p1b: Garganacl|Protect|p1b: Garganacl\n|-singleturn|p1b: Garganacl|Protect\n|move|p1a: Ting-Lu|Ruination|p2b: Gholdengo\n|-activate|p2b: Gholdengo|move: Protect\n|\n|upkeep\n|turn|10\n|\n|t:|1683219625\n|switch|p1b: Amoonguss|Amoonguss, L50, F, shiny|100\/100\n|move|p2a: Maushold|Encore||[still]\n|-fail|p2a: Maushold\n|move|p2b: Gholdengo|Make It Rain|p1b: Amoonguss|[spread] p1a,p1b\n|-damage|p1a: Ting-Lu|37\/100\n|-damage|p1b: Amoonguss|45\/100\n|-unboost|p2b: Gholdengo|spa|1\n|move|p1a: Ting-Lu|Ruination|p2b: Gholdengo\n|-damage|p2b: Gholdengo|38\/100\n|\n|upkeep\n|turn|11\n|\n|t:|1683219661\n|switch|p2a: Wo-Chien|Wo-Chien, L50|100\/100\n|-ability|p2a: Wo-Chien|Tablets of Ruin\n|switch|p1b: Garganacl|Garganacl, L50, F, tera:Ghost|100\/100\n|move|p2b: Gholdengo|Nasty Plot|p2b: Gholdengo\n|-boost|p2b: Gholdengo|spa|2\n|move|p1a: Ting-Lu|Heavy Slam|p2a: Wo-Chien\n|-damage|p2a: Wo-Chien|84\/100\n|\n|-heal|p2a: Wo-Chien|91\/100|[from] item: Leftovers\n|upkeep\n|turn|12\n|\n|t:|1683219686\n|move|p2b: Gholdengo|Make It Rain|p1b: Garganacl|[spread] p1a,p1b\n|-damage|p1a: Ting-Lu|0 fnt\n|-damage|p1b: Garganacl|37\/100\n|-unboost|p2b: Gholdengo|spa|1\n|faint|p1a: Ting-Lu\n|move|p2a: Wo-Chien|Pollen Puff|p2b: Gholdengo\n|-heal|p2b: Gholdengo|88\/100\n|move|p1b: Garganacl|Salt Cure|p2b: Gholdengo\n|-damage|p2b: Gholdengo|77\/100\n|-start|p2b: Gholdengo|Salt Cure\n|\n|-heal|p2a: Wo-Chien|97\/100|[from] item: Leftovers\n|-heal|p1b: Garganacl|43\/100|[from] item: Leftovers\n|-damage|p2b: Gholdengo|52\/100|[from] Salt Cure\n|upkeep\n|\n|t:|1683219703\n|switch|p1a: Amoonguss|Amoonguss, L50, F, shiny|78\/100\n|turn|13\n|\n|t:|1683219725\n|move|p1a: Amoonguss|Protect|p1a: Amoonguss\n|-singleturn|p1a: Amoonguss|Protect\n|move|p2b: Gholdengo|Make It Rain|p1b: Garganacl|[spread] p1b\n|-activate|p1a: Amoonguss|move: Protect\n|-damage|p1b: Garganacl|0 fnt\n|-unboost|p2b: Gholdengo|spa|1\n|faint|p1b: Garganacl\n|move|p2a: Wo-Chien|Pollen Puff|p2b: Gholdengo\n|-heal|p2b: Gholdengo|100\/100\n|\n|-heal|p2a: Wo-Chien|100\/100|[from] item: Leftovers\n|-damage|p2b: Gholdengo|76\/100|[from] Salt Cure\n|upkeep\n|\n|t:|1683219739\n|switch|p1b: Roaring Moon|Roaring Moon, L50, shiny|56\/100\n|turn|14\n|\n|t:|1683219751\n|move|p1b: Roaring Moon|Dragon Dance|p1b: Roaring Moon\n|-boost|p1b: Roaring Moon|atk|1\n|-boost|p1b: Roaring Moon|spe|1\n|move|p2b: Gholdengo|Make It Rain|p1b: Roaring Moon|[spread] p1a,p1b\n|-damage|p1a: Amoonguss|22\/100\n|-damage|p1b: Roaring Moon|0 fnt\n|-unboost|p2b: Gholdengo|spa|1\n|faint|p1b: Roaring Moon\n|-end|p1b: Roaring Moon|Protosynthesis|[silent]\n|move|p2a: Wo-Chien|Pollen Puff|p2b: Gholdengo\n|-heal|p2b: Gholdengo|100\/100\n|move|p1a: Amoonguss|Pollen Puff|p1: Roaring Moon|[notarget]\n|-fail|p1a: Amoonguss\n|\n|-damage|p2b: Gholdengo|76\/100|[from] Salt Cure\n|upkeep\n|turn|15\n|c|\u2606SeydouVGC|gg\n|-message|SeydouVGC forfeited.\n|\n|win|bleldigs\n|n|\u2606SeydouVGC|seydouvgc\n|n|\u2606bleldigs|bleldigs\n|n| Radio Free C-Side|radiofreecside\n|l|\u2606SeydouVGC\n|l| Radio Free C-Side\n|c|\u2606bleldigs|gg\n","uploadtime":1683219862,"views":13,"p1id":"seydouvgc","p2id":"bleldigs","formatid":"gen9vgc2023regulationc","rating":0,"private":0,"password":""}