{"id":"gen9vgc2023regulationc-1846063941","p1":"bogo2","p2":"qzy1993","format":"[Gen 9] VGC 2023 Regulation C","log":"|j|\u2606bogo2\n|j|\u2606qzy1993\n|t:|1681800193\n|gametype|doubles\n|player|p1|bogo2|102|1067\n|player|p2|qzy1993|2|1123\n|teamsize|p1|6\n|teamsize|p2|6\n|gen|9\n|tier|[Gen 9] VGC 2023 Regulation C\n|rated|\n|rule|Species Clause: Limit one of each Pok\u00e9mon\n|rule|Item Clause: Limit one of each item\n|clearpoke\n|poke|p1|Talonflame, L50, F|\n|poke|p1|Garchomp, L50, M|\n|poke|p1|Tyranitar, L50, F|\n|poke|p1|Indeedee, L50, M|\n|poke|p1|Armarouge, L50, M|\n|poke|p1|Ceruledge, L50, F|\n|poke|p2|Iron Valiant, L50|\n|poke|p2|Toxapex, L50, M|\n|poke|p2|Meowscarada, L50, M|\n|poke|p2|Kingambit, L50, M|\n|poke|p2|Chi-Yu, L50|\n|poke|p2|Kilowattrel, L50, M|\n|teampreview|4\n|inactive|Battle timer is ON: inactive players will automatically lose when time's up. (requested by bogo2)\n|inactive|qzy1993 has 60 seconds left.\n|\n|t:|1681800253\n|start\n|switch|p1a: Talonflame|Talonflame, L50, F|100\/100\n|switch|p1b: Garchomp|Garchomp, L50, M|100\/100\n|switch|p2a: Kingambit|Kingambit, L50, M|100\/100\n|switch|p2b: Chi-Yu|Chi-Yu, L50|100\/100\n|-ability|p2b: Chi-Yu|Beads of Ruin\n|turn|1\n|inactive|bogo2 has 30 seconds left.\n|\n|t:|1681800279\n|switch|p2b: Meowscarada|Meowscarada, L50, M|100\/100\n|-terastallize|p2a: Kingambit|Fairy\n|move|p1a: Talonflame|Tailwind|p1a: Talonflame\n|-sidestart|p1: bogo2|move: Tailwind\n|move|p1b: Garchomp|Swords Dance|p1b: Garchomp\n|-boost|p1b: Garchomp|atk|2\n|move|p2a: Kingambit|Tera Blast|p1b: Garchomp\n|-supereffective|p1b: Garchomp\n|-crit|p1b: Garchomp\n|-damage|p1b: Garchomp|0 fnt\n|faint|p1b: Garchomp\n|\n|upkeep\n|\n|t:|1681800294\n|switch|p1b: Ceruledge|Ceruledge, L50, F|100\/100\n|turn|2\n|inactive|qzy1993 has 30 seconds left.\n|\n|t:|1681800322\n|-terastallize|p1b: Ceruledge|Normal\n|move|p1a: Talonflame|Brave Bird|p2b: Meowscarada\n|-supereffective|p2b: Meowscarada\n|-damage|p2b: Meowscarada|15\/100\n|-enditem|p2b: Meowscarada|Figy Berry|[eat]\n|-heal|p2b: Meowscarada|49\/100|[from] item: Figy Berry\n|-damage|p1a: Talonflame|73\/100|[from] Recoil\n|move|p1b: Ceruledge|Bulk Up|p1b: Ceruledge\n|-boost|p1b: Ceruledge|atk|1\n|-boost|p1b: Ceruledge|def|1\n|move|p2b: Meowscarada|Knock Off|p1b: Ceruledge\n|-damage|p1b: Ceruledge|74\/100\n|-enditem|p1b: Ceruledge|Clear Amulet|[from] move: Knock Off|[of] p2b: Meowscarada\n|move|p2a: Kingambit|Stone Edge|p1a: Talonflame|[miss]\n|-miss|p2a: Kingambit|p1a: Talonflame\n|\n|upkeep\n|turn|3\n|inactive|qzy1993 has 30 seconds left.\n|inactive|qzy1993 has 20 seconds left.\n|inactive|qzy1993 has 15 seconds left.\n|inactive|qzy1993 has 10 seconds left.\n|\n|t:|1681800371\n|move|p1a: Talonflame|Brave Bird|p2b: Meowscarada\n|-supereffective|p2b: Meowscarada\n|-damage|p2b: Meowscarada|0 fnt\n|faint|p2b: Meowscarada\n|-damage|p1a: Talonflame|57\/100|[from] Recoil\n|move|p1b: Ceruledge|Bitter Blade|p2a: Kingambit\n|-damage|p2a: Kingambit|52\/100\n|-heal|p1b: Ceruledge|100\/100|[from] drain|[of] p2a: Kingambit\n|move|p2a: Kingambit|Stone Edge|p1a: Talonflame|[miss]\n|-miss|p2a: Kingambit|p1a: Talonflame\n|\n|upkeep\n|\n|t:|1681800385\n|switch|p2b: Iron Valiant|Iron Valiant, L50|100\/100\n|-enditem|p2b: Iron Valiant|Booster Energy\n|-activate|p2b: Iron Valiant|ability: Quark Drive|[fromitem]\n|-start|p2b: Iron Valiant|quarkdriveatk\n|turn|4\n|\n|t:|1681800399\n|move|p2b: Iron Valiant|Protect|p2b: Iron Valiant\n|-singleturn|p2b: Iron Valiant|Protect\n|move|p2a: Kingambit|Sucker Punch|p1a: Talonflame\n|-damage|p1a: Talonflame|5\/100\n|move|p1a: Talonflame|Brave Bird|p2b: Iron Valiant\n|-activate|p2b: Iron Valiant|move: Protect\n|move|p1b: Ceruledge|Bulk Up|p1b: Ceruledge\n|-boost|p1b: Ceruledge|atk|1\n|-boost|p1b: Ceruledge|def|1\n|\n|-sideend|p1: bogo2|move: Tailwind\n|upkeep\n|turn|5\n|\n|t:|1681800418\n|move|p2a: Kingambit|Sucker Punch||[still]\n|-fail|p2a: Kingambit\n|move|p2b: Iron Valiant|Close Combat|p1b: Ceruledge\n|-supereffective|p1b: Ceruledge\n|-damage|p1b: Ceruledge|11\/100\n|-unboost|p2b: Iron Valiant|def|1\n|-unboost|p2b: Iron Valiant|spd|1\n|move|p1a: Talonflame|Tailwind|p1a: Talonflame\n|-sidestart|p1: bogo2|move: Tailwind\n|move|p1b: Ceruledge|Bitter Blade|p2a: Kingambit\n|-damage|p2a: Kingambit|0 fnt\n|-heal|p1b: Ceruledge|42\/100|[from] drain|[of] p2a: Kingambit\n|faint|p2a: Kingambit\n|\n|upkeep\n|\n|t:|1681800434\n|switch|p2a: Chi-Yu|Chi-Yu, L50|100\/100\n|-ability|p2a: Chi-Yu|Beads of Ruin\n|turn|6\n|\n|t:|1681800450\n|move|p1a: Talonflame|Brave Bird|p2b: Iron Valiant\n|-supereffective|p2b: Iron Valiant\n|-damage|p2b: Iron Valiant|0 fnt\n|faint|p2b: Iron Valiant\n|-end|p2b: Iron Valiant|Quark Drive|[silent]\n|-damage|p1a: Talonflame|0 fnt|[from] Recoil\n|faint|p1a: Talonflame\n|move|p1b: Ceruledge|Bitter Blade|p2a: Chi-Yu\n|-resisted|p2a: Chi-Yu\n|-damage|p2a: Chi-Yu|22\/100\n|-heal|p1b: Ceruledge|73\/100|[from] drain|[of] p2a: Chi-Yu\n|move|p2a: Chi-Yu|Heat Wave|p1b: Ceruledge\n|-start|p1b: Ceruledge|ability: Flash Fire\n|\n|upkeep\n|\n|t:|1681800464\n|switch|p1a: Tyranitar|Tyranitar, L50, F|100\/100\n|-weather|Sandstorm|[from] ability: Sand Stream|[of] p1a: Tyranitar\n|turn|7\n|\n|t:|1681800478\n|move|p1b: Ceruledge|Bitter Blade|p2a: Chi-Yu\n|-resisted|p2a: Chi-Yu\n|-damage|p2a: Chi-Yu|0 fnt\n|-heal|p1b: Ceruledge|81\/100|[from] drain|[of] p2a: Chi-Yu\n|faint|p2a: Chi-Yu\n|\n|win|bogo2\n|raw|bogo2's rating: 1067 → 1102<\/strong> (+35 for winning)\n|raw|qzy1993's rating: 1123 → 1094<\/strong> (-29 for losing)\n","uploadtime":1681800487,"views":6,"p1id":"bogo2","p2id":"qzy1993","formatid":"gen9vgc2023regulationc","rating":1094,"private":0,"password":""}