{"id":"gen9vgc2023regulationc-1853237562","p1":"19402u","p2":"MomeriA12","format":"[Gen 9] VGC 2023 Regulation C","log":"|j|\u260619402u\n|j|\u2606MomeriA12\n|t:|1682652909\n|gametype|doubles\n|player|p1|19402u|170|1636\n|player|p2|MomeriA12|170|1777\n|teamsize|p1|6\n|teamsize|p2|6\n|gen|9\n|tier|[Gen 9] VGC 2023 Regulation C\n|rated|\n|rule|Species Clause: Limit one of each Pok\u00e9mon\n|rule|Item Clause: Limit one of each item\n|clearpoke\n|poke|p1|Glimmora, L50, M|\n|poke|p1|Dragonite, L50, M|\n|poke|p1|Dondozo, L50, M|\n|poke|p1|Tatsugiri, L50, F|\n|poke|p1|Chi-Yu, L50|\n|poke|p1|Iron Bundle, L50|\n|poke|p2|Talonflame, L50, M|\n|poke|p2|Torkoal, L50, M|\n|poke|p2|Flutter Mane, L50|\n|poke|p2|Amoonguss, L50, F|\n|poke|p2|Iron Hands, L50|\n|poke|p2|Garchomp, L50, F|\n|teampreview|4\n19402u has agreed to open team sheets.\n|j| szjr45\n|\n|t:|1682652964\n|start\n|switch|p1a: Glimmora|Glimmora, L50, M, shiny|100\/100\n|switch|p1b: Dondozo|Dondozo, L50, M|100\/100\n|switch|p2a: Flutter Mane|Flutter Mane, L50|100\/100\n|switch|p2b: Iron Hands|Iron Hands, L50|100\/100\n|turn|1\n|\n|t:|1682652980\n|move|p1b: Dondozo|Protect|p1b: Dondozo\n|-singleturn|p1b: Dondozo|Protect\n|move|p2b: Iron Hands|Fake Out|p1a: Glimmora\n|-resisted|p1a: Glimmora\n|-crit|p1a: Glimmora\n|-damage|p1a: Glimmora|90\/100\n|-activate|p1a: Glimmora|ability: Toxic Debris\n|-sidestart|p2: MomeriA12|move: Toxic Spikes\n|move|p2a: Flutter Mane|Shadow Ball|p1a: Glimmora\n|-damage|p1a: Glimmora|58\/100\n|cant|p1a: Glimmora|flinch\n|\n|upkeep\n|turn|2\n|\n|t:|1682653000\n|-terastallize|p1b: Dondozo|Grass\n|-terastallize|p2b: Iron Hands|Flying\n|move|p2a: Flutter Mane|Protect|p2a: Flutter Mane\n|-singleturn|p2a: Flutter Mane|Protect\n|move|p1a: Glimmora|Mortal Spin|p2b: Iron Hands|[spread] p2b\n|-activate|p2a: Flutter Mane|move: Protect\n|-damage|p2b: Iron Hands|98\/100\n|-status|p2b: Iron Hands|psn\n|move|p1b: Dondozo|Tera Blast|p2a: Flutter Mane\n|-activate|p2a: Flutter Mane|move: Protect\n|move|p2b: Iron Hands|Drain Punch|p1a: Glimmora\n|-damage|p1a: Glimmora|24\/100\n|-heal|p2b: Iron Hands|100\/100 psn|[from] drain|[of] p1a: Glimmora\n|-activate|p1a: Glimmora|ability: Toxic Debris\n|-sidestart|p2: MomeriA12|move: Toxic Spikes\n|\n|-damage|p2b: Iron Hands|88\/100 psn|[from] psn\n|upkeep\n|turn|3\n|\n|t:|1682653034\n|switch|p1a: Tatsugiri|Tatsugiri, L50, F|100\/100\n|-activate|p1a: Tatsugiri|ability: Commander|[of] p1b: Dondozo\n|-boost|p1b: Dondozo|atk|2\n|-boost|p1b: Dondozo|spa|2\n|-boost|p1b: Dondozo|spe|2\n|-boost|p1b: Dondozo|def|2\n|-boost|p1b: Dondozo|spd|2\n|-end|p2b: Iron Hands|Quark Drive|[silent]\n|switch|p2b: Amoonguss|Amoonguss, L50, F|100\/100\n|-sideend|p2: MomeriA12|move: Toxic Spikes|[of] p2b: Amoonguss\n|move|p1b: Dondozo|Earthquake|p2b: Amoonguss|[spread] p2a,p2b\n|-miss|p1b: Dondozo|p1a: Tatsugiri\n|-damage|p2a: Flutter Mane|7\/100\n|-damage|p2b: Amoonguss|70\/100\n|move|p2a: Flutter Mane|Trick Room|p2a: Flutter Mane\n|-fieldstart|move: Trick Room|[of] p2a: Flutter Mane\n|\n|upkeep\n|turn|4\n|j| pokedot777\n|\n|t:|1682653052\n|-end|p2a: Flutter Mane|Protosynthesis|[silent]\n|switch|p2a: Iron Hands|Iron Hands, L50, tera:Flying|88\/100 psn\n|move|p2b: Amoonguss|Pollen Puff|p2a: Iron Hands\n|-heal|p2a: Iron Hands|100\/100 psn\n|move|p1b: Dondozo|Earthquake|p2b: Amoonguss|[spread] p2b\n|-miss|p1b: Dondozo|p1a: Tatsugiri\n|-immune|p2a: Iron Hands\n|-damage|p2b: Amoonguss|37\/100\n|\n|-damage|p2a: Iron Hands|88\/100 psn|[from] psn\n|upkeep\n|turn|5\n|\n|t:|1682653065\n|switch|p2b: Torkoal|Torkoal, L50, M|100\/100\n|-weather|SunnyDay|[from] ability: Drought|[of] p2b: Torkoal\n|move|p1b: Dondozo|Protect|p1b: Dondozo\n|-singleturn|p1b: Dondozo|Protect\n|move|p2a: Iron Hands|Fake Out|p1b: Dondozo\n|-activate|p1b: Dondozo|move: Protect\n|\n|-weather|SunnyDay|[upkeep]\n|-damage|p2a: Iron Hands|76\/100 psn|[from] psn\n|upkeep\n|turn|6\n|\n|t:|1682653079\n|move|p2b: Torkoal|Clear Smog|p1b: Dondozo\n|-supereffective|p1b: Dondozo\n|-damage|p1b: Dondozo|87\/100\n|-clearboost|p1b: Dondozo\n|move|p2a: Iron Hands|Drain Punch|p1b: Dondozo\n|-damage|p1b: Dondozo|57\/100\n|-heal|p2a: Iron Hands|91\/100 psn|[from] drain|[of] p1b: Dondozo\n|move|p1b: Dondozo|Earthquake|p2b: Torkoal|[spread] p2b\n|-miss|p1b: Dondozo|p1a: Tatsugiri\n|-immune|p2a: Iron Hands\n|-supereffective|p2b: Torkoal\n|-damage|p2b: Torkoal|67\/100\n|\n|-weather|SunnyDay|[upkeep]\n|-heal|p1b: Dondozo|63\/100|[from] item: Leftovers\n|-damage|p2a: Iron Hands|78\/100 psn|[from] psn\n|upkeep\n|turn|7\n|\n|t:|1682653101\n|move|p2b: Torkoal|Flamethrower|p1b: Dondozo\n|-supereffective|p1b: Dondozo\n|-damage|p1b: Dondozo|0 fnt\n|faint|p1b: Dondozo\n|move|p2a: Iron Hands|Drain Punch|p1a: Tatsugiri\n|-crit|p1a: Tatsugiri\n|-damage|p1a: Tatsugiri|0 fnt\n|-heal|p2a: Iron Hands|100\/100 psn|[from] drain|[of] p1a: Tatsugiri\n|faint|p1a: Tatsugiri\n|\n|-weather|SunnyDay|[upkeep]\n|-damage|p2a: Iron Hands|88\/100 psn|[from] psn\n|-fieldend|move: Trick Room\n|upkeep\n|\n|t:|1682653106\n|switch|p1a: Glimmora|Glimmora, L50, M, shiny|24\/100\n|switch|p1b: Chi-Yu|Chi-Yu, L50|100\/100\n|-ability|p1b: Chi-Yu|Beads of Ruin\n|turn|8\n|\n|t:|1682653136\n|-end|p2a: Iron Hands|Quark Drive|[silent]\n|switch|p2a: Amoonguss|Amoonguss, L50, F|70\/100\n|move|p2b: Torkoal|Protect|p2b: Torkoal\n|-singleturn|p2b: Torkoal|Protect\n|move|p1b: Chi-Yu|Heat Wave|p2b: Torkoal|[spread] p2a\n|-activate|p2b: Torkoal|move: Protect\n|-supereffective|p2a: Amoonguss\n|-damage|p2a: Amoonguss|0 fnt\n|faint|p2a: Amoonguss\n|move|p1a: Glimmora|Power Gem|p2b: Torkoal\n|-activate|p2b: Torkoal|move: Protect\n|\n|-weather|SunnyDay|[upkeep]\n|upkeep\n|\n|t:|1682653147\n|switch|p2a: Flutter Mane|Flutter Mane, L50|7\/100\n|-activate|p2a: Flutter Mane|ability: Protosynthesis\n|-start|p2a: Flutter Mane|protosynthesisspa\n|turn|9\n|\n|t:|1682653167\n|move|p2a: Flutter Mane|Dazzling Gleam|p1a: Glimmora|[spread] p1a,p1b\n|-resisted|p1a: Glimmora\n|-damage|p1a: Glimmora|5\/100\n|-damage|p1b: Chi-Yu|50\/100\n|move|p1b: Chi-Yu|Heat Wave|p2a: Flutter Mane|[spread] p2a,p2b\n|-resisted|p2b: Torkoal\n|-damage|p2a: Flutter Mane|0 fnt\n|-damage|p2b: Torkoal|18\/100\n|faint|p2a: Flutter Mane\n|-end|p2a: Flutter Mane|Protosynthesis|[silent]\n|move|p1a: Glimmora|Power Gem|p2b: Torkoal\n|-supereffective|p2b: Torkoal\n|-damage|p2b: Torkoal|0 fnt\n|faint|p2b: Torkoal\n|\n|-weather|none\n|upkeep\n|\n|t:|1682653180\n|switch|p2b: Iron Hands|Iron Hands, L50, tera:Flying|88\/100 psn\n|turn|10\n|\n|t:|1682653191\n|move|p2b: Iron Hands|Fake Out|p1a: Glimmora\n|-resisted|p1a: Glimmora\n|-damage|p1a: Glimmora|0 fnt\n|-activate|p1a: Glimmora|ability: Toxic Debris\n|-sidestart|p2: MomeriA12|move: Toxic Spikes\n|faint|p1a: Glimmora\n|move|p1b: Chi-Yu|Overheat|p2b: Iron Hands\n|-damage|p2b: Iron Hands|37\/100 psn\n|-unboost|p1b: Chi-Yu|spa|2\n|\n|-damage|p2b: Iron Hands|24\/100 psn|[from] psn\n|upkeep\n|turn|11\n|l| pokedot777\n|\n|t:|1682653202\n|move|p1b: Chi-Yu|Protect|p1b: Chi-Yu\n|-singleturn|p1b: Chi-Yu|Protect\n|move|p2b: Iron Hands|Drain Punch|p1b: Chi-Yu\n|-activate|p1b: Chi-Yu|move: Protect\n|\n|-damage|p2b: Iron Hands|12\/100 psn|[from] psn\n|upkeep\n|turn|12\n|\n|t:|1682653214\n|move|p1b: Chi-Yu|Dark Pulse|p2b: Iron Hands\n|-damage|p2b: Iron Hands|0 fnt\n|faint|p2b: Iron Hands\n|-end|p2b: Iron Hands|Quark Drive|[silent]\n|\n|win|19402u\n|raw|19402u's rating: 1636 → 1664<\/strong> (+28 for winning)\n|raw|MomeriA12's rating: 1777 → 1749<\/strong> (-28 for losing)\n|c|\u2606MomeriA12|gg\n","uploadtime":1682653219,"views":10,"p1id":"19402u","p2id":"momeria12","formatid":"gen9vgc2023regulationc","rating":1664,"private":0,"password":""}