{"id":"gen9vgc2023regulationc-1859660803","p1":"Ladderen op werk","p2":"R3d_VGC","format":"[Gen 9] VGC 2023 Regulation C","log":"|j|\u2606Ladderen op werk\n|j|\u2606R3d_VGC\n|t:|1683553726\n|gametype|doubles\n|player|p1|Ladderen op werk|2|1514\n|player|p2|R3d_VGC|lance|1438\n|teamsize|p1|6\n|teamsize|p2|6\n|gen|9\n|tier|[Gen 9] VGC 2023 Regulation C\n|rated|\n|rule|Species Clause: Limit one of each Pok\u00e9mon\n|rule|Item Clause: Limit one of each item\n|clearpoke\n|poke|p1|Flutter Mane, L50|\n|poke|p1|Chi-Yu, L50|\n|poke|p1|Gyarados, L50, F|\n|poke|p1|Amoonguss, L50, F|\n|poke|p1|Ting-Lu, L50|\n|poke|p1|Iron Hands, L50|\n|poke|p2|Ting-Lu, L50|\n|poke|p2|Palafin, L50, M|\n|poke|p2|Arcanine, L50, M|\n|poke|p2|Chien-Pao, L50|\n|poke|p2|Gholdengo, L50|\n|poke|p2|Amoonguss, L50, F|\n|teampreview|4\n|inactive|Battle timer is ON: inactive players will automatically lose when time's up. (requested by Ladderen op werk)\n|\n|t:|1683553785\n|start\n|switch|p1a: Gyarados|Gyarados, L50, F|100\/100\n|switch|p1b: Ting-Lu|Ting-Lu, L50|100\/100\n|switch|p2a: Tinc-Ulo|Ting-Lu, L50|100\/100\n|switch|p2b: Toshinori|Palafin, L50, M|100\/100\n|-ability|p1a: Gyarados|Intimidate|boost\n|-unboost|p2a: Tinc-Ulo|atk|1\n|-unboost|p2b: Toshinori|atk|1\n|-ability|p2a: Tinc-Ulo|Vessel of Ruin\n|-ability|p1b: Ting-Lu|Vessel of Ruin\n|turn|1\n|\n|t:|1683553796\n|detailschange|p2b: Toshinori|Palafin-Hero, L50, M\n|switch|p2b: Lidl Inci|Arcanine, L50, M|100\/100\n|-ability|p2b: Lidl Inci|Intimidate|boost\n|-unboost|p1a: Gyarados|atk|1\n|-unboost|p1b: Ting-Lu|atk|1\n|move|p1a: Gyarados|Waterfall|p2b: Lidl Inci\n|-supereffective|p2b: Lidl Inci\n|-damage|p2b: Lidl Inci|47\/100\n|-enditem|p2b: Lidl Inci|Sitrus Berry|[eat]\n|-heal|p2b: Lidl Inci|72\/100|[from] item: Sitrus Berry\n|move|p2a: Tinc-Ulo|Fissure|p1b: Ting-Lu|[miss]\n|-miss|p2a: Tinc-Ulo|p1b: Ting-Lu\n|move|p1b: Ting-Lu|Stomping Tantrum|p2b: Lidl Inci\n|-supereffective|p2b: Lidl Inci\n|-damage|p2b: Lidl Inci|21\/100\n|\n|upkeep\n|turn|2\n|\n|t:|1683553817\n|move|p2b: Lidl Inci|Will-O-Wisp|p1a: Gyarados\n|-status|p1a: Gyarados|brn\n|move|p1a: Gyarados|Waterfall|p2b: Lidl Inci\n|-supereffective|p2b: Lidl Inci\n|-damage|p2b: Lidl Inci|0 fnt\n|faint|p2b: Lidl Inci\n|move|p2a: Tinc-Ulo|Stomping Tantrum|p1b: Ting-Lu\n|-damage|p1b: Ting-Lu|75\/100\n|move|p1b: Ting-Lu|Fissure|p2a: Tinc-Ulo\n|-damage|p2a: Tinc-Ulo|0 fnt\n|faint|p2a: Tinc-Ulo\n|-ohko\n|\n|-damage|p1a: Gyarados|95\/100 brn|[from] brn\n|upkeep\n|\n|t:|1683553828\n|switch|p2b: Gengivite|Chien-Pao, L50|100\/100\n|switch|p2a: Toshinori|Palafin-Hero, L50, M|100\/100\n|-ability|p2b: Gengivite|Sword of Ruin\n|-activate|p2a: Toshinori|ability: Zero to Hero\n|turn|3\n|inactive|Ladderen op werk has 30 seconds left.\n|inactive|Ladderen op werk has 20 seconds left.\n|inactive|Ladderen op werk has 15 seconds left.\n|inactive|Ladderen op werk has 10 seconds left.\n|inactive|Ladderen op werk has 5 seconds left.\n|\n|t:|1683553883\n|-terastallize|p2a: Toshinori|Water\n|move|p2b: Gengivite|Ice Spinner|p1a: Gyarados\n|-damage|p1a: Gyarados|23\/100 brn\n|-enditem|p1a: Gyarados|Aguav Berry|[eat]\n|-heal|p1a: Gyarados|56\/100 brn|[from] item: Aguav Berry\n|-damage|p2b: Gengivite|91\/100|[from] item: Life Orb\n|move|p2a: Toshinori|Wave Crash|p1b: Ting-Lu\n|-supereffective|p1b: Ting-Lu\n|-damage|p1b: Ting-Lu|0 fnt\n|faint|p1b: Ting-Lu\n|-damage|p2a: Toshinori|71\/100|[from] Recoil\n|move|p1a: Gyarados|Waterfall|p2a: Toshinori\n|-resisted|p2a: Toshinori\n|-damage|p2a: Toshinori|65\/100\n|\n|-damage|p1a: Gyarados|50\/100 brn|[from] brn\n|upkeep\n|inactive|Ladderen op werk has 30 seconds left.\n|inactive|Ladderen op werk has 20 seconds left.\n|inactive|Ladderen op werk has 15 seconds left.\n|inactive|Ladderen op werk has 10 seconds left.\n|inactive|Ladderen op werk has 5 seconds left.\n|\n|t:|1683553938\n|switch|p1b: Iron Hands|Iron Hands, L50|100\/100\n|turn|4\n|inactive|Ladderen op werk has 30 seconds left.\n|inactive|Ladderen op werk has 20 seconds left.\n|inactive|Ladderen op werk has 15 seconds left.\n|inactive|Ladderen op werk has 10 seconds left.\n|inactive|Ladderen op werk has 5 seconds left.\n|\n|t:|1683553993\n|move|p2b: Gengivite|Protect|p2b: Gengivite\n|-singleturn|p2b: Gengivite|Protect\n|move|p2a: Toshinori|Protect|p2a: Toshinori\n|-singleturn|p2a: Toshinori|Protect\n|move|p1a: Gyarados|Waterfall|p2a: Toshinori\n|-activate|p2a: Toshinori|move: Protect\n|move|p1b: Iron Hands|Drain Punch|p2a: Toshinori\n|-activate|p2a: Toshinori|move: Protect\n|\n|-damage|p1a: Gyarados|45\/100 brn|[from] brn\n|upkeep\n|turn|5\n|inactive|Ladderen op werk has 30 seconds left.\n|inactive|Ladderen op werk has 20 seconds left.\n|inactive|Ladderen op werk has 15 seconds left.\n|inactive|Ladderen op werk has 10 seconds left.\n|inactive|Ladderen op werk has 5 seconds left.\n|\n|t:|1683554048\n|move|p2b: Gengivite|Ice Spinner|p1b: Iron Hands\n|-damage|p1b: Iron Hands|52\/100\n|-damage|p2b: Gengivite|81\/100|[from] item: Life Orb\n|move|p2a: Toshinori|Wave Crash|p1b: Iron Hands\n|-damage|p1b: Iron Hands|0 fnt\n|faint|p1b: Iron Hands\n|-end|p1b: Iron Hands|Quark Drive|[silent]\n|-damage|p2a: Toshinori|45\/100|[from] Recoil\n|move|p1a: Gyarados|Waterfall|p2a: Toshinori\n|-resisted|p2a: Toshinori\n|-damage|p2a: Toshinori|39\/100\n|\n|-damage|p1a: Gyarados|39\/100 brn|[from] brn\n|upkeep\n|\n|t:|1683554053\n|switch|p1b: Chi-Yu|Chi-Yu, L50|100\/100\n|-ability|p1b: Chi-Yu|Beads of Ruin\n|turn|6\n|\n|t:|1683554073\n|-terastallize|p1b: Chi-Yu|Water\n|move|p1a: Gyarados|Protect|p1a: Gyarados\n|-singleturn|p1a: Gyarados|Protect\n|move|p2b: Gengivite|Sucker Punch|p1b: Chi-Yu\n|-damage|p1b: Chi-Yu|39\/100\n|-damage|p2b: Gengivite|72\/100|[from] item: Life Orb\n|move|p2a: Toshinori|Jet Punch|p1b: Chi-Yu\n|-resisted|p1b: Chi-Yu\n|-damage|p1b: Chi-Yu|0 fnt\n|faint|p1b: Chi-Yu\n|\n|-damage|p1a: Gyarados|33\/100 brn|[from] brn\n|upkeep\n|turn|7\n|c|\u2606R3d_VGC|gg\n|-message|Ladderen op werk forfeited.\n|\n|win|R3d_VGC\n|raw|Ladderen op werk's rating: 1514 → 1490<\/strong> (-24 for losing)\n|raw|R3d_VGC's rating: 1438 → 1462<\/strong> (+24 for winning)\n|l|\u2606Ladderen op werk\n","uploadtime":1683554095,"views":5,"p1id":"ladderenopwerk","p2id":"r3dvgc","formatid":"gen9vgc2023regulationc","rating":1462,"private":0,"password":""}