{"id":"gen9vgc2023regulationc-1863389289","p1":"WillieDangerously","p2":"IronGinger","format":"[Gen 9] VGC 2023 Regulation C","log":"|j|\u2606WillieDangerously\n|j|\u2606IronGinger\n|t:|1684010738\n|gametype|doubles\n|player|p1|WillieDangerously|psychic-gen4|1248\n|player|p2|IronGinger|alder|1310\n|teamsize|p1|6\n|teamsize|p2|6\n|gen|9\n|tier|[Gen 9] VGC 2023 Regulation C\n|rated|\n|rule|Species Clause: Limit one of each Pok\u00e9mon\n|rule|Item Clause: Limit one of each item\n|clearpoke\n|poke|p1|Gholdengo, L50|\n|poke|p1|Wo-Chien, L50|\n|poke|p1|Iron Bundle, L50|\n|poke|p1|Dragapult, L50, F|\n|poke|p1|Hippowdon, L50, F|\n|poke|p1|Glimmora, L50, M|\n|poke|p2|Indeedee-F, L50, F|\n|poke|p2|Armarouge, L50, F|\n|poke|p2|Klawf, L50, F|\n|poke|p2|Iron Hands, L50|\n|poke|p2|Iron Bundle, L50|\n|poke|p2|Meowscarada, L50, M|\n|teampreview|4\n|\n|t:|1684010774\n|start\n|switch|p1a: Hippowdon|Hippowdon, L50, F|100\/100\n|switch|p1b: Glimmora|Glimmora, L50, M|100\/100\n|switch|p2a: Indeedee|Indeedee-F, L50, F|100\/100\n|switch|p2b: Armarouge|Armarouge, L50, F|100\/100\n|-fieldstart|move: Psychic Terrain|[from] ability: Psychic Surge|[of] p2a: Indeedee\n|-weather|Sandstorm|[from] ability: Sand Stream|[of] p1a: Hippowdon\n|turn|1\n|\n|t:|1684010800\n|switch|p1b: Wo-Chien|Wo-Chien, L50|100\/100\n|-ability|p1b: Wo-Chien|Tablets of Ruin\n|-terastallize|p2b: Armarouge|Grass\n|move|p2a: Indeedee|Helping Hand|p2b: Armarouge\n|-singleturn|p2b: Armarouge|Helping Hand|[of] p2a: Indeedee\n|move|p2b: Armarouge|Expanding Force|p1b: Wo-Chien|[spread] p1a\n|-immune|p1b: Wo-Chien\n|-damage|p1a: Hippowdon|22\/100\n|-enditem|p1a: Hippowdon|Mago Berry|[eat]\n|-heal|p1a: Hippowdon|55\/100|[from] item: Mago Berry\n|move|p1a: Hippowdon|Yawn|p2b: Armarouge\n|-start|p2b: Armarouge|move: Yawn|[of] p1a: Hippowdon\n|\n|-weather|Sandstorm|[upkeep]\n|-damage|p2a: Indeedee|94\/100|[from] Sandstorm\n|-damage|p2b: Armarouge|94\/100|[from] Sandstorm\n|-damage|p1b: Wo-Chien|94\/100|[from] Sandstorm\n|-heal|p1b: Wo-Chien|100\/100|[from] item: Leftovers\n|upkeep\n|turn|2\n|\n|t:|1684010836\n|move|p2a: Indeedee|Helping Hand|p2b: Armarouge\n|-singleturn|p2b: Armarouge|Helping Hand|[of] p2a: Indeedee\n|move|p2b: Armarouge|Armor Cannon|p1b: Wo-Chien\n|-supereffective|p1b: Wo-Chien\n|-damage|p1b: Wo-Chien|0 fnt\n|-unboost|p2b: Armarouge|def|1\n|-unboost|p2b: Armarouge|spd|1\n|faint|p1b: Wo-Chien\n|move|p1a: Hippowdon|Sand Tomb|p2b: Armarouge\n|-resisted|p2b: Armarouge\n|-damage|p2b: Armarouge|85\/100\n|-activate|p2b: Armarouge|move: Sand Tomb|[of] p1a: Hippowdon\n|-ability|p2b: Armarouge|Weak Armor|boost\n|-unboost|p2b: Armarouge|def|1\n|-boost|p2b: Armarouge|spe|2\n|\n|-weather|Sandstorm|[upkeep]\n|-damage|p2b: Armarouge|79\/100|[from] Sandstorm\n|-damage|p2a: Indeedee|88\/100|[from] Sandstorm\n|-damage|p2b: Armarouge|66\/100|[from] move: Sand Tomb|[partiallytrapped]\n|-end|p2b: Armarouge|move: Yawn|[silent]\n|-status|p2b: Armarouge|slp\n|upkeep\n|\n|t:|1684010865\n|switch|p1b: Glimmora|Glimmora, L50, M|100\/100\n|turn|3\n|\n|t:|1684010880\n|cant|p2b: Armarouge|slp\n|move|p1b: Glimmora|Mortal Spin|p2a: Indeedee|[spread] p2a,p2b\n|-supereffective|p2b: Armarouge\n|-damage|p2a: Indeedee|81\/100\n|-damage|p2b: Armarouge|49\/100 slp\n|-status|p2a: Indeedee|psn\n|-ability|p2b: Armarouge|Weak Armor|boost\n|-unboost|p2b: Armarouge|def|1\n|-boost|p2b: Armarouge|spe|2\n|-enditem|p2b: Armarouge|Weakness Policy\n|-boost|p2b: Armarouge|atk|2|[from] item: Weakness Policy\n|-boost|p2b: Armarouge|spa|2|[from] item: Weakness Policy\n|move|p2a: Indeedee|Dazzling Gleam|p1b: Glimmora|[spread] p1a,p1b\n|-resisted|p1b: Glimmora\n|-damage|p1a: Hippowdon|44\/100\n|-damage|p1b: Glimmora|98\/100\n|move|p1a: Hippowdon|Sand Tomb|p2a: Indeedee\n|-damage|p2a: Indeedee|61\/100 psn\n|-activate|p2a: Indeedee|move: Sand Tomb|[of] p1a: Hippowdon\n|\n|-weather|Sandstorm|[upkeep]\n|-damage|p2b: Armarouge|43\/100 slp|[from] Sandstorm\n|-damage|p2a: Indeedee|55\/100 psn|[from] Sandstorm\n|-damage|p2a: Indeedee|42\/100 psn|[from] psn\n|-damage|p2b: Armarouge|31\/100 slp|[from] move: Sand Tomb|[partiallytrapped]\n|-damage|p2a: Indeedee|30\/100 psn|[from] move: Sand Tomb|[partiallytrapped]\n|upkeep\n|turn|4\n|inactive|Battle timer is ON: inactive players will automatically lose when time's up. (requested by IronGinger)\n|\n|t:|1684010922\n|move|p1a: Hippowdon|Protect|p1a: Hippowdon\n|-singleturn|p1a: Hippowdon|Protect\n|move|p2a: Indeedee|Follow Me|p2a: Indeedee\n|-singleturn|p2a: Indeedee|move: Follow Me\n|-curestatus|p2b: Armarouge|slp|[msg]\n|move|p2b: Armarouge|Expanding Force|p1a: Hippowdon|[spread] p1b\n|-activate|p1a: Hippowdon|move: Protect\n|-supereffective|p1b: Glimmora\n|-damage|p1b: Glimmora|0 fnt\n|faint|p1b: Glimmora\n|\n|-weather|Sandstorm|[upkeep]\n|-damage|p2b: Armarouge|24\/100|[from] Sandstorm\n|-damage|p2a: Indeedee|24\/100 psn|[from] Sandstorm\n|-enditem|p2a: Indeedee|Aguav Berry|[eat]\n|-heal|p2a: Indeedee|57\/100 psn|[from] item: Aguav Berry\n|-damage|p2a: Indeedee|45\/100 psn|[from] psn\n|-damage|p2b: Armarouge|12\/100|[from] move: Sand Tomb|[partiallytrapped]\n|-damage|p2a: Indeedee|32\/100 psn|[from] move: Sand Tomb|[partiallytrapped]\n|upkeep\n|\n|t:|1684010941\n|switch|p1b: Dragapult|Dragapult, L50, F|100\/100\n|turn|5\n|\n|t:|1684010959\n|move|p2a: Indeedee|Follow Me|p2a: Indeedee\n|-singleturn|p2a: Indeedee|move: Follow Me\n|move|p2b: Armarouge|Expanding Force|p1a: Hippowdon|[spread] p1a,p1b\n|-damage|p1a: Hippowdon|0 fnt\n|-damage|p1b: Dragapult|0 fnt\n|faint|p1a: Hippowdon\n|faint|p1b: Dragapult\n|\n|win|IronGinger\n|raw|WillieDangerously's rating: 1248 → 1227<\/strong> (-21 for losing)\n|raw|IronGinger's rating: 1310 → 1326<\/strong> (+16 for winning)\n","uploadtime":1684010967,"views":11,"p1id":"williedangerously","p2id":"ironginger","formatid":"gen9vgc2023regulationc","rating":1227,"private":0,"password":""}