{"id":"gen9vgc2023regulationc-1864014532","p1":"Ciq108","p2":"RylektVGC","format":"[Gen 9] VGC 2023 Regulation C","log":"|j|\u2606Ciq108\n|j|\u2606RylektVGC\n|t:|1684105436\n|gametype|doubles\n|player|p1|Ciq108|170|\n|player|p2|RylektVGC|flannery|\n|teamsize|p1|6\n|teamsize|p2|6\n|gen|9\n|tier|[Gen 9] VGC 2023 Regulation C\n|rule|Species Clause: Limit one of each Pok\u00e9mon\n|rule|Item Clause: Limit one of each item\n|clearpoke\n|poke|p1|Chien-Pao, L50|\n|poke|p1|Lucario, L50, M|\n|poke|p1|Gardevoir, L50, M|\n|poke|p1|Rotom-Heat, L50|\n|poke|p1|Garchomp, L50, F|\n|poke|p1|Gastrodon, L50, F|\n|poke|p2|Great Tusk, L50|\n|poke|p2|Kilowattrel, L50, F|\n|poke|p2|Torkoal, L50, F|\n|poke|p2|Oranguru, L50, F|\n|poke|p2|Umbreon, L50, M|\n|poke|p2|Persian, L50, F|\n|teampreview|4\n|c|\u2606RylektVGC|G2\n|j| Memebasedgod\n|c|\u2606RylektVGC|Glhd\n|c|\u2606RylektVGC|Glhf\n|j| thefriending\n|\n|t:|1684105814\n|start\n|switch|p1a: Gardevoir|Gardevoir, L50, M|100\/100\n|switch|p1b: Garchomp|Garchomp, L50, F|100\/100\n|switch|p2a: Open Your Heart|Persian, L50, F|100\/100\n|switch|p2b: I Am... All of Me|Oranguru, L50, F, shiny|100\/100\n|turn|1\n|\n|t:|1684105827\n|move|p2a: Open Your Heart|Taunt|p1a: Gardevoir\n|-start|p1a: Gardevoir|move: Taunt\n|move|p1b: Garchomp|Earthquake|p2a: Open Your Heart|[spread] p2a,p2b\n|-activate|p1a: Gardevoir|ability: Telepathy\n|-damage|p2a: Open Your Heart|42\/100\n|-damage|p2b: I Am... All of Me|67\/100\n|cant|p1a: Gardevoir|move: Taunt|Trick Room\n|move|p2b: I Am... All of Me|Trick Room|p2b: I Am... All of Me\n|-fieldstart|move: Trick Room|[of] p2b: I Am... All of Me\n|\n|upkeep\n|turn|2\n|j| SusJingles\n|\n|t:|1684105851\n|switch|p1a: Rotom|Rotom-Heat, L50|100\/100\n|move|p2b: I Am... All of Me|Foul Play|p1b: Garchomp\n|-damage|p1b: Garchomp|65\/100\n|-damage|p2b: I Am... All of Me|55\/100|[from] ability: Rough Skin|[of] p1b: Garchomp\n|move|p1b: Garchomp|Earthquake|p2b: I Am... All of Me|[spread] p2a,p2b\n|-immune|p1a: Rotom|[from] ability: Levitate\n|-damage|p2a: Open Your Heart|0 fnt\n|-damage|p2b: I Am... All of Me|20\/100\n|faint|p2a: Open Your Heart\n|\n|upkeep\n|\n|t:|1684105883\n|switch|p2a: Never Turn Back|Torkoal, L50, F, shiny|100\/100\n|-weather|SunnyDay|[from] ability: Drought|[of] p2a: Never Turn Back\n|turn|3\n|j| A Borygon\n|\n|t:|1684105894\n|-terastallize|p2a: Never Turn Back|Fire\n|move|p1b: Garchomp|Protect|p1b: Garchomp\n|-singleturn|p1b: Garchomp|Protect\n|move|p2a: Never Turn Back|Eruption|p1a: Rotom|[spread] p1a\n|-activate|p1b: Garchomp|move: Protect\n|-resisted|p1a: Rotom\n|-damage|p1a: Rotom|43\/100\n|-enditem|p1a: Rotom|Sitrus Berry|[eat]\n|-heal|p1a: Rotom|68\/100|[from] item: Sitrus Berry\n|move|p2b: I Am... All of Me|Instruct|p2a: Never Turn Back\n|-singleturn|p2a: Never Turn Back|move: Instruct|[of] p2b: I Am... All of Me\n|move|p2a: Never Turn Back|Eruption|p1a: Rotom|[spread] p1a\n|-activate|p1b: Garchomp|move: Protect\n|-resisted|p1a: Rotom\n|-damage|p1a: Rotom|11\/100\n|move|p1a: Rotom|Overheat|p2a: Never Turn Back\n|-resisted|p2a: Never Turn Back\n|-damage|p2a: Never Turn Back|53\/100\n|-unboost|p1a: Rotom|spa|2\n|\n|-weather|SunnyDay|[upkeep]\n|upkeep\n|turn|4\n|\n|t:|1684105923\n|move|p1a: Rotom|Protect|p1a: Rotom\n|-singleturn|p1a: Rotom|Protect\n|move|p2a: Never Turn Back|Eruption|p1b: Garchomp|[spread] p1b\n|-activate|p1a: Rotom|move: Protect\n|-resisted|p1b: Garchomp\n|-damage|p1b: Garchomp|31\/100\n|move|p2b: I Am... All of Me|Instruct|p2a: Never Turn Back\n|-singleturn|p2a: Never Turn Back|move: Instruct|[of] p2b: I Am... All of Me\n|move|p2a: Never Turn Back|Eruption|p1b: Garchomp|[spread] p1b\n|-activate|p1a: Rotom|move: Protect\n|-resisted|p1b: Garchomp\n|-damage|p1b: Garchomp|0 fnt\n|faint|p1b: Garchomp\n|\n|-weather|SunnyDay|[upkeep]\n|upkeep\n|\n|t:|1684105935\n|switch|p1b: Chien-Pao|Chien-Pao, L50|100\/100\n|-ability|p1b: Chien-Pao|Sword of Ruin\n|turn|5\n|\n|t:|1684105942\n|-terastallize|p1b: Chien-Pao|Dark\n|move|p1b: Chien-Pao|Sucker Punch|p2a: Never Turn Back\n|-damage|p2a: Never Turn Back|8\/100\n|move|p2a: Never Turn Back|Eruption|p1a: Rotom|[spread] p1a,p1b\n|-resisted|p1a: Rotom\n|-damage|p1a: Rotom|6\/100\n|-damage|p1b: Chien-Pao|88\/100\n|move|p2b: I Am... All of Me|Instruct|p2a: Never Turn Back\n|-singleturn|p2a: Never Turn Back|move: Instruct|[of] p2b: I Am... All of Me\n|move|p2a: Never Turn Back|Eruption|p1a: Rotom|[spread] p1a,p1b\n|-resisted|p1a: Rotom\n|-damage|p1a: Rotom|1\/100\n|-damage|p1b: Chien-Pao|75\/100\n|move|p1a: Rotom|Overheat|p2b: I Am... All of Me\n|-damage|p2b: I Am... All of Me|0 fnt\n|-unboost|p1a: Rotom|spa|2\n|faint|p2b: I Am... All of Me\n|\n|-weather|SunnyDay|[upkeep]\n|-fieldend|move: Trick Room\n|upkeep\n|\n|t:|1684105947\n|switch|p2b: Seven Rings|Umbreon, L50, M|100\/100\n|turn|6\n|\n|t:|1684105968\n|move|p1b: Chien-Pao|Protect|p1b: Chien-Pao\n|-singleturn|p1b: Chien-Pao|Protect\n|move|p2a: Never Turn Back|Protect|p2a: Never Turn Back\n|-singleturn|p2a: Never Turn Back|Protect\n|move|p1a: Rotom|Discharge|p2a: Never Turn Back|[spread] p2b\n|-activate|p1b: Chien-Pao|move: Protect\n|-activate|p2a: Never Turn Back|move: Protect\n|-damage|p2b: Seven Rings|96\/100\n|move|p2b: Seven Rings|Snarl|p1a: Rotom|[spread] p1a\n|-activate|p1b: Chien-Pao|move: Protect\n|-crit|p1a: Rotom\n|-damage|p1a: Rotom|0 fnt\n|faint|p1a: Rotom\n|\n|-weather|SunnyDay|[upkeep]\n|-heal|p2b: Seven Rings|100\/100|[from] item: Leftovers\n|upkeep\n|\n|t:|1684105988\n|switch|p1a: Gardevoir|Gardevoir, L50, M|100\/100\n|turn|7\n|\n|t:|1684106000\n|move|p1a: Gardevoir|Trick|p2b: Seven Rings\n|-activate|p1a: Gardevoir|move: Trick|[of] p2b: Seven Rings\n|-item|p2b: Seven Rings|Choice Scarf|[from] move: Trick\n|-item|p1a: Gardevoir|Leftovers|[from] move: Trick\n|move|p1b: Chien-Pao|Crunch|p2a: Never Turn Back\n|-damage|p2a: Never Turn Back|0 fnt\n|faint|p2a: Never Turn Back\n|move|p2b: Seven Rings|Snarl|p1a: Gardevoir|[spread] p1a,p1b\n|-resisted|p1b: Chien-Pao\n|-damage|p1a: Gardevoir|89\/100\n|-damage|p1b: Chien-Pao|67\/100\n|-unboost|p1a: Gardevoir|spa|1\n|-unboost|p1b: Chien-Pao|spa|1\n|\n|-weather|none\n|-heal|p1a: Gardevoir|95\/100|[from] item: Leftovers\n|upkeep\n|turn|8\n|\n|t:|1684106019\n|move|p1b: Chien-Pao|Ice Spinner|p2b: Seven Rings\n|-damage|p2b: Seven Rings|63\/100\n|move|p1a: Gardevoir|Moonblast|p2b: Seven Rings\n|-supereffective|p2b: Seven Rings\n|-damage|p2b: Seven Rings|24\/100\n|-unboost|p2b: Seven Rings|spa|1\n|move|p2b: Seven Rings|Snarl|p1b: Chien-Pao|[spread] p1a\n|-miss|p2b: Seven Rings|p1b: Chien-Pao\n|-damage|p1a: Gardevoir|88\/100\n|-unboost|p1a: Gardevoir|spa|1\n|\n|-heal|p1a: Gardevoir|94\/100|[from] item: Leftovers\n|upkeep\n|turn|9\n|\n|t:|1684106028\n|move|p1b: Chien-Pao|Ice Spinner|p2b: Seven Rings\n|-damage|p2b: Seven Rings|0 fnt\n|faint|p2b: Seven Rings\n|\n|win|Ciq108\n|c|\u2606RylektVGC|gg\n|c|\u2606Ciq108|Gg\n|c| Memebasedgod|gg\n","uploadtime":1684106034,"views":9,"p1id":"ciq108","p2id":"rylektvgc","formatid":"gen9vgc2023regulationc","rating":0,"private":0,"password":""}