{"id":"gen9vgc2023regulationc-1858381394","p1":"supaflytnt","p2":"furiousduffman","format":"[Gen 9] VGC 2023 Regulation C","log":"|j|\u2606supaflytnt\n|j|\u2606furiousduffman\n|t:|1683307094\n|gametype|doubles\n|player|p1|supaflytnt|102|1224\n|player|p2|furiousduffman|1|1229\n|teamsize|p1|6\n|teamsize|p2|6\n|gen|9\n|tier|[Gen 9] VGC 2023 Regulation C\n|rated|\n|rule|Species Clause: Limit one of each Pok\u00e9mon\n|rule|Item Clause: Limit one of each item\n|clearpoke\n|poke|p1|Florges, L50, F|\n|poke|p1|Iron Moth, L50|\n|poke|p1|Flutter Mane, L50|\n|poke|p1|Orthworm, L50, M|\n|poke|p1|Torkoal, L50, M|\n|poke|p1|Tatsugiri, L50, M|\n|poke|p2|Tatsugiri, L50, F|\n|poke|p2|Dondozo, L50, F|\n|poke|p2|Glimmora, L50, M|\n|poke|p2|Flutter Mane, L50|\n|poke|p2|Amoonguss, L50, F|\n|poke|p2|Arcanine, L50, F|\n|teampreview|4\nsupaflytnt has agreed to open team sheets.\n|inactive|Battle timer is ON: inactive players will automatically lose when time's up. (requested by furiousduffman)\n|inactive|supaflytnt has 60 seconds left.\n|inactive|supaflytnt has 30 seconds left.\n|inactive|supaflytnt has 20 seconds left.\n|inactive|supaflytnt has 15 seconds left.\n|inactive|supaflytnt has 10 seconds left.\n|inactive|supaflytnt has 5 seconds left.\n|\n|t:|1683307188\n|start\n|switch|p1a: Gucci Mane|Flutter Mane, L50, shiny|100\/100\n|switch|p1b: Earthworm Jim|Orthworm, L50, M|100\/100\n|switch|p2a: Glimmora|Glimmora, L50, M|100\/100\n|switch|p2b: Dondozo|Dondozo, L50, F|100\/100\n|turn|1\n|inactive|supaflytnt has 30 seconds left.\n|inactive|furiousduffman has 30 seconds left.\n|inactive|supaflytnt has 20 seconds left.\n|\n|t:|1683307224\n|-end|p1a: Gucci Mane|Protosynthesis|[silent]\n|switch|p1a: Padak|Tatsugiri, L50, M|100\/100\n|-terastallize|p2a: Glimmora|Flying\n|move|p2a: Glimmora|Reflect|p2a: Glimmora\n|-sidestart|p2: furiousduffman|Reflect\n|move|p1b: Earthworm Jim|Heavy Slam|p2a: Glimmora\n|-damage|p2a: Glimmora|76\/100\n|-damage|p1b: Earthworm Jim|84\/100|[from] item: Rocky Helmet|[of] p2a: Glimmora\n|-activate|p2a: Glimmora|ability: Toxic Debris\n|-sidestart|p1: supaflytnt|move: Toxic Spikes\n|move|p2b: Dondozo|Heavy Slam|p1a: Padak\n|-resisted|p1a: Padak\n|-damage|p1a: Padak|74\/100\n|\n|upkeep\n|turn|2\n|inactive|supaflytnt has 30 seconds left.\n|inactive|furiousduffman has 30 seconds left.\n|inactive|supaflytnt has 20 seconds left.\n|inactive|furiousduffman has 20 seconds left.\n|inactive|supaflytnt has 15 seconds left.\n|inactive|furiousduffman has 15 seconds left.\n|\n|t:|1683307265\n|move|p2a: Glimmora|Power Gem|p1a: Padak\n|-damage|p1a: Padak|38\/100\n|move|p1a: Padak|Muddy Water|p2a: Glimmora|[spread] p2b\n|-miss|p1a: Padak|p2a: Glimmora\n|-resisted|p2b: Dondozo\n|-damage|p2b: Dondozo|91\/100\n|move|p1b: Earthworm Jim|Heavy Slam|p2a: Glimmora\n|-damage|p2a: Glimmora|55\/100\n|-damage|p1b: Earthworm Jim|68\/100|[from] item: Rocky Helmet|[of] p2a: Glimmora\n|-activate|p2a: Glimmora|ability: Toxic Debris\n|-sidestart|p1: supaflytnt|move: Toxic Spikes\n|move|p2b: Dondozo|Liquidation|p1a: Padak\n|-activate|p1a: Padak|ability: Storm Drain\n|-ability|p1a: Padak|Storm Drain|boost\n|-boost|p1a: Padak|spa|1\n|\n|upkeep\n|turn|3\n|inactive|supaflytnt has 30 seconds left.\n|inactive|furiousduffman has 30 seconds left.\n|inactive|supaflytnt has 20 seconds left.\n|inactive|furiousduffman has 20 seconds left.\n|inactive|furiousduffman has 15 seconds left.\n|\n|t:|1683307305\n|move|p2a: Glimmora|Power Gem|p1a: Padak\n|-damage|p1a: Padak|0 fnt\n|faint|p1a: Padak\n|move|p1b: Earthworm Jim|Shed Tail|p1b: Earthworm Jim\n|-start|p1b: Earthworm Jim|Substitute|[from] move: Shed Tail\n|-damage|p1b: Earthworm Jim|18\/100\n|-enditem|p1b: Earthworm Jim|Sitrus Berry|[eat]\n|-heal|p1b: Earthworm Jim|43\/100|[from] item: Sitrus Berry\n|\n|t:|1683307312\n|switch|p1b: ADI|Iron Moth, L50|100\/100|[from] Shed Tail\n|-enditem|p1b: ADI|Booster Energy\n|-activate|p1b: ADI|ability: Quark Drive|[fromitem]\n|-start|p1b: ADI|quarkdrivespa\n|-sideend|p1: supaflytnt|move: Toxic Spikes|[of] p1b: ADI\n|move|p2b: Dondozo|Avalanche|p1b: ADI\n|-resisted|p1b: ADI\n|-activate|p1b: ADI|move: Substitute|[damage]\n|\n|upkeep\n|\n|t:|1683307332\n|switch|p1a: Earthworm Jim|Orthworm, L50, M|43\/100\n|turn|4\n|\n|t:|1683307352\n|-terastallize|p1b: ADI|Grass\n|move|p1b: ADI|Energy Ball|p2b: Dondozo\n|-supereffective|p2b: Dondozo\n|-damage|p2b: Dondozo|20\/100\n|move|p2a: Glimmora|Power Gem|p1b: ADI\n|-end|p1b: ADI|Substitute\n|move|p1a: Earthworm Jim|Heavy Slam|p2a: Glimmora\n|-damage|p2a: Glimmora|32\/100\n|-damage|p1a: Earthworm Jim|27\/100|[from] item: Rocky Helmet|[of] p2a: Glimmora\n|-activate|p2a: Glimmora|ability: Toxic Debris\n|-sidestart|p1: supaflytnt|move: Toxic Spikes\n|move|p2b: Dondozo|Liquidation|p1b: ADI\n|-resisted|p1b: ADI\n|-damage|p1b: ADI|72\/100\n|\n|upkeep\n|turn|5\n|inactive|supaflytnt has 30 seconds left.\n|inactive|furiousduffman has 30 seconds left.\n|inactive|supaflytnt has 20 seconds left.\n|\n|t:|1683307391\n|move|p1b: ADI|Heat Wave|p2b: Dondozo|[spread] \n|-miss|p1b: ADI|p2a: Glimmora\n|-miss|p1b: ADI|p2b: Dondozo\n|move|p2a: Glimmora|Venoshock|p1b: ADI\n|-supereffective|p1b: ADI\n|-damage|p1b: ADI|17\/100\n|move|p1a: Earthworm Jim|Body Press|p2b: Dondozo\n|-damage|p2b: Dondozo|7\/100\n|move|p2b: Dondozo|Liquidation|p1a: Earthworm Jim\n|-damage|p1a: Earthworm Jim|5\/100\n|\n|-sideend|p2: furiousduffman|Reflect\n|upkeep\n|turn|6\n|inactive|supaflytnt has 30 seconds left.\n|inactive|furiousduffman has 30 seconds left.\n|inactive|supaflytnt has 20 seconds left.\n|inactive|furiousduffman has 20 seconds left.\n|inactive|supaflytnt has 15 seconds left.\n|\n|t:|1683307431\n|move|p1b: ADI|Heat Wave|p2a: Glimmora|[spread] p2a,p2b\n|-resisted|p2b: Dondozo\n|-damage|p2a: Glimmora|0 fnt\n|-damage|p2b: Dondozo|0 fnt\n|faint|p2a: Glimmora\n|faint|p2b: Dondozo\n|move|p1a: Earthworm Jim|Heavy Slam|p2: Glimmora|[notarget]\n|-fail|p1a: Earthworm Jim\n|\n|upkeep\n|\n|t:|1683307439\n|switch|p2a: Tatsugiri|Tatsugiri, L50, F|100\/100\n|switch|p2b: Flutter Mane|Flutter Mane, L50|100\/100\n|turn|7\n|-message|supaflytnt forfeited.\n|\n|win|furiousduffman\n|raw|supaflytnt's rating: 1224 → 1199<\/strong> (-25 for losing)\n|raw|furiousduffman's rating: 1229 → 1254<\/strong> (+25 for winning)\n|l|\u2606furiousduffman\n","uploadtime":1683307758,"views":14,"p1id":"supaflytnt","p2id":"furiousduffman","formatid":"gen9vgc2023regulationc","rating":1199,"private":0,"password":""}