{"id":"gen9vgc2023regulationc-1856271927","p1":"Insertable194","p2":"ClessCL","format":"[Gen 9] VGC 2023 Regulation C","log":"|j|\u2606Insertable194\n|j|\u2606ClessCL\n|t:|1683046446\n|gametype|doubles\n|player|p1|Insertable194|hilbert-wonderlauncher|1498\n|player|p2|ClessCL|lance|1566\n|teamsize|p1|6\n|teamsize|p2|6\n|gen|9\n|tier|[Gen 9] VGC 2023 Regulation C\n|rated|\n|rule|Species Clause: Limit one of each Pok\u00e9mon\n|rule|Item Clause: Limit one of each item\n|clearpoke\n|poke|p1|Talonflame, L50, F|\n|poke|p1|Dragapult, L50, M|\n|poke|p1|Flutter Mane, L50|\n|poke|p1|Chien-Pao, L50|\n|poke|p1|Chi-Yu, L50|\n|poke|p1|Iron Bundle, L50|\n|poke|p2|Gyarados, L50, F|\n|poke|p2|Iron Moth, L50|\n|poke|p2|Tinkaton, L50, F|\n|poke|p2|Murkrow, L50, M|\n|poke|p2|Flutter Mane, L50|\n|poke|p2|Wo-Chien, L50|\n|teampreview|4\n|inactive|Battle timer is ON: inactive players will automatically lose when time's up. (requested by ClessCL)\nInsertable194 has agreed to open team sheets.\n|inactive|Insertable194 has 60 seconds left.\n|inactive|ClessCL has 60 seconds left.\nClessCL has agreed to open team sheets.\n|inactive|Insertable194 has 30 seconds left.\n|inactive|Insertable194 has 20 seconds left.\n|\n|t:|1683046520\n|start\n|switch|p1a: Talonflame|Talonflame, L50, F|100\/100\n|switch|p1b: Iron Bundle|Iron Bundle, L50|100\/100\n|switch|p2a: Tinkaton|Tinkaton, L50, F|100\/100\n|switch|p2b: Iron Moth|Iron Moth, L50|100\/100\n|-ability|p2a: Tinkaton|Mold Breaker\n|-enditem|p1b: Iron Bundle|Booster Energy\n|-activate|p1b: Iron Bundle|ability: Quark Drive|[fromitem]\n|-start|p1b: Iron Bundle|quarkdrivespe\n|turn|1\n|inactive|Insertable194 has 30 seconds left.\n|inactive|ClessCL has 30 seconds left.\n|\n|t:|1683046550\n|-terastallize|p1a: Talonflame|Ghost\n|move|p1b: Iron Bundle|Protect|p1b: Iron Bundle\n|-singleturn|p1b: Iron Bundle|Protect\n|move|p1a: Talonflame|Taunt|p2a: Tinkaton\n|-start|p2a: Tinkaton|move: Taunt\n|move|p2b: Iron Moth|Sludge Wave|p1a: Talonflame|[spread] p1a\n|-activate|p1b: Iron Bundle|move: Protect\n|-immune|p2a: Tinkaton\n|-resisted|p1a: Talonflame\n|-damage|p1a: Talonflame|61\/100\n|-enditem|p1a: Talonflame|Eject Button\n|-damage|p2b: Iron Moth|91\/100|[from] item: Life Orb\n|\n|t:|1683046561\n|switch|p1a: Chi-Yu|Chi-Yu, L50|100\/100\n|-ability|p1a: Chi-Yu|Beads of Ruin\n|move|p2a: Tinkaton|Gigaton Hammer|p1b: Iron Bundle\n|-activate|p1b: Iron Bundle|move: Protect\n|\n|upkeep\n|turn|2\n|\n|t:|1683046586\n|move|p2a: Tinkaton|Fake Out||[still]\n|-hint|Fake Out only works on your first turn out.\n|-fail|p2a: Tinkaton\n|move|p1b: Iron Bundle|Hydro Pump|p2b: Iron Moth|[miss]\n|-miss|p1b: Iron Bundle|p2b: Iron Moth\n|move|p1a: Chi-Yu|Heat Wave|p2a: Tinkaton|[spread] p2a,p2b\n|-supereffective|p2a: Tinkaton\n|-resisted|p2b: Iron Moth\n|-damage|p2a: Tinkaton|0 fnt\n|-damage|p2b: Iron Moth|62\/100\n|faint|p2a: Tinkaton\n|move|p2b: Iron Moth|Sludge Wave|p1a: Chi-Yu|[spread] p1a,p1b\n|-damage|p1a: Chi-Yu|47\/100\n|-damage|p1b: Iron Bundle|0 fnt\n|faint|p1b: Iron Bundle\n|-end|p1b: Iron Bundle|Quark Drive|[silent]\n|-damage|p2b: Iron Moth|52\/100|[from] item: Life Orb\n|\n|upkeep\n|\n|t:|1683046609\n|switch|p1b: Talonflame|Talonflame, L50, F, tera:Ghost|61\/100\n|switch|p2a: Wo-Chien|Wo-Chien, L50|100\/100\n|-ability|p2a: Wo-Chien|Tablets of Ruin\n|turn|3\n|\n|t:|1683046632\n|-terastallize|p2a: Wo-Chien|Fire\n|move|p1a: Chi-Yu|Heat Wave|p2a: Wo-Chien|[spread] p2a,p2b\n|-resisted|p2a: Wo-Chien\n|-resisted|p2b: Iron Moth\n|-damage|p2a: Wo-Chien|87\/100\n|-damage|p2b: Iron Moth|24\/100\n|move|p1b: Talonflame|Brave Bird|p2b: Iron Moth\n|-damage|p2b: Iron Moth|0 fnt\n|faint|p2b: Iron Moth\n|-end|p2b: Iron Moth|Quark Drive|[silent]\n|-damage|p1b: Talonflame|53\/100|[from] Recoil\n|move|p2a: Wo-Chien|Snarl|p1b: Talonflame|[spread] p1a,p1b\n|-resisted|p1a: Chi-Yu\n|-supereffective|p1b: Talonflame\n|-damage|p1a: Chi-Yu|35\/100\n|-damage|p1b: Talonflame|0 fnt\n|-unboost|p1a: Chi-Yu|spa|1\n|faint|p1b: Talonflame\n|\n|upkeep\n|\n|t:|1683046647\n|switch|p1b: Flutter Mane|Flutter Mane, L50|100\/100\n|switch|p2b: Flutter Mane|Flutter Mane, L50|100\/100\n|-enditem|p2b: Flutter Mane|Booster Energy\n|-activate|p2b: Flutter Mane|ability: Protosynthesis|[fromitem]\n|-start|p2b: Flutter Mane|protosynthesisspa\n|turn|4\n|\n|t:|1683046665\n|move|p2b: Flutter Mane|Protect|p2b: Flutter Mane\n|-singleturn|p2b: Flutter Mane|Protect\n|move|p1a: Chi-Yu|Heat Wave|p2a: Wo-Chien|[spread] \n|-activate|p2b: Flutter Mane|move: Protect\n|-miss|p1a: Chi-Yu|p2a: Wo-Chien\n|move|p1b: Flutter Mane|Shadow Ball|p2b: Flutter Mane\n|-activate|p2b: Flutter Mane|move: Protect\n|move|p2a: Wo-Chien|Snarl|p1b: Flutter Mane|[spread] p1a,p1b\n|-resisted|p1a: Chi-Yu\n|-damage|p1a: Chi-Yu|25\/100\n|-damage|p1b: Flutter Mane|72\/100\n|-unboost|p1a: Chi-Yu|spa|1\n|-unboost|p1b: Flutter Mane|spa|1\n|\n|upkeep\n|turn|5\n|\n|t:|1683046680\n|move|p1a: Chi-Yu|Heat Wave|p2b: Flutter Mane|[spread] p2a,p2b\n|-resisted|p2a: Wo-Chien\n|-damage|p2a: Wo-Chien|81\/100\n|-damage|p2b: Flutter Mane|75\/100\n|-status|p2b: Flutter Mane|brn\n|move|p1b: Flutter Mane|Shadow Ball|p2b: Flutter Mane\n|-supereffective|p2b: Flutter Mane\n|-damage|p2b: Flutter Mane|0 fnt\n|faint|p2b: Flutter Mane\n|-end|p2b: Flutter Mane|Protosynthesis|[silent]\n|move|p2a: Wo-Chien|Snarl|p1b: Flutter Mane|[spread] p1a,p1b\n|-resisted|p1a: Chi-Yu\n|-damage|p1a: Chi-Yu|14\/100\n|-damage|p1b: Flutter Mane|44\/100\n|-unboost|p1a: Chi-Yu|spa|1\n|-unboost|p1b: Flutter Mane|spa|1\n|\n|upkeep\n|turn|6\n|\n|t:|1683046694\n|move|p1a: Chi-Yu|Heat Wave|p2a: Wo-Chien\n|-resisted|p2a: Wo-Chien\n|-damage|p2a: Wo-Chien|73\/100\n|move|p1b: Flutter Mane|Shadow Ball|p2a: Wo-Chien\n|-damage|p2a: Wo-Chien|52\/100\n|move|p2a: Wo-Chien|Snarl|p1b: Flutter Mane|[spread] p1a,p1b\n|-resisted|p1a: Chi-Yu\n|-damage|p1a: Chi-Yu|2\/100\n|-damage|p1b: Flutter Mane|16\/100\n|-unboost|p1a: Chi-Yu|spa|1\n|-unboost|p1b: Flutter Mane|spa|1\n|\n|upkeep\n|turn|7\n|\n|t:|1683046705\n|move|p1a: Chi-Yu|Heat Wave|p2a: Wo-Chien\n|-resisted|p2a: Wo-Chien\n|-damage|p2a: Wo-Chien|45\/100\n|move|p1b: Flutter Mane|Shadow Ball|p2a: Wo-Chien\n|-damage|p2a: Wo-Chien|28\/100\n|move|p2a: Wo-Chien|Snarl|p1a: Chi-Yu|[spread] p1a,p1b\n|-resisted|p1a: Chi-Yu\n|-damage|p1a: Chi-Yu|0 fnt\n|-damage|p1b: Flutter Mane|0 fnt\n|faint|p1a: Chi-Yu\n|faint|p1b: Flutter Mane\n|-end|p1b: Flutter Mane|Protosynthesis|[silent]\n|\n|win|ClessCL\n|raw|Insertable194's rating: 1498 → 1482<\/strong> (-16 for losing)\n|raw|ClessCL's rating: 1566 → 1582<\/strong> (+16 for winning)\n|l|\u2606Insertable194\n","uploadtime":1683046711,"views":10,"p1id":"insertable194","p2id":"clesscl","formatid":"gen9vgc2023regulationc","rating":1482,"private":0,"password":""}