{"id":"gen9vgc2023regulationc-1844977667","p1":"Kaouwu(He\/They)","p2":"CJCUTest","format":"[Gen 9] VGC 2023 Regulation C","log":"|j|\u2606Kaouwu(He\/They)\n|j|\u2606CJCUTest\n|t:|1681670230\n|gametype|doubles\n|player|p1|Kaouwu(He\/They)|marley|1078\n|player|p2|CJCUTest|iono|1000\n|teamsize|p1|6\n|teamsize|p2|6\n|gen|9\n|tier|[Gen 9] VGC 2023 Regulation C\n|rated|\n|rule|Species Clause: Limit one of each Pok\u00e9mon\n|rule|Item Clause: Limit one of each item\n|clearpoke\n|poke|p1|Gothitelle, L50, M|\n|poke|p1|Iron Hands, L50|\n|poke|p1|Palafin, L50, M|\n|poke|p1|Chien-Pao, L50|\n|poke|p1|Flutter Mane, L50|\n|poke|p1|Amoonguss, L50, M|\n|poke|p2|Dragonite, L50, M|\n|poke|p2|Chi-Yu, L50|\n|poke|p2|Palafin, L50, F|\n|poke|p2|Amoonguss, L50, M|\n|poke|p2|Flutter Mane, L50|\n|poke|p2|Arcanine, L50, F|\n|teampreview|4\nCJCUTest has agreed to open team sheets.\n|\n|t:|1681670272\n|start\n|switch|p1a: CBD|Gothitelle, L50, M|100\/100\n|switch|p1b: Colocon|Palafin, L50, M, shiny|100\/100\n|switch|p2a: Flutter Mane|Flutter Mane, L50|100\/100\n|switch|p2b: Palafin|Palafin, L50, F|100\/100\n|turn|1\n|\n|t:|1681670293\n|move|p2b: Palafin|Protect|p2b: Palafin\n|-singleturn|p2b: Palafin|Protect\n|move|p1a: CBD|Fake Out|p2b: Palafin\n|-activate|p2b: Palafin|move: Protect\n|move|p2a: Flutter Mane|Dazzling Gleam|p1a: CBD|[spread] p1a,p1b\n|-crit|p1b: Colocon\n|-damage|p1a: CBD|63\/100\n|-damage|p1b: Colocon|2\/100\n|move|p1b: Colocon|Flip Turn|p2a: Flutter Mane\n|-damage|p2a: Flutter Mane|56\/100\n|\n|t:|1681670304\n|detailschange|p1b: Colocon|Palafin-Hero, L50, M, shiny\n|switch|p1b: THC|Iron Hands, L50, shiny|100\/100|[from] Flip Turn\n|\n|-heal|p1a: CBD|69\/100|[from] item: Leftovers\n|upkeep\n|turn|2\n|\n|t:|1681670317\n|move|p2b: Palafin|Jet Punch|p1a: CBD\n|-crit|p1a: CBD\n|-damage|p1a: CBD|34\/100\n|move|p2a: Flutter Mane|Dazzling Gleam|p1b: THC|[spread] p1a,p1b\n|-supereffective|p1b: THC\n|-damage|p1a: CBD|0 fnt\n|-damage|p1b: THC|49\/100\n|faint|p1a: CBD\n|move|p1b: THC|Wild Charge|p2a: Flutter Mane\n|-damage|p2a: Flutter Mane|0 fnt\n|faint|p2a: Flutter Mane\n|-end|p2a: Flutter Mane|Protosynthesis|[silent]\n|-damage|p1b: THC|41\/100|[from] Recoil\n|\n|upkeep\n|\n|t:|1681670329\n|switch|p2a: Arcanine|Arcanine, L50, F|100\/100\n|switch|p1a: Mota|Flutter Mane, L50, shiny|100\/100\n|-ability|p2a: Arcanine|Intimidate|boost\n|-unboost|p1a: Mota|atk|1\n|-unboost|p1b: THC|atk|1\n|turn|3\n|\n|t:|1681670341\n|detailschange|p2b: Palafin|Palafin-Hero, L50, F\n|switch|p2b: Amoonguss|Amoonguss, L50, M|100\/100\n|-terastallize|p1a: Mota|Fairy\n|move|p1a: Mota|Dazzling Gleam|p2b: Amoonguss|[spread] p2a,p2b\n|-resisted|p2a: Arcanine\n|-resisted|p2b: Amoonguss\n|-damage|p2a: Arcanine|70\/100\n|-damage|p2b: Amoonguss|72\/100\n|-damage|p1a: Mota|91\/100|[from] item: Life Orb\n|move|p2a: Arcanine|Will-O-Wisp|p1b: THC\n|-status|p1b: THC|brn\n|move|p1b: THC|Close Combat|p2a: Arcanine\n|-damage|p2a: Arcanine|51\/100\n|-unboost|p1b: THC|def|1\n|-unboost|p1b: THC|spd|1\n|\n|-damage|p1b: THC|35\/100 brn|[from] brn\n|upkeep\n|turn|4\n|\n|t:|1681670376\n|move|p1a: Mota|Dazzling Gleam|p2a: Arcanine|[spread] p2a,p2b\n|-resisted|p2a: Arcanine\n|-resisted|p2b: Amoonguss\n|-damage|p2a: Arcanine|18\/100\n|-damage|p2b: Amoonguss|46\/100\n|-enditem|p2b: Amoonguss|Sitrus Berry|[eat]\n|-heal|p2b: Amoonguss|71\/100|[from] item: Sitrus Berry\n|-damage|p1a: Mota|81\/100|[from] item: Life Orb\n|move|p2a: Arcanine|Flare Blitz|p1b: THC\n|-damage|p1b: THC|0 fnt\n|faint|p1b: THC\n|-end|p1b: THC|Quark Drive|[silent]\n|-damage|p2a: Arcanine|4\/100|[from] Recoil\n|move|p2b: Amoonguss|Spore|p1a: Mota\n|-status|p1a: Mota|slp|[from] move: Spore\n|\n|upkeep\n|\n|t:|1681670389\n|switch|p1b: Colocon|Palafin-Hero, L50, M, shiny|2\/100\n|-activate|p1b: Colocon|ability: Zero to Hero\n|turn|5\n|\n|t:|1681670398\n|move|p1b: Colocon|Protect|p1b: Colocon\n|-singleturn|p1b: Colocon|Protect\n|move|p2a: Arcanine|Protect|p2a: Arcanine\n|-singleturn|p2a: Arcanine|Protect\n|cant|p1a: Mota|slp\n|move|p2b: Amoonguss|Spore|p1b: Colocon\n|-activate|p1b: Colocon|move: Protect\n|\n|upkeep\n|turn|6\n|\n|t:|1681670419\n|cant|p1a: Mota|slp\n|move|p1b: Colocon|Wave Crash|p2a: Arcanine\n|-supereffective|p2a: Arcanine\n|-damage|p2a: Arcanine|0 fnt\n|faint|p2a: Arcanine\n|-damage|p1b: Colocon|1\/100|[from] Recoil\n|move|p2b: Amoonguss|Pollen Puff|p1b: Colocon\n|-damage|p1b: Colocon|0 fnt\n|faint|p1b: Colocon\n|\n|upkeep\n|\n|t:|1681670430\n|switch|p2a: Palafin|Palafin-Hero, L50, F|100\/100\n|-activate|p2a: Palafin|ability: Zero to Hero\n|turn|7\n|\n|t:|1681670440\n|-terastallize|p2a: Palafin|Water\n|move|p2a: Palafin|Jet Punch|p1a: Mota\n|-damage|p1a: Mota|0 fnt\n|faint|p1a: Mota\n|-end|p1a: Mota|Protosynthesis|[silent]\n|\n|win|CJCUTest\n|raw|Kaouwu(He/They)'s rating: 1078 → 1052<\/strong> (-26 for losing)\n|raw|CJCUTest's rating: 1000 → 1049<\/strong> (+49 for winning)\n","uploadtime":1681670496,"views":7,"p1id":"kaouwuhethey","p2id":"cjcutest","formatid":"gen9vgc2023regulationc","rating":1049,"private":0,"password":""}