{"id":"gen9vgc2023regulationc-1847536301","p1":"philmega","p2":"GB Seraphix","format":"[Gen 9] VGC 2023 Regulation C","log":"|j|\u2606philmega\n|j|\u2606GB Seraphix\n|t:|1681969172\n|gametype|doubles\n|player|p1|philmega|steven|1174\n|player|p2|GB Seraphix|rosa|1206\n|teamsize|p1|6\n|teamsize|p2|6\n|gen|9\n|tier|[Gen 9] VGC 2023 Regulation C\n|rated|\n|rule|Species Clause: Limit one of each Pok\u00e9mon\n|rule|Item Clause: Limit one of each item\n|clearpoke\n|poke|p1|Scizor, L50, F|\n|poke|p1|Iron Bundle, L50|\n|poke|p1|Gastrodon, L50, F|\n|poke|p1|Flutter Mane, L50|\n|poke|p1|Talonflame, L50, M|\n|poke|p1|Chi-Yu, L50|\n|poke|p2|Chi-Yu, L50|\n|poke|p2|Dachsbun, L50, F|\n|poke|p2|Flutter Mane, L50|\n|poke|p2|Baxcalibur, L50, M|\n|poke|p2|Amoonguss, L50, M|\n|poke|p2|Rotom-Wash, L50|\n|teampreview|4\n|inactive|Battle timer is ON: inactive players will automatically lose when time's up. (requested by philmega)\nphilmega has agreed to open team sheets.\n|inactive|philmega has 60 seconds left.\n|inactive|GB Seraphix has 60 seconds left.\n|\n|t:|1681969230\n|start\n|switch|p1a: Scizor|Scizor, L50, F|100\/100\n|switch|p1b: Gastrodon|Gastrodon, L50, F|100\/100\n|switch|p2a: Red Sus|Amoonguss, L50, M|100\/100\n|switch|p2b: BB|Flutter Mane, L50|100\/100\n|-enditem|p2b: BB|Booster Energy\n|-activate|p2b: BB|ability: Protosynthesis|[fromitem]\n|-start|p2b: BB|protosynthesisspe\n|turn|1\n|inactive|GB Seraphix has 30 seconds left.\n|\n|t:|1681969262\n|move|p2b: BB|Protect|p2b: BB\n|-singleturn|p2b: BB|Protect\n|move|p1a: Scizor|Protect|p1a: Scizor\n|-singleturn|p1a: Scizor|Protect\n|move|p1b: Gastrodon|Yawn|p2a: Red Sus\n|-start|p2a: Red Sus|move: Yawn|[of] p1b: Gastrodon\n|move|p2a: Red Sus|Spore|p1b: Gastrodon\n|-status|p1b: Gastrodon|slp|[from] move: Spore\n|\n|upkeep\n|turn|2\n|\n|t:|1681969284\n|switch|p2a: Gardenia|Dachsbun, L50, F|100\/100\n|-terastallize|p2b: BB|Grass\n|move|p1a: Scizor|Bullet Punch|p2b: BB\n|-damage|p2b: BB|39\/100\n|move|p2b: BB|Shadow Ball|p1a: Scizor\n|-damage|p1a: Scizor|44\/100\n|cant|p1b: Gastrodon|slp\n|\n|upkeep\n|turn|3\n|\n|t:|1681969303\n|move|p2b: BB|Protect|p2b: BB\n|-singleturn|p2b: BB|Protect\n|move|p2a: Gardenia|Protect|p2a: Gardenia\n|-singleturn|p2a: Gardenia|Protect\n|move|p1a: Scizor|Protect|p1a: Scizor\n|-singleturn|p1a: Scizor|Protect\n|cant|p1b: Gastrodon|slp\n|\n|upkeep\n|turn|4\n|\n|t:|1681969320\n|-end|p2b: BB|Protosynthesis|[silent]\n|switch|p2b: Red Sus|Amoonguss, L50, M|100\/100\n|move|p2a: Gardenia|Body Press|p1a: Scizor\n|-crit|p1a: Scizor\n|-damage|p1a: Scizor|9\/100\n|move|p1a: Scizor|Close Combat|p2b: Red Sus\n|-resisted|p2b: Red Sus\n|-damage|p2b: Red Sus|79\/100\n|-unboost|p1a: Scizor|def|1\n|-unboost|p1a: Scizor|spd|1\n|-damage|p1a: Scizor|0 fnt|[from] item: Rocky Helmet|[of] p2b: Red Sus\n|faint|p1a: Scizor\n|-curestatus|p1b: Gastrodon|slp|[msg]\n|move|p1b: Gastrodon|Yawn|p2a: Gardenia\n|-start|p2a: Gardenia|move: Yawn|[of] p1b: Gastrodon\n|\n|upkeep\n|\n|t:|1681969331\n|switch|p1a: Iron Bundle|Iron Bundle, L50, shiny|100\/100\n|-enditem|p1a: Iron Bundle|Booster Energy\n|-activate|p1a: Iron Bundle|ability: Quark Drive|[fromitem]\n|-start|p1a: Iron Bundle|quarkdrivespe\n|turn|5\n|inactive|GB Seraphix has 30 seconds left.\n|inactive|GB Seraphix has 20 seconds left.\n|\n|t:|1681969369\n|switch|p2a: BB|Flutter Mane, L50, tera:Grass|39\/100\n|move|p1a: Iron Bundle|Protect|p1a: Iron Bundle\n|-singleturn|p1a: Iron Bundle|Protect\n|move|p1b: Gastrodon|Yawn|p2b: Red Sus\n|-start|p2b: Red Sus|move: Yawn|[of] p1b: Gastrodon\n|move|p2b: Red Sus|Pollen Puff|p2a: BB\n|-heal|p2a: BB|89\/100\n|\n|upkeep\n|turn|6\n|\n|t:|1681969392\n|switch|p2b: Gardenia|Dachsbun, L50, F|100\/100\n|move|p1a: Iron Bundle|Freeze-Dry|p2a: BB\n|-supereffective|p2a: BB\n|-damage|p2a: BB|24\/100\n|move|p2a: BB|Shadow Ball|p1a: Iron Bundle\n|-crit|p1a: Iron Bundle\n|-damage|p1a: Iron Bundle|0 fnt\n|faint|p1a: Iron Bundle\n|-end|p1a: Iron Bundle|Quark Drive|[silent]\n|move|p1b: Gastrodon|Muddy Water|p2b: Gardenia|[spread] p2a,p2b\n|-resisted|p2a: BB\n|-damage|p2a: BB|15\/100\n|-damage|p2b: Gardenia|80\/100\n|\n|-heal|p2b: Gardenia|86\/100|[from] item: Leftovers\n|upkeep\n|\n|t:|1681969398\n|switch|p1a: Chi-Yu|Chi-Yu, L50|100\/100\n|-ability|p1a: Chi-Yu|Beads of Ruin\n|turn|7\n|l|\u2606GB Seraphix\n|inactive|GB Seraphix disconnected and has a minute to reconnect!\n|player|p2|\n|inactive|GB Seraphix has 30 seconds left.\n|inactive|GB Seraphix has 20 seconds left.\n|inactive|GB Seraphix has 15 seconds left.\n|j|\u2606GB Seraphix\n|inactive|GB Seraphix reconnected and has 15 seconds left.\n|player|p2|GB Seraphix|rosa\n|inactive|GB Seraphix has 10 seconds left.\n|inactive|GB Seraphix has 5 seconds left.\n|\n|t:|1681969449\n|-end|p2a: BB|Protosynthesis|[silent]\n|switch|p2a: Nemo|Chi-Yu, L50|100\/100\n|-ability|p2a: Nemo|Beads of Ruin\n|-terastallize|p1a: Chi-Yu|Fire\n|move|p1a: Chi-Yu|Psychic|p2b: Gardenia\n|-damage|p2b: Gardenia|20\/100\n|move|p2b: Gardenia|Body Press|p1a: Chi-Yu\n|-damage|p1a: Chi-Yu|65\/100\n|move|p1b: Gastrodon|Muddy Water|p2a: Nemo|[spread] p2a,p2b\n|-supereffective|p2a: Nemo\n|-damage|p2a: Nemo|54\/100\n|-damage|p2b: Gardenia|0 fnt\n|faint|p2b: Gardenia\n|\n|upkeep\n|\n|t:|1681969471\n|switch|p2b: Red Sus|Amoonguss, L50, M|100\/100\n|turn|8\n|\n|t:|1681969484\n|move|p2b: Red Sus|Protect|p2b: Red Sus\n|-singleturn|p2b: Red Sus|Protect\n|move|p2a: Nemo|Snarl|p1b: Gastrodon|[spread] p1a,p1b\n|-damage|p1a: Chi-Yu|39\/100\n|-damage|p1b: Gastrodon|78\/100\n|-unboost|p1a: Chi-Yu|spa|1\n|-unboost|p1b: Gastrodon|spa|1\n|move|p1a: Chi-Yu|Psychic|p2b: Red Sus\n|-activate|p2b: Red Sus|move: Protect\n|move|p1b: Gastrodon|Muddy Water|p2a: Nemo|[spread] \n|-activate|p2b: Red Sus|move: Protect\n|-miss|p1b: Gastrodon|p2a: Nemo\n|\n|upkeep\n|turn|9\n|\n|t:|1681969502\n|move|p2a: Nemo|Snarl|p1a: Chi-Yu|[spread] p1a,p1b\n|-damage|p1a: Chi-Yu|17\/100\n|-damage|p1b: Gastrodon|56\/100\n|-unboost|p1a: Chi-Yu|spa|1\n|-unboost|p1b: Gastrodon|spa|1\n|move|p1a: Chi-Yu|Psychic|p2b: Red Sus\n|-supereffective|p2b: Red Sus\n|-damage|p2b: Red Sus|49\/100\n|move|p1b: Gastrodon|Muddy Water|p2a: Nemo|[spread] p2a\n|-miss|p1b: Gastrodon|p2b: Red Sus\n|-supereffective|p2a: Nemo\n|-crit|p2a: Nemo\n|-damage|p2a: Nemo|0 fnt\n|faint|p2a: Nemo\n|move|p2b: Red Sus|Spore|p1b: Gastrodon\n|-status|p1b: Gastrodon|slp|[from] move: Spore\n|\n|upkeep\n|-message|philmega forfeited.\n|\n|win|GB Seraphix\n|raw|philmega's rating: 1174 → 1151<\/strong> (-23 for losing)\n|raw|GB Seraphix's rating: 1206 → 1229<\/strong> (+23 for winning)\n|l|\u2606philmega\n","uploadtime":1681969519,"views":10,"p1id":"philmega","p2id":"gbseraphix","formatid":"gen9vgc2023regulationc","rating":1151,"private":0,"password":""}