{"id":"gen9vgc2023regulationc-1854624471","p1":"Kirozviz","p2":"ts02942461","format":"[Gen 9] VGC 2023 Regulation C","log":"|j|\u2606Kirozviz\n|j|\u2606ts02942461\n|t:|1682838248\n|gametype|doubles\n|player|p1|Kirozviz|lance|1000\n|player|p2|ts02942461|1|1115\n|teamsize|p1|6\n|teamsize|p2|6\n|gen|9\n|tier|[Gen 9] VGC 2023 Regulation C\n|rated|\n|rule|Species Clause: Limit one of each Pok\u00e9mon\n|rule|Item Clause: Limit one of each item\n|clearpoke\n|poke|p1|Dondozo, L50, M|\n|poke|p1|Tatsugiri-Stretchy, L50, M|\n|poke|p1|Chi-Yu, L50|\n|poke|p1|Flutter Mane, L50|\n|poke|p1|Dragonite, L50, F|\n|poke|p1|Glimmora, L50, F|\n|poke|p2|Armarouge, L50, F|\n|poke|p2|Scizor, L50, F|\n|poke|p2|Sandy Shocks, L50|\n|poke|p2|Indeedee-F, L50, F|\n|poke|p2|Gastrodon, L50, F|\n|poke|p2|Baxcalibur, L50, F|\n|teampreview|4\n|inactive|Battle timer is ON: inactive players will automatically lose when time's up. (requested by ts02942461)\n|\n|t:|1682838284\n|start\n|switch|p1a: Tatsugiri|Tatsugiri-Stretchy, L50, M|100\/100\n|switch|p1b: Glimmora|Glimmora, L50, F|100\/100\n|switch|p2a: Scizor|Scizor, L50, F|100\/100\n|switch|p2b: Armarouge|Armarouge, L50, F|100\/100\n|turn|1\n|\n|t:|1682838306\n|move|p1b: Glimmora|Earth Power|p2b: Armarouge\n|-supereffective|p2b: Armarouge\n|-damage|p2b: Armarouge|29\/100\n|move|p1a: Tatsugiri|Draco Meteor|p2b: Armarouge\n|-damage|p2b: Armarouge|0 fnt\n|-unboost|p1a: Tatsugiri|spa|2\n|faint|p2b: Armarouge\n|move|p2a: Scizor|X-Scissor|p1b: Glimmora\n|-resisted|p1b: Glimmora\n|-damage|p1b: Glimmora|70\/100\n|-activate|p1b: Glimmora|ability: Toxic Debris\n|-sidestart|p2: ts02942461|move: Toxic Spikes\n|\n|upkeep\n|\n|t:|1682838321\n|switch|p2b: Indeedee|Indeedee-F, L50, F|100\/100\n|-status|p2b: Indeedee|psn\n|-fieldstart|move: Psychic Terrain|[from] ability: Psychic Surge|[of] p2b: Indeedee\n|-enditem|p2b: Indeedee|Psychic Seed\n|-boost|p2b: Indeedee|spd|1|[from] item: Psychic Seed\n|turn|2\n|\n|t:|1682838332\n|switch|p1a: Dondozo|Dondozo, L50, M|100\/100\n|move|p1b: Glimmora|Spiky Shield|p1b: Glimmora\n|-singleturn|p1b: Glimmora|move: Protect\n|move|p2a: Scizor|X-Scissor|p1b: Glimmora\n|-activate|p1b: Glimmora|move: Protect\n|-damage|p2a: Scizor|88\/100|[from] Spiky Shield|[of] p1b: Glimmora\n|move|p2b: Indeedee|Trick Room|p2b: Indeedee\n|-fieldstart|move: Trick Room|[of] p2b: Indeedee\n|\n|-damage|p2b: Indeedee|88\/100 psn|[from] psn\n|upkeep\n|turn|3\n|\n|t:|1682838352\n|move|p2b: Indeedee|Helping Hand|p2a: Scizor\n|-singleturn|p2a: Scizor|Helping Hand|[of] p2b: Indeedee\n|move|p1a: Dondozo|Yawn|p2a: Scizor\n|-start|p2a: Scizor|move: Yawn|[of] p1a: Dondozo\n|move|p2a: Scizor|X-Scissor|p1a: Dondozo\n|-damage|p1a: Dondozo|58\/100\n|move|p1b: Glimmora|Power Gem|p2b: Indeedee\n|-damage|p2b: Indeedee|59\/100 psn\n|\n|-damage|p2b: Indeedee|47\/100 psn|[from] psn\n|upkeep\n|turn|4\n|inactive|Kirozviz has 30 seconds left.\n|\n|t:|1682838380\n|switch|p2a: Sandy Shocks|Sandy Shocks, L50|100\/100\n|-enditem|p2a: Sandy Shocks|Booster Energy\n|-activate|p2a: Sandy Shocks|ability: Protosynthesis|[fromitem]\n|-start|p2a: Sandy Shocks|protosynthesisspa\n|-status|p2a: Sandy Shocks|psn\n|move|p1a: Dondozo|Yawn||[still]\n|-fail|p1a: Dondozo\n|move|p2b: Indeedee|Psychic|p1b: Glimmora\n|-supereffective|p1b: Glimmora\n|-damage|p1b: Glimmora|0 fnt\n|faint|p1b: Glimmora\n|\n|-damage|p2b: Indeedee|34\/100 psn|[from] psn\n|-damage|p2a: Sandy Shocks|88\/100 psn|[from] psn\n|upkeep\n|\n|t:|1682838391\n|switch|p1b: Flutter Mane|Flutter Mane, L50|100\/100\n|-enditem|p1b: Flutter Mane|Booster Energy\n|-activate|p1b: Flutter Mane|ability: Protosynthesis|[fromitem]\n|-start|p1b: Flutter Mane|protosynthesisspe\n|turn|5\n|\n|t:|1682838400\n|switch|p2b: Scizor|Scizor, L50, F|88\/100\n|move|p1a: Dondozo|Protect|p1a: Dondozo\n|-singleturn|p1a: Dondozo|Protect\n|move|p1b: Flutter Mane|Protect|p1b: Flutter Mane\n|-singleturn|p1b: Flutter Mane|Protect\n|move|p2a: Sandy Shocks|Thunderbolt|p1a: Dondozo\n|-activate|p1a: Dondozo|move: Protect\n|\n|-damage|p2a: Sandy Shocks|76\/100 psn|[from] psn\n|upkeep\n|turn|6\n|\n|t:|1682838421\n|-end|p1b: Flutter Mane|Protosynthesis|[silent]\n|switch|p1b: Tatsugiri|Tatsugiri-Stretchy, L50, M|100\/100\n|move|p1a: Dondozo|Wave Crash|p1b: Tatsugiri\n|-activate|p1b: Tatsugiri|ability: Storm Drain\n|-ability|p1b: Tatsugiri|Storm Drain|boost\n|-boost|p1b: Tatsugiri|spa|1\n|move|p2b: Scizor|X-Scissor|p1a: Dondozo\n|-damage|p1a: Dondozo|30\/100\n|-enditem|p1a: Dondozo|Sitrus Berry|[eat]\n|-heal|p1a: Dondozo|55\/100|[from] item: Sitrus Berry\n|move|p2a: Sandy Shocks|Thunderbolt|p1a: Dondozo\n|-supereffective|p1a: Dondozo\n|-damage|p1a: Dondozo|0 fnt\n|faint|p1a: Dondozo\n|\n|-damage|p2a: Sandy Shocks|64\/100 psn|[from] psn\n|-fieldend|move: Trick Room\n|-fieldend|move: Psychic Terrain\n|upkeep\n|\n|t:|1682838434\n|switch|p1a: Flutter Mane|Flutter Mane, L50|100\/100\n|turn|7\n|\n|t:|1682838448\n|-terastallize|p1a: Flutter Mane|Steel\n|move|p2a: Sandy Shocks|Protect|p2a: Sandy Shocks\n|-singleturn|p2a: Sandy Shocks|Protect\n|move|p2b: Scizor|Bullet Punch|p1a: Flutter Mane\n|-resisted|p1a: Flutter Mane\n|-damage|p1a: Flutter Mane|67\/100\n|move|p1a: Flutter Mane|Substitute|p1a: Flutter Mane\n|-start|p1a: Flutter Mane|Substitute\n|-damage|p1a: Flutter Mane|43\/100\n|move|p1b: Tatsugiri|Muddy Water|p2a: Sandy Shocks|[spread] \n|-activate|p2a: Sandy Shocks|move: Protect\n|-miss|p1b: Tatsugiri|p2b: Scizor\n|\n|-damage|p2a: Sandy Shocks|52\/100 psn|[from] psn\n|upkeep\n|turn|8\n|\n|t:|1682838460\n|-end|p2a: Sandy Shocks|Protosynthesis|[silent]\n|switch|p2a: Indeedee|Indeedee-F, L50, F|34\/100 psn\n|-fieldstart|move: Psychic Terrain|[from] ability: Psychic Surge|[of] p2a: Indeedee\n|move|p2b: Scizor|Bullet Punch|p1b: Tatsugiri\n|-activate|p1b: Tatsugiri|move: Psychic Terrain\n|move|p1a: Flutter Mane|Hex|p2a: Indeedee\n|-immune|p2a: Indeedee\n|move|p1b: Tatsugiri|Muddy Water|p2a: Indeedee|[spread] p2a,p2b\n|-damage|p2a: Indeedee|0 fnt\n|-damage|p2b: Scizor|0 fnt\n|faint|p2a: Indeedee\n|faint|p2b: Scizor\n|\n|upkeep\n|\n|t:|1682838464\n|switch|p2b: Sandy Shocks|Sandy Shocks, L50|52\/100 psn\n|turn|9\n|-message|ts02942461 forfeited.\n|\n|win|Kirozviz\n|raw|Kirozviz's rating: 1000 → 1053<\/strong> (+53 for winning)\n|raw|ts02942461's rating: 1115 → 1082<\/strong> (-33 for losing)\n|l|\u2606ts02942461\n","uploadtime":1682838474,"views":17,"p1id":"kirozviz","p2id":"ts02942461","formatid":"gen9vgc2023regulationc","rating":1053,"private":0,"password":""}