{"id":"gen9vgc2023regulationc-1852869500","p1":"DiamondScyther","p2":"nik993","format":"[Gen 9] VGC 2023 Regulation C","log":"|j|\u2606DiamondScyther\n|j|\u2606nik993\n|t:|1682613136\n|gametype|doubles\n|player|p1|DiamondScyther|iris-gen5bw2|1557\n|player|p2|nik993|169|1516\n|teamsize|p1|6\n|teamsize|p2|6\n|gen|9\n|tier|[Gen 9] VGC 2023 Regulation C\n|rated|\n|rule|Species Clause: Limit one of each Pok\u00e9mon\n|rule|Item Clause: Limit one of each item\n|clearpoke\n|poke|p1|Garchomp, L50, M|\n|poke|p1|Iron Bundle, L50|\n|poke|p1|Flutter Mane, L50|\n|poke|p1|Chien-Pao, L50|\n|poke|p1|Dragonite, L50, F|\n|poke|p1|Talonflame, L50, F|\n|poke|p2|Palafin, L50, F|\n|poke|p2|Iron Hands, L50|\n|poke|p2|Amoonguss, L50, M|\n|poke|p2|Arcanine, L50, M|\n|poke|p2|Chien-Pao, L50|\n|poke|p2|Dragonite, L50, F|\n|teampreview|4\n|inactive|Battle timer is ON: inactive players will automatically lose when time's up. (requested by DiamondScyther)\nDiamondScyther has agreed to open team sheets.\nnik993 has agreed to open team sheets.\n|inactive|nik993 has 60 seconds left.\n|\n|t:|1682613190\n|start\n|switch|p1a: Garchomp|Garchomp, L50, M|100\/100\n|switch|p1b: Chien-Pao|Chien-Pao, L50|100\/100\n|switch|p2a: Iron Hands|Iron Hands, L50|100\/100\n|switch|p2b: Dragonite|Dragonite, L50, F|100\/100\n|-ability|p1b: Chien-Pao|Sword of Ruin\n|turn|1\n|\n|t:|1682613206\n|-terastallize|p2b: Dragonite|Flying\n|move|p1b: Chien-Pao|Protect|p1b: Chien-Pao\n|-singleturn|p1b: Chien-Pao|Protect\n|move|p2a: Iron Hands|Fake Out|p1b: Chien-Pao\n|-activate|p1b: Chien-Pao|move: Protect\n|move|p1a: Garchomp|Stomping Tantrum|p2a: Iron Hands\n|-supereffective|p2a: Iron Hands\n|-damage|p2a: Iron Hands|15\/100\n|-damage|p1a: Garchomp|91\/100|[from] item: Life Orb\n|move|p2b: Dragonite|Dragon Dance|p2b: Dragonite\n|-boost|p2b: Dragonite|atk|1\n|-boost|p2b: Dragonite|spe|1\n|\n|upkeep\n|turn|2\n|\n|t:|1682613225\n|-end|p2a: Iron Hands|Quark Drive|[silent]\n|switch|p2a: Arcanine|Arcanine, L50, M|100\/100\n|-ability|p2a: Arcanine|Intimidate|boost\n|-unboost|p1a: Garchomp|atk|1\n|-unboost|p1b: Chien-Pao|atk|1\n|move|p1b: Chien-Pao|Ice Spinner|p2a: Arcanine\n|-resisted|p2a: Arcanine\n|-damage|p2a: Arcanine|84\/100\n|move|p2b: Dragonite|Tera Blast|p1a: Garchomp\n|-damage|p1a: Garchomp|0 fnt\n|faint|p1a: Garchomp\n|\n|upkeep\n|\n|t:|1682613231\n|switch|p1a: Dragonite|Dragonite, L50, F|100\/100\n|turn|3\n|inactive|nik993 has 30 seconds left.\n|\n|t:|1682613264\n|move|p1b: Chien-Pao|Ice Spinner|p2b: Dragonite\n|-supereffective|p2b: Dragonite\n|-damage|p2b: Dragonite|27\/100\n|move|p2b: Dragonite|Tera Blast|p1a: Dragonite\n|-damage|p1a: Dragonite|0 fnt\n|faint|p1a: Dragonite\n|move|p2a: Arcanine|Flare Blitz|p1b: Chien-Pao\n|-supereffective|p1b: Chien-Pao\n|-enditem|p1b: Chien-Pao|Focus Sash\n|-damage|p1b: Chien-Pao|1\/100\n|-damage|p2a: Arcanine|57\/100|[from] Recoil\n|\n|upkeep\n|\n|t:|1682613269\n|switch|p1a: Iron Bundle|Iron Bundle, L50|100\/100\n|-enditem|p1a: Iron Bundle|Booster Energy\n|-activate|p1a: Iron Bundle|ability: Quark Drive|[fromitem]\n|-start|p1a: Iron Bundle|quarkdrivespe\n|turn|4\n|\n|t:|1682613287\n|move|p1b: Chien-Pao|Protect|p1b: Chien-Pao\n|-singleturn|p1b: Chien-Pao|Protect\n|move|p2b: Dragonite|Extreme Speed|p1a: Iron Bundle\n|-damage|p1a: Iron Bundle|28\/100\n|move|p2a: Arcanine|Extreme Speed|p1a: Iron Bundle\n|-damage|p1a: Iron Bundle|0 fnt\n|faint|p1a: Iron Bundle\n|-end|p1a: Iron Bundle|Quark Drive|[silent]\n|\n|upkeep\n|turn|5\n|-message|DiamondScyther forfeited.\n|\n|win|nik993\n|raw|DiamondScyther's rating: 1557 → 1535<\/strong> (-22 for losing)\n|raw|nik993's rating: 1516 → 1538<\/strong> (+22 for winning)\n|l|\u2606DiamondScyther\n","uploadtime":1682613294,"views":16,"p1id":"diamondscyther","p2id":"nik993","formatid":"gen9vgc2023regulationc","rating":1535,"private":0,"password":""}