{"id":"gen9vgc2023regulationc-1849891939","p1":"xiaoyang2004","p2":"Skippy11","format":"[Gen 9] VGC 2023 Regulation C","log":"|j|\u2606xiaoyang2004\n|j|\u2606Skippy11\n|t:|1682265186\n|gametype|doubles\n|player|p1|xiaoyang2004|lyra|1412\n|player|p2|Skippy11|n|1449\n|teamsize|p1|6\n|teamsize|p2|6\n|gen|9\n|tier|[Gen 9] VGC 2023 Regulation C\n|rated|\n|rule|Species Clause: Limit one of each Pok\u00e9mon\n|rule|Item Clause: Limit one of each item\n|clearpoke\n|poke|p1|Chi-Yu, L50|\n|poke|p1|Flutter Mane, L50|\n|poke|p1|Iron Bundle, L50|\n|poke|p1|Gholdengo, L50|\n|poke|p1|Talonflame, L50, M|\n|poke|p1|Amoonguss, L50, M|\n|poke|p2|Dragonite, L50, M|\n|poke|p2|Annihilape, L50, F|\n|poke|p2|Chien-Pao, L50|\n|poke|p2|Arcanine, L50, M|\n|poke|p2|Ting-Lu, L50|\n|poke|p2|Gholdengo, L50|\n|teampreview|4\nSkippy11 has agreed to open team sheets.\nxiaoyang2004 rejected open team sheets.\n|\n|t:|1682265224\n|start\n|switch|p1a: Talonflame|Talonflame, L50, M, shiny|100\/100\n|switch|p1b: Flutter Mane|Flutter Mane, L50, shiny|100\/100\n|switch|p2a: Annihilape|Annihilape, L50, F|100\/100\n|switch|p2b: Chien-Pao|Chien-Pao, L50|100\/100\n|-ability|p2b: Chien-Pao|Sword of Ruin\n|turn|1\n|\n|t:|1682265250\n|move|p1b: Flutter Mane|Protect|p1b: Flutter Mane\n|-singleturn|p1b: Flutter Mane|Protect\n|move|p2b: Chien-Pao|Protect|p2b: Chien-Pao\n|-singleturn|p2b: Chien-Pao|Protect\n|move|p2a: Annihilape|Rage Fist|p1b: Flutter Mane\n|-activate|p1b: Flutter Mane|move: Protect\n|move|p1a: Talonflame|Will-O-Wisp|p2a: Annihilape\n|-status|p2a: Annihilape|brn\n|\n|-damage|p2a: Annihilape|95\/100 brn|[from] brn\n|upkeep\n|turn|2\n|\n|t:|1682265282\n|switch|p2b: Arcanine|Arcanine, L50, M|100\/100\n|-ability|p2b: Arcanine|Intimidate|boost\n|-unboost|p1a: Talonflame|atk|1\n|-unboost|p1b: Flutter Mane|atk|1\n|-terastallize|p1b: Flutter Mane|Fairy\n|move|p1a: Talonflame|Brave Bird|p2b: Arcanine\n|-damage|p2b: Arcanine|69\/100\n|-damage|p1a: Talonflame|91\/100|[from] Recoil\n|move|p2a: Annihilape|Rage Fist|p1b: Flutter Mane\n|-crit|p1b: Flutter Mane\n|-damage|p1b: Flutter Mane|59\/100\n|move|p1b: Flutter Mane|Moonblast|p2b: Arcanine\n|-resisted|p2b: Arcanine\n|-damage|p2b: Arcanine|29\/100\n|\n|-damage|p2a: Annihilape|89\/100 brn|[from] brn\n|upkeep\n|turn|3\n|\n|t:|1682265315\n|switch|p2a: Dragonite|Dragonite, L50, M|100\/100\n|move|p1b: Flutter Mane|Protect|p1b: Flutter Mane\n|-singleturn|p1b: Flutter Mane|Protect\n|move|p2b: Arcanine|Protect|p2b: Arcanine\n|-singleturn|p2b: Arcanine|Protect\n|move|p1a: Talonflame|Brave Bird|p2b: Arcanine\n|-activate|p2b: Arcanine|move: Protect\n|\n|upkeep\n|turn|4\n|\n|t:|1682265334\n|switch|p2b: Chien-Pao|Chien-Pao, L50|100\/100\n|-ability|p2b: Chien-Pao|Sword of Ruin\n|-terastallize|p2a: Dragonite|Normal\n|move|p2a: Dragonite|Extreme Speed|p1b: Flutter Mane\n|-damage|p1b: Flutter Mane|0 fnt\n|faint|p1b: Flutter Mane\n|-end|p1b: Flutter Mane|Protosynthesis|[silent]\n|move|p1a: Talonflame|Will-O-Wisp|p2a: Dragonite\n|-status|p2a: Dragonite|brn\n|\n|-damage|p2a: Dragonite|94\/100 brn|[from] brn\n|upkeep\n|\n|t:|1682265352\n|switch|p1b: Iron Bundle|Iron Bundle, L50, shiny|100\/100\n|-enditem|p1b: Iron Bundle|Booster Energy\n|-activate|p1b: Iron Bundle|ability: Quark Drive|[fromitem]\n|-start|p1b: Iron Bundle|quarkdrivespe\n|turn|5\n|\n|t:|1682265368\n|move|p2a: Dragonite|Extreme Speed|p1a: Talonflame\n|-damage|p1a: Talonflame|31\/100\n|move|p1b: Iron Bundle|Icy Wind|p2a: Dragonite|[spread] p2a,p2b\n|-resisted|p2b: Chien-Pao\n|-damage|p2a: Dragonite|75\/100 brn\n|-damage|p2b: Chien-Pao|84\/100\n|-unboost|p2a: Dragonite|spe|1\n|-unboost|p2b: Chien-Pao|spe|1\n|move|p1a: Talonflame|Will-O-Wisp|p2b: Chien-Pao|[miss]\n|-miss|p1a: Talonflame|p2b: Chien-Pao\n|move|p2b: Chien-Pao|Ice Spinner|p1a: Talonflame\n|-damage|p1a: Talonflame|0 fnt\n|faint|p1a: Talonflame\n|\n|-damage|p2a: Dragonite|69\/100 brn|[from] brn\n|upkeep\n|\n|t:|1682265382\n|switch|p1a: Chi-Yu|Chi-Yu, L50|100\/100\n|-ability|p1a: Chi-Yu|Beads of Ruin\n|turn|6\n|\n|t:|1682265415\n|move|p2b: Chien-Pao|Protect|p2b: Chien-Pao\n|-singleturn|p2b: Chien-Pao|Protect\n|move|p2a: Dragonite|Extreme Speed|p1b: Iron Bundle\n|-damage|p1b: Iron Bundle|42\/100\n|move|p1b: Iron Bundle|Freeze-Dry|p2a: Dragonite\n|-damage|p2a: Dragonite|23\/100 brn\n|move|p1a: Chi-Yu|Heat Wave|p2b: Chien-Pao|[spread] p2a\n|-activate|p2b: Chien-Pao|move: Protect\n|-damage|p2a: Dragonite|0 fnt\n|faint|p2a: Dragonite\n|\n|upkeep\n|\n|t:|1682265432\n|switch|p2a: Annihilape|Annihilape, L50, F|89\/100 brn\n|turn|7\n|\n|t:|1682265448\n|switch|p2b: Arcanine|Arcanine, L50, M|29\/100\n|-ability|p2b: Arcanine|Intimidate|boost\n|-unboost|p1a: Chi-Yu|atk|1\n|-unboost|p1b: Iron Bundle|atk|1\n|move|p1b: Iron Bundle|Protect|p1b: Iron Bundle\n|-singleturn|p1b: Iron Bundle|Protect\n|move|p2a: Annihilape|Close Combat|p1b: Iron Bundle\n|-activate|p1b: Iron Bundle|move: Protect\n|move|p1a: Chi-Yu|Heat Wave|p2a: Annihilape|[spread] p2a,p2b\n|-resisted|p2b: Arcanine\n|-damage|p2a: Annihilape|11\/100 brn\n|-damage|p2b: Arcanine|0 fnt\n|faint|p2b: Arcanine\n|\n|-damage|p2a: Annihilape|5\/100 brn|[from] brn\n|upkeep\n|\n|t:|1682265458\n|switch|p2b: Chien-Pao|Chien-Pao, L50|84\/100\n|-ability|p2b: Chien-Pao|Sword of Ruin\n|turn|8\n|\n|t:|1682265480\n|move|p1b: Iron Bundle|Icy Wind|p2b: Chien-Pao|[spread] p2a,p2b\n|-crit|p2a: Annihilape\n|-resisted|p2b: Chien-Pao\n|-damage|p2a: Annihilape|0 fnt\n|-damage|p2b: Chien-Pao|63\/100\n|-unboost|p2b: Chien-Pao|spe|1\n|faint|p2a: Annihilape\n|move|p1a: Chi-Yu|Heat Wave|p2b: Chien-Pao\n|-supereffective|p2b: Chien-Pao\n|-damage|p2b: Chien-Pao|0 fnt\n|faint|p2b: Chien-Pao\n|\n|win|xiaoyang2004\n|raw|xiaoyang2004's rating: 1412 → 1434<\/strong> (+22 for winning)\n|raw|Skippy11's rating: 1449 → 1427<\/strong> (-22 for losing)\n|c|\u2606Skippy11|gg\n|l|\u2606Skippy11\n","uploadtime":1682265501,"views":11,"p1id":"xiaoyang2004","p2id":"skippy11","formatid":"gen9vgc2023regulationc","rating":1427,"private":0,"password":""}