{"id":"gen9vgc2023regulationc-1857707482","p1":"tu'ko delimo","p2":"IAmPhos548","format":"[Gen 9] VGC 2023 Regulation C","log":"|j|\u2606tu'ko delimo\n|j|\u2606IAmPhos548\n|t:|1683224281\n|gametype|doubles\n|player|p1|tu'ko delimo|iono|\n|player|p2|IAmPhos548|cynthia|\n|teamsize|p1|6\n|teamsize|p2|6\n|gen|9\n|tier|[Gen 9] VGC 2023 Regulation C\n|rated|Tournament battle\n|rule|Species Clause: Limit one of each Pok\u00e9mon\n|rule|Item Clause: Limit one of each item\n|clearpoke\n|poke|p1|Volcarona, L50, F|\n|poke|p1|Gastrodon, L50, F|\n|poke|p1|Ting-Lu, L50|\n|poke|p1|Tinkaton, L50, F|\n|poke|p1|Iron Valiant, L50|\n|poke|p1|Amoonguss, L50, M|\n|poke|p2|Amoonguss, L50, F|\n|poke|p2|Arcanine, L50, M|\n|poke|p2|Palafin, L50, F|\n|poke|p2|Flutter Mane, L50|\n|poke|p2|Chien-Pao, L50|\n|poke|p2|Iron Hands, L50|\n|teampreview|4\n|inactive|Battle timer is ON: inactive players will automatically lose when time's up. (requested by tu'ko delimo)\ntu'ko delimo rejected open team sheets.\n|inactive|IAmPhos548 has 60 seconds left.\n|\n|t:|1683224314\n|start\n|switch|p1a: Ting-Lu|Ting-Lu, L50|100\/100\n|switch|p1b: Iron Valiant|Iron Valiant, L50|100\/100\n|switch|p2a: Amoonguss|Amoonguss, L50, F|100\/100\n|switch|p2b: Palafin|Palafin, L50, F, shiny|100\/100\n|-ability|p1a: Ting-Lu|Vessel of Ruin\n|-enditem|p1b: Iron Valiant|Booster Energy\n|-activate|p1b: Iron Valiant|ability: Quark Drive|[fromitem]\n|-start|p1b: Iron Valiant|quarkdriveatk\n|turn|1\n|inactive|tu'ko delimo has 30 seconds left.\n|\n|t:|1683224340\n|detailschange|p2b: Palafin|Palafin-Hero, L50, F, shiny\n|switch|p2b: Arcanine|Arcanine, L50, M|100\/100\n|-ability|p2b: Arcanine|Intimidate|boost\n|-unboost|p1a: Ting-Lu|atk|1\n|-unboost|p1b: Iron Valiant|atk|1\n|switch|p1a: Gastrodon|Gastrodon, L50, F|100\/100\n|move|p1b: Iron Valiant|Wide Guard|p1b: Iron Valiant\n|-singleturn|p1b: Iron Valiant|Wide Guard\n|move|p2a: Amoonguss|Spore|p1b: Iron Valiant\n|-status|p1b: Iron Valiant|slp|[from] move: Spore\n|\n|upkeep\n|turn|2\n|inactive|tu'ko delimo has 30 seconds left.\n|inactive|IAmPhos548 has 30 seconds left.\n|inactive|IAmPhos548 has 20 seconds left.\n|\n|t:|1683224377\n|switch|p2b: Iron Hands|Iron Hands, L50|100\/100\n|cant|p1b: Iron Valiant|slp\n|move|p1a: Gastrodon|Ice Beam|p2a: Amoonguss\n|-supereffective|p2a: Amoonguss\n|-damage|p2a: Amoonguss|62\/100\n|move|p2a: Amoonguss|Pollen Puff|p1a: Gastrodon\n|-damage|p1a: Gastrodon|83\/100\n|\n|upkeep\n|turn|3\n|j| SeydouVGC\n|\n|t:|1683224400\n|switch|p2a: Arcanine|Arcanine, L50, M|100\/100\n|-ability|p2a: Arcanine|Intimidate|boost\n|-unboost|p1a: Gastrodon|atk|1\n|-unboost|p1b: Iron Valiant|atk|1\n|-curestatus|p1b: Iron Valiant|slp|[msg]\n|move|p1b: Iron Valiant|Shadow Sneak|p2a: Arcanine\n|-damage|p2a: Arcanine|88\/100\n|move|p2b: Iron Hands|Drain Punch|p1a: Gastrodon\n|-damage|p1a: Gastrodon|38\/100\n|-enditem|p1a: Gastrodon|Sitrus Berry|[eat]\n|-heal|p1a: Gastrodon|63\/100|[from] item: Sitrus Berry\n|move|p1a: Gastrodon|Earth Power|p2b: Iron Hands\n|-supereffective|p2b: Iron Hands\n|-damage|p2b: Iron Hands|62\/100\n|\n|upkeep\n|turn|4\n|inactive|tu'ko delimo has 30 seconds left.\n|inactive|IAmPhos548 has 30 seconds left.\n|\n|t:|1683224430\n|-terastallize|p2b: Iron Hands|Grass\n|move|p1b: Iron Valiant|Spirit Break|p2b: Iron Hands\n|-crit|p2b: Iron Hands\n|-damage|p2b: Iron Hands|0 fnt\n|faint|p2b: Iron Hands\n|-end|p2b: Iron Hands|Quark Drive|[silent]\n|move|p2a: Arcanine|Will-O-Wisp|p1b: Iron Valiant\n|-status|p1b: Iron Valiant|brn\n|move|p1a: Gastrodon|Earth Power|p2a: Arcanine\n|-supereffective|p2a: Arcanine\n|-damage|p2a: Arcanine|15\/100\n|\n|-damage|p1b: Iron Valiant|94\/100 brn|[from] brn\n|upkeep\n|\n|t:|1683224442\n|switch|p2b: Amoonguss|Amoonguss, L50, F|95\/100\n|turn|5\n|\n|t:|1683224454\n|switch|p2a: Palafin|Palafin-Hero, L50, F, shiny|100\/100\n|-activate|p2a: Palafin|ability: Zero to Hero\n|move|p1b: Iron Valiant|Shadow Sneak|p2a: Palafin\n|-damage|p2a: Palafin|96\/100\n|move|p1a: Gastrodon|Ice Beam|p2b: Amoonguss\n|-supereffective|p2b: Amoonguss\n|-damage|p2b: Amoonguss|56\/100\n|move|p2b: Amoonguss|Spore|p1a: Gastrodon\n|-status|p1a: Gastrodon|slp|[from] move: Spore\n|\n|-damage|p1b: Iron Valiant|88\/100 brn|[from] brn\n|upkeep\n|turn|6\n|inactive|tu'ko delimo has 30 seconds left.\n|\n|t:|1683224481\n|switch|p2a: Arcanine|Arcanine, L50, M|15\/100\n|-ability|p2a: Arcanine|Intimidate|boost\n|-unboost|p1a: Gastrodon|atk|1\n|-unboost|p1b: Iron Valiant|atk|1\n|move|p1b: Iron Valiant|Spirit Break|p2a: Arcanine\n|-resisted|p2a: Arcanine\n|-damage|p2a: Arcanine|9\/100\n|-unboost|p2a: Arcanine|spa|1\n|cant|p1a: Gastrodon|slp\n|move|p2b: Amoonguss|Pollen Puff|p1a: Gastrodon\n|-damage|p1a: Gastrodon|46\/100 slp\n|\n|-damage|p1b: Iron Valiant|82\/100 brn|[from] brn\n|upkeep\n|turn|7\n|inactive|tu'ko delimo has 30 seconds left.\n|inactive|IAmPhos548 has 30 seconds left.\n|\n|t:|1683224510\n|move|p2a: Arcanine|Extreme Speed|p1a: Gastrodon\n|-damage|p1a: Gastrodon|18\/100 slp\n|move|p1b: Iron Valiant|Drain Punch|p2a: Arcanine\n|-damage|p2a: Arcanine|0 fnt\n|-heal|p1b: Iron Valiant|88\/100 brn|[from] drain|[of] p2a: Arcanine\n|faint|p2a: Arcanine\n|-curestatus|p1a: Gastrodon|slp|[msg]\n|move|p1a: Gastrodon|Ice Beam|p2b: Amoonguss\n|-supereffective|p2b: Amoonguss\n|-damage|p2b: Amoonguss|12\/100\n|-enditem|p2b: Amoonguss|Sitrus Berry|[eat]\n|-heal|p2b: Amoonguss|37\/100|[from] item: Sitrus Berry\n|move|p2b: Amoonguss|Pollen Puff|p1a: Gastrodon\n|-crit|p1a: Gastrodon\n|-damage|p1a: Gastrodon|0 fnt\n|faint|p1a: Gastrodon\n|\n|-damage|p1b: Iron Valiant|82\/100 brn|[from] brn\n|upkeep\n|\n|t:|1683224531\n|switch|p2a: Palafin|Palafin-Hero, L50, F, shiny|96\/100\n|switch|p1a: Ting-Lu|Ting-Lu, L50|100\/100\n|-ability|p1a: Ting-Lu|Vessel of Ruin\n|turn|8\n|inactive|tu'ko delimo has 30 seconds left.\n|\n|t:|1683224560\n|-terastallize|p1a: Ting-Lu|Poison\n|move|p1b: Iron Valiant|Shadow Sneak|p2b: Amoonguss\n|-damage|p2b: Amoonguss|33\/100\n|move|p2a: Palafin|Wave Crash|p1a: Ting-Lu\n|-damage|p1a: Ting-Lu|51\/100\n|-damage|p2a: Palafin|74\/100|[from] Recoil\n|move|p1a: Ting-Lu|Fissure|p2a: Palafin|[miss]\n|-miss|p1a: Ting-Lu|p2a: Palafin\n|move|p2b: Amoonguss|Pollen Puff|p2a: Palafin\n|-heal|p2a: Palafin|100\/100\n|\n|-damage|p1b: Iron Valiant|76\/100 brn|[from] brn\n|upkeep\n|turn|9\n|inactive|tu'ko delimo has 30 seconds left.\n|\n|t:|1683224590\n|move|p2a: Palafin|Protect|p2a: Palafin\n|-singleturn|p2a: Palafin|Protect\n|move|p1b: Iron Valiant|Spirit Break|p2a: Palafin\n|-activate|p2a: Palafin|move: Protect\n|move|p1a: Ting-Lu|Fissure|p2a: Palafin\n|-activate|p2a: Palafin|move: Protect\n|move|p2b: Amoonguss|Spore|p1a: Ting-Lu\n|-status|p1a: Ting-Lu|slp|[from] move: Spore\n|\n|-damage|p1b: Iron Valiant|70\/100 brn|[from] brn\n|upkeep\n|turn|10\n|\n|t:|1683224614\n|switch|p1a: Volcarona|Volcarona, L50, F|100\/100\n|move|p1b: Iron Valiant|Drain Punch|p2a: Palafin\n|-damage|p2a: Palafin|91\/100\n|-heal|p1b: Iron Valiant|76\/100 brn|[from] drain|[of] p2a: Palafin\n|move|p2a: Palafin|Wave Crash|p1a: Volcarona\n|-supereffective|p1a: Volcarona\n|-damage|p1a: Volcarona|0 fnt\n|-status|p2a: Palafin|brn|[from] ability: Flame Body|[of] p1a: Volcarona\n|faint|p1a: Volcarona\n|-damage|p2a: Palafin|65\/100 brn|[from] Recoil\n|move|p2b: Amoonguss|Pollen Puff|p2a: Palafin\n|-heal|p2a: Palafin|100\/100 brn\n|\n|-damage|p1b: Iron Valiant|70\/100 brn|[from] brn\n|-damage|p2a: Palafin|95\/100 brn|[from] brn\n|upkeep\n|\n|t:|1683224630\n|switch|p1a: Ting-Lu|Ting-Lu, L50, tera:Poison|51\/100 slp\n|-ability|p1a: Ting-Lu|Vessel of Ruin\n|turn|11\n|\n|t:|1683224643\n|move|p1b: Iron Valiant|Drain Punch|p2a: Palafin\n|-damage|p2a: Palafin|85\/100 brn\n|-heal|p1b: Iron Valiant|77\/100 brn|[from] drain|[of] p2a: Palafin\n|move|p2a: Palafin|Wave Crash|p1a: Ting-Lu\n|-damage|p1a: Ting-Lu|26\/100 slp\n|-damage|p2a: Palafin|74\/100 brn|[from] Recoil\n|cant|p1a: Ting-Lu|slp\n|move|p2b: Amoonguss|Pollen Puff|p2a: Palafin\n|-heal|p2a: Palafin|100\/100 brn\n|\n|-damage|p1b: Iron Valiant|71\/100 brn|[from] brn\n|-damage|p2a: Palafin|95\/100 brn|[from] brn\n|upkeep\n|turn|12\n|\n|t:|1683224664\n|move|p1b: Iron Valiant|Drain Punch|p2a: Palafin\n|-damage|p2a: Palafin|84\/100 brn\n|-heal|p1b: Iron Valiant|78\/100 brn|[from] drain|[of] p2a: Palafin\n|move|p2a: Palafin|Wave Crash|p1a: Ting-Lu\n|-damage|p1a: Ting-Lu|0 fnt\n|faint|p1a: Ting-Lu\n|-damage|p2a: Palafin|73\/100 brn|[from] Recoil\n|move|p2b: Amoonguss|Pollen Puff|p2a: Palafin\n|-heal|p2a: Palafin|100\/100 brn\n|\n|-damage|p1b: Iron Valiant|72\/100 brn|[from] brn\n|-damage|p2a: Palafin|95\/100 brn|[from] brn\n|upkeep\n|turn|13\n|\n|t:|1683224683\n|move|p1b: Iron Valiant|Drain Punch|p2a: Palafin\n|-damage|p2a: Palafin|84\/100 brn\n|-heal|p1b: Iron Valiant|80\/100 brn|[from] drain|[of] p2a: Palafin\n|move|p2a: Palafin|Wave Crash|p1b: Iron Valiant\n|-damage|p1b: Iron Valiant|16\/100 brn\n|-damage|p2a: Palafin|69\/100 brn|[from] Recoil\n|move|p2b: Amoonguss|Pollen Puff|p2a: Palafin\n|-heal|p2a: Palafin|100\/100 brn\n|\n|-damage|p1b: Iron Valiant|10\/100 brn|[from] brn\n|-damage|p2a: Palafin|95\/100 brn|[from] brn\n|upkeep\n|turn|14\n|\n|t:|1683224698\n|move|p1b: Iron Valiant|Shadow Sneak|p2b: Amoonguss\n|-damage|p2b: Amoonguss|30\/100\n|move|p2a: Palafin|Wave Crash|p1b: Iron Valiant\n|-damage|p1b: Iron Valiant|0 fnt\n|faint|p1b: Iron Valiant\n|-end|p1b: Iron Valiant|Quark Drive|[silent]\n|-damage|p2a: Palafin|92\/100 brn|[from] Recoil\n|\n|win|IAmPhos548\n|n|\u2606tu'ko delimo|tukodelimo\n|n|\u2606IAmPhos548|iamphos548\n|n| SeydouVGC|seydouvgc\n|l|\u2606tu'ko delimo\n","uploadtime":1683224720,"views":9,"p1id":"tukodelimo","p2id":"iamphos548","formatid":"gen9vgc2023regulationc","rating":0,"private":0,"password":""}