{"id":"gen9vgc2023regulationc-1845760580","p1":"Samax2599","p2":"thejordan104","format":"[Gen 9] VGC 2023 Regulation C","log":"|j|\u2606Samax2599\n|j|\u2606thejordan104\n|t:|1681762025\n|gametype|doubles\n|player|p1|Samax2599|101|\n|player|p2|thejordan104|101|\n|teamsize|p1|6\n|teamsize|p2|6\n|gen|9\n|tier|[Gen 9] VGC 2023 Regulation C\n|rule|Species Clause: Limit one of each Pok\u00e9mon\n|rule|Item Clause: Limit one of each item\n|clearpoke\n|poke|p1|Baxcalibur, L50, M|\n|poke|p1|Talonflame, L50, M|\n|poke|p1|Great Tusk, L50|\n|poke|p1|Sableye, L50, F|\n|poke|p1|Mismagius, L50, F|\n|poke|p1|Glimmora, L50, F|\n|poke|p2|Floatzel, L50, F|\n|poke|p2|Iron Jugulis, L50|\n|poke|p2|Garchomp, L50, F|\n|poke|p2|Toxicroak, L50, F|\n|poke|p2|Klefki, L50, F|\n|poke|p2|Pelipper, L50, F|\n|teampreview|4\n|\n|t:|1681762061\n|start\n|switch|p1a: Sableye|Sableye, L50, F|100\/100\n|switch|p1b: Baxcalibur|Baxcalibur, L50, M|100\/100\n|switch|p2a: Gadget|Klefki, L50, F|100\/100\n|switch|p2b: Great Chomp|Garchomp, L50, F|100\/100\n|turn|1\n|\n|t:|1681762085\n|move|p2b: Great Chomp|Protect|p2b: Great Chomp\n|-singleturn|p2b: Great Chomp|Protect\n|move|p1a: Sableye|Fake Out|p2a: Gadget\n|-resisted|p2a: Gadget\n|-damage|p2a: Gadget|97\/100\n|cant|p2a: Gadget|flinch\n|move|p1b: Baxcalibur|Dragon Dance|p1b: Baxcalibur\n|-boost|p1b: Baxcalibur|atk|1\n|-boost|p1b: Baxcalibur|spe|1\n|\n|upkeep\n|turn|2\n|c|\u2606thejordan104|oof, nice\n|\n|t:|1681762123\n|switch|p2b: Palafin's Cousin|Floatzel, L50, F|100\/100\n|switch|p1a: Mismagius|Mismagius, L50, F|100\/100\n|move|p1b: Baxcalibur|Protect|p1b: Baxcalibur\n|-singleturn|p1b: Baxcalibur|Protect\n|move|p2a: Gadget|Reflect|p2a: Gadget\n|-sidestart|p2: thejordan104|Reflect\n|\n|upkeep\n|turn|3\n|\n|t:|1681762150\n|move|p2b: Palafin's Cousin|Protect|p2b: Palafin's Cousin\n|-singleturn|p2b: Palafin's Cousin|Protect\n|move|p1b: Baxcalibur|Glaive Rush|p2b: Palafin's Cousin\n|-activate|p2b: Palafin's Cousin|move: Protect\n|move|p1a: Mismagius|Will-O-Wisp|p2b: Palafin's Cousin\n|-activate|p2b: Palafin's Cousin|move: Protect\n|move|p2a: Gadget|Trick Room|p2a: Gadget\n|-fieldstart|move: Trick Room|[of] p2a: Gadget\n|\n|upkeep\n|turn|4\n|c|\u2606Samax2599|interesting\n|c|\u2606Samax2599|i like the option\n|c|\u2606thejordan104|yeah sucaba is fast af\n|\n|t:|1681762193\n|move|p1b: Baxcalibur|Protect|p1b: Baxcalibur\n|-singleturn|p1b: Baxcalibur|Protect\n|move|p2a: Gadget|Dazzling Gleam|p1b: Baxcalibur|[spread] p1a\n|-activate|p1b: Baxcalibur|move: Protect\n|-damage|p1a: Mismagius|80\/100\n|move|p2b: Palafin's Cousin|Low Kick|p1b: Baxcalibur\n|-activate|p1b: Baxcalibur|move: Protect\n|move|p1a: Mismagius|Will-O-Wisp|p2b: Palafin's Cousin|[miss]\n|-miss|p1a: Mismagius|p2b: Palafin's Cousin\n|\n|upkeep\n|turn|5\n|c|\u2606thejordan104|I'll save you, I'm Water Veil\n|c|\u2606Samax2599|lmao\n|c|\u2606Samax2599|i was thinking you might be but i wanted to see\n|\n|t:|1681762234\n|switch|p1b: Sableye|Sableye, L50, F|100\/100\n|move|p2a: Gadget|Dazzling Gleam|p1b: Sableye|[spread] p1a,p1b\n|-supereffective|p1b: Sableye\n|-enditem|p1b: Sableye|Roseli Berry|[eat]\n|-enditem|p1b: Sableye|Roseli Berry|[weaken]\n|-damage|p1a: Mismagius|58\/100\n|-damage|p1b: Sableye|81\/100\n|move|p2b: Palafin's Cousin|Crunch|p1a: Mismagius\n|-supereffective|p1a: Mismagius\n|-damage|p1a: Mismagius|0 fnt\n|faint|p1a: Mismagius\n|-damage|p2b: Palafin's Cousin|91\/100|[from] item: Life Orb\n|\n|upkeep\n|\n|t:|1681762247\n|switch|p1a: Great Tusk|Great Tusk, L50|100\/100\n|turn|6\n|\n|t:|1681762295\n|-terastallize|p2a: Gadget|Ghost\n|move|p2b: Palafin's Cousin|Protect|p2b: Palafin's Cousin\n|-singleturn|p2b: Palafin's Cousin|Protect\n|move|p1b: Sableye|Fake Out|p2b: Palafin's Cousin\n|-activate|p2b: Palafin's Cousin|move: Protect\n|move|p2a: Gadget|Magnet Rise|p2a: Gadget\n|-start|p2a: Gadget|Magnet Rise\n|move|p1a: Great Tusk|Headlong Rush|p2a: Gadget\n|-immune|p2a: Gadget\n|\n|-sideend|p2: thejordan104|Reflect\n|upkeep\n|turn|7\n|\n|t:|1681762328\n|move|p1b: Sableye|Sunny Day|p1b: Sableye\n|-weather|SunnyDay\n|-activate|p1a: Great Tusk|ability: Protosynthesis\n|-start|p1a: Great Tusk|protosynthesisatk\n|move|p2a: Gadget|Dazzling Gleam|p1b: Sableye|[spread] p1a,p1b\n|-supereffective|p1a: Great Tusk\n|-supereffective|p1b: Sableye\n|-damage|p1a: Great Tusk|69\/100\n|-damage|p1b: Sableye|43\/100\n|move|p1a: Great Tusk|Headlong Rush|p2b: Palafin's Cousin\n|-damage|p2b: Palafin's Cousin|0 fnt\n|-unboost|p1a: Great Tusk|def|1\n|-unboost|p1a: Great Tusk|spd|1\n|faint|p2b: Palafin's Cousin\n|\n|-weather|SunnyDay|[upkeep]\n|-fieldend|move: Trick Room\n|upkeep\n|\n|t:|1681762350\n|switch|p2b: Juggy Baby|Iron Jugulis, L50|100\/100\n|-enditem|p2b: Juggy Baby|Booster Energy\n|-activate|p2b: Juggy Baby|ability: Quark Drive|[fromitem]\n|-start|p2b: Juggy Baby|quarkdrivespe\n|turn|8\n|\n|t:|1681762364\n|-end|p1a: Great Tusk|Protosynthesis|[silent]\n|switch|p1a: Baxcalibur|Baxcalibur, L50, M|100\/100\n|move|p2b: Juggy Baby|Protect|p2b: Juggy Baby\n|-singleturn|p2b: Juggy Baby|Protect\n|move|p2a: Gadget|Reflect|p2a: Gadget\n|-sidestart|p2: thejordan104|Reflect\n|move|p1b: Sableye|Snarl|p2a: Gadget|[spread] p2a\n|-activate|p2b: Juggy Baby|move: Protect\n|-supereffective|p2a: Gadget\n|-crit|p2a: Gadget\n|-damage|p2a: Gadget|60\/100\n|-unboost|p2a: Gadget|spa|1\n|\n|-weather|SunnyDay|[upkeep]\n|upkeep\n|turn|9\n|\n|t:|1681762401\n|move|p1a: Baxcalibur|Protect|p1a: Baxcalibur\n|-singleturn|p1a: Baxcalibur|Protect\n|move|p2b: Juggy Baby|Dark Pulse|p1a: Baxcalibur\n|-activate|p1a: Baxcalibur|move: Protect\n|move|p2a: Gadget|Dazzling Gleam|p1b: Sableye|[spread] p1b\n|-activate|p1a: Baxcalibur|move: Protect\n|-supereffective|p1b: Sableye\n|-damage|p1b: Sableye|16\/100\n|move|p1b: Sableye|Snarl|p2a: Gadget|[spread] p2a,p2b\n|-supereffective|p2a: Gadget\n|-resisted|p2b: Juggy Baby\n|-damage|p2a: Gadget|33\/100\n|-damage|p2b: Juggy Baby|95\/100\n|-unboost|p2a: Gadget|spa|1\n|-unboost|p2b: Juggy Baby|spa|1\n|\n|-weather|SunnyDay|[upkeep]\n|upkeep\n|turn|10\n|\n|t:|1681762436\n|-terastallize|p1a: Baxcalibur|Steel\n|move|p2b: Juggy Baby|Dark Pulse|p1a: Baxcalibur\n|-damage|p1a: Baxcalibur|74\/100\n|move|p1a: Baxcalibur|Dragon Dance|p1a: Baxcalibur\n|-boost|p1a: Baxcalibur|atk|1\n|-boost|p1a: Baxcalibur|spe|1\n|move|p2a: Gadget|Dazzling Gleam|p1a: Baxcalibur|[spread] p1a,p1b\n|-resisted|p1a: Baxcalibur\n|-supereffective|p1b: Sableye\n|-damage|p1a: Baxcalibur|70\/100\n|-damage|p1b: Sableye|0 fnt\n|faint|p1b: Sableye\n|\n|-weather|SunnyDay|[upkeep]\n|-end|p2a: Gadget|Magnet Rise\n|upkeep\n|\n|t:|1681762447\n|switch|p1b: Great Tusk|Great Tusk, L50|69\/100\n|-activate|p1b: Great Tusk|ability: Protosynthesis\n|-start|p1b: Great Tusk|protosynthesisatk\n|turn|11\n|\n|t:|1681762502\n|move|p2b: Juggy Baby|Hydro Pump|p1b: Great Tusk\n|-supereffective|p1b: Great Tusk\n|-damage|p1b: Great Tusk|49\/100\n|move|p1a: Baxcalibur|Icicle Spear|p2b: Juggy Baby\n|-supereffective|p2b: Juggy Baby\n|-damage|p2b: Juggy Baby|60\/100\n|-supereffective|p2b: Juggy Baby\n|-damage|p2b: Juggy Baby|28\/100\n|-supereffective|p2b: Juggy Baby\n|-damage|p2b: Juggy Baby|0 fnt\n|faint|p2b: Juggy Baby\n|-end|p2b: Juggy Baby|Quark Drive|[silent]\n|-hitcount|p2: Juggy Baby|3\n|move|p1b: Great Tusk|Play Rough|p2a: Gadget\n|-damage|p2a: Gadget|6\/100\n|move|p2a: Gadget|Dazzling Gleam|p1a: Baxcalibur|[spread] p1a,p1b\n|-resisted|p1a: Baxcalibur\n|-supereffective|p1b: Great Tusk\n|-crit|p1b: Great Tusk\n|-damage|p1a: Baxcalibur|66\/100\n|-damage|p1b: Great Tusk|1\/100\n|\n|-weather|none\n|-end|p1b: Great Tusk|Protosynthesis\n|upkeep\n|\n|t:|1681762520\n|switch|p2b: Great Chomp|Garchomp, L50, F|100\/100\n|turn|12\n|\n|t:|1681762541\n|move|p1a: Baxcalibur|Icicle Spear|p2b: Great Chomp\n|-supereffective|p2b: Great Chomp\n|-damage|p2b: Great Chomp|43\/100\n|-supereffective|p2b: Great Chomp\n|-crit|p2b: Great Chomp\n|-damage|p2b: Great Chomp|0 fnt\n|faint|p2b: Great Chomp\n|-hitcount|p2: Great Chomp|2\n|move|p1b: Great Tusk|Ice Spinner|p2a: Gadget\n|-damage|p2a: Gadget|0 fnt\n|faint|p2a: Gadget\n|\n|win|Samax2599\n|c|\u2606thejordan104|gg\n|c|\u2606Samax2599|gg\n","uploadtime":1681762553,"views":6,"p1id":"samax2599","p2id":"thejordan104","formatid":"gen9vgc2023regulationc","rating":0,"private":0,"password":""}