{"id":"gen9vgc2023regulationc-1858495870","p1":"supaflytnt","p2":"Matthew4456","format":"[Gen 9] VGC 2023 Regulation C","log":"|j|\u2606supaflytnt\n|j|\u2606Matthew4456\n|t:|1683318097\n|gametype|doubles\n|player|p1|supaflytnt|102|1179\n|player|p2|Matthew4456|skier|1104\n|teamsize|p1|6\n|teamsize|p2|6\n|gen|9\n|tier|[Gen 9] VGC 2023 Regulation C\n|rated|\n|rule|Species Clause: Limit one of each Pok\u00e9mon\n|rule|Item Clause: Limit one of each item\n|clearpoke\n|poke|p1|Florges, L50, F|\n|poke|p1|Chi-Yu, L50|\n|poke|p1|Flutter Mane, L50|\n|poke|p1|Gyarados, L50, F|\n|poke|p1|Orthworm, L50, M|\n|poke|p1|Torkoal, L50, F|\n|poke|p2|Garchomp, L50, F|\n|poke|p2|Tinkaton, L50, F|\n|poke|p2|Kilowattrel, L50, M|\n|poke|p2|Iron Bundle, L50|\n|poke|p2|Ceruledge, L50, M|\n|poke|p2|Hydreigon, L50, M|\n|teampreview|4\n|\n|t:|1683318144\n|start\n|switch|p1a: Gucci Mane|Flutter Mane, L50, shiny|100\/100\n|switch|p1b: Earthworm Jim|Orthworm, L50, M|100\/100\n|switch|p2a: Iron Bundle|Iron Bundle, L50|100\/100\n|switch|p2b: Tinkaton|Tinkaton, L50, F|100\/100\n|-ability|p2b: Tinkaton|Mold Breaker\n|-enditem|p2a: Iron Bundle|Booster Energy\n|-activate|p2a: Iron Bundle|ability: Quark Drive|[fromitem]\n|-start|p2a: Iron Bundle|quarkdrivespe\n|turn|1\n|\n|t:|1683318174\n|move|p1b: Earthworm Jim|Protect|p1b: Earthworm Jim\n|-singleturn|p1b: Earthworm Jim|Protect\n|move|p2a: Iron Bundle|Icy Wind|p1b: Earthworm Jim|[spread] p1a\n|-activate|p1b: Earthworm Jim|move: Protect\n|-damage|p1a: Gucci Mane|81\/100\n|-unboost|p1a: Gucci Mane|spe|1\n|move|p2b: Tinkaton|Swords Dance|p2b: Tinkaton\n|-boost|p2b: Tinkaton|atk|2\n|move|p1a: Gucci Mane|Substitute|p1a: Gucci Mane\n|-start|p1a: Gucci Mane|Substitute\n|-damage|p1a: Gucci Mane|57\/100\n|\n|upkeep\n|turn|2\n|\n|t:|1683318198\n|move|p2a: Iron Bundle|Hydro Pump|p1a: Gucci Mane\n|-end|p1a: Gucci Mane|Substitute\n|move|p2b: Tinkaton|Gigaton Hammer|p1a: Gucci Mane\n|-supereffective|p1a: Gucci Mane\n|-damage|p1a: Gucci Mane|0 fnt\n|faint|p1a: Gucci Mane\n|-end|p1a: Gucci Mane|Protosynthesis|[silent]\n|move|p1b: Earthworm Jim|Shed Tail|p1b: Earthworm Jim\n|-start|p1b: Earthworm Jim|Substitute|[from] move: Shed Tail\n|-damage|p1b: Earthworm Jim|50\/100\n|-enditem|p1b: Earthworm Jim|Sitrus Berry|[eat]\n|-heal|p1b: Earthworm Jim|75\/100|[from] item: Sitrus Berry\n|\n|t:|1683318209\n|switch|p1b: Phyuuuck-Yu|Chi-Yu, L50|100\/100|[from] Shed Tail\n|-ability|p1b: Phyuuuck-Yu|Beads of Ruin\n|\n|upkeep\n|\n|t:|1683318217\n|switch|p1a: Earthworm Jim|Orthworm, L50, M|75\/100\n|turn|3\n|\n|t:|1683318245\n|switch|p2b: Ceruledge|Ceruledge, L50, M|100\/100\n|move|p2a: Iron Bundle|Hydro Pump|p1b: Phyuuuck-Yu\n|-supereffective|p1b: Phyuuuck-Yu\n|-end|p1b: Phyuuuck-Yu|Substitute\n|move|p1b: Phyuuuck-Yu|Heat Wave|p2b: Ceruledge|[spread] p2a\n|-start|p2b: Ceruledge|ability: Flash Fire\n|-damage|p2a: Iron Bundle|0 fnt\n|faint|p2a: Iron Bundle\n|-end|p2a: Iron Bundle|Quark Drive|[silent]\n|-damage|p1b: Phyuuuck-Yu|91\/100|[from] item: Life Orb\n|move|p1a: Earthworm Jim|Shed Tail|p1a: Earthworm Jim\n|-start|p1a: Earthworm Jim|Substitute|[from] move: Shed Tail\n|-damage|p1a: Earthworm Jim|25\/100\n|\n|t:|1683318258\n|switch|p1a: Raphael|Torkoal, L50, F|100\/100|[from] Shed Tail\n|-weather|SunnyDay|[from] ability: Drought|[of] p1a: Raphael\n|\n|-weather|SunnyDay|[upkeep]\n|upkeep\n|\n|t:|1683318272\n|switch|p2a: Kilowattrel|Kilowattrel, L50, M|100\/100\n|turn|4\n|\n|t:|1683318295\n|-terastallize|p2b: Ceruledge|Steel\n|move|p2a: Kilowattrel|Tailwind|p2a: Kilowattrel\n|-sidestart|p2: Matthew4456|move: Tailwind\n|move|p2b: Ceruledge|Close Combat|p1b: Phyuuuck-Yu\n|-supereffective|p1b: Phyuuuck-Yu\n|-damage|p1b: Phyuuuck-Yu|0 fnt\n|-unboost|p2b: Ceruledge|def|1\n|-unboost|p2b: Ceruledge|spd|1\n|faint|p1b: Phyuuuck-Yu\n|move|p1a: Raphael|Heat Wave|p2b: Ceruledge|[spread] p2a\n|-immune|p2b: Ceruledge|[from] ability: Flash Fire\n|-damage|p2a: Kilowattrel|3\/100\n|-status|p2a: Kilowattrel|brn\n|\n|-weather|SunnyDay|[upkeep]\n|-damage|p2a: Kilowattrel|0 fnt|[from] brn\n|faint|p2a: Kilowattrel\n|upkeep\n|\n|t:|1683318316\n|switch|p2a: Tinkaton|Tinkaton, L50, F|100\/100\n|switch|p1b: Earthworm Jim|Orthworm, L50, M|25\/100\n|-ability|p2a: Tinkaton|Mold Breaker\n|turn|5\n|\n|t:|1683318331\n|move|p1b: Earthworm Jim|Protect|p1b: Earthworm Jim\n|-singleturn|p1b: Earthworm Jim|Protect\n|move|p2a: Tinkaton|Play Rough|p1a: Raphael\n|-resisted|p1a: Raphael\n|-activate|p1a: Raphael|move: Substitute|[damage]\n|move|p2b: Ceruledge|Close Combat|p1a: Raphael\n|-end|p1a: Raphael|Substitute\n|-unboost|p2b: Ceruledge|def|1\n|-unboost|p2b: Ceruledge|spd|1\n|move|p1a: Raphael|Heat Wave|p2b: Ceruledge|[spread] p2a\n|-immune|p2b: Ceruledge|[from] ability: Flash Fire\n|-supereffective|p2a: Tinkaton\n|-damage|p2a: Tinkaton|0 fnt\n|faint|p2a: Tinkaton\n|\n|-weather|SunnyDay|[upkeep]\n|upkeep\n|turn|6\n|\n|t:|1683318354\n|-terastallize|p1b: Earthworm Jim|Water\n|move|p2b: Ceruledge|Shadow Sneak|p1b: Earthworm Jim\n|-damage|p1b: Earthworm Jim|12\/100\n|move|p1b: Earthworm Jim|Body Press|p2b: Ceruledge\n|-supereffective|p2b: Ceruledge\n|-damage|p2b: Ceruledge|0 fnt\n|faint|p2b: Ceruledge\n|\n|win|supaflytnt\n|raw|supaflytnt's rating: 1179 → 1199<\/strong> (+20 for winning)\n|raw|Matthew4456's rating: 1104 → 1084<\/strong> (-20 for losing)\n|l|\u2606Matthew4456\n|c|\u2606supaflytnt|Gg\n","uploadtime":1683318383,"views":11,"p1id":"supaflytnt","p2id":"matthew4456","formatid":"gen9vgc2023regulationc","rating":1084,"private":0,"password":""}