{"id":"gen9vgc2023regulationc-1848683650","p1":"Isaacmax2","p2":"Dynaglow143","format":"[Gen 9] VGC 2023 Regulation C","log":"|j|\u2606Isaacmax2\n|j|\u2606Dynaglow143\n|t:|1682100543\n|gametype|doubles\n|player|p1|Isaacmax2|170|1191\n|player|p2|Dynaglow143|170|1286\n|teamsize|p1|6\n|teamsize|p2|6\n|gen|9\n|tier|[Gen 9] VGC 2023 Regulation C\n|rated|\n|rule|Species Clause: Limit one of each Pok\u00e9mon\n|rule|Item Clause: Limit one of each item\n|clearpoke\n|poke|p1|Amoonguss, L50, M|\n|poke|p1|Flutter Mane, L50|\n|poke|p1|Ting-Lu, L50|\n|poke|p1|Palafin, L50, M|\n|poke|p1|Arcanine, L50, M|\n|poke|p1|Iron Hands, L50|\n|poke|p2|Chi-Yu, L50|\n|poke|p2|Dachsbun, L50, F|\n|poke|p2|Dragonite, L50, M|\n|poke|p2|Flutter Mane, L50|\n|poke|p2|Azumarill, L50, F|\n|poke|p2|Chien-Pao, L50|\n|teampreview|4\n|inactive|Battle timer is ON: inactive players will automatically lose when time's up. (requested by Dynaglow143)\n|\n|t:|1682100560\n|start\n|switch|p1a: Amoonguss|Amoonguss, L50, M|100\/100\n|switch|p1b: Ting-Lu|Ting-Lu, L50|100\/100\n|switch|p2a: Chi-Yu|Chi-Yu, L50|100\/100\n|switch|p2b: Dachsbun|Dachsbun, L50, F|100\/100\n|-ability|p2a: Chi-Yu|Beads of Ruin\n|-ability|p1b: Ting-Lu|Vessel of Ruin\n|turn|1\n|\n|t:|1682100572\n|-terastallize|p1a: Amoonguss|Water\n|move|p2a: Chi-Yu|Lava Plume|p1a: Amoonguss|[spread] p1a,p1b\n|-ability|p2b: Dachsbun|Well-Baked Body|boost\n|-boost|p2b: Dachsbun|def|2\n|-resisted|p1a: Amoonguss\n|-damage|p1a: Amoonguss|88\/100\n|-damage|p1b: Ting-Lu|77\/100\n|move|p2b: Dachsbun|Body Press|p1b: Ting-Lu\n|-supereffective|p1b: Ting-Lu\n|-damage|p1b: Ting-Lu|37\/100\n|move|p1b: Ting-Lu|Stomping Tantrum|p2a: Chi-Yu\n|-supereffective|p2a: Chi-Yu\n|-damage|p2a: Chi-Yu|0 fnt\n|faint|p2a: Chi-Yu\n|move|p1a: Amoonguss|Spore|p2b: Dachsbun\n|-status|p2b: Dachsbun|slp|[from] move: Spore\n|\n|upkeep\n|\n|t:|1682100592\n|switch|p2a: Azumarill|Azumarill, L50, F|100\/100\n|turn|2\n|inactive|Isaacmax2 has 30 seconds left.\n|\n|t:|1682100621\n|switch|p1b: Iron Hands|Iron Hands, L50|100\/100\n|cant|p2b: Dachsbun|slp\n|move|p2a: Azumarill|Liquidation|p1b: Iron Hands\n|-damage|p1b: Iron Hands|63\/100\n|move|p1a: Amoonguss|Pollen Puff|p1b: Iron Hands\n|-heal|p1b: Iron Hands|100\/100\n|\n|upkeep\n|turn|3\n|\n|t:|1682100640\n|cant|p2b: Dachsbun|slp\n|move|p1b: Iron Hands|Wild Charge|p2a: Azumarill\n|-supereffective|p2a: Azumarill\n|-damage|p2a: Azumarill|1\/100\n|-damage|p1b: Iron Hands|80\/100|[from] Recoil\n|move|p2a: Azumarill|Play Rough|p1b: Iron Hands\n|-supereffective|p1b: Iron Hands\n|-damage|p1b: Iron Hands|3\/100\n|move|p1a: Amoonguss|Spore|p2b: Dachsbun\n|-fail|p2b: Dachsbun|slp\n|\n|upkeep\n|turn|4\n|\n|t:|1682100655\n|move|p1a: Amoonguss|Rage Powder|p1a: Amoonguss\n|-singleturn|p1a: Amoonguss|move: Rage Powder\n|move|p2a: Azumarill|Aqua Jet|p1a: Amoonguss\n|-resisted|p1a: Amoonguss\n|-damage|p1a: Amoonguss|75\/100\n|-curestatus|p2b: Dachsbun|slp|[msg]\n|move|p2b: Dachsbun|Yawn|p1a: Amoonguss\n|-start|p1a: Amoonguss|move: Yawn|[of] p2b: Dachsbun\n|move|p1b: Iron Hands|Volt Switch|p2a: Azumarill\n|-supereffective|p2a: Azumarill\n|-damage|p2a: Azumarill|0 fnt\n|faint|p2a: Azumarill\n|\n|t:|1682100668\n|-end|p1b: Iron Hands|Quark Drive|[silent]\n|switch|p1b: Arcanine|Arcanine, L50, M|100\/100|[from] Volt Switch\n|-ability|p1b: Arcanine|Intimidate|boost\n|-unboost|p2b: Dachsbun|atk|1\n|\n|upkeep\n|\n|t:|1682100673\n|switch|p2a: Dragonite|Dragonite, L50, M|100\/100\n|turn|5\n|\n|t:|1682100690\n|switch|p1b: Iron Hands|Iron Hands, L50|3\/100\n|switch|p1a: Ting-Lu|Ting-Lu, L50|37\/100\n|-ability|p1a: Ting-Lu|Vessel of Ruin\n|move|p2a: Dragonite|Protect|p2a: Dragonite\n|-singleturn|p2a: Dragonite|Protect\n|move|p2b: Dachsbun|Yawn|p1b: Iron Hands\n|-start|p1b: Iron Hands|move: Yawn|[of] p2b: Dachsbun\n|\n|upkeep\n|turn|6\n|\n|t:|1682100704\n|switch|p1a: Arcanine|Arcanine, L50, M|100\/100\n|-ability|p1a: Arcanine|Intimidate|boost\n|-fail|p2a: Dragonite|unboost|[from] item: Clear Amulet|[of] p2a: Dragonite\n|-unboost|p2b: Dachsbun|atk|1\n|move|p1b: Iron Hands|Fake Out|p2a: Dragonite\n|-damage|p2a: Dragonite|93\/100\n|cant|p2a: Dragonite|flinch\n|move|p2b: Dachsbun|Body Press|p1a: Arcanine\n|-damage|p1a: Arcanine|55\/100\n|\n|-end|p1b: Iron Hands|move: Yawn|[silent]\n|-status|p1b: Iron Hands|slp\n|upkeep\n|turn|7\n|\n|t:|1682100727\n|-end|p1b: Iron Hands|Quark Drive|[silent]\n|switch|p1b: Amoonguss|Amoonguss, L50, M, tera:Water|100\/100\n|move|p1a: Arcanine|Protect|p1a: Arcanine\n|-singleturn|p1a: Arcanine|Protect\n|move|p2a: Dragonite|Protect|p2a: Dragonite\n|-singleturn|p2a: Dragonite|Protect\n|move|p2b: Dachsbun|Body Press|p1a: Arcanine\n|-activate|p1a: Arcanine|move: Protect\n|\n|upkeep\n|turn|8\n|\n|t:|1682100751\n|move|p2a: Dragonite|Extreme Speed|p1b: Amoonguss\n|-damage|p1b: Amoonguss|70\/100\n|move|p2b: Dachsbun|Body Press|p1b: Amoonguss\n|-damage|p1b: Amoonguss|32\/100\n|-enditem|p1b: Amoonguss|Sitrus Berry|[eat]\n|-heal|p1b: Amoonguss|57\/100|[from] item: Sitrus Berry\n|move|p1a: Arcanine|Will-O-Wisp|p2a: Dragonite|[miss]\n|-miss|p1a: Arcanine|p2a: Dragonite\n|move|p1b: Amoonguss|Pollen Puff|p1a: Arcanine\n|-heal|p1a: Arcanine|100\/100\n|\n|upkeep\n|turn|9\n|inactive|Dynaglow143 has 30 seconds left.\n|\n|t:|1682100778\n|switch|p1b: Iron Hands|Iron Hands, L50|3\/100 slp\n|-terastallize|p2a: Dragonite|Flying\n|move|p1a: Arcanine|Extreme Speed|p2a: Dragonite\n|-damage|p2a: Dragonite|68\/100\n|move|p2b: Dachsbun|Body Press|p1b: Iron Hands\n|-damage|p1b: Iron Hands|0 fnt\n|faint|p1b: Iron Hands\n|-end|p1b: Iron Hands|Quark Drive|[silent]\n|move|p2a: Dragonite|Tera Blast|p1a: Arcanine\n|-damage|p1a: Arcanine|36\/100\n|\n|upkeep\n|\n|t:|1682100793\n|switch|p1b: Amoonguss|Amoonguss, L50, M, tera:Water|90\/100\n|turn|10\n|\n|t:|1682100798\n|move|p1b: Amoonguss|Rage Powder|p1b: Amoonguss\n|-singleturn|p1b: Amoonguss|move: Rage Powder\n|move|p2b: Dachsbun|Body Press|p1b: Amoonguss\n|-damage|p1b: Amoonguss|50\/100\n|move|p1a: Arcanine|Flare Blitz|p2a: Dragonite\n|-damage|p2a: Dragonite|13\/100\n|-damage|p1a: Arcanine|18\/100|[from] Recoil\n|move|p2a: Dragonite|Tera Blast|p1b: Amoonguss\n|-damage|p1b: Amoonguss|0 fnt\n|faint|p1b: Amoonguss\n|\n|upkeep\n|\n|t:|1682100809\n|switch|p1b: Ting-Lu|Ting-Lu, L50|37\/100\n|-ability|p1b: Ting-Lu|Vessel of Ruin\n|turn|11\n|\n|t:|1682100815\n|move|p1a: Arcanine|Extreme Speed|p2a: Dragonite\n|-damage|p2a: Dragonite|0 fnt\n|faint|p2a: Dragonite\n|move|p2b: Dachsbun|Body Press|p1b: Ting-Lu\n|-supereffective|p1b: Ting-Lu\n|-damage|p1b: Ting-Lu|0 fnt\n|faint|p1b: Ting-Lu\n|\n|upkeep\n|turn|12\n|\n|t:|1682100824\n|move|p1a: Arcanine|Flare Blitz|p2b: Dachsbun\n|-ability|p2b: Dachsbun|Well-Baked Body|boost\n|-boost|p2b: Dachsbun|def|2\n|move|p2b: Dachsbun|Body Press|p1a: Arcanine\n|-damage|p1a: Arcanine|0 fnt\n|faint|p1a: Arcanine\n|\n|win|Dynaglow143\n|raw|Isaacmax2's rating: 1191 → 1173<\/strong> (-18 for losing)\n|raw|Dynaglow143's rating: 1286 → 1304<\/strong> (+18 for winning)\n|c|\u2606Dynaglow143|gg!\n|l|\u2606Isaacmax2\n","uploadtime":1682100835,"views":15,"p1id":"isaacmax2","p2id":"dynaglow143","formatid":"gen9vgc2023regulationc","rating":1173,"private":0,"password":""}