{"id":"gen9vgc2023regulationc-1854839502","p1":"TheEeveeAnimations","p2":"Pyte 17","format":"[Gen 9] VGC 2023 Regulation C","log":"|j|\u2606TheEeveeAnimations\n|j|\u2606Pyte 17\n|t:|1682872038\n|gametype|doubles\n|player|p1|TheEeveeAnimations|dahlia|1463\n|player|p2|Pyte 17|2|1477\n|teamsize|p1|6\n|teamsize|p2|6\n|gen|9\n|tier|[Gen 9] VGC 2023 Regulation C\n|rated|\n|rule|Species Clause: Limit one of each Pok\u00e9mon\n|rule|Item Clause: Limit one of each item\n|clearpoke\n|poke|p1|Gholdengo, L50|\n|poke|p1|Maushold-Four, L50|\n|poke|p1|Flutter Mane, L50|\n|poke|p1|Wo-Chien, L50|\n|poke|p1|Palafin, L50, F|\n|poke|p1|Arcanine, L50, F|\n|poke|p2|Talonflame, L50, M|\n|poke|p2|Corviknight, L50, F|\n|poke|p2|Azumarill, L50, F|\n|poke|p2|Iron Hands, L50|\n|poke|p2|Scream Tail, L50|\n|poke|p2|Amoonguss, L50, F|\n|teampreview|4\n|c|\u2606TheEeveeAnimations|glhf\nTheEeveeAnimations has agreed to open team sheets.\n|\n|t:|1682872101\n|start\n|switch|p1a: badonkadonk|Flutter Mane, L50|100\/100\n|switch|p1b: Cloud|Arcanine, L50, F|100\/100\n|switch|p2a: Talonflame|Talonflame, L50, M|100\/100\n|switch|p2b: Corviknight|Corviknight, L50, F|100\/100\n|-ability|p1b: Cloud|Intimidate|boost\n|-unboost|p2a: Talonflame|atk|1\n|-ability|p2b: Corviknight|Mirror Armor\n|-unboost|p1b: Cloud|atk|1\n|turn|1\n|\n|t:|1682872125\n|-end|p1a: badonkadonk|Protosynthesis|[silent]\n|switch|p1a: Gholdengo|Gholdengo, L50|100\/100\n|move|p2a: Talonflame|Taunt|p1b: Cloud\n|-start|p1b: Cloud|move: Taunt\n|cant|p1b: Cloud|move: Taunt|Will-O-Wisp\n|move|p2b: Corviknight|Bulk Up|p2b: Corviknight\n|-boost|p2b: Corviknight|atk|1\n|-boost|p2b: Corviknight|def|1\n|\n|upkeep\n|turn|2\n|\n|t:|1682872146\n|switch|p1b: Maushold|Maushold-Four, L50|100\/100\n|move|p2a: Talonflame|Flare Blitz|p1a: Gholdengo\n|-supereffective|p1a: Gholdengo\n|-damage|p1a: Gholdengo|65\/100\n|-damage|p2a: Talonflame|88\/100|[from] Recoil\n|move|p1a: Gholdengo|Nasty Plot|p1a: Gholdengo\n|-boost|p1a: Gholdengo|spa|2\n|move|p2b: Corviknight|Brave Bird|p1a: Gholdengo\n|-resisted|p1a: Gholdengo\n|-damage|p1a: Gholdengo|41\/100\n|-damage|p2b: Corviknight|92\/100|[from] Recoil\n|\n|-heal|p1a: Gholdengo|47\/100|[from] item: Leftovers\n|upkeep\n|turn|3\n|\n|t:|1682872183\n|move|p2a: Talonflame|Taunt|p1b: Maushold\n|-start|p1b: Maushold|move: Taunt\n|move|p1b: Maushold|Super Fang|p2b: Corviknight\n|-damage|p2b: Corviknight|46\/100\n|-enditem|p2b: Corviknight|Sitrus Berry|[eat]\n|-heal|p2b: Corviknight|71\/100|[from] item: Sitrus Berry\n|move|p1a: Gholdengo|Shadow Ball|p2b: Corviknight\n|-damage|p2b: Corviknight|3\/100\n|move|p2b: Corviknight|Bulk Up|p2b: Corviknight\n|-boost|p2b: Corviknight|atk|1\n|-boost|p2b: Corviknight|def|1\n|\n|-heal|p1a: Gholdengo|52\/100|[from] item: Leftovers\n|upkeep\n|turn|4\n|\n|t:|1682872212\n|move|p2b: Corviknight|Protect|p2b: Corviknight\n|-singleturn|p2b: Corviknight|Protect\n|move|p2a: Talonflame|Flare Blitz|p1a: Gholdengo\n|-supereffective|p1a: Gholdengo\n|-damage|p1a: Gholdengo|19\/100\n|-damage|p2a: Talonflame|77\/100|[from] Recoil\n|move|p1b: Maushold|Super Fang|p2a: Talonflame\n|-damage|p2a: Talonflame|39\/100\n|move|p1a: Gholdengo|Make It Rain|p2b: Corviknight|[spread] p2a\n|-activate|p2b: Corviknight|move: Protect\n|-resisted|p2a: Talonflame\n|-damage|p2a: Talonflame|0 fnt\n|-unboost|p1a: Gholdengo|spa|1\n|faint|p2a: Talonflame\n|\n|-heal|p1a: Gholdengo|25\/100|[from] item: Leftovers\n|upkeep\n|\n|t:|1682872226\n|switch|p2a: Azumarill|Azumarill, L50, F|100\/100\n|turn|5\n|j| choicebadkyurem\n|c| choicebadkyurem|mouse\n|\n|t:|1682872235\n|move|p2a: Azumarill|Aqua Jet|p1a: Gholdengo\n|-damage|p1a: Gholdengo|6\/100\n|move|p1b: Maushold|Super Fang|p2a: Azumarill\n|-damage|p2a: Azumarill|50\/100\n|move|p1a: Gholdengo|Make It Rain|p2a: Azumarill|[spread] p2a,p2b\n|-resisted|p2b: Corviknight\n|-damage|p2a: Azumarill|6\/100\n|-damage|p2b: Corviknight|0 fnt\n|-unboost|p1a: Gholdengo|spa|1\n|faint|p2b: Corviknight\n|\n|-heal|p1a: Gholdengo|11\/100|[from] item: Leftovers\n|-end|p1b: Maushold|move: Taunt\n|upkeep\n|c| choicebadkyurem|but no ape\n|c| choicebadkyurem|?????\n|\n|t:|1682872243\n|switch|p2b: Iron Hands|Iron Hands, L50|100\/100\n|turn|6\n|\n|t:|1682872251\n|move|p1b: Maushold|Protect|p1b: Maushold\n|-singleturn|p1b: Maushold|Protect\n|move|p1a: Gholdengo|Protect|p1a: Gholdengo\n|-singleturn|p1a: Gholdengo|Protect\n|move|p2a: Azumarill|Aqua Jet|p1a: Gholdengo\n|-activate|p1a: Gholdengo|move: Protect\n|move|p2b: Iron Hands|Drain Punch|p1b: Maushold\n|-activate|p1b: Maushold|move: Protect\n|\n|-heal|p1a: Gholdengo|17\/100|[from] item: Leftovers\n|upkeep\n|turn|7\n|\n|t:|1682872269\n|-terastallize|p1b: Maushold|Ghost\n|move|p1b: Maushold|Follow Me|p1b: Maushold\n|-singleturn|p1b: Maushold|move: Follow Me\n|move|p2a: Azumarill|Aqua Jet|p1b: Maushold\n|-damage|p1b: Maushold|71\/100\n|move|p1a: Gholdengo|Nasty Plot|p1a: Gholdengo\n|-boost|p1a: Gholdengo|spa|2\n|move|p2b: Iron Hands|Drain Punch|p1b: Maushold\n|-immune|p1b: Maushold\n|\n|-heal|p1a: Gholdengo|23\/100|[from] item: Leftovers\n|upkeep\n|turn|8\n|\n|t:|1682872290\n|move|p1b: Maushold|Super Fang|p2b: Iron Hands\n|-damage|p2b: Iron Hands|51\/100\n|move|p1a: Gholdengo|Make It Rain|p2b: Iron Hands|[spread] p2a,p2b\n|-crit|p2a: Azumarill\n|-resisted|p2b: Iron Hands\n|-damage|p2a: Azumarill|0 fnt\n|-damage|p2b: Iron Hands|13\/100\n|-unboost|p1a: Gholdengo|spa|1\n|faint|p2a: Azumarill\n|move|p2b: Iron Hands|Wild Charge|p1a: Gholdengo\n|-damage|p1a: Gholdengo|0 fnt\n|faint|p1a: Gholdengo\n|-damage|p2b: Iron Hands|8\/100|[from] Recoil\n|\n|upkeep\n|-message|Pyte 17 forfeited.\n|\n|win|TheEeveeAnimations\n|raw|TheEeveeAnimations's rating: 1463 → 1484<\/strong> (+21 for winning)\n|raw|Pyte 17's rating: 1477 → 1456<\/strong> (-21 for losing)\n|l|\u2606Pyte 17\n|c|\u2606TheEeveeAnimations|gg\n","uploadtime":1682872307,"views":16,"p1id":"theeeveeanimations","p2id":"pyte17","formatid":"gen9vgc2023regulationc","rating":1456,"private":0,"password":""}