{"id":"gen9vgc2023regulationc-1856552912","p1":"PorfiroFrota","p2":"Erinino21","format":"[Gen 9] VGC 2023 Regulation C","log":"|j|\u2606PorfiroFrota\n|j|\u2606Erinino21\n|t:|1683074944\n|gametype|doubles\n|player|p1|PorfiroFrota|red|1106\n|player|p2|Erinino21|dawn|1106\n|teamsize|p1|6\n|teamsize|p2|6\n|gen|9\n|tier|[Gen 9] VGC 2023 Regulation C\n|rated|\n|rule|Species Clause: Limit one of each Pok\u00e9mon\n|rule|Item Clause: Limit one of each item\n|clearpoke\n|poke|p1|Amoonguss, L50, M|\n|poke|p1|Arcanine, L50, M|\n|poke|p1|Flutter Mane, L50|\n|poke|p1|Ting-Lu, L50|\n|poke|p1|Garchomp, L50, M|\n|poke|p1|Gastrodon, L50, M|\n|poke|p2|Ceruledge, L50, F|\n|poke|p2|Scizor, L50, M|\n|poke|p2|Amoonguss, L50, M|\n|poke|p2|Ting-Lu, L50|\n|poke|p2|Gyarados, L50, F|\n|poke|p2|Flutter Mane, L50|\n|teampreview|4\n|inactive|Battle timer is ON: inactive players will automatically lose when time's up. (requested by PorfiroFrota)\n|inactive|PorfiroFrota has 60 seconds left.\n|\n|t:|1683074980\n|start\n|switch|p1a: Arcanine|Arcanine, L50, M|100\/100\n|switch|p1b: Gastrodon|Gastrodon, L50, M|100\/100\n|switch|p2a: Flutter Mane|Flutter Mane, L50|100\/100\n|switch|p2b: Amoonguss|Amoonguss, L50, M|100\/100\n|-ability|p1a: Arcanine|Intimidate|boost\n|-unboost|p2a: Flutter Mane|atk|1\n|-unboost|p2b: Amoonguss|atk|1\n|turn|1\n|\n|t:|1683074998\n|move|p2a: Flutter Mane|Dazzling Gleam|p1b: Gastrodon|[spread] p1a,p1b\n|-resisted|p1a: Arcanine\n|-crit|p1a: Arcanine\n|-damage|p1a: Arcanine|62\/100\n|-damage|p1b: Gastrodon|56\/100\n|move|p1a: Arcanine|Flare Blitz|p2b: Amoonguss\n|-supereffective|p2b: Amoonguss\n|-damage|p2b: Amoonguss|26\/100\n|-damage|p1a: Arcanine|35\/100|[from] Recoil\n|move|p2b: Amoonguss|Spore|p1a: Arcanine\n|-activate|p1a: Arcanine|item: Safety Goggles|Spore\n|move|p1b: Gastrodon|Ice Beam|p2b: Amoonguss\n|-supereffective|p2b: Amoonguss\n|-damage|p2b: Amoonguss|0 fnt\n|faint|p2b: Amoonguss\n|\n|-heal|p1b: Gastrodon|62\/100|[from] item: Leftovers\n|upkeep\n|\n|t:|1683075012\n|switch|p2b: Gyarados|Gyarados, L50, F, shiny|100\/100\n|-ability|p2b: Gyarados|Intimidate|boost\n|-unboost|p1a: Arcanine|atk|1\n|-unboost|p1b: Gastrodon|atk|1\n|turn|2\n|\n|t:|1683075020\n|move|p1b: Gastrodon|Protect|p1b: Gastrodon\n|-singleturn|p1b: Gastrodon|Protect\n|move|p2a: Flutter Mane|Dazzling Gleam|p1a: Arcanine|[spread] p1a\n|-activate|p1b: Gastrodon|move: Protect\n|-resisted|p1a: Arcanine\n|-damage|p1a: Arcanine|10\/100\n|move|p1a: Arcanine|Snarl|p2b: Gyarados|[spread] p2a,p2b\n|-damage|p2a: Flutter Mane|92\/100\n|-damage|p2b: Gyarados|93\/100\n|-unboost|p2a: Flutter Mane|spa|1\n|-unboost|p2b: Gyarados|spa|1\n|move|p2b: Gyarados|Waterfall|p1b: Gastrodon\n|-activate|p1b: Gastrodon|ability: Storm Drain\n|-activate|p1b: Gastrodon|move: Protect\n|\n|-heal|p1b: Gastrodon|68\/100|[from] item: Leftovers\n|upkeep\n|turn|3\n|inactive|PorfiroFrota has 30 seconds left.\n|\n|t:|1683075046\n|move|p2a: Flutter Mane|Dazzling Gleam|p1a: Arcanine|[spread] p1a,p1b\n|-resisted|p1a: Arcanine\n|-damage|p1a: Arcanine|0 fnt\n|-damage|p1b: Gastrodon|39\/100\n|faint|p1a: Arcanine\n|move|p2b: Gyarados|Waterfall|p1b: Gastrodon\n|-ability|p1b: Gastrodon|Storm Drain|boost\n|-boost|p1b: Gastrodon|spa|1\n|move|p1b: Gastrodon|Earth Power|p2a: Flutter Mane\n|-damage|p2a: Flutter Mane|29\/100\n|\n|-heal|p1b: Gastrodon|45\/100|[from] item: Leftovers\n|upkeep\n|\n|t:|1683075063\n|switch|p1a: Flutter Mane|Flutter Mane, L50|100\/100\n|turn|4\n|\n|t:|1683075078\n|-end|p2a: Flutter Mane|Protosynthesis|[silent]\n|switch|p2a: Ceruledge|Ceruledge, L50, F, shiny|100\/100\n|-terastallize|p1a: Flutter Mane|Fairy\n|move|p2b: Gyarados|Protect|p2b: Gyarados\n|-singleturn|p2b: Gyarados|Protect\n|move|p1a: Flutter Mane|Dazzling Gleam|p2a: Ceruledge|[spread] p2a\n|-activate|p2b: Gyarados|move: Protect\n|-resisted|p2a: Ceruledge\n|-damage|p2a: Ceruledge|70\/100\n|move|p1b: Gastrodon|Chilling Water|p2b: Gyarados\n|-activate|p2b: Gyarados|move: Protect\n|\n|-heal|p1b: Gastrodon|51\/100|[from] item: Leftovers\n|upkeep\n|turn|5\n|\n|t:|1683075099\n|move|p2a: Ceruledge|Shadow Sneak|p1a: Flutter Mane\n|-damage|p1a: Flutter Mane|40\/100\n|-damage|p2a: Ceruledge|60\/100|[from] item: Life Orb\n|move|p1a: Flutter Mane|Dazzling Gleam|p2a: Ceruledge|[spread] p2a,p2b\n|-resisted|p2a: Ceruledge\n|-damage|p2a: Ceruledge|32\/100\n|-damage|p2b: Gyarados|27\/100\n|move|p2b: Gyarados|Waterfall|p1b: Gastrodon\n|-activate|p1b: Gastrodon|ability: Storm Drain\n|-ability|p1b: Gastrodon|Storm Drain|boost\n|-boost|p1b: Gastrodon|spa|1\n|move|p1b: Gastrodon|Ice Beam|p2a: Ceruledge\n|-resisted|p2a: Ceruledge\n|-damage|p2a: Ceruledge|10\/100\n|\n|-heal|p1b: Gastrodon|57\/100|[from] item: Leftovers\n|upkeep\n|turn|6\n|\n|t:|1683075120\n|-end|p1a: Flutter Mane|Protosynthesis|[silent]\n|switch|p1a: Garchomp|Garchomp, L50, M|100\/100\n|move|p2a: Ceruledge|Shadow Sneak|p1a: Garchomp\n|-damage|p1a: Garchomp|78\/100\n|-damage|p2a: Ceruledge|0 fnt|[from] ability: Rough Skin|[of] p1a: Garchomp\n|faint|p2a: Ceruledge\n|move|p2b: Gyarados|Waterfall|p1b: Gastrodon\n|-activate|p1b: Gastrodon|ability: Storm Drain\n|-ability|p1b: Gastrodon|Storm Drain|boost\n|-boost|p1b: Gastrodon|spa|1\n|move|p1b: Gastrodon|Chilling Water|p2b: Gyarados\n|-resisted|p2b: Gyarados\n|-damage|p2b: Gyarados|3\/100\n|-unboost|p2b: Gyarados|atk|1\n|\n|-heal|p1b: Gastrodon|63\/100|[from] item: Leftovers\n|upkeep\n|inactive|Erinino21 has 30 seconds left.\n|\n|t:|1683075146\n|switch|p2a: Flutter Mane|Flutter Mane, L50|29\/100\n|turn|7\n|\n|t:|1683075154\n|-terastallize|p2a: Flutter Mane|Fairy\n|move|p2b: Gyarados|Protect|p2b: Gyarados\n|-singleturn|p2b: Gyarados|Protect\n|move|p2a: Flutter Mane|Dazzling Gleam|p1a: Garchomp|[spread] p1a,p1b\n|-supereffective|p1a: Garchomp\n|-damage|p1a: Garchomp|0 fnt\n|-damage|p1b: Gastrodon|0 fnt\n|faint|p1a: Garchomp\n|faint|p1b: Gastrodon\n|\n|upkeep\n|\n|t:|1683075163\n|switch|p1a: Flutter Mane|Flutter Mane, L50, tera:Fairy|40\/100\n|turn|8\n|\n|t:|1683075168\n|move|p2b: Gyarados|Protect||[still]\n|-fail|p2b: Gyarados\n|move|p2a: Flutter Mane|Dazzling Gleam|p1a: Flutter Mane\n|-damage|p1a: Flutter Mane|0 fnt\n|faint|p1a: Flutter Mane\n|-end|p1a: Flutter Mane|Protosynthesis|[silent]\n|\n|win|Erinino21\n|raw|PorfiroFrota's rating: 1106 → 1081<\/strong> (-25 for losing)\n|raw|Erinino21's rating: 1106 → 1131<\/strong> (+25 for winning)\n","uploadtime":1683075178,"views":12,"p1id":"porfirofrota","p2id":"erinino21","formatid":"gen9vgc2023regulationc","rating":1081,"private":0,"password":""}