{"id":"gen9vgc2023regulationc-1845657539","p1":"Elf_Army_007","p2":"haha u rage quit","format":"[Gen 9] VGC 2023 Regulation C","log":"|j|\u2606Elf_Army_007\n|j|\u2606haha u rage quit\n|t:|1681753134\n|gametype|doubles\n|player|p1|Elf_Army_007|elesa|1169\n|player|p2|haha u rage quit|pokemaniac|1260\n|teamsize|p1|6\n|teamsize|p2|6\n|gen|9\n|tier|[Gen 9] VGC 2023 Regulation C\n|rated|\n|rule|Species Clause: Limit one of each Pok\u00e9mon\n|rule|Item Clause: Limit one of each item\n|clearpoke\n|poke|p1|Palafin, L50, M|\n|poke|p1|Chien-Pao, L50|\n|poke|p1|Dragapult, L50, F|\n|poke|p1|Amoonguss, L50, F|\n|poke|p1|Arcanine, L50, F|\n|poke|p1|Flutter Mane, L50|\n|poke|p2|Palafin, L50, M|\n|poke|p2|Arcanine, L50, M|\n|poke|p2|Amoonguss, L50, M|\n|poke|p2|Ting-Lu, L50|\n|poke|p2|Baxcalibur, L50, M|\n|poke|p2|Flutter Mane, L50|\n|teampreview|4\n|inactive|Battle timer is ON: inactive players will automatically lose when time's up. (requested by Elf_Army_007)\n|inactive|Elf_Army_007 has 60 seconds left.\n|inactive|haha u rage quit has 60 seconds left.\n|inactive|Elf_Army_007 has 30 seconds left.\n|inactive|Elf_Army_007 has 20 seconds left.\n|inactive|Elf_Army_007 has 15 seconds left.\n|\n|t:|1681753211\n|start\n|switch|p1a: Dozo|Palafin, L50, M|100\/100\n|switch|p1b: Dnite|Dragapult, L50, F|100\/100\n|switch|p2a: Palafin|Palafin, L50, M|100\/100\n|switch|p2b: Flutter Mane|Flutter Mane, L50|100\/100\n|-enditem|p2b: Flutter Mane|Booster Energy\n|-activate|p2b: Flutter Mane|ability: Protosynthesis|[fromitem]\n|-start|p2b: Flutter Mane|protosynthesisspe\n|turn|1\n|\n|t:|1681753233\n|detailschange|p2a: Palafin|Palafin-Hero, L50, M\n|switch|p2a: Baxcalibur|Baxcalibur, L50, M|100\/100\n|move|p1a: Dozo|Protect|p1a: Dozo\n|-singleturn|p1a: Dozo|Protect\n|move|p2b: Flutter Mane|Substitute|p2b: Flutter Mane\n|-start|p2b: Flutter Mane|Substitute\n|-damage|p2b: Flutter Mane|76\/100\n|move|p1b: Dnite|Phantom Force||[still]\n|-prepare|p1b: Dnite|Phantom Force\n|\n|upkeep\n|turn|2\n|inactive|Elf_Army_007 has 30 seconds left.\n|inactive|haha u rage quit has 30 seconds left.\n|inactive|Elf_Army_007 has 20 seconds left.\n|\n|t:|1681753270\n|detailschange|p1a: Dozo|Palafin-Hero, L50, M\n|switch|p1a: Bundle|Chien-Pao, L50|100\/100\n|-ability|p1a: Bundle|Sword of Ruin\n|move|p2b: Flutter Mane|Protect|p2b: Flutter Mane\n|-singleturn|p2b: Flutter Mane|Protect\n|move|p1b: Dnite|Phantom Force|p2b: Flutter Mane|[from]lockedmove\n|-activate|p2b: Flutter Mane|move: Phantom Force|[broken]\n|-supereffective|p2b: Flutter Mane\n|-end|p2b: Flutter Mane|Substitute\n|move|p2a: Baxcalibur|Icicle Crash|p1b: Dnite\n|-supereffective|p1b: Dnite\n|-damage|p1b: Dnite|0 fnt\n|faint|p1b: Dnite\n|\n|upkeep\n|\n|t:|1681753278\n|switch|p1b: Dozo|Palafin-Hero, L50, M|100\/100\n|-activate|p1b: Dozo|ability: Zero to Hero\n|turn|3\n|inactive|haha u rage quit has 30 seconds left.\n|inactive|haha u rage quit has 20 seconds left.\n|inactive|haha u rage quit has 15 seconds left.\n|\n|t:|1681753321\n|-end|p2b: Flutter Mane|Protosynthesis|[silent]\n|switch|p2b: Amoonguss|Amoonguss, L50, M|100\/100\n|move|p1b: Dozo|Jet Punch|p2b: Amoonguss\n|-resisted|p2b: Amoonguss\n|-crit|p2b: Amoonguss\n|-damage|p2b: Amoonguss|58\/100\n|move|p1a: Bundle|Sacred Sword|p2a: Baxcalibur\n|-supereffective|p2a: Baxcalibur\n|-damage|p2a: Baxcalibur|27\/100\n|move|p2a: Baxcalibur|Glaive Rush|p1b: Dozo\n|-damage|p1b: Dozo|15\/100\n|-singlemove|p2a: Baxcalibur|Glaive Rush|[silent]\n|\n|upkeep\n|turn|4\n|inactive|haha u rage quit has 30 seconds left.\n|inactive|Elf_Army_007 has 30 seconds left.\n|inactive|Elf_Army_007 has 20 seconds left.\n|inactive|Elf_Army_007 has 15 seconds left.\n|inactive|haha u rage quit has 20 seconds left.\n|\n|t:|1681753373\n|move|p2a: Baxcalibur|Protect|p2a: Baxcalibur\n|-singleturn|p2a: Baxcalibur|Protect\n|move|p1b: Dozo|Jet Punch|p2a: Baxcalibur\n|-activate|p2a: Baxcalibur|move: Protect\n|move|p1a: Bundle|Ice Spinner|p2a: Baxcalibur\n|-activate|p2a: Baxcalibur|move: Protect\n|move|p2b: Amoonguss|Pollen Puff|p1a: Bundle\n|-supereffective|p1a: Bundle\n|-damage|p1a: Bundle|40\/100\n|\n|upkeep\n|turn|5\n|\n|t:|1681753391\n|-terastallize|p2b: Amoonguss|Water\n|move|p1b: Dozo|Protect|p1b: Dozo\n|-singleturn|p1b: Dozo|Protect\n|move|p2a: Baxcalibur|Ice Shard|p1b: Dozo\n|-activate|p1b: Dozo|move: Protect\n|move|p1a: Bundle|Ice Spinner|p2b: Amoonguss\n|-resisted|p2b: Amoonguss\n|-damage|p2b: Amoonguss|35\/100\n|-enditem|p2b: Amoonguss|Sitrus Berry|[eat]\n|-heal|p2b: Amoonguss|60\/100|[from] item: Sitrus Berry\n|move|p2b: Amoonguss|Pollen Puff|p1a: Bundle\n|-supereffective|p1a: Bundle\n|-damage|p1a: Bundle|0 fnt\n|faint|p1a: Bundle\n|\n|upkeep\n|\n|t:|1681753396\n|switch|p1a: WoChien|Amoonguss, L50, F|100\/100\n|turn|6\n|\n|t:|1681753415\n|-terastallize|p1a: WoChien|Water\n|move|p1a: WoChien|Rage Powder|p1a: WoChien\n|-singleturn|p1a: WoChien|move: Rage Powder\n|move|p2a: Baxcalibur|Ice Shard|p1a: WoChien\n|-resisted|p1a: WoChien\n|-damage|p1a: WoChien|89\/100\n|move|p1b: Dozo|Wave Crash|p2a: Baxcalibur\n|-resisted|p2a: Baxcalibur\n|-damage|p2a: Baxcalibur|0 fnt\n|faint|p2a: Baxcalibur\n|-damage|p1b: Dozo|5\/100|[from] Recoil\n|move|p2b: Amoonguss|Pollen Puff|p1a: WoChien\n|-damage|p1a: WoChien|73\/100\n|\n|upkeep\n|\n|t:|1681753428\n|switch|p2a: Palafin|Palafin-Hero, L50, M|100\/100\n|-activate|p2a: Palafin|ability: Zero to Hero\n|turn|7\n|\n|t:|1681753446\n|move|p1b: Dozo|Protect|p1b: Dozo\n|-singleturn|p1b: Dozo|Protect\n|move|p2a: Palafin|Protect|p2a: Palafin\n|-singleturn|p2a: Palafin|Protect\n|move|p2b: Amoonguss|Spore|p1a: WoChien\n|-status|p1a: WoChien|slp|[from] move: Spore\n|cant|p1a: WoChien|slp\n|\n|upkeep\n|turn|8\n|-message|Elf_Army_007 forfeited.\n|\n|win|haha u rage quit\n|raw|Elf_Army_007's rating: 1169 → 1150<\/strong> (-19 for losing)\n|raw|haha u rage quit's rating: 1260 → 1279<\/strong> (+19 for winning)\n|l|\u2606Elf_Army_007\n","uploadtime":1681753474,"views":11,"p1id":"elfarmy007","p2id":"hahauragequit","formatid":"gen9vgc2023regulationc","rating":1150,"private":0,"password":""}