{"id":"gen9vgc2023regulationc-1844917050","p1":"Scoopadoops","p2":"NotDaBoy","format":"[Gen 9] VGC 2023 Regulation C","log":"|j|\u2606Scoopadoops\n|j|\u2606NotDaBoy\n|t:|1681663877\n|gametype|doubles\n|player|p1|Scoopadoops|2|1405\n|player|p2|NotDaBoy|marlon|1322\n|teamsize|p1|6\n|teamsize|p2|6\n|gen|9\n|tier|[Gen 9] VGC 2023 Regulation C\n|rated|\n|rule|Species Clause: Limit one of each Pok\u00e9mon\n|rule|Item Clause: Limit one of each item\n|clearpoke\n|poke|p1|Toxapex, L50, F|\n|poke|p1|Glimmora, L50, M|\n|poke|p1|Orthworm, L50, M|\n|poke|p1|Flutter Mane, L50|\n|poke|p1|Chi-Yu, L50|\n|poke|p1|Kingambit, L50, M|\n|poke|p2|Chi-Yu, L50|\n|poke|p2|Flutter Mane, L50|\n|poke|p2|Iron Thorns, L50|\n|poke|p2|Gyarados, L50, M|\n|poke|p2|Brute Bonnet, L50|\n|poke|p2|Murkrow, L50, M|\n|teampreview|4\n|inactive|Battle timer is ON: inactive players will automatically lose when time's up. (requested by Scoopadoops)\nScoopadoops has agreed to open team sheets.\nNotDaBoy has agreed to open team sheets.\n|inactive|NotDaBoy has 60 seconds left.\n|inactive|NotDaBoy has 30 seconds left.\n|\n|t:|1681663943\n|start\n|switch|p1a: Glimmora|Glimmora, L50, M|100\/100\n|switch|p1b: Orthworm|Orthworm, L50, M|100\/100\n|switch|p2a: Chi-Yu|Chi-Yu, L50|100\/100\n|switch|p2b: Murkrow|Murkrow, L50, M|100\/100\n|-ability|p2a: Chi-Yu|Beads of Ruin\n|turn|1\n|inactive|NotDaBoy has 30 seconds left.\n|inactive|NotDaBoy has 20 seconds left.\n|\n|t:|1681663979\n|move|p1b: Orthworm|Protect|p1b: Orthworm\n|-singleturn|p1b: Orthworm|Protect\n|move|p2b: Murkrow|Brave Bird|p1a: Glimmora\n|-resisted|p1a: Glimmora\n|-damage|p1a: Glimmora|72\/100\n|-activate|p1a: Glimmora|ability: Toxic Debris\n|-sidestart|p2: NotDaBoy|move: Toxic Spikes\n|-damage|p2b: Murkrow|89\/100|[from] Recoil\n|move|p2a: Chi-Yu|Dark Pulse|p1a: Glimmora\n|-damage|p1a: Glimmora|0 fnt\n|faint|p1a: Glimmora\n|-damage|p2a: Chi-Yu|91\/100|[from] item: Life Orb\n|\n|upkeep\n|\n|t:|1681663984\n|switch|p1a: Toxapex|Toxapex, L50, F|100\/100\n|turn|2\n|\n|t:|1681664006\n|-terastallize|p1a: Toxapex|Water\n|move|p1b: Orthworm|Helping Hand|p1a: Toxapex\n|-singleturn|p1a: Toxapex|Helping Hand|[of] p1b: Orthworm\n|move|p2b: Murkrow|Sunny Day|p2b: Murkrow\n|-weather|SunnyDay\n|move|p2a: Chi-Yu|Heat Wave|p1b: Orthworm|[spread] p1a,p1b\n|-resisted|p1a: Toxapex\n|-supereffective|p1b: Orthworm\n|-damage|p1a: Toxapex|65\/100\n|-damage|p1b: Orthworm|0 fnt\n|faint|p1b: Orthworm\n|-damage|p2a: Chi-Yu|82\/100|[from] item: Life Orb\n|move|p1a: Toxapex|Liquidation|p2a: Chi-Yu\n|-supereffective|p2a: Chi-Yu\n|-damage|p2a: Chi-Yu|4\/100\n|-unboost|p2a: Chi-Yu|def|1\n|\n|-weather|SunnyDay|[upkeep]\n|-heal|p1a: Toxapex|71\/100|[from] item: Leftovers\n|upkeep\n|\n|t:|1681664018\n|switch|p1b: Flutter Mane|Flutter Mane, L50|100\/100\n|-activate|p1b: Flutter Mane|ability: Protosynthesis\n|-start|p1b: Flutter Mane|protosynthesisspe\n|turn|3\n|\n|t:|1681664034\n|move|p1a: Toxapex|Baneful Bunker|p1a: Toxapex\n|-singleturn|p1a: Toxapex|move: Protect\n|move|p2b: Murkrow|Tailwind|p2b: Murkrow\n|-sidestart|p2: NotDaBoy|move: Tailwind\n|move|p2a: Chi-Yu|Heat Wave|p1b: Flutter Mane|[spread] p1b\n|-activate|p1a: Toxapex|move: Protect\n|-damage|p1b: Flutter Mane|13\/100\n|-damage|p2a: Chi-Yu|0 fnt|[from] item: Life Orb\n|faint|p2a: Chi-Yu\n|move|p1b: Flutter Mane|Dazzling Gleam|p2b: Murkrow\n|-supereffective|p2b: Murkrow\n|-damage|p2b: Murkrow|0 fnt\n|faint|p2b: Murkrow\n|\n|-weather|SunnyDay|[upkeep]\n|-heal|p1a: Toxapex|77\/100|[from] item: Leftovers\n|upkeep\n|\n|t:|1681664048\n|switch|p2a: Gyarados|Gyarados, L50, M|100\/100\n|switch|p2b: Flutter Mane|Flutter Mane, L50|100\/100\n|-status|p2b: Flutter Mane|psn\n|-activate|p2b: Flutter Mane|ability: Protosynthesis\n|-start|p2b: Flutter Mane|protosynthesisspa\n|-ability|p2a: Gyarados|Intimidate|boost\n|-unboost|p1a: Toxapex|atk|1\n|-unboost|p1b: Flutter Mane|atk|1\n|turn|4\n|\n|t:|1681664061\n|-terastallize|p2b: Flutter Mane|Fairy\n|move|p2a: Gyarados|Helping Hand|p2b: Flutter Mane\n|-singleturn|p2b: Flutter Mane|Helping Hand|[of] p2a: Gyarados\n|move|p1b: Flutter Mane|Protect|p1b: Flutter Mane\n|-singleturn|p1b: Flutter Mane|Protect\n|move|p2b: Flutter Mane|Dazzling Gleam|p1a: Toxapex|[spread] p1a\n|-activate|p1b: Flutter Mane|move: Protect\n|-damage|p1a: Toxapex|0 fnt\n|faint|p1a: Toxapex\n|\n|-weather|SunnyDay|[upkeep]\n|-damage|p2b: Flutter Mane|88\/100 psn|[from] psn\n|upkeep\n|turn|5\n|-message|Scoopadoops forfeited.\n|\n|win|NotDaBoy\n|raw|Scoopadoops's rating: 1405 → 1380<\/strong> (-25 for losing)\n|raw|NotDaBoy's rating: 1322 → 1347<\/strong> (+25 for winning)\n|l|\u2606Scoopadoops\n","uploadtime":1681664078,"views":13,"p1id":"scoopadoops","p2id":"notdaboy","formatid":"gen9vgc2023regulationc","rating":1347,"private":0,"password":""}