{"id":"gen9vgc2023regulationc-1860620113","p1":"T0123456789","p2":"Mafiapony","format":"[Gen 9] VGC 2023 Regulation C","log":"|j|\u2606T0123456789\n|j|\u2606Mafiapony\n|t:|1683659702\n|gametype|doubles\n|player|p1|T0123456789|101|1196\n|player|p2|Mafiapony|101|1181\n|teamsize|p1|6\n|teamsize|p2|6\n|gen|9\n|tier|[Gen 9] VGC 2023 Regulation C\n|rated|\n|rule|Species Clause: Limit one of each Pok\u00e9mon\n|rule|Item Clause: Limit one of each item\n|clearpoke\n|poke|p1|Ting-Lu, L50|\n|poke|p1|Wo-Chien, L50|\n|poke|p1|Roaring Moon, L50|\n|poke|p1|Gholdengo, L50|\n|poke|p1|Arcanine, L50, M|\n|poke|p1|Ceruledge, L50, M|\n|poke|p2|Scream Tail, L50|\n|poke|p2|Kingambit, L50, M|\n|poke|p2|Maushold-Four, L50|\n|poke|p2|Dragapult, L50, F|\n|poke|p2|Palafin, L50, M|\n|poke|p2|Ceruledge, L50, M|\n|teampreview|4\n|inactive|Battle timer is ON: inactive players will automatically lose when time's up. (requested by T0123456789)\nMafiapony rejected open team sheets.\n|inactive|T0123456789 has 60 seconds left.\n|inactive|Mafiapony has 60 seconds left.\n|\n|t:|1683659741\n|start\n|switch|p1a: Wo-Chien|Wo-Chien, L50|100\/100\n|switch|p1b: Ting-Lu|Ting-Lu, L50|100\/100\n|switch|p2a: Scream Tail|Scream Tail, L50|100\/100\n|switch|p2b: Dragapult|Dragapult, L50, F|100\/100\n|-ability|p1a: Wo-Chien|Tablets of Ruin\n|-ability|p1b: Ting-Lu|Vessel of Ruin\n|-enditem|p2a: Scream Tail|Booster Energy\n|-activate|p2a: Scream Tail|ability: Protosynthesis|[fromitem]\n|-start|p2a: Scream Tail|protosynthesisspe\n|turn|1\n|\n|t:|1683659762\n|-terastallize|p1a: Wo-Chien|Poison\n|move|p1b: Ting-Lu|Protect|p1b: Ting-Lu\n|-singleturn|p1b: Ting-Lu|Protect\n|move|p2a: Scream Tail|Howl|p2a: Scream Tail|[spread] p2a,p2b\n|-boost|p2a: Scream Tail|atk|1\n|-boost|p2b: Dragapult|atk|1\n|move|p2b: Dragapult|Will-O-Wisp|p1b: Ting-Lu\n|-activate|p1b: Ting-Lu|move: Protect\n|move|p1a: Wo-Chien|Substitute|p1a: Wo-Chien\n|-start|p1a: Wo-Chien|Substitute\n|-damage|p1a: Wo-Chien|75\/100\n|\n|-heal|p1a: Wo-Chien|82\/100|[from] item: Black Sludge\n|upkeep\n|turn|2\n|inactive|T0123456789 has 30 seconds left.\n|\n|t:|1683659789\n|move|p2a: Scream Tail|Howl|p2a: Scream Tail|[spread] p2a,p2b\n|-boost|p2a: Scream Tail|atk|1\n|-boost|p2b: Dragapult|atk|1\n|move|p2b: Dragapult|Will-O-Wisp|p1b: Ting-Lu\n|-status|p1b: Ting-Lu|brn\n|move|p1a: Wo-Chien|Leech Seed|p2b: Dragapult\n|-start|p2b: Dragapult|move: Leech Seed\n|move|p1b: Ting-Lu|Ruination|p2a: Scream Tail\n|-damage|p2a: Scream Tail|50\/100\n|\n|-heal|p1a: Wo-Chien|88\/100|[from] item: Black Sludge\n|-damage|p2b: Dragapult|88\/100|[from] Leech Seed|[of] p1a: Wo-Chien\n|-heal|p1a: Wo-Chien|98\/100|[silent]\n|-damage|p1b: Ting-Lu|94\/100 brn|[from] brn\n|upkeep\n|turn|3\n|inactive|Mafiapony has 30 seconds left.\n|\n|t:|1683659816\n|move|p1b: Ting-Lu|Protect|p1b: Ting-Lu\n|-singleturn|p1b: Ting-Lu|Protect\n|move|p2a: Scream Tail|Howl|p2a: Scream Tail|[spread] p2a,p2b\n|-boost|p2a: Scream Tail|atk|1\n|-boost|p2b: Dragapult|atk|1\n|move|p2b: Dragapult|Disable|p1b: Ting-Lu\n|-activate|p1b: Ting-Lu|move: Protect\n|move|p1a: Wo-Chien|Leech Seed|p2a: Scream Tail\n|-start|p2a: Scream Tail|move: Leech Seed\n|\n|-heal|p1a: Wo-Chien|100\/100|[from] item: Black Sludge\n|-heal|p1b: Ting-Lu|100\/100 brn|[from] item: Leftovers\n|-damage|p2a: Scream Tail|38\/100|[from] Leech Seed|[of] p1a: Wo-Chien\n|-damage|p2b: Dragapult|76\/100|[from] Leech Seed|[of] p1a: Wo-Chien\n|-damage|p1b: Ting-Lu|94\/100 brn|[from] brn\n|upkeep\n|turn|4\n|inactive|T0123456789 has 30 seconds left.\n|inactive|Mafiapony has 30 seconds left.\n|inactive|T0123456789 has 20 seconds left.\n|\n|t:|1683659851\n|switch|p1b: Gholdengo|Gholdengo, L50|100\/100\n|move|p2a: Scream Tail|Encore|p1b: Gholdengo\n|-immune|p1b: Gholdengo|[from] ability: Good as Gold\n|move|p2b: Dragapult|Dragon Darts|p1b: Gholdengo\n|-resisted|p1b: Gholdengo\n|-damage|p1b: Gholdengo|75\/100\n|-anim|p2b: Dragapult|Dragon Darts|p1a: Wo-Chien\n|-end|p1a: Wo-Chien|Substitute\n|move|p1a: Wo-Chien|Ruination|p2b: Dragapult\n|-damage|p2b: Dragapult|39\/100\n|\n|-damage|p2a: Scream Tail|26\/100|[from] Leech Seed|[of] p1a: Wo-Chien\n|-damage|p2b: Dragapult|26\/100|[from] Leech Seed|[of] p1a: Wo-Chien\n|upkeep\n|turn|5\n|inactive|Mafiapony has 30 seconds left.\n|\n|t:|1683659877\n|move|p1a: Wo-Chien|Protect|p1a: Wo-Chien\n|-singleturn|p1a: Wo-Chien|Protect\n|move|p2a: Scream Tail|Baton Pass|p2a: Scream Tail\n|\n|t:|1683659885\n|-end|p2a: Scream Tail|Protosynthesis|[silent]\n|switch|p2a: Ceruledge|Ceruledge, L50, M|100\/100|[from] Baton Pass\n|move|p2b: Dragapult|Dragon Darts|p1b: Gholdengo\n|-resisted|p1b: Gholdengo\n|-damage|p1b: Gholdengo|47\/100\n|-anim|p2b: Dragapult|Dragon Darts|p1b: Gholdengo\n|-resisted|p1b: Gholdengo\n|-damage|p1b: Gholdengo|21\/100\n|move|p1b: Gholdengo|Make It Rain|p2b: Dragapult|[spread] p2a,p2b\n|-resisted|p2a: Ceruledge\n|-damage|p2a: Ceruledge|70\/100\n|-damage|p2b: Dragapult|0 fnt\n|-unboost|p1b: Gholdengo|spa|1\n|faint|p2b: Dragapult\n|\n|-damage|p2a: Ceruledge|58\/100|[from] Leech Seed|[of] p1a: Wo-Chien\n|upkeep\n|\n|t:|1683659904\n|switch|p2b: Scream Tail|Scream Tail, L50|26\/100\n|turn|6\n|inactive|Mafiapony has 30 seconds left.\n|inactive|Mafiapony has 20 seconds left.\n|\n|t:|1683659939\n|switch|p1b: Ting-Lu|Ting-Lu, L50|94\/100 brn\n|-ability|p1b: Ting-Lu|Vessel of Ruin\n|move|p2b: Scream Tail|Encore||[still]\n|-fail|p2b: Scream Tail\n|move|p2a: Ceruledge|Bitter Blade|p1a: Wo-Chien\n|-damage|p1a: Wo-Chien|55\/100\n|-heal|p2a: Ceruledge|82\/100|[from] drain|[of] p1a: Wo-Chien\n|move|p1a: Wo-Chien|Substitute|p1a: Wo-Chien\n|-start|p1a: Wo-Chien|Substitute\n|-damage|p1a: Wo-Chien|30\/100\n|\n|-heal|p1a: Wo-Chien|36\/100|[from] item: Black Sludge\n|-heal|p1b: Ting-Lu|100\/100 brn|[from] item: Leftovers\n|-damage|p2a: Ceruledge|70\/100|[from] Leech Seed|[of] p1a: Wo-Chien\n|-heal|p1a: Wo-Chien|47\/100|[silent]\n|-damage|p1b: Ting-Lu|94\/100 brn|[from] brn\n|upkeep\n|turn|7\n|inactive|T0123456789 has 30 seconds left.\n|inactive|Mafiapony has 30 seconds left.\n|inactive|Mafiapony has 20 seconds left.\n|\n|t:|1683659977\n|-terastallize|p2a: Ceruledge|Grass\n|move|p1b: Ting-Lu|Protect|p1b: Ting-Lu\n|-singleturn|p1b: Ting-Lu|Protect\n|move|p2b: Scream Tail|Howl|p2b: Scream Tail|[spread] p2a,p2b\n|-boost|p2a: Ceruledge|atk|1\n|-boost|p2b: Scream Tail|atk|1\n|move|p2a: Ceruledge|Bitter Blade|p1b: Ting-Lu\n|-activate|p1b: Ting-Lu|move: Protect\n|move|p1a: Wo-Chien|Leech Seed|p2b: Scream Tail\n|-start|p2b: Scream Tail|move: Leech Seed\n|\n|-heal|p1a: Wo-Chien|54\/100|[from] item: Black Sludge\n|-heal|p1b: Ting-Lu|100\/100 brn|[from] item: Leftovers\n|-damage|p2b: Scream Tail|14\/100|[from] Leech Seed|[of] p1a: Wo-Chien\n|-heal|p1a: Wo-Chien|68\/100|[silent]\n|-damage|p2a: Ceruledge|58\/100|[from] Leech Seed|[of] p1a: Wo-Chien\n|-heal|p1a: Wo-Chien|79\/100|[silent]\n|-damage|p1b: Ting-Lu|94\/100 brn|[from] brn\n|upkeep\n|turn|8\n|inactive|T0123456789 has 30 seconds left.\n|inactive|Mafiapony has 30 seconds left.\n|\n|t:|1683660006\n|move|p2b: Scream Tail|Howl|p2b: Scream Tail|[spread] p2a,p2b\n|-boost|p2a: Ceruledge|atk|1\n|-boost|p2b: Scream Tail|atk|1\n|move|p2a: Ceruledge|Bitter Blade|p1b: Ting-Lu\n|-damage|p1b: Ting-Lu|37\/100 brn\n|-heal|p2a: Ceruledge|99\/100|[from] drain|[of] p1b: Ting-Lu\n|move|p1a: Wo-Chien|Ruination|p2a: Ceruledge\n|-damage|p2a: Ceruledge|50\/100\n|-enditem|p2a: Ceruledge|Sitrus Berry|[eat]\n|-heal|p2a: Ceruledge|75\/100|[from] item: Sitrus Berry\n|move|p1b: Ting-Lu|Ruination|p2a: Ceruledge\n|-damage|p2a: Ceruledge|38\/100\n|\n|-heal|p1a: Wo-Chien|85\/100|[from] item: Black Sludge\n|-heal|p1b: Ting-Lu|43\/100 brn|[from] item: Leftovers\n|-damage|p2b: Scream Tail|2\/100|[from] Leech Seed|[of] p1a: Wo-Chien\n|-heal|p1a: Wo-Chien|99\/100|[silent]\n|-damage|p2a: Ceruledge|26\/100|[from] Leech Seed|[of] p1a: Wo-Chien\n|-heal|p1a: Wo-Chien|100\/100|[silent]\n|-damage|p1b: Ting-Lu|37\/100 brn|[from] brn\n|upkeep\n|turn|9\n|inactive|Mafiapony has 30 seconds left.\n|\n|t:|1683660033\n|move|p1a: Wo-Chien|Protect|p1a: Wo-Chien\n|-singleturn|p1a: Wo-Chien|Protect\n|move|p1b: Ting-Lu|Protect|p1b: Ting-Lu\n|-singleturn|p1b: Ting-Lu|Protect\n|move|p2b: Scream Tail|Baton Pass|p2b: Scream Tail\n|\n|t:|1683660039\n|-end|p2b: Scream Tail|Protosynthesis|[silent]\n|switch|p2b: Kingambit|Kingambit, L50, M|100\/100|[from] Baton Pass\n|move|p2a: Ceruledge|Bitter Blade|p1a: Wo-Chien\n|-activate|p1a: Wo-Chien|move: Protect\n|\n|-heal|p1b: Ting-Lu|43\/100 brn|[from] item: Leftovers\n|-damage|p2a: Ceruledge|14\/100|[from] Leech Seed|[of] p1a: Wo-Chien\n|-damage|p2b: Kingambit|88\/100|[from] Leech Seed|[of] p1a: Wo-Chien\n|-damage|p1b: Ting-Lu|37\/100 brn|[from] brn\n|upkeep\n|turn|10\n|inactive|T0123456789 has 30 seconds left.\n|\n|t:|1683660065\n|move|p2a: Ceruledge|Bitter Blade|p1b: Ting-Lu\n|-damage|p1b: Ting-Lu|0 fnt\n|-heal|p2a: Ceruledge|40\/100|[from] drain|[of] p1b: Ting-Lu\n|faint|p1b: Ting-Lu\n|move|p1a: Wo-Chien|Substitute|p1a: Wo-Chien\n|-fail|p1a: Wo-Chien|move: Substitute\n|move|p2b: Kingambit|Kowtow Cleave|p1a: Wo-Chien\n|-end|p1a: Wo-Chien|Substitute\n|\n|-heal|p2b: Kingambit|94\/100|[from] item: Leftovers\n|-damage|p2a: Ceruledge|28\/100|[from] Leech Seed|[of] p1a: Wo-Chien\n|-damage|p2b: Kingambit|82\/100|[from] Leech Seed|[of] p1a: Wo-Chien\n|upkeep\n|\n|t:|1683660090\n|switch|p1b: Arcanine|Arcanine, L50, M|100\/100\n|-ability|p1b: Arcanine|Intimidate|boost\n|-unboost|p2a: Ceruledge|atk|1\n|-unboost|p2b: Kingambit|atk|1\n|-ability|p2b: Kingambit|Defiant|boost\n|-boost|p2b: Kingambit|atk|2\n|turn|11\n|\n|t:|1683660110\n|move|p2a: Ceruledge|Protect|p2a: Ceruledge\n|-singleturn|p2a: Ceruledge|Protect\n|move|p1a: Wo-Chien|Protect|p1a: Wo-Chien\n|-singleturn|p1a: Wo-Chien|Protect\n|move|p2b: Kingambit|Sucker Punch|p1b: Arcanine\n|-damage|p1b: Arcanine|5\/100\n|move|p1b: Arcanine|Flare Blitz|p2b: Kingambit\n|-supereffective|p2b: Kingambit\n|-damage|p2b: Kingambit|10\/100\n|-damage|p1b: Arcanine|0 fnt|[from] Recoil\n|faint|p1b: Arcanine\n|\n|-heal|p2b: Kingambit|16\/100|[from] item: Leftovers\n|-damage|p2a: Ceruledge|16\/100|[from] Leech Seed|[of] p1a: Wo-Chien\n|-damage|p2b: Kingambit|4\/100|[from] Leech Seed|[of] p1a: Wo-Chien\n|upkeep\n|\n|t:|1683660121\n|switch|p1b: Gholdengo|Gholdengo, L50|21\/100\n|turn|12\n|\n|t:|1683660131\n|move|p2b: Kingambit|Sucker Punch|p1b: Gholdengo\n|-supereffective|p1b: Gholdengo\n|-damage|p1b: Gholdengo|0 fnt\n|faint|p1b: Gholdengo\n|move|p2a: Ceruledge|Bitter Blade|p1a: Wo-Chien\n|-damage|p1a: Wo-Chien|43\/100\n|-heal|p2a: Ceruledge|47\/100|[from] drain|[of] p1a: Wo-Chien\n|move|p1a: Wo-Chien|Substitute|p1a: Wo-Chien\n|-start|p1a: Wo-Chien|Substitute\n|-damage|p1a: Wo-Chien|18\/100\n|\n|-heal|p1a: Wo-Chien|24\/100|[from] item: Black Sludge\n|-heal|p2b: Kingambit|10\/100|[from] item: Leftovers\n|-damage|p2a: Ceruledge|35\/100|[from] Leech Seed|[of] p1a: Wo-Chien\n|-heal|p1a: Wo-Chien|35\/100|[silent]\n|-damage|p2b: Kingambit|0 fnt|[from] Leech Seed|[of] p1a: Wo-Chien\n|-heal|p1a: Wo-Chien|45\/100|[silent]\n|faint|p2b: Kingambit\n|upkeep\n|\n|t:|1683660147\n|switch|p2b: Scream Tail|Scream Tail, L50|2\/100\n|turn|13\n|\n|t:|1683660163\n|move|p1a: Wo-Chien|Protect|p1a: Wo-Chien\n|-singleturn|p1a: Wo-Chien|Protect\n|move|p2b: Scream Tail|Play Rough|p1a: Wo-Chien\n|-activate|p1a: Wo-Chien|move: Protect\n|move|p2a: Ceruledge|Bitter Blade|p1a: Wo-Chien\n|-activate|p1a: Wo-Chien|move: Protect\n|\n|-heal|p1a: Wo-Chien|51\/100|[from] item: Black Sludge\n|-damage|p2a: Ceruledge|22\/100|[from] Leech Seed|[of] p1a: Wo-Chien\n|-heal|p1a: Wo-Chien|62\/100|[silent]\n|upkeep\n|turn|14\n|\n|t:|1683660181\n|move|p2b: Scream Tail|Play Rough|p1a: Wo-Chien\n|-resisted|p1a: Wo-Chien\n|-activate|p1a: Wo-Chien|move: Substitute|[damage]\n|move|p2a: Ceruledge|Bitter Blade|p1a: Wo-Chien\n|-end|p1a: Wo-Chien|Substitute\n|-heal|p2a: Ceruledge|33\/100|[from] drain|[of] p1a: Wo-Chien\n|move|p1a: Wo-Chien|Ruination|p2a: Ceruledge\n|-damage|p2a: Ceruledge|17\/100\n|\n|-heal|p1a: Wo-Chien|69\/100|[from] item: Black Sludge\n|-damage|p2a: Ceruledge|5\/100|[from] Leech Seed|[of] p1a: Wo-Chien\n|-heal|p1a: Wo-Chien|80\/100|[silent]\n|upkeep\n|turn|15\n|inactive|Mafiapony has 30 seconds left.\n|\n|t:|1683660207\n|move|p1a: Wo-Chien|Protect|p1a: Wo-Chien\n|-singleturn|p1a: Wo-Chien|Protect\n|move|p2b: Scream Tail|Encore|p1a: Wo-Chien\n|-activate|p1a: Wo-Chien|move: Protect\n|move|p2a: Ceruledge|Bitter Blade|p1a: Wo-Chien\n|-activate|p1a: Wo-Chien|move: Protect\n|\n|-heal|p1a: Wo-Chien|86\/100|[from] item: Black Sludge\n|-damage|p2a: Ceruledge|0 fnt|[from] Leech Seed|[of] p1a: Wo-Chien\n|-heal|p1a: Wo-Chien|91\/100|[silent]\n|faint|p2a: Ceruledge\n|upkeep\n|turn|16\n|inactive|Mafiapony has 30 seconds left.\n|\n|t:|1683660225\n|move|p2b: Scream Tail|Encore|p1a: Wo-Chien\n|-start|p1a: Wo-Chien|Encore\n|move|p1a: Wo-Chien|Protect||[still]\n|-fail|p1a: Wo-Chien\n|\n|-heal|p1a: Wo-Chien|97\/100|[from] item: Black Sludge\n|upkeep\n|turn|17\n|inactive|Mafiapony has 30 seconds left this turn.\n|\n|t:|1683660234\n|move|p1a: Wo-Chien|Protect|p1a: Wo-Chien\n|-singleturn|p1a: Wo-Chien|Protect\n|move|p2b: Scream Tail|Howl|p2b: Scream Tail\n|-boost|p2b: Scream Tail|atk|1\n|\n|-heal|p1a: Wo-Chien|100\/100|[from] item: Black Sludge\n|upkeep\n|turn|18\n|inactive|Mafiapony has 25 seconds left this turn.\n|inactive|Mafiapony has 20 seconds left.\n|\n|t:|1683660243\n|move|p1a: Wo-Chien|Protect|p1a: Wo-Chien\n|-singleturn|p1a: Wo-Chien|Protect\n|move|p2b: Scream Tail|Play Rough|p1a: Wo-Chien\n|-activate|p1a: Wo-Chien|move: Protect\n|\n|-end|p1a: Wo-Chien|Encore\n|upkeep\n|turn|19\n|inactive|Mafiapony has 20 seconds left this turn.\n|inactive|Mafiapony has 15 seconds left.\n|\n|t:|1683660252\n|move|p2b: Scream Tail|Encore|p1a: Wo-Chien\n|-start|p1a: Wo-Chien|Encore\n|move|p1a: Wo-Chien|Protect||[still]\n|-fail|p1a: Wo-Chien\n|\n|upkeep\n|turn|20\n|inactive|Mafiapony has 15 seconds left this turn.\n|inactive|Mafiapony has 10 seconds left.\n|\n|t:|1683660257\n|move|p1a: Wo-Chien|Protect|p1a: Wo-Chien\n|-singleturn|p1a: Wo-Chien|Protect\n|move|p2b: Scream Tail|Howl|p2b: Scream Tail\n|-boost|p2b: Scream Tail|atk|1\n|\n|upkeep\n|turn|21\n|inactive|Mafiapony has 10 seconds left this turn.\n|inactive|Mafiapony has 5 seconds left.\n|\n|t:|1683660263\n|move|p1a: Wo-Chien|Protect|p1a: Wo-Chien\n|-singleturn|p1a: Wo-Chien|Protect\n|move|p2b: Scream Tail|Howl|p2b: Scream Tail\n|-boost|p2b: Scream Tail|atk|1\n|\n|-end|p1a: Wo-Chien|Encore\n|upkeep\n|turn|22\n|inactive|Mafiapony has 5 seconds left this turn.\n|-message|Mafiapony lost due to inactivity.\n|\n|win|T0123456789\n|raw|T0123456789's rating: 1196 → 1220<\/strong> (+24 for winning)\n|raw|Mafiapony's rating: 1181 → 1157<\/strong> (-24 for losing)\n|l|\u2606Mafiapony\n","uploadtime":1683660280,"views":15,"p1id":"t0123456789","p2id":"mafiapony","formatid":"gen9vgc2023regulationc","rating":1157,"private":0,"password":""}