{"id":"gen9vgc2023regulationc-1856424520","p1":"BWV1052","p2":"gGusto","format":"[Gen 9] VGC 2023 Regulation C","log":"|j|\u2606BWV1052\n|j|\u2606gGusto\n|t:|1683060183\n|gametype|doubles\n|player|p1|BWV1052|265|1227\n|player|p2|gGusto|170|1332\n|teamsize|p1|6\n|teamsize|p2|6\n|gen|9\n|tier|[Gen 9] VGC 2023 Regulation C\n|rated|\n|rule|Species Clause: Limit one of each Pok\u00e9mon\n|rule|Item Clause: Limit one of each item\n|clearpoke\n|poke|p1|Flutter Mane, L50|\n|poke|p1|Chien-Pao, L50|\n|poke|p1|Breloom, L50, F|\n|poke|p1|Chi-Yu, L50|\n|poke|p1|Gothitelle, L50, M|\n|poke|p1|Amoonguss, L50, M|\n|poke|p2|Flutter Mane, L50|\n|poke|p2|Arcanine, L50, F|\n|poke|p2|Amoonguss, L50, F|\n|poke|p2|Palafin, L50, F|\n|poke|p2|Ting-Lu, L50|\n|poke|p2|Baxcalibur, L50, F|\n|teampreview|4\n|inactive|Battle timer is ON: inactive players will automatically lose when time's up. (requested by gGusto)\nBWV1052 has agreed to open team sheets.\ngGusto has agreed to open team sheets.\n|inactive|BWV1052 has 60 seconds left.\n|inactive|gGusto has 60 seconds left.\n|\n|t:|1683060234\n|start\n|switch|p1a: Gothitelle|Gothitelle, L50, M|100\/100\n|switch|p1b: Chi-Yu|Chi-Yu, L50|100\/100\n|switch|p2a: Palafin|Palafin, L50, F|100\/100\n|switch|p2b: Flutter Mane|Flutter Mane, L50|100\/100\n|-ability|p1b: Chi-Yu|Beads of Ruin\n|-enditem|p2b: Flutter Mane|Booster Energy\n|-activate|p2b: Flutter Mane|ability: Protosynthesis|[fromitem]\n|-start|p2b: Flutter Mane|protosynthesisspa\n|turn|1\n|\n|t:|1683060253\n|move|p2b: Flutter Mane|Protect|p2b: Flutter Mane\n|-singleturn|p2b: Flutter Mane|Protect\n|move|p2a: Palafin|Protect|p2a: Palafin\n|-singleturn|p2a: Palafin|Protect\n|move|p1a: Gothitelle|Fake Out|p2a: Palafin\n|-activate|p2a: Palafin|move: Protect\n|move|p1b: Chi-Yu|Snarl|p2b: Flutter Mane|[spread] \n|-activate|p2a: Palafin|move: Protect\n|-activate|p2b: Flutter Mane|move: Protect\n|\n|upkeep\n|turn|2\n|\n|t:|1683060277\n|-terastallize|p2a: Palafin|Water\n|-terastallize|p1b: Chi-Yu|Water\n|move|p2a: Palafin|Jet Punch|p1b: Chi-Yu\n|-resisted|p1b: Chi-Yu\n|-damage|p1b: Chi-Yu|78\/100\n|move|p2b: Flutter Mane|Moonblast|p1b: Chi-Yu\n|-damage|p1b: Chi-Yu|38\/100\n|-unboost|p1b: Chi-Yu|spa|1\n|move|p1b: Chi-Yu|Snarl|p2a: Palafin|[spread] p2a,p2b\n|-damage|p2a: Palafin|73\/100\n|-damage|p2b: Flutter Mane|80\/100\n|-unboost|p2a: Palafin|spa|1\n|-unboost|p2b: Flutter Mane|spa|1\n|move|p1a: Gothitelle|Psyshock|p2a: Palafin\n|-damage|p2a: Palafin|45\/100\n|\n|upkeep\n|turn|3\n|\n|t:|1683060296\n|move|p2a: Palafin|Protect|p2a: Palafin\n|-singleturn|p2a: Palafin|Protect\n|move|p2b: Flutter Mane|Substitute|p2b: Flutter Mane\n|-start|p2b: Flutter Mane|Substitute\n|-damage|p2b: Flutter Mane|55\/100\n|move|p1b: Chi-Yu|Snarl|p2b: Flutter Mane|[spread] p2b\n|-activate|p2a: Palafin|move: Protect\n|-damage|p2b: Flutter Mane|34\/100\n|-unboost|p2b: Flutter Mane|spa|1\n|move|p1a: Gothitelle|Psyshock|p2b: Flutter Mane\n|-end|p2b: Flutter Mane|Substitute\n|\n|upkeep\n|turn|4\n|\n|t:|1683060320\n|move|p2a: Palafin|Jet Punch|p1b: Chi-Yu\n|-resisted|p1b: Chi-Yu\n|-damage|p1b: Chi-Yu|17\/100\n|move|p2b: Flutter Mane|Moonblast|p1b: Chi-Yu\n|-damage|p1b: Chi-Yu|0 fnt\n|faint|p1b: Chi-Yu\n|move|p1a: Gothitelle|Psyshock|p2b: Flutter Mane\n|-damage|p2b: Flutter Mane|0 fnt\n|faint|p2b: Flutter Mane\n|-end|p2b: Flutter Mane|Protosynthesis|[silent]\n|\n|upkeep\n|\n|t:|1683060334\n|switch|p2b: Arcanine|Arcanine, L50, F|100\/100\n|switch|p1b: Breloom|Breloom, L50, F|100\/100\n|-ability|p2b: Arcanine|Intimidate|boost\n|-unboost|p1a: Gothitelle|atk|1\n|-unboost|p1b: Breloom|atk|1\n|turn|5\n|inactive|BWV1052 has 30 seconds left.\n|\n|t:|1683060364\n|move|p2a: Palafin|Protect|p2a: Palafin\n|-singleturn|p2a: Palafin|Protect\n|move|p1b: Breloom|Protect|p1b: Breloom\n|-singleturn|p1b: Breloom|Protect\n|move|p2b: Arcanine|Howl|p2b: Arcanine|[spread] p2a,p2b\n|-boost|p2a: Palafin|atk|1\n|-boost|p2b: Arcanine|atk|1\n|move|p1a: Gothitelle|Psyshock|p2a: Palafin\n|-activate|p2a: Palafin|move: Protect\n|\n|upkeep\n|turn|6\n|inactive|BWV1052 has 30 seconds left.\n|\n|t:|1683060398\n|move|p2a: Palafin|Jet Punch|p1b: Breloom\n|-resisted|p1b: Breloom\n|-damage|p1b: Breloom|61\/100\n|move|p2b: Arcanine|Flare Blitz|p1b: Breloom\n|-supereffective|p1b: Breloom\n|-damage|p1b: Breloom|0 fnt\n|faint|p1b: Breloom\n|-damage|p2b: Arcanine|87\/100|[from] Recoil\n|move|p1a: Gothitelle|Psyshock|p2a: Palafin\n|-damage|p2a: Palafin|15\/100\n|\n|upkeep\n|\n|t:|1683060407\n|switch|p1b: Chien-Pao|Chien-Pao, L50|100\/100\n|-ability|p1b: Chien-Pao|Sword of Ruin\n|turn|7\n|\n|t:|1683060420\n|move|p1a: Gothitelle|Helping Hand|p1b: Chien-Pao\n|-singleturn|p1b: Chien-Pao|Helping Hand|[of] p1a: Gothitelle\n|move|p2b: Arcanine|Protect|p2b: Arcanine\n|-singleturn|p2b: Arcanine|Protect\n|move|p2a: Palafin|Protect|p2a: Palafin\n|-singleturn|p2a: Palafin|Protect\n|move|p1b: Chien-Pao|Sucker Punch||[still]\n|-fail|p1b: Chien-Pao\n|\n|upkeep\n|turn|8\n|inactive|BWV1052 has 30 seconds left.\n|\n|t:|1683060451\n|move|p1b: Chien-Pao|Sucker Punch||[still]\n|-fail|p1b: Chien-Pao\n|move|p2b: Arcanine|Howl|p2b: Arcanine|[spread] p2a,p2b\n|-boost|p2a: Palafin|atk|1\n|-boost|p2b: Arcanine|atk|1\n|move|p2a: Palafin|Drain Punch|p1b: Chien-Pao\n|-supereffective|p1b: Chien-Pao\n|-damage|p1b: Chien-Pao|0 fnt\n|-heal|p2a: Palafin|53\/100|[from] drain|[of] p1b: Chien-Pao\n|faint|p1b: Chien-Pao\n|move|p1a: Gothitelle|Psyshock|p2a: Palafin\n|-damage|p2a: Palafin|21\/100\n|\n|upkeep\n|turn|9\n|-message|BWV1052 forfeited.\n|\n|win|gGusto\n|raw|BWV1052's rating: 1227 → 1209<\/strong> (-18 for losing)\n|raw|gGusto's rating: 1332 → 1346<\/strong> (+14 for winning)\n|l|\u2606BWV1052\n","uploadtime":1683060466,"views":10,"p1id":"bwv1052","p2id":"ggusto","formatid":"gen9vgc2023regulationc","rating":1209,"private":0,"password":""}