{"id":"gen9vgc2023regulationc-1859043218","p1":"TGH_sr","p2":"exp20056","format":"[Gen 9] VGC 2023 Regulation C","log":"|j|\u2606TGH_sr\n|j|\u2606exp20056\n|t:|1683397783\n|gametype|doubles\n|player|p1|TGH_sr|steven|1270\n|player|p2|exp20056|emmet|1314\n|teamsize|p1|6\n|teamsize|p2|6\n|gen|9\n|tier|[Gen 9] VGC 2023 Regulation C\n|rated|\n|rule|Species Clause: Limit one of each Pok\u00e9mon\n|rule|Item Clause: Limit one of each item\n|clearpoke\n|poke|p1|Talonflame, L50, M|\n|poke|p1|Garchomp, L50, F|\n|poke|p1|Kingambit, L50, M|\n|poke|p1|Iron Bundle, L50|\n|poke|p1|Flutter Mane, L50|\n|poke|p1|Amoonguss, L50, F|\n|poke|p2|Indeedee-F, L50, F|\n|poke|p2|Hatterene, L50, F|\n|poke|p2|Iron Hands, L50|\n|poke|p2|Torkoal, L50, M|\n|poke|p2|Flutter Mane, L50|\n|poke|p2|Lilligant, L50, F|\n|teampreview|4\n|inactive|Battle timer is ON: inactive players will automatically lose when time's up. (requested by exp20056)\nTGH_sr has agreed to open team sheets.\n|inactive|TGH_sr has 60 seconds left.\n|\n|t:|1683397835\n|start\n|switch|p1a: Talonflame|Talonflame, L50, M|100\/100\n|switch|p1b: Garchomp|Garchomp, L50, F|100\/100\n|switch|p2a: Indeedee|Indeedee-F, L50, F|100\/100\n|switch|p2b: Hatterene|Hatterene, L50, F|100\/100\n|-fieldstart|move: Psychic Terrain|[from] ability: Psychic Surge|[of] p2a: Indeedee\n|turn|1\n|inactive|TGH_sr has 30 seconds left.\n|inactive|TGH_sr has 20 seconds left.\n|inactive|TGH_sr has 15 seconds left.\n|\n|t:|1683397877\n|move|p2a: Indeedee|Follow Me|p2a: Indeedee\n|-singleturn|p2a: Indeedee|move: Follow Me\n|move|p1a: Talonflame|Brave Bird|p2a: Indeedee\n|-activate|p2a: Indeedee|move: Psychic Terrain\n|move|p1b: Garchomp|Earthquake|p2a: Indeedee|[spread] p2a,p2b\n|-immune|p1a: Talonflame\n|-damage|p2a: Indeedee|40\/100\n|-damage|p2b: Hatterene|32\/100\n|-damage|p1b: Garchomp|91\/100|[from] item: Life Orb\n|move|p2b: Hatterene|Trick Room|p2b: Hatterene\n|-fieldstart|move: Trick Room|[of] p2b: Hatterene\n|\n|upkeep\n|turn|2\n|inactive|TGH_sr has 30 seconds left.\n|\n|t:|1683397911\n|switch|p1a: Amoonguss|Amoonguss, L50, F|100\/100\n|move|p2a: Indeedee|Helping Hand|p2b: Hatterene\n|-singleturn|p2b: Hatterene|Helping Hand|[of] p2a: Indeedee\n|move|p1b: Garchomp|Protect|p1b: Garchomp\n|-singleturn|p1b: Garchomp|Protect\n|move|p2b: Hatterene|Dazzling Gleam|p1a: Amoonguss|[spread] p1a\n|-activate|p1b: Garchomp|move: Protect\n|-resisted|p1a: Amoonguss\n|-damage|p1a: Amoonguss|75\/100\n|-damage|p2b: Hatterene|22\/100|[from] item: Life Orb\n|\n|upkeep\n|turn|3\n|inactive|TGH_sr has 30 seconds left.\n|inactive|TGH_sr has 20 seconds left.\n|inactive|TGH_sr has 15 seconds left.\n|inactive|TGH_sr has 10 seconds left.\n|inactive|TGH_sr has 5 seconds left.\n|\n|t:|1683397961\n|-terastallize|p1b: Garchomp|Ground\n|move|p2a: Indeedee|Helping Hand|p2b: Hatterene\n|-singleturn|p2b: Hatterene|Helping Hand|[of] p2a: Indeedee\n|move|p2b: Hatterene|Dazzling Gleam|p1a: Amoonguss|[spread] p1a,p1b\n|-resisted|p1a: Amoonguss\n|-damage|p1a: Amoonguss|47\/100\n|-damage|p1b: Garchomp|23\/100\n|-enditem|p1a: Amoonguss|Sitrus Berry|[eat]\n|-heal|p1a: Amoonguss|72\/100|[from] item: Sitrus Berry\n|-damage|p2b: Hatterene|12\/100|[from] item: Life Orb\n|move|p1a: Amoonguss|Pollen Puff|p1b: Garchomp\n|-heal|p1b: Garchomp|73\/100\n|move|p1b: Garchomp|Iron Head|p2b: Hatterene\n|-supereffective|p2b: Hatterene\n|-damage|p2b: Hatterene|0 fnt\n|faint|p2b: Hatterene\n|-damage|p1b: Garchomp|63\/100|[from] item: Life Orb\n|\n|upkeep\n|\n|t:|1683397979\n|switch|p2b: Torkoal|Torkoal, L50, M|100\/100\n|-weather|SunnyDay|[from] ability: Drought|[of] p2b: Torkoal\n|turn|4\n|inactive|TGH_sr has 30 seconds left.\n|\n|t:|1683398012\n|-terastallize|p2b: Torkoal|Fire\n|move|p2a: Indeedee|Helping Hand|p2b: Torkoal\n|-singleturn|p2b: Torkoal|Helping Hand|[of] p2a: Indeedee\n|move|p1a: Amoonguss|Protect|p1a: Amoonguss\n|-singleturn|p1a: Amoonguss|Protect\n|move|p1b: Garchomp|Protect|p1b: Garchomp\n|-singleturn|p1b: Garchomp|Protect\n|move|p2b: Torkoal|Eruption|p1b: Garchomp|[spread] \n|-activate|p1a: Amoonguss|move: Protect\n|-activate|p1b: Garchomp|move: Protect\n|\n|-weather|SunnyDay|[upkeep]\n|upkeep\n|turn|5\n|inactive|TGH_sr has 30 seconds left.\n|inactive|TGH_sr has 20 seconds left.\n|inactive|TGH_sr has 15 seconds left.\n|inactive|TGH_sr has 10 seconds left.\n|\n|t:|1683398061\n|switch|p1b: Talonflame|Talonflame, L50, M|100\/100\n|move|p2a: Indeedee|Helping Hand|p2b: Torkoal\n|-singleturn|p2b: Torkoal|Helping Hand|[of] p2a: Indeedee\n|move|p1a: Amoonguss|Protect||[still]\n|-fail|p1a: Amoonguss\n|move|p2b: Torkoal|Eruption|p1a: Amoonguss|[spread] p1a,p1b\n|-supereffective|p1a: Amoonguss\n|-resisted|p1b: Talonflame\n|-damage|p1a: Amoonguss|0 fnt\n|-damage|p1b: Talonflame|0 fnt\n|faint|p1a: Amoonguss\n|faint|p1b: Talonflame\n|\n|-weather|SunnyDay|[upkeep]\n|-fieldend|move: Trick Room\n|-fieldend|move: Psychic Terrain\n|upkeep\n|\n|t:|1683398075\n|switch|p1b: Garchomp|Garchomp, L50, F, tera:Ground|63\/100\n|switch|p1a: Kingambit|Kingambit, L50, M|100\/100\n|turn|6\n|\n|t:|1683398085\n|move|p1a: Kingambit|Protect|p1a: Kingambit\n|-singleturn|p1a: Kingambit|Protect\n|move|p2b: Torkoal|Protect|p2b: Torkoal\n|-singleturn|p2b: Torkoal|Protect\n|move|p1b: Garchomp|Earthquake|p2b: Torkoal|[spread] p2a\n|-activate|p1a: Kingambit|move: Protect\n|-activate|p2b: Torkoal|move: Protect\n|-damage|p2a: Indeedee|0 fnt\n|faint|p2a: Indeedee\n|-damage|p1b: Garchomp|54\/100|[from] item: Life Orb\n|\n|-weather|SunnyDay|[upkeep]\n|upkeep\n|\n|t:|1683398097\n|switch|p2a: Iron Hands|Iron Hands, L50|100\/100\n|turn|7\n|inactive|TGH_sr has 30 seconds left.\n|inactive|TGH_sr has 20 seconds left.\n|inactive|TGH_sr has 15 seconds left.\n|inactive|TGH_sr has 10 seconds left.\n|inactive|TGH_sr has 5 seconds left.\n|\n|t:|1683398147\n|move|p2a: Iron Hands|Fake Out|p1a: Kingambit\n|-resisted|p1a: Kingambit\n|-damage|p1a: Kingambit|95\/100\n|cant|p1a: Kingambit|flinch\n|move|p1b: Garchomp|Earthquake|p2b: Torkoal|[spread] p1a,p2a,p2b\n|-supereffective|p1a: Kingambit\n|-supereffective|p2a: Iron Hands\n|-supereffective|p2b: Torkoal\n|-damage|p1a: Kingambit|0 fnt\n|-damage|p2a: Iron Hands|5\/100\n|-damage|p2b: Torkoal|0 fnt\n|-enditem|p2a: Iron Hands|Sitrus Berry|[eat]\n|-heal|p2a: Iron Hands|30\/100|[from] item: Sitrus Berry\n|faint|p1a: Kingambit\n|faint|p2b: Torkoal\n|-damage|p1b: Garchomp|44\/100|[from] item: Life Orb\n|\n|-weather|SunnyDay|[upkeep]\n|upkeep\n|turn|8\n|l|\u2606exp20056\n|inactive|exp20056 disconnected and has a minute to reconnect!\n|player|p2|\n|inactive|exp20056 has 30 seconds left.\n|inactive|exp20056 has 20 seconds left.\n|inactive|exp20056 has 15 seconds left.\n|inactive|exp20056 has 10 seconds left.\n|inactive|exp20056 has 5 seconds left.\n|-message|exp20056 lost due to inactivity.\n|\n|win|TGH_sr\n|raw|TGH_sr's rating: 1270 → 1298<\/strong> (+28 for winning)\n|raw|exp20056's rating: 1314 → 1291<\/strong> (-23 for losing)\n","uploadtime":1683398206,"views":18,"p1id":"tghsr","p2id":"exp20056","formatid":"gen9vgc2023regulationc","rating":1291,"private":0,"password":""}