{"id":"gen9vgc2023regulationc-1856201516","p1":"haha you rage quit","p2":"Water Dragon Jutsu","format":"[Gen 9] VGC 2023 Regulation C","log":"|j|\u2606haha you rage quit\n|j|\u2606Water Dragon Jutsu\n|t:|1683040204\n|gametype|doubles\n|player|p1|haha you rage quit|pokemaniac|1116\n|player|p2|Water Dragon Jutsu|265|1081\n|teamsize|p1|6\n|teamsize|p2|6\n|gen|9\n|tier|[Gen 9] VGC 2023 Regulation C\n|rated|\n|rule|Species Clause: Limit one of each Pok\u00e9mon\n|rule|Item Clause: Limit one of each item\n|clearpoke\n|poke|p1|Hariyama, L50, M|\n|poke|p1|Slowpoke, L50, M|\n|poke|p1|Indeedee-F, L50, F|\n|poke|p1|Torkoal, L50, F|\n|poke|p1|Arboliva, L50, F|\n|poke|p1|Gastrodon, L50, F|\n|poke|p2|Chi-Yu, L50|\n|poke|p2|Gyarados, L50, F|\n|poke|p2|Iron Hands, L50|\n|poke|p2|Flutter Mane, L50|\n|poke|p2|Ting-Lu, L50|\n|poke|p2|Amoonguss, L50, F|\n|teampreview|4\n|inactive|Battle timer is ON: inactive players will automatically lose when time's up. (requested by Water Dragon Jutsu)\nWater Dragon Jutsu has agreed to open team sheets.\n|inactive|Water Dragon Jutsu has 60 seconds left.\n|inactive|Water Dragon Jutsu has 30 seconds left.\n|inactive|Water Dragon Jutsu has 20 seconds left.\n|\n|t:|1683040282\n|start\n|switch|p1a: Hariyama|Hariyama, L50, M|100\/100\n|switch|p1b: Slowpoke|Slowpoke, L50, M, shiny|100\/100\n|switch|p2a: Ting-Lu|Ting-Lu, L50|100\/100\n|switch|p2b: Amoonguss|Amoonguss, L50, F, shiny|100\/100\n|-ability|p2a: Ting-Lu|Vessel of Ruin\n|turn|1\n|inactive|haha you rage quit has 30 seconds left.\n|inactive|Water Dragon Jutsu has 30 seconds left.\n|inactive|haha you rage quit has 20 seconds left.\n|inactive|haha you rage quit has 15 seconds left.\n|\n|t:|1683040325\n|-terastallize|p1b: Slowpoke|Grass\n|move|p2b: Amoonguss|Rage Powder|p2b: Amoonguss\n|-singleturn|p2b: Amoonguss|move: Rage Powder\n|move|p2a: Ting-Lu|Ruination|p1a: Hariyama\n|-damage|p1a: Hariyama|51\/100\n|move|p1a: Hariyama|Bulk Up|p1a: Hariyama\n|-boost|p1a: Hariyama|atk|1\n|-boost|p1a: Hariyama|def|1\n|move|p1b: Slowpoke|Heal Pulse|p1a: Hariyama\n|-heal|p1a: Hariyama|100\/100\n|\n|-status|p1a: Hariyama|brn|[from] item: Flame Orb\n|upkeep\n|turn|2\n|inactive|haha you rage quit has 30 seconds left.\n|inactive|Water Dragon Jutsu has 30 seconds left.\n|inactive|Water Dragon Jutsu has 20 seconds left.\n|inactive|Water Dragon Jutsu has 15 seconds left.\n|inactive|Water Dragon Jutsu has 10 seconds left.\n|\n|t:|1683040374\n|switch|p2a: Gyarados|Gyarados, L50, F, shiny|100\/100\n|-ability|p2a: Gyarados|Intimidate|boost\n|-unboost|p1a: Hariyama|atk|1\n|-fail|p1b: Slowpoke|unboost|Attack|[from] ability: Oblivious|[of] p1b: Slowpoke\n|switch|p2b: Flutter Mane|Flutter Mane, L50|100\/100\n|-enditem|p2b: Flutter Mane|Booster Energy\n|-activate|p2b: Flutter Mane|ability: Protosynthesis|[fromitem]\n|-start|p2b: Flutter Mane|protosynthesisspa\n|move|p1a: Hariyama|Bulk Up|p1a: Hariyama\n|-boost|p1a: Hariyama|atk|1\n|-boost|p1a: Hariyama|def|1\n|move|p1b: Slowpoke|Trick Room|p1b: Slowpoke\n|-fieldstart|move: Trick Room|[of] p1b: Slowpoke\n|\n|-damage|p1a: Hariyama|95\/100 brn|[from] brn\n|upkeep\n|turn|3\n|inactive|haha you rage quit has 30 seconds left.\n|inactive|Water Dragon Jutsu has 30 seconds left.\n|\n|t:|1683040404\n|move|p1b: Slowpoke|Helping Hand|p1a: Hariyama\n|-singleturn|p1a: Hariyama|Helping Hand|[of] p1b: Slowpoke\n|move|p2b: Flutter Mane|Protect|p2b: Flutter Mane\n|-singleturn|p2b: Flutter Mane|Protect\n|move|p1a: Hariyama|Knock Off|p2b: Flutter Mane\n|-activate|p2b: Flutter Mane|move: Protect\n|move|p2a: Gyarados|Thunder Wave|p1b: Slowpoke\n|-status|p1b: Slowpoke|par\n|\n|-damage|p1a: Hariyama|89\/100 brn|[from] brn\n|upkeep\n|turn|4\n|\n|t:|1683040423\n|-terastallize|p2b: Flutter Mane|Fairy\n|move|p1b: Slowpoke|Helping Hand|p1a: Hariyama\n|-singleturn|p1a: Hariyama|Helping Hand|[of] p1b: Slowpoke\n|move|p1a: Hariyama|Drain Punch|p2b: Flutter Mane\n|-resisted|p2b: Flutter Mane\n|-damage|p2b: Flutter Mane|21\/100\n|-heal|p1a: Hariyama|100\/100 brn|[from] drain|[of] p2b: Flutter Mane\n|move|p2a: Gyarados|Taunt|p1b: Slowpoke\n|-immune|p1b: Slowpoke|[from] ability: Oblivious\n|move|p2b: Flutter Mane|Moonblast|p1a: Hariyama\n|-supereffective|p1a: Hariyama\n|-damage|p1a: Hariyama|0 fnt\n|faint|p1a: Hariyama\n|\n|upkeep\n|\n|t:|1683040446\n|switch|p1a: Arboliva|Arboliva, L50, F, shiny|100\/100\n|turn|5\n|\n|t:|1683040456\n|move|p2b: Flutter Mane|Protect|p2b: Flutter Mane\n|-singleturn|p2b: Flutter Mane|Protect\n|move|p1b: Slowpoke|Surf|p2b: Flutter Mane|[spread] p1a,p2a\n|-activate|p2b: Flutter Mane|move: Protect\n|-resisted|p1a: Arboliva\n|-resisted|p2a: Gyarados\n|-damage|p1a: Arboliva|96\/100\n|-damage|p2a: Gyarados|96\/100\n|-fieldstart|move: Grassy Terrain|[from] ability: Seed Sower|[of] p1a: Arboliva\n|-enditem|p1a: Arboliva|Absorb Bulb\n|-boost|p1a: Arboliva|spa|1|[from] item: Absorb Bulb\n|move|p1a: Arboliva|Hyper Voice|p2b: Flutter Mane|[spread] p2a\n|-activate|p2b: Flutter Mane|move: Protect\n|-damage|p2a: Gyarados|49\/100\n|move|p2a: Gyarados|Thunder Wave|p1a: Arboliva\n|-status|p1a: Arboliva|par\n|\n|-heal|p1a: Arboliva|100\/100 par|[from] Grassy Terrain\n|-heal|p2b: Flutter Mane|26\/100|[from] Grassy Terrain\n|upkeep\n|turn|6\n|inactive|haha you rage quit has 30 seconds left.\n|\n|t:|1683040483\n|-end|p2b: Flutter Mane|Protosynthesis|[silent]\n|switch|p2b: Amoonguss|Amoonguss, L50, F, shiny|100\/100\n|move|p1b: Slowpoke|Helping Hand|p1a: Arboliva\n|-singleturn|p1a: Arboliva|Helping Hand|[of] p1b: Slowpoke\n|move|p2a: Gyarados|Protect|p2a: Gyarados\n|-singleturn|p2a: Gyarados|Protect\n|move|p1a: Arboliva|Hyper Voice|p2b: Amoonguss|[spread] p2b\n|-activate|p2a: Gyarados|move: Protect\n|-damage|p2b: Amoonguss|26\/100\n|-enditem|p2b: Amoonguss|Sitrus Berry|[eat]\n|-heal|p2b: Amoonguss|51\/100|[from] item: Sitrus Berry\n|\n|-heal|p2b: Amoonguss|57\/100|[from] Grassy Terrain\n|-fieldend|move: Trick Room\n|upkeep\n|turn|7\n|inactive|haha you rage quit has 30 seconds left.\n|inactive|Water Dragon Jutsu has 30 seconds left.\n|inactive|Water Dragon Jutsu has 20 seconds left.\n|\n|t:|1683040520\n|switch|p2a: Ting-Lu|Ting-Lu, L50|100\/100\n|-ability|p2a: Ting-Lu|Vessel of Ruin\n|move|p2b: Amoonguss|Pollen Puff|p1a: Arboliva\n|-supereffective|p1a: Arboliva\n|-crit|p1a: Arboliva\n|-damage|p1a: Arboliva|59\/100 par\n|move|p1a: Arboliva|Hyper Voice|p2b: Amoonguss|[spread] p2a,p2b\n|-damage|p2a: Ting-Lu|84\/100\n|-damage|p2b: Amoonguss|15\/100\n|move|p1b: Slowpoke|Trick Room|p1b: Slowpoke\n|-fieldstart|move: Trick Room|[of] p1b: Slowpoke\n|\n|-heal|p1a: Arboliva|65\/100 par|[from] Grassy Terrain\n|-heal|p2b: Amoonguss|21\/100|[from] Grassy Terrain\n|-heal|p2a: Ting-Lu|91\/100|[from] Grassy Terrain\n|upkeep\n|turn|8\n|inactive|Water Dragon Jutsu has 30 seconds left.\n|\n|t:|1683040553\n|move|p1b: Slowpoke|Helping Hand|p1a: Arboliva\n|-singleturn|p1a: Arboliva|Helping Hand|[of] p1b: Slowpoke\n|move|p1a: Arboliva|Terrain Pulse|p2a: Ting-Lu\n|-supereffective|p2a: Ting-Lu\n|-damage|p2a: Ting-Lu|0 fnt\n|faint|p2a: Ting-Lu\n|move|p2b: Amoonguss|Pollen Puff|p1a: Arboliva\n|-supereffective|p1a: Arboliva\n|-damage|p1a: Arboliva|34\/100 par\n|\n|-heal|p1a: Arboliva|40\/100 par|[from] Grassy Terrain\n|-heal|p2b: Amoonguss|27\/100|[from] Grassy Terrain\n|upkeep\n|\n|t:|1683040575\n|switch|p2a: Gyarados|Gyarados, L50, F, shiny|49\/100\n|-ability|p2a: Gyarados|Intimidate|boost\n|-unboost|p1a: Arboliva|atk|1\n|-fail|p1b: Slowpoke|unboost|Attack|[from] ability: Oblivious|[of] p1b: Slowpoke\n|turn|9\n|\n|t:|1683040586\n|move|p1b: Slowpoke|Heal Pulse|p1a: Arboliva\n|-heal|p1a: Arboliva|90\/100 par\n|move|p1a: Arboliva|Terrain Pulse|p2a: Gyarados\n|-damage|p2a: Gyarados|0 fnt\n|faint|p2a: Gyarados\n|move|p2b: Amoonguss|Pollen Puff|p1a: Arboliva\n|-supereffective|p1a: Arboliva\n|-damage|p1a: Arboliva|59\/100 par\n|\n|-heal|p1a: Arboliva|65\/100 par|[from] Grassy Terrain\n|-heal|p2b: Amoonguss|33\/100|[from] Grassy Terrain\n|-fieldend|move: Grassy Terrain\n|upkeep\n|-message|Water Dragon Jutsu forfeited.\n|l|\u2606Water Dragon Jutsu\n|inactive|Water Dragon Jutsu disconnected and has a minute to reconnect!\n|player|p2|\n|\n|win|haha you rage quit\n|raw|haha you rage quit's rating: 1116 → 1138<\/strong> (+22 for winning)\n|raw|Water Dragon Jutsu's rating: 1081 → 1061<\/strong> (-20 for losing)\n","uploadtime":1683040618,"views":9,"p1id":"hahayouragequit","p2id":"waterdragonjutsu","formatid":"gen9vgc2023regulationc","rating":1061,"private":0,"password":""}