{"id":"gen9vgc2023regulationc-1853016391","p1":"bombart","p2":"Avocado73","format":"[Gen 9] VGC 2023 Regulation C","log":"|j|\u2606bombart\n|j|\u2606Avocado73\n|t:|1682625992\n|gametype|doubles\n|player|p1|bombart|101|1319\n|player|p2|Avocado73|red|1324\n|teamsize|p1|6\n|teamsize|p2|6\n|gen|9\n|tier|[Gen 9] VGC 2023 Regulation C\n|rated|\n|rule|Species Clause: Limit one of each Pok\u00e9mon\n|rule|Item Clause: Limit one of each item\n|clearpoke\n|poke|p1|Flutter Mane, L50|\n|poke|p1|Chi-Yu, L50|\n|poke|p1|Maushold-Four, L50|\n|poke|p1|Annihilape, L50, M|\n|poke|p1|Dragonite, L50, M|\n|poke|p1|Amoonguss, L50, M|\n|poke|p2|Flutter Mane, L50|\n|poke|p2|Palafin, L50, F|\n|poke|p2|Arcanine, L50, F|\n|poke|p2|Amoonguss, L50, M|\n|poke|p2|Ting-Lu, L50|\n|poke|p2|Iron Hands, L50|\n|teampreview|4\n|inactive|Battle timer is ON: inactive players will automatically lose when time's up. (requested by bombart)\nbombart has agreed to open team sheets.\n|\n|t:|1682626014\n|start\n|switch|p1a: Maushold|Maushold-Four, L50|100\/100\n|switch|p1b: Annihilape|Annihilape, L50, M|100\/100\n|switch|p2a: Ting-Lu|Ting-Lu, L50|100\/100\n|switch|p2b: Palafin|Palafin, L50, F|100\/100\n|-ability|p2a: Ting-Lu|Vessel of Ruin\n|turn|1\n|\n|t:|1682626028\n|move|p1a: Maushold|Beat Up|p1b: Annihilape\n|-damage|p1b: Annihilape|99\/100\n|-damage|p1b: Annihilape|97\/100\n|-damage|p1b: Annihilape|95\/100\n|-damage|p1b: Annihilape|92\/100\n|-hitcount|p1b: Annihilape|4\n|move|p2b: Palafin|Supersonic|p1a: Maushold\n|-start|p1a: Maushold|confusion\n|move|p1b: Annihilape|Bulk Up|p1b: Annihilape\n|-boost|p1b: Annihilape|atk|1\n|-boost|p1b: Annihilape|def|1\n|move|p2a: Ting-Lu|Fissure|p1b: Annihilape|[miss]\n|-miss|p2a: Ting-Lu|p1b: Annihilape\n|\n|-heal|p1b: Annihilape|98\/100|[from] item: Leftovers\n|upkeep\n|turn|2\n|inactive|Avocado73 has 30 seconds left.\n|\n|t:|1682626056\n|detailschange|p2b: Palafin|Palafin-Hero, L50, F\n|switch|p2b: Amoonguss|Amoonguss, L50, M|100\/100\n|-activate|p1a: Maushold|confusion\n|move|p1a: Maushold|Follow Me|p1a: Maushold\n|-singleturn|p1a: Maushold|move: Follow Me\n|move|p1b: Annihilape|Bulk Up|p1b: Annihilape\n|-boost|p1b: Annihilape|atk|1\n|-boost|p1b: Annihilape|def|1\n|move|p2a: Ting-Lu|Fissure|p1a: Maushold|[miss]\n|-miss|p2a: Ting-Lu|p1a: Maushold\n|\n|-heal|p1b: Annihilape|100\/100|[from] item: Leftovers\n|upkeep\n|turn|3\n|\n|t:|1682626073\n|move|p2b: Amoonguss|Endure|p2b: Amoonguss\n|-singleturn|p2b: Amoonguss|move: Endure\n|-end|p1a: Maushold|confusion\n|move|p1a: Maushold|Follow Me|p1a: Maushold\n|-singleturn|p1a: Maushold|move: Follow Me\n|move|p1b: Annihilape|Rage Fist|p2b: Amoonguss\n|-activate|p2b: Amoonguss|move: Endure\n|-damage|p2b: Amoonguss|1\/100\n|-enditem|p2b: Amoonguss|Starf Berry|[eat]\n|-boost|p2b: Amoonguss|spe|2|[from] item: Starf Berry\n|move|p2a: Ting-Lu|Fissure|p1a: Maushold|[miss]\n|-miss|p2a: Ting-Lu|p1a: Maushold\n|\n|upkeep\n|turn|4\n|\n|t:|1682626089\n|move|p1a: Maushold|Follow Me|p1a: Maushold\n|-singleturn|p1a: Maushold|move: Follow Me\n|move|p2b: Amoonguss|Spore|p1a: Maushold\n|-activate|p1a: Maushold|item: Safety Goggles|Spore\n|move|p1b: Annihilape|Rage Fist|p2b: Amoonguss\n|-damage|p2b: Amoonguss|0 fnt\n|-status|p1b: Annihilape|slp|[from] ability: Effect Spore|[of] p2b: Amoonguss\n|faint|p2b: Amoonguss\n|move|p2a: Ting-Lu|Mud-Slap|p1a: Maushold\n|-damage|p1a: Maushold|95\/100\n|-unboost|p1a: Maushold|accuracy|1\n|\n|upkeep\n|\n|t:|1682626098\n|switch|p2b: Palafin|Palafin-Hero, L50, F|100\/100\n|-activate|p2b: Palafin|ability: Zero to Hero\n|turn|5\n|-activate|p2a: Ting-Lu|item: Quick Claw\n|\n|t:|1682626120\n|-terastallize|p2b: Palafin|Water\n|move|p1a: Maushold|Follow Me|p1a: Maushold\n|-singleturn|p1a: Maushold|move: Follow Me\n|move|p2a: Ting-Lu|Fissure|p1a: Maushold|[miss]\n|-miss|p2a: Ting-Lu|p1a: Maushold\n|move|p2b: Palafin|Waterfall|p1a: Maushold\n|-damage|p1a: Maushold|13\/100\n|cant|p1b: Annihilape|slp\n|\n|upkeep\n|turn|6\n|-activate|p2a: Ting-Lu|item: Quick Claw\n|\n|t:|1682626137\n|move|p1a: Maushold|Protect|p1a: Maushold\n|-singleturn|p1a: Maushold|Protect\n|move|p2a: Ting-Lu|Fissure|p1b: Annihilape|[miss]\n|-miss|p2a: Ting-Lu|p1b: Annihilape\n|move|p2b: Palafin|Iron Head|p1a: Maushold\n|-activate|p1a: Maushold|move: Protect\n|cant|p1b: Annihilape|slp\n|\n|upkeep\n|turn|7\n|\n|t:|1682626150\n|move|p1a: Maushold|Follow Me|p1a: Maushold\n|-singleturn|p1a: Maushold|move: Follow Me\n|move|p2b: Palafin|Iron Head|p1a: Maushold\n|-damage|p1a: Maushold|0 fnt\n|faint|p1a: Maushold\n|-curestatus|p1b: Annihilape|slp|[msg]\n|move|p1b: Annihilape|Drain Punch|p2a: Ting-Lu\n|-supereffective|p2a: Ting-Lu\n|-damage|p2a: Ting-Lu|6\/100\n|move|p2a: Ting-Lu|Fissure|p1b: Annihilape\n|-damage|p1b: Annihilape|0 fnt\n|faint|p1b: Annihilape\n|-ohko\n|\n|upkeep\n|\n|t:|1682626164\n|switch|p1a: Flutter Mane|Flutter Mane, L50|100\/100\n|switch|p1b: Chi-Yu|Chi-Yu, L50|100\/100\n|-ability|p1b: Chi-Yu|Beads of Ruin\n|-enditem|p1a: Flutter Mane|Booster Energy\n|-activate|p1a: Flutter Mane|ability: Protosynthesis|[fromitem]\n|-start|p1a: Flutter Mane|protosynthesisspe\n|turn|8\n|\n|t:|1682626179\n|-terastallize|p1b: Chi-Yu|Water\n|move|p1a: Flutter Mane|Icy Wind|p2b: Palafin|[spread] p2a\n|-miss|p1a: Flutter Mane|p2b: Palafin\n|-supereffective|p2a: Ting-Lu\n|-damage|p2a: Ting-Lu|0 fnt\n|faint|p2a: Ting-Lu\n|move|p2b: Palafin|Iron Head|p1a: Flutter Mane\n|-supereffective|p1a: Flutter Mane\n|-damage|p1a: Flutter Mane|0 fnt\n|faint|p1a: Flutter Mane\n|-end|p1a: Flutter Mane|Protosynthesis|[silent]\n|move|p1b: Chi-Yu|Dark Pulse|p2b: Palafin\n|-damage|p2b: Palafin|0 fnt\n|faint|p2b: Palafin\n|\n|upkeep\n|\n|t:|1682626191\n|switch|p2a: Flutter Mane|Flutter Mane, L50|100\/100\n|turn|9\n|\n|t:|1682626196\n|move|p2a: Flutter Mane|Thunder Wave|p1b: Chi-Yu\n|-status|p1b: Chi-Yu|par\n|move|p1b: Chi-Yu|Dark Pulse|p2a: Flutter Mane\n|-crit|p2a: Flutter Mane\n|-damage|p2a: Flutter Mane|0 fnt\n|faint|p2a: Flutter Mane\n|-end|p2a: Flutter Mane|Protosynthesis|[silent]\n|\n|win|bombart\n|raw|bombart's rating: 1319 → 1339<\/strong> (+20 for winning)\n|raw|Avocado73's rating: 1324 → 1304<\/strong> (-20 for losing)\n","uploadtime":1682626207,"views":11,"p1id":"bombart","p2id":"avocado73","formatid":"gen9vgc2023regulationc","rating":1304,"private":0,"password":""}