{"id":"gen9vgc2023regulationc-1859272509","p1":"Rean412","p2":"Maractus garden","format":"[Gen 9] VGC 2023 Regulation C","log":"|j|\u2606Rean412\n|j|\u2606Maractus garden\n|t:|1683426879\n|gametype|doubles\n|player|p1|Rean412|102|1245\n|player|p2|Maractus garden|wattson|1180\n|teamsize|p1|6\n|teamsize|p2|6\n|gen|9\n|tier|[Gen 9] VGC 2023 Regulation C\n|rated|\n|rule|Species Clause: Limit one of each Pok\u00e9mon\n|rule|Item Clause: Limit one of each item\n|clearpoke\n|poke|p1|Abomasnow, L50, M|\n|poke|p1|Iron Bundle, L50|\n|poke|p1|Annihilape, L50, M|\n|poke|p1|Maushold, L50|\n|poke|p1|Garganacl, L50, M|\n|poke|p1|Wo-Chien, L50|\n|poke|p2|Ting-Lu, L50|\n|poke|p2|Vivillon-Fancy, L50, M|\n|poke|p2|Iron Bundle, L50|\n|poke|p2|Abomasnow, L50, F|\n|poke|p2|Annihilape, L50, M|\n|poke|p2|Chien-Pao, L50|\n|teampreview|4\nRean412 has agreed to open team sheets.\n|c|\u2606Rean412|GLHF\nMaractus garden rejected open team sheets.\n|c|\u2606Maractus garden|u2!\n|\n|t:|1683426939\n|start\n|switch|p1a: Abomasnow|Abomasnow, L50, M|100\/100\n|switch|p1b: Iron Bundle|Iron Bundle, L50|100\/100\n|switch|p2a: Vivillon|Vivillon-Fancy, L50, M|100\/100\n|switch|p2b: Annihilape|Annihilape, L50, M|100\/100\n|-weather|Snow|[from] ability: Snow Warning|[of] p1a: Abomasnow\n|-enditem|p1b: Iron Bundle|Booster Energy\n|-activate|p1b: Iron Bundle|ability: Quark Drive|[fromitem]\n|-start|p1b: Iron Bundle|quarkdrivespe\n|turn|1\n|\n|t:|1683426981\n|switch|p2a: Iron Bundle|Iron Bundle, L50|100\/100\n|-enditem|p2a: Iron Bundle|Booster Energy\n|-activate|p2a: Iron Bundle|ability: Quark Drive|[fromitem]\n|-start|p2a: Iron Bundle|quarkdrivespe\n|move|p1b: Iron Bundle|Protect|p1b: Iron Bundle\n|-singleturn|p1b: Iron Bundle|Protect\n|move|p1a: Abomasnow|Protect|p1a: Abomasnow\n|-singleturn|p1a: Abomasnow|Protect\n|move|p2b: Annihilape|Close Combat|p1b: Iron Bundle\n|-activate|p1b: Iron Bundle|move: Protect\n|\n|-weather|Snow|[upkeep]\n|upkeep\n|turn|2\n|\n|t:|1683427005\n|move|p1b: Iron Bundle|Icy Wind|p2b: Annihilape|[spread] p2a,p2b\n|-resisted|p2a: Iron Bundle\n|-damage|p2a: Iron Bundle|92\/100\n|-damage|p2b: Annihilape|83\/100\n|-unboost|p2a: Iron Bundle|spe|1\n|-unboost|p2b: Annihilape|spe|1\n|-ability|p2b: Annihilape|Defiant|boost\n|-boost|p2b: Annihilape|atk|2\n|move|p2a: Iron Bundle|Aurora Veil|p2a: Iron Bundle\n|-sidestart|p2: Maractus garden|move: Aurora Veil\n|move|p1a: Abomasnow|Aurora Veil|p1a: Abomasnow\n|-sidestart|p1: Rean412|move: Aurora Veil\n|move|p2b: Annihilape|Taunt|p1a: Abomasnow\n|-start|p1a: Abomasnow|move: Taunt\n|\n|-weather|Snow|[upkeep]\n|upkeep\n|turn|3\n|\n|t:|1683427029\n|-end|p2a: Iron Bundle|Quark Drive|[silent]\n|switch|p2a: Chien-Pao|Chien-Pao, L50|100\/100\n|-ability|p2a: Chien-Pao|Sword of Ruin\n|switch|p1a: Annihilape|Annihilape, L50, M|100\/100\n|move|p1b: Iron Bundle|Protect|p1b: Iron Bundle\n|-singleturn|p1b: Iron Bundle|Protect\n|move|p2b: Annihilape|Close Combat|p1a: Annihilape\n|-immune|p1a: Annihilape\n|\n|-weather|Snow|[upkeep]\n|upkeep\n|turn|4\n|\n|t:|1683427086\n|-terastallize|p2b: Annihilape|Fire\n|move|p1b: Iron Bundle|Encore|p2b: Annihilape\n|-start|p2b: Annihilape|Encore\n|move|p2a: Chien-Pao|Sacred Sword|p1b: Iron Bundle\n|-supereffective|p1b: Iron Bundle\n|-damage|p1b: Iron Bundle|60\/100\n|move|p1a: Annihilape|Drain Punch|p2a: Chien-Pao\n|-supereffective|p2a: Chien-Pao\n|-damage|p2a: Chien-Pao|34\/100\n|-enditem|p2a: Chien-Pao|Sitrus Berry|[eat]\n|-heal|p2a: Chien-Pao|59\/100|[from] item: Sitrus Berry\n|move|p2b: Annihilape|Close Combat|p1a: Annihilape\n|-immune|p1a: Annihilape\n|\n|-weather|Snow|[upkeep]\n|upkeep\n|turn|5\n|\n|t:|1683427127\n|switch|p2a: Vivillon|Vivillon-Fancy, L50, M|100\/100\n|switch|p2b: Iron Bundle|Iron Bundle, L50|92\/100\n|move|p1b: Iron Bundle|Protect|p1b: Iron Bundle\n|-singleturn|p1b: Iron Bundle|Protect\n|move|p1a: Annihilape|Rage Fist|p2b: Iron Bundle\n|-damage|p2b: Iron Bundle|84\/100\n|\n|-weather|none\n|upkeep\n|turn|6\n|\n|t:|1683427158\n|move|p2a: Vivillon|Protect|p2a: Vivillon\n|-singleturn|p2a: Vivillon|Protect\n|move|p1b: Iron Bundle|Icy Wind|p2a: Vivillon|[spread] \n|-activate|p2a: Vivillon|move: Protect\n|-miss|p1b: Iron Bundle|p2b: Iron Bundle\n|move|p2b: Iron Bundle|Hydro Pump|p1a: Annihilape\n|-damage|p1a: Annihilape|74\/100\n|move|p1a: Annihilape|Drain Punch|p2b: Iron Bundle\n|-supereffective|p2b: Iron Bundle\n|-damage|p2b: Iron Bundle|46\/100\n|-heal|p1a: Annihilape|86\/100|[from] drain|[of] p2b: Iron Bundle\n|\n|-heal|p1a: Annihilape|92\/100|[from] item: Leftovers\n|-sideend|p2: Maractus garden|move: Aurora Veil\n|upkeep\n|turn|7\n|\n|t:|1683427197\n|switch|p2a: Annihilape|Annihilape, L50, M, tera:Fire|83\/100\n|move|p2b: Iron Bundle|Protect|p2b: Iron Bundle\n|-singleturn|p2b: Iron Bundle|Protect\n|move|p1b: Iron Bundle|Encore|p2b: Iron Bundle\n|-activate|p2b: Iron Bundle|move: Protect\n|move|p1a: Annihilape|Bulk Up|p1a: Annihilape\n|-boost|p1a: Annihilape|atk|1\n|-boost|p1a: Annihilape|def|1\n|\n|-heal|p1a: Annihilape|99\/100|[from] item: Leftovers\n|upkeep\n|turn|8\n|\n|t:|1683427256\n|-end|p2b: Iron Bundle|Quark Drive|[silent]\n|switch|p2b: Vivillon|Vivillon-Fancy, L50, M|100\/100\n|move|p1b: Iron Bundle|Encore||[still]\n|-fail|p1b: Iron Bundle\n|move|p1a: Annihilape|Rage Fist|p2a: Annihilape\n|-damage|p2a: Annihilape|36\/100\n|move|p2a: Annihilape|Close Combat|p1b: Iron Bundle\n|-supereffective|p1b: Iron Bundle\n|-damage|p1b: Iron Bundle|0 fnt\n|-unboost|p2a: Annihilape|def|1\n|-unboost|p2a: Annihilape|spd|1\n|faint|p1b: Iron Bundle\n|-end|p1b: Iron Bundle|Quark Drive|[silent]\n|\n|-heal|p1a: Annihilape|100\/100|[from] item: Leftovers\n|upkeep\n|\n|t:|1683427272\n|switch|p1b: Abomasnow|Abomasnow, L50, M|100\/100\n|-weather|Snow|[from] ability: Snow Warning|[of] p1b: Abomasnow\n|turn|9\n|\n|t:|1683427291\n|-terastallize|p1b: Abomasnow|Water\n|move|p2b: Vivillon|Rage Powder|p2b: Vivillon\n|-singleturn|p2b: Vivillon|move: Rage Powder\n|move|p1a: Annihilape|Rage Fist|p2b: Vivillon\n|-enditem|p2b: Vivillon|Focus Sash\n|-damage|p2b: Vivillon|1\/100\n|move|p2a: Annihilape|Phantom Force||[still]\n|-prepare|p2a: Annihilape|Phantom Force\n|move|p1b: Abomasnow|Blizzard|p2b: Vivillon|[spread] p2b\n|-miss|p1b: Abomasnow|p2a: Annihilape\n|-supereffective|p2b: Vivillon\n|-damage|p2b: Vivillon|0 fnt\n|faint|p2b: Vivillon\n|\n|-weather|Snow|[upkeep]\n|-sideend|p1: Rean412|move: Aurora Veil\n|upkeep\n|\n|t:|1683427312\n|switch|p2b: Chien-Pao|Chien-Pao, L50|59\/100\n|-ability|p2b: Chien-Pao|Sword of Ruin\n|turn|10\n|\n|t:|1683427347\n|move|p2b: Chien-Pao|Haze|p2b: Chien-Pao\n|-clearallboost\n|move|p1a: Annihilape|Bulk Up|p1a: Annihilape\n|-boost|p1a: Annihilape|atk|1\n|-boost|p1a: Annihilape|def|1\n|move|p2a: Annihilape|Phantom Force|p1a: Annihilape|[from]lockedmove\n|-supereffective|p1a: Annihilape\n|-damage|p1a: Annihilape|14\/100\n|move|p1b: Abomasnow|Aurora Veil|p1b: Abomasnow\n|-sidestart|p1: Rean412|move: Aurora Veil\n|\n|-weather|Snow|[upkeep]\n|-heal|p1a: Annihilape|21\/100|[from] item: Leftovers\n|upkeep\n|turn|11\n|\n|t:|1683427396\n|switch|p1a: Garganacl|Garganacl, L50, M|100\/100\n|switch|p2a: Iron Bundle|Iron Bundle, L50|46\/100\n|move|p2b: Chien-Pao|Sucker Punch||[still]\n|-fail|p2b: Chien-Pao\n|move|p1b: Abomasnow|Blizzard|p2a: Iron Bundle|[spread] p2a,p2b\n|-resisted|p2a: Iron Bundle\n|-resisted|p2b: Chien-Pao\n|-damage|p2a: Iron Bundle|36\/100\n|-damage|p2b: Chien-Pao|39\/100\n|\n|-weather|Snow|[upkeep]\n|upkeep\n|turn|12\n|\n|t:|1683427412\n|move|p2a: Iron Bundle|Aurora Veil|p2a: Iron Bundle\n|-sidestart|p2: Maractus garden|move: Aurora Veil\n|move|p2b: Chien-Pao|Sacred Sword|p1a: Garganacl\n|-supereffective|p1a: Garganacl\n|-damage|p1a: Garganacl|68\/100\n|move|p1b: Abomasnow|Earth Power|p2b: Chien-Pao\n|-damage|p2b: Chien-Pao|20\/100\n|move|p1a: Garganacl|Salt Cure|p2a: Iron Bundle\n|-supereffective|p2a: Iron Bundle\n|-damage|p2a: Iron Bundle|17\/100\n|-start|p2a: Iron Bundle|Salt Cure\n|\n|-weather|Snow|[upkeep]\n|-damage|p2a: Iron Bundle|0 fnt|[from] Salt Cure\n|faint|p2a: Iron Bundle\n|-end|p2a: Iron Bundle|Quark Drive|[silent]\n|upkeep\n|\n|t:|1683427418\n|switch|p2a: Annihilape|Annihilape, L50, M, tera:Fire|36\/100\n|turn|13\n|\n|t:|1683427439\n|move|p1a: Garganacl|Protect|p1a: Garganacl\n|-singleturn|p1a: Garganacl|Protect\n|move|p2b: Chien-Pao|Ice Spinner|p1a: Garganacl\n|-activate|p1a: Garganacl|move: Protect\n|move|p2a: Annihilape|Close Combat|p1a: Garganacl\n|-activate|p1a: Garganacl|move: Protect\n|move|p1b: Abomasnow|Earth Power|p2b: Chien-Pao\n|-damage|p2b: Chien-Pao|1\/100\n|\n|-weather|none\n|upkeep\n|turn|14\n|\n|t:|1683427471\n|switch|p1a: Annihilape|Annihilape, L50, M|21\/100\n|move|p2b: Chien-Pao|Ice Spinner|p1a: Annihilape\n|-damage|p1a: Annihilape|0 fnt\n|faint|p1a: Annihilape\n|move|p2a: Annihilape|Rage Fist|p1b: Abomasnow\n|-damage|p1b: Abomasnow|35\/100\n|move|p1b: Abomasnow|Earth Power|p2a: Annihilape\n|-supereffective|p2a: Annihilape\n|-damage|p2a: Annihilape|8\/100\n|\n|upkeep\n|\n|t:|1683427482\n|switch|p1a: Garganacl|Garganacl, L50, M|68\/100\n|turn|15\n|\n|t:|1683427513\n|move|p2b: Chien-Pao|Sacred Sword|p1a: Garganacl\n|-supereffective|p1a: Garganacl\n|-damage|p1a: Garganacl|37\/100\n|-enditem|p1a: Garganacl|Sitrus Berry|[eat]\n|-heal|p1a: Garganacl|62\/100|[from] item: Sitrus Berry\n|move|p2a: Annihilape|Rage Fist|p1b: Abomasnow\n|-damage|p1b: Abomasnow|0 fnt\n|faint|p1b: Abomasnow\n|move|p1a: Garganacl|Substitute|p1a: Garganacl\n|-start|p1a: Garganacl|Substitute\n|-damage|p1a: Garganacl|37\/100\n|\n|upkeep\n|turn|16\n|\n|t:|1683427531\n|move|p2b: Chien-Pao|Sacred Sword|p1a: Garganacl\n|-supereffective|p1a: Garganacl\n|-end|p1a: Garganacl|Substitute\n|move|p2a: Annihilape|Phantom Force||[still]\n|-prepare|p2a: Annihilape|Phantom Force\n|move|p1a: Garganacl|Salt Cure|p2a: Annihilape|[miss]\n|-miss|p1a: Garganacl|p2a: Annihilape\n|\n|-sideend|p2: Maractus garden|move: Aurora Veil\n|upkeep\n|turn|17\n|\n|t:|1683427543\n|move|p2b: Chien-Pao|Sacred Sword|p1a: Garganacl\n|-supereffective|p1a: Garganacl\n|-damage|p1a: Garganacl|4\/100\n|move|p2a: Annihilape|Phantom Force|p1a: Garganacl|[from]lockedmove\n|-crit|p1a: Garganacl\n|-damage|p1a: Garganacl|0 fnt\n|faint|p1a: Garganacl\n|\n|win|Maractus garden\n|raw|Rean412's rating: 1245 → 1215<\/strong> (-30 for losing)\n|raw|Maractus garden's rating: 1180 → 1210<\/strong> (+30 for winning)\n|c|\u2606Rean412|GGWP\n|c|\u2606Maractus garden|thx u2!\n|c|\u2606Rean412|And then ape shows off with a crit\n|c|\u2606Rean412|Lol\n|c|\u2606Maractus garden|haha\n|c|\u2606Maractus garden|gg\n|l|\u2606Rean412\n","uploadtime":1683427778,"views":9,"p1id":"rean412","p2id":"maractusgarden","formatid":"gen9vgc2023regulationc","rating":1210,"private":0,"password":""}