{"id":"gen9vgc2023regulationc-1855181608","p1":"SL1D","p2":"Yungsmitty","format":"[Gen 9] VGC 2023 Regulation C","log":"|j|\u2606SL1D\n|j|\u2606Yungsmitty\n|t:|1682911524\n|gametype|doubles\n|player|p1|SL1D|palmer|1353\n|player|p2|Yungsmitty|medium|1452\n|teamsize|p1|6\n|teamsize|p2|6\n|gen|9\n|tier|[Gen 9] VGC 2023 Regulation C\n|rated|\n|rule|Species Clause: Limit one of each Pok\u00e9mon\n|rule|Item Clause: Limit one of each item\n|clearpoke\n|poke|p1|Haxorus, L50, M|\n|poke|p1|Talonflame, L50, F|\n|poke|p1|Gyarados, L50, M|\n|poke|p1|Flutter Mane, L50|\n|poke|p1|Ting-Lu, L50|\n|poke|p1|Baxcalibur, L50, M|\n|poke|p2|Scream Tail, L50|\n|poke|p2|Chien-Pao, L50|\n|poke|p2|Flutter Mane, L50|\n|poke|p2|Quaquaval, L50, M|\n|poke|p2|Arcanine, L50, M|\n|poke|p2|Baxcalibur, L50, M|\n|teampreview|4\n|inactive|Battle timer is ON: inactive players will automatically lose when time's up. (requested by SL1D)\n|\n|t:|1682911553\n|start\n|switch|p1a: Talonflame|Talonflame, L50, F|100\/100\n|switch|p1b: Haxorus|Haxorus, L50, M, shiny|100\/100\n|switch|p2a: Scream Tail|Scream Tail, L50|100\/100\n|switch|p2b: Quaquaval|Quaquaval, L50, M|100\/100\n|-ability|p1b: Haxorus|Mold Breaker\n|turn|1\n|inactive|Yungsmitty has 30 seconds left.\n|\n|t:|1682911583\n|move|p1a: Talonflame|Tailwind|p1a: Talonflame\n|-sidestart|p1: SL1D|move: Tailwind\n|move|p1b: Haxorus|Dragon Dance|p1b: Haxorus\n|-boost|p1b: Haxorus|atk|1\n|-boost|p1b: Haxorus|spe|1\n|move|p2a: Scream Tail|Thunder Wave|p1b: Haxorus\n|-status|p1b: Haxorus|par\n|move|p2b: Quaquaval|Aqua Step|p1a: Talonflame\n|-supereffective|p1a: Talonflame\n|-damage|p1a: Talonflame|3\/100\n|-boost|p2b: Quaquaval|spe|1\n|\n|upkeep\n|turn|2\n|\n|t:|1682911606\n|move|p2b: Quaquaval|Aqua Jet|p1a: Talonflame\n|-supereffective|p1a: Talonflame\n|-damage|p1a: Talonflame|0 fnt\n|faint|p1a: Talonflame\n|-ability|p2b: Quaquaval|Moxie|boost\n|-boost|p2b: Quaquaval|atk|1\n|move|p1b: Haxorus|Earthquake|p2b: Quaquaval|[spread] p2a,p2b\n|-damage|p2a: Scream Tail|63\/100\n|-damage|p2b: Quaquaval|35\/100\n|move|p2a: Scream Tail|Play Rough|p1b: Haxorus\n|-supereffective|p1b: Haxorus\n|-damage|p1b: Haxorus|48\/100 par\n|\n|upkeep\n|\n|t:|1682911618\n|switch|p1a: Flutter Mane|Flutter Mane, L50, shiny|100\/100\n|turn|3\n|\n|t:|1682911629\n|-terastallize|p1a: Flutter Mane|Fairy\n|move|p2b: Quaquaval|Protect|p2b: Quaquaval\n|-singleturn|p2b: Quaquaval|Protect\n|move|p1a: Flutter Mane|Dazzling Gleam|p2a: Scream Tail|[spread] p2a\n|-activate|p2b: Quaquaval|move: Protect\n|-damage|p2a: Scream Tail|23\/100\n|-enditem|p2a: Scream Tail|Sitrus Berry|[eat]\n|-heal|p2a: Scream Tail|48\/100|[from] item: Sitrus Berry\n|move|p1b: Haxorus|Iron Head|p2a: Scream Tail\n|-supereffective|p2a: Scream Tail\n|-damage|p2a: Scream Tail|0 fnt\n|faint|p2a: Scream Tail\n|-end|p2a: Scream Tail|Protosynthesis|[silent]\n|\n|upkeep\n|\n|t:|1682911645\n|switch|p2a: Chien-Pao|Chien-Pao, L50|100\/100\n|-ability|p2a: Chien-Pao|Sword of Ruin\n|turn|4\n|\n|t:|1682911655\n|cant|p1b: Haxorus|par\n|move|p2a: Chien-Pao|Protect|p2a: Chien-Pao\n|-singleturn|p2a: Chien-Pao|Protect\n|move|p2b: Quaquaval|Aqua Jet|p1a: Flutter Mane\n|-damage|p1a: Flutter Mane|54\/100\n|move|p1a: Flutter Mane|Dazzling Gleam|p2a: Chien-Pao|[spread] p2b\n|-activate|p2a: Chien-Pao|move: Protect\n|-supereffective|p2b: Quaquaval\n|-damage|p2b: Quaquaval|0 fnt\n|faint|p2b: Quaquaval\n|\n|-sideend|p1: SL1D|move: Tailwind\n|upkeep\n|\n|t:|1682911670\n|switch|p2b: Baxcalibur|Baxcalibur, L50, M|100\/100\n|turn|5\n|\n|t:|1682911687\n|-terastallize|p2b: Baxcalibur|Poison\n|move|p2a: Chien-Pao|Ice Spinner|p1b: Haxorus\n|-supereffective|p1b: Haxorus\n|-crit|p1b: Haxorus\n|-damage|p1b: Haxorus|0 fnt\n|faint|p1b: Haxorus\n|move|p1a: Flutter Mane|Dazzling Gleam|p2a: Chien-Pao|[spread] p2a,p2b\n|-supereffective|p2a: Chien-Pao\n|-resisted|p2b: Baxcalibur\n|-enditem|p2a: Chien-Pao|Focus Sash\n|-damage|p2a: Chien-Pao|1\/100\n|-damage|p2b: Baxcalibur|75\/100\n|move|p2b: Baxcalibur|Icicle Crash|p1a: Flutter Mane\n|-damage|p1a: Flutter Mane|0 fnt\n|faint|p1a: Flutter Mane\n|-end|p1a: Flutter Mane|Protosynthesis|[silent]\n|-damage|p2b: Baxcalibur|66\/100|[from] item: Life Orb\n|\n|upkeep\n|\n|t:|1682911701\n|switch|p1b: Ting-Lu|Ting-Lu, L50|100\/100\n|-ability|p1b: Ting-Lu|Vessel of Ruin\n|turn|6\n|\n|t:|1682911723\n|move|p2a: Chien-Pao|Ice Spinner|p1b: Ting-Lu\n|-supereffective|p1b: Ting-Lu\n|-damage|p1b: Ting-Lu|46\/100\n|move|p2b: Baxcalibur|Icicle Crash|p1b: Ting-Lu\n|-supereffective|p1b: Ting-Lu\n|-damage|p1b: Ting-Lu|0 fnt\n|faint|p1b: Ting-Lu\n|-damage|p2b: Baxcalibur|56\/100|[from] item: Life Orb\n|\n|win|Yungsmitty\n|raw|SL1D's rating: 1353 → 1339<\/strong> (-14 for losing)\n|raw|Yungsmitty's rating: 1452 → 1466<\/strong> (+14 for winning)\n|l|\u2606SL1D\n","uploadtime":1682911749,"views":14,"p1id":"sl1d","p2id":"yungsmitty","formatid":"gen9vgc2023regulationc","rating":1339,"private":0,"password":""}