{"id":"gen9vgc2023regulationc-1847490660","p1":"Sprye0216","p2":"Drop a Dunsparce","format":"[Gen 9] VGC 2023 Regulation C","log":"|j|\u2606Sprye0216\n|j|\u2606Drop a Dunsparce\n|t:|1681961799\n|gametype|doubles\n|player|p1|Sprye0216|skyla|1276\n|player|p2|Drop a Dunsparce|swimmer|1275\n|teamsize|p1|6\n|teamsize|p2|6\n|gen|9\n|tier|[Gen 9] VGC 2023 Regulation C\n|rated|\n|rule|Species Clause: Limit one of each Pok\u00e9mon\n|rule|Item Clause: Limit one of each item\n|clearpoke\n|poke|p1|Talonflame, L50, M|\n|poke|p1|Garchomp, L50, F|\n|poke|p1|Gholdengo, L50|\n|poke|p1|Palafin, L50, M|\n|poke|p1|Amoonguss, L50, M|\n|poke|p1|Ting-Lu, L50|\n|poke|p2|Chi-Yu, L50|\n|poke|p2|Gyarados, L50, F|\n|poke|p2|Talonflame, L50, M|\n|poke|p2|Iron Treads, L50|\n|poke|p2|Flutter Mane, L50|\n|poke|p2|Baxcalibur, L50, F|\n|teampreview|4\nSprye0216 has agreed to open team sheets.\nDrop a Dunsparce rejected open team sheets.\n|\n|t:|1681961832\n|start\n|switch|p1a: Talonflame|Talonflame, L50, M|100\/100\n|switch|p1b: Palafin|Palafin, L50, M|100\/100\n|switch|p2a: Gyarados|Gyarados, L50, F|100\/100\n|switch|p2b: Talonflame|Talonflame, L50, M|100\/100\n|-ability|p2a: Gyarados|Intimidate|boost\n|-unboost|p1a: Talonflame|atk|1\n|-unboost|p1b: Palafin|atk|1\n|turn|1\n|\n|t:|1681961846\n|detailschange|p1b: Palafin|Palafin-Hero, L50, M\n|switch|p1b: Gholdengo|Gholdengo, L50|100\/100\n|move|p2b: Talonflame|Quick Guard|p2b: Talonflame\n|-singleturn|p2b: Talonflame|Quick Guard\n|move|p1a: Talonflame|Tailwind|p1a: Talonflame\n|-sidestart|p1: Sprye0216|move: Tailwind\n|move|p2a: Gyarados|Waterfall|p1a: Talonflame\n|-supereffective|p1a: Talonflame\n|-damage|p1a: Talonflame|0 fnt\n|faint|p1a: Talonflame\n|\n|upkeep\n|\n|t:|1681961859\n|switch|p1a: Palafin|Palafin-Hero, L50, M|100\/100\n|-activate|p1a: Palafin|ability: Zero to Hero\n|turn|2\n|\n|t:|1681961880\n|-terastallize|p1a: Palafin|Water\n|move|p2b: Talonflame|Quick Guard|p2b: Talonflame\n|-singleturn|p2b: Talonflame|Quick Guard\n|move|p1a: Palafin|Jet Punch|p2b: Talonflame\n|-activate|p2b: Talonflame|move: Quick Guard\n|move|p1b: Gholdengo|Thunderbolt|p2a: Gyarados\n|-supereffective|p2a: Gyarados\n|-damage|p2a: Gyarados|0 fnt\n|faint|p2a: Gyarados\n|\n|upkeep\n|\n|t:|1681961888\n|switch|p2a: Flutter Mane|Flutter Mane, L50|100\/100\n|turn|3\n|\n|t:|1681961907\n|switch|p1b: Garchomp|Garchomp, L50, F|100\/100\n|move|p2b: Talonflame|Tailwind|p2b: Talonflame\n|-sidestart|p2: Drop a Dunsparce|move: Tailwind\n|move|p2a: Flutter Mane|Thunderbolt|p1a: Palafin\n|-supereffective|p1a: Palafin\n|-damage|p1a: Palafin|15\/100\n|-damage|p2a: Flutter Mane|90\/100|[from] item: Life Orb\n|move|p1a: Palafin|Wave Crash|p2b: Talonflame\n|-supereffective|p2b: Talonflame\n|-damage|p2b: Talonflame|0 fnt\n|faint|p2b: Talonflame\n|-damage|p1a: Palafin|0 fnt|[from] Recoil\n|faint|p1a: Palafin\n|\n|upkeep\n|\n|t:|1681961922\n|switch|p2b: Chi-Yu|Chi-Yu, L50|100\/100\n|switch|p1a: Gholdengo|Gholdengo, L50|100\/100\n|-ability|p2b: Chi-Yu|Beads of Ruin\n|turn|4\n|\n|t:|1681961936\n|-terastallize|p2a: Flutter Mane|Fairy\n|move|p1b: Garchomp|Protect|p1b: Garchomp\n|-singleturn|p1b: Garchomp|Protect\n|move|p2b: Chi-Yu|Heat Wave|p1b: Garchomp|[spread] p1a\n|-activate|p1b: Garchomp|move: Protect\n|-supereffective|p1a: Gholdengo\n|-damage|p1a: Gholdengo|0 fnt\n|faint|p1a: Gholdengo\n|move|p2a: Flutter Mane|Dazzling Gleam|p1b: Garchomp\n|-activate|p1b: Garchomp|move: Protect\n|\n|-sideend|p1: Sprye0216|move: Tailwind\n|upkeep\n|turn|5\n|\n|t:|1681961949\n|move|p2b: Chi-Yu|Heat Wave|p1b: Garchomp\n|-resisted|p1b: Garchomp\n|-damage|p1b: Garchomp|63\/100\n|move|p2a: Flutter Mane|Dazzling Gleam|p1b: Garchomp\n|-supereffective|p1b: Garchomp\n|-damage|p1b: Garchomp|0 fnt\n|faint|p1b: Garchomp\n|-damage|p2a: Flutter Mane|80\/100|[from] item: Life Orb\n|\n|win|Drop a Dunsparce\n|raw|Sprye0216's rating: 1276 → 1251<\/strong> (-25 for losing)\n|raw|Drop a Dunsparce's rating: 1275 → 1300<\/strong> (+25 for winning)\n","uploadtime":1681961959,"views":6,"p1id":"sprye0216","p2id":"dropadunsparce","formatid":"gen9vgc2023regulationc","rating":1251,"private":0,"password":""}