{"id":"gen9vgc2023regulationc-1862880762","p1":"tomciv20","p2":"lethalpilot","format":"[Gen 9] VGC 2023 Regulation C","log":"|j|\u2606tomciv20\n|j|\u2606lethalpilot\n|t:|1683933076\n|gametype|doubles\n|player|p1|tomciv20|101|\n|player|p2|lethalpilot|swimmer-gen4|\n|teamsize|p1|6\n|teamsize|p2|6\n|gen|9\n|tier|[Gen 9] VGC 2023 Regulation C\n|rule|Species Clause: Limit one of each Pok\u00e9mon\n|rule|Item Clause: Limit one of each item\n|clearpoke\n|poke|p1|Pachirisu, L50, M|\n|poke|p1|Cloyster, L50, M|\n|poke|p1|Flamigo, L50, M|\n|poke|p1|Garganacl, L50, M|\n|poke|p1|Toxicroak, L50, F|\n|poke|p1|Oranguru, L50, M|\n|poke|p2|Amoonguss, L50, M|\n|poke|p2|Vivillon-Icy Snow, L50, M|\n|poke|p2|Espeon, L50, M|\n|poke|p2|Hawlucha, L50, M|\n|poke|p2|Arcanine, L50, M|\n|poke|p2|Salamence, L50, M|\n|teampreview|4\n|inactive|Battle timer is ON: inactive players will automatically lose when time's up. (requested by lethalpilot)\n|\n|t:|1683933094\n|start\n|switch|p1a: Cloyster|Cloyster, L50, M|100\/100\n|switch|p1b: Pachirisu|Pachirisu, L50, M|100\/100\n|switch|p2a: Minority|Vivillon-Icy Snow, L50, M|100\/100\n|switch|p2b: AMONG US|Amoonguss, L50, M|100\/100\n|turn|1\n|j| SuperToad916\n|\n|t:|1683933116\n|move|p1b: Pachirisu|Follow Me|p1b: Pachirisu\n|-singleturn|p1b: Pachirisu|move: Follow Me\n|move|p2a: Minority|Sleep Powder|p1b: Pachirisu|[miss]\n|-miss|p2a: Minority|p1b: Pachirisu\n|move|p1a: Cloyster|Shell Smash|p1a: Cloyster\n|-unboost|p1a: Cloyster|def|1\n|-unboost|p1a: Cloyster|spd|1\n|-boost|p1a: Cloyster|atk|2\n|-boost|p1a: Cloyster|spa|2\n|-boost|p1a: Cloyster|spe|2\n|move|p2b: AMONG US|Spore|p1b: Pachirisu\n|-status|p1b: Pachirisu|slp|[from] move: Spore\n|\n|upkeep\n|turn|2\n|inactive|lethalpilot has 30 seconds left.\n|inactive|lethalpilot has 20 seconds left.\n|\n|t:|1683933154\n|switch|p1b: Flamigo|Flamigo, L50, M|100\/100\n|-copyboost|p1b: Flamigo|p1a: Cloyster|[from] ability: Costar\n|move|p1a: Cloyster|Protect|p1a: Cloyster\n|-singleturn|p1a: Cloyster|Protect\n|move|p2a: Minority|Substitute|p2a: Minority\n|-start|p2a: Minority|Substitute\n|-damage|p2a: Minority|76\/100\n|move|p2b: AMONG US|Clear Smog|p1a: Cloyster\n|-activate|p1a: Cloyster|move: Protect\n|\n|-heal|p2a: Minority|82\/100|[from] item: Leftovers\n|upkeep\n|turn|3\n|inactive|lethalpilot has 30 seconds left.\n|inactive|lethalpilot has 20 seconds left.\n|\n|t:|1683933193\n|-terastallize|p2a: Minority|Steel\n|move|p1b: Flamigo|Sky Attack||[still]\n|-prepare|p1b: Flamigo|Sky Attack\n|-enditem|p1b: Flamigo|Power Herb\n|-anim|p1b: Flamigo|Sky Attack|p2b: AMONG US\n|-supereffective|p2b: AMONG US\n|-damage|p2b: AMONG US|0 fnt\n|faint|p2b: AMONG US\n|move|p1a: Cloyster|Icicle Spear|p2a: Minority\n|-resisted|p2a: Minority\n|-crit|p2a: Minority\n|-end|p2a: Minority|Substitute\n|-resisted|p2a: Minority\n|-damage|p2a: Minority|64\/100\n|-resisted|p2a: Minority\n|-damage|p2a: Minority|46\/100\n|-resisted|p2a: Minority\n|-damage|p2a: Minority|28\/100\n|-resisted|p2a: Minority\n|-damage|p2a: Minority|10\/100\n|-hitcount|p2a: Minority|5\n|move|p2a: Minority|Sleep Powder|p1b: Flamigo|[miss]\n|-miss|p2a: Minority|p1b: Flamigo\n|\n|-heal|p2a: Minority|16\/100|[from] item: Leftovers\n|upkeep\n|inactive|lethalpilot has 30 seconds left.\n|inactive|lethalpilot has 20 seconds left.\n|\n|t:|1683933228\n|switch|p2b: Joey Ditavi|Arcanine, L50, M|100\/100\n|-ability|p2b: Joey Ditavi|Intimidate|boost\n|-fail|p1a: Cloyster|unboost|[from] item: Clear Amulet|[of] p1a: Cloyster\n|-unboost|p1b: Flamigo|atk|1\n|turn|4\n|inactive|lethalpilot has 30 seconds left.\n|\n|t:|1683933262\n|move|p1b: Flamigo|Acrobatics|p2a: Minority\n|-resisted|p2a: Minority\n|-damage|p2a: Minority|0 fnt\n|faint|p2a: Minority\n|move|p1a: Cloyster|Rock Blast|p2b: Joey Ditavi\n|-supereffective|p2b: Joey Ditavi\n|-damage|p2b: Joey Ditavi|62\/100\n|-supereffective|p2b: Joey Ditavi\n|-damage|p2b: Joey Ditavi|25\/100\n|-supereffective|p2b: Joey Ditavi\n|-damage|p2b: Joey Ditavi|0 fnt\n|faint|p2b: Joey Ditavi\n|-hitcount|p2: Joey Ditavi|3\n|\n|upkeep\n|inactive|lethalpilot has 30 seconds left.\n|\n|t:|1683933294\n|switch|p2b: Flying Monkey|Hawlucha, L50, M, shiny|100\/100\n|-ability|p2b: Flying Monkey|Mold Breaker\n|turn|5\n|j| JJ22FTW\n|\n|t:|1683933307\n|move|p1b: Flamigo|Acrobatics|p2b: Flying Monkey\n|-supereffective|p2b: Flying Monkey\n|-damage|p2b: Flying Monkey|0 fnt\n|faint|p2b: Flying Monkey\n|\n|win|tomciv20\n|l|\u2606lethalpilot\n","uploadtime":1683933753,"views":12,"p1id":"tomciv20","p2id":"lethalpilot","formatid":"gen9vgc2023regulationc","rating":0,"private":0,"password":""}