{"id":"gen9vgc2023regulationc-1862301898","p1":"jessemonxyj","p2":"Tobias' True Team","format":"[Gen 9] VGC 2023 Regulation C","log":"|j|\u2606jessemonxyj\n|j|\u2606Tobias' True Team\n|t:|1683862166\n|gametype|doubles\n|player|p1|jessemonxyj|veteran|1040\n|player|p2|Tobias' True Team|benga|1092\n|teamsize|p1|6\n|teamsize|p2|6\n|gen|9\n|tier|[Gen 9] VGC 2023 Regulation C\n|rated|\n|rule|Species Clause: Limit one of each Pok\u00e9mon\n|rule|Item Clause: Limit one of each item\n|clearpoke\n|poke|p1|Oinkologne-F, L50, F|\n|poke|p1|Arboliva, L50, F|\n|poke|p1|Indeedee-F, L50, F|\n|poke|p1|Pelipper, L50, M|\n|poke|p1|Azumarill, L50, F|\n|poke|p1|Salazzle, L50, F|\n|poke|p2|Lokix, L50, F|\n|poke|p2|Pelipper, L50, F|\n|poke|p2|Floatzel, L50, M|\n|poke|p2|Amoonguss, L50, M|\n|poke|p2|Gholdengo, L50|\n|poke|p2|Magneton, L50|\n|teampreview|4\n|inactive|Battle timer is ON: inactive players will automatically lose when time's up. (requested by Tobias' True Team)\n|c|\u2606jessemonxyj|glhf\n|inactive|Tobias' True Team has 60 seconds left.\n|inactive|Tobias' True Team has 30 seconds left.\n|inactive|Tobias' True Team has 20 seconds left.\n|inactive|Tobias' True Team has 15 seconds left.\n|inactive|Tobias' True Team has 10 seconds left.\n|\n|t:|1683862248\n|start\n|switch|p1a: Arboliva|Arboliva, L50, F|100\/100\n|switch|p1b: Indeedee|Indeedee-F, L50, F|100\/100\n|switch|p2a: Bord|Pelipper, L50, F|100\/100\n|switch|p2b: Funny Magnet|Magneton, L50|100\/100\n|-weather|RainDance|[from] ability: Drizzle|[of] p2a: Bord\n|-fieldstart|move: Psychic Terrain|[from] ability: Psychic Surge|[of] p1b: Indeedee\n|-enditem|p1b: Indeedee|Psychic Seed\n|-boost|p1b: Indeedee|spd|1|[from] item: Psychic Seed\n|turn|1\n|inactive|jessemonxyj has 30 seconds left.\n|inactive|jessemonxyj has 20 seconds left.\n|\n|t:|1683862287\n|switch|p2b: Funny Bug|Lokix, L50, F|100\/100\n|move|p2a: Bord|Hurricane|p1a: Arboliva\n|-supereffective|p1a: Arboliva\n|-damage|p1a: Arboliva|10\/100\n|-enditem|p1a: Arboliva|Sitrus Berry|[eat]\n|-heal|p1a: Arboliva|35\/100|[from] item: Sitrus Berry\n|move|p1a: Arboliva|Weather Ball|p2b: Funny Bug\n|-damage|p2b: Funny Bug|0 fnt\n|faint|p2b: Funny Bug\n|move|p1b: Indeedee|Trick Room|p1b: Indeedee\n|-fieldstart|move: Trick Room|[of] p1b: Indeedee\n|\n|-weather|RainDance|[upkeep]\n|-item|p1a: Arboliva|Sitrus Berry|[from] ability: Harvest\n|upkeep\n|-enditem|p1a: Arboliva|Sitrus Berry|[eat]\n|-heal|p1a: Arboliva|59\/100|[from] item: Sitrus Berry\n|\n|t:|1683862294\n|switch|p2b: Spoopy|Floatzel, L50, M|100\/100\n|turn|2\n|\n|t:|1683862314\n|move|p1b: Indeedee|Follow Me|p1b: Indeedee\n|-singleturn|p1b: Indeedee|move: Follow Me\n|move|p1a: Arboliva|Strength Sap|p2b: Spoopy\n|-unboost|p2b: Spoopy|atk|1\n|-heal|p1a: Arboliva|100\/100\n|move|p2a: Bord|Hurricane|p1b: Indeedee\n|-damage|p1b: Indeedee|75\/100\n|move|p2b: Spoopy|Ice Spinner|p1b: Indeedee\n|-damage|p1b: Indeedee|37\/100\n|-fieldend|move: Psychic Terrain\n|\n|-weather|RainDance|[upkeep]\n|-item|p1a: Arboliva|Sitrus Berry|[from] ability: Harvest\n|upkeep\n|turn|3\n|\n|t:|1683862331\n|move|p1b: Indeedee|Follow Me|p1b: Indeedee\n|-singleturn|p1b: Indeedee|move: Follow Me\n|move|p1a: Arboliva|Giga Drain|p2b: Spoopy\n|-supereffective|p2b: Spoopy\n|-damage|p2b: Spoopy|0 fnt\n|faint|p2b: Spoopy\n|move|p2a: Bord|Hurricane|p1b: Indeedee\n|-damage|p1b: Indeedee|14\/100\n|\n|-weather|RainDance|[upkeep]\n|upkeep\n|\n|t:|1683862333\n|switch|p2b: Funny Magnet|Magneton, L50|100\/100\n|turn|4\n|\n|t:|1683862348\n|move|p1b: Indeedee|Follow Me|p1b: Indeedee\n|-singleturn|p1b: Indeedee|move: Follow Me\n|move|p1a: Arboliva|Weather Ball|p2b: Funny Magnet\n|-ability|p2b: Funny Magnet|Sturdy\n|-damage|p2b: Funny Magnet|1\/100\n|move|p2a: Bord|Hurricane|p1b: Indeedee\n|-damage|p1b: Indeedee|0 fnt\n|faint|p1b: Indeedee\n|move|p2b: Funny Magnet|Thunder|p1a: Arboliva\n|-resisted|p1a: Arboliva\n|-damage|p1a: Arboliva|65\/100\n|\n|-weather|RainDance|[upkeep]\n|upkeep\n|\n|t:|1683862365\n|switch|p1b: Oinkologne|Oinkologne-F, L50, F|100\/100\n|turn|5\n|\n|t:|1683862385\n|move|p1a: Arboliva|Giga Drain|p2a: Bord\n|-crit|p2a: Bord\n|-enditem|p2a: Bord|Focus Sash\n|-damage|p2a: Bord|1\/100\n|-heal|p1a: Arboliva|100\/100|[from] drain|[of] p2a: Bord\n|move|p1b: Oinkologne|Covet|p2b: Funny Magnet\n|-resisted|p2b: Funny Magnet\n|-damage|p2b: Funny Magnet|0 fnt\n|faint|p2b: Funny Magnet\n|move|p2a: Bord|Hurricane|p1a: Arboliva\n|-supereffective|p1a: Arboliva\n|-damage|p1a: Arboliva|13\/100\n|-start|p1a: Arboliva|confusion\n|-enditem|p1a: Arboliva|Sitrus Berry|[eat]\n|-heal|p1a: Arboliva|38\/100|[from] item: Sitrus Berry\n|\n|-weather|none\n|-fieldend|move: Trick Room\n|-item|p1a: Arboliva|Sitrus Berry|[from] ability: Harvest\n|upkeep\n|-enditem|p1a: Arboliva|Sitrus Berry|[eat]\n|-heal|p1a: Arboliva|63\/100|[from] item: Sitrus Berry\n|turn|6\n|c|\u2606jessemonxyj|gg\n|inactive|jessemonxyj has 30 seconds left.\n|inactive|Tobias' True Team has 30 seconds left.\n|\n|t:|1683862414\n|move|p2a: Bord|Hurricane|p1a: Arboliva|[miss]\n|-miss|p2a: Bord|p1a: Arboliva\n|move|p1b: Oinkologne|Covet|p2a: Bord\n|-damage|p2a: Bord|0 fnt\n|faint|p2a: Bord\n|\n|win|jessemonxyj\n|raw|jessemonxyj's rating: 1040 → 1079<\/strong> (+39 for winning)\n|raw|Tobias' True Team's rating: 1092 → 1065<\/strong> (-27 for losing)\n|l|\u2606Tobias' True Team\n","uploadtime":1683862426,"views":13,"p1id":"jessemonxyj","p2id":"tobiastrueteam","formatid":"gen9vgc2023regulationc","rating":1065,"private":0,"password":""}