{"id":"gen9vgc2023regulationc-1846694703","p1":"hash brown enjoyer","p2":"JayVGC YT","format":"[Gen 9] VGC 2023 Regulation C","log":"|j|\u2606hash brown enjoyer\n|j|\u2606JayVGC YT\n|t:|1681866815\n|gametype|doubles\n|player|p1|hash brown enjoyer|steven|\n|player|p2|JayVGC YT|102|\n|teamsize|p1|6\n|teamsize|p2|6\n|gen|9\n|tier|[Gen 9] VGC 2023 Regulation C\n|rule|Species Clause: Limit one of each Pok\u00e9mon\n|rule|Item Clause: Limit one of each item\n|clearpoke\n|poke|p1|Garchomp, L50, M|\n|poke|p1|Rotom-Wash, L50|\n|poke|p1|Amoonguss, L50, F|\n|poke|p1|Talonflame, L50, F|\n|poke|p1|Flutter Mane, L50|\n|poke|p1|Chien-Pao, L50|\n|poke|p2|Maushold-Four, L50|\n|poke|p2|Annihilape, L50, M|\n|poke|p2|Gholdengo, L50|\n|poke|p2|Iron Bundle, L50|\n|poke|p2|Arcanine, L50, M|\n|poke|p2|Roaring Moon, L50|\n|teampreview|4\n|c|\u2606JayVGC YT|g1\n|\n|t:|1681866895\n|start\n|switch|p1a: Garchomp|Garchomp, L50, M|100\/100\n|switch|p1b: Rotom|Rotom-Wash, L50|100\/100\n|switch|p2a: Pancakes|Maushold-Four, L50|100\/100\n|switch|p2b: Peaceful Moon|Roaring Moon, L50|100\/100\n|-enditem|p2b: Peaceful Moon|Booster Energy\n|-activate|p2b: Peaceful Moon|ability: Protosynthesis|[fromitem]\n|-start|p2b: Peaceful Moon|protosynthesisspe\n|turn|1\n|\n|t:|1681866933\n|move|p2b: Peaceful Moon|Protect|p2b: Peaceful Moon\n|-singleturn|p2b: Peaceful Moon|Protect\n|move|p1a: Garchomp|Rock Slide|p2a: Pancakes|[spread] p2a\n|-activate|p2b: Peaceful Moon|move: Protect\n|-damage|p2a: Pancakes|67\/100\n|move|p2a: Pancakes|Super Fang|p1a: Garchomp\n|-damage|p1a: Garchomp|51\/100\n|-damage|p2a: Pancakes|55\/100|[from] ability: Rough Skin|[of] p1a: Garchomp\n|move|p1b: Rotom|Volt Switch|p2b: Peaceful Moon\n|-activate|p2b: Peaceful Moon|move: Protect\n|\n|upkeep\n|turn|2\n|\n|t:|1681866992\n|move|p2b: Peaceful Moon|Throat Chop|p1a: Garchomp\n|-damage|p1a: Garchomp|8\/100\n|-start|p1a: Garchomp|Throat Chop|[silent]\n|-damage|p2b: Peaceful Moon|88\/100|[from] ability: Rough Skin|[of] p1a: Garchomp\n|move|p1a: Garchomp|Rock Slide|p2b: Peaceful Moon|[spread] p2a,p2b\n|-damage|p2a: Pancakes|18\/100\n|-damage|p2b: Peaceful Moon|59\/100\n|move|p2a: Pancakes|Super Fang|p1b: Rotom\n|-damage|p1b: Rotom|50\/100\n|move|p1b: Rotom|Hydro Pump|p2a: Pancakes\n|-damage|p2a: Pancakes|0 fnt\n|faint|p2a: Pancakes\n|\n|upkeep\n|\n|t:|1681867008\n|switch|p2a: \"Incineroar\"|Arcanine, L50, M|100\/100\n|-ability|p2a: \"Incineroar\"|Intimidate|boost\n|-unboost|p1a: Garchomp|atk|1\n|-unboost|p1b: Rotom|atk|1\n|turn|3\n|\n|t:|1681867057\n|switch|p1a: Flutter Mane|Flutter Mane, L50|100\/100\n|-enditem|p1a: Flutter Mane|Booster Energy\n|-activate|p1a: Flutter Mane|ability: Protosynthesis|[fromitem]\n|-start|p1a: Flutter Mane|protosynthesisspa\n|switch|p1b: Chien-Pao|Chien-Pao, L50|100\/100\n|-ability|p1b: Chien-Pao|Sword of Ruin\n|move|p2a: \"Incineroar\"|Extreme Speed|p1a: Flutter Mane\n|-immune|p1a: Flutter Mane\n|move|p2b: Peaceful Moon|Dragon Dance|p2b: Peaceful Moon\n|-boost|p2b: Peaceful Moon|atk|1\n|-boost|p2b: Peaceful Moon|spe|1\n|\n|upkeep\n|turn|4\n|\n|t:|1681867120\n|-terastallize|p1b: Chien-Pao|Flying\n|move|p2b: Peaceful Moon|Acrobatics|p1a: Flutter Mane\n|-damage|p1a: Flutter Mane|0 fnt\n|faint|p1a: Flutter Mane\n|-end|p1a: Flutter Mane|Protosynthesis|[silent]\n|move|p1b: Chien-Pao|Ice Spinner|p2b: Peaceful Moon\n|-supereffective|p2b: Peaceful Moon\n|-damage|p2b: Peaceful Moon|0 fnt\n|faint|p2b: Peaceful Moon\n|-end|p2b: Peaceful Moon|Protosynthesis|[silent]\n|move|p2a: \"Incineroar\"|Flare Blitz|p1b: Chien-Pao\n|-damage|p1b: Chien-Pao|22\/100\n|-damage|p2a: \"Incineroar\"|80\/100|[from] Recoil\n|\n|upkeep\n|\n|t:|1681867137\n|switch|p2b: Iron Sack|Iron Bundle, L50|100\/100\n|switch|p1a: Garchomp|Garchomp, L50, M|8\/100\n|turn|5\n|\n|t:|1681867189\n|move|p2a: \"Incineroar\"|Extreme Speed|p1a: Garchomp\n|-damage|p1a: Garchomp|0 fnt\n|-damage|p2a: \"Incineroar\"|67\/100|[from] ability: Rough Skin|[of] p1a: Garchomp\n|faint|p1a: Garchomp\n|move|p1b: Chien-Pao|Sucker Punch|p2b: Iron Sack\n|-damage|p2b: Iron Sack|39\/100\n|move|p2b: Iron Sack|Freeze-Dry|p1b: Chien-Pao\n|-supereffective|p1b: Chien-Pao\n|-damage|p1b: Chien-Pao|0 fnt\n|faint|p1b: Chien-Pao\n|\n|upkeep\n|\n|t:|1681867198\n|switch|p1a: Rotom|Rotom-Wash, L50|50\/100\n|turn|6\n|\n|t:|1681867208\n|move|p2a: \"Incineroar\"|Extreme Speed|p1a: Rotom\n|-damage|p1a: Rotom|24\/100\n|move|p2b: Iron Sack|Freeze-Dry|p1a: Rotom\n|-supereffective|p1a: Rotom\n|-damage|p1a: Rotom|0 fnt\n|faint|p1a: Rotom\n|\n|win|JayVGC YT\n|c|\u2606hash brown enjoyer|gg\n","uploadtime":1681867671,"views":8,"p1id":"hashbrownenjoyer","p2id":"jayvgcyt","formatid":"gen9vgc2023regulationc","rating":0,"private":0,"password":""}