{"id":"gen9vgc2023regulationc-1855951721","p1":"SlushiW","p2":"CblonVGC","format":"[Gen 9] VGC 2023 Regulation C","log":"|j|\u2606SlushiW\n|j|\u2606CblonVGC\n|t:|1683006015\n|gametype|doubles\n|player|p1|SlushiW|ethan-pokeathlon|\n|player|p2|CblonVGC|preschooler|\n|teamsize|p1|6\n|teamsize|p2|6\n|gen|9\n|tier|[Gen 9] VGC 2023 Regulation C\n|rated|Tournament battle\n|rule|Species Clause: Limit one of each Pok\u00e9mon\n|rule|Item Clause: Limit one of each item\n|clearpoke\n|poke|p1|Chien-Pao, L50|\n|poke|p1|Dragonite, L50, M|\n|poke|p1|Palafin, L50, M|\n|poke|p1|Flutter Mane, L50|\n|poke|p1|Arcanine, L50, M|\n|poke|p1|Amoonguss, L50, M|\n|poke|p2|Tyranitar, L50, M|\n|poke|p2|Garchomp, L50, M|\n|poke|p2|Corviknight, L50, F|\n|poke|p2|Glimmora, L50, F|\n|poke|p2|Amoonguss, L50, M|\n|poke|p2|Rotom-Wash, L50|\n|teampreview|4\n|raw| Open Team Sheet for SlushiW<\/summary>Frostbite (Chien-Pao) @ Focus Sash Ability: Sword of Ruin Level: 50 Tera Type: Ghost - Ice Spinner - Sucker Punch - Sacred Sword - Protect Comet (Dragonite) (M) @ Assault Vest Ability: Multiscale Level: 50 Tera Type: Flying - Extreme Speed - Stomping Tantrum - Tera Blast - Low Kick Riptide (Palafin) (M) @ Mystic Water Ability: Zero to Hero Level: 50 Shiny: Yes Tera Type: Water - Wave Crash - Jet Punch - Substitute - Protect Flutter Mane @ Booster Energy Ability: Protosynthesis Level: 50 Tera Type: Fairy - Moonblast - Shadow Ball - Dazzling Gleam - Protect Wildfire (Arcanine) (M) @ Safety Goggles Ability: Intimidate Level: 50 Tera Type: Grass - Flare Blitz - Extreme Speed - Will-O-Wisp - Howl Eternal (Amoonguss) (M) @ Sitrus Berry Ability: Regenerator Level: 50 Shiny: Yes Tera Type: Normal - Pollen Puff - Spore - Rage Powder - Clear Smog <\/details><\/div> Open Team Sheet for CblonVGC<\/summary>Tyranitar @ Assault Vest Ability: Sand Stream Level: 50 Tera Type: Flying - Rock Slide - Assurance - Tera Blast - Heavy Slam Garchomp @ Lum Berry Ability: Sand Veil Level: 50 Tera Type: Steel - Earthquake - Rock Slide - Swords Dance - Protect Corviknight @ Safety Goggles Ability: Mirror Armor Level: 50 Tera Type: Dragon - Bulk Up - Tailwind - Brave Bird - Roost Glimmora @ Focus Sash Ability: Toxic Debris Level: 50 Tera Type: Grass - Power Gem - Sludge Bomb - Energy Ball - Spiky Shield Amoonguss (M) @ Sitrus Berry Ability: Regenerator Level: 50 Shiny: Yes Tera Type: Water - Pollen Puff - Spore - Protect - Clear Smog Rotom (Rotom-Wash) @ Life Orb Ability: Levitate Level: 50 Tera Type: Electric - Thunderbolt - Hydro Pump - Nasty Plot - Protect <\/details><\/div>\n|inactive|Battle timer is ON: inactive players will automatically lose when time's up. (requested by SlushiW)\n|c|\u2606CblonVGC|bl dont have fun\n|n|!SlushiW|slushiw\n|inactive|CblonVGC has 60 seconds left.\n|\n|t:|1683006047\n|start\n|switch|p1a: Comet|Dragonite, L50, M|100\/100\n|switch|p1b: Flutter Mane|Flutter Mane, L50|100\/100\n|switch|p2a: Corviknight|Corviknight, L50, F|100\/100\n|switch|p2b: Garchomp|Garchomp, L50, M|100\/100\n|-enditem|p1b: Flutter Mane|Booster Energy\n|-activate|p1b: Flutter Mane|ability: Protosynthesis|[fromitem]\n|-start|p1b: Flutter Mane|protosynthesisspa\n|turn|1\n|inactive|CblonVGC has 30 seconds left.\n|inactive|CblonVGC has 20 seconds left.\n|\n|t:|1683006082\n|-terastallize|p2b: Garchomp|Steel\n|move|p1b: Flutter Mane|Shadow Ball|p2a: Corviknight\n|-damage|p2a: Corviknight|52\/100\n|move|p2b: Garchomp|Swords Dance|p2b: Garchomp\n|-boost|p2b: Garchomp|atk|2\n|move|p1a: Comet|Low Kick|p2b: Garchomp\n|-supereffective|p2b: Garchomp\n|-damage|p2b: Garchomp|39\/100\n|move|p2a: Corviknight|Tailwind|p2a: Corviknight\n|-sidestart|p2: CblonVGC|move: Tailwind\n|\n|upkeep\n|turn|2\n|\n|t:|1683006103\n|move|p2b: Garchomp|Protect|p2b: Garchomp\n|-singleturn|p2b: Garchomp|Protect\n|move|p1b: Flutter Mane|Protect|p1b: Flutter Mane\n|-singleturn|p1b: Flutter Mane|Protect\n|move|p1a: Comet|Extreme Speed|p2b: Garchomp\n|-activate|p2b: Garchomp|move: Protect\n|move|p2a: Corviknight|Brave Bird|p1b: Flutter Mane\n|-activate|p1b: Flutter Mane|move: Protect\n|\n|upkeep\n|turn|3\n|\n|t:|1683006113\n|-end|p1b: Flutter Mane|Protosynthesis|[silent]\n|switch|p1b: Frostbite|Chien-Pao, L50|100\/100\n|-ability|p1b: Frostbite|Sword of Ruin\n|move|p1a: Comet|Extreme Speed|p2b: Garchomp\n|-resisted|p2b: Garchomp\n|-damage|p2b: Garchomp|18\/100\n|move|p2b: Garchomp|Rock Slide|p1b: Frostbite|[spread] p1b\n|-miss|p2b: Garchomp|p1a: Comet\n|-supereffective|p1b: Frostbite\n|-enditem|p1b: Frostbite|Focus Sash\n|-damage|p1b: Frostbite|1\/100\n|move|p2a: Corviknight|Brave Bird|p1a: Comet\n|-damage|p1a: Comet|67\/100\n|-damage|p2a: Corviknight|42\/100|[from] Recoil\n|\n|upkeep\n|turn|4\n|\n|t:|1683006133\n|switch|p2a: Tyranitar|Tyranitar, L50, M|100\/100\n|-weather|Sandstorm|[from] ability: Sand Stream|[of] p2a: Tyranitar\n|move|p2b: Garchomp|Protect|p2b: Garchomp\n|-singleturn|p2b: Garchomp|Protect\n|move|p1a: Comet|Extreme Speed|p2b: Garchomp\n|-activate|p2b: Garchomp|move: Protect\n|move|p1b: Frostbite|Ice Spinner|p2a: Tyranitar\n|-damage|p2a: Tyranitar|59\/100\n|\n|-weather|Sandstorm|[upkeep]\n|-damage|p1b: Frostbite|0 fnt|[from] Sandstorm\n|-damage|p1a: Comet|61\/100|[from] Sandstorm\n|faint|p1b: Frostbite\n|-sideend|p2: CblonVGC|move: Tailwind\n|upkeep\n|\n|t:|1683006141\n|switch|p1b: Wildfire|Arcanine, L50, M|100\/100\n|-ability|p1b: Wildfire|Intimidate|boost\n|-unboost|p2a: Tyranitar|atk|1\n|-unboost|p2b: Garchomp|atk|1\n|turn|5\n|inactive|SlushiW has 30 seconds left.\n|\n|t:|1683006169\n|-terastallize|p1b: Wildfire|Grass\n|move|p1a: Comet|Extreme Speed|p2b: Garchomp\n|-resisted|p2b: Garchomp\n|-damage|p2b: Garchomp|3\/100\n|move|p2b: Garchomp|Rock Slide|p1a: Comet|[spread] p1a,p1b\n|-supereffective|p1a: Comet\n|-damage|p1a: Comet|0 fnt\n|-damage|p1b: Wildfire|72\/100\n|faint|p1a: Comet\n|move|p1b: Wildfire|Will-O-Wisp|p2a: Tyranitar\n|-status|p2a: Tyranitar|brn\n|move|p2a: Tyranitar|Rock Slide|p1b: Wildfire|[miss]\n|-miss|p2a: Tyranitar|p1b: Wildfire\n|\n|-weather|Sandstorm|[upkeep]\n|-damage|p2a: Tyranitar|54\/100 brn|[from] brn\n|upkeep\n|\n|t:|1683006181\n|switch|p1a: Flutter Mane|Flutter Mane, L50|100\/100\n|turn|6\n|j| Tilzie\n|\n|t:|1683006185\n|move|p1b: Wildfire|Extreme Speed|p2b: Garchomp|[miss]\n|-miss|p1b: Wildfire|p2b: Garchomp\n|move|p1a: Flutter Mane|Moonblast|p2a: Tyranitar\n|-supereffective|p2a: Tyranitar\n|-damage|p2a: Tyranitar|10\/100 brn\n|-unboost|p2a: Tyranitar|spa|1\n|move|p2b: Garchomp|Rock Slide|p1a: Flutter Mane|[spread] p1a,p1b\n|-damage|p1a: Flutter Mane|52\/100\n|-damage|p1b: Wildfire|46\/100\n|move|p2a: Tyranitar|Rock Slide|p1b: Wildfire|[spread] p1a\n|-miss|p2a: Tyranitar|p1b: Wildfire\n|-crit|p1a: Flutter Mane\n|-damage|p1a: Flutter Mane|10\/100\n|\n|-weather|Sandstorm|[upkeep]\n|-damage|p1a: Flutter Mane|4\/100|[from] Sandstorm\n|-damage|p2a: Tyranitar|4\/100 brn|[from] brn\n|upkeep\n|turn|7\n|\n|t:|1683006199\n|move|p2b: Garchomp|Protect|p2b: Garchomp\n|-singleturn|p2b: Garchomp|Protect\n|move|p1a: Flutter Mane|Dazzling Gleam|p2b: Garchomp|[spread] p2a\n|-activate|p2b: Garchomp|move: Protect\n|-supereffective|p2a: Tyranitar\n|-damage|p2a: Tyranitar|0 fnt\n|faint|p2a: Tyranitar\n|move|p1b: Wildfire|Howl|p1b: Wildfire|[spread] p1a,p1b\n|-boost|p1a: Flutter Mane|atk|1\n|-boost|p1b: Wildfire|atk|1\n|\n|-weather|Sandstorm|[upkeep]\n|-damage|p1a: Flutter Mane|0 fnt|[from] Sandstorm\n|faint|p1a: Flutter Mane\n|-end|p1a: Flutter Mane|Protosynthesis|[silent]\n|upkeep\n|\n|t:|1683006201\n|switch|p2a: Corviknight|Corviknight, L50, F|42\/100\n|turn|8\n|\n|t:|1683006205\n|move|p2b: Garchomp|Earthquake|p1b: Wildfire|[spread] p1b\n|-immune|p2a: Corviknight\n|-resisted|p1b: Wildfire\n|-damage|p1b: Wildfire|19\/100\n|move|p1b: Wildfire|Flare Blitz|p2a: Corviknight\n|-supereffective|p2a: Corviknight\n|-damage|p2a: Corviknight|0 fnt\n|faint|p2a: Corviknight\n|-damage|p1b: Wildfire|5\/100|[from] Recoil\n|\n|-weather|none\n|upkeep\n|c|\u2606CblonVGC|ggez\n|\n|t:|1683006211\n|switch|p2a: Rotom|Rotom-Wash, L50|100\/100\n|turn|9\n|\n|t:|1683006214\n|move|p1b: Wildfire|Extreme Speed|p2b: Garchomp\n|-resisted|p2b: Garchomp\n|-damage|p2b: Garchomp|0 fnt\n|faint|p2b: Garchomp\n|move|p2a: Rotom|Thunderbolt|p1b: Wildfire\n|-resisted|p1b: Wildfire\n|-damage|p1b: Wildfire|0 fnt\n|faint|p1b: Wildfire\n|-damage|p2a: Rotom|91\/100|[from] item: Life Orb\n|\n|win|CblonVGC\n","uploadtime":1683006033,"views":10,"p1id":"slushiw","p2id":"cblonvgc","formatid":"gen9vgc2023regulationc","rating":0,"private":0,"password":""}