{"id":"gen9vgc2023regulationc-1846818669","p1":"ExcelSheet","p2":"Brrxdley","format":"[Gen 9] VGC 2023 Regulation C","log":"|j|\u2606ExcelSheet\n|j|\u2606Brrxdley\n|t:|1681884883\n|gametype|doubles\n|player|p1|ExcelSheet|hilbert-wonderlauncher|1067\n|player|p2|Brrxdley|lucas-gen4pt|1018\n|teamsize|p1|6\n|teamsize|p2|6\n|gen|9\n|tier|[Gen 9] VGC 2023 Regulation C\n|rated|\n|rule|Species Clause: Limit one of each Pok\u00e9mon\n|rule|Item Clause: Limit one of each item\n|clearpoke\n|poke|p1|Flutter Mane, L50|\n|poke|p1|Great Tusk, L50|\n|poke|p1|Scizor, L50, F|\n|poke|p1|Corviknight, L50, M|\n|poke|p1|Chi-Yu, L50|\n|poke|p1|Iron Bundle, L50|\n|poke|p2|Lilligant, L50, F|\n|poke|p2|Torkoal, L50, M|\n|poke|p2|Flutter Mane, L50|\n|poke|p2|Kingambit, L50, M|\n|poke|p2|Dragonite, L50, F|\n|poke|p2|Great Tusk, L50|\n|teampreview|4\n|inactive|Battle timer is ON: inactive players will automatically lose when time's up. (requested by ExcelSheet)\nExcelSheet has agreed to open team sheets.\n|j| Godly bird_GB\n|inactive|ExcelSheet has 60 seconds left.\n|inactive|Brrxdley has 60 seconds left.\n|j| Tessera\n|c| Tessera|abdullah\n|inactive|ExcelSheet has 30 seconds left.\n|inactive|Brrxdley has 30 seconds left.\n|c| Godly bird_GB|naaaaaaaaaa\n|inactive|ExcelSheet has 20 seconds left.\n|inactive|Brrxdley has 20 seconds left.\n|inactive|ExcelSheet has 15 seconds left.\n|inactive|Brrxdley has 15 seconds left.\n|inactive|ExcelSheet has 10 seconds left.\n|inactive|Brrxdley has 10 seconds left.\n|inactive|ExcelSheet has 5 seconds left.\n|\n|t:|1681884973\n|start\n|switch|p1a: Chi-Yu|Chi-Yu, L50|100\/100\n|switch|p1b: Great Tusk|Great Tusk, L50|100\/100\n|switch|p2a: Lilligant|Lilligant, L50, F|100\/100\n|switch|p2b: Torkoal|Torkoal, L50, M, shiny|100\/100\n|-ability|p1a: Chi-Yu|Beads of Ruin\n|-weather|SunnyDay|[from] ability: Drought|[of] p2b: Torkoal\n|-activate|p1b: Great Tusk|ability: Protosynthesis\n|-start|p1b: Great Tusk|protosynthesisatk\n|turn|1\n|inactive|Brrxdley has 30 seconds left.\n|inactive|Brrxdley has 20 seconds left.\n|\n|t:|1681885012\n|move|p1a: Chi-Yu|Protect|p1a: Chi-Yu\n|-singleturn|p1a: Chi-Yu|Protect\n|move|p2b: Torkoal|Protect|p2b: Torkoal\n|-singleturn|p2b: Torkoal|Protect\n|move|p2a: Lilligant|Sleep Powder|p1b: Great Tusk|[miss]\n|-miss|p2a: Lilligant|p1b: Great Tusk\n|move|p1b: Great Tusk|Earthquake|p2b: Torkoal|[spread] p2a\n|-activate|p1a: Chi-Yu|move: Protect\n|-activate|p2b: Torkoal|move: Protect\n|-resisted|p2a: Lilligant\n|-damage|p2a: Lilligant|59\/100\n|\n|-weather|SunnyDay|[upkeep]\n|upkeep\n|turn|2\n|inactive|Brrxdley has 30 seconds left.\n|inactive|Brrxdley has 20 seconds left.\n|\n|t:|1681885047\n|switch|p2b: Dragonite|Dragonite, L50, F|100\/100\n|move|p2a: Lilligant|Sleep Powder|p1b: Great Tusk\n|-status|p1b: Great Tusk|slp|[from] move: Sleep Powder\n|cant|p1b: Great Tusk|slp\n|move|p1a: Chi-Yu|Heat Wave|p2a: Lilligant|[spread] p2a,p2b\n|-supereffective|p2a: Lilligant\n|-resisted|p2b: Dragonite\n|-damage|p2a: Lilligant|0 fnt\n|-damage|p2b: Dragonite|80\/100\n|faint|p2a: Lilligant\n|\n|-weather|SunnyDay|[upkeep]\n|upkeep\n|inactive|Brrxdley has 30 seconds left.\n|\n|t:|1681885075\n|switch|p2a: Great Tusk|Great Tusk, L50, shiny|100\/100\n|-activate|p2a: Great Tusk|ability: Protosynthesis\n|-start|p2a: Great Tusk|protosynthesisatk\n|turn|3\n|inactive|ExcelSheet has 30 seconds left.\n|inactive|Brrxdley has 30 seconds left.\n|inactive|Brrxdley has 20 seconds left.\n|inactive|Brrxdley has 15 seconds left.\n|c| Godly bird_GB|Jag heter inte Bob\n|\n|t:|1681885117\n|-terastallize|p1a: Chi-Yu|Grass\n|-terastallize|p2b: Dragonite|Flying\n|move|p2a: Great Tusk|Headlong Rush|p1b: Great Tusk\n|-damage|p1b: Great Tusk|40\/100 slp\n|-unboost|p2a: Great Tusk|def|1\n|-unboost|p2a: Great Tusk|spd|1\n|cant|p1b: Great Tusk|slp\n|move|p1a: Chi-Yu|Overheat|p2a: Great Tusk\n|-damage|p2a: Great Tusk|0 fnt\n|-unboost|p1a: Chi-Yu|spa|2\n|faint|p2a: Great Tusk\n|-end|p2a: Great Tusk|Protosynthesis|[silent]\n|move|p2b: Dragonite|Tera Blast|p1a: Chi-Yu\n|-supereffective|p1a: Chi-Yu\n|-damage|p1a: Chi-Yu|0 fnt\n|faint|p1a: Chi-Yu\n|\n|-weather|SunnyDay|[upkeep]\n|upkeep\n|inactive|Brrxdley has 30 seconds left.\n|\n|t:|1681885144\n|switch|p2a: Torkoal|Torkoal, L50, M, shiny|100\/100\n|switch|p1a: Iron Bundle|Iron Bundle, L50|100\/100\n|-enditem|p1a: Iron Bundle|Booster Energy\n|-activate|p1a: Iron Bundle|ability: Quark Drive|[fromitem]\n|-start|p1a: Iron Bundle|quarkdrivespe\n|turn|4\n|inactive|Brrxdley has 30 seconds left.\n|inactive|Brrxdley has 20 seconds left.\n|\n|t:|1681885179\n|cant|p1b: Great Tusk|slp\n|move|p2a: Torkoal|Protect|p2a: Torkoal\n|-singleturn|p2a: Torkoal|Protect\n|move|p1a: Iron Bundle|Icy Wind|p2a: Torkoal|[spread] p2b\n|-activate|p2a: Torkoal|move: Protect\n|-supereffective|p2b: Dragonite\n|-damage|p2b: Dragonite|39\/100\n|-unboost|p2b: Dragonite|spe|1\n|move|p2b: Dragonite|Tera Blast|p1b: Great Tusk\n|-supereffective|p1b: Great Tusk\n|-damage|p1b: Great Tusk|0 fnt\n|faint|p1b: Great Tusk\n|-end|p1b: Great Tusk|Protosynthesis|[silent]\n|\n|-weather|SunnyDay|[upkeep]\n|upkeep\n|\n|t:|1681885192\n|switch|p1b: Flutter Mane|Flutter Mane, L50|100\/100\n|-activate|p1b: Flutter Mane|ability: Protosynthesis\n|-start|p1b: Flutter Mane|protosynthesisspe\n|turn|5\n|\n|t:|1681885216\n|move|p1a: Iron Bundle|Encore|p2a: Torkoal\n|-start|p2a: Torkoal|Encore\n|move|p1b: Flutter Mane|Moonblast|p2b: Dragonite\n|-damage|p2b: Dragonite|0 fnt\n|faint|p2b: Dragonite\n|-damage|p1b: Flutter Mane|91\/100|[from] item: Life Orb\n|move|p2a: Torkoal|Protect||[still]\n|-fail|p2a: Torkoal\n|\n|-weather|none\n|-end|p1b: Flutter Mane|Protosynthesis\n|upkeep\n|turn|6\n|-message|Brrxdley forfeited.\n|\n|win|ExcelSheet\n|raw|ExcelSheet's rating: 1067 → 1093<\/strong> (+26 for winning)\n|raw|Brrxdley's rating: 1018 → 1007<\/strong> (-11 for losing)\n|l|\u2606Brrxdley\n","uploadtime":1681885232,"views":8,"p1id":"excelsheet","p2id":"brrxdley","formatid":"gen9vgc2023regulationc","rating":1007,"private":0,"password":""}