{"id":"gen9vgc2023regulationc-1852640193","p1":"Ytterby","p2":"kkkdddsss","format":"[Gen 9] VGC 2023 Regulation C","log":"|j|\u2606Ytterby\n|j|\u2606kkkdddsss\n|t:|1682589655\n|gametype|doubles\n|player|p1|Ytterby|brycenman|1156\n|player|p2|kkkdddsss|266|1247\n|teamsize|p1|6\n|teamsize|p2|6\n|gen|9\n|tier|[Gen 9] VGC 2023 Regulation C\n|rated|\n|rule|Species Clause: Limit one of each Pok\u00e9mon\n|rule|Item Clause: Limit one of each item\n|clearpoke\n|poke|p1|Flutter Mane, L50|\n|poke|p1|Arcanine, L50, F|\n|poke|p1|Torkoal, L50, F|\n|poke|p1|Great Tusk, L50|\n|poke|p1|Indeedee-F, L50, F|\n|poke|p1|Talonflame, L50, M|\n|poke|p2|Torkoal, L50, M|\n|poke|p2|Flutter Mane, L50|\n|poke|p2|Great Tusk, L50|\n|poke|p2|Jumpluff, L50, F|\n|poke|p2|Chi-Yu, L50|\n|poke|p2|Roaring Moon, L50|\n|teampreview|4\n|\n|t:|1682589696\n|start\n|switch|p1a: Great Tusk|Great Tusk, L50|100\/100\n|switch|p1b: Talonflame|Talonflame, L50, M|100\/100\n|switch|p2a: Roaring Moon|Roaring Moon, L50|100\/100\n|switch|p2b: Jumpluff|Jumpluff, L50, F|100\/100\n|-enditem|p2a: Roaring Moon|Booster Energy\n|-activate|p2a: Roaring Moon|ability: Protosynthesis|[fromitem]\n|-start|p2a: Roaring Moon|protosynthesisatk\n|turn|1\n|\n|t:|1682589730\n|-terastallize|p2a: Roaring Moon|Flying\n|-terastallize|p1a: Great Tusk|Ground\n|move|p1b: Talonflame|Brave Bird|p2b: Jumpluff\n|-supereffective|p2b: Jumpluff\n|-damage|p2b: Jumpluff|0 fnt\n|faint|p2b: Jumpluff\n|-damage|p1b: Talonflame|64\/100|[from] Recoil\n|move|p2a: Roaring Moon|Dragon Dance|p2a: Roaring Moon\n|-boost|p2a: Roaring Moon|atk|1\n|-boost|p2a: Roaring Moon|spe|1\n|move|p1a: Great Tusk|Rock Slide|p2a: Roaring Moon\n|-supereffective|p2a: Roaring Moon\n|-damage|p2a: Roaring Moon|28\/100\n|\n|upkeep\n|\n|t:|1682589746\n|switch|p2b: Flutter Mane|Flutter Mane, L50|100\/100\n|turn|2\n|\n|t:|1682589766\n|move|p2a: Roaring Moon|Rock Slide|p1a: Great Tusk|[spread] p1a,p1b\n|-resisted|p1a: Great Tusk\n|-supereffective|p1b: Talonflame\n|-damage|p1a: Great Tusk|85\/100\n|-damage|p1b: Talonflame|0 fnt\n|faint|p1b: Talonflame\n|move|p2b: Flutter Mane|Dazzling Gleam|p1a: Great Tusk\n|-damage|p1a: Great Tusk|0 fnt\n|faint|p1a: Great Tusk\n|-end|p1a: Great Tusk|Protosynthesis|[silent]\n|\n|upkeep\n|\n|t:|1682589774\n|switch|p1b: Flutter Mane|Flutter Mane, L50|100\/100\n|switch|p1a: Arcanine|Arcanine, L50, F|100\/100\n|-ability|p1a: Arcanine|Intimidate|boost\n|-unboost|p2a: Roaring Moon|atk|1\n|-unboost|p2b: Flutter Mane|atk|1\n|turn|3\n|\n|t:|1682589790\n|-end|p2b: Flutter Mane|Protosynthesis|[silent]\n|switch|p2b: Torkoal|Torkoal, L50, M|100\/100\n|-weather|SunnyDay|[from] ability: Drought|[of] p2b: Torkoal\n|-activate|p1b: Flutter Mane|ability: Protosynthesis\n|-start|p1b: Flutter Mane|protosynthesisspe\n|move|p1b: Flutter Mane|Protect|p1b: Flutter Mane\n|-singleturn|p1b: Flutter Mane|Protect\n|move|p2a: Roaring Moon|Acrobatics|p1b: Flutter Mane\n|-activate|p1b: Flutter Mane|move: Protect\n|move|p1a: Arcanine|Snarl|p2a: Roaring Moon|[spread] p2a,p2b\n|-damage|p2a: Roaring Moon|14\/100\n|-damage|p2b: Torkoal|82\/100\n|-unboost|p2a: Roaring Moon|spa|1\n|-unboost|p2b: Torkoal|spa|1\n|-enditem|p2b: Torkoal|Eject Pack\n|\n|t:|1682589804\n|switch|p2b: Flutter Mane|Flutter Mane, L50|100\/100\n|-activate|p2b: Flutter Mane|ability: Protosynthesis\n|-start|p2b: Flutter Mane|protosynthesisspa\n|\n|-weather|SunnyDay|[upkeep]\n|upkeep\n|turn|4\n|\n|t:|1682589819\n|move|p1b: Flutter Mane|Shadow Ball|p2b: Flutter Mane\n|-supereffective|p2b: Flutter Mane\n|-damage|p2b: Flutter Mane|0 fnt\n|faint|p2b: Flutter Mane\n|-end|p2b: Flutter Mane|Protosynthesis|[silent]\n|-damage|p1b: Flutter Mane|91\/100|[from] item: Life Orb\n|move|p2a: Roaring Moon|Acrobatics|p1b: Flutter Mane\n|-crit|p1b: Flutter Mane\n|-damage|p1b: Flutter Mane|0 fnt\n|faint|p1b: Flutter Mane\n|-end|p1b: Flutter Mane|Protosynthesis|[silent]\n|move|p1a: Arcanine|Snarl|p2a: Roaring Moon\n|-crit|p2a: Roaring Moon\n|-damage|p2a: Roaring Moon|0 fnt\n|faint|p2a: Roaring Moon\n|-end|p2a: Roaring Moon|Protosynthesis|[silent]\n|\n|-weather|SunnyDay|[upkeep]\n|upkeep\n|\n|t:|1682589833\n|switch|p2a: Torkoal|Torkoal, L50, M|82\/100\n|turn|5\n|\n|t:|1682589841\n|move|p1a: Arcanine|Snarl|p2a: Torkoal\n|-damage|p2a: Torkoal|59\/100\n|-unboost|p2a: Torkoal|spa|1\n|move|p2a: Torkoal|Yawn|p1a: Arcanine\n|-start|p1a: Arcanine|move: Yawn|[of] p2a: Torkoal\n|\n|-weather|SunnyDay|[upkeep]\n|upkeep\n|turn|6\n|\n|t:|1682589848\n|move|p2a: Torkoal|Protect|p2a: Torkoal\n|-singleturn|p2a: Torkoal|Protect\n|move|p1a: Arcanine|Snarl|p2a: Torkoal\n|-activate|p2a: Torkoal|move: Protect\n|\n|-weather|SunnyDay|[upkeep]\n|-end|p1a: Arcanine|move: Yawn|[silent]\n|-status|p1a: Arcanine|slp\n|upkeep\n|turn|7\n|\n|t:|1682589856\n|cant|p1a: Arcanine|slp\n|move|p2a: Torkoal|Overheat|p1a: Arcanine\n|-resisted|p1a: Arcanine\n|-damage|p1a: Arcanine|63\/100 slp\n|-unboost|p2a: Torkoal|spa|2\n|\n|-weather|none\n|upkeep\n|turn|8\n|\n|t:|1682589864\n|cant|p1a: Arcanine|slp\n|move|p2a: Torkoal|Overheat|p1a: Arcanine\n|-resisted|p1a: Arcanine\n|-damage|p1a: Arcanine|48\/100 slp\n|-unboost|p2a: Torkoal|spa|2\n|\n|upkeep\n|turn|9\n|inactive|Battle timer is ON: inactive players will automatically lose when time's up. (requested by Ytterby)\n|\n|t:|1682589870\n|-curestatus|p1a: Arcanine|slp|[msg]\n|move|p1a: Arcanine|Snarl|p2a: Torkoal|[miss]\n|-miss|p1a: Arcanine|p2a: Torkoal\n|move|p2a: Torkoal|Overheat|p1a: Arcanine\n|-resisted|p1a: Arcanine\n|-damage|p1a: Arcanine|38\/100\n|-unboost|p2a: Torkoal|spa|1\n|\n|upkeep\n|turn|10\n|\n|t:|1682589880\n|move|p1a: Arcanine|Snarl|p2a: Torkoal\n|-damage|p2a: Torkoal|36\/100\n|move|p2a: Torkoal|Overheat|p1a: Arcanine\n|-resisted|p1a: Arcanine\n|-damage|p1a: Arcanine|29\/100\n|\n|upkeep\n|turn|11\n|\n|t:|1682589892\n|move|p1a: Arcanine|Heat Wave|p2a: Torkoal\n|-resisted|p2a: Torkoal\n|-crit|p2a: Torkoal\n|-damage|p2a: Torkoal|0 fnt\n|faint|p2a: Torkoal\n|\n|win|Ytterby\n|raw|Ytterby's rating: 1156 → 1187<\/strong> (+31 for winning)\n|raw|kkkdddsss's rating: 1247 → 1216<\/strong> (-31 for losing)\n","uploadtime":1682589899,"views":6,"p1id":"ytterby","p2id":"kkkdddsss","formatid":"gen9vgc2023regulationc","rating":1187,"private":0,"password":""}