{"id":"gen9vgc2023regulationc-1846691985","p1":"Sprye0216","p2":"Kosherbeats","format":"[Gen 9] VGC 2023 Regulation C","log":"|j|\u2606Sprye0216\n|j|\u2606Kosherbeats\n|t:|1681866482\n|gametype|doubles\n|player|p1|Sprye0216|skyla|1125\n|player|p2|Kosherbeats|ghetsis|1061\n|teamsize|p1|6\n|teamsize|p2|6\n|gen|9\n|tier|[Gen 9] VGC 2023 Regulation C\n|rated|\n|rule|Species Clause: Limit one of each Pok\u00e9mon\n|rule|Item Clause: Limit one of each item\n|clearpoke\n|poke|p1|Arcanine, L50, M|\n|poke|p1|Flutter Mane, L50|\n|poke|p1|Chien-Pao, L50|\n|poke|p1|Dragapult, L50, M|\n|poke|p1|Amoonguss, L50, F|\n|poke|p1|Palafin, L50, F|\n|poke|p2|Wo-Chien, L50|\n|poke|p2|Ting-Lu, L50|\n|poke|p2|Arcanine, L50, M|\n|poke|p2|Garganacl, L50, M|\n|poke|p2|Gothitelle, L50, M|\n|poke|p2|Scream Tail, L50|\n|teampreview|4\n|\n|t:|1681866507\n|start\n|switch|p1a: Chien-Pao|Chien-Pao, L50|100\/100\n|switch|p1b: Palafin|Palafin, L50, F|100\/100\n|switch|p2a: Wo-Chien|Wo-Chien, L50|100\/100\n|switch|p2b: Garganacl|Garganacl, L50, M, shiny|100\/100\n|-ability|p1a: Chien-Pao|Sword of Ruin\n|-ability|p2a: Wo-Chien|Tablets of Ruin\n|turn|1\n|inactive|Battle timer is ON: inactive players will automatically lose when time's up. (requested by Kosherbeats)\n|\n|t:|1681866527\n|detailschange|p1b: Palafin|Palafin-Hero, L50, F\n|switch|p1b: Dragapult|Dragapult, L50, M|100\/100\n|move|p1a: Chien-Pao|Protect|p1a: Chien-Pao\n|-singleturn|p1a: Chien-Pao|Protect\n|move|p2a: Wo-Chien|Leech Seed|p1b: Dragapult\n|-start|p1b: Dragapult|move: Leech Seed\n|move|p2b: Garganacl|Salt Cure|p1a: Chien-Pao\n|-activate|p1a: Chien-Pao|move: Protect\n|\n|-damage|p1b: Dragapult|88\/100|[from] Leech Seed|[of] p2a: Wo-Chien\n|upkeep\n|turn|2\n|\n|t:|1681866547\n|-terastallize|p1b: Dragapult|Dragon\n|move|p1b: Dragapult|Dragon Darts|p2b: Garganacl\n|-damage|p2b: Garganacl|67\/100\n|-anim|p1b: Dragapult|Dragon Darts|p2a: Wo-Chien\n|-damage|p2a: Wo-Chien|62\/100\n|move|p1a: Chien-Pao|Ice Spinner|p2a: Wo-Chien\n|-supereffective|p2a: Wo-Chien\n|-damage|p2a: Wo-Chien|2\/100\n|move|p2a: Wo-Chien|Pollen Puff|p1a: Chien-Pao\n|-supereffective|p1a: Chien-Pao\n|-damage|p1a: Chien-Pao|36\/100\n|move|p2b: Garganacl|Salt Cure|p1b: Dragapult\n|-damage|p1b: Dragapult|67\/100\n|-start|p1b: Dragapult|Salt Cure\n|\n|-heal|p2a: Wo-Chien|8\/100|[from] item: Leftovers\n|-damage|p1b: Dragapult|55\/100|[from] Leech Seed|[of] p2a: Wo-Chien\n|-heal|p2a: Wo-Chien|18\/100|[silent]\n|-damage|p1b: Dragapult|43\/100|[from] Salt Cure\n|upkeep\n|turn|3\n|\n|t:|1681866570\n|move|p2a: Wo-Chien|Protect|p2a: Wo-Chien\n|-singleturn|p2a: Wo-Chien|Protect\n|move|p1b: Dragapult|Dragon Darts|p2b: Garganacl\n|-damage|p2b: Garganacl|36\/100\n|-enditem|p2b: Garganacl|Sitrus Berry|[eat]\n|-heal|p2b: Garganacl|60\/100|[from] item: Sitrus Berry\n|-anim|p1b: Dragapult|Dragon Darts|p2b: Garganacl\n|-crit|p2b: Garganacl\n|-damage|p2b: Garganacl|9\/100\n|move|p1a: Chien-Pao|Ice Spinner|p2b: Garganacl\n|-damage|p2b: Garganacl|0 fnt\n|faint|p2b: Garganacl\n|\n|-heal|p2a: Wo-Chien|24\/100|[from] item: Leftovers\n|-damage|p1b: Dragapult|31\/100|[from] Leech Seed|[of] p2a: Wo-Chien\n|-heal|p2a: Wo-Chien|35\/100|[silent]\n|-damage|p1b: Dragapult|18\/100|[from] Salt Cure\n|upkeep\n|inactive|Kosherbeats has 30 seconds left.\n|\n|t:|1681866596\n|switch|p2b: Arcanine|Arcanine, L50, M|100\/100\n|-ability|p2b: Arcanine|Intimidate|boost\n|-unboost|p1a: Chien-Pao|atk|1\n|-fail|p1b: Dragapult|unboost|[from] ability: Clear Body|[of] p1b: Dragapult\n|turn|4\n|inactive|Kosherbeats has 30 seconds left.\n|\n|t:|1681866622\n|-terastallize|p2a: Wo-Chien|Fairy\n|move|p1b: Dragapult|Dragon Darts|p2b: Arcanine\n|-damage|p2b: Arcanine|52\/100\n|-anim|p1b: Dragapult|Dragon Darts|p2b: Arcanine\n|-damage|p2b: Arcanine|0 fnt\n|faint|p2b: Arcanine\n|move|p1a: Chien-Pao|Ice Spinner|p2a: Wo-Chien\n|-damage|p2a: Wo-Chien|15\/100\n|move|p2a: Wo-Chien|Pollen Puff|p1b: Dragapult\n|-damage|p1b: Dragapult|0 fnt\n|faint|p1b: Dragapult\n|\n|-heal|p2a: Wo-Chien|21\/100|[from] item: Leftovers\n|upkeep\n|\n|t:|1681866638\n|switch|p1b: Palafin|Palafin-Hero, L50, F|100\/100\n|switch|p2b: Ting-Lu|Ting-Lu, L50|100\/100\n|-activate|p1b: Palafin|ability: Zero to Hero\n|-ability|p2b: Ting-Lu|Vessel of Ruin\n|turn|5\n|\n|t:|1681866654\n|move|p1b: Palafin|Jet Punch|p2a: Wo-Chien\n|-damage|p2a: Wo-Chien|0 fnt\n|faint|p2a: Wo-Chien\n|move|p1a: Chien-Pao|Ice Spinner|p2b: Ting-Lu\n|-supereffective|p2b: Ting-Lu\n|-damage|p2b: Ting-Lu|67\/100\n|move|p2b: Ting-Lu|Fissure|p1b: Palafin\n|-damage|p1b: Palafin|0 fnt\n|faint|p1b: Palafin\n|-ohko\n|\n|upkeep\n|\n|t:|1681866663\n|switch|p1b: Flutter Mane|Flutter Mane, L50|100\/100\n|-enditem|p1b: Flutter Mane|Booster Energy\n|-activate|p1b: Flutter Mane|ability: Protosynthesis|[fromitem]\n|-start|p1b: Flutter Mane|protosynthesisspe\n|turn|6\n|-message|Kosherbeats forfeited.\n|\n|win|Sprye0216\n|raw|Sprye0216's rating: 1125 → 1145<\/strong> (+20 for winning)\n|raw|Kosherbeats's rating: 1061 → 1045<\/strong> (-16 for losing)\n|l|\u2606Kosherbeats\n","uploadtime":1681866670,"views":8,"p1id":"sprye0216","p2id":"kosherbeats","formatid":"gen9vgc2023regulationc","rating":1045,"private":0,"password":""}