{"id":"gen9vgc2023regulationc-1847945781","p1":"Alexis_student","p2":"Drayagedrag0","format":"[Gen 9] VGC 2023 Regulation C","log":"|j|\u2606Alexis_student\n|j|\u2606Drayagedrag0\n|t:|1682014822\n|gametype|doubles\n|player|p1|Alexis_student|1|1269\n|player|p2|Drayagedrag0|102|1187\n|teamsize|p1|6\n|teamsize|p2|6\n|gen|9\n|tier|[Gen 9] VGC 2023 Regulation C\n|rated|\n|rule|Species Clause: Limit one of each Pok\u00e9mon\n|rule|Item Clause: Limit one of each item\n|clearpoke\n|poke|p1|Dondozo, L50, M|\n|poke|p1|Tatsugiri, L50, M|\n|poke|p1|Glimmora, L50, F|\n|poke|p1|Iron Bundle, L50|\n|poke|p1|Dragonite, L50, F|\n|poke|p1|Chi-Yu, L50|\n|poke|p2|Sylveon, L50, F|\n|poke|p2|Chi-Yu, L50|\n|poke|p2|Murkrow, L50, F|\n|poke|p2|Great Tusk, L50|\n|poke|p2|Gholdengo, L50|\n|poke|p2|Iron Hands, L50|\n|teampreview|4\n|\n|t:|1682014852\n|start\n|switch|p1a: Chi-Yu|Chi-Yu, L50|100\/100\n|switch|p1b: Iron Bundle|Iron Bundle, L50|100\/100\n|switch|p2a: Sumo|Iron Hands, L50|100\/100\n|switch|p2b: Nickel|Gholdengo, L50|100\/100\n|-ability|p1a: Chi-Yu|Beads of Ruin\n|-enditem|p1b: Iron Bundle|Booster Energy\n|-activate|p1b: Iron Bundle|ability: Quark Drive|[fromitem]\n|-start|p1b: Iron Bundle|quarkdrivespe\n|turn|1\n|\n|t:|1682014905\n|-terastallize|p1a: Chi-Yu|Ghost\n|-terastallize|p2b: Nickel|Water\n|move|p2a: Sumo|Fake Out|p1b: Iron Bundle\n|-damage|p1b: Iron Bundle|81\/100\n|cant|p1b: Iron Bundle|flinch\n|move|p1a: Chi-Yu|Heat Wave|p2b: Nickel|[spread] p2a,p2b\n|-resisted|p2b: Nickel\n|-damage|p2a: Sumo|74\/100\n|-damage|p2b: Nickel|77\/100\n|move|p2b: Nickel|Shadow Ball|p1b: Iron Bundle\n|-damage|p1b: Iron Bundle|0 fnt\n|faint|p1b: Iron Bundle\n|-end|p1b: Iron Bundle|Quark Drive|[silent]\n|-damage|p2b: Nickel|68\/100|[from] item: Life Orb\n|\n|upkeep\n|\n|t:|1682014929\n|switch|p1b: Tatsugiri|Tatsugiri, L50, M|100\/100\n|turn|2\n|\n|t:|1682014943\n|move|p2b: Nickel|Protect|p2b: Nickel\n|-singleturn|p2b: Nickel|Protect\n|move|p1b: Tatsugiri|Muddy Water|p2a: Sumo|[spread] p2a\n|-activate|p2b: Nickel|move: Protect\n|-damage|p2a: Sumo|50\/100\n|move|p1a: Chi-Yu|Overheat|p2a: Sumo\n|-damage|p2a: Sumo|4\/100\n|-unboost|p1a: Chi-Yu|spa|2\n|move|p2a: Sumo|Wild Charge|p1a: Chi-Yu\n|-damage|p1a: Chi-Yu|15\/100\n|-damage|p2a: Sumo|0 fnt|[from] Recoil\n|faint|p2a: Sumo\n|-end|p2a: Sumo|Quark Drive|[silent]\n|\n|upkeep\n|\n|t:|1682014960\n|switch|p2a: Tweakers|Murkrow, L50, F|100\/100\n|turn|3\n|\n|t:|1682014977\n|move|p2a: Tweakers|Tailwind|p2a: Tweakers\n|-sidestart|p2: Drayagedrag0|move: Tailwind\n|move|p1b: Tatsugiri|Muddy Water|p2b: Nickel|[spread] p2a,p2b\n|-resisted|p2b: Nickel\n|-damage|p2a: Tweakers|53\/100\n|-damage|p2b: Nickel|45\/100\n|-unboost|p2a: Tweakers|accuracy|1\n|move|p2b: Nickel|Make It Rain|p1b: Tatsugiri|[spread] p1a,p1b\n|-resisted|p1b: Tatsugiri\n|-damage|p1a: Chi-Yu|0 fnt\n|-damage|p1b: Tatsugiri|46\/100\n|-unboost|p2b: Nickel|spa|1\n|faint|p1a: Chi-Yu\n|-damage|p2b: Nickel|35\/100|[from] item: Life Orb\n|\n|upkeep\n|\n|t:|1682014992\n|switch|p1a: Dondozo|Dondozo, L50, M|100\/100\n|-activate|p1b: Tatsugiri|ability: Commander|[of] p1a: Dondozo\n|-boost|p1a: Dondozo|atk|2\n|-boost|p1a: Dondozo|spa|2\n|-boost|p1a: Dondozo|spe|2\n|-boost|p1a: Dondozo|def|2\n|-boost|p1a: Dondozo|spd|2\n|turn|4\n|\n|t:|1682015005\n|move|p2a: Tweakers|Haze|p2a: Tweakers\n|-clearallboost\n|move|p2b: Nickel|Nasty Plot|p2b: Nickel\n|-boost|p2b: Nickel|spa|2\n|move|p1a: Dondozo|Wave Crash|p2b: Nickel\n|-resisted|p2b: Nickel\n|-damage|p2b: Nickel|11\/100\n|-damage|p1a: Dondozo|94\/100|[from] Recoil\n|\n|-heal|p1a: Dondozo|99\/100|[from] item: Leftovers\n|upkeep\n|turn|5\n|\n|t:|1682015020\n|move|p2a: Tweakers|Sunny Day|p2a: Tweakers\n|-weather|SunnyDay\n|move|p2b: Nickel|Shadow Ball|p1a: Dondozo\n|-damage|p1a: Dondozo|0 fnt\n|faint|p1a: Dondozo\n|-damage|p2b: Nickel|2\/100|[from] item: Life Orb\n|\n|-weather|SunnyDay|[upkeep]\n|upkeep\n|turn|6\n|\n|t:|1682015035\n|move|p2a: Tweakers|Foul Play|p1b: Tatsugiri\n|-damage|p1b: Tatsugiri|14\/100\n|move|p1b: Tatsugiri|Muddy Water|p2a: Tweakers|[spread] p2a,p2b\n|-resisted|p2b: Nickel\n|-crit|p2b: Nickel\n|-damage|p2a: Tweakers|35\/100\n|-damage|p2b: Nickel|0 fnt\n|faint|p2b: Nickel\n|\n|-weather|SunnyDay|[upkeep]\n|-sideend|p2: Drayagedrag0|move: Tailwind\n|upkeep\n|\n|t:|1682015040\n|switch|p2b: Darwin|Chi-Yu, L50|100\/100\n|-ability|p2b: Darwin|Beads of Ruin\n|turn|7\n|\n|t:|1682015048\n|move|p1b: Tatsugiri|Muddy Water|p2a: Tweakers|[spread] p2a,p2b\n|-supereffective|p2b: Darwin\n|-damage|p2a: Tweakers|13\/100\n|-damage|p2b: Darwin|70\/100\n|-unboost|p2a: Tweakers|accuracy|1\n|-unboost|p2b: Darwin|accuracy|1\n|move|p2b: Darwin|Dark Pulse|p1b: Tatsugiri\n|-damage|p1b: Tatsugiri|0 fnt\n|faint|p1b: Tatsugiri\n|\n|win|Drayagedrag0\n|raw|Alexis_student's rating: 1269 → 1238<\/strong> (-31 for losing)\n|raw|Drayagedrag0's rating: 1187 → 1218<\/strong> (+31 for winning)\n","uploadtime":1682015062,"views":11,"p1id":"alexisstudent","p2id":"drayagedrag0","formatid":"gen9vgc2023regulationc","rating":1218,"private":0,"password":""}