{"id":"gen9vgc2023regulationc-1846641830","p1":"CbuttyVGC","p2":"Whade","format":"[Gen 9] VGC 2023 Regulation C","log":"|j|\u2606CbuttyVGC\n|j|\u2606Whade\n|t:|1681860576\n|gametype|doubles\n|player|p1|CbuttyVGC|acetrainer-gen4dp|1140\n|player|p2|Whade|2|1167\n|teamsize|p1|6\n|teamsize|p2|6\n|gen|9\n|tier|[Gen 9] VGC 2023 Regulation C\n|rated|\n|rule|Species Clause: Limit one of each Pok\u00e9mon\n|rule|Item Clause: Limit one of each item\n|clearpoke\n|poke|p1|Ceruledge, L50, M|\n|poke|p1|Scream Tail, L50|\n|poke|p1|Gyarados, L50, F|\n|poke|p1|Chien-Pao, L50|\n|poke|p1|Flutter Mane, L50|\n|poke|p1|Amoonguss, L50, M|\n|poke|p2|Chi-Yu, L50|\n|poke|p2|Flutter Mane, L50|\n|poke|p2|Farigiraf, L50, F|\n|poke|p2|Amoonguss, L50, M|\n|poke|p2|Scizor, L50, M|\n|poke|p2|Rotom-Wash, L50|\n|teampreview|4\n|inactive|Battle timer is ON: inactive players will automatically lose when time's up. (requested by Whade)\n|inactive|CbuttyVGC also wants the timer to be on.\nCbuttyVGC has agreed to open team sheets.\n|inactive|CbuttyVGC has 60 seconds left.\n|inactive|Whade has 60 seconds left.\n|inactive|CbuttyVGC has 30 seconds left.\n|\n|t:|1681860646\n|start\n|switch|p1a: Scream Tail|Scream Tail, L50, shiny|100\/100\n|switch|p1b: Gyarados|Gyarados, L50, F, shiny|100\/100\n|switch|p2a: Scizor|Scizor, L50, M, shiny|100\/100\n|switch|p2b: Farigiraf|Farigiraf, L50, F|100\/100\n|-ability|p1b: Gyarados|Intimidate|boost\n|-unboost|p2a: Scizor|atk|1\n|-unboost|p2b: Farigiraf|atk|1\n|-enditem|p1a: Scream Tail|Booster Energy\n|-activate|p1a: Scream Tail|ability: Protosynthesis|[fromitem]\n|-start|p1a: Scream Tail|protosynthesisspe\n|turn|1\n|\n|t:|1681860668\n|-terastallize|p1a: Scream Tail|Steel\n|move|p2a: Scizor|Bullet Punch|p1a: Scream Tail\n|-resisted|p1a: Scream Tail\n|-damage|p1a: Scream Tail|87\/100\n|move|p1a: Scream Tail|Thunder Wave|p2a: Scizor\n|-status|p2a: Scizor|par\n|move|p1b: Gyarados|Taunt|p2b: Farigiraf\n|-start|p2b: Farigiraf|move: Taunt\n|move|p2b: Farigiraf|Psychic|p1b: Gyarados\n|-damage|p1b: Gyarados|60\/100\n|\n|upkeep\n|turn|2\n|inactive|Whade has 30 seconds left.\n|\n|t:|1681860696\n|cant|p2a: Scizor|par\n|move|p1a: Scream Tail|Howl|p1a: Scream Tail|[spread] p1a,p1b\n|-boost|p1a: Scream Tail|atk|1\n|-boost|p1b: Gyarados|atk|1\n|move|p1b: Gyarados|Waterfall|p2b: Farigiraf\n|-damage|p2b: Farigiraf|35\/100\n|cant|p2b: Farigiraf|flinch\n|\n|upkeep\n|turn|3\n|\n|t:|1681860715\n|switch|p2b: Rotom|Rotom-Wash, L50|100\/100\n|switch|p2a: Chi-Yu|Chi-Yu, L50|100\/100\n|-ability|p2a: Chi-Yu|Beads of Ruin\n|move|p1a: Scream Tail|Howl|p1a: Scream Tail|[spread] p1a,p1b\n|-boost|p1a: Scream Tail|atk|1\n|-boost|p1b: Gyarados|atk|1\n|move|p1b: Gyarados|Waterfall|p2b: Rotom\n|-resisted|p2b: Rotom\n|-damage|p2b: Rotom|55\/100\n|\n|upkeep\n|turn|4\n|\n|t:|1681860737\n|move|p1b: Gyarados|Protect|p1b: Gyarados\n|-singleturn|p1b: Gyarados|Protect\n|move|p1a: Scream Tail|Thunder Wave|p2a: Chi-Yu\n|-status|p2a: Chi-Yu|par\n|move|p2b: Rotom|Thunder|p1b: Gyarados\n|-activate|p1b: Gyarados|move: Protect\n|move|p2a: Chi-Yu|Heat Wave|p1b: Gyarados|[spread] p1a\n|-activate|p1b: Gyarados|move: Protect\n|-supereffective|p1a: Scream Tail\n|-damage|p1a: Scream Tail|13\/100\n|\n|upkeep\n|turn|5\n|\n|t:|1681860752\n|move|p1a: Scream Tail|Howl|p1a: Scream Tail|[spread] p1a,p1b\n|-boost|p1a: Scream Tail|atk|1\n|-boost|p1b: Gyarados|atk|1\n|move|p2b: Rotom|Thunder|p1b: Gyarados|[miss]\n|-miss|p2b: Rotom|p1b: Gyarados\n|move|p1b: Gyarados|Waterfall|p2b: Rotom\n|-resisted|p2b: Rotom\n|-damage|p2b: Rotom|3\/100\n|move|p2a: Chi-Yu|Heat Wave|p1a: Scream Tail|[spread] p1a,p1b\n|-supereffective|p1a: Scream Tail\n|-resisted|p1b: Gyarados\n|-crit|p1b: Gyarados\n|-damage|p1a: Scream Tail|0 fnt\n|-damage|p1b: Gyarados|27\/100\n|faint|p1a: Scream Tail\n|-end|p1a: Scream Tail|Protosynthesis|[silent]\n|\n|upkeep\n|\n|t:|1681860764\n|switch|p1a: Ceruledge|Ceruledge, L50, M|100\/100\n|turn|6\n|\n|t:|1681860771\n|move|p2b: Rotom|Protect|p2b: Rotom\n|-singleturn|p2b: Rotom|Protect\n|move|p1a: Ceruledge|Shadow Sneak|p2b: Rotom\n|-activate|p2b: Rotom|move: Protect\n|move|p1b: Gyarados|Waterfall|p2a: Chi-Yu\n|-supereffective|p2a: Chi-Yu\n|-enditem|p2a: Chi-Yu|Focus Sash\n|-damage|p2a: Chi-Yu|1\/100 par\n|move|p2a: Chi-Yu|Dark Pulse|p1a: Ceruledge\n|-supereffective|p1a: Ceruledge\n|-damage|p1a: Ceruledge|21\/100\n|\n|upkeep\n|turn|7\n|\n|t:|1681860793\n|switch|p1b: Amoonguss|Amoonguss, L50, M|100\/100\n|switch|p2b: Farigiraf|Farigiraf, L50, F|35\/100\n|move|p2a: Chi-Yu|Protect|p2a: Chi-Yu\n|-singleturn|p2a: Chi-Yu|Protect\n|move|p1a: Ceruledge|Bitter Blade|p2b: Farigiraf\n|-damage|p2b: Farigiraf|0 fnt\n|-heal|p1a: Ceruledge|41\/100|[from] drain|[of] p2b: Farigiraf\n|faint|p2b: Farigiraf\n|\n|upkeep\n|c|\u2606CbuttyVGC|get read\n|\n|t:|1681860806\n|switch|p2b: Scizor|Scizor, L50, M, shiny|100\/100 par\n|turn|8\n|inactive|CbuttyVGC has 30 seconds left.\n|\n|t:|1681860834\n|move|p1b: Amoonguss|Rage Powder|p1b: Amoonguss\n|-singleturn|p1b: Amoonguss|move: Rage Powder\n|move|p1a: Ceruledge|Bitter Blade|p2b: Scizor\n|-supereffective|p2b: Scizor\n|-damage|p2b: Scizor|0 fnt\n|-heal|p1a: Ceruledge|85\/100|[from] drain|[of] p2b: Scizor\n|faint|p2b: Scizor\n|cant|p2a: Chi-Yu|par\n|\n|upkeep\n|\n|t:|1681860842\n|switch|p2b: Rotom|Rotom-Wash, L50|3\/100\n|turn|9\n|c|\u2606Whade|gg\n|c|\u2606CbuttyVGC|gg\n|\n|t:|1681860854\n|-terastallize|p2b: Rotom|Electric\n|move|p1a: Ceruledge|Shadow Sneak|p2b: Rotom\n|-crit|p2b: Rotom\n|-damage|p2b: Rotom|0 fnt\n|faint|p2b: Rotom\n|cant|p2a: Chi-Yu|par\n|move|p1b: Amoonguss|Pollen Puff|p2a: Chi-Yu\n|-damage|p2a: Chi-Yu|0 fnt\n|faint|p2a: Chi-Yu\n|\n|win|CbuttyVGC\n|raw|CbuttyVGC's rating: 1140 → 1167<\/strong> (+27 for winning)\n|raw|Whade's rating: 1167 → 1140<\/strong> (-27 for losing)\n|l|\u2606Whade\n","uploadtime":1681860869,"views":9,"p1id":"cbuttyvgc","p2id":"whade","formatid":"gen9vgc2023regulationc","rating":1140,"private":0,"password":""}