{"id":"gen9vgc2023regulationc-1861921463","p1":"mfDOOMvmax","p2":"BigE3L","format":"[Gen 9] VGC 2023 Regulation C","log":"|j|\u2606mfDOOMvmax\n|j|\u2606BigE3L\n|t:|1683820953\n|gametype|doubles\n|player|p1|mfDOOMvmax|ingo|1278\n|player|p2|BigE3L|crasherwake|1246\n|teamsize|p1|6\n|teamsize|p2|6\n|gen|9\n|tier|[Gen 9] VGC 2023 Regulation C\n|rated|\n|rule|Species Clause: Limit one of each Pok\u00e9mon\n|rule|Item Clause: Limit one of each item\n|clearpoke\n|poke|p1|Orthworm, L50, M|\n|poke|p1|Ceruledge, L50, M|\n|poke|p1|Kingambit, L50, M|\n|poke|p1|Flutter Mane, L50|\n|poke|p1|Tyranitar, L50, M|\n|poke|p1|Wo-Chien, L50|\n|poke|p2|Tyranitar, L50, M|\n|poke|p2|Garchomp, L50, M|\n|poke|p2|Houndstone, L50, F|\n|poke|p2|Palossand, L50, M|\n|poke|p2|Gastrodon, L50, F|\n|poke|p2|Lycanroc, L50, F|\n|teampreview|4\n|inactive|Battle timer is ON: inactive players will automatically lose when time's up. (requested by mfDOOMvmax)\n|inactive|mfDOOMvmax has 60 seconds left.\n|inactive|BigE3L has 60 seconds left.\n|inactive|mfDOOMvmax has 30 seconds left.\n|\n|t:|1683821017\n|start\n|switch|p1a: Orthworm|Orthworm, L50, M, shiny|100\/100\n|switch|p1b: Wo-Chien|Wo-Chien, L50|100\/100\n|switch|p2a: Tyranitar|Tyranitar, L50, M|100\/100\n|switch|p2b: Lycanroc|Lycanroc, L50, F|100\/100\n|-ability|p1b: Wo-Chien|Tablets of Ruin\n|-weather|Sandstorm|[from] ability: Sand Stream|[of] p2a: Tyranitar\n|turn|1\n|\n|t:|1683821035\n|move|p2b: Lycanroc|Taunt|p1b: Wo-Chien\n|-start|p1b: Wo-Chien|move: Taunt\n|cant|p1b: Wo-Chien|move: Taunt|Leech Seed\n|move|p1a: Orthworm|Body Press|p2b: Lycanroc\n|-supereffective|p2b: Lycanroc\n|-damage|p2b: Lycanroc|29\/100\n|move|p2a: Tyranitar|Rock Slide|p1a: Orthworm|[spread] p1a\n|-miss|p2a: Tyranitar|p1b: Wo-Chien\n|-resisted|p1a: Orthworm\n|-damage|p1a: Orthworm|94\/100\n|\n|-weather|Sandstorm|[upkeep]\n|-damage|p1b: Wo-Chien|94\/100|[from] Sandstorm\n|-heal|p1b: Wo-Chien|100\/100|[from] item: Leftovers\n|upkeep\n|turn|2\n|\n|t:|1683821056\n|move|p2b: Lycanroc|Endeavor|p1a: Orthworm\n|-damage|p1a: Orthworm|30\/100\n|-damage|p2b: Lycanroc|13\/100|[from] item: Rocky Helmet|[of] p1a: Orthworm\n|move|p1b: Wo-Chien|Foul Play|p2b: Lycanroc\n|-damage|p2b: Lycanroc|0 fnt\n|faint|p2b: Lycanroc\n|move|p1a: Orthworm|Body Press|p2a: Tyranitar\n|-supereffective|p2a: Tyranitar\n|-damage|p2a: Tyranitar|23\/100\n|move|p2a: Tyranitar|Rock Slide|p1a: Orthworm|[spread] p1a,p1b\n|-resisted|p1a: Orthworm\n|-damage|p1a: Orthworm|23\/100\n|-damage|p1b: Wo-Chien|79\/100\n|\n|-weather|Sandstorm|[upkeep]\n|-damage|p1b: Wo-Chien|72\/100|[from] Sandstorm\n|-heal|p1b: Wo-Chien|79\/100|[from] item: Leftovers\n|upkeep\n|\n|t:|1683821072\n|switch|p2b: Houndstone|Houndstone, L50, F|100\/100\n|turn|3\n|inactive|mfDOOMvmax has 30 seconds left.\n|\n|t:|1683821100\n|move|p2b: Houndstone|Last Respects|p1a: Orthworm\n|-damage|p1a: Orthworm|0 fnt\n|faint|p1a: Orthworm\n|move|p1b: Wo-Chien|Pollen Puff|p1: Orthworm|[notarget]\n|-fail|p1b: Wo-Chien\n|move|p2a: Tyranitar|Ice Punch|p1b: Wo-Chien\n|-supereffective|p1b: Wo-Chien\n|-damage|p1b: Wo-Chien|37\/100\n|\n|-weather|Sandstorm|[upkeep]\n|-damage|p1b: Wo-Chien|31\/100|[from] Sandstorm\n|-heal|p1b: Wo-Chien|37\/100|[from] item: Leftovers\n|-end|p1b: Wo-Chien|move: Taunt\n|upkeep\n|\n|t:|1683821106\n|switch|p1a: Flutter Mane|Flutter Mane, L50|100\/100\n|-enditem|p1a: Flutter Mane|Booster Energy\n|-activate|p1a: Flutter Mane|ability: Protosynthesis|[fromitem]\n|-start|p1a: Flutter Mane|protosynthesisspe\n|turn|4\n|\n|t:|1683821116\n|move|p1a: Flutter Mane|Shadow Ball|p2b: Houndstone\n|-supereffective|p2b: Houndstone\n|-damage|p2b: Houndstone|0 fnt\n|faint|p2b: Houndstone\n|move|p1b: Wo-Chien|Leech Seed|p2a: Tyranitar|[miss]\n|-miss|p1b: Wo-Chien|p2a: Tyranitar\n|move|p2a: Tyranitar|Ice Punch|p1b: Wo-Chien\n|-supereffective|p1b: Wo-Chien\n|-damage|p1b: Wo-Chien|0 fnt\n|faint|p1b: Wo-Chien\n|\n|-weather|Sandstorm|[upkeep]\n|-damage|p1a: Flutter Mane|94\/100|[from] Sandstorm\n|upkeep\n|\n|t:|1683821125\n|switch|p2b: Gastrodon|Gastrodon, L50, F|100\/100\n|switch|p1b: Tyranitar|Tyranitar, L50, M, shiny|100\/100\n|turn|5\n|inactive|BigE3L has 30 seconds left.\n|inactive|BigE3L has 20 seconds left.\n|inactive|BigE3L has 15 seconds left.\n|inactive|BigE3L has 10 seconds left.\n|inactive|BigE3L has 5 seconds left.\n|\n|t:|1683821178\n|-terastallize|p1a: Flutter Mane|Fairy\n|-terastallize|p2b: Gastrodon|Grass\n|move|p1a: Flutter Mane|Dazzling Gleam|p2b: Gastrodon|[spread] p2a,p2b\n|-supereffective|p2a: Tyranitar\n|-damage|p2a: Tyranitar|0 fnt\n|-damage|p2b: Gastrodon|57\/100\n|faint|p2a: Tyranitar\n|move|p1b: Tyranitar|Rock Slide|p2b: Gastrodon|[miss]\n|-miss|p1b: Tyranitar|p2b: Gastrodon\n|move|p2b: Gastrodon|Ice Beam|p1a: Flutter Mane\n|-damage|p1a: Flutter Mane|52\/100\n|\n|-weather|Sandstorm|[upkeep]\n|-damage|p1a: Flutter Mane|46\/100|[from] Sandstorm\n|upkeep\n|turn|6\n|\n|t:|1683821192\n|move|p1a: Flutter Mane|Dazzling Gleam|p2b: Gastrodon\n|-damage|p2b: Gastrodon|6\/100\n|move|p1b: Tyranitar|Rock Slide|p2b: Gastrodon\n|-damage|p2b: Gastrodon|0 fnt\n|faint|p2b: Gastrodon\n|\n|win|mfDOOMvmax\n|raw|mfDOOMvmax's rating: 1278 → 1301<\/strong> (+23 for winning)\n|raw|BigE3L's rating: 1246 → 1223<\/strong> (-23 for losing)\n|l|\u2606BigE3L\n","uploadtime":1683821202,"views":14,"p1id":"mfdoomvmax","p2id":"bige3l","formatid":"gen9vgc2023regulationc","rating":1223,"private":0,"password":""}