{"id":"gen9vgc2023regulationc-1859852080","p1":"Daboudidabouda","p2":"jessemonxyj","format":"[Gen 9] VGC 2023 Regulation C","log":"|j|\u2606Daboudidabouda\n|j|\u2606jessemonxyj\n|t:|1683569886\n|gametype|doubles\n|player|p1|Daboudidabouda|170|1097\n|player|p2|jessemonxyj|gentleman-gen4|1060\n|teamsize|p1|6\n|teamsize|p2|6\n|gen|9\n|tier|[Gen 9] VGC 2023 Regulation C\n|rated|\n|rule|Species Clause: Limit one of each Pok\u00e9mon\n|rule|Item Clause: Limit one of each item\n|clearpoke\n|poke|p1|Roaring Moon, L50|\n|poke|p1|Gholdengo, L50|\n|poke|p1|Iron Bundle, L50|\n|poke|p1|Iron Hands, L50|\n|poke|p1|Maushold-Four, L50|\n|poke|p1|Arcanine, L50, F|\n|poke|p2|Kilowattrel, L50, F|\n|poke|p2|Iron Hands, L50|\n|poke|p2|Revavroom, L50, F|\n|poke|p2|Meowscarada, L50, M|\n|poke|p2|Gyarados, L50, F|\n|poke|p2|Haxorus, L50, M|\n|teampreview|4\nDaboudidabouda has agreed to open team sheets.\n|inactive|Battle timer is ON: inactive players will automatically lose when time's up. (requested by Daboudidabouda)\n|\n|t:|1683569923\n|start\n|switch|p1a: Iron Hands|Iron Hands, L50|100\/100\n|switch|p1b: Arcanine|Arcanine, L50, F|100\/100\n|switch|p2a: Kilowattrel|Kilowattrel, L50, F|100\/100\n|switch|p2b: Haxorus|Haxorus, L50, M, shiny|100\/100\n|-ability|p2b: Haxorus|Mold Breaker\n|-ability|p1b: Arcanine|Intimidate|boost\n|-unboost|p2a: Kilowattrel|atk|1\n|-unboost|p2b: Haxorus|atk|1\n|turn|1\n|c|\u2606jessemonxyj|glhf\n|\n|t:|1683569948\n|move|p2a: Kilowattrel|Protect|p2a: Kilowattrel\n|-singleturn|p2a: Kilowattrel|Protect\n|move|p1a: Iron Hands|Fake Out|p2a: Kilowattrel\n|-activate|p2a: Kilowattrel|move: Protect\n|move|p2b: Haxorus|Swords Dance|p2b: Haxorus\n|-boost|p2b: Haxorus|atk|2\n|move|p1b: Arcanine|Will-O-Wisp|p2b: Haxorus\n|-status|p2b: Haxorus|brn\n|\n|-damage|p2b: Haxorus|94\/100 brn|[from] brn\n|upkeep\n|turn|2\n|\n|t:|1683569964\n|move|p2a: Kilowattrel|Tailwind|p2a: Kilowattrel\n|-sidestart|p2: jessemonxyj|move: Tailwind\n|-start|p2a: Kilowattrel|Charge|Tailwind|[from] ability: Wind Power\n|move|p2b: Haxorus|Swords Dance|p2b: Haxorus\n|-boost|p2b: Haxorus|atk|2\n|move|p1b: Arcanine|Snarl|p2a: Kilowattrel|[spread] p2a,p2b\n|-damage|p2a: Kilowattrel|85\/100\n|-damage|p2b: Haxorus|80\/100 brn\n|-unboost|p2a: Kilowattrel|spa|1\n|-unboost|p2b: Haxorus|spa|1\n|move|p1a: Iron Hands|Volt Switch|p2b: Haxorus\n|-resisted|p2b: Haxorus\n|-damage|p2b: Haxorus|70\/100 brn\n|\n|t:|1683569971\n|-end|p1a: Iron Hands|Quark Drive|[silent]\n|switch|p1a: Iron Bundle|Iron Bundle, L50|100\/100|[from] Volt Switch\n|\n|-damage|p2b: Haxorus|64\/100 brn|[from] brn\n|upkeep\n|turn|3\n|\n|t:|1683569991\n|move|p2a: Kilowattrel|Volt Switch|p1a: Iron Bundle\n|-supereffective|p1a: Iron Bundle\n|-enditem|p1a: Iron Bundle|Focus Sash\n|-damage|p1a: Iron Bundle|1\/100\n|-end|p2a: Kilowattrel|Charge|[silent]\n|\n|t:|1683569996\n|switch|p2a: Gyarados|Gyarados, L50, F, shiny|100\/100|[from] Volt Switch\n|-ability|p2a: Gyarados|Intimidate|boost\n|-unboost|p1a: Iron Bundle|atk|1\n|-unboost|p1b: Arcanine|atk|1\n|move|p2b: Haxorus|Dragon Claw|p1a: Iron Bundle\n|-damage|p1a: Iron Bundle|0 fnt\n|faint|p1a: Iron Bundle\n|-end|p1a: Iron Bundle|Quark Drive|[silent]\n|-damage|p2b: Haxorus|54\/100 brn|[from] item: Life Orb\n|move|p1b: Arcanine|Flare Blitz|p2a: Gyarados\n|-resisted|p2a: Gyarados\n|-damage|p2a: Gyarados|85\/100\n|-damage|p1b: Arcanine|95\/100|[from] Recoil\n|\n|-damage|p2b: Haxorus|48\/100 brn|[from] brn\n|upkeep\n|\n|t:|1683570006\n|switch|p1a: Iron Hands|Iron Hands, L50|100\/100\n|turn|4\n|inactive|jessemonxyj has 30 seconds left.\n|\n|t:|1683570031\n|move|p2a: Gyarados|Protect|p2a: Gyarados\n|-singleturn|p2a: Gyarados|Protect\n|move|p1b: Arcanine|Extreme Speed|p2b: Haxorus\n|-damage|p2b: Haxorus|32\/100 brn\n|move|p2b: Haxorus|Stomping Tantrum|p1a: Iron Hands\n|-supereffective|p1a: Iron Hands\n|-damage|p1a: Iron Hands|39\/100\n|-damage|p2b: Haxorus|22\/100 brn|[from] item: Life Orb\n|move|p1a: Iron Hands|Volt Switch|p2a: Gyarados\n|-activate|p2a: Gyarados|move: Protect\n|\n|-damage|p2b: Haxorus|16\/100 brn|[from] brn\n|upkeep\n|turn|5\n|inactive|jessemonxyj has 30 seconds left.\n|\n|t:|1683570058\n|switch|p2a: Kilowattrel|Kilowattrel, L50, F|85\/100\n|move|p1b: Arcanine|Extreme Speed|p2b: Haxorus\n|-damage|p2b: Haxorus|0 fnt\n|faint|p2b: Haxorus\n|move|p1a: Iron Hands|Wild Charge|p2a: Kilowattrel\n|-damage|p2a: Kilowattrel|7\/100\n|-damage|p1a: Iron Hands|28\/100|[from] Recoil\n|\n|-sideend|p2: jessemonxyj|move: Tailwind\n|upkeep\n|c|\u2606jessemonxyj|dang it\n|\n|t:|1683570072\n|switch|p2b: Meowscarada|Meowscarada, L50, M|100\/100\n|turn|6\n|\n|t:|1683570080\n|-end|p1a: Iron Hands|Quark Drive|[silent]\n|switch|p1a: Gholdengo|Gholdengo, L50|100\/100\n|move|p1b: Arcanine|Extreme Speed|p2a: Kilowattrel\n|-damage|p2a: Kilowattrel|0 fnt\n|faint|p2a: Kilowattrel\n|move|p2b: Meowscarada|Flower Trick|p1a: Gholdengo\n|-resisted|p1a: Gholdengo\n|-crit|p1a: Gholdengo\n|-damage|p1a: Gholdengo|77\/100\n|\n|upkeep\n|\n|t:|1683570089\n|switch|p2a: Gyarados|Gyarados, L50, F, shiny|85\/100\n|-ability|p2a: Gyarados|Intimidate|boost\n|-unboost|p1a: Gholdengo|atk|1\n|-unboost|p1b: Arcanine|atk|1\n|turn|7\n|\n|t:|1683570102\n|move|p2b: Meowscarada|Knock Off|p1a: Gholdengo\n|-supereffective|p1a: Gholdengo\n|-damage|p1a: Gholdengo|0 fnt\n|-enditem|p1a: Gholdengo|Covert Cloak|[from] move: Knock Off|[of] p2b: Meowscarada\n|faint|p1a: Gholdengo\n|move|p1b: Arcanine|Flare Blitz|p2b: Meowscarada\n|-supereffective|p2b: Meowscarada\n|-damage|p2b: Meowscarada|24\/100\n|-status|p2b: Meowscarada|brn\n|-damage|p1b: Arcanine|79\/100|[from] item: Rocky Helmet|[of] p2b: Meowscarada\n|-damage|p1b: Arcanine|60\/100|[from] Recoil\n|move|p2a: Gyarados|Aqua Tail|p1b: Arcanine\n|-supereffective|p1b: Arcanine\n|-damage|p1b: Arcanine|0 fnt\n|faint|p1b: Arcanine\n|\n|-damage|p2b: Meowscarada|18\/100 brn|[from] brn\n|upkeep\n|\n|t:|1683570116\n|switch|p1b: Iron Hands|Iron Hands, L50|28\/100\n|turn|8\n|c|\u2606jessemonxyj|dang that burn\n|\n|t:|1683570124\n|move|p2a: Gyarados|Protect|p2a: Gyarados\n|-singleturn|p2a: Gyarados|Protect\n|move|p2b: Meowscarada|Flower Trick|p1b: Iron Hands\n|-crit|p1b: Iron Hands\n|-damage|p1b: Iron Hands|4\/100\n|move|p1b: Iron Hands|Volt Switch|p2a: Gyarados\n|-activate|p2a: Gyarados|move: Protect\n|\n|-damage|p2b: Meowscarada|12\/100 brn|[from] brn\n|upkeep\n|turn|9\n|\n|t:|1683570137\n|move|p2b: Meowscarada|Flower Trick|p1b: Iron Hands\n|-crit|p1b: Iron Hands\n|-damage|p1b: Iron Hands|0 fnt\n|faint|p1b: Iron Hands\n|-end|p1b: Iron Hands|Quark Drive|[silent]\n|\n|win|jessemonxyj\n|raw|Daboudidabouda's rating: 1097 → 1070<\/strong> (-27 for losing)\n|raw|jessemonxyj's rating: 1060 → 1094<\/strong> (+34 for winning)\n|l|\u2606Daboudidabouda\n|c|\u2606jessemonxyj|gg\n","uploadtime":1683570150,"views":10,"p1id":"daboudidabouda","p2id":"jessemonxyj","formatid":"gen9vgc2023regulationc","rating":1070,"private":0,"password":""}