{"id":"gen9vgc2023regulationc-1859440192","p1":"Ciemmelle","p2":"snow-pokepoke","format":"[Gen 9] VGC 2023 Regulation C","log":"|j|\u2606Ciemmelle\n|j|\u2606snow-pokepoke\n|t:|1683468277\n|gametype|doubles\n|player|p1|Ciemmelle|musician|\n|player|p2|snow-pokepoke|#vgcwliikilowattrels|\n|teamsize|p1|6\n|teamsize|p2|6\n|gen|9\n|tier|[Gen 9] VGC 2023 Regulation C\n|rule|Species Clause: Limit one of each Pok\u00e9mon\n|rule|Item Clause: Limit one of each item\n|clearpoke\n|poke|p1|Annihilape, L50, F|\n|poke|p1|Iron Bundle, L50|\n|poke|p1|Arcanine, L50, F|\n|poke|p1|Roaring Moon, L50|\n|poke|p1|Gholdengo, L50|\n|poke|p1|Maushold-Four, L50|\n|poke|p2|Iron Bundle, L50|\n|poke|p2|Flutter Mane, L50|\n|poke|p2|Chien-Pao, L50|\n|poke|p2|Volcarona, L50, M|\n|poke|p2|Orthworm, L50, F|\n|poke|p2|Ting-Lu, L50|\n|teampreview|4\n|c|\u2606Ciemmelle|glhf\n|c|\u2606Ciemmelle|g1\n|c|\u2606snow-pokepoke|glhf!\nsnow-pokepoke has agreed to open team sheets.\nCiemmelle has agreed to open team sheets.\n|j| Pink Ocean\n|j| tyo\n|\n|t:|1683468416\n|start\n|switch|p1a: Annihilape|Annihilape, L50, F|100\/100\n|switch|p1b: Maushold|Maushold-Four, L50|100\/100\n|switch|p2a: Flutter Mane|Flutter Mane, L50|100\/100\n|switch|p2b: Iron Bundle|Iron Bundle, L50|100\/100\n|-enditem|p2b: Iron Bundle|Booster Energy\n|-activate|p2b: Iron Bundle|ability: Quark Drive|[fromitem]\n|-start|p2b: Iron Bundle|quarkdrivespe\n|turn|1\n|l|pinkocean\n|\n|t:|1683468448\n|move|p1b: Maushold|Protect|p1b: Maushold\n|-singleturn|p1b: Maushold|Protect\n|move|p1a: Annihilape|Protect|p1a: Annihilape\n|-singleturn|p1a: Annihilape|Protect\n|move|p2b: Iron Bundle|Freeze-Dry|p1a: Annihilape\n|-activate|p1a: Annihilape|move: Protect\n|move|p2a: Flutter Mane|Moonblast|p1a: Annihilape\n|-activate|p1a: Annihilape|move: Protect\n|\n|upkeep\n|turn|2\n|\n|t:|1683468479\n|-terastallize|p1a: Annihilape|Water\n|move|p1b: Maushold|Follow Me|p1b: Maushold\n|-singleturn|p1b: Maushold|move: Follow Me\n|move|p2b: Iron Bundle|Freeze-Dry|p1b: Maushold\n|-damage|p1b: Maushold|71\/100\n|move|p2a: Flutter Mane|Moonblast|p1b: Maushold\n|-damage|p1b: Maushold|5\/100\n|-unboost|p1b: Maushold|spa|1\n|move|p1a: Annihilape|Drain Punch|p2b: Iron Bundle\n|-supereffective|p2b: Iron Bundle\n|-damage|p2b: Iron Bundle|22\/100\n|\n|upkeep\n|turn|3\n|\n|t:|1683468515\n|move|p1b: Maushold|Follow Me|p1b: Maushold\n|-singleturn|p1b: Maushold|move: Follow Me\n|move|p2b: Iron Bundle|Freeze-Dry|p1b: Maushold\n|-damage|p1b: Maushold|0 fnt\n|faint|p1b: Maushold\n|move|p2a: Flutter Mane|Moonblast|p1a: Annihilape\n|-damage|p1a: Annihilape|44\/100\n|-enditem|p1a: Annihilape|Sitrus Berry|[eat]\n|-heal|p1a: Annihilape|69\/100|[from] item: Sitrus Berry\n|move|p1a: Annihilape|Rage Fist|p2a: Flutter Mane\n|-supereffective|p2a: Flutter Mane\n|-damage|p2a: Flutter Mane|0 fnt\n|faint|p2a: Flutter Mane\n|-end|p2a: Flutter Mane|Protosynthesis|[silent]\n|\n|upkeep\n|\n|t:|1683468569\n|switch|p2a: Volcarona|Volcarona, L50, M|100\/100\n|switch|p1b: Arcanine|Arcanine, L50, F|100\/100\n|-ability|p1b: Arcanine|Intimidate|boost\n|-unboost|p2a: Volcarona|atk|1\n|-unboost|p2b: Iron Bundle|atk|1\n|turn|4\n|\n|t:|1683468613\n|switch|p1b: Roaring Moon|Roaring Moon, L50|100\/100\n|-enditem|p1b: Roaring Moon|Booster Energy\n|-activate|p1b: Roaring Moon|ability: Protosynthesis|[fromitem]\n|-start|p1b: Roaring Moon|protosynthesisspe\n|move|p2b: Iron Bundle|Protect|p2b: Iron Bundle\n|-singleturn|p2b: Iron Bundle|Protect\n|move|p2a: Volcarona|Protect|p2a: Volcarona\n|-singleturn|p2a: Volcarona|Protect\n|move|p1a: Annihilape|Protect||[still]\n|-fail|p1a: Annihilape\n|\n|upkeep\n|turn|5\n|\n|t:|1683468639\n|move|p1a: Annihilape|Protect|p1a: Annihilape\n|-singleturn|p1a: Annihilape|Protect\n|move|p2b: Iron Bundle|Freeze-Dry|p1b: Roaring Moon\n|-supereffective|p1b: Roaring Moon\n|-damage|p1b: Roaring Moon|30\/100\n|move|p1b: Roaring Moon|Breaking Swipe|p2b: Iron Bundle|[spread] p2a,p2b\n|-damage|p2a: Volcarona|74\/100\n|-damage|p2b: Iron Bundle|0 fnt\n|-unboost|p2a: Volcarona|atk|1\n|faint|p2b: Iron Bundle\n|-end|p2b: Iron Bundle|Quark Drive|[silent]\n|move|p2a: Volcarona|Tailwind|p2a: Volcarona\n|-sidestart|p2: snow-pokepoke|move: Tailwind\n|\n|upkeep\n|\n|t:|1683468647\n|switch|p2b: Chien-Pao|Chien-Pao, L50|100\/100\n|-ability|p2b: Chien-Pao|Sword of Ruin\n|turn|6\n|\n|t:|1683468680\n|switch|p1a: Arcanine|Arcanine, L50, F|100\/100\n|-ability|p1a: Arcanine|Intimidate|boost\n|-unboost|p2a: Volcarona|atk|1\n|-unboost|p2b: Chien-Pao|atk|1\n|move|p1b: Roaring Moon|Protect|p1b: Roaring Moon\n|-singleturn|p1b: Roaring Moon|Protect\n|move|p2b: Chien-Pao|Sacred Sword|p1b: Roaring Moon\n|-activate|p1b: Roaring Moon|move: Protect\n|move|p2a: Volcarona|Overheat|p1b: Roaring Moon\n|-activate|p1b: Roaring Moon|move: Protect\n|\n|upkeep\n|turn|7\n|c|\u2606snow-pokepoke|gg\n|j| Nash12\n|-message|snow-pokepoke forfeited.\n|\n|win|Ciemmelle\n|c|\u2606Ciemmelle|gg\n|l| tyo\n|j| JeanMarc\n|j| Mayday Juneday\n|j| Finabas\n|l| Finabas\n|l| Mayday Juneday\n|j| Svenvgc\n|j| baaaaat_\n|l| baaaaat_\n|j| JayVGC YT\n|l| JayVGC YT\n|j| chadderchat\n|l| chadderchat\n|l|\u2606Ciemmelle\n|l| Svenvgc\n|j|+Zelda\n|j| UberVylit\n","uploadtime":1683468725,"views":19,"p1id":"ciemmelle","p2id":"snowpokepoke","formatid":"gen9vgc2023regulationc","rating":0,"private":0,"password":""}