{"id":"gen9vgc2023regulationc-1861809620","p1":"ElectaCrow","p2":"Arcanine Numbers","format":"[Gen 9] VGC 2023 Regulation C","log":"|j|\u2606ElectaCrow\n|j|\u2606Arcanine Numbers\n|t:|1683810953\n|gametype|doubles\n|player|p1|ElectaCrow|hilbert|\n|player|p2|Arcanine Numbers|ethan-masters|\n|teamsize|p1|6\n|teamsize|p2|6\n|gen|9\n|tier|[Gen 9] VGC 2023 Regulation C\n|rule|Tera Type Preview: Tera Types are shown at Team Preview\n|rule|Species Clause: Limit one of each Pok\u00e9mon\n|rule|Item Clause: Limit one of each item\n|clearpoke\n|poke|p1|Chien-Pao, L50|\n|poke|p1|Dragapult, L50, F|\n|poke|p1|Azumarill, L50, F|\n|poke|p1|Rotom-Wash, L50|\n|poke|p1|Bronzong, L50|\n|poke|p1|Skeledirge, L50, M|\n|poke|p2|Arcanine, L50, M|\n|poke|p2|Dondozo, L50, F|\n|poke|p2|Tatsugiri, L50, F|\n|poke|p2|Flamigo, L50, M|\n|poke|p2|Pelipper, L50, F|\n|poke|p2|Kilowattrel, L50, F|\n|teampreview|4\n|raw|ElectaCrow's Tera Types: \/ \/ \/ \/ \/ \n|raw|Arcanine Numbers's Tera Types: \/ \/ \/ \/ \/ \n|inactive|Battle timer is ON: inactive players will automatically lose when time's up. (requested by Arcanine Numbers)\n|inactiveoff|Battle timer is now OFF.\nArcanine Numbers rejected open team sheets.\n|\n|t:|1683810984\n|start\n|switch|p1a: Chien-Pao|Chien-Pao, L50|100\/100\n|switch|p1b: Dragapult|Dragapult, L50, F|100\/100\n|switch|p2a: Kilowattrel|Kilowattrel, L50, F|100\/100\n|switch|p2b: Tatsugiri|Tatsugiri, L50, F|100\/100\n|-ability|p1a: Chien-Pao|Sword of Ruin\n|turn|1\n|\n|t:|1683811108\n|switch|p2a: Dondozo|Dondozo, L50, F|100\/100\n|-activate|p2b: Tatsugiri|ability: Commander|[of] p2a: Dondozo\n|-boost|p2a: Dondozo|atk|2\n|-boost|p2a: Dondozo|spa|2\n|-boost|p2a: Dondozo|spe|2\n|-boost|p2a: Dondozo|def|2\n|-boost|p2a: Dondozo|spd|2\n|move|p1b: Dragapult|Dragon Darts|p2a: Dondozo\n|-damage|p2a: Dondozo|85\/100\n|-anim|p1b: Dragapult|Dragon Darts|p2a: Dondozo\n|-damage|p2a: Dondozo|69\/100\n|move|p1a: Chien-Pao|Icicle Crash|p2a: Dondozo\n|-resisted|p2a: Dondozo\n|-damage|p2a: Dondozo|59\/100\n|\n|-status|p2b: Tatsugiri|tox|[from] item: Toxic Orb\n|upkeep\n|turn|2\n|\n|t:|1683811182\n|move|p1b: Dragapult|Dragon Darts|p2a: Dondozo\n|-damage|p2a: Dondozo|41\/100\n|-enditem|p2a: Dondozo|Sitrus Berry|[eat]\n|-heal|p2a: Dondozo|65\/100|[from] item: Sitrus Berry\n|-anim|p1b: Dragapult|Dragon Darts|p2a: Dondozo\n|-damage|p2a: Dondozo|49\/100\n|move|p1a: Chien-Pao|Crunch|p2a: Dondozo\n|-crit|p2a: Dondozo\n|-damage|p2a: Dondozo|0 fnt\n|faint|p2a: Dondozo\n|\n|-damage|p2b: Tatsugiri|95\/100 tox|[from] psn\n|upkeep\n|\n|t:|1683811200\n|switch|p2a: Flamigo|Flamigo, L50, M|100\/100\n|-copyboost|p2a: Flamigo|p2b: Tatsugiri|[from] ability: Costar\n|turn|3\n|c|\u2606Arcanine Numbers|i messed up here\n|\n|t:|1683811239\n|switch|p1a: Skeledirge|Skeledirge, L50, M|100\/100\n|move|p1b: Dragapult|Dragon Darts|p2a: Flamigo\n|-damage|p2a: Flamigo|39\/100\n|-anim|p1b: Dragapult|Dragon Darts|p2b: Tatsugiri\n|-supereffective|p2b: Tatsugiri\n|-damage|p2b: Tatsugiri|0 fnt\n|faint|p2b: Tatsugiri\n|move|p2a: Flamigo|U-turn|p1a: Skeledirge\n|-resisted|p1a: Skeledirge\n|-damage|p1a: Skeledirge|96\/100\n|-damage|p2a: Flamigo|30\/100|[from] item: Life Orb\n|\n|t:|1683811242\n|switch|p2a: Kilowattrel|Kilowattrel, L50, F|100\/100|[from] U-turn\n|\n|-heal|p1a: Skeledirge|100\/100|[from] item: Leftovers\n|upkeep\n|c|\u2606Arcanine Numbers|gg3\n|\n|t:|1683811246\n|switch|p2b: Flamigo|Flamigo, L50, M|30\/100\n|-copyboost|p2b: Flamigo|p2a: Kilowattrel|[from] ability: Costar\n|turn|4\n|\n|t:|1683811257\n|-terastallize|p1a: Skeledirge|Grass\n|move|p2a: Kilowattrel|Hurricane|p1b: Dragapult\n|-damage|p1b: Dragapult|8\/100\n|move|p1b: Dragapult|Dragon Darts|p1a: Skeledirge\n|-damage|p1a: Skeledirge|74\/100\n|-anim|p1b: Dragapult|Dragon Darts|p1a: Skeledirge\n|-damage|p1a: Skeledirge|47\/100\n|move|p2b: Flamigo|Tailwind|p2b: Flamigo\n|-sidestart|p2: Arcanine Numbers|move: Tailwind\n|-start|p2a: Kilowattrel|Charge|Tailwind|[from] ability: Wind Power\n|move|p1a: Skeledirge|Torch Song|p2a: Kilowattrel\n|-damage|p2a: Kilowattrel|50\/100\n|-boost|p1a: Skeledirge|spa|1\n|\n|-heal|p1a: Skeledirge|54\/100|[from] item: Leftovers\n|upkeep\n|turn|5\n|c|\u2606ElectaCrow|oh god\n|\n|t:|1683811269\n|move|p1a: Skeledirge|Protect|p1a: Skeledirge\n|-singleturn|p1a: Skeledirge|Protect\n|move|p2a: Kilowattrel|Hurricane|p1a: Skeledirge\n|-activate|p1a: Skeledirge|move: Protect\n|move|p2b: Flamigo|Brave Bird|p1b: Dragapult\n|-damage|p1b: Dragapult|0 fnt\n|faint|p1b: Dragapult\n|-damage|p2b: Flamigo|27\/100|[from] Recoil\n|-damage|p2b: Flamigo|18\/100|[from] item: Life Orb\n|\n|-heal|p1a: Skeledirge|60\/100|[from] item: Leftovers\n|upkeep\n|c|\u2606ElectaCrow|I misclicked on dirge\n|\n|t:|1683811275\n|switch|p1b: Rotom|Rotom-Wash, L50|100\/100\n|turn|6\n|c|\u2606Arcanine Numbers|i also forgot i put that on this team\n|c|\u2606Arcanine Numbers|but kilo is specs so\n|\n|t:|1683811303\n|-terastallize|p2b: Flamigo|Flying\n|move|p2a: Kilowattrel|Hurricane|p1b: Rotom\n|-resisted|p1b: Rotom\n|-damage|p1b: Rotom|59\/100\n|move|p2b: Flamigo|Brave Bird|p1b: Rotom\n|-resisted|p1b: Rotom\n|-damage|p1b: Rotom|17\/100\n|-enditem|p1b: Rotom|Sitrus Berry|[eat]\n|-heal|p1b: Rotom|41\/100|[from] item: Sitrus Berry\n|-damage|p2b: Flamigo|4\/100|[from] Recoil\n|-damage|p2b: Flamigo|0 fnt|[from] item: Life Orb\n|faint|p2b: Flamigo\n|move|p1b: Rotom|Volt Switch|p2a: Kilowattrel\n|-damage|p2a: Kilowattrel|0 fnt\n|faint|p2a: Kilowattrel\n|\n|win|ElectaCrow\n|c|\u2606Arcanine Numbers|gg\n|c|\u2606ElectaCrow|thank god lol\n|c|\u2606ElectaCrow|gg\n|l|\u2606Arcanine Numbers\n","uploadtime":1683811383,"views":20,"p1id":"electacrow","p2id":"arcaninenumbers","formatid":"gen9vgc2023regulationc","rating":0,"private":0,"password":""}