{"id":"gen9vgc2023regulationc-1851021851","p1":"Linkflash","p2":"DNDS","format":"[Gen 9] VGC 2023 Regulation C","log":"|j|\u2606Linkflash\n|j|\u2606DNDS\n|t:|1682395298\n|gametype|doubles\n|player|p1|Linkflash|170|1112\n|player|p2|DNDS|ghetsis|1183\n|teamsize|p1|6\n|teamsize|p2|6\n|gen|9\n|tier|[Gen 9] VGC 2023 Regulation C\n|rated|\n|rule|Species Clause: Limit one of each Pok\u00e9mon\n|rule|Item Clause: Limit one of each item\n|clearpoke\n|poke|p1|Pikachu, L50, M|\n|poke|p1|Raichu, L50, F|\n|poke|p1|Gastrodon, L50, F|\n|poke|p1|Lumineon, L50, M|\n|poke|p1|Tatsugiri, L50, F|\n|poke|p1|Pincurchin, L50, M|\n|poke|p2|Chi-Yu, L50|\n|poke|p2|Indeedee, L50, M|\n|poke|p2|Murkrow, L50, F|\n|poke|p2|Garganacl, L50, F|\n|poke|p2|Sandy Shocks, L50|\n|poke|p2|Masquerain, L50, M|\n|teampreview|4\n|inactive|Battle timer is ON: inactive players will automatically lose when time's up. (requested by Linkflash)\n|\n|t:|1682395316\n|start\n|switch|p1a: Pikachu|Pikachu, L50, M|100\/100\n|switch|p1b: Raichu|Raichu, L50, F|100\/100\n|switch|p2a: Murkrow|Murkrow, L50, F|100\/100\n|switch|p2b: Garganacl|Garganacl, L50, F|100\/100\n|turn|1\n|\n|t:|1682395335\n|-terastallize|p1b: Raichu|Electric\n|move|p2a: Murkrow|Protect|p2a: Murkrow\n|-singleturn|p2a: Murkrow|Protect\n|move|p2b: Garganacl|Protect|p2b: Garganacl\n|-singleturn|p2b: Garganacl|Protect\n|move|p1a: Pikachu|Fake Out|p2b: Garganacl\n|-activate|p2b: Garganacl|move: Protect\n|move|p1b: Raichu|Discharge|p2b: Garganacl|[spread] \n|-activate|p2a: Murkrow|move: Protect\n|-activate|p2b: Garganacl|move: Protect\n|-ability|p1a: Pikachu|Lightning Rod|boost\n|-boost|p1a: Pikachu|spa|1\n|\n|upkeep\n|turn|2\n|inactive|DNDS has 30 seconds left.\n|\n|t:|1682395369\n|move|p2b: Garganacl|Wide Guard|p2b: Garganacl\n|-singleturn|p2b: Garganacl|Wide Guard\n|move|p2a: Murkrow|Sunny Day|p2a: Murkrow\n|-weather|SunnyDay\n|move|p1b: Raichu|Discharge|p2b: Garganacl|[spread] \n|-activate|p2a: Murkrow|move: Wide Guard\n|-activate|p2b: Garganacl|move: Wide Guard\n|-ability|p1a: Pikachu|Lightning Rod|boost\n|-boost|p1a: Pikachu|spa|1\n|move|p1a: Pikachu|Discharge|p2b: Garganacl|[spread] \n|-activate|p2a: Murkrow|move: Wide Guard\n|-activate|p2b: Garganacl|move: Wide Guard\n|-ability|p1b: Raichu|Lightning Rod|boost\n|-boost|p1b: Raichu|spa|1\n|\n|-weather|SunnyDay|[upkeep]\n|upkeep\n|turn|3\n|\n|t:|1682395390\n|move|p2a: Murkrow|Tailwind|p2a: Murkrow\n|-sidestart|p2: DNDS|move: Tailwind\n|move|p2b: Garganacl|Explosion|p1a: Pikachu|[spread] p2a,p1a,p1b\n|-enditem|p2b: Garganacl|Normal Gem|[from] gem\n|-damage|p2a: Murkrow|0 fnt\n|-damage|p1a: Pikachu|0 fnt\n|-damage|p1b: Raichu|0 fnt\n|faint|p2b: Garganacl\n|faint|p2a: Murkrow\n|faint|p1a: Pikachu\n|faint|p1b: Raichu\n|\n|-weather|SunnyDay|[upkeep]\n|upkeep\n|\n|t:|1682395400\n|switch|p1b: Tatsugiri|Tatsugiri, L50, F|100\/100\n|switch|p1a: Gastrodon|Gastrodon, L50, F|100\/100\n|switch|p2a: Indeedee|Indeedee, L50, M|100\/100\n|switch|p2b: Chi-Yu|Chi-Yu, L50|100\/100\n|-fieldstart|move: Psychic Terrain|[from] ability: Psychic Surge|[of] p2a: Indeedee\n|-ability|p2b: Chi-Yu|Beads of Ruin\n|turn|4\n|\n|t:|1682395421\n|-terastallize|p2b: Chi-Yu|Fire\n|move|p2a: Indeedee|Helping Hand|p2b: Chi-Yu\n|-singleturn|p2b: Chi-Yu|Helping Hand|[of] p2a: Indeedee\n|move|p2b: Chi-Yu|Heat Wave|p1a: Gastrodon|[spread] p1a,p1b\n|-resisted|p1a: Gastrodon\n|-resisted|p1b: Tatsugiri\n|-damage|p1a: Gastrodon|0 fnt\n|-damage|p1b: Tatsugiri|21\/100\n|faint|p1a: Gastrodon\n|move|p1b: Tatsugiri|Surf|p2a: Indeedee|[spread] p2a,p2b\n|-supereffective|p2b: Chi-Yu\n|-damage|p2a: Indeedee|71\/100\n|-damage|p2b: Chi-Yu|67\/100\n|\n|-weather|SunnyDay|[upkeep]\n|upkeep\n|turn|5\n|-message|Linkflash forfeited.\n|\n|win|DNDS\n|raw|Linkflash's rating: 1112 → 1092<\/strong> (-20 for losing)\n|raw|DNDS's rating: 1183 → 1203<\/strong> (+20 for winning)\n|l|\u2606Linkflash\n","uploadtime":1682395443,"views":70,"p1id":"linkflash","p2id":"dnds","formatid":"gen9vgc2023regulationc","rating":1092,"private":0,"password":""}