{"id":"gen9vgc2023regulationc-1861543681","p1":"tezminator","p2":"RonJohn","format":"[Gen 9] VGC 2023 Regulation C","log":"|j|\u2606tezminator\n|j|\u2606RonJohn\n|t:|1683771076\n|gametype|doubles\n|player|p1|tezminator|265|1067\n|player|p2|RonJohn|266|1120\n|teamsize|p1|6\n|teamsize|p2|6\n|gen|9\n|tier|[Gen 9] VGC 2023 Regulation C\n|rated|\n|rule|Species Clause: Limit one of each Pok\u00e9mon\n|rule|Item Clause: Limit one of each item\n|clearpoke\n|poke|p1|Volcarona, L50, F|\n|poke|p1|Golduck, L50, F|\n|poke|p1|Scream Tail, L50|\n|poke|p1|Maushold, L50|\n|poke|p1|Tsareena, L50, F|\n|poke|p1|Mudsdale, L50, F|\n|poke|p2|Flutter Mane, L50|\n|poke|p2|Orthworm, L50, F|\n|poke|p2|Dragonite, L50, M|\n|poke|p2|Amoonguss, L50, F|\n|poke|p2|Gyarados, L50, M|\n|poke|p2|Ting-Lu, L50|\n|teampreview|4\n|inactive|Battle timer is ON: inactive players will automatically lose when time's up. (requested by tezminator)\nRonJohn has agreed to open team sheets.\ntezminator has agreed to open team sheets.\n|inactive|tezminator has 60 seconds left.\n|inactive|RonJohn has 60 seconds left.\n|\n|t:|1683771132\n|start\n|switch|p1a: Scream Tail|Scream Tail, L50|100\/100\n|switch|p1b: Tsareena|Tsareena, L50, F|100\/100\n|switch|p2a: Gyarados|Gyarados, L50, M|100\/100\n|switch|p2b: Ting-Lu|Ting-Lu, L50|100\/100\n|-ability|p2a: Gyarados|Intimidate|boost\n|-unboost|p1a: Scream Tail|atk|1\n|-unboost|p1b: Tsareena|atk|1\n|-ability|p2b: Ting-Lu|Vessel of Ruin\n|turn|1\n|inactive|RonJohn has 30 seconds left.\n|inactive|RonJohn has 20 seconds left.\n|inactive|RonJohn has 15 seconds left.\n|\n|t:|1683771174\n|move|p1a: Scream Tail|Misty Terrain|p1a: Scream Tail\n|-fieldstart|move: Misty Terrain\n|move|p2a: Gyarados|Taunt|p1b: Tsareena\n|-start|p1b: Tsareena|move: Taunt\n|move|p1b: Tsareena|Trop Kick|p2b: Ting-Lu\n|-supereffective|p2b: Ting-Lu\n|-damage|p2b: Ting-Lu|77\/100\n|-unboost|p2b: Ting-Lu|atk|1\n|move|p2b: Ting-Lu|Heavy Slam|p1a: Scream Tail\n|-supereffective|p1a: Scream Tail\n|-damage|p1a: Scream Tail|58\/100\n|-damage|p2b: Ting-Lu|61\/100|[from] item: Rocky Helmet|[of] p1a: Scream Tail\n|\n|upkeep\n|turn|2\n|inactive|RonJohn has 30 seconds left.\n|inactive|RonJohn has 20 seconds left.\n|\n|t:|1683771213\n|switch|p2b: Flutter Mane|Flutter Mane, L50|100\/100\n|move|p1a: Scream Tail|Disable|p2a: Gyarados\n|-start|p2a: Gyarados|Disable|Taunt\n|move|p2a: Gyarados|Thunder Wave|p1a: Scream Tail|[miss]\n|-miss|p2a: Gyarados|p1a: Scream Tail\n|move|p1b: Tsareena|Trop Kick|p2b: Flutter Mane\n|-damage|p2b: Flutter Mane|60\/100\n|-unboost|p2b: Flutter Mane|atk|1\n|\n|upkeep\n|turn|3\n|inactive|tezminator has 30 seconds left.\n|inactive|RonJohn has 30 seconds left.\n|\n|t:|1683771243\n|move|p2b: Flutter Mane|Shadow Ball|p1a: Scream Tail\n|-supereffective|p1a: Scream Tail\n|-damage|p1a: Scream Tail|0 fnt\n|faint|p1a: Scream Tail\n|-end|p1a: Scream Tail|Protosynthesis|[silent]\n|move|p2a: Gyarados|Waterfall|p1b: Tsareena\n|-resisted|p1b: Tsareena\n|-damage|p1b: Tsareena|86\/100\n|move|p1b: Tsareena|Trop Kick|p2b: Flutter Mane\n|-damage|p2b: Flutter Mane|17\/100\n|-unboost|p2b: Flutter Mane|atk|1\n|\n|-end|p1b: Tsareena|move: Taunt\n|upkeep\n|\n|t:|1683771256\n|switch|p1a: Volcarona|Volcarona, L50, F|100\/100\n|turn|4\n|\n|t:|1683771269\n|-end|p2b: Flutter Mane|Protosynthesis|[silent]\n|switch|p2b: Ting-Lu|Ting-Lu, L50|61\/100\n|-ability|p2b: Ting-Lu|Vessel of Ruin\n|-terastallize|p1a: Volcarona|Normal\n|move|p1a: Volcarona|Quiver Dance|p1a: Volcarona\n|-boost|p1a: Volcarona|spa|1\n|-boost|p1a: Volcarona|spd|1\n|-boost|p1a: Volcarona|spe|1\n|move|p2a: Gyarados|Waterfall|p1a: Volcarona\n|-damage|p1a: Volcarona|59\/100\n|-status|p2a: Gyarados|brn|[from] ability: Flame Body|[of] p1a: Volcarona\n|move|p1b: Tsareena|Trop Kick|p2b: Ting-Lu\n|-supereffective|p2b: Ting-Lu\n|-damage|p2b: Ting-Lu|38\/100\n|-unboost|p2b: Ting-Lu|atk|1\n|\n|-damage|p2a: Gyarados|95\/100 brn|[from] brn\n|upkeep\n|turn|5\n|inactive|RonJohn has 30 seconds left.\n|inactive|RonJohn has 20 seconds left.\n|inactive|RonJohn has 15 seconds left.\n|\n|t:|1683771310\n|move|p1a: Volcarona|Giga Drain|p2b: Ting-Lu\n|-supereffective|p2b: Ting-Lu\n|-damage|p2b: Ting-Lu|7\/100\n|-heal|p1a: Volcarona|79\/100|[from] drain|[of] p2b: Ting-Lu\n|move|p2a: Gyarados|Thunder Wave|p1a: Volcarona|[miss]\n|-miss|p2a: Gyarados|p1a: Volcarona\n|move|p1b: Tsareena|Trop Kick|p2a: Gyarados\n|-damage|p2a: Gyarados|75\/100 brn\n|-unboost|p2a: Gyarados|atk|1\n|move|p2b: Ting-Lu|Earthquake|p1a: Volcarona|[spread] p1a,p1b\n|-immune|p2a: Gyarados\n|-resisted|p1b: Tsareena\n|-damage|p1a: Volcarona|49\/100\n|-damage|p1b: Tsareena|77\/100\n|\n|-damage|p2a: Gyarados|69\/100 brn|[from] brn\n|-end|p2a: Gyarados|Disable\n|-fieldend|Misty Terrain\n|upkeep\n|turn|6\n|inactive|RonJohn has 30 seconds left.\n|\n|t:|1683771343\n|move|p1a: Volcarona|Giga Drain|p2a: Gyarados\n|-damage|p2a: Gyarados|42\/100 brn\n|-heal|p1a: Volcarona|65\/100|[from] drain|[of] p2a: Gyarados\n|move|p2a: Gyarados|Thunder Wave|p1a: Volcarona\n|-status|p1a: Volcarona|par\n|move|p1b: Tsareena|Trop Kick|p2b: Ting-Lu\n|-supereffective|p2b: Ting-Lu\n|-damage|p2b: Ting-Lu|0 fnt\n|faint|p2b: Ting-Lu\n|\n|-damage|p2a: Gyarados|36\/100 brn|[from] brn\n|upkeep\n|inactive|RonJohn has 30 seconds left.\n|\n|t:|1683771371\n|switch|p2b: Dragonite|Dragonite, L50, M|100\/100\n|turn|7\n|\n|t:|1683771393\n|move|p1a: Volcarona|Protect|p1a: Volcarona\n|-singleturn|p1a: Volcarona|Protect\n|move|p1b: Tsareena|Protect|p1b: Tsareena\n|-singleturn|p1b: Tsareena|Protect\n|move|p2b: Dragonite|Ice Spinner|p1b: Tsareena\n|-activate|p1b: Tsareena|move: Protect\n|move|p2a: Gyarados|Taunt|p1a: Volcarona\n|-activate|p1a: Volcarona|move: Protect\n|\n|-damage|p2a: Gyarados|30\/100 brn|[from] brn\n|upkeep\n|turn|8\n|inactive|RonJohn has 30 seconds left.\n|\n|t:|1683771424\n|move|p2b: Dragonite|Earthquake|p1a: Volcarona|[spread] p1a,p1b\n|-immune|p2a: Gyarados\n|-resisted|p1b: Tsareena\n|-damage|p1a: Volcarona|29\/100 par\n|-damage|p1b: Tsareena|64\/100\n|move|p2a: Gyarados|Waterfall|p1a: Volcarona\n|-damage|p1a: Volcarona|14\/100 par\n|cant|p1a: Volcarona|par\n|move|p1b: Tsareena|Trop Kick|p2b: Dragonite\n|-resisted|p2b: Dragonite\n|-damage|p2b: Dragonite|98\/100\n|-unboost|p2b: Dragonite|atk|1\n|\n|-damage|p2a: Gyarados|24\/100 brn|[from] brn\n|upkeep\n|turn|9\n|\n|t:|1683771449\n|move|p1a: Volcarona|Protect|p1a: Volcarona\n|-singleturn|p1a: Volcarona|Protect\n|move|p2b: Dragonite|Ice Spinner|p1b: Tsareena\n|-supereffective|p1b: Tsareena\n|-damage|p1b: Tsareena|24\/100\n|move|p2a: Gyarados|Taunt|p1a: Volcarona\n|-activate|p1a: Volcarona|move: Protect\n|move|p1b: Tsareena|Trop Kick|p2b: Dragonite\n|-resisted|p2b: Dragonite\n|-damage|p2b: Dragonite|93\/100\n|-unboost|p2b: Dragonite|atk|1\n|\n|-damage|p2a: Gyarados|18\/100 brn|[from] brn\n|upkeep\n|turn|10\n|inactive|tezminator has 30 seconds left.\n|inactive|RonJohn has 30 seconds left.\n|inactive|RonJohn has 20 seconds left.\n|inactive|RonJohn has 15 seconds left.\n|\n|t:|1683771491\n|switch|p2a: Flutter Mane|Flutter Mane, L50|17\/100\n|move|p2b: Dragonite|Dragon Dance|p2b: Dragonite\n|-boost|p2b: Dragonite|atk|1\n|-boost|p2b: Dragonite|spe|1\n|cant|p1a: Volcarona|par\n|move|p1b: Tsareena|Trop Kick|p2b: Dragonite\n|-resisted|p2b: Dragonite\n|-damage|p2b: Dragonite|88\/100\n|-unboost|p2b: Dragonite|atk|1\n|\n|upkeep\n|turn|11\n|c|\u2606tezminator|that paralyze just won\n|c|\u2606tezminator|gg\n|\n|t:|1683771513\n|-terastallize|p2a: Flutter Mane|Fairy\n|move|p1b: Tsareena|Protect|p1b: Tsareena\n|-singleturn|p1b: Tsareena|Protect\n|move|p2a: Flutter Mane|Dazzling Gleam|p1b: Tsareena|[spread] p1a\n|-activate|p1b: Tsareena|move: Protect\n|-damage|p1a: Volcarona|0 fnt\n|faint|p1a: Volcarona\n|move|p2b: Dragonite|Dragon Dance|p2b: Dragonite\n|-boost|p2b: Dragonite|atk|1\n|-boost|p2b: Dragonite|spe|1\n|\n|upkeep\n|\n|t:|1683771523\n|switch|p1a: Ian Anderson|Mudsdale, L50, F|100\/100\n|turn|12\n|\n|t:|1683771541\n|-end|p2a: Flutter Mane|Protosynthesis|[silent]\n|switch|p2a: Gyarados|Gyarados, L50, M|18\/100 brn\n|-ability|p2a: Gyarados|Intimidate|boost\n|-unboost|p1a: Ian Anderson|atk|1\n|-unboost|p1b: Tsareena|atk|1\n|move|p2b: Dragonite|Ice Spinner|p1b: Tsareena\n|-supereffective|p1b: Tsareena\n|-damage|p1b: Tsareena|0 fnt\n|faint|p1b: Tsareena\n|move|p1a: Ian Anderson|Stone Edge|p2b: Dragonite|[miss]\n|-miss|p1a: Ian Anderson|p2b: Dragonite\n|\n|-damage|p2a: Gyarados|12\/100 brn|[from] brn\n|upkeep\n|turn|13\n|inactive|RonJohn has 30 seconds left.\n|\n|t:|1683771566\n|move|p2b: Dragonite|Ice Spinner|p1a: Ian Anderson\n|-supereffective|p1a: Ian Anderson\n|-damage|p1a: Ian Anderson|69\/100\n|-ability|p1a: Ian Anderson|Stamina|boost\n|-boost|p1a: Ian Anderson|def|1\n|move|p2a: Gyarados|Taunt|p1a: Ian Anderson\n|-start|p1a: Ian Anderson|move: Taunt\n|move|p1a: Ian Anderson|Stone Edge|p2b: Dragonite\n|-supereffective|p2b: Dragonite\n|-damage|p2b: Dragonite|47\/100\n|\n|-damage|p2a: Gyarados|6\/100 brn|[from] brn\n|upkeep\n|turn|14\n|inactive|RonJohn has 30 seconds left.\n|c|\u2606tezminator|my dude, i'm using assault vest\n|c|\u2606tezminator|there are no status moves\n|inactive|tezminator has 30 seconds left.\n|c|\u2606tezminator|just click buttons to win\n|c|\u2606tezminator|attacking buttons i mean\n|\n|t:|1683771601\n|move|p2b: Dragonite|Dragon Dance|p2b: Dragonite\n|-boost|p2b: Dragonite|atk|1\n|-boost|p2b: Dragonite|spe|1\n|move|p2a: Gyarados|Rain Dance|p2a: Gyarados\n|-weather|RainDance\n|move|p1a: Ian Anderson|Stone Edge|p2b: Dragonite\n|-supereffective|p2b: Dragonite\n|-crit|p2b: Dragonite\n|-damage|p2b: Dragonite|0 fnt\n|faint|p2b: Dragonite\n|\n|-weather|RainDance|[upkeep]\n|-damage|p2a: Gyarados|0 fnt|[from] brn\n|faint|p2a: Gyarados\n|upkeep\n|inactive|RonJohn has 25 seconds left this turn.\n|inactive|RonJohn has 20 seconds left.\n|inactive|RonJohn has 15 seconds left.\n|c|\u2606tezminator|...\n|\n|t:|1683771616\n|switch|p2b: Flutter Mane|Flutter Mane, L50, tera:Fairy|17\/100\n|turn|15\n|inactive|RonJohn has 15 seconds left this turn.\n|inactive|RonJohn has 10 seconds left.\n|\n|t:|1683771624\n|move|p2b: Flutter Mane|Moonblast|p1a: Ian Anderson\n|-crit|p1a: Ian Anderson\n|-damage|p1a: Ian Anderson|0 fnt\n|faint|p1a: Ian Anderson\n|\n|win|RonJohn\n|inactive|RonJohn has 10 seconds left this turn.\n|raw|tezminator's rating: 1067 → 1050<\/strong> (-17 for losing)\n|raw|RonJohn's rating: 1120 → 1141<\/strong> (+21 for winning)\n","uploadtime":1683771633,"views":20,"p1id":"tezminator","p2id":"ronjohn","formatid":"gen9vgc2023regulationc","rating":1050,"private":0,"password":""}