{"id":"gen9vgc2023regulationc-1851151119","p1":"Ethereal731","p2":"Justacasualbattler","format":"[Gen 9] VGC 2023 Regulation C","log":"|j|\u2606Ethereal731\n|j|\u2606Justacasualbattler\n|t:|1682417523\n|gametype|doubles\n|player|p1|Ethereal731|266|\n|player|p2|Justacasualbattler|jogger|\n|teamsize|p1|6\n|teamsize|p2|6\n|gen|9\n|tier|[Gen 9] VGC 2023 Regulation C\n|rule|Species Clause: Limit one of each Pok\u00e9mon\n|rule|Item Clause: Limit one of each item\n|clearpoke\n|poke|p1|Amoonguss, L50, M|\n|poke|p1|Ting-Lu, L50|\n|poke|p1|Arcanine, L50, M|\n|poke|p1|Palafin, L50, F|\n|poke|p1|Chi-Yu, L50|\n|poke|p1|Flutter Mane, L50|\n|poke|p2|Chien-Pao, L50|\n|poke|p2|Palafin, L50, M|\n|poke|p2|Ceruledge, L50, F|\n|poke|p2|Flutter Mane, L50|\n|poke|p2|Espeon, L50, M|\n|poke|p2|Iron Hands, L50|\n|teampreview|4\n|\n|t:|1682417547\n|start\n|switch|p1a: funny croc|Ting-Lu, L50|100\/100\n|switch|p1b: body of ruin|Palafin, L50, F|100\/100\n|switch|p2a: Superman|Palafin, L50, M, shiny|100\/100\n|switch|p2b: Tiger Piss|Chien-Pao, L50|100\/100\n|-ability|p2b: Tiger Piss|Sword of Ruin\n|-ability|p1a: funny croc|Vessel of Ruin\n|turn|1\n|\n|t:|1682417570\n|-terastallize|p2a: Superman|Water\n|move|p2b: Tiger Piss|Icicle Crash|p1a: funny croc\n|-supereffective|p1a: funny croc\n|-damage|p1a: funny croc|42\/100\n|move|p2a: Superman|Flip Turn|p1a: funny croc\n|-supereffective|p1a: funny croc\n|-damage|p1a: funny croc|0 fnt\n|faint|p1a: funny croc\n|\n|t:|1682417579\n|detailschange|p2a: Superman|Palafin-Hero, L50, M, shiny, tera:Water\n|switch|p2a: Suumo|Iron Hands, L50|100\/100|[from] Flip Turn\n|move|p1b: body of ruin|Close Combat|p2a: Suumo\n|-damage|p2a: Suumo|70\/100\n|-unboost|p1b: body of ruin|def|1\n|-unboost|p1b: body of ruin|spd|1\n|\n|upkeep\n|\n|t:|1682417583\n|switch|p1a: lapulapu|Chi-Yu, L50|100\/100\n|-ability|p1a: lapulapu|Beads of Ruin\n|turn|2\n|\n|t:|1682417600\n|switch|p2b: Superman|Palafin-Hero, L50, M, shiny, tera:Water|100\/100\n|-activate|p2b: Superman|ability: Zero to Hero\n|detailschange|p1b: body of ruin|Palafin-Hero, L50, F\n|switch|p1b: jesus christ|Flutter Mane, L50|100\/100\n|-enditem|p1b: jesus christ|Booster Energy\n|-activate|p1b: jesus christ|ability: Protosynthesis|[fromitem]\n|-start|p1b: jesus christ|protosynthesisspe\n|move|p1a: lapulapu|Heat Wave|p2b: Superman|[spread] p2a,p2b\n|-resisted|p2b: Superman\n|-damage|p2a: Suumo|41\/100\n|-damage|p2b: Superman|71\/100\n|-status|p2a: Suumo|brn\n|move|p2a: Suumo|Thunder Punch|p1b: jesus christ\n|-damage|p1b: jesus christ|52\/100\n|\n|-damage|p2a: Suumo|35\/100 brn|[from] brn\n|upkeep\n|turn|3\n|\n|t:|1682417632\n|move|p2b: Superman|Jet Punch|p1a: lapulapu\n|-supereffective|p1a: lapulapu\n|-damage|p1a: lapulapu|0 fnt\n|faint|p1a: lapulapu\n|move|p1b: jesus christ|Dazzling Gleam|p2b: Superman|[spread] p2a,p2b\n|-supereffective|p2a: Suumo\n|-damage|p2a: Suumo|0 fnt\n|-damage|p2b: Superman|31\/100\n|faint|p2a: Suumo\n|-end|p2a: Suumo|Quark Drive|[silent]\n|\n|upkeep\n|\n|t:|1682417645\n|switch|p1a: body of ruin|Palafin-Hero, L50, F|100\/100\n|switch|p2a: Tiger Piss|Chien-Pao, L50|100\/100\n|-ability|p2a: Tiger Piss|Sword of Ruin\n|-activate|p1a: body of ruin|ability: Zero to Hero\n|turn|4\n|\n|t:|1682417669\n|move|p2a: Tiger Piss|Sucker Punch|p1b: jesus christ\n|-damage|p1b: jesus christ|0 fnt\n|faint|p1b: jesus christ\n|-end|p1b: jesus christ|Protosynthesis|[silent]\n|move|p2b: Superman|Jet Punch|p1a: body of ruin\n|-resisted|p1a: body of ruin\n|-damage|p1a: body of ruin|55\/100\n|move|p1a: body of ruin|Close Combat|p2a: Tiger Piss\n|-supereffective|p2a: Tiger Piss\n|-damage|p2a: Tiger Piss|0 fnt\n|-unboost|p1a: body of ruin|def|1\n|-unboost|p1a: body of ruin|spd|1\n|faint|p2a: Tiger Piss\n|\n|upkeep\n|\n|t:|1682417681\n|switch|p2a: Meta Knight|Ceruledge, L50, F, shiny|100\/100\n|turn|5\n|\n|t:|1682417689\n|-terastallize|p1a: body of ruin|Water\n|move|p2b: Superman|Jet Punch|p1a: body of ruin\n|-resisted|p1a: body of ruin\n|-damage|p1a: body of ruin|2\/100\n|move|p1a: body of ruin|Jet Punch|p2a: Meta Knight\n|-supereffective|p2a: Meta Knight\n|-damage|p2a: Meta Knight|0 fnt\n|faint|p2a: Meta Knight\n|\n|upkeep\n|turn|6\n|\n|t:|1682417706\n|move|p2b: Superman|Jet Punch|p1a: body of ruin\n|-resisted|p1a: body of ruin\n|-damage|p1a: body of ruin|0 fnt\n|faint|p1a: body of ruin\n|\n|win|Justacasualbattler\n|l|\u2606Ethereal731\n|c|\u2606Justacasualbattler|gg\n","uploadtime":1682417721,"views":14,"p1id":"ethereal731","p2id":"justacasualbattler","formatid":"gen9vgc2023regulationc","rating":0,"private":0,"password":""}