{"id":"gen9vgc2023regulationc-1861167061","p1":"Funniname.jpg","p2":"UnviableCharacter","format":"[Gen 9] VGC 2023 Regulation C","log":"|j|\u2606Funniname.jpg\n|j|\u2606UnviableCharacter\n|t:|1683732441\n|gametype|doubles\n|player|p1|Funniname.jpg|clown|1044\n|player|p2|UnviableCharacter|burglar|1000\n|teamsize|p1|6\n|teamsize|p2|6\n|gen|9\n|tier|[Gen 9] VGC 2023 Regulation C\n|rated|\n|rule|Species Clause: Limit one of each Pok\u00e9mon\n|rule|Item Clause: Limit one of each item\n|clearpoke\n|poke|p1|Annihilape, L50, M|\n|poke|p1|Baxcalibur, L50, M|\n|poke|p1|Chi-Yu, L50|\n|poke|p1|Dragapult, L50, M|\n|poke|p1|Espathra, L50, M|\n|poke|p1|Flutter Mane, L50|\n|poke|p2|Sunflora, L50, F|\n|poke|p2|Torkoal, L50, F|\n|poke|p2|Bronzong, L50|\n|poke|p2|Lilligant, L50, F|\n|poke|p2|Flutter Mane, L50|\n|poke|p2|Iron Hands, L50|\n|teampreview|4\n|\n|t:|1683732473\n|start\n|switch|p1a: C is for|Chi-Yu, L50|100\/100\n|switch|p1b: B is for|Baxcalibur, L50, M|100\/100\n|switch|p2a: Bronzong|Bronzong, L50|100\/100\n|switch|p2b: Iron Hands|Iron Hands, L50|100\/100\n|-ability|p1a: C is for|Beads of Ruin\n|turn|1\n|\n|t:|1683732499\n|-terastallize|p1b: B is for|Dragon\n|move|p2b: Iron Hands|Fake Out|p1a: C is for\n|-crit|p1a: C is for\n|-damage|p1a: C is for|59\/100\n|cant|p1a: C is for|flinch\n|move|p1b: B is for|Glaive Rush|p2b: Iron Hands\n|-damage|p2b: Iron Hands|27\/100\n|-singlemove|p1b: B is for|Glaive Rush|[silent]\n|move|p2a: Bronzong|Trick Room|p2a: Bronzong\n|-fieldstart|move: Trick Room|[of] p2a: Bronzong\n|\n|upkeep\n|turn|2\n|\n|t:|1683732548\n|move|p1b: B is for|Ice Shard|p2b: Iron Hands\n|-damage|p2b: Iron Hands|10\/100\n|move|p2a: Bronzong|Gyro Ball|p1b: B is for\n|-damage|p1b: B is for|66\/100\n|move|p2b: Iron Hands|Drain Punch|p1a: C is for\n|-supereffective|p1a: C is for\n|-damage|p1a: C is for|0 fnt\n|-heal|p2b: Iron Hands|25\/100|[from] drain|[of] p1a: C is for\n|faint|p1a: C is for\n|\n|upkeep\n|\n|t:|1683732562\n|switch|p1a: A is for|Annihilape, L50, M, shiny|100\/100\n|turn|3\n|\n|t:|1683732589\n|move|p2a: Bronzong|Helping Hand|p2b: Iron Hands\n|-singleturn|p2b: Iron Hands|Helping Hand|[of] p2a: Bronzong\n|move|p1b: B is for|Ice Shard|p2b: Iron Hands\n|-damage|p2b: Iron Hands|10\/100\n|move|p2b: Iron Hands|Close Combat|p1b: B is for\n|-damage|p1b: B is for|0 fnt\n|-unboost|p2b: Iron Hands|def|1\n|-unboost|p2b: Iron Hands|spd|1\n|faint|p1b: B is for\n|move|p1a: A is for|Drain Punch|p2b: Iron Hands\n|-damage|p2b: Iron Hands|0 fnt\n|faint|p2b: Iron Hands\n|-end|p2b: Iron Hands|Quark Drive|[silent]\n|\n|upkeep\n|\n|t:|1683732607\n|switch|p2b: Torkoal|Torkoal, L50, F|100\/100\n|switch|p1b: F is for|Flutter Mane, L50|100\/100\n|-weather|SunnyDay|[from] ability: Drought|[of] p2b: Torkoal\n|-activate|p1b: F is for|ability: Protosynthesis\n|-start|p1b: F is for|protosynthesisspa\n|turn|4\n|inactive|Battle timer is ON: inactive players will automatically lose when time's up. (requested by UnviableCharacter)\n|\n|t:|1683732636\n|-terastallize|p2b: Torkoal|Fire\n|move|p2a: Bronzong|Helping Hand|p2b: Torkoal\n|-singleturn|p2b: Torkoal|Helping Hand|[of] p2a: Bronzong\n|move|p2b: Torkoal|Eruption|p1b: F is for|[spread] p1a,p1b\n|-damage|p1a: A is for|14\/100\n|-damage|p1b: F is for|0 fnt\n|faint|p1b: F is for\n|-end|p1b: F is for|Protosynthesis|[silent]\n|move|p1a: A is for|Rage Fist|p2a: Bronzong\n|-supereffective|p2a: Bronzong\n|-enditem|p2a: Bronzong|Kasib Berry|[eat]\n|-enditem|p2a: Bronzong|Kasib Berry|[weaken]\n|-damage|p2a: Bronzong|54\/100\n|\n|-weather|SunnyDay|[upkeep]\n|upkeep\n|turn|5\n|\n|t:|1683732658\n|move|p2b: Torkoal|Eruption|p1a: A is for\n|-damage|p1a: A is for|0 fnt\n|faint|p1a: A is for\n|\n|win|UnviableCharacter\n|raw|Funniname.jpg's rating: 1044 → 1025<\/strong> (-19 for losing)\n|raw|UnviableCharacter's rating: 1000 → 1045<\/strong> (+45 for winning)\n|c|\u2606UnviableCharacter|gg\n","uploadtime":1683732691,"views":4,"p1id":"funninamejpg","p2id":"unviablecharacter","formatid":"gen9vgc2023regulationc","rating":1025,"private":0,"password":""}