{"id":"gen9vgc2023regulationc-1861506839","p1":"Prometheus756","p2":"Millie Jean","format":"[Gen 9] VGC 2023 Regulation C","log":"|j|\u2606Prometheus756\n|j|\u2606Millie Jean\n|t:|1683766354\n|gametype|doubles\n|player|p1|Prometheus756|pokefan-gen4|1369\n|player|p2|Millie Jean|whitney|1285\n|teamsize|p1|6\n|teamsize|p2|6\n|gen|9\n|tier|[Gen 9] VGC 2023 Regulation C\n|rated|\n|rule|Species Clause: Limit one of each Pok\u00e9mon\n|rule|Item Clause: Limit one of each item\n|clearpoke\n|poke|p1|Palafin, L50, F|\n|poke|p1|Klefki, L50, M|\n|poke|p1|Baxcalibur, L50, M|\n|poke|p1|Iron Bundle, L50|\n|poke|p1|Chi-Yu, L50|\n|poke|p1|Flutter Mane, L50|\n|poke|p2|Wo-Chien, L50|\n|poke|p2|Glimmora, L50, M|\n|poke|p2|Dondozo, L50, M|\n|poke|p2|Tatsugiri, L50, F|\n|poke|p2|Arcanine, L50, F|\n|poke|p2|Flutter Mane, L50|\n|teampreview|4\n|inactive|Battle timer is ON: inactive players will automatically lose when time's up. (requested by Millie Jean)\n|inactive|Prometheus756 has 60 seconds left.\n|inactive|Millie Jean has 60 seconds left.\nMillie Jean has agreed to open team sheets.\n|inactive|Millie Jean has 30 seconds left.\n|inactive|Millie Jean has 20 seconds left.\nPrometheus756 rejected open team sheets.\n|inactive|Millie Jean has 15 seconds left.\n|inactive|Millie Jean has 10 seconds left.\n|\n|t:|1683766436\n|start\n|switch|p1a: Klefki|Klefki, L50, M|100\/100\n|switch|p1b: Chi-Yu|Chi-Yu, L50|100\/100\n|switch|p2a: Glimmora|Glimmora, L50, M|100\/100\n|switch|p2b: Arcanine|Arcanine, L50, F|100\/100\n|-ability|p1b: Chi-Yu|Beads of Ruin\n|-ability|p2b: Arcanine|Intimidate|boost\n|-unboost|p1a: Klefki|atk|1\n|-unboost|p1b: Chi-Yu|atk|1\n|turn|1\n|inactive|Prometheus756 has 30 seconds left.\n|inactive|Millie Jean has 30 seconds left.\n|inactive|Millie Jean has 20 seconds left.\n|\n|t:|1683766474\n|-terastallize|p1b: Chi-Yu|Water\n|move|p1a: Klefki|Metal Sound|p2a: Glimmora\n|-unboost|p2a: Glimmora|spd|2\n|move|p1b: Chi-Yu|Tera Blast|p2a: Glimmora\n|-supereffective|p2a: Glimmora\n|-enditem|p2a: Glimmora|Focus Sash\n|-damage|p2a: Glimmora|1\/100\n|move|p2b: Arcanine|Flare Blitz|p1a: Klefki\n|-supereffective|p1a: Klefki\n|-damage|p1a: Klefki|15\/100\n|-status|p1a: Klefki|brn\n|-damage|p2b: Arcanine|77\/100|[from] Recoil\n|move|p2a: Glimmora|Earth Power|p1a: Klefki\n|-supereffective|p1a: Klefki\n|-damage|p1a: Klefki|0 fnt\n|faint|p1a: Klefki\n|\n|upkeep\n|inactive|Prometheus756 has 30 seconds left.\n|\n|t:|1683766503\n|switch|p1a: Flutter Mane|Flutter Mane, L50|100\/100\n|turn|2\n|\n|t:|1683766512\n|move|p2b: Arcanine|Extreme Speed|p2a: Glimmora\n|-resisted|p2a: Glimmora\n|-damage|p2a: Glimmora|0 fnt\n|-activate|p2a: Glimmora|ability: Toxic Debris\n|-sidestart|p1: Prometheus756|move: Toxic Spikes\n|faint|p2a: Glimmora\n|move|p1b: Chi-Yu|Tera Blast|p2b: Arcanine\n|-supereffective|p2b: Arcanine\n|-damage|p2b: Arcanine|0 fnt\n|faint|p2b: Arcanine\n|move|p1a: Flutter Mane|Dazzling Gleam|p2: Glimmora|[notarget]\n|-fail|p1a: Flutter Mane\n|\n|upkeep\n|\n|t:|1683766524\n|switch|p2b: Tatsugiri|Tatsugiri, L50, F|100\/100\n|switch|p2a: Dondozo|Dondozo, L50, M|100\/100\n|-activate|p2b: Tatsugiri|ability: Commander|[of] p2a: Dondozo\n|-boost|p2a: Dondozo|atk|2\n|-boost|p2a: Dondozo|spa|2\n|-boost|p2a: Dondozo|spe|2\n|-boost|p2a: Dondozo|def|2\n|-boost|p2a: Dondozo|spd|2\n|turn|3\n|\n|t:|1683766546\n|switch|p1b: Iron Bundle|Iron Bundle, L50|100\/100\n|-enditem|p1b: Iron Bundle|Booster Energy\n|-activate|p1b: Iron Bundle|ability: Quark Drive|[fromitem]\n|-start|p1b: Iron Bundle|quarkdrivespe\n|-status|p1b: Iron Bundle|psn\n|move|p1a: Flutter Mane|Dazzling Gleam|p2a: Dondozo|[spread] p2a\n|-miss|p1a: Flutter Mane|p2b: Tatsugiri\n|-damage|p2a: Dondozo|80\/100\n|move|p2a: Dondozo|Earthquake|p1b: Iron Bundle|[spread] p1a,p1b\n|-miss|p2a: Dondozo|p2b: Tatsugiri\n|-damage|p1a: Flutter Mane|20\/100\n|-damage|p1b: Iron Bundle|55\/100 psn\n|\n|-heal|p2a: Dondozo|86\/100|[from] item: Leftovers\n|-damage|p1b: Iron Bundle|43\/100 psn|[from] psn\n|upkeep\n|turn|4\n|\n|t:|1683766568\n|-end|p1a: Flutter Mane|Protosynthesis|[silent]\n|switch|p1a: Chi-Yu|Chi-Yu, L50, tera:Water|100\/100\n|-status|p1a: Chi-Yu|psn\n|-ability|p1a: Chi-Yu|Beads of Ruin\n|move|p2a: Dondozo|Protect|p2a: Dondozo\n|-singleturn|p2a: Dondozo|Protect\n|move|p1b: Iron Bundle|Freeze-Dry|p2a: Dondozo\n|-activate|p2a: Dondozo|move: Protect\n|\n|-heal|p2a: Dondozo|93\/100|[from] item: Leftovers\n|-damage|p1b: Iron Bundle|31\/100 psn|[from] psn\n|-damage|p1a: Chi-Yu|88\/100 psn|[from] psn\n|upkeep\n|turn|5\n|inactive|Prometheus756 has 30 seconds left.\n|\n|t:|1683766596\n|-terastallize|p2a: Dondozo|Fire\n|move|p1b: Iron Bundle|Encore|p2a: Dondozo\n|-start|p2a: Dondozo|Encore\n|move|p1a: Chi-Yu|Dark Pulse|p2a: Dondozo\n|-damage|p2a: Dondozo|67\/100\n|move|p2a: Dondozo|Protect||[still]\n|-fail|p2a: Dondozo\n|\n|-heal|p2a: Dondozo|73\/100|[from] item: Leftovers\n|-damage|p1b: Iron Bundle|19\/100 psn|[from] psn\n|-damage|p1a: Chi-Yu|76\/100 psn|[from] psn\n|upkeep\n|turn|6\n|inactive|Prometheus756 has 30 seconds left.\n|inactive|Prometheus756 has 20 seconds left.\n|inactive|Prometheus756 has 15 seconds left.\n|inactive|Prometheus756 has 10 seconds left.\n|\n|t:|1683766643\n|switch|p1a: Flutter Mane|Flutter Mane, L50|20\/100\n|-status|p1a: Flutter Mane|psn\n|move|p2a: Dondozo|Protect|p2a: Dondozo\n|-singleturn|p2a: Dondozo|Protect\n|move|p1b: Iron Bundle|Freeze-Dry|p2a: Dondozo\n|-activate|p2a: Dondozo|move: Protect\n|\n|-heal|p2a: Dondozo|79\/100|[from] item: Leftovers\n|-damage|p1b: Iron Bundle|7\/100 psn|[from] psn\n|-damage|p1a: Flutter Mane|8\/100 psn|[from] psn\n|upkeep\n|turn|7\n|\n|t:|1683766654\n|-end|p1b: Iron Bundle|Quark Drive|[silent]\n|switch|p1b: Chi-Yu|Chi-Yu, L50, tera:Water|76\/100 psn\n|-ability|p1b: Chi-Yu|Beads of Ruin\n|move|p2a: Dondozo|Protect||[still]\n|-fail|p2a: Dondozo\n|move|p1a: Flutter Mane|Moonblast|p2a: Dondozo\n|-resisted|p2a: Dondozo\n|-damage|p2a: Dondozo|56\/100\n|\n|-heal|p2a: Dondozo|62\/100|[from] item: Leftovers\n|-damage|p1b: Chi-Yu|64\/100 psn|[from] psn\n|-damage|p1a: Flutter Mane|0 fnt|[from] psn\n|faint|p1a: Flutter Mane\n|-end|p1a: Flutter Mane|Protosynthesis|[silent]\n|-end|p2a: Dondozo|Encore\n|upkeep\n|\n|t:|1683766663\n|switch|p1a: Iron Bundle|Iron Bundle, L50|7\/100 psn\n|turn|8\n|\n|t:|1683766673\n|move|p1b: Chi-Yu|Tera Blast|p2a: Dondozo\n|-supereffective|p2a: Dondozo\n|-damage|p2a: Dondozo|18\/100\n|move|p1a: Iron Bundle|Encore|p2a: Dondozo\n|-start|p2a: Dondozo|Encore\n|move|p2a: Dondozo|Protect||[still]\n|-fail|p2a: Dondozo\n|\n|-heal|p2a: Dondozo|24\/100|[from] item: Leftovers\n|-damage|p1b: Chi-Yu|51\/100 psn|[from] psn\n|-damage|p1a: Iron Bundle|0 fnt|[from] psn\n|faint|p1a: Iron Bundle\n|-end|p1a: Iron Bundle|Quark Drive|[silent]\n|upkeep\n|turn|9\n|\n|t:|1683766684\n|move|p2a: Dondozo|Protect|p2a: Dondozo\n|-singleturn|p2a: Dondozo|Protect\n|move|p1b: Chi-Yu|Tera Blast|p2a: Dondozo\n|-activate|p2a: Dondozo|move: Protect\n|\n|-heal|p2a: Dondozo|30\/100|[from] item: Leftovers\n|-damage|p1b: Chi-Yu|39\/100 psn|[from] psn\n|upkeep\n|turn|10\n|\n|t:|1683766694\n|move|p2a: Dondozo|Protect||[still]\n|-fail|p2a: Dondozo\n|move|p1b: Chi-Yu|Tera Blast|p2a: Dondozo\n|-supereffective|p2a: Dondozo\n|-damage|p2a: Dondozo|0 fnt\n|faint|p2a: Dondozo\n|\n|-damage|p1b: Chi-Yu|27\/100 psn|[from] psn\n|upkeep\n|turn|11\n|c|\u2606Millie Jean|gg wp\n|\n|t:|1683766707\n|move|p1b: Chi-Yu|Tera Blast|p2b: Tatsugiri\n|-resisted|p2b: Tatsugiri\n|-damage|p2b: Tatsugiri|82\/100\n|move|p2b: Tatsugiri|Dragon Pulse|p1b: Chi-Yu\n|-damage|p1b: Chi-Yu|0 fnt\n|faint|p1b: Chi-Yu\n|\n|win|Millie Jean\n|raw|Prometheus756's rating: 1369 → 1344<\/strong> (-25 for losing)\n|raw|Millie Jean's rating: 1285 → 1316<\/strong> (+31 for winning)\n|l|\u2606Prometheus756\n","uploadtime":1683766721,"views":12,"p1id":"prometheus756","p2id":"milliejean","formatid":"gen9vgc2023regulationc","rating":1316,"private":0,"password":""}