{"id":"gen9vgc2023regulationc-1845446345","p1":"SwedeLRL","p2":"TheUnigam2","format":"[Gen 9] VGC 2023 Regulation C","log":"|j|\u2606SwedeLRL\n|j|\u2606TheUnigam2\n|t:|1681734245\n|gametype|doubles\n|player|p1|SwedeLRL|2|1169\n|player|p2|TheUnigam2|170|1136\n|teamsize|p1|6\n|teamsize|p2|6\n|gen|9\n|tier|[Gen 9] VGC 2023 Regulation C\n|rated|\n|rule|Species Clause: Limit one of each Pok\u00e9mon\n|rule|Item Clause: Limit one of each item\n|clearpoke\n|poke|p1|Flutter Mane, L50|\n|poke|p1|Arcanine, L50, F|\n|poke|p1|Amoonguss, L50, M|\n|poke|p1|Palafin, L50, M|\n|poke|p1|Zoroark, L50, F|\n|poke|p1|Gyarados, L50, F|\n|poke|p2|Flutter Mane, L50|\n|poke|p2|Breloom, L50, F|\n|poke|p2|Amoonguss, L50, M|\n|poke|p2|Gyarados, L50, F|\n|poke|p2|Arcanine, L50, M|\n|poke|p2|Chien-Pao, L50|\n|teampreview|4\n|\n|t:|1681734298\n|start\n|switch|p1a: Palafin|Palafin, L50, M|100\/100\n|switch|p1b: Arcanine|Arcanine, L50, F|100\/100\n|switch|p2a: Flutter Mane|Flutter Mane, L50, shiny|100\/100\n|switch|p2b: Gyarados|Gyarados, L50, F, shiny|100\/100\n|-ability|p1b: Arcanine|Intimidate|boost\n|-unboost|p2a: Flutter Mane|atk|1\n|-unboost|p2b: Gyarados|atk|1\n|-ability|p2b: Gyarados|Intimidate|boost\n|-unboost|p1a: Palafin|atk|1\n|-unboost|p1b: Arcanine|atk|1\n|turn|1\n|\n|t:|1681734324\n|detailschange|p1a: Palafin|Palafin-Hero, L50, M\n|switch|p1a: Amoonguss|Amoonguss, L50, M|100\/100\n|move|p2a: Flutter Mane|Substitute|p2a: Flutter Mane\n|-start|p2a: Flutter Mane|Substitute\n|-damage|p2a: Flutter Mane|76\/100\n|move|p1b: Arcanine|Will-O-Wisp|p2b: Gyarados\n|-status|p2b: Gyarados|brn\n|move|p2b: Gyarados|Thunder Wave|p1b: Arcanine|[miss]\n|-miss|p2b: Gyarados|p1b: Arcanine\n|\n|-heal|p2a: Flutter Mane|82\/100|[from] item: Leftovers\n|-damage|p2b: Gyarados|94\/100 brn|[from] brn\n|upkeep\n|turn|2\n|\n|t:|1681734343\n|move|p2a: Flutter Mane|Protect|p2a: Flutter Mane\n|-singleturn|p2a: Flutter Mane|Protect\n|move|p1b: Arcanine|Flare Blitz|p2a: Flutter Mane\n|-activate|p2a: Flutter Mane|move: Protect\n|move|p2b: Gyarados|Thunder Wave|p1a: Amoonguss\n|-status|p1a: Amoonguss|par\n|move|p1a: Amoonguss|Spore|p2a: Flutter Mane\n|-activate|p2a: Flutter Mane|move: Protect\n|\n|-heal|p2a: Flutter Mane|87\/100|[from] item: Leftovers\n|-damage|p2b: Gyarados|88\/100 brn|[from] brn\n|upkeep\n|turn|3\n|\n|t:|1681734369\n|move|p2a: Flutter Mane|Hex|p1a: Amoonguss\n|-damage|p1a: Amoonguss|48\/100 par\n|-enditem|p1a: Amoonguss|Sitrus Berry|[eat]\n|-heal|p1a: Amoonguss|73\/100 par|[from] item: Sitrus Berry\n|move|p1b: Arcanine|Flare Blitz|p2a: Flutter Mane\n|-end|p2a: Flutter Mane|Substitute\n|-damage|p1b: Arcanine|94\/100|[from] Recoil|[of] p2a: Flutter Mane\n|move|p2b: Gyarados|Thunder Wave|p1b: Arcanine\n|-status|p1b: Arcanine|par\n|move|p1a: Amoonguss|Spore|p2a: Flutter Mane\n|-status|p2a: Flutter Mane|slp|[from] move: Spore\n|\n|-heal|p2a: Flutter Mane|93\/100 slp|[from] item: Leftovers\n|-damage|p2b: Gyarados|82\/100 brn|[from] brn\n|upkeep\n|turn|4\n|\n|t:|1681734397\n|switch|p1a: Palafin|Palafin-Hero, L50, M|100\/100\n|-activate|p1a: Palafin|ability: Zero to Hero\n|cant|p2a: Flutter Mane|slp\n|move|p2b: Gyarados|Waterfall|p1b: Arcanine\n|-supereffective|p1b: Arcanine\n|-damage|p1b: Arcanine|59\/100 par\n|cant|p1b: Arcanine|flinch\n|\n|-heal|p2a: Flutter Mane|99\/100 slp|[from] item: Leftovers\n|-damage|p2b: Gyarados|76\/100 brn|[from] brn\n|upkeep\n|turn|5\n|\n|t:|1681734427\n|-end|p2a: Flutter Mane|Protosynthesis|[silent]\n|switch|p2a: Amoonguss|Amoonguss, L50, M|100\/100\n|switch|p1b: Amoonguss|Amoonguss, L50, M|100\/100 par\n|move|p1a: Palafin|Protect|p1a: Palafin\n|-singleturn|p1a: Palafin|Protect\n|move|p2b: Gyarados|Protect||[still]\n|-fail|p2b: Gyarados\n|\n|-damage|p2b: Gyarados|70\/100 brn|[from] brn\n|upkeep\n|turn|6\n|\n|t:|1681734457\n|switch|p1a: Arcanine|Arcanine, L50, F|59\/100 par\n|-ability|p1a: Arcanine|Intimidate|boost\n|-unboost|p2a: Amoonguss|atk|1\n|-unboost|p2b: Gyarados|atk|1\n|switch|p2b: Flutter Mane|Flutter Mane, L50, shiny|99\/100 slp\n|move|p1b: Amoonguss|Protect|p1b: Amoonguss\n|-singleturn|p1b: Amoonguss|Protect\n|move|p2a: Amoonguss|Spore||[still]\n|-fail|p2a: Amoonguss\n|\n|-heal|p2b: Flutter Mane|100\/100 slp|[from] item: Leftovers\n|upkeep\n|turn|7\n|\n|t:|1681734487\n|-terastallize|p2a: Amoonguss|Water\n|move|p2a: Amoonguss|Rage Powder|p2a: Amoonguss\n|-singleturn|p2a: Amoonguss|move: Rage Powder\n|cant|p2b: Flutter Mane|slp\n|move|p1a: Arcanine|Flare Blitz|p2a: Amoonguss\n|-resisted|p2a: Amoonguss\n|-damage|p2a: Amoonguss|77\/100\n|-damage|p1a: Arcanine|49\/100 par|[from] Recoil\n|move|p1b: Amoonguss|Pollen Puff|p1a: Arcanine\n|-heal|p1a: Arcanine|99\/100 par\n|\n|upkeep\n|turn|8\n|\n|t:|1681734522\n|switch|p1b: Flutter Mane|Flutter Mane, L50|100\/100\n|-enditem|p1b: Flutter Mane|Booster Energy\n|-activate|p1b: Flutter Mane|ability: Protosynthesis|[fromitem]\n|-start|p1b: Flutter Mane|protosynthesisspe\n|-terastallize|p1a: Arcanine|Grass\n|move|p2a: Amoonguss|Protect|p2a: Amoonguss\n|-singleturn|p2a: Amoonguss|Protect\n|-curestatus|p2b: Flutter Mane|slp|[msg]\n|move|p2b: Flutter Mane|Substitute|p2b: Flutter Mane\n|-start|p2b: Flutter Mane|Substitute\n|-damage|p2b: Flutter Mane|76\/100\n|move|p1a: Arcanine|Flare Blitz|p2b: Flutter Mane\n|-end|p2b: Flutter Mane|Substitute\n|-damage|p1a: Arcanine|92\/100 par|[from] Recoil|[of] p2b: Flutter Mane\n|\n|-heal|p2b: Flutter Mane|82\/100|[from] item: Leftovers\n|upkeep\n|turn|9\n|\n|t:|1681734556\n|move|p2b: Flutter Mane|Protect|p2b: Flutter Mane\n|-singleturn|p2b: Flutter Mane|Protect\n|move|p1b: Flutter Mane|Substitute|p1b: Flutter Mane\n|-start|p1b: Flutter Mane|Substitute\n|-damage|p1b: Flutter Mane|76\/100\n|move|p1a: Arcanine|Flare Blitz|p2b: Flutter Mane\n|-activate|p2b: Flutter Mane|move: Protect\n|move|p2a: Amoonguss|Spore||[still]\n|-fail|p2a: Amoonguss\n|\n|-heal|p2b: Flutter Mane|87\/100|[from] item: Leftovers\n|upkeep\n|turn|10\n|\n|t:|1681734584\n|switch|p1a: Amoonguss|Amoonguss, L50, M|100\/100 par\n|move|p1b: Flutter Mane|Protect|p1b: Flutter Mane\n|-singleturn|p1b: Flutter Mane|Protect\n|move|p2b: Flutter Mane|Hex|p1b: Flutter Mane\n|-activate|p1b: Flutter Mane|move: Protect\n|move|p2a: Amoonguss|Pollen Puff|p1a: Amoonguss\n|-damage|p1a: Amoonguss|87\/100 par\n|\n|-heal|p2b: Flutter Mane|93\/100|[from] item: Leftovers\n|upkeep\n|turn|11\n|\n|t:|1681734604\n|move|p2a: Amoonguss|Rage Powder|p2a: Amoonguss\n|-singleturn|p2a: Amoonguss|move: Rage Powder\n|cant|p1a: Amoonguss|par\n|move|p1b: Flutter Mane|Hex|p2a: Amoonguss\n|-damage|p2a: Amoonguss|46\/100\n|-enditem|p2a: Amoonguss|Sitrus Berry|[eat]\n|-heal|p2a: Amoonguss|71\/100|[from] item: Sitrus Berry\n|move|p2b: Flutter Mane|Hex|p1b: Flutter Mane\n|-supereffective|p1b: Flutter Mane\n|-end|p1b: Flutter Mane|Substitute\n|\n|-heal|p2b: Flutter Mane|99\/100|[from] item: Leftovers\n|upkeep\n|turn|12\n|\n|t:|1681734625\n|switch|p2a: Gyarados|Gyarados, L50, F, shiny|70\/100 brn\n|-ability|p2a: Gyarados|Intimidate|boost\n|-unboost|p1a: Amoonguss|atk|1\n|-unboost|p1b: Flutter Mane|atk|1\n|move|p1b: Flutter Mane|Protect|p1b: Flutter Mane\n|-singleturn|p1b: Flutter Mane|Protect\n|move|p2b: Flutter Mane|Substitute|p2b: Flutter Mane\n|-start|p2b: Flutter Mane|Substitute\n|-damage|p2b: Flutter Mane|74\/100\n|cant|p1a: Amoonguss|par\n|\n|-heal|p2b: Flutter Mane|80\/100|[from] item: Leftovers\n|-damage|p2a: Gyarados|64\/100 brn|[from] brn\n|upkeep\n|turn|13\n|\n|t:|1681734648\n|move|p1b: Flutter Mane|Hex|p2a: Gyarados\n|-damage|p2a: Gyarados|3\/100 brn\n|move|p2b: Flutter Mane|Hex|p1b: Flutter Mane\n|-supereffective|p1b: Flutter Mane\n|-damage|p1b: Flutter Mane|14\/100\n|move|p2a: Gyarados|Thunder Wave|p1b: Flutter Mane\n|-status|p1b: Flutter Mane|par\n|move|p1a: Amoonguss|Pollen Puff|p1b: Flutter Mane\n|-heal|p1b: Flutter Mane|64\/100 par\n|\n|-heal|p2b: Flutter Mane|86\/100|[from] item: Leftovers\n|-damage|p2a: Gyarados|0 fnt|[from] brn\n|faint|p2a: Gyarados\n|upkeep\n|\n|t:|1681734663\n|switch|p2a: Amoonguss|Amoonguss, L50, M, tera:Water|100\/100\n|turn|14\n|\n|t:|1681734672\n|move|p1b: Flutter Mane|Protect|p1b: Flutter Mane\n|-singleturn|p1b: Flutter Mane|Protect\n|move|p2a: Amoonguss|Rage Powder|p2a: Amoonguss\n|-singleturn|p2a: Amoonguss|move: Rage Powder\n|move|p2b: Flutter Mane|Hex|p1a: Amoonguss\n|-damage|p1a: Amoonguss|40\/100 par\n|move|p1a: Amoonguss|Spore|p2a: Amoonguss\n|-status|p2a: Amoonguss|slp|[from] move: Spore\n|\n|-heal|p2b: Flutter Mane|92\/100|[from] item: Leftovers\n|upkeep\n|turn|15\n|\n|t:|1681734696\n|switch|p1a: Arcanine|Arcanine, L50, F, tera:Grass|92\/100 par\n|-ability|p1a: Arcanine|Intimidate|boost\n|-unboost|p2a: Amoonguss|atk|1\n|-immune|p2b: Flutter Mane\n|cant|p2a: Amoonguss|slp\n|move|p2b: Flutter Mane|Hex|p1b: Flutter Mane\n|-supereffective|p1b: Flutter Mane\n|-damage|p1b: Flutter Mane|0 fnt\n|faint|p1b: Flutter Mane\n|-end|p1b: Flutter Mane|Protosynthesis|[silent]\n|\n|-heal|p2b: Flutter Mane|98\/100|[from] item: Leftovers\n|upkeep\n|\n|t:|1681734710\n|switch|p1b: Palafin|Palafin-Hero, L50, M|100\/100\n|turn|16\n|\n|t:|1681734738\n|move|p2b: Flutter Mane|Protect|p2b: Flutter Mane\n|-singleturn|p2b: Flutter Mane|Protect\n|move|p1b: Palafin|Focus Energy|p1b: Palafin\n|-start|p1b: Palafin|move: Focus Energy\n|move|p1a: Arcanine|Tera Blast|p2a: Amoonguss\n|-supereffective|p2a: Amoonguss\n|-damage|p2a: Amoonguss|29\/100 slp\n|cant|p2a: Amoonguss|slp\n|\n|-heal|p2b: Flutter Mane|100\/100|[from] item: Leftovers\n|upkeep\n|turn|17\n|\n|t:|1681734771\n|switch|p2a: Breloom|Breloom, L50, F, shiny|100\/100\n|move|p1b: Palafin|Protect|p1b: Palafin\n|-singleturn|p1b: Palafin|Protect\n|move|p2b: Flutter Mane|Hex|p1a: Arcanine\n|-damage|p1a: Arcanine|8\/100 par\n|cant|p1a: Arcanine|par\n|\n|upkeep\n|turn|18\n|\n|t:|1681734796\n|move|p2b: Flutter Mane|Protect|p2b: Flutter Mane\n|-singleturn|p2b: Flutter Mane|Protect\n|move|p1a: Arcanine|Extreme Speed|p2a: Breloom\n|-damage|p2a: Breloom|69\/100\n|move|p1b: Palafin|Jet Punch|p2a: Breloom\n|-resisted|p2a: Breloom\n|-crit|p2a: Breloom\n|-damage|p2a: Breloom|32\/100\n|move|p2a: Breloom|Spore|p1b: Palafin\n|-status|p1b: Palafin|slp|[from] move: Spore\n|\n|upkeep\n|turn|19\n|\n|t:|1681734828\n|switch|p2a: Amoonguss|Amoonguss, L50, M, tera:Water|62\/100 slp\n|cant|p1b: Palafin|slp\n|move|p2b: Flutter Mane|Dazzling Gleam|p1b: Palafin|[spread] p1a,p1b\n|-damage|p1a: Arcanine|0 fnt\n|-damage|p1b: Palafin|69\/100 slp\n|faint|p1a: Arcanine\n|\n|upkeep\n|\n|t:|1681734836\n|switch|p1a: Amoonguss|Amoonguss, L50, M|73\/100 par\n|turn|20\n|\n|t:|1681734848\n|cant|p2a: Amoonguss|slp\n|-curestatus|p1b: Palafin|slp|[msg]\n|move|p1b: Palafin|Jet Punch|p2b: Flutter Mane\n|-crit|p2b: Flutter Mane\n|-end|p2b: Flutter Mane|Substitute\n|move|p2b: Flutter Mane|Hex|p1b: Palafin\n|-damage|p1b: Palafin|37\/100\n|move|p1a: Amoonguss|Pollen Puff|p1b: Palafin\n|-heal|p1b: Palafin|86\/100\n|\n|upkeep\n|turn|21\n|\n|t:|1681734871\n|move|p2b: Flutter Mane|Protect|p2b: Flutter Mane\n|-singleturn|p2b: Flutter Mane|Protect\n|move|p1a: Amoonguss|Rage Powder|p1a: Amoonguss\n|-singleturn|p1a: Amoonguss|move: Rage Powder\n|move|p1b: Palafin|Jet Punch|p2b: Flutter Mane\n|-activate|p2b: Flutter Mane|move: Protect\n|-curestatus|p2a: Amoonguss|slp|[msg]\n|move|p2a: Amoonguss|Spore|p1a: Amoonguss\n|-immune|p1a: Amoonguss\n|\n|upkeep\n|turn|22\n|\n|t:|1681734891\n|switch|p2a: Breloom|Breloom, L50, F, shiny|32\/100\n|cant|p1a: Amoonguss|par\n|move|p1b: Palafin|Jet Punch|p2b: Flutter Mane\n|-crit|p2b: Flutter Mane\n|-damage|p2b: Flutter Mane|2\/100\n|move|p2b: Flutter Mane|Substitute|p2b: Flutter Mane\n|-fail|p2b: Flutter Mane|move: Substitute|[weak]\n|\n|-heal|p2b: Flutter Mane|8\/100|[from] item: Leftovers\n|upkeep\n|turn|23\n|\n|t:|1681734913\n|-end|p2b: Flutter Mane|Protosynthesis|[silent]\n|switch|p2b: Amoonguss|Amoonguss, L50, M, tera:Water|96\/100\n|move|p1b: Palafin|Jet Punch|p2a: Breloom\n|-resisted|p2a: Breloom\n|-crit|p2a: Breloom\n|-damage|p2a: Breloom|0 fnt\n|faint|p2a: Breloom\n|cant|p1a: Amoonguss|par\n|\n|upkeep\n|\n|t:|1681734920\n|switch|p2a: Flutter Mane|Flutter Mane, L50, shiny|8\/100\n|turn|24\n|\n|t:|1681734953\n|move|p2a: Flutter Mane|Protect|p2a: Flutter Mane\n|-singleturn|p2a: Flutter Mane|Protect\n|move|p1a: Amoonguss|Rage Powder|p1a: Amoonguss\n|-singleturn|p1a: Amoonguss|move: Rage Powder\n|move|p1b: Palafin|Drain Punch|p2b: Amoonguss\n|-crit|p2b: Amoonguss\n|-damage|p2b: Amoonguss|53\/100\n|-heal|p1b: Palafin|100\/100|[from] drain|[of] p2b: Amoonguss\n|move|p2b: Amoonguss|Pollen Puff|p1a: Amoonguss\n|-damage|p1a: Amoonguss|59\/100 par\n|\n|-heal|p2a: Flutter Mane|14\/100|[from] item: Leftovers\n|upkeep\n|turn|25\n|\n|t:|1681734974\n|move|p2a: Flutter Mane|Protect||[still]\n|-fail|p2a: Flutter Mane\n|move|p1b: Palafin|Jet Punch|p2a: Flutter Mane\n|-crit|p2a: Flutter Mane\n|-damage|p2a: Flutter Mane|0 fnt\n|faint|p2a: Flutter Mane\n|-end|p2a: Flutter Mane|Protosynthesis|[silent]\n|move|p2b: Amoonguss|Spore|p1b: Palafin\n|-status|p1b: Palafin|slp|[from] move: Spore\n|cant|p1a: Amoonguss|par\n|\n|upkeep\n|turn|26\n|c|\u2606SwedeLRL|Gg\n|-message|TheUnigam2 forfeited.\n|\n|win|SwedeLRL\n|raw|SwedeLRL's rating: 1169 → 1192<\/strong> (+23 for winning)\n|raw|TheUnigam2's rating: 1136 → 1113<\/strong> (-23 for losing)\n|l|\u2606TheUnigam2\n","uploadtime":1681734998,"views":9,"p1id":"swedelrl","p2id":"theunigam2","formatid":"gen9vgc2023regulationc","rating":1113,"private":0,"password":""}