{"id":"gen9vgc2023regulationc-1849008811","p1":"Gorbism","p2":"Vikx_VGC","format":"[Gen 9] VGC 2023 Regulation C","log":"|j|\u2606Gorbism\n|j|\u2606Vikx_VGC\n|t:|1682138241\n|gametype|doubles\n|player|p1|Gorbism|ethan|1048\n|player|p2|Vikx_VGC|n|1043\n|teamsize|p1|6\n|teamsize|p2|6\n|gen|9\n|tier|[Gen 9] VGC 2023 Regulation C\n|rated|\n|rule|Species Clause: Limit one of each Pok\u00e9mon\n|rule|Item Clause: Limit one of each item\n|clearpoke\n|poke|p1|Tinkaton, L50, F|\n|poke|p1|Azumarill, L50, F|\n|poke|p1|Corviknight, L50, F|\n|poke|p1|Skeledirge, L50, F|\n|poke|p1|Oranguru, L50, M|\n|poke|p1|Garchomp, L50, F|\n|poke|p2|Toxtricity, L50, F|\n|poke|p2|Flutter Mane, L50|\n|poke|p2|Chi-Yu, L50|\n|poke|p2|Murkrow, L50, M|\n|poke|p2|Palafin, L50, F|\n|poke|p2|Arcanine, L50, F|\n|teampreview|4\n|inactive|Battle timer is ON: inactive players will automatically lose when time's up. (requested by Vikx_VGC)\n|inactive|Gorbism has 60 seconds left.\n|inactive|Vikx_VGC has 60 seconds left.\n|inactive|Vikx_VGC has 30 seconds left.\n|inactive|Vikx_VGC has 20 seconds left.\n|\n|t:|1682138316\n|start\n|switch|p1a: Tinkaton|Tinkaton, L50, F|100\/100\n|switch|p1b: Corviknight|Corviknight, L50, F|100\/100\n|switch|p2a: Murkrow|Murkrow, L50, M, shiny|100\/100\n|switch|p2b: Toxtricity|Toxtricity, L50, F, shiny|100\/100\n|turn|1\n|\n|t:|1682138340\n|-terastallize|p2a: Murkrow|Ghost\n|move|p2a: Murkrow|Tailwind|p2a: Murkrow\n|-sidestart|p2: Vikx_VGC|move: Tailwind\n|move|p2b: Toxtricity|Boomburst|p1b: Corviknight|[spread] p1a,p1b\n|-immune|p2a: Murkrow\n|-resisted|p1a: Tinkaton\n|-crit|p1a: Tinkaton\n|-resisted|p1b: Corviknight\n|-damage|p1a: Tinkaton|45\/100\n|-damage|p1b: Corviknight|68\/100\n|move|p1a: Tinkaton|Skill Swap|p2a: Murkrow\n|-activate|p1a: Tinkaton|move: Skill Swap|Prankster|Own Tempo|[of] p2a: Murkrow\n|move|p1b: Corviknight|Tailwind|p1b: Corviknight\n|-sidestart|p1: Gorbism|move: Tailwind\n|\n|upkeep\n|turn|2\n|inactive|Gorbism has 30 seconds left.\n|inactive|Vikx_VGC has 30 seconds left.\n|inactive|Gorbism has 20 seconds left.\n|inactive|Gorbism has 15 seconds left.\n|inactive|Vikx_VGC has 20 seconds left.\n|inactive|Vikx_VGC has 15 seconds left.\n|\n|t:|1682138391\n|move|p1a: Tinkaton|Gigaton Hammer|p2b: Toxtricity\n|-resisted|p2b: Toxtricity\n|-damage|p2b: Toxtricity|65\/100\n|move|p2a: Murkrow|Taunt|p1a: Tinkaton\n|-start|p1a: Tinkaton|move: Taunt\n|move|p2b: Toxtricity|Boomburst|p1b: Corviknight|[spread] p1a,p1b\n|-immune|p2a: Murkrow\n|-resisted|p1a: Tinkaton\n|-crit|p1a: Tinkaton\n|-resisted|p1b: Corviknight\n|-damage|p1a: Tinkaton|0 fnt\n|-damage|p1b: Corviknight|32\/100\n|faint|p1a: Tinkaton\n|move|p1b: Corviknight|Brave Bird|p2b: Toxtricity\n|-resisted|p2b: Toxtricity\n|-damage|p2b: Toxtricity|40\/100\n|-damage|p1b: Corviknight|25\/100|[from] Recoil\n|\n|upkeep\n|\n|t:|1682138407\n|switch|p1a: Oranguru|Oranguru, L50, M|100\/100\n|turn|3\n|\n|t:|1682138423\n|move|p2a: Murkrow|Thunder Wave|p1a: Oranguru\n|-status|p1a: Oranguru|par\n|move|p2b: Toxtricity|Boomburst|p1a: Oranguru|[spread] p1a,p1b\n|-immune|p2a: Murkrow\n|-resisted|p1b: Corviknight\n|-damage|p1a: Oranguru|55\/100 par\n|-damage|p1b: Corviknight|0 fnt\n|faint|p1b: Corviknight\n|move|p1a: Oranguru|Extrasensory|p2b: Toxtricity\n|-supereffective|p2b: Toxtricity\n|-damage|p2b: Toxtricity|0 fnt\n|faint|p2b: Toxtricity\n|\n|-heal|p1a: Oranguru|61\/100 par|[from] item: Leftovers\n|upkeep\n|\n|t:|1682138436\n|switch|p2b: Chi-Yu|Chi-Yu, L50|100\/100\n|switch|p1b: Garchomp|Garchomp, L50, F|100\/100\n|-ability|p2b: Chi-Yu|Beads of Ruin\n|turn|4\n|\n|t:|1682138444\n|move|p2b: Chi-Yu|Dark Pulse|p1b: Garchomp\n|-damage|p1b: Garchomp|31\/100\n|move|p1b: Garchomp|Earthquake|p2b: Chi-Yu|[spread] p2a,p2b\n|-activate|p1a: Oranguru|ability: Telepathy\n|-supereffective|p2b: Chi-Yu\n|-damage|p2a: Murkrow|61\/100\n|-damage|p2b: Chi-Yu|0 fnt\n|faint|p2b: Chi-Yu\n|move|p2a: Murkrow|Sunny Day|p2a: Murkrow\n|-weather|SunnyDay\n|move|p1a: Oranguru|Instruct|p1b: Garchomp\n|-singleturn|p1b: Garchomp|move: Instruct|[of] p1a: Oranguru\n|move|p1b: Garchomp|Earthquake|p2a: Murkrow|[spread] p2a\n|-activate|p1a: Oranguru|ability: Telepathy\n|-damage|p2a: Murkrow|18\/100\n|\n|-weather|SunnyDay|[upkeep]\n|-heal|p1a: Oranguru|68\/100 par|[from] item: Leftovers\n|-sideend|p1: Gorbism|move: Tailwind\n|-sideend|p2: Vikx_VGC|move: Tailwind\n|upkeep\n|\n|t:|1682138452\n|switch|p2b: Flutter Mane|Flutter Mane, L50, shiny|100\/100\n|-activate|p2b: Flutter Mane|ability: Protosynthesis\n|-start|p2b: Flutter Mane|protosynthesisspa\n|turn|5\n|inactive|Gorbism has 30 seconds left.\n|inactive|Gorbism has 20 seconds left.\n|inactive|Gorbism has 15 seconds left.\n|inactive|Gorbism has 10 seconds left.\n|inactive|Vikx_VGC has 30 seconds left.\n|\n|t:|1682138510\n|move|p2b: Flutter Mane|Protect|p2b: Flutter Mane\n|-singleturn|p2b: Flutter Mane|Protect\n|move|p1b: Garchomp|Protect|p1b: Garchomp\n|-singleturn|p1b: Garchomp|Protect\n|move|p2a: Murkrow|Taunt|p1a: Oranguru\n|-start|p1a: Oranguru|move: Taunt\n|move|p1a: Oranguru|Extrasensory|p2b: Flutter Mane\n|-activate|p2b: Flutter Mane|move: Protect\n|\n|-weather|SunnyDay|[upkeep]\n|-heal|p1a: Oranguru|74\/100 par|[from] item: Leftovers\n|upkeep\n|turn|6\n|\n|t:|1682138535\n|-terastallize|p1b: Garchomp|Steel\n|move|p2b: Flutter Mane|Substitute|p2b: Flutter Mane\n|-start|p2b: Flutter Mane|Substitute\n|-damage|p2b: Flutter Mane|76\/100\n|move|p1b: Garchomp|Earthquake|p2b: Flutter Mane|[spread] p2a,p2b\n|-activate|p1a: Oranguru|ability: Telepathy\n|-end|p2b: Flutter Mane|Substitute\n|-damage|p2a: Murkrow|0 fnt\n|faint|p2a: Murkrow\n|cant|p1a: Oranguru|par\n|\n|-weather|SunnyDay|[upkeep]\n|-heal|p2b: Flutter Mane|82\/100|[from] item: Leftovers\n|-heal|p1a: Oranguru|80\/100 par|[from] item: Leftovers\n|upkeep\n|turn|7\n|\n|t:|1682138551\n|move|p2b: Flutter Mane|Shadow Ball|p1b: Garchomp\n|-damage|p1b: Garchomp|0 fnt\n|faint|p1b: Garchomp\n|move|p1a: Oranguru|Extrasensory|p2b: Flutter Mane\n|-damage|p2b: Flutter Mane|56\/100\n|\n|-weather|SunnyDay|[upkeep]\n|-heal|p2b: Flutter Mane|61\/100|[from] item: Leftovers\n|-heal|p1a: Oranguru|86\/100 par|[from] item: Leftovers\n|-end|p1a: Oranguru|move: Taunt\n|upkeep\n|turn|8\n|\n|t:|1682138562\n|move|p2b: Flutter Mane|Protect|p2b: Flutter Mane\n|-singleturn|p2b: Flutter Mane|Protect\n|move|p1a: Oranguru|Extrasensory|p2b: Flutter Mane\n|-activate|p2b: Flutter Mane|move: Protect\n|\n|-weather|none\n|-end|p2b: Flutter Mane|Protosynthesis\n|-heal|p2b: Flutter Mane|67\/100|[from] item: Leftovers\n|-heal|p1a: Oranguru|92\/100 par|[from] item: Leftovers\n|upkeep\n|turn|9\n|\n|t:|1682138570\n|move|p2b: Flutter Mane|Substitute|p2b: Flutter Mane\n|-start|p2b: Flutter Mane|Substitute\n|-damage|p2b: Flutter Mane|42\/100\n|move|p1a: Oranguru|Extrasensory|p2b: Flutter Mane\n|-end|p2b: Flutter Mane|Substitute\n|\n|-heal|p2b: Flutter Mane|48\/100|[from] item: Leftovers\n|-heal|p1a: Oranguru|98\/100 par|[from] item: Leftovers\n|upkeep\n|turn|10\n|\n|t:|1682138575\n|move|p2b: Flutter Mane|Protect|p2b: Flutter Mane\n|-singleturn|p2b: Flutter Mane|Protect\n|move|p1a: Oranguru|Extrasensory|p2b: Flutter Mane\n|-activate|p2b: Flutter Mane|move: Protect\n|\n|-heal|p2b: Flutter Mane|54\/100|[from] item: Leftovers\n|-heal|p1a: Oranguru|100\/100 par|[from] item: Leftovers\n|upkeep\n|turn|11\n|\n|t:|1682138579\n|move|p2b: Flutter Mane|Dazzling Gleam|p1a: Oranguru\n|-damage|p1a: Oranguru|75\/100 par\n|move|p1a: Oranguru|Extrasensory|p2b: Flutter Mane\n|-damage|p2b: Flutter Mane|30\/100\n|\n|-heal|p2b: Flutter Mane|35\/100|[from] item: Leftovers\n|-heal|p1a: Oranguru|81\/100 par|[from] item: Leftovers\n|upkeep\n|turn|12\n|\n|t:|1682138586\n|move|p2b: Flutter Mane|Protect|p2b: Flutter Mane\n|-singleturn|p2b: Flutter Mane|Protect\n|move|p1a: Oranguru|Extrasensory|p2b: Flutter Mane\n|-activate|p2b: Flutter Mane|move: Protect\n|\n|-heal|p2b: Flutter Mane|41\/100|[from] item: Leftovers\n|-heal|p1a: Oranguru|87\/100 par|[from] item: Leftovers\n|upkeep\n|turn|13\n|\n|t:|1682138594\n|move|p2b: Flutter Mane|Dazzling Gleam|p1a: Oranguru\n|-damage|p1a: Oranguru|59\/100 par\n|move|p1a: Oranguru|Extrasensory|p2b: Flutter Mane\n|-damage|p2b: Flutter Mane|16\/100\n|\n|-heal|p2b: Flutter Mane|21\/100|[from] item: Leftovers\n|-heal|p1a: Oranguru|65\/100 par|[from] item: Leftovers\n|upkeep\n|turn|14\n|c|\u2606Vikx_VGC|Spdef oranguru brooo\n|\n|t:|1682138618\n|move|p2b: Flutter Mane|Dazzling Gleam|p1a: Oranguru\n|-damage|p1a: Oranguru|43\/100 par\n|cant|p1a: Oranguru|par\n|\n|-heal|p2b: Flutter Mane|27\/100|[from] item: Leftovers\n|-heal|p1a: Oranguru|49\/100 par|[from] item: Leftovers\n|upkeep\n|turn|15\n|\n|t:|1682138634\n|move|p2b: Flutter Mane|Dazzling Gleam|p1a: Oranguru\n|-damage|p1a: Oranguru|24\/100 par\n|cant|p1a: Oranguru|par\n|\n|-heal|p2b: Flutter Mane|33\/100|[from] item: Leftovers\n|-heal|p1a: Oranguru|30\/100 par|[from] item: Leftovers\n|upkeep\n|turn|16\n|\n|t:|1682138647\n|move|p1a: Oranguru|Protect|p1a: Oranguru\n|-singleturn|p1a: Oranguru|Protect\n|move|p2b: Flutter Mane|Dazzling Gleam|p1a: Oranguru\n|-activate|p1a: Oranguru|move: Protect\n|\n|-heal|p2b: Flutter Mane|38\/100|[from] item: Leftovers\n|-heal|p1a: Oranguru|36\/100 par|[from] item: Leftovers\n|upkeep\n|turn|17\n|c|\u2606Gorbism|Yeah... Weird endgame tbh\n|\n|t:|1682138657\n|move|p2b: Flutter Mane|Dazzling Gleam|p1a: Oranguru\n|-damage|p1a: Oranguru|13\/100 par\n|move|p1a: Oranguru|Extrasensory|p2b: Flutter Mane\n|-damage|p2b: Flutter Mane|12\/100\n|\n|-heal|p2b: Flutter Mane|18\/100|[from] item: Leftovers\n|-heal|p1a: Oranguru|19\/100 par|[from] item: Leftovers\n|upkeep\n|turn|18\n|\n|t:|1682138664\n|move|p1a: Oranguru|Protect|p1a: Oranguru\n|-singleturn|p1a: Oranguru|Protect\n|move|p2b: Flutter Mane|Dazzling Gleam|p1a: Oranguru\n|-activate|p1a: Oranguru|move: Protect\n|\n|-heal|p2b: Flutter Mane|24\/100|[from] item: Leftovers\n|-heal|p1a: Oranguru|25\/100 par|[from] item: Leftovers\n|upkeep\n|turn|19\n|\n|t:|1682138673\n|move|p2b: Flutter Mane|Protect|p2b: Flutter Mane\n|-singleturn|p2b: Flutter Mane|Protect\n|cant|p1a: Oranguru|par\n|\n|-heal|p2b: Flutter Mane|29\/100|[from] item: Leftovers\n|-heal|p1a: Oranguru|31\/100 par|[from] item: Leftovers\n|upkeep\n|turn|20\n|\n|t:|1682138679\n|move|p2b: Flutter Mane|Dazzling Gleam|p1a: Oranguru\n|-damage|p1a: Oranguru|4\/100 par\n|move|p1a: Oranguru|Extrasensory|p2b: Flutter Mane\n|-damage|p2b: Flutter Mane|3\/100\n|\n|-heal|p2b: Flutter Mane|9\/100|[from] item: Leftovers\n|-heal|p1a: Oranguru|10\/100 par|[from] item: Leftovers\n|upkeep\n|turn|21\n|\n|t:|1682138686\n|move|p1a: Oranguru|Protect|p1a: Oranguru\n|-singleturn|p1a: Oranguru|Protect\n|move|p2b: Flutter Mane|Dazzling Gleam|p1a: Oranguru\n|-activate|p1a: Oranguru|move: Protect\n|\n|-heal|p2b: Flutter Mane|14\/100|[from] item: Leftovers\n|-heal|p1a: Oranguru|16\/100 par|[from] item: Leftovers\n|upkeep\n|turn|22\n|\n|t:|1682138689\n|move|p1a: Oranguru|Protect||[still]\n|-fail|p1a: Oranguru\n|move|p2b: Flutter Mane|Dazzling Gleam|p1a: Oranguru\n|-damage|p1a: Oranguru|0 fnt\n|faint|p1a: Oranguru\n|\n|win|Vikx_VGC\n|raw|Gorbism's rating: 1048 → 1031<\/strong> (-17 for losing)\n|raw|Vikx_VGC's rating: 1043 → 1077<\/strong> (+34 for winning)\n|l|\u2606Gorbism\n","uploadtime":1682138708,"views":9,"p1id":"gorbism","p2id":"vikxvgc","formatid":"gen9vgc2023regulationc","rating":1031,"private":0,"password":""}