{"id":"gen9vgc2023regulationc-1863017638","p1":"Raspbeary","p2":"godtech946","format":"[Gen 9] VGC 2023 Regulation C","log":"|j|\u2606Raspbeary\n|j|\u2606godtech946\n|t:|1683953086\n|gametype|doubles\n|player|p1|Raspbeary|169|1000\n|player|p2|godtech946|veteran|1066\n|teamsize|p1|6\n|teamsize|p2|6\n|gen|9\n|tier|[Gen 9] VGC 2023 Regulation C\n|rated|\n|rule|Species Clause: Limit one of each Pok\u00e9mon\n|rule|Item Clause: Limit one of each item\n|clearpoke\n|poke|p1|Glimmora, L50, M|\n|poke|p1|Meowscarada, L50, M|\n|poke|p1|Flutter Mane, L50|\n|poke|p1|Toxapex, L50, M|\n|poke|p1|Wo-Chien, L50|\n|poke|p1|Dudunsparce-*, L50, M|\n|poke|p2|Oranguru, L50, F|\n|poke|p2|Torkoal, L50, M|\n|poke|p2|Chi-Yu, L50|\n|poke|p2|Garganacl, L50, M|\n|poke|p2|Mabosstiff, L50, M|\n|poke|p2|Goodra, L50, F|\n|teampreview|4\n|\n|t:|1683953115\n|start\n|switch|p1a: Toxapex|Toxapex, L50, M|100\/100\n|switch|p1b: Wo-Chien|Wo-Chien, L50|100\/100\n|switch|p2a: Chi-Yu|Chi-Yu, L50|100\/100\n|switch|p2b: Garganacl|Garganacl, L50, M|100\/100\n|-ability|p2a: Chi-Yu|Beads of Ruin\n|-ability|p1b: Wo-Chien|Tablets of Ruin\n|turn|1\n|\n|t:|1683953145\n|-terastallize|p2b: Garganacl|Ghost\n|move|p1b: Wo-Chien|Protect|p1b: Wo-Chien\n|-singleturn|p1b: Wo-Chien|Protect\n|move|p2a: Chi-Yu|Fire Blast|p1b: Wo-Chien\n|-activate|p1b: Wo-Chien|move: Protect\n|move|p2b: Garganacl|Curse|p1b: Wo-Chien\n|-start|p1b: Wo-Chien|Curse|[of] p2b: Garganacl\n|-damage|p2b: Garganacl|51\/100\n|move|p1a: Toxapex|Liquidation|p2a: Chi-Yu\n|-supereffective|p2a: Chi-Yu\n|-damage|p2a: Chi-Yu|48\/100\n|-unboost|p2a: Chi-Yu|def|1\n|\n|-damage|p1b: Wo-Chien|76\/100|[from] Curse\n|upkeep\n|turn|2\n|\n|t:|1683953167\n|move|p2a: Chi-Yu|Fire Blast|p1b: Wo-Chien\n|-supereffective|p1b: Wo-Chien\n|-damage|p1b: Wo-Chien|0 fnt\n|faint|p1b: Wo-Chien\n|move|p2b: Garganacl|Salt Cure|p1a: Toxapex\n|-damage|p1a: Toxapex|88\/100\n|-start|p1a: Toxapex|Salt Cure\n|move|p1a: Toxapex|Liquidation|p2a: Chi-Yu\n|-supereffective|p2a: Chi-Yu\n|-damage|p2a: Chi-Yu|0 fnt\n|faint|p2a: Chi-Yu\n|\n|-damage|p1a: Toxapex|63\/100|[from] Salt Cure\n|upkeep\n|\n|t:|1683953182\n|switch|p2a: Oranguru|Oranguru, L50, F|100\/100\n|switch|p1b: Glimmora|Glimmora, L50, M|100\/100\n|turn|3\n|\n|t:|1683953228\n|move|p1b: Glimmora|Toxic|p2a: Oranguru\n|-status|p2a: Oranguru|tox\n|move|p2a: Oranguru|Instruct|p2b: Garganacl\n|-singleturn|p2b: Garganacl|move: Instruct|[of] p2a: Oranguru\n|move|p2b: Garganacl|Salt Cure|p1a: Toxapex\n|-damage|p1a: Toxapex|51\/100\n|move|p2b: Garganacl|Curse|p1b: Glimmora\n|-start|p1b: Glimmora|Curse|[of] p2b: Garganacl\n|-damage|p2b: Garganacl|1\/100\n|-enditem|p2b: Garganacl|Sitrus Berry|[eat]\n|-heal|p2b: Garganacl|26\/100|[from] item: Sitrus Berry\n|move|p1a: Toxapex|Liquidation|p2b: Garganacl\n|-damage|p2b: Garganacl|10\/100\n|\n|-damage|p2a: Oranguru|94\/100 tox|[from] psn\n|-damage|p1b: Glimmora|76\/100|[from] Curse\n|-damage|p1a: Toxapex|27\/100|[from] Salt Cure\n|upkeep\n|turn|4\n|\n|t:|1683953274\n|move|p1b: Glimmora|Power Gem|p2a: Oranguru\n|-crit|p2a: Oranguru\n|-damage|p2a: Oranguru|43\/100 tox\n|move|p2b: Garganacl|Salt Cure|p1b: Glimmora\n|-damage|p1b: Glimmora|64\/100\n|-start|p1b: Glimmora|Salt Cure\n|-activate|p1b: Glimmora|ability: Toxic Debris\n|-sidestart|p2: godtech946|move: Toxic Spikes\n|move|p1a: Toxapex|Liquidation|p2b: Garganacl\n|-damage|p2b: Garganacl|0 fnt\n|faint|p2b: Garganacl\n|move|p2a: Oranguru|Trick Room|p2a: Oranguru\n|-fieldstart|move: Trick Room|[of] p2a: Oranguru\n|\n|-damage|p2a: Oranguru|30\/100 tox|[from] psn\n|-damage|p1b: Glimmora|39\/100|[from] Curse\n|-damage|p1a: Toxapex|2\/100|[from] Salt Cure\n|-damage|p1b: Glimmora|28\/100|[from] Salt Cure\n|upkeep\n|\n|t:|1683953291\n|switch|p2b: Torkoal|Torkoal, L50, M|100\/100\n|-status|p2b: Torkoal|psn\n|-weather|SunnyDay|[from] ability: Drought|[of] p2b: Torkoal\n|turn|5\n|\n|t:|1683953303\n|move|p2b: Torkoal|Eruption|p1a: Toxapex|[spread] p1a,p1b\n|-resisted|p1a: Toxapex\n|-crit|p1a: Toxapex\n|-resisted|p1b: Glimmora\n|-damage|p1a: Toxapex|0 fnt\n|-damage|p1b: Glimmora|0 fnt\n|faint|p1a: Toxapex\n|faint|p1b: Glimmora\n|move|p2a: Oranguru|Instruct|p2b: Torkoal\n|-singleturn|p2b: Torkoal|move: Instruct|[of] p2a: Oranguru\n|move|p2b: Torkoal|Eruption|p1: Toxapex|[notarget]\n|-fail|p2b: Torkoal\n|\n|-weather|SunnyDay|[upkeep]\n|-damage|p2b: Torkoal|88\/100 psn|[from] psn\n|-damage|p2a: Oranguru|12\/100 tox|[from] psn\n|upkeep\n|\n|t:|1683953319\n|switch|p1b: Dudunsparce|Dudunsparce, L50, M|100\/100\n|turn|6\n|\n|t:|1683953328\n|move|p2b: Torkoal|Eruption|p1b: Dudunsparce\n|-damage|p1b: Dudunsparce|7\/100\n|move|p2a: Oranguru|Instruct|p2b: Torkoal\n|-singleturn|p2b: Torkoal|move: Instruct|[of] p2a: Oranguru\n|move|p2b: Torkoal|Eruption|p1b: Dudunsparce\n|-damage|p1b: Dudunsparce|0 fnt\n|faint|p1b: Dudunsparce\n|\n|win|godtech946\n|raw|Raspbeary's rating: 1000 → 1000<\/strong> (+0 for losing)\n|raw|godtech946's rating: 1066 → 1090<\/strong> (+24 for winning)\n|l|\u2606Raspbeary\n","uploadtime":1683953341,"views":11,"p1id":"raspbeary","p2id":"godtech946","formatid":"gen9vgc2023regulationc","rating":1000,"private":0,"password":""}