{"id":"gen9vgc2023regulationc-1855671067","p1":"Steakman5","p2":"chastro","format":"[Gen 9] VGC 2023 Regulation C","log":"|j|\u2606Steakman5\n|j|\u2606chastro\n|t:|1682971740\n|gametype|doubles\n|player|p1|Steakman5|swimmer-gen4|1236\n|player|p2|chastro|cynthia-gen4|1167\n|teamsize|p1|6\n|teamsize|p2|6\n|gen|9\n|tier|[Gen 9] VGC 2023 Regulation C\n|rated|\n|rule|Species Clause: Limit one of each Pok\u00e9mon\n|rule|Item Clause: Limit one of each item\n|clearpoke\n|poke|p1|Flutter Mane, L50|\n|poke|p1|Altaria, L50, F|\n|poke|p1|Amoonguss, L50, F|\n|poke|p1|Dragonite, L50, F|\n|poke|p1|Chien-Pao, L50|\n|poke|p1|Ceruledge, L50, F|\n|poke|p2|Murkrow, L50, M|\n|poke|p2|Annihilape, L50, F|\n|poke|p2|Amoonguss, L50, F|\n|poke|p2|Gholdengo, L50|\n|poke|p2|Dondozo, L50, M|\n|poke|p2|Tatsugiri, L50, F|\n|teampreview|4\n|l|\u2606chastro\n|player|p2|\n|\n|t:|1682971771\n|start\n|switch|p1a: Flutter Mane|Flutter Mane, L50|100\/100\n|switch|p1b: Amoonguss|Amoonguss, L50, F|100\/100\n|switch|p2a: Gholdengo|Gholdengo, L50|100\/100\n|switch|p2b: Murkrow|Murkrow, L50, M|100\/100\n|-enditem|p1a: Flutter Mane|Booster Energy\n|-activate|p1a: Flutter Mane|ability: Protosynthesis|[fromitem]\n|-start|p1a: Flutter Mane|protosynthesisspe\n|turn|1\n|inactive|Battle timer is ON: inactive players will automatically lose when time's up. (requested by Steakman5)\n|j|\u2606chastro\n|inactive|chastro reconnected and has 80 seconds left.\n|player|p2|chastro|cynthia-gen4\n|\n|t:|1682971792\n|move|p2b: Murkrow|Tailwind|p2b: Murkrow\n|-sidestart|p2: chastro|move: Tailwind\n|move|p1a: Flutter Mane|Shadow Ball|p2a: Gholdengo\n|-supereffective|p2a: Gholdengo\n|-damage|p2a: Gholdengo|0 fnt\n|faint|p2a: Gholdengo\n|move|p1b: Amoonguss|Spore|p2b: Murkrow\n|-status|p2b: Murkrow|slp|[from] move: Spore\n|\n|upkeep\n|\n|t:|1682971799\n|switch|p2a: Dondozo|Dondozo, L50, M|100\/100\n|turn|2\n|l|\u2606chastro\n|inactive|chastro disconnected and has a minute to reconnect!\n|player|p2|\n|inactive|Steakman5 has 30 seconds left.\n|\n|t:|1682971828\n|switch|p2b: Tatsugiri|Tatsugiri, L50, F|100\/100\n|-activate|p2b: Tatsugiri|ability: Commander|[of] p2a: Dondozo\n|-boost|p2a: Dondozo|atk|2\n|-boost|p2a: Dondozo|spa|2\n|-boost|p2a: Dondozo|spe|2\n|-boost|p2a: Dondozo|def|2\n|-boost|p2a: Dondozo|spd|2\n|-terastallize|p2a: Dondozo|Grass\n|move|p1a: Flutter Mane|Dazzling Gleam|p2b: Tatsugiri|[spread] p2a\n|-miss|p1a: Flutter Mane|p2b: Tatsugiri\n|-damage|p2a: Dondozo|84\/100\n|move|p2a: Dondozo|Earthquake|p1b: Amoonguss|[spread] p1a,p1b\n|-miss|p2a: Dondozo|p2b: Tatsugiri\n|-damage|p1a: Flutter Mane|0 fnt\n|-damage|p1b: Amoonguss|59\/100\n|faint|p1a: Flutter Mane\n|-end|p1a: Flutter Mane|Protosynthesis|[silent]\n|move|p1b: Amoonguss|Spore|p2a: Dondozo\n|-immune|p2a: Dondozo\n|\n|-heal|p2a: Dondozo|90\/100|[from] item: Leftovers\n|upkeep\n|j|\u2606chastro\n|inactive|chastro reconnected.\n|player|p2|chastro|cynthia-gen4\n|\n|t:|1682971843\n|switch|p1a: Altaria|Altaria, L50, F|100\/100\n|-ability|p1a: Altaria|Cloud Nine\n|turn|3\n|l|\u2606chastro\n|inactive|chastro disconnected and has a minute to reconnect!\n|player|p2|\n|j|\u2606chastro\n|inactive|chastro reconnected and has 35 seconds left.\n|player|p2|chastro|cynthia-gen4\n|\n|t:|1682971867\n|move|p1b: Amoonguss|Rage Powder|p1b: Amoonguss\n|-singleturn|p1b: Amoonguss|move: Rage Powder\n|move|p2a: Dondozo|Rock Slide|p1b: Amoonguss|[spread] p1a,p1b\n|-supereffective|p1a: Altaria\n|-damage|p1a: Altaria|37\/100\n|-damage|p1b: Amoonguss|29\/100\n|-enditem|p1a: Altaria|Sitrus Berry|[eat]\n|-heal|p1a: Altaria|61\/100|[from] item: Sitrus Berry\n|move|p1a: Altaria|Haze|p1a: Altaria\n|-clearallboost\n|\n|-heal|p2a: Dondozo|96\/100|[from] item: Leftovers\n|upkeep\n|turn|4\n|inactive|Steakman5 has 30 seconds left.\n|\n|t:|1682971899\n|switch|p1b: Ceruledge|Ceruledge, L50, F|100\/100\n|move|p2a: Dondozo|Order Up|p1a: Altaria\n|-supereffective|p1a: Altaria\n|-damage|p1a: Altaria|8\/100\n|-boost|p2a: Dondozo|atk|1\n|move|p1a: Altaria|Tailwind|p1a: Altaria\n|-sidestart|p1: Steakman5|move: Tailwind\n|\n|-heal|p2a: Dondozo|100\/100|[from] item: Leftovers\n|-sideend|p2: chastro|move: Tailwind\n|upkeep\n|turn|5\n|\n|t:|1682971918\n|switch|p1a: Amoonguss|Amoonguss, L50, F|62\/100\n|-terastallize|p1b: Ceruledge|Grass\n|move|p1b: Ceruledge|Bulk Up|p1b: Ceruledge\n|-boost|p1b: Ceruledge|atk|1\n|-boost|p1b: Ceruledge|def|1\n|move|p2a: Dondozo|Rock Slide|p1a: Amoonguss|[spread] p1a,p1b\n|-damage|p1a: Amoonguss|38\/100\n|-damage|p1b: Ceruledge|74\/100\n|\n|-heal|p1b: Ceruledge|80\/100|[from] item: Leftovers\n|upkeep\n|turn|6\n|\n|t:|1682971936\n|move|p1b: Ceruledge|Bulk Up|p1b: Ceruledge\n|-boost|p1b: Ceruledge|atk|1\n|-boost|p1b: Ceruledge|def|1\n|move|p1a: Amoonguss|Clear Smog|p2a: Dondozo\n|-supereffective|p2a: Dondozo\n|-damage|p2a: Dondozo|72\/100\n|-clearboost|p2a: Dondozo\n|move|p2a: Dondozo|Order Up|p1b: Ceruledge\n|-damage|p1b: Ceruledge|54\/100\n|-boost|p2a: Dondozo|atk|1\n|\n|-heal|p1b: Ceruledge|60\/100|[from] item: Leftovers\n|-heal|p2a: Dondozo|79\/100|[from] item: Leftovers\n|upkeep\n|turn|7\n|\n|t:|1682971960\n|move|p1b: Ceruledge|Bitter Blade|p2a: Dondozo\n|-supereffective|p2a: Dondozo\n|-damage|p2a: Dondozo|22\/100\n|-heal|p1b: Ceruledge|100\/100|[from] drain|[of] p2a: Dondozo\n|move|p1a: Amoonguss|Clear Smog|p2a: Dondozo\n|-supereffective|p2a: Dondozo\n|-damage|p2a: Dondozo|0 fnt\n|-clearboost|p2a: Dondozo\n|faint|p2a: Dondozo\n|\n|-sideend|p1: Steakman5|move: Tailwind\n|upkeep\n|\n|t:|1682971968\n|switch|p2a: Murkrow|Murkrow, L50, M|100\/100 slp\n|turn|8\n|\n|t:|1682971979\n|switch|p1a: Altaria|Altaria, L50, F|8\/100\n|-ability|p1a: Altaria|Cloud Nine\n|cant|p2a: Murkrow|slp\n|move|p1b: Ceruledge|Bitter Blade|p2a: Murkrow\n|-damage|p2a: Murkrow|0 fnt\n|faint|p2a: Murkrow\n|move|p2b: Tatsugiri|Draco Meteor|p1b: Ceruledge\n|-damage|p1b: Ceruledge|31\/100\n|-unboost|p2b: Tatsugiri|spa|2\n|\n|-heal|p1b: Ceruledge|37\/100|[from] item: Leftovers\n|upkeep\n|turn|9\n|\n|t:|1682971997\n|move|p1a: Altaria|Protect|p1a: Altaria\n|-singleturn|p1a: Altaria|Protect\n|move|p1b: Ceruledge|Bitter Blade|p2b: Tatsugiri\n|-resisted|p2b: Tatsugiri\n|-damage|p2b: Tatsugiri|69\/100\n|-heal|p1b: Ceruledge|53\/100|[from] drain|[of] p2b: Tatsugiri\n|move|p2b: Tatsugiri|Icy Wind|p1b: Ceruledge|[spread] p1b\n|-activate|p1a: Altaria|move: Protect\n|-supereffective|p1b: Ceruledge\n|-damage|p1b: Ceruledge|38\/100\n|-unboost|p1b: Ceruledge|spe|1\n|\n|-heal|p1b: Ceruledge|45\/100|[from] item: Leftovers\n|upkeep\n|turn|10\n|\n|t:|1682972008\n|switch|p1a: Amoonguss|Amoonguss, L50, F|71\/100\n|move|p1b: Ceruledge|Protect|p1b: Ceruledge\n|-singleturn|p1b: Ceruledge|Protect\n|move|p2b: Tatsugiri|Icy Wind|p1b: Ceruledge|[spread] p1a\n|-activate|p1b: Ceruledge|move: Protect\n|-supereffective|p1a: Amoonguss\n|-damage|p1a: Amoonguss|58\/100\n|-unboost|p1a: Amoonguss|spe|1\n|\n|-heal|p1b: Ceruledge|51\/100|[from] item: Leftovers\n|upkeep\n|turn|11\n|c|\u2606chastro|gg\n|\n|t:|1682972023\n|move|p2b: Tatsugiri|Draco Meteor|p1a: Amoonguss|[miss]\n|-miss|p2b: Tatsugiri|p1a: Amoonguss\n|move|p1b: Ceruledge|Bitter Blade|p2b: Tatsugiri\n|-resisted|p2b: Tatsugiri\n|-damage|p2b: Tatsugiri|36\/100\n|-heal|p1b: Ceruledge|67\/100|[from] drain|[of] p2b: Tatsugiri\n|move|p1a: Amoonguss|Pollen Puff|p1b: Ceruledge\n|-heal|p1b: Ceruledge|100\/100\n|\n|upkeep\n|turn|12\n|c|\u2606Steakman5|gg\n|\n|t:|1682972041\n|move|p1b: Ceruledge|Shadow Sneak|p2b: Tatsugiri\n|-damage|p2b: Tatsugiri|0 fnt\n|faint|p2b: Tatsugiri\n|\n|win|Steakman5\n|raw|Steakman5's rating: 1236 → 1256<\/strong> (+20 for winning)\n|raw|chastro's rating: 1167 → 1147<\/strong> (-20 for losing)\n|l|\u2606chastro\n","uploadtime":1682972046,"views":13,"p1id":"steakman5","p2id":"chastro","formatid":"gen9vgc2023regulationc","rating":1147,"private":0,"password":""}