{"id":"gen9vgc2023regulationc-1856540044","p1":"Slyfox128","p2":"Leandro1707","format":"[Gen 9] VGC 2023 Regulation C","log":"|j|\u2606Slyfox128\n|j|\u2606Leandro1707\n|t:|1683073379\n|gametype|doubles\n|player|p1|Slyfox128|blackbelt-gen4dp|1089\n|player|p2|Leandro1707|cyrus|1175\n|teamsize|p1|6\n|teamsize|p2|6\n|gen|9\n|tier|[Gen 9] VGC 2023 Regulation C\n|rated|\n|rule|Species Clause: Limit one of each Pok\u00e9mon\n|rule|Item Clause: Limit one of each item\n|clearpoke\n|poke|p1|Abomasnow, L50, M|\n|poke|p1|Chien-Pao, L50|\n|poke|p1|Arcanine, L50, M|\n|poke|p1|Amoonguss, L50, M|\n|poke|p1|Palafin, L50, M|\n|poke|p1|Flutter Mane, L50|\n|poke|p2|Staraptor, L50, M|\n|poke|p2|Arcanine, L50, M|\n|poke|p2|Maushold-Four, L50|\n|poke|p2|Spiritomb, L50, F|\n|poke|p2|Azumarill, L50, M|\n|poke|p2|Corviknight, L50, M|\n|teampreview|4\n|inactive|Battle timer is ON: inactive players will automatically lose when time's up. (requested by Slyfox128)\nSlyfox128 has agreed to open team sheets.\n|inactive|Slyfox128 has 60 seconds left.\n|inactive|Leandro1707 has 60 seconds left.\n|\n|t:|1683073429\n|start\n|switch|p1a: Flutter Mane|Flutter Mane, L50|100\/100\n|switch|p1b: Abomasnow|Abomasnow, L50, M, shiny|100\/100\n|switch|p2a: Arcanine|Arcanine, L50, M|100\/100\n|switch|p2b: Maushold|Maushold-Four, L50|100\/100\n|-weather|Snow|[from] ability: Snow Warning|[of] p1b: Abomasnow\n|-enditem|p1a: Flutter Mane|Booster Energy\n|-activate|p1a: Flutter Mane|ability: Protosynthesis|[fromitem]\n|-start|p1a: Flutter Mane|protosynthesisspe\n|turn|1\n|\n|t:|1683073452\n|-terastallize|p2a: Arcanine|Ghost\n|move|p1a: Flutter Mane|Moonblast|p2b: Maushold\n|-damage|p2b: Maushold|22\/100\n|-unboost|p2b: Maushold|spa|1\n|move|p2b: Maushold|Beat Up|p2a: Arcanine\n|-supereffective|p2a: Arcanine\n|-crit|p2a: Arcanine\n|-damage|p2a: Arcanine|88\/100\n|-ability|p2a: Arcanine|Justified|boost\n|-boost|p2a: Arcanine|atk|1\n|-enditem|p2a: Arcanine|Weakness Policy\n|-boost|p2a: Arcanine|atk|2|[from] item: Weakness Policy\n|-boost|p2a: Arcanine|spa|2|[from] item: Weakness Policy\n|-supereffective|p2a: Arcanine\n|-damage|p2a: Arcanine|82\/100\n|-ability|p2a: Arcanine|Justified|boost\n|-boost|p2a: Arcanine|atk|1\n|-supereffective|p2a: Arcanine\n|-damage|p2a: Arcanine|76\/100\n|-ability|p2a: Arcanine|Justified|boost\n|-boost|p2a: Arcanine|atk|1\n|-supereffective|p2a: Arcanine\n|-damage|p2a: Arcanine|67\/100\n|-ability|p2a: Arcanine|Justified|boost\n|-boost|p2a: Arcanine|atk|1\n|-hitcount|p2a: Arcanine|4\n|move|p2a: Arcanine|Tera Blast|p1a: Flutter Mane\n|-supereffective|p1a: Flutter Mane\n|-damage|p1a: Flutter Mane|0 fnt\n|faint|p1a: Flutter Mane\n|-end|p1a: Flutter Mane|Protosynthesis|[silent]\n|move|p1b: Abomasnow|Blizzard|p2a: Arcanine|[spread] p2a,p2b\n|-damage|p2a: Arcanine|28\/100\n|-damage|p2b: Maushold|0 fnt\n|faint|p2b: Maushold\n|\n|-weather|Snow|[upkeep]\n|upkeep\n|inactive|Leandro1707 has 30 seconds left.\n|\n|t:|1683073481\n|switch|p1a: Amoonguss|Amoonguss, L50, M, shiny|100\/100\n|switch|p2b: Staraptor|Staraptor, L50, M|100\/100\n|-ability|p2b: Staraptor|Intimidate|boost\n|-unboost|p1a: Amoonguss|atk|1\n|-unboost|p1b: Abomasnow|atk|1\n|turn|2\n|c|\u2606Slyfox128|lol im so fucking sick of this gimmicky ass bullshit\n|\n|t:|1683073492\n|move|p2a: Arcanine|Extreme Speed|p1b: Abomasnow\n|-damage|p1b: Abomasnow|23\/100\n|move|p1a: Amoonguss|Rage Powder|p1a: Amoonguss\n|-singleturn|p1a: Amoonguss|move: Rage Powder\n|move|p2b: Staraptor|Brave Bird|p1a: Amoonguss\n|-supereffective|p1a: Amoonguss\n|-damage|p1a: Amoonguss|3\/100\n|-damage|p2b: Staraptor|84\/100|[from] item: Rocky Helmet|[of] p1a: Amoonguss\n|-damage|p2b: Staraptor|40\/100|[from] Recoil\n|move|p1b: Abomasnow|Blizzard|p2b: Staraptor|[spread] p2a,p2b\n|-supereffective|p2b: Staraptor\n|-damage|p2a: Arcanine|0 fnt\n|-damage|p2b: Staraptor|0 fnt\n|faint|p2a: Arcanine\n|faint|p2b: Staraptor\n|\n|-weather|Snow|[upkeep]\n|upkeep\n|\n|t:|1683073509\n|switch|p2b: Corviknight|Corviknight, L50, M, shiny|100\/100\n|turn|3\n|\n|t:|1683073517\n|move|p2b: Corviknight|Brave Bird|p1a: Amoonguss\n|-supereffective|p1a: Amoonguss\n|-damage|p1a: Amoonguss|0 fnt\n|-damage|p2b: Corviknight|84\/100|[from] item: Rocky Helmet|[of] p1a: Amoonguss\n|faint|p1a: Amoonguss\n|-damage|p2b: Corviknight|83\/100|[from] Recoil\n|move|p1b: Abomasnow|Aurora Veil|p1b: Abomasnow\n|-sidestart|p1: Slyfox128|move: Aurora Veil\n|\n|-weather|Snow|[upkeep]\n|upkeep\n|\n|t:|1683073519\n|switch|p1a: Arcanine|Arcanine, L50, M|100\/100\n|-ability|p1a: Arcanine|Intimidate|boost\n|-ability|p2b: Corviknight|Mirror Armor\n|-unboost|p1a: Arcanine|atk|1\n|turn|4\n|\n|t:|1683073531\n|move|p1a: Arcanine|Will-O-Wisp|p2b: Corviknight\n|-status|p2b: Corviknight|brn\n|move|p2b: Corviknight|Bulk Up|p2b: Corviknight\n|-boost|p2b: Corviknight|atk|1\n|-boost|p2b: Corviknight|def|1\n|move|p1b: Abomasnow|Blizzard|p2b: Corviknight\n|-damage|p2b: Corviknight|19\/100 brn\n|-enditem|p2b: Corviknight|Mago Berry|[eat]\n|-heal|p2b: Corviknight|52\/100 brn|[from] item: Mago Berry\n|-start|p2b: Corviknight|confusion\n|\n|-weather|Snow|[upkeep]\n|-damage|p2b: Corviknight|46\/100 brn|[from] brn\n|upkeep\n|turn|5\n|\n|t:|1683073548\n|move|p1b: Abomasnow|Protect|p1b: Abomasnow\n|-singleturn|p1b: Abomasnow|Protect\n|move|p1a: Arcanine|Flare Blitz|p2b: Corviknight\n|-supereffective|p2b: Corviknight\n|-damage|p2b: Corviknight|8\/100 brn\n|-damage|p1a: Arcanine|88\/100|[from] Recoil\n|-activate|p2b: Corviknight|confusion\n|move|p2b: Corviknight|Body Press|p1a: Arcanine\n|-damage|p1a: Arcanine|73\/100\n|\n|-weather|none\n|-damage|p2b: Corviknight|2\/100 brn|[from] brn\n|upkeep\n|turn|6\n|\n|t:|1683073567\n|move|p1a: Arcanine|Extreme Speed|p2b: Corviknight\n|-resisted|p2b: Corviknight\n|-damage|p2b: Corviknight|0 fnt\n|faint|p2b: Corviknight\n|\n|win|Slyfox128\n|raw|Slyfox128's rating: 1089 → 1122<\/strong> (+33 for winning)\n|raw|Leandro1707's rating: 1175 → 1144<\/strong> (-31 for losing)\n","uploadtime":1683073486,"views":11,"p1id":"slyfox128","p2id":"leandro1707","formatid":"gen9vgc2023regulationc","rating":1122,"private":0,"password":""}