{"id":"gen9vgc2023regulationc-1846454192","p1":"Yuni Sensei","p2":"riddlingcrib","format":"[Gen 9] VGC 2023 Regulation C","log":"|j|\u2606Yuni Sensei\n|j|\u2606riddlingcrib\n|t:|1681842164\n|gametype|doubles\n|player|p1|Yuni Sensei|ninjaboy|1438\n|player|p2|riddlingcrib|2|1435\n|teamsize|p1|6\n|teamsize|p2|6\n|gen|9\n|tier|[Gen 9] VGC 2023 Regulation C\n|rated|\n|rule|Species Clause: Limit one of each Pok\u00e9mon\n|rule|Item Clause: Limit one of each item\n|clearpoke\n|poke|p1|Scream Tail, L50|\n|poke|p1|Ting-Lu, L50|\n|poke|p1|Palafin, L50, M|\n|poke|p1|Amoonguss, L50, F|\n|poke|p1|Arcanine, L50, F|\n|poke|p1|Dragonite, L50, M|\n|poke|p2|Palafin, L50, F|\n|poke|p2|Iron Hands, L50|\n|poke|p2|Amoonguss, L50, M|\n|poke|p2|Arcanine, L50, M|\n|poke|p2|Chien-Pao, L50|\n|poke|p2|Dragonite, L50, F|\n|teampreview|4\nriddlingcrib has agreed to open team sheets.\n|inactive|Battle timer is ON: inactive players will automatically lose when time's up. (requested by riddlingcrib)\nYuni Sensei has agreed to open team sheets.\n|inactive|Yuni Sensei has 60 seconds left.\n|inactive|riddlingcrib has 60 seconds left.\n|\n|t:|1681842230\n|start\n|switch|p1a: Scream Tail|Scream Tail, L50|100\/100\n|switch|p1b: Palafin|Palafin, L50, M|100\/100\n|switch|p2a: Iron Hands|Iron Hands, L50|100\/100\n|switch|p2b: Dragonite|Dragonite, L50, F|100\/100\n|-enditem|p1a: Scream Tail|Booster Energy\n|-activate|p1a: Scream Tail|ability: Protosynthesis|[fromitem]\n|-start|p1a: Scream Tail|protosynthesisspe\n|turn|1\n|inactive|Yuni Sensei has 30 seconds left.\n|inactive|Yuni Sensei has 20 seconds left.\n|inactive|Yuni Sensei has 15 seconds left.\n|inactive|Yuni Sensei has 10 seconds left.\n|\n|t:|1681842278\n|detailschange|p1b: Palafin|Palafin-Hero, L50, M\n|switch|p1b: Dragonite|Dragonite, L50, M|100\/100\n|move|p2a: Iron Hands|Fake Out|p1a: Scream Tail\n|-damage|p1a: Scream Tail|90\/100\n|cant|p1a: Scream Tail|flinch\n|move|p2b: Dragonite|Dragon Dance|p2b: Dragonite\n|-boost|p2b: Dragonite|atk|1\n|-boost|p2b: Dragonite|spe|1\n|\n|upkeep\n|turn|2\n|j| nik993\n|inactive|Yuni Sensei has 30 seconds left.\n|inactive|riddlingcrib has 30 seconds left.\n|inactive|riddlingcrib has 20 seconds left.\n|inactive|riddlingcrib has 15 seconds left.\n|inactive|riddlingcrib has 10 seconds left.\n|inactive|riddlingcrib has 5 seconds left.\n|\n|t:|1681842330\n|move|p1a: Scream Tail|Encore|p2b: Dragonite\n|-start|p2b: Dragonite|Encore\n|move|p2b: Dragonite|Dragon Dance|p2b: Dragonite\n|-boost|p2b: Dragonite|atk|1\n|-boost|p2b: Dragonite|spe|1\n|move|p1b: Dragonite|Dragon Dance|p1b: Dragonite\n|-boost|p1b: Dragonite|atk|1\n|-boost|p1b: Dragonite|spe|1\n|move|p2a: Iron Hands|Heavy Slam|p1a: Scream Tail\n|-supereffective|p1a: Scream Tail\n|-damage|p1a: Scream Tail|29\/100\n|\n|upkeep\n|turn|3\n|\n|t:|1681842346\n|switch|p2b: Chien-Pao|Chien-Pao, L50|100\/100\n|-ability|p2b: Chien-Pao|Sword of Ruin\n|move|p1a: Scream Tail|Howl|p1a: Scream Tail|[spread] p1a,p1b\n|-boost|p1a: Scream Tail|atk|1\n|-boost|p1b: Dragonite|atk|1\n|move|p1b: Dragonite|Rock Slide|p2a: Iron Hands|[spread] p2a,p2b\n|-resisted|p2a: Iron Hands\n|-supereffective|p2b: Chien-Pao\n|-damage|p2a: Iron Hands|82\/100\n|-enditem|p2b: Chien-Pao|Focus Sash\n|-damage|p2b: Chien-Pao|1\/100\n|cant|p2a: Iron Hands|flinch\n|\n|upkeep\n|turn|4\n|inactive|Yuni Sensei has 30 seconds left.\n|inactive|Yuni Sensei has 20 seconds left.\n|\n|t:|1681842383\n|move|p1b: Dragonite|Extreme Speed|p2b: Chien-Pao\n|-damage|p2b: Chien-Pao|0 fnt\n|faint|p2b: Chien-Pao\n|move|p1a: Scream Tail|Play Rough|p2a: Iron Hands\n|-supereffective|p2a: Iron Hands\n|-damage|p2a: Iron Hands|36\/100\n|move|p2a: Iron Hands|Heavy Slam|p1a: Scream Tail\n|-supereffective|p1a: Scream Tail\n|-damage|p1a: Scream Tail|0 fnt\n|faint|p1a: Scream Tail\n|-end|p1a: Scream Tail|Protosynthesis|[silent]\n|\n|upkeep\n|\n|t:|1681842400\n|switch|p2b: Amoonguss|Amoonguss, L50, M|100\/100\n|switch|p1a: Palafin|Palafin-Hero, L50, M|100\/100\n|-activate|p1a: Palafin|ability: Zero to Hero\n|turn|5\n|inactive|Yuni Sensei has 30 seconds left.\n|\n|t:|1681842433\n|-end|p2a: Iron Hands|Quark Drive|[silent]\n|switch|p2a: Dragonite|Dragonite, L50, F|100\/100\n|move|p1b: Dragonite|Rock Slide|p2b: Amoonguss|[spread] p2a,p2b\n|-supereffective|p2a: Dragonite\n|-crit|p2a: Dragonite\n|-damage|p2a: Dragonite|0 fnt\n|-damage|p2b: Amoonguss|69\/100\n|faint|p2a: Dragonite\n|move|p1a: Palafin|Wave Crash|p2b: Amoonguss\n|-resisted|p2b: Amoonguss\n|-damage|p2b: Amoonguss|27\/100\n|-damage|p1a: Palafin|84\/100|[from] item: Rocky Helmet|[of] p2b: Amoonguss\n|-damage|p1a: Palafin|69\/100|[from] Recoil\n|move|p2b: Amoonguss|Spore|p1b: Dragonite\n|-status|p1b: Dragonite|slp|[from] move: Spore\n|\n|upkeep\n|\n|t:|1681842446\n|switch|p2a: Iron Hands|Iron Hands, L50|36\/100\n|turn|6\n|\n|t:|1681842460\n|move|p1a: Palafin|Protect|p1a: Palafin\n|-singleturn|p1a: Palafin|Protect\n|move|p2a: Iron Hands|Fake Out|p1a: Palafin\n|-activate|p1a: Palafin|move: Protect\n|cant|p1b: Dragonite|slp\n|move|p2b: Amoonguss|Pollen Puff|p2a: Iron Hands\n|-heal|p2a: Iron Hands|86\/100\n|\n|upkeep\n|turn|7\n|\n|t:|1681842480\n|-curestatus|p1b: Dragonite|slp|[msg]\n|move|p1b: Dragonite|Dragon Dance|p1b: Dragonite\n|-boost|p1b: Dragonite|atk|1\n|-boost|p1b: Dragonite|spe|1\n|move|p1a: Palafin|Substitute|p1a: Palafin\n|-start|p1a: Palafin|Substitute\n|-damage|p1a: Palafin|44\/100\n|move|p2a: Iron Hands|Drain Punch|p1b: Dragonite\n|-resisted|p1b: Dragonite\n|-damage|p1b: Dragonite|91\/100\n|-heal|p2a: Iron Hands|90\/100|[from] drain|[of] p1b: Dragonite\n|move|p2b: Amoonguss|Spore||[still]\n|-fail|p2b: Amoonguss\n|\n|upkeep\n|turn|8\n|inactive|Yuni Sensei has 30 seconds left.\n|\n|t:|1681842509\n|move|p2b: Amoonguss|Protect|p2b: Amoonguss\n|-singleturn|p2b: Amoonguss|Protect\n|move|p1b: Dragonite|Extreme Speed|p2a: Iron Hands\n|-damage|p2a: Iron Hands|38\/100\n|move|p1a: Palafin|Wave Crash|p2a: Iron Hands\n|-damage|p2a: Iron Hands|0 fnt\n|faint|p2a: Iron Hands\n|-end|p2a: Iron Hands|Quark Drive|[silent]\n|-damage|p1a: Palafin|30\/100|[from] Recoil\n|\n|upkeep\n|turn|9\n|\n|t:|1681842524\n|move|p1b: Dragonite|Extreme Speed|p2b: Amoonguss\n|-damage|p2b: Amoonguss|0 fnt\n|-damage|p1b: Dragonite|74\/100|[from] item: Rocky Helmet|[of] p2b: Amoonguss\n|faint|p2b: Amoonguss\n|\n|win|Yuni Sensei\n|raw|Yuni Sensei's rating: 1438 → 1458<\/strong> (+20 for winning)\n|raw|riddlingcrib's rating: 1435 → 1415<\/strong> (-20 for losing)\n","uploadtime":1681842528,"views":13,"p1id":"yunisensei","p2id":"riddlingcrib","formatid":"gen9vgc2023regulationc","rating":1415,"private":0,"password":""}