{"id":"gen9vgc2023regulationc-1857094191","p1":"haha you rage quit","p2":"esteebaaan","format":"[Gen 9] VGC 2023 Regulation C","log":"|j|\u2606haha you rage quit\n|j|\u2606esteebaaan\n|t:|1683145171\n|gametype|doubles\n|player|p1|haha you rage quit|pokemaniac|1209\n|player|p2|esteebaaan|n|1138\n|teamsize|p1|6\n|teamsize|p2|6\n|gen|9\n|tier|[Gen 9] VGC 2023 Regulation C\n|rated|\n|rule|Species Clause: Limit one of each Pok\u00e9mon\n|rule|Item Clause: Limit one of each item\n|clearpoke\n|poke|p1|Flutter Mane, L50|\n|poke|p1|Chi-Yu, L50|\n|poke|p1|Donphan, L50, M|\n|poke|p1|Gholdengo, L50|\n|poke|p1|Talonflame, L50, M|\n|poke|p1|Murkrow, L50, M|\n|poke|p2|Maushold, L50|\n|poke|p2|Oricorio-Pom-Pom, L50, F|\n|poke|p2|Volcarona, L50, F|\n|poke|p2|Arboliva, L50, M|\n|poke|p2|Quaquaval, L50, M|\n|poke|p2|Glimmora, L50, F|\n|teampreview|4\n|inactive|Battle timer is ON: inactive players will automatically lose when time's up. (requested by esteebaaan)\n|inactive|haha you rage quit has 60 seconds left.\n|\n|t:|1683145213\n|start\n|switch|p1a: Murkrow|Murkrow, L50, M|100\/100\n|switch|p1b: Donphan|Donphan, L50, M|100\/100\n|switch|p2a: Volcarona|Volcarona, L50, F|100\/100\n|switch|p2b: Oricorio|Oricorio-Pom-Pom, L50, F|100\/100\n|turn|1\n|\n|t:|1683145229\n|move|p1a: Murkrow|Tailwind|p1a: Murkrow\n|-sidestart|p1: haha you rage quit|move: Tailwind\n|move|p1b: Donphan|Rock Slide|p2a: Volcarona|[spread] p2a,p2b\n|-supereffective|p2a: Volcarona\n|-supereffective|p2b: Oricorio\n|-enditem|p2b: Oricorio|Charti Berry|[eat]\n|-enditem|p2b: Oricorio|Charti Berry|[weaken]\n|-enditem|p2a: Volcarona|Focus Sash\n|-damage|p2a: Volcarona|1\/100\n|-damage|p2b: Oricorio|57\/100\n|cant|p2a: Volcarona|flinch\n|cant|p2b: Oricorio|flinch\n|\n|upkeep\n|turn|2\n|\n|t:|1683145246\n|move|p2a: Volcarona|Protect|p2a: Volcarona\n|-singleturn|p2a: Volcarona|Protect\n|move|p2b: Oricorio|Protect|p2b: Oricorio\n|-singleturn|p2b: Oricorio|Protect\n|move|p1a: Murkrow|Foul Play|p2b: Oricorio\n|-activate|p2b: Oricorio|move: Protect\n|move|p1b: Donphan|Rock Slide|p2a: Volcarona|[spread] \n|-activate|p2a: Volcarona|move: Protect\n|-activate|p2b: Oricorio|move: Protect\n|\n|upkeep\n|turn|3\n|\n|t:|1683145260\n|move|p1a: Murkrow|Foul Play|p2a: Volcarona\n|-crit|p2a: Volcarona\n|-damage|p2a: Volcarona|0 fnt\n|-status|p1a: Murkrow|brn|[from] ability: Flame Body|[of] p2a: Volcarona\n|faint|p2a: Volcarona\n|move|p1b: Donphan|Rock Slide|p2b: Oricorio\n|-supereffective|p2b: Oricorio\n|-damage|p2b: Oricorio|0 fnt\n|faint|p2b: Oricorio\n|\n|-damage|p1a: Murkrow|95\/100 brn|[from] brn\n|upkeep\n|\n|t:|1683145271\n|switch|p2a: Quaquaval|Quaquaval, L50, M, shiny|100\/100\n|switch|p2b: Glimmora|Glimmora, L50, F|100\/100\n|turn|4\n|inactive|haha you rage quit has 30 seconds left.\n|inactive|haha you rage quit has 20 seconds left.\n|inactive|haha you rage quit has 15 seconds left.\n|inactive|haha you rage quit has 10 seconds left.\n|inactive|haha you rage quit has 5 seconds left.\n|\n|t:|1683145324\n|switch|p1a: Gholdengo|Gholdengo, L50|100\/100\n|switch|p1b: Chi-Yu|Chi-Yu, L50|100\/100\n|-ability|p1b: Chi-Yu|Beads of Ruin\n|move|p2b: Glimmora|Spiky Shield|p2b: Glimmora\n|-singleturn|p2b: Glimmora|move: Protect\n|move|p2a: Quaquaval|Aqua Step|p1b: Chi-Yu\n|-supereffective|p1b: Chi-Yu\n|-damage|p1b: Chi-Yu|0 fnt\n|-boost|p2a: Quaquaval|spe|1\n|faint|p1b: Chi-Yu\n|-ability|p2a: Quaquaval|Moxie|boost\n|-boost|p2a: Quaquaval|atk|1\n|\n|-sideend|p1: haha you rage quit|move: Tailwind\n|upkeep\n|\n|t:|1683145336\n|switch|p1b: Murkrow|Murkrow, L50, M|95\/100 brn\n|turn|5\n|\n|t:|1683145352\n|-terastallize|p2a: Quaquaval|Water\n|move|p1b: Murkrow|Tailwind|p1b: Murkrow\n|-sidestart|p1: haha you rage quit|move: Tailwind\n|move|p2a: Quaquaval|Aqua Step|p1a: Gholdengo\n|-damage|p1a: Gholdengo|21\/100\n|-boost|p2a: Quaquaval|spe|1\n|move|p1a: Gholdengo|Make It Rain|p2a: Quaquaval|[spread] p2a,p2b\n|-resisted|p2a: Quaquaval\n|-supereffective|p2b: Glimmora\n|-damage|p2a: Quaquaval|63\/100\n|-damage|p2b: Glimmora|0 fnt\n|-unboost|p1a: Gholdengo|spa|1\n|faint|p2b: Glimmora\n|\n|-damage|p1b: Murkrow|89\/100 brn|[from] brn\n|upkeep\n|turn|6\n|inactive|haha you rage quit has 30 seconds left.\n|\n|t:|1683145379\n|move|p1a: Gholdengo|Protect|p1a: Gholdengo\n|-singleturn|p1a: Gholdengo|Protect\n|move|p1b: Murkrow|Haze|p1b: Murkrow\n|-clearallboost\n|move|p2a: Quaquaval|Aqua Step|p1b: Murkrow\n|-damage|p1b: Murkrow|0 fnt\n|-boost|p2a: Quaquaval|spe|1\n|faint|p1b: Murkrow\n|-ability|p2a: Quaquaval|Moxie|boost\n|-boost|p2a: Quaquaval|atk|1\n|\n|upkeep\n|\n|t:|1683145390\n|switch|p1b: Donphan|Donphan, L50, M|100\/100\n|turn|7\n|\n|t:|1683145398\n|-terastallize|p1b: Donphan|Water\n|move|p2a: Quaquaval|Aqua Step|p1a: Gholdengo\n|-damage|p1a: Gholdengo|0 fnt\n|-boost|p2a: Quaquaval|spe|1\n|faint|p1a: Gholdengo\n|-ability|p2a: Quaquaval|Moxie|boost\n|-boost|p2a: Quaquaval|atk|1\n|move|p1b: Donphan|High Horsepower|p2a: Quaquaval\n|-damage|p2a: Quaquaval|0 fnt\n|faint|p2a: Quaquaval\n|\n|win|haha you rage quit\n|raw|haha you rage quit's rating: 1209 → 1229<\/strong> (+20 for winning)\n|raw|esteebaaan's rating: 1138 → 1118<\/strong> (-20 for losing)\n|l|\u2606esteebaaan\n|l|\u2606haha you rage quit\n|j|\u2606haha you rage quit\n|player|p1|haha you rage quit|pokemaniac\n","uploadtime":1683145421,"views":6,"p1id":"hahayouragequit","p2id":"esteebaaan","formatid":"gen9vgc2023regulationc","rating":1118,"private":0,"password":""}