{"id":"gen9vgc2023regulationc-1849828857","p1":"leanbeanpan","p2":"haha u rage quit","format":"[Gen 9] VGC 2023 Regulation C","log":"|j|\u2606leanbeanpan\n|j|\u2606haha u rage quit\n|t:|1682257771\n|gametype|doubles\n|player|p1|leanbeanpan|dancer|1187\n|player|p2|haha u rage quit|pokemaniac|1289\n|teamsize|p1|6\n|teamsize|p2|6\n|gen|9\n|tier|[Gen 9] VGC 2023 Regulation C\n|rated|\n|rule|Species Clause: Limit one of each Pok\u00e9mon\n|rule|Item Clause: Limit one of each item\n|clearpoke\n|poke|p1|Arcanine, L50, F|\n|poke|p1|Maushold, L50|\n|poke|p1|Iron Hands, L50|\n|poke|p1|Iron Bundle, L50|\n|poke|p1|Chi-Yu, L50|\n|poke|p1|Dragonite, L50, M|\n|poke|p2|Torkoal, L50, M|\n|poke|p2|Dondozo, L50, M|\n|poke|p2|Indeedee-F, L50, F|\n|poke|p2|Tatsugiri-Droopy, L50, M|\n|poke|p2|Kingambit, L50, M|\n|poke|p2|Hatterene, L50, F|\n|teampreview|4\n|inactive|Battle timer is ON: inactive players will automatically lose when time's up. (requested by leanbeanpan)\n|inactive|leanbeanpan has 60 seconds left.\n|\n|t:|1682257828\n|start\n|switch|p1a: Maushold|Maushold, L50|100\/100\n|switch|p1b: Dragonite|Dragonite, L50, M|100\/100\n|switch|p2a: Indeedee|Indeedee-F, L50, F, shiny|100\/100\n|switch|p2b: Hatterene|Hatterene, L50, F|100\/100\n|-fieldstart|move: Psychic Terrain|[from] ability: Psychic Surge|[of] p2a: Indeedee\n|-enditem|p2a: Indeedee|Psychic Seed\n|-boost|p2a: Indeedee|spd|1|[from] item: Psychic Seed\n|turn|1\n|\n|t:|1682257848\n|move|p1a: Maushold|Helping Hand|p1b: Dragonite\n|-singleturn|p1b: Dragonite|Helping Hand|[of] p1a: Maushold\n|move|p2a: Indeedee|Follow Me|p2a: Indeedee\n|-singleturn|p2a: Indeedee|move: Follow Me\n|move|p1b: Dragonite|Ice Spinner|p2a: Indeedee\n|-damage|p2a: Indeedee|32\/100\n|-fieldend|move: Psychic Terrain\n|move|p2b: Hatterene|Trick Room|p2b: Hatterene\n|-fieldstart|move: Trick Room|[of] p2b: Hatterene\n|\n|upkeep\n|turn|2\n|inactive|leanbeanpan has 30 seconds left.\n|\n|t:|1682257876\n|switch|p2a: Torkoal|Torkoal, L50, M|100\/100\n|-weather|SunnyDay|[from] ability: Drought|[of] p2a: Torkoal\n|move|p2b: Hatterene|Protect|p2b: Hatterene\n|-singleturn|p2b: Hatterene|Protect\n|move|p1a: Maushold|Protect|p1a: Maushold\n|-singleturn|p1a: Maushold|Protect\n|move|p1b: Dragonite|Ice Spinner|p2a: Torkoal\n|-resisted|p2a: Torkoal\n|-damage|p2a: Torkoal|88\/100\n|\n|-weather|SunnyDay|[upkeep]\n|upkeep\n|turn|3\n|inactive|leanbeanpan has 30 seconds left.\n|inactive|leanbeanpan has 20 seconds left.\n|\n|t:|1682257915\n|move|p1a: Maushold|Protect||[still]\n|-fail|p1a: Maushold\n|move|p2a: Torkoal|Eruption|p1b: Dragonite|[spread] p1a,p1b\n|-resisted|p1b: Dragonite\n|-damage|p1a: Maushold|9\/100\n|-damage|p1b: Dragonite|87\/100\n|move|p2b: Hatterene|Dazzling Gleam|p1a: Maushold|[spread] p1a,p1b\n|-supereffective|p1b: Dragonite\n|-damage|p1a: Maushold|0 fnt\n|-damage|p1b: Dragonite|35\/100\n|faint|p1a: Maushold\n|move|p1b: Dragonite|Iron Head|p2b: Hatterene\n|-supereffective|p2b: Hatterene\n|-damage|p2b: Hatterene|25\/100\n|\n|-weather|SunnyDay|[upkeep]\n|upkeep\n|\n|t:|1682257930\n|switch|p1a: Arcanine|Arcanine, L50, F|100\/100\n|turn|4\n|\n|t:|1682257953\n|move|p1a: Arcanine|Extreme Speed|p2b: Hatterene\n|-damage|p2b: Hatterene|2\/100\n|move|p2a: Torkoal|Eruption|p1a: Arcanine|[spread] p1a,p1b\n|-resisted|p1a: Arcanine\n|-resisted|p1b: Dragonite\n|-damage|p1a: Arcanine|69\/100\n|-damage|p1b: Dragonite|4\/100\n|move|p2b: Hatterene|Psychic|p1a: Arcanine\n|-damage|p1a: Arcanine|11\/100\n|-enditem|p1a: Arcanine|Sitrus Berry|[eat]\n|-heal|p1a: Arcanine|36\/100|[from] item: Sitrus Berry\n|move|p1b: Dragonite|Ice Spinner|p2a: Torkoal\n|-resisted|p2a: Torkoal\n|-damage|p2a: Torkoal|77\/100\n|\n|-weather|SunnyDay|[upkeep]\n|upkeep\n|turn|5\n|inactive|leanbeanpan has 30 seconds left.\n|inactive|leanbeanpan has 20 seconds left.\n|inactive|leanbeanpan has 15 seconds left.\n|inactive|leanbeanpan has 10 seconds left.\n|inactive|leanbeanpan has 5 seconds left.\n|\n|t:|1682258006\n|-terastallize|p2a: Torkoal|Fire\n|move|p2b: Hatterene|Protect|p2b: Hatterene\n|-singleturn|p2b: Hatterene|Protect\n|move|p1a: Arcanine|Extreme Speed|p2b: Hatterene\n|-activate|p2b: Hatterene|move: Protect\n|move|p2a: Torkoal|Eruption|p1a: Arcanine|[spread] p1a,p1b\n|-resisted|p1a: Arcanine\n|-resisted|p1b: Dragonite\n|-damage|p1a: Arcanine|0 fnt\n|-damage|p1b: Dragonite|0 fnt\n|faint|p1a: Arcanine\n|faint|p1b: Dragonite\n|\n|-weather|SunnyDay|[upkeep]\n|-fieldend|move: Trick Room\n|upkeep\n|-message|leanbeanpan forfeited.\n|\n|win|haha u rage quit\n|raw|leanbeanpan's rating: 1187 → 1169<\/strong> (-18 for losing)\n|raw|haha u rage quit's rating: 1289 → 1307<\/strong> (+18 for winning)\n|l|\u2606leanbeanpan\n","uploadtime":1682258022,"views":10,"p1id":"leanbeanpan","p2id":"hahauragequit","formatid":"gen9vgc2023regulationc","rating":1169,"private":0,"password":""}