{"id":"gen9vgc2023regulationc-1852038668","p1":"XxThe17thLimexx","p2":"Insertable194","format":"[Gen 9] VGC 2023 Regulation C","log":"|j|\u2606XxThe17thLimexx\n|j|\u2606Insertable194\n|t:|1682518995\n|gametype|doubles\n|player|p1|XxThe17thLimexx|hiker-gen4|1469\n|player|p2|Insertable194|hilbert-wonderlauncher|1533\n|teamsize|p1|6\n|teamsize|p2|6\n|gen|9\n|tier|[Gen 9] VGC 2023 Regulation C\n|rated|\n|rule|Species Clause: Limit one of each Pok\u00e9mon\n|rule|Item Clause: Limit one of each item\n|clearpoke\n|poke|p1|Salamence, L50, F|\n|poke|p1|Murkrow, L50, F|\n|poke|p1|Gholdengo, L50|\n|poke|p1|Iron Hands, L50|\n|poke|p1|Iron Bundle, L50|\n|poke|p1|Maushold-Four, L50|\n|poke|p2|Talonflame, L50, F|\n|poke|p2|Dragapult, L50, F|\n|poke|p2|Flutter Mane, L50|\n|poke|p2|Farigiraf, L50, M|\n|poke|p2|Chien-Pao, L50|\n|poke|p2|Chi-Yu, L50|\n|teampreview|4\nInsertable194 has agreed to open team sheets.\n|inactive|Battle timer is ON: inactive players will automatically lose when time's up. (requested by Insertable194)\nXxThe17thLimexx has agreed to open team sheets.\n|inactive|XxThe17thLimexx has 60 seconds left.\n|inactive|Insertable194 has 60 seconds left.\n|inactive|Insertable194 has 30 seconds left.\n|inactive|Insertable194 has 20 seconds left.\n|inactive|Insertable194 has 15 seconds left.\n|\n|t:|1682519077\n|start\n|switch|p1a: Maushold|Maushold-Four, L50|100\/100\n|switch|p1b: Gholdengo|Gholdengo, L50|100\/100\n|switch|p2a: Talonflame|Talonflame, L50, F|100\/100\n|switch|p2b: Dragapult|Dragapult, L50, F|100\/100\n|turn|1\n|inactive|Insertable194 has 30 seconds left.\n|inactive|Insertable194 has 20 seconds left.\n|\n|t:|1682519115\n|move|p1a: Maushold|Follow Me|p1a: Maushold\n|-singleturn|p1a: Maushold|move: Follow Me\n|move|p2b: Dragapult|U-turn|p1a: Maushold\n|-damage|p1a: Maushold|68\/100\n|\n|t:|1682519119\n|switch|p2b: Chi-Yu|Chi-Yu, L50|100\/100|[from] U-turn\n|-ability|p2b: Chi-Yu|Beads of Ruin\n|move|p2a: Talonflame|Taunt|p1a: Maushold\n|-start|p1a: Maushold|move: Taunt\n|move|p1b: Gholdengo|Make It Rain|p2b: Chi-Yu|[spread] p2a,p2b\n|-resisted|p2a: Talonflame\n|-resisted|p2b: Chi-Yu\n|-damage|p2a: Talonflame|24\/100\n|-damage|p2b: Chi-Yu|61\/100\n|-unboost|p1b: Gholdengo|spa|1\n|-damage|p1b: Gholdengo|91\/100|[from] item: Life Orb\n|\n|upkeep\n|turn|2\n|inactive|XxThe17thLimexx has 30 seconds left.\n|inactive|Insertable194 has 30 seconds left.\n|inactive|XxThe17thLimexx has 20 seconds left.\n|inactive|Insertable194 has 20 seconds left.\n|\n|t:|1682519157\n|-terastallize|p1b: Gholdengo|Water\n|move|p1a: Maushold|Feint|p2b: Chi-Yu\n|-damage|p2b: Chi-Yu|47\/100\n|move|p2a: Talonflame|Brave Bird|p1b: Gholdengo\n|-damage|p1b: Gholdengo|56\/100\n|-damage|p2a: Talonflame|10\/100|[from] Recoil\n|move|p2b: Chi-Yu|Dark Pulse|p1b: Gholdengo\n|-damage|p1b: Gholdengo|5\/100\n|-damage|p2b: Chi-Yu|37\/100|[from] item: Life Orb\n|move|p1b: Gholdengo|Tera Blast|p2b: Chi-Yu\n|-supereffective|p2b: Chi-Yu\n|-damage|p2b: Chi-Yu|0 fnt\n|faint|p2b: Chi-Yu\n|-damage|p1b: Gholdengo|0 fnt|[from] item: Life Orb\n|faint|p1b: Gholdengo\n|\n|upkeep\n|\n|t:|1682519180\n|switch|p2b: Flutter Mane|Flutter Mane, L50|100\/100\n|switch|p1b: Iron Bundle|Iron Bundle, L50|100\/100\n|-enditem|p1b: Iron Bundle|Booster Energy\n|-activate|p1b: Iron Bundle|ability: Quark Drive|[fromitem]\n|-start|p1b: Iron Bundle|quarkdrivespe\n|turn|3\n|inactive|XxThe17thLimexx has 30 seconds left.\n|inactive|Insertable194 has 30 seconds left.\n|\n|t:|1682519210\n|switch|p2a: Dragapult|Dragapult, L50, F|100\/100\n|move|p1b: Iron Bundle|Protect|p1b: Iron Bundle\n|-singleturn|p1b: Iron Bundle|Protect\n|move|p1a: Maushold|Feint|p2a: Dragapult\n|-immune|p2a: Dragapult\n|move|p2b: Flutter Mane|Power Gem|p1b: Iron Bundle\n|-activate|p1b: Iron Bundle|move: Protect\n|\n|upkeep\n|turn|4\n|inactive|XxThe17thLimexx has 30 seconds left.\n|inactive|Insertable194 has 30 seconds left.\n|inactive|Insertable194 has 20 seconds left.\n|\n|t:|1682519250\n|move|p1b: Iron Bundle|Freeze-Dry|p2a: Dragapult\n|-supereffective|p2a: Dragapult\n|-damage|p2a: Dragapult|4\/100\n|move|p2a: Dragapult|Dragon Darts|p1a: Maushold\n|-damage|p1a: Maushold|35\/100\n|-anim|p2a: Dragapult|Dragon Darts|p1b: Iron Bundle\n|-damage|p1b: Iron Bundle|66\/100\n|move|p2b: Flutter Mane|Power Gem|p1b: Iron Bundle\n|-supereffective|p1b: Iron Bundle\n|-damage|p1b: Iron Bundle|0 fnt\n|faint|p1b: Iron Bundle\n|-end|p1b: Iron Bundle|Quark Drive|[silent]\n|move|p1a: Maushold|Super Fang|p2a: Dragapult\n|-immune|p2a: Dragapult\n|\n|-end|p1a: Maushold|move: Taunt\n|upkeep\n|\n|t:|1682519266\n|switch|p1b: Iron Hands|Iron Hands, L50|100\/100\n|turn|5\n|\n|t:|1682519277\n|-end|p2b: Flutter Mane|Protosynthesis|[silent]\n|switch|p2b: Talonflame|Talonflame, L50, F|10\/100\n|move|p1a: Maushold|Follow Me|p1a: Maushold\n|-singleturn|p1a: Maushold|move: Follow Me\n|move|p2a: Dragapult|Dragon Darts|p1a: Maushold\n|-damage|p1a: Maushold|0 fnt\n|faint|p1a: Maushold\n|move|p1b: Iron Hands|Heavy Slam|p2b: Talonflame\n|-resisted|p2b: Talonflame\n|-damage|p2b: Talonflame|0 fnt\n|faint|p2b: Talonflame\n|\n|upkeep\n|\n|t:|1682519290\n|switch|p2b: Flutter Mane|Flutter Mane, L50|100\/100\n|turn|6\n|\n|t:|1682519295\n|-terastallize|p2b: Flutter Mane|Fairy\n|move|p2a: Dragapult|Dragon Darts|p1b: Iron Hands\n|-damage|p1b: Iron Hands|77\/100\n|-anim|p2a: Dragapult|Dragon Darts|p1b: Iron Hands\n|-damage|p1b: Iron Hands|53\/100\n|move|p2b: Flutter Mane|Moonblast|p1b: Iron Hands\n|-supereffective|p1b: Iron Hands\n|-damage|p1b: Iron Hands|0 fnt\n|faint|p1b: Iron Hands\n|-end|p1b: Iron Hands|Quark Drive|[silent]\n|\n|win|Insertable194\n|raw|XxThe17thLimexx's rating: 1469 → 1454<\/strong> (-15 for losing)\n|raw|Insertable194's rating: 1549 → 1564<\/strong> (+15 for winning)\n|c|\u2606XxThe17thLimexx|Gg\n","uploadtime":1682519303,"views":14,"p1id":"xxthe17thlimexx","p2id":"insertable194","formatid":"gen9vgc2023regulationc","rating":1454,"private":0,"password":""}