{"id":"gen9vgc2023regulationc-1859690323","p1":"WillieDangerously","p2":"Wowershhh","format":"[Gen 9] VGC 2023 Regulation C","log":"|j|\u2606WillieDangerously\n|j|\u2606Wowershhh\n|t:|1683556385\n|gametype|doubles\n|player|p1|WillieDangerously|psychic-gen4|1041\n|player|p2|Wowershhh|266|1095\n|teamsize|p1|6\n|teamsize|p2|6\n|gen|9\n|tier|[Gen 9] VGC 2023 Regulation C\n|rated|\n|rule|Species Clause: Limit one of each Pok\u00e9mon\n|rule|Item Clause: Limit one of each item\n|clearpoke\n|poke|p1|Espathra, L50, F|\n|poke|p1|Iron Bundle, L50|\n|poke|p1|Iron Valiant, L50|\n|poke|p1|Salamence, L50, M|\n|poke|p1|Scizor, L50, F|\n|poke|p1|Sandy Shocks, L50|\n|poke|p2|Palafin, L50, M|\n|poke|p2|Amoonguss, L50, M|\n|poke|p2|Gyarados, L50, F|\n|poke|p2|Ting-Lu, L50|\n|poke|p2|Kingambit, L50, F|\n|poke|p2|Iron Bundle, L50|\n|teampreview|4\n|inactive|Battle timer is ON: inactive players will automatically lose when time's up. (requested by Wowershhh)\n|\n|t:|1683556425\n|start\n|switch|p1a: Sandy Shocks|Sandy Shocks, L50|100\/100\n|switch|p1b: Espathra|Espathra, L50, F|100\/100\n|switch|p2a: Palafin|Palafin, L50, M|100\/100\n|switch|p2b: Gyarados|Gyarados, L50, F|100\/100\n|-ability|p2b: Gyarados|Intimidate|boost\n|-unboost|p1a: Sandy Shocks|atk|1\n|-unboost|p1b: Espathra|atk|1\n|-enditem|p1a: Sandy Shocks|Booster Energy\n|-activate|p1a: Sandy Shocks|ability: Protosynthesis|[fromitem]\n|-start|p1a: Sandy Shocks|protosynthesisspe\n|turn|1\n|inactive|WillieDangerously has 30 seconds left.\n|inactive|Wowershhh has 30 seconds left.\n|inactive|Wowershhh has 20 seconds left.\n|inactive|Wowershhh has 15 seconds left.\n|inactive|Wowershhh has 10 seconds left.\n|\n|t:|1683556475\n|-terastallize|p1a: Sandy Shocks|Ghost\n|-terastallize|p2a: Palafin|Water\n|move|p2a: Palafin|Jet Punch|p1a: Sandy Shocks\n|-damage|p1a: Sandy Shocks|57\/100\n|move|p1a: Sandy Shocks|Gravity|p1a: Sandy Shocks\n|-fieldstart|move: Gravity\n|move|p1b: Espathra|Hypnosis|p2a: Palafin\n|-status|p2a: Palafin|slp|[from] move: Hypnosis\n|move|p2b: Gyarados|Thunder Wave|p1b: Espathra\n|-status|p1b: Espathra|par\n|\n|-ability|p1b: Espathra|Speed Boost|boost\n|-boost|p1b: Espathra|spe|1\n|upkeep\n|turn|2\n|inactive|Wowershhh has 30 seconds left.\n|\n|t:|1683556511\n|detailschange|p2a: Palafin|Palafin-Hero, L50, M, tera:Water\n|switch|p2a: Amoonguss|Amoonguss, L50, M|100\/100\n|move|p1a: Sandy Shocks|Thunder|p2b: Gyarados\n|-supereffective|p2b: Gyarados\n|-damage|p2b: Gyarados|0 fnt\n|faint|p2b: Gyarados\n|move|p1b: Espathra|Lumina Crash|p2a: Amoonguss\n|-supereffective|p2a: Amoonguss\n|-damage|p2a: Amoonguss|42\/100\n|-unboost|p2a: Amoonguss|spd|2\n|-enditem|p2a: Amoonguss|Sitrus Berry|[eat]\n|-heal|p2a: Amoonguss|67\/100|[from] item: Sitrus Berry\n|\n|-ability|p1b: Espathra|Speed Boost|boost\n|-boost|p1b: Espathra|spe|1\n|upkeep\n|\n|t:|1683556528\n|switch|p2b: Iron Bundle|Iron Bundle, L50|100\/100\n|turn|3\n|\n|t:|1683556548\n|move|p1a: Sandy Shocks|Protect|p1a: Sandy Shocks\n|-singleturn|p1a: Sandy Shocks|Protect\n|move|p2b: Iron Bundle|Freeze-Dry|p1a: Sandy Shocks\n|-activate|p1a: Sandy Shocks|move: Protect\n|move|p1b: Espathra|Lumina Crash|p2a: Amoonguss\n|-supereffective|p2a: Amoonguss\n|-damage|p2a: Amoonguss|0 fnt\n|faint|p2a: Amoonguss\n|\n|-ability|p1b: Espathra|Speed Boost|boost\n|-boost|p1b: Espathra|spe|1\n|upkeep\n|\n|t:|1683556558\n|switch|p2a: Palafin|Palafin-Hero, L50, M, tera:Water|100\/100 slp\n|-activate|p2a: Palafin|ability: Zero to Hero\n|turn|4\n|\n|t:|1683556573\n|cant|p2a: Palafin|slp\n|move|p1a: Sandy Shocks|Thunder|p2a: Palafin\n|-supereffective|p2a: Palafin\n|-damage|p2a: Palafin|7\/100 slp\n|cant|p1b: Espathra|par\n|move|p2b: Iron Bundle|Freeze-Dry|p1a: Sandy Shocks\n|-damage|p1a: Sandy Shocks|10\/100\n|\n|-ability|p1b: Espathra|Speed Boost|boost\n|-boost|p1b: Espathra|spe|1\n|upkeep\n|turn|5\n|\n|t:|1683556588\n|move|p1a: Sandy Shocks|Protect|p1a: Sandy Shocks\n|-singleturn|p1a: Sandy Shocks|Protect\n|cant|p2a: Palafin|slp\n|move|p1b: Espathra|Dazzling Gleam|p2a: Palafin|[spread] p2a,p2b\n|-damage|p2a: Palafin|0 fnt\n|-damage|p2b: Iron Bundle|68\/100\n|faint|p2a: Palafin\n|move|p2b: Iron Bundle|Freeze-Dry|p1a: Sandy Shocks\n|-activate|p1a: Sandy Shocks|move: Protect\n|\n|-fieldend|move: Gravity\n|-ability|p1b: Espathra|Speed Boost|boost\n|-boost|p1b: Espathra|spe|1\n|upkeep\n|turn|6\n|-message|Wowershhh forfeited.\n|\n|win|WillieDangerously\n|raw|WillieDangerously's rating: 1041 → 1080<\/strong> (+39 for winning)\n|raw|Wowershhh's rating: 1095 → 1067<\/strong> (-28 for losing)\n|l|\u2606Wowershhh\n","uploadtime":1683556604,"views":9,"p1id":"williedangerously","p2id":"wowershhh","formatid":"gen9vgc2023regulationc","rating":1067,"private":0,"password":""}