{"id":"gen9vgc2023regulationc-1850307871","p1":"Ytterby","p2":"kuikoo","format":"[Gen 9] VGC 2023 Regulation C","log":"|j|\u2606Ytterby\n|j|\u2606kuikoo\n|t:|1682315194\n|gametype|doubles\n|player|p1|Ytterby|266|1187\n|player|p2|kuikoo|170|1108\n|teamsize|p1|6\n|teamsize|p2|6\n|gen|9\n|tier|[Gen 9] VGC 2023 Regulation C\n|rated|\n|rule|Species Clause: Limit one of each Pok\u00e9mon\n|rule|Item Clause: Limit one of each item\n|clearpoke\n|poke|p1|Ting-Lu, L50|\n|poke|p1|Palafin, L50, M|\n|poke|p1|Iron Hands, L50|\n|poke|p1|Salazzle, L50, F|\n|poke|p1|Flutter Mane, L50|\n|poke|p1|Arcanine, L50, M|\n|poke|p2|Gyarados, L50, F|\n|poke|p2|Annihilape, L50, F|\n|poke|p2|Tsareena, L50, F|\n|poke|p2|Scream Tail, L50|\n|poke|p2|Dragonite, L50, M|\n|poke|p2|Ting-Lu, L50|\n|teampreview|4\nkuikoo rejected open team sheets.\n|\n|t:|1682315238\n|start\n|switch|p1a: Salazzle|Salazzle, L50, F|100\/100\n|switch|p1b: Palafin|Palafin, L50, M|100\/100\n|switch|p2a: Gyarados|Gyarados, L50, F|100\/100\n|switch|p2b: Scream Tail|Scream Tail, L50|100\/100\n|-ability|p2a: Gyarados|Intimidate|boost\n|-unboost|p1a: Salazzle|atk|1\n|-unboost|p1b: Palafin|atk|1\n|-enditem|p2b: Scream Tail|Booster Energy\n|-activate|p2b: Scream Tail|ability: Protosynthesis|[fromitem]\n|-start|p2b: Scream Tail|protosynthesisspe\n|turn|1\n|\n|t:|1682315258\n|detailschange|p1b: Palafin|Palafin-Hero, L50, M\n|switch|p1b: Arcanine|Arcanine, L50, M|100\/100\n|-ability|p1b: Arcanine|Intimidate|boost\n|-unboost|p2a: Gyarados|atk|1\n|-unboost|p2b: Scream Tail|atk|1\n|move|p2b: Scream Tail|Light Screen|p2b: Scream Tail\n|-sidestart|p2: kuikoo|move: Light Screen\n|move|p1a: Salazzle|Poison Gas|p2b: Scream Tail|[spread] p2a,p2b\n|-status|p2a: Gyarados|psn\n|-status|p2b: Scream Tail|psn\n|move|p2a: Gyarados|Thunder Wave|p1a: Salazzle\n|-status|p1a: Salazzle|par\n|\n|-damage|p2b: Scream Tail|88\/100 psn|[from] psn\n|-damage|p2a: Gyarados|88\/100 psn|[from] psn\n|upkeep\n|turn|2\n|\n|t:|1682315297\n|switch|p1a: Iron Hands|Iron Hands, L50|100\/100\n|move|p2b: Scream Tail|Reflect|p2b: Scream Tail\n|-sidestart|p2: kuikoo|Reflect\n|move|p1b: Arcanine|Wild Charge|p2a: Gyarados\n|-supereffective|p2a: Gyarados\n|-damage|p2a: Gyarados|18\/100 psn\n|-enditem|p2a: Gyarados|Sitrus Berry|[eat]\n|-heal|p2a: Gyarados|43\/100 psn|[from] item: Sitrus Berry\n|-damage|p1b: Arcanine|82\/100|[from] Recoil\n|move|p2a: Gyarados|Thunder Wave|p1b: Arcanine\n|-status|p1b: Arcanine|par\n|\n|-damage|p2b: Scream Tail|76\/100 psn|[from] psn\n|-damage|p2a: Gyarados|31\/100 psn|[from] psn\n|upkeep\n|turn|3\n|\n|t:|1682315331\n|switch|p2a: Annihilape|Annihilape, L50, F|100\/100\n|move|p1a: Iron Hands|Fake Out|p2a: Annihilape\n|-immune|p2a: Annihilape\n|move|p2b: Scream Tail|Howl|p2b: Scream Tail|[spread] p2a,p2b\n|-boost|p2a: Annihilape|atk|1\n|-boost|p2b: Scream Tail|atk|1\n|move|p1b: Arcanine|Flare Blitz|p2b: Scream Tail\n|-damage|p2b: Scream Tail|46\/100 psn\n|-damage|p1b: Arcanine|71\/100 par|[from] Recoil\n|\n|-damage|p2b: Scream Tail|33\/100 psn|[from] psn\n|upkeep\n|turn|4\n|\n|t:|1682315363\n|-end|p2b: Scream Tail|Protosynthesis|[silent]\n|switch|p2b: Gyarados|Gyarados, L50, F|31\/100 psn\n|-ability|p2b: Gyarados|Intimidate|boost\n|-unboost|p1a: Iron Hands|atk|1\n|-unboost|p1b: Arcanine|atk|1\n|-terastallize|p2a: Annihilape|Fire\n|move|p2a: Annihilape|Bulk Up|p2a: Annihilape\n|-boost|p2a: Annihilape|atk|1\n|-boost|p2a: Annihilape|def|1\n|move|p1a: Iron Hands|Wild Charge|p2a: Annihilape\n|-damage|p2a: Annihilape|85\/100\n|-damage|p1a: Iron Hands|97\/100|[from] Recoil\n|move|p1b: Arcanine|Flare Blitz|p2a: Annihilape\n|-resisted|p2a: Annihilape\n|-damage|p2a: Annihilape|78\/100\n|-damage|p1b: Arcanine|68\/100 par|[from] Recoil\n|\n|-damage|p2b: Gyarados|18\/100 psn|[from] psn\n|upkeep\n|turn|5\n|\n|t:|1682315394\n|switch|p2b: Scream Tail|Scream Tail, L50|33\/100 psn\n|-end|p1a: Iron Hands|Quark Drive|[silent]\n|switch|p1a: Salazzle|Salazzle, L50, F|100\/100 par\n|move|p1b: Arcanine|Protect|p1b: Arcanine\n|-singleturn|p1b: Arcanine|Protect\n|move|p2a: Annihilape|Rage Fist|p1a: Salazzle\n|-damage|p1a: Salazzle|0 fnt\n|faint|p1a: Salazzle\n|\n|-damage|p2b: Scream Tail|21\/100 psn|[from] psn\n|-sideend|p2: kuikoo|move: Light Screen\n|upkeep\n|\n|t:|1682315430\n|switch|p1a: Palafin|Palafin-Hero, L50, M|100\/100\n|-activate|p1a: Palafin|ability: Zero to Hero\n|turn|6\n|\n|t:|1682315441\n|switch|p1b: Iron Hands|Iron Hands, L50|97\/100\n|move|p1a: Palafin|Protect|p1a: Palafin\n|-singleturn|p1a: Palafin|Protect\n|move|p2a: Annihilape|Protect|p2a: Annihilape\n|-singleturn|p2a: Annihilape|Protect\n|move|p2b: Scream Tail|Thunder Wave|p1a: Palafin\n|-activate|p1a: Palafin|move: Protect\n|\n|-damage|p2b: Scream Tail|9\/100 psn|[from] psn\n|-sideend|p2: kuikoo|Reflect\n|upkeep\n|turn|7\n|\n|t:|1682315475\n|-terastallize|p1a: Palafin|Water\n|move|p2a: Annihilape|Protect||[still]\n|-fail|p2a: Annihilape\n|move|p1b: Iron Hands|Fake Out|p2b: Scream Tail\n|-damage|p2b: Scream Tail|0 fnt\n|faint|p2b: Scream Tail\n|-end|p2b: Scream Tail|Protosynthesis|[silent]\n|move|p1a: Palafin|Jet Punch|p2a: Annihilape\n|-supereffective|p2a: Annihilape\n|-damage|p2a: Annihilape|0 fnt\n|faint|p2a: Annihilape\n|\n|upkeep\n|\n|t:|1682315485\n|switch|p2b: Gyarados|Gyarados, L50, F|18\/100 psn\n|switch|p2a: Tsareena|Tsareena, L50, F|100\/100\n|-ability|p2b: Gyarados|Intimidate|boost\n|-unboost|p1a: Palafin|atk|1\n|-unboost|p1b: Iron Hands|atk|1\n|turn|8\n|inactive|Battle timer is ON: inactive players will automatically lose when time's up. (requested by kuikoo)\n|\n|t:|1682315556\n|-end|p1b: Iron Hands|Quark Drive|[silent]\n|switch|p1b: Arcanine|Arcanine, L50, M|68\/100 par\n|-ability|p1b: Arcanine|Intimidate|boost\n|-unboost|p2a: Tsareena|atk|1\n|-unboost|p2b: Gyarados|atk|1\n|move|p2b: Gyarados|Protect|p2b: Gyarados\n|-singleturn|p2b: Gyarados|Protect\n|move|p1a: Palafin|Jet Punch||[still]\n|cant|p2a: Tsareena|ability: Queenly Majesty|Jet Punch|[of] p1a: Palafin\n|move|p2a: Tsareena|Power Whip|p1a: Palafin\n|-supereffective|p1a: Palafin\n|-damage|p1a: Palafin|36\/100\n|\n|-damage|p2b: Gyarados|6\/100 psn|[from] psn\n|upkeep\n|turn|9\n|inactive|Ytterby has 30 seconds left.\n|\n|t:|1682315582\n|switch|p1a: Iron Hands|Iron Hands, L50|97\/100\n|move|p2a: Tsareena|Trop Kick|p1b: Arcanine\n|-resisted|p1b: Arcanine\n|-damage|p1b: Arcanine|55\/100 par\n|-unboost|p1b: Arcanine|atk|1\n|move|p2b: Gyarados|Waterfall|p1b: Arcanine\n|-supereffective|p1b: Arcanine\n|-damage|p1b: Arcanine|2\/100 par\n|-enditem|p1b: Arcanine|Weakness Policy\n|-boost|p1b: Arcanine|atk|2|[from] item: Weakness Policy\n|-boost|p1b: Arcanine|spa|2|[from] item: Weakness Policy\n|move|p1b: Arcanine|Flare Blitz|p2a: Tsareena\n|-supereffective|p2a: Tsareena\n|-damage|p2a: Tsareena|0 fnt\n|faint|p2a: Tsareena\n|-damage|p1b: Arcanine|0 fnt|[from] Recoil\n|faint|p1b: Arcanine\n|\n|-damage|p2b: Gyarados|0 fnt|[from] psn\n|faint|p2b: Gyarados\n|\n|win|Ytterby\n|upkeep\n|raw|Ytterby's rating: 1187 → 1206<\/strong> (+19 for winning)\n|raw|kuikoo's rating: 1108 → 1089<\/strong> (-19 for losing)\n|l|\u2606kuikoo\n|c|\u2606Ytterby|ggwp\n","uploadtime":1682315685,"views":31,"p1id":"ytterby","p2id":"kuikoo","formatid":"gen9vgc2023regulationc","rating":1089,"private":0,"password":""}