{"id":"gen9vgc2023regulationc-1856642245","p1":"2245663y","p2":"HoNguyenLyasfga","format":"[Gen 9] VGC 2023 Regulation C","log":"|j|\u26062245663y\n|j|\u2606HoNguyenLyasfga\n|t:|1683086786\n|gametype|doubles\n|player|p1|2245663y|dawn-gen4pt|1000\n|player|p2|HoNguyenLyasfga|265|1000\n|teamsize|p1|6\n|teamsize|p2|6\n|gen|9\n|tier|[Gen 9] VGC 2023 Regulation C\n|rated|\n|rule|Species Clause: Limit one of each Pok\u00e9mon\n|rule|Item Clause: Limit one of each item\n|clearpoke\n|poke|p1|Wo-Chien, L50|\n|poke|p1|Ting-Lu, L50|\n|poke|p1|Arcanine, L50, M|\n|poke|p1|Grimmsnarl, L50, M|\n|poke|p1|Garganacl, L50, M|\n|poke|p1|Toxapex, L50, M|\n|poke|p2|Pelipper, L50, M|\n|poke|p2|Floatzel, L50, M|\n|poke|p2|Barraskewda, L50, F|\n|poke|p2|Vaporeon, L50, F|\n|poke|p2|Gastrodon, L50, F|\n|poke|p2|Golduck, L50, M|\n|teampreview|4\n|\n|t:|1683086838\n|start\n|switch|p1a: Toxapex|Toxapex, L50, M|100\/100\n|switch|p1b: Grimmsnarl|Grimmsnarl, L50, M|100\/100\n|switch|p2a: Barraskewda|Barraskewda, L50, F|100\/100\n|switch|p2b: Golduck|Golduck, L50, M|100\/100\n|-ability|p2b: Golduck|Cloud Nine\n|turn|1\n|inactive|Battle timer is ON: inactive players will automatically lose when time's up. (requested by HoNguyenLyasfga)\n|\n|t:|1683086863\n|move|p1b: Grimmsnarl|Reflect|p1b: Grimmsnarl\n|-sidestart|p1: 2245663y|Reflect\n|move|p2a: Barraskewda|Psychic Fangs|p1a: Toxapex\n|-sideend|p1: 2245663y|Reflect\n|-supereffective|p1a: Toxapex\n|-damage|p1a: Toxapex|58\/100\n|move|p2b: Golduck|Taunt|p1a: Toxapex\n|-start|p1a: Toxapex|move: Taunt\n|cant|p1a: Toxapex|move: Taunt|Toxic\n|\n|upkeep\n|turn|2\n|\n|t:|1683086882\n|switch|p2b: Pelipper|Pelipper, L50, M|100\/100\n|-weather|RainDance|[from] ability: Drizzle|[of] p2b: Pelipper\n|move|p1b: Grimmsnarl|Parting Shot|p2a: Barraskewda\n|-unboost|p2a: Barraskewda|atk|1\n|-unboost|p2a: Barraskewda|spa|1\n|\n|t:|1683086891\n|switch|p1b: Wo-Chien|Wo-Chien, L50|100\/100|[from] Parting Shot\n|-ability|p1b: Wo-Chien|Tablets of Ruin\n|move|p2a: Barraskewda|Liquidation|p1b: Wo-Chien\n|-resisted|p1b: Wo-Chien\n|-damage|p1b: Wo-Chien|88\/100\n|-activate|p1a: Toxapex|move: Struggle\n|move|p1a: Toxapex|Struggle|p2a: Barraskewda\n|-damage|p2a: Barraskewda|92\/100\n|-damage|p1a: Toxapex|34\/100|[from] recoil\n|\n|-weather|RainDance|[upkeep]\n|-heal|p1b: Wo-Chien|94\/100|[from] item: Leftovers\n|upkeep\n|turn|3\n|\n|t:|1683086909\n|switch|p1a: Grimmsnarl|Grimmsnarl, L50, M|100\/100\n|move|p1b: Wo-Chien|Protect|p1b: Wo-Chien\n|-singleturn|p1b: Wo-Chien|Protect\n|move|p2a: Barraskewda|Psychic Fangs|p1a: Grimmsnarl\n|-immune|p1a: Grimmsnarl\n|move|p2b: Pelipper|Hurricane|p1b: Wo-Chien\n|-activate|p1b: Wo-Chien|move: Protect\n|\n|-weather|RainDance|[upkeep]\n|-heal|p1b: Wo-Chien|100\/100|[from] item: Leftovers\n|upkeep\n|turn|4\n|\n|t:|1683086933\n|move|p1a: Grimmsnarl|Parting Shot|p2b: Pelipper\n|-unboost|p2b: Pelipper|atk|1\n|-unboost|p2b: Pelipper|spa|1\n|\n|t:|1683086936\n|switch|p1a: Toxapex|Toxapex, L50, M|67\/100|[from] Parting Shot\n|move|p2a: Barraskewda|Liquidation|p1a: Toxapex\n|-resisted|p1a: Toxapex\n|-damage|p1a: Toxapex|54\/100\n|move|p2b: Pelipper|Hurricane|p1a: Toxapex\n|-damage|p1a: Toxapex|29\/100\n|-start|p1a: Toxapex|confusion\n|move|p1b: Wo-Chien|Leech Seed|p2b: Pelipper|[miss]\n|-miss|p1b: Wo-Chien|p2b: Pelipper\n|\n|-weather|RainDance|[upkeep]\n|upkeep\n|turn|5\n|\n|t:|1683086956\n|switch|p2a: Golduck|Golduck, L50, M|100\/100\n|-ability|p2a: Golduck|Cloud Nine\n|switch|p1a: Grimmsnarl|Grimmsnarl, L50, M|100\/100\n|move|p2b: Pelipper|Hurricane|p1a: Grimmsnarl\n|-damage|p1a: Grimmsnarl|74\/100\n|-start|p1a: Grimmsnarl|confusion\n|move|p1b: Wo-Chien|Leech Seed|p2b: Pelipper\n|-start|p2b: Pelipper|move: Leech Seed\n|\n|-weather|RainDance|[upkeep]\n|-damage|p2b: Pelipper|88\/100|[from] Leech Seed|[of] p1b: Wo-Chien\n|upkeep\n|turn|6\n|\n|t:|1683086980\n|switch|p2b: Barraskewda|Barraskewda, L50, F|92\/100\n|-terastallize|p2a: Golduck|Steel\n|-activate|p1a: Grimmsnarl|confusion\n|move|p1a: Grimmsnarl|Parting Shot|p2a: Golduck\n|-unboost|p2a: Golduck|atk|1\n|-unboost|p2a: Golduck|spa|1\n|\n|t:|1683086988\n|switch|p1a: Toxapex|Toxapex, L50, M|62\/100|[from] Parting Shot\n|move|p2a: Golduck|Tera Blast|p1a: Toxapex\n|-resisted|p1a: Toxapex\n|-damage|p1a: Toxapex|55\/100\n|move|p1b: Wo-Chien|Pollen Puff|p1a: Toxapex\n|-heal|p1a: Toxapex|100\/100\n|\n|-weather|none\n|upkeep\n|turn|7\n|inactive|HoNguyenLyasfga has 30 seconds left.\n|inactive|HoNguyenLyasfga has 20 seconds left.\n|inactive|HoNguyenLyasfga has 15 seconds left.\n|\n|t:|1683087029\n|move|p2b: Barraskewda|Close Combat|p1b: Wo-Chien\n|-supereffective|p1b: Wo-Chien\n|-damage|p1b: Wo-Chien|52\/100\n|-unboost|p2b: Barraskewda|def|1\n|-unboost|p2b: Barraskewda|spd|1\n|move|p2a: Golduck|Taunt|p1a: Toxapex\n|-start|p1a: Toxapex|move: Taunt\n|move|p1b: Wo-Chien|Leech Seed|p2a: Golduck\n|-start|p2a: Golduck|move: Leech Seed\n|cant|p1a: Toxapex|move: Taunt|Toxic\n|\n|-heal|p1b: Wo-Chien|58\/100|[from] item: Leftovers\n|-damage|p2a: Golduck|88\/100|[from] Leech Seed|[of] p1b: Wo-Chien\n|-heal|p1b: Wo-Chien|68\/100|[silent]\n|upkeep\n|turn|8\n|\n|t:|1683087052\n|switch|p1a: Arcanine|Arcanine, L50, M|100\/100\n|-ability|p1a: Arcanine|Intimidate|boost\n|-unboost|p2a: Golduck|atk|1\n|-unboost|p2b: Barraskewda|atk|1\n|move|p2b: Barraskewda|Close Combat|p1b: Wo-Chien\n|-supereffective|p1b: Wo-Chien\n|-damage|p1b: Wo-Chien|35\/100\n|-unboost|p2b: Barraskewda|def|1\n|-unboost|p2b: Barraskewda|spd|1\n|move|p2a: Golduck|Taunt|p1b: Wo-Chien\n|-start|p1b: Wo-Chien|move: Taunt\n|cant|p1b: Wo-Chien|move: Taunt|Leech Seed\n|\n|-heal|p1b: Wo-Chien|42\/100|[from] item: Leftovers\n|-damage|p2a: Golduck|76\/100|[from] Leech Seed|[of] p1b: Wo-Chien\n|-heal|p1b: Wo-Chien|52\/100|[silent]\n|upkeep\n|turn|9\n|inactive|2245663y has 30 seconds left.\n|\n|t:|1683087087\n|switch|p2a: Pelipper|Pelipper, L50, M|88\/100\n|-weather|RainDance|[from] ability: Drizzle|[of] p2a: Pelipper\n|switch|p1b: Grimmsnarl|Grimmsnarl, L50, M|74\/100\n|-terastallize|p1a: Arcanine|Grass\n|move|p2b: Barraskewda|Liquidation|p1a: Arcanine\n|-resisted|p1a: Arcanine\n|-damage|p1a: Arcanine|73\/100\n|move|p1a: Arcanine|Will-O-Wisp|p2b: Barraskewda\n|-status|p2b: Barraskewda|brn\n|\n|-weather|RainDance|[upkeep]\n|-damage|p2b: Barraskewda|86\/100 brn|[from] brn\n|upkeep\n|turn|10\n|\n|t:|1683087112\n|switch|p2b: Floatzel|Floatzel, L50, M|100\/100\n|move|p1a: Arcanine|Protect|p1a: Arcanine\n|-singleturn|p1a: Arcanine|Protect\n|move|p1b: Grimmsnarl|Parting Shot|p2a: Pelipper\n|-unboost|p2a: Pelipper|atk|1\n|-unboost|p2a: Pelipper|spa|1\n|\n|t:|1683087123\n|switch|p1b: Wo-Chien|Wo-Chien, L50|52\/100|[from] Parting Shot\n|-ability|p1b: Wo-Chien|Tablets of Ruin\n|move|p2a: Pelipper|Hurricane|p1a: Arcanine\n|-activate|p1a: Arcanine|move: Protect\n|\n|-weather|RainDance|[upkeep]\n|-heal|p1b: Wo-Chien|58\/100|[from] item: Leftovers\n|upkeep\n|turn|11\n|inactive|HoNguyenLyasfga has 30 seconds left.\n|\n|t:|1683087148\n|switch|p1a: Toxapex|Toxapex, L50, M|100\/100\n|move|p2b: Floatzel|Ice Spinner|p1b: Wo-Chien\n|-supereffective|p1b: Wo-Chien\n|-damage|p1b: Wo-Chien|22\/100\n|-damage|p2b: Floatzel|91\/100|[from] item: Life Orb\n|move|p2a: Pelipper|Hurricane|p1a: Toxapex\n|-damage|p1a: Toxapex|78\/100\n|-start|p1a: Toxapex|confusion\n|move|p1b: Wo-Chien|Leech Seed|p2a: Pelipper\n|-start|p2a: Pelipper|move: Leech Seed\n|\n|-weather|RainDance|[upkeep]\n|-heal|p1b: Wo-Chien|29\/100|[from] item: Leftovers\n|-damage|p2a: Pelipper|75\/100|[from] Leech Seed|[of] p1b: Wo-Chien\n|-heal|p1b: Wo-Chien|37\/100|[silent]\n|upkeep\n|turn|12\n|\n|t:|1683087170\n|switch|p2b: Barraskewda|Barraskewda, L50, F|86\/100 brn\n|switch|p2a: Golduck|Golduck, L50, M, tera:Steel|76\/100\n|-ability|p2a: Golduck|Cloud Nine\n|move|p1b: Wo-Chien|Protect|p1b: Wo-Chien\n|-singleturn|p1b: Wo-Chien|Protect\n|-activate|p1a: Toxapex|confusion\n|-damage|p1a: Toxapex|74\/100|[from] confusion\n|\n|-weather|RainDance|[upkeep]\n|-heal|p1b: Wo-Chien|44\/100|[from] item: Leftovers\n|-damage|p2b: Barraskewda|80\/100 brn|[from] brn\n|upkeep\n|turn|13\n|\n|t:|1683087193\n|switch|p1a: Arcanine|Arcanine, L50, M, tera:Grass|73\/100\n|-ability|p1a: Arcanine|Intimidate|boost\n|-unboost|p2a: Golduck|atk|1\n|-unboost|p2b: Barraskewda|atk|1\n|move|p2b: Barraskewda|Close Combat|p1b: Wo-Chien\n|-supereffective|p1b: Wo-Chien\n|-damage|p1b: Wo-Chien|28\/100\n|-unboost|p2b: Barraskewda|def|1\n|-unboost|p2b: Barraskewda|spd|1\n|move|p2a: Golduck|Taunt|p1a: Arcanine\n|-start|p1a: Arcanine|move: Taunt\n|move|p1b: Wo-Chien|Leech Seed|p2a: Golduck\n|-start|p2a: Golduck|move: Leech Seed\n|\n|-weather|none\n|-heal|p1b: Wo-Chien|34\/100|[from] item: Leftovers\n|-damage|p2a: Golduck|64\/100|[from] Leech Seed|[of] p1b: Wo-Chien\n|-heal|p1b: Wo-Chien|44\/100|[silent]\n|-damage|p2b: Barraskewda|74\/100 brn|[from] brn\n|upkeep\n|turn|14\n|inactive|HoNguyenLyasfga has 30 seconds left.\n|\n|t:|1683087223\n|switch|p2b: Floatzel|Floatzel, L50, M|91\/100\n|move|p2a: Golduck|Focus Blast|p1b: Wo-Chien\n|-supereffective|p1b: Wo-Chien\n|-damage|p1b: Wo-Chien|0 fnt\n|faint|p1b: Wo-Chien\n|move|p1a: Arcanine|Fire Spin|p2a: Golduck\n|-supereffective|p2a: Golduck\n|-damage|p2a: Golduck|33\/100\n|-activate|p2a: Golduck|move: Fire Spin|[of] p1a: Arcanine\n|\n|-damage|p2a: Golduck|21\/100|[from] move: Fire Spin|[partiallytrapped]\n|upkeep\n|\n|t:|1683087239\n|switch|p1b: Grimmsnarl|Grimmsnarl, L50, M|74\/100\n|turn|15\n|inactive|HoNguyenLyasfga has 30 seconds left.\n|\n|t:|1683087271\n|move|p1b: Grimmsnarl|Reflect|p1b: Grimmsnarl\n|-sidestart|p1: 2245663y|Reflect\n|move|p2b: Floatzel|Ice Spinner|p1a: Arcanine\n|-supereffective|p1a: Arcanine\n|-damage|p1a: Arcanine|19\/100\n|-damage|p2b: Floatzel|81\/100|[from] item: Life Orb\n|move|p2a: Golduck|Taunt|p1b: Grimmsnarl\n|-start|p1b: Grimmsnarl|move: Taunt\n|move|p1a: Arcanine|Fire Spin|p2b: Floatzel\n|-resisted|p2b: Floatzel\n|-damage|p2b: Floatzel|69\/100\n|-activate|p2b: Floatzel|move: Fire Spin|[of] p1a: Arcanine\n|\n|-damage|p2a: Golduck|9\/100|[from] Leech Seed|[of] p1b: Grimmsnarl\n|-heal|p1b: Grimmsnarl|83\/100|[silent]\n|-damage|p2b: Floatzel|57\/100|[from] move: Fire Spin|[partiallytrapped]\n|-damage|p2a: Golduck|0 fnt|[from] move: Fire Spin|[partiallytrapped]\n|faint|p2a: Golduck\n|-end|p1a: Arcanine|move: Taunt\n|upkeep\n|\n|t:|1683087288\n|switch|p2a: Pelipper|Pelipper, L50, M|75\/100\n|-weather|RainDance|[from] ability: Drizzle|[of] p2a: Pelipper\n|turn|16\n|\n|t:|1683087296\n|switch|p1b: Toxapex|Toxapex, L50, M|100\/100\n|move|p1a: Arcanine|Protect|p1a: Arcanine\n|-singleturn|p1a: Arcanine|Protect\n|move|p2b: Floatzel|Wave Crash|p1b: Toxapex\n|-resisted|p1b: Toxapex\n|-damage|p1b: Toxapex|72\/100\n|-damage|p2b: Floatzel|48\/100|[from] Recoil\n|-damage|p2b: Floatzel|38\/100|[from] item: Life Orb\n|move|p2a: Pelipper|Hurricane|p1a: Arcanine\n|-activate|p1a: Arcanine|move: Protect\n|\n|-weather|RainDance|[upkeep]\n|-damage|p2b: Floatzel|25\/100|[from] move: Fire Spin|[partiallytrapped]\n|upkeep\n|turn|17\n|\n|t:|1683087314\n|move|p2b: Floatzel|Wave Crash|p1a: Arcanine\n|-resisted|p1a: Arcanine\n|-damage|p1a: Arcanine|0 fnt\n|faint|p1a: Arcanine\n|-damage|p2b: Floatzel|18\/100|[from] Recoil\n|-damage|p2b: Floatzel|8\/100|[from] item: Life Orb\n|move|p2a: Pelipper|Hurricane|p1b: Toxapex\n|-damage|p1b: Toxapex|35\/100\n|move|p1b: Toxapex|Toxic|p2a: Pelipper\n|-status|p2a: Pelipper|tox\n|\n|-weather|RainDance|[upkeep]\n|-damage|p2a: Pelipper|70\/100 tox|[from] psn\n|-end|p2b: Floatzel|Fire Spin|[partiallytrapped]|[silent]\n|upkeep\n|\n|t:|1683087326\n|switch|p1a: Grimmsnarl|Grimmsnarl, L50, M|83\/100\n|turn|18\n|\n|t:|1683087336\n|move|p1a: Grimmsnarl|Parting Shot|p2a: Pelipper\n|-unboost|p2a: Pelipper|atk|1\n|-unboost|p2a: Pelipper|spa|1\n|move|p2b: Floatzel|Wave Crash|p1a: Grimmsnarl\n|-damage|p1a: Grimmsnarl|0 fnt\n|faint|p1a: Grimmsnarl\n|-damage|p2b: Floatzel|0 fnt|[from] Recoil\n|faint|p2b: Floatzel\n|move|p2a: Pelipper|Hurricane|p1b: Toxapex\n|-damage|p1b: Toxapex|11\/100\n|-enditem|p1b: Toxapex|Aguav Berry|[eat]\n|-heal|p1b: Toxapex|44\/100|[from] item: Aguav Berry\n|move|p1b: Toxapex|Recover|p1b: Toxapex\n|-heal|p1b: Toxapex|95\/100\n|\n|-weather|RainDance|[upkeep]\n|-damage|p2a: Pelipper|58\/100 tox|[from] psn\n|upkeep\n|\n|t:|1683087351\n|switch|p2b: Barraskewda|Barraskewda, L50, F|74\/100 brn\n|turn|19\n|\n|t:|1683087357\n|move|p1b: Toxapex|Baneful Bunker|p1b: Toxapex\n|-singleturn|p1b: Toxapex|move: Protect\n|move|p2b: Barraskewda|Psychic Fangs|p1b: Toxapex\n|-activate|p1b: Toxapex|move: Protect\n|move|p2a: Pelipper|Hurricane|p1b: Toxapex\n|-activate|p1b: Toxapex|move: Protect\n|\n|-weather|RainDance|[upkeep]\n|-damage|p2a: Pelipper|40\/100 tox|[from] psn\n|-damage|p2b: Barraskewda|68\/100 brn|[from] brn\n|upkeep\n|turn|20\n|inactive|HoNguyenLyasfga has 30 seconds left.\n|\n|t:|1683087387\n|move|p2b: Barraskewda|Psychic Fangs|p1b: Toxapex\n|-sideend|p1: 2245663y|Reflect\n|-supereffective|p1b: Toxapex\n|-crit|p1b: Toxapex\n|-damage|p1b: Toxapex|59\/100\n|move|p2a: Pelipper|Hurricane|p1b: Toxapex\n|-damage|p1b: Toxapex|34\/100\n|move|p1b: Toxapex|Recover|p1b: Toxapex\n|-heal|p1b: Toxapex|85\/100\n|\n|-weather|none\n|-damage|p2a: Pelipper|17\/100 tox|[from] psn\n|-damage|p2b: Barraskewda|62\/100 brn|[from] brn\n|upkeep\n|turn|21\n|inactive|HoNguyenLyasfga has 30 seconds left.\n|\n|t:|1683087400\n|move|p1b: Toxapex|Baneful Bunker|p1b: Toxapex\n|-singleturn|p1b: Toxapex|move: Protect\n|move|p2b: Barraskewda|Psychic Fangs|p1b: Toxapex\n|-activate|p1b: Toxapex|move: Protect\n|move|p2a: Pelipper|Hurricane|p1b: Toxapex\n|-activate|p1b: Toxapex|move: Protect\n|\n|-damage|p2a: Pelipper|0 fnt|[from] psn\n|faint|p2a: Pelipper\n|-damage|p2b: Barraskewda|56\/100 brn|[from] brn\n|upkeep\n|turn|22\n|inactive|HoNguyenLyasfga has 25 seconds left this turn.\n|inactive|HoNguyenLyasfga has 20 seconds left.\n|inactive|HoNguyenLyasfga has 15 seconds left.\n|\n|t:|1683087415\n|move|p1b: Toxapex|Baneful Bunker||[still]\n|-fail|p1b: Toxapex\n|move|p2b: Barraskewda|Psychic Fangs|p1b: Toxapex\n|-supereffective|p1b: Toxapex\n|-damage|p1b: Toxapex|64\/100\n|\n|-damage|p2b: Barraskewda|50\/100 brn|[from] brn\n|upkeep\n|turn|23\n|inactive|HoNguyenLyasfga has 15 seconds left this turn.\n|c|\u2606HoNguyenLyasfga|what a pain\n|c|\u2606HoNguyenLyasfga|:))\n|inactive|HoNguyenLyasfga has 10 seconds left.\n|inactive|HoNguyenLyasfga has 5 seconds left.\n|-message|HoNguyenLyasfga forfeited.\n|\n|win|2245663y\n|inactive|HoNguyenLyasfga has 5 seconds left this turn.\n|l|\u2606HoNguyenLyasfga\n|raw|2245663y's rating: 1123 → 1143<\/strong> (+20 for winning)\n|raw|HoNguyenLyasfga's rating: 1056 → 1041<\/strong> (-15 for losing)\n","uploadtime":1683087451,"views":7,"p1id":"2245663y","p2id":"honguyenlyasfga","formatid":"gen9vgc2023regulationc","rating":1041,"private":0,"password":""}