{"id":"gen9vgc2023regulationc-1849644805","p1":"grlfkgctkdgryp","p2":"Vikx_VGC","format":"[Gen 9] VGC 2023 Regulation C","log":"|j|\u2606grlfkgctkdgryp\n|j|\u2606Vikx_VGC\n|t:|1682224864\n|gametype|doubles\n|player|p1|grlfkgctkdgryp|101|1182\n|player|p2|Vikx_VGC|n|1109\n|teamsize|p1|6\n|teamsize|p2|6\n|gen|9\n|tier|[Gen 9] VGC 2023 Regulation C\n|rated|\n|rule|Species Clause: Limit one of each Pok\u00e9mon\n|rule|Item Clause: Limit one of each item\n|clearpoke\n|poke|p1|Annihilape, L50, M|\n|poke|p1|Maushold, L50|\n|poke|p1|Flutter Mane, L50|\n|poke|p1|Amoonguss, L50, M|\n|poke|p1|Palafin, L50, F|\n|poke|p1|Ting-Lu, L50|\n|poke|p2|Gyarados, L50, F|\n|poke|p2|Amoonguss, L50, F|\n|poke|p2|Iron Hands, L50|\n|poke|p2|Mimikyu, L50, F|\n|poke|p2|Flutter Mane, L50|\n|poke|p2|Murkrow, L50, M|\n|teampreview|4\n|inactive|Battle timer is ON: inactive players will automatically lose when time's up. (requested by Vikx_VGC)\n|inactive|Vikx_VGC has 60 seconds left.\n|\n|t:|1682224909\n|start\n|switch|p1a: Annihilape|Annihilape, L50, M|100\/100\n|switch|p1b: Maushold|Maushold, L50|100\/100\n|switch|p2a: Iron Hands|Iron Hands, L50, shiny|100\/100\n|switch|p2b: Amoonguss|Amoonguss, L50, F, shiny|100\/100\n|turn|1\n|\n|t:|1682224926\n|-terastallize|p1a: Annihilape|Ghost\n|move|p2b: Amoonguss|Rage Powder|p2b: Amoonguss\n|-singleturn|p2b: Amoonguss|move: Rage Powder\n|move|p1b: Maushold|Beat Up|p2b: Amoonguss\n|-damage|p2b: Amoonguss|97\/100\n|-damage|p2b: Amoonguss|94\/100\n|-damage|p2b: Amoonguss|92\/100\n|-damage|p2b: Amoonguss|89\/100\n|-hitcount|p2b: Amoonguss|4\n|move|p1a: Annihilape|Rage Fist|p2b: Amoonguss\n|-damage|p2b: Amoonguss|55\/100\n|move|p2a: Iron Hands|Volt Switch|p1a: Annihilape\n|-damage|p1a: Annihilape|90\/100\n|inactive|Vikx_VGC has 30 seconds left.\n|inactive|Vikx_VGC has 20 seconds left.\n|inactive|Vikx_VGC has 15 seconds left.\n|inactive|Vikx_VGC has 10 seconds left.\n|\n|t:|1682224972\n|-end|p2a: Iron Hands|Quark Drive|[silent]\n|switch|p2a: Flutter Mane|Flutter Mane, L50, shiny|100\/100|[from] Volt Switch\n|\n|upkeep\n|turn|2\n|\n|t:|1682224990\n|switch|p1a: Palafin|Palafin, L50, F|100\/100\n|move|p2b: Amoonguss|Rage Powder|p2b: Amoonguss\n|-singleturn|p2b: Amoonguss|move: Rage Powder\n|move|p1b: Maushold|Population Bomb|p2b: Amoonguss\n|-damage|p2b: Amoonguss|49\/100\n|-enditem|p2b: Amoonguss|Sitrus Berry|[eat]\n|-heal|p2b: Amoonguss|74\/100|[from] item: Sitrus Berry\n|-damage|p2b: Amoonguss|66\/100\n|-damage|p2b: Amoonguss|60\/100\n|-damage|p2b: Amoonguss|53\/100\n|-damage|p2b: Amoonguss|47\/100\n|-damage|p2b: Amoonguss|41\/100\n|-damage|p2b: Amoonguss|34\/100\n|-damage|p2b: Amoonguss|27\/100\n|-damage|p2b: Amoonguss|21\/100\n|-damage|p2b: Amoonguss|15\/100\n|-hitcount|p2b: Amoonguss|10\n|move|p2a: Flutter Mane|Dazzling Gleam|p1b: Maushold|[spread] p1a,p1b\n|-damage|p1a: Palafin|52\/100\n|-damage|p1b: Maushold|38\/100\n|\n|upkeep\n|turn|3\n|inactive|grlfkgctkdgryp has 30 seconds left.\n|inactive|Vikx_VGC has 30 seconds left.\n|\n|t:|1682225023\n|move|p2b: Amoonguss|Rage Powder|p2b: Amoonguss\n|-singleturn|p2b: Amoonguss|move: Rage Powder\n|move|p1b: Maushold|Beat Up|p2b: Amoonguss\n|-damage|p2b: Amoonguss|12\/100\n|-damage|p2b: Amoonguss|10\/100\n|-damage|p2b: Amoonguss|6\/100\n|-damage|p2b: Amoonguss|3\/100\n|-hitcount|p2b: Amoonguss|4\n|move|p2a: Flutter Mane|Dazzling Gleam|p1a: Palafin|[spread] p1a,p1b\n|-damage|p1a: Palafin|2\/100\n|-damage|p1b: Maushold|0 fnt\n|faint|p1b: Maushold\n|move|p1a: Palafin|Close Combat|p2b: Amoonguss\n|-resisted|p2b: Amoonguss\n|-damage|p2b: Amoonguss|0 fnt\n|-unboost|p1a: Palafin|def|1\n|-unboost|p1a: Palafin|spd|1\n|faint|p2b: Amoonguss\n|\n|upkeep\n|\n|t:|1682225040\n|switch|p1b: Annihilape|Annihilape, L50, M, tera:Ghost|90\/100\n|switch|p2b: Mimikyu|Mimikyu, L50, F, shiny|100\/100\n|turn|4\n|\n|t:|1682225062\n|move|p1a: Palafin|Protect|p1a: Palafin\n|-singleturn|p1a: Palafin|Protect\n|move|p2b: Mimikyu|Shadow Sneak|p1b: Annihilape\n|-supereffective|p1b: Annihilape\n|-damage|p1b: Annihilape|46\/100\n|-damage|p2b: Mimikyu|91\/100|[from] item: Life Orb\n|move|p2a: Flutter Mane|Dazzling Gleam|p1a: Palafin|[spread] p1b\n|-activate|p1a: Palafin|move: Protect\n|-damage|p1b: Annihilape|4\/100\n|move|p1b: Annihilape|Rage Fist|p2a: Flutter Mane\n|-supereffective|p2a: Flutter Mane\n|-damage|p2a: Flutter Mane|0 fnt\n|faint|p2a: Flutter Mane\n|-end|p2a: Flutter Mane|Protosynthesis|[silent]\n|\n|upkeep\n|\n|t:|1682225075\n|switch|p2a: Iron Hands|Iron Hands, L50, shiny|100\/100\n|turn|5\n|\n|t:|1682225099\n|switch|p1b: Amoonguss|Amoonguss, L50, M|100\/100\n|move|p2a: Iron Hands|Fake Out|p1a: Palafin\n|-damage|p1a: Palafin|0 fnt\n|faint|p1a: Palafin\n|move|p2b: Mimikyu|Shadow Sneak|p1b: Amoonguss\n|-damage|p1b: Amoonguss|81\/100\n|-damage|p2b: Mimikyu|81\/100|[from] item: Life Orb\n|\n|upkeep\n|\n|t:|1682225107\n|switch|p1a: Annihilape|Annihilape, L50, M, tera:Ghost|4\/100\n|turn|6\n|inactive|grlfkgctkdgryp has 30 seconds left.\n|inactive|Vikx_VGC has 30 seconds left.\n|\n|t:|1682225134\n|move|p2b: Mimikyu|Shadow Sneak|p1a: Annihilape\n|-supereffective|p1a: Annihilape\n|-damage|p1a: Annihilape|0 fnt\n|faint|p1a: Annihilape\n|-damage|p2b: Mimikyu|71\/100|[from] item: Life Orb\n|move|p2a: Iron Hands|Wild Charge|p1b: Amoonguss\n|-resisted|p1b: Amoonguss\n|-damage|p1b: Amoonguss|61\/100\n|-damage|p2a: Iron Hands|96\/100|[from] Recoil\n|move|p1b: Amoonguss|Spore|p2a: Iron Hands\n|-status|p2a: Iron Hands|slp|[from] move: Spore\n|\n|upkeep\n|turn|7\n|\n|t:|1682225155\n|move|p2b: Mimikyu|Curse|p1b: Amoonguss\n|-start|p1b: Amoonguss|Curse|[of] p2b: Mimikyu\n|-damage|p2b: Mimikyu|21\/100\n|cant|p2a: Iron Hands|slp\n|move|p1b: Amoonguss|Spore|p2b: Mimikyu\n|-status|p2b: Mimikyu|slp|[from] move: Spore\n|\n|-damage|p1b: Amoonguss|36\/100|[from] Curse\n|upkeep\n|turn|8\n|inactive|Vikx_VGC has 30 seconds left.\n|\n|t:|1682225186\n|cant|p2b: Mimikyu|slp\n|cant|p2a: Iron Hands|slp\n|move|p1b: Amoonguss|Pollen Puff|p2b: Mimikyu\n|-activate|p2b: Mimikyu|ability: Disguise\n|-damage|p2b: Mimikyu|21\/100 slp\n|detailschange|p2b: Mimikyu|Mimikyu-Busted, L50, F, shiny\n|-damage|p2b: Mimikyu|9\/100 slp|[from] pokemon: Mimikyu-Busted\n|\n|-damage|p1b: Amoonguss|11\/100|[from] Curse\n|upkeep\n|turn|9\n|inactive|Vikx_VGC has 30 seconds left.\n|inactive|Vikx_VGC has 20 seconds left.\n|\n|t:|1682225226\n|cant|p2b: Mimikyu|slp\n|-curestatus|p2a: Iron Hands|slp|[msg]\n|move|p2a: Iron Hands|Wild Charge|p1b: Amoonguss\n|-resisted|p1b: Amoonguss\n|-damage|p1b: Amoonguss|0 fnt\n|faint|p1b: Amoonguss\n|-damage|p2a: Iron Hands|94\/100|[from] Recoil\n|\n|win|Vikx_VGC\n|raw|grlfkgctkdgryp's rating: 1182 → 1152<\/strong> (-30 for losing)\n|raw|Vikx_VGC's rating: 1109 → 1139<\/strong> (+30 for winning)\n|l|\u2606grlfkgctkdgryp\n","uploadtime":1682225250,"views":16,"p1id":"grlfkgctkdgryp","p2id":"vikxvgc","formatid":"gen9vgc2023regulationc","rating":1139,"private":0,"password":""}