{"id":"gen9vgc2023regulationc-1845739225","p1":"Goldjunge1994","p2":"gohan92","format":"[Gen 9] VGC 2023 Regulation C","log":"|j|\u2606Goldjunge1994\n|j|\u2606gohan92\n|t:|1681760090\n|gametype|doubles\n|player|p1|Goldjunge1994|170|\n|player|p2|gohan92|170|\n|teamsize|p1|6\n|teamsize|p2|6\n|gen|9\n|tier|[Gen 9] VGC 2023 Regulation C\n|rule|Species Clause: Limit one of each Pok\u00e9mon\n|rule|Item Clause: Limit one of each item\n|clearpoke\n|poke|p1|Dragonite, L50, F|\n|poke|p1|Palafin, L50, F|\n|poke|p1|Flutter Mane, L50|\n|poke|p1|Arcanine, L50, M|\n|poke|p1|Chien-Pao, L50|\n|poke|p1|Amoonguss, L50, M|\n|poke|p2|Palafin, L50, M|\n|poke|p2|Flutter Mane, L50|\n|poke|p2|Baxcalibur, L50, F|\n|poke|p2|Arcanine, L50, F|\n|poke|p2|Ting-Lu, L50|\n|poke|p2|Amoonguss, L50, F|\n|teampreview|4\n|\n|t:|1681760124\n|start\n|switch|p1a: Dipset|Flutter Mane, L50|100\/100\n|switch|p1b: Vhagar|Dragonite, L50, F|100\/100\n|switch|p2a: Baxcalibur|Baxcalibur, L50, F|100\/100\n|switch|p2b: Palafin|Palafin, L50, M|100\/100\n|-enditem|p1a: Dipset|Booster Energy\n|-activate|p1a: Dipset|ability: Protosynthesis|[fromitem]\n|-start|p1a: Dipset|protosynthesisspa\n|turn|1\n|\n|t:|1681760169\n|detailschange|p2b: Palafin|Palafin-Hero, L50, M\n|switch|p2b: Arcanine|Arcanine, L50, F|100\/100\n|-ability|p2b: Arcanine|Intimidate|boost\n|-unboost|p1a: Dipset|atk|1\n|-unboost|p1b: Vhagar|atk|1\n|-terastallize|p2a: Baxcalibur|Poison\n|-terastallize|p1b: Vhagar|Normal\n|move|p1a: Dipset|Protect|p1a: Dipset\n|-singleturn|p1a: Dipset|Protect\n|move|p2a: Baxcalibur|Ice Shard|p1a: Dipset\n|-activate|p1a: Dipset|move: Protect\n|move|p1b: Vhagar|Outrage|p2b: Arcanine\n|-damage|p2b: Arcanine|23\/100\n|\n|upkeep\n|turn|2\n|\n|t:|1681760220\n|switch|p2b: Amoonguss|Amoonguss, L50, F|100\/100\n|move|p1a: Dipset|Substitute|p1a: Dipset\n|-start|p1a: Dipset|Substitute\n|-damage|p1a: Dipset|76\/100\n|move|p2a: Baxcalibur|Icicle Crash|p1a: Dipset\n|-end|p1a: Dipset|Substitute\n|move|p1b: Vhagar|Outrage|p2a: Baxcalibur|[from]lockedmove\n|-damage|p2a: Baxcalibur|36\/100\n|\n|upkeep\n|turn|3\n|\n|t:|1681760247\n|move|p2b: Amoonguss|Rage Powder|p2b: Amoonguss\n|-singleturn|p2b: Amoonguss|move: Rage Powder\n|move|p1a: Dipset|Substitute|p1a: Dipset\n|-start|p1a: Dipset|Substitute\n|-damage|p1a: Dipset|52\/100\n|move|p2a: Baxcalibur|Glaive Rush|p1b: Vhagar\n|-damage|p1b: Vhagar|68\/100\n|-singlemove|p2a: Baxcalibur|Glaive Rush|[silent]\n|move|p1b: Vhagar|Outrage|p2b: Amoonguss|[from]lockedmove\n|-damage|p2b: Amoonguss|35\/100\n|-enditem|p2b: Amoonguss|Sitrus Berry|[eat]\n|-heal|p2b: Amoonguss|60\/100|[from] item: Sitrus Berry\n|-start|p1b: Vhagar|confusion|[fatigue]\n|\n|upkeep\n|turn|4\n|\n|t:|1681760284\n|switch|p1b: Grauwind|Arcanine, L50, M|100\/100\n|-ability|p1b: Grauwind|Intimidate|boost\n|-fail|p2a: Baxcalibur|unboost|[from] item: Clear Amulet|[of] p2a: Baxcalibur\n|-unboost|p2b: Amoonguss|atk|1\n|move|p2a: Baxcalibur|Protect|p2a: Baxcalibur\n|-singleturn|p2a: Baxcalibur|Protect\n|move|p1a: Dipset|Shadow Ball|p2a: Baxcalibur\n|-activate|p2a: Baxcalibur|move: Protect\n|move|p2b: Amoonguss|Pollen Puff|p1a: Dipset\n|-resisted|p1a: Dipset\n|-activate|p1a: Dipset|move: Substitute|[damage]\n|\n|upkeep\n|turn|5\n|\n|t:|1681760339\n|switch|p2a: Arcanine|Arcanine, L50, F|23\/100\n|-ability|p2a: Arcanine|Intimidate|boost\n|-immune|p1a: Dipset\n|-unboost|p1b: Grauwind|atk|1\n|move|p2b: Amoonguss|Protect|p2b: Amoonguss\n|-singleturn|p2b: Amoonguss|Protect\n|move|p1a: Dipset|Shadow Ball|p2a: Arcanine\n|-damage|p2a: Arcanine|0 fnt\n|faint|p2a: Arcanine\n|move|p1b: Grauwind|Flare Blitz|p2b: Amoonguss\n|-activate|p2b: Amoonguss|move: Protect\n|\n|upkeep\n|\n|t:|1681760354\n|switch|p2a: Palafin|Palafin-Hero, L50, M|100\/100\n|-activate|p2a: Palafin|ability: Zero to Hero\n|turn|6\n|\n|t:|1681760368\n|switch|p1b: Skarm|Amoonguss, L50, M|100\/100\n|move|p2b: Amoonguss|Rage Powder|p2b: Amoonguss\n|-singleturn|p2b: Amoonguss|move: Rage Powder\n|move|p2a: Palafin|Jet Punch|p1b: Skarm\n|-resisted|p1b: Skarm\n|-damage|p1b: Skarm|84\/100\n|move|p1a: Dipset|Shadow Ball|p2b: Amoonguss\n|-damage|p2b: Amoonguss|22\/100\n|\n|upkeep\n|turn|7\n|\n|t:|1681760389\n|move|p2a: Palafin|Protect|p2a: Palafin\n|-singleturn|p2a: Palafin|Protect\n|move|p2b: Amoonguss|Protect|p2b: Amoonguss\n|-singleturn|p2b: Amoonguss|Protect\n|move|p1a: Dipset|Shadow Ball|p2b: Amoonguss\n|-activate|p2b: Amoonguss|move: Protect\n|move|p1b: Skarm|Spore|p2a: Palafin\n|-activate|p2a: Palafin|move: Protect\n|\n|upkeep\n|turn|8\n|\n|t:|1681760423\n|move|p2a: Palafin|Jet Punch|p1a: Dipset\n|-end|p1a: Dipset|Substitute\n|move|p1a: Dipset|Shadow Ball|p2b: Amoonguss\n|-damage|p2b: Amoonguss|0 fnt\n|faint|p2b: Amoonguss\n|move|p1b: Skarm|Spore|p2a: Palafin\n|-status|p2a: Palafin|slp|[from] move: Spore\n|\n|upkeep\n|\n|t:|1681760431\n|switch|p2b: Baxcalibur|Baxcalibur, L50, F, tera:Poison|36\/100\n|turn|9\n|\n|t:|1681760483\n|cant|p2a: Palafin|slp\n|move|p1a: Dipset|Shadow Ball|p2b: Baxcalibur\n|-damage|p2b: Baxcalibur|0 fnt\n|faint|p2b: Baxcalibur\n|move|p1b: Skarm|Pollen Puff|p1a: Dipset\n|-heal|p1a: Dipset|100\/100\n|\n|upkeep\n|turn|10\n|\n|t:|1681760494\n|move|p1b: Skarm|Rage Powder|p1b: Skarm\n|-singleturn|p1b: Skarm|move: Rage Powder\n|move|p1a: Dipset|Moonblast|p2a: Palafin\n|-damage|p2a: Palafin|33\/100 slp\n|cant|p2a: Palafin|slp\n|\n|upkeep\n|turn|11\n|c|\u2606Goldjunge1994|gg\n|c|\u2606gohan92|ggwp!\n|\n|t:|1681760505\n|move|p1b: Skarm|Rage Powder|p1b: Skarm\n|-singleturn|p1b: Skarm|move: Rage Powder\n|-curestatus|p2a: Palafin|slp|[msg]\n|move|p2a: Palafin|Jet Punch|p1b: Skarm\n|-resisted|p1b: Skarm\n|-damage|p1b: Skarm|67\/100\n|move|p1a: Dipset|Moonblast|p2a: Palafin\n|-damage|p2a: Palafin|0 fnt\n|faint|p2a: Palafin\n|\n|win|Goldjunge1994\n","uploadtime":1681760516,"views":8,"p1id":"goldjunge1994","p2id":"gohan92","formatid":"gen9vgc2023regulationc","rating":0,"private":0,"password":""}