{"id":"gen9vgc2023regulationc-1857674800","p1":"Dylbobybob","p2":"Khun.G","format":"[Gen 9] VGC 2023 Regulation C","log":"|j|\u2606Dylbobybob\n|j|\u2606Khun.G\n|t:|1683220845\n|gametype|doubles\n|player|p1|Dylbobybob|265|1300\n|player|p2|Khun.G|steven|1256\n|teamsize|p1|6\n|teamsize|p2|6\n|gen|9\n|tier|[Gen 9] VGC 2023 Regulation C\n|rated|\n|rule|Species Clause: Limit one of each Pok\u00e9mon\n|rule|Item Clause: Limit one of each item\n|clearpoke\n|poke|p1|Jumpluff, L50, F|\n|poke|p1|Torkoal, L50, M|\n|poke|p1|Farigiraf, L50, F|\n|poke|p1|Iron Hands, L50|\n|poke|p1|Kingambit, L50, M|\n|poke|p1|Roaring Moon, L50|\n|poke|p2|Palafin, L50, M|\n|poke|p2|Ting-Lu, L50|\n|poke|p2|Dondozo, L50, M|\n|poke|p2|Tatsugiri-Droopy, L50, F|\n|poke|p2|Amoonguss, L50, F|\n|poke|p2|Arcanine, L50, M|\n|teampreview|4\n|n|\u2606Khun.G|khung\n|inactive|Battle timer is ON: inactive players will automatically lose when time's up. (requested by Khun.G)\n|\n|t:|1683220890\n|start\n|switch|p1a: Farigiraf|Farigiraf, L50, F, shiny|100\/100\n|switch|p1b: Iron Hands|Iron Hands, L50, shiny|100\/100\n|switch|p2a: Ting-Lu|Ting-Lu, L50|100\/100\n|switch|p2b: Dondozo|Dondozo, L50, M|100\/100\n|-ability|p2a: Ting-Lu|Vessel of Ruin\n|turn|1\n|inactive|Khun.G has 30 seconds left.\n|\n|t:|1683220915\n|-terastallize|p2a: Ting-Lu|Poison\n|move|p1b: Iron Hands|Fake Out|p2a: Ting-Lu\n|-damage|p2a: Ting-Lu|91\/100\n|cant|p2a: Ting-Lu|flinch\n|move|p2b: Dondozo|Fissure|p1b: Iron Hands\n|-damage|p1b: Iron Hands|0 fnt\n|faint|p1b: Iron Hands\n|-end|p1b: Iron Hands|Quark Drive|[silent]\n|-ohko\n|move|p1a: Farigiraf|Trick Room|p1a: Farigiraf\n|-fieldstart|move: Trick Room|[of] p1a: Farigiraf\n|\n|upkeep\n|\n|t:|1683220926\n|switch|p1b: Torkoal|Torkoal, L50, M|100\/100\n|-weather|SunnyDay|[from] ability: Drought|[of] p1b: Torkoal\n|turn|2\n|\n|t:|1683220939\n|-terastallize|p1b: Torkoal|Fire\n|move|p1a: Farigiraf|Helping Hand|p1b: Torkoal\n|-singleturn|p1b: Torkoal|Helping Hand|[of] p1a: Farigiraf\n|move|p2b: Dondozo|Protect|p2b: Dondozo\n|-singleturn|p2b: Dondozo|Protect\n|move|p1b: Torkoal|Eruption|p2b: Dondozo|[spread] p2a\n|-activate|p2b: Dondozo|move: Protect\n|-crit|p2a: Ting-Lu\n|-damage|p2a: Ting-Lu|6\/100\n|move|p2a: Ting-Lu|Earthquake|p1b: Torkoal|[spread] p1a,p1b\n|-activate|p2b: Dondozo|move: Protect\n|-supereffective|p1b: Torkoal\n|-damage|p1a: Farigiraf|75\/100\n|-damage|p1b: Torkoal|52\/100\n|\n|-weather|SunnyDay|[upkeep]\n|upkeep\n|turn|3\n|\n|t:|1683220962\n|move|p1b: Torkoal|Overheat|p2b: Dondozo|[miss]\n|-miss|p1b: Torkoal|p2b: Dondozo\n|move|p2b: Dondozo|Fissure|p1b: Torkoal|[miss]\n|-miss|p2b: Dondozo|p1b: Torkoal\n|move|p2a: Ting-Lu|Fissure|p1a: Farigiraf|[miss]\n|-miss|p2a: Ting-Lu|p1a: Farigiraf\n|move|p1a: Farigiraf|Psyshock|p2a: Ting-Lu\n|-supereffective|p2a: Ting-Lu\n|-damage|p2a: Ting-Lu|0 fnt\n|faint|p2a: Ting-Lu\n|\n|-weather|SunnyDay|[upkeep]\n|upkeep\n|\n|t:|1683220977\n|switch|p2a: Arcanine|Arcanine, L50, M|100\/100\n|-ability|p2a: Arcanine|Intimidate|boost\n|-unboost|p1a: Farigiraf|atk|1\n|-unboost|p1b: Torkoal|atk|1\n|-enditem|p1b: Torkoal|Eject Pack\n|\n|t:|1683220982\n|switch|p1b: Kingambit|Kingambit, L50, M|100\/100\n|turn|4\n|inactive|Khun.G has 30 seconds left.\n|inactive|Khun.G has 20 seconds left.\n|\n|t:|1683221018\n|move|p2a: Arcanine|Protect|p2a: Arcanine\n|-singleturn|p2a: Arcanine|Protect\n|move|p1b: Kingambit|Sucker Punch||[still]\n|-fail|p1b: Kingambit\n|move|p2b: Dondozo|Fissure|p1b: Kingambit|[miss]\n|-miss|p2b: Dondozo|p1b: Kingambit\n|move|p1a: Farigiraf|Psyshock|p2a: Arcanine\n|-activate|p2a: Arcanine|move: Protect\n|\n|-weather|SunnyDay|[upkeep]\n|upkeep\n|turn|5\n|\n|t:|1683221039\n|move|p1b: Kingambit|Protect|p1b: Kingambit\n|-singleturn|p1b: Kingambit|Protect\n|move|p2b: Dondozo|Fissure|p1b: Kingambit\n|-activate|p1b: Kingambit|move: Protect\n|move|p1a: Farigiraf|Psyshock|p2b: Dondozo\n|-damage|p2b: Dondozo|82\/100\n|move|p2a: Arcanine|Howl|p2a: Arcanine|[spread] p2a,p2b\n|-boost|p2a: Arcanine|atk|1\n|-boost|p2b: Dondozo|atk|1\n|\n|-weather|SunnyDay|[upkeep]\n|-heal|p2b: Dondozo|88\/100|[from] item: Leftovers\n|-fieldend|move: Trick Room\n|upkeep\n|turn|6\n|\n|t:|1683221060\n|move|p1b: Kingambit|Sucker Punch|p2b: Dondozo\n|-damage|p2b: Dondozo|64\/100\n|move|p2a: Arcanine|Flare Blitz|p1b: Kingambit\n|-supereffective|p1b: Kingambit\n|-crit|p1b: Kingambit\n|-damage|p1b: Kingambit|0 fnt\n|faint|p1b: Kingambit\n|-damage|p2a: Arcanine|67\/100|[from] Recoil\n|move|p2b: Dondozo|Fissure|p1a: Farigiraf|[miss]\n|-miss|p2b: Dondozo|p1a: Farigiraf\n|move|p1a: Farigiraf|Trick Room|p1a: Farigiraf\n|-fieldstart|move: Trick Room|[of] p1a: Farigiraf\n|\n|-weather|none\n|-heal|p2b: Dondozo|70\/100|[from] item: Leftovers\n|upkeep\n|\n|t:|1683221072\n|switch|p1b: Torkoal|Torkoal, L50, M, tera:Fire|52\/100\n|-weather|SunnyDay|[from] ability: Drought|[of] p1b: Torkoal\n|turn|7\n|-message|Dylbobybob forfeited.\n|\n|win|Khun.G\n|raw|Dylbobybob's rating: 1300 → 1272<\/strong> (-28 for losing)\n|raw|Khun.G's rating: 1256 → 1284<\/strong> (+28 for winning)\n|l|\u2606Dylbobybob\n","uploadtime":1683221133,"views":18,"p1id":"dylbobybob","p2id":"khung","formatid":"gen9vgc2023regulationc","rating":1272,"private":0,"password":""}