{"id":"gen9vgc2023regulationc-1856876460","p1":"rikysama","p2":"Gholdjunge","format":"[Gen 9] VGC 2023 Regulation C","log":"|j|\u2606rikysama\n|j|\u2606Gholdjunge\n|t:|1683121844\n|gametype|doubles\n|player|p1|rikysama|lucas|1569\n|player|p2|Gholdjunge|youngster-gen2|1609\n|teamsize|p1|6\n|teamsize|p2|6\n|gen|9\n|tier|[Gen 9] VGC 2023 Regulation C\n|rated|\n|rule|Species Clause: Limit one of each Pok\u00e9mon\n|rule|Item Clause: Limit one of each item\n|clearpoke\n|poke|p1|Chi-Yu, L50|\n|poke|p1|Iron Hands, L50|\n|poke|p1|Amoonguss, L50, M|\n|poke|p1|Flutter Mane, L50|\n|poke|p1|Gyarados, L50, M|\n|poke|p1|Bronzong, L50|\n|poke|p2|Azumarill, L50, F|\n|poke|p2|Pelipper, L50, M|\n|poke|p2|Chien-Pao, L50|\n|poke|p2|Iron Hands, L50|\n|poke|p2|Flutter Mane, L50|\n|poke|p2|Amoonguss, L50, M|\n|teampreview|4\nrikysama has agreed to open team sheets.\n|inactive|Battle timer is ON: inactive players will automatically lose when time's up. (requested by rikysama)\n|inactive|Gholdjunge has 60 seconds left.\n|\n|t:|1683121887\n|start\n|switch|p1a: Iron Hands|Iron Hands, L50|100\/100\n|switch|p1b: Amoonguss|Amoonguss, L50, M|100\/100\n|switch|p2a: Chien-Pao|Chien-Pao, L50|100\/100\n|switch|p2b: Azumarill|Azumarill, L50, F|100\/100\n|-ability|p2a: Chien-Pao|Sword of Ruin\n|turn|1\n|inactive|Gholdjunge has 30 seconds left.\n|\n|t:|1683121914\n|switch|p2a: Amoonguss|Amoonguss, L50, M|100\/100\n|switch|p1b: Gyarados|Gyarados, L50, M, shiny|100\/100\n|-ability|p1b: Gyarados|Intimidate|boost\n|-unboost|p2a: Amoonguss|atk|1\n|-unboost|p2b: Azumarill|atk|1\n|move|p2b: Azumarill|Protect|p2b: Azumarill\n|-singleturn|p2b: Azumarill|Protect\n|move|p1a: Iron Hands|Swords Dance|p1a: Iron Hands\n|-boost|p1a: Iron Hands|atk|2\n|\n|upkeep\n|turn|2\n|j| hhshr6t\n|inactive|Gholdjunge has 30 seconds left.\n|\n|t:|1683121950\n|switch|p2a: Chien-Pao|Chien-Pao, L50|100\/100\n|-ability|p2a: Chien-Pao|Sword of Ruin\n|move|p1b: Gyarados|Taunt|p2a: Chien-Pao\n|-start|p2a: Chien-Pao|move: Taunt\n|move|p2b: Azumarill|Play Rough|p1a: Iron Hands|[miss]\n|-miss|p2b: Azumarill|p1a: Iron Hands\n|move|p1a: Iron Hands|Thunder Punch|p2b: Azumarill\n|-supereffective|p2b: Azumarill\n|-damage|p2b: Azumarill|0 fnt\n|faint|p2b: Azumarill\n|\n|upkeep\n|c|\u2606Gholdjunge|Sigh\n|l| hhshr6t\n|\n|t:|1683121968\n|switch|p2b: Iron Hands|Iron Hands, L50|100\/100\n|turn|3\n|j| TomoshibiNoMichi\n|inactive|Gholdjunge has 30 seconds left.\n|\n|t:|1683121998\n|switch|p2a: Amoonguss|Amoonguss, L50, M|100\/100\n|move|p1b: Gyarados|Protect|p1b: Gyarados\n|-singleturn|p1b: Gyarados|Protect\n|move|p1a: Iron Hands|Drain Punch|p2a: Amoonguss\n|-resisted|p2a: Amoonguss\n|-damage|p2a: Amoonguss|69\/100\n|move|p2b: Iron Hands|Swords Dance|p2b: Iron Hands\n|-boost|p2b: Iron Hands|atk|2\n|\n|upkeep\n|turn|4\n|\n|t:|1683122023\n|switch|p1b: Amoonguss|Amoonguss, L50, M|100\/100\n|move|p2a: Amoonguss|Protect|p2a: Amoonguss\n|-singleturn|p2a: Amoonguss|Protect\n|move|p2b: Iron Hands|Drain Punch|p1a: Iron Hands\n|-damage|p1a: Iron Hands|48\/100\n|move|p1a: Iron Hands|Swords Dance|p1a: Iron Hands\n|-boost|p1a: Iron Hands|atk|2\n|\n|upkeep\n|turn|5\n|\n|t:|1683122043\n|move|p2b: Iron Hands|Drain Punch|p1a: Iron Hands\n|-damage|p1a: Iron Hands|0 fnt\n|faint|p1a: Iron Hands\n|-end|p1a: Iron Hands|Quark Drive|[silent]\n|move|p1b: Amoonguss|Pollen Puff|p1: Iron Hands|[notarget]\n|-fail|p1b: Amoonguss\n|move|p2a: Amoonguss|Spore|p1b: Amoonguss\n|-immune|p1b: Amoonguss\n|\n|upkeep\n|\n|t:|1683122053\n|switch|p1a: Gyarados|Gyarados, L50, M, shiny|100\/100\n|-ability|p1a: Gyarados|Intimidate|boost\n|-unboost|p2a: Amoonguss|atk|1\n|-unboost|p2b: Iron Hands|atk|1\n|turn|6\n|inactive|Gholdjunge has 30 seconds left.\n|\n|t:|1683122084\n|move|p1a: Gyarados|Protect|p1a: Gyarados\n|-singleturn|p1a: Gyarados|Protect\n|move|p2a: Amoonguss|Protect|p2a: Amoonguss\n|-singleturn|p2a: Amoonguss|Protect\n|move|p2b: Iron Hands|Wild Charge|p1a: Gyarados\n|-activate|p1a: Gyarados|move: Protect\n|move|p1b: Amoonguss|Spore|p2b: Iron Hands\n|-activate|p2b: Iron Hands|item: Safety Goggles|Spore\n|\n|upkeep\n|turn|7\n|\n|t:|1683122103\n|-terastallize|p1a: Gyarados|Steel\n|move|p1a: Gyarados|Taunt|p2a: Amoonguss\n|-start|p2a: Amoonguss|move: Taunt\n|move|p2b: Iron Hands|Wild Charge|p1a: Gyarados\n|-damage|p1a: Gyarados|39\/100\n|-damage|p2b: Iron Hands|87\/100|[from] Recoil\n|move|p1b: Amoonguss|Clear Smog|p2b: Iron Hands\n|-crit|p2b: Iron Hands\n|-damage|p2b: Iron Hands|70\/100\n|-clearboost|p2b: Iron Hands\n|move|p2a: Amoonguss|Pollen Puff|p2b: Iron Hands\n|-heal|p2b: Iron Hands|100\/100\n|\n|upkeep\n|turn|8\n|\n|t:|1683122127\n|switch|p1a: Bronzong|Bronzong, L50|100\/100\n|move|p2b: Iron Hands|Drain Punch|p1a: Bronzong\n|-damage|p1a: Bronzong|62\/100\n|move|p1b: Amoonguss|Pollen Puff|p1a: Bronzong\n|-heal|p1a: Bronzong|100\/100\n|move|p2a: Amoonguss|Pollen Puff|p2b: Iron Hands\n|-immune|p2b: Iron Hands\n|\n|upkeep\n|turn|9\n|\n|t:|1683122144\n|switch|p2a: Chien-Pao|Chien-Pao, L50|100\/100\n|-ability|p2a: Chien-Pao|Sword of Ruin\n|move|p2b: Iron Hands|Swords Dance|p2b: Iron Hands\n|-boost|p2b: Iron Hands|atk|2\n|move|p1b: Amoonguss|Pollen Puff|p1a: Bronzong\n|-immune|p1a: Bronzong\n|move|p1a: Bronzong|Iron Defense|p1a: Bronzong\n|-boost|p1a: Bronzong|def|2\n|\n|upkeep\n|turn|10\n|inactive|Gholdjunge has 30 seconds left.\n|\n|t:|1683122172\n|move|p2a: Chien-Pao|Ice Spinner|p1b: Amoonguss\n|-supereffective|p1b: Amoonguss\n|-damage|p1b: Amoonguss|21\/100\n|-enditem|p1b: Amoonguss|Sitrus Berry|[eat]\n|-heal|p1b: Amoonguss|46\/100|[from] item: Sitrus Berry\n|move|p2b: Iron Hands|Wild Charge|p1b: Amoonguss\n|-resisted|p1b: Amoonguss\n|-damage|p1b: Amoonguss|0 fnt\n|faint|p1b: Amoonguss\n|-damage|p2b: Iron Hands|90\/100|[from] Recoil\n|move|p1a: Bronzong|Body Press|p2a: Chien-Pao\n|-supereffective|p2a: Chien-Pao\n|-enditem|p2a: Chien-Pao|Focus Sash\n|-damage|p2a: Chien-Pao|1\/100\n|\n|upkeep\n|\n|t:|1683122185\n|switch|p1b: Gyarados|Gyarados, L50, M, shiny, tera:Steel|39\/100\n|-ability|p1b: Gyarados|Intimidate|boost\n|-unboost|p2a: Chien-Pao|atk|1\n|-unboost|p2b: Iron Hands|atk|1\n|turn|11\n|\n|t:|1683122192\n|move|p2a: Chien-Pao|Protect|p2a: Chien-Pao\n|-singleturn|p2a: Chien-Pao|Protect\n|move|p1b: Gyarados|Protect|p1b: Gyarados\n|-singleturn|p1b: Gyarados|Protect\n|move|p2b: Iron Hands|Drain Punch|p1b: Gyarados\n|-activate|p1b: Gyarados|move: Protect\n|move|p1a: Bronzong|Body Press|p2b: Iron Hands\n|-damage|p2b: Iron Hands|55\/100\n|\n|upkeep\n|turn|12\n|\n|t:|1683122210\n|switch|p2a: Amoonguss|Amoonguss, L50, M|100\/100\n|move|p1b: Gyarados|Waterfall|p2b: Iron Hands\n|-damage|p2b: Iron Hands|34\/100\n|cant|p2b: Iron Hands|flinch\n|move|p1a: Bronzong|Body Press|p2a: Amoonguss\n|-resisted|p2a: Amoonguss\n|-damage|p2a: Amoonguss|82\/100\n|\n|upkeep\n|turn|13\n|\n|t:|1683122232\n|move|p1b: Gyarados|Protect|p1b: Gyarados\n|-singleturn|p1b: Gyarados|Protect\n|move|p2b: Iron Hands|Drain Punch|p1b: Gyarados\n|-activate|p1b: Gyarados|move: Protect\n|move|p1a: Bronzong|Body Press|p2b: Iron Hands\n|-damage|p2b: Iron Hands|5\/100\n|move|p2a: Amoonguss|Pollen Puff|p2b: Iron Hands\n|-heal|p2b: Iron Hands|55\/100\n|\n|upkeep\n|turn|14\n|\n|t:|1683122249\n|move|p2a: Amoonguss|Rage Powder|p2a: Amoonguss\n|-singleturn|p2a: Amoonguss|move: Rage Powder\n|move|p1b: Gyarados|Waterfall|p2a: Amoonguss\n|-resisted|p2a: Amoonguss\n|-damage|p2a: Amoonguss|67\/100\n|move|p2b: Iron Hands|Drain Punch|p1b: Gyarados\n|-supereffective|p1b: Gyarados\n|-damage|p1b: Gyarados|0 fnt\n|-heal|p2b: Iron Hands|71\/100|[from] drain|[of] p1b: Gyarados\n|faint|p1b: Gyarados\n|move|p1a: Bronzong|Iron Defense|p1a: Bronzong\n|-boost|p1a: Bronzong|def|2\n|\n|upkeep\n|turn|15\n|\n|t:|1683122267\n|move|p2b: Iron Hands|Detect|p2b: Iron Hands\n|-singleturn|p2b: Iron Hands|Protect\n|move|p1a: Bronzong|Body Press|p2b: Iron Hands\n|-activate|p2b: Iron Hands|move: Protect\n|move|p2a: Amoonguss|Spore|p1a: Bronzong\n|-status|p1a: Bronzong|slp|[from] move: Spore\n|\n|upkeep\n|turn|16\n|\n|t:|1683122276\n|switch|p2a: Chien-Pao|Chien-Pao, L50|1\/100\n|-ability|p2a: Chien-Pao|Sword of Ruin\n|move|p2b: Iron Hands|Swords Dance|p2b: Iron Hands\n|-boost|p2b: Iron Hands|atk|2\n|cant|p1a: Bronzong|slp\n|\n|upkeep\n|turn|17\n|\n|t:|1683122292\n|-terastallize|p2a: Chien-Pao|Ghost\n|move|p2a: Chien-Pao|Sucker Punch|p1a: Bronzong\n|-supereffective|p1a: Bronzong\n|-damage|p1a: Bronzong|72\/100 slp\n|move|p2b: Iron Hands|Drain Punch|p1a: Bronzong\n|-damage|p1a: Bronzong|30\/100 slp\n|-heal|p2b: Iron Hands|87\/100|[from] drain|[of] p1a: Bronzong\n|cant|p1a: Bronzong|slp\n|\n|upkeep\n|turn|18\n|-message|rikysama forfeited.\n|\n|win|Gholdjunge\n|raw|rikysama's rating: 1569 → 1551<\/strong> (-18 for losing)\n|raw|Gholdjunge's rating: 1609 → 1627<\/strong> (+18 for winning)\n|l|\u2606rikysama\n","uploadtime":1683122327,"views":17,"p1id":"rikysama","p2id":"gholdjunge","formatid":"gen9vgc2023regulationc","rating":1551,"private":0,"password":""}