{"id":"gen9vgc2023regulationc-1858250261","p1":"trashy pup","p2":"SeydouVGC","format":"[Gen 9] VGC 2023 Regulation C","log":"|j|\u2606trashy pup\n|j|\u2606SeydouVGC\n|t:|1683295306\n|gametype|doubles\n|player|p1|trashy pup|fisherman-gen4|1252\n|player|p2|SeydouVGC|flint|1244\n|teamsize|p1|6\n|teamsize|p2|6\n|gen|9\n|tier|[Gen 9] VGC 2023 Regulation C\n|rated|\n|rule|Species Clause: Limit one of each Pok\u00e9mon\n|rule|Item Clause: Limit one of each item\n|clearpoke\n|poke|p1|Gothitelle, L50, F|\n|poke|p1|Iron Valiant, L50|\n|poke|p1|Arcanine, L50, F|\n|poke|p1|Amoonguss, L50, M|\n|poke|p1|Ting-Lu, L50|\n|poke|p1|Scream Tail, L50|\n|poke|p2|Ting-Lu, L50|\n|poke|p2|Amoonguss, L50, M|\n|poke|p2|Arcanine, L50, F|\n|poke|p2|Roaring Moon, L50|\n|poke|p2|Garganacl, L50, F|\n|poke|p2|Iron Bundle, L50|\n|teampreview|4\ntrashy pup rejected open team sheets.\n|inactive|Battle timer is ON: inactive players will automatically lose when time's up. (requested by trashy pup)\n|c|\u2606trashy pup|good luck\n|c|\u2606SeydouVGC|u2\n|c|\u2606trashy pup|thanks bestie\n|c|\u2606SeydouVGC|:')\n|inactive|trashy pup has 60 seconds left.\n|inactive|SeydouVGC has 60 seconds left.\n|c|\u2606trashy pup|:')\n|\n|t:|1683295369\n|start\n|switch|p1a: Arcanine|Arcanine, L50, F|100\/100\n|switch|p1b: Iron Valiant|Iron Valiant, L50|100\/100\n|switch|p2a: Ting-Lu|Ting-Lu, L50|100\/100\n|switch|p2b: Garganacl|Garganacl, L50, F|100\/100\n|-ability|p1a: Arcanine|Intimidate|boost\n|-unboost|p2a: Ting-Lu|atk|1\n|-unboost|p2b: Garganacl|atk|1\n|-ability|p2a: Ting-Lu|Vessel of Ruin\n|turn|1\n|inactive|SeydouVGC has 30 seconds left.\n|inactive|SeydouVGC has 20 seconds left.\n|\n|t:|1683295406\n|-terastallize|p2b: Garganacl|Ghost\n|move|p1b: Iron Valiant|Spirit Break|p2a: Ting-Lu\n|-supereffective|p2a: Ting-Lu\n|-damage|p2a: Ting-Lu|59\/100\n|-unboost|p2a: Ting-Lu|spa|1\n|move|p1a: Arcanine|Will-O-Wisp|p2b: Garganacl\n|-immune|p2b: Garganacl|[from] ability: Purifying Salt\n|move|p2a: Ting-Lu|Heavy Slam|p1b: Iron Valiant\n|-supereffective|p1b: Iron Valiant\n|-damage|p1b: Iron Valiant|34\/100\n|move|p2b: Garganacl|Salt Cure|p1a: Arcanine\n|-supereffective|p1a: Arcanine\n|-damage|p1a: Arcanine|79\/100\n|-start|p1a: Arcanine|Salt Cure\n|\n|-damage|p1a: Arcanine|67\/100|[from] Salt Cure\n|upkeep\n|turn|2\n|\n|t:|1683295431\n|switch|p1a: Amoonguss|Amoonguss, L50, M|100\/100\n|move|p1b: Iron Valiant|Close Combat|p2a: Ting-Lu\n|-supereffective|p2a: Ting-Lu\n|-damage|p2a: Ting-Lu|0 fnt\n|-unboost|p1b: Iron Valiant|def|1\n|-unboost|p1b: Iron Valiant|spd|1\n|faint|p2a: Ting-Lu\n|move|p2b: Garganacl|Stealth Rock|p1b: Iron Valiant\n|-sidestart|p1: trashy pup|move: Stealth Rock\n|\n|upkeep\n|\n|t:|1683295440\n|switch|p2a: Amoonguss|Amoonguss, L50, M, shiny|100\/100\n|turn|3\n|\n|t:|1683295450\n|move|p2a: Amoonguss|Rage Powder|p2a: Amoonguss\n|-singleturn|p2a: Amoonguss|move: Rage Powder\n|move|p1b: Iron Valiant|Spirit Break|p2a: Amoonguss\n|-resisted|p2a: Amoonguss\n|-damage|p2a: Amoonguss|86\/100\n|-unboost|p2a: Amoonguss|spa|1\n|move|p1a: Amoonguss|Pollen Puff|p1b: Iron Valiant\n|-heal|p1b: Iron Valiant|84\/100\n|move|p2b: Garganacl|Salt Cure|p1b: Iron Valiant\n|-resisted|p1b: Iron Valiant\n|-damage|p1b: Iron Valiant|76\/100\n|-start|p1b: Iron Valiant|Salt Cure\n|\n|-damage|p1b: Iron Valiant|64\/100|[from] Salt Cure\n|upkeep\n|turn|4\n|\n|t:|1683295469\n|move|p2a: Amoonguss|Rage Powder|p2a: Amoonguss\n|-singleturn|p2a: Amoonguss|move: Rage Powder\n|move|p1b: Iron Valiant|Spirit Break|p2a: Amoonguss\n|-resisted|p2a: Amoonguss\n|-damage|p2a: Amoonguss|72\/100\n|-unboost|p2a: Amoonguss|spa|1\n|move|p1a: Amoonguss|Pollen Puff|p1b: Iron Valiant\n|-heal|p1b: Iron Valiant|100\/100\n|move|p2b: Garganacl|Salt Cure|p1a: Amoonguss\n|-damage|p1a: Amoonguss|92\/100\n|\n|-damage|p1b: Iron Valiant|88\/100|[from] Salt Cure\n|upkeep\n|turn|5\n|\n|t:|1683295493\n|move|p2a: Amoonguss|Rage Powder|p2a: Amoonguss\n|-singleturn|p2a: Amoonguss|move: Rage Powder\n|move|p1b: Iron Valiant|Spirit Break|p2a: Amoonguss\n|-resisted|p2a: Amoonguss\n|-damage|p2a: Amoonguss|57\/100\n|-unboost|p2a: Amoonguss|spa|1\n|move|p1a: Amoonguss|Pollen Puff|p2a: Amoonguss\n|-damage|p2a: Amoonguss|40\/100\n|-enditem|p2a: Amoonguss|Sitrus Berry|[eat]\n|-heal|p2a: Amoonguss|65\/100|[from] item: Sitrus Berry\n|move|p2b: Garganacl|Salt Cure|p1b: Iron Valiant\n|-resisted|p1b: Iron Valiant\n|-damage|p1b: Iron Valiant|78\/100\n|\n|-damage|p1b: Iron Valiant|66\/100|[from] Salt Cure\n|upkeep\n|turn|6\n|\n|t:|1683295513\n|switch|p2b: Roaring Moon|Roaring Moon, L50, shiny|100\/100\n|-enditem|p2b: Roaring Moon|Booster Energy\n|-activate|p2b: Roaring Moon|ability: Protosynthesis|[fromitem]\n|-start|p2b: Roaring Moon|protosynthesisatk\n|move|p2a: Amoonguss|Protect|p2a: Amoonguss\n|-singleturn|p2a: Amoonguss|Protect\n|move|p1b: Iron Valiant|Spirit Break|p2a: Amoonguss\n|-activate|p2a: Amoonguss|move: Protect\n|move|p1a: Amoonguss|Pollen Puff|p1b: Iron Valiant\n|-heal|p1b: Iron Valiant|100\/100\n|\n|-damage|p1b: Iron Valiant|88\/100|[from] Salt Cure\n|upkeep\n|turn|7\n|\n|t:|1683295534\n|-end|p1b: Iron Valiant|Quark Drive|[silent]\n|switch|p1b: Arcanine|Arcanine, L50, F|67\/100\n|-damage|p1b: Arcanine|42\/100|[from] Stealth Rock\n|-ability|p1b: Arcanine|Intimidate|boost\n|-unboost|p2a: Amoonguss|atk|1\n|-unboost|p2b: Roaring Moon|atk|1\n|move|p1a: Amoonguss|Protect|p1a: Amoonguss\n|-singleturn|p1a: Amoonguss|Protect\n|move|p2a: Amoonguss|Rage Powder|p2a: Amoonguss\n|-singleturn|p2a: Amoonguss|move: Rage Powder\n|move|p2b: Roaring Moon|Acrobatics|p1a: Amoonguss\n|-activate|p1a: Amoonguss|move: Protect\n|\n|upkeep\n|turn|8\n|inactive|trashy pup has 30 seconds left.\n|\n|t:|1683295561\n|switch|p1a: Ting-Lu|Ting-Lu, L50|100\/100\n|-damage|p1a: Ting-Lu|94\/100|[from] Stealth Rock\n|-ability|p1a: Ting-Lu|Vessel of Ruin\n|switch|p2a: Garganacl|Garganacl, L50, F, tera:Ghost|100\/100\n|move|p2b: Roaring Moon|Protect|p2b: Roaring Moon\n|-singleturn|p2b: Roaring Moon|Protect\n|move|p1b: Arcanine|Will-O-Wisp|p2b: Roaring Moon\n|-activate|p2b: Roaring Moon|move: Protect\n|\n|upkeep\n|turn|9\n|\n|t:|1683295582\n|-end|p2b: Roaring Moon|Protosynthesis|[silent]\n|switch|p2b: Amoonguss|Amoonguss, L50, M, shiny|98\/100\n|move|p1b: Arcanine|Will-O-Wisp|p2b: Amoonguss\n|-status|p2b: Amoonguss|brn\n|move|p1a: Ting-Lu|Throat Chop|p2a: Garganacl\n|-supereffective|p2a: Garganacl\n|-damage|p2a: Garganacl|42\/100\n|-start|p2a: Garganacl|Throat Chop|[silent]\n|move|p2a: Garganacl|Salt Cure|p1b: Arcanine\n|-supereffective|p1b: Arcanine\n|-crit|p1b: Arcanine\n|-damage|p1b: Arcanine|0 fnt\n|faint|p1b: Arcanine\n|\n|-heal|p2a: Garganacl|47\/100|[from] item: Leftovers\n|-damage|p2b: Amoonguss|92\/100 brn|[from] brn\n|upkeep\n|\n|t:|1683295593\n|switch|p1b: Amoonguss|Amoonguss, L50, M|100\/100\n|-damage|p1b: Amoonguss|88\/100|[from] Stealth Rock\n|turn|10\n|\n|t:|1683295601\n|switch|p2a: Roaring Moon|Roaring Moon, L50, shiny|100\/100\n|move|p1a: Ting-Lu|Throat Chop|p2a: Roaring Moon\n|-resisted|p2a: Roaring Moon\n|-damage|p2a: Roaring Moon|80\/100\n|-start|p2a: Roaring Moon|Throat Chop|[silent]\n|move|p1b: Amoonguss|Pollen Puff|p2a: Roaring Moon\n|-supereffective|p2a: Roaring Moon\n|-damage|p2a: Roaring Moon|56\/100\n|move|p2b: Amoonguss|Spore|p1a: Ting-Lu\n|-status|p1a: Ting-Lu|slp|[from] move: Spore\n|\n|-damage|p2b: Amoonguss|86\/100 brn|[from] brn\n|upkeep\n|turn|11\n|\n|t:|1683295616\n|cant|p1a: Ting-Lu|slp\n|move|p1b: Amoonguss|Protect|p1b: Amoonguss\n|-singleturn|p1b: Amoonguss|Protect\n|move|p2a: Roaring Moon|Dragon Dance|p2a: Roaring Moon\n|-boost|p2a: Roaring Moon|atk|1\n|-boost|p2a: Roaring Moon|spe|1\n|move|p2b: Amoonguss|Pollen Puff|p2a: Roaring Moon\n|-heal|p2a: Roaring Moon|100\/100\n|\n|-damage|p2b: Amoonguss|80\/100 brn|[from] brn\n|-end|p2a: Roaring Moon|Throat Chop|[silent]\n|upkeep\n|turn|12\n|inactive|trashy pup has 30 seconds left.\n|\n|t:|1683295643\n|cant|p1a: Ting-Lu|slp\n|move|p2a: Roaring Moon|Acrobatics|p1b: Amoonguss\n|-supereffective|p1b: Amoonguss\n|-damage|p1b: Amoonguss|0 fnt\n|faint|p1b: Amoonguss\n|move|p2b: Amoonguss|Spore|p1a: Ting-Lu\n|-fail|p1a: Ting-Lu|slp\n|\n|-damage|p2b: Amoonguss|74\/100 brn|[from] brn\n|upkeep\n|\n|t:|1683295647\n|switch|p1b: Iron Valiant|Iron Valiant, L50|88\/100\n|-damage|p1b: Iron Valiant|82\/100|[from] Stealth Rock\n|turn|13\n|\n|t:|1683295657\n|-terastallize|p1b: Iron Valiant|Steel\n|move|p2b: Amoonguss|Rage Powder|p2b: Amoonguss\n|-singleturn|p2b: Amoonguss|move: Rage Powder\n|move|p2a: Roaring Moon|Acrobatics|p1b: Iron Valiant\n|-resisted|p1b: Iron Valiant\n|-damage|p1b: Iron Valiant|38\/100\n|move|p1b: Iron Valiant|Close Combat|p2b: Amoonguss\n|-resisted|p2b: Amoonguss\n|-damage|p2b: Amoonguss|51\/100 brn\n|-unboost|p1b: Iron Valiant|def|1\n|-unboost|p1b: Iron Valiant|spd|1\n|-curestatus|p1a: Ting-Lu|slp|[msg]\n|move|p1a: Ting-Lu|Throat Chop|p2b: Amoonguss\n|-damage|p2b: Amoonguss|21\/100 brn\n|-start|p2b: Amoonguss|Throat Chop|[silent]\n|\n|-damage|p2b: Amoonguss|15\/100 brn|[from] brn\n|upkeep\n|turn|14\n|inactive|SeydouVGC has 30 seconds left.\n|\n|t:|1683295686\n|switch|p2b: Garganacl|Garganacl, L50, F, tera:Ghost|47\/100\n|move|p2a: Roaring Moon|Acrobatics|p1b: Iron Valiant\n|-resisted|p1b: Iron Valiant\n|-damage|p1b: Iron Valiant|0 fnt\n|faint|p1b: Iron Valiant\n|-end|p1b: Iron Valiant|Quark Drive|[silent]\n|move|p1a: Ting-Lu|Throat Chop|p2a: Roaring Moon\n|-resisted|p2a: Roaring Moon\n|-damage|p2a: Roaring Moon|80\/100\n|-start|p2a: Roaring Moon|Throat Chop|[silent]\n|\n|-heal|p2b: Garganacl|53\/100|[from] item: Leftovers\n|upkeep\n|turn|15\n|\n|t:|1683295699\n|move|p2a: Roaring Moon|Dragon Dance|p2a: Roaring Moon\n|-boost|p2a: Roaring Moon|atk|1\n|-boost|p2a: Roaring Moon|spe|1\n|move|p1a: Ting-Lu|Throat Chop|p2b: Garganacl\n|-supereffective|p2b: Garganacl\n|-damage|p2b: Garganacl|1\/100\n|-start|p2b: Garganacl|Throat Chop|[silent]\n|move|p2b: Garganacl|Salt Cure|p1a: Ting-Lu\n|-resisted|p1a: Ting-Lu\n|-damage|p1a: Ting-Lu|90\/100\n|-start|p1a: Ting-Lu|Salt Cure\n|\n|-heal|p2b: Garganacl|7\/100|[from] item: Leftovers\n|-damage|p1a: Ting-Lu|77\/100|[from] Salt Cure\n|-end|p2a: Roaring Moon|Throat Chop|[silent]\n|upkeep\n|turn|16\n|-message|trashy pup forfeited.\n|\n|win|SeydouVGC\n|raw|trashy pup's rating: 1252 → 1226<\/strong> (-26 for losing)\n|raw|SeydouVGC's rating: 1244 → 1270<\/strong> (+26 for winning)\n|l|\u2606trashy pup\n","uploadtime":1683295715,"views":7,"p1id":"trashypup","p2id":"seydouvgc","formatid":"gen9vgc2023regulationc","rating":1226,"private":0,"password":""}