{"id":"gen9vgc2023regulationc-1846536900","p1":"Roserade555","p2":"Sunset Radiance","format":"[Gen 9] VGC 2023 Regulation C","log":"|j|\u2606Roserade555\n|j|\u2606Sunset Radiance\n|t:|1681849432\n|gametype|doubles\n|player|p1|Roserade555|102|1174\n|player|p2|Sunset Radiance|bellelba|1240\n|teamsize|p1|6\n|teamsize|p2|6\n|gen|9\n|tier|[Gen 9] VGC 2023 Regulation C\n|rated|\n|rule|Species Clause: Limit one of each Pok\u00e9mon\n|rule|Item Clause: Limit one of each item\n|clearpoke\n|poke|p1|Amoonguss, L50, M|\n|poke|p1|Arcanine, L50, M|\n|poke|p1|Iron Bundle, L50|\n|poke|p1|Flutter Mane, L50|\n|poke|p1|Dragonite, L50, M|\n|poke|p1|Garchomp, L50, M|\n|poke|p2|Glimmora, L50, M|\n|poke|p2|Wo-Chien, L50|\n|poke|p2|Flutter Mane, L50|\n|poke|p2|Volcarona, L50, F|\n|poke|p2|Corviknight, L50, F|\n|poke|p2|Dragonite, L50, F|\n|teampreview|4\n|\n|t:|1681849483\n|start\n|switch|p1a: Amoonguss|Amoonguss, L50, M|100\/100\n|switch|p1b: Iron Bundle|Iron Bundle, L50|100\/100\n|switch|p2a: Glimmy|Glimmora, L50, M|100\/100\n|switch|p2b: Volcarona|Volcarona, L50, F, shiny|100\/100\n|turn|1\n|\n|t:|1681849504\n|move|p2a: Glimmy|Spiky Shield|p2a: Glimmy\n|-singleturn|p2a: Glimmy|move: Protect\n|move|p1b: Iron Bundle|Hydro Pump|p2b: Volcarona\n|-supereffective|p2b: Volcarona\n|-damage|p2b: Volcarona|0 fnt\n|faint|p2b: Volcarona\n|move|p1a: Amoonguss|Spore|p2a: Glimmy\n|-activate|p2a: Glimmy|move: Protect\n|\n|upkeep\n|\n|t:|1681849519\n|switch|p2b: Fluttershy|Flutter Mane, L50|100\/100\n|-enditem|p2b: Fluttershy|Booster Energy\n|-activate|p2b: Fluttershy|ability: Protosynthesis|[fromitem]\n|-start|p2b: Fluttershy|protosynthesisspe\n|turn|2\n|\n|t:|1681849526\n|-terastallize|p2a: Glimmy|Grass\n|move|p2b: Fluttershy|Protect|p2b: Fluttershy\n|-singleturn|p2b: Fluttershy|Protect\n|move|p1b: Iron Bundle|Encore|p2a: Glimmy\n|-start|p2a: Glimmy|Encore\n|move|p2a: Glimmy|Spiky Shield||[still]\n|-fail|p2a: Glimmy\n|move|p1a: Amoonguss|Spore|p2b: Fluttershy\n|-activate|p2b: Fluttershy|move: Protect\n|\n|upkeep\n|turn|3\n|\n|t:|1681849542\n|move|p2a: Glimmy|Spiky Shield|p2a: Glimmy\n|-singleturn|p2a: Glimmy|move: Protect\n|move|p2b: Fluttershy|Mystical Fire|p1a: Amoonguss\n|-supereffective|p1a: Amoonguss\n|-damage|p1a: Amoonguss|56\/100\n|-unboost|p1a: Amoonguss|spa|1\n|move|p1b: Iron Bundle|Encore|p2b: Fluttershy\n|-start|p2b: Fluttershy|Encore\n|move|p1a: Amoonguss|Spore|p2b: Fluttershy\n|-status|p2b: Fluttershy|slp|[from] move: Spore\n|\n|upkeep\n|turn|4\n|\n|t:|1681849557\n|switch|p1a: Flutter Mane|Flutter Mane, L50|100\/100\n|move|p2a: Glimmy|Spiky Shield||[still]\n|-fail|p2a: Glimmy\n|cant|p2b: Fluttershy|slp\n|move|p1b: Iron Bundle|Freeze-Dry|p2a: Glimmy\n|-supereffective|p2a: Glimmy\n|-damage|p2a: Glimmy|9\/100\n|\n|-end|p2a: Glimmy|Encore\n|upkeep\n|turn|5\n|\n|t:|1681849576\n|cant|p2b: Fluttershy|slp\n|move|p1b: Iron Bundle|Freeze-Dry|p2a: Glimmy\n|-supereffective|p2a: Glimmy\n|-damage|p2a: Glimmy|0 fnt\n|faint|p2a: Glimmy\n|move|p1a: Flutter Mane|Shadow Ball|p2b: Fluttershy\n|-supereffective|p2b: Fluttershy\n|-damage|p2b: Fluttershy|0 fnt\n|faint|p2b: Fluttershy\n|-end|p2b: Fluttershy|Protosynthesis|[silent]\n|\n|upkeep\n|\n|t:|1681849586\n|switch|p2b: Live Reaction|Wo-Chien, L50|100\/100\n|-ability|p2b: Live Reaction|Tablets of Ruin\n|turn|6\n|\n|t:|1681849602\n|-terastallize|p1b: Iron Bundle|Ice\n|move|p1b: Iron Bundle|Freeze-Dry|p2b: Live Reaction\n|-supereffective|p2b: Live Reaction\n|-damage|p2b: Live Reaction|44\/100\n|move|p1a: Flutter Mane|Shadow Ball|p2b: Live Reaction\n|-resisted|p2b: Live Reaction\n|-damage|p2b: Live Reaction|27\/100\n|move|p2b: Live Reaction|Snarl|p1a: Flutter Mane|[spread] p1a,p1b\n|-damage|p1a: Flutter Mane|86\/100\n|-damage|p1b: Iron Bundle|75\/100\n|-unboost|p1a: Flutter Mane|spa|1\n|-unboost|p1b: Iron Bundle|spa|1\n|\n|-heal|p2b: Live Reaction|33\/100|[from] item: Leftovers\n|upkeep\n|turn|7\n|\n|t:|1681849618\n|move|p2b: Live Reaction|Protect|p2b: Live Reaction\n|-singleturn|p2b: Live Reaction|Protect\n|move|p1b: Iron Bundle|Freeze-Dry|p2b: Live Reaction\n|-activate|p2b: Live Reaction|move: Protect\n|move|p1a: Flutter Mane|Shadow Ball|p2b: Live Reaction\n|-activate|p2b: Live Reaction|move: Protect\n|\n|-heal|p2b: Live Reaction|39\/100|[from] item: Leftovers\n|upkeep\n|turn|8\n|\n|t:|1681849630\n|move|p1b: Iron Bundle|Freeze-Dry|p2b: Live Reaction\n|-supereffective|p2b: Live Reaction\n|-damage|p2b: Live Reaction|0 fnt\n|faint|p2b: Live Reaction\n|\n|win|Roserade555\n|raw|Roserade555's rating: 1174 → 1204<\/strong> (+30 for winning)\n|raw|Sunset Radiance's rating: 1240 → 1210<\/strong> (-30 for losing)\n|l|\u2606Sunset Radiance\n","uploadtime":1681849753,"views":8,"p1id":"roserade555","p2id":"sunsetradiance","formatid":"gen9vgc2023regulationc","rating":1204,"private":0,"password":""}