{"id":"gen9vgc2023regulationc-1857514431","p1":"noahthenumbat","p2":"Jo8h","format":"[Gen 9] VGC 2023 Regulation C","log":"|j|\u2606noahthenumbat\n|j|\u2606Jo8h\n|t:|1683203693\n|gametype|doubles\n|player|p1|noahthenumbat|backersf|\n|player|p2|Jo8h|101|\n|teamsize|p1|6\n|teamsize|p2|6\n|gen|9\n|tier|[Gen 9] VGC 2023 Regulation C\n|rule|Species Clause: Limit one of each Pok\u00e9mon\n|rule|Item Clause: Limit one of each item\n|clearpoke\n|poke|p1|Gastly, L50, F|\n|poke|p1|Stunky, L50, F|\n|poke|p1|Crabrawler, L50, F|\n|poke|p1|Quaxly, L50, M|\n|poke|p1|Mudbray, L50, F|\n|poke|p1|Bronzor, L50|\n|poke|p2|Drifloon, L50, F|\n|poke|p2|Makuhita, L50, M|\n|poke|p2|Skiddo, L50, F|\n|poke|p2|Sandile, L50, F|\n|poke|p2|Tinkatink, L50, F|\n|poke|p2|Mareep, L50, F|\n|teampreview|4\n|l|\u2606Jo8h\n|player|p2|\n|c|\u2606noahthenumbat|glhf\n|j| Ciq108\n|j| Hallowed_Hazel\n|j|\u2606Jo8h\n|player|p2|Jo8h|101\n|c|\u2606Jo8h|U2\n|\n|t:|1683204644\n|start\n|switch|p1a: Mudbray|Mudbray, L50, F|100\/100\n|switch|p1b: Bronzor|Bronzor, L50|100\/100\n|switch|p2a: Sandile|Sandile, L50, F|100\/100\n|switch|p2b: Drifloon|Drifloon, L50, F|100\/100\n|-ability|p2a: Sandile|Intimidate|boost\n|-unboost|p1a: Mudbray|atk|1\n|-unboost|p1b: Bronzor|atk|1\n|turn|1\n|\n|t:|1683204699\n|-terastallize|p1b: Bronzor|Dark\n|move|p2a: Sandile|Crunch|p1b: Bronzor\n|-resisted|p1b: Bronzor\n|-damage|p1b: Bronzor|85\/100\n|move|p2b: Drifloon|Air Cutter|p1b: Bronzor|[spread] p1a,p1b\n|-crit|p1a: Mudbray\n|-damage|p1a: Mudbray|85\/100\n|-damage|p1b: Bronzor|71\/100\n|-ability|p1a: Mudbray|Stamina|boost\n|-boost|p1a: Mudbray|def|1\n|move|p1a: Mudbray|Rock Slide|p2a: Sandile|[spread] p2b\n|-miss|p1a: Mudbray|p2a: Sandile\n|-supereffective|p2b: Drifloon\n|-damage|p2b: Drifloon|72\/100\n|move|p1b: Bronzor|Reflect|p1b: Bronzor\n|-sidestart|p1: noahthenumbat|Reflect\n|\n|upkeep\n|turn|2\n|\n|t:|1683204726\n|move|p2a: Sandile|Crunch|p1b: Bronzor\n|-resisted|p1b: Bronzor\n|-damage|p1b: Bronzor|62\/100\n|move|p2b: Drifloon|Air Cutter|p1a: Mudbray|[spread] p1a,p1b\n|-damage|p1a: Mudbray|74\/100\n|-damage|p1b: Bronzor|47\/100\n|-ability|p1a: Mudbray|Stamina|boost\n|-boost|p1a: Mudbray|def|1\n|move|p1a: Mudbray|High Horsepower|p2a: Sandile\n|-damage|p2a: Sandile|20\/100\n|move|p1b: Bronzor|Light Screen|p1b: Bronzor\n|-sidestart|p1: noahthenumbat|move: Light Screen\n|\n|upkeep\n|turn|3\n|\n|t:|1683204741\n|move|p2a: Sandile|Crunch|p1b: Bronzor\n|-resisted|p1b: Bronzor\n|-damage|p1b: Bronzor|37\/100\n|move|p2b: Drifloon|Air Cutter|p1b: Bronzor|[spread] p1a,p1b\n|-damage|p1a: Mudbray|68\/100\n|-damage|p1b: Bronzor|28\/100\n|-ability|p1a: Mudbray|Stamina|boost\n|-boost|p1a: Mudbray|def|1\n|move|p1a: Mudbray|Earthquake|p2a: Sandile|[spread] p2a\n|-immune|p1b: Bronzor|[from] ability: Levitate\n|-immune|p2b: Drifloon\n|-damage|p2a: Sandile|0 fnt\n|faint|p2a: Sandile\n|move|p1b: Bronzor|Flash Cannon|p2b: Drifloon\n|-damage|p2b: Drifloon|53\/100\n|\n|upkeep\n|\n|t:|1683204755\n|switch|p2a: Makuhita|Makuhita, L50, M|100\/100\n|turn|4\n|\n|t:|1683204769\n|move|p2b: Drifloon|Air Cutter|p1b: Bronzor|[spread] p1a,p1b\n|-damage|p1a: Mudbray|61\/100\n|-damage|p1b: Bronzor|18\/100\n|-ability|p1a: Mudbray|Stamina|boost\n|-boost|p1a: Mudbray|def|1\n|move|p1a: Mudbray|Rock Slide|p2a: Makuhita|[spread] p2a,p2b\n|-resisted|p2a: Makuhita\n|-supereffective|p2b: Drifloon\n|-damage|p2a: Makuhita|88\/100\n|-damage|p2b: Drifloon|20\/100\n|cant|p2a: Makuhita|flinch\n|move|p1b: Bronzor|Flash Cannon|p2b: Drifloon\n|-damage|p2b: Drifloon|2\/100\n|-unboost|p2b: Drifloon|spd|1\n|\n|-status|p2a: Makuhita|brn|[from] item: Flame Orb\n|upkeep\n|turn|5\n|\n|t:|1683204792\n|move|p2b: Drifloon|Air Cutter|p1b: Bronzor|[spread] p1a,p1b\n|-damage|p1a: Mudbray|54\/100\n|-damage|p1b: Bronzor|9\/100\n|-ability|p1a: Mudbray|Stamina|boost\n|-boost|p1a: Mudbray|def|1\n|move|p1a: Mudbray|Rock Slide|p2a: Makuhita|[spread] p2a,p2b\n|-resisted|p2a: Makuhita\n|-supereffective|p2b: Drifloon\n|-damage|p2a: Makuhita|76\/100 brn\n|-damage|p2b: Drifloon|0 fnt\n|faint|p2b: Drifloon\n|move|p2a: Makuhita|Drain Punch|p1b: Bronzor\n|-supereffective|p1b: Bronzor\n|-damage|p1b: Bronzor|0 fnt\n|-heal|p2a: Makuhita|80\/100 brn|[from] drain|[of] p1b: Bronzor\n|faint|p1b: Bronzor\n|\n|-damage|p2a: Makuhita|74\/100 brn|[from] brn\n|upkeep\n|\n|t:|1683204803\n|switch|p2b: Mareep|Mareep, L50, F, shiny|100\/100\n|switch|p1b: Gastly|Gastly, L50, F|100\/100\n|turn|6\n|c|\u2606Jo8h|The stall mudbray is exactly why i brought leech seed skiddo\n|c|\u2606Jo8h|disappointed in myself I didn\u2019t bring in g2\n|\n|t:|1683204875\n|-terastallize|p2b: Mareep|Flying\n|move|p2a: Makuhita|Protect|p2a: Makuhita\n|-singleturn|p2a: Makuhita|Protect\n|move|p1b: Gastly|Shadow Ball|p2a: Makuhita\n|-activate|p2a: Makuhita|move: Protect\n|move|p1a: Mudbray|Rock Slide|p2a: Makuhita|[spread] p2b\n|-activate|p2a: Makuhita|move: Protect\n|-supereffective|p2b: Mareep\n|-damage|p2b: Mareep|56\/100\n|move|p2b: Mareep|Tera Blast|p1a: Mudbray\n|-damage|p1a: Mudbray|27\/100\n|-ability|p1a: Mudbray|Stamina|boost\n|-boost|p1a: Mudbray|def|1\n|\n|-damage|p2a: Makuhita|68\/100 brn|[from] brn\n|upkeep\n|turn|7\n|\n|t:|1683204897\n|move|p1b: Gastly|Shadow Ball|p2b: Mareep\n|-damage|p2b: Mareep|0 fnt\n|faint|p2b: Mareep\n|move|p1a: Mudbray|Earthquake|p2a: Makuhita|[spread] p2a\n|-immune|p1b: Gastly|[from] ability: Levitate\n|-damage|p2a: Makuhita|25\/100 brn\n|move|p2a: Makuhita|Drain Punch|p1a: Mudbray\n|-damage|p1a: Mudbray|20\/100\n|-heal|p2a: Makuhita|29\/100 brn|[from] drain|[of] p1a: Mudbray\n|\n|-damage|p2a: Makuhita|23\/100 brn|[from] brn\n|upkeep\n|turn|8\n|\n|t:|1683204909\n|move|p1b: Gastly|Psychic|p2a: Makuhita\n|-supereffective|p2a: Makuhita\n|-damage|p2a: Makuhita|0 fnt\n|faint|p2a: Makuhita\n|\n|win|noahthenumbat\n|l| Ciq108\n|l|\u2606Jo8h\n|c|\u2606noahthenumbat|gg\n|l| Hallowed_Hazel\n","uploadtime":1683205080,"views":8,"p1id":"noahthenumbat","p2id":"jo8h","formatid":"gen9vgc2023regulationc","rating":0,"private":0,"password":""}