{"id":"gen9vgc2023regulationc-1860692370","p1":"gesucristousername","p2":"Obimontoya1","format":"[Gen 9] VGC 2023 Regulation C","log":"|j|\u2606gesucristousername\n|j|\u2606Obimontoya1\n|t:|1683666820\n|gametype|doubles\n|player|p1|gesucristousername|baker|1136\n|player|p2|Obimontoya1|hilbert|1141\n|teamsize|p1|6\n|teamsize|p2|6\n|gen|9\n|tier|[Gen 9] VGC 2023 Regulation C\n|rated|\n|rule|Species Clause: Limit one of each Pok\u00e9mon\n|rule|Item Clause: Limit one of each item\n|clearpoke\n|poke|p1|Chi-Yu, L50|\n|poke|p1|Murkrow, L50, M|\n|poke|p1|Garchomp, L50, M|\n|poke|p1|Rotom-Wash, L50|\n|poke|p1|Iron Moth, L50|\n|poke|p1|Gholdengo, L50|\n|poke|p2|Amoonguss, L50, M|\n|poke|p2|Dragonite, L50, M|\n|poke|p2|Chien-Pao, L50|\n|poke|p2|Quaquaval, L50, M|\n|poke|p2|Ceruledge, L50, M|\n|poke|p2|Flutter Mane, L50|\n|teampreview|4\n|\n|t:|1683666857\n|start\n|switch|p1a: Chi-Yu|Chi-Yu, L50|100\/100\n|switch|p1b: Murkrow|Murkrow, L50, M|100\/100\n|switch|p2a: Quaquaval|Quaquaval, L50, M|100\/100\n|switch|p2b: Amoonguss|Amoonguss, L50, M, shiny|100\/100\n|-ability|p1a: Chi-Yu|Beads of Ruin\n|turn|1\n|\n|t:|1683666886\n|-terastallize|p1a: Chi-Yu|Grass\n|move|p2b: Amoonguss|Protect|p2b: Amoonguss\n|-singleturn|p2b: Amoonguss|Protect\n|move|p1b: Murkrow|Tailwind|p1b: Murkrow\n|-sidestart|p1: gesucristousername|move: Tailwind\n|move|p1a: Chi-Yu|Nasty Plot|p1a: Chi-Yu\n|-boost|p1a: Chi-Yu|spa|2\n|move|p2a: Quaquaval|Aqua Step|p1b: Murkrow\n|-damage|p1b: Murkrow|57\/100\n|-boost|p2a: Quaquaval|spe|1\n|\n|upkeep\n|turn|2\n|\n|t:|1683666926\n|switch|p2b: Ceruledge|Ceruledge, L50, M|100\/100\n|move|p1b: Murkrow|Taunt|p2b: Ceruledge\n|-start|p2b: Ceruledge|move: Taunt\n|move|p1a: Chi-Yu|Heat Wave|p2b: Ceruledge|[spread] p2a\n|-start|p2b: Ceruledge|ability: Flash Fire\n|-resisted|p2a: Quaquaval\n|-damage|p2a: Quaquaval|7\/100\n|-damage|p1a: Chi-Yu|91\/100|[from] item: Life Orb\n|move|p2a: Quaquaval|Close Combat|p1a: Chi-Yu\n|-damage|p1a: Chi-Yu|0 fnt\n|-unboost|p2a: Quaquaval|def|1\n|-unboost|p2a: Quaquaval|spd|1\n|faint|p1a: Chi-Yu\n|-ability|p2a: Quaquaval|Moxie|boost\n|-boost|p2a: Quaquaval|atk|1\n|\n|upkeep\n|\n|t:|1683666948\n|switch|p1a: Iron Moth|Iron Moth, L50|100\/100\n|-enditem|p1a: Iron Moth|Booster Energy\n|-activate|p1a: Iron Moth|ability: Quark Drive|[fromitem]\n|-start|p1a: Iron Moth|quarkdrivespa\n|turn|3\n|\n|t:|1683666979\n|-terastallize|p2b: Ceruledge|Grass\n|move|p1b: Murkrow|Protect|p1b: Murkrow\n|-singleturn|p1b: Murkrow|Protect\n|move|p1a: Iron Moth|Dazzling Gleam|p2a: Quaquaval|[spread] p2a,p2b\n|-supereffective|p2a: Quaquaval\n|-damage|p2a: Quaquaval|0 fnt\n|-damage|p2b: Ceruledge|78\/100\n|faint|p2a: Quaquaval\n|move|p2b: Ceruledge|Bitter Blade|p1b: Murkrow\n|-activate|p1b: Murkrow|move: Protect\n|\n|upkeep\n|\n|t:|1683666990\n|switch|p2a: Flutter Mane|Flutter Mane, L50|100\/100\n|turn|4\n|\n|t:|1683667005\n|move|p1b: Murkrow|Taunt|p2a: Flutter Mane\n|-start|p2a: Flutter Mane|move: Taunt\n|move|p1a: Iron Moth|Flash Cannon|p2a: Flutter Mane\n|-supereffective|p2a: Flutter Mane\n|-damage|p2a: Flutter Mane|21\/100\n|move|p2a: Flutter Mane|Thunderbolt|p1b: Murkrow\n|-supereffective|p1b: Murkrow\n|-damage|p1b: Murkrow|0 fnt\n|faint|p1b: Murkrow\n|move|p2b: Ceruledge|Bitter Blade|p1a: Iron Moth\n|-resisted|p1a: Iron Moth\n|-damage|p1a: Iron Moth|34\/100\n|-heal|p2b: Ceruledge|100\/100|[from] drain|[of] p1a: Iron Moth\n|\n|-end|p2b: Ceruledge|move: Taunt\n|-sideend|p1: gesucristousername|move: Tailwind\n|upkeep\n|\n|t:|1683667021\n|switch|p1b: Gholdengo|Gholdengo, L50|100\/100\n|turn|5\n|\n|t:|1683667050\n|move|p2a: Flutter Mane|Thunderbolt|p1a: Iron Moth\n|-damage|p1a: Iron Moth|0 fnt\n|faint|p1a: Iron Moth\n|-end|p1a: Iron Moth|Quark Drive|[silent]\n|move|p2b: Ceruledge|Bitter Blade|p1b: Gholdengo\n|-supereffective|p1b: Gholdengo\n|-damage|p1b: Gholdengo|0 fnt\n|faint|p1b: Gholdengo\n|\n|win|Obimontoya1\n|raw|gesucristousername's rating: 1136 → 1111<\/strong> (-25 for losing)\n|raw|Obimontoya1's rating: 1141 → 1166<\/strong> (+25 for winning)\n|l|\u2606gesucristousername\n","uploadtime":1683667066,"views":12,"p1id":"gesucristousername","p2id":"obimontoya1","formatid":"gen9vgc2023regulationc","rating":1111,"private":0,"password":""}