{"id":"gen9vgc2023regulationc-1857159374","p1":"Dr.T23","p2":"QuesoNepe","format":"[Gen 9] VGC 2023 Regulation C","log":"|j|\u2606Dr.T23\n|j|\u2606QuesoNepe\n|t:|1683152195\n|gametype|doubles\n|player|p1|Dr.T23|266|1161\n|player|p2|QuesoNepe|n|1167\n|teamsize|p1|6\n|teamsize|p2|6\n|gen|9\n|tier|[Gen 9] VGC 2023 Regulation C\n|rated|\n|rule|Species Clause: Limit one of each Pok\u00e9mon\n|rule|Item Clause: Limit one of each item\n|clearpoke\n|poke|p1|Scream Tail, L50|\n|poke|p1|Slither Wing, L50|\n|poke|p1|Iron Thorns, L50|\n|poke|p1|Torkoal, L50, M|\n|poke|p1|Pawmot, L50, F|\n|poke|p1|Dragapult, L50, M|\n|poke|p2|Wo-Chien, L50|\n|poke|p2|Glimmora, L50, M|\n|poke|p2|Flutter Mane, L50|\n|poke|p2|Palafin, L50, M|\n|poke|p2|Rotom-Heat, L50|\n|poke|p2|Corviknight, L50, M|\n|teampreview|4\n|\n|t:|1683152227\n|start\n|switch|p1a: Slither Wing|Slither Wing, L50|100\/100\n|switch|p1b: Dragapult|Dragapult, L50, M|100\/100\n|switch|p2a: Wo-Chien|Wo-Chien, L50|100\/100\n|switch|p2b: PalaPrincipio|Palafin, L50, M|100\/100\n|-ability|p2a: Wo-Chien|Tablets of Ruin\n|turn|1\n|inactive|Battle timer is ON: inactive players will automatically lose when time's up. (requested by Dr.T23)\n|\n|t:|1683152247\n|-terastallize|p2a: Wo-Chien|Poison\n|move|p1a: Slither Wing|First Impression|p2b: PalaPrincipio\n|-damage|p2b: PalaPrincipio|46\/100\n|-damage|p1a: Slither Wing|91\/100|[from] item: Life Orb\n|move|p1b: Dragapult|Draco Meteor|p2b: PalaPrincipio\n|-damage|p2b: PalaPrincipio|0 fnt\n|-unboost|p1b: Dragapult|spa|2\n|faint|p2b: PalaPrincipio\n|move|p2a: Wo-Chien|Leech Seed|p1b: Dragapult\n|-start|p1b: Dragapult|move: Leech Seed\n|\n|-damage|p1b: Dragapult|88\/100|[from] Leech Seed|[of] p2a: Wo-Chien\n|upkeep\n|\n|t:|1683152265\n|switch|p2b: Roto|Rotom-Heat, L50|100\/100\n|turn|2\n|\n|t:|1683152279\n|switch|p1b: Torkoal|Torkoal, L50, M|100\/100\n|-weather|SunnyDay|[from] ability: Drought|[of] p1b: Torkoal\n|-activate|p1a: Slither Wing|ability: Protosynthesis\n|-start|p1a: Slither Wing|protosynthesisatk\n|move|p2b: Roto|Trick|p1a: Slither Wing\n|-activate|p2b: Roto|move: Trick|[of] p1a: Slither Wing\n|-item|p1a: Slither Wing|Choice Scarf|[from] move: Trick\n|-item|p2b: Roto|Life Orb|[from] move: Trick\n|move|p1a: Slither Wing|Close Combat|p2b: Roto\n|-damage|p2b: Roto|27\/100\n|-unboost|p1a: Slither Wing|def|1\n|-unboost|p1a: Slither Wing|spd|1\n|move|p2a: Wo-Chien|Leech Seed|p1a: Slither Wing\n|-start|p1a: Slither Wing|move: Leech Seed\n|\n|-weather|SunnyDay|[upkeep]\n|-damage|p1a: Slither Wing|78\/100|[from] Leech Seed|[of] p2a: Wo-Chien\n|upkeep\n|turn|3\n|inactive|Dr.T23 has 30 seconds left.\n|inactive|QuesoNepe has 30 seconds left.\n|\n|t:|1683152307\n|move|p2b: Roto|Protect|p2b: Roto\n|-singleturn|p2b: Roto|Protect\n|move|p1a: Slither Wing|Close Combat|p2b: Roto\n|-activate|p2b: Roto|move: Protect\n|move|p2a: Wo-Chien|Snarl|p1a: Slither Wing|[spread] \n|-miss|p2a: Wo-Chien|p1a: Slither Wing\n|-miss|p2a: Wo-Chien|p1b: Torkoal\n|move|p1b: Torkoal|Earth Power|p2a: Wo-Chien\n|-supereffective|p2a: Wo-Chien\n|-damage|p2a: Wo-Chien|77\/100\n|-unboost|p2a: Wo-Chien|spd|1\n|\n|-weather|SunnyDay|[upkeep]\n|-heal|p2a: Wo-Chien|83\/100|[from] item: Leftovers\n|-damage|p1a: Slither Wing|66\/100|[from] Leech Seed|[of] p2a: Wo-Chien\n|-heal|p2a: Wo-Chien|95\/100|[silent]\n|upkeep\n|turn|4\n|c|\u2606QuesoNepe|-.-\n|inactive|QuesoNepe has 30 seconds left.\n|\n|t:|1683152340\n|switch|p2b: Filmora|Glimmora, L50, M|100\/100\n|move|p1a: Slither Wing|Close Combat|p2b: Filmora\n|-damage|p2b: Filmora|21\/100\n|-unboost|p1a: Slither Wing|def|1\n|-unboost|p1a: Slither Wing|spd|1\n|-activate|p2b: Filmora|ability: Toxic Debris\n|-sidestart|p1: Dr.T23|move: Toxic Spikes\n|move|p2a: Wo-Chien|Snarl|p1a: Slither Wing|[spread] p1a,p1b\n|-resisted|p1a: Slither Wing\n|-damage|p1a: Slither Wing|53\/100\n|-damage|p1b: Torkoal|87\/100\n|-unboost|p1a: Slither Wing|spa|1\n|-unboost|p1b: Torkoal|spa|1\n|move|p1b: Torkoal|Earth Power|p2a: Wo-Chien\n|-supereffective|p2a: Wo-Chien\n|-damage|p2a: Wo-Chien|73\/100\n|\n|-weather|SunnyDay|[upkeep]\n|-heal|p2a: Wo-Chien|80\/100|[from] item: Leftovers\n|-damage|p1a: Slither Wing|41\/100|[from] Leech Seed|[of] p2a: Wo-Chien\n|-heal|p2a: Wo-Chien|92\/100|[silent]\n|upkeep\n|turn|5\n|inactive|Dr.T23 has 30 seconds left.\n|inactive|QuesoNepe has 30 seconds left.\n|inactive|QuesoNepe has 20 seconds left.\n|inactive|QuesoNepe has 15 seconds left.\n|inactive|QuesoNepe has 10 seconds left.\n|\n|t:|1683152388\n|move|p1a: Slither Wing|Close Combat|p2b: Filmora\n|-damage|p2b: Filmora|0 fnt\n|-unboost|p1a: Slither Wing|def|1\n|-unboost|p1a: Slither Wing|spd|1\n|-activate|p2b: Filmora|ability: Toxic Debris\n|-sidestart|p1: Dr.T23|move: Toxic Spikes\n|faint|p2b: Filmora\n|move|p2a: Wo-Chien|Leech Seed|p1b: Torkoal\n|-start|p1b: Torkoal|move: Leech Seed\n|move|p1b: Torkoal|Will-O-Wisp|p2a: Wo-Chien\n|-status|p2a: Wo-Chien|brn\n|\n|-weather|SunnyDay|[upkeep]\n|-heal|p2a: Wo-Chien|98\/100 brn|[from] item: Leftovers\n|-damage|p1a: Slither Wing|28\/100|[from] Leech Seed|[of] p2a: Wo-Chien\n|-heal|p2a: Wo-Chien|100\/100 brn|[silent]\n|-damage|p1b: Torkoal|75\/100|[from] Leech Seed|[of] p2a: Wo-Chien\n|-damage|p2a: Wo-Chien|94\/100 brn|[from] brn\n|upkeep\n|\n|t:|1683152399\n|switch|p2b: Roto|Rotom-Heat, L50|27\/100\n|turn|6\n|\n|t:|1683152412\n|move|p2b: Roto|Protect|p2b: Roto\n|-singleturn|p2b: Roto|Protect\n|move|p1a: Slither Wing|Close Combat|p2b: Roto\n|-activate|p2b: Roto|move: Protect\n|move|p2a: Wo-Chien|Snarl|p1a: Slither Wing|[spread] p1a,p1b\n|-resisted|p1a: Slither Wing\n|-damage|p1a: Slither Wing|14\/100\n|-damage|p1b: Torkoal|59\/100\n|-unboost|p1a: Slither Wing|spa|1\n|-unboost|p1b: Torkoal|spa|1\n|move|p1b: Torkoal|Earth Power|p2a: Wo-Chien\n|-supereffective|p2a: Wo-Chien\n|-damage|p2a: Wo-Chien|78\/100 brn\n|\n|-weather|SunnyDay|[upkeep]\n|-heal|p2a: Wo-Chien|84\/100 brn|[from] item: Leftovers\n|-damage|p1a: Slither Wing|2\/100|[from] Leech Seed|[of] p2a: Wo-Chien\n|-heal|p2a: Wo-Chien|96\/100 brn|[silent]\n|-damage|p1b: Torkoal|47\/100|[from] Leech Seed|[of] p2a: Wo-Chien\n|-heal|p2a: Wo-Chien|100\/100 brn|[silent]\n|-damage|p2a: Wo-Chien|94\/100 brn|[from] brn\n|upkeep\n|turn|7\n|inactive|Dr.T23 has 30 seconds left.\n|inactive|QuesoNepe has 30 seconds left.\n|inactive|Dr.T23 has 20 seconds left.\n|inactive|Dr.T23 has 15 seconds left.\n|inactive|Dr.T23 has 10 seconds left.\n|\n|t:|1683152461\n|move|p2b: Roto|Protect||[still]\n|-fail|p2b: Roto\n|move|p1a: Slither Wing|Close Combat|p2b: Roto\n|-damage|p2b: Roto|0 fnt\n|-unboost|p1a: Slither Wing|def|1\n|-unboost|p1a: Slither Wing|spd|1\n|faint|p2b: Roto\n|move|p2a: Wo-Chien|Snarl|p1a: Slither Wing|[spread] p1a,p1b\n|-resisted|p1a: Slither Wing\n|-damage|p1a: Slither Wing|0 fnt\n|-damage|p1b: Torkoal|33\/100\n|-unboost|p1b: Torkoal|spa|1\n|faint|p1a: Slither Wing\n|-end|p1a: Slither Wing|Protosynthesis|[silent]\n|move|p1b: Torkoal|Earth Power|p2a: Wo-Chien\n|-supereffective|p2a: Wo-Chien\n|-damage|p2a: Wo-Chien|81\/100 brn\n|\n|-weather|SunnyDay|[upkeep]\n|-heal|p2a: Wo-Chien|87\/100 brn|[from] item: Leftovers\n|-damage|p1b: Torkoal|21\/100|[from] Leech Seed|[of] p2a: Wo-Chien\n|-heal|p2a: Wo-Chien|98\/100 brn|[silent]\n|-damage|p2a: Wo-Chien|92\/100 brn|[from] brn\n|upkeep\n|\n|t:|1683152485\n|switch|p1a: Iron Thorns|Iron Thorns, L50|100\/100\n|-status|p1a: Iron Thorns|tox\n|turn|8\n|\n|t:|1683152492\n|move|p1a: Iron Thorns|Thunder Punch|p2a: Wo-Chien\n|-damage|p2a: Wo-Chien|64\/100 brn\n|move|p2a: Wo-Chien|Leech Seed|p1a: Iron Thorns\n|-start|p1a: Iron Thorns|move: Leech Seed\n|move|p1b: Torkoal|Earth Power|p2a: Wo-Chien\n|-supereffective|p2a: Wo-Chien\n|-damage|p2a: Wo-Chien|49\/100 brn\n|\n|-weather|SunnyDay|[upkeep]\n|-heal|p2a: Wo-Chien|55\/100 brn|[from] item: Leftovers\n|-damage|p1a: Iron Thorns|88\/100 tox|[from] Leech Seed|[of] p2a: Wo-Chien\n|-heal|p2a: Wo-Chien|67\/100 brn|[silent]\n|-damage|p1b: Torkoal|8\/100|[from] Leech Seed|[of] p2a: Wo-Chien\n|-heal|p2a: Wo-Chien|78\/100 brn|[silent]\n|-damage|p1a: Iron Thorns|82\/100 tox|[from] psn\n|-damage|p2a: Wo-Chien|72\/100 brn|[from] brn\n|upkeep\n|turn|9\n|inactive|Dr.T23 has 30 seconds left.\n|\n|t:|1683152517\n|move|p2a: Wo-Chien|Protect|p2a: Wo-Chien\n|-singleturn|p2a: Wo-Chien|Protect\n|move|p1a: Iron Thorns|Thunder Punch|p2a: Wo-Chien\n|-activate|p2a: Wo-Chien|move: Protect\n|move|p1b: Torkoal|Earth Power|p2a: Wo-Chien\n|-activate|p2a: Wo-Chien|move: Protect\n|\n|-weather|none\n|-heal|p2a: Wo-Chien|78\/100 brn|[from] item: Leftovers\n|-damage|p1a: Iron Thorns|69\/100 tox|[from] Leech Seed|[of] p2a: Wo-Chien\n|-heal|p2a: Wo-Chien|90\/100 brn|[silent]\n|-damage|p1b: Torkoal|0 fnt|[from] Leech Seed|[of] p2a: Wo-Chien\n|-heal|p2a: Wo-Chien|97\/100 brn|[silent]\n|faint|p1b: Torkoal\n|-damage|p1a: Iron Thorns|57\/100 tox|[from] psn\n|-damage|p2a: Wo-Chien|91\/100 brn|[from] brn\n|upkeep\n|\n|t:|1683152535\n|switch|p1b: Dragapult|Dragapult, L50, M|88\/100\n|-status|p1b: Dragapult|tox\n|turn|10\n|\n|t:|1683152545\n|move|p1b: Dragapult|Shadow Ball|p2a: Wo-Chien\n|-damage|p2a: Wo-Chien|42\/100 brn\n|move|p1a: Iron Thorns|Thunder Punch|p2a: Wo-Chien\n|-damage|p2a: Wo-Chien|14\/100 brn\n|move|p2a: Wo-Chien|Leech Seed|p1b: Dragapult\n|-start|p1b: Dragapult|move: Leech Seed\n|\n|-heal|p2a: Wo-Chien|20\/100 brn|[from] item: Leftovers\n|-damage|p1b: Dragapult|76\/100 tox|[from] Leech Seed|[of] p2a: Wo-Chien\n|-heal|p2a: Wo-Chien|31\/100 brn|[silent]\n|-damage|p1a: Iron Thorns|44\/100 tox|[from] Leech Seed|[of] p2a: Wo-Chien\n|-heal|p2a: Wo-Chien|42\/100 brn|[silent]\n|-damage|p1b: Dragapult|70\/100 tox|[from] psn\n|-damage|p1a: Iron Thorns|25\/100 tox|[from] psn\n|-damage|p2a: Wo-Chien|36\/100 brn|[from] brn\n|upkeep\n|turn|11\n|\n|t:|1683152563\n|move|p2a: Wo-Chien|Protect|p2a: Wo-Chien\n|-singleturn|p2a: Wo-Chien|Protect\n|move|p1b: Dragapult|Shadow Ball|p2a: Wo-Chien\n|-activate|p2a: Wo-Chien|move: Protect\n|move|p1a: Iron Thorns|Thunder Punch|p2a: Wo-Chien\n|-activate|p2a: Wo-Chien|move: Protect\n|\n|-heal|p2a: Wo-Chien|42\/100 brn|[from] item: Leftovers\n|-damage|p1b: Dragapult|57\/100 tox|[from] Leech Seed|[of] p2a: Wo-Chien\n|-heal|p2a: Wo-Chien|53\/100 brn|[silent]\n|-damage|p1a: Iron Thorns|13\/100 tox|[from] Leech Seed|[of] p2a: Wo-Chien\n|-heal|p2a: Wo-Chien|65\/100 brn|[silent]\n|-damage|p1b: Dragapult|45\/100 tox|[from] psn\n|-damage|p1a: Iron Thorns|0 fnt|[from] psn\n|faint|p1a: Iron Thorns\n|-end|p1a: Iron Thorns|Quark Drive|[silent]\n|-damage|p2a: Wo-Chien|58\/100 brn|[from] brn\n|upkeep\n|turn|12\n|\n|t:|1683152582\n|move|p1b: Dragapult|Shadow Ball|p2a: Wo-Chien\n|-damage|p2a: Wo-Chien|15\/100 brn\n|move|p2a: Wo-Chien|Snarl|p1b: Dragapult\n|-supereffective|p1b: Dragapult\n|-damage|p1b: Dragapult|0 fnt\n|faint|p1b: Dragapult\n|\n|win|QuesoNepe\n|raw|Dr.T23's rating: 1161 → 1136<\/strong> (-25 for losing)\n|raw|QuesoNepe's rating: 1167 → 1192<\/strong> (+25 for winning)\n|l|\u2606Dr.T23\n","uploadtime":1683152595,"views":4,"p1id":"drt23","p2id":"quesonepe","formatid":"gen9vgc2023regulationc","rating":1136,"private":0,"password":""}