{"id":"gen9vgc2023regulationc-1857812709","p1":"Celaerity1","p2":"Dreads Of Ruin","format":"[Gen 9] VGC 2023 Regulation C","log":"|j|\u2606Celaerity1\n|j|\u2606Dreads Of Ruin\n|t:|1683234404\n|gametype|doubles\n|player|p1|Celaerity1|2|\n|player|p2|Dreads Of Ruin|dancer|\n|teamsize|p1|6\n|teamsize|p2|6\n|gen|9\n|tier|[Gen 9] VGC 2023 Regulation C\n|rule|Species Clause: Limit one of each Pok\u00e9mon\n|rule|Item Clause: Limit one of each item\n|clearpoke\n|poke|p1|Gholdengo, L50|\n|poke|p1|Amoonguss, L50, F|\n|poke|p1|Chi-Yu, L50|\n|poke|p1|Gyarados, L50, F|\n|poke|p1|Iron Hands, L50|\n|poke|p1|Flutter Mane, L50|\n|poke|p2|Maushold-Four, L50|\n|poke|p2|Annihilape, L50, M|\n|poke|p2|Gholdengo, L50|\n|poke|p2|Iron Bundle, L50|\n|poke|p2|Roaring Moon, L50|\n|poke|p2|Arcanine, L50, M|\n|teampreview|4\n|inactive|Battle timer is ON: inactive players will automatically lose when time's up. (requested by Dreads Of Ruin)\nCelaerity1 has agreed to open team sheets.\n|inactive|Celaerity1 has 60 seconds left.\n|inactive|Dreads Of Ruin has 60 seconds left.\n|c|\u2606Celaerity1|turn timer off\n|c|\u2606Celaerity1|g1\n|inactiveoff|Battle timer is now OFF.\nDreads Of Ruin has agreed to open team sheets.\n|\n|t:|1683234593\n|start\n|switch|p1a: Flutter Mane|Flutter Mane, L50|100\/100\n|switch|p1b: Amoonguss|Amoonguss, L50, F, shiny|100\/100\n|switch|p2a: Maushold|Maushold-Four, L50|100\/100\n|switch|p2b: Gholdengo|Gholdengo, L50|100\/100\n|turn|1\n|c|\u2606Celaerity1|glhf\n|c|\u2606Dreads Of Ruin|Glhf\n|\n|t:|1683234640\n|-terastallize|p1a: Flutter Mane|Water\n|move|p2a: Maushold|Follow Me|p2a: Maushold\n|-singleturn|p2a: Maushold|move: Follow Me\n|move|p1a: Flutter Mane|Moonblast|p2a: Maushold\n|-damage|p2a: Maushold|30\/100\n|move|p2b: Gholdengo|Nasty Plot|p2b: Gholdengo\n|-boost|p2b: Gholdengo|spa|2\n|move|p1b: Amoonguss|Pollen Puff|p2a: Maushold\n|-damage|p2a: Maushold|13\/100\n|\n|upkeep\n|turn|2\n|\n|t:|1683234690\n|switch|p1b: Iron Hands|Iron Hands, L50|100\/100\n|move|p2a: Maushold|Protect|p2a: Maushold\n|-singleturn|p2a: Maushold|Protect\n|move|p1a: Flutter Mane|Moonblast|p2a: Maushold\n|-activate|p2a: Maushold|move: Protect\n|move|p2b: Gholdengo|Shadow Ball|p1a: Flutter Mane\n|-damage|p1a: Flutter Mane|0 fnt\n|faint|p1a: Flutter Mane\n|-end|p1a: Flutter Mane|Protosynthesis|[silent]\n|-damage|p2b: Gholdengo|91\/100|[from] item: Life Orb\n|\n|upkeep\n|\n|t:|1683234707\n|switch|p1a: Chi-Yu|Chi-Yu, L50|100\/100\n|-ability|p1a: Chi-Yu|Beads of Ruin\n|turn|3\n|\n|t:|1683234760\n|switch|p2a: Arcanine|Arcanine, L50, M, shiny|100\/100\n|-ability|p2a: Arcanine|Intimidate|boost\n|-unboost|p1a: Chi-Yu|atk|1\n|-unboost|p1b: Iron Hands|atk|1\n|move|p2b: Gholdengo|Protect|p2b: Gholdengo\n|-singleturn|p2b: Gholdengo|Protect\n|move|p1b: Iron Hands|Fake Out|p2a: Arcanine\n|-damage|p2a: Arcanine|91\/100\n|move|p1a: Chi-Yu|Dark Pulse|p2b: Gholdengo\n|-activate|p2b: Gholdengo|move: Protect\n|\n|upkeep\n|turn|4\n|\n|t:|1683234823\n|-terastallize|p2b: Gholdengo|Water\n|move|p1a: Chi-Yu|Dark Pulse|p2b: Gholdengo\n|-damage|p2b: Gholdengo|36\/100\n|move|p2a: Arcanine|Flare Blitz|p1b: Iron Hands\n|-damage|p1b: Iron Hands|70\/100\n|-damage|p2a: Arcanine|78\/100|[from] Recoil\n|cant|p2b: Gholdengo|flinch\n|move|p1b: Iron Hands|Thunder Punch|p2b: Gholdengo\n|-supereffective|p2b: Gholdengo\n|-damage|p2b: Gholdengo|0 fnt\n|faint|p2b: Gholdengo\n|\n|upkeep\n|\n|t:|1683234835\n|switch|p2b: Iron Bundle|Iron Bundle, L50|100\/100\n|turn|5\n|\n|t:|1683234870\n|move|p2b: Iron Bundle|Protect|p2b: Iron Bundle\n|-singleturn|p2b: Iron Bundle|Protect\n|move|p1a: Chi-Yu|Dark Pulse|p2b: Iron Bundle\n|-activate|p2b: Iron Bundle|move: Protect\n|move|p2a: Arcanine|Flare Blitz|p1b: Iron Hands\n|-damage|p1b: Iron Hands|41\/100\n|-damage|p2a: Arcanine|65\/100|[from] Recoil\n|move|p1b: Iron Hands|Drain Punch|p2a: Arcanine\n|-damage|p2a: Arcanine|34\/100\n|-heal|p1b: Iron Hands|53\/100|[from] drain|[of] p2a: Arcanine\n|-enditem|p2a: Arcanine|Sitrus Berry|[eat]\n|-heal|p2a: Arcanine|59\/100|[from] item: Sitrus Berry\n|\n|upkeep\n|turn|6\n|\n|t:|1683234888\n|move|p1a: Chi-Yu|Dark Pulse|p2b: Iron Bundle\n|-damage|p2b: Iron Bundle|0 fnt\n|faint|p2b: Iron Bundle\n|-end|p2b: Iron Bundle|Quark Drive|[silent]\n|move|p2a: Arcanine|Howl|p2a: Arcanine\n|-boost|p2a: Arcanine|atk|1\n|move|p1b: Iron Hands|Drain Punch|p2a: Arcanine\n|-damage|p2a: Arcanine|31\/100\n|-heal|p1b: Iron Hands|63\/100|[from] drain|[of] p2a: Arcanine\n|\n|upkeep\n|\n|t:|1683234892\n|switch|p2b: Maushold|Maushold-Four, L50|13\/100\n|turn|7\n|\n|t:|1683234905\n|move|p2b: Maushold|Follow Me|p2b: Maushold\n|-singleturn|p2b: Maushold|move: Follow Me\n|move|p1a: Chi-Yu|Dark Pulse|p2b: Maushold\n|-damage|p2b: Maushold|0 fnt\n|faint|p2b: Maushold\n|move|p2a: Arcanine|Flare Blitz|p1b: Iron Hands\n|-damage|p1b: Iron Hands|22\/100\n|-damage|p2a: Arcanine|12\/100|[from] Recoil\n|move|p1b: Iron Hands|Drain Punch|p2a: Arcanine\n|-damage|p2a: Arcanine|0 fnt\n|-heal|p1b: Iron Hands|26\/100|[from] drain|[of] p2a: Arcanine\n|faint|p2a: Arcanine\n|\n|win|Celaerity1\n|c|\u2606Celaerity1|gg\n|c|\u2606Dreads Of Ruin|GG\n|l|\u2606Dreads Of Ruin\n","uploadtime":1683234915,"views":31,"p1id":"celaerity1","p2id":"dreadsofruin","formatid":"gen9vgc2023regulationc","rating":0,"private":0,"password":""}