{"id":"gen9vgc2023regulationc-1855077803","p1":"Lemurro","p2":"bronzongbroomsvgc","format":"[Gen 9] VGC 2023 Regulation C","log":"|j|\u2606Lemurro\n|j|\u2606bronzongbroomsvgc\n|t:|1682898578\n|gametype|doubles\n|player|p1|Lemurro|psychic-gen2|\n|player|p2|bronzongbroomsvgc|1|\n|teamsize|p1|6\n|teamsize|p2|6\n|gen|9\n|tier|[Gen 9] VGC 2023 Regulation C\n|rule|Species Clause: Limit one of each Pok\u00e9mon\n|rule|Item Clause: Limit one of each item\n|clearpoke\n|poke|p1|Iron Bundle, L50|\n|poke|p1|Gholdengo, L50|\n|poke|p1|Great Tusk, L50|\n|poke|p1|Tyranitar, L50, F|\n|poke|p1|Talonflame, L50, F|\n|poke|p1|Farigiraf, L50, F|\n|poke|p2|Slowbro, L50, M|\n|poke|p2|Tinkaton, L50, F|\n|poke|p2|Ursaring, L50, F|\n|poke|p2|Great Tusk, L50|\n|poke|p2|Skeledirge, L50, F|\n|poke|p2|Dragonite, L50, M|\n|teampreview|4\n|c|\u2606bronzongbroomsvgc|g1\n|c|\u2606Lemurro|glhf\n|c|\u2606bronzongbroomsvgc|glhf\n|j| SpadesHS\n|j| vinithewini\n|\n|t:|1682898690\n|start\n|switch|p1a: Silicon Avatar|Gholdengo, L50|100\/100\n|switch|p1b: 11001001|Iron Bundle, L50|100\/100\n|switch|p2a: Tinkaton|Tinkaton, L50, F|100\/100\n|switch|p2b: Slowbro|Slowbro, L50, M|100\/100\n|-ability|p2a: Tinkaton|Mold Breaker\n|-enditem|p1b: 11001001|Booster Energy\n|-activate|p1b: 11001001|ability: Quark Drive|[fromitem]\n|-start|p1b: 11001001|quarkdrivespe\n|turn|1\n|j| DJSen\n|j| JayVGC YT\n|\n|t:|1682898710\n|-terastallize|p2b: Slowbro|Normal\n|move|p2a: Tinkaton|Fake Out|p1b: 11001001\n|-damage|p1b: 11001001|88\/100\n|cant|p1b: 11001001|flinch\n|move|p1a: Silicon Avatar|Trick|p2b: Slowbro\n|-activate|p1a: Silicon Avatar|move: Trick|[of] p2b: Slowbro\n|-item|p2b: Slowbro|Choice Scarf|[from] move: Trick\n|-item|p1a: Silicon Avatar|Leftovers|[from] move: Trick\n|move|p2b: Slowbro|Trick Room|p2b: Slowbro\n|-fieldstart|move: Trick Room|[of] p2b: Slowbro\n|\n|upkeep\n|turn|2\n|\n|t:|1682898735\n|switch|p2b: Ursaring|Ursaring, L50, F|100\/100\n|move|p1a: Silicon Avatar|Shadow Ball|p2b: Ursaring\n|-immune|p2b: Ursaring\n|move|p2a: Tinkaton|Knock Off|p1a: Silicon Avatar\n|-supereffective|p1a: Silicon Avatar\n|-damage|p1a: Silicon Avatar|30\/100\n|-enditem|p1a: Silicon Avatar|Leftovers|[from] move: Knock Off|[of] p2a: Tinkaton\n|move|p1b: 11001001|Hydro Pump|p2a: Tinkaton\n|-damage|p2a: Tinkaton|44\/100\n|\n|-status|p2b: Ursaring|brn|[from] item: Flame Orb\n|upkeep\n|turn|3\n|l|\u2606Lemurro\n|player|p1|\n|j|\u2606Lemurro\n|player|p1|Lemurro|psychic-gen2\n|c|\u2606bronzongbroomsvgc|oop\n|\n|t:|1682898778\n|switch|p1a: the High Ground|Great Tusk, L50|100\/100\n|move|p1b: 11001001|Protect|p1b: 11001001\n|-singleturn|p1b: 11001001|Protect\n|move|p2b: Ursaring|Facade|p1b: 11001001\n|-activate|p1b: 11001001|move: Protect\n|move|p2a: Tinkaton|Knock Off|p1a: the High Ground\n|-resisted|p1a: the High Ground\n|-damage|p1a: the High Ground|91\/100\n|-enditem|p1a: the High Ground|Yache Berry|[from] move: Knock Off|[of] p2a: Tinkaton\n|\n|-damage|p2b: Ursaring|94\/100 brn|[from] brn\n|upkeep\n|turn|4\n|\n|t:|1682898803\n|-terastallize|p1a: the High Ground|Rock\n|move|p2b: Ursaring|Facade|p1a: the High Ground\n|-resisted|p1a: the High Ground\n|-damage|p1a: the High Ground|46\/100\n|move|p2a: Tinkaton|Encore|p1b: 11001001\n|-start|p1b: 11001001|Encore\n|move|p1a: the High Ground|Close Combat|p2b: Ursaring\n|-supereffective|p2b: Ursaring\n|-damage|p2b: Ursaring|0 fnt\n|-unboost|p1a: the High Ground|def|1\n|-unboost|p1a: the High Ground|spd|1\n|faint|p2b: Ursaring\n|move|p1b: 11001001|Protect||[still]\n|-fail|p1b: 11001001\n|\n|upkeep\n|\n|t:|1682898813\n|switch|p2b: Great Tusk|Great Tusk, L50|100\/100\n|turn|5\n|j| Hiiya Papaya\n|\n|t:|1682898844\n|-end|p1b: 11001001|Quark Drive|[silent]\n|switch|p1b: Silicon Avatar|Gholdengo, L50|30\/100\n|move|p1a: the High Ground|Protect|p1a: the High Ground\n|-singleturn|p1a: the High Ground|Protect\n|move|p2b: Great Tusk|Headlong Rush|p1a: the High Ground\n|-activate|p1a: the High Ground|move: Protect\n|move|p2a: Tinkaton|Knock Off|p1b: Silicon Avatar\n|-supereffective|p1b: Silicon Avatar\n|-damage|p1b: Silicon Avatar|0 fnt\n|faint|p1b: Silicon Avatar\n|\n|-fieldend|move: Trick Room\n|upkeep\n|\n|t:|1682898855\n|switch|p1b: 11001001|Iron Bundle, L50|88\/100\n|turn|6\n|\n|t:|1682898872\n|move|p1b: 11001001|Icy Wind|p2a: Tinkaton|[spread] p2a,p2b\n|-resisted|p2a: Tinkaton\n|-supereffective|p2b: Great Tusk\n|-damage|p2a: Tinkaton|33\/100\n|-damage|p2b: Great Tusk|72\/100\n|-unboost|p2a: Tinkaton|spe|1\n|-unboost|p2b: Great Tusk|spe|1\n|move|p1a: the High Ground|Headlong Rush|p2a: Tinkaton\n|-supereffective|p2a: Tinkaton\n|-damage|p2a: Tinkaton|0 fnt\n|-unboost|p1a: the High Ground|def|1\n|-unboost|p1a: the High Ground|spd|1\n|faint|p2a: Tinkaton\n|move|p2b: Great Tusk|Close Combat|p1b: 11001001\n|-supereffective|p1b: 11001001\n|-damage|p1b: 11001001|0 fnt\n|-unboost|p2b: Great Tusk|def|1\n|-unboost|p2b: Great Tusk|spd|1\n|faint|p1b: 11001001\n|-end|p1b: 11001001|Quark Drive|[silent]\n|\n|upkeep\n|\n|t:|1682898885\n|switch|p1b: Realm of Fear|Tyranitar, L50, F|100\/100\n|switch|p2a: Slowbro|Slowbro, L50, M, tera:Normal|100\/100\n|-weather|Sandstorm|[from] ability: Sand Stream|[of] p1b: Realm of Fear\n|turn|7\n|\n|t:|1682898904\n|move|p1a: the High Ground|Close Combat|p2a: Slowbro\n|-supereffective|p2a: Slowbro\n|-damage|p2a: Slowbro|0 fnt\n|-unboost|p1a: the High Ground|def|1\n|-unboost|p1a: the High Ground|spd|1\n|faint|p2a: Slowbro\n|move|p1b: Realm of Fear|Crunch|p2b: Great Tusk\n|-resisted|p2b: Great Tusk\n|-damage|p2b: Great Tusk|48\/100\n|move|p2b: Great Tusk|Close Combat|p1b: Realm of Fear\n|-supereffective|p1b: Realm of Fear\n|-damage|p1b: Realm of Fear|0 fnt\n|-unboost|p2b: Great Tusk|def|1\n|-unboost|p2b: Great Tusk|spd|1\n|faint|p1b: Realm of Fear\n|\n|-weather|Sandstorm|[upkeep]\n|upkeep\n|turn|8\n|c|\u2606bronzongbroomsvgc|I threw rip\n|\n|t:|1682898924\n|move|p1a: the High Ground|Close Combat|p2b: Great Tusk\n|-damage|p2b: Great Tusk|0 fnt\n|-unboost|p1a: the High Ground|def|1\n|-unboost|p1a: the High Ground|spd|1\n|faint|p2b: Great Tusk\n|-end|p2b: Great Tusk|Protosynthesis|[silent]\n|\n|win|Lemurro\n|c| Hiiya Papaya|ye\n|c|\u2606bronzongbroomsvgc|gg\n|l| Hiiya Papaya\n|c|\u2606Lemurro|gg\n|l| vinithewini\n|l| DJSen\n","uploadtime":1682899241,"views":15,"p1id":"lemurro","p2id":"bronzongbroomsvgc","formatid":"gen9vgc2023regulationc","rating":0,"private":0,"password":""}