{"id":"gen9vgc2023regulationc-1848064903","p1":"Minimanuel_art","p2":"Kodora","format":"[Gen 9] VGC 2023 Regulation C","log":"|j|\u2606Minimanuel_art\n|j|\u203dKodora\n|t:|1682025754\n|gametype|doubles\n|player|p1|Minimanuel_art|harlequin|1165\n|player|p2|Kodora|169|1191\n|teamsize|p1|6\n|teamsize|p2|6\n|gen|9\n|tier|[Gen 9] VGC 2023 Regulation C\n|rated|\n|rule|Species Clause: Limit one of each Pok\u00e9mon\n|rule|Item Clause: Limit one of each item\n|clearpoke\n|poke|p1|Slowbro, L50, M|\n|poke|p1|Camerupt, L50, F|\n|poke|p1|Gothitelle, L50, F|\n|poke|p1|Muk, L50, M|\n|poke|p1|Bronzong, L50|\n|poke|p1|Honchkrow, L50, M|\n|poke|p2|Murkrow, L50, M|\n|poke|p2|Iron Bundle, L50|\n|poke|p2|Chi-Yu, L50|\n|poke|p2|Great Tusk, L50|\n|poke|p2|Flutter Mane, L50|\n|poke|p2|Gyarados, L50, M|\n|teampreview|4\nKodora has agreed to open team sheets.\n|inactive|Battle timer is ON: inactive players will automatically lose when time's up. (requested by Kodora)\n|\n|t:|1682025802\n|start\n|switch|p1a: Slowbro|Slowbro, L50, M|100\/100\n|switch|p1b: Muk|Muk, L50, M|100\/100\n|switch|p2a: Chi-Yu|Chi-Yu, L50|100\/100\n|switch|p2b: Flutter Mane|Flutter Mane, L50|100\/100\n|-ability|p2a: Chi-Yu|Beads of Ruin\n|turn|1\n|inactive|Kodora has 30 seconds left.\n|inactive|Minimanuel_art has 30 seconds left.\n|\n|t:|1682025842\n|move|p1a: Slowbro|Protect|p1a: Slowbro\n|-singleturn|p1a: Slowbro|Protect\n|move|p2b: Flutter Mane|Shadow Ball|p1a: Slowbro\n|-activate|p1a: Slowbro|move: Protect\n|move|p2a: Chi-Yu|Dark Pulse|p1a: Slowbro\n|-activate|p1a: Slowbro|move: Protect\n|move|p1b: Muk|Drain Punch|p2a: Chi-Yu\n|-supereffective|p2a: Chi-Yu\n|-damage|p2a: Chi-Yu|36\/100\n|\n|upkeep\n|turn|2\n|\n|t:|1682025857\n|switch|p1a: Honchkrow|Honchkrow, L50, M|100\/100\n|move|p2b: Flutter Mane|Shadow Ball|p1a: Honchkrow\n|-resisted|p1a: Honchkrow\n|-damage|p1a: Honchkrow|39\/100\n|-unboost|p1a: Honchkrow|spd|1\n|move|p2a: Chi-Yu|Dark Pulse|p1a: Honchkrow\n|-resisted|p1a: Honchkrow\n|-damage|p1a: Honchkrow|0 fnt\n|faint|p1a: Honchkrow\n|-damage|p2a: Chi-Yu|26\/100|[from] item: Life Orb\n|move|p1b: Muk|Drain Punch|p2a: Chi-Yu\n|-supereffective|p2a: Chi-Yu\n|-damage|p2a: Chi-Yu|0 fnt\n|faint|p2a: Chi-Yu\n|\n|upkeep\n|\n|t:|1682025873\n|switch|p2a: Murkrow|Murkrow, L50, M|100\/100\n|switch|p1a: Slowbro|Slowbro, L50, M|100\/100\n|turn|3\n|\n|t:|1682025892\n|-terastallize|p1a: Slowbro|Grass\n|move|p2b: Flutter Mane|Shadow Ball|p1a: Slowbro\n|-damage|p1a: Slowbro|42\/100\n|move|p2a: Murkrow|Foul Play|p1a: Slowbro\n|-damage|p1a: Slowbro|24\/100\n|-damage|p2a: Murkrow|84\/100|[from] item: Rocky Helmet|[of] p1a: Slowbro\n|move|p1b: Muk|Poison Jab|p2b: Flutter Mane\n|-damage|p2b: Flutter Mane|56\/100\n|move|p1a: Slowbro|Trick Room|p1a: Slowbro\n|-fieldstart|move: Trick Room|[of] p1a: Slowbro\n|\n|upkeep\n|turn|4\n|\n|t:|1682025908\n|move|p1a: Slowbro|Protect|p1a: Slowbro\n|-singleturn|p1a: Slowbro|Protect\n|move|p1b: Muk|Poison Jab|p2b: Flutter Mane\n|-damage|p2b: Flutter Mane|12\/100\n|move|p2a: Murkrow|Foul Play|p1a: Slowbro\n|-activate|p1a: Slowbro|move: Protect\n|move|p2b: Flutter Mane|Shadow Ball|p1a: Slowbro\n|-activate|p1a: Slowbro|move: Protect\n|\n|upkeep\n|turn|5\n|\n|t:|1682025921\n|move|p1a: Slowbro|Liquidation|p2a: Murkrow\n|-damage|p2a: Murkrow|57\/100\n|-unboost|p2a: Murkrow|def|1\n|move|p1b: Muk|Poison Jab|p2b: Flutter Mane\n|-damage|p2b: Flutter Mane|0 fnt\n|faint|p2b: Flutter Mane\n|-end|p2b: Flutter Mane|Protosynthesis|[silent]\n|move|p2a: Murkrow|Foul Play|p1b: Muk\n|-damage|p1b: Muk|69\/100\n|\n|-heal|p1b: Muk|75\/100|[from] item: Black Sludge\n|upkeep\n|\n|t:|1682025924\n|switch|p2b: Gyarados|Gyarados, L50, M, shiny|100\/100\n|-ability|p2b: Gyarados|Intimidate|boost\n|-fail|p1a: Slowbro|unboost|Attack|[from] ability: Oblivious|[of] p1a: Slowbro\n|-unboost|p1b: Muk|atk|1\n|turn|6\n|\n|t:|1682025935\n|move|p1a: Slowbro|Zen Headbutt|p2b: Gyarados\n|-damage|p2b: Gyarados|78\/100\n|move|p1b: Muk|Poison Jab|p2b: Gyarados\n|-damage|p2b: Gyarados|56\/100\n|move|p2b: Gyarados|Waterfall|p1a: Slowbro\n|-resisted|p1a: Slowbro\n|-damage|p1a: Slowbro|12\/100\n|-damage|p2b: Gyarados|40\/100|[from] item: Rocky Helmet|[of] p1a: Slowbro\n|-enditem|p2b: Gyarados|Sitrus Berry|[eat]\n|-heal|p2b: Gyarados|65\/100|[from] item: Sitrus Berry\n|move|p2a: Murkrow|Foul Play|p1a: Slowbro\n|-damage|p1a: Slowbro|0 fnt\n|-damage|p2a: Murkrow|41\/100|[from] item: Rocky Helmet|[of] p1a: Slowbro\n|faint|p1a: Slowbro\n|\n|-heal|p1b: Muk|81\/100|[from] item: Black Sludge\n|upkeep\n|\n|t:|1682025943\n|switch|p1a: Gothitelle|Gothitelle, L50, F|100\/100\n|turn|7\n|inactive|Kodora has 30 seconds left.\n|\n|t:|1682025972\n|-terastallize|p2b: Gyarados|Steel\n|move|p1b: Muk|Poison Jab|p2b: Gyarados\n|-immune|p2b: Gyarados\n|move|p1a: Gothitelle|Psychic|p2b: Gyarados\n|-resisted|p2b: Gyarados\n|-damage|p2b: Gyarados|53\/100\n|move|p2b: Gyarados|Taunt|p1a: Gothitelle\n|-start|p1a: Gothitelle|move: Taunt\n|move|p2a: Murkrow|Foul Play|p1a: Gothitelle\n|-supereffective|p1a: Gothitelle\n|-damage|p1a: Gothitelle|53\/100\n|\n|-heal|p1b: Muk|87\/100|[from] item: Black Sludge\n|-fieldend|move: Trick Room\n|upkeep\n|turn|8\n|\n|t:|1682025985\n|move|p2a: Murkrow|Foul Play|p1b: Muk\n|-damage|p1b: Muk|68\/100\n|move|p2b: Gyarados|Iron Head|p1b: Muk\n|-damage|p1b: Muk|37\/100\n|move|p1a: Gothitelle|Psychic|p2b: Gyarados\n|-resisted|p2b: Gyarados\n|-damage|p2b: Gyarados|41\/100\n|-unboost|p2b: Gyarados|spd|1\n|move|p1b: Muk|Drain Punch|p2b: Gyarados\n|-supereffective|p2b: Gyarados\n|-damage|p2b: Gyarados|11\/100\n|-heal|p1b: Muk|51\/100|[from] drain|[of] p2b: Gyarados\n|\n|-heal|p1b: Muk|58\/100|[from] item: Black Sludge\n|upkeep\n|turn|9\n|\n|t:|1682026001\n|move|p1b: Muk|Protect|p1b: Muk\n|-singleturn|p1b: Muk|Protect\n|move|p2a: Murkrow|Foul Play|p1b: Muk\n|-activate|p1b: Muk|move: Protect\n|move|p2b: Gyarados|Iron Head|p1b: Muk\n|-activate|p1b: Muk|move: Protect\n|move|p1a: Gothitelle|Psychic|p2b: Gyarados\n|-resisted|p2b: Gyarados\n|-damage|p2b: Gyarados|0 fnt\n|faint|p2b: Gyarados\n|\n|-heal|p1b: Muk|64\/100|[from] item: Black Sludge\n|upkeep\n|turn|10\n|\n|t:|1682026022\n|move|p2a: Murkrow|Foul Play|p1b: Muk\n|-damage|p1b: Muk|42\/100\n|move|p1a: Gothitelle|Psychic|p2a: Murkrow\n|-immune|p2a: Murkrow\n|move|p1b: Muk|Drain Punch|p2a: Murkrow\n|-damage|p2a: Murkrow|19\/100\n|-heal|p1b: Muk|51\/100|[from] drain|[of] p2a: Murkrow\n|\n|-heal|p1b: Muk|58\/100|[from] item: Black Sludge\n|-end|p1a: Gothitelle|move: Taunt\n|upkeep\n|turn|11\n|inactive|Kodora has 30 seconds left.\n|inactive|Kodora has 20 seconds left.\n|inactive|Kodora has 15 seconds left.\n|\n|t:|1682026065\n|move|p2a: Murkrow|Foul Play|p1a: Gothitelle\n|-supereffective|p1a: Gothitelle\n|-damage|p1a: Gothitelle|4\/100\n|move|p1b: Muk|Drain Punch|p2a: Murkrow\n|-damage|p2a: Murkrow|0 fnt\n|-heal|p1b: Muk|65\/100|[from] drain|[of] p2a: Murkrow\n|faint|p2a: Murkrow\n|\n|win|Minimanuel_art\n|raw|Minimanuel_art's rating: 1165 → 1195<\/strong> (+30 for winning)\n|raw|Kodora's rating: 1230 → 1200<\/strong> (-30 for losing)\n","uploadtime":1682026071,"views":7,"p1id":"minimanuelart","p2id":"kodora","formatid":"gen9vgc2023regulationc","rating":1195,"private":0,"password":""}