{"id":"gen9vgc2023regulationc-1852458327","p1":"Rhoads031","p2":"aggron zheng","format":"[Gen 9] VGC 2023 Regulation C","log":"|j|\u2606Rhoads031\n|j|\u2606aggron zheng\n|t:|1682560142\n|gametype|doubles\n|player|p1|Rhoads031|2|1439\n|player|p2|aggron zheng|102|1535\n|teamsize|p1|6\n|teamsize|p2|6\n|gen|9\n|tier|[Gen 9] VGC 2023 Regulation C\n|rated|\n|rule|Species Clause: Limit one of each Pok\u00e9mon\n|rule|Item Clause: Limit one of each item\n|clearpoke\n|poke|p1|Palafin, L50, M|\n|poke|p1|Amoonguss, L50, F|\n|poke|p1|Flutter Mane, L50|\n|poke|p1|Ting-Lu, L50|\n|poke|p1|Kingambit, L50, M|\n|poke|p1|Tauros-Paldea-Blaze, L50, M|\n|poke|p2|Dondozo, L50, F|\n|poke|p2|Tatsugiri, L50, F|\n|poke|p2|Chi-Yu, L50|\n|poke|p2|Iron Bundle, L50|\n|poke|p2|Dragonite, L50, F|\n|poke|p2|Iron Hands, L50|\n|teampreview|4\n|inactive|Battle timer is ON: inactive players will automatically lose when time's up. (requested by Rhoads031)\n|c|\u2606aggron zheng|glhf\n|inactiveoff|Battle timer is now OFF.\naggron zheng has agreed to open team sheets.\n|inactive|Battle timer is ON: inactive players will automatically lose when time's up. (requested by Rhoads031)\n|inactive|Rhoads031 has 30 seconds left.\n|inactive|aggron zheng has 30 seconds left.\n|inactive|Rhoads031 has 20 seconds left.\n|inactive|aggron zheng has 20 seconds left.\n|\n|t:|1682560230\n|start\n|switch|p1a: Deku|Palafin, L50, M, shiny|100\/100\n|switch|p1b: Flutter Mane|Flutter Mane, L50, shiny|100\/100\n|switch|p2a: Dondozo|Dondozo, L50, F|100\/100\n|switch|p2b: Iron Bundle|Iron Bundle, L50, shiny|100\/100\n|-enditem|p2b: Iron Bundle|Booster Energy\n|-activate|p2b: Iron Bundle|ability: Quark Drive|[fromitem]\n|-start|p2b: Iron Bundle|quarkdrivespe\n|turn|1\n|inactive|Rhoads031 has 30 seconds left.\n|inactive|aggron zheng has 30 seconds left.\n|inactive|aggron zheng has 20 seconds left.\n|inactive|aggron zheng has 15 seconds left.\n|\n|t:|1682560274\n|move|p1a: Deku|Protect|p1a: Deku\n|-singleturn|p1a: Deku|Protect\n|move|p2b: Iron Bundle|Freeze-Dry|p1b: Flutter Mane\n|-damage|p1b: Flutter Mane|61\/100\n|move|p1b: Flutter Mane|Thunderbolt|p2b: Iron Bundle\n|-supereffective|p2b: Iron Bundle\n|-damage|p2b: Iron Bundle|0 fnt\n|faint|p2b: Iron Bundle\n|-end|p2b: Iron Bundle|Quark Drive|[silent]\n|move|p2a: Dondozo|Wave Crash|p1b: Flutter Mane\n|-damage|p1b: Flutter Mane|0 fnt\n|faint|p1b: Flutter Mane\n|-end|p1b: Flutter Mane|Protosynthesis|[silent]\n|-damage|p2a: Dondozo|89\/100|[from] Recoil\n|\n|-heal|p2a: Dondozo|95\/100|[from] item: Leftovers\n|upkeep\n|inactive|aggron zheng has 30 seconds left.\n|\n|t:|1682560307\n|switch|p2b: Tatsugiri|Tatsugiri, L50, F|100\/100\n|switch|p1b: Tauros|Tauros-Paldea-Blaze, L50, M, shiny|100\/100\n|-activate|p2b: Tatsugiri|ability: Commander|[of] p2a: Dondozo\n|-boost|p2a: Dondozo|atk|2\n|-boost|p2a: Dondozo|spa|2\n|-boost|p2a: Dondozo|spe|2\n|-boost|p2a: Dondozo|def|2\n|-boost|p2a: Dondozo|spd|2\n|-ability|p1b: Tauros|Intimidate|boost\n|-unboost|p2a: Dondozo|atk|1\n|-unboost|p2b: Tatsugiri|atk|1\n|turn|2\n|inactive|aggron zheng has 30 seconds left.\n|\n|t:|1682560334\n|move|p1b: Tauros|Protect|p1b: Tauros\n|-singleturn|p1b: Tauros|Protect\n|move|p2a: Dondozo|Wave Crash|p1b: Tauros\n|-activate|p1b: Tauros|move: Protect\n|move|p1a: Deku|Haze|p1a: Deku\n|-clearallboost\n|\n|-heal|p2a: Dondozo|100\/100|[from] item: Leftovers\n|upkeep\n|turn|3\n|\n|t:|1682560353\n|detailschange|p1a: Deku|Palafin-Hero, L50, M, shiny\n|switch|p1a: Amoonguss|Amoonguss, L50, F|100\/100\n|-terastallize|p1b: Tauros|Grass\n|move|p1b: Tauros|Will-O-Wisp|p2a: Dondozo\n|-status|p2a: Dondozo|brn\n|move|p2a: Dondozo|Earthquake|p1b: Tauros|[spread] p1a,p1b\n|-miss|p2a: Dondozo|p2b: Tatsugiri\n|-resisted|p1b: Tauros\n|-damage|p1a: Amoonguss|90\/100\n|-damage|p1b: Tauros|96\/100\n|\n|-damage|p2a: Dondozo|94\/100 brn|[from] brn\n|upkeep\n|turn|4\n|\n|t:|1682560373\n|switch|p1b: Deku|Palafin-Hero, L50, M, shiny|100\/100\n|-activate|p1b: Deku|ability: Zero to Hero\n|move|p2a: Dondozo|Earthquake|p1b: Deku|[spread] p1a,p1b\n|-miss|p2a: Dondozo|p2b: Tatsugiri\n|-damage|p1a: Amoonguss|80\/100\n|-damage|p1b: Deku|91\/100\n|move|p1a: Amoonguss|Pollen Puff|p2a: Dondozo\n|-damage|p2a: Dondozo|78\/100 brn\n|\n|-heal|p2a: Dondozo|84\/100 brn|[from] item: Leftovers\n|-damage|p2a: Dondozo|78\/100 brn|[from] brn\n|upkeep\n|turn|5\n|\n|t:|1682560393\n|switch|p1a: Tauros|Tauros-Paldea-Blaze, L50, M, shiny, tera:Grass|96\/100\n|-ability|p1a: Tauros|Intimidate|boost\n|-unboost|p2a: Dondozo|atk|1\n|-unboost|p2b: Tatsugiri|atk|1\n|move|p1b: Deku|Wave Crash|p2a: Dondozo\n|-resisted|p2a: Dondozo\n|-damage|p2a: Dondozo|45\/100 brn\n|-damage|p1b: Deku|79\/100|[from] Recoil\n|move|p2a: Dondozo|Earthquake|p1a: Tauros|[spread] p1a,p1b\n|-miss|p2a: Dondozo|p2b: Tatsugiri\n|-resisted|p1a: Tauros\n|-damage|p1a: Tauros|92\/100\n|-damage|p1b: Deku|73\/100\n|\n|-heal|p2a: Dondozo|51\/100 brn|[from] item: Leftovers\n|-damage|p2a: Dondozo|45\/100 brn|[from] brn\n|upkeep\n|turn|6\n|inactive|Rhoads031 has 30 seconds left.\n|inactive|aggron zheng has 30 seconds left.\n|\n|t:|1682560421\n|switch|p1a: Amoonguss|Amoonguss, L50, F|100\/100\n|move|p1b: Deku|Jet Punch|p2a: Dondozo\n|-resisted|p2a: Dondozo\n|-damage|p2a: Dondozo|27\/100 brn\n|move|p2a: Dondozo|Earthquake|p1b: Deku|[spread] p1a,p1b\n|-miss|p2a: Dondozo|p2b: Tatsugiri\n|-crit|p1b: Deku\n|-damage|p1a: Amoonguss|95\/100\n|-damage|p1b: Deku|58\/100\n|\n|-heal|p2a: Dondozo|33\/100 brn|[from] item: Leftovers\n|-damage|p2a: Dondozo|27\/100 brn|[from] brn\n|upkeep\n|turn|7\n|\n|t:|1682560437\n|move|p1b: Deku|Wave Crash|p2a: Dondozo\n|-resisted|p2a: Dondozo\n|-damage|p2a: Dondozo|0 fnt\n|faint|p2a: Dondozo\n|-damage|p1b: Deku|49\/100|[from] Recoil\n|move|p1a: Amoonguss|Spore|p2b: Tatsugiri\n|-status|p2b: Tatsugiri|slp|[from] move: Spore\n|\n|upkeep\n|\n|t:|1682560440\n|switch|p2a: Dragonite|Dragonite, L50, F|100\/100\n|turn|8\n|\n|t:|1682560464\n|switch|p1b: Tauros|Tauros-Paldea-Blaze, L50, M, shiny, tera:Grass|92\/100\n|-ability|p1b: Tauros|Intimidate|boost\n|-unboost|p2a: Dragonite|atk|1\n|-unboost|p2b: Tatsugiri|atk|1\n|-terastallize|p2a: Dragonite|Flying\n|cant|p2b: Tatsugiri|slp\n|move|p2b: Tatsugiri|Sleep Talk|p2b: Tatsugiri\n|move|p2b: Tatsugiri|Muddy Water|p1b: Tauros|[from]move: Sleep Talk|[spread] p1a,p1b\n|-resisted|p1a: Amoonguss\n|-resisted|p1b: Tauros\n|-damage|p1a: Amoonguss|80\/100\n|-damage|p1b: Tauros|70\/100\n|move|p2a: Dragonite|Tera Blast|p1a: Amoonguss\n|-supereffective|p1a: Amoonguss\n|-damage|p1a: Amoonguss|0 fnt\n|faint|p1a: Amoonguss\n|\n|upkeep\n|\n|t:|1682560482\n|switch|p1a: Deku|Palafin-Hero, L50, M, shiny|49\/100\n|turn|9\n|\n|t:|1682560496\n|move|p1a: Deku|Jet Punch|p2a: Dragonite\n|-damage|p2a: Dragonite|73\/100\n|cant|p2b: Tatsugiri|slp\n|move|p2b: Tatsugiri|Sleep Talk|p2b: Tatsugiri\n|move|p2b: Tatsugiri|Muddy Water|p1b: Tauros|[from]move: Sleep Talk|[spread] p1b\n|-miss|p2b: Tatsugiri|p1a: Deku\n|-resisted|p1b: Tauros\n|-damage|p1b: Tauros|49\/100\n|move|p1b: Tauros|Will-O-Wisp|p2a: Dragonite|[miss]\n|-miss|p1b: Tauros|p2a: Dragonite\n|move|p2a: Dragonite|Tera Blast|p1b: Tauros\n|-supereffective|p1b: Tauros\n|-damage|p1b: Tauros|0 fnt\n|faint|p1b: Tauros\n|\n|upkeep\n|turn|10\n|\n|t:|1682560515\n|-curestatus|p2b: Tatsugiri|slp|[msg]\n|move|p2b: Tatsugiri|Sleep Talk||[still]\n|-fail|p2b: Tatsugiri\n|move|p2a: Dragonite|Tera Blast|p1a: Deku\n|-damage|p1a: Deku|0 fnt\n|faint|p1a: Deku\n|\n|win|aggron zheng\n|raw|Rhoads031's rating: 1439 → 1424<\/strong> (-15 for losing)\n|raw|aggron zheng's rating: 1535 → 1550<\/strong> (+15 for winning)\n|c|\u2606aggron zheng|gg\n|c|\u2606Rhoads031|Gg\n|l|\u2606Rhoads031\n|j|\u2606Rhoads031\n|player|p1|Rhoads031|2\n","uploadtime":1682560780,"views":16,"p1id":"rhoads031","p2id":"aggronzheng","formatid":"gen9vgc2023regulationc","rating":1424,"private":0,"password":""}