{"id":"gen9vgc2023regulationc-1862287074","p1":"Sailsun","p2":"NilkSp","format":"[Gen 9] VGC 2023 Regulation C","log":"|j|\u2606Sailsun\n|j|\u2606NilkSp\n|t:|1683859992\n|gametype|doubles\n|player|p1|Sailsun|1|1251\n|player|p2|NilkSp|2|1185\n|teamsize|p1|6\n|teamsize|p2|6\n|gen|9\n|tier|[Gen 9] VGC 2023 Regulation C\n|rated|\n|rule|Species Clause: Limit one of each Pok\u00e9mon\n|rule|Item Clause: Limit one of each item\n|clearpoke\n|poke|p1|Murkrow, L50, F|\n|poke|p1|Flutter Mane, L50|\n|poke|p1|Gholdengo, L50|\n|poke|p1|Chi-Yu, L50|\n|poke|p1|Chien-Pao, L50|\n|poke|p1|Dragonite, L50, F|\n|poke|p2|Corviknight, L50, M|\n|poke|p2|Ting-Lu, L50|\n|poke|p2|Arcanine, L50, F|\n|poke|p2|Iron Bundle, L50|\n|poke|p2|Gholdengo, L50|\n|poke|p2|Palafin, L50, F|\n|teampreview|4\n|\n|t:|1683860015\n|start\n|switch|p1a: Chien-Pao|Chien-Pao, L50|100\/100\n|switch|p1b: Dragonite|Dragonite, L50, F|100\/100\n|switch|p2a: Gholdengo|Gholdengo, L50|100\/100\n|switch|p2b: Palafin|Palafin, L50, F|100\/100\n|-ability|p1a: Chien-Pao|Sword of Ruin\n|turn|1\n|inactive|Battle timer is ON: inactive players will automatically lose when time's up. (requested by Sailsun)\n|\n|t:|1683860039\n|detailschange|p2b: Palafin|Palafin-Hero, L50, F\n|switch|p2b: Arcanine|Arcanine, L50, F|100\/100\n|-ability|p2b: Arcanine|Intimidate|boost\n|-unboost|p1a: Chien-Pao|atk|1\n|-unboost|p1b: Dragonite|atk|1\n|move|p1b: Dragonite|Extreme Speed|p2b: Arcanine\n|-damage|p2b: Arcanine|63\/100\n|move|p1a: Chien-Pao|Sucker Punch|p2a: Gholdengo\n|-supereffective|p2a: Gholdengo\n|-damage|p2a: Gholdengo|51\/100\n|move|p2a: Gholdengo|Make It Rain|p1b: Dragonite|[spread] p1a,p1b\n|-supereffective|p1a: Chien-Pao\n|-enditem|p1a: Chien-Pao|Focus Sash\n|-damage|p1a: Chien-Pao|1\/100\n|-damage|p1b: Dragonite|83\/100\n|-unboost|p2a: Gholdengo|spa|1\n|\n|upkeep\n|turn|2\n|inactive|Sailsun has 30 seconds left.\n|inactive|NilkSp has 30 seconds left.\n|\n|t:|1683860073\n|-terastallize|p1a: Chien-Pao|Ghost\n|move|p2b: Arcanine|Extreme Speed|p1a: Chien-Pao\n|-immune|p1a: Chien-Pao\n|move|p1b: Dragonite|Extreme Speed|p2b: Arcanine\n|-damage|p2b: Arcanine|29\/100\n|move|p1a: Chien-Pao|Sucker Punch||[still]\n|-fail|p1a: Chien-Pao\n|move|p2a: Gholdengo|Nasty Plot|p2a: Gholdengo\n|-boost|p2a: Gholdengo|spa|2\n|\n|upkeep\n|turn|3\n|\n|t:|1683860091\n|move|p1a: Chien-Pao|Protect|p1a: Chien-Pao\n|-singleturn|p1a: Chien-Pao|Protect\n|move|p1b: Dragonite|Extreme Speed|p2b: Arcanine\n|-crit|p2b: Arcanine\n|-damage|p2b: Arcanine|0 fnt\n|faint|p2b: Arcanine\n|move|p2a: Gholdengo|Recover|p2a: Gholdengo\n|-heal|p2a: Gholdengo|100\/100\n|\n|upkeep\n|\n|t:|1683860112\n|switch|p2b: Palafin|Palafin-Hero, L50, F|100\/100\n|-activate|p2b: Palafin|ability: Zero to Hero\n|turn|4\n|\n|t:|1683860123\n|switch|p1b: Chi-Yu|Chi-Yu, L50|100\/100\n|-ability|p1b: Chi-Yu|Beads of Ruin\n|move|p1a: Chien-Pao|Protect||[still]\n|-fail|p1a: Chien-Pao\n|move|p2b: Palafin|Jet Punch|p1a: Chien-Pao\n|-damage|p1a: Chien-Pao|0 fnt\n|faint|p1a: Chien-Pao\n|move|p2a: Gholdengo|Make It Rain|p1b: Chi-Yu\n|-resisted|p1b: Chi-Yu\n|-damage|p1b: Chi-Yu|59\/100\n|-unboost|p2a: Gholdengo|spa|1\n|\n|upkeep\n|\n|t:|1683860138\n|switch|p1a: Murkrow|Murkrow, L50, F|100\/100\n|turn|5\n|\n|t:|1683860158\n|switch|p1b: Dragonite|Dragonite, L50, F|83\/100\n|-terastallize|p2b: Palafin|Water\n|move|p2b: Palafin|Jet Punch|p1b: Dragonite\n|-resisted|p1b: Dragonite\n|-damage|p1b: Dragonite|54\/100\n|move|p1a: Murkrow|Sunny Day|p1a: Murkrow\n|-weather|SunnyDay\n|move|p2a: Gholdengo|Nasty Plot|p2a: Gholdengo\n|-boost|p2a: Gholdengo|spa|2\n|\n|-weather|SunnyDay|[upkeep]\n|upkeep\n|turn|6\n|\n|t:|1683860177\n|switch|p2b: Corviknight|Corviknight, L50, M, shiny|100\/100\n|move|p1b: Dragonite|Extreme Speed|p2b: Corviknight\n|-resisted|p2b: Corviknight\n|-damage|p2b: Corviknight|82\/100\n|move|p1a: Murkrow|Haze|p1a: Murkrow\n|-clearallboost\n|move|p2a: Gholdengo|Make It Rain|p1a: Murkrow|[spread] p1a,p1b\n|-damage|p1a: Murkrow|57\/100\n|-damage|p1b: Dragonite|19\/100\n|-unboost|p2a: Gholdengo|spa|1\n|\n|-weather|SunnyDay|[upkeep]\n|-heal|p2b: Corviknight|88\/100|[from] item: Leftovers\n|upkeep\n|turn|7\n|inactive|NilkSp has 30 seconds left.\n|inactive|NilkSp has 20 seconds left.\n|inactive|NilkSp has 15 seconds left.\n|inactive|NilkSp has 10 seconds left.\n|inactive|NilkSp has 5 seconds left.\n|\n|t:|1683860232\n|switch|p1b: Chi-Yu|Chi-Yu, L50|59\/100\n|-ability|p1b: Chi-Yu|Beads of Ruin\n|move|p1a: Murkrow|Tailwind|p1a: Murkrow\n|-sidestart|p1: Sailsun|move: Tailwind\n|move|p2a: Gholdengo|Make It Rain|p1b: Chi-Yu|[spread] p1a,p1b\n|-resisted|p1b: Chi-Yu\n|-damage|p1a: Murkrow|24\/100\n|-damage|p1b: Chi-Yu|42\/100\n|-unboost|p2a: Gholdengo|spa|1\n|move|p2b: Corviknight|Bulk Up|p2b: Corviknight\n|-boost|p2b: Corviknight|atk|1\n|-boost|p2b: Corviknight|def|1\n|\n|-weather|SunnyDay|[upkeep]\n|-heal|p2b: Corviknight|94\/100|[from] item: Leftovers\n|upkeep\n|turn|8\n|inactive|NilkSp has 30 seconds left.\n|\n|t:|1683860258\n|switch|p2a: Palafin|Palafin-Hero, L50, F, tera:Water|100\/100\n|move|p1b: Chi-Yu|Heat Wave|p2b: Corviknight|[spread] p2a,p2b\n|-resisted|p2a: Palafin\n|-supereffective|p2b: Corviknight\n|-damage|p2a: Palafin|48\/100\n|-damage|p2b: Corviknight|0 fnt\n|faint|p2b: Corviknight\n|-damage|p1b: Chi-Yu|32\/100|[from] item: Life Orb\n|move|p1a: Murkrow|Foul Play|p2a: Palafin\n|-damage|p2a: Palafin|0 fnt\n|faint|p2a: Palafin\n|\n|-weather|SunnyDay|[upkeep]\n|upkeep\n|-message|NilkSp forfeited.\n|\n|win|Sailsun\n|raw|Sailsun's rating: 1251 → 1271<\/strong> (+20 for winning)\n|raw|NilkSp's rating: 1185 → 1165<\/strong> (-20 for losing)\n|l|\u2606NilkSp\n","uploadtime":1683860282,"views":13,"p1id":"sailsun","p2id":"nilksp","formatid":"gen9vgc2023regulationc","rating":1165,"private":0,"password":""}