{"id":"gen9vgc2023regulationc-1861086829","p1":"Emis1","p2":"LordXaverius","format":"[Gen 9] VGC 2023 Regulation C","log":"|j|\u2606Emis1\n|j|\u2606LordXaverius\n|t:|1683725284\n|gametype|doubles\n|player|p1|Emis1|2|1163\n|player|p2|LordXaverius|steven|1069\n|teamsize|p1|6\n|teamsize|p2|6\n|gen|9\n|tier|[Gen 9] VGC 2023 Regulation C\n|rated|\n|rule|Species Clause: Limit one of each Pok\u00e9mon\n|rule|Item Clause: Limit one of each item\n|clearpoke\n|poke|p1|Torkoal, L50, M|\n|poke|p1|Hatterene, L50, F|\n|poke|p1|Indeedee-F, L50, F|\n|poke|p1|Great Tusk, L50|\n|poke|p1|Mimikyu, L50, F|\n|poke|p1|Iron Hands, L50|\n|poke|p2|Ceruledge, L50, M|\n|poke|p2|Skeledirge, L50, M|\n|poke|p2|Arboliva, L50, M|\n|poke|p2|Scream Tail, L50|\n|poke|p2|Ting-Lu, L50|\n|poke|p2|Hydreigon, L50, F|\n|teampreview|4\nEmis1 has agreed to open team sheets.\n|inactive|Battle timer is ON: inactive players will automatically lose when time's up. (requested by LordXaverius)\n|inactive|Emis1 has 60 seconds left.\nLordXaverius has agreed to open team sheets.\n|\n|t:|1683725355\n|start\n|switch|p1a: Hatterene|Hatterene, L50, F|100\/100\n|switch|p1b: Indeedee|Indeedee-F, L50, F|100\/100\n|switch|p2a: Scream Tail|Scream Tail, L50|100\/100\n|switch|p2b: Arboliva|Arboliva, L50, M|100\/100\n|-fieldstart|move: Psychic Terrain|[from] ability: Psychic Surge|[of] p1b: Indeedee\n|-enditem|p1b: Indeedee|Psychic Seed\n|-boost|p1b: Indeedee|spd|1|[from] item: Psychic Seed\n|turn|1\n|inactive|Emis1 has 30 seconds left.\n|inactive|LordXaverius has 30 seconds left.\n|inactive|Emis1 has 20 seconds left.\n|\n|t:|1683725395\n|move|p1a: Hatterene|Protect|p1a: Hatterene\n|-singleturn|p1a: Hatterene|Protect\n|move|p2a: Scream Tail|Light Screen|p2a: Scream Tail\n|-sidestart|p2: LordXaverius|move: Light Screen\n|move|p2b: Arboliva|Energy Ball|p1a: Hatterene\n|-activate|p1a: Hatterene|move: Protect\n|move|p1b: Indeedee|Trick Room|p1b: Indeedee\n|-fieldstart|move: Trick Room|[of] p1b: Indeedee\n|\n|upkeep\n|turn|2\n|inactive|Emis1 has 30 seconds left.\n|inactive|LordXaverius has 30 seconds left.\n|\n|t:|1683725421\n|move|p1b: Indeedee|Helping Hand|p1a: Hatterene\n|-singleturn|p1a: Hatterene|Helping Hand|[of] p1b: Indeedee\n|move|p1a: Hatterene|Dazzling Gleam|p2a: Scream Tail|[spread] p2a,p2b\n|-damage|p2a: Scream Tail|71\/100\n|-damage|p2b: Arboliva|57\/100\n|-fieldstart|move: Grassy Terrain|[from] ability: Seed Sower|[of] p2b: Arboliva\n|-damage|p1a: Hatterene|91\/100|[from] item: Life Orb\n|move|p2b: Arboliva|Energy Ball|p1a: Hatterene\n|-damage|p1a: Hatterene|18\/100\n|move|p2a: Scream Tail|Thunder Wave|p1b: Indeedee\n|-status|p1b: Indeedee|par\n|\n|-heal|p1a: Hatterene|24\/100|[from] Grassy Terrain\n|-heal|p2b: Arboliva|63\/100|[from] Grassy Terrain\n|-heal|p2b: Arboliva|69\/100|[from] item: Leftovers\n|-heal|p2a: Scream Tail|77\/100|[from] Grassy Terrain\n|upkeep\n|turn|3\n|inactive|Emis1 has 30 seconds left.\n|\n|t:|1683725449\n|move|p1b: Indeedee|Follow Me|p1b: Indeedee\n|-singleturn|p1b: Indeedee|move: Follow Me\n|move|p1a: Hatterene|Mystical Fire|p2b: Arboliva\n|-supereffective|p2b: Arboliva\n|-damage|p2b: Arboliva|21\/100\n|-unboost|p2b: Arboliva|spa|1\n|-damage|p1a: Hatterene|14\/100|[from] item: Life Orb\n|move|p2b: Arboliva|Strength Sap|p1b: Indeedee\n|-unboost|p1b: Indeedee|atk|1\n|-heal|p2b: Arboliva|56\/100\n|move|p2a: Scream Tail|Play Rough|p1b: Indeedee\n|-damage|p1b: Indeedee|64\/100 par\n|\n|-heal|p1a: Hatterene|20\/100|[from] Grassy Terrain\n|-heal|p1b: Indeedee|70\/100 par|[from] Grassy Terrain\n|-heal|p2b: Arboliva|62\/100|[from] Grassy Terrain\n|-heal|p2b: Arboliva|67\/100|[from] item: Leftovers\n|-heal|p2a: Scream Tail|82\/100|[from] Grassy Terrain\n|upkeep\n|turn|4\n|\n|t:|1683725473\n|-terastallize|p2b: Arboliva|Water\n|move|p1b: Indeedee|Helping Hand|p1a: Hatterene\n|-singleturn|p1a: Hatterene|Helping Hand|[of] p1b: Indeedee\n|move|p1a: Hatterene|Mystical Fire|p2b: Arboliva\n|-resisted|p2b: Arboliva\n|-crit|p2b: Arboliva\n|-damage|p2b: Arboliva|30\/100\n|-unboost|p2b: Arboliva|spa|1\n|-damage|p1a: Hatterene|10\/100|[from] item: Life Orb\n|move|p2b: Arboliva|Tera Blast|p1b: Indeedee\n|-damage|p1b: Indeedee|58\/100 par\n|move|p2a: Scream Tail|Play Rough|p1a: Hatterene\n|-damage|p1a: Hatterene|0 fnt\n|faint|p1a: Hatterene\n|\n|-heal|p1b: Indeedee|65\/100 par|[from] Grassy Terrain\n|-heal|p2b: Arboliva|35\/100|[from] Grassy Terrain\n|-heal|p2b: Arboliva|41\/100|[from] item: Leftovers\n|-heal|p2a: Scream Tail|88\/100|[from] Grassy Terrain\n|upkeep\n|\n|t:|1683725493\n|switch|p1a: Torkoal|Torkoal, L50, M|100\/100\n|-weather|SunnyDay|[from] ability: Drought|[of] p1a: Torkoal\n|-activate|p2a: Scream Tail|ability: Protosynthesis\n|-start|p2a: Scream Tail|protosynthesisspe\n|turn|5\n|\n|t:|1683725507\n|-terastallize|p1a: Torkoal|Fire\n|move|p1b: Indeedee|Helping Hand|p1a: Torkoal\n|-singleturn|p1a: Torkoal|Helping Hand|[of] p1b: Indeedee\n|move|p2b: Arboliva|Protect|p2b: Arboliva\n|-singleturn|p2b: Arboliva|Protect\n|move|p1a: Torkoal|Eruption|p2a: Scream Tail|[spread] p2a\n|-activate|p2b: Arboliva|move: Protect\n|-crit|p2a: Scream Tail\n|-damage|p2a: Scream Tail|0 fnt\n|faint|p2a: Scream Tail\n|-end|p2a: Scream Tail|Protosynthesis|[silent]\n|\n|-weather|SunnyDay|[upkeep]\n|-heal|p1b: Indeedee|71\/100 par|[from] Grassy Terrain\n|-heal|p2b: Arboliva|47\/100|[from] Grassy Terrain\n|-heal|p2b: Arboliva|53\/100|[from] item: Leftovers\n|-fieldend|move: Trick Room\n|upkeep\n|\n|t:|1683725523\n|switch|p2a: Ting-Lu|Ting-Lu, L50|100\/100\n|-ability|p2a: Ting-Lu|Vessel of Ruin\n|turn|6\n|\n|t:|1683725537\n|move|p1a: Torkoal|Protect|p1a: Torkoal\n|-singleturn|p1a: Torkoal|Protect\n|move|p2b: Arboliva|Tera Blast|p1a: Torkoal\n|-activate|p1a: Torkoal|move: Protect\n|move|p2a: Ting-Lu|Throat Chop|p1b: Indeedee\n|-supereffective|p1b: Indeedee\n|-damage|p1b: Indeedee|0 fnt\n|faint|p1b: Indeedee\n|\n|-weather|SunnyDay|[upkeep]\n|-heal|p2b: Arboliva|59\/100|[from] Grassy Terrain\n|-heal|p2b: Arboliva|64\/100|[from] item: Leftovers\n|-fieldend|move: Grassy Terrain\n|upkeep\n|\n|t:|1683725549\n|switch|p1b: Great Tusk|Great Tusk, L50, shiny|100\/100\n|-activate|p1b: Great Tusk|ability: Protosynthesis\n|-start|p1b: Great Tusk|protosynthesisatk\n|turn|7\n|\n|t:|1683725564\n|move|p1b: Great Tusk|Close Combat|p2a: Ting-Lu\n|-supereffective|p2a: Ting-Lu\n|-damage|p2a: Ting-Lu|0 fnt\n|-unboost|p1b: Great Tusk|def|1\n|-unboost|p1b: Great Tusk|spd|1\n|faint|p2a: Ting-Lu\n|move|p2b: Arboliva|Strength Sap|p1b: Great Tusk\n|-unboost|p1b: Great Tusk|atk|1\n|-heal|p2b: Arboliva|100\/100\n|move|p1a: Torkoal|Heat Wave|p2b: Arboliva\n|-resisted|p2b: Arboliva\n|-crit|p2b: Arboliva\n|-damage|p2b: Arboliva|32\/100\n|-fieldstart|move: Grassy Terrain|[from] ability: Seed Sower|[of] p2b: Arboliva\n|\n|-weather|SunnyDay|[upkeep]\n|-heal|p2b: Arboliva|38\/100|[from] Grassy Terrain\n|-heal|p2b: Arboliva|44\/100|[from] item: Leftovers\n|upkeep\n|\n|t:|1683725577\n|switch|p2a: Ceruledge|Ceruledge, L50, M|100\/100\n|turn|8\n|\n|t:|1683725592\n|move|p1a: Torkoal|Protect|p1a: Torkoal\n|-singleturn|p1a: Torkoal|Protect\n|move|p2a: Ceruledge|Shadow Sneak|p1b: Great Tusk\n|-damage|p1b: Great Tusk|75\/100\n|move|p1b: Great Tusk|Earthquake|p2a: Ceruledge|[spread] p2a,p2b\n|-activate|p1a: Torkoal|move: Protect\n|-supereffective|p2a: Ceruledge\n|-crit|p2a: Ceruledge\n|-damage|p2a: Ceruledge|0 fnt\n|-damage|p2b: Arboliva|23\/100\n|faint|p2a: Ceruledge\n|move|p2b: Arboliva|Tera Blast|p1b: Great Tusk\n|-supereffective|p1b: Great Tusk\n|-damage|p1b: Great Tusk|37\/100\n|\n|-weather|SunnyDay|[upkeep]\n|-heal|p1b: Great Tusk|43\/100|[from] Grassy Terrain\n|-heal|p2b: Arboliva|28\/100|[from] Grassy Terrain\n|-heal|p2b: Arboliva|34\/100|[from] item: Leftovers\n|-sideend|p2: LordXaverius|move: Light Screen\n|upkeep\n|turn|9\n|n|!LordXaverius|lordxaverius\n|\n|t:|1683725614\n|move|p1b: Great Tusk|Headlong Rush|p2b: Arboliva\n|-damage|p2b: Arboliva|0 fnt\n|-unboost|p1b: Great Tusk|def|1\n|-unboost|p1b: Great Tusk|spd|1\n|faint|p2b: Arboliva\n|\n|win|Emis1\n|raw|Emis1's rating: 1163 → 1181<\/strong> (+18 for winning)\n|raw|LordXaverius's rating: 1069 → 1054<\/strong> (-15 for losing)\n","uploadtime":1683725607,"views":12,"p1id":"emis1","p2id":"lordxaverius","formatid":"gen9vgc2023regulationc","rating":1054,"private":0,"password":""}