{"id":"gen9vgc2023regulationc-1846938867","p1":"ImLordKai","p2":"JiangTang","format":"[Gen 9] VGC 2023 Regulation C","log":"|j|\u2606ImLordKai\n|j|\u2606JiangTang\n|t:|1681903671\n|gametype|doubles\n|player|p1|ImLordKai|102|1114\n|player|p2|JiangTang|red|1213\n|teamsize|p1|6\n|teamsize|p2|6\n|gen|9\n|tier|[Gen 9] VGC 2023 Regulation C\n|rated|\n|rule|Species Clause: Limit one of each Pok\u00e9mon\n|rule|Item Clause: Limit one of each item\n|clearpoke\n|poke|p1|Dragonite, L50, M|\n|poke|p1|Arcanine, L50, M|\n|poke|p1|Palafin, L50, F|\n|poke|p1|Flutter Mane, L50|\n|poke|p1|Ting-Lu, L50|\n|poke|p1|Chien-Pao, L50|\n|poke|p2|Lycanroc-Dusk, L50, M|\n|poke|p2|Chien-Pao, L50|\n|poke|p2|Grafaiai, L50, M|\n|poke|p2|Chi-Yu, L50|\n|poke|p2|Flutter Mane, L50|\n|poke|p2|Iron Bundle, L50|\n|teampreview|4\n|inactive|Battle timer is ON: inactive players will automatically lose when time's up. (requested by ImLordKai)\n|inactive|JiangTang has 60 seconds left.\n|\n|t:|1681903714\n|start\n|switch|p1a: Ting-Lu|Ting-Lu, L50|100\/100\n|switch|p1b: Palafin|Palafin, L50, F|100\/100\n|switch|p2a: Lycanroc|Lycanroc-Dusk, L50, M|100\/100\n|switch|p2b: Chien-Pao|Chien-Pao, L50|100\/100\n|-ability|p2b: Chien-Pao|Sword of Ruin\n|-ability|p1a: Ting-Lu|Vessel of Ruin\n|turn|1\n|inactive|ImLordKai has 30 seconds left.\n|inactive|JiangTang has 30 seconds left.\n|inactive|JiangTang has 20 seconds left.\n|inactive|JiangTang has 15 seconds left.\n|\n|t:|1681903755\n|-terastallize|p2a: Lycanroc|Flying\n|move|p1b: Palafin|Jet Punch|p2a: Lycanroc\n|-damage|p2a: Lycanroc|47\/100\n|move|p2b: Chien-Pao|Sacred Sword|p1a: Ting-Lu\n|-supereffective|p1a: Ting-Lu\n|-damage|p1a: Ting-Lu|59\/100\n|move|p2a: Lycanroc|Close Combat|p1a: Ting-Lu\n|-supereffective|p1a: Ting-Lu\n|-damage|p1a: Ting-Lu|0 fnt\n|-unboost|p2a: Lycanroc|def|1\n|-unboost|p2a: Lycanroc|spd|1\n|faint|p1a: Ting-Lu\n|-damage|p2a: Lycanroc|37\/100|[from] item: Life Orb\n|\n|upkeep\n|\n|t:|1681903770\n|switch|p1a: Chien-Pao|Chien-Pao, L50|100\/100\n|-ability|p1a: Chien-Pao|Sword of Ruin\n|turn|2\n|inactive|JiangTang has 30 seconds left.\n|inactive|JiangTang has 20 seconds left.\n|\n|t:|1681903805\n|move|p1a: Chien-Pao|Protect|p1a: Chien-Pao\n|-singleturn|p1a: Chien-Pao|Protect\n|move|p2a: Lycanroc|Protect|p2a: Lycanroc\n|-singleturn|p2a: Lycanroc|Protect\n|move|p1b: Palafin|Jet Punch|p2a: Lycanroc\n|-activate|p2a: Lycanroc|move: Protect\n|move|p2b: Chien-Pao|Sacred Sword|p1b: Palafin\n|-damage|p1b: Palafin|45\/100\n|\n|upkeep\n|turn|3\n|inactive|JiangTang has 30 seconds left.\n|inactive|JiangTang has 20 seconds left.\n|inactive|JiangTang has 15 seconds left.\n|inactive|JiangTang has 10 seconds left.\n|inactive|JiangTang has 5 seconds left.\n|\n|t:|1681903860\n|detailschange|p1b: Palafin|Palafin-Hero, L50, F\n|switch|p1b: Dragonite|Dragonite, L50, M|100\/100\n|-terastallize|p1a: Chien-Pao|Ghost\n|move|p2b: Chien-Pao|Sucker Punch||[still]\n|-fail|p2b: Chien-Pao\n|move|p2a: Lycanroc|Accelerock|p1b: Dragonite\n|-supereffective|p1b: Dragonite\n|-damage|p1b: Dragonite|3\/100\n|-damage|p2a: Lycanroc|27\/100|[from] item: Life Orb\n|move|p1a: Chien-Pao|Sacred Sword|p2b: Chien-Pao\n|-supereffective|p2b: Chien-Pao\n|-enditem|p2b: Chien-Pao|Focus Sash\n|-damage|p2b: Chien-Pao|1\/100\n|\n|upkeep\n|turn|4\n|inactive|JiangTang has 30 seconds left.\n|inactive|JiangTang has 20 seconds left.\n|inactive|JiangTang has 15 seconds left.\n|\n|t:|1681903901\n|move|p2a: Lycanroc|Protect|p2a: Lycanroc\n|-singleturn|p2a: Lycanroc|Protect\n|move|p1b: Dragonite|Extreme Speed|p2a: Lycanroc\n|-activate|p2a: Lycanroc|move: Protect\n|move|p1a: Chien-Pao|Sucker Punch|p2b: Chien-Pao\n|-resisted|p2b: Chien-Pao\n|-damage|p2b: Chien-Pao|0 fnt\n|faint|p2b: Chien-Pao\n|\n|upkeep\n|inactive|JiangTang has 30 seconds left.\n|\n|t:|1681903926\n|switch|p2b: Chi-Yu|Chi-Yu, L50|100\/100\n|-ability|p2b: Chi-Yu|Beads of Ruin\n|turn|5\n|inactive|JiangTang has 30 seconds left.\n|\n|t:|1681903952\n|move|p1b: Dragonite|Extreme Speed|p2b: Chi-Yu\n|-damage|p2b: Chi-Yu|16\/100\n|move|p1a: Chien-Pao|Sucker Punch|p2a: Lycanroc\n|-damage|p2a: Lycanroc|0 fnt\n|faint|p2a: Lycanroc\n|move|p2b: Chi-Yu|Heat Wave|p1a: Chien-Pao|[spread] p1a,p1b\n|-resisted|p1b: Dragonite\n|-damage|p1a: Chien-Pao|8\/100\n|-damage|p1b: Dragonite|0 fnt\n|faint|p1b: Dragonite\n|\n|upkeep\n|\n|t:|1681903966\n|switch|p2a: Flutter Mane|Flutter Mane, L50|100\/100\n|switch|p1b: Palafin|Palafin-Hero, L50, F|45\/100\n|-activate|p1b: Palafin|ability: Zero to Hero\n|turn|6\n|inactive|JiangTang has 30 seconds left.\n|\n|t:|1681903996\n|move|p1b: Palafin|Jet Punch|p2b: Chi-Yu\n|-supereffective|p2b: Chi-Yu\n|-damage|p2b: Chi-Yu|0 fnt\n|faint|p2b: Chi-Yu\n|move|p2a: Flutter Mane|Dazzling Gleam|p1b: Palafin|[spread] p1a,p1b\n|-damage|p1a: Chien-Pao|0 fnt\n|-damage|p1b: Palafin|0 fnt\n|faint|p1a: Chien-Pao\n|faint|p1b: Palafin\n|\n|win|JiangTang\n|raw|ImLordKai's rating: 1114 → 1096<\/strong> (-18 for losing)\n|raw|JiangTang's rating: 1213 → 1231<\/strong> (+18 for winning)\n","uploadtime":1681904007,"views":14,"p1id":"imlordkai","p2id":"jiangtang","formatid":"gen9vgc2023regulationc","rating":1096,"private":0,"password":""}