{"id":"gen9vgc2023regulationc-1855286695","p1":"asyashi","p2":"fghrhg","format":"[Gen 9] VGC 2023 Regulation C","log":"|j|\u2606asyashi\n|j|\u2606fghrhg\n|t:|1682930263\n|gametype|doubles\n|player|p1|asyashi|may-gen3|1104\n|player|p2|fghrhg|2|1047\n|teamsize|p1|6\n|teamsize|p2|6\n|gen|9\n|tier|[Gen 9] VGC 2023 Regulation C\n|rated|\n|rule|Species Clause: Limit one of each Pok\u00e9mon\n|rule|Item Clause: Limit one of each item\n|clearpoke\n|poke|p1|Talonflame, L50, M|\n|poke|p1|Garchomp, L50, F|\n|poke|p1|Iron Bundle, L50|\n|poke|p1|Iron Hands, L50|\n|poke|p1|Gholdengo, L50|\n|poke|p1|Chien-Pao, L50|\n|poke|p2|Torkoal, L50, F|\n|poke|p2|Chi-Yu, L50|\n|poke|p2|Bronzong, L50|\n|poke|p2|Gastrodon, L50, F|\n|poke|p2|Grimmsnarl, L50, M|\n|poke|p2|Skeledirge, L50, M|\n|teampreview|4\n|inactive|Battle timer is ON: inactive players will automatically lose when time's up. (requested by asyashi)\n|\n|t:|1682930293\n|start\n|switch|p1a: Iron Bundle|Iron Bundle, L50|100\/100\n|switch|p1b: Chien-Pao|Chien-Pao, L50|100\/100\n|switch|p2a: Grimmsnarl|Grimmsnarl, L50, M|100\/100\n|switch|p2b: Skeledirge|Skeledirge, L50, M|100\/100\n|-ability|p1b: Chien-Pao|Sword of Ruin\n|-enditem|p1a: Iron Bundle|Booster Energy\n|-activate|p1a: Iron Bundle|ability: Quark Drive|[fromitem]\n|-start|p1a: Iron Bundle|quarkdrivespe\n|turn|1\n|\n|t:|1682930318\n|move|p1a: Iron Bundle|Protect|p1a: Iron Bundle\n|-singleturn|p1a: Iron Bundle|Protect\n|move|p2b: Skeledirge|Protect|p2b: Skeledirge\n|-singleturn|p2b: Skeledirge|Protect\n|move|p1b: Chien-Pao|Sucker Punch||[still]\n|-fail|p1b: Chien-Pao\n|move|p2a: Grimmsnarl|Trick|p1a: Iron Bundle\n|-activate|p1a: Iron Bundle|move: Protect\n|\n|upkeep\n|turn|2\n|inactive|asyashi has 30 seconds left.\n|inactive|fghrhg has 30 seconds left.\n|\n|t:|1682930352\n|-terastallize|p2b: Skeledirge|Fairy\n|move|p1a: Iron Bundle|Hydro Pump|p2b: Skeledirge\n|-damage|p2b: Skeledirge|43\/100\n|move|p1b: Chien-Pao|Ice Spinner|p2a: Grimmsnarl\n|-damage|p2a: Grimmsnarl|36\/100\n|move|p2b: Skeledirge|Torch Song|p1b: Chien-Pao\n|-supereffective|p1b: Chien-Pao\n|-enditem|p1b: Chien-Pao|Focus Sash\n|-damage|p1b: Chien-Pao|1\/100\n|-boost|p2b: Skeledirge|spa|1\n|move|p2a: Grimmsnarl|Spirit Break|p1b: Chien-Pao\n|-supereffective|p1b: Chien-Pao\n|-damage|p1b: Chien-Pao|0 fnt\n|faint|p1b: Chien-Pao\n|\n|-heal|p2b: Skeledirge|49\/100|[from] item: Leftovers\n|upkeep\n|\n|t:|1682930367\n|switch|p1b: Gholdengo|Gholdengo, L50|100\/100\n|turn|3\n|\n|t:|1682930378\n|move|p2b: Skeledirge|Protect|p2b: Skeledirge\n|-singleturn|p2b: Skeledirge|Protect\n|move|p2a: Grimmsnarl|Trick|p1a: Iron Bundle\n|-activate|p2a: Grimmsnarl|move: Trick|[of] p1a: Iron Bundle\n|-item|p1a: Iron Bundle|Lagging Tail|[from] move: Trick\n|-enditem|p2a: Grimmsnarl|Lagging Tail|[silent]|[from] move: Trick\n|move|p1a: Iron Bundle|Icy Wind|p2a: Grimmsnarl|[spread] p2a\n|-activate|p2b: Skeledirge|move: Protect\n|-damage|p2a: Grimmsnarl|14\/100\n|-unboost|p2a: Grimmsnarl|spe|1\n|move|p1b: Gholdengo|Make It Rain|p2b: Skeledirge|[spread] p2a\n|-activate|p2b: Skeledirge|move: Protect\n|-supereffective|p2a: Grimmsnarl\n|-damage|p2a: Grimmsnarl|0 fnt\n|-unboost|p1b: Gholdengo|spa|1\n|faint|p2a: Grimmsnarl\n|\n|-heal|p2b: Skeledirge|55\/100|[from] item: Leftovers\n|upkeep\n|\n|t:|1682930401\n|switch|p2a: Torkoal|Torkoal, L50, F|100\/100\n|-weather|SunnyDay|[from] ability: Drought|[of] p2a: Torkoal\n|turn|4\n|\n|t:|1682930411\n|switch|p1b: Iron Hands|Iron Hands, L50|100\/100\n|switch|p2b: Bronzong|Bronzong, L50|100\/100\n|move|p2a: Torkoal|Protect|p2a: Torkoal\n|-singleturn|p2a: Torkoal|Protect\n|move|p1a: Iron Bundle|Hydro Pump|p2a: Torkoal\n|-activate|p2a: Torkoal|move: Protect\n|\n|-weather|SunnyDay|[upkeep]\n|upkeep\n|turn|5\n|\n|t:|1682930429\n|switch|p2a: Skeledirge|Skeledirge, L50, M, tera:Fairy|55\/100\n|move|p1b: Iron Hands|Wild Charge|p2a: Skeledirge\n|-damage|p2a: Skeledirge|16\/100\n|-damage|p1b: Iron Hands|92\/100|[from] Recoil\n|move|p1a: Iron Bundle|Encore||[still]\n|-fail|p1a: Iron Bundle\n|move|p2b: Bronzong|Trick Room|p2b: Bronzong\n|-fieldstart|move: Trick Room|[of] p2b: Bronzong\n|\n|-weather|SunnyDay|[upkeep]\n|-heal|p2a: Skeledirge|22\/100|[from] item: Leftovers\n|upkeep\n|turn|6\n|\n|t:|1682930444\n|move|p2a: Skeledirge|Protect|p2a: Skeledirge\n|-singleturn|p2a: Skeledirge|Protect\n|move|p2b: Bronzong|Body Press|p1a: Iron Bundle\n|-supereffective|p1a: Iron Bundle\n|-damage|p1a: Iron Bundle|29\/100\n|move|p1b: Iron Hands|Wild Charge|p2a: Skeledirge\n|-activate|p2a: Skeledirge|move: Protect\n|move|p1a: Iron Bundle|Encore|p2b: Bronzong\n|-start|p2b: Bronzong|Encore\n|\n|-weather|SunnyDay|[upkeep]\n|-heal|p2a: Skeledirge|28\/100|[from] item: Leftovers\n|upkeep\n|turn|7\n|\n|t:|1682930464\n|switch|p2a: Torkoal|Torkoal, L50, F|100\/100\n|move|p1a: Iron Bundle|Protect|p1a: Iron Bundle\n|-singleturn|p1a: Iron Bundle|Protect\n|move|p2b: Bronzong|Body Press|p1b: Iron Hands\n|-damage|p1b: Iron Hands|75\/100\n|move|p1b: Iron Hands|Wild Charge|p2a: Torkoal\n|-damage|p2a: Torkoal|68\/100\n|-damage|p1b: Iron Hands|69\/100|[from] Recoil\n|\n|-weather|SunnyDay|[upkeep]\n|upkeep\n|turn|8\n|\n|t:|1682930486\n|move|p2a: Torkoal|Eruption|p1a: Iron Bundle|[spread] p1a,p1b\n|-damage|p1a: Iron Bundle|0 fnt\n|-damage|p1b: Iron Hands|41\/100\n|faint|p1a: Iron Bundle\n|-end|p1a: Iron Bundle|Quark Drive|[silent]\n|-damage|p2a: Torkoal|58\/100|[from] item: Life Orb\n|move|p2b: Bronzong|Body Press|p1b: Iron Hands\n|-damage|p1b: Iron Hands|21\/100\n|move|p1b: Iron Hands|Wild Charge|p2a: Torkoal\n|-damage|p2a: Torkoal|26\/100\n|-damage|p1b: Iron Hands|15\/100|[from] Recoil\n|\n|-weather|none\n|upkeep\n|\n|t:|1682930496\n|switch|p1a: Gholdengo|Gholdengo, L50|100\/100\n|turn|9\n|\n|t:|1682930513\n|move|p2a: Torkoal|Earth Power|p1a: Gholdengo\n|-supereffective|p1a: Gholdengo\n|-damage|p1a: Gholdengo|24\/100\n|-damage|p2a: Torkoal|17\/100|[from] item: Life Orb\n|move|p2b: Bronzong|Body Press|p1b: Iron Hands\n|-damage|p1b: Iron Hands|0 fnt\n|faint|p1b: Iron Hands\n|-end|p1b: Iron Hands|Quark Drive|[silent]\n|move|p1a: Gholdengo|Shadow Ball|p2b: Bronzong\n|-supereffective|p2b: Bronzong\n|-enditem|p2b: Bronzong|Kasib Berry|[eat]\n|-enditem|p2b: Bronzong|Kasib Berry|[weaken]\n|-damage|p2b: Bronzong|48\/100\n|\n|-end|p2b: Bronzong|Encore\n|-fieldend|move: Trick Room\n|upkeep\n|turn|10\n|-message|asyashi forfeited.\n|\n|win|fghrhg\n|raw|asyashi's rating: 1104 → 1075<\/strong> (-29 for losing)\n|raw|fghrhg's rating: 1047 → 1085<\/strong> (+38 for winning)\n|l|\u2606asyashi\n","uploadtime":1682930529,"views":24,"p1id":"asyashi","p2id":"fghrhg","formatid":"gen9vgc2023regulationc","rating":1075,"private":0,"password":""}