{"id":"gen9vgc2023regulationc-1863594210","p1":"Dynamo22","p2":"prosnipa","format":"[Gen 9] VGC 2023 Regulation C","log":"|j|\u2606Dynamo22\n|j|\u2606prosnipa\n|t:|1684039859\n|gametype|doubles\n|player|p1|Dynamo22|1|1167\n|player|p2|prosnipa|170|1088\n|teamsize|p1|6\n|teamsize|p2|6\n|gen|9\n|tier|[Gen 9] VGC 2023 Regulation C\n|rated|\n|rule|Species Clause: Limit one of each Pok\u00e9mon\n|rule|Item Clause: Limit one of each item\n|clearpoke\n|poke|p1|Maushold, L50|\n|poke|p1|Palafin, L50, M|\n|poke|p1|Ting-Lu, L50|\n|poke|p1|Farigiraf, L50, F|\n|poke|p1|Flutter Mane, L50|\n|poke|p1|Arcanine, L50, F|\n|poke|p2|Armarouge, L50, F|\n|poke|p2|Iron Hands, L50|\n|poke|p2|Chien-Pao, L50|\n|poke|p2|Ting-Lu, L50|\n|poke|p2|Indeedee-F, L50, F|\n|poke|p2|Amoonguss, L50, M|\n|teampreview|4\n|inactive|Battle timer is ON: inactive players will automatically lose when time's up. (requested by prosnipa)\n|inactive|Dynamo22 has 60 seconds left.\n|inactive|prosnipa has 60 seconds left.\n|\n|t:|1684039892\n|start\n|switch|p1a: Palafin|Palafin, L50, M|100\/100\n|switch|p1b: Ting-Lu|Ting-Lu, L50|100\/100\n|switch|p2a: Armarouge|Armarouge, L50, F|100\/100\n|switch|p2b: Indeedee|Indeedee-F, L50, F|100\/100\n|-fieldstart|move: Psychic Terrain|[from] ability: Psychic Surge|[of] p2b: Indeedee\n|-ability|p1b: Ting-Lu|Vessel of Ruin\n|turn|1\n|inactive|prosnipa has 30 seconds left.\n|inactive|prosnipa has 20 seconds left.\n|\n|t:|1684039929\n|detailschange|p1a: Palafin|Palafin-Hero, L50, M\n|switch|p1a: Farigiraf|Farigiraf, L50, F|100\/100\n|switch|p2a: Amoonguss|Amoonguss, L50, M|100\/100\n|move|p1b: Ting-Lu|Fissure|p2a: Amoonguss|[miss]\n|-miss|p1b: Ting-Lu|p2a: Amoonguss\n|move|p2b: Indeedee|Trick Room|p2b: Indeedee\n|-fieldstart|move: Trick Room|[of] p2b: Indeedee\n|\n|upkeep\n|turn|2\n|inactive|prosnipa has 30 seconds left.\n|inactive|prosnipa has 20 seconds left.\n|inactive|prosnipa has 15 seconds left.\n|inactive|prosnipa has 10 seconds left.\n|\n|t:|1684039979\n|switch|p2b: Iron Hands|Iron Hands, L50|100\/100\n|-terastallize|p2a: Amoonguss|Water\n|move|p2a: Amoonguss|Spore|p1b: Ting-Lu\n|-status|p1b: Ting-Lu|slp|[from] move: Spore\n|cant|p1b: Ting-Lu|slp\n|move|p1a: Farigiraf|Uproar|p2b: Iron Hands\n|-curestatus|p1b: Ting-Lu|slp|[msg]\n|-damage|p2b: Iron Hands|77\/100\n|-start|p1a: Farigiraf|Uproar\n|\n|-start|p1a: Farigiraf|Uproar|[upkeep]\n|upkeep\n|turn|3\n|inactive|prosnipa has 30 seconds left.\n|inactive|prosnipa has 20 seconds left.\n|inactive|prosnipa has 15 seconds left.\n|inactive|prosnipa has 10 seconds left.\n|inactive|prosnipa has 5 seconds left.\n|\n|t:|1684040032\n|-terastallize|p1b: Ting-Lu|Poison\n|move|p2a: Amoonguss|Pollen Puff|p1b: Ting-Lu\n|-resisted|p1b: Ting-Lu\n|-damage|p1b: Ting-Lu|97\/100\n|move|p1b: Ting-Lu|Stomping Tantrum|p2b: Iron Hands\n|-supereffective|p2b: Iron Hands\n|-damage|p2b: Iron Hands|0 fnt\n|faint|p2b: Iron Hands\n|-end|p2b: Iron Hands|Quark Drive|[silent]\n|move|p1a: Farigiraf|Uproar|p2a: Amoonguss|[from]lockedmove\n|-damage|p2a: Amoonguss|70\/100\n|\n|-heal|p1b: Ting-Lu|100\/100|[from] item: Leftovers\n|-start|p1a: Farigiraf|Uproar|[upkeep]\n|upkeep\n|\n|t:|1684040040\n|switch|p2b: Armarouge|Armarouge, L50, F|100\/100\n|turn|4\n|\n|t:|1684040055\n|move|p2a: Amoonguss|Pollen Puff|p1a: Farigiraf\n|-supereffective|p1a: Farigiraf\n|-crit|p1a: Farigiraf\n|-damage|p1a: Farigiraf|73\/100\n|move|p1b: Ting-Lu|Stomping Tantrum|p2b: Armarouge\n|-supereffective|p2b: Armarouge\n|-damage|p2b: Armarouge|44\/100\n|move|p1a: Farigiraf|Uproar|p2b: Armarouge|[from]lockedmove\n|-damage|p2b: Armarouge|4\/100\n|move|p2b: Armarouge|Armor Cannon|p1a: Farigiraf\n|-damage|p1a: Farigiraf|43\/100\n|-unboost|p2b: Armarouge|def|1\n|-unboost|p2b: Armarouge|spd|1\n|\n|-end|p1a: Farigiraf|Uproar\n|upkeep\n|turn|5\n|\n|t:|1684040076\n|move|p2a: Amoonguss|Pollen Puff|p1a: Farigiraf\n|-supereffective|p1a: Farigiraf\n|-damage|p1a: Farigiraf|23\/100\n|move|p1b: Ting-Lu|Stomping Tantrum|p2b: Armarouge\n|-supereffective|p2b: Armarouge\n|-damage|p2b: Armarouge|0 fnt\n|faint|p2b: Armarouge\n|move|p1a: Farigiraf|Psychic|p2a: Amoonguss\n|-damage|p2a: Amoonguss|36\/100\n|-enditem|p2a: Amoonguss|Sitrus Berry|[eat]\n|-heal|p2a: Amoonguss|60\/100|[from] item: Sitrus Berry\n|\n|-fieldend|move: Trick Room\n|-fieldend|move: Psychic Terrain\n|upkeep\n|\n|t:|1684040082\n|switch|p2b: Indeedee|Indeedee-F, L50, F|100\/100\n|-fieldstart|move: Psychic Terrain|[from] ability: Psychic Surge|[of] p2b: Indeedee\n|turn|6\n|\n|t:|1684040096\n|move|p1a: Farigiraf|Uproar|p2a: Amoonguss\n|-damage|p2a: Amoonguss|30\/100\n|-start|p1a: Farigiraf|Uproar\n|move|p1b: Ting-Lu|Fissure|p2b: Indeedee|[miss]\n|-miss|p1b: Ting-Lu|p2b: Indeedee\n|move|p2a: Amoonguss|Spore|p1b: Ting-Lu\n|-fail|p1b: Ting-Lu|slp|[from] Uproar\n|move|p2b: Indeedee|Trick Room|p2b: Indeedee\n|-fieldstart|move: Trick Room|[of] p2b: Indeedee\n|\n|-start|p1a: Farigiraf|Uproar|[upkeep]\n|upkeep\n|turn|7\n|-message|prosnipa forfeited.\n|\n|win|Dynamo22\n|raw|Dynamo22's rating: 1167 → 1186<\/strong> (+19 for winning)\n|raw|prosnipa's rating: 1088 → 1070<\/strong> (-18 for losing)\n|l|\u2606prosnipa\n","uploadtime":1684040127,"views":16,"p1id":"dynamo22","p2id":"prosnipa","formatid":"gen9vgc2023regulationc","rating":1070,"private":0,"password":""}