{"id":"gen9vgc2023regulationc-1859487824","p1":"Wiglett7","p2":"DonPasic","format":"[Gen 9] VGC 2023 Regulation C","log":"|j|\u2606Wiglett7\n|j|\u2606DonPasic\n|t:|1683474798\n|gametype|doubles\n|player|p1|Wiglett7|266|1196\n|player|p2|DonPasic|cynthia-gen4|1183\n|teamsize|p1|6\n|teamsize|p2|6\n|gen|9\n|tier|[Gen 9] VGC 2023 Regulation C\n|rated|\n|rule|Species Clause: Limit one of each Pok\u00e9mon\n|rule|Item Clause: Limit one of each item\n|clearpoke\n|poke|p1|Palafin, L50, M|\n|poke|p1|Quaquaval, L50, M|\n|poke|p1|Flutter Mane, L50|\n|poke|p1|Ting-Lu, L50|\n|poke|p1|Meowscarada, L50, F|\n|poke|p1|Arcanine, L50, F|\n|poke|p2|Wo-Chien, L50|\n|poke|p2|Ting-Lu, L50|\n|poke|p2|Dragonite, L50, M|\n|poke|p2|Glimmora, L50, M|\n|poke|p2|Flutter Mane, L50|\n|poke|p2|Gyarados, L50, M|\n|teampreview|4\n|\n|t:|1683474848\n|start\n|switch|p1a: Flutter Mane|Flutter Mane, L50|100\/100\n|switch|p1b: Palafin|Palafin, L50, M|100\/100\n|switch|p2a: Dragonite|Dragonite, L50, M|100\/100\n|switch|p2b: Glimmora|Glimmora, L50, M|100\/100\n|-enditem|p1a: Flutter Mane|Booster Energy\n|-activate|p1a: Flutter Mane|ability: Protosynthesis|[fromitem]\n|-start|p1a: Flutter Mane|protosynthesisspa\n|turn|1\n|\n|t:|1683474875\n|detailschange|p1b: Palafin|Palafin-Hero, L50, M\n|switch|p1b: Quaquaval|Quaquaval, L50, M|100\/100\n|move|p2b: Glimmora|Spiky Shield|p2b: Glimmora\n|-singleturn|p2b: Glimmora|move: Protect\n|move|p1a: Flutter Mane|Dazzling Gleam|p2a: Dragonite|[spread] p2a\n|-activate|p2b: Glimmora|move: Protect\n|-supereffective|p2a: Dragonite\n|-damage|p2a: Dragonite|62\/100\n|-enditem|p2a: Dragonite|Weakness Policy\n|-boost|p2a: Dragonite|atk|2|[from] item: Weakness Policy\n|-boost|p2a: Dragonite|spa|2|[from] item: Weakness Policy\n|move|p2a: Dragonite|Tailwind|p2a: Dragonite\n|-sidestart|p2: DonPasic|move: Tailwind\n|\n|upkeep\n|turn|2\n|\n|t:|1683474919\n|-terastallize|p2a: Dragonite|Normal\n|move|p2a: Dragonite|Extreme Speed|p1b: Quaquaval\n|-damage|p1b: Quaquaval|0 fnt\n|faint|p1b: Quaquaval\n|move|p2b: Glimmora|Mortal Spin|p1a: Flutter Mane\n|-crit|p1a: Flutter Mane\n|-damage|p1a: Flutter Mane|84\/100\n|-status|p1a: Flutter Mane|psn\n|move|p1a: Flutter Mane|Dazzling Gleam|p2b: Glimmora|[spread] p2a,p2b\n|-resisted|p2b: Glimmora\n|-damage|p2a: Dragonite|24\/100\n|-damage|p2b: Glimmora|76\/100\n|\n|-damage|p1a: Flutter Mane|72\/100 psn|[from] psn\n|upkeep\n|\n|t:|1683474937\n|switch|p1b: Meowscarada|Meowscarada, L50, F|100\/100\n|turn|3\n|\n|t:|1683474979\n|move|p1b: Meowscarada|Protect|p1b: Meowscarada\n|-singleturn|p1b: Meowscarada|Protect\n|move|p2a: Dragonite|Extreme Speed|p1b: Meowscarada\n|-activate|p1b: Meowscarada|move: Protect\n|move|p2b: Glimmora|Mortal Spin|p1a: Flutter Mane|[spread] p1a\n|-activate|p1b: Meowscarada|move: Protect\n|-damage|p1a: Flutter Mane|63\/100 psn\n|move|p1a: Flutter Mane|Dazzling Gleam|p2b: Glimmora|[spread] p2a,p2b\n|-resisted|p2b: Glimmora\n|-damage|p2a: Dragonite|0 fnt\n|-damage|p2b: Glimmora|51\/100\n|faint|p2a: Dragonite\n|\n|-damage|p1a: Flutter Mane|51\/100 psn|[from] psn\n|upkeep\n|\n|t:|1683474999\n|switch|p2a: Gyarados|Gyarados, L50, M, shiny|100\/100\n|-ability|p2a: Gyarados|Intimidate|boost\n|-unboost|p1a: Flutter Mane|atk|1\n|-unboost|p1b: Meowscarada|atk|1\n|turn|4\n|\n|t:|1683475022\n|move|p2b: Glimmora|Spiky Shield|p2b: Glimmora\n|-singleturn|p2b: Glimmora|move: Protect\n|move|p2a: Gyarados|Thunder Wave|p1b: Meowscarada\n|-status|p1b: Meowscarada|par\n|move|p1a: Flutter Mane|Dazzling Gleam|p2b: Glimmora|[spread] p2a\n|-activate|p2b: Glimmora|move: Protect\n|-damage|p2a: Gyarados|64\/100\n|cant|p1b: Meowscarada|par\n|\n|-damage|p1a: Flutter Mane|39\/100 psn|[from] psn\n|-sideend|p2: DonPasic|move: Tailwind\n|upkeep\n|turn|5\n|inactive|Battle timer is ON: inactive players will automatically lose when time's up. (requested by Wiglett7)\n|\n|t:|1683475061\n|move|p2a: Gyarados|Protect|p2a: Gyarados\n|-singleturn|p2a: Gyarados|Protect\n|move|p1a: Flutter Mane|Dazzling Gleam|p2b: Glimmora|[spread] p2b\n|-activate|p2a: Gyarados|move: Protect\n|-resisted|p2b: Glimmora\n|-damage|p2b: Glimmora|26\/100\n|move|p2b: Glimmora|Power Gem|p1a: Flutter Mane\n|-damage|p1a: Flutter Mane|0 fnt\n|faint|p1a: Flutter Mane\n|-end|p1a: Flutter Mane|Protosynthesis|[silent]\n|cant|p1b: Meowscarada|par\n|\n|upkeep\n|\n|t:|1683475075\n|switch|p1a: Palafin|Palafin-Hero, L50, M|100\/100\n|-activate|p1a: Palafin|ability: Zero to Hero\n|turn|6\n|inactive|DonPasic has 30 seconds left.\n|\n|t:|1683475102\n|move|p2b: Glimmora|Spiky Shield|p2b: Glimmora\n|-singleturn|p2b: Glimmora|move: Protect\n|move|p1a: Palafin|Jet Punch|p2b: Glimmora\n|-activate|p2b: Glimmora|move: Protect\n|-damage|p1a: Palafin|88\/100|[from] Spiky Shield|[of] p2b: Glimmora\n|move|p2a: Gyarados|Thunder Wave|p1a: Palafin\n|-status|p1a: Palafin|par\n|cant|p1b: Meowscarada|par\n|\n|upkeep\n|turn|7\n|inactive|DonPasic has 30 seconds left.\n|\n|t:|1683475135\n|switch|p2a: Flutter Mane|Flutter Mane, L50, shiny|100\/100\n|move|p1a: Palafin|Jet Punch|p2b: Glimmora\n|-supereffective|p2b: Glimmora\n|-damage|p2b: Glimmora|0 fnt\n|-activate|p2b: Glimmora|ability: Toxic Debris\n|-sidestart|p1: Wiglett7|move: Toxic Spikes\n|faint|p2b: Glimmora\n|move|p1b: Meowscarada|Flower Trick|p2a: Flutter Mane\n|-crit|p2a: Flutter Mane\n|-damage|p2a: Flutter Mane|10\/100\n|\n|upkeep\n|\n|t:|1683475148\n|switch|p2b: Gyarados|Gyarados, L50, M, shiny|64\/100\n|-ability|p2b: Gyarados|Intimidate|boost\n|-unboost|p1a: Palafin|atk|1\n|-unboost|p1b: Meowscarada|atk|1\n|turn|8\n|\n|t:|1683475168\n|move|p1b: Meowscarada|Sucker Punch|p2b: Gyarados\n|-damage|p2b: Gyarados|47\/100\n|cant|p1a: Palafin|par\n|move|p2a: Flutter Mane|Thunderbolt|p1a: Palafin\n|-supereffective|p1a: Palafin\n|-damage|p1a: Palafin|0 fnt\n|faint|p1a: Palafin\n|move|p2b: Gyarados|Waterfall|p1b: Meowscarada\n|-resisted|p1b: Meowscarada\n|-damage|p1b: Meowscarada|69\/100 par\n|\n|upkeep\n|turn|9\n|\n|t:|1683475187\n|move|p2a: Flutter Mane|Thunderbolt|p1b: Meowscarada\n|-resisted|p1b: Meowscarada\n|-damage|p1b: Meowscarada|36\/100 par\n|move|p2b: Gyarados|Waterfall|p1b: Meowscarada\n|-resisted|p1b: Meowscarada\n|-damage|p1b: Meowscarada|6\/100 par\n|move|p1b: Meowscarada|Flower Trick|p2b: Gyarados\n|-crit|p2b: Gyarados\n|-damage|p2b: Gyarados|0 fnt\n|faint|p2b: Gyarados\n|\n|upkeep\n|turn|10\n|\n|t:|1683475206\n|move|p1b: Meowscarada|Sucker Punch|p2a: Flutter Mane\n|-damage|p2a: Flutter Mane|0 fnt\n|faint|p2a: Flutter Mane\n|-end|p2a: Flutter Mane|Protosynthesis|[silent]\n|\n|win|Wiglett7\n|raw|Wiglett7's rating: 1196 → 1220<\/strong> (+24 for winning)\n|raw|DonPasic's rating: 1183 → 1159<\/strong> (-24 for losing)\n|l|\u2606DonPasic\n","uploadtime":1683475233,"views":6,"p1id":"wiglett7","p2id":"donpasic","formatid":"gen9vgc2023regulationc","rating":1159,"private":0,"password":""}