{"id":"gen9vgc2023regulationc-1851420240","p1":"saweaaaa","p2":"juliogu10","format":"[Gen 9] VGC 2023 Regulation C","log":"|j|\u203dsaweaaaa\n|j|\u2606juliogu10\n|t:|1682443676\n|gametype|doubles\n|player|p1|saweaaaa|giovanni|1330\n|player|p2|juliogu10|1|1433\n|teamsize|p1|6\n|teamsize|p2|6\n|gen|9\n|tier|[Gen 9] VGC 2023 Regulation C\n|rated|\n|rule|Species Clause: Limit one of each Pok\u00e9mon\n|rule|Item Clause: Limit one of each item\n|clearpoke\n|poke|p1|Tyranitar, L50, M|\n|poke|p1|Lycanroc, L50, F|\n|poke|p1|Dragonite, L50, M|\n|poke|p1|Chien-Pao, L50|\n|poke|p1|Gastrodon, L50, F|\n|poke|p1|Flutter Mane, L50|\n|poke|p2|Dragonite, L50, F|\n|poke|p2|Arcanine, L50, M|\n|poke|p2|Amoonguss, L50, F|\n|poke|p2|Chien-Pao, L50|\n|poke|p2|Flutter Mane, L50|\n|poke|p2|Palafin, L50, F|\n|teampreview|4\n|inactive|Battle timer is ON: inactive players will automatically lose when time's up. (requested by juliogu10)\n|inactive|juliogu10 has 60 seconds left.\n|inactive|juliogu10 has 30 seconds left.\n|inactive|juliogu10 has 20 seconds left.\n|inactive|juliogu10 has 15 seconds left.\n|inactive|juliogu10 has 10 seconds left.\n|inactive|juliogu10 has 5 seconds left.\n|\n|t:|1682443767\n|start\n|switch|p1a: Dragonite|Dragonite, L50, M|100\/100\n|switch|p1b: Chien-Pao|Chien-Pao, L50|100\/100\n|switch|p2a: Arcanine|Arcanine, L50, M, shiny|100\/100\n|switch|p2b: Flutter Mane|Flutter Mane, L50, shiny|100\/100\n|-ability|p1b: Chien-Pao|Sword of Ruin\n|-ability|p2a: Arcanine|Intimidate|boost\n|-fail|p1a: Dragonite|unboost|Attack|[from] ability: Inner Focus|[of] p1a: Dragonite\n|-unboost|p1b: Chien-Pao|atk|1\n|-enditem|p2b: Flutter Mane|Booster Energy\n|-activate|p2b: Flutter Mane|ability: Protosynthesis|[fromitem]\n|-start|p2b: Flutter Mane|protosynthesisspa\n|turn|1\n|inactive|saweaaaa has 30 seconds left.\n|inactive|saweaaaa has 20 seconds left.\n|inactive|saweaaaa has 15 seconds left.\n|inactive|saweaaaa has 10 seconds left.\n|\n|t:|1682443812\n|-terastallize|p1a: Dragonite|Normal\n|move|p2b: Flutter Mane|Protect|p2b: Flutter Mane\n|-singleturn|p2b: Flutter Mane|Protect\n|move|p1a: Dragonite|Extreme Speed|p2a: Arcanine\n|-damage|p2a: Arcanine|15\/100\n|move|p1b: Chien-Pao|Crunch|p2b: Flutter Mane\n|-activate|p2b: Flutter Mane|move: Protect\n|move|p2a: Arcanine|Will-O-Wisp|p1a: Dragonite\n|-status|p1a: Dragonite|brn\n|\n|-damage|p1a: Dragonite|95\/100 brn|[from] brn\n|upkeep\n|turn|2\n|inactive|saweaaaa has 30 seconds left.\n|inactive|juliogu10 has 30 seconds left.\n|inactive|saweaaaa has 20 seconds left.\n|inactive|saweaaaa has 15 seconds left.\n|inactive|saweaaaa has 10 seconds left.\n|inactive|saweaaaa has 5 seconds left.\n|\n|t:|1682443862\n|move|p2a: Arcanine|Extreme Speed|p1b: Chien-Pao\n|-damage|p1b: Chien-Pao|71\/100\n|move|p1a: Dragonite|Extreme Speed|p2a: Arcanine\n|-damage|p2a: Arcanine|0 fnt\n|faint|p2a: Arcanine\n|move|p1b: Chien-Pao|Crunch|p2b: Flutter Mane\n|-damage|p2b: Flutter Mane|52\/100\n|move|p2b: Flutter Mane|Dazzling Gleam|p1a: Dragonite|[spread] p1a,p1b\n|-supereffective|p1b: Chien-Pao\n|-damage|p1a: Dragonite|54\/100 brn\n|-damage|p1b: Chien-Pao|0 fnt\n|faint|p1b: Chien-Pao\n|\n|-damage|p1a: Dragonite|48\/100 brn|[from] brn\n|upkeep\n|\n|t:|1682443877\n|switch|p1b: Flutter Mane|Flutter Mane, L50|100\/100\n|switch|p2a: Dragonite|Dragonite, L50, F, shiny|100\/100\n|-enditem|p1b: Flutter Mane|Booster Energy\n|-activate|p1b: Flutter Mane|ability: Protosynthesis|[fromitem]\n|-start|p1b: Flutter Mane|protosynthesisspe\n|turn|3\n|inactive|juliogu10 has 30 seconds left.\n|inactive|juliogu10 has 20 seconds left.\n|inactive|juliogu10 has 15 seconds left.\n|inactive|juliogu10 has 10 seconds left.\n|inactive|juliogu10 has 5 seconds left.\n|\n|t:|1682443930\n|-terastallize|p2a: Dragonite|Normal\n|move|p2b: Flutter Mane|Protect|p2b: Flutter Mane\n|-singleturn|p2b: Flutter Mane|Protect\n|move|p1a: Dragonite|Extreme Speed|p2a: Dragonite\n|-damage|p2a: Dragonite|70\/100\n|move|p1b: Flutter Mane|Shadow Ball|p2b: Flutter Mane\n|-activate|p2b: Flutter Mane|move: Protect\n|move|p2a: Dragonite|Iron Head|p1b: Flutter Mane\n|-supereffective|p1b: Flutter Mane\n|-damage|p1b: Flutter Mane|0 fnt\n|faint|p1b: Flutter Mane\n|-end|p1b: Flutter Mane|Protosynthesis|[silent]\n|\n|-damage|p1a: Dragonite|42\/100 brn|[from] brn\n|upkeep\n|\n|t:|1682443940\n|switch|p1b: Gastrodon|Gastrodon, L50, F|100\/100\n|turn|4\n|\n|t:|1682443957\n|move|p1a: Dragonite|Extreme Speed|p2a: Dragonite\n|-damage|p2a: Dragonite|35\/100\n|move|p2b: Flutter Mane|Moonblast|p1b: Gastrodon\n|-damage|p1b: Gastrodon|47\/100\n|-unboost|p1b: Gastrodon|spa|1\n|move|p2a: Dragonite|Iron Head|p1a: Dragonite\n|-damage|p1a: Dragonite|0 fnt\n|faint|p1a: Dragonite\n|move|p1b: Gastrodon|Muddy Water|p2b: Flutter Mane|[spread] p2a,p2b\n|-damage|p2a: Dragonite|17\/100\n|-damage|p2b: Flutter Mane|37\/100\n|\n|-heal|p1b: Gastrodon|54\/100|[from] item: Leftovers\n|upkeep\n|turn|5\n|-message|saweaaaa forfeited.\n|\n|win|juliogu10\n|raw|saweaaaa's rating: 1330 → 1316<\/strong> (-14 for losing)\n|raw|juliogu10's rating: 1433 → 1447<\/strong> (+14 for winning)\n|l|\u203dsaweaaaa\n","uploadtime":1682443978,"views":6,"p1id":"saweaaaa","p2id":"juliogu10","formatid":"gen9vgc2023regulationc","rating":1316,"private":0,"password":""}