{"id":"gen9vgc2023regulationc-1847482522","p1":"Zzag","p2":"Lewlo","format":"[Gen 9] VGC 2023 Regulation C","log":"|j|\u2606Zzag\n|j|\u2606Lewlo\n|t:|1681960681\n|gametype|doubles\n|player|p1|Zzag|steven|1270\n|player|p2|Lewlo|pokemonbreeder-gen4|1337\n|teamsize|p1|6\n|teamsize|p2|6\n|gen|9\n|tier|[Gen 9] VGC 2023 Regulation C\n|rated|\n|rule|Species Clause: Limit one of each Pok\u00e9mon\n|rule|Item Clause: Limit one of each item\n|clearpoke\n|poke|p1|Arcanine, L50, M|\n|poke|p1|Amoonguss, L50, F|\n|poke|p1|Flutter Mane, L50|\n|poke|p1|Palafin, L50, M|\n|poke|p1|Ting-Lu, L50|\n|poke|p1|Kingambit, L50, F|\n|poke|p2|Azumarill, L50, M|\n|poke|p2|Arcanine, L50, F|\n|poke|p2|Flutter Mane, L50|\n|poke|p2|Amoonguss, L50, M|\n|poke|p2|Chien-Pao, L50|\n|poke|p2|Iron Hands, L50|\n|teampreview|4\n|inactive|Battle timer is ON: inactive players will automatically lose when time's up. (requested by Lewlo)\nLewlo has agreed to open team sheets.\nZzag has agreed to open team sheets.\n|inactive|Zzag has 60 seconds left.\n|inactive|Lewlo has 60 seconds left.\n|inactive|Zzag has 30 seconds left.\n|inactive|Lewlo has 30 seconds left.\n|\n|t:|1681960745\n|start\n|switch|p1a: Ting-Lu|Ting-Lu, L50|100\/100\n|switch|p1b: Palafin|Palafin, L50, M|100\/100\n|switch|p2a: Grabby Gabby|Iron Hands, L50|100\/100\n|switch|p2b: Amoonguss|Amoonguss, L50, M|100\/100\n|-ability|p1a: Ting-Lu|Vessel of Ruin\n|turn|1\n|inactive|Zzag has 30 seconds left.\n|inactive|Lewlo has 30 seconds left.\n|inactive|Zzag has 20 seconds left.\n|inactive|Zzag has 15 seconds left.\n|\n|t:|1681960788\n|detailschange|p1b: Palafin|Palafin-Hero, L50, M\n|switch|p1b: Arcanine|Arcanine, L50, M|100\/100\n|-ability|p1b: Arcanine|Intimidate|boost\n|-unboost|p2a: Grabby Gabby|atk|1\n|-unboost|p2b: Amoonguss|atk|1\n|move|p2a: Grabby Gabby|Drain Punch|p1a: Ting-Lu\n|-supereffective|p1a: Ting-Lu\n|-damage|p1a: Ting-Lu|69\/100\n|move|p1a: Ting-Lu|Stomping Tantrum|p2a: Grabby Gabby\n|-supereffective|p2a: Grabby Gabby\n|-damage|p2a: Grabby Gabby|55\/100\n|move|p2b: Amoonguss|Spore|p1a: Ting-Lu\n|-status|p1a: Ting-Lu|slp|[from] move: Spore\n|\n|upkeep\n|turn|2\n|inactive|Zzag has 30 seconds left.\n|inactive|Lewlo has 30 seconds left.\n|\n|t:|1681960821\n|-end|p2a: Grabby Gabby|Quark Drive|[silent]\n|switch|p2a: Flutter Mane|Flutter Mane, L50|100\/100\n|-enditem|p2a: Flutter Mane|Booster Energy\n|-activate|p2a: Flutter Mane|ability: Protosynthesis|[fromitem]\n|-start|p2a: Flutter Mane|protosynthesisspa\n|move|p1b: Arcanine|Will-O-Wisp|p2a: Flutter Mane|[miss]\n|-miss|p1b: Arcanine|p2a: Flutter Mane\n|cant|p1a: Ting-Lu|slp\n|move|p2b: Amoonguss|Pollen Puff|p1a: Ting-Lu\n|-supereffective|p1a: Ting-Lu\n|-damage|p1a: Ting-Lu|55\/100 slp\n|\n|upkeep\n|turn|3\n|inactive|Zzag has 30 seconds left.\n|\n|t:|1681960851\n|switch|p2b: Grabby Gabby|Iron Hands, L50|55\/100\n|move|p2a: Flutter Mane|Shadow Ball|p1b: Arcanine\n|-damage|p1b: Arcanine|56\/100\n|move|p1b: Arcanine|Howl|p1b: Arcanine|[spread] p1a,p1b\n|-boost|p1a: Ting-Lu|atk|1\n|-boost|p1b: Arcanine|atk|1\n|cant|p1a: Ting-Lu|slp\n|\n|upkeep\n|turn|4\n|\n|t:|1681960873\n|move|p2a: Flutter Mane|Shadow Ball|p1b: Arcanine\n|-damage|p1b: Arcanine|11\/100\n|move|p1b: Arcanine|Will-O-Wisp|p2b: Grabby Gabby|[miss]\n|-miss|p1b: Arcanine|p2b: Grabby Gabby\n|move|p2b: Grabby Gabby|Drain Punch|p1a: Ting-Lu\n|-supereffective|p1a: Ting-Lu\n|-damage|p1a: Ting-Lu|2\/100 slp\n|-heal|p2b: Grabby Gabby|84\/100|[from] drain|[of] p1a: Ting-Lu\n|cant|p1a: Ting-Lu|slp\n|\n|upkeep\n|turn|5\n|c|\u2606Zzag|holy hax\n|c|\u2606Zzag|or not hax\n|c|\u2606Lewlo|?\n|c|\u2606Zzag|just bad luck\n|inactive|Zzag has 30 seconds left.\n|c|\u2606Zzag|will o miss\n|c|\u2606Lewlo|Ah\n|c|\u2606Lewlo|It be like that\n|inactive|Zzag has 20 seconds left.\n|\n|t:|1681960913\n|move|p2a: Flutter Mane|Dazzling Gleam|p1b: Arcanine|[spread] p1a,p1b\n|-supereffective|p1a: Ting-Lu\n|-resisted|p1b: Arcanine\n|-damage|p1a: Ting-Lu|0 fnt\n|-damage|p1b: Arcanine|0 fnt\n|faint|p1a: Ting-Lu\n|faint|p1b: Arcanine\n|move|p2b: Grabby Gabby|Drain Punch|p1: Ting-Lu|[notarget]\n|-fail|p2b: Grabby Gabby\n|\n|upkeep\n|c|\u2606Lewlo|That old Aaron Yang\n|c|\u2606Zzag|lol\n|\n|t:|1681960933\n|switch|p1b: Palafin|Palafin-Hero, L50, M|100\/100\n|switch|p1a: Amoonguss|Amoonguss, L50, F, shiny|100\/100\n|-activate|p1b: Palafin|ability: Zero to Hero\n|turn|6\n|\n|t:|1681960956\n|-end|p2b: Grabby Gabby|Quark Drive|[silent]\n|switch|p2b: Amoonguss|Amoonguss, L50, M|100\/100\n|move|p1b: Palafin|Protect|p1b: Palafin\n|-singleturn|p1b: Palafin|Protect\n|move|p2a: Flutter Mane|Perish Song|p2a: Flutter Mane\n|-start|p1a: Amoonguss|perish3|[silent]\n|-start|p1b: Palafin|perish3|[silent]\n|-start|p2a: Flutter Mane|perish3|[silent]\n|-start|p2b: Amoonguss|perish3|[silent]\n|-fieldactivate|move: Perish Song\n|move|p1a: Amoonguss|Spore|p2a: Flutter Mane\n|-status|p2a: Flutter Mane|slp|[from] move: Spore\n|\n|-start|p2a: Flutter Mane|perish3\n|-start|p1b: Palafin|perish3\n|-start|p1a: Amoonguss|perish3\n|-start|p2b: Amoonguss|perish3\n|upkeep\n|turn|7\n|-message|Zzag forfeited.\n|\n|win|Lewlo\n|raw|Zzag's rating: 1270 → 1250<\/strong> (-20 for losing)\n|raw|Lewlo's rating: 1337 → 1353<\/strong> (+16 for winning)\n|l|\u2606Zzag\n","uploadtime":1681961220,"views":8,"p1id":"zzag","p2id":"lewlo","formatid":"gen9vgc2023regulationc","rating":1250,"private":0,"password":""}