{"id":"gen9vgc2023regulationc-1857976569","p1":"Ko9mar0","p2":"CH4NGE","format":"[Gen 9] VGC 2023 Regulation C","log":"|j|\u2606Ko9mar0\n|j|\u2606CH4NGE\n|t:|1683254798\n|gametype|doubles\n|player|p1|Ko9mar0|102|1331\n|player|p2|CH4NGE|lady|1344\n|teamsize|p1|6\n|teamsize|p2|6\n|gen|9\n|tier|[Gen 9] VGC 2023 Regulation C\n|rated|\n|rule|Species Clause: Limit one of each Pok\u00e9mon\n|rule|Item Clause: Limit one of each item\n|clearpoke\n|poke|p1|Murkrow, L50, M|\n|poke|p1|Great Tusk, L50|\n|poke|p1|Gholdengo, L50|\n|poke|p1|Flutter Mane, L50|\n|poke|p1|Chi-Yu, L50|\n|poke|p1|Iron Bundle, L50|\n|poke|p2|Flutter Mane, L50|\n|poke|p2|Arcanine, L50, F|\n|poke|p2|Palafin, L50, M|\n|poke|p2|Amoonguss, L50, F|\n|poke|p2|Dragonite, L50, M|\n|poke|p2|Ting-Lu, L50|\n|teampreview|4\n|inactive|Battle timer is ON: inactive players will automatically lose when time's up. (requested by Ko9mar0)\nCH4NGE has agreed to open team sheets.\n|inactive|Ko9mar0 has 60 seconds left.\n|inactive|CH4NGE has 60 seconds left.\n|j| orage622\n|\n|t:|1683254842\n|start\n|switch|p1a: Murkrow|Murkrow, L50, M|100\/100\n|switch|p1b: Great Tusk|Great Tusk, L50|100\/100\n|switch|p2a: Ting-Lu|Ting-Lu, L50|100\/100\n|switch|p2b: Dragonite|Dragonite, L50, M|100\/100\n|-ability|p2a: Ting-Lu|Vessel of Ruin\n|turn|1\n|inactive|Ko9mar0 has 30 seconds left.\n|inactive|CH4NGE has 30 seconds left.\n|\n|t:|1683254870\n|-terastallize|p2a: Ting-Lu|Poison\n|move|p1a: Murkrow|Sunny Day|p1a: Murkrow\n|-weather|SunnyDay\n|-activate|p1b: Great Tusk|ability: Protosynthesis\n|-start|p1b: Great Tusk|protosynthesisatk\n|move|p1b: Great Tusk|Close Combat|p2a: Ting-Lu\n|-resisted|p2a: Ting-Lu\n|-damage|p2a: Ting-Lu|72\/100\n|-unboost|p1b: Great Tusk|def|1\n|-unboost|p1b: Great Tusk|spd|1\n|move|p2b: Dragonite|Tailwind|p2b: Dragonite\n|-sidestart|p2: CH4NGE|move: Tailwind\n|move|p2a: Ting-Lu|Stomping Tantrum|p1b: Great Tusk\n|-damage|p1b: Great Tusk|56\/100\n|\n|-weather|SunnyDay|[upkeep]\n|upkeep\n|turn|2\n|inactive|CH4NGE has 30 seconds left.\n|inactive|CH4NGE has 20 seconds left.\n|inactive|CH4NGE has 15 seconds left.\n|\n|t:|1683254914\n|move|p1a: Murkrow|Tailwind|p1a: Murkrow\n|-sidestart|p1: Ko9mar0|move: Tailwind\n|move|p1b: Great Tusk|Headlong Rush|p2a: Ting-Lu\n|-supereffective|p2a: Ting-Lu\n|-damage|p2a: Ting-Lu|0 fnt\n|-unboost|p1b: Great Tusk|def|1\n|-unboost|p1b: Great Tusk|spd|1\n|faint|p2a: Ting-Lu\n|move|p2b: Dragonite|Aerial Ace|p1b: Great Tusk\n|-supereffective|p1b: Great Tusk\n|-crit|p1b: Great Tusk\n|-damage|p1b: Great Tusk|0 fnt\n|faint|p1b: Great Tusk\n|-end|p1b: Great Tusk|Protosynthesis|[silent]\n|\n|-weather|SunnyDay|[upkeep]\n|upkeep\n|\n|t:|1683254930\n|switch|p1b: Iron Bundle|Iron Bundle, L50|100\/100\n|switch|p2a: Flutter Mane|Flutter Mane, L50|100\/100\n|-activate|p2a: Flutter Mane|ability: Protosynthesis\n|-start|p2a: Flutter Mane|protosynthesisspe\n|-enditem|p1b: Iron Bundle|Booster Energy\n|-activate|p1b: Iron Bundle|ability: Quark Drive|[fromitem]\n|-start|p1b: Iron Bundle|quarkdrivespe\n|turn|3\n|inactive|Ko9mar0 has 30 seconds left.\n|\n|t:|1683254962\n|move|p1b: Iron Bundle|Protect|p1b: Iron Bundle\n|-singleturn|p1b: Iron Bundle|Protect\n|move|p2b: Dragonite|Extreme Speed|p1b: Iron Bundle\n|-activate|p1b: Iron Bundle|move: Protect\n|move|p2a: Flutter Mane|Dazzling Gleam|p1b: Iron Bundle|[spread] p1a\n|-activate|p1b: Iron Bundle|move: Protect\n|-supereffective|p1a: Murkrow\n|-damage|p1a: Murkrow|9\/100\n|move|p1a: Murkrow|Foul Play|p2b: Dragonite\n|-damage|p2b: Dragonite|73\/100\n|\n|-weather|SunnyDay|[upkeep]\n|upkeep\n|turn|4\n|inactive|Ko9mar0 has 30 seconds left.\n|\n|t:|1683254996\n|switch|p2b: Palafin|Palafin, L50, M|100\/100\n|move|p1b: Iron Bundle|Freeze-Dry|p2b: Palafin\n|-supereffective|p2b: Palafin\n|-damage|p2b: Palafin|18\/100\n|move|p2a: Flutter Mane|Dazzling Gleam|p1a: Murkrow|[spread] p1a,p1b\n|-supereffective|p1a: Murkrow\n|-damage|p1a: Murkrow|0 fnt\n|-damage|p1b: Iron Bundle|17\/100\n|faint|p1a: Murkrow\n|\n|-weather|SunnyDay|[upkeep]\n|-sideend|p2: CH4NGE|move: Tailwind\n|upkeep\n|\n|t:|1683255009\n|switch|p1a: Chi-Yu|Chi-Yu, L50|100\/100\n|-ability|p1a: Chi-Yu|Beads of Ruin\n|turn|5\n|\n|t:|1683255024\n|detailschange|p2b: Palafin|Palafin-Hero, L50, M\n|switch|p2b: Dragonite|Dragonite, L50, M|73\/100\n|-terastallize|p1a: Chi-Yu|Grass\n|move|p1b: Iron Bundle|Protect|p1b: Iron Bundle\n|-singleturn|p1b: Iron Bundle|Protect\n|move|p1a: Chi-Yu|Flamethrower|p2a: Flutter Mane\n|-damage|p2a: Flutter Mane|0 fnt\n|faint|p2a: Flutter Mane\n|-end|p2a: Flutter Mane|Protosynthesis|[silent]\n|\n|-weather|none\n|-sideend|p1: Ko9mar0|move: Tailwind\n|upkeep\n|\n|t:|1683255033\n|switch|p2a: Palafin|Palafin-Hero, L50, M|18\/100\n|-activate|p2a: Palafin|ability: Zero to Hero\n|turn|6\n|\n|t:|1683255056\n|move|p1b: Iron Bundle|Protect|p1b: Iron Bundle\n|-singleturn|p1b: Iron Bundle|Protect\n|move|p2a: Palafin|Jet Punch|p1b: Iron Bundle\n|-activate|p1b: Iron Bundle|move: Protect\n|move|p1a: Chi-Yu|Dark Pulse|p2b: Dragonite\n|-damage|p2b: Dragonite|16\/100\n|move|p2b: Dragonite|Aerial Ace|p1a: Chi-Yu\n|-supereffective|p1a: Chi-Yu\n|-enditem|p1a: Chi-Yu|Focus Sash\n|-damage|p1a: Chi-Yu|1\/100\n|\n|upkeep\n|turn|7\n|\n|t:|1683255070\n|move|p1a: Chi-Yu|Protect|p1a: Chi-Yu\n|-singleturn|p1a: Chi-Yu|Protect\n|move|p2b: Dragonite|Extreme Speed|p1b: Iron Bundle\n|-damage|p1b: Iron Bundle|0 fnt\n|faint|p1b: Iron Bundle\n|-end|p1b: Iron Bundle|Quark Drive|[silent]\n|move|p2a: Palafin|Jet Punch|p1a: Chi-Yu\n|-activate|p1a: Chi-Yu|move: Protect\n|\n|upkeep\n|turn|8\n|\n|t:|1683255083\n|move|p2b: Dragonite|Extreme Speed|p1a: Chi-Yu\n|-damage|p1a: Chi-Yu|0 fnt\n|faint|p1a: Chi-Yu\n|\n|win|CH4NGE\n|raw|Ko9mar0's rating: 1331 → 1312<\/strong> (-19 for losing)\n|raw|CH4NGE's rating: 1344 → 1363<\/strong> (+19 for winning)\n|l|\u2606Ko9mar0\n|l| orage622\n","uploadtime":1683255185,"views":4,"p1id":"ko9mar0","p2id":"ch4nge","formatid":"gen9vgc2023regulationc","rating":1312,"private":0,"password":""}