{"id":"gen9vgc2023regulationc-1854808070","p1":"show me the tarfax","p2":"FiloX36","format":"[Gen 9] VGC 2023 Regulation C","log":"|j|\u2606show me the tarfax\n|j|\u2606FiloX36\n|t:|1682868471\n|gametype|doubles\n|player|p1|show me the tarfax|roughneck|1200\n|player|p2|FiloX36|265|1203\n|teamsize|p1|6\n|teamsize|p2|6\n|gen|9\n|tier|[Gen 9] VGC 2023 Regulation C\n|rated|\n|rule|Species Clause: Limit one of each Pok\u00e9mon\n|rule|Item Clause: Limit one of each item\n|clearpoke\n|poke|p1|Arcanine, L50, F|\n|poke|p1|Iron Bundle, L50|\n|poke|p1|Garganacl, L50, F|\n|poke|p1|Ting-Lu, L50|\n|poke|p1|Roaring Moon, L50|\n|poke|p1|Amoonguss, L50, F|\n|poke|p2|Chien-Pao, L50|\n|poke|p2|Flutter Mane, L50|\n|poke|p2|Great Tusk, L50|\n|poke|p2|Dragonite, L50, M|\n|poke|p2|Gyarados, L50, M|\n|poke|p2|Kingambit, L50, M|\n|teampreview|4\nshow me the tarfax has agreed to open team sheets.\n|\n|t:|1682868516\n|start\n|switch|p1a: Arcanine|Arcanine, L50, F|100\/100\n|switch|p1b: Garganacl|Garganacl, L50, F|100\/100\n|switch|p2a: Kingambit|Kingambit, L50, M, shiny|100\/100\n|switch|p2b: Chien-Pao|Chien-Pao, L50|100\/100\n|-ability|p2b: Chien-Pao|Sword of Ruin\n|-ability|p1a: Arcanine|Intimidate|boost\n|-unboost|p2a: Kingambit|atk|1\n|-ability|p2a: Kingambit|Defiant|boost\n|-boost|p2a: Kingambit|atk|2\n|-unboost|p2b: Chien-Pao|atk|1\n|turn|1\n|\n|t:|1682868559\n|move|p2b: Chien-Pao|Sacred Sword|p1b: Garganacl\n|-supereffective|p1b: Garganacl\n|-damage|p1b: Garganacl|68\/100\n|move|p1a: Arcanine|Will-O-Wisp|p2a: Kingambit\n|-status|p2a: Kingambit|brn\n|move|p2a: Kingambit|Iron Head|p1b: Garganacl\n|-supereffective|p1b: Garganacl\n|-damage|p1b: Garganacl|11\/100\n|move|p1b: Garganacl|Salt Cure|p2a: Kingambit\n|-resisted|p2a: Kingambit\n|-damage|p2a: Kingambit|93\/100 brn\n|-start|p2a: Kingambit|Salt Cure\n|\n|-heal|p1b: Garganacl|16\/100|[from] item: Leftovers\n|-damage|p2a: Kingambit|87\/100 brn|[from] brn\n|-damage|p2a: Kingambit|62\/100 brn|[from] Salt Cure\n|upkeep\n|turn|2\n|\n|t:|1682868595\n|move|p1b: Garganacl|Protect|p1b: Garganacl\n|-singleturn|p1b: Garganacl|Protect\n|move|p2b: Chien-Pao|Sacred Sword|p1a: Arcanine\n|-damage|p1a: Arcanine|75\/100\n|move|p1a: Arcanine|Flare Blitz|p2a: Kingambit\n|-supereffective|p2a: Kingambit\n|-damage|p2a: Kingambit|0 fnt\n|faint|p2a: Kingambit\n|-damage|p1a: Arcanine|53\/100|[from] Recoil\n|\n|-heal|p1b: Garganacl|22\/100|[from] item: Leftovers\n|upkeep\n|\n|t:|1682868607\n|switch|p2a: Great Tusk|Great Tusk, L50, shiny|100\/100\n|turn|3\n|\n|t:|1682868640\n|move|p2b: Chien-Pao|Protect|p2b: Chien-Pao\n|-singleturn|p2b: Chien-Pao|Protect\n|move|p1b: Garganacl|Wide Guard|p1b: Garganacl\n|-singleturn|p1b: Garganacl|Wide Guard\n|move|p1a: Arcanine|Extreme Speed|p2b: Chien-Pao\n|-activate|p2b: Chien-Pao|move: Protect\n|move|p2a: Great Tusk|Earthquake|p1b: Garganacl|[spread] \n|-activate|p1a: Arcanine|move: Wide Guard\n|-activate|p1b: Garganacl|move: Wide Guard\n|-activate|p2b: Chien-Pao|move: Protect\n|\n|-heal|p1b: Garganacl|28\/100|[from] item: Leftovers\n|upkeep\n|turn|4\n|\n|t:|1682868660\n|switch|p2b: Gyarados|Gyarados, L50, M, shiny|100\/100\n|-ability|p2b: Gyarados|Intimidate|boost\n|-unboost|p1a: Arcanine|atk|1\n|-unboost|p1b: Garganacl|atk|1\n|move|p1a: Arcanine|Extreme Speed|p2b: Gyarados\n|-damage|p2b: Gyarados|88\/100\n|move|p2a: Great Tusk|Earthquake|p1b: Garganacl|[spread] p1a,p1b\n|-immune|p2b: Gyarados\n|-supereffective|p1a: Arcanine\n|-supereffective|p1b: Garganacl\n|-damage|p1a: Arcanine|0 fnt\n|-damage|p1b: Garganacl|0 fnt\n|faint|p1a: Arcanine\n|faint|p1b: Garganacl\n|\n|upkeep\n|\n|t:|1682868668\n|switch|p1a: Amoonguss|Amoonguss, L50, F|100\/100\n|switch|p1b: Roaring Moon|Roaring Moon, L50|100\/100\n|-enditem|p1b: Roaring Moon|Booster Energy\n|-activate|p1b: Roaring Moon|ability: Protosynthesis|[fromitem]\n|-start|p1b: Roaring Moon|protosynthesisatk\n|turn|5\n|\n|t:|1682868687\n|-terastallize|p1b: Roaring Moon|Flying\n|move|p2a: Great Tusk|Earthquake|p1b: Roaring Moon|[spread] p1a\n|-immune|p2b: Gyarados\n|-immune|p1b: Roaring Moon\n|-damage|p1a: Amoonguss|66\/100\n|move|p1b: Roaring Moon|Acrobatics|p2a: Great Tusk\n|-supereffective|p2a: Great Tusk\n|-damage|p2a: Great Tusk|0 fnt\n|faint|p2a: Great Tusk\n|-end|p2a: Great Tusk|Protosynthesis|[silent]\n|move|p2b: Gyarados|Taunt|p1a: Amoonguss\n|-start|p1a: Amoonguss|move: Taunt\n|cant|p1a: Amoonguss|move: Taunt|Spore\n|\n|upkeep\n|\n|t:|1682868699\n|switch|p2a: Chien-Pao|Chien-Pao, L50|100\/100\n|-ability|p2a: Chien-Pao|Sword of Ruin\n|turn|6\n|\n|t:|1682868720\n|move|p2a: Chien-Pao|Protect|p2a: Chien-Pao\n|-singleturn|p2a: Chien-Pao|Protect\n|move|p1b: Roaring Moon|Breaking Swipe|p2b: Gyarados|[spread] p2b\n|-activate|p2a: Chien-Pao|move: Protect\n|-damage|p2b: Gyarados|45\/100\n|-unboost|p2b: Gyarados|atk|1\n|move|p2b: Gyarados|Waterfall|p1b: Roaring Moon\n|-damage|p1b: Roaring Moon|62\/100\n|move|p1a: Amoonguss|Pollen Puff|p1b: Roaring Moon\n|-heal|p1b: Roaring Moon|100\/100\n|\n|upkeep\n|turn|7\n|\n|t:|1682868736\n|move|p2a: Chien-Pao|Ice Spinner|p1b: Roaring Moon\n|-supereffective|p1b: Roaring Moon\n|-damage|p1b: Roaring Moon|0 fnt\n|faint|p1b: Roaring Moon\n|-end|p1b: Roaring Moon|Protosynthesis|[silent]\n|move|p2b: Gyarados|Thunder Wave|p1a: Amoonguss\n|-status|p1a: Amoonguss|par\n|move|p1a: Amoonguss|Pollen Puff|p2a: Chien-Pao\n|-supereffective|p2a: Chien-Pao\n|-damage|p2a: Chien-Pao|44\/100\n|\n|-end|p1a: Amoonguss|move: Taunt\n|upkeep\n|turn|8\n|\n|t:|1682868751\n|move|p2a: Chien-Pao|Ice Spinner|p1a: Amoonguss\n|-supereffective|p1a: Amoonguss\n|-damage|p1a: Amoonguss|0 fnt\n|-damage|p2a: Chien-Pao|27\/100|[from] item: Rocky Helmet|[of] p1a: Amoonguss\n|faint|p1a: Amoonguss\n|\n|win|FiloX36\n|raw|show me the tarfax's rating: 1200 → 1175<\/strong> (-25 for losing)\n|raw|FiloX36's rating: 1203 → 1228<\/strong> (+25 for winning)\n|l|\u2606show me the tarfax\n|l|\u2606FiloX36\n|j|\u2606show me the tarfax\n|player|p1|show me the tarfax|roughneck\n","uploadtime":1682868767,"views":16,"p1id":"showmethetarfax","p2id":"filox36","formatid":"gen9vgc2023regulationc","rating":1175,"private":0,"password":""}