{"id":"gen9vgc2023regulationc-1847917382","p1":"Hadrian1917","p2":"fizzywizzyglizzy","format":"[Gen 9] VGC 2023 Regulation C","log":"|j|\u2606Hadrian1917\n|j|\u2606fizzywizzyglizzy\n|t:|1682012527\n|gametype|doubles\n|player|p1|Hadrian1917|brock|1328\n|player|p2|fizzywizzyglizzy|265|1303\n|teamsize|p1|6\n|teamsize|p2|6\n|gen|9\n|tier|[Gen 9] VGC 2023 Regulation C\n|rated|\n|rule|Species Clause: Limit one of each Pok\u00e9mon\n|rule|Item Clause: Limit one of each item\n|clearpoke\n|poke|p1|Flutter Mane, L50|\n|poke|p1|Arcanine, L50, F|\n|poke|p1|Baxcalibur, L50, F|\n|poke|p1|Ting-Lu, L50|\n|poke|p1|Gyarados, L50, M|\n|poke|p1|Amoonguss, L50, F|\n|poke|p2|Arcanine, L50, M|\n|poke|p2|Palafin, L50, M|\n|poke|p2|Kingambit, L50, F|\n|poke|p2|Garganacl, L50, M|\n|poke|p2|Flutter Mane, L50|\n|poke|p2|Amoonguss, L50, F|\n|teampreview|4\n|inactive|Battle timer is ON: inactive players will automatically lose when time's up. (requested by fizzywizzyglizzy)\n|\n|t:|1682012557\n|start\n|switch|p1a: Ting-Lu|Ting-Lu, L50|100\/100\n|switch|p1b: Amoonguss|Amoonguss, L50, F|100\/100\n|switch|p2a: Palafin|Palafin, L50, M|100\/100\n|switch|p2b: Garganacl|Garganacl, L50, M, shiny|100\/100\n|-ability|p1a: Ting-Lu|Vessel of Ruin\n|turn|1\n|\n|t:|1682012578\n|detailschange|p2a: Palafin|Palafin-Hero, L50, M\n|switch|p2a: Arcanine|Arcanine, L50, M|100\/100\n|-ability|p2a: Arcanine|Intimidate|boost\n|-unboost|p1a: Ting-Lu|atk|1\n|-unboost|p1b: Amoonguss|atk|1\n|move|p1a: Ting-Lu|Fissure|p2b: Garganacl|[miss]\n|-miss|p1a: Ting-Lu|p2b: Garganacl\n|move|p2b: Garganacl|Salt Cure|p1b: Amoonguss\n|-damage|p1b: Amoonguss|89\/100\n|-start|p1b: Amoonguss|Salt Cure\n|move|p1b: Amoonguss|Spore|p2a: Arcanine\n|-activate|p2a: Arcanine|item: Safety Goggles|Spore\n|\n|-damage|p1b: Amoonguss|77\/100|[from] Salt Cure\n|upkeep\n|turn|2\n|\n|t:|1682012596\n|switch|p1b: Gyarados|Gyarados, L50, M|100\/100\n|-ability|p1b: Gyarados|Intimidate|boost\n|-unboost|p2a: Arcanine|atk|1\n|-unboost|p2b: Garganacl|atk|1\n|move|p2a: Arcanine|Flare Blitz|p1b: Gyarados\n|-resisted|p1b: Gyarados\n|-damage|p1b: Gyarados|87\/100\n|-damage|p2a: Arcanine|96\/100|[from] Recoil\n|move|p1a: Ting-Lu|Fissure|p2b: Garganacl|[miss]\n|-miss|p1a: Ting-Lu|p2b: Garganacl\n|move|p2b: Garganacl|Salt Cure|p1a: Ting-Lu\n|-resisted|p1a: Ting-Lu\n|-damage|p1a: Ting-Lu|98\/100\n|-start|p1a: Ting-Lu|Salt Cure\n|\n|-damage|p1a: Ting-Lu|86\/100|[from] Salt Cure\n|upkeep\n|turn|3\n|inactive|fizzywizzyglizzy has 30 seconds left.\n|\n|t:|1682012626\n|move|p1b: Gyarados|Protect|p1b: Gyarados\n|-singleturn|p1b: Gyarados|Protect\n|move|p2b: Garganacl|Protect|p2b: Garganacl\n|-singleturn|p2b: Garganacl|Protect\n|move|p2a: Arcanine|Will-O-Wisp|p1b: Gyarados\n|-activate|p1b: Gyarados|move: Protect\n|move|p1a: Ting-Lu|Fissure|p2b: Garganacl\n|-activate|p2b: Garganacl|move: Protect\n|\n|-damage|p1a: Ting-Lu|74\/100|[from] Salt Cure\n|upkeep\n|turn|4\n|\n|t:|1682012647\n|switch|p1b: Flutter Mane|Flutter Mane, L50|100\/100\n|move|p2a: Arcanine|Will-O-Wisp|p1b: Flutter Mane\n|-status|p1b: Flutter Mane|brn\n|move|p1a: Ting-Lu|Fissure|p2b: Garganacl\n|-damage|p2b: Garganacl|0 fnt\n|faint|p2b: Garganacl\n|-ohko\n|\n|-damage|p1b: Flutter Mane|95\/100 brn|[from] brn\n|-damage|p1a: Ting-Lu|62\/100|[from] Salt Cure\n|upkeep\n|\n|t:|1682012664\n|switch|p2b: Palafin|Palafin-Hero, L50, M|100\/100\n|-activate|p2b: Palafin|ability: Zero to Hero\n|turn|5\n|\n|t:|1682012672\n|switch|p1a: Gyarados|Gyarados, L50, M|87\/100\n|-ability|p1a: Gyarados|Intimidate|boost\n|-unboost|p2a: Arcanine|atk|1\n|-unboost|p2b: Palafin|atk|1\n|move|p2b: Palafin|Protect|p2b: Palafin\n|-singleturn|p2b: Palafin|Protect\n|move|p1b: Flutter Mane|Thunderbolt|p2b: Palafin\n|-activate|p2b: Palafin|move: Protect\n|move|p2a: Arcanine|Howl|p2a: Arcanine|[spread] p2a,p2b\n|-boost|p2a: Arcanine|atk|1\n|-boost|p2b: Palafin|atk|1\n|\n|-damage|p1b: Flutter Mane|89\/100 brn|[from] brn\n|upkeep\n|turn|6\n|inactive|fizzywizzyglizzy has 30 seconds left.\n|\n|t:|1682012701\n|-end|p1b: Flutter Mane|Protosynthesis|[silent]\n|switch|p1b: Amoonguss|Amoonguss, L50, F|100\/100\n|-terastallize|p2b: Palafin|Water\n|move|p2b: Palafin|Protect||[still]\n|-fail|p2b: Palafin\n|move|p2a: Arcanine|Will-O-Wisp|p1a: Gyarados\n|-status|p1a: Gyarados|brn\n|move|p1a: Gyarados|Thunder Wave|p2a: Arcanine\n|-status|p2a: Arcanine|par\n|\n|-damage|p1a: Gyarados|81\/100 brn|[from] brn\n|upkeep\n|turn|7\n|inactive|Hadrian1917 has 30 seconds left.\n|\n|t:|1682012729\n|move|p1b: Amoonguss|Protect|p1b: Amoonguss\n|-singleturn|p1b: Amoonguss|Protect\n|move|p2b: Palafin|Wave Crash|p1b: Amoonguss\n|-activate|p1b: Amoonguss|move: Protect\n|move|p1a: Gyarados|Thunder Wave|p2b: Palafin\n|-status|p2b: Palafin|par\n|move|p2a: Arcanine|Flare Blitz|p1b: Amoonguss\n|-activate|p1b: Amoonguss|move: Protect\n|\n|-damage|p1a: Gyarados|75\/100 brn|[from] brn\n|upkeep\n|turn|8\n|inactive|Hadrian1917 has 30 seconds left.\n|\n|t:|1682012761\n|switch|p1a: Ting-Lu|Ting-Lu, L50|62\/100\n|-ability|p1a: Ting-Lu|Vessel of Ruin\n|cant|p2b: Palafin|par\n|move|p2a: Arcanine|Flare Blitz|p1b: Amoonguss\n|-supereffective|p1b: Amoonguss\n|-damage|p1b: Amoonguss|54\/100\n|-damage|p2a: Arcanine|80\/100 par|[from] item: Rocky Helmet|[of] p1b: Amoonguss\n|-damage|p2a: Arcanine|62\/100 par|[from] Recoil\n|move|p1b: Amoonguss|Pollen Puff|p1a: Ting-Lu\n|-heal|p1a: Ting-Lu|100\/100\n|\n|upkeep\n|turn|9\n|\n|t:|1682012780\n|switch|p1b: Gyarados|Gyarados, L50, M|75\/100 brn\n|-ability|p1b: Gyarados|Intimidate|boost\n|-unboost|p2a: Arcanine|atk|1\n|-unboost|p2b: Palafin|atk|1\n|move|p1a: Ting-Lu|Fissure|p2a: Arcanine|[miss]\n|-miss|p1a: Ting-Lu|p2a: Arcanine\n|move|p2b: Palafin|Wave Crash|p1a: Ting-Lu\n|-supereffective|p1a: Ting-Lu\n|-damage|p1a: Ting-Lu|10\/100\n|-damage|p2b: Palafin|65\/100 par|[from] Recoil\n|cant|p2a: Arcanine|par\n|\n|-damage|p1b: Gyarados|69\/100 brn|[from] brn\n|upkeep\n|turn|10\n|\n|t:|1682012805\n|switch|p1b: Amoonguss|Amoonguss, L50, F|87\/100\n|move|p2b: Palafin|Jet Punch|p1a: Ting-Lu\n|-supereffective|p1a: Ting-Lu\n|-damage|p1a: Ting-Lu|0 fnt\n|faint|p1a: Ting-Lu\n|move|p2a: Arcanine|Howl|p2a: Arcanine|[spread] p2a,p2b\n|-boost|p2a: Arcanine|atk|1\n|-boost|p2b: Palafin|atk|1\n|\n|upkeep\n|\n|t:|1682012813\n|switch|p1a: Gyarados|Gyarados, L50, M|69\/100 brn\n|-ability|p1a: Gyarados|Intimidate|boost\n|-unboost|p2a: Arcanine|atk|1\n|-unboost|p2b: Palafin|atk|1\n|turn|11\n|\n|t:|1682012832\n|move|p1a: Gyarados|Waterfall|p2a: Arcanine\n|-supereffective|p2a: Arcanine\n|-damage|p2a: Arcanine|28\/100 par\n|move|p2b: Palafin|Haze|p2b: Palafin\n|-clearallboost\n|move|p2a: Arcanine|Will-O-Wisp|p1b: Amoonguss|[miss]\n|-miss|p2a: Arcanine|p1b: Amoonguss\n|move|p1b: Amoonguss|Pollen Puff|p1a: Gyarados\n|-heal|p1a: Gyarados|100\/100 brn\n|\n|-damage|p1a: Gyarados|94\/100 brn|[from] brn\n|upkeep\n|turn|12\n|\n|t:|1682012857\n|move|p2a: Arcanine|Protect|p2a: Arcanine\n|-singleturn|p2a: Arcanine|Protect\n|move|p1b: Amoonguss|Protect|p1b: Amoonguss\n|-singleturn|p1b: Amoonguss|Protect\n|move|p1a: Gyarados|Waterfall|p2a: Arcanine\n|-activate|p2a: Arcanine|move: Protect\n|move|p2b: Palafin|Wave Crash|p1b: Amoonguss\n|-activate|p1b: Amoonguss|move: Protect\n|\n|-damage|p1a: Gyarados|88\/100 brn|[from] brn\n|upkeep\n|turn|13\n|inactive|Hadrian1917 has 30 seconds left.\n|\n|t:|1682012883\n|switch|p1a: Flutter Mane|Flutter Mane, L50|89\/100 brn\n|move|p2b: Palafin|Wave Crash|p1b: Amoonguss\n|-resisted|p1b: Amoonguss\n|-damage|p1b: Amoonguss|40\/100\n|-damage|p2b: Palafin|49\/100 par|[from] item: Rocky Helmet|[of] p1b: Amoonguss\n|-damage|p2b: Palafin|32\/100 par|[from] Recoil\n|move|p2a: Arcanine|Howl|p2a: Arcanine|[spread] p2a,p2b\n|-boost|p2a: Arcanine|atk|1\n|-boost|p2b: Palafin|atk|1\n|move|p1b: Amoonguss|Pollen Puff|p1a: Flutter Mane\n|-heal|p1a: Flutter Mane|100\/100 brn\n|\n|-damage|p1a: Flutter Mane|95\/100 brn|[from] brn\n|upkeep\n|turn|14\n|\n|t:|1682012902\n|switch|p1b: Gyarados|Gyarados, L50, M|88\/100 brn\n|-ability|p1b: Gyarados|Intimidate|boost\n|-unboost|p2a: Arcanine|atk|1\n|-unboost|p2b: Palafin|atk|1\n|move|p2b: Palafin|Jet Punch|p1a: Flutter Mane\n|-damage|p1a: Flutter Mane|3\/100 brn\n|move|p1a: Flutter Mane|Dazzling Gleam|p2a: Arcanine|[spread] p2a,p2b\n|-resisted|p2a: Arcanine\n|-damage|p2a: Arcanine|9\/100 par\n|-damage|p2b: Palafin|0 fnt\n|faint|p2b: Palafin\n|move|p2a: Arcanine|Flare Blitz|p1b: Gyarados\n|-resisted|p1b: Gyarados\n|-damage|p1b: Gyarados|69\/100 brn\n|-damage|p2a: Arcanine|3\/100 par|[from] Recoil\n|\n|-damage|p1a: Flutter Mane|0 fnt|[from] brn\n|faint|p1a: Flutter Mane\n|-end|p1a: Flutter Mane|Protosynthesis|[silent]\n|-damage|p1b: Gyarados|63\/100 brn|[from] brn\n|upkeep\n|\n|t:|1682012921\n|switch|p1a: Amoonguss|Amoonguss, L50, F|73\/100\n|switch|p2b: Flutter Mane|Flutter Mane, L50|100\/100\n|-enditem|p2b: Flutter Mane|Booster Energy\n|-activate|p2b: Flutter Mane|ability: Protosynthesis|[fromitem]\n|-start|p2b: Flutter Mane|protosynthesisspe\n|turn|15\n|-message|Hadrian1917 forfeited.\n|\n|win|fizzywizzyglizzy\n|raw|Hadrian1917's rating: 1328 → 1307<\/strong> (-21 for losing)\n|raw|fizzywizzyglizzy's rating: 1303 → 1324<\/strong> (+21 for winning)\n","uploadtime":1682012932,"views":13,"p1id":"hadrian1917","p2id":"fizzywizzyglizzy","formatid":"gen9vgc2023regulationc","rating":1307,"private":0,"password":""}