{"id":"gen9vgc2023regulationc-1847852767","p1":"RobertoGP23","p2":"Landri","format":"[Gen 9] VGC 2023 Regulation C","log":"|j|\u2606RobertoGP23\n|j|\u2606Landri\n|t:|1682007291\n|gametype|doubles\n|player|p1|RobertoGP23|hilbert|1293\n|player|p2|Landri|acetrainer-gen4dp|1243\n|teamsize|p1|6\n|teamsize|p2|6\n|gen|9\n|tier|[Gen 9] VGC 2023 Regulation C\n|rated|\n|rule|Species Clause: Limit one of each Pok\u00e9mon\n|rule|Item Clause: Limit one of each item\n|clearpoke\n|poke|p1|Gholdengo, L50|\n|poke|p1|Iron Hands, L50|\n|poke|p1|Arcanine, L50, F|\n|poke|p1|Flutter Mane, L50|\n|poke|p1|Amoonguss, L50, F|\n|poke|p1|Ting-Lu, L50|\n|poke|p2|Ting-Lu, L50|\n|poke|p2|Gyarados, L50, F|\n|poke|p2|Volcarona, L50, F|\n|poke|p2|Flutter Mane, L50|\n|poke|p2|Dragonite, L50, M|\n|poke|p2|Chien-Pao, L50|\n|teampreview|4\n|inactive|Battle timer is ON: inactive players will automatically lose when time's up. (requested by Landri)\nLandri has agreed to open team sheets.\nRobertoGP23 has agreed to open team sheets.\n|inactive|RobertoGP23 has 60 seconds left.\n|inactive|Landri has 60 seconds left.\n|\n|t:|1682007346\n|start\n|switch|p1a: Amoonguss|Amoonguss, L50, F|100\/100\n|switch|p1b: Gholdengo|Gholdengo, L50|100\/100\n|switch|p2a: Ting-Lu|Ting-Lu, L50|100\/100\n|switch|p2b: Dragonite|Dragonite, L50, M|100\/100\n|-ability|p2a: Ting-Lu|Vessel of Ruin\n|turn|1\n|\n|t:|1682007361\n|-terastallize|p2b: Dragonite|Flying\n|move|p1b: Gholdengo|Nasty Plot|p1b: Gholdengo\n|-boost|p1b: Gholdengo|spa|2\n|move|p2b: Dragonite|Tera Blast|p1a: Amoonguss\n|-supereffective|p1a: Amoonguss\n|-damage|p1a: Amoonguss|5\/100\n|-enditem|p1a: Amoonguss|Sitrus Berry|[eat]\n|-heal|p1a: Amoonguss|29\/100|[from] item: Sitrus Berry\n|move|p2a: Ting-Lu|Bulldoze|p1a: Amoonguss|[spread] p1a,p1b\n|-immune|p2b: Dragonite\n|-supereffective|p1b: Gholdengo\n|-damage|p1a: Amoonguss|16\/100\n|-damage|p1b: Gholdengo|65\/100\n|-unboost|p1a: Amoonguss|spe|1\n|move|p1a: Amoonguss|Spore|p2b: Dragonite\n|-status|p2b: Dragonite|slp|[from] move: Spore\n|-enditem|p2b: Dragonite|Lum Berry|[eat]\n|-curestatus|p2b: Dragonite|slp|[msg]\n|\n|upkeep\n|turn|2\n|inactive|RobertoGP23 has 30 seconds left.\n|\n|t:|1682007396\n|move|p2b: Dragonite|Extreme Speed|p1a: Amoonguss\n|-damage|p1a: Amoonguss|0 fnt\n|faint|p1a: Amoonguss\n|move|p1b: Gholdengo|Make It Rain|p2b: Dragonite|[spread] p2a,p2b\n|-damage|p2a: Ting-Lu|72\/100\n|-damage|p2b: Dragonite|66\/100\n|-unboost|p1b: Gholdengo|spa|1\n|move|p2a: Ting-Lu|Stomping Tantrum|p1b: Gholdengo\n|-supereffective|p1b: Gholdengo\n|-damage|p1b: Gholdengo|7\/100\n|\n|upkeep\n|\n|t:|1682007416\n|switch|p1a: Ting-Lu|Ting-Lu, L50|100\/100\n|-ability|p1a: Ting-Lu|Vessel of Ruin\n|turn|3\n|\n|t:|1682007432\n|move|p1b: Gholdengo|Protect|p1b: Gholdengo\n|-singleturn|p1b: Gholdengo|Protect\n|move|p2b: Dragonite|Protect|p2b: Dragonite\n|-singleturn|p2b: Dragonite|Protect\n|move|p2a: Ting-Lu|Snarl|p1b: Gholdengo|[spread] p1a\n|-activate|p1b: Gholdengo|move: Protect\n|-resisted|p1a: Ting-Lu\n|-damage|p1a: Ting-Lu|99\/100\n|-unboost|p1a: Ting-Lu|spa|1\n|move|p1a: Ting-Lu|Fissure|p2a: Ting-Lu|[miss]\n|-miss|p1a: Ting-Lu|p2a: Ting-Lu\n|\n|upkeep\n|turn|4\n|\n|t:|1682007453\n|move|p1b: Gholdengo|Shadow Ball|p2b: Dragonite\n|-damage|p2b: Dragonite|19\/100\n|-unboost|p2b: Dragonite|spd|1\n|move|p2b: Dragonite|Tera Blast|p1a: Ting-Lu\n|-damage|p1a: Ting-Lu|64\/100\n|move|p2a: Ting-Lu|Bulldoze|p1a: Ting-Lu|[spread] p1a,p1b\n|-immune|p2b: Dragonite\n|-supereffective|p1b: Gholdengo\n|-damage|p1a: Ting-Lu|54\/100\n|-damage|p1b: Gholdengo|0 fnt\n|-unboost|p1a: Ting-Lu|spe|1\n|faint|p1b: Gholdengo\n|move|p1a: Ting-Lu|Stomping Tantrum|p2a: Ting-Lu\n|-crit|p2a: Ting-Lu\n|-damage|p2a: Ting-Lu|29\/100\n|\n|upkeep\n|\n|t:|1682007467\n|switch|p1b: Flutter Mane|Flutter Mane, L50, shiny|100\/100\n|turn|5\n|\n|t:|1682007478\n|move|p2b: Dragonite|Extreme Speed|p1a: Ting-Lu\n|-damage|p1a: Ting-Lu|39\/100\n|move|p1b: Flutter Mane|Dazzling Gleam|p2a: Ting-Lu|[spread] p2a,p2b\n|-supereffective|p2a: Ting-Lu\n|-damage|p2a: Ting-Lu|0 fnt\n|-damage|p2b: Dragonite|0 fnt\n|faint|p2a: Ting-Lu\n|faint|p2b: Dragonite\n|move|p1a: Ting-Lu|Fissure|p2: Ting-Lu|[notarget]\n|-fail|p1a: Ting-Lu\n|\n|upkeep\n|\n|t:|1682007485\n|switch|p2b: Gyarados|Gyarados, L50, F|100\/100\n|switch|p2a: Chien-Pao|Chien-Pao, L50|100\/100\n|-ability|p2a: Chien-Pao|Sword of Ruin\n|-ability|p2b: Gyarados|Intimidate|boost\n|-unboost|p1a: Ting-Lu|atk|1\n|-unboost|p1b: Flutter Mane|atk|1\n|turn|6\n|\n|t:|1682007504\n|move|p2a: Chien-Pao|Sucker Punch|p1b: Flutter Mane\n|-damage|p1b: Flutter Mane|0 fnt\n|faint|p1b: Flutter Mane\n|-end|p1b: Flutter Mane|Protosynthesis|[silent]\n|move|p2b: Gyarados|Waterfall|p1a: Ting-Lu\n|-supereffective|p1a: Ting-Lu\n|-damage|p1a: Ting-Lu|0 fnt\n|faint|p1a: Ting-Lu\n|\n|win|Landri\n|raw|RobertoGP23's rating: 1293 → 1264<\/strong> (-29 for losing)\n|raw|Landri's rating: 1243 → 1272<\/strong> (+29 for winning)\n|l|\u2606RobertoGP23\n","uploadtime":1682007554,"views":10,"p1id":"robertogp23","p2id":"landri","formatid":"gen9vgc2023regulationc","rating":1264,"private":0,"password":""}