{"id":"gen9vgc2023regulationc-1860374190","p1":"rkier55","p2":"KEerer2","format":"[Gen 9] VGC 2023 Regulation C","log":"|j|\u2606rkier55\n|j|\u2606KEerer2\n|t:|1683638433\n|gametype|doubles\n|player|p1|rkier55|170|1224\n|player|p2|KEerer2|lance|1190\n|teamsize|p1|6\n|teamsize|p2|6\n|gen|9\n|tier|[Gen 9] VGC 2023 Regulation C\n|rated|\n|rule|Species Clause: Limit one of each Pok\u00e9mon\n|rule|Item Clause: Limit one of each item\n|clearpoke\n|poke|p1|Iron Bundle, L50|\n|poke|p1|Iron Hands, L50|\n|poke|p1|Flutter Mane, L50|\n|poke|p1|Chi-Yu, L50|\n|poke|p1|Amoonguss, L50, M|\n|poke|p1|Garchomp, L50, M|\n|poke|p2|Gallade, L50, M|\n|poke|p2|Talonflame, L50, M|\n|poke|p2|Gyarados, L50, F|\n|poke|p2|Chi-Yu, L50|\n|poke|p2|Flutter Mane, L50|\n|poke|p2|Baxcalibur, L50, F|\n|teampreview|4\n|inactive|Battle timer is ON: inactive players will automatically lose when time's up. (requested by rkier55)\n|inactive|rkier55 has 60 seconds left.\n|inactive|KEerer2 has 60 seconds left.\n|\n|t:|1683638473\n|start\n|switch|p1a: Iron Hands|Iron Hands, L50|100\/100\n|switch|p1b: Iron Bundle|Iron Bundle, L50|100\/100\n|switch|p2a: Talonflame|Talonflame, L50, M|100\/100\n|switch|p2b: \u53d1\u59d0|Flutter Mane, L50|100\/100\n|-enditem|p1b: Iron Bundle|Booster Energy\n|-activate|p1b: Iron Bundle|ability: Quark Drive|[fromitem]\n|-start|p1b: Iron Bundle|quarkdrivespe\n|-enditem|p2b: \u53d1\u59d0|Booster Energy\n|-activate|p2b: \u53d1\u59d0|ability: Protosynthesis|[fromitem]\n|-start|p2b: \u53d1\u59d0|protosynthesisspa\n|turn|1\n|inactive|KEerer2 has 30 seconds left.\n|\n|t:|1683638501\n|-terastallize|p2a: Talonflame|Ghost\n|move|p2a: Talonflame|Tailwind|p2a: Talonflame\n|-sidestart|p2: KEerer2|move: Tailwind\n|move|p2b: \u53d1\u59d0|Moonblast|p1b: Iron Bundle\n|-damage|p1b: Iron Bundle|6\/100\n|-unboost|p1b: Iron Bundle|spa|1\n|move|p1b: Iron Bundle|Hydro Pump|p2a: Talonflame\n|-crit|p2a: Talonflame\n|-damage|p2a: Talonflame|0 fnt\n|faint|p2a: Talonflame\n|move|p1a: Iron Hands|Wild Charge|p2b: \u53d1\u59d0\n|-damage|p2b: \u53d1\u59d0|31\/100\n|-damage|p1a: Iron Hands|90\/100|[from] Recoil\n|\n|upkeep\n|\n|t:|1683638518\n|switch|p2a: Gyarados|Gyarados, L50, F|100\/100\n|-ability|p2a: Gyarados|Intimidate|boost\n|-unboost|p1a: Iron Hands|atk|1\n|-unboost|p1b: Iron Bundle|atk|1\n|turn|2\n|\n|t:|1683638536\n|switch|p2a: Baxcalibur|Baxcalibur, L50, F|100\/100\n|-end|p1a: Iron Hands|Quark Drive|[silent]\n|switch|p1a: Amoonguss|Amoonguss, L50, M|100\/100\n|move|p1b: Iron Bundle|Protect|p1b: Iron Bundle\n|-singleturn|p1b: Iron Bundle|Protect\n|move|p2b: \u53d1\u59d0|Dazzling Gleam|p1a: Amoonguss|[spread] p1a\n|-activate|p1b: Iron Bundle|move: Protect\n|-resisted|p1a: Amoonguss\n|-damage|p1a: Amoonguss|83\/100\n|\n|upkeep\n|turn|3\n|inactive|rkier55 has 30 seconds left.\n|\n|t:|1683638563\n|-end|p1b: Iron Bundle|Quark Drive|[silent]\n|switch|p1b: Iron Hands|Iron Hands, L50|90\/100\n|-terastallize|p1a: Amoonguss|Water\n|move|p2b: \u53d1\u59d0|Dazzling Gleam|p1b: Iron Hands|[spread] p1a,p1b\n|-supereffective|p1b: Iron Hands\n|-damage|p1a: Amoonguss|50\/100\n|-damage|p1b: Iron Hands|52\/100\n|-enditem|p1a: Amoonguss|Sitrus Berry|[eat]\n|-heal|p1a: Amoonguss|75\/100|[from] item: Sitrus Berry\n|move|p2a: Baxcalibur|Icicle Crash|p1a: Amoonguss|[miss]\n|-miss|p2a: Baxcalibur|p1a: Amoonguss\n|move|p1a: Amoonguss|Spore|p2b: \u53d1\u59d0\n|-status|p2b: \u53d1\u59d0|slp|[from] move: Spore\n|\n|upkeep\n|turn|4\n|inactive|KEerer2 has 30 seconds left.\n|\n|t:|1683638589\n|switch|p2a: Gyarados|Gyarados, L50, F|100\/100\n|-ability|p2a: Gyarados|Intimidate|boost\n|-unboost|p1a: Amoonguss|atk|1\n|-unboost|p1b: Iron Hands|atk|1\n|cant|p2b: \u53d1\u59d0|slp\n|move|p1b: Iron Hands|Drain Punch|p2a: Gyarados\n|-resisted|p2a: Gyarados\n|-damage|p2a: Gyarados|88\/100\n|-heal|p1b: Iron Hands|57\/100|[from] drain|[of] p2a: Gyarados\n|move|p1a: Amoonguss|Pollen Puff|p1b: Iron Hands\n|-heal|p1b: Iron Hands|100\/100\n|\n|-sideend|p2: KEerer2|move: Tailwind\n|upkeep\n|turn|5\n|inactive|KEerer2 has 30 seconds left.\n|\n|t:|1683638616\n|switch|p1a: Iron Bundle|Iron Bundle, L50|6\/100\n|-curestatus|p2b: \u53d1\u59d0|slp|[msg]\n|move|p2b: \u53d1\u59d0|Moonblast|p1b: Iron Hands\n|-supereffective|p1b: Iron Hands\n|-damage|p1b: Iron Hands|35\/100\n|move|p2a: Gyarados|Taunt|p1a: Iron Bundle\n|-start|p1a: Iron Bundle|move: Taunt\n|move|p1b: Iron Hands|Wild Charge|p2b: \u53d1\u59d0\n|-damage|p2b: \u53d1\u59d0|0 fnt\n|faint|p2b: \u53d1\u59d0\n|-end|p2b: \u53d1\u59d0|Protosynthesis|[silent]\n|-damage|p1b: Iron Hands|30\/100|[from] Recoil\n|\n|upkeep\n|\n|t:|1683638628\n|switch|p2b: Baxcalibur|Baxcalibur, L50, F|100\/100\n|turn|6\n|\n|t:|1683638641\n|move|p2b: Baxcalibur|Ice Shard|p1a: Iron Bundle\n|-resisted|p1a: Iron Bundle\n|-damage|p1a: Iron Bundle|0 fnt\n|faint|p1a: Iron Bundle\n|-end|p1a: Iron Bundle|Quark Drive|[silent]\n|move|p2a: Gyarados|Waterfall|p1b: Iron Hands\n|-damage|p1b: Iron Hands|4\/100\n|move|p1b: Iron Hands|Drain Punch|p2b: Baxcalibur\n|-supereffective|p2b: Baxcalibur\n|-damage|p2b: Baxcalibur|53\/100\n|-heal|p1b: Iron Hands|23\/100|[from] drain|[of] p2b: Baxcalibur\n|\n|upkeep\n|\n|t:|1683638651\n|switch|p1a: Amoonguss|Amoonguss, L50, M, tera:Water|100\/100\n|turn|7\n|\n|t:|1683638662\n|move|p2b: Baxcalibur|Glaive Rush|p1b: Iron Hands\n|-damage|p1b: Iron Hands|0 fnt\n|-singlemove|p2b: Baxcalibur|Glaive Rush|[silent]\n|faint|p1b: Iron Hands\n|-end|p1b: Iron Hands|Quark Drive|[silent]\n|move|p2a: Gyarados|Taunt|p1a: Amoonguss\n|-start|p1a: Amoonguss|move: Taunt\n|cant|p1a: Amoonguss|move: Taunt|Spore\n|\n|upkeep\n|\n|t:|1683638668\n|switch|p1b: Flutter Mane|Flutter Mane, L50|100\/100\n|turn|8\n|\n|t:|1683638680\n|move|p2b: Baxcalibur|Protect|p2b: Baxcalibur\n|-singleturn|p2b: Baxcalibur|Protect\n|move|p1b: Flutter Mane|Dazzling Gleam|p2a: Gyarados|[spread] p2a\n|-activate|p2b: Baxcalibur|move: Protect\n|-damage|p2a: Gyarados|49\/100\n|-enditem|p2a: Gyarados|Sitrus Berry|[eat]\n|-heal|p2a: Gyarados|74\/100|[from] item: Sitrus Berry\n|move|p2a: Gyarados|Thunder Wave|p1b: Flutter Mane\n|-status|p1b: Flutter Mane|par\n|move|p1a: Amoonguss|Pollen Puff|p1b: Flutter Mane\n|-immune|p1b: Flutter Mane\n|\n|upkeep\n|turn|9\n|\n|t:|1683638698\n|move|p2b: Baxcalibur|Ice Shard|p1b: Flutter Mane\n|-damage|p1b: Flutter Mane|49\/100 par\n|move|p2a: Gyarados|Iron Head|p1b: Flutter Mane\n|-supereffective|p1b: Flutter Mane\n|-damage|p1b: Flutter Mane|0 fnt\n|faint|p1b: Flutter Mane\n|-end|p1b: Flutter Mane|Protosynthesis|[silent]\n|move|p1a: Amoonguss|Pollen Puff|p1: Flutter Mane|[notarget]\n|-fail|p1a: Amoonguss\n|\n|-end|p1a: Amoonguss|move: Taunt\n|upkeep\n|turn|10\n|-message|rkier55 forfeited.\n|\n|win|KEerer2\n|raw|rkier55's rating: 1224 → 1197<\/strong> (-27 for losing)\n|raw|KEerer2's rating: 1190 → 1217<\/strong> (+27 for winning)\n|l|\u2606rkier55\n","uploadtime":1683638746,"views":10,"p1id":"rkier55","p2id":"keerer2","formatid":"gen9vgc2023regulationc","rating":1197,"private":0,"password":""}