{"id":"gen9vgc2023regulationc-1858761700","p1":"ritik12","p2":"Atrix MJ","format":"[Gen 9] VGC 2023 Regulation C","log":"|j|\u2606ritik12\n|j|\u2606Atrix MJ\n|t:|1683355805\n|gametype|doubles\n|player|p1|ritik12|2|1410\n|player|p2|Atrix MJ|adaman|1422\n|teamsize|p1|6\n|teamsize|p2|6\n|gen|9\n|tier|[Gen 9] VGC 2023 Regulation C\n|rated|\n|rule|Species Clause: Limit one of each Pok\u00e9mon\n|rule|Item Clause: Limit one of each item\n|clearpoke\n|poke|p1|Murkrow, L50, F|\n|poke|p1|Chi-Yu, L50|\n|poke|p1|Flutter Mane, L50|\n|poke|p1|Great Tusk, L50|\n|poke|p1|Gyarados, L50, M|\n|poke|p1|Gholdengo, L50|\n|poke|p2|Chi-Yu, L50|\n|poke|p2|Amoonguss, L50, F|\n|poke|p2|Azumarill, L50, F|\n|poke|p2|Arcanine, L50, F|\n|poke|p2|Flutter Mane, L50|\n|poke|p2|Gothitelle, L50, M|\n|teampreview|4\n|inactive|Battle timer is ON: inactive players will automatically lose when time's up. (requested by ritik12)\nAtrix MJ has agreed to open team sheets.\nritik12 has agreed to open team sheets.\n|j| WeirdPolyCouple\n|inactive|ritik12 has 60 seconds left.\n|inactive|Atrix MJ has 60 seconds left.\n|\n|t:|1683355855\n|start\n|switch|p1a: Murkrow|Murkrow, L50, F, shiny|100\/100\n|switch|p1b: Gholdengo|Gholdengo, L50|100\/100\n|switch|p2a: Flutter Mane|Flutter Mane, L50|100\/100\n|switch|p2b: Chi-Yu|Chi-Yu, L50|100\/100\n|-ability|p2b: Chi-Yu|Beads of Ruin\n|turn|1\n|c|\u2606ritik12|yo are u the guy from twitter?\n|inactive|ritik12 has 30 seconds left.\n|\n|t:|1683355883\n|-terastallize|p1b: Gholdengo|Water\n|move|p1a: Murkrow|Tailwind|p1a: Murkrow\n|-sidestart|p1: ritik12|move: Tailwind\n|move|p1b: Gholdengo|Make It Rain|p2a: Flutter Mane|[spread] p2a,p2b\n|-supereffective|p2a: Flutter Mane\n|-resisted|p2b: Chi-Yu\n|-enditem|p2a: Flutter Mane|Focus Sash\n|-damage|p2a: Flutter Mane|1\/100\n|-damage|p2b: Chi-Yu|79\/100\n|-unboost|p1b: Gholdengo|spa|1\n|move|p2a: Flutter Mane|Dazzling Gleam|p1b: Gholdengo|[spread] p1a,p1b\n|-supereffective|p1a: Murkrow\n|-damage|p1a: Murkrow|0 fnt\n|-damage|p1b: Gholdengo|57\/100\n|faint|p1a: Murkrow\n|move|p2b: Chi-Yu|Heat Wave|p1b: Gholdengo\n|-resisted|p1b: Gholdengo\n|-damage|p1b: Gholdengo|23\/100\n|\n|-heal|p2b: Chi-Yu|85\/100|[from] item: Leftovers\n|upkeep\n|\n|t:|1683355901\n|switch|p1a: Flutter Mane|Flutter Mane, L50|100\/100\n|turn|2\n|c|\u2606Atrix MJ|maybe?\n|inactive|Atrix MJ has 30 seconds left.\n|inactive|Atrix MJ has 20 seconds left.\n|inactive|Atrix MJ has 15 seconds left.\n|inactive|Atrix MJ has 10 seconds left.\n|c|\u2606ritik12|u were at fort wayne right?\n|inactive|Atrix MJ has 5 seconds left.\n|\n|t:|1683355954\n|move|p2a: Flutter Mane|Protect|p2a: Flutter Mane\n|-singleturn|p2a: Flutter Mane|Protect\n|move|p2b: Chi-Yu|Protect|p2b: Chi-Yu\n|-singleturn|p2b: Chi-Yu|Protect\n|move|p1a: Flutter Mane|Dazzling Gleam|p2a: Flutter Mane|[spread] \n|-activate|p2a: Flutter Mane|move: Protect\n|-activate|p2b: Chi-Yu|move: Protect\n|move|p1b: Gholdengo|Make It Rain|p2b: Chi-Yu|[spread] \n|-activate|p2a: Flutter Mane|move: Protect\n|-activate|p2b: Chi-Yu|move: Protect\n|\n|-heal|p2b: Chi-Yu|91\/100|[from] item: Leftovers\n|upkeep\n|turn|3\n|c|\u2606ritik12|u played ur friend in round 3 or 4?\n|c|\u2606Atrix MJ|yeye i was there\n|c|\u2606Atrix MJ|im the tall mf with long red hair\n|c|\u2606ritik12|yeaaaa\n|inactive|Atrix MJ has 30 seconds left.\n|c|\u2606ritik12|i was next to ur friend on his right\n|inactive|Atrix MJ has 20 seconds left.\n|inactive|Atrix MJ has 15 seconds left.\n|c|\u2606ritik12|i think u guys are chicago locals? idr\n|inactive|Atrix MJ has 10 seconds left.\n|\n|t:|1683356001\n|-end|p2a: Flutter Mane|Protosynthesis|[silent]\n|switch|p2a: Arcanine|Arcanine, L50, F, shiny|100\/100\n|-ability|p2a: Arcanine|Intimidate|boost\n|-unboost|p1a: Flutter Mane|atk|1\n|-unboost|p1b: Gholdengo|atk|1\n|move|p1a: Flutter Mane|Dazzling Gleam|p2b: Chi-Yu|[spread] p2a,p2b\n|-resisted|p2a: Arcanine\n|-damage|p2a: Arcanine|62\/100\n|-damage|p2b: Chi-Yu|43\/100\n|move|p1b: Gholdengo|Thunderbolt|p2b: Chi-Yu\n|-damage|p2b: Chi-Yu|23\/100\n|move|p2b: Chi-Yu|Dark Pulse|p1a: Flutter Mane\n|-damage|p1a: Flutter Mane|50\/100\n|\n|-heal|p2b: Chi-Yu|30\/100|[from] item: Leftovers\n|upkeep\n|turn|4\n|c|\u2606Atrix MJ|yeeee\n|inactive|Atrix MJ has 30 seconds left.\n|\n|t:|1683356026\n|move|p2a: Arcanine|Protect|p2a: Arcanine\n|-singleturn|p2a: Arcanine|Protect\n|move|p2b: Chi-Yu|Protect|p2b: Chi-Yu\n|-singleturn|p2b: Chi-Yu|Protect\n|move|p1a: Flutter Mane|Dazzling Gleam|p2b: Chi-Yu|[spread] \n|-activate|p2a: Arcanine|move: Protect\n|-activate|p2b: Chi-Yu|move: Protect\n|move|p1b: Gholdengo|Shadow Ball|p2a: Arcanine\n|-activate|p2a: Arcanine|move: Protect\n|\n|-heal|p2b: Chi-Yu|36\/100|[from] item: Leftovers\n|-sideend|p1: ritik12|move: Tailwind\n|upkeep\n|turn|5\n|c|\u2606ritik12|cool cool\n|c|\u2606ritik12|are u at portland?\n|c|\u2606Atrix MJ|nah, going to milwaulkee and fresno tho\n|inactive|Atrix MJ has 30 seconds left.\n|c|\u2606ritik12|ah ok gl with that\n|inactive|Atrix MJ has 20 seconds left.\n|inactive|Atrix MJ has 15 seconds left.\n|inactive|Atrix MJ has 10 seconds left.\n|\n|t:|1683356074\n|move|p2a: Arcanine|Extreme Speed|p1b: Gholdengo\n|-damage|p1b: Gholdengo|0 fnt\n|faint|p1b: Gholdengo\n|move|p1a: Flutter Mane|Dazzling Gleam|p2a: Arcanine|[spread] p2a,p2b\n|-resisted|p2a: Arcanine\n|-damage|p2a: Arcanine|24\/100\n|-damage|p2b: Chi-Yu|0 fnt\n|faint|p2b: Chi-Yu\n|\n|upkeep\n|\n|t:|1683356081\n|switch|p2b: Azumarill|Azumarill, L50, F, shiny|100\/100\n|switch|p1b: Chi-Yu|Chi-Yu, L50|100\/100\n|-ability|p1b: Chi-Yu|Beads of Ruin\n|turn|6\n|inactive|Atrix MJ has 30 seconds left.\n|\n|t:|1683356112\n|-terastallize|p2b: Azumarill|Water\n|move|p1b: Chi-Yu|Protect|p1b: Chi-Yu\n|-singleturn|p1b: Chi-Yu|Protect\n|move|p2a: Arcanine|Protect|p2a: Arcanine\n|-singleturn|p2a: Arcanine|Protect\n|move|p2b: Azumarill|Aqua Jet|p1a: Flutter Mane\n|-damage|p1a: Flutter Mane|0 fnt\n|faint|p1a: Flutter Mane\n|-end|p1a: Flutter Mane|Protosynthesis|[silent]\n|-damage|p2b: Azumarill|91\/100|[from] item: Life Orb\n|\n|upkeep\n|turn|7\n|-message|ritik12 forfeited.\n|\n|win|Atrix MJ\n|raw|ritik12's rating: 1410 → 1391<\/strong> (-19 for losing)\n|raw|Atrix MJ's rating: 1422 → 1441<\/strong> (+19 for winning)\n|l|\u2606ritik12\n|c|\u2606Atrix MJ|gg\n","uploadtime":1683356126,"views":8,"p1id":"ritik12","p2id":"atrixmj","formatid":"gen9vgc2023regulationc","rating":1391,"private":0,"password":""}