{"id":"gen9vgc2023regulationc-1862062387","p1":"yisus2902","p2":"iraqanid","format":"[Gen 9] VGC 2023 Regulation C","log":"|j|\u2606yisus2902\n|j|\u2606iraqanid\n|t:|1683833250\n|gametype|doubles\n|player|p1|yisus2902|266|1395\n|player|p2|iraqanid|biker|1495\n|teamsize|p1|6\n|teamsize|p2|6\n|gen|9\n|tier|[Gen 9] VGC 2023 Regulation C\n|rated|\n|rule|Species Clause: Limit one of each Pok\u00e9mon\n|rule|Item Clause: Limit one of each item\n|clearpoke\n|poke|p1|Farigiraf, L50, M|\n|poke|p1|Garchomp, L50, M|\n|poke|p1|Amoonguss, L50, F|\n|poke|p1|Torkoal, L50, M|\n|poke|p1|Hariyama, L50, M|\n|poke|p1|Palafin, L50, F|\n|poke|p2|Chien-Pao, L50|\n|poke|p2|Breloom, L50, M|\n|poke|p2|Garganacl, L50, F|\n|poke|p2|Dondozo, L50, M|\n|poke|p2|Arcanine, L50, F|\n|poke|p2|Iron Bundle, L50|\n|teampreview|4\n|inactive|Battle timer is ON: inactive players will automatically lose when time's up. (requested by yisus2902)\niraqanid has agreed to open team sheets.\n|inactive|iraqanid has 60 seconds left.\n|\n|t:|1683833292\n|start\n|switch|p1a: Hariyama|Hariyama, L50, M|100\/100\n|switch|p1b: Farigiraf|Farigiraf, L50, M|100\/100\n|switch|p2a: Garganacl|Garganacl, L50, F|100\/100\n|switch|p2b: Iron Bundle|Iron Bundle, L50|100\/100\n|-enditem|p2b: Iron Bundle|Booster Energy\n|-activate|p2b: Iron Bundle|ability: Quark Drive|[fromitem]\n|-start|p2b: Iron Bundle|quarkdrivespe\n|turn|1\n|\n|t:|1683833309\n|-terastallize|p2a: Garganacl|Water\n|move|p2b: Iron Bundle|Protect|p2b: Iron Bundle\n|-singleturn|p2b: Iron Bundle|Protect\n|move|p1a: Hariyama|Fake Out|p2b: Iron Bundle\n|-activate|p2b: Iron Bundle|move: Protect\n|move|p2a: Garganacl|Salt Cure|p1b: Farigiraf\n|-damage|p1b: Farigiraf|86\/100\n|-start|p1b: Farigiraf|Salt Cure\n|move|p1b: Farigiraf|Trick Room|p1b: Farigiraf\n|-fieldstart|move: Trick Room|[of] p1b: Farigiraf\n|\n|-damage|p1b: Farigiraf|74\/100|[from] Salt Cure\n|-status|p1a: Hariyama|brn|[from] item: Flame Orb\n|upkeep\n|turn|2\n|\n|t:|1683833328\n|-end|p2b: Iron Bundle|Quark Drive|[silent]\n|switch|p2b: Arcanine|Arcanine, L50, F|100\/100\n|-ability|p2b: Arcanine|Intimidate|boost\n|-unboost|p1a: Hariyama|atk|1\n|-unboost|p1b: Farigiraf|atk|1\n|move|p2a: Garganacl|Salt Cure|p1a: Hariyama\n|-resisted|p1a: Hariyama\n|-damage|p1a: Hariyama|93\/100 brn\n|-start|p1a: Hariyama|Salt Cure\n|move|p1a: Hariyama|Knock Off|p2a: Garganacl\n|-damage|p2a: Garganacl|78\/100\n|-enditem|p2a: Garganacl|Sitrus Berry|[from] move: Knock Off|[of] p1a: Hariyama\n|move|p1b: Farigiraf|Hyper Voice|p2a: Garganacl|[spread] p2a,p2b\n|-damage|p2a: Garganacl|55\/100\n|-damage|p2b: Arcanine|67\/100\n|\n|-damage|p1a: Hariyama|87\/100 brn|[from] brn\n|-damage|p1a: Hariyama|75\/100 brn|[from] Salt Cure\n|-damage|p1b: Farigiraf|61\/100|[from] Salt Cure\n|upkeep\n|turn|3\n|\n|t:|1683833353\n|move|p2a: Garganacl|Recover|p2a: Garganacl\n|-heal|p2a: Garganacl|100\/100\n|move|p1a: Hariyama|Close Combat|p2a: Garganacl\n|-damage|p2a: Garganacl|62\/100\n|-unboost|p1a: Hariyama|def|1\n|-unboost|p1a: Hariyama|spd|1\n|move|p1b: Farigiraf|Hyper Voice|p2b: Arcanine|[spread] p2a,p2b\n|-damage|p2a: Garganacl|39\/100\n|-damage|p2b: Arcanine|30\/100\n|move|p2b: Arcanine|Flare Blitz|p1a: Hariyama\n|-crit|p1a: Hariyama\n|-damage|p1a: Hariyama|0 fnt\n|faint|p1a: Hariyama\n|-damage|p2b: Arcanine|0 fnt|[from] Recoil\n|faint|p2b: Arcanine\n|\n|-damage|p1b: Farigiraf|49\/100|[from] Salt Cure\n|upkeep\n|\n|t:|1683833372\n|switch|p1a: Torkoal|Torkoal, L50, M, shiny|100\/100\n|switch|p2b: Iron Bundle|Iron Bundle, L50|100\/100\n|-weather|SunnyDay|[from] ability: Drought|[of] p1a: Torkoal\n|turn|4\n|\n|t:|1683833397\n|move|p1a: Torkoal|Protect|p1a: Torkoal\n|-singleturn|p1a: Torkoal|Protect\n|move|p1b: Farigiraf|Protect|p1b: Farigiraf\n|-singleturn|p1b: Farigiraf|Protect\n|move|p2b: Iron Bundle|Protect|p2b: Iron Bundle\n|-singleturn|p2b: Iron Bundle|Protect\n|move|p2a: Garganacl|Recover|p2a: Garganacl\n|-heal|p2a: Garganacl|89\/100\n|\n|-weather|SunnyDay|[upkeep]\n|-damage|p1b: Farigiraf|37\/100|[from] Salt Cure\n|upkeep\n|turn|5\n|\n|t:|1683833414\n|-terastallize|p1a: Torkoal|Fire\n|move|p2b: Iron Bundle|Protect|p2b: Iron Bundle\n|-singleturn|p2b: Iron Bundle|Protect\n|move|p1a: Torkoal|Eruption|p2a: Garganacl|[spread] p2a\n|-activate|p2b: Iron Bundle|move: Protect\n|-resisted|p2a: Garganacl\n|-damage|p2a: Garganacl|46\/100\n|move|p2a: Garganacl|Salt Cure|p1a: Torkoal\n|-supereffective|p1a: Torkoal\n|-damage|p1a: Torkoal|77\/100\n|-start|p1a: Torkoal|Salt Cure\n|move|p1b: Farigiraf|Hyper Voice|p2a: Garganacl|[spread] p2a\n|-activate|p2b: Iron Bundle|move: Protect\n|-damage|p2a: Garganacl|23\/100\n|\n|-weather|SunnyDay|[upkeep]\n|-damage|p1a: Torkoal|64\/100|[from] Salt Cure\n|-damage|p1b: Farigiraf|24\/100|[from] Salt Cure\n|-fieldend|move: Trick Room\n|upkeep\n|turn|6\n|\n|t:|1683833437\n|switch|p1a: Amoonguss|Amoonguss, L50, F|100\/100\n|move|p2a: Garganacl|Protect|p2a: Garganacl\n|-singleturn|p2a: Garganacl|Protect\n|move|p2b: Iron Bundle|Freeze-Dry|p1b: Farigiraf\n|-damage|p1b: Farigiraf|0 fnt\n|faint|p1b: Farigiraf\n|\n|-weather|SunnyDay|[upkeep]\n|upkeep\n|\n|t:|1683833448\n|switch|p1b: Torkoal|Torkoal, L50, M, shiny, tera:Fire|64\/100\n|turn|7\n|inactive|yisus2902 has 30 seconds left.\n|\n|t:|1683833478\n|move|p2b: Iron Bundle|Protect|p2b: Iron Bundle\n|-singleturn|p2b: Iron Bundle|Protect\n|move|p2a: Garganacl|Recover|p2a: Garganacl\n|-heal|p2a: Garganacl|73\/100\n|move|p1b: Torkoal|Heat Wave|p2b: Iron Bundle|[spread] p2a\n|-activate|p2b: Iron Bundle|move: Protect\n|-resisted|p2a: Garganacl\n|-damage|p2a: Garganacl|46\/100\n|move|p1a: Amoonguss|Spore|p2a: Garganacl\n|-immune|p2a: Garganacl|[from] ability: Purifying Salt\n|\n|-weather|SunnyDay|[upkeep]\n|upkeep\n|turn|8\n|\n|t:|1683833503\n|move|p1a: Amoonguss|Rage Powder|p1a: Amoonguss\n|-singleturn|p1a: Amoonguss|move: Rage Powder\n|move|p2b: Iron Bundle|Hydro Pump|p1a: Amoonguss|[miss]\n|-miss|p2b: Iron Bundle|p1a: Amoonguss\n|move|p2a: Garganacl|Salt Cure|p1a: Amoonguss\n|-damage|p1a: Amoonguss|88\/100\n|-start|p1a: Amoonguss|Salt Cure\n|move|p1b: Torkoal|Eruption|p2b: Iron Bundle|[spread] p2a,p2b\n|-resisted|p2a: Garganacl\n|-damage|p2a: Garganacl|21\/100\n|-damage|p2b: Iron Bundle|0 fnt\n|faint|p2b: Iron Bundle\n|-end|p2b: Iron Bundle|Quark Drive|[silent]\n|\n|-weather|none\n|-damage|p1a: Amoonguss|76\/100|[from] Salt Cure\n|upkeep\n|\n|t:|1683833509\n|switch|p2b: Chien-Pao|Chien-Pao, L50|100\/100\n|-ability|p2b: Chien-Pao|Sword of Ruin\n|turn|9\n|\n|t:|1683833524\n|move|p2b: Chien-Pao|Protect|p2b: Chien-Pao\n|-singleturn|p2b: Chien-Pao|Protect\n|move|p1a: Amoonguss|Rage Powder|p1a: Amoonguss\n|-singleturn|p1a: Amoonguss|move: Rage Powder\n|move|p2a: Garganacl|Recover|p2a: Garganacl\n|-heal|p2a: Garganacl|71\/100\n|move|p1b: Torkoal|Eruption|p2b: Chien-Pao|[spread] p2a\n|-activate|p2b: Chien-Pao|move: Protect\n|-resisted|p2a: Garganacl\n|-damage|p2a: Garganacl|54\/100\n|\n|-damage|p1a: Amoonguss|63\/100|[from] Salt Cure\n|upkeep\n|turn|10\n|\n|t:|1683833546\n|move|p1a: Amoonguss|Rage Powder|p1a: Amoonguss\n|-singleturn|p1a: Amoonguss|move: Rage Powder\n|move|p2b: Chien-Pao|Ice Spinner|p1a: Amoonguss\n|-supereffective|p1a: Amoonguss\n|-damage|p1a: Amoonguss|0 fnt\n|faint|p1a: Amoonguss\n|-damage|p2b: Chien-Pao|91\/100|[from] item: Life Orb\n|move|p2a: Garganacl|Salt Cure|p1b: Torkoal\n|-supereffective|p1b: Torkoal\n|-damage|p1b: Torkoal|36\/100\n|-start|p1b: Torkoal|Salt Cure\n|move|p1b: Torkoal|Eruption|p2b: Chien-Pao|[spread] p2a,p2b\n|-resisted|p2a: Garganacl\n|-supereffective|p2b: Chien-Pao\n|-damage|p2a: Garganacl|43\/100\n|-damage|p2b: Chien-Pao|6\/100\n|\n|-damage|p1b: Torkoal|23\/100|[from] Salt Cure\n|upkeep\n|turn|11\n|\n|t:|1683833564\n|move|p2b: Chien-Pao|Throat Chop|p1b: Torkoal\n|-damage|p1b: Torkoal|0 fnt\n|faint|p1b: Torkoal\n|-damage|p2b: Chien-Pao|0 fnt|[from] item: Life Orb\n|faint|p2b: Chien-Pao\n|\n|win|iraqanid\n|raw|yisus2902's rating: 1395 → 1381<\/strong> (-14 for losing)\n|raw|iraqanid's rating: 1495 → 1509<\/strong> (+14 for winning)\n|l|\u2606yisus2902\n|l|\u2606iraqanid\n|j|\u2606iraqanid\n|player|p2|iraqanid|biker\n","uploadtime":1683833575,"views":14,"p1id":"yisus2902","p2id":"iraqanid","formatid":"gen9vgc2023regulationc","rating":1381,"private":0,"password":""}