{"id":"gen9vgc2023regulationc-1852761416","p1":"ITS PAPAW TIME","p2":"pocketchansey","format":"[Gen 9] VGC 2023 Regulation C","log":"|j|\u2606ITS PAPAW TIME\n|j|\u2606pocketchansey\n|t:|1682604036\n|gametype|doubles\n|player|p1|ITS PAPAW TIME|veteran|\n|player|p2|pocketchansey|170|\n|teamsize|p1|6\n|teamsize|p2|6\n|gen|9\n|tier|[Gen 9] VGC 2023 Regulation C\n|rule|Species Clause: Limit one of each Pok\u00e9mon\n|rule|Item Clause: Limit one of each item\n|clearpoke\n|poke|p1|Baxcalibur, L50, M|\n|poke|p1|Palafin, L50, F|\n|poke|p1|Arcanine, L50, M|\n|poke|p1|Flutter Mane, L50|\n|poke|p1|Ting-Lu, L50|\n|poke|p1|Amoonguss, L50, F|\n|poke|p2|Azumarill, L50, F|\n|poke|p2|Arcanine, L50, F|\n|poke|p2|Flutter Mane, L50|\n|poke|p2|Iron Hands, L50|\n|poke|p2|Ting-Lu, L50|\n|poke|p2|Amoonguss, L50, F|\n|teampreview|4\nITS PAPAW TIME has agreed to open team sheets.\n|\n|t:|1682604097\n|start\n|switch|p1a: Flutter Mane|Flutter Mane, L50|100\/100\n|switch|p1b: Palafin|Palafin, L50, F|100\/100\n|switch|p2a: Goldy|Azumarill, L50, F, shiny|100\/100\n|switch|p2b: Amanita|Amoonguss, L50, F, shiny|100\/100\n|turn|1\n|\n|t:|1682604129\n|detailschange|p1b: Palafin|Palafin-Hero, L50, F\n|switch|p1b: Arcanine|Arcanine, L50, M|100\/100\n|-ability|p1b: Arcanine|Intimidate|boost\n|-unboost|p2a: Goldy|atk|1\n|-unboost|p2b: Amanita|atk|1\n|move|p2b: Amanita|Rage Powder|p2b: Amanita\n|-singleturn|p2b: Amanita|move: Rage Powder\n|move|p1a: Flutter Mane|Thunderbolt|p2b: Amanita\n|-resisted|p2b: Amanita\n|-damage|p2b: Amanita|85\/100\n|move|p2a: Goldy|Belly Drum|p2a: Goldy\n|-damage|p2a: Goldy|50\/100\n|-setboost|p2a: Goldy|atk|6|[from] move: Belly Drum\n|-enditem|p2a: Goldy|Sitrus Berry|[eat]\n|-heal|p2a: Goldy|75\/100|[from] item: Sitrus Berry\n|\n|upkeep\n|turn|2\n|\n|t:|1682604156\n|-end|p1a: Flutter Mane|Protosynthesis|[silent]\n|switch|p1a: Palafin|Palafin-Hero, L50, F|100\/100\n|-activate|p1a: Palafin|ability: Zero to Hero\n|-terastallize|p1b: Arcanine|Grass\n|-terastallize|p2a: Goldy|Water\n|move|p2b: Amanita|Rage Powder|p2b: Amanita\n|-singleturn|p2b: Amanita|move: Rage Powder\n|move|p2a: Goldy|Aqua Jet|p1b: Arcanine\n|-resisted|p1b: Arcanine\n|-damage|p1b: Arcanine|34\/100\n|move|p1b: Arcanine|Will-O-Wisp|p2a: Goldy\n|-status|p2a: Goldy|brn\n|\n|-damage|p2a: Goldy|69\/100 brn|[from] brn\n|upkeep\n|turn|3\n|\n|t:|1682604197\n|move|p1b: Arcanine|Protect|p1b: Arcanine\n|-singleturn|p1b: Arcanine|Protect\n|move|p2a: Goldy|Aqua Jet|p1b: Arcanine\n|-activate|p1b: Arcanine|move: Protect\n|move|p1a: Palafin|Haze|p1a: Palafin\n|-clearallboost\n|move|p2b: Amanita|Spore|p1a: Palafin\n|-status|p1a: Palafin|slp|[from] move: Spore\n|\n|-damage|p2a: Goldy|64\/100 brn|[from] brn\n|upkeep\n|turn|4\n|\n|t:|1682604219\n|switch|p1a: Baxcalibur|Baxcalibur, L50, M|100\/100\n|move|p1b: Arcanine|Flare Blitz|p2b: Amanita\n|-supereffective|p2b: Amanita\n|-damage|p2b: Amanita|0 fnt\n|faint|p2b: Amanita\n|-damage|p1b: Arcanine|0 fnt|[from] Recoil\n|faint|p1b: Arcanine\n|move|p2a: Goldy|Ice Spinner|p1a: Baxcalibur\n|-damage|p1a: Baxcalibur|85\/100\n|\n|-damage|p2a: Goldy|58\/100 brn|[from] brn\n|upkeep\n|\n|t:|1682604234\n|switch|p1b: Flutter Mane|Flutter Mane, L50|100\/100\n|switch|p2b: Watakoi|Iron Hands, L50, shiny|100\/100\n|turn|5\n|\n|t:|1682604249\n|move|p1a: Baxcalibur|Protect|p1a: Baxcalibur\n|-singleturn|p1a: Baxcalibur|Protect\n|move|p2b: Watakoi|Fake Out|p1a: Baxcalibur\n|-activate|p1a: Baxcalibur|move: Protect\n|move|p2a: Goldy|Aqua Jet|p1b: Flutter Mane\n|-damage|p1b: Flutter Mane|66\/100\n|move|p1b: Flutter Mane|Thunderbolt|p2a: Goldy\n|-supereffective|p2a: Goldy\n|-damage|p2a: Goldy|0 fnt\n|faint|p2a: Goldy\n|\n|upkeep\n|\n|t:|1682604263\n|switch|p2a: Ting-Lu|Ting-Lu, L50|100\/100\n|-ability|p2a: Ting-Lu|Vessel of Ruin\n|turn|6\n|\n|t:|1682604288\n|-end|p1b: Flutter Mane|Protosynthesis|[silent]\n|switch|p1b: Palafin|Palafin-Hero, L50, F|100\/100 slp\n|move|p1a: Baxcalibur|Icicle Crash|p2a: Ting-Lu\n|-supereffective|p2a: Ting-Lu\n|-damage|p2a: Ting-Lu|50\/100\n|move|p2b: Watakoi|Wild Charge|p1b: Palafin\n|-supereffective|p1b: Palafin\n|-damage|p1b: Palafin|11\/100 slp\n|-damage|p2b: Watakoi|80\/100|[from] Recoil\n|cant|p2a: Ting-Lu|flinch\n|\n|upkeep\n|turn|7\n|\n|t:|1682604322\n|cant|p1b: Palafin|slp\n|move|p1a: Baxcalibur|Icicle Crash|p2a: Ting-Lu\n|-supereffective|p2a: Ting-Lu\n|-damage|p2a: Ting-Lu|0 fnt\n|faint|p2a: Ting-Lu\n|move|p2b: Watakoi|Volt Switch|p1b: Palafin\n|-supereffective|p1b: Palafin\n|-damage|p1b: Palafin|0 fnt\n|faint|p1b: Palafin\n|\n|upkeep\n|\n|t:|1682604329\n|switch|p1b: Flutter Mane|Flutter Mane, L50|66\/100\n|turn|8\n|\n|t:|1682604336\n|move|p1b: Flutter Mane|Moonblast|p2b: Watakoi\n|-supereffective|p2b: Watakoi\n|-damage|p2b: Watakoi|0 fnt\n|faint|p2b: Watakoi\n|-end|p2b: Watakoi|Quark Drive|[silent]\n|\n|win|ITS PAPAW TIME\n","uploadtime":1682604344,"views":10,"p1id":"itspapawtime","p2id":"pocketchansey","formatid":"gen9vgc2023regulationc","rating":0,"private":0,"password":""}