{"id":"gen9vgc2023regulationc-1861825346","p1":"Azulimao","p2":"TheRealKaige","format":"[Gen 9] VGC 2023 Regulation C","log":"|j|\u2606Azulimao\n|j|\u2606TheRealKaige\n|t:|1683812514\n|gametype|doubles\n|player|p1|Azulimao|boarder|1192\n|player|p2|TheRealKaige|265|1128\n|teamsize|p1|6\n|teamsize|p2|6\n|gen|9\n|tier|[Gen 9] VGC 2023 Regulation C\n|rated|\n|rule|Species Clause: Limit one of each Pok\u00e9mon\n|rule|Item Clause: Limit one of each item\n|clearpoke\n|poke|p1|Abomasnow, L50, F|\n|poke|p1|Talonflame, L50, M|\n|poke|p1|Iron Bundle, L50|\n|poke|p1|Baxcalibur, L50, F|\n|poke|p1|Gyarados, L50, F|\n|poke|p1|Ceruledge, L50, F|\n|poke|p2|Flutter Mane, L50|\n|poke|p2|Chi-Yu, L50|\n|poke|p2|Scream Tail, L50|\n|poke|p2|Amoonguss, L50, F|\n|poke|p2|Baxcalibur, L50, M|\n|poke|p2|Annihilape, L50, M|\n|teampreview|4\nAzulimao rejected open team sheets.\n|\n|t:|1683812586\n|start\n|switch|p1a: Talonflame|Talonflame, L50, M|100\/100\n|switch|p1b: Gyarados|Gyarados, L50, F, shiny|100\/100\n|switch|p2a: Flutter Mane|Flutter Mane, L50|100\/100\n|switch|p2b: Scream Tail|Scream Tail, L50|100\/100\n|-ability|p1b: Gyarados|Intimidate|boost\n|-unboost|p2a: Flutter Mane|atk|1\n|-unboost|p2b: Scream Tail|atk|1\n|-enditem|p2b: Scream Tail|Booster Energy\n|-activate|p2b: Scream Tail|ability: Protosynthesis|[fromitem]\n|-start|p2b: Scream Tail|protosynthesisspe\n|turn|1\n|inactive|Battle timer is ON: inactive players will automatically lose when time's up. (requested by Azulimao)\n|\n|t:|1683812615\n|move|p1a: Talonflame|Tailwind|p1a: Talonflame\n|-sidestart|p1: Azulimao|move: Tailwind\n|move|p2b: Scream Tail|Encore|p1a: Talonflame\n|-start|p1a: Talonflame|Encore\n|move|p1b: Gyarados|Taunt|p2a: Flutter Mane\n|-start|p2a: Flutter Mane|move: Taunt\n|move|p2a: Flutter Mane|Thunderbolt|p1b: Gyarados\n|-supereffective|p1b: Gyarados\n|-damage|p1b: Gyarados|0 fnt\n|faint|p1b: Gyarados\n|\n|upkeep\n|\n|t:|1683812626\n|switch|p1b: Ceruledge|Ceruledge, L50, F|100\/100\n|turn|2\n|\n|t:|1683812650\n|switch|p1a: Iron Bundle|Iron Bundle, L50, shiny|100\/100\n|-enditem|p1a: Iron Bundle|Booster Energy\n|-activate|p1a: Iron Bundle|ability: Quark Drive|[fromitem]\n|-start|p1a: Iron Bundle|quarkdrivespe\n|move|p2b: Scream Tail|Thunder Wave|p1b: Ceruledge\n|-status|p1b: Ceruledge|par\n|move|p2a: Flutter Mane|Thunderbolt|p1a: Iron Bundle\n|-supereffective|p1a: Iron Bundle\n|-crit|p1a: Iron Bundle\n|-damage|p1a: Iron Bundle|0 fnt\n|faint|p1a: Iron Bundle\n|-end|p1a: Iron Bundle|Quark Drive|[silent]\n|move|p1b: Ceruledge|Bitter Blade|p2a: Flutter Mane\n|-damage|p2a: Flutter Mane|2\/100\n|-damage|p1b: Ceruledge|91\/100 par|[from] item: Life Orb\n|\n|upkeep\n|\n|t:|1683812664\n|switch|p1a: Talonflame|Talonflame, L50, M|100\/100\n|turn|3\n|\n|t:|1683812675\n|move|p1a: Talonflame|Brave Bird|p2a: Flutter Mane\n|-damage|p2a: Flutter Mane|0 fnt\n|faint|p2a: Flutter Mane\n|-end|p2a: Flutter Mane|Protosynthesis|[silent]\n|-damage|p1a: Talonflame|99\/100|[from] Recoil\n|move|p2b: Scream Tail|Encore|p1b: Ceruledge\n|-start|p1b: Ceruledge|Encore\n|move|p1b: Ceruledge|Bitter Blade|p2b: Scream Tail\n|-damage|p2b: Scream Tail|58\/100\n|-heal|p1b: Ceruledge|100\/100 par|[from] drain|[of] p2b: Scream Tail\n|-damage|p1b: Ceruledge|91\/100 par|[from] item: Life Orb\n|\n|upkeep\n|\n|t:|1683812691\n|switch|p2a: Annihilape|Annihilape, L50, M|100\/100\n|turn|4\n|\n|t:|1683812703\n|-terastallize|p2a: Annihilape|Fire\n|move|p1a: Talonflame|Brave Bird|p2a: Annihilape\n|-damage|p2a: Annihilape|47\/100\n|-damage|p1a: Talonflame|80\/100|[from] Recoil\n|move|p2b: Scream Tail|Disable|p1b: Ceruledge\n|-start|p1b: Ceruledge|Disable|Bitter Blade\n|cant|p1b: Ceruledge|Disable|Bitter Blade\n|move|p2a: Annihilape|Bulk Up|p2a: Annihilape\n|-boost|p2a: Annihilape|atk|1\n|-boost|p2a: Annihilape|def|1\n|\n|-heal|p2a: Annihilape|53\/100|[from] item: Leftovers\n|-sideend|p1: Azulimao|move: Tailwind\n|upkeep\n|turn|5\n|\n|t:|1683812725\n|move|p2a: Annihilape|Protect|p2a: Annihilape\n|-singleturn|p2a: Annihilape|Protect\n|move|p2b: Scream Tail|Thunder Wave|p1a: Talonflame\n|-status|p1a: Talonflame|par\n|move|p1a: Talonflame|Brave Bird|p2a: Annihilape\n|-activate|p2a: Annihilape|move: Protect\n|-activate|p1b: Ceruledge|move: Struggle\n|move|p1b: Ceruledge|Struggle|p2b: Scream Tail\n|-damage|p2b: Scream Tail|40\/100\n|-damage|p1b: Ceruledge|66\/100 par|[from] recoil\n|-damage|p1b: Ceruledge|56\/100 par|[from] item: Life Orb\n|\n|-heal|p2a: Annihilape|60\/100|[from] item: Leftovers\n|-end|p1b: Ceruledge|Encore\n|upkeep\n|turn|6\n|inactive|Azulimao has 30 seconds left.\n|\n|t:|1683812756\n|move|p2b: Scream Tail|Disable|p1a: Talonflame\n|-start|p1a: Talonflame|Disable|Brave Bird\n|move|p2a: Annihilape|Rage Fist|p1b: Ceruledge\n|-supereffective|p1b: Ceruledge\n|-damage|p1b: Ceruledge|0 fnt\n|faint|p1b: Ceruledge\n|cant|p1a: Talonflame|Disable|Brave Bird\n|\n|-heal|p2a: Annihilape|66\/100|[from] item: Leftovers\n|upkeep\n|turn|7\n|-message|Azulimao forfeited.\n|\n|win|TheRealKaige\n|raw|Azulimao's rating: 1192 → 1162<\/strong> (-30 for losing)\n|raw|TheRealKaige's rating: 1128 → 1158<\/strong> (+30 for winning)\n|l|\u2606Azulimao\n","uploadtime":1683812770,"views":11,"p1id":"azulimao","p2id":"therealkaige","formatid":"gen9vgc2023regulationc","rating":1158,"private":0,"password":""}