{"id":"gen9vgc2023regulationc-1856246898","p1":"RitmanTesting1","p2":"zeus_system","format":"[Gen 9] VGC 2023 Regulation C","log":"|j|\u2606RitmanTesting1\n|j|\u2606zeus_system\n|t:|1683044317\n|gametype|doubles\n|player|p1|RitmanTesting1|byron|1491\n|player|p2|zeus_system|lyra|1521\n|teamsize|p1|6\n|teamsize|p2|6\n|gen|9\n|tier|[Gen 9] VGC 2023 Regulation C\n|rated|\n|rule|Species Clause: Limit one of each Pok\u00e9mon\n|rule|Item Clause: Limit one of each item\n|clearpoke\n|poke|p1|Arcanine, L50, F|\n|poke|p1|Flutter Mane, L50|\n|poke|p1|Rotom-Wash, L50|\n|poke|p1|Wo-Chien, L50|\n|poke|p1|Glimmora, L50, F|\n|poke|p1|Baxcalibur, L50, M|\n|poke|p2|Dragonite, L50, F|\n|poke|p2|Ting-Lu, L50|\n|poke|p2|Flutter Mane, L50|\n|poke|p2|Amoonguss, L50, F|\n|poke|p2|Arcanine, L50, F|\n|poke|p2|Orthworm, L50, F|\n|teampreview|4\nRitmanTesting1 has agreed to open team sheets.\n|inactive|Battle timer is ON: inactive players will automatically lose when time's up. (requested by RitmanTesting1)\n|inactive|RitmanTesting1 has 60 seconds left.\n|\n|t:|1683044366\n|start\n|switch|p1a: Rotom|Rotom-Wash, L50|100\/100\n|switch|p1b: Wo-Chien|Wo-Chien, L50|100\/100\n|switch|p2a: Ting-Lu|Ting-Lu, L50|100\/100\n|switch|p2b: Orthworm|Orthworm, L50, F|100\/100\n|-ability|p1b: Wo-Chien|Tablets of Ruin\n|-ability|p2a: Ting-Lu|Vessel of Ruin\n|turn|1\n|inactive|zeus_system has 30 seconds left.\n|\n|t:|1683044392\n|move|p1a: Rotom|Nasty Plot|p1a: Rotom\n|-boost|p1a: Rotom|spa|2\n|move|p1b: Wo-Chien|Leech Seed|p2a: Ting-Lu\n|-start|p2a: Ting-Lu|move: Leech Seed\n|move|p2a: Ting-Lu|Ruination|p1a: Rotom\n|-damage|p1a: Rotom|50\/100\n|-enditem|p1a: Rotom|Sitrus Berry|[eat]\n|-heal|p1a: Rotom|75\/100|[from] item: Sitrus Berry\n|move|p2b: Orthworm|Shed Tail|p2b: Orthworm\n|-start|p2b: Orthworm|Substitute|[from] move: Shed Tail\n|-damage|p2b: Orthworm|50\/100\n|-enditem|p2b: Orthworm|Sitrus Berry|[eat]\n|-heal|p2b: Orthworm|75\/100|[from] item: Sitrus Berry\n|\n|t:|1683044405\n|switch|p2b: Flutter Mane|Flutter Mane, L50|100\/100|[from] Shed Tail\n|-enditem|p2b: Flutter Mane|Booster Energy\n|-activate|p2b: Flutter Mane|ability: Protosynthesis|[fromitem]\n|-start|p2b: Flutter Mane|protosynthesisspa\n|\n|-damage|p2a: Ting-Lu|88\/100|[from] Leech Seed|[of] p1b: Wo-Chien\n|upkeep\n|turn|2\n|\n|t:|1683044431\n|switch|p2a: Orthworm|Orthworm, L50, F|75\/100\n|-terastallize|p2b: Flutter Mane|Fairy\n|-terastallize|p1b: Wo-Chien|Poison\n|move|p1a: Rotom|Protect|p1a: Rotom\n|-singleturn|p1a: Rotom|Protect\n|move|p2b: Flutter Mane|Moonblast|p1a: Rotom\n|-activate|p1a: Rotom|move: Protect\n|move|p1b: Wo-Chien|Snarl|p2a: Orthworm|[spread] p2a,p2b\n|-resisted|p2b: Flutter Mane\n|-damage|p2a: Orthworm|58\/100\n|-damage|p2b: Flutter Mane|94\/100\n|-unboost|p2a: Orthworm|spa|1\n|-unboost|p2b: Flutter Mane|spa|1\n|\n|upkeep\n|turn|3\n|\n|t:|1683044448\n|move|p2b: Flutter Mane|Moonblast|p1a: Rotom\n|-damage|p1a: Rotom|19\/100\n|move|p1a: Rotom|Hydro Pump|p2a: Orthworm\n|-damage|p2a: Orthworm|0 fnt\n|faint|p2a: Orthworm\n|move|p1b: Wo-Chien|Snarl|p2b: Flutter Mane\n|-resisted|p2b: Flutter Mane\n|-damage|p2b: Flutter Mane|86\/100\n|-unboost|p2b: Flutter Mane|spa|1\n|\n|upkeep\n|\n|t:|1683044459\n|switch|p2a: Dragonite|Dragonite, L50, F|100\/100\n|turn|4\n|\n|t:|1683044470\n|move|p1a: Rotom|Protect|p1a: Rotom\n|-singleturn|p1a: Rotom|Protect\n|move|p2b: Flutter Mane|Moonblast|p1a: Rotom\n|-activate|p1a: Rotom|move: Protect\n|move|p2a: Dragonite|Dragon Dance|p2a: Dragonite\n|-boost|p2a: Dragonite|atk|1\n|-boost|p2a: Dragonite|spe|1\n|move|p1b: Wo-Chien|Snarl|p2a: Dragonite|[spread] p2b\n|-miss|p1b: Wo-Chien|p2a: Dragonite\n|-resisted|p2b: Flutter Mane\n|-damage|p2b: Flutter Mane|80\/100\n|-unboost|p2b: Flutter Mane|spa|1\n|\n|upkeep\n|turn|5\n|\n|t:|1683044490\n|move|p2a: Dragonite|Extreme Speed|p1a: Rotom\n|-damage|p1a: Rotom|0 fnt\n|faint|p1a: Rotom\n|move|p2b: Flutter Mane|Shadow Ball|p1b: Wo-Chien\n|-damage|p1b: Wo-Chien|86\/100\n|move|p1b: Wo-Chien|Pollen Puff|p1: Rotom|[notarget]\n|-fail|p1b: Wo-Chien\n|\n|-heal|p1b: Wo-Chien|92\/100|[from] item: Leftovers\n|upkeep\n|\n|t:|1683044492\n|switch|p1a: Baxcalibur|Baxcalibur, L50, M|100\/100\n|turn|6\n|inactive|zeus_system has 30 seconds left.\n|\n|t:|1683044519\n|move|p1a: Baxcalibur|Protect|p1a: Baxcalibur\n|-singleturn|p1a: Baxcalibur|Protect\n|move|p2a: Dragonite|Extreme Speed|p1a: Baxcalibur\n|-activate|p1a: Baxcalibur|move: Protect\n|move|p2b: Flutter Mane|Moonblast|p1a: Baxcalibur\n|-activate|p1a: Baxcalibur|move: Protect\n|move|p1b: Wo-Chien|Leech Seed|p2a: Dragonite\n|-start|p2a: Dragonite|move: Leech Seed\n|\n|-heal|p1b: Wo-Chien|98\/100|[from] item: Leftovers\n|-damage|p2a: Dragonite|89\/100|[from] Leech Seed|[of] p1b: Wo-Chien\n|-heal|p1b: Wo-Chien|100\/100|[silent]\n|upkeep\n|turn|7\n|\n|t:|1683044535\n|move|p2b: Flutter Mane|Protect|p2b: Flutter Mane\n|-singleturn|p2b: Flutter Mane|Protect\n|move|p1a: Baxcalibur|Ice Shard|p2a: Dragonite\n|-supereffective|p2a: Dragonite\n|-damage|p2a: Dragonite|14\/100\n|move|p2a: Dragonite|Earthquake|p1b: Wo-Chien|[spread] p1a,p1b\n|-activate|p2b: Flutter Mane|move: Protect\n|-supereffective|p1b: Wo-Chien\n|-damage|p1a: Baxcalibur|76\/100\n|-damage|p1b: Wo-Chien|54\/100\n|move|p1b: Wo-Chien|Snarl|p2a: Dragonite|[spread] p2a\n|-activate|p2b: Flutter Mane|move: Protect\n|-damage|p2a: Dragonite|1\/100\n|-unboost|p2a: Dragonite|spa|1\n|\n|-heal|p1b: Wo-Chien|60\/100|[from] item: Leftovers\n|-damage|p2a: Dragonite|0 fnt|[from] Leech Seed|[of] p1b: Wo-Chien\n|-heal|p1b: Wo-Chien|60\/100|[silent]\n|faint|p2a: Dragonite\n|upkeep\n|\n|t:|1683044552\n|switch|p2a: Ting-Lu|Ting-Lu, L50|88\/100\n|-ability|p2a: Ting-Lu|Vessel of Ruin\n|turn|8\n|\n|t:|1683044574\n|switch|p1b: Arcanine|Arcanine, L50, F|100\/100\n|-ability|p1b: Arcanine|Intimidate|boost\n|-unboost|p2a: Ting-Lu|atk|1\n|-immune|p2b: Flutter Mane\n|move|p2b: Flutter Mane|Moonblast|p1a: Baxcalibur\n|-supereffective|p1a: Baxcalibur\n|-damage|p1a: Baxcalibur|26\/100\n|move|p1a: Baxcalibur|Icicle Spear|p2a: Ting-Lu\n|-supereffective|p2a: Ting-Lu\n|-damage|p2a: Ting-Lu|72\/100\n|-supereffective|p2a: Ting-Lu\n|-damage|p2a: Ting-Lu|53\/100\n|-supereffective|p2a: Ting-Lu\n|-damage|p2a: Ting-Lu|35\/100\n|-supereffective|p2a: Ting-Lu\n|-damage|p2a: Ting-Lu|18\/100\n|-supereffective|p2a: Ting-Lu\n|-damage|p2a: Ting-Lu|0 fnt\n|faint|p2a: Ting-Lu\n|-hitcount|p2: Ting-Lu|5\n|\n|upkeep\n|turn|9\n|inactive|RitmanTesting1 has 30 seconds left.\n|\n|t:|1683044600\n|move|p1a: Baxcalibur|Ice Shard|p2b: Flutter Mane\n|-end|p2b: Flutter Mane|Substitute\n|move|p2b: Flutter Mane|Dazzling Gleam|p1a: Baxcalibur|[spread] p1a,p1b\n|-supereffective|p1a: Baxcalibur\n|-resisted|p1b: Arcanine\n|-damage|p1a: Baxcalibur|0 fnt\n|-damage|p1b: Arcanine|89\/100\n|faint|p1a: Baxcalibur\n|move|p1b: Arcanine|Flare Blitz|p2b: Flutter Mane\n|-damage|p2b: Flutter Mane|0 fnt\n|faint|p2b: Flutter Mane\n|-end|p2b: Flutter Mane|Protosynthesis|[silent]\n|-damage|p1b: Arcanine|68\/100|[from] Recoil\n|\n|win|RitmanTesting1\n|raw|RitmanTesting1's rating: 1491 → 1513<\/strong> (+22 for winning)\n|raw|zeus_system's rating: 1521 → 1499<\/strong> (-22 for losing)\n|c|\u2606RitmanTesting1|gg\n","uploadtime":1683044619,"views":8,"p1id":"ritmantesting1","p2id":"zeussystem","formatid":"gen9vgc2023regulationc","rating":1499,"private":0,"password":""}