{"id":"gen9vgc2023regulationc-1860000744","p1":"feetway","p2":"DeewompostYT","format":"[Gen 9] VGC 2023 Regulation C","log":"|j|\u2606feetway\n|j|\u2606DeewompostYT\n|t:|1683583719\n|gametype|doubles\n|player|p1|feetway|veteran-gen4|1126\n|player|p2|DeewompostYT|janitor|1032\n|teamsize|p1|6\n|teamsize|p2|6\n|gen|9\n|tier|[Gen 9] VGC 2023 Regulation C\n|rated|\n|rule|Species Clause: Limit one of each Pok\u00e9mon\n|rule|Item Clause: Limit one of each item\n|clearpoke\n|poke|p1|Kingambit, L50, M|\n|poke|p1|Palafin, L50, M|\n|poke|p1|Pelipper, L50, M|\n|poke|p1|Raichu, L50, M|\n|poke|p1|Iron Valiant, L50|\n|poke|p1|Dragapult, L50, M|\n|poke|p2|Kingambit, L50, F|\n|poke|p2|Hatterene, L50, F|\n|poke|p2|Amoonguss, L50, F|\n|poke|p2|Ting-Lu, L50|\n|poke|p2|Flutter Mane, L50|\n|poke|p2|Chi-Yu, L50|\n|teampreview|4\nfeetway rejected open team sheets.\n|inactive|Battle timer is ON: inactive players will automatically lose when time's up. (requested by feetway)\n|inactive|feetway has 60 seconds left.\n|inactive|DeewompostYT has 60 seconds left.\n|\n|t:|1683583770\n|start\n|switch|p1a: gawk|Pelipper, L50, M|100\/100\n|switch|p1b: SUPERMAN|Palafin, L50, M, shiny|100\/100\n|switch|p2a: Ting-Lu|Ting-Lu, L50|100\/100\n|switch|p2b: Hatterene|Hatterene, L50, F|100\/100\n|-weather|RainDance|[from] ability: Drizzle|[of] p1a: gawk\n|-ability|p2a: Ting-Lu|Vessel of Ruin\n|turn|1\n|inactive|feetway has 30 seconds left.\n|inactive|DeewompostYT has 30 seconds left.\n|inactive|DeewompostYT has 20 seconds left.\n|inactive|DeewompostYT has 15 seconds left.\n|\n|t:|1683583813\n|switch|p2a: Amoonguss|Amoonguss, L50, F|100\/100\n|-terastallize|p1b: SUPERMAN|Water\n|move|p1b: SUPERMAN|Wave Crash|p2b: Hatterene\n|-damage|p2b: Hatterene|0 fnt\n|faint|p2b: Hatterene\n|-damage|p1b: SUPERMAN|74\/100|[from] Recoil\n|move|p1a: gawk|Chilling Water|p2a: Amoonguss\n|-resisted|p2a: Amoonguss\n|-damage|p2a: Amoonguss|92\/100\n|-unboost|p2a: Amoonguss|atk|1\n|\n|-weather|RainDance|[upkeep]\n|upkeep\n|\n|t:|1683583829\n|switch|p2b: Kingambit|Kingambit, L50, F|100\/100\n|turn|2\n|inactive|feetway has 30 seconds left.\n|inactive|feetway has 20 seconds left.\n|inactive|feetway has 15 seconds left.\n|\n|t:|1683583872\n|detailschange|p1b: SUPERMAN|Palafin-Hero, L50, M, shiny, tera:Water\n|switch|p1b: paradoxxer|Iron Valiant, L50|100\/100\n|move|p2a: Amoonguss|Rage Powder|p2a: Amoonguss\n|-singleturn|p2a: Amoonguss|move: Rage Powder\n|move|p1a: gawk|Hurricane|p2a: Amoonguss\n|-supereffective|p2a: Amoonguss\n|-damage|p2a: Amoonguss|43\/100\n|-start|p2a: Amoonguss|confusion\n|-enditem|p2a: Amoonguss|Sitrus Berry|[eat]\n|-heal|p2a: Amoonguss|68\/100|[from] item: Sitrus Berry\n|move|p2b: Kingambit|Swords Dance|p2b: Kingambit\n|-boost|p2b: Kingambit|atk|2\n|\n|-weather|RainDance|[upkeep]\n|upkeep\n|turn|3\n|inactive|DeewompostYT has 30 seconds left.\n|inactive|DeewompostYT has 20 seconds left.\n|inactive|DeewompostYT has 15 seconds left.\n|inactive|DeewompostYT has 10 seconds left.\n|\n|t:|1683583918\n|switch|p2a: Ting-Lu|Ting-Lu, L50|100\/100\n|-ability|p2a: Ting-Lu|Vessel of Ruin\n|move|p2b: Kingambit|Protect|p2b: Kingambit\n|-singleturn|p2b: Kingambit|Protect\n|move|p1b: paradoxxer|Close Combat|p2b: Kingambit\n|-activate|p2b: Kingambit|move: Protect\n|move|p1a: gawk|Hurricane|p2a: Ting-Lu\n|-damage|p2a: Ting-Lu|88\/100\n|\n|-weather|RainDance|[upkeep]\n|upkeep\n|turn|4\n|inactive|DeewompostYT has 30 seconds left.\n|\n|t:|1683583945\n|-terastallize|p2a: Ting-Lu|Poison\n|move|p2b: Kingambit|Sucker Punch|p1b: paradoxxer\n|-resisted|p1b: paradoxxer\n|-damage|p1b: paradoxxer|70\/100\n|move|p1b: paradoxxer|Close Combat|p2b: Kingambit\n|-supereffective|p2b: Kingambit\n|-damage|p2b: Kingambit|0 fnt\n|-unboost|p1b: paradoxxer|def|1\n|-unboost|p1b: paradoxxer|spd|1\n|faint|p2b: Kingambit\n|move|p1a: gawk|Chilling Water|p2a: Ting-Lu\n|-damage|p2a: Ting-Lu|79\/100\n|-unboost|p2a: Ting-Lu|atk|1\n|move|p2a: Ting-Lu|Heavy Slam|p1b: paradoxxer\n|-supereffective|p1b: paradoxxer\n|-damage|p1b: paradoxxer|0 fnt\n|faint|p1b: paradoxxer\n|-end|p1b: paradoxxer|Quark Drive|[silent]\n|\n|-weather|RainDance|[upkeep]\n|upkeep\n|\n|t:|1683583965\n|switch|p1b: big ahh horn|Kingambit, L50, M, shiny|100\/100\n|switch|p2b: Amoonguss|Amoonguss, L50, F|100\/100\n|turn|5\n|inactive|feetway has 30 seconds left.\n|inactive|feetway has 20 seconds left.\n|inactive|feetway has 15 seconds left.\n|inactive|feetway has 10 seconds left.\n|inactive|feetway has 5 seconds left.\n|\n|t:|1683584019\n|move|p1b: big ahh horn|Sucker Punch|p2a: Ting-Lu\n|-damage|p2a: Ting-Lu|57\/100\n|move|p1a: gawk|Hurricane|p2b: Amoonguss\n|-supereffective|p2b: Amoonguss\n|-damage|p2b: Amoonguss|62\/100\n|move|p2b: Amoonguss|Spore|p1a: gawk\n|-status|p1a: gawk|slp|[from] move: Spore\n|move|p2a: Ting-Lu|Ruination|p1b: big ahh horn\n|-damage|p1b: big ahh horn|51\/100\n|\n|-weather|none\n|upkeep\n|turn|6\n|inactive|DeewompostYT has 30 seconds left.\n|inactive|DeewompostYT has 20 seconds left.\n|inactive|DeewompostYT has 15 seconds left.\n|inactive|DeewompostYT has 10 seconds left.\n|\n|t:|1683584064\n|switch|p1a: SUPERMAN|Palafin-Hero, L50, M, shiny, tera:Water|74\/100\n|-activate|p1a: SUPERMAN|ability: Zero to Hero\n|move|p1b: big ahh horn|Kowtow Cleave|p2b: Amoonguss\n|-damage|p2b: Amoonguss|7\/100\n|move|p2a: Ting-Lu|Stomping Tantrum|p1b: big ahh horn\n|-supereffective|p1b: big ahh horn\n|-damage|p1b: big ahh horn|20\/100\n|move|p2b: Amoonguss|Spore|p1a: SUPERMAN\n|-status|p1a: SUPERMAN|slp|[from] move: Spore\n|\n|upkeep\n|turn|7\n|\n|t:|1683584088\n|switch|p1a: gawk|Pelipper, L50, M|100\/100 slp\n|-weather|RainDance|[from] ability: Drizzle|[of] p1a: gawk\n|move|p1b: big ahh horn|Sucker Punch|p2a: Ting-Lu\n|-damage|p2a: Ting-Lu|35\/100\n|move|p2a: Ting-Lu|Stomping Tantrum|p1b: big ahh horn\n|-supereffective|p1b: big ahh horn\n|-damage|p1b: big ahh horn|0 fnt\n|faint|p1b: big ahh horn\n|move|p2b: Amoonguss|Pollen Puff|p2a: Ting-Lu\n|-heal|p2a: Ting-Lu|85\/100\n|\n|-weather|RainDance|[upkeep]\n|upkeep\n|\n|t:|1683584103\n|switch|p1b: SUPERMAN|Palafin-Hero, L50, M, shiny, tera:Water|74\/100 slp\n|turn|8\n|inactive|DeewompostYT has 30 seconds left.\n|\n|t:|1683584131\n|cant|p1b: SUPERMAN|slp\n|move|p2b: Amoonguss|Rage Powder|p2b: Amoonguss\n|-singleturn|p2b: Amoonguss|move: Rage Powder\n|cant|p1a: gawk|slp\n|move|p2a: Ting-Lu|Ruination|p1b: SUPERMAN\n|-damage|p1b: SUPERMAN|38\/100 slp\n|\n|-weather|RainDance|[upkeep]\n|upkeep\n|turn|9\n|inactive|DeewompostYT has 30 seconds left.\n|\n|t:|1683584160\n|cant|p1b: SUPERMAN|slp\n|cant|p1a: gawk|slp\n|move|p2b: Amoonguss|Spore|p1b: SUPERMAN\n|-fail|p1b: SUPERMAN|slp\n|move|p2a: Ting-Lu|Stomping Tantrum|p1b: SUPERMAN\n|-damage|p1b: SUPERMAN|20\/100 slp\n|\n|-weather|RainDance|[upkeep]\n|upkeep\n|turn|10\n|inactive|DeewompostYT has 30 seconds left.\n|\n|t:|1683584186\n|cant|p1b: SUPERMAN|slp\n|cant|p1a: gawk|slp\n|move|p2a: Ting-Lu|Heavy Slam|p1b: SUPERMAN\n|-resisted|p1b: SUPERMAN\n|-damage|p1b: SUPERMAN|12\/100 slp\n|move|p2b: Amoonguss|Spore|p1a: gawk\n|-fail|p1a: gawk|slp\n|\n|-weather|RainDance|[upkeep]\n|upkeep\n|turn|11\n|\n|t:|1683584204\n|-curestatus|p1b: SUPERMAN|slp|[msg]\n|move|p1b: SUPERMAN|Wave Crash|p2a: Ting-Lu\n|-damage|p2a: Ting-Lu|0 fnt\n|faint|p2a: Ting-Lu\n|-damage|p1b: SUPERMAN|0 fnt|[from] Recoil\n|faint|p1b: SUPERMAN\n|-curestatus|p1a: gawk|slp|[msg]\n|move|p1a: gawk|Icy Wind|p2b: Amoonguss\n|-supereffective|p2b: Amoonguss\n|-damage|p2b: Amoonguss|0 fnt\n|faint|p2b: Amoonguss\n|\n|win|feetway\n|raw|feetway's rating: 1126 → 1144<\/strong> (+18 for winning)\n|raw|DeewompostYT's rating: 1032 → 1021<\/strong> (-11 for losing)\n","uploadtime":1683584214,"views":6,"p1id":"feetway","p2id":"deewompostyt","formatid":"gen9vgc2023regulationc","rating":1021,"private":0,"password":""}