{"id":"gen9vgc2023regulationc-1846884924","p1":"RyokouTsuki","p2":"CaliberChamp","format":"[Gen 9] VGC 2023 Regulation C","log":"|j|\u2606RyokouTsuki\n|j|\u2606CaliberChamp\n|t:|1681895784\n|gametype|doubles\n|player|p1|RyokouTsuki|rosa|1267\n|player|p2|CaliberChamp|red-masters|1339\n|teamsize|p1|6\n|teamsize|p2|6\n|gen|9\n|tier|[Gen 9] VGC 2023 Regulation C\n|rated|\n|rule|Species Clause: Limit one of each Pok\u00e9mon\n|rule|Item Clause: Limit one of each item\n|clearpoke\n|poke|p1|Arcanine, L50, F|\n|poke|p1|Iron Bundle, L50|\n|poke|p1|Volcarona, L50, F|\n|poke|p1|Abomasnow, L50, M|\n|poke|p1|Dondozo, L50, M|\n|poke|p1|Tatsugiri, L50, M|\n|poke|p2|Quaquaval, L50, F|\n|poke|p2|Orthworm, L50, M|\n|poke|p2|Armarouge, L50, M|\n|poke|p2|Ceruledge, L50, F|\n|poke|p2|Iron Bundle, L50|\n|poke|p2|Iron Valiant, L50|\n|teampreview|4\n|inactive|Battle timer is ON: inactive players will automatically lose when time's up. (requested by CaliberChamp)\n|inactive|RyokouTsuki has 60 seconds left.\n|\n|t:|1681895841\n|start\n|switch|p1a: Iron Bundle|Iron Bundle, L50|100\/100\n|switch|p1b: Volcarona|Volcarona, L50, F|100\/100\n|switch|p2a: Galiant|Iron Valiant, L50|100\/100\n|switch|p2b: Delibundle|Iron Bundle, L50|100\/100\n|-enditem|p1a: Iron Bundle|Booster Energy\n|-activate|p1a: Iron Bundle|ability: Quark Drive|[fromitem]\n|-start|p1a: Iron Bundle|quarkdrivespe\n|-enditem|p2a: Galiant|Booster Energy\n|-activate|p2a: Galiant|ability: Quark Drive|[fromitem]\n|-start|p2a: Galiant|quarkdrivespe\n|turn|1\n|inactive|RyokouTsuki has 30 seconds left.\n|inactive|CaliberChamp has 30 seconds left.\n|\n|t:|1681895870\n|move|p2a: Galiant|Protect|p2a: Galiant\n|-singleturn|p2a: Galiant|Protect\n|move|p1a: Iron Bundle|Icy Wind|p2a: Galiant|[spread] p2b\n|-activate|p2a: Galiant|move: Protect\n|-resisted|p2b: Delibundle\n|-damage|p2b: Delibundle|91\/100\n|-unboost|p2b: Delibundle|spe|1\n|move|p1b: Volcarona|Quiver Dance|p1b: Volcarona\n|-boost|p1b: Volcarona|spa|1\n|-boost|p1b: Volcarona|spd|1\n|-boost|p1b: Volcarona|spe|1\n|move|p2b: Delibundle|Freeze-Dry|p1a: Iron Bundle\n|-damage|p1a: Iron Bundle|36\/100\n|\n|upkeep\n|turn|2\n|inactive|CaliberChamp has 30 seconds left.\n|\n|t:|1681895895\n|move|p1b: Volcarona|Protect|p1b: Volcarona\n|-singleturn|p1b: Volcarona|Protect\n|move|p2b: Delibundle|Protect|p2b: Delibundle\n|-singleturn|p2b: Delibundle|Protect\n|move|p1a: Iron Bundle|Icy Wind|p2b: Delibundle|[spread] p2a\n|-activate|p2b: Delibundle|move: Protect\n|-damage|p2a: Galiant|64\/100\n|-unboost|p2a: Galiant|spe|1\n|move|p2a: Galiant|Dazzling Gleam|p1a: Iron Bundle|[spread] p1a\n|-activate|p1b: Volcarona|move: Protect\n|-damage|p1a: Iron Bundle|0 fnt\n|faint|p1a: Iron Bundle\n|-end|p1a: Iron Bundle|Quark Drive|[silent]\n|\n|upkeep\n|\n|t:|1681895908\n|switch|p1a: Abomasnow|Abomasnow, L50, M|100\/100\n|-weather|Snow|[from] ability: Snow Warning|[of] p1a: Abomasnow\n|turn|3\n|inactive|CaliberChamp has 30 seconds left.\n|\n|t:|1681895940\n|-end|p2b: Delibundle|Quark Drive|[silent]\n|switch|p2b: Armarouge|Armarouge, L50, M|100\/100\n|move|p2a: Galiant|Protect|p2a: Galiant\n|-singleturn|p2a: Galiant|Protect\n|move|p1b: Volcarona|Giga Drain|p2b: Armarouge\n|-resisted|p2b: Armarouge\n|-damage|p2b: Armarouge|73\/100\n|move|p1a: Abomasnow|Aurora Veil|p1a: Abomasnow\n|-sidestart|p1: RyokouTsuki|move: Aurora Veil\n|\n|-weather|Snow|[upkeep]\n|upkeep\n|turn|4\n|inactive|CaliberChamp has 30 seconds left.\n|\n|t:|1681895970\n|-end|p2a: Galiant|Quark Drive|[silent]\n|switch|p2a: Ceruledge|Ceruledge, L50, F|100\/100\n|move|p1b: Volcarona|Giga Drain|p2a: Ceruledge\n|-resisted|p2a: Ceruledge\n|-damage|p2a: Ceruledge|75\/100\n|move|p1a: Abomasnow|Earth Power|p2b: Armarouge\n|-supereffective|p2b: Armarouge\n|-damage|p2b: Armarouge|16\/100\n|move|p2b: Armarouge|Trick Room|p2b: Armarouge\n|-fieldstart|move: Trick Room|[of] p2b: Armarouge\n|\n|-weather|Snow|[upkeep]\n|upkeep\n|turn|5\n|inactive|RyokouTsuki has 30 seconds left.\n|inactive|CaliberChamp has 30 seconds left.\n|inactive|CaliberChamp has 20 seconds left.\n|inactive|CaliberChamp has 15 seconds left.\n|inactive|RyokouTsuki has 20 seconds left.\n|\n|t:|1681896018\n|move|p2b: Armarouge|Lava Plume|p1b: Volcarona|[spread] p1a,p1b\n|-start|p2a: Ceruledge|ability: Flash Fire\n|-supereffective|p1a: Abomasnow\n|-damage|p1a: Abomasnow|26\/100\n|-damage|p1b: Volcarona|88\/100\n|move|p1a: Abomasnow|Blizzard|p2a: Ceruledge|[spread] p2a,p2b\n|-resisted|p2a: Ceruledge\n|-resisted|p2b: Armarouge\n|-damage|p2a: Ceruledge|55\/100\n|-damage|p2b: Armarouge|0 fnt\n|faint|p2b: Armarouge\n|move|p2a: Ceruledge|Bitter Blade|p1a: Abomasnow\n|-supereffective|p1a: Abomasnow\n|-damage|p1a: Abomasnow|0 fnt\n|-heal|p2a: Ceruledge|69\/100|[from] drain|[of] p1a: Abomasnow\n|faint|p1a: Abomasnow\n|move|p1b: Volcarona|Psychic|p2a: Ceruledge\n|-damage|p2a: Ceruledge|14\/100\n|\n|-weather|Snow|[upkeep]\n|upkeep\n|inactive|CaliberChamp has 30 seconds left.\n|inactive|CaliberChamp has 20 seconds left.\n|inactive|CaliberChamp has 15 seconds left.\n|inactive|CaliberChamp has 10 seconds left.\n|\n|t:|1681896063\n|switch|p2b: Delibundle|Iron Bundle, L50|91\/100\n|switch|p1a: Arcanine|Arcanine, L50, F|100\/100\n|-ability|p1a: Arcanine|Intimidate|boost\n|-unboost|p2a: Ceruledge|atk|1\n|-unboost|p2b: Delibundle|atk|1\n|turn|6\n|inactive|RyokouTsuki has 30 seconds left.\n|inactive|CaliberChamp has 30 seconds left.\n|\n|t:|1681896095\n|-terastallize|p2b: Delibundle|Ground\n|move|p1b: Volcarona|Protect|p1b: Volcarona\n|-singleturn|p1b: Volcarona|Protect\n|move|p2a: Ceruledge|Bitter Blade|p1b: Volcarona\n|-activate|p1b: Volcarona|move: Protect\n|move|p1a: Arcanine|Flare Blitz|p2b: Delibundle\n|-damage|p2b: Delibundle|20\/100\n|-damage|p1a: Arcanine|82\/100|[from] Recoil\n|move|p2b: Delibundle|Tera Blast|p1a: Arcanine\n|-supereffective|p1a: Arcanine\n|-damage|p1a: Arcanine|16\/100\n|-enditem|p1a: Arcanine|Aguav Berry|[eat]\n|-heal|p1a: Arcanine|50\/100|[from] item: Aguav Berry\n|\n|-weather|Snow|[upkeep]\n|upkeep\n|turn|7\n|inactive|RyokouTsuki has 30 seconds left.\n|inactive|CaliberChamp has 30 seconds left.\n|\n|t:|1681896129\n|-terastallize|p1a: Arcanine|Normal\n|move|p2b: Delibundle|Protect|p2b: Delibundle\n|-singleturn|p2b: Delibundle|Protect\n|move|p1a: Arcanine|Extreme Speed|p2b: Delibundle\n|-activate|p2b: Delibundle|move: Protect\n|move|p2a: Ceruledge|Bitter Blade|p1b: Volcarona\n|-damage|p1b: Volcarona|38\/100\n|-heal|p2a: Ceruledge|39\/100|[from] drain|[of] p1b: Volcarona\n|move|p1b: Volcarona|Giga Drain|p2a: Ceruledge\n|-resisted|p2a: Ceruledge\n|-damage|p2a: Ceruledge|13\/100\n|-heal|p1b: Volcarona|51\/100|[from] drain|[of] p2a: Ceruledge\n|\n|-weather|none\n|-sideend|p1: RyokouTsuki|move: Aurora Veil\n|upkeep\n|turn|8\n|\n|t:|1681896153\n|move|p2b: Delibundle|Protect||[still]\n|-fail|p2b: Delibundle\n|move|p1b: Volcarona|Protect|p1b: Volcarona\n|-singleturn|p1b: Volcarona|Protect\n|move|p1a: Arcanine|Extreme Speed|p2b: Delibundle\n|-damage|p2b: Delibundle|0 fnt\n|faint|p2b: Delibundle\n|-end|p2b: Delibundle|Quark Drive|[silent]\n|move|p2a: Ceruledge|Bitter Blade|p1a: Arcanine\n|-damage|p1a: Arcanine|0 fnt\n|-heal|p2a: Ceruledge|35\/100|[from] drain|[of] p1a: Arcanine\n|faint|p1a: Arcanine\n|\n|-fieldend|move: Trick Room\n|upkeep\n|\n|t:|1681896169\n|switch|p2b: Galiant|Iron Valiant, L50|64\/100\n|turn|9\n|inactive|RyokouTsuki has 30 seconds left.\n|\n|t:|1681896198\n|move|p1b: Volcarona|Giga Drain|p2b: Galiant\n|-damage|p2b: Galiant|0 fnt\n|-heal|p1b: Volcarona|79\/100|[from] drain|[of] p2b: Galiant\n|faint|p2b: Galiant\n|-end|p2b: Galiant|Quark Drive|[silent]\n|move|p2a: Ceruledge|Bitter Blade|p1b: Volcarona\n|-damage|p1b: Volcarona|8\/100\n|-heal|p2a: Ceruledge|69\/100|[from] drain|[of] p1b: Volcarona\n|\n|upkeep\n|turn|10\n|\n|t:|1681896213\n|move|p2a: Ceruledge|Shadow Sneak|p1b: Volcarona\n|-damage|p1b: Volcarona|0 fnt\n|faint|p1b: Volcarona\n|\n|win|CaliberChamp\n|raw|RyokouTsuki's rating: 1267 → 1247<\/strong> (-20 for losing)\n|raw|CaliberChamp's rating: 1339 → 1355<\/strong> (+16 for winning)\n|l|\u2606RyokouTsuki\n","uploadtime":1681896229,"views":15,"p1id":"ryokoutsuki","p2id":"caliberchamp","formatid":"gen9vgc2023regulationc","rating":1247,"private":0,"password":""}