{"id":"gen9vgc2023regulationc-1863254548","p1":"tryson69","p2":"Nottaterstotz","format":"[Gen 9] VGC 2023 Regulation C","log":"|j|\u2606tryson69\n|j|\u2606Nottaterstotz\n|t:|1683994215\n|gametype|doubles\n|player|p1|tryson69|1|1024\n|player|p2|Nottaterstotz|2|1000\n|teamsize|p1|6\n|teamsize|p2|6\n|gen|9\n|tier|[Gen 9] VGC 2023 Regulation C\n|rated|\n|rule|Species Clause: Limit one of each Pok\u00e9mon\n|rule|Item Clause: Limit one of each item\n|clearpoke\n|poke|p1|Scream Tail, L50|\n|poke|p1|Ting-Lu, L50|\n|poke|p1|Flutter Mane, L50|\n|poke|p1|Palafin, L50, F|\n|poke|p1|Amoonguss, L50, M|\n|poke|p1|Skeledirge, L50, F|\n|poke|p2|Grafaiai, L50, F|\n|poke|p2|Mabosstiff, L50, F|\n|poke|p2|Zoroark, L50, M|\n|poke|p2|Dachsbun, L50, M|\n|poke|p2|Tyranitar, L50, M|\n|poke|p2|Lycanroc, L50, M|\n|teampreview|4\n|\n|t:|1683994261\n|start\n|switch|p1a: Scream Tail|Scream Tail, L50|100\/100\n|switch|p1b: Palafin|Palafin, L50, F|100\/100\n|switch|p2a: Tyranitar|Tyranitar, L50, M|100\/100\n|switch|p2b: Lycanroc|Lycanroc, L50, M|100\/100\n|-weather|Sandstorm|[from] ability: Sand Stream|[of] p2a: Tyranitar\n|turn|1\n|\n|t:|1683994304\n|detailschange|p1b: Palafin|Palafin-Hero, L50, F\n|switch|p1b: Ting-Lu|Ting-Lu, L50|100\/100\n|-ability|p1b: Ting-Lu|Vessel of Ruin\n|-terastallize|p2b: Lycanroc|Water\n|move|p2b: Lycanroc|Tera Blast|p1b: Ting-Lu\n|-supereffective|p1b: Ting-Lu\n|-damage|p1b: Ting-Lu|17\/100\n|move|p2a: Tyranitar|Iron Head|p1a: Scream Tail\n|-supereffective|p1a: Scream Tail\n|-damage|p1a: Scream Tail|29\/100\n|-enditem|p1a: Scream Tail|Sitrus Berry|[eat]\n|-heal|p1a: Scream Tail|54\/100|[from] item: Sitrus Berry\n|-damage|p2a: Tyranitar|91\/100|[from] item: Life Orb\n|move|p1a: Scream Tail|Trick Room|p1a: Scream Tail\n|-fieldstart|move: Trick Room|[of] p1a: Scream Tail\n|\n|-weather|Sandstorm|[upkeep]\n|-damage|p2b: Lycanroc|95\/100|[from] Sandstorm\n|-damage|p1a: Scream Tail|48\/100|[from] Sandstorm\n|-heal|p1b: Ting-Lu|23\/100|[from] item: Leftovers\n|upkeep\n|turn|2\n|\n|t:|1683994334\n|move|p1b: Ting-Lu|Fissure|p2b: Lycanroc|[miss]\n|-miss|p1b: Ting-Lu|p2b: Lycanroc\n|move|p2a: Tyranitar|Iron Head|p1a: Scream Tail\n|-supereffective|p1a: Scream Tail\n|-damage|p1a: Scream Tail|0 fnt\n|faint|p1a: Scream Tail\n|-end|p1a: Scream Tail|Protosynthesis|[silent]\n|-damage|p2a: Tyranitar|81\/100|[from] item: Life Orb\n|move|p2b: Lycanroc|Tera Blast|p1b: Ting-Lu\n|-supereffective|p1b: Ting-Lu\n|-damage|p1b: Ting-Lu|0 fnt\n|faint|p1b: Ting-Lu\n|\n|-weather|Sandstorm|[upkeep]\n|-damage|p2b: Lycanroc|89\/100|[from] Sandstorm\n|upkeep\n|\n|t:|1683994337\n|switch|p1b: Amoonguss|Amoonguss, L50, M|100\/100\n|switch|p1a: Palafin|Palafin-Hero, L50, F|100\/100\n|-activate|p1a: Palafin|ability: Zero to Hero\n|turn|3\n|\n|t:|1683994363\n|switch|p2b: Dachsbun|Dachsbun, L50, M|100\/100\n|-terastallize|p1a: Palafin|Water\n|move|p2a: Tyranitar|Protect|p2a: Tyranitar\n|-singleturn|p2a: Tyranitar|Protect\n|move|p1b: Amoonguss|Rage Powder|p1b: Amoonguss\n|-singleturn|p1b: Amoonguss|move: Rage Powder\n|move|p1a: Palafin|Wave Crash|p2a: Tyranitar\n|-activate|p2a: Tyranitar|move: Protect\n|\n|-weather|Sandstorm|[upkeep]\n|-damage|p1b: Amoonguss|95\/100|[from] Sandstorm\n|-damage|p2b: Dachsbun|94\/100|[from] Sandstorm\n|-damage|p1a: Palafin|94\/100|[from] Sandstorm\n|-heal|p1b: Amoonguss|100\/100|[from] item: Black Sludge\n|-heal|p2b: Dachsbun|100\/100|[from] item: Leftovers\n|upkeep\n|turn|4\n|\n|t:|1683994398\n|move|p1b: Amoonguss|Rage Powder|p1b: Amoonguss\n|-singleturn|p1b: Amoonguss|move: Rage Powder\n|move|p2b: Dachsbun|Baby-Doll Eyes|p1b: Amoonguss\n|-unboost|p1b: Amoonguss|atk|1\n|move|p2a: Tyranitar|Fire Fang|p1b: Amoonguss\n|-supereffective|p1b: Amoonguss\n|-damage|p1b: Amoonguss|45\/100\n|-damage|p2a: Tyranitar|71\/100|[from] item: Life Orb\n|move|p1a: Palafin|Wave Crash|p2a: Tyranitar\n|-supereffective|p2a: Tyranitar\n|-damage|p2a: Tyranitar|0 fnt\n|faint|p2a: Tyranitar\n|-damage|p1a: Palafin|71\/100|[from] Recoil\n|\n|-weather|Sandstorm|[upkeep]\n|-damage|p1b: Amoonguss|39\/100|[from] Sandstorm\n|-damage|p2b: Dachsbun|94\/100|[from] Sandstorm\n|-damage|p1a: Palafin|65\/100|[from] Sandstorm\n|-heal|p1b: Amoonguss|45\/100|[from] item: Black Sludge\n|-heal|p2b: Dachsbun|100\/100|[from] item: Leftovers\n|upkeep\n|\n|t:|1683994417\n|switch|p2a: Lycanroc|Lycanroc, L50, M, tera:Water|89\/100\n|turn|5\n|\n|t:|1683994434\n|move|p1a: Palafin|Protect|p1a: Palafin\n|-singleturn|p1a: Palafin|Protect\n|move|p2b: Dachsbun|Baby-Doll Eyes|p1a: Palafin\n|-activate|p1a: Palafin|move: Protect\n|move|p1b: Amoonguss|Spore|p2b: Dachsbun\n|-status|p2b: Dachsbun|slp|[from] move: Spore\n|move|p2a: Lycanroc|Flamethrower|p1b: Amoonguss\n|-supereffective|p1b: Amoonguss\n|-crit|p1b: Amoonguss\n|-damage|p1b: Amoonguss|0 fnt\n|faint|p1b: Amoonguss\n|\n|-weather|none\n|-fieldend|move: Trick Room\n|upkeep\n|turn|6\n|\n|t:|1683994457\n|switch|p2a: Lycanroc|Lycanroc, L50, M|100\/100\n|cant|p2b: Dachsbun|slp\n|move|p1a: Palafin|Wave Crash|p2a: Lycanroc\n|-supereffective|p2a: Lycanroc\n|-enditem|p2a: Lycanroc|Focus Sash\n|-damage|p2a: Lycanroc|1\/100\n|-damage|p1a: Palafin|36\/100|[from] Recoil\n|\n|upkeep\n|turn|7\n|-message|tryson69 forfeited.\n|\n|win|Nottaterstotz\n|raw|tryson69's rating: 1024 → 1009<\/strong> (-15 for losing)\n|raw|Nottaterstotz's rating: 1000 → 1043<\/strong> (+43 for winning)\n|l|\u2606tryson69\n","uploadtime":1683994491,"views":12,"p1id":"tryson69","p2id":"nottaterstotz","formatid":"gen9vgc2023regulationc","rating":1009,"private":0,"password":""}