{"id":"gen9vgc2023regulationc-1846532553","p1":"FlamingRaccoonVGC","p2":"Veiv","format":"[Gen 9] VGC 2023 Regulation C","log":"|j|\u2606FlamingRaccoonVGC\n|j|\u2606Veiv\n|t:|1681849028\n|gametype|doubles\n|player|p1|FlamingRaccoonVGC|rika|\n|player|p2|Veiv|cynthia-gen4|\n|teamsize|p1|6\n|teamsize|p2|6\n|gen|9\n|tier|[Gen 9] VGC 2023 Regulation C\n|rule|Species Clause: Limit one of each Pok\u00e9mon\n|rule|Item Clause: Limit one of each item\n|clearpoke\n|poke|p1|Palafin, L50, M|\n|poke|p1|Glimmora, L50, F|\n|poke|p1|Arcanine, L50, F|\n|poke|p1|Wo-Chien, L50|\n|poke|p1|Ting-Lu, L50|\n|poke|p1|Flutter Mane, L50|\n|poke|p2|Spiritomb, L50, M|\n|poke|p2|Chien-Pao, L50|\n|poke|p2|Ting-Lu, L50|\n|poke|p2|Brute Bonnet, L50|\n|poke|p2|Iron Jugulis, L50|\n|poke|p2|Kingambit, L50, F|\n|teampreview|4\nVeiv has agreed to open team sheets.\nFlamingRaccoonVGC has agreed to open team sheets.\n|j| ilfato_vgc\n|\n|t:|1681849123\n|start\n|switch|p1a: Glimmora|Glimmora, L50, F|100\/100\n|switch|p1b: Arcanine|Arcanine, L50, F|100\/100\n|switch|p2a: Chien-Pao|Chien-Pao, L50|100\/100\n|switch|p2b: Brute Bonnet|Brute Bonnet, L50|100\/100\n|-ability|p2a: Chien-Pao|Sword of Ruin\n|-ability|p1b: Arcanine|Intimidate|boost\n|-unboost|p2a: Chien-Pao|atk|1\n|-unboost|p2b: Brute Bonnet|atk|1\n|turn|1\n|\n|t:|1681849170\n|move|p2a: Chien-Pao|Protect|p2a: Chien-Pao\n|-singleturn|p2a: Chien-Pao|Protect\n|move|p1a: Glimmora|Spiky Shield|p1a: Glimmora\n|-singleturn|p1a: Glimmora|move: Protect\n|move|p2b: Brute Bonnet|Protect|p2b: Brute Bonnet\n|-singleturn|p2b: Brute Bonnet|Protect\n|move|p1b: Arcanine|Will-O-Wisp|p2a: Chien-Pao\n|-activate|p2a: Chien-Pao|move: Protect\n|\n|upkeep\n|turn|2\n|\n|t:|1681849202\n|switch|p1a: Wo-Chien|Wo-Chien, L50|100\/100\n|-ability|p1a: Wo-Chien|Tablets of Ruin\n|-terastallize|p2b: Brute Bonnet|Water\n|move|p2a: Chien-Pao|Sucker Punch|p1b: Arcanine\n|-damage|p1b: Arcanine|77\/100\n|move|p1b: Arcanine|Flare Blitz|p2b: Brute Bonnet\n|-resisted|p2b: Brute Bonnet\n|-damage|p2b: Brute Bonnet|79\/100\n|-damage|p1b: Arcanine|69\/100|[from] Recoil\n|move|p2b: Brute Bonnet|Spore|p1a: Wo-Chien\n|-immune|p1a: Wo-Chien\n|\n|upkeep\n|turn|3\n|\n|t:|1681849235\n|move|p2a: Chien-Pao|Ice Spinner|p1a: Wo-Chien\n|-supereffective|p1a: Wo-Chien\n|-crit|p1a: Wo-Chien\n|-damage|p1a: Wo-Chien|0 fnt\n|faint|p1a: Wo-Chien\n|move|p1b: Arcanine|Flare Blitz|p2a: Chien-Pao\n|-supereffective|p2a: Chien-Pao\n|-enditem|p2a: Chien-Pao|Focus Sash\n|-damage|p2a: Chien-Pao|1\/100\n|-status|p2a: Chien-Pao|brn\n|-damage|p1b: Arcanine|43\/100|[from] Recoil\n|move|p2b: Brute Bonnet|Crunch|p1b: Arcanine\n|-crit|p1b: Arcanine\n|-damage|p1b: Arcanine|0 fnt\n|faint|p1b: Arcanine\n|\n|-damage|p2a: Chien-Pao|0 fnt|[from] brn\n|faint|p2a: Chien-Pao\n|upkeep\n|\n|t:|1681849247\n|switch|p2a: Iron Jugulis|Iron Jugulis, L50|100\/100\n|switch|p1b: Flutter Mane|Flutter Mane, L50|100\/100\n|switch|p1a: Glimmora|Glimmora, L50, F|100\/100\n|-enditem|p1b: Flutter Mane|Booster Energy\n|-activate|p1b: Flutter Mane|ability: Protosynthesis|[fromitem]\n|-start|p1b: Flutter Mane|protosynthesisspe\n|-enditem|p2a: Iron Jugulis|Booster Energy\n|-activate|p2a: Iron Jugulis|ability: Quark Drive|[fromitem]\n|-start|p2a: Iron Jugulis|quarkdrivespe\n|turn|4\n|\n|t:|1681849303\n|-terastallize|p1b: Flutter Mane|Fairy\n|move|p1a: Glimmora|Spiky Shield|p1a: Glimmora\n|-singleturn|p1a: Glimmora|move: Protect\n|move|p1b: Flutter Mane|Moonblast|p2a: Iron Jugulis\n|-supereffective|p2a: Iron Jugulis\n|-damage|p2a: Iron Jugulis|0 fnt\n|faint|p2a: Iron Jugulis\n|-end|p2a: Iron Jugulis|Quark Drive|[silent]\n|move|p2b: Brute Bonnet|Spore|p1b: Flutter Mane\n|-status|p1b: Flutter Mane|slp|[from] move: Spore\n|\n|upkeep\n|\n|t:|1681849316\n|switch|p2a: Ting-Lu|Ting-Lu, L50|100\/100\n|-ability|p2a: Ting-Lu|Vessel of Ruin\n|turn|5\n|\n|t:|1681849327\n|cant|p1b: Flutter Mane|slp\n|move|p1a: Glimmora|Toxic|p2a: Ting-Lu\n|-status|p2a: Ting-Lu|tox\n|move|p2b: Brute Bonnet|Bullet Seed|p1a: Glimmora\n|-damage|p1a: Glimmora|89\/100\n|-damage|p1a: Glimmora|77\/100\n|-damage|p1a: Glimmora|64\/100\n|-damage|p1a: Glimmora|53\/100\n|-damage|p1a: Glimmora|41\/100\n|-hitcount|p1a: Glimmora|5\n|move|p2a: Ting-Lu|Heavy Slam|p1b: Flutter Mane\n|-supereffective|p1b: Flutter Mane\n|-damage|p1b: Flutter Mane|0 fnt\n|faint|p1b: Flutter Mane\n|-end|p1b: Flutter Mane|Protosynthesis|[silent]\n|\n|-damage|p2a: Ting-Lu|94\/100 tox|[from] psn\n|upkeep\n|turn|6\n|\n|t:|1681849340\n|move|p1a: Glimmora|Spiky Shield|p1a: Glimmora\n|-singleturn|p1a: Glimmora|move: Protect\n|move|p2b: Brute Bonnet|Bullet Seed|p1a: Glimmora\n|-activate|p1a: Glimmora|move: Protect\n|move|p2a: Ting-Lu|Heavy Slam|p1a: Glimmora\n|-activate|p1a: Glimmora|move: Protect\n|-damage|p2a: Ting-Lu|82\/100 tox|[from] Spiky Shield|[of] p1a: Glimmora\n|\n|-damage|p2a: Ting-Lu|70\/100 tox|[from] psn\n|upkeep\n|turn|7\n|-message|FlamingRaccoonVGC forfeited.\n|\n|win|Veiv\n|l| ilfato_vgc\n|l|\u2606Veiv\n","uploadtime":1681849376,"views":8,"p1id":"flamingraccoonvgc","p2id":"veiv","formatid":"gen9vgc2023regulationc","rating":0,"private":0,"password":""}