{"id":"gen9vgc2023regulationc-1851718983","p1":"sangano","p2":"Avocado73","format":"[Gen 9] VGC 2023 Regulation C","log":"|j|\u2606sangano\n|j|\u2606Avocado73\n|t:|1682473839\n|gametype|doubles\n|player|p1|sangano|169|1201\n|player|p2|Avocado73|red|1215\n|teamsize|p1|6\n|teamsize|p2|6\n|gen|9\n|tier|[Gen 9] VGC 2023 Regulation C\n|rated|\n|rule|Species Clause: Limit one of each Pok\u00e9mon\n|rule|Item Clause: Limit one of each item\n|clearpoke\n|poke|p1|Chi-Yu, L50|\n|poke|p1|Flutter Mane, L50|\n|poke|p1|Gyarados, L50, M|\n|poke|p1|Garchomp, L50, M|\n|poke|p1|Amoonguss, L50, M|\n|poke|p1|Iron Hands, L50|\n|poke|p2|Flutter Mane, L50|\n|poke|p2|Chi-Yu, L50|\n|poke|p2|Corviknight, L50, F|\n|poke|p2|Great Tusk, L50|\n|poke|p2|Iron Hands, L50|\n|poke|p2|Gyarados, L50, F|\n|teampreview|4\nsangano has agreed to open team sheets.\n|inactive|Battle timer is ON: inactive players will automatically lose when time's up. (requested by sangano)\n|\n|t:|1682473913\n|start\n|switch|p1a: Chi-Yu|Chi-Yu, L50|100\/100\n|switch|p1b: Iron Hands|Iron Hands, L50|100\/100\n|switch|p2a: Corviknight|Corviknight, L50, F|100\/100\n|switch|p2b: Iron Hands|Iron Hands, L50|100\/100\n|-ability|p1a: Chi-Yu|Beads of Ruin\n|turn|1\n|inactive|sangano has 30 seconds left.\n|inactive|Avocado73 has 30 seconds left.\n|inactive|sangano has 20 seconds left.\n|inactive|Avocado73 has 20 seconds left.\n|inactive|sangano has 15 seconds left.\n|\n|t:|1682473955\n|-terastallize|p2a: Corviknight|Fire\n|move|p1b: Iron Hands|Fake Out|p2a: Corviknight\n|-damage|p2a: Corviknight|88\/100\n|move|p2b: Iron Hands|Fake Out|p1a: Chi-Yu\n|-damage|p1a: Chi-Yu|79\/100\n|cant|p1a: Chi-Yu|flinch\n|cant|p2a: Corviknight|flinch\n|\n|upkeep\n|turn|2\n|inactive|sangano has 30 seconds left.\n|inactive|Avocado73 has 30 seconds left.\n|inactive|sangano has 20 seconds left.\n|\n|t:|1682473995\n|-end|p1b: Iron Hands|Quark Drive|[silent]\n|switch|p1b: Gyarados|Gyarados, L50, M|100\/100\n|-ability|p1b: Gyarados|Intimidate|boost\n|-ability|p2a: Corviknight|Mirror Armor\n|-unboost|p1b: Gyarados|atk|1\n|-unboost|p2b: Iron Hands|atk|1\n|move|p1a: Chi-Yu|Dark Pulse|p2a: Corviknight\n|-crit|p2a: Corviknight\n|-damage|p2a: Corviknight|16\/100\n|move|p2a: Corviknight|Tailwind|p2a: Corviknight\n|-sidestart|p2: Avocado73|move: Tailwind\n|move|p2b: Iron Hands|Volt Switch|p1b: Gyarados\n|-supereffective|p1b: Gyarados\n|-damage|p1b: Gyarados|42\/100\n|\n|t:|1682474008\n|-end|p2b: Iron Hands|Quark Drive|[silent]\n|switch|p2b: Great Tusk|Great Tusk, L50|100\/100|[from] Volt Switch\n|\n|upkeep\n|turn|3\n|inactive|sangano has 30 seconds left.\n|inactive|sangano has 20 seconds left.\n|inactive|sangano has 15 seconds left.\n|\n|t:|1682474050\n|-terastallize|p1b: Gyarados|Flying\n|move|p2b: Great Tusk|Rock Slide|p1b: Gyarados|[spread] p1a,p1b\n|-supereffective|p1a: Chi-Yu\n|-supereffective|p1b: Gyarados\n|-damage|p1a: Chi-Yu|27\/100\n|-damage|p1b: Gyarados|0 fnt\n|faint|p1b: Gyarados\n|cant|p1a: Chi-Yu|flinch\n|move|p2a: Corviknight|Roost|p2a: Corviknight\n|-heal|p2a: Corviknight|66\/100\n|\n|upkeep\n|\n|t:|1682474060\n|switch|p1b: Flutter Mane|Flutter Mane, L50|100\/100\n|turn|4\n|inactive|sangano has 30 seconds left.\n|inactive|Avocado73 has 30 seconds left.\n|inactive|sangano has 20 seconds left.\n|inactive|Avocado73 has 20 seconds left.\n|inactive|sangano has 15 seconds left.\n|\n|t:|1682474100\n|-end|p2b: Great Tusk|Protosynthesis|[silent]\n|switch|p2b: Gyarados|Gyarados, L50, F|100\/100\n|-ability|p2b: Gyarados|Intimidate|boost\n|-unboost|p1a: Chi-Yu|atk|1\n|-unboost|p1b: Flutter Mane|atk|1\n|-end|p1b: Flutter Mane|Protosynthesis|[silent]\n|switch|p1b: Iron Hands|Iron Hands, L50|100\/100\n|move|p1a: Chi-Yu|Dark Pulse|p2a: Corviknight\n|-damage|p2a: Corviknight|20\/100\n|move|p2a: Corviknight|Bulk Up|p2a: Corviknight\n|-boost|p2a: Corviknight|atk|1\n|-boost|p2a: Corviknight|def|1\n|\n|upkeep\n|turn|5\n|inactive|sangano has 30 seconds left.\n|inactive|Avocado73 has 30 seconds left.\n|inactive|Avocado73 has 20 seconds left.\n|\n|t:|1682474138\n|switch|p1a: Flutter Mane|Flutter Mane, L50|100\/100\n|move|p1b: Iron Hands|Fake Out|p2a: Corviknight\n|-damage|p2a: Corviknight|12\/100\n|move|p2b: Gyarados|Waterfall|p1b: Iron Hands\n|-damage|p1b: Iron Hands|73\/100\n|cant|p2a: Corviknight|flinch\n|\n|-sideend|p2: Avocado73|move: Tailwind\n|upkeep\n|turn|6\n|inactive|sangano has 30 seconds left.\n|\n|t:|1682474180\n|switch|p2b: Iron Hands|Iron Hands, L50|100\/100\n|move|p1a: Flutter Mane|Dazzling Gleam|p2b: Iron Hands|[spread] p2a,p2b\n|-resisted|p2a: Corviknight\n|-supereffective|p2b: Iron Hands\n|-damage|p2a: Corviknight|0 fnt\n|-damage|p2b: Iron Hands|64\/100\n|faint|p2a: Corviknight\n|-damage|p1a: Flutter Mane|91\/100|[from] item: Life Orb\n|move|p1b: Iron Hands|Drain Punch|p2b: Iron Hands\n|-damage|p2b: Iron Hands|37\/100\n|-heal|p1b: Iron Hands|86\/100|[from] drain|[of] p2b: Iron Hands\n|\n|upkeep\n|\n|t:|1682474203\n|switch|p2a: Gyarados|Gyarados, L50, F|100\/100\n|-ability|p2a: Gyarados|Intimidate|boost\n|-unboost|p1a: Flutter Mane|atk|1\n|-unboost|p1b: Iron Hands|atk|1\n|turn|7\n|inactive|sangano has 30 seconds left.\n|\n|t:|1682474235\n|move|p1a: Flutter Mane|Dazzling Gleam|p2a: Gyarados|[spread] p2a,p2b\n|-supereffective|p2b: Iron Hands\n|-damage|p2a: Gyarados|61\/100\n|-damage|p2b: Iron Hands|0 fnt\n|faint|p2b: Iron Hands\n|-end|p2b: Iron Hands|Quark Drive|[silent]\n|-damage|p1a: Flutter Mane|82\/100|[from] item: Life Orb\n|move|p2a: Gyarados|Iron Head|p1a: Flutter Mane\n|-supereffective|p1a: Flutter Mane\n|-damage|p1a: Flutter Mane|0 fnt\n|faint|p1a: Flutter Mane\n|-end|p1a: Flutter Mane|Protosynthesis|[silent]\n|move|p1b: Iron Hands|Drain Punch|p2a: Gyarados\n|-resisted|p2a: Gyarados\n|-damage|p2a: Gyarados|47\/100\n|-heal|p1b: Iron Hands|92\/100|[from] drain|[of] p2a: Gyarados\n|\n|upkeep\n|\n|t:|1682474247\n|switch|p1a: Chi-Yu|Chi-Yu, L50|27\/100\n|switch|p2b: Great Tusk|Great Tusk, L50|100\/100\n|-ability|p1a: Chi-Yu|Beads of Ruin\n|turn|8\n|inactive|sangano has 30 seconds left.\n|\n|t:|1682474281\n|move|p2b: Great Tusk|Earthquake|p1a: Chi-Yu|[spread] p1a,p1b\n|-immune|p2a: Gyarados\n|-supereffective|p1a: Chi-Yu\n|-supereffective|p1b: Iron Hands\n|-damage|p1a: Chi-Yu|0 fnt\n|-damage|p1b: Iron Hands|41\/100\n|-enditem|p1b: Iron Hands|Sitrus Berry|[eat]\n|-heal|p1b: Iron Hands|66\/100|[from] item: Sitrus Berry\n|faint|p1a: Chi-Yu\n|move|p2a: Gyarados|Waterfall|p1b: Iron Hands\n|-damage|p1b: Iron Hands|38\/100\n|cant|p1b: Iron Hands|flinch\n|\n|upkeep\n|turn|9\n|\n|t:|1682474295\n|move|p2b: Great Tusk|Earthquake|p1b: Iron Hands|[spread] p1b\n|-immune|p2a: Gyarados\n|-supereffective|p1b: Iron Hands\n|-damage|p1b: Iron Hands|0 fnt\n|faint|p1b: Iron Hands\n|-end|p1b: Iron Hands|Quark Drive|[silent]\n|\n|win|Avocado73\n|raw|sangano's rating: 1201 → 1178<\/strong> (-23 for losing)\n|raw|Avocado73's rating: 1233 → 1256<\/strong> (+23 for winning)\n|c|\u2606Avocado73|gg wp\n","uploadtime":1682474308,"views":16,"p1id":"sangano","p2id":"avocado73","formatid":"gen9vgc2023regulationc","rating":1178,"private":0,"password":""}