{"id":"gen9vgc2023regulationc-1846664466","p1":"dekukraken","p2":"Atomic duck","format":"[Gen 9] VGC 2023 Regulation C","log":"|j|\u2606dekukraken\n|j|\u2606Atomic duck\n|t:|1681863255\n|gametype|doubles\n|player|p1|dekukraken|burglar|\n|player|p2|Atomic duck|170|\n|teamsize|p1|6\n|teamsize|p2|6\n|gen|9\n|tier|[Gen 9] VGC 2023 Regulation C\n|rule|Species Clause: Limit one of each Pok\u00e9mon\n|rule|Item Clause: Limit one of each item\n|clearpoke\n|poke|p1|Glimmora, L50, M|\n|poke|p1|Iron Bundle, L50|\n|poke|p1|Dondozo, L50, F|\n|poke|p1|Dragonite, L50, F|\n|poke|p1|Tatsugiri-Droopy, L50, F|\n|poke|p1|Chi-Yu, L50|\n|poke|p2|Amoonguss, L50, F|\n|poke|p2|Arcanine, L50, M|\n|poke|p2|Ting-Lu, L50|\n|poke|p2|Flutter Mane, L50|\n|poke|p2|Palafin, L50, M|\n|poke|p2|Baxcalibur, L50, M|\n|teampreview|4\n|c|\u2606dekukraken|G1\nAtomic duck has agreed to open team sheets.\ndekukraken has agreed to open team sheets.\n|c|\u2606dekukraken|GLHF\n|\n|t:|1681863367\n|start\n|switch|p1a: Iron Bundle|Iron Bundle, L50, shiny|100\/100\n|switch|p1b: Chi-Yu|Chi-Yu, L50|100\/100\n|switch|p2a: Baxcalibur|Baxcalibur, L50, M|100\/100\n|switch|p2b: Amoonguss|Amoonguss, L50, F|100\/100\n|-ability|p1b: Chi-Yu|Beads of Ruin\n|-enditem|p1a: Iron Bundle|Booster Energy\n|-activate|p1a: Iron Bundle|ability: Quark Drive|[fromitem]\n|-start|p1a: Iron Bundle|quarkdrivespe\n|turn|1\n|\n|t:|1681863449\n|switch|p2a: Palafin|Palafin, L50, M|100\/100\n|move|p1a: Iron Bundle|Freeze-Dry|p2b: Amoonguss\n|-supereffective|p2b: Amoonguss\n|-damage|p2b: Amoonguss|38\/100\n|move|p1b: Chi-Yu|Overheat|p2a: Palafin\n|-resisted|p2a: Palafin\n|-damage|p2a: Palafin|35\/100\n|-unboost|p1b: Chi-Yu|spa|2\n|move|p2b: Amoonguss|Spore|p1a: Iron Bundle\n|-status|p1a: Iron Bundle|slp|[from] move: Spore\n|\n|upkeep\n|turn|2\n|\n|t:|1681863499\n|switch|p2b: Baxcalibur|Baxcalibur, L50, M|100\/100\n|move|p2a: Palafin|Jet Punch|p1b: Chi-Yu\n|-supereffective|p1b: Chi-Yu\n|-damage|p1b: Chi-Yu|17\/100\n|cant|p1a: Iron Bundle|slp\n|move|p1b: Chi-Yu|Overheat|p2b: Baxcalibur\n|-damage|p2b: Baxcalibur|55\/100\n|-unboost|p1b: Chi-Yu|spa|2\n|-ability|p2b: Baxcalibur|Thermal Exchange|boost\n|-boost|p2b: Baxcalibur|atk|1\n|\n|upkeep\n|turn|3\n|\n|t:|1681863529\n|-end|p1a: Iron Bundle|Quark Drive|[silent]\n|switch|p1a: Tatsugiri|Tatsugiri-Droopy, L50, F, shiny|100\/100\n|switch|p1b: Dondozo|Dondozo, L50, F|100\/100\n|-activate|p1a: Tatsugiri|ability: Commander|[of] p1b: Dondozo\n|-boost|p1b: Dondozo|atk|2\n|-boost|p1b: Dondozo|spa|2\n|-boost|p1b: Dondozo|spe|2\n|-boost|p1b: Dondozo|def|2\n|-boost|p1b: Dondozo|spd|2\n|detailschange|p2a: Palafin|Palafin-Hero, L50, M\n|switch|p2a: Amoonguss|Amoonguss, L50, F|71\/100\n|move|p2b: Baxcalibur|Glaive Rush|p1a: Tatsugiri|[miss]\n|-miss|p2b: Baxcalibur|p1a: Tatsugiri\n|\n|upkeep\n|turn|4\n|\n|t:|1681863585\n|-terastallize|p1b: Dondozo|Grass\n|move|p1b: Dondozo|Earthquake|p2b: Baxcalibur|[spread] p2a,p2b\n|-miss|p1b: Dondozo|p1a: Tatsugiri\n|-damage|p2a: Amoonguss|29\/100\n|-damage|p2b: Baxcalibur|18\/100\n|move|p2b: Baxcalibur|Icicle Crash|p1b: Dondozo\n|-supereffective|p1b: Dondozo\n|-damage|p1b: Dondozo|65\/100\n|move|p2a: Amoonguss|Pollen Puff|p2b: Baxcalibur\n|-heal|p2b: Baxcalibur|68\/100\n|\n|-heal|p1b: Dondozo|71\/100|[from] item: Leftovers\n|upkeep\n|turn|5\n|\n|t:|1681863636\n|switch|p2a: Arcanine|Arcanine, L50, M|100\/100\n|-ability|p2a: Arcanine|Intimidate|boost\n|-unboost|p1a: Tatsugiri|atk|1\n|-unboost|p1b: Dondozo|atk|1\n|move|p1b: Dondozo|Earthquake|p2a: Arcanine|[spread] p2a,p2b\n|-miss|p1b: Dondozo|p1a: Tatsugiri\n|-supereffective|p2a: Arcanine\n|-damage|p2a: Arcanine|40\/100\n|-damage|p2b: Baxcalibur|39\/100\n|move|p2b: Baxcalibur|Icicle Crash|p1b: Dondozo\n|-supereffective|p1b: Dondozo\n|-damage|p1b: Dondozo|37\/100\n|\n|-heal|p1b: Dondozo|43\/100|[from] item: Leftovers\n|upkeep\n|turn|6\n|\n|t:|1681863711\n|-terastallize|p2a: Arcanine|Flying\n|move|p2b: Baxcalibur|Protect|p2b: Baxcalibur\n|-singleturn|p2b: Baxcalibur|Protect\n|move|p1b: Dondozo|Earthquake|p2a: Arcanine|[spread] \n|-miss|p1b: Dondozo|p1a: Tatsugiri\n|-activate|p2b: Baxcalibur|move: Protect\n|-immune|p2a: Arcanine\n|move|p2a: Arcanine|Will-O-Wisp|p1b: Dondozo\n|-status|p1b: Dondozo|brn\n|\n|-heal|p1b: Dondozo|49\/100 brn|[from] item: Leftovers\n|-damage|p1b: Dondozo|43\/100 brn|[from] brn\n|upkeep\n|turn|7\n|\n|t:|1681863735\n|move|p1b: Dondozo|Protect|p1b: Dondozo\n|-singleturn|p1b: Dondozo|Protect\n|move|p2b: Baxcalibur|Ice Shard|p1b: Dondozo\n|-activate|p1b: Dondozo|move: Protect\n|move|p2a: Arcanine|Flare Blitz|p1b: Dondozo\n|-activate|p1b: Dondozo|move: Protect\n|\n|-heal|p1b: Dondozo|49\/100 brn|[from] item: Leftovers\n|-damage|p1b: Dondozo|43\/100 brn|[from] brn\n|upkeep\n|turn|8\n|\n|t:|1681863772\n|move|p2b: Baxcalibur|Ice Shard|p1b: Dondozo\n|-supereffective|p1b: Dondozo\n|-damage|p1b: Dondozo|27\/100 brn\n|move|p1b: Dondozo|Wave Crash|p2a: Arcanine\n|-damage|p2a: Arcanine|0 fnt\n|faint|p2a: Arcanine\n|-damage|p1b: Dondozo|16\/100 brn|[from] Recoil\n|\n|-heal|p1b: Dondozo|22\/100 brn|[from] item: Leftovers\n|-damage|p1b: Dondozo|16\/100 brn|[from] brn\n|upkeep\n|\n|t:|1681863785\n|switch|p2a: Amoonguss|Amoonguss, L50, F|62\/100\n|turn|9\n|\n|t:|1681863794\n|move|p1b: Dondozo|Earthquake|p2a: Amoonguss|[spread] p2a,p2b\n|-miss|p1b: Dondozo|p1a: Tatsugiri\n|-damage|p2a: Amoonguss|46\/100\n|-damage|p2b: Baxcalibur|25\/100\n|move|p2b: Baxcalibur|Icicle Crash|p1b: Dondozo\n|-supereffective|p1b: Dondozo\n|-damage|p1b: Dondozo|0 fnt\n|faint|p1b: Dondozo\n|move|p2a: Amoonguss|Pollen Puff|p2b: Baxcalibur\n|-heal|p2b: Baxcalibur|75\/100\n|\n|upkeep\n|\n|t:|1681863814\n|switch|p1b: Chi-Yu|Chi-Yu, L50|17\/100\n|-ability|p1b: Chi-Yu|Beads of Ruin\n|turn|10\n|\n|t:|1681863841\n|move|p2a: Amoonguss|Rage Powder|p2a: Amoonguss\n|-singleturn|p2a: Amoonguss|move: Rage Powder\n|move|p1a: Tatsugiri|Draco Meteor|p2a: Amoonguss|[miss]\n|-miss|p1a: Tatsugiri|p2a: Amoonguss\n|move|p1b: Chi-Yu|Overheat|p2a: Amoonguss|[miss]\n|-miss|p1b: Chi-Yu|p2a: Amoonguss\n|move|p2b: Baxcalibur|Icicle Crash|p1a: Tatsugiri|[miss]\n|-miss|p2b: Baxcalibur|p1a: Tatsugiri\n|\n|upkeep\n|turn|11\n|\n|t:|1681863872\n|switch|p1a: Iron Bundle|Iron Bundle, L50, shiny|100\/100 slp\n|move|p2a: Amoonguss|Rage Powder|p2a: Amoonguss\n|-singleturn|p2a: Amoonguss|move: Rage Powder\n|move|p1b: Chi-Yu|Overheat|p2a: Amoonguss\n|-supereffective|p2a: Amoonguss\n|-damage|p2a: Amoonguss|0 fnt\n|-unboost|p1b: Chi-Yu|spa|2\n|faint|p2a: Amoonguss\n|move|p2b: Baxcalibur|Icicle Crash|p1a: Iron Bundle\n|-resisted|p1a: Iron Bundle\n|-damage|p1a: Iron Bundle|77\/100 slp\n|\n|upkeep\n|\n|t:|1681863883\n|switch|p2a: Palafin|Palafin-Hero, L50, M|35\/100\n|-activate|p2a: Palafin|ability: Zero to Hero\n|turn|12\n|\n|t:|1681863934\n|switch|p1b: Tatsugiri|Tatsugiri-Droopy, L50, F, shiny|100\/100\n|cant|p1a: Iron Bundle|slp\n|move|p2a: Palafin|Jet Punch|p1b: Tatsugiri\n|-resisted|p1b: Tatsugiri\n|-damage|p1b: Tatsugiri|79\/100\n|move|p2b: Baxcalibur|Glaive Rush|p1a: Iron Bundle\n|-damage|p1a: Iron Bundle|0 fnt\n|-singlemove|p2b: Baxcalibur|Glaive Rush|[silent]\n|faint|p1a: Iron Bundle\n|-end|p1a: Iron Bundle|Quark Drive|[silent]\n|\n|upkeep\n|\n|t:|1681863944\n|switch|p1a: Chi-Yu|Chi-Yu, L50|17\/100\n|-ability|p1a: Chi-Yu|Beads of Ruin\n|turn|13\n|\n|t:|1681863968\n|move|p1a: Chi-Yu|Protect|p1a: Chi-Yu\n|-singleturn|p1a: Chi-Yu|Protect\n|move|p2a: Palafin|Protect|p2a: Palafin\n|-singleturn|p2a: Palafin|Protect\n|move|p2b: Baxcalibur|Protect|p2b: Baxcalibur\n|-singleturn|p2b: Baxcalibur|Protect\n|move|p1b: Tatsugiri|Draco Meteor|p2b: Baxcalibur\n|-activate|p2b: Baxcalibur|move: Protect\n|\n|upkeep\n|turn|14\n|\n|t:|1681863989\n|move|p1a: Chi-Yu|Protect||[still]\n|-fail|p1a: Chi-Yu\n|move|p2a: Palafin|Jet Punch|p1a: Chi-Yu\n|-supereffective|p1a: Chi-Yu\n|-damage|p1a: Chi-Yu|0 fnt\n|faint|p1a: Chi-Yu\n|move|p1b: Tatsugiri|Draco Meteor|p2b: Baxcalibur\n|-supereffective|p2b: Baxcalibur\n|-damage|p2b: Baxcalibur|0 fnt\n|-unboost|p1b: Tatsugiri|spa|2\n|faint|p2b: Baxcalibur\n|\n|upkeep\n|turn|15\n|\n|t:|1681864013\n|move|p2a: Palafin|Jet Punch|p1b: Tatsugiri\n|-resisted|p1b: Tatsugiri\n|-damage|p1b: Tatsugiri|56\/100\n|move|p1b: Tatsugiri|Draco Meteor|p2a: Palafin\n|-damage|p2a: Palafin|6\/100\n|-unboost|p1b: Tatsugiri|spa|2\n|\n|upkeep\n|turn|16\n|\n|t:|1681864025\n|move|p2a: Palafin|Protect|p2a: Palafin\n|-singleturn|p2a: Palafin|Protect\n|move|p1b: Tatsugiri|Draco Meteor|p2a: Palafin\n|-activate|p2a: Palafin|move: Protect\n|\n|upkeep\n|turn|17\n|\n|t:|1681864072\n|move|p2a: Palafin|Protect||[still]\n|-fail|p2a: Palafin\n|move|p1b: Tatsugiri|Draco Meteor|p2a: Palafin\n|-damage|p2a: Palafin|0 fnt\n|-unboost|p1b: Tatsugiri|spa|2\n|faint|p2a: Palafin\n|\n|win|dekukraken\n","uploadtime":1681864492,"views":14,"p1id":"dekukraken","p2id":"atomicduck","formatid":"gen9vgc2023regulationc","rating":0,"private":0,"password":""}