{"id":"gen9vgc2023regulationc-1856368050","p1":"Novikuh","p2":"ExcelSheet","format":"[Gen 9] VGC 2023 Regulation C","log":"|j|\u2606Novikuh\n|j|\u2606ExcelSheet\n|t:|1683054775\n|gametype|doubles\n|player|p1|Novikuh|n|1289\n|player|p2|ExcelSheet|hilbert-wonderlauncher|1260\n|teamsize|p1|6\n|teamsize|p2|6\n|gen|9\n|tier|[Gen 9] VGC 2023 Regulation C\n|rated|\n|rule|Species Clause: Limit one of each Pok\u00e9mon\n|rule|Item Clause: Limit one of each item\n|clearpoke\n|poke|p1|Annihilape, L50, M|\n|poke|p1|Maushold, L50|\n|poke|p1|Flutter Mane, L50|\n|poke|p1|Chien-Pao, L50|\n|poke|p1|Arcanine, L50, F|\n|poke|p1|Farigiraf, L50, M|\n|poke|p2|Flutter Mane, L50|\n|poke|p2|Great Tusk, L50|\n|poke|p2|Scizor, L50, M|\n|poke|p2|Corviknight, L50, M|\n|poke|p2|Chi-Yu, L50|\n|poke|p2|Iron Bundle, L50|\n|teampreview|4\n|inactive|Battle timer is ON: inactive players will automatically lose when time's up. (requested by ExcelSheet)\n|inactive|Novikuh also wants the timer to be on.\nExcelSheet has agreed to open team sheets.\n|\n|t:|1683054801\n|start\n|switch|p1a: Flutter Mane|Flutter Mane, L50|100\/100\n|switch|p1b: Chien-Pao|Chien-Pao, L50|100\/100\n|switch|p2a: Corviknight|Corviknight, L50, M|100\/100\n|switch|p2b: Flutter Mane|Flutter Mane, L50|100\/100\n|-ability|p1b: Chien-Pao|Sword of Ruin\n|-enditem|p1a: Flutter Mane|Booster Energy\n|-activate|p1a: Flutter Mane|ability: Protosynthesis|[fromitem]\n|-start|p1a: Flutter Mane|protosynthesisspe\n|-enditem|p2b: Flutter Mane|Booster Energy\n|-activate|p2b: Flutter Mane|ability: Protosynthesis|[fromitem]\n|-start|p2b: Flutter Mane|protosynthesisspe\n|turn|1\n|inactive|Novikuh has 30 seconds left.\n|\n|t:|1683054832\n|-end|p2b: Flutter Mane|Protosynthesis|[silent]\n|switch|p2b: Scizor|Scizor, L50, M, shiny|100\/100\n|move|p1a: Flutter Mane|Protect|p1a: Flutter Mane\n|-singleturn|p1a: Flutter Mane|Protect\n|move|p1b: Chien-Pao|Sucker Punch||[still]\n|-fail|p1b: Chien-Pao\n|move|p2a: Corviknight|Tailwind|p2a: Corviknight\n|-sidestart|p2: ExcelSheet|move: Tailwind\n|\n|upkeep\n|turn|2\n|\n|t:|1683054852\n|-end|p1a: Flutter Mane|Protosynthesis|[silent]\n|switch|p1a: Arcanine|Arcanine, L50, F|100\/100\n|-ability|p1a: Arcanine|Intimidate|boost\n|-ability|p2a: Corviknight|Mirror Armor\n|-unboost|p1a: Arcanine|atk|1\n|-unboost|p2b: Scizor|atk|1\n|switch|p1b: Farigiraf|Farigiraf, L50, M|100\/100\n|move|p2a: Corviknight|Bulk Up|p2a: Corviknight\n|-boost|p2a: Corviknight|atk|1\n|-boost|p2a: Corviknight|def|1\n|move|p2b: Scizor|U-turn|p1b: Farigiraf\n|-supereffective|p1b: Farigiraf\n|-damage|p1b: Farigiraf|51\/100\n|\n|t:|1683054869\n|switch|p2b: Chi-Yu|Chi-Yu, L50|100\/100|[from] U-turn\n|-ability|p2b: Chi-Yu|Beads of Ruin\n|\n|upkeep\n|turn|3\n|inactive|Novikuh has 30 seconds left.\n|\n|t:|1683054902\n|switch|p1b: Flutter Mane|Flutter Mane, L50|100\/100\n|move|p2b: Chi-Yu|Dark Pulse|p1a: Arcanine\n|-damage|p1a: Arcanine|40\/100\n|-enditem|p1a: Arcanine|Sitrus Berry|[eat]\n|-heal|p1a: Arcanine|65\/100|[from] item: Sitrus Berry\n|move|p2a: Corviknight|Taunt|p1b: Flutter Mane\n|-start|p1b: Flutter Mane|move: Taunt\n|move|p1a: Arcanine|Will-O-Wisp|p2a: Corviknight|[miss]\n|-miss|p1a: Arcanine|p2a: Corviknight\n|\n|upkeep\n|turn|4\n|inactive|Novikuh has 30 seconds left.\n|inactive|ExcelSheet has 30 seconds left.\n|inactive|Novikuh has 20 seconds left.\n|inactive|Novikuh has 15 seconds left.\n|inactive|Novikuh has 10 seconds left.\n|inactive|Novikuh has 5 seconds left.\n|\n|t:|1683054952\n|move|p2b: Chi-Yu|Dark Pulse|p1a: Arcanine\n|-damage|p1a: Arcanine|5\/100\n|move|p1b: Flutter Mane|Shadow Ball|p2a: Corviknight\n|-damage|p2a: Corviknight|48\/100\n|move|p2a: Corviknight|Brave Bird|p1b: Flutter Mane\n|-damage|p1b: Flutter Mane|0 fnt\n|faint|p1b: Flutter Mane\n|-end|p1b: Flutter Mane|Protosynthesis|[silent]\n|-damage|p2a: Corviknight|24\/100|[from] Recoil\n|move|p1a: Arcanine|Will-O-Wisp|p2a: Corviknight\n|-status|p2a: Corviknight|brn\n|\n|-damage|p2a: Corviknight|18\/100 brn|[from] brn\n|-sideend|p2: ExcelSheet|move: Tailwind\n|upkeep\n|\n|t:|1683054968\n|switch|p1b: Chien-Pao|Chien-Pao, L50|100\/100\n|-ability|p1b: Chien-Pao|Sword of Ruin\n|turn|5\n|inactive|Novikuh has 30 seconds left.\n|inactive|Novikuh has 20 seconds left.\n|\n|t:|1683055006\n|move|p1a: Arcanine|Extreme Speed|p2b: Chi-Yu\n|-damage|p2b: Chi-Yu|76\/100\n|move|p1b: Chien-Pao|Ice Spinner|p2a: Corviknight\n|-damage|p2a: Corviknight|0 fnt\n|faint|p2a: Corviknight\n|move|p2b: Chi-Yu|Heat Wave|p1a: Arcanine|[spread] p1a,p1b\n|-resisted|p1a: Arcanine\n|-supereffective|p1b: Chien-Pao\n|-crit|p1b: Chien-Pao\n|-damage|p1a: Arcanine|0 fnt\n|-enditem|p1b: Chien-Pao|Focus Sash\n|-damage|p1b: Chien-Pao|1\/100\n|faint|p1a: Arcanine\n|\n|upkeep\n|\n|t:|1683055018\n|switch|p1a: Farigiraf|Farigiraf, L50, M|51\/100\n|switch|p2a: Scizor|Scizor, L50, M, shiny|100\/100\n|turn|6\n|\n|t:|1683055035\n|-terastallize|p2a: Scizor|Fire\n|move|p1b: Chien-Pao|Sucker Punch|p2b: Chi-Yu\n|-resisted|p2b: Chi-Yu\n|-damage|p2b: Chi-Yu|50\/100\n|move|p2b: Chi-Yu|Heat Wave|p1b: Chien-Pao|[spread] p1a,p1b\n|-supereffective|p1b: Chien-Pao\n|-crit|p1b: Chien-Pao\n|-damage|p1a: Farigiraf|0 fnt\n|-damage|p1b: Chien-Pao|0 fnt\n|faint|p1a: Farigiraf\n|faint|p1b: Chien-Pao\n|\n|win|ExcelSheet\n|raw|Novikuh's rating: 1289 → 1262<\/strong> (-27 for losing)\n|raw|ExcelSheet's rating: 1260 → 1287<\/strong> (+27 for winning)\n","uploadtime":1683055045,"views":15,"p1id":"novikuh","p2id":"excelsheet","formatid":"gen9vgc2023regulationc","rating":1262,"private":0,"password":""}