{"id":"gen9vgc2023regulationc-1852093424","p1":"RamonTheKiller","p2":"OlloDaru","format":"[Gen 9] VGC 2023 Regulation C","log":"|j|\u2606RamonTheKiller\n|j|\u2606OlloDaru\n|t:|1682523574\n|gametype|doubles\n|player|p1|RamonTheKiller|102|1239\n|player|p2|OlloDaru|akari|1321\n|teamsize|p1|6\n|teamsize|p2|6\n|gen|9\n|tier|[Gen 9] VGC 2023 Regulation C\n|rated|\n|rule|Species Clause: Limit one of each Pok\u00e9mon\n|rule|Item Clause: Limit one of each item\n|clearpoke\n|poke|p1|Ting-Lu, L50|\n|poke|p1|Corviknight, L50, M|\n|poke|p1|Gyarados, L50, F|\n|poke|p1|Amoonguss, L50, M|\n|poke|p1|Ceruledge, L50, F|\n|poke|p1|Dragonite, L50, M|\n|poke|p2|Arcanine, L50, F|\n|poke|p2|Amoonguss, L50, F|\n|poke|p2|Garganacl, L50, F|\n|poke|p2|Palafin, L50, F|\n|poke|p2|Flutter Mane, L50|\n|poke|p2|Kingambit, L50, M|\n|teampreview|4\n|\n|t:|1682523588\n|start\n|switch|p1a: Ting-Lu|Ting-Lu, L50|100\/100\n|switch|p1b: Gyarados|Gyarados, L50, F|100\/100\n|switch|p2a: Garganacl|Garganacl, L50, F|100\/100\n|switch|p2b: Palafin|Palafin, L50, F|100\/100\n|-ability|p1b: Gyarados|Intimidate|boost\n|-unboost|p2a: Garganacl|atk|1\n|-unboost|p2b: Palafin|atk|1\n|-ability|p1a: Ting-Lu|Vessel of Ruin\n|turn|1\n|\n|t:|1682523624\n|detailschange|p2b: Palafin|Palafin-Hero, L50, F\n|switch|p2b: Arcanine|Arcanine, L50, F|100\/100\n|-ability|p2b: Arcanine|Intimidate|boost\n|-unboost|p1a: Ting-Lu|atk|1\n|-unboost|p1b: Gyarados|atk|1\n|-terastallize|p2a: Garganacl|Ghost\n|move|p1b: Gyarados|Taunt|p2a: Garganacl\n|-start|p2a: Garganacl|move: Taunt\n|move|p1a: Ting-Lu|Substitute|p1a: Ting-Lu\n|-start|p1a: Ting-Lu|Substitute\n|-damage|p1a: Ting-Lu|76\/100\n|move|p2a: Garganacl|Salt Cure|p1b: Gyarados\n|-supereffective|p1b: Gyarados\n|-damage|p1b: Gyarados|78\/100\n|-start|p1b: Gyarados|Salt Cure\n|\n|-heal|p1a: Ting-Lu|82\/100|[from] item: Leftovers\n|-damage|p1b: Gyarados|54\/100|[from] Salt Cure\n|upkeep\n|turn|2\n|\n|t:|1682523658\n|switch|p1b: Ceruledge|Ceruledge, L50, F|100\/100\n|move|p2b: Arcanine|Flare Blitz|p1a: Ting-Lu\n|-activate|p1a: Ting-Lu|move: Substitute|[damage]\n|-damage|p2b: Arcanine|91\/100|[from] Recoil|[of] p1a: Ting-Lu\n|move|p1a: Ting-Lu|Stomping Tantrum|p2b: Arcanine\n|-supereffective|p2b: Arcanine\n|-damage|p2b: Arcanine|51\/100\n|move|p2a: Garganacl|Salt Cure|p1a: Ting-Lu\n|-resisted|p1a: Ting-Lu\n|-activate|p1a: Ting-Lu|move: Substitute|[damage]\n|\n|-heal|p1a: Ting-Lu|88\/100|[from] item: Leftovers\n|upkeep\n|turn|3\n|\n|t:|1682523687\n|switch|p2b: Amoonguss|Amoonguss, L50, F|100\/100\n|-terastallize|p1b: Ceruledge|Grass\n|move|p1b: Ceruledge|Bulk Up|p1b: Ceruledge\n|-boost|p1b: Ceruledge|atk|1\n|-boost|p1b: Ceruledge|def|1\n|move|p1a: Ting-Lu|Stomping Tantrum|p2b: Amoonguss\n|-damage|p2b: Amoonguss|85\/100\n|move|p2a: Garganacl|Salt Cure|p1b: Ceruledge\n|-crit|p1b: Ceruledge\n|-damage|p1b: Ceruledge|71\/100\n|-start|p1b: Ceruledge|Salt Cure\n|\n|-heal|p1a: Ting-Lu|94\/100|[from] item: Leftovers\n|-damage|p1b: Ceruledge|59\/100|[from] Salt Cure\n|-end|p2a: Garganacl|move: Taunt\n|upkeep\n|turn|4\n|\n|t:|1682523713\n|switch|p2b: Arcanine|Arcanine, L50, F|51\/100\n|-ability|p2b: Arcanine|Intimidate|boost\n|-immune|p1a: Ting-Lu\n|-fail|p1b: Ceruledge|unboost|[from] item: Clear Amulet|[of] p1b: Ceruledge\n|move|p1b: Ceruledge|Bitter Blade|p2b: Arcanine\n|-resisted|p2b: Arcanine\n|-damage|p2b: Arcanine|16\/100\n|-heal|p1b: Ceruledge|82\/100|[from] drain|[of] p2b: Arcanine\n|-enditem|p2b: Arcanine|Figy Berry|[eat]\n|-heal|p2b: Arcanine|49\/100|[from] item: Figy Berry\n|move|p1a: Ting-Lu|Stomping Tantrum|p2a: Garganacl\n|-damage|p2a: Garganacl|87\/100\n|move|p2a: Garganacl|Iron Defense|p2a: Garganacl\n|-boost|p2a: Garganacl|def|2\n|\n|-heal|p1a: Ting-Lu|99\/100|[from] item: Leftovers\n|-heal|p2a: Garganacl|93\/100|[from] item: Leftovers\n|-damage|p1b: Ceruledge|70\/100|[from] Salt Cure\n|upkeep\n|turn|5\n|\n|t:|1682523740\n|move|p1b: Ceruledge|Bulk Up|p1b: Ceruledge\n|-boost|p1b: Ceruledge|atk|1\n|-boost|p1b: Ceruledge|def|1\n|move|p2b: Arcanine|Flare Blitz|p1a: Ting-Lu\n|-end|p1a: Ting-Lu|Substitute\n|-damage|p2b: Arcanine|49\/100|[from] Recoil|[of] p1a: Ting-Lu\n|move|p1a: Ting-Lu|Stomping Tantrum|p2b: Arcanine\n|-supereffective|p2b: Arcanine\n|-damage|p2b: Arcanine|12\/100\n|move|p2a: Garganacl|Salt Cure|p1a: Ting-Lu\n|-resisted|p1a: Ting-Lu\n|-damage|p1a: Ting-Lu|98\/100\n|-start|p1a: Ting-Lu|Salt Cure\n|\n|-heal|p1a: Ting-Lu|100\/100|[from] item: Leftovers\n|-heal|p2a: Garganacl|99\/100|[from] item: Leftovers\n|-damage|p1b: Ceruledge|58\/100|[from] Salt Cure\n|-damage|p1a: Ting-Lu|88\/100|[from] Salt Cure\n|upkeep\n|turn|6\n|\n|t:|1682523764\n|move|p1b: Ceruledge|Bulk Up|p1b: Ceruledge\n|-boost|p1b: Ceruledge|atk|1\n|-boost|p1b: Ceruledge|def|1\n|move|p2b: Arcanine|Will-O-Wisp|p1a: Ting-Lu|[miss]\n|-miss|p2b: Arcanine|p1a: Ting-Lu\n|move|p1a: Ting-Lu|Stomping Tantrum|p2b: Arcanine\n|-supereffective|p2b: Arcanine\n|-damage|p2b: Arcanine|0 fnt\n|faint|p2b: Arcanine\n|move|p2a: Garganacl|Iron Defense|p2a: Garganacl\n|-boost|p2a: Garganacl|def|2\n|\n|-heal|p1a: Ting-Lu|94\/100|[from] item: Leftovers\n|-heal|p2a: Garganacl|100\/100|[from] item: Leftovers\n|-damage|p1b: Ceruledge|46\/100|[from] Salt Cure\n|-damage|p1a: Ting-Lu|82\/100|[from] Salt Cure\n|upkeep\n|\n|t:|1682523772\n|switch|p2b: Palafin|Palafin-Hero, L50, F|100\/100\n|-activate|p2b: Palafin|ability: Zero to Hero\n|turn|7\n|\n|t:|1682523782\n|switch|p1a: Gyarados|Gyarados, L50, F|54\/100\n|-ability|p1a: Gyarados|Intimidate|boost\n|-unboost|p2a: Garganacl|atk|1\n|-unboost|p2b: Palafin|atk|1\n|move|p1b: Ceruledge|Protect|p1b: Ceruledge\n|-singleturn|p1b: Ceruledge|Protect\n|move|p2b: Palafin|Protect|p2b: Palafin\n|-singleturn|p2b: Palafin|Protect\n|move|p2a: Garganacl|Iron Defense|p2a: Garganacl\n|-boost|p2a: Garganacl|def|2\n|\n|-damage|p1b: Ceruledge|34\/100|[from] Salt Cure\n|upkeep\n|turn|8\n|\n|t:|1682523810\n|switch|p2b: Amoonguss|Amoonguss, L50, F|100\/100\n|move|p1b: Ceruledge|Bitter Blade|p2b: Amoonguss\n|-supereffective|p2b: Amoonguss\n|-damage|p2b: Amoonguss|0 fnt\n|-heal|p1b: Ceruledge|100\/100|[from] drain|[of] p2b: Amoonguss\n|faint|p2b: Amoonguss\n|move|p1a: Gyarados|Thunder Wave|p2a: Garganacl\n|-immune|p2a: Garganacl|[from] ability: Purifying Salt\n|move|p2a: Garganacl|Salt Cure|p1a: Gyarados\n|-supereffective|p1a: Gyarados\n|-damage|p1a: Gyarados|36\/100\n|-start|p1a: Gyarados|Salt Cure\n|\n|-damage|p1b: Ceruledge|89\/100|[from] Salt Cure\n|-damage|p1a: Gyarados|12\/100|[from] Salt Cure\n|upkeep\n|\n|t:|1682523821\n|switch|p2b: Palafin|Palafin-Hero, L50, F|100\/100\n|turn|9\n|\n|t:|1682523844\n|move|p2a: Garganacl|Protect|p2a: Garganacl\n|-singleturn|p2a: Garganacl|Protect\n|move|p1b: Ceruledge|Bitter Blade|p2b: Palafin\n|-resisted|p2b: Palafin\n|-damage|p2b: Palafin|54\/100\n|-heal|p1b: Ceruledge|100\/100|[from] drain|[of] p2b: Palafin\n|move|p1a: Gyarados|Thunder Wave|p2b: Palafin\n|-status|p2b: Palafin|par\n|move|p2b: Palafin|Haze|p2b: Palafin\n|-clearallboost\n|\n|-damage|p1b: Ceruledge|89\/100|[from] Salt Cure\n|-damage|p1a: Gyarados|0 fnt|[from] Salt Cure\n|faint|p1a: Gyarados\n|upkeep\n|\n|t:|1682523872\n|switch|p1a: Corviknight|Corviknight, L50, M|100\/100\n|turn|10\n|\n|t:|1682523886\n|move|p1b: Ceruledge|Bulk Up|p1b: Ceruledge\n|-boost|p1b: Ceruledge|atk|1\n|-boost|p1b: Ceruledge|def|1\n|move|p1a: Corviknight|Iron Defense|p1a: Corviknight\n|-boost|p1a: Corviknight|def|2\n|cant|p2b: Palafin|par\n|move|p2a: Garganacl|Salt Cure|p1a: Corviknight\n|-damage|p1a: Corviknight|96\/100\n|-start|p1a: Corviknight|Salt Cure\n|\n|-damage|p1b: Ceruledge|77\/100|[from] Salt Cure\n|-damage|p1a: Corviknight|71\/100|[from] Salt Cure\n|upkeep\n|turn|11\n|\n|t:|1682523905\n|move|p1b: Ceruledge|Bulk Up|p1b: Ceruledge\n|-boost|p1b: Ceruledge|atk|1\n|-boost|p1b: Ceruledge|def|1\n|move|p1a: Corviknight|Iron Defense|p1a: Corviknight\n|-boost|p1a: Corviknight|def|2\n|move|p2b: Palafin|Haze|p2b: Palafin\n|-clearallboost\n|move|p2a: Garganacl|Iron Defense|p2a: Garganacl\n|-boost|p2a: Garganacl|def|2\n|\n|-damage|p1b: Ceruledge|65\/100|[from] Salt Cure\n|-damage|p1a: Corviknight|46\/100|[from] Salt Cure\n|upkeep\n|turn|12\n|\n|t:|1682523922\n|move|p2b: Palafin|Protect|p2b: Palafin\n|-singleturn|p2b: Palafin|Protect\n|move|p1b: Ceruledge|Bulk Up|p1b: Ceruledge\n|-boost|p1b: Ceruledge|atk|1\n|-boost|p1b: Ceruledge|def|1\n|move|p1a: Corviknight|Roost|p1a: Corviknight\n|-heal|p1a: Corviknight|97\/100\n|-singleturn|p1a: Corviknight|move: Roost\n|move|p2a: Garganacl|Salt Cure|p1b: Ceruledge\n|-damage|p1b: Ceruledge|49\/100\n|\n|-damage|p1b: Ceruledge|37\/100|[from] Salt Cure\n|-damage|p1a: Corviknight|72\/100|[from] Salt Cure\n|upkeep\n|turn|13\n|\n|t:|1682523952\n|move|p1b: Ceruledge|Bitter Blade|p2b: Palafin\n|-resisted|p2b: Palafin\n|-crit|p2b: Palafin\n|-damage|p2b: Palafin|9\/100 par\n|-heal|p1b: Ceruledge|68\/100|[from] drain|[of] p2b: Palafin\n|move|p1a: Corviknight|Body Press|p2b: Palafin\n|-damage|p2b: Palafin|0 fnt\n|faint|p2b: Palafin\n|move|p2a: Garganacl|Salt Cure|p1b: Ceruledge\n|-damage|p1b: Ceruledge|53\/100\n|\n|-damage|p1b: Ceruledge|42\/100|[from] Salt Cure\n|-damage|p1a: Corviknight|47\/100|[from] Salt Cure\n|upkeep\n|turn|14\n|\n|t:|1682523982\n|move|p1b: Ceruledge|Bitter Blade|p2a: Garganacl\n|-damage|p2a: Garganacl|78\/100\n|-heal|p1b: Ceruledge|57\/100|[from] drain|[of] p2a: Garganacl\n|move|p1a: Corviknight|Iron Head|p2a: Garganacl\n|-damage|p2a: Garganacl|70\/100\n|move|p2a: Garganacl|Iron Defense|p2a: Garganacl\n|-boost|p2a: Garganacl|def|2\n|\n|-heal|p2a: Garganacl|75\/100|[from] item: Leftovers\n|-damage|p1b: Ceruledge|45\/100|[from] Salt Cure\n|-damage|p1a: Corviknight|22\/100|[from] Salt Cure\n|upkeep\n|turn|15\n|\n|t:|1682523995\n|move|p1b: Ceruledge|Bulk Up|p1b: Ceruledge\n|-boost|p1b: Ceruledge|atk|1\n|-boost|p1b: Ceruledge|def|1\n|move|p1a: Corviknight|Roost|p1a: Corviknight\n|-heal|p1a: Corviknight|72\/100\n|-singleturn|p1a: Corviknight|move: Roost\n|move|p2a: Garganacl|Iron Defense|p2a: Garganacl\n|-boost|p2a: Garganacl|def|2\n|\n|-heal|p2a: Garganacl|81\/100|[from] item: Leftovers\n|-damage|p1b: Ceruledge|33\/100|[from] Salt Cure\n|-damage|p1a: Corviknight|47\/100|[from] Salt Cure\n|upkeep\n|turn|16\n|\n|t:|1682524012\n|move|p2a: Garganacl|Protect|p2a: Garganacl\n|-singleturn|p2a: Garganacl|Protect\n|move|p1b: Ceruledge|Bitter Blade|p2a: Garganacl\n|-activate|p2a: Garganacl|move: Protect\n|move|p1a: Corviknight|Iron Head|p2a: Garganacl\n|-activate|p2a: Garganacl|move: Protect\n|\n|-heal|p2a: Garganacl|87\/100|[from] item: Leftovers\n|-damage|p1b: Ceruledge|21\/100|[from] Salt Cure\n|-damage|p1a: Corviknight|22\/100|[from] Salt Cure\n|upkeep\n|turn|17\n|\n|t:|1682524025\n|move|p1b: Ceruledge|Bitter Blade|p2a: Garganacl\n|-damage|p2a: Garganacl|72\/100\n|-heal|p1b: Ceruledge|31\/100|[from] drain|[of] p2a: Garganacl\n|move|p1a: Corviknight|Roost|p1a: Corviknight\n|-heal|p1a: Corviknight|73\/100\n|-singleturn|p1a: Corviknight|move: Roost\n|move|p2a: Garganacl|Salt Cure|p1b: Ceruledge\n|-damage|p1b: Ceruledge|20\/100\n|\n|-heal|p2a: Garganacl|78\/100|[from] item: Leftovers\n|-damage|p1b: Ceruledge|8\/100|[from] Salt Cure\n|-damage|p1a: Corviknight|48\/100|[from] Salt Cure\n|upkeep\n|turn|18\n|\n|t:|1682524046\n|move|p1b: Ceruledge|Protect|p1b: Ceruledge\n|-singleturn|p1b: Ceruledge|Protect\n|move|p2a: Garganacl|Protect|p2a: Garganacl\n|-singleturn|p2a: Garganacl|Protect\n|move|p1a: Corviknight|Iron Defense|p1a: Corviknight\n|-boost|p1a: Corviknight|def|2\n|\n|-heal|p2a: Garganacl|84\/100|[from] item: Leftovers\n|-damage|p1b: Ceruledge|0 fnt|[from] Salt Cure\n|faint|p1b: Ceruledge\n|-damage|p1a: Corviknight|23\/100|[from] Salt Cure\n|upkeep\n|\n|t:|1682524062\n|switch|p1b: Ting-Lu|Ting-Lu, L50|82\/100\n|-ability|p1b: Ting-Lu|Vessel of Ruin\n|turn|19\n|\n|t:|1682524077\n|move|p1a: Corviknight|Roost|p1a: Corviknight\n|-heal|p1a: Corviknight|73\/100\n|-singleturn|p1a: Corviknight|move: Roost\n|move|p1b: Ting-Lu|Substitute|p1b: Ting-Lu\n|-start|p1b: Ting-Lu|Substitute\n|-damage|p1b: Ting-Lu|57\/100\n|move|p2a: Garganacl|Salt Cure|p1b: Ting-Lu\n|-resisted|p1b: Ting-Lu\n|-activate|p1b: Ting-Lu|move: Substitute|[damage]\n|\n|-heal|p1b: Ting-Lu|63\/100|[from] item: Leftovers\n|-heal|p2a: Garganacl|90\/100|[from] item: Leftovers\n|-damage|p1a: Corviknight|48\/100|[from] Salt Cure\n|upkeep\n|turn|20\n|\n|t:|1682524107\n|move|p1a: Corviknight|Roost|p1a: Corviknight\n|-heal|p1a: Corviknight|99\/100\n|-singleturn|p1a: Corviknight|move: Roost\n|move|p1b: Ting-Lu|Stomping Tantrum|p2a: Garganacl\n|-damage|p2a: Garganacl|85\/100\n|move|p2a: Garganacl|Salt Cure|p1a: Corviknight\n|-resisted|p1a: Corviknight\n|-damage|p1a: Corviknight|96\/100\n|\n|-heal|p1b: Ting-Lu|70\/100|[from] item: Leftovers\n|-heal|p2a: Garganacl|91\/100|[from] item: Leftovers\n|-damage|p1a: Corviknight|71\/100|[from] Salt Cure\n|upkeep\n|turn|21\n|\n|t:|1682524125\n|move|p1a: Corviknight|Iron Head|p2a: Garganacl\n|-damage|p2a: Garganacl|86\/100\n|move|p1b: Ting-Lu|Stomping Tantrum|p2a: Garganacl\n|-crit|p2a: Garganacl\n|-damage|p2a: Garganacl|60\/100\n|move|p2a: Garganacl|Salt Cure|p1b: Ting-Lu\n|-resisted|p1b: Ting-Lu\n|-crit|p1b: Ting-Lu\n|-activate|p1b: Ting-Lu|move: Substitute|[damage]\n|\n|-heal|p1b: Ting-Lu|76\/100|[from] item: Leftovers\n|-heal|p2a: Garganacl|66\/100|[from] item: Leftovers\n|-damage|p1a: Corviknight|46\/100|[from] Salt Cure\n|upkeep\n|turn|22\n|\n|t:|1682524143\n|move|p1b: Ting-Lu|Protect|p1b: Ting-Lu\n|-singleturn|p1b: Ting-Lu|Protect\n|move|p1a: Corviknight|Iron Head|p2a: Garganacl\n|-damage|p2a: Garganacl|61\/100\n|move|p2a: Garganacl|Recover|p2a: Garganacl\n|-heal|p2a: Garganacl|100\/100\n|\n|-heal|p1b: Ting-Lu|82\/100|[from] item: Leftovers\n|-damage|p1a: Corviknight|21\/100|[from] Salt Cure\n|upkeep\n|turn|23\n|\n|t:|1682524163\n|move|p1a: Corviknight|Roost|p1a: Corviknight\n|-heal|p1a: Corviknight|72\/100\n|-singleturn|p1a: Corviknight|move: Roost\n|move|p1b: Ting-Lu|Stomping Tantrum|p2a: Garganacl\n|-damage|p2a: Garganacl|96\/100\n|move|p2a: Garganacl|Salt Cure|p1b: Ting-Lu\n|-resisted|p1b: Ting-Lu\n|-activate|p1b: Ting-Lu|move: Substitute|[damage]\n|\n|-heal|p1b: Ting-Lu|88\/100|[from] item: Leftovers\n|-heal|p2a: Garganacl|100\/100|[from] item: Leftovers\n|-damage|p1a: Corviknight|47\/100|[from] Salt Cure\n|upkeep\n|turn|24\n|\n|t:|1682524192\n|move|p2a: Garganacl|Protect|p2a: Garganacl\n|-singleturn|p2a: Garganacl|Protect\n|move|p1a: Corviknight|Iron Head|p2a: Garganacl\n|-activate|p2a: Garganacl|move: Protect\n|move|p1b: Ting-Lu|Stomping Tantrum|p2a: Garganacl\n|-activate|p2a: Garganacl|move: Protect\n|\n|-heal|p1b: Ting-Lu|94\/100|[from] item: Leftovers\n|-damage|p1a: Corviknight|22\/100|[from] Salt Cure\n|upkeep\n|turn|25\n|\n|t:|1682524209\n|move|p1a: Corviknight|Roost|p1a: Corviknight\n|-heal|p1a: Corviknight|72\/100\n|-singleturn|p1a: Corviknight|move: Roost\n|move|p1b: Ting-Lu|Stomping Tantrum|p2a: Garganacl\n|-damage|p2a: Garganacl|96\/100\n|move|p2a: Garganacl|Salt Cure|p1b: Ting-Lu\n|-resisted|p1b: Ting-Lu\n|-activate|p1b: Ting-Lu|move: Substitute|[damage]\n|\n|-heal|p1b: Ting-Lu|99\/100|[from] item: Leftovers\n|-heal|p2a: Garganacl|100\/100|[from] item: Leftovers\n|-damage|p1a: Corviknight|47\/100|[from] Salt Cure\n|upkeep\n|turn|26\n|\n|t:|1682524230\n|move|p2a: Garganacl|Protect|p2a: Garganacl\n|-singleturn|p2a: Garganacl|Protect\n|move|p1a: Corviknight|Iron Head|p2a: Garganacl\n|-activate|p2a: Garganacl|move: Protect\n|move|p1b: Ting-Lu|Body Press|p2a: Garganacl\n|-activate|p2a: Garganacl|move: Protect\n|\n|-heal|p1b: Ting-Lu|100\/100|[from] item: Leftovers\n|-damage|p1a: Corviknight|22\/100|[from] Salt Cure\n|upkeep\n|turn|27\n|\n|t:|1682524245\n|move|p1a: Corviknight|Roost|p1a: Corviknight\n|-heal|p1a: Corviknight|73\/100\n|-singleturn|p1a: Corviknight|move: Roost\n|move|p1b: Ting-Lu|Stomping Tantrum|p2a: Garganacl\n|-damage|p2a: Garganacl|96\/100\n|move|p2a: Garganacl|Iron Defense|p2a: Garganacl\n|-boost|p2a: Garganacl|def|0\n|\n|-heal|p2a: Garganacl|100\/100|[from] item: Leftovers\n|-damage|p1a: Corviknight|48\/100|[from] Salt Cure\n|upkeep\n|turn|28\n|\n|t:|1682524266\n|move|p1b: Ting-Lu|Protect|p1b: Ting-Lu\n|-singleturn|p1b: Ting-Lu|Protect\n|move|p2a: Garganacl|Protect|p2a: Garganacl\n|-singleturn|p2a: Garganacl|Protect\n|move|p1a: Corviknight|Iron Head|p2a: Garganacl\n|-activate|p2a: Garganacl|move: Protect\n|\n|-damage|p1a: Corviknight|23\/100|[from] Salt Cure\n|upkeep\n|turn|29\n|\n|t:|1682524282\n|move|p1a: Corviknight|Iron Head|p2a: Garganacl\n|-damage|p2a: Garganacl|96\/100\n|move|p1b: Ting-Lu|Body Press|p2a: Garganacl\n|-immune|p2a: Garganacl\n|cant|p2a: Garganacl|flinch\n|\n|-heal|p2a: Garganacl|100\/100|[from] item: Leftovers\n|-damage|p1a: Corviknight|0 fnt|[from] Salt Cure\n|faint|p1a: Corviknight\n|upkeep\n|turn|30\n|\n|t:|1682524305\n|move|p1b: Ting-Lu|Substitute|p1b: Ting-Lu\n|-fail|p1b: Ting-Lu|move: Substitute\n|move|p2a: Garganacl|Salt Cure|p1b: Ting-Lu\n|-resisted|p1b: Ting-Lu\n|-activate|p1b: Ting-Lu|move: Substitute|[damage]\n|\n|upkeep\n|turn|31\n|\n|t:|1682524315\n|move|p1b: Ting-Lu|Body Press|p2a: Garganacl\n|-immune|p2a: Garganacl\n|move|p2a: Garganacl|Salt Cure|p1b: Ting-Lu\n|-resisted|p1b: Ting-Lu\n|-activate|p1b: Ting-Lu|move: Substitute|[damage]\n|\n|upkeep\n|turn|32\n|\n|t:|1682524327\n|move|p1b: Ting-Lu|Body Press|p2a: Garganacl\n|-immune|p2a: Garganacl\n|move|p2a: Garganacl|Salt Cure|p1b: Ting-Lu\n|-resisted|p1b: Ting-Lu\n|-activate|p1b: Ting-Lu|move: Substitute|[damage]\n|\n|upkeep\n|turn|33\n|\n|t:|1682524336\n|move|p1b: Ting-Lu|Body Press|p2a: Garganacl\n|-immune|p2a: Garganacl\n|move|p2a: Garganacl|Salt Cure|p1b: Ting-Lu\n|-resisted|p1b: Ting-Lu\n|-end|p1b: Ting-Lu|Substitute\n|\n|upkeep\n|turn|34\n|\n|t:|1682524343\n|move|p1b: Ting-Lu|Substitute|p1b: Ting-Lu\n|-start|p1b: Ting-Lu|Substitute\n|-damage|p1b: Ting-Lu|76\/100\n|move|p2a: Garganacl|Salt Cure|p1b: Ting-Lu\n|-resisted|p1b: Ting-Lu\n|-activate|p1b: Ting-Lu|move: Substitute|[damage]\n|\n|-heal|p1b: Ting-Lu|82\/100|[from] item: Leftovers\n|upkeep\n|turn|35\n|\n|t:|1682524352\n|move|p1b: Ting-Lu|Protect|p1b: Ting-Lu\n|-singleturn|p1b: Ting-Lu|Protect\n|move|p2a: Garganacl|Salt Cure|p1b: Ting-Lu\n|-activate|p1b: Ting-Lu|move: Protect\n|\n|-heal|p1b: Ting-Lu|88\/100|[from] item: Leftovers\n|upkeep\n|turn|36\n|\n|t:|1682524397\n|move|p2a: Garganacl|Protect|p2a: Garganacl\n|-singleturn|p2a: Garganacl|Protect\n|move|p1b: Ting-Lu|Body Press|p2a: Garganacl\n|-activate|p2a: Garganacl|move: Protect\n|\n|-heal|p1b: Ting-Lu|94\/100|[from] item: Leftovers\n|upkeep\n|turn|37\n|\n|t:|1682524411\n|move|p1b: Ting-Lu|Stomping Tantrum|p2a: Garganacl\n|-damage|p2a: Garganacl|96\/100\n|move|p2a: Garganacl|Iron Defense|p2a: Garganacl\n|-boost|p2a: Garganacl|def|0\n|\n|-heal|p1b: Ting-Lu|99\/100|[from] item: Leftovers\n|-heal|p2a: Garganacl|100\/100|[from] item: Leftovers\n|upkeep\n|turn|38\n|\n|t:|1682524434\n|move|p1b: Ting-Lu|Body Press|p2a: Garganacl\n|-immune|p2a: Garganacl\n|move|p2a: Garganacl|Iron Defense|p2a: Garganacl\n|-boost|p2a: Garganacl|def|0\n|\n|-heal|p1b: Ting-Lu|100\/100|[from] item: Leftovers\n|upkeep\n|turn|39\n|\n|t:|1682524450\n|move|p1b: Ting-Lu|Protect|p1b: Ting-Lu\n|-singleturn|p1b: Ting-Lu|Protect\n|move|p2a: Garganacl|Iron Defense|p2a: Garganacl\n|-boost|p2a: Garganacl|def|0\n|\n|upkeep\n|turn|40\n|\n|t:|1682524457\n|move|p1b: Ting-Lu|Body Press|p2a: Garganacl\n|-immune|p2a: Garganacl\n|move|p2a: Garganacl|Iron Defense|p2a: Garganacl\n|-boost|p2a: Garganacl|def|0\n|\n|upkeep\n|turn|41\n|\n|t:|1682524465\n|move|p1b: Ting-Lu|Stomping Tantrum|p2a: Garganacl\n|-damage|p2a: Garganacl|92\/100\n|move|p2a: Garganacl|Iron Defense|p2a: Garganacl\n|-boost|p2a: Garganacl|def|0\n|\n|-heal|p2a: Garganacl|98\/100|[from] item: Leftovers\n|upkeep\n|turn|42\n|\n|t:|1682524473\n|move|p1b: Ting-Lu|Protect|p1b: Ting-Lu\n|-singleturn|p1b: Ting-Lu|Protect\n|move|p2a: Garganacl|Protect||[still]\n|-fail|p2a: Garganacl\n|\n|-heal|p2a: Garganacl|100\/100|[from] item: Leftovers\n|upkeep\n|turn|43\n|\n|t:|1682524486\n|move|p1b: Ting-Lu|Stomping Tantrum|p2a: Garganacl\n|-damage|p2a: Garganacl|96\/100\n|move|p2a: Garganacl|Iron Defense|p2a: Garganacl\n|-boost|p2a: Garganacl|def|0\n|\n|-heal|p2a: Garganacl|100\/100|[from] item: Leftovers\n|upkeep\n|turn|44\n|\n|t:|1682524496\n|move|p1b: Ting-Lu|Body Press|p2a: Garganacl\n|-immune|p2a: Garganacl\n|move|p2a: Garganacl|Iron Defense|p2a: Garganacl\n|-boost|p2a: Garganacl|def|0\n|\n|upkeep\n|turn|45\n|\n|t:|1682524504\n|move|p1b: Ting-Lu|Stomping Tantrum|p2a: Garganacl\n|-damage|p2a: Garganacl|90\/100\n|move|p2a: Garganacl|Iron Defense|p2a: Garganacl\n|-boost|p2a: Garganacl|def|0\n|\n|-heal|p2a: Garganacl|96\/100|[from] item: Leftovers\n|upkeep\n|turn|46\n|\n|t:|1682524513\n|move|p1b: Ting-Lu|Protect|p1b: Ting-Lu\n|-singleturn|p1b: Ting-Lu|Protect\n|move|p2a: Garganacl|Iron Defense|p2a: Garganacl\n|-boost|p2a: Garganacl|def|0\n|\n|-heal|p2a: Garganacl|100\/100|[from] item: Leftovers\n|upkeep\n|turn|47\n|\n|t:|1682524521\n|move|p1b: Ting-Lu|Stomping Tantrum|p2a: Garganacl\n|-damage|p2a: Garganacl|95\/100\n|move|p2a: Garganacl|Iron Defense|p2a: Garganacl\n|-boost|p2a: Garganacl|def|0\n|\n|-heal|p2a: Garganacl|100\/100|[from] item: Leftovers\n|upkeep\n|turn|48\n|\n|t:|1682524535\n|move|p1b: Ting-Lu|Body Press|p2a: Garganacl\n|-immune|p2a: Garganacl\n|move|p2a: Garganacl|Iron Defense|p2a: Garganacl\n|-boost|p2a: Garganacl|def|0\n|\n|upkeep\n|turn|49\n|\n|t:|1682524542\n|move|p1b: Ting-Lu|Protect|p1b: Ting-Lu\n|-singleturn|p1b: Ting-Lu|Protect\n|move|p2a: Garganacl|Iron Defense|p2a: Garganacl\n|-boost|p2a: Garganacl|def|0\n|\n|upkeep\n|turn|50\n|\n|t:|1682524549\n|move|p1b: Ting-Lu|Body Press|p2a: Garganacl\n|-immune|p2a: Garganacl\n|move|p2a: Garganacl|Iron Defense|p2a: Garganacl\n|-boost|p2a: Garganacl|def|0\n|\n|upkeep\n|turn|51\n|\n|t:|1682524556\n|move|p1b: Ting-Lu|Protect|p1b: Ting-Lu\n|-singleturn|p1b: Ting-Lu|Protect\n|move|p2a: Garganacl|Salt Cure|p1b: Ting-Lu\n|-activate|p1b: Ting-Lu|move: Protect\n|\n|upkeep\n|turn|52\n|\n|t:|1682524565\n|move|p1b: Ting-Lu|Body Press|p2a: Garganacl\n|-immune|p2a: Garganacl\n|move|p2a: Garganacl|Salt Cure|p1b: Ting-Lu\n|-resisted|p1b: Ting-Lu\n|-activate|p1b: Ting-Lu|move: Substitute|[damage]\n|\n|upkeep\n|turn|53\n|\n|t:|1682524580\n|move|p1b: Ting-Lu|Protect|p1b: Ting-Lu\n|-singleturn|p1b: Ting-Lu|Protect\n|move|p2a: Garganacl|Iron Defense|p2a: Garganacl\n|-boost|p2a: Garganacl|def|0\n|\n|upkeep\n|turn|54\n|\n|t:|1682524588\n|move|p1b: Ting-Lu|Body Press|p2a: Garganacl\n|-immune|p2a: Garganacl\n|move|p2a: Garganacl|Iron Defense|p2a: Garganacl\n|-boost|p2a: Garganacl|def|0\n|\n|upkeep\n|turn|55\n|\n|t:|1682524594\n|move|p1b: Ting-Lu|Protect|p1b: Ting-Lu\n|-singleturn|p1b: Ting-Lu|Protect\n|move|p2a: Garganacl|Iron Defense|p2a: Garganacl\n|-boost|p2a: Garganacl|def|0\n|\n|upkeep\n|turn|56\n|\n|t:|1682524602\n|move|p1b: Ting-Lu|Body Press|p2a: Garganacl\n|-immune|p2a: Garganacl\n|move|p2a: Garganacl|Iron Defense|p2a: Garganacl\n|-boost|p2a: Garganacl|def|0\n|\n|upkeep\n|turn|57\n|\n|t:|1682524611\n|move|p1b: Ting-Lu|Protect|p1b: Ting-Lu\n|-singleturn|p1b: Ting-Lu|Protect\n|move|p2a: Garganacl|Protect||[still]\n|-fail|p2a: Garganacl\n|\n|upkeep\n|turn|58\n|\n|t:|1682524617\n|move|p1b: Ting-Lu|Body Press|p2a: Garganacl\n|-immune|p2a: Garganacl\n|move|p2a: Garganacl|Recover||[still]\n|-fail|p2a: Garganacl|heal\n|\n|upkeep\n|turn|59\n|\n|t:|1682524628\n|move|p2a: Garganacl|Protect|p2a: Garganacl\n|-singleturn|p2a: Garganacl|Protect\n|move|p1b: Ting-Lu|Substitute|p1b: Ting-Lu\n|-fail|p1b: Ting-Lu|move: Substitute\n|\n|upkeep\n|turn|60\n|\n|t:|1682524635\n|move|p1b: Ting-Lu|Protect|p1b: Ting-Lu\n|-singleturn|p1b: Ting-Lu|Protect\n|move|p2a: Garganacl|Recover||[still]\n|-fail|p2a: Garganacl|heal\n|\n|upkeep\n|turn|61\n|\n|t:|1682524641\n|move|p2a: Garganacl|Protect|p2a: Garganacl\n|-singleturn|p2a: Garganacl|Protect\n|move|p1b: Ting-Lu|Substitute|p1b: Ting-Lu\n|-fail|p1b: Ting-Lu|move: Substitute\n|\n|upkeep\n|turn|62\n|\n|t:|1682524646\n|move|p1b: Ting-Lu|Protect|p1b: Ting-Lu\n|-singleturn|p1b: Ting-Lu|Protect\n|move|p2a: Garganacl|Protect||[still]\n|-fail|p2a: Garganacl\n|\n|upkeep\n|turn|63\n|\n|t:|1682524652\n|move|p1b: Ting-Lu|Substitute|p1b: Ting-Lu\n|-fail|p1b: Ting-Lu|move: Substitute\n|move|p2a: Garganacl|Recover||[still]\n|-fail|p2a: Garganacl|heal\n|\n|upkeep\n|turn|64\n|\n|t:|1682524657\n|move|p1b: Ting-Lu|Protect|p1b: Ting-Lu\n|-singleturn|p1b: Ting-Lu|Protect\n|move|p2a: Garganacl|Protect||[still]\n|-fail|p2a: Garganacl\n|\n|upkeep\n|turn|65\n|\n|t:|1682524663\n|move|p1b: Ting-Lu|Substitute|p1b: Ting-Lu\n|-fail|p1b: Ting-Lu|move: Substitute\n|move|p2a: Garganacl|Recover||[still]\n|-fail|p2a: Garganacl|heal\n|\n|upkeep\n|turn|66\n|\n|t:|1682524670\n|move|p2a: Garganacl|Protect|p2a: Garganacl\n|-singleturn|p2a: Garganacl|Protect\n|move|p1b: Ting-Lu|Body Press|p2a: Garganacl\n|-activate|p2a: Garganacl|move: Protect\n|\n|upkeep\n|turn|67\n|\n|t:|1682524677\n|move|p1b: Ting-Lu|Substitute|p1b: Ting-Lu\n|-fail|p1b: Ting-Lu|move: Substitute\n|move|p2a: Garganacl|Recover||[still]\n|-fail|p2a: Garganacl|heal\n|\n|upkeep\n|turn|68\n|\n|t:|1682524684\n|move|p1b: Ting-Lu|Substitute|p1b: Ting-Lu\n|-fail|p1b: Ting-Lu|move: Substitute\n|move|p2a: Garganacl|Salt Cure|p1b: Ting-Lu\n|-resisted|p1b: Ting-Lu\n|-activate|p1b: Ting-Lu|move: Substitute|[damage]\n|\n|upkeep\n|turn|69\n|\n|t:|1682524689\n|move|p1b: Ting-Lu|Protect|p1b: Ting-Lu\n|-singleturn|p1b: Ting-Lu|Protect\n|move|p2a: Garganacl|Protect||[still]\n|-fail|p2a: Garganacl\n|\n|upkeep\n|turn|70\n|\n|t:|1682524695\n|move|p1b: Ting-Lu|Substitute|p1b: Ting-Lu\n|-fail|p1b: Ting-Lu|move: Substitute\n|move|p2a: Garganacl|Recover||[still]\n|-fail|p2a: Garganacl|heal\n|\n|upkeep\n|turn|71\n|\n|t:|1682524703\n|move|p2a: Garganacl|Protect|p2a: Garganacl\n|-singleturn|p2a: Garganacl|Protect\n|move|p1b: Ting-Lu|Substitute|p1b: Ting-Lu\n|-fail|p1b: Ting-Lu|move: Substitute\n|\n|upkeep\n|turn|72\n|\n|t:|1682524709\n|move|p1b: Ting-Lu|Substitute|p1b: Ting-Lu\n|-fail|p1b: Ting-Lu|move: Substitute\n|move|p2a: Garganacl|Recover||[still]\n|-fail|p2a: Garganacl|heal\n|\n|upkeep\n|turn|73\n|\n|t:|1682524714\n|move|p1b: Ting-Lu|Substitute|p1b: Ting-Lu\n|-fail|p1b: Ting-Lu|move: Substitute\n|move|p2a: Garganacl|Salt Cure|p1b: Ting-Lu\n|-resisted|p1b: Ting-Lu\n|-activate|p1b: Ting-Lu|move: Substitute|[damage]\n|\n|upkeep\n|turn|74\n|\n|t:|1682524723\n|move|p1b: Ting-Lu|Protect|p1b: Ting-Lu\n|-singleturn|p1b: Ting-Lu|Protect\n|-activate|p2a: Garganacl|move: Struggle\n|move|p2a: Garganacl|Struggle|p1b: Ting-Lu\n|-activate|p1b: Ting-Lu|move: Protect\n|\n|upkeep\n|turn|75\n|\n|t:|1682524730\n|move|p1b: Ting-Lu|Substitute|p1b: Ting-Lu\n|-fail|p1b: Ting-Lu|move: Substitute\n|-activate|p2a: Garganacl|move: Struggle\n|move|p2a: Garganacl|Struggle|p1b: Ting-Lu\n|-activate|p1b: Ting-Lu|move: Substitute|[damage]\n|-damage|p2a: Garganacl|75\/100|[from] recoil\n|\n|-heal|p2a: Garganacl|81\/100|[from] item: Leftovers\n|upkeep\n|turn|76\n|\n|t:|1682524738\n|move|p1b: Ting-Lu|Substitute|p1b: Ting-Lu\n|-fail|p1b: Ting-Lu|move: Substitute\n|-activate|p2a: Garganacl|move: Struggle\n|move|p2a: Garganacl|Struggle|p1b: Ting-Lu\n|-activate|p1b: Ting-Lu|move: Substitute|[damage]\n|-damage|p2a: Garganacl|56\/100|[from] recoil\n|\n|-heal|p2a: Garganacl|62\/100|[from] item: Leftovers\n|upkeep\n|turn|77\n|c|\u2606RamonTheKiller|gg\n|\n|t:|1682524746\n|-activate|p1b: Ting-Lu|move: Struggle\n|move|p1b: Ting-Lu|Struggle|p2a: Garganacl\n|-damage|p2a: Garganacl|59\/100\n|-damage|p1b: Ting-Lu|75\/100|[from] recoil\n|-activate|p2a: Garganacl|move: Struggle\n|move|p2a: Garganacl|Struggle|p1b: Ting-Lu\n|-end|p1b: Ting-Lu|Substitute\n|-damage|p2a: Garganacl|34\/100|[from] recoil\n|\n|-heal|p1b: Ting-Lu|81\/100|[from] item: Leftovers\n|-heal|p2a: Garganacl|40\/100|[from] item: Leftovers\n|upkeep\n|turn|78\n|c|\u2606OlloDaru|gg\n|\n|t:|1682524757\n|-activate|p1b: Ting-Lu|move: Struggle\n|move|p1b: Ting-Lu|Struggle|p2a: Garganacl\n|-damage|p2a: Garganacl|38\/100\n|-damage|p1b: Ting-Lu|56\/100|[from] recoil\n|-activate|p2a: Garganacl|move: Struggle\n|move|p2a: Garganacl|Struggle|p1b: Ting-Lu\n|-damage|p1b: Ting-Lu|51\/100\n|-damage|p2a: Garganacl|13\/100|[from] recoil\n|\n|-heal|p1b: Ting-Lu|57\/100|[from] item: Leftovers\n|-heal|p2a: Garganacl|18\/100|[from] item: Leftovers\n|upkeep\n|turn|79\n|\n|t:|1682524768\n|-activate|p1b: Ting-Lu|move: Struggle\n|move|p1b: Ting-Lu|Struggle|p2a: Garganacl\n|-damage|p2a: Garganacl|16\/100\n|-damage|p1b: Ting-Lu|32\/100|[from] recoil\n|-activate|p2a: Garganacl|move: Struggle\n|move|p2a: Garganacl|Struggle|p1b: Ting-Lu\n|-damage|p1b: Ting-Lu|27\/100\n|-damage|p2a: Garganacl|0 fnt|[from] recoil\n|faint|p2a: Garganacl\n|\n|win|RamonTheKiller\n|raw|RamonTheKiller's rating: 1239 → 1270<\/strong> (+31 for winning)\n|raw|OlloDaru's rating: 1321 → 1296<\/strong> (-25 for losing)\n|l|\u2606OlloDaru\n","uploadtime":1682524779,"views":10,"p1id":"ramonthekiller","p2id":"ollodaru","formatid":"gen9vgc2023regulationc","rating":1270,"private":0,"password":""}