{"id":"gen9vgc2023regulationc-1845649610","p1":"brolibear","p2":"Mashu2021","format":"[Gen 9] VGC 2023 Regulation C","log":"|j|\u2606brolibear\n|j|\u2606Mashu2021\n|t:|1681752486\n|gametype|doubles\n|player|p1|brolibear|valerie|1110\n|player|p2|Mashu2021|cynthia-gen4|1167\n|teamsize|p1|6\n|teamsize|p2|6\n|gen|9\n|tier|[Gen 9] VGC 2023 Regulation C\n|rated|\n|rule|Species Clause: Limit one of each Pok\u00e9mon\n|rule|Item Clause: Limit one of each item\n|clearpoke\n|poke|p1|Talonflame, L50, M|\n|poke|p1|Espathra, L50, F|\n|poke|p1|Iron Bundle, L50|\n|poke|p1|Hydreigon, L50, F|\n|poke|p1|Sandy Shocks, L50|\n|poke|p1|Tsareena, L50, F|\n|poke|p2|Orthworm, L50, M|\n|poke|p2|Ting-Lu, L50|\n|poke|p2|Gyarados, L50, M|\n|poke|p2|Dragonite, L50, M|\n|poke|p2|Iron Bundle, L50|\n|poke|p2|Flutter Mane, L50|\n|teampreview|4\n|\n|t:|1681752527\n|start\n|switch|p1a: \u2605Rigel\u2605|Talonflame, L50, M, shiny|100\/100\n|switch|p1b: \u2605Aldebran\u2605|Sandy Shocks, L50, shiny|100\/100\n|switch|p2a: Orthworm|Orthworm, L50, M|100\/100\n|switch|p2b: Ting-Lu|Ting-Lu, L50|100\/100\n|-ability|p2b: Ting-Lu|Vessel of Ruin\n|-enditem|p1b: \u2605Aldebran\u2605|Booster Energy\n|-activate|p1b: \u2605Aldebran\u2605|ability: Protosynthesis|[fromitem]\n|-start|p1b: \u2605Aldebran\u2605|protosynthesisspe\n|turn|1\n|inactive|Battle timer is ON: inactive players will automatically lose when time's up. (requested by Mashu2021)\n|inactive|Mashu2021 has 60 seconds left.\n|\n|t:|1681752581\n|-terastallize|p2a: Orthworm|Fire\n|move|p1a: \u2605Rigel\u2605|Tailwind|p1a: \u2605Rigel\u2605\n|-sidestart|p1: brolibear|move: Tailwind\n|move|p1b: \u2605Aldebran\u2605|Gravity|p1b: \u2605Aldebran\u2605\n|-fieldstart|move: Gravity\n|move|p2a: Orthworm|Body Press|p1a: \u2605Rigel\u2605\n|-resisted|p1a: \u2605Rigel\u2605\n|-damage|p1a: \u2605Rigel\u2605|78\/100\n|move|p2b: Ting-Lu|Earthquake|p1a: \u2605Rigel\u2605|[spread] p1a,p1b\n|-immune|p2a: Orthworm|[from] ability: Earth Eater\n|-supereffective|p1a: \u2605Rigel\u2605\n|-supereffective|p1b: \u2605Aldebran\u2605\n|-damage|p1a: \u2605Rigel\u2605|0 fnt\n|-damage|p1b: \u2605Aldebran\u2605|28\/100\n|faint|p1a: \u2605Rigel\u2605\n|\n|upkeep\n|\n|t:|1681752595\n|switch|p1a: \u2605Sirius\u2605|Espathra, L50, F, shiny|100\/100\n|turn|2\n|\n|t:|1681752607\n|move|p1b: \u2605Aldebran\u2605|Earth Power|p2a: Orthworm\n|-immune|p2a: Orthworm|[from] ability: Earth Eater\n|move|p1a: \u2605Sirius\u2605|Hypnosis|p2b: Ting-Lu\n|-status|p2b: Ting-Lu|slp|[from] move: Hypnosis\n|move|p2a: Orthworm|Heavy Slam|p1a: \u2605Sirius\u2605\n|-damage|p1a: \u2605Sirius\u2605|72\/100\n|cant|p2b: Ting-Lu|slp\n|\n|-ability|p1a: \u2605Sirius\u2605|Speed Boost|boost\n|-boost|p1a: \u2605Sirius\u2605|spe|1\n|upkeep\n|turn|3\n|inactive|brolibear has 30 seconds left.\n|inactive|Mashu2021 has 30 seconds left.\n|inactive|Mashu2021 has 20 seconds left.\n|inactive|Mashu2021 has 15 seconds left.\n|\n|t:|1681752650\n|move|p1b: \u2605Aldebran\u2605|Earth Power|p2b: Ting-Lu\n|-damage|p2b: Ting-Lu|86\/100 slp\n|move|p1a: \u2605Sirius\u2605|Hypnosis|p2a: Orthworm\n|-status|p2a: Orthworm|slp|[from] move: Hypnosis\n|cant|p2a: Orthworm|slp\n|-curestatus|p2b: Ting-Lu|slp|[msg]\n|move|p2b: Ting-Lu|Earthquake|p1b: \u2605Aldebran\u2605|[spread] p1a,p1b\n|-immune|p2a: Orthworm|[from] ability: Earth Eater\n|-supereffective|p1b: \u2605Aldebran\u2605\n|-damage|p1a: \u2605Sirius\u2605|36\/100\n|-damage|p1b: \u2605Aldebran\u2605|0 fnt\n|faint|p1b: \u2605Aldebran\u2605\n|-end|p1b: \u2605Aldebran\u2605|Protosynthesis|[silent]\n|\n|-ability|p1a: \u2605Sirius\u2605|Speed Boost|boost\n|-boost|p1a: \u2605Sirius\u2605|spe|1\n|upkeep\n|\n|t:|1681752665\n|switch|p1b: \u2605Antares\u2605|Hydreigon, L50, F|100\/100\n|turn|4\n|inactive|brolibear has 30 seconds left.\n|\n|t:|1681752692\n|move|p1a: \u2605Sirius\u2605|Hypnosis|p2b: Ting-Lu\n|-status|p2b: Ting-Lu|slp|[from] move: Hypnosis\n|move|p1b: \u2605Antares\u2605|Dark Pulse|p2b: Ting-Lu\n|-resisted|p2b: Ting-Lu\n|-damage|p2b: Ting-Lu|79\/100 slp\n|cant|p2a: Orthworm|slp\n|cant|p2b: Ting-Lu|slp\n|\n|-sideend|p1: brolibear|move: Tailwind\n|-ability|p1a: \u2605Sirius\u2605|Speed Boost|boost\n|-boost|p1a: \u2605Sirius\u2605|spe|1\n|upkeep\n|turn|5\n|\n|t:|1681752705\n|move|p1a: \u2605Sirius\u2605|Dazzling Gleam|p2a: Orthworm|[spread] p2a,p2b\n|-resisted|p2a: Orthworm\n|-supereffective|p2b: Ting-Lu\n|-damage|p2a: Orthworm|94\/100 slp\n|-damage|p2b: Ting-Lu|68\/100 slp\n|move|p1b: \u2605Antares\u2605|Dark Pulse|p2b: Ting-Lu\n|-resisted|p2b: Ting-Lu\n|-damage|p2b: Ting-Lu|60\/100 slp\n|-curestatus|p2a: Orthworm|slp|[msg]\n|move|p2a: Orthworm|Body Press|p1b: \u2605Antares\u2605\n|-supereffective|p1b: \u2605Antares\u2605\n|-damage|p1b: \u2605Antares\u2605|40\/100\n|-curestatus|p2b: Ting-Lu|slp|[msg]\n|cant|p2b: Ting-Lu|flinch\n|\n|-fieldend|move: Gravity\n|-ability|p1a: \u2605Sirius\u2605|Speed Boost|boost\n|-boost|p1a: \u2605Sirius\u2605|spe|1\n|upkeep\n|turn|6\n|\n|t:|1681752728\n|move|p1a: \u2605Sirius\u2605|Hypnosis|p2b: Ting-Lu|[miss]\n|-miss|p1a: \u2605Sirius\u2605|p2b: Ting-Lu\n|move|p1b: \u2605Antares\u2605|Draco Meteor|p2a: Orthworm\n|-damage|p2a: Orthworm|31\/100\n|-unboost|p1b: \u2605Antares\u2605|spa|2\n|-enditem|p2a: Orthworm|Sitrus Berry|[eat]\n|-heal|p2a: Orthworm|56\/100|[from] item: Sitrus Berry\n|move|p2a: Orthworm|Body Press|p1b: \u2605Antares\u2605\n|-supereffective|p1b: \u2605Antares\u2605\n|-damage|p1b: \u2605Antares\u2605|0 fnt\n|faint|p1b: \u2605Antares\u2605\n|move|p2b: Ting-Lu|Earthquake|p1a: \u2605Sirius\u2605|[spread] p1a\n|-heal|p2a: Orthworm|81\/100|[from] ability: Earth Eater|[of] p2b: Ting-Lu\n|-damage|p1a: \u2605Sirius\u2605|0 fnt\n|faint|p1a: \u2605Sirius\u2605\n|\n|win|Mashu2021\n|raw|brolibear's rating: 1110 → 1089<\/strong> (-21 for losing)\n|raw|Mashu2021's rating: 1167 → 1188<\/strong> (+21 for winning)\n|l|\u2606brolibear\n","uploadtime":1681752747,"views":11,"p1id":"brolibear","p2id":"mashu2021","formatid":"gen9vgc2023regulationc","rating":1089,"private":0,"password":""}