{"id":"gen9vgc2023regulationc-1852230812","p1":"FuryCutta","p2":"RylektVGC","format":"[Gen 9] VGC 2023 Regulation C","log":"|j|\u2606FuryCutta\n|j|\u2606RylektVGC\n|t:|1682534955\n|gametype|doubles\n|player|p1|FuryCutta|265|1453\n|player|p2|RylektVGC|flannery|1570\n|teamsize|p1|6\n|teamsize|p2|6\n|gen|9\n|tier|[Gen 9] VGC 2023 Regulation C\n|rated|\n|rule|Species Clause: Limit one of each Pok\u00e9mon\n|rule|Item Clause: Limit one of each item\n|clearpoke\n|poke|p1|Maushold, L50|\n|poke|p1|Annihilape, L50, F|\n|poke|p1|Iron Bundle, L50|\n|poke|p1|Arcanine, L50, F|\n|poke|p1|Gholdengo, L50|\n|poke|p1|Scream Tail, L50|\n|poke|p2|Maushold-Four, L50|\n|poke|p2|Gholdengo, L50|\n|poke|p2|Flutter Mane, L50|\n|poke|p2|Dragonite, L50, F|\n|poke|p2|Chien-Pao, L50|\n|poke|p2|Iron Bundle, L50|\n|teampreview|4\n|inactive|Battle timer is ON: inactive players will automatically lose when time's up. (requested by FuryCutta)\nRylektVGC has agreed to open team sheets.\n|inactive|RylektVGC has 60 seconds left.\n|j| hoozayisdead\n|\n|t:|1682535002\n|start\n|switch|p1a: Annihilape|Annihilape, L50, F|100\/100\n|switch|p1b: Scream Tail|Scream Tail, L50|100\/100\n|switch|p2a: Flutter Mane|Flutter Mane, L50|100\/100\n|switch|p2b: Dragonite|Dragonite, L50, F|100\/100\n|-enditem|p1b: Scream Tail|Booster Energy\n|-activate|p1b: Scream Tail|ability: Protosynthesis|[fromitem]\n|-start|p1b: Scream Tail|protosynthesisspe\n|turn|1\n|\n|t:|1682535019\n|-terastallize|p1a: Annihilape|Water\n|-terastallize|p2b: Dragonite|Flying\n|move|p1b: Scream Tail|Thunder Wave|p2a: Flutter Mane\n|-status|p2a: Flutter Mane|par\n|move|p1a: Annihilape|Rage Fist|p2a: Flutter Mane\n|-supereffective|p2a: Flutter Mane\n|-damage|p2a: Flutter Mane|24\/100 par\n|move|p2b: Dragonite|Tera Blast|p1a: Annihilape\n|-damage|p1a: Annihilape|42\/100\n|-enditem|p1a: Annihilape|Sitrus Berry|[eat]\n|-heal|p1a: Annihilape|66\/100|[from] item: Sitrus Berry\n|move|p2a: Flutter Mane|Dazzling Gleam|p1b: Scream Tail|[spread] p1a,p1b\n|-damage|p1a: Annihilape|32\/100\n|-damage|p1b: Scream Tail|72\/100\n|\n|upkeep\n|turn|2\n|inactive|FuryCutta has 30 seconds left.\n|\n|t:|1682535053\n|move|p2b: Dragonite|Extreme Speed|p1a: Annihilape\n|-damage|p1a: Annihilape|4\/100\n|move|p1b: Scream Tail|Disable|p2b: Dragonite\n|-start|p2b: Dragonite|Disable|Extreme Speed\n|move|p1a: Annihilape|Rage Fist|p2a: Flutter Mane\n|-supereffective|p2a: Flutter Mane\n|-damage|p2a: Flutter Mane|0 fnt\n|faint|p2a: Flutter Mane\n|-end|p2a: Flutter Mane|Protosynthesis|[silent]\n|\n|upkeep\n|\n|t:|1682535061\n|switch|p2a: Chien-Pao|Chien-Pao, L50|100\/100\n|-ability|p2a: Chien-Pao|Sword of Ruin\n|turn|3\n|inactive|FuryCutta has 30 seconds left.\n|\n|t:|1682535091\n|move|p1a: Annihilape|Protect|p1a: Annihilape\n|-singleturn|p1a: Annihilape|Protect\n|move|p2a: Chien-Pao|Sucker Punch||[still]\n|-fail|p2a: Chien-Pao\n|move|p1b: Scream Tail|Disable|p2a: Chien-Pao\n|-start|p2a: Chien-Pao|Disable|Sucker Punch\n|move|p2b: Dragonite|Tera Blast|p1b: Scream Tail\n|-damage|p1b: Scream Tail|12\/100\n|\n|upkeep\n|turn|4\n|\n|t:|1682535111\n|move|p2a: Chien-Pao|Protect|p2a: Chien-Pao\n|-singleturn|p2a: Chien-Pao|Protect\n|move|p1b: Scream Tail|Thunder Wave|p2a: Chien-Pao\n|-activate|p2a: Chien-Pao|move: Protect\n|move|p1a: Annihilape|Rage Fist|p2b: Dragonite\n|-damage|p2b: Dragonite|46\/100\n|move|p2b: Dragonite|Tera Blast|p1a: Annihilape\n|-damage|p1a: Annihilape|0 fnt\n|faint|p1a: Annihilape\n|\n|upkeep\n|\n|t:|1682535126\n|switch|p1a: Iron Bundle|Iron Bundle, L50|100\/100\n|turn|5\n|\n|t:|1682535138\n|switch|p2a: Gholdengo|Gholdengo, L50|100\/100\n|move|p1b: Scream Tail|Encore|p2a: Gholdengo\n|-immune|p2a: Gholdengo|[from] ability: Good as Gold\n|move|p1a: Iron Bundle|Freeze-Dry|p2b: Dragonite\n|-supereffective|p2b: Dragonite\n|-damage|p2b: Dragonite|2\/100\n|move|p2b: Dragonite|Rock Slide|p1a: Iron Bundle|[spread] p1b\n|-miss|p2b: Dragonite|p1a: Iron Bundle\n|-damage|p1b: Scream Tail|0 fnt\n|faint|p1b: Scream Tail\n|-end|p1b: Scream Tail|Protosynthesis|[silent]\n|\n|upkeep\n|\n|t:|1682535145\n|switch|p1b: Gholdengo|Gholdengo, L50|100\/100\n|turn|6\n|\n|t:|1682535160\n|move|p2a: Gholdengo|Protect|p2a: Gholdengo\n|-singleturn|p2a: Gholdengo|Protect\n|move|p1a: Iron Bundle|Icy Wind|p2a: Gholdengo|[spread] p2b\n|-activate|p2a: Gholdengo|move: Protect\n|-supereffective|p2b: Dragonite\n|-damage|p2b: Dragonite|0 fnt\n|faint|p2b: Dragonite\n|move|p1b: Gholdengo|Hex|p2a: Gholdengo\n|-activate|p2a: Gholdengo|move: Protect\n|\n|upkeep\n|\n|t:|1682535166\n|switch|p2b: Chien-Pao|Chien-Pao, L50|100\/100\n|-ability|p2b: Chien-Pao|Sword of Ruin\n|turn|7\n|\n|t:|1682535193\n|move|p1a: Iron Bundle|Icy Wind|p2b: Chien-Pao|[spread] p2a,p2b\n|-resisted|p2a: Gholdengo\n|-resisted|p2b: Chien-Pao\n|-damage|p2a: Gholdengo|90\/100\n|-damage|p2b: Chien-Pao|85\/100\n|-unboost|p2a: Gholdengo|spe|1\n|-unboost|p2b: Chien-Pao|spe|1\n|move|p2b: Chien-Pao|Sacred Sword|p1a: Iron Bundle\n|-supereffective|p1a: Iron Bundle\n|-enditem|p1a: Iron Bundle|Focus Sash\n|-damage|p1a: Iron Bundle|1\/100\n|move|p1b: Gholdengo|Hex|p2a: Gholdengo\n|-supereffective|p2a: Gholdengo\n|-damage|p2a: Gholdengo|26\/100\n|move|p2a: Gholdengo|Shadow Ball|p1b: Gholdengo\n|-supereffective|p1b: Gholdengo\n|-damage|p1b: Gholdengo|6\/100\n|\n|-heal|p1b: Gholdengo|12\/100|[from] item: Leftovers\n|-heal|p2a: Gholdengo|32\/100|[from] item: Leftovers\n|upkeep\n|turn|8\n|\n|t:|1682535214\n|move|p2b: Chien-Pao|Sucker Punch|p1b: Gholdengo\n|-supereffective|p1b: Gholdengo\n|-damage|p1b: Gholdengo|0 fnt\n|faint|p1b: Gholdengo\n|move|p1a: Iron Bundle|Encore|p2b: Chien-Pao\n|-start|p2b: Chien-Pao|Encore\n|move|p2a: Gholdengo|Make It Rain|p1a: Iron Bundle\n|-damage|p1a: Iron Bundle|0 fnt\n|-unboost|p2a: Gholdengo|spa|1\n|faint|p1a: Iron Bundle\n|-end|p1a: Iron Bundle|Quark Drive|[silent]\n|\n|win|RylektVGC\n|raw|FuryCutta's rating: 1453 → 1439<\/strong> (-14 for losing)\n|raw|RylektVGC's rating: 1570 → 1584<\/strong> (+14 for winning)\n|l|\u2606FuryCutta\n|c|\u2606RylektVGC|gg\n","uploadtime":1682535230,"views":10,"p1id":"furycutta","p2id":"rylektvgc","formatid":"gen9vgc2023regulationc","rating":1439,"private":0,"password":""}