{"id":"gen9vgc2023regulationc-1857978983","p1":"pplplp","p2":"Hypersonicly\u2714\ufe0f","format":"[Gen 9] VGC 2023 Regulation C","log":"|j|\u2606pplplp\n|j|\u2606Hypersonicly\u2714\ufe0f\n|t:|1683255120\n|gametype|doubles\n|player|p1|pplplp|firebreather|\n|player|p2|Hypersonicly\u2714\ufe0f|siebold|\n|teamsize|p1|6\n|teamsize|p2|6\n|gen|9\n|tier|[Gen 9] VGC 2023 Regulation C\n|rated|Tournament battle\n|rule|Species Clause: Limit one of each Pok\u00e9mon\n|rule|Item Clause: Limit one of each item\n|clearpoke\n|poke|p1|Annihilape, L50, F|\n|poke|p1|Maushold, L50|\n|poke|p1|Flutter Mane, L50|\n|poke|p1|Amoonguss, L50, M|\n|poke|p1|Gastrodon, L50, M|\n|poke|p1|Arcanine, L50, M|\n|poke|p2|Lilligant, L50, F|\n|poke|p2|Torkoal, L50, M|\n|poke|p2|Flutter Mane, L50|\n|poke|p2|Kingambit, L50, F|\n|poke|p2|Dragonite, L50, M|\n|poke|p2|Great Tusk, L50|\n|teampreview|4\n|raw| Open Team Sheet for pplplp<\/summary>Annihilape @ Leftovers Ability: Vital Spirit Level: 50 Tera Type: Fire - Rage Fist - Drain Punch - Bulk Up - Protect Maushold @ Safety Goggles Ability: Friend Guard Level: 50 Tera Type: Ghost - Follow Me - Protect - Super Fang - Beat Up Flutter Mane @ Booster Energy Ability: Protosynthesis Level: 50 Tera Type: Fairy - Protect - Moonblast - Shadow Ball - Dazzling Gleam Amoonguss @ Sitrus Berry Ability: Regenerator Level: 50 Tera Type: Dark - Rage Powder - Spore - Pollen Puff - Protect Gastrodon @ Assault Vest Ability: Storm Drain Level: 50 Tera Type: Water - Earth Power - Muddy Water - Icy Wind - Ice Beam Arcanine @ Aguav Berry Ability: Intimidate Level: 50 Tera Type: Water - Flare Blitz - Extreme Speed - Protect - Will-O-Wisp <\/details><\/div> Open Team Sheet for Hypersonicly\u2714\ufe0f<\/summary>Lilligant (F) @ Focus Sash Ability: Chlorophyll Level: 50 Tera Type: Ghost - Protect - Sleep Powder - After You - Leaf Storm Torkoal @ Charcoal Ability: Drought Level: 50 Tera Type: Fire - Protect - Eruption - Flamethrower - Earth Power Flutter Mane @ Choice Specs Ability: Protosynthesis Level: 50 Tera Type: Fairy - Moonblast - Dazzling Gleam - Shadow Ball - Power Gem Kingambit @ Assault Vest Ability: Defiant Level: 50 Tera Type: Fire - Kowtow Cleave - Sucker Punch - Iron Head - Tera Blast Dragonite @ Lum Berry Ability: Multiscale Level: 50 Tera Type: Flying - Protect - Ice Spinner - Extreme Speed - Tera Blast Great Tusk @ Choice Scarf Ability: Protosynthesis Level: 50 Hidden Power: Fighting Tera Type: Steel - Headlong Rush - Earthquake - Close Combat - Rock Slide <\/details><\/div>\n|inactive|Battle timer is ON: inactive players will automatically lose when time's up. (requested by Hypersonicly\u2714\ufe0f)\n|j| Radio Free C-Side\n|c|\u2606Hypersonicly\u2714\ufe0f|glhf\n|c|\u2606pplplp|u2\n|inactive|pplplp has 60 seconds left.\n|inactive|Hypersonicly\u2714\ufe0f has 60 seconds left.\n|j| The2009Zapdos\n|l| The2009Zapdos\n|j| Lynarto\n|inactive|pplplp has 30 seconds left.\n|inactive|pplplp has 20 seconds left.\n|inactive|pplplp has 15 seconds left.\n|inactive|pplplp has 10 seconds left.\n|inactive|pplplp has 5 seconds left.\n|\n|t:|1683255206\n|start\n|switch|p1a: Maushold|Maushold, L50|100\/100\n|switch|p1b: Annihilape|Annihilape, L50, F|100\/100\n|switch|p2a: Flutter Mane|Flutter Mane, L50|100\/100\n|switch|p2b: Great Tusk|Great Tusk, L50|100\/100\n|turn|1\n|inactive|pplplp has 30 seconds left.\n|inactive|pplplp has 20 seconds left.\n|\n|t:|1683255243\n|-end|p2a: Flutter Mane|Protosynthesis|[silent]\n|switch|p2a: Dragonite|Dragonite, L50, M|100\/100\n|move|p1a: Maushold|Protect|p1a: Maushold\n|-singleturn|p1a: Maushold|Protect\n|move|p1b: Annihilape|Protect|p1b: Annihilape\n|-singleturn|p1b: Annihilape|Protect\n|move|p2b: Great Tusk|Earthquake|p1a: Maushold|[spread] \n|-activate|p1a: Maushold|move: Protect\n|-activate|p1b: Annihilape|move: Protect\n|-immune|p2a: Dragonite\n|\n|upkeep\n|turn|2\n|inactive|Hypersonicly\u2714\ufe0f has 30 seconds left.\n|\n|t:|1683255276\n|-terastallize|p2a: Dragonite|Flying\n|move|p2b: Great Tusk|Earthquake|p1a: Maushold|[spread] p1a,p1b\n|-immune|p2a: Dragonite\n|-damage|p1a: Maushold|64\/100\n|-damage|p1b: Annihilape|73\/100\n|move|p1a: Maushold|Super Fang|p2a: Dragonite|[miss]\n|-miss|p1a: Maushold|p2a: Dragonite\n|move|p1b: Annihilape|Bulk Up|p1b: Annihilape\n|-boost|p1b: Annihilape|atk|1\n|-boost|p1b: Annihilape|def|1\n|move|p2a: Dragonite|Tera Blast|p1b: Annihilape\n|-supereffective|p1b: Annihilape\n|-damage|p1b: Annihilape|10\/100\n|\n|-heal|p1b: Annihilape|16\/100|[from] item: Leftovers\n|upkeep\n|turn|3\n|j| Pic1070\n|inactive|pplplp has 30 seconds left.\n|inactive|Hypersonicly\u2714\ufe0f has 30 seconds left.\n|\n|t:|1683255310\n|switch|p1a: Arcanine|Arcanine, L50, M|100\/100\n|-ability|p1a: Arcanine|Intimidate|boost\n|-unboost|p2a: Dragonite|atk|1\n|-unboost|p2b: Great Tusk|atk|1\n|move|p1b: Annihilape|Protect|p1b: Annihilape\n|-singleturn|p1b: Annihilape|Protect\n|move|p2a: Dragonite|Extreme Speed|p1a: Arcanine\n|-damage|p1a: Arcanine|76\/100\n|move|p2b: Great Tusk|Earthquake|p1b: Annihilape|[spread] p1a\n|-activate|p1b: Annihilape|move: Protect\n|-immune|p2a: Dragonite\n|-supereffective|p1a: Arcanine\n|-damage|p1a: Arcanine|24\/100\n|-enditem|p1a: Arcanine|Aguav Berry|[eat]\n|-heal|p1a: Arcanine|57\/100|[from] item: Aguav Berry\n|\n|-heal|p1b: Annihilape|22\/100|[from] item: Leftovers\n|upkeep\n|turn|4\n|inactive|pplplp has 30 seconds left.\n|inactive|pplplp has 20 seconds left.\n|inactive|pplplp has 15 seconds left.\n|\n|t:|1683255351\n|switch|p1a: Maushold|Maushold, L50|64\/100\n|move|p2b: Great Tusk|Earthquake|p1a: Maushold|[spread] p1a,p1b\n|-immune|p2a: Dragonite\n|-damage|p1a: Maushold|39\/100\n|-damage|p1b: Annihilape|9\/100\n|move|p1b: Annihilape|Drain Punch|p2b: Great Tusk\n|-damage|p2b: Great Tusk|64\/100\n|-heal|p1b: Annihilape|26\/100|[from] drain|[of] p2b: Great Tusk\n|move|p2a: Dragonite|Tera Blast|p1b: Annihilape\n|-supereffective|p1b: Annihilape\n|-damage|p1b: Annihilape|0 fnt\n|faint|p1b: Annihilape\n|\n|upkeep\n|\n|t:|1683255365\n|switch|p1b: Flutter Mane|Flutter Mane, L50|100\/100\n|-enditem|p1b: Flutter Mane|Booster Energy\n|-activate|p1b: Flutter Mane|ability: Protosynthesis|[fromitem]\n|-start|p1b: Flutter Mane|protosynthesisspe\n|turn|5\n|\n|t:|1683255386\n|-end|p2b: Great Tusk|Protosynthesis|[silent]\n|switch|p2b: Kingambit|Kingambit, L50, F|100\/100\n|-terastallize|p1b: Flutter Mane|Fairy\n|move|p1a: Maushold|Follow Me|p1a: Maushold\n|-singleturn|p1a: Maushold|move: Follow Me\n|move|p1b: Flutter Mane|Dazzling Gleam|p2b: Kingambit|[spread] p2a,p2b\n|-damage|p2a: Dragonite|79\/100\n|-damage|p2b: Kingambit|73\/100\n|move|p2a: Dragonite|Tera Blast|p1a: Maushold\n|-damage|p1a: Maushold|0 fnt\n|faint|p1a: Maushold\n|\n|upkeep\n|\n|t:|1683255397\n|switch|p1a: Arcanine|Arcanine, L50, M|57\/100\n|-ability|p1a: Arcanine|Intimidate|boost\n|-unboost|p2a: Dragonite|atk|1\n|-unboost|p2b: Kingambit|atk|1\n|-ability|p2b: Kingambit|Defiant|boost\n|-boost|p2b: Kingambit|atk|2\n|turn|6\n|inactive|Hypersonicly\u2714\ufe0f has 30 seconds left.\n|inactive|Hypersonicly\u2714\ufe0f has 20 seconds left.\n|inactive|Hypersonicly\u2714\ufe0f has 15 seconds left.\n|inactive|Hypersonicly\u2714\ufe0f has 10 seconds left.\n|\n|t:|1683255443\n|switch|p2a: Flutter Mane|Flutter Mane, L50|100\/100\n|move|p2b: Kingambit|Sucker Punch|p1b: Flutter Mane\n|-resisted|p1b: Flutter Mane\n|-damage|p1b: Flutter Mane|32\/100\n|move|p1b: Flutter Mane|Moonblast|p2b: Kingambit\n|-damage|p2b: Kingambit|28\/100\n|-unboost|p2b: Kingambit|spa|1\n|-ability|p2b: Kingambit|Defiant|boost\n|-boost|p2b: Kingambit|atk|2\n|move|p1a: Arcanine|Flare Blitz|p2b: Kingambit\n|-supereffective|p2b: Kingambit\n|-damage|p2b: Kingambit|0 fnt\n|faint|p2b: Kingambit\n|-damage|p1a: Arcanine|48\/100|[from] Recoil\n|\n|upkeep\n|\n|t:|1683255453\n|switch|p2b: Dragonite|Dragonite, L50, M, tera:Flying|79\/100\n|turn|7\n|\n|t:|1683255467\n|move|p1b: Flutter Mane|Protect|p1b: Flutter Mane\n|-singleturn|p1b: Flutter Mane|Protect\n|move|p2b: Dragonite|Extreme Speed|p1b: Flutter Mane\n|-activate|p1b: Flutter Mane|move: Protect\n|move|p2a: Flutter Mane|Power Gem|p1a: Arcanine\n|-supereffective|p1a: Arcanine\n|-damage|p1a: Arcanine|0 fnt\n|faint|p1a: Arcanine\n|\n|upkeep\n|turn|8\n|c|\u2606Hypersonicly\u2714\ufe0f|gg\n|c|\u2606pplplp|gg\n|inactive|pplplp has 30 seconds left.\n|\n|t:|1683255495\n|move|p2b: Dragonite|Extreme Speed|p1b: Flutter Mane\n|-damage|p1b: Flutter Mane|0 fnt\n|faint|p1b: Flutter Mane\n|-end|p1b: Flutter Mane|Protosynthesis|[silent]\n|\n|win|Hypersonicly\u2714\ufe0f\n|n|\u2606pplplp|pplplp\n|n|\u2606Hypersonicly\u2714\ufe0f|hypersonicly\n|n| Radio Free C-Side|radiofreecside\n|n| Lynarto|lynarto\n|n| Pic1070|pic1070\n","uploadtime":1683255496,"views":9,"p1id":"pplplp","p2id":"hypersonicly","formatid":"gen9vgc2023regulationc","rating":0,"private":0,"password":""}