{"id":"gen9vgc2023regulationc-1856016621","p1":"Trying365","p2":"haha you rage quit","format":"[Gen 9] VGC 2023 Regulation C","log":"|j|\u2606Trying365\n|j|\u2606haha you rage quit\n|t:|1683017726\n|gametype|doubles\n|player|p1|Trying365|170|1447\n|player|p2|haha you rage quit|pokemaniac|1347\n|teamsize|p1|6\n|teamsize|p2|6\n|gen|9\n|tier|[Gen 9] VGC 2023 Regulation C\n|rated|\n|rule|Species Clause: Limit one of each Pok\u00e9mon\n|rule|Item Clause: Limit one of each item\n|clearpoke\n|poke|p1|Ting-Lu, L50|\n|poke|p1|Arcanine, L50, M|\n|poke|p1|Amoonguss, L50, F|\n|poke|p1|Flutter Mane, L50|\n|poke|p1|Iron Bundle, L50|\n|poke|p1|Annihilape, L50, M|\n|poke|p2|Arcanine, L50, M|\n|poke|p2|Gyarados, L50, M|\n|poke|p2|Dragonite, L50, M|\n|poke|p2|Grimmsnarl, L50, M|\n|poke|p2|Tauros-Paldea-Aqua, L50, M|\n|poke|p2|Scizor, L50, F|\n|teampreview|4\n|j| Flytrapin\n|\n|t:|1683017754\n|start\n|switch|p1a: Ting-Lu|Ting-Lu, L50|100\/100\n|switch|p1b: Arcanine|Arcanine, L50, M|100\/100\n|switch|p2a: Grimmsnarl|Grimmsnarl, L50, M, shiny|100\/100\n|switch|p2b: Dragonite|Dragonite, L50, M|100\/100\n|-ability|p1b: Arcanine|Intimidate|boost\n|-unboost|p2a: Grimmsnarl|atk|1\n|-unboost|p2b: Dragonite|atk|1\n|-ability|p1a: Ting-Lu|Vessel of Ruin\n|turn|1\n|inactive|Battle timer is ON: inactive players will automatically lose when time's up. (requested by haha you rage quit)\n|\n|t:|1683017792\n|move|p2a: Grimmsnarl|Fake Out|p1b: Arcanine\n|-damage|p1b: Arcanine|93\/100\n|cant|p1b: Arcanine|flinch\n|move|p2b: Dragonite|Tailwind|p2b: Dragonite\n|-sidestart|p2: haha you rage quit|move: Tailwind\n|move|p1a: Ting-Lu|Heavy Slam|p2a: Grimmsnarl\n|-supereffective|p2a: Grimmsnarl\n|-damage|p2a: Grimmsnarl|4\/100\n|\n|upkeep\n|turn|2\n|inactive|Trying365 has 30 seconds left.\n|inactive|haha you rage quit has 30 seconds left.\n|inactive|haha you rage quit has 20 seconds left.\n|inactive|haha you rage quit has 15 seconds left.\n|\n|t:|1683017834\n|switch|p2b: Gyarados|Gyarados, L50, M|100\/100\n|-ability|p2b: Gyarados|Intimidate|boost\n|-unboost|p1a: Ting-Lu|atk|1\n|-unboost|p1b: Arcanine|atk|1\n|move|p2a: Grimmsnarl|Parting Shot|p1a: Ting-Lu\n|-hint|Since gen 7, Dark is immune to Prankster moves.\n|-immune|p1a: Ting-Lu\n|move|p1b: Arcanine|Will-O-Wisp|p2b: Gyarados|[miss]\n|-miss|p1b: Arcanine|p2b: Gyarados\n|move|p1a: Ting-Lu|Snarl|p2b: Gyarados|[spread] p2a,p2b\n|-resisted|p2a: Grimmsnarl\n|-damage|p2a: Grimmsnarl|3\/100\n|-damage|p2b: Gyarados|92\/100\n|-unboost|p2a: Grimmsnarl|spa|1\n|\n|upkeep\n|turn|3\n|l| Flytrapin\n|c|\u2606Trying365|Dam\n|inactive|Trying365 has 30 seconds left.\n|inactive|haha you rage quit has 30 seconds left.\n|inactive|Trying365 has 20 seconds left.\n|\n|t:|1683017869\n|move|p2b: Gyarados|Waterfall|p1b: Arcanine\n|-supereffective|p1b: Arcanine\n|-damage|p1b: Arcanine|5\/100\n|-enditem|p1b: Arcanine|Sitrus Berry|[eat]\n|-heal|p1b: Arcanine|30\/100|[from] item: Sitrus Berry\n|move|p2a: Grimmsnarl|Foul Play|p1b: Arcanine\n|-damage|p1b: Arcanine|4\/100\n|move|p1b: Arcanine|Will-O-Wisp|p2b: Gyarados\n|-status|p2b: Gyarados|brn\n|move|p1a: Ting-Lu|Heavy Slam|p2a: Grimmsnarl\n|-supereffective|p2a: Grimmsnarl\n|-damage|p2a: Grimmsnarl|0 fnt\n|faint|p2a: Grimmsnarl\n|\n|-damage|p2b: Gyarados|86\/100 brn|[from] brn\n|upkeep\n|\n|t:|1683017882\n|switch|p2a: Arcanine|Arcanine, L50, M|100\/100\n|-ability|p2a: Arcanine|Intimidate|boost\n|-unboost|p1a: Ting-Lu|atk|1\n|-unboost|p1b: Arcanine|atk|1\n|turn|4\n|\n|t:|1683017907\n|move|p1b: Arcanine|Extreme Speed|p2b: Gyarados\n|-damage|p2b: Gyarados|72\/100 brn\n|move|p2a: Arcanine|Howl|p2a: Arcanine|[spread] p2a,p2b\n|-boost|p2a: Arcanine|atk|1\n|-boost|p2b: Gyarados|atk|1\n|move|p2b: Gyarados|Waterfall|p1a: Ting-Lu\n|-supereffective|p1a: Ting-Lu\n|-damage|p1a: Ting-Lu|66\/100\n|move|p1a: Ting-Lu|Earthquake|p2a: Arcanine|[spread] p1b,p2a\n|-immune|p2b: Gyarados\n|-supereffective|p1b: Arcanine\n|-supereffective|p2a: Arcanine\n|-damage|p1b: Arcanine|0 fnt\n|-damage|p2a: Arcanine|66\/100\n|faint|p1b: Arcanine\n|\n|-damage|p2b: Gyarados|66\/100 brn|[from] brn\n|-sideend|p2: haha you rage quit|move: Tailwind\n|upkeep\n|\n|t:|1683017924\n|switch|p1b: Iron Bundle|Iron Bundle, L50|100\/100\n|-enditem|p1b: Iron Bundle|Booster Energy\n|-activate|p1b: Iron Bundle|ability: Quark Drive|[fromitem]\n|-start|p1b: Iron Bundle|quarkdrivespe\n|turn|5\n|\n|t:|1683017932\n|move|p2b: Gyarados|Protect|p2b: Gyarados\n|-singleturn|p2b: Gyarados|Protect\n|move|p1b: Iron Bundle|Freeze-Dry|p2b: Gyarados\n|-activate|p2b: Gyarados|move: Protect\n|move|p2a: Arcanine|Wild Charge|p1b: Iron Bundle\n|-supereffective|p1b: Iron Bundle\n|-damage|p1b: Iron Bundle|24\/100\n|-damage|p2a: Arcanine|50\/100|[from] Recoil\n|-enditem|p2a: Arcanine|Sitrus Berry|[eat]\n|-heal|p2a: Arcanine|75\/100|[from] item: Sitrus Berry\n|move|p1a: Ting-Lu|Stomping Tantrum|p2a: Arcanine\n|-supereffective|p2a: Arcanine\n|-damage|p2a: Arcanine|41\/100\n|\n|-damage|p2b: Gyarados|60\/100 brn|[from] brn\n|upkeep\n|turn|6\n|inactive|haha you rage quit has 30 seconds left.\n|\n|t:|1683017958\n|-terastallize|p2a: Arcanine|Flying\n|move|p1b: Iron Bundle|Protect|p1b: Iron Bundle\n|-singleturn|p1b: Iron Bundle|Protect\n|move|p2a: Arcanine|Howl|p2a: Arcanine|[spread] p2a,p2b\n|-boost|p2a: Arcanine|atk|1\n|-boost|p2b: Gyarados|atk|1\n|move|p2b: Gyarados|Waterfall|p1a: Ting-Lu\n|-supereffective|p1a: Ting-Lu\n|-damage|p1a: Ting-Lu|20\/100\n|move|p1a: Ting-Lu|Earthquake|p2b: Gyarados|[spread] \n|-activate|p1b: Iron Bundle|move: Protect\n|-immune|p2a: Arcanine\n|-immune|p2b: Gyarados\n|\n|-damage|p2b: Gyarados|54\/100 brn|[from] brn\n|upkeep\n|turn|7\n|\n|t:|1683017978\n|switch|p1a: Flutter Mane|Flutter Mane, L50|100\/100\n|-terastallize|p1b: Iron Bundle|Ice\n|move|p2a: Arcanine|Extreme Speed|p1b: Iron Bundle\n|-damage|p1b: Iron Bundle|0 fnt\n|faint|p1b: Iron Bundle\n|-end|p1b: Iron Bundle|Quark Drive|[silent]\n|move|p2b: Gyarados|Waterfall|p1a: Flutter Mane\n|-enditem|p1a: Flutter Mane|Focus Sash\n|-damage|p1a: Flutter Mane|1\/100\n|\n|-damage|p2b: Gyarados|48\/100 brn|[from] brn\n|upkeep\n|\n|t:|1683017986\n|switch|p1b: Ting-Lu|Ting-Lu, L50|20\/100\n|-ability|p1b: Ting-Lu|Vessel of Ruin\n|turn|8\n|\n|t:|1683017997\n|move|p1a: Flutter Mane|Dazzling Gleam|p2b: Gyarados|[spread] p2a,p2b\n|-damage|p2a: Arcanine|18\/100\n|-damage|p2b: Gyarados|27\/100 brn\n|move|p2a: Arcanine|Flare Blitz|p1a: Flutter Mane\n|-damage|p1a: Flutter Mane|0 fnt\n|faint|p1a: Flutter Mane\n|-end|p1a: Flutter Mane|Protosynthesis|[silent]\n|-damage|p2a: Arcanine|17\/100|[from] Recoil\n|move|p2b: Gyarados|Waterfall|p1b: Ting-Lu\n|-supereffective|p1b: Ting-Lu\n|-damage|p1b: Ting-Lu|0 fnt\n|faint|p1b: Ting-Lu\n|\n|win|haha you rage quit\n|raw|Trying365's rating: 1447 → 1421<\/strong> (-26 for losing)\n|raw|haha you rage quit's rating: 1347 → 1373<\/strong> (+26 for winning)\n|l|\u2606Trying365\n","uploadtime":1683018019,"views":15,"p1id":"trying365","p2id":"hahayouragequit","formatid":"gen9vgc2023regulationc","rating":1373,"private":0,"password":""}