{"id":"gen9vgc2023regulationc-1856310541","p1":"Ricardo Randorez","p2":"BocataDeLentejas89","format":"[Gen 9] VGC 2023 Regulation C","log":"|j|\u2606Ricardo Randorez\n|j|\u2606BocataDeLentejas89\n|t:|1683049746\n|gametype|doubles\n|player|p1|Ricardo Randorez|169|1088\n|player|p2|BocataDeLentejas89|swimmerf-gen4|1000\n|teamsize|p1|6\n|teamsize|p2|6\n|gen|9\n|tier|[Gen 9] VGC 2023 Regulation C\n|rated|\n|rule|Species Clause: Limit one of each Pok\u00e9mon\n|rule|Item Clause: Limit one of each item\n|clearpoke\n|poke|p1|Glimmora, L50, M|\n|poke|p1|Maushold-Four, L50|\n|poke|p1|Dondozo, L50, M|\n|poke|p1|Tatsugiri, L50, F|\n|poke|p1|Garganacl, L50, F|\n|poke|p1|Wo-Chien, L50|\n|poke|p2|Baxcalibur, L50, F|\n|poke|p2|Ting-Lu, L50|\n|poke|p2|Arcanine, L50, F|\n|poke|p2|Palafin, L50, M|\n|poke|p2|Amoonguss, L50, M|\n|poke|p2|Flutter Mane, L50|\n|teampreview|4\nBocataDeLentejas89 has agreed to open team sheets.\n|inactive|Battle timer is ON: inactive players will automatically lose when time's up. (requested by Ricardo Randorez)\nRicardo Randorez has agreed to open team sheets.\n|inactive|BocataDeLentejas89 has 60 seconds left.\n|l|\u2606Ricardo Randorez\n|inactive|Ricardo Randorez disconnected and has a minute to reconnect!\n|player|p1|\n|inactive|BocataDeLentejas89 has 30 seconds left.\n|j|\u2606Ricardo Randorez\n|inactive|Ricardo Randorez reconnected.\n|player|p1|Ricardo Randorez|169\n|inactive|BocataDeLentejas89 has 20 seconds left.\n|\n|t:|1683049838\n|start\n|switch|p1a: Glimmora|Glimmora, L50, M, shiny|100\/100\n|switch|p1b: Maushold|Maushold-Four, L50|100\/100\n|switch|p2a: Logic|Palafin, L50, M|100\/100\n|switch|p2b: Childish Gumbino|Ting-Lu, L50|100\/100\n|-ability|p2b: Childish Gumbino|Vessel of Ruin\n|turn|1\n|inactive|BocataDeLentejas89 has 30 seconds left.\n|inactive|BocataDeLentejas89 has 20 seconds left.\n|inactive|BocataDeLentejas89 has 15 seconds left.\n|\n|t:|1683049882\n|-terastallize|p2a: Logic|Water\n|move|p2a: Logic|Jet Punch|p1a: Glimmora\n|-supereffective|p1a: Glimmora\n|-damage|p1a: Glimmora|53\/100\n|-activate|p1a: Glimmora|ability: Toxic Debris\n|-sidestart|p2: BocataDeLentejas89|move: Toxic Spikes\n|move|p1b: Maushold|Super Fang|p2b: Childish Gumbino\n|-damage|p2b: Childish Gumbino|51\/100\n|move|p1a: Glimmora|Mortal Spin|p2a: Logic|[spread] p2a,p2b\n|-resisted|p2b: Childish Gumbino\n|-damage|p2a: Logic|95\/100\n|-damage|p2b: Childish Gumbino|50\/100\n|-status|p2a: Logic|psn\n|-status|p2b: Childish Gumbino|psn\n|move|p2b: Childish Gumbino|Heavy Slam|p1a: Glimmora\n|-supereffective|p1a: Glimmora\n|-damage|p1a: Glimmora|14\/100\n|-activate|p1a: Glimmora|ability: Toxic Debris\n|-sidestart|p2: BocataDeLentejas89|move: Toxic Spikes\n|\n|-damage|p2a: Logic|83\/100 psn|[from] psn\n|-damage|p2b: Childish Gumbino|37\/100 psn|[from] psn\n|upkeep\n|turn|2\n|inactive|Ricardo Randorez has 30 seconds left.\n|inactive|BocataDeLentejas89 has 30 seconds left.\n|\n|t:|1683049916\n|detailschange|p2a: Logic|Palafin-Hero, L50, M, tera:Water\n|switch|p2a: Tame Impala|Amoonguss, L50, M|100\/100\n|-sideend|p2: BocataDeLentejas89|move: Toxic Spikes|[of] p2a: Tame Impala\n|move|p1b: Maushold|Follow Me|p1b: Maushold\n|-singleturn|p1b: Maushold|move: Follow Me\n|move|p1a: Glimmora|Sludge Bomb|p2a: Tame Impala\n|-damage|p2a: Tame Impala|74\/100\n|move|p2b: Childish Gumbino|Stomping Tantrum|p1b: Maushold\n|-damage|p1b: Maushold|67\/100\n|\n|-damage|p2b: Childish Gumbino|25\/100 psn|[from] psn\n|upkeep\n|turn|3\n|inactive|BocataDeLentejas89 has 30 seconds left.\n|\n|t:|1683049944\n|move|p1b: Maushold|Feint|p1a: Glimmora\n|-resisted|p1a: Glimmora\n|-damage|p1a: Glimmora|12\/100\n|-activate|p1a: Glimmora|ability: Toxic Debris\n|-sidestart|p2: BocataDeLentejas89|move: Toxic Spikes\n|move|p1a: Glimmora|Sludge Bomb|p2a: Tame Impala\n|-damage|p2a: Tame Impala|49\/100\n|-enditem|p2a: Tame Impala|Sitrus Berry|[eat]\n|-heal|p2a: Tame Impala|73\/100|[from] item: Sitrus Berry\n|move|p2b: Childish Gumbino|Heavy Slam|p1a: Glimmora\n|-supereffective|p1a: Glimmora\n|-damage|p1a: Glimmora|0 fnt\n|-activate|p1a: Glimmora|ability: Toxic Debris\n|-sidestart|p2: BocataDeLentejas89|move: Toxic Spikes\n|faint|p1a: Glimmora\n|move|p2a: Tame Impala|Pollen Puff|p2b: Childish Gumbino\n|-heal|p2b: Childish Gumbino|75\/100 psn\n|\n|-damage|p2b: Childish Gumbino|62\/100 psn|[from] psn\n|upkeep\n|inactive|Ricardo Randorez has 30 seconds left.\n|\n|t:|1683049972\n|switch|p1a: Garganacl|Garganacl, L50, F|100\/100\n|turn|4\n|inactive|BocataDeLentejas89 has 30 seconds left.\n|\n|t:|1683050000\n|-terastallize|p1a: Garganacl|Ghost\n|move|p1b: Maushold|Super Fang|p2a: Tame Impala\n|-damage|p2a: Tame Impala|37\/100\n|move|p2b: Childish Gumbino|Ruination|p1a: Garganacl\n|-damage|p1a: Garganacl|51\/100\n|move|p1a: Garganacl|Salt Cure|p2a: Tame Impala\n|-damage|p2a: Tame Impala|26\/100\n|-start|p2a: Tame Impala|Salt Cure\n|move|p2a: Tame Impala|Spore|p1a: Garganacl\n|-immune|p1a: Garganacl|[from] ability: Purifying Salt\n|\n|-damage|p2b: Childish Gumbino|50\/100 psn|[from] psn\n|-damage|p2a: Tame Impala|14\/100|[from] Salt Cure\n|upkeep\n|turn|5\n|inactive|Ricardo Randorez has 30 seconds left.\n|inactive|BocataDeLentejas89 has 30 seconds left.\n|inactive|BocataDeLentejas89 has 20 seconds left.\n|inactive|BocataDeLentejas89 has 15 seconds left.\n|\n|t:|1683050043\n|move|p1b: Maushold|Follow Me|p1b: Maushold\n|-singleturn|p1b: Maushold|move: Follow Me\n|move|p2a: Tame Impala|Rage Powder|p2a: Tame Impala\n|-singleturn|p2a: Tame Impala|move: Rage Powder\n|move|p2b: Childish Gumbino|Stomping Tantrum|p1b: Maushold\n|-damage|p1b: Maushold|30\/100\n|move|p1a: Garganacl|Salt Cure|p2a: Tame Impala\n|-damage|p2a: Tame Impala|2\/100\n|\n|-damage|p2b: Childish Gumbino|38\/100 psn|[from] psn\n|-damage|p2a: Tame Impala|0 fnt|[from] Salt Cure\n|faint|p2a: Tame Impala\n|upkeep\n|\n|t:|1683050056\n|switch|p2a: Logic|Palafin-Hero, L50, M, tera:Water|83\/100 psn\n|-activate|p2a: Logic|ability: Zero to Hero\n|turn|6\n|inactive|BocataDeLentejas89 has 30 seconds left.\n|\n|t:|1683050083\n|move|p1b: Maushold|Follow Me|p1b: Maushold\n|-singleturn|p1b: Maushold|move: Follow Me\n|move|p2a: Logic|Wave Crash|p1b: Maushold\n|-damage|p1b: Maushold|0 fnt\n|faint|p1b: Maushold\n|-damage|p2a: Logic|74\/100 psn|[from] Recoil\n|move|p2b: Childish Gumbino|Stomping Tantrum|p1a: Garganacl\n|-damage|p1a: Garganacl|36\/100\n|-enditem|p1a: Garganacl|Sitrus Berry|[eat]\n|-heal|p1a: Garganacl|60\/100|[from] item: Sitrus Berry\n|move|p1a: Garganacl|Salt Cure|p2a: Logic\n|-damage|p2a: Logic|61\/100 psn\n|-start|p2a: Logic|Salt Cure\n|\n|-damage|p2a: Logic|48\/100 psn|[from] psn\n|-damage|p2b: Childish Gumbino|25\/100 psn|[from] psn\n|-damage|p2a: Logic|24\/100 psn|[from] Salt Cure\n|upkeep\n|\n|t:|1683050102\n|switch|p1b: Wo-Chien|Wo-Chien, L50|100\/100\n|-ability|p1b: Wo-Chien|Tablets of Ruin\n|turn|7\n|\n|t:|1683050122\n|move|p2a: Logic|Wave Crash|p1a: Garganacl\n|-damage|p1a: Garganacl|15\/100\n|-damage|p2a: Logic|8\/100 psn|[from] Recoil\n|move|p1b: Wo-Chien|Pollen Puff|p2b: Childish Gumbino\n|-supereffective|p2b: Childish Gumbino\n|-damage|p2b: Childish Gumbino|12\/100 psn\n|move|p2b: Childish Gumbino|Ruination|p1b: Wo-Chien\n|-damage|p1b: Wo-Chien|50\/100\n|move|p1a: Garganacl|Recover|p1a: Garganacl\n|-heal|p1a: Garganacl|65\/100\n|\n|-heal|p1b: Wo-Chien|56\/100|[from] item: Leftovers\n|-damage|p2a: Logic|0 fnt|[from] psn\n|faint|p2a: Logic\n|-damage|p2b: Childish Gumbino|0 fnt|[from] psn\n|faint|p2b: Childish Gumbino\n|upkeep\n|\n|t:|1683050141\n|switch|p2a: Mac DeMarco|Flutter Mane, L50|100\/100\n|-status|p2a: Mac DeMarco|tox\n|-enditem|p2a: Mac DeMarco|Booster Energy\n|-activate|p2a: Mac DeMarco|ability: Protosynthesis|[fromitem]\n|-start|p2a: Mac DeMarco|protosynthesisspa\n|turn|8\n|l|\u2606Ricardo Randorez\n|inactive|Ricardo Randorez disconnected and has a minute to reconnect!\n|player|p1|\n|inactive|Ricardo Randorez has 30 seconds left.\n|j|\u2606Ricardo Randorez\n|inactive|Ricardo Randorez reconnected and has 25 seconds left.\n|player|p1|Ricardo Randorez|169\n|inactive|Ricardo Randorez has 20 seconds left.\n|\n|t:|1683050178\n|move|p2a: Mac DeMarco|Shadow Ball|p1a: Garganacl\n|-supereffective|p1a: Garganacl\n|-damage|p1a: Garganacl|13\/100\n|move|p1b: Wo-Chien|Leech Seed|p2a: Mac DeMarco\n|-start|p2a: Mac DeMarco|move: Leech Seed\n|move|p1a: Garganacl|Salt Cure|p2a: Mac DeMarco\n|-damage|p2a: Mac DeMarco|81\/100 tox\n|-start|p2a: Mac DeMarco|Salt Cure\n|\n|-heal|p1b: Wo-Chien|62\/100|[from] item: Leftovers\n|-damage|p2a: Mac DeMarco|69\/100 tox|[from] Leech Seed|[of] p1b: Wo-Chien\n|-heal|p1b: Wo-Chien|71\/100|[silent]\n|-damage|p2a: Mac DeMarco|63\/100 tox|[from] psn\n|-damage|p2a: Mac DeMarco|51\/100 tox|[from] Salt Cure\n|upkeep\n|turn|9\n|\n|t:|1683050197\n|move|p2a: Mac DeMarco|Shadow Ball|p1a: Garganacl\n|-supereffective|p1a: Garganacl\n|-damage|p1a: Garganacl|0 fnt\n|faint|p1a: Garganacl\n|move|p1b: Wo-Chien|Snarl|p2a: Mac DeMarco\n|-damage|p2a: Mac DeMarco|32\/100 tox\n|-unboost|p2a: Mac DeMarco|spa|1\n|\n|-heal|p1b: Wo-Chien|77\/100|[from] item: Leftovers\n|-damage|p2a: Mac DeMarco|20\/100 tox|[from] Leech Seed|[of] p1b: Wo-Chien\n|-heal|p1b: Wo-Chien|86\/100|[silent]\n|-damage|p2a: Mac DeMarco|8\/100 tox|[from] psn\n|-damage|p2a: Mac DeMarco|0 fnt|[from] Salt Cure\n|faint|p2a: Mac DeMarco\n|-end|p2a: Mac DeMarco|Protosynthesis|[silent]\n|\n|win|Ricardo Randorez\n|upkeep\n|raw|Ricardo Randorez's rating: 1088 → 1108<\/strong> (+20 for winning)\n|raw|BocataDeLentejas89's rating: 1000 → 1000<\/strong> (+0 for losing)\n|l|\u2606BocataDeLentejas89\n","uploadtime":1683050216,"views":11,"p1id":"ricardorandorez","p2id":"bocatadelentejas89","formatid":"gen9vgc2023regulationc","rating":1000,"private":0,"password":""}