{"id":"gen9vgc2023regulationc-1848871038","p1":"Jamtarokun","p2":"mrknight234","format":"[Gen 9] VGC 2023 Regulation C","log":"|j|\u2606Jamtarokun\n|j|\u2606mrknight234\n|t:|1682119953\n|gametype|doubles\n|player|p1|Jamtarokun|cheryl|1125\n|player|p2|mrknight234|266|1051\n|teamsize|p1|6\n|teamsize|p2|6\n|gen|9\n|tier|[Gen 9] VGC 2023 Regulation C\n|rated|\n|rule|Species Clause: Limit one of each Pok\u00e9mon\n|rule|Item Clause: Limit one of each item\n|clearpoke\n|poke|p1|Medicham, L50, M|\n|poke|p1|Lycanroc-Midnight, L50, M|\n|poke|p1|Dondozo, L50, F|\n|poke|p1|Tatsugiri-Stretchy, L50, M|\n|poke|p1|Slaking, L50, M|\n|poke|p1|Slowking, L50, M|\n|poke|p2|Tauros-Paldea-Blaze, L50, M|\n|poke|p2|Meowscarada, L50, F|\n|poke|p2|Noivern, L50, M|\n|poke|p2|Salamence, L50, M|\n|poke|p2|Ceruledge, L50, F|\n|poke|p2|Chansey, L50, F|\n|teampreview|4\n|\n|t:|1682119964\n|start\n|switch|p1a: Medicham|Medicham, L50, M|100\/100\n|switch|p1b: Lycanroc|Lycanroc-Midnight, L50, M|100\/100\n|switch|p2a: Meowscarada|Meowscarada, L50, F|100\/100\n|switch|p2b: Noivern|Noivern, L50, M|100\/100\n|turn|1\n|inactive|Battle timer is ON: inactive players will automatically lose when time's up. (requested by mrknight234)\n|\n|t:|1682119976\n|move|p1b: Lycanroc|Protect|p1b: Lycanroc\n|-singleturn|p1b: Lycanroc|Protect\n|move|p1a: Medicham|Fake Out|p2b: Noivern\n|-damage|p2b: Noivern|76\/100\n|move|p2a: Meowscarada|Trick|p1a: Medicham\n|-start|p2a: Meowscarada|typechange|Psychic|[from] ability: Protean\n|-activate|p2a: Meowscarada|move: Trick|[of] p1a: Medicham\n|-item|p1a: Medicham|Choice Scarf|[from] move: Trick\n|-item|p2a: Meowscarada|Focus Sash|[from] move: Trick\n|cant|p2b: Noivern|flinch\n|\n|upkeep\n|turn|2\n|\n|t:|1682119993\n|move|p1a: Medicham|Skill Swap|p1b: Lycanroc\n|-activate|p1a: Medicham|move: Skill Swap|||[of] p1b: Lycanroc\n|move|p2a: Meowscarada|Flower Trick|p1b: Lycanroc\n|-supereffective|p1b: Lycanroc\n|-crit|p1b: Lycanroc\n|-damage|p1b: Lycanroc|18\/100\n|move|p2b: Noivern|Tailwind|p2b: Noivern\n|-sidestart|p2: mrknight234|move: Tailwind\n|move|p1b: Lycanroc|Rock Slide|p2b: Noivern|[spread] p2a,p2b\n|-supereffective|p2b: Noivern\n|-damage|p2a: Meowscarada|21\/100\n|-damage|p2b: Noivern|0 fnt\n|faint|p2b: Noivern\n|\n|upkeep\n|\n|t:|1682120004\n|switch|p2b: Tauros|Tauros-Paldea-Blaze, L50, M|100\/100\n|turn|3\n|\n|t:|1682120018\n|switch|p1b: Dondozo|Dondozo, L50, F|100\/100\n|-terastallize|p2b: Tauros|Fairy\n|move|p2a: Meowscarada|Flower Trick|p2b: Tauros\n|-crit|p2b: Tauros\n|-damage|p2b: Tauros|75\/100\n|-setboost|p2b: Tauros|atk|6|[from] ability: Anger Point\n|move|p2b: Tauros|Raging Bull|p1b: Dondozo\n|-resisted|p1b: Dondozo\n|-damage|p1b: Dondozo|89\/100\n|move|p1a: Medicham|Skill Swap|p1b: Dondozo\n|-activate|p1a: Medicham|move: Skill Swap|||[of] p1b: Dondozo\n|\n|-heal|p1b: Dondozo|96\/100|[from] item: Leftovers\n|upkeep\n|turn|4\n|\n|t:|1682120037\n|switch|p1a: Tatsugiri|Tatsugiri-Stretchy, L50, M|100\/100\n|-activate|p1a: Tatsugiri|ability: Commander|[of] p1b: Dondozo\n|-boost|p1b: Dondozo|atk|2\n|-boost|p1b: Dondozo|spa|2\n|-boost|p1b: Dondozo|spe|2\n|-boost|p1b: Dondozo|def|2\n|-boost|p1b: Dondozo|spd|2\n|move|p2a: Meowscarada|Flower Trick|p1b: Dondozo\n|-supereffective|p1b: Dondozo\n|-crit|p1b: Dondozo\n|-damage|p1b: Dondozo|59\/100\n|move|p2b: Tauros|Tera Blast|p1a: Tatsugiri|[miss]\n|-miss|p2b: Tauros|p1a: Tatsugiri\n|move|p1b: Dondozo|Fissure|p2b: Tauros\n|-damage|p2b: Tauros|0 fnt\n|faint|p2b: Tauros\n|-ohko\n|\n|-heal|p1b: Dondozo|65\/100|[from] item: Leftovers\n|upkeep\n|n|!mrknight234|mrknight234\n|inactive|mrknight234 has 30 seconds left.\n|\n|t:|1682120067\n|switch|p2b: Ceruledge|Ceruledge, L50, F|100\/100\n|turn|5\n|\n|t:|1682120077\n|move|p1b: Dondozo|Protect|p1b: Dondozo\n|-singleturn|p1b: Dondozo|Protect\n|move|p2a: Meowscarada|Flower Trick|p1b: Dondozo\n|-activate|p1b: Dondozo|move: Protect\n|move|p2b: Ceruledge|Will-O-Wisp|p1b: Dondozo\n|-activate|p1b: Dondozo|move: Protect\n|\n|-heal|p1b: Dondozo|71\/100|[from] item: Leftovers\n|-sideend|p2: mrknight234|move: Tailwind\n|upkeep\n|turn|6\n|\n|t:|1682120090\n|-terastallize|p1b: Dondozo|Steel\n|move|p2a: Meowscarada|Flower Trick|p1b: Dondozo\n|-resisted|p1b: Dondozo\n|-crit|p1b: Dondozo\n|-damage|p1b: Dondozo|62\/100\n|move|p1b: Dondozo|Fissure|p2a: Meowscarada\n|-damage|p2a: Meowscarada|0 fnt\n|faint|p2a: Meowscarada\n|-ohko\n|move|p2b: Ceruledge|Will-O-Wisp|p1b: Dondozo\n|-status|p1b: Dondozo|brn\n|\n|-heal|p1b: Dondozo|68\/100 brn|[from] item: Leftovers\n|-damage|p1b: Dondozo|62\/100 brn|[from] brn\n|upkeep\n|turn|7\n|-message|mrknight234 forfeited.\n|\n|win|Jamtarokun\n|raw|Jamtarokun's rating: 1125 → 1145<\/strong> (+20 for winning)\n|raw|mrknight234's rating: 1051 → 1037<\/strong> (-14 for losing)\n|l|!mrknight234\n","uploadtime":1682120059,"views":6,"p1id":"jamtarokun","p2id":"mrknight234","formatid":"gen9vgc2023regulationc","rating":1037,"private":0,"password":""}