{"id":"gen9vgc2023regulationc-1860842680","p1":"mx555","p2":"AguaSteppin'","format":"[Gen 9] VGC 2023 Regulation C","log":"|j|\u2606mx555\n|j|\u2606AguaSteppin'\n|t:|1683684642\n|gametype|doubles\n|player|p1|mx555|101|1393\n|player|p2|AguaSteppin'|red|1406\n|teamsize|p1|6\n|teamsize|p2|6\n|gen|9\n|tier|[Gen 9] VGC 2023 Regulation C\n|rated|\n|rule|Species Clause: Limit one of each Pok\u00e9mon\n|rule|Item Clause: Limit one of each item\n|clearpoke\n|poke|p1|Farigiraf, L50, M|\n|poke|p1|Iron Hands, L50|\n|poke|p1|Amoonguss, L50, M|\n|poke|p1|Iron Bundle, L50|\n|poke|p1|Chi-Yu, L50|\n|poke|p1|Flutter Mane, L50|\n|poke|p2|Iron Bundle, L50|\n|poke|p2|Maushold, L50|\n|poke|p2|Gholdengo, L50|\n|poke|p2|Great Tusk, L50|\n|poke|p2|Talonflame, L50, M|\n|poke|p2|Baxcalibur, L50, F|\n|teampreview|4\n|inactive|Battle timer is ON: inactive players will automatically lose when time's up. (requested by AguaSteppin')\n|\n|t:|1683684667\n|start\n|switch|p1a: Farigiraf|Farigiraf, L50, M|100\/100\n|switch|p1b: Iron Hands|Iron Hands, L50|100\/100\n|switch|p2a: CaptainCold|Talonflame, L50, M|100\/100\n|switch|p2b: Trunks|Great Tusk, L50|100\/100\n|turn|1\n|\n|t:|1683684681\n|-terastallize|p1b: Iron Hands|Grass\n|move|p2a: CaptainCold|Quick Guard|p2a: CaptainCold\n|-singleturn|p2a: CaptainCold|Quick Guard\n|move|p2b: Trunks|Close Combat|p1a: Farigiraf\n|-damage|p1a: Farigiraf|49\/100\n|-unboost|p2b: Trunks|def|1\n|-unboost|p2b: Trunks|spd|1\n|move|p1b: Iron Hands|Belly Drum|p1b: Iron Hands\n|-damage|p1b: Iron Hands|50\/100\n|-setboost|p1b: Iron Hands|atk|6|[from] move: Belly Drum\n|-enditem|p1b: Iron Hands|Sitrus Berry|[eat]\n|-heal|p1b: Iron Hands|75\/100|[from] item: Sitrus Berry\n|move|p1a: Farigiraf|Trick Room|p1a: Farigiraf\n|-fieldstart|move: Trick Room|[of] p1a: Farigiraf\n|\n|upkeep\n|turn|2\n|inactive|mx555 has 30 seconds left.\n|\n|t:|1683684711\n|-end|p2b: Trunks|Protosynthesis|[silent]\n|switch|p2b: Miska|Maushold, L50|100\/100\n|move|p1b: Iron Hands|Drain Punch|p2b: Miska\n|-supereffective|p2b: Miska\n|-damage|p2b: Miska|0 fnt\n|-heal|p1b: Iron Hands|100\/100|[from] drain|[of] p2b: Miska\n|faint|p2b: Miska\n|move|p1a: Farigiraf|Hyper Voice|p2a: CaptainCold\n|-damage|p2a: CaptainCold|52\/100\n|move|p2a: CaptainCold|Will-O-Wisp|p1b: Iron Hands\n|-status|p1b: Iron Hands|brn\n|\n|-damage|p1b: Iron Hands|94\/100 brn|[from] brn\n|upkeep\n|\n|t:|1683684720\n|switch|p2b: Gholdenjoe|Gholdengo, L50|100\/100\n|turn|3\n|\n|t:|1683684739\n|move|p1a: Farigiraf|Ally Switch|p1a: Farigiraf\n|swap|p1a: Farigiraf|1|[from] move: Ally Switch\n|move|p1a: Iron Hands|Thunder Punch|p2b: Gholdenjoe\n|-damage|p2b: Gholdenjoe|32\/100\n|move|p2b: Gholdenjoe|Make It Rain|p1b: Farigiraf|[spread] p1a,p1b\n|-damage|p1a: Iron Hands|58\/100 brn\n|-damage|p1b: Farigiraf|0 fnt\n|-unboost|p2b: Gholdenjoe|spa|1\n|faint|p1b: Farigiraf\n|move|p2a: CaptainCold|Brave Bird|p1a: Iron Hands\n|-supereffective|p1a: Iron Hands\n|-damage|p1a: Iron Hands|3\/100 brn\n|-damage|p2a: CaptainCold|24\/100|[from] Recoil\n|\n|-heal|p2b: Gholdenjoe|38\/100|[from] item: Leftovers\n|-damage|p1a: Iron Hands|0 fnt|[from] brn\n|faint|p1a: Iron Hands\n|-end|p1a: Iron Hands|Quark Drive|[silent]\n|upkeep\n|\n|t:|1683684746\n|switch|p1a: Amoonguss|Amoonguss, L50, M|100\/100\n|switch|p1b: Iron Bundle|Iron Bundle, L50|100\/100\n|-enditem|p1b: Iron Bundle|Booster Energy\n|-activate|p1b: Iron Bundle|ability: Quark Drive|[fromitem]\n|-start|p1b: Iron Bundle|quarkdrivespe\n|turn|4\n|inactive|AguaSteppin' has 30 seconds left.\n|inactive|AguaSteppin' has 20 seconds left.\n|\n|t:|1683684783\n|move|p1a: Amoonguss|Spore|p2a: CaptainCold\n|-status|p2a: CaptainCold|slp|[from] move: Spore\n|move|p2b: Gholdenjoe|Nasty Plot|p2b: Gholdenjoe\n|-boost|p2b: Gholdenjoe|spa|2\n|cant|p2a: CaptainCold|slp\n|move|p1b: Iron Bundle|Hydro Pump|p2b: Gholdenjoe\n|-damage|p2b: Gholdenjoe|0 fnt\n|faint|p2b: Gholdenjoe\n|\n|upkeep\n|\n|t:|1683684794\n|switch|p2b: Trunks|Great Tusk, L50|100\/100\n|turn|5\n|\n|t:|1683684808\n|-terastallize|p2b: Trunks|Steel\n|move|p1a: Amoonguss|Spore|p2b: Trunks\n|-status|p2b: Trunks|slp|[from] move: Spore\n|-curestatus|p2a: CaptainCold|slp|[msg]\n|move|p2a: CaptainCold|Brave Bird|p1a: Amoonguss\n|-supereffective|p1a: Amoonguss\n|-damage|p1a: Amoonguss|24\/100\n|-enditem|p1a: Amoonguss|Wiki Berry|[eat]\n|-heal|p1a: Amoonguss|57\/100|[from] item: Wiki Berry\n|-damage|p2a: CaptainCold|0 fnt|[from] Recoil\n|faint|p2a: CaptainCold\n|cant|p2b: Trunks|slp\n|move|p1b: Iron Bundle|Freeze-Dry|p2b: Trunks\n|-resisted|p2b: Trunks\n|-damage|p2b: Trunks|72\/100 slp\n|\n|-fieldend|move: Trick Room\n|upkeep\n|turn|6\n|\n|t:|1683684822\n|move|p1a: Amoonguss|Rage Powder|p1a: Amoonguss\n|-singleturn|p1a: Amoonguss|move: Rage Powder\n|move|p1b: Iron Bundle|Hydro Pump|p2b: Trunks|[miss]\n|-miss|p1b: Iron Bundle|p2b: Trunks\n|-curestatus|p2b: Trunks|slp|[msg]\n|move|p2b: Trunks|Rock Slide|p1a: Amoonguss|[spread] p1a\n|-miss|p2b: Trunks|p1b: Iron Bundle\n|-damage|p1a: Amoonguss|41\/100\n|\n|upkeep\n|turn|7\n|\n|t:|1683684832\n|move|p1b: Iron Bundle|Protect|p1b: Iron Bundle\n|-singleturn|p1b: Iron Bundle|Protect\n|move|p2b: Trunks|Rock Slide|p1a: Amoonguss|[spread] p1a\n|-activate|p1b: Iron Bundle|move: Protect\n|-damage|p1a: Amoonguss|23\/100\n|move|p1a: Amoonguss|Spore|p2b: Trunks\n|-status|p2b: Trunks|slp|[from] move: Spore\n|\n|upkeep\n|turn|8\n|\n|t:|1683684841\n|move|p1a: Amoonguss|Rage Powder|p1a: Amoonguss\n|-singleturn|p1a: Amoonguss|move: Rage Powder\n|move|p1b: Iron Bundle|Hydro Pump|p2b: Trunks\n|-damage|p2b: Trunks|0 fnt\n|faint|p2b: Trunks\n|-end|p2b: Trunks|Protosynthesis|[silent]\n|\n|win|mx555\n|raw|mx555's rating: 1393 → 1414<\/strong> (+21 for winning)\n|raw|AguaSteppin''s rating: 1406 → 1385<\/strong> (-21 for losing)\n","uploadtime":1683684849,"views":14,"p1id":"mx555","p2id":"aguasteppin","formatid":"gen9vgc2023regulationc","rating":1385,"private":0,"password":""}