{"id":"gen9vgc2023regulationc-1857278649","p1":"FerRT","p2":"swagman4","format":"[Gen 9] VGC 2023 Regulation C","log":"|j|\u2606FerRT\n|j|\u2606swagman4\n|t:|1683167000\n|gametype|doubles\n|player|p1|FerRT|1|1091\n|player|p2|swagman4|265|1051\n|teamsize|p1|6\n|teamsize|p2|6\n|gen|9\n|tier|[Gen 9] VGC 2023 Regulation C\n|rated|\n|rule|Species Clause: Limit one of each Pok\u00e9mon\n|rule|Item Clause: Limit one of each item\n|clearpoke\n|poke|p1|Ceruledge, L50, F|\n|poke|p1|Chi-Yu, L50|\n|poke|p1|Torkoal, L50, F|\n|poke|p1|Dachsbun, L50, M|\n|poke|p1|Baxcalibur, L50, M|\n|poke|p1|Lilligant, L50, F|\n|poke|p2|Chi-Yu, L50|\n|poke|p2|Iron Bundle, L50|\n|poke|p2|Iron Valiant, L50|\n|poke|p2|Gyarados, L50, M|\n|poke|p2|Dragapult, L50, M|\n|poke|p2|Amoonguss, L50, M|\n|teampreview|4\nFerRT has agreed to open team sheets.\nswagman4 has agreed to open team sheets.\n|\n|t:|1683167053\n|start\n|switch|p1a: Torkoal|Torkoal, L50, F|100\/100\n|switch|p1b: Lilligant|Lilligant, L50, F|100\/100\n|switch|p2a: Gyarados|Gyarados, L50, M|100\/100\n|switch|p2b: Iron Valiant|Iron Valiant, L50|100\/100\n|-ability|p2a: Gyarados|Intimidate|boost\n|-unboost|p1a: Torkoal|atk|1\n|-unboost|p1b: Lilligant|atk|1\n|-weather|SunnyDay|[from] ability: Drought|[of] p1a: Torkoal\n|turn|1\n|\n|t:|1683167084\n|move|p2b: Iron Valiant|Wide Guard|p2b: Iron Valiant\n|-singleturn|p2b: Iron Valiant|Wide Guard\n|move|p1b: Lilligant|Leaf Storm|p2a: Gyarados\n|-damage|p2a: Gyarados|58\/100\n|-unboost|p1b: Lilligant|spa|2\n|move|p2a: Gyarados|Thunder Wave|p1b: Lilligant\n|-status|p1b: Lilligant|par\n|move|p1a: Torkoal|Overheat|p2b: Iron Valiant\n|-enditem|p2b: Iron Valiant|Focus Sash\n|-damage|p2b: Iron Valiant|1\/100\n|-unboost|p1a: Torkoal|spa|2\n|\n|-weather|SunnyDay|[upkeep]\n|upkeep\n|turn|2\n|\n|t:|1683167119\n|cant|p1b: Lilligant|par\n|move|p2b: Iron Valiant|Close Combat|p1b: Lilligant\n|-damage|p1b: Lilligant|14\/100 par\n|-unboost|p2b: Iron Valiant|def|1\n|-unboost|p2b: Iron Valiant|spd|1\n|-enditem|p1b: Lilligant|Aguav Berry|[eat]\n|-heal|p1b: Lilligant|47\/100 par|[from] item: Aguav Berry\n|move|p2a: Gyarados|Thunder Wave|p1a: Torkoal\n|-status|p1a: Torkoal|par\n|move|p1a: Torkoal|Overheat|p2a: Gyarados\n|-resisted|p2a: Gyarados\n|-damage|p2a: Gyarados|44\/100\n|-unboost|p1a: Torkoal|spa|2\n|\n|-weather|SunnyDay|[upkeep]\n|upkeep\n|turn|3\n|\n|t:|1683167142\n|switch|p1b: Ceruledge|Ceruledge, L50, F|100\/100\n|move|p2b: Iron Valiant|Close Combat|p1b: Ceruledge\n|-immune|p1b: Ceruledge\n|move|p2a: Gyarados|Waterfall|p1a: Torkoal\n|-supereffective|p1a: Torkoal\n|-damage|p1a: Torkoal|76\/100 par\n|move|p1a: Torkoal|Eruption|p2a: Gyarados|[spread] p2a,p2b\n|-resisted|p2a: Gyarados\n|-damage|p2a: Gyarados|36\/100\n|-damage|p2b: Iron Valiant|0 fnt\n|faint|p2b: Iron Valiant\n|-end|p2b: Iron Valiant|Quark Drive|[silent]\n|\n|-weather|SunnyDay|[upkeep]\n|upkeep\n|\n|t:|1683167160\n|switch|p2b: Dragapult|Dragapult, L50, M|100\/100\n|turn|4\n|\n|t:|1683167168\n|switch|p1a: Lilligant|Lilligant, L50, F|47\/100 par\n|move|p1b: Ceruledge|Protect|p1b: Ceruledge\n|-singleturn|p1b: Ceruledge|Protect\n|move|p2a: Gyarados|Protect|p2a: Gyarados\n|-singleturn|p2a: Gyarados|Protect\n|move|p2b: Dragapult|Phantom Force||[still]\n|-prepare|p2b: Dragapult|Phantom Force\n|\n|-weather|SunnyDay|[upkeep]\n|upkeep\n|turn|5\n|\n|t:|1683167191\n|switch|p1b: Torkoal|Torkoal, L50, F|76\/100 par\n|move|p2b: Dragapult|Phantom Force|p1b: Torkoal|[from]lockedmove\n|-damage|p1b: Torkoal|26\/100 par\n|move|p1a: Lilligant|Leaf Storm|p2a: Gyarados\n|-crit|p2a: Gyarados\n|-damage|p2a: Gyarados|0 fnt\n|-unboost|p1a: Lilligant|spa|2\n|faint|p2a: Gyarados\n|\n|-weather|none\n|upkeep\n|\n|t:|1683167201\n|switch|p2a: Chi-Yu|Chi-Yu, L50|100\/100\n|-ability|p2a: Chi-Yu|Beads of Ruin\n|turn|6\n|\n|t:|1683167231\n|switch|p1b: Ceruledge|Ceruledge, L50, F|100\/100\n|move|p1a: Lilligant|Protect|p1a: Lilligant\n|-singleturn|p1a: Lilligant|Protect\n|move|p2b: Dragapult|Phantom Force||[still]\n|-prepare|p2b: Dragapult|Phantom Force\n|move|p2a: Chi-Yu|Dark Pulse|p1a: Lilligant\n|-activate|p1a: Lilligant|move: Protect\n|\n|upkeep\n|turn|7\n|\n|t:|1683167249\n|switch|p1b: Torkoal|Torkoal, L50, F|26\/100 par\n|-weather|SunnyDay|[from] ability: Drought|[of] p1b: Torkoal\n|move|p2b: Dragapult|Phantom Force|p1b: Torkoal|[from]lockedmove\n|-damage|p1b: Torkoal|0 fnt\n|faint|p1b: Torkoal\n|move|p2a: Chi-Yu|Dark Pulse|p1a: Lilligant\n|-damage|p1a: Lilligant|0 fnt\n|faint|p1a: Lilligant\n|\n|-weather|SunnyDay|[upkeep]\n|upkeep\n|\n|t:|1683167259\n|switch|p1a: Chi-Yu|Chi-Yu, L50|100\/100\n|switch|p1b: Ceruledge|Ceruledge, L50, F|100\/100\n|-ability|p1a: Chi-Yu|Beads of Ruin\n|turn|8\n|\n|t:|1683167295\n|-terastallize|p2b: Dragapult|Dragon\n|move|p1b: Ceruledge|Shadow Sneak|p2b: Dragapult\n|-damage|p2b: Dragapult|71\/100\n|move|p2b: Dragapult|Phantom Force||[still]\n|-prepare|p2b: Dragapult|Phantom Force\n|move|p1a: Chi-Yu|Lava Plume|p2b: Dragapult|[spread] p2a\n|-miss|p1a: Chi-Yu|p2b: Dragapult\n|-start|p1b: Ceruledge|ability: Flash Fire\n|-resisted|p2a: Chi-Yu\n|-damage|p2a: Chi-Yu|70\/100\n|move|p2a: Chi-Yu|Dark Pulse|p1a: Chi-Yu\n|-resisted|p1a: Chi-Yu\n|-damage|p1a: Chi-Yu|65\/100\n|\n|-weather|SunnyDay|[upkeep]\n|upkeep\n|turn|9\n|\n|t:|1683167314\n|-terastallize|p1b: Ceruledge|Fire\n|move|p2b: Dragapult|Phantom Force|p1b: Ceruledge|[from]lockedmove\n|-damage|p1b: Ceruledge|0 fnt\n|faint|p1b: Ceruledge\n|move|p1a: Chi-Yu|Dark Pulse|p2b: Dragapult\n|-damage|p2b: Dragapult|0 fnt\n|faint|p2b: Dragapult\n|move|p2a: Chi-Yu|Dark Pulse|p1a: Chi-Yu\n|-resisted|p1a: Chi-Yu\n|-damage|p1a: Chi-Yu|27\/100\n|\n|-weather|SunnyDay|[upkeep]\n|upkeep\n|turn|10\n|\n|t:|1683167339\n|move|p2a: Chi-Yu|Dark Pulse|p1a: Chi-Yu\n|-resisted|p1a: Chi-Yu\n|-damage|p1a: Chi-Yu|0 fnt\n|faint|p1a: Chi-Yu\n|\n|win|swagman4\n|raw|FerRT's rating: 1091 → 1065<\/strong> (-26 for losing)\n|raw|swagman4's rating: 1051 → 1087<\/strong> (+36 for winning)\n|l|\u2606FerRT\n","uploadtime":1683167352,"views":14,"p1id":"ferrt","p2id":"swagman4","formatid":"gen9vgc2023regulationc","rating":1065,"private":0,"password":""}