{"id":"gen9vgc2023regulationc-1849430482","p1":"PurpleStyle","p2":"Heaven64","format":"[Gen 9] VGC 2023 Regulation C","log":"|j|\u2606PurpleStyle\n|j|\u2606Heaven64\n|t:|1682197633\n|gametype|doubles\n|player|p1|PurpleStyle|pokefan|\n|player|p2|Heaven64|leaf-masters|\n|teamsize|p1|6\n|teamsize|p2|6\n|gen|9\n|tier|[Gen 9] VGC 2023 Regulation C\n|rule|Species Clause: Limit one of each Pok\u00e9mon\n|rule|Item Clause: Limit one of each item\n|clearpoke\n|poke|p1|Gastrodon, L50, F|\n|poke|p1|Wo-Chien, L50|\n|poke|p1|Grimmsnarl, L50, M|\n|poke|p1|Tauros-Paldea-Combat, L50, M|\n|poke|p1|Glimmora, L50, F|\n|poke|p1|Rotom-Fan, L50|\n|poke|p2|Iron Jugulis, L50|\n|poke|p2|Iron Thorns, L50|\n|poke|p2|Cryogonal, L50|\n|poke|p2|Muk, L50, M|\n|poke|p2|Floatzel, L50, F|\n|poke|p2|Crocalor, L50, M|\n|teampreview|4\n|c|\u2606PurpleStyle|g1\n|c|\u2606PurpleStyle|glhf!\nPurpleStyle rejected open team sheets.\n|\n|t:|1682197748\n|start\n|switch|p1a: Grimmsnarl|Grimmsnarl, L50, M|100\/100\n|switch|p1b: Glimmora|Glimmora, L50, F|100\/100\n|switch|p2a: Black Mesa|Iron Jugulis, L50|100\/100\n|switch|p2b: Shinra|Iron Thorns, L50|100\/100\n|-enditem|p2a: Black Mesa|Booster Energy\n|-activate|p2a: Black Mesa|ability: Quark Drive|[fromitem]\n|-start|p2a: Black Mesa|quarkdrivespa\n|turn|1\n|\n|t:|1682197797\n|-end|p2a: Black Mesa|Quark Drive|[silent]\n|switch|p2a: SCP-3799|Cryogonal, L50|100\/100\n|move|p1b: Glimmora|Spiky Shield|p1b: Glimmora\n|-singleturn|p1b: Glimmora|move: Protect\n|move|p1a: Grimmsnarl|Reflect|p1a: Grimmsnarl\n|-sidestart|p1: PurpleStyle|Reflect\n|move|p2b: Shinra|Earthquake|p1a: Grimmsnarl|[spread] p1a\n|-activate|p1b: Glimmora|move: Protect\n|-immune|p2a: SCP-3799|[from] ability: Levitate\n|-damage|p1a: Grimmsnarl|81\/100\n|\n|upkeep\n|turn|2\n|\n|t:|1682197849\n|-terastallize|p2b: Shinra|Bug\n|move|p1a: Grimmsnarl|Light Screen|p1a: Grimmsnarl\n|-sidestart|p1: PurpleStyle|move: Light Screen\n|move|p2a: SCP-3799|Ice Beam|p1b: Glimmora\n|-damage|p1b: Glimmora|49\/100\n|move|p2b: Shinra|Rock Blast|p1b: Glimmora\n|-damage|p1b: Glimmora|37\/100\n|-activate|p1b: Glimmora|ability: Toxic Debris\n|-sidestart|p2: Heaven64|move: Toxic Spikes\n|-damage|p1b: Glimmora|27\/100\n|-activate|p1b: Glimmora|ability: Toxic Debris\n|-sidestart|p2: Heaven64|move: Toxic Spikes\n|-damage|p1b: Glimmora|16\/100\n|-damage|p1b: Glimmora|6\/100\n|-hitcount|p1b: Glimmora|4\n|move|p1b: Glimmora|Power Gem|p2a: SCP-3799\n|-supereffective|p2a: SCP-3799\n|-damage|p2a: SCP-3799|0 fnt\n|faint|p2a: SCP-3799\n|-damage|p1b: Glimmora|0 fnt|[from] item: Life Orb\n|faint|p1b: Glimmora\n|\n|upkeep\n|\n|t:|1682197874\n|switch|p2a: Soylent|Muk, L50, M, shiny|100\/100\n|switch|p1b: Gastrodon|Gastrodon, L50, F|100\/100\n|-sideend|p2: Heaven64|move: Toxic Spikes|[of] p2a: Soylent\n|turn|3\n|\n|t:|1682197899\n|move|p2b: Shinra|Protect|p2b: Shinra\n|-singleturn|p2b: Shinra|Protect\n|move|p1a: Grimmsnarl|Parting Shot|p2b: Shinra\n|-activate|p2b: Shinra|move: Protect\n|move|p1b: Gastrodon|Yawn|p2a: Soylent\n|-start|p2a: Soylent|move: Yawn|[of] p1b: Gastrodon\n|move|p2a: Soylent|Toxic|p1b: Gastrodon\n|-status|p1b: Gastrodon|tox\n|\n|-damage|p1b: Gastrodon|95\/100 tox|[from] psn\n|upkeep\n|turn|4\n|\n|t:|1682197937\n|switch|p2a: Black Mesa|Iron Jugulis, L50|100\/100\n|move|p2b: Shinra|Pin Missile|p1a: Grimmsnarl\n|-damage|p1a: Grimmsnarl|70\/100\n|-damage|p1a: Grimmsnarl|59\/100\n|-damage|p1a: Grimmsnarl|49\/100\n|-damage|p1a: Grimmsnarl|39\/100\n|-damage|p1a: Grimmsnarl|29\/100\n|-hitcount|p1a: Grimmsnarl|5\n|move|p1a: Grimmsnarl|Spirit Break|p2a: Black Mesa\n|-supereffective|p2a: Black Mesa\n|-damage|p2a: Black Mesa|33\/100\n|-unboost|p2a: Black Mesa|spa|1\n|move|p1b: Gastrodon|Earth Power|p2a: Black Mesa\n|-immune|p2a: Black Mesa\n|\n|-heal|p1b: Gastrodon|100\/100 tox|[from] item: Leftovers\n|-damage|p1b: Gastrodon|89\/100 tox|[from] psn\n|upkeep\n|turn|5\n|\n|t:|1682197968\n|move|p1a: Grimmsnarl|Parting Shot|p2b: Shinra\n|-unboost|p2b: Shinra|atk|1\n|-unboost|p2b: Shinra|spa|1\n|\n|t:|1682197971\n|switch|p1a: Wo-Chien|Wo-Chien, L50|100\/100|[from] Parting Shot\n|-ability|p1a: Wo-Chien|Tablets of Ruin\n|move|p2a: Black Mesa|Dark Pulse|p1b: Gastrodon\n|-damage|p1b: Gastrodon|71\/100 tox\n|move|p2b: Shinra|Pin Missile|p1a: Wo-Chien\n|-supereffective|p1a: Wo-Chien\n|-damage|p1a: Wo-Chien|82\/100\n|-supereffective|p1a: Wo-Chien\n|-damage|p1a: Wo-Chien|64\/100\n|-supereffective|p1a: Wo-Chien\n|-damage|p1a: Wo-Chien|46\/100\n|-enditem|p1a: Wo-Chien|Sitrus Berry|[eat]\n|-heal|p1a: Wo-Chien|71\/100|[from] item: Sitrus Berry\n|-supereffective|p1a: Wo-Chien\n|-damage|p1a: Wo-Chien|54\/100\n|-supereffective|p1a: Wo-Chien\n|-crit|p1a: Wo-Chien\n|-damage|p1a: Wo-Chien|0 fnt\n|faint|p1a: Wo-Chien\n|-hitcount|p1: Wo-Chien|5\n|cant|p1b: Gastrodon|flinch\n|\n|-heal|p1b: Gastrodon|77\/100 tox|[from] item: Leftovers\n|-damage|p1b: Gastrodon|59\/100 tox|[from] psn\n|upkeep\n|\n|t:|1682197981\n|switch|p1a: Grimmsnarl|Grimmsnarl, L50, M|29\/100\n|turn|6\n|c|\u2606Heaven64|oof\n|c|\u2606PurpleStyle|yeah thats pretty much g1\n|\n|t:|1682198019\n|-end|p2b: Shinra|Quark Drive|[silent]\n|switch|p2b: Soylent|Muk, L50, M, shiny|100\/100\n|move|p2a: Black Mesa|Hurricane|p1b: Gastrodon\n|-damage|p1b: Gastrodon|38\/100 tox\n|move|p1a: Grimmsnarl|Spirit Break|p2a: Black Mesa\n|-supereffective|p2a: Black Mesa\n|-damage|p2a: Black Mesa|0 fnt\n|faint|p2a: Black Mesa\n|-end|p2a: Black Mesa|Quark Drive|[silent]\n|move|p1b: Gastrodon|Muddy Water|p2b: Soylent|[miss]\n|-miss|p1b: Gastrodon|p2b: Soylent\n|\n|-heal|p1b: Gastrodon|44\/100 tox|[from] item: Leftovers\n|-damage|p1b: Gastrodon|20\/100 tox|[from] psn\n|upkeep\n|\n|t:|1682198032\n|switch|p2a: Shinra|Iron Thorns, L50, tera:Bug|100\/100\n|turn|7\n|\n|t:|1682198039\n|move|p2a: Shinra|Pin Missile|p1a: Grimmsnarl\n|-damage|p1a: Grimmsnarl|19\/100\n|-damage|p1a: Grimmsnarl|9\/100\n|-damage|p1a: Grimmsnarl|0 fnt\n|faint|p1a: Grimmsnarl\n|-hitcount|p1: Grimmsnarl|3\n|move|p1b: Gastrodon|Earth Power|p2b: Soylent\n|-supereffective|p2b: Soylent\n|-damage|p2b: Soylent|58\/100\n|move|p2b: Soylent|Gunk Shot|p1b: Gastrodon|[miss]\n|-miss|p2b: Soylent|p1b: Gastrodon\n|\n|-heal|p1b: Gastrodon|26\/100 tox|[from] item: Leftovers\n|-heal|p2b: Soylent|64\/100|[from] item: Leftovers\n|-damage|p1b: Gastrodon|0 fnt|[from] psn\n|faint|p1b: Gastrodon\n|\n|win|Heaven64\n|upkeep\n|c|\u2606Heaven64|GG\n|c|\u2606PurpleStyle|gg\n","uploadtime":1682198763,"views":12,"p1id":"purplestyle","p2id":"heaven64","formatid":"gen9vgc2023regulationc","rating":0,"private":0,"password":""}