{"id":"gen9vgc2023regulationc-1858826154","p1":"yumenokoko","p2":"uyfiff","format":"[Gen 9] VGC 2023 Regulation C","log":"|j|\u2606yumenokoko\n|j|\u2606uyfiff\n|t:|1683368886\n|gametype|doubles\n|player|p1|yumenokoko|erika|1044\n|player|p2|uyfiff|169|1000\n|teamsize|p1|6\n|teamsize|p2|6\n|gen|9\n|tier|[Gen 9] VGC 2023 Regulation C\n|rated|\n|rule|Species Clause: Limit one of each Pok\u00e9mon\n|rule|Item Clause: Limit one of each item\n|clearpoke\n|poke|p1|Iron Valiant, L50|\n|poke|p1|Iron Hands, L50|\n|poke|p1|Iron Moth, L50|\n|poke|p1|Iron Bundle, L50|\n|poke|p1|Iron Treads, L50|\n|poke|p1|Iron Jugulis, L50|\n|poke|p2|Talonflame, L50, M|\n|poke|p2|Farigiraf, L50, F|\n|poke|p2|Dragonite, L50, M|\n|poke|p2|Flutter Mane, L50|\n|poke|p2|Amoonguss, L50, F|\n|poke|p2|Palafin, L50, F|\n|teampreview|4\n|inactive|Battle timer is ON: inactive players will automatically lose when time's up. (requested by yumenokoko)\n|inactive|uyfiff has 60 seconds left.\n|inactive|uyfiff has 30 seconds left.\n|\n|t:|1683368955\n|start\n|switch|p1a: Iron Valiant|Iron Valiant, L50, shiny|100\/100\n|switch|p1b: Iron Hands|Iron Hands, L50, shiny|100\/100\n|switch|p2a: Talonflame|Talonflame, L50, M|100\/100\n|switch|p2b: Palafin|Palafin, L50, F|100\/100\n|turn|1\n|\n|t:|1683368975\n|detailschange|p2b: Palafin|Palafin-Hero, L50, F\n|switch|p2b: Farigiraf|Farigiraf, L50, F|100\/100\n|move|p2a: Talonflame|Tailwind|p2a: Talonflame\n|-sidestart|p2: uyfiff|move: Tailwind\n|move|p1a: Iron Valiant|Taunt|p2a: Talonflame\n|-start|p2a: Talonflame|move: Taunt\n|move|p1b: Iron Hands|Play Rough|p2b: Farigiraf\n|-damage|p2b: Farigiraf|56\/100\n|\n|upkeep\n|turn|2\n|inactive|uyfiff has 30 seconds left.\n|\n|t:|1683369012\n|-terastallize|p1b: Iron Hands|Water\n|move|p2a: Talonflame|Brave Bird|p1a: Iron Valiant\n|-supereffective|p1a: Iron Valiant\n|-damage|p1a: Iron Valiant|19\/100\n|-damage|p2a: Talonflame|78\/100|[from] Recoil\n|move|p2b: Farigiraf|Dazzling Gleam|p1a: Iron Valiant|[spread] p1a,p1b\n|-supereffective|p1a: Iron Valiant\n|-damage|p1a: Iron Valiant|0 fnt\n|-damage|p1b: Iron Hands|83\/100\n|faint|p1a: Iron Valiant\n|-end|p1a: Iron Valiant|Quark Drive|[silent]\n|move|p1b: Iron Hands|Tera Blast|p2a: Talonflame\n|-supereffective|p2a: Talonflame\n|-damage|p2a: Talonflame|0 fnt\n|faint|p2a: Talonflame\n|\n|upkeep\n|inactive|uyfiff has 30 seconds left.\n|\n|t:|1683369047\n|switch|p2a: Dragonite|Dragonite, L50, M|100\/100\n|switch|p1a: Iron Jugulis|Iron Jugulis, L50, shiny|100\/100\n|turn|3\n|inactive|uyfiff has 30 seconds left.\n|inactive|uyfiff has 20 seconds left.\n|inactive|uyfiff has 15 seconds left.\n|inactive|uyfiff has 10 seconds left.\n|inactive|uyfiff has 5 seconds left.\n|\n|t:|1683369100\n|move|p2b: Farigiraf|Dazzling Gleam|p1b: Iron Hands|[spread] p1a,p1b\n|-supereffective|p1a: Iron Jugulis\n|-damage|p1a: Iron Jugulis|26\/100\n|-damage|p1b: Iron Hands|63\/100\n|move|p2a: Dragonite|Low Kick|p1b: Iron Hands\n|-damage|p1b: Iron Hands|32\/100\n|move|p1a: Iron Jugulis|Flash Cannon|p2b: Farigiraf\n|-damage|p2b: Farigiraf|10\/100\n|move|p1b: Iron Hands|Play Rough|p2a: Dragonite\n|-supereffective|p2a: Dragonite\n|-damage|p2a: Dragonite|31\/100\n|\n|upkeep\n|turn|4\n|\n|t:|1683369119\n|move|p2b: Farigiraf|Dazzling Gleam|p1b: Iron Hands|[spread] p1a,p1b\n|-supereffective|p1a: Iron Jugulis\n|-damage|p1a: Iron Jugulis|0 fnt\n|-damage|p1b: Iron Hands|14\/100\n|faint|p1a: Iron Jugulis\n|-end|p1a: Iron Jugulis|Quark Drive|[silent]\n|move|p2a: Dragonite|Low Kick|p1b: Iron Hands\n|-damage|p1b: Iron Hands|0 fnt\n|faint|p1b: Iron Hands\n|-end|p1b: Iron Hands|Quark Drive|[silent]\n|\n|-sideend|p2: uyfiff|move: Tailwind\n|upkeep\n|\n|t:|1683369128\n|switch|p1b: Iron Bundle|Iron Bundle, L50, shiny|100\/100\n|-enditem|p1b: Iron Bundle|Booster Energy\n|-activate|p1b: Iron Bundle|ability: Quark Drive|[fromitem]\n|-start|p1b: Iron Bundle|quarkdrivespe\n|turn|5\n|\n|t:|1683369134\n|move|p2a: Dragonite|Extreme Speed|p1b: Iron Bundle\n|-crit|p1b: Iron Bundle\n|-damage|p1b: Iron Bundle|47\/100\n|move|p1b: Iron Bundle|Ice Beam|p2b: Farigiraf\n|-damage|p2b: Farigiraf|0 fnt\n|faint|p2b: Farigiraf\n|\n|upkeep\n|\n|t:|1683369137\n|switch|p2b: Palafin|Palafin-Hero, L50, F|100\/100\n|-activate|p2b: Palafin|ability: Zero to Hero\n|turn|6\n|\n|t:|1683369144\n|move|p2a: Dragonite|Extreme Speed|p1b: Iron Bundle\n|-damage|p1b: Iron Bundle|9\/100\n|move|p2b: Palafin|Jet Punch|p1b: Iron Bundle\n|-resisted|p1b: Iron Bundle\n|-damage|p1b: Iron Bundle|0 fnt\n|faint|p1b: Iron Bundle\n|-end|p1b: Iron Bundle|Quark Drive|[silent]\n|\n|win|uyfiff\n|raw|yumenokoko's rating: 1044 → 1025<\/strong> (-19 for losing)\n|raw|uyfiff's rating: 1000 → 1045<\/strong> (+45 for winning)\n|l|\u2606yumenokoko\n","uploadtime":1683369827,"views":14,"p1id":"yumenokoko","p2id":"uyfiff","formatid":"gen9vgc2023regulationc","rating":1025,"private":0,"password":""}