{"id":"gen9vgc2023regulationc-1849053995","p1":"Fluxvgc","p2":"Bigamoonguss","format":"[Gen 9] VGC 2023 Regulation C","log":"|j|\u2606Fluxvgc\n|j|\u2606Bigamoonguss\n|t:|1682146202\n|gametype|doubles\n|player|p1|Fluxvgc|unknown|1417\n|player|p2|Bigamoonguss|artist|1469\n|teamsize|p1|6\n|teamsize|p2|6\n|gen|9\n|tier|[Gen 9] VGC 2023 Regulation C\n|rated|\n|rule|Species Clause: Limit one of each Pok\u00e9mon\n|rule|Item Clause: Limit one of each item\n|clearpoke\n|poke|p1|Tyranitar, L50, F|\n|poke|p1|Lycanroc, L50, F|\n|poke|p1|Baxcalibur, L50, F|\n|poke|p1|Talonflame, L50, M|\n|poke|p1|Chi-Yu, L50|\n|poke|p1|Flutter Mane, L50|\n|poke|p2|Palafin, L50, F|\n|poke|p2|Arcanine, L50, M|\n|poke|p2|Flutter Mane, L50|\n|poke|p2|Ting-Lu, L50|\n|poke|p2|Amoonguss, L50, F|\n|poke|p2|Kingambit, L50, F|\n|teampreview|4\n|inactive|Battle timer is ON: inactive players will automatically lose when time's up. (requested by Fluxvgc)\n|j| whccccc\n|inactive|Bigamoonguss has 60 seconds left.\n|\n|t:|1682146235\n|start\n|switch|p1a: Chi-Yu|Chi-Yu, L50|100\/100\n|switch|p1b: Flutter Mane|Flutter Mane, L50|100\/100\n|switch|p2a: Palafin|Palafin, L50, F|100\/100\n|switch|p2b: Flutter Mane|Flutter Mane, L50|100\/100\n|-ability|p1a: Chi-Yu|Beads of Ruin\n|-enditem|p1b: Flutter Mane|Booster Energy\n|-activate|p1b: Flutter Mane|ability: Protosynthesis|[fromitem]\n|-start|p1b: Flutter Mane|protosynthesisspe\n|-enditem|p2b: Flutter Mane|Booster Energy\n|-activate|p2b: Flutter Mane|ability: Protosynthesis|[fromitem]\n|-start|p2b: Flutter Mane|protosynthesisspa\n|turn|1\n|inactive|Fluxvgc has 30 seconds left.\n|\n|t:|1682146269\n|detailschange|p2a: Palafin|Palafin-Hero, L50, F\n|switch|p2a: Ting-Lu|Ting-Lu, L50|100\/100\n|-ability|p2a: Ting-Lu|Vessel of Ruin\n|-terastallize|p1a: Chi-Yu|Grass\n|move|p1b: Flutter Mane|Shadow Ball|p2b: Flutter Mane\n|-supereffective|p2b: Flutter Mane\n|-damage|p2b: Flutter Mane|10\/100\n|move|p1a: Chi-Yu|Tera Blast|p2a: Ting-Lu\n|-supereffective|p2a: Ting-Lu\n|-damage|p2a: Ting-Lu|56\/100\n|move|p2b: Flutter Mane|Dazzling Gleam|p1a: Chi-Yu|[spread] p1a,p1b\n|-damage|p1a: Chi-Yu|61\/100\n|-damage|p1b: Flutter Mane|60\/100\n|\n|upkeep\n|turn|2\n|\n|t:|1682146292\n|-terastallize|p2a: Ting-Lu|Grass\n|move|p2b: Flutter Mane|Protect|p2b: Flutter Mane\n|-singleturn|p2b: Flutter Mane|Protect\n|move|p1b: Flutter Mane|Moonblast|p2a: Ting-Lu\n|-damage|p2a: Ting-Lu|33\/100\n|move|p1a: Chi-Yu|Tera Blast|p2b: Flutter Mane\n|-activate|p2b: Flutter Mane|move: Protect\n|move|p2a: Ting-Lu|Earthquake|p1a: Chi-Yu|[spread] p1a,p1b\n|-activate|p2b: Flutter Mane|move: Protect\n|-resisted|p1a: Chi-Yu\n|-damage|p1a: Chi-Yu|31\/100\n|-damage|p1b: Flutter Mane|0 fnt\n|faint|p1b: Flutter Mane\n|-end|p1b: Flutter Mane|Protosynthesis|[silent]\n|\n|upkeep\n|\n|t:|1682146311\n|switch|p1b: Lycanroc|Lycanroc, L50, F|100\/100\n|turn|3\n|\n|t:|1682146320\n|switch|p1a: Tyranitar|Tyranitar, L50, F|100\/100\n|-weather|Sandstorm|[from] ability: Sand Stream|[of] p1a: Tyranitar\n|-end|p2b: Flutter Mane|Protosynthesis|[silent]\n|switch|p2b: Kingambit|Kingambit, L50, F|100\/100\n|move|p1b: Lycanroc|Rock Slide|p2a: Ting-Lu|[spread] p2a,p2b\n|-resisted|p2b: Kingambit\n|-damage|p2a: Ting-Lu|14\/100\n|-damage|p2b: Kingambit|90\/100\n|move|p2a: Ting-Lu|Heavy Slam|p1a: Tyranitar\n|-supereffective|p1a: Tyranitar\n|-crit|p1a: Tyranitar\n|-damage|p1a: Tyranitar|37\/100\n|\n|-weather|Sandstorm|[upkeep]\n|-damage|p2a: Ting-Lu|8\/100|[from] Sandstorm\n|upkeep\n|turn|4\n|\n|t:|1682146341\n|move|p2b: Kingambit|Protect|p2b: Kingambit\n|-singleturn|p2b: Kingambit|Protect\n|move|p1b: Lycanroc|Close Combat|p2b: Kingambit\n|-activate|p2b: Kingambit|move: Protect\n|move|p1a: Tyranitar|Rock Slide|p2a: Ting-Lu|[spread] \n|-activate|p2b: Kingambit|move: Protect\n|-miss|p1a: Tyranitar|p2a: Ting-Lu\n|move|p2a: Ting-Lu|Earthquake|p1a: Tyranitar|[spread] p1a,p1b\n|-activate|p2b: Kingambit|move: Protect\n|-supereffective|p1a: Tyranitar\n|-crit|p1a: Tyranitar\n|-supereffective|p1b: Lycanroc\n|-damage|p1a: Tyranitar|0 fnt\n|-enditem|p1b: Lycanroc|Focus Sash\n|-damage|p1b: Lycanroc|1\/100\n|faint|p1a: Tyranitar\n|\n|-weather|Sandstorm|[upkeep]\n|-damage|p2a: Ting-Lu|2\/100|[from] Sandstorm\n|upkeep\n|\n|t:|1682146344\n|switch|p1a: Chi-Yu|Chi-Yu, L50, tera:Grass|31\/100\n|-ability|p1a: Chi-Yu|Beads of Ruin\n|turn|5\n|l| whccccc\n|\n|t:|1682146363\n|move|p1b: Lycanroc|Quick Guard|p1b: Lycanroc\n|-singleturn|p1b: Lycanroc|Quick Guard\n|move|p2b: Kingambit|Sucker Punch|p1a: Chi-Yu\n|-activate|p1a: Chi-Yu|move: Quick Guard\n|move|p1a: Chi-Yu|Heat Wave|p2a: Ting-Lu|[spread] p2b\n|-miss|p1a: Chi-Yu|p2a: Ting-Lu\n|-supereffective|p2b: Kingambit\n|-damage|p2b: Kingambit|5\/100\n|move|p2a: Ting-Lu|Heavy Slam|p1a: Chi-Yu\n|-damage|p1a: Chi-Yu|0 fnt\n|faint|p1a: Chi-Yu\n|\n|-weather|Sandstorm|[upkeep]\n|-damage|p2a: Ting-Lu|0 fnt|[from] Sandstorm\n|faint|p2a: Ting-Lu\n|upkeep\n|\n|t:|1682146381\n|switch|p2a: Palafin|Palafin-Hero, L50, F|100\/100\n|-activate|p2a: Palafin|ability: Zero to Hero\n|turn|6\n|c|\u2606Fluxvgc|Maaan\n|c|\u2606Fluxvgc|Gg\n|j| THUNDERSND77\n|\n|t:|1682146387\n|move|p2a: Palafin|Jet Punch|p1b: Lycanroc\n|-supereffective|p1b: Lycanroc\n|-damage|p1b: Lycanroc|0 fnt\n|faint|p1b: Lycanroc\n|\n|win|Bigamoonguss\n|raw|Fluxvgc's rating: 1417 → 1400<\/strong> (-17 for losing)\n|raw|Bigamoonguss's rating: 1469 → 1486<\/strong> (+17 for winning)\n|l|\u2606Fluxvgc\n","uploadtime":1682146410,"views":3,"p1id":"fluxvgc","p2id":"bigamoonguss","formatid":"gen9vgc2023regulationc","rating":1400,"private":0,"password":""}