{"id":"gen9vgc2023regulationc-1847412355","p1":"Kiryae","p2":"Yc233","format":"[Gen 9] VGC 2023 Regulation C","log":"|j|\u2606Kiryae\n|j|\u2606Yc233\n|t:|1681952079\n|gametype|doubles\n|player|p1|Kiryae|170|1180\n|player|p2|Yc233|plasmagruntf|1129\n|teamsize|p1|6\n|teamsize|p2|6\n|gen|9\n|tier|[Gen 9] VGC 2023 Regulation C\n|rated|\n|rule|Species Clause: Limit one of each Pok\u00e9mon\n|rule|Item Clause: Limit one of each item\n|clearpoke\n|poke|p1|Gholdengo, L50|\n|poke|p1|Arcanine, L50, F|\n|poke|p1|Palafin, L50, M|\n|poke|p1|Roaring Moon, L50|\n|poke|p1|Amoonguss, L50, F|\n|poke|p1|Ting-Lu, L50|\n|poke|p2|Torkoal, L50, F|\n|poke|p2|Jumpluff, L50, M|\n|poke|p2|Flutter Mane, L50|\n|poke|p2|Great Tusk, L50|\n|poke|p2|Chien-Pao, L50|\n|poke|p2|Kingambit, L50, F|\n|teampreview|4\n|inactive|Battle timer is ON: inactive players will automatically lose when time's up. (requested by Kiryae)\n|inactive|Yc233 also wants the timer to be on.\n|inactive|Kiryae has 60 seconds left.\n|inactive|Yc233 has 60 seconds left.\n|\n|t:|1681952116\n|start\n|switch|p1a: Arcanine|Arcanine, L50, F|100\/100\n|switch|p1b: Palafin|Palafin, L50, M|100\/100\n|switch|p2a: Jumpluff|Jumpluff, L50, M|100\/100\n|switch|p2b: Torkoal|Torkoal, L50, F|100\/100\n|-ability|p1a: Arcanine|Intimidate|boost\n|-unboost|p2a: Jumpluff|atk|1\n|-unboost|p2b: Torkoal|atk|1\n|-enditem|p2b: Torkoal|Eject Pack\n|\n|t:|1681952130\n|switch|p2b: Great Tusk|Great Tusk, L50|100\/100\n|turn|1\n|c|\u2606Kiryae|???\n|c|\u2606Kiryae|oh\n|inactive|Kiryae has 30 seconds left.\n|\n|t:|1681952157\n|detailschange|p1b: Palafin|Palafin-Hero, L50, M\n|switch|p1b: Amoonguss|Amoonguss, L50, F|100\/100\n|move|p2b: Great Tusk|Rock Slide|p1a: Arcanine|[spread] p1a,p1b\n|-supereffective|p1a: Arcanine\n|-crit|p1b: Amoonguss\n|-damage|p1a: Arcanine|55\/100\n|-damage|p1b: Amoonguss|77\/100\n|move|p2a: Jumpluff|Sleep Powder|p1b: Amoonguss\n|-immune|p1b: Amoonguss\n|cant|p1a: Arcanine|flinch\n|\n|upkeep\n|turn|2\n|c|\u2606Yc233|hello\n|\n|t:|1681952181\n|switch|p2a: Torkoal|Torkoal, L50, F|100\/100\n|-weather|SunnyDay|[from] ability: Drought|[of] p2a: Torkoal\n|-activate|p2b: Great Tusk|ability: Protosynthesis\n|-start|p2b: Great Tusk|protosynthesisatk\n|switch|p1a: Gholdengo|Gholdengo, L50|100\/100\n|move|p2b: Great Tusk|Rock Slide|p1b: Amoonguss|[spread] p1a,p1b\n|-resisted|p1a: Gholdengo\n|-damage|p1a: Gholdengo|89\/100\n|-damage|p1b: Amoonguss|55\/100\n|move|p1b: Amoonguss|Spore|p2b: Great Tusk\n|-status|p2b: Great Tusk|slp|[from] move: Spore\n|\n|-weather|SunnyDay|[upkeep]\n|-heal|p1a: Gholdengo|95\/100|[from] item: Leftovers\n|upkeep\n|turn|3\n|\n|t:|1681952206\n|-terastallize|p2b: Great Tusk|Fire\n|cant|p2b: Great Tusk|slp\n|move|p1a: Gholdengo|Nasty Plot|p1a: Gholdengo\n|-boost|p1a: Gholdengo|spa|2\n|move|p2a: Torkoal|Overheat|p1a: Gholdengo\n|-supereffective|p1a: Gholdengo\n|-damage|p1a: Gholdengo|0 fnt\n|-unboost|p2a: Torkoal|spa|2\n|faint|p1a: Gholdengo\n|move|p1b: Amoonguss|Spore|p2a: Torkoal\n|-status|p2a: Torkoal|slp|[from] move: Spore\n|\n|-weather|SunnyDay|[upkeep]\n|upkeep\n|\n|t:|1681952220\n|switch|p1a: Palafin|Palafin-Hero, L50, M|100\/100\n|-activate|p1a: Palafin|ability: Zero to Hero\n|turn|4\n|inactive|Yc233 has 30 seconds left.\n|inactive|Yc233 has 20 seconds left.\n|inactive|Yc233 has 15 seconds left.\n|\n|t:|1681952261\n|-end|p2b: Great Tusk|Protosynthesis|[silent]\n|switch|p2b: Jumpluff|Jumpluff, L50, M|100\/100\n|move|p1a: Palafin|Wave Crash|p2b: Jumpluff\n|-resisted|p2b: Jumpluff\n|-damage|p2b: Jumpluff|73\/100\n|-damage|p1a: Palafin|93\/100|[from] Recoil\n|cant|p2a: Torkoal|slp\n|move|p1b: Amoonguss|Pollen Puff|p1a: Palafin\n|-heal|p1a: Palafin|100\/100\n|\n|-weather|SunnyDay|[upkeep]\n|upkeep\n|turn|5\n|\n|t:|1681952279\n|switch|p1a: Arcanine|Arcanine, L50, F|55\/100\n|-ability|p1a: Arcanine|Intimidate|boost\n|-unboost|p2a: Torkoal|atk|1\n|-unboost|p2b: Jumpluff|atk|1\n|move|p2b: Jumpluff|Sleep Powder|p1a: Arcanine\n|-activate|p1a: Arcanine|item: Safety Goggles|Sleep Powder\n|cant|p2a: Torkoal|slp\n|move|p1b: Amoonguss|Pollen Puff|p2b: Jumpluff\n|-damage|p2b: Jumpluff|55\/100\n|\n|-weather|SunnyDay|[upkeep]\n|upkeep\n|turn|6\n|inactive|Yc233 has 30 seconds left.\n|\n|t:|1681952304\n|switch|p2b: Great Tusk|Great Tusk, L50, tera:Fire|100\/100 slp\n|-activate|p2b: Great Tusk|ability: Protosynthesis\n|-start|p2b: Great Tusk|protosynthesisatk\n|-terastallize|p1b: Amoonguss|Water\n|move|p1a: Arcanine|Will-O-Wisp||[still]\n|-fail|p1a: Arcanine\n|cant|p2a: Torkoal|slp\n|move|p1b: Amoonguss|Pollen Puff|p1a: Arcanine\n|-heal|p1a: Arcanine|100\/100\n|\n|-weather|none\n|-end|p2b: Great Tusk|Protosynthesis\n|upkeep\n|turn|7\n|inactive|Yc233 has 30 seconds left.\n|\n|t:|1681952331\n|switch|p2a: Kingambit|Kingambit, L50, F|100\/100\n|switch|p1b: Palafin|Palafin-Hero, L50, M|100\/100\n|cant|p2b: Great Tusk|slp\n|move|p1a: Arcanine|Howl|p1a: Arcanine|[spread] p1a,p1b\n|-boost|p1a: Arcanine|atk|1\n|-boost|p1b: Palafin|atk|1\n|\n|upkeep\n|turn|8\n|\n|t:|1681952348\n|switch|p2a: Torkoal|Torkoal, L50, F|100\/100 slp\n|-weather|SunnyDay|[from] ability: Drought|[of] p2a: Torkoal\n|-activate|p2b: Great Tusk|ability: Protosynthesis\n|-start|p2b: Great Tusk|protosynthesisatk\n|move|p1b: Palafin|Jet Punch|p2b: Great Tusk\n|-supereffective|p2b: Great Tusk\n|-damage|p2b: Great Tusk|50\/100 slp\n|cant|p2b: Great Tusk|slp\n|move|p1a: Arcanine|Flare Blitz|p2a: Torkoal\n|-resisted|p2a: Torkoal\n|-damage|p2a: Torkoal|60\/100 slp\n|-damage|p1a: Arcanine|88\/100|[from] Recoil\n|\n|-weather|SunnyDay|[upkeep]\n|upkeep\n|turn|9\n|inactive|Kiryae has 30 seconds left.\n|inactive|Yc233 has 30 seconds left.\n|\n|t:|1681952376\n|-end|p2b: Great Tusk|Protosynthesis|[silent]\n|switch|p2b: Jumpluff|Jumpluff, L50, M|55\/100\n|-curestatus|p2a: Torkoal|slp|[msg]\n|move|p2a: Torkoal|Protect|p2a: Torkoal\n|-singleturn|p2a: Torkoal|Protect\n|move|p1a: Arcanine|Flare Blitz|p2b: Jumpluff\n|-supereffective|p2b: Jumpluff\n|-damage|p2b: Jumpluff|0 fnt\n|faint|p2b: Jumpluff\n|-damage|p1a: Arcanine|71\/100|[from] Recoil\n|move|p1b: Palafin|Wave Crash|p2a: Torkoal\n|-activate|p2a: Torkoal|move: Protect\n|\n|-weather|SunnyDay|[upkeep]\n|upkeep\n|inactive|Yc233 has 30 seconds left.\n|\n|t:|1681952407\n|switch|p2b: Kingambit|Kingambit, L50, F|100\/100\n|turn|10\n|\n|t:|1681952421\n|move|p2a: Torkoal|Helping Hand|p2b: Kingambit\n|-singleturn|p2b: Kingambit|Helping Hand|[of] p2a: Torkoal\n|move|p1b: Palafin|Jet Punch|p2a: Torkoal\n|-supereffective|p2a: Torkoal\n|-damage|p2a: Torkoal|11\/100\n|move|p2b: Kingambit|Sucker Punch||[still]\n|-fail|p2b: Kingambit\n|move|p1a: Arcanine|Will-O-Wisp|p2b: Kingambit\n|-status|p2b: Kingambit|brn\n|\n|-weather|SunnyDay|[upkeep]\n|-damage|p2b: Kingambit|95\/100 brn|[from] brn\n|upkeep\n|turn|11\n|inactive|Yc233 has 30 seconds left.\n|inactive|Yc233 has 20 seconds left.\n|inactive|Yc233 has 15 seconds left.\n|\n|t:|1681952463\n|switch|p2b: Great Tusk|Great Tusk, L50, tera:Fire|50\/100 slp\n|-activate|p2b: Great Tusk|ability: Protosynthesis\n|-start|p2b: Great Tusk|protosynthesisatk\n|move|p2a: Torkoal|Protect|p2a: Torkoal\n|-singleturn|p2a: Torkoal|Protect\n|move|p1b: Palafin|Jet Punch|p2a: Torkoal\n|-activate|p2a: Torkoal|move: Protect\n|move|p1a: Arcanine|Flare Blitz|p2b: Great Tusk\n|-resisted|p2b: Great Tusk\n|-damage|p2b: Great Tusk|5\/100 slp\n|-damage|p1a: Arcanine|56\/100|[from] Recoil\n|\n|-weather|SunnyDay|[upkeep]\n|upkeep\n|turn|12\n|inactive|Yc233 has 30 seconds left.\n|-message|Yc233 forfeited.\n|\n|win|Kiryae\n|raw|Kiryae's rating: 1180 → 1201<\/strong> (+21 for winning)\n|raw|Yc233's rating: 1129 → 1108<\/strong> (-21 for losing)\n|l|\u2606Yc233\n","uploadtime":1681952503,"views":12,"p1id":"kiryae","p2id":"yc233","formatid":"gen9vgc2023regulationc","rating":1108,"private":0,"password":""}