{"id":"gen9vgc2023regulationc-1852275200","p1":"kreso_1408","p2":"b(R)2","format":"[Gen 9] VGC 2023 Regulation C","log":"|j|\u2606kreso_1408\n|j|\u2606b(R)2\n|t:|1682539107\n|gametype|doubles\n|player|p1|kreso_1408|266|1076\n|player|p2|b(R)2|266|1044\n|teamsize|p1|6\n|teamsize|p2|6\n|gen|9\n|tier|[Gen 9] VGC 2023 Regulation C\n|rated|\n|rule|Species Clause: Limit one of each Pok\u00e9mon\n|rule|Item Clause: Limit one of each item\n|clearpoke\n|poke|p1|Armarouge, L50, F|\n|poke|p1|Indeedee-F, L50, F|\n|poke|p1|Flutter Mane, L50|\n|poke|p1|Amoonguss, L50, M|\n|poke|p1|Torkoal, L50, F|\n|poke|p1|Tyranitar, L50, F|\n|poke|p2|Ting-Lu, L50|\n|poke|p2|Amoonguss, L50, M|\n|poke|p2|Garganacl, L50, F|\n|poke|p2|Arcanine, L50, M|\n|poke|p2|Roaring Moon, L50|\n|poke|p2|Iron Bundle, L50|\n|teampreview|4\nb(R)2 has agreed to open team sheets.\n|inactive|Battle timer is ON: inactive players will automatically lose when time's up. (requested by kreso_1408)\nkreso_1408 has agreed to open team sheets.\n|\n|t:|1682539128\n|start\n|switch|p1a: Armarouge|Armarouge, L50, F|100\/100\n|switch|p1b: Indeedee|Indeedee-F, L50, F|100\/100\n|switch|p2a: Roaring Moon|Roaring Moon, L50|100\/100\n|switch|p2b: Ting-Lu|Ting-Lu, L50|100\/100\n|-fieldstart|move: Psychic Terrain|[from] ability: Psychic Surge|[of] p1b: Indeedee\n|-ability|p2b: Ting-Lu|Vessel of Ruin\n|-enditem|p2a: Roaring Moon|Booster Energy\n|-activate|p2a: Roaring Moon|ability: Protosynthesis|[fromitem]\n|-start|p2a: Roaring Moon|protosynthesisatk\n|turn|1\n|inactive|b(R)2 has 30 seconds left.\n|\n|t:|1682539156\n|move|p1a: Armarouge|Protect|p1a: Armarouge\n|-singleturn|p1a: Armarouge|Protect\n|move|p2a: Roaring Moon|Jaw Lock|p1b: Indeedee\n|-supereffective|p1b: Indeedee\n|-damage|p1b: Indeedee|0 fnt\n|faint|p1b: Indeedee\n|move|p2b: Ting-Lu|Stomping Tantrum|p1a: Armarouge\n|-activate|p1a: Armarouge|move: Protect\n|\n|upkeep\n|\n|t:|1682539164\n|switch|p1b: Flutter Mane|Flutter Mane, L50|100\/100\n|turn|2\n|\n|t:|1682539176\n|switch|p1a: Amoonguss|Amoonguss, L50, M, shiny|100\/100\n|-terastallize|p1b: Flutter Mane|Fairy\n|move|p1b: Flutter Mane|Moonblast|p2a: Roaring Moon\n|-supereffective|p2a: Roaring Moon\n|-damage|p2a: Roaring Moon|0 fnt\n|faint|p2a: Roaring Moon\n|-end|p2a: Roaring Moon|Protosynthesis|[silent]\n|move|p2b: Ting-Lu|Heavy Slam|p1b: Flutter Mane\n|-supereffective|p1b: Flutter Mane\n|-damage|p1b: Flutter Mane|0 fnt\n|faint|p1b: Flutter Mane\n|-end|p1b: Flutter Mane|Protosynthesis|[silent]\n|\n|upkeep\n|\n|t:|1682539192\n|switch|p1b: Armarouge|Armarouge, L50, F|100\/100\n|switch|p2a: Garganacl|Garganacl, L50, F|100\/100\n|turn|3\n|\n|t:|1682539203\n|move|p1b: Armarouge|Protect|p1b: Armarouge\n|-singleturn|p1b: Armarouge|Protect\n|move|p2b: Ting-Lu|Stomping Tantrum|p1b: Armarouge\n|-activate|p1b: Armarouge|move: Protect\n|move|p1a: Amoonguss|Spore|p2b: Ting-Lu\n|-status|p2b: Ting-Lu|slp|[from] move: Spore\n|move|p2a: Garganacl|Salt Cure|p1a: Amoonguss\n|-damage|p1a: Amoonguss|86\/100\n|-start|p1a: Amoonguss|Salt Cure\n|\n|-heal|p1a: Amoonguss|92\/100|[from] item: Leftovers\n|-damage|p1a: Amoonguss|80\/100|[from] Salt Cure\n|upkeep\n|turn|4\n|\n|t:|1682539227\n|move|p1a: Amoonguss|Rage Powder|p1a: Amoonguss\n|-singleturn|p1a: Amoonguss|move: Rage Powder\n|move|p1b: Armarouge|Armor Cannon|p2b: Ting-Lu\n|-damage|p2b: Ting-Lu|78\/100 slp\n|-unboost|p1b: Armarouge|def|1\n|-unboost|p1b: Armarouge|spd|1\n|cant|p2b: Ting-Lu|slp\n|move|p2a: Garganacl|Salt Cure|p1a: Amoonguss\n|-damage|p1a: Amoonguss|67\/100\n|\n|-heal|p1a: Amoonguss|73\/100|[from] item: Leftovers\n|-damage|p1a: Amoonguss|60\/100|[from] Salt Cure\n|upkeep\n|turn|5\n|inactive|b(R)2 has 30 seconds left.\n|inactive|b(R)2 has 20 seconds left.\n|inactive|b(R)2 has 15 seconds left.\n|inactive|b(R)2 has 10 seconds left.\n|\n|t:|1682539277\n|move|p1b: Armarouge|Protect|p1b: Armarouge\n|-singleturn|p1b: Armarouge|Protect\n|cant|p2b: Ting-Lu|slp\n|move|p1a: Amoonguss|Spore|p2a: Garganacl\n|-immune|p2a: Garganacl|[from] ability: Purifying Salt\n|move|p2a: Garganacl|Salt Cure|p1a: Amoonguss\n|-damage|p1a: Amoonguss|47\/100\n|\n|-heal|p1a: Amoonguss|53\/100|[from] item: Leftovers\n|-damage|p1a: Amoonguss|41\/100|[from] Salt Cure\n|-fieldend|move: Psychic Terrain\n|upkeep\n|turn|6\n|\n|t:|1682539300\n|move|p1b: Armarouge|Expanding Force|p2a: Garganacl\n|-damage|p2a: Garganacl|81\/100\n|-curestatus|p2b: Ting-Lu|slp|[msg]\n|move|p2b: Ting-Lu|Ruination|p1a: Amoonguss\n|-damage|p1a: Amoonguss|21\/100\n|move|p1a: Amoonguss|Pollen Puff|p2b: Ting-Lu\n|-supereffective|p2b: Ting-Lu\n|-damage|p2b: Ting-Lu|66\/100\n|move|p2a: Garganacl|Salt Cure|p1a: Amoonguss\n|-damage|p1a: Amoonguss|7\/100\n|\n|-heal|p1a: Amoonguss|13\/100|[from] item: Leftovers\n|-heal|p2a: Garganacl|87\/100|[from] item: Leftovers\n|-damage|p1a: Amoonguss|0 fnt|[from] Salt Cure\n|faint|p1a: Amoonguss\n|upkeep\n|turn|7\n|\n|t:|1682539319\n|move|p1b: Armarouge|Armor Cannon|p2b: Ting-Lu\n|-damage|p2b: Ting-Lu|44\/100\n|-unboost|p1b: Armarouge|def|1\n|-unboost|p1b: Armarouge|spd|1\n|move|p2b: Ting-Lu|Stomping Tantrum|p1b: Armarouge\n|-supereffective|p1b: Armarouge\n|-damage|p1b: Armarouge|0 fnt\n|faint|p1b: Armarouge\n|\n|win|b(R)2\n|raw|kreso_1408's rating: 1076 → 1053<\/strong> (-23 for losing)\n|raw|b(R)2's rating: 1044 → 1080<\/strong> (+36 for winning)\n|l|\u2606kreso_1408\n","uploadtime":1682539329,"views":22,"p1id":"kreso1408","p2id":"br2","formatid":"gen9vgc2023regulationc","rating":1053,"private":0,"password":""}