{"id":"gen9vgc2023regulationc-1855582376","p1":"Brawlicjon","p2":"Dragonitekid157","format":"[Gen 9] VGC 2023 Regulation C","log":"|j|\u2606Brawlicjon\n|j|\u2606Dragonitekid157\n|t:|1682963949\n|gametype|doubles\n|player|p1|Brawlicjon|169|\n|player|p2|Dragonitekid157|pokemonbreederf|\n|teamsize|p1|6\n|teamsize|p2|6\n|gen|9\n|tier|[Gen 9] VGC 2023 Regulation C\n|rule|Species Clause: Limit one of each Pok\u00e9mon\n|rule|Item Clause: Limit one of each item\n|clearpoke\n|poke|p1|Maushold-Four, L50|\n|poke|p1|Annihilape, L50, M|\n|poke|p1|Flutter Mane, L50|\n|poke|p1|Amoonguss, L50, M|\n|poke|p1|Tatsugiri, L50, M|\n|poke|p1|Scizor, L50, F|\n|poke|p2|Salamence, L50, M|\n|poke|p2|Lokix, L50, M|\n|poke|p2|Pelipper, L50, M|\n|poke|p2|Floatzel, L50, F|\n|poke|p2|Breloom, L50, M|\n|poke|p2|Rotom, L50|\n|teampreview|4\nDragonitekid157 rejected open team sheets.\n|c|\u2606Dragonitekid157|Glhf\n|c|\u2606Dragonitekid157|Game 1\n|c|\u2606Brawlicjon|wait\n|c|\u2606Brawlicjon|look at discord\n|c|\u2606Brawlicjon|do we make 3 rooms\n|c|\u2606Brawlicjon|or do we just like rematch after lol\n|c|\u2606Brawlicjon|ok im back here now glhf\n|c|\u2606Brawlicjon|we shud be good i think\n|\n|t:|1682964097\n|start\n|switch|p1a: HE HOLDS|Maushold-Four, L50|100\/100\n|switch|p1b: #7 lol|Flutter Mane, L50|100\/100\n|switch|p2a: Pelipper|Pelipper, L50, M|100\/100\n|switch|p2b: Floatzel|Floatzel, L50, F|100\/100\n|-weather|RainDance|[from] ability: Drizzle|[of] p2a: Pelipper\n|-enditem|p1b: #7 lol|Booster Energy\n|-activate|p1b: #7 lol|ability: Protosynthesis|[fromitem]\n|-start|p1b: #7 lol|protosynthesisspe\n|turn|1\n|\n|t:|1682964133\n|-end|p1b: #7 lol|Protosynthesis|[silent]\n|switch|p1b: Tatsugiri|Tatsugiri, L50, M|100\/100\n|move|p2b: Floatzel|Protect|p2b: Floatzel\n|-singleturn|p2b: Floatzel|Protect\n|move|p1a: HE HOLDS|Population Bomb|p2a: Pelipper\n|-damage|p2a: Pelipper|92\/100\n|-damage|p2a: Pelipper|82\/100\n|-damage|p2a: Pelipper|72\/100\n|-damage|p2a: Pelipper|63\/100\n|-damage|p2a: Pelipper|54\/100\n|-damage|p2a: Pelipper|45\/100\n|-damage|p2a: Pelipper|36\/100\n|-damage|p2a: Pelipper|27\/100\n|-damage|p2a: Pelipper|17\/100\n|-damage|p2a: Pelipper|8\/100\n|-hitcount|p2a: Pelipper|10\n|-enditem|p2a: Pelipper|Eject Button\n|\n|t:|1682964155\n|switch|p2a: Rotom|Rotom, L50|100\/100\n|\n|-weather|RainDance|[upkeep]\n|upkeep\n|turn|2\n|\n|t:|1682964211\n|-terastallize|p1a: HE HOLDS|Ghost\n|move|p2b: Floatzel|Ice Spinner|p1b: Tatsugiri\n|-damage|p1b: Tatsugiri|80\/100\n|move|p2a: Rotom|Will-O-Wisp|p1a: HE HOLDS\n|-status|p1a: HE HOLDS|brn\n|move|p1a: HE HOLDS|Population Bomb|p2b: Floatzel\n|-damage|p2b: Floatzel|94\/100\n|-crit|p2b: Floatzel\n|-damage|p2b: Floatzel|82\/100\n|-damage|p2b: Floatzel|75\/100\n|-damage|p2b: Floatzel|68\/100\n|-damage|p2b: Floatzel|61\/100\n|-damage|p2b: Floatzel|54\/100\n|-damage|p2b: Floatzel|47\/100\n|-damage|p2b: Floatzel|40\/100\n|-damage|p2b: Floatzel|33\/100\n|-damage|p2b: Floatzel|25\/100\n|-hitcount|p2b: Floatzel|10\n|move|p1b: Tatsugiri|Muddy Water|p2b: Floatzel|[spread] p2a,p2b\n|-resisted|p2b: Floatzel\n|-damage|p2a: Rotom|39\/100\n|-damage|p2b: Floatzel|0 fnt\n|-unboost|p2a: Rotom|accuracy|1\n|faint|p2b: Floatzel\n|\n|-weather|RainDance|[upkeep]\n|-damage|p1a: HE HOLDS|94\/100 brn|[from] brn\n|upkeep\n|\n|t:|1682964227\n|switch|p2b: Lokix|Lokix, L50, M|100\/100\n|turn|3\n|\n|t:|1682964294\n|-terastallize|p2b: Lokix|Water\n|move|p2b: Lokix|First Impression|p1a: HE HOLDS\n|-resisted|p1a: HE HOLDS\n|-damage|p1a: HE HOLDS|18\/100 brn\n|move|p1a: HE HOLDS|Follow Me|p1a: HE HOLDS\n|-singleturn|p1a: HE HOLDS|move: Follow Me\n|move|p2a: Rotom|Will-O-Wisp|p1a: HE HOLDS\n|-fail|p1a: HE HOLDS|brn\n|move|p1b: Tatsugiri|Muddy Water|p2a: Rotom|[spread] p2a,p2b\n|-resisted|p2b: Lokix\n|-damage|p2a: Rotom|0 fnt\n|-damage|p2b: Lokix|61\/100\n|faint|p2a: Rotom\n|\n|-weather|RainDance|[upkeep]\n|-damage|p1a: HE HOLDS|12\/100 brn|[from] brn\n|upkeep\n|\n|t:|1682964298\n|switch|p2a: Pelipper|Pelipper, L50, M|8\/100\n|turn|4\n|\n|t:|1682964323\n|move|p2b: Lokix|First Impression||[still]\n|-hint|First Impression only works on your first turn out.\n|-fail|p2b: Lokix\n|move|p1a: HE HOLDS|Follow Me|p1a: HE HOLDS\n|-singleturn|p1a: HE HOLDS|move: Follow Me\n|move|p1b: Tatsugiri|Draco Meteor|p2b: Lokix\n|-damage|p2b: Lokix|0 fnt\n|-unboost|p1b: Tatsugiri|spa|2\n|faint|p2b: Lokix\n|move|p2a: Pelipper|Hurricane|p1a: HE HOLDS\n|-damage|p1a: HE HOLDS|0 fnt\n|faint|p1a: HE HOLDS\n|\n|-weather|RainDance|[upkeep]\n|upkeep\n|\n|t:|1682964336\n|switch|p1a: #7 lol|Flutter Mane, L50|100\/100\n|turn|5\n|\n|t:|1682964347\n|move|p1a: #7 lol|Shadow Ball|p2a: Pelipper\n|-damage|p2a: Pelipper|0 fnt\n|faint|p2a: Pelipper\n|\n|win|Brawlicjon\n|c|\u2606Dragonitekid157|Gg\n|c|\u2606Brawlicjon|gg bro lemme save hold on\n|l|\u2606Dragonitekid157\n|c|\u2606Brawlicjon|im mad slow on this shit\n","uploadtime":1682964372,"views":26,"p1id":"brawlicjon","p2id":"dragonitekid157","formatid":"gen9vgc2023regulationc","rating":0,"private":0,"password":""}