{"id":"gen9vgc2023regulationc-1848869463","p1":"titannexus","p2":"ChoiceBandWinston","format":"[Gen 9] VGC 2023 Regulation C","log":"|j|\u2606titannexus\n|j|\u2606ChoiceBandWinston\n|t:|1682119753\n|gametype|doubles\n|player|p1|titannexus|acetrainer-gen4|\n|player|p2|ChoiceBandWinston|mira|\n|teamsize|p1|6\n|teamsize|p2|6\n|gen|9\n|tier|[Gen 9] VGC 2023 Regulation C\n|rule|Species Clause: Limit one of each Pok\u00e9mon\n|rule|Item Clause: Limit one of each item\n|clearpoke\n|poke|p1|Iron Moth, L50|\n|poke|p1|Tyranitar, L50, M|\n|poke|p1|Lycanroc, L50, M|\n|poke|p1|Houndstone, L50, F|\n|poke|p1|Misdreavus, L50, F|\n|poke|p1|Jolteon, L50, F|\n|poke|p2|Roaring Moon, L50|\n|poke|p2|Iron Valiant, L50|\n|poke|p2|Foongus, L50, M|\n|poke|p2|Tinkaton, L50, F|\n|poke|p2|Tauros-Paldea-Blaze, L50, M|\n|poke|p2|Chien-Pao, L50|\n|teampreview|4\n|inactive|Battle timer is ON: inactive players will automatically lose when time's up. (requested by titannexus)\n|inactive|titannexus has 60 seconds left.\n|inactive|ChoiceBandWinston has 60 seconds left.\n|inactive|titannexus has 30 seconds left.\n|inactive|titannexus has 20 seconds left.\n|inactive|titannexus has 15 seconds left.\n|inactive|titannexus has 10 seconds left.\n|\n|t:|1682119839\n|start\n|switch|p1a: Iron Moth|Iron Moth, L50|100\/100\n|switch|p1b: Jolteon|Jolteon, L50, F|100\/100\n|switch|p2a: Roaring Moon|Roaring Moon, L50|100\/100\n|switch|p2b: Iron Valiant|Iron Valiant, L50|100\/100\n|-enditem|p2a: Roaring Moon|Booster Energy\n|-activate|p2a: Roaring Moon|ability: Protosynthesis|[fromitem]\n|-start|p2a: Roaring Moon|protosynthesisspe\n|-enditem|p1a: Iron Moth|Booster Energy\n|-activate|p1a: Iron Moth|ability: Quark Drive|[fromitem]\n|-start|p1a: Iron Moth|quarkdrivespe\n|turn|1\n|inactive|titannexus has 30 seconds left.\n|inactive|ChoiceBandWinston has 30 seconds left.\n|inactive|titannexus has 20 seconds left.\n|inactive|titannexus has 15 seconds left.\n|inactive|titannexus has 10 seconds left.\n|\n|t:|1682119888\n|-terastallize|p1a: Iron Moth|Fairy\n|move|p2b: Iron Valiant|Wide Guard|p2b: Iron Valiant\n|-singleturn|p2b: Iron Valiant|Wide Guard\n|move|p2a: Roaring Moon|Dragon Dance|p2a: Roaring Moon\n|-boost|p2a: Roaring Moon|atk|1\n|-boost|p2a: Roaring Moon|spe|1\n|move|p1a: Iron Moth|Dazzling Gleam|p2b: Iron Valiant|[spread] \n|-activate|p2a: Roaring Moon|move: Wide Guard\n|-activate|p2b: Iron Valiant|move: Wide Guard\n|move|p1b: Jolteon|Volt Switch|p2a: Roaring Moon\n|-resisted|p2a: Roaring Moon\n|-damage|p2a: Roaring Moon|81\/100\n|\n|t:|1682119902\n|switch|p1b: Tyranitar|Tyranitar, L50, M|100\/100|[from] Volt Switch\n|-weather|Sandstorm|[from] ability: Sand Stream|[of] p1b: Tyranitar\n|\n|-weather|Sandstorm|[upkeep]\n|-damage|p2a: Roaring Moon|75\/100|[from] Sandstorm\n|-damage|p1a: Iron Moth|95\/100|[from] Sandstorm\n|-damage|p2b: Iron Valiant|94\/100|[from] Sandstorm\n|upkeep\n|turn|2\n|inactive|titannexus has 30 seconds left.\n|inactive|ChoiceBandWinston has 30 seconds left.\n|inactive|titannexus has 20 seconds left.\n|inactive|titannexus has 15 seconds left.\n|inactive|titannexus has 10 seconds left.\n|\n|t:|1682119952\n|switch|p1b: Houndstone|Houndstone, L50, F|100\/100\n|-terastallize|p2a: Roaring Moon|Steel\n|move|p1a: Iron Moth|Protect|p1a: Iron Moth\n|-singleturn|p1a: Iron Moth|Protect\n|move|p2b: Iron Valiant|Wide Guard|p2b: Iron Valiant\n|-singleturn|p2b: Iron Valiant|Wide Guard\n|move|p2a: Roaring Moon|Iron Head|p1b: Houndstone\n|-damage|p1b: Houndstone|17\/100\n|\n|-weather|Sandstorm|[upkeep]\n|-damage|p1a: Iron Moth|89\/100|[from] Sandstorm\n|-damage|p2b: Iron Valiant|88\/100|[from] Sandstorm\n|upkeep\n|turn|3\n|inactive|titannexus has 30 seconds left.\n|inactive|ChoiceBandWinston has 30 seconds left.\n|inactive|titannexus has 20 seconds left.\n|\n|t:|1682119992\n|move|p2a: Roaring Moon|Protect|p2a: Roaring Moon\n|-singleturn|p2a: Roaring Moon|Protect\n|move|p1b: Houndstone|Protect|p1b: Houndstone\n|-singleturn|p1b: Houndstone|Protect\n|move|p1a: Iron Moth|Dazzling Gleam|p2b: Iron Valiant|[spread] p2b\n|-activate|p2a: Roaring Moon|move: Protect\n|-supereffective|p2b: Iron Valiant\n|-damage|p2b: Iron Valiant|0 fnt\n|faint|p2b: Iron Valiant\n|-end|p2b: Iron Valiant|Quark Drive|[silent]\n|\n|-weather|Sandstorm|[upkeep]\n|-damage|p1a: Iron Moth|83\/100|[from] Sandstorm\n|upkeep\n|\n|t:|1682120005\n|switch|p2b: Chien-Pao|Chien-Pao, L50|100\/100\n|-ability|p2b: Chien-Pao|Sword of Ruin\n|turn|4\n|inactive|titannexus has 30 seconds left.\n|inactive|titannexus has 20 seconds left.\n|inactive|titannexus has 15 seconds left.\n|inactive|titannexus has 10 seconds left.\n|\n|t:|1682120055\n|move|p1b: Houndstone|Protect||[still]\n|-fail|p1b: Houndstone\n|move|p2b: Chien-Pao|Sucker Punch|p1a: Iron Moth\n|-resisted|p1a: Iron Moth\n|-damage|p1a: Iron Moth|35\/100\n|-damage|p2b: Chien-Pao|91\/100|[from] item: Life Orb\n|move|p2a: Roaring Moon|Iron Head|p1b: Houndstone\n|-damage|p1b: Houndstone|0 fnt\n|faint|p1b: Houndstone\n|move|p1a: Iron Moth|Heat Wave|p2a: Roaring Moon|[spread] p2a,p2b\n|-supereffective|p2a: Roaring Moon\n|-supereffective|p2b: Chien-Pao\n|-damage|p2a: Roaring Moon|2\/100\n|-damage|p2b: Chien-Pao|0 fnt\n|faint|p2b: Chien-Pao\n|\n|-weather|Sandstorm|[upkeep]\n|-damage|p1a: Iron Moth|29\/100|[from] Sandstorm\n|upkeep\n|\n|t:|1682120075\n|switch|p2b: Tauros|Tauros-Paldea-Blaze, L50, M|100\/100\n|switch|p1b: Jolteon|Jolteon, L50, F|100\/100\n|-ability|p2b: Tauros|Intimidate|boost\n|-unboost|p1a: Iron Moth|atk|1\n|-unboost|p1b: Jolteon|atk|1\n|turn|5\n|inactive|titannexus has 30 seconds left.\n|inactive|ChoiceBandWinston has 30 seconds left.\n|inactive|titannexus has 20 seconds left.\n|inactive|ChoiceBandWinston has 20 seconds left.\n|inactive|titannexus has 15 seconds left.\n|inactive|ChoiceBandWinston has 15 seconds left.\n|inactive|titannexus has 10 seconds left.\n|inactive|titannexus has 5 seconds left.\n|\n|t:|1682120125\n|move|p2a: Roaring Moon|Protect|p2a: Roaring Moon\n|-singleturn|p2a: Roaring Moon|Protect\n|move|p1a: Iron Moth|Protect|p1a: Iron Moth\n|-singleturn|p1a: Iron Moth|Protect\n|move|p1b: Jolteon|Thunderbolt|p2a: Roaring Moon\n|-activate|p2a: Roaring Moon|move: Protect\n|move|p2b: Tauros|Raging Bull|p1b: Jolteon\n|-damage|p1b: Jolteon|27\/100\n|\n|-weather|none\n|upkeep\n|turn|6\n|\n|t:|1682120150\n|move|p2a: Roaring Moon|Iron Head|p1a: Iron Moth\n|-supereffective|p1a: Iron Moth\n|-damage|p1a: Iron Moth|0 fnt\n|faint|p1a: Iron Moth\n|-end|p1a: Iron Moth|Quark Drive|[silent]\n|move|p1b: Jolteon|Volt Switch|p2a: Roaring Moon\n|-damage|p2a: Roaring Moon|0 fnt\n|faint|p2a: Roaring Moon\n|-end|p2a: Roaring Moon|Protosynthesis|[silent]\n|\n|t:|1682120157\n|switch|p1b: Tyranitar|Tyranitar, L50, M|100\/100|[from] Volt Switch\n|-weather|Sandstorm|[from] ability: Sand Stream|[of] p1b: Tyranitar\n|move|p2b: Tauros|Raging Bull|p1b: Tyranitar\n|-resisted|p1b: Tyranitar\n|-damage|p1b: Tyranitar|85\/100\n|\n|-weather|Sandstorm|[upkeep]\n|-damage|p2b: Tauros|95\/100|[from] Sandstorm\n|upkeep\n|\n|t:|1682120167\n|switch|p1a: Jolteon|Jolteon, L50, F|27\/100\n|turn|7\n|\n|t:|1682120184\n|move|p1a: Jolteon|Thunderbolt|p2b: Tauros\n|-damage|p2b: Tauros|14\/100\n|move|p2b: Tauros|Raging Bull|p1a: Jolteon\n|-damage|p1a: Jolteon|0 fnt\n|faint|p1a: Jolteon\n|move|p1b: Tyranitar|Rock Slide|p2b: Tauros\n|-damage|p2b: Tauros|0 fnt\n|faint|p2b: Tauros\n|\n|win|titannexus\n|c|\u2606ChoiceBandWinston|dang\n|c|\u2606ChoiceBandWinston|gg\n|l|\u2606titannexus\n","uploadtime":1682122136,"views":7,"p1id":"titannexus","p2id":"choicebandwinston","formatid":"gen9vgc2023regulationc","rating":0,"private":0,"password":""}