{"id":"gen9vgc2023regulationc-1845958947","p1":"LasermanZ111","p2":"Vbacho2","format":"[Gen 9] VGC 2023 Regulation C","log":"|j|\u2606LasermanZ111\n|j|\u2606Vbacho2\n|t:|1681783971\n|gametype|doubles\n|player|p1|LasermanZ111|ash|1151\n|player|p2|Vbacho2|1|1254\n|teamsize|p1|6\n|teamsize|p2|6\n|gen|9\n|tier|[Gen 9] VGC 2023 Regulation C\n|rated|\n|rule|Species Clause: Limit one of each Pok\u00e9mon\n|rule|Item Clause: Limit one of each item\n|clearpoke\n|poke|p1|Chi-Yu, L50|\n|poke|p1|Flutter Mane, L50|\n|poke|p1|Amoonguss, L50, M|\n|poke|p1|Corviknight, L50, M|\n|poke|p1|Tauros-Paldea-Aqua, L50, M|\n|poke|p1|Sandy Shocks, L50|\n|poke|p2|Houndstone, L50, M|\n|poke|p2|Tyranitar, L50, M|\n|poke|p2|Lycanroc, L50, M|\n|poke|p2|Indeedee-F, L50, F|\n|poke|p2|Corviknight, L50, M|\n|poke|p2|Armarouge, L50, F|\n|teampreview|4\nLasermanZ111 has agreed to open team sheets.\n|inactive|Battle timer is ON: inactive players will automatically lose when time's up. (requested by Vbacho2)\nVbacho2 rejected open team sheets.\n|inactive|LasermanZ111 has 60 seconds left.\n|\n|t:|1681784066\n|start\n|switch|p1a: Chi-Yu|Chi-Yu, L50|100\/100\n|switch|p1b: Amoonguss|Amoonguss, L50, M|100\/100\n|switch|p2a: Armarouge|Armarouge, L50, F|100\/100\n|switch|p2b: Corviknight|Corviknight, L50, M|100\/100\n|-ability|p1a: Chi-Yu|Beads of Ruin\n|turn|1\n|inactive|LasermanZ111 has 30 seconds left.\n|inactive|Vbacho2 has 30 seconds left.\n|inactive|LasermanZ111 has 20 seconds left.\n|inactive|LasermanZ111 has 15 seconds left.\n|\n|t:|1681784107\n|switch|p2b: Indeedee|Indeedee-F, L50, F|100\/100\n|-fieldstart|move: Psychic Terrain|[from] ability: Psychic Surge|[of] p2b: Indeedee\n|-terastallize|p2a: Armarouge|Grass\n|-terastallize|p1b: Amoonguss|Water\n|move|p1b: Amoonguss|Rage Powder|p1b: Amoonguss\n|-singleturn|p1b: Amoonguss|move: Rage Powder\n|move|p1a: Chi-Yu|Dark Pulse|p2a: Armarouge\n|-damage|p2a: Armarouge|31\/100\n|cant|p2a: Armarouge|flinch\n|\n|upkeep\n|turn|2\n|inactive|Vbacho2 has 30 seconds left.\n|inactive|LasermanZ111 has 30 seconds left.\n|\n|t:|1681784138\n|move|p2b: Indeedee|Follow Me|p2b: Indeedee\n|-singleturn|p2b: Indeedee|move: Follow Me\n|move|p1a: Chi-Yu|Dark Pulse|p2b: Indeedee\n|-supereffective|p2b: Indeedee\n|-damage|p2b: Indeedee|15\/100\n|move|p2a: Armarouge|Energy Ball|p1b: Amoonguss\n|-supereffective|p1b: Amoonguss\n|-damage|p1b: Amoonguss|0 fnt\n|faint|p1b: Amoonguss\n|-damage|p2a: Armarouge|21\/100|[from] item: Life Orb\n|\n|upkeep\n|\n|t:|1681784156\n|switch|p1b: Sandy Shocks|Sandy Shocks, L50|100\/100\n|turn|3\n|\n|t:|1681784165\n|switch|p2b: Corviknight|Corviknight, L50, M|100\/100\n|move|p2a: Armarouge|Protect|p2a: Armarouge\n|-singleturn|p2a: Armarouge|Protect\n|move|p1b: Sandy Shocks|Thunderbolt|p2b: Corviknight\n|-supereffective|p2b: Corviknight\n|-damage|p2b: Corviknight|0 fnt\n|faint|p2b: Corviknight\n|-damage|p1b: Sandy Shocks|91\/100|[from] item: Life Orb\n|move|p1a: Chi-Yu|Dark Pulse|p2a: Armarouge\n|-activate|p2a: Armarouge|move: Protect\n|\n|upkeep\n|\n|t:|1681784178\n|switch|p2b: Tyranitar|Tyranitar, L50, M|100\/100\n|-weather|Sandstorm|[from] ability: Sand Stream|[of] p2b: Tyranitar\n|turn|4\n|\n|t:|1681784195\n|switch|p1a: Tauros|Tauros-Paldea-Aqua, L50, M|100\/100\n|-ability|p1a: Tauros|Intimidate|boost\n|-unboost|p2a: Armarouge|atk|1\n|-unboost|p2b: Tyranitar|atk|1\n|move|p1b: Sandy Shocks|Earth Power|p2a: Armarouge\n|-resisted|p2a: Armarouge\n|-damage|p2a: Armarouge|0 fnt\n|faint|p2a: Armarouge\n|-damage|p1b: Sandy Shocks|81\/100|[from] item: Life Orb\n|move|p2b: Tyranitar|Rock Slide|p1b: Sandy Shocks|[spread] p1a,p1b\n|-resisted|p1a: Tauros\n|-resisted|p1b: Sandy Shocks\n|-damage|p1a: Tauros|87\/100\n|-damage|p1b: Sandy Shocks|68\/100\n|\n|-weather|Sandstorm|[upkeep]\n|-damage|p1a: Tauros|81\/100|[from] Sandstorm\n|upkeep\n|\n|t:|1681784202\n|switch|p2a: Indeedee|Indeedee-F, L50, F|15\/100\n|turn|5\n|\n|t:|1681784220\n|move|p1b: Sandy Shocks|Thunderbolt|p2a: Indeedee\n|-damage|p2a: Indeedee|0 fnt\n|faint|p2a: Indeedee\n|-damage|p1b: Sandy Shocks|58\/100|[from] item: Life Orb\n|move|p1a: Tauros|Close Combat|p2b: Tyranitar\n|-supereffective|p2b: Tyranitar\n|-damage|p2b: Tyranitar|0 fnt\n|-unboost|p1a: Tauros|def|1\n|-unboost|p1a: Tauros|spd|1\n|faint|p2b: Tyranitar\n|\n|win|LasermanZ111\n|raw|LasermanZ111's rating: 1151 → 1183<\/strong> (+32 for winning)\n|raw|Vbacho2's rating: 1254 → 1222<\/strong> (-32 for losing)\n|l|\u2606Vbacho2\n","uploadtime":1681784240,"views":8,"p1id":"lasermanz111","p2id":"vbacho2","formatid":"gen9vgc2023regulationc","rating":1183,"private":0,"password":""}