{"id":"gen9vgc2023regulationc-1859734283","p1":"Michizivi","p2":"PlayTheKids","format":"[Gen 9] VGC 2023 Regulation C","log":"|j|\u2606Michizivi\n|j|\u2606PlayTheKids\n|t:|1683560112\n|gametype|doubles\n|player|p1|Michizivi|2|1291\n|player|p2|PlayTheKids|unknown|1218\n|teamsize|p1|6\n|teamsize|p2|6\n|gen|9\n|tier|[Gen 9] VGC 2023 Regulation C\n|rated|\n|rule|Species Clause: Limit one of each Pok\u00e9mon\n|rule|Item Clause: Limit one of each item\n|clearpoke\n|poke|p1|Dragapult, L50, F|\n|poke|p1|Iron Hands, L50|\n|poke|p1|Chi-Yu, L50|\n|poke|p1|Chien-Pao, L50|\n|poke|p1|Gyarados, L50, F|\n|poke|p1|Murkrow, L50, M|\n|poke|p2|Flutter Mane, L50|\n|poke|p2|Chi-Yu, L50|\n|poke|p2|Maushold-Four, L50|\n|poke|p2|Azumarill, L50, M|\n|poke|p2|Murkrow, L50, F|\n|poke|p2|Great Tusk, L50|\n|teampreview|4\nPlayTheKids has agreed to open team sheets.\n|inactive|Battle timer is ON: inactive players will automatically lose when time's up. (requested by Michizivi)\n|inactive|PlayTheKids has 60 seconds left.\n|\n|t:|1683560155\n|start\n|switch|p1a: Murkrow|Murkrow, L50, M|100\/100\n|switch|p1b: Chien-Pao|Chien-Pao, L50|100\/100\n|switch|p2a: Maushold|Maushold-Four, L50|100\/100\n|switch|p2b: Flutter Mane|Flutter Mane, L50|100\/100\n|-ability|p1b: Chien-Pao|Sword of Ruin\n|turn|1\n|\n|t:|1683560180\n|-terastallize|p2b: Flutter Mane|Fairy\n|move|p1b: Chien-Pao|Protect|p1b: Chien-Pao\n|-singleturn|p1b: Chien-Pao|Protect\n|move|p2a: Maushold|Follow Me|p2a: Maushold\n|-singleturn|p2a: Maushold|move: Follow Me\n|move|p1a: Murkrow|Tailwind|p1a: Murkrow\n|-sidestart|p1: Michizivi|move: Tailwind\n|move|p2b: Flutter Mane|Dazzling Gleam|p1b: Chien-Pao|[spread] p1a\n|-activate|p1b: Chien-Pao|move: Protect\n|-supereffective|p1a: Murkrow\n|-damage|p1a: Murkrow|0 fnt\n|faint|p1a: Murkrow\n|\n|upkeep\n|\n|t:|1683560195\n|switch|p1a: Chi-Yu|Chi-Yu, L50|100\/100\n|-ability|p1a: Chi-Yu|Beads of Ruin\n|turn|2\n|\n|t:|1683560203\n|switch|p1b: Gyarados|Gyarados, L50, F|100\/100\n|-ability|p1b: Gyarados|Intimidate|boost\n|-unboost|p2a: Maushold|atk|1\n|-unboost|p2b: Flutter Mane|atk|1\n|-terastallize|p1a: Chi-Yu|Water\n|move|p2a: Maushold|Follow Me|p2a: Maushold\n|-singleturn|p2a: Maushold|move: Follow Me\n|move|p1a: Chi-Yu|Nasty Plot|p1a: Chi-Yu\n|-boost|p1a: Chi-Yu|spa|2\n|move|p2b: Flutter Mane|Dazzling Gleam|p1b: Gyarados|[spread] p1a,p1b\n|-damage|p1a: Chi-Yu|44\/100\n|-damage|p1b: Gyarados|34\/100\n|-enditem|p1b: Gyarados|Sitrus Berry|[eat]\n|-heal|p1b: Gyarados|59\/100|[from] item: Sitrus Berry\n|\n|upkeep\n|turn|3\n|inactive|Michizivi has 30 seconds left.\n|\n|t:|1683560233\n|-end|p2b: Flutter Mane|Protosynthesis|[silent]\n|switch|p2b: Azumarill|Azumarill, L50, M|100\/100\n|move|p1a: Chi-Yu|Protect|p1a: Chi-Yu\n|-singleturn|p1a: Chi-Yu|Protect\n|move|p1b: Gyarados|Icy Wind|p2a: Maushold|[spread] p2b\n|-miss|p1b: Gyarados|p2a: Maushold\n|-resisted|p2b: Azumarill\n|-damage|p2b: Azumarill|99\/100\n|-unboost|p2b: Azumarill|spe|1\n|move|p2a: Maushold|Super Fang|p1b: Gyarados\n|-damage|p1b: Gyarados|30\/100\n|\n|upkeep\n|turn|4\n|\n|t:|1683560249\n|move|p2a: Maushold|Follow Me|p2a: Maushold\n|-singleturn|p2a: Maushold|move: Follow Me\n|move|p1a: Chi-Yu|Heat Wave|p2a: Maushold|[spread] p2a,p2b\n|-resisted|p2b: Azumarill\n|-damage|p2a: Maushold|0 fnt\n|-damage|p2b: Azumarill|75\/100\n|faint|p2a: Maushold\n|move|p1b: Gyarados|Taunt|p2b: Azumarill\n|-start|p2b: Azumarill|move: Taunt\n|move|p2b: Azumarill|Play Rough|p1a: Chi-Yu\n|-damage|p1a: Chi-Yu|0 fnt\n|faint|p1a: Chi-Yu\n|\n|-sideend|p1: Michizivi|move: Tailwind\n|upkeep\n|\n|t:|1683560262\n|switch|p1a: Chien-Pao|Chien-Pao, L50|100\/100\n|switch|p2a: Chi-Yu|Chi-Yu, L50|100\/100\n|-ability|p1a: Chien-Pao|Sword of Ruin\n|-ability|p2a: Chi-Yu|Beads of Ruin\n|turn|5\n|\n|t:|1683560275\n|move|p1a: Chien-Pao|Sacred Sword|p2a: Chi-Yu\n|-supereffective|p2a: Chi-Yu\n|-enditem|p2a: Chi-Yu|Focus Sash\n|-damage|p2a: Chi-Yu|1\/100\n|move|p2a: Chi-Yu|Dark Pulse|p1b: Gyarados\n|-damage|p1b: Gyarados|0 fnt\n|faint|p1b: Gyarados\n|move|p2b: Azumarill|Liquidation|p1a: Chien-Pao\n|-damage|p1a: Chien-Pao|21\/100\n|-unboost|p1a: Chien-Pao|def|1\n|\n|upkeep\n|turn|6\n|\n|t:|1683560294\n|move|p2a: Chi-Yu|Protect|p2a: Chi-Yu\n|-singleturn|p2a: Chi-Yu|Protect\n|move|p1a: Chien-Pao|Sucker Punch|p2b: Azumarill\n|-resisted|p2b: Azumarill\n|-damage|p2b: Azumarill|53\/100\n|move|p2b: Azumarill|Aqua Jet|p1a: Chien-Pao\n|-damage|p1a: Chien-Pao|0 fnt\n|faint|p1a: Chien-Pao\n|\n|win|PlayTheKids\n|raw|Michizivi's rating: 1291 → 1263<\/strong> (-28 for losing)\n|raw|PlayTheKids's rating: 1247 → 1275<\/strong> (+28 for winning)\n","uploadtime":1683560304,"views":11,"p1id":"michizivi","p2id":"playthekids","formatid":"gen9vgc2023regulationc","rating":1263,"private":0,"password":""}