{"id":"gen9vgc2023regulationc-1848498219","p1":"Ieieiejeje","p2":"Izzywooperstan","format":"[Gen 9] VGC 2023 Regulation C","log":"|j|\u2606Ieieiejeje\n|j|\u2606Izzywooperstan\n|t:|1682084655\n|gametype|doubles\n|player|p1|Ieieiejeje|102|1000\n|player|p2|Izzywooperstan|lady|1110\n|teamsize|p1|6\n|teamsize|p2|6\n|gen|9\n|tier|[Gen 9] VGC 2023 Regulation C\n|rated|\n|rule|Species Clause: Limit one of each Pok\u00e9mon\n|rule|Item Clause: Limit one of each item\n|clearpoke\n|poke|p1|Arcanine, L50, F|\n|poke|p1|Ting-Lu, L50|\n|poke|p1|Palafin, L50, F|\n|poke|p1|Flutter Mane, L50|\n|poke|p1|Corviknight, L50, M|\n|poke|p1|Amoonguss, L50, F|\n|poke|p2|Flutter Mane, L50|\n|poke|p2|Baxcalibur, L50, F|\n|poke|p2|Arcanine, L50, F|\n|poke|p2|Tsareena, L50, F|\n|poke|p2|Kingambit, L50, F|\n|poke|p2|Palafin, L50, F|\n|teampreview|4\n|\n|t:|1682084711\n|start\n|switch|p1a: Palafin|Palafin, L50, F|100\/100\n|switch|p1b: Flutter Mane|Flutter Mane, L50|100\/100\n|switch|p2a: Cleveland|Kingambit, L50, F|100\/100\n|switch|p2b: Nixon|Palafin, L50, F|100\/100\n|turn|1\n|\n|t:|1682084743\n|detailschange|p2b: Nixon|Palafin-Hero, L50, F\n|switch|p2b: Fillmore|Arcanine, L50, F|100\/100\n|-ability|p2b: Fillmore|Intimidate|boost\n|-unboost|p1a: Palafin|atk|1\n|-unboost|p1b: Flutter Mane|atk|1\n|detailschange|p1a: Palafin|Palafin-Hero, L50, F\n|switch|p1a: Arcanine|Arcanine, L50, F|100\/100\n|-ability|p1a: Arcanine|Intimidate|boost\n|-unboost|p2a: Cleveland|atk|1\n|-ability|p2a: Cleveland|Defiant|boost\n|-boost|p2a: Cleveland|atk|2\n|-unboost|p2b: Fillmore|atk|1\n|move|p2a: Cleveland|Sucker Punch|p1b: Flutter Mane\n|-damage|p1b: Flutter Mane|0 fnt\n|faint|p1b: Flutter Mane\n|-end|p1b: Flutter Mane|Protosynthesis|[silent]\n|-damage|p2a: Cleveland|91\/100|[from] item: Life Orb\n|\n|upkeep\n|\n|t:|1682084761\n|switch|p1b: Palafin|Palafin-Hero, L50, F|100\/100\n|-activate|p1b: Palafin|ability: Zero to Hero\n|turn|2\n|\n|t:|1682084775\n|-terastallize|p2b: Fillmore|Water\n|move|p2a: Cleveland|Protect|p2a: Cleveland\n|-singleturn|p2a: Cleveland|Protect\n|move|p2b: Fillmore|Will-O-Wisp|p1b: Palafin\n|-status|p1b: Palafin|brn\n|move|p1b: Palafin|Bulk Up|p1b: Palafin\n|-boost|p1b: Palafin|atk|1\n|-boost|p1b: Palafin|def|1\n|move|p1a: Arcanine|Howl|p1a: Arcanine|[spread] p1a,p1b\n|-boost|p1a: Arcanine|atk|1\n|-boost|p1b: Palafin|atk|1\n|\n|-damage|p1b: Palafin|94\/100 brn|[from] brn\n|upkeep\n|turn|3\n|\n|t:|1682084797\n|switch|p2b: Pierce|Tsareena, L50, F|100\/100\n|move|p1b: Palafin|Bulk Up|p1b: Palafin\n|-boost|p1b: Palafin|atk|1\n|-boost|p1b: Palafin|def|1\n|move|p1a: Arcanine|Flare Blitz|p2a: Cleveland\n|-supereffective|p2a: Cleveland\n|-damage|p2a: Cleveland|0 fnt\n|faint|p2a: Cleveland\n|-damage|p1a: Arcanine|69\/100|[from] Recoil\n|\n|-damage|p1b: Palafin|88\/100 brn|[from] brn\n|upkeep\n|\n|t:|1682084812\n|switch|p2a: Nixon|Palafin-Hero, L50, F|100\/100\n|-activate|p2a: Nixon|ability: Zero to Hero\n|turn|4\n|\n|t:|1682084823\n|-terastallize|p1a: Arcanine|Water\n|move|p1b: Palafin|Protect|p1b: Palafin\n|-singleturn|p1b: Palafin|Protect\n|move|p2b: Pierce|Taunt|p1b: Palafin\n|-activate|p1b: Palafin|move: Protect\n|move|p2a: Nixon|Haze|p2a: Nixon\n|-clearallboost\n|move|p1a: Arcanine|Flare Blitz|p2b: Pierce\n|-supereffective|p2b: Pierce\n|-enditem|p2b: Pierce|Focus Sash\n|-damage|p2b: Pierce|1\/100\n|-damage|p1a: Arcanine|44\/100|[from] Recoil\n|\n|-damage|p1b: Palafin|82\/100 brn|[from] brn\n|upkeep\n|turn|5\n|\n|t:|1682084856\n|switch|p2a: Fillmore|Arcanine, L50, F, tera:Water|100\/100\n|-ability|p2a: Fillmore|Intimidate|boost\n|-unboost|p1a: Arcanine|atk|1\n|-unboost|p1b: Palafin|atk|1\n|move|p1a: Arcanine|Extreme Speed||[still]\n|cant|p2b: Pierce|ability: Queenly Majesty|Extreme Speed|[of] p1a: Arcanine\n|move|p2b: Pierce|Seed Bomb|p1a: Arcanine\n|-supereffective|p1a: Arcanine\n|-damage|p1a: Arcanine|0 fnt\n|faint|p1a: Arcanine\n|move|p1b: Palafin|Bulk Up|p1b: Palafin\n|-boost|p1b: Palafin|atk|1\n|-boost|p1b: Palafin|def|1\n|\n|-damage|p1b: Palafin|76\/100 brn|[from] brn\n|upkeep\n|\n|t:|1682084872\n|switch|p1a: Corviknight|Corviknight, L50, M|100\/100\n|turn|6\n|\n|t:|1682084890\n|move|p2b: Pierce|Taunt|p1b: Palafin\n|-start|p1b: Palafin|move: Taunt\n|move|p2a: Fillmore|Flare Blitz|p1a: Corviknight\n|-supereffective|p1a: Corviknight\n|-damage|p1a: Corviknight|20\/100\n|-status|p1a: Corviknight|brn\n|-enditem|p1a: Corviknight|Figy Berry|[eat]\n|-heal|p1a: Corviknight|54\/100 brn|[from] item: Figy Berry\n|-damage|p2a: Fillmore|73\/100|[from] Recoil\n|cant|p1b: Palafin|move: Taunt|Bulk Up\n|move|p1a: Corviknight|Rain Dance|p1a: Corviknight\n|-weather|RainDance\n|\n|-weather|RainDance|[upkeep]\n|-damage|p1b: Palafin|70\/100 brn|[from] brn\n|-damage|p1a: Corviknight|48\/100 brn|[from] brn\n|upkeep\n|turn|7\n|\n|t:|1682084913\n|move|p2b: Pierce|Taunt|p1a: Corviknight\n|-start|p1a: Corviknight|move: Taunt\n|move|p2a: Fillmore|Flare Blitz|p1a: Corviknight\n|-supereffective|p1a: Corviknight\n|-damage|p1a: Corviknight|7\/100 brn\n|-damage|p2a: Fillmore|58\/100|[from] Recoil\n|move|p1b: Palafin|Wave Crash|p2a: Fillmore\n|-resisted|p2a: Fillmore\n|-damage|p2a: Fillmore|22\/100\n|-damage|p1b: Palafin|57\/100 brn|[from] Recoil\n|cant|p1a: Corviknight|move: Taunt|Tailwind\n|\n|-weather|RainDance|[upkeep]\n|-damage|p1b: Palafin|51\/100 brn|[from] brn\n|-damage|p1a: Corviknight|1\/100 brn|[from] brn\n|upkeep\n|turn|8\n|\n|t:|1682084934\n|move|p2b: Pierce|Helping Hand|p2a: Fillmore\n|-singleturn|p2a: Fillmore|Helping Hand|[of] p2b: Pierce\n|move|p2a: Fillmore|Extreme Speed|p1b: Palafin\n|-damage|p1b: Palafin|31\/100 brn\n|move|p1b: Palafin|Jet Punch||[still]\n|cant|p2b: Pierce|ability: Queenly Majesty|Jet Punch|[of] p1b: Palafin\n|move|p1a: Corviknight|Brave Bird|p2b: Pierce\n|-supereffective|p2b: Pierce\n|-damage|p2b: Pierce|0 fnt\n|faint|p2b: Pierce\n|-damage|p1a: Corviknight|0 fnt|[from] Recoil\n|faint|p1a: Corviknight\n|\n|-weather|RainDance|[upkeep]\n|-damage|p1b: Palafin|25\/100 brn|[from] brn\n|-end|p1b: Palafin|move: Taunt\n|upkeep\n|-message|Ieieiejeje forfeited.\n|\n|win|Izzywooperstan\n|raw|Ieieiejeje's rating: 1000 → 1000<\/strong> (+0 for losing)\n|raw|Izzywooperstan's rating: 1110 → 1127<\/strong> (+17 for winning)\n|l|\u2606Ieieiejeje\n","uploadtime":1682084991,"views":4,"p1id":"ieieiejeje","p2id":"izzywooperstan","formatid":"gen9vgc2023regulationc","rating":1000,"private":0,"password":""}