{"id":"gen9vgc2023regulationc-1855052538","p1":"Crusaderofni","p2":"play3r35","format":"[Gen 9] VGC 2023 Regulation C","log":"|j|\u2606Crusaderofni\n|j|\u2606play3r35\n|t:|1682895535\n|gametype|doubles\n|player|p1|Crusaderofni|102|1292\n|player|p2|play3r35|caitlin|1379\n|teamsize|p1|6\n|teamsize|p2|6\n|gen|9\n|tier|[Gen 9] VGC 2023 Regulation C\n|rated|\n|rule|Species Clause: Limit one of each Pok\u00e9mon\n|rule|Item Clause: Limit one of each item\n|clearpoke\n|poke|p1|Iron Hands, L50|\n|poke|p1|Iron Bundle, L50|\n|poke|p1|Arcanine, L50, M|\n|poke|p1|Annihilape, L50, M|\n|poke|p1|Maushold-Four, L50|\n|poke|p1|Gholdengo, L50|\n|poke|p2|Amoonguss, L50, M|\n|poke|p2|Dragonite, L50, M|\n|poke|p2|Garganacl, L50, M|\n|poke|p2|Iron Hands, L50|\n|poke|p2|Ting-Lu, L50|\n|poke|p2|Arcanine, L50, M|\n|teampreview|4\n|inactive|Battle timer is ON: inactive players will automatically lose when time's up. (requested by play3r35)\nplay3r35 has agreed to open team sheets.\n|inactive|Crusaderofni has 60 seconds left.\n|inactive|play3r35 has 60 seconds left.\n|\n|t:|1682895587\n|start\n|switch|p1a: Monke|Annihilape, L50, M|100\/100\n|switch|p1b: Maushold|Maushold-Four, L50|100\/100\n|switch|p2a: Amoonguss|Amoonguss, L50, M|100\/100\n|switch|p2b: Iron Hands|Iron Hands, L50|100\/100\n|turn|1\n|inactive|Crusaderofni has 30 seconds left.\n|\n|t:|1682895613\n|switch|p1a: Good Boy|Arcanine, L50, M|100\/100\n|-ability|p1a: Good Boy|Intimidate|boost\n|-unboost|p2a: Amoonguss|atk|1\n|-fail|p2b: Iron Hands|unboost|[from] item: Clear Amulet|[of] p2b: Iron Hands\n|move|p1b: Maushold|Protect|p1b: Maushold\n|-singleturn|p1b: Maushold|Protect\n|move|p2b: Iron Hands|Swords Dance|p2b: Iron Hands\n|-boost|p2b: Iron Hands|atk|2\n|move|p2a: Amoonguss|Spore|p1a: Good Boy\n|-activate|p1a: Good Boy|item: Safety Goggles|Spore\n|\n|upkeep\n|turn|2\n|inactive|Crusaderofni has 30 seconds left.\n|inactive|play3r35 has 30 seconds left.\n|inactive|play3r35 has 20 seconds left.\n|inactive|play3r35 has 15 seconds left.\n|\n|t:|1682895657\n|switch|p2a: Arcanine|Arcanine, L50, M|100\/100\n|-ability|p2a: Arcanine|Intimidate|boost\n|-unboost|p1a: Good Boy|atk|1\n|-unboost|p1b: Maushold|atk|1\n|move|p1b: Maushold|Encore|p2b: Iron Hands\n|-start|p2b: Iron Hands|Encore\n|move|p1a: Good Boy|Flare Blitz|p2a: Arcanine\n|-resisted|p2a: Arcanine\n|-damage|p2a: Arcanine|87\/100\n|-damage|p1a: Good Boy|96\/100|[from] Recoil\n|move|p2b: Iron Hands|Swords Dance|p2b: Iron Hands\n|-boost|p2b: Iron Hands|atk|2\n|\n|upkeep\n|turn|3\n|\n|t:|1682895679\n|switch|p1a: Monke|Annihilape, L50, M|100\/100\n|move|p1b: Maushold|Beat Up|p1a: Monke\n|-damage|p1a: Monke|99\/100\n|-damage|p1a: Monke|97\/100\n|-damage|p1a: Monke|94\/100\n|-damage|p1a: Monke|92\/100\n|-hitcount|p1a: Monke|4\n|move|p2a: Arcanine|Flare Blitz|p1b: Maushold\n|-damage|p1b: Maushold|13\/100\n|-damage|p2a: Arcanine|65\/100|[from] Recoil\n|move|p2b: Iron Hands|Swords Dance|p2b: Iron Hands\n|-boost|p2b: Iron Hands|atk|2\n|\n|-heal|p1a: Monke|98\/100|[from] item: Leftovers\n|upkeep\n|turn|4\n|\n|t:|1682895704\n|-terastallize|p1a: Monke|Fire\n|move|p1b: Maushold|Protect|p1b: Maushold\n|-singleturn|p1b: Maushold|Protect\n|move|p2a: Arcanine|Will-O-Wisp|p1a: Monke\n|-immune|p1a: Monke\n|move|p1a: Monke|Bulk Up|p1a: Monke\n|-boost|p1a: Monke|atk|1\n|-boost|p1a: Monke|def|1\n|move|p2b: Iron Hands|Swords Dance|p2b: Iron Hands\n|-boost|p2b: Iron Hands|atk|0\n|\n|-heal|p1a: Monke|100\/100|[from] item: Leftovers\n|-end|p2b: Iron Hands|Encore\n|upkeep\n|turn|5\n|\n|t:|1682895726\n|move|p2a: Arcanine|Extreme Speed|p1b: Maushold\n|-damage|p1b: Maushold|0 fnt\n|faint|p1b: Maushold\n|move|p1a: Monke|Rage Fist|p2b: Iron Hands\n|-damage|p2b: Iron Hands|0 fnt\n|faint|p2b: Iron Hands\n|-end|p2b: Iron Hands|Quark Drive|[silent]\n|\n|upkeep\n|\n|t:|1682895734\n|switch|p1b: Iron Hands|Iron Hands, L50|100\/100\n|switch|p2b: Garganacl|Garganacl, L50, M|100\/100\n|turn|6\n|-message|play3r35 forfeited.\n|\n|win|Crusaderofni\n|raw|Crusaderofni's rating: 1292 → 1323<\/strong> (+31 for winning)\n|raw|play3r35's rating: 1379 → 1354<\/strong> (-25 for losing)\n|l|\u2606play3r35\n","uploadtime":1682895785,"views":14,"p1id":"crusaderofni","p2id":"play3r35","formatid":"gen9vgc2023regulationc","rating":1323,"private":0,"password":""}