{"id":"gen9vgc2023regulationc-1860293681","p1":"Gravy56","p2":"WispWhimsicott","format":"[Gen 9] VGC 2023 Regulation C","log":"|j|\u2606Gravy56\n|j|\u2606WispWhimsicott\n|t:|1683627444\n|gametype|doubles\n|player|p1|Gravy56|102|1000\n|player|p2|WispWhimsicott|unknown|1000\n|teamsize|p1|6\n|teamsize|p2|6\n|gen|9\n|tier|[Gen 9] VGC 2023 Regulation C\n|rated|\n|rule|Species Clause: Limit one of each Pok\u00e9mon\n|rule|Item Clause: Limit one of each item\n|clearpoke\n|poke|p1|Palafin, L50, F|\n|poke|p1|Scream Tail, L50|\n|poke|p1|Flutter Mane, L50|\n|poke|p1|Amoonguss, L50, M|\n|poke|p1|Arcanine, L50, M|\n|poke|p1|Gothitelle, L50, F|\n|poke|p2|Chi-Yu, L50|\n|poke|p2|Flutter Mane, L50|\n|poke|p2|Dragonite, L50, F|\n|poke|p2|Iron Hands, L50|\n|poke|p2|Gyarados, L50, F|\n|poke|p2|Amoonguss, L50, M|\n|teampreview|4\n|inactive|Battle timer is ON: inactive players will automatically lose when time's up. (requested by WispWhimsicott)\n|l|\u2606WispWhimsicott\n|inactive|WispWhimsicott disconnected and has a minute to reconnect!\n|player|p2|\n|inactive|WispWhimsicott has 30 seconds to reconnect!\n|inactive|WispWhimsicott has 20 seconds to reconnect!\n|inactive|WispWhimsicott has 15 seconds to reconnect!\n|inactive|WispWhimsicott has 10 seconds to reconnect!\n|j|\u2606WispWhimsicott\n|inactive|WispWhimsicott reconnected and has 30 seconds left.\n|player|p2|WispWhimsicott|unknown\n|\n|t:|1683627514\n|start\n|switch|p1a: El tigre|Arcanine, L50, M|100\/100\n|switch|p1b: Splishy|Palafin, L50, F|100\/100\n|switch|p2a: Chi-Yu|Chi-Yu, L50|100\/100\n|switch|p2b: Dragonite|Dragonite, L50, F, shiny|100\/100\n|-ability|p1a: El tigre|Intimidate|boost\n|-unboost|p2a: Chi-Yu|atk|1\n|-unboost|p2b: Dragonite|atk|1\n|-ability|p2a: Chi-Yu|Beads of Ruin\n|turn|1\n|\n|t:|1683627531\n|detailschange|p1b: Splishy|Palafin-Hero, L50, F\n|switch|p1b: Hipster ponytail|Scream Tail, L50, shiny|100\/100\n|-enditem|p1b: Hipster ponytail|Booster Energy\n|-activate|p1b: Hipster ponytail|ability: Protosynthesis|[fromitem]\n|-start|p1b: Hipster ponytail|protosynthesisspe\n|switch|p2b: Gyarados|Gyarados, L50, F, shiny|100\/100\n|-ability|p2b: Gyarados|Intimidate|boost\n|-unboost|p1a: El tigre|atk|1\n|-unboost|p1b: Hipster ponytail|atk|1\n|move|p1a: El tigre|Will-O-Wisp|p2b: Gyarados\n|-status|p2b: Gyarados|brn\n|move|p2a: Chi-Yu|Dark Pulse|p1b: Hipster ponytail\n|-damage|p1b: Hipster ponytail|59\/100\n|\n|-damage|p2b: Gyarados|95\/100 brn|[from] brn\n|upkeep\n|turn|2\n|inactive|Gravy56 has 30 seconds left.\n|inactive|WispWhimsicott has 30 seconds left.\n|inactive|Gravy56 has 20 seconds left.\n|inactive|Gravy56 has 15 seconds left.\n|\n|t:|1683627572\n|switch|p1a: It's not a phase|Gothitelle, L50, F|100\/100\n|move|p2b: Gyarados|Helping Hand|p2a: Chi-Yu\n|-singleturn|p2a: Chi-Yu|Helping Hand|[of] p2b: Gyarados\n|move|p1b: Hipster ponytail|Perish Song|p1b: Hipster ponytail\n|-start|p1a: It's not a phase|perish3|[silent]\n|-start|p1b: Hipster ponytail|perish3|[silent]\n|-start|p2a: Chi-Yu|perish3|[silent]\n|-start|p2b: Gyarados|perish3|[silent]\n|-fieldactivate|move: Perish Song\n|move|p2a: Chi-Yu|Dark Pulse|p1a: It's not a phase\n|-supereffective|p1a: It's not a phase\n|-damage|p1a: It's not a phase|0 fnt\n|faint|p1a: It's not a phase\n|\n|-damage|p2b: Gyarados|89\/100 brn|[from] brn\n|-start|p1b: Hipster ponytail|perish3\n|-start|p2a: Chi-Yu|perish3\n|-start|p2b: Gyarados|perish3\n|upkeep\n|\n|t:|1683627576\n|switch|p1a: El tigre|Arcanine, L50, M|100\/100\n|-ability|p1a: El tigre|Intimidate|boost\n|-unboost|p2a: Chi-Yu|atk|1\n|-unboost|p2b: Gyarados|atk|1\n|turn|3\n|\n|t:|1683627588\n|move|p2b: Gyarados|Helping Hand|p2a: Chi-Yu\n|-singleturn|p2a: Chi-Yu|Helping Hand|[of] p2b: Gyarados\n|move|p1a: El tigre|Extreme Speed|p2a: Chi-Yu\n|-damage|p2a: Chi-Yu|73\/100\n|move|p1b: Hipster ponytail|Play Rough|p2a: Chi-Yu\n|-damage|p2a: Chi-Yu|54\/100\n|move|p2a: Chi-Yu|Dark Pulse|p1b: Hipster ponytail\n|-damage|p1b: Hipster ponytail|4\/100\n|\n|-heal|p2a: Chi-Yu|60\/100|[from] item: Leftovers\n|-damage|p2b: Gyarados|83\/100 brn|[from] brn\n|-start|p1b: Hipster ponytail|perish2\n|-start|p2a: Chi-Yu|perish2\n|-start|p2b: Gyarados|perish2\n|upkeep\n|turn|4\n|inactive|Gravy56 has 30 seconds left.\n|inactive|Gravy56 has 20 seconds left.\n|\n|t:|1683627623\n|move|p1a: El tigre|Extreme Speed|p2a: Chi-Yu\n|-damage|p2a: Chi-Yu|33\/100\n|move|p1b: Hipster ponytail|Disable|p2b: Gyarados\n|-start|p2b: Gyarados|Disable|Helping Hand\n|move|p2a: Chi-Yu|Dark Pulse|p1a: El tigre\n|-damage|p1a: El tigre|27\/100\n|move|p2b: Gyarados|Waterfall|p1b: Hipster ponytail\n|-damage|p1b: Hipster ponytail|0 fnt\n|faint|p1b: Hipster ponytail\n|-end|p1b: Hipster ponytail|Protosynthesis|[silent]\n|\n|-heal|p2a: Chi-Yu|39\/100|[from] item: Leftovers\n|-damage|p2b: Gyarados|77\/100 brn|[from] brn\n|-start|p2a: Chi-Yu|perish1\n|-start|p2b: Gyarados|perish1\n|upkeep\n|\n|t:|1683627639\n|switch|p1b: Splishy|Palafin-Hero, L50, F|100\/100\n|-activate|p1b: Splishy|ability: Zero to Hero\n|turn|5\n|\n|t:|1683627662\n|move|p1a: El tigre|Flare Blitz|p2b: Gyarados\n|-resisted|p2b: Gyarados\n|-damage|p2b: Gyarados|52\/100 brn\n|-damage|p1a: El tigre|17\/100|[from] Recoil\n|move|p1b: Splishy|Wave Crash|p2a: Chi-Yu\n|-supereffective|p2a: Chi-Yu\n|-damage|p2a: Chi-Yu|0 fnt\n|faint|p2a: Chi-Yu\n|-damage|p1b: Splishy|90\/100|[from] Recoil\n|move|p2b: Gyarados|Waterfall|p1a: El tigre\n|-supereffective|p1a: El tigre\n|-crit|p1a: El tigre\n|-damage|p1a: El tigre|0 fnt\n|faint|p1a: El tigre\n|\n|-damage|p2b: Gyarados|46\/100 brn|[from] brn\n|-start|p2b: Gyarados|perish0\n|upkeep\n|faint|p2b: Gyarados\n|\n|t:|1683627665\n|switch|p2a: Dragonite|Dragonite, L50, F, shiny|100\/100\n|switch|p2b: Flutter Mane|Flutter Mane, L50|100\/100\n|-enditem|p2b: Flutter Mane|Booster Energy\n|-activate|p2b: Flutter Mane|ability: Protosynthesis|[fromitem]\n|-start|p2b: Flutter Mane|protosynthesisspa\n|turn|6\n|\n|t:|1683627688\n|-terastallize|p1b: Splishy|Water\n|-terastallize|p2a: Dragonite|Flying\n|move|p1b: Splishy|Jet Punch|p2b: Flutter Mane\n|-damage|p2b: Flutter Mane|0 fnt\n|faint|p2b: Flutter Mane\n|-end|p2b: Flutter Mane|Protosynthesis|[silent]\n|move|p2a: Dragonite|Tera Blast|p1b: Splishy\n|-damage|p1b: Splishy|35\/100\n|\n|upkeep\n|turn|7\n|\n|t:|1683627700\n|move|p1b: Splishy|Jet Punch|p2a: Dragonite\n|-damage|p2a: Dragonite|70\/100\n|move|p2a: Dragonite|Tera Blast|p1b: Splishy\n|-damage|p1b: Splishy|0 fnt\n|faint|p1b: Splishy\n|\n|win|WispWhimsicott\n|raw|Gravy56's rating: 1089 → 1086<\/strong> (-3 for losing)\n|raw|WispWhimsicott's rating: 1553 → 1556<\/strong> (+3 for winning)\n|l|\u2606Gravy56\n","uploadtime":1683628388,"views":4,"p1id":"gravy56","p2id":"wispwhimsicott","formatid":"gen9vgc2023regulationc","rating":1086,"private":0,"password":""}