{"id":"gen9vgc2023regulationc-1859665333","p1":"omom88","p2":"Jibbers","format":"[Gen 9] VGC 2023 Regulation C","log":"|j|\u2606omom88\n|j|\u2606Jibbers\n|t:|1683554148\n|gametype|doubles\n|player|p1|omom88|1|1073\n|player|p2|Jibbers|red|1070\n|teamsize|p1|6\n|teamsize|p2|6\n|gen|9\n|tier|[Gen 9] VGC 2023 Regulation C\n|rated|\n|rule|Species Clause: Limit one of each Pok\u00e9mon\n|rule|Item Clause: Limit one of each item\n|clearpoke\n|poke|p1|Flutter Mane, L50|\n|poke|p1|Chi-Yu, L50|\n|poke|p1|Roaring Moon, L50|\n|poke|p1|Jumpluff, L50, F|\n|poke|p1|Wo-Chien, L50|\n|poke|p1|Torkoal, L50, M|\n|poke|p2|Brute Bonnet, L50|\n|poke|p2|Gyarados, L50, M|\n|poke|p2|Ceruledge, L50, F|\n|poke|p2|Flutter Mane, L50|\n|poke|p2|Pawmot, L50, F|\n|poke|p2|Talonflame, L50, F|\n|teampreview|4\n|inactive|Battle timer is ON: inactive players will automatically lose when time's up. (requested by omom88)\nomom88 rejected open team sheets.\n|\n|t:|1683554193\n|start\n|switch|p1a: Torkoal|Torkoal, L50, M|100\/100\n|switch|p1b: Jumpluff|Jumpluff, L50, F|100\/100\n|switch|p2a: Talonflame|Talonflame, L50, F|100\/100\n|switch|p2b: Ceruledge|Ceruledge, L50, F|100\/100\n|-weather|SunnyDay|[from] ability: Drought|[of] p1a: Torkoal\n|turn|1\n|\n|t:|1683554213\n|move|p1b: Jumpluff|Protect|p1b: Jumpluff\n|-singleturn|p1b: Jumpluff|Protect\n|move|p2a: Talonflame|Brave Bird|p1b: Jumpluff\n|-activate|p1b: Jumpluff|move: Protect\n|move|p2b: Ceruledge|Bulk Up|p2b: Ceruledge\n|-boost|p2b: Ceruledge|atk|1\n|-boost|p2b: Ceruledge|def|1\n|move|p1a: Torkoal|Flamethrower|p2a: Talonflame\n|-resisted|p2a: Talonflame\n|-damage|p2a: Talonflame|26\/100\n|\n|-weather|SunnyDay|[upkeep]\n|upkeep\n|turn|2\n|\n|t:|1683554236\n|switch|p2a: Gyarados|Gyarados, L50, M|100\/100\n|-ability|p2a: Gyarados|Intimidate|boost\n|-unboost|p1a: Torkoal|atk|1\n|-unboost|p1b: Jumpluff|atk|1\n|move|p1b: Jumpluff|Sleep Powder|p2b: Ceruledge\n|-status|p2b: Ceruledge|slp|[from] move: Sleep Powder\n|cant|p2b: Ceruledge|slp\n|move|p1a: Torkoal|Flamethrower|p2a: Gyarados\n|-resisted|p2a: Gyarados\n|-damage|p2a: Gyarados|66\/100\n|\n|-weather|SunnyDay|[upkeep]\n|upkeep\n|turn|3\n|\n|t:|1683554259\n|switch|p1a: Roaring Moon|Roaring Moon, L50|100\/100\n|-activate|p1a: Roaring Moon|ability: Protosynthesis\n|-start|p1a: Roaring Moon|protosynthesisatk\n|move|p1b: Jumpluff|Sleep Powder|p2a: Gyarados\n|-activate|p2a: Gyarados|item: Safety Goggles|Sleep Powder\n|move|p2a: Gyarados|Thunder Wave|p1b: Jumpluff\n|-status|p1b: Jumpluff|par\n|-curestatus|p2b: Ceruledge|slp|[msg]\n|move|p2b: Ceruledge|Bitter Blade|p1b: Jumpluff\n|-supereffective|p1b: Jumpluff\n|-enditem|p1b: Jumpluff|Focus Sash\n|-damage|p1b: Jumpluff|1\/100 par\n|\n|-weather|SunnyDay|[upkeep]\n|upkeep\n|turn|4\n|inactive|omom88 has 30 seconds left.\n|inactive|omom88 has 20 seconds left.\n|\n|t:|1683554296\n|-terastallize|p1a: Roaring Moon|Ground\n|move|p2b: Ceruledge|Protect|p2b: Ceruledge\n|-singleturn|p2b: Ceruledge|Protect\n|move|p1b: Jumpluff|Absorb|p1a: Roaring Moon\n|-supereffective|p1a: Roaring Moon\n|-damage|p1a: Roaring Moon|91\/100\n|-heal|p1b: Jumpluff|6\/100 par|[from] drain|[of] p1a: Roaring Moon\n|-enditem|p1a: Roaring Moon|Weakness Policy\n|-boost|p1a: Roaring Moon|atk|2|[from] item: Weakness Policy\n|-boost|p1a: Roaring Moon|spa|2|[from] item: Weakness Policy\n|move|p1a: Roaring Moon|Rock Slide|p2a: Gyarados|[spread] p2a\n|-activate|p2b: Ceruledge|move: Protect\n|-supereffective|p2a: Gyarados\n|-damage|p2a: Gyarados|0 fnt\n|faint|p2a: Gyarados\n|\n|-weather|SunnyDay|[upkeep]\n|upkeep\n|\n|t:|1683554312\n|switch|p2a: Talonflame|Talonflame, L50, F|26\/100\n|turn|5\n|\n|t:|1683554321\n|move|p2b: Ceruledge|Shadow Sneak|p1b: Jumpluff\n|-damage|p1b: Jumpluff|0 fnt\n|faint|p1b: Jumpluff\n|move|p2a: Talonflame|Will-O-Wisp|p1a: Roaring Moon\n|-status|p1a: Roaring Moon|brn\n|move|p1a: Roaring Moon|Rock Slide|p2b: Ceruledge|[spread] p2a,p2b\n|-supereffective|p2a: Talonflame\n|-supereffective|p2b: Ceruledge\n|-damage|p2a: Talonflame|0 fnt\n|-damage|p2b: Ceruledge|53\/100\n|faint|p2a: Talonflame\n|\n|-weather|none\n|-end|p1a: Roaring Moon|Protosynthesis\n|-damage|p1a: Roaring Moon|85\/100 brn|[from] brn\n|upkeep\n|\n|t:|1683554338\n|switch|p2a: Flutter Mane|Flutter Mane, L50|100\/100\n|switch|p1b: Torkoal|Torkoal, L50, M|100\/100\n|-weather|SunnyDay|[from] ability: Drought|[of] p1b: Torkoal\n|-activate|p2a: Flutter Mane|ability: Protosynthesis\n|-start|p2a: Flutter Mane|protosynthesisspa\n|-activate|p1a: Roaring Moon|ability: Protosynthesis\n|-start|p1a: Roaring Moon|protosynthesisatk\n|turn|6\n|\n|t:|1683554358\n|-terastallize|p2b: Ceruledge|Grass\n|move|p1b: Torkoal|Helping Hand|p1a: Roaring Moon\n|-singleturn|p1a: Roaring Moon|Helping Hand|[of] p1b: Torkoal\n|move|p2a: Flutter Mane|Protect|p2a: Flutter Mane\n|-singleturn|p2a: Flutter Mane|Protect\n|move|p1a: Roaring Moon|Earthquake|p2a: Flutter Mane|[spread] p1b,p2b\n|-activate|p2a: Flutter Mane|move: Protect\n|-supereffective|p1b: Torkoal\n|-resisted|p2b: Ceruledge\n|-damage|p1b: Torkoal|0 fnt\n|-damage|p2b: Ceruledge|21\/100\n|faint|p1b: Torkoal\n|move|p2b: Ceruledge|Bitter Blade|p1a: Roaring Moon\n|-damage|p1a: Roaring Moon|0 fnt\n|-heal|p2b: Ceruledge|66\/100|[from] drain|[of] p1a: Roaring Moon\n|faint|p1a: Roaring Moon\n|-end|p1a: Roaring Moon|Protosynthesis|[silent]\n|\n|-weather|SunnyDay|[upkeep]\n|upkeep\n|\n|t:|1683554378\n|switch|p1b: Chi-Yu|Chi-Yu, L50|100\/100\n|-ability|p1b: Chi-Yu|Beads of Ruin\n|turn|7\n|\n|t:|1683554391\n|move|p2a: Flutter Mane|Dazzling Gleam|p1b: Chi-Yu\n|-damage|p1b: Chi-Yu|51\/100\n|move|p1b: Chi-Yu|Flamethrower|p2a: Flutter Mane\n|-damage|p2a: Flutter Mane|15\/100\n|move|p2b: Ceruledge|Bitter Blade|p1b: Chi-Yu\n|-resisted|p1b: Chi-Yu\n|-damage|p1b: Chi-Yu|0 fnt\n|-heal|p2b: Ceruledge|89\/100|[from] drain|[of] p1b: Chi-Yu\n|faint|p1b: Chi-Yu\n|\n|win|Jibbers\n|raw|omom88's rating: 1073 → 1052<\/strong> (-21 for losing)\n|raw|Jibbers's rating: 1070 → 1100<\/strong> (+30 for winning)\n|l|\u2606omom88\n","uploadtime":1683554406,"views":5,"p1id":"omom88","p2id":"jibbers","formatid":"gen9vgc2023regulationc","rating":1052,"private":0,"password":""}