{"id":"gen9vgc2023regulationc-1852132674","p1":"Damayr","p2":"quiquezafi","format":"[Gen 9] VGC 2023 Regulation C","log":"|j|\u2606Damayr\n|j|\u2606quiquezafi\n|t:|1682526821\n|gametype|doubles\n|player|p1|Damayr|101|1683\n|player|p2|quiquezafi|ghetsis|1765\n|teamsize|p1|6\n|teamsize|p2|6\n|gen|9\n|tier|[Gen 9] VGC 2023 Regulation C\n|rated|\n|rule|Species Clause: Limit one of each Pok\u00e9mon\n|rule|Item Clause: Limit one of each item\n|clearpoke\n|poke|p1|Grimmsnarl, L50, M|\n|poke|p1|Hawlucha, L50, M|\n|poke|p1|Talonflame, L50, M|\n|poke|p1|Garchomp, L50, M|\n|poke|p1|Flutter Mane, L50|\n|poke|p1|Farigiraf, L50, F|\n|poke|p2|Dudunsparce-*, L50, F|\n|poke|p2|Krookodile, L50, M|\n|poke|p2|Talonflame, L50, F|\n|poke|p2|Tauros-Paldea-Blaze, L50, M|\n|poke|p2|Meowscarada, L50, M|\n|poke|p2|Maushold, L50|\n|teampreview|4\n|inactive|Battle timer is ON: inactive players will automatically lose when time's up. (requested by Damayr)\n|\n|t:|1682526844\n|start\n|switch|p1a: Grimmsnarl|Grimmsnarl, L50, M|100\/100\n|switch|p1b: Hawlucha|Hawlucha, L50, M|100\/100\n|switch|p2a: Meowscarada|Meowscarada, L50, M, shiny|100\/100\n|switch|p2b: Maushold|Maushold, L50, shiny|100\/100\n|turn|1\n|\n|t:|1682526868\n|move|p1a: Grimmsnarl|Swagger|p1b: Hawlucha\n|-boost|p1b: Hawlucha|atk|2\n|-start|p1b: Hawlucha|confusion\n|-enditem|p1b: Hawlucha|Persim Berry|[eat]\n|-end|p1b: Hawlucha|confusion\n|move|p1b: Hawlucha|Acrobatics|p2b: Maushold\n|-enditem|p2b: Maushold|Focus Sash\n|-damage|p2b: Maushold|1\/100\n|move|p2b: Maushold|Taunt|p1a: Grimmsnarl\n|-start|p1a: Grimmsnarl|move: Taunt\n|move|p2a: Meowscarada|Trick Room|p2a: Meowscarada\n|-fieldstart|move: Trick Room|[of] p2a: Meowscarada\n|-enditem|p2a: Meowscarada|Room Service\n|-unboost|p2a: Meowscarada|spe|1|[from] item: Room Service\n|\n|upkeep\n|turn|2\n|inactive|Damayr has 30 seconds left.\n|\n|t:|1682526893\n|move|p2a: Meowscarada|Protect|p2a: Meowscarada\n|-singleturn|p2a: Meowscarada|Protect\n|move|p1b: Hawlucha|Protect|p1b: Hawlucha\n|-singleturn|p1b: Hawlucha|Protect\n|move|p1a: Grimmsnarl|Foul Play|p2b: Maushold\n|-damage|p2b: Maushold|0 fnt\n|faint|p2b: Maushold\n|\n|upkeep\n|\n|t:|1682526904\n|switch|p2b: Tauros|Tauros-Paldea-Blaze, L50, M, shiny|100\/100\n|turn|3\n|j| Withoutexcuse\n|inactive|Damayr has 30 seconds left.\n|\n|t:|1682526931\n|move|p1a: Grimmsnarl|Foul Play|p2b: Tauros\n|-resisted|p2b: Tauros\n|-damage|p2b: Tauros|76\/100\n|move|p2a: Meowscarada|Flower Trick|p2b: Tauros\n|-resisted|p2b: Tauros\n|-crit|p2b: Tauros\n|-damage|p2b: Tauros|55\/100\n|-setboost|p2b: Tauros|atk|6|[from] ability: Anger Point\n|move|p2b: Tauros|Raging Bull|p1b: Hawlucha\n|-damage|p1b: Hawlucha|0 fnt\n|faint|p1b: Hawlucha\n|\n|upkeep\n|\n|t:|1682526947\n|switch|p1b: Farigiraf|Farigiraf, L50, F|100\/100\n|turn|4\n|\n|t:|1682526953\n|move|p2a: Meowscarada|Ally Switch|p2a: Meowscarada\n|swap|p2a: Meowscarada|1|[from] move: Ally Switch\n|move|p1a: Grimmsnarl|Foul Play|p2b: Meowscarada\n|-resisted|p2b: Meowscarada\n|-damage|p2b: Meowscarada|77\/100\n|move|p1b: Farigiraf|Hyper Voice|p2b: Meowscarada|[spread] p2a,p2b\n|-damage|p2a: Tauros|13\/100\n|-damage|p2b: Meowscarada|43\/100\n|-enditem|p2a: Tauros|Sitrus Berry|[eat]\n|-heal|p2a: Tauros|38\/100|[from] item: Sitrus Berry\n|-enditem|p1b: Farigiraf|Throat Spray\n|-boost|p1b: Farigiraf|spa|1|[from] item: Throat Spray\n|move|p2a: Tauros|Raging Bull|p1b: Farigiraf\n|-damage|p1b: Farigiraf|0 fnt\n|faint|p1b: Farigiraf\n|\n|-end|p1a: Grimmsnarl|move: Taunt\n|upkeep\n|\n|t:|1682526971\n|switch|p1b: Flutter Mane|Flutter Mane, L50|100\/100\n|turn|5\n|\n|t:|1682526977\n|-terastallize|p1b: Flutter Mane|Fairy\n|move|p2a: Tauros|Protect|p2a: Tauros\n|-singleturn|p2a: Tauros|Protect\n|move|p1a: Grimmsnarl|Foul Play|p2a: Tauros\n|-activate|p2a: Tauros|move: Protect\n|move|p2b: Meowscarada|Flower Trick|p1b: Flutter Mane\n|-crit|p1b: Flutter Mane\n|-damage|p1b: Flutter Mane|9\/100\n|move|p1b: Flutter Mane|Dazzling Gleam|p2b: Meowscarada|[spread] p2b\n|-activate|p2a: Tauros|move: Protect\n|-supereffective|p2b: Meowscarada\n|-damage|p2b: Meowscarada|0 fnt\n|faint|p2b: Meowscarada\n|\n|-fieldend|move: Trick Room\n|upkeep\n|\n|t:|1682526995\n|switch|p2b: Talonflame|Talonflame, L50, F, shiny|100\/100\n|turn|6\n|\n|t:|1682527002\n|move|p2b: Talonflame|Tailwind|p2b: Talonflame\n|-sidestart|p2: quiquezafi|move: Tailwind\n|move|p2a: Tauros|Earthquake|p1b: Flutter Mane|[spread] p1a,p1b\n|-immune|p2b: Talonflame\n|-damage|p1a: Grimmsnarl|0 fnt\n|-damage|p1b: Flutter Mane|0 fnt\n|faint|p1a: Grimmsnarl\n|faint|p1b: Flutter Mane\n|-end|p1b: Flutter Mane|Protosynthesis|[silent]\n|\n|win|quiquezafi\n|raw|Damayr's rating: 1683 → 1668<\/strong> (-15 for losing)\n|raw|quiquezafi's rating: 1765 → 1780<\/strong> (+15 for winning)\n|l|\u2606Damayr\n|l|\u2606quiquezafi\n","uploadtime":1682527015,"views":21,"p1id":"damayr","p2id":"quiquezafi","formatid":"gen9vgc2023regulationc","rating":1668,"private":0,"password":""}