{"id":"gen9vgc2023regulationc-1861940592","p1":"BodaciousBulbasaur","p2":"adfluffy","format":"[Gen 9] VGC 2023 Regulation C","log":"|j|\u2606BodaciousBulbasaur\n|j|\u2606adfluffy\n|t:|1683822619\n|gametype|doubles\n|player|p1|BodaciousBulbasaur|acetrainerf-gen4dp|1166\n|player|p2|adfluffy|swimmer-gen4|1214\n|teamsize|p1|6\n|teamsize|p2|6\n|gen|9\n|tier|[Gen 9] VGC 2023 Regulation C\n|rated|\n|rule|Species Clause: Limit one of each Pok\u00e9mon\n|rule|Item Clause: Limit one of each item\n|clearpoke\n|poke|p1|Scream Tail, L50|\n|poke|p1|Garganacl, L50, F|\n|poke|p1|Dragapult, L50, F|\n|poke|p1|Flutter Mane, L50|\n|poke|p1|Arcanine, L50, F|\n|poke|p1|Kingambit, L50, M|\n|poke|p2|Great Tusk, L50|\n|poke|p2|Torkoal, L50, F|\n|poke|p2|Flutter Mane, L50|\n|poke|p2|Jumpluff, L50, F|\n|poke|p2|Kingambit, L50, F|\n|poke|p2|Baxcalibur, L50, M|\n|teampreview|4\n|inactive|Battle timer is ON: inactive players will automatically lose when time's up. (requested by adfluffy)\n|\n|t:|1683822644\n|start\n|switch|p1a: Scream Tail|Scream Tail, L50|100\/100\n|switch|p1b: Garganacl|Garganacl, L50, F|100\/100\n|switch|p2a: Kingambit|Kingambit, L50, F|100\/100\n|switch|p2b: Flutter Mane|Flutter Mane, L50|100\/100\n|-enditem|p1a: Scream Tail|Booster Energy\n|-activate|p1a: Scream Tail|ability: Protosynthesis|[fromitem]\n|-start|p1a: Scream Tail|protosynthesisspe\n|turn|1\n|\n|t:|1683822668\n|move|p1a: Scream Tail|Protect|p1a: Scream Tail\n|-singleturn|p1a: Scream Tail|Protect\n|move|p2a: Kingambit|Sucker Punch||[still]\n|-fail|p2a: Kingambit\n|move|p2b: Flutter Mane|Shadow Ball|p1a: Scream Tail\n|-activate|p1a: Scream Tail|move: Protect\n|move|p1b: Garganacl|Brick Break|p2a: Kingambit\n|-supereffective|p2a: Kingambit\n|-damage|p2a: Kingambit|21\/100\n|\n|upkeep\n|turn|2\n|\n|t:|1683822685\n|move|p2a: Kingambit|Sucker Punch||[still]\n|-fail|p2a: Kingambit\n|move|p1a: Scream Tail|Disable|p2b: Flutter Mane\n|-start|p2b: Flutter Mane|Disable|Shadow Ball\n|cant|p2b: Flutter Mane|Disable|Shadow Ball\n|move|p1b: Garganacl|Rock Slide|p2a: Kingambit|[spread] p2a,p2b\n|-resisted|p2a: Kingambit\n|-damage|p2a: Kingambit|11\/100\n|-damage|p2b: Flutter Mane|44\/100\n|\n|upkeep\n|turn|3\n|\n|t:|1683822702\n|-end|p2b: Flutter Mane|Protosynthesis|[silent]\n|switch|p2b: Torkoal|Torkoal, L50, F|100\/100\n|-weather|SunnyDay|[from] ability: Drought|[of] p2b: Torkoal\n|-terastallize|p1b: Garganacl|Normal\n|move|p2a: Kingambit|Sucker Punch||[still]\n|-fail|p2a: Kingambit\n|move|p1a: Scream Tail|Howl|p1a: Scream Tail|[spread] p1a,p1b\n|-boost|p1a: Scream Tail|atk|1\n|-boost|p1b: Garganacl|atk|1\n|move|p1b: Garganacl|Rock Slide|p2a: Kingambit|[spread] p2a,p2b\n|-resisted|p2a: Kingambit\n|-supereffective|p2b: Torkoal\n|-damage|p2a: Kingambit|0 fnt\n|-damage|p2b: Torkoal|42\/100\n|faint|p2a: Kingambit\n|\n|-weather|SunnyDay|[upkeep]\n|upkeep\n|\n|t:|1683822716\n|switch|p2a: Great Tusk|Great Tusk, L50|100\/100\n|-activate|p2a: Great Tusk|ability: Protosynthesis\n|-start|p2a: Great Tusk|protosynthesisatk\n|turn|4\n|\n|t:|1683822726\n|move|p1a: Scream Tail|Protect|p1a: Scream Tail\n|-singleturn|p1a: Scream Tail|Protect\n|move|p1b: Garganacl|Protect|p1b: Garganacl\n|-singleturn|p1b: Garganacl|Protect\n|move|p2a: Great Tusk|Close Combat|p1b: Garganacl\n|-activate|p1b: Garganacl|move: Protect\n|move|p2b: Torkoal|Overheat|p1a: Scream Tail\n|-activate|p1a: Scream Tail|move: Protect\n|\n|-weather|SunnyDay|[upkeep]\n|upkeep\n|turn|5\n|\n|t:|1683822742\n|-end|p2a: Great Tusk|Protosynthesis|[silent]\n|switch|p2a: Flutter Mane|Flutter Mane, L50|44\/100\n|-activate|p2a: Flutter Mane|ability: Protosynthesis\n|-start|p2a: Flutter Mane|protosynthesisspa\n|move|p1a: Scream Tail|Disable||[still]\n|-fail|p1a: Scream Tail\n|move|p1b: Garganacl|Rock Slide|p2b: Torkoal|[spread] p2a,p2b\n|-supereffective|p2b: Torkoal\n|-damage|p2a: Flutter Mane|0 fnt\n|-damage|p2b: Torkoal|0 fnt\n|faint|p2a: Flutter Mane\n|-end|p2a: Flutter Mane|Protosynthesis|[silent]\n|faint|p2b: Torkoal\n|\n|-weather|SunnyDay|[upkeep]\n|upkeep\n|\n|t:|1683822757\n|switch|p2b: Great Tusk|Great Tusk, L50|100\/100\n|-activate|p2b: Great Tusk|ability: Protosynthesis\n|-start|p2b: Great Tusk|protosynthesisatk\n|turn|6\n|\n|t:|1683822764\n|-terastallize|p2b: Great Tusk|Steel\n|move|p1a: Scream Tail|Protect|p1a: Scream Tail\n|-singleturn|p1a: Scream Tail|Protect\n|move|p1b: Garganacl|Protect|p1b: Garganacl\n|-singleturn|p1b: Garganacl|Protect\n|move|p2b: Great Tusk|Iron Head|p1a: Scream Tail\n|-activate|p1a: Scream Tail|move: Protect\n|\n|-weather|SunnyDay|[upkeep]\n|upkeep\n|turn|7\n|\n|t:|1683822775\n|move|p1a: Scream Tail|Disable|p2b: Great Tusk\n|-start|p2b: Great Tusk|Disable|Iron Head\n|cant|p2b: Great Tusk|Disable|Iron Head\n|move|p1b: Garganacl|Brick Break|p2b: Great Tusk\n|-supereffective|p2b: Great Tusk\n|-damage|p2b: Great Tusk|50\/100\n|\n|-weather|none\n|-end|p2b: Great Tusk|Protosynthesis\n|upkeep\n|turn|8\n|c|\u2606adfluffy|This is bullshit and I love it\n|c|\u2606BodaciousBulbasaur|Lmao. Thank you!\n|c|\u2606adfluffy|interesting team, and good strat\n|\n|t:|1683822794\n|move|p1a: Scream Tail|Howl|p1a: Scream Tail|[spread] p1a,p1b\n|-boost|p1a: Scream Tail|atk|1\n|-boost|p1b: Garganacl|atk|1\n|-activate|p2b: Great Tusk|move: Struggle\n|move|p2b: Great Tusk|Struggle|p1a: Scream Tail\n|-damage|p1a: Scream Tail|88\/100\n|-damage|p2b: Great Tusk|25\/100|[from] recoil\n|move|p1b: Garganacl|Brick Break|p2b: Great Tusk\n|-supereffective|p2b: Great Tusk\n|-damage|p2b: Great Tusk|0 fnt\n|faint|p2b: Great Tusk\n|-end|p2b: Great Tusk|Protosynthesis|[silent]\n|\n|win|BodaciousBulbasaur\n|raw|BodaciousBulbasaur's rating: 1166 → 1194<\/strong> (+28 for winning)\n|raw|adfluffy's rating: 1214 → 1186<\/strong> (-28 for losing)\n|c|\u2606BodaciousBulbasaur|He was supposed to boom but I never got a chance\n|c|\u2606adfluffy|lol, even better\n|c|\u2606adfluffy|gg\n|l|\u2606adfluffy\n|c|\u2606BodaciousBulbasaur|GG\n","uploadtime":1683822823,"views":12,"p1id":"bodaciousbulbasaur","p2id":"adfluffy","formatid":"gen9vgc2023regulationc","rating":1186,"private":0,"password":""}