{"id":"gen9vgc2023regulationc-1860774836","p1":"hysaaron","p2":"jackiepeanuts","format":"[Gen 9] VGC 2023 Regulation C","log":"|j|\u2606hysaaron\n|j|\u2606jackiepeanuts\n|t:|1683676364\n|gametype|doubles\n|player|p1|hysaaron|101|1155\n|player|p2|jackiepeanuts|265|1292\n|teamsize|p1|6\n|teamsize|p2|6\n|gen|9\n|tier|[Gen 9] VGC 2023 Regulation C\n|rated|\n|rule|Species Clause: Limit one of each Pok\u00e9mon\n|rule|Item Clause: Limit one of each item\n|clearpoke\n|poke|p1|Flutter Mane, L50|\n|poke|p1|Amoonguss, L50, F|\n|poke|p1|Ting-Lu, L50|\n|poke|p1|Arcanine, L50, M|\n|poke|p1|Palafin, L50, M|\n|poke|p1|Pelipper, L50, F|\n|poke|p2|Lokix, L50, F|\n|poke|p2|Palafin, L50, M|\n|poke|p2|Ting-Lu, L50|\n|poke|p2|Gholdengo, L50|\n|poke|p2|Chien-Pao, L50|\n|poke|p2|Talonflame, L50, M|\n|teampreview|4\n|inactive|Battle timer is ON: inactive players will automatically lose when time's up. (requested by hysaaron)\n|\n|t:|1683676395\n|start\n|switch|p1a: Pelipper|Pelipper, L50, F|100\/100\n|switch|p1b: Palafin|Palafin, L50, M|100\/100\n|switch|p2a: Gholdengo|Gholdengo, L50|100\/100\n|switch|p2b: Palafin|Palafin, L50, M|100\/100\n|-weather|RainDance|[from] ability: Drizzle|[of] p1a: Pelipper\n|turn|1\n|inactive|hysaaron has 30 seconds left.\n|\n|t:|1683676421\n|detailschange|p1b: Palafin|Palafin-Hero, L50, M\n|switch|p1b: Ting-Lu|Ting-Lu, L50|100\/100\n|-ability|p1b: Ting-Lu|Vessel of Ruin\n|move|p1a: Pelipper|Protect|p1a: Pelipper\n|-singleturn|p1a: Pelipper|Protect\n|move|p2a: Gholdengo|Thunderbolt|p1a: Pelipper\n|-activate|p1a: Pelipper|move: Protect\n|move|p2b: Palafin|Close Combat|p1a: Pelipper\n|-activate|p1a: Pelipper|move: Protect\n|\n|-weather|RainDance|[upkeep]\n|upkeep\n|turn|2\n|inactive|hysaaron has 30 seconds left.\n|inactive|hysaaron has 20 seconds left.\n|\n|t:|1683676457\n|switch|p1a: Flutter Mane|Flutter Mane, L50|100\/100\n|-terastallize|p2a: Gholdengo|Flying\n|move|p2a: Gholdengo|Thunderbolt|p1a: Flutter Mane\n|-damage|p1a: Flutter Mane|68\/100\n|move|p2b: Palafin|Close Combat|p1a: Flutter Mane\n|-immune|p1a: Flutter Mane\n|move|p1b: Ting-Lu|Stomping Tantrum|p2a: Gholdengo\n|-immune|p2a: Gholdengo\n|\n|-weather|RainDance|[upkeep]\n|upkeep\n|turn|3\n|inactive|hysaaron has 30 seconds left.\n|inactive|jackiepeanuts has 30 seconds left.\n|inactive|hysaaron has 20 seconds left.\n|\n|t:|1683676496\n|switch|p1b: Palafin|Palafin-Hero, L50, M|100\/100\n|-activate|p1b: Palafin|ability: Zero to Hero\n|-terastallize|p1a: Flutter Mane|Steel\n|move|p2b: Palafin|Jet Punch|p1a: Flutter Mane\n|-damage|p1a: Flutter Mane|21\/100\n|move|p1a: Flutter Mane|Thunderbolt|p2a: Gholdengo\n|-supereffective|p2a: Gholdengo\n|-damage|p2a: Gholdengo|0 fnt\n|faint|p2a: Gholdengo\n|\n|-weather|RainDance|[upkeep]\n|upkeep\n|\n|t:|1683676513\n|switch|p2a: Talonflame|Talonflame, L50, M|100\/100\n|turn|4\n|inactive|hysaaron has 30 seconds left.\n|\n|t:|1683676546\n|-end|p1a: Flutter Mane|Protosynthesis|[silent]\n|switch|p1a: Pelipper|Pelipper, L50, F|100\/100\n|move|p2a: Talonflame|Tailwind|p2a: Talonflame\n|-sidestart|p2: jackiepeanuts|move: Tailwind\n|move|p2b: Palafin|Close Combat|p1a: Pelipper\n|-resisted|p1a: Pelipper\n|-damage|p1a: Pelipper|84\/100\n|-unboost|p2b: Palafin|def|1\n|-unboost|p2b: Palafin|spd|1\n|-enditem|p2b: Palafin|Eject Pack\n|\n|t:|1683676555\n|detailschange|p2b: Palafin|Palafin-Hero, L50, M\n|switch|p2b: Lokix|Lokix, L50, F, shiny|100\/100\n|move|p1b: Palafin|Wave Crash|p2b: Lokix\n|-damage|p2b: Lokix|0 fnt\n|faint|p2b: Lokix\n|-damage|p1b: Palafin|77\/100|[from] Recoil\n|\n|-weather|RainDance|[upkeep]\n|upkeep\n|\n|t:|1683676560\n|switch|p2b: Palafin|Palafin-Hero, L50, M|100\/100\n|-activate|p2b: Palafin|ability: Zero to Hero\n|turn|5\n|\n|t:|1683676575\n|move|p1b: Palafin|Protect|p1b: Palafin\n|-singleturn|p1b: Palafin|Protect\n|move|p2a: Talonflame|Brave Bird|p1b: Palafin\n|-activate|p1b: Palafin|move: Protect\n|move|p2b: Palafin|Wave Crash|p1b: Palafin\n|-activate|p1b: Palafin|move: Protect\n|move|p1a: Pelipper|Tailwind|p1a: Pelipper\n|-sidestart|p1: hysaaron|move: Tailwind\n|\n|-weather|RainDance|[upkeep]\n|upkeep\n|turn|6\n|-message|jackiepeanuts forfeited.\n|\n|win|hysaaron\n|raw|hysaaron's rating: 1155 → 1189<\/strong> (+34 for winning)\n|raw|jackiepeanuts's rating: 1292 → 1258<\/strong> (-34 for losing)\n|l|\u2606jackiepeanuts\n","uploadtime":1683676592,"views":17,"p1id":"hysaaron","p2id":"jackiepeanuts","formatid":"gen9vgc2023regulationc","rating":1189,"private":0,"password":""}