{"id":"gen9vgc2023regulationc-1859909014","p1":"piratekingbenis97","p2":"Bucephalus","format":"[Gen 9] VGC 2023 Regulation C","log":"|j|\u2606piratekingbenis97\n|j|\u2606Bucephalus\n|t:|1683574829\n|gametype|doubles\n|player|p1|piratekingbenis97|swimmer-gen4dp|1111\n|player|p2|Bucephalus|rocketgrunt|1126\n|teamsize|p1|6\n|teamsize|p2|6\n|gen|9\n|tier|[Gen 9] VGC 2023 Regulation C\n|rated|\n|rule|Species Clause: Limit one of each Pok\u00e9mon\n|rule|Item Clause: Limit one of each item\n|clearpoke\n|poke|p1|Flutter Mane, L50|\n|poke|p1|Wo-Chien, L50|\n|poke|p1|Torkoal, L50, F|\n|poke|p1|Jumpluff, L50, F|\n|poke|p1|Roaring Moon, L50|\n|poke|p1|Chi-Yu, L50|\n|poke|p2|Meowscarada, L50, F|\n|poke|p2|Krookodile, L50, M|\n|poke|p2|Hatterene, L50, F|\n|poke|p2|Indeedee-F, L50, F|\n|poke|p2|Sableye, L50, M|\n|poke|p2|Flamigo, L50, M|\n|teampreview|4\n|inactive|Battle timer is ON: inactive players will automatically lose when time's up. (requested by Bucephalus)\n|\n|t:|1683574848\n|start\n|switch|p1a: Flutter Mane|Flutter Mane, L50|100\/100\n|switch|p1b: Wo-Chien|Wo-Chien, L50|100\/100\n|switch|p2a: Meowscarada|Meowscarada, L50, F, shiny|100\/100\n|switch|p2b: Krookodile|Krookodile, L50, M, shiny|100\/100\n|-ability|p1b: Wo-Chien|Tablets of Ruin\n|turn|1\n|inactive|piratekingbenis97 has 30 seconds left.\n|\n|t:|1683574877\n|-terastallize|p1a: Flutter Mane|Grass\n|move|p2a: Meowscarada|Flower Trick|p2b: Krookodile\n|-supereffective|p2b: Krookodile\n|-crit|p2b: Krookodile\n|-damage|p2b: Krookodile|34\/100\n|-setboost|p2b: Krookodile|atk|6|[from] ability: Anger Point\n|move|p2b: Krookodile|Rock Slide|p1b: Wo-Chien|[spread] p1a,p1b\n|-damage|p1a: Flutter Mane|34\/100\n|-damage|p1b: Wo-Chien|52\/100\n|cant|p1b: Wo-Chien|flinch\n|move|p1a: Flutter Mane|Trick Room|p1a: Flutter Mane\n|-fieldstart|move: Trick Room|[of] p1a: Flutter Mane\n|\n|upkeep\n|turn|2\n|inactive|piratekingbenis97 has 30 seconds left.\n|\n|t:|1683574904\n|-terastallize|p2b: Krookodile|Steel\n|move|p2b: Krookodile|Protect|p2b: Krookodile\n|-singleturn|p2b: Krookodile|Protect\n|move|p1a: Flutter Mane|Dazzling Gleam|p2b: Krookodile|[spread] p2a\n|-activate|p2b: Krookodile|move: Protect\n|-supereffective|p2a: Meowscarada\n|-damage|p2a: Meowscarada|25\/100\n|move|p1b: Wo-Chien|Pollen Puff|p1a: Flutter Mane\n|-heal|p1a: Flutter Mane|84\/100\n|move|p2a: Meowscarada|Knock Off|p1a: Flutter Mane\n|-damage|p1a: Flutter Mane|52\/100\n|-enditem|p1a: Flutter Mane|Power Anklet|[from] move: Knock Off|[of] p2a: Meowscarada\n|\n|upkeep\n|turn|3\n|\n|t:|1683574928\n|switch|p2a: Flamigo|Flamigo, L50, M, shiny|100\/100\n|-copyboost|p2a: Flamigo|p2b: Krookodile|[from] ability: Costar\n|move|p1b: Wo-Chien|Pollen Puff|p2a: Flamigo\n|-resisted|p2a: Flamigo\n|-damage|p2a: Flamigo|89\/100\n|move|p1a: Flutter Mane|Shadow Ball|p2b: Krookodile\n|-damage|p2b: Krookodile|0 fnt\n|faint|p2b: Krookodile\n|\n|upkeep\n|\n|t:|1683574938\n|switch|p2b: Sableye|Sableye, L50, M, shiny|100\/100\n|turn|4\n|\n|t:|1683574953\n|move|p2b: Sableye|Skill Swap|p2a: Flamigo\n|-activate|p2b: Sableye|move: Skill Swap|||[of] p2a: Flamigo\n|-copyboost|p2b: Sableye|p2a: Flamigo|[from] ability: Costar\n|move|p1b: Wo-Chien|Substitute|p1b: Wo-Chien\n|-start|p1b: Wo-Chien|Substitute\n|-damage|p1b: Wo-Chien|28\/100\n|move|p1a: Flutter Mane|Dazzling Gleam|p2a: Flamigo|[spread] p2a,p2b\n|-supereffective|p2a: Flamigo\n|-supereffective|p2b: Sableye\n|-damage|p2a: Flamigo|0 fnt\n|-damage|p2b: Sableye|15\/100\n|faint|p2a: Flamigo\n|\n|upkeep\n|\n|t:|1683574959\n|switch|p2a: Meowscarada|Meowscarada, L50, F, shiny|25\/100\n|turn|5\n|inactive|piratekingbenis97 has 30 seconds left.\n|\n|t:|1683574985\n|move|p2b: Sableye|Sucker Punch|p1a: Flutter Mane\n|-damage|p1a: Flutter Mane|0 fnt\n|faint|p1a: Flutter Mane\n|-end|p1a: Flutter Mane|Protosynthesis|[silent]\n|move|p1b: Wo-Chien|Pollen Puff|p2a: Meowscarada\n|-supereffective|p2a: Meowscarada\n|-damage|p2a: Meowscarada|0 fnt\n|faint|p2a: Meowscarada\n|\n|-fieldend|move: Trick Room\n|upkeep\n|c|\u2606piratekingbenis97|gg\n|\n|t:|1683574997\n|switch|p1a: Chi-Yu|Chi-Yu, L50|100\/100\n|-ability|p1a: Chi-Yu|Beads of Ruin\n|turn|6\n|\n|t:|1683575007\n|move|p1a: Chi-Yu|Protect|p1a: Chi-Yu\n|-singleturn|p1a: Chi-Yu|Protect\n|move|p2b: Sableye|Sucker Punch||[still]\n|-fail|p2b: Sableye\n|move|p1b: Wo-Chien|Leaf Storm|p2b: Sableye\n|-damage|p2b: Sableye|0 fnt\n|-unboost|p1b: Wo-Chien|spa|2\n|-enditem|p1b: Wo-Chien|Eject Pack\n|faint|p2b: Sableye\n|\n|win|piratekingbenis97\n|raw|piratekingbenis97's rating: 1111 → 1137<\/strong> (+26 for winning)\n|raw|Bucephalus's rating: 1126 → 1100<\/strong> (-26 for losing)\n|l|\u2606Bucephalus\n","uploadtime":1683575019,"views":7,"p1id":"piratekingbenis97","p2id":"bucephalus","formatid":"gen9vgc2023regulationc","rating":1100,"private":0,"password":""}