{"id":"gen9vgc2023regulationc-1862233683","p1":"Pigronauta","p2":"delicedeprout","format":"[Gen 9] VGC 2023 Regulation C","log":"|j|\u2606Pigronauta\n|j|\u2606delicedeprout\n|t:|1683852848\n|gametype|doubles\n|player|p1|Pigronauta|hiker-gen4|1000\n|player|p2|delicedeprout|170|1045\n|teamsize|p1|6\n|teamsize|p2|6\n|gen|9\n|tier|[Gen 9] VGC 2023 Regulation C\n|rated|\n|rule|Species Clause: Limit one of each Pok\u00e9mon\n|rule|Item Clause: Limit one of each item\n|clearpoke\n|poke|p1|Palafin, L50, M|\n|poke|p1|Chien-Pao, L50|\n|poke|p1|Dragapult, L50, M|\n|poke|p1|Amoonguss, L50, F|\n|poke|p1|Arcanine, L50, F|\n|poke|p1|Flutter Mane, L50|\n|poke|p2|Kingambit, L50, F|\n|poke|p2|Iron Bundle, L50|\n|poke|p2|Flutter Mane, L50|\n|poke|p2|Chi-Yu, L50|\n|poke|p2|Gyarados, L50, M|\n|poke|p2|Klefki, L50, F|\n|teampreview|4\n|\n|t:|1683852890\n|start\n|switch|p1a: Penguin Ranger|Palafin, L50, M|100\/100\n|switch|p1b: HONGOLOCO|Amoonguss, L50, F|100\/100\n|switch|p2a: I-B|Iron Bundle, L50|100\/100\n|switch|p2b: KGB|Kingambit, L50, F|100\/100\n|-enditem|p2a: I-B|Booster Energy\n|-activate|p2a: I-B|ability: Quark Drive|[fromitem]\n|-start|p2a: I-B|quarkdrivespe\n|turn|1\n|\n|t:|1683852917\n|detailschange|p1a: Penguin Ranger|Palafin-Hero, L50, M\n|switch|p1a: BIGOTES|Chien-Pao, L50|100\/100\n|-ability|p1a: BIGOTES|Sword of Ruin\n|-terastallize|p2b: KGB|Flying\n|move|p1b: HONGOLOCO|Protect|p1b: HONGOLOCO\n|-singleturn|p1b: HONGOLOCO|Protect\n|move|p2a: I-B|Icy Wind|p1b: HONGOLOCO|[spread] p1a\n|-activate|p1b: HONGOLOCO|move: Protect\n|-resisted|p1a: BIGOTES\n|-damage|p1a: BIGOTES|84\/100\n|-unboost|p1a: BIGOTES|spe|1\n|move|p2b: KGB|Tera Blast|p1b: HONGOLOCO\n|-activate|p1b: HONGOLOCO|move: Protect\n|\n|upkeep\n|turn|2\n|\n|t:|1683852953\n|switch|p2b: Grds|Gyarados, L50, M|100\/100\n|-ability|p2b: Grds|Intimidate|boost\n|-unboost|p1a: BIGOTES|atk|1\n|-unboost|p1b: HONGOLOCO|atk|1\n|switch|p1b: Penguin Ranger|Palafin-Hero, L50, M|100\/100\n|-activate|p1b: Penguin Ranger|ability: Zero to Hero\n|move|p2a: I-B|Encore||[still]\n|-fail|p2a: I-B\n|move|p1a: BIGOTES|Ice Spinner|p2b: Grds\n|-damage|p2b: Grds|66\/100\n|\n|upkeep\n|turn|3\n|\n|t:|1683852984\n|move|p1a: BIGOTES|Protect|p1a: BIGOTES\n|-singleturn|p1a: BIGOTES|Protect\n|move|p2a: I-B|Freeze-Dry|p1b: Penguin Ranger\n|-supereffective|p1b: Penguin Ranger\n|-damage|p1b: Penguin Ranger|36\/100\n|move|p1b: Penguin Ranger|Wave Crash|p2a: I-B\n|-resisted|p2a: I-B\n|-damage|p2a: I-B|19\/100\n|-damage|p1b: Penguin Ranger|19\/100|[from] Recoil\n|move|p2b: Grds|Thunder Wave|p1b: Penguin Ranger\n|-status|p1b: Penguin Ranger|par\n|\n|upkeep\n|turn|4\n|\n|t:|1683853024\n|move|p1b: Penguin Ranger|Protect|p1b: Penguin Ranger\n|-singleturn|p1b: Penguin Ranger|Protect\n|move|p1a: BIGOTES|Sucker Punch|p2a: I-B\n|-damage|p2a: I-B|0 fnt\n|faint|p2a: I-B\n|-end|p2a: I-B|Quark Drive|[silent]\n|move|p2b: Grds|Whirlpool|p1b: Penguin Ranger\n|-activate|p1b: Penguin Ranger|move: Protect\n|\n|upkeep\n|\n|t:|1683853032\n|switch|p2a: C-Y|Chi-Yu, L50|100\/100\n|-ability|p2a: C-Y|Beads of Ruin\n|turn|5\n|\n|t:|1683853060\n|switch|p2a: KGB|Kingambit, L50, F, tera:Flying|100\/100\n|move|p1a: BIGOTES|Sucker Punch|p2b: Grds\n|-damage|p2b: Grds|34\/100\n|-enditem|p2b: Grds|Sitrus Berry|[eat]\n|-heal|p2b: Grds|59\/100|[from] item: Sitrus Berry\n|move|p1b: Penguin Ranger|Jet Punch|p2a: KGB\n|-damage|p2a: KGB|57\/100\n|move|p2b: Grds|Whirlpool|p1b: Penguin Ranger\n|-resisted|p1b: Penguin Ranger\n|-damage|p1b: Penguin Ranger|15\/100 par\n|-activate|p1b: Penguin Ranger|move: Whirlpool|[of] p2b: Grds\n|\n|-damage|p1b: Penguin Ranger|2\/100 par|[from] move: Whirlpool|[partiallytrapped]\n|upkeep\n|turn|6\n|\n|t:|1683853084\n|move|p1b: Penguin Ranger|Protect|p1b: Penguin Ranger\n|-singleturn|p1b: Penguin Ranger|Protect\n|move|p1a: BIGOTES|Sucker Punch|p2a: KGB\n|-damage|p2a: KGB|33\/100\n|move|p2a: KGB|Sucker Punch||[still]\n|-fail|p2a: KGB\n|move|p2b: Grds|Thunder Wave|p1a: BIGOTES|[miss]\n|-miss|p2b: Grds|p1a: BIGOTES\n|\n|-damage|p1b: Penguin Ranger|0 fnt|[from] move: Whirlpool|[partiallytrapped]\n|faint|p1b: Penguin Ranger\n|upkeep\n|\n|t:|1683853097\n|switch|p1b: HONGOLOCO|Amoonguss, L50, F|100\/100\n|turn|7\n|\n|t:|1683853111\n|move|p1b: HONGOLOCO|Protect|p1b: HONGOLOCO\n|-singleturn|p1b: HONGOLOCO|Protect\n|move|p1a: BIGOTES|Ice Spinner|p2a: KGB\n|-supereffective|p2a: KGB\n|-damage|p2a: KGB|0 fnt\n|faint|p2a: KGB\n|move|p2b: Grds|Taunt|p1b: HONGOLOCO\n|-activate|p1b: HONGOLOCO|move: Protect\n|\n|upkeep\n|\n|t:|1683853117\n|switch|p2a: C-Y|Chi-Yu, L50|100\/100\n|-ability|p2a: C-Y|Beads of Ruin\n|turn|8\n|\n|t:|1683853138\n|move|p1a: BIGOTES|Sucker Punch|p2a: C-Y\n|-resisted|p2a: C-Y\n|-damage|p2a: C-Y|74\/100\n|move|p2a: C-Y|Heat Wave|p1a: BIGOTES|[spread] p1a,p1b\n|-supereffective|p1a: BIGOTES\n|-supereffective|p1b: HONGOLOCO\n|-damage|p1a: BIGOTES|0 fnt\n|-damage|p1b: HONGOLOCO|21\/100\n|-enditem|p1b: HONGOLOCO|Sitrus Berry|[eat]\n|-heal|p1b: HONGOLOCO|46\/100|[from] item: Sitrus Berry\n|faint|p1a: BIGOTES\n|move|p2b: Grds|Waterfall|p1b: HONGOLOCO\n|-resisted|p1b: HONGOLOCO\n|-damage|p1b: HONGOLOCO|33\/100\n|move|p1b: HONGOLOCO|Pollen Puff|p2a: C-Y\n|-damage|p2a: C-Y|51\/100\n|\n|upkeep\n|\n|t:|1683853153\n|switch|p1a: Flutter Mane|Flutter Mane, L50|100\/100\n|turn|9\n|\n|t:|1683853167\n|move|p2a: C-Y|Protect|p2a: C-Y\n|-singleturn|p2a: C-Y|Protect\n|move|p1b: HONGOLOCO|Protect|p1b: HONGOLOCO\n|-singleturn|p1b: HONGOLOCO|Protect\n|move|p1a: Flutter Mane|Thunderbolt|p2b: Grds\n|-supereffective|p2b: Grds\n|-damage|p2b: Grds|0 fnt\n|faint|p2b: Grds\n|\n|upkeep\n|turn|10\n|\n|t:|1683853185\n|-terastallize|p1b: HONGOLOCO|Water\n|move|p1a: Flutter Mane|Thunderbolt|p2a: C-Y\n|-damage|p2a: C-Y|0 fnt\n|faint|p2a: C-Y\n|\n|win|Pigronauta\n|raw|Pigronauta's rating: 1000 → 1045<\/strong> (+45 for winning)\n|raw|delicedeprout's rating: 1045 → 1026<\/strong> (-19 for losing)\n|l|\u2606delicedeprout\n","uploadtime":1683853193,"views":12,"p1id":"pigronauta","p2id":"delicedeprout","formatid":"gen9vgc2023regulationc","rating":1026,"private":0,"password":""}