{"id":"gen9vgc2023regulationc-1847666242","p1":"Just_SamueIe","p2":"confuncio","format":"[Gen 9] VGC 2023 Regulation C","log":"|j|\u2606Just_SamueIe\n|j|\u2606confuncio\n|t:|1681989867\n|gametype|doubles\n|player|p1|Just_SamueIe|102|1323\n|player|p2|confuncio|265|1426\n|teamsize|p1|6\n|teamsize|p2|6\n|gen|9\n|tier|[Gen 9] VGC 2023 Regulation C\n|rated|\n|rule|Species Clause: Limit one of each Pok\u00e9mon\n|rule|Item Clause: Limit one of each item\n|clearpoke\n|poke|p1|Amoonguss, L50, M|\n|poke|p1|Palafin, L50, M|\n|poke|p1|Flutter Mane, L50|\n|poke|p1|Arcanine, L50, F|\n|poke|p1|Ting-Lu, L50|\n|poke|p1|Ceruledge, L50, F|\n|poke|p2|Clodsire, L50, F|\n|poke|p2|Iron Hands, L50|\n|poke|p2|Gyarados, L50, M|\n|poke|p2|Wo-Chien, L50|\n|poke|p2|Flutter Mane, L50|\n|poke|p2|Ceruledge, L50, F|\n|teampreview|4\n|\n|t:|1681989928\n|start\n|switch|p1a: Flutter Mane|Flutter Mane, L50|100\/100\n|switch|p1b: Palafin|Palafin, L50, M|100\/100\n|switch|p2a: Iron Hands|Iron Hands, L50|100\/100\n|switch|p2b: Clodsire|Clodsire, L50, F|100\/100\n|turn|1\n|\n|t:|1681989946\n|detailschange|p1b: Palafin|Palafin-Hero, L50, M\n|switch|p1b: Ceruledge|Ceruledge, L50, F, shiny|100\/100\n|move|p1a: Flutter Mane|Moonblast|p2a: Iron Hands\n|-supereffective|p2a: Iron Hands\n|-damage|p2a: Iron Hands|30\/100\n|move|p2a: Iron Hands|Heavy Slam|p1a: Flutter Mane\n|-supereffective|p1a: Flutter Mane\n|-damage|p1a: Flutter Mane|0 fnt\n|faint|p1a: Flutter Mane\n|-end|p1a: Flutter Mane|Protosynthesis|[silent]\n|move|p2b: Clodsire|Toxic|p1b: Ceruledge\n|-status|p1b: Ceruledge|tox\n|\n|-damage|p1b: Ceruledge|94\/100 tox|[from] psn\n|upkeep\n|\n|t:|1681989960\n|switch|p1a: Palafin|Palafin-Hero, L50, M|100\/100\n|-activate|p1a: Palafin|ability: Zero to Hero\n|turn|2\n|\n|t:|1681989971\n|-end|p2a: Iron Hands|Quark Drive|[silent]\n|switch|p2a: Gyarados|Gyarados, L50, M|100\/100\n|-ability|p2a: Gyarados|Intimidate|boost\n|-unboost|p1a: Palafin|atk|1\n|-fail|p1b: Ceruledge|unboost|[from] item: Clear Amulet|[of] p1b: Ceruledge\n|-terastallize|p1b: Ceruledge|Grass\n|move|p1a: Palafin|Wave Crash|p2a: Gyarados\n|-resisted|p2a: Gyarados\n|-damage|p2a: Gyarados|69\/100\n|-damage|p1a: Palafin|88\/100|[from] Recoil\n|move|p1b: Ceruledge|Tera Blast|p2b: Clodsire\n|-damage|p2b: Clodsire|63\/100\n|move|p2b: Clodsire|Toxic|p1a: Palafin\n|-status|p1a: Palafin|tox\n|\n|-damage|p1a: Palafin|83\/100 tox|[from] psn\n|-damage|p1b: Ceruledge|82\/100 tox|[from] psn\n|upkeep\n|turn|3\n|\n|t:|1681989998\n|switch|p1a: Amoonguss|Amoonguss, L50, M|100\/100\n|move|p1b: Ceruledge|Bitter Blade|p2b: Clodsire\n|-damage|p2b: Clodsire|18\/100\n|-heal|p1b: Ceruledge|100\/100 tox|[from] drain|[of] p2b: Clodsire\n|move|p2a: Gyarados|Taunt|p1b: Ceruledge\n|-start|p1b: Ceruledge|move: Taunt\n|move|p2b: Clodsire|Recover|p2b: Clodsire\n|-heal|p2b: Clodsire|69\/100\n|\n|-damage|p1b: Ceruledge|82\/100 tox|[from] psn\n|upkeep\n|turn|4\n|\n|t:|1681990026\n|switch|p1b: Palafin|Palafin-Hero, L50, M|83\/100 tox\n|move|p2b: Clodsire|Protect|p2b: Clodsire\n|-singleturn|p2b: Clodsire|Protect\n|move|p2a: Gyarados|Taunt|p1a: Amoonguss\n|-start|p1a: Amoonguss|move: Taunt\n|move|p1a: Amoonguss|Pollen Puff|p1b: Palafin\n|-heal|p1b: Palafin|100\/100 tox\n|\n|-damage|p1b: Palafin|95\/100 tox|[from] psn\n|upkeep\n|turn|5\n|\n|t:|1681990049\n|switch|p1a: Ceruledge|Ceruledge, L50, F, shiny, tera:Grass|82\/100 tox\n|move|p1b: Palafin|Wave Crash|p2a: Gyarados\n|-resisted|p2a: Gyarados\n|-damage|p2a: Gyarados|27\/100\n|-enditem|p2a: Gyarados|Sitrus Berry|[eat]\n|-heal|p2a: Gyarados|52\/100|[from] item: Sitrus Berry\n|-damage|p1b: Palafin|79\/100 tox|[from] Recoil\n|move|p2a: Gyarados|Thunder Wave||[still]\n|-fail|p2a: Gyarados\n|move|p2b: Clodsire|Stomping Tantrum|p1b: Palafin\n|-damage|p1b: Palafin|58\/100 tox\n|\n|-damage|p1b: Palafin|46\/100 tox|[from] psn\n|-damage|p1a: Ceruledge|76\/100 tox|[from] psn\n|upkeep\n|turn|6\n|\n|t:|1681990074\n|switch|p1b: Amoonguss|Amoonguss, L50, M|100\/100\n|move|p1a: Ceruledge|Bitter Blade|p2b: Clodsire\n|-damage|p2b: Clodsire|28\/100\n|-heal|p1a: Ceruledge|100\/100 tox|[from] drain|[of] p2b: Clodsire\n|move|p2a: Gyarados|Waterfall|p1b: Amoonguss\n|-resisted|p1b: Amoonguss\n|-damage|p1b: Amoonguss|85\/100\n|move|p2b: Clodsire|Recover|p2b: Clodsire\n|-heal|p2b: Clodsire|78\/100\n|\n|-damage|p1a: Ceruledge|88\/100 tox|[from] psn\n|upkeep\n|turn|7\n|\n|t:|1681990106\n|move|p1b: Amoonguss|Rage Powder|p1b: Amoonguss\n|-singleturn|p1b: Amoonguss|move: Rage Powder\n|move|p1a: Ceruledge|Bulk Up|p1a: Ceruledge\n|-boost|p1a: Ceruledge|atk|1\n|-boost|p1a: Ceruledge|def|1\n|move|p2a: Gyarados|Taunt|p1b: Amoonguss\n|-start|p1b: Amoonguss|move: Taunt\n|move|p2b: Clodsire|Stomping Tantrum|p1a: Ceruledge\n|-resisted|p1a: Ceruledge\n|-damage|p1a: Ceruledge|80\/100 tox\n|\n|-damage|p1a: Ceruledge|61\/100 tox|[from] psn\n|upkeep\n|turn|8\n|\n|t:|1681990127\n|move|p1a: Ceruledge|Bitter Blade|p2b: Clodsire\n|-damage|p2b: Clodsire|20\/100\n|-heal|p1a: Ceruledge|99\/100 tox|[from] drain|[of] p2b: Clodsire\n|move|p2a: Gyarados|Waterfall|p1a: Ceruledge\n|-resisted|p1a: Ceruledge\n|-damage|p1a: Ceruledge|86\/100 tox\n|move|p1b: Amoonguss|Pollen Puff|p1a: Ceruledge\n|-heal|p1a: Ceruledge|100\/100 tox\n|move|p2b: Clodsire|Recover|p2b: Clodsire\n|-heal|p2b: Clodsire|70\/100\n|\n|-damage|p1a: Ceruledge|76\/100 tox|[from] psn\n|upkeep\n|turn|9\n|\n|t:|1681990148\n|move|p1a: Ceruledge|Bulk Up|p1a: Ceruledge\n|-boost|p1a: Ceruledge|atk|1\n|-boost|p1a: Ceruledge|def|1\n|move|p2a: Gyarados|Taunt|p1a: Ceruledge\n|-start|p1a: Ceruledge|move: Taunt\n|move|p1b: Amoonguss|Pollen Puff|p1a: Ceruledge\n|-heal|p1a: Ceruledge|100\/100 tox\n|move|p2b: Clodsire|Recover|p2b: Clodsire\n|-heal|p2b: Clodsire|100\/100\n|\n|-damage|p1a: Ceruledge|70\/100 tox|[from] psn\n|upkeep\n|turn|10\n|\n|t:|1681990170\n|switch|p1b: Palafin|Palafin-Hero, L50, M|46\/100 tox\n|move|p2b: Clodsire|Protect|p2b: Clodsire\n|-singleturn|p2b: Clodsire|Protect\n|move|p1a: Ceruledge|Bitter Blade|p2a: Gyarados\n|-resisted|p2a: Gyarados\n|-damage|p2a: Gyarados|0 fnt\n|-heal|p1a: Ceruledge|99\/100 tox|[from] drain|[of] p2a: Gyarados\n|faint|p2a: Gyarados\n|\n|-damage|p1b: Palafin|40\/100 tox|[from] psn\n|-damage|p1a: Ceruledge|63\/100 tox|[from] psn\n|upkeep\n|\n|t:|1681990197\n|switch|p2a: Flutter Mane|Flutter Mane, L50|100\/100\n|-enditem|p2a: Flutter Mane|Booster Energy\n|-activate|p2a: Flutter Mane|ability: Protosynthesis|[fromitem]\n|-start|p2a: Flutter Mane|protosynthesisspe\n|turn|11\n|\n|t:|1681990236\n|switch|p1b: Amoonguss|Amoonguss, L50, M|100\/100\n|switch|p2b: Iron Hands|Iron Hands, L50|30\/100\n|move|p2a: Flutter Mane|Protect|p2a: Flutter Mane\n|-singleturn|p2a: Flutter Mane|Protect\n|move|p1a: Ceruledge|Shadow Sneak|p2a: Flutter Mane\n|-activate|p2a: Flutter Mane|move: Protect\n|\n|-damage|p1a: Ceruledge|20\/100 tox|[from] psn\n|upkeep\n|turn|12\n|\n|t:|1681990259\n|-end|p2a: Flutter Mane|Protosynthesis|[silent]\n|switch|p2a: Clodsire|Clodsire, L50, F|100\/100\n|switch|p1a: Palafin|Palafin-Hero, L50, M|40\/100 tox\n|-terastallize|p2b: Iron Hands|Grass\n|move|p2b: Iron Hands|Heavy Slam|p1b: Amoonguss\n|-damage|p1b: Amoonguss|64\/100\n|move|p1b: Amoonguss|Pollen Puff|p1a: Palafin\n|-heal|p1a: Palafin|90\/100 tox\n|\n|-damage|p1a: Palafin|84\/100 tox|[from] psn\n|upkeep\n|turn|13\n|\n|t:|1681990289\n|move|p1a: Palafin|Wave Crash|p2b: Iron Hands\n|-resisted|p2b: Iron Hands\n|-damage|p2b: Iron Hands|0 fnt\n|faint|p2b: Iron Hands\n|-end|p2b: Iron Hands|Quark Drive|[silent]\n|-damage|p1a: Palafin|70\/100 tox|[from] Recoil\n|move|p1b: Amoonguss|Pollen Puff|p1a: Palafin\n|-heal|p1a: Palafin|100\/100 tox\n|move|p2a: Clodsire|Stomping Tantrum|p1b: Amoonguss\n|-damage|p1b: Amoonguss|46\/100\n|-enditem|p1b: Amoonguss|Sitrus Berry|[eat]\n|-heal|p1b: Amoonguss|71\/100|[from] item: Sitrus Berry\n|\n|-damage|p1a: Palafin|89\/100 tox|[from] psn\n|upkeep\n|\n|t:|1681990302\n|switch|p2b: Flutter Mane|Flutter Mane, L50|100\/100\n|turn|14\n|\n|t:|1681990326\n|move|p1a: Palafin|Protect|p1a: Palafin\n|-singleturn|p1a: Palafin|Protect\n|move|p1b: Amoonguss|Protect|p1b: Amoonguss\n|-singleturn|p1b: Amoonguss|Protect\n|move|p2b: Flutter Mane|Hex|p1b: Amoonguss\n|-activate|p1b: Amoonguss|move: Protect\n|move|p2a: Clodsire|Stomping Tantrum|p1b: Amoonguss\n|-activate|p1b: Amoonguss|move: Protect\n|\n|-damage|p1a: Palafin|72\/100 tox|[from] psn\n|upkeep\n|turn|15\n|\n|t:|1681990341\n|move|p2b: Flutter Mane|Protect|p2b: Flutter Mane\n|-singleturn|p2b: Flutter Mane|Protect\n|move|p1a: Palafin|Jet Punch|p2b: Flutter Mane\n|-activate|p2b: Flutter Mane|move: Protect\n|move|p1b: Amoonguss|Pollen Puff|p1a: Palafin\n|-heal|p1a: Palafin|100\/100 tox\n|move|p2a: Clodsire|Stomping Tantrum|p1b: Amoonguss\n|-damage|p1b: Amoonguss|53\/100\n|\n|-damage|p1a: Palafin|78\/100 tox|[from] psn\n|upkeep\n|turn|16\n|\n|t:|1681990364\n|move|p1a: Palafin|Jet Punch|p2b: Flutter Mane\n|-damage|p2b: Flutter Mane|20\/100\n|move|p2b: Flutter Mane|Hex|p1b: Amoonguss\n|-damage|p1b: Amoonguss|27\/100\n|move|p1b: Amoonguss|Pollen Puff|p1a: Palafin\n|-heal|p1a: Palafin|100\/100 tox\n|move|p2a: Clodsire|Stomping Tantrum|p1b: Amoonguss\n|-damage|p1b: Amoonguss|10\/100\n|\n|-damage|p1a: Palafin|72\/100 tox|[from] psn\n|upkeep\n|turn|17\n|\n|t:|1681990385\n|switch|p1b: Ceruledge|Ceruledge, L50, F, shiny, tera:Grass|20\/100 tox\n|move|p2b: Flutter Mane|Protect|p2b: Flutter Mane\n|-singleturn|p2b: Flutter Mane|Protect\n|move|p1a: Palafin|Jet Punch|p2b: Flutter Mane\n|-activate|p2b: Flutter Mane|move: Protect\n|move|p2a: Clodsire|Stomping Tantrum|p1a: Palafin\n|-damage|p1a: Palafin|50\/100 tox\n|\n|-damage|p1a: Palafin|15\/100 tox|[from] psn\n|-damage|p1b: Ceruledge|14\/100 tox|[from] psn\n|upkeep\n|turn|18\n|\n|t:|1681990410\n|move|p2b: Flutter Mane|Protect||[still]\n|-fail|p2b: Flutter Mane\n|move|p1a: Palafin|Jet Punch|p2b: Flutter Mane\n|-damage|p2b: Flutter Mane|0 fnt\n|faint|p2b: Flutter Mane\n|-end|p2b: Flutter Mane|Protosynthesis|[silent]\n|move|p1b: Ceruledge|Bitter Blade|p2a: Clodsire\n|-damage|p2a: Clodsire|56\/100\n|-heal|p1b: Ceruledge|43\/100 tox|[from] drain|[of] p2a: Clodsire\n|move|p2a: Clodsire|Stomping Tantrum|p1b: Ceruledge\n|-resisted|p1b: Ceruledge\n|-damage|p1b: Ceruledge|31\/100 tox\n|\n|-damage|p1a: Palafin|0 fnt|[from] psn\n|faint|p1a: Palafin\n|-damage|p1b: Ceruledge|19\/100 tox|[from] psn\n|upkeep\n|\n|t:|1681990420\n|switch|p1a: Amoonguss|Amoonguss, L50, M|43\/100\n|turn|19\n|\n|t:|1681990431\n|move|p1b: Ceruledge|Bitter Blade|p2a: Clodsire\n|-damage|p2a: Clodsire|15\/100\n|-heal|p1b: Ceruledge|46\/100 tox|[from] drain|[of] p2a: Clodsire\n|move|p1a: Amoonguss|Pollen Puff|p1b: Ceruledge\n|-heal|p1b: Ceruledge|96\/100 tox\n|move|p2a: Clodsire|Recover|p2a: Clodsire\n|-heal|p2a: Clodsire|65\/100\n|\n|-damage|p1b: Ceruledge|77\/100 tox|[from] psn\n|upkeep\n|turn|20\n|\n|t:|1681990455\n|move|p2a: Clodsire|Protect|p2a: Clodsire\n|-singleturn|p2a: Clodsire|Protect\n|move|p1b: Ceruledge|Bulk Up|p1b: Ceruledge\n|-boost|p1b: Ceruledge|atk|1\n|-boost|p1b: Ceruledge|def|1\n|move|p1a: Amoonguss|Pollen Puff|p1b: Ceruledge\n|-heal|p1b: Ceruledge|100\/100 tox\n|\n|-damage|p1b: Ceruledge|76\/100 tox|[from] psn\n|upkeep\n|turn|21\n|\n|t:|1681990466\n|move|p1b: Ceruledge|Bitter Blade|p2a: Clodsire\n|-damage|p2a: Clodsire|0 fnt\n|-heal|p1b: Ceruledge|100\/100 tox|[from] drain|[of] p2a: Clodsire\n|faint|p2a: Clodsire\n|\n|win|Just_SamueIe\n|raw|Just_SamueIe's rating: 1323 → 1349<\/strong> (+26 for winning)\n|raw|confuncio's rating: 1426 → 1400<\/strong> (-26 for losing)\n|c|\u2606Just_SamueIe|gg :)\n|c|\u2606confuncio|gg\n","uploadtime":1681990479,"views":15,"p1id":"justsamueie","p2id":"confuncio","formatid":"gen9vgc2023regulationc","rating":1349,"private":0,"password":""}