{"id":"gen9vgc2023regulationc-1856080699","p1":"Sugarmaru","p2":"Jeremih-13","format":"[Gen 9] VGC 2023 Regulation C","log":"|j|\u2606Sugarmaru\n|j|\u2606Jeremih-13\n|t:|1683027690\n|gametype|doubles\n|player|p1|Sugarmaru|dawn|1313\n|player|p2|Jeremih-13|265|1275\n|teamsize|p1|6\n|teamsize|p2|6\n|gen|9\n|tier|[Gen 9] VGC 2023 Regulation C\n|rated|\n|rule|Species Clause: Limit one of each Pok\u00e9mon\n|rule|Item Clause: Limit one of each item\n|clearpoke\n|poke|p1|Vivillon-Ocean, L50, F|\n|poke|p1|Chi-Yu, L50|\n|poke|p1|Flutter Mane, L50|\n|poke|p1|Brute Bonnet, L50|\n|poke|p1|Iron Hands, L50|\n|poke|p1|Garchomp, L50, F|\n|poke|p2|Dragonite, L50, F|\n|poke|p2|Ting-Lu, L50|\n|poke|p2|Baxcalibur, L50, M|\n|poke|p2|Mimikyu, L50, F|\n|poke|p2|Corviknight, L50, F|\n|poke|p2|Amoonguss, L50, M|\n|teampreview|4\n|\n|t:|1683027740\n|start\n|switch|p1a: Vivillon|Vivillon-Ocean, L50, F|100\/100\n|switch|p1b: Chi-Yu|Chi-Yu, L50|100\/100\n|switch|p2a: Mimikyu|Mimikyu, L50, F|100\/100\n|switch|p2b: Ting-Lu|Ting-Lu, L50|100\/100\n|-ability|p1b: Chi-Yu|Beads of Ruin\n|-ability|p2b: Ting-Lu|Vessel of Ruin\n|turn|1\n|\n|t:|1683027774\n|-terastallize|p1b: Chi-Yu|Water\n|move|p2a: Mimikyu|Protect|p2a: Mimikyu\n|-singleturn|p2a: Mimikyu|Protect\n|move|p1a: Vivillon|Pollen Puff|p2a: Mimikyu\n|-activate|p2a: Mimikyu|move: Protect\n|move|p1b: Chi-Yu|Nasty Plot|p1b: Chi-Yu\n|-boost|p1b: Chi-Yu|spa|2\n|move|p2b: Ting-Lu|Rock Slide|p1a: Vivillon|[spread] p1a,p1b\n|-supereffective|p1a: Vivillon\n|-enditem|p1a: Vivillon|Focus Sash\n|-damage|p1a: Vivillon|1\/100\n|-damage|p1b: Chi-Yu|84\/100\n|\n|upkeep\n|turn|2\n|\n|t:|1683027806\n|move|p1a: Vivillon|Protect|p1a: Vivillon\n|-singleturn|p1a: Vivillon|Protect\n|move|p2a: Mimikyu|Shadow Sneak|p1b: Chi-Yu\n|-damage|p1b: Chi-Yu|56\/100\n|-damage|p2a: Mimikyu|90\/100|[from] item: Life Orb\n|move|p1b: Chi-Yu|Tera Blast|p2b: Ting-Lu\n|-supereffective|p2b: Ting-Lu\n|-damage|p2b: Ting-Lu|17\/100\n|move|p2b: Ting-Lu|Rock Slide|p1a: Vivillon|[spread] p1b\n|-activate|p1a: Vivillon|move: Protect\n|-damage|p1b: Chi-Yu|36\/100\n|-enditem|p1b: Chi-Yu|Sitrus Berry|[eat]\n|-heal|p1b: Chi-Yu|61\/100|[from] item: Sitrus Berry\n|\n|upkeep\n|turn|3\n|\n|t:|1683027829\n|move|p1a: Vivillon|Rage Powder|p1a: Vivillon\n|-singleturn|p1a: Vivillon|move: Rage Powder\n|move|p2a: Mimikyu|Shadow Sneak|p1a: Vivillon\n|-damage|p1a: Vivillon|0 fnt\n|faint|p1a: Vivillon\n|-damage|p2a: Mimikyu|80\/100|[from] item: Life Orb\n|move|p1b: Chi-Yu|Heat Wave|p2a: Mimikyu|[spread] p2a,p2b\n|-activate|p2a: Mimikyu|ability: Disguise\n|-damage|p2a: Mimikyu|80\/100\n|-damage|p2b: Ting-Lu|0 fnt\n|detailschange|p2a: Mimikyu|Mimikyu-Busted, L50, F\n|-damage|p2a: Mimikyu|68\/100|[from] pokemon: Mimikyu-Busted\n|faint|p2b: Ting-Lu\n|\n|upkeep\n|\n|t:|1683027849\n|switch|p1a: Flutter Mane|Flutter Mane, L50|100\/100\n|switch|p2b: Dragonite|Dragonite, L50, F|100\/100\n|-enditem|p1a: Flutter Mane|Booster Energy\n|-activate|p1a: Flutter Mane|ability: Protosynthesis|[fromitem]\n|-start|p1a: Flutter Mane|protosynthesisspe\n|turn|4\n|\n|t:|1683027869\n|-terastallize|p2b: Dragonite|Flying\n|move|p1b: Chi-Yu|Protect|p1b: Chi-Yu\n|-singleturn|p1b: Chi-Yu|Protect\n|move|p2a: Mimikyu|Shadow Sneak|p1b: Chi-Yu\n|-activate|p1b: Chi-Yu|move: Protect\n|move|p1a: Flutter Mane|Icy Wind|p2b: Dragonite|[spread] p2a,p2b\n|-supereffective|p2b: Dragonite\n|-damage|p2a: Mimikyu|45\/100\n|-damage|p2b: Dragonite|82\/100\n|-unboost|p2a: Mimikyu|spe|1\n|-unboost|p2b: Dragonite|spe|1\n|move|p2b: Dragonite|Tera Blast|p1a: Flutter Mane\n|-damage|p1a: Flutter Mane|5\/100\n|\n|upkeep\n|turn|5\n|\n|t:|1683027889\n|move|p1a: Flutter Mane|Protect|p1a: Flutter Mane\n|-singleturn|p1a: Flutter Mane|Protect\n|move|p2b: Dragonite|Extreme Speed|p1b: Chi-Yu\n|-damage|p1b: Chi-Yu|15\/100\n|move|p2a: Mimikyu|Shadow Sneak|p1a: Flutter Mane\n|-activate|p1a: Flutter Mane|move: Protect\n|move|p1b: Chi-Yu|Heat Wave|p2a: Mimikyu|[spread] p2a,p2b\n|-damage|p2a: Mimikyu|0 fnt\n|-damage|p2b: Dragonite|0 fnt\n|faint|p2a: Mimikyu\n|faint|p2b: Dragonite\n|\n|upkeep\n|\n|t:|1683027905\n|switch|p2b: Corviknight|Corviknight, L50, F|100\/100\n|turn|6\n|-message|Jeremih-13 forfeited.\n|\n|win|Sugarmaru\n|raw|Sugarmaru's rating: 1313 → 1331<\/strong> (+18 for winning)\n|raw|Jeremih-13's rating: 1275 → 1253<\/strong> (-22 for losing)\n|l|\u2606Jeremih-13\n","uploadtime":1683027914,"views":8,"p1id":"sugarmaru","p2id":"jeremih13","formatid":"gen9vgc2023regulationc","rating":1253,"private":0,"password":""}