{"id":"gen9vgc2023regulationc-1860539933","p1":"yungadvilboy","p2":"T0123456789","format":"[Gen 9] VGC 2023 Regulation C","log":"|j|\u2606yungadvilboy\n|j|\u2606T0123456789\n|t:|1683652885\n|gametype|doubles\n|player|p1|yungadvilboy|riley|1047\n|player|p2|T0123456789|1|1147\n|teamsize|p1|6\n|teamsize|p2|6\n|gen|9\n|tier|[Gen 9] VGC 2023 Regulation C\n|rated|\n|rule|Species Clause: Limit one of each Pok\u00e9mon\n|rule|Item Clause: Limit one of each item\n|clearpoke\n|poke|p1|Meowscarada, L50, M|\n|poke|p1|Chi-Yu, L50|\n|poke|p1|Amoonguss, L50, M|\n|poke|p1|Talonflame, L50, M|\n|poke|p1|Gyarados, L50, M|\n|poke|p1|Kingambit, L50, M|\n|poke|p2|Ting-Lu, L50|\n|poke|p2|Wo-Chien, L50|\n|poke|p2|Roaring Moon, L50|\n|poke|p2|Gholdengo, L50|\n|poke|p2|Arcanine, L50, M|\n|poke|p2|Ceruledge, L50, M|\n|teampreview|4\n|inactive|Battle timer is ON: inactive players will automatically lose when time's up. (requested by T0123456789)\n|inactive|yungadvilboy has 60 seconds left.\n|inactive|T0123456789 has 60 seconds left.\n|inactive|yungadvilboy has 30 seconds left.\n|\n|t:|1683652946\n|start\n|switch|p1a: Talonflame|Talonflame, L50, M|100\/100\n|switch|p1b: Gyarados|Gyarados, L50, M|100\/100\n|switch|p2a: Wo-Chien|Wo-Chien, L50|100\/100\n|switch|p2b: Ting-Lu|Ting-Lu, L50|100\/100\n|-ability|p1b: Gyarados|Intimidate|boost\n|-unboost|p2a: Wo-Chien|atk|1\n|-unboost|p2b: Ting-Lu|atk|1\n|-ability|p2a: Wo-Chien|Tablets of Ruin\n|-ability|p2b: Ting-Lu|Vessel of Ruin\n|turn|1\n|inactive|yungadvilboy has 30 seconds left.\n|inactive|T0123456789 has 30 seconds left.\n|inactive|yungadvilboy has 20 seconds left.\n|inactive|T0123456789 has 20 seconds left.\n|inactive|yungadvilboy has 15 seconds left.\n|inactive|T0123456789 has 15 seconds left.\n|\n|t:|1683652988\n|-terastallize|p2a: Wo-Chien|Poison\n|move|p1a: Talonflame|Flare Blitz|p2a: Wo-Chien\n|-damage|p2a: Wo-Chien|75\/100\n|-damage|p1a: Talonflame|91\/100|[from] Recoil\n|move|p1b: Gyarados|Waterfall|p2b: Ting-Lu\n|-supereffective|p2b: Ting-Lu\n|-damage|p2b: Ting-Lu|66\/100\n|move|p2a: Wo-Chien|Substitute|p2a: Wo-Chien\n|-start|p2a: Wo-Chien|Substitute\n|-damage|p2a: Wo-Chien|50\/100\n|cant|p2b: Ting-Lu|flinch\n|\n|-heal|p2a: Wo-Chien|57\/100|[from] item: Black Sludge\n|-heal|p2b: Ting-Lu|72\/100|[from] item: Leftovers\n|upkeep\n|turn|2\n|inactive|yungadvilboy has 30 seconds left.\n|\n|t:|1683653022\n|move|p2a: Wo-Chien|Protect|p2a: Wo-Chien\n|-singleturn|p2a: Wo-Chien|Protect\n|move|p2b: Ting-Lu|Protect|p2b: Ting-Lu\n|-singleturn|p2b: Ting-Lu|Protect\n|move|p1a: Talonflame|Brave Bird|p2a: Wo-Chien\n|-activate|p2a: Wo-Chien|move: Protect\n|move|p1b: Gyarados|Icy Wind|p2a: Wo-Chien|[spread] \n|-activate|p2a: Wo-Chien|move: Protect\n|-activate|p2b: Ting-Lu|move: Protect\n|\n|-heal|p2a: Wo-Chien|63\/100|[from] item: Black Sludge\n|-heal|p2b: Ting-Lu|78\/100|[from] item: Leftovers\n|upkeep\n|turn|3\n|\n|t:|1683653042\n|switch|p1a: Amoonguss|Amoonguss, L50, M|100\/100\n|move|p1b: Gyarados|Waterfall|p2b: Ting-Lu\n|-supereffective|p2b: Ting-Lu\n|-damage|p2b: Ting-Lu|37\/100\n|move|p2a: Wo-Chien|Leech Seed|p1b: Gyarados\n|-start|p1b: Gyarados|move: Leech Seed\n|cant|p2b: Ting-Lu|flinch\n|\n|-heal|p2a: Wo-Chien|69\/100|[from] item: Black Sludge\n|-heal|p2b: Ting-Lu|43\/100|[from] item: Leftovers\n|-damage|p1b: Gyarados|88\/100|[from] Leech Seed|[of] p2a: Wo-Chien\n|-heal|p2a: Wo-Chien|81\/100|[silent]\n|upkeep\n|turn|4\n|\n|t:|1683653066\n|switch|p1b: Talonflame|Talonflame, L50, M|91\/100\n|move|p2a: Wo-Chien|Protect|p2a: Wo-Chien\n|-singleturn|p2a: Wo-Chien|Protect\n|move|p2b: Ting-Lu|Protect|p2b: Ting-Lu\n|-singleturn|p2b: Ting-Lu|Protect\n|move|p1a: Amoonguss|Spore|p2b: Ting-Lu\n|-activate|p2b: Ting-Lu|move: Protect\n|\n|-heal|p2a: Wo-Chien|87\/100|[from] item: Black Sludge\n|-heal|p2b: Ting-Lu|49\/100|[from] item: Leftovers\n|upkeep\n|turn|5\n|inactive|T0123456789 has 30 seconds left.\n|inactive|T0123456789 has 20 seconds left.\n|\n|t:|1683653101\n|switch|p2b: Gholdengo|Gholdengo, L50|100\/100\n|move|p1b: Talonflame|Protect|p1b: Talonflame\n|-singleturn|p1b: Talonflame|Protect\n|move|p2a: Wo-Chien|Ruination|p1a: Amoonguss\n|-damage|p1a: Amoonguss|51\/100\n|move|p1a: Amoonguss|Spore|p2b: Gholdengo\n|-immune|p2b: Gholdengo|[from] ability: Good as Gold\n|\n|-heal|p2a: Wo-Chien|94\/100|[from] item: Black Sludge\n|-heal|p1a: Amoonguss|57\/100|[from] item: Leftovers\n|upkeep\n|turn|6\n|\n|t:|1683653125\n|switch|p2b: Ting-Lu|Ting-Lu, L50|49\/100\n|-ability|p2b: Ting-Lu|Vessel of Ruin\n|move|p1a: Amoonguss|Protect|p1a: Amoonguss\n|-singleturn|p1a: Amoonguss|Protect\n|move|p1b: Talonflame|Flare Blitz|p2b: Ting-Lu\n|-damage|p2b: Ting-Lu|31\/100\n|-damage|p1b: Talonflame|81\/100|[from] Recoil\n|move|p2a: Wo-Chien|Ruination|p1a: Amoonguss\n|-activate|p1a: Amoonguss|move: Protect\n|\n|-heal|p2a: Wo-Chien|99\/100|[from] item: Black Sludge\n|-heal|p2b: Ting-Lu|37\/100|[from] item: Leftovers\n|-heal|p1a: Amoonguss|62\/100|[from] item: Leftovers\n|upkeep\n|turn|7\n|\n|t:|1683653143\n|move|p2a: Wo-Chien|Protect|p2a: Wo-Chien\n|-singleturn|p2a: Wo-Chien|Protect\n|move|p2b: Ting-Lu|Protect|p2b: Ting-Lu\n|-singleturn|p2b: Ting-Lu|Protect\n|move|p1b: Talonflame|Flare Blitz|p2b: Ting-Lu\n|-activate|p2b: Ting-Lu|move: Protect\n|move|p1a: Amoonguss|Spore|p2b: Ting-Lu\n|-activate|p2b: Ting-Lu|move: Protect\n|\n|-heal|p2a: Wo-Chien|100\/100|[from] item: Black Sludge\n|-heal|p2b: Ting-Lu|43\/100|[from] item: Leftovers\n|-heal|p1a: Amoonguss|68\/100|[from] item: Leftovers\n|upkeep\n|turn|8\n|inactive|yungadvilboy has 30 seconds left.\n|inactive|T0123456789 has 30 seconds left.\n|inactive|T0123456789 has 20 seconds left.\n|\n|t:|1683653179\n|move|p1b: Talonflame|Flare Blitz|p2b: Ting-Lu\n|-damage|p2b: Ting-Lu|21\/100\n|-damage|p1b: Talonflame|69\/100|[from] Recoil\n|move|p2a: Wo-Chien|Leech Seed|p1b: Talonflame|[miss]\n|-miss|p2a: Wo-Chien|p1b: Talonflame\n|move|p2b: Ting-Lu|Rock Slide|p1b: Talonflame|[spread] p1a,p1b\n|-supereffective|p1b: Talonflame\n|-damage|p1a: Amoonguss|60\/100\n|-damage|p1b: Talonflame|7\/100\n|move|p1a: Amoonguss|Spore|p2b: Ting-Lu\n|-status|p2b: Ting-Lu|slp|[from] move: Spore\n|\n|-heal|p2b: Ting-Lu|27\/100 slp|[from] item: Leftovers\n|-heal|p1a: Amoonguss|66\/100|[from] item: Leftovers\n|upkeep\n|turn|9\n|\n|t:|1683653203\n|switch|p1b: Chi-Yu|Chi-Yu, L50|100\/100\n|-ability|p1b: Chi-Yu|Beads of Ruin\n|cant|p2b: Ting-Lu|slp\n|move|p2a: Wo-Chien|Ruination|p1a: Amoonguss\n|-damage|p1a: Amoonguss|34\/100\n|move|p1a: Amoonguss|Pollen Puff|p1b: Chi-Yu\n|-immune|p1b: Chi-Yu\n|\n|-heal|p2b: Ting-Lu|33\/100 slp|[from] item: Leftovers\n|-heal|p1a: Amoonguss|39\/100|[from] item: Leftovers\n|upkeep\n|turn|10\n|inactive|T0123456789 has 30 seconds left.\n|\n|t:|1683653236\n|switch|p1a: Gyarados|Gyarados, L50, M|88\/100\n|-ability|p1a: Gyarados|Intimidate|boost\n|-immune|p2a: Wo-Chien\n|-unboost|p2b: Ting-Lu|atk|1\n|move|p1b: Chi-Yu|Heat Wave|p2a: Wo-Chien|[spread] p2a,p2b\n|-end|p2a: Wo-Chien|Substitute\n|-damage|p2b: Ting-Lu|9\/100 slp\n|move|p2a: Wo-Chien|Leech Seed|p1b: Chi-Yu\n|-start|p1b: Chi-Yu|move: Leech Seed\n|cant|p2b: Ting-Lu|slp\n|\n|-heal|p2b: Ting-Lu|15\/100 slp|[from] item: Leftovers\n|-damage|p1b: Chi-Yu|88\/100|[from] Leech Seed|[of] p2a: Wo-Chien\n|upkeep\n|turn|11\n|inactive|yungadvilboy has 30 seconds left.\n|\n|t:|1683653262\n|move|p2a: Wo-Chien|Protect|p2a: Wo-Chien\n|-singleturn|p2a: Wo-Chien|Protect\n|cant|p2b: Ting-Lu|slp\n|move|p1b: Chi-Yu|Heat Wave|p2b: Ting-Lu|[spread] p2b\n|-activate|p2a: Wo-Chien|move: Protect\n|-damage|p2b: Ting-Lu|0 fnt\n|faint|p2b: Ting-Lu\n|move|p1a: Gyarados|Icy Wind|p2a: Wo-Chien\n|-activate|p2a: Wo-Chien|move: Protect\n|\n|-damage|p1b: Chi-Yu|76\/100|[from] Leech Seed|[of] p2a: Wo-Chien\n|upkeep\n|\n|t:|1683653271\n|switch|p2b: Arcanine|Arcanine, L50, M|100\/100\n|-ability|p2b: Arcanine|Intimidate|boost\n|-unboost|p1a: Gyarados|atk|1\n|-unboost|p1b: Chi-Yu|atk|1\n|turn|12\n|inactive|yungadvilboy has 30 seconds left.\n|\n|t:|1683653299\n|switch|p1a: Amoonguss|Amoonguss, L50, M|72\/100\n|move|p1b: Chi-Yu|Protect|p1b: Chi-Yu\n|-singleturn|p1b: Chi-Yu|Protect\n|move|p2b: Arcanine|Wild Charge|p1a: Amoonguss\n|-resisted|p1a: Amoonguss\n|-damage|p1a: Amoonguss|63\/100\n|-damage|p2b: Arcanine|97\/100|[from] Recoil\n|move|p2a: Wo-Chien|Substitute|p2a: Wo-Chien\n|-start|p2a: Wo-Chien|Substitute\n|-damage|p2a: Wo-Chien|75\/100\n|\n|-heal|p2a: Wo-Chien|82\/100|[from] item: Black Sludge\n|-heal|p1a: Amoonguss|69\/100|[from] item: Leftovers\n|-damage|p1b: Chi-Yu|64\/100|[from] Leech Seed|[of] p2a: Wo-Chien\n|-heal|p2a: Wo-Chien|90\/100|[silent]\n|upkeep\n|turn|13\n|inactive|T0123456789 has 30 seconds left.\n|\n|t:|1683653327\n|switch|p1b: Gyarados|Gyarados, L50, M|88\/100\n|-ability|p1b: Gyarados|Intimidate|boost\n|-immune|p2a: Wo-Chien\n|-unboost|p2b: Arcanine|atk|1\n|-terastallize|p1a: Amoonguss|Water\n|move|p2b: Arcanine|Flare Blitz|p1a: Amoonguss\n|-resisted|p1a: Amoonguss\n|-damage|p1a: Amoonguss|59\/100\n|-damage|p2b: Arcanine|93\/100|[from] Recoil\n|move|p2a: Wo-Chien|Ruination|p1a: Amoonguss\n|-damage|p1a: Amoonguss|30\/100\n|move|p1a: Amoonguss|Spore|p2b: Arcanine\n|-status|p2b: Arcanine|slp|[from] move: Spore\n|\n|-heal|p2a: Wo-Chien|96\/100|[from] item: Black Sludge\n|-heal|p1a: Amoonguss|36\/100|[from] item: Leftovers\n|upkeep\n|turn|14\n|inactive|yungadvilboy has 30 seconds left.\n|inactive|T0123456789 has 30 seconds left.\n|\n|t:|1683653361\n|switch|p2b: Gholdengo|Gholdengo, L50|100\/100\n|switch|p1a: Talonflame|Talonflame, L50, M|7\/100\n|move|p1b: Gyarados|Waterfall|p2b: Gholdengo\n|-damage|p2b: Gholdengo|61\/100\n|move|p2a: Wo-Chien|Leech Seed|p1a: Talonflame|[miss]\n|-miss|p2a: Wo-Chien|p1a: Talonflame\n|\n|-heal|p2a: Wo-Chien|100\/100|[from] item: Black Sludge\n|upkeep\n|turn|15\n|\n|t:|1683653381\n|switch|p2b: Arcanine|Arcanine, L50, M|93\/100 slp\n|-ability|p2b: Arcanine|Intimidate|boost\n|-unboost|p1a: Talonflame|atk|1\n|-unboost|p1b: Gyarados|atk|1\n|move|p1a: Talonflame|Flare Blitz|p2b: Arcanine\n|-resisted|p2b: Arcanine\n|-damage|p2b: Arcanine|76\/100 slp\n|-damage|p1a: Talonflame|1\/100|[from] Recoil\n|move|p1b: Gyarados|Waterfall|p2b: Arcanine\n|-supereffective|p2b: Arcanine\n|-damage|p2b: Arcanine|20\/100 slp\n|move|p2a: Wo-Chien|Leech Seed|p1a: Talonflame|[miss]\n|-miss|p2a: Wo-Chien|p1a: Talonflame\n|\n|upkeep\n|turn|16\n|\n|t:|1683653398\n|cant|p2b: Arcanine|slp\n|move|p1a: Talonflame|Flare Blitz|p2b: Arcanine\n|-resisted|p2b: Arcanine\n|-damage|p2b: Arcanine|6\/100 slp\n|-damage|p1a: Talonflame|0 fnt|[from] Recoil\n|faint|p1a: Talonflame\n|move|p1b: Gyarados|Waterfall|p2b: Arcanine\n|-supereffective|p2b: Arcanine\n|-damage|p2b: Arcanine|0 fnt\n|faint|p2b: Arcanine\n|move|p2a: Wo-Chien|Ruination|p1b: Gyarados\n|-damage|p1b: Gyarados|44\/100\n|\n|upkeep\n|\n|t:|1683653411\n|switch|p1a: Chi-Yu|Chi-Yu, L50|64\/100\n|switch|p2b: Gholdengo|Gholdengo, L50|61\/100\n|-ability|p1a: Chi-Yu|Beads of Ruin\n|turn|17\n|\n|t:|1683653425\n|switch|p1b: Amoonguss|Amoonguss, L50, M, tera:Water|69\/100\n|move|p1a: Chi-Yu|Heat Wave|p2a: Wo-Chien|[spread] p2a,p2b\n|-end|p2a: Wo-Chien|Substitute\n|-supereffective|p2b: Gholdengo\n|-damage|p2b: Gholdengo|0 fnt\n|faint|p2b: Gholdengo\n|move|p2a: Wo-Chien|Leech Seed|p1a: Chi-Yu\n|-start|p1a: Chi-Yu|move: Leech Seed\n|\n|-heal|p1b: Amoonguss|75\/100|[from] item: Leftovers\n|-damage|p1a: Chi-Yu|52\/100|[from] Leech Seed|[of] p2a: Wo-Chien\n|upkeep\n|turn|18\n|inactive|yungadvilboy has 30 seconds left.\n|inactive|yungadvilboy has 20 seconds left.\n|\n|t:|1683653464\n|switch|p1a: Gyarados|Gyarados, L50, M|44\/100\n|-ability|p1a: Gyarados|Intimidate|boost\n|-unboost|p2a: Wo-Chien|atk|1\n|move|p2a: Wo-Chien|Leech Seed|p1b: Amoonguss\n|-start|p1b: Amoonguss|move: Leech Seed\n|move|p1b: Amoonguss|Pollen Puff|p1a: Gyarados\n|-heal|p1a: Gyarados|94\/100\n|\n|-heal|p1b: Amoonguss|81\/100|[from] item: Leftovers\n|-damage|p1b: Amoonguss|68\/100|[from] Leech Seed|[of] p2a: Wo-Chien\n|upkeep\n|turn|19\n|inactive|yungadvilboy has 30 seconds left.\n|inactive|yungadvilboy has 20 seconds left.\n|inactive|yungadvilboy has 15 seconds left.\n|inactive|yungadvilboy has 10 seconds left.\n|inactive|yungadvilboy has 5 seconds left.\n|\n|t:|1683653505\n|move|p1a: Gyarados|Waterfall|p2a: Wo-Chien\n|-damage|p2a: Wo-Chien|77\/100\n|move|p2a: Wo-Chien|Leech Seed|p1a: Gyarados|[miss]\n|-miss|p2a: Wo-Chien|p1a: Gyarados\n|move|p1b: Amoonguss|Spore|p2a: Wo-Chien\n|-status|p2a: Wo-Chien|slp|[from] move: Spore\n|\n|-heal|p2a: Wo-Chien|83\/100 slp|[from] item: Black Sludge\n|-heal|p1b: Amoonguss|74\/100|[from] item: Leftovers\n|-damage|p1b: Amoonguss|62\/100|[from] Leech Seed|[of] p2a: Wo-Chien\n|-heal|p2a: Wo-Chien|97\/100 slp|[silent]\n|upkeep\n|turn|20\n|inactive|yungadvilboy has 5 seconds left this turn.\n|-message|yungadvilboy lost due to inactivity.\n|\n|win|T0123456789\n|raw|yungadvilboy's rating: 1047 → 1035<\/strong> (-12 for losing)\n|raw|T0123456789's rating: 1147 → 1165<\/strong> (+18 for winning)\n|c|\u2606yungadvilboy|huh\n|c|\u2606yungadvilboy|how\n|l|\u2606yungadvilboy\n|c|\u2606T0123456789|Overall time\n|c|\u2606T0123456789|you get 7 minutes\n","uploadtime":1683653557,"views":11,"p1id":"yungadvilboy","p2id":"t0123456789","formatid":"gen9vgc2023regulationc","rating":1035,"private":0,"password":""}