{"id":"gen9vgc2023regulationc-1852401376","p1":"Benjaturtle","p2":"Veloko~5849","format":"[Gen 9] VGC 2023 Regulation C","log":"|j|\u2606Benjaturtle\n|j|\u2606Veloko~5849\n|t:|1682553086\n|gametype|doubles\n|player|p1|Benjaturtle|infielder|1132\n|player|p2|Veloko~5849|2|1072\n|teamsize|p1|6\n|teamsize|p2|6\n|gen|9\n|tier|[Gen 9] VGC 2023 Regulation C\n|rated|\n|rule|Species Clause: Limit one of each Pok\u00e9mon\n|rule|Item Clause: Limit one of each item\n|clearpoke\n|poke|p1|Gyarados, L50, F|\n|poke|p1|Rotom-Mow, L50|\n|poke|p1|Chi-Yu, L50|\n|poke|p1|Great Tusk, L50|\n|poke|p1|Chien-Pao, L50|\n|poke|p1|Maushold, L50|\n|poke|p2|Murkrow, L50, M|\n|poke|p2|Wo-Chien, L50|\n|poke|p2|Flutter Mane, L50|\n|poke|p2|Great Tusk, L50|\n|poke|p2|Arcanine, L50, M|\n|poke|p2|Maushold-Four, L50|\n|teampreview|4\n|inactive|Battle timer is ON: inactive players will automatically lose when time's up. (requested by Benjaturtle)\n|\n|t:|1682553119\n|start\n|switch|p1a: Maushold|Maushold, L50|100\/100\n|switch|p1b: Chien-Pao|Chien-Pao, L50|100\/100\n|switch|p2a: haze|Murkrow, L50, M|100\/100\n|switch|p2b: leesh seed|Wo-Chien, L50|100\/100\n|-ability|p1b: Chien-Pao|Sword of Ruin\n|-ability|p2b: leesh seed|Tablets of Ruin\n|turn|1\n|\n|t:|1682553134\n|-terastallize|p1a: Maushold|Normal\n|-terastallize|p2b: leesh seed|Poison\n|move|p2a: haze|Sunny Day|p2a: haze\n|-weather|SunnyDay\n|move|p1b: Chien-Pao|Icy Wind|p2b: leesh seed|[spread] p2a\n|-miss|p1b: Chien-Pao|p2b: leesh seed\n|-supereffective|p2a: haze\n|-crit|p2a: haze\n|-damage|p2a: haze|68\/100\n|-unboost|p2a: haze|spe|1\n|move|p1a: Maushold|Population Bomb|p2b: leesh seed\n|-damage|p2b: leesh seed|83\/100\n|-damage|p2b: leesh seed|65\/100\n|-damage|p2b: leesh seed|47\/100\n|-damage|p2b: leesh seed|30\/100\n|-damage|p2b: leesh seed|11\/100\n|-damage|p2b: leesh seed|0 fnt\n|faint|p2b: leesh seed\n|-hitcount|p2: leesh seed|6\n|\n|-weather|SunnyDay|[upkeep]\n|upkeep\n|\n|t:|1682553153\n|switch|p2b: extremespeed|Arcanine, L50, M|100\/100\n|-ability|p2b: extremespeed|Intimidate|boost\n|-unboost|p1a: Maushold|atk|1\n|-unboost|p1b: Chien-Pao|atk|1\n|turn|2\n|\n|t:|1682553165\n|move|p2a: haze|Tailwind|p2a: haze\n|-sidestart|p2: Veloko~5849|move: Tailwind\n|move|p2b: extremespeed|Will-O-Wisp|p1a: Maushold\n|-status|p1a: Maushold|brn\n|move|p1b: Chien-Pao|Icy Wind|p2a: haze|[spread] p2a,p2b\n|-supereffective|p2a: haze\n|-resisted|p2b: extremespeed\n|-damage|p2a: haze|47\/100\n|-damage|p2b: extremespeed|93\/100\n|-unboost|p2a: haze|spe|1\n|-unboost|p2b: extremespeed|spe|1\n|move|p1a: Maushold|Population Bomb|p2a: haze\n|-damage|p2a: haze|36\/100\n|-damage|p2a: haze|27\/100\n|-damage|p2a: haze|18\/100\n|-damage|p2a: haze|8\/100\n|-damage|p2a: haze|0 fnt\n|faint|p2a: haze\n|-hitcount|p2: haze|5\n|\n|-weather|SunnyDay|[upkeep]\n|-damage|p1a: Maushold|95\/100 brn|[from] brn\n|upkeep\n|\n|t:|1682553184\n|switch|p2a: Maushold|Maushold-Four, L50|100\/100\n|turn|3\n|\n|t:|1682553198\n|move|p2a: Maushold|Follow Me|p2a: Maushold\n|-singleturn|p2a: Maushold|move: Follow Me\n|move|p1a: Maushold|Follow Me|p1a: Maushold\n|-singleturn|p1a: Maushold|move: Follow Me\n|move|p2b: extremespeed|Will-O-Wisp|p1a: Maushold\n|-fail|p1a: Maushold|brn\n|move|p1b: Chien-Pao|Sacred Sword|p2a: Maushold\n|-supereffective|p2a: Maushold\n|-damage|p2a: Maushold|36\/100\n|\n|-weather|SunnyDay|[upkeep]\n|-damage|p1a: Maushold|89\/100 brn|[from] brn\n|upkeep\n|turn|4\n|\n|t:|1682553217\n|move|p2a: Maushold|Protect|p2a: Maushold\n|-singleturn|p2a: Maushold|Protect\n|move|p1b: Chien-Pao|Protect|p1b: Chien-Pao\n|-singleturn|p1b: Chien-Pao|Protect\n|move|p2b: extremespeed|Flare Blitz|p1b: Chien-Pao\n|-activate|p1b: Chien-Pao|move: Protect\n|move|p1a: Maushold|Population Bomb|p2b: extremespeed\n|-damage|p2b: extremespeed|87\/100\n|-damage|p2b: extremespeed|81\/100\n|-damage|p2b: extremespeed|75\/100\n|-damage|p2b: extremespeed|69\/100\n|-damage|p2b: extremespeed|63\/100\n|-damage|p2b: extremespeed|58\/100\n|-damage|p2b: extremespeed|53\/100\n|-crit|p2b: extremespeed\n|-damage|p2b: extremespeed|39\/100\n|-enditem|p2b: extremespeed|Sitrus Berry|[eat]\n|-heal|p2b: extremespeed|64\/100|[from] item: Sitrus Berry\n|-damage|p2b: extremespeed|58\/100\n|-damage|p2b: extremespeed|53\/100\n|-hitcount|p2b: extremespeed|10\n|\n|-weather|SunnyDay|[upkeep]\n|-damage|p1a: Maushold|83\/100 brn|[from] brn\n|upkeep\n|turn|5\n|inactive|Benjaturtle has 30 seconds left.\n|inactive|Veloko~5849 has 30 seconds left.\n|\n|t:|1682553244\n|move|p2a: Maushold|Follow Me|p2a: Maushold\n|-singleturn|p2a: Maushold|move: Follow Me\n|move|p2b: extremespeed|Morning Sun|p2b: extremespeed\n|-heal|p2b: extremespeed|100\/100\n|move|p1b: Chien-Pao|Icy Wind|p2b: extremespeed|[spread] p2a,p2b\n|-resisted|p2b: extremespeed\n|-damage|p2a: Maushold|21\/100\n|-damage|p2b: extremespeed|95\/100\n|-unboost|p2a: Maushold|spe|1\n|-unboost|p2b: extremespeed|spe|1\n|move|p1a: Maushold|Population Bomb|p2a: Maushold\n|-damage|p2a: Maushold|12\/100\n|-crit|p2a: Maushold\n|-damage|p2a: Maushold|0 fnt\n|faint|p2a: Maushold\n|-hitcount|p2: Maushold|2\n|\n|-weather|none\n|-damage|p1a: Maushold|77\/100 brn|[from] brn\n|-sideend|p2: Veloko~5849|move: Tailwind\n|upkeep\n|turn|6\n|\n|t:|1682553264\n|move|p2b: extremespeed|Protect|p2b: extremespeed\n|-singleturn|p2b: extremespeed|Protect\n|move|p1b: Chien-Pao|Icy Wind|p2b: extremespeed\n|-activate|p2b: extremespeed|move: Protect\n|move|p1a: Maushold|Bite|p2b: extremespeed\n|-activate|p2b: extremespeed|move: Protect\n|\n|-damage|p1a: Maushold|71\/100 brn|[from] brn\n|upkeep\n|turn|7\n|\n|t:|1682553275\n|move|p1b: Chien-Pao|Icy Wind|p2b: extremespeed\n|-resisted|p2b: extremespeed\n|-damage|p2b: extremespeed|86\/100\n|-unboost|p2b: extremespeed|spe|1\n|move|p1a: Maushold|Bite|p2b: extremespeed\n|-damage|p2b: extremespeed|74\/100\n|cant|p2b: extremespeed|flinch\n|\n|-damage|p1a: Maushold|65\/100 brn|[from] brn\n|upkeep\n|turn|8\n|-message|Veloko~5849 forfeited.\n|\n|win|Benjaturtle\n|raw|Benjaturtle's rating: 1132 → 1153<\/strong> (+21 for winning)\n|raw|Veloko~5849's rating: 1072 → 1055<\/strong> (-17 for losing)\n|l|\u2606Veloko~5849\n","uploadtime":1682553294,"views":17,"p1id":"benjaturtle","p2id":"veloko5849","formatid":"gen9vgc2023regulationc","rating":1055,"private":0,"password":""}