{"id":"gen9vgc2023regulationc-1853010645","p1":"DuskDevoir","p2":"ScheduledDrop","format":"[Gen 9] VGC 2023 Regulation C","log":"|j|\u2606DuskDevoir\n|j|\u2606ScheduledDrop\n|t:|1682625435\n|gametype|doubles\n|player|p1|DuskDevoir|bellelba|1090\n|player|p2|ScheduledDrop|alder|1143\n|teamsize|p1|6\n|teamsize|p2|6\n|gen|9\n|tier|[Gen 9] VGC 2023 Regulation C\n|rated|\n|rule|Species Clause: Limit one of each Pok\u00e9mon\n|rule|Item Clause: Limit one of each item\n|clearpoke\n|poke|p1|Iron Bundle, L50|\n|poke|p1|Grimmsnarl, L50, M|\n|poke|p1|Gyarados, L50, M|\n|poke|p1|Tauros-Paldea-Blaze, L50, M|\n|poke|p1|Florges, L50, F|\n|poke|p1|Wo-Chien, L50|\n|poke|p2|Mimikyu, L50, F|\n|poke|p2|Kingambit, L50, M|\n|poke|p2|Amoonguss, L50, M|\n|poke|p2|Palafin, L50, F|\n|poke|p2|Skeledirge, L50, M|\n|poke|p2|Iron Hands, L50|\n|teampreview|4\n|inactive|Battle timer is ON: inactive players will automatically lose when time's up. (requested by ScheduledDrop)\n|inactive|DuskDevoir has 60 seconds left.\nScheduledDrop rejected open team sheets.\n|\n|t:|1682625470\n|start\n|switch|p1a: Grimmsnarl|Grimmsnarl, L50, M|100\/100\n|switch|p1b: Tauros|Tauros-Paldea-Blaze, L50, M|100\/100\n|switch|p2a: Mimikyu|Mimikyu, L50, F|100\/100\n|switch|p2b: Iron Hands|Iron Hands, L50|100\/100\n|-ability|p1b: Tauros|Intimidate|boost\n|-unboost|p2a: Mimikyu|atk|1\n|-unboost|p2b: Iron Hands|atk|1\n|turn|1\n|\n|t:|1682625492\n|move|p1a: Grimmsnarl|Fake Out|p2b: Iron Hands\n|-damage|p2b: Iron Hands|92\/100\n|move|p1b: Tauros|Raging Bull|p2a: Mimikyu\n|-activate|p2a: Mimikyu|ability: Disguise\n|-damage|p2a: Mimikyu|100\/100\n|detailschange|p2a: Mimikyu|Mimikyu-Busted, L50, F\n|-damage|p2a: Mimikyu|88\/100|[from] pokemon: Mimikyu-Busted\n|cant|p2b: Iron Hands|flinch\n|move|p2a: Mimikyu|Trick Room|p2a: Mimikyu\n|-fieldstart|move: Trick Room|[of] p2a: Mimikyu\n|\n|upkeep\n|turn|2\n|inactive|DuskDevoir has 30 seconds left.\n|inactive|DuskDevoir has 20 seconds left.\n|inactive|DuskDevoir has 15 seconds left.\n|inactive|DuskDevoir has 10 seconds left.\n|inactive|DuskDevoir has 5 seconds left.\n|\n|t:|1682625544\n|switch|p1a: Florges|Florges, L50, F, shiny|100\/100\n|move|p2b: Iron Hands|Swords Dance|p2b: Iron Hands\n|-boost|p2b: Iron Hands|atk|2\n|move|p2a: Mimikyu|Play Rough|p1a: Florges\n|-damage|p1a: Florges|77\/100\n|move|p1b: Tauros|Raging Bull|p2a: Mimikyu\n|-damage|p2a: Mimikyu|39\/100\n|\n|upkeep\n|turn|3\n|\n|t:|1682625563\n|move|p2b: Iron Hands|Drain Punch|p1a: Florges\n|-resisted|p1a: Florges\n|-damage|p1a: Florges|50\/100\n|-heal|p2b: Iron Hands|100\/100|[from] drain|[of] p1a: Florges\n|move|p1a: Florges|Misty Terrain|p1a: Florges\n|-fieldstart|move: Misty Terrain\n|move|p2a: Mimikyu|Play Rough|p1b: Tauros|[miss]\n|-miss|p2a: Mimikyu|p1b: Tauros\n|move|p1b: Tauros|Drill Run|p2b: Iron Hands\n|-supereffective|p2b: Iron Hands\n|-damage|p2b: Iron Hands|69\/100\n|\n|upkeep\n|turn|4\n|inactive|DuskDevoir has 30 seconds left.\n|\n|t:|1682625592\n|switch|p1a: Grimmsnarl|Grimmsnarl, L50, M|100\/100\n|move|p2b: Iron Hands|Drain Punch|p1a: Grimmsnarl\n|-damage|p1a: Grimmsnarl|33\/100\n|-heal|p2b: Iron Hands|99\/100|[from] drain|[of] p1a: Grimmsnarl\n|move|p2a: Mimikyu|Play Rough|p1b: Tauros\n|-damage|p1b: Tauros|72\/100\n|move|p1b: Tauros|Iron Head|p2a: Mimikyu\n|-supereffective|p2a: Mimikyu\n|-damage|p2a: Mimikyu|0 fnt\n|faint|p2a: Mimikyu\n|\n|upkeep\n|\n|t:|1682625608\n|switch|p2a: Skeledirge|Skeledirge, L50, M|100\/100\n|turn|5\n|\n|t:|1682625625\n|move|p1a: Grimmsnarl|Fake Out|p2b: Iron Hands\n|-damage|p2b: Iron Hands|92\/100\n|cant|p2b: Iron Hands|flinch\n|move|p2a: Skeledirge|Torch Song|p1a: Grimmsnarl\n|-damage|p1a: Grimmsnarl|1\/100\n|-boost|p2a: Skeledirge|spa|1\n|move|p1b: Tauros|Drill Run|p2b: Iron Hands\n|-supereffective|p2b: Iron Hands\n|-damage|p2b: Iron Hands|61\/100\n|\n|-fieldend|move: Trick Room\n|upkeep\n|turn|6\n|inactive|ScheduledDrop has 30 seconds left.\n|inactive|ScheduledDrop has 20 seconds left.\n|inactive|ScheduledDrop has 15 seconds left.\n|\n|t:|1682625668\n|move|p1a: Grimmsnarl|Light Screen|p1a: Grimmsnarl\n|-sidestart|p1: DuskDevoir|move: Light Screen\n|move|p1b: Tauros|Drill Run|p2b: Iron Hands\n|-supereffective|p2b: Iron Hands\n|-damage|p2b: Iron Hands|28\/100\n|move|p2a: Skeledirge|Shadow Ball|p1b: Tauros\n|-damage|p1b: Tauros|38\/100\n|move|p2b: Iron Hands|Swords Dance|p2b: Iron Hands\n|-boost|p2b: Iron Hands|atk|2\n|\n|upkeep\n|turn|7\n|\n|t:|1682625687\n|move|p1a: Grimmsnarl|Fake Tears|p2a: Skeledirge\n|-unboost|p2a: Skeledirge|spd|2\n|move|p1b: Tauros|Drill Run|p2b: Iron Hands\n|-supereffective|p2b: Iron Hands\n|-damage|p2b: Iron Hands|0 fnt\n|faint|p2b: Iron Hands\n|-end|p2b: Iron Hands|Quark Drive|[silent]\n|move|p2a: Skeledirge|Shadow Ball|p1b: Tauros\n|-damage|p1b: Tauros|6\/100\n|\n|-fieldend|Misty Terrain\n|upkeep\n|\n|t:|1682625697\n|switch|p2b: Kingambit|Kingambit, L50, M, shiny|100\/100\n|turn|8\n|\n|t:|1682625721\n|-terastallize|p2b: Kingambit|Flying\n|move|p1a: Grimmsnarl|Misty Terrain|p1a: Grimmsnarl\n|-fieldstart|move: Misty Terrain\n|move|p1b: Tauros|Close Combat|p2b: Kingambit\n|-resisted|p2b: Kingambit\n|-damage|p2b: Kingambit|82\/100\n|-unboost|p1b: Tauros|def|1\n|-unboost|p1b: Tauros|spd|1\n|move|p2a: Skeledirge|Shadow Ball|p1b: Tauros\n|-damage|p1b: Tauros|0 fnt\n|faint|p1b: Tauros\n|move|p2b: Kingambit|Iron Head|p1a: Grimmsnarl\n|-supereffective|p1a: Grimmsnarl\n|-damage|p1a: Grimmsnarl|0 fnt\n|faint|p1a: Grimmsnarl\n|\n|upkeep\n|\n|t:|1682625739\n|switch|p1b: Wo-Chien|Wo-Chien, L50|100\/100\n|switch|p1a: Florges|Florges, L50, F, shiny|50\/100\n|-ability|p1b: Wo-Chien|Tablets of Ruin\n|turn|9\n|inactive|ScheduledDrop has 30 seconds left.\n|inactive|ScheduledDrop has 20 seconds left.\n|inactive|ScheduledDrop has 15 seconds left.\n|inactive|ScheduledDrop has 10 seconds left.\n|inactive|ScheduledDrop has 5 seconds left.\n|\n|t:|1682625794\n|-terastallize|p1b: Wo-Chien|Water\n|move|p2a: Skeledirge|Protect|p2a: Skeledirge\n|-singleturn|p2a: Skeledirge|Protect\n|move|p1a: Florges|Petal Blizzard|p2a: Skeledirge|[spread] p1b,p2b\n|-activate|p2a: Skeledirge|move: Protect\n|-supereffective|p1b: Wo-Chien\n|-resisted|p2b: Kingambit\n|-damage|p1b: Wo-Chien|87\/100\n|-damage|p2b: Kingambit|79\/100\n|-enditem|p1b: Wo-Chien|Weakness Policy\n|-boost|p1b: Wo-Chien|atk|2|[from] item: Weakness Policy\n|-boost|p1b: Wo-Chien|spa|2|[from] item: Weakness Policy\n|-activate|p1a: Florges|ability: Symbiosis|Throat Spray|[of] p1b: Wo-Chien\n|move|p1b: Wo-Chien|Tera Blast|p2b: Kingambit\n|-damage|p2b: Kingambit|36\/100\n|move|p2b: Kingambit|Kowtow Cleave|p1a: Florges\n|-resisted|p1a: Florges\n|-damage|p1a: Florges|32\/100\n|\n|upkeep\n|turn|10\n|\n|t:|1682625819\n|move|p1a: Florges|Dazzling Gleam|p2a: Skeledirge|[spread] p2a,p2b\n|-resisted|p2a: Skeledirge\n|-damage|p2a: Skeledirge|79\/100\n|-damage|p2b: Kingambit|23\/100\n|move|p1b: Wo-Chien|Snarl|p2b: Kingambit|[spread] p2a\n|-miss|p1b: Wo-Chien|p2b: Kingambit\n|-supereffective|p2a: Skeledirge\n|-damage|p2a: Skeledirge|10\/100\n|-unboost|p2a: Skeledirge|spa|1\n|-enditem|p1b: Wo-Chien|Throat Spray\n|-boost|p1b: Wo-Chien|spa|1|[from] item: Throat Spray\n|move|p2a: Skeledirge|Shadow Ball|p1b: Wo-Chien\n|-damage|p1b: Wo-Chien|69\/100\n|move|p2b: Kingambit|Iron Head|p1a: Florges\n|-supereffective|p1a: Florges\n|-damage|p1a: Florges|0 fnt\n|faint|p1a: Florges\n|\n|-heal|p2a: Skeledirge|16\/100|[from] item: Leftovers\n|-sideend|p1: DuskDevoir|move: Light Screen\n|upkeep\n|turn|11\n|inactive|ScheduledDrop has 30 seconds left.\n|inactive|ScheduledDrop has 20 seconds left.\n|\n|t:|1682625858\n|move|p2b: Kingambit|Sucker Punch|p1b: Wo-Chien\n|-damage|p1b: Wo-Chien|40\/100\n|move|p1b: Wo-Chien|Tera Blast|p2b: Kingambit\n|-damage|p2b: Kingambit|0 fnt\n|faint|p2b: Kingambit\n|move|p2a: Skeledirge|Slack Off|p2a: Skeledirge\n|-heal|p2a: Skeledirge|66\/100\n|\n|-heal|p2a: Skeledirge|72\/100|[from] item: Leftovers\n|upkeep\n|turn|12\n|\n|t:|1682625873\n|move|p1b: Wo-Chien|Tera Blast|p2a: Skeledirge\n|-supereffective|p2a: Skeledirge\n|-crit|p2a: Skeledirge\n|-damage|p2a: Skeledirge|0 fnt\n|faint|p2a: Skeledirge\n|\n|win|DuskDevoir\n|raw|DuskDevoir's rating: 1090 → 1121<\/strong> (+31 for winning)\n|raw|ScheduledDrop's rating: 1143 → 1114<\/strong> (-29 for losing)\n","uploadtime":1682625881,"views":17,"p1id":"duskdevoir","p2id":"scheduleddrop","formatid":"gen9vgc2023regulationc","rating":1114,"private":0,"password":""}