{"id":"gen9vgc2023regulationc-1858182731","p1":"SeydouVGC","p2":"CCManny","format":"[Gen 9] VGC 2023 Regulation C","log":"|j|\u2606SeydouVGC\n|j|\u2606CCManny\n|t:|1683288209\n|gametype|doubles\n|player|p1|SeydouVGC|flint|1118\n|player|p2|CCManny|265|1223\n|teamsize|p1|6\n|teamsize|p2|6\n|gen|9\n|tier|[Gen 9] VGC 2023 Regulation C\n|rated|\n|rule|Species Clause: Limit one of each Pok\u00e9mon\n|rule|Item Clause: Limit one of each item\n|clearpoke\n|poke|p1|Ting-Lu, L50|\n|poke|p1|Amoonguss, L50, F|\n|poke|p1|Arcanine, L50, M|\n|poke|p1|Roaring Moon, L50|\n|poke|p1|Garganacl, L50, F|\n|poke|p1|Iron Bundle, L50|\n|poke|p2|Dragonite, L50, F|\n|poke|p2|Corviknight, L50, M|\n|poke|p2|Palafin, L50, M|\n|poke|p2|Flutter Mane, L50|\n|poke|p2|Umbreon, L50, F|\n|poke|p2|Grimmsnarl, L50, M|\n|teampreview|4\n|inactive|Battle timer is ON: inactive players will automatically lose when time's up. (requested by CCManny)\n|\n|t:|1683288254\n|start\n|switch|p1a: Garganacl|Garganacl, L50, F|100\/100\n|switch|p1b: Ting-Lu|Ting-Lu, L50|100\/100\n|switch|p2a: Palafin|Palafin, L50, M|100\/100\n|switch|p2b: Grimmsnarl|Grimmsnarl, L50, M|100\/100\n|-ability|p1b: Ting-Lu|Vessel of Ruin\n|turn|1\n|inactive|CCManny has 30 seconds left.\n|\n|t:|1683288282\n|detailschange|p2a: Palafin|Palafin-Hero, L50, M\n|switch|p2a: Corviknight|Corviknight, L50, M|100\/100\n|-terastallize|p1b: Ting-Lu|Poison\n|move|p2b: Grimmsnarl|Thunder Wave|p1b: Ting-Lu\n|-status|p1b: Ting-Lu|par\n|move|p1a: Garganacl|Stealth Rock|p2a: Corviknight\n|-sidestart|p2: CCManny|move: Stealth Rock\n|move|p1b: Ting-Lu|Heavy Slam|p2a: Corviknight\n|-resisted|p2a: Corviknight\n|-damage|p2a: Corviknight|85\/100\n|\n|-heal|p2a: Corviknight|91\/100|[from] item: Leftovers\n|upkeep\n|turn|2\n|\n|t:|1683288301\n|move|p2b: Grimmsnarl|Reflect|p2b: Grimmsnarl\n|-sidestart|p2: CCManny|Reflect\n|move|p2a: Corviknight|Bulk Up|p2a: Corviknight\n|-boost|p2a: Corviknight|atk|1\n|-boost|p2a: Corviknight|def|1\n|move|p1a: Garganacl|Salt Cure|p2a: Corviknight\n|-damage|p2a: Corviknight|85\/100\n|-start|p2a: Corviknight|Salt Cure\n|move|p1b: Ting-Lu|Heavy Slam|p2b: Grimmsnarl\n|-supereffective|p2b: Grimmsnarl\n|-damage|p2b: Grimmsnarl|59\/100\n|\n|-heal|p2a: Corviknight|91\/100|[from] item: Leftovers\n|-damage|p2a: Corviknight|66\/100|[from] Salt Cure\n|upkeep\n|turn|3\n|inactive|CCManny has 30 seconds left.\n|\n|t:|1683288331\n|switch|p2b: Palafin|Palafin-Hero, L50, M|100\/100\n|-damage|p2b: Palafin|88\/100|[from] Stealth Rock\n|-activate|p2b: Palafin|ability: Zero to Hero\n|move|p2a: Corviknight|Bulk Up|p2a: Corviknight\n|-boost|p2a: Corviknight|atk|1\n|-boost|p2a: Corviknight|def|1\n|move|p1a: Garganacl|Salt Cure|p2b: Palafin\n|-damage|p2b: Palafin|80\/100\n|-start|p2b: Palafin|Salt Cure\n|cant|p1b: Ting-Lu|par\n|\n|-heal|p2a: Corviknight|72\/100|[from] item: Leftovers\n|-damage|p2b: Palafin|55\/100|[from] Salt Cure\n|-damage|p2a: Corviknight|47\/100|[from] Salt Cure\n|upkeep\n|turn|4\n|inactive|SeydouVGC has 30 seconds left.\n|\n|t:|1683288359\n|switch|p1b: Arcanine|Arcanine, L50, M|100\/100\n|-ability|p1b: Arcanine|Intimidate|boost\n|-ability|p2a: Corviknight|Mirror Armor\n|-unboost|p1b: Arcanine|atk|1\n|-unboost|p2b: Palafin|atk|1\n|-terastallize|p2b: Palafin|Water\n|move|p1a: Garganacl|Protect|p1a: Garganacl\n|-singleturn|p1a: Garganacl|Protect\n|move|p2b: Palafin|Wave Crash|p1a: Garganacl\n|-activate|p1a: Garganacl|move: Protect\n|move|p2a: Corviknight|Brave Bird|p1a: Garganacl\n|-activate|p1a: Garganacl|move: Protect\n|\n|-heal|p2a: Corviknight|53\/100|[from] item: Leftovers\n|-damage|p2b: Palafin|30\/100|[from] Salt Cure\n|-damage|p2a: Corviknight|28\/100|[from] Salt Cure\n|upkeep\n|turn|5\n|\n|t:|1683288382\n|switch|p1a: Ting-Lu|Ting-Lu, L50, tera:Poison|100\/100 par\n|-ability|p1a: Ting-Lu|Vessel of Ruin\n|move|p1b: Arcanine|Protect|p1b: Arcanine\n|-singleturn|p1b: Arcanine|Protect\n|move|p2b: Palafin|Wave Crash|p1a: Ting-Lu\n|-damage|p1a: Ting-Lu|54\/100 par\n|-damage|p2b: Palafin|11\/100|[from] Recoil\n|move|p2a: Corviknight|Brave Bird|p1a: Ting-Lu\n|-damage|p1a: Ting-Lu|0 fnt\n|faint|p1a: Ting-Lu\n|-damage|p2a: Corviknight|6\/100|[from] Recoil\n|\n|-heal|p2a: Corviknight|12\/100|[from] item: Leftovers\n|-damage|p2b: Palafin|0 fnt|[from] Salt Cure\n|faint|p2b: Palafin\n|-damage|p2a: Corviknight|0 fnt|[from] Salt Cure\n|faint|p2a: Corviknight\n|upkeep\n|\n|t:|1683288405\n|switch|p2b: Grimmsnarl|Grimmsnarl, L50, M|59\/100\n|switch|p2a: Flutter Mane|Flutter Mane, L50|100\/100\n|switch|p1a: Garganacl|Garganacl, L50, F|100\/100\n|-damage|p2a: Flutter Mane|88\/100|[from] Stealth Rock\n|-damage|p2b: Grimmsnarl|47\/100|[from] Stealth Rock\n|-enditem|p2a: Flutter Mane|Booster Energy\n|-activate|p2a: Flutter Mane|ability: Protosynthesis|[fromitem]\n|-start|p2a: Flutter Mane|protosynthesisspa\n|turn|6\n|\n|t:|1683288425\n|move|p2b: Grimmsnarl|Thunder Wave|p1b: Arcanine\n|-status|p1b: Arcanine|par\n|move|p2a: Flutter Mane|Energy Ball|p1a: Garganacl\n|-supereffective|p1a: Garganacl\n|-damage|p1a: Garganacl|46\/100\n|move|p1b: Arcanine|Will-O-Wisp|p2a: Flutter Mane\n|-status|p2a: Flutter Mane|brn\n|move|p1a: Garganacl|Salt Cure|p2a: Flutter Mane\n|-damage|p2a: Flutter Mane|71\/100 brn\n|-start|p2a: Flutter Mane|Salt Cure\n|\n|-heal|p1a: Garganacl|52\/100|[from] item: Leftovers\n|-damage|p2a: Flutter Mane|65\/100 brn|[from] brn\n|-damage|p2a: Flutter Mane|53\/100 brn|[from] Salt Cure\n|upkeep\n|turn|7\n|\n|t:|1683288445\n|move|p2a: Flutter Mane|Energy Ball|p1a: Garganacl\n|-supereffective|p1a: Garganacl\n|-damage|p1a: Garganacl|0 fnt\n|faint|p1a: Garganacl\n|move|p2b: Grimmsnarl|Spirit Break|p1b: Arcanine\n|-resisted|p1b: Arcanine\n|-damage|p1b: Arcanine|84\/100 par\n|-unboost|p1b: Arcanine|spa|1\n|move|p1b: Arcanine|Will-O-Wisp|p2b: Grimmsnarl\n|-status|p2b: Grimmsnarl|brn\n|\n|-damage|p2a: Flutter Mane|47\/100 brn|[from] brn\n|-damage|p2b: Grimmsnarl|41\/100 brn|[from] brn\n|-damage|p2a: Flutter Mane|35\/100 brn|[from] Salt Cure\n|upkeep\n|\n|t:|1683288459\n|switch|p1a: Roaring Moon|Roaring Moon, L50, shiny|100\/100\n|-enditem|p1a: Roaring Moon|Booster Energy\n|-activate|p1a: Roaring Moon|ability: Protosynthesis|[fromitem]\n|-start|p1a: Roaring Moon|protosynthesisatk\n|turn|8\n|\n|t:|1683288468\n|move|p1a: Roaring Moon|Protect|p1a: Roaring Moon\n|-singleturn|p1a: Roaring Moon|Protect\n|move|p2b: Grimmsnarl|Thunder Wave|p1a: Roaring Moon\n|-activate|p1a: Roaring Moon|move: Protect\n|move|p2a: Flutter Mane|Dazzling Gleam|p1a: Roaring Moon|[spread] p1b\n|-activate|p1a: Roaring Moon|move: Protect\n|-resisted|p1b: Arcanine\n|-damage|p1b: Arcanine|60\/100 par\n|move|p1b: Arcanine|Flare Blitz|p2a: Flutter Mane\n|-damage|p2a: Flutter Mane|0 fnt\n|faint|p2a: Flutter Mane\n|-end|p2a: Flutter Mane|Protosynthesis|[silent]\n|-damage|p1b: Arcanine|51\/100 par|[from] Recoil\n|\n|-damage|p2b: Grimmsnarl|35\/100 brn|[from] brn\n|upkeep\n|turn|9\n|\n|t:|1683288488\n|move|p1a: Roaring Moon|Acrobatics|p2b: Grimmsnarl\n|-damage|p2b: Grimmsnarl|1\/100 brn\n|move|p2b: Grimmsnarl|Spirit Break|p1a: Roaring Moon\n|-supereffective|p1a: Roaring Moon\n|-damage|p1a: Roaring Moon|39\/100\n|-unboost|p1a: Roaring Moon|spa|1\n|move|p1b: Arcanine|Flare Blitz|p2b: Grimmsnarl\n|-damage|p2b: Grimmsnarl|0 fnt\n|faint|p2b: Grimmsnarl\n|-damage|p1b: Arcanine|51\/100 par|[from] Recoil\n|\n|win|SeydouVGC\n|raw|SeydouVGC's rating: 1118 → 1150<\/strong> (+32 for winning)\n|raw|CCManny's rating: 1223 → 1191<\/strong> (-32 for losing)\n","uploadtime":1683288500,"views":5,"p1id":"seydouvgc","p2id":"ccmanny","formatid":"gen9vgc2023regulationc","rating":1150,"private":0,"password":""}