{"id":"gen9vgc2023regulationc-1862322240","p1":"lorde","p2":"RazorSquid","format":"[Gen 9] VGC 2023 Regulation C","log":"|j|\u2606lorde\n|j|\u2606RazorSquid\n|t:|1683865519\n|gametype|doubles\n|player|p1|lorde|volkner|1188\n|player|p2|RazorSquid|roughneck-gen4|1223\n|teamsize|p1|6\n|teamsize|p2|6\n|gen|9\n|tier|[Gen 9] VGC 2023 Regulation C\n|rated|\n|rule|Species Clause: Limit one of each Pok\u00e9mon\n|rule|Item Clause: Limit one of each item\n|clearpoke\n|poke|p1|Cetitan, L50, F|\n|poke|p1|Abomasnow, L50, F|\n|poke|p1|Slowking, L50, F|\n|poke|p1|Baxcalibur, L50, M|\n|poke|p1|Azumarill, L50, F|\n|poke|p1|Amoonguss, L50, M|\n|poke|p2|Muk, L50, F|\n|poke|p2|Tyranitar, L50, F|\n|poke|p2|Lycanroc, L50, F|\n|poke|p2|Flutter Mane, L50|\n|poke|p2|Amoonguss, L50, M|\n|poke|p2|Gyarados, L50, M|\n|teampreview|4\n|inactive|Battle timer is ON: inactive players will automatically lose when time's up. (requested by RazorSquid)\n|inactive|lorde has 60 seconds left.\n|inactive|RazorSquid has 60 seconds left.\n|\n|t:|1683865553\n|start\n|switch|p1a: Slowking|Slowking, L50, F|100\/100\n|switch|p1b: Cetitan|Cetitan, L50, F|100\/100\n|switch|p2a: Flutter Mane|Flutter Mane, L50|100\/100\n|switch|p2b: Lycanroc|Lycanroc, L50, F|100\/100\n|turn|1\n|\n|t:|1683865568\n|-end|p2a: Flutter Mane|Protosynthesis|[silent]\n|switch|p2a: Muk|Muk, L50, F, shiny|100\/100\n|move|p1b: Cetitan|Protect|p1b: Cetitan\n|-singleturn|p1b: Cetitan|Protect\n|move|p2b: Lycanroc|Rock Slide|p1a: Slowking|[spread] p1a\n|-activate|p1b: Cetitan|move: Protect\n|-damage|p1a: Slowking|72\/100\n|move|p1a: Slowking|Chilling Water|p2b: Lycanroc\n|-supereffective|p2b: Lycanroc\n|-damage|p2b: Lycanroc|17\/100\n|-unboost|p2b: Lycanroc|atk|1\n|\n|-heal|p1a: Slowking|78\/100|[from] item: Leftovers\n|upkeep\n|turn|2\n|inactive|lorde has 30 seconds left.\n|inactive|lorde has 20 seconds left.\n|\n|t:|1683865606\n|-terastallize|p1b: Cetitan|Water\n|move|p2b: Lycanroc|Endeavor|p1b: Cetitan\n|-damage|p1b: Cetitan|11\/100\n|-enditem|p1b: Cetitan|Sitrus Berry|[eat]\n|-heal|p1b: Cetitan|35\/100|[from] item: Sitrus Berry\n|move|p1b: Cetitan|Belly Drum||[still]\n|-fail|p1b: Cetitan\n|move|p2a: Muk|Drain Punch|p1b: Cetitan\n|-damage|p1b: Cetitan|16\/100\n|move|p1a: Slowking|Icy Wind|p2a: Muk|[spread] p2a,p2b\n|-damage|p2a: Muk|90\/100\n|-damage|p2b: Lycanroc|0 fnt\n|-unboost|p2a: Muk|spe|1\n|faint|p2b: Lycanroc\n|\n|-heal|p1a: Slowking|84\/100|[from] item: Leftovers\n|upkeep\n|\n|t:|1683865614\n|switch|p2b: Flutter Mane|Flutter Mane, L50|100\/100\n|turn|3\n|\n|t:|1683865635\n|-terastallize|p2b: Flutter Mane|Fairy\n|move|p2b: Flutter Mane|Moonblast|p1a: Slowking\n|-damage|p1a: Slowking|0 fnt\n|faint|p1a: Slowking\n|move|p1b: Cetitan|Liquidation|p2b: Flutter Mane\n|-damage|p2b: Flutter Mane|31\/100\n|move|p2a: Muk|Drain Punch|p1b: Cetitan\n|-damage|p1b: Cetitan|0 fnt\n|-heal|p2a: Muk|99\/100|[from] drain|[of] p1b: Cetitan\n|faint|p1b: Cetitan\n|\n|upkeep\n|\n|t:|1683865649\n|switch|p1b: Azumarill|Azumarill, L50, F|100\/100\n|switch|p1a: Baxcalibur|Baxcalibur, L50, M|100\/100\n|turn|4\n|\n|t:|1683865662\n|-end|p2b: Flutter Mane|Protosynthesis|[silent]\n|switch|p2b: Tyranitar|Tyranitar, L50, F|100\/100\n|-weather|Sandstorm|[from] ability: Sand Stream|[of] p2b: Tyranitar\n|move|p1b: Azumarill|Aqua Jet|p2b: Tyranitar\n|-supereffective|p2b: Tyranitar\n|-damage|p2b: Tyranitar|42\/100\n|-damage|p1b: Azumarill|91\/100|[from] item: Life Orb\n|move|p1a: Baxcalibur|Dragon Dance|p1a: Baxcalibur\n|-boost|p1a: Baxcalibur|atk|1\n|-boost|p1a: Baxcalibur|spe|1\n|move|p2a: Muk|Gunk Shot|p1b: Azumarill\n|-supereffective|p1b: Azumarill\n|-damage|p1b: Azumarill|0 fnt\n|faint|p1b: Azumarill\n|\n|-weather|Sandstorm|[upkeep]\n|-damage|p1a: Baxcalibur|95\/100|[from] Sandstorm\n|-damage|p2a: Muk|94\/100|[from] Sandstorm\n|upkeep\n|turn|5\n|\n|t:|1683865682\n|move|p1a: Baxcalibur|Icicle Spear|p2a: Muk\n|-damage|p2a: Muk|77\/100\n|-damage|p2a: Muk|60\/100\n|-damage|p2a: Muk|45\/100\n|-enditem|p2a: Muk|Sitrus Berry|[eat]\n|-heal|p2a: Muk|70\/100|[from] item: Sitrus Berry\n|-damage|p2a: Muk|55\/100\n|-hitcount|p2a: Muk|4\n|move|p2b: Tyranitar|Low Kick|p1a: Baxcalibur\n|-supereffective|p1a: Baxcalibur\n|-damage|p1a: Baxcalibur|5\/100\n|move|p2a: Muk|Haze|p2a: Muk\n|-clearallboost\n|\n|-weather|Sandstorm|[upkeep]\n|-damage|p1a: Baxcalibur|0 fnt|[from] Sandstorm\n|-damage|p2a: Muk|49\/100|[from] Sandstorm\n|faint|p1a: Baxcalibur\n|\n|win|RazorSquid\n|upkeep\n|raw|lorde's rating: 1188 → 1166<\/strong> (-22 for losing)\n|raw|RazorSquid's rating: 1223 → 1245<\/strong> (+22 for winning)\n|l|\u2606lorde\n","uploadtime":1683865705,"views":14,"p1id":"lorde","p2id":"razorsquid","formatid":"gen9vgc2023regulationc","rating":1166,"private":0,"password":""}