{"id":"gen9vgc2023regulationc-1846200001","p1":"Cesare","p2":"Jirachi0997","format":"[Gen 9] VGC 2023 Regulation C","log":"|j|\u2606Cesare\n|j|\u2606Jirachi0997\n|t:|1681820428\n|gametype|doubles\n|player|p1|Cesare|101|1325\n|player|p2|Jirachi0997|2|1291\n|teamsize|p1|6\n|teamsize|p2|6\n|gen|9\n|tier|[Gen 9] VGC 2023 Regulation C\n|rated|\n|rule|Species Clause: Limit one of each Pok\u00e9mon\n|rule|Item Clause: Limit one of each item\n|clearpoke\n|poke|p1|Gyarados, L50, F|\n|poke|p1|Chi-Yu, L50|\n|poke|p1|Ceruledge, L50, F|\n|poke|p1|Gastrodon, L50, F|\n|poke|p1|Scizor, L50, F|\n|poke|p1|Glimmora, L50, M|\n|poke|p2|Flutter Mane, L50|\n|poke|p2|Chi-Yu, L50|\n|poke|p2|Iron Bundle, L50|\n|poke|p2|Amoonguss, L50, M|\n|poke|p2|Chien-Pao, L50|\n|poke|p2|Dragonite, L50, F|\n|teampreview|4\nCesare has agreed to open team sheets.\n|\n|t:|1681820448\n|start\n|switch|p1a: Chi-Yu|Chi-Yu, L50|100\/100\n|switch|p1b: Gastrodon|Gastrodon, L50, F|100\/100\n|switch|p2a: Amoonguss|Amoonguss, L50, M|100\/100\n|switch|p2b: Iron Bundle|Iron Bundle, L50|100\/100\n|-ability|p1a: Chi-Yu|Beads of Ruin\n|-enditem|p2b: Iron Bundle|Booster Energy\n|-activate|p2b: Iron Bundle|ability: Quark Drive|[fromitem]\n|-start|p2b: Iron Bundle|quarkdrivespe\n|turn|1\n|inactive|Battle timer is ON: inactive players will automatically lose when time's up. (requested by Jirachi0997)\n|inactive|Cesare has 60 seconds left.\n|inactive|Jirachi0997 has 60 seconds left.\n|\n|t:|1681820500\n|switch|p1b: Ceruledge|Ceruledge, L50, F|100\/100\n|-terastallize|p2a: Amoonguss|Water\n|move|p2b: Iron Bundle|Protect|p2b: Iron Bundle\n|-singleturn|p2b: Iron Bundle|Protect\n|move|p1a: Chi-Yu|Lava Plume|p2b: Iron Bundle|[spread] p2a\n|-activate|p2b: Iron Bundle|move: Protect\n|-start|p1b: Ceruledge|ability: Flash Fire\n|-resisted|p2a: Amoonguss\n|-damage|p2a: Amoonguss|81\/100\n|-status|p2a: Amoonguss|brn\n|move|p2a: Amoonguss|Spore|p1b: Ceruledge\n|-status|p1b: Ceruledge|slp|[from] move: Spore\n|\n|-damage|p2a: Amoonguss|75\/100 brn|[from] brn\n|upkeep\n|turn|2\n|\n|t:|1681820524\n|switch|p1a: Gastrodon|Gastrodon, L50, F|100\/100\n|move|p2b: Iron Bundle|Hydro Pump|p1a: Gastrodon\n|-ability|p1a: Gastrodon|Storm Drain|boost\n|-boost|p1a: Gastrodon|spa|1\n|cant|p1b: Ceruledge|slp\n|move|p2a: Amoonguss|Pollen Puff|p1a: Gastrodon\n|-damage|p1a: Gastrodon|85\/100\n|\n|-damage|p2a: Amoonguss|69\/100 brn|[from] brn\n|upkeep\n|turn|3\n|\n|t:|1681820543\n|move|p1a: Gastrodon|Protect|p1a: Gastrodon\n|-singleturn|p1a: Gastrodon|Protect\n|move|p2b: Iron Bundle|Freeze-Dry|p1a: Gastrodon\n|-activate|p1a: Gastrodon|move: Protect\n|cant|p1b: Ceruledge|slp\n|move|p2a: Amoonguss|Spore|p1a: Gastrodon\n|-activate|p1a: Gastrodon|move: Protect\n|\n|-damage|p2a: Amoonguss|63\/100 brn|[from] brn\n|upkeep\n|turn|4\n|inactive|Cesare has 30 seconds left.\n|\n|t:|1681820570\n|switch|p1a: Chi-Yu|Chi-Yu, L50|100\/100\n|-ability|p1a: Chi-Yu|Beads of Ruin\n|move|p2a: Amoonguss|Rage Powder|p2a: Amoonguss\n|-singleturn|p2a: Amoonguss|move: Rage Powder\n|move|p2b: Iron Bundle|Hydro Pump|p1a: Chi-Yu\n|-supereffective|p1a: Chi-Yu\n|-damage|p1a: Chi-Yu|0 fnt\n|faint|p1a: Chi-Yu\n|-curestatus|p1b: Ceruledge|slp|[msg]\n|move|p1b: Ceruledge|Bulk Up|p1b: Ceruledge\n|-boost|p1b: Ceruledge|atk|1\n|-boost|p1b: Ceruledge|def|1\n|\n|-damage|p2a: Amoonguss|58\/100 brn|[from] brn\n|upkeep\n|inactive|Cesare has 30 seconds left.\n|\n|t:|1681820596\n|switch|p1a: Scizor|Scizor, L50, F|100\/100\n|turn|5\n|\n|t:|1681820614\n|-terastallize|p1b: Ceruledge|Grass\n|move|p2b: Iron Bundle|Protect|p2b: Iron Bundle\n|-singleturn|p2b: Iron Bundle|Protect\n|move|p1a: Scizor|Bullet Punch|p2b: Iron Bundle\n|-activate|p2b: Iron Bundle|move: Protect\n|move|p1b: Ceruledge|Bitter Blade|p2a: Amoonguss\n|-resisted|p2a: Amoonguss\n|-damage|p2a: Amoonguss|17\/100 brn\n|-enditem|p2a: Amoonguss|Sitrus Berry|[eat]\n|-heal|p2a: Amoonguss|42\/100 brn|[from] item: Sitrus Berry\n|move|p2a: Amoonguss|Spore|p1b: Ceruledge\n|-immune|p1b: Ceruledge\n|\n|-damage|p2a: Amoonguss|36\/100 brn|[from] brn\n|upkeep\n|turn|6\n|\n|t:|1681820637\n|move|p1b: Ceruledge|Shadow Sneak|p2b: Iron Bundle\n|-damage|p2b: Iron Bundle|64\/100\n|move|p1a: Scizor|Bullet Punch|p2b: Iron Bundle\n|-damage|p2b: Iron Bundle|7\/100\n|-damage|p1a: Scizor|91\/100|[from] item: Life Orb\n|move|p2b: Iron Bundle|Hydro Pump|p1a: Scizor\n|-damage|p1a: Scizor|29\/100\n|move|p2a: Amoonguss|Clear Smog|p1b: Ceruledge\n|-supereffective|p1b: Ceruledge\n|-damage|p1b: Ceruledge|76\/100\n|-clearboost|p1b: Ceruledge\n|\n|-damage|p2a: Amoonguss|30\/100 brn|[from] brn\n|upkeep\n|turn|7\n|inactive|Cesare has 30 seconds left.\n|\n|t:|1681820668\n|move|p2b: Iron Bundle|Protect|p2b: Iron Bundle\n|-singleturn|p2b: Iron Bundle|Protect\n|move|p1b: Ceruledge|Protect|p1b: Ceruledge\n|-singleturn|p1b: Ceruledge|Protect\n|move|p1a: Scizor|U-turn|p2b: Iron Bundle\n|-activate|p2b: Iron Bundle|move: Protect\n|move|p2a: Amoonguss|Spore|p1a: Scizor\n|-status|p1a: Scizor|slp|[from] move: Spore\n|\n|-damage|p2a: Amoonguss|24\/100 brn|[from] brn\n|upkeep\n|turn|8\n|\n|t:|1681820680\n|cant|p1a: Scizor|slp\n|move|p1b: Ceruledge|Shadow Sneak|p2b: Iron Bundle\n|-crit|p2b: Iron Bundle\n|-damage|p2b: Iron Bundle|0 fnt\n|faint|p2b: Iron Bundle\n|-end|p2b: Iron Bundle|Quark Drive|[silent]\n|move|p2a: Amoonguss|Clear Smog|p1b: Ceruledge\n|-supereffective|p1b: Ceruledge\n|-damage|p1b: Ceruledge|49\/100\n|-clearboost|p1b: Ceruledge\n|\n|-damage|p2a: Amoonguss|19\/100 brn|[from] brn\n|upkeep\n|\n|t:|1681820693\n|switch|p2b: Chi-Yu|Chi-Yu, L50|100\/100\n|-ability|p2b: Chi-Yu|Beads of Ruin\n|turn|9\n|\n|t:|1681820716\n|-curestatus|p1a: Scizor|slp|[msg]\n|move|p1a: Scizor|Protect|p1a: Scizor\n|-singleturn|p1a: Scizor|Protect\n|move|p2b: Chi-Yu|Dark Pulse|p1b: Ceruledge\n|-damage|p1b: Ceruledge|0 fnt\n|faint|p1b: Ceruledge\n|-damage|p2b: Chi-Yu|90\/100|[from] item: Life Orb\n|move|p2a: Amoonguss|Pollen Puff|p1a: Scizor\n|-activate|p1a: Scizor|move: Protect\n|\n|-damage|p2a: Amoonguss|13\/100 brn|[from] brn\n|upkeep\n|\n|t:|1681820728\n|switch|p1b: Gastrodon|Gastrodon, L50, F|85\/100\n|turn|10\n|\n|t:|1681820741\n|move|p1b: Gastrodon|Protect|p1b: Gastrodon\n|-singleturn|p1b: Gastrodon|Protect\n|move|p2a: Amoonguss|Rage Powder|p2a: Amoonguss\n|-singleturn|p2a: Amoonguss|move: Rage Powder\n|move|p2b: Chi-Yu|Heat Wave|p1b: Gastrodon|[spread] p1a\n|-activate|p1b: Gastrodon|move: Protect\n|-supereffective|p1a: Scizor\n|-damage|p1a: Scizor|0 fnt\n|faint|p1a: Scizor\n|-damage|p2b: Chi-Yu|80\/100|[from] item: Life Orb\n|\n|-damage|p2a: Amoonguss|7\/100 brn|[from] brn\n|upkeep\n|turn|11\n|\n|t:|1681820753\n|move|p2b: Chi-Yu|Dark Pulse|p1b: Gastrodon\n|-damage|p1b: Gastrodon|14\/100\n|-damage|p2b: Chi-Yu|70\/100|[from] item: Life Orb\n|move|p1b: Gastrodon|Muddy Water|p2a: Amoonguss|[spread] p2a,p2b\n|-resisted|p2a: Amoonguss\n|-supereffective|p2b: Chi-Yu\n|-damage|p2a: Amoonguss|0 fnt\n|-damage|p2b: Chi-Yu|4\/100\n|faint|p2a: Amoonguss\n|\n|upkeep\n|\n|t:|1681820757\n|switch|p2a: Flutter Mane|Flutter Mane, L50|100\/100\n|turn|12\n|\n|t:|1681820763\n|move|p2a: Flutter Mane|Dazzling Gleam|p1b: Gastrodon\n|-damage|p1b: Gastrodon|0 fnt\n|faint|p1b: Gastrodon\n|\n|win|Jirachi0997\n|raw|Cesare's rating: 1325 → 1303<\/strong> (-22 for losing)\n|raw|Jirachi0997's rating: 1291 → 1318<\/strong> (+27 for winning)\n|l|\u2606Cesare\n","uploadtime":1681820886,"views":6,"p1id":"cesare","p2id":"jirachi0997","formatid":"gen9vgc2023regulationc","rating":1303,"private":0,"password":""}