{"id":"gen9vgc2023regulationc-1847470815","p1":"addyson789","p2":"sauceconnoisseur","format":"[Gen 9] VGC 2023 Regulation C","log":"|j|\u2606addyson789\n|j|\u2606sauceconnoisseur\n|t:|1681959145\n|gametype|doubles\n|player|p1|addyson789|ninjaboy|1327\n|player|p2|sauceconnoisseur|swimmer|1311\n|teamsize|p1|6\n|teamsize|p2|6\n|gen|9\n|tier|[Gen 9] VGC 2023 Regulation C\n|rated|\n|rule|Species Clause: Limit one of each Pok\u00e9mon\n|rule|Item Clause: Limit one of each item\n|clearpoke\n|poke|p1|Flutter Mane, L50|\n|poke|p1|Kingambit, L50, F|\n|poke|p1|Garchomp, L50, M|\n|poke|p1|Chien-Pao, L50|\n|poke|p1|Dragonite, L50, F|\n|poke|p1|Gyarados, L50, M|\n|poke|p2|Maushold, L50|\n|poke|p2|Annihilape, L50, M|\n|poke|p2|Amoonguss, L50, F|\n|poke|p2|Flutter Mane, L50|\n|poke|p2|Roaring Moon, L50|\n|poke|p2|Palafin, L50, F|\n|teampreview|4\n|\n|t:|1681959190\n|start\n|switch|p1a: Flutter Mane|Flutter Mane, L50|100\/100\n|switch|p1b: Kingambit|Kingambit, L50, F|100\/100\n|switch|p2a: Mane 2.0|Flutter Mane, L50|100\/100\n|switch|p2b: Amoonguss|Amoonguss, L50, F|100\/100\n|-enditem|p1a: Flutter Mane|Booster Energy\n|-activate|p1a: Flutter Mane|ability: Protosynthesis|[fromitem]\n|-start|p1a: Flutter Mane|protosynthesisspa\n|turn|1\n|\n|t:|1681959214\n|-terastallize|p1b: Kingambit|Flying\n|move|p1a: Flutter Mane|Protect|p1a: Flutter Mane\n|-singleturn|p1a: Flutter Mane|Protect\n|move|p2a: Mane 2.0|Protect|p2a: Mane 2.0\n|-singleturn|p2a: Mane 2.0|Protect\n|move|p1b: Kingambit|Tera Blast|p2b: Amoonguss\n|-supereffective|p2b: Amoonguss\n|-damage|p2b: Amoonguss|24\/100\n|-enditem|p2b: Amoonguss|Sitrus Berry|[eat]\n|-heal|p2b: Amoonguss|48\/100|[from] item: Sitrus Berry\n|move|p2b: Amoonguss|Spore|p1b: Kingambit\n|-status|p1b: Kingambit|slp|[from] move: Spore\n|\n|upkeep\n|turn|2\n|\n|t:|1681959252\n|switch|p2b: Maushold|Maushold, L50|100\/100\n|cant|p1b: Kingambit|slp\n|move|p1a: Flutter Mane|Shadow Ball|p2a: Mane 2.0\n|-supereffective|p2a: Mane 2.0\n|-damage|p2a: Mane 2.0|27\/100\n|move|p2a: Mane 2.0|Shadow Ball|p1a: Flutter Mane\n|-supereffective|p1a: Flutter Mane\n|-damage|p1a: Flutter Mane|0 fnt\n|faint|p1a: Flutter Mane\n|-end|p1a: Flutter Mane|Protosynthesis|[silent]\n|-damage|p2a: Mane 2.0|17\/100|[from] item: Life Orb\n|\n|upkeep\n|\n|t:|1681959265\n|switch|p1a: Chien-Pao|Chien-Pao, L50|100\/100\n|-ability|p1a: Chien-Pao|Sword of Ruin\n|turn|3\n|\n|t:|1681959288\n|-end|p2a: Mane 2.0|Protosynthesis|[silent]\n|switch|p2a: Ape 2.0|Annihilape, L50, M|100\/100\n|-terastallize|p2b: Maushold|Ghost\n|move|p1a: Chien-Pao|Protect|p1a: Chien-Pao\n|-singleturn|p1a: Chien-Pao|Protect\n|move|p2b: Maushold|Beat Up|p2a: Ape 2.0\n|-damage|p2a: Ape 2.0|98\/100\n|-damage|p2a: Ape 2.0|96\/100\n|-damage|p2a: Ape 2.0|94\/100\n|-damage|p2a: Ape 2.0|92\/100\n|-hitcount|p2a: Ape 2.0|4\n|-curestatus|p1b: Kingambit|slp|[msg]\n|move|p1b: Kingambit|Tera Blast|p2a: Ape 2.0\n|-supereffective|p2a: Ape 2.0\n|-damage|p2a: Ape 2.0|3\/100\n|\n|-heal|p2a: Ape 2.0|9\/100|[from] item: Leftovers\n|upkeep\n|turn|4\n|\n|t:|1681959311\n|move|p2b: Maushold|Follow Me|p2b: Maushold\n|-singleturn|p2b: Maushold|move: Follow Me\n|move|p1a: Chien-Pao|Sucker Punch||[still]\n|-fail|p1a: Chien-Pao\n|move|p2a: Ape 2.0|Rage Fist|p1b: Kingambit\n|-damage|p1b: Kingambit|0 fnt\n|faint|p1b: Kingambit\n|\n|-heal|p2a: Ape 2.0|15\/100|[from] item: Leftovers\n|upkeep\n|\n|t:|1681959320\n|switch|p1b: Garchomp|Garchomp, L50, M, shiny|100\/100\n|turn|5\n|\n|t:|1681959351\n|switch|p2a: Amoonguss|Amoonguss, L50, F|81\/100\n|move|p1a: Chien-Pao|Ice Spinner|p2b: Maushold\n|-damage|p2b: Maushold|42\/100\n|move|p1b: Garchomp|Rock Slide|p2a: Amoonguss|[spread] p2a,p2b\n|-damage|p2a: Amoonguss|62\/100\n|-damage|p2b: Maushold|2\/100\n|-damage|p1b: Garchomp|91\/100|[from] item: Life Orb\n|move|p2b: Maushold|Super Fang|p1a: Chien-Pao|[miss]\n|-miss|p2b: Maushold|p1a: Chien-Pao\n|\n|upkeep\n|turn|6\n|\n|t:|1681959369\n|move|p2b: Maushold|Follow Me|p2b: Maushold\n|-singleturn|p2b: Maushold|move: Follow Me\n|move|p1a: Chien-Pao|Ice Spinner|p2b: Maushold\n|-damage|p2b: Maushold|0 fnt\n|faint|p2b: Maushold\n|move|p1b: Garchomp|Rock Slide|p2a: Amoonguss\n|-crit|p2a: Amoonguss\n|-damage|p2a: Amoonguss|10\/100\n|-damage|p1b: Garchomp|81\/100|[from] item: Life Orb\n|cant|p2a: Amoonguss|flinch\n|\n|upkeep\n|\n|t:|1681959380\n|switch|p2b: Mane 2.0|Flutter Mane, L50|17\/100\n|turn|7\n|\n|t:|1681959392\n|move|p1b: Garchomp|Protect|p1b: Garchomp\n|-singleturn|p1b: Garchomp|Protect\n|move|p2a: Amoonguss|Rage Powder|p2a: Amoonguss\n|-singleturn|p2a: Amoonguss|move: Rage Powder\n|move|p1a: Chien-Pao|Ice Spinner|p2a: Amoonguss\n|-supereffective|p2a: Amoonguss\n|-damage|p2a: Amoonguss|0 fnt\n|faint|p2a: Amoonguss\n|move|p2b: Mane 2.0|Dazzling Gleam|p1b: Garchomp|[spread] p1a\n|-activate|p1b: Garchomp|move: Protect\n|-supereffective|p1a: Chien-Pao\n|-enditem|p1a: Chien-Pao|Focus Sash\n|-damage|p1a: Chien-Pao|1\/100\n|-damage|p2b: Mane 2.0|8\/100|[from] item: Life Orb\n|\n|upkeep\n|\n|t:|1681959395\n|switch|p2a: Ape 2.0|Annihilape, L50, M|15\/100\n|turn|8\n|\n|t:|1681959436\n|move|p2b: Mane 2.0|Protect|p2b: Mane 2.0\n|-singleturn|p2b: Mane 2.0|Protect\n|move|p1a: Chien-Pao|Sucker Punch||[still]\n|-fail|p1a: Chien-Pao\n|move|p1b: Garchomp|Rock Slide|p2a: Ape 2.0|[spread] \n|-activate|p2b: Mane 2.0|move: Protect\n|-miss|p1b: Garchomp|p2a: Ape 2.0\n|move|p2a: Ape 2.0|Drain Punch|p1a: Chien-Pao\n|-supereffective|p1a: Chien-Pao\n|-damage|p1a: Chien-Pao|0 fnt\n|-heal|p2a: Ape 2.0|16\/100|[from] drain|[of] p1a: Chien-Pao\n|faint|p1a: Chien-Pao\n|\n|-heal|p2a: Ape 2.0|22\/100|[from] item: Leftovers\n|upkeep\n|turn|9\n|\n|t:|1681959452\n|move|p2b: Mane 2.0|Dazzling Gleam|p1b: Garchomp\n|-supereffective|p1b: Garchomp\n|-damage|p1b: Garchomp|0 fnt\n|faint|p1b: Garchomp\n|-damage|p2b: Mane 2.0|0 fnt|[from] item: Life Orb\n|faint|p2b: Mane 2.0\n|-end|p2b: Mane 2.0|Protosynthesis|[silent]\n|\n|win|sauceconnoisseur\n|raw|addyson789's rating: 1327 → 1306<\/strong> (-21 for losing)\n|raw|sauceconnoisseur's rating: 1311 → 1332<\/strong> (+21 for winning)\n|l|\u2606sauceconnoisseur\n","uploadtime":1681959547,"views":3,"p1id":"addyson789","p2id":"sauceconnoisseur","formatid":"gen9vgc2023regulationc","rating":1306,"private":0,"password":""}