{"id":"gen9vgc2023regulationc-1858277966","p1":"bombermc99","p2":"coranda_VGC","format":"[Gen 9] VGC 2023 Regulation C","log":"|j|\u2606bombermc99\n|j|\u2606coranda_VGC\n|t:|1683297856\n|gametype|doubles\n|player|p1|bombermc99|170|1604\n|player|p2|coranda_VGC|cress|1523\n|teamsize|p1|6\n|teamsize|p2|6\n|gen|9\n|tier|[Gen 9] VGC 2023 Regulation C\n|rated|\n|rule|Species Clause: Limit one of each Pok\u00e9mon\n|rule|Item Clause: Limit one of each item\n|clearpoke\n|poke|p1|Lycanroc, L50, M|\n|poke|p1|Tyranitar, L50, M|\n|poke|p1|Tatsugiri, L50, F|\n|poke|p1|Dondozo, L50, M|\n|poke|p1|Scream Tail, L50|\n|poke|p1|Gothitelle, L50, M|\n|poke|p2|Chien-Pao, L50|\n|poke|p2|Ting-Lu, L50|\n|poke|p2|Chi-Yu, L50|\n|poke|p2|Dragonite, L50, F|\n|poke|p2|Baxcalibur, L50, F|\n|poke|p2|Ceruledge, L50, M|\n|teampreview|4\n|\n|t:|1683297893\n|start\n|switch|p1a: Akashi|Scream Tail, L50, shiny|100\/100\n|switch|p1b: Kuroko|Tatsugiri, L50, F|100\/100\n|switch|p2a: Dragonite|Dragonite, L50, F|100\/100\n|switch|p2b: Ting-Lu|Ting-Lu, L50|100\/100\n|-ability|p2b: Ting-Lu|Vessel of Ruin\n|-enditem|p1a: Akashi|Booster Energy\n|-activate|p1a: Akashi|ability: Protosynthesis|[fromitem]\n|-start|p1a: Akashi|protosynthesisspe\n|turn|1\n|\n|t:|1683297916\n|switch|p1b: Murasakibara|Gothitelle, L50, M, shiny|100\/100\n|move|p2a: Dragonite|Extreme Speed|p1a: Akashi\n|-damage|p1a: Akashi|66\/100\n|move|p1a: Akashi|Perish Song|p1a: Akashi\n|-start|p1a: Akashi|perish3|[silent]\n|-start|p1b: Murasakibara|perish3|[silent]\n|-start|p2a: Dragonite|perish3|[silent]\n|-start|p2b: Ting-Lu|perish3|[silent]\n|-fieldactivate|move: Perish Song\n|move|p2b: Ting-Lu|Earthquake|p1a: Akashi|[spread] p1a,p1b\n|-immune|p2a: Dragonite\n|-damage|p1a: Akashi|38\/100\n|-damage|p1b: Murasakibara|67\/100\n|\n|-start|p1a: Akashi|perish3\n|-start|p2a: Dragonite|perish3\n|-start|p1b: Murasakibara|perish3\n|-start|p2b: Ting-Lu|perish3\n|upkeep\n|turn|2\n|j| Wecbonbon\n|j| samsmithy\n|l| samsmithy\n|j| mybossisabum\n|\n|t:|1683297949\n|move|p1b: Murasakibara|Fake Out|p2b: Ting-Lu\n|-damage|p2b: Ting-Lu|97\/100\n|move|p2a: Dragonite|Extreme Speed|p1b: Murasakibara\n|-damage|p1b: Murasakibara|24\/100\n|-enditem|p1b: Murasakibara|Sitrus Berry|[eat]\n|-heal|p1b: Murasakibara|49\/100|[from] item: Sitrus Berry\n|move|p1a: Akashi|Disable|p2a: Dragonite\n|-start|p2a: Dragonite|Disable|Extreme Speed\n|cant|p2b: Ting-Lu|flinch\n|\n|-start|p1a: Akashi|perish2\n|-start|p2a: Dragonite|perish2\n|-start|p1b: Murasakibara|perish2\n|-start|p2b: Ting-Lu|perish2\n|upkeep\n|turn|3\n|l| mybossisabum\n|j| Drsithlord\n|l| Drsithlord\n|\n|t:|1683297977\n|move|p1b: Murasakibara|Protect|p1b: Murasakibara\n|-singleturn|p1b: Murasakibara|Protect\n|move|p1a: Akashi|Disable|p2b: Ting-Lu\n|-start|p2b: Ting-Lu|Disable|Earthquake\n|-activate|p2a: Dragonite|move: Struggle\n|move|p2a: Dragonite|Struggle|p1b: Murasakibara\n|-activate|p1b: Murasakibara|move: Protect\n|cant|p2b: Ting-Lu|Disable|Earthquake\n|\n|-start|p1a: Akashi|perish1\n|-start|p2a: Dragonite|perish1\n|-start|p1b: Murasakibara|perish1\n|-start|p2b: Ting-Lu|perish1\n|upkeep\n|turn|4\n|\n|t:|1683297997\n|-end|p1a: Akashi|Protosynthesis|[silent]\n|switch|p1a: Aomine|Dondozo, L50, M|100\/100\n|switch|p1b: Kuroko|Tatsugiri, L50, F|100\/100\n|-activate|p1b: Kuroko|ability: Commander|[of] p1a: Aomine\n|-boost|p1a: Aomine|atk|2\n|-boost|p1a: Aomine|spa|2\n|-boost|p1a: Aomine|spe|2\n|-boost|p1a: Aomine|def|2\n|-boost|p1a: Aomine|spd|2\n|-activate|p2a: Dragonite|move: Struggle\n|move|p2a: Dragonite|Struggle|p1a: Aomine\n|-damage|p1a: Aomine|92\/100\n|-damage|p2a: Dragonite|76\/100|[from] recoil\n|move|p2b: Ting-Lu|Payback|p1b: Kuroko|[miss]\n|-miss|p2b: Ting-Lu|p1b: Kuroko\n|\n|-start|p2a: Dragonite|perish0\n|-start|p2b: Ting-Lu|perish0\n|upkeep\n|faint|p2a: Dragonite\n|faint|p2b: Ting-Lu\n|\n|t:|1683298003\n|switch|p2a: Chien-Pao|Chien-Pao, L50|100\/100\n|switch|p2b: Chi-Yu|Chi-Yu, L50|100\/100\n|-ability|p2a: Chien-Pao|Sword of Ruin\n|-ability|p2b: Chi-Yu|Beads of Ruin\n|turn|5\n|\n|t:|1683298022\n|-terastallize|p2b: Chi-Yu|Ghost\n|move|p2a: Chien-Pao|Haze|p2a: Chien-Pao\n|-clearallboost\n|move|p2b: Chi-Yu|Dark Pulse|p1a: Aomine\n|-damage|p1a: Aomine|56\/100\n|move|p1a: Aomine|Rock Slide|p2b: Chi-Yu|[spread] p2a,p2b\n|-supereffective|p2a: Chien-Pao\n|-damage|p2a: Chien-Pao|54\/100\n|-damage|p2b: Chi-Yu|70\/100\n|\n|upkeep\n|turn|6\n|\n|t:|1683298036\n|move|p2a: Chien-Pao|Sucker Punch|p1a: Aomine\n|-damage|p1a: Aomine|25\/100\n|move|p2b: Chi-Yu|Dark Pulse|p1a: Aomine\n|-damage|p1a: Aomine|0 fnt\n|faint|p1a: Aomine\n|\n|upkeep\n|\n|t:|1683298063\n|switch|p1a: Akashi|Scream Tail, L50, shiny|38\/100\n|turn|7\n|\n|t:|1683298105\n|-terastallize|p1a: Akashi|Steel\n|move|p2a: Chien-Pao|Ice Spinner|p1b: Kuroko\n|-damage|p1b: Kuroko|5\/100\n|move|p1a: Akashi|Perish Song|p1a: Akashi\n|-start|p1a: Akashi|perish3|[silent]\n|-start|p1b: Kuroko|perish3|[silent]\n|-start|p2a: Chien-Pao|perish3|[silent]\n|-start|p2b: Chi-Yu|perish3|[silent]\n|-fieldactivate|move: Perish Song\n|move|p1b: Kuroko|Draco Meteor|p2a: Chien-Pao\n|-damage|p2a: Chien-Pao|0 fnt\n|-unboost|p1b: Kuroko|spa|2\n|faint|p2a: Chien-Pao\n|move|p2b: Chi-Yu|Dark Pulse|p1a: Akashi\n|-damage|p1a: Akashi|0 fnt\n|faint|p1a: Akashi\n|-end|p1a: Akashi|Protosynthesis|[silent]\n|\n|-start|p1b: Kuroko|perish3\n|-start|p2b: Chi-Yu|perish3\n|upkeep\n|\n|t:|1683298123\n|switch|p1a: Murasakibara|Gothitelle, L50, M, shiny|49\/100\n|turn|8\n|\n|t:|1683298135\n|move|p1a: Murasakibara|Protect|p1a: Murasakibara\n|-singleturn|p1a: Murasakibara|Protect\n|move|p1b: Kuroko|Draco Meteor|p2b: Chi-Yu\n|-damage|p2b: Chi-Yu|22\/100\n|-unboost|p1b: Kuroko|spa|2\n|-enditem|p2b: Chi-Yu|Sitrus Berry|[eat]\n|-heal|p2b: Chi-Yu|47\/100|[from] item: Sitrus Berry\n|move|p2b: Chi-Yu|Lava Plume|p1a: Murasakibara|[spread] p1b\n|-activate|p1a: Murasakibara|move: Protect\n|-resisted|p1b: Kuroko\n|-damage|p1b: Kuroko|0 fnt\n|faint|p1b: Kuroko\n|\n|-start|p2b: Chi-Yu|perish2\n|upkeep\n|turn|9\n|\n|t:|1683298155\n|move|p2b: Chi-Yu|Dark Pulse|p1a: Murasakibara\n|-supereffective|p1a: Murasakibara\n|-damage|p1a: Murasakibara|0 fnt\n|faint|p1a: Murasakibara\n|\n|win|coranda_VGC\n|raw|bombermc99's rating: 1604 → 1579<\/strong> (-25 for losing)\n|raw|coranda_VGC's rating: 1523 → 1548<\/strong> (+25 for winning)\n|l|\u2606bombermc99\n|l| Wecbonbon\n|l|\u2606coranda_VGC\n","uploadtime":1683298591,"views":8,"p1id":"bombermc99","p2id":"corandavgc","formatid":"gen9vgc2023regulationc","rating":1548,"private":0,"password":""}