{"id":"gen9vgc2023regulationc-1863365728","p1":"GenericName3333","p2":"Yueku","format":"[Gen 9] VGC 2023 Regulation C","log":"|j|\u2606GenericName3333\n|j|\u2606Yueku\n|t:|1684007745\n|gametype|doubles\n|player|p1|GenericName3333|whitney|\n|player|p2|Yueku|2|\n|teamsize|p1|6\n|teamsize|p2|6\n|gen|9\n|tier|[Gen 9] VGC 2023 Regulation C\n|rule|Tera Type Preview: Tera Types are shown at Team Preview\n|rule|Species Clause: Limit one of each Pok\u00e9mon\n|rule|Item Clause: Limit one of each item\n|clearpoke\n|poke|p1|Gholdengo, L50|\n|poke|p1|Foongus, L50, F|\n|poke|p1|Grimmsnarl, L50, M|\n|poke|p1|Mudsdale, L50, M|\n|poke|p1|Palafin, L50, M|\n|poke|p1|Bellibolt, L50, M|\n|poke|p2|Iron Bundle, L50|\n|poke|p2|Wo-Chien, L50|\n|poke|p2|Arcanine, L50, M|\n|poke|p2|Tinkaton, L50, F|\n|poke|p2|Iron Valiant, L50|\n|poke|p2|Garganacl, L50, F|\n|teampreview|4\n|raw|GenericName3333's Tera Types: \/ \/ \/ \/ \/ \n|raw|Yueku's Tera Types: \/ \/ \/ \/ \/ \n|c|\u2606GenericName3333|g1\nGenericName3333 rejected open team sheets.\n|c|\u2606GenericName3333|glhf!\n|j| Judah<3\n|c|\u2606Yueku|you got lives or want me to do it?\n|c|\u2606GenericName3333|?\n|c|\u2606Yueku|for the live battle\n|c| Judah<3|does smogon even do lives\n|c|\u2606Yueku|i can do it\n|c|\u2606GenericName3333|ohh\n|c|\u2606Yueku|yeah\n|c|\u2606GenericName3333|if u want sure\n|c| Judah<3|bro says he cant mock with my team cause its stall but has garg wo-chien\n|c|\u2606Yueku|shhh\n|j| tzarii\n|c|\u2606Yueku|be quiet judah\n|c|\u2606Yueku|glhf\n|j| glowbrogang\n|c| glowbrogang|ooo mudsdale\n|c| tzarii|foongus boutta sweep\n|c|\u2606Yueku|fr\n|c| Judah<3|real\n|c| Judah<3|av foongus\n|j| winda the spinda\n|\n|t:|1684007966\n|start\n|switch|p1a: Grimmsnarl|Grimmsnarl, L50, M|100\/100\n|switch|p1b: Gholdengo|Gholdengo, L50|100\/100\n|switch|p2a: Tinkaton|Tinkaton, L50, F|100\/100\n|switch|p2b: Iron Bundle|Iron Bundle, L50|100\/100\n|-enditem|p2b: Iron Bundle|Booster Energy\n|-activate|p2b: Iron Bundle|ability: Quark Drive|[fromitem]\n|-start|p2b: Iron Bundle|quarkdrivespa\n|turn|1\n|c| glowbrogang|i am scared of what i think this mudsdale set it\n|c| Judah<3|the win set\n|c| glowbrogang|is\n|\n|t:|1684008009\n|move|p2b: Iron Bundle|Protect|p2b: Iron Bundle\n|-singleturn|p2b: Iron Bundle|Protect\n|move|p1b: Gholdengo|Protect|p1b: Gholdengo\n|-singleturn|p1b: Gholdengo|Protect\n|move|p1a: Grimmsnarl|Fake Out|p2a: Tinkaton\n|-resisted|p2a: Tinkaton\n|-damage|p2a: Tinkaton|96\/100\n|cant|p2a: Tinkaton|flinch\n|\n|upkeep\n|turn|2\n|c| glowbrogang|is it lagging\n|c| Judah<3|no\n|c| Judah<3|they are thinking\n|c| glowbrogang|ok cause it has been like 3 mins lol\n|c|\u2606Yueku|i clicked my moves, im not sure\n|c| Judah<3|stress is high in a 128 playeer tour\n|\n|t:|1684008196\n|switch|p1b: Foongus|Foongus, L50, F|100\/100\n|move|p2a: Tinkaton|Helping Hand|p2b: Iron Bundle\n|-singleturn|p2b: Iron Bundle|Helping Hand|[of] p2a: Tinkaton\n|move|p1a: Grimmsnarl|Light Screen|p1a: Grimmsnarl\n|-sidestart|p1: GenericName3333|move: Light Screen\n|move|p2b: Iron Bundle|Hydro Pump|p1b: Foongus\n|-resisted|p1b: Foongus\n|-damage|p1b: Foongus|64\/100\n|\n|upkeep\n|turn|3\n|c| glowbrogang|i mean theres 2 more matches so even if u lose this u can still make it through\n|c| glowbrogang|it doesnt matter too much idk\n|\n|t:|1684008228\n|switch|p1b: Gholdengo|Gholdengo, L50|100\/100\n|move|p1a: Grimmsnarl|Parting Shot|p2b: Iron Bundle\n|-unboost|p2b: Iron Bundle|atk|1\n|-unboost|p2b: Iron Bundle|spa|1\n|\n|t:|1684008237\n|switch|p1a: Bellibolt|Bellibolt, L50, M|100\/100|[from] Parting Shot\n|move|p2b: Iron Bundle|Blizzard|p1a: Bellibolt|[spread] p1a,p1b\n|-resisted|p1b: Gholdengo\n|-damage|p1a: Bellibolt|75\/100\n|-damage|p1b: Gholdengo|88\/100\n|-start|p1a: Bellibolt|Charge|Blizzard|[from] ability: Electromorphosis\n|move|p2a: Tinkaton|Gigaton Hammer|p1a: Bellibolt\n|-resisted|p1a: Bellibolt\n|-damage|p1a: Bellibolt|55\/100\n|-start|p1a: Bellibolt|Charge|Gigaton Hammer|[from] ability: Electromorphosis\n|\n|-heal|p1b: Gholdengo|94\/100|[from] item: Leftovers\n|upkeep\n|turn|4\n|\n|t:|1684008269\n|switch|p2a: Wo-Chien|Wo-Chien, L50|100\/100\n|-ability|p2a: Wo-Chien|Tablets of Ruin\n|move|p2b: Iron Bundle|Protect|p2b: Iron Bundle\n|-singleturn|p2b: Iron Bundle|Protect\n|move|p1b: Gholdengo|Protect|p1b: Gholdengo\n|-singleturn|p1b: Gholdengo|Protect\n|move|p1a: Bellibolt|Parabolic Charge|p2b: Iron Bundle|[spread] p2a\n|-activate|p1b: Gholdengo|move: Protect\n|-activate|p2b: Iron Bundle|move: Protect\n|-resisted|p2a: Wo-Chien\n|-damage|p2a: Wo-Chien|85\/100\n|-heal|p1a: Bellibolt|62\/100|[from] drain|[of] p2a: Wo-Chien\n|-end|p1a: Bellibolt|Charge|[silent]\n|\n|-heal|p1b: Gholdengo|100\/100|[from] item: Leftovers\n|-heal|p2a: Wo-Chien|92\/100|[from] item: Leftovers\n|upkeep\n|turn|5\n|c| tzarii|live wo-chien reation\n|c| Judah<3|based\n|l|\u2606Yueku\n|player|p2|\n|c| Judah<3|his wifi went out\n|c| Judah<3|give him a sec\n|c| glowbrogang|if this bellibolt was tera bug\n|c| Judah<3|shh\n|c| Judah<3|dont talk about the game\n|c| glowbrogang|they alr know the teras\n|c| Judah<3|oh right\n|c| glowbrogang|LOL\n|j|\u2606Yueku\n|player|p2|Yueku|2\n|c| Judah<3|does anyone know how long zero has to reconnect\n|c|\u2606Yueku|sry\n|c| Judah<3|oh nvm\n|\n|t:|1684008453\n|-end|p2b: Iron Bundle|Quark Drive|[silent]\n|switch|p2b: Tinkaton|Tinkaton, L50, F|96\/100\n|move|p1b: Gholdengo|Nasty Plot|p1b: Gholdengo\n|-boost|p1b: Gholdengo|spa|2\n|move|p2a: Wo-Chien|Ruination|p1b: Gholdengo\n|-damage|p1b: Gholdengo|50\/100\n|move|p1a: Bellibolt|Thunderbolt|p2b: Tinkaton\n|-crit|p2b: Tinkaton\n|-damage|p2b: Tinkaton|33\/100\n|-status|p2b: Tinkaton|par\n|-enditem|p2b: Tinkaton|Sitrus Berry|[eat]\n|-heal|p2b: Tinkaton|58\/100 par|[from] item: Sitrus Berry\n|\n|-heal|p1b: Gholdengo|57\/100|[from] item: Leftovers\n|-heal|p2a: Wo-Chien|98\/100|[from] item: Leftovers\n|upkeep\n|turn|6\n|c| glowbrogang|live bellibolt reaction:\n|\n|t:|1684008578\n|switch|p1a: Foongus|Foongus, L50, F|97\/100\n|move|p2b: Tinkaton|Fake Out|p1a: Foongus\n|-damage|p1a: Foongus|92\/100\n|move|p1b: Gholdengo|Shadow Ball|p2b: Tinkaton\n|-damage|p2b: Tinkaton|0 fnt\n|faint|p2b: Tinkaton\n|move|p2a: Wo-Chien|Leech Seed|p1a: Foongus\n|-immune|p1a: Foongus\n|\n|-heal|p1b: Gholdengo|63\/100|[from] item: Leftovers\n|-heal|p2a: Wo-Chien|100\/100|[from] item: Leftovers\n|-sideend|p1: GenericName3333|move: Light Screen\n|upkeep\n|\n|t:|1684008594\n|switch|p2b: Iron Bundle|Iron Bundle, L50|100\/100\n|turn|7\n|\n|t:|1684008624\n|-terastallize|p2b: Iron Bundle|Grass\n|move|p1b: Gholdengo|Protect|p1b: Gholdengo\n|-singleturn|p1b: Gholdengo|Protect\n|move|p1a: Foongus|Protect|p1a: Foongus\n|-singleturn|p1a: Foongus|Protect\n|move|p2b: Iron Bundle|Hydro Pump|p1b: Gholdengo\n|-activate|p1b: Gholdengo|move: Protect\n|move|p2a: Wo-Chien|Ruination|p1a: Foongus\n|-activate|p1a: Foongus|move: Protect\n|\n|-heal|p1b: Gholdengo|69\/100|[from] item: Leftovers\n|upkeep\n|turn|8\n|\n|t:|1684008676\n|move|p2b: Iron Bundle|Hydro Pump|p1b: Gholdengo\n|-damage|p1b: Gholdengo|7\/100\n|move|p1b: Gholdengo|Make It Rain|p2a: Wo-Chien|[spread] p2a,p2b\n|-damage|p2a: Wo-Chien|43\/100\n|-damage|p2b: Iron Bundle|0 fnt\n|-unboost|p1b: Gholdengo|spa|1\n|faint|p2b: Iron Bundle\n|-end|p2b: Iron Bundle|Quark Drive|[silent]\n|move|p2a: Wo-Chien|Ruination|p1a: Foongus\n|-damage|p1a: Foongus|47\/100\n|move|p1a: Foongus|Pollen Puff|p1b: Gholdengo\n|-heal|p1b: Gholdengo|57\/100\n|\n|-heal|p1b: Gholdengo|63\/100|[from] item: Leftovers\n|-heal|p2a: Wo-Chien|49\/100|[from] item: Leftovers\n|upkeep\n|\n|t:|1684008683\n|switch|p2b: Iron Valiant|Iron Valiant, L50|100\/100\n|turn|9\n|\n|t:|1684008712\n|switch|p1a: Grimmsnarl|Grimmsnarl, L50, M|100\/100\n|move|p1b: Gholdengo|Protect|p1b: Gholdengo\n|-singleturn|p1b: Gholdengo|Protect\n|move|p2b: Iron Valiant|Shadow Ball|p1b: Gholdengo\n|-activate|p1b: Gholdengo|move: Protect\n|move|p2a: Wo-Chien|Ruination|p1a: Grimmsnarl\n|-damage|p1a: Grimmsnarl|50\/100\n|\n|-heal|p1b: Gholdengo|70\/100|[from] item: Leftovers\n|-heal|p2a: Wo-Chien|55\/100|[from] item: Leftovers\n|upkeep\n|turn|10\n|\n|t:|1684008768\n|-terastallize|p1b: Gholdengo|Fairy\n|move|p1a: Grimmsnarl|Fake Out|p2b: Iron Valiant\n|-damage|p2b: Iron Valiant|90\/100\n|cant|p2b: Iron Valiant|flinch\n|move|p1b: Gholdengo|Make It Rain|p2a: Wo-Chien|[spread] p2a,p2b\n|-supereffective|p2b: Iron Valiant\n|-damage|p2a: Wo-Chien|5\/100\n|-damage|p2b: Iron Valiant|0 fnt\n|-unboost|p1b: Gholdengo|spa|1\n|faint|p2b: Iron Valiant\n|-end|p2b: Iron Valiant|Quark Drive|[silent]\n|move|p2a: Wo-Chien|Ruination|p1b: Gholdengo|[miss]\n|-miss|p2a: Wo-Chien|p1b: Gholdengo\n|\n|-heal|p1b: Gholdengo|76\/100|[from] item: Leftovers\n|-heal|p2a: Wo-Chien|11\/100|[from] item: Leftovers\n|upkeep\n|turn|11\n|\n|t:|1684008784\n|move|p1a: Grimmsnarl|Light Screen|p1a: Grimmsnarl\n|-sidestart|p1: GenericName3333|move: Light Screen\n|move|p1b: Gholdengo|Make It Rain|p2a: Wo-Chien\n|-damage|p2a: Wo-Chien|0 fnt\n|-unboost|p1b: Gholdengo|spa|1\n|faint|p2a: Wo-Chien\n|\n|win|GenericName3333\n|c|\u2606GenericName3333|gg\n|c|\u2606Yueku|gg\n|l| tzarii\n|j| tzarii\n","uploadtime":1684008842,"views":2,"p1id":"genericname3333","p2id":"yueku","formatid":"gen9vgc2023regulationc","rating":0,"private":0,"password":""}