{"id":"gen9vgc2023regulationc-1855394801","p1":"sahabatgomba","p2":"Aldrich DL","format":"[Gen 9] VGC 2023 Regulation C","log":"|j|\u2606sahabatgomba\n|j|\u2606Aldrich DL\n|t:|1682947065\n|gametype|doubles\n|player|p1|sahabatgomba|tuber|\n|player|p2|Aldrich DL|richboy-gen6|\n|teamsize|p1|6\n|teamsize|p2|6\n|gen|9\n|tier|[Gen 9] VGC 2023 Regulation C\n|rule|Species Clause: Limit one of each Pok\u00e9mon\n|rule|Item Clause: Limit one of each item\n|clearpoke\n|poke|p1|Gholdengo, L50|\n|poke|p1|Azumarill, L50, M|\n|poke|p1|Armarouge, L50, M|\n|poke|p1|Ceruledge, L50, M|\n|poke|p1|Arcanine, L50, M|\n|poke|p1|Indeedee-F, L50, F|\n|poke|p2|Armarouge, L50, F|\n|poke|p2|Dragapult, L50, F|\n|poke|p2|Rotom-Wash, L50|\n|poke|p2|Indeedee-F, L50, F|\n|poke|p2|Ceruledge, L50, F|\n|poke|p2|Hawlucha, L50, M|\n|teampreview|4\n|c|\u2606sahabatgomba|GAME BOY\nAldrich DL has agreed to open team sheets.\n|c|\u2606sahabatgomba|gas\n|c|\u2606Aldrich DL|wah g3\n|j| Bullish21\n|c| Bullish21|gl hf, seru\n|\n|t:|1682947792\n|start\n|switch|p1a: Indeedee|Indeedee-F, L50, F|100\/100\n|switch|p1b: Gholdengo|Gholdengo, L50|100\/100\n|switch|p2a: c|Ceruledge, L50, F|100\/100\n|switch|p2b: a|Armarouge, L50, F|100\/100\n|-fieldstart|move: Psychic Terrain|[from] ability: Psychic Surge|[of] p1a: Indeedee\n|-enditem|p1a: Indeedee|Psychic Seed\n|-boost|p1a: Indeedee|spd|1|[from] item: Psychic Seed\n|turn|1\n|\n|t:|1682947804\n|-terastallize|p2a: c|Steel\n|move|p1a: Indeedee|Follow Me|p1a: Indeedee\n|-singleturn|p1a: Indeedee|move: Follow Me\n|move|p2b: a|Expanding Force|p1b: Gholdengo|[spread] p1a,p1b\n|-resisted|p1a: Indeedee\n|-crit|p1a: Indeedee\n|-resisted|p1b: Gholdengo\n|-crit|p1b: Gholdengo\n|-damage|p1a: Indeedee|53\/100\n|-damage|p1b: Gholdengo|50\/100\n|move|p1b: Gholdengo|Nasty Plot|p1b: Gholdengo\n|-boost|p1b: Gholdengo|spa|2\n|move|p2a: c|Bulk Up|p2a: c\n|-boost|p2a: c|atk|1\n|-boost|p2a: c|def|1\n|\n|upkeep\n|turn|2\n|\n|t:|1682947859\n|move|p2a: c|Protect|p2a: c\n|-singleturn|p2a: c|Protect\n|move|p1a: Indeedee|Follow Me|p1a: Indeedee\n|-singleturn|p1a: Indeedee|move: Follow Me\n|move|p2b: a|Expanding Force|p1b: Gholdengo|[spread] p1a,p1b\n|-resisted|p1a: Indeedee\n|-resisted|p1b: Gholdengo\n|-damage|p1a: Indeedee|34\/100\n|-damage|p1b: Gholdengo|22\/100\n|move|p1b: Gholdengo|Shadow Ball|p2a: c\n|-activate|p2a: c|move: Protect\n|\n|upkeep\n|turn|3\n|\n|t:|1682947904\n|move|p1b: Gholdengo|Protect|p1b: Gholdengo\n|-singleturn|p1b: Gholdengo|Protect\n|move|p1a: Indeedee|Protect|p1a: Indeedee\n|-singleturn|p1a: Indeedee|Protect\n|move|p2b: a|Expanding Force|p1a: Indeedee|[spread] \n|-activate|p1a: Indeedee|move: Protect\n|-activate|p1b: Gholdengo|move: Protect\n|move|p2a: c|Bitter Blade|p1a: Indeedee\n|-activate|p1a: Indeedee|move: Protect\n|\n|upkeep\n|turn|4\n|\n|t:|1682947921\n|switch|p1a: Ceruledge|Ceruledge, L50, M|100\/100\n|move|p1b: Gholdengo|Protect|p1b: Gholdengo\n|-singleturn|p1b: Gholdengo|Protect\n|move|p2b: a|Expanding Force|p1b: Gholdengo|[spread] p1a\n|-activate|p1b: Gholdengo|move: Protect\n|-damage|p1a: Ceruledge|52\/100\n|move|p2a: c|Bitter Blade|p1a: Ceruledge\n|-start|p1a: Ceruledge|ability: Flash Fire\n|\n|upkeep\n|turn|5\n|\n|t:|1682947945\n|switch|p1b: Indeedee|Indeedee-F, L50, F|34\/100\n|move|p1a: Ceruledge|Protect|p1a: Ceruledge\n|-singleturn|p1a: Ceruledge|Protect\n|move|p2a: c|Shadow Sneak|p2b: a\n|-supereffective|p2b: a\n|-damage|p2b: a|39\/100\n|-ability|p2b: a|Weak Armor|boost\n|-unboost|p2b: a|def|1\n|-boost|p2b: a|spe|2\n|-enditem|p2b: a|Weakness Policy\n|-boost|p2b: a|atk|2|[from] item: Weakness Policy\n|-boost|p2b: a|spa|2|[from] item: Weakness Policy\n|move|p2b: a|Expanding Force|p1a: Ceruledge|[spread] p1b\n|-activate|p1a: Ceruledge|move: Protect\n|-resisted|p1b: Indeedee\n|-damage|p1b: Indeedee|0 fnt\n|faint|p1b: Indeedee\n|\n|-fieldend|move: Psychic Terrain\n|upkeep\n|\n|t:|1682947961\n|switch|p1b: Azumarill|Azumarill, L50, M|100\/100\n|turn|6\n|\n|t:|1682947974\n|switch|p2a: i|Indeedee-F, L50, F|100\/100\n|-fieldstart|move: Psychic Terrain|[from] ability: Psychic Surge|[of] p2a: i\n|move|p2b: a|Expanding Force|p1b: Azumarill|[spread] p1a,p1b\n|-damage|p1a: Ceruledge|0 fnt\n|-damage|p1b: Azumarill|12\/100\n|faint|p1a: Ceruledge\n|move|p1b: Azumarill|Brick Break|p2a: i\n|-damage|p2a: i|68\/100\n|\n|upkeep\n|\n|t:|1682947980\n|switch|p1a: Gholdengo|Gholdengo, L50|22\/100\n|turn|7\n|c|\u2606sahabatgomba|GG T_T\n|c|\u2606Aldrich DL|g_g\n|\n|t:|1682947989\n|move|p2a: i|Helping Hand|p2b: a\n|-singleturn|p2b: a|Helping Hand|[of] p2a: i\n|move|p1b: Azumarill|Aqua Jet|p1a: Gholdengo\n|-damage|p1a: Gholdengo|0 fnt\n|faint|p1a: Gholdengo\n|move|p2b: a|Expanding Force|p1b: Azumarill\n|-damage|p1b: Azumarill|0 fnt\n|faint|p1b: Azumarill\n|\n|win|Aldrich DL\n|c|\u2606sahabatgomba|gantenk\n|c|\u2606Aldrich DL|krn\n|c| Bullish21|haha tq all\n|l| Bullish21\n|l|\u2606sahabatgomba\n","uploadtime":1682948065,"views":20,"p1id":"sahabatgomba","p2id":"aldrichdl","formatid":"gen9vgc2023regulationc","rating":0,"private":0,"password":""}