{"id":"gen9vgc2023regulationc-1846431219","p1":"cicibi","p2":"Raptorsfan88","format":"[Gen 9] VGC 2023 Regulation C","log":"|j|\u2606cicibi\n|j|\u2606Raptorsfan88\n|t:|1681840312\n|gametype|doubles\n|player|p1|cicibi|266|1495\n|player|p2|Raptorsfan88|102|1410\n|teamsize|p1|6\n|teamsize|p2|6\n|gen|9\n|tier|[Gen 9] VGC 2023 Regulation C\n|rated|\n|rule|Species Clause: Limit one of each Pok\u00e9mon\n|rule|Item Clause: Limit one of each item\n|clearpoke\n|poke|p1|Amoonguss, L50, F|\n|poke|p1|Garganacl, L50, F|\n|poke|p1|Garchomp, L50, M|\n|poke|p1|Gyarados, L50, F|\n|poke|p1|Talonflame, L50, F|\n|poke|p1|Tyranitar, L50, M|\n|poke|p2|Orthworm, L50, M|\n|poke|p2|Dragonite, L50, M|\n|poke|p2|Ting-Lu, L50|\n|poke|p2|Gyarados, L50, F|\n|poke|p2|Flutter Mane, L50|\n|poke|p2|Chien-Pao, L50|\n|teampreview|4\nRaptorsfan88 has agreed to open team sheets.\n|\n|t:|1681840367\n|start\n|switch|p1a: Talonflame|Talonflame, L50, F|100\/100\n|switch|p1b: Gyarados|Gyarados, L50, F|100\/100\n|switch|p2a: Ting-Lu|Ting-Lu, L50|100\/100\n|switch|p2b: Gyarados|Gyarados, L50, F|100\/100\n|-ability|p2b: Gyarados|Intimidate|boost\n|-unboost|p1a: Talonflame|atk|1\n|-unboost|p1b: Gyarados|atk|1\n|-ability|p1b: Gyarados|Intimidate|boost\n|-unboost|p2a: Ting-Lu|atk|1\n|-unboost|p2b: Gyarados|atk|1\n|-ability|p2a: Ting-Lu|Vessel of Ruin\n|turn|1\n|inactive|Battle timer is ON: inactive players will automatically lose when time's up. (requested by Raptorsfan88)\n|\n|t:|1681840414\n|move|p1a: Talonflame|Will-O-Wisp|p2b: Gyarados\n|-status|p2b: Gyarados|brn\n|move|p2b: Gyarados|Thunder Wave|p1b: Gyarados|[miss]\n|-miss|p2b: Gyarados|p1b: Gyarados\n|move|p1b: Gyarados|Waterfall|p2a: Ting-Lu\n|-supereffective|p2a: Ting-Lu\n|-damage|p2a: Ting-Lu|72\/100\n|move|p2a: Ting-Lu|Rock Slide|p1b: Gyarados|[spread] p1a\n|-miss|p2a: Ting-Lu|p1b: Gyarados\n|-supereffective|p1a: Talonflame\n|-damage|p1a: Talonflame|16\/100\n|\n|-damage|p2b: Gyarados|94\/100 brn|[from] brn\n|upkeep\n|turn|2\n|inactive|Raptorsfan88 has 30 seconds left.\n|inactive|Raptorsfan88 has 20 seconds left.\n|\n|t:|1681840451\n|switch|p1b: Tyranitar|Tyranitar, L50, M|100\/100\n|-weather|Sandstorm|[from] ability: Sand Stream|[of] p1b: Tyranitar\n|switch|p2a: Chien-Pao|Chien-Pao, L50|100\/100\n|-ability|p2a: Chien-Pao|Sword of Ruin\n|move|p1a: Talonflame|Will-O-Wisp|p2a: Chien-Pao\n|-status|p2a: Chien-Pao|brn\n|move|p2b: Gyarados|Thunder Wave|p1b: Tyranitar\n|-status|p1b: Tyranitar|par\n|\n|-weather|Sandstorm|[upkeep]\n|-damage|p2a: Chien-Pao|95\/100 brn|[from] Sandstorm\n|-damage|p2a: Chien-Pao|89\/100 brn|[from] brn\n|-damage|p2b: Gyarados|88\/100 brn|[from] brn\n|upkeep\n|turn|3\n|inactive|cicibi has 30 seconds left.\n|inactive|cicibi has 20 seconds left.\n|inactive|cicibi has 15 seconds left.\n|inactive|cicibi has 10 seconds left.\n|inactive|cicibi has 5 seconds left.\n|\n|t:|1681840502\n|switch|p1a: Garganacl|Garganacl, L50, F|100\/100\n|switch|p1b: Gyarados|Gyarados, L50, F|100\/100\n|-ability|p1b: Gyarados|Intimidate|boost\n|-unboost|p2a: Chien-Pao|atk|1\n|-unboost|p2b: Gyarados|atk|1\n|move|p2a: Chien-Pao|Ice Spinner|p1a: Garganacl\n|-damage|p1a: Garganacl|88\/100\n|move|p2b: Gyarados|Taunt|p1b: Gyarados\n|-start|p1b: Gyarados|move: Taunt\n|\n|-weather|Sandstorm|[upkeep]\n|-damage|p2a: Chien-Pao|83\/100 brn|[from] Sandstorm\n|-damage|p1b: Gyarados|94\/100|[from] Sandstorm\n|-heal|p1a: Garganacl|94\/100|[from] item: Leftovers\n|-damage|p2a: Chien-Pao|77\/100 brn|[from] brn\n|-damage|p2b: Gyarados|82\/100 brn|[from] brn\n|upkeep\n|turn|4\n|\n|t:|1681840525\n|switch|p2a: Orthworm|Orthworm, L50, M|100\/100\n|move|p2b: Gyarados|Taunt|p1a: Garganacl\n|-start|p1a: Garganacl|move: Taunt\n|move|p1b: Gyarados|Waterfall|p2a: Orthworm\n|-damage|p2a: Orthworm|79\/100\n|move|p1a: Garganacl|Salt Cure|p2b: Gyarados\n|-supereffective|p2b: Gyarados\n|-damage|p2b: Gyarados|54\/100 brn\n|-start|p2b: Gyarados|Salt Cure\n|\n|-weather|Sandstorm|[upkeep]\n|-damage|p1b: Gyarados|88\/100|[from] Sandstorm\n|-heal|p1a: Garganacl|99\/100|[from] item: Leftovers\n|-damage|p2b: Gyarados|48\/100 brn|[from] brn\n|-damage|p2b: Gyarados|23\/100 brn|[from] Salt Cure\n|upkeep\n|turn|5\n|\n|t:|1681840549\n|switch|p2b: Chien-Pao|Chien-Pao, L50|77\/100 brn\n|-ability|p2b: Chien-Pao|Sword of Ruin\n|switch|p1b: Talonflame|Talonflame, L50, F|16\/100\n|-terastallize|p2a: Orthworm|Fire\n|move|p2a: Orthworm|Iron Defense|p2a: Orthworm\n|-boost|p2a: Orthworm|def|2\n|move|p1a: Garganacl|Salt Cure|p2a: Orthworm\n|-supereffective|p2a: Orthworm\n|-damage|p2a: Orthworm|65\/100\n|-start|p2a: Orthworm|Salt Cure\n|\n|-weather|Sandstorm|[upkeep]\n|-damage|p2b: Chien-Pao|72\/100 brn|[from] Sandstorm\n|-damage|p2a: Orthworm|59\/100|[from] Sandstorm\n|-heal|p1a: Garganacl|100\/100|[from] item: Leftovers\n|-damage|p2b: Chien-Pao|66\/100 brn|[from] brn\n|-damage|p2a: Orthworm|47\/100|[from] Salt Cure\n|upkeep\n|-enditem|p2a: Orthworm|Sitrus Berry|[eat]\n|-heal|p2a: Orthworm|72\/100|[from] item: Sitrus Berry\n|turn|6\n|inactive|cicibi has 30 seconds left.\n|inactive|cicibi has 20 seconds left.\n|inactive|cicibi has 15 seconds left.\n|inactive|cicibi has 10 seconds left.\n|\n|t:|1681840595\n|-terastallize|p1a: Garganacl|Flying\n|move|p2b: Chien-Pao|Ice Spinner|p1b: Talonflame\n|-damage|p1b: Talonflame|0 fnt\n|faint|p1b: Talonflame\n|move|p2a: Orthworm|Body Press|p1a: Garganacl\n|-resisted|p1a: Garganacl\n|-damage|p1a: Garganacl|77\/100\n|move|p1a: Garganacl|Salt Cure|p2b: Chien-Pao\n|-supereffective|p2b: Chien-Pao\n|-damage|p2b: Chien-Pao|27\/100 brn\n|-start|p2b: Chien-Pao|Salt Cure\n|\n|-weather|none\n|-heal|p1a: Garganacl|83\/100|[from] item: Leftovers\n|-damage|p2b: Chien-Pao|22\/100 brn|[from] brn\n|-damage|p2b: Chien-Pao|9\/100 brn|[from] Salt Cure\n|-damage|p2a: Orthworm|60\/100|[from] Salt Cure\n|-end|p1a: Garganacl|move: Taunt\n|upkeep\n|\n|t:|1681840615\n|switch|p1b: Gyarados|Gyarados, L50, F|88\/100\n|-ability|p1b: Gyarados|Intimidate|boost\n|-unboost|p2a: Orthworm|atk|1\n|-unboost|p2b: Chien-Pao|atk|1\n|turn|7\n|inactive|Raptorsfan88 has 30 seconds left.\n|\n|t:|1681840648\n|move|p1a: Garganacl|Protect|p1a: Garganacl\n|-singleturn|p1a: Garganacl|Protect\n|move|p2b: Chien-Pao|Ice Spinner|p1a: Garganacl\n|-activate|p1a: Garganacl|move: Protect\n|move|p1b: Gyarados|Thunder Wave|p2a: Orthworm\n|-status|p2a: Orthworm|par\n|cant|p2a: Orthworm|par\n|\n|-heal|p1a: Garganacl|88\/100|[from] item: Leftovers\n|-damage|p2b: Chien-Pao|4\/100 brn|[from] brn\n|-damage|p2b: Chien-Pao|0 fnt|[from] Salt Cure\n|faint|p2b: Chien-Pao\n|-damage|p2a: Orthworm|48\/100 par|[from] Salt Cure\n|upkeep\n|\n|t:|1681840659\n|switch|p2b: Gyarados|Gyarados, L50, F|23\/100 brn\n|-ability|p2b: Gyarados|Intimidate|boost\n|-unboost|p1a: Garganacl|atk|1\n|-unboost|p1b: Gyarados|atk|1\n|turn|8\n|\n|t:|1681840683\n|switch|p1b: Tyranitar|Tyranitar, L50, M|100\/100 par\n|-weather|Sandstorm|[from] ability: Sand Stream|[of] p1b: Tyranitar\n|move|p2b: Gyarados|Taunt|p1a: Garganacl\n|-start|p1a: Garganacl|move: Taunt\n|move|p1a: Garganacl|Salt Cure|p2b: Gyarados\n|-supereffective|p2b: Gyarados\n|-damage|p2b: Gyarados|4\/100 brn\n|-start|p2b: Gyarados|Salt Cure\n|move|p2a: Orthworm|Iron Defense|p2a: Orthworm\n|-boost|p2a: Orthworm|def|2\n|\n|-weather|Sandstorm|[upkeep]\n|-damage|p1a: Garganacl|83\/100|[from] Sandstorm\n|-damage|p2a: Orthworm|42\/100 par|[from] Sandstorm\n|-heal|p1a: Garganacl|88\/100|[from] item: Leftovers\n|-damage|p2b: Gyarados|0 fnt|[from] brn\n|faint|p2b: Gyarados\n|-damage|p2a: Orthworm|30\/100 par|[from] Salt Cure\n|upkeep\n|\n|t:|1681840686\n|switch|p2b: Ting-Lu|Ting-Lu, L50|72\/100\n|-ability|p2b: Ting-Lu|Vessel of Ruin\n|turn|9\n|\n|t:|1681840711\n|switch|p1b: Gyarados|Gyarados, L50, F|88\/100\n|-ability|p1b: Gyarados|Intimidate|boost\n|-unboost|p2a: Orthworm|atk|1\n|-unboost|p2b: Ting-Lu|atk|1\n|move|p2b: Ting-Lu|Earthquake|p1b: Gyarados|[spread] \n|-heal|p2a: Orthworm|55\/100 par|[from] ability: Earth Eater|[of] p2b: Ting-Lu\n|-immune|p1a: Garganacl\n|-immune|p1b: Gyarados\n|move|p1a: Garganacl|Salt Cure|p2b: Ting-Lu\n|-resisted|p2b: Ting-Lu\n|-damage|p2b: Ting-Lu|69\/100\n|-start|p2b: Ting-Lu|Salt Cure\n|move|p2a: Orthworm|Body Press|p1a: Garganacl\n|-resisted|p1a: Garganacl\n|-damage|p1a: Garganacl|61\/100\n|\n|-weather|Sandstorm|[upkeep]\n|-damage|p1b: Gyarados|82\/100|[from] Sandstorm\n|-damage|p1a: Garganacl|55\/100|[from] Sandstorm\n|-damage|p2a: Orthworm|49\/100 par|[from] Sandstorm\n|-heal|p1a: Garganacl|61\/100|[from] item: Leftovers\n|-damage|p2b: Ting-Lu|57\/100|[from] Salt Cure\n|-damage|p2a: Orthworm|37\/100 par|[from] Salt Cure\n|upkeep\n|turn|10\n|inactive|cicibi has 30 seconds left.\n|\n|t:|1681840740\n|move|p1b: Gyarados|Waterfall|p2b: Ting-Lu\n|-supereffective|p2b: Ting-Lu\n|-damage|p2b: Ting-Lu|15\/100\n|move|p2b: Ting-Lu|Earthquake|p1a: Garganacl|[spread] \n|-heal|p2a: Orthworm|62\/100 par|[from] ability: Earth Eater|[of] p2b: Ting-Lu\n|-immune|p1a: Garganacl\n|-immune|p1b: Gyarados\n|move|p1a: Garganacl|Salt Cure|p2a: Orthworm\n|-supereffective|p2a: Orthworm\n|-damage|p2a: Orthworm|57\/100 par\n|cant|p2a: Orthworm|par\n|\n|-weather|Sandstorm|[upkeep]\n|-damage|p1b: Gyarados|76\/100|[from] Sandstorm\n|-damage|p1a: Garganacl|55\/100|[from] Sandstorm\n|-damage|p2a: Orthworm|51\/100 par|[from] Sandstorm\n|-heal|p1a: Garganacl|61\/100|[from] item: Leftovers\n|-damage|p2b: Ting-Lu|3\/100|[from] Salt Cure\n|-damage|p2a: Orthworm|39\/100 par|[from] Salt Cure\n|-end|p1a: Garganacl|move: Taunt\n|upkeep\n|turn|11\n|inactive|cicibi has 30 seconds left.\n|\n|t:|1681840765\n|move|p1b: Gyarados|Waterfall|p2b: Ting-Lu\n|-supereffective|p2b: Ting-Lu\n|-damage|p2b: Ting-Lu|0 fnt\n|faint|p2b: Ting-Lu\n|move|p1a: Garganacl|Recover|p1a: Garganacl\n|-heal|p1a: Garganacl|100\/100\n|cant|p2a: Orthworm|par\n|\n|-weather|Sandstorm|[upkeep]\n|-damage|p1b: Gyarados|70\/100|[from] Sandstorm\n|-damage|p1a: Garganacl|95\/100|[from] Sandstorm\n|-damage|p2a: Orthworm|33\/100 par|[from] Sandstorm\n|-heal|p1a: Garganacl|100\/100|[from] item: Leftovers\n|-damage|p2a: Orthworm|21\/100 par|[from] Salt Cure\n|upkeep\n|turn|12\n|-message|Raptorsfan88 forfeited.\n|\n|win|cicibi\n|raw|cicibi's rating: 1495 → 1510<\/strong> (+15 for winning)\n|raw|Raptorsfan88's rating: 1410 → 1395<\/strong> (-15 for losing)\n|l|\u2606cicibi\n","uploadtime":1681840779,"views":9,"p1id":"cicibi","p2id":"raptorsfan88","formatid":"gen9vgc2023regulationc","rating":1395,"private":0,"password":""}