{"id":"gen9vgc2023regulationc-1861122736","p1":"Bob Couch","p2":"ML Lacius","format":"[Gen 9] VGC 2023 Regulation C","log":"|j|\u2606Bob Couch\n|j|\u2606ML Lacius\n|t:|1683728576\n|gametype|doubles\n|player|p1|Bob Couch|byron|1251\n|player|p2|ML Lacius|101|1307\n|teamsize|p1|6\n|teamsize|p2|6\n|gen|9\n|tier|[Gen 9] VGC 2023 Regulation C\n|rated|\n|rule|Species Clause: Limit one of each Pok\u00e9mon\n|rule|Item Clause: Limit one of each item\n|clearpoke\n|poke|p1|Pelipper, L50, F|\n|poke|p1|Iron Bundle, L50|\n|poke|p1|Amoonguss, L50, M|\n|poke|p1|Baxcalibur, L50, M|\n|poke|p1|Gholdengo, L50|\n|poke|p1|Azumarill, L50, F|\n|poke|p2|Iron Valiant, L50|\n|poke|p2|Baxcalibur, L50, F|\n|poke|p2|Rotom-Wash, L50|\n|poke|p2|Corviknight, L50, F|\n|poke|p2|Arcanine, L50, M|\n|poke|p2|Ting-Lu, L50|\n|teampreview|4\nBob Couch has agreed to open team sheets.\n|\n|t:|1683728631\n|start\n|switch|p1a: Pelipper|Pelipper, L50, F|100\/100\n|switch|p1b: Iron Bundle|Iron Bundle, L50|100\/100\n|switch|p2a: Corviknight|Corviknight, L50, F|100\/100\n|switch|p2b: Rotom|Rotom-Wash, L50|100\/100\n|-weather|RainDance|[from] ability: Drizzle|[of] p1a: Pelipper\n|-enditem|p1b: Iron Bundle|Booster Energy\n|-activate|p1b: Iron Bundle|ability: Quark Drive|[fromitem]\n|-start|p1b: Iron Bundle|quarkdrivespe\n|turn|1\n|\n|t:|1683728665\n|switch|p1a: Gholdengo|Gholdengo, L50|100\/100\n|move|p2b: Rotom|Protect|p2b: Rotom\n|-singleturn|p2b: Rotom|Protect\n|move|p1b: Iron Bundle|Freeze-Dry|p2b: Rotom\n|-activate|p2b: Rotom|move: Protect\n|move|p2a: Corviknight|Bulk Up|p2a: Corviknight\n|-boost|p2a: Corviknight|atk|1\n|-boost|p2a: Corviknight|def|1\n|\n|-weather|RainDance|[upkeep]\n|upkeep\n|turn|2\n|\n|t:|1683728719\n|-terastallize|p2a: Corviknight|Fire\n|move|p1b: Iron Bundle|Hydro Pump|p2a: Corviknight|[miss]\n|-miss|p1b: Iron Bundle|p2a: Corviknight\n|move|p1a: Gholdengo|Nasty Plot|p1a: Gholdengo\n|-boost|p1a: Gholdengo|spa|2\n|move|p2b: Rotom|Thunderbolt|p1b: Iron Bundle\n|-supereffective|p1b: Iron Bundle\n|-damage|p1b: Iron Bundle|0 fnt\n|faint|p1b: Iron Bundle\n|-end|p1b: Iron Bundle|Quark Drive|[silent]\n|move|p2a: Corviknight|Brave Bird|p1a: Gholdengo\n|-resisted|p1a: Gholdengo\n|-damage|p1a: Gholdengo|67\/100\n|-damage|p2a: Corviknight|88\/100|[from] Recoil\n|\n|-weather|RainDance|[upkeep]\n|-heal|p1a: Gholdengo|73\/100|[from] item: Leftovers\n|-heal|p2a: Corviknight|94\/100|[from] item: Leftovers\n|upkeep\n|\n|t:|1683728732\n|switch|p1b: Pelipper|Pelipper, L50, F|100\/100\n|turn|3\n|\n|t:|1683728788\n|move|p1a: Gholdengo|Shadow Ball|p2b: Rotom\n|-damage|p2b: Rotom|9\/100\n|-enditem|p2b: Rotom|Sitrus Berry|[eat]\n|-heal|p2b: Rotom|34\/100|[from] item: Sitrus Berry\n|move|p1b: Pelipper|Hydro Pump|p2a: Corviknight\n|-supereffective|p2a: Corviknight\n|-damage|p2a: Corviknight|0 fnt\n|faint|p2a: Corviknight\n|move|p2b: Rotom|Thunderbolt|p1b: Pelipper\n|-supereffective|p1b: Pelipper\n|-enditem|p1b: Pelipper|Focus Sash\n|-damage|p1b: Pelipper|1\/100\n|\n|-weather|RainDance|[upkeep]\n|-heal|p1a: Gholdengo|79\/100|[from] item: Leftovers\n|upkeep\n|\n|t:|1683728813\n|switch|p2a: Ting-Lu|Ting-Lu, L50|100\/100\n|-ability|p2a: Ting-Lu|Vessel of Ruin\n|turn|4\n|\n|t:|1683728829\n|-terastallize|p1a: Gholdengo|Flying\n|move|p1a: Gholdengo|Make It Rain|p2b: Rotom|[spread] p2a,p2b\n|-resisted|p2b: Rotom\n|-damage|p2a: Ting-Lu|57\/100\n|-damage|p2b: Rotom|17\/100\n|-unboost|p1a: Gholdengo|spa|1\n|move|p1b: Pelipper|Hydro Pump|p2a: Ting-Lu\n|-supereffective|p2a: Ting-Lu\n|-damage|p2a: Ting-Lu|0 fnt\n|faint|p2a: Ting-Lu\n|move|p2b: Rotom|Thunderbolt|p1b: Pelipper\n|-supereffective|p1b: Pelipper\n|-damage|p1b: Pelipper|0 fnt\n|faint|p1b: Pelipper\n|\n|-weather|RainDance|[upkeep]\n|-heal|p1a: Gholdengo|86\/100|[from] item: Leftovers\n|upkeep\n|\n|t:|1683728849\n|switch|p1b: Azumarill|Azumarill, L50, F|100\/100\n|switch|p2a: Iron Valiant|Iron Valiant, L50|100\/100\n|-enditem|p2a: Iron Valiant|Booster Energy\n|-activate|p2a: Iron Valiant|ability: Quark Drive|[fromitem]\n|-start|p2a: Iron Valiant|quarkdrivespe\n|turn|5\n|\n|t:|1683728867\n|move|p1b: Azumarill|Aqua Jet|p2b: Rotom\n|-resisted|p2b: Rotom\n|-damage|p2b: Rotom|0 fnt\n|faint|p2b: Rotom\n|-damage|p1b: Azumarill|91\/100|[from] item: Life Orb\n|move|p2a: Iron Valiant|Knock Off|p1a: Gholdengo\n|-damage|p1a: Gholdengo|53\/100\n|-enditem|p1a: Gholdengo|Leftovers|[from] move: Knock Off|[of] p2a: Iron Valiant\n|move|p1a: Gholdengo|Make It Rain|p2a: Iron Valiant\n|-supereffective|p2a: Iron Valiant\n|-damage|p2a: Iron Valiant|0 fnt\n|-unboost|p1a: Gholdengo|spa|1\n|faint|p2a: Iron Valiant\n|-end|p2a: Iron Valiant|Quark Drive|[silent]\n|\n|win|Bob Couch\n|raw|Bob Couch's rating: 1251 → 1280<\/strong> (+29 for winning)\n|raw|ML Lacius's rating: 1307 → 1284<\/strong> (-23 for losing)\n|l|\u2606Bob Couch\n","uploadtime":1683728889,"views":20,"p1id":"bobcouch","p2id":"mllacius","formatid":"gen9vgc2023regulationc","rating":1280,"private":0,"password":""}