{"id":"gen9vgc2023regulationc-1852295963","p1":"poke128","p2":"Jojowispp","format":"[Gen 9] VGC 2023 Regulation C","log":"|j|\u2606poke128\n|j|\u203dJojowispp\n|t:|1682541142\n|gametype|doubles\n|player|p1|poke128|169|1009\n|player|p2|Jojowispp|dancer|1000\n|teamsize|p1|6\n|teamsize|p2|6\n|gen|9\n|tier|[Gen 9] VGC 2023 Regulation C\n|rated|\n|rule|Species Clause: Limit one of each Pok\u00e9mon\n|rule|Item Clause: Limit one of each item\n|clearpoke\n|poke|p1|Wo-Chien, L50|\n|poke|p1|Coalossal, L50, M|\n|poke|p1|Iron Bundle, L50|\n|poke|p1|Bronzong, L50|\n|poke|p1|Gyarados, L50, M|\n|poke|p1|Chi-Yu, L50|\n|poke|p2|Gholdengo, L50|\n|poke|p2|Eelektross, L50, F|\n|poke|p2|Heracross, L50, F|\n|poke|p2|Krookodile, L50, M|\n|poke|p2|Indeedee-F, L50, F|\n|poke|p2|Tatsugiri, L50, F|\n|teampreview|4\n|\n|t:|1682541169\n|start\n|switch|p1a: Coalossal|Coalossal, L50, M|100\/100\n|switch|p1b: Gyarados|Gyarados, L50, M|100\/100\n|switch|p2a: Indeedee|Indeedee-F, L50, F|100\/100\n|switch|p2b: Eelektross|Eelektross, L50, F|100\/100\n|-fieldstart|move: Psychic Terrain|[from] ability: Psychic Surge|[of] p2a: Indeedee\n|-ability|p1b: Gyarados|Intimidate|boost\n|-unboost|p2a: Indeedee|atk|1\n|-unboost|p2b: Eelektross|atk|1\n|turn|1\n|\n|t:|1682541193\n|switch|p2b: Heracross|Heracross, L50, F|100\/100\n|move|p1b: Gyarados|Surf|p2a: Indeedee|[spread] p1a,p2a,p2b\n|-supereffective|p1a: Coalossal\n|-damage|p1a: Coalossal|40\/100\n|-damage|p2a: Indeedee|86\/100\n|-damage|p2b: Heracross|81\/100\n|-ability|p1a: Coalossal|Steam Engine|boost\n|-boost|p1a: Coalossal|spe|6\n|move|p1a: Coalossal|Heat Crash|p2a: Indeedee\n|-damage|p2a: Indeedee|4\/100\n|-damage|p1a: Coalossal|30\/100|[from] item: Life Orb\n|move|p2a: Indeedee|Trick Room|p2a: Indeedee\n|-fieldstart|move: Trick Room|[of] p2a: Indeedee\n|\n|upkeep\n|turn|2\n|\n|t:|1682541219\n|move|p1a: Coalossal|Protect|p1a: Coalossal\n|-singleturn|p1a: Coalossal|Protect\n|move|p1b: Gyarados|Surf|p2b: Heracross|[spread] p2a,p2b\n|-activate|p1a: Coalossal|move: Protect\n|-damage|p2a: Indeedee|0 fnt\n|-damage|p2b: Heracross|62\/100\n|faint|p2a: Indeedee\n|move|p2b: Heracross|Brick Break|p1a: Coalossal\n|-activate|p1a: Coalossal|move: Protect\n|\n|upkeep\n|\n|t:|1682541222\n|switch|p2a: Eelektross|Eelektross, L50, F|100\/100\n|turn|3\n|\n|t:|1682541236\n|move|p1b: Gyarados|Protect|p1b: Gyarados\n|-singleturn|p1b: Gyarados|Protect\n|move|p2a: Eelektross|Thunderbolt|p1b: Gyarados\n|-activate|p1b: Gyarados|move: Protect\n|move|p2b: Heracross|Brick Break|p1a: Coalossal\n|-supereffective|p1a: Coalossal\n|-damage|p1a: Coalossal|0 fnt\n|faint|p1a: Coalossal\n|-ability|p2b: Heracross|Moxie|boost\n|-boost|p2b: Heracross|atk|1\n|\n|upkeep\n|\n|t:|1682541253\n|switch|p1a: Iron Bundle|Iron Bundle, L50|100\/100\n|-enditem|p1a: Iron Bundle|Booster Energy\n|-activate|p1a: Iron Bundle|ability: Quark Drive|[fromitem]\n|-start|p1a: Iron Bundle|quarkdrivespe\n|turn|4\n|\n|t:|1682541273\n|-terastallize|p1a: Iron Bundle|Ghost\n|move|p2a: Eelektross|Thunderbolt|p1b: Gyarados\n|-supereffective|p1b: Gyarados\n|-damage|p1b: Gyarados|0 fnt\n|faint|p1b: Gyarados\n|move|p2b: Heracross|Brick Break|p1a: Iron Bundle\n|-immune|p1a: Iron Bundle\n|move|p1a: Iron Bundle|Tera Blast|p2a: Eelektross\n|-damage|p2a: Eelektross|53\/100\n|\n|upkeep\n|\n|t:|1682541284\n|switch|p1b: Chi-Yu|Chi-Yu, L50|100\/100\n|-ability|p1b: Chi-Yu|Beads of Ruin\n|turn|5\n|\n|t:|1682541294\n|-terastallize|p2b: Heracross|Dark\n|move|p1a: Iron Bundle|Protect|p1a: Iron Bundle\n|-singleturn|p1a: Iron Bundle|Protect\n|move|p2a: Eelektross|Thunderbolt|p1a: Iron Bundle\n|-activate|p1a: Iron Bundle|move: Protect\n|move|p2b: Heracross|Throat Chop|p1a: Iron Bundle\n|-activate|p1a: Iron Bundle|move: Protect\n|move|p1b: Chi-Yu|Heat Wave|p2a: Eelektross|[spread] p2a,p2b\n|-damage|p2a: Eelektross|0 fnt\n|-damage|p2b: Heracross|2\/100\n|faint|p2a: Eelektross\n|\n|-fieldend|move: Trick Room\n|-fieldend|move: Psychic Terrain\n|upkeep\n|\n|t:|1682541299\n|switch|p2a: Tatsugiri|Tatsugiri, L50, F|100\/100\n|turn|6\n|\n|t:|1682541314\n|move|p1a: Iron Bundle|Tera Blast|p2a: Tatsugiri\n|-damage|p2a: Tatsugiri|35\/100\n|move|p1b: Chi-Yu|Heat Wave|p2b: Heracross|[spread] p2a\n|-miss|p1b: Chi-Yu|p2b: Heracross\n|-resisted|p2a: Tatsugiri\n|-damage|p2a: Tatsugiri|20\/100\n|-status|p2a: Tatsugiri|brn\n|move|p2b: Heracross|Throat Chop|p1a: Iron Bundle\n|-supereffective|p1a: Iron Bundle\n|-damage|p1a: Iron Bundle|0 fnt\n|faint|p1a: Iron Bundle\n|-end|p1a: Iron Bundle|Quark Drive|[silent]\n|-ability|p2b: Heracross|Moxie|boost\n|-boost|p2b: Heracross|atk|1\n|move|p2a: Tatsugiri|Muddy Water|p1b: Chi-Yu\n|-supereffective|p1b: Chi-Yu\n|-damage|p1b: Chi-Yu|0 fnt\n|faint|p1b: Chi-Yu\n|\n|win|Jojowispp\n|raw|poke128's rating: 1009 → 1000<\/strong> (-9 for losing)\n|raw|Jojowispp's rating: 1000 → 1041<\/strong> (+41 for winning)\n|l|\u2606poke128\n","uploadtime":1682541376,"views":11,"p1id":"poke128","p2id":"jojowispp","formatid":"gen9vgc2023regulationc","rating":1000,"private":0,"password":""}