{"id":"gen9vgc2023regulationc-1849692243","p1":"Peripuff","p2":"Malamarvellous","format":"[Gen 9] VGC 2023 Regulation C","log":"|j|\u2606Peripuff\n|j|\u2606Malamarvellous\n|t:|1682233431\n|gametype|doubles\n|player|p1|Peripuff|bianca|1072\n|player|p2|Malamarvellous|265|1022\n|teamsize|p1|6\n|teamsize|p2|6\n|gen|9\n|tier|[Gen 9] VGC 2023 Regulation C\n|rated|\n|rule|Species Clause: Limit one of each Pok\u00e9mon\n|rule|Item Clause: Limit one of each item\n|clearpoke\n|poke|p1|Maushold-Four, L50|\n|poke|p1|Annihilape, L50, F|\n|poke|p1|Iron Bundle, L50|\n|poke|p1|Flutter Mane, L50|\n|poke|p1|Chi-Yu, L50|\n|poke|p1|Amoonguss, L50, F|\n|poke|p2|Glimmora, L50, M|\n|poke|p2|Skeledirge, L50, F|\n|poke|p2|Great Tusk, L50|\n|poke|p2|Scizor, L50, M|\n|poke|p2|Tyranitar, L50, F|\n|poke|p2|Chien-Pao, L50|\n|teampreview|4\n|\n|t:|1682233475\n|start\n|switch|p1a: TRANS!!!!!!!|Maushold-Four, L50|100\/100\n|switch|p1b: angy >:(|Annihilape, L50, F|100\/100\n|switch|p2a: Scizor|Scizor, L50, M|100\/100\n|switch|p2b: Tyranitar|Tyranitar, L50, F|100\/100\n|-weather|Sandstorm|[from] ability: Sand Stream|[of] p2b: Tyranitar\n|turn|1\n|\n|t:|1682233508\n|move|p1a: TRANS!!!!!!!|Beat Up|p1b: angy >:(\n|-damage|p1b: angy >:(|99\/100\n|-damage|p1b: angy >:(|96\/100\n|-damage|p1b: angy >:(|95\/100\n|-damage|p1b: angy >:(|93\/100\n|-hitcount|p1b: angy >:(|4\n|move|p1b: angy >:(|Bulk Up|p1b: angy >:(\n|-boost|p1b: angy >:(|atk|1\n|-boost|p1b: angy >:(|def|1\n|move|p2a: Scizor|Tailwind|p2a: Scizor\n|-sidestart|p2: Malamarvellous|move: Tailwind\n|move|p2b: Tyranitar|Thunder Wave|p1b: angy >:(\n|-status|p1b: angy >:(|par\n|\n|-weather|Sandstorm|[upkeep]\n|-damage|p1b: angy >:(|87\/100 par|[from] Sandstorm\n|-heal|p1b: angy >:(|93\/100 par|[from] item: Leftovers\n|upkeep\n|turn|2\n|\n|t:|1682233537\n|move|p1a: TRANS!!!!!!!|Beat Up|p1b: angy >:(\n|-damage|p1b: angy >:(|92\/100 par\n|-damage|p1b: angy >:(|91\/100 par\n|-damage|p1b: angy >:(|89\/100 par\n|-hitcount|p1b: angy >:(|3\n|move|p2a: Scizor|Aerial Ace|p1b: angy >:(\n|-supereffective|p1b: angy >:(\n|-damage|p1b: angy >:(|47\/100 par\n|-damage|p2a: Scizor|91\/100|[from] item: Life Orb\n|move|p2b: Tyranitar|Rock Tomb|p1a: TRANS!!!!!!!\n|-damage|p1a: TRANS!!!!!!!|62\/100\n|-unboost|p1a: TRANS!!!!!!!|spe|1\n|move|p1b: angy >:(|Rage Fist|p2a: Scizor\n|-damage|p2a: Scizor|0 fnt\n|faint|p2a: Scizor\n|\n|-weather|Sandstorm|[upkeep]\n|-damage|p1b: angy >:(|41\/100 par|[from] Sandstorm\n|-heal|p1b: angy >:(|47\/100 par|[from] item: Leftovers\n|upkeep\n|\n|t:|1682233559\n|switch|p2a: Skeledirge|Skeledirge, L50, F|100\/100\n|turn|3\n|\n|t:|1682233579\n|move|p1a: TRANS!!!!!!!|Follow Me|p1a: TRANS!!!!!!!\n|-singleturn|p1a: TRANS!!!!!!!|move: Follow Me\n|move|p2a: Skeledirge|Hex|p1a: TRANS!!!!!!!\n|-immune|p1a: TRANS!!!!!!!\n|move|p2b: Tyranitar|Rock Tomb|p1a: TRANS!!!!!!!\n|-damage|p1a: TRANS!!!!!!!|24\/100\n|-unboost|p1a: TRANS!!!!!!!|spe|1\n|cant|p1b: angy >:(|par\n|\n|-weather|Sandstorm|[upkeep]\n|-damage|p2a: Skeledirge|94\/100|[from] Sandstorm\n|-damage|p1b: angy >:(|41\/100 par|[from] Sandstorm\n|-heal|p2a: Skeledirge|100\/100|[from] item: Leftovers\n|-heal|p1b: angy >:(|47\/100 par|[from] item: Leftovers\n|upkeep\n|turn|4\n|\n|t:|1682233616\n|-terastallize|p2a: Skeledirge|Fairy\n|move|p1a: TRANS!!!!!!!|Protect|p1a: TRANS!!!!!!!\n|-singleturn|p1a: TRANS!!!!!!!|Protect\n|move|p2a: Skeledirge|Torch Song|p1a: TRANS!!!!!!!\n|-activate|p1a: TRANS!!!!!!!|move: Protect\n|move|p2b: Tyranitar|Rock Tomb|p1a: TRANS!!!!!!!\n|-activate|p1a: TRANS!!!!!!!|move: Protect\n|move|p1b: angy >:(|Drain Punch|p2b: Tyranitar\n|-supereffective|p2b: Tyranitar\n|-crit|p2b: Tyranitar\n|-damage|p2b: Tyranitar|0 fnt\n|-heal|p1b: angy >:(|89\/100 par|[from] drain|[of] p2b: Tyranitar\n|faint|p2b: Tyranitar\n|\n|-weather|Sandstorm|[upkeep]\n|-damage|p2a: Skeledirge|94\/100|[from] Sandstorm\n|-damage|p1b: angy >:(|83\/100 par|[from] Sandstorm\n|-heal|p2a: Skeledirge|100\/100|[from] item: Leftovers\n|-heal|p1b: angy >:(|89\/100 par|[from] item: Leftovers\n|-sideend|p2: Malamarvellous|move: Tailwind\n|upkeep\n|\n|t:|1682233634\n|switch|p2b: Chien-Pao|Chien-Pao, L50|100\/100\n|-ability|p2b: Chien-Pao|Sword of Ruin\n|turn|5\n|\n|t:|1682233654\n|move|p1a: TRANS!!!!!!!|Follow Me|p1a: TRANS!!!!!!!\n|-singleturn|p1a: TRANS!!!!!!!|move: Follow Me\n|move|p2b: Chien-Pao|Icicle Crash|p1a: TRANS!!!!!!!\n|-damage|p1a: TRANS!!!!!!!|0 fnt\n|faint|p1a: TRANS!!!!!!!\n|move|p2a: Skeledirge|Torch Song|p1b: angy >:(\n|-damage|p1b: angy >:(|65\/100 par\n|-boost|p2a: Skeledirge|spa|1\n|move|p1b: angy >:(|Drain Punch|p2b: Chien-Pao\n|-supereffective|p2b: Chien-Pao\n|-enditem|p2b: Chien-Pao|Focus Sash\n|-damage|p2b: Chien-Pao|1\/100\n|-heal|p1b: angy >:(|100\/100 par|[from] drain|[of] p2b: Chien-Pao\n|\n|-weather|none\n|upkeep\n|\n|t:|1682233670\n|switch|p1a: tired misdreavus|Flutter Mane, L50|100\/100\n|turn|6\n|\n|t:|1682233683\n|move|p2b: Chien-Pao|Sucker Punch|p1a: tired misdreavus\n|-damage|p1a: tired misdreavus|11\/100\n|move|p1a: tired misdreavus|Shadow Ball|p2a: Skeledirge\n|-damage|p2a: Skeledirge|41\/100\n|move|p2a: Skeledirge|Hex|p1b: angy >:(\n|-supereffective|p1b: angy >:(\n|-damage|p1b: angy >:(|0 fnt\n|faint|p1b: angy >:(\n|\n|-heal|p2a: Skeledirge|47\/100|[from] item: Leftovers\n|upkeep\n|\n|t:|1682233693\n|switch|p1b: fish|Chi-Yu, L50|100\/100\n|-ability|p1b: fish|Beads of Ruin\n|turn|7\n|\n|t:|1682233719\n|move|p2b: Chien-Pao|Sacred Sword|p1b: fish\n|-supereffective|p1b: fish\n|-crit|p1b: fish\n|-enditem|p1b: fish|Focus Sash\n|-damage|p1b: fish|1\/100\n|move|p1a: tired misdreavus|Shadow Ball|p2a: Skeledirge\n|-damage|p2a: Skeledirge|0 fnt\n|faint|p2a: Skeledirge\n|move|p1b: fish|Heat Wave|p2b: Chien-Pao\n|-supereffective|p2b: Chien-Pao\n|-damage|p2b: Chien-Pao|0 fnt\n|faint|p2b: Chien-Pao\n|\n|win|Peripuff\n|raw|Peripuff's rating: 1072 → 1097<\/strong> (+25 for winning)\n|raw|Malamarvellous's rating: 1022 → 1011<\/strong> (-11 for losing)\n|l|\u2606Malamarvellous\n","uploadtime":1682233736,"views":12,"p1id":"peripuff","p2id":"malamarvellous","formatid":"gen9vgc2023regulationc","rating":1011,"private":0,"password":""}