{"id":"gen9vgc2023regulationc-1852380040","p1":"dogson5","p2":"PlasticAttorney","format":"[Gen 9] VGC 2023 Regulation C","log":"|j|\u2606dogson5\n|j|\u2606PlasticAttorney\n|t:|1682550458\n|gametype|doubles\n|player|p1|dogson5|nate|1526\n|player|p2|PlasticAttorney|clerk|1598\n|teamsize|p1|6\n|teamsize|p2|6\n|gen|9\n|tier|[Gen 9] VGC 2023 Regulation C\n|rated|\n|rule|Species Clause: Limit one of each Pok\u00e9mon\n|rule|Item Clause: Limit one of each item\n|clearpoke\n|poke|p1|Orthworm, L50, F|\n|poke|p1|Dragonite, L50, F|\n|poke|p1|Ting-Lu, L50|\n|poke|p1|Gyarados, L50, F|\n|poke|p1|Flutter Mane, L50|\n|poke|p1|Chien-Pao, L50|\n|poke|p2|Ting-Lu, L50|\n|poke|p2|Bronzong, L50|\n|poke|p2|Farigiraf, L50, M|\n|poke|p2|Iron Hands, L50|\n|poke|p2|Iron Bundle, L50|\n|poke|p2|Abomasnow, L50, F|\n|teampreview|4\n|j| Athed_Anachy\n|l| Athed_Anachy\n|\n|t:|1682550483\n|start\n|switch|p1a: Orthworm|Orthworm, L50, F|100\/100\n|switch|p1b: Ting-Lu|Ting-Lu, L50|100\/100\n|switch|p2a: Iron Bundle|Iron Bundle, L50|100\/100\n|switch|p2b: Abomasnow|Abomasnow, L50, F, shiny|100\/100\n|-weather|Snow|[from] ability: Snow Warning|[of] p2b: Abomasnow\n|-ability|p1b: Ting-Lu|Vessel of Ruin\n|turn|1\n|inactive|Battle timer is ON: inactive players will automatically lose when time's up. (requested by PlasticAttorney)\n|\n|t:|1682550500\n|-terastallize|p1b: Ting-Lu|Water\n|move|p2a: Iron Bundle|Blizzard|p1b: Ting-Lu|[spread] p1a,p1b\n|-resisted|p1a: Orthworm\n|-resisted|p1b: Ting-Lu\n|-damage|p1a: Orthworm|75\/100\n|-damage|p1b: Ting-Lu|82\/100\n|move|p2b: Abomasnow|Aurora Veil|p2b: Abomasnow\n|-sidestart|p2: PlasticAttorney|move: Aurora Veil\n|move|p1b: Ting-Lu|Earthquake|p2a: Iron Bundle|[spread] p2a,p2b\n|-heal|p1a: Orthworm|99\/100|[from] ability: Earth Eater|[of] p1b: Ting-Lu\n|-resisted|p2b: Abomasnow\n|-damage|p2a: Iron Bundle|72\/100\n|-damage|p2b: Abomasnow|85\/100\n|move|p1a: Orthworm|Body Press|p2a: Iron Bundle\n|-supereffective|p2a: Iron Bundle\n|-damage|p2a: Iron Bundle|42\/100\n|\n|-weather|Snow|[upkeep]\n|upkeep\n|turn|2\n|\n|t:|1682550522\n|move|p2a: Iron Bundle|Blizzard|p1b: Ting-Lu|[spread] p1a,p1b\n|-resisted|p1a: Orthworm\n|-resisted|p1b: Ting-Lu\n|-damage|p1a: Orthworm|73\/100\n|-damage|p1b: Ting-Lu|67\/100\n|move|p2b: Abomasnow|Grass Knot|p1b: Ting-Lu\n|-supereffective|p1b: Ting-Lu\n|-damage|p1b: Ting-Lu|11\/100\n|move|p1b: Ting-Lu|Earthquake|p2b: Abomasnow|[spread] p2a,p2b\n|-heal|p1a: Orthworm|98\/100|[from] ability: Earth Eater|[of] p1b: Ting-Lu\n|-resisted|p2b: Abomasnow\n|-damage|p2a: Iron Bundle|17\/100\n|-damage|p2b: Abomasnow|70\/100\n|move|p1a: Orthworm|Shed Tail|p1a: Orthworm\n|-start|p1a: Orthworm|Substitute|[from] move: Shed Tail\n|-damage|p1a: Orthworm|48\/100\n|-enditem|p1a: Orthworm|Sitrus Berry|[eat]\n|-heal|p1a: Orthworm|73\/100|[from] item: Sitrus Berry\n|\n|t:|1682550545\n|switch|p1a: Flutter Mane|Flutter Mane, L50|100\/100|[from] Shed Tail\n|\n|-weather|Snow|[upkeep]\n|upkeep\n|turn|3\n|\n|t:|1682550560\n|switch|p1b: Orthworm|Orthworm, L50, F|73\/100\n|move|p2a: Iron Bundle|Blizzard|p1a: Flutter Mane|[spread] p1a,p1b\n|-end|p1a: Flutter Mane|Substitute\n|-resisted|p1b: Orthworm\n|-damage|p1b: Orthworm|34\/100\n|move|p1a: Flutter Mane|Dazzling Gleam|p2b: Abomasnow|[spread] p2a,p2b\n|-damage|p2a: Iron Bundle|0 fnt\n|-damage|p2b: Abomasnow|37\/100\n|faint|p2a: Iron Bundle\n|-end|p2a: Iron Bundle|Quark Drive|[silent]\n|move|p2b: Abomasnow|Blizzard|p1a: Flutter Mane|[spread] p1a,p1b\n|-resisted|p1b: Orthworm\n|-damage|p1a: Flutter Mane|66\/100\n|-damage|p1b: Orthworm|13\/100\n|\n|-weather|Snow|[upkeep]\n|upkeep\n|\n|t:|1682550577\n|switch|p2a: Farigiraf|Farigiraf, L50, M|100\/100\n|turn|4\n|\n|t:|1682550600\n|-end|p1a: Flutter Mane|Protosynthesis|[silent]\n|switch|p1a: Ting-Lu|Ting-Lu, L50, tera:Water|11\/100\n|-ability|p1a: Ting-Lu|Vessel of Ruin\n|move|p2b: Abomasnow|Blizzard|p1a: Ting-Lu|[spread] p1a,p1b\n|-resisted|p1a: Ting-Lu\n|-resisted|p1b: Orthworm\n|-damage|p1a: Ting-Lu|1\/100\n|-damage|p1b: Orthworm|0 fnt\n|faint|p1b: Orthworm\n|move|p2a: Farigiraf|Trick Room|p2a: Farigiraf\n|-fieldstart|move: Trick Room|[of] p2a: Farigiraf\n|\n|-weather|Snow|[upkeep]\n|upkeep\n|\n|t:|1682550613\n|switch|p1b: Chien-Pao|Chien-Pao, L50|100\/100\n|-ability|p1b: Chien-Pao|Sword of Ruin\n|turn|5\n|\n|t:|1682550638\n|switch|p2b: Iron Hands|Iron Hands, L50|100\/100\n|-enditem|p2b: Iron Hands|Booster Energy\n|-activate|p2b: Iron Hands|ability: Quark Drive|[fromitem]\n|-start|p2b: Iron Hands|quarkdriveatk\n|move|p2a: Farigiraf|Hyper Voice|p1b: Chien-Pao|[spread] p1a,p1b\n|-damage|p1a: Ting-Lu|0 fnt\n|-damage|p1b: Chien-Pao|60\/100\n|faint|p1a: Ting-Lu\n|-enditem|p2a: Farigiraf|Throat Spray\n|-boost|p2a: Farigiraf|spa|1|[from] item: Throat Spray\n|move|p1b: Chien-Pao|Ice Spinner|p2a: Farigiraf\n|-damage|p2a: Farigiraf|66\/100\n|\n|-weather|none\n|upkeep\n|\n|t:|1682550652\n|switch|p1a: Flutter Mane|Flutter Mane, L50|66\/100\n|turn|6\n|-message|dogson5 forfeited.\n|\n|win|PlasticAttorney\n|raw|dogson5's rating: 1526 → 1510<\/strong> (-16 for losing)\n|raw|PlasticAttorney's rating: 1598 → 1614<\/strong> (+16 for winning)\n","uploadtime":1682550664,"views":12,"p1id":"dogson5","p2id":"plasticattorney","formatid":"gen9vgc2023regulationc","rating":1510,"private":0,"password":""}