{"id":"gen9vgc2023regulationc-1849353336","p1":"Achiles703","p2":"PianginaPardo","format":"[Gen 9] VGC 2023 Regulation C","log":"|j|\u2606Achiles703\n|j|\u2606PianginaPardo\n|t:|1682189097\n|gametype|doubles\n|player|p1|Achiles703|veteran|1134\n|player|p2|PianginaPardo|102|1130\n|teamsize|p1|6\n|teamsize|p2|6\n|gen|9\n|tier|[Gen 9] VGC 2023 Regulation C\n|rated|\n|rule|Species Clause: Limit one of each Pok\u00e9mon\n|rule|Item Clause: Limit one of each item\n|clearpoke\n|poke|p1|Mimikyu, L50, F|\n|poke|p1|Iron Hands, L50|\n|poke|p1|Amoonguss, L50, M|\n|poke|p1|Annihilape, L50, M|\n|poke|p1|Hatterene, L50, F|\n|poke|p1|Indeedee-F, L50, F|\n|poke|p2|Gholdengo, L50|\n|poke|p2|Gyarados, L50, M|\n|poke|p2|Ting-Lu, L50|\n|poke|p2|Iron Bundle, L50|\n|poke|p2|Maushold-Four, L50|\n|poke|p2|Annihilape, L50, M|\n|teampreview|4\n|\n|t:|1682189164\n|start\n|switch|p1a: Mimikyu|Mimikyu, L50, F|100\/100\n|switch|p1b: Annihilape|Annihilape, L50, M|100\/100\n|switch|p2a: Gholdengo|Gholdengo, L50|100\/100\n|switch|p2b: Maushold|Maushold-Four, L50|100\/100\n|turn|1\n|\n|t:|1682189185\n|move|p2b: Maushold|Protect|p2b: Maushold\n|-singleturn|p2b: Maushold|Protect\n|move|p1b: Annihilape|Final Gambit|p2b: Maushold\n|-activate|p2b: Maushold|move: Protect\n|move|p2a: Gholdengo|Nasty Plot|p2a: Gholdengo\n|-boost|p2a: Gholdengo|spa|2\n|move|p1a: Mimikyu|Trick Room|p1a: Mimikyu\n|-fieldstart|move: Trick Room|[of] p1a: Mimikyu\n|\n|upkeep\n|turn|2\n|\n|t:|1682189207\n|switch|p2b: MankeyDlufy|Annihilape, L50, M|100\/100\n|move|p1a: Mimikyu|Shadow Sneak|p2a: Gholdengo\n|-supereffective|p2a: Gholdengo\n|-damage|p2a: Gholdengo|63\/100\n|move|p2a: Gholdengo|Make It Rain|p1a: Mimikyu|[spread] p1a,p1b\n|-activate|p1a: Mimikyu|ability: Disguise\n|-damage|p1a: Mimikyu|100\/100\n|-damage|p1b: Annihilape|19\/100\n|-unboost|p2a: Gholdengo|spa|1\n|detailschange|p1a: Mimikyu|Mimikyu-Busted, L50, F\n|-damage|p1a: Mimikyu|88\/100|[from] pokemon: Mimikyu-Busted\n|move|p1b: Annihilape|Final Gambit|p2b: MankeyDlufy\n|-immune|p2b: MankeyDlufy\n|\n|upkeep\n|turn|3\n|\n|t:|1682189234\n|move|p1a: Mimikyu|Shadow Sneak|p2a: Gholdengo\n|-supereffective|p2a: Gholdengo\n|-damage|p2a: Gholdengo|29\/100\n|-enditem|p2a: Gholdengo|Sitrus Berry|[eat]\n|-heal|p2a: Gholdengo|54\/100|[from] item: Sitrus Berry\n|move|p2b: MankeyDlufy|Bulk Up|p2b: MankeyDlufy\n|-boost|p2b: MankeyDlufy|atk|1\n|-boost|p2b: MankeyDlufy|def|1\n|move|p2a: Gholdengo|Make It Rain|p1b: Annihilape|[spread] p1a,p1b\n|-supereffective|p1a: Mimikyu\n|-damage|p1a: Mimikyu|0 fnt\n|-damage|p1b: Annihilape|0 fnt\n|-unboost|p2a: Gholdengo|spa|1\n|faint|p1a: Mimikyu\n|faint|p1b: Annihilape\n|\n|upkeep\n|\n|t:|1682189247\n|switch|p1a: Amoonguss|Amoonguss, L50, M|100\/100\n|switch|p1b: Iron Hands|Iron Hands, L50|100\/100\n|-enditem|p1b: Iron Hands|Booster Energy\n|-activate|p1b: Iron Hands|ability: Quark Drive|[fromitem]\n|-start|p1b: Iron Hands|quarkdriveatk\n|turn|4\n|\n|t:|1682189261\n|switch|p2b: Maushold|Maushold-Four, L50|100\/100\n|move|p2a: Gholdengo|Protect|p2a: Gholdengo\n|-singleturn|p2a: Gholdengo|Protect\n|move|p1a: Amoonguss|Spore|p2b: Maushold\n|-activate|p2b: Maushold|item: Safety Goggles|Spore\n|move|p1b: Iron Hands|Wild Charge|p2a: Gholdengo\n|-activate|p2a: Gholdengo|move: Protect\n|\n|upkeep\n|turn|5\n|inactive|Battle timer is ON: inactive players will automatically lose when time's up. (requested by PianginaPardo)\n|inactive|Achiles703 has 60 seconds left.\n|inactive|Achiles703 has 30 seconds left.\n|inactive|Achiles703 has 20 seconds left.\n|inactive|Achiles703 has 15 seconds left.\n|inactive|Achiles703 has 10 seconds left.\n|inactive|Achiles703 has 5 seconds left.\n|\n|t:|1682189393\n|move|p2b: Maushold|Follow Me|p2b: Maushold\n|-singleturn|p2b: Maushold|move: Follow Me\n|move|p1a: Amoonguss|Spore|p2b: Maushold\n|-activate|p2b: Maushold|item: Safety Goggles|Spore\n|move|p1b: Iron Hands|Drain Punch|p2b: Maushold\n|-supereffective|p2b: Maushold\n|-damage|p2b: Maushold|0 fnt\n|faint|p2b: Maushold\n|move|p2a: Gholdengo|Nasty Plot|p2a: Gholdengo\n|-boost|p2a: Gholdengo|spa|2\n|\n|-fieldend|move: Trick Room\n|upkeep\n|\n|t:|1682189411\n|switch|p2b: MankeyDlufy|Annihilape, L50, M|100\/100\n|turn|6\n|inactive|Achiles703 has 30 seconds left.\n|inactive|Achiles703 has 20 seconds left.\n|inactive|Achiles703 has 15 seconds left.\n|inactive|Achiles703 has 10 seconds left.\n|inactive|Achiles703 has 5 seconds left.\n|\n|t:|1682189466\n|move|p2a: Gholdengo|Make It Rain|p1a: Amoonguss|[spread] p1a,p1b\n|-resisted|p1b: Iron Hands\n|-damage|p1a: Amoonguss|20\/100\n|-damage|p1b: Iron Hands|55\/100\n|-unboost|p2a: Gholdengo|spa|1\n|-enditem|p1a: Amoonguss|Sitrus Berry|[eat]\n|-heal|p1a: Amoonguss|45\/100|[from] item: Sitrus Berry\n|move|p2b: MankeyDlufy|Bulk Up|p2b: MankeyDlufy\n|-boost|p2b: MankeyDlufy|atk|1\n|-boost|p2b: MankeyDlufy|def|1\n|move|p1b: Iron Hands|Drain Punch|p2a: Gholdengo\n|-immune|p2a: Gholdengo\n|move|p1a: Amoonguss|Spore|p2a: Gholdengo\n|-immune|p2a: Gholdengo|[from] ability: Good as Gold\n|\n|upkeep\n|turn|7\n|l|\u2606Achiles703\n|inactive|Achiles703 disconnected and has a minute to reconnect!\n|player|p1|\n|inactive|Achiles703 has 30 seconds left.\n|inactive|Achiles703 has 20 seconds left.\n|inactive|Achiles703 has 15 seconds left.\n|inactive|Achiles703 has 10 seconds left.\n|inactive|Achiles703 has 5 seconds left.\n|-message|Achiles703 lost due to inactivity.\n|\n|win|PianginaPardo\n|raw|Achiles703's rating: 1134 → 1109<\/strong> (-25 for losing)\n|raw|PianginaPardo's rating: 1130 → 1155<\/strong> (+25 for winning)\n","uploadtime":1682189533,"views":9,"p1id":"achiles703","p2id":"pianginapardo","formatid":"gen9vgc2023regulationc","rating":1109,"private":0,"password":""}