{"id":"gen9vgc2023regulationc-1851458499","p1":"tukeydukey","p2":"stinkyton","format":"[Gen 9] VGC 2023 Regulation C","log":"|j|\u2606tukeydukey\n|j|\u2606stinkyton\n|t:|1682446791\n|gametype|doubles\n|player|p1|tukeydukey|elesa|1321\n|player|p2|stinkyton|170|1335\n|teamsize|p1|6\n|teamsize|p2|6\n|gen|9\n|tier|[Gen 9] VGC 2023 Regulation C\n|rated|\n|rule|Species Clause: Limit one of each Pok\u00e9mon\n|rule|Item Clause: Limit one of each item\n|clearpoke\n|poke|p1|Garganacl, L50, M|\n|poke|p1|Dondozo, L50, F|\n|poke|p1|Tatsugiri, L50, F|\n|poke|p1|Ting-Lu, L50|\n|poke|p1|Flutter Mane, L50|\n|poke|p1|Dragonite, L50, F|\n|poke|p2|Breloom, L50, F|\n|poke|p2|Chi-Yu, L50|\n|poke|p2|Gyarados, L50, F|\n|poke|p2|Flutter Mane, L50|\n|poke|p2|Baxcalibur, L50, F|\n|poke|p2|Glimmora, L50, F|\n|teampreview|4\n|inactive|Battle timer is ON: inactive players will automatically lose when time's up. (requested by tukeydukey)\n|inactive|tukeydukey has 60 seconds left.\n|\n|t:|1682446860\n|start\n|switch|p1a: Ting-Lu|Ting-Lu, L50|100\/100\n|switch|p1b: Garganacl|Garganacl, L50, M|100\/100\n|switch|p2a: Breloom|Breloom, L50, F|100\/100\n|switch|p2b: Baxcalibur|Baxcalibur, L50, F|100\/100\n|-ability|p1a: Ting-Lu|Vessel of Ruin\n|turn|1\n|inactive|tukeydukey has 30 seconds left.\n|inactive|tukeydukey has 20 seconds left.\n|inactive|tukeydukey has 15 seconds left.\n|inactive|tukeydukey has 10 seconds left.\n|inactive|tukeydukey has 5 seconds left.\n|\n|t:|1682446912\n|move|p1b: Garganacl|Protect|p1b: Garganacl\n|-singleturn|p1b: Garganacl|Protect\n|move|p2b: Baxcalibur|Glaive Rush|p1b: Garganacl\n|-activate|p1b: Garganacl|move: Protect\n|move|p2a: Breloom|Bullet Seed|p1b: Garganacl\n|-activate|p1b: Garganacl|move: Protect\n|move|p1a: Ting-Lu|Heavy Slam|p2b: Baxcalibur\n|-supereffective|p2b: Baxcalibur\n|-damage|p2b: Baxcalibur|59\/100\n|\n|upkeep\n|turn|2\n|inactive|tukeydukey has 30 seconds left.\n|\n|t:|1682446937\n|-terastallize|p1b: Garganacl|Ghost\n|move|p2b: Baxcalibur|Protect|p2b: Baxcalibur\n|-singleturn|p2b: Baxcalibur|Protect\n|move|p2a: Breloom|Spore|p1a: Ting-Lu\n|-activate|p1a: Ting-Lu|item: Safety Goggles|Spore\n|move|p1a: Ting-Lu|Heavy Slam|p2a: Breloom\n|-damage|p2a: Breloom|55\/100\n|move|p1b: Garganacl|Salt Cure|p2a: Breloom\n|-resisted|p2a: Breloom\n|-damage|p2a: Breloom|42\/100\n|-start|p2a: Breloom|Salt Cure\n|\n|-damage|p2a: Breloom|30\/100|[from] Salt Cure\n|upkeep\n|turn|3\n|inactive|tukeydukey has 30 seconds left.\n|inactive|stinkyton has 30 seconds left.\n|\n|t:|1682446965\n|switch|p2a: Gyarados|Gyarados, L50, F|100\/100\n|-ability|p2a: Gyarados|Intimidate|boost\n|-unboost|p1a: Ting-Lu|atk|1\n|-unboost|p1b: Garganacl|atk|1\n|move|p2b: Baxcalibur|Icicle Spear|p1a: Ting-Lu\n|-supereffective|p1a: Ting-Lu\n|-damage|p1a: Ting-Lu|80\/100\n|-supereffective|p1a: Ting-Lu\n|-damage|p1a: Ting-Lu|61\/100\n|-hitcount|p1a: Ting-Lu|2\n|-damage|p2b: Baxcalibur|50\/100|[from] item: Life Orb\n|move|p1a: Ting-Lu|Heavy Slam|p2a: Gyarados\n|-resisted|p2a: Gyarados\n|-damage|p2a: Gyarados|95\/100\n|move|p1b: Garganacl|Stealth Rock|p2a: Gyarados\n|-sidestart|p2: stinkyton|move: Stealth Rock\n|\n|upkeep\n|turn|4\n|\n|t:|1682446987\n|move|p1a: Ting-Lu|Protect|p1a: Ting-Lu\n|-singleturn|p1a: Ting-Lu|Protect\n|move|p2b: Baxcalibur|Icicle Spear|p1a: Ting-Lu\n|-activate|p1a: Ting-Lu|move: Protect\n|move|p2a: Gyarados|Taunt|p1b: Garganacl\n|-start|p1b: Garganacl|move: Taunt\n|move|p1b: Garganacl|Salt Cure|p2b: Baxcalibur\n|-supereffective|p2b: Baxcalibur\n|-damage|p2b: Baxcalibur|31\/100\n|-start|p2b: Baxcalibur|Salt Cure\n|\n|-damage|p2b: Baxcalibur|19\/100|[from] Salt Cure\n|upkeep\n|turn|5\n|inactive|stinkyton has 30 seconds left.\n|\n|t:|1682447016\n|switch|p1a: Dondozo|Dondozo, L50, F|100\/100\n|move|p2b: Baxcalibur|Glaive Rush|p1b: Garganacl\n|-damage|p1b: Garganacl|32\/100\n|-singlemove|p2b: Baxcalibur|Glaive Rush|[silent]\n|-enditem|p1b: Garganacl|Sitrus Berry|[eat]\n|-heal|p1b: Garganacl|56\/100|[from] item: Sitrus Berry\n|-damage|p2b: Baxcalibur|9\/100|[from] item: Life Orb\n|move|p2a: Gyarados|Waterfall|p1b: Garganacl\n|-crit|p1b: Garganacl\n|-damage|p1b: Garganacl|11\/100\n|move|p1b: Garganacl|Salt Cure|p2a: Gyarados\n|-supereffective|p2a: Gyarados\n|-damage|p2a: Gyarados|73\/100\n|-start|p2a: Gyarados|Salt Cure\n|\n|-damage|p2b: Baxcalibur|0 fnt|[from] Salt Cure\n|faint|p2b: Baxcalibur\n|-damage|p2a: Gyarados|48\/100|[from] Salt Cure\n|upkeep\n|inactive|stinkyton has 30 seconds left.\n|inactive|stinkyton has 20 seconds left.\n|inactive|stinkyton has 15 seconds left.\n|\n|t:|1682447056\n|switch|p2b: Flutter Mane|Flutter Mane, L50|100\/100\n|-damage|p2b: Flutter Mane|88\/100|[from] Stealth Rock\n|-enditem|p2b: Flutter Mane|Booster Energy\n|-activate|p2b: Flutter Mane|ability: Protosynthesis|[fromitem]\n|-start|p2b: Flutter Mane|protosynthesisspa\n|turn|6\n|inactive|tukeydukey has 30 seconds left.\n|inactive|stinkyton has 30 seconds left.\n|\n|t:|1682447092\n|switch|p2a: Breloom|Breloom, L50, F|30\/100\n|-damage|p2a: Breloom|24\/100|[from] Stealth Rock\n|switch|p1b: Tatsugiri|Tatsugiri, L50, F|100\/100\n|-activate|p1b: Tatsugiri|ability: Commander|[of] p1a: Dondozo\n|-boost|p1a: Dondozo|atk|2\n|-boost|p1a: Dondozo|spa|2\n|-boost|p1a: Dondozo|spe|2\n|-boost|p1a: Dondozo|def|2\n|-boost|p1a: Dondozo|spd|2\n|-terastallize|p2b: Flutter Mane|Fairy\n|move|p2b: Flutter Mane|Moonblast|p1a: Dondozo\n|-damage|p1a: Dondozo|65\/100\n|move|p1a: Dondozo|Wave Crash|p2b: Flutter Mane\n|-damage|p2b: Flutter Mane|0 fnt\n|faint|p2b: Flutter Mane\n|-end|p2b: Flutter Mane|Protosynthesis|[silent]\n|-damage|p1a: Dondozo|47\/100|[from] Recoil\n|\n|-heal|p1a: Dondozo|54\/100|[from] item: Leftovers\n|upkeep\n|\n|t:|1682447107\n|switch|p2b: Gyarados|Gyarados, L50, F|48\/100\n|-damage|p2b: Gyarados|23\/100|[from] Stealth Rock\n|-ability|p2b: Gyarados|Intimidate|boost\n|-fail|p1a: Dondozo|unboost|Attack|[from] ability: Oblivious|[of] p1a: Dondozo\n|-unboost|p1b: Tatsugiri|atk|1\n|turn|7\n|-message|stinkyton forfeited.\n|\n|win|tukeydukey\n|raw|tukeydukey's rating: 1321 → 1342<\/strong> (+21 for winning)\n|raw|stinkyton's rating: 1335 → 1314<\/strong> (-21 for losing)\n|l|\u2606stinkyton\n","uploadtime":1682447118,"views":5,"p1id":"tukeydukey","p2id":"stinkyton","formatid":"gen9vgc2023regulationc","rating":1314,"private":0,"password":""}