{"id":"gen9vgc2023regulationc-1845736594","p1":"Keveloper","p2":"muddyswamppert","format":"[Gen 9] VGC 2023 Regulation C","log":"|j|\u2606Keveloper\n|j|\u2606muddyswamppert\n|t:|1681759855\n|gametype|doubles\n|player|p1|Keveloper|ash|\n|player|p2|muddyswamppert|cynthia-gen4|\n|teamsize|p1|6\n|teamsize|p2|6\n|gen|9\n|tier|[Gen 9] VGC 2023 Regulation C\n|rule|Species Clause: Limit one of each Pok\u00e9mon\n|rule|Item Clause: Limit one of each item\n|clearpoke\n|poke|p1|Orthworm, L50, M|\n|poke|p1|Dragonite, L50, M|\n|poke|p1|Ting-Lu, L50|\n|poke|p1|Gyarados, L50, M|\n|poke|p1|Flutter Mane, L50|\n|poke|p1|Chien-Pao, L50|\n|poke|p2|Amoonguss, L50, M|\n|poke|p2|Iron Moth, L50|\n|poke|p2|Tauros-Paldea-Aqua, L50, M|\n|poke|p2|Chien-Pao, L50|\n|poke|p2|Flutter Mane, L50|\n|poke|p2|Baxcalibur, L50, F|\n|teampreview|4\n|inactive|Battle timer is ON: inactive players will automatically lose when time's up. (requested by muddyswamppert)\nKeveloper has agreed to open team sheets.\nmuddyswamppert has agreed to open team sheets.\n|c|\u2606Keveloper|just realized I forgot to OTS last game sorry about that\n|inactive|Keveloper has 60 seconds left.\n|c|\u2606muddyswamppert|its ok\n|inactive|Keveloper has 30 seconds left.\n|c|\u2606muddyswamppert|i 2 lazy 2 look at the teams\n|inactive|Keveloper has 20 seconds left.\n|inactive|Keveloper has 15 seconds left.\n|inactive|Keveloper has 10 seconds left.\n|inactive|Keveloper has 5 seconds left.\n|\n|t:|1681759943\n|start\n|switch|p1a: Gyarados|Gyarados, L50, M|100\/100\n|switch|p1b: Orthworm|Orthworm, L50, M|100\/100\n|switch|p2a: Baxcalibur|Baxcalibur, L50, F|100\/100\n|switch|p2b: Iron Moth|Iron Moth, L50|100\/100\n|-ability|p1a: Gyarados|Intimidate|boost\n|-unboost|p2a: Baxcalibur|atk|1\n|-unboost|p2b: Iron Moth|atk|1\n|-enditem|p2b: Iron Moth|Booster Energy\n|-activate|p2b: Iron Moth|ability: Quark Drive|[fromitem]\n|-start|p2b: Iron Moth|quarkdrivespe\n|turn|1\n|inactiveoff|Battle timer is now OFF.\n|\n|t:|1681759977\n|move|p2b: Iron Moth|Acid Spray|p1b: Orthworm\n|-immune|p1b: Orthworm\n|move|p1a: Gyarados|Bulldoze|p2a: Baxcalibur|[spread] p2a,p2b\n|-immune|p1b: Orthworm|[from] ability: Earth Eater\n|-supereffective|p2b: Iron Moth\n|-damage|p2a: Baxcalibur|89\/100\n|-damage|p2b: Iron Moth|18\/100\n|-unboost|p2a: Baxcalibur|spe|1\n|-unboost|p2b: Iron Moth|spe|1\n|move|p1b: Orthworm|Shed Tail|p1b: Orthworm\n|-start|p1b: Orthworm|Substitute|[from] move: Shed Tail\n|-damage|p1b: Orthworm|50\/100\n|-enditem|p1b: Orthworm|Sitrus Berry|[eat]\n|-heal|p1b: Orthworm|75\/100|[from] item: Sitrus Berry\n|c|\u2606muddyswamppert|i remembered\n|\n|t:|1681759989\n|switch|p1b: Dragonite|Dragonite, L50, M|100\/100|[from] Shed Tail\n|move|p2a: Baxcalibur|Icicle Crash|p1a: Gyarados\n|-damage|p1a: Gyarados|64\/100\n|\n|upkeep\n|turn|2\n|\n|t:|1681760028\n|move|p1b: Dragonite|Extreme Speed|p2b: Iron Moth\n|-damage|p2b: Iron Moth|0 fnt\n|faint|p2b: Iron Moth\n|-end|p2b: Iron Moth|Quark Drive|[silent]\n|move|p1a: Gyarados|Thunder Wave|p2a: Baxcalibur\n|-status|p2a: Baxcalibur|par\n|move|p2a: Baxcalibur|Icicle Crash|p1b: Dragonite\n|-supereffective|p1b: Dragonite\n|-end|p1b: Dragonite|Substitute\n|\n|upkeep\n|\n|t:|1681760033\n|switch|p2b: Flutter Mane|Flutter Mane, L50|100\/100\n|turn|3\n|\n|t:|1681760049\n|-terastallize|p2b: Flutter Mane|Fairy\n|-terastallize|p1b: Dragonite|Flying\n|move|p2a: Baxcalibur|Ice Shard|p1b: Dragonite\n|-supereffective|p1b: Dragonite\n|-damage|p1b: Dragonite|84\/100\n|move|p2b: Flutter Mane|Dazzling Gleam|p1a: Gyarados|[spread] p1a,p1b\n|-damage|p1a: Gyarados|13\/100\n|-damage|p1b: Dragonite|17\/100\n|move|p1b: Dragonite|Earthquake|p2a: Baxcalibur|[spread] p2a,p2b\n|-immune|p1a: Gyarados\n|-damage|p2a: Baxcalibur|66\/100 par\n|-damage|p2b: Flutter Mane|56\/100\n|move|p1a: Gyarados|Waterfall|p2b: Flutter Mane\n|-damage|p2b: Flutter Mane|0 fnt\n|faint|p2b: Flutter Mane\n|-end|p2b: Flutter Mane|Protosynthesis|[silent]\n|\n|upkeep\n|\n|t:|1681760065\n|switch|p2b: Chien-Pao|Chien-Pao, L50|100\/100\n|-ability|p2b: Chien-Pao|Sword of Ruin\n|turn|4\n|\n|t:|1681760074\n|move|p1b: Dragonite|Extreme Speed|p2a: Baxcalibur\n|-damage|p2a: Baxcalibur|32\/100 par\n|move|p2a: Baxcalibur|Ice Shard|p1b: Dragonite\n|-supereffective|p1b: Dragonite\n|-damage|p1b: Dragonite|0 fnt\n|faint|p1b: Dragonite\n|move|p2b: Chien-Pao|Ice Spinner|p1a: Gyarados\n|-damage|p1a: Gyarados|0 fnt\n|faint|p1a: Gyarados\n|\n|upkeep\n|\n|t:|1681760082\n|switch|p1b: Flutter Mane|Flutter Mane, L50|100\/100\n|switch|p1a: Orthworm|Orthworm, L50, M|75\/100\n|turn|5\n|\n|t:|1681760114\n|move|p2a: Baxcalibur|Ice Shard|p1b: Flutter Mane\n|-crit|p1b: Flutter Mane\n|-damage|p1b: Flutter Mane|21\/100\n|move|p2b: Chien-Pao|Crunch|p1b: Flutter Mane\n|-damage|p1b: Flutter Mane|0 fnt\n|faint|p1b: Flutter Mane\n|-end|p1b: Flutter Mane|Protosynthesis|[silent]\n|move|p1a: Orthworm|Body Press|p2b: Chien-Pao\n|-supereffective|p2b: Chien-Pao\n|-enditem|p2b: Chien-Pao|Focus Sash\n|-damage|p2b: Chien-Pao|1\/100\n|\n|upkeep\n|turn|6\n|\n|t:|1681760127\n|move|p2b: Chien-Pao|Sacred Sword|p1a: Orthworm\n|-supereffective|p1a: Orthworm\n|-damage|p1a: Orthworm|21\/100\n|move|p1a: Orthworm|Body Press|p2b: Chien-Pao\n|-supereffective|p2b: Chien-Pao\n|-damage|p2b: Chien-Pao|0 fnt\n|faint|p2b: Chien-Pao\n|move|p2a: Baxcalibur|Icicle Crash|p1a: Orthworm\n|-resisted|p1a: Orthworm\n|-damage|p1a: Orthworm|9\/100\n|\n|upkeep\n|turn|7\n|c|\u2606Keveloper|so close\n|\n|t:|1681760142\n|move|p2a: Baxcalibur|Ice Shard|p1a: Orthworm\n|-resisted|p1a: Orthworm\n|-damage|p1a: Orthworm|3\/100\n|move|p1a: Orthworm|Body Press|p2a: Baxcalibur\n|-supereffective|p2a: Baxcalibur\n|-damage|p2a: Baxcalibur|0 fnt\n|faint|p2a: Baxcalibur\n|\n|win|Keveloper\n|c|\u2606muddyswamppert|gg\n|c|\u2606Keveloper|gg\n|c|\u2606muddyswamppert|so close\n","uploadtime":1681760149,"views":6,"p1id":"keveloper","p2id":"muddyswamppert","formatid":"gen9vgc2023regulationc","rating":0,"private":0,"password":""}