{"id":"gen9vgc2023regulationc-1857386495","p1":"tadano-reol","p2":"Anderah7","format":"[Gen 9] VGC 2023 Regulation C","log":"|j|\u2606tadano-reol\n|j|\u2606Anderah7\n|t:|1683184595\n|gametype|doubles\n|player|p1|tadano-reol|red|1159\n|player|p2|Anderah7|1|1110\n|teamsize|p1|6\n|teamsize|p2|6\n|gen|9\n|tier|[Gen 9] VGC 2023 Regulation C\n|rated|\n|rule|Species Clause: Limit one of each Pok\u00e9mon\n|rule|Item Clause: Limit one of each item\n|clearpoke\n|poke|p1|Armarouge, L50, F|\n|poke|p1|Indeedee-F, L50, F|\n|poke|p1|Roaring Moon, L50|\n|poke|p1|Corviknight, L50, F|\n|poke|p1|Garchomp, L50, M|\n|poke|p1|Flutter Mane, L50|\n|poke|p2|Talonflame, L50, M|\n|poke|p2|Iron Bundle, L50|\n|poke|p2|Iron Hands, L50|\n|poke|p2|Gholdengo, L50|\n|poke|p2|Garchomp, L50, M|\n|poke|p2|Chien-Pao, L50|\n|teampreview|4\n|j| hisanory\n|\n|t:|1683184637\n|start\n|switch|p1a: Garchomp|Garchomp, L50, M|100\/100\n|switch|p1b: Corviknight|Corviknight, L50, F|100\/100\n|switch|p2a: Abdulah|Talonflame, L50, M|100\/100\n|switch|p2b: Alfredo|Iron Bundle, L50|100\/100\n|-enditem|p2b: Alfredo|Booster Energy\n|-activate|p2b: Alfredo|ability: Quark Drive|[fromitem]\n|-start|p2b: Alfredo|quarkdrivespe\n|turn|1\n|\n|t:|1683184658\n|move|p2a: Abdulah|Tailwind|p2a: Abdulah\n|-sidestart|p2: Anderah7|move: Tailwind\n|move|p2b: Alfredo|Icy Wind|p1b: Corviknight|[spread] p1a,p1b\n|-supereffective|p1a: Garchomp\n|-damage|p1a: Garchomp|3\/100\n|-damage|p1b: Corviknight|83\/100\n|-unboost|p1a: Garchomp|spe|1\n|-ability|p1b: Corviknight|Mirror Armor\n|-unboost|p2b: Alfredo|spe|1\n|move|p1a: Garchomp|Rock Slide|p2b: Alfredo|[spread] p2a,p2b\n|-supereffective|p2a: Abdulah\n|-supereffective|p2b: Alfredo\n|-damage|p2a: Abdulah|0 fnt\n|-damage|p2b: Alfredo|44\/100\n|faint|p2a: Abdulah\n|move|p1b: Corviknight|Tailwind|p1b: Corviknight\n|-sidestart|p1: tadano-reol|move: Tailwind\n|\n|upkeep\n|\n|t:|1683184675\n|switch|p2a: Chien-Pao|Chien-Pao, L50|100\/100\n|-ability|p2a: Chien-Pao|Sword of Ruin\n|turn|2\n|\n|t:|1683184684\n|move|p2b: Alfredo|Freeze-Dry|p1a: Garchomp\n|-supereffective|p1a: Garchomp\n|-damage|p1a: Garchomp|0 fnt\n|faint|p1a: Garchomp\n|move|p2a: Chien-Pao|Sacred Sword|p1b: Corviknight\n|-damage|p1b: Corviknight|50\/100\n|-enditem|p1b: Corviknight|Sitrus Berry|[eat]\n|-heal|p1b: Corviknight|75\/100|[from] item: Sitrus Berry\n|move|p1b: Corviknight|Iron Head|p2a: Chien-Pao\n|-supereffective|p2a: Chien-Pao\n|-damage|p2a: Chien-Pao|11\/100\n|\n|upkeep\n|\n|t:|1683184697\n|switch|p1a: Roaring Moon|Roaring Moon, L50, shiny|100\/100\n|-enditem|p1a: Roaring Moon|Booster Energy\n|-activate|p1a: Roaring Moon|ability: Protosynthesis|[fromitem]\n|-start|p1a: Roaring Moon|protosynthesisspe\n|turn|3\n|\n|t:|1683184709\n|move|p1a: Roaring Moon|Protect|p1a: Roaring Moon\n|-singleturn|p1a: Roaring Moon|Protect\n|move|p2a: Chien-Pao|Protect|p2a: Chien-Pao\n|-singleturn|p2a: Chien-Pao|Protect\n|move|p2b: Alfredo|Freeze-Dry|p1a: Roaring Moon\n|-activate|p1a: Roaring Moon|move: Protect\n|move|p1b: Corviknight|Iron Head|p2a: Chien-Pao\n|-activate|p2a: Chien-Pao|move: Protect\n|\n|upkeep\n|turn|4\n|\n|t:|1683184730\n|-end|p1a: Roaring Moon|Protosynthesis|[silent]\n|switch|p1a: Flutter Mane|Flutter Mane, L50|100\/100\n|move|p2b: Alfredo|Freeze-Dry|p1a: Flutter Mane\n|-damage|p1a: Flutter Mane|68\/100\n|move|p2a: Chien-Pao|Ice Spinner|p1a: Flutter Mane\n|-damage|p1a: Flutter Mane|0 fnt\n|faint|p1a: Flutter Mane\n|-end|p1a: Flutter Mane|Protosynthesis|[silent]\n|move|p1b: Corviknight|Iron Head|p2a: Chien-Pao\n|-supereffective|p2a: Chien-Pao\n|-damage|p2a: Chien-Pao|0 fnt\n|faint|p2a: Chien-Pao\n|\n|-sideend|p1: tadano-reol|move: Tailwind\n|-sideend|p2: Anderah7|move: Tailwind\n|upkeep\n|\n|t:|1683184744\n|switch|p2a: Matias|Gholdengo, L50|100\/100\n|switch|p1a: Roaring Moon|Roaring Moon, L50, shiny|100\/100\n|turn|5\n|\n|t:|1683184764\n|-terastallize|p2a: Matias|Steel\n|move|p2b: Alfredo|Freeze-Dry|p1a: Roaring Moon\n|-supereffective|p1a: Roaring Moon\n|-damage|p1a: Roaring Moon|31\/100\n|move|p1a: Roaring Moon|Throat Chop|p2a: Matias\n|-damage|p2a: Matias|50\/100\n|-start|p2a: Matias|Throat Chop|[silent]\n|move|p2a: Matias|Make It Rain|p1b: Corviknight|[spread] p1a,p1b\n|-resisted|p1b: Corviknight\n|-damage|p1a: Roaring Moon|0 fnt\n|-damage|p1b: Corviknight|28\/100\n|-unboost|p2a: Matias|spa|1\n|faint|p1a: Roaring Moon\n|-end|p1a: Roaring Moon|Protosynthesis|[silent]\n|move|p1b: Corviknight|Iron Head|p2b: Alfredo\n|-damage|p2b: Alfredo|7\/100\n|\n|upkeep\n|turn|6\n|-message|tadano-reol forfeited.\n|\n|win|Anderah7\n|raw|tadano-reol's rating: 1159 → 1130<\/strong> (-29 for losing)\n|raw|Anderah7's rating: 1110 → 1139<\/strong> (+29 for winning)\n|l|\u2606tadano-reol\n|l|\u2606Anderah7\n","uploadtime":1683184825,"views":8,"p1id":"tadanoreol","p2id":"anderah7","formatid":"gen9vgc2023regulationc","rating":1130,"private":0,"password":""}