{"id":"gen9vgc2023regulationc-1860164571","p1":"Faan_Tung","p2":"Mortal-Presence","format":"[Gen 9] VGC 2023 Regulation C","log":"|j|\u2606Faan_Tung\n|j|\u2606Mortal-Presence\n|t:|1683603350\n|gametype|doubles\n|player|p1|Faan_Tung|tuberf|1077\n|player|p2|Mortal-Presence|veteran|1000\n|teamsize|p1|6\n|teamsize|p2|6\n|gen|9\n|tier|[Gen 9] VGC 2023 Regulation C\n|rated|\n|rule|Species Clause: Limit one of each Pok\u00e9mon\n|rule|Item Clause: Limit one of each item\n|clearpoke\n|poke|p1|Amoonguss, L50, M|\n|poke|p1|Indeedee-F, L50, F|\n|poke|p1|Palafin, L50, M|\n|poke|p1|Iron Hands, L50|\n|poke|p1|Flutter Mane, L50|\n|poke|p1|Chi-Yu, L50|\n|poke|p2|Farigiraf, L50, M|\n|poke|p2|Lokix, L50, F|\n|poke|p2|Iron Thorns, L50|\n|poke|p2|Indeedee-F, L50, F|\n|poke|p2|Dondozo, L50, M|\n|poke|p2|Toedscruel, L50, M|\n|teampreview|4\n|inactive|Battle timer is ON: inactive players will automatically lose when time's up. (requested by Mortal-Presence)\n|\n|t:|1683603394\n|start\n|switch|p1a: Indeedee|Indeedee-F, L50, F|100\/100\n|switch|p1b: Chi-Yu|Chi-Yu, L50|100\/100\n|switch|p2a: Farigiraf|Farigiraf, L50, M|100\/100\n|switch|p2b: Lokix|Lokix, L50, F|100\/100\n|-ability|p1b: Chi-Yu|Beads of Ruin\n|-fieldstart|move: Psychic Terrain|[from] ability: Psychic Surge|[of] p1a: Indeedee\n|-enditem|p1a: Indeedee|Psychic Seed\n|-boost|p1a: Indeedee|spd|1|[from] item: Psychic Seed\n|turn|1\n|inactive|Mortal-Presence has 30 seconds left.\n|inactive|Faan_Tung has 30 seconds left.\n|inactive|Mortal-Presence has 20 seconds left.\n|inactive|Faan_Tung has 20 seconds left.\n|inactive|Mortal-Presence has 15 seconds left.\n|inactive|Mortal-Presence has 10 seconds left.\n|\n|t:|1683603439\n|switch|p2b: Dondozo|Dondozo, L50, M|100\/100\n|move|p1a: Indeedee|Helping Hand|p1b: Chi-Yu\n|-singleturn|p1b: Chi-Yu|Helping Hand|[of] p1a: Indeedee\n|move|p2a: Farigiraf|Protect|p2a: Farigiraf\n|-singleturn|p2a: Farigiraf|Protect\n|move|p1b: Chi-Yu|Dark Pulse|p2a: Farigiraf\n|-activate|p2a: Farigiraf|move: Protect\n|\n|upkeep\n|turn|2\n|inactive|Mortal-Presence has 30 seconds left.\n|\n|t:|1683603465\n|-terastallize|p1b: Chi-Yu|Grass\n|-terastallize|p2a: Farigiraf|Fairy\n|move|p1a: Indeedee|Helping Hand|p1b: Chi-Yu\n|-singleturn|p1b: Chi-Yu|Helping Hand|[of] p1a: Indeedee\n|move|p1b: Chi-Yu|Dark Pulse|p2a: Farigiraf\n|-resisted|p2a: Farigiraf\n|-damage|p2a: Farigiraf|59\/100\n|cant|p2a: Farigiraf|flinch\n|move|p2b: Dondozo|Fissure|p1a: Indeedee|[miss]\n|-miss|p2b: Dondozo|p1a: Indeedee\n|\n|upkeep\n|turn|3\n|\n|t:|1683603489\n|move|p1a: Indeedee|Helping Hand|p1b: Chi-Yu\n|-singleturn|p1b: Chi-Yu|Helping Hand|[of] p1a: Indeedee\n|move|p1b: Chi-Yu|Heat Wave|p2a: Farigiraf|[spread] p2a\n|-miss|p1b: Chi-Yu|p2b: Dondozo\n|-damage|p2a: Farigiraf|0 fnt\n|faint|p2a: Farigiraf\n|move|p2b: Dondozo|Fissure|p1a: Indeedee\n|-damage|p1a: Indeedee|0 fnt\n|faint|p1a: Indeedee\n|-ohko\n|\n|upkeep\n|\n|t:|1683603514\n|switch|p1a: Iron Hands|Iron Hands, L50|100\/100\n|switch|p2a: Toedscruel|Toedscruel, L50, M|100\/100\n|turn|4\n|\n|t:|1683603531\n|move|p1b: Chi-Yu|Protect|p1b: Chi-Yu\n|-singleturn|p1b: Chi-Yu|Protect\n|move|p2a: Toedscruel|Protect|p2a: Toedscruel\n|-singleturn|p2a: Toedscruel|Protect\n|move|p1a: Iron Hands|Swords Dance|p1a: Iron Hands\n|-boost|p1a: Iron Hands|atk|2\n|move|p2b: Dondozo|Fissure|p1b: Chi-Yu\n|-activate|p1b: Chi-Yu|move: Protect\n|\n|upkeep\n|turn|5\n|\n|t:|1683603555\n|move|p1b: Chi-Yu|Tera Blast|p2b: Dondozo\n|-supereffective|p2b: Dondozo\n|-damage|p2b: Dondozo|11\/100\n|move|p1a: Iron Hands|Drain Punch|p2a: Toedscruel\n|-damage|p2a: Toedscruel|12\/100\n|move|p2b: Dondozo|Fissure|p1a: Iron Hands|[miss]\n|-miss|p2b: Dondozo|p1a: Iron Hands\n|move|p2a: Toedscruel|Toxic|p1a: Iron Hands|[miss]\n|-miss|p2a: Toedscruel|p1a: Iron Hands\n|\n|-heal|p2a: Toedscruel|18\/100|[from] item: Leftovers\n|-fieldend|move: Psychic Terrain\n|upkeep\n|turn|6\n|\n|t:|1683603571\n|move|p2a: Toedscruel|Rage Powder|p2a: Toedscruel\n|-singleturn|p2a: Toedscruel|move: Rage Powder\n|move|p1b: Chi-Yu|Dark Pulse|p2b: Dondozo\n|-damage|p2b: Dondozo|0 fnt\n|faint|p2b: Dondozo\n|move|p1a: Iron Hands|Drain Punch|p2a: Toedscruel\n|-damage|p2a: Toedscruel|0 fnt\n|faint|p2a: Toedscruel\n|\n|upkeep\n|\n|t:|1683603581\n|switch|p2b: Lokix|Lokix, L50, F|100\/100\n|turn|7\n|\n|t:|1683603597\n|move|p1b: Chi-Yu|Protect|p1b: Chi-Yu\n|-singleturn|p1b: Chi-Yu|Protect\n|move|p2b: Lokix|Aerial Ace|p1b: Chi-Yu\n|-activate|p1b: Chi-Yu|move: Protect\n|move|p1a: Iron Hands|Wild Charge|p2b: Lokix\n|-damage|p2b: Lokix|0 fnt\n|faint|p2b: Lokix\n|-damage|p1a: Iron Hands|85\/100|[from] Recoil\n|\n|win|Faan_Tung\n|raw|Faan_Tung's rating: 1077 → 1099<\/strong> (+22 for winning)\n|raw|Mortal-Presence's rating: 1000 → 1000<\/strong> (+0 for losing)\n|l|\u2606Mortal-Presence\n|c|\u2606Faan_Tung|GG\n","uploadtime":1683603609,"views":11,"p1id":"faantung","p2id":"mortalpresence","formatid":"gen9vgc2023regulationc","rating":1000,"private":0,"password":""}