{"id":"gen9vgc2023regulationc-1862784721","p1":"H0p5t3r","p2":"CerpinT","format":"[Gen 9] VGC 2023 Regulation C","log":"|j|\u2606H0p5t3r\n|j|\u2606CerpinT\n|t:|1683921625\n|gametype|doubles\n|player|p1|H0p5t3r|guitarist|\n|player|p2|CerpinT|drayden|\n|teamsize|p1|6\n|teamsize|p2|6\n|gen|9\n|tier|[Gen 9] VGC 2023 Regulation C\n|rule|Species Clause: Limit one of each Pok\u00e9mon\n|rule|Item Clause: Limit one of each item\n|clearpoke\n|poke|p1|Chewtle, L5, M|\n|poke|p1|Wattrel, L5, F|\n|poke|p1|Growlithe, L5, F|\n|poke|p1|Eevee, L5, F|\n|poke|p1|Croagunk, L5, M|\n|poke|p1|Spoink, L5, M|\n|poke|p2|Zorua, L5, M|\n|poke|p2|Finneon, L5, M|\n|poke|p2|Cacnea, L5, M|\n|poke|p2|Numel, L5, F|\n|poke|p2|Shuppet, L5, F|\n|poke|p2|Pichu, L5, M|\n|teampreview|4\nCerpinT rejected open team sheets.\n|\n|t:|1683921675\n|start\n|switch|p1a: Banjo-Kazooie|Wattrel, L5, F|100\/100\n|switch|p1b: Bugs|Eevee, L5, F|100\/100\n|switch|p2a: I C U P (h)|Pichu, L5, M, shiny|100\/100\n|switch|p2b: Ace Can|Cacnea, L5, M, shiny|100\/100\n|turn|1\n|\n|t:|1683921705\n|move|p1b: Bugs|Helping Hand|p1a: Banjo-Kazooie\n|-singleturn|p1a: Banjo-Kazooie|Helping Hand|[of] p1b: Bugs\n|move|p1a: Banjo-Kazooie|Air Slash|p2b: Ace Can\n|-supereffective|p2b: Ace Can\n|-damage|p2b: Ace Can|0 fnt\n|faint|p2b: Ace Can\n|move|p2a: I C U P (h)|Dark Pulse|p1a: Banjo-Kazooie\n|-damage|p1a: Banjo-Kazooie|0 fnt\n|faint|p1a: Banjo-Kazooie\n|\n|upkeep\n|\n|t:|1683921723\n|switch|p1a: Hypno Toad|Croagunk, L5, M|100\/100\n|switch|p2b: If None N|Finneon, L5, M, shiny|100\/100\n|turn|2\n|\n|t:|1683921743\n|move|p1a: Hypno Toad|Fake Out|p2a: I C U P (h)\n|-damage|p2a: I C U P (h)|77\/100\n|replace|p2a: Arouz|Zorua, L5, M, shiny\n|-end|p2a: Arouz|Illusion\n|move|p1b: Bugs|Yawn|p2b: If None N\n|-start|p2b: If None N|move: Yawn|[of] p1b: Bugs\n|cant|p2a: Arouz|flinch\n|move|p2b: If None N|Tailwind|p2b: If None N\n|-sidestart|p2: CerpinT|move: Tailwind\n|\n|upkeep\n|turn|3\n|\n|t:|1683921786\n|switch|p2a: I C U P (h)|Pichu, L5, M, shiny|100\/100\n|switch|p1a: Donatello|Chewtle, L5, M|100\/100\n|move|p1b: Bugs|Quick Attack|p2a: I C U P (h)\n|-damage|p2a: I C U P (h)|40\/100\n|move|p2b: If None N|Ice Beam|p1a: Donatello\n|-resisted|p1a: Donatello\n|-damage|p1a: Donatello|81\/100\n|\n|-end|p2b: If None N|move: Yawn|[silent]\n|-status|p2b: If None N|slp\n|upkeep\n|turn|4\n|\n|t:|1683921811\n|switch|p2b: If None N|Finneon, L5, M, shiny|77\/100\n|move|p2a: I C U P (h)|Fake Out|p1a: Donatello\n|-damage|p1a: Donatello|62\/100\n|move|p1b: Bugs|Quick Attack|p2a: I C U P (h)\n|-damage|p2a: I C U P (h)|0 fnt\n|faint|p2a: I C U P (h)\n|cant|p1a: Donatello|flinch\n|\n|upkeep\n|\n|t:|1683921820\n|switch|p2a: If None N|Finneon, L5, M, shiny|100\/100 slp\n|turn|5\n|\n|t:|1683921864\n|move|p2b: If None N|Trick|p1a: Donatello\n|-activate|p2b: If None N|move: Trick|[of] p1a: Donatello\n|-item|p1a: Donatello|Choice Specs|[from] move: Trick\n|-item|p2b: If None N|White Herb|[from] move: Trick\n|cant|p2a: If None N|slp\n|move|p1b: Bugs|Last Resort|p2b: If None N\n|-damage|p2b: If None N|0 fnt\n|replace|p2b: Arouz|Zorua, L5, M, shiny\n|-end|p2b: Arouz|Illusion\n|faint|p2b: Arouz\n|move|p1a: Donatello|Shell Smash|p1a: Donatello\n|-unboost|p1a: Donatello|def|1\n|-unboost|p1a: Donatello|spd|1\n|-boost|p1a: Donatello|atk|2\n|-boost|p1a: Donatello|spa|2\n|-boost|p1a: Donatello|spe|2\n|\n|-sideend|p2: CerpinT|move: Tailwind\n|upkeep\n|turn|6\n|\n|t:|1683921882\n|switch|p1a: Hypno Toad|Croagunk, L5, M|100\/100\n|move|p1b: Bugs|Last Resort|p2a: If None N\n|-damage|p2a: If None N|46\/100 slp\n|cant|p2a: If None N|slp\n|\n|upkeep\n|turn|7\n|\n|t:|1683921893\n|move|p1a: Hypno Toad|Fake Out|p2a: If None N\n|-damage|p2a: If None N|32\/100 slp\n|move|p1b: Bugs|Last Resort|p2a: If None N\n|-damage|p2a: If None N|0 fnt\n|faint|p2a: If None N\n|\n|win|H0p5t3r\n|c|\u2606H0p5t3r|GG\n","uploadtime":1683921964,"views":20,"p1id":"h0p5t3r","p2id":"cerpint","formatid":"gen9vgc2023regulationc","rating":0,"private":0,"password":""}