{"id":"gen9vgc2023regulationc-1847040603","p1":"RitmanTesting1","p2":"Ketchupplant","format":"[Gen 9] VGC 2023 Regulation C","log":"|j|\u2606RitmanTesting1\n|j|\u2606Ketchupplant\n|t:|1681914079\n|gametype|doubles\n|player|p1|RitmanTesting1|byron|\n|player|p2|Ketchupplant|cheryl|\n|teamsize|p1|6\n|teamsize|p2|6\n|gen|9\n|tier|[Gen 9] VGC 2023 Regulation C\n|rated|Tournament battle\n|rule|Species Clause: Limit one of each Pok\u00e9mon\n|rule|Item Clause: Limit one of each item\n|clearpoke\n|poke|p1|Chi-Yu, L50|\n|poke|p1|Flutter Mane, L50|\n|poke|p1|Gyarados, L50, F|\n|poke|p1|Brute Bonnet, L50|\n|poke|p1|Baxcalibur, L50, F|\n|poke|p1|Glimmora, L50, F|\n|poke|p2|Ting-Lu, L50|\n|poke|p2|Dondozo, L50, M|\n|poke|p2|Chien-Pao, L50|\n|poke|p2|Arcanine, L50, F|\n|poke|p2|Kingambit, L50, F|\n|poke|p2|Abomasnow, L50, F|\n|teampreview|4\n|raw| Open Team Sheet for RitmanTesting1<\/summary>Chi-Yu @ Focus Sash Ability: Beads of Ruin Level: 50 Tera Type: Fire - Heat Wave - Dark Pulse - Psychic - Protect Flutter Mane @ Booster Energy Ability: Protosynthesis Level: 50 Tera Type: Fairy - Dazzling Gleam - Shadow Ball - Moonblast - Protect Gyarados @ Safety Goggles Ability: Intimidate Level: 50 Tera Type: Flying - Waterfall - Ice Fang - Dragon Dance - Protect Brute Bonnet @ Sitrus Berry Ability: Protosynthesis Level: 50 Tera Type: Poison - Seed Bomb - Sucker Punch - Rage Powder - Spore Baxcalibur @ Loaded Dice Ability: Thermal Exchange Level: 50 Tera Type: Poison - Ice Shard - Glaive Rush - Icicle Spear - Protect Glimmora @ Assault Vest Ability: Toxic Debris Level: 50 Tera Type: Grass - Mortal Spin - Sludge Bomb - Power Gem - Earth Power <\/details><\/div> Open Team Sheet for Ketchupplant<\/summary>Ting-Lu @ Sitrus Berry Ability: Vessel of Ruin Level: 50 Tera Type: Poison - Fissure - Snarl - Whirlwind - Protect Dondozo @ Leftovers Ability: Unaware Level: 50 Tera Type: Grass - Fissure - Yawn - Substitute - Protect Chien-Pao @ Focus Sash Ability: Sword of Ruin Level: 50 Tera Type: Poison - Sheer Cold - Haze - Taunt - Protect Arcanine @ Safety Goggles Ability: Intimidate Level: 50 Tera Type: Flying - Snarl - Will-O-Wisp - Roar - Protect Kingambit @ Iapapa Berry Ability: Defiant Level: 50 Tera Type: Flying - Guillotine - Snarl - Taunt - Protect Abomasnow @ Light Clay Ability: Snow Warning Level: 50 Tera Type: Water - Sheer Cold - Leech Seed - Aurora Veil - Protect <\/details><\/div>\n|c|\u2606RitmanTesting1|gl, hf\n|c|\u2606Ketchupplant|u2\n|inactive|Battle timer is ON: inactive players will automatically lose when time's up. (requested by RitmanTesting1)\n|\n|t:|1681914181\n|start\n|switch|p1a: Baxcalibur|Baxcalibur, L50, F|100\/100\n|switch|p1b: Gyarados|Gyarados, L50, F|100\/100\n|switch|p2a: Ting-Lu|Ting-Lu, L50|100\/100\n|switch|p2b: Dondozo|Dondozo, L50, M|100\/100\n|-ability|p1b: Gyarados|Intimidate|boost\n|-unboost|p2a: Ting-Lu|atk|1\n|-unboost|p2b: Dondozo|atk|1\n|-ability|p2a: Ting-Lu|Vessel of Ruin\n|turn|1\n|inactive|RitmanTesting1 has 30 seconds left.\n|inactive|Ketchupplant has 30 seconds left.\n|\n|t:|1681914219\n|move|p2a: Ting-Lu|Protect|p2a: Ting-Lu\n|-singleturn|p2a: Ting-Lu|Protect\n|move|p1b: Gyarados|Waterfall|p2a: Ting-Lu\n|-activate|p2a: Ting-Lu|move: Protect\n|move|p1a: Baxcalibur|Icicle Spear|p2a: Ting-Lu\n|-activate|p2a: Ting-Lu|move: Protect\n|move|p2b: Dondozo|Yawn|p1a: Baxcalibur\n|-start|p1a: Baxcalibur|move: Yawn|[of] p2b: Dondozo\n|\n|upkeep\n|turn|2\n|\n|t:|1681914228\n|switch|p1a: Brute Bonnet|Brute Bonnet, L50|100\/100\n|-terastallize|p2a: Ting-Lu|Poison\n|move|p1b: Gyarados|Dragon Dance|p1b: Gyarados\n|-boost|p1b: Gyarados|atk|1\n|-boost|p1b: Gyarados|spe|1\n|move|p2a: Ting-Lu|Fissure|p1a: Brute Bonnet|[miss]\n|-miss|p2a: Ting-Lu|p1a: Brute Bonnet\n|move|p2b: Dondozo|Substitute|p2b: Dondozo\n|-start|p2b: Dondozo|Substitute\n|-damage|p2b: Dondozo|76\/100\n|\n|-heal|p2b: Dondozo|82\/100|[from] item: Leftovers\n|upkeep\n|turn|3\n|inactive|RitmanTesting1 has 30 seconds left.\n|\n|t:|1681914255\n|move|p1b: Gyarados|Dragon Dance|p1b: Gyarados\n|-boost|p1b: Gyarados|atk|1\n|-boost|p1b: Gyarados|spe|1\n|move|p1a: Brute Bonnet|Seed Bomb|p2b: Dondozo\n|-supereffective|p2b: Dondozo\n|-end|p2b: Dondozo|Substitute\n|move|p2a: Ting-Lu|Fissure|p1a: Brute Bonnet|[miss]\n|-miss|p2a: Ting-Lu|p1a: Brute Bonnet\n|move|p2b: Dondozo|Yawn|p1b: Gyarados\n|-start|p1b: Gyarados|move: Yawn|[of] p2b: Dondozo\n|\n|-heal|p2b: Dondozo|88\/100|[from] item: Leftovers\n|upkeep\n|turn|4\n|\n|t:|1681914273\n|move|p2a: Ting-Lu|Protect|p2a: Ting-Lu\n|-singleturn|p2a: Ting-Lu|Protect\n|move|p2b: Dondozo|Protect|p2b: Dondozo\n|-singleturn|p2b: Dondozo|Protect\n|move|p1b: Gyarados|Waterfall|p2a: Ting-Lu\n|-activate|p2a: Ting-Lu|move: Protect\n|move|p1a: Brute Bonnet|Spore|p2b: Dondozo\n|-activate|p2b: Dondozo|move: Protect\n|\n|-heal|p2b: Dondozo|94\/100|[from] item: Leftovers\n|-end|p1b: Gyarados|move: Yawn|[silent]\n|-status|p1b: Gyarados|slp\n|upkeep\n|turn|5\n|\n|t:|1681914289\n|cant|p1b: Gyarados|slp\n|move|p1a: Brute Bonnet|Spore|p2b: Dondozo\n|-status|p2b: Dondozo|slp|[from] move: Spore\n|cant|p2b: Dondozo|slp\n|move|p2a: Ting-Lu|Whirlwind|p1b: Gyarados\n|drag|p1b: Baxcalibur|Baxcalibur, L50, F|100\/100\n|\n|-heal|p2b: Dondozo|100\/100 slp|[from] item: Leftovers\n|upkeep\n|turn|6\n|\n|t:|1681914306\n|move|p2a: Ting-Lu|Protect|p2a: Ting-Lu\n|-singleturn|p2a: Ting-Lu|Protect\n|move|p1b: Baxcalibur|Icicle Spear|p2a: Ting-Lu\n|-activate|p2a: Ting-Lu|move: Protect\n|move|p1a: Brute Bonnet|Seed Bomb|p2b: Dondozo\n|-supereffective|p2b: Dondozo\n|-damage|p2b: Dondozo|53\/100 slp\n|cant|p2b: Dondozo|slp\n|\n|-heal|p2b: Dondozo|59\/100 slp|[from] item: Leftovers\n|upkeep\n|turn|7\n|\n|t:|1681914328\n|move|p1b: Baxcalibur|Glaive Rush|p2b: Dondozo\n|-damage|p2b: Dondozo|14\/100 slp\n|-singlemove|p1b: Baxcalibur|Glaive Rush|[silent]\n|move|p1a: Brute Bonnet|Seed Bomb|p2b: Dondozo\n|-supereffective|p2b: Dondozo\n|-damage|p2b: Dondozo|0 fnt\n|faint|p2b: Dondozo\n|move|p2a: Ting-Lu|Fissure|p1a: Brute Bonnet|[miss]\n|-miss|p2a: Ting-Lu|p1a: Brute Bonnet\n|\n|upkeep\n|\n|t:|1681914335\n|switch|p2b: Kingambit|Kingambit, L50, F|100\/100\n|turn|8\n|\n|t:|1681914342\n|move|p1b: Baxcalibur|Protect|p1b: Baxcalibur\n|-singleturn|p1b: Baxcalibur|Protect\n|move|p1a: Brute Bonnet|Spore|p2a: Ting-Lu\n|-status|p2a: Ting-Lu|slp|[from] move: Spore\n|move|p2b: Kingambit|Taunt|p1a: Brute Bonnet\n|-start|p1a: Brute Bonnet|move: Taunt\n|cant|p2a: Ting-Lu|slp\n|\n|upkeep\n|turn|9\n|inactive|RitmanTesting1 has 30 seconds left.\n|\n|t:|1681914375\n|-end|p1a: Brute Bonnet|Protosynthesis|[silent]\n|switch|p1a: Chi-Yu|Chi-Yu, L50|100\/100\n|-ability|p1a: Chi-Yu|Beads of Ruin\n|move|p1b: Baxcalibur|Icicle Spear|p2a: Ting-Lu\n|-damage|p2a: Ting-Lu|92\/100 slp\n|-damage|p2a: Ting-Lu|84\/100 slp\n|-damage|p2a: Ting-Lu|76\/100 slp\n|-damage|p2a: Ting-Lu|67\/100 slp\n|-hitcount|p2a: Ting-Lu|4\n|move|p2b: Kingambit|Guillotine|p1b: Baxcalibur\n|-damage|p1b: Baxcalibur|0 fnt\n|faint|p1b: Baxcalibur\n|-ohko\n|cant|p2a: Ting-Lu|slp\n|\n|upkeep\n|\n|t:|1681914389\n|switch|p1b: Brute Bonnet|Brute Bonnet, L50|100\/100\n|turn|10\n|\n|t:|1681914408\n|move|p1a: Chi-Yu|Heat Wave|p2a: Ting-Lu|[spread] p2a,p2b\n|-supereffective|p2b: Kingambit\n|-damage|p2a: Ting-Lu|46\/100 slp\n|-damage|p2b: Kingambit|50\/100\n|-enditem|p2a: Ting-Lu|Sitrus Berry|[eat]\n|-heal|p2a: Ting-Lu|71\/100 slp|[from] item: Sitrus Berry\n|move|p1b: Brute Bonnet|Spore|p2b: Kingambit\n|-status|p2b: Kingambit|slp|[from] move: Spore\n|cant|p2b: Kingambit|slp\n|-curestatus|p2a: Ting-Lu|slp|[msg]\n|move|p2a: Ting-Lu|Fissure|p1a: Chi-Yu\n|-enditem|p1a: Chi-Yu|Focus Sash\n|-damage|p1a: Chi-Yu|1\/100\n|\n|upkeep\n|turn|11\n|\n|t:|1681914433\n|move|p2a: Ting-Lu|Protect|p2a: Ting-Lu\n|-singleturn|p2a: Ting-Lu|Protect\n|move|p1a: Chi-Yu|Heat Wave|p2b: Kingambit|[spread] p2b\n|-activate|p2a: Ting-Lu|move: Protect\n|-supereffective|p2b: Kingambit\n|-damage|p2b: Kingambit|0 fnt\n|faint|p2b: Kingambit\n|move|p1b: Brute Bonnet|Spore|p2a: Ting-Lu\n|-activate|p2a: Ting-Lu|move: Protect\n|\n|upkeep\n|\n|t:|1681914435\n|switch|p2b: Chien-Pao|Chien-Pao, L50|100\/100\n|-ability|p2b: Chien-Pao|Sword of Ruin\n|turn|12\n|\n|t:|1681914459\n|-terastallize|p1b: Brute Bonnet|Poison\n|move|p1a: Chi-Yu|Protect|p1a: Chi-Yu\n|-singleturn|p1a: Chi-Yu|Protect\n|move|p2b: Chien-Pao|Taunt|p1b: Brute Bonnet\n|-start|p1b: Brute Bonnet|move: Taunt\n|cant|p1b: Brute Bonnet|move: Taunt|Spore\n|move|p2a: Ting-Lu|Snarl|p1a: Chi-Yu|[spread] p1b\n|-activate|p1a: Chi-Yu|move: Protect\n|-damage|p1b: Brute Bonnet|92\/100\n|-unboost|p1b: Brute Bonnet|spa|1\n|\n|upkeep\n|turn|13\n|\n|t:|1681914478\n|switch|p1a: Gyarados|Gyarados, L50, F|100\/100 slp\n|-ability|p1a: Gyarados|Intimidate|boost\n|-unboost|p2a: Ting-Lu|atk|1\n|-unboost|p2b: Chien-Pao|atk|1\n|move|p2b: Chien-Pao|Protect|p2b: Chien-Pao\n|-singleturn|p2b: Chien-Pao|Protect\n|move|p1b: Brute Bonnet|Seed Bomb|p2b: Chien-Pao\n|-activate|p2b: Chien-Pao|move: Protect\n|move|p2a: Ting-Lu|Snarl|p1b: Brute Bonnet|[spread] p1b\n|-miss|p2a: Ting-Lu|p1a: Gyarados\n|-damage|p1b: Brute Bonnet|85\/100\n|-unboost|p1b: Brute Bonnet|spa|1\n|\n|upkeep\n|turn|14\n|\n|t:|1681914492\n|move|p2b: Chien-Pao|Sheer Cold|p1a: Gyarados|[miss]\n|-miss|p2b: Chien-Pao|p1a: Gyarados\n|cant|p1a: Gyarados|slp\n|move|p1b: Brute Bonnet|Seed Bomb|p2b: Chien-Pao\n|-damage|p2b: Chien-Pao|47\/100\n|move|p2a: Ting-Lu|Fissure|p1b: Brute Bonnet|[miss]\n|-miss|p2a: Ting-Lu|p1b: Brute Bonnet\n|\n|-end|p1b: Brute Bonnet|move: Taunt\n|upkeep\n|turn|15\n|\n|t:|1681914508\n|move|p2b: Chien-Pao|Sheer Cold|p1a: Gyarados|[miss]\n|-miss|p2b: Chien-Pao|p1a: Gyarados\n|cant|p1a: Gyarados|slp\n|move|p1b: Brute Bonnet|Seed Bomb|p2b: Chien-Pao\n|-crit|p2b: Chien-Pao\n|-damage|p2b: Chien-Pao|0 fnt\n|faint|p2b: Chien-Pao\n|move|p2a: Ting-Lu|Fissure|p1b: Brute Bonnet|[miss]\n|-miss|p2a: Ting-Lu|p1b: Brute Bonnet\n|\n|upkeep\n|turn|16\n|\n|t:|1681914520\n|-curestatus|p1a: Gyarados|slp|[msg]\n|move|p1a: Gyarados|Dragon Dance|p1a: Gyarados\n|-boost|p1a: Gyarados|atk|1\n|-boost|p1a: Gyarados|spe|1\n|move|p1b: Brute Bonnet|Spore|p2a: Ting-Lu\n|-status|p2a: Ting-Lu|slp|[from] move: Spore\n|cant|p2a: Ting-Lu|slp\n|\n|upkeep\n|turn|17\n|\n|t:|1681914544\n|move|p1a: Gyarados|Dragon Dance|p1a: Gyarados\n|-boost|p1a: Gyarados|atk|1\n|-boost|p1a: Gyarados|spe|1\n|move|p1b: Brute Bonnet|Seed Bomb|p2a: Ting-Lu\n|-resisted|p2a: Ting-Lu\n|-damage|p2a: Ting-Lu|61\/100 slp\n|-curestatus|p2a: Ting-Lu|slp|[msg]\n|move|p2a: Ting-Lu|Fissure|p1b: Brute Bonnet|[miss]\n|-miss|p2a: Ting-Lu|p1b: Brute Bonnet\n|\n|upkeep\n|turn|18\n|j| MadMat48\n|\n|t:|1681914559\n|move|p1b: Brute Bonnet|Sucker Punch|p2a: Ting-Lu\n|-damage|p2a: Ting-Lu|41\/100\n|move|p1a: Gyarados|Dragon Dance|p1a: Gyarados\n|-boost|p1a: Gyarados|atk|1\n|-boost|p1a: Gyarados|spe|1\n|move|p2a: Ting-Lu|Fissure|p1b: Brute Bonnet|[miss]\n|-miss|p2a: Ting-Lu|p1b: Brute Bonnet\n|\n|upkeep\n|turn|19\n|c|\u2606Ketchupplant|gg :]\n|-message|Ketchupplant forfeited.\n|\n|win|RitmanTesting1\n|n|\u2606RitmanTesting1|ritmantesting1\n|n|\u2606Ketchupplant|ketchupplant\n|n| MadMat48|madmat48\n","uploadtime":1681914575,"views":5,"p1id":"ritmantesting1","p2id":"ketchupplant","formatid":"gen9vgc2023regulationc","rating":0,"private":0,"password":""}