{"id":"gen9vgc2023regulationc-1856259117","p1":"Candy (Arcanine)","p2":"donde_esta_waldo","format":"[Gen 9] VGC 2023 Regulation C","log":"|j|\u2606Candy (Arcanine)\n|j|\u2606donde_esta_waldo\n|t:|1683045368\n|gametype|doubles\n|player|p1|Candy (Arcanine)|teamrocket|1112\n|player|p2|donde_esta_waldo|red|1171\n|teamsize|p1|6\n|teamsize|p2|6\n|gen|9\n|tier|[Gen 9] VGC 2023 Regulation C\n|rated|\n|rule|Species Clause: Limit one of each Pok\u00e9mon\n|rule|Item Clause: Limit one of each item\n|clearpoke\n|poke|p1|Kingambit, L50, M|\n|poke|p1|Sylveon, L50, M|\n|poke|p1|Volcarona, L50, M|\n|poke|p1|Toxicroak, L50, M|\n|poke|p1|Ting-Lu, L50|\n|poke|p1|Gholdengo, L50|\n|poke|p2|Tatsugiri, L50, M|\n|poke|p2|Dondozo, L50, F|\n|poke|p2|Ting-Lu, L50|\n|poke|p2|Sandy Shocks, L50|\n|poke|p2|Flutter Mane, L50|\n|poke|p2|Chi-Yu, L50|\n|teampreview|4\n|\n|t:|1683045403\n|start\n|switch|p1a: Volcarona|Volcarona, L50, M|100\/100\n|switch|p1b: Wickie moment|Ting-Lu, L50|100\/100\n|switch|p2a: Tatsugiri|Tatsugiri, L50, M|100\/100\n|switch|p2b: Dondozo|Dondozo, L50, F|100\/100\n|-activate|p2a: Tatsugiri|ability: Commander|[of] p2b: Dondozo\n|-boost|p2b: Dondozo|atk|2\n|-boost|p2b: Dondozo|spa|2\n|-boost|p2b: Dondozo|spe|2\n|-boost|p2b: Dondozo|def|2\n|-boost|p2b: Dondozo|spd|2\n|-ability|p1b: Wickie moment|Vessel of Ruin\n|turn|1\n|inactive|Battle timer is ON: inactive players will automatically lose when time's up. (requested by donde_esta_waldo)\n|\n|t:|1683045431\n|-terastallize|p1a: Volcarona|Water\n|-terastallize|p2b: Dondozo|Dragon\n|move|p1a: Volcarona|Rage Powder|p1a: Volcarona\n|-singleturn|p1a: Volcarona|move: Rage Powder\n|move|p2b: Dondozo|Liquidation|p1a: Volcarona\n|-resisted|p1a: Volcarona\n|-damage|p1a: Volcarona|58\/100\n|-status|p2b: Dondozo|brn|[from] ability: Flame Body|[of] p1a: Volcarona\n|-enditem|p2b: Dondozo|Lum Berry|[eat]\n|-curestatus|p2b: Dondozo|brn|[msg]\n|move|p1b: Wickie moment|Fissure|p2b: Dondozo|[miss]\n|-miss|p1b: Wickie moment|p2b: Dondozo\n|\n|-status|p2a: Tatsugiri|tox|[from] item: Toxic Orb\n|upkeep\n|turn|2\n|\n|t:|1683045452\n|move|p1a: Volcarona|Tailwind|p1a: Volcarona\n|-sidestart|p1: Candy (Arcanine)|move: Tailwind\n|move|p1b: Wickie moment|Fissure|p2b: Dondozo|[miss]\n|-miss|p1b: Wickie moment|p2b: Dondozo\n|move|p2b: Dondozo|Liquidation|p1b: Wickie moment\n|-supereffective|p1b: Wickie moment\n|-damage|p1b: Wickie moment|20\/100\n|\n|-heal|p1b: Wickie moment|26\/100|[from] item: Leftovers\n|-damage|p2a: Tatsugiri|95\/100 tox|[from] psn\n|upkeep\n|turn|3\n|\n|t:|1683045465\n|move|p1a: Volcarona|Rage Powder|p1a: Volcarona\n|-singleturn|p1a: Volcarona|move: Rage Powder\n|move|p1b: Wickie moment|Fissure|p2b: Dondozo|[miss]\n|-miss|p1b: Wickie moment|p2b: Dondozo\n|move|p2b: Dondozo|Order Up|p1a: Volcarona\n|-damage|p1a: Volcarona|0 fnt\n|faint|p1a: Volcarona\n|-boost|p2b: Dondozo|atk|1\n|\n|-heal|p1b: Wickie moment|32\/100|[from] item: Leftovers\n|-damage|p2a: Tatsugiri|83\/100 tox|[from] psn\n|upkeep\n|\n|t:|1683045471\n|switch|p1a: Sylveon|Sylveon, L50, M|100\/100\n|turn|4\n|\n|t:|1683045476\n|move|p1a: Sylveon|Calm Mind|p1a: Sylveon\n|-boost|p1a: Sylveon|spa|1\n|-boost|p1a: Sylveon|spd|1\n|move|p1b: Wickie moment|Fissure|p2b: Dondozo\n|-damage|p2b: Dondozo|0 fnt\n|faint|p2b: Dondozo\n|-ohko\n|\n|-heal|p1b: Wickie moment|38\/100|[from] item: Leftovers\n|-damage|p2a: Tatsugiri|66\/100 tox|[from] psn\n|upkeep\n|\n|t:|1683045485\n|switch|p2b: Chi-Yu|Chi-Yu, L50|100\/100\n|-ability|p2b: Chi-Yu|Beads of Ruin\n|turn|5\n|\n|t:|1683045494\n|move|p2b: Chi-Yu|Heat Wave|p1a: Sylveon|[spread] p1a,p1b\n|-damage|p1a: Sylveon|80\/100\n|-damage|p1b: Wickie moment|11\/100\n|move|p1a: Sylveon|Hyper Voice|p2b: Chi-Yu|[spread] p2a,p2b\n|-supereffective|p2a: Tatsugiri\n|-damage|p2a: Tatsugiri|0 fnt\n|-damage|p2b: Chi-Yu|45\/100\n|faint|p2a: Tatsugiri\n|-enditem|p1a: Sylveon|Throat Spray\n|-boost|p1a: Sylveon|spa|1|[from] item: Throat Spray\n|move|p1b: Wickie moment|Stomping Tantrum|p2b: Chi-Yu\n|-supereffective|p2b: Chi-Yu\n|-damage|p2b: Chi-Yu|0 fnt\n|faint|p2b: Chi-Yu\n|\n|-heal|p1b: Wickie moment|17\/100|[from] item: Leftovers\n|-sideend|p1: Candy (Arcanine)|move: Tailwind\n|upkeep\n|\n|t:|1683045500\n|switch|p2b: Ting-Lu|Ting-Lu, L50|100\/100\n|-ability|p2b: Ting-Lu|Vessel of Ruin\n|turn|6\n|\n|t:|1683045506\n|move|p1a: Sylveon|Hyper Voice|p2b: Ting-Lu\n|-supereffective|p2b: Ting-Lu\n|-damage|p2b: Ting-Lu|0 fnt\n|faint|p2b: Ting-Lu\n|\n|win|Candy (Arcanine)\n|raw|Candy (Arcanine)'s rating: 1112 → 1141<\/strong> (+29 for winning)\n|raw|donde_esta_waldo's rating: 1171 → 1142<\/strong> (-29 for losing)\n|l|\u2606donde_esta_waldo\n","uploadtime":1683045517,"views":15,"p1id":"candyarcanine","p2id":"dondeestawaldo","formatid":"gen9vgc2023regulationc","rating":1141,"private":0,"password":""}