{"id":"gen9vgc2023regulationc-1852414440","p1":"ghostyboyy97","p2":"Dany0000","format":"[Gen 9] VGC 2023 Regulation C","log":"|j|\u2606ghostyboyy97\n|j|\u2606Dany0000\n|t:|1682554695\n|gametype|doubles\n|player|p1|ghostyboyy97|cameraman|1162\n|player|p2|Dany0000|acetrainer|1267\n|teamsize|p1|6\n|teamsize|p2|6\n|gen|9\n|tier|[Gen 9] VGC 2023 Regulation C\n|rated|\n|rule|Species Clause: Limit one of each Pok\u00e9mon\n|rule|Item Clause: Limit one of each item\n|clearpoke\n|poke|p1|Gastrodon, L50, M|\n|poke|p1|Ceruledge, L50, M|\n|poke|p1|Glimmora, L50, F|\n|poke|p1|Grimmsnarl, L50, M|\n|poke|p1|Iron Hands, L50|\n|poke|p1|Wo-Chien, L50|\n|poke|p2|Dragalge, L50, M|\n|poke|p2|Arcanine, L50, F|\n|poke|p2|Cetitan, L50, F|\n|poke|p2|Farigiraf, L50, F|\n|poke|p2|Bisharp, L50, M|\n|poke|p2|Torkoal, L50, M|\n|teampreview|4\n|inactive|Battle timer is ON: inactive players will automatically lose when time's up. (requested by ghostyboyy97)\n|j| 1234567890gamer\nghostyboyy97 has agreed to open team sheets.\n|c|\u2606ghostyboyy97|glhf\n|inactive|ghostyboyy97 has 60 seconds left.\n|inactive|Dany0000 has 60 seconds left.\n|\n|t:|1682554736\n|start\n|switch|p1a: Grimmsnarl|Grimmsnarl, L50, M|100\/100\n|switch|p1b: Glimmora|Glimmora, L50, F|100\/100\n|switch|p2a: Farigiraf|Farigiraf, L50, F|100\/100\n|switch|p2b: Arcanine|Arcanine, L50, F|100\/100\n|-ability|p2b: Arcanine|Intimidate|boost\n|-unboost|p1a: Grimmsnarl|atk|1\n|-unboost|p1b: Glimmora|atk|1\n|turn|1\n|\n|t:|1682554758\n|move|p1a: Grimmsnarl|Light Screen|p1a: Grimmsnarl\n|-sidestart|p1: ghostyboyy97|move: Light Screen\n|move|p1b: Glimmora|Mortal Spin|p2a: Farigiraf|[spread] p2a,p2b\n|-damage|p2a: Farigiraf|97\/100\n|-damage|p2b: Arcanine|97\/100\n|-status|p2a: Farigiraf|psn\n|-status|p2b: Arcanine|psn\n|move|p2b: Arcanine|Will-O-Wisp|p1b: Glimmora\n|-status|p1b: Glimmora|brn\n|move|p2a: Farigiraf|Trick Room|p2a: Farigiraf\n|-fieldstart|move: Trick Room|[of] p2a: Farigiraf\n|\n|-damage|p2a: Farigiraf|85\/100 psn|[from] psn\n|-damage|p2b: Arcanine|85\/100 psn|[from] psn\n|-damage|p1b: Glimmora|95\/100 brn|[from] brn\n|upkeep\n|turn|2\n|\n|t:|1682554776\n|move|p1a: Grimmsnarl|Reflect|p1a: Grimmsnarl\n|-sidestart|p1: ghostyboyy97|Reflect\n|move|p2a: Farigiraf|Hyper Voice|p1a: Grimmsnarl|[spread] p1a,p1b\n|-resisted|p1b: Glimmora\n|-damage|p1a: Grimmsnarl|84\/100\n|-damage|p1b: Glimmora|82\/100 brn\n|-enditem|p2a: Farigiraf|Throat Spray\n|-boost|p2a: Farigiraf|spa|1|[from] item: Throat Spray\n|move|p2b: Arcanine|Flare Blitz|p1a: Grimmsnarl\n|-damage|p1a: Grimmsnarl|57\/100\n|-damage|p2b: Arcanine|76\/100 psn|[from] Recoil\n|move|p1b: Glimmora|Power Gem|p2b: Arcanine\n|-supereffective|p2b: Arcanine\n|-damage|p2b: Arcanine|11\/100 psn\n|-enditem|p2b: Arcanine|Sitrus Berry|[eat]\n|-heal|p2b: Arcanine|36\/100 psn|[from] item: Sitrus Berry\n|\n|-damage|p2a: Farigiraf|73\/100 psn|[from] psn\n|-damage|p2b: Arcanine|24\/100 psn|[from] psn\n|-damage|p1b: Glimmora|76\/100 brn|[from] brn\n|upkeep\n|turn|3\n|inactive|Dany0000 has 30 seconds left.\n|\n|t:|1682554801\n|switch|p1a: Ceruledge|Ceruledge, L50, M|100\/100\n|move|p1b: Glimmora|Spiky Shield|p1b: Glimmora\n|-singleturn|p1b: Glimmora|move: Protect\n|move|p2a: Farigiraf|Hyper Voice|p1b: Glimmora|[spread] \n|-activate|p1b: Glimmora|move: Protect\n|-immune|p1a: Ceruledge\n|move|p2b: Arcanine|Flare Blitz|p1a: Ceruledge\n|-start|p1a: Ceruledge|ability: Flash Fire\n|\n|-damage|p2a: Farigiraf|60\/100 psn|[from] psn\n|-damage|p2b: Arcanine|12\/100 psn|[from] psn\n|-damage|p1b: Glimmora|70\/100 brn|[from] brn\n|upkeep\n|turn|4\n|\n|t:|1682554826\n|move|p2b: Arcanine|Extreme Speed|p1a: Ceruledge\n|-immune|p1a: Ceruledge\n|move|p2a: Farigiraf|Dazzling Gleam|p1a: Ceruledge|[spread] p1a,p1b\n|-resisted|p1a: Ceruledge\n|-resisted|p1b: Glimmora\n|-damage|p1a: Ceruledge|93\/100\n|-damage|p1b: Glimmora|58\/100 brn\n|move|p1a: Ceruledge|Bulk Up|p1a: Ceruledge\n|-boost|p1a: Ceruledge|atk|1\n|-boost|p1a: Ceruledge|def|1\n|move|p1b: Glimmora|Power Gem|p2a: Farigiraf\n|-damage|p2a: Farigiraf|25\/100 psn\n|\n|-damage|p2a: Farigiraf|12\/100 psn|[from] psn\n|-damage|p2b: Arcanine|0 fnt|[from] psn\n|faint|p2b: Arcanine\n|-damage|p1b: Glimmora|52\/100 brn|[from] brn\n|upkeep\n|\n|t:|1682554845\n|switch|p2b: Bisharp|Bisharp, L50, M|100\/100\n|turn|5\n|\n|t:|1682554854\n|-terastallize|p2b: Bisharp|Dark\n|move|p2a: Farigiraf|Hyper Voice|p1b: Glimmora|[spread] p1b\n|-immune|p1a: Ceruledge\n|-resisted|p1b: Glimmora\n|-damage|p1b: Glimmora|30\/100 brn\n|move|p2b: Bisharp|Night Slash|p1a: Ceruledge\n|-supereffective|p1a: Ceruledge\n|-damage|p1a: Ceruledge|33\/100\n|move|p1a: Ceruledge|Bitter Blade|p2b: Bisharp\n|-damage|p2b: Bisharp|41\/100\n|-heal|p1a: Ceruledge|64\/100|[from] drain|[of] p2b: Bisharp\n|move|p1b: Glimmora|Mortal Spin|p2b: Bisharp|[spread] p2a,p2b\n|-damage|p2a: Farigiraf|11\/100 psn\n|-damage|p2b: Bisharp|40\/100\n|-status|p2b: Bisharp|psn\n|\n|-damage|p2a: Farigiraf|0 fnt|[from] psn\n|faint|p2a: Farigiraf\n|-damage|p2b: Bisharp|28\/100 psn|[from] psn\n|-damage|p1b: Glimmora|24\/100 brn|[from] brn\n|-fieldend|move: Trick Room\n|upkeep\n|\n|t:|1682554871\n|switch|p2a: Torkoal|Torkoal, L50, M|100\/100\n|-weather|SunnyDay|[from] ability: Drought|[of] p2a: Torkoal\n|turn|6\n|\n|t:|1682554882\n|move|p1a: Ceruledge|Protect|p1a: Ceruledge\n|-singleturn|p1a: Ceruledge|Protect\n|move|p1b: Glimmora|Power Gem|p2a: Torkoal\n|-supereffective|p2a: Torkoal\n|-damage|p2a: Torkoal|0 fnt\n|faint|p2a: Torkoal\n|move|p2b: Bisharp|Night Slash|p1a: Ceruledge\n|-activate|p1a: Ceruledge|move: Protect\n|\n|-weather|SunnyDay|[upkeep]\n|-damage|p2b: Bisharp|16\/100 psn|[from] psn\n|-damage|p1b: Glimmora|18\/100 brn|[from] brn\n|upkeep\n|turn|7\n|\n|t:|1682554897\n|-end|p1a: Ceruledge|ability: Flash Fire|[silent]\n|switch|p1a: Grimmsnarl|Grimmsnarl, L50, M|57\/100\n|move|p1b: Glimmora|Power Gem|p2b: Bisharp\n|-damage|p2b: Bisharp|0 fnt\n|faint|p2b: Bisharp\n|\n|win|ghostyboyy97\n|raw|ghostyboyy97's rating: 1162 → 1194<\/strong> (+32 for winning)\n|raw|Dany0000's rating: 1267 → 1235<\/strong> (-32 for losing)\n|c|\u2606ghostyboyy97|ggwp\n|l|\u2606Dany0000\n","uploadtime":1682554905,"views":13,"p1id":"ghostyboyy97","p2id":"dany0000","formatid":"gen9vgc2023regulationc","rating":1194,"private":0,"password":""}