{"id":"gen9vgc2023regulationc-1845600566","p1":"Thall2007","p2":"soraesc","format":"[Gen 9] VGC 2023 Regulation C","log":"|j|\u2606Thall2007\n|j|\u2606soraesc\n|t:|1681748419\n|gametype|doubles\n|player|p1|Thall2007|265|1181\n|player|p2|soraesc|n|1118\n|teamsize|p1|6\n|teamsize|p2|6\n|gen|9\n|tier|[Gen 9] VGC 2023 Regulation C\n|rated|\n|rule|Species Clause: Limit one of each Pok\u00e9mon\n|rule|Item Clause: Limit one of each item\n|clearpoke\n|poke|p1|Oricorio-Pom-Pom, L50, F|\n|poke|p1|Volcarona, L50, M|\n|poke|p1|Vivillon-Tundra, L50, M|\n|poke|p1|Flamigo, L50, F|\n|poke|p1|Tinkaton, L50, F|\n|poke|p1|Lilligant, L50, F|\n|poke|p2|Palafin, L50, F|\n|poke|p2|Glimmora, L50, F|\n|poke|p2|Arcanine, L50, M|\n|poke|p2|Scream Tail, L50|\n|poke|p2|Brute Bonnet, L50|\n|poke|p2|Iron Bundle, L50|\n|teampreview|4\n|inactive|Battle timer is ON: inactive players will automatically lose when time's up. (requested by soraesc)\n|\n|t:|1681748438\n|start\n|switch|p1a: Oricorio|Oricorio-Pom-Pom, L50, F, shiny|100\/100\n|switch|p1b: Vivillon|Vivillon-Tundra, L50, M|100\/100\n|switch|p2a: Palafin|Palafin, L50, F, shiny|100\/100\n|switch|p2b: Iron Bundle|Iron Bundle, L50, shiny|100\/100\n|turn|1\n|\n|t:|1681748451\n|detailschange|p2a: Palafin|Palafin-Hero, L50, F, shiny\n|switch|p2a: Scream Tail|Scream Tail, L50|100\/100\n|-enditem|p2a: Scream Tail|Booster Energy\n|-activate|p2a: Scream Tail|ability: Protosynthesis|[fromitem]\n|-start|p2a: Scream Tail|protosynthesisspe\n|move|p2b: Iron Bundle|Icy Wind|p1a: Oricorio|[spread] p1a,p1b\n|-supereffective|p1a: Oricorio\n|-supereffective|p1b: Vivillon\n|-damage|p1a: Oricorio|35\/100\n|-damage|p1b: Vivillon|14\/100\n|-unboost|p1a: Oricorio|spe|1\n|-unboost|p1b: Vivillon|spe|1\n|-enditem|p1a: Oricorio|Sitrus Berry|[eat]\n|-heal|p1a: Oricorio|60\/100|[from] item: Sitrus Berry\n|move|p1b: Vivillon|Quiver Dance|p1b: Vivillon\n|-boost|p1b: Vivillon|spa|1\n|-boost|p1b: Vivillon|spd|1\n|-boost|p1b: Vivillon|spe|1\n|-activate|p1a: Oricorio|ability: Dancer\n|move|p1a: Oricorio|Quiver Dance|p1a: Oricorio|[from]ability: Dancer\n|-boost|p1a: Oricorio|spa|1\n|-boost|p1a: Oricorio|spd|1\n|-boost|p1a: Oricorio|spe|1\n|move|p1a: Oricorio|Quiver Dance|p1a: Oricorio\n|-boost|p1a: Oricorio|spa|1\n|-boost|p1a: Oricorio|spd|1\n|-boost|p1a: Oricorio|spe|1\n|\n|upkeep\n|turn|2\n|inactive|Thall2007 has 30 seconds left.\n|inactive|soraesc has 30 seconds left.\n|\n|t:|1681748477\n|move|p2a: Scream Tail|Encore|p1a: Oricorio\n|-start|p1a: Oricorio|Encore\n|move|p1a: Oricorio|Quiver Dance|p1a: Oricorio\n|-boost|p1a: Oricorio|spa|1\n|-boost|p1a: Oricorio|spd|1\n|-boost|p1a: Oricorio|spe|1\n|move|p2b: Iron Bundle|Icy Wind|p1a: Oricorio|[spread] p1a,p1b\n|-supereffective|p1a: Oricorio\n|-supereffective|p1b: Vivillon\n|-damage|p1a: Oricorio|36\/100\n|-damage|p1b: Vivillon|0 fnt\n|-unboost|p1a: Oricorio|spe|1\n|faint|p1b: Vivillon\n|\n|upkeep\n|\n|t:|1681748486\n|switch|p1b: Flamigo|Flamigo, L50, F|100\/100\n|-copyboost|p1b: Flamigo|p1a: Oricorio|[from] ability: Costar\n|turn|3\n|\n|t:|1681748499\n|move|p2b: Iron Bundle|Protect|p2b: Iron Bundle\n|-singleturn|p2b: Iron Bundle|Protect\n|move|p1b: Flamigo|Wide Guard|p1b: Flamigo\n|-singleturn|p1b: Flamigo|Wide Guard\n|move|p2a: Scream Tail|Stealth Rock|p1b: Flamigo\n|-sidestart|p1: Thall2007|move: Stealth Rock\n|move|p1a: Oricorio|Quiver Dance|p1a: Oricorio\n|-boost|p1a: Oricorio|spa|1\n|-boost|p1a: Oricorio|spd|1\n|-boost|p1a: Oricorio|spe|1\n|\n|upkeep\n|turn|4\n|\n|t:|1681748522\n|move|p1a: Oricorio|Quiver Dance|p1a: Oricorio\n|-boost|p1a: Oricorio|spa|1\n|-boost|p1a: Oricorio|spd|1\n|-boost|p1a: Oricorio|spe|1\n|move|p2a: Scream Tail|Encore|p1b: Flamigo\n|-start|p1b: Flamigo|Encore\n|move|p1b: Flamigo|Wide Guard|p1b: Flamigo\n|-singleturn|p1b: Flamigo|Wide Guard\n|move|p2b: Iron Bundle|Freeze-Dry|p1a: Oricorio\n|-supereffective|p1a: Oricorio\n|-damage|p1a: Oricorio|2\/100\n|\n|-end|p1a: Oricorio|Encore\n|upkeep\n|turn|5\n|\n|t:|1681748538\n|move|p1b: Flamigo|Wide Guard|p1b: Flamigo\n|-singleturn|p1b: Flamigo|Wide Guard\n|move|p1a: Oricorio|Revelation Dance|p2b: Iron Bundle\n|-supereffective|p2b: Iron Bundle\n|-enditem|p2b: Iron Bundle|Focus Sash\n|-damage|p2b: Iron Bundle|1\/100\n|move|p2a: Scream Tail|Play Rough|p1b: Flamigo\n|-supereffective|p1b: Flamigo\n|-damage|p1b: Flamigo|24\/100\n|move|p2b: Iron Bundle|Freeze-Dry|p1a: Oricorio\n|-supereffective|p1a: Oricorio\n|-damage|p1a: Oricorio|0 fnt\n|faint|p1a: Oricorio\n|\n|upkeep\n|-message|Thall2007 forfeited.\n|\n|win|soraesc\n|raw|Thall2007's rating: 1181 → 1152<\/strong> (-29 for losing)\n|raw|soraesc's rating: 1118 → 1147<\/strong> (+29 for winning)\n|l|\u2606Thall2007\n|c|\u2606soraesc|nice strat\n","uploadtime":1681748579,"views":17,"p1id":"thall2007","p2id":"soraesc","formatid":"gen9vgc2023regulationc","rating":1147,"private":0,"password":""}