{"id":"gen9vgc2023regulationc-1863433583","p1":"Behindyaa","p2":"eshe0","format":"[Gen 9] VGC 2023 Regulation C","log":"|j|\u2606Behindyaa\n|j|\u2606eshe0\n|t:|1684016546\n|gametype|doubles\n|player|p1|Behindyaa|170|\n|player|p2|eshe0|2|\n|teamsize|p1|6\n|teamsize|p2|6\n|gen|9\n|tier|[Gen 9] VGC 2023 Regulation C\n|rule|Species Clause: Limit one of each Pok\u00e9mon\n|rule|Item Clause: Limit one of each item\n|clearpoke\n|poke|p1|Iron Hands, L50|\n|poke|p1|Tyranitar, L50, F|\n|poke|p1|Houndstone, L50, M|\n|poke|p1|Arboliva, L50, F|\n|poke|p1|Corviknight, L50, M|\n|poke|p1|Clodsire, L50, F|\n|poke|p2|Iron Valiant, L50|\n|poke|p2|Kingambit, L50, M|\n|poke|p2|Stantler, L50, F|\n|poke|p2|Goodra, L50, M|\n|poke|p2|Gengar, L50, F|\n|poke|p2|Pawmot, L50, M|\n|teampreview|4\n|c|\u2606eshe0|g1\n|j| judevgc\n|c|\u2606eshe0|can you accept g2 and 3?\n|c| judevgc|gaming time\n|c|\u2606Behindyaa|send 3 again\n|c|\u2606eshe0|accept g3, pls\n|c|\u2606eshe0|there u go\n|c|\u2606Behindyaa|ready when you are\n|\n|t:|1684016718\n|start\n|switch|p1a: Corviknight|Corviknight, L50, M|100\/100\n|switch|p1b: Clodsire|Clodsire, L50, F|100\/100\n|switch|p2a: Dani Mart\u00edn|Pawmot, L50, M|100\/100\n|switch|p2b: David Mu\u00f1oz|Stantler, L50, F|100\/100\n|-ability|p2b: David Mu\u00f1oz|Intimidate|boost\n|-unboost|p1a: Corviknight|atk|1\n|-unboost|p1b: Clodsire|atk|1\n|-ability|p1a: Corviknight|Pressure\n|turn|1\n|\n|t:|1684016760\n|switch|p2a: La madre de Jos\u00e9|Goodra, L50, M|100\/100\n|move|p1a: Corviknight|Iron Head|p2a: La madre de Jos\u00e9\n|-damage|p2a: La madre de Jos\u00e9|80\/100\n|move|p1b: Clodsire|Earthquake|p2a: La madre de Jos\u00e9|[spread] p2a,p2b\n|-immune|p1a: Corviknight\n|-damage|p2a: La madre de Jos\u00e9|67\/100\n|-damage|p2b: David Mu\u00f1oz|90\/100\n|move|p2b: David Mu\u00f1oz|Trick Room|p2b: David Mu\u00f1oz\n|-fieldstart|move: Trick Room|[of] p2b: David Mu\u00f1oz\n|\n|-heal|p2a: La madre de Jos\u00e9|73\/100|[from] item: Leftovers\n|upkeep\n|turn|2\n|\n|t:|1684016789\n|move|p1b: Clodsire|Earthquake|p2b: David Mu\u00f1oz|[spread] p2a,p2b\n|-immune|p1a: Corviknight\n|-damage|p2a: La madre de Jos\u00e9|61\/100\n|-damage|p2b: David Mu\u00f1oz|80\/100\n|move|p1a: Corviknight|Brave Bird|p2b: David Mu\u00f1oz\n|-damage|p2b: David Mu\u00f1oz|53\/100\n|-damage|p1a: Corviknight|93\/100|[from] Recoil\n|move|p2a: La madre de Jos\u00e9|Flamethrower|p1a: Corviknight\n|-supereffective|p1a: Corviknight\n|-damage|p1a: Corviknight|59\/100\n|move|p2b: David Mu\u00f1oz|Body Slam|p1b: Clodsire\n|-damage|p1b: Clodsire|68\/100\n|\n|-heal|p1b: Clodsire|73\/100|[from] item: Black Sludge\n|-heal|p2a: La madre de Jos\u00e9|67\/100|[from] item: Leftovers\n|upkeep\n|turn|3\n|\n|t:|1684016815\n|-terastallize|p2a: La madre de Jos\u00e9|Ground\n|move|p1b: Clodsire|Earthquake|p2b: David Mu\u00f1oz|[spread] p2a,p2b\n|-immune|p1a: Corviknight\n|-damage|p2a: La madre de Jos\u00e9|53\/100\n|-damage|p2b: David Mu\u00f1oz|42\/100\n|move|p1a: Corviknight|Iron Head|p2a: La madre de Jos\u00e9\n|-damage|p2a: La madre de Jos\u00e9|32\/100\n|cant|p2a: La madre de Jos\u00e9|flinch\n|move|p2b: David Mu\u00f1oz|Body Slam|p1b: Clodsire\n|-damage|p1b: Clodsire|41\/100\n|\n|-heal|p1b: Clodsire|47\/100|[from] item: Black Sludge\n|-heal|p2a: La madre de Jos\u00e9|39\/100|[from] item: Leftovers\n|upkeep\n|turn|4\n|\n|t:|1684016836\n|move|p2a: La madre de Jos\u00e9|Protect|p2a: La madre de Jos\u00e9\n|-singleturn|p2a: La madre de Jos\u00e9|Protect\n|move|p1b: Clodsire|Gunk Shot|p2a: La madre de Jos\u00e9\n|-activate|p2a: La madre de Jos\u00e9|move: Protect\n|move|p1a: Corviknight|Brave Bird|p2b: David Mu\u00f1oz\n|-damage|p2b: David Mu\u00f1oz|17\/100\n|-damage|p1a: Corviknight|51\/100|[from] Recoil\n|move|p2b: David Mu\u00f1oz|Trick Room|p2b: David Mu\u00f1oz\n|-fieldend|move: Trick Room\n|\n|-heal|p2a: La madre de Jos\u00e9|45\/100|[from] item: Leftovers\n|-heal|p1b: Clodsire|53\/100|[from] item: Black Sludge\n|upkeep\n|turn|5\n|\n|t:|1684016856\n|move|p2b: David Mu\u00f1oz|Protect|p2b: David Mu\u00f1oz\n|-singleturn|p2b: David Mu\u00f1oz|Protect\n|move|p2a: La madre de Jos\u00e9|Flamethrower|p1a: Corviknight\n|-supereffective|p1a: Corviknight\n|-damage|p1a: Corviknight|15\/100\n|move|p1a: Corviknight|Brave Bird|p2b: David Mu\u00f1oz\n|-activate|p2b: David Mu\u00f1oz|move: Protect\n|move|p1b: Clodsire|Haze|p1b: Clodsire\n|-clearallboost\n|\n|-heal|p2a: La madre de Jos\u00e9|51\/100|[from] item: Leftovers\n|-heal|p1b: Clodsire|59\/100|[from] item: Black Sludge\n|upkeep\n|turn|6\n|\n|t:|1684016877\n|move|p2b: David Mu\u00f1oz|Body Slam|p1b: Clodsire\n|-damage|p1b: Clodsire|27\/100\n|move|p2a: La madre de Jos\u00e9|Tera Blast|p1b: Clodsire\n|-supereffective|p1b: Clodsire\n|-damage|p1b: Clodsire|0 fnt\n|faint|p1b: Clodsire\n|move|p1a: Corviknight|Iron Head|p2b: David Mu\u00f1oz\n|-damage|p2b: David Mu\u00f1oz|0 fnt\n|faint|p2b: David Mu\u00f1oz\n|\n|-heal|p2a: La madre de Jos\u00e9|57\/100|[from] item: Leftovers\n|upkeep\n|j| Douey$$$6o69\n|\n|t:|1684016888\n|switch|p2b: Dani Mart\u00edn|Pawmot, L50, M|100\/100\n|switch|p1b: Tyranitar|Tyranitar, L50, F|100\/100\n|-weather|Sandstorm|[from] ability: Sand Stream|[of] p1b: Tyranitar\n|turn|7\n|\n|t:|1684016904\n|move|p2b: Dani Mart\u00edn|Fake Out|p1b: Tyranitar\n|-resisted|p1b: Tyranitar\n|-damage|p1b: Tyranitar|96\/100\n|move|p2a: La madre de Jos\u00e9|Flamethrower|p1a: Corviknight\n|-supereffective|p1a: Corviknight\n|-damage|p1a: Corviknight|0 fnt\n|faint|p1a: Corviknight\n|cant|p1b: Tyranitar|flinch\n|\n|-weather|Sandstorm|[upkeep]\n|-damage|p2b: Dani Mart\u00edn|95\/100|[from] Sandstorm\n|-heal|p2a: La madre de Jos\u00e9|64\/100|[from] item: Leftovers\n|upkeep\n|l| Douey$$$6o69\n|\n|t:|1684016914\n|switch|p1a: Houndstone|Houndstone, L50, M|100\/100\n|turn|8\n|\n|t:|1684016924\n|move|p1a: Houndstone|Protect|p1a: Houndstone\n|-singleturn|p1a: Houndstone|Protect\n|move|p2b: Dani Mart\u00edn|Revival Blessing|p2b: Dani Mart\u00edn\n|-enditem|p2b: Dani Mart\u00edn|Leppa Berry|[eat]\n|-activate|p2b: Dani Mart\u00edn|item: Leppa Berry|Revival Blessing|[consumed]\n|\n|t:|1684016928\n|-heal|p2: David Mu\u00f1oz|50\/100|[from] move: Revival Blessing\n|move|p2a: La madre de Jos\u00e9|Draco Meteor|p1a: Houndstone\n|-activate|p1a: Houndstone|move: Protect\n|move|p1b: Tyranitar|Rock Slide|p2a: La madre de Jos\u00e9|[spread] p2a,p2b\n|-resisted|p2a: La madre de Jos\u00e9\n|-resisted|p2b: Dani Mart\u00edn\n|-damage|p2a: La madre de Jos\u00e9|48\/100\n|-damage|p2b: Dani Mart\u00edn|70\/100\n|\n|-weather|Sandstorm|[upkeep]\n|-damage|p2b: Dani Mart\u00edn|64\/100|[from] Sandstorm\n|-heal|p2a: La madre de Jos\u00e9|55\/100|[from] item: Leftovers\n|upkeep\n|turn|9\n|\n|t:|1684016949\n|-terastallize|p1a: Houndstone|Ghost\n|move|p1a: Houndstone|Last Respects|p2a: La madre de Jos\u00e9\n|-damage|p2a: La madre de Jos\u00e9|0 fnt\n|faint|p2a: La madre de Jos\u00e9\n|move|p2b: Dani Mart\u00edn|Close Combat|p1b: Tyranitar\n|-supereffective|p1b: Tyranitar\n|-damage|p1b: Tyranitar|0 fnt\n|-unboost|p2b: Dani Mart\u00edn|def|1\n|-unboost|p2b: Dani Mart\u00edn|spd|1\n|faint|p1b: Tyranitar\n|\n|-weather|Sandstorm|[upkeep]\n|-damage|p2b: Dani Mart\u00edn|58\/100|[from] Sandstorm\n|upkeep\n|\n|t:|1684016959\n|switch|p2a: El padre de Jos\u00e9|Kingambit, L50, M|100\/100\n|-activate|p2a: El padre de Jos\u00e9|ability: Supreme Overlord\n|-start|p2a: El padre de Jos\u00e9|fallen2|[silent]\n|turn|10\n|\n|t:|1684016970\n|move|p2a: El padre de Jos\u00e9|Sucker Punch|p1a: Houndstone\n|-supereffective|p1a: Houndstone\n|-enditem|p1a: Houndstone|Focus Sash\n|-damage|p1a: Houndstone|1\/100\n|move|p1a: Houndstone|Last Respects|p2a: El padre de Jos\u00e9\n|-resisted|p2a: El padre de Jos\u00e9\n|-damage|p2a: El padre de Jos\u00e9|66\/100\n|move|p2b: Dani Mart\u00edn|Revival Blessing|p2b: Dani Mart\u00edn\n|\n|t:|1684016977\n|-heal|p2: La madre de Jos\u00e9|50\/100|[from] move: Revival Blessing\n|\n|-weather|Sandstorm|[upkeep]\n|-damage|p2b: Dani Mart\u00edn|53\/100|[from] Sandstorm\n|upkeep\n|turn|11\n|\n|t:|1684016984\n|switch|p2b: David Mu\u00f1oz|Stantler, L50, F|50\/100\n|-ability|p2b: David Mu\u00f1oz|Intimidate|boost\n|-unboost|p1a: Houndstone|atk|1\n|move|p2a: El padre de Jos\u00e9|Sucker Punch|p1a: Houndstone\n|-supereffective|p1a: Houndstone\n|-damage|p1a: Houndstone|0 fnt\n|faint|p1a: Houndstone\n|\n|win|eshe0\n|c|\u2606eshe0|gg\n","uploadtime":1684017270,"views":8,"p1id":"behindyaa","p2id":"eshe0","formatid":"gen9vgc2023regulationc","rating":0,"private":0,"password":""}