{"id":"gen9vgc2023regulationc-1852466835","p1":"kenta130","p2":"Foolafetti","format":"[Gen 9] VGC 2023 Regulation C","log":"|j|\u2606kenta130\n|j|\u2606Foolafetti\n|t:|1682561235\n|gametype|doubles\n|player|p1|kenta130|rocketgrunt|1046\n|player|p2|Foolafetti|266|1050\n|teamsize|p1|6\n|teamsize|p2|6\n|gen|9\n|tier|[Gen 9] VGC 2023 Regulation C\n|rated|\n|rule|Species Clause: Limit one of each Pok\u00e9mon\n|rule|Item Clause: Limit one of each item\n|clearpoke\n|poke|p1|Squawkabilly-Yellow, L50, F|\n|poke|p1|Rabsca, L50, F|\n|poke|p1|Forretress, L50, F|\n|poke|p1|Garganacl, L50, M|\n|poke|p1|Grafaiai, L50, F|\n|poke|p1|Gholdengo, L50|\n|poke|p2|Chien-Pao, L50|\n|poke|p2|Scream Tail, L50|\n|poke|p2|Dondozo, L50, M|\n|poke|p2|Tatsugiri, L50, M|\n|poke|p2|Chi-Yu, L50|\n|poke|p2|Flutter Mane, L50|\n|teampreview|4\n|inactive|Battle timer is ON: inactive players will automatically lose when time's up. (requested by kenta130)\n|\n|t:|1682561249\n|start\n|switch|p1a: Grafaiai|Grafaiai, L50, F|100\/100\n|switch|p1b: Forretress|Forretress, L50, F, shiny|100\/100\n|switch|p2a: Tatsugiri|Tatsugiri, L50, M|100\/100\n|switch|p2b: Scream Tail|Scream Tail, L50|100\/100\n|turn|1\n|\n|t:|1682561271\n|move|p1a: Grafaiai|Taunt|p2b: Scream Tail\n|-start|p2b: Scream Tail|move: Taunt\n|-enditem|p2b: Scream Tail|Mental Herb\n|-end|p2b: Scream Tail|move: Taunt\n|move|p2b: Scream Tail|Perish Song|p2b: Scream Tail\n|-start|p1a: Grafaiai|perish3|[silent]\n|-start|p1b: Forretress|perish3|[silent]\n|-start|p2a: Tatsugiri|perish3|[silent]\n|-start|p2b: Scream Tail|perish3|[silent]\n|-fieldactivate|move: Perish Song\n|move|p2a: Tatsugiri|Taunt|p1b: Forretress\n|-start|p1b: Forretress|move: Taunt\n|move|p1b: Forretress|Gyro Ball|p2a: Tatsugiri\n|-resisted|p2a: Tatsugiri\n|-damage|p2a: Tatsugiri|75\/100\n|\n|-heal|p2a: Tatsugiri|81\/100|[from] item: Leftovers\n|-start|p2b: Scream Tail|perish3\n|-start|p1a: Grafaiai|perish3\n|-start|p2a: Tatsugiri|perish3\n|-start|p1b: Forretress|perish3\n|upkeep\n|turn|2\n|\n|t:|1682561296\n|move|p1a: Grafaiai|Protect|p1a: Grafaiai\n|-singleturn|p1a: Grafaiai|Protect\n|move|p2b: Scream Tail|Dazzling Gleam|p1a: Grafaiai|[spread] p1b\n|-activate|p1a: Grafaiai|move: Protect\n|-resisted|p1b: Forretress\n|-damage|p1b: Forretress|90\/100\n|move|p2a: Tatsugiri|Surf|p1b: Forretress|[spread] p2b,p1b\n|-activate|p1a: Grafaiai|move: Protect\n|-damage|p2b: Scream Tail|80\/100\n|-damage|p1b: Forretress|52\/100\n|move|p1b: Forretress|Explosion|p2b: Scream Tail|[spread] p2a,p2b\n|-activate|p1a: Grafaiai|move: Protect\n|-damage|p2a: Tatsugiri|0 fnt\n|-damage|p2b: Scream Tail|36\/100\n|faint|p1b: Forretress\n|faint|p2a: Tatsugiri\n|\n|-start|p2b: Scream Tail|perish2\n|-start|p1a: Grafaiai|perish2\n|upkeep\n|\n|t:|1682561317\n|switch|p2a: Chien-Pao|Chien-Pao, L50|100\/100\n|switch|p1b: Rabsca|Rabsca, L50, F, shiny|100\/100\n|-ability|p2a: Chien-Pao|Sword of Ruin\n|turn|3\n|\n|t:|1682561329\n|move|p1a: Grafaiai|Copycat|p1a: Grafaiai\n|move|p1a: Grafaiai|Explosion|p2b: Scream Tail|[from]move: Copycat|[spread] p2b\n|-activate|p1b: Rabsca|ability: Telepathy\n|-hint|Since gen 7, Dark is immune to Prankster moves.\n|-immune|p2a: Chien-Pao\n|-damage|p2b: Scream Tail|0 fnt\n|faint|p1a: Grafaiai\n|faint|p2b: Scream Tail\n|-end|p2b: Scream Tail|Protosynthesis|[silent]\n|move|p2a: Chien-Pao|Sacred Sword|p1b: Rabsca\n|-resisted|p1b: Rabsca\n|-damage|p1b: Rabsca|92\/100\n|move|p1b: Rabsca|Trick Room|p1b: Rabsca\n|-fieldstart|move: Trick Room|[of] p1b: Rabsca\n|\n|upkeep\n|\n|t:|1682561344\n|switch|p1a: Garganacl|Garganacl, L50, M|100\/100\n|switch|p2b: Dondozo|Dondozo, L50, M|100\/100\n|turn|4\n|\n|t:|1682561354\n|-terastallize|p1a: Garganacl|Normal\n|-terastallize|p2b: Dondozo|Water\n|move|p1a: Garganacl|Explosion|p2a: Chien-Pao|[spread] p2a,p2b\n|-activate|p1b: Rabsca|ability: Telepathy\n|-enditem|p2a: Chien-Pao|Focus Sash\n|-damage|p2a: Chien-Pao|1\/100\n|-damage|p2b: Dondozo|0 fnt\n|faint|p1a: Garganacl\n|faint|p2b: Dondozo\n|move|p1b: Rabsca|Revival Blessing|p1b: Rabsca\n|-enditem|p1b: Rabsca|Leppa Berry|[eat]\n|-activate|p1b: Rabsca|item: Leppa Berry|Revival Blessing|[consumed]\n|\n|t:|1682561374\n|-heal|p1: Garganacl|50\/100|[from] move: Revival Blessing\n|switch|p1a: Garganacl|Garganacl, L50, M|50\/100\n|move|p2a: Chien-Pao|Sacred Sword|p1a: Garganacl\n|-supereffective|p1a: Garganacl\n|-damage|p1a: Garganacl|0 fnt\n|faint|p1a: Garganacl\n|\n|upkeep\n|turn|5\n|c|\u2606Foolafetti|Brother I barely know what\u2019s occurring right now\n|\n|t:|1682561389\n|move|p2a: Chien-Pao|Sucker Punch||[still]\n|-fail|p2a: Chien-Pao\n|move|p1b: Rabsca|Revival Blessing|p1b: Rabsca\n|\n|t:|1682561394\n|-heal|p1: Grafaiai|50\/100|[from] move: Revival Blessing\n|\n|upkeep\n|\n|t:|1682561399\n|switch|p1a: Grafaiai|Grafaiai, L50, F|50\/100\n|turn|6\n|\n|t:|1682561415\n|move|p2a: Chien-Pao|Protect|p2a: Chien-Pao\n|-singleturn|p2a: Chien-Pao|Protect\n|move|p1a: Grafaiai|Copycat||[still]\n|-fail|p1a: Grafaiai\n|move|p1b: Rabsca|Trick Room|p1b: Rabsca\n|-fieldend|move: Trick Room\n|\n|upkeep\n|turn|7\n|\n|t:|1682561430\n|move|p2a: Chien-Pao|Sacred Sword|p1a: Grafaiai\n|-damage|p1a: Grafaiai|0 fnt\n|faint|p1a: Grafaiai\n|move|p1b: Rabsca|Recover|p1b: Rabsca\n|-heal|p1b: Rabsca|100\/100\n|\n|upkeep\n|turn|8\n|\n|t:|1682561441\n|move|p2a: Chien-Pao|Ice Spinner|p1b: Rabsca\n|-damage|p1b: Rabsca|52\/100\n|move|p1b: Rabsca|Trick Room|p1b: Rabsca\n|-fieldstart|move: Trick Room|[of] p1b: Rabsca\n|\n|upkeep\n|turn|9\n|\n|t:|1682561446\n|move|p1b: Rabsca|Recover|p1b: Rabsca\n|-heal|p1b: Rabsca|100\/100\n|move|p2a: Chien-Pao|Ice Spinner|p1b: Rabsca\n|-damage|p1b: Rabsca|57\/100\n|\n|upkeep\n|turn|10\n|\n|t:|1682561452\n|move|p1b: Rabsca|Recover|p1b: Rabsca\n|-heal|p1b: Rabsca|100\/100\n|move|p2a: Chien-Pao|Ice Spinner|p1b: Rabsca\n|-damage|p1b: Rabsca|51\/100\n|\n|upkeep\n|turn|11\n|\n|t:|1682561460\n|move|p1b: Rabsca|Recover|p1b: Rabsca\n|-heal|p1b: Rabsca|100\/100\n|move|p2a: Chien-Pao|Ice Spinner|p1b: Rabsca\n|-damage|p1b: Rabsca|52\/100\n|\n|upkeep\n|turn|12\n|-message|kenta130 forfeited.\n|\n|win|Foolafetti\n|raw|kenta130's rating: 1046 → 1029<\/strong> (-17 for losing)\n|raw|Foolafetti's rating: 1050 → 1082<\/strong> (+32 for winning)\n|l|\u2606kenta130\n","uploadtime":1682561474,"views":10,"p1id":"kenta130","p2id":"foolafetti","formatid":"gen9vgc2023regulationc","rating":1029,"private":0,"password":""}