{"id":"gen9vgc2023regulationc-1860974949","p1":"tora510576","p2":"D-scNSe","format":"[Gen 9] VGC 2023 Regulation C","log":"|j|\u2606tora510576\n|j|\u2606D-scNSe\n|t:|1683706520\n|gametype|doubles\n|player|p1|tora510576|2|1206\n|player|p2|D-scNSe|169|1256\n|teamsize|p1|6\n|teamsize|p2|6\n|gen|9\n|tier|[Gen 9] VGC 2023 Regulation C\n|rated|\n|rule|Species Clause: Limit one of each Pok\u00e9mon\n|rule|Item Clause: Limit one of each item\n|clearpoke\n|poke|p1|Flutter Mane, L50|\n|poke|p1|Dondozo, L50, F|\n|poke|p1|Tatsugiri, L50, F|\n|poke|p1|Iron Hands, L50|\n|poke|p1|Wo-Chien, L50|\n|poke|p1|Ting-Lu, L50|\n|poke|p2|Flutter Mane, L50|\n|poke|p2|Ting-Lu, L50|\n|poke|p2|Maushold-Four, L50|\n|poke|p2|Annihilape, L50, M|\n|poke|p2|Iron Bundle, L50|\n|poke|p2|Arcanine, L50, F|\n|teampreview|4\n|inactive|Battle timer is ON: inactive players will automatically lose when time's up. (requested by D-scNSe)\n|\n|t:|1683706544\n|start\n|switch|p1a: Dondozo|Dondozo, L50, F|100\/100\n|switch|p1b: Ting-Lu|Ting-Lu, L50|100\/100\n|switch|p2a: Iron Bundle|Iron Bundle, L50|100\/100\n|switch|p2b: Arcanine|Arcanine, L50, F|100\/100\n|-ability|p2b: Arcanine|Intimidate|boost\n|-fail|p1a: Dondozo|unboost|Attack|[from] ability: Oblivious|[of] p1a: Dondozo\n|-unboost|p1b: Ting-Lu|atk|1\n|-ability|p1b: Ting-Lu|Vessel of Ruin\n|turn|1\n|\n|t:|1683706568\n|switch|p1b: Tatsugiri|Tatsugiri, L50, F, shiny|100\/100\n|-activate|p1b: Tatsugiri|ability: Commander|[of] p1a: Dondozo\n|-boost|p1a: Dondozo|atk|2\n|-boost|p1a: Dondozo|spa|2\n|-boost|p1a: Dondozo|spe|2\n|-boost|p1a: Dondozo|def|2\n|-boost|p1a: Dondozo|spd|2\n|-terastallize|p2b: Arcanine|Grass\n|move|p2a: Iron Bundle|Freeze-Dry|p1a: Dondozo\n|-supereffective|p1a: Dondozo\n|-damage|p1a: Dondozo|63\/100\n|move|p1a: Dondozo|Wave Crash|p2b: Arcanine\n|-resisted|p2b: Arcanine\n|-damage|p2b: Arcanine|50\/100\n|-enditem|p2b: Arcanine|Sitrus Berry|[eat]\n|-heal|p2b: Arcanine|75\/100|[from] item: Sitrus Berry\n|-damage|p1a: Dondozo|49\/100|[from] Recoil\n|move|p2b: Arcanine|Will-O-Wisp|p1a: Dondozo\n|-status|p1a: Dondozo|brn\n|\n|-heal|p1a: Dondozo|55\/100 brn|[from] item: Leftovers\n|-damage|p1a: Dondozo|49\/100 brn|[from] brn\n|upkeep\n|turn|2\n|inactive|D-scNSe has 30 seconds left.\n|inactive|tora510576 has 30 seconds left.\n|inactive|D-scNSe has 20 seconds left.\n|\n|t:|1683706606\n|move|p2b: Arcanine|Protect|p2b: Arcanine\n|-singleturn|p2b: Arcanine|Protect\n|move|p2a: Iron Bundle|Freeze-Dry|p1a: Dondozo\n|-supereffective|p1a: Dondozo\n|-damage|p1a: Dondozo|12\/100 brn\n|move|p1a: Dondozo|Rest|p1a: Dondozo\n|-status|p1a: Dondozo|slp|[from] move: Rest\n|-heal|p1a: Dondozo|100\/100 slp|[silent]\n|\n|upkeep\n|turn|3\n|\n|t:|1683706621\n|switch|p2b: Flutter Mane|Flutter Mane, L50|100\/100\n|-enditem|p2b: Flutter Mane|Booster Energy\n|-activate|p2b: Flutter Mane|ability: Protosynthesis|[fromitem]\n|-start|p2b: Flutter Mane|protosynthesisspe\n|move|p2a: Iron Bundle|Freeze-Dry|p1a: Dondozo\n|-supereffective|p1a: Dondozo\n|-damage|p1a: Dondozo|60\/100 slp\n|cant|p1a: Dondozo|slp\n|move|p1a: Dondozo|Sleep Talk|p1a: Dondozo\n|move|p1a: Dondozo|Wave Crash|p2a: Iron Bundle|[from]move: Sleep Talk\n|-resisted|p2a: Iron Bundle\n|-damage|p2a: Iron Bundle|46\/100\n|-damage|p1a: Dondozo|50\/100 slp|[from] Recoil\n|\n|-heal|p1a: Dondozo|56\/100 slp|[from] item: Leftovers\n|upkeep\n|turn|4\n|\n|t:|1683706640\n|-terastallize|p1a: Dondozo|Steel\n|move|p2b: Flutter Mane|Thunderbolt|p1a: Dondozo\n|-damage|p1a: Dondozo|39\/100 slp\n|move|p2a: Iron Bundle|Freeze-Dry|p1a: Dondozo\n|-resisted|p1a: Dondozo\n|-crit|p1a: Dondozo\n|-damage|p1a: Dondozo|13\/100 slp\n|cant|p1a: Dondozo|slp\n|move|p1a: Dondozo|Sleep Talk|p1a: Dondozo\n|move|p1a: Dondozo|Wave Crash|p2a: Iron Bundle|[from]move: Sleep Talk\n|-resisted|p2a: Iron Bundle\n|-damage|p2a: Iron Bundle|0 fnt\n|faint|p2a: Iron Bundle\n|-end|p2a: Iron Bundle|Quark Drive|[silent]\n|-damage|p1a: Dondozo|5\/100 slp|[from] Recoil\n|\n|-heal|p1a: Dondozo|11\/100 slp|[from] item: Leftovers\n|upkeep\n|inactive|D-scNSe has 30 seconds left.\n|\n|t:|1683706667\n|switch|p2a: Annihilape|Annihilape, L50, M|100\/100\n|turn|5\n|\n|t:|1683706678\n|move|p2b: Flutter Mane|Shadow Ball|p1a: Dondozo\n|-damage|p1a: Dondozo|0 fnt\n|faint|p1a: Dondozo\n|move|p2a: Annihilape|Bulk Up|p2a: Annihilape\n|-boost|p2a: Annihilape|atk|1\n|-boost|p2a: Annihilape|def|1\n|\n|upkeep\n|\n|t:|1683706688\n|switch|p1a: Flutter Mane|Flutter Mane, L50|100\/100\n|turn|6\n|\n|t:|1683706699\n|move|p2a: Annihilape|Protect|p2a: Annihilape\n|-singleturn|p2a: Annihilape|Protect\n|move|p2b: Flutter Mane|Shadow Ball|p1a: Flutter Mane\n|-supereffective|p1a: Flutter Mane\n|-damage|p1a: Flutter Mane|17\/100\n|move|p1b: Tatsugiri|Draco Meteor|p2a: Annihilape\n|-activate|p2a: Annihilape|move: Protect\n|move|p1a: Flutter Mane|Moonblast|p2a: Annihilape\n|-activate|p2a: Annihilape|move: Protect\n|\n|upkeep\n|turn|7\n|inactive|D-scNSe has 30 seconds left.\n|inactive|D-scNSe has 20 seconds left.\n|inactive|D-scNSe has 15 seconds left.\n|inactive|D-scNSe has 10 seconds left.\n|\n|t:|1683706747\n|switch|p2a: Arcanine|Arcanine, L50, F, tera:Grass|75\/100\n|-ability|p2a: Arcanine|Intimidate|boost\n|-unboost|p1a: Flutter Mane|atk|1\n|-unboost|p1b: Tatsugiri|atk|1\n|move|p1a: Flutter Mane|Protect|p1a: Flutter Mane\n|-singleturn|p1a: Flutter Mane|Protect\n|move|p2b: Flutter Mane|Shadow Ball|p1a: Flutter Mane\n|-activate|p1a: Flutter Mane|move: Protect\n|move|p1b: Tatsugiri|Draco Meteor|p2a: Arcanine\n|-damage|p2a: Arcanine|22\/100\n|-unboost|p1b: Tatsugiri|spa|2\n|\n|upkeep\n|turn|8\n|\n|t:|1683706770\n|-end|p1a: Flutter Mane|Protosynthesis|[silent]\n|switch|p1a: Ting-Lu|Ting-Lu, L50|100\/100\n|-ability|p1a: Ting-Lu|Vessel of Ruin\n|move|p2a: Arcanine|Protect|p2a: Arcanine\n|-singleturn|p2a: Arcanine|Protect\n|move|p2b: Flutter Mane|Moonblast|p1a: Ting-Lu\n|-supereffective|p1a: Ting-Lu\n|-damage|p1a: Ting-Lu|63\/100\n|move|p1b: Tatsugiri|Draco Meteor|p2a: Arcanine\n|-activate|p2a: Arcanine|move: Protect\n|\n|upkeep\n|turn|9\n|\n|t:|1683706786\n|move|p2b: Flutter Mane|Moonblast|p1b: Tatsugiri\n|-supereffective|p1b: Tatsugiri\n|-damage|p1b: Tatsugiri|14\/100\n|-unboost|p1b: Tatsugiri|spa|1\n|move|p1b: Tatsugiri|Draco Meteor|p2a: Arcanine\n|-damage|p2a: Arcanine|5\/100\n|-unboost|p1b: Tatsugiri|spa|2\n|move|p2a: Arcanine|Will-O-Wisp|p1a: Ting-Lu\n|-status|p1a: Ting-Lu|brn\n|move|p1a: Ting-Lu|Heavy Slam|p2b: Flutter Mane\n|-supereffective|p2b: Flutter Mane\n|-damage|p2b: Flutter Mane|42\/100\n|\n|-damage|p1a: Ting-Lu|57\/100 brn|[from] brn\n|upkeep\n|turn|10\n|inactive|D-scNSe has 30 seconds left.\n|inactive|D-scNSe has 20 seconds left.\n|\n|t:|1683706821\n|move|p2b: Flutter Mane|Moonblast|p1a: Ting-Lu\n|-supereffective|p1a: Ting-Lu\n|-damage|p1a: Ting-Lu|19\/100 brn\n|move|p1b: Tatsugiri|Draco Meteor|p2a: Arcanine\n|-damage|p2a: Arcanine|0 fnt\n|-unboost|p1b: Tatsugiri|spa|1\n|faint|p2a: Arcanine\n|move|p1a: Ting-Lu|Heavy Slam|p2b: Flutter Mane\n|-supereffective|p2b: Flutter Mane\n|-damage|p2b: Flutter Mane|0 fnt\n|faint|p2b: Flutter Mane\n|-end|p2b: Flutter Mane|Protosynthesis|[silent]\n|\n|-damage|p1a: Ting-Lu|13\/100 brn|[from] brn\n|upkeep\n|\n|t:|1683706832\n|switch|p2a: Annihilape|Annihilape, L50, M|100\/100\n|turn|11\n|\n|t:|1683706844\n|move|p1b: Tatsugiri|Draco Meteor|p2a: Annihilape|[miss]\n|-miss|p1b: Tatsugiri|p2a: Annihilape\n|move|p2a: Annihilape|Rage Fist|p1a: Ting-Lu\n|-resisted|p1a: Ting-Lu\n|-damage|p1a: Ting-Lu|7\/100 brn\n|move|p1a: Ting-Lu|Fissure|p2a: Annihilape|[miss]\n|-miss|p1a: Ting-Lu|p2a: Annihilape\n|\n|-damage|p1a: Ting-Lu|1\/100 brn|[from] brn\n|upkeep\n|turn|12\n|\n|t:|1683706865\n|move|p1b: Tatsugiri|Draco Meteor|p2a: Annihilape\n|-damage|p2a: Annihilape|89\/100\n|move|p2a: Annihilape|Drain Punch|p1b: Tatsugiri\n|-damage|p1b: Tatsugiri|0 fnt\n|-heal|p2a: Annihilape|95\/100|[from] drain|[of] p1b: Tatsugiri\n|faint|p1b: Tatsugiri\n|move|p1a: Ting-Lu|Ruination|p2a: Annihilape\n|-damage|p2a: Annihilape|48\/100\n|\n|-heal|p2a: Annihilape|53\/100|[from] item: Leftovers\n|-damage|p1a: Ting-Lu|0 fnt|[from] brn\n|faint|p1a: Ting-Lu\n|upkeep\n|\n|t:|1683706875\n|switch|p1b: Flutter Mane|Flutter Mane, L50|17\/100\n|turn|13\n|\n|t:|1683706880\n|move|p2a: Annihilape|Protect|p2a: Annihilape\n|-singleturn|p2a: Annihilape|Protect\n|move|p1b: Flutter Mane|Moonblast|p2a: Annihilape\n|-activate|p2a: Annihilape|move: Protect\n|\n|-heal|p2a: Annihilape|59\/100|[from] item: Leftovers\n|upkeep\n|turn|14\n|\n|t:|1683706887\n|move|p1b: Flutter Mane|Moonblast|p2a: Annihilape\n|-supereffective|p2a: Annihilape\n|-damage|p2a: Annihilape|0 fnt\n|faint|p2a: Annihilape\n|\n|win|tora510576\n|raw|tora510576's rating: 1206 → 1235<\/strong> (+29 for winning)\n|raw|D-scNSe's rating: 1256 → 1227<\/strong> (-29 for losing)\n|l|\u2606tora510576\n","uploadtime":1683706894,"views":19,"p1id":"tora510576","p2id":"dscnse","formatid":"gen9vgc2023regulationc","rating":1227,"private":0,"password":""}