{"id":"gen9vgc2023regulationc-1849898612","p1":"Mike2811","p2":"jaykabuie","format":"[Gen 9] VGC 2023 Regulation C","log":"|j|\u2606Mike2811\n|j|\u2606jaykabuie\n|t:|1682265903\n|gametype|doubles\n|player|p1|Mike2811|steven|1098\n|player|p2|jaykabuie|hiker-gen4|1198\n|teamsize|p1|6\n|teamsize|p2|6\n|gen|9\n|tier|[Gen 9] VGC 2023 Regulation C\n|rated|\n|rule|Species Clause: Limit one of each Pok\u00e9mon\n|rule|Item Clause: Limit one of each item\n|clearpoke\n|poke|p1|Kingambit, L50, M|\n|poke|p1|Armarouge, L50, M|\n|poke|p1|Flamigo, L50, M|\n|poke|p1|Indeedee-F, L50, F|\n|poke|p1|Maushold-Four, L50|\n|poke|p1|Glalie, L50, M|\n|poke|p2|Ting-Lu, L50|\n|poke|p2|Flutter Mane, L50|\n|poke|p2|Baxcalibur, L50, F|\n|poke|p2|Amoonguss, L50, F|\n|poke|p2|Palafin, L50, F|\n|poke|p2|Arcanine, L50, F|\n|teampreview|4\n|inactive|Battle timer is ON: inactive players will automatically lose when time's up. (requested by jaykabuie)\n|\n|t:|1682265972\n|start\n|switch|p1a: Glalie|Glalie, L50, M, shiny|100\/100\n|switch|p1b: Maushold|Maushold-Four, L50, shiny|100\/100\n|switch|p2a: Ting-Lu|Ting-Lu, L50|100\/100\n|switch|p2b: Palafin|Palafin, L50, F|100\/100\n|-ability|p2a: Ting-Lu|Vessel of Ruin\n|turn|1\n|inactive|Mike2811 has 30 seconds left.\n|inactive|Mike2811 has 20 seconds left.\n|\n|t:|1682266008\n|switch|p1b: Kingambit|Kingambit, L50, M, shiny|100\/100\n|move|p2b: Palafin|Protect|p2b: Palafin\n|-singleturn|p2b: Palafin|Protect\n|move|p1a: Glalie|Substitute|p1a: Glalie\n|-start|p1a: Glalie|Substitute\n|-damage|p1a: Glalie|76\/100\n|move|p2a: Ting-Lu|Fissure|p1b: Kingambit|[miss]\n|-miss|p2a: Ting-Lu|p1b: Kingambit\n|\n|-heal|p1a: Glalie|82\/100|[from] item: Leftovers\n|-ability|p1a: Glalie|Moody|boost\n|-boost|p1a: Glalie|def|2\n|-unboost|p1a: Glalie|spa|1\n|upkeep\n|turn|2\n|\n|t:|1682266028\n|detailschange|p2b: Palafin|Palafin-Hero, L50, F\n|switch|p2b: Amoonguss|Amoonguss, L50, F|100\/100\n|move|p1b: Kingambit|Protect|p1b: Kingambit\n|-singleturn|p1b: Kingambit|Protect\n|move|p1a: Glalie|Double Team|p1a: Glalie\n|-boost|p1a: Glalie|evasion|1\n|move|p2a: Ting-Lu|Stomping Tantrum|p1b: Kingambit\n|-activate|p1b: Kingambit|move: Protect\n|\n|-heal|p1a: Glalie|88\/100|[from] item: Leftovers\n|-ability|p1a: Glalie|Moody|boost\n|-boost|p1a: Glalie|spd|2\n|-unboost|p1a: Glalie|atk|1\n|upkeep\n|turn|3\n|\n|t:|1682266046\n|switch|p1b: Maushold|Maushold-Four, L50, shiny|100\/100\n|move|p2b: Amoonguss|Protect|p2b: Amoonguss\n|-singleturn|p2b: Amoonguss|Protect\n|move|p1a: Glalie|Double Team|p1a: Glalie\n|-boost|p1a: Glalie|evasion|1\n|move|p2a: Ting-Lu|Stomping Tantrum|p1b: Maushold\n|-damage|p1b: Maushold|61\/100\n|\n|-heal|p1a: Glalie|94\/100|[from] item: Leftovers\n|-ability|p1a: Glalie|Moody|boost\n|-boost|p1a: Glalie|spd|2\n|-unboost|p1a: Glalie|def|1\n|upkeep\n|turn|4\n|inactive|Mike2811 has 30 seconds left.\n|\n|t:|1682266072\n|move|p1b: Maushold|Follow Me|p1b: Maushold\n|-singleturn|p1b: Maushold|move: Follow Me\n|move|p1a: Glalie|Double Team|p1a: Glalie\n|-boost|p1a: Glalie|evasion|1\n|move|p2a: Ting-Lu|Fissure|p1b: Maushold|[miss]\n|-miss|p2a: Ting-Lu|p1b: Maushold\n|move|p2b: Amoonguss|Spore|p1b: Maushold\n|-status|p1b: Maushold|slp|[from] move: Spore\n|\n|-heal|p1a: Glalie|99\/100|[from] item: Leftovers\n|-ability|p1a: Glalie|Moody|boost\n|-boost|p1a: Glalie|spe|2\n|-unboost|p1a: Glalie|atk|1\n|upkeep\n|turn|5\n|\n|t:|1682266095\n|cant|p1b: Maushold|slp\n|move|p1a: Glalie|Frost Breath|p2a: Ting-Lu\n|-supereffective|p2a: Ting-Lu\n|-crit|p2a: Ting-Lu\n|-damage|p2a: Ting-Lu|77\/100\n|move|p2a: Ting-Lu|Heavy Slam|p1a: Glalie|[miss]\n|-miss|p2a: Ting-Lu|p1a: Glalie\n|move|p2b: Amoonguss|Pollen Puff|p1a: Glalie|[miss]\n|-miss|p2b: Amoonguss|p1a: Glalie\n|\n|-heal|p1a: Glalie|100\/100|[from] item: Leftovers\n|-ability|p1a: Glalie|Moody|boost\n|-boost|p1a: Glalie|spd|2\n|-unboost|p1a: Glalie|spa|1\n|upkeep\n|turn|6\n|inactive|Mike2811 has 30 seconds left.\n|\n|t:|1682266128\n|switch|p2a: Palafin|Palafin-Hero, L50, F|100\/100\n|-activate|p2a: Palafin|ability: Zero to Hero\n|move|p1a: Glalie|Frost Breath|p2b: Amoonguss\n|-supereffective|p2b: Amoonguss\n|-crit|p2b: Amoonguss\n|-damage|p2b: Amoonguss|42\/100\n|cant|p1b: Maushold|slp\n|move|p2b: Amoonguss|Pollen Puff|p1a: Glalie\n|-activate|p1a: Glalie|move: Substitute|[damage]\n|\n|-ability|p1a: Glalie|Moody|boost\n|-boost|p1a: Glalie|atk|2\n|-unboost|p1a: Glalie|spd|1\n|upkeep\n|turn|7\n|\n|t:|1682266149\n|switch|p2b: Arcanine|Arcanine, L50, F|100\/100\n|-ability|p2b: Arcanine|Intimidate|boost\n|-immune|p1a: Glalie\n|-unboost|p1b: Maushold|atk|1\n|-terastallize|p2a: Palafin|Water\n|move|p1a: Glalie|Protect|p1a: Glalie\n|-singleturn|p1a: Glalie|Protect\n|-curestatus|p1b: Maushold|slp|[msg]\n|move|p1b: Maushold|Protect|p1b: Maushold\n|-singleturn|p1b: Maushold|Protect\n|move|p2a: Palafin|Wave Crash|p1b: Maushold\n|-activate|p1b: Maushold|move: Protect\n|\n|-ability|p1a: Glalie|Moody|boost\n|-boost|p1a: Glalie|spe|2\n|-unboost|p1a: Glalie|spa|1\n|upkeep\n|turn|8\n|inactive|Mike2811 has 30 seconds left.\n|inactive|Mike2811 has 20 seconds left.\n|\n|t:|1682266189\n|move|p2a: Palafin|Jet Punch|p1a: Glalie|[miss]\n|-miss|p2a: Palafin|p1a: Glalie\n|move|p1a: Glalie|Frost Breath|p2b: Arcanine\n|-resisted|p2b: Arcanine\n|-crit|p2b: Arcanine\n|-damage|p2b: Arcanine|82\/100\n|move|p1b: Maushold|Population Bomb|p2a: Palafin\n|-damage|p2a: Palafin|97\/100\n|-damage|p2a: Palafin|94\/100\n|-damage|p2a: Palafin|90\/100\n|-hitcount|p2a: Palafin|3\n|move|p2b: Arcanine|Flare Blitz|p1a: Glalie\n|-supereffective|p1a: Glalie\n|-end|p1a: Glalie|Substitute\n|-damage|p2b: Arcanine|75\/100|[from] Recoil|[of] p1a: Glalie\n|\n|-ability|p1a: Glalie|Moody|boost\n|-boost|p1a: Glalie|def|2\n|-unboost|p1a: Glalie|spd|1\n|upkeep\n|turn|9\n|inactive|Mike2811 has 30 seconds left.\n|\n|t:|1682266216\n|move|p1a: Glalie|Protect|p1a: Glalie\n|-singleturn|p1a: Glalie|Protect\n|move|p1b: Maushold|Protect|p1b: Maushold\n|-singleturn|p1b: Maushold|Protect\n|move|p2b: Arcanine|Flare Blitz|p1a: Glalie\n|-activate|p1a: Glalie|move: Protect\n|move|p2a: Palafin|Wave Crash|p1a: Glalie\n|-activate|p1a: Glalie|move: Protect\n|\n|-ability|p1a: Glalie|Moody|boost\n|-boost|p1a: Glalie|spd|2\n|-unboost|p1a: Glalie|spa|1\n|upkeep\n|turn|10\n|\n|t:|1682266239\n|move|p1b: Maushold|Follow Me|p1b: Maushold\n|-singleturn|p1b: Maushold|move: Follow Me\n|move|p1a: Glalie|Substitute|p1a: Glalie\n|-start|p1a: Glalie|Substitute\n|-damage|p1a: Glalie|76\/100\n|move|p2b: Arcanine|Flare Blitz|p1b: Maushold\n|-damage|p1b: Maushold|0 fnt\n|faint|p1b: Maushold\n|-damage|p2b: Arcanine|57\/100|[from] Recoil\n|move|p2a: Palafin|Wave Crash|p1a: Glalie|[miss]\n|-miss|p2a: Palafin|p1a: Glalie\n|\n|-heal|p1a: Glalie|82\/100|[from] item: Leftovers\n|-ability|p1a: Glalie|Moody|boost\n|-boost|p1a: Glalie|spa|2\n|-unboost|p1a: Glalie|def|1\n|upkeep\n|\n|t:|1682266253\n|switch|p1b: Kingambit|Kingambit, L50, M, shiny|100\/100\n|turn|11\n|\n|t:|1682266275\n|move|p1b: Kingambit|Protect|p1b: Kingambit\n|-singleturn|p1b: Kingambit|Protect\n|move|p1a: Glalie|Frost Breath|p2b: Arcanine\n|-resisted|p2b: Arcanine\n|-crit|p2b: Arcanine\n|-damage|p2b: Arcanine|37\/100\n|-enditem|p2b: Arcanine|Sitrus Berry|[eat]\n|-heal|p2b: Arcanine|62\/100|[from] item: Sitrus Berry\n|move|p2b: Arcanine|Flare Blitz|p1b: Kingambit\n|-activate|p1b: Kingambit|move: Protect\n|move|p2a: Palafin|Wave Crash|p1b: Kingambit\n|-activate|p1b: Kingambit|move: Protect\n|\n|-heal|p1a: Glalie|88\/100|[from] item: Leftovers\n|-ability|p1a: Glalie|Moody|boost\n|-boost|p1a: Glalie|atk|2\n|-unboost|p1a: Glalie|spa|1\n|upkeep\n|turn|12\n|inactive|Mike2811 has 30 seconds left.\n|\n|t:|1682266305\n|move|p1b: Kingambit|Sucker Punch|p2a: Palafin\n|-damage|p2a: Palafin|51\/100\n|move|p1a: Glalie|Frost Breath|p2b: Arcanine\n|-resisted|p2b: Arcanine\n|-crit|p2b: Arcanine\n|-damage|p2b: Arcanine|40\/100\n|move|p2b: Arcanine|Flare Blitz|p1b: Kingambit\n|-supereffective|p1b: Kingambit\n|-damage|p1b: Kingambit|11\/100\n|-damage|p2b: Arcanine|9\/100|[from] Recoil\n|move|p2a: Palafin|Wave Crash|p1b: Kingambit\n|-damage|p1b: Kingambit|0 fnt\n|faint|p1b: Kingambit\n|-damage|p2a: Palafin|48\/100|[from] Recoil\n|\n|-heal|p1a: Glalie|94\/100|[from] item: Leftovers\n|-ability|p1a: Glalie|Moody|boost\n|-boost|p1a: Glalie|atk|2\n|-unboost|p1a: Glalie|spe|1\n|upkeep\n|\n|t:|1682266322\n|switch|p1b: Flamigo|Flamigo, L50, M, shiny|100\/100\n|-copyboost|p1b: Flamigo|p1a: Glalie|[from] ability: Costar\n|-enditem|p1b: Flamigo|White Herb\n|-clearnegativeboost|p1b: Flamigo|[silent]\n|turn|13\n|\n|t:|1682266335\n|switch|p2b: Amoonguss|Amoonguss, L50, F|75\/100\n|move|p2a: Palafin|Protect|p2a: Palafin\n|-singleturn|p2a: Palafin|Protect\n|move|p1b: Flamigo|Acrobatics|p2a: Palafin\n|-activate|p2a: Palafin|move: Protect\n|move|p1a: Glalie|Frost Breath|p2b: Amoonguss\n|-supereffective|p2b: Amoonguss\n|-crit|p2b: Amoonguss\n|-damage|p2b: Amoonguss|14\/100\n|\n|-heal|p1a: Glalie|99\/100|[from] item: Leftovers\n|-ability|p1a: Glalie|Moody|boost\n|-boost|p1a: Glalie|spe|2\n|-unboost|p1a: Glalie|def|1\n|upkeep\n|turn|14\n|\n|t:|1682266359\n|switch|p2a: Arcanine|Arcanine, L50, F|9\/100\n|-ability|p2a: Arcanine|Intimidate|boost\n|-immune|p1a: Glalie\n|-unboost|p1b: Flamigo|atk|1\n|move|p2b: Amoonguss|Protect|p2b: Amoonguss\n|-singleturn|p2b: Amoonguss|Protect\n|move|p1b: Flamigo|Acrobatics|p2a: Arcanine\n|-crit|p2a: Arcanine\n|-damage|p2a: Arcanine|0 fnt\n|faint|p2a: Arcanine\n|move|p1a: Glalie|Frost Breath|p2b: Amoonguss\n|-activate|p2b: Amoonguss|move: Protect\n|\n|-heal|p1a: Glalie|100\/100|[from] item: Leftovers\n|-ability|p1a: Glalie|Moody|boost\n|-boost|p1a: Glalie|def|2\n|-unboost|p1a: Glalie|atk|1\n|upkeep\n|\n|t:|1682266370\n|switch|p2a: Palafin|Palafin-Hero, L50, F, tera:Water|48\/100\n|turn|15\n|\n|t:|1682266380\n|switch|p2b: Ting-Lu|Ting-Lu, L50|77\/100\n|-ability|p2b: Ting-Lu|Vessel of Ruin\n|move|p2a: Palafin|Protect|p2a: Palafin\n|-singleturn|p2a: Palafin|Protect\n|move|p1b: Flamigo|Acrobatics|p2a: Palafin\n|-activate|p2a: Palafin|move: Protect\n|move|p1a: Glalie|Frost Breath|p2b: Ting-Lu\n|-supereffective|p2b: Ting-Lu\n|-crit|p2b: Ting-Lu\n|-damage|p2b: Ting-Lu|53\/100\n|\n|-ability|p1a: Glalie|Moody|boost\n|-boost|p1a: Glalie|spe|1\n|-unboost|p1a: Glalie|spd|1\n|upkeep\n|turn|16\n|\n|t:|1682266404\n|move|p1b: Flamigo|Protect|p1b: Flamigo\n|-singleturn|p1b: Flamigo|Protect\n|move|p2a: Palafin|Jet Punch|p1b: Flamigo\n|-activate|p1b: Flamigo|move: Protect\n|move|p1a: Glalie|Frost Breath|p2b: Ting-Lu\n|-supereffective|p2b: Ting-Lu\n|-crit|p2b: Ting-Lu\n|-damage|p2b: Ting-Lu|30\/100\n|move|p2b: Ting-Lu|Heavy Slam|p1a: Glalie|[miss]\n|-miss|p2b: Ting-Lu|p1a: Glalie\n|\n|-ability|p1a: Glalie|Moody|boost\n|-boost|p1a: Glalie|atk|2\n|-unboost|p1a: Glalie|spd|1\n|upkeep\n|turn|17\n|inactive|Mike2811 has 30 seconds left.\n|\n|t:|1682266438\n|move|p1a: Glalie|Protect|p1a: Glalie\n|-singleturn|p1a: Glalie|Protect\n|move|p1b: Flamigo|Acrobatics|p2a: Palafin\n|-damage|p2a: Palafin|0 fnt\n|faint|p2a: Palafin\n|move|p2b: Ting-Lu|Heavy Slam|p1a: Glalie\n|-activate|p1a: Glalie|move: Protect\n|\n|-ability|p1a: Glalie|Moody|boost\n|-boost|p1a: Glalie|def|2\n|-unboost|p1a: Glalie|spd|1\n|upkeep\n|\n|t:|1682266448\n|switch|p2a: Amoonguss|Amoonguss, L50, F|47\/100\n|turn|18\n|\n|t:|1682266453\n|move|p1a: Glalie|Frost Breath|p2a: Amoonguss|[miss]\n|-miss|p1a: Glalie|p2a: Amoonguss\n|move|p1b: Flamigo|Close Combat|p2b: Ting-Lu\n|-supereffective|p2b: Ting-Lu\n|-damage|p2b: Ting-Lu|0 fnt\n|-unboost|p1b: Flamigo|def|1\n|-unboost|p1b: Flamigo|spd|1\n|faint|p2b: Ting-Lu\n|move|p2a: Amoonguss|Pollen Puff|p2: Ting-Lu|[notarget]\n|-fail|p2a: Amoonguss\n|\n|-ability|p1a: Glalie|Moody|boost\n|-boost|p1a: Glalie|spa|2\n|-unboost|p1a: Glalie|spd|1\n|upkeep\n|turn|19\n|-message|jaykabuie forfeited.\n|\n|win|Mike2811\n|raw|Mike2811's rating: 1098 → 1130<\/strong> (+32 for winning)\n|raw|jaykabuie's rating: 1198 → 1166<\/strong> (-32 for losing)\n|l|\u2606jaykabuie\n","uploadtime":1682266478,"views":7,"p1id":"mike2811","p2id":"jaykabuie","formatid":"gen9vgc2023regulationc","rating":1130,"private":0,"password":""}