{"id":"gen9vgc2023regulationc-1846269973","p1":"Just_SamueIe","p2":"I can't improve","format":"[Gen 9] VGC 2023 Regulation C","log":"|j|\u2606Just_SamueIe\n|j|\u2606I can't improve\n|t:|1681827182\n|gametype|doubles\n|player|p1|Just_SamueIe|chase|1370\n|player|p2|I can't improve|bertha|1436\n|teamsize|p1|6\n|teamsize|p2|6\n|gen|9\n|tier|[Gen 9] VGC 2023 Regulation C\n|rated|\n|rule|Species Clause: Limit one of each Pok\u00e9mon\n|rule|Item Clause: Limit one of each item\n|clearpoke\n|poke|p1|Amoonguss, L50, F|\n|poke|p1|Palafin, L50, F|\n|poke|p1|Flutter Mane, L50|\n|poke|p1|Arcanine, L50, F|\n|poke|p1|Ting-Lu, L50|\n|poke|p1|Ceruledge, L50, F|\n|poke|p2|Ting-Lu, L50|\n|poke|p2|Gholdengo, L50|\n|poke|p2|Arcanine, L50, F|\n|poke|p2|Rotom-Wash, L50|\n|poke|p2|Flutter Mane, L50|\n|poke|p2|Wo-Chien, L50|\n|teampreview|4\nI can't improve has agreed to open team sheets.\n|j| sadgirl23\nJust_SamueIe rejected open team sheets.\n|\n|t:|1681827237\n|start\n|switch|p1a: Flutter Mane|Flutter Mane, L50|100\/100\n|switch|p1b: Arcanine|Arcanine, L50, F|100\/100\n|switch|p2a: Appa|Rotom-Wash, L50|100\/100\n|switch|p2b: Pauline!|Arcanine, L50, F|100\/100\n|-ability|p2b: Pauline!|Intimidate|boost\n|-unboost|p1a: Flutter Mane|atk|1\n|-unboost|p1b: Arcanine|atk|1\n|-ability|p1b: Arcanine|Intimidate|boost\n|-unboost|p2a: Appa|atk|1\n|-unboost|p2b: Pauline!|atk|1\n|-enditem|p1a: Flutter Mane|Booster Energy\n|-activate|p1a: Flutter Mane|ability: Protosynthesis|[fromitem]\n|-start|p1a: Flutter Mane|protosynthesisspa\n|turn|1\n|l| sadgirl23\n|\n|t:|1681827263\n|switch|p2b: Fous|Ting-Lu, L50|100\/100\n|-ability|p2b: Fous|Vessel of Ruin\n|switch|p1b: Amoonguss|Amoonguss, L50, F|100\/100\n|move|p2a: Appa|Protect|p2a: Appa\n|-singleturn|p2a: Appa|Protect\n|move|p1a: Flutter Mane|Thunderbolt|p2a: Appa\n|-activate|p2a: Appa|move: Protect\n|\n|upkeep\n|turn|2\n|\n|t:|1681827304\n|switch|p2b: Pauline!|Arcanine, L50, F|100\/100\n|-ability|p2b: Pauline!|Intimidate|boost\n|-unboost|p1a: Flutter Mane|atk|1\n|-unboost|p1b: Amoonguss|atk|1\n|move|p1a: Flutter Mane|Moonblast|p2b: Pauline!\n|-resisted|p2b: Pauline!\n|-damage|p2b: Pauline!|68\/100\n|move|p2a: Appa|Volt Switch|p1b: Amoonguss\n|-resisted|p1b: Amoonguss\n|-damage|p1b: Amoonguss|91\/100\n|\n|t:|1681827314\n|switch|p2a: Fous|Ting-Lu, L50|100\/100|[from] Volt Switch\n|-ability|p2a: Fous|Vessel of Ruin\n|move|p1b: Amoonguss|Spore|p2a: Fous\n|-status|p2a: Fous|slp|[from] move: Spore\n|\n|upkeep\n|turn|3\n|c|\u2606Just_SamueIe|game 1000 qi\n|\n|t:|1681827336\n|switch|p1b: Arcanine|Arcanine, L50, F|100\/100\n|-ability|p1b: Arcanine|Intimidate|boost\n|-unboost|p2a: Fous|atk|1\n|-unboost|p2b: Pauline!|atk|1\n|move|p1a: Flutter Mane|Moonblast|p2a: Fous\n|-supereffective|p2a: Fous\n|-damage|p2a: Fous|48\/100 slp\n|-unboost|p2a: Fous|spa|1\n|move|p2b: Pauline!|Flare Blitz|p1a: Flutter Mane\n|-damage|p1a: Flutter Mane|36\/100\n|-damage|p2b: Pauline!|54\/100|[from] Recoil\n|cant|p2a: Fous|slp\n|\n|upkeep\n|turn|4\n|\n|t:|1681827374\n|switch|p2a: Appa|Rotom-Wash, L50|100\/100\n|move|p1a: Flutter Mane|Moonblast|p2a: Appa\n|-damage|p2a: Appa|39\/100\n|-unboost|p2a: Appa|spa|1\n|-enditem|p2a: Appa|Sitrus Berry|[eat]\n|-heal|p2a: Appa|64\/100|[from] item: Sitrus Berry\n|move|p2b: Pauline!|Flare Blitz|p1a: Flutter Mane\n|-damage|p1a: Flutter Mane|0 fnt\n|faint|p1a: Flutter Mane\n|-end|p1a: Flutter Mane|Protosynthesis|[silent]\n|-damage|p2b: Pauline!|46\/100|[from] Recoil\n|move|p1b: Arcanine|Flare Blitz|p2b: Pauline!\n|-resisted|p2b: Pauline!\n|-damage|p2b: Pauline!|24\/100\n|-damage|p1b: Arcanine|93\/100|[from] Recoil\n|\n|upkeep\n|\n|t:|1681827385\n|switch|p1a: Amoonguss|Amoonguss, L50, F|100\/100\n|turn|5\n|\n|t:|1681827400\n|switch|p2a: Fous|Ting-Lu, L50|48\/100 slp\n|-ability|p2a: Fous|Vessel of Ruin\n|move|p1a: Amoonguss|Rage Powder|p1a: Amoonguss\n|-singleturn|p1a: Amoonguss|move: Rage Powder\n|move|p2b: Pauline!|Flare Blitz|p1a: Amoonguss\n|-supereffective|p1a: Amoonguss\n|-damage|p1a: Amoonguss|26\/100\n|-enditem|p1a: Amoonguss|Sitrus Berry|[eat]\n|-heal|p1a: Amoonguss|51\/100|[from] item: Sitrus Berry\n|-damage|p2b: Pauline!|0 fnt|[from] Recoil\n|faint|p2b: Pauline!\n|move|p1b: Arcanine|Flare Blitz|p2a: Fous\n|-crit|p2a: Fous\n|-damage|p2a: Fous|7\/100 slp\n|-damage|p1b: Arcanine|78\/100|[from] Recoil\n|\n|upkeep\n|\n|t:|1681827417\n|switch|p2b: Tranga Rugie|Flutter Mane, L50|100\/100\n|-enditem|p2b: Tranga Rugie|Booster Energy\n|-activate|p2b: Tranga Rugie|ability: Protosynthesis|[fromitem]\n|-start|p2b: Tranga Rugie|protosynthesisspa\n|turn|6\n|\n|t:|1681827430\n|switch|p1a: Ceruledge|Ceruledge, L50, F, shiny|100\/100\n|move|p2b: Tranga Rugie|Protect|p2b: Tranga Rugie\n|-singleturn|p2b: Tranga Rugie|Protect\n|move|p1b: Arcanine|Will-O-Wisp||[still]\n|-fail|p1b: Arcanine\n|cant|p2a: Fous|slp\n|\n|upkeep\n|turn|7\n|\n|t:|1681827444\n|-terastallize|p2b: Tranga Rugie|Fairy\n|-terastallize|p1a: Ceruledge|Grass\n|move|p2b: Tranga Rugie|Shadow Ball|p1a: Ceruledge\n|-damage|p1a: Ceruledge|64\/100\n|move|p1b: Arcanine|Flare Blitz|p2a: Fous\n|-damage|p2a: Fous|0 fnt\n|faint|p2a: Fous\n|-damage|p1b: Arcanine|75\/100|[from] Recoil\n|move|p1a: Ceruledge|Bulk Up|p1a: Ceruledge\n|-boost|p1a: Ceruledge|atk|1\n|-boost|p1a: Ceruledge|def|1\n|\n|upkeep\n|\n|t:|1681827453\n|switch|p2a: Appa|Rotom-Wash, L50|64\/100\n|turn|8\n|\n|t:|1681827460\n|switch|p1b: Amoonguss|Amoonguss, L50, F|84\/100\n|move|p2b: Tranga Rugie|Moonblast|p1a: Ceruledge\n|-damage|p1a: Ceruledge|0 fnt\n|faint|p1a: Ceruledge\n|move|p2a: Appa|Hydro Pump|p1b: Amoonguss\n|-resisted|p1b: Amoonguss\n|-crit|p1b: Amoonguss\n|-damage|p1b: Amoonguss|63\/100\n|\n|upkeep\n|\n|t:|1681827467\n|switch|p1a: Arcanine|Arcanine, L50, F|75\/100\n|-ability|p1a: Arcanine|Intimidate|boost\n|-unboost|p2a: Appa|atk|1\n|-unboost|p2b: Tranga Rugie|atk|1\n|turn|9\n|\n|t:|1681827479\n|move|p2b: Tranga Rugie|Shadow Ball|p1b: Amoonguss\n|-damage|p1b: Amoonguss|29\/100\n|move|p1a: Arcanine|Flare Blitz|p2a: Appa\n|-resisted|p2a: Appa\n|-damage|p2a: Appa|41\/100\n|-damage|p1a: Arcanine|69\/100|[from] Recoil\n|move|p2a: Appa|Thunderbolt|p1b: Amoonguss\n|-resisted|p1b: Amoonguss\n|-damage|p1b: Amoonguss|17\/100\n|move|p1b: Amoonguss|Pollen Puff|p1a: Arcanine\n|-heal|p1a: Arcanine|100\/100\n|\n|upkeep\n|turn|10\n|\n|t:|1681827497\n|move|p1b: Amoonguss|Protect|p1b: Amoonguss\n|-singleturn|p1b: Amoonguss|Protect\n|move|p2b: Tranga Rugie|Shadow Ball|p1b: Amoonguss\n|-activate|p1b: Amoonguss|move: Protect\n|move|p1a: Arcanine|Howl|p1a: Arcanine|[spread] p1a,p1b\n|-boost|p1a: Arcanine|atk|1\n|-boost|p1b: Amoonguss|atk|1\n|move|p2a: Appa|Hydro Pump|p1a: Arcanine\n|-supereffective|p1a: Arcanine\n|-damage|p1a: Arcanine|40\/100\n|\n|upkeep\n|turn|11\n|\n|t:|1681827520\n|move|p2b: Tranga Rugie|Protect|p2b: Tranga Rugie\n|-singleturn|p2b: Tranga Rugie|Protect\n|move|p1a: Arcanine|Flare Blitz|p2b: Tranga Rugie\n|-activate|p2b: Tranga Rugie|move: Protect\n|move|p2a: Appa|Hydro Pump|p1b: Amoonguss|[miss]\n|-miss|p2a: Appa|p1b: Amoonguss\n|move|p1b: Amoonguss|Spore|p2a: Appa\n|-status|p2a: Appa|slp|[from] move: Spore\n|\n|upkeep\n|turn|12\n|\n|t:|1681827543\n|move|p1a: Arcanine|Protect|p1a: Arcanine\n|-singleturn|p1a: Arcanine|Protect\n|move|p2b: Tranga Rugie|Shadow Ball|p1a: Arcanine\n|-activate|p1a: Arcanine|move: Protect\n|cant|p2a: Appa|slp\n|move|p1b: Amoonguss|Spore|p2b: Tranga Rugie\n|-status|p2b: Tranga Rugie|slp|[from] move: Spore\n|\n|upkeep\n|turn|13\n|\n|t:|1681827555\n|cant|p2b: Tranga Rugie|slp\n|move|p1a: Arcanine|Flare Blitz|p2b: Tranga Rugie\n|-damage|p2b: Tranga Rugie|0 fnt\n|faint|p2b: Tranga Rugie\n|-end|p2b: Tranga Rugie|Protosynthesis|[silent]\n|-damage|p1a: Arcanine|13\/100|[from] Recoil\n|-curestatus|p2a: Appa|slp|[msg]\n|move|p2a: Appa|Hydro Pump|p1b: Amoonguss\n|-resisted|p1b: Amoonguss\n|-damage|p1b: Amoonguss|3\/100\n|move|p1b: Amoonguss|Pollen Puff|p1a: Arcanine\n|-heal|p1a: Arcanine|63\/100\n|\n|upkeep\n|turn|14\n|c|\u2606I can't improve|:P\n|c|\u2606I can't improve|Ugh\n|c|\u2606Just_SamueIe|ush\n|\n|t:|1681827576\n|move|p1a: Arcanine|Protect|p1a: Arcanine\n|-singleturn|p1a: Arcanine|Protect\n|move|p1b: Amoonguss|Protect|p1b: Amoonguss\n|-singleturn|p1b: Amoonguss|Protect\n|move|p2a: Appa|Thunderbolt|p1b: Amoonguss\n|-activate|p1b: Amoonguss|move: Protect\n|\n|upkeep\n|turn|15\n|\n|t:|1681827590\n|move|p1a: Arcanine|Flare Blitz|p2a: Appa\n|-resisted|p2a: Appa\n|-damage|p2a: Appa|6\/100\n|-damage|p1a: Arcanine|54\/100|[from] Recoil\n|move|p2a: Appa|Hydro Pump|p1a: Arcanine\n|-supereffective|p1a: Arcanine\n|-damage|p1a: Arcanine|0 fnt\n|faint|p1a: Arcanine\n|move|p1b: Amoonguss|Spore|p2a: Appa\n|-status|p2a: Appa|slp|[from] move: Spore\n|\n|upkeep\n|turn|16\n|\n|t:|1681827603\n|cant|p2a: Appa|slp\n|move|p1b: Amoonguss|Pollen Puff|p2a: Appa\n|-damage|p2a: Appa|0 fnt\n|faint|p2a: Appa\n|\n|win|Just_SamueIe\n|raw|Just_SamueIe's rating: 1370 → 1394<\/strong> (+24 for winning)\n|raw|I can't improve's rating: 1436 → 1412<\/strong> (-24 for losing)\n|c|\u2606Just_SamueIe|gg :)\n","uploadtime":1681827613,"views":6,"p1id":"justsamueie","p2id":"icantimprove","formatid":"gen9vgc2023regulationc","rating":1394,"private":0,"password":""}