{"id":"gen9vgc2023regulationc-1858389560","p1":"knowking Trump","p2":"CGVenaKrA","format":"[Gen 9] VGC 2023 Regulation C","log":"|j|\u2606knowking Trump\n|j|\u203dCGVenaKrA\n|t:|1683307828\n|gametype|doubles\n|player|p1|knowking Trump|rosa|1583\n|player|p2|CGVenaKrA|elesa|1699\n|teamsize|p1|6\n|teamsize|p2|6\n|gen|9\n|tier|[Gen 9] VGC 2023 Regulation C\n|rated|\n|rule|Species Clause: Limit one of each Pok\u00e9mon\n|rule|Item Clause: Limit one of each item\n|clearpoke\n|poke|p1|Chien-Pao, L50|\n|poke|p1|Dragonite, L50, F|\n|poke|p1|Ting-Lu, L50|\n|poke|p1|Gyarados, L50, F|\n|poke|p1|Flutter Mane, L50|\n|poke|p1|Amoonguss, L50, F|\n|poke|p2|Chien-Pao, L50|\n|poke|p2|Ting-Lu, L50|\n|poke|p2|Amoonguss, L50, M|\n|poke|p2|Arcanine, L50, M|\n|poke|p2|Azumarill, L50, M|\n|poke|p2|Rotom-Wash, L50|\n|teampreview|4\n|inactive|Battle timer is ON: inactive players will automatically lose when time's up. (requested by CGVenaKrA)\n|\n|t:|1683307855\n|start\n|switch|p1a: Dragonite|Dragonite, L50, F|100\/100\n|switch|p1b: Gyarados|Gyarados, L50, F|100\/100\n|switch|p2a: Rotom|Rotom-Wash, L50|100\/100\n|switch|p2b: Arcanine|Arcanine, L50, M|100\/100\n|-ability|p1b: Gyarados|Intimidate|boost\n|-unboost|p2a: Rotom|atk|1\n|-unboost|p2b: Arcanine|atk|1\n|-ability|p2b: Arcanine|Intimidate|boost\n|-fail|p1a: Dragonite|unboost|Attack|[from] ability: Inner Focus|[of] p1a: Dragonite\n|-unboost|p1b: Gyarados|atk|1\n|turn|1\n|inactive|knowking Trump has 30 seconds left.\n|inactive|knowking Trump has 20 seconds left.\n|inactive|knowking Trump has 15 seconds left.\n|inactive|knowking Trump has 10 seconds left.\n|inactive|knowking Trump has 5 seconds left.\n|\n|t:|1683307905\n|-terastallize|p1a: Dragonite|Normal\n|move|p1a: Dragonite|Extreme Speed|p2a: Rotom\n|-damage|p2a: Rotom|41\/100\n|-damage|p1a: Dragonite|84\/100|[from] item: Rocky Helmet|[of] p2a: Rotom\n|move|p1b: Gyarados|Taunt|p2b: Arcanine\n|-start|p2b: Arcanine|move: Taunt\n|cant|p2b: Arcanine|move: Taunt|Will-O-Wisp\n|move|p2a: Rotom|Volt Switch|p1b: Gyarados\n|-supereffective|p1b: Gyarados\n|-damage|p1b: Gyarados|0 fnt\n|faint|p1b: Gyarados\n|\n|t:|1683307922\n|switch|p2a: Chien-Pao|Chien-Pao, L50|100\/100|[from] Volt Switch\n|-ability|p2a: Chien-Pao|Sword of Ruin\n|\n|upkeep\n|\n|t:|1683307930\n|switch|p1b: Chien-Pao|Chien-Pao, L50|100\/100\n|-ability|p1b: Chien-Pao|Sword of Ruin\n|turn|2\n|\n|t:|1683307946\n|switch|p2b: Rotom|Rotom-Wash, L50|41\/100\n|switch|p1a: Flutter Mane|Flutter Mane, L50|100\/100\n|move|p2a: Chien-Pao|Protect|p2a: Chien-Pao\n|-singleturn|p2a: Chien-Pao|Protect\n|move|p1b: Chien-Pao|Sacred Sword|p2a: Chien-Pao\n|-activate|p2a: Chien-Pao|move: Protect\n|\n|upkeep\n|turn|3\n|\n|t:|1683307958\n|-terastallize|p2a: Chien-Pao|Dark\n|move|p2a: Chien-Pao|Sucker Punch|p1a: Flutter Mane\n|-damage|p1a: Flutter Mane|0 fnt\n|faint|p1a: Flutter Mane\n|-end|p1a: Flutter Mane|Protosynthesis|[silent]\n|-damage|p2a: Chien-Pao|91\/100|[from] item: Life Orb\n|move|p1b: Chien-Pao|Sacred Sword|p2a: Chien-Pao\n|-supereffective|p2a: Chien-Pao\n|-damage|p2a: Chien-Pao|16\/100\n|move|p2b: Rotom|Will-O-Wisp|p1b: Chien-Pao\n|-status|p1b: Chien-Pao|brn\n|\n|-damage|p1b: Chien-Pao|95\/100 brn|[from] brn\n|upkeep\n|\n|t:|1683307970\n|switch|p1a: Dragonite|Dragonite, L50, F, tera:Normal|84\/100\n|turn|4\n|\n|t:|1683307983\n|switch|p2a: Arcanine|Arcanine, L50, M|100\/100\n|-ability|p2a: Arcanine|Intimidate|boost\n|-fail|p1a: Dragonite|unboost|Attack|[from] ability: Inner Focus|[of] p1a: Dragonite\n|-unboost|p1b: Chien-Pao|atk|1\n|move|p1a: Dragonite|Extreme Speed|p2b: Rotom\n|-damage|p2b: Rotom|0 fnt\n|-damage|p1a: Dragonite|67\/100|[from] item: Rocky Helmet|[of] p2b: Rotom\n|faint|p2b: Rotom\n|move|p1b: Chien-Pao|Sacred Sword|p2a: Arcanine\n|-damage|p2a: Arcanine|87\/100\n|\n|-damage|p1b: Chien-Pao|89\/100 brn|[from] brn\n|upkeep\n|\n|t:|1683307997\n|switch|p2b: Amoonguss|Amoonguss, L50, M|100\/100\n|turn|5\n|inactive|knowking Trump has 30 seconds left.\n|\n|t:|1683308027\n|move|p1a: Dragonite|Extreme Speed|p2b: Amoonguss\n|-damage|p2b: Amoonguss|29\/100\n|-enditem|p2b: Amoonguss|Sitrus Berry|[eat]\n|-heal|p2b: Amoonguss|54\/100|[from] item: Sitrus Berry\n|move|p1b: Chien-Pao|Ice Spinner|p2b: Amoonguss\n|-supereffective|p2b: Amoonguss\n|-damage|p2b: Amoonguss|26\/100\n|move|p2a: Arcanine|Will-O-Wisp|p1a: Dragonite\n|-status|p1a: Dragonite|brn\n|move|p2b: Amoonguss|Pollen Puff|p2a: Arcanine\n|-heal|p2a: Arcanine|100\/100\n|\n|-damage|p1b: Chien-Pao|83\/100 brn|[from] brn\n|-damage|p1a: Dragonite|61\/100 brn|[from] brn\n|upkeep\n|turn|6\n|j| Sauromon\n|inactive|knowking Trump has 30 seconds left.\n|inactive|knowking Trump has 20 seconds left.\n|inactive|CGVenaKrA has 30 seconds left.\n|inactive|knowking Trump has 15 seconds left.\n|inactive|knowking Trump has 10 seconds left.\n|inactive|knowking Trump has 5 seconds left.\n|\n|t:|1683308082\n|move|p2b: Amoonguss|Protect|p2b: Amoonguss\n|-singleturn|p2b: Amoonguss|Protect\n|move|p1a: Dragonite|Extreme Speed|p2b: Amoonguss\n|-activate|p2b: Amoonguss|move: Protect\n|move|p1b: Chien-Pao|Sucker Punch||[still]\n|-fail|p1b: Chien-Pao\n|move|p2a: Arcanine|Flare Blitz|p1b: Chien-Pao\n|-supereffective|p1b: Chien-Pao\n|-damage|p1b: Chien-Pao|0 fnt\n|faint|p1b: Chien-Pao\n|-damage|p2a: Arcanine|78\/100|[from] Recoil\n|\n|-damage|p1a: Dragonite|55\/100 brn|[from] brn\n|upkeep\n|turn|7\n|inactive|knowking Trump has 30 seconds left.\n|inactive|knowking Trump has 20 seconds left.\n|inactive|knowking Trump has 15 seconds left.\n|inactive|knowking Trump has 10 seconds left.\n|inactive|knowking Trump has 5 seconds left.\n|\n|t:|1683308137\n|move|p1a: Dragonite|Extreme Speed|p2a: Arcanine\n|-damage|p2a: Arcanine|40\/100\n|move|p2a: Arcanine|Flare Blitz|p1a: Dragonite\n|-damage|p1a: Dragonite|0 fnt\n|faint|p1a: Dragonite\n|-damage|p2a: Arcanine|21\/100|[from] Recoil\n|\n|win|CGVenaKrA\n|raw|knowking Trump's rating: 1583 → 1569<\/strong> (-14 for losing)\n|raw|CGVenaKrA's rating: 1699 → 1713<\/strong> (+14 for winning)\n","uploadtime":1683308187,"views":11,"p1id":"knowkingtrump","p2id":"cgvenakra","formatid":"gen9vgc2023regulationc","rating":1569,"private":0,"password":""}