{"id":"gen9vgc2023regulationc-1857339526","p1":"MadMax0229","p2":"Maarian","format":"[Gen 9] VGC 2023 Regulation C","log":"|j|\u2606MadMax0229\n|j|\u2606Maarian\n|t:|1683176014\n|gametype|doubles\n|player|p1|MadMax0229|pokemaniac|\n|player|p2|Maarian|dawn|\n|teamsize|p1|6\n|teamsize|p2|6\n|gen|9\n|tier|[Gen 9] VGC 2023 Regulation C\n|rule|Species Clause: Limit one of each Pok\u00e9mon\n|rule|Item Clause: Limit one of each item\n|clearpoke\n|poke|p1|Flutter Mane, L50|\n|poke|p1|Chi-Yu, L50|\n|poke|p1|Ting-Lu, L50|\n|poke|p1|Gyarados, L50, M|\n|poke|p1|Iron Hands, L50|\n|poke|p1|Amoonguss, L50, M|\n|poke|p2|Roaring Moon, L50|\n|poke|p2|Flutter Mane, L50|\n|poke|p2|Palafin, L50, M|\n|poke|p2|Arcanine, L50, F|\n|poke|p2|Amoonguss, L50, M|\n|poke|p2|Iron Hands, L50|\n|teampreview|4\nMaarian has agreed to open team sheets.\n|j| Pumitaa\n|j| warux0r\n|\n|t:|1683176048\n|start\n|switch|p1a: Amoonguss|Amoonguss, L50, M|100\/100\n|switch|p1b: Chi-Yu|Chi-Yu, L50|100\/100\n|switch|p2a: Palafin|Palafin, L50, M, shiny|100\/100\n|switch|p2b: Amoonguss|Amoonguss, L50, M|100\/100\n|-ability|p1b: Chi-Yu|Beads of Ruin\n|turn|1\n|c|\u2606Maarian|no me aceptaste la sheet\n|c|\u2606Maarian|creo q tenia overheat\n|c|\u2606Maarian|si tiene overheat bien jaja\n|c| Pumitaa|me siento como: me invito un amigo\n|\n|t:|1683176074\n|switch|p1b: Gyarados|Gyarados, L50, M|100\/100\n|-ability|p1b: Gyarados|Intimidate|boost\n|-unboost|p2a: Palafin|atk|1\n|-unboost|p2b: Amoonguss|atk|1\n|move|p2a: Palafin|Protect|p2a: Palafin\n|-singleturn|p2a: Palafin|Protect\n|move|p2b: Amoonguss|Protect|p2b: Amoonguss\n|-singleturn|p2b: Amoonguss|Protect\n|move|p1a: Amoonguss|Spore|p2a: Palafin\n|-activate|p2a: Palafin|move: Protect\n|\n|upkeep\n|turn|2\n|\n|t:|1683176099\n|switch|p2b: Iron Hands|Iron Hands, L50|100\/100\n|move|p2a: Palafin|Substitute|p2a: Palafin\n|-start|p2a: Palafin|Substitute\n|-damage|p2a: Palafin|76\/100\n|move|p1b: Gyarados|Waterfall|p2a: Palafin\n|-resisted|p2a: Palafin\n|-activate|p2a: Palafin|move: Substitute|[damage]\n|move|p1a: Amoonguss|Spore||[still]\n|-fail|p1a: Amoonguss\n|\n|upkeep\n|turn|3\n|\n|t:|1683176122\n|detailschange|p2a: Palafin|Palafin-Hero, L50, M, shiny\n|switch|p2a: Flutter Mane|Flutter Mane, L50, shiny|100\/100\n|switch|p1b: Iron Hands|Iron Hands, L50|100\/100\n|move|p2b: Iron Hands|Fake Out|p1a: Amoonguss\n|-damage|p1a: Amoonguss|88\/100\n|cant|p1a: Amoonguss|flinch\n|\n|upkeep\n|turn|4\n|\n|t:|1683176144\n|-terastallize|p2b: Iron Hands|Grass\n|move|p2a: Flutter Mane|Dazzling Gleam|p1a: Amoonguss|[spread] p1a,p1b\n|-resisted|p1a: Amoonguss\n|-supereffective|p1b: Iron Hands\n|-damage|p1a: Amoonguss|67\/100\n|-damage|p1b: Iron Hands|49\/100\n|move|p1b: Iron Hands|Volt Switch|p2b: Iron Hands\n|-resisted|p2b: Iron Hands\n|-damage|p2b: Iron Hands|98\/100\n|\n|t:|1683176154\n|-end|p1b: Iron Hands|Quark Drive|[silent]\n|switch|p1b: Chi-Yu|Chi-Yu, L50|100\/100|[from] Volt Switch\n|-ability|p1b: Chi-Yu|Beads of Ruin\n|move|p2b: Iron Hands|Drain Punch|p1b: Chi-Yu\n|-supereffective|p1b: Chi-Yu\n|-damage|p1b: Chi-Yu|0 fnt\n|-heal|p2b: Iron Hands|100\/100|[from] drain|[of] p1b: Chi-Yu\n|faint|p1b: Chi-Yu\n|move|p1a: Amoonguss|Spore|p2b: Iron Hands\n|-immune|p2b: Iron Hands\n|\n|upkeep\n|c| warux0r|ggs\n|\n|t:|1683176171\n|switch|p1b: Gyarados|Gyarados, L50, M|100\/100\n|-ability|p1b: Gyarados|Intimidate|boost\n|-unboost|p2a: Flutter Mane|atk|1\n|-unboost|p2b: Iron Hands|atk|1\n|turn|5\n|c|\u2606Maarian|nah si se vienen los 50 sleep turns ahora\n|c|\u2606Maarian|y no me acuerdo si el gyara tiene prote\n|c|\u2606Maarian|ni el tera\n|c|\u2606Maarian|jaja\n|\n|t:|1683176196\n|-terastallize|p1b: Gyarados|Poison\n|move|p2a: Flutter Mane|Dazzling Gleam|p1b: Gyarados|[spread] p1a,p1b\n|-resisted|p1a: Amoonguss\n|-resisted|p1b: Gyarados\n|-damage|p1a: Amoonguss|46\/100\n|-damage|p1b: Gyarados|84\/100\n|-enditem|p1a: Amoonguss|Sitrus Berry|[eat]\n|-heal|p1a: Amoonguss|70\/100|[from] item: Sitrus Berry\n|move|p1b: Gyarados|Iron Head|p2a: Flutter Mane\n|-supereffective|p2a: Flutter Mane\n|-damage|p2a: Flutter Mane|27\/100\n|move|p2b: Iron Hands|Wild Charge|p1b: Gyarados\n|-damage|p1b: Gyarados|47\/100\n|-damage|p2b: Iron Hands|93\/100|[from] Recoil\n|move|p1a: Amoonguss|Spore|p2a: Flutter Mane\n|-status|p2a: Flutter Mane|slp|[from] move: Spore\n|\n|upkeep\n|turn|6\n|c| warux0r|gana solo el hands amigo\n|c| Pumitaa|que buen poke el manotas\n|\n|t:|1683176247\n|cant|p2a: Flutter Mane|slp\n|move|p1b: Gyarados|Iron Head|p2a: Flutter Mane\n|-supereffective|p2a: Flutter Mane\n|-damage|p2a: Flutter Mane|0 fnt\n|faint|p2a: Flutter Mane\n|-end|p2a: Flutter Mane|Protosynthesis|[silent]\n|move|p2b: Iron Hands|Wild Charge|p1b: Gyarados\n|-damage|p1b: Gyarados|12\/100\n|-damage|p2b: Iron Hands|86\/100|[from] Recoil\n|move|p1a: Amoonguss|Pollen Puff|p1b: Gyarados\n|-heal|p1b: Gyarados|62\/100\n|\n|upkeep\n|\n|t:|1683176260\n|switch|p2a: Palafin|Palafin-Hero, L50, M, shiny|76\/100\n|-activate|p2a: Palafin|ability: Zero to Hero\n|turn|7\n|\n|t:|1683176267\n|switch|p1b: Iron Hands|Iron Hands, L50|49\/100\n|move|p2a: Palafin|Substitute|p2a: Palafin\n|-start|p2a: Palafin|Substitute\n|-damage|p2a: Palafin|51\/100\n|move|p2b: Iron Hands|Wild Charge|p1b: Iron Hands\n|-resisted|p1b: Iron Hands\n|-damage|p1b: Iron Hands|37\/100\n|-damage|p2b: Iron Hands|82\/100|[from] Recoil\n|move|p1a: Amoonguss|Spore||[still]\n|-fail|p1a: Amoonguss\n|\n|upkeep\n|turn|8\n|\n|t:|1683176295\n|-end|p2b: Iron Hands|Quark Drive|[silent]\n|switch|p2b: Amoonguss|Amoonguss, L50, M|100\/100\n|move|p1a: Amoonguss|Rage Powder|p1a: Amoonguss\n|-singleturn|p1a: Amoonguss|move: Rage Powder\n|move|p2a: Palafin|Wave Crash|p1a: Amoonguss\n|-resisted|p1a: Amoonguss\n|-damage|p1a: Amoonguss|35\/100\n|-damage|p2a: Palafin|37\/100|[from] Recoil\n|move|p1b: Iron Hands|Volt Switch|p2a: Palafin\n|-supereffective|p2a: Palafin\n|-end|p2a: Palafin|Substitute\n|\n|t:|1683176308\n|-end|p1b: Iron Hands|Quark Drive|[silent]\n|switch|p1b: Gyarados|Gyarados, L50, M, tera:Poison|62\/100|[from] Volt Switch\n|-ability|p1b: Gyarados|Intimidate|boost\n|-unboost|p2a: Palafin|atk|1\n|-unboost|p2b: Amoonguss|atk|1\n|\n|upkeep\n|turn|9\n|\n|t:|1683176332\n|switch|p1a: Iron Hands|Iron Hands, L50|37\/100\n|move|p2a: Palafin|Substitute|p2a: Palafin\n|-start|p2a: Palafin|Substitute\n|-damage|p2a: Palafin|12\/100\n|move|p1b: Gyarados|Thunder Wave||[still]\n|-fail|p1b: Gyarados\n|move|p2b: Amoonguss|Pollen Puff|p2a: Palafin\n|-heal|p2a: Palafin|62\/100\n|\n|upkeep\n|turn|10\n|\n|t:|1683176346\n|switch|p1b: Amoonguss|Amoonguss, L50, M|68\/100\n|switch|p2b: Iron Hands|Iron Hands, L50, tera:Grass|82\/100\n|move|p2a: Palafin|Protect|p2a: Palafin\n|-singleturn|p2a: Palafin|Protect\n|move|p1a: Iron Hands|Volt Switch|p2a: Palafin\n|-activate|p2a: Palafin|move: Protect\n|\n|upkeep\n|turn|11\n|\n|t:|1683176362\n|move|p2b: Iron Hands|Fake Out|p1b: Amoonguss\n|-damage|p1b: Amoonguss|56\/100\n|move|p2a: Palafin|Wave Crash|p1a: Iron Hands\n|-damage|p1a: Iron Hands|0 fnt\n|faint|p1a: Iron Hands\n|-end|p1a: Iron Hands|Quark Drive|[silent]\n|-damage|p2a: Palafin|47\/100|[from] Recoil\n|cant|p1b: Amoonguss|flinch\n|\n|upkeep\n|\n|t:|1683176372\n|switch|p1a: Gyarados|Gyarados, L50, M, tera:Poison|62\/100\n|-ability|p1a: Gyarados|Intimidate|boost\n|-immune|p2a: Palafin\n|-unboost|p2b: Iron Hands|atk|1\n|turn|12\n|c|\u2606MadMax0229|Gg marian buenos juegos\n|-message|MadMax0229 forfeited.\n|\n|win|Maarian\n|c|\u2606Maarian|gg amigo\n|l| warux0r\n|c| Pumitaa|Hagan top cut forros (?\n|c|\u2606Maarian|en el premier de la semana que viene capaz jaja\n|c|\u2606Maarian|en el side event (?\n|l|\u2606MadMax0229\n|l|\u2606Maarian\n|c| Pumitaa|:\/\n","uploadtime":1683176485,"views":10,"p1id":"madmax0229","p2id":"maarian","formatid":"gen9vgc2023regulationc","rating":0,"private":0,"password":""}