{"id":"gen9vgc2023regulationc-1861468133","p1":"menke","p2":"StormBirdAR!081","format":"[Gen 9] VGC 2023 Regulation C","log":"|j|\u2606menke\n|j|\u2606StormBirdAR!081\n|t:|1683761553\n|gametype|doubles\n|player|p1|menke|102|1034\n|player|p2|StormBirdAR!081|170|1092\n|teamsize|p1|6\n|teamsize|p2|6\n|gen|9\n|tier|[Gen 9] VGC 2023 Regulation C\n|rated|\n|rule|Species Clause: Limit one of each Pok\u00e9mon\n|rule|Item Clause: Limit one of each item\n|clearpoke\n|poke|p1|Tyranitar, L50, F|\n|poke|p1|Great Tusk, L50|\n|poke|p1|Flutter Mane, L50|\n|poke|p1|Wo-Chien, L50|\n|poke|p1|Rotom-Wash, L50|\n|poke|p1|Gyarados, L50, F|\n|poke|p2|Scovillain, L50, M|\n|poke|p2|Baxcalibur, L50, F|\n|poke|p2|Scizor, L50, M|\n|poke|p2|Salamence, L50, F|\n|poke|p2|Rotom-Wash, L50|\n|poke|p2|Torkoal, L50, F|\n|teampreview|4\nStormBirdAR!081 has agreed to open team sheets.\n|\n|t:|1683761622\n|start\n|switch|p1a: Gyarados|Gyarados, L50, F|100\/100\n|switch|p1b: Wo-Chien|Wo-Chien, L50|100\/100\n|switch|p2a: Torkoal|Torkoal, L50, F|100\/100\n|switch|p2b: Scovillain|Scovillain, L50, M|100\/100\n|-ability|p1a: Gyarados|Intimidate|boost\n|-unboost|p2a: Torkoal|atk|1\n|-unboost|p2b: Scovillain|atk|1\n|-enditem|p2b: Scovillain|White Herb\n|-clearnegativeboost|p2b: Scovillain|[silent]\n|-ability|p1b: Wo-Chien|Tablets of Ruin\n|-weather|SunnyDay|[from] ability: Drought|[of] p2a: Torkoal\n|turn|1\n|\n|t:|1683761665\n|-terastallize|p2b: Scovillain|Fighting\n|move|p1b: Wo-Chien|Protect|p1b: Wo-Chien\n|-singleturn|p1b: Wo-Chien|Protect\n|move|p2b: Scovillain|Overheat|p1b: Wo-Chien\n|-activate|p1b: Wo-Chien|move: Protect\n|move|p1a: Gyarados|Waterfall|p2a: Torkoal\n|-supereffective|p2a: Torkoal\n|-damage|p2a: Torkoal|82\/100\n|move|p2a: Torkoal|Ancient Power|p1a: Gyarados\n|-supereffective|p1a: Gyarados\n|-damage|p1a: Gyarados|59\/100\n|-damage|p2a: Torkoal|73\/100|[from] item: Life Orb\n|\n|-weather|SunnyDay|[upkeep]\n|upkeep\n|turn|2\n|inactive|Battle timer is ON: inactive players will automatically lose when time's up. (requested by StormBirdAR!081)\n|\n|t:|1683761715\n|switch|p1b: Great Tusk|Great Tusk, L50|100\/100\n|-activate|p1b: Great Tusk|ability: Protosynthesis\n|-start|p1b: Great Tusk|protosynthesisatk\n|move|p2b: Scovillain|Tera Blast|p1b: Great Tusk\n|-damage|p1b: Great Tusk|43\/100\n|move|p1a: Gyarados|Icy Wind|p2b: Scovillain|[spread] p2a,p2b\n|-resisted|p2a: Torkoal\n|-damage|p2a: Torkoal|69\/100\n|-damage|p2b: Scovillain|91\/100\n|-unboost|p2a: Torkoal|spe|1\n|-unboost|p2b: Scovillain|spe|1\n|move|p2a: Torkoal|Eruption|p1b: Great Tusk|[spread] p1a,p1b\n|-resisted|p1a: Gyarados\n|-damage|p1a: Gyarados|31\/100\n|-damage|p1b: Great Tusk|0 fnt\n|-enditem|p1a: Gyarados|Sitrus Berry|[eat]\n|-heal|p1a: Gyarados|56\/100|[from] item: Sitrus Berry\n|faint|p1b: Great Tusk\n|-end|p1b: Great Tusk|Protosynthesis|[silent]\n|-damage|p2a: Torkoal|59\/100|[from] item: Life Orb\n|\n|-weather|SunnyDay|[upkeep]\n|upkeep\n|\n|t:|1683761737\n|switch|p1b: Tyranitar|Tyranitar, L50, F|100\/100\n|-weather|Sandstorm|[from] ability: Sand Stream|[of] p1b: Tyranitar\n|turn|3\n|\n|t:|1683761748\n|switch|p2a: Rotom|Rotom-Wash, L50|100\/100\n|move|p1a: Gyarados|Icy Wind|p2a: Rotom|[spread] p2a,p2b\n|-resisted|p2a: Rotom\n|-damage|p2a: Rotom|98\/100\n|-damage|p2b: Scovillain|81\/100\n|-unboost|p2a: Rotom|spe|1\n|-unboost|p2b: Scovillain|spe|1\n|move|p1b: Tyranitar|Earthquake|p2a: Rotom|[spread] p2b\n|-immune|p1a: Gyarados\n|-immune|p2a: Rotom|[from] ability: Levitate\n|-damage|p2b: Scovillain|5\/100\n|move|p2b: Scovillain|Tera Blast|p1b: Tyranitar\n|-supereffective|p1b: Tyranitar\n|-damage|p1b: Tyranitar|3\/100\n|\n|-weather|Sandstorm|[upkeep]\n|-damage|p1a: Gyarados|50\/100|[from] Sandstorm\n|-damage|p2b: Scovillain|0 fnt|[from] Sandstorm\n|faint|p2b: Scovillain\n|upkeep\n|\n|t:|1683761767\n|switch|p2b: Torkoal|Torkoal, L50, F|59\/100\n|-weather|SunnyDay|[from] ability: Drought|[of] p2b: Torkoal\n|turn|4\n|inactive|StormBirdAR!081 has 30 seconds left.\n|\n|t:|1683761793\n|move|p1a: Gyarados|Icy Wind|p2a: Rotom|[spread] p2a,p2b\n|-resisted|p2a: Rotom\n|-crit|p2a: Rotom\n|-resisted|p2b: Torkoal\n|-damage|p2a: Rotom|93\/100\n|-damage|p2b: Torkoal|56\/100\n|-unboost|p2a: Rotom|spe|1\n|-unboost|p2b: Torkoal|spe|1\n|move|p1b: Tyranitar|Earthquake|p2a: Rotom|[spread] p2b\n|-immune|p1a: Gyarados\n|-immune|p2a: Rotom|[from] ability: Levitate\n|-supereffective|p2b: Torkoal\n|-damage|p2b: Torkoal|0 fnt\n|faint|p2b: Torkoal\n|move|p2a: Rotom|Discharge|p1a: Gyarados|[spread] p1a,p1b\n|-supereffective|p1a: Gyarados\n|-crit|p1b: Tyranitar\n|-damage|p1a: Gyarados|0 fnt\n|-damage|p1b: Tyranitar|0 fnt\n|faint|p1a: Gyarados\n|faint|p1b: Tyranitar\n|\n|-weather|SunnyDay|[upkeep]\n|upkeep\n|inactive|menke has 30 seconds left.\n|\n|t:|1683761827\n|switch|p1a: Wo-Chien|Wo-Chien, L50|100\/100\n|switch|p2b: Scizor|Scizor, L50, M|100\/100\n|-ability|p1a: Wo-Chien|Tablets of Ruin\n|turn|5\n|\n|t:|1683761842\n|-terastallize|p1a: Wo-Chien|Water\n|move|p1a: Wo-Chien|Foul Play|p2b: Scizor\n|-damage|p2b: Scizor|49\/100\n|move|p2b: Scizor|Swords Dance|p2b: Scizor\n|-boost|p2b: Scizor|atk|2\n|move|p2a: Rotom|Light Screen|p2a: Rotom\n|-sidestart|p2: StormBirdAR!081|move: Light Screen\n|\n|-weather|SunnyDay|[upkeep]\n|upkeep\n|turn|6\n|\n|t:|1683761859\n|move|p2b: Scizor|Protect|p2b: Scizor\n|-singleturn|p2b: Scizor|Protect\n|move|p1a: Wo-Chien|Foul Play|p2b: Scizor\n|-activate|p2b: Scizor|move: Protect\n|move|p2a: Rotom|Charge|p2a: Rotom\n|-boost|p2a: Rotom|spd|1\n|-start|p2a: Rotom|Charge\n|\n|-weather|SunnyDay|[upkeep]\n|upkeep\n|turn|7\n|\n|t:|1683761872\n|move|p2b: Scizor|Bullet Punch|p1a: Wo-Chien\n|-resisted|p1a: Wo-Chien\n|-damage|p1a: Wo-Chien|78\/100\n|move|p1a: Wo-Chien|Foul Play|p2b: Scizor\n|-damage|p2b: Scizor|0 fnt\n|faint|p2b: Scizor\n|move|p2a: Rotom|Discharge|p1a: Wo-Chien\n|-supereffective|p1a: Wo-Chien\n|-damage|p1a: Wo-Chien|0 fnt\n|faint|p1a: Wo-Chien\n|-end|p2a: Rotom|Charge|[silent]\n|\n|win|StormBirdAR!081\n|raw|menke's rating: 1034 → 1021<\/strong> (-13 for losing)\n|raw|StormBirdAR!081's rating: 1092 → 1114<\/strong> (+22 for winning)\n|l|\u2606menke\n|c|\u2606StormBirdAR!081|Gg\n","uploadtime":1683761897,"views":11,"p1id":"menke","p2id":"stormbirdar081","formatid":"gen9vgc2023regulationc","rating":1021,"private":0,"password":""}