{"id":"gen9vgc2023regulationc-1851618650","p1":"Krib_Underscore","p2":"lothlorien2000","format":"[Gen 9] VGC 2023 Regulation C","log":"|j|\u2606Krib_Underscore\n|j|\u2606lothlorien2000\n|t:|1682461880\n|gametype|doubles\n|player|p1|Krib_Underscore|benga|1164\n|player|p2|lothlorien2000|steven|1244\n|teamsize|p1|6\n|teamsize|p2|6\n|gen|9\n|tier|[Gen 9] VGC 2023 Regulation C\n|rated|\n|rule|Species Clause: Limit one of each Pok\u00e9mon\n|rule|Item Clause: Limit one of each item\n|clearpoke\n|poke|p1|Armarouge, L50, M|\n|poke|p1|Indeedee-F, L50, F|\n|poke|p1|Great Tusk, L50|\n|poke|p1|Corviknight, L50, M|\n|poke|p1|Iron Bundle, L50|\n|poke|p1|Roaring Moon, L50|\n|poke|p2|Palafin, L50, M|\n|poke|p2|Lokix, L50, F|\n|poke|p2|Chien-Pao, L50|\n|poke|p2|Chi-Yu, L50|\n|poke|p2|Breloom, L50, M|\n|poke|p2|Iron Bundle, L50|\n|teampreview|4\nKrib_Underscore has agreed to open team sheets.\n|\n|t:|1682461940\n|start\n|switch|p1a: HoHoHomicide|Iron Bundle, L50|100\/100\n|switch|p1b: Taxi Service|Corviknight, L50, M, shiny|100\/100\n|switch|p2a: Chi-Yu|Chi-Yu, L50|100\/100\n|switch|p2b: Iron Bundle|Iron Bundle, L50|100\/100\n|-ability|p2a: Chi-Yu|Beads of Ruin\n|-enditem|p2b: Iron Bundle|Booster Energy\n|-activate|p2b: Iron Bundle|ability: Quark Drive|[fromitem]\n|-start|p2b: Iron Bundle|quarkdrivespe\n|turn|1\n|\n|t:|1682461968\n|switch|p1b: Big Horns|Great Tusk, L50|100\/100\n|move|p1a: HoHoHomicide|Protect|p1a: HoHoHomicide\n|-singleturn|p1a: HoHoHomicide|Protect\n|move|p2b: Iron Bundle|Icy Wind|p1b: Big Horns|[spread] p1b\n|-activate|p1a: HoHoHomicide|move: Protect\n|-supereffective|p1b: Big Horns\n|-damage|p1b: Big Horns|49\/100\n|-unboost|p1b: Big Horns|spe|1\n|move|p2a: Chi-Yu|Heat Wave|p1a: HoHoHomicide|[spread] p1b\n|-activate|p1a: HoHoHomicide|move: Protect\n|-damage|p1b: Big Horns|9\/100\n|\n|upkeep\n|turn|2\n|\n|t:|1682461994\n|move|p2b: Iron Bundle|Icy Wind|p1b: Big Horns|[spread] p1a,p1b\n|-resisted|p1a: HoHoHomicide\n|-supereffective|p1b: Big Horns\n|-damage|p1a: HoHoHomicide|87\/100\n|-damage|p1b: Big Horns|0 fnt\n|-unboost|p1a: HoHoHomicide|spe|1\n|faint|p1b: Big Horns\n|-end|p1b: Big Horns|Protosynthesis|[silent]\n|move|p2a: Chi-Yu|Heat Wave|p1a: HoHoHomicide\n|-damage|p1a: HoHoHomicide|0 fnt\n|faint|p1a: HoHoHomicide\n|-end|p1a: HoHoHomicide|Quark Drive|[silent]\n|\n|upkeep\n|\n|t:|1682462002\n|switch|p1a: Knockoff Mega|Roaring Moon, L50|100\/100\n|switch|p1b: Taxi Service|Corviknight, L50, M, shiny|100\/100\n|-enditem|p1a: Knockoff Mega|Booster Energy\n|-activate|p1a: Knockoff Mega|ability: Protosynthesis|[fromitem]\n|-start|p1a: Knockoff Mega|protosynthesisatk\n|turn|3\n|\n|t:|1682462025\n|-terastallize|p1b: Taxi Service|Dragon\n|move|p1a: Knockoff Mega|Protect|p1a: Knockoff Mega\n|-singleturn|p1a: Knockoff Mega|Protect\n|move|p2b: Iron Bundle|Freeze-Dry|p1a: Knockoff Mega\n|-activate|p1a: Knockoff Mega|move: Protect\n|move|p2a: Chi-Yu|Heat Wave|p1b: Taxi Service|[spread] p1b\n|-activate|p1a: Knockoff Mega|move: Protect\n|-resisted|p1b: Taxi Service\n|-damage|p1b: Taxi Service|73\/100\n|move|p1b: Taxi Service|Tailwind|p1b: Taxi Service\n|-sidestart|p1: Krib_Underscore|move: Tailwind\n|\n|upkeep\n|turn|4\n|\n|t:|1682462063\n|move|p1a: Knockoff Mega|Dragon Claw|p2b: Iron Bundle\n|-damage|p2b: Iron Bundle|32\/100\n|move|p2b: Iron Bundle|Freeze-Dry|p1b: Taxi Service\n|-supereffective|p1b: Taxi Service\n|-damage|p1b: Taxi Service|0 fnt\n|faint|p1b: Taxi Service\n|move|p2a: Chi-Yu|Heat Wave|p1a: Knockoff Mega\n|-resisted|p1a: Knockoff Mega\n|-damage|p1a: Knockoff Mega|64\/100\n|\n|upkeep\n|turn|5\n|\n|t:|1682462083\n|move|p1a: Knockoff Mega|Dragon Claw|p2b: Iron Bundle\n|-damage|p2b: Iron Bundle|0 fnt\n|faint|p2b: Iron Bundle\n|-end|p2b: Iron Bundle|Quark Drive|[silent]\n|move|p2a: Chi-Yu|Dark Pulse|p1a: Knockoff Mega\n|-resisted|p1a: Knockoff Mega\n|-damage|p1a: Knockoff Mega|34\/100\n|\n|upkeep\n|\n|t:|1682462090\n|switch|p2b: Palafin|Palafin, L50, M|100\/100\n|turn|6\n|\n|t:|1682462098\n|move|p2b: Palafin|Protect|p2b: Palafin\n|-singleturn|p2b: Palafin|Protect\n|move|p1a: Knockoff Mega|Dragon Claw|p2a: Chi-Yu\n|-damage|p2a: Chi-Yu|7\/100\n|move|p2a: Chi-Yu|Overheat|p1a: Knockoff Mega\n|-resisted|p1a: Knockoff Mega\n|-damage|p1a: Knockoff Mega|0 fnt\n|-unboost|p2a: Chi-Yu|spa|2\n|faint|p1a: Knockoff Mega\n|-end|p1a: Knockoff Mega|Protosynthesis|[silent]\n|\n|win|lothlorien2000\n|raw|Krib_Underscore's rating: 1164 → 1145<\/strong> (-19 for losing)\n|raw|lothlorien2000's rating: 1244 → 1263<\/strong> (+19 for winning)\n|c|\u2606Krib_Underscore|gg\n","uploadtime":1682462110,"views":13,"p1id":"kribunderscore","p2id":"lothlorien2000","formatid":"gen9vgc2023regulationc","rating":1145,"private":0,"password":""}