{"id":"gen9vgc2023regulationc-1856659370","p1":"Gyrotest","p2":"pult vgc","format":"[Gen 9] VGC 2023 Regulation C","log":"|j|\u2606Gyrotest\n|j|\u2606pult vgc\n|t:|1683089597\n|gametype|doubles\n|player|p1|Gyrotest|harlequin|1348\n|player|p2|pult vgc|rosa|1395\n|teamsize|p1|6\n|teamsize|p2|6\n|gen|9\n|tier|[Gen 9] VGC 2023 Regulation C\n|rated|\n|rule|Species Clause: Limit one of each Pok\u00e9mon\n|rule|Item Clause: Limit one of each item\n|clearpoke\n|poke|p1|Gastrodon-East, L50, M|\n|poke|p1|Gyarados, L50, M|\n|poke|p1|Great Tusk, L50|\n|poke|p1|Flutter Mane, L50|\n|poke|p1|Murkrow, L50, F|\n|poke|p1|Chi-Yu, L50|\n|poke|p2|Iron Bundle, L50|\n|poke|p2|Flutter Mane, L50|\n|poke|p2|Chi-Yu, L50|\n|poke|p2|Wo-Chien, L50|\n|poke|p2|Baxcalibur, L50, F|\n|poke|p2|Scizor, L50, F|\n|teampreview|4\nGyrotest rejected open team sheets.\n|inactive|Battle timer is ON: inactive players will automatically lose when time's up. (requested by Gyrotest)\n|\n|t:|1683089627\n|start\n|switch|p1a: Flutter Mane|Flutter Mane, L50|100\/100\n|switch|p1b: Murkrow|Murkrow, L50, F|100\/100\n|switch|p2a: Flutter Mane|Flutter Mane, L50|100\/100\n|switch|p2b: Iron Bundle|Iron Bundle, L50|100\/100\n|-enditem|p2b: Iron Bundle|Booster Energy\n|-activate|p2b: Iron Bundle|ability: Quark Drive|[fromitem]\n|-start|p2b: Iron Bundle|quarkdrivespe\n|turn|1\n|\n|t:|1683089649\n|-terastallize|p1a: Flutter Mane|Fairy\n|move|p2b: Iron Bundle|Protect|p2b: Iron Bundle\n|-singleturn|p2b: Iron Bundle|Protect\n|move|p1b: Murkrow|Tailwind|p1b: Murkrow\n|-sidestart|p1: Gyrotest|move: Tailwind\n|move|p1a: Flutter Mane|Dazzling Gleam|p2b: Iron Bundle|[spread] p2a\n|-activate|p2b: Iron Bundle|move: Protect\n|-damage|p2a: Flutter Mane|48\/100\n|move|p2a: Flutter Mane|Dazzling Gleam|p1a: Flutter Mane|[spread] p1a,p1b\n|-supereffective|p1b: Murkrow\n|-damage|p1a: Flutter Mane|56\/100\n|-damage|p1b: Murkrow|7\/100\n|\n|upkeep\n|turn|2\n|\n|t:|1683089663\n|-end|p2b: Iron Bundle|Quark Drive|[silent]\n|switch|p2b: Scizor|Scizor, L50, F|100\/100\n|move|p1b: Murkrow|Sunny Day|p1b: Murkrow\n|-weather|SunnyDay\n|-activate|p1a: Flutter Mane|ability: Protosynthesis\n|-start|p1a: Flutter Mane|protosynthesisspe\n|-activate|p2a: Flutter Mane|ability: Protosynthesis\n|-start|p2a: Flutter Mane|protosynthesisspa\n|move|p1a: Flutter Mane|Dazzling Gleam|p2b: Scizor|[spread] p2a,p2b\n|-resisted|p2b: Scizor\n|-damage|p2a: Flutter Mane|0 fnt\n|-damage|p2b: Scizor|63\/100\n|faint|p2a: Flutter Mane\n|-end|p2a: Flutter Mane|Protosynthesis|[silent]\n|\n|-weather|SunnyDay|[upkeep]\n|upkeep\n|\n|t:|1683089672\n|switch|p2a: Baxcalibur|Baxcalibur, L50, F|100\/100\n|turn|3\n|\n|t:|1683089680\n|-end|p1a: Flutter Mane|Protosynthesis|[silent]\n|switch|p1a: Gyarados|Gyarados, L50, M|100\/100\n|-ability|p1a: Gyarados|Intimidate|boost\n|-fail|p2a: Baxcalibur|unboost|[from] item: Clear Amulet|[of] p2a: Baxcalibur\n|-unboost|p2b: Scizor|atk|1\n|switch|p1b: Chi-Yu|Chi-Yu, L50|100\/100\n|-ability|p1b: Chi-Yu|Beads of Ruin\n|move|p2a: Baxcalibur|Ice Shard|p1b: Chi-Yu\n|-resisted|p1b: Chi-Yu\n|-damage|p1b: Chi-Yu|77\/100\n|move|p2b: Scizor|Tailwind|p2b: Scizor\n|-sidestart|p2: pult vgc|move: Tailwind\n|\n|-weather|SunnyDay|[upkeep]\n|upkeep\n|turn|4\n|inactive|Gyrotest has 30 seconds left.\n|inactive|pult vgc has 30 seconds left.\n|\n|t:|1683089717\n|-terastallize|p2b: Scizor|Fire\n|move|p1b: Chi-Yu|Overheat|p2a: Baxcalibur\n|-crit|p2a: Baxcalibur\n|-damage|p2a: Baxcalibur|0 fnt\n|-unboost|p1b: Chi-Yu|spa|2\n|faint|p2a: Baxcalibur\n|-damage|p1b: Chi-Yu|67\/100|[from] item: Life Orb\n|move|p1a: Gyarados|Thunder Wave|p2b: Scizor|[miss]\n|-miss|p1a: Gyarados|p2b: Scizor\n|move|p2b: Scizor|Close Combat|p1b: Chi-Yu\n|-supereffective|p1b: Chi-Yu\n|-damage|p1b: Chi-Yu|0 fnt\n|-unboost|p2b: Scizor|def|1\n|-unboost|p2b: Scizor|spd|1\n|faint|p1b: Chi-Yu\n|\n|-weather|SunnyDay|[upkeep]\n|-sideend|p1: Gyrotest|move: Tailwind\n|upkeep\n|\n|t:|1683089735\n|switch|p1b: Murkrow|Murkrow, L50, F|7\/100\n|switch|p2a: Iron Bundle|Iron Bundle, L50|100\/100\n|turn|5\n|inactive|Gyrotest has 30 seconds left.\n|\n|t:|1683089764\n|move|p2b: Scizor|Bullet Punch|p1b: Murkrow\n|-damage|p1b: Murkrow|0 fnt\n|faint|p1b: Murkrow\n|move|p2a: Iron Bundle|Freeze-Dry|p1a: Gyarados\n|-supereffective|p1a: Gyarados\n|-damage|p1a: Gyarados|0 fnt\n|faint|p1a: Gyarados\n|\n|-weather|SunnyDay|[upkeep]\n|upkeep\n|\n|t:|1683089774\n|switch|p1b: Flutter Mane|Flutter Mane, L50, tera:Fairy|56\/100\n|-activate|p1b: Flutter Mane|ability: Protosynthesis\n|-start|p1b: Flutter Mane|protosynthesisspe\n|turn|6\n|n|!Gyrotest|gyrotest\n|inactive|Gyrotest has 30 seconds left.\n|\n|t:|1683089802\n|move|p2b: Scizor|Bullet Punch|p1b: Flutter Mane\n|-supereffective|p1b: Flutter Mane\n|-damage|p1b: Flutter Mane|0 fnt\n|faint|p1b: Flutter Mane\n|-end|p1b: Flutter Mane|Protosynthesis|[silent]\n|\n|win|pult vgc\n|raw|Gyrotest's rating: 1348 → 1331<\/strong> (-17 for losing)\n|raw|pult vgc's rating: 1395 → 1412<\/strong> (+17 for winning)\n","uploadtime":1683089786,"views":4,"p1id":"gyrotest","p2id":"pultvgc","formatid":"gen9vgc2023regulationc","rating":1331,"private":0,"password":""}