{"id":"gen9vgc2023regulationc-1854552255","p1":"zhongqiu","p2":"cbrand45","format":"[Gen 9] VGC 2023 Regulation C","log":"|j|\u2606zhongqiu\n|j|\u2606cbrand45\n|t:|1682825931\n|gametype|doubles\n|player|p1|zhongqiu|dawn|1180\n|player|p2|cbrand45|1|1129\n|teamsize|p1|6\n|teamsize|p2|6\n|gen|9\n|tier|[Gen 9] VGC 2023 Regulation C\n|rated|\n|rule|Species Clause: Limit one of each Pok\u00e9mon\n|rule|Item Clause: Limit one of each item\n|clearpoke\n|poke|p1|Pincurchin, L50, F|\n|poke|p1|Iron Moth, L50|\n|poke|p1|Iron Treads, L50|\n|poke|p1|Iron Hands, L50|\n|poke|p1|Iron Bundle, L50|\n|poke|p1|Iron Jugulis, L50|\n|poke|p2|Baxcalibur, L50, F|\n|poke|p2|Farigiraf, L50, F|\n|poke|p2|Iron Bundle, L50|\n|poke|p2|Flutter Mane, L50|\n|poke|p2|Iron Hands, L50|\n|poke|p2|Rotom-Heat, L50|\n|teampreview|4\n|inactive|Battle timer is ON: inactive players will automatically lose when time's up. (requested by zhongqiu)\n|\n|t:|1682826051\n|start\n|switch|p1a: Iron Hands|Iron Hands, L50|100\/100\n|switch|p1b: Pincurchin|Pincurchin, L50, F|100\/100\n|switch|p2a: Farigiraf|Farigiraf, L50, F|100\/100\n|switch|p2b: Iron Hands|Iron Hands, L50|100\/100\n|-fieldstart|move: Electric Terrain|[from] ability: Electric Surge|[of] p1b: Pincurchin\n|-activate|p1a: Iron Hands|ability: Quark Drive\n|-start|p1a: Iron Hands|quarkdriveatk\n|-activate|p2b: Iron Hands|ability: Quark Drive\n|-start|p2b: Iron Hands|quarkdriveatk\n|turn|1\n|inactive|cbrand45 has 30 seconds left.\n|\n|t:|1682826084\n|move|p1b: Pincurchin|Protect|p1b: Pincurchin\n|-singleturn|p1b: Pincurchin|Protect\n|move|p2b: Iron Hands|Fake Out|p1a: Iron Hands\n|-damage|p1a: Iron Hands|82\/100\n|-damage|p2b: Iron Hands|90\/100|[from] item: Life Orb\n|cant|p1a: Iron Hands|flinch\n|move|p2a: Farigiraf|Trick Room|p2a: Farigiraf\n|-fieldstart|move: Trick Room|[of] p2a: Farigiraf\n|\n|upkeep\n|turn|2\n|inactive|cbrand45 has 30 seconds left.\n|\n|t:|1682826115\n|move|p1b: Pincurchin|Zing Zap|p2a: Farigiraf\n|-damage|p2a: Farigiraf|53\/100\n|move|p2b: Iron Hands|Close Combat|p1a: Iron Hands\n|-damage|p1a: Iron Hands|10\/100\n|-unboost|p2b: Iron Hands|def|1\n|-unboost|p2b: Iron Hands|spd|1\n|-damage|p2b: Iron Hands|80\/100|[from] item: Life Orb\n|move|p1a: Iron Hands|Earthquake|p2b: Iron Hands|[spread] p1b,p2a,p2b\n|-supereffective|p1b: Pincurchin\n|-supereffective|p2b: Iron Hands\n|-damage|p1b: Pincurchin|6\/100\n|-damage|p2a: Farigiraf|16\/100\n|-damage|p2b: Iron Hands|5\/100\n|cant|p2a: Farigiraf|flinch\n|\n|-heal|p2a: Farigiraf|22\/100|[from] item: Leftovers\n|upkeep\n|turn|3\n|inactive|cbrand45 has 30 seconds left.\n|\n|t:|1682826141\n|move|p2b: Iron Hands|Protect|p2b: Iron Hands\n|-singleturn|p2b: Iron Hands|Protect\n|move|p1b: Pincurchin|Zing Zap|p2b: Iron Hands\n|-activate|p2b: Iron Hands|move: Protect\n|move|p1a: Iron Hands|Volt Switch|p2a: Farigiraf\n|-damage|p2a: Farigiraf|9\/100\n|\n|t:|1682826160\n|-end|p1a: Iron Hands|Quark Drive|[silent]\n|switch|p1a: Iron Treads|Iron Treads, L50|100\/100|[from] Volt Switch\n|-activate|p1a: Iron Treads|ability: Quark Drive\n|-start|p1a: Iron Treads|quarkdrivespe\n|move|p2a: Farigiraf|Dazzling Gleam|p1b: Pincurchin|[spread] p1a,p1b\n|-resisted|p1a: Iron Treads\n|-damage|p1a: Iron Treads|90\/100\n|-damage|p1b: Pincurchin|0 fnt\n|faint|p1b: Pincurchin\n|\n|-heal|p2a: Farigiraf|15\/100|[from] item: Leftovers\n|upkeep\n|\n|t:|1682826173\n|switch|p1b: Iron Hands|Iron Hands, L50|10\/100\n|-activate|p1b: Iron Hands|ability: Quark Drive\n|-start|p1b: Iron Hands|quarkdriveatk\n|turn|4\n|inactive|cbrand45 has 30 seconds left.\n|inactive|cbrand45 has 20 seconds left.\n|\n|t:|1682826212\n|-end|p2b: Iron Hands|Quark Drive|[silent]\n|switch|p2b: Rotom|Rotom-Heat, L50|100\/100\n|move|p2a: Farigiraf|Protect|p2a: Farigiraf\n|-singleturn|p2a: Farigiraf|Protect\n|move|p1a: Iron Treads|Protect|p1a: Iron Treads\n|-singleturn|p1a: Iron Treads|Protect\n|move|p1b: Iron Hands|Earthquake|p2b: Rotom|[spread] \n|-activate|p1a: Iron Treads|move: Protect\n|-activate|p2a: Farigiraf|move: Protect\n|-immune|p2b: Rotom|[from] ability: Levitate\n|\n|-heal|p2a: Farigiraf|21\/100|[from] item: Leftovers\n|upkeep\n|turn|5\n|inactive|cbrand45 has 30 seconds left.\n|inactive|cbrand45 has 20 seconds left.\n|inactive|cbrand45 has 15 seconds left.\n|inactive|cbrand45 has 10 seconds left.\n|inactive|cbrand45 has 5 seconds left.\n|\n|t:|1682826267\n|-end|p1a: Iron Treads|Quark Drive|[silent]\n|switch|p1a: Iron Moth|Iron Moth, L50|100\/100\n|-activate|p1a: Iron Moth|ability: Quark Drive\n|-start|p1a: Iron Moth|quarkdrivespa\n|move|p1b: Iron Hands|Drain Punch|p2a: Farigiraf\n|-damage|p2a: Farigiraf|0 fnt\n|-heal|p1b: Iron Hands|19\/100|[from] drain|[of] p2a: Farigiraf\n|faint|p2a: Farigiraf\n|move|p2b: Rotom|Overheat|p1b: Iron Hands\n|-damage|p1b: Iron Hands|0 fnt\n|-unboost|p2b: Rotom|spa|2\n|faint|p1b: Iron Hands\n|-end|p1b: Iron Hands|Quark Drive|[silent]\n|\n|-fieldend|move: Trick Room\n|upkeep\n|\n|t:|1682826287\n|switch|p2a: Iron Hands|Iron Hands, L50|5\/100\n|switch|p1b: Iron Treads|Iron Treads, L50|90\/100\n|-activate|p1b: Iron Treads|ability: Quark Drive\n|-start|p1b: Iron Treads|quarkdrivespe\n|-activate|p2a: Iron Hands|ability: Quark Drive\n|-start|p2a: Iron Hands|quarkdriveatk\n|turn|6\n|\n|t:|1682826311\n|move|p1b: Iron Treads|Protect|p1b: Iron Treads\n|-singleturn|p1b: Iron Treads|Protect\n|move|p2a: Iron Hands|Fake Out|p1b: Iron Treads\n|-activate|p1b: Iron Treads|move: Protect\n|move|p1a: Iron Moth|Sludge Wave|p2b: Rotom|[spread] p2a,p2b\n|-activate|p1b: Iron Treads|move: Protect\n|-damage|p2a: Iron Hands|0 fnt\n|-damage|p2b: Rotom|46\/100\n|faint|p2a: Iron Hands\n|-end|p2a: Iron Hands|Quark Drive|[silent]\n|move|p2b: Rotom|Volt Switch|p1a: Iron Moth\n|-damage|p1a: Iron Moth|83\/100\n|\n|t:|1682826323\n|switch|p2b: Flutter Mane|Flutter Mane, L50|100\/100|[from] Volt Switch\n|\n|upkeep\n|\n|t:|1682826325\n|switch|p2a: Rotom|Rotom-Heat, L50|46\/100\n|turn|7\n|inactive|cbrand45 has 30 seconds left.\n|inactive|cbrand45 has 20 seconds left.\n|inactive|cbrand45 has 15 seconds left.\n|inactive|cbrand45 has 10 seconds left.\n|\n|t:|1682826373\n|-terastallize|p1a: Iron Moth|Flying\n|move|p1a: Iron Moth|Sludge Wave|p2b: Flutter Mane|[spread] p2a,p2b\n|-immune|p1b: Iron Treads\n|-damage|p2a: Rotom|0 fnt\n|-damage|p2b: Flutter Mane|49\/100\n|faint|p2a: Rotom\n|move|p1b: Iron Treads|Rock Slide|p2b: Flutter Mane\n|-damage|p2b: Flutter Mane|0 fnt\n|faint|p2b: Flutter Mane\n|-end|p2b: Flutter Mane|Protosynthesis|[silent]\n|-damage|p1b: Iron Treads|80\/100|[from] item: Life Orb\n|\n|win|zhongqiu\n|raw|zhongqiu's rating: 1180 → 1201<\/strong> (+21 for winning)\n|raw|cbrand45's rating: 1129 → 1108<\/strong> (-21 for losing)\n|l|\u2606cbrand45\n","uploadtime":1682826394,"views":9,"p1id":"zhongqiu","p2id":"cbrand45","formatid":"gen9vgc2023regulationc","rating":1108,"private":0,"password":""}