{"id":"gen9vgc2023regulationc-1854403515","p1":"r3gCt3st","p2":"JCG777","format":"[Gen 9] VGC 2023 Regulation C","log":"|j|\u2606r3gCt3st\n|j|\u2606JCG777\n|t:|1682806538\n|gametype|doubles\n|player|p1|r3gCt3st|unknown|1172\n|player|p2|JCG777|skierf|1093\n|teamsize|p1|4\n|teamsize|p2|6\n|gen|9\n|tier|[Gen 9] VGC 2023 Regulation C\n|rated|\n|rule|Species Clause: Limit one of each Pok\u00e9mon\n|rule|Item Clause: Limit one of each item\n|clearpoke\n|poke|p1|Iron Hands, L50|\n|poke|p1|Amoonguss, L50, F|\n|poke|p1|Grimmsnarl, L50, M|\n|poke|p1|Gyarados, L50, F|\n|poke|p2|Flutter Mane, L50|\n|poke|p2|Amoonguss, L50, M|\n|poke|p2|Arcanine, L50, F|\n|poke|p2|Ting-Lu, L50|\n|poke|p2|Palafin, L50, F|\n|poke|p2|Baxcalibur, L50, F|\n|teampreview|4\nJCG777 has agreed to open team sheets.\n|\n|t:|1682806565\n|start\n|switch|p1a: Grimmsnarl|Grimmsnarl, L50, M|100\/100\n|switch|p1b: Iron Hands|Iron Hands, L50|100\/100\n|switch|p2a: Arcanine|Arcanine, L50, F|100\/100\n|switch|p2b: Ting-Lu|Ting-Lu, L50|100\/100\n|-ability|p2a: Arcanine|Intimidate|boost\n|-unboost|p1a: Grimmsnarl|atk|1\n|-unboost|p1b: Iron Hands|atk|1\n|-ability|p2b: Ting-Lu|Vessel of Ruin\n|turn|1\n|\n|t:|1682806578\n|-terastallize|p1b: Iron Hands|Fire\n|move|p1a: Grimmsnarl|Reflect|p1a: Grimmsnarl\n|-sidestart|p1: r3gCt3st|Reflect\n|move|p2a: Arcanine|Will-O-Wisp|p1b: Iron Hands|[miss]\n|-miss|p2a: Arcanine|p1b: Iron Hands\n|move|p1b: Iron Hands|Belly Drum|p1b: Iron Hands\n|-damage|p1b: Iron Hands|50\/100\n|-setboost|p1b: Iron Hands|atk|6|[from] move: Belly Drum\n|move|p2b: Ting-Lu|Heavy Slam|p1a: Grimmsnarl\n|-supereffective|p1a: Grimmsnarl\n|-damage|p1a: Grimmsnarl|57\/100\n|\n|upkeep\n|turn|2\n|\n|t:|1682806609\n|-terastallize|p2b: Ting-Lu|Poison\n|move|p2a: Arcanine|Extreme Speed|p1b: Iron Hands\n|-damage|p1b: Iron Hands|41\/100\n|move|p1a: Grimmsnarl|Light Screen|p1a: Grimmsnarl\n|-sidestart|p1: r3gCt3st|move: Light Screen\n|move|p1b: Iron Hands|Thunder Punch|p2a: Arcanine\n|-damage|p2a: Arcanine|0 fnt\n|faint|p2a: Arcanine\n|move|p2b: Ting-Lu|Stomping Tantrum|p1b: Iron Hands\n|-supereffective|p1b: Iron Hands\n|-damage|p1b: Iron Hands|18\/100\n|\n|upkeep\n|\n|t:|1682806626\n|switch|p2a: Flutter Mane|Flutter Mane, L50|100\/100\n|turn|3\n|\n|t:|1682806642\n|move|p1b: Iron Hands|Detect|p1b: Iron Hands\n|-singleturn|p1b: Iron Hands|Protect\n|move|p2a: Flutter Mane|Shadow Ball|p1b: Iron Hands\n|-activate|p1b: Iron Hands|move: Protect\n|move|p1a: Grimmsnarl|Spirit Break|p2a: Flutter Mane\n|-damage|p2a: Flutter Mane|57\/100\n|-unboost|p2a: Flutter Mane|spa|1\n|move|p2b: Ting-Lu|Heavy Slam|p1a: Grimmsnarl\n|-supereffective|p1a: Grimmsnarl\n|-damage|p1a: Grimmsnarl|16\/100\n|\n|upkeep\n|turn|4\n|\n|t:|1682806664\n|move|p2a: Flutter Mane|Protect|p2a: Flutter Mane\n|-singleturn|p2a: Flutter Mane|Protect\n|move|p1a: Grimmsnarl|Parting Shot|p2a: Flutter Mane\n|-activate|p2a: Flutter Mane|move: Protect\n|move|p1b: Iron Hands|Drain Punch|p2b: Ting-Lu\n|-resisted|p2b: Ting-Lu\n|-damage|p2b: Ting-Lu|49\/100\n|-heal|p1b: Iron Hands|44\/100|[from] drain|[of] p2b: Ting-Lu\n|move|p2b: Ting-Lu|Stomping Tantrum|p1b: Iron Hands\n|-supereffective|p1b: Iron Hands\n|-damage|p1b: Iron Hands|18\/100\n|\n|upkeep\n|turn|5\n|\n|t:|1682806691\n|-end|p2a: Flutter Mane|Protosynthesis|[silent]\n|switch|p2a: Baxcalibur|Baxcalibur, L50, F|100\/100\n|move|p1a: Grimmsnarl|Parting Shot|p2a: Baxcalibur\n|-unboost|p2a: Baxcalibur|atk|1\n|-unboost|p2a: Baxcalibur|spa|1\n|\n|t:|1682806698\n|switch|p1a: Gyarados|Gyarados, L50, F|100\/100|[from] Parting Shot\n|-ability|p1a: Gyarados|Intimidate|boost\n|-unboost|p2a: Baxcalibur|atk|1\n|-unboost|p2b: Ting-Lu|atk|1\n|move|p1b: Iron Hands|Drain Punch|p2b: Ting-Lu\n|-resisted|p2b: Ting-Lu\n|-damage|p2b: Ting-Lu|3\/100\n|-heal|p1b: Iron Hands|41\/100|[from] drain|[of] p2b: Ting-Lu\n|move|p2b: Ting-Lu|Heavy Slam|p1a: Gyarados\n|-resisted|p1a: Gyarados\n|-damage|p1a: Gyarados|97\/100\n|\n|upkeep\n|turn|6\n|\n|t:|1682806721\n|move|p2a: Baxcalibur|Glaive Rush|p1b: Iron Hands\n|-damage|p1b: Iron Hands|28\/100\n|-singlemove|p2a: Baxcalibur|Glaive Rush|[silent]\n|move|p1a: Gyarados|Waterfall|p2b: Ting-Lu\n|-damage|p2b: Ting-Lu|0 fnt\n|faint|p2b: Ting-Lu\n|move|p1b: Iron Hands|Drain Punch|p2a: Baxcalibur\n|-supereffective|p2a: Baxcalibur\n|-damage|p2a: Baxcalibur|0 fnt\n|-heal|p1b: Iron Hands|69\/100|[from] drain|[of] p2a: Baxcalibur\n|faint|p2a: Baxcalibur\n|\n|upkeep\n|\n|t:|1682806727\n|switch|p2b: Flutter Mane|Flutter Mane, L50|57\/100\n|turn|7\n|-message|JCG777 forfeited.\n|\n|win|r3gCt3st\n|raw|r3gCt3st's rating: 1172 → 1191<\/strong> (+19 for winning)\n|raw|JCG777's rating: 1093 → 1074<\/strong> (-19 for losing)\n|l|\u2606JCG777\n","uploadtime":1682806746,"views":17,"p1id":"r3gct3st","p2id":"jcg777","formatid":"gen9vgc2023regulationc","rating":1074,"private":0,"password":""}