{"id":"gen9vgc2023regulationc-1848128114","p1":"lillbro64","p2":"ayuntamientoo","format":"[Gen 9] VGC 2023 Regulation C","log":"|j|\u2606lillbro64\n|j|\u2606ayuntamientoo\n|t:|1682032963\n|gametype|doubles\n|player|p1|lillbro64|gentleman-gen4dp|1085\n|player|p2|ayuntamientoo|265|1012\n|teamsize|p1|6\n|teamsize|p2|6\n|gen|9\n|tier|[Gen 9] VGC 2023 Regulation C\n|rated|\n|rule|Species Clause: Limit one of each Pok\u00e9mon\n|rule|Item Clause: Limit one of each item\n|clearpoke\n|poke|p1|Tyranitar, L50, M|\n|poke|p1|Grimmsnarl, L50, M|\n|poke|p1|Iron Bundle, L50|\n|poke|p1|Volcarona, L50, F|\n|poke|p1|Mimikyu, L50, M|\n|poke|p1|Palafin, L50, M|\n|poke|p2|Slowbro, L50, M|\n|poke|p2|Umbreon, L50, M|\n|poke|p2|Iron Hands, L50|\n|poke|p2|Magnezone, L50|\n|poke|p2|Tyranitar, L50, M|\n|poke|p2|Scizor, L50, M|\n|teampreview|4\n|\n|t:|1682033003\n|start\n|switch|p1a: Tricky Rick|Grimmsnarl, L50, M|100\/100\n|switch|p1b: Remy|Mimikyu, L50, M|100\/100\n|switch|p2a: Slowbro|Slowbro, L50, M|100\/100\n|switch|p2b: Iron Hands|Iron Hands, L50|100\/100\n|turn|1\n|\n|t:|1682033024\n|move|p1a: Tricky Rick|Fake Out|p2b: Iron Hands\n|-damage|p2b: Iron Hands|91\/100\n|move|p1b: Remy|Swords Dance|p1b: Remy\n|-boost|p1b: Remy|atk|2\n|cant|p2b: Iron Hands|flinch\n|move|p2a: Slowbro|Trick Room|p2a: Slowbro\n|-fieldstart|move: Trick Room|[of] p2a: Slowbro\n|\n|upkeep\n|turn|2\n|\n|t:|1682033038\n|move|p1b: Remy|Shadow Sneak|p2a: Slowbro\n|-supereffective|p2a: Slowbro\n|-damage|p2a: Slowbro|55\/100\n|move|p2a: Slowbro|Psychic|p1b: Remy\n|-activate|p1b: Remy|ability: Disguise\n|-damage|p1b: Remy|100\/100\n|detailschange|p1b: Remy|Mimikyu-Busted, L50, M\n|-damage|p1b: Remy|88\/100|[from] pokemon: Mimikyu-Busted\n|move|p2b: Iron Hands|Iron Head|p1b: Remy\n|-supereffective|p1b: Remy\n|-damage|p1b: Remy|0 fnt\n|faint|p1b: Remy\n|move|p1a: Tricky Rick|Spirit Break|p2b: Iron Hands\n|-supereffective|p2b: Iron Hands\n|-damage|p2b: Iron Hands|40\/100\n|-unboost|p2b: Iron Hands|spa|1\n|\n|upkeep\n|\n|t:|1682033061\n|switch|p1b: Fire Fly|Volcarona, L50, F|100\/100\n|turn|3\n|\n|t:|1682033085\n|-end|p2b: Iron Hands|Quark Drive|[silent]\n|switch|p2b: Umbreon|Umbreon, L50, M|100\/100\n|-terastallize|p1b: Fire Fly|Steel\n|move|p1a: Tricky Rick|Sucker Punch||[still]\n|-fail|p1a: Tricky Rick\n|move|p2a: Slowbro|Slack Off|p2a: Slowbro\n|-heal|p2a: Slowbro|100\/100\n|move|p1b: Fire Fly|Will-O-Wisp|p2b: Umbreon\n|-status|p2b: Umbreon|brn\n|\n|-damage|p2b: Umbreon|95\/100 brn|[from] brn\n|upkeep\n|turn|4\n|\n|t:|1682033108\n|move|p1b: Fire Fly|Rage Powder|p1b: Fire Fly\n|-singleturn|p1b: Fire Fly|move: Rage Powder\n|move|p2a: Slowbro|Body Press|p1b: Fire Fly\n|-supereffective|p1b: Fire Fly\n|-damage|p1b: Fire Fly|58\/100\n|-status|p2a: Slowbro|brn|[from] ability: Flame Body|[of] p1b: Fire Fly\n|move|p1a: Tricky Rick|Spirit Break|p2b: Umbreon\n|-supereffective|p2b: Umbreon\n|-damage|p2b: Umbreon|41\/100 brn\n|-unboost|p2b: Umbreon|spa|1\n|move|p2b: Umbreon|Yawn|p1b: Fire Fly\n|-start|p1b: Fire Fly|move: Yawn|[of] p2b: Umbreon\n|\n|-heal|p2b: Umbreon|47\/100 brn|[from] item: Leftovers\n|-damage|p2a: Slowbro|95\/100 brn|[from] brn\n|-damage|p2b: Umbreon|41\/100 brn|[from] brn\n|upkeep\n|turn|5\n|\n|t:|1682033136\n|move|p1b: Fire Fly|Protect|p1b: Fire Fly\n|-singleturn|p1b: Fire Fly|Protect\n|move|p2a: Slowbro|Body Press|p1a: Tricky Rick\n|-damage|p1a: Tricky Rick|85\/100\n|move|p1a: Tricky Rick|Spirit Break|p2b: Umbreon\n|-supereffective|p2b: Umbreon\n|-damage|p2b: Umbreon|0 fnt\n|faint|p2b: Umbreon\n|\n|-damage|p2a: Slowbro|89\/100 brn|[from] brn\n|-end|p1b: Fire Fly|move: Yawn|[silent]\n|-status|p1b: Fire Fly|slp\n|-fieldend|move: Trick Room\n|upkeep\n|\n|t:|1682033149\n|switch|p2b: Iron Hands|Iron Hands, L50|40\/100\n|turn|6\n|\n|t:|1682033162\n|move|p2b: Iron Hands|Fake Out|p1a: Tricky Rick\n|-damage|p1a: Tricky Rick|63\/100\n|cant|p1b: Fire Fly|slp\n|cant|p1a: Tricky Rick|flinch\n|move|p2a: Slowbro|Trick Room|p2a: Slowbro\n|-fieldstart|move: Trick Room|[of] p2a: Slowbro\n|\n|-damage|p2a: Slowbro|83\/100 brn|[from] brn\n|upkeep\n|turn|7\n|\n|t:|1682033182\n|cant|p1b: Fire Fly|slp\n|move|p2a: Slowbro|Body Press|p1a: Tricky Rick\n|-damage|p1a: Tricky Rick|48\/100\n|move|p2b: Iron Hands|Close Combat|p1b: Fire Fly\n|-supereffective|p1b: Fire Fly\n|-damage|p1b: Fire Fly|0 fnt\n|-unboost|p2b: Iron Hands|def|1\n|-unboost|p2b: Iron Hands|spd|1\n|-status|p2b: Iron Hands|brn|[from] ability: Flame Body|[of] p1b: Fire Fly\n|faint|p1b: Fire Fly\n|move|p1a: Tricky Rick|Spirit Break|p2b: Iron Hands\n|-supereffective|p2b: Iron Hands\n|-damage|p2b: Iron Hands|0 fnt\n|faint|p2b: Iron Hands\n|-end|p2b: Iron Hands|Quark Drive|[silent]\n|\n|-damage|p2a: Slowbro|77\/100 brn|[from] brn\n|upkeep\n|\n|t:|1682033201\n|switch|p2b: Magnezone|Magnezone, L50|100\/100\n|switch|p1b: King-3D|Iron Bundle, L50|100\/100\n|turn|8\n|\n|t:|1682033209\n|move|p1a: Tricky Rick|Metronome|p1a: Tricky Rick\n|move|p1a: Tricky Rick|Heat Crash|p2a: Slowbro|[from]move: Metronome\n|-resisted|p2a: Slowbro\n|-damage|p2a: Slowbro|72\/100 brn\n|move|p2a: Slowbro|Body Press|p1a: Tricky Rick\n|-damage|p1a: Tricky Rick|33\/100\n|move|p2b: Magnezone|Thunderbolt|p1b: King-3D\n|-supereffective|p1b: King-3D\n|-enditem|p1b: King-3D|Focus Sash\n|-damage|p1b: King-3D|1\/100\n|-damage|p2b: Magnezone|91\/100|[from] item: Life Orb\n|move|p1b: King-3D|Freeze-Dry|p2a: Slowbro\n|-supereffective|p2a: Slowbro\n|-crit|p2a: Slowbro\n|-damage|p2a: Slowbro|0 fnt\n|faint|p2a: Slowbro\n|\n|upkeep\n|turn|9\n|\n|t:|1682033238\n|move|p1a: Tricky Rick|Metronome|p1a: Tricky Rick\n|move|p1a: Tricky Rick|Retaliate|p2b: Magnezone|[from]move: Metronome\n|-resisted|p2b: Magnezone\n|-damage|p2b: Magnezone|80\/100\n|move|p2b: Magnezone|Flash Cannon|p1a: Tricky Rick\n|-supereffective|p1a: Tricky Rick\n|-damage|p1a: Tricky Rick|0 fnt\n|faint|p1a: Tricky Rick\n|-damage|p2b: Magnezone|70\/100|[from] item: Life Orb\n|move|p1b: King-3D|Hydro Pump|p2b: Magnezone\n|-damage|p2b: Magnezone|0 fnt\n|faint|p2b: Magnezone\n|\n|win|lillbro64\n|raw|lillbro64's rating: 1085 → 1107<\/strong> (+22 for winning)\n|raw|ayuntamientoo's rating: 1012 → 1003<\/strong> (-9 for losing)\n|c|\u2606lillbro64|Gg\n","uploadtime":1682033258,"views":6,"p1id":"lillbro64","p2id":"ayuntamientoo","formatid":"gen9vgc2023regulationc","rating":1003,"private":0,"password":""}