{"id":"gen9vgc2023regulationc-1860308919","p1":"byricharr","p2":"whosgemini","format":"[Gen 9] VGC 2023 Regulation C","log":"|j|\u2606byricharr\n|j|\u2606whosgemini\n|t:|1683630258\n|gametype|doubles\n|player|p1|byricharr|1|1222\n|player|p2|whosgemini|n|1282\n|teamsize|p1|6\n|teamsize|p2|6\n|gen|9\n|tier|[Gen 9] VGC 2023 Regulation C\n|rated|\n|rule|Species Clause: Limit one of each Pok\u00e9mon\n|rule|Item Clause: Limit one of each item\n|clearpoke\n|poke|p1|Chi-Yu, L50|\n|poke|p1|Flutter Mane, L50|\n|poke|p1|Iron Hands, L50|\n|poke|p1|Kingambit, L50, F|\n|poke|p1|Gyarados, L50, F|\n|poke|p1|Amoonguss, L50, F|\n|poke|p2|Dragapult, L50, F|\n|poke|p2|Iron Bundle, L50|\n|poke|p2|Arcanine, L50, F|\n|poke|p2|Brute Bonnet, L50|\n|poke|p2|Roaring Moon, L50|\n|poke|p2|Volcarona, L50, F|\n|teampreview|4\n|inactive|Battle timer is ON: inactive players will automatically lose when time's up. (requested by byricharr)\n|\n|t:|1683630281\n|start\n|switch|p1a: Kingambit|Kingambit, L50, F, shiny|100\/100\n|switch|p1b: Gyarados|Gyarados, L50, F, shiny|100\/100\n|switch|p2a: Iron Bundle|Iron Bundle, L50|100\/100\n|switch|p2b: Arcanine|Arcanine, L50, F|100\/100\n|-ability|p2b: Arcanine|Intimidate|boost\n|-unboost|p1a: Kingambit|atk|1\n|-ability|p1a: Kingambit|Defiant|boost\n|-boost|p1a: Kingambit|atk|2\n|-unboost|p1b: Gyarados|atk|1\n|-ability|p1b: Gyarados|Intimidate|boost\n|-unboost|p2a: Iron Bundle|atk|1\n|-unboost|p2b: Arcanine|atk|1\n|turn|1\n|inactive|byricharr has 30 seconds left.\n|inactive|whosgemini has 30 seconds left.\n|\n|t:|1683630312\n|move|p2a: Iron Bundle|Freeze-Dry|p1b: Gyarados\n|-supereffective|p1b: Gyarados\n|-damage|p1b: Gyarados|0 fnt\n|faint|p1b: Gyarados\n|move|p2b: Arcanine|Flare Blitz|p1a: Kingambit\n|-supereffective|p1a: Kingambit\n|-crit|p1a: Kingambit\n|-damage|p1a: Kingambit|5\/100\n|-damage|p2b: Arcanine|68\/100|[from] Recoil\n|move|p1a: Kingambit|Low Kick|p2a: Iron Bundle\n|-supereffective|p2a: Iron Bundle\n|-damage|p2a: Iron Bundle|47\/100\n|\n|upkeep\n|\n|t:|1683630326\n|switch|p1b: Amoonguss|Amoonguss, L50, F, shiny|100\/100\n|turn|2\n|\n|t:|1683630344\n|-terastallize|p1b: Amoonguss|Water\n|move|p2b: Arcanine|Extreme Speed|p1a: Kingambit\n|-resisted|p1a: Kingambit\n|-damage|p1a: Kingambit|0 fnt\n|faint|p1a: Kingambit\n|move|p1b: Amoonguss|Rage Powder|p1b: Amoonguss\n|-singleturn|p1b: Amoonguss|move: Rage Powder\n|move|p2a: Iron Bundle|Freeze-Dry|p1b: Amoonguss\n|-supereffective|p1b: Amoonguss\n|-crit|p1b: Amoonguss\n|-damage|p1b: Amoonguss|0 fnt\n|faint|p1b: Amoonguss\n|\n|upkeep\n|\n|t:|1683630351\n|switch|p1a: Flutter Mane|Flutter Mane, L50|100\/100\n|-enditem|p1a: Flutter Mane|Booster Energy\n|-activate|p1a: Flutter Mane|ability: Protosynthesis|[fromitem]\n|-start|p1a: Flutter Mane|protosynthesisspa\n|turn|3\n|\n|t:|1683630356\n|move|p2a: Iron Bundle|Freeze-Dry|p1a: Flutter Mane\n|-damage|p1a: Flutter Mane|52\/100\n|move|p1a: Flutter Mane|Dazzling Gleam|p2b: Arcanine|[spread] p2a,p2b\n|-resisted|p2b: Arcanine\n|-damage|p2a: Iron Bundle|0 fnt\n|-damage|p2b: Arcanine|51\/100\n|faint|p2a: Iron Bundle\n|-end|p2a: Iron Bundle|Quark Drive|[silent]\n|move|p2b: Arcanine|Snarl|p1a: Flutter Mane\n|-damage|p1a: Flutter Mane|40\/100\n|-unboost|p1a: Flutter Mane|spa|1\n|\n|upkeep\n|\n|t:|1683630363\n|switch|p2a: Dragapult|Dragapult, L50, F|100\/100\n|turn|4\n|\n|t:|1683630365\n|move|p2a: Dragapult|Phantom Force||[still]\n|-prepare|p2a: Dragapult|Phantom Force\n|move|p1a: Flutter Mane|Dazzling Gleam|p2b: Arcanine|[spread] p2b\n|-miss|p1a: Flutter Mane|p2a: Dragapult\n|-resisted|p2b: Arcanine\n|-damage|p2b: Arcanine|40\/100\n|move|p2b: Arcanine|Snarl|p1a: Flutter Mane\n|-damage|p1a: Flutter Mane|29\/100\n|-unboost|p1a: Flutter Mane|spa|1\n|\n|upkeep\n|turn|5\n|\n|t:|1683630371\n|move|p2b: Arcanine|Helping Hand|p2a: Dragapult\n|-singleturn|p2a: Dragapult|Helping Hand|[of] p2b: Arcanine\n|move|p2a: Dragapult|Phantom Force|p1a: Flutter Mane|[from]lockedmove\n|-supereffective|p1a: Flutter Mane\n|-damage|p1a: Flutter Mane|0 fnt\n|faint|p1a: Flutter Mane\n|-end|p1a: Flutter Mane|Protosynthesis|[silent]\n|\n|win|whosgemini\n|raw|byricharr's rating: 1222 → 1201<\/strong> (-21 for losing)\n|raw|whosgemini's rating: 1282 → 1303<\/strong> (+21 for winning)\n|l|\u2606byricharr\n","uploadtime":1683630380,"views":11,"p1id":"byricharr","p2id":"whosgemini","formatid":"gen9vgc2023regulationc","rating":1201,"private":0,"password":""}