{"id":"gen9vgc2023regulationc-1857143211","p1":"haha you rage quit","p2":"Braydend517","format":"[Gen 9] VGC 2023 Regulation C","log":"|j|\u2606haha you rage quit\n|j|\u2606Braydend517\n|t:|1683150318\n|gametype|doubles\n|player|p1|haha you rage quit|pokemaniac|1242\n|player|p2|Braydend517|169|1164\n|teamsize|p1|6\n|teamsize|p2|6\n|gen|9\n|tier|[Gen 9] VGC 2023 Regulation C\n|rated|\n|rule|Species Clause: Limit one of each Pok\u00e9mon\n|rule|Item Clause: Limit one of each item\n|clearpoke\n|poke|p1|Flutter Mane, L50|\n|poke|p1|Chi-Yu, L50|\n|poke|p1|Donphan, L50, M|\n|poke|p1|Gholdengo, L50|\n|poke|p1|Talonflame, L50, M|\n|poke|p1|Murkrow, L50, M|\n|poke|p2|Tatsugiri-Droopy, L50, M|\n|poke|p2|Dondozo, L50, F|\n|poke|p2|Chi-Yu, L50|\n|poke|p2|Glimmora, L50, M|\n|poke|p2|Murkrow, L50, F|\n|poke|p2|Gholdengo, L50|\n|teampreview|4\n|inactive|Battle timer is ON: inactive players will automatically lose when time's up. (requested by Braydend517)\n|\n|t:|1683150342\n|start\n|switch|p1a: Talonflame|Talonflame, L50, M|100\/100\n|switch|p1b: Donphan|Donphan, L50, M|100\/100\n|switch|p2a: Murkrow|Murkrow, L50, F, shiny|100\/100\n|switch|p2b: Gholdengo|Gholdengo, L50|100\/100\n|turn|1\n|inactive|haha you rage quit has 30 seconds left.\n|\n|t:|1683150376\n|-terastallize|p2b: Gholdengo|Water\n|move|p2a: Murkrow|Tailwind|p2a: Murkrow\n|-sidestart|p2: Braydend517|move: Tailwind\n|move|p2b: Gholdengo|Nasty Plot|p2b: Gholdengo\n|-boost|p2b: Gholdengo|spa|2\n|move|p1a: Talonflame|Heat Wave|p2a: Murkrow|[spread] p2a,p2b\n|-resisted|p2b: Gholdengo\n|-damage|p2a: Murkrow|80\/100\n|-damage|p2b: Gholdengo|92\/100\n|move|p1b: Donphan|Rock Slide|p2b: Gholdengo|[spread] p2a,p2b\n|-supereffective|p2a: Murkrow\n|-crit|p2b: Gholdengo\n|-damage|p2a: Murkrow|15\/100\n|-damage|p2b: Gholdengo|53\/100\n|\n|-heal|p2b: Gholdengo|58\/100|[from] item: Leftovers\n|upkeep\n|turn|2\n|inactive|haha you rage quit has 30 seconds left.\n|inactive|Braydend517 has 30 seconds left.\n|inactive|haha you rage quit has 20 seconds left.\n|inactive|haha you rage quit has 15 seconds left.\n|inactive|haha you rage quit has 10 seconds left.\n|\n|t:|1683150423\n|switch|p1b: Gholdengo|Gholdengo, L50|100\/100\n|move|p1a: Talonflame|Tailwind|p1a: Talonflame\n|-sidestart|p1: haha you rage quit|move: Tailwind\n|move|p2a: Murkrow|Icy Wind|p1a: Talonflame|[spread] p1a,p1b\n|-resisted|p1b: Gholdengo\n|-damage|p1a: Talonflame|90\/100\n|-damage|p1b: Gholdengo|96\/100\n|-unboost|p1b: Gholdengo|spe|1\n|move|p2b: Gholdengo|Nasty Plot|p2b: Gholdengo\n|-boost|p2b: Gholdengo|spa|2\n|\n|-heal|p2b: Gholdengo|64\/100|[from] item: Leftovers\n|upkeep\n|turn|3\n|inactive|haha you rage quit has 30 seconds left.\n|inactive|Braydend517 has 30 seconds left.\n|\n|t:|1683150456\n|switch|p1a: Murkrow|Murkrow, L50, M|100\/100\n|move|p2b: Gholdengo|Protect|p2b: Gholdengo\n|-singleturn|p2b: Gholdengo|Protect\n|move|p1b: Gholdengo|Protect|p1b: Gholdengo\n|-singleturn|p1b: Gholdengo|Protect\n|move|p2a: Murkrow|Foul Play|p1a: Murkrow\n|-resisted|p1a: Murkrow\n|-damage|p1a: Murkrow|62\/100\n|\n|-heal|p2b: Gholdengo|70\/100|[from] item: Leftovers\n|upkeep\n|turn|4\n|\n|t:|1683150478\n|move|p1a: Murkrow|Haze|p1a: Murkrow\n|-clearallboost\n|move|p2a: Murkrow|Icy Wind|p1b: Gholdengo|[spread] p1a\n|-miss|p2a: Murkrow|p1b: Gholdengo\n|-supereffective|p1a: Murkrow\n|-crit|p1a: Murkrow\n|-damage|p1a: Murkrow|8\/100\n|-unboost|p1a: Murkrow|spe|1\n|move|p1b: Gholdengo|Shadow Ball|p2b: Gholdengo\n|-damage|p2b: Gholdengo|30\/100\n|move|p2b: Gholdengo|Shadow Ball|p1b: Gholdengo\n|-supereffective|p1b: Gholdengo\n|-damage|p1b: Gholdengo|21\/100\n|-unboost|p1b: Gholdengo|spd|1\n|-enditem|p1b: Gholdengo|Weakness Policy\n|-boost|p1b: Gholdengo|atk|2|[from] item: Weakness Policy\n|-boost|p1b: Gholdengo|spa|2|[from] item: Weakness Policy\n|\n|-heal|p2b: Gholdengo|36\/100|[from] item: Leftovers\n|-sideend|p2: Braydend517|move: Tailwind\n|upkeep\n|turn|5\n|inactive|haha you rage quit has 30 seconds left.\n|inactive|Braydend517 has 30 seconds left.\n|inactive|haha you rage quit has 20 seconds left.\n|inactive|haha you rage quit has 15 seconds left.\n|inactive|haha you rage quit has 10 seconds left.\n|\n|t:|1683150523\n|move|p1b: Gholdengo|Protect|p1b: Gholdengo\n|-singleturn|p1b: Gholdengo|Protect\n|move|p2b: Gholdengo|Protect|p2b: Gholdengo\n|-singleturn|p2b: Gholdengo|Protect\n|move|p2a: Murkrow|Tailwind|p2a: Murkrow\n|-sidestart|p2: Braydend517|move: Tailwind\n|move|p1a: Murkrow|Foul Play|p2a: Murkrow\n|-resisted|p2a: Murkrow\n|-damage|p2a: Murkrow|3\/100\n|\n|-heal|p2b: Gholdengo|41\/100|[from] item: Leftovers\n|-sideend|p1: haha you rage quit|move: Tailwind\n|upkeep\n|turn|6\n|inactive|haha you rage quit has 30 seconds left.\n|inactive|haha you rage quit has 20 seconds left.\n|inactive|haha you rage quit has 15 seconds left.\n|inactive|haha you rage quit has 10 seconds left.\n|\n|t:|1683150571\n|-terastallize|p1b: Gholdengo|Flying\n|move|p2a: Murkrow|Icy Wind|p1b: Gholdengo|[spread] p1a,p1b\n|-supereffective|p1a: Murkrow\n|-supereffective|p1b: Gholdengo\n|-damage|p1a: Murkrow|0 fnt\n|-damage|p1b: Gholdengo|0 fnt\n|faint|p1a: Murkrow\n|faint|p1b: Gholdengo\n|move|p2b: Gholdengo|Make It Rain|p1: Murkrow|[notarget]\n|-fail|p2b: Gholdengo\n|\n|-heal|p2b: Gholdengo|47\/100|[from] item: Leftovers\n|upkeep\n|\n|t:|1683150580\n|switch|p1a: Talonflame|Talonflame, L50, M|90\/100\n|switch|p1b: Donphan|Donphan, L50, M|100\/100\n|turn|7\n|\n|t:|1683150597\n|move|p2b: Gholdengo|Protect|p2b: Gholdengo\n|-singleturn|p2b: Gholdengo|Protect\n|move|p2a: Murkrow|Icy Wind|p1b: Donphan|[spread] p1a\n|-miss|p2a: Murkrow|p1b: Donphan\n|-damage|p1a: Talonflame|78\/100\n|move|p1a: Talonflame|Air Cutter|p2b: Gholdengo|[spread] p2a\n|-activate|p2b: Gholdengo|move: Protect\n|-damage|p2a: Murkrow|0 fnt\n|faint|p2a: Murkrow\n|move|p1b: Donphan|Earthquake|p2b: Gholdengo|[spread] \n|-activate|p2b: Gholdengo|move: Protect\n|-immune|p1a: Talonflame\n|\n|-heal|p2b: Gholdengo|53\/100|[from] item: Leftovers\n|upkeep\n|\n|t:|1683150613\n|switch|p2a: Glimmora|Glimmora, L50, M, shiny|100\/100\n|turn|8\n|\n|t:|1683150633\n|move|p1a: Talonflame|Feint|p2a: Glimmora\n|-resisted|p2a: Glimmora\n|-damage|p2a: Glimmora|98\/100\n|-activate|p2a: Glimmora|ability: Toxic Debris\n|-sidestart|p1: haha you rage quit|move: Toxic Spikes\n|move|p2a: Glimmora|Mortal Spin|p1b: Donphan|[spread] p1a,p1b\n|-resisted|p1b: Donphan\n|-damage|p1a: Talonflame|73\/100\n|-damage|p1b: Donphan|99\/100\n|-status|p1b: Donphan|psn\n|move|p2b: Gholdengo|Shadow Ball|p1b: Donphan\n|-damage|p1b: Donphan|35\/100 psn\n|move|p1b: Donphan|Earthquake|p2b: Gholdengo|[spread] p2a,p2b\n|-immune|p1a: Talonflame\n|-supereffective|p2a: Glimmora\n|-damage|p2a: Glimmora|0 fnt\n|-damage|p2b: Gholdengo|0 fnt\n|-activate|p2a: Glimmora|ability: Toxic Debris\n|-sidestart|p1: haha you rage quit|move: Toxic Spikes\n|faint|p2a: Glimmora\n|faint|p2b: Gholdengo\n|\n|-damage|p1b: Donphan|22\/100 psn|[from] psn\n|-sideend|p2: Braydend517|move: Tailwind\n|upkeep\n|\n|t:|1683150656\n|switch|p2b: Chi-Yu|Chi-Yu, L50|100\/100\n|-ability|p2b: Chi-Yu|Beads of Ruin\n|turn|9\n|\n|t:|1683150664\n|move|p2b: Chi-Yu|Protect|p2b: Chi-Yu\n|-singleturn|p2b: Chi-Yu|Protect\n|move|p1a: Talonflame|Tailwind|p1a: Talonflame\n|-sidestart|p1: haha you rage quit|move: Tailwind\n|move|p1b: Donphan|Earthquake|p2b: Chi-Yu|[spread] \n|-activate|p2b: Chi-Yu|move: Protect\n|-immune|p1a: Talonflame\n|\n|-damage|p1b: Donphan|10\/100 psn|[from] psn\n|upkeep\n|turn|10\n|\n|t:|1683150676\n|move|p2b: Chi-Yu|Protect||[still]\n|-fail|p2b: Chi-Yu\n|move|p1a: Talonflame|Feint|p2b: Chi-Yu\n|-damage|p2b: Chi-Yu|92\/100\n|move|p1b: Donphan|Earthquake|p2b: Chi-Yu|[spread] p2b\n|-immune|p1a: Talonflame\n|-supereffective|p2b: Chi-Yu\n|-damage|p2b: Chi-Yu|0 fnt\n|faint|p2b: Chi-Yu\n|\n|win|haha you rage quit\n|raw|haha you rage quit's rating: 1242 → 1261<\/strong> (+19 for winning)\n|raw|Braydend517's rating: 1164 → 1145<\/strong> (-19 for losing)\n|l|\u2606Braydend517\n","uploadtime":1683150693,"views":6,"p1id":"hahayouragequit","p2id":"braydend517","formatid":"gen9vgc2023regulationc","rating":1145,"private":0,"password":""}