{"id":"gen9vgc2023regulationc-1855850637","p1":"hhhyy6","p2":"lttrm","format":"[Gen 9] VGC 2023 Regulation C","log":"|j|\u2606hhhyy6\n|j|\u2606lttrm\n|t:|1682991682\n|gametype|doubles\n|player|p1|hhhyy6|266|1299\n|player|p2|lttrm|janitor|1378\n|teamsize|p1|6\n|teamsize|p2|6\n|gen|9\n|tier|[Gen 9] VGC 2023 Regulation C\n|rated|\n|rule|Species Clause: Limit one of each Pok\u00e9mon\n|rule|Item Clause: Limit one of each item\n|clearpoke\n|poke|p1|Torkoal, L50, F|\n|poke|p1|Chi-Yu, L50|\n|poke|p1|Bronzong, L50|\n|poke|p1|Gastrodon, L50, M|\n|poke|p1|Grimmsnarl, L50, M|\n|poke|p1|Skeledirge, L50, F|\n|poke|p2|Garchomp, L50, M|\n|poke|p2|Talonflame, L50, F|\n|poke|p2|Meowscarada, L50, F|\n|poke|p2|Iron Hands, L50|\n|poke|p2|Iron Bundle, L50|\n|poke|p2|Gyarados, L50, M|\n|teampreview|4\n|inactive|Battle timer is ON: inactive players will automatically lose when time's up. (requested by hhhyy6)\n|\n|t:|1682991728\n|start\n|switch|p1a: Grimmsnarl|Grimmsnarl, L50, M|100\/100\n|switch|p1b: Skeledirge|Skeledirge, L50, F|100\/100\n|switch|p2a: Meowscarada|Meowscarada, L50, F|100\/100\n|switch|p2b: Garchomp|Garchomp, L50, M|100\/100\n|turn|1\n|\n|t:|1682991741\n|-terastallize|p2b: Garchomp|Fire\n|move|p1b: Skeledirge|Protect|p1b: Skeledirge\n|-singleturn|p1b: Skeledirge|Protect\n|move|p2a: Meowscarada|Taunt|p1a: Grimmsnarl\n|-start|p1a: Grimmsnarl|move: Taunt\n|move|p2b: Garchomp|Stone Edge|p1b: Skeledirge\n|-activate|p1b: Skeledirge|move: Protect\n|move|p1a: Grimmsnarl|Spirit Break|p2a: Meowscarada\n|-supereffective|p2a: Meowscarada\n|-crit|p2a: Meowscarada\n|-enditem|p2a: Meowscarada|Focus Sash\n|-damage|p2a: Meowscarada|1\/100\n|-unboost|p2a: Meowscarada|spa|1\n|\n|upkeep\n|turn|2\n|inactive|lttrm has 30 seconds left.\n|\n|t:|1682991767\n|switch|p1b: Bronzong|Bronzong, L50|100\/100\n|move|p1a: Grimmsnarl|Sucker Punch|p2a: Meowscarada\n|-resisted|p2a: Meowscarada\n|-damage|p2a: Meowscarada|0 fnt\n|faint|p2a: Meowscarada\n|move|p2b: Garchomp|Tera Blast|p1a: Grimmsnarl\n|-damage|p1a: Grimmsnarl|41\/100\n|-damage|p2b: Garchomp|91\/100|[from] item: Life Orb\n|\n|upkeep\n|\n|t:|1682991774\n|switch|p2a: Iron Hands|Iron Hands, L50|100\/100\n|turn|3\n|inactive|lttrm has 30 seconds left.\n|\n|t:|1682991800\n|switch|p1a: Skeledirge|Skeledirge, L50, F|100\/100\n|switch|p1b: Gastrodon|Gastrodon, L50, M|100\/100\n|move|p2b: Garchomp|Tera Blast|p1b: Gastrodon\n|-resisted|p1b: Gastrodon\n|-damage|p1b: Gastrodon|69\/100\n|-damage|p2b: Garchomp|81\/100|[from] item: Life Orb\n|move|p2a: Iron Hands|Wild Charge|p1b: Gastrodon\n|-immune|p1b: Gastrodon\n|\n|upkeep\n|turn|4\n|inactive|lttrm has 30 seconds left.\n|\n|t:|1682991827\n|move|p1a: Skeledirge|Protect|p1a: Skeledirge\n|-singleturn|p1a: Skeledirge|Protect\n|move|p1b: Gastrodon|Protect|p1b: Gastrodon\n|-singleturn|p1b: Gastrodon|Protect\n|move|p2b: Garchomp|Rock Slide|p1b: Gastrodon|[spread] \n|-activate|p1a: Skeledirge|move: Protect\n|-activate|p1b: Gastrodon|move: Protect\n|move|p2a: Iron Hands|Drain Punch|p1b: Gastrodon\n|-activate|p1b: Gastrodon|move: Protect\n|\n|upkeep\n|turn|5\n|inactive|hhhyy6 has 30 seconds left.\n|inactive|lttrm has 30 seconds left.\n|\n|t:|1682991859\n|-terastallize|p1a: Skeledirge|Fairy\n|move|p2b: Garchomp|Rock Slide|p1b: Gastrodon|[spread] p1a,p1b\n|-resisted|p1b: Gastrodon\n|-damage|p1a: Skeledirge|80\/100\n|-damage|p1b: Gastrodon|54\/100\n|-damage|p2b: Garchomp|71\/100|[from] item: Life Orb\n|move|p1a: Skeledirge|Encore|p2b: Garchomp\n|-start|p2b: Garchomp|Encore\n|move|p2a: Iron Hands|Stomping Tantrum|p1a: Skeledirge\n|-damage|p1a: Skeledirge|53\/100\n|move|p1b: Gastrodon|Earth Power|p2b: Garchomp\n|-supereffective|p2b: Garchomp\n|-damage|p2b: Garchomp|0 fnt\n|faint|p2b: Garchomp\n|\n|-heal|p1a: Skeledirge|59\/100|[from] item: Leftovers\n|upkeep\n|\n|t:|1682991869\n|switch|p2b: Iron Bundle|Iron Bundle, L50|100\/100\n|-enditem|p2b: Iron Bundle|Booster Energy\n|-activate|p2b: Iron Bundle|ability: Quark Drive|[fromitem]\n|-start|p2b: Iron Bundle|quarkdrivespe\n|turn|6\n|\n|t:|1682991890\n|switch|p1b: Bronzong|Bronzong, L50|100\/100\n|move|p1a: Skeledirge|Protect|p1a: Skeledirge\n|-singleturn|p1a: Skeledirge|Protect\n|move|p2b: Iron Bundle|Encore|p1a: Skeledirge\n|-activate|p1a: Skeledirge|move: Protect\n|move|p2a: Iron Hands|Drain Punch|p1a: Skeledirge\n|-activate|p1a: Skeledirge|move: Protect\n|\n|-heal|p1a: Skeledirge|65\/100|[from] item: Leftovers\n|upkeep\n|turn|7\n|-message|lttrm forfeited.\n|\n|win|hhhyy6\n|raw|hhhyy6's rating: 1299 → 1330<\/strong> (+31 for winning)\n|raw|lttrm's rating: 1378 → 1354<\/strong> (-24 for losing)\n|l|\u2606lttrm\n","uploadtime":1682991899,"views":15,"p1id":"hhhyy6","p2id":"lttrm","formatid":"gen9vgc2023regulationc","rating":1330,"private":0,"password":""}