{"id":"gen9vgc2023regulationc-1863990008","p1":"stamoactivo","p2":"nickfang6","format":"[Gen 9] VGC 2023 Regulation C","log":"|j|\u2606stamoactivo\n|j|\u2606nickfang6\n|t:|1684102067\n|gametype|doubles\n|player|p1|stamoactivo|lance|1395\n|player|p2|nickfang6|101|1513\n|teamsize|p1|6\n|teamsize|p2|6\n|gen|9\n|tier|[Gen 9] VGC 2023 Regulation C\n|rated|\n|rule|Species Clause: Limit one of each Pok\u00e9mon\n|rule|Item Clause: Limit one of each item\n|clearpoke\n|poke|p1|Ting-Lu, L50|\n|poke|p1|Iron Bundle, L50|\n|poke|p1|Chi-Yu, L50|\n|poke|p1|Dragonite, L50, F|\n|poke|p1|Kingambit, L50, M|\n|poke|p1|Flutter Mane, L50|\n|poke|p2|Iron Bundle, L50|\n|poke|p2|Flutter Mane, L50|\n|poke|p2|Chien-Pao, L50|\n|poke|p2|Kingambit, L50, F|\n|poke|p2|Scizor, L50, M|\n|poke|p2|Great Tusk, L50|\n|teampreview|4\n|inactive|Battle timer is ON: inactive players will automatically lose when time's up. (requested by nickfang6)\nstamoactivo has agreed to open team sheets.\nnickfang6 has agreed to open team sheets.\n|inactive|stamoactivo has 60 seconds left.\n|inactive|nickfang6 has 60 seconds left.\n|inactive|stamoactivo has 30 seconds left.\n|\n|t:|1684102136\n|start\n|switch|p1a: Kingambit|Kingambit, L50, M|100\/100\n|switch|p1b: Dragonite|Dragonite, L50, F|100\/100\n|switch|p2a: Chien-Pao|Chien-Pao, L50|100\/100\n|switch|p2b: Great Tusk|Great Tusk, L50|100\/100\n|-ability|p2a: Chien-Pao|Sword of Ruin\n|turn|1\n|\n|t:|1684102156\n|switch|p1b: Iron Bundle|Iron Bundle, L50|100\/100\n|-enditem|p1b: Iron Bundle|Booster Energy\n|-activate|p1b: Iron Bundle|ability: Quark Drive|[fromitem]\n|-start|p1b: Iron Bundle|quarkdrivespe\n|-terastallize|p1a: Kingambit|Flying\n|move|p2a: Chien-Pao|Protect|p2a: Chien-Pao\n|-singleturn|p2a: Chien-Pao|Protect\n|move|p2b: Great Tusk|Earthquake|p1b: Iron Bundle|[spread] p1b\n|-activate|p2a: Chien-Pao|move: Protect\n|-immune|p1a: Kingambit\n|-damage|p1b: Iron Bundle|43\/100\n|move|p1a: Kingambit|Tera Blast|p2b: Great Tusk\n|-supereffective|p2b: Great Tusk\n|-damage|p2b: Great Tusk|5\/100\n|\n|upkeep\n|turn|2\n|inactive|nickfang6 has 30 seconds left.\n|inactive|stamoactivo has 30 seconds left.\n|inactive|nickfang6 has 20 seconds left.\n|inactive|nickfang6 has 15 seconds left.\n|inactive|nickfang6 has 10 seconds left.\n|\n|t:|1684102202\n|-end|p2b: Great Tusk|Protosynthesis|[silent]\n|switch|p2b: Iron Bundle|Iron Bundle, L50|100\/100\n|-enditem|p2b: Iron Bundle|Booster Energy\n|-activate|p2b: Iron Bundle|ability: Quark Drive|[fromitem]\n|-start|p2b: Iron Bundle|quarkdrivespe\n|move|p2a: Chien-Pao|Sucker Punch|p1b: Iron Bundle\n|-damage|p1b: Iron Bundle|0 fnt\n|faint|p1b: Iron Bundle\n|-end|p1b: Iron Bundle|Quark Drive|[silent]\n|move|p1a: Kingambit|Iron Head|p2a: Chien-Pao\n|-supereffective|p2a: Chien-Pao\n|-enditem|p2a: Chien-Pao|Focus Sash\n|-damage|p2a: Chien-Pao|1\/100\n|\n|upkeep\n|\n|t:|1684102212\n|switch|p1b: Chi-Yu|Chi-Yu, L50|100\/100\n|-ability|p1b: Chi-Yu|Beads of Ruin\n|turn|3\n|inactive|stamoactivo has 30 seconds left.\n|inactive|nickfang6 has 30 seconds left.\n|inactive|nickfang6 has 20 seconds left.\n|inactive|stamoactivo has 20 seconds left.\n|\n|t:|1684102257\n|move|p2a: Chien-Pao|Protect|p2a: Chien-Pao\n|-singleturn|p2a: Chien-Pao|Protect\n|move|p2b: Iron Bundle|Hydro Pump|p1b: Chi-Yu\n|-supereffective|p1b: Chi-Yu\n|-enditem|p1b: Chi-Yu|Focus Sash\n|-damage|p1b: Chi-Yu|1\/100\n|move|p1b: Chi-Yu|Overheat|p2b: Iron Bundle\n|-damage|p2b: Iron Bundle|0 fnt\n|-unboost|p1b: Chi-Yu|spa|2\n|faint|p2b: Iron Bundle\n|-end|p2b: Iron Bundle|Quark Drive|[silent]\n|move|p1a: Kingambit|Iron Head|p2a: Chien-Pao\n|-activate|p2a: Chien-Pao|move: Protect\n|\n|upkeep\n|\n|t:|1684102277\n|switch|p2b: Flutter Mane|Flutter Mane, L50|100\/100\n|turn|4\n|inactive|stamoactivo has 30 seconds left.\n|\n|t:|1684102310\n|switch|p2a: Great Tusk|Great Tusk, L50|5\/100\n|move|p1b: Chi-Yu|Protect|p1b: Chi-Yu\n|-singleturn|p1b: Chi-Yu|Protect\n|move|p2b: Flutter Mane|Dazzling Gleam|p1a: Kingambit|[spread] p1a\n|-activate|p1b: Chi-Yu|move: Protect\n|-crit|p1a: Kingambit\n|-damage|p1a: Kingambit|55\/100\n|-damage|p2b: Flutter Mane|91\/100|[from] item: Life Orb\n|move|p1a: Kingambit|Iron Head|p2a: Great Tusk\n|-damage|p2a: Great Tusk|0 fnt\n|faint|p2a: Great Tusk\n|-end|p2a: Great Tusk|Protosynthesis|[silent]\n|\n|upkeep\n|\n|t:|1684102321\n|switch|p2a: Chien-Pao|Chien-Pao, L50|1\/100\n|-ability|p2a: Chien-Pao|Sword of Ruin\n|turn|5\n|\n|t:|1684102334\n|move|p2a: Chien-Pao|Sucker Punch|p1b: Chi-Yu\n|-resisted|p1b: Chi-Yu\n|-damage|p1b: Chi-Yu|0 fnt\n|faint|p1b: Chi-Yu\n|move|p2b: Flutter Mane|Moonblast|p1a: Kingambit\n|-crit|p1a: Kingambit\n|-damage|p1a: Kingambit|0 fnt\n|faint|p1a: Kingambit\n|-damage|p2b: Flutter Mane|81\/100|[from] item: Life Orb\n|\n|upkeep\n|\n|t:|1684102344\n|switch|p1b: Dragonite|Dragonite, L50, F|100\/100\n|turn|6\n|c|\u2606stamoactivo|Ok thats too Much crit\n|\n|t:|1684102368\n|move|p2a: Chien-Pao|Protect|p2a: Chien-Pao\n|-singleturn|p2a: Chien-Pao|Protect\n|move|p2b: Flutter Mane|Protect|p2b: Flutter Mane\n|-singleturn|p2b: Flutter Mane|Protect\n|move|p1b: Dragonite|Earthquake|p2b: Flutter Mane|[spread] \n|-activate|p2a: Chien-Pao|move: Protect\n|-activate|p2b: Flutter Mane|move: Protect\n|\n|upkeep\n|turn|7\n|c|\u2606nickfang6|ya\n|\n|t:|1684102379\n|-terastallize|p2a: Chien-Pao|Flying\n|move|p2a: Chien-Pao|Ice Spinner|p1b: Dragonite\n|-supereffective|p1b: Dragonite\n|-damage|p1b: Dragonite|0 fnt\n|faint|p1b: Dragonite\n|\n|win|nickfang6\n|raw|stamoactivo's rating: 1395 → 1382<\/strong> (-13 for losing)\n|raw|nickfang6's rating: 1513 → 1526<\/strong> (+13 for winning)\n","uploadtime":1684102386,"views":12,"p1id":"stamoactivo","p2id":"nickfang6","formatid":"gen9vgc2023regulationc","rating":1382,"private":0,"password":""}