{"id":"gen9vgc2023regulationc-1849847779","p1":"Desconocido 187","p2":"sonniko","format":"[Gen 9] VGC 2023 Regulation C","log":"|j|\u2606Desconocido 187\n|j|\u2606sonniko\n|t:|1682260150\n|gametype|doubles\n|player|p1|Desconocido 187|101|1085\n|player|p2|sonniko|sailor|1100\n|teamsize|p1|6\n|teamsize|p2|6\n|gen|9\n|tier|[Gen 9] VGC 2023 Regulation C\n|rated|\n|rule|Species Clause: Limit one of each Pok\u00e9mon\n|rule|Item Clause: Limit one of each item\n|clearpoke\n|poke|p1|Baxcalibur, L50, F|\n|poke|p1|Scizor, L50, M|\n|poke|p1|Tyranitar, L50, M|\n|poke|p1|Chi-Yu, L50|\n|poke|p1|Gyarados, L50, M|\n|poke|p1|Annihilape, L50, M|\n|poke|p2|Garchomp, L50, M|\n|poke|p2|Iron Bundle, L50|\n|poke|p2|Great Tusk, L50|\n|poke|p2|Amoonguss, L50, F|\n|poke|p2|Arcanine, L50, M|\n|poke|p2|Torkoal, L50, F|\n|teampreview|4\n|inactive|Battle timer is ON: inactive players will automatically lose when time's up. (requested by sonniko)\n|\n|t:|1682260181\n|start\n|switch|p1a: Gyarados|Gyarados, L50, M|100\/100\n|switch|p1b: Baxcalibur|Baxcalibur, L50, F|100\/100\n|switch|p2a: Torkoal|Torkoal, L50, F|100\/100\n|switch|p2b: Great Tusk|Great Tusk, L50|100\/100\n|-ability|p1a: Gyarados|Intimidate|boost\n|-unboost|p2a: Torkoal|atk|1\n|-unboost|p2b: Great Tusk|atk|1\n|-weather|SunnyDay|[from] ability: Drought|[of] p2a: Torkoal\n|-activate|p2b: Great Tusk|ability: Protosynthesis\n|-start|p2b: Great Tusk|protosynthesisdef\n|turn|1\n|inactive|Desconocido 187 has 30 seconds left.\n|inactive|sonniko has 30 seconds left.\n|inactive|Desconocido 187 has 20 seconds left.\n|inactive|sonniko has 20 seconds left.\n|inactive|sonniko has 15 seconds left.\n|inactive|sonniko has 10 seconds left.\n|\n|t:|1682260226\n|switch|p2a: Iron Bundle|Iron Bundle, L50|100\/100\n|-enditem|p2a: Iron Bundle|Booster Energy\n|-activate|p2a: Iron Bundle|ability: Quark Drive|[fromitem]\n|-start|p2a: Iron Bundle|quarkdrivespa\n|move|p1a: Gyarados|Dragon Dance|p1a: Gyarados\n|-boost|p1a: Gyarados|atk|1\n|-boost|p1a: Gyarados|spe|1\n|move|p2b: Great Tusk|Headlong Rush|p1b: Baxcalibur\n|-damage|p1b: Baxcalibur|39\/100\n|-unboost|p2b: Great Tusk|def|1\n|-unboost|p2b: Great Tusk|spd|1\n|-damage|p2b: Great Tusk|91\/100|[from] item: Life Orb\n|move|p1b: Baxcalibur|Swords Dance|p1b: Baxcalibur\n|-boost|p1b: Baxcalibur|atk|2\n|\n|-weather|SunnyDay|[upkeep]\n|upkeep\n|turn|2\n|inactive|Desconocido 187 has 30 seconds left.\n|inactive|sonniko has 30 seconds left.\n|inactive|sonniko has 20 seconds left.\n|\n|t:|1682260262\n|switch|p1b: Annihilape|Annihilape, L50, M|100\/100\n|move|p1a: Gyarados|Waterfall|p2b: Great Tusk\n|-supereffective|p2b: Great Tusk\n|-damage|p2b: Great Tusk|50\/100\n|move|p2a: Iron Bundle|Freeze-Dry|p1a: Gyarados\n|-supereffective|p1a: Gyarados\n|-damage|p1a: Gyarados|0 fnt\n|faint|p1a: Gyarados\n|move|p2b: Great Tusk|Headlong Rush|p1b: Annihilape\n|-damage|p1b: Annihilape|26\/100\n|-unboost|p2b: Great Tusk|def|1\n|-unboost|p2b: Great Tusk|spd|1\n|-damage|p2b: Great Tusk|40\/100|[from] item: Life Orb\n|\n|-weather|SunnyDay|[upkeep]\n|upkeep\n|\n|t:|1682260279\n|switch|p1a: Tyranitar|Tyranitar, L50, M|100\/100\n|-weather|Sandstorm|[from] ability: Sand Stream|[of] p1a: Tyranitar\n|-end|p2b: Great Tusk|Protosynthesis\n|turn|3\n|inactive|sonniko has 30 seconds left.\n|inactive|Desconocido 187 has 30 seconds left.\n|inactive|sonniko has 20 seconds left.\n|\n|t:|1682260318\n|-terastallize|p1a: Tyranitar|Flying\n|move|p1b: Annihilape|Protect|p1b: Annihilape\n|-singleturn|p1b: Annihilape|Protect\n|move|p2a: Iron Bundle|Ice Spinner|p1b: Annihilape\n|-activate|p1b: Annihilape|move: Protect\n|move|p2b: Great Tusk|Close Combat|p1a: Tyranitar\n|-resisted|p1a: Tyranitar\n|-damage|p1a: Tyranitar|80\/100\n|-unboost|p2b: Great Tusk|def|1\n|-unboost|p2b: Great Tusk|spd|1\n|-damage|p2b: Great Tusk|30\/100|[from] item: Life Orb\n|move|p1a: Tyranitar|Rock Slide|p2b: Great Tusk|[spread] p2a\n|-miss|p1a: Tyranitar|p2b: Great Tusk\n|-supereffective|p2a: Iron Bundle\n|-damage|p2a: Iron Bundle|33\/100\n|\n|-weather|Sandstorm|[upkeep]\n|-damage|p2a: Iron Bundle|26\/100|[from] Sandstorm\n|-damage|p1b: Annihilape|20\/100|[from] Sandstorm\n|-damage|p1a: Tyranitar|74\/100|[from] Sandstorm\n|upkeep\n|turn|4\n|inactive|Desconocido 187 has 30 seconds left.\n|inactive|sonniko has 30 seconds left.\n|inactive|Desconocido 187 has 20 seconds left.\n|inactive|sonniko has 20 seconds left.\n|inactive|Desconocido 187 has 15 seconds left.\n|inactive|sonniko has 15 seconds left.\n|\n|t:|1682260362\n|move|p1a: Tyranitar|Protect|p1a: Tyranitar\n|-singleturn|p1a: Tyranitar|Protect\n|move|p2a: Iron Bundle|Ice Spinner|p1b: Annihilape\n|-damage|p1b: Annihilape|0 fnt\n|faint|p1b: Annihilape\n|move|p2b: Great Tusk|Iron Head|p1a: Tyranitar\n|-activate|p1a: Tyranitar|move: Protect\n|\n|-weather|Sandstorm|[upkeep]\n|-damage|p2a: Iron Bundle|20\/100|[from] Sandstorm\n|-damage|p1a: Tyranitar|68\/100|[from] Sandstorm\n|upkeep\n|\n|t:|1682260371\n|switch|p1b: Baxcalibur|Baxcalibur, L50, F|39\/100\n|turn|5\n|inactive|sonniko has 30 seconds left.\n|\n|t:|1682260403\n|move|p2a: Iron Bundle|Ice Spinner|p1a: Tyranitar\n|-supereffective|p1a: Tyranitar\n|-damage|p1a: Tyranitar|39\/100\n|move|p1b: Baxcalibur|Glaive Rush|p2b: Great Tusk\n|-damage|p2b: Great Tusk|0 fnt\n|-singlemove|p1b: Baxcalibur|Glaive Rush|[silent]\n|faint|p2b: Great Tusk\n|-end|p2b: Great Tusk|Protosynthesis|[silent]\n|move|p1a: Tyranitar|Rock Slide|p2a: Iron Bundle\n|-supereffective|p2a: Iron Bundle\n|-damage|p2a: Iron Bundle|0 fnt\n|faint|p2a: Iron Bundle\n|-end|p2a: Iron Bundle|Quark Drive|[silent]\n|\n|-weather|Sandstorm|[upkeep]\n|-damage|p1b: Baxcalibur|33\/100|[from] Sandstorm\n|-damage|p1a: Tyranitar|34\/100|[from] Sandstorm\n|upkeep\n|\n|t:|1682260421\n|switch|p2a: Garchomp|Garchomp, L50, M|100\/100\n|switch|p2b: Torkoal|Torkoal, L50, F|100\/100\n|-weather|SunnyDay|[from] ability: Drought|[of] p2b: Torkoal\n|turn|6\n|\n|t:|1682260443\n|-terastallize|p2a: Garchomp|Fire\n|move|p2a: Garchomp|Dragon Claw|p1b: Baxcalibur\n|-supereffective|p1b: Baxcalibur\n|-damage|p1b: Baxcalibur|0 fnt\n|faint|p1b: Baxcalibur\n|move|p1a: Tyranitar|Rock Slide|p2b: Torkoal|[spread] p2a\n|-miss|p1a: Tyranitar|p2b: Torkoal\n|-supereffective|p2a: Garchomp\n|-damage|p2a: Garchomp|53\/100\n|move|p2b: Torkoal|Overheat|p1a: Tyranitar\n|-damage|p1a: Tyranitar|0 fnt\n|-unboost|p2b: Torkoal|spa|2\n|faint|p1a: Tyranitar\n|\n|win|sonniko\n|raw|Desconocido 187's rating: 1085 → 1063<\/strong> (-22 for losing)\n|raw|sonniko's rating: 1100 → 1124<\/strong> (+24 for winning)\n|l|\u2606sonniko\n","uploadtime":1682260486,"views":12,"p1id":"desconocido187","p2id":"sonniko","formatid":"gen9vgc2023regulationc","rating":1063,"private":0,"password":""}