{"id":"gen9vgc2023regulationc-1857115342","p1":"T8XICIDAD","p2":"shyne","format":"[Gen 9] VGC 2023 Regulation C","log":"|j|\u2606T8XICIDAD\n|j|\u2606shyne\n|t:|1683147312\n|gametype|doubles\n|player|p1|T8XICIDAD|clair|1111\n|player|p2|shyne|266|1076\n|teamsize|p1|6\n|teamsize|p2|6\n|gen|9\n|tier|[Gen 9] VGC 2023 Regulation C\n|rated|\n|rule|Species Clause: Limit one of each Pok\u00e9mon\n|rule|Item Clause: Limit one of each item\n|clearpoke\n|poke|p1|Amoonguss, L50, M|\n|poke|p1|Palafin, L50, M|\n|poke|p1|Arcanine, L50, M|\n|poke|p1|Flutter Mane, L50|\n|poke|p1|Ting-Lu, L50|\n|poke|p1|Kingambit, L50, F|\n|poke|p2|Baxcalibur, L50, F|\n|poke|p2|Ceruledge, L50, F|\n|poke|p2|Ting-Lu, L50|\n|poke|p2|Breloom, L50, F|\n|poke|p2|Tinkaton, L50, F|\n|poke|p2|Chien-Pao, L50|\n|teampreview|4\nshyne rejected open team sheets.\n|\n|t:|1683147395\n|start\n|switch|p1a: Flutter Mane|Flutter Mane, L50|100\/100\n|switch|p1b: Palafin|Palafin, L50, M|100\/100\n|switch|p2a: Baxcalibur|Baxcalibur, L50, F, shiny|100\/100\n|switch|p2b: Chien-Pao|Chien-Pao, L50|100\/100\n|-ability|p2b: Chien-Pao|Sword of Ruin\n|-enditem|p1a: Flutter Mane|Booster Energy\n|-activate|p1a: Flutter Mane|ability: Protosynthesis|[fromitem]\n|-start|p1a: Flutter Mane|protosynthesisspe\n|turn|1\n|\n|t:|1683147428\n|detailschange|p1b: Palafin|Palafin-Hero, L50, M\n|switch|p1b: Arcanine|Arcanine, L50, M|100\/100\n|-ability|p1b: Arcanine|Intimidate|boost\n|-unboost|p2a: Baxcalibur|atk|1\n|-unboost|p2b: Chien-Pao|atk|1\n|move|p1a: Flutter Mane|Protect|p1a: Flutter Mane\n|-singleturn|p1a: Flutter Mane|Protect\n|move|p2b: Chien-Pao|Sucker Punch||[still]\n|-fail|p2b: Chien-Pao\n|move|p2a: Baxcalibur|Ice Shard|p1a: Flutter Mane\n|-activate|p1a: Flutter Mane|move: Protect\n|\n|upkeep\n|turn|2\n|\n|t:|1683147452\n|switch|p2b: Ting-Lu|Ting-Lu, L50|100\/100\n|-ability|p2b: Ting-Lu|Vessel of Ruin\n|-terastallize|p1a: Flutter Mane|Fairy\n|move|p1a: Flutter Mane|Dazzling Gleam|p2b: Ting-Lu|[spread] p2a,p2b\n|-supereffective|p2a: Baxcalibur\n|-supereffective|p2b: Ting-Lu\n|-damage|p2a: Baxcalibur|39\/100\n|-damage|p2b: Ting-Lu|58\/100\n|move|p2a: Baxcalibur|Dragon Dance|p2a: Baxcalibur\n|-boost|p2a: Baxcalibur|atk|1\n|-boost|p2a: Baxcalibur|spe|1\n|move|p1b: Arcanine|Will-O-Wisp|p2b: Ting-Lu\n|-status|p2b: Ting-Lu|brn\n|\n|-heal|p2b: Ting-Lu|64\/100 brn|[from] item: Leftovers\n|-damage|p2b: Ting-Lu|58\/100 brn|[from] brn\n|upkeep\n|turn|3\n|\n|t:|1683147480\n|switch|p2b: Chien-Pao|Chien-Pao, L50|100\/100\n|-ability|p2b: Chien-Pao|Sword of Ruin\n|move|p1a: Flutter Mane|Protect|p1a: Flutter Mane\n|-singleturn|p1a: Flutter Mane|Protect\n|move|p2a: Baxcalibur|Ice Shard|p1a: Flutter Mane\n|-activate|p1a: Flutter Mane|move: Protect\n|move|p1b: Arcanine|Howl|p1b: Arcanine|[spread] p1a,p1b\n|-boost|p1a: Flutter Mane|atk|1\n|-boost|p1b: Arcanine|atk|1\n|\n|upkeep\n|turn|4\n|\n|t:|1683147505\n|move|p2a: Baxcalibur|Ice Shard|p1a: Flutter Mane\n|-damage|p1a: Flutter Mane|34\/100\n|-damage|p2a: Baxcalibur|29\/100|[from] item: Life Orb\n|move|p2b: Chien-Pao|Ice Shard|p1a: Flutter Mane\n|-damage|p1a: Flutter Mane|0 fnt\n|faint|p1a: Flutter Mane\n|-end|p1a: Flutter Mane|Protosynthesis|[silent]\n|move|p1b: Arcanine|Will-O-Wisp|p2b: Chien-Pao\n|-status|p2b: Chien-Pao|brn\n|\n|-damage|p2b: Chien-Pao|95\/100 brn|[from] brn\n|upkeep\n|\n|t:|1683147519\n|switch|p1a: Palafin|Palafin-Hero, L50, M|100\/100\n|-activate|p1a: Palafin|ability: Zero to Hero\n|turn|5\n|\n|t:|1683147539\n|switch|p2b: Ting-Lu|Ting-Lu, L50|58\/100 brn\n|-ability|p2b: Ting-Lu|Vessel of Ruin\n|move|p1a: Palafin|Jet Punch|p2a: Baxcalibur\n|-resisted|p2a: Baxcalibur\n|-crit|p2a: Baxcalibur\n|-damage|p2a: Baxcalibur|0 fnt\n|faint|p2a: Baxcalibur\n|move|p1b: Arcanine|Howl|p1b: Arcanine|[spread] p1a,p1b\n|-boost|p1a: Palafin|atk|1\n|-boost|p1b: Arcanine|atk|1\n|\n|-heal|p2b: Ting-Lu|64\/100 brn|[from] item: Leftovers\n|-damage|p2b: Ting-Lu|58\/100 brn|[from] brn\n|upkeep\n|\n|t:|1683147544\n|switch|p2a: Breloom|Breloom, L50, F|100\/100\n|turn|6\n|\n|t:|1683147568\n|move|p1a: Palafin|Protect|p1a: Palafin\n|-singleturn|p1a: Palafin|Protect\n|move|p2a: Breloom|Spore|p1b: Arcanine\n|-activate|p1b: Arcanine|item: Safety Goggles|Spore\n|move|p1b: Arcanine|Flare Blitz|p2a: Breloom\n|-supereffective|p2a: Breloom\n|-enditem|p2a: Breloom|Focus Sash\n|-damage|p2a: Breloom|1\/100\n|-damage|p1b: Arcanine|77\/100|[from] Recoil\n|move|p2b: Ting-Lu|Ruination|p1b: Arcanine\n|-damage|p1b: Arcanine|39\/100\n|\n|-heal|p2b: Ting-Lu|64\/100 brn|[from] item: Leftovers\n|-damage|p2b: Ting-Lu|58\/100 brn|[from] brn\n|upkeep\n|turn|7\n|\n|t:|1683147591\n|move|p2a: Breloom|Protect|p2a: Breloom\n|-singleturn|p2a: Breloom|Protect\n|move|p1b: Arcanine|Extreme Speed|p2a: Breloom\n|-activate|p2a: Breloom|move: Protect\n|move|p1a: Palafin|Jet Punch|p2b: Ting-Lu\n|-supereffective|p2b: Ting-Lu\n|-damage|p2b: Ting-Lu|0 fnt\n|faint|p2b: Ting-Lu\n|\n|upkeep\n|\n|t:|1683147599\n|switch|p2b: Chien-Pao|Chien-Pao, L50|95\/100 brn\n|-ability|p2b: Chien-Pao|Sword of Ruin\n|turn|8\n|\n|t:|1683147606\n|move|p2a: Breloom|Protect|p2a: Breloom\n|-singleturn|p2a: Breloom|Protect\n|move|p1a: Palafin|Protect|p1a: Palafin\n|-singleturn|p1a: Palafin|Protect\n|move|p1b: Arcanine|Extreme Speed|p2a: Breloom\n|-activate|p2a: Breloom|move: Protect\n|move|p2b: Chien-Pao|Sacred Sword|p1b: Arcanine\n|-damage|p1b: Arcanine|10\/100\n|\n|-damage|p2b: Chien-Pao|89\/100 brn|[from] brn\n|upkeep\n|turn|9\n|\n|t:|1683147628\n|move|p2a: Breloom|Protect||[still]\n|-fail|p2a: Breloom\n|move|p1b: Arcanine|Extreme Speed|p2a: Breloom\n|-damage|p2a: Breloom|0 fnt\n|faint|p2a: Breloom\n|move|p1a: Palafin|Jet Punch|p2b: Chien-Pao\n|-damage|p2b: Chien-Pao|0 fnt\n|faint|p2b: Chien-Pao\n|\n|win|T8XICIDAD\n|raw|T8XICIDAD's rating: 1111 → 1133<\/strong> (+22 for winning)\n|raw|shyne's rating: 1076 → 1057<\/strong> (-19 for losing)\n|l|\u2606shyne\n|c|\u2606T8XICIDAD|Merecido\n","uploadtime":1683147640,"views":6,"p1id":"t8xicidad","p2id":"shyne","formatid":"gen9vgc2023regulationc","rating":1057,"private":0,"password":""}