{"id":"gen9vgc2023regulationc-1844901971","p1":"Nosck","p2":"TrainerRYSA","format":"[Gen 9] VGC 2023 Regulation C","log":"|j|\u2606Nosck\n|j|\u2606TrainerRYSA\n|t:|1681662237\n|gametype|doubles\n|player|p1|Nosck|ltsurge|1224\n|player|p2|TrainerRYSA|170|1150\n|teamsize|p1|6\n|teamsize|p2|6\n|gen|9\n|tier|[Gen 9] VGC 2023 Regulation C\n|rated|\n|rule|Species Clause: Limit one of each Pok\u00e9mon\n|rule|Item Clause: Limit one of each item\n|clearpoke\n|poke|p1|Tatsugiri, L50, M|\n|poke|p1|Mimikyu, L50, F|\n|poke|p1|Skeledirge, L50, M|\n|poke|p1|Meowscarada, L50, M|\n|poke|p1|Dondozo, L50, M|\n|poke|p1|Iron Hands, L50|\n|poke|p2|Flutter Mane, L50|\n|poke|p2|Iron Hands, L50|\n|poke|p2|Dragonite, L50, M|\n|poke|p2|Umbreon, L50, M|\n|poke|p2|Gyarados, L50, F|\n|poke|p2|Palafin, L50, M|\n|teampreview|4\n|inactive|Battle timer is ON: inactive players will automatically lose when time's up. (requested by Nosck)\n|inactive|TrainerRYSA has 60 seconds left.\n|inactive|TrainerRYSA has 30 seconds left.\n|\n|t:|1681662304\n|start\n|switch|p1a: Tatsugiri|Tatsugiri, L50, M|100\/100\n|switch|p1b: Meowscarada|Meowscarada, L50, M|100\/100\n|switch|p2a: Sasuke|Umbreon, L50, M, shiny|100\/100\n|switch|p2b: Palafin|Palafin, L50, M|100\/100\n|turn|1\n|inactive|Nosck has 30 seconds left.\n|inactive|TrainerRYSA has 30 seconds left.\n|inactive|TrainerRYSA has 20 seconds left.\n|\n|t:|1681662342\n|move|p2b: Palafin|Protect|p2b: Palafin\n|-singleturn|p2b: Palafin|Protect\n|move|p1a: Tatsugiri|Icy Wind|p2b: Palafin|[spread] p2a\n|-activate|p2b: Palafin|move: Protect\n|-damage|p2a: Sasuke|91\/100\n|-unboost|p2a: Sasuke|spe|1\n|move|p1b: Meowscarada|U-turn|p2a: Sasuke\n|-start|p1b: Meowscarada|typechange|Bug|[from] ability: Protean\n|-supereffective|p2a: Sasuke\n|-damage|p2a: Sasuke|36\/100\n|\n|t:|1681662357\n|switch|p1b: Iron Hands|Iron Hands, L50|100\/100|[from] U-turn\n|-enditem|p1b: Iron Hands|Booster Energy\n|-activate|p1b: Iron Hands|ability: Quark Drive|[fromitem]\n|-start|p1b: Iron Hands|quarkdriveatk\n|move|p2a: Sasuke|Foul Play|p1b: Iron Hands\n|-resisted|p1b: Iron Hands\n|-damage|p1b: Iron Hands|81\/100\n|\n|upkeep\n|turn|2\n|\n|t:|1681662374\n|detailschange|p2b: Palafin|Palafin-Hero, L50, M\n|switch|p2b: Flutter Mane|Flutter Mane, L50|100\/100\n|-enditem|p2b: Flutter Mane|Booster Energy\n|-activate|p2b: Flutter Mane|ability: Protosynthesis|[fromitem]\n|-start|p2b: Flutter Mane|protosynthesisspa\n|move|p1b: Iron Hands|Fake Out|p2a: Sasuke\n|-damage|p2a: Sasuke|22\/100\n|move|p1a: Tatsugiri|Icy Wind|p2b: Flutter Mane|[spread] p2a,p2b\n|-damage|p2a: Sasuke|12\/100\n|-damage|p2b: Flutter Mane|88\/100\n|-unboost|p2a: Sasuke|spe|1\n|-unboost|p2b: Flutter Mane|spe|1\n|move|p2a: Sasuke|Moonlight|p2a: Sasuke\n|-heal|p2a: Sasuke|62\/100\n|\n|upkeep\n|turn|3\n|inactive|Nosck has 30 seconds left.\n|inactive|TrainerRYSA has 30 seconds left.\n|\n|t:|1681662404\n|-terastallize|p1b: Iron Hands|Grass\n|move|p1a: Tatsugiri|Icy Wind|p2a: Sasuke|[spread] p2a,p2b\n|-damage|p2a: Sasuke|52\/100\n|-damage|p2b: Flutter Mane|75\/100\n|-unboost|p2a: Sasuke|spe|1\n|-unboost|p2b: Flutter Mane|spe|1\n|move|p2b: Flutter Mane|Dazzling Gleam|p1a: Tatsugiri|[spread] p1a,p1b\n|-supereffective|p1a: Tatsugiri\n|-damage|p1a: Tatsugiri|0 fnt\n|-damage|p1b: Iron Hands|41\/100\n|faint|p1a: Tatsugiri\n|move|p1b: Iron Hands|Iron Head|p2b: Flutter Mane\n|-supereffective|p2b: Flutter Mane\n|-damage|p2b: Flutter Mane|0 fnt\n|faint|p2b: Flutter Mane\n|-end|p2b: Flutter Mane|Protosynthesis|[silent]\n|move|p2a: Sasuke|Snarl|p1b: Iron Hands\n|-damage|p1b: Iron Hands|29\/100\n|-unboost|p1b: Iron Hands|spa|1\n|\n|upkeep\n|\n|t:|1681662426\n|switch|p2b: Palafin|Palafin-Hero, L50, M|100\/100\n|switch|p1a: Meowscarada|Meowscarada, L50, M|100\/100\n|-activate|p2b: Palafin|ability: Zero to Hero\n|turn|4\n|inactive|TrainerRYSA has 30 seconds left.\n|inactive|TrainerRYSA has 20 seconds left.\n|inactive|TrainerRYSA has 15 seconds left.\n|inactive|TrainerRYSA has 10 seconds left.\n|inactive|TrainerRYSA has 5 seconds left.\n|\n|t:|1681662477\n|-terastallize|p2b: Palafin|Water\n|move|p2b: Palafin|Jet Punch|p1a: Meowscarada\n|-resisted|p1a: Meowscarada\n|-damage|p1a: Meowscarada|51\/100\n|move|p1a: Meowscarada|Flower Trick|p2b: Palafin\n|-start|p1a: Meowscarada|typechange|Grass|[from] ability: Protean\n|-supereffective|p2b: Palafin\n|-crit|p2b: Palafin\n|-damage|p2b: Palafin|0 fnt\n|faint|p2b: Palafin\n|move|p1b: Iron Hands|Drain Punch|p2a: Sasuke\n|-supereffective|p2a: Sasuke\n|-damage|p2a: Sasuke|0 fnt\n|-heal|p1b: Iron Hands|49\/100|[from] drain|[of] p2a: Sasuke\n|faint|p2a: Sasuke\n|\n|upkeep\n|\n|t:|1681662492\n|switch|p2a: Dragonite|Dragonite, L50, M, shiny|100\/100\n|turn|5\n|\n|t:|1681662509\n|-end|p1b: Iron Hands|Quark Drive|[silent]\n|switch|p1b: Dondozo|Dondozo, L50, M|100\/100\n|move|p1a: Meowscarada|Flower Trick|p2a: Dragonite\n|-resisted|p2a: Dragonite\n|-crit|p2a: Dragonite\n|-damage|p2a: Dragonite|83\/100\n|move|p2a: Dragonite|Outrage|p1b: Dondozo\n|-damage|p1b: Dondozo|36\/100\n|\n|upkeep\n|turn|6\n|\n|t:|1681662525\n|move|p1a: Meowscarada|Flower Trick|p2a: Dragonite\n|-resisted|p2a: Dragonite\n|-crit|p2a: Dragonite\n|-damage|p2a: Dragonite|64\/100\n|move|p2a: Dragonite|Outrage|p1b: Dondozo|[from]lockedmove\n|-damage|p1b: Dondozo|0 fnt\n|faint|p1b: Dondozo\n|-start|p2a: Dragonite|confusion|[fatigue]\n|\n|upkeep\n|\n|t:|1681662538\n|switch|p1b: Iron Hands|Iron Hands, L50, tera:Grass|49\/100\n|turn|7\n|\n|t:|1681662544\n|move|p1b: Iron Hands|Fake Out|p2a: Dragonite\n|-damage|p2a: Dragonite|49\/100\n|move|p1a: Meowscarada|Flower Trick|p2a: Dragonite\n|-resisted|p2a: Dragonite\n|-crit|p2a: Dragonite\n|-damage|p2a: Dragonite|30\/100\n|-activate|p2a: Dragonite|confusion\n|move|p2a: Dragonite|Outrage|p1a: Meowscarada\n|-crit|p1a: Meowscarada\n|-damage|p1a: Meowscarada|0 fnt\n|faint|p1a: Meowscarada\n|\n|upkeep\n|turn|8\n|\n|t:|1681662558\n|-activate|p2a: Dragonite|confusion\n|move|p2a: Dragonite|Outrage|p1b: Iron Hands|[from]lockedmove\n|-damage|p1b: Iron Hands|0 fnt\n|faint|p1b: Iron Hands\n|-end|p1b: Iron Hands|Quark Drive|[silent]\n|\n|win|TrainerRYSA\n|raw|Nosck's rating: 1224 → 1194<\/strong> (-30 for losing)\n|raw|TrainerRYSA's rating: 1150 → 1180<\/strong> (+30 for winning)\n|c|\u2606TrainerRYSA|gg\n","uploadtime":1681662566,"views":61,"p1id":"nosck","p2id":"trainerrysa","formatid":"gen9vgc2023regulationc","rating":1180,"private":0,"password":""}