{"id":"gen9vgc2023regulationc-1849655407","p1":"SoggyWaffles35","p2":"vroomfrogger","format":"[Gen 9] VGC 2023 Regulation C","log":"|j|\u2606SoggyWaffles35\n|j|\u2606vroomfrogger\n|t:|1682226583\n|gametype|doubles\n|player|p1|SoggyWaffles35|265|1382\n|player|p2|vroomfrogger|acetrainerf-gen4dp|1425\n|teamsize|p1|6\n|teamsize|p2|6\n|gen|9\n|tier|[Gen 9] VGC 2023 Regulation C\n|rated|\n|rule|Species Clause: Limit one of each Pok\u00e9mon\n|rule|Item Clause: Limit one of each item\n|clearpoke\n|poke|p1|Orthworm, L50, M|\n|poke|p1|Ting-Lu, L50|\n|poke|p1|Chien-Pao, L50|\n|poke|p1|Dragonite, L50, M|\n|poke|p1|Gyarados, L50, M|\n|poke|p1|Flutter Mane, L50|\n|poke|p2|Glimmora, L50, M|\n|poke|p2|Tyranitar, L50, F|\n|poke|p2|Houndstone, L50, M|\n|poke|p2|Garchomp, L50, F|\n|poke|p2|Annihilape, L50, F|\n|poke|p2|Scizor, L50, F|\n|teampreview|4\n|inactive|Battle timer is ON: inactive players will automatically lose when time's up. (requested by vroomfrogger)\nSoggyWaffles35 has agreed to open team sheets.\n|inactive|SoggyWaffles35 has 60 seconds left.\n|j| Braindeadmeta\n|inactive|SoggyWaffles35 has 30 seconds left.\n|inactive|SoggyWaffles35 has 20 seconds left.\n|inactive|SoggyWaffles35 has 15 seconds left.\n|inactive|SoggyWaffles35 has 10 seconds left.\n|inactive|SoggyWaffles35 has 5 seconds left.\n|\n|t:|1682226669\n|start\n|switch|p1a: Ting-Lu|Ting-Lu, L50|100\/100\n|switch|p1b: Chien-Pao|Chien-Pao, L50|100\/100\n|switch|p2a: Annihilape|Annihilape, L50, F|100\/100\n|switch|p2b: Garchomp|Garchomp, L50, F|100\/100\n|-ability|p1b: Chien-Pao|Sword of Ruin\n|-ability|p1a: Ting-Lu|Vessel of Ruin\n|turn|1\n|inactive|SoggyWaffles35 has 30 seconds left.\n|\n|t:|1682226696\n|-terastallize|p2b: Garchomp|Steel\n|move|p2a: Annihilape|Final Gambit|p1a: Ting-Lu\n|-damage|p1a: Ting-Lu|18\/100\n|faint|p2a: Annihilape\n|move|p1b: Chien-Pao|Ice Spinner|p2b: Garchomp\n|-resisted|p2b: Garchomp\n|-damage|p2b: Garchomp|73\/100\n|move|p2b: Garchomp|Rock Slide|p1a: Ting-Lu|[spread] p1a,p1b\n|-resisted|p1a: Ting-Lu\n|-supereffective|p1b: Chien-Pao\n|-damage|p1a: Ting-Lu|10\/100\n|-damage|p1b: Chien-Pao|51\/100\n|cant|p1a: Ting-Lu|flinch\n|\n|upkeep\n|\n|t:|1682226704\n|switch|p2a: Tyranitar|Tyranitar, L50, F|100\/100\n|-weather|Sandstorm|[from] ability: Sand Stream|[of] p2a: Tyranitar\n|turn|2\n|inactive|SoggyWaffles35 has 30 seconds left.\n|\n|t:|1682226735\n|move|p1b: Chien-Pao|Sacred Sword|p2a: Tyranitar\n|-supereffective|p2a: Tyranitar\n|-damage|p2a: Tyranitar|0 fnt\n|faint|p2a: Tyranitar\n|move|p2b: Garchomp|Dragon Claw|p1a: Ting-Lu\n|-damage|p1a: Ting-Lu|0 fnt\n|faint|p1a: Ting-Lu\n|\n|-weather|Sandstorm|[upkeep]\n|-damage|p1b: Chien-Pao|46\/100|[from] Sandstorm\n|upkeep\n|\n|t:|1682226753\n|switch|p2a: Houndstone|Houndstone, L50, M|100\/100\n|switch|p1a: Orthworm|Orthworm, L50, M|100\/100\n|turn|3\n|\n|t:|1682226766\n|-terastallize|p1a: Orthworm|Fire\n|move|p2a: Houndstone|Protect|p2a: Houndstone\n|-singleturn|p2a: Houndstone|Protect\n|move|p1b: Chien-Pao|Ice Spinner|p2b: Garchomp\n|-resisted|p2b: Garchomp\n|-damage|p2b: Garchomp|49\/100\n|move|p2b: Garchomp|Rock Slide|p1b: Chien-Pao|[spread] p1a,p1b\n|-supereffective|p1a: Orthworm\n|-supereffective|p1b: Chien-Pao\n|-damage|p1a: Orthworm|66\/100\n|-damage|p1b: Chien-Pao|0 fnt\n|faint|p1b: Chien-Pao\n|move|p1a: Orthworm|Iron Defense|p1a: Orthworm\n|-boost|p1a: Orthworm|def|2\n|\n|-weather|Sandstorm|[upkeep]\n|-damage|p1a: Orthworm|60\/100|[from] Sandstorm\n|upkeep\n|\n|t:|1682226773\n|switch|p1b: Dragonite|Dragonite, L50, M|100\/100\n|turn|4\n|\n|t:|1682226795\n|move|p2a: Houndstone|Last Respects|p1b: Dragonite\n|-damage|p1b: Dragonite|55\/100\n|-damage|p2a: Houndstone|91\/100|[from] item: Life Orb\n|move|p2b: Garchomp|Rock Slide|p1b: Dragonite|[spread] p1a\n|-miss|p2b: Garchomp|p1b: Dragonite\n|-supereffective|p1a: Orthworm\n|-damage|p1a: Orthworm|47\/100\n|-enditem|p1a: Orthworm|Sitrus Berry|[eat]\n|-heal|p1a: Orthworm|72\/100|[from] item: Sitrus Berry\n|move|p1b: Dragonite|Earthquake|p2a: Houndstone|[spread] p2a,p2b\n|-heal|p1a: Orthworm|97\/100|[from] ability: Earth Eater|[of] p1b: Dragonite\n|-supereffective|p2b: Garchomp\n|-damage|p2a: Houndstone|60\/100\n|-damage|p2b: Garchomp|0 fnt\n|faint|p2b: Garchomp\n|move|p1a: Orthworm|Body Press|p2a: Houndstone\n|-immune|p2a: Houndstone\n|\n|-weather|Sandstorm|[upkeep]\n|-damage|p1b: Dragonite|49\/100|[from] Sandstorm\n|-damage|p1a: Orthworm|91\/100|[from] Sandstorm\n|upkeep\n|turn|5\n|inactive|SoggyWaffles35 has 30 seconds left.\n|\n|t:|1682226822\n|move|p2a: Houndstone|Last Respects|p1b: Dragonite\n|-damage|p1b: Dragonite|0 fnt\n|faint|p1b: Dragonite\n|-damage|p2a: Houndstone|51\/100|[from] item: Life Orb\n|move|p1a: Orthworm|Heavy Slam|p2a: Houndstone\n|-damage|p2a: Houndstone|4\/100\n|\n|-weather|Sandstorm|[upkeep]\n|-damage|p1a: Orthworm|85\/100|[from] Sandstorm\n|upkeep\n|turn|6\n|\n|t:|1682226832\n|move|p2a: Houndstone|Last Respects|p1a: Orthworm\n|-damage|p1a: Orthworm|46\/100\n|-damage|p2a: Houndstone|0 fnt|[from] item: Life Orb\n|faint|p2a: Houndstone\n|\n|win|SoggyWaffles35\n|raw|SoggyWaffles35's rating: 1382 → 1404<\/strong> (+22 for winning)\n|raw|vroomfrogger's rating: 1425 → 1403<\/strong> (-22 for losing)\n|c|\u2606SoggyWaffles35|gg\n|c|\u2606vroomfrogger|gg\n|l|\u2606vroomfrogger\n","uploadtime":1682226881,"views":21,"p1id":"soggywaffles35","p2id":"vroomfrogger","formatid":"gen9vgc2023regulationc","rating":1403,"private":0,"password":""}