{"id":"gen9vgc2023regulationc-1860201037","p1":"sandy ocky way","p2":"BapeChiang","format":"[Gen 9] VGC 2023 Regulation C","log":"|j|\u2606sandy ocky way\n|j|\u2606BapeChiang\n|t:|1683609158\n|gametype|doubles\n|player|p1|sandy ocky way|101|1547\n|player|p2|BapeChiang|roark|1563\n|teamsize|p1|6\n|teamsize|p2|6\n|gen|9\n|tier|[Gen 9] VGC 2023 Regulation C\n|rated|\n|rule|Species Clause: Limit one of each Pok\u00e9mon\n|rule|Item Clause: Limit one of each item\n|clearpoke\n|poke|p1|Ting-Lu, L50|\n|poke|p1|Vivillon-Polar, L50, F|\n|poke|p1|Dragonite, L50, F|\n|poke|p1|Iron Bundle, L50|\n|poke|p1|Abomasnow, L50, F|\n|poke|p1|Gholdengo, L50|\n|poke|p2|Dragapult, L50, M|\n|poke|p2|Rotom-Mow, L50|\n|poke|p2|Coalossal, L50, M|\n|poke|p2|Scizor, L50, M|\n|poke|p2|Bruxish, L50, M|\n|poke|p2|Chien-Pao, L50|\n|teampreview|4\n|inactive|Battle timer is ON: inactive players will automatically lose when time's up. (requested by sandy ocky way)\n|\n|t:|1683609195\n|start\n|switch|p1a: Ting-Lu|Ting-Lu, L50|100\/100\n|switch|p1b: Iron Bundle|Iron Bundle, L50|100\/100\n|switch|p2a: Bruxish|Bruxish, L50, M|100\/100\n|switch|p2b: Coalossal|Coalossal, L50, M, shiny|100\/100\n|-ability|p1a: Ting-Lu|Vessel of Ruin\n|-enditem|p1b: Iron Bundle|Booster Energy\n|-activate|p1b: Iron Bundle|ability: Quark Drive|[fromitem]\n|-start|p1b: Iron Bundle|quarkdrivespe\n|turn|1\n|\n|t:|1683609215\n|switch|p1a: Abomasnow|Abomasnow, L50, F|100\/100\n|-weather|Snow|[from] ability: Snow Warning|[of] p1a: Abomasnow\n|move|p2a: Bruxish|Aqua Jet|p2b: Coalossal\n|-supereffective|p2b: Coalossal\n|-damage|p2b: Coalossal|37\/100\n|-ability|p2b: Coalossal|Steam Engine|boost\n|-boost|p2b: Coalossal|spe|6\n|-enditem|p2b: Coalossal|Weakness Policy\n|-boost|p2b: Coalossal|atk|2|[from] item: Weakness Policy\n|-boost|p2b: Coalossal|spa|2|[from] item: Weakness Policy\n|move|p2b: Coalossal|Flare Blitz|p1b: Iron Bundle\n|-damage|p1b: Iron Bundle|28\/100\n|-damage|p2b: Coalossal|20\/100|[from] Recoil\n|move|p1b: Iron Bundle|Aurora Veil|p1b: Iron Bundle\n|-sidestart|p1: sandy ocky way|move: Aurora Veil\n|\n|-weather|Snow|[upkeep]\n|upkeep\n|turn|2\n|j| dieanword\n|\n|t:|1683609241\n|switch|p2a: Scizor|Scizor, L50, M|100\/100\n|-terastallize|p2b: Coalossal|Rock\n|move|p2b: Coalossal|Rock Slide|p1b: Iron Bundle|[spread] p1a,p1b\n|-supereffective|p1a: Abomasnow\n|-supereffective|p1b: Iron Bundle\n|-damage|p1a: Abomasnow|35\/100\n|-damage|p1b: Iron Bundle|0 fnt\n|faint|p1b: Iron Bundle\n|-end|p1b: Iron Bundle|Quark Drive|[silent]\n|move|p1a: Abomasnow|Energy Ball|p2a: Scizor\n|-resisted|p2a: Scizor\n|-damage|p2a: Scizor|85\/100\n|-damage|p1a: Abomasnow|26\/100|[from] item: Life Orb\n|\n|-weather|Snow|[upkeep]\n|upkeep\n|\n|t:|1683609249\n|switch|p1b: Ting-Lu|Ting-Lu, L50|100\/100\n|-ability|p1b: Ting-Lu|Vessel of Ruin\n|turn|3\n|\n|t:|1683609266\n|-terastallize|p1b: Ting-Lu|Ground\n|move|p1a: Abomasnow|Helping Hand|p1b: Ting-Lu\n|-singleturn|p1b: Ting-Lu|Helping Hand|[of] p1a: Abomasnow\n|move|p2b: Coalossal|Rock Slide|p1a: Abomasnow|[spread] p1a,p1b\n|-supereffective|p1a: Abomasnow\n|-resisted|p1b: Ting-Lu\n|-damage|p1a: Abomasnow|0 fnt\n|-damage|p1b: Ting-Lu|88\/100\n|faint|p1a: Abomasnow\n|move|p2a: Scizor|U-turn|p1b: Ting-Lu\n|-damage|p1b: Ting-Lu|72\/100\n|\n|t:|1683609277\n|switch|p2a: Rotom|Rotom-Mow, L50, shiny|100\/100|[from] U-turn\n|move|p1b: Ting-Lu|Earthquake|p2b: Coalossal|[spread] p2b\n|-immune|p2a: Rotom|[from] ability: Levitate\n|-supereffective|p2b: Coalossal\n|-damage|p2b: Coalossal|0 fnt\n|faint|p2b: Coalossal\n|\n|-weather|Snow|[upkeep]\n|upkeep\n|\n|t:|1683609291\n|switch|p1a: Vivillon|Vivillon-Polar, L50, F|100\/100\n|switch|p2b: Scizor|Scizor, L50, M|85\/100\n|turn|4\n|\n|t:|1683609308\n|move|p2b: Scizor|Bullet Punch|p1a: Vivillon\n|-damage|p1a: Vivillon|61\/100\n|move|p1a: Vivillon|Pollen Puff|p2a: Rotom\n|-supereffective|p2a: Rotom\n|-damage|p2a: Rotom|52\/100\n|move|p2a: Rotom|Thunderbolt|p1a: Vivillon\n|-supereffective|p1a: Vivillon\n|-damage|p1a: Vivillon|0 fnt\n|faint|p1a: Vivillon\n|move|p1b: Ting-Lu|Earthquake|p2a: Rotom|[spread] p2b\n|-immune|p2a: Rotom|[from] ability: Levitate\n|-damage|p2b: Scizor|3\/100\n|\n|-weather|Snow|[upkeep]\n|upkeep\n|turn|5\n|-message|sandy ocky way forfeited.\n|\n|win|BapeChiang\n|raw|sandy ocky way's rating: 1547 → 1528<\/strong> (-19 for losing)\n|raw|BapeChiang's rating: 1563 → 1582<\/strong> (+19 for winning)\n|l|\u2606sandy ocky way\n","uploadtime":1683609335,"views":15,"p1id":"sandyockyway","p2id":"bapechiang","formatid":"gen9vgc2023regulationc","rating":1528,"private":0,"password":""}