{"id":"gen9vgc2023regulationc-1846723440","p1":"That_Leek","p2":"TheAlmightySo","format":"[Gen 9] VGC 2023 Regulation C","log":"|j|\u2606That_Leek\n|j|\u2606TheAlmightySo\n|t:|1681870313\n|gametype|doubles\n|player|p1|That_Leek|blue|1159\n|player|p2|TheAlmightySo|170|1199\n|teamsize|p1|6\n|teamsize|p2|6\n|gen|9\n|tier|[Gen 9] VGC 2023 Regulation C\n|rated|\n|rule|Species Clause: Limit one of each Pok\u00e9mon\n|rule|Item Clause: Limit one of each item\n|clearpoke\n|poke|p1|Talonflame, L50, M|\n|poke|p1|Baxcalibur, L50, F|\n|poke|p1|Sandy Shocks, L50|\n|poke|p1|Tauros-Paldea-Aqua, L50, M|\n|poke|p1|Gholdengo, L50|\n|poke|p1|Scream Tail, L50|\n|poke|p2|Flutter Mane, L50|\n|poke|p2|Chi-Yu, L50|\n|poke|p2|Amoonguss, L50, M|\n|poke|p2|Ting-Lu, L50|\n|poke|p2|Dragonite, L50, M|\n|poke|p2|Chien-Pao, L50|\n|teampreview|4\nThat_Leek has agreed to open team sheets.\n|inactive|Battle timer is ON: inactive players will automatically lose when time's up. (requested by TheAlmightySo)\n|\n|t:|1681870342\n|start\n|switch|p1a: Talonflame|Talonflame, L50, M|100\/100\n|switch|p1b: Sandy Shocks|Sandy Shocks, L50|100\/100\n|switch|p2a: Dragonite|Dragonite, L50, M|100\/100\n|switch|p2b: Chi-Yu|Chi-Yu, L50|100\/100\n|-ability|p2b: Chi-Yu|Beads of Ruin\n|turn|1\n|\n|t:|1681870359\n|move|p1b: Sandy Shocks|Protect|p1b: Sandy Shocks\n|-singleturn|p1b: Sandy Shocks|Protect\n|move|p2b: Chi-Yu|Heat Wave|p1b: Sandy Shocks|[spread] p1a\n|-activate|p1b: Sandy Shocks|move: Protect\n|-resisted|p1a: Talonflame\n|-damage|p1a: Talonflame|59\/100\n|move|p1a: Talonflame|Will-O-Wisp|p2a: Dragonite\n|-status|p2a: Dragonite|brn\n|move|p2a: Dragonite|Thunder Punch|p1a: Talonflame\n|-supereffective|p1a: Talonflame\n|-crit|p1a: Talonflame\n|-damage|p1a: Talonflame|0 fnt\n|faint|p1a: Talonflame\n|\n|-damage|p2a: Dragonite|95\/100 brn|[from] brn\n|upkeep\n|\n|t:|1681870372\n|switch|p1a: Tauros|Tauros-Paldea-Aqua, L50, M|100\/100\n|-ability|p1a: Tauros|Intimidate|boost\n|-unboost|p2a: Dragonite|atk|1\n|-unboost|p2b: Chi-Yu|atk|1\n|turn|2\n|\n|t:|1681870382\n|switch|p2a: Amoonguss|Amoonguss, L50, M|100\/100\n|move|p1a: Tauros|Protect|p1a: Tauros\n|-singleturn|p1a: Tauros|Protect\n|move|p2b: Chi-Yu|Heat Wave|p1a: Tauros|[spread] p1b\n|-activate|p1a: Tauros|move: Protect\n|-damage|p1b: Sandy Shocks|33\/100\n|move|p1b: Sandy Shocks|Earth Power|p2b: Chi-Yu\n|-supereffective|p2b: Chi-Yu\n|-damage|p2b: Chi-Yu|0 fnt\n|faint|p2b: Chi-Yu\n|-damage|p1b: Sandy Shocks|23\/100|[from] item: Life Orb\n|\n|upkeep\n|\n|t:|1681870394\n|switch|p2b: Dragonite|Dragonite, L50, M|95\/100 brn\n|turn|3\n|\n|t:|1681870405\n|switch|p1a: Gholdengo|Gholdengo, L50|100\/100\n|move|p1b: Sandy Shocks|Protect|p1b: Sandy Shocks\n|-singleturn|p1b: Sandy Shocks|Protect\n|move|p2a: Amoonguss|Rage Powder|p2a: Amoonguss\n|-singleturn|p2a: Amoonguss|move: Rage Powder\n|move|p2b: Dragonite|Thunder Punch|p1a: Gholdengo\n|-damage|p1a: Gholdengo|79\/100\n|\n|-damage|p2b: Dragonite|89\/100 brn|[from] brn\n|upkeep\n|turn|4\n|l|\u2606TheAlmightySo\n|inactive|TheAlmightySo disconnected and has a minute to reconnect!\n|player|p2|\n|j|\u2606TheAlmightySo\n|inactive|TheAlmightySo reconnected and has 45 seconds left.\n|player|p2|TheAlmightySo|170\n|l|\u2606TheAlmightySo\n|inactive|TheAlmightySo disconnected and has a minute to reconnect!\n|player|p2|\n|j|\u2606TheAlmightySo\n|inactive|TheAlmightySo reconnected and has 35 seconds left.\n|player|p2|TheAlmightySo|170\n|inactive|TheAlmightySo has 30 seconds left.\n|inactive|TheAlmightySo has 20 seconds left.\n|\n|t:|1681870441\n|-end|p1b: Sandy Shocks|Protosynthesis|[silent]\n|switch|p1b: Tauros|Tauros-Paldea-Aqua, L50, M|100\/100\n|-ability|p1b: Tauros|Intimidate|boost\n|-unboost|p2a: Amoonguss|atk|1\n|-unboost|p2b: Dragonite|atk|1\n|-terastallize|p1a: Gholdengo|Steel\n|move|p2b: Dragonite|Thunder Punch|p1a: Gholdengo\n|-damage|p1a: Gholdengo|65\/100\n|move|p1a: Gholdengo|Make It Rain|p2a: Amoonguss|[spread] p2a,p2b\n|-damage|p2a: Amoonguss|11\/100\n|-damage|p2b: Dragonite|0 fnt\n|-unboost|p1a: Gholdengo|spa|1\n|-enditem|p2a: Amoonguss|Sitrus Berry|[eat]\n|-heal|p2a: Amoonguss|36\/100|[from] item: Sitrus Berry\n|faint|p2b: Dragonite\n|move|p2a: Amoonguss|Pollen Puff|p1b: Tauros\n|-resisted|p1b: Tauros\n|-damage|p1b: Tauros|86\/100\n|\n|upkeep\n|\n|t:|1681870461\n|switch|p2b: Flutter Mane|Flutter Mane, L50|100\/100\n|-enditem|p2b: Flutter Mane|Booster Energy\n|-activate|p2b: Flutter Mane|ability: Protosynthesis|[fromitem]\n|-start|p2b: Flutter Mane|protosynthesisspe\n|turn|5\n|\n|t:|1681870481\n|move|p2b: Flutter Mane|Shadow Ball|p1a: Gholdengo\n|-damage|p1a: Gholdengo|20\/100\n|move|p1b: Tauros|Raging Bull|p2b: Flutter Mane\n|-damage|p2b: Flutter Mane|15\/100\n|move|p1a: Gholdengo|Make It Rain|p2b: Flutter Mane|[spread] p2a,p2b\n|-supereffective|p2b: Flutter Mane\n|-damage|p2a: Amoonguss|0 fnt\n|-damage|p2b: Flutter Mane|0 fnt\n|-unboost|p1a: Gholdengo|spa|1\n|faint|p2a: Amoonguss\n|faint|p2b: Flutter Mane\n|-end|p2b: Flutter Mane|Protosynthesis|[silent]\n|\n|win|That_Leek\n|raw|That_Leek's rating: 1159 → 1187<\/strong> (+28 for winning)\n|raw|TheAlmightySo's rating: 1199 → 1171<\/strong> (-28 for losing)\n|l|\u2606TheAlmightySo\n","uploadtime":1681870500,"views":11,"p1id":"thatleek","p2id":"thealmightyso","formatid":"gen9vgc2023regulationc","rating":1171,"private":0,"password":""}