{"id":"gen9vgc2023regulationc-1846968204","p1":"VGC_Shellshocker","p2":"Alaskan_fisher","format":"[Gen 9] VGC 2023 Regulation C","log":"|j|\u2606VGC_Shellshocker\n|j|\u2606Alaskan_fisher\n|t:|1681907214\n|gametype|doubles\n|player|p1|VGC_Shellshocker|swimmerf-gen4|1210\n|player|p2|Alaskan_fisher|fisherman-gen4|1171\n|teamsize|p1|6\n|teamsize|p2|6\n|gen|9\n|tier|[Gen 9] VGC 2023 Regulation C\n|rated|\n|rule|Species Clause: Limit one of each Pok\u00e9mon\n|rule|Item Clause: Limit one of each item\n|clearpoke\n|poke|p1|Maushold-Four, L50|\n|poke|p1|Annihilape, L50, M|\n|poke|p1|Arcanine, L50, M|\n|poke|p1|Glimmora, L50, M|\n|poke|p1|Baxcalibur, L50, F|\n|poke|p1|Ting-Lu, L50|\n|poke|p2|Maushold-Four, L50|\n|poke|p2|Iron Hands, L50|\n|poke|p2|Palafin, L50, F|\n|poke|p2|Ting-Lu, L50|\n|poke|p2|Flutter Mane, L50|\n|poke|p2|Arcanine, L50, M|\n|teampreview|4\nAlaskan_fisher has agreed to open team sheets.\n|inactive|Battle timer is ON: inactive players will automatically lose when time's up. (requested by VGC_Shellshocker)\n|\n|t:|1681907252\n|start\n|switch|p1a: Maushold|Maushold-Four, L50|100\/100\n|switch|p1b: Glimmora|Glimmora, L50, M|100\/100\n|switch|p2a: Iron Hands|Iron Hands, L50|100\/100\n|switch|p2b: Palafin|Palafin, L50, F|100\/100\n|turn|1\n|inactive|Alaskan_fisher has 30 seconds left.\n|inactive|VGC_Shellshocker has 30 seconds left.\n|inactive|Alaskan_fisher has 20 seconds left.\n|\n|t:|1681907292\n|detailschange|p2b: Palafin|Palafin-Hero, L50, F\n|switch|p2b: Maushold|Maushold-Four, L50|100\/100\n|-terastallize|p1b: Glimmora|Grass\n|move|p1a: Maushold|Protect|p1a: Maushold\n|-singleturn|p1a: Maushold|Protect\n|move|p2a: Iron Hands|Protect|p2a: Iron Hands\n|-singleturn|p2a: Iron Hands|Protect\n|move|p1b: Glimmora|Earth Power|p2a: Iron Hands\n|-activate|p2a: Iron Hands|move: Protect\n|\n|upkeep\n|turn|2\n|inactive|Alaskan_fisher has 30 seconds left.\n|\n|t:|1681907322\n|move|p2b: Maushold|Super Fang|p1b: Glimmora\n|-damage|p1b: Glimmora|50\/100\n|-activate|p1b: Glimmora|ability: Toxic Debris\n|-sidestart|p2: Alaskan_fisher|move: Toxic Spikes\n|move|p1a: Maushold|Beat Up|p1b: Glimmora\n|-damage|p1b: Glimmora|48\/100\n|-activate|p1b: Glimmora|ability: Toxic Debris\n|-sidestart|p2: Alaskan_fisher|move: Toxic Spikes\n|-damage|p1b: Glimmora|47\/100\n|-damage|p1b: Glimmora|45\/100\n|-damage|p1b: Glimmora|43\/100\n|-hitcount|p1b: Glimmora|4\n|move|p1b: Glimmora|Tera Blast|p2b: Maushold\n|-damage|p2b: Maushold|41\/100\n|move|p2a: Iron Hands|Close Combat|p1b: Glimmora\n|-damage|p1b: Glimmora|0 fnt\n|-unboost|p2a: Iron Hands|def|1\n|-unboost|p2a: Iron Hands|spd|1\n|faint|p1b: Glimmora\n|\n|upkeep\n|inactive|VGC_Shellshocker has 30 seconds left.\n|\n|t:|1681907356\n|switch|p1b: Arcanine|Arcanine, L50, M|100\/100\n|-ability|p1b: Arcanine|Intimidate|boost\n|-fail|p2a: Iron Hands|unboost|[from] item: Clear Amulet|[of] p2a: Iron Hands\n|-unboost|p2b: Maushold|atk|1\n|turn|3\n|\n|t:|1681907372\n|-end|p2a: Iron Hands|Quark Drive|[silent]\n|switch|p2a: Palafin|Palafin-Hero, L50, F|100\/100\n|-status|p2a: Palafin|tox\n|-activate|p2a: Palafin|ability: Zero to Hero\n|move|p2b: Maushold|Follow Me|p2b: Maushold\n|-singleturn|p2b: Maushold|move: Follow Me\n|move|p1a: Maushold|Super Fang|p2b: Maushold\n|-damage|p2b: Maushold|21\/100\n|move|p1b: Arcanine|Will-O-Wisp|p2b: Maushold\n|-status|p2b: Maushold|brn\n|\n|-damage|p2a: Palafin|95\/100 tox|[from] psn\n|-damage|p2b: Maushold|15\/100 brn|[from] brn\n|upkeep\n|turn|4\n|inactive|VGC_Shellshocker has 30 seconds left.\n|inactive|Alaskan_fisher has 30 seconds left.\n|\n|t:|1681907402\n|-terastallize|p2a: Palafin|Water\n|move|p2b: Maushold|Follow Me|p2b: Maushold\n|-singleturn|p2b: Maushold|move: Follow Me\n|move|p1b: Arcanine|Extreme Speed|p2b: Maushold\n|-damage|p2b: Maushold|0 fnt\n|faint|p2b: Maushold\n|move|p1a: Maushold|Super Fang|p2a: Palafin\n|-damage|p2a: Palafin|48\/100 tox\n|move|p2a: Palafin|Wave Crash|p1a: Maushold\n|-damage|p1a: Maushold|0 fnt\n|faint|p1a: Maushold\n|-damage|p2a: Palafin|19\/100 tox|[from] Recoil\n|\n|-damage|p2a: Palafin|8\/100 tox|[from] psn\n|upkeep\n|\n|t:|1681907421\n|switch|p2b: Iron Hands|Iron Hands, L50|100\/100\n|switch|p1a: Baxcalibur|Baxcalibur, L50, F|100\/100\n|-status|p2b: Iron Hands|tox\n|turn|5\n|inactive|Alaskan_fisher has 30 seconds left.\n|\n|t:|1681907452\n|switch|p2a: Flutter Mane|Flutter Mane, L50|100\/100\n|-status|p2a: Flutter Mane|tox\n|move|p1b: Arcanine|Extreme Speed|p2a: Flutter Mane\n|-immune|p2a: Flutter Mane\n|move|p1a: Baxcalibur|Glaive Rush|p2b: Iron Hands\n|-damage|p2b: Iron Hands|49\/100 tox\n|-singlemove|p1a: Baxcalibur|Glaive Rush|[silent]\n|move|p2b: Iron Hands|Close Combat|p1b: Arcanine\n|-damage|p1b: Arcanine|29\/100\n|-unboost|p2b: Iron Hands|def|1\n|-unboost|p2b: Iron Hands|spd|1\n|\n|-damage|p2a: Flutter Mane|95\/100 tox|[from] psn\n|-damage|p2b: Iron Hands|43\/100 tox|[from] psn\n|upkeep\n|turn|6\n|inactive|Alaskan_fisher has 30 seconds left.\n|inactive|Alaskan_fisher has 20 seconds left.\n|inactive|Alaskan_fisher has 15 seconds left.\n|\n|t:|1681907494\n|move|p1a: Baxcalibur|Protect|p1a: Baxcalibur\n|-singleturn|p1a: Baxcalibur|Protect\n|move|p2a: Flutter Mane|Moonblast|p1b: Arcanine\n|-resisted|p1b: Arcanine\n|-damage|p1b: Arcanine|0 fnt\n|faint|p1b: Arcanine\n|move|p2b: Iron Hands|Close Combat|p1a: Baxcalibur\n|-activate|p1a: Baxcalibur|move: Protect\n|\n|-damage|p2a: Flutter Mane|83\/100 tox|[from] psn\n|-damage|p2b: Iron Hands|31\/100 tox|[from] psn\n|upkeep\n|turn|7\n|\n|t:|1681907509\n|move|p2a: Flutter Mane|Moonblast|p1a: Baxcalibur\n|-supereffective|p1a: Baxcalibur\n|-damage|p1a: Baxcalibur|0 fnt\n|faint|p1a: Baxcalibur\n|\n|win|Alaskan_fisher\n|raw|VGC_Shellshocker's rating: 1210 → 1182<\/strong> (-28 for losing)\n|raw|Alaskan_fisher's rating: 1171 → 1199<\/strong> (+28 for winning)\n|l|\u2606VGC_Shellshocker\n","uploadtime":1681907522,"views":8,"p1id":"vgcshellshocker","p2id":"alaskanfisher","formatid":"gen9vgc2023regulationc","rating":1182,"private":0,"password":""}