{"id":"gen9vgc2023regulationc-1858686747","p1":"AnimeProtagonist","p2":"C0nchoboar","format":"[Gen 9] VGC 2023 Regulation C","log":"|j|\u2606AnimeProtagonist\n|j|\u2606C0nchoboar\n|t:|1683342511\n|gametype|doubles\n|player|p1|AnimeProtagonist|caitlin|1139\n|player|p2|C0nchoboar|hilda|1176\n|teamsize|p1|6\n|teamsize|p2|6\n|gen|9\n|tier|[Gen 9] VGC 2023 Regulation C\n|rated|\n|rule|Species Clause: Limit one of each Pok\u00e9mon\n|rule|Item Clause: Limit one of each item\n|clearpoke\n|poke|p1|Slither Wing, L50|\n|poke|p1|Corviknight, L50, M|\n|poke|p1|Electrode, L50|\n|poke|p1|Gastrodon-East, L50, M|\n|poke|p1|Flutter Mane, L50|\n|poke|p1|Iron Bundle, L50|\n|poke|p2|Oinkologne, L50, M|\n|poke|p2|Ting-Lu, L50|\n|poke|p2|Grimmsnarl, L50, M|\n|poke|p2|Annihilape, L50, F|\n|poke|p2|Amoonguss, L50, F|\n|poke|p2|Arcanine, L50, M|\n|teampreview|4\nAnimeProtagonist has agreed to open team sheets.\nC0nchoboar rejected open team sheets.\n|inactive|Battle timer is ON: inactive players will automatically lose when time's up. (requested by C0nchoboar)\n|\n|t:|1683342569\n|start\n|switch|p1a: Corviknight|Corviknight, L50, M|100\/100\n|switch|p1b: Electrode|Electrode, L50|100\/100\n|switch|p2a: Grimmsnarl|Grimmsnarl, L50, M|100\/100\n|switch|p2b: Annihilape|Annihilape, L50, F|100\/100\n|-item|p1b: Electrode|Air Balloon\n|turn|1\n|\n|t:|1683342587\n|move|p2a: Grimmsnarl|Fake Out|p1b: Electrode\n|-damage|p1b: Electrode|85\/100\n|-enditem|p1b: Electrode|Air Balloon\n|cant|p1b: Electrode|flinch\n|move|p2b: Annihilape|Drain Punch|p1b: Electrode\n|-damage|p1b: Electrode|33\/100\n|move|p1a: Corviknight|Iron Defense|p1a: Corviknight\n|-boost|p1a: Corviknight|def|2\n|\n|upkeep\n|turn|2\n|\n|t:|1683342606\n|switch|p2b: Arcanine|Arcanine, L50, M|100\/100\n|-ability|p2b: Arcanine|Intimidate|boost\n|-ability|p1a: Corviknight|Mirror Armor\n|-unboost|p2b: Arcanine|atk|1\n|-unboost|p1b: Electrode|atk|1\n|move|p2a: Grimmsnarl|Reflect|p2a: Grimmsnarl\n|-sidestart|p2: C0nchoboar|Reflect\n|move|p1b: Electrode|Taunt|p2a: Grimmsnarl\n|-start|p2a: Grimmsnarl|move: Taunt\n|move|p1a: Corviknight|Iron Defense|p1a: Corviknight\n|-boost|p1a: Corviknight|def|2\n|\n|upkeep\n|turn|3\n|inactive|C0nchoboar has 30 seconds left.\n|\n|t:|1683342634\n|move|p2b: Arcanine|Protect|p2b: Arcanine\n|-singleturn|p2b: Arcanine|Protect\n|move|p1b: Electrode|Taunt|p2b: Arcanine\n|-activate|p2b: Arcanine|move: Protect\n|move|p1a: Corviknight|Iron Defense|p1a: Corviknight\n|-boost|p1a: Corviknight|def|2\n|move|p2a: Grimmsnarl|Spirit Break|p1b: Electrode\n|-damage|p1b: Electrode|0 fnt\n|-damage|p2a: Grimmsnarl|75\/100|[from] ability: Aftermath|[of] p1b: Electrode\n|faint|p1b: Electrode\n|\n|upkeep\n|\n|t:|1683342652\n|switch|p1b: Pepper|Gastrodon-East, L50, M|100\/100\n|turn|4\n|\n|t:|1683342663\n|move|p2b: Arcanine|Will-O-Wisp|p1a: Corviknight\n|-status|p1a: Corviknight|brn\n|move|p1a: Corviknight|Body Press|p2b: Arcanine\n|-damage|p2b: Arcanine|64\/100\n|move|p2a: Grimmsnarl|Spirit Break|p1b: Pepper\n|-damage|p1b: Pepper|73\/100\n|-unboost|p1b: Pepper|spa|1\n|move|p1b: Pepper|Earth Power|p2b: Arcanine\n|-supereffective|p2b: Arcanine\n|-damage|p2b: Arcanine|24\/100\n|\n|-heal|p1b: Pepper|79\/100|[from] item: Leftovers\n|-damage|p1a: Corviknight|95\/100 brn|[from] brn\n|upkeep\n|turn|5\n|\n|t:|1683342682\n|move|p2b: Arcanine|Protect|p2b: Arcanine\n|-singleturn|p2b: Arcanine|Protect\n|move|p1a: Corviknight|Body Press|p2b: Arcanine\n|-activate|p2b: Arcanine|move: Protect\n|move|p2a: Grimmsnarl|Spirit Break|p1b: Pepper\n|-damage|p1b: Pepper|53\/100\n|-unboost|p1b: Pepper|spa|1\n|move|p1b: Pepper|Yawn|p2a: Grimmsnarl\n|-start|p2a: Grimmsnarl|move: Yawn|[of] p1b: Pepper\n|\n|-heal|p1b: Pepper|59\/100|[from] item: Leftovers\n|-damage|p1a: Corviknight|89\/100 brn|[from] brn\n|-end|p2a: Grimmsnarl|move: Taunt\n|upkeep\n|turn|6\n|\n|t:|1683342709\n|switch|p2a: Annihilape|Annihilape, L50, F|100\/100\n|move|p2b: Arcanine|Extreme Speed|p1b: Pepper\n|-damage|p1b: Pepper|46\/100\n|move|p1a: Corviknight|Body Press|p2b: Arcanine\n|-damage|p2b: Arcanine|0 fnt\n|faint|p2b: Arcanine\n|move|p1b: Pepper|Chilling Water|p2a: Annihilape\n|-damage|p2a: Annihilape|92\/100\n|-unboost|p2a: Annihilape|atk|1\n|-ability|p2a: Annihilape|Defiant|boost\n|-boost|p2a: Annihilape|atk|2\n|\n|-heal|p2a: Annihilape|98\/100|[from] item: Leftovers\n|-heal|p1b: Pepper|52\/100|[from] item: Leftovers\n|-damage|p1a: Corviknight|83\/100 brn|[from] brn\n|upkeep\n|\n|t:|1683342717\n|switch|p2b: Grimmsnarl|Grimmsnarl, L50, M|75\/100\n|turn|7\n|\n|t:|1683342728\n|switch|p1b: Flutter Man|Flutter Mane, L50|100\/100\n|move|p2b: Grimmsnarl|Fake Out|p1a: Corviknight\n|-resisted|p1a: Corviknight\n|-damage|p1a: Corviknight|82\/100 brn\n|move|p2a: Annihilape|Rage Fist|p1b: Flutter Man\n|-supereffective|p1b: Flutter Man\n|-damage|p1b: Flutter Man|0 fnt\n|faint|p1b: Flutter Man\n|-end|p1b: Flutter Man|Protosynthesis|[silent]\n|cant|p1a: Corviknight|flinch\n|\n|-heal|p2a: Annihilape|100\/100|[from] item: Leftovers\n|-damage|p1a: Corviknight|76\/100 brn|[from] brn\n|upkeep\n|-message|AnimeProtagonist forfeited.\n|\n|win|C0nchoboar\n|raw|AnimeProtagonist's rating: 1139 → 1117<\/strong> (-22 for losing)\n|raw|C0nchoboar's rating: 1176 → 1198<\/strong> (+22 for winning)\n|l|\u2606AnimeProtagonist\n","uploadtime":1683342740,"views":12,"p1id":"animeprotagonist","p2id":"c0nchoboar","formatid":"gen9vgc2023regulationc","rating":1117,"private":0,"password":""}