{"id":"gen9vgc2023regulationc-1846506542","p1":"helio787","p2":"BigBootyBruce","format":"[Gen 9] VGC 2023 Regulation C","log":"|j|\u2606helio787\n|j|\u2606BigBootyBruce\n|t:|1681846692\n|gametype|doubles\n|player|p1|helio787|bugcatcher-gen4dp|1083\n|player|p2|BigBootyBruce|266|1051\n|teamsize|p1|6\n|teamsize|p2|6\n|gen|9\n|tier|[Gen 9] VGC 2023 Regulation C\n|rated|\n|rule|Species Clause: Limit one of each Pok\u00e9mon\n|rule|Item Clause: Limit one of each item\n|clearpoke\n|poke|p1|Annihilape, L50, M|\n|poke|p1|Iron Hands, L50|\n|poke|p1|Arboliva, L50, F|\n|poke|p1|Toxapex, L50, F|\n|poke|p1|Corviknight, L50, M|\n|poke|p1|Sylveon, L50, M|\n|poke|p2|Iron Hands, L50|\n|poke|p2|Pincurchin, L50, M|\n|poke|p2|Iron Bundle, L50|\n|poke|p2|Amoonguss, L50, F|\n|poke|p2|Palafin, L50, M|\n|poke|p2|Ting-Lu, L50|\n|teampreview|4\n|\n|t:|1681846708\n|start\n|switch|p1a: Iron Hands|Iron Hands, L50|100\/100\n|switch|p1b: Arboliva|Arboliva, L50, F|100\/100\n|switch|p2a: Pincurchin|Pincurchin, L50, M|100\/100\n|switch|p2b: Iron Hands|Iron Hands, L50|100\/100\n|-fieldstart|move: Electric Terrain|[from] ability: Electric Surge|[of] p2a: Pincurchin\n|-activate|p1a: Iron Hands|ability: Quark Drive\n|-start|p1a: Iron Hands|quarkdriveatk\n|-activate|p2b: Iron Hands|ability: Quark Drive\n|-start|p2b: Iron Hands|quarkdriveatk\n|turn|1\n|\n|t:|1681846736\n|switch|p2a: Ting-Lu|Ting-Lu, L50|100\/100\n|-ability|p2a: Ting-Lu|Vessel of Ruin\n|move|p1a: Iron Hands|Fake Out|p2b: Iron Hands\n|-damage|p2b: Iron Hands|87\/100\n|cant|p2b: Iron Hands|flinch\n|move|p1b: Arboliva|Dazzling Gleam|p2a: Ting-Lu|[spread] p2a,p2b\n|-supereffective|p2a: Ting-Lu\n|-supereffective|p2b: Iron Hands\n|-damage|p2a: Ting-Lu|87\/100\n|-damage|p2b: Iron Hands|64\/100\n|\n|upkeep\n|turn|2\n|\n|t:|1681846755\n|move|p1a: Iron Hands|Belly Drum|p1a: Iron Hands\n|-damage|p1a: Iron Hands|51\/100\n|-setboost|p1a: Iron Hands|atk|6|[from] move: Belly Drum\n|move|p2b: Iron Hands|Drain Punch|p1a: Iron Hands\n|-damage|p1a: Iron Hands|10\/100\n|-heal|p2b: Iron Hands|86\/100|[from] drain|[of] p1a: Iron Hands\n|-enditem|p1a: Iron Hands|Figy Berry|[eat]\n|-heal|p1a: Iron Hands|43\/100|[from] item: Figy Berry\n|move|p1b: Arboliva|Dazzling Gleam|p2b: Iron Hands|[spread] p2a,p2b\n|-supereffective|p2a: Ting-Lu\n|-supereffective|p2b: Iron Hands\n|-damage|p2a: Ting-Lu|74\/100\n|-damage|p2b: Iron Hands|64\/100\n|move|p2a: Ting-Lu|Fissure|p1a: Iron Hands|[miss]\n|-miss|p2a: Ting-Lu|p1a: Iron Hands\n|\n|upkeep\n|turn|3\n|\n|t:|1681846798\n|-terastallize|p1a: Iron Hands|Fighting\n|move|p1a: Iron Hands|Close Combat|p2b: Iron Hands\n|-damage|p2b: Iron Hands|0 fnt\n|-unboost|p1a: Iron Hands|def|1\n|-unboost|p1a: Iron Hands|spd|1\n|faint|p2b: Iron Hands\n|-end|p2b: Iron Hands|Quark Drive|[silent]\n|move|p1b: Arboliva|Giga Drain|p2a: Ting-Lu\n|-supereffective|p2a: Ting-Lu\n|-damage|p2a: Ting-Lu|46\/100\n|move|p2a: Ting-Lu|Fissure|p1a: Iron Hands|[miss]\n|-miss|p2a: Ting-Lu|p1a: Iron Hands\n|\n|upkeep\n|\n|t:|1681846807\n|switch|p2b: Iron Bundle|Iron Bundle, L50|100\/100\n|-activate|p2b: Iron Bundle|ability: Quark Drive\n|-start|p2b: Iron Bundle|quarkdrivespe\n|turn|4\n|\n|t:|1681846821\n|move|p2b: Iron Bundle|Icy Wind|p1b: Arboliva|[spread] p1a,p1b\n|-supereffective|p1b: Arboliva\n|-damage|p1a: Iron Hands|20\/100\n|-damage|p1b: Arboliva|72\/100\n|-unboost|p1a: Iron Hands|spe|1\n|-unboost|p1b: Arboliva|spe|1\n|-fieldstart|move: Grassy Terrain|[from] ability: Seed Sower|[of] p1b: Arboliva\n|-end|p2b: Iron Bundle|Quark Drive\n|-end|p1a: Iron Hands|Quark Drive\n|-enditem|p1b: Arboliva|Grassy Seed\n|-boost|p1b: Arboliva|def|1|[from] item: Grassy Seed\n|move|p1a: Iron Hands|Thunder Punch|p2b: Iron Bundle\n|-supereffective|p2b: Iron Bundle\n|-enditem|p2b: Iron Bundle|Focus Sash\n|-damage|p2b: Iron Bundle|1\/100\n|move|p2a: Ting-Lu|Fissure|p1a: Iron Hands|[miss]\n|-miss|p2a: Ting-Lu|p1a: Iron Hands\n|move|p1b: Arboliva|Giga Drain|p2b: Iron Bundle\n|-supereffective|p2b: Iron Bundle\n|-damage|p2b: Iron Bundle|0 fnt\n|-heal|p1b: Arboliva|72\/100|[from] drain|[of] p2b: Iron Bundle\n|faint|p2b: Iron Bundle\n|-end|p2b: Iron Bundle|Quark Drive|[silent]\n|\n|-heal|p1a: Iron Hands|27\/100|[from] Grassy Terrain\n|-heal|p2a: Ting-Lu|52\/100|[from] Grassy Terrain\n|-heal|p1b: Arboliva|78\/100|[from] Grassy Terrain\n|upkeep\n|\n|t:|1681846827\n|switch|p2b: Pincurchin|Pincurchin, L50, M|100\/100\n|-fieldstart|move: Electric Terrain|[from] ability: Electric Surge|[of] p2b: Pincurchin\n|-activate|p1a: Iron Hands|ability: Quark Drive\n|-start|p1a: Iron Hands|quarkdriveatk\n|turn|5\n|\n|t:|1681846860\n|move|p1b: Arboliva|Helping Hand|p1a: Iron Hands\n|-singleturn|p1a: Iron Hands|Helping Hand|[of] p1b: Arboliva\n|move|p2b: Pincurchin|Sucker Punch|p1a: Iron Hands\n|-resisted|p1a: Iron Hands\n|-damage|p1a: Iron Hands|16\/100\n|move|p1a: Iron Hands|Close Combat|p2a: Ting-Lu\n|-supereffective|p2a: Ting-Lu\n|-damage|p2a: Ting-Lu|0 fnt\n|-unboost|p1a: Iron Hands|def|1\n|-unboost|p1a: Iron Hands|spd|1\n|faint|p2a: Ting-Lu\n|\n|upkeep\n|turn|6\n|-message|BigBootyBruce forfeited.\n|\n|win|helio787\n|raw|helio787's rating: 1083 → 1108<\/strong> (+25 for winning)\n|raw|BigBootyBruce's rating: 1051 → 1035<\/strong> (-16 for losing)\n|l|\u2606BigBootyBruce\n","uploadtime":1681846878,"views":9,"p1id":"helio787","p2id":"bigbootybruce","formatid":"gen9vgc2023regulationc","rating":1035,"private":0,"password":""}