{"id":"gen9vgc2023regulationc-1851606976","p1":"amiaoghg","p2":"Haxxson","format":"[Gen 9] VGC 2023 Regulation C","log":"|j|\u2606amiaoghg\n|j|\u2606Haxxson\n|t:|1682460568\n|gametype|doubles\n|player|p1|amiaoghg|elesa|1111\n|player|p2|Haxxson|colress|1118\n|teamsize|p1|6\n|teamsize|p2|6\n|gen|9\n|tier|[Gen 9] VGC 2023 Regulation C\n|rated|\n|rule|Species Clause: Limit one of each Pok\u00e9mon\n|rule|Item Clause: Limit one of each item\n|clearpoke\n|poke|p1|Amoonguss, L50, F|\n|poke|p1|Arcanine, L50, M|\n|poke|p1|Flutter Mane, L50|\n|poke|p1|Ting-Lu, L50|\n|poke|p1|Gyarados, L50, M|\n|poke|p1|Iron Bundle, L50|\n|poke|p2|Jumpluff, L50, F|\n|poke|p2|Volcarona, L50, M|\n|poke|p2|Krookodile, L50, F|\n|poke|p2|Annihilape, L50, M|\n|poke|p2|Rabsca, L50, M|\n|poke|p2|Jolteon, L50, M|\n|teampreview|4\n|inactive|Battle timer is ON: inactive players will automatically lose when time's up. (requested by Haxxson)\n|inactive|amiaoghg also wants the timer to be on.\nHaxxson has agreed to open team sheets.\n|inactive|Haxxson has 60 seconds left.\n|\n|t:|1682460606\n|start\n|switch|p1a: ChiYu|Arcanine, L50, M|100\/100\n|switch|p1b: Mimi|Flutter Mane, L50|100\/100\n|switch|p2a: Bubbles|Jumpluff, L50, F|100\/100\n|switch|p2b: McNulty|Jolteon, L50, M|100\/100\n|-ability|p1a: ChiYu|Intimidate|boost\n|-unboost|p2a: Bubbles|atk|1\n|-unboost|p2b: McNulty|atk|1\n|turn|1\n|\n|t:|1682460630\n|move|p1b: Mimi|Moonblast|p2b: McNulty\n|-damage|p2b: McNulty|40\/100\n|move|p2b: McNulty|Light Screen|p2b: McNulty\n|-sidestart|p2: Haxxson|move: Light Screen\n|move|p2a: Bubbles|Reflect|p2a: Bubbles\n|-sidestart|p2: Haxxson|Reflect\n|move|p1a: ChiYu|Flare Blitz|p2a: Bubbles\n|-supereffective|p2a: Bubbles\n|-damage|p2a: Bubbles|32\/100\n|-status|p2a: Bubbles|brn\n|-damage|p1a: ChiYu|80\/100|[from] Recoil\n|\n|-damage|p2a: Bubbles|26\/100 brn|[from] brn\n|upkeep\n|turn|2\n|inactive|Haxxson has 30 seconds left.\n|\n|t:|1682460655\n|move|p1b: Mimi|Dazzling Gleam|p2b: McNulty|[spread] p2a,p2b\n|-damage|p2a: Bubbles|6\/100 brn\n|-damage|p2b: McNulty|13\/100\n|move|p2b: McNulty|Shadow Ball|p1b: Mimi\n|-supereffective|p1b: Mimi\n|-crit|p1b: Mimi\n|-damage|p1b: Mimi|17\/100\n|move|p2a: Bubbles|Strength Sap|p1a: ChiYu\n|-unboost|p1a: ChiYu|atk|1\n|-heal|p2a: Bubbles|78\/100 brn\n|move|p1a: ChiYu|Flare Blitz|p2b: McNulty\n|-crit|p2b: McNulty\n|-damage|p2b: McNulty|0 fnt\n|faint|p2b: McNulty\n|-damage|p1a: ChiYu|77\/100|[from] Recoil\n|\n|-damage|p2a: Bubbles|72\/100 brn|[from] brn\n|upkeep\n|\n|t:|1682460675\n|switch|p2b: WMD|Rabsca, L50, M|100\/100\n|turn|3\n|inactive|Haxxson has 30 seconds left.\n|\n|t:|1682460700\n|move|p1b: Mimi|Protect|p1b: Mimi\n|-singleturn|p1b: Mimi|Protect\n|move|p2a: Bubbles|Pollen Puff|p2b: WMD\n|-immune|p2b: WMD\n|move|p1a: ChiYu|Flare Blitz|p2a: Bubbles\n|-supereffective|p2a: Bubbles\n|-damage|p2a: Bubbles|26\/100 brn\n|-damage|p1a: ChiYu|62\/100|[from] Recoil\n|move|p2b: WMD|Calm Mind|p2b: WMD\n|-boost|p2b: WMD|spa|1\n|-boost|p2b: WMD|spd|1\n|\n|-damage|p2a: Bubbles|20\/100 brn|[from] brn\n|upkeep\n|turn|4\n|\n|t:|1682460723\n|move|p1b: Mimi|Shadow Ball|p2b: WMD\n|-supereffective|p2b: WMD\n|-damage|p2b: WMD|63\/100\n|-enditem|p2b: WMD|Weakness Policy\n|-boost|p2b: WMD|atk|2|[from] item: Weakness Policy\n|-boost|p2b: WMD|spa|2|[from] item: Weakness Policy\n|move|p2a: Bubbles|Strength Sap|p1a: ChiYu\n|-unboost|p1a: ChiYu|atk|1\n|-heal|p2a: Bubbles|68\/100 brn\n|move|p1a: ChiYu|Flare Blitz|p2a: Bubbles\n|-supereffective|p2a: Bubbles\n|-damage|p2a: Bubbles|28\/100 brn\n|-damage|p1a: ChiYu|50\/100|[from] Recoil\n|move|p2b: WMD|Calm Mind|p2b: WMD\n|-boost|p2b: WMD|spa|1\n|-boost|p2b: WMD|spd|1\n|\n|-damage|p2a: Bubbles|22\/100 brn|[from] brn\n|upkeep\n|turn|5\n|inactive|Haxxson has 30 seconds left.\n|inactive|Haxxson has 20 seconds left.\n|\n|t:|1682460761\n|switch|p1a: WoChien|Amoonguss, L50, F|100\/100\n|-terastallize|p2b: WMD|Psychic\n|move|p1b: Mimi|Moonblast|p2a: Bubbles\n|-damage|p2a: Bubbles|0 fnt\n|faint|p2a: Bubbles\n|move|p2b: WMD|Dazzling Gleam|p1a: WoChien|[spread] p1a,p1b\n|-resisted|p1a: WoChien\n|-damage|p1a: WoChien|84\/100\n|-damage|p1b: Mimi|0 fnt\n|faint|p1b: Mimi\n|-end|p1b: Mimi|Protosynthesis|[silent]\n|\n|-sideend|p2: Haxxson|Reflect\n|-sideend|p2: Haxxson|move: Light Screen\n|upkeep\n|\n|t:|1682460772\n|switch|p1b: ChiYu|Arcanine, L50, M|50\/100\n|switch|p2a: Stringer|Krookodile, L50, F|100\/100\n|-ability|p2a: Stringer|Intimidate|boost\n|-unboost|p1a: WoChien|atk|1\n|-unboost|p1b: ChiYu|atk|1\n|-ability|p1b: ChiYu|Intimidate|boost\n|-unboost|p2a: Stringer|atk|1\n|-unboost|p2b: WMD|atk|1\n|turn|6\n|\n|t:|1682460792\n|move|p1b: ChiYu|Protect|p1b: ChiYu\n|-singleturn|p1b: ChiYu|Protect\n|move|p2a: Stringer|Rock Slide|p1a: WoChien|[spread] p1a\n|-activate|p1b: ChiYu|move: Protect\n|-damage|p1a: WoChien|74\/100\n|move|p2b: WMD|Stored Power|p1a: WoChien\n|-supereffective|p1a: WoChien\n|-damage|p1a: WoChien|0 fnt\n|faint|p1a: WoChien\n|\n|upkeep\n|inactive|amiaoghg has 30 seconds left.\n|\n|t:|1682460820\n|switch|p1a: Gyarados|Gyarados, L50, M|100\/100\n|-ability|p1a: Gyarados|Intimidate|boost\n|-unboost|p2a: Stringer|atk|1\n|-unboost|p2b: WMD|atk|1\n|turn|7\n|\n|t:|1682460833\n|move|p2a: Stringer|Rock Slide|p1a: Gyarados|[spread] p1a,p1b\n|-supereffective|p1a: Gyarados\n|-supereffective|p1b: ChiYu\n|-crit|p1b: ChiYu\n|-damage|p1a: Gyarados|79\/100\n|-damage|p1b: ChiYu|0 fnt\n|faint|p1b: ChiYu\n|move|p1a: Gyarados|Crunch|p2b: WMD\n|-supereffective|p2b: WMD\n|-damage|p2b: WMD|11\/100\n|move|p2b: WMD|Stored Power|p1a: Gyarados\n|-damage|p1a: Gyarados|0 fnt\n|faint|p1a: Gyarados\n|\n|win|Haxxson\n|raw|amiaoghg's rating: 1111 → 1087<\/strong> (-24 for losing)\n|raw|Haxxson's rating: 1118 → 1142<\/strong> (+24 for winning)\n|l|\u2606amiaoghg\n","uploadtime":1682460867,"views":15,"p1id":"amiaoghg","p2id":"haxxson","formatid":"gen9vgc2023regulationc","rating":1087,"private":0,"password":""}