{"id":"gen9vgc2023regulationc-1847462984","p1":"MamuT420","p2":"shockzine","format":"[Gen 9] VGC 2023 Regulation C","log":"|j|\u2606MamuT420\n|j|\u2606shockzine\n|t:|1681958160\n|gametype|doubles\n|player|p1|MamuT420|scientist-gen4|1116\n|player|p2|shockzine|1|1083\n|teamsize|p1|6\n|teamsize|p2|6\n|gen|9\n|tier|[Gen 9] VGC 2023 Regulation C\n|rated|\n|rule|Species Clause: Limit one of each Pok\u00e9mon\n|rule|Item Clause: Limit one of each item\n|clearpoke\n|poke|p1|Chi-Yu, L50|\n|poke|p1|Dachsbun, L50, M|\n|poke|p1|Dragonite, L50, M|\n|poke|p1|Flutter Mane, L50|\n|poke|p1|Azumarill, L50, M|\n|poke|p1|Chien-Pao, L50|\n|poke|p2|Chi-Yu, L50|\n|poke|p2|Dachsbun, L50, F|\n|poke|p2|Armarouge, L50, F|\n|poke|p2|Indeedee-F, L50, F|\n|poke|p2|Camerupt, L50, F|\n|poke|p2|Meowscarada, L50, M|\n|teampreview|4\nMamuT420 has agreed to open team sheets.\n|\n|t:|1681958217\n|start\n|switch|p1a: Chien-Pao|Chien-Pao, L50|100\/100\n|switch|p1b: Dragonite|Dragonite, L50, M|100\/100\n|switch|p2a: Meowscarada|Meowscarada, L50, M|100\/100\n|switch|p2b: Dachsbun|Dachsbun, L50, F, shiny|100\/100\n|-ability|p1a: Chien-Pao|Sword of Ruin\n|turn|1\n|\n|t:|1681958272\n|-terastallize|p2a: Meowscarada|Ghost\n|move|p1b: Dragonite|Extreme Speed|p2a: Meowscarada\n|-immune|p2a: Meowscarada\n|move|p1a: Chien-Pao|Ice Spinner|p2a: Meowscarada\n|-damage|p2a: Meowscarada|33\/100\n|move|p2b: Dachsbun|Wish|p2b: Dachsbun\n|move|p2a: Meowscarada|Trick Room|p2a: Meowscarada\n|-fieldstart|move: Trick Room|[of] p2a: Meowscarada\n|\n|upkeep\n|turn|2\n|\n|t:|1681958289\n|switch|p2b: Camerupt|Camerupt, L50, F|100\/100\n|move|p1a: Chien-Pao|Sucker Punch|p2a: Meowscarada\n|-supereffective|p2a: Meowscarada\n|-damage|p2a: Meowscarada|0 fnt\n|faint|p2a: Meowscarada\n|move|p1b: Dragonite|Iron Head|p2b: Camerupt\n|-resisted|p2b: Camerupt\n|-damage|p2b: Camerupt|82\/100\n|\n|-heal|p2b: Camerupt|100\/100|[from] move: Wish|[wisher] Dachsbun\n|upkeep\n|\n|t:|1681958300\n|switch|p2a: Dachsbun|Dachsbun, L50, F, shiny|100\/100\n|turn|3\n|\n|t:|1681958326\n|switch|p1a: Dachsbun|Dachsbun, L50, M|100\/100\n|move|p2b: Camerupt|Rock Slide|p1a: Dachsbun|[spread] p1a,p1b\n|-supereffective|p1b: Dragonite\n|-damage|p1a: Dachsbun|88\/100\n|-damage|p1b: Dragonite|87\/100\n|move|p1b: Dragonite|Iron Head|p2a: Dachsbun\n|-supereffective|p2a: Dachsbun\n|-damage|p2a: Dachsbun|40\/100\n|move|p2a: Dachsbun|Body Press|p1a: Dachsbun\n|-resisted|p1a: Dachsbun\n|-damage|p1a: Dachsbun|79\/100\n|\n|-heal|p1a: Dachsbun|85\/100|[from] item: Leftovers\n|-heal|p2a: Dachsbun|46\/100|[from] item: Leftovers\n|upkeep\n|turn|4\n|\n|t:|1681958364\n|move|p1b: Dragonite|Protect|p1b: Dragonite\n|-singleturn|p1b: Dragonite|Protect\n|move|p1a: Dachsbun|Protect|p1a: Dachsbun\n|-singleturn|p1a: Dachsbun|Protect\n|move|p2b: Camerupt|Rock Slide|p1b: Dragonite|[spread] \n|-activate|p1a: Dachsbun|move: Protect\n|-activate|p1b: Dragonite|move: Protect\n|move|p2a: Dachsbun|Yawn|p1b: Dragonite\n|-activate|p1b: Dragonite|move: Protect\n|\n|-heal|p2a: Dachsbun|52\/100|[from] item: Leftovers\n|-heal|p1a: Dachsbun|91\/100|[from] item: Leftovers\n|upkeep\n|turn|5\n|\n|t:|1681958398\n|move|p2b: Camerupt|Flare Blitz|p2a: Dachsbun\n|-ability|p2a: Dachsbun|Well-Baked Body|boost\n|-boost|p2a: Dachsbun|def|2\n|move|p1b: Dragonite|Iron Head|p2a: Dachsbun\n|-supereffective|p2a: Dachsbun\n|-damage|p2a: Dachsbun|22\/100\n|move|p1a: Dachsbun|Yawn|p2b: Camerupt\n|-start|p2b: Camerupt|move: Yawn|[of] p1a: Dachsbun\n|cant|p2a: Dachsbun|flinch\n|\n|-heal|p1a: Dachsbun|97\/100|[from] item: Leftovers\n|-heal|p2a: Dachsbun|29\/100|[from] item: Leftovers\n|-fieldend|move: Trick Room\n|upkeep\n|turn|6\n|\n|t:|1681958444\n|move|p2a: Dachsbun|Protect|p2a: Dachsbun\n|-singleturn|p2a: Dachsbun|Protect\n|move|p1a: Dachsbun|Protect|p1a: Dachsbun\n|-singleturn|p1a: Dachsbun|Protect\n|move|p1b: Dragonite|Iron Head|p2b: Camerupt\n|-resisted|p2b: Camerupt\n|-damage|p2b: Camerupt|88\/100\n|move|p2b: Camerupt|Rock Slide|p1b: Dragonite|[spread] p1b\n|-activate|p1a: Dachsbun|move: Protect\n|-supereffective|p1b: Dragonite\n|-damage|p1b: Dragonite|59\/100\n|\n|-heal|p2a: Dachsbun|35\/100|[from] item: Leftovers\n|-heal|p1a: Dachsbun|100\/100|[from] item: Leftovers\n|-end|p2b: Camerupt|move: Yawn|[silent]\n|-status|p2b: Camerupt|slp\n|upkeep\n|turn|7\n|\n|t:|1681958493\n|switch|p2b: Chi-Yu|Chi-Yu, L50|100\/100\n|-ability|p2b: Chi-Yu|Beads of Ruin\n|move|p1a: Dachsbun|Wish|p1a: Dachsbun\n|move|p2a: Dachsbun|Wish|p2a: Dachsbun\n|move|p1b: Dragonite|Iron Head|p2a: Dachsbun\n|-supereffective|p2a: Dachsbun\n|-damage|p2a: Dachsbun|7\/100\n|\n|-heal|p2a: Dachsbun|13\/100|[from] item: Leftovers\n|upkeep\n|turn|8\n|\n|t:|1681958534\n|move|p2a: Dachsbun|Protect|p2a: Dachsbun\n|-singleturn|p2a: Dachsbun|Protect\n|move|p2b: Chi-Yu|Dark Pulse|p1b: Dragonite\n|-damage|p1b: Dragonite|4\/100\n|move|p1a: Dachsbun|Yawn|p2b: Chi-Yu\n|-start|p2b: Chi-Yu|move: Yawn|[of] p1a: Dachsbun\n|move|p1b: Dragonite|Iron Head|p2a: Dachsbun\n|-activate|p2a: Dachsbun|move: Protect\n|\n|-heal|p2a: Dachsbun|63\/100|[from] move: Wish|[wisher] Dachsbun\n|-heal|p2a: Dachsbun|69\/100|[from] item: Leftovers\n|upkeep\n|turn|9\n|\n|t:|1681958559\n|switch|p2b: Camerupt|Camerupt, L50, F|88\/100 slp\n|move|p1a: Dachsbun|Yawn|p2a: Dachsbun\n|-start|p2a: Dachsbun|move: Yawn|[of] p1a: Dachsbun\n|move|p2a: Dachsbun|Body Press|p1b: Dragonite\n|-resisted|p1b: Dragonite\n|-damage|p1b: Dragonite|0 fnt\n|faint|p1b: Dragonite\n|\n|-heal|p2a: Dachsbun|75\/100|[from] item: Leftovers\n|upkeep\n|\n|t:|1681958575\n|switch|p1b: Flutter Mane|Flutter Mane, L50|100\/100\n|-enditem|p1b: Flutter Mane|Booster Energy\n|-activate|p1b: Flutter Mane|ability: Protosynthesis|[fromitem]\n|-start|p1b: Flutter Mane|protosynthesisspe\n|turn|10\n|\n|t:|1681958597\n|-terastallize|p1b: Flutter Mane|Fairy\n|move|p1b: Flutter Mane|Dazzling Gleam|p2a: Dachsbun|[spread] p2a,p2b\n|-resisted|p2b: Camerupt\n|-damage|p2a: Dachsbun|32\/100\n|-damage|p2b: Camerupt|69\/100 slp\n|move|p2a: Dachsbun|Yawn|p1b: Flutter Mane\n|-start|p1b: Flutter Mane|move: Yawn|[of] p2a: Dachsbun\n|move|p1a: Dachsbun|Body Press|p2b: Camerupt\n|-damage|p2b: Camerupt|49\/100 slp\n|cant|p2b: Camerupt|slp\n|\n|-heal|p2a: Dachsbun|38\/100|[from] item: Leftovers\n|-end|p2a: Dachsbun|move: Yawn|[silent]\n|-status|p2a: Dachsbun|slp\n|upkeep\n|turn|11\n|\n|t:|1681958633\n|-end|p1b: Flutter Mane|Protosynthesis|[silent]\n|switch|p1b: Chien-Pao|Chien-Pao, L50|100\/100\n|-ability|p1b: Chien-Pao|Sword of Ruin\n|move|p1a: Dachsbun|Body Press|p2b: Camerupt\n|-damage|p2b: Camerupt|26\/100 slp\n|cant|p2a: Dachsbun|slp\n|cant|p2b: Camerupt|slp\n|\n|-heal|p2a: Dachsbun|44\/100 slp|[from] item: Leftovers\n|upkeep\n|turn|12\n|\n|t:|1681958656\n|-curestatus|p2a: Dachsbun|slp|[msg]\n|move|p2a: Dachsbun|Protect|p2a: Dachsbun\n|-singleturn|p2a: Dachsbun|Protect\n|move|p1b: Chien-Pao|Throat Chop|p2b: Camerupt\n|-damage|p2b: Camerupt|0 fnt\n|faint|p2b: Camerupt\n|move|p1a: Dachsbun|Body Press|p2a: Dachsbun\n|-activate|p2a: Dachsbun|move: Protect\n|\n|-heal|p2a: Dachsbun|50\/100|[from] item: Leftovers\n|upkeep\n|\n|t:|1681958667\n|switch|p2b: Chi-Yu|Chi-Yu, L50|100\/100\n|-ability|p2b: Chi-Yu|Beads of Ruin\n|turn|13\n|\n|t:|1681958701\n|move|p1b: Chien-Pao|Protect|p1b: Chien-Pao\n|-singleturn|p1b: Chien-Pao|Protect\n|move|p2b: Chi-Yu|Lava Plume|p1a: Dachsbun|[spread] \n|-activate|p1b: Chien-Pao|move: Protect\n|-ability|p2a: Dachsbun|Well-Baked Body|boost\n|-boost|p2a: Dachsbun|def|2\n|-ability|p1a: Dachsbun|Well-Baked Body|boost\n|-boost|p1a: Dachsbun|def|2\n|move|p2a: Dachsbun|Yawn|p1a: Dachsbun\n|-start|p1a: Dachsbun|move: Yawn|[of] p2a: Dachsbun\n|move|p1a: Dachsbun|Yawn|p2b: Chi-Yu\n|-start|p2b: Chi-Yu|move: Yawn|[of] p1a: Dachsbun\n|\n|-heal|p2a: Dachsbun|57\/100|[from] item: Leftovers\n|upkeep\n|turn|14\n|\n|t:|1681958743\n|move|p2a: Dachsbun|Protect|p2a: Dachsbun\n|-singleturn|p2a: Dachsbun|Protect\n|move|p2b: Chi-Yu|Lava Plume|p1a: Dachsbun|[spread] p1b\n|-activate|p2a: Dachsbun|move: Protect\n|-ability|p1a: Dachsbun|Well-Baked Body|boost\n|-boost|p1a: Dachsbun|def|2\n|-supereffective|p1b: Chien-Pao\n|-enditem|p1b: Chien-Pao|Focus Sash\n|-damage|p1b: Chien-Pao|1\/100\n|move|p1b: Chien-Pao|Ice Spinner|p2a: Dachsbun\n|-activate|p2a: Dachsbun|move: Protect\n|move|p1a: Dachsbun|Yawn|p2a: Dachsbun\n|-activate|p2a: Dachsbun|move: Protect\n|\n|-heal|p2a: Dachsbun|63\/100|[from] item: Leftovers\n|-end|p2b: Chi-Yu|move: Yawn|[silent]\n|-status|p2b: Chi-Yu|slp\n|-end|p1a: Dachsbun|move: Yawn|[silent]\n|-status|p1a: Dachsbun|slp\n|upkeep\n|turn|15\n|\n|t:|1681958773\n|cant|p2b: Chi-Yu|slp\n|move|p1b: Chien-Pao|Ice Spinner|p2a: Dachsbun\n|-damage|p2a: Dachsbun|46\/100\n|move|p2a: Dachsbun|Wish|p2a: Dachsbun\n|cant|p1a: Dachsbun|slp\n|\n|-heal|p2a: Dachsbun|52\/100|[from] item: Leftovers\n|upkeep\n|turn|16\n|\n|t:|1681958791\n|cant|p2b: Chi-Yu|slp\n|move|p1b: Chien-Pao|Throat Chop|p2b: Chi-Yu\n|-resisted|p2b: Chi-Yu\n|-damage|p2b: Chi-Yu|54\/100 slp\n|-start|p2b: Chi-Yu|Throat Chop|[silent]\n|move|p2a: Dachsbun|Body Press|p1b: Chien-Pao\n|-supereffective|p1b: Chien-Pao\n|-damage|p1b: Chien-Pao|0 fnt\n|faint|p1b: Chien-Pao\n|cant|p1a: Dachsbun|slp\n|\n|-heal|p2a: Dachsbun|100\/100|[from] move: Wish|[wisher] Dachsbun\n|upkeep\n|\n|t:|1681958802\n|switch|p1b: Flutter Mane|Flutter Mane, L50, tera:Fairy|100\/100\n|turn|17\n|\n|t:|1681958813\n|-curestatus|p2b: Chi-Yu|slp|[msg]\n|move|p2b: Chi-Yu|Lava Plume|p1a: Dachsbun|[spread] p1b\n|-ability|p2a: Dachsbun|Well-Baked Body|boost\n|-boost|p2a: Dachsbun|def|2\n|-ability|p1a: Dachsbun|Well-Baked Body|boost\n|-boost|p1a: Dachsbun|def|2\n|-damage|p1b: Flutter Mane|57\/100\n|move|p1b: Flutter Mane|Dazzling Gleam|p2a: Dachsbun|[spread] p2a,p2b\n|-damage|p2a: Dachsbun|49\/100\n|-damage|p2b: Chi-Yu|7\/100\n|move|p2a: Dachsbun|Yawn|p1b: Flutter Mane\n|-start|p1b: Flutter Mane|move: Yawn|[of] p2a: Dachsbun\n|cant|p1a: Dachsbun|slp\n|\n|-heal|p2a: Dachsbun|55\/100|[from] item: Leftovers\n|-end|p2b: Chi-Yu|Throat Chop|[silent]\n|upkeep\n|turn|18\n|\n|t:|1681958841\n|move|p2b: Chi-Yu|Lava Plume|p1a: Dachsbun|[spread] p1b\n|-immune|p2a: Dachsbun|[from] ability: Well-Baked Body\n|-immune|p1a: Dachsbun|[from] ability: Well-Baked Body\n|-damage|p1b: Flutter Mane|19\/100\n|move|p1b: Flutter Mane|Dazzling Gleam|p2b: Chi-Yu|[spread] p2a,p2b\n|-damage|p2a: Dachsbun|5\/100\n|-damage|p2b: Chi-Yu|0 fnt\n|faint|p2b: Chi-Yu\n|move|p2a: Dachsbun|Wish|p2a: Dachsbun\n|-curestatus|p1a: Dachsbun|slp|[msg]\n|move|p1a: Dachsbun|Body Press|p2a: Dachsbun\n|-resisted|p2a: Dachsbun\n|-damage|p2a: Dachsbun|0 fnt\n|faint|p2a: Dachsbun\n|\n|win|MamuT420\n|raw|MamuT420's rating: 1116 → 1139<\/strong> (+23 for winning)\n|raw|shockzine's rating: 1083 → 1063<\/strong> (-20 for losing)\n|c|\u2606MamuT420|GGs\n","uploadtime":1681958861,"views":8,"p1id":"mamut420","p2id":"shockzine","formatid":"gen9vgc2023regulationc","rating":1063,"private":0,"password":""}