{"id":"gen9vgc2023regulationc-1852484721","p1":"BBBrony","p2":"mugiwaraLux","format":"[Gen 9] VGC 2023 Regulation C","log":"|j|\u2606BBBrony\n|j|\u2606mugiwaraLux\n|t:|1682563625\n|gametype|doubles\n|player|p1|BBBrony|elesa|1314\n|player|p2|mugiwaraLux|265|1403\n|teamsize|p1|6\n|teamsize|p2|6\n|gen|9\n|tier|[Gen 9] VGC 2023 Regulation C\n|rated|\n|rule|Species Clause: Limit one of each Pok\u00e9mon\n|rule|Item Clause: Limit one of each item\n|clearpoke\n|poke|p1|Dondozo, L50, F|\n|poke|p1|Tatsugiri-Stretchy, L50, M|\n|poke|p1|Glimmora, L50, F|\n|poke|p1|Dragonite, L50, F|\n|poke|p1|Chien-Pao, L50|\n|poke|p1|Ceruledge, L50, M|\n|poke|p2|Palafin, L50, F|\n|poke|p2|Amoonguss, L50, M|\n|poke|p2|Flutter Mane, L50|\n|poke|p2|Arcanine, L50, F|\n|poke|p2|Roaring Moon, L50|\n|poke|p2|Ting-Lu, L50|\n|teampreview|4\n|inactive|Battle timer is ON: inactive players will automatically lose when time's up. (requested by mugiwaraLux)\nmugiwaraLux has agreed to open team sheets.\nBBBrony rejected open team sheets.\n|inactive|mugiwaraLux has 60 seconds left.\n|\n|t:|1682563658\n|start\n|switch|p1a: Glimmora|Glimmora, L50, F, shiny|100\/100\n|switch|p1b: Dragonite|Dragonite, L50, F|100\/100\n|switch|p2a: fish|Palafin, L50, F|100\/100\n|switch|p2b: natsu|Ting-Lu, L50|100\/100\n|-ability|p2b: natsu|Vessel of Ruin\n|turn|1\n|inactive|BBBrony has 30 seconds left.\n|inactive|BBBrony has 20 seconds left.\n|inactive|BBBrony has 15 seconds left.\n|\n|t:|1682563699\n|detailschange|p2a: fish|Palafin-Hero, L50, F\n|switch|p2a: sussy|Amoonguss, L50, M|100\/100\n|-terastallize|p1a: Glimmora|Grass\n|move|p1b: Dragonite|Extreme Speed|p2b: natsu\n|-damage|p2b: natsu|84\/100\n|move|p1a: Glimmora|Energy Ball|p2a: sussy\n|-resisted|p2a: sussy\n|-damage|p2a: sussy|92\/100\n|move|p2b: natsu|Stomping Tantrum|p1a: Glimmora\n|-resisted|p1a: Glimmora\n|-damage|p1a: Glimmora|86\/100\n|-activate|p1a: Glimmora|ability: Toxic Debris\n|-sidestart|p2: mugiwaraLux|move: Toxic Spikes\n|\n|upkeep\n|turn|2\n|inactive|BBBrony has 30 seconds left.\n|inactive|BBBrony has 20 seconds left.\n|inactive|BBBrony has 15 seconds left.\n|inactive|BBBrony has 10 seconds left.\n|\n|t:|1682563745\n|move|p1b: Dragonite|Outrage|p2b: natsu\n|-damage|p2b: natsu|51\/100\n|move|p1a: Glimmora|Mortal Spin|p2b: natsu|[spread] p2a,p2b\n|-resisted|p2b: natsu\n|-damage|p2a: sussy|88\/100\n|-damage|p2b: natsu|50\/100\n|-status|p2b: natsu|psn\n|move|p2b: natsu|Ruination|p1b: Dragonite\n|-damage|p1b: Dragonite|50\/100\n|move|p2a: sussy|Spore|p1b: Dragonite\n|-status|p1b: Dragonite|slp|[from] move: Spore\n|-enditem|p1b: Dragonite|Lum Berry|[eat]\n|-curestatus|p1b: Dragonite|slp|[msg]\n|\n|-damage|p2b: natsu|38\/100 psn|[from] psn\n|upkeep\n|turn|3\n|inactive|BBBrony has 30 seconds left.\n|\n|t:|1682563774\n|move|p1b: Dragonite|Outrage|p2b: natsu|[from]lockedmove\n|-damage|p2b: natsu|0 fnt\n|faint|p2b: natsu\n|-start|p1b: Dragonite|confusion|[fatigue]\n|move|p1a: Glimmora|Energy Ball|p2a: sussy\n|-resisted|p2a: sussy\n|-damage|p2a: sussy|78\/100\n|move|p2a: sussy|Pollen Puff|p2: natsu|[notarget]\n|-fail|p2a: sussy\n|\n|upkeep\n|\n|t:|1682563781\n|switch|p2b: Mimi|Flutter Mane, L50|100\/100\n|-status|p2b: Mimi|psn\n|turn|4\n|\n|t:|1682563804\n|move|p2b: Mimi|Dazzling Gleam|p1a: Glimmora|[spread] p1a,p1b\n|-supereffective|p1b: Dragonite\n|-damage|p1a: Glimmora|53\/100\n|-damage|p1b: Dragonite|0 fnt\n|faint|p1b: Dragonite\n|move|p1a: Glimmora|Sludge Bomb|p2a: sussy\n|-damage|p2a: sussy|40\/100\n|-enditem|p2a: sussy|Sitrus Berry|[eat]\n|-heal|p2a: sussy|65\/100|[from] item: Sitrus Berry\n|move|p2a: sussy|Pollen Puff|p1a: Glimmora\n|-supereffective|p1a: Glimmora\n|-damage|p1a: Glimmora|25\/100\n|\n|-damage|p2b: Mimi|88\/100 psn|[from] psn\n|upkeep\n|\n|t:|1682563822\n|switch|p1b: Ceruledge|Ceruledge, L50, M|100\/100\n|turn|5\n|inactive|BBBrony has 30 seconds left.\n|\n|t:|1682563849\n|-terastallize|p2b: Mimi|Fairy\n|move|p2a: sussy|Protect|p2a: sussy\n|-singleturn|p2a: sussy|Protect\n|move|p1b: Ceruledge|Shadow Sneak|p2b: Mimi\n|-damage|p2b: Mimi|47\/100 psn\n|move|p2b: Mimi|Dazzling Gleam|p1a: Glimmora|[spread] p1a,p1b\n|-resisted|p1b: Ceruledge\n|-damage|p1a: Glimmora|0 fnt\n|-damage|p1b: Ceruledge|70\/100\n|faint|p1a: Glimmora\n|\n|-damage|p2b: Mimi|35\/100 psn|[from] psn\n|upkeep\n|\n|t:|1682563856\n|switch|p1a: Chien-Pao|Chien-Pao, L50|100\/100\n|-ability|p1a: Chien-Pao|Sword of Ruin\n|turn|6\n|\n|t:|1682563865\n|move|p2a: sussy|Rage Powder|p2a: sussy\n|-singleturn|p2a: sussy|move: Rage Powder\n|move|p1a: Chien-Pao|Sucker Punch||[still]\n|-fail|p1a: Chien-Pao\n|move|p2b: Mimi|Dazzling Gleam|p1b: Ceruledge|[spread] p1a,p1b\n|-supereffective|p1a: Chien-Pao\n|-resisted|p1b: Ceruledge\n|-enditem|p1a: Chien-Pao|Focus Sash\n|-damage|p1a: Chien-Pao|1\/100\n|-damage|p1b: Ceruledge|40\/100\n|move|p1b: Ceruledge|Bitter Blade|p2a: sussy\n|-supereffective|p2a: sussy\n|-damage|p2a: sussy|0 fnt\n|-heal|p1b: Ceruledge|79\/100|[from] drain|[of] p2a: sussy\n|faint|p2a: sussy\n|\n|-damage|p2b: Mimi|22\/100 psn|[from] psn\n|upkeep\n|\n|t:|1682563874\n|switch|p2a: fish|Palafin-Hero, L50, F|100\/100\n|-status|p2a: fish|psn\n|-activate|p2a: fish|ability: Zero to Hero\n|turn|7\n|\n|t:|1682563895\n|move|p1a: Chien-Pao|Sucker Punch|p2a: fish\n|-damage|p2a: fish|55\/100 psn\n|move|p2a: fish|Jet Punch|p1b: Ceruledge\n|-supereffective|p1b: Ceruledge\n|-damage|p1b: Ceruledge|0 fnt\n|faint|p1b: Ceruledge\n|move|p2b: Mimi|Dazzling Gleam|p1a: Chien-Pao\n|-supereffective|p1a: Chien-Pao\n|-crit|p1a: Chien-Pao\n|-damage|p1a: Chien-Pao|0 fnt\n|faint|p1a: Chien-Pao\n|\n|win|mugiwaraLux\n|raw|BBBrony's rating: 1314 → 1299<\/strong> (-15 for losing)\n|raw|mugiwaraLux's rating: 1403 → 1418<\/strong> (+15 for winning)\n|l|\u2606BBBrony\n","uploadtime":1682563907,"views":8,"p1id":"bbbrony","p2id":"mugiwaralux","formatid":"gen9vgc2023regulationc","rating":1299,"private":0,"password":""}