{"id":"gen9vgc2023regulationc-1855015394","p1":"DuskMTG","p2":"sasaki234","format":"[Gen 9] VGC 2023 Regulation C","log":"|j|\u2606DuskMTG\n|j|\u2606sasaki234\n|t:|1682891181\n|gametype|doubles\n|player|p1|DuskMTG|2|1155\n|player|p2|sasaki234|102|1239\n|teamsize|p1|6\n|teamsize|p2|6\n|gen|9\n|tier|[Gen 9] VGC 2023 Regulation C\n|rated|\n|rule|Species Clause: Limit one of each Pok\u00e9mon\n|rule|Item Clause: Limit one of each item\n|clearpoke\n|poke|p1|Gengar, L50, M|\n|poke|p1|Talonflame, L50, F|\n|poke|p1|Annihilape, L50, M|\n|poke|p1|Azumarill, L50, F|\n|poke|p1|Arboliva, L50, F|\n|poke|p1|Grimmsnarl, L50, M|\n|poke|p2|Flutter Mane, L50|\n|poke|p2|Dragonite, L50, M|\n|poke|p2|Ting-Lu, L50|\n|poke|p2|Chien-Pao, L50|\n|poke|p2|Kingambit, L50, F|\n|poke|p2|Gyarados, L50, M|\n|teampreview|4\n|inactive|Battle timer is ON: inactive players will automatically lose when time's up. (requested by sasaki234)\n|inactive|DuskMTG has 60 seconds left.\n|inactive|sasaki234 has 60 seconds left.\n|\n|t:|1682891220\n|start\n|switch|p1a: Grimmsnarl|Grimmsnarl, L50, M|100\/100\n|switch|p1b: Talonflame|Talonflame, L50, F|100\/100\n|switch|p2a: Dragonite|Dragonite, L50, M|100\/100\n|switch|p2b: Kingambit|Kingambit, L50, F|100\/100\n|turn|1\n|\n|t:|1682891237\n|-terastallize|p2b: Kingambit|Fire\n|move|p2a: Dragonite|Extreme Speed|p1b: Talonflame\n|-damage|p1b: Talonflame|25\/100\n|move|p1a: Grimmsnarl|Parting Shot|p2a: Dragonite\n|-unboost|p2a: Dragonite|atk|1\n|-unboost|p2a: Dragonite|spa|1\n|\n|t:|1682891246\n|switch|p1a: Azumarill|Azumarill, L50, F|100\/100|[from] Parting Shot\n|move|p1b: Talonflame|Tailwind|p1b: Talonflame\n|-sidestart|p1: DuskMTG|move: Tailwind\n|move|p2b: Kingambit|Swords Dance|p2b: Kingambit\n|-boost|p2b: Kingambit|atk|2\n|\n|upkeep\n|turn|2\n|inactive|DuskMTG has 30 seconds left.\n|inactive|sasaki234 has 30 seconds left.\n|inactive|sasaki234 has 20 seconds left.\n|inactive|sasaki234 has 15 seconds left.\n|\n|t:|1682891290\n|switch|p2a: Gyarados|Gyarados, L50, M|100\/100\n|-ability|p2a: Gyarados|Intimidate|boost\n|-unboost|p1a: Azumarill|atk|1\n|-unboost|p1b: Talonflame|atk|1\n|-terastallize|p1a: Azumarill|Water\n|move|p1b: Talonflame|Brave Bird|p2a: Gyarados\n|-damage|p2a: Gyarados|66\/100\n|-damage|p1b: Talonflame|10\/100|[from] Recoil\n|move|p1a: Azumarill|Belly Drum|p1a: Azumarill\n|-damage|p1a: Azumarill|50\/100\n|-setboost|p1a: Azumarill|atk|6|[from] move: Belly Drum\n|-enditem|p1a: Azumarill|Sitrus Berry|[eat]\n|-heal|p1a: Azumarill|75\/100|[from] item: Sitrus Berry\n|move|p2b: Kingambit|Iron Head|p1a: Azumarill\n|-resisted|p1a: Azumarill\n|-damage|p1a: Azumarill|24\/100\n|\n|upkeep\n|turn|3\n|inactive|DuskMTG has 30 seconds left.\n|inactive|sasaki234 has 30 seconds left.\n|\n|t:|1682891323\n|switch|p1b: Arboliva|Arboliva, L50, F|100\/100\n|move|p1a: Azumarill|Protect|p1a: Azumarill\n|-singleturn|p1a: Azumarill|Protect\n|move|p2b: Kingambit|Sucker Punch||[still]\n|-fail|p2b: Kingambit\n|move|p2a: Gyarados|Thunder Wave|p1a: Azumarill\n|-activate|p1a: Azumarill|move: Protect\n|\n|upkeep\n|turn|4\n|inactive|sasaki234 has 30 seconds left.\n|inactive|DuskMTG has 30 seconds left.\n|inactive|sasaki234 has 20 seconds left.\n|inactive|sasaki234 has 15 seconds left.\n|inactive|sasaki234 has 10 seconds left.\n|\n|t:|1682891369\n|move|p2a: Gyarados|Protect|p2a: Gyarados\n|-singleturn|p2a: Gyarados|Protect\n|move|p1a: Azumarill|Aqua Jet|p2b: Kingambit\n|-supereffective|p2b: Kingambit\n|-damage|p2b: Kingambit|0 fnt\n|faint|p2b: Kingambit\n|move|p1b: Arboliva|Pollen Puff|p1a: Azumarill\n|-heal|p1a: Azumarill|74\/100\n|\n|-sideend|p1: DuskMTG|move: Tailwind\n|upkeep\n|\n|t:|1682891381\n|switch|p2b: Flutter Mane|Flutter Mane, L50|100\/100\n|-enditem|p2b: Flutter Mane|Booster Energy\n|-activate|p2b: Flutter Mane|ability: Protosynthesis|[fromitem]\n|-start|p2b: Flutter Mane|protosynthesisspa\n|turn|5\n|\n|t:|1682891398\n|move|p2b: Flutter Mane|Protect|p2b: Flutter Mane\n|-singleturn|p2b: Flutter Mane|Protect\n|move|p1a: Azumarill|Protect|p1a: Azumarill\n|-singleturn|p1a: Azumarill|Protect\n|move|p2a: Gyarados|Thunder Wave|p1a: Azumarill\n|-activate|p1a: Azumarill|move: Protect\n|move|p1b: Arboliva|Giga Drain|p2a: Gyarados\n|-damage|p2a: Gyarados|44\/100\n|-enditem|p2a: Gyarados|Sitrus Berry|[eat]\n|-heal|p2a: Gyarados|69\/100|[from] item: Sitrus Berry\n|\n|upkeep\n|turn|6\n|inactive|sasaki234 has 30 seconds left.\n|inactive|sasaki234 has 20 seconds left.\n|\n|t:|1682891436\n|-end|p2b: Flutter Mane|Protosynthesis|[silent]\n|switch|p2b: Dragonite|Dragonite, L50, M|100\/100\n|move|p1a: Azumarill|Aqua Jet|p2b: Dragonite\n|-resisted|p2b: Dragonite\n|-damage|p2b: Dragonite|69\/100\n|move|p2a: Gyarados|Thunder Wave|p1a: Azumarill\n|-status|p1a: Azumarill|par\n|move|p1b: Arboliva|Pollen Puff|p1a: Azumarill\n|-heal|p1a: Azumarill|100\/100 par\n|\n|upkeep\n|turn|7\n|inactive|sasaki234 has 30 seconds left.\n|inactive|sasaki234 has 20 seconds left.\n|inactive|sasaki234 has 15 seconds left.\n|\n|t:|1682891478\n|switch|p1b: Grimmsnarl|Grimmsnarl, L50, M|100\/100\n|move|p2b: Dragonite|Dragon Claw|p1a: Azumarill\n|-damage|p1a: Azumarill|25\/100 par\n|move|p2a: Gyarados|Waterfall|p1a: Azumarill\n|-resisted|p1a: Azumarill\n|-damage|p1a: Azumarill|7\/100 par\n|move|p1a: Azumarill|Play Rough|p2b: Dragonite\n|-supereffective|p2b: Dragonite\n|-damage|p2b: Dragonite|0 fnt\n|faint|p2b: Dragonite\n|\n|upkeep\n|\n|t:|1682891492\n|switch|p2b: Flutter Mane|Flutter Mane, L50|100\/100\n|turn|8\n|\n|t:|1682891507\n|move|p2b: Flutter Mane|Protect|p2b: Flutter Mane\n|-singleturn|p2b: Flutter Mane|Protect\n|move|p1a: Azumarill|Protect|p1a: Azumarill\n|-singleturn|p1a: Azumarill|Protect\n|move|p1b: Grimmsnarl|Light Screen|p1b: Grimmsnarl\n|-sidestart|p1: DuskMTG|move: Light Screen\n|move|p2a: Gyarados|Waterfall|p1a: Azumarill\n|-activate|p1a: Azumarill|move: Protect\n|\n|upkeep\n|turn|9\n|\n|t:|1682891525\n|move|p2b: Flutter Mane|Protect||[still]\n|-fail|p2b: Flutter Mane\n|move|p1b: Grimmsnarl|Reflect|p1b: Grimmsnarl\n|-sidestart|p1: DuskMTG|Reflect\n|move|p1a: Azumarill|Aqua Jet|p2b: Flutter Mane\n|-damage|p2b: Flutter Mane|0 fnt\n|faint|p2b: Flutter Mane\n|-end|p2b: Flutter Mane|Protosynthesis|[silent]\n|move|p2a: Gyarados|Waterfall|p1a: Azumarill\n|-resisted|p1a: Azumarill\n|-damage|p1a: Azumarill|0 fnt\n|faint|p1a: Azumarill\n|\n|upkeep\n|\n|t:|1682891540\n|switch|p1a: Talonflame|Talonflame, L50, F|10\/100\n|turn|10\n|-message|sasaki234 forfeited.\n|\n|win|DuskMTG\n|raw|DuskMTG's rating: 1155 → 1186<\/strong> (+31 for winning)\n|raw|sasaki234's rating: 1239 → 1208<\/strong> (-31 for losing)\n|l|\u2606sasaki234\n","uploadtime":1682891552,"views":11,"p1id":"duskmtg","p2id":"sasaki234","formatid":"gen9vgc2023regulationc","rating":1186,"private":0,"password":""}