{"id":"gen9vgc2023regulationc-1860222995","p1":"zessozessozesso","p2":"r3gCt3st","format":"[Gen 9] VGC 2023 Regulation C","log":"|j|\u2606zessozessozesso\n|j|\u2606r3gCt3st\n|t:|1683613127\n|gametype|doubles\n|player|p1|zessozessozesso|1|1364\n|player|p2|r3gCt3st|harlequin|1387\n|teamsize|p1|6\n|teamsize|p2|4\n|gen|9\n|tier|[Gen 9] VGC 2023 Regulation C\n|rated|\n|rule|Species Clause: Limit one of each Pok\u00e9mon\n|rule|Item Clause: Limit one of each item\n|clearpoke\n|poke|p1|Flutter Mane, L50|\n|poke|p1|Abomasnow, L50, M|\n|poke|p1|Iron Bundle, L50|\n|poke|p1|Palafin, L50, M|\n|poke|p1|Dragonite, L50, F|\n|poke|p1|Amoonguss, L50, F|\n|poke|p2|Maushold, L50|\n|poke|p2|Amoonguss, L50, M|\n|poke|p2|Annihilape, L50, M|\n|poke|p2|Chien-Pao, L50|\n|teampreview|4\n|inactive|Battle timer is ON: inactive players will automatically lose when time's up. (requested by zessozessozesso)\n|inactive|zessozessozesso has 60 seconds left.\n|\n|t:|1683613186\n|start\n|switch|p1a: Iron Bundle|Iron Bundle, L50|100\/100\n|switch|p1b: Dragonite|Dragonite, L50, F|100\/100\n|switch|p2a: Maushold|Maushold, L50|100\/100\n|switch|p2b: Annihilape|Annihilape, L50, M|100\/100\n|-enditem|p1a: Iron Bundle|Booster Energy\n|-activate|p1a: Iron Bundle|ability: Quark Drive|[fromitem]\n|-start|p1a: Iron Bundle|quarkdrivespe\n|turn|1\n|j| mpudi\n|\n|t:|1683613208\n|-end|p1a: Iron Bundle|Quark Drive|[silent]\n|switch|p1a: Abomasnow|Abomasnow, L50, M|100\/100\n|-weather|Snow|[from] ability: Snow Warning|[of] p1a: Abomasnow\n|-terastallize|p2a: Maushold|Ghost\n|move|p2b: Annihilape|Close Combat|p1a: Abomasnow\n|-supereffective|p1a: Abomasnow\n|-damage|p1a: Abomasnow|2\/100\n|-unboost|p2b: Annihilape|def|1\n|-unboost|p2b: Annihilape|spd|1\n|move|p2a: Maushold|Tidy Up|p2a: Maushold\n|-boost|p2a: Maushold|atk|1\n|-boost|p2a: Maushold|spe|1\n|move|p1b: Dragonite|Safeguard|p1b: Dragonite\n|-sidestart|p1: zessozessozesso|Safeguard\n|\n|-weather|Snow|[upkeep]\n|upkeep\n|turn|2\n|inactive|zessozessozesso has 30 seconds left.\n|inactive|zessozessozesso has 20 seconds left.\n|inactive|r3gCt3st has 30 seconds left.\n|\n|t:|1683613247\n|switch|p1a: Flutter Mane|Flutter Mane, L50|100\/100\n|move|p2a: Maushold|Population Bomb|p1b: Dragonite\n|-damage|p1b: Dragonite|82\/100\n|-damage|p1b: Dragonite|61\/100\n|-damage|p1b: Dragonite|41\/100\n|-damage|p1b: Dragonite|21\/100\n|-enditem|p1b: Dragonite|Aguav Berry|[eat]\n|-heal|p1b: Dragonite|54\/100|[from] item: Aguav Berry\n|-damage|p1b: Dragonite|34\/100\n|-damage|p1b: Dragonite|12\/100\n|-damage|p1b: Dragonite|0 fnt\n|faint|p1b: Dragonite\n|-hitcount|p1: Dragonite|7\n|move|p2b: Annihilape|Close Combat|p1a: Flutter Mane\n|-immune|p1a: Flutter Mane\n|\n|-weather|Snow|[upkeep]\n|upkeep\n|\n|t:|1683613258\n|switch|p1b: Iron Bundle|Iron Bundle, L50|100\/100\n|turn|3\n|\n|t:|1683613270\n|-terastallize|p1b: Iron Bundle|Ghost\n|move|p2a: Maushold|Bite|p1a: Flutter Mane\n|-damage|p1a: Flutter Mane|53\/100\n|move|p2b: Annihilape|Close Combat|p1b: Iron Bundle\n|-immune|p1b: Iron Bundle\n|move|p1b: Iron Bundle|Encore|p2a: Maushold\n|-start|p2a: Maushold|Encore\n|cant|p1a: Flutter Mane|flinch\n|\n|-weather|Snow|[upkeep]\n|upkeep\n|turn|4\n|\n|t:|1683613288\n|switch|p2b: Chien-Pao|Chien-Pao, L50|100\/100\n|-ability|p2b: Chien-Pao|Sword of Ruin\n|move|p2a: Maushold|Bite|p1a: Flutter Mane\n|-damage|p1a: Flutter Mane|0 fnt\n|faint|p1a: Flutter Mane\n|-end|p1a: Flutter Mane|Protosynthesis|[silent]\n|move|p1b: Iron Bundle|Blizzard|p2b: Chien-Pao|[spread] p2a,p2b\n|-resisted|p2b: Chien-Pao\n|-damage|p2a: Maushold|52\/100\n|-damage|p2b: Chien-Pao|71\/100\n|-status|p2a: Maushold|frz\n|\n|-weather|Snow|[upkeep]\n|upkeep\n|\n|t:|1683613295\n|switch|p1a: Abomasnow|Abomasnow, L50, M|2\/100\n|turn|5\n|\n|t:|1683613304\n|move|p2b: Chien-Pao|Sucker Punch|p1b: Iron Bundle\n|-supereffective|p1b: Iron Bundle\n|-damage|p1b: Iron Bundle|0 fnt\n|faint|p1b: Iron Bundle\n|-end|p1b: Iron Bundle|Quark Drive|[silent]\n|-curestatus|p2a: Maushold|frz|[msg]\n|move|p2a: Maushold|Bite|p1a: Abomasnow\n|-damage|p1a: Abomasnow|0 fnt\n|faint|p1a: Abomasnow\n|\n|win|r3gCt3st\n|raw|zessozessozesso's rating: 1364 → 1345<\/strong> (-19 for losing)\n|raw|r3gCt3st's rating: 1387 → 1406<\/strong> (+19 for winning)\n|l|\u2606zessozessozesso\n","uploadtime":1683613317,"views":8,"p1id":"zessozessozesso","p2id":"r3gct3st","formatid":"gen9vgc2023regulationc","rating":1345,"private":0,"password":""}