{"id":"gen9vgc2023regulationc-1846768349","p1":"pterz","p2":"hirowwwshi","format":"[Gen 9] VGC 2023 Regulation C","log":"|j|\u2606pterz\n|j|\u2606hirowwwshi\n|t:|1681876320\n|gametype|doubles\n|player|p1|pterz|skier|1092\n|player|p2|hirowwwshi|youngster-gen4dp|1136\n|teamsize|p1|6\n|teamsize|p2|6\n|gen|9\n|tier|[Gen 9] VGC 2023 Regulation C\n|rated|\n|rule|Species Clause: Limit one of each Pok\u00e9mon\n|rule|Item Clause: Limit one of each item\n|clearpoke\n|poke|p1|Slither Wing, L50|\n|poke|p1|Chien-Pao, L50|\n|poke|p1|Scream Tail, L50|\n|poke|p1|Amoonguss, L50, M|\n|poke|p1|Farigiraf, L50, F|\n|poke|p1|Gyarados, L50, F|\n|poke|p2|Chi-Yu, L50|\n|poke|p2|Dachsbun, L50, M|\n|poke|p2|Iron Bundle, L50|\n|poke|p2|Dragonite, L50, F|\n|poke|p2|Garchomp, L50, F|\n|poke|p2|Kilowattrel, L50, F|\n|teampreview|4\n|inactive|Battle timer is ON: inactive players will automatically lose when time's up. (requested by pterz)\n|inactive|pterz has 60 seconds left.\n|\n|t:|1681876352\n|start\n|switch|p1a: Le Chien|Chien-Pao, L50|100\/100\n|switch|p1b: Scream Frail|Scream Tail, L50|100\/100\n|switch|p2a: Chi-Yu|Chi-Yu, L50|100\/100\n|switch|p2b: Dachsbun|Dachsbun, L50, M|100\/100\n|-ability|p2a: Chi-Yu|Beads of Ruin\n|-ability|p1a: Le Chien|Sword of Ruin\n|turn|1\n|inactive|pterz has 30 seconds left.\n|inactive|pterz has 20 seconds left.\n|\n|t:|1681876389\n|switch|p1a: Dr. Dos; Phd|Gyarados, L50, F|100\/100\n|-ability|p1a: Dr. Dos; Phd|Intimidate|boost\n|-unboost|p2a: Chi-Yu|atk|1\n|-unboost|p2b: Dachsbun|atk|1\n|move|p2a: Chi-Yu|Lava Plume|p1b: Scream Frail|[spread] p1a,p1b\n|-ability|p2b: Dachsbun|Well-Baked Body|boost\n|-boost|p2b: Dachsbun|def|2\n|-resisted|p1a: Dr. Dos; Phd\n|-damage|p1a: Dr. Dos; Phd|79\/100\n|-damage|p1b: Scream Frail|74\/100\n|move|p2b: Dachsbun|Body Press|p1a: Dr. Dos; Phd\n|-resisted|p1a: Dr. Dos; Phd\n|-damage|p1a: Dr. Dos; Phd|58\/100\n|move|p1b: Scream Frail|Trick Room|p1b: Scream Frail\n|-fieldstart|move: Trick Room|[of] p1b: Scream Frail\n|-enditem|p1b: Scream Frail|Room Service\n|-unboost|p1b: Scream Frail|spe|1|[from] item: Room Service\n|\n|upkeep\n|turn|2\n|inactive|pterz has 30 seconds left.\n|inactive|hirowwwshi has 30 seconds left.\n|\n|t:|1681876416\n|-terastallize|p2a: Chi-Yu|Ghost\n|move|p1b: Scream Frail|Disable|p2b: Dachsbun\n|-start|p2b: Dachsbun|Disable|Body Press\n|move|p1a: Dr. Dos; Phd|Waterfall|p2a: Chi-Yu\n|-damage|p2a: Chi-Yu|23\/100\n|cant|p2b: Dachsbun|Disable|Body Press\n|cant|p2a: Chi-Yu|flinch\n|\n|upkeep\n|turn|3\n|inactive|pterz has 30 seconds left.\n|inactive|pterz has 20 seconds left.\n|\n|t:|1681876451\n|move|p2b: Dachsbun|Protect|p2b: Dachsbun\n|-singleturn|p2b: Dachsbun|Protect\n|move|p1a: Dr. Dos; Phd|Waterfall|p2b: Dachsbun\n|-activate|p2b: Dachsbun|move: Protect\n|move|p1b: Scream Frail|Play Rough|p2a: Chi-Yu\n|-damage|p2a: Chi-Yu|0 fnt\n|faint|p2a: Chi-Yu\n|\n|upkeep\n|\n|t:|1681876463\n|switch|p2a: Kilowattrel|Kilowattrel, L50, F|100\/100\n|turn|4\n|inactive|pterz has 30 seconds left.\n|\n|t:|1681876493\n|-terastallize|p1a: Dr. Dos; Phd|Ground\n|move|p1b: Scream Frail|Play Rough|p2a: Kilowattrel\n|-damage|p2a: Kilowattrel|63\/100\n|move|p1a: Dr. Dos; Phd|Waterfall|p2b: Dachsbun\n|-damage|p2b: Dachsbun|76\/100\n|move|p2b: Dachsbun|Wish|p2b: Dachsbun\n|move|p2a: Kilowattrel|Thunderbolt|p1a: Dr. Dos; Phd\n|-immune|p1a: Dr. Dos; Phd\n|\n|-heal|p2b: Dachsbun|82\/100|[from] item: Leftovers\n|upkeep\n|turn|5\n|inactive|hirowwwshi has 30 seconds left.\n|\n|t:|1681876523\n|-end|p1b: Scream Frail|Protosynthesis|[silent]\n|switch|p1b: Slither Wang|Slither Wing, L50, shiny|100\/100\n|switch|p2a: Garchomp|Garchomp, L50, F|100\/100\n|move|p2b: Dachsbun|Protect|p2b: Dachsbun\n|-singleturn|p2b: Dachsbun|Protect\n|move|p1a: Dr. Dos; Phd|Waterfall|p2a: Garchomp\n|-damage|p2a: Garchomp|62\/100\n|-damage|p1a: Dr. Dos; Phd|46\/100|[from] ability: Rough Skin|[of] p2a: Garchomp\n|\n|-heal|p2b: Dachsbun|100\/100|[from] move: Wish|[wisher] Dachsbun\n|-end|p2b: Dachsbun|Disable\n|-fieldend|move: Trick Room\n|upkeep\n|turn|6\n|inactive|pterz has 30 seconds left.\n|inactive|pterz has 20 seconds left.\n|inactive|pterz has 15 seconds left.\n|inactive|pterz has 10 seconds left.\n|inactive|pterz has 5 seconds left.\n|\n|t:|1681876578\n|switch|p2b: Kilowattrel|Kilowattrel, L50, F|63\/100\n|move|p1b: Slither Wang|First Impression|p2a: Garchomp\n|-damage|p2a: Garchomp|19\/100\n|-damage|p1b: Slither Wang|88\/100|[from] ability: Rough Skin|[of] p2a: Garchomp\n|move|p2a: Garchomp|Earthquake|p1a: Dr. Dos; Phd|[spread] p1a,p1b\n|-immune|p2b: Kilowattrel\n|-resisted|p1b: Slither Wang\n|-damage|p1a: Dr. Dos; Phd|0 fnt\n|-damage|p1b: Slither Wang|63\/100\n|faint|p1a: Dr. Dos; Phd\n|-damage|p2a: Garchomp|9\/100|[from] item: Life Orb\n|\n|upkeep\n|\n|t:|1681876597\n|switch|p1a: Le Chien|Chien-Pao, L50|100\/100\n|-ability|p1a: Le Chien|Sword of Ruin\n|turn|7\n|\n|t:|1681876609\n|move|p2a: Garchomp|Protect|p2a: Garchomp\n|-singleturn|p2a: Garchomp|Protect\n|move|p1a: Le Chien|Ice Shard|p2a: Garchomp\n|-activate|p2a: Garchomp|move: Protect\n|move|p2b: Kilowattrel|Tailwind|p2b: Kilowattrel\n|-sidestart|p2: hirowwwshi|move: Tailwind\n|-start|p2b: Kilowattrel|Charge|Tailwind|[from] ability: Wind Power\n|move|p1b: Slither Wang|U-turn|p2b: Kilowattrel\n|-resisted|p2b: Kilowattrel\n|-damage|p2b: Kilowattrel|16\/100\n|\n|t:|1681876619\n|-end|p1b: Slither Wang|Protosynthesis|[silent]\n|switch|p1b: Scream Frail|Scream Tail, L50|74\/100|[from] U-turn\n|\n|upkeep\n|turn|8\n|\n|t:|1681876638\n|move|p1a: Le Chien|Ice Shard|p2a: Garchomp\n|-supereffective|p2a: Garchomp\n|-damage|p2a: Garchomp|0 fnt\n|faint|p2a: Garchomp\n|move|p2b: Kilowattrel|Discharge|p1a: Le Chien|[spread] p1a,p1b\n|-damage|p1a: Le Chien|15\/100\n|-damage|p1b: Scream Frail|39\/100\n|-end|p2b: Kilowattrel|Charge|[silent]\n|move|p1b: Scream Frail|Trick Room|p1b: Scream Frail\n|-fieldstart|move: Trick Room|[of] p1b: Scream Frail\n|\n|upkeep\n|\n|t:|1681876649\n|switch|p2a: Dachsbun|Dachsbun, L50, M|100\/100\n|turn|9\n|\n|t:|1681876660\n|move|p1a: Le Chien|Ice Shard|p2b: Kilowattrel\n|-supereffective|p2b: Kilowattrel\n|-damage|p2b: Kilowattrel|0 fnt\n|faint|p2b: Kilowattrel\n|move|p1b: Scream Frail|Perish Song|p1b: Scream Frail\n|-start|p1a: Le Chien|perish3|[silent]\n|-start|p1b: Scream Frail|perish3|[silent]\n|-start|p2a: Dachsbun|perish3|[silent]\n|-fieldactivate|move: Perish Song\n|move|p2a: Dachsbun|Body Press|p1a: Le Chien\n|-supereffective|p1a: Le Chien\n|-damage|p1a: Le Chien|0 fnt\n|faint|p1a: Le Chien\n|\n|-start|p1b: Scream Frail|perish3\n|-start|p2a: Dachsbun|perish3\n|upkeep\n|\n|t:|1681876671\n|switch|p1a: Slither Wang|Slither Wing, L50, shiny|63\/100\n|turn|10\n|inactive|hirowwwshi has 30 seconds left.\n|\n|t:|1681876704\n|move|p1a: Slither Wang|First Impression|p2a: Dachsbun\n|-resisted|p2a: Dachsbun\n|-damage|p2a: Dachsbun|77\/100\n|move|p1b: Scream Frail|Disable|p2a: Dachsbun\n|-start|p2a: Dachsbun|Disable|Body Press\n|cant|p2a: Dachsbun|Disable|Body Press\n|\n|-heal|p2a: Dachsbun|83\/100|[from] item: Leftovers\n|-start|p1b: Scream Frail|perish2\n|-start|p2a: Dachsbun|perish2\n|-sideend|p2: hirowwwshi|move: Tailwind\n|upkeep\n|turn|11\n|c|\u2606hirowwwshi|ggwp\n|-message|hirowwwshi forfeited.\n|\n|win|pterz\n|raw|pterz's rating: 1092 → 1122<\/strong> (+30 for winning)\n|raw|hirowwwshi's rating: 1136 → 1108<\/strong> (-28 for losing)\n|l|\u2606hirowwwshi\n","uploadtime":1681876728,"views":11,"p1id":"pterz","p2id":"hirowwwshi","formatid":"gen9vgc2023regulationc","rating":1108,"private":0,"password":""}