{"id":"gen9vgc2023regulationc-1844831838","p1":"AnonyMist","p2":"Matteo0203","format":"[Gen 9] VGC 2023 Regulation C","log":"|j|\u2606AnonyMist\n|j|\u2606Matteo0203\n|t:|1681654031\n|gametype|doubles\n|player|p1|AnonyMist|allister|1113\n|player|p2|Matteo0203|170|1049\n|teamsize|p1|6\n|teamsize|p2|6\n|gen|9\n|tier|[Gen 9] VGC 2023 Regulation C\n|rated|\n|rule|Species Clause: Limit one of each Pok\u00e9mon\n|rule|Item Clause: Limit one of each item\n|clearpoke\n|poke|p1|Lycanroc, L50, F|\n|poke|p1|Tyranitar, L50, F|\n|poke|p1|Gyarados, L50, F|\n|poke|p1|Kingambit, L50, M|\n|poke|p1|Houndstone, L50, M|\n|poke|p1|Iron Bundle, L50|\n|poke|p2|Palafin, L50, F|\n|poke|p2|Chien-Pao, L50|\n|poke|p2|Dragapult, L50, F|\n|poke|p2|Amoonguss, L50, M|\n|poke|p2|Arcanine, L50, M|\n|poke|p2|Flutter Mane, L50|\n|teampreview|4\n|\n|t:|1681654098\n|start\n|switch|p1a: Lycanroc|Lycanroc, L50, F|100\/100\n|switch|p1b: Darude Joke|Tyranitar, L50, F|100\/100\n|switch|p2a: Dozo|Palafin, L50, F|100\/100\n|switch|p2b: Mimi|Flutter Mane, L50|100\/100\n|-weather|Sandstorm|[from] ability: Sand Stream|[of] p1b: Darude Joke\n|-enditem|p2b: Mimi|Booster Energy\n|-activate|p2b: Mimi|ability: Protosynthesis|[fromitem]\n|-start|p2b: Mimi|protosynthesisspa\n|turn|1\n|inactive|Battle timer is ON: inactive players will automatically lose when time's up. (requested by AnonyMist)\n|\n|t:|1681654144\n|detailschange|p2a: Dozo|Palafin-Hero, L50, F\n|switch|p2a: ChiYu|Arcanine, L50, M|100\/100\n|-ability|p2a: ChiYu|Intimidate|boost\n|-unboost|p1a: Lycanroc|atk|1\n|-unboost|p1b: Darude Joke|atk|1\n|-terastallize|p1b: Darude Joke|Flying\n|move|p2b: Mimi|Protect|p2b: Mimi\n|-singleturn|p2b: Mimi|Protect\n|move|p1a: Lycanroc|Rock Slide|p2b: Mimi|[spread] p2a\n|-activate|p2b: Mimi|move: Protect\n|-supereffective|p2a: ChiYu\n|-crit|p2a: ChiYu\n|-damage|p2a: ChiYu|0 fnt\n|faint|p2a: ChiYu\n|move|p1b: Darude Joke|Heavy Slam|p2b: Mimi\n|-activate|p2b: Mimi|move: Protect\n|\n|-weather|Sandstorm|[upkeep]\n|-damage|p2b: Mimi|95\/100|[from] Sandstorm\n|-damage|p1b: Darude Joke|95\/100|[from] Sandstorm\n|upkeep\n|inactive|Matteo0203 has 30 seconds left.\n|inactive|Matteo0203 has 20 seconds left.\n|inactive|Matteo0203 has 15 seconds left.\n|\n|t:|1681654188\n|switch|p2a: Dozo|Palafin-Hero, L50, F|100\/100\n|-activate|p2a: Dozo|ability: Zero to Hero\n|turn|2\n|inactive|Matteo0203 has 30 seconds left.\n|inactive|Matteo0203 has 20 seconds left.\n|inactive|Matteo0203 has 15 seconds left.\n|inactive|Matteo0203 has 10 seconds left.\n|\n|t:|1681654237\n|-terastallize|p2a: Dozo|Water\n|move|p2a: Dozo|Jet Punch|p1a: Lycanroc\n|-supereffective|p1a: Lycanroc\n|-enditem|p1a: Lycanroc|Focus Sash\n|-damage|p1a: Lycanroc|1\/100\n|move|p1a: Lycanroc|Endeavor|p2a: Dozo\n|-damage|p2a: Dozo|1\/100\n|move|p2b: Mimi|Dazzling Gleam|p1b: Darude Joke|[spread] p1a,p1b\n|-damage|p1a: Lycanroc|0 fnt\n|-damage|p1b: Darude Joke|71\/100\n|faint|p1a: Lycanroc\n|move|p1b: Darude Joke|Heavy Slam|p2b: Mimi\n|-supereffective|p2b: Mimi\n|-damage|p2b: Mimi|8\/100\n|\n|-weather|Sandstorm|[upkeep]\n|-damage|p2b: Mimi|3\/100|[from] Sandstorm\n|-damage|p2a: Dozo|0 fnt|[from] Sandstorm\n|-damage|p1b: Darude Joke|65\/100|[from] Sandstorm\n|faint|p2a: Dozo\n|upkeep\n|\n|t:|1681654256\n|switch|p1a: Houndstone|Houndstone, L50, M|100\/100\n|switch|p2a: WoChien|Amoonguss, L50, M|100\/100\n|turn|3\n|inactive|AnonyMist has 30 seconds left.\n|inactive|Matteo0203 has 30 seconds left.\n|inactive|Matteo0203 has 20 seconds left.\n|inactive|Matteo0203 has 15 seconds left.\n|\n|t:|1681654301\n|move|p1a: Houndstone|Protect|p1a: Houndstone\n|-singleturn|p1a: Houndstone|Protect\n|move|p2b: Mimi|Shadow Ball|p1a: Houndstone\n|-activate|p1a: Houndstone|move: Protect\n|move|p1b: Darude Joke|Rock Slide|p2a: WoChien|[spread] p2a,p2b\n|-damage|p2a: WoChien|82\/100\n|-damage|p2b: Mimi|0 fnt\n|faint|p2b: Mimi\n|-end|p2b: Mimi|Protosynthesis|[silent]\n|cant|p2a: WoChien|flinch\n|\n|-weather|Sandstorm|[upkeep]\n|-damage|p1b: Darude Joke|59\/100|[from] Sandstorm\n|-damage|p2a: WoChien|76\/100|[from] Sandstorm\n|upkeep\n|turn|4\n|\n|t:|1681654322\n|move|p1a: Houndstone|Last Respects|p2a: WoChien\n|-damage|p2a: WoChien|37\/100\n|-enditem|p2a: WoChien|Sitrus Berry|[eat]\n|-heal|p2a: WoChien|62\/100|[from] item: Sitrus Berry\n|-damage|p1a: Houndstone|91\/100|[from] item: Life Orb\n|move|p1b: Darude Joke|Assurance|p2a: WoChien\n|-damage|p2a: WoChien|21\/100\n|move|p2a: WoChien|Pollen Puff|p1b: Darude Joke\n|-resisted|p1b: Darude Joke\n|-damage|p1b: Darude Joke|54\/100\n|\n|-weather|Sandstorm|[upkeep]\n|-damage|p1b: Darude Joke|48\/100|[from] Sandstorm\n|-damage|p2a: WoChien|15\/100|[from] Sandstorm\n|upkeep\n|turn|5\n|-message|Matteo0203 forfeited.\n|\n|win|AnonyMist\n|raw|AnonyMist's rating: 1113 → 1133<\/strong> (+20 for winning)\n|raw|Matteo0203's rating: 1049 → 1035<\/strong> (-14 for losing)\n|l|\u2606Matteo0203\n|c|\u2606AnonyMist|ggs\n","uploadtime":1681654344,"views":9,"p1id":"anonymist","p2id":"matteo0203","formatid":"gen9vgc2023regulationc","rating":1035,"private":0,"password":""}