{"id":"gen9vgc2023regulationc-1863862546","p1":"Capitan smoker","p2":"Cosentino","format":"[Gen 9] VGC 2023 Regulation C","log":"|j|\u2606Capitan smoker\n|j|\u2606Cosentino\n|t:|1684086716\n|gametype|doubles\n|player|p1|Capitan smoker|265|1317\n|player|p2|Cosentino|169|1281\n|teamsize|p1|6\n|teamsize|p2|6\n|gen|9\n|tier|[Gen 9] VGC 2023 Regulation C\n|rated|\n|rule|Species Clause: Limit one of each Pok\u00e9mon\n|rule|Item Clause: Limit one of each item\n|clearpoke\n|poke|p1|Braviary, L50, M|\n|poke|p1|Dragonite, L50, F|\n|poke|p1|Palafin, L50, M|\n|poke|p1|Torkoal, L50, F|\n|poke|p1|Lilligant, L50, F|\n|poke|p1|Great Tusk, L50|\n|poke|p2|Flutter Mane, L50|\n|poke|p2|Iron Thorns, L50|\n|poke|p2|Talonflame, L50, M|\n|poke|p2|Gyarados, L50, M|\n|poke|p2|Amoonguss, L50, F|\n|poke|p2|Baxcalibur, L50, M|\n|teampreview|4\n|\n|t:|1684086767\n|start\n|switch|p1a: Braviary|Braviary, L50, M|100\/100\n|switch|p1b: Palafin|Palafin, L50, M|100\/100\n|switch|p2a: Flutter Mane|Flutter Mane, L50|100\/100\n|switch|p2b: Osama|Baxcalibur, L50, M|100\/100\n|turn|1\n|\n|t:|1684086789\n|move|p2a: Flutter Mane|Dazzling Gleam|p1a: Braviary|[spread] p1a,p1b\n|-damage|p1a: Braviary|61\/100\n|-damage|p1b: Palafin|57\/100\n|move|p1b: Palafin|Flip Turn|p2a: Flutter Mane\n|-damage|p2a: Flutter Mane|55\/100\n|\n|t:|1684086794\n|detailschange|p1b: Palafin|Palafin-Hero, L50, M\n|switch|p1b: Great Tusk|Great Tusk, L50|100\/100|[from] Flip Turn\n|move|p1a: Braviary|Tailwind|p1a: Braviary\n|-sidestart|p1: Capitan smoker|move: Tailwind\n|move|p2b: Osama|Icicle Crash|p1a: Braviary\n|-supereffective|p1a: Braviary\n|-damage|p1a: Braviary|0 fnt\n|faint|p1a: Braviary\n|\n|upkeep\n|\n|t:|1684086799\n|switch|p1a: Palafin|Palafin-Hero, L50, M|57\/100\n|-activate|p1a: Palafin|ability: Zero to Hero\n|turn|2\n|\n|t:|1684086814\n|-end|p2a: Flutter Mane|Protosynthesis|[silent]\n|switch|p2a: Gyarados|Gyarados, L50, M|100\/100\n|-ability|p2a: Gyarados|Intimidate|boost\n|-unboost|p1a: Palafin|atk|1\n|-unboost|p1b: Great Tusk|atk|1\n|-terastallize|p2b: Osama|Water\n|move|p1b: Great Tusk|Close Combat|p2b: Osama\n|-damage|p2b: Osama|63\/100\n|-unboost|p1b: Great Tusk|def|1\n|-unboost|p1b: Great Tusk|spd|1\n|move|p1a: Palafin|Wave Crash|p2a: Gyarados\n|-resisted|p2a: Gyarados\n|-damage|p2a: Gyarados|68\/100\n|-damage|p1a: Palafin|46\/100|[from] Recoil\n|move|p2b: Osama|Aqua Tail|p1b: Great Tusk\n|-supereffective|p1b: Great Tusk\n|-damage|p1b: Great Tusk|0 fnt\n|faint|p1b: Great Tusk\n|-end|p1b: Great Tusk|Protosynthesis|[silent]\n|\n|upkeep\n|\n|t:|1684086823\n|switch|p1b: Dragonite|Dragonite, L50, F, shiny|100\/100\n|turn|3\n|\n|t:|1684086836\n|-terastallize|p1b: Dragonite|Normal\n|move|p1b: Dragonite|Extreme Speed|p2b: Osama\n|-crit|p2b: Osama\n|-damage|p2b: Osama|0 fnt\n|faint|p2b: Osama\n|move|p1a: Palafin|Wave Crash|p2a: Gyarados\n|-resisted|p2a: Gyarados\n|-damage|p2a: Gyarados|36\/100\n|-enditem|p2a: Gyarados|Sitrus Berry|[eat]\n|-heal|p2a: Gyarados|61\/100|[from] item: Sitrus Berry\n|-damage|p1a: Palafin|35\/100|[from] Recoil\n|move|p2a: Gyarados|Dragon Dance|p2a: Gyarados\n|-boost|p2a: Gyarados|atk|1\n|-boost|p2a: Gyarados|spe|1\n|\n|upkeep\n|\n|t:|1684086850\n|switch|p2b: Talonflame|Talonflame, L50, M|100\/100\n|turn|4\n|\n|t:|1684086854\n|move|p2a: Gyarados|Protect|p2a: Gyarados\n|-singleturn|p2a: Gyarados|Protect\n|move|p1b: Dragonite|Extreme Speed|p2a: Gyarados\n|-activate|p2a: Gyarados|move: Protect\n|move|p1a: Palafin|Jet Punch|p2b: Talonflame\n|-supereffective|p2b: Talonflame\n|-damage|p2b: Talonflame|16\/100\n|move|p2b: Talonflame|Brave Bird|p1a: Palafin\n|-damage|p1a: Palafin|0 fnt\n|faint|p1a: Palafin\n|-damage|p2b: Talonflame|4\/100|[from] Recoil\n|\n|-sideend|p1: Capitan smoker|move: Tailwind\n|upkeep\n|turn|5\n|\n|t:|1684086872\n|switch|p2a: Flutter Mane|Flutter Mane, L50|55\/100\n|move|p1b: Dragonite|Extreme Speed|p2a: Flutter Mane\n|-immune|p2a: Flutter Mane\n|move|p2b: Talonflame|Will-O-Wisp|p1b: Dragonite\n|-status|p1b: Dragonite|brn\n|\n|-damage|p1b: Dragonite|95\/100 brn|[from] brn\n|upkeep\n|turn|6\n|l|\u2606Capitan smoker\n|player|p1|\n|j|\u2606Capitan smoker\n|player|p1|Capitan smoker|265\n|inactive|Battle timer is ON: inactive players will automatically lose when time's up. (requested by Cosentino)\n|inactive|Capitan smoker has 60 seconds left.\n|inactive|Capitan smoker has 30 seconds left.\n|inactive|Capitan smoker has 20 seconds left.\n|inactive|Capitan smoker has 15 seconds left.\n|inactive|Capitan smoker has 10 seconds left.\n|inactive|Capitan smoker has 5 seconds left.\n|\n|t:|1684086993\n|move|p2a: Flutter Mane|Protect|p2a: Flutter Mane\n|-singleturn|p2a: Flutter Mane|Protect\n|move|p1b: Dragonite|Extreme Speed|p2b: Talonflame\n|-damage|p2b: Talonflame|0 fnt\n|faint|p2b: Talonflame\n|\n|-damage|p1b: Dragonite|89\/100 brn|[from] brn\n|upkeep\n|\n|t:|1684087002\n|switch|p2b: Gyarados|Gyarados, L50, M|61\/100\n|-ability|p2b: Gyarados|Intimidate|boost\n|-unboost|p1b: Dragonite|atk|1\n|turn|7\n|inactive|Capitan smoker has 30 seconds left.\n|l|\u2606Capitan smoker\n|inactive|Capitan smoker disconnected and has a minute to reconnect!\n|player|p1|\n|inactive|Capitan smoker has 20 seconds left.\n|inactive|Capitan smoker has 15 seconds left.\n|inactive|Capitan smoker has 10 seconds left.\n|inactive|Capitan smoker has 5 seconds left.\n|-message|Capitan smoker lost due to inactivity.\n|\n|win|Cosentino\n|raw|Capitan smoker's rating: 1317 → 1295<\/strong> (-22 for losing)\n|raw|Cosentino's rating: 1281 → 1309<\/strong> (+28 for winning)\n|c|\u2606Cosentino|Bro just Ff\n|l|\u2606Cosentino\n|j|\u2606Capitan smoker\n|player|p1|Capitan smoker|265\n|l|\u2606Capitan smoker\n|player|p1|\n|j|\u2606Cosentino\n|player|p2|Cosentino|169\n","uploadtime":1684087789,"views":4,"p1id":"capitansmoker","p2id":"cosentino","formatid":"gen9vgc2023regulationc","rating":1295,"private":0,"password":""}