{"id":"gen9vgc2023regulationc-1849379781","p1":"Echo Rose#9471","p2":"SupaJello","format":"[Gen 9] VGC 2023 Regulation C","log":"|j|\u2606Echo Rose#9471\n|j|\u2606SupaJello\n|t:|1682191995\n|gametype|doubles\n|player|p1|Echo Rose#9471|266|1248\n|player|p2|SupaJello|hilbert|1167\n|teamsize|p1|6\n|teamsize|p2|6\n|gen|9\n|tier|[Gen 9] VGC 2023 Regulation C\n|rated|\n|rule|Species Clause: Limit one of each Pok\u00e9mon\n|rule|Item Clause: Limit one of each item\n|clearpoke\n|poke|p1|Chi-Yu, L50|\n|poke|p1|Dachsbun, L50, M|\n|poke|p1|Flutter Mane, L50|\n|poke|p1|Gastrodon, L50, M|\n|poke|p1|Amoonguss, L50, F|\n|poke|p1|Salamence, L50, M|\n|poke|p2|Armarouge, L50, M|\n|poke|p2|Garchomp, L50, M|\n|poke|p2|Tyranitar, L50, M|\n|poke|p2|Flutter Mane, L50|\n|poke|p2|Indeedee-F, L50, F|\n|poke|p2|Orthworm, L50, F|\n|teampreview|4\n|inactive|Battle timer is ON: inactive players will automatically lose when time's up. (requested by SupaJello)\n|inactive|Echo Rose#9471 has 60 seconds left.\n|inactive|SupaJello has 60 seconds left.\n|\n|t:|1682192043\n|start\n|switch|p1a: Chi-Yu|Chi-Yu, L50|100\/100\n|switch|p1b: Dachsbun|Dachsbun, L50, M|100\/100\n|switch|p2a: Armarouge|Armarouge, L50, M|100\/100\n|switch|p2b: Indeedee|Indeedee-F, L50, F|100\/100\n|-ability|p1a: Chi-Yu|Beads of Ruin\n|-fieldstart|move: Psychic Terrain|[from] ability: Psychic Surge|[of] p2b: Indeedee\n|-enditem|p2b: Indeedee|Psychic Seed\n|-boost|p2b: Indeedee|spd|1|[from] item: Psychic Seed\n|turn|1\n|inactive|SupaJello has 30 seconds left.\n|\n|t:|1682192076\n|move|p2b: Indeedee|Follow Me|p2b: Indeedee\n|-singleturn|p2b: Indeedee|move: Follow Me\n|move|p1a: Chi-Yu|Snarl|p2a: Armarouge|[spread] p2a,p2b\n|-supereffective|p2a: Armarouge\n|-supereffective|p2b: Indeedee\n|-damage|p2a: Armarouge|45\/100\n|-damage|p2b: Indeedee|62\/100\n|-unboost|p2a: Armarouge|spa|1\n|-unboost|p2b: Indeedee|spa|1\n|-enditem|p2a: Armarouge|Weakness Policy\n|-boost|p2a: Armarouge|atk|2|[from] item: Weakness Policy\n|-boost|p2a: Armarouge|spa|2|[from] item: Weakness Policy\n|move|p1b: Dachsbun|Yawn|p2b: Indeedee\n|-start|p2b: Indeedee|move: Yawn|[of] p1b: Dachsbun\n|move|p2a: Armarouge|Expanding Force|p1a: Chi-Yu|[spread] p1b\n|-immune|p1a: Chi-Yu\n|-damage|p1b: Dachsbun|0 fnt\n|faint|p1b: Dachsbun\n|\n|upkeep\n|\n|t:|1682192091\n|switch|p1b: Flutter Mane|Flutter Mane, L50|100\/100\n|-enditem|p1b: Flutter Mane|Booster Energy\n|-activate|p1b: Flutter Mane|ability: Protosynthesis|[fromitem]\n|-start|p1b: Flutter Mane|protosynthesisspe\n|turn|2\n|\n|t:|1682192100\n|move|p2a: Armarouge|Protect|p2a: Armarouge\n|-singleturn|p2a: Armarouge|Protect\n|move|p1b: Flutter Mane|Dazzling Gleam|p2b: Indeedee|[spread] p2b\n|-activate|p2a: Armarouge|move: Protect\n|-damage|p2b: Indeedee|34\/100\n|move|p1a: Chi-Yu|Snarl|p2b: Indeedee|[spread] p2b\n|-activate|p2a: Armarouge|move: Protect\n|-supereffective|p2b: Indeedee\n|-damage|p2b: Indeedee|0 fnt\n|faint|p2b: Indeedee\n|\n|upkeep\n|\n|t:|1682192116\n|switch|p2b: Flutter Mane|Flutter Mane, L50|100\/100\n|-enditem|p2b: Flutter Mane|Booster Energy\n|-activate|p2b: Flutter Mane|ability: Protosynthesis|[fromitem]\n|-start|p2b: Flutter Mane|protosynthesisspe\n|turn|3\n|\n|t:|1682192135\n|move|p1b: Flutter Mane|Protect|p1b: Flutter Mane\n|-singleturn|p1b: Flutter Mane|Protect\n|move|p2b: Flutter Mane|Dazzling Gleam|p1a: Chi-Yu|[spread] p1a\n|-activate|p1b: Flutter Mane|move: Protect\n|-damage|p1a: Chi-Yu|65\/100\n|move|p1a: Chi-Yu|Snarl|p2b: Flutter Mane|[spread] p2a,p2b\n|-supereffective|p2a: Armarouge\n|-damage|p2a: Armarouge|0 fnt\n|-damage|p2b: Flutter Mane|70\/100\n|-unboost|p2b: Flutter Mane|spa|1\n|faint|p2a: Armarouge\n|\n|upkeep\n|\n|t:|1682192146\n|switch|p2a: Orthworm|Orthworm, L50, F|100\/100\n|turn|4\n|inactive|SupaJello has 30 seconds left.\n|\n|t:|1682192187\n|switch|p1a: Amoonguss|Amoonguss, L50, F|100\/100\n|-terastallize|p2a: Orthworm|Electric\n|move|p2b: Flutter Mane|Dazzling Gleam|p1a: Amoonguss|[spread] p1a,p1b\n|-resisted|p1a: Amoonguss\n|-damage|p1a: Amoonguss|93\/100\n|-damage|p1b: Flutter Mane|81\/100\n|move|p1b: Flutter Mane|Perish Song|p1b: Flutter Mane\n|-start|p1a: Amoonguss|perish3|[silent]\n|-start|p1b: Flutter Mane|perish3|[silent]\n|-start|p2a: Orthworm|perish3|[silent]\n|-start|p2b: Flutter Mane|perish3|[silent]\n|-fieldactivate|move: Perish Song\n|move|p2a: Orthworm|Iron Head|p1b: Flutter Mane\n|-supereffective|p1b: Flutter Mane\n|-damage|p1b: Flutter Mane|0 fnt\n|faint|p1b: Flutter Mane\n|-end|p1b: Flutter Mane|Protosynthesis|[silent]\n|\n|-start|p2b: Flutter Mane|perish3\n|-start|p2a: Orthworm|perish3\n|-start|p1a: Amoonguss|perish3\n|upkeep\n|\n|t:|1682192197\n|switch|p1b: Chi-Yu|Chi-Yu, L50|65\/100\n|-ability|p1b: Chi-Yu|Beads of Ruin\n|turn|5\n|inactive|Echo Rose#9471 has 30 seconds left.\n|inactive|Echo Rose#9471 has 20 seconds left.\n|inactive|Echo Rose#9471 has 15 seconds left.\n|inactive|Echo Rose#9471 has 10 seconds left.\n|\n|t:|1682192247\n|move|p1a: Amoonguss|Rage Powder|p1a: Amoonguss\n|-singleturn|p1a: Amoonguss|move: Rage Powder\n|move|p2b: Flutter Mane|Mystical Fire|p1a: Amoonguss\n|-supereffective|p1a: Amoonguss\n|-damage|p1a: Amoonguss|55\/100\n|move|p1b: Chi-Yu|Dark Pulse|p2a: Orthworm\n|-damage|p2a: Orthworm|34\/100\n|move|p2a: Orthworm|Iron Head|p1a: Amoonguss\n|-damage|p1a: Amoonguss|30\/100\n|\n|-start|p2b: Flutter Mane|perish2\n|-start|p2a: Orthworm|perish2\n|-start|p1a: Amoonguss|perish2\n|-fieldend|move: Psychic Terrain\n|upkeep\n|turn|6\n|\n|t:|1682192265\n|move|p1a: Amoonguss|Protect|p1a: Amoonguss\n|-singleturn|p1a: Amoonguss|Protect\n|move|p2b: Flutter Mane|Mystical Fire|p1a: Amoonguss\n|-activate|p1a: Amoonguss|move: Protect\n|move|p1b: Chi-Yu|Dark Pulse|p2a: Orthworm\n|-damage|p2a: Orthworm|0 fnt\n|faint|p2a: Orthworm\n|\n|-start|p2b: Flutter Mane|perish1\n|-start|p1a: Amoonguss|perish1\n|upkeep\n|turn|7\n|-message|SupaJello forfeited.\n|\n|win|Echo Rose#9471\n|raw|Echo Rose#9471's rating: 1248 → 1267<\/strong> (+19 for winning)\n|raw|SupaJello's rating: 1167 → 1148<\/strong> (-19 for losing)\n|l|\u2606SupaJello\n","uploadtime":1682192285,"views":9,"p1id":"echorose9471","p2id":"supajello","formatid":"gen9vgc2023regulationc","rating":1148,"private":0,"password":""}