{"id":"gen9vgc2023regulationc-1858905054","p1":"JMOdri","p2":"Chongjun","format":"[Gen 9] VGC 2023 Regulation C","log":"|j|\u2606JMOdri\n|j|\u2606Chongjun\n|t:|1683381603\n|gametype|doubles\n|player|p1|JMOdri|#vgcwliikilowattrels|\n|player|p2|Chongjun|dawn|\n|teamsize|p1|6\n|teamsize|p2|6\n|gen|9\n|tier|[Gen 9] VGC 2023 Regulation C\n|rule|Species Clause: Limit one of each Pok\u00e9mon\n|rule|Item Clause: Limit one of each item\n|clearpoke\n|poke|p1|Chi-Yu, L50|\n|poke|p1|Flutter Mane, L50|\n|poke|p1|Iron Hands, L50|\n|poke|p1|Kingambit, L50, F|\n|poke|p1|Gyarados, L50, M|\n|poke|p1|Amoonguss, L50, M|\n|poke|p2|Ting-Lu, L50|\n|poke|p2|Iron Bundle, L50|\n|poke|p2|Abomasnow, L50, F|\n|poke|p2|Chi-Yu, L50|\n|poke|p2|Flutter Mane, L50|\n|poke|p2|Talonflame, L50, M|\n|teampreview|4\n|c|\u2606JMOdri|g1\nJMOdri has agreed to open team sheets.\nChongjun has agreed to open team sheets.\n|c|\u2606JMOdri|let me send the links to my team\n|j| fee_sick\n|j| PoppinParty Kasumi\n|l| fee_sick\n|c|\u2606Chongjun|np\n|j| Bloom*iz\n|j| crystal urshifu\n|j| UberVylit\n|j| Star Rail\n|l| Bloom*iz\n|j| MausHoldMyHand\n|j| Bloom*iz\n|j| SvenVGC\n|j| SteelPupa\n|c|\u2606JMOdri|glhf\n|c|\u2606Chongjun|u2!\n|\n|t:|1683381826\n|start\n|switch|p1a: Flutter Mane|Flutter Mane, L50|100\/100\n|switch|p1b: Kingambit|Kingambit, L50, F, shiny|100\/100\n|switch|p2a: Talonflame|Talonflame, L50, M|100\/100\n|switch|p2b: Ting-Lu|Ting-Lu, L50|100\/100\n|-ability|p2b: Ting-Lu|Vessel of Ruin\n|-enditem|p1a: Flutter Mane|Booster Energy\n|-activate|p1a: Flutter Mane|ability: Protosynthesis|[fromitem]\n|-start|p1a: Flutter Mane|protosynthesisspa\n|turn|1\n|l| SvenVGC\n|l| Bloom*iz\n|j| miraai1\n|j| SvenVGC\n|j| pokeway96\n|j| Bloom*iz\n|\n|t:|1683381906\n|-terastallize|p2b: Ting-Lu|Fire\n|move|p2a: Talonflame|Will-O-Wisp|p1b: Kingambit|[miss]\n|-miss|p2a: Talonflame|p1b: Kingambit\n|move|p1a: Flutter Mane|Substitute|p1a: Flutter Mane\n|-start|p1a: Flutter Mane|Substitute\n|-damage|p1a: Flutter Mane|76\/100\n|move|p2b: Ting-Lu|Earthquake|p1a: Flutter Mane|[spread] p1a,p1b\n|-immune|p2a: Talonflame\n|-end|p1a: Flutter Mane|Substitute\n|-supereffective|p1b: Kingambit\n|-damage|p1b: Kingambit|43\/100\n|move|p1b: Kingambit|Iron Head|p2b: Ting-Lu\n|-resisted|p2b: Ting-Lu\n|-damage|p2b: Ting-Lu|85\/100\n|\n|upkeep\n|turn|2\n|l| SvenVGC\n|j| Polpolpo\n|j| SvenVGC\n|l| Bloom*iz\n|\n|t:|1683381957\n|move|p2a: Talonflame|Tailwind|p2a: Talonflame\n|-sidestart|p2: Chongjun|move: Tailwind\n|move|p1b: Kingambit|Sucker Punch|p2b: Ting-Lu\n|-damage|p2b: Ting-Lu|60\/100\n|move|p2b: Ting-Lu|Earthquake|p1b: Kingambit|[spread] p1a,p1b\n|-immune|p2a: Talonflame\n|-supereffective|p1b: Kingambit\n|-damage|p1a: Flutter Mane|13\/100\n|-damage|p1b: Kingambit|0 fnt\n|faint|p1b: Kingambit\n|move|p1a: Flutter Mane|Shadow Ball|p2b: Ting-Lu\n|-damage|p2b: Ting-Lu|21\/100\n|\n|upkeep\n|\n|t:|1683381968\n|switch|p1b: Chi-Yu|Chi-Yu, L50|100\/100\n|-ability|p1b: Chi-Yu|Beads of Ruin\n|turn|3\n|l| Polpolpo\n|l| SvenVGC\n|j| Finabas\n|\n|t:|1683381994\n|move|p2a: Talonflame|Brave Bird|p1b: Chi-Yu\n|-damage|p1b: Chi-Yu|51\/100\n|-damage|p2a: Talonflame|87\/100|[from] Recoil\n|move|p1b: Chi-Yu|Dark Pulse|p2b: Ting-Lu\n|-damage|p2b: Ting-Lu|0 fnt\n|faint|p2b: Ting-Lu\n|move|p1a: Flutter Mane|Shadow Ball|p2a: Talonflame\n|-damage|p2a: Talonflame|0 fnt\n|faint|p2a: Talonflame\n|\n|upkeep\n|\n|t:|1683382002\n|switch|p2a: Flutter Mane|Flutter Mane, L50|100\/100\n|switch|p2b: Chi-Yu|Chi-Yu, L50|100\/100\n|-ability|p2b: Chi-Yu|Beads of Ruin\n|turn|4\n|j| Snorlaxatemydimsum\n|j| Sratsym\n|j| Polpolpo\n|l| Polpolpo\n|j| Polpolpo\n|j| SvenVGC\n|\n|t:|1683382054\n|move|p1a: Flutter Mane|Protect|p1a: Flutter Mane\n|-singleturn|p1a: Flutter Mane|Protect\n|move|p2b: Chi-Yu|Dark Pulse|p1a: Flutter Mane\n|-activate|p1a: Flutter Mane|move: Protect\n|move|p2a: Flutter Mane|Moonblast|p1b: Chi-Yu\n|-damage|p1b: Chi-Yu|0 fnt\n|faint|p1b: Chi-Yu\n|\n|upkeep\n|\n|t:|1683382060\n|switch|p1b: Iron Hands|Iron Hands, L50|100\/100\n|turn|5\n|l| Polpolpo\n|\n|t:|1683382085\n|-terastallize|p1b: Iron Hands|Fire\n|move|p1a: Flutter Mane|Protect|p1a: Flutter Mane\n|-singleturn|p1a: Flutter Mane|Protect\n|move|p2b: Chi-Yu|Dark Pulse|p1b: Iron Hands\n|-damage|p1b: Iron Hands|50\/100\n|move|p2a: Flutter Mane|Moonblast|p1a: Flutter Mane\n|-activate|p1a: Flutter Mane|move: Protect\n|move|p1b: Iron Hands|Drain Punch|p2b: Chi-Yu\n|-supereffective|p2b: Chi-Yu\n|-damage|p2b: Chi-Yu|0 fnt\n|-heal|p1b: Iron Hands|81\/100|[from] drain|[of] p2b: Chi-Yu\n|faint|p2b: Chi-Yu\n|\n|-sideend|p2: Chongjun|move: Tailwind\n|upkeep\n|turn|6\n|j| Ikerdds\n|l| Ikerdds\n|j| Polpolpo\n|j| Ikerdds\n|l| Polpolpo\n|-message|Chongjun forfeited.\n|\n|win|JMOdri\n|c|\u2606Chongjun|gg\n|j| Polpolpo\n|c|\u2606JMOdri|gg\n|j| dobo mirror\n|l| SteelPupa\n|l| UberVylit\n|l| pokeway96\n|l| Ikerdds\n|j| Bloom*iz\n|l| dobo mirror\n|j| pokeway96\n|l| pokeway96\n|l| Bloom*iz\n|j| Bertigo\n|l| SvenVGC\n|j| Serena\n|l| Bertigo\n|l| Serena\n|l| Polpolpo\n|j| TabuVGC\n|l| Finabas\n|l| MausHoldMyHand\n|j| templevgc\n|l| templevgc\n|l| Sratsym\n|j| tsltang0508\n|j| JayVGC YT\n|l| tsltang0508\n|l| TabuVGC\n|l| JayVGC YT\n|j| RedsilverFR\n|j| Tearalament\n|l| Star Rail\n|j| Star Rail\n|l| Star Rail\n|l| Snorlaxatemydimsum\n","uploadtime":1683382149,"views":20,"p1id":"jmodri","p2id":"chongjun","formatid":"gen9vgc2023regulationc","rating":0,"private":0,"password":""}