{"id":"gen9vgc2023regulationc-1847869093","p1":"TharoksVGC","p2":"Praspian","format":"[Gen 9] VGC 2023 Regulation C","log":"|j|\u2606TharoksVGC\n|j|\u2606Praspian\n|t:|1682008622\n|gametype|doubles\n|player|p1|TharoksVGC|hoopster|1089\n|player|p2|Praspian|ethan-masters|1176\n|teamsize|p1|6\n|teamsize|p2|6\n|gen|9\n|tier|[Gen 9] VGC 2023 Regulation C\n|rated|\n|rule|Species Clause: Limit one of each Pok\u00e9mon\n|rule|Item Clause: Limit one of each item\n|clearpoke\n|poke|p1|Forretress, L50, F|\n|poke|p1|Chien-Pao, L50|\n|poke|p1|Gastrodon-East, L50, F|\n|poke|p1|Ting-Lu, L50|\n|poke|p1|Talonflame, L50, F|\n|poke|p1|Arcanine, L50, M|\n|poke|p2|Sandy Shocks, L50|\n|poke|p2|Braviary, L50, M|\n|poke|p2|Ting-Lu, L50|\n|poke|p2|Roaring Moon, L50|\n|poke|p2|Sylveon, L50, F|\n|poke|p2|Amoonguss, L50, M|\n|teampreview|4\n|inactive|Battle timer is ON: inactive players will automatically lose when time's up. (requested by Praspian)\n|\n|t:|1682008679\n|start\n|switch|p1a: Gastrodon|Gastrodon-East, L50, F|100\/100\n|switch|p1b: Talonflame|Talonflame, L50, F|100\/100\n|switch|p2a: Braviary|Braviary, L50, M|100\/100\n|switch|p2b: Sylveon|Sylveon, L50, F|100\/100\n|turn|1\n|\n|t:|1682008702\n|move|p1b: Talonflame|Will-O-Wisp|p2a: Braviary\n|-status|p2a: Braviary|brn\n|move|p2a: Braviary|Body Slam|p1a: Gastrodon\n|-damage|p1a: Gastrodon|65\/100\n|move|p2b: Sylveon|Yawn|p1b: Talonflame\n|-start|p1b: Talonflame|move: Yawn|[of] p2b: Sylveon\n|move|p1a: Gastrodon|Muddy Water|p2a: Braviary|[spread] p2a,p2b\n|-crit|p2b: Sylveon\n|-damage|p2a: Braviary|69\/100 brn\n|-damage|p2b: Sylveon|65\/100\n|-unboost|p2a: Braviary|accuracy|1\n|-unboost|p2b: Sylveon|accuracy|1\n|\n|-damage|p2a: Braviary|62\/100 brn|[from] brn\n|upkeep\n|turn|2\n|inactive|TharoksVGC has 30 seconds left.\n|inactive|Praspian has 30 seconds left.\n|\n|t:|1682008735\n|switch|p2b: Ting-Lu|Ting-Lu, L50|100\/100\n|-ability|p2b: Ting-Lu|Vessel of Ruin\n|move|p1b: Talonflame|Taunt|p2b: Ting-Lu\n|-start|p2b: Ting-Lu|move: Taunt\n|move|p2a: Braviary|Body Slam|p1a: Gastrodon\n|-damage|p1a: Gastrodon|31\/100\n|move|p1a: Gastrodon|Muddy Water|p2b: Ting-Lu|[spread] p2a,p2b\n|-supereffective|p2b: Ting-Lu\n|-damage|p2a: Braviary|39\/100 brn\n|-damage|p2b: Ting-Lu|80\/100\n|\n|-damage|p2a: Braviary|33\/100 brn|[from] brn\n|-end|p1b: Talonflame|move: Yawn|[silent]\n|-status|p1b: Talonflame|slp\n|upkeep\n|turn|3\n|inactive|Praspian has 30 seconds left.\n|\n|t:|1682008763\n|switch|p2a: Sandy Shocks|Sandy Shocks, L50|100\/100\n|cant|p1b: Talonflame|slp\n|move|p2b: Ting-Lu|Stomping Tantrum|p1a: Gastrodon\n|-damage|p1a: Gastrodon|0 fnt\n|faint|p1a: Gastrodon\n|\n|upkeep\n|\n|t:|1682008773\n|switch|p1a: Chien-Pao|Chien-Pao, L50|100\/100\n|-ability|p1a: Chien-Pao|Sword of Ruin\n|turn|4\n|\n|t:|1682008791\n|cant|p1b: Talonflame|slp\n|move|p1a: Chien-Pao|Ice Spinner|p2a: Sandy Shocks\n|-supereffective|p2a: Sandy Shocks\n|-enditem|p2a: Sandy Shocks|Focus Sash\n|-damage|p2a: Sandy Shocks|1\/100\n|move|p2a: Sandy Shocks|Gravity|p2a: Sandy Shocks\n|-fieldstart|move: Gravity\n|move|p2b: Ting-Lu|Heavy Slam|p1a: Chien-Pao\n|-supereffective|p1a: Chien-Pao\n|-damage|p1a: Chien-Pao|8\/100\n|\n|-end|p2b: Ting-Lu|move: Taunt\n|upkeep\n|turn|5\n|inactive|TharoksVGC has 30 seconds left.\n|inactive|Praspian has 30 seconds left.\n|inactive|Praspian has 20 seconds left.\n|inactive|Praspian has 15 seconds left.\n|\n|t:|1682008833\n|move|p2a: Sandy Shocks|Protect|p2a: Sandy Shocks\n|-singleturn|p2a: Sandy Shocks|Protect\n|-curestatus|p1b: Talonflame|slp|[msg]\n|move|p1b: Talonflame|Brave Bird|p2a: Sandy Shocks\n|-activate|p2a: Sandy Shocks|move: Protect\n|move|p1a: Chien-Pao|Ice Spinner|p2b: Ting-Lu\n|-supereffective|p2b: Ting-Lu\n|-damage|p2b: Ting-Lu|12\/100\n|move|p2b: Ting-Lu|Heavy Slam|p1a: Chien-Pao\n|-supereffective|p1a: Chien-Pao\n|-damage|p1a: Chien-Pao|0 fnt\n|faint|p1a: Chien-Pao\n|\n|upkeep\n|\n|t:|1682008848\n|switch|p1a: Forretress|Forretress, L50, F|100\/100\n|turn|6\n|inactive|TharoksVGC has 30 seconds left.\n|inactive|TharoksVGC has 20 seconds left.\n|\n|t:|1682008885\n|move|p1b: Talonflame|Brave Bird|p2a: Sandy Shocks\n|-resisted|p2a: Sandy Shocks\n|-damage|p2a: Sandy Shocks|0 fnt\n|faint|p2a: Sandy Shocks\n|-end|p2a: Sandy Shocks|Protosynthesis|[silent]\n|-damage|p1b: Talonflame|99\/100|[from] Recoil\n|move|p2b: Ting-Lu|Fissure|p1a: Forretress\n|-immune|p1a: Forretress|[from] ability: Sturdy\n|move|p1a: Forretress|Pin Missile|p2b: Ting-Lu\n|-supereffective|p2b: Ting-Lu\n|-damage|p2b: Ting-Lu|0 fnt\n|faint|p2b: Ting-Lu\n|-hitcount|p2: Ting-Lu|1\n|\n|upkeep\n|\n|t:|1682008899\n|switch|p2a: Sylveon|Sylveon, L50, F|65\/100\n|switch|p2b: Braviary|Braviary, L50, M|33\/100 brn\n|turn|7\n|\n|t:|1682008913\n|-terastallize|p2a: Sylveon|Fire\n|move|p1b: Talonflame|Tailwind|p1b: Talonflame\n|-sidestart|p1: TharoksVGC|move: Tailwind\n|move|p1a: Forretress|Rock Blast|p2b: Braviary\n|-supereffective|p2b: Braviary\n|-damage|p2b: Braviary|17\/100 brn\n|-supereffective|p2b: Braviary\n|-damage|p2b: Braviary|0 fnt\n|faint|p2b: Braviary\n|-hitcount|p2: Braviary|2\n|move|p2a: Sylveon|Yawn|p1b: Talonflame\n|-start|p1b: Talonflame|move: Yawn|[of] p2a: Sylveon\n|\n|upkeep\n|turn|8\n|\n|t:|1682008931\n|move|p2a: Sylveon|Protect|p2a: Sylveon\n|-singleturn|p2a: Sylveon|Protect\n|move|p1b: Talonflame|Brave Bird|p2a: Sylveon\n|-activate|p2a: Sylveon|move: Protect\n|move|p1a: Forretress|Rock Blast|p2a: Sylveon\n|-activate|p2a: Sylveon|move: Protect\n|\n|-end|p1b: Talonflame|move: Yawn|[silent]\n|-status|p1b: Talonflame|slp\n|-fieldend|move: Gravity\n|upkeep\n|turn|9\n|\n|t:|1682008946\n|-terastallize|p1a: Forretress|Rock\n|cant|p1b: Talonflame|slp\n|move|p1a: Forretress|Rock Blast|p2a: Sylveon\n|-supereffective|p2a: Sylveon\n|-damage|p2a: Sylveon|38\/100\n|-supereffective|p2a: Sylveon\n|-damage|p2a: Sylveon|13\/100\n|-supereffective|p2a: Sylveon\n|-damage|p2a: Sylveon|0 fnt\n|faint|p2a: Sylveon\n|-hitcount|p2: Sylveon|3\n|\n|win|TharoksVGC\n|raw|TharoksVGC's rating: 1089 → 1122<\/strong> (+33 for winning)\n|raw|Praspian's rating: 1176 → 1145<\/strong> (-31 for losing)\n|l|\u2606Praspian\n","uploadtime":1682008972,"views":10,"p1id":"tharoksvgc","p2id":"praspian","formatid":"gen9vgc2023regulationc","rating":1122,"private":0,"password":""}