{"id":"gen9vgc2023regulationc-1845091847","p1":"BMKing1212","p2":"koifishdragon","format":"[Gen 9] VGC 2023 Regulation C","log":"|j|\u2606BMKing1212\n|j|\u2606koifishdragon\n|t:|1681682558\n|gametype|doubles\n|player|p1|BMKing1212|265|1194\n|player|p2|koifishdragon|266|1145\n|teamsize|p1|6\n|teamsize|p2|6\n|gen|9\n|tier|[Gen 9] VGC 2023 Regulation C\n|rated|\n|rule|Species Clause: Limit one of each Pok\u00e9mon\n|rule|Item Clause: Limit one of each item\n|clearpoke\n|poke|p1|Ting-Lu, L50|\n|poke|p1|Flutter Mane, L50|\n|poke|p1|Amoonguss, L50, M|\n|poke|p1|Baxcalibur, L50, M|\n|poke|p1|Palafin, L50, M|\n|poke|p1|Tauros-Paldea-Blaze, L50, M|\n|poke|p2|Chi-Yu, L50|\n|poke|p2|Iron Hands, L50|\n|poke|p2|Amoonguss, L50, M|\n|poke|p2|Flutter Mane, L50|\n|poke|p2|Baxcalibur, L50, M|\n|poke|p2|Arcanine, L50, M|\n|teampreview|4\n|\n|t:|1681682604\n|start\n|switch|p1a: Palafin|Palafin, L50, M|100\/100\n|switch|p1b: Tauros|Tauros-Paldea-Blaze, L50, M|100\/100\n|switch|p2a: Iron Hands|Iron Hands, L50|100\/100\n|switch|p2b: Amoonguss|Amoonguss, L50, M|100\/100\n|-ability|p1b: Tauros|Intimidate|boost\n|-unboost|p2a: Iron Hands|atk|1\n|-unboost|p2b: Amoonguss|atk|1\n|turn|1\n|\n|t:|1681682623\n|move|p1a: Palafin|Protect|p1a: Palafin\n|-singleturn|p1a: Palafin|Protect\n|move|p1b: Tauros|Protect|p1b: Tauros\n|-singleturn|p1b: Tauros|Protect\n|move|p2a: Iron Hands|Fake Out|p1b: Tauros\n|-activate|p1b: Tauros|move: Protect\n|move|p2b: Amoonguss|Spore|p1a: Palafin\n|-activate|p1a: Palafin|move: Protect\n|\n|upkeep\n|turn|2\n|\n|t:|1681682659\n|-end|p2a: Iron Hands|Quark Drive|[silent]\n|switch|p2a: Arcanine|Arcanine, L50, M|100\/100\n|-ability|p2a: Arcanine|Intimidate|boost\n|-unboost|p1a: Palafin|atk|1\n|-unboost|p1b: Tauros|atk|1\n|-terastallize|p1a: Palafin|Water\n|-terastallize|p2b: Amoonguss|Water\n|move|p1a: Palafin|Wave Crash|p2b: Amoonguss\n|-resisted|p2b: Amoonguss\n|-damage|p2b: Amoonguss|79\/100\n|-damage|p1a: Palafin|91\/100|[from] Recoil\n|move|p1b: Tauros|Raging Bull|p2b: Amoonguss\n|-resisted|p2b: Amoonguss\n|-damage|p2b: Amoonguss|69\/100\n|move|p2b: Amoonguss|Spore|p1a: Palafin\n|-status|p1a: Palafin|slp|[from] move: Spore\n|\n|upkeep\n|turn|3\n|\n|t:|1681682695\n|detailschange|p1a: Palafin|Palafin-Hero, L50, M, tera:Water\n|switch|p1a: Baxcalibur|Baxcalibur, L50, M|100\/100\n|switch|p1b: Flutter Mane|Flutter Mane, L50|100\/100\n|switch|p2a: Iron Hands|Iron Hands, L50|100\/100\n|move|p2b: Amoonguss|Grass Knot|p1a: Baxcalibur\n|-resisted|p1a: Baxcalibur\n|-damage|p1a: Baxcalibur|85\/100\n|\n|upkeep\n|turn|4\n|\n|t:|1681682716\n|move|p1a: Baxcalibur|Protect|p1a: Baxcalibur\n|-singleturn|p1a: Baxcalibur|Protect\n|move|p2a: Iron Hands|Fake Out|p1a: Baxcalibur\n|-activate|p1a: Baxcalibur|move: Protect\n|move|p1b: Flutter Mane|Dazzling Gleam|p2b: Amoonguss|[spread] p2a,p2b\n|-supereffective|p2a: Iron Hands\n|-damage|p2a: Iron Hands|40\/100\n|-damage|p2b: Amoonguss|28\/100\n|-enditem|p2b: Amoonguss|Sitrus Berry|[eat]\n|-heal|p2b: Amoonguss|53\/100|[from] item: Sitrus Berry\n|move|p2b: Amoonguss|Spore|p1b: Flutter Mane\n|-status|p1b: Flutter Mane|slp|[from] move: Spore\n|\n|upkeep\n|turn|5\n|\n|t:|1681682735\n|switch|p1a: Tauros|Tauros-Paldea-Blaze, L50, M|100\/100\n|-ability|p1a: Tauros|Intimidate|boost\n|-unboost|p2a: Iron Hands|atk|1\n|-unboost|p2b: Amoonguss|atk|1\n|-end|p2a: Iron Hands|Quark Drive|[silent]\n|switch|p2a: Arcanine|Arcanine, L50, M|100\/100\n|-ability|p2a: Arcanine|Intimidate|boost\n|-unboost|p1a: Tauros|atk|1\n|-unboost|p1b: Flutter Mane|atk|1\n|cant|p1b: Flutter Mane|slp\n|move|p2b: Amoonguss|Spore|p1a: Tauros\n|-status|p1a: Tauros|slp|[from] move: Spore\n|\n|upkeep\n|turn|6\n|\n|t:|1681682766\n|cant|p1a: Tauros|slp\n|cant|p1b: Flutter Mane|slp\n|move|p2a: Arcanine|Flare Blitz|p1b: Flutter Mane\n|-damage|p1b: Flutter Mane|26\/100 slp\n|-damage|p2a: Arcanine|84\/100|[from] Recoil\n|move|p2b: Amoonguss|Pollen Puff|p1b: Flutter Mane\n|-resisted|p1b: Flutter Mane\n|-damage|p1b: Flutter Mane|21\/100 slp\n|\n|upkeep\n|turn|7\n|\n|t:|1681682781\n|-curestatus|p1b: Flutter Mane|slp|[msg]\n|move|p1b: Flutter Mane|Dazzling Gleam|p2b: Amoonguss|[spread] p2a,p2b\n|-resisted|p2a: Arcanine\n|-damage|p2a: Arcanine|56\/100\n|-damage|p2b: Amoonguss|13\/100\n|-curestatus|p1a: Tauros|slp|[msg]\n|move|p1a: Tauros|Close Combat|p2b: Amoonguss\n|-damage|p2b: Amoonguss|0 fnt\n|-unboost|p1a: Tauros|def|1\n|-unboost|p1a: Tauros|spd|1\n|faint|p2b: Amoonguss\n|move|p2a: Arcanine|Flare Blitz|p1b: Flutter Mane\n|-damage|p1b: Flutter Mane|0 fnt\n|faint|p1b: Flutter Mane\n|-end|p1b: Flutter Mane|Protosynthesis|[silent]\n|-damage|p2a: Arcanine|52\/100|[from] Recoil\n|\n|upkeep\n|\n|t:|1681682815\n|switch|p1b: Palafin|Palafin-Hero, L50, M, tera:Water|91\/100 slp\n|switch|p2b: Iron Hands|Iron Hands, L50|40\/100\n|-activate|p1b: Palafin|ability: Zero to Hero\n|turn|8\n|\n|t:|1681682836\n|switch|p1a: Baxcalibur|Baxcalibur, L50, M|85\/100\n|move|p2a: Arcanine|Extreme Speed|p1a: Baxcalibur\n|-damage|p1a: Baxcalibur|70\/100\n|cant|p1b: Palafin|slp\n|move|p2b: Iron Hands|Wild Charge|p1b: Palafin\n|-supereffective|p1b: Palafin\n|-crit|p1b: Palafin\n|-damage|p1b: Palafin|0 fnt\n|faint|p1b: Palafin\n|-damage|p2b: Iron Hands|25\/100|[from] Recoil\n|\n|upkeep\n|\n|t:|1681682849\n|switch|p1b: Tauros|Tauros-Paldea-Blaze, L50, M|100\/100\n|-ability|p1b: Tauros|Intimidate|boost\n|-unboost|p2a: Arcanine|atk|1\n|-unboost|p2b: Iron Hands|atk|1\n|turn|9\n|\n|t:|1681682875\n|move|p2a: Arcanine|Extreme Speed|p1a: Baxcalibur\n|-damage|p1a: Baxcalibur|59\/100\n|move|p1b: Tauros|Close Combat|p2a: Arcanine\n|-damage|p2a: Arcanine|19\/100\n|-unboost|p1b: Tauros|def|1\n|-unboost|p1b: Tauros|spd|1\n|move|p1a: Baxcalibur|Glaive Rush|p2b: Iron Hands\n|-damage|p2b: Iron Hands|0 fnt\n|-singlemove|p1a: Baxcalibur|Glaive Rush|[silent]\n|faint|p2b: Iron Hands\n|-end|p2b: Iron Hands|Quark Drive|[silent]\n|\n|upkeep\n|\n|t:|1681682886\n|switch|p2b: Flutter Mane|Flutter Mane, L50|100\/100\n|-enditem|p2b: Flutter Mane|Booster Energy\n|-activate|p2b: Flutter Mane|ability: Protosynthesis|[fromitem]\n|-start|p2b: Flutter Mane|protosynthesisspe\n|turn|10\n|\n|t:|1681682897\n|move|p1b: Tauros|Protect|p1b: Tauros\n|-singleturn|p1b: Tauros|Protect\n|move|p1a: Baxcalibur|Protect|p1a: Baxcalibur\n|-singleturn|p1a: Baxcalibur|Protect\n|move|p2a: Arcanine|Extreme Speed|p1b: Tauros\n|-activate|p1b: Tauros|move: Protect\n|move|p2b: Flutter Mane|Dazzling Gleam|p1b: Tauros|[spread] \n|-activate|p1a: Baxcalibur|move: Protect\n|-activate|p1b: Tauros|move: Protect\n|\n|upkeep\n|turn|11\n|\n|t:|1681682918\n|move|p2a: Arcanine|Extreme Speed|p1b: Tauros\n|-damage|p1b: Tauros|82\/100\n|move|p1a: Baxcalibur|Ice Shard|p2b: Flutter Mane\n|-damage|p2b: Flutter Mane|52\/100\n|move|p2b: Flutter Mane|Dazzling Gleam|p1a: Baxcalibur|[spread] p1a,p1b\n|-supereffective|p1a: Baxcalibur\n|-damage|p1a: Baxcalibur|8\/100\n|-damage|p1b: Tauros|27\/100\n|move|p1b: Tauros|Raging Bull|p2b: Flutter Mane\n|-damage|p2b: Flutter Mane|0 fnt\n|faint|p2b: Flutter Mane\n|-end|p2b: Flutter Mane|Protosynthesis|[silent]\n|\n|upkeep\n|turn|12\n|\n|t:|1681682934\n|move|p1b: Tauros|Protect|p1b: Tauros\n|-singleturn|p1b: Tauros|Protect\n|move|p1a: Baxcalibur|Protect|p1a: Baxcalibur\n|-singleturn|p1a: Baxcalibur|Protect\n|move|p2a: Arcanine|Extreme Speed|p1a: Baxcalibur\n|-activate|p1a: Baxcalibur|move: Protect\n|\n|upkeep\n|turn|13\n|\n|t:|1681682946\n|move|p2a: Arcanine|Extreme Speed|p1a: Baxcalibur\n|-damage|p1a: Baxcalibur|0 fnt\n|faint|p1a: Baxcalibur\n|move|p1b: Tauros|Close Combat|p2a: Arcanine\n|-damage|p2a: Arcanine|0 fnt\n|-unboost|p1b: Tauros|def|1\n|-unboost|p1b: Tauros|spd|1\n|faint|p2a: Arcanine\n|\n|win|BMKing1212\n|raw|BMKing1212's rating: 1194 → 1215<\/strong> (+21 for winning)\n|raw|koifishdragon's rating: 1145 → 1124<\/strong> (-21 for losing)\n|l|\u2606koifishdragon\n","uploadtime":1681683016,"views":9,"p1id":"bmking1212","p2id":"koifishdragon","formatid":"gen9vgc2023regulationc","rating":1124,"private":0,"password":""}