{"id":"gen9vgc2023regulationc-1862784665","p1":"DDyarados29","p2":"RelcityYT","format":"[Gen 9] VGC 2023 Regulation C","log":"|j|\u2606DDyarados29\n|j|\u2606RelcityYT\n|t:|1683921619\n|gametype|doubles\n|player|p1|DDyarados29|wallace|1174\n|player|p2|RelcityYT|266|1077\n|teamsize|p1|6\n|teamsize|p2|6\n|gen|9\n|tier|[Gen 9] VGC 2023 Regulation C\n|rated|\n|rule|Species Clause: Limit one of each Pok\u00e9mon\n|rule|Item Clause: Limit one of each item\n|clearpoke\n|poke|p1|Wo-Chien, L50|\n|poke|p1|Glimmora, L50, F|\n|poke|p1|Gholdengo, L50|\n|poke|p1|Iron Bundle, L50|\n|poke|p1|Dragonite, L50, M|\n|poke|p1|Rotom-Wash, L50|\n|poke|p2|Flutter Mane, L50|\n|poke|p2|Torkoal, L50, F|\n|poke|p2|Bronzong, L50|\n|poke|p2|Indeedee-F, L50, F|\n|poke|p2|Dragonite, L50, M|\n|poke|p2|Hatterene, L50, F|\n|teampreview|4\nDDyarados29 has agreed to open team sheets.\nRelcityYT has agreed to open team sheets.\n|c|\u2606RelcityYT|Ready when you are\n|\n|t:|1683921689\n|start\n|switch|p1a: Glimmora|Glimmora, L50, F|100\/100\n|switch|p1b: Gholdengo|Gholdengo, L50|100\/100\n|switch|p2a: Bronzong|Bronzong, L50|100\/100\n|switch|p2b: Indeedee|Indeedee-F, L50, F|100\/100\n|-fieldstart|move: Psychic Terrain|[from] ability: Psychic Surge|[of] p2b: Indeedee\n|turn|1\n|inactive|Battle timer is ON: inactive players will automatically lose when time's up. (requested by DDyarados29)\n|c|\u2606DDyarados29|gl hf\n|\n|t:|1683921711\n|-terastallize|p2a: Bronzong|Water\n|move|p2b: Indeedee|Follow Me|p2b: Indeedee\n|-singleturn|p2b: Indeedee|move: Follow Me\n|move|p1a: Glimmora|Mortal Spin|p2b: Indeedee|[spread] p2a,p2b\n|-damage|p2a: Bronzong|96\/100\n|-damage|p2b: Indeedee|95\/100\n|-status|p2a: Bronzong|psn\n|-status|p2b: Indeedee|psn\n|move|p1b: Gholdengo|Nasty Plot|p1b: Gholdengo\n|-boost|p1b: Gholdengo|spa|2\n|move|p2a: Bronzong|Trick Room|p2a: Bronzong\n|-fieldstart|move: Trick Room|[of] p2a: Bronzong\n|\n|-damage|p2a: Bronzong|84\/100 psn|[from] psn\n|-damage|p2b: Indeedee|83\/100 psn|[from] psn\n|upkeep\n|turn|2\n|inactive|DDyarados29 has 30 seconds left.\n|inactive|DDyarados29 has 20 seconds left.\n|inactive|DDyarados29 has 15 seconds left.\n|\n|t:|1683921753\n|move|p1a: Glimmora|Spiky Shield|p1a: Glimmora\n|-singleturn|p1a: Glimmora|move: Protect\n|move|p2a: Bronzong|Iron Defense|p2a: Bronzong\n|-boost|p2a: Bronzong|def|2\n|move|p2b: Indeedee|Psychic|p1a: Glimmora\n|-activate|p1a: Glimmora|move: Protect\n|move|p1b: Gholdengo|Nasty Plot|p1b: Gholdengo\n|-boost|p1b: Gholdengo|spa|2\n|\n|-damage|p2a: Bronzong|72\/100 psn|[from] psn\n|-damage|p2b: Indeedee|71\/100 psn|[from] psn\n|upkeep\n|turn|3\n|inactive|RelcityYT has 30 seconds left.\n|inactive|RelcityYT has 20 seconds left.\n|\n|t:|1683921789\n|switch|p1a: Wo-Chien|Wo-Chien, L50|100\/100\n|-ability|p1a: Wo-Chien|Tablets of Ruin\n|move|p2a: Bronzong|Gyro Ball|p1a: Wo-Chien\n|-crit|p1a: Wo-Chien\n|-damage|p1a: Wo-Chien|77\/100\n|move|p2b: Indeedee|Psychic|p1a: Wo-Chien\n|-immune|p1a: Wo-Chien\n|move|p1b: Gholdengo|Make It Rain|p2b: Indeedee|[spread] p2a,p2b\n|-resisted|p2a: Bronzong\n|-damage|p2a: Bronzong|2\/100 psn\n|-damage|p2b: Indeedee|0 fnt\n|-unboost|p1b: Gholdengo|spa|1\n|faint|p2b: Indeedee\n|\n|-damage|p2a: Bronzong|0 fnt|[from] psn\n|faint|p2a: Bronzong\n|upkeep\n|\n|t:|1683921795\n|switch|p2a: Hatterene|Hatterene, L50, F|100\/100\n|switch|p2b: Dragonite|Dragonite, L50, M|100\/100\n|turn|4\n|inactive|DDyarados29 has 30 seconds left.\n|\n|t:|1683921823\n|move|p1b: Gholdengo|Protect|p1b: Gholdengo\n|-singleturn|p1b: Gholdengo|Protect\n|move|p2a: Hatterene|Dazzling Gleam|p1a: Wo-Chien|[spread] p1a\n|-activate|p1b: Gholdengo|move: Protect\n|-supereffective|p1a: Wo-Chien\n|-damage|p1a: Wo-Chien|34\/100\n|-damage|p2a: Hatterene|91\/100|[from] item: Life Orb\n|move|p1a: Wo-Chien|Knock Off|p2a: Hatterene\n|-crit|p2a: Hatterene\n|-damage|p2a: Hatterene|39\/100\n|-enditem|p2a: Hatterene|Life Orb|[from] move: Knock Off|[of] p1a: Wo-Chien\n|move|p2b: Dragonite|Earthquake|p1b: Gholdengo|[spread] p2a,p1a\n|-activate|p1b: Gholdengo|move: Protect\n|-resisted|p1a: Wo-Chien\n|-damage|p2a: Hatterene|14\/100\n|-damage|p1a: Wo-Chien|27\/100\n|\n|upkeep\n|turn|5\n|inactive|DDyarados29 has 30 seconds left.\n|\n|t:|1683921856\n|-terastallize|p1b: Gholdengo|Water\n|move|p2a: Hatterene|Dazzling Gleam|p1a: Wo-Chien|[spread] p1a,p1b\n|-supereffective|p1a: Wo-Chien\n|-damage|p1a: Wo-Chien|0 fnt\n|-damage|p1b: Gholdengo|63\/100\n|faint|p1a: Wo-Chien\n|move|p2b: Dragonite|Dragon Dance|p2b: Dragonite\n|-boost|p2b: Dragonite|atk|1\n|-boost|p2b: Dragonite|spe|1\n|move|p1b: Gholdengo|Make It Rain|p2a: Hatterene|[spread] p2a,p2b\n|-supereffective|p2a: Hatterene\n|-damage|p2a: Hatterene|0 fnt\n|-damage|p2b: Dragonite|47\/100\n|-unboost|p1b: Gholdengo|spa|1\n|faint|p2a: Hatterene\n|\n|-fieldend|move: Trick Room\n|-fieldend|move: Psychic Terrain\n|upkeep\n|\n|t:|1683921869\n|switch|p1a: Glimmora|Glimmora, L50, F|100\/100\n|turn|6\n|\n|t:|1683921877\n|move|p1b: Gholdengo|Protect|p1b: Gholdengo\n|-singleturn|p1b: Gholdengo|Protect\n|move|p2b: Dragonite|Extreme Speed|p1b: Gholdengo\n|-activate|p1b: Gholdengo|move: Protect\n|move|p1a: Glimmora|Power Gem|p2b: Dragonite\n|-supereffective|p2b: Dragonite\n|-damage|p2b: Dragonite|0 fnt\n|faint|p2b: Dragonite\n|\n|win|DDyarados29\n|raw|DDyarados29's rating: 1174 → 1192<\/strong> (+18 for winning)\n|raw|RelcityYT's rating: 1077 → 1061<\/strong> (-16 for losing)\n|c|\u2606DDyarados29|gg\n|c|\u2606RelcityYT|Gg\n","uploadtime":1683922302,"views":13,"p1id":"ddyarados29","p2id":"relcityyt","formatid":"gen9vgc2023regulationc","rating":1061,"private":0,"password":""}