{"id":"gen9vgc2023regulationc-1853050586","p1":"kricketot marx","p2":"TotalCiruzzo","format":"[Gen 9] VGC 2023 Regulation C","log":"|j|\u2606kricketot marx\n|j|\u203dTotalCiruzzo\n|t:|1682629499\n|gametype|doubles\n|player|p1|kricketot marx|flannery|1144\n|player|p2|TotalCiruzzo|170|1214\n|teamsize|p1|6\n|teamsize|p2|6\n|gen|9\n|tier|[Gen 9] VGC 2023 Regulation C\n|rated|\n|rule|Species Clause: Limit one of each Pok\u00e9mon\n|rule|Item Clause: Limit one of each item\n|clearpoke\n|poke|p1|Kingambit, L50, F|\n|poke|p1|Flutter Mane, L50|\n|poke|p1|Scream Tail, L50|\n|poke|p1|Corviknight, L50, M|\n|poke|p1|Baxcalibur, L50, F|\n|poke|p1|Rotom-Wash, L50|\n|poke|p2|Amoonguss, L50, M|\n|poke|p2|Iron Hands, L50|\n|poke|p2|Garchomp, L50, M|\n|poke|p2|Talonflame, L50, M|\n|poke|p2|Chien-Pao, L50|\n|poke|p2|Orthworm, L50, M|\n|teampreview|4\n|\n|t:|1682629576\n|start\n|switch|p1a: Corviknight|Corviknight, L50, M, shiny|100\/100\n|switch|p1b: Rotom|Rotom-Wash, L50, shiny|100\/100\n|switch|p2a: Talonflame|Talonflame, L50, M|100\/100\n|switch|p2b: Iron Hands|Iron Hands, L50|100\/100\n|turn|1\n|\n|t:|1682629595\n|move|p2b: Iron Hands|Fake Out|p1a: Corviknight\n|-resisted|p1a: Corviknight\n|-damage|p1a: Corviknight|94\/100\n|move|p2a: Talonflame|Tailwind|p2a: Talonflame\n|-sidestart|p2: TotalCiruzzo|move: Tailwind\n|move|p1b: Rotom|Will-O-Wisp|p2b: Iron Hands\n|-status|p2b: Iron Hands|brn\n|cant|p1a: Corviknight|flinch\n|\n|-damage|p2b: Iron Hands|94\/100 brn|[from] brn\n|upkeep\n|turn|2\n|\n|t:|1682629617\n|move|p2a: Talonflame|Flare Blitz|p1a: Corviknight\n|-supereffective|p1a: Corviknight\n|-damage|p1a: Corviknight|23\/100\n|-damage|p2a: Talonflame|69\/100|[from] Recoil\n|move|p2b: Iron Hands|Rock Slide|p1a: Corviknight|[spread] p1b\n|-miss|p2b: Iron Hands|p1a: Corviknight\n|-damage|p1b: Rotom|90\/100\n|move|p1b: Rotom|Nasty Plot|p1b: Rotom\n|-boost|p1b: Rotom|spa|2\n|move|p1a: Corviknight|Tailwind|p1a: Corviknight\n|-sidestart|p1: kricketot marx|move: Tailwind\n|\n|-damage|p2b: Iron Hands|88\/100 brn|[from] brn\n|upkeep\n|turn|3\n|\n|t:|1682629655\n|switch|p1a: Baxcalibur|Baxcalibur, L50, F|100\/100\n|move|p2a: Talonflame|Brave Bird|p1b: Rotom\n|-resisted|p1b: Rotom\n|-damage|p1b: Rotom|72\/100\n|-damage|p2a: Talonflame|63\/100|[from] Recoil\n|move|p1b: Rotom|Hydro Pump|p2b: Iron Hands\n|-damage|p2b: Iron Hands|40\/100 brn\n|move|p2b: Iron Hands|Rock Slide|p1a: Baxcalibur|[spread] \n|-miss|p2b: Iron Hands|p1a: Baxcalibur\n|-miss|p2b: Iron Hands|p1b: Rotom\n|\n|-damage|p2b: Iron Hands|34\/100 brn|[from] brn\n|upkeep\n|turn|4\n|\n|t:|1682629684\n|move|p2a: Talonflame|Flare Blitz|p1a: Baxcalibur\n|-damage|p1a: Baxcalibur|58\/100\n|-ability|p1a: Baxcalibur|Thermal Exchange|boost\n|-boost|p1a: Baxcalibur|atk|1\n|-damage|p2a: Talonflame|44\/100|[from] Recoil\n|move|p1a: Baxcalibur|Glaive Rush|p2b: Iron Hands\n|-damage|p2b: Iron Hands|0 fnt\n|-singlemove|p1a: Baxcalibur|Glaive Rush|[silent]\n|faint|p2b: Iron Hands\n|-end|p2b: Iron Hands|Quark Drive|[silent]\n|move|p1b: Rotom|Thunderbolt|p2a: Talonflame\n|-supereffective|p2a: Talonflame\n|-crit|p2a: Talonflame\n|-damage|p2a: Talonflame|0 fnt\n|faint|p2a: Talonflame\n|\n|-sideend|p2: TotalCiruzzo|move: Tailwind\n|upkeep\n|\n|t:|1682629700\n|switch|p2a: Orthworm|Orthworm, L50, M, shiny|100\/100\n|switch|p2b: Garchomp|Garchomp, L50, M|100\/100\n|turn|5\n|\n|t:|1682629741\n|-terastallize|p2b: Garchomp|Fairy\n|move|p1a: Baxcalibur|Icicle Spear|p2b: Garchomp\n|-damage|p2b: Garchomp|78\/100\n|-damage|p2b: Garchomp|55\/100\n|-damage|p2b: Garchomp|30\/100\n|-damage|p2b: Garchomp|5\/100\n|-hitcount|p2b: Garchomp|4\n|move|p1b: Rotom|Thunderbolt|p2a: Orthworm\n|-damage|p2a: Orthworm|20\/100\n|-enditem|p2a: Orthworm|Sitrus Berry|[eat]\n|-heal|p2a: Orthworm|44\/100|[from] item: Sitrus Berry\n|move|p2b: Garchomp|Dragon Claw|p1b: Rotom\n|-damage|p1b: Rotom|29\/100\n|-enditem|p1b: Rotom|Sitrus Berry|[eat]\n|-heal|p1b: Rotom|54\/100|[from] item: Sitrus Berry\n|-damage|p2b: Garchomp|0 fnt|[from] item: Life Orb\n|faint|p2b: Garchomp\n|move|p2a: Orthworm|Body Press|p1a: Baxcalibur\n|-supereffective|p1a: Baxcalibur\n|-damage|p1a: Baxcalibur|8\/100\n|\n|-sideend|p1: kricketot marx|move: Tailwind\n|upkeep\n|turn|6\n|\n|t:|1682629771\n|move|p1a: Baxcalibur|Glaive Rush|p2a: Orthworm\n|-resisted|p2a: Orthworm\n|-damage|p2a: Orthworm|5\/100\n|-singlemove|p1a: Baxcalibur|Glaive Rush|[silent]\n|move|p1b: Rotom|Thunderbolt|p2a: Orthworm\n|-damage|p2a: Orthworm|0 fnt\n|faint|p2a: Orthworm\n|\n|win|kricketot marx\n|raw|kricketot marx's rating: 1144 → 1174<\/strong> (+30 for winning)\n|raw|TotalCiruzzo's rating: 1214 → 1184<\/strong> (-30 for losing)\n","uploadtime":1682629780,"views":11,"p1id":"kricketotmarx","p2id":"totalciruzzo","formatid":"gen9vgc2023regulationc","rating":1174,"private":0,"password":""}