{"id":"gen9vgc2023regulationc-1854571096","p1":"Keloco0204","p2":"Kiriziino","format":"[Gen 9] VGC 2023 Regulation C","log":"|j|\u2606Keloco0204\n|j|\u2606Kiriziino\n|t:|1682828721\n|gametype|doubles\n|player|p1|Keloco0204|cyclist-gen4|1007\n|player|p2|Kiriziino|lance|1000\n|teamsize|p1|6\n|teamsize|p2|6\n|gen|9\n|tier|[Gen 9] VGC 2023 Regulation C\n|rated|\n|rule|Species Clause: Limit one of each Pok\u00e9mon\n|rule|Item Clause: Limit one of each item\n|clearpoke\n|poke|p1|Brute Bonnet, L50|\n|poke|p1|Armarouge, L50, M|\n|poke|p1|Indeedee-F, L50, F|\n|poke|p1|Torkoal, L50, F|\n|poke|p1|Roaring Moon, L50|\n|poke|p1|Flutter Mane, L50|\n|poke|p2|Dondozo, L50, F|\n|poke|p2|Tatsugiri-Stretchy, L50, F|\n|poke|p2|Chi-Yu, L50|\n|poke|p2|Flutter Mane, L50|\n|poke|p2|Dragonite, L50, M|\n|poke|p2|Glimmora, L50, F|\n|teampreview|4\n|\n|t:|1682828762\n|start\n|switch|p1a: Torkoal|Torkoal, L50, F|100\/100\n|switch|p1b: Flutter Mane|Flutter Mane, L50|100\/100\n|switch|p2a: Glimmora|Glimmora, L50, F|100\/100\n|switch|p2b: Chi-Yu|Chi-Yu, L50|100\/100\n|-ability|p2b: Chi-Yu|Beads of Ruin\n|-weather|SunnyDay|[from] ability: Drought|[of] p1a: Torkoal\n|-activate|p1b: Flutter Mane|ability: Protosynthesis\n|-start|p1b: Flutter Mane|protosynthesisspe\n|turn|1\n|\n|t:|1682828786\n|switch|p1a: Roaring Moon|Roaring Moon, L50|100\/100\n|-activate|p1a: Roaring Moon|ability: Protosynthesis\n|-start|p1a: Roaring Moon|protosynthesisatk\n|move|p1b: Flutter Mane|Power Gem|p2b: Chi-Yu\n|-supereffective|p2b: Chi-Yu\n|-damage|p2b: Chi-Yu|21\/100\n|move|p2a: Glimmora|Power Gem|p1a: Roaring Moon\n|-damage|p1a: Roaring Moon|42\/100\n|move|p2b: Chi-Yu|Flamethrower|p1b: Flutter Mane\n|-damage|p1b: Flutter Mane|6\/100\n|\n|-weather|SunnyDay|[upkeep]\n|upkeep\n|turn|2\n|\n|t:|1682828806\n|move|p2b: Chi-Yu|Protect|p2b: Chi-Yu\n|-singleturn|p2b: Chi-Yu|Protect\n|move|p1b: Flutter Mane|Power Gem|p2b: Chi-Yu\n|-activate|p2b: Chi-Yu|move: Protect\n|move|p1a: Roaring Moon|Tailwind|p1a: Roaring Moon\n|-sidestart|p1: Keloco0204|move: Tailwind\n|move|p2a: Glimmora|Power Gem|p1b: Flutter Mane\n|-damage|p1b: Flutter Mane|0 fnt\n|faint|p1b: Flutter Mane\n|-end|p1b: Flutter Mane|Protosynthesis|[silent]\n|\n|-weather|SunnyDay|[upkeep]\n|upkeep\n|\n|t:|1682828811\n|switch|p1b: Torkoal|Torkoal, L50, F|100\/100\n|turn|3\n|\n|t:|1682828825\n|switch|p2b: Dondozo|Dondozo, L50, F|100\/100\n|move|p1b: Torkoal|Helping Hand|p1a: Roaring Moon\n|-singleturn|p1a: Roaring Moon|Helping Hand|[of] p1b: Torkoal\n|move|p1a: Roaring Moon|Breaking Swipe|p2a: Glimmora|[spread] p2a,p2b\n|-damage|p2a: Glimmora|38\/100\n|-damage|p2b: Dondozo|72\/100\n|-unboost|p2a: Glimmora|atk|1\n|-unboost|p2b: Dondozo|atk|1\n|-activate|p2a: Glimmora|ability: Toxic Debris\n|-sidestart|p1: Keloco0204|move: Toxic Spikes\n|move|p2a: Glimmora|Power Gem|p1b: Torkoal\n|-supereffective|p1b: Torkoal\n|-damage|p1b: Torkoal|0 fnt\n|faint|p1b: Torkoal\n|\n|-weather|SunnyDay|[upkeep]\n|upkeep\n|\n|t:|1682828841\n|switch|p1b: Brute Bonnet|Brute Bonnet, L50|100\/100\n|-status|p1b: Brute Bonnet|psn\n|-activate|p1b: Brute Bonnet|ability: Protosynthesis\n|-start|p1b: Brute Bonnet|protosynthesisatk\n|turn|4\n|\n|t:|1682828849\n|move|p2a: Glimmora|Spiky Shield|p2a: Glimmora\n|-singleturn|p2a: Glimmora|move: Protect\n|move|p1a: Roaring Moon|Breaking Swipe|p2b: Dondozo|[spread] p2b\n|-activate|p2a: Glimmora|move: Protect\n|-damage|p1a: Roaring Moon|30\/100|[from] Spiky Shield|[of] p2a: Glimmora\n|-damage|p2b: Dondozo|54\/100\n|-unboost|p2b: Dondozo|atk|1\n|move|p1b: Brute Bonnet|Bullet Seed|p2b: Dondozo\n|-supereffective|p2b: Dondozo\n|-damage|p2b: Dondozo|33\/100\n|-enditem|p2b: Dondozo|Sitrus Berry|[eat]\n|-heal|p2b: Dondozo|58\/100|[from] item: Sitrus Berry\n|-supereffective|p2b: Dondozo\n|-damage|p2b: Dondozo|36\/100\n|-supereffective|p2b: Dondozo\n|-damage|p2b: Dondozo|15\/100\n|-supereffective|p2b: Dondozo\n|-damage|p2b: Dondozo|0 fnt\n|faint|p2b: Dondozo\n|-hitcount|p2: Dondozo|4\n|\n|-weather|SunnyDay|[upkeep]\n|-damage|p1b: Brute Bonnet|88\/100 psn|[from] psn\n|upkeep\n|\n|t:|1682828869\n|switch|p2b: Chi-Yu|Chi-Yu, L50|21\/100\n|-ability|p2b: Chi-Yu|Beads of Ruin\n|turn|5\n|\n|t:|1682828878\n|move|p2b: Chi-Yu|Protect|p2b: Chi-Yu\n|-singleturn|p2b: Chi-Yu|Protect\n|move|p1a: Roaring Moon|Breaking Swipe|p2a: Glimmora|[spread] p2a\n|-activate|p2b: Chi-Yu|move: Protect\n|-crit|p2a: Glimmora\n|-damage|p2a: Glimmora|0 fnt\n|-activate|p2a: Glimmora|ability: Toxic Debris\n|-sidestart|p1: Keloco0204|move: Toxic Spikes\n|faint|p2a: Glimmora\n|move|p1b: Brute Bonnet|Spore|p2b: Chi-Yu\n|-activate|p2b: Chi-Yu|move: Protect\n|\n|-weather|none\n|-end|p1a: Roaring Moon|Protosynthesis\n|-end|p1b: Brute Bonnet|Protosynthesis\n|-damage|p1b: Brute Bonnet|76\/100 psn|[from] psn\n|-sideend|p1: Keloco0204|move: Tailwind\n|upkeep\n|\n|t:|1682828889\n|switch|p2a: Flutter Mane|Flutter Mane, L50|100\/100\n|-enditem|p2a: Flutter Mane|Booster Energy\n|-activate|p2a: Flutter Mane|ability: Protosynthesis|[fromitem]\n|-start|p2a: Flutter Mane|protosynthesisspe\n|turn|6\n|\n|t:|1682828900\n|-terastallize|p2a: Flutter Mane|Steel\n|move|p2a: Flutter Mane|Moonblast|p1b: Brute Bonnet\n|-supereffective|p1b: Brute Bonnet\n|-damage|p1b: Brute Bonnet|0 fnt\n|faint|p1b: Brute Bonnet\n|-end|p1b: Brute Bonnet|Protosynthesis|[silent]\n|move|p1a: Roaring Moon|Jaw Lock|p2b: Chi-Yu\n|-resisted|p2b: Chi-Yu\n|-damage|p2b: Chi-Yu|0 fnt\n|faint|p2b: Chi-Yu\n|\n|upkeep\n|turn|7\n|\n|t:|1682828912\n|move|p2a: Flutter Mane|Moonblast|p1a: Roaring Moon\n|-supereffective|p1a: Roaring Moon\n|-damage|p1a: Roaring Moon|0 fnt\n|faint|p1a: Roaring Moon\n|-end|p1a: Roaring Moon|Protosynthesis|[silent]\n|\n|win|Kiriziino\n|raw|Keloco0204's rating: 1007 → 1000<\/strong> (-7 for losing)\n|raw|Kiriziino's rating: 1000 → 1041<\/strong> (+41 for winning)\n|l|\u2606Keloco0204\n","uploadtime":1682828917,"views":10,"p1id":"keloco0204","p2id":"kiriziino","formatid":"gen9vgc2023regulationc","rating":1000,"private":0,"password":""}