{"id":"gen9vgc2023regulationc-1864070466","p1":"Dragopult124","p2":"CryBenihime","format":"[Gen 9] VGC 2023 Regulation C","log":"|j|\u2606Dragopult124\n|j|\u2606CryBenihime\n|t:|1684113225\n|gametype|doubles\n|player|p1|Dragopult124|2|1370\n|player|p2|CryBenihime|169|1349\n|teamsize|p1|6\n|teamsize|p2|6\n|gen|9\n|tier|[Gen 9] VGC 2023 Regulation C\n|rated|\n|rule|Species Clause: Limit one of each Pok\u00e9mon\n|rule|Item Clause: Limit one of each item\n|clearpoke\n|poke|p1|Volcarona, L50, M|\n|poke|p1|Gholdengo, L50|\n|poke|p1|Great Tusk, L50|\n|poke|p1|Grimmsnarl, L50, M|\n|poke|p1|Brute Bonnet, L50|\n|poke|p1|Baxcalibur, L50, F|\n|poke|p2|Palafin, L50, M|\n|poke|p2|Amoonguss, L50, M|\n|poke|p2|Kingambit, L50, F|\n|poke|p2|Flutter Mane, L50|\n|poke|p2|Arcanine, L50, F|\n|poke|p2|Dragonite, L50, F|\n|teampreview|4\nCryBenihime has agreed to open team sheets.\n|inactive|Battle timer is ON: inactive players will automatically lose when time's up. (requested by CryBenihime)\n|inactive|Dragopult124 has 60 seconds left.\n|\n|t:|1684113263\n|start\n|switch|p1a: Baxcalibur|Baxcalibur, L50, F|100\/100\n|switch|p1b: Volcarona|Volcarona, L50, M|100\/100\n|switch|p2a: Arcanine|Arcanine, L50, F, shiny|100\/100\n|switch|p2b: Dragonite|Dragonite, L50, F|100\/100\n|-ability|p2a: Arcanine|Intimidate|boost\n|-fail|p1a: Baxcalibur|unboost|[from] item: Clear Amulet|[of] p1a: Baxcalibur\n|-unboost|p1b: Volcarona|atk|1\n|turn|1\n|\n|t:|1684113284\n|-terastallize|p1b: Volcarona|Water\n|-terastallize|p2b: Dragonite|Flying\n|move|p1b: Volcarona|Rage Powder|p1b: Volcarona\n|-singleturn|p1b: Volcarona|move: Rage Powder\n|move|p1a: Baxcalibur|Dragon Dance|p1a: Baxcalibur\n|-boost|p1a: Baxcalibur|atk|1\n|-boost|p1a: Baxcalibur|spe|1\n|move|p2a: Arcanine|Howl|p2a: Arcanine|[spread] p2a,p2b\n|-boost|p2a: Arcanine|atk|1\n|-boost|p2b: Dragonite|atk|1\n|move|p2b: Dragonite|Low Kick|p1b: Volcarona\n|-damage|p1b: Volcarona|66\/100\n|-damage|p2b: Dragonite|84\/100|[from] item: Rocky Helmet|[of] p1b: Volcarona\n|\n|upkeep\n|turn|2\n|inactive|Dragopult124 has 30 seconds left.\n|inactive|Dragopult124 has 20 seconds left.\n|\n|t:|1684113323\n|move|p1a: Baxcalibur|Protect|p1a: Baxcalibur\n|-singleturn|p1a: Baxcalibur|Protect\n|move|p2b: Dragonite|Extreme Speed|p1a: Baxcalibur\n|-activate|p1a: Baxcalibur|move: Protect\n|move|p2a: Arcanine|Flare Blitz|p1a: Baxcalibur\n|-activate|p1a: Baxcalibur|move: Protect\n|move|p1b: Volcarona|Tailwind|p1b: Volcarona\n|-sidestart|p1: Dragopult124|move: Tailwind\n|\n|upkeep\n|turn|3\n|\n|t:|1684113342\n|move|p1b: Volcarona|Rage Powder|p1b: Volcarona\n|-singleturn|p1b: Volcarona|move: Rage Powder\n|move|p2b: Dragonite|Extreme Speed|p1b: Volcarona\n|-damage|p1b: Volcarona|18\/100\n|-damage|p2b: Dragonite|67\/100|[from] item: Rocky Helmet|[of] p1b: Volcarona\n|move|p1a: Baxcalibur|Icicle Crash|p2b: Dragonite\n|-supereffective|p2b: Dragonite\n|-damage|p2b: Dragonite|0 fnt\n|faint|p2b: Dragonite\n|move|p2a: Arcanine|Flare Blitz|p1a: Baxcalibur\n|-damage|p1a: Baxcalibur|36\/100\n|-ability|p1a: Baxcalibur|Thermal Exchange|boost\n|-boost|p1a: Baxcalibur|atk|1\n|-damage|p2a: Arcanine|80\/100|[from] Recoil\n|\n|upkeep\n|\n|t:|1684113356\n|switch|p2b: Amoonguss|Amoonguss, L50, M, shiny|100\/100\n|turn|4\n|\n|t:|1684113368\n|move|p1a: Baxcalibur|Protect|p1a: Baxcalibur\n|-singleturn|p1a: Baxcalibur|Protect\n|move|p2a: Arcanine|Extreme Speed|p1a: Baxcalibur\n|-activate|p1a: Baxcalibur|move: Protect\n|move|p1b: Volcarona|Overheat|p2b: Amoonguss\n|-supereffective|p2b: Amoonguss\n|-damage|p2b: Amoonguss|0 fnt\n|-unboost|p1b: Volcarona|spa|2\n|faint|p2b: Amoonguss\n|\n|upkeep\n|\n|t:|1684113371\n|switch|p2b: Flutter Mane|Flutter Mane, L50, shiny|100\/100\n|turn|5\n|\n|t:|1684113389\n|move|p1b: Volcarona|Protect|p1b: Volcarona\n|-singleturn|p1b: Volcarona|Protect\n|move|p2a: Arcanine|Extreme Speed|p1a: Baxcalibur\n|-damage|p1a: Baxcalibur|5\/100\n|move|p1a: Baxcalibur|Glaive Rush|p2a: Arcanine\n|-damage|p2a: Arcanine|0 fnt\n|-singlemove|p1a: Baxcalibur|Glaive Rush|[silent]\n|faint|p2a: Arcanine\n|move|p2b: Flutter Mane|Shadow Ball|p1b: Volcarona\n|-activate|p1b: Volcarona|move: Protect\n|\n|-sideend|p1: Dragopult124|move: Tailwind\n|upkeep\n|turn|6\n|\n|t:|1684113403\n|move|p1a: Baxcalibur|Protect|p1a: Baxcalibur\n|-singleturn|p1a: Baxcalibur|Protect\n|move|p2b: Flutter Mane|Shadow Ball|p1b: Volcarona\n|-damage|p1b: Volcarona|0 fnt\n|faint|p1b: Volcarona\n|\n|upkeep\n|\n|t:|1684113412\n|switch|p1b: Great Tusk|Great Tusk, L50|100\/100\n|turn|7\n|\n|t:|1684113419\n|move|p1a: Baxcalibur|Icicle Crash|p2b: Flutter Mane\n|-damage|p2b: Flutter Mane|0 fnt\n|faint|p2b: Flutter Mane\n|-end|p2b: Flutter Mane|Protosynthesis|[silent]\n|\n|win|Dragopult124\n|raw|Dragopult124's rating: 1370 → 1389<\/strong> (+19 for winning)\n|raw|CryBenihime's rating: 1349 → 1330<\/strong> (-19 for losing)\n|l|\u2606CryBenihime\n","uploadtime":1684113428,"views":15,"p1id":"dragopult124","p2id":"crybenihime","formatid":"gen9vgc2023regulationc","rating":1330,"private":0,"password":""}