{"id":"gen9vgc2023regulationc-1848668412","p1":"eliff","p2":"s9jafmstuff","format":"[Gen 9] VGC 2023 Regulation C","log":"|j|\u2606eliff\n|j|\u2606s9jafmstuff\n|t:|1682099223\n|gametype|doubles\n|player|p1|eliff|winona|\n|player|p2|s9jafmstuff|brock|\n|teamsize|p1|6\n|teamsize|p2|6\n|gen|9\n|tier|[Gen 9] VGC 2023 Regulation C\n|rated|Tournament battle\n|rule|Species Clause: Limit one of each Pok\u00e9mon\n|rule|Item Clause: Limit one of each item\n|clearpoke\n|poke|p1|Talonflame, L50, F|\n|poke|p1|Great Tusk, L50|\n|poke|p1|Chi-Yu, L50|\n|poke|p1|Maushold, L50|\n|poke|p1|Flutter Mane, L50|\n|poke|p1|Kingambit, L50, M|\n|poke|p2|Annihilape, L50, F|\n|poke|p2|Maushold-Four, L50|\n|poke|p2|Wo-Chien, L50|\n|poke|p2|Chi-Yu, L50|\n|poke|p2|Iron Bundle, L50|\n|poke|p2|Flutter Mane, L50|\n|teampreview|4\n|raw| Open Team Sheet for eliff<\/summary>Talonflame @ Covert Cloak Ability: Gale Wings Level: 50 Tera Type: Fire - Hurricane - Will-O-Wisp - Tailwind - Quick Guard Great Tusk @ Clear Amulet Ability: Protosynthesis Level: 50 Hidden Power: Fighting Tera Type: Ground - Protect - Earthquake - Close Combat - Substitute Chi-Yu @ Focus Sash Ability: Beads of Ruin Level: 50 Tera Type: Dark - Protect - Dark Pulse - Heat Wave - Nasty Plot Maushold @ Wide Lens Ability: Technician Level: 50 Tera Type: Normal - Protect - Population Bomb - Encore - Follow Me Flutter Mane @ Booster Energy Ability: Protosynthesis Level: 50 Tera Type: Ghost - Protect - Shadow Ball - Moonblast - Dazzling Gleam Kingambit @ Assault Vest Ability: Defiant Level: 50 Tera Type: Flying - Kowtow Cleave - Sucker Punch - Iron Head - Tera Blast <\/details><\/div> Open Team Sheet for s9jafmstuff<\/summary>Annihilape @ Sitrus Berry Ability: Vital Spirit Level: 50 Tera Type: Water - Drain Punch - Bulk Up - Rage Fist - Protect Maushold (Maushold-Four) @ Safety Goggles Ability: Friend Guard Level: 50 Tera Type: Ghost - Follow Me - Super Fang - Beat Up - Protect Wo-Chien @ Leftovers Ability: Tablets of Ruin Level: 50 Tera Type: Poison - Foul Play - Leech Seed - Pollen Puff - Protect Chi-Yu @ Focus Sash Ability: Beads of Ruin Level: 50 Tera Type: Ghost - Dark Pulse - Heat Wave - Will-O-Wisp - Protect Iron Bundle @ Booster Energy Ability: Quark Drive Level: 50 Tera Type: Ghost - Freeze-Dry - Icy Wind - Hydro Pump - Protect Flutter Mane @ Choice Specs Ability: Protosynthesis Level: 50 Tera Type: Grass - Moonblast - Shadow Ball - Dazzling Gleam - Energy Ball <\/details><\/div>\n|\n|t:|1682099265\n|start\n|switch|p1a: Maushold|Maushold, L50|100\/100\n|switch|p1b: Chi-Yu|Chi-Yu, L50|100\/100\n|switch|p2a: Annihilape|Annihilape, L50, F|100\/100\n|switch|p2b: Maushold|Maushold-Four, L50|100\/100\n|-ability|p1b: Chi-Yu|Beads of Ruin\n|turn|1\n|\n|t:|1682099296\n|-terastallize|p2a: Annihilape|Water\n|move|p1a: Maushold|Follow Me|p1a: Maushold\n|-singleturn|p1a: Maushold|move: Follow Me\n|move|p2b: Maushold|Follow Me|p2b: Maushold\n|-singleturn|p2b: Maushold|move: Follow Me\n|move|p1b: Chi-Yu|Nasty Plot|p1b: Chi-Yu\n|-boost|p1b: Chi-Yu|spa|2\n|move|p2a: Annihilape|Bulk Up|p2a: Annihilape\n|-boost|p2a: Annihilape|atk|1\n|-boost|p2a: Annihilape|def|1\n|\n|upkeep\n|turn|2\n|\n|t:|1682099309\n|move|p2a: Annihilape|Protect|p2a: Annihilape\n|-singleturn|p2a: Annihilape|Protect\n|move|p1a: Maushold|Encore|p2a: Annihilape\n|-activate|p2a: Annihilape|move: Protect\n|move|p1b: Chi-Yu|Dark Pulse|p2b: Maushold\n|-damage|p2b: Maushold|0 fnt\n|faint|p2b: Maushold\n|\n|upkeep\n|\n|t:|1682099317\n|switch|p2b: Iron Bundle|Iron Bundle, L50|100\/100\n|-enditem|p2b: Iron Bundle|Booster Energy\n|-activate|p2b: Iron Bundle|ability: Quark Drive|[fromitem]\n|-start|p2b: Iron Bundle|quarkdrivespe\n|turn|3\n|\n|t:|1682099356\n|move|p1b: Chi-Yu|Protect|p1b: Chi-Yu\n|-singleturn|p1b: Chi-Yu|Protect\n|move|p2b: Iron Bundle|Icy Wind|p1a: Maushold|[spread] p1a\n|-activate|p1b: Chi-Yu|move: Protect\n|-damage|p1a: Maushold|70\/100\n|-unboost|p1a: Maushold|spe|1\n|move|p2a: Annihilape|Drain Punch|p1a: Maushold\n|-supereffective|p1a: Maushold\n|-damage|p1a: Maushold|0 fnt\n|faint|p1a: Maushold\n|\n|upkeep\n|\n|t:|1682099366\n|switch|p1a: Flutter Mane|Flutter Mane, L50|100\/100\n|-enditem|p1a: Flutter Mane|Booster Energy\n|-activate|p1a: Flutter Mane|ability: Protosynthesis|[fromitem]\n|-start|p1a: Flutter Mane|protosynthesisspa\n|turn|4\n|\n|t:|1682099391\n|-terastallize|p1a: Flutter Mane|Ghost\n|move|p2b: Iron Bundle|Icy Wind|p1a: Flutter Mane|[spread] p1a,p1b\n|-resisted|p1b: Chi-Yu\n|-damage|p1a: Flutter Mane|73\/100\n|-damage|p1b: Chi-Yu|90\/100\n|-unboost|p1a: Flutter Mane|spe|1\n|-unboost|p1b: Chi-Yu|spe|1\n|move|p2a: Annihilape|Drain Punch|p1b: Chi-Yu\n|-supereffective|p1b: Chi-Yu\n|-damage|p1b: Chi-Yu|0 fnt\n|faint|p1b: Chi-Yu\n|move|p1a: Flutter Mane|Shadow Ball|p2a: Annihilape\n|-damage|p2a: Annihilape|32\/100\n|-enditem|p2a: Annihilape|Sitrus Berry|[eat]\n|-heal|p2a: Annihilape|57\/100|[from] item: Sitrus Berry\n|\n|upkeep\n|\n|t:|1682099404\n|switch|p1b: Kingambit|Kingambit, L50, M|100\/100\n|turn|5\n|\n|t:|1682099427\n|move|p2a: Annihilape|Protect|p2a: Annihilape\n|-singleturn|p2a: Annihilape|Protect\n|move|p1b: Kingambit|Sucker Punch||[still]\n|-fail|p1b: Kingambit\n|move|p2b: Iron Bundle|Freeze-Dry|p1a: Flutter Mane\n|-damage|p1a: Flutter Mane|36\/100\n|move|p1a: Flutter Mane|Shadow Ball|p2a: Annihilape\n|-activate|p2a: Annihilape|move: Protect\n|\n|upkeep\n|turn|6\n|\n|t:|1682099441\n|-end|p2b: Iron Bundle|Quark Drive|[silent]\n|switch|p2b: Wo-Chien|Wo-Chien, L50|100\/100\n|-ability|p2b: Wo-Chien|Tablets of Ruin\n|move|p1b: Kingambit|Sucker Punch|p2a: Annihilape\n|-damage|p2a: Annihilape|37\/100\n|move|p2a: Annihilape|Rage Fist|p1a: Flutter Mane\n|-supereffective|p1a: Flutter Mane\n|-damage|p1a: Flutter Mane|0 fnt\n|faint|p1a: Flutter Mane\n|-end|p1a: Flutter Mane|Protosynthesis|[silent]\n|\n|upkeep\n|turn|7\n|-message|eliff forfeited.\n|\n|win|s9jafmstuff\n|n|\u2606eliff|eliff\n|n|\u2606s9jafmstuff|s9jafmstuff\n|l|\u2606eliff\n","uploadtime":1682099457,"views":7,"p1id":"eliff","p2id":"s9jafmstuff","formatid":"gen9vgc2023regulationc","rating":0,"private":0,"password":""}