{"id":"gen9vgc2023regulationc-1855822555","p1":"Aleatrio3124","p2":"Count Sliggoo","format":"[Gen 9] VGC 2023 Regulation C","log":"|j|\u2606Aleatrio3124\n|j|\u2606Count Sliggoo\n|t:|1682988284\n|gametype|doubles\n|player|p1|Aleatrio3124|drayden|1126\n|player|p2|Count Sliggoo|ruinmaniac-gen3rs|1235\n|teamsize|p1|6\n|teamsize|p2|6\n|gen|9\n|tier|[Gen 9] VGC 2023 Regulation C\n|rated|\n|rule|Species Clause: Limit one of each Pok\u00e9mon\n|rule|Item Clause: Limit one of each item\n|clearpoke\n|poke|p1|Amoonguss, L50, M|\n|poke|p1|Arcanine, L50, M|\n|poke|p1|Flutter Mane, L50|\n|poke|p1|Palafin, L50, M|\n|poke|p1|Ting-Lu, L50|\n|poke|p1|Baxcalibur, L50, M|\n|poke|p2|Gallade, L50, M|\n|poke|p2|Garganacl, L50, M|\n|poke|p2|Flutter Mane, L50|\n|poke|p2|Indeedee-F, L50, F|\n|poke|p2|Armarouge, L50, F|\n|poke|p2|Dragonite, L50, M|\n|teampreview|4\n|\n|t:|1682988329\n|start\n|switch|p1a: Palafin|Palafin, L50, M|100\/100\n|switch|p1b: Ting-Lu|Ting-Lu, L50|100\/100\n|switch|p2a: Elre Olaric|Gallade, L50, M, shiny|100\/100\n|switch|p2b: Mr. Sandstone|Garganacl, L50, M, shiny|100\/100\n|-ability|p1b: Ting-Lu|Vessel of Ruin\n|turn|1\n|\n|t:|1682988353\n|switch|p2b: Loki|Indeedee-F, L50, F, shiny|100\/100\n|-fieldstart|move: Psychic Terrain|[from] ability: Psychic Surge|[of] p2b: Loki\n|-enditem|p2b: Loki|Psychic Seed\n|-boost|p2b: Loki|spd|1|[from] item: Psychic Seed\n|move|p1a: Palafin|Flip Turn|p2b: Loki\n|-damage|p2b: Loki|65\/100\n|\n|t:|1682988360\n|detailschange|p1a: Palafin|Palafin-Hero, L50, M\n|switch|p1a: Arcanine|Arcanine, L50, M|100\/100|[from] Flip Turn\n|-ability|p1a: Arcanine|Intimidate|boost\n|-unboost|p2a: Elre Olaric|atk|1\n|-unboost|p2b: Loki|atk|1\n|move|p2a: Elre Olaric|Sacred Sword|p1b: Ting-Lu\n|-supereffective|p1b: Ting-Lu\n|-damage|p1b: Ting-Lu|46\/100\n|-damage|p2a: Elre Olaric|91\/100|[from] item: Life Orb\n|move|p1b: Ting-Lu|Whirlwind|p2a: Elre Olaric\n|drag|p2a: GooglyMoogly|Dragonite, L50, M|100\/100\n|\n|-heal|p1b: Ting-Lu|52\/100|[from] item: Leftovers\n|upkeep\n|turn|2\n|\n|t:|1682988388\n|move|p2b: Loki|Helping Hand|p2a: GooglyMoogly\n|-singleturn|p2a: GooglyMoogly|Helping Hand|[of] p2b: Loki\n|move|p2a: GooglyMoogly|Stomping Tantrum|p1a: Arcanine\n|-supereffective|p1a: Arcanine\n|-damage|p1a: Arcanine|0 fnt\n|faint|p1a: Arcanine\n|move|p1b: Ting-Lu|Ruination|p2a: GooglyMoogly\n|-damage|p2a: GooglyMoogly|51\/100\n|\n|-heal|p1b: Ting-Lu|58\/100|[from] item: Leftovers\n|upkeep\n|\n|t:|1682988391\n|switch|p1a: Flutter Mane|Flutter Mane, L50|100\/100\n|turn|3\n|\n|t:|1682988422\n|-terastallize|p1a: Flutter Mane|Fairy\n|-terastallize|p2a: GooglyMoogly|Steel\n|move|p1a: Flutter Mane|Dazzling Gleam|p2b: Loki|[spread] p2a,p2b\n|-resisted|p2a: GooglyMoogly\n|-damage|p2a: GooglyMoogly|35\/100\n|-damage|p2b: Loki|43\/100\n|move|p2a: GooglyMoogly|Stomping Tantrum|p1a: Flutter Mane\n|-damage|p1a: Flutter Mane|17\/100\n|move|p2b: Loki|Heal Pulse|p2a: GooglyMoogly\n|-heal|p2a: GooglyMoogly|85\/100\n|move|p1b: Ting-Lu|Stealth Rock|p2a: GooglyMoogly\n|-sidestart|p2: Count Sliggoo|move: Stealth Rock\n|\n|-heal|p1b: Ting-Lu|64\/100|[from] item: Leftovers\n|upkeep\n|turn|4\n|inactive|Battle timer is ON: inactive players will automatically lose when time's up. (requested by Aleatrio3124)\n|\n|t:|1682988444\n|-end|p1a: Flutter Mane|Protosynthesis|[silent]\n|switch|p1a: Palafin|Palafin-Hero, L50, M|100\/100\n|-activate|p1a: Palafin|ability: Zero to Hero\n|move|p2a: GooglyMoogly|Stomping Tantrum|p1a: Palafin\n|-damage|p1a: Palafin|59\/100\n|move|p2b: Loki|Heal Pulse|p2a: GooglyMoogly\n|-heal|p2a: GooglyMoogly|100\/100\n|move|p1b: Ting-Lu|Earthquake|p2b: Loki|[spread] p1a,p2a,p2b\n|-supereffective|p2a: GooglyMoogly\n|-damage|p1a: Palafin|30\/100\n|-damage|p2a: GooglyMoogly|70\/100\n|-damage|p2b: Loki|17\/100\n|\n|-heal|p1b: Ting-Lu|70\/100|[from] item: Leftovers\n|upkeep\n|turn|5\n|inactive|Aleatrio3124 has 30 seconds left.\n|\n|t:|1682988473\n|move|p1a: Palafin|Jet Punch|p2b: Loki\n|-activate|p2b: Loki|move: Psychic Terrain\n|move|p2a: GooglyMoogly|Stomping Tantrum|p1a: Palafin\n|-damage|p1a: Palafin|0 fnt\n|faint|p1a: Palafin\n|move|p2b: Loki|Heal Pulse|p2a: GooglyMoogly\n|-heal|p2a: GooglyMoogly|100\/100\n|move|p1b: Ting-Lu|Ruination|p2a: GooglyMoogly\n|-damage|p2a: GooglyMoogly|51\/100\n|\n|-heal|p1b: Ting-Lu|76\/100|[from] item: Leftovers\n|-fieldend|move: Psychic Terrain\n|upkeep\n|\n|t:|1682988475\n|switch|p1a: Flutter Mane|Flutter Mane, L50, tera:Fairy|17\/100\n|turn|6\n|\n|t:|1682988489\n|move|p1a: Flutter Mane|Shadow Ball|p2a: GooglyMoogly\n|-damage|p2a: GooglyMoogly|18\/100\n|move|p2a: GooglyMoogly|Stomping Tantrum|p1a: Flutter Mane\n|-damage|p1a: Flutter Mane|0 fnt\n|faint|p1a: Flutter Mane\n|-end|p1a: Flutter Mane|Protosynthesis|[silent]\n|move|p2b: Loki|Heal Pulse|p2a: GooglyMoogly\n|-heal|p2a: GooglyMoogly|68\/100\n|move|p1b: Ting-Lu|Ruination|p2a: GooglyMoogly|[miss]\n|-miss|p1b: Ting-Lu|p2a: GooglyMoogly\n|\n|-heal|p1b: Ting-Lu|83\/100|[from] item: Leftovers\n|upkeep\n|turn|7\n|\n|t:|1682988506\n|move|p2b: Loki|Helping Hand|p2a: GooglyMoogly\n|-singleturn|p2a: GooglyMoogly|Helping Hand|[of] p2b: Loki\n|move|p2a: GooglyMoogly|Stomping Tantrum|p1b: Ting-Lu\n|-damage|p1b: Ting-Lu|59\/100\n|move|p1b: Ting-Lu|Earthquake|p2a: GooglyMoogly|[spread] p2a,p2b\n|-supereffective|p2a: GooglyMoogly\n|-damage|p2a: GooglyMoogly|7\/100\n|-damage|p2b: Loki|0 fnt\n|faint|p2b: Loki\n|\n|-heal|p1b: Ting-Lu|65\/100|[from] item: Leftovers\n|upkeep\n|\n|t:|1682988518\n|switch|p2b: Elre Olaric|Gallade, L50, M, shiny|91\/100\n|-damage|p2b: Elre Olaric|85\/100|[from] Stealth Rock\n|turn|8\n|\n|t:|1682988530\n|move|p2a: GooglyMoogly|Stomping Tantrum|p1b: Ting-Lu\n|-damage|p1b: Ting-Lu|48\/100\n|move|p2b: Elre Olaric|Sacred Sword|p1b: Ting-Lu\n|-supereffective|p1b: Ting-Lu\n|-damage|p1b: Ting-Lu|0 fnt\n|faint|p1b: Ting-Lu\n|-damage|p2b: Elre Olaric|75\/100|[from] item: Life Orb\n|\n|win|Count Sliggoo\n|raw|Aleatrio3124's rating: 1126 → 1109<\/strong> (-17 for losing)\n|raw|Count Sliggoo's rating: 1235 → 1252<\/strong> (+17 for winning)\n|l|\u2606Aleatrio3124\n","uploadtime":1682988544,"views":14,"p1id":"aleatrio3124","p2id":"countsliggoo","formatid":"gen9vgc2023regulationc","rating":1109,"private":0,"password":""}