{"id":"gen9vgc2023regulationc-1847449526","p1":"edhead64","p2":"Miggle SoCal","format":"[Gen 9] VGC 2023 Regulation C","log":"|j|\u2606edhead64\n|j|\u2606Miggle SoCal\n|t:|1681956494\n|gametype|doubles\n|player|p1|edhead64|ethan|\n|player|p2|Miggle SoCal|169|\n|teamsize|p1|6\n|teamsize|p2|6\n|gen|9\n|tier|[Gen 9] VGC 2023 Regulation C\n|rule|Species Clause: Limit one of each Pok\u00e9mon\n|rule|Item Clause: Limit one of each item\n|clearpoke\n|poke|p1|Lycanroc, L50, M|\n|poke|p1|Tyranitar, L50, F|\n|poke|p1|Armarouge, L50, M|\n|poke|p1|Indeedee-F, L50, F|\n|poke|p1|Dondozo, L50, F|\n|poke|p1|Tatsugiri-Stretchy, L50, F|\n|poke|p2|Palafin, L50, M|\n|poke|p2|Chien-Pao, L50|\n|poke|p2|Dragapult, L50, M|\n|poke|p2|Amoonguss, L50, M|\n|poke|p2|Arcanine, L50, M|\n|poke|p2|Kingambit, L50, F|\n|teampreview|4\nedhead64 has agreed to open team sheets.\nMiggle SoCal has agreed to open team sheets.\n|\n|t:|1681956649\n|start\n|switch|p1a: Lycanroc|Lycanroc, L50, M|100\/100\n|switch|p1b: Dondozo|Dondozo, L50, F|100\/100\n|switch|p2a: Arcanine|Arcanine, L50, M|100\/100\n|switch|p2b: Dragapult|Dragapult, L50, M|100\/100\n|-ability|p2a: Arcanine|Intimidate|boost\n|-unboost|p1a: Lycanroc|atk|1\n|-unboost|p1b: Dondozo|atk|1\n|turn|1\n|\n|t:|1681956723\n|switch|p1b: Tyranitar|Tyranitar, L50, F|100\/100\n|-weather|Sandstorm|[from] ability: Sand Stream|[of] p1b: Tyranitar\n|move|p2a: Arcanine|Protect|p2a: Arcanine\n|-singleturn|p2a: Arcanine|Protect\n|move|p1a: Lycanroc|Rock Slide|p2b: Dragapult|[spread] p2b\n|-activate|p2a: Arcanine|move: Protect\n|-damage|p2b: Dragapult|75\/100\n|cant|p2b: Dragapult|flinch\n|\n|-weather|Sandstorm|[upkeep]\n|-damage|p2b: Dragapult|70\/100|[from] Sandstorm\n|upkeep\n|turn|2\n|\n|t:|1681956763\n|switch|p2a: Kingambit|Kingambit, L50, F, shiny|100\/100\n|-terastallize|p2b: Dragapult|Steel\n|move|p1a: Lycanroc|Howl|p1a: Lycanroc|[spread] p1a,p1b\n|-boost|p1a: Lycanroc|atk|1\n|-boost|p1b: Tyranitar|atk|1\n|move|p2b: Dragapult|Tera Blast|p1b: Tyranitar\n|-supereffective|p1b: Tyranitar\n|-damage|p1b: Tyranitar|3\/100\n|move|p1b: Tyranitar|Rock Slide|p2b: Dragapult|[spread] p2a,p2b\n|-resisted|p2a: Kingambit\n|-resisted|p2b: Dragapult\n|-damage|p2a: Kingambit|76\/100\n|-damage|p2b: Dragapult|24\/100\n|\n|-weather|Sandstorm|[upkeep]\n|upkeep\n|turn|3\n|\n|t:|1681956795\n|switch|p1b: Dondozo|Dondozo, L50, F|100\/100\n|move|p2a: Kingambit|Sucker Punch|p1a: Lycanroc\n|-damage|p1a: Lycanroc|36\/100\n|move|p1a: Lycanroc|Rock Slide|p2b: Dragapult|[spread] p2a,p2b\n|-resisted|p2a: Kingambit\n|-resisted|p2b: Dragapult\n|-damage|p2a: Kingambit|66\/100\n|-damage|p2b: Dragapult|5\/100\n|move|p2b: Dragapult|Tera Blast|p1b: Dondozo\n|-resisted|p1b: Dondozo\n|-damage|p1b: Dondozo|81\/100\n|\n|-weather|Sandstorm|[upkeep]\n|-damage|p1b: Dondozo|75\/100|[from] Sandstorm\n|upkeep\n|turn|4\n|\n|t:|1681956831\n|move|p1a: Lycanroc|Howl|p1a: Lycanroc|[spread] p1a,p1b\n|-boost|p1a: Lycanroc|atk|1\n|-boost|p1b: Dondozo|atk|1\n|move|p2b: Dragapult|Tera Blast|p1b: Dondozo\n|-resisted|p1b: Dondozo\n|-damage|p1b: Dondozo|57\/100\n|move|p1b: Dondozo|Earthquake|p2b: Dragapult|[spread] p1a,p2a,p2b\n|-supereffective|p1a: Lycanroc\n|-supereffective|p2a: Kingambit\n|-supereffective|p2b: Dragapult\n|-damage|p1a: Lycanroc|0 fnt\n|-damage|p2a: Kingambit|10\/100\n|-damage|p2b: Dragapult|0 fnt\n|faint|p1a: Lycanroc\n|faint|p2b: Dragapult\n|move|p2a: Kingambit|Kowtow Cleave|p1b: Dondozo\n|-damage|p1b: Dondozo|24\/100\n|\n|-weather|Sandstorm|[upkeep]\n|-damage|p1b: Dondozo|18\/100|[from] Sandstorm\n|upkeep\n|\n|t:|1681956850\n|switch|p2b: Chien-Pao|Chien-Pao, L50|100\/100\n|switch|p1a: Tatsugiri|Tatsugiri-Stretchy, L50, F|100\/100\n|-activate|p1a: Tatsugiri|ability: Commander|[of] p1b: Dondozo\n|-boost|p1b: Dondozo|atk|2\n|-boost|p1b: Dondozo|spa|2\n|-boost|p1b: Dondozo|spe|2\n|-boost|p1b: Dondozo|def|2\n|-boost|p1b: Dondozo|spd|2\n|-ability|p2b: Chien-Pao|Sword of Ruin\n|turn|5\n|\n|t:|1681956869\n|move|p2b: Chien-Pao|Haze|p2b: Chien-Pao\n|-clearallboost\n|move|p1b: Dondozo|Rest|p1b: Dondozo\n|-status|p1b: Dondozo|slp|[from] move: Rest\n|-enditem|p1b: Dondozo|Lum Berry|[eat]\n|-curestatus|p1b: Dondozo|slp|[msg]\n|-heal|p1b: Dondozo|100\/100|[silent]\n|move|p2a: Kingambit|Kowtow Cleave|p1b: Dondozo\n|-damage|p1b: Dondozo|61\/100\n|\n|-weather|none\n|upkeep\n|turn|6\n|\n|t:|1681956886\n|move|p2b: Chien-Pao|Protect|p2b: Chien-Pao\n|-singleturn|p2b: Chien-Pao|Protect\n|move|p2a: Kingambit|Sucker Punch|p1b: Dondozo\n|-damage|p1b: Dondozo|27\/100\n|move|p1b: Dondozo|Earthquake|p2a: Kingambit|[spread] p2a\n|-miss|p1b: Dondozo|p1a: Tatsugiri\n|-activate|p2b: Chien-Pao|move: Protect\n|-supereffective|p2a: Kingambit\n|-damage|p2a: Kingambit|0 fnt\n|faint|p2a: Kingambit\n|\n|upkeep\n|\n|t:|1681956896\n|switch|p2a: Arcanine|Arcanine, L50, M|100\/100\n|-ability|p2a: Arcanine|Intimidate|boost\n|-unboost|p1a: Tatsugiri|atk|1\n|-unboost|p1b: Dondozo|atk|1\n|turn|7\n|\n|t:|1681956912\n|move|p2a: Arcanine|Extreme Speed|p1b: Dondozo\n|-damage|p1b: Dondozo|9\/100\n|move|p2b: Chien-Pao|Ice Spinner|p1b: Dondozo\n|-resisted|p1b: Dondozo\n|-damage|p1b: Dondozo|0 fnt\n|faint|p1b: Dondozo\n|\n|upkeep\n|\n|t:|1681956920\n|switch|p1b: Tyranitar|Tyranitar, L50, F|3\/100\n|-weather|Sandstorm|[from] ability: Sand Stream|[of] p1b: Tyranitar\n|turn|8\n|\n|t:|1681956955\n|-terastallize|p1a: Tatsugiri|Water\n|move|p2a: Arcanine|Extreme Speed|p1b: Tyranitar\n|-resisted|p1b: Tyranitar\n|-damage|p1b: Tyranitar|0 fnt\n|faint|p1b: Tyranitar\n|move|p2b: Chien-Pao|Ice Spinner|p1a: Tatsugiri\n|-resisted|p1a: Tatsugiri\n|-damage|p1a: Tatsugiri|51\/100\n|move|p1a: Tatsugiri|Muddy Water|p2a: Arcanine|[spread] p2a,p2b\n|-supereffective|p2a: Arcanine\n|-damage|p2a: Arcanine|0 fnt\n|-enditem|p2b: Chien-Pao|Focus Sash\n|-damage|p2b: Chien-Pao|1\/100\n|faint|p2a: Arcanine\n|\n|-weather|Sandstorm|[upkeep]\n|-damage|p2b: Chien-Pao|0 fnt|[from] Sandstorm\n|-damage|p1a: Tatsugiri|45\/100|[from] Sandstorm\n|faint|p2b: Chien-Pao\n|\n|win|edhead64\n|upkeep\n|c|\u2606Miggle SoCal|deng gg wp\n","uploadtime":1681957268,"views":12,"p1id":"edhead64","p2id":"migglesocal","formatid":"gen9vgc2023regulationc","rating":0,"private":0,"password":""}