{"id":"gen9vgc2023regulationc-1862941997","p1":"L0LZ4N0m4","p2":"toocynical1","format":"[Gen 9] VGC 2023 Regulation C","log":"|j|\u2606L0LZ4N0m4\n|j|\u2606toocynical1\n|t:|1683941571\n|gametype|doubles\n|player|p1|L0LZ4N0m4|aromalady|1346\n|player|p2|toocynical1|265|1436\n|teamsize|p1|6\n|teamsize|p2|6\n|gen|9\n|tier|[Gen 9] VGC 2023 Regulation C\n|rated|\n|rule|Species Clause: Limit one of each Pok\u00e9mon\n|rule|Item Clause: Limit one of each item\n|clearpoke\n|poke|p1|Tyranitar, L50, M|\n|poke|p1|Palafin, L50, M|\n|poke|p1|Kingambit, L50, F|\n|poke|p1|Flutter Mane, L50|\n|poke|p1|Arcanine, L50, F|\n|poke|p1|Amoonguss, L50, M|\n|poke|p2|Maushold, L50|\n|poke|p2|Annihilape, L50, M|\n|poke|p2|Gholdengo, L50|\n|poke|p2|Arcanine, L50, F|\n|poke|p2|Roaring Moon, L50|\n|poke|p2|Iron Bundle, L50|\n|teampreview|4\n|inactive|Battle timer is ON: inactive players will automatically lose when time's up. (requested by L0LZ4N0m4)\n|inactive|toocynical1 has 60 seconds left.\n|\n|t:|1683941605\n|start\n|switch|p1a: Tyranitar|Tyranitar, L50, M|100\/100\n|switch|p1b: Kingambit|Kingambit, L50, F|100\/100\n|switch|p2a: Maushold|Maushold, L50|100\/100\n|switch|p2b: Annihilape|Annihilape, L50, M, shiny|100\/100\n|-weather|Sandstorm|[from] ability: Sand Stream|[of] p1a: Tyranitar\n|turn|1\n|\n|t:|1683941624\n|-terastallize|p1a: Tyranitar|Grass\n|move|p1b: Kingambit|Protect|p1b: Kingambit\n|-singleturn|p1b: Kingambit|Protect\n|move|p2a: Maushold|Follow Me|p2a: Maushold\n|-singleturn|p2a: Maushold|move: Follow Me\n|move|p2b: Annihilape|Bulk Up|p2b: Annihilape\n|-boost|p2b: Annihilape|atk|1\n|-boost|p2b: Annihilape|def|1\n|move|p1a: Tyranitar|Rock Slide|p2a: Maushold|[spread] p2a,p2b\n|-resisted|p2b: Annihilape\n|-damage|p2a: Maushold|70\/100\n|-damage|p2b: Annihilape|94\/100\n|\n|-weather|Sandstorm|[upkeep]\n|-damage|p2b: Annihilape|88\/100|[from] Sandstorm\n|-damage|p1a: Tyranitar|95\/100|[from] Sandstorm\n|upkeep\n|turn|2\n|inactive|L0LZ4N0m4 has 30 seconds left.\n|\n|t:|1683941654\n|switch|p1b: Arcanine|Arcanine, L50, F|100\/100\n|-ability|p1b: Arcanine|Intimidate|boost\n|-unboost|p2a: Maushold|atk|1\n|-unboost|p2b: Annihilape|atk|1\n|-ability|p2b: Annihilape|Defiant|boost\n|-boost|p2b: Annihilape|atk|2\n|move|p2a: Maushold|Beat Up|p2b: Annihilape\n|-crit|p2b: Annihilape\n|-damage|p2b: Annihilape|86\/100\n|-damage|p2b: Annihilape|85\/100\n|-damage|p2b: Annihilape|84\/100\n|-damage|p2b: Annihilape|83\/100\n|-hitcount|p2b: Annihilape|4\n|move|p2b: Annihilape|Drain Punch|p1b: Arcanine\n|-damage|p1b: Arcanine|31\/100\n|-heal|p2b: Annihilape|100\/100|[from] drain|[of] p1b: Arcanine\n|move|p1a: Tyranitar|Crunch|p2a: Maushold\n|-damage|p2a: Maushold|25\/100\n|\n|-weather|Sandstorm|[upkeep]\n|-damage|p2b: Annihilape|94\/100|[from] Sandstorm\n|-damage|p1a: Tyranitar|89\/100|[from] Sandstorm\n|upkeep\n|turn|3\n|inactive|toocynical1 has 30 seconds left.\n|inactive|toocynical1 has 20 seconds left.\n|inactive|toocynical1 has 15 seconds left.\n|inactive|toocynical1 has 10 seconds left.\n|inactive|toocynical1 has 5 seconds left.\n|\n|t:|1683941709\n|move|p1b: Arcanine|Extreme Speed|p2a: Maushold\n|-damage|p2a: Maushold|3\/100\n|move|p2a: Maushold|Follow Me|p2a: Maushold\n|-singleturn|p2a: Maushold|move: Follow Me\n|move|p2b: Annihilape|Rage Fist|p1a: Tyranitar\n|-damage|p1a: Tyranitar|0 fnt\n|faint|p1a: Tyranitar\n|\n|-weather|Sandstorm|[upkeep]\n|-damage|p2b: Annihilape|88\/100|[from] Sandstorm\n|upkeep\n|\n|t:|1683941724\n|switch|p1a: Flutter Mane|Flutter Mane, L50|100\/100\n|turn|4\n|inactive|toocynical1 has 30 seconds left.\n|\n|t:|1683941752\n|-terastallize|p2b: Annihilape|Water\n|move|p2a: Maushold|Protect|p2a: Maushold\n|-singleturn|p2a: Maushold|Protect\n|move|p1a: Flutter Mane|Dazzling Gleam|p2a: Maushold|[spread] p2b\n|-activate|p2a: Maushold|move: Protect\n|-damage|p2b: Annihilape|61\/100\n|move|p1b: Arcanine|Flare Blitz|p2b: Annihilape\n|-resisted|p2b: Annihilape\n|-damage|p2b: Annihilape|51\/100\n|-damage|p1b: Arcanine|28\/100|[from] Recoil\n|move|p2b: Annihilape|Rage Fist|p1a: Flutter Mane\n|-supereffective|p1a: Flutter Mane\n|-damage|p1a: Flutter Mane|0 fnt\n|faint|p1a: Flutter Mane\n|-end|p1a: Flutter Mane|Protosynthesis|[silent]\n|\n|-weather|Sandstorm|[upkeep]\n|-damage|p2b: Annihilape|45\/100|[from] Sandstorm\n|-enditem|p2b: Annihilape|Sitrus Berry|[eat]\n|-heal|p2b: Annihilape|69\/100|[from] item: Sitrus Berry\n|upkeep\n|\n|t:|1683941769\n|switch|p1a: Kingambit|Kingambit, L50, F|100\/100\n|turn|5\n|\n|t:|1683941792\n|switch|p2a: Gholdengo|Gholdengo, L50|100\/100\n|move|p1b: Arcanine|Extreme Speed|p2b: Annihilape\n|-damage|p2b: Annihilape|57\/100\n|move|p2b: Annihilape|Rage Fist|p1b: Arcanine\n|-damage|p1b: Arcanine|0 fnt\n|faint|p1b: Arcanine\n|move|p1a: Kingambit|Kowtow Cleave|p2b: Annihilape\n|-damage|p2b: Annihilape|27\/100\n|\n|-weather|none\n|upkeep\n|turn|6\n|\n|t:|1683941812\n|move|p1a: Kingambit|Sucker Punch|p2b: Annihilape\n|-damage|p2b: Annihilape|0 fnt\n|faint|p2b: Annihilape\n|move|p2a: Gholdengo|Nasty Plot|p2a: Gholdengo\n|-boost|p2a: Gholdengo|spa|2\n|\n|upkeep\n|\n|t:|1683941819\n|switch|p2b: Maushold|Maushold, L50|3\/100\n|turn|7\n|\n|t:|1683941826\n|move|p2b: Maushold|Follow Me|p2b: Maushold\n|-singleturn|p2b: Maushold|move: Follow Me\n|move|p1a: Kingambit|Sucker Punch||[still]\n|-fail|p1a: Kingambit\n|move|p2a: Gholdengo|Thunderbolt|p1a: Kingambit\n|-damage|p1a: Kingambit|36\/100\n|\n|upkeep\n|turn|8\n|\n|t:|1683941834\n|move|p2b: Maushold|Follow Me|p2b: Maushold\n|-singleturn|p2b: Maushold|move: Follow Me\n|move|p2a: Gholdengo|Thunderbolt|p1a: Kingambit\n|-damage|p1a: Kingambit|0 fnt\n|faint|p1a: Kingambit\n|\n|win|toocynical1\n|raw|L0LZ4N0m4's rating: 1346 → 1331<\/strong> (-15 for losing)\n|raw|toocynical1's rating: 1436 → 1451<\/strong> (+15 for winning)\n|l|\u2606toocynical1\n","uploadtime":1683941844,"views":6,"p1id":"l0lz4n0m4","p2id":"toocynical1","formatid":"gen9vgc2023regulationc","rating":1331,"private":0,"password":""}