{"id":"gen9vgc2023regulationc-1845967963","p1":"peytoncookie","p2":"Ruben1452","format":"[Gen 9] VGC 2023 Regulation C","log":"|j|\u2606peytoncookie\n|j|\u2606Ruben1452\n|t:|1681785117\n|gametype|doubles\n|player|p1|peytoncookie|ninjaboy|1185\n|player|p2|Ruben1452|lucas|1185\n|teamsize|p1|6\n|teamsize|p2|6\n|gen|9\n|tier|[Gen 9] VGC 2023 Regulation C\n|rated|\n|rule|Species Clause: Limit one of each Pok\u00e9mon\n|rule|Item Clause: Limit one of each item\n|clearpoke\n|poke|p1|Gothitelle, L50, M|\n|poke|p1|Scream Tail, L50|\n|poke|p1|Arcanine, L50, M|\n|poke|p1|Ting-Lu, L50|\n|poke|p1|Flutter Mane, L50|\n|poke|p1|Palafin, L50, F|\n|poke|p2|Arcanine, L50, M|\n|poke|p2|Amoonguss, L50, M|\n|poke|p2|Dragonite, L50, F|\n|poke|p2|Flutter Mane, L50|\n|poke|p2|Gastrodon-East, L50, M|\n|poke|p2|Iron Hands, L50|\n|teampreview|4\n|inactive|Battle timer is ON: inactive players will automatically lose when time's up. (requested by Ruben1452)\npeytoncookie has agreed to open team sheets.\nRuben1452 has agreed to open team sheets.\n|inactive|peytoncookie has 60 seconds left.\n|inactive|Ruben1452 has 60 seconds left.\n|inactive|Ruben1452 has 30 seconds left.\n|inactive|Ruben1452 has 20 seconds left.\n|inactive|Ruben1452 has 15 seconds left.\n|inactive|Ruben1452 has 10 seconds left.\n|inactive|Ruben1452 has 5 seconds left.\n|\n|t:|1681785205\n|start\n|switch|p1a: Arcanine|Arcanine, L50, M, shiny|100\/100\n|switch|p1b: Scream Tail|Scream Tail, L50, shiny|100\/100\n|switch|p2a: Amoonguss|Amoonguss, L50, M|100\/100\n|switch|p2b: Iron Hands|Iron Hands, L50|100\/100\n|-ability|p1a: Arcanine|Intimidate|boost\n|-unboost|p2a: Amoonguss|atk|1\n|-unboost|p2b: Iron Hands|atk|1\n|-enditem|p1b: Scream Tail|Booster Energy\n|-activate|p1b: Scream Tail|ability: Protosynthesis|[fromitem]\n|-start|p1b: Scream Tail|protosynthesisspe\n|turn|1\n|\n|t:|1681785219\n|move|p1b: Scream Tail|Protect|p1b: Scream Tail\n|-singleturn|p1b: Scream Tail|Protect\n|move|p1a: Arcanine|Protect|p1a: Arcanine\n|-singleturn|p1a: Arcanine|Protect\n|move|p2b: Iron Hands|Fake Out|p1a: Arcanine\n|-activate|p1a: Arcanine|move: Protect\n|move|p2a: Amoonguss|Spore|p1b: Scream Tail\n|-activate|p1b: Scream Tail|move: Protect\n|\n|upkeep\n|turn|2\n|inactive|Ruben1452 has 30 seconds left.\n|\n|t:|1681785247\n|-end|p2b: Iron Hands|Quark Drive|[silent]\n|switch|p2b: Gastrodon|Gastrodon-East, L50, M|100\/100\n|move|p1b: Scream Tail|Disable|p2a: Amoonguss\n|-start|p2a: Amoonguss|Disable|Spore\n|move|p1a: Arcanine|Will-O-Wisp|p2b: Gastrodon\n|-status|p2b: Gastrodon|brn\n|cant|p2a: Amoonguss|Disable|Spore\n|\n|-damage|p2b: Gastrodon|94\/100 brn|[from] brn\n|upkeep\n|turn|3\n|inactive|Ruben1452 has 30 seconds left.\n|\n|t:|1681785275\n|switch|p2a: Iron Hands|Iron Hands, L50|100\/100\n|-terastallize|p1a: Arcanine|Water\n|move|p1b: Scream Tail|Perish Song|p1b: Scream Tail\n|-start|p1a: Arcanine|perish3|[silent]\n|-start|p1b: Scream Tail|perish3|[silent]\n|-start|p2a: Iron Hands|perish3|[silent]\n|-start|p2b: Gastrodon|perish3|[silent]\n|-fieldactivate|move: Perish Song\n|move|p1a: Arcanine|Flare Blitz|p2a: Iron Hands\n|-damage|p2a: Iron Hands|69\/100\n|-damage|p1a: Arcanine|88\/100|[from] Recoil\n|move|p2b: Gastrodon|Earth Power|p1a: Arcanine\n|-damage|p1a: Arcanine|47\/100\n|\n|-heal|p2b: Gastrodon|100\/100 brn|[from] item: Leftovers\n|-damage|p2b: Gastrodon|94\/100 brn|[from] brn\n|-start|p1b: Scream Tail|perish3\n|-start|p1a: Arcanine|perish3\n|-start|p2a: Iron Hands|perish3\n|-start|p2b: Gastrodon|perish3\n|upkeep\n|turn|4\n|\n|t:|1681785299\n|switch|p1a: Gothitelle|Gothitelle, L50, M|100\/100\n|switch|p2b: Amoonguss|Amoonguss, L50, M|100\/100\n|move|p1b: Scream Tail|Disable||[still]\n|-fail|p1b: Scream Tail\n|move|p2a: Iron Hands|Volt Switch|p1a: Gothitelle\n|-damage|p1a: Gothitelle|90\/100\n|\n|t:|1681785317\n|-end|p2a: Iron Hands|Quark Drive|[silent]\n|switch|p2a: Gastrodon|Gastrodon-East, L50, M|94\/100 brn|[from] Volt Switch\n|\n|-heal|p2a: Gastrodon|100\/100 brn|[from] item: Leftovers\n|-damage|p2a: Gastrodon|94\/100 brn|[from] brn\n|-start|p1b: Scream Tail|perish2\n|upkeep\n|turn|5\n|\n|t:|1681785334\n|move|p1a: Gothitelle|Fake Out|p2b: Amoonguss\n|-damage|p2b: Amoonguss|96\/100\n|move|p1b: Scream Tail|Perish Song|p1b: Scream Tail\n|-start|p1a: Gothitelle|perish3|[silent]\n|-start|p2a: Gastrodon|perish3|[silent]\n|-start|p2b: Amoonguss|perish3|[silent]\n|-fieldactivate|move: Perish Song\n|move|p2a: Gastrodon|Earth Power|p1a: Gothitelle\n|-crit|p1a: Gothitelle\n|-damage|p1a: Gothitelle|45\/100\n|-enditem|p1a: Gothitelle|Sitrus Berry|[eat]\n|-heal|p1a: Gothitelle|70\/100|[from] item: Sitrus Berry\n|cant|p2b: Amoonguss|flinch\n|\n|-heal|p2a: Gastrodon|100\/100 brn|[from] item: Leftovers\n|-damage|p2a: Gastrodon|94\/100 brn|[from] brn\n|-start|p1b: Scream Tail|perish1\n|-start|p1a: Gothitelle|perish3\n|-start|p2a: Gastrodon|perish3\n|-start|p2b: Amoonguss|perish3\n|upkeep\n|turn|6\n|\n|t:|1681785358\n|-end|p1b: Scream Tail|Protosynthesis|[silent]\n|switch|p1b: Arcanine|Arcanine, L50, M, shiny, tera:Water|47\/100\n|-ability|p1b: Arcanine|Intimidate|boost\n|-unboost|p2a: Gastrodon|atk|1\n|-unboost|p2b: Amoonguss|atk|1\n|move|p1a: Gothitelle|Protect|p1a: Gothitelle\n|-singleturn|p1a: Gothitelle|Protect\n|move|p2b: Amoonguss|Rage Powder|p2b: Amoonguss\n|-singleturn|p2b: Amoonguss|move: Rage Powder\n|move|p2a: Gastrodon|Earth Power|p1a: Gothitelle\n|-activate|p1a: Gothitelle|move: Protect\n|\n|-heal|p2a: Gastrodon|100\/100 brn|[from] item: Leftovers\n|-damage|p2a: Gastrodon|94\/100 brn|[from] brn\n|-start|p1a: Gothitelle|perish2\n|-start|p2a: Gastrodon|perish2\n|-start|p2b: Amoonguss|perish2\n|upkeep\n|turn|7\n|\n|t:|1681785391\n|move|p1b: Arcanine|Flare Blitz|p2b: Amoonguss\n|-supereffective|p2b: Amoonguss\n|-damage|p2b: Amoonguss|22\/100\n|-enditem|p2b: Amoonguss|Sitrus Berry|[eat]\n|-heal|p2b: Amoonguss|47\/100|[from] item: Sitrus Berry\n|-damage|p1b: Arcanine|18\/100|[from] Recoil\n|move|p1a: Gothitelle|Heal Pulse|p1b: Arcanine\n|-heal|p1b: Arcanine|69\/100\n|move|p2a: Gastrodon|Earth Power|p1b: Arcanine\n|-damage|p1b: Arcanine|29\/100\n|move|p2b: Amoonguss|Pollen Puff|p2a: Gastrodon\n|-heal|p2a: Gastrodon|100\/100 brn\n|\n|-damage|p2a: Gastrodon|94\/100 brn|[from] brn\n|-start|p1a: Gothitelle|perish1\n|-start|p2a: Gastrodon|perish1\n|-start|p2b: Amoonguss|perish1\n|upkeep\n|turn|8\n|\n|t:|1681785415\n|switch|p1a: Scream Tail|Scream Tail, L50, shiny|100\/100\n|move|p1b: Arcanine|Protect|p1b: Arcanine\n|-singleturn|p1b: Arcanine|Protect\n|move|p2b: Amoonguss|Rage Powder|p2b: Amoonguss\n|-singleturn|p2b: Amoonguss|move: Rage Powder\n|move|p2a: Gastrodon|Earth Power|p1b: Arcanine\n|-activate|p1b: Arcanine|move: Protect\n|\n|-heal|p2a: Gastrodon|100\/100 brn|[from] item: Leftovers\n|-damage|p2a: Gastrodon|94\/100 brn|[from] brn\n|-start|p2a: Gastrodon|perish0\n|-start|p2b: Amoonguss|perish0\n|faint|p2a: Gastrodon\n|faint|p2b: Amoonguss\n|upkeep\n|\n|t:|1681785423\n|switch|p2a: Dragonite|Dragonite, L50, F|100\/100\n|switch|p2b: Iron Hands|Iron Hands, L50|69\/100\n|turn|9\n|\n|t:|1681785443\n|switch|p1b: Flutter Mane|Flutter Mane, L50|100\/100\n|move|p1a: Scream Tail|Protect|p1a: Scream Tail\n|-singleturn|p1a: Scream Tail|Protect\n|move|p2b: Iron Hands|Fake Out|p1b: Flutter Mane\n|-immune|p1b: Flutter Mane\n|move|p2a: Dragonite|Rock Slide|p1b: Flutter Mane|[spread] p1b\n|-activate|p1a: Scream Tail|move: Protect\n|-damage|p1b: Flutter Mane|52\/100\n|\n|upkeep\n|turn|10\n|\n|t:|1681785464\n|-terastallize|p2b: Iron Hands|Grass\n|move|p1b: Flutter Mane|Moonblast|p2a: Dragonite\n|-supereffective|p2a: Dragonite\n|-damage|p2a: Dragonite|54\/100\n|move|p1a: Scream Tail|Perish Song|p1a: Scream Tail\n|-start|p1a: Scream Tail|perish3|[silent]\n|-start|p1b: Flutter Mane|perish3|[silent]\n|-start|p2a: Dragonite|perish3|[silent]\n|-start|p2b: Iron Hands|perish3|[silent]\n|-fieldactivate|move: Perish Song\n|move|p2a: Dragonite|Rock Slide|p1a: Scream Tail|[spread] p1a,p1b\n|-damage|p1a: Scream Tail|83\/100\n|-damage|p1b: Flutter Mane|6\/100\n|move|p2b: Iron Hands|Wild Charge|p1a: Scream Tail\n|-damage|p1a: Scream Tail|39\/100\n|-damage|p2b: Iron Hands|58\/100|[from] Recoil\n|\n|-start|p1b: Flutter Mane|perish3\n|-start|p1a: Scream Tail|perish3\n|-start|p2a: Dragonite|perish3\n|-start|p2b: Iron Hands|perish3\n|upkeep\n|turn|11\n|inactive|peytoncookie has 30 seconds left.\n|\n|t:|1681785490\n|move|p1a: Scream Tail|Protect|p1a: Scream Tail\n|-singleturn|p1a: Scream Tail|Protect\n|move|p2a: Dragonite|Protect|p2a: Dragonite\n|-singleturn|p2a: Dragonite|Protect\n|move|p1b: Flutter Mane|Moonblast|p2a: Dragonite\n|-activate|p2a: Dragonite|move: Protect\n|move|p2b: Iron Hands|Volt Switch|p1b: Flutter Mane\n|-damage|p1b: Flutter Mane|0 fnt\n|faint|p1b: Flutter Mane\n|-end|p1b: Flutter Mane|Protosynthesis|[silent]\n|\n|-start|p1a: Scream Tail|perish2\n|-start|p2a: Dragonite|perish2\n|-start|p2b: Iron Hands|perish2\n|upkeep\n|\n|t:|1681785505\n|switch|p1b: Gothitelle|Gothitelle, L50, M|70\/100\n|turn|12\n|\n|t:|1681785525\n|move|p1b: Gothitelle|Fake Out|p2a: Dragonite\n|-damage|p2a: Dragonite|48\/100\n|move|p1a: Scream Tail|Disable|p2b: Iron Hands\n|-start|p2b: Iron Hands|Disable|Volt Switch\n|cant|p2a: Dragonite|flinch\n|move|p2b: Iron Hands|Wild Charge|p1a: Scream Tail\n|-crit|p1a: Scream Tail\n|-damage|p1a: Scream Tail|0 fnt\n|faint|p1a: Scream Tail\n|-end|p1a: Scream Tail|Protosynthesis|[silent]\n|-damage|p2b: Iron Hands|49\/100|[from] Recoil\n|\n|-start|p2a: Dragonite|perish1\n|-start|p2b: Iron Hands|perish1\n|upkeep\n|\n|t:|1681785538\n|switch|p1a: Arcanine|Arcanine, L50, M, shiny, tera:Water|29\/100\n|-ability|p1a: Arcanine|Intimidate|boost\n|-unboost|p2a: Dragonite|atk|1\n|-unboost|p2b: Iron Hands|atk|1\n|turn|13\n|\n|t:|1681785545\n|move|p1a: Arcanine|Protect|p1a: Arcanine\n|-singleturn|p1a: Arcanine|Protect\n|move|p1b: Gothitelle|Protect|p1b: Gothitelle\n|-singleturn|p1b: Gothitelle|Protect\n|move|p2a: Dragonite|Rock Slide|p1b: Gothitelle|[spread] \n|-activate|p1a: Arcanine|move: Protect\n|-activate|p1b: Gothitelle|move: Protect\n|move|p2b: Iron Hands|Wild Charge|p1a: Arcanine\n|-activate|p1a: Arcanine|move: Protect\n|\n|-start|p2a: Dragonite|perish0\n|-start|p2b: Iron Hands|perish0\n|faint|p2a: Dragonite\n|faint|p2b: Iron Hands\n|-end|p2b: Iron Hands|Quark Drive|[silent]\n|\n|win|peytoncookie\n|upkeep\n|raw|peytoncookie's rating: 1185 → 1210<\/strong> (+25 for winning)\n|raw|Ruben1452's rating: 1185 → 1160<\/strong> (-25 for losing)\n|l|\u2606Ruben1452\n","uploadtime":1681786044,"views":11,"p1id":"peytoncookie","p2id":"ruben1452","formatid":"gen9vgc2023regulationc","rating":1160,"private":0,"password":""}