{"id":"gen9vgc2023regulationc-1860831376","p1":"slimejrlegit","p2":"Elforasterotraidor","format":"[Gen 9] VGC 2023 Regulation C","log":"|j|\u2606slimejrlegit\n|j|\u2606Elforasterotraidor\n|t:|1683683224\n|gametype|doubles\n|player|p1|slimejrlegit|169|1412\n|player|p2|Elforasterotraidor|riley|1506\n|teamsize|p1|6\n|teamsize|p2|6\n|gen|9\n|tier|[Gen 9] VGC 2023 Regulation C\n|rated|\n|rule|Species Clause: Limit one of each Pok\u00e9mon\n|rule|Item Clause: Limit one of each item\n|clearpoke\n|poke|p1|Abomasnow, L50, F|\n|poke|p1|Iron Bundle, L50|\n|poke|p1|Garchomp, L50, M|\n|poke|p1|Chien-Pao, L50|\n|poke|p1|Flutter Mane, L50|\n|poke|p1|Iron Valiant, L50|\n|poke|p2|Dragonite, L50, M|\n|poke|p2|Flamigo, L50, M|\n|poke|p2|Flutter Mane, L50|\n|poke|p2|Salazzle, L50, F|\n|poke|p2|Tauros-Paldea-Aqua, L50, M|\n|poke|p2|Cryogonal, L50|\n|teampreview|4\n|\n|t:|1683683251\n|start\n|switch|p1a: Jet Jaguar|Iron Valiant, L50|100\/100\n|switch|p1b: GIGANNNNN|Garchomp, L50, M|100\/100\n|switch|p2a: Tauros|Tauros-Paldea-Aqua, L50, M, shiny|100\/100\n|switch|p2b: Cryogonal|Cryogonal, L50, shiny|100\/100\n|turn|1\n|\n|t:|1683683300\n|-terastallize|p1b: GIGANNNNN|Fire\n|-terastallize|p2a: Tauros|Steel\n|move|p1b: GIGANNNNN|Stomping Tantrum|p2a: Tauros\n|-supereffective|p2a: Tauros\n|-damage|p2a: Tauros|0 fnt\n|faint|p2a: Tauros\n|move|p2b: Cryogonal|Frost Breath|p2: Tauros|[notarget]\n|-fail|p2b: Cryogonal\n|move|p1a: Jet Jaguar|Moonblast|p2b: Cryogonal\n|-crit|p2b: Cryogonal\n|-damage|p2b: Cryogonal|39\/100\n|-unboost|p2b: Cryogonal|spa|1\n|\n|upkeep\n|inactive|Battle timer is ON: inactive players will automatically lose when time's up. (requested by slimejrlegit)\n|\n|t:|1683683319\n|switch|p2a: Salazzle|Salazzle, L50, F, shiny|100\/100\n|-item|p2a: Salazzle|Air Balloon\n|turn|2\n|\n|t:|1683683332\n|switch|p1b: Biollante|Abomasnow, L50, F|100\/100\n|-weather|Snow|[from] ability: Snow Warning|[of] p1b: Biollante\n|move|p2a: Salazzle|Fake Out|p1a: Jet Jaguar\n|-damage|p1a: Jet Jaguar|92\/100\n|move|p2b: Cryogonal|Icy Wind|p1b: Biollante|[spread] p1a,p1b\n|-damage|p1a: Jet Jaguar|73\/100\n|-damage|p1b: Biollante|91\/100\n|-unboost|p1a: Jet Jaguar|spe|1\n|-unboost|p1b: Biollante|spe|1\n|cant|p1a: Jet Jaguar|flinch\n|\n|-weather|Snow|[upkeep]\n|upkeep\n|turn|3\n|inactive|Elforasterotraidor has 30 seconds left.\n|\n|t:|1683683357\n|move|p2a: Salazzle|Flamethrower|p1b: Biollante\n|-supereffective|p1b: Biollante\n|-damage|p1b: Biollante|0 fnt\n|faint|p1b: Biollante\n|move|p2b: Cryogonal|Frost Breath|p1a: Jet Jaguar\n|-crit|p1a: Jet Jaguar\n|-damage|p1a: Jet Jaguar|12\/100\n|move|p1a: Jet Jaguar|Destiny Bond|p1a: Jet Jaguar\n|-singlemove|p1a: Jet Jaguar|Destiny Bond\n|\n|-weather|Snow|[upkeep]\n|upkeep\n|\n|t:|1683683363\n|switch|p1b: Firing Maser\u2026|Iron Bundle, L50|100\/100\n|-enditem|p1b: Firing Maser\u2026|Booster Energy\n|-activate|p1b: Firing Maser\u2026|ability: Quark Drive|[fromitem]\n|-start|p1b: Firing Maser\u2026|quarkdrivespe\n|turn|4\n|inactive|Elforasterotraidor has 30 seconds left.\n|\n|t:|1683683389\n|move|p1b: Firing Maser\u2026|Protect|p1b: Firing Maser\u2026\n|-singleturn|p1b: Firing Maser\u2026|Protect\n|move|p2a: Salazzle|Flamethrower|p1b: Firing Maser\u2026\n|-activate|p1b: Firing Maser\u2026|move: Protect\n|move|p2b: Cryogonal|Icy Wind|p1a: Jet Jaguar|[spread] p1a\n|-activate|p1b: Firing Maser\u2026|move: Protect\n|-damage|p1a: Jet Jaguar|0 fnt\n|faint|p1a: Jet Jaguar\n|-activate|p1a: Jet Jaguar|move: Destiny Bond\n|-end|p1a: Jet Jaguar|Quark Drive|[silent]\n|faint|p2b: Cryogonal\n|\n|-weather|Snow|[upkeep]\n|upkeep\n|\n|t:|1683683406\n|switch|p2b: Flamigo|Flamigo, L50, M, shiny|100\/100\n|switch|p1a: GIGANNNNN|Garchomp, L50, M, tera:Fire|100\/100\n|-copyboost|p2b: Flamigo|p2a: Salazzle|[from] ability: Costar\n|turn|5\n|\n|t:|1683683428\n|move|p1b: Firing Maser\u2026|Freeze-Dry|p2a: Salazzle\n|-resisted|p2a: Salazzle\n|-damage|p2a: Salazzle|69\/100\n|-enditem|p2a: Salazzle|Air Balloon\n|move|p1a: GIGANNNNN|Dragon Claw|p2a: Salazzle\n|-damage|p2a: Salazzle|0 fnt\n|faint|p2a: Salazzle\n|move|p2b: Flamigo|Close Combat|p1a: GIGANNNNN\n|-damage|p1a: GIGANNNNN|41\/100\n|-unboost|p2b: Flamigo|def|1\n|-unboost|p2b: Flamigo|spd|1\n|-damage|p2b: Flamigo|88\/100|[from] ability: Rough Skin|[of] p1a: GIGANNNNN\n|\n|-weather|Snow|[upkeep]\n|upkeep\n|turn|6\n|c|\u2606slimejrlegit|Gg\n|\n|t:|1683683448\n|move|p2b: Flamigo|Feint|p1a: GIGANNNNN\n|-damage|p1a: GIGANNNNN|31\/100\n|move|p1b: Firing Maser\u2026|Blizzard|p2b: Flamigo\n|-supereffective|p2b: Flamigo\n|-damage|p2b: Flamigo|0 fnt\n|faint|p2b: Flamigo\n|\n|win|slimejrlegit\n|raw|slimejrlegit's rating: 1412 → 1437<\/strong> (+25 for winning)\n|raw|Elforasterotraidor's rating: 1506 → 1481<\/strong> (-25 for losing)\n|l|\u2606Elforasterotraidor\n","uploadtime":1683683667,"views":12,"p1id":"slimejrlegit","p2id":"elforasterotraidor","formatid":"gen9vgc2023regulationc","rating":1437,"private":0,"password":""}