{"id":"gen9vgc2023regulationc-1862049893","p1":"TogoVGC","p2":"EldyOnetrick","format":"[Gen 9] VGC 2023 Regulation C","log":"|j|\u2606TogoVGC\n|j|\u2606EldyOnetrick\n|t:|1683832081\n|gametype|doubles\n|player|p1|TogoVGC|petrel|1243\n|player|p2|EldyOnetrick|scientist-gen4dp|1294\n|teamsize|p1|6\n|teamsize|p2|6\n|gen|9\n|tier|[Gen 9] VGC 2023 Regulation C\n|rated|\n|rule|Species Clause: Limit one of each Pok\u00e9mon\n|rule|Item Clause: Limit one of each item\n|clearpoke\n|poke|p1|Iron Moth, L50|\n|poke|p1|Sandy Shocks, L50|\n|poke|p1|Scizor, L50, M|\n|poke|p1|Iron Valiant, L50|\n|poke|p1|Gyarados, L50, F|\n|poke|p1|Chien-Pao, L50|\n|poke|p2|Iron Moth, L50|\n|poke|p2|Roaring Moon, L50|\n|poke|p2|Glimmora, L50, F|\n|poke|p2|Baxcalibur, L50, F|\n|poke|p2|Rotom-Wash, L50|\n|poke|p2|Talonflame, L50, M|\n|teampreview|4\n|inactive|Battle timer is ON: inactive players will automatically lose when time's up. (requested by EldyOnetrick)\n|\n|t:|1683832151\n|start\n|switch|p1a: Scizor|Scizor, L50, M|100\/100\n|switch|p1b: Gyarados|Gyarados, L50, F|100\/100\n|switch|p2a: Talonflame|Talonflame, L50, M|100\/100\n|switch|p2b: Glimmora|Glimmora, L50, F|100\/100\n|-ability|p1b: Gyarados|Intimidate|boost\n|-unboost|p2a: Talonflame|atk|1\n|-unboost|p2b: Glimmora|atk|1\n|turn|1\n|inactive|EldyOnetrick has 30 seconds left.\n|\n|t:|1683832178\n|-terastallize|p1a: Scizor|Fire\n|move|p2a: Talonflame|Tailwind|p2a: Talonflame\n|-sidestart|p2: EldyOnetrick|move: Tailwind\n|move|p2b: Glimmora|Energy Ball|p1b: Gyarados\n|-damage|p1b: Gyarados|78\/100\n|move|p1b: Gyarados|Thunder Wave|p2b: Glimmora\n|-status|p2b: Glimmora|par\n|move|p1a: Scizor|Tailwind|p1a: Scizor\n|-sidestart|p1: TogoVGC|move: Tailwind\n|\n|upkeep\n|turn|2\n|\n|t:|1683832200\n|move|p2a: Talonflame|Will-O-Wisp|p1b: Gyarados\n|-status|p1b: Gyarados|brn\n|move|p1b: Gyarados|Waterfall|p2b: Glimmora\n|-supereffective|p2b: Glimmora\n|-damage|p2b: Glimmora|63\/100 par\n|-activate|p2b: Glimmora|ability: Toxic Debris\n|-sidestart|p1: TogoVGC|move: Toxic Spikes\n|move|p1a: Scizor|U-turn|p2a: Talonflame\n|-resisted|p2a: Talonflame\n|-damage|p2a: Talonflame|85\/100\n|\n|t:|1683832210\n|switch|p1a: Sandy Shocks|Sandy Shocks, L50|100\/100|[from] U-turn\n|-enditem|p1a: Sandy Shocks|Booster Energy\n|-activate|p1a: Sandy Shocks|ability: Protosynthesis|[fromitem]\n|-start|p1a: Sandy Shocks|protosynthesisspe\n|-status|p1a: Sandy Shocks|psn\n|cant|p2b: Glimmora|flinch\n|\n|-damage|p1a: Sandy Shocks|88\/100 psn|[from] psn\n|-damage|p1b: Gyarados|71\/100 brn|[from] brn\n|upkeep\n|turn|3\n|\n|t:|1683832234\n|switch|p1b: Scizor|Scizor, L50, M, tera:Fire|100\/100\n|-status|p1b: Scizor|psn\n|-terastallize|p2b: Glimmora|Grass\n|move|p2a: Talonflame|Protect|p2a: Talonflame\n|-singleturn|p2a: Talonflame|Protect\n|move|p1a: Sandy Shocks|Thunderbolt|p2a: Talonflame\n|-activate|p2a: Talonflame|move: Protect\n|move|p2b: Glimmora|Earth Power|p1a: Sandy Shocks\n|-supereffective|p1a: Sandy Shocks\n|-damage|p1a: Sandy Shocks|24\/100 psn\n|\n|-damage|p1a: Sandy Shocks|12\/100 psn|[from] psn\n|-damage|p1b: Scizor|88\/100 psn|[from] psn\n|upkeep\n|turn|4\n|inactive|EldyOnetrick has 30 seconds left.\n|\n|t:|1683832261\n|switch|p2a: Rotom|Rotom-Wash, L50|100\/100\n|move|p1a: Sandy Shocks|Thunderbolt|p2a: Rotom\n|-damage|p2a: Rotom|66\/100\n|move|p1b: Scizor|U-turn|p2b: Glimmora\n|-supereffective|p2b: Glimmora\n|-damage|p2b: Glimmora|0 fnt\n|-activate|p2b: Glimmora|ability: Toxic Debris\n|-sidestart|p1: TogoVGC|move: Toxic Spikes\n|faint|p2b: Glimmora\n|\n|t:|1683832273\n|switch|p1b: Chien-Pao|Chien-Pao, L50|100\/100|[from] U-turn\n|-status|p1b: Chien-Pao|tox\n|-ability|p1b: Chien-Pao|Sword of Ruin\n|\n|-damage|p1a: Sandy Shocks|0 fnt|[from] psn\n|faint|p1a: Sandy Shocks\n|-end|p1a: Sandy Shocks|Protosynthesis|[silent]\n|-damage|p1b: Chien-Pao|94\/100 tox|[from] psn\n|-sideend|p2: EldyOnetrick|move: Tailwind\n|-sideend|p1: TogoVGC|move: Tailwind\n|upkeep\n|\n|t:|1683832293\n|switch|p1a: Gyarados|Gyarados, L50, F|71\/100 brn\n|switch|p2b: Talonflame|Talonflame, L50, M|85\/100\n|-ability|p1a: Gyarados|Intimidate|boost\n|-unboost|p2a: Rotom|atk|1\n|-unboost|p2b: Talonflame|atk|1\n|turn|5\n|inactive|TogoVGC has 30 seconds left.\n|inactive|EldyOnetrick has 30 seconds left.\n|\n|t:|1683832322\n|move|p2b: Talonflame|Will-O-Wisp|p1b: Chien-Pao|[miss]\n|-miss|p2b: Talonflame|p1b: Chien-Pao\n|move|p1b: Chien-Pao|Throat Chop|p2b: Talonflame\n|-damage|p2b: Talonflame|6\/100\n|-start|p2b: Talonflame|Throat Chop|[silent]\n|move|p1a: Gyarados|Waterfall|p2b: Talonflame\n|-supereffective|p2b: Talonflame\n|-damage|p2b: Talonflame|0 fnt\n|faint|p2b: Talonflame\n|move|p2a: Rotom|Volt Switch|p1a: Gyarados\n|-supereffective|p1a: Gyarados\n|-damage|p1a: Gyarados|0 fnt\n|faint|p1a: Gyarados\n|\n|t:|1683832334\n|switch|p2a: Iron Moth|Iron Moth, L50|100\/100|[from] Volt Switch\n|\n|-damage|p1b: Chien-Pao|82\/100 tox|[from] psn\n|upkeep\n|\n|t:|1683832338\n|switch|p2b: Rotom|Rotom-Wash, L50|66\/100\n|switch|p1a: Scizor|Scizor, L50, M, tera:Fire|88\/100 psn\n|turn|6\n|\n|t:|1683832348\n|move|p1a: Scizor|Protect|p1a: Scizor\n|-singleturn|p1a: Scizor|Protect\n|move|p1b: Chien-Pao|Throat Chop|p2a: Iron Moth\n|-damage|p2a: Iron Moth|16\/100\n|-start|p2a: Iron Moth|Throat Chop|[silent]\n|move|p2a: Iron Moth|Overheat|p1b: Chien-Pao|[miss]\n|-miss|p2a: Iron Moth|p1b: Chien-Pao\n|move|p2b: Rotom|Hydro Pump|p1a: Scizor\n|-activate|p1a: Scizor|move: Protect\n|\n|-damage|p1b: Chien-Pao|63\/100 tox|[from] psn\n|-damage|p1a: Scizor|76\/100 psn|[from] psn\n|upkeep\n|turn|7\n|\n|t:|1683832364\n|move|p1a: Scizor|Bullet Punch|p2a: Iron Moth\n|-resisted|p2a: Iron Moth\n|-damage|p2a: Iron Moth|0 fnt\n|faint|p2a: Iron Moth\n|-end|p2a: Iron Moth|Quark Drive|[silent]\n|move|p1b: Chien-Pao|Throat Chop|p2b: Rotom\n|-damage|p2b: Rotom|11\/100\n|-start|p2b: Rotom|Throat Chop|[silent]\n|-enditem|p2b: Rotom|Sitrus Berry|[eat]\n|-heal|p2b: Rotom|36\/100|[from] item: Sitrus Berry\n|move|p2b: Rotom|Hydro Pump|p1b: Chien-Pao|[miss]\n|-miss|p2b: Rotom|p1b: Chien-Pao\n|\n|-damage|p1b: Chien-Pao|38\/100 tox|[from] psn\n|-damage|p1a: Scizor|64\/100 psn|[from] psn\n|upkeep\n|turn|8\n|c|\u2606EldyOnetrick|bro\n|c|\u2606EldyOnetrick|two misses in a row\n|inactive|TogoVGC has 30 seconds left.\n|c|\u2606EldyOnetrick|bro\n|inactive|TogoVGC has 20 seconds left.\n|inactive|TogoVGC has 15 seconds left.\n|inactive|TogoVGC has 10 seconds left.\n|c|\u2606EldyOnetrick|At this point I'm gonna turn to Lopunny only runs of Infinite Fusion very quickly\n|\n|t:|1683832414\n|move|p1a: Scizor|Bullet Punch|p2b: Rotom\n|-resisted|p2b: Rotom\n|-damage|p2b: Rotom|24\/100\n|move|p1b: Chien-Pao|Throat Chop|p2b: Rotom\n|-damage|p2b: Rotom|0 fnt\n|faint|p2b: Rotom\n|\n|win|TogoVGC\n|raw|TogoVGC's rating: 1243 → 1272<\/strong> (+29 for winning)\n|raw|EldyOnetrick's rating: 1294 → 1265<\/strong> (-29 for losing)\n","uploadtime":1683832433,"views":9,"p1id":"togovgc","p2id":"eldyonetrick","formatid":"gen9vgc2023regulationc","rating":1265,"private":0,"password":""}