{"id":"gen9vgc2023regulationc-1846711460","p1":"Kuriboh448","p2":"Gill x Mayhem","format":"[Gen 9] VGC 2023 Regulation C","log":"|j|\u2606Kuriboh448\n|j|\u2606Gill x Mayhem\n|t:|1681868819\n|gametype|doubles\n|player|p1|Kuriboh448|102|\n|player|p2|Gill x Mayhem|1|\n|teamsize|p1|6\n|teamsize|p2|6\n|gen|9\n|tier|[Gen 9] VGC 2023 Regulation C\n|rule|Species Clause: Limit one of each Pok\u00e9mon\n|rule|Item Clause: Limit one of each item\n|clearpoke\n|poke|p1|Iron Bundle, L50|\n|poke|p1|Corviknight, L50, M|\n|poke|p1|Abomasnow, L50, M|\n|poke|p1|Garchomp, L50, F|\n|poke|p1|Chi-Yu, L50|\n|poke|p1|Flutter Mane, L50|\n|poke|p2|Chien-Pao, L50|\n|poke|p2|Dragonite, L50, F|\n|poke|p2|Farigiraf, L50, F|\n|poke|p2|Annihilape, L50, M|\n|poke|p2|Amoonguss, L50, F|\n|poke|p2|Iron Hands, L50|\n|teampreview|4\nGill x Mayhem has agreed to open team sheets.\nKuriboh448 has agreed to open team sheets.\n|c|\u2606Kuriboh448|G1\n|c|\u2606Gill x Mayhem|Good Luck!\n|\n|t:|1681868900\n|start\n|switch|p1a: Iron Bundle|Iron Bundle, L50|100\/100\n|switch|p1b: Flutter Mane|Flutter Mane, L50|100\/100\n|switch|p2a: Chien-Pao|Chien-Pao, L50|100\/100\n|switch|p2b: Dragonite|Dragonite, L50, F|100\/100\n|-ability|p2a: Chien-Pao|Sword of Ruin\n|-enditem|p1a: Iron Bundle|Booster Energy\n|-activate|p1a: Iron Bundle|ability: Quark Drive|[fromitem]\n|-start|p1a: Iron Bundle|quarkdrivespe\n|turn|1\n|\n|t:|1681868917\n|-terastallize|p2b: Dragonite|Normal\n|move|p2b: Dragonite|Extreme Speed|p1a: Iron Bundle\n|-damage|p1a: Iron Bundle|0 fnt\n|faint|p1a: Iron Bundle\n|-end|p1a: Iron Bundle|Quark Drive|[silent]\n|move|p2a: Chien-Pao|Sucker Punch|p1b: Flutter Mane\n|-damage|p1b: Flutter Mane|16\/100\n|move|p1b: Flutter Mane|Dazzling Gleam|p2a: Chien-Pao|[spread] p2a,p2b\n|-supereffective|p2a: Chien-Pao\n|-enditem|p2a: Chien-Pao|Focus Sash\n|-damage|p2a: Chien-Pao|1\/100\n|-damage|p2b: Dragonite|57\/100\n|\n|upkeep\n|\n|t:|1681868930\n|switch|p1a: Abomasnow|Abomasnow, L50, M|100\/100\n|-weather|Snow|[from] ability: Snow Warning|[of] p1a: Abomasnow\n|turn|2\n|\n|t:|1681868938\n|-end|p1b: Flutter Mane|Protosynthesis|[silent]\n|switch|p1b: Corviknight|Corviknight, L50, M|100\/100\n|move|p2b: Dragonite|Extreme Speed|p1a: Abomasnow\n|-damage|p1a: Abomasnow|26\/100\n|move|p2a: Chien-Pao|Sucker Punch||[still]\n|-fail|p2a: Chien-Pao\n|move|p1a: Abomasnow|Blizzard|p2b: Dragonite|[spread] p2a,p2b\n|-resisted|p2a: Chien-Pao\n|-damage|p2a: Chien-Pao|0 fnt\n|-damage|p2b: Dragonite|29\/100\n|faint|p2a: Chien-Pao\n|\n|-weather|Snow|[upkeep]\n|upkeep\n|\n|t:|1681868947\n|switch|p2a: Iron Hands|Iron Hands, L50|100\/100\n|turn|3\n|\n|t:|1681868959\n|move|p2b: Dragonite|Extreme Speed|p1a: Abomasnow\n|-damage|p1a: Abomasnow|0 fnt\n|faint|p1a: Abomasnow\n|move|p1b: Corviknight|Bulk Up|p1b: Corviknight\n|-boost|p1b: Corviknight|atk|1\n|-boost|p1b: Corviknight|def|1\n|move|p2a: Iron Hands|Thunder Punch|p1b: Corviknight\n|-supereffective|p1b: Corviknight\n|-damage|p1b: Corviknight|64\/100\n|\n|-weather|Snow|[upkeep]\n|-heal|p1b: Corviknight|70\/100|[from] item: Leftovers\n|upkeep\n|\n|t:|1681868969\n|switch|p1a: Flutter Mane|Flutter Mane, L50|16\/100\n|turn|4\n|\n|t:|1681868979\n|-terastallize|p1a: Flutter Mane|Fairy\n|move|p2b: Dragonite|Extreme Speed|p1b: Corviknight\n|-resisted|p1b: Corviknight\n|-damage|p1b: Corviknight|56\/100\n|move|p1a: Flutter Mane|Dazzling Gleam|p2b: Dragonite|[spread] p2a,p2b\n|-supereffective|p2a: Iron Hands\n|-damage|p2a: Iron Hands|17\/100\n|-damage|p2b: Dragonite|0 fnt\n|-enditem|p2a: Iron Hands|Weakness Policy\n|-boost|p2a: Iron Hands|atk|2|[from] item: Weakness Policy\n|-boost|p2a: Iron Hands|spa|2|[from] item: Weakness Policy\n|faint|p2b: Dragonite\n|move|p1b: Corviknight|Brave Bird|p2a: Iron Hands\n|-damage|p2a: Iron Hands|0 fnt\n|faint|p2a: Iron Hands\n|-end|p2a: Iron Hands|Quark Drive|[silent]\n|-damage|p1b: Corviknight|49\/100|[from] Recoil\n|\n|-weather|Snow|[upkeep]\n|-heal|p1b: Corviknight|55\/100|[from] item: Leftovers\n|upkeep\n|\n|t:|1681868996\n|switch|p2a: Annihilape|Annihilape, L50, M|100\/100\n|turn|5\n|\n|t:|1681869001\n|move|p1a: Flutter Mane|Dazzling Gleam|p2a: Annihilape\n|-supereffective|p2a: Annihilape\n|-damage|p2a: Annihilape|0 fnt\n|faint|p2a: Annihilape\n|\n|win|Kuriboh448\n|c|\u2606Gill x Mayhem|gg\n","uploadtime":1681869240,"views":9,"p1id":"kuriboh448","p2id":"gillxmayhem","formatid":"gen9vgc2023regulationc","rating":0,"private":0,"password":""}