{"id":"gen9vgc2023regulationc-1852399789","p1":"ApplinFan773","p2":"Sabosex","format":"[Gen 9] VGC 2023 Regulation C","log":"|j|\u2606ApplinFan773\n|j|\u2606Sabosex\n|t:|1682552895\n|gametype|doubles\n|player|p1|ApplinFan773|cilan|1132\n|player|p2|Sabosex|ghetsis|1151\n|teamsize|p1|6\n|teamsize|p2|6\n|gen|9\n|tier|[Gen 9] VGC 2023 Regulation C\n|rated|\n|rule|Species Clause: Limit one of each Pok\u00e9mon\n|rule|Item Clause: Limit one of each item\n|clearpoke\n|poke|p1|Maushold-Four, L50|\n|poke|p1|Flutter Mane, L50|\n|poke|p1|Scream Tail, L50|\n|poke|p1|Arboliva, L50, F|\n|poke|p1|Ceruledge, L50, M|\n|poke|p1|Salamence, L50, M|\n|poke|p2|Iron Hands, L50|\n|poke|p2|Gyarados, L50, M|\n|poke|p2|Ting-Lu, L50|\n|poke|p2|Flutter Mane, L50|\n|poke|p2|Amoonguss, L50, M|\n|poke|p2|Chi-Yu, L50|\n|teampreview|4\n|inactive|Battle timer is ON: inactive players will automatically lose when time's up. (requested by ApplinFan773)\n|c|\u2606ApplinFan773|Glhf\n|c|\u2606Sabosex|GLHF\n|\n|t:|1682552923\n|start\n|switch|p1a: Persephone|Scream Tail, L50, shiny|100\/100\n|switch|p1b: Grim Shady|Ceruledge, L50, M|100\/100\n|switch|p2a: Flutter Mane|Flutter Mane, L50|100\/100\n|switch|p2b: Iron Hands|Iron Hands, L50|100\/100\n|-enditem|p2a: Flutter Mane|Booster Energy\n|-activate|p2a: Flutter Mane|ability: Protosynthesis|[fromitem]\n|-start|p2a: Flutter Mane|protosynthesisspa\n|-enditem|p1a: Persephone|Booster Energy\n|-activate|p1a: Persephone|ability: Protosynthesis|[fromitem]\n|-start|p1a: Persephone|protosynthesisspe\n|turn|1\n|\n|t:|1682552941\n|-terastallize|p2b: Iron Hands|Fire\n|move|p2b: Iron Hands|Fake Out|p1a: Persephone\n|-damage|p1a: Persephone|87\/100\n|move|p1b: Grim Shady|Shadow Sneak|p2a: Flutter Mane\n|-supereffective|p2a: Flutter Mane\n|-damage|p2a: Flutter Mane|27\/100\n|cant|p1a: Persephone|flinch\n|move|p2a: Flutter Mane|Substitute|p2a: Flutter Mane\n|-start|p2a: Flutter Mane|Substitute\n|-damage|p2a: Flutter Mane|3\/100\n|\n|upkeep\n|turn|2\n|\n|t:|1682552961\n|-end|p2b: Iron Hands|Quark Drive|[silent]\n|switch|p2b: Gyarados|Gyarados, L50, M|100\/100\n|-ability|p2b: Gyarados|Intimidate|boost\n|-unboost|p1a: Persephone|atk|1\n|-unboost|p1b: Grim Shady|atk|1\n|move|p2a: Flutter Mane|Protect|p2a: Flutter Mane\n|-singleturn|p2a: Flutter Mane|Protect\n|move|p1b: Grim Shady|Shadow Sneak|p2a: Flutter Mane\n|-activate|p2a: Flutter Mane|move: Protect\n|move|p1a: Persephone|Misty Terrain|p1a: Persephone\n|-fieldstart|move: Misty Terrain\n|\n|upkeep\n|turn|3\n|inactive|Sabosex has 30 seconds left.\n|\n|t:|1682552991\n|move|p1b: Grim Shady|Shadow Sneak|p2a: Flutter Mane\n|-supereffective|p2a: Flutter Mane\n|-end|p2a: Flutter Mane|Substitute\n|move|p1a: Persephone|Howl|p1a: Persephone|[spread] p1a,p1b\n|-boost|p1a: Persephone|atk|1\n|-boost|p1b: Grim Shady|atk|1\n|move|p2a: Flutter Mane|Shadow Ball|p1b: Grim Shady\n|-supereffective|p1b: Grim Shady\n|-damage|p1b: Grim Shady|35\/100\n|-unboost|p1b: Grim Shady|spd|1\n|move|p2b: Gyarados|Taunt|p1a: Persephone\n|-start|p1a: Persephone|move: Taunt\n|\n|upkeep\n|turn|4\n|inactive|ApplinFan773 has 30 seconds left.\n|\n|t:|1682553022\n|-end|p1a: Persephone|Protosynthesis|[silent]\n|switch|p1a: Salami|Salamence, L50, M, shiny|100\/100\n|-ability|p1a: Salami|Intimidate|boost\n|-unboost|p2a: Flutter Mane|atk|1\n|-unboost|p2b: Gyarados|atk|1\n|move|p2a: Flutter Mane|Protect|p2a: Flutter Mane\n|-singleturn|p2a: Flutter Mane|Protect\n|move|p1b: Grim Shady|Shadow Sneak|p2a: Flutter Mane\n|-activate|p2a: Flutter Mane|move: Protect\n|move|p2b: Gyarados|Waterfall|p1b: Grim Shady\n|-supereffective|p1b: Grim Shady\n|-damage|p1b: Grim Shady|0 fnt\n|faint|p1b: Grim Shady\n|\n|upkeep\n|\n|t:|1682553041\n|switch|p1b: Myrtle|Flutter Mane, L50|100\/100\n|turn|5\n|inactive|ApplinFan773 has 30 seconds left.\n|\n|t:|1682553069\n|-end|p2a: Flutter Mane|Protosynthesis|[silent]\n|switch|p2a: Ting-Lu|Ting-Lu, L50|100\/100\n|-ability|p2a: Ting-Lu|Vessel of Ruin\n|move|p1a: Salami|Protect|p1a: Salami\n|-singleturn|p1a: Salami|Protect\n|move|p2b: Gyarados|Protect|p2b: Gyarados\n|-singleturn|p2b: Gyarados|Protect\n|move|p1b: Myrtle|Thunderbolt|p2b: Gyarados\n|-activate|p2b: Gyarados|move: Protect\n|\n|upkeep\n|turn|6\n|\n|t:|1682553084\n|switch|p2b: Iron Hands|Iron Hands, L50, tera:Fire|100\/100\n|move|p1b: Myrtle|Thunderbolt|p2b: Iron Hands\n|-crit|p2b: Iron Hands\n|-damage|p2b: Iron Hands|64\/100\n|move|p1a: Salami|Brick Break|p2a: Ting-Lu\n|-supereffective|p2a: Ting-Lu\n|-damage|p2a: Ting-Lu|71\/100\n|move|p2a: Ting-Lu|Heavy Slam|p1b: Myrtle\n|-supereffective|p1b: Myrtle\n|-damage|p1b: Myrtle|1\/100\n|\n|-fieldend|Misty Terrain\n|upkeep\n|turn|7\n|inactive|ApplinFan773 has 30 seconds left.\n|inactive|Sabosex has 30 seconds left.\n|c|\u2606Sabosex|bill\n|c|\u2606Sabosex|??\n|inactive|Sabosex has 20 seconds left.\n|inactive|Sabosex has 15 seconds left.\n|c|\u2606Sabosex|Pleas\n|inactive|Sabosex has 10 seconds left.\n|inactive|Sabosex has 5 seconds left.\n|\n|t:|1682553134\n|-end|p1b: Myrtle|Protosynthesis|[silent]\n|switch|p1b: Persephone|Scream Tail, L50, shiny|87\/100\n|move|p2b: Iron Hands|Fake Out|p1a: Salami\n|-damage|p1a: Salami|84\/100\n|cant|p1a: Salami|flinch\n|move|p2a: Ting-Lu|Heavy Slam|p1b: Persephone\n|-supereffective|p1b: Persephone\n|-damage|p1b: Persephone|29\/100\n|\n|upkeep\n|turn|8\n|\n|t:|1682553155\n|move|p1b: Persephone|Howl|p1b: Persephone|[spread] p1a,p1b\n|-boost|p1a: Salami|atk|1\n|-boost|p1b: Persephone|atk|1\n|move|p1a: Salami|Brick Break|p2a: Ting-Lu\n|-supereffective|p2a: Ting-Lu\n|-damage|p2a: Ting-Lu|29\/100\n|move|p2b: Iron Hands|Wild Charge|p1a: Salami\n|-damage|p1a: Salami|31\/100\n|-damage|p2b: Iron Hands|55\/100|[from] Recoil\n|move|p2a: Ting-Lu|Heavy Slam|p1b: Persephone\n|-supereffective|p1b: Persephone\n|-damage|p1b: Persephone|0 fnt\n|faint|p1b: Persephone\n|-end|p1b: Persephone|Protosynthesis|[silent]\n|\n|upkeep\n|\n|t:|1682553167\n|switch|p1b: Myrtle|Flutter Mane, L50|1\/100\n|turn|9\n|\n|t:|1682553190\n|switch|p2a: Gyarados|Gyarados, L50, M|100\/100\n|-ability|p2a: Gyarados|Intimidate|boost\n|-unboost|p1a: Salami|atk|1\n|-unboost|p1b: Myrtle|atk|1\n|-terastallize|p1b: Myrtle|Fairy\n|move|p1b: Myrtle|Moonblast|p2b: Iron Hands\n|-resisted|p2b: Iron Hands\n|-damage|p2b: Iron Hands|16\/100\n|move|p1a: Salami|Dragon Claw|p2a: Gyarados\n|-damage|p2a: Gyarados|59\/100\n|move|p2b: Iron Hands|Wild Charge|p1b: Myrtle\n|-damage|p1b: Myrtle|0 fnt\n|faint|p1b: Myrtle\n|-end|p1b: Myrtle|Protosynthesis|[silent]\n|-damage|p2b: Iron Hands|16\/100|[from] Recoil\n|\n|upkeep\n|turn|10\n|c|\u2606ApplinFan773|gg wp\n|inactive|ApplinFan773 has 30 seconds left.\n|\n|t:|1682553217\n|move|p1a: Salami|Dragon Claw|p2b: Iron Hands\n|-damage|p2b: Iron Hands|0 fnt\n|faint|p2b: Iron Hands\n|-end|p2b: Iron Hands|Quark Drive|[silent]\n|move|p2a: Gyarados|Thunder Wave|p1a: Salami\n|-status|p1a: Salami|par\n|\n|upkeep\n|c|\u2606Sabosex|fluter bill\n|c|\u2606Sabosex|?\n|c|\u2606Sabosex|?\n|c|\u2606Sabosex|build\n|c|\u2606Sabosex|pleas\n|inactive|Sabosex has 30 seconds left.\n|c|\u2606ApplinFan773|Bulky specs\n|inactive|Sabosex has 20 seconds left.\n|\n|t:|1682553255\n|switch|p2b: Flutter Mane|Flutter Mane, L50|3\/100\n|turn|11\n|c|\u2606Sabosex|evs?\n|c|\u2606ApplinFan773|84 HP and 252 def to live tera water mystic water jet punch from palafin\n|inactive|ApplinFan773 has 30 seconds left.\n|inactive|Sabosex has 30 seconds left.\n|c|\u2606Sabosex|nice\n|inactive|ApplinFan773 has 20 seconds left.\n|inactive|Sabosex has 20 seconds left.\n|c|\u2606ApplinFan773|I run 68 speed and timid to outspeed maushold but most people just hit 170 speed tier\n|inactive|ApplinFan773 has 15 seconds left.\n|inactive|Sabosex has 15 seconds left.\n|inactive|Sabosex has 10 seconds left.\n|\n|t:|1682553303\n|move|p2b: Flutter Mane|Moonblast|p1a: Salami\n|-supereffective|p1a: Salami\n|-damage|p1a: Salami|0 fnt\n|faint|p1a: Salami\n|\n|win|Sabosex\n|raw|ApplinFan773's rating: 1132 → 1108<\/strong> (-24 for losing)\n|raw|Sabosex's rating: 1151 → 1175<\/strong> (+24 for winning)\n|c|\u2606ApplinFan773|gg wp\n|c|\u2606Sabosex|GG\n|c|\u2606Sabosex|TY\n","uploadtime":1682553324,"views":15,"p1id":"applinfan773","p2id":"sabosex","formatid":"gen9vgc2023regulationc","rating":1108,"private":0,"password":""}