{"id":"gen9vgc2023regulationc-1856516434","p1":"LynxVGC69","p2":"PalafinPunch18","format":"[Gen 9] VGC 2023 Regulation C","log":"|j|\u2606LynxVGC69\n|j|\u2606PalafinPunch18\n|t:|1683070507\n|gametype|doubles\n|player|p1|LynxVGC69|265|1212\n|player|p2|PalafinPunch18|caitlin|1308\n|teamsize|p1|6\n|teamsize|p2|6\n|gen|9\n|tier|[Gen 9] VGC 2023 Regulation C\n|rated|\n|rule|Species Clause: Limit one of each Pok\u00e9mon\n|rule|Item Clause: Limit one of each item\n|clearpoke\n|poke|p1|Gholdengo, L50|\n|poke|p1|Annihilape, L50, M|\n|poke|p1|Dragonite, L50, F|\n|poke|p1|Scream Tail, L50|\n|poke|p1|Amoonguss, L50, M|\n|poke|p1|Iron Bundle, L50|\n|poke|p2|Amoonguss, L50, F|\n|poke|p2|Ting-Lu, L50|\n|poke|p2|Kingambit, L50, F|\n|poke|p2|Flutter Mane, L50|\n|poke|p2|Iron Hands, L50|\n|poke|p2|Arcanine, L50, M|\n|teampreview|4\n|inactive|Battle timer is ON: inactive players will automatically lose when time's up. (requested by PalafinPunch18)\n|inactive|LynxVGC69 also wants the timer to be on.\nPalafinPunch18 has agreed to open team sheets.\n|inactive|LynxVGC69 has 60 seconds left.\n|inactive|PalafinPunch18 has 60 seconds left.\n|inactive|PalafinPunch18 has 30 seconds left.\n|\n|t:|1683070577\n|start\n|switch|p1a: Annihilape|Annihilape, L50, M|100\/100\n|switch|p1b: Scream Tail|Scream Tail, L50|100\/100\n|switch|p2a: Flutter Mane|Flutter Mane, L50|100\/100\n|switch|p2b: Amoonguss|Amoonguss, L50, F|100\/100\n|-enditem|p1b: Scream Tail|Booster Energy\n|-activate|p1b: Scream Tail|ability: Protosynthesis|[fromitem]\n|-start|p1b: Scream Tail|protosynthesisspe\n|turn|1\n|inactive|LynxVGC69 has 30 seconds left.\n|\n|t:|1683070607\n|-terastallize|p1a: Annihilape|Fire\n|move|p1b: Scream Tail|Howl|p1b: Scream Tail|[spread] p1a,p1b\n|-boost|p1a: Annihilape|atk|1\n|-boost|p1b: Scream Tail|atk|1\n|move|p2a: Flutter Mane|Shadow Ball|p1a: Annihilape\n|-damage|p1a: Annihilape|43\/100\n|move|p1a: Annihilape|Rage Fist|p2a: Flutter Mane\n|-supereffective|p2a: Flutter Mane\n|-damage|p2a: Flutter Mane|0 fnt\n|faint|p2a: Flutter Mane\n|-end|p2a: Flutter Mane|Protosynthesis|[silent]\n|move|p2b: Amoonguss|Spore|p1a: Annihilape\n|-activate|p1a: Annihilape|item: Safety Goggles|Spore\n|\n|upkeep\n|\n|t:|1683070620\n|switch|p2a: Ting-Lu|Ting-Lu, L50|100\/100\n|-ability|p2a: Ting-Lu|Vessel of Ruin\n|turn|2\n|inactive|PalafinPunch18 has 30 seconds left.\n|\n|t:|1683070646\n|move|p2b: Amoonguss|Rage Powder|p2b: Amoonguss\n|-singleturn|p2b: Amoonguss|move: Rage Powder\n|move|p1b: Scream Tail|Disable|p2b: Amoonguss\n|-start|p2b: Amoonguss|Disable|Rage Powder\n|-enditem|p2b: Amoonguss|Mental Herb\n|-end|p2b: Amoonguss|Disable\n|move|p1a: Annihilape|Drain Punch|p2a: Ting-Lu\n|-supereffective|p2a: Ting-Lu\n|-damage|p2a: Ting-Lu|23\/100\n|-heal|p1a: Annihilape|86\/100|[from] drain|[of] p2a: Ting-Lu\n|move|p2a: Ting-Lu|Stomping Tantrum|p1a: Annihilape\n|-supereffective|p1a: Annihilape\n|-damage|p1a: Annihilape|24\/100\n|\n|upkeep\n|turn|3\n|inactive|PalafinPunch18 has 30 seconds left.\n|inactive|PalafinPunch18 has 20 seconds left.\n|\n|t:|1683070682\n|move|p1b: Scream Tail|Disable|p2b: Amoonguss\n|-start|p2b: Amoonguss|Disable|Rage Powder\n|move|p1a: Annihilape|Drain Punch|p2a: Ting-Lu\n|-supereffective|p2a: Ting-Lu\n|-damage|p2a: Ting-Lu|0 fnt\n|-heal|p1a: Annihilape|37\/100|[from] drain|[of] p2a: Ting-Lu\n|faint|p2a: Ting-Lu\n|move|p2b: Amoonguss|Spore|p1b: Scream Tail\n|-status|p1b: Scream Tail|slp|[from] move: Spore\n|\n|upkeep\n|\n|t:|1683070688\n|switch|p2a: Kingambit|Kingambit, L50, F, shiny|100\/100\n|turn|4\n|\n|t:|1683070709\n|-end|p1b: Scream Tail|Protosynthesis|[silent]\n|switch|p1b: Dragonite|Dragonite, L50, F|100\/100\n|-terastallize|p2a: Kingambit|Flying\n|move|p1a: Annihilape|Drain Punch|p2a: Kingambit\n|-resisted|p2a: Kingambit\n|-damage|p2a: Kingambit|77\/100\n|-heal|p1a: Annihilape|48\/100|[from] drain|[of] p2a: Kingambit\n|move|p2a: Kingambit|Swords Dance|p2a: Kingambit\n|-boost|p2a: Kingambit|atk|2\n|move|p2b: Amoonguss|Pollen Puff|p2a: Kingambit\n|-heal|p2a: Kingambit|100\/100\n|\n|upkeep\n|turn|5\n|inactive|PalafinPunch18 has 30 seconds left.\n|\n|t:|1683070735\n|move|p2a: Kingambit|Sucker Punch|p1a: Annihilape\n|-damage|p1a: Annihilape|0 fnt\n|faint|p1a: Annihilape\n|move|p1b: Dragonite|Ice Spinner|p2a: Kingambit\n|-supereffective|p2a: Kingambit\n|-damage|p2a: Kingambit|54\/100\n|move|p2b: Amoonguss|Pollen Puff|p2a: Kingambit\n|-heal|p2a: Kingambit|100\/100\n|\n|upkeep\n|\n|t:|1683070743\n|switch|p1a: Iron Bundle|Iron Bundle, L50|100\/100\n|turn|6\n|inactive|PalafinPunch18 has 30 seconds left.\n|\n|t:|1683070769\n|move|p2a: Kingambit|Protect|p2a: Kingambit\n|-singleturn|p2a: Kingambit|Protect\n|move|p1a: Iron Bundle|Freeze-Dry|p2b: Amoonguss\n|-supereffective|p2b: Amoonguss\n|-damage|p2b: Amoonguss|33\/100\n|move|p1b: Dragonite|Dragon Dance|p1b: Dragonite\n|-boost|p1b: Dragonite|atk|1\n|-boost|p1b: Dragonite|spe|1\n|move|p2b: Amoonguss|Spore|p1a: Iron Bundle\n|-status|p1a: Iron Bundle|slp|[from] move: Spore\n|\n|-end|p2b: Amoonguss|Disable\n|upkeep\n|turn|7\n|\n|t:|1683070794\n|move|p2b: Amoonguss|Rage Powder|p2b: Amoonguss\n|-singleturn|p2b: Amoonguss|move: Rage Powder\n|move|p1b: Dragonite|Ice Spinner|p2b: Amoonguss\n|-supereffective|p2b: Amoonguss\n|-damage|p2b: Amoonguss|0 fnt\n|faint|p2b: Amoonguss\n|cant|p1a: Iron Bundle|slp\n|move|p2a: Kingambit|Kowtow Cleave|p1b: Dragonite\n|-damage|p1b: Dragonite|28\/100\n|\n|upkeep\n|turn|8\n|\n|t:|1683070808\n|move|p2a: Kingambit|Sucker Punch|p1b: Dragonite\n|-damage|p1b: Dragonite|0 fnt\n|faint|p1b: Dragonite\n|cant|p1a: Iron Bundle|slp\n|\n|upkeep\n|\n|t:|1683070813\n|switch|p1b: Scream Tail|Scream Tail, L50|100\/100 slp\n|turn|9\n|\n|t:|1683070827\n|move|p2a: Kingambit|Sucker Punch|p1a: Iron Bundle\n|-damage|p1a: Iron Bundle|0 fnt\n|faint|p1a: Iron Bundle\n|-end|p1a: Iron Bundle|Quark Drive|[silent]\n|cant|p1b: Scream Tail|slp\n|\n|upkeep\n|turn|10\n|\n|t:|1683070839\n|-curestatus|p1b: Scream Tail|slp|[msg]\n|move|p1b: Scream Tail|Disable|p2a: Kingambit\n|-start|p2a: Kingambit|Disable|Sucker Punch\n|move|p2a: Kingambit|Kowtow Cleave|p1b: Scream Tail\n|-damage|p1b: Scream Tail|6\/100\n|\n|upkeep\n|turn|11\n|\n|t:|1683070849\n|move|p1b: Scream Tail|Play Rough|p2a: Kingambit\n|-damage|p2a: Kingambit|83\/100\n|move|p2a: Kingambit|Kowtow Cleave|p1b: Scream Tail\n|-damage|p1b: Scream Tail|0 fnt\n|faint|p1b: Scream Tail\n|-end|p1b: Scream Tail|Protosynthesis|[silent]\n|\n|win|PalafinPunch18\n|raw|LynxVGC69's rating: 1212 → 1194<\/strong> (-18 for losing)\n|raw|PalafinPunch18's rating: 1308 → 1323<\/strong> (+15 for winning)\n|l|\u2606LynxVGC69\n","uploadtime":1683070860,"views":7,"p1id":"lynxvgc69","p2id":"palafinpunch18","formatid":"gen9vgc2023regulationc","rating":1194,"private":0,"password":""}