{"id":"gen9vgc2023regulationc-1854977428","p1":"Bacon204","p2":"CJG727_","format":"[Gen 9] VGC 2023 Regulation C","log":"|j|\u2606Bacon204\n|j|\u2606CJG727_\n|t:|1682887024\n|gametype|doubles\n|player|p1|Bacon204|1|\n|player|p2|CJG727_|clair|\n|teamsize|p1|6\n|teamsize|p2|6\n|gen|9\n|tier|[Gen 9] VGC 2023 Regulation C\n|rule|Species Clause: Limit one of each Pok\u00e9mon\n|rule|Item Clause: Limit one of each item\n|clearpoke\n|poke|p1|Ting-Lu, L50|\n|poke|p1|Dudunsparce-*, L50, F|\n|poke|p1|Gyarados, L50, M|\n|poke|p1|Florges, L50, F|\n|poke|p1|Skeledirge, L50, F|\n|poke|p1|Tsareena, L50, F|\n|poke|p2|Scream Tail, L50|\n|poke|p2|Gothitelle, L50, M|\n|poke|p2|Hydreigon, L50, F|\n|poke|p2|Sylveon, L50, M|\n|poke|p2|Sableye, L50, M|\n|poke|p2|Mismagius, L50, M|\n|teampreview|4\n|c|\u2606CJG727_|glhf\n|c|\u2606Bacon204|u2\n|\n|t:|1682887108\n|start\n|switch|p1a: Dudunsparce|Dudunsparce, L50, F|100\/100\n|switch|p1b: Ting-Lu|Ting-Lu, L50|100\/100\n|switch|p2a: Gothitelle|Gothitelle, L50, M|100\/100\n|switch|p2b: Bertha|Hydreigon, L50, F, shiny|100\/100\n|-ability|p1b: Ting-Lu|Vessel of Ruin\n|turn|1\n|\n|t:|1682887136\n|move|p2a: Gothitelle|Fake Out|p1a: Dudunsparce\n|-damage|p1a: Dudunsparce|94\/100\n|move|p2b: Bertha|Focus Energy|p2b: Bertha\n|-start|p2b: Bertha|move: Focus Energy\n|cant|p1a: Dudunsparce|flinch\n|move|p1b: Ting-Lu|Ruination|p2b: Bertha\n|-damage|p2b: Bertha|51\/100\n|\n|upkeep\n|turn|2\n|\n|t:|1682887180\n|move|p2b: Bertha|Draco Meteor|p1a: Dudunsparce\n|-crit|p1a: Dudunsparce\n|-damage|p1a: Dudunsparce|29\/100\n|-unboost|p2b: Bertha|spa|2\n|-enditem|p1a: Dudunsparce|Sitrus Berry|[eat]\n|-heal|p1a: Dudunsparce|54\/100|[from] item: Sitrus Berry\n|move|p2a: Gothitelle|Heal Pulse|p2b: Bertha\n|-heal|p2b: Bertha|100\/100\n|move|p1a: Dudunsparce|Hyper Drill|p2b: Bertha\n|-damage|p2b: Bertha|48\/100\n|move|p1b: Ting-Lu|Throat Chop|p2a: Gothitelle\n|-supereffective|p2a: Gothitelle\n|-damage|p2a: Gothitelle|15\/100\n|-start|p2a: Gothitelle|Throat Chop|[silent]\n|-enditem|p2a: Gothitelle|Sitrus Berry|[eat]\n|-heal|p2a: Gothitelle|39\/100|[from] item: Sitrus Berry\n|\n|upkeep\n|turn|3\n|\n|t:|1682887244\n|move|p2a: Gothitelle|Protect|p2a: Gothitelle\n|-singleturn|p2a: Gothitelle|Protect\n|move|p2b: Bertha|Draco Meteor|p1b: Ting-Lu\n|-crit|p1b: Ting-Lu\n|-damage|p1b: Ting-Lu|62\/100\n|-unboost|p2b: Bertha|spa|2\n|move|p1a: Dudunsparce|Hyper Drill|p2b: Bertha\n|-damage|p2b: Bertha|0 fnt\n|faint|p2b: Bertha\n|move|p1b: Ting-Lu|Throat Chop|p2a: Gothitelle\n|-activate|p2a: Gothitelle|move: Protect\n|\n|-end|p2a: Gothitelle|Throat Chop|[silent]\n|upkeep\n|\n|t:|1682887257\n|switch|p2b: Mismagius|Mismagius, L50, M|100\/100\n|turn|4\n|\n|t:|1682887267\n|switch|p2a: Scream Tail|Scream Tail, L50|100\/100\n|-enditem|p2a: Scream Tail|Booster Energy\n|-activate|p2a: Scream Tail|ability: Protosynthesis|[fromitem]\n|-start|p2a: Scream Tail|protosynthesisspe\n|move|p2b: Mismagius|Icy Wind|p1b: Ting-Lu|[spread] p1a,p1b\n|-supereffective|p1b: Ting-Lu\n|-damage|p1a: Dudunsparce|46\/100\n|-damage|p1b: Ting-Lu|53\/100\n|-unboost|p1a: Dudunsparce|spe|1\n|-unboost|p1b: Ting-Lu|spe|1\n|move|p1a: Dudunsparce|Yawn|p2b: Mismagius\n|-start|p2b: Mismagius|move: Yawn|[of] p1a: Dudunsparce\n|move|p1b: Ting-Lu|Throat Chop|p2a: Scream Tail\n|-damage|p2a: Scream Tail|68\/100\n|-start|p2a: Scream Tail|Throat Chop|[silent]\n|\n|upkeep\n|turn|5\n|\n|t:|1682887312\n|switch|p2b: Gothitelle|Gothitelle, L50, M|39\/100\n|switch|p1a: Florges|Florges, L50, F|100\/100\n|move|p2a: Scream Tail|Disable|p1b: Ting-Lu\n|-start|p1b: Ting-Lu|Disable|Throat Chop\n|move|p1b: Ting-Lu|Heavy Slam|p2a: Scream Tail\n|-supereffective|p2a: Scream Tail\n|-damage|p2a: Scream Tail|10\/100\n|\n|-end|p2a: Scream Tail|Throat Chop|[silent]\n|upkeep\n|turn|6\n|\n|t:|1682887342\n|move|p2b: Gothitelle|Fake Out|p1a: Florges\n|-damage|p1a: Florges|92\/100\n|move|p2a: Scream Tail|Perish Song|p2a: Scream Tail\n|-start|p1a: Florges|perish3|[silent]\n|-start|p1b: Ting-Lu|perish3|[silent]\n|-start|p2a: Scream Tail|perish3|[silent]\n|-start|p2b: Gothitelle|perish3|[silent]\n|-fieldactivate|move: Perish Song\n|cant|p1a: Florges|flinch\n|move|p1b: Ting-Lu|Stomping Tantrum|p2b: Gothitelle\n|-damage|p2b: Gothitelle|0 fnt\n|faint|p2b: Gothitelle\n|\n|-start|p2a: Scream Tail|perish3\n|-start|p1a: Florges|perish3\n|-start|p1b: Ting-Lu|perish3\n|upkeep\n|\n|t:|1682887350\n|switch|p2b: Mismagius|Mismagius, L50, M|100\/100\n|turn|7\n|\n|t:|1682887384\n|switch|p1b: Dudunsparce|Dudunsparce, L50, F|46\/100\n|move|p2a: Scream Tail|Play Rough|p1b: Dudunsparce\n|-damage|p1b: Dudunsparce|26\/100\n|move|p2b: Mismagius|Icy Wind|p1b: Dudunsparce|[spread] p1a,p1b\n|-damage|p1a: Florges|86\/100\n|-damage|p1b: Dudunsparce|17\/100\n|-unboost|p1a: Florges|spe|1\n|-unboost|p1b: Dudunsparce|spe|1\n|move|p1a: Florges|Dazzling Gleam|p2a: Scream Tail|[spread] p2a,p2b\n|-damage|p2a: Scream Tail|0 fnt\n|-damage|p2b: Mismagius|73\/100\n|faint|p2a: Scream Tail\n|-end|p2a: Scream Tail|Protosynthesis|[silent]\n|\n|-start|p1a: Florges|perish2\n|upkeep\n|turn|8\n|\n|t:|1682887436\n|switch|p1a: Ting-Lu|Ting-Lu, L50|53\/100\n|-ability|p1a: Ting-Lu|Vessel of Ruin\n|move|p2b: Mismagius|Mystical Fire|p1b: Dudunsparce\n|-damage|p1b: Dudunsparce|4\/100\n|-unboost|p1b: Dudunsparce|spa|1\n|move|p1b: Dudunsparce|Yawn|p2b: Mismagius\n|-start|p2b: Mismagius|move: Yawn|[of] p1b: Dudunsparce\n|\n|upkeep\n|turn|9\n|\n|t:|1682887453\n|switch|p1b: Florges|Florges, L50, F|86\/100\n|move|p2b: Mismagius|Icy Wind|p1b: Florges|[spread] p1a,p1b\n|-supereffective|p1a: Ting-Lu\n|-damage|p1a: Ting-Lu|45\/100\n|-damage|p1b: Florges|81\/100\n|-unboost|p1a: Ting-Lu|spe|1\n|-unboost|p1b: Florges|spe|1\n|move|p1a: Ting-Lu|Throat Chop|p2b: Mismagius\n|-supereffective|p2b: Mismagius\n|-damage|p2b: Mismagius|0 fnt\n|faint|p2b: Mismagius\n|\n|win|Bacon204\n|c|\u2606CJG727_|gg\n|player|p1|Bacon204|1\n","uploadtime":1682887473,"views":10,"p1id":"bacon204","p2id":"cjg727","formatid":"gen9vgc2023regulationc","rating":0,"private":0,"password":""}