{"id":"gen9vgc2023regulationc-1852083734","p1":"AikonZ_Test","p2":"jeffman323","format":"[Gen 9] VGC 2023 Regulation C","log":"|j|\u2606AikonZ_Test\n|j|\u2606jeffman323\n|t:|1682522782\n|gametype|doubles\n|player|p1|AikonZ_Test|veteran|1580\n|player|p2|jeffman323|steven|1600\n|teamsize|p1|6\n|teamsize|p2|6\n|gen|9\n|tier|[Gen 9] VGC 2023 Regulation C\n|rated|\n|rule|Species Clause: Limit one of each Pok\u00e9mon\n|rule|Item Clause: Limit one of each item\n|clearpoke\n|poke|p1|Orthworm, L50, M|\n|poke|p1|Dragonite, L50, M|\n|poke|p1|Chien-Pao, L50|\n|poke|p1|Ting-Lu, L50|\n|poke|p1|Flutter Mane, L50|\n|poke|p1|Gyarados, L50, M|\n|poke|p2|Hatterene, L50, F|\n|poke|p2|Azumarill, L50, F|\n|poke|p2|Torkoal, L50, M|\n|poke|p2|Kingambit, L50, M|\n|poke|p2|Iron Hands, L50|\n|poke|p2|Stantler, L50, F|\n|teampreview|4\njeffman323 has agreed to open team sheets.\nAikonZ_Test has agreed to open team sheets.\n|j| Withoutexcuse\n|inactive|Battle timer is ON: inactive players will automatically lose when time's up. (requested by AikonZ_Test)\n|\n|t:|1682522833\n|start\n|switch|p1a: Gyarados|Gyarados, L50, M|100\/100\n|switch|p1b: Orthworm|Orthworm, L50, M|100\/100\n|switch|p2a: Iron Hands|Iron Hands, L50|100\/100\n|switch|p2b: Torkoal|Torkoal, L50, M|100\/100\n|-ability|p1a: Gyarados|Intimidate|boost\n|-unboost|p2a: Iron Hands|atk|1\n|-unboost|p2b: Torkoal|atk|1\n|-weather|SunnyDay|[from] ability: Drought|[of] p2b: Torkoal\n|turn|1\n|j| JustForFunLa2\n|inactive|jeffman323 has 30 seconds left.\n|l| JustForFunLa2\n|inactive|AikonZ_Test has 30 seconds left.\n|\n|t:|1682522864\n|switch|p1a: Ting-Lu|Ting-Lu, L50|100\/100\n|-ability|p1a: Ting-Lu|Vessel of Ruin\n|-terastallize|p1b: Orthworm|Fire\n|move|p2a: Iron Hands|Fake Out|p1b: Orthworm\n|-damage|p1b: Orthworm|93\/100\n|cant|p1b: Orthworm|flinch\n|move|p2b: Torkoal|Eruption|p1b: Orthworm|[spread] p1a,p1b\n|-resisted|p1b: Orthworm\n|-crit|p1b: Orthworm\n|-damage|p1a: Ting-Lu|73\/100\n|-damage|p1b: Orthworm|37\/100\n|-enditem|p1b: Orthworm|Sitrus Berry|[eat]\n|-heal|p1b: Orthworm|62\/100|[from] item: Sitrus Berry\n|\n|-weather|SunnyDay|[upkeep]\n|upkeep\n|turn|2\n|j| trfgtred\n|inactive|jeffman323 has 30 seconds left.\n|inactive|jeffman323 has 20 seconds left.\n|inactive|jeffman323 has 15 seconds left.\n|inactive|jeffman323 has 10 seconds left.\n|\n|t:|1682522910\n|move|p1a: Ting-Lu|Earthquake|p2a: Iron Hands|[spread] p2a,p2b\n|-heal|p1b: Orthworm|87\/100|[from] ability: Earth Eater|[of] p1a: Ting-Lu\n|-supereffective|p2a: Iron Hands\n|-supereffective|p2b: Torkoal\n|-damage|p2a: Iron Hands|55\/100\n|-damage|p2b: Torkoal|53\/100\n|move|p1b: Orthworm|Iron Defense|p1b: Orthworm\n|-boost|p1b: Orthworm|def|2\n|move|p2a: Iron Hands|Drain Punch|p1a: Ting-Lu\n|-supereffective|p1a: Ting-Lu\n|-damage|p1a: Ting-Lu|34\/100\n|-heal|p2a: Iron Hands|72\/100|[from] drain|[of] p1a: Ting-Lu\n|move|p2b: Torkoal|Heat Wave|p1b: Orthworm|[spread] p1a,p1b\n|-resisted|p1b: Orthworm\n|-damage|p1a: Ting-Lu|14\/100\n|-damage|p1b: Orthworm|65\/100\n|\n|-weather|SunnyDay|[upkeep]\n|upkeep\n|turn|3\n|\n|t:|1682522935\n|move|p2b: Torkoal|Protect|p2b: Torkoal\n|-singleturn|p2b: Torkoal|Protect\n|move|p1b: Orthworm|Body Press|p2a: Iron Hands\n|-damage|p2a: Iron Hands|34\/100\n|move|p1a: Ting-Lu|Earthquake|p2b: Torkoal|[spread] p2a\n|-activate|p2b: Torkoal|move: Protect\n|-heal|p1b: Orthworm|90\/100|[from] ability: Earth Eater|[of] p1a: Ting-Lu\n|-supereffective|p2a: Iron Hands\n|-damage|p2a: Iron Hands|0 fnt\n|faint|p2a: Iron Hands\n|-end|p2a: Iron Hands|Quark Drive|[silent]\n|\n|-weather|SunnyDay|[upkeep]\n|upkeep\n|\n|t:|1682522944\n|switch|p2a: Hatterene|Hatterene, L50, F|100\/100\n|turn|4\n|\n|t:|1682522958\n|-terastallize|p2a: Hatterene|Fire\n|move|p1b: Orthworm|Heavy Slam|p2a: Hatterene\n|-resisted|p2a: Hatterene\n|-damage|p2a: Hatterene|79\/100\n|move|p1a: Ting-Lu|Earthquake|p2b: Torkoal|[spread] p2a,p2b\n|-heal|p1b: Orthworm|100\/100|[from] ability: Earth Eater|[of] p1a: Ting-Lu\n|-supereffective|p2a: Hatterene\n|-supereffective|p2b: Torkoal\n|-damage|p2a: Hatterene|6\/100\n|-damage|p2b: Torkoal|2\/100\n|move|p2b: Torkoal|Clear Smog|p1b: Orthworm\n|-damage|p1b: Orthworm|87\/100\n|-clearboost|p1b: Orthworm\n|move|p2a: Hatterene|Trick Room|p2a: Hatterene\n|-fieldstart|move: Trick Room|[of] p2a: Hatterene\n|\n|-weather|SunnyDay|[upkeep]\n|upkeep\n|turn|5\n|j| GeneralLeclerc\n|inactive|AikonZ_Test has 30 seconds left.\n|\n|t:|1682522987\n|move|p2b: Torkoal|Heat Wave|p1b: Orthworm|[spread] p1a,p1b\n|-resisted|p1b: Orthworm\n|-damage|p1a: Ting-Lu|0 fnt\n|-damage|p1b: Orthworm|65\/100\n|faint|p1a: Ting-Lu\n|move|p2a: Hatterene|Psychic|p1b: Orthworm\n|-damage|p1b: Orthworm|4\/100\n|move|p1b: Orthworm|Body Press|p2a: Hatterene\n|-damage|p2a: Hatterene|0 fnt\n|faint|p2a: Hatterene\n|\n|-weather|none\n|upkeep\n|\n|t:|1682522997\n|switch|p2a: Kingambit|Kingambit, L50, M|100\/100\n|switch|p1a: Dragonite|Dragonite, L50, M|100\/100\n|turn|6\n|inactive|jeffman323 has 30 seconds left.\n|\n|t:|1682523032\n|move|p2b: Torkoal|Heat Wave|p1b: Orthworm|[spread] p1a\n|-miss|p2b: Torkoal|p1b: Orthworm\n|-resisted|p1a: Dragonite\n|-damage|p1a: Dragonite|91\/100\n|move|p2a: Kingambit|Kowtow Cleave|p1b: Orthworm\n|-damage|p1b: Orthworm|0 fnt\n|faint|p1b: Orthworm\n|move|p1a: Dragonite|Earthquake|p2a: Kingambit|[spread] p2a,p2b\n|-supereffective|p2a: Kingambit\n|-supereffective|p2b: Torkoal\n|-damage|p2a: Kingambit|65\/100\n|-damage|p2b: Torkoal|0 fnt\n|faint|p2b: Torkoal\n|\n|upkeep\n|\n|t:|1682523045\n|switch|p1b: Gyarados|Gyarados, L50, M|100\/100\n|-ability|p1b: Gyarados|Intimidate|boost\n|-unboost|p2a: Kingambit|atk|1\n|-ability|p2a: Kingambit|Defiant|boost\n|-boost|p2a: Kingambit|atk|2\n|turn|7\n|\n|t:|1682523065\n|move|p2a: Kingambit|Kowtow Cleave|p1a: Dragonite\n|-damage|p1a: Dragonite|10\/100\n|move|p1b: Gyarados|Thunder Wave|p2a: Kingambit\n|-status|p2a: Kingambit|par\n|move|p1a: Dragonite|Earthquake|p2a: Kingambit|[spread] p2a\n|-immune|p1b: Gyarados\n|-supereffective|p2a: Kingambit\n|-damage|p2a: Kingambit|24\/100 par\n|\n|upkeep\n|turn|8\n|j| NaughtyGirl-chan\n|\n|t:|1682523079\n|cant|p2a: Kingambit|par\n|move|p1b: Gyarados|Waterfall|p2a: Kingambit\n|-damage|p2a: Kingambit|0 fnt\n|faint|p2a: Kingambit\n|\n|win|AikonZ_Test\n|raw|AikonZ_Test's rating: 1580 → 1601<\/strong> (+21 for winning)\n|raw|jeffman323's rating: 1600 → 1579<\/strong> (-21 for losing)\n","uploadtime":1682523081,"views":11,"p1id":"aikonztest","p2id":"jeffman323","formatid":"gen9vgc2023regulationc","rating":1579,"private":0,"password":""}