{"id":"gen9vgc2023regulationc-1859485677","p1":"salamencetv","p2":"Training_ArcTM","format":"[Gen 9] VGC 2023 Regulation C","log":"|j|\u2606salamencetv\n|j|\u2606Training_ArcTM\n|t:|1683474544\n|gametype|doubles\n|player|p1|salamencetv|pryce|\n|player|p2|Training_ArcTM|170|\n|teamsize|p1|6\n|teamsize|p2|6\n|gen|9\n|tier|[Gen 9] VGC 2023 Regulation C\n|rule|Species Clause: Limit one of each Pok\u00e9mon\n|rule|Item Clause: Limit one of each item\n|clearpoke\n|poke|p1|Sylveon, L50, M|\n|poke|p1|Cetitan, L50, F|\n|poke|p1|Oranguru, L50, F|\n|poke|p1|Gholdengo, L50|\n|poke|p1|Staraptor, L50, M|\n|poke|p1|Brute Bonnet, L50|\n|poke|p2|Roaring Moon, L50|\n|poke|p2|Klefki, L50, F|\n|poke|p2|Azumarill, L50, M|\n|poke|p2|Chien-Pao, L50|\n|poke|p2|Lucario, L50, F|\n|poke|p2|Tauros-Paldea-Blaze, L50, M|\n|teampreview|4\n|c|\u2606salamencetv|G3 GLHF\n|\n|t:|1683475019\n|start\n|switch|p1a: Gholdengo|Gholdengo, L50|100\/100\n|switch|p1b: Brute Bonnet|Brute Bonnet, L50|100\/100\n|switch|p2a: Chien-Pao|Chien-Pao, L50|100\/100\n|switch|p2b: Roaring Moon|Roaring Moon, L50|100\/100\n|-ability|p2a: Chien-Pao|Sword of Ruin\n|-enditem|p2b: Roaring Moon|Booster Energy\n|-activate|p2b: Roaring Moon|ability: Protosynthesis|[fromitem]\n|-start|p2b: Roaring Moon|protosynthesisatk\n|turn|1\n|\n|t:|1683475064\n|-terastallize|p2b: Roaring Moon|Flying\n|-terastallize|p1a: Gholdengo|Fairy\n|move|p2a: Chien-Pao|Protect|p2a: Chien-Pao\n|-singleturn|p2a: Chien-Pao|Protect\n|move|p2b: Roaring Moon|Acrobatics|p1b: Brute Bonnet\n|-supereffective|p1b: Brute Bonnet\n|-damage|p1b: Brute Bonnet|0 fnt\n|faint|p1b: Brute Bonnet\n|-end|p1b: Brute Bonnet|Protosynthesis|[silent]\n|move|p1a: Gholdengo|Dazzling Gleam|p2a: Chien-Pao|[spread] p2b\n|-activate|p2a: Chien-Pao|move: Protect\n|-damage|p2b: Roaring Moon|60\/100\n|\n|upkeep\n|\n|t:|1683475074\n|switch|p1b: Staraptor|Staraptor, L50, M|100\/100\n|-ability|p1b: Staraptor|Intimidate|boost\n|-unboost|p2a: Chien-Pao|atk|1\n|-unboost|p2b: Roaring Moon|atk|1\n|turn|2\n|\n|t:|1683475107\n|move|p2b: Roaring Moon|Protect|p2b: Roaring Moon\n|-singleturn|p2b: Roaring Moon|Protect\n|move|p2a: Chien-Pao|Ice Spinner|p1b: Staraptor\n|-supereffective|p1b: Staraptor\n|-damage|p1b: Staraptor|21\/100\n|move|p1b: Staraptor|Tailwind|p1b: Staraptor\n|-sidestart|p1: salamencetv|move: Tailwind\n|move|p1a: Gholdengo|Dazzling Gleam|p2b: Roaring Moon|[spread] p2a\n|-activate|p2b: Roaring Moon|move: Protect\n|-supereffective|p2a: Chien-Pao\n|-enditem|p2a: Chien-Pao|Focus Sash\n|-damage|p2a: Chien-Pao|1\/100\n|\n|upkeep\n|turn|3\n|\n|t:|1683475127\n|move|p1b: Staraptor|Protect|p1b: Staraptor\n|-singleturn|p1b: Staraptor|Protect\n|move|p2a: Chien-Pao|Sucker Punch||[still]\n|-fail|p2a: Chien-Pao\n|move|p1a: Gholdengo|Dazzling Gleam|p2a: Chien-Pao|[spread] p2a,p2b\n|-supereffective|p2a: Chien-Pao\n|-damage|p2a: Chien-Pao|0 fnt\n|-damage|p2b: Roaring Moon|15\/100\n|faint|p2a: Chien-Pao\n|move|p2b: Roaring Moon|Dragon Dance|p2b: Roaring Moon\n|-boost|p2b: Roaring Moon|atk|1\n|-boost|p2b: Roaring Moon|spe|1\n|\n|upkeep\n|\n|t:|1683475131\n|switch|p2a: Azumarill|Azumarill, L50, M|100\/100\n|turn|4\n|\n|t:|1683475153\n|move|p2b: Roaring Moon|Protect|p2b: Roaring Moon\n|-singleturn|p2b: Roaring Moon|Protect\n|move|p2a: Azumarill|Aqua Jet|p1b: Staraptor\n|-damage|p1b: Staraptor|0 fnt\n|faint|p1b: Staraptor\n|move|p1a: Gholdengo|Dazzling Gleam|p2a: Azumarill|[spread] p2a\n|-activate|p2b: Roaring Moon|move: Protect\n|-damage|p2a: Azumarill|64\/100\n|\n|upkeep\n|\n|t:|1683475159\n|switch|p1b: Sylveon|Sylveon, L50, M|100\/100\n|turn|5\n|\n|t:|1683475181\n|-end|p2b: Roaring Moon|Protosynthesis|[silent]\n|switch|p2b: Tauros|Tauros-Paldea-Blaze, L50, M|100\/100\n|-ability|p2b: Tauros|Intimidate|boost\n|-unboost|p1a: Gholdengo|atk|1\n|-unboost|p1b: Sylveon|atk|1\n|move|p1a: Gholdengo|Dazzling Gleam|p2a: Azumarill|[spread] p2a,p2b\n|-damage|p2a: Azumarill|31\/100\n|-damage|p2b: Tauros|34\/100\n|-enditem|p2b: Tauros|Sitrus Berry|[eat]\n|-heal|p2b: Tauros|59\/100|[from] item: Sitrus Berry\n|move|p1b: Sylveon|Hyper Voice|p2b: Tauros|[spread] p2a,p2b\n|-damage|p2a: Azumarill|2\/100\n|-damage|p2b: Tauros|3\/100\n|-enditem|p1b: Sylveon|Throat Spray\n|-boost|p1b: Sylveon|spa|1|[from] item: Throat Spray\n|move|p2a: Azumarill|Play Rough|p1b: Sylveon\n|-damage|p1b: Sylveon|40\/100\n|\n|-sideend|p1: salamencetv|move: Tailwind\n|upkeep\n|turn|6\n|\n|t:|1683475235\n|move|p1b: Sylveon|Quick Attack|p2a: Azumarill\n|-damage|p2a: Azumarill|0 fnt\n|faint|p2a: Azumarill\n|move|p2b: Tauros|Flare Blitz|p1a: Gholdengo\n|-damage|p1a: Gholdengo|33\/100\n|-status|p1a: Gholdengo|brn\n|-damage|p2b: Tauros|0 fnt|[from] Recoil\n|faint|p2b: Tauros\n|move|p1a: Gholdengo|Dazzling Gleam|p2: Azumarill|[notarget]\n|-fail|p1a: Gholdengo\n|\n|-damage|p1a: Gholdengo|27\/100 brn|[from] brn\n|upkeep\n|\n|t:|1683475238\n|switch|p2b: Roaring Moon|Roaring Moon, L50, tera:Flying|15\/100\n|turn|7\n|\n|t:|1683475261\n|move|p2b: Roaring Moon|Acrobatics|p1b: Sylveon\n|-damage|p1b: Sylveon|0 fnt\n|faint|p1b: Sylveon\n|move|p1a: Gholdengo|Dazzling Gleam|p2b: Roaring Moon\n|-damage|p2b: Roaring Moon|0 fnt\n|faint|p2b: Roaring Moon\n|-end|p2b: Roaring Moon|Protosynthesis|[silent]\n|\n|win|salamencetv\n|c|\u2606salamencetv|GG\n|l|\u2606Training_ArcTM\n","uploadtime":1683475341,"views":10,"p1id":"salamencetv","p2id":"trainingarctm","formatid":"gen9vgc2023regulationc","rating":0,"private":0,"password":""}