{"id":"gen9vgc2023regulationc-1854134671","p1":"Teamsure1","p2":"WarlogFV","format":"[Gen 9] VGC 2023 Regulation C","log":"|j|\u2606Teamsure1\n|j|\u2606WarlogFV\n|t:|1682774594\n|gametype|doubles\n|player|p1|Teamsure1|102|1158\n|player|p2|WarlogFV|erika|1224\n|teamsize|p1|6\n|teamsize|p2|6\n|gen|9\n|tier|[Gen 9] VGC 2023 Regulation C\n|rated|\n|rule|Species Clause: Limit one of each Pok\u00e9mon\n|rule|Item Clause: Limit one of each item\n|clearpoke\n|poke|p1|Chi-Yu, L50|\n|poke|p1|Dachsbun, L50, M|\n|poke|p1|Glimmora, L50, M|\n|poke|p1|Tsareena, L50, F|\n|poke|p1|Gyarados, L50, F|\n|poke|p1|Ting-Lu, L50|\n|poke|p2|Dondozo, L50, F|\n|poke|p2|Flutter Mane, L50|\n|poke|p2|Greedent, L50, F|\n|poke|p2|Tatsugiri-Droopy, L50, F|\n|poke|p2|Torkoal, L50, F|\n|poke|p2|Hatterene, L50, F|\n|teampreview|4\n|inactive|Battle timer is ON: inactive players will automatically lose when time's up. (requested by WarlogFV)\nWarlogFV rejected open team sheets.\n|inactive|Teamsure1 has 60 seconds left.\n|inactive|Teamsure1 has 30 seconds left.\n|\n|t:|1682774658\n|start\n|switch|p1a: Chi-Yu|Chi-Yu, L50|100\/100\n|switch|p1b: Glimmora|Glimmora, L50, M|100\/100\n|switch|p2a: Hatterene|Hatterene, L50, F|100\/100\n|switch|p2b: God Squirrel|Greedent, L50, F|100\/100\n|-ability|p1a: Chi-Yu|Beads of Ruin\n|turn|1\n|inactive|Teamsure1 has 30 seconds left.\n|\n|t:|1682774685\n|-terastallize|p2a: Hatterene|Water\n|move|p2b: God Squirrel|Protect|p2b: God Squirrel\n|-singleturn|p2b: God Squirrel|Protect\n|move|p1a: Chi-Yu|Dark Pulse|p2a: Hatterene\n|-damage|p2a: Hatterene|53\/100\n|move|p1b: Glimmora|Sludge Bomb|p2a: Hatterene\n|-damage|p2a: Hatterene|0 fnt\n|faint|p2a: Hatterene\n|\n|upkeep\n|\n|t:|1682774696\n|switch|p2a: Torkoal|Torkoal, L50, F|100\/100\n|-weather|SunnyDay|[from] ability: Drought|[of] p2a: Torkoal\n|turn|2\n|\n|t:|1682774707\n|move|p1a: Chi-Yu|Dark Pulse|p2b: God Squirrel\n|-damage|p2b: God Squirrel|59\/100\n|move|p1b: Glimmora|Power Gem|p2a: Torkoal\n|-supereffective|p2a: Torkoal\n|-damage|p2a: Torkoal|0 fnt\n|faint|p2a: Torkoal\n|move|p2b: God Squirrel|Belly Drum|p2b: God Squirrel\n|-damage|p2b: God Squirrel|9\/100\n|-setboost|p2b: God Squirrel|atk|6|[from] move: Belly Drum\n|-enditem|p2b: God Squirrel|Sitrus Berry|[eat]\n|-heal|p2b: God Squirrel|34\/100|[from] item: Sitrus Berry\n|-heal|p2b: God Squirrel|67\/100|[from] ability: Cheek Pouch\n|\n|-weather|SunnyDay|[upkeep]\n|upkeep\n|\n|t:|1682774716\n|switch|p2a: Flutter Mane|Flutter Mane, L50|100\/100\n|-activate|p2a: Flutter Mane|ability: Protosynthesis\n|-start|p2a: Flutter Mane|protosynthesisspe\n|turn|3\n|inactive|Teamsure1 has 30 seconds left.\n|inactive|Teamsure1 has 20 seconds left.\n|inactive|Teamsure1 has 15 seconds left.\n|\n|t:|1682774757\n|move|p2a: Flutter Mane|Protect|p2a: Flutter Mane\n|-singleturn|p2a: Flutter Mane|Protect\n|move|p1a: Chi-Yu|Dark Pulse|p2a: Flutter Mane\n|-activate|p2a: Flutter Mane|move: Protect\n|move|p1b: Glimmora|Mortal Spin|p2a: Flutter Mane|[spread] p2b\n|-activate|p2a: Flutter Mane|move: Protect\n|-damage|p2b: God Squirrel|64\/100\n|-status|p2b: God Squirrel|psn\n|move|p2b: God Squirrel|Earthquake|p1b: Glimmora|[spread] p1a,p1b\n|-activate|p2a: Flutter Mane|move: Protect\n|-supereffective|p1a: Chi-Yu\n|-supereffective|p1b: Glimmora\n|-damage|p1a: Chi-Yu|0 fnt\n|-enditem|p1b: Glimmora|Focus Sash\n|-damage|p1b: Glimmora|1\/100\n|-activate|p1b: Glimmora|ability: Toxic Debris\n|-sidestart|p2: WarlogFV|move: Toxic Spikes\n|faint|p1a: Chi-Yu\n|\n|-weather|SunnyDay|[upkeep]\n|-damage|p2b: God Squirrel|51\/100 psn|[from] psn\n|upkeep\n|\n|t:|1682774782\n|switch|p1a: Ting-Lu|Ting-Lu, L50|100\/100\n|-ability|p1a: Ting-Lu|Vessel of Ruin\n|turn|4\n|\n|t:|1682774799\n|move|p1b: Glimmora|Spiky Shield|p1b: Glimmora\n|-singleturn|p1b: Glimmora|move: Protect\n|move|p1a: Ting-Lu|Protect|p1a: Ting-Lu\n|-singleturn|p1a: Ting-Lu|Protect\n|move|p2a: Flutter Mane|Dazzling Gleam|p1a: Ting-Lu|[spread] \n|-activate|p1a: Ting-Lu|move: Protect\n|-activate|p1b: Glimmora|move: Protect\n|move|p2b: God Squirrel|Facade|p1a: Ting-Lu\n|-activate|p1a: Ting-Lu|move: Protect\n|\n|-weather|SunnyDay|[upkeep]\n|-damage|p2b: God Squirrel|39\/100 psn|[from] psn\n|upkeep\n|turn|5\n|inactive|Teamsure1 has 30 seconds left.\n|inactive|Teamsure1 has 20 seconds left.\n|inactive|Teamsure1 has 15 seconds left.\n|inactive|Teamsure1 has 10 seconds left.\n|\n|t:|1682774848\n|switch|p1a: Gyarados|Gyarados, L50, F|100\/100\n|-ability|p1a: Gyarados|Intimidate|boost\n|-unboost|p2a: Flutter Mane|atk|1\n|-unboost|p2b: God Squirrel|atk|1\n|move|p1b: Glimmora|Spiky Shield||[still]\n|-fail|p1b: Glimmora\n|move|p2a: Flutter Mane|Dazzling Gleam|p1b: Glimmora|[spread] p1a,p1b\n|-resisted|p1b: Glimmora\n|-damage|p1a: Gyarados|69\/100\n|-damage|p1b: Glimmora|0 fnt\n|faint|p1b: Glimmora\n|move|p2b: God Squirrel|Facade|p1a: Gyarados\n|-damage|p1a: Gyarados|0 fnt\n|faint|p1a: Gyarados\n|\n|-weather|SunnyDay|[upkeep]\n|-damage|p2b: God Squirrel|26\/100 psn|[from] psn\n|upkeep\n|\n|t:|1682774871\n|switch|p1b: Ting-Lu|Ting-Lu, L50|100\/100\n|-ability|p1b: Ting-Lu|Vessel of Ruin\n|turn|6\n|\n|t:|1682774891\n|move|p1b: Ting-Lu|Protect|p1b: Ting-Lu\n|-singleturn|p1b: Ting-Lu|Protect\n|move|p2a: Flutter Mane|Moonblast|p1b: Ting-Lu\n|-activate|p1b: Ting-Lu|move: Protect\n|move|p2b: God Squirrel|Facade|p1b: Ting-Lu\n|-activate|p1b: Ting-Lu|move: Protect\n|\n|-weather|none\n|-end|p2a: Flutter Mane|Protosynthesis\n|-damage|p2b: God Squirrel|14\/100 psn|[from] psn\n|upkeep\n|-enditem|p2a: Flutter Mane|Booster Energy\n|-activate|p2a: Flutter Mane|ability: Protosynthesis|[fromitem]\n|-start|p2a: Flutter Mane|protosynthesisspe\n|turn|7\n|\n|t:|1682774916\n|-terastallize|p1b: Ting-Lu|Poison\n|move|p2a: Flutter Mane|Moonblast|p1b: Ting-Lu\n|-resisted|p1b: Ting-Lu\n|-damage|p1b: Ting-Lu|87\/100\n|move|p1b: Ting-Lu|Heavy Slam|p2a: Flutter Mane\n|-supereffective|p2a: Flutter Mane\n|-damage|p2a: Flutter Mane|0 fnt\n|faint|p2a: Flutter Mane\n|-end|p2a: Flutter Mane|Protosynthesis|[silent]\n|move|p2b: God Squirrel|Facade|p1b: Ting-Lu\n|-damage|p1b: Ting-Lu|0 fnt\n|faint|p1b: Ting-Lu\n|\n|win|WarlogFV\n|raw|Teamsure1's rating: 1158 → 1138<\/strong> (-20 for losing)\n|raw|WarlogFV's rating: 1224 → 1244<\/strong> (+20 for winning)\n|l|\u2606Teamsure1\n|c|\u2606WarlogFV|Free debt come back\n","uploadtime":1682774943,"views":22,"p1id":"teamsure1","p2id":"warlogfv","formatid":"gen9vgc2023regulationc","rating":1138,"private":0,"password":""}