{"id":"gen9vgc2023regulationc-1846262376","p1":"Ralsei is bae","p2":"Sotero23","format":"[Gen 9] VGC 2023 Regulation C","log":"|j|\u2606Ralsei is bae\n|j|\u2606Sotero23\n|t:|1681826538\n|gametype|doubles\n|player|p1|Ralsei is bae|170|1228\n|player|p2|Sotero23|266|1288\n|teamsize|p1|6\n|teamsize|p2|6\n|gen|9\n|tier|[Gen 9] VGC 2023 Regulation C\n|rated|\n|rule|Species Clause: Limit one of each Pok\u00e9mon\n|rule|Item Clause: Limit one of each item\n|clearpoke\n|poke|p1|Chien-Pao, L50|\n|poke|p1|Flutter Mane, L50|\n|poke|p1|Dragonite, L50, M|\n|poke|p1|Ting-Lu, L50|\n|poke|p1|Orthworm, L50, F|\n|poke|p1|Gyarados, L50, F|\n|poke|p2|Scizor, L50, F|\n|poke|p2|Gothitelle, L50, F|\n|poke|p2|Chi-Yu, L50|\n|poke|p2|Dragonite, L50, F|\n|poke|p2|Amoonguss, L50, M|\n|poke|p2|Flutter Mane, L50|\n|teampreview|4\nRalsei is bae has agreed to open team sheets.\nSotero23 has agreed to open team sheets.\n|\n|t:|1681826576\n|start\n|switch|p1a: Ting-Lu|Ting-Lu, L50|100\/100\n|switch|p1b: Gyarados|Gyarados, L50, F|100\/100\n|switch|p2a: Gothitelle|Gothitelle, L50, F|100\/100\n|switch|p2b: Dragonite|Dragonite, L50, F|100\/100\n|-ability|p1b: Gyarados|Intimidate|boost\n|-unboost|p2a: Gothitelle|atk|1\n|-fail|p2b: Dragonite|unboost|Attack|[from] ability: Inner Focus|[of] p2b: Dragonite\n|-ability|p1a: Ting-Lu|Vessel of Ruin\n|turn|1\n|\n|t:|1681826619\n|move|p2a: Gothitelle|Fake Out|p1a: Ting-Lu\n|-damage|p1a: Ting-Lu|98\/100\n|move|p1b: Gyarados|Taunt|p2b: Dragonite\n|-start|p2b: Dragonite|move: Taunt\n|cant|p2b: Dragonite|move: Taunt|Dragon Dance\n|cant|p1a: Ting-Lu|flinch\n|\n|upkeep\n|turn|2\n|\n|t:|1681826633\n|move|p2a: Gothitelle|Helping Hand|p2b: Dragonite\n|-singleturn|p2b: Dragonite|Helping Hand|[of] p2a: Gothitelle\n|move|p1b: Gyarados|Thunder Wave|p2b: Dragonite\n|-status|p2b: Dragonite|par\n|-enditem|p2b: Dragonite|Lum Berry|[eat]\n|-curestatus|p2b: Dragonite|par|[msg]\n|move|p2b: Dragonite|Dragon Claw|p1a: Ting-Lu\n|-damage|p1a: Ting-Lu|56\/100\n|move|p1a: Ting-Lu|Throat Chop|p2a: Gothitelle\n|-supereffective|p2a: Gothitelle\n|-damage|p2a: Gothitelle|3\/100\n|-start|p2a: Gothitelle|Throat Chop|[silent]\n|\n|-heal|p2a: Gothitelle|9\/100|[from] item: Leftovers\n|upkeep\n|turn|3\n|\n|t:|1681826657\n|move|p2a: Gothitelle|Protect|p2a: Gothitelle\n|-singleturn|p2a: Gothitelle|Protect\n|move|p1b: Gyarados|Thunder Wave|p2b: Dragonite\n|-status|p2b: Dragonite|par\n|move|p1a: Ting-Lu|Throat Chop|p2a: Gothitelle\n|-activate|p2a: Gothitelle|move: Protect\n|move|p2b: Dragonite|Dragon Claw|p1a: Ting-Lu\n|-damage|p1a: Ting-Lu|31\/100\n|\n|-heal|p2a: Gothitelle|14\/100|[from] item: Leftovers\n|-end|p2b: Dragonite|move: Taunt\n|-end|p2a: Gothitelle|Throat Chop|[silent]\n|upkeep\n|turn|4\n|\n|t:|1681826676\n|move|p2a: Gothitelle|Helping Hand|p2b: Dragonite\n|-singleturn|p2b: Dragonite|Helping Hand|[of] p2a: Gothitelle\n|move|p1b: Gyarados|Waterfall|p2a: Gothitelle\n|-damage|p2a: Gothitelle|0 fnt\n|faint|p2a: Gothitelle\n|move|p1a: Ting-Lu|Throat Chop|p2b: Dragonite\n|-damage|p2b: Dragonite|41\/100 par\n|-start|p2b: Dragonite|Throat Chop|[silent]\n|move|p2b: Dragonite|Dragon Claw|p1a: Ting-Lu\n|-damage|p1a: Ting-Lu|0 fnt\n|faint|p1a: Ting-Lu\n|\n|upkeep\n|\n|t:|1681826696\n|switch|p2a: Flutter Mane|Flutter Mane, L50|100\/100\n|switch|p1a: Flutter Mane|Flutter Mane, L50|100\/100\n|-enditem|p2a: Flutter Mane|Booster Energy\n|-activate|p2a: Flutter Mane|ability: Protosynthesis|[fromitem]\n|-start|p2a: Flutter Mane|protosynthesisspa\n|turn|5\n|l|\u2606Sotero23\n|player|p2|\n|j|\u2606Sotero23\n|player|p2|Sotero23|266\n|\n|t:|1681826725\n|-terastallize|p1a: Flutter Mane|Fairy\n|move|p2a: Flutter Mane|Protect|p2a: Flutter Mane\n|-singleturn|p2a: Flutter Mane|Protect\n|move|p2b: Dragonite|Extreme Speed|p1b: Gyarados\n|-damage|p1b: Gyarados|63\/100\n|move|p1a: Flutter Mane|Dazzling Gleam|p2b: Dragonite|[spread] p2b\n|-activate|p2a: Flutter Mane|move: Protect\n|-supereffective|p2b: Dragonite\n|-damage|p2b: Dragonite|0 fnt\n|faint|p2b: Dragonite\n|move|p1b: Gyarados|Thunder Wave|p2a: Flutter Mane\n|-activate|p2a: Flutter Mane|move: Protect\n|\n|upkeep\n|\n|t:|1681826739\n|switch|p2b: Chi-Yu|Chi-Yu, L50|100\/100\n|-ability|p2b: Chi-Yu|Beads of Ruin\n|turn|6\n|\n|t:|1681826748\n|-terastallize|p2a: Flutter Mane|Fairy\n|move|p2b: Chi-Yu|Heat Wave|p1b: Gyarados|[spread] p1a,p1b\n|-resisted|p1b: Gyarados\n|-damage|p1a: Flutter Mane|47\/100\n|-damage|p1b: Gyarados|36\/100\n|move|p1a: Flutter Mane|Dazzling Gleam|p2a: Flutter Mane|[spread] p2a,p2b\n|-damage|p2a: Flutter Mane|17\/100\n|-damage|p2b: Chi-Yu|15\/100\n|move|p2a: Flutter Mane|Dazzling Gleam|p1a: Flutter Mane|[spread] p1a,p1b\n|-damage|p1a: Flutter Mane|0 fnt\n|-damage|p1b: Gyarados|0 fnt\n|faint|p1a: Flutter Mane\n|-end|p1a: Flutter Mane|Protosynthesis|[silent]\n|faint|p1b: Gyarados\n|\n|upkeep\n|\n|t:|1681826759\n|switch|p1b: Chien-Pao|Chien-Pao, L50|100\/100\n|-ability|p1b: Chien-Pao|Sword of Ruin\n|turn|7\n|\n|t:|1681826766\n|move|p1b: Chien-Pao|Sucker Punch|p2b: Chi-Yu\n|-resisted|p2b: Chi-Yu\n|-damage|p2b: Chi-Yu|0 fnt\n|faint|p2b: Chi-Yu\n|move|p2a: Flutter Mane|Moonblast|p1b: Chien-Pao\n|-supereffective|p1b: Chien-Pao\n|-enditem|p1b: Chien-Pao|Focus Sash\n|-damage|p1b: Chien-Pao|1\/100\n|\n|upkeep\n|turn|8\n|\n|t:|1681826776\n|move|p2a: Flutter Mane|Protect|p2a: Flutter Mane\n|-singleturn|p2a: Flutter Mane|Protect\n|move|p1b: Chien-Pao|Sucker Punch||[still]\n|-fail|p1b: Chien-Pao\n|\n|upkeep\n|turn|9\n|\n|t:|1681826787\n|move|p1b: Chien-Pao|Sucker Punch|p2a: Flutter Mane\n|-resisted|p2a: Flutter Mane\n|-damage|p2a: Flutter Mane|0 fnt\n|faint|p2a: Flutter Mane\n|-end|p2a: Flutter Mane|Protosynthesis|[silent]\n|\n|win|Ralsei is bae\n|raw|Ralsei is bae's rating: 1228 → 1257<\/strong> (+29 for winning)\n|raw|Sotero23's rating: 1288 → 1259<\/strong> (-29 for losing)\n|l|\u2606Sotero23\n","uploadtime":1681826795,"views":9,"p1id":"ralseiisbae","p2id":"sotero23","formatid":"gen9vgc2023regulationc","rating":1257,"private":0,"password":""}