{"id":"gen9vgc2023regulationc-1846691987","p1":"Kuriboh448","p2":"Blizz.vg","format":"[Gen 9] VGC 2023 Regulation C","log":"|j|\u2606Kuriboh448\n|j|\u2606Blizz.vg\n|t:|1681866483\n|gametype|doubles\n|player|p1|Kuriboh448|102|\n|player|p2|Blizz.vg|backpacker|\n|teamsize|p1|6\n|teamsize|p2|6\n|gen|9\n|tier|[Gen 9] VGC 2023 Regulation C\n|rule|Species Clause: Limit one of each Pok\u00e9mon\n|rule|Item Clause: Limit one of each item\n|clearpoke\n|poke|p1|Iron Bundle, L50|\n|poke|p1|Corviknight, L50, M|\n|poke|p1|Abomasnow, L50, M|\n|poke|p1|Garchomp, L50, M|\n|poke|p1|Chi-Yu, L50|\n|poke|p1|Flutter Mane, L50|\n|poke|p2|Amoonguss, L50, M|\n|poke|p2|Arcanine, L50, F|\n|poke|p2|Kingambit, L50, F|\n|poke|p2|Flutter Mane, L50|\n|poke|p2|Garchomp, L50, M|\n|poke|p2|Talonflame, L50, M|\n|teampreview|4\nKuriboh448 has agreed to open team sheets.\nBlizz.vg has agreed to open team sheets.\n|c|\u2606Kuriboh448|G1\n|c|\u2606Kuriboh448|GLHF\n|c|\u2606Blizz.vg|glhf\n|\n|t:|1681866558\n|start\n|switch|p1a: Iron Bundle|Iron Bundle, L50|100\/100\n|switch|p1b: Abomasnow|Abomasnow, L50, M|100\/100\n|switch|p2a: Arcanine|Arcanine, L50, F|100\/100\n|switch|p2b: Amoonguss|Amoonguss, L50, M|100\/100\n|-ability|p2a: Arcanine|Intimidate|boost\n|-unboost|p1a: Iron Bundle|atk|1\n|-unboost|p1b: Abomasnow|atk|1\n|-weather|Snow|[from] ability: Snow Warning|[of] p1b: Abomasnow\n|-enditem|p1a: Iron Bundle|Booster Energy\n|-activate|p1a: Iron Bundle|ability: Quark Drive|[fromitem]\n|-start|p1a: Iron Bundle|quarkdrivespe\n|turn|1\n|\n|t:|1681866590\n|move|p1b: Abomasnow|Helping Hand|p1a: Iron Bundle\n|-singleturn|p1a: Iron Bundle|Helping Hand|[of] p1b: Abomasnow\n|move|p1a: Iron Bundle|Freeze-Dry|p2b: Amoonguss\n|-supereffective|p2b: Amoonguss\n|-damage|p2b: Amoonguss|16\/100\n|-enditem|p2b: Amoonguss|Sitrus Berry|[eat]\n|-heal|p2b: Amoonguss|40\/100|[from] item: Sitrus Berry\n|move|p2a: Arcanine|Flare Blitz|p1b: Abomasnow\n|-supereffective|p1b: Abomasnow\n|-damage|p1b: Abomasnow|0 fnt\n|faint|p1b: Abomasnow\n|-damage|p2a: Arcanine|67\/100|[from] Recoil\n|move|p2b: Amoonguss|Spore|p1a: Iron Bundle\n|-status|p1a: Iron Bundle|slp|[from] move: Spore\n|\n|-weather|Snow|[upkeep]\n|upkeep\n|\n|t:|1681866606\n|switch|p1b: Chi-Yu|Chi-Yu, L50|100\/100\n|-ability|p1b: Chi-Yu|Beads of Ruin\n|turn|2\n|\n|t:|1681866624\n|switch|p2b: Garchomp|Garchomp, L50, M|100\/100\n|cant|p1a: Iron Bundle|slp\n|move|p1b: Chi-Yu|Heat Wave|p2a: Arcanine|[spread] p2a,p2b\n|-resisted|p2a: Arcanine\n|-resisted|p2b: Garchomp\n|-damage|p2a: Arcanine|36\/100\n|-damage|p2b: Garchomp|65\/100\n|-damage|p1b: Chi-Yu|91\/100|[from] item: Life Orb\n|move|p2a: Arcanine|Flare Blitz|p1a: Iron Bundle\n|-damage|p1a: Iron Bundle|53\/100 slp\n|-damage|p2a: Arcanine|25\/100|[from] Recoil\n|\n|-weather|Snow|[upkeep]\n|upkeep\n|turn|3\n|\n|t:|1681866643\n|-terastallize|p2b: Garchomp|Fire\n|move|p2a: Arcanine|Extreme Speed|p1b: Chi-Yu\n|-damage|p1b: Chi-Yu|47\/100\n|cant|p1a: Iron Bundle|slp\n|move|p1b: Chi-Yu|Dark Pulse|p2b: Garchomp\n|-damage|p2b: Garchomp|0 fnt\n|faint|p2b: Garchomp\n|-damage|p1b: Chi-Yu|37\/100|[from] item: Life Orb\n|\n|-weather|Snow|[upkeep]\n|upkeep\n|\n|t:|1681866655\n|switch|p2b: Flutter Mane|Flutter Mane, L50|100\/100\n|-enditem|p2b: Flutter Mane|Booster Energy\n|-activate|p2b: Flutter Mane|ability: Protosynthesis|[fromitem]\n|-start|p2b: Flutter Mane|protosynthesisspa\n|turn|4\n|\n|t:|1681866685\n|move|p1b: Chi-Yu|Protect|p1b: Chi-Yu\n|-singleturn|p1b: Chi-Yu|Protect\n|move|p2a: Arcanine|Extreme Speed|p1b: Chi-Yu\n|-activate|p1b: Chi-Yu|move: Protect\n|cant|p1a: Iron Bundle|slp\n|move|p2b: Flutter Mane|Moonblast|p1a: Iron Bundle\n|-damage|p1a: Iron Bundle|0 fnt\n|faint|p1a: Iron Bundle\n|-end|p1a: Iron Bundle|Quark Drive|[silent]\n|\n|-weather|Snow|[upkeep]\n|upkeep\n|\n|t:|1681866696\n|switch|p1a: Garchomp|Garchomp, L50, M|100\/100\n|turn|5\n|\n|t:|1681866726\n|-terastallize|p1a: Garchomp|Fire\n|move|p2a: Arcanine|Protect|p2a: Arcanine\n|-singleturn|p2a: Arcanine|Protect\n|move|p1a: Garchomp|Dragon Claw|p2a: Arcanine\n|-activate|p2a: Arcanine|move: Protect\n|move|p1b: Chi-Yu|Heat Wave|p2b: Flutter Mane|[spread] \n|-activate|p2a: Arcanine|move: Protect\n|-miss|p1b: Chi-Yu|p2b: Flutter Mane\n|move|p2b: Flutter Mane|Moonblast|p1b: Chi-Yu\n|-damage|p1b: Chi-Yu|0 fnt\n|faint|p1b: Chi-Yu\n|\n|-weather|none\n|upkeep\n|turn|6\n|\n|t:|1681866741\n|switch|p2a: Amoonguss|Amoonguss, L50, M|74\/100\n|move|p2b: Flutter Mane|Protect|p2b: Flutter Mane\n|-singleturn|p2b: Flutter Mane|Protect\n|move|p1a: Garchomp|Earthquake|p2b: Flutter Mane|[spread] p2a\n|-activate|p2b: Flutter Mane|move: Protect\n|-damage|p2a: Amoonguss|41\/100\n|\n|upkeep\n|turn|7\n|\n|t:|1681866753\n|-end|p2b: Flutter Mane|Protosynthesis|[silent]\n|switch|p2b: Arcanine|Arcanine, L50, F|25\/100\n|-ability|p2b: Arcanine|Intimidate|boost\n|-fail|p1a: Garchomp|unboost|[from] item: Clear Amulet|[of] p1a: Garchomp\n|move|p1a: Garchomp|Protect|p1a: Garchomp\n|-singleturn|p1a: Garchomp|Protect\n|move|p2a: Amoonguss|Spore|p1a: Garchomp\n|-activate|p1a: Garchomp|move: Protect\n|\n|upkeep\n|turn|8\n|\n|t:|1681866767\n|move|p2a: Amoonguss|Protect|p2a: Amoonguss\n|-singleturn|p2a: Amoonguss|Protect\n|move|p2b: Arcanine|Extreme Speed|p1a: Garchomp\n|-damage|p1a: Garchomp|72\/100\n|-damage|p2b: Arcanine|13\/100|[from] ability: Rough Skin|[of] p1a: Garchomp\n|move|p1a: Garchomp|Dragon Claw|p2a: Amoonguss\n|-activate|p2a: Amoonguss|move: Protect\n|\n|upkeep\n|turn|9\n|\n|t:|1681866777\n|move|p1a: Garchomp|Protect|p1a: Garchomp\n|-singleturn|p1a: Garchomp|Protect\n|move|p2b: Arcanine|Extreme Speed|p1a: Garchomp\n|-activate|p1a: Garchomp|move: Protect\n|move|p2a: Amoonguss|Spore|p1a: Garchomp\n|-activate|p1a: Garchomp|move: Protect\n|\n|upkeep\n|turn|10\n|\n|t:|1681866787\n|move|p2b: Arcanine|Extreme Speed|p1a: Garchomp\n|-damage|p1a: Garchomp|43\/100\n|-damage|p2b: Arcanine|0 fnt|[from] ability: Rough Skin|[of] p1a: Garchomp\n|faint|p2b: Arcanine\n|move|p1a: Garchomp|Dragon Claw|p2a: Amoonguss\n|-damage|p2a: Amoonguss|9\/100\n|move|p2a: Amoonguss|Spore|p1a: Garchomp\n|-status|p1a: Garchomp|slp|[from] move: Spore\n|\n|upkeep\n|\n|t:|1681866790\n|switch|p2b: Flutter Mane|Flutter Mane, L50|100\/100\n|turn|11\n|\n|t:|1681866799\n|cant|p1a: Garchomp|slp\n|move|p2b: Flutter Mane|Shadow Ball|p1a: Garchomp\n|-damage|p1a: Garchomp|0 fnt\n|faint|p1a: Garchomp\n|\n|win|Blizz.vg\n","uploadtime":1681866810,"views":8,"p1id":"kuriboh448","p2id":"blizzvg","formatid":"gen9vgc2023regulationc","rating":0,"private":0,"password":""}