{"id":"gen9vgc2023regulationc-1856325289","p1":"Snorlax +51","p2":"Trullisimo","format":"[Gen 9] VGC 2023 Regulation C","log":"|j|\u2606Snorlax +51\n|j|\u2606Trullisimo\n|t:|1683051023\n|gametype|doubles\n|player|p1|Snorlax +51|hiker-gen4|1327\n|player|p2|Trullisimo|169|1426\n|teamsize|p1|6\n|teamsize|p2|6\n|gen|9\n|tier|[Gen 9] VGC 2023 Regulation C\n|rated|\n|rule|Species Clause: Limit one of each Pok\u00e9mon\n|rule|Item Clause: Limit one of each item\n|clearpoke\n|poke|p1|Armarouge, L50, M|\n|poke|p1|Indeedee-F, L50, F|\n|poke|p1|Sylveon, L50, F|\n|poke|p1|Iron Hands, L50|\n|poke|p1|Gastrodon-East, L50, M|\n|poke|p1|Wo-Chien, L50|\n|poke|p2|Glimmora, L50, M|\n|poke|p2|Dragonite, L50, M|\n|poke|p2|Dondozo, L50, M|\n|poke|p2|Tatsugiri, L50, F|\n|poke|p2|Chi-Yu, L50|\n|poke|p2|Iron Bundle, L50|\n|teampreview|4\n|inactive|Battle timer is ON: inactive players will automatically lose when time's up. (requested by Snorlax +51)\n|\n|t:|1683051072\n|start\n|switch|p1a: Armarouge|Armarouge, L50, M|100\/100\n|switch|p1b: Indeedee|Indeedee-F, L50, F, shiny|100\/100\n|switch|p2a: Dragonite|Dragonite, L50, M, shiny|100\/100\n|switch|p2b: Glimmora|Glimmora, L50, M, shiny|100\/100\n|-fieldstart|move: Psychic Terrain|[from] ability: Psychic Surge|[of] p1b: Indeedee\n|turn|1\n|inactive|Snorlax +51 has 30 seconds left.\n|inactive|Snorlax +51 has 20 seconds left.\n|\n|t:|1683051110\n|move|p1b: Indeedee|Follow Me|p1b: Indeedee\n|-singleturn|p1b: Indeedee|move: Follow Me\n|move|p2a: Dragonite|Ice Spinner|p1b: Indeedee\n|-damage|p1b: Indeedee|58\/100\n|-fieldend|move: Psychic Terrain\n|move|p2b: Glimmora|Mortal Spin|p1a: Armarouge|[spread] p1a,p1b\n|-crit|p1b: Indeedee\n|-damage|p1a: Armarouge|96\/100\n|-damage|p1b: Indeedee|51\/100\n|-status|p1a: Armarouge|psn\n|-status|p1b: Indeedee|psn\n|move|p1a: Armarouge|Trick Room|p1a: Armarouge\n|-fieldstart|move: Trick Room|[of] p1a: Armarouge\n|\n|-damage|p1a: Armarouge|83\/100 psn|[from] psn\n|-damage|p1b: Indeedee|38\/100 psn|[from] psn\n|upkeep\n|turn|2\n|inactive|Trullisimo has 30 seconds left.\n|\n|t:|1683051142\n|-terastallize|p1b: Indeedee|Ghost\n|move|p1a: Armarouge|Expanding Force|p2b: Glimmora\n|-supereffective|p2b: Glimmora\n|-damage|p2b: Glimmora|27\/100\n|-damage|p1a: Armarouge|73\/100 psn|[from] item: Life Orb\n|move|p1b: Indeedee|Skill Swap|p2a: Dragonite\n|-activate|p1b: Indeedee|move: Skill Swap|Multiscale|Psychic Surge|[of] p2a: Dragonite\n|-fieldstart|move: Psychic Terrain|[from] ability: Psychic Surge|[of] p2a: Dragonite\n|move|p2b: Glimmora|Power Gem|p1a: Armarouge\n|-supereffective|p1a: Armarouge\n|-damage|p1a: Armarouge|0 fnt\n|faint|p1a: Armarouge\n|move|p2a: Dragonite|Ice Spinner|p1b: Indeedee\n|-damage|p1b: Indeedee|0 fnt\n|-fieldend|move: Psychic Terrain\n|faint|p1b: Indeedee\n|\n|upkeep\n|\n|t:|1683051155\n|switch|p1a: Iron Hands|Iron Hands, L50|100\/100\n|switch|p1b: Wo-Chien|Wo-Chien, L50|100\/100\n|-ability|p1b: Wo-Chien|Tablets of Ruin\n|-enditem|p1a: Iron Hands|Booster Energy\n|-activate|p1a: Iron Hands|ability: Quark Drive|[fromitem]\n|-start|p1a: Iron Hands|quarkdriveatk\n|turn|3\n|inactive|Snorlax +51 has 30 seconds left.\n|\n|t:|1683051185\n|move|p1a: Iron Hands|Wild Charge|p2a: Dragonite\n|-damage|p2a: Dragonite|39\/100\n|-damage|p1a: Iron Hands|90\/100|[from] Recoil\n|move|p1b: Wo-Chien|Giga Drain|p2b: Glimmora\n|-damage|p2b: Glimmora|10\/100\n|move|p2b: Glimmora|Mortal Spin|p1b: Wo-Chien|[spread] p1a,p1b\n|-supereffective|p1b: Wo-Chien\n|-damage|p1a: Iron Hands|88\/100\n|-damage|p1b: Wo-Chien|94\/100\n|-status|p1a: Iron Hands|psn\n|-status|p1b: Wo-Chien|psn\n|move|p2a: Dragonite|Ice Spinner|p1b: Wo-Chien\n|-supereffective|p1b: Wo-Chien\n|-damage|p1b: Wo-Chien|34\/100 psn\n|\n|-heal|p1b: Wo-Chien|40\/100 psn|[from] item: Leftovers\n|-damage|p1a: Iron Hands|75\/100 psn|[from] psn\n|-damage|p1b: Wo-Chien|28\/100 psn|[from] psn\n|upkeep\n|turn|4\n|inactive|Trullisimo has 30 seconds left.\n|\n|t:|1683051218\n|move|p1a: Iron Hands|Wild Charge|p2a: Dragonite\n|-damage|p2a: Dragonite|0 fnt\n|faint|p2a: Dragonite\n|-damage|p1a: Iron Hands|69\/100 psn|[from] Recoil\n|move|p1b: Wo-Chien|Giga Drain|p2b: Glimmora\n|-damage|p2b: Glimmora|0 fnt\n|-heal|p1b: Wo-Chien|33\/100 psn|[from] drain|[of] p2b: Glimmora\n|faint|p2b: Glimmora\n|\n|-heal|p1b: Wo-Chien|39\/100 psn|[from] item: Leftovers\n|-damage|p1a: Iron Hands|57\/100 psn|[from] psn\n|-damage|p1b: Wo-Chien|27\/100 psn|[from] psn\n|upkeep\n|\n|t:|1683051223\n|switch|p2b: Tatsugiri|Tatsugiri, L50, F|100\/100\n|switch|p2a: Dondozo|Dondozo, L50, M|100\/100\n|-activate|p2b: Tatsugiri|ability: Commander|[of] p2a: Dondozo\n|-boost|p2a: Dondozo|atk|2\n|-boost|p2a: Dondozo|spa|2\n|-boost|p2a: Dondozo|spe|2\n|-boost|p2a: Dondozo|def|2\n|-boost|p2a: Dondozo|spd|2\n|turn|5\n|\n|t:|1683051242\n|move|p2a: Dondozo|Protect|p2a: Dondozo\n|-singleturn|p2a: Dondozo|Protect\n|move|p1a: Iron Hands|Wild Charge|p2a: Dondozo\n|-activate|p2a: Dondozo|move: Protect\n|move|p1b: Wo-Chien|Leech Seed|p2a: Dondozo\n|-activate|p2a: Dondozo|move: Protect\n|\n|-heal|p1b: Wo-Chien|33\/100 psn|[from] item: Leftovers\n|-damage|p1a: Iron Hands|44\/100 psn|[from] psn\n|-damage|p1b: Wo-Chien|20\/100 psn|[from] psn\n|-fieldend|move: Trick Room\n|upkeep\n|turn|6\n|\n|t:|1683051252\n|-terastallize|p2a: Dondozo|Grass\n|move|p2a: Dondozo|Earthquake|p1a: Iron Hands|[spread] p1a,p1b\n|-miss|p2a: Dondozo|p2b: Tatsugiri\n|-supereffective|p1a: Iron Hands\n|-resisted|p1b: Wo-Chien\n|-damage|p1a: Iron Hands|5\/100 psn\n|-damage|p1b: Wo-Chien|7\/100 psn\n|move|p1b: Wo-Chien|Leech Seed|p2a: Dondozo\n|-immune|p2a: Dondozo\n|move|p1a: Iron Hands|Wild Charge|p2a: Dondozo\n|-resisted|p2a: Dondozo\n|-damage|p2a: Dondozo|91\/100\n|-damage|p1a: Iron Hands|3\/100 psn|[from] Recoil\n|\n|-heal|p2a: Dondozo|97\/100|[from] item: Leftovers\n|-heal|p1b: Wo-Chien|14\/100 psn|[from] item: Leftovers\n|-damage|p1b: Wo-Chien|1\/100 psn|[from] psn\n|-damage|p1a: Iron Hands|0 fnt|[from] psn\n|faint|p1a: Iron Hands\n|-end|p1a: Iron Hands|Quark Drive|[silent]\n|upkeep\n|turn|7\n|-message|Snorlax +51 forfeited.\n|\n|win|Trullisimo\n|raw|Snorlax +51's rating: 1327 → 1313<\/strong> (-14 for losing)\n|raw|Trullisimo's rating: 1426 → 1440<\/strong> (+14 for winning)\n|l|\u2606Snorlax +51\n","uploadtime":1683051270,"views":12,"p1id":"snorlax51","p2id":"trullisimo","formatid":"gen9vgc2023regulationc","rating":1313,"private":0,"password":""}