{"id":"gen9vgc2023regulationc-1847683376","p1":"ticko23","p2":"Cstrkr","format":"[Gen 9] VGC 2023 Regulation C","log":"|j|\u2606ticko23\n|j|\u2606Cstrkr\n|t:|1681992006\n|gametype|doubles\n|player|p1|ticko23|burglar|1000\n|player|p2|Cstrkr|marlon|1059\n|teamsize|p1|6\n|teamsize|p2|6\n|gen|9\n|tier|[Gen 9] VGC 2023 Regulation C\n|rated|\n|rule|Species Clause: Limit one of each Pok\u00e9mon\n|rule|Item Clause: Limit one of each item\n|clearpoke\n|poke|p1|Scream Tail, L50|\n|poke|p1|Maushold, L50|\n|poke|p1|Dragapult, L50, F|\n|poke|p1|Grimmsnarl, L50, M|\n|poke|p1|Flutter Mane, L50|\n|poke|p1|Chi-Yu, L50|\n|poke|p2|Chi-Yu, L50|\n|poke|p2|Torkoal, L50, M|\n|poke|p2|Lilligant, L50, F|\n|poke|p2|Dragonite, L50, F|\n|poke|p2|Great Tusk, L50|\n|poke|p2|Iron Bundle, L50|\n|teampreview|4\n|inactive|Battle timer is ON: inactive players will automatically lose when time's up. (requested by Cstrkr)\nCstrkr rejected open team sheets.\n|\n|t:|1681992044\n|start\n|switch|p1a: Maushold|Maushold, L50|100\/100\n|switch|p1b: Dragapult|Dragapult, L50, F|100\/100\n|switch|p2a: Lilligant|Lilligant, L50, F|100\/100\n|switch|p2b: Torkoal|Torkoal, L50, M|100\/100\n|-weather|SunnyDay|[from] ability: Drought|[of] p2b: Torkoal\n|turn|1\n|inactive|ticko23 has 30 seconds left.\n|inactive|Cstrkr has 30 seconds left.\n|inactive|ticko23 has 20 seconds left.\n|\n|t:|1681992081\n|-terastallize|p1b: Dragapult|Dragon\n|-terastallize|p2b: Torkoal|Fire\n|move|p2a: Lilligant|After You|p2b: Torkoal\n|-activate|p2b: Torkoal|move: After You\n|move|p2b: Torkoal|Eruption|p1a: Maushold|[spread] p1a,p1b\n|-resisted|p1b: Dragapult\n|-damage|p1a: Maushold|0 fnt\n|-damage|p1b: Dragapult|16\/100\n|faint|p1a: Maushold\n|move|p1b: Dragapult|Dragon Darts|p2b: Torkoal\n|-damage|p2b: Torkoal|73\/100\n|-anim|p1b: Dragapult|Dragon Darts|p2a: Lilligant\n|-damage|p2a: Lilligant|57\/100\n|\n|-weather|SunnyDay|[upkeep]\n|upkeep\n|\n|t:|1681992091\n|switch|p1a: Chi-Yu|Chi-Yu, L50|100\/100\n|-ability|p1a: Chi-Yu|Beads of Ruin\n|turn|2\n|\n|t:|1681992101\n|move|p2a: Lilligant|Sleep Powder|p1a: Chi-Yu\n|-activate|p1a: Chi-Yu|item: Safety Goggles|Sleep Powder\n|move|p1b: Dragapult|Phantom Force||[still]\n|-prepare|p1b: Dragapult|Phantom Force\n|move|p1a: Chi-Yu|Heat Wave|p2a: Lilligant|[spread] p2a,p2b\n|-supereffective|p2a: Lilligant\n|-crit|p2a: Lilligant\n|-resisted|p2b: Torkoal\n|-damage|p2a: Lilligant|0 fnt\n|-damage|p2b: Torkoal|19\/100\n|faint|p2a: Lilligant\n|move|p2b: Torkoal|Flamethrower|p1b: Dragapult|[miss]\n|-miss|p2b: Torkoal|p1b: Dragapult\n|\n|-weather|SunnyDay|[upkeep]\n|upkeep\n|\n|t:|1681992110\n|switch|p2a: Iron Bundle|Iron Bundle, L50|100\/100\n|turn|3\n|\n|t:|1681992123\n|move|p1a: Chi-Yu|Protect|p1a: Chi-Yu\n|-singleturn|p1a: Chi-Yu|Protect\n|move|p1b: Dragapult|Phantom Force|p2a: Iron Bundle|[from]lockedmove\n|-damage|p2a: Iron Bundle|43\/100\n|move|p2a: Iron Bundle|Hydro Pump|p1a: Chi-Yu\n|-activate|p1a: Chi-Yu|move: Protect\n|move|p2b: Torkoal|Flamethrower|p1b: Dragapult\n|-resisted|p1b: Dragapult\n|-damage|p1b: Dragapult|0 fnt\n|faint|p1b: Dragapult\n|\n|-weather|SunnyDay|[upkeep]\n|upkeep\n|\n|t:|1681992130\n|switch|p1b: Grimmsnarl|Grimmsnarl, L50, M|100\/100\n|turn|4\n|\n|t:|1681992138\n|move|p2a: Iron Bundle|Hydro Pump|p1a: Chi-Yu\n|-supereffective|p1a: Chi-Yu\n|-damage|p1a: Chi-Yu|14\/100\n|-damage|p2a: Iron Bundle|33\/100|[from] item: Life Orb\n|move|p1a: Chi-Yu|Heat Wave|p2a: Iron Bundle|[spread] p2a,p2b\n|-resisted|p2b: Torkoal\n|-damage|p2a: Iron Bundle|0 fnt\n|-damage|p2b: Torkoal|0 fnt\n|faint|p2a: Iron Bundle\n|-end|p2a: Iron Bundle|Quark Drive|[silent]\n|faint|p2b: Torkoal\n|move|p1b: Grimmsnarl|Spirit Break|p2: Iron Bundle|[notarget]\n|-fail|p1b: Grimmsnarl\n|\n|-weather|SunnyDay|[upkeep]\n|upkeep\n|\n|t:|1681992145\n|switch|p2b: Chi-Yu|Chi-Yu, L50|100\/100\n|-ability|p2b: Chi-Yu|Beads of Ruin\n|turn|5\n|\n|t:|1681992165\n|move|p1b: Grimmsnarl|Sucker Punch|p1a: Chi-Yu\n|-resisted|p1a: Chi-Yu\n|-damage|p1a: Chi-Yu|0 fnt\n|faint|p1a: Chi-Yu\n|move|p2b: Chi-Yu|Heat Wave|p1b: Grimmsnarl\n|-damage|p1b: Grimmsnarl|0 fnt\n|faint|p1b: Grimmsnarl\n|\n|win|Cstrkr\n|raw|ticko23's rating: 1000 → 1000<\/strong> (+0 for losing)\n|raw|Cstrkr's rating: 1059 → 1085<\/strong> (+26 for winning)\n|c|\u2606ticko23|Dude wtf\n|c|\u2606Cstrkr|Ty\n|c|\u2606ticko23|Im not clicking that\n|l|\u2606Cstrkr\n|c|\u2606ticko23|wtf is going on\n","uploadtime":1681992210,"views":15,"p1id":"ticko23","p2id":"cstrkr","formatid":"gen9vgc2023regulationc","rating":1000,"private":0,"password":""}