{"id":"gen9vgc2023regulationc-1856740144","p1":"PeekayW","p2":"UniteStoneggugi","format":"[Gen 9] VGC 2023 Regulation C","log":"|j|\u2606PeekayW\n|j|\u2606UniteStoneggugi\n|t:|1683103813\n|gametype|doubles\n|player|p1|PeekayW|102|1124\n|player|p2|UniteStoneggugi|iris-gen5bw2|1037\n|teamsize|p1|6\n|teamsize|p2|6\n|gen|9\n|tier|[Gen 9] VGC 2023 Regulation C\n|rated|\n|rule|Species Clause: Limit one of each Pok\u00e9mon\n|rule|Item Clause: Limit one of each item\n|clearpoke\n|poke|p1|Scizor, L50, M|\n|poke|p1|Flutter Mane, L50|\n|poke|p1|Rotom-Wash, L50|\n|poke|p1|Arcanine, L50, F|\n|poke|p1|Chien-Pao, L50|\n|poke|p1|Great Tusk, L50|\n|poke|p2|Orthworm, L50, M|\n|poke|p2|Ting-Lu, L50|\n|poke|p2|Dragonite, L50, M|\n|poke|p2|Chien-Pao, L50|\n|poke|p2|Gholdengo, L50|\n|poke|p2|Amoonguss, L50, M|\n|teampreview|4\n|inactive|Battle timer is ON: inactive players will automatically lose when time's up. (requested by UniteStoneggugi)\n|inactive|PeekayW has 60 seconds left.\nUniteStoneggugi has agreed to open team sheets.\n|\n|t:|1683103861\n|start\n|switch|p1a: Arcanine|Arcanine, L50, F|100\/100\n|switch|p1b: Rotom|Rotom-Wash, L50|100\/100\n|switch|p2a: Orthworm|Orthworm, L50, M, shiny|100\/100\n|switch|p2b: Ting-Lu|Ting-Lu, L50|100\/100\n|-ability|p1a: Arcanine|Intimidate|boost\n|-unboost|p2a: Orthworm|atk|1\n|-unboost|p2b: Ting-Lu|atk|1\n|-ability|p2b: Ting-Lu|Vessel of Ruin\n|turn|1\n|\n|t:|1683103880\n|move|p1a: Arcanine|Flare Blitz|p2a: Orthworm\n|-supereffective|p2a: Orthworm\n|-crit|p2a: Orthworm\n|-damage|p2a: Orthworm|0 fnt\n|faint|p2a: Orthworm\n|-damage|p1a: Arcanine|75\/100|[from] Recoil\n|move|p1b: Rotom|Will-O-Wisp|p2b: Ting-Lu\n|-status|p2b: Ting-Lu|brn\n|move|p2b: Ting-Lu|Earthquake|p1b: Rotom|[spread] p1a\n|-immune|p1b: Rotom|[from] ability: Levitate\n|-supereffective|p1a: Arcanine\n|-damage|p1a: Arcanine|51\/100\n|\n|-damage|p2b: Ting-Lu|94\/100 brn|[from] brn\n|upkeep\n|\n|t:|1683103902\n|switch|p2a: Dragonite|Dragonite, L50, M, shiny|100\/100\n|turn|2\n|\n|t:|1683103917\n|move|p1a: Arcanine|Extreme Speed|p2a: Dragonite\n|-damage|p2a: Dragonite|89\/100\n|move|p1b: Rotom|Hydro Pump|p2b: Ting-Lu\n|-supereffective|p2b: Ting-Lu\n|-damage|p2b: Ting-Lu|47\/100 brn\n|move|p2a: Dragonite|Dragon Claw|p1b: Rotom\n|-damage|p1b: Rotom|50\/100\n|-damage|p2a: Dragonite|79\/100|[from] item: Life Orb\n|move|p2b: Ting-Lu|Throat Chop|p1b: Rotom\n|-crit|p1b: Rotom\n|-damage|p1b: Rotom|25\/100\n|-start|p1b: Rotom|Throat Chop|[silent]\n|\n|-heal|p1b: Rotom|31\/100|[from] item: Leftovers\n|-heal|p2b: Ting-Lu|54\/100 brn|[from] item: Leftovers\n|-damage|p2b: Ting-Lu|47\/100 brn|[from] brn\n|upkeep\n|turn|3\n|inactive|PeekayW has 30 seconds left.\n|\n|t:|1683103950\n|move|p1b: Rotom|Protect|p1b: Rotom\n|-singleturn|p1b: Rotom|Protect\n|move|p2a: Dragonite|Extreme Speed|p1b: Rotom\n|-activate|p1b: Rotom|move: Protect\n|move|p1a: Arcanine|Flare Blitz|p2b: Ting-Lu\n|-damage|p2b: Ting-Lu|16\/100 brn\n|-damage|p1a: Arcanine|39\/100|[from] Recoil\n|move|p2b: Ting-Lu|Stealth Rock|p1b: Rotom\n|-sidestart|p1: PeekayW|move: Stealth Rock\n|\n|-heal|p1b: Rotom|37\/100|[from] item: Leftovers\n|-heal|p2b: Ting-Lu|22\/100 brn|[from] item: Leftovers\n|-damage|p2b: Ting-Lu|16\/100 brn|[from] brn\n|-end|p1b: Rotom|Throat Chop|[silent]\n|upkeep\n|turn|4\n|\n|t:|1683103970\n|switch|p1b: Scizor|Scizor, L50, M|100\/100\n|-damage|p1b: Scizor|88\/100|[from] Stealth Rock\n|move|p1a: Arcanine|Extreme Speed|p2b: Ting-Lu\n|-damage|p2b: Ting-Lu|1\/100 brn\n|move|p2a: Dragonite|Dragon Claw|p1b: Scizor\n|-resisted|p1b: Scizor\n|-damage|p1b: Scizor|58\/100\n|-damage|p2a: Dragonite|70\/100|[from] item: Life Orb\n|move|p2b: Ting-Lu|Earthquake|p1a: Arcanine|[spread] p1a,p1b\n|-immune|p2a: Dragonite\n|-supereffective|p1a: Arcanine\n|-damage|p1a: Arcanine|12\/100\n|-damage|p1b: Scizor|47\/100\n|\n|-heal|p2b: Ting-Lu|7\/100 brn|[from] item: Leftovers\n|-damage|p2b: Ting-Lu|1\/100 brn|[from] brn\n|upkeep\n|turn|5\n|inactive|PeekayW has 30 seconds left.\n|inactive|UniteStoneggugi has 30 seconds left.\n|\n|t:|1683103999\n|switch|p1a: Rotom|Rotom-Wash, L50|37\/100\n|-damage|p1a: Rotom|25\/100|[from] Stealth Rock\n|-terastallize|p2a: Dragonite|Flying\n|move|p1b: Scizor|Bullet Punch|p2b: Ting-Lu\n|-damage|p2b: Ting-Lu|0 fnt\n|faint|p2b: Ting-Lu\n|move|p2a: Dragonite|Tera Blast|p1b: Scizor\n|-damage|p1b: Scizor|0 fnt\n|faint|p1b: Scizor\n|-damage|p2a: Dragonite|60\/100|[from] item: Life Orb\n|\n|-heal|p1a: Rotom|30\/100|[from] item: Leftovers\n|upkeep\n|\n|t:|1683104016\n|switch|p1b: Arcanine|Arcanine, L50, F|12\/100\n|switch|p2b: Chien-Pao|Chien-Pao, L50|100\/100\n|-ability|p2b: Chien-Pao|Sword of Ruin\n|-damage|p1b: Arcanine|0 fnt|[from] Stealth Rock\n|faint|p1b: Arcanine\n|\n|t:|1683104023\n|switch|p1b: Flutter Mane|Flutter Mane, L50|100\/100\n|-damage|p1b: Flutter Mane|88\/100|[from] Stealth Rock\n|turn|6\n|\n|t:|1683104036\n|move|p1b: Flutter Mane|Protect|p1b: Flutter Mane\n|-singleturn|p1b: Flutter Mane|Protect\n|move|p1a: Rotom|Protect|p1a: Rotom\n|-singleturn|p1a: Rotom|Protect\n|move|p2b: Chien-Pao|Sucker Punch||[still]\n|-fail|p2b: Chien-Pao\n|move|p2a: Dragonite|Dragon Claw|p1a: Rotom\n|-activate|p1a: Rotom|move: Protect\n|\n|-heal|p1a: Rotom|36\/100|[from] item: Leftovers\n|upkeep\n|turn|7\n|\n|t:|1683104061\n|-terastallize|p1b: Flutter Mane|Fairy\n|move|p2b: Chien-Pao|Protect|p2b: Chien-Pao\n|-singleturn|p2b: Chien-Pao|Protect\n|move|p1b: Flutter Mane|Moonblast|p2b: Chien-Pao\n|-activate|p2b: Chien-Pao|move: Protect\n|move|p1a: Rotom|Thunderbolt|p2a: Dragonite\n|-supereffective|p2a: Dragonite\n|-damage|p2a: Dragonite|0 fnt\n|faint|p2a: Dragonite\n|\n|-heal|p1a: Rotom|42\/100|[from] item: Leftovers\n|upkeep\n|turn|8\n|\n|t:|1683104076\n|move|p1a: Rotom|Protect|p1a: Rotom\n|-singleturn|p1a: Rotom|Protect\n|move|p2b: Chien-Pao|Ice Spinner|p1b: Flutter Mane\n|-damage|p1b: Flutter Mane|0 fnt\n|faint|p1b: Flutter Mane\n|-end|p1b: Flutter Mane|Protosynthesis|[silent]\n|\n|-heal|p1a: Rotom|48\/100|[from] item: Leftovers\n|upkeep\n|turn|9\n|\n|t:|1683104089\n|move|p2b: Chien-Pao|Sacred Sword|p1a: Rotom\n|-damage|p1a: Rotom|11\/100\n|move|p1a: Rotom|Will-O-Wisp|p2b: Chien-Pao\n|-status|p2b: Chien-Pao|brn\n|\n|-heal|p1a: Rotom|17\/100|[from] item: Leftovers\n|-damage|p2b: Chien-Pao|95\/100 brn|[from] brn\n|upkeep\n|turn|10\n|\n|t:|1683104101\n|move|p2b: Chien-Pao|Protect|p2b: Chien-Pao\n|-singleturn|p2b: Chien-Pao|Protect\n|move|p1a: Rotom|Protect||[still]\n|-fail|p1a: Rotom\n|\n|-heal|p1a: Rotom|23\/100|[from] item: Leftovers\n|-damage|p2b: Chien-Pao|89\/100 brn|[from] brn\n|upkeep\n|turn|11\n|\n|t:|1683104111\n|move|p1a: Rotom|Protect|p1a: Rotom\n|-singleturn|p1a: Rotom|Protect\n|move|p2b: Chien-Pao|Sacred Sword|p1a: Rotom\n|-activate|p1a: Rotom|move: Protect\n|\n|-heal|p1a: Rotom|29\/100|[from] item: Leftovers\n|-damage|p2b: Chien-Pao|83\/100 brn|[from] brn\n|upkeep\n|turn|12\n|\n|t:|1683104122\n|move|p2b: Chien-Pao|Sucker Punch|p1a: Rotom\n|-damage|p1a: Rotom|6\/100\n|move|p1a: Rotom|Thunderbolt|p2b: Chien-Pao\n|-damage|p2b: Chien-Pao|25\/100 brn\n|\n|-heal|p1a: Rotom|12\/100|[from] item: Leftovers\n|-damage|p2b: Chien-Pao|20\/100 brn|[from] brn\n|upkeep\n|turn|13\n|\n|t:|1683104133\n|move|p1a: Rotom|Protect|p1a: Rotom\n|-singleturn|p1a: Rotom|Protect\n|move|p2b: Chien-Pao|Sacred Sword|p1a: Rotom\n|-activate|p1a: Rotom|move: Protect\n|\n|-heal|p1a: Rotom|18\/100|[from] item: Leftovers\n|-damage|p2b: Chien-Pao|14\/100 brn|[from] brn\n|upkeep\n|turn|14\n|\n|t:|1683104143\n|move|p1a: Rotom|Protect|p1a: Rotom\n|-singleturn|p1a: Rotom|Protect\n|move|p2b: Chien-Pao|Sacred Sword|p1a: Rotom\n|-activate|p1a: Rotom|move: Protect\n|\n|-heal|p1a: Rotom|23\/100|[from] item: Leftovers\n|-damage|p2b: Chien-Pao|8\/100 brn|[from] brn\n|upkeep\n|turn|15\n|\n|t:|1683104155\n|move|p1a: Rotom|Protect||[still]\n|-fail|p1a: Rotom\n|move|p2b: Chien-Pao|Sacred Sword|p1a: Rotom\n|-damage|p1a: Rotom|6\/100\n|\n|-heal|p1a: Rotom|12\/100|[from] item: Leftovers\n|-damage|p2b: Chien-Pao|2\/100 brn|[from] brn\n|upkeep\n|turn|16\n|-message|UniteStoneggugi forfeited.\n|\n|win|PeekayW\n|raw|PeekayW's rating: 1124 → 1143<\/strong> (+19 for winning)\n|raw|UniteStoneggugi's rating: 1037 → 1025<\/strong> (-12 for losing)\n|l|\u2606UniteStoneggugi\n","uploadtime":1683104168,"views":17,"p1id":"peekayw","p2id":"unitestoneggugi","formatid":"gen9vgc2023regulationc","rating":1025,"private":0,"password":""}