{"id":"gen9vgc2023regulationc-1847197249","p1":"Gunterzilla","p2":"zake 93","format":"[Gen 9] VGC 2023 Regulation C","log":"|j|\u2606Gunterzilla\n|j|\u2606zake 93\n|t:|1681927012\n|gametype|doubles\n|player|p1|Gunterzilla|266|1068\n|player|p2|zake 93|102|1132\n|teamsize|p1|6\n|teamsize|p2|6\n|gen|9\n|tier|[Gen 9] VGC 2023 Regulation C\n|rated|\n|rule|Species Clause: Limit one of each Pok\u00e9mon\n|rule|Item Clause: Limit one of each item\n|clearpoke\n|poke|p1|Tyranitar, L50, F|\n|poke|p1|Flutter Mane, L50|\n|poke|p1|Arcanine, L50, F|\n|poke|p1|Gastrodon, L50, M|\n|poke|p1|Talonflame, L50, M|\n|poke|p1|Wo-Chien, L50|\n|poke|p2|Flutter Mane, L50|\n|poke|p2|Chi-Yu, L50|\n|poke|p2|Arcanine, L50, M|\n|poke|p2|Amoonguss, L50, F|\n|poke|p2|Corviknight, L50, F|\n|poke|p2|Palafin, L50, M|\n|teampreview|4\n|inactive|Battle timer is ON: inactive players will automatically lose when time's up. (requested by Gunterzilla)\n|\n|t:|1681927062\n|start\n|switch|p1a: Talonflame|Talonflame, L50, M|100\/100\n|switch|p1b: Tyranitar|Tyranitar, L50, F|100\/100\n|switch|p2a: Flutter Mane|Flutter Mane, L50|100\/100\n|switch|p2b: Chi-Yu|Chi-Yu, L50|100\/100\n|-ability|p2b: Chi-Yu|Beads of Ruin\n|-weather|Sandstorm|[from] ability: Sand Stream|[of] p1b: Tyranitar\n|turn|1\n|\n|t:|1681927081\n|-terastallize|p2a: Flutter Mane|Ghost\n|move|p1a: Talonflame|Tailwind|p1a: Talonflame\n|-sidestart|p1: Gunterzilla|move: Tailwind\n|move|p2b: Chi-Yu|Dark Pulse|p1a: Talonflame\n|-damage|p1a: Talonflame|32\/100\n|move|p1b: Tyranitar|Rock Slide|p2a: Flutter Mane|[spread] p2a\n|-miss|p1b: Tyranitar|p2b: Chi-Yu\n|-enditem|p2a: Flutter Mane|Focus Sash\n|-damage|p2a: Flutter Mane|1\/100\n|move|p2a: Flutter Mane|Moonblast|p1b: Tyranitar\n|-supereffective|p1b: Tyranitar\n|-damage|p1b: Tyranitar|9\/100\n|\n|-weather|Sandstorm|[upkeep]\n|-damage|p2b: Chi-Yu|94\/100|[from] Sandstorm\n|-damage|p2a: Flutter Mane|0 fnt|[from] Sandstorm\n|faint|p2a: Flutter Mane\n|-end|p2a: Flutter Mane|Protosynthesis|[silent]\n|upkeep\n|\n|t:|1681927102\n|switch|p2a: Amoonguss|Amoonguss, L50, F|100\/100\n|turn|2\n|\n|t:|1681927115\n|switch|p2b: Corviknight|Corviknight, L50, F|100\/100\n|move|p2a: Amoonguss|Protect|p2a: Amoonguss\n|-singleturn|p2a: Amoonguss|Protect\n|move|p1a: Talonflame|Taunt|p2a: Amoonguss\n|-activate|p2a: Amoonguss|move: Protect\n|move|p1b: Tyranitar|Rock Slide|p2b: Corviknight|[spread] \n|-activate|p2a: Amoonguss|move: Protect\n|-miss|p1b: Tyranitar|p2b: Corviknight\n|\n|-weather|Sandstorm|[upkeep]\n|-damage|p2a: Amoonguss|95\/100|[from] Sandstorm\n|upkeep\n|turn|3\n|\n|t:|1681927136\n|move|p2b: Corviknight|Protect|p2b: Corviknight\n|-singleturn|p2b: Corviknight|Protect\n|move|p2a: Amoonguss|Rage Powder|p2a: Amoonguss\n|-singleturn|p2a: Amoonguss|move: Rage Powder\n|move|p1a: Talonflame|Taunt|p2a: Amoonguss\n|-start|p2a: Amoonguss|move: Taunt\n|move|p1b: Tyranitar|Rock Slide|p2a: Amoonguss|[spread] \n|-activate|p2b: Corviknight|move: Protect\n|-miss|p1b: Tyranitar|p2a: Amoonguss\n|\n|-weather|Sandstorm|[upkeep]\n|-damage|p2a: Amoonguss|89\/100|[from] Sandstorm\n|upkeep\n|turn|4\n|inactive|Gunterzilla has 30 seconds left.\n|inactive|zake 93 has 30 seconds left.\n|inactive|zake 93 has 20 seconds left.\n|\n|t:|1681927171\n|switch|p2b: Chi-Yu|Chi-Yu, L50|94\/100\n|-ability|p2b: Chi-Yu|Beads of Ruin\n|move|p1a: Talonflame|Taunt|p2b: Chi-Yu\n|-start|p2b: Chi-Yu|move: Taunt\n|move|p1b: Tyranitar|Rock Slide|p2b: Chi-Yu|[spread] p2b\n|-miss|p1b: Tyranitar|p2a: Amoonguss\n|-supereffective|p2b: Chi-Yu\n|-damage|p2b: Chi-Yu|0 fnt\n|faint|p2b: Chi-Yu\n|move|p2a: Amoonguss|Pollen Puff|p1b: Tyranitar\n|-supereffective|p1b: Tyranitar\n|-damage|p1b: Tyranitar|0 fnt\n|faint|p1b: Tyranitar\n|\n|-weather|Sandstorm|[upkeep]\n|-damage|p2a: Amoonguss|83\/100|[from] Sandstorm\n|-sideend|p1: Gunterzilla|move: Tailwind\n|upkeep\n|\n|t:|1681927192\n|switch|p2b: Corviknight|Corviknight, L50, F|100\/100\n|switch|p1b: Arcanine|Arcanine, L50, F|100\/100\n|-ability|p1b: Arcanine|Intimidate|boost\n|-unboost|p2a: Amoonguss|atk|1\n|-ability|p2b: Corviknight|Mirror Armor\n|-unboost|p1b: Arcanine|atk|1\n|turn|5\n|\n|t:|1681927208\n|-terastallize|p1b: Arcanine|Grass\n|move|p1a: Talonflame|Taunt|p2b: Corviknight\n|-start|p2b: Corviknight|move: Taunt\n|move|p1b: Arcanine|Flare Blitz|p2a: Amoonguss\n|-supereffective|p2a: Amoonguss\n|-damage|p2a: Amoonguss|19\/100\n|-enditem|p2a: Amoonguss|Sitrus Berry|[eat]\n|-heal|p2a: Amoonguss|43\/100|[from] item: Sitrus Berry\n|-damage|p1b: Arcanine|74\/100|[from] Recoil\n|move|p2b: Corviknight|Brave Bird|p1a: Talonflame\n|-damage|p1a: Talonflame|0 fnt\n|faint|p1a: Talonflame\n|-damage|p2b: Corviknight|91\/100|[from] Recoil\n|move|p2a: Amoonguss|Pollen Puff|p1b: Arcanine\n|-supereffective|p1b: Arcanine\n|-damage|p1b: Arcanine|45\/100\n|\n|-weather|none\n|upkeep\n|\n|t:|1681927220\n|switch|p1a: Gastrodon|Gastrodon, L50, M|100\/100\n|turn|6\n|\n|t:|1681927234\n|move|p1b: Arcanine|Flare Blitz|p2b: Corviknight\n|-supereffective|p2b: Corviknight\n|-damage|p2b: Corviknight|24\/100\n|-damage|p1b: Arcanine|18\/100|[from] Recoil\n|move|p2b: Corviknight|Brave Bird|p1b: Arcanine\n|-supereffective|p1b: Arcanine\n|-damage|p1b: Arcanine|0 fnt\n|faint|p1b: Arcanine\n|-damage|p2b: Corviknight|19\/100|[from] Recoil\n|move|p1a: Gastrodon|Earth Power|p2a: Amoonguss\n|-damage|p2a: Amoonguss|17\/100\n|move|p2a: Amoonguss|Pollen Puff|p1a: Gastrodon\n|-damage|p1a: Gastrodon|84\/100\n|\n|-end|p2a: Amoonguss|move: Taunt\n|upkeep\n|turn|7\n|inactive|zake 93 has 30 seconds left.\n|inactive|zake 93 has 20 seconds left.\n|\n|t:|1681927274\n|move|p2b: Corviknight|Iron Head|p1a: Gastrodon\n|-resisted|p1a: Gastrodon\n|-damage|p1a: Gastrodon|73\/100\n|move|p1a: Gastrodon|Muddy Water|p2b: Corviknight|[spread] p2a\n|-miss|p1a: Gastrodon|p2b: Corviknight\n|-resisted|p2a: Amoonguss\n|-damage|p2a: Amoonguss|7\/100\n|move|p2a: Amoonguss|Pollen Puff|p2b: Corviknight\n|-heal|p2b: Corviknight|69\/100\n|\n|-end|p2b: Corviknight|move: Taunt\n|upkeep\n|turn|8\n|\n|t:|1681927295\n|move|p2a: Amoonguss|Protect|p2a: Amoonguss\n|-singleturn|p2a: Amoonguss|Protect\n|move|p2b: Corviknight|Taunt|p1a: Gastrodon\n|-start|p1a: Gastrodon|move: Taunt\n|move|p1a: Gastrodon|Muddy Water|p2a: Amoonguss|[spread] p2b\n|-activate|p2a: Amoonguss|move: Protect\n|-damage|p2b: Corviknight|50\/100\n|\n|upkeep\n|turn|9\n|\n|t:|1681927314\n|move|p2b: Corviknight|Brave Bird|p1a: Gastrodon\n|-damage|p1a: Gastrodon|33\/100\n|-damage|p2b: Corviknight|37\/100|[from] Recoil\n|move|p1a: Gastrodon|Muddy Water|p2a: Amoonguss|[spread] p2a\n|-miss|p1a: Gastrodon|p2b: Corviknight\n|-resisted|p2a: Amoonguss\n|-damage|p2a: Amoonguss|0 fnt\n|faint|p2a: Amoonguss\n|\n|upkeep\n|turn|10\n|\n|t:|1681927329\n|move|p2b: Corviknight|Brave Bird|p1a: Gastrodon\n|-damage|p1a: Gastrodon|0 fnt\n|faint|p1a: Gastrodon\n|-damage|p2b: Corviknight|26\/100|[from] Recoil\n|\n|win|zake 93\n|raw|Gunterzilla's rating: 1068 → 1051<\/strong> (-17 for losing)\n|raw|zake 93's rating: 1132 → 1152<\/strong> (+20 for winning)\n|c|\u2606zake 93|great combat\n|l|\u2606Gunterzilla\n","uploadtime":1681927357,"views":13,"p1id":"gunterzilla","p2id":"zake93","formatid":"gen9vgc2023regulationc","rating":1051,"private":0,"password":""}