{"id":"gen9vgc2023regulationc-1855347047","p1":"Deadhead Omega","p2":"ShortbreadDread","format":"[Gen 9] VGC 2023 Regulation C","log":"|j|\u2606Deadhead Omega\n|j|\u2606ShortbreadDread\n|t:|1682940952\n|gametype|doubles\n|player|p1|Deadhead Omega|benga|1351\n|player|p2|ShortbreadDread|dancer|1396\n|teamsize|p1|6\n|teamsize|p2|6\n|gen|9\n|tier|[Gen 9] VGC 2023 Regulation C\n|rated|\n|rule|Species Clause: Limit one of each Pok\u00e9mon\n|rule|Item Clause: Limit one of each item\n|clearpoke\n|poke|p1|Chi-Yu, L50|\n|poke|p1|Gyarados, L50, F|\n|poke|p1|Iron Hands, L50|\n|poke|p1|Ting-Lu, L50|\n|poke|p1|Flutter Mane, L50|\n|poke|p1|Amoonguss, L50, M|\n|poke|p2|Chi-Yu, L50|\n|poke|p2|Flutter Mane, L50|\n|poke|p2|Amoonguss, L50, F|\n|poke|p2|Ceruledge, L50, F|\n|poke|p2|Iron Hands, L50|\n|poke|p2|Iron Bundle, L50|\n|teampreview|4\n|inactive|Battle timer is ON: inactive players will automatically lose when time's up. (requested by ShortbreadDread)\n|inactive|Deadhead Omega has 60 seconds left.\n|\n|t:|1682940999\n|start\n|switch|p1a: Flutter Mane|Flutter Mane, L50|100\/100\n|switch|p1b: Iron Hands|Iron Hands, L50|100\/100\n|switch|p2a: Iron Hands|Iron Hands, L50|100\/100\n|switch|p2b: Hornet|Amoonguss, L50, F|100\/100\n|turn|1\n|\n|t:|1682941026\n|-terastallize|p1a: Flutter Mane|Fairy\n|move|p1b: Iron Hands|Fake Out|p2b: Hornet\n|-damage|p2b: Hornet|88\/100\n|move|p2a: Iron Hands|Fake Out|p1b: Iron Hands\n|-crit|p1b: Iron Hands\n|-damage|p1b: Iron Hands|82\/100\n|move|p1a: Flutter Mane|Moonblast|p2a: Iron Hands\n|-supereffective|p2a: Iron Hands\n|-damage|p2a: Iron Hands|0 fnt\n|faint|p2a: Iron Hands\n|-end|p2a: Iron Hands|Quark Drive|[silent]\n|cant|p2b: Hornet|flinch\n|\n|upkeep\n|\n|t:|1682941036\n|switch|p2a: White Death|Ceruledge, L50, F|100\/100\n|turn|2\n|inactive|Deadhead Omega has 30 seconds left.\n|\n|t:|1682941064\n|move|p1a: Flutter Mane|Moonblast|p2b: Hornet\n|-resisted|p2b: Hornet\n|-damage|p2b: Hornet|47\/100\n|-enditem|p2b: Hornet|Sitrus Berry|[eat]\n|-heal|p2b: Hornet|72\/100|[from] item: Sitrus Berry\n|move|p2a: White Death|Bulk Up|p2a: White Death\n|-boost|p2a: White Death|atk|1\n|-boost|p2a: White Death|def|1\n|move|p1b: Iron Hands|Ice Punch|p2b: Hornet\n|-supereffective|p2b: Hornet\n|-damage|p2b: Hornet|30\/100\n|move|p2b: Hornet|Spore|p1b: Iron Hands\n|-status|p1b: Iron Hands|slp|[from] move: Spore\n|\n|upkeep\n|turn|3\n|inactive|Deadhead Omega has 30 seconds left.\n|\n|t:|1682941093\n|move|p2b: Hornet|Protect|p2b: Hornet\n|-singleturn|p2b: Hornet|Protect\n|move|p1a: Flutter Mane|Moonblast|p2b: Hornet\n|-activate|p2b: Hornet|move: Protect\n|move|p2a: White Death|Bitter Blade|p1a: Flutter Mane\n|-damage|p1a: Flutter Mane|0 fnt\n|faint|p1a: Flutter Mane\n|-end|p1a: Flutter Mane|Protosynthesis|[silent]\n|cant|p1b: Iron Hands|slp\n|\n|upkeep\n|\n|t:|1682941109\n|switch|p1a: Chi-Yu|Chi-Yu, L50|100\/100\n|-ability|p1a: Chi-Yu|Beads of Ruin\n|turn|4\n|\n|t:|1682941128\n|switch|p2b: Nanao|Chi-Yu, L50|100\/100\n|-ability|p2b: Nanao|Beads of Ruin\n|move|p2a: White Death|Protect|p2a: White Death\n|-singleturn|p2a: White Death|Protect\n|move|p1a: Chi-Yu|Dark Pulse|p2b: Nanao\n|-resisted|p2b: Nanao\n|-damage|p2b: Nanao|78\/100\n|-curestatus|p1b: Iron Hands|slp|[msg]\n|move|p1b: Iron Hands|Wild Charge|p2a: White Death\n|-activate|p2a: White Death|move: Protect\n|\n|upkeep\n|turn|5\n|\n|t:|1682941153\n|switch|p1a: Ting-Lu|Ting-Lu, L50|100\/100\n|-ability|p1a: Ting-Lu|Vessel of Ruin\n|-terastallize|p2a: White Death|Grass\n|move|p2b: Nanao|Snarl|p1a: Ting-Lu|[spread] p1a,p1b\n|-resisted|p1a: Ting-Lu\n|-resisted|p1b: Iron Hands\n|-damage|p1a: Ting-Lu|91\/100\n|-damage|p1b: Iron Hands|76\/100\n|-unboost|p1a: Ting-Lu|spa|1\n|-unboost|p1b: Iron Hands|spa|1\n|move|p2a: White Death|Bitter Blade|p1b: Iron Hands\n|-damage|p1b: Iron Hands|29\/100\n|move|p1b: Iron Hands|Drain Punch|p2b: Nanao\n|-supereffective|p2b: Nanao\n|-damage|p2b: Nanao|0 fnt\n|-heal|p1b: Iron Hands|50\/100|[from] drain|[of] p2b: Nanao\n|faint|p2b: Nanao\n|\n|upkeep\n|\n|t:|1682941156\n|switch|p2b: Hornet|Amoonguss, L50, F|63\/100\n|turn|6\n|inactive|Deadhead Omega has 30 seconds left.\n|inactive|Deadhead Omega has 20 seconds left.\n|\n|t:|1682941192\n|move|p2a: White Death|Bitter Blade|p1b: Iron Hands\n|-damage|p1b: Iron Hands|0 fnt\n|faint|p1b: Iron Hands\n|-end|p1b: Iron Hands|Quark Drive|[silent]\n|move|p1a: Ting-Lu|Fissure|p2a: White Death|[miss]\n|-miss|p1a: Ting-Lu|p2a: White Death\n|move|p2b: Hornet|Spore|p1a: Ting-Lu\n|-status|p1a: Ting-Lu|slp|[from] move: Spore\n|-enditem|p1a: Ting-Lu|Lum Berry|[eat]\n|-curestatus|p1a: Ting-Lu|slp|[msg]\n|\n|upkeep\n|\n|t:|1682941200\n|switch|p1b: Chi-Yu|Chi-Yu, L50|100\/100\n|-ability|p1b: Chi-Yu|Beads of Ruin\n|turn|7\n|\n|t:|1682941223\n|move|p1b: Chi-Yu|Protect|p1b: Chi-Yu\n|-singleturn|p1b: Chi-Yu|Protect\n|move|p2b: Hornet|Protect|p2b: Hornet\n|-singleturn|p2b: Hornet|Protect\n|move|p2a: White Death|Bitter Blade|p1a: Ting-Lu\n|-damage|p1a: Ting-Lu|45\/100\n|move|p1a: Ting-Lu|Fissure|p2a: White Death|[miss]\n|-miss|p1a: Ting-Lu|p2a: White Death\n|\n|upkeep\n|turn|8\n|\n|t:|1682941244\n|move|p1b: Chi-Yu|Dark Pulse|p2a: White Death\n|-damage|p2a: White Death|64\/100\n|move|p2a: White Death|Bitter Blade|p1a: Ting-Lu\n|-damage|p1a: Ting-Lu|2\/100\n|-heal|p2a: White Death|91\/100|[from] drain|[of] p1a: Ting-Lu\n|move|p1a: Ting-Lu|Fissure|p2a: White Death\n|-damage|p2a: White Death|0 fnt\n|faint|p2a: White Death\n|-ohko\n|move|p2b: Hornet|Spore|p1b: Chi-Yu\n|-status|p1b: Chi-Yu|slp|[from] move: Spore\n|\n|upkeep\n|turn|9\n|\n|t:|1682941266\n|cant|p1b: Chi-Yu|slp\n|move|p1a: Ting-Lu|Stomping Tantrum|p2b: Hornet\n|-damage|p2b: Hornet|34\/100\n|move|p2b: Hornet|Pollen Puff|p1a: Ting-Lu\n|-supereffective|p1a: Ting-Lu\n|-damage|p1a: Ting-Lu|0 fnt\n|faint|p1a: Ting-Lu\n|\n|upkeep\n|turn|10\n|\n|t:|1682941274\n|cant|p1b: Chi-Yu|slp\n|move|p2b: Hornet|Pollen Puff|p1b: Chi-Yu\n|-damage|p1b: Chi-Yu|83\/100 slp\n|\n|-heal|p1b: Chi-Yu|89\/100 slp|[from] item: Leftovers\n|upkeep\n|turn|11\n|\n|t:|1682941288\n|-curestatus|p1b: Chi-Yu|slp|[msg]\n|move|p1b: Chi-Yu|Heat Wave|p2b: Hornet\n|-supereffective|p2b: Hornet\n|-damage|p2b: Hornet|0 fnt\n|faint|p2b: Hornet\n|\n|win|Deadhead Omega\n|raw|Deadhead Omega's rating: 1351 → 1374<\/strong> (+23 for winning)\n|raw|ShortbreadDread's rating: 1396 → 1373<\/strong> (-23 for losing)\n|l|\u2606Deadhead Omega\n","uploadtime":1682941292,"views":19,"p1id":"deadheadomega","p2id":"shortbreaddread","formatid":"gen9vgc2023regulationc","rating":1373,"private":0,"password":""}