{"id":"gen9vgc2023regulationc-1859237905","p1":"Pink or purple","p2":"FlockOfDeagles","format":"[Gen 9] VGC 2023 Regulation C","log":"|j|\u2606Pink or purple\n|j|\u2606FlockOfDeagles\n|t:|1683422180\n|gametype|doubles\n|player|p1|Pink or purple|opal|1252\n|player|p2|FlockOfDeagles|chuck|1203\n|teamsize|p1|6\n|teamsize|p2|6\n|gen|9\n|tier|[Gen 9] VGC 2023 Regulation C\n|rated|\n|rule|Species Clause: Limit one of each Pok\u00e9mon\n|rule|Item Clause: Limit one of each item\n|clearpoke\n|poke|p1|Flutter Mane, L50|\n|poke|p1|Great Tusk, L50|\n|poke|p1|Chien-Pao, L50|\n|poke|p1|Brambleghast, L50, F|\n|poke|p1|Murkrow, L50, M|\n|poke|p1|Dragonite, L50, F|\n|poke|p2|Great Tusk, L50|\n|poke|p2|Glimmora, L50, M|\n|poke|p2|Murkrow, L50, M|\n|poke|p2|Chi-Yu, L50|\n|poke|p2|Flutter Mane, L50|\n|poke|p2|Amoonguss, L50, M|\n|teampreview|4\n|inactive|Battle timer is ON: inactive players will automatically lose when time's up. (requested by FlockOfDeagles)\n|inactive|Pink or purple also wants the timer to be on.\n|inactive|FlockOfDeagles has 60 seconds left.\n|\n|t:|1683422219\n|start\n|switch|p1a: Murkrow|Murkrow, L50, M|100\/100\n|switch|p1b: Great Tusk|Great Tusk, L50|100\/100\n|switch|p2a: Murkrow|Murkrow, L50, M|100\/100\n|switch|p2b: RoseBud|Glimmora, L50, M|100\/100\n|turn|1\n|\n|t:|1683422232\n|move|p2a: Murkrow|Tailwind|p2a: Murkrow\n|-sidestart|p2: FlockOfDeagles|move: Tailwind\n|move|p1a: Murkrow|Tailwind|p1a: Murkrow\n|-sidestart|p1: Pink or purple|move: Tailwind\n|move|p1b: Great Tusk|Earthquake|p2b: RoseBud|[spread] p2b\n|-immune|p1a: Murkrow\n|-immune|p2a: Murkrow\n|-supereffective|p2b: RoseBud\n|-damage|p2b: RoseBud|0 fnt\n|-activate|p2b: RoseBud|ability: Toxic Debris\n|-sidestart|p1: Pink or purple|move: Toxic Spikes\n|faint|p2b: RoseBud\n|\n|upkeep\n|\n|t:|1683422245\n|switch|p2b: Teefers|Great Tusk, L50|100\/100\n|turn|2\n|\n|t:|1683422265\n|move|p1b: Great Tusk|Earthquake|p2a: Murkrow|[spread] p2b\n|-immune|p1a: Murkrow\n|-immune|p2a: Murkrow\n|-damage|p2b: Teefers|70\/100\n|move|p2b: Teefers|Close Combat|p1b: Great Tusk\n|-damage|p1b: Great Tusk|57\/100\n|-unboost|p2b: Teefers|def|1\n|-unboost|p2b: Teefers|spd|1\n|move|p1a: Murkrow|Foul Play|p2b: Teefers\n|-resisted|p2b: Teefers\n|-damage|p2b: Teefers|43\/100\n|move|p2a: Murkrow|Foul Play|p1b: Great Tusk\n|-resisted|p1b: Great Tusk\n|-damage|p1b: Great Tusk|38\/100\n|\n|upkeep\n|turn|3\n|inactive|FlockOfDeagles has 30 seconds left.\n|\n|t:|1683422298\n|move|p2b: Teefers|Protect|p2b: Teefers\n|-singleturn|p2b: Teefers|Protect\n|move|p1b: Great Tusk|Earthquake|p2b: Teefers|[spread] \n|-activate|p2b: Teefers|move: Protect\n|-immune|p1a: Murkrow\n|-immune|p2a: Murkrow\n|move|p2a: Murkrow|Foul Play|p1b: Great Tusk\n|-resisted|p1b: Great Tusk\n|-damage|p1b: Great Tusk|17\/100\n|move|p1a: Murkrow|Foul Play|p2a: Murkrow\n|-resisted|p2a: Murkrow\n|-damage|p2a: Murkrow|86\/100\n|\n|upkeep\n|turn|4\n|\n|t:|1683422318\n|move|p1b: Great Tusk|Earthquake|p2b: Teefers|[spread] p2b\n|-immune|p1a: Murkrow\n|-immune|p2a: Murkrow\n|-damage|p2b: Teefers|0 fnt\n|faint|p2b: Teefers\n|-end|p2b: Teefers|Protosynthesis|[silent]\n|move|p1a: Murkrow|Foul Play|p2a: Murkrow\n|-resisted|p2a: Murkrow\n|-damage|p2a: Murkrow|69\/100\n|move|p2a: Murkrow|Foul Play|p1b: Great Tusk\n|-resisted|p1b: Great Tusk\n|-damage|p1b: Great Tusk|0 fnt\n|faint|p1b: Great Tusk\n|-end|p1b: Great Tusk|Protosynthesis|[silent]\n|\n|-sideend|p2: FlockOfDeagles|move: Tailwind\n|-sideend|p1: Pink or purple|move: Tailwind\n|upkeep\n|\n|t:|1683422332\n|switch|p2b: NeedVisene|Chi-Yu, L50|100\/100\n|switch|p1b: Chien-Pao|Chien-Pao, L50|100\/100\n|-ability|p2b: NeedVisene|Beads of Ruin\n|-status|p1b: Chien-Pao|psn\n|-ability|p1b: Chien-Pao|Sword of Ruin\n|turn|5\n|\n|t:|1683422352\n|move|p1a: Murkrow|Tailwind|p1a: Murkrow\n|-sidestart|p1: Pink or purple|move: Tailwind\n|move|p2a: Murkrow|Tailwind|p2a: Murkrow\n|-sidestart|p2: FlockOfDeagles|move: Tailwind\n|move|p2b: NeedVisene|Heat Wave|p1b: Chien-Pao|[spread] p1a,p1b\n|-supereffective|p1b: Chien-Pao\n|-damage|p1a: Murkrow|50\/100\n|-enditem|p1b: Chien-Pao|Focus Sash\n|-damage|p1b: Chien-Pao|1\/100 psn\n|move|p1b: Chien-Pao|Ice Spinner|p2a: Murkrow\n|-supereffective|p2a: Murkrow\n|-damage|p2a: Murkrow|0 fnt\n|faint|p2a: Murkrow\n|\n|-damage|p1b: Chien-Pao|0 fnt|[from] psn\n|faint|p1b: Chien-Pao\n|upkeep\n|\n|t:|1683422357\n|switch|p1b: Dragonite|Dragonite, L50, F|100\/100\n|turn|6\n|\n|t:|1683422368\n|-terastallize|p1b: Dragonite|Flying\n|move|p2b: NeedVisene|Heat Wave|p1a: Murkrow|[spread] p1a,p1b\n|-damage|p1a: Murkrow|0 fnt\n|-damage|p1b: Dragonite|76\/100\n|faint|p1a: Murkrow\n|move|p1b: Dragonite|Dragon Dance|p1b: Dragonite\n|-boost|p1b: Dragonite|atk|1\n|-boost|p1b: Dragonite|spe|1\n|\n|upkeep\n|turn|7\n|\n|t:|1683422379\n|-terastallize|p2b: NeedVisene|Ghost\n|move|p2b: NeedVisene|Heat Wave|p1b: Dragonite\n|-damage|p1b: Dragonite|11\/100\n|move|p1b: Dragonite|Tera Blast|p2b: NeedVisene\n|-damage|p2b: NeedVisene|0 fnt\n|faint|p2b: NeedVisene\n|\n|win|Pink or purple\n|raw|Pink or purple's rating: 1252 → 1273<\/strong> (+21 for winning)\n|raw|FlockOfDeagles's rating: 1203 → 1182<\/strong> (-21 for losing)\n|l|\u2606Pink or purple\n","uploadtime":1683422471,"views":14,"p1id":"pinkorpurple","p2id":"flockofdeagles","formatid":"gen9vgc2023regulationc","rating":1182,"private":0,"password":""}