{"id":"gen9vgc2023regulationc-1856939901","p1":"Malikeroni","p2":"FlockOfDeagles","format":"[Gen 9] VGC 2023 Regulation C","log":"|j|\u2606Malikeroni\n|j|\u2606FlockOfDeagles\n|t:|1683128048\n|gametype|doubles\n|player|p1|Malikeroni|169|1156\n|player|p2|FlockOfDeagles|chuck|1079\n|teamsize|p1|6\n|teamsize|p2|6\n|gen|9\n|tier|[Gen 9] VGC 2023 Regulation C\n|rated|\n|rule|Species Clause: Limit one of each Pok\u00e9mon\n|rule|Item Clause: Limit one of each item\n|clearpoke\n|poke|p1|Garchomp, L50, F|\n|poke|p1|Tyranitar, L50, M|\n|poke|p1|Gastrodon, L50, M|\n|poke|p1|Houndstone, L50, M|\n|poke|p1|Sandy Shocks, L50|\n|poke|p1|Iron Moth, L50|\n|poke|p2|Abomasnow, L50, F|\n|poke|p2|Iron Bundle, L50|\n|poke|p2|Chi-Yu, L50|\n|poke|p2|Flutter Mane, L50|\n|poke|p2|Gyarados, L50, F|\n|poke|p2|Garchomp, L50, M|\n|teampreview|4\n|inactive|Battle timer is ON: inactive players will automatically lose when time's up. (requested by FlockOfDeagles)\n|inactive|Malikeroni has 60 seconds left.\n|inactive|FlockOfDeagles has 60 seconds left.\n|inactive|FlockOfDeagles has 30 seconds left.\n|\n|t:|1683128111\n|start\n|switch|p1a: Garchomp|Garchomp, L50, F|100\/100\n|switch|p1b: Tyranitar|Tyranitar, L50, M|100\/100\n|switch|p2a: Got In My Eyes|Chi-Yu, L50|100\/100\n|switch|p2b: Flutter Mane|Flutter Mane, L50|100\/100\n|-ability|p2a: Got In My Eyes|Beads of Ruin\n|-weather|Sandstorm|[from] ability: Sand Stream|[of] p1b: Tyranitar\n|turn|1\n|inactive|Malikeroni has 30 seconds left.\n|inactive|FlockOfDeagles has 30 seconds left.\n|\n|t:|1683128138\n|move|p1a: Garchomp|Protect|p1a: Garchomp\n|-singleturn|p1a: Garchomp|Protect\n|move|p1b: Tyranitar|Protect|p1b: Tyranitar\n|-singleturn|p1b: Tyranitar|Protect\n|move|p2a: Got In My Eyes|Heat Wave|p1b: Tyranitar|[spread] \n|-activate|p1a: Garchomp|move: Protect\n|-activate|p1b: Tyranitar|move: Protect\n|move|p2b: Flutter Mane|Dazzling Gleam|p1b: Tyranitar|[spread] \n|-activate|p1a: Garchomp|move: Protect\n|-activate|p1b: Tyranitar|move: Protect\n|\n|-weather|Sandstorm|[upkeep]\n|-damage|p2a: Got In My Eyes|95\/100|[from] Sandstorm\n|-damage|p2b: Flutter Mane|95\/100|[from] Sandstorm\n|upkeep\n|turn|2\n|inactive|Malikeroni has 30 seconds left.\n|\n|t:|1683128169\n|switch|p2a: OlBamaSnowden|Abomasnow, L50, F|100\/100\n|-weather|Snow|[from] ability: Snow Warning|[of] p2a: OlBamaSnowden\n|switch|p1a: Iron Moth|Iron Moth, L50|100\/100\n|move|p2b: Flutter Mane|Dazzling Gleam|p1b: Tyranitar|[spread] p1a,p1b\n|-resisted|p1a: Iron Moth\n|-supereffective|p1b: Tyranitar\n|-damage|p1a: Iron Moth|89\/100\n|-damage|p1b: Tyranitar|25\/100\n|move|p1b: Tyranitar|Rock Slide|p2b: Flutter Mane|[spread] p2a,p2b\n|-supereffective|p2a: OlBamaSnowden\n|-damage|p2a: OlBamaSnowden|56\/100\n|-damage|p2b: Flutter Mane|41\/100\n|\n|-weather|Snow|[upkeep]\n|upkeep\n|turn|3\n|inactive|Malikeroni has 30 seconds left.\n|inactive|FlockOfDeagles has 30 seconds left.\n|inactive|Malikeroni has 20 seconds left.\n|inactive|Malikeroni has 15 seconds left.\n|inactive|Malikeroni has 10 seconds left.\n|\n|t:|1683128214\n|-end|p2b: Flutter Mane|Protosynthesis|[silent]\n|switch|p2b: Got In My Eyes|Chi-Yu, L50|95\/100\n|-ability|p2b: Got In My Eyes|Beads of Ruin\n|move|p1b: Tyranitar|Protect|p1b: Tyranitar\n|-singleturn|p1b: Tyranitar|Protect\n|move|p1a: Iron Moth|Acid Spray|p2b: Got In My Eyes\n|-damage|p2b: Got In My Eyes|63\/100\n|-unboost|p2b: Got In My Eyes|spd|2\n|-damage|p1a: Iron Moth|80\/100|[from] item: Life Orb\n|move|p2a: OlBamaSnowden|Blizzard|p1b: Tyranitar|[spread] p1a\n|-activate|p1b: Tyranitar|move: Protect\n|-resisted|p1a: Iron Moth\n|-damage|p1a: Iron Moth|53\/100\n|-damage|p2a: OlBamaSnowden|47\/100|[from] item: Life Orb\n|\n|-weather|Snow|[upkeep]\n|upkeep\n|turn|4\n|inactive|Malikeroni has 30 seconds left.\n|inactive|FlockOfDeagles has 30 seconds left.\n|inactive|FlockOfDeagles has 20 seconds left.\n|inactive|FlockOfDeagles has 15 seconds left.\n|inactive|FlockOfDeagles has 10 seconds left.\n|\n|t:|1683128262\n|switch|p1b: Sandy Shocks|Sandy Shocks, L50|100\/100\n|move|p2b: Got In My Eyes|Dark Pulse|p1a: Iron Moth\n|-damage|p1a: Iron Moth|0 fnt\n|faint|p1a: Iron Moth\n|-end|p1a: Iron Moth|Quark Drive|[silent]\n|move|p2a: OlBamaSnowden|Giga Drain|p1b: Sandy Shocks\n|-supereffective|p1b: Sandy Shocks\n|-damage|p1b: Sandy Shocks|22\/100\n|-heal|p2a: OlBamaSnowden|83\/100|[from] drain|[of] p1b: Sandy Shocks\n|-damage|p2a: OlBamaSnowden|73\/100|[from] item: Life Orb\n|\n|-weather|Snow|[upkeep]\n|upkeep\n|\n|t:|1683128282\n|switch|p1a: Garchomp|Garchomp, L50, F|100\/100\n|turn|5\n|\n|t:|1683128299\n|move|p1a: Garchomp|Protect|p1a: Garchomp\n|-singleturn|p1a: Garchomp|Protect\n|move|p2b: Got In My Eyes|Dark Pulse|p1a: Garchomp\n|-activate|p1a: Garchomp|move: Protect\n|move|p1b: Sandy Shocks|Earth Power|p2b: Got In My Eyes\n|-supereffective|p2b: Got In My Eyes\n|-damage|p2b: Got In My Eyes|0 fnt\n|faint|p2b: Got In My Eyes\n|move|p2a: OlBamaSnowden|Blizzard|p1b: Sandy Shocks|[spread] p1b\n|-activate|p1a: Garchomp|move: Protect\n|-supereffective|p1b: Sandy Shocks\n|-damage|p1b: Sandy Shocks|0 fnt\n|faint|p1b: Sandy Shocks\n|-end|p1b: Sandy Shocks|Protosynthesis|[silent]\n|-damage|p2a: OlBamaSnowden|63\/100|[from] item: Life Orb\n|\n|-weather|Snow|[upkeep]\n|upkeep\n|\n|t:|1683128320\n|switch|p2b: Flutter Mane|Flutter Mane, L50|41\/100\n|switch|p1b: Tyranitar|Tyranitar, L50, M|25\/100\n|-weather|Sandstorm|[from] ability: Sand Stream|[of] p1b: Tyranitar\n|turn|6\n|\n|t:|1683128336\n|switch|p2a: MyBallsCold|Iron Bundle, L50|100\/100\n|-enditem|p2a: MyBallsCold|Booster Energy\n|-activate|p2a: MyBallsCold|ability: Quark Drive|[fromitem]\n|-start|p2a: MyBallsCold|quarkdrivespe\n|-terastallize|p1a: Garchomp|Grass\n|move|p1b: Tyranitar|Protect|p1b: Tyranitar\n|-singleturn|p1b: Tyranitar|Protect\n|move|p2b: Flutter Mane|Dazzling Gleam|p1b: Tyranitar|[spread] p1a\n|-activate|p1b: Tyranitar|move: Protect\n|-damage|p1a: Garchomp|55\/100\n|move|p1a: Garchomp|Earthquake|p2b: Flutter Mane|[spread] p2a,p2b\n|-activate|p1b: Tyranitar|move: Protect\n|-damage|p2a: MyBallsCold|52\/100\n|-damage|p2b: Flutter Mane|0 fnt\n|faint|p2b: Flutter Mane\n|-end|p2b: Flutter Mane|Protosynthesis|[silent]\n|\n|-weather|Sandstorm|[upkeep]\n|-damage|p2a: MyBallsCold|46\/100|[from] Sandstorm\n|upkeep\n|\n|t:|1683128354\n|switch|p2b: OlBamaSnowden|Abomasnow, L50, F|63\/100\n|-weather|Snow|[from] ability: Snow Warning|[of] p2b: OlBamaSnowden\n|turn|7\n|\n|t:|1683128373\n|-terastallize|p2a: MyBallsCold|Ice\n|move|p2b: OlBamaSnowden|Helping Hand|p2a: MyBallsCold\n|-singleturn|p2a: MyBallsCold|Helping Hand|[of] p2b: OlBamaSnowden\n|move|p1a: Garchomp|Protect|p1a: Garchomp\n|-singleturn|p1a: Garchomp|Protect\n|move|p2a: MyBallsCold|Blizzard|p1b: Tyranitar|[spread] p1b\n|-activate|p1a: Garchomp|move: Protect\n|-damage|p1b: Tyranitar|0 fnt\n|faint|p1b: Tyranitar\n|\n|-weather|Snow|[upkeep]\n|upkeep\n|turn|8\n|\n|t:|1683128389\n|move|p2b: OlBamaSnowden|Helping Hand|p2a: MyBallsCold\n|-singleturn|p2a: MyBallsCold|Helping Hand|[of] p2b: OlBamaSnowden\n|move|p2a: MyBallsCold|Blizzard|p1a: Garchomp\n|-supereffective|p1a: Garchomp\n|-damage|p1a: Garchomp|0 fnt\n|faint|p1a: Garchomp\n|\n|win|FlockOfDeagles\n|raw|Malikeroni's rating: 1156 → 1126<\/strong> (-30 for losing)\n|raw|FlockOfDeagles's rating: 1079 → 1113<\/strong> (+34 for winning)\n|l|\u2606Malikeroni\n","uploadtime":1683128426,"views":18,"p1id":"malikeroni","p2id":"flockofdeagles","formatid":"gen9vgc2023regulationc","rating":1113,"private":0,"password":""}