{"id":"gen9vgc2023regulationc-1858397568","p1":"Mavrjce","p2":"uranibaba","format":"[Gen 9] VGC 2023 Regulation C","log":"|j|\u2606Mavrjce\n|j|\u2606uranibaba\n|t:|1683308541\n|gametype|doubles\n|player|p1|Mavrjce|266|1054\n|player|p2|uranibaba|bruno|1130\n|teamsize|p1|6\n|teamsize|p2|6\n|gen|9\n|tier|[Gen 9] VGC 2023 Regulation C\n|rated|\n|rule|Species Clause: Limit one of each Pok\u00e9mon\n|rule|Item Clause: Limit one of each item\n|clearpoke\n|poke|p1|Ceruledge, L50, M|\n|poke|p1|Orthworm, L50, M|\n|poke|p1|Garchomp, L50, F|\n|poke|p1|Talonflame, L50, M|\n|poke|p1|Gastrodon, L50, M|\n|poke|p1|Scizor, L50, F|\n|poke|p2|Appletun, L50, F|\n|poke|p2|Gholdengo, L50|\n|poke|p2|Meowscarada, L50, F|\n|poke|p2|Pawmot, L50, F|\n|poke|p2|Grimmsnarl, L50, M|\n|poke|p2|Chien-Pao, L50|\n|teampreview|4\n|inactive|Battle timer is ON: inactive players will automatically lose when time's up. (requested by uranibaba)\n|inactive|Mavrjce has 60 seconds left.\n|inactive|Mavrjce has 30 seconds left.\n|inactive|Mavrjce has 20 seconds left.\n|inactive|Mavrjce has 15 seconds left.\n|\n|t:|1683308619\n|start\n|switch|p1a: Orthworm|Orthworm, L50, M|100\/100\n|switch|p1b: Talonflame|Talonflame, L50, M|100\/100\n|switch|p2a: Grimmsnarl|Grimmsnarl, L50, M|100\/100\n|switch|p2b: Meowscarada|Meowscarada, L50, F|100\/100\n|turn|1\n|\n|t:|1683308637\n|move|p2a: Grimmsnarl|Fake Out|p1b: Talonflame\n|-damage|p1b: Talonflame|82\/100\n|cant|p1b: Talonflame|flinch\n|move|p2b: Meowscarada|U-turn|p1a: Orthworm\n|-start|p2b: Meowscarada|typechange|Bug|[from] ability: Protean\n|-resisted|p1a: Orthworm\n|-damage|p1a: Orthworm|82\/100\n|\n|t:|1683308646\n|switch|p2b: Pawmot|Pawmot, L50, F|100\/100|[from] U-turn\n|move|p1a: Orthworm|Shed Tail|p1a: Orthworm\n|-start|p1a: Orthworm|Substitute|[from] move: Shed Tail\n|-damage|p1a: Orthworm|32\/100\n|\n|t:|1683308657\n|switch|p1a: Ceruledge|Ceruledge, L50, M|100\/100|[from] Shed Tail\n|\n|upkeep\n|turn|2\n|inactive|Mavrjce has 30 seconds left.\n|\n|t:|1683308687\n|move|p2b: Pawmot|Fake Out|p1b: Talonflame\n|-damage|p1b: Talonflame|66\/100\n|cant|p1b: Talonflame|flinch\n|move|p1a: Ceruledge|Bulk Up|p1a: Ceruledge\n|-boost|p1a: Ceruledge|atk|1\n|-boost|p1a: Ceruledge|def|1\n|move|p2a: Grimmsnarl|Spirit Break|p1a: Ceruledge\n|-resisted|p1a: Ceruledge\n|-activate|p1a: Ceruledge|move: Substitute|[damage]\n|\n|upkeep\n|turn|3\n|\n|t:|1683308711\n|move|p1b: Talonflame|Tailwind|p1b: Talonflame\n|-sidestart|p1: Mavrjce|move: Tailwind\n|move|p1a: Ceruledge|Bulk Up|p1a: Ceruledge\n|-boost|p1a: Ceruledge|atk|1\n|-boost|p1a: Ceruledge|def|1\n|move|p2b: Pawmot|Nuzzle|p1b: Talonflame\n|-supereffective|p1b: Talonflame\n|-damage|p1b: Talonflame|40\/100\n|-status|p1b: Talonflame|par\n|move|p2a: Grimmsnarl|Spirit Break|p1a: Ceruledge\n|-resisted|p1a: Ceruledge\n|-end|p1a: Ceruledge|Substitute\n|\n|upkeep\n|turn|4\n|inactive|Mavrjce has 30 seconds left.\n|inactive|Mavrjce has 20 seconds left.\n|\n|t:|1683308749\n|move|p2a: Grimmsnarl|Parting Shot|p1a: Ceruledge\n|-unboost|p1a: Ceruledge|atk|1\n|-unboost|p1a: Ceruledge|spa|1\n|\n|t:|1683308753\n|switch|p2a: Bob|Appletun, L50, F, shiny|100\/100|[from] Parting Shot\n|move|p1a: Ceruledge|Bitter Blade|p2b: Pawmot\n|-enditem|p2b: Pawmot|Focus Sash\n|-damage|p2b: Pawmot|1\/100\n|move|p1b: Talonflame|Will-O-Wisp|p2b: Pawmot\n|-status|p2b: Pawmot|brn\n|move|p2b: Pawmot|Nuzzle|p1a: Ceruledge\n|-damage|p1a: Ceruledge|97\/100\n|-status|p1a: Ceruledge|par\n|\n|-damage|p2b: Pawmot|0 fnt|[from] brn\n|faint|p2b: Pawmot\n|upkeep\n|\n|t:|1683308766\n|switch|p2b: Grimmsnarl|Grimmsnarl, L50, M|100\/100\n|turn|5\n|inactive|Mavrjce has 30 seconds left.\n|\n|t:|1683308796\n|-terastallize|p2a: Bob|Water\n|move|p1a: Ceruledge|Protect|p1a: Ceruledge\n|-singleturn|p1a: Ceruledge|Protect\n|move|p2b: Grimmsnarl|Parting Shot|p1a: Ceruledge\n|-activate|p1a: Ceruledge|move: Protect\n|move|p1b: Talonflame|Brave Bird|p2a: Bob\n|-crit|p2a: Bob\n|-damage|p2a: Bob|56\/100\n|-damage|p1b: Talonflame|23\/100 par|[from] Recoil\n|move|p2a: Bob|Iron Defense|p2a: Bob\n|-boost|p2a: Bob|def|2\n|\n|upkeep\n|turn|6\n|inactive|Mavrjce has 30 seconds left.\n|\n|t:|1683308824\n|move|p1a: Ceruledge|Shadow Sneak|p2a: Bob\n|-damage|p2a: Bob|42\/100\n|-activate|p2a: Bob|ability: Ripen\n|-enditem|p2a: Bob|Sitrus Berry|[eat]\n|-heal|p2a: Bob|92\/100|[from] item: Sitrus Berry\n|move|p2b: Grimmsnarl|Parting Shot|p1a: Ceruledge\n|-unboost|p1a: Ceruledge|atk|1\n|-unboost|p1a: Ceruledge|spa|1\n|\n|t:|1683308832\n|switch|p2b: Meowscarada|Meowscarada, L50, F|100\/100|[from] Parting Shot\n|move|p1b: Talonflame|Brave Bird|p2a: Bob\n|-damage|p2a: Bob|78\/100\n|-damage|p1b: Talonflame|17\/100 par|[from] Recoil\n|move|p2a: Bob|Leech Seed|p1a: Ceruledge\n|-start|p1a: Ceruledge|move: Leech Seed\n|\n|-damage|p1a: Ceruledge|85\/100 par|[from] Leech Seed|[of] p2a: Bob\n|-heal|p2a: Bob|87\/100|[silent]\n|-sideend|p1: Mavrjce|move: Tailwind\n|upkeep\n|turn|7\n|inactive|Mavrjce has 30 seconds left.\n|inactive|Mavrjce has 20 seconds left.\n|inactive|Mavrjce has 15 seconds left.\n|inactive|Mavrjce has 10 seconds left.\n|\n|t:|1683308877\n|-terastallize|p1a: Ceruledge|Grass\n|move|p2b: Meowscarada|Knock Off|p1b: Talonflame\n|-start|p2b: Meowscarada|typechange|Dark|[from] ability: Protean\n|-damage|p1b: Talonflame|0 fnt\n|-enditem|p1b: Talonflame|Focus Sash|[from] move: Knock Off|[of] p2b: Meowscarada\n|faint|p1b: Talonflame\n|move|p1a: Ceruledge|Bitter Blade|p2b: Meowscarada\n|-damage|p2b: Meowscarada|20\/100\n|-heal|p1a: Ceruledge|100\/100 par|[from] drain|[of] p2b: Meowscarada\n|move|p2a: Bob|Iron Defense|p2a: Bob\n|-boost|p2a: Bob|def|2\n|\n|-damage|p1a: Ceruledge|88\/100 par|[from] Leech Seed|[of] p2a: Bob\n|-heal|p2a: Bob|95\/100|[silent]\n|upkeep\n|\n|t:|1683308897\n|switch|p1b: Orthworm|Orthworm, L50, M|32\/100\n|turn|8\n|\n|t:|1683308919\n|move|p1b: Orthworm|Helping Hand|p1a: Ceruledge\n|-singleturn|p1a: Ceruledge|Helping Hand|[of] p1b: Orthworm\n|move|p2b: Meowscarada|Knock Off|p1b: Orthworm\n|-damage|p1b: Orthworm|0 fnt\n|-enditem|p1b: Orthworm|Leftovers|[from] move: Knock Off|[of] p2b: Meowscarada\n|faint|p1b: Orthworm\n|move|p1a: Ceruledge|Bitter Blade|p2b: Meowscarada\n|-damage|p2b: Meowscarada|0 fnt\n|-heal|p1a: Ceruledge|98\/100 par|[from] drain|[of] p2b: Meowscarada\n|faint|p2b: Meowscarada\n|move|p2a: Bob|Body Press|p1a: Ceruledge\n|-damage|p1a: Ceruledge|62\/100 par\n|\n|-damage|p1a: Ceruledge|50\/100 par|[from] Leech Seed|[of] p2a: Bob\n|-heal|p2a: Bob|100\/100|[silent]\n|upkeep\n|\n|t:|1683308935\n|switch|p2b: Grimmsnarl|Grimmsnarl, L50, M|100\/100\n|switch|p1b: Garchomp|Garchomp, L50, F|100\/100\n|turn|9\n|\n|t:|1683308950\n|move|p1a: Ceruledge|Protect|p1a: Ceruledge\n|-singleturn|p1a: Ceruledge|Protect\n|move|p2b: Grimmsnarl|Fake Out|p1b: Garchomp\n|-damage|p1b: Garchomp|86\/100\n|-damage|p2b: Grimmsnarl|88\/100|[from] ability: Rough Skin|[of] p1b: Garchomp\n|cant|p1b: Garchomp|flinch\n|move|p2a: Bob|Body Press|p1a: Ceruledge\n|-activate|p1a: Ceruledge|move: Protect\n|\n|-heal|p2b: Grimmsnarl|94\/100|[from] item: Leftovers\n|-damage|p1a: Ceruledge|37\/100 par|[from] Leech Seed|[of] p2a: Bob\n|upkeep\n|turn|10\n|\n|t:|1683308971\n|move|p1a: Ceruledge|Shadow Sneak|p2a: Bob\n|-damage|p2a: Bob|95\/100\n|move|p1b: Garchomp|Earthquake|p2b: Grimmsnarl|[spread] p1a,p2a,p2b\n|-resisted|p1a: Ceruledge\n|-damage|p1a: Ceruledge|21\/100 par\n|-damage|p2a: Bob|82\/100\n|-damage|p2b: Grimmsnarl|28\/100\n|-damage|p1b: Garchomp|77\/100|[from] item: Life Orb\n|move|p2b: Grimmsnarl|Spirit Break|p1b: Garchomp\n|-supereffective|p1b: Garchomp\n|-damage|p1b: Garchomp|0 fnt\n|-damage|p2b: Grimmsnarl|16\/100|[from] ability: Rough Skin|[of] p1b: Garchomp\n|faint|p1b: Garchomp\n|move|p2a: Bob|Body Press|p1a: Ceruledge\n|-damage|p1a: Ceruledge|0 fnt\n|faint|p1a: Ceruledge\n|\n|win|uranibaba\n|raw|Mavrjce's rating: 1054 → 1040<\/strong> (-14 for losing)\n|raw|uranibaba's rating: 1130 → 1150<\/strong> (+20 for winning)\n|l|\u2606Mavrjce\n||Ladder isn't responding, score probably updated but might not have (Request timeout).\n","uploadtime":1683308989,"views":11,"p1id":"mavrjce","p2id":"uranibaba","formatid":"gen9vgc2023regulationc","rating":1040,"private":0,"password":""}