{"id":"gen9vgc2023regulationc-1845147576","p1":"TEO262002","p2":"gokucito","format":"[Gen 9] VGC 2023 Regulation C","log":"|j|\u203dTEO262002\n|j|\u2606gokucito\n|t:|1681689214\n|gametype|doubles\n|player|p1|TEO262002|1|1136\n|player|p2|gokucito|169|1165\n|teamsize|p1|6\n|teamsize|p2|6\n|gen|9\n|tier|[Gen 9] VGC 2023 Regulation C\n|rated|\n|rule|Species Clause: Limit one of each Pok\u00e9mon\n|rule|Item Clause: Limit one of each item\n|clearpoke\n|poke|p1|Gyarados, L50, M|\n|poke|p1|Chi-Yu, L50|\n|poke|p1|Amoonguss, L50, M|\n|poke|p1|Dragapult, L50, M|\n|poke|p1|Iron Valiant, L50|\n|poke|p1|Iron Treads, L50|\n|poke|p2|Corviknight, L50, M|\n|poke|p2|Brambleghast, L50, M|\n|poke|p2|Great Tusk, L50|\n|poke|p2|Torkoal, L50, M|\n|poke|p2|Jumpluff, L50, M|\n|poke|p2|Flutter Mane, L50|\n|teampreview|4\n|inactive|Battle timer is ON: inactive players will automatically lose when time's up. (requested by gokucito)\n|\n|t:|1681689262\n|start\n|switch|p1a: Gyarados|Gyarados, L50, M|100\/100\n|switch|p1b: Chi-Yu|Chi-Yu, L50|100\/100\n|switch|p2a: Torkoal|Torkoal, L50, M|100\/100\n|switch|p2b: Jumpluff|Jumpluff, L50, M, shiny|100\/100\n|-ability|p1b: Chi-Yu|Beads of Ruin\n|-ability|p1a: Gyarados|Intimidate|boost\n|-unboost|p2a: Torkoal|atk|1\n|-enditem|p2a: Torkoal|Eject Pack\n|-unboost|p2b: Jumpluff|atk|1\n|\n|t:|1681689272\n|switch|p2a: Great Tusk|Great Tusk, L50|100\/100\n|turn|1\n|\n|t:|1681689285\n|move|p2a: Great Tusk|Protect|p2a: Great Tusk\n|-singleturn|p2a: Great Tusk|Protect\n|move|p1b: Chi-Yu|Heat Wave|p2b: Jumpluff|[spread] p2b\n|-activate|p2a: Great Tusk|move: Protect\n|-supereffective|p2b: Jumpluff\n|-damage|p2b: Jumpluff|0 fnt\n|faint|p2b: Jumpluff\n|move|p1a: Gyarados|Icy Wind|p2a: Great Tusk\n|-activate|p2a: Great Tusk|move: Protect\n|\n|upkeep\n|\n|t:|1681689295\n|switch|p2b: Brambleghast|Brambleghast, L50, M|100\/100\n|turn|2\n|\n|t:|1681689311\n|-end|p2a: Great Tusk|Protosynthesis|[silent]\n|switch|p2a: Torkoal|Torkoal, L50, M|100\/100\n|-weather|SunnyDay|[from] ability: Drought|[of] p2a: Torkoal\n|move|p1b: Chi-Yu|Heat Wave|p2a: Torkoal|[spread] p2a\n|-ability|p2b: Brambleghast|Wind Rider|boost\n|-boost|p2b: Brambleghast|atk|1\n|-resisted|p2a: Torkoal\n|-damage|p2a: Torkoal|51\/100\n|move|p2b: Brambleghast|Phantom Force||[still]\n|-prepare|p2b: Brambleghast|Phantom Force\n|move|p1a: Gyarados|Waterfall|p2a: Torkoal\n|-supereffective|p2a: Torkoal\n|-damage|p2a: Torkoal|23\/100\n|\n|-weather|SunnyDay|[upkeep]\n|upkeep\n|turn|3\n|\n|t:|1681689333\n|move|p2a: Torkoal|Helping Hand|p2b: Brambleghast\n|-singleturn|p2b: Brambleghast|Helping Hand|[of] p2a: Torkoal\n|move|p1a: Gyarados|Protect|p1a: Gyarados\n|-singleturn|p1a: Gyarados|Protect\n|move|p1b: Chi-Yu|Heat Wave|p2b: Brambleghast|[spread] \n|-miss|p1b: Chi-Yu|p2b: Brambleghast\n|-miss|p1b: Chi-Yu|p2a: Torkoal\n|move|p2b: Brambleghast|Phantom Force|p1a: Gyarados|[from]lockedmove\n|-activate|p1a: Gyarados|move: Phantom Force|[broken]\n|-damage|p1a: Gyarados|0 fnt\n|faint|p1a: Gyarados\n|\n|-weather|SunnyDay|[upkeep]\n|upkeep\n|\n|t:|1681689356\n|switch|p1a: Amoonguss|Amoonguss, L50, M|100\/100\n|turn|4\n|\n|t:|1681689369\n|move|p1b: Chi-Yu|Heat Wave|p2a: Torkoal|[spread] p2a\n|-ability|p2b: Brambleghast|Wind Rider|boost\n|-boost|p2b: Brambleghast|atk|1\n|-resisted|p2a: Torkoal\n|-damage|p2a: Torkoal|0 fnt\n|faint|p2a: Torkoal\n|move|p2b: Brambleghast|Phantom Force||[still]\n|-prepare|p2b: Brambleghast|Phantom Force\n|move|p1a: Amoonguss|Pollen Puff|p2b: Brambleghast|[miss]\n|-miss|p1a: Amoonguss|p2b: Brambleghast\n|\n|-weather|SunnyDay|[upkeep]\n|upkeep\n|\n|t:|1681689378\n|switch|p2a: Great Tusk|Great Tusk, L50|100\/100\n|-activate|p2a: Great Tusk|ability: Protosynthesis\n|-start|p2a: Great Tusk|protosynthesisatk\n|turn|5\n|\n|t:|1681689384\n|-terastallize|p2a: Great Tusk|Ground\n|move|p1b: Chi-Yu|Heat Wave|p2b: Brambleghast|[spread] p2a\n|-miss|p1b: Chi-Yu|p2b: Brambleghast\n|-damage|p2a: Great Tusk|0 fnt\n|faint|p2a: Great Tusk\n|-end|p2a: Great Tusk|Protosynthesis|[silent]\n|move|p2b: Brambleghast|Phantom Force|p1a: Amoonguss|[from]lockedmove\n|-damage|p1a: Amoonguss|0 fnt\n|-damage|p2b: Brambleghast|84\/100|[from] item: Rocky Helmet|[of] p1a: Amoonguss\n|faint|p1a: Amoonguss\n|\n|-weather|SunnyDay|[upkeep]\n|upkeep\n|\n|t:|1681689399\n|switch|p1a: Dragapult|Dragapult, L50, M|100\/100\n|turn|6\n|\n|t:|1681689407\n|move|p1b: Chi-Yu|Heat Wave|p2b: Brambleghast\n|-ability|p2b: Brambleghast|Wind Rider|boost\n|-boost|p2b: Brambleghast|atk|1\n|move|p1a: Dragapult|Dragon Dance|p1a: Dragapult\n|-boost|p1a: Dragapult|atk|1\n|-boost|p1a: Dragapult|spe|1\n|move|p2b: Brambleghast|Phantom Force||[still]\n|-prepare|p2b: Brambleghast|Phantom Force\n|\n|-weather|none\n|upkeep\n|turn|7\n|\n|t:|1681689417\n|move|p1a: Dragapult|Phantom Force||[still]\n|-prepare|p1a: Dragapult|Phantom Force\n|move|p1b: Chi-Yu|Heat Wave|p2b: Brambleghast|[miss]\n|-miss|p1b: Chi-Yu|p2b: Brambleghast\n|move|p2b: Brambleghast|Phantom Force|p1a: Dragapult|[from]lockedmove|[miss]\n|-miss|p2b: Brambleghast|p1a: Dragapult\n|\n|upkeep\n|turn|8\n|\n|t:|1681689429\n|move|p1a: Dragapult|Phantom Force|p2b: Brambleghast|[from]lockedmove\n|-supereffective|p2b: Brambleghast\n|-damage|p2b: Brambleghast|0 fnt\n|faint|p2b: Brambleghast\n|-damage|p1a: Dragapult|91\/100|[from] item: Life Orb\n|\n|win|TEO262002\n|raw|TEO262002's rating: 1136 → 1163<\/strong> (+27 for winning)\n|raw|gokucito's rating: 1165 → 1138<\/strong> (-27 for losing)\n|l|\u2606gokucito\n","uploadtime":1681689527,"views":8,"p1id":"teo262002","p2id":"gokucito","formatid":"gen9vgc2023regulationc","rating":1138,"private":0,"password":""}