{"id":"gen9vgc2023regulationc-1855546879","p1":"ee123","p2":"mattnot3","format":"[Gen 9] VGC 2023 Regulation C","log":"|j|\u2606ee123\n|j|\u2606mattnot3\n|t:|1682960954\n|gametype|doubles\n|player|p1|ee123|lady|1484\n|player|p2|mattnot3|101|1563\n|teamsize|p1|6\n|teamsize|p2|6\n|gen|9\n|tier|[Gen 9] VGC 2023 Regulation C\n|rated|\n|rule|Species Clause: Limit one of each Pok\u00e9mon\n|rule|Item Clause: Limit one of each item\n|clearpoke\n|poke|p1|Iron Bundle, L50|\n|poke|p1|Flutter Mane, L50|\n|poke|p1|Chi-Yu, L50|\n|poke|p1|Wo-Chien, L50|\n|poke|p1|Baxcalibur, L50, M|\n|poke|p1|Scizor, L50, F|\n|poke|p2|Chi-Yu, L50|\n|poke|p2|Flutter Mane, L50|\n|poke|p2|Scizor, L50, F|\n|poke|p2|Wo-Chien, L50|\n|poke|p2|Gyarados, L50, F|\n|poke|p2|Glimmora, L50, M|\n|teampreview|4\n|inactive|Battle timer is ON: inactive players will automatically lose when time's up. (requested by ee123)\n|inactive|ee123 has 60 seconds left.\n|inactive|mattnot3 has 60 seconds left.\n|inactive|ee123 has 30 seconds left.\n|\n|t:|1682961022\n|start\n|switch|p1a: Iron Bundle|Iron Bundle, L50|100\/100\n|switch|p1b: Chi-Yu|Chi-Yu, L50|100\/100\n|switch|p2a: Scizor|Scizor, L50, F|100\/100\n|switch|p2b: Glimmora|Glimmora, L50, M|100\/100\n|-ability|p1b: Chi-Yu|Beads of Ruin\n|-enditem|p1a: Iron Bundle|Booster Energy\n|-activate|p1a: Iron Bundle|ability: Quark Drive|[fromitem]\n|-start|p1a: Iron Bundle|quarkdrivespe\n|turn|1\n|\n|t:|1682961038\n|-terastallize|p2a: Scizor|Water\n|move|p1a: Iron Bundle|Hydro Pump|p2b: Glimmora\n|-supereffective|p2b: Glimmora\n|-damage|p2b: Glimmora|0 fnt\n|faint|p2b: Glimmora\n|move|p1b: Chi-Yu|Heat Wave|p2a: Scizor\n|-resisted|p2a: Scizor\n|-damage|p2a: Scizor|43\/100\n|-damage|p1b: Chi-Yu|91\/100|[from] item: Life Orb\n|move|p2a: Scizor|Tailwind|p2a: Scizor\n|-sidestart|p2: mattnot3|move: Tailwind\n|\n|upkeep\n|\n|t:|1682961051\n|switch|p2b: Chi-Yu|Chi-Yu, L50|100\/100\n|-ability|p2b: Chi-Yu|Beads of Ruin\n|turn|2\n|\n|t:|1682961060\n|move|p1b: Chi-Yu|Protect|p1b: Chi-Yu\n|-singleturn|p1b: Chi-Yu|Protect\n|move|p2b: Chi-Yu|Heat Wave|p1b: Chi-Yu|[spread] p1a\n|-activate|p1b: Chi-Yu|move: Protect\n|-damage|p1a: Iron Bundle|0 fnt\n|faint|p1a: Iron Bundle\n|-end|p1a: Iron Bundle|Quark Drive|[silent]\n|move|p2a: Scizor|U-turn|p1b: Chi-Yu\n|-activate|p1b: Chi-Yu|move: Protect\n|\n|upkeep\n|\n|t:|1682961070\n|switch|p1a: Scizor|Scizor, L50, F|100\/100\n|turn|3\n|\n|t:|1682961084\n|-terastallize|p1a: Scizor|Fire\n|move|p2b: Chi-Yu|Heat Wave|p1a: Scizor|[spread] p1a,p1b\n|-resisted|p1a: Scizor\n|-resisted|p1b: Chi-Yu\n|-damage|p1a: Scizor|58\/100\n|-damage|p1b: Chi-Yu|68\/100\n|move|p2a: Scizor|U-turn|p1a: Scizor\n|-resisted|p1a: Scizor\n|-damage|p1a: Scizor|36\/100\n|-enditem|p1a: Scizor|Sitrus Berry|[eat]\n|-heal|p1a: Scizor|61\/100|[from] item: Sitrus Berry\n|\n|t:|1682961092\n|switch|p2a: Flutter Mane|Flutter Mane, L50|100\/100|[from] U-turn\n|-enditem|p2a: Flutter Mane|Booster Energy\n|-activate|p2a: Flutter Mane|ability: Protosynthesis|[fromitem]\n|-start|p2a: Flutter Mane|protosynthesisspa\n|move|p1b: Chi-Yu|Heat Wave|p2b: Chi-Yu|[spread] p2a,p2b\n|-resisted|p2b: Chi-Yu\n|-damage|p2a: Flutter Mane|32\/100\n|-damage|p2b: Chi-Yu|76\/100\n|-damage|p1b: Chi-Yu|58\/100|[from] item: Life Orb\n|move|p1a: Scizor|Tailwind|p1a: Scizor\n|-sidestart|p1: ee123|move: Tailwind\n|\n|upkeep\n|turn|4\n|\n|t:|1682961108\n|move|p1b: Chi-Yu|Protect|p1b: Chi-Yu\n|-singleturn|p1b: Chi-Yu|Protect\n|move|p1a: Scizor|Protect|p1a: Scizor\n|-singleturn|p1a: Scizor|Protect\n|move|p2a: Flutter Mane|Substitute|p2a: Flutter Mane\n|-start|p2a: Flutter Mane|Substitute\n|-damage|p2a: Flutter Mane|8\/100\n|move|p2b: Chi-Yu|Heat Wave|p1b: Chi-Yu|[spread] \n|-activate|p1a: Scizor|move: Protect\n|-activate|p1b: Chi-Yu|move: Protect\n|\n|-sideend|p2: mattnot3|move: Tailwind\n|upkeep\n|turn|5\n|\n|t:|1682961121\n|move|p2a: Flutter Mane|Protect|p2a: Flutter Mane\n|-singleturn|p2a: Flutter Mane|Protect\n|move|p1a: Scizor|Bullet Punch|p2a: Flutter Mane\n|-activate|p2a: Flutter Mane|move: Protect\n|move|p1b: Chi-Yu|Heat Wave|p2b: Chi-Yu|[spread] \n|-activate|p2a: Flutter Mane|move: Protect\n|-miss|p1b: Chi-Yu|p2b: Chi-Yu\n|move|p2b: Chi-Yu|Heat Wave|p1a: Scizor|[spread] p1b\n|-miss|p2b: Chi-Yu|p1a: Scizor\n|-resisted|p1b: Chi-Yu\n|-damage|p1b: Chi-Yu|31\/100\n|\n|upkeep\n|turn|6\n|\n|t:|1682961144\n|move|p2a: Flutter Mane|Protect|p2a: Flutter Mane\n|-singleturn|p2a: Flutter Mane|Protect\n|move|p1a: Scizor|Bullet Punch|p2a: Flutter Mane\n|-activate|p2a: Flutter Mane|move: Protect\n|move|p1b: Chi-Yu|Heat Wave|p2b: Chi-Yu|[spread] p2b\n|-activate|p2a: Flutter Mane|move: Protect\n|-resisted|p2b: Chi-Yu\n|-damage|p2b: Chi-Yu|52\/100\n|-damage|p1b: Chi-Yu|22\/100|[from] item: Life Orb\n|move|p2b: Chi-Yu|Heat Wave|p1b: Chi-Yu|[spread] p1a,p1b\n|-resisted|p1a: Scizor\n|-resisted|p1b: Chi-Yu\n|-damage|p1a: Scizor|23\/100\n|-damage|p1b: Chi-Yu|0 fnt\n|faint|p1b: Chi-Yu\n|\n|-sideend|p1: ee123|move: Tailwind\n|upkeep\n|\n|t:|1682961148\n|switch|p1b: Flutter Mane|Flutter Mane, L50|100\/100\n|turn|7\n|\n|t:|1682961166\n|move|p1a: Scizor|Bullet Punch|p2a: Flutter Mane\n|-supereffective|p2a: Flutter Mane\n|-end|p2a: Flutter Mane|Substitute\n|move|p2a: Flutter Mane|Shadow Ball|p1a: Scizor\n|-damage|p1a: Scizor|0 fnt\n|faint|p1a: Scizor\n|move|p1b: Flutter Mane|Dazzling Gleam|p2a: Flutter Mane|[spread] p2a,p2b\n|-damage|p2a: Flutter Mane|0 fnt\n|-damage|p2b: Chi-Yu|7\/100\n|faint|p2a: Flutter Mane\n|-end|p2a: Flutter Mane|Protosynthesis|[silent]\n|move|p2b: Chi-Yu|Heat Wave|p1b: Flutter Mane\n|-damage|p1b: Flutter Mane|29\/100\n|\n|upkeep\n|\n|t:|1682961178\n|switch|p2a: Scizor|Scizor, L50, F, tera:Water|43\/100\n|turn|8\n|\n|t:|1682961180\n|move|p2a: Scizor|Bullet Punch|p1b: Flutter Mane\n|-supereffective|p1b: Flutter Mane\n|-damage|p1b: Flutter Mane|0 fnt\n|faint|p1b: Flutter Mane\n|-end|p1b: Flutter Mane|Protosynthesis|[silent]\n|\n|win|mattnot3\n|raw|ee123's rating: 1484 → 1468<\/strong> (-16 for losing)\n|raw|mattnot3's rating: 1563 → 1579<\/strong> (+16 for winning)\n|l|\u2606ee123\n","uploadtime":1682961189,"views":25,"p1id":"ee123","p2id":"mattnot3","formatid":"gen9vgc2023regulationc","rating":1468,"private":0,"password":""}