{"id":"gen9vgc2023regulationc-1851607836","p1":"Zyros Phade","p2":"rowletbow","format":"[Gen 9] VGC 2023 Regulation C","log":"|j|\u2606Zyros Phade\n|j|\u2606rowletbow\n|t:|1682460659\n|gametype|doubles\n|player|p1|Zyros Phade|170|1148\n|player|p2|rowletbow|170|1088\n|teamsize|p1|6\n|teamsize|p2|6\n|gen|9\n|tier|[Gen 9] VGC 2023 Regulation C\n|rated|\n|rule|Species Clause: Limit one of each Pok\u00e9mon\n|rule|Item Clause: Limit one of each item\n|clearpoke\n|poke|p1|Vivillon, L50, F|\n|poke|p1|Gyarados, L50, M|\n|poke|p1|Flutter Mane, L50|\n|poke|p1|Wo-Chien, L50|\n|poke|p1|Grimmsnarl, L50, M|\n|poke|p1|Garchomp, L50, F|\n|poke|p2|Armarouge, L50, F|\n|poke|p2|Indeedee-F, L50, F|\n|poke|p2|Iron Hands, L50|\n|poke|p2|Brute Bonnet, L50|\n|poke|p2|Kingambit, L50, M|\n|poke|p2|Ting-Lu, L50|\n|teampreview|4\nZyros Phade has agreed to open team sheets.\n|\n|t:|1682460689\n|start\n|switch|p1a: Marnie|Grimmsnarl, L50, M|100\/100\n|switch|p1b: Wo-Chien|Wo-Chien, L50|100\/100\n|switch|p2a: Armarouge|Armarouge, L50, F|100\/100\n|switch|p2b: Indeedee|Indeedee-F, L50, F|100\/100\n|-fieldstart|move: Psychic Terrain|[from] ability: Psychic Surge|[of] p2b: Indeedee\n|-enditem|p2b: Indeedee|Psychic Seed\n|-boost|p2b: Indeedee|spd|1|[from] item: Psychic Seed\n|-ability|p1b: Wo-Chien|Tablets of Ruin\n|turn|1\n|\n|t:|1682460718\n|move|p1a: Marnie|Light Screen|p1a: Marnie\n|-sidestart|p1: Zyros Phade|move: Light Screen\n|move|p1b: Wo-Chien|Knock Off|p2a: Armarouge\n|-supereffective|p2a: Armarouge\n|-damage|p2a: Armarouge|55\/100\n|-enditem|p2a: Armarouge|Life Orb|[from] move: Knock Off|[of] p1b: Wo-Chien\n|move|p2a: Armarouge|Armor Cannon|p1b: Wo-Chien\n|-supereffective|p1b: Wo-Chien\n|-damage|p1b: Wo-Chien|67\/100\n|-unboost|p2a: Armarouge|def|1\n|-unboost|p2a: Armarouge|spd|1\n|move|p2b: Indeedee|Trick Room|p2b: Indeedee\n|-fieldstart|move: Trick Room|[of] p2b: Indeedee\n|\n|upkeep\n|turn|2\n|\n|t:|1682460753\n|switch|p2b: Ting-Lu|Ting-Lu, L50|100\/100\n|-ability|p2b: Ting-Lu|Vessel of Ruin\n|move|p1a: Marnie|Spirit Break|p2a: Armarouge\n|-resisted|p2a: Armarouge\n|-damage|p2a: Armarouge|37\/100\n|-unboost|p2a: Armarouge|spa|1\n|move|p2a: Armarouge|Armor Cannon|p1b: Wo-Chien\n|-supereffective|p1b: Wo-Chien\n|-damage|p1b: Wo-Chien|50\/100\n|-unboost|p2a: Armarouge|def|1\n|-unboost|p2a: Armarouge|spd|1\n|move|p1b: Wo-Chien|Pollen Puff|p2b: Ting-Lu\n|-supereffective|p2b: Ting-Lu\n|-damage|p2b: Ting-Lu|84\/100\n|\n|upkeep\n|turn|3\n|\n|t:|1682460784\n|switch|p2a: Brute Bonnet|Brute Bonnet, L50|100\/100\n|move|p2b: Ting-Lu|Fissure|p1a: Marnie\n|-damage|p1a: Marnie|0 fnt\n|faint|p1a: Marnie\n|-ohko\n|move|p1b: Wo-Chien|Knock Off|p2b: Ting-Lu\n|-resisted|p2b: Ting-Lu\n|-damage|p2b: Ting-Lu|77\/100\n|-enditem|p2b: Ting-Lu|Assault Vest|[from] move: Knock Off|[of] p1b: Wo-Chien\n|\n|upkeep\n|\n|t:|1682460794\n|switch|p1a: Lance|Gyarados, L50, M, shiny|100\/100\n|-ability|p1a: Lance|Intimidate|boost\n|-unboost|p2a: Brute Bonnet|atk|1\n|-unboost|p2b: Ting-Lu|atk|1\n|turn|4\n|\n|t:|1682460825\n|-end|p2a: Brute Bonnet|Protosynthesis|[silent]\n|switch|p2a: Armarouge|Armarouge, L50, F|37\/100\n|move|p1a: Lance|Helping Hand|p1b: Wo-Chien\n|-singleturn|p1b: Wo-Chien|Helping Hand|[of] p1a: Lance\n|move|p2b: Ting-Lu|Ruination|p1a: Lance\n|-damage|p1a: Lance|51\/100\n|move|p1b: Wo-Chien|Pollen Puff|p2a: Armarouge\n|-damage|p2a: Armarouge|14\/100\n|\n|upkeep\n|turn|5\n|inactive|Battle timer is ON: inactive players will automatically lose when time's up. (requested by rowletbow)\n|\n|t:|1682460855\n|move|p1a: Lance|Helping Hand|p1b: Wo-Chien\n|-singleturn|p1b: Wo-Chien|Helping Hand|[of] p1a: Lance\n|move|p2b: Ting-Lu|Heavy Slam|p1a: Lance\n|-resisted|p1a: Lance\n|-damage|p1a: Lance|46\/100\n|move|p2a: Armarouge|Armor Cannon|p1b: Wo-Chien\n|-supereffective|p1b: Wo-Chien\n|-damage|p1b: Wo-Chien|25\/100\n|-unboost|p2a: Armarouge|def|1\n|-unboost|p2a: Armarouge|spd|1\n|move|p1b: Wo-Chien|Pollen Puff|p2b: Ting-Lu\n|-supereffective|p2b: Ting-Lu\n|-damage|p2b: Ting-Lu|42\/100\n|\n|-fieldend|move: Trick Room\n|-fieldend|move: Psychic Terrain\n|upkeep\n|turn|6\n|inactive|rowletbow has 30 seconds left.\n|inactive|rowletbow has 20 seconds left.\n|inactive|rowletbow has 15 seconds left.\n|inactive|rowletbow has 10 seconds left.\n|\n|t:|1682460903\n|switch|p2b: Indeedee|Indeedee-F, L50, F|100\/100\n|-fieldstart|move: Psychic Terrain|[from] ability: Psychic Surge|[of] p2b: Indeedee\n|move|p1a: Lance|Waterfall|p2a: Armarouge\n|-supereffective|p2a: Armarouge\n|-damage|p2a: Armarouge|0 fnt\n|faint|p2a: Armarouge\n|move|p1b: Wo-Chien|Pollen Puff|p1a: Lance\n|-heal|p1a: Lance|96\/100\n|\n|upkeep\n|\n|t:|1682460911\n|switch|p2a: Brute Bonnet|Brute Bonnet, L50|100\/100\n|turn|7\n|\n|t:|1682460924\n|move|p1a: Lance|Taunt|p2b: Indeedee\n|-start|p2b: Indeedee|move: Taunt\n|move|p1b: Wo-Chien|Knock Off|p2a: Brute Bonnet\n|-resisted|p2a: Brute Bonnet\n|-damage|p2a: Brute Bonnet|90\/100\n|-enditem|p2a: Brute Bonnet|Loaded Dice|[from] move: Knock Off|[of] p1b: Wo-Chien\n|move|p2a: Brute Bonnet|Bullet Seed|p1b: Wo-Chien\n|-resisted|p1b: Wo-Chien\n|-damage|p1b: Wo-Chien|20\/100\n|-resisted|p1b: Wo-Chien\n|-damage|p1b: Wo-Chien|15\/100\n|-hitcount|p1b: Wo-Chien|2\n|cant|p2b: Indeedee|move: Taunt|Trick Room\n|\n|upkeep\n|turn|8\n|inactive|rowletbow has 30 seconds left.\n|\n|t:|1682460958\n|move|p1a: Lance|Helping Hand|p1b: Wo-Chien\n|-singleturn|p1b: Wo-Chien|Helping Hand|[of] p1a: Lance\n|move|p2b: Indeedee|Dazzling Gleam|p1b: Wo-Chien|[spread] p1a,p1b\n|-supereffective|p1b: Wo-Chien\n|-damage|p1a: Lance|88\/100\n|-damage|p1b: Wo-Chien|8\/100\n|move|p1b: Wo-Chien|Pollen Puff|p2a: Brute Bonnet\n|-supereffective|p2a: Brute Bonnet\n|-damage|p2a: Brute Bonnet|0 fnt\n|faint|p2a: Brute Bonnet\n|-end|p2a: Brute Bonnet|Protosynthesis|[silent]\n|\n|-sideend|p1: Zyros Phade|move: Light Screen\n|upkeep\n|\n|t:|1682460968\n|switch|p2a: Ting-Lu|Ting-Lu, L50|42\/100\n|-ability|p2a: Ting-Lu|Vessel of Ruin\n|turn|9\n|\n|t:|1682460980\n|move|p1a: Lance|Waterfall|p2a: Ting-Lu\n|-supereffective|p2a: Ting-Lu\n|-damage|p2a: Ting-Lu|10\/100\n|move|p2b: Indeedee|Dazzling Gleam|p1a: Lance|[spread] p1a,p1b\n|-supereffective|p1b: Wo-Chien\n|-damage|p1a: Lance|79\/100\n|-damage|p1b: Wo-Chien|0 fnt\n|faint|p1b: Wo-Chien\n|move|p2a: Ting-Lu|Heavy Slam|p1a: Lance\n|-resisted|p1a: Lance\n|-damage|p1a: Lance|69\/100\n|\n|-end|p2b: Indeedee|move: Taunt\n|upkeep\n|\n|t:|1682460986\n|switch|p1b: Cynthia|Garchomp, L50, F|100\/100\n|turn|10\n|\n|t:|1682460999\n|move|p1a: Lance|Helping Hand|p1b: Cynthia\n|-singleturn|p1b: Cynthia|Helping Hand|[of] p1a: Lance\n|move|p1b: Cynthia|Earthquake|p2b: Indeedee|[spread] p2a,p2b\n|-immune|p1a: Lance\n|-damage|p2a: Ting-Lu|0 fnt\n|-damage|p2b: Indeedee|28\/100\n|faint|p2a: Ting-Lu\n|move|p2b: Indeedee|Dazzling Gleam|p1b: Cynthia|[spread] p1a,p1b\n|-supereffective|p1b: Cynthia\n|-damage|p1a: Lance|57\/100\n|-damage|p1b: Cynthia|77\/100\n|\n|-fieldend|move: Psychic Terrain\n|upkeep\n|turn|11\n|-message|rowletbow forfeited.\n|\n|win|Zyros Phade\n|raw|Zyros Phade's rating: 1171 → 1190<\/strong> (+19 for winning)\n|raw|rowletbow's rating: 1088 → 1070<\/strong> (-18 for losing)\n|l|\u2606rowletbow\n","uploadtime":1682461013,"views":13,"p1id":"zyrosphade","p2id":"rowletbow","formatid":"gen9vgc2023regulationc","rating":1070,"private":0,"password":""}