{"id":"gen9vgc2023regulationc-1852061150","p1":"Wepaoe","p2":"pupulovessixsheep","format":"[Gen 9] VGC 2023 Regulation C","log":"|j|\u2606Wepaoe\n|j|\u2606pupulovessixsheep\n|t:|1682520913\n|gametype|doubles\n|player|p1|Wepaoe|1|1337\n|player|p2|pupulovessixsheep|169|1310\n|teamsize|p1|6\n|teamsize|p2|6\n|gen|9\n|tier|[Gen 9] VGC 2023 Regulation C\n|rated|\n|rule|Species Clause: Limit one of each Pok\u00e9mon\n|rule|Item Clause: Limit one of each item\n|clearpoke\n|poke|p1|Chien-Pao, L50|\n|poke|p1|Torkoal, L50, F|\n|poke|p1|Scream Tail, L50|\n|poke|p1|Ting-Lu, L50|\n|poke|p1|Flutter Mane, L50|\n|poke|p1|Gholdengo, L50|\n|poke|p2|Talonflame, L50, M|\n|poke|p2|Chi-Yu, L50|\n|poke|p2|Flutter Mane, L50|\n|poke|p2|Amoonguss, L50, M|\n|poke|p2|Tyranitar, L50, F|\n|poke|p2|Houndstone, L50, M|\n|teampreview|4\n|inactive|Battle timer is ON: inactive players will automatically lose when time's up. (requested by pupulovessixsheep)\n|inactive|Wepaoe has 60 seconds left.\n|\n|t:|1682520960\n|start\n|switch|p1a: Flutter Mane|Flutter Mane, L50|100\/100\n|switch|p1b: Gholdengo|Gholdengo, L50|100\/100\n|switch|p2a: Chi-Yu|Chi-Yu, L50|100\/100\n|switch|p2b: Flutter Mane|Flutter Mane, L50|100\/100\n|-ability|p2a: Chi-Yu|Beads of Ruin\n|-enditem|p2b: Flutter Mane|Booster Energy\n|-activate|p2b: Flutter Mane|ability: Protosynthesis|[fromitem]\n|-start|p2b: Flutter Mane|protosynthesisspa\n|turn|1\n|inactive|Wepaoe has 30 seconds left.\n|inactive|pupulovessixsheep has 30 seconds left.\n|\n|t:|1682520989\n|-terastallize|p2b: Flutter Mane|Fairy\n|move|p1b: Gholdengo|Protect|p1b: Gholdengo\n|-singleturn|p1b: Gholdengo|Protect\n|move|p2a: Chi-Yu|Heat Wave|p1b: Gholdengo|[spread] p1a\n|-activate|p1b: Gholdengo|move: Protect\n|-damage|p1a: Flutter Mane|46\/100\n|move|p1a: Flutter Mane|Dazzling Gleam|p2b: Flutter Mane|[spread] p2a,p2b\n|-damage|p2a: Chi-Yu|62\/100\n|-damage|p2b: Flutter Mane|54\/100\n|move|p2b: Flutter Mane|Dazzling Gleam|p1a: Flutter Mane|[spread] p1a\n|-activate|p1b: Gholdengo|move: Protect\n|-damage|p1a: Flutter Mane|0 fnt\n|faint|p1a: Flutter Mane\n|-end|p1a: Flutter Mane|Protosynthesis|[silent]\n|\n|upkeep\n|\n|t:|1682521011\n|switch|p1a: Ting-Lu|Ting-Lu, L50|100\/100\n|-ability|p1a: Ting-Lu|Vessel of Ruin\n|turn|2\n|\n|t:|1682521032\n|switch|p1b: Torkoal|Torkoal, L50, F|100\/100\n|-weather|SunnyDay|[from] ability: Drought|[of] p1b: Torkoal\n|-terastallize|p1a: Ting-Lu|Poison\n|move|p2a: Chi-Yu|Heat Wave|p1a: Ting-Lu|[spread] p1a,p1b\n|-resisted|p1b: Torkoal\n|-damage|p1a: Ting-Lu|52\/100\n|-damage|p1b: Torkoal|60\/100\n|move|p2b: Flutter Mane|Dazzling Gleam|p1b: Torkoal|[spread] p1a,p1b\n|-resisted|p1a: Ting-Lu\n|-resisted|p1b: Torkoal\n|-crit|p1b: Torkoal\n|-damage|p1a: Ting-Lu|28\/100\n|-damage|p1b: Torkoal|0 fnt\n|faint|p1b: Torkoal\n|move|p1a: Ting-Lu|Earthquake|p2b: Flutter Mane|[spread] p2a,p2b\n|-supereffective|p2a: Chi-Yu\n|-damage|p2a: Chi-Yu|0 fnt\n|-damage|p2b: Flutter Mane|0 fnt\n|faint|p2a: Chi-Yu\n|faint|p2b: Flutter Mane\n|-end|p2b: Flutter Mane|Protosynthesis|[silent]\n|\n|-weather|SunnyDay|[upkeep]\n|-heal|p1a: Ting-Lu|34\/100|[from] item: Leftovers\n|upkeep\n|\n|t:|1682521054\n|switch|p2b: \u5c0f\u767d|Houndstone, L50, M, shiny|100\/100\n|switch|p2a: Tyranitar|Tyranitar, L50, F, shiny|100\/100\n|switch|p1b: Gholdengo|Gholdengo, L50|100\/100\n|-weather|Sandstorm|[from] ability: Sand Stream|[of] p2a: Tyranitar\n|turn|3\n|\n|t:|1682521072\n|move|p1b: Gholdengo|Protect|p1b: Gholdengo\n|-singleturn|p1b: Gholdengo|Protect\n|move|p2b: \u5c0f\u767d|Last Respects|p1b: Gholdengo\n|-activate|p1b: Gholdengo|move: Protect\n|move|p2a: Tyranitar|Rock Slide|p1b: Gholdengo|[spread] p1a\n|-activate|p1b: Gholdengo|move: Protect\n|-damage|p1a: Ting-Lu|16\/100\n|move|p1a: Ting-Lu|Earthquake|p2a: Tyranitar|[spread] p2a,p2b\n|-activate|p1b: Gholdengo|move: Protect\n|-supereffective|p2a: Tyranitar\n|-crit|p2a: Tyranitar\n|-damage|p2a: Tyranitar|0 fnt\n|-damage|p2b: \u5c0f\u767d|58\/100\n|faint|p2a: Tyranitar\n|\n|-weather|Sandstorm|[upkeep]\n|-damage|p1a: Ting-Lu|10\/100|[from] Sandstorm\n|-heal|p1a: Ting-Lu|16\/100|[from] item: Leftovers\n|upkeep\n|turn|4\n|inactive|Wepaoe has 30 seconds left.\n|\n|t:|1682521100\n|move|p2b: \u5c0f\u767d|Last Respects|p1b: Gholdengo\n|-supereffective|p1b: Gholdengo\n|-damage|p1b: Gholdengo|0 fnt\n|faint|p1b: Gholdengo\n|move|p1a: Ting-Lu|Heavy Slam|p2b: \u5c0f\u767d\n|-damage|p2b: \u5c0f\u767d|8\/100\n|\n|-weather|Sandstorm|[upkeep]\n|-damage|p1a: Ting-Lu|10\/100|[from] Sandstorm\n|-heal|p1a: Ting-Lu|16\/100|[from] item: Leftovers\n|upkeep\n|turn|5\n|\n|t:|1682521116\n|move|p2b: \u5c0f\u767d|Last Respects|p1a: Ting-Lu\n|-damage|p1a: Ting-Lu|0 fnt\n|faint|p1a: Ting-Lu\n|\n|win|pupulovessixsheep\n|raw|Wepaoe's rating: 1337 → 1315<\/strong> (-22 for losing)\n|raw|pupulovessixsheep's rating: 1310 → 1332<\/strong> (+22 for winning)\n|l|\u2606Wepaoe\n","uploadtime":1682521135,"views":14,"p1id":"wepaoe","p2id":"pupulovessixsheep","formatid":"gen9vgc2023regulationc","rating":1315,"private":0,"password":""}