{"id":"gen9vgc2023regulationc-1845253825","p1":"FlynnHunter7","p2":"Ori1","format":"[Gen 9] VGC 2023 Regulation C","log":"|j|\u2606FlynnHunter7\n|j|\u2606Ori1\n|t:|1681702622\n|gametype|doubles\n|player|p1|FlynnHunter7|hilbert|1062\n|player|p2|Ori1|clown|1024\n|teamsize|p1|6\n|teamsize|p2|6\n|gen|9\n|tier|[Gen 9] VGC 2023 Regulation C\n|rated|\n|rule|Species Clause: Limit one of each Pok\u00e9mon\n|rule|Item Clause: Limit one of each item\n|clearpoke\n|poke|p1|Palafin, L50, F|\n|poke|p1|Arcanine, L50, M|\n|poke|p1|Amoonguss, L50, M|\n|poke|p1|Flutter Mane, L50|\n|poke|p1|Wo-Chien, L50|\n|poke|p1|Ting-Lu, L50|\n|poke|p2|Stantler, L50, F|\n|poke|p2|Annihilape, L50, F|\n|poke|p2|Pawmot, L50, F|\n|poke|p2|Kilowattrel, L50, F|\n|poke|p2|Armarouge, L50, F|\n|poke|p2|Gengar, L50, M|\n|teampreview|4\n|inactive|Battle timer is ON: inactive players will automatically lose when time's up. (requested by FlynnHunter7)\nFlynnHunter7 has agreed to open team sheets.\n|\n|t:|1681702649\n|start\n|switch|p1a: Wo-Chien|Wo-Chien, L50|100\/100\n|switch|p1b: Palafin|Palafin, L50, F|100\/100\n|switch|p2a: Kilowattrel|Kilowattrel, L50, F|100\/100\n|switch|p2b: Armarouge|Armarouge, L50, F|100\/100\n|-ability|p1a: Wo-Chien|Tablets of Ruin\n|turn|1\n|\n|t:|1681702666\n|detailschange|p1b: Palafin|Palafin-Hero, L50, F\n|switch|p1b: Ting-Lu|Ting-Lu, L50|100\/100\n|-ability|p1b: Ting-Lu|Vessel of Ruin\n|switch|p2b: Stantler|Stantler, L50, F|100\/100\n|-ability|p2b: Stantler|Intimidate|boost\n|-unboost|p1a: Wo-Chien|atk|1\n|-unboost|p1b: Ting-Lu|atk|1\n|move|p2a: Kilowattrel|Tailwind|p2a: Kilowattrel\n|-sidestart|p2: Ori1|move: Tailwind\n|move|p1a: Wo-Chien|Leech Seed|p2b: Stantler\n|-start|p2b: Stantler|move: Leech Seed\n|\n|-damage|p2b: Stantler|88\/100|[from] Leech Seed|[of] p1a: Wo-Chien\n|upkeep\n|turn|2\n|\n|t:|1681702688\n|move|p2b: Stantler|Skill Swap|p1b: Ting-Lu\n|-activate|p2b: Stantler|move: Skill Swap|Vessel of Ruin|Intimidate|[of] p1b: Ting-Lu\n|-ability|p2b: Stantler|Vessel of Ruin\n|-ability|p1b: Ting-Lu|Intimidate|boost\n|-unboost|p2a: Kilowattrel|atk|1\n|-ability|p2a: Kilowattrel|Competitive|boost\n|-boost|p2a: Kilowattrel|spa|2\n|-unboost|p2b: Stantler|atk|1\n|move|p2a: Kilowattrel|Hurricane|p1a: Wo-Chien\n|-supereffective|p1a: Wo-Chien\n|-damage|p1a: Wo-Chien|0 fnt\n|faint|p1a: Wo-Chien\n|move|p1b: Ting-Lu|Rock Slide|p2a: Kilowattrel|[spread] p2a,p2b\n|-supereffective|p2a: Kilowattrel\n|-damage|p2a: Kilowattrel|65\/100\n|-damage|p2b: Stantler|73\/100\n|\n|upkeep\n|\n|t:|1681702706\n|switch|p1a: Flutter Mane|Flutter Mane, L50|100\/100\n|-enditem|p1a: Flutter Mane|Booster Energy\n|-activate|p1a: Flutter Mane|ability: Protosynthesis|[fromitem]\n|-start|p1a: Flutter Mane|protosynthesisspa\n|turn|3\n|\n|t:|1681702717\n|switch|p2b: Armarouge|Armarouge, L50, F|100\/100\n|move|p2a: Kilowattrel|Discharge|p1b: Ting-Lu|[spread] p2b,p1a\n|-immune|p1b: Ting-Lu\n|-damage|p2b: Armarouge|39\/100\n|-damage|p1a: Flutter Mane|40\/100\n|-status|p2b: Armarouge|par\n|move|p1a: Flutter Mane|Thunderbolt|p2a: Kilowattrel\n|-damage|p2a: Kilowattrel|0 fnt\n|faint|p2a: Kilowattrel\n|move|p1b: Ting-Lu|Fissure|p2b: Armarouge|[miss]\n|-miss|p1b: Ting-Lu|p2b: Armarouge\n|\n|upkeep\n|\n|t:|1681702726\n|switch|p2a: Annihilape|Annihilape, L50, F, shiny|100\/100\n|turn|4\n|\n|t:|1681702735\n|move|p2a: Annihilape|Rage Fist|p1a: Flutter Mane\n|-supereffective|p1a: Flutter Mane\n|-damage|p1a: Flutter Mane|0 fnt\n|faint|p1a: Flutter Mane\n|-end|p1a: Flutter Mane|Protosynthesis|[silent]\n|move|p2b: Armarouge|Energy Ball|p1b: Ting-Lu\n|-supereffective|p1b: Ting-Lu\n|-damage|p1b: Ting-Lu|75\/100\n|move|p1b: Ting-Lu|Fissure|p2b: Armarouge|[miss]\n|-miss|p1b: Ting-Lu|p2b: Armarouge\n|\n|-sideend|p2: Ori1|move: Tailwind\n|upkeep\n|\n|t:|1681702745\n|switch|p1a: Palafin|Palafin-Hero, L50, F|100\/100\n|-activate|p1a: Palafin|ability: Zero to Hero\n|turn|5\n|\n|t:|1681702754\n|move|p2a: Annihilape|Protect|p2a: Annihilape\n|-singleturn|p2a: Annihilape|Protect\n|move|p1a: Palafin|Jet Punch|p2b: Armarouge\n|-supereffective|p2b: Armarouge\n|-damage|p2b: Armarouge|0 fnt\n|faint|p2b: Armarouge\n|move|p1b: Ting-Lu|Fissure|p2a: Annihilape\n|-activate|p2a: Annihilape|move: Protect\n|\n|upkeep\n|\n|t:|1681702760\n|switch|p2b: Stantler|Stantler, L50, F|73\/100\n|-ability|p2b: Stantler|Intimidate|boost\n|-unboost|p1a: Palafin|atk|1\n|-unboost|p1b: Ting-Lu|atk|1\n|turn|6\n|\n|t:|1681702770\n|move|p2b: Stantler|Skill Swap|p1b: Ting-Lu\n|-activate|p2b: Stantler|move: Skill Swap|Intimidate|Intimidate|[of] p1b: Ting-Lu\n|-ability|p2b: Stantler|Intimidate|boost\n|-unboost|p1a: Palafin|atk|1\n|-unboost|p1b: Ting-Lu|atk|1\n|-ability|p1b: Ting-Lu|Intimidate|boost\n|-unboost|p2a: Annihilape|atk|1\n|-ability|p2a: Annihilape|Defiant|boost\n|-boost|p2a: Annihilape|atk|2\n|-enditem|p2a: Annihilape|Adrenaline Orb\n|-boost|p2a: Annihilape|spe|1|[from] item: Adrenaline Orb\n|-unboost|p2b: Stantler|atk|1\n|move|p2a: Annihilape|Drain Punch|p1b: Ting-Lu\n|-supereffective|p1b: Ting-Lu\n|-damage|p1b: Ting-Lu|14\/100\n|move|p1a: Palafin|Haze|p1a: Palafin\n|-clearallboost\n|move|p1b: Ting-Lu|Fissure|p2a: Annihilape\n|-damage|p2a: Annihilape|0 fnt\n|faint|p2a: Annihilape\n|-ohko\n|\n|upkeep\n|turn|7\n|-message|Ori1 forfeited.\n|\n|win|FlynnHunter7\n|raw|FlynnHunter7's rating: 1062 → 1089<\/strong> (+27 for winning)\n|raw|Ori1's rating: 1024 → 1012<\/strong> (-12 for losing)\n|l|\u2606Ori1\n","uploadtime":1681702793,"views":9,"p1id":"flynnhunter7","p2id":"ori1","formatid":"gen9vgc2023regulationc","rating":1012,"private":0,"password":""}