{"id":"gen9vgc2023regulationc-1862973078","p1":"sahabatGOMBA\u2714\ufe0f","p2":"Aldrich DL","format":"[Gen 9] VGC 2023 Regulation C","log":"|j|\u2606sahabatGOMBA\u2714\ufe0f\n|j|\u2606Aldrich DL\n|t:|1683946051\n|gametype|doubles\n|player|p1|sahabatGOMBA\u2714\ufe0f|acetrainercouple|\n|player|p2|Aldrich DL|richboy-gen3|\n|teamsize|p1|6\n|teamsize|p2|6\n|gen|9\n|tier|[Gen 9] VGC 2023 Regulation C\n|rule|Species Clause: Limit one of each Pok\u00e9mon\n|rule|Item Clause: Limit one of each item\n|clearpoke\n|poke|p1|Gholdengo, L50|\n|poke|p1|Azumarill, L50, M|\n|poke|p1|Armarouge, L50, M|\n|poke|p1|Ceruledge, L50, M|\n|poke|p1|Arcanine, L50, M|\n|poke|p1|Indeedee-F, L50, F|\n|poke|p2|Armarouge, L50, F|\n|poke|p2|Dragapult, L50, M|\n|poke|p2|Rotom-Wash, L50|\n|poke|p2|Indeedee-F, L50, F|\n|poke|p2|Ceruledge, L50, F|\n|poke|p2|Hawlucha, L50, F|\n|teampreview|4\nsahabatGOMBA\u2714\ufe0f has agreed to open team sheets.\n|c|\u2606sahabatGOMBA\u2714\ufe0f|OK MANTAB\nAldrich DL has agreed to open team sheets.\n|c|\u2606sahabatGOMBA\u2714\ufe0f|OK GASPOL.COM\n|c|\u2606Aldrich DL|lets goo\n|c|\u2606sahabatGOMBA\u2714\ufe0f|tim kita mirip malas gw\n|c|\u2606sahabatGOMBA\u2714\ufe0f|wawkakwak\n|c|\u2606Aldrich DL|WKWKWK\n|c|\u2606sahabatGOMBA\u2714\ufe0f|emang paling ganteng main arma di turni2 kek gini\n|c|\u2606Aldrich DL|hemmm\n|c|\u2606Aldrich DL|cmn w kalah molo\n|\n|t:|1683946177\n|start\n|switch|p1a: Indeedee|Indeedee-F, L50, F|100\/100\n|switch|p1b: Gholdengo|Gholdengo, L50|100\/100\n|switch|p2a: i|Indeedee-F, L50, F|100\/100\n|switch|p2b: a|Armarouge, L50, F|100\/100\n|-fieldstart|move: Psychic Terrain|[from] ability: Psychic Surge|[of] p2a: i\n|-enditem|p1a: Indeedee|Psychic Seed\n|-boost|p1a: Indeedee|spd|1|[from] item: Psychic Seed\n|turn|1\n|c|\u2606Aldrich DL|gk ganteng ini\n|c|\u2606sahabatGOMBA\u2714\ufe0f|kmrn kan u menang\n|\n|t:|1683946207\n|move|p2a: i|Helping Hand|p2b: a\n|-singleturn|p2b: a|Helping Hand|[of] p2a: i\n|move|p2b: a|Armor Cannon|p1b: Gholdengo\n|-supereffective|p1b: Gholdengo\n|-damage|p1b: Gholdengo|0 fnt\n|-unboost|p2b: a|def|1\n|-unboost|p2b: a|spd|1\n|faint|p1b: Gholdengo\n|move|p1a: Indeedee|Trick Room|p1a: Indeedee\n|-fieldstart|move: Trick Room|[of] p1a: Indeedee\n|\n|upkeep\n|\n|t:|1683946217\n|switch|p1b: Azumarill|Azumarill, L50, M|100\/100\n|turn|2\n|c|\u2606sahabatGOMBA\u2714\ufe0f|bs gitu anjir\n|c|\u2606Aldrich DL|alhamdulilah\n|\n|t:|1683946247\n|move|p2a: i|Follow Me|p2a: i\n|-singleturn|p2a: i|move: Follow Me\n|move|p1b: Azumarill|Liquidation|p2a: i\n|-damage|p2a: i|41\/100\n|-unboost|p2a: i|def|1\n|move|p1a: Indeedee|Psyshock|p2a: i\n|-resisted|p2a: i\n|-damage|p2a: i|15\/100\n|-enditem|p2a: i|Aguav Berry|[eat]\n|-heal|p2a: i|49\/100|[from] item: Aguav Berry\n|move|p2b: a|Expanding Force|p1b: Azumarill|[spread] p1a,p1b\n|-resisted|p1a: Indeedee\n|-damage|p1a: Indeedee|80\/100\n|-damage|p1b: Azumarill|59\/100\n|\n|upkeep\n|turn|3\n|j| A Borygon\n|\n|t:|1683946267\n|move|p2a: i|Protect|p2a: i\n|-singleturn|p2a: i|Protect\n|move|p2b: a|Protect|p2b: a\n|-singleturn|p2b: a|Protect\n|move|p1b: Azumarill|Liquidation|p2b: a\n|-activate|p2b: a|move: Protect\n|move|p1a: Indeedee|Psyshock|p2b: a\n|-activate|p2b: a|move: Protect\n|\n|upkeep\n|turn|4\n|\n|t:|1683946292\n|switch|p2a: h|Hawlucha, L50, F|100\/100\n|-enditem|p2a: h|Psychic Seed\n|-boost|p2a: h|spd|1|[from] item: Psychic Seed\n|switch|p2b: r|Rotom-Wash, L50|100\/100\n|move|p1b: Azumarill|Liquidation|p2a: h\n|-damage|p2a: h|14\/100\n|move|p1a: Indeedee|Psyshock|p2b: r\n|-damage|p2b: r|64\/100\n|\n|upkeep\n|turn|5\n|\n|t:|1683946328\n|switch|p1b: Arcanine|Arcanine, L50, M|100\/100\n|-ability|p1b: Arcanine|Intimidate|boost\n|-unboost|p2a: h|atk|1\n|-unboost|p2b: r|atk|1\n|move|p1a: Indeedee|Psyshock|p2a: h\n|-supereffective|p2a: h\n|-damage|p2a: h|0 fnt\n|faint|p2a: h\n|move|p2b: r|Nasty Plot|p2b: r\n|-boost|p2b: r|spa|2\n|\n|-fieldend|move: Trick Room\n|-fieldend|move: Psychic Terrain\n|upkeep\n|\n|t:|1683946338\n|switch|p2a: i|Indeedee-F, L50, F|49\/100\n|-fieldstart|move: Psychic Terrain|[from] ability: Psychic Surge|[of] p2a: i\n|turn|6\n|\n|t:|1683946358\n|-terastallize|p1b: Arcanine|Water\n|move|p1b: Arcanine|Snarl|p2b: r|[spread] p2a,p2b\n|-supereffective|p2a: i\n|-damage|p2a: i|34\/100\n|-damage|p2b: r|54\/100\n|-unboost|p2a: i|spa|1\n|-unboost|p2b: r|spa|1\n|move|p2b: r|Thunderbolt|p1a: Indeedee\n|-damage|p1a: Indeedee|43\/100\n|move|p2a: i|Psychic|p1a: Indeedee\n|-resisted|p1a: Indeedee\n|-damage|p1a: Indeedee|35\/100\n|move|p1a: Indeedee|Psyshock|p2b: r\n|-damage|p2b: r|14\/100\n|-enditem|p2b: r|Sitrus Berry|[eat]\n|-heal|p2b: r|39\/100|[from] item: Sitrus Berry\n|\n|upkeep\n|turn|7\n|\n|t:|1683946393\n|move|p2a: i|Helping Hand|p2b: r\n|-singleturn|p2b: r|Helping Hand|[of] p2a: i\n|move|p1b: Arcanine|Flare Blitz|p2a: i\n|-damage|p2a: i|0 fnt\n|faint|p2a: i\n|-damage|p1b: Arcanine|91\/100|[from] Recoil\n|move|p2b: r|Thunderbolt|p1a: Indeedee\n|-damage|p1a: Indeedee|0 fnt\n|faint|p1a: Indeedee\n|\n|upkeep\n|\n|t:|1683946404\n|switch|p2a: a|Armarouge, L50, F|100\/100\n|switch|p1a: Azumarill|Azumarill, L50, M|59\/100\n|turn|8\n|\n|t:|1683946430\n|-terastallize|p2a: a|Psychic\n|move|p1b: Arcanine|Snarl|p2a: a|[spread] p2a,p2b\n|-supereffective|p2a: a\n|-damage|p2a: a|79\/100\n|-damage|p2b: r|30\/100\n|-unboost|p2a: a|spa|1\n|-unboost|p2b: r|spa|1\n|-enditem|p2a: a|Weakness Policy\n|-boost|p2a: a|atk|2|[from] item: Weakness Policy\n|-boost|p2a: a|spa|2|[from] item: Weakness Policy\n|move|p2b: r|Thunderbolt|p1a: Azumarill\n|-supereffective|p1a: Azumarill\n|-damage|p1a: Azumarill|7\/100\n|move|p2a: a|Expanding Force|p1a: Azumarill|[spread] p1a,p1b\n|-damage|p1a: Azumarill|0 fnt\n|-damage|p1b: Arcanine|0 fnt\n|faint|p1a: Azumarill\n|faint|p1b: Arcanine\n|\n|win|Aldrich DL\n|c|\u2606sahabatGOMBA\u2714\ufe0f|gg\n|c|\u2606Aldrich DL|gg\n|c|\u2606sahabatGOMBA\u2714\ufe0f|lnjt\n|l| A Borygon\n|l|\u2606sahabatGOMBA\u2714\ufe0f\n","uploadtime":1683946726,"views":9,"p1id":"sahabatgomba","p2id":"aldrichdl","formatid":"gen9vgc2023regulationc","rating":0,"private":0,"password":""}