{"id":"gen9vgc2023regulationc-1845883970","p1":"magic 561","p2":"Resok","format":"[Gen 9] VGC 2023 Regulation C","log":"|j|\u2606magic 561\n|j|\u2606Resok\n|t:|1681775133\n|gametype|doubles\n|player|p1|magic 561|acetrainersnow|1333\n|player|p2|Resok|2|1362\n|teamsize|p1|6\n|teamsize|p2|6\n|gen|9\n|tier|[Gen 9] VGC 2023 Regulation C\n|rated|\n|rule|Species Clause: Limit one of each Pok\u00e9mon\n|rule|Item Clause: Limit one of each item\n|clearpoke\n|poke|p1|Tinkaton, L50, F|\n|poke|p1|Chien-Pao, L50|\n|poke|p1|Volcarona, L50, F|\n|poke|p1|Slither Wing, L50|\n|poke|p1|Rotom-Wash, L50|\n|poke|p1|Flutter Mane, L50|\n|poke|p2|Scizor, L50, M|\n|poke|p2|Palafin, L50, F|\n|poke|p2|Iron Bundle, L50|\n|poke|p2|Arcanine, L50, M|\n|poke|p2|Chi-Yu, L50|\n|poke|p2|Ting-Lu, L50|\n|teampreview|4\n|j| ggomochi\n|\n|t:|1681775193\n|start\n|switch|p1a: Tinkaton|Tinkaton, L50, F|100\/100\n|switch|p1b: Slither Wing|Slither Wing, L50|100\/100\n|switch|p2a: Chi-Yu|Chi-Yu, L50|100\/100\n|switch|p2b: Palafin|Palafin, L50, F|100\/100\n|-ability|p2a: Chi-Yu|Beads of Ruin\n|-ability|p1a: Tinkaton|Mold Breaker\n|turn|1\n|inactive|Battle timer is ON: inactive players will automatically lose when time's up. (requested by Resok)\n|\n|t:|1681775223\n|detailschange|p2b: Palafin|Palafin-Hero, L50, F\n|switch|p2b: Ting-Lu|Ting-Lu, L50|100\/100\n|-ability|p2b: Ting-Lu|Vessel of Ruin\n|move|p1a: Tinkaton|Fake Out|p2a: Chi-Yu\n|-damage|p2a: Chi-Yu|87\/100\n|move|p1b: Slither Wing|First Impression|p2a: Chi-Yu\n|-damage|p2a: Chi-Yu|4\/100\n|cant|p2a: Chi-Yu|flinch\n|\n|upkeep\n|turn|2\n|\n|t:|1681775248\n|switch|p2a: Palafin|Palafin-Hero, L50, F|100\/100\n|-activate|p2a: Palafin|ability: Zero to Hero\n|switch|p1a: Rotom|Rotom-Wash, L50|100\/100\n|-end|p1b: Slither Wing|Protosynthesis|[silent]\n|switch|p1b: Volcarona|Volcarona, L50, F|100\/100\n|move|p2b: Ting-Lu|Fissure|p1b: Volcarona|[miss]\n|-miss|p2b: Ting-Lu|p1b: Volcarona\n|\n|upkeep\n|turn|3\n|\n|t:|1681775267\n|move|p1b: Volcarona|Protect|p1b: Volcarona\n|-singleturn|p1b: Volcarona|Protect\n|move|p2a: Palafin|Protect|p2a: Palafin\n|-singleturn|p2a: Palafin|Protect\n|move|p1a: Rotom|Will-O-Wisp|p2a: Palafin\n|-activate|p2a: Palafin|move: Protect\n|move|p2b: Ting-Lu|Fissure|p1a: Rotom\n|-immune|p1a: Rotom|[from] ability: Levitate\n|\n|upkeep\n|turn|4\n|inactive|Resok has 30 seconds left.\n|\n|t:|1681775301\n|switch|p1b: Tinkaton|Tinkaton, L50, F|100\/100\n|-ability|p1b: Tinkaton|Mold Breaker\n|move|p2a: Palafin|Wave Crash|p1b: Tinkaton\n|-damage|p1b: Tinkaton|23\/100\n|-enditem|p1b: Tinkaton|Sitrus Berry|[eat]\n|-heal|p1b: Tinkaton|48\/100|[from] item: Sitrus Berry\n|-damage|p2a: Palafin|76\/100|[from] Recoil\n|-damage|p2a: Palafin|67\/100|[from] item: Life Orb\n|move|p1a: Rotom|Thunderbolt|p2a: Palafin\n|-supereffective|p2a: Palafin\n|-damage|p2a: Palafin|22\/100\n|move|p2b: Ting-Lu|Snarl|p1b: Tinkaton|[spread] p1a,p1b\n|-resisted|p1b: Tinkaton\n|-damage|p1a: Rotom|94\/100\n|-damage|p1b: Tinkaton|44\/100\n|-unboost|p1a: Rotom|spa|1\n|-unboost|p1b: Tinkaton|spa|1\n|\n|-heal|p1a: Rotom|99\/100|[from] item: Leftovers\n|upkeep\n|turn|5\n|inactive|magic 561 has 30 seconds left.\n|inactive|Resok has 30 seconds left.\n|\n|t:|1681775333\n|move|p2a: Palafin|Protect|p2a: Palafin\n|-singleturn|p2a: Palafin|Protect\n|move|p1b: Tinkaton|Knock Off|p2b: Ting-Lu\n|-resisted|p2b: Ting-Lu\n|-damage|p2b: Ting-Lu|96\/100\n|-enditem|p2b: Ting-Lu|Assault Vest|[from] move: Knock Off|[of] p1b: Tinkaton\n|move|p1a: Rotom|Will-O-Wisp|p2b: Ting-Lu\n|-status|p2b: Ting-Lu|brn\n|move|p2b: Ting-Lu|Heavy Slam|p1b: Tinkaton\n|-damage|p1b: Tinkaton|31\/100\n|\n|-heal|p1a: Rotom|100\/100|[from] item: Leftovers\n|-damage|p2b: Ting-Lu|90\/100 brn|[from] brn\n|upkeep\n|turn|6\n|\n|t:|1681775358\n|move|p2a: Palafin|Wave Crash|p1b: Tinkaton\n|-damage|p1b: Tinkaton|0 fnt\n|faint|p1b: Tinkaton\n|-damage|p2a: Palafin|12\/100|[from] Recoil\n|-damage|p2a: Palafin|2\/100|[from] item: Life Orb\n|move|p1a: Rotom|Will-O-Wisp|p2a: Palafin|[miss]\n|-miss|p1a: Rotom|p2a: Palafin\n|move|p2b: Ting-Lu|Snarl|p1a: Rotom\n|-damage|p1a: Rotom|91\/100\n|-unboost|p1a: Rotom|spa|1\n|\n|-heal|p1a: Rotom|97\/100|[from] item: Leftovers\n|-damage|p2b: Ting-Lu|84\/100 brn|[from] brn\n|upkeep\n|\n|t:|1681775372\n|switch|p1b: Volcarona|Volcarona, L50, F|100\/100\n|turn|7\n|\n|t:|1681775380\n|-terastallize|p1b: Volcarona|Water\n|move|p2a: Palafin|Protect|p2a: Palafin\n|-singleturn|p2a: Palafin|Protect\n|move|p1b: Volcarona|Quiver Dance|p1b: Volcarona\n|-boost|p1b: Volcarona|spa|1\n|-boost|p1b: Volcarona|spd|1\n|-boost|p1b: Volcarona|spe|1\n|move|p1a: Rotom|Hydro Pump|p2b: Ting-Lu\n|-supereffective|p2b: Ting-Lu\n|-damage|p2b: Ting-Lu|63\/100 brn\n|move|p2b: Ting-Lu|Fissure|p1b: Volcarona|[miss]\n|-miss|p2b: Ting-Lu|p1b: Volcarona\n|\n|-heal|p1a: Rotom|100\/100|[from] item: Leftovers\n|-damage|p2b: Ting-Lu|57\/100 brn|[from] brn\n|upkeep\n|turn|8\n|inactive|magic 561 has 30 seconds left.\n|inactive|Resok has 30 seconds left.\n|\n|t:|1681775415\n|switch|p1a: Slither Wing|Slither Wing, L50|100\/100\n|move|p2a: Palafin|Jet Punch|p1a: Slither Wing\n|-damage|p1a: Slither Wing|48\/100\n|-damage|p2a: Palafin|0 fnt|[from] item: Life Orb\n|faint|p2a: Palafin\n|move|p1b: Volcarona|Giga Drain|p2b: Ting-Lu\n|-supereffective|p2b: Ting-Lu\n|-damage|p2b: Ting-Lu|20\/100 brn\n|move|p2b: Ting-Lu|Fissure|p1b: Volcarona|[miss]\n|-miss|p2b: Ting-Lu|p1b: Volcarona\n|\n|-damage|p2b: Ting-Lu|14\/100 brn|[from] brn\n|upkeep\n|\n|t:|1681775431\n|switch|p2a: Iron Bundle|Iron Bundle, L50|100\/100\n|-enditem|p2a: Iron Bundle|Booster Energy\n|-activate|p2a: Iron Bundle|ability: Quark Drive|[fromitem]\n|-start|p2a: Iron Bundle|quarkdrivespe\n|turn|9\n|inactive|magic 561 has 30 seconds left.\n|\n|t:|1681775461\n|move|p1a: Slither Wing|First Impression|p2b: Ting-Lu\n|-supereffective|p2b: Ting-Lu\n|-damage|p2b: Ting-Lu|0 fnt\n|faint|p2b: Ting-Lu\n|move|p2a: Iron Bundle|Freeze-Dry|p1b: Volcarona\n|-supereffective|p1b: Volcarona\n|-damage|p1b: Volcarona|54\/100\n|move|p1b: Volcarona|Quiver Dance|p1b: Volcarona\n|-boost|p1b: Volcarona|spa|1\n|-boost|p1b: Volcarona|spd|1\n|-boost|p1b: Volcarona|spe|1\n|\n|upkeep\n|\n|t:|1681775473\n|switch|p2b: Chi-Yu|Chi-Yu, L50|4\/100\n|-ability|p2b: Chi-Yu|Beads of Ruin\n|turn|10\n|\n|t:|1681775484\n|-terastallize|p2b: Chi-Yu|Grass\n|move|p2a: Iron Bundle|Icy Wind|p1a: Slither Wing|[spread] p1a,p1b\n|-resisted|p1b: Volcarona\n|-damage|p1a: Slither Wing|32\/100\n|-damage|p1b: Volcarona|48\/100\n|-unboost|p1a: Slither Wing|spe|1\n|-unboost|p1b: Volcarona|spe|1\n|move|p1b: Volcarona|Heat Wave|p2b: Chi-Yu|[spread] p2a,p2b\n|-supereffective|p2b: Chi-Yu\n|-damage|p2a: Iron Bundle|0 fnt\n|-damage|p2b: Chi-Yu|0 fnt\n|faint|p2a: Iron Bundle\n|-end|p2a: Iron Bundle|Quark Drive|[silent]\n|faint|p2b: Chi-Yu\n|\n|win|magic 561\n|raw|magic 561's rating: 1333 → 1355<\/strong> (+22 for winning)\n|raw|Resok's rating: 1362 → 1340<\/strong> (-22 for losing)\n|l|\u2606Resok\n|l| ggomochi\n","uploadtime":1681775511,"views":14,"p1id":"magic561","p2id":"resok","formatid":"gen9vgc2023regulationc","rating":1340,"private":0,"password":""}