{"id":"gen9vgc2023regulationc-1855674595","p1":"zippLapZapper","p2":"Joeforit","format":"[Gen 9] VGC 2023 Regulation C","log":"|j|\u2606zippLapZapper\n|j|\u2606Joeforit\n|t:|1682972074\n|gametype|doubles\n|player|p1|zippLapZapper|hilbert-wonderlauncher|1433\n|player|p2|Joeforit|2|1499\n|teamsize|p1|6\n|teamsize|p2|6\n|gen|9\n|tier|[Gen 9] VGC 2023 Regulation C\n|rated|\n|rule|Species Clause: Limit one of each Pok\u00e9mon\n|rule|Item Clause: Limit one of each item\n|clearpoke\n|poke|p1|Garchomp, L50, F|\n|poke|p1|Talonflame, L50, F|\n|poke|p1|Tyranitar, L50, M|\n|poke|p1|Iron Bundle, L50|\n|poke|p1|Flutter Mane, L50|\n|poke|p1|Chien-Pao, L50|\n|poke|p2|Ting-Lu, L50|\n|poke|p2|Orthworm, L50, M|\n|poke|p2|Amoonguss, L50, M|\n|poke|p2|Chien-Pao, L50|\n|poke|p2|Talonflame, L50, F|\n|poke|p2|Azumarill, L50, F|\n|teampreview|4\nzippLapZapper has agreed to open team sheets.\nJoeforit has agreed to open team sheets.\n|inactive|Battle timer is ON: inactive players will automatically lose when time's up. (requested by zippLapZapper)\n|inactive|zippLapZapper has 60 seconds left.\n|inactive|Joeforit has 60 seconds left.\n|\n|t:|1682972174\n|start\n|switch|p1a: Talonflame|Talonflame, L50, F|100\/100\n|switch|p1b: Tyranitar|Tyranitar, L50, M|100\/100\n|switch|p2a: Ting-Lu|Ting-Lu, L50|100\/100\n|switch|p2b: Orthworm|Orthworm, L50, M|100\/100\n|-weather|Sandstorm|[from] ability: Sand Stream|[of] p1b: Tyranitar\n|-ability|p2a: Ting-Lu|Vessel of Ruin\n|turn|1\n|inactive|zippLapZapper has 30 seconds left.\n|\n|t:|1682972202\n|-terastallize|p1b: Tyranitar|Grass\n|-terastallize|p2a: Ting-Lu|Ground\n|move|p1a: Talonflame|Will-O-Wisp|p2b: Orthworm\n|-status|p2b: Orthworm|brn\n|move|p1b: Tyranitar|Low Kick|p2b: Orthworm\n|-supereffective|p2b: Orthworm\n|-damage|p2b: Orthworm|35\/100 brn\n|-enditem|p2b: Orthworm|Sitrus Berry|[eat]\n|-heal|p2b: Orthworm|60\/100 brn|[from] item: Sitrus Berry\n|move|p2a: Ting-Lu|Rock Slide|p1b: Tyranitar|[spread] p1b\n|-miss|p2a: Ting-Lu|p1a: Talonflame\n|-damage|p1b: Tyranitar|80\/100\n|-damage|p2a: Ting-Lu|91\/100|[from] item: Life Orb\n|move|p2b: Orthworm|Body Press|p1b: Tyranitar\n|-damage|p1b: Tyranitar|67\/100\n|\n|-weather|Sandstorm|[upkeep]\n|-damage|p1b: Tyranitar|61\/100|[from] Sandstorm\n|-damage|p2b: Orthworm|53\/100 brn|[from] brn\n|upkeep\n|turn|2\n|inactive|Joeforit has 30 seconds left.\n|inactive|zippLapZapper has 30 seconds left.\n|inactive|Joeforit has 20 seconds left.\n|inactive|zippLapZapper has 20 seconds left.\n|\n|t:|1682972250\n|move|p1a: Talonflame|Will-O-Wisp|p2a: Ting-Lu\n|-status|p2a: Ting-Lu|brn\n|move|p1b: Tyranitar|Low Kick|p2b: Orthworm\n|-supereffective|p2b: Orthworm\n|-damage|p2b: Orthworm|0 fnt\n|faint|p2b: Orthworm\n|move|p2a: Ting-Lu|Rock Slide|p1a: Talonflame|[spread] p1a,p1b\n|-supereffective|p1a: Talonflame\n|-damage|p1a: Talonflame|31\/100\n|-damage|p1b: Tyranitar|51\/100\n|-damage|p2a: Ting-Lu|81\/100 brn|[from] item: Life Orb\n|\n|-weather|Sandstorm|[upkeep]\n|-damage|p1b: Tyranitar|45\/100|[from] Sandstorm\n|-damage|p2a: Ting-Lu|75\/100 brn|[from] brn\n|upkeep\n|\n|t:|1682972270\n|switch|p2b: Azumarill|Azumarill, L50, F|100\/100\n|turn|3\n|inactive|zippLapZapper has 30 seconds left.\n|inactive|Joeforit has 30 seconds left.\n|\n|t:|1682972302\n|move|p2b: Azumarill|Protect|p2b: Azumarill\n|-singleturn|p2b: Azumarill|Protect\n|move|p1a: Talonflame|Taunt|p2b: Azumarill\n|-activate|p2b: Azumarill|move: Protect\n|move|p1b: Tyranitar|Rock Slide|p2a: Ting-Lu|[spread] \n|-activate|p2b: Azumarill|move: Protect\n|-miss|p1b: Tyranitar|p2a: Ting-Lu\n|move|p2a: Ting-Lu|Rock Slide|p1b: Tyranitar|[spread] p1a,p1b\n|-supereffective|p1a: Talonflame\n|-damage|p1a: Talonflame|0 fnt\n|-damage|p1b: Tyranitar|34\/100\n|faint|p1a: Talonflame\n|-damage|p2a: Ting-Lu|65\/100 brn|[from] item: Life Orb\n|\n|-weather|Sandstorm|[upkeep]\n|-damage|p1b: Tyranitar|28\/100|[from] Sandstorm\n|-damage|p2b: Azumarill|95\/100|[from] Sandstorm\n|-damage|p2a: Ting-Lu|59\/100 brn|[from] brn\n|upkeep\n|\n|t:|1682972308\n|switch|p1a: Iron Bundle|Iron Bundle, L50|100\/100\n|-enditem|p1a: Iron Bundle|Booster Energy\n|-activate|p1a: Iron Bundle|ability: Quark Drive|[fromitem]\n|-start|p1a: Iron Bundle|quarkdrivespe\n|turn|4\n|inactive|Joeforit has 30 seconds left.\n|\n|t:|1682972343\n|move|p1a: Iron Bundle|Freeze-Dry|p2b: Azumarill\n|-supereffective|p2b: Azumarill\n|-damage|p2b: Azumarill|42\/100\n|-status|p2b: Azumarill|frz\n|-enditem|p2b: Azumarill|Lum Berry|[eat]\n|-curestatus|p2b: Azumarill|frz|[msg]\n|move|p1b: Tyranitar|Rock Slide|p2b: Azumarill|[spread] p2a,p2b\n|-resisted|p2a: Ting-Lu\n|-damage|p2a: Ting-Lu|49\/100 brn\n|-damage|p2b: Azumarill|9\/100\n|move|p2a: Ting-Lu|Rock Slide|p1a: Iron Bundle|[spread] p1a\n|-miss|p2a: Ting-Lu|p1b: Tyranitar\n|-supereffective|p1a: Iron Bundle\n|-damage|p1a: Iron Bundle|71\/100\n|-damage|p2a: Ting-Lu|39\/100 brn|[from] item: Life Orb\n|cant|p2b: Azumarill|flinch\n|\n|-weather|Sandstorm|[upkeep]\n|-damage|p1a: Iron Bundle|66\/100|[from] Sandstorm\n|-damage|p1b: Tyranitar|22\/100|[from] Sandstorm\n|-damage|p2b: Azumarill|3\/100|[from] Sandstorm\n|-damage|p2a: Ting-Lu|33\/100 brn|[from] brn\n|upkeep\n|turn|5\n|inactive|Joeforit has 30 seconds left.\n|inactive|zippLapZapper has 30 seconds left.\n|\n|t:|1682972376\n|move|p2b: Azumarill|Aqua Jet|p1b: Tyranitar\n|-resisted|p1b: Tyranitar\n|-damage|p1b: Tyranitar|11\/100\n|move|p1a: Iron Bundle|Icy Wind|p2b: Azumarill|[spread] p2a,p2b\n|-supereffective|p2a: Ting-Lu\n|-resisted|p2b: Azumarill\n|-damage|p2a: Ting-Lu|8\/100 brn\n|-damage|p2b: Azumarill|0 fnt\n|-unboost|p2a: Ting-Lu|spe|1\n|faint|p2b: Azumarill\n|move|p1b: Tyranitar|Assurance|p2a: Ting-Lu\n|-damage|p2a: Ting-Lu|0 fnt\n|faint|p2a: Ting-Lu\n|\n|-weather|none\n|upkeep\n|\n|t:|1682972393\n|switch|p2b: Chien-Pao|Chien-Pao, L50|100\/100\n|-ability|p2b: Chien-Pao|Sword of Ruin\n|turn|6\n|\n|t:|1682972412\n|move|p1a: Iron Bundle|Icy Wind|p2b: Chien-Pao\n|-resisted|p2b: Chien-Pao\n|-damage|p2b: Chien-Pao|79\/100\n|-unboost|p2b: Chien-Pao|spe|1\n|move|p2b: Chien-Pao|Crunch|p1b: Tyranitar\n|-damage|p1b: Tyranitar|0 fnt\n|faint|p1b: Tyranitar\n|\n|upkeep\n|\n|t:|1682972421\n|switch|p1b: Chien-Pao|Chien-Pao, L50|100\/100\n|-ability|p1b: Chien-Pao|Sword of Ruin\n|turn|7\n|\n|t:|1682972429\n|move|p1a: Iron Bundle|Freeze-Dry|p2b: Chien-Pao\n|-resisted|p2b: Chien-Pao\n|-damage|p2b: Chien-Pao|54\/100\n|move|p1b: Chien-Pao|Sacred Sword|p2b: Chien-Pao\n|-supereffective|p2b: Chien-Pao\n|-damage|p2b: Chien-Pao|0 fnt\n|faint|p2b: Chien-Pao\n|\n|win|zippLapZapper\n|raw|zippLapZapper's rating: 1433 → 1457<\/strong> (+24 for winning)\n|raw|Joeforit's rating: 1499 → 1475<\/strong> (-24 for losing)\n","uploadtime":1682972441,"views":14,"p1id":"zipplapzapper","p2id":"joeforit","formatid":"gen9vgc2023regulationc","rating":1457,"private":0,"password":""}