{"id":"gen9vgc2023regulationc-1855031259","p1":"SuperiorPangoro","p2":"Angelowos","format":"[Gen 9] VGC 2023 Regulation C","log":"|j|\u2606SuperiorPangoro\n|j|\u2606Angelowos\n|t:|1682893007\n|gametype|doubles\n|player|p1|SuperiorPangoro|101|\n|player|p2|Angelowos|red|\n|teamsize|p1|6\n|teamsize|p2|6\n|gen|9\n|tier|[Gen 9] VGC 2023 Regulation C\n|rule|Species Clause: Limit one of each Pok\u00e9mon\n|rule|Item Clause: Limit one of each item\n|clearpoke\n|poke|p1|Annihilape, L50, F|\n|poke|p1|Staraptor, L50, M|\n|poke|p1|Rotom-Wash, L50|\n|poke|p1|Goodra, L50, M|\n|poke|p1|Garchomp, L50, F|\n|poke|p1|Dragonite, L50, M|\n|poke|p2|Talonflame, L50, M|\n|poke|p2|Great Tusk, L50|\n|poke|p2|Rotom-Wash, L50|\n|poke|p2|Annihilape, L50, F|\n|poke|p2|Krookodile, L50, M|\n|poke|p2|Gengar, L50, M|\n|teampreview|4\n|\n|t:|1682893098\n|start\n|switch|p1a: Garchomp|Garchomp, L50, F|100\/100\n|switch|p1b: Dragonite|Dragonite, L50, M|100\/100\n|switch|p2a: Talonflame|Talonflame, L50, M|100\/100\n|switch|p2b: Gengar|Gengar, L50, M|100\/100\n|turn|1\n|\n|t:|1682893120\n|-terastallize|p2b: Gengar|Fairy\n|move|p2a: Talonflame|Tailwind|p2a: Talonflame\n|-sidestart|p2: Angelowos|move: Tailwind\n|move|p2b: Gengar|Dazzling Gleam|p1a: Garchomp|[spread] p1a,p1b\n|-supereffective|p1a: Garchomp\n|-supereffective|p1b: Dragonite\n|-damage|p1a: Garchomp|0 fnt\n|-damage|p1b: Dragonite|52\/100\n|faint|p1a: Garchomp\n|move|p1b: Dragonite|Dragon Claw|p2b: Gengar\n|-immune|p2b: Gengar\n|\n|upkeep\n|\n|t:|1682893147\n|switch|p1a: Rotom|Rotom-Wash, L50|100\/100\n|turn|2\n|\n|t:|1682893171\n|switch|p1b: Annihilape|Annihilape, L50, F|100\/100\n|move|p2a: Talonflame|Will-O-Wisp|p1b: Annihilape\n|-status|p1b: Annihilape|brn\n|move|p2b: Gengar|Dazzling Gleam|p1b: Annihilape|[spread] p1a,p1b\n|-supereffective|p1b: Annihilape\n|-damage|p1a: Rotom|58\/100\n|-damage|p1b: Annihilape|30\/100 brn\n|move|p1a: Rotom|Hydro Pump|p2b: Gengar\n|-damage|p2b: Gengar|29\/100\n|\n|-heal|p1b: Annihilape|36\/100 brn|[from] item: Leftovers\n|-damage|p1b: Annihilape|30\/100 brn|[from] brn\n|upkeep\n|turn|3\n|\n|t:|1682893236\n|move|p2a: Talonflame|Protect|p2a: Talonflame\n|-singleturn|p2a: Talonflame|Protect\n|move|p1b: Annihilape|Protect|p1b: Annihilape\n|-singleturn|p1b: Annihilape|Protect\n|move|p2b: Gengar|Dazzling Gleam|p1b: Annihilape|[spread] p1a\n|-activate|p1b: Annihilape|move: Protect\n|-damage|p1a: Rotom|12\/100\n|-enditem|p1a: Rotom|Sitrus Berry|[eat]\n|-heal|p1a: Rotom|37\/100|[from] item: Sitrus Berry\n|move|p1a: Rotom|Thunderbolt|p2b: Gengar\n|-damage|p2b: Gengar|0 fnt\n|faint|p2b: Gengar\n|\n|-heal|p1b: Annihilape|36\/100 brn|[from] item: Leftovers\n|-damage|p1b: Annihilape|30\/100 brn|[from] brn\n|upkeep\n|\n|t:|1682893261\n|switch|p2b: Annihilape|Annihilape, L50, F|100\/100\n|turn|4\n|\n|t:|1682893274\n|move|p1b: Annihilape|Protect||[still]\n|-fail|p1b: Annihilape\n|move|p2a: Talonflame|Brave Bird|p1b: Annihilape\n|-supereffective|p1b: Annihilape\n|-damage|p1b: Annihilape|0 fnt\n|faint|p1b: Annihilape\n|-damage|p2a: Talonflame|87\/100|[from] Recoil\n|move|p2b: Annihilape|Bulk Up|p2b: Annihilape\n|-boost|p2b: Annihilape|atk|1\n|-boost|p2b: Annihilape|def|1\n|move|p1a: Rotom|Will-O-Wisp|p2b: Annihilape\n|-status|p2b: Annihilape|brn\n|\n|-damage|p2b: Annihilape|94\/100 brn|[from] brn\n|-sideend|p2: Angelowos|move: Tailwind\n|upkeep\n|\n|t:|1682893280\n|switch|p1b: Dragonite|Dragonite, L50, M|52\/100\n|turn|5\n|\n|t:|1682893324\n|-terastallize|p1b: Dragonite|Normal\n|move|p2a: Talonflame|Protect|p2a: Talonflame\n|-singleturn|p2a: Talonflame|Protect\n|move|p1b: Dragonite|Aerial Ace|p2b: Annihilape\n|-supereffective|p2b: Annihilape\n|-damage|p2b: Annihilape|32\/100 brn\n|move|p1a: Rotom|Thunderbolt|p2a: Talonflame\n|-activate|p2a: Talonflame|move: Protect\n|move|p2b: Annihilape|Bulk Up|p2b: Annihilape\n|-boost|p2b: Annihilape|atk|1\n|-boost|p2b: Annihilape|def|1\n|\n|-heal|p2b: Annihilape|38\/100 brn|[from] item: Leftovers\n|-damage|p2b: Annihilape|32\/100 brn|[from] brn\n|upkeep\n|turn|6\n|l|\u2606SuperiorPangoro\n|player|p1|\n|j|\u2606SuperiorPangoro\n|player|p1|SuperiorPangoro|101\n|\n|t:|1682893420\n|move|p2b: Annihilape|Protect|p2b: Annihilape\n|-singleturn|p2b: Annihilape|Protect\n|move|p2a: Talonflame|Tailwind|p2a: Talonflame\n|-sidestart|p2: Angelowos|move: Tailwind\n|move|p1b: Dragonite|Aerial Ace|p2b: Annihilape\n|-activate|p2b: Annihilape|move: Protect\n|move|p1a: Rotom|Thunderbolt|p2a: Talonflame\n|-supereffective|p2a: Talonflame\n|-damage|p2a: Talonflame|0 fnt\n|faint|p2a: Talonflame\n|\n|-heal|p2b: Annihilape|38\/100 brn|[from] item: Leftovers\n|-damage|p2b: Annihilape|32\/100 brn|[from] brn\n|upkeep\n|\n|t:|1682893435\n|switch|p2a: Krookodile|Krookodile, L50, M|100\/100\n|-ability|p2a: Krookodile|Intimidate|boost\n|-unboost|p1a: Rotom|atk|1\n|-unboost|p1b: Dragonite|atk|1\n|turn|7\n|-message|SuperiorPangoro forfeited.\n|\n|win|Angelowos\n|l|\u2606SuperiorPangoro\n|c|\u2606Angelowos|Que fue xd\n|l|\u2606Angelowos\n","uploadtime":1682893467,"views":9,"p1id":"superiorpangoro","p2id":"angelowos","formatid":"gen9vgc2023regulationc","rating":0,"private":0,"password":""}