{"id":"gen9vgc2023regulationc-1860678269","p1":"Jstardude","p2":"LackieLackey","format":"[Gen 9] VGC 2023 Regulation C","log":"|j|\u2606Jstardude\n|j|\u2606LackieLackey\n|t:|1683665348\n|gametype|doubles\n|player|p1|Jstardude|265|\n|player|p2|LackieLackey|101|\n|teamsize|p1|6\n|teamsize|p2|6\n|gen|9\n|tier|[Gen 9] VGC 2023 Regulation C\n|rule|Species Clause: Limit one of each Pok\u00e9mon\n|rule|Item Clause: Limit one of each item\n|clearpoke\n|poke|p1|Raichu, L50, F|\n|poke|p1|Chien-Pao, L50|\n|poke|p1|Dragapult, L50, M|\n|poke|p1|Espathra, L50, F|\n|poke|p1|Tauros-Paldea-Blaze, L50, M|\n|poke|p1|Scream Tail, L50|\n|poke|p2|Farigiraf, L50, F|\n|poke|p2|Tauros-Paldea-Combat, L50, M|\n|poke|p2|Bellibolt, L50, F|\n|poke|p2|Iron Jugulis, L50|\n|poke|p2|Pincurchin, L50, F|\n|poke|p2|Iron Hands, L50|\n|teampreview|4\n|l|\u2606LackieLackey\n|player|p2|\n|j|\u2606LackieLackey\n|player|p2|LackieLackey|101\n|j| jayballester\n|c|\u2606LackieLackey|Gl hf\n|\n|t:|1683665446\n|start\n|switch|p1a: Espathra|Espathra, L50, F|100\/100\n|switch|p1b: Scream Tail|Scream Tail, L50|100\/100\n|switch|p2a: Juggle Deez|Iron Jugulis, L50|100\/100\n|switch|p2b: Donkey|Tauros-Paldea-Combat, L50, M|100\/100\n|-ability|p2b: Donkey|Intimidate|boost\n|-unboost|p1a: Espathra|atk|1\n|-unboost|p1b: Scream Tail|atk|1\n|turn|1\n|c| jayballester|boomburst coming\n|j| Tuxmux\n|\n|t:|1683665517\n|move|p2a: Juggle Deez|Protect|p2a: Juggle Deez\n|-singleturn|p2a: Juggle Deez|Protect\n|move|p1b: Scream Tail|Light Screen|p1b: Scream Tail\n|-sidestart|p1: Jstardude|move: Light Screen\n|move|p2b: Donkey|Bulldoze|p1b: Scream Tail|[spread] p1a,p1b\n|-activate|p2a: Juggle Deez|move: Protect\n|-damage|p1a: Espathra|82\/100\n|-damage|p1b: Scream Tail|89\/100\n|-unboost|p1a: Espathra|spe|1\n|-unboost|p1b: Scream Tail|spe|1\n|move|p1a: Espathra|Hypnosis|p2a: Juggle Deez\n|-activate|p2a: Juggle Deez|move: Protect\n|\n|-heal|p1b: Scream Tail|95\/100|[from] item: Leftovers\n|-ability|p1a: Espathra|Speed Boost|boost\n|-boost|p1a: Espathra|spe|1\n|upkeep\n|turn|2\n|\n|t:|1683665570\n|move|p2a: Juggle Deez|Dark Pulse|p1a: Espathra\n|-supereffective|p1a: Espathra\n|-damage|p1a: Espathra|17\/100\n|move|p2b: Donkey|Assurance|p1a: Espathra\n|-supereffective|p1a: Espathra\n|-damage|p1a: Espathra|0 fnt\n|faint|p1a: Espathra\n|move|p1b: Scream Tail|Dazzling Gleam|p2a: Juggle Deez|[spread] p2a,p2b\n|-supereffective|p2a: Juggle Deez\n|-supereffective|p2b: Donkey\n|-damage|p2a: Juggle Deez|61\/100\n|-damage|p2b: Donkey|55\/100\n|\n|-heal|p1b: Scream Tail|100\/100|[from] item: Leftovers\n|upkeep\n|\n|t:|1683665588\n|switch|p1a: Chien-Pao|Chien-Pao, L50|100\/100\n|-ability|p1a: Chien-Pao|Sword of Ruin\n|turn|3\n|\n|t:|1683665631\n|switch|p2b: Lil\u2019 Guy|Pincurchin, L50, F|100\/100\n|-fieldstart|move: Electric Terrain|[from] ability: Electric Surge|[of] p2b: Lil\u2019 Guy\n|-activate|p2a: Juggle Deez|ability: Quark Drive\n|-start|p2a: Juggle Deez|quarkdrivespe\n|move|p2a: Juggle Deez|Protect|p2a: Juggle Deez\n|-singleturn|p2a: Juggle Deez|Protect\n|move|p1a: Chien-Pao|Ice Spinner|p2b: Lil\u2019 Guy\n|-damage|p2b: Lil\u2019 Guy|36\/100\n|-fieldend|move: Electric Terrain\n|-end|p2a: Juggle Deez|Quark Drive\n|move|p1b: Scream Tail|Dazzling Gleam|p2a: Juggle Deez|[spread] p2b\n|-activate|p2a: Juggle Deez|move: Protect\n|-damage|p2b: Lil\u2019 Guy|17\/100\n|\n|upkeep\n|turn|4\n|l|\u2606LackieLackey\n|player|p2|\n|c|\u2606Jstardude|?\n|j|\u2606LackieLackey\n|player|p2|LackieLackey|101\n|c|\u2606LackieLackey|BACK\n|c|\u2606LackieLackey|SORRY\n|c|\u2606LackieLackey|INTERNET\n|c|\u2606Jstardude|np\n|\n|t:|1683665836\n|switch|p2b: Donkey|Tauros-Paldea-Combat, L50, M|55\/100\n|-ability|p2b: Donkey|Intimidate|boost\n|-unboost|p1a: Chien-Pao|atk|1\n|-unboost|p1b: Scream Tail|atk|1\n|move|p1a: Chien-Pao|Ice Spinner|p2a: Juggle Deez\n|-supereffective|p2a: Juggle Deez\n|-damage|p2a: Juggle Deez|0 fnt\n|faint|p2a: Juggle Deez\n|-end|p2a: Juggle Deez|Quark Drive|[silent]\n|move|p1b: Scream Tail|Dazzling Gleam|p2b: Donkey\n|-supereffective|p2b: Donkey\n|-damage|p2b: Donkey|0 fnt\n|faint|p2b: Donkey\n|\n|upkeep\n|\n|t:|1683665843\n|switch|p2a: Lil\u2019 Guy|Pincurchin, L50, F|17\/100\n|switch|p2b: Meaty Mike|Iron Hands, L50|100\/100\n|-fieldstart|move: Electric Terrain|[from] ability: Electric Surge|[of] p2a: Lil\u2019 Guy\n|-activate|p2b: Meaty Mike|ability: Quark Drive\n|-start|p2b: Meaty Mike|quarkdriveatk\n|turn|5\n|\n|t:|1683665873\n|-terastallize|p2b: Meaty Mike|Steel\n|move|p1a: Chien-Pao|Ice Spinner|p2b: Meaty Mike\n|-resisted|p2b: Meaty Mike\n|-damage|p2b: Meaty Mike|88\/100\n|-fieldend|move: Electric Terrain\n|-end|p2b: Meaty Mike|Quark Drive\n|move|p1b: Scream Tail|Dazzling Gleam|p2b: Meaty Mike|[spread] p2a,p2b\n|-resisted|p2b: Meaty Mike\n|-damage|p2a: Lil\u2019 Guy|0 fnt\n|-damage|p2b: Meaty Mike|81\/100\n|faint|p2a: Lil\u2019 Guy\n|move|p2b: Meaty Mike|Thunder Punch|p1b: Scream Tail\n|-damage|p1b: Scream Tail|52\/100\n|\n|-heal|p1b: Scream Tail|58\/100|[from] item: Leftovers\n|-sideend|p1: Jstardude|move: Light Screen\n|upkeep\n|turn|6\n|c|\u2606LackieLackey|Not that it matters much since I\u2019m losing anyways\n|\n|t:|1683665897\n|switch|p1a: Raichu|Raichu, L50, F|100\/100\n|-item|p1a: Raichu|Air Balloon\n|move|p1b: Scream Tail|Encore|p2b: Meaty Mike\n|-start|p2b: Meaty Mike|Encore\n|move|p2b: Meaty Mike|Thunder Punch|p1a: Raichu\n|-activate|p1a: Raichu|ability: Lightning Rod\n|-ability|p1a: Raichu|Lightning Rod|boost\n|-boost|p1a: Raichu|spa|1\n|\n|-heal|p1b: Scream Tail|64\/100|[from] item: Leftovers\n|upkeep\n|turn|7\n|c| jayballester|welp\n|\n|t:|1683665919\n|move|p1a: Raichu|Nuzzle|p2b: Meaty Mike\n|-damage|p2b: Meaty Mike|78\/100\n|-status|p2b: Meaty Mike|par\n|move|p1b: Scream Tail|Dazzling Gleam|p2b: Meaty Mike\n|-resisted|p2b: Meaty Mike\n|-damage|p2b: Meaty Mike|68\/100 par\n|move|p2b: Meaty Mike|Thunder Punch|p1a: Raichu\n|-activate|p1a: Raichu|ability: Lightning Rod\n|-ability|p1a: Raichu|Lightning Rod|boost\n|-boost|p1a: Raichu|spa|1\n|\n|-heal|p1b: Scream Tail|69\/100|[from] item: Leftovers\n|upkeep\n|turn|8\n|\n|t:|1683665928\n|move|p1a: Raichu|Thunderbolt|p2b: Meaty Mike\n|-damage|p2b: Meaty Mike|14\/100 par\n|-enditem|p2b: Meaty Mike|Sitrus Berry|[eat]\n|-heal|p2b: Meaty Mike|39\/100 par|[from] item: Sitrus Berry\n|move|p1b: Scream Tail|Dazzling Gleam|p2b: Meaty Mike\n|-resisted|p2b: Meaty Mike\n|-damage|p2b: Meaty Mike|31\/100 par\n|move|p2b: Meaty Mike|Thunder Punch|p1a: Raichu\n|-ability|p1a: Raichu|Lightning Rod|boost\n|-boost|p1a: Raichu|spa|1\n|\n|-heal|p1b: Scream Tail|75\/100|[from] item: Leftovers\n|-end|p2b: Meaty Mike|Encore\n|upkeep\n|turn|9\n|\n|t:|1683665938\n|move|p1a: Raichu|Thunderbolt|p2b: Meaty Mike\n|-damage|p2b: Meaty Mike|0 fnt\n|faint|p2b: Meaty Mike\n|-end|p2b: Meaty Mike|Quark Drive|[silent]\n|\n|win|Jstardude\n|c|\u2606LackieLackey|Ggs\n|c|\u2606Jstardude|GG\n|l|\u2606LackieLackey\n","uploadtime":1683665945,"views":15,"p1id":"jstardude","p2id":"lackielackey","formatid":"gen9vgc2023regulationc","rating":0,"private":0,"password":""}