{"id":"gen9vgc2023regulationc-1851578188","p1":"TheSquigglyFish","p2":"Izzywooperstan","format":"[Gen 9] VGC 2023 Regulation C","log":"|j|\u2606TheSquigglyFish\n|j|\u2606Izzywooperstan\n|t:|1682457526\n|gametype|doubles\n|player|p1|TheSquigglyFish|blaine|1209\n|player|p2|Izzywooperstan|lady|1253\n|teamsize|p1|6\n|teamsize|p2|6\n|gen|9\n|tier|[Gen 9] VGC 2023 Regulation C\n|rated|\n|rule|Species Clause: Limit one of each Pok\u00e9mon\n|rule|Item Clause: Limit one of each item\n|clearpoke\n|poke|p1|Annihilape, L50, F|\n|poke|p1|Maushold-Four, L50|\n|poke|p1|Ting-Lu, L50|\n|poke|p1|Palafin, L50, F|\n|poke|p1|Chien-Pao, L50|\n|poke|p1|Flutter Mane, L50|\n|poke|p2|Chi-Yu, L50|\n|poke|p2|Flutter Mane, L50|\n|poke|p2|Dondozo, L50, M|\n|poke|p2|Tatsugiri, L50, F|\n|poke|p2|Meowscarada, L50, M|\n|poke|p2|Gothitelle, L50, F|\n|teampreview|4\n|\n|t:|1682457570\n|start\n|switch|p1a: SoMadItDied|Annihilape, L50, F|100\/100\n|switch|p1b: Haus of Maus|Maushold-Four, L50|100\/100\n|switch|p2a: Meowscarada|Meowscarada, L50, M|100\/100\n|switch|p2b: Gothitelle|Gothitelle, L50, F|100\/100\n|turn|1\n|\n|t:|1682457643\n|move|p1b: Haus of Maus|Protect|p1b: Haus of Maus\n|-singleturn|p1b: Haus of Maus|Protect\n|move|p1a: SoMadItDied|Protect|p1a: SoMadItDied\n|-singleturn|p1a: SoMadItDied|Protect\n|move|p2a: Meowscarada|Flower Trick|p1b: Haus of Maus\n|-start|p2a: Meowscarada|typechange|Grass|[from] ability: Protean\n|-activate|p1b: Haus of Maus|move: Protect\n|move|p2b: Gothitelle|Taunt|p1a: SoMadItDied\n|-activate|p1a: SoMadItDied|move: Protect\n|\n|upkeep\n|turn|2\n|\n|t:|1682457663\n|move|p2a: Meowscarada|Flower Trick|p1a: SoMadItDied\n|-crit|p1a: SoMadItDied\n|-damage|p1a: SoMadItDied|47\/100\n|-enditem|p1a: SoMadItDied|Sitrus Berry|[eat]\n|-heal|p1a: SoMadItDied|72\/100|[from] item: Sitrus Berry\n|move|p1b: Haus of Maus|Beat Up|p1a: SoMadItDied\n|-damage|p1a: SoMadItDied|70\/100\n|-crit|p1a: SoMadItDied\n|-damage|p1a: SoMadItDied|66\/100\n|-damage|p1a: SoMadItDied|63\/100\n|-damage|p1a: SoMadItDied|62\/100\n|-hitcount|p1a: SoMadItDied|4\n|move|p1a: SoMadItDied|Rage Fist|p2b: Gothitelle\n|-supereffective|p2b: Gothitelle\n|-damage|p2b: Gothitelle|0 fnt\n|faint|p2b: Gothitelle\n|\n|upkeep\n|\n|t:|1682457682\n|switch|p2b: Tatsugiri|Tatsugiri, L50, F|100\/100\n|turn|3\n|\n|t:|1682457724\n|switch|p2a: Dondozo|Dondozo, L50, M|100\/100\n|-activate|p2b: Tatsugiri|ability: Commander|[of] p2a: Dondozo\n|-boost|p2a: Dondozo|atk|2\n|-boost|p2a: Dondozo|spa|2\n|-boost|p2a: Dondozo|spe|2\n|-boost|p2a: Dondozo|def|2\n|-boost|p2a: Dondozo|spd|2\n|move|p1b: Haus of Maus|Follow Me|p1b: Haus of Maus\n|-singleturn|p1b: Haus of Maus|move: Follow Me\n|move|p1a: SoMadItDied|Rage Fist|p2a: Dondozo\n|-crit|p2a: Dondozo\n|-damage|p2a: Dondozo|0 fnt\n|faint|p2a: Dondozo\n|\n|upkeep\n|c|\u2606TheSquigglyFish|lol\n|\n|t:|1682457737\n|switch|p2a: Meowscarada|Meowscarada, L50, M|100\/100\n|turn|4\n|\n|t:|1682457752\n|-terastallize|p2a: Meowscarada|Grass\n|-terastallize|p1a: SoMadItDied|Fire\n|move|p1b: Haus of Maus|Follow Me|p1b: Haus of Maus\n|-singleturn|p1b: Haus of Maus|move: Follow Me\n|move|p2b: Tatsugiri|Muddy Water|p1a: SoMadItDied|[spread] p1a,p1b\n|-supereffective|p1a: SoMadItDied\n|-damage|p1a: SoMadItDied|23\/100\n|-damage|p1b: Haus of Maus|60\/100\n|move|p2a: Meowscarada|Flower Trick|p1b: Haus of Maus\n|-crit|p1b: Haus of Maus\n|-damage|p1b: Haus of Maus|0 fnt\n|faint|p1b: Haus of Maus\n|move|p1a: SoMadItDied|Rage Fist|p2b: Tatsugiri\n|-damage|p2b: Tatsugiri|0 fnt\n|faint|p2b: Tatsugiri\n|\n|upkeep\n|\n|t:|1682457766\n|switch|p1b: Icecalibur|Chien-Pao, L50|100\/100\n|-ability|p1b: Icecalibur|Sword of Ruin\n|turn|5\n|\n|t:|1682457773\n|move|p1b: Icecalibur|Ice Spinner|p2a: Meowscarada\n|-supereffective|p2a: Meowscarada\n|-damage|p2a: Meowscarada|0 fnt\n|faint|p2a: Meowscarada\n|\n|win|TheSquigglyFish\n|raw|TheSquigglyFish's rating: 1209 → 1237<\/strong> (+28 for winning)\n|raw|Izzywooperstan's rating: 1253 → 1225<\/strong> (-28 for losing)\n|c|\u2606TheSquigglyFish|gg\n|l|\u2606Izzywooperstan\n","uploadtime":1682457784,"views":16,"p1id":"thesquigglyfish","p2id":"izzywooperstan","formatid":"gen9vgc2023regulationc","rating":1225,"private":0,"password":""}