{"id":"gen9vgc2023regulationc-1844996299","p1":"Micciu20250","p2":"Alekso","format":"[Gen 9] VGC 2023 Regulation C","log":"|j|\u2606Micciu20250\n|j|\u2606Alekso\n|t:|1681672212\n|gametype|doubles\n|player|p1|Micciu20250|dawn-gen4pt|\n|player|p2|Alekso|lucas|\n|teamsize|p1|6\n|teamsize|p2|6\n|gen|9\n|tier|[Gen 9] VGC 2023 Regulation C\n|rule|Species Clause: Limit one of each Pok\u00e9mon\n|rule|Item Clause: Limit one of each item\n|clearpoke\n|poke|p1|Maushold, L50|\n|poke|p1|Gholdengo, L50|\n|poke|p1|Dragonite, L50, F|\n|poke|p1|Kingambit, L50, M|\n|poke|p1|Chien-Pao, L50|\n|poke|p1|Garchomp, L50, M|\n|poke|p2|Amoonguss, L50, M|\n|poke|p2|Talonflame, L50, M|\n|poke|p2|Garchomp, L50, F|\n|poke|p2|Chien-Pao, L50|\n|poke|p2|Flutter Mane, L50|\n|poke|p2|Rotom-Wash, L50|\n|teampreview|4\n|c|\u2606Micciu20250|G1\nAlekso has agreed to open team sheets.\n|c|\u2606Micciu20250|je link\n|j| Hurtadoo\n|j| Mimilucha\n|j|+Unamed\n|j| Nineveh\n|j| useless sentiments\n|j|+Tuthur\n|j| SiTuM.\n|j| Sirwings\n|j| Sharow\n|c|\u2606Micciu20250|tout est good ?\nMicciu20250 has agreed to open team sheets.\n|j| Band Cresselia\n|c|\u2606Alekso|yes\n|j| Farfetch'best\n|j| CaptainEikichi\n|j| Neco0s\n|j| iKiQ\n|j| Setsuna no Chikai\n|c| CaptainEikichi|Micciu goooo\n|n| Beka|setsunanochikai\n|j| BlazingDark\n|c| BlazingDark|micciu\n|c| BlazingDark|sois convaincant\n|j| Awawaf\n|l| Beka\n|j| Beka\n|c| CaptainEikichi|C\u2019est un entretien d\u2019embauche ?\n|j| John1240\n|l| Awawaf\n|c| BlazingDark|oui\n|\n|t:|1681672474\n|start\n|switch|p1a: Alola Mon Ami|Dragonite, L50, F|100\/100\n|switch|p1b: Me suis perdu|Maushold, L50|100\/100\n|switch|p2a: Talonflame|Talonflame, L50, M|100\/100\n|switch|p2b: Garchomp|Garchomp, L50, F|100\/100\n|turn|1\n|c| BlazingDark|si il perd il devra jouer VGC \u00e0 vie\n|c| Farfetch'best|Le meilleur gage\n|c|+Tuthur|pourquoi le maushold c'est bilel ?\n|j| DonSalvatore\n|c| DonSalvatore|MICCIU\n|\n|t:|1681672523\n|move|p2a: Talonflame|Tailwind|p2a: Talonflame\n|-sidestart|p2: Alekso|move: Tailwind\n|move|p2b: Garchomp|Dragon Claw|p1a: Alola Mon Ami\n|-supereffective|p1a: Alola Mon Ami\n|-damage|p1a: Alola Mon Ami|65\/100\n|-damage|p2b: Garchomp|91\/100|[from] item: Life Orb\n|move|p1b: Me suis perdu|Encore|p2a: Talonflame\n|-start|p2a: Talonflame|Encore\n|move|p1a: Alola Mon Ami|Tailwind|p1a: Alola Mon Ami\n|-sidestart|p1: Micciu20250|move: Tailwind\n|\n|upkeep\n|turn|2\n|\n|t:|1681672570\n|switch|p2a: Chien-Pao|Chien-Pao, L50|100\/100\n|-ability|p2a: Chien-Pao|Sword of Ruin\n|-terastallize|p1a: Alola Mon Ami|Flying\n|move|p2b: Garchomp|Dragon Claw|p1a: Alola Mon Ami\n|-damage|p1a: Alola Mon Ami|20\/100\n|-damage|p2b: Garchomp|81\/100|[from] item: Life Orb\n|move|p1b: Me suis perdu|Super Fang|p2a: Chien-Pao|[miss]\n|-miss|p1b: Me suis perdu|p2a: Chien-Pao\n|move|p1a: Alola Mon Ami|Tera Blast|p2b: Garchomp\n|-damage|p2b: Garchomp|0 fnt\n|faint|p2b: Garchomp\n|\n|upkeep\n|l| BlazingDark\n|\n|t:|1681672587\n|switch|p2b: Flutter Mane|Flutter Mane, L50|100\/100\n|-enditem|p2b: Flutter Mane|Booster Energy\n|-activate|p2b: Flutter Mane|ability: Protosynthesis|[fromitem]\n|-start|p2b: Flutter Mane|protosynthesisspa\n|turn|3\n|\n|t:|1681672629\n|move|p1b: Me suis perdu|Protect|p1b: Me suis perdu\n|-singleturn|p1b: Me suis perdu|Protect\n|move|p1a: Alola Mon Ami|Extreme Speed|p2a: Chien-Pao\n|-damage|p2a: Chien-Pao|61\/100\n|move|p2a: Chien-Pao|Ice Spinner|p1a: Alola Mon Ami\n|-supereffective|p1a: Alola Mon Ami\n|-damage|p1a: Alola Mon Ami|0 fnt\n|faint|p1a: Alola Mon Ami\n|move|p2b: Flutter Mane|Dazzling Gleam|p1b: Me suis perdu\n|-activate|p1b: Me suis perdu|move: Protect\n|\n|upkeep\n|\n|t:|1681672646\n|switch|p1a: GAETAN REVIENT|Kingambit, L50, M|100\/100\n|turn|4\n|c|+Tuthur|il est revenu\n|c|+Tuthur|t'es en retard\n|c|+Tuthur|:squee:\n|j| Hyss\n|\n|t:|1681672748\n|-terastallize|p2b: Flutter Mane|Fairy\n|move|p2a: Chien-Pao|Protect|p2a: Chien-Pao\n|-singleturn|p2a: Chien-Pao|Protect\n|move|p1b: Me suis perdu|Follow Me|p1b: Me suis perdu\n|-singleturn|p1b: Me suis perdu|move: Follow Me\n|move|p2b: Flutter Mane|Moonblast|p1b: Me suis perdu\n|-damage|p1b: Me suis perdu|9\/100\n|-unboost|p1b: Me suis perdu|spa|1\n|move|p1a: GAETAN REVIENT|Low Kick|p2a: Chien-Pao\n|-activate|p2a: Chien-Pao|move: Protect\n|\n|-sideend|p1: Micciu20250|move: Tailwind\n|-sideend|p2: Alekso|move: Tailwind\n|upkeep\n|turn|5\n|c| John1240|belle phrase soit dit en passant\n|j| Toadow\n|j| Asakura13\n|\n|t:|1681672767\n|switch|p2a: Talonflame|Talonflame, L50, M|100\/100\n|move|p1b: Me suis perdu|Follow Me|p1b: Me suis perdu\n|-singleturn|p1b: Me suis perdu|move: Follow Me\n|move|p2b: Flutter Mane|Dazzling Gleam|p1a: GAETAN REVIENT|[spread] p1a,p1b\n|-damage|p1a: GAETAN REVIENT|72\/100\n|-damage|p1b: Me suis perdu|0 fnt\n|faint|p1b: Me suis perdu\n|move|p1a: GAETAN REVIENT|Low Kick|p2a: Talonflame\n|-resisted|p2a: Talonflame\n|-damage|p2a: Talonflame|90\/100\n|\n|upkeep\n|\n|t:|1681672770\n|switch|p1b: :bontoutou:|Chien-Pao, L50|100\/100\n|-ability|p1b: :bontoutou:|Sword of Ruin\n|turn|6\n|\n|t:|1681672788\n|move|p2b: Flutter Mane|Protect|p2b: Flutter Mane\n|-singleturn|p2b: Flutter Mane|Protect\n|move|p1b: :bontoutou:|Ice Spinner|p2b: Flutter Mane\n|-activate|p2b: Flutter Mane|move: Protect\n|move|p2a: Talonflame|Tailwind|p2a: Talonflame\n|-sidestart|p2: Alekso|move: Tailwind\n|move|p1a: GAETAN REVIENT|Assurance|p2a: Talonflame\n|-damage|p2a: Talonflame|27\/100\n|\n|upkeep\n|turn|7\n|c| Sharow|il est ou hera dit cation ?\n|j| BlazingDark\n|\n|t:|1681672818\n|move|p1a: GAETAN REVIENT|Sucker Punch||[still]\n|-fail|p1a: GAETAN REVIENT\n|move|p2a: Talonflame|Will-O-Wisp|p1a: GAETAN REVIENT\n|-status|p1a: GAETAN REVIENT|brn\n|move|p2b: Flutter Mane|Dazzling Gleam|p1a: GAETAN REVIENT|[spread] p1a,p1b\n|-supereffective|p1b: :bontoutou:\n|-damage|p1a: GAETAN REVIENT|39\/100 brn\n|-enditem|p1b: :bontoutou:|Focus Sash\n|-damage|p1b: :bontoutou:|1\/100\n|move|p1b: :bontoutou:|Ice Spinner|p2b: Flutter Mane\n|-damage|p2b: Flutter Mane|20\/100\n|\n|-damage|p1a: GAETAN REVIENT|33\/100 brn|[from] brn\n|upkeep\n|turn|8\n|\n|t:|1681672836\n|move|p1b: :bontoutou:|Protect|p1b: :bontoutou:\n|-singleturn|p1b: :bontoutou:|Protect\n|move|p1a: GAETAN REVIENT|Sucker Punch|p2b: Flutter Mane\n|-resisted|p2b: Flutter Mane\n|-damage|p2b: Flutter Mane|0 fnt\n|faint|p2b: Flutter Mane\n|-end|p2b: Flutter Mane|Protosynthesis|[silent]\n|move|p2a: Talonflame|Brave Bird|p1b: :bontoutou:\n|-activate|p1b: :bontoutou:|move: Protect\n|\n|-damage|p1a: GAETAN REVIENT|27\/100 brn|[from] brn\n|upkeep\n|\n|t:|1681672838\n|switch|p2b: Chien-Pao|Chien-Pao, L50|61\/100\n|-ability|p2b: Chien-Pao|Sword of Ruin\n|turn|9\n|\n|t:|1681672851\n|move|p1b: :bontoutou:|Protect||[still]\n|-fail|p1b: :bontoutou:\n|move|p1a: GAETAN REVIENT|Sucker Punch||[still]\n|-fail|p1a: GAETAN REVIENT\n|move|p2b: Chien-Pao|Sacred Sword|p1a: GAETAN REVIENT\n|-supereffective|p1a: GAETAN REVIENT\n|-damage|p1a: GAETAN REVIENT|0 fnt\n|faint|p1a: GAETAN REVIENT\n|move|p2a: Talonflame|Will-O-Wisp|p1b: :bontoutou:\n|-status|p1b: :bontoutou:|brn\n|\n|-damage|p1b: :bontoutou:|0 fnt|[from] brn\n|faint|p1b: :bontoutou:\n|\n|win|Alekso\n|upkeep\n|c|\u2606Micciu20250|gg\n|l| CaptainEikichi\n|l| Hyss\n|l| SiTuM.\n|c|\u2606Alekso|gg\n|l| John1240\n|j| EvianOCB\n|l| useless sentiments\n|j| Masskeauuu\n|j| Quartos\n|l| EvianOCB\n|l| Masskeauuu\n|l| Beka\n|j| SiTuM.\n|l| SiTuM.\n|l| BlazingDark\n|l| Nineveh\n|l| iKiQ\n|l| Asakura13\n|l| Mimilucha\n|j| RandomDuVGCFR\n|l| DonSalvatore\n|l|\u2606Micciu20250\n|l|+Tuthur\n|l|+Unamed\n|l| RandomDuVGCFR\n|l| Sharow\n|l| Farfetch'best\n|l|\u2606Alekso\n|l| Neco0s\n|j| KyogreF4N\n|l| KyogreF4N\n|j|+Tuthur\n","uploadtime":1681673267,"views":22,"p1id":"micciu20250","p2id":"alekso","formatid":"gen9vgc2023regulationc","rating":0,"private":0,"password":""}