{"id":"gen9vgc2023regulationc-1846666785","p1":"Chimeran","p2":"merahmerona","format":"[Gen 9] VGC 2023 Regulation C","log":"|j|\u2606Chimeran\n|j|\u2606merahmerona\n|t:|1681863529\n|gametype|doubles\n|player|p1|Chimeran|plasmagruntf|1230\n|player|p2|merahmerona|170|1319\n|teamsize|p1|6\n|teamsize|p2|6\n|gen|9\n|tier|[Gen 9] VGC 2023 Regulation C\n|rated|\n|rule|Species Clause: Limit one of each Pok\u00e9mon\n|rule|Item Clause: Limit one of each item\n|clearpoke\n|poke|p1|Hatterene, L50, F|\n|poke|p1|Indeedee-F, L50, F|\n|poke|p1|Chi-Yu, L50|\n|poke|p1|Kingambit, L50, F|\n|poke|p1|Dondozo, L50, F|\n|poke|p1|Meowscarada, L50, F|\n|poke|p2|Abomasnow, L50, M|\n|poke|p2|Vivillon, L50, F|\n|poke|p2|Annihilape, L50, M|\n|poke|p2|Iron Bundle, L50|\n|poke|p2|Ting-Lu, L50|\n|poke|p2|Chien-Pao, L50|\n|teampreview|4\nmerahmerona has agreed to open team sheets.\n|l|\u2606Chimeran\n|player|p1|\n|\n|t:|1681863559\n|start\n|switch|p1a: Hatterene|Hatterene, L50, F|100\/100\n|switch|p1b: Indeedee|Indeedee-F, L50, F|100\/100\n|switch|p2a: Vivillon|Vivillon, L50, F|100\/100\n|switch|p2b: Ting-Lu|Ting-Lu, L50|100\/100\n|-fieldstart|move: Psychic Terrain|[from] ability: Psychic Surge|[of] p1b: Indeedee\n|-enditem|p1b: Indeedee|Psychic Seed\n|-boost|p1b: Indeedee|spd|1|[from] item: Psychic Seed\n|-ability|p2b: Ting-Lu|Vessel of Ruin\n|turn|1\n|j|\u2606Chimeran\n|player|p1|Chimeran|plasmagruntf\n|\n|t:|1681863596\n|move|p1b: Indeedee|Follow Me|p1b: Indeedee\n|-singleturn|p1b: Indeedee|move: Follow Me\n|move|p2a: Vivillon|Pollen Puff|p1b: Indeedee\n|-supereffective|p1b: Indeedee\n|-damage|p1b: Indeedee|69\/100\n|move|p2b: Ting-Lu|Earthquake|p1a: Hatterene|[spread] p1a,p1b\n|-immune|p2a: Vivillon\n|-damage|p1a: Hatterene|35\/100\n|-damage|p1b: Indeedee|16\/100\n|move|p1a: Hatterene|Trick Room|p1a: Hatterene\n|-fieldstart|move: Trick Room|[of] p1a: Hatterene\n|\n|upkeep\n|turn|2\n|\n|t:|1681863634\n|-terastallize|p2b: Ting-Lu|Fire\n|move|p1a: Hatterene|Protect|p1a: Hatterene\n|-singleturn|p1a: Hatterene|Protect\n|move|p2a: Vivillon|Protect|p2a: Vivillon\n|-singleturn|p2a: Vivillon|Protect\n|move|p2b: Ting-Lu|Earthquake|p1b: Indeedee|[spread] p1b\n|-activate|p2a: Vivillon|move: Protect\n|-activate|p1a: Hatterene|move: Protect\n|-damage|p1b: Indeedee|0 fnt\n|faint|p1b: Indeedee\n|\n|upkeep\n|\n|t:|1681863649\n|switch|p1b: Chi-Yu|Chi-Yu, L50|100\/100\n|-ability|p1b: Chi-Yu|Beads of Ruin\n|turn|3\n|\n|t:|1681863662\n|-terastallize|p1b: Chi-Yu|Dark\n|move|p2a: Vivillon|Rage Powder|p2a: Vivillon\n|-singleturn|p2a: Vivillon|move: Rage Powder\n|move|p1a: Hatterene|Psyshock|p2a: Vivillon\n|-damage|p2a: Vivillon|43\/100\n|move|p2b: Ting-Lu|Earthquake|p1a: Hatterene|[spread] p1a,p1b\n|-immune|p2a: Vivillon\n|-damage|p1a: Hatterene|0 fnt\n|-damage|p1b: Chi-Yu|18\/100\n|faint|p1a: Hatterene\n|move|p1b: Chi-Yu|Dark Pulse|p2a: Vivillon\n|-damage|p2a: Vivillon|0 fnt\n|faint|p2a: Vivillon\n|-damage|p1b: Chi-Yu|9\/100|[from] item: Life Orb\n|\n|upkeep\n|\n|t:|1681863678\n|switch|p1a: Kingambit|Kingambit, L50, F|100\/100\n|switch|p2a: Abomasnow|Abomasnow, L50, M|100\/100\n|-weather|Snow|[from] ability: Snow Warning|[of] p2a: Abomasnow\n|turn|4\n|\n|t:|1681863700\n|move|p2a: Abomasnow|Protect|p2a: Abomasnow\n|-singleturn|p2a: Abomasnow|Protect\n|move|p1a: Kingambit|Kowtow Cleave|p2b: Ting-Lu\n|-damage|p2b: Ting-Lu|70\/100\n|move|p2b: Ting-Lu|Earthquake|p1a: Kingambit|[spread] p1a,p1b\n|-activate|p2a: Abomasnow|move: Protect\n|-supereffective|p1a: Kingambit\n|-damage|p1a: Kingambit|19\/100\n|-damage|p1b: Chi-Yu|0 fnt\n|faint|p1b: Chi-Yu\n|\n|-weather|Snow|[upkeep]\n|upkeep\n|turn|5\n|\n|t:|1681863712\n|switch|p2b: Annihilape|Annihilape, L50, M|100\/100\n|move|p1a: Kingambit|Kowtow Cleave|p2b: Annihilape\n|-damage|p2b: Annihilape|51\/100\n|move|p2a: Abomasnow|Blizzard|p1a: Kingambit\n|-resisted|p1a: Kingambit\n|-damage|p1a: Kingambit|2\/100\n|-damage|p2a: Abomasnow|90\/100|[from] item: Life Orb\n|\n|-weather|Snow|[upkeep]\n|-fieldend|move: Trick Room\n|-fieldend|move: Psychic Terrain\n|upkeep\n|turn|6\n|\n|t:|1681863725\n|move|p2b: Annihilape|Protect|p2b: Annihilape\n|-singleturn|p2b: Annihilape|Protect\n|move|p2a: Abomasnow|Ice Shard|p1a: Kingambit\n|-resisted|p1a: Kingambit\n|-damage|p1a: Kingambit|0 fnt\n|faint|p1a: Kingambit\n|-damage|p2a: Abomasnow|80\/100|[from] item: Life Orb\n|\n|win|merahmerona\n|raw|Chimeran's rating: 1230 → 1211<\/strong> (-19 for losing)\n|raw|merahmerona's rating: 1319 → 1334<\/strong> (+15 for winning)\n","uploadtime":1681863732,"views":16,"p1id":"chimeran","p2id":"merahmerona","formatid":"gen9vgc2023regulationc","rating":1211,"private":0,"password":""}