{"id":"gen9vgc2023regulationc-1852050815","p1":"aggron zheng","p2":"juacox300","format":"[Gen 9] VGC 2023 Regulation C","log":"|j|\u2606aggron zheng\n|j|\u2606juacox300\n|t:|1682520033\n|gametype|doubles\n|player|p1|aggron zheng|1|1513\n|player|p2|juacox300|unknown|1429\n|teamsize|p1|6\n|teamsize|p2|6\n|gen|9\n|tier|[Gen 9] VGC 2023 Regulation C\n|rated|\n|rule|Species Clause: Limit one of each Pok\u00e9mon\n|rule|Item Clause: Limit one of each item\n|clearpoke\n|poke|p1|Dondozo, L50, M|\n|poke|p1|Tatsugiri, L50, M|\n|poke|p1|Chi-Yu, L50|\n|poke|p1|Iron Bundle, L50|\n|poke|p1|Dragonite, L50, M|\n|poke|p1|Glimmora, L50, F|\n|poke|p2|Torkoal, L50, M|\n|poke|p2|Meowscarada, L50, F|\n|poke|p2|Iron Bundle, L50|\n|poke|p2|Tauros-Paldea-Aqua, L50, M|\n|poke|p2|Chi-Yu, L50|\n|poke|p2|Flutter Mane, L50|\n|teampreview|4\n|c|\u2606aggron zheng|glhf\naggron zheng has agreed to open team sheets.\njuacox300 has agreed to open team sheets.\n|\n|t:|1682520138\n|start\n|switch|p1a: Glimmora|Glimmora, L50, F|100\/100\n|switch|p1b: Dondozo|Dondozo, L50, M|100\/100\n|switch|p2a: Tauros|Tauros-Paldea-Aqua, L50, M|100\/100\n|switch|p2b: Iron Bundle|Iron Bundle, L50|100\/100\n|-ability|p2a: Tauros|Intimidate|boost\n|-unboost|p1a: Glimmora|atk|1\n|-unboost|p1b: Dondozo|atk|1\n|-enditem|p2b: Iron Bundle|Booster Energy\n|-activate|p2b: Iron Bundle|ability: Quark Drive|[fromitem]\n|-start|p2b: Iron Bundle|quarkdrivespe\n|turn|1\n|\n|t:|1682520186\n|move|p2b: Iron Bundle|Protect|p2b: Iron Bundle\n|-singleturn|p2b: Iron Bundle|Protect\n|move|p1b: Dondozo|Protect|p1b: Dondozo\n|-singleturn|p1b: Dondozo|Protect\n|move|p2a: Tauros|Wave Crash|p1a: Glimmora\n|-supereffective|p1a: Glimmora\n|-damage|p1a: Glimmora|6\/100\n|-activate|p1a: Glimmora|ability: Toxic Debris\n|-sidestart|p2: juacox300|move: Toxic Spikes\n|-damage|p2a: Tauros|61\/100|[from] Recoil\n|move|p1a: Glimmora|Mortal Spin|p2b: Iron Bundle|[spread] p2a\n|-activate|p2b: Iron Bundle|move: Protect\n|-damage|p2a: Tauros|58\/100\n|-status|p2a: Tauros|psn\n|\n|-damage|p2a: Tauros|46\/100 psn|[from] psn\n|upkeep\n|turn|2\n|\n|t:|1682520222\n|switch|p1a: Tatsugiri|Tatsugiri, L50, M|100\/100\n|-activate|p1a: Tatsugiri|ability: Commander|[of] p1b: Dondozo\n|-boost|p1b: Dondozo|atk|2\n|-boost|p1b: Dondozo|spa|2\n|-boost|p1b: Dondozo|spe|2\n|-boost|p1b: Dondozo|def|2\n|-boost|p1b: Dondozo|spd|2\n|-terastallize|p1b: Dondozo|Grass\n|move|p2a: Tauros|Aqua Jet|p1a: Tatsugiri|[miss]\n|-miss|p2a: Tauros|p1a: Tatsugiri\n|move|p2b: Iron Bundle|Freeze-Dry|p1b: Dondozo\n|-supereffective|p1b: Dondozo\n|-damage|p1b: Dondozo|66\/100\n|-status|p1b: Dondozo|frz\n|-curestatus|p1b: Dondozo|frz|[msg]\n|move|p1b: Dondozo|Tera Blast|p2b: Iron Bundle\n|-supereffective|p2b: Iron Bundle\n|-damage|p2b: Iron Bundle|0 fnt\n|faint|p2b: Iron Bundle\n|-end|p2b: Iron Bundle|Quark Drive|[silent]\n|\n|-heal|p1b: Dondozo|72\/100|[from] item: Leftovers\n|-damage|p2a: Tauros|34\/100 psn|[from] psn\n|upkeep\n|\n|t:|1682520249\n|switch|p2b: Torkoal|Torkoal, L50, M|100\/100\n|-status|p2b: Torkoal|psn\n|-weather|SunnyDay|[from] ability: Drought|[of] p2b: Torkoal\n|turn|3\n|\n|t:|1682520266\n|-terastallize|p2b: Torkoal|Grass\n|move|p1b: Dondozo|Protect|p1b: Dondozo\n|-singleturn|p1b: Dondozo|Protect\n|move|p2a: Tauros|Close Combat|p1b: Dondozo\n|-activate|p1b: Dondozo|move: Protect\n|move|p2b: Torkoal|Heat Wave|p1a: Tatsugiri|[spread] \n|-miss|p2b: Torkoal|p1a: Tatsugiri\n|-activate|p1b: Dondozo|move: Protect\n|\n|-weather|SunnyDay|[upkeep]\n|-heal|p1b: Dondozo|78\/100|[from] item: Leftovers\n|-damage|p2a: Tauros|22\/100 psn|[from] psn\n|-damage|p2b: Torkoal|88\/100 psn|[from] psn\n|upkeep\n|turn|4\n|\n|t:|1682520283\n|move|p1b: Dondozo|Earthquake|p2b: Torkoal|[spread] p2a,p2b\n|-miss|p1b: Dondozo|p1a: Tatsugiri\n|-resisted|p2b: Torkoal\n|-damage|p2a: Tauros|0 fnt\n|-damage|p2b: Torkoal|75\/100 psn\n|faint|p2a: Tauros\n|move|p2b: Torkoal|Eruption|p1b: Dondozo|[spread] p1b\n|-miss|p2b: Torkoal|p1a: Tatsugiri\n|-supereffective|p1b: Dondozo\n|-damage|p1b: Dondozo|10\/100\n|\n|-weather|SunnyDay|[upkeep]\n|-heal|p1b: Dondozo|16\/100|[from] item: Leftovers\n|-damage|p2b: Torkoal|62\/100 psn|[from] psn\n|upkeep\n|\n|t:|1682520287\n|switch|p2a: Meowscarada|Meowscarada, L50, F|100\/100\n|-status|p2a: Meowscarada|psn\n|turn|5\n|\n|t:|1682520296\n|move|p1b: Dondozo|Protect|p1b: Dondozo\n|-singleturn|p1b: Dondozo|Protect\n|move|p2a: Meowscarada|Flower Trick|p1b: Dondozo\n|-start|p2a: Meowscarada|typechange|Grass|[from] ability: Protean\n|-activate|p1b: Dondozo|move: Protect\n|move|p2b: Torkoal|Heat Wave|p1a: Tatsugiri|[spread] \n|-miss|p2b: Torkoal|p1a: Tatsugiri\n|-activate|p1b: Dondozo|move: Protect\n|\n|-weather|SunnyDay|[upkeep]\n|-heal|p1b: Dondozo|22\/100|[from] item: Leftovers\n|-damage|p2a: Meowscarada|89\/100 psn|[from] psn\n|-damage|p2b: Torkoal|50\/100 psn|[from] psn\n|upkeep\n|turn|6\n|\n|t:|1682520313\n|move|p2a: Meowscarada|Flower Trick|p1b: Dondozo\n|-resisted|p1b: Dondozo\n|-crit|p1b: Dondozo\n|-damage|p1b: Dondozo|4\/100\n|move|p1b: Dondozo|Earthquake|p2b: Torkoal|[spread] p2a,p2b\n|-miss|p1b: Dondozo|p1a: Tatsugiri\n|-resisted|p2a: Meowscarada\n|-resisted|p2b: Torkoal\n|-damage|p2a: Meowscarada|63\/100 psn\n|-damage|p2b: Torkoal|37\/100 psn\n|move|p2b: Torkoal|Heat Wave|p1a: Tatsugiri|[spread] p1b\n|-miss|p2b: Torkoal|p1a: Tatsugiri\n|-supereffective|p1b: Dondozo\n|-damage|p1b: Dondozo|0 fnt\n|faint|p1b: Dondozo\n|\n|-weather|SunnyDay|[upkeep]\n|-damage|p2a: Meowscarada|51\/100 psn|[from] psn\n|-damage|p2b: Torkoal|25\/100 psn|[from] psn\n|upkeep\n|\n|t:|1682520325\n|switch|p1b: Chi-Yu|Chi-Yu, L50|100\/100\n|-ability|p1b: Chi-Yu|Beads of Ruin\n|turn|7\n|-message|juacox300 forfeited.\n|\n|win|aggron zheng\n|raw|aggron zheng's rating: 1513 → 1528<\/strong> (+15 for winning)\n|raw|juacox300's rating: 1429 → 1414<\/strong> (-15 for losing)\n|l|\u2606juacox300\n|c|\u2606aggron zheng|gg\n","uploadtime":1682522027,"views":43,"p1id":"aggronzheng","p2id":"juacox300","formatid":"gen9vgc2023regulationc","rating":1414,"private":0,"password":""}