{"id":"gen9vgc2023regulationc-1847942930","p1":"Princedigora","p2":"Creeper9073157","format":"[Gen 9] VGC 2023 Regulation C","log":"|j|\u2606Princedigora\n|j|\u2606Creeper9073157\n|t:|1682014589\n|gametype|doubles\n|player|p1|Princedigora|2|1102\n|player|p2|Creeper9073157|red|1029\n|teamsize|p1|6\n|teamsize|p2|6\n|gen|9\n|tier|[Gen 9] VGC 2023 Regulation C\n|rated|\n|rule|Species Clause: Limit one of each Pok\u00e9mon\n|rule|Item Clause: Limit one of each item\n|clearpoke\n|poke|p1|Baxcalibur, L50, F|\n|poke|p1|Tyranitar, L50, F|\n|poke|p1|Gholdengo, L50|\n|poke|p1|Chi-Yu, L50|\n|poke|p1|Pelipper, L50, F|\n|poke|p1|Houndstone, L50, F|\n|poke|p2|Dragapult, L50, M|\n|poke|p2|Sylveon, L50, M|\n|poke|p2|Breloom, L50, F|\n|poke|p2|Sableye, L50, M|\n|poke|p2|Gumshoos, L50, M|\n|poke|p2|Chansey, L50, F|\n|teampreview|4\n|\n|t:|1682014614\n|start\n|switch|p1a: Pelipper|Pelipper, L50, F|100\/100\n|switch|p1b: Tyranitar|Tyranitar, L50, F|100\/100\n|switch|p2a: Breloom|Breloom, L50, F|100\/100\n|switch|p2b: Dragapult|Dragapult, L50, M|100\/100\n|-weather|RainDance|[from] ability: Drizzle|[of] p1a: Pelipper\n|-weather|Sandstorm|[from] ability: Sand Stream|[of] p1b: Tyranitar\n|turn|1\n|\n|t:|1682014676\n|move|p2b: Dragapult|Dragon Darts|p1a: Pelipper\n|-damage|p1a: Pelipper|70\/100\n|-anim|p2b: Dragapult|Dragon Darts|p1b: Tyranitar\n|-damage|p1b: Tyranitar|72\/100\n|move|p2a: Breloom|Spore|p1a: Pelipper\n|-status|p1a: Pelipper|slp|[from] move: Spore\n|cant|p1a: Pelipper|slp\n|move|p1b: Tyranitar|Heavy Slam|p2b: Dragapult\n|-damage|p2b: Dragapult|43\/100\n|\n|-weather|Sandstorm|[upkeep]\n|-damage|p2b: Dragapult|37\/100|[from] Sandstorm\n|-damage|p2a: Breloom|95\/100|[from] Sandstorm\n|-damage|p1a: Pelipper|64\/100 slp|[from] Sandstorm\n|-status|p2a: Breloom|tox|[from] item: Toxic Orb\n|upkeep\n|turn|2\n|\n|t:|1682014708\n|move|p2b: Dragapult|Dragon Darts|p1b: Tyranitar\n|-damage|p1b: Tyranitar|41\/100\n|-enditem|p1b: Tyranitar|Sitrus Berry|[eat]\n|-heal|p1b: Tyranitar|66\/100|[from] item: Sitrus Berry\n|-anim|p2b: Dragapult|Dragon Darts|p1a: Pelipper\n|-damage|p1a: Pelipper|37\/100 slp\n|move|p2a: Breloom|Spore|p1b: Tyranitar\n|-status|p1b: Tyranitar|slp|[from] move: Spore\n|-curestatus|p1a: Pelipper|slp|[msg]\n|move|p1a: Pelipper|Hurricane|p2a: Breloom\n|-supereffective|p2a: Breloom\n|-damage|p2a: Breloom|0 fnt\n|faint|p2a: Breloom\n|cant|p1b: Tyranitar|slp\n|\n|-weather|Sandstorm|[upkeep]\n|-damage|p2b: Dragapult|31\/100|[from] Sandstorm\n|-damage|p1a: Pelipper|31\/100|[from] Sandstorm\n|upkeep\n|\n|t:|1682014733\n|switch|p2a: Gumshoos|Gumshoos, L50, M|100\/100\n|turn|3\n|\n|t:|1682014748\n|move|p2b: Dragapult|Dragon Darts|p1b: Tyranitar\n|-damage|p1b: Tyranitar|36\/100 slp\n|-anim|p2b: Dragapult|Dragon Darts|p1a: Pelipper\n|-damage|p1a: Pelipper|3\/100\n|move|p1a: Pelipper|U-turn|p2b: Dragapult\n|-resisted|p2b: Dragapult\n|-damage|p2b: Dragapult|24\/100\n|\n|t:|1682014757\n|switch|p1a: Baxcalibur|Baxcalibur, L50, F|100\/100|[from] U-turn\n|cant|p1b: Tyranitar|slp\n|move|p2a: Gumshoos|Psychic Fangs|p1a: Baxcalibur\n|-damage|p1a: Baxcalibur|60\/100\n|\n|-weather|Sandstorm|[upkeep]\n|-damage|p2b: Dragapult|18\/100|[from] Sandstorm\n|-damage|p1a: Baxcalibur|54\/100|[from] Sandstorm\n|-damage|p2a: Gumshoos|94\/100|[from] Sandstorm\n|upkeep\n|turn|4\n|\n|t:|1682014782\n|-terastallize|p1a: Baxcalibur|Electric\n|move|p2b: Dragapult|Dragon Darts|p1a: Baxcalibur\n|-damage|p1a: Baxcalibur|16\/100\n|-anim|p2b: Dragapult|Dragon Darts|p1b: Tyranitar\n|-damage|p1b: Tyranitar|4\/100 slp\n|move|p1a: Baxcalibur|Glaive Rush|p2a: Gumshoos\n|-damage|p2a: Gumshoos|8\/100\n|-singlemove|p1a: Baxcalibur|Glaive Rush|[silent]\n|cant|p1b: Tyranitar|slp\n|move|p2a: Gumshoos|Fire Fang|p1a: Baxcalibur\n|-damage|p1a: Baxcalibur|0 fnt\n|faint|p1a: Baxcalibur\n|\n|-weather|Sandstorm|[upkeep]\n|-damage|p2b: Dragapult|12\/100|[from] Sandstorm\n|-damage|p2a: Gumshoos|2\/100|[from] Sandstorm\n|upkeep\n|\n|t:|1682014802\n|switch|p1a: Houndstone|Houndstone, L50, F|100\/100\n|turn|5\n|\n|t:|1682014813\n|move|p1a: Houndstone|Shadow Sneak|p2b: Dragapult\n|-supereffective|p2b: Dragapult\n|-damage|p2b: Dragapult|0 fnt\n|faint|p2b: Dragapult\n|-curestatus|p1b: Tyranitar|slp|[msg]\n|move|p1b: Tyranitar|Low Kick|p2a: Gumshoos\n|-supereffective|p2a: Gumshoos\n|-damage|p2a: Gumshoos|0 fnt\n|faint|p2a: Gumshoos\n|\n|-weather|none\n|upkeep\n|\n|t:|1682014826\n|switch|p2a: Chansey|Chansey, L50, F|100\/100\n|turn|6\n|\n|t:|1682014836\n|switch|p1a: Pelipper|Pelipper, L50, F|3\/100\n|-weather|RainDance|[from] ability: Drizzle|[of] p1a: Pelipper\n|move|p1b: Tyranitar|Low Kick|p2a: Chansey\n|-supereffective|p2a: Chansey\n|-damage|p2a: Chansey|70\/100\n|move|p2a: Chansey|Rock Slide|p1a: Pelipper|[spread] p1a,p1b\n|-supereffective|p1a: Pelipper\n|-damage|p1a: Pelipper|0 fnt\n|-damage|p1b: Tyranitar|2\/100\n|faint|p1a: Pelipper\n|\n|-weather|RainDance|[upkeep]\n|upkeep\n|\n|t:|1682014850\n|switch|p1a: Houndstone|Houndstone, L50, F|100\/100\n|turn|7\n|\n|t:|1682014866\n|move|p1a: Houndstone|Tera Blast|p2a: Chansey\n|-damage|p2a: Chansey|65\/100\n|move|p1b: Tyranitar|Heavy Slam|p2a: Chansey\n|-damage|p2a: Chansey|32\/100\n|move|p2a: Chansey|Rock Slide|p1a: Houndstone|[spread] p1a,p1b\n|-damage|p1a: Houndstone|96\/100\n|-damage|p1b: Tyranitar|0 fnt\n|faint|p1b: Tyranitar\n|\n|-weather|RainDance|[upkeep]\n|upkeep\n|turn|8\n|\n|t:|1682014882\n|move|p1a: Houndstone|Tera Blast|p2a: Chansey\n|-damage|p2a: Chansey|27\/100\n|move|p2a: Chansey|Soft-Boiled|p2a: Chansey\n|-heal|p2a: Chansey|77\/100\n|\n|-weather|RainDance|[upkeep]\n|upkeep\n|turn|9\n|inactive|Battle timer is ON: inactive players will automatically lose when time's up. (requested by Princedigora)\n|\n|t:|1682014892\n|move|p1a: Houndstone|Tera Blast|p2a: Chansey\n|-damage|p2a: Chansey|71\/100\n|move|p2a: Chansey|Light Screen|p2a: Chansey\n|-sidestart|p2: Creeper9073157|move: Light Screen\n|\n|-weather|RainDance|[upkeep]\n|upkeep\n|turn|10\n|\n|t:|1682014899\n|move|p1a: Houndstone|Tera Blast|p2a: Chansey\n|-damage|p2a: Chansey|68\/100\n|move|p2a: Chansey|Rock Slide|p1a: Houndstone\n|-damage|p1a: Houndstone|91\/100\n|\n|-weather|RainDance|[upkeep]\n|upkeep\n|turn|11\n|\n|t:|1682014908\n|move|p1a: Houndstone|Tera Blast|p2a: Chansey\n|-damage|p2a: Chansey|64\/100\n|move|p2a: Chansey|Rock Slide|p1a: Houndstone\n|-damage|p1a: Houndstone|86\/100\n|\n|-weather|RainDance|[upkeep]\n|upkeep\n|turn|12\n|\n|t:|1682014916\n|move|p1a: Houndstone|Tera Blast|p2a: Chansey\n|-damage|p2a: Chansey|61\/100\n|move|p2a: Chansey|Rock Slide|p1a: Houndstone\n|-crit|p1a: Houndstone\n|-damage|p1a: Houndstone|78\/100\n|\n|-weather|RainDance|[upkeep]\n|upkeep\n|turn|13\n|\n|t:|1682014927\n|move|p1a: Houndstone|Tera Blast|p2a: Chansey\n|-damage|p2a: Chansey|57\/100\n|move|p2a: Chansey|Rock Slide|p1a: Houndstone\n|-damage|p1a: Houndstone|73\/100\n|\n|-weather|none\n|-sideend|p2: Creeper9073157|move: Light Screen\n|upkeep\n|turn|14\n|\n|t:|1682014939\n|move|p1a: Houndstone|Tera Blast|p2a: Chansey\n|-damage|p2a: Chansey|51\/100\n|move|p2a: Chansey|Light Screen|p2a: Chansey\n|-sidestart|p2: Creeper9073157|move: Light Screen\n|\n|upkeep\n|turn|15\n|\n|t:|1682014947\n|move|p1a: Houndstone|Tera Blast|p2a: Chansey\n|-damage|p2a: Chansey|48\/100\n|move|p2a: Chansey|Rock Slide|p1a: Houndstone\n|-damage|p1a: Houndstone|67\/100\n|\n|upkeep\n|turn|16\n|\n|t:|1682014959\n|move|p1a: Houndstone|Tera Blast|p2a: Chansey\n|-damage|p2a: Chansey|45\/100\n|move|p2a: Chansey|Rock Slide|p1a: Houndstone\n|-damage|p1a: Houndstone|62\/100\n|\n|upkeep\n|turn|17\n|\n|t:|1682014969\n|move|p1a: Houndstone|Tera Blast|p2a: Chansey\n|-damage|p2a: Chansey|42\/100\n|move|p2a: Chansey|Rock Slide|p1a: Houndstone\n|-damage|p1a: Houndstone|56\/100\n|\n|upkeep\n|turn|18\n|\n|t:|1682014977\n|move|p1a: Houndstone|Tera Blast|p2a: Chansey\n|-damage|p2a: Chansey|38\/100\n|move|p2a: Chansey|Soft-Boiled|p2a: Chansey\n|-heal|p2a: Chansey|88\/100\n|\n|-sideend|p2: Creeper9073157|move: Light Screen\n|upkeep\n|turn|19\n|\n|t:|1682014989\n|move|p1a: Houndstone|Tera Blast|p2a: Chansey\n|-damage|p2a: Chansey|83\/100\n|move|p2a: Chansey|Light Screen|p2a: Chansey\n|-sidestart|p2: Creeper9073157|move: Light Screen\n|\n|upkeep\n|turn|20\n|\n|t:|1682014996\n|move|p1a: Houndstone|Tera Blast|p2a: Chansey\n|-damage|p2a: Chansey|79\/100\n|move|p2a: Chansey|Rock Slide|p1a: Houndstone\n|-damage|p1a: Houndstone|51\/100\n|\n|upkeep\n|turn|21\n|\n|t:|1682015004\n|move|p1a: Houndstone|Tera Blast|p2a: Chansey\n|-crit|p2a: Chansey\n|-damage|p2a: Chansey|72\/100\n|move|p2a: Chansey|Rock Slide|p1a: Houndstone\n|-damage|p1a: Houndstone|45\/100\n|\n|upkeep\n|turn|22\n|\n|t:|1682015013\n|move|p1a: Houndstone|Tera Blast|p2a: Chansey\n|-damage|p2a: Chansey|69\/100\n|move|p2a: Chansey|Rock Slide|p1a: Houndstone\n|-damage|p1a: Houndstone|40\/100\n|\n|upkeep\n|turn|23\n|\n|t:|1682015023\n|-activate|p1a: Houndstone|move: Struggle\n|move|p1a: Houndstone|Struggle|p2a: Chansey\n|-damage|p2a: Chansey|58\/100\n|-damage|p1a: Houndstone|15\/100|[from] recoil\n|move|p2a: Chansey|Rock Slide|p1a: Houndstone\n|-damage|p1a: Houndstone|9\/100\n|\n|-sideend|p2: Creeper9073157|move: Light Screen\n|upkeep\n|turn|24\n|\n|t:|1682015035\n|-activate|p1a: Houndstone|move: Struggle\n|move|p1a: Houndstone|Struggle|p2a: Chansey\n|-damage|p2a: Chansey|47\/100\n|-damage|p1a: Houndstone|0 fnt|[from] recoil\n|faint|p1a: Houndstone\n|\n|win|Creeper9073157\n|raw|Princedigora's rating: 1102 → 1072<\/strong> (-30 for losing)\n|raw|Creeper9073157's rating: 1029 → 1072<\/strong> (+43 for winning)\n|l|\u2606Princedigora\n","uploadtime":1682015055,"views":11,"p1id":"princedigora","p2id":"creeper9073157","formatid":"gen9vgc2023regulationc","rating":1072,"private":0,"password":""}