{"id":"gen9vgc2023regulationc-1860193269","p1":"ShyDude","p2":"potinki","format":"[Gen 9] VGC 2023 Regulation C","log":"|j|\u2606ShyDude\n|j|\u2606potinki\n|t:|1683607841\n|gametype|doubles\n|player|p1|ShyDude|cynthia|1361\n|player|p2|potinki|acerola|1479\n|teamsize|p1|6\n|teamsize|p2|6\n|gen|9\n|tier|[Gen 9] VGC 2023 Regulation C\n|rated|\n|rule|Species Clause: Limit one of each Pok\u00e9mon\n|rule|Item Clause: Limit one of each item\n|clearpoke\n|poke|p1|Gholdengo, L50|\n|poke|p1|Scream Tail, L50|\n|poke|p1|Wo-Chien, L50|\n|poke|p1|Chi-Yu, L50|\n|poke|p1|Azumarill, L50, M|\n|poke|p1|Iron Hands, L50|\n|poke|p2|Scizor, L50, F|\n|poke|p2|Chi-Yu, L50|\n|poke|p2|Dragonite, L50, F|\n|poke|p2|Chien-Pao, L50|\n|poke|p2|Flutter Mane, L50|\n|poke|p2|Amoonguss, L50, M|\n|teampreview|4\n|\n|t:|1683607885\n|start\n|switch|p1a: Iron Hands|Iron Hands, L50|100\/100\n|switch|p1b: Gholdengo|Gholdengo, L50|100\/100\n|switch|p2a: Dragonite|Dragonite, L50, F|100\/100\n|switch|p2b: Chien-Pao|Chien-Pao, L50|100\/100\n|-ability|p2b: Chien-Pao|Sword of Ruin\n|turn|1\n|j| LeLe150\n|\n|t:|1683607895\n|-terastallize|p2a: Dragonite|Flying\n|move|p1a: Iron Hands|Fake Out|p2b: Chien-Pao\n|-damage|p2b: Chien-Pao|77\/100\n|cant|p2b: Chien-Pao|flinch\n|move|p2a: Dragonite|Tera Blast|p1a: Iron Hands\n|-damage|p1a: Iron Hands|46\/100\n|move|p1b: Gholdengo|Nasty Plot|p1b: Gholdengo\n|-boost|p1b: Gholdengo|spa|2\n|\n|upkeep\n|turn|2\n|\n|t:|1683607913\n|move|p2b: Chien-Pao|Sucker Punch|p1b: Gholdengo\n|-supereffective|p1b: Gholdengo\n|-damage|p1b: Gholdengo|19\/100\n|-enditem|p1b: Gholdengo|Weakness Policy\n|-boost|p1b: Gholdengo|atk|2|[from] item: Weakness Policy\n|-boost|p1b: Gholdengo|spa|2|[from] item: Weakness Policy\n|move|p2a: Dragonite|Tera Blast|p1a: Iron Hands\n|-damage|p1a: Iron Hands|0 fnt\n|faint|p1a: Iron Hands\n|-end|p1a: Iron Hands|Quark Drive|[silent]\n|move|p1b: Gholdengo|Make It Rain|p2a: Dragonite|[spread] p2a,p2b\n|-supereffective|p2b: Chien-Pao\n|-damage|p2a: Dragonite|30\/100\n|-damage|p2b: Chien-Pao|0 fnt\n|-unboost|p1b: Gholdengo|spa|1\n|-enditem|p2a: Dragonite|Sitrus Berry|[eat]\n|-heal|p2a: Dragonite|54\/100|[from] item: Sitrus Berry\n|faint|p2b: Chien-Pao\n|\n|upkeep\n|\n|t:|1683607937\n|switch|p2b: Chi-Yu|Chi-Yu, L50|100\/100\n|switch|p1a: Chi-Yu|Chi-Yu, L50|100\/100\n|-ability|p2b: Chi-Yu|Beads of Ruin\n|-ability|p1a: Chi-Yu|Beads of Ruin\n|turn|3\n|\n|t:|1683607950\n|move|p1b: Gholdengo|Protect|p1b: Gholdengo\n|-singleturn|p1b: Gholdengo|Protect\n|move|p2a: Dragonite|Extreme Speed|p1a: Chi-Yu\n|-crit|p1a: Chi-Yu\n|-damage|p1a: Chi-Yu|52\/100\n|move|p2b: Chi-Yu|Heat Wave|p1b: Gholdengo|[spread] p1a\n|-activate|p1b: Gholdengo|move: Protect\n|-resisted|p1a: Chi-Yu\n|-damage|p1a: Chi-Yu|37\/100\n|move|p1a: Chi-Yu|Heat Wave|p2b: Chi-Yu|[spread] p2b\n|-miss|p1a: Chi-Yu|p2a: Dragonite\n|-resisted|p2b: Chi-Yu\n|-damage|p2b: Chi-Yu|81\/100\n|\n|upkeep\n|turn|4\n|\n|t:|1683607977\n|switch|p1b: Azumarill|Azumarill, L50, M|100\/100\n|move|p2a: Dragonite|Extreme Speed|p1a: Chi-Yu\n|-crit|p1a: Chi-Yu\n|-damage|p1a: Chi-Yu|0 fnt\n|faint|p1a: Chi-Yu\n|move|p2b: Chi-Yu|Heat Wave|p1b: Azumarill\n|-resisted|p1b: Azumarill\n|-damage|p1b: Azumarill|66\/100\n|\n|upkeep\n|\n|t:|1683607983\n|switch|p1a: Gholdengo|Gholdengo, L50|19\/100\n|turn|5\n|\n|t:|1683607993\n|-terastallize|p1b: Azumarill|Water\n|move|p1a: Gholdengo|Protect|p1a: Gholdengo\n|-singleturn|p1a: Gholdengo|Protect\n|move|p2b: Chi-Yu|Heat Wave|p1a: Gholdengo|[spread] \n|-activate|p1a: Gholdengo|move: Protect\n|-miss|p2b: Chi-Yu|p1b: Azumarill\n|move|p2a: Dragonite|Dragon Dance|p2a: Dragonite\n|-boost|p2a: Dragonite|atk|1\n|-boost|p2a: Dragonite|spe|1\n|move|p1b: Azumarill|Liquidation|p2a: Dragonite\n|-damage|p2a: Dragonite|0 fnt\n|faint|p2a: Dragonite\n|\n|upkeep\n|\n|t:|1683608006\n|switch|p2a: Flutter Mane|Flutter Mane, L50|100\/100\n|-enditem|p2a: Flutter Mane|Booster Energy\n|-activate|p2a: Flutter Mane|ability: Protosynthesis|[fromitem]\n|-start|p2a: Flutter Mane|protosynthesisspe\n|turn|6\n|\n|t:|1683608014\n|move|p1b: Azumarill|Aqua Jet|p2b: Chi-Yu\n|-supereffective|p2b: Chi-Yu\n|-damage|p2b: Chi-Yu|0 fnt\n|faint|p2b: Chi-Yu\n|move|p2a: Flutter Mane|Shadow Ball|p1b: Azumarill\n|-damage|p1b: Azumarill|22\/100\n|move|p1a: Gholdengo|Make It Rain|p2a: Flutter Mane\n|-supereffective|p2a: Flutter Mane\n|-damage|p2a: Flutter Mane|0 fnt\n|-unboost|p1a: Gholdengo|spa|1\n|faint|p2a: Flutter Mane\n|-end|p2a: Flutter Mane|Protosynthesis|[silent]\n|\n|win|ShyDude\n|raw|ShyDude's rating: 1361 → 1388<\/strong> (+27 for winning)\n|raw|potinki's rating: 1479 → 1452<\/strong> (-27 for losing)\n|l|\u2606potinki\n|l|\u2606ShyDude\n|j|\u2606ShyDude\n|player|p1|ShyDude|cynthia\n","uploadtime":1683608047,"views":12,"p1id":"shydude","p2id":"potinki","formatid":"gen9vgc2023regulationc","rating":1388,"private":0,"password":""}