{"id":"gen9vgc2023regulationc-1847470114","p1":"darlingtonia","p2":"ModernNeesh","format":"[Gen 9] VGC 2023 Regulation C","log":"|j|\u2606darlingtonia\n|j|\u2606ModernNeesh\n|t:|1681959055\n|gametype|doubles\n|player|p1|darlingtonia|proton|\n|player|p2|ModernNeesh|hilbert|\n|teamsize|p1|6\n|teamsize|p2|6\n|gen|9\n|tier|[Gen 9] VGC 2023 Regulation C\n|rule|Species Clause: Limit one of each Pok\u00e9mon\n|rule|Item Clause: Limit one of each item\n|clearpoke\n|poke|p1|Chi-Yu, L50|\n|poke|p1|Palafin, L50, F|\n|poke|p1|Amoonguss, L50, F|\n|poke|p1|Glimmora, L50, F|\n|poke|p1|Flutter Mane, L50|\n|poke|p1|Dragonite, L50, M|\n|poke|p2|Talonflame, L50, F|\n|poke|p2|Flutter Mane, L50|\n|poke|p2|Dragonite, L50, F|\n|poke|p2|Amoonguss, L50, M|\n|poke|p2|Iron Bundle, L50|\n|poke|p2|Great Tusk, L50|\n|teampreview|4\nModernNeesh has agreed to open team sheets.\ndarlingtonia has agreed to open team sheets.\n|\n|t:|1681959126\n|start\n|switch|p1a: Chi-Yu|Chi-Yu, L50|100\/100\n|switch|p1b: Palafin|Palafin, L50, F|100\/100\n|switch|p2a: Iron Bundle|Iron Bundle, L50|100\/100\n|switch|p2b: Flutter Mane|Flutter Mane, L50|100\/100\n|-ability|p1a: Chi-Yu|Beads of Ruin\n|-enditem|p2a: Iron Bundle|Booster Energy\n|-activate|p2a: Iron Bundle|ability: Quark Drive|[fromitem]\n|-start|p2a: Iron Bundle|quarkdrivespe\n|turn|1\n|\n|t:|1681959169\n|detailschange|p1b: Palafin|Palafin-Hero, L50, F\n|switch|p1b: Dragonite|Dragonite, L50, M|100\/100\n|move|p2a: Iron Bundle|Freeze-Dry|p1b: Dragonite\n|-supereffective|p1b: Dragonite\n|-damage|p1b: Dragonite|0 fnt\n|faint|p1b: Dragonite\n|move|p2b: Flutter Mane|Dazzling Gleam|p1a: Chi-Yu\n|-damage|p1a: Chi-Yu|53\/100\n|-damage|p2b: Flutter Mane|91\/100|[from] item: Life Orb\n|move|p1a: Chi-Yu|Snarl|p2a: Iron Bundle|[spread] p2a,p2b\n|-damage|p2a: Iron Bundle|39\/100\n|-damage|p2b: Flutter Mane|58\/100\n|-unboost|p2a: Iron Bundle|spa|1\n|-unboost|p2b: Flutter Mane|spa|1\n|\n|upkeep\n|\n|t:|1681959216\n|switch|p1b: Palafin|Palafin-Hero, L50, F|100\/100\n|-activate|p1b: Palafin|ability: Zero to Hero\n|turn|2\n|\n|t:|1681959224\n|-end|p2b: Flutter Mane|Protosynthesis|[silent]\n|switch|p2b: Amoonguss|Amoonguss, L50, M|100\/100\n|-terastallize|p1b: Palafin|Water\n|move|p1b: Palafin|Jet Punch|p2b: Amoonguss\n|-resisted|p2b: Amoonguss\n|-damage|p2b: Amoonguss|80\/100\n|move|p2a: Iron Bundle|Hydro Pump|p1a: Chi-Yu\n|-supereffective|p1a: Chi-Yu\n|-damage|p1a: Chi-Yu|0 fnt\n|faint|p1a: Chi-Yu\n|\n|upkeep\n|\n|t:|1681959234\n|switch|p1a: Glimmora|Glimmora, L50, F|100\/100\n|turn|3\n|\n|t:|1681959288\n|-end|p2a: Iron Bundle|Quark Drive|[silent]\n|switch|p2a: Talonflame|Talonflame, L50, F|100\/100\n|move|p1b: Palafin|Jet Punch|p2a: Talonflame\n|-supereffective|p2a: Talonflame\n|-enditem|p2a: Talonflame|Focus Sash\n|-damage|p2a: Talonflame|1\/100\n|move|p1a: Glimmora|Earth Power|p2b: Amoonguss\n|-damage|p2b: Amoonguss|54\/100\n|move|p2b: Amoonguss|Spore|p1a: Glimmora\n|-status|p1a: Glimmora|slp|[from] move: Spore\n|\n|upkeep\n|turn|4\n|\n|t:|1681959310\n|move|p1b: Palafin|Protect|p1b: Palafin\n|-singleturn|p1b: Palafin|Protect\n|cant|p1a: Glimmora|slp\n|move|p2a: Talonflame|Heat Wave|p1b: Palafin|[spread] p1a\n|-activate|p1b: Palafin|move: Protect\n|-resisted|p1a: Glimmora\n|-damage|p1a: Glimmora|88\/100 slp\n|move|p2b: Amoonguss|Spore|p1b: Palafin\n|-activate|p1b: Palafin|move: Protect\n|\n|upkeep\n|turn|5\n|\n|t:|1681959354\n|move|p2a: Talonflame|Heat Wave|p1b: Palafin|[spread] p1a,p1b\n|-resisted|p1a: Glimmora\n|-resisted|p1b: Palafin\n|-damage|p1a: Glimmora|75\/100 slp\n|-damage|p1b: Palafin|90\/100\n|move|p1b: Palafin|Wave Crash|p2b: Amoonguss\n|-resisted|p2b: Amoonguss\n|-damage|p2b: Amoonguss|14\/100\n|-enditem|p2b: Amoonguss|Sitrus Berry|[eat]\n|-heal|p2b: Amoonguss|39\/100|[from] item: Sitrus Berry\n|-damage|p1b: Palafin|73\/100|[from] Recoil\n|cant|p1a: Glimmora|slp\n|move|p2b: Amoonguss|Spore|p1b: Palafin\n|-activate|p1b: Palafin|item: Safety Goggles|Spore\n|\n|upkeep\n|turn|6\n|\n|t:|1681959377\n|move|p1b: Palafin|Jet Punch|p2a: Talonflame\n|-supereffective|p2a: Talonflame\n|-damage|p2a: Talonflame|0 fnt\n|faint|p2a: Talonflame\n|cant|p1a: Glimmora|slp\n|move|p2b: Amoonguss|Spore|p1a: Glimmora\n|-fail|p1a: Glimmora|slp\n|\n|upkeep\n|\n|t:|1681959405\n|switch|p2a: Iron Bundle|Iron Bundle, L50|39\/100\n|turn|7\n|\n|t:|1681959424\n|-curestatus|p1a: Glimmora|slp|[msg]\n|move|p1a: Glimmora|Spiky Shield|p1a: Glimmora\n|-singleturn|p1a: Glimmora|move: Protect\n|move|p1b: Palafin|Jet Punch|p2a: Iron Bundle\n|-resisted|p2a: Iron Bundle\n|-damage|p2a: Iron Bundle|9\/100\n|move|p2a: Iron Bundle|Hydro Pump|p1a: Glimmora\n|-activate|p1a: Glimmora|move: Protect\n|move|p2b: Amoonguss|Pollen Puff|p2a: Iron Bundle\n|-heal|p2a: Iron Bundle|59\/100\n|\n|upkeep\n|turn|8\n|\n|t:|1681959458\n|move|p2b: Amoonguss|Rage Powder|p2b: Amoonguss\n|-singleturn|p2b: Amoonguss|move: Rage Powder\n|move|p2a: Iron Bundle|Hydro Pump|p1a: Glimmora\n|-supereffective|p1a: Glimmora\n|-damage|p1a: Glimmora|0 fnt\n|faint|p1a: Glimmora\n|move|p1b: Palafin|Wave Crash|p2a: Iron Bundle\n|-resisted|p2a: Iron Bundle\n|-damage|p2a: Iron Bundle|0 fnt\n|faint|p2a: Iron Bundle\n|-end|p2a: Iron Bundle|Quark Drive|[silent]\n|-damage|p1b: Palafin|59\/100|[from] Recoil\n|\n|upkeep\n|\n|t:|1681959467\n|switch|p2a: Flutter Mane|Flutter Mane, L50|58\/100\n|turn|9\n|\n|t:|1681959492\n|move|p2a: Flutter Mane|Protect|p2a: Flutter Mane\n|-singleturn|p2a: Flutter Mane|Protect\n|move|p1b: Palafin|Jet Punch|p2a: Flutter Mane\n|-activate|p2a: Flutter Mane|move: Protect\n|move|p2b: Amoonguss|Pollen Puff|p1b: Palafin\n|-damage|p1b: Palafin|38\/100\n|\n|upkeep\n|turn|10\n|\n|t:|1681959524\n|move|p2a: Flutter Mane|Protect||[still]\n|-fail|p2a: Flutter Mane\n|move|p1b: Palafin|Jet Punch|p2a: Flutter Mane\n|-damage|p2a: Flutter Mane|0 fnt\n|faint|p2a: Flutter Mane\n|-end|p2a: Flutter Mane|Protosynthesis|[silent]\n|move|p2b: Amoonguss|Pollen Puff|p1b: Palafin\n|-damage|p1b: Palafin|17\/100\n|\n|upkeep\n|turn|11\n|\n|t:|1681959538\n|move|p1b: Palafin|Wave Crash|p2b: Amoonguss\n|-resisted|p2b: Amoonguss\n|-damage|p2b: Amoonguss|0 fnt\n|faint|p2b: Amoonguss\n|-damage|p1b: Palafin|1\/100|[from] Recoil\n|\n|win|darlingtonia\n","uploadtime":1681959546,"views":3,"p1id":"darlingtonia","p2id":"modernneesh","formatid":"gen9vgc2023regulationc","rating":0,"private":0,"password":""}