{"id":"gen9vgc2023regulationc-1854935617","p1":"nic94","p2":"Thossq","format":"[Gen 9] VGC 2023 Regulation C","log":"|j|\u2606nic94\n|j|\u2606Thossq\n|t:|1682882541\n|gametype|doubles\n|player|p1|nic94|2|1054\n|player|p2|Thossq|sabrina|1046\n|teamsize|p1|6\n|teamsize|p2|6\n|gen|9\n|tier|[Gen 9] VGC 2023 Regulation C\n|rated|\n|rule|Species Clause: Limit one of each Pok\u00e9mon\n|rule|Item Clause: Limit one of each item\n|clearpoke\n|poke|p1|Gholdengo, L50|\n|poke|p1|Torkoal, L50, F|\n|poke|p1|Amoonguss, L50, M|\n|poke|p1|Iron Bundle, L50|\n|poke|p1|Arcanine, L50, F|\n|poke|p1|Gastrodon, L50, F|\n|poke|p2|Cetitan, L50, M|\n|poke|p2|Kingambit, L50, F|\n|poke|p2|Indeedee-F, L50, F|\n|poke|p2|Abomasnow, L50, M|\n|poke|p2|Armarouge, L50, M|\n|poke|p2|Maushold, L50|\n|teampreview|4\n|inactive|Battle timer is ON: inactive players will automatically lose when time's up. (requested by nic94)\n|inactive|Thossq has 60 seconds left.\n|\n|t:|1682882614\n|start\n|switch|p1a: Iron Bundle|Iron Bundle, L50|100\/100\n|switch|p1b: Arcanine|Arcanine, L50, F|100\/100\n|switch|p2a: Abomasnow|Abomasnow, L50, M|100\/100\n|switch|p2b: Indeedee|Indeedee-F, L50, F|100\/100\n|-ability|p1b: Arcanine|Intimidate|boost\n|-unboost|p2a: Abomasnow|atk|1\n|-unboost|p2b: Indeedee|atk|1\n|-fieldstart|move: Psychic Terrain|[from] ability: Psychic Surge|[of] p2b: Indeedee\n|-weather|Snow|[from] ability: Snow Warning|[of] p2a: Abomasnow\n|-enditem|p1a: Iron Bundle|Booster Energy\n|-activate|p1a: Iron Bundle|ability: Quark Drive|[fromitem]\n|-start|p1a: Iron Bundle|quarkdrivespe\n|turn|1\n|\n|t:|1682882636\n|move|p2b: Indeedee|Follow Me|p2b: Indeedee\n|-singleturn|p2b: Indeedee|move: Follow Me\n|move|p1a: Iron Bundle|U-turn|p2b: Indeedee\n|-supereffective|p2b: Indeedee\n|-damage|p2b: Indeedee|65\/100\n|\n|t:|1682882641\n|-end|p1a: Iron Bundle|Quark Drive|[silent]\n|switch|p1a: Gastrodon|Gastrodon, L50, F|100\/100|[from] U-turn\n|move|p1b: Arcanine|Flare Blitz|p2b: Indeedee\n|-damage|p2b: Indeedee|0 fnt\n|faint|p2b: Indeedee\n|-damage|p1b: Arcanine|81\/100|[from] Recoil\n|move|p2a: Abomasnow|Aurora Veil|p2a: Abomasnow\n|-sidestart|p2: Thossq|move: Aurora Veil\n|\n|-weather|Snow|[upkeep]\n|upkeep\n|inactive|Thossq has 30 seconds left.\n|\n|t:|1682882668\n|switch|p2b: Maushold|Maushold, L50|100\/100\n|turn|2\n|inactive|Thossq has 30 seconds left.\n|\n|t:|1682882693\n|-terastallize|p2a: Abomasnow|Water\n|move|p2b: Maushold|Charm|p1b: Arcanine\n|-unboost|p1b: Arcanine|atk|2\n|move|p1b: Arcanine|Flare Blitz|p2a: Abomasnow\n|-resisted|p2a: Abomasnow\n|-damage|p2a: Abomasnow|93\/100\n|-status|p2a: Abomasnow|brn\n|-damage|p1b: Arcanine|79\/100|[from] Recoil\n|move|p2a: Abomasnow|Giga Drain|p1a: Gastrodon\n|-supereffective|p1a: Gastrodon\n|-damage|p1a: Gastrodon|18\/100\n|-heal|p2a: Abomasnow|100\/100 brn|[from] drain|[of] p1a: Gastrodon\n|-enditem|p1a: Gastrodon|Sitrus Berry|[eat]\n|-heal|p1a: Gastrodon|43\/100|[from] item: Sitrus Berry\n|move|p1a: Gastrodon|Icy Wind|p2b: Maushold|[spread] p2a,p2b\n|-resisted|p2a: Abomasnow\n|-damage|p2a: Abomasnow|98\/100 brn\n|-damage|p2b: Maushold|92\/100\n|-unboost|p2a: Abomasnow|spe|1\n|-unboost|p2b: Maushold|spe|1\n|\n|-weather|Snow|[upkeep]\n|-damage|p2a: Abomasnow|92\/100 brn|[from] brn\n|upkeep\n|turn|3\n|inactive|nic94 has 30 seconds left.\n|inactive|Thossq has 30 seconds left.\n|inactive|nic94 has 20 seconds left.\n|inactive|nic94 has 15 seconds left.\n|inactive|Thossq has 20 seconds left.\n|inactive|Thossq has 15 seconds left.\n|\n|t:|1682882739\n|move|p1b: Arcanine|Protect|p1b: Arcanine\n|-singleturn|p1b: Arcanine|Protect\n|move|p2b: Maushold|Follow Me|p2b: Maushold\n|-singleturn|p2b: Maushold|move: Follow Me\n|move|p2a: Abomasnow|Giga Drain|p1a: Gastrodon\n|-supereffective|p1a: Gastrodon\n|-damage|p1a: Gastrodon|0 fnt\n|-heal|p2a: Abomasnow|100\/100 brn|[from] drain|[of] p1a: Gastrodon\n|faint|p1a: Gastrodon\n|\n|-weather|Snow|[upkeep]\n|-damage|p2a: Abomasnow|94\/100 brn|[from] brn\n|upkeep\n|\n|t:|1682882748\n|switch|p1a: Iron Bundle|Iron Bundle, L50|100\/100\n|turn|4\n|inactive|Thossq has 30 seconds left.\n|inactive|Thossq has 20 seconds left.\n|inactive|Thossq has 15 seconds left.\n|\n|t:|1682882788\n|switch|p1b: Gholdengo|Gholdengo, L50|100\/100\n|-terastallize|p1a: Iron Bundle|Ice\n|move|p1a: Iron Bundle|Freeze-Dry|p2a: Abomasnow\n|-supereffective|p2a: Abomasnow\n|-crit|p2a: Abomasnow\n|-damage|p2a: Abomasnow|29\/100 brn\n|move|p2b: Maushold|Population Bomb|p1b: Gholdengo\n|-immune|p1b: Gholdengo\n|move|p2a: Abomasnow|Giga Drain|p1a: Iron Bundle\n|-damage|p1a: Iron Bundle|58\/100\n|-heal|p2a: Abomasnow|47\/100 brn|[from] drain|[of] p1a: Iron Bundle\n|\n|-weather|Snow|[upkeep]\n|-damage|p2a: Abomasnow|41\/100 brn|[from] brn\n|upkeep\n|turn|5\n|inactive|nic94 has 30 seconds left.\n|inactive|Thossq has 30 seconds left.\n|inactive|nic94 has 20 seconds left.\n|inactive|Thossq has 20 seconds left.\n|inactive|nic94 has 15 seconds left.\n|inactive|Thossq has 15 seconds left.\n|\n|t:|1682882831\n|move|p1a: Iron Bundle|Freeze-Dry|p2a: Abomasnow\n|-supereffective|p2a: Abomasnow\n|-damage|p2a: Abomasnow|6\/100 brn\n|move|p1b: Gholdengo|Make It Rain|p2a: Abomasnow|[spread] p2a,p2b\n|-resisted|p2a: Abomasnow\n|-damage|p2a: Abomasnow|0 fnt\n|-damage|p2b: Maushold|29\/100\n|-unboost|p1b: Gholdengo|spa|1\n|faint|p2a: Abomasnow\n|-damage|p1b: Gholdengo|91\/100|[from] item: Life Orb\n|move|p2b: Maushold|Encore|p1a: Iron Bundle\n|-start|p1a: Iron Bundle|Encore\n|\n|-weather|Snow|[upkeep]\n|-sideend|p2: Thossq|move: Aurora Veil\n|-fieldend|move: Psychic Terrain\n|upkeep\n|\n|t:|1682882844\n|switch|p2a: Armarouge|Armarouge, L50, M|100\/100\n|turn|6\n|inactive|nic94 has 30 seconds left.\n|\n|t:|1682882877\n|-end|p1a: Iron Bundle|Quark Drive|[silent]\n|switch|p1a: Arcanine|Arcanine, L50, F|79\/100\n|-ability|p1a: Arcanine|Intimidate|boost\n|-unboost|p2a: Armarouge|atk|1\n|-unboost|p2b: Maushold|atk|1\n|move|p2a: Armarouge|Protect|p2a: Armarouge\n|-singleturn|p2a: Armarouge|Protect\n|move|p1b: Gholdengo|Shadow Ball|p2a: Armarouge\n|-activate|p2a: Armarouge|move: Protect\n|move|p2b: Maushold|Population Bomb|p1a: Arcanine\n|-damage|p1a: Arcanine|74\/100\n|-damage|p1a: Arcanine|68\/100\n|-damage|p1a: Arcanine|62\/100\n|-hitcount|p1a: Arcanine|3\n|\n|-weather|Snow|[upkeep]\n|upkeep\n|turn|7\n|inactive|Thossq has 30 seconds left.\n|\n|t:|1682882903\n|move|p2b: Maushold|Follow Me|p2b: Maushold\n|-singleturn|p2b: Maushold|move: Follow Me\n|move|p1b: Gholdengo|Shadow Ball|p2b: Maushold\n|-immune|p2b: Maushold\n|move|p1a: Arcanine|Flare Blitz|p2b: Maushold\n|-damage|p2b: Maushold|0 fnt\n|faint|p2b: Maushold\n|-damage|p1a: Arcanine|55\/100|[from] Recoil\n|move|p2a: Armarouge|Trick Room|p2a: Armarouge\n|-fieldstart|move: Trick Room|[of] p2a: Armarouge\n|\n|-weather|Snow|[upkeep]\n|upkeep\n|turn|8\n|inactive|Thossq has 30 seconds left.\n|\n|t:|1682882937\n|switch|p1a: Iron Bundle|Iron Bundle, L50, tera:Ice|58\/100\n|move|p2a: Armarouge|Armor Cannon|p1b: Gholdengo\n|-supereffective|p1b: Gholdengo\n|-damage|p1b: Gholdengo|0 fnt\n|-unboost|p2a: Armarouge|def|1\n|-unboost|p2a: Armarouge|spd|1\n|faint|p1b: Gholdengo\n|-damage|p2a: Armarouge|91\/100|[from] item: Life Orb\n|\n|-weather|none\n|upkeep\n|\n|t:|1682882945\n|switch|p1b: Arcanine|Arcanine, L50, F|55\/100\n|-ability|p1b: Arcanine|Intimidate|boost\n|-unboost|p2a: Armarouge|atk|1\n|turn|9\n|inactive|Thossq has 30 seconds left.\n|\n|t:|1682882980\n|move|p1b: Arcanine|Protect|p1b: Arcanine\n|-singleturn|p1b: Arcanine|Protect\n|move|p2a: Armarouge|Expanding Force|p1a: Iron Bundle\n|-damage|p1a: Iron Bundle|0 fnt\n|faint|p1a: Iron Bundle\n|-end|p1a: Iron Bundle|Quark Drive|[silent]\n|-damage|p2a: Armarouge|81\/100|[from] item: Life Orb\n|\n|upkeep\n|turn|10\n|\n|t:|1682882992\n|move|p2a: Armarouge|Expanding Force|p1b: Arcanine\n|-damage|p1b: Arcanine|9\/100\n|-damage|p2a: Armarouge|71\/100|[from] item: Life Orb\n|move|p1b: Arcanine|Flare Blitz|p2a: Armarouge\n|-start|p2a: Armarouge|ability: Flash Fire\n|\n|upkeep\n|turn|11\n|-message|nic94 forfeited.\n|\n|win|Thossq\n|raw|nic94's rating: 1054 → 1035<\/strong> (-19 for losing)\n|raw|Thossq's rating: 1046 → 1080<\/strong> (+34 for winning)\n|l|\u2606nic94\n|c|\u2606Thossq|gg\n","uploadtime":1682883008,"views":5,"p1id":"nic94","p2id":"thossq","formatid":"gen9vgc2023regulationc","rating":1035,"private":0,"password":""}