{"id":"gen9vgc2023regulationc-1860682703","p1":"Bricclow","p2":"Deymoxxone","format":"[Gen 9] VGC 2023 Regulation C","log":"|j|\u2606Bricclow\n|j|\u2606Deymoxxone\n|t:|1683665808\n|gametype|doubles\n|player|p1|Bricclow|101|1115\n|player|p2|Deymoxxone|102|1063\n|teamsize|p1|6\n|teamsize|p2|6\n|gen|9\n|tier|[Gen 9] VGC 2023 Regulation C\n|rated|\n|rule|Species Clause: Limit one of each Pok\u00e9mon\n|rule|Item Clause: Limit one of each item\n|clearpoke\n|poke|p1|Cyclizar, L50, M|\n|poke|p1|Talonflame, L50, M|\n|poke|p1|Gastrodon-East, L50, M|\n|poke|p1|Flutter Mane, L50|\n|poke|p1|Eelektross, L50, F|\n|poke|p1|Kingambit, L50, M|\n|poke|p2|Abomasnow, L50, M|\n|poke|p2|Flutter Mane, L50|\n|poke|p2|Indeedee-F, L50, F|\n|poke|p2|Hawlucha, L50, F|\n|poke|p2|Arcanine, L50, F|\n|poke|p2|Tyranitar, L50, M|\n|teampreview|4\n|inactive|Battle timer is ON: inactive players will automatically lose when time's up. (requested by Deymoxxone)\n|\n|t:|1683665880\n|start\n|switch|p1a: Cyclizar|Cyclizar, L50, M|100\/100\n|switch|p1b: Flutter Mane|Flutter Mane, L50|100\/100\n|switch|p2a: Nieves|Abomasnow, L50, M, shiny|100\/100\n|switch|p2b: Octagon|Hawlucha, L50, F, shiny|100\/100\n|-weather|Snow|[from] ability: Snow Warning|[of] p2a: Nieves\n|-enditem|p1b: Flutter Mane|Booster Energy\n|-activate|p1b: Flutter Mane|ability: Protosynthesis|[fromitem]\n|-start|p1b: Flutter Mane|protosynthesisspe\n|turn|1\n|inactive|Bricclow has 30 seconds left.\n|inactive|Deymoxxone has 30 seconds left.\n|inactive|Bricclow has 20 seconds left.\n|inactive|Deymoxxone has 20 seconds left.\n|inactive|Deymoxxone has 15 seconds left.\n|inactive|Deymoxxone has 10 seconds left.\n|\n|t:|1683665929\n|-terastallize|p1a: Cyclizar|Ghost\n|move|p2b: Octagon|Protect|p2b: Octagon\n|-singleturn|p2b: Octagon|Protect\n|move|p1b: Flutter Mane|Dazzling Gleam|p2a: Nieves|[spread] p2a\n|-activate|p2b: Octagon|move: Protect\n|-damage|p2a: Nieves|68\/100\n|move|p1a: Cyclizar|Breaking Swipe|p2a: Nieves|[spread] p2a\n|-activate|p2b: Octagon|move: Protect\n|-damage|p2a: Nieves|57\/100\n|-unboost|p2a: Nieves|atk|1\n|move|p2a: Nieves|Aurora Veil|p2a: Nieves\n|-sidestart|p2: Deymoxxone|move: Aurora Veil\n|\n|-weather|Snow|[upkeep]\n|upkeep\n|turn|2\n|inactive|Deymoxxone has 30 seconds left.\n|inactive|Deymoxxone has 20 seconds left.\n|inactive|Deymoxxone has 15 seconds left.\n|inactive|Deymoxxone has 10 seconds left.\n|inactive|Deymoxxone has 5 seconds left.\n|\n|t:|1683665983\n|-terastallize|p2b: Octagon|Ice\n|move|p1b: Flutter Mane|Dazzling Gleam|p2a: Nieves|[spread] p2a,p2b\n|-damage|p2a: Nieves|36\/100\n|-damage|p2b: Octagon|68\/100\n|move|p1a: Cyclizar|Breaking Swipe|p2b: Octagon|[spread] p2a,p2b\n|-damage|p2a: Nieves|28\/100\n|-damage|p2b: Octagon|60\/100\n|-unboost|p2a: Nieves|atk|1\n|-unboost|p2b: Octagon|atk|1\n|move|p2b: Octagon|Close Combat|p1a: Cyclizar\n|-immune|p1a: Cyclizar\n|move|p2a: Nieves|Blizzard|p1a: Cyclizar|[spread] p1a,p1b\n|-damage|p1a: Cyclizar|46\/100\n|-damage|p1b: Flutter Mane|61\/100\n|-enditem|p1a: Cyclizar|Sitrus Berry|[eat]\n|-heal|p1a: Cyclizar|71\/100|[from] item: Sitrus Berry\n|\n|-weather|Snow|[upkeep]\n|upkeep\n|turn|3\n|inactive|Bricclow has 30 seconds left.\n|inactive|Deymoxxone has 30 seconds left.\n|inactive|Bricclow has 20 seconds left.\n|\n|t:|1683666020\n|switch|p2b: Tales|Indeedee-F, L50, F|100\/100\n|-fieldstart|move: Psychic Terrain|[from] ability: Psychic Surge|[of] p2b: Tales\n|move|p1b: Flutter Mane|Dazzling Gleam|p2b: Tales|[spread] p2a,p2b\n|-damage|p2a: Nieves|7\/100\n|-damage|p2b: Tales|82\/100\n|move|p1a: Cyclizar|Breaking Swipe|p2a: Nieves|[spread] p2a,p2b\n|-damage|p2a: Nieves|0 fnt\n|-damage|p2b: Tales|71\/100\n|-unboost|p2b: Tales|atk|1\n|faint|p2a: Nieves\n|\n|-weather|Snow|[upkeep]\n|upkeep\n|\n|t:|1683666035\n|switch|p2a: Octagon|Hawlucha, L50, F, shiny, tera:Ice|60\/100\n|-enditem|p2a: Octagon|Psychic Seed\n|-boost|p2a: Octagon|spd|1|[from] item: Psychic Seed\n|turn|4\n|\n|t:|1683666049\n|move|p1b: Flutter Mane|Protect|p1b: Flutter Mane\n|-singleturn|p1b: Flutter Mane|Protect\n|move|p2a: Octagon|Acrobatics|p1b: Flutter Mane\n|-activate|p1b: Flutter Mane|move: Protect\n|move|p1a: Cyclizar|Ice Spinner|p2b: Tales\n|-damage|p2b: Tales|56\/100\n|-fieldend|move: Psychic Terrain\n|move|p2b: Tales|Trick Room|p2b: Tales\n|-fieldstart|move: Trick Room|[of] p2b: Tales\n|\n|-weather|Snow|[upkeep]\n|upkeep\n|turn|5\n|inactive|Bricclow has 30 seconds left.\n|inactive|Deymoxxone has 30 seconds left.\n|\n|t:|1683666085\n|move|p2b: Tales|Psychic|p1a: Cyclizar\n|-damage|p1a: Cyclizar|28\/100\n|move|p1a: Cyclizar|Breaking Swipe|p2b: Tales|[spread] p2a,p2b\n|-damage|p2a: Octagon|51\/100\n|-damage|p2b: Tales|46\/100\n|-unboost|p2a: Octagon|atk|1\n|-unboost|p2b: Tales|atk|1\n|move|p2a: Octagon|Acrobatics|p1b: Flutter Mane\n|-damage|p1b: Flutter Mane|0 fnt\n|faint|p1b: Flutter Mane\n|-end|p1b: Flutter Mane|Protosynthesis|[silent]\n|\n|-weather|none\n|-sideend|p2: Deymoxxone|move: Aurora Veil\n|upkeep\n|inactive|Bricclow has 30 seconds left.\n|\n|t:|1683666117\n|switch|p1b: Eelektross|Eelektross, L50, F, shiny|100\/100\n|turn|6\n|\n|t:|1683666141\n|move|p2a: Octagon|Protect|p2a: Octagon\n|-singleturn|p2a: Octagon|Protect\n|move|p1b: Eelektross|Drain Punch|p2a: Octagon\n|-activate|p2a: Octagon|move: Protect\n|move|p2b: Tales|Psychic|p1a: Cyclizar\n|-damage|p1a: Cyclizar|0 fnt\n|faint|p1a: Cyclizar\n|\n|upkeep\n|\n|t:|1683666143\n|switch|p1a: Kingambit|Kingambit, L50, M, shiny|100\/100\n|turn|7\n|\n|t:|1683666165\n|switch|p2a: Llorona|Flutter Mane, L50|100\/100\n|-enditem|p2a: Llorona|Booster Energy\n|-activate|p2a: Llorona|ability: Protosynthesis|[fromitem]\n|-start|p2a: Llorona|protosynthesisspa\n|move|p1a: Kingambit|Sucker Punch||[still]\n|-fail|p1a: Kingambit\n|move|p1b: Eelektross|Rock Slide|p2b: Tales|[spread] p2a\n|-miss|p1b: Eelektross|p2b: Tales\n|-damage|p2a: Llorona|73\/100\n|move|p2b: Tales|Psychic|p1b: Eelektross\n|-damage|p1b: Eelektross|81\/100\n|\n|upkeep\n|turn|8\n|\n|t:|1683666189\n|move|p2a: Llorona|Protect|p2a: Llorona\n|-singleturn|p2a: Llorona|Protect\n|move|p1a: Kingambit|Sucker Punch||[still]\n|-fail|p1a: Kingambit\n|move|p1b: Eelektross|Thunder Punch|p2b: Tales\n|-damage|p2b: Tales|5\/100\n|move|p2b: Tales|Psychic|p1b: Eelektross\n|-damage|p1b: Eelektross|60\/100\n|\n|-fieldend|move: Trick Room\n|upkeep\n|turn|9\n|inactive|Deymoxxone has 30 seconds left.\n|\n|t:|1683666214\n|move|p2b: Tales|Protect|p2b: Tales\n|-singleturn|p2b: Tales|Protect\n|move|p1a: Kingambit|Sucker Punch||[still]\n|-fail|p1a: Kingambit\n|move|p2a: Llorona|Substitute|p2a: Llorona\n|-start|p2a: Llorona|Substitute\n|-damage|p2a: Llorona|49\/100\n|move|p1b: Eelektross|Rock Slide|p2a: Llorona|[spread] p2a\n|-activate|p2b: Tales|move: Protect\n|-end|p2a: Llorona|Substitute\n|\n|upkeep\n|turn|10\n|inactive|Deymoxxone has 30 seconds left.\n|\n|t:|1683666244\n|move|p2b: Tales|Follow Me|p2b: Tales\n|-singleturn|p2b: Tales|move: Follow Me\n|move|p1a: Kingambit|Sucker Punch||[still]\n|-fail|p1a: Kingambit\n|move|p2a: Llorona|Moonblast|p1b: Eelektross\n|-damage|p1b: Eelektross|18\/100\n|move|p1b: Eelektross|Rock Slide|p2a: Llorona|[spread] p2a,p2b\n|-damage|p2a: Llorona|25\/100\n|-damage|p2b: Tales|0 fnt\n|faint|p2b: Tales\n|\n|upkeep\n|\n|t:|1683666257\n|switch|p2b: Octagon|Hawlucha, L50, F, shiny, tera:Ice|51\/100\n|turn|11\n|\n|t:|1683666268\n|move|p1a: Kingambit|Sucker Punch||[still]\n|-fail|p1a: Kingambit\n|move|p2a: Llorona|Moonblast|p1b: Eelektross\n|-damage|p1b: Eelektross|0 fnt\n|faint|p1b: Eelektross\n|move|p2b: Octagon|Swords Dance|p2b: Octagon\n|-boost|p2b: Octagon|atk|2\n|\n|upkeep\n|turn|12\n|inactive|Deymoxxone has 30 seconds left.\n|inactive|Deymoxxone has 20 seconds left.\n|\n|t:|1683666306\n|move|p1a: Kingambit|Sucker Punch|p2b: Octagon\n|-damage|p2b: Octagon|0 fnt\n|faint|p2b: Octagon\n|-damage|p1a: Kingambit|91\/100|[from] item: Life Orb\n|move|p2a: Llorona|Moonblast|p1a: Kingambit\n|-damage|p1a: Kingambit|32\/100\n|-unboost|p1a: Kingambit|spa|1\n|-ability|p1a: Kingambit|Defiant|boost\n|-boost|p1a: Kingambit|atk|2\n|\n|upkeep\n|turn|13\n|-message|Deymoxxone forfeited.\n|\n|win|Bricclow\n|raw|Bricclow's rating: 1115 → 1136<\/strong> (+21 for winning)\n|raw|Deymoxxone's rating: 1063 → 1046<\/strong> (-17 for losing)\n|l|\u2606Deymoxxone\n","uploadtime":1683666327,"views":15,"p1id":"bricclow","p2id":"deymoxxone","formatid":"gen9vgc2023regulationc","rating":1046,"private":0,"password":""}