{"id":"gen9vgc2023regulationc-1854099568","p1":"BrodaxVGC","p2":"We_Love_The_Gong","format":"[Gen 9] VGC 2023 Regulation C","log":"|j|\u2606BrodaxVGC\n|j|\u2606We_Love_The_Gong\n|t:|1682769090\n|gametype|doubles\n|player|p1|BrodaxVGC|1|1460\n|player|p2|We_Love_The_Gong|fantina|1473\n|teamsize|p1|6\n|teamsize|p2|6\n|gen|9\n|tier|[Gen 9] VGC 2023 Regulation C\n|rated|\n|rule|Species Clause: Limit one of each Pok\u00e9mon\n|rule|Item Clause: Limit one of each item\n|clearpoke\n|poke|p1|Chi-Yu, L50|\n|poke|p1|Flutter Mane, L50|\n|poke|p1|Iron Bundle, L50|\n|poke|p1|Amoonguss, L50, F|\n|poke|p1|Great Tusk, L50|\n|poke|p1|Talonflame, L50, M|\n|poke|p2|Indeedee-F, L50, F|\n|poke|p2|Ting-Lu, L50|\n|poke|p2|Gyarados, L50, F|\n|poke|p2|Flutter Mane, L50|\n|poke|p2|Baxcalibur, L50, M|\n|poke|p2|Armarouge, L50, F|\n|teampreview|4\nWe_Love_The_Gong has agreed to open team sheets.\n|inactive|Battle timer is ON: inactive players will automatically lose when time's up. (requested by BrodaxVGC)\n|inactive|We_Love_The_Gong has 60 seconds left.\n|\n|t:|1682769131\n|start\n|switch|p1a: Chi-Yu|Chi-Yu, L50|100\/100\n|switch|p1b: Iron Bundle|Iron Bundle, L50|100\/100\n|switch|p2a: Ting-Lu|Ting-Lu, L50|100\/100\n|switch|p2b: Baxcalibur|Baxcalibur, L50, M|100\/100\n|-ability|p1a: Chi-Yu|Beads of Ruin\n|-ability|p2a: Ting-Lu|Vessel of Ruin\n|-enditem|p1b: Iron Bundle|Booster Energy\n|-activate|p1b: Iron Bundle|ability: Quark Drive|[fromitem]\n|-start|p1b: Iron Bundle|quarkdrivespe\n|turn|1\n|j| raityangontyan\n|j| Mut-antVGC\n|inactive|BrodaxVGC has 30 seconds left.\n|\n|t:|1682769159\n|-terastallize|p1a: Chi-Yu|Grass\n|move|p2b: Baxcalibur|Protect|p2b: Baxcalibur\n|-singleturn|p2b: Baxcalibur|Protect\n|move|p1b: Iron Bundle|Icy Wind|p2a: Ting-Lu|[spread] p2a\n|-activate|p2b: Baxcalibur|move: Protect\n|-supereffective|p2a: Ting-Lu\n|-damage|p2a: Ting-Lu|80\/100\n|-unboost|p2a: Ting-Lu|spe|1\n|move|p1a: Chi-Yu|Nasty Plot|p1a: Chi-Yu\n|-boost|p1a: Chi-Yu|spa|2\n|move|p2a: Ting-Lu|Rock Slide|p1a: Chi-Yu|[spread] p1b\n|-miss|p2a: Ting-Lu|p1a: Chi-Yu\n|-supereffective|p1b: Iron Bundle\n|-damage|p1b: Iron Bundle|55\/100\n|\n|upkeep\n|turn|2\n|\n|t:|1682769180\n|move|p2b: Baxcalibur|Ice Shard|p1a: Chi-Yu\n|-supereffective|p1a: Chi-Yu\n|-damage|p1a: Chi-Yu|43\/100\n|move|p1b: Iron Bundle|Icy Wind|p2a: Ting-Lu|[spread] p2a,p2b\n|-supereffective|p2a: Ting-Lu\n|-damage|p2a: Ting-Lu|62\/100\n|-damage|p2b: Baxcalibur|84\/100\n|-unboost|p2a: Ting-Lu|spe|1\n|-unboost|p2b: Baxcalibur|spe|1\n|move|p1a: Chi-Yu|Heat Wave|p2b: Baxcalibur|[spread] p2a,p2b\n|-damage|p2a: Ting-Lu|11\/100\n|-damage|p2b: Baxcalibur|2\/100\n|-ability|p2b: Baxcalibur|Thermal Exchange|boost\n|-boost|p2b: Baxcalibur|atk|1\n|-damage|p1a: Chi-Yu|33\/100|[from] item: Life Orb\n|move|p2a: Ting-Lu|Heavy Slam|p1b: Iron Bundle\n|-damage|p1b: Iron Bundle|10\/100\n|\n|upkeep\n|turn|3\n|inactive|We_Love_The_Gong has 30 seconds left.\n|inactive|We_Love_The_Gong has 20 seconds left.\n|inactive|We_Love_The_Gong has 15 seconds left.\n|\n|t:|1682769224\n|move|p2b: Baxcalibur|Ice Shard|p1b: Iron Bundle\n|-resisted|p1b: Iron Bundle\n|-damage|p1b: Iron Bundle|0 fnt\n|faint|p1b: Iron Bundle\n|-end|p1b: Iron Bundle|Quark Drive|[silent]\n|move|p1a: Chi-Yu|Heat Wave|p2b: Baxcalibur|[spread] p2a,p2b\n|-damage|p2a: Ting-Lu|0 fnt\n|-damage|p2b: Baxcalibur|0 fnt\n|faint|p2a: Ting-Lu\n|faint|p2b: Baxcalibur\n|-damage|p1a: Chi-Yu|23\/100|[from] item: Life Orb\n|\n|upkeep\n|\n|t:|1682769236\n|switch|p1b: Flutter Mane|Flutter Mane, L50|100\/100\n|switch|p2b: Flutter Mane|Flutter Mane, L50|100\/100\n|switch|p2a: Gyarados|Gyarados, L50, F|100\/100\n|-ability|p2a: Gyarados|Intimidate|boost\n|-unboost|p1a: Chi-Yu|atk|1\n|-unboost|p1b: Flutter Mane|atk|1\n|turn|4\n|\n|t:|1682769252\n|-terastallize|p2b: Flutter Mane|Fairy\n|move|p1a: Chi-Yu|Protect|p1a: Chi-Yu\n|-singleturn|p1a: Chi-Yu|Protect\n|move|p2b: Flutter Mane|Shadow Ball|p1a: Chi-Yu\n|-activate|p1a: Chi-Yu|move: Protect\n|move|p2a: Gyarados|Thunder Wave|p1b: Flutter Mane\n|-status|p1b: Flutter Mane|par\n|move|p1b: Flutter Mane|Trick Room|p1b: Flutter Mane\n|-fieldstart|move: Trick Room|[of] p1b: Flutter Mane\n|\n|upkeep\n|turn|5\n|inactive|BrodaxVGC has 30 seconds left.\n|\n|t:|1682769281\n|move|p1b: Flutter Mane|Shadow Ball|p2a: Gyarados\n|-damage|p2a: Gyarados|56\/100\n|move|p2a: Gyarados|Thunder Wave|p2b: Flutter Mane\n|-status|p2b: Flutter Mane|par\n|cant|p2b: Flutter Mane|par\n|move|p1a: Chi-Yu|Dark Pulse|p2a: Gyarados\n|-damage|p2a: Gyarados|0 fnt\n|faint|p2a: Gyarados\n|-damage|p1a: Chi-Yu|14\/100|[from] item: Life Orb\n|\n|upkeep\n|turn|6\n|c|\u2606We_Love_The_Gong|hahahha\n|c|\u2606We_Love_The_Gong|gg\n|c|\u2606We_Love_The_Gong|i love closed team sheet\\\n|inactive|BrodaxVGC has 30 seconds left.\n|\n|t:|1682769307\n|move|p1a: Chi-Yu|Protect|p1a: Chi-Yu\n|-singleturn|p1a: Chi-Yu|Protect\n|move|p2b: Flutter Mane|Shadow Ball|p1b: Flutter Mane\n|-supereffective|p1b: Flutter Mane\n|-enditem|p1b: Flutter Mane|Focus Sash\n|-damage|p1b: Flutter Mane|1\/100 par\n|move|p1b: Flutter Mane|Trick Room|p1b: Flutter Mane\n|-fieldend|move: Trick Room\n|\n|upkeep\n|turn|7\n|\n|t:|1682769324\n|move|p1a: Chi-Yu|Heat Wave|p2b: Flutter Mane|[miss]\n|-miss|p1a: Chi-Yu|p2b: Flutter Mane\n|cant|p1b: Flutter Mane|par\n|move|p2b: Flutter Mane|Shadow Ball|p1a: Chi-Yu\n|-damage|p1a: Chi-Yu|0 fnt\n|faint|p1a: Chi-Yu\n|\n|upkeep\n|\n|t:|1682769329\n|switch|p1a: Great Tusk|Great Tusk, L50, shiny|100\/100\n|turn|8\n|\n|t:|1682769342\n|move|p1a: Great Tusk|Iron Head|p2b: Flutter Mane\n|-supereffective|p2b: Flutter Mane\n|-crit|p2b: Flutter Mane\n|-damage|p2b: Flutter Mane|0 fnt\n|faint|p2b: Flutter Mane\n|-end|p2b: Flutter Mane|Protosynthesis|[silent]\n|\n|win|BrodaxVGC\n|raw|BrodaxVGC's rating: 1460 → 1481<\/strong> (+21 for winning)\n|raw|We_Love_The_Gong's rating: 1473 → 1452<\/strong> (-21 for losing)\n|c|\u2606We_Love_The_Gong|trick room flutter mane what a time to be alive\n|c| Mut-antVGC|average cts game\n","uploadtime":1682769347,"views":14,"p1id":"brodaxvgc","p2id":"welovethegong","formatid":"gen9vgc2023regulationc","rating":1452,"private":0,"password":""}