{"id":"gen9vgc2023regulationc-1847685905","p1":"LeafeonLou12","p2":"360pk","format":"[Gen 9] VGC 2023 Regulation C","log":"|j|\u2606LeafeonLou12\n|j|\u2606360pk\n|t:|1681992305\n|gametype|doubles\n|player|p1|LeafeonLou12|265|1358\n|player|p2|360pk|169|1325\n|teamsize|p1|6\n|teamsize|p2|6\n|gen|9\n|tier|[Gen 9] VGC 2023 Regulation C\n|rated|\n|rule|Species Clause: Limit one of each Pok\u00e9mon\n|rule|Item Clause: Limit one of each item\n|clearpoke\n|poke|p1|Rotom-Fan, L50|\n|poke|p1|Torkoal, L50, F|\n|poke|p1|Indeedee, L50, M|\n|poke|p1|Drifblim, L50, F|\n|poke|p1|Chi-Yu, L50|\n|poke|p1|Great Tusk, L50|\n|poke|p2|Palafin, L50, F|\n|poke|p2|Ting-Lu, L50|\n|poke|p2|Kingambit, L50, M|\n|poke|p2|Amoonguss, L50, F|\n|poke|p2|Arcanine, L50, F|\n|poke|p2|Flutter Mane, L50|\n|teampreview|4\n|\n|t:|1681992331\n|start\n|switch|p1a: Drifblim|Drifblim, L50, F|100\/100\n|switch|p1b: Indeedee|Indeedee, L50, M|100\/100\n|switch|p2a: ChiYu|Arcanine, L50, F|100\/100\n|switch|p2b: Mimi|Flutter Mane, L50|100\/100\n|-fieldstart|move: Psychic Terrain|[from] ability: Psychic Surge|[of] p1b: Indeedee\n|-enditem|p1a: Drifblim|Psychic Seed\n|-boost|p1a: Drifblim|spd|1|[from] item: Psychic Seed\n|-ability|p2a: ChiYu|Intimidate|boost\n|-unboost|p1a: Drifblim|atk|1\n|-unboost|p1b: Indeedee|atk|1\n|-enditem|p2b: Mimi|Booster Energy\n|-activate|p2b: Mimi|ability: Protosynthesis|[fromitem]\n|-start|p2b: Mimi|protosynthesisspa\n|turn|1\n|\n|t:|1681992360\n|switch|p2a: Kingambit|Kingambit, L50, M|100\/100\n|move|p2b: Mimi|Protect|p2b: Mimi\n|-singleturn|p2b: Mimi|Protect\n|move|p1a: Drifblim|Acrobatics|p2b: Mimi\n|-activate|p2b: Mimi|move: Protect\n|move|p1b: Indeedee|Psychic|p2b: Mimi\n|-activate|p2b: Mimi|move: Protect\n|\n|upkeep\n|turn|2\n|inactive|Battle timer is ON: inactive players will automatically lose when time's up. (requested by 360pk)\n|\n|t:|1681992389\n|-terastallize|p1a: Drifblim|Normal\n|move|p1a: Drifblim|Acrobatics|p2b: Mimi\n|-damage|p2b: Mimi|58\/100\n|move|p1b: Indeedee|Psychic|p2b: Mimi\n|-damage|p2b: Mimi|7\/100\n|move|p2b: Mimi|Shadow Ball|p1a: Drifblim\n|-immune|p1a: Drifblim\n|move|p2a: Kingambit|Swords Dance|p2a: Kingambit\n|-boost|p2a: Kingambit|atk|2\n|\n|upkeep\n|turn|3\n|\n|t:|1681992404\n|move|p2b: Mimi|Protect|p2b: Mimi\n|-singleturn|p2b: Mimi|Protect\n|move|p1a: Drifblim|Haze|p1a: Drifblim\n|-clearallboost\n|move|p1b: Indeedee|Psychic|p2b: Mimi\n|-activate|p2b: Mimi|move: Protect\n|move|p2a: Kingambit|Kowtow Cleave|p1a: Drifblim\n|-damage|p1a: Drifblim|25\/100\n|\n|upkeep\n|turn|4\n|\n|t:|1681992421\n|switch|p1b: Great Tusk|Great Tusk, L50|100\/100\n|-end|p2b: Mimi|Protosynthesis|[silent]\n|switch|p2b: Ting-Lu|Ting-Lu, L50|100\/100\n|-ability|p2b: Ting-Lu|Vessel of Ruin\n|move|p1a: Drifblim|Acrobatics|p2b: Ting-Lu\n|-damage|p2b: Ting-Lu|73\/100\n|move|p2a: Kingambit|Kowtow Cleave|p1a: Drifblim\n|-damage|p1a: Drifblim|0 fnt\n|faint|p1a: Drifblim\n|\n|upkeep\n|\n|t:|1681992433\n|switch|p1a: Indeedee|Indeedee, L50, M|100\/100\n|turn|5\n|\n|t:|1681992440\n|switch|p1a: Rotom|Rotom-Fan, L50|100\/100\n|switch|p2b: ChiYu|Arcanine, L50, F|100\/100\n|-ability|p2b: ChiYu|Intimidate|boost\n|-unboost|p1a: Rotom|atk|1\n|-unboost|p1b: Great Tusk|atk|1\n|move|p2a: Kingambit|Protect|p2a: Kingambit\n|-singleturn|p2a: Kingambit|Protect\n|move|p1b: Great Tusk|Earthquake|p2a: Kingambit|[spread] p2b\n|-activate|p2a: Kingambit|move: Protect\n|-immune|p1a: Rotom\n|-supereffective|p2b: ChiYu\n|-damage|p2b: ChiYu|42\/100\n|\n|-fieldend|move: Psychic Terrain\n|upkeep\n|turn|6\n|\n|t:|1681992464\n|-end|p1b: Great Tusk|Protosynthesis|[silent]\n|switch|p1b: Indeedee|Indeedee, L50, M|100\/100\n|-fieldstart|move: Psychic Terrain|[from] ability: Psychic Surge|[of] p1b: Indeedee\n|-terastallize|p2b: ChiYu|Flying\n|move|p2b: ChiYu|Will-O-Wisp|p1b: Indeedee\n|-status|p1b: Indeedee|brn\n|move|p1a: Rotom|Volt Switch|p2b: ChiYu\n|-supereffective|p2b: ChiYu\n|-damage|p2b: ChiYu|0 fnt\n|faint|p2b: ChiYu\n|l|\u2606360pk\n|inactive|360pk disconnected and has a minute to reconnect!\n|player|p2|\n|\n|t:|1681992474\n|switch|p1a: Great Tusk|Great Tusk, L50|100\/100|[from] Volt Switch\n|move|p2a: Kingambit|Kowtow Cleave|p1a: Great Tusk\n|-resisted|p1a: Great Tusk\n|-damage|p1a: Great Tusk|84\/100\n|\n|-damage|p1b: Indeedee|95\/100 brn|[from] brn\n|upkeep\n|inactive|360pk has 30 seconds left.\n|inactive|360pk has 20 seconds left.\n|inactive|360pk has 15 seconds left.\n|inactive|360pk has 10 seconds left.\n|inactive|360pk has 5 seconds left.\n|-message|360pk lost due to inactivity.\n|\n|win|LeafeonLou12\n|raw|LeafeonLou12's rating: 1358 → 1376<\/strong> (+18 for winning)\n|raw|360pk's rating: 1325 → 1307<\/strong> (-18 for losing)\n","uploadtime":1681992537,"views":18,"p1id":"leafeonlou12","p2id":"360pk","formatid":"gen9vgc2023regulationc","rating":1307,"private":0,"password":""}