{"id":"gen9vgc2023regulationc-1845938748","p1":"WizBlitzer","p2":"MidianVGC","format":"[Gen 9] VGC 2023 Regulation C","log":"|j|\u2606WizBlitzer\n|j|\u2606MidianVGC\n|t:|1681781541\n|gametype|doubles\n|player|p1|WizBlitzer|riley|1084\n|player|p2|MidianVGC|2|1071\n|teamsize|p1|6\n|teamsize|p2|6\n|gen|9\n|tier|[Gen 9] VGC 2023 Regulation C\n|rated|\n|rule|Species Clause: Limit one of each Pok\u00e9mon\n|rule|Item Clause: Limit one of each item\n|clearpoke\n|poke|p1|Arcanine, L50, F|\n|poke|p1|Amoonguss, L50, F|\n|poke|p1|Palafin, L50, F|\n|poke|p1|Flutter Mane, L50|\n|poke|p1|Roaring Moon, L50|\n|poke|p1|Tinkaton, L50, F|\n|poke|p2|Amoonguss, L50, F|\n|poke|p2|Arcanine, L50, F|\n|poke|p2|Palafin, L50, M|\n|poke|p2|Ting-Lu, L50|\n|poke|p2|Rotom-Wash, L50|\n|poke|p2|Hydreigon, L50, F|\n|teampreview|4\n|inactive|Battle timer is ON: inactive players will automatically lose when time's up. (requested by WizBlitzer)\n|\n|t:|1681781576\n|start\n|switch|p1a: Arcanine|Arcanine, L50, F|100\/100\n|switch|p1b: Palafin|Palafin, L50, F|100\/100\n|switch|p2a: Hydreigon|Hydreigon, L50, F, shiny|100\/100\n|switch|p2b: Palafin|Palafin, L50, M, shiny|100\/100\n|-ability|p1a: Arcanine|Intimidate|boost\n|-unboost|p2a: Hydreigon|atk|1\n|-unboost|p2b: Palafin|atk|1\n|turn|1\n|inactive|WizBlitzer has 30 seconds left.\n|inactive|MidianVGC has 30 seconds left.\n|\n|t:|1681781609\n|switch|p1a: Flutter Mane|Flutter Mane, L50|100\/100\n|detailschange|p2b: Palafin|Palafin-Hero, L50, M, shiny\n|switch|p2b: Rotom|Rotom-Wash, L50, shiny|100\/100\n|move|p1b: Palafin|Protect|p1b: Palafin\n|-singleturn|p1b: Palafin|Protect\n|move|p2a: Hydreigon|Hydro Pump|p1a: Flutter Mane\n|-damage|p1a: Flutter Mane|71\/100\n|\n|upkeep\n|turn|2\n|inactive|MidianVGC has 30 seconds left.\n|inactive|MidianVGC has 20 seconds left.\n|\n|t:|1681781644\n|detailschange|p1b: Palafin|Palafin-Hero, L50, F\n|switch|p1b: Amoonguss|Amoonguss, L50, F|100\/100\n|-terastallize|p2a: Hydreigon|Fire\n|move|p1a: Flutter Mane|Moonblast|p2a: Hydreigon\n|-resisted|p2a: Hydreigon\n|-damage|p2a: Hydreigon|76\/100\n|move|p2a: Hydreigon|Flash Cannon|p1a: Flutter Mane\n|-supereffective|p1a: Flutter Mane\n|-damage|p1a: Flutter Mane|28\/100\n|move|p2b: Rotom|Thunderbolt|p1b: Amoonguss\n|-resisted|p1b: Amoonguss\n|-damage|p1b: Amoonguss|82\/100\n|-status|p1b: Amoonguss|par\n|\n|upkeep\n|turn|3\n|inactive|WizBlitzer has 30 seconds left.\n|inactive|MidianVGC has 30 seconds left.\n|inactive|MidianVGC has 20 seconds left.\n|\n|t:|1681781683\n|switch|p2b: Amoonguss|Amoonguss, L50, F|100\/100\n|move|p1a: Flutter Mane|Shadow Ball|p2a: Hydreigon\n|-crit|p2a: Hydreigon\n|-damage|p2a: Hydreigon|18\/100\n|move|p2a: Hydreigon|Heat Wave|p1a: Flutter Mane|[spread] p1a,p1b\n|-supereffective|p1b: Amoonguss\n|-damage|p1a: Flutter Mane|0 fnt\n|-damage|p1b: Amoonguss|17\/100 par\n|-enditem|p1b: Amoonguss|Sitrus Berry|[eat]\n|-heal|p1b: Amoonguss|42\/100 par|[from] item: Sitrus Berry\n|faint|p1a: Flutter Mane\n|-end|p1a: Flutter Mane|Protosynthesis|[silent]\n|move|p1b: Amoonguss|Spore|p2a: Hydreigon\n|-status|p2a: Hydreigon|slp|[from] move: Spore\n|-enditem|p2a: Hydreigon|Lum Berry|[eat]\n|-curestatus|p2a: Hydreigon|slp|[msg]\n|\n|upkeep\n|\n|t:|1681781703\n|switch|p1a: Palafin|Palafin-Hero, L50, F|100\/100\n|-activate|p1a: Palafin|ability: Zero to Hero\n|turn|4\n|\n|t:|1681781720\n|-terastallize|p1a: Palafin|Water\n|move|p2b: Amoonguss|Rage Powder|p2b: Amoonguss\n|-singleturn|p2b: Amoonguss|move: Rage Powder\n|cant|p1b: Amoonguss|par\n|move|p1a: Palafin|Jet Punch|p2b: Amoonguss\n|-resisted|p2b: Amoonguss\n|-damage|p2b: Amoonguss|74\/100\n|-damage|p1a: Palafin|84\/100|[from] item: Rocky Helmet|[of] p2b: Amoonguss\n|move|p2a: Hydreigon|Heat Wave|p1a: Palafin|[spread] p1a,p1b\n|-resisted|p1a: Palafin\n|-supereffective|p1b: Amoonguss\n|-damage|p1a: Palafin|65\/100\n|-damage|p1b: Amoonguss|0 fnt\n|-status|p1a: Palafin|brn\n|faint|p1b: Amoonguss\n|\n|-damage|p1a: Palafin|59\/100 brn|[from] brn\n|upkeep\n|\n|t:|1681781738\n|switch|p1b: Arcanine|Arcanine, L50, F|100\/100\n|-ability|p1b: Arcanine|Intimidate|boost\n|-unboost|p2a: Hydreigon|atk|1\n|-unboost|p2b: Amoonguss|atk|1\n|turn|5\n|\n|t:|1681781751\n|move|p2b: Amoonguss|Rage Powder|p2b: Amoonguss\n|-singleturn|p2b: Amoonguss|move: Rage Powder\n|move|p1a: Palafin|Jet Punch|p2b: Amoonguss\n|-resisted|p2b: Amoonguss\n|-damage|p2b: Amoonguss|61\/100\n|-damage|p1a: Palafin|43\/100 brn|[from] item: Rocky Helmet|[of] p2b: Amoonguss\n|move|p1b: Arcanine|Flare Blitz|p2b: Amoonguss\n|-supereffective|p2b: Amoonguss\n|-damage|p2b: Amoonguss|0 fnt\n|-damage|p1b: Arcanine|84\/100|[from] item: Rocky Helmet|[of] p2b: Amoonguss\n|faint|p2b: Amoonguss\n|-damage|p1b: Arcanine|62\/100|[from] Recoil\n|move|p2a: Hydreigon|Hydro Pump|p1b: Arcanine\n|-supereffective|p1b: Arcanine\n|-damage|p1b: Arcanine|0 fnt\n|faint|p1b: Arcanine\n|\n|-damage|p1a: Palafin|37\/100 brn|[from] brn\n|upkeep\n|\n|t:|1681781767\n|switch|p2b: Rotom|Rotom-Wash, L50, shiny|100\/100\n|turn|6\n|\n|t:|1681781777\n|move|p1a: Palafin|Jet Punch|p2a: Hydreigon\n|-supereffective|p2a: Hydreigon\n|-crit|p2a: Hydreigon\n|-damage|p2a: Hydreigon|0 fnt\n|faint|p2a: Hydreigon\n|move|p2b: Rotom|Thunderbolt|p1a: Palafin\n|-supereffective|p1a: Palafin\n|-damage|p1a: Palafin|0 fnt\n|faint|p1a: Palafin\n|\n|win|MidianVGC\n|raw|WizBlitzer's rating: 1084 → 1061<\/strong> (-23 for losing)\n|raw|MidianVGC's rating: 1071 → 1101<\/strong> (+30 for winning)\n","uploadtime":1681781788,"views":10,"p1id":"wizblitzer","p2id":"midianvgc","formatid":"gen9vgc2023regulationc","rating":1061,"private":0,"password":""}