{"id":"gen9vgc2023regulationc-1845682130","p1":"muddyswamppert","p2":"Keveloper","format":"[Gen 9] VGC 2023 Regulation C","log":"|j|\u2606muddyswamppert\n|j|\u2606Keveloper\n|t:|1681755174\n|gametype|doubles\n|player|p1|muddyswamppert|cynthia-gen4|\n|player|p2|Keveloper|ash|\n|teamsize|p1|6\n|teamsize|p2|6\n|gen|9\n|tier|[Gen 9] VGC 2023 Regulation C\n|rule|Species Clause: Limit one of each Pok\u00e9mon\n|rule|Item Clause: Limit one of each item\n|clearpoke\n|poke|p1|Amoonguss, L50, M|\n|poke|p1|Iron Moth, L50|\n|poke|p1|Tauros-Paldea-Aqua, L50, M|\n|poke|p1|Chien-Pao, L50|\n|poke|p1|Flutter Mane, L50|\n|poke|p1|Baxcalibur, L50, F|\n|poke|p2|Orthworm, L50, M|\n|poke|p2|Dragonite, L50, M|\n|poke|p2|Ting-Lu, L50|\n|poke|p2|Gyarados, L50, F|\n|poke|p2|Flutter Mane, L50|\n|poke|p2|Chien-Pao, L50|\n|teampreview|4\n|inactive|Battle timer is ON: inactive players will automatically lose when time's up. (requested by muddyswamppert)\n|c|\u2606muddyswamppert|glhf\n|inactive|Keveloper has 60 seconds left.\n|c|\u2606Keveloper|u2!\n|j| jeffman323\n|inactive|Keveloper has 30 seconds left.\n|inactive|Keveloper has 20 seconds left.\nKeveloper has agreed to open team sheets.\nmuddyswamppert has agreed to open team sheets.\n|inactive|Keveloper has 15 seconds left.\n|inactive|Keveloper has 10 seconds left.\n|\n|t:|1681755257\n|start\n|switch|p1a: Iron Moth|Iron Moth, L50|100\/100\n|switch|p1b: Flutter Mane|Flutter Mane, L50|100\/100\n|switch|p2a: Orthworm|Orthworm, L50, M|100\/100\n|switch|p2b: Gyarados|Gyarados, L50, F|100\/100\n|-ability|p2b: Gyarados|Intimidate|boost\n|-unboost|p1a: Iron Moth|atk|1\n|-unboost|p1b: Flutter Mane|atk|1\n|-enditem|p1a: Iron Moth|Booster Energy\n|-activate|p1a: Iron Moth|ability: Quark Drive|[fromitem]\n|-start|p1a: Iron Moth|quarkdrivespe\n|turn|1\n|\n|t:|1681755278\n|-terastallize|p1a: Iron Moth|Grass\n|-terastallize|p2a: Orthworm|Fire\n|move|p1a: Iron Moth|Heat Wave|p2a: Orthworm|[spread] p2b\n|-miss|p1a: Iron Moth|p2a: Orthworm\n|-resisted|p2b: Gyarados\n|-damage|p2b: Gyarados|86\/100\n|move|p1b: Flutter Mane|Icy Wind|p2a: Orthworm|[spread] p2a,p2b\n|-resisted|p2a: Orthworm\n|-damage|p2a: Orthworm|88\/100\n|-damage|p2b: Gyarados|68\/100\n|-unboost|p2a: Orthworm|spe|1\n|-unboost|p2b: Gyarados|spe|1\n|move|p2b: Gyarados|Bulldoze|p1a: Iron Moth|[spread] p1a,p1b\n|-heal|p2a: Orthworm|100\/100|[from] ability: Earth Eater|[of] p2b: Gyarados\n|-resisted|p1a: Iron Moth\n|-crit|p1b: Flutter Mane\n|-damage|p1a: Iron Moth|91\/100\n|-damage|p1b: Flutter Mane|70\/100\n|-unboost|p1a: Iron Moth|spe|1\n|-unboost|p1b: Flutter Mane|spe|1\n|move|p2a: Orthworm|Shed Tail|p2a: Orthworm\n|-start|p2a: Orthworm|Substitute|[from] move: Shed Tail\n|-damage|p2a: Orthworm|50\/100\n|-enditem|p2a: Orthworm|Sitrus Berry|[eat]\n|-heal|p2a: Orthworm|75\/100|[from] item: Sitrus Berry\n|inactive|Keveloper has 30 seconds left.\n|c|\u2606muddyswamppert|oh smart\n|\n|t:|1681755310\n|switch|p2a: Dragonite|Dragonite, L50, M|100\/100|[from] Shed Tail\n|\n|upkeep\n|turn|2\n|inactive|muddyswamppert has 30 seconds left.\n|inactive|muddyswamppert has 20 seconds left.\n|inactive|muddyswamppert has 15 seconds left.\n|\n|t:|1681755353\n|move|p1a: Iron Moth|Energy Ball|p2b: Gyarados\n|-damage|p2b: Gyarados|30\/100\n|-unboost|p2b: Gyarados|spd|1\n|move|p2a: Dragonite|Dragon Dance|p2a: Dragonite\n|-boost|p2a: Dragonite|atk|1\n|-boost|p2a: Dragonite|spe|1\n|move|p1b: Flutter Mane|Icy Wind|p2b: Gyarados|[spread] p2a,p2b\n|-supereffective|p2a: Dragonite\n|-end|p2a: Dragonite|Substitute\n|-damage|p2b: Gyarados|4\/100\n|-unboost|p2b: Gyarados|spe|1\n|move|p2b: Gyarados|Waterfall|p1b: Flutter Mane\n|-damage|p1b: Flutter Mane|10\/100\n|\n|upkeep\n|turn|3\n|inactive|Keveloper has 30 seconds left.\n|\n|t:|1681755386\n|switch|p2b: Orthworm|Orthworm, L50, M, tera:Fire|75\/100\n|move|p2a: Dragonite|Earthquake|p1b: Flutter Mane|[spread] p1a,p1b\n|-heal|p2b: Orthworm|100\/100|[from] ability: Earth Eater|[of] p2a: Dragonite\n|-resisted|p1a: Iron Moth\n|-damage|p1a: Iron Moth|63\/100\n|-damage|p1b: Flutter Mane|0 fnt\n|faint|p1b: Flutter Mane\n|-end|p1b: Flutter Mane|Protosynthesis|[silent]\n|move|p1a: Iron Moth|Acid Spray|p2a: Dragonite\n|-damage|p2a: Dragonite|90\/100\n|-unboost|p2a: Dragonite|spd|2\n|\n|upkeep\n|\n|t:|1681755397\n|switch|p1b: Chien-Pao|Chien-Pao, L50|100\/100\n|-ability|p1b: Chien-Pao|Sword of Ruin\n|turn|4\n|\n|t:|1681755411\n|-end|p1a: Iron Moth|Quark Drive|[silent]\n|switch|p1a: Baxcalibur|Baxcalibur, L50, F|100\/100\n|move|p2a: Dragonite|Extreme Speed|p1b: Chien-Pao\n|-damage|p1b: Chien-Pao|44\/100\n|move|p1b: Chien-Pao|Ice Spinner|p2a: Dragonite\n|-supereffective|p2a: Dragonite\n|-damage|p2a: Dragonite|0 fnt\n|faint|p2a: Dragonite\n|move|p2b: Orthworm|Body Press|p1b: Chien-Pao\n|-supereffective|p1b: Chien-Pao\n|-damage|p1b: Chien-Pao|0 fnt\n|faint|p1b: Chien-Pao\n|\n|upkeep\n|inactive|Keveloper has 30 seconds left.\n|\n|t:|1681755438\n|switch|p1b: Iron Moth|Iron Moth, L50, tera:Grass|63\/100\n|switch|p2a: Gyarados|Gyarados, L50, F|4\/100\n|-ability|p2a: Gyarados|Intimidate|boost\n|-unboost|p1a: Baxcalibur|atk|1\n|-unboost|p1b: Iron Moth|atk|1\n|turn|5\n|inactive|Keveloper has 30 seconds left.\n|\n|t:|1681755468\n|move|p1b: Iron Moth|Heat Wave|p2a: Gyarados|[spread] p2a,p2b\n|-resisted|p2a: Gyarados\n|-resisted|p2b: Orthworm\n|-damage|p2a: Gyarados|0 fnt\n|-damage|p2b: Orthworm|81\/100\n|faint|p2a: Gyarados\n|move|p1a: Baxcalibur|Glaive Rush|p2b: Orthworm\n|-damage|p2b: Orthworm|45\/100\n|-singlemove|p1a: Baxcalibur|Glaive Rush|[silent]\n|move|p2b: Orthworm|Body Press|p1b: Iron Moth\n|-damage|p1b: Iron Moth|20\/100\n|\n|upkeep\n|\n|t:|1681755488\n|switch|p2a: Flutter Mane|Flutter Mane, L50|100\/100\n|turn|6\n|\n|t:|1681755500\n|move|p2a: Flutter Mane|Dazzling Gleam|p1b: Iron Moth|[spread] p1a,p1b\n|-supereffective|p1a: Baxcalibur\n|-damage|p1a: Baxcalibur|0 fnt\n|-damage|p1b: Iron Moth|0 fnt\n|faint|p1a: Baxcalibur\n|faint|p1b: Iron Moth\n|-end|p1b: Iron Moth|Quark Drive|[silent]\n|\n|win|Keveloper\n|c|\u2606muddyswamppert|gg\n","uploadtime":1681755595,"views":9,"p1id":"muddyswamppert","p2id":"keveloper","formatid":"gen9vgc2023regulationc","rating":0,"private":0,"password":""}