{"id":"gen9vgc2023regulationc-1857924853","p1":"assprinatschool","p2":"MarioOnPS4","format":"[Gen 9] VGC 2023 Regulation C","log":"|j|\u2606assprinatschool\n|j|\u2606MarioOnPS4\n|t:|1683248035\n|gametype|doubles\n|player|p1|assprinatschool|169|1313\n|player|p2|MarioOnPS4|cyrus|1339\n|teamsize|p1|6\n|teamsize|p2|6\n|gen|9\n|tier|[Gen 9] VGC 2023 Regulation C\n|rated|\n|rule|Species Clause: Limit one of each Pok\u00e9mon\n|rule|Item Clause: Limit one of each item\n|clearpoke\n|poke|p1|Glimmora, L50, F|\n|poke|p1|Garganacl, L50, M|\n|poke|p1|Tyranitar, L50, M|\n|poke|p1|Houndstone, L50, M|\n|poke|p1|Gyarados, L50, M|\n|poke|p1|Rotom-Mow, L50|\n|poke|p2|Wo-Chien, L50|\n|poke|p2|Glimmora, L50, M|\n|poke|p2|Flutter Mane, L50|\n|poke|p2|Gyarados, L50, M|\n|poke|p2|Great Tusk, L50|\n|poke|p2|Chi-Yu, L50|\n|teampreview|4\n|inactive|Battle timer is ON: inactive players will automatically lose when time's up. (requested by MarioOnPS4)\nassprinatschool has agreed to open team sheets.\nMarioOnPS4 has agreed to open team sheets.\n|inactive|MarioOnPS4 has 60 seconds left.\n|inactive|MarioOnPS4 has 30 seconds left.\n|inactive|MarioOnPS4 has 20 seconds left.\n|inactive|MarioOnPS4 has 15 seconds left.\n|inactive|MarioOnPS4 has 10 seconds left.\n|inactive|MarioOnPS4 has 5 seconds left.\n|\n|t:|1683248126\n|start\n|switch|p1a: Tyranitar|Tyranitar, L50, M|100\/100\n|switch|p1b: Houndstone|Houndstone, L50, M|100\/100\n|switch|p2a: Wo-Chien|Wo-Chien, L50|100\/100\n|switch|p2b: Glimmora|Glimmora, L50, M|100\/100\n|-weather|Sandstorm|[from] ability: Sand Stream|[of] p1a: Tyranitar\n|-ability|p2a: Wo-Chien|Tablets of Ruin\n|turn|1\n|inactive|MarioOnPS4 has 30 seconds left.\n|inactive|assprinatschool has 30 seconds left.\n|\n|t:|1683248157\n|switch|p1a: Glimmora|Glimmora, L50, F|100\/100\n|move|p2a: Wo-Chien|Protect|p2a: Wo-Chien\n|-singleturn|p2a: Wo-Chien|Protect\n|move|p1b: Houndstone|Will-O-Wisp|p2a: Wo-Chien\n|-activate|p2a: Wo-Chien|move: Protect\n|move|p2b: Glimmora|Mortal Spin|p1b: Houndstone|[spread] p1a,p1b\n|-resisted|p1a: Glimmora\n|-resisted|p1b: Houndstone\n|-damage|p1a: Glimmora|99\/100\n|-damage|p1b: Houndstone|99\/100\n|-status|p1b: Houndstone|psn\n|-activate|p1a: Glimmora|ability: Toxic Debris\n|-sidestart|p2: MarioOnPS4|move: Toxic Spikes\n|-sideend|p2: MarioOnPS4|Toxic Spikes|[from] move: Mortal Spin|[of] p2b: Glimmora\n|\n|-weather|Sandstorm|[upkeep]\n|-damage|p2a: Wo-Chien|95\/100|[from] Sandstorm\n|-heal|p2a: Wo-Chien|100\/100|[from] item: Leftovers\n|-damage|p1b: Houndstone|87\/100 psn|[from] psn\n|upkeep\n|turn|2\n|inactive|MarioOnPS4 has 30 seconds left.\n|\n|t:|1683248189\n|move|p1b: Houndstone|Will-O-Wisp|p2a: Wo-Chien\n|-status|p2a: Wo-Chien|brn\n|move|p2b: Glimmora|Earth Power|p1a: Glimmora\n|-supereffective|p1a: Glimmora\n|-crit|p1a: Glimmora\n|-damage|p1a: Glimmora|18\/100\n|-unboost|p1a: Glimmora|spd|1\n|move|p1a: Glimmora|Earth Power|p2b: Glimmora\n|-supereffective|p2b: Glimmora\n|-damage|p2b: Glimmora|50\/100\n|move|p2a: Wo-Chien|Leech Seed|p1a: Glimmora\n|-start|p1a: Glimmora|move: Leech Seed\n|\n|-weather|Sandstorm|[upkeep]\n|-damage|p2a: Wo-Chien|95\/100 brn|[from] Sandstorm\n|-heal|p2a: Wo-Chien|100\/100 brn|[from] item: Leftovers\n|-damage|p1a: Glimmora|6\/100|[from] Leech Seed|[of] p2a: Wo-Chien\n|-damage|p1b: Houndstone|75\/100 psn|[from] psn\n|-damage|p2a: Wo-Chien|95\/100 brn|[from] brn\n|upkeep\n|turn|3\n|inactive|assprinatschool has 30 seconds left.\n|inactive|MarioOnPS4 has 30 seconds left.\n|inactive|MarioOnPS4 has 20 seconds left.\n|\n|t:|1683248224\n|switch|p1a: Gyarados|Gyarados, L50, M|100\/100\n|-ability|p1a: Gyarados|Intimidate|boost\n|-unboost|p2a: Wo-Chien|atk|1\n|-unboost|p2b: Glimmora|atk|1\n|-terastallize|p2b: Glimmora|Flying\n|move|p1b: Houndstone|Howl|p1b: Houndstone|[spread] p1a,p1b\n|-boost|p1a: Gyarados|atk|1\n|-boost|p1b: Houndstone|atk|1\n|move|p2b: Glimmora|Power Gem|p1b: Houndstone\n|-damage|p1b: Houndstone|36\/100 psn\n|-enditem|p1b: Houndstone|Sitrus Berry|[eat]\n|-heal|p1b: Houndstone|61\/100 psn|[from] item: Sitrus Berry\n|move|p2a: Wo-Chien|Pollen Puff|p2b: Glimmora\n|-heal|p2b: Glimmora|99\/100\n|\n|-weather|Sandstorm|[upkeep]\n|-damage|p2b: Glimmora|94\/100|[from] Sandstorm\n|-damage|p2a: Wo-Chien|89\/100 brn|[from] Sandstorm\n|-heal|p2a: Wo-Chien|95\/100 brn|[from] item: Leftovers\n|-damage|p1b: Houndstone|48\/100 psn|[from] psn\n|-damage|p2a: Wo-Chien|89\/100 brn|[from] brn\n|upkeep\n|turn|4\n|inactive|assprinatschool has 30 seconds left.\n|\n|t:|1683248257\n|switch|p2a: Gyarados|Gyarados, L50, M|100\/100\n|-ability|p2a: Gyarados|Intimidate|boost\n|-unboost|p1a: Gyarados|atk|1\n|-unboost|p1b: Houndstone|atk|1\n|-terastallize|p1a: Gyarados|Flying\n|move|p1b: Houndstone|Howl|p1b: Houndstone|[spread] p1a,p1b\n|-boost|p1a: Gyarados|atk|1\n|-boost|p1b: Houndstone|atk|1\n|move|p1a: Gyarados|Tera Blast|p2b: Glimmora\n|-damage|p2b: Glimmora|31\/100\n|-activate|p2b: Glimmora|ability: Toxic Debris\n|-sidestart|p1: assprinatschool|move: Toxic Spikes\n|move|p2b: Glimmora|Power Gem|p1a: Gyarados\n|-supereffective|p1a: Gyarados\n|-damage|p1a: Gyarados|27\/100\n|\n|-weather|Sandstorm|[upkeep]\n|-damage|p2a: Gyarados|94\/100|[from] Sandstorm\n|-damage|p2b: Glimmora|25\/100|[from] Sandstorm\n|-damage|p1b: Houndstone|36\/100 psn|[from] psn\n|upkeep\n|turn|5\n|inactive|MarioOnPS4 has 30 seconds left.\n|inactive|MarioOnPS4 has 20 seconds left.\n|\n|t:|1683248297\n|move|p1b: Houndstone|Will-O-Wisp|p2a: Gyarados\n|-status|p2a: Gyarados|brn\n|move|p1a: Gyarados|Tera Blast|p2b: Glimmora\n|-damage|p2b: Glimmora|0 fnt\n|-activate|p2b: Glimmora|ability: Toxic Debris\n|-sidestart|p1: assprinatschool|move: Toxic Spikes\n|faint|p2b: Glimmora\n|move|p2a: Gyarados|Waterfall|p1a: Gyarados\n|-damage|p1a: Gyarados|3\/100\n|\n|-weather|none\n|-damage|p1b: Houndstone|24\/100 psn|[from] psn\n|-damage|p2a: Gyarados|88\/100 brn|[from] brn\n|upkeep\n|\n|t:|1683248306\n|switch|p2b: Flutter Mane|Flutter Mane, L50|100\/100\n|turn|6\n|\n|t:|1683248324\n|switch|p1b: Glimmora|Glimmora, L50, F|6\/100\n|-sideend|p1: assprinatschool|move: Toxic Spikes|[of] p1b: Glimmora\n|move|p2a: Gyarados|Helping Hand|p2b: Flutter Mane\n|-singleturn|p2b: Flutter Mane|Helping Hand|[of] p2a: Gyarados\n|move|p2b: Flutter Mane|Dazzling Gleam|p1b: Glimmora|[spread] p1a,p1b\n|-resisted|p1b: Glimmora\n|-damage|p1a: Gyarados|0 fnt\n|-damage|p1b: Glimmora|0 fnt\n|faint|p1a: Gyarados\n|faint|p1b: Glimmora\n|\n|-damage|p2a: Gyarados|82\/100 brn|[from] brn\n|upkeep\n|\n|t:|1683248332\n|switch|p1a: Tyranitar|Tyranitar, L50, M|100\/100\n|switch|p1b: Houndstone|Houndstone, L50, M|24\/100 psn\n|-weather|Sandstorm|[from] ability: Sand Stream|[of] p1a: Tyranitar\n|turn|7\n|\n|t:|1683248348\n|switch|p2a: Wo-Chien|Wo-Chien, L50|89\/100 brn\n|-ability|p2a: Wo-Chien|Tablets of Ruin\n|move|p1b: Houndstone|Last Respects|p2b: Flutter Mane\n|-supereffective|p2b: Flutter Mane\n|-damage|p2b: Flutter Mane|0 fnt\n|faint|p2b: Flutter Mane\n|-end|p2b: Flutter Mane|Protosynthesis|[silent]\n|move|p1a: Tyranitar|Rock Slide|p2a: Wo-Chien\n|-damage|p2a: Wo-Chien|56\/100 brn\n|\n|-weather|Sandstorm|[upkeep]\n|-damage|p2a: Wo-Chien|50\/100 brn|[from] Sandstorm\n|-heal|p2a: Wo-Chien|56\/100 brn|[from] item: Leftovers\n|-damage|p1b: Houndstone|11\/100 psn|[from] psn\n|-damage|p2a: Wo-Chien|50\/100 brn|[from] brn\n|upkeep\n|\n|t:|1683248350\n|switch|p2b: Gyarados|Gyarados, L50, M|82\/100 brn\n|-ability|p2b: Gyarados|Intimidate|boost\n|-fail|p1a: Tyranitar|unboost|[from] item: Clear Amulet|[of] p1a: Tyranitar\n|-unboost|p1b: Houndstone|atk|1\n|turn|8\n|\n|t:|1683248372\n|move|p2b: Gyarados|Protect|p2b: Gyarados\n|-singleturn|p2b: Gyarados|Protect\n|move|p2a: Wo-Chien|Protect|p2a: Wo-Chien\n|-singleturn|p2a: Wo-Chien|Protect\n|move|p1b: Houndstone|Last Respects|p2b: Gyarados\n|-activate|p2b: Gyarados|move: Protect\n|move|p1a: Tyranitar|Rock Slide|p2a: Wo-Chien|[spread] \n|-activate|p2a: Wo-Chien|move: Protect\n|-activate|p2b: Gyarados|move: Protect\n|\n|-weather|Sandstorm|[upkeep]\n|-damage|p2b: Gyarados|76\/100 brn|[from] Sandstorm\n|-damage|p2a: Wo-Chien|44\/100 brn|[from] Sandstorm\n|-heal|p2a: Wo-Chien|50\/100 brn|[from] item: Leftovers\n|-damage|p1b: Houndstone|0 fnt|[from] psn\n|faint|p1b: Houndstone\n|-damage|p2b: Gyarados|70\/100 brn|[from] brn\n|-damage|p2a: Wo-Chien|44\/100 brn|[from] brn\n|upkeep\n|turn|9\n|\n|t:|1683248393\n|move|p2b: Gyarados|Waterfall|p1a: Tyranitar\n|-supereffective|p1a: Tyranitar\n|-damage|p1a: Tyranitar|74\/100\n|move|p1a: Tyranitar|Rock Slide|p2a: Wo-Chien|[spread] p2a,p2b\n|-supereffective|p2b: Gyarados\n|-damage|p2a: Wo-Chien|24\/100 brn\n|-damage|p2b: Gyarados|15\/100 brn\n|-enditem|p2b: Gyarados|Sitrus Berry|[eat]\n|-heal|p2b: Gyarados|40\/100 brn|[from] item: Sitrus Berry\n|move|p2a: Wo-Chien|Leech Seed|p1a: Tyranitar|[miss]\n|-miss|p2a: Wo-Chien|p1a: Tyranitar\n|\n|-weather|Sandstorm|[upkeep]\n|-damage|p2b: Gyarados|34\/100 brn|[from] Sandstorm\n|-damage|p2a: Wo-Chien|18\/100 brn|[from] Sandstorm\n|-heal|p2a: Wo-Chien|24\/100 brn|[from] item: Leftovers\n|-damage|p2b: Gyarados|28\/100 brn|[from] brn\n|-damage|p2a: Wo-Chien|18\/100 brn|[from] brn\n|upkeep\n|turn|10\n|inactive|MarioOnPS4 has 30 seconds left.\n|l|\u2606MarioOnPS4\n|inactive|MarioOnPS4 disconnected and has a minute to reconnect!\n|player|p2|\n|inactive|MarioOnPS4 has 20 seconds left.\n|j|\u2606MarioOnPS4\n|inactive|MarioOnPS4 reconnected and has 20 seconds left.\n|player|p2|MarioOnPS4|cyrus\n|inactive|MarioOnPS4 has 15 seconds left.\n|\n|t:|1683248438\n|move|p2b: Gyarados|Waterfall|p1a: Tyranitar\n|-supereffective|p1a: Tyranitar\n|-damage|p1a: Tyranitar|45\/100\n|move|p1a: Tyranitar|Rock Slide|p2b: Gyarados|[spread] p2a,p2b\n|-supereffective|p2b: Gyarados\n|-damage|p2a: Wo-Chien|0 fnt\n|-damage|p2b: Gyarados|0 fnt\n|faint|p2a: Wo-Chien\n|faint|p2b: Gyarados\n|\n|win|assprinatschool\n|raw|assprinatschool's rating: 1313 → 1334<\/strong> (+21 for winning)\n|raw|MarioOnPS4's rating: 1339 → 1318<\/strong> (-21 for losing)\n","uploadtime":1683248446,"views":5,"p1id":"assprinatschool","p2id":"marioonps4","formatid":"gen9vgc2023regulationc","rating":1318,"private":0,"password":""}