{"id":"gen9vgc2023regulationc-1848908172","p1":"Atrinta#3","p2":"Ellvaekyoo","format":"[Gen 9] VGC 2023 Regulation C","log":"|j|\u2606Atrinta#3\n|j|\u2606Ellvaekyoo\n|t:|1682124710\n|gametype|doubles\n|player|p1|Atrinta#3|hugh|1193\n|player|p2|Ellvaekyoo|clerk|1203\n|teamsize|p1|6\n|teamsize|p2|6\n|gen|9\n|tier|[Gen 9] VGC 2023 Regulation C\n|rated|\n|rule|Species Clause: Limit one of each Pok\u00e9mon\n|rule|Item Clause: Limit one of each item\n|clearpoke\n|poke|p1|Gyarados, L50, F|\n|poke|p1|Ting-Lu, L50|\n|poke|p1|Brute Bonnet, L50|\n|poke|p1|Indeedee-F, L50, F|\n|poke|p1|Armarouge, L50, M|\n|poke|p1|Palafin, L50, M|\n|poke|p2|Glimmora, L50, F|\n|poke|p2|Wo-Chien, L50|\n|poke|p2|Flutter Mane, L50|\n|poke|p2|Arcanine, L50, M|\n|poke|p2|Dondozo, L50, F|\n|poke|p2|Tatsugiri, L50, F|\n|teampreview|4\n|inactive|Battle timer is ON: inactive players will automatically lose when time's up. (requested by Ellvaekyoo)\n|inactive|Atrinta#3 has 60 seconds left.\n|inactive|Ellvaekyoo has 60 seconds left.\n|\n|t:|1682124764\n|start\n|switch|p1a: Brute Bonnet|Brute Bonnet, L50, shiny|100\/100\n|switch|p1b: Ting-Lu|Ting-Lu, L50|100\/100\n|switch|p2a: Wo-Chien|Wo-Chien, L50|100\/100\n|switch|p2b: Arcanine|Arcanine, L50, M|100\/100\n|-ability|p2b: Arcanine|Intimidate|boost\n|-unboost|p1a: Brute Bonnet|atk|1\n|-unboost|p1b: Ting-Lu|atk|1\n|-ability|p2a: Wo-Chien|Tablets of Ruin\n|-ability|p1b: Ting-Lu|Vessel of Ruin\n|turn|1\n|inactive|Atrinta#3 has 30 seconds left.\n|inactive|Ellvaekyoo has 30 seconds left.\n|\n|t:|1682124795\n|-end|p1a: Brute Bonnet|Protosynthesis|[silent]\n|switch|p1a: Palafin|Palafin, L50, M|100\/100\n|-terastallize|p2b: Arcanine|Grass\n|move|p2b: Arcanine|Will-O-Wisp|p1b: Ting-Lu|[miss]\n|-miss|p2b: Arcanine|p1b: Ting-Lu\n|move|p2a: Wo-Chien|Leech Seed|p1b: Ting-Lu\n|-start|p1b: Ting-Lu|move: Leech Seed\n|move|p1b: Ting-Lu|Ruination|p2a: Wo-Chien|[miss]\n|-miss|p1b: Ting-Lu|p2a: Wo-Chien\n|\n|-damage|p1b: Ting-Lu|88\/100|[from] Leech Seed|[of] p2a: Wo-Chien\n|upkeep\n|turn|2\n|inactive|Atrinta#3 has 30 seconds left.\n|inactive|Atrinta#3 has 20 seconds left.\n|\n|t:|1682124831\n|detailschange|p1a: Palafin|Palafin-Hero, L50, M\n|switch|p1a: Gyarados|Gyarados, L50, F, shiny|100\/100\n|-ability|p1a: Gyarados|Intimidate|boost\n|-unboost|p2a: Wo-Chien|atk|1\n|-unboost|p2b: Arcanine|atk|1\n|move|p2b: Arcanine|Will-O-Wisp|p1b: Ting-Lu\n|-status|p1b: Ting-Lu|brn\n|move|p2a: Wo-Chien|Leech Seed|p1a: Gyarados\n|-start|p1a: Gyarados|move: Leech Seed\n|move|p1b: Ting-Lu|Ruination|p2a: Wo-Chien\n|-damage|p2a: Wo-Chien|50\/100\n|\n|-heal|p1b: Ting-Lu|94\/100 brn|[from] item: Leftovers\n|-damage|p1a: Gyarados|88\/100|[from] Leech Seed|[of] p2a: Wo-Chien\n|-heal|p2a: Wo-Chien|67\/100|[silent]\n|-damage|p1b: Ting-Lu|82\/100 brn|[from] Leech Seed|[of] p2a: Wo-Chien\n|-heal|p2a: Wo-Chien|89\/100|[silent]\n|-damage|p1b: Ting-Lu|76\/100 brn|[from] brn\n|upkeep\n|turn|3\n|inactive|Atrinta#3 has 30 seconds left.\n|inactive|Ellvaekyoo has 30 seconds left.\n|inactive|Ellvaekyoo has 20 seconds left.\n|\n|t:|1682124866\n|move|p2b: Arcanine|Will-O-Wisp|p1a: Gyarados|[miss]\n|-miss|p2b: Arcanine|p1a: Gyarados\n|move|p1a: Gyarados|Taunt|p2b: Arcanine\n|-start|p2b: Arcanine|move: Taunt\n|move|p2a: Wo-Chien|Knock Off|p1b: Ting-Lu\n|-resisted|p1b: Ting-Lu\n|-damage|p1b: Ting-Lu|72\/100 brn\n|-enditem|p1b: Ting-Lu|Leftovers|[from] move: Knock Off|[of] p2a: Wo-Chien\n|move|p1b: Ting-Lu|Heavy Slam|p2a: Wo-Chien\n|-damage|p2a: Wo-Chien|82\/100\n|\n|-damage|p1a: Gyarados|76\/100|[from] Leech Seed|[of] p2a: Wo-Chien\n|-heal|p2a: Wo-Chien|98\/100|[silent]\n|-damage|p1b: Ting-Lu|60\/100 brn|[from] Leech Seed|[of] p2a: Wo-Chien\n|-heal|p2a: Wo-Chien|100\/100|[silent]\n|-damage|p1b: Ting-Lu|54\/100 brn|[from] brn\n|upkeep\n|turn|4\n|inactive|Ellvaekyoo has 30 seconds left.\n|inactive|Ellvaekyoo has 20 seconds left.\n|\n|t:|1682124903\n|move|p2b: Arcanine|Extreme Speed|p1a: Gyarados\n|-damage|p1a: Gyarados|63\/100\n|move|p1a: Gyarados|Dragon Dance|p1a: Gyarados\n|-boost|p1a: Gyarados|atk|1\n|-boost|p1a: Gyarados|spe|1\n|move|p2a: Wo-Chien|Knock Off|p1a: Gyarados\n|-crit|p1a: Gyarados\n|-damage|p1a: Gyarados|15\/100\n|-enditem|p1a: Gyarados|Lum Berry|[from] move: Knock Off|[of] p2a: Wo-Chien\n|move|p1b: Ting-Lu|Ruination|p2a: Wo-Chien\n|-damage|p2a: Wo-Chien|50\/100\n|\n|-damage|p1a: Gyarados|3\/100|[from] Leech Seed|[of] p2a: Wo-Chien\n|-heal|p2a: Wo-Chien|67\/100|[silent]\n|-damage|p1b: Ting-Lu|41\/100 brn|[from] Leech Seed|[of] p2a: Wo-Chien\n|-heal|p2a: Wo-Chien|89\/100|[silent]\n|-damage|p1b: Ting-Lu|35\/100 brn|[from] brn\n|upkeep\n|turn|5\n|inactive|Ellvaekyoo has 30 seconds left.\n|\n|t:|1682124928\n|move|p2a: Wo-Chien|Protect|p2a: Wo-Chien\n|-singleturn|p2a: Wo-Chien|Protect\n|move|p2b: Arcanine|Extreme Speed|p1a: Gyarados\n|-damage|p1a: Gyarados|0 fnt\n|faint|p1a: Gyarados\n|move|p1b: Ting-Lu|Stomping Tantrum|p2a: Wo-Chien\n|-activate|p2a: Wo-Chien|move: Protect\n|\n|-damage|p1b: Ting-Lu|23\/100 brn|[from] Leech Seed|[of] p2a: Wo-Chien\n|-heal|p2a: Wo-Chien|100\/100|[silent]\n|-damage|p1b: Ting-Lu|17\/100 brn|[from] brn\n|upkeep\n|\n|t:|1682124937\n|switch|p1a: Brute Bonnet|Brute Bonnet, L50, shiny|100\/100\n|turn|6\n|\n|t:|1682124960\n|move|p2b: Arcanine|Flare Blitz|p1a: Brute Bonnet\n|-supereffective|p1a: Brute Bonnet\n|-damage|p1a: Brute Bonnet|65\/100\n|-damage|p2b: Arcanine|87\/100|[from] Recoil\n|move|p2a: Wo-Chien|Knock Off|p1a: Brute Bonnet\n|-resisted|p1a: Brute Bonnet\n|-damage|p1a: Brute Bonnet|58\/100\n|-enditem|p1a: Brute Bonnet|Loaded Dice|[from] move: Knock Off|[of] p2a: Wo-Chien\n|move|p1a: Brute Bonnet|Bullet Seed|p2a: Wo-Chien\n|-resisted|p2a: Wo-Chien\n|-damage|p2a: Wo-Chien|97\/100\n|-resisted|p2a: Wo-Chien\n|-damage|p2a: Wo-Chien|94\/100\n|-hitcount|p2a: Wo-Chien|2\n|move|p1b: Ting-Lu|Ruination|p2a: Wo-Chien\n|-damage|p2a: Wo-Chien|47\/100\n|\n|-damage|p1b: Ting-Lu|5\/100 brn|[from] Leech Seed|[of] p2a: Wo-Chien\n|-heal|p2a: Wo-Chien|69\/100|[silent]\n|-damage|p1b: Ting-Lu|0 fnt|[from] brn\n|faint|p1b: Ting-Lu\n|-end|p2b: Arcanine|move: Taunt\n|upkeep\n|\n|t:|1682124967\n|switch|p1b: Palafin|Palafin-Hero, L50, M|100\/100\n|-activate|p1b: Palafin|ability: Zero to Hero\n|turn|7\n|\n|t:|1682124989\n|move|p1a: Brute Bonnet|Protect|p1a: Brute Bonnet\n|-singleturn|p1a: Brute Bonnet|Protect\n|move|p1b: Palafin|Close Combat|p2a: Wo-Chien\n|-supereffective|p2a: Wo-Chien\n|-damage|p2a: Wo-Chien|0 fnt\n|-unboost|p1b: Palafin|def|1\n|-unboost|p1b: Palafin|spd|1\n|faint|p2a: Wo-Chien\n|move|p2b: Arcanine|Will-O-Wisp|p1b: Palafin\n|-status|p1b: Palafin|brn\n|\n|-damage|p1b: Palafin|95\/100 brn|[from] brn\n|upkeep\n|\n|t:|1682125002\n|switch|p2a: Tatsugiri|Tatsugiri, L50, F|100\/100\n|turn|8\n|inactive|Atrinta#3 has 30 seconds left.\n|\n|t:|1682125029\n|switch|p2b: Glimmora|Glimmora, L50, F|100\/100\n|-terastallize|p1a: Brute Bonnet|Fire\n|move|p1b: Palafin|Jet Punch|p2a: Tatsugiri\n|-resisted|p2a: Tatsugiri\n|-damage|p2a: Tatsugiri|89\/100\n|move|p2a: Tatsugiri|Icy Wind|p1b: Palafin|[spread] p1a,p1b\n|-resisted|p1a: Brute Bonnet\n|-resisted|p1b: Palafin\n|-damage|p1a: Brute Bonnet|52\/100\n|-damage|p1b: Palafin|85\/100 brn\n|-unboost|p1a: Brute Bonnet|spe|1\n|-unboost|p1b: Palafin|spe|1\n|move|p1a: Brute Bonnet|Bullet Seed|p2a: Tatsugiri\n|-damage|p2a: Tatsugiri|66\/100\n|-damage|p2a: Tatsugiri|44\/100\n|-damage|p2a: Tatsugiri|23\/100\n|-hitcount|p2a: Tatsugiri|3\n|\n|-damage|p1b: Palafin|79\/100 brn|[from] brn\n|upkeep\n|turn|9\n|inactive|Ellvaekyoo has 30 seconds left.\n|\n|t:|1682125055\n|switch|p2a: Arcanine|Arcanine, L50, M, tera:Grass|87\/100\n|-ability|p2a: Arcanine|Intimidate|boost\n|-unboost|p1a: Brute Bonnet|atk|1\n|-unboost|p1b: Palafin|atk|1\n|move|p1a: Brute Bonnet|Sucker Punch||[still]\n|-fail|p1a: Brute Bonnet\n|move|p2b: Glimmora|Energy Ball|p1b: Palafin\n|-supereffective|p1b: Palafin\n|-damage|p1b: Palafin|0 fnt\n|faint|p1b: Palafin\n|\n|upkeep\n|turn|10\n|inactive|Ellvaekyoo has 30 seconds left.\n|inactive|Ellvaekyoo has 20 seconds left.\n|\n|t:|1682125095\n|move|p2b: Glimmora|Power Gem|p1a: Brute Bonnet\n|-supereffective|p1a: Brute Bonnet\n|-damage|p1a: Brute Bonnet|0 fnt\n|faint|p1a: Brute Bonnet\n|-end|p1a: Brute Bonnet|Protosynthesis|[silent]\n|\n|win|Ellvaekyoo\n|raw|Atrinta#3's rating: 1193 → 1169<\/strong> (-24 for losing)\n|raw|Ellvaekyoo's rating: 1203 → 1227<\/strong> (+24 for winning)\n|l|\u2606Atrinta#3\n","uploadtime":1682125103,"views":8,"p1id":"atrinta3","p2id":"ellvaekyoo","formatid":"gen9vgc2023regulationc","rating":1169,"private":0,"password":""}