{"id":"gen9vgc2023regulationc-1856603996","p1":"MAF1001","p2":"Ocnarf30","format":"[Gen 9] VGC 2023 Regulation C","log":"|j|\u2606MAF1001\n|j|\u2606Ocnarf30\n|t:|1683081302\n|gametype|doubles\n|player|p1|MAF1001|unknown|\n|player|p2|Ocnarf30|102|\n|teamsize|p1|6\n|teamsize|p2|6\n|gen|9\n|tier|[Gen 9] VGC 2023 Regulation C\n|rule|Species Clause: Limit one of each Pok\u00e9mon\n|rule|Item Clause: Limit one of each item\n|clearpoke\n|poke|p1|Torkoal, L50, M|\n|poke|p1|Great Tusk, L50|\n|poke|p1|Rotom-Wash, L50|\n|poke|p1|Staraptor, L50, M|\n|poke|p1|Annihilape, L50, M|\n|poke|p1|Goodra, L50, M|\n|poke|p2|Muk, L50, M|\n|poke|p2|Talonflame, L50, M|\n|poke|p2|Tauros-Paldea-Aqua, L50, M|\n|poke|p2|Dragonite, L50, M|\n|poke|p2|Great Tusk, L50|\n|poke|p2|Rotom-Wash, L50|\n|teampreview|4\n|j| Bloodycheese\n|l| Bloodycheese\n|\n|t:|1683081465\n|start\n|switch|p1a: Rotom|Rotom-Wash, L50|100\/100\n|switch|p1b: Staraptor|Staraptor, L50, M|100\/100\n|switch|p2a: Rotom|Rotom-Wash, L50|100\/100\n|switch|p2b: Great Tusk|Great Tusk, L50|100\/100\n|-ability|p1b: Staraptor|Intimidate|boost\n|-unboost|p2a: Rotom|atk|1\n|-unboost|p2b: Great Tusk|atk|1\n|turn|1\n|\n|t:|1683081530\n|-terastallize|p1b: Staraptor|Ghost\n|move|p1b: Staraptor|Tailwind|p1b: Staraptor\n|-sidestart|p1: MAF1001|move: Tailwind\n|move|p1a: Rotom|Will-O-Wisp|p2b: Great Tusk\n|-status|p2b: Great Tusk|brn\n|move|p2b: Great Tusk|Knock Off|p1b: Staraptor\n|-supereffective|p1b: Staraptor\n|-damage|p1b: Staraptor|64\/100\n|-enditem|p1b: Staraptor|Heavy-Duty Boots|[from] move: Knock Off|[of] p2b: Great Tusk\n|move|p2a: Rotom|Discharge|p1b: Staraptor|[spread] p1a,p1b\n|-immune|p2b: Great Tusk\n|-damage|p1a: Rotom|70\/100\n|-damage|p1b: Staraptor|26\/100\n|\n|-damage|p2b: Great Tusk|95\/100 brn|[from] brn\n|upkeep\n|turn|2\n|\n|t:|1683081583\n|move|p1b: Staraptor|U-turn|p2a: Rotom\n|-damage|p2a: Rotom|78\/100\n|\n|t:|1683081586\n|switch|p1b: Goodra|Goodra, L50, M|100\/100|[from] U-turn\n|move|p1a: Rotom|Dark Pulse|p2a: Rotom\n|-damage|p2a: Rotom|52\/100\n|move|p2b: Great Tusk|Knock Off|p1a: Rotom\n|-damage|p1a: Rotom|56\/100\n|-enditem|p1a: Rotom|Magnet|[from] move: Knock Off|[of] p2b: Great Tusk\n|move|p2a: Rotom|Discharge|p1a: Rotom|[spread] p1a,p1b\n|-immune|p2b: Great Tusk\n|-resisted|p1b: Goodra\n|-damage|p1a: Rotom|24\/100\n|-damage|p1b: Goodra|91\/100\n|\n|-heal|p2a: Rotom|57\/100|[from] item: Leftovers\n|-damage|p2b: Great Tusk|89\/100 brn|[from] brn\n|upkeep\n|turn|3\n|c|\u2606MAF1001|goo\n|\n|t:|1683081687\n|move|p1b: Goodra|Chilling Water|p2b: Great Tusk\n|-supereffective|p2b: Great Tusk\n|-damage|p2b: Great Tusk|44\/100 brn\n|-unboost|p2b: Great Tusk|atk|1\n|-damage|p1b: Goodra|81\/100|[from] item: Life Orb\n|move|p1a: Rotom|Volt Switch|p2a: Rotom\n|-damage|p2a: Rotom|19\/100\n|\n|t:|1683081697\n|switch|p1a: Annihilape|Annihilape, L50, M|100\/100|[from] Volt Switch\n|move|p2b: Great Tusk|Ice Spinner|p1b: Goodra\n|-supereffective|p1b: Goodra\n|-damage|p1b: Goodra|60\/100\n|move|p2a: Rotom|Discharge|p1b: Goodra|[spread] p1a,p1b\n|-immune|p2b: Great Tusk\n|-resisted|p1b: Goodra\n|-damage|p1a: Annihilape|76\/100\n|-damage|p1b: Goodra|50\/100\n|-status|p1b: Goodra|par\n|\n|-heal|p2a: Rotom|24\/100|[from] item: Leftovers\n|-damage|p2b: Great Tusk|38\/100 brn|[from] brn\n|upkeep\n|turn|4\n|\n|t:|1683081742\n|-end|p2b: Great Tusk|Protosynthesis|[silent]\n|switch|p2b: Tauros|Tauros-Paldea-Aqua, L50, M|100\/100\n|-ability|p2b: Tauros|Intimidate|boost\n|-unboost|p1a: Annihilape|atk|1\n|-ability|p1a: Annihilape|Defiant|boost\n|-boost|p1a: Annihilape|atk|2\n|-unboost|p1b: Goodra|atk|1\n|move|p1a: Annihilape|Rock Slide|p2a: Rotom|[spread] p2a,p2b\n|-resisted|p2b: Tauros\n|-damage|p2a: Rotom|0 fnt\n|-damage|p2b: Tauros|87\/100\n|faint|p2a: Rotom\n|cant|p1b: Goodra|par\n|\n|-sideend|p1: MAF1001|move: Tailwind\n|upkeep\n|j| Bloodycheese\n|\n|t:|1683081768\n|switch|p2a: Dragonite|Dragonite, L50, M|100\/100\n|turn|5\n|l| Bloodycheese\n|\n|t:|1683081822\n|switch|p1b: Staraptor|Staraptor, L50, M, tera:Ghost|26\/100\n|-ability|p1b: Staraptor|Intimidate|boost\n|-fail|p2a: Dragonite|unboost|Attack|[from] ability: Inner Focus|[of] p2a: Dragonite\n|-unboost|p2b: Tauros|atk|1\n|move|p2b: Tauros|Protect|p2b: Tauros\n|-singleturn|p2b: Tauros|Protect\n|move|p1a: Annihilape|Rock Slide|p2a: Dragonite|[spread] p2a\n|-activate|p2b: Tauros|move: Protect\n|-supereffective|p2a: Dragonite\n|-damage|p2a: Dragonite|41\/100\n|move|p2a: Dragonite|Dragon Claw|p1b: Staraptor\n|-damage|p1b: Staraptor|0 fnt\n|faint|p1b: Staraptor\n|\n|upkeep\n|\n|t:|1683081843\n|switch|p1b: Rotom|Rotom-Wash, L50|24\/100\n|turn|6\n|j| Bloodycheese\n|\n|t:|1683081878\n|move|p2b: Tauros|Aqua Jet|p1b: Rotom\n|-resisted|p1b: Rotom\n|-damage|p1b: Rotom|16\/100\n|move|p1a: Annihilape|Rock Slide|p2a: Dragonite|[spread] p2a,p2b\n|-supereffective|p2a: Dragonite\n|-resisted|p2b: Tauros\n|-damage|p2a: Dragonite|0 fnt\n|-damage|p2b: Tauros|73\/100\n|faint|p2a: Dragonite\n|move|p1b: Rotom|Volt Switch|p2b: Tauros\n|-supereffective|p2b: Tauros\n|-damage|p2b: Tauros|0 fnt\n|faint|p2b: Tauros\n|\n|t:|1683081889\n|switch|p1b: Goodra|Goodra, L50, M|50\/100 par|[from] Volt Switch\n|\n|upkeep\n|\n|t:|1683081897\n|switch|p2b: Great Tusk|Great Tusk, L50|38\/100 brn\n|turn|7\n|\n|t:|1683081911\n|move|p1a: Annihilape|Drain Punch|p2b: Great Tusk\n|-damage|p2b: Great Tusk|0 fnt\n|-heal|p1a: Annihilape|95\/100|[from] drain|[of] p2b: Great Tusk\n|faint|p2b: Great Tusk\n|-end|p2b: Great Tusk|Protosynthesis|[silent]\n|\n|win|MAF1001\n|l| Bloodycheese\n","uploadtime":1683081919,"views":12,"p1id":"maf1001","p2id":"ocnarf30","formatid":"gen9vgc2023regulationc","rating":0,"private":0,"password":""}