{"id":"gen9vgc2023regulationc-1861769480","p1":"hysaaron","p2":"Oskra","format":"[Gen 9] VGC 2023 Regulation C","log":"|j|\u2606hysaaron\n|j|\u2606Oskra\n|t:|1683806641\n|gametype|doubles\n|player|p1|hysaaron|1|1164\n|player|p2|Oskra|flannery|1144\n|teamsize|p1|6\n|teamsize|p2|6\n|gen|9\n|tier|[Gen 9] VGC 2023 Regulation C\n|rated|\n|rule|Species Clause: Limit one of each Pok\u00e9mon\n|rule|Item Clause: Limit one of each item\n|clearpoke\n|poke|p1|Flutter Mane, L50|\n|poke|p1|Amoonguss, L50, F|\n|poke|p1|Ting-Lu, L50|\n|poke|p1|Arcanine, L50, F|\n|poke|p1|Palafin, L50, F|\n|poke|p1|Pelipper, L50, F|\n|poke|p2|Dondozo, L50, F|\n|poke|p2|Tatsugiri, L50, M|\n|poke|p2|Glimmora, L50, M|\n|poke|p2|Gholdengo, L50|\n|poke|p2|Amoonguss, L50, F|\n|poke|p2|Wo-Chien, L50|\n|teampreview|4\n|inactive|Battle timer is ON: inactive players will automatically lose when time's up. (requested by hysaaron)\n|inactive|hysaaron has 60 seconds left.\n|inactive|Oskra has 60 seconds left.\n|\n|t:|1683806683\n|start\n|switch|p1a: Palafin|Palafin, L50, F|100\/100\n|switch|p1b: Ting-Lu|Ting-Lu, L50|100\/100\n|switch|p2a: Glimmora|Glimmora, L50, M|100\/100\n|switch|p2b: Dondozo|Dondozo, L50, F|100\/100\n|-ability|p1b: Ting-Lu|Vessel of Ruin\n|turn|1\n|inactive|hysaaron has 30 seconds left.\n|inactive|hysaaron has 20 seconds left.\n|\n|t:|1683806722\n|detailschange|p1a: Palafin|Palafin-Hero, L50, F\n|switch|p1a: Pelipper|Pelipper, L50, F|100\/100\n|-weather|RainDance|[from] ability: Drizzle|[of] p1a: Pelipper\n|-terastallize|p1b: Ting-Lu|Water\n|move|p2b: Dondozo|Protect|p2b: Dondozo\n|-singleturn|p2b: Dondozo|Protect\n|move|p2a: Glimmora|Mortal Spin|p1b: Ting-Lu|[spread] p1a,p1b\n|-damage|p1a: Pelipper|95\/100\n|-damage|p1b: Ting-Lu|98\/100\n|-status|p1a: Pelipper|psn\n|-status|p1b: Ting-Lu|psn\n|move|p1b: Ting-Lu|Stomping Tantrum|p2a: Glimmora\n|-supereffective|p2a: Glimmora\n|-damage|p2a: Glimmora|0 fnt\n|-activate|p2a: Glimmora|ability: Toxic Debris\n|-sidestart|p1: hysaaron|move: Toxic Spikes\n|faint|p2a: Glimmora\n|\n|-weather|RainDance|[upkeep]\n|-damage|p1a: Pelipper|83\/100 psn|[from] psn\n|-damage|p1b: Ting-Lu|85\/100 psn|[from] psn\n|upkeep\n|\n|t:|1683806743\n|switch|p2a: Tatsugiri|Tatsugiri, L50, M, shiny|100\/100\n|-activate|p2a: Tatsugiri|ability: Commander|[of] p2b: Dondozo\n|-boost|p2b: Dondozo|atk|2\n|-boost|p2b: Dondozo|spa|2\n|-boost|p2b: Dondozo|spe|2\n|-boost|p2b: Dondozo|def|2\n|-boost|p2b: Dondozo|spd|2\n|turn|2\n|\n|t:|1683806757\n|move|p2b: Dondozo|Wave Crash|p1b: Ting-Lu\n|-resisted|p1b: Ting-Lu\n|-damage|p1b: Ting-Lu|40\/100 psn\n|-damage|p2b: Dondozo|85\/100|[from] Recoil\n|move|p1a: Pelipper|Tailwind|p1a: Pelipper\n|-sidestart|p1: hysaaron|move: Tailwind\n|move|p1b: Ting-Lu|Ruination|p2b: Dondozo\n|-damage|p2b: Dondozo|43\/100\n|\n|-weather|RainDance|[upkeep]\n|-damage|p1a: Pelipper|71\/100 psn|[from] psn\n|-damage|p1b: Ting-Lu|28\/100 psn|[from] psn\n|upkeep\n|turn|3\n|\n|t:|1683806780\n|move|p2b: Dondozo|Protect|p2b: Dondozo\n|-singleturn|p2b: Dondozo|Protect\n|move|p1a: Pelipper|Hurricane|p2b: Dondozo\n|-activate|p2b: Dondozo|move: Protect\n|move|p1b: Ting-Lu|Stomping Tantrum|p2b: Dondozo\n|-activate|p2b: Dondozo|move: Protect\n|\n|-weather|RainDance|[upkeep]\n|-damage|p1a: Pelipper|59\/100 psn|[from] psn\n|-damage|p1b: Ting-Lu|16\/100 psn|[from] psn\n|upkeep\n|turn|4\n|inactive|hysaaron has 30 seconds left.\n|\n|t:|1683806807\n|move|p1a: Pelipper|Hurricane|p2b: Dondozo\n|-damage|p2b: Dondozo|30\/100\n|-start|p2b: Dondozo|confusion\n|-enditem|p2b: Dondozo|Lum Berry|[eat]\n|-end|p2b: Dondozo|confusion\n|move|p2b: Dondozo|Wave Crash|p1b: Ting-Lu\n|-resisted|p1b: Ting-Lu\n|-damage|p1b: Ting-Lu|0 fnt\n|faint|p1b: Ting-Lu\n|-damage|p2b: Dondozo|25\/100|[from] Recoil\n|\n|-weather|RainDance|[upkeep]\n|-damage|p1a: Pelipper|47\/100 psn|[from] psn\n|upkeep\n|inactive|hysaaron has 30 seconds left.\n|\n|t:|1683806833\n|switch|p1b: Flutter Mane|Flutter Mane, L50|100\/100\n|-status|p1b: Flutter Mane|psn\n|turn|5\n|\n|t:|1683806853\n|move|p2b: Dondozo|Protect|p2b: Dondozo\n|-singleturn|p2b: Dondozo|Protect\n|move|p1b: Flutter Mane|Moonblast|p2b: Dondozo\n|-activate|p2b: Dondozo|move: Protect\n|move|p1a: Pelipper|Hurricane|p2b: Dondozo\n|-activate|p2b: Dondozo|move: Protect\n|\n|-weather|RainDance|[upkeep]\n|-damage|p1b: Flutter Mane|89\/100 psn|[from] psn\n|-damage|p1a: Pelipper|35\/100 psn|[from] psn\n|-sideend|p1: hysaaron|move: Tailwind\n|upkeep\n|turn|6\n|\n|t:|1683806867\n|-terastallize|p2b: Dondozo|Steel\n|move|p2b: Dondozo|Rest|p2b: Dondozo\n|-status|p2b: Dondozo|slp|[from] move: Rest\n|-heal|p2b: Dondozo|100\/100 slp|[silent]\n|move|p1b: Flutter Mane|Moonblast|p2b: Dondozo\n|-resisted|p2b: Dondozo\n|-damage|p2b: Dondozo|86\/100 slp\n|-unboost|p2b: Dondozo|spa|1\n|move|p1a: Pelipper|Hurricane|p2b: Dondozo\n|-resisted|p2b: Dondozo\n|-damage|p2b: Dondozo|78\/100 slp\n|-start|p2b: Dondozo|confusion\n|\n|-weather|RainDance|[upkeep]\n|-damage|p1b: Flutter Mane|77\/100 psn|[from] psn\n|-damage|p1a: Pelipper|23\/100 psn|[from] psn\n|upkeep\n|turn|7\n|\n|t:|1683806885\n|-end|p1b: Flutter Mane|Protosynthesis|[silent]\n|switch|p1b: Palafin|Palafin-Hero, L50, F|100\/100\n|-status|p1b: Palafin|psn\n|-activate|p1b: Palafin|ability: Zero to Hero\n|cant|p2b: Dondozo|slp\n|move|p1a: Pelipper|Tailwind|p1a: Pelipper\n|-sidestart|p1: hysaaron|move: Tailwind\n|\n|-weather|RainDance|[upkeep]\n|-damage|p1b: Palafin|88\/100 psn|[from] psn\n|-damage|p1a: Pelipper|11\/100 psn|[from] psn\n|upkeep\n|turn|8\n|\n|t:|1683806900\n|cant|p2b: Dondozo|slp\n|move|p1b: Palafin|Haze|p1b: Palafin\n|-clearallboost\n|move|p1a: Pelipper|Hurricane|p2b: Dondozo\n|-resisted|p2b: Dondozo\n|-crit|p2b: Dondozo\n|-damage|p2b: Dondozo|53\/100 slp\n|\n|-weather|none\n|-damage|p1b: Palafin|76\/100 psn|[from] psn\n|-damage|p1a: Pelipper|0 fnt|[from] psn\n|faint|p1a: Pelipper\n|upkeep\n|\n|t:|1683806912\n|switch|p1a: Flutter Mane|Flutter Mane, L50|77\/100 psn\n|turn|9\n|inactive|hysaaron has 30 seconds left.\n|\n|t:|1683806938\n|-curestatus|p2b: Dondozo|slp|[msg]\n|-activate|p2b: Dondozo|confusion\n|move|p2b: Dondozo|Protect|p2b: Dondozo\n|-singleturn|p2b: Dondozo|Protect\n|move|p1a: Flutter Mane|Moonblast|p2b: Dondozo\n|-activate|p2b: Dondozo|move: Protect\n|move|p1b: Palafin|Wave Crash|p2b: Dondozo\n|-activate|p2b: Dondozo|move: Protect\n|\n|-damage|p1a: Flutter Mane|65\/100 psn|[from] psn\n|-damage|p1b: Palafin|64\/100 psn|[from] psn\n|upkeep\n|turn|10\n|\n|t:|1683806952\n|move|p1a: Flutter Mane|Moonblast|p2b: Dondozo\n|-resisted|p2b: Dondozo\n|-damage|p2b: Dondozo|24\/100\n|move|p1b: Palafin|Wave Crash|p2b: Dondozo\n|-damage|p2b: Dondozo|0 fnt\n|faint|p2b: Dondozo\n|-damage|p1b: Palafin|56\/100 psn|[from] Recoil\n|\n|-damage|p1a: Flutter Mane|53\/100 psn|[from] psn\n|-damage|p1b: Palafin|43\/100 psn|[from] psn\n|-sideend|p1: hysaaron|move: Tailwind\n|upkeep\n|\n|t:|1683806962\n|switch|p2b: Gholdengo|Gholdengo, L50|100\/100\n|turn|11\n|\n|t:|1683806969\n|move|p2b: Gholdengo|Protect|p2b: Gholdengo\n|-singleturn|p2b: Gholdengo|Protect\n|move|p2a: Tatsugiri|Icy Wind|p1a: Flutter Mane|[spread] p1a,p1b\n|-resisted|p1b: Palafin\n|-damage|p1a: Flutter Mane|42\/100 psn\n|-damage|p1b: Palafin|37\/100 psn\n|-unboost|p1a: Flutter Mane|spe|1\n|-unboost|p1b: Palafin|spe|1\n|move|p1a: Flutter Mane|Moonblast|p2a: Tatsugiri\n|-supereffective|p2a: Tatsugiri\n|-damage|p2a: Tatsugiri|0 fnt\n|faint|p2a: Tatsugiri\n|move|p1b: Palafin|Wave Crash|p2b: Gholdengo\n|-activate|p2b: Gholdengo|move: Protect\n|\n|-damage|p1a: Flutter Mane|30\/100 psn|[from] psn\n|-damage|p1b: Palafin|25\/100 psn|[from] psn\n|upkeep\n|turn|12\n|\n|t:|1683806988\n|move|p2b: Gholdengo|Make It Rain|p1b: Palafin|[spread] p1a,p1b\n|-supereffective|p1a: Flutter Mane\n|-resisted|p1b: Palafin\n|-damage|p1a: Flutter Mane|0 fnt\n|-damage|p1b: Palafin|5\/100 psn\n|-unboost|p2b: Gholdengo|spa|1\n|faint|p1a: Flutter Mane\n|-end|p1a: Flutter Mane|Protosynthesis|[silent]\n|move|p1b: Palafin|Wave Crash|p2b: Gholdengo\n|-damage|p2b: Gholdengo|12\/100\n|-damage|p1b: Palafin|0 fnt|[from] Recoil\n|faint|p1b: Palafin\n|\n|win|Oskra\n|raw|hysaaron's rating: 1164 → 1138<\/strong> (-26 for losing)\n|raw|Oskra's rating: 1144 → 1170<\/strong> (+26 for winning)\n","uploadtime":1683806991,"views":13,"p1id":"hysaaron","p2id":"oskra","formatid":"gen9vgc2023regulationc","rating":1138,"private":0,"password":""}