{"id":"gen9vgc2023regulationc-1856538279","p1":"k58462312","p2":"ClessCL","format":"[Gen 9] VGC 2023 Regulation C","log":"|j|\u2606k58462312\n|j|\u2606ClessCL\n|t:|1683073162\n|gametype|doubles\n|player|p1|k58462312|riley|1326\n|player|p2|ClessCL|lance|1334\n|teamsize|p1|6\n|teamsize|p2|6\n|gen|9\n|tier|[Gen 9] VGC 2023 Regulation C\n|rated|\n|rule|Species Clause: Limit one of each Pok\u00e9mon\n|rule|Item Clause: Limit one of each item\n|clearpoke\n|poke|p1|Scizor, L50, M|\n|poke|p1|Abomasnow, L50, F|\n|poke|p1|Iron Bundle, L50|\n|poke|p1|Garchomp, L50, F|\n|poke|p1|Talonflame, L50, M|\n|poke|p1|Chien-Pao, L50|\n|poke|p2|Gyarados, L50, F|\n|poke|p2|Iron Moth, L50|\n|poke|p2|Tinkaton, L50, F|\n|poke|p2|Murkrow, L50, F|\n|poke|p2|Flutter Mane, L50|\n|poke|p2|Garganacl, L50, M|\n|teampreview|4\n|inactive|Battle timer is ON: inactive players will automatically lose when time's up. (requested by ClessCL)\n|inactive|k58462312 has 60 seconds left.\n|inactive|ClessCL has 60 seconds left.\n|\n|t:|1683073205\n|start\n|switch|p1a: Garchomp|Garchomp, L50, F|100\/100\n|switch|p1b: Iron Bundle|Iron Bundle, L50|100\/100\n|switch|p2a: Garganacl|Garganacl, L50, M|100\/100\n|switch|p2b: Tinkaton|Tinkaton, L50, F|100\/100\n|-ability|p2b: Tinkaton|Mold Breaker\n|-enditem|p1b: Iron Bundle|Booster Energy\n|-activate|p1b: Iron Bundle|ability: Quark Drive|[fromitem]\n|-start|p1b: Iron Bundle|quarkdrivespe\n|turn|1\n|\n|t:|1683073225\n|move|p1b: Iron Bundle|Protect|p1b: Iron Bundle\n|-singleturn|p1b: Iron Bundle|Protect\n|move|p2b: Tinkaton|Fake Out|p1a: Garchomp\n|-damage|p1a: Garchomp|93\/100\n|-damage|p2b: Tinkaton|88\/100|[from] ability: Rough Skin|[of] p1a: Garchomp\n|cant|p1a: Garchomp|flinch\n|move|p2a: Garganacl|Salt Cure|p1b: Iron Bundle\n|-activate|p1b: Iron Bundle|move: Protect\n|\n|upkeep\n|turn|2\n|\n|t:|1683073247\n|-end|p1b: Iron Bundle|Quark Drive|[silent]\n|switch|p1b: Talonflame|Talonflame, L50, M|100\/100\n|switch|p2b: Gyarados|Gyarados, L50, F|100\/100\n|-ability|p2b: Gyarados|Intimidate|boost\n|-unboost|p1a: Garchomp|atk|1\n|-unboost|p1b: Talonflame|atk|1\n|-terastallize|p1a: Garchomp|Ground\n|-terastallize|p2a: Garganacl|Ghost\n|move|p1a: Garchomp|Earthquake|p2b: Gyarados|[spread] p2a\n|-immune|p1b: Talonflame\n|-immune|p2b: Gyarados\n|-damage|p2a: Garganacl|71\/100\n|-damage|p1a: Garchomp|84\/100|[from] item: Life Orb\n|move|p2a: Garganacl|Salt Cure|p1b: Talonflame\n|-supereffective|p1b: Talonflame\n|-damage|p1b: Talonflame|23\/100\n|\n|-heal|p2a: Garganacl|76\/100|[from] item: Leftovers\n|upkeep\n|turn|3\n|inactive|k58462312 has 30 seconds left.\n|inactive|k58462312 has 20 seconds left.\n|\n|t:|1683073283\n|move|p1b: Talonflame|Will-O-Wisp|p2b: Gyarados\n|-status|p2b: Gyarados|brn\n|-enditem|p2b: Gyarados|Lum Berry|[eat]\n|-curestatus|p2b: Gyarados|brn|[msg]\n|move|p1a: Garchomp|Rock Slide|p2a: Garganacl|[spread] p2a,p2b\n|-supereffective|p2b: Gyarados\n|-damage|p2a: Garganacl|64\/100\n|-damage|p2b: Gyarados|64\/100\n|-damage|p1a: Garchomp|74\/100|[from] item: Life Orb\n|move|p2b: Gyarados|Waterfall|p1b: Talonflame\n|-supereffective|p1b: Talonflame\n|-damage|p1b: Talonflame|0 fnt\n|faint|p1b: Talonflame\n|cant|p2a: Garganacl|flinch\n|\n|-heal|p2a: Garganacl|70\/100|[from] item: Leftovers\n|upkeep\n|\n|t:|1683073305\n|switch|p1b: Iron Bundle|Iron Bundle, L50|100\/100\n|turn|4\n|\n|t:|1683073312\n|switch|p1a: Abomasnow|Abomasnow, L50, F|100\/100\n|-weather|Snow|[from] ability: Snow Warning|[of] p1a: Abomasnow\n|move|p2b: Gyarados|Protect|p2b: Gyarados\n|-singleturn|p2b: Gyarados|Protect\n|move|p1b: Iron Bundle|Blizzard|p2b: Gyarados|[spread] p2a\n|-activate|p2b: Gyarados|move: Protect\n|-damage|p2a: Garganacl|41\/100\n|move|p2a: Garganacl|Salt Cure|p1a: Abomasnow\n|-supereffective|p1a: Abomasnow\n|-damage|p1a: Abomasnow|76\/100\n|-start|p1a: Abomasnow|Salt Cure\n|\n|-weather|Snow|[upkeep]\n|-heal|p2a: Garganacl|46\/100|[from] item: Leftovers\n|-damage|p1a: Abomasnow|63\/100|[from] Salt Cure\n|upkeep\n|turn|5\n|\n|t:|1683073338\n|move|p1b: Iron Bundle|Freeze-Dry|p2b: Gyarados\n|-supereffective|p2b: Gyarados\n|-damage|p2b: Gyarados|0 fnt\n|faint|p2b: Gyarados\n|move|p1a: Abomasnow|Blizzard|p2a: Garganacl\n|-damage|p2a: Garganacl|10\/100\n|move|p2a: Garganacl|Salt Cure|p1b: Iron Bundle\n|-supereffective|p1b: Iron Bundle\n|-damage|p1b: Iron Bundle|76\/100\n|-start|p1b: Iron Bundle|Salt Cure\n|\n|-weather|Snow|[upkeep]\n|-heal|p2a: Garganacl|16\/100|[from] item: Leftovers\n|-damage|p1b: Iron Bundle|51\/100|[from] Salt Cure\n|-damage|p1a: Abomasnow|51\/100|[from] Salt Cure\n|upkeep\n|\n|t:|1683073350\n|switch|p2b: Tinkaton|Tinkaton, L50, F|88\/100\n|-ability|p2b: Tinkaton|Mold Breaker\n|turn|6\n|\n|t:|1683073361\n|-end|p1b: Iron Bundle|Quark Drive|[silent]\n|switch|p1b: Garchomp|Garchomp, L50, F, tera:Ground|74\/100\n|move|p2a: Garganacl|Wide Guard|p2a: Garganacl\n|-singleturn|p2a: Garganacl|Wide Guard\n|move|p2b: Tinkaton|Gigaton Hammer|p1b: Garchomp\n|-damage|p1b: Garchomp|35\/100\n|move|p1a: Abomasnow|Energy Ball|p2b: Tinkaton\n|-resisted|p2b: Tinkaton\n|-damage|p2b: Tinkaton|70\/100\n|\n|-weather|Snow|[upkeep]\n|-heal|p2a: Garganacl|22\/100|[from] item: Leftovers\n|-damage|p1a: Abomasnow|39\/100|[from] Salt Cure\n|upkeep\n|turn|7\n|\n|t:|1683073382\n|move|p2a: Garganacl|Wide Guard|p2a: Garganacl\n|-singleturn|p2a: Garganacl|Wide Guard\n|move|p2b: Tinkaton|Foul Play|p1b: Garchomp\n|-damage|p1b: Garchomp|0 fnt\n|-damage|p2b: Tinkaton|58\/100|[from] ability: Rough Skin|[of] p1b: Garchomp\n|faint|p1b: Garchomp\n|move|p1a: Abomasnow|Blizzard|p2a: Garganacl|[spread] \n|-activate|p2a: Garganacl|move: Wide Guard\n|-activate|p2b: Tinkaton|move: Wide Guard\n|\n|-weather|Snow|[upkeep]\n|-heal|p2a: Garganacl|28\/100|[from] item: Leftovers\n|-damage|p1a: Abomasnow|26\/100|[from] Salt Cure\n|upkeep\n|\n|t:|1683073399\n|switch|p1b: Iron Bundle|Iron Bundle, L50|51\/100\n|turn|8\n|\n|t:|1683073409\n|move|p2a: Garganacl|Wide Guard|p2a: Garganacl\n|-singleturn|p2a: Garganacl|Wide Guard\n|move|p1b: Iron Bundle|Hydro Pump|p2b: Tinkaton\n|-damage|p2b: Tinkaton|9\/100\n|move|p2b: Tinkaton|Gigaton Hammer|p1a: Abomasnow\n|-supereffective|p1a: Abomasnow\n|-damage|p1a: Abomasnow|0 fnt\n|faint|p1a: Abomasnow\n|\n|-weather|Snow|[upkeep]\n|-heal|p2a: Garganacl|33\/100|[from] item: Leftovers\n|upkeep\n|turn|9\n|\n|t:|1683073426\n|move|p2a: Garganacl|Wide Guard|p2a: Garganacl\n|-singleturn|p2a: Garganacl|Wide Guard\n|move|p1b: Iron Bundle|Blizzard|p2b: Tinkaton|[spread] \n|-activate|p2a: Garganacl|move: Wide Guard\n|-activate|p2b: Tinkaton|move: Wide Guard\n|move|p2b: Tinkaton|Encore|p1b: Iron Bundle\n|-start|p1b: Iron Bundle|Encore\n|\n|-weather|Snow|[upkeep]\n|-heal|p2a: Garganacl|39\/100|[from] item: Leftovers\n|upkeep\n|turn|10\n|\n|t:|1683073440\n|move|p2a: Garganacl|Wide Guard|p2a: Garganacl\n|-singleturn|p2a: Garganacl|Wide Guard\n|move|p1b: Iron Bundle|Blizzard|p2a: Garganacl|[spread] \n|-activate|p2a: Garganacl|move: Wide Guard\n|-activate|p2b: Tinkaton|move: Wide Guard\n|move|p2b: Tinkaton|Gigaton Hammer|p1b: Iron Bundle\n|-damage|p1b: Iron Bundle|19\/100\n|\n|-weather|Snow|[upkeep]\n|-heal|p2a: Garganacl|45\/100|[from] item: Leftovers\n|upkeep\n|turn|11\n|\n|t:|1683073457\n|move|p2a: Garganacl|Wide Guard|p2a: Garganacl\n|-singleturn|p2a: Garganacl|Wide Guard\n|move|p1b: Iron Bundle|Blizzard|p2a: Garganacl|[spread] \n|-activate|p2a: Garganacl|move: Wide Guard\n|-activate|p2b: Tinkaton|move: Wide Guard\n|move|p2b: Tinkaton|Foul Play|p1b: Iron Bundle\n|-damage|p1b: Iron Bundle|6\/100\n|\n|-weather|none\n|-heal|p2a: Garganacl|51\/100|[from] item: Leftovers\n|upkeep\n|turn|12\n|\n|t:|1683073472\n|move|p2a: Garganacl|Wide Guard|p2a: Garganacl\n|-singleturn|p2a: Garganacl|Wide Guard\n|move|p1b: Iron Bundle|Blizzard|p2b: Tinkaton|[spread] \n|-activate|p2a: Garganacl|move: Wide Guard\n|-activate|p2b: Tinkaton|move: Wide Guard\n|move|p2b: Tinkaton|Gigaton Hammer|p1b: Iron Bundle\n|-damage|p1b: Iron Bundle|0 fnt\n|faint|p1b: Iron Bundle\n|-end|p1b: Iron Bundle|Quark Drive|[silent]\n|\n|win|ClessCL\n|raw|k58462312's rating: 1326 → 1306<\/strong> (-20 for losing)\n|raw|ClessCL's rating: 1334 → 1354<\/strong> (+20 for winning)\n","uploadtime":1683073488,"views":12,"p1id":"k58462312","p2id":"clesscl","formatid":"gen9vgc2023regulationc","rating":1306,"private":0,"password":""}