{"id":"gen9vgc2023regulationc-1849447271","p1":"panth413","p2":"Puchy1077","format":"[Gen 9] VGC 2023 Regulation C","log":"|j|\u2606panth413\n|j|\u2606Puchy1077\n|t:|1682199514\n|gametype|doubles\n|player|p1|panth413|169|1087\n|player|p2|Puchy1077|janine|1111\n|teamsize|p1|6\n|teamsize|p2|6\n|gen|9\n|tier|[Gen 9] VGC 2023 Regulation C\n|rated|\n|rule|Species Clause: Limit one of each Pok\u00e9mon\n|rule|Item Clause: Limit one of each item\n|clearpoke\n|poke|p1|Tyranitar, L50, F|\n|poke|p1|Lycanroc, L50, M|\n|poke|p1|Houndstone, L50, M|\n|poke|p1|Garchomp, L50, M|\n|poke|p1|Sylveon, L50, M|\n|poke|p1|Talonflame, L50, M|\n|poke|p2|Chi-Yu, L50|\n|poke|p2|Flutter Mane, L50|\n|poke|p2|Iron Bundle, L50|\n|poke|p2|Amoonguss, L50, F|\n|poke|p2|Iron Hands, L50|\n|poke|p2|Dragonite, L50, M|\n|teampreview|4\n|\n|t:|1682199554\n|start\n|switch|p1a: Talonflame|Talonflame, L50, M|100\/100\n|switch|p1b: Garchomp|Garchomp, L50, M|100\/100\n|switch|p2a: Dragonite|Dragonite, L50, M|100\/100\n|switch|p2b: Flutter Mane|Flutter Mane, L50|100\/100\n|-enditem|p2b: Flutter Mane|Booster Energy\n|-activate|p2b: Flutter Mane|ability: Protosynthesis|[fromitem]\n|-start|p2b: Flutter Mane|protosynthesisspe\n|turn|1\n|inactive|Battle timer is ON: inactive players will automatically lose when time's up. (requested by panth413)\n|\n|t:|1682199580\n|-terastallize|p1b: Garchomp|Fire\n|move|p2b: Flutter Mane|Protect|p2b: Flutter Mane\n|-singleturn|p2b: Flutter Mane|Protect\n|move|p1a: Talonflame|Tailwind|p1a: Talonflame\n|-sidestart|p1: panth413|move: Tailwind\n|move|p1b: Garchomp|Rock Slide|p2a: Dragonite|[spread] p2a\n|-activate|p2b: Flutter Mane|move: Protect\n|-supereffective|p2a: Dragonite\n|-damage|p2a: Dragonite|81\/100\n|cant|p2a: Dragonite|flinch\n|\n|upkeep\n|turn|2\n|\n|t:|1682199604\n|move|p1a: Talonflame|Will-O-Wisp|p2a: Dragonite\n|-status|p2a: Dragonite|brn\n|-enditem|p2a: Dragonite|Lum Berry|[eat]\n|-curestatus|p2a: Dragonite|brn|[msg]\n|move|p1b: Garchomp|Rock Slide|p2a: Dragonite|[spread] p2a,p2b\n|-supereffective|p2a: Dragonite\n|-damage|p2a: Dragonite|46\/100\n|-damage|p2b: Flutter Mane|57\/100\n|move|p2b: Flutter Mane|Shadow Ball|p1a: Talonflame\n|-damage|p1a: Talonflame|37\/100\n|move|p2a: Dragonite|Dragon Claw|p1b: Garchomp\n|-damage|p1b: Garchomp|53\/100\n|-damage|p2a: Dragonite|34\/100|[from] ability: Rough Skin|[of] p1b: Garchomp\n|\n|upkeep\n|turn|3\n|\n|t:|1682199624\n|move|p2b: Flutter Mane|Protect|p2b: Flutter Mane\n|-singleturn|p2b: Flutter Mane|Protect\n|move|p1a: Talonflame|Brave Bird|p2b: Flutter Mane\n|-activate|p2b: Flutter Mane|move: Protect\n|move|p1b: Garchomp|Rock Slide|p2b: Flutter Mane|[spread] p2a\n|-activate|p2b: Flutter Mane|move: Protect\n|-supereffective|p2a: Dragonite\n|-damage|p2a: Dragonite|0 fnt\n|faint|p2a: Dragonite\n|\n|upkeep\n|\n|t:|1682199634\n|switch|p2a: Amoonguss|Amoonguss, L50, F, shiny|100\/100\n|turn|4\n|\n|t:|1682199647\n|-end|p2b: Flutter Mane|Protosynthesis|[silent]\n|switch|p2b: Iron Hands|Iron Hands, L50|100\/100\n|move|p1a: Talonflame|Taunt|p2a: Amoonguss\n|-start|p2a: Amoonguss|move: Taunt\n|move|p1b: Garchomp|Earthquake|p2b: Iron Hands|[spread] p2a,p2b\n|-immune|p1a: Talonflame\n|-supereffective|p2b: Iron Hands\n|-damage|p2a: Amoonguss|65\/100\n|-damage|p2b: Iron Hands|45\/100\n|cant|p2a: Amoonguss|move: Taunt|Spore\n|\n|-sideend|p1: panth413|move: Tailwind\n|upkeep\n|turn|5\n|\n|t:|1682199666\n|move|p1b: Garchomp|Protect|p1b: Garchomp\n|-singleturn|p1b: Garchomp|Protect\n|move|p1a: Talonflame|Tailwind|p1a: Talonflame\n|-sidestart|p1: panth413|move: Tailwind\n|move|p2b: Iron Hands|Drain Punch|p1b: Garchomp\n|-activate|p1b: Garchomp|move: Protect\n|move|p2a: Amoonguss|Pollen Puff|p2b: Iron Hands\n|-heal|p2b: Iron Hands|95\/100\n|\n|upkeep\n|turn|6\n|inactive|Puchy1077 has 30 seconds left.\n|\n|t:|1682199693\n|move|p1a: Talonflame|Brave Bird|p2b: Iron Hands\n|-damage|p2b: Iron Hands|65\/100\n|-damage|p1a: Talonflame|21\/100|[from] Recoil\n|move|p1b: Garchomp|Earthquake|p2a: Amoonguss|[spread] p2a,p2b\n|-immune|p1a: Talonflame\n|-supereffective|p2b: Iron Hands\n|-crit|p2b: Iron Hands\n|-damage|p2a: Amoonguss|27\/100\n|-damage|p2b: Iron Hands|0 fnt\n|-enditem|p2a: Amoonguss|Sitrus Berry|[eat]\n|-heal|p2a: Amoonguss|52\/100|[from] item: Sitrus Berry\n|faint|p2b: Iron Hands\n|-end|p2b: Iron Hands|Quark Drive|[silent]\n|move|p2a: Amoonguss|Pollen Puff|p2: Iron Hands|[notarget]\n|-fail|p2a: Amoonguss\n|\n|-end|p2a: Amoonguss|move: Taunt\n|upkeep\n|\n|t:|1682199705\n|switch|p2b: Flutter Mane|Flutter Mane, L50|57\/100\n|turn|7\n|\n|t:|1682199718\n|-terastallize|p2b: Flutter Mane|Fairy\n|move|p2a: Amoonguss|Rage Powder|p2a: Amoonguss\n|-singleturn|p2a: Amoonguss|move: Rage Powder\n|move|p1a: Talonflame|Taunt|p2a: Amoonguss\n|-start|p2a: Amoonguss|move: Taunt\n|move|p1b: Garchomp|Earthquake|p2a: Amoonguss|[spread] p2a,p2b\n|-immune|p1a: Talonflame\n|-damage|p2a: Amoonguss|16\/100\n|-damage|p2b: Flutter Mane|0 fnt\n|faint|p2b: Flutter Mane\n|-end|p2b: Flutter Mane|Protosynthesis|[silent]\n|\n|upkeep\n|turn|8\n|-message|Puchy1077 forfeited.\n|\n|win|panth413\n|raw|panth413's rating: 1087 → 1116<\/strong> (+29 for winning)\n|raw|Puchy1077's rating: 1111 → 1084<\/strong> (-27 for losing)\n|l|\u2606Puchy1077\n","uploadtime":1682199761,"views":7,"p1id":"panth413","p2id":"puchy1077","formatid":"gen9vgc2023regulationc","rating":1084,"private":0,"password":""}