{"id":"gen9vgc2023regulationc-1845900087","p1":"RaimuBeat","p2":"littensalt","format":"[Gen 9] VGC 2023 Regulation C","log":"|j|\u2606RaimuBeat\n|j|\u2606littensalt\n|t:|1681777043\n|gametype|doubles\n|player|p1|RaimuBeat|caitlin|1055\n|player|p2|littensalt|hugh|1001\n|teamsize|p1|6\n|teamsize|p2|6\n|gen|9\n|tier|[Gen 9] VGC 2023 Regulation C\n|rated|\n|rule|Species Clause: Limit one of each Pok\u00e9mon\n|rule|Item Clause: Limit one of each item\n|clearpoke\n|poke|p1|Dondozo, L50, M|\n|poke|p1|Grimmsnarl, L50, M|\n|poke|p1|Corviknight, L50, M|\n|poke|p1|Tatsugiri-Droopy, L50, F|\n|poke|p1|Annihilape, L50, F|\n|poke|p1|Clodsire, L50, M|\n|poke|p2|Arcanine, L50, F|\n|poke|p2|Arboliva, L50, M|\n|poke|p2|Dragapult, L50, F|\n|poke|p2|Murkrow, L50, F|\n|poke|p2|Gholdengo, L50|\n|poke|p2|Iron Valiant, L50|\n|teampreview|4\nRaimuBeat has agreed to open team sheets.\n|\n|t:|1681777062\n|start\n|switch|p1a: Jack|Grimmsnarl, L50, M|100\/100\n|switch|p1b: Crow|Corviknight, L50, M|100\/100\n|switch|p2a: Arcanine|Arcanine, L50, F|100\/100\n|switch|p2b: Murkrow|Murkrow, L50, F|100\/100\n|-ability|p2a: Arcanine|Intimidate|boost\n|-unboost|p1a: Jack|atk|1\n|-ability|p1b: Crow|Mirror Armor\n|-unboost|p2a: Arcanine|atk|1\n|turn|1\n|\n|t:|1681777077\n|move|p1a: Jack|Fake Out|p2b: Murkrow\n|-damage|p2b: Murkrow|90\/100\n|cant|p2b: Murkrow|flinch\n|move|p2a: Arcanine|Will-O-Wisp|p1b: Crow\n|-status|p1b: Crow|brn\n|move|p1b: Crow|Bulk Up|p1b: Crow\n|-boost|p1b: Crow|atk|1\n|-boost|p1b: Crow|def|1\n|\n|-damage|p1b: Crow|95\/100 brn|[from] brn\n|upkeep\n|turn|2\n|\n|t:|1681777093\n|move|p2b: Murkrow|Tailwind|p2b: Murkrow\n|-sidestart|p2: littensalt|move: Tailwind\n|move|p1a: Jack|Reflect|p1a: Jack\n|-sidestart|p1: RaimuBeat|Reflect\n|move|p2a: Arcanine|Flare Blitz|p1b: Crow\n|-supereffective|p1b: Crow\n|-damage|p1b: Crow|65\/100 brn\n|-damage|p2a: Arcanine|84\/100|[from] item: Rocky Helmet|[of] p1b: Crow\n|-damage|p2a: Arcanine|72\/100|[from] Recoil\n|move|p1b: Crow|Bulk Up|p1b: Crow\n|-boost|p1b: Crow|atk|1\n|-boost|p1b: Crow|def|1\n|\n|-damage|p1b: Crow|60\/100 brn|[from] brn\n|upkeep\n|turn|3\n|\n|t:|1681777112\n|move|p2b: Murkrow|Haze|p2b: Murkrow\n|-clearallboost\n|move|p1a: Jack|Light Screen|p1a: Jack\n|-sidestart|p1: RaimuBeat|move: Light Screen\n|move|p2a: Arcanine|Flare Blitz|p1b: Crow\n|-supereffective|p1b: Crow\n|-damage|p1b: Crow|0 fnt\n|-damage|p2a: Arcanine|56\/100|[from] item: Rocky Helmet|[of] p1b: Crow\n|faint|p1b: Crow\n|-damage|p2a: Arcanine|31\/100|[from] Recoil\n|\n|upkeep\n|\n|t:|1681777123\n|switch|p1b: Akisa|Annihilape, L50, F|100\/100\n|turn|4\n|\n|t:|1681777147\n|-terastallize|p1b: Akisa|Steel\n|move|p2a: Arcanine|Will-O-Wisp|p1b: Akisa\n|-status|p1b: Akisa|brn\n|move|p2b: Murkrow|Icy Wind|p1b: Akisa|[spread] p1a,p1b\n|-resisted|p1b: Akisa\n|-damage|p1a: Jack|96\/100\n|-damage|p1b: Akisa|98\/100 brn\n|-unboost|p1a: Jack|spe|1\n|-unboost|p1b: Akisa|spe|1\n|-ability|p1b: Akisa|Defiant|boost\n|-boost|p1b: Akisa|atk|2\n|move|p1b: Akisa|Bulk Up|p1b: Akisa\n|-boost|p1b: Akisa|atk|1\n|-boost|p1b: Akisa|def|1\n|move|p1a: Jack|False Surrender|p2a: Arcanine\n|-damage|p2a: Arcanine|0 fnt\n|faint|p2a: Arcanine\n|\n|-damage|p1b: Akisa|92\/100 brn|[from] brn\n|upkeep\n|\n|t:|1681777171\n|switch|p2a: Gholdengo|Gholdengo, L50|100\/100\n|turn|5\n|\n|t:|1681777179\n|move|p2b: Murkrow|Haze|p2b: Murkrow\n|-clearallboost\n|move|p2a: Gholdengo|Make It Rain|p1a: Jack|[spread] p1a,p1b\n|-supereffective|p1a: Jack\n|-resisted|p1b: Akisa\n|-damage|p1a: Jack|39\/100\n|-damage|p1b: Akisa|76\/100 brn\n|-unboost|p2a: Gholdengo|spa|1\n|move|p1b: Akisa|Drain Punch|p2b: Murkrow\n|-damage|p2b: Murkrow|64\/100\n|-heal|p1b: Akisa|86\/100 brn|[from] drain|[of] p2b: Murkrow\n|move|p1a: Jack|False Surrender|p2a: Gholdengo\n|-supereffective|p2a: Gholdengo\n|-damage|p2a: Gholdengo|38\/100\n|\n|-heal|p2a: Gholdengo|44\/100|[from] item: Leftovers\n|-damage|p1b: Akisa|80\/100 brn|[from] brn\n|-sideend|p2: littensalt|move: Tailwind\n|upkeep\n|turn|6\n|\n|t:|1681777205\n|move|p2b: Murkrow|Haze|p2b: Murkrow\n|-clearallboost\n|move|p1b: Akisa|Bulk Up|p1b: Akisa\n|-boost|p1b: Akisa|atk|1\n|-boost|p1b: Akisa|def|1\n|move|p2a: Gholdengo|Make It Rain|p1a: Jack|[spread] p1a,p1b\n|-supereffective|p1a: Jack\n|-resisted|p1b: Akisa\n|-damage|p1a: Jack|0 fnt\n|-damage|p1b: Akisa|64\/100 brn\n|-unboost|p2a: Gholdengo|spa|1\n|faint|p1a: Jack\n|\n|-heal|p2a: Gholdengo|50\/100|[from] item: Leftovers\n|-damage|p1b: Akisa|58\/100 brn|[from] brn\n|upkeep\n|\n|t:|1681777221\n|switch|p1a: Yusei|Clodsire, L50, M|100\/100\n|turn|7\n|\n|t:|1681777235\n|move|p2b: Murkrow|Tailwind|p2b: Murkrow\n|-sidestart|p2: littensalt|move: Tailwind\n|move|p2a: Gholdengo|Recover|p2a: Gholdengo\n|-heal|p2a: Gholdengo|99\/100\n|move|p1b: Akisa|Drain Punch|p2b: Murkrow\n|-damage|p2b: Murkrow|23\/100\n|-heal|p1b: Akisa|74\/100 brn|[from] drain|[of] p2b: Murkrow\n|move|p1a: Yusei|Sludge Wave|p2b: Murkrow|[spread] p2b\n|-immune|p1b: Akisa\n|-immune|p2a: Gholdengo\n|-damage|p2b: Murkrow|11\/100\n|\n|-heal|p2a: Gholdengo|100\/100|[from] item: Leftovers\n|-damage|p1b: Akisa|68\/100 brn|[from] brn\n|upkeep\n|turn|8\n|\n|t:|1681777252\n|move|p2b: Murkrow|Haze|p2b: Murkrow\n|-clearallboost\n|move|p2a: Gholdengo|Shadow Ball|p1b: Akisa\n|-damage|p1b: Akisa|42\/100 brn\n|move|p1b: Akisa|Rage Fist|p2a: Gholdengo\n|-supereffective|p2a: Gholdengo\n|-damage|p2a: Gholdengo|0 fnt\n|faint|p2a: Gholdengo\n|move|p1a: Yusei|Sludge Wave|p2b: Murkrow|[spread] p2b\n|-immune|p1b: Akisa\n|-damage|p2b: Murkrow|0 fnt\n|faint|p2b: Murkrow\n|\n|-damage|p1b: Akisa|36\/100 brn|[from] brn\n|upkeep\n|\n|t:|1681777259\n|switch|p2b: Iron Valiant|Iron Valiant, L50|100\/100\n|-enditem|p2b: Iron Valiant|Booster Energy\n|-activate|p2b: Iron Valiant|ability: Quark Drive|[fromitem]\n|-start|p2b: Iron Valiant|quarkdrivespe\n|turn|9\n|\n|t:|1681777276\n|-terastallize|p2b: Iron Valiant|Steel\n|move|p2b: Iron Valiant|Psyshock|p1a: Yusei\n|-supereffective|p1a: Yusei\n|-damage|p1a: Yusei|68\/100\n|move|p1b: Akisa|Rage Fist|p2b: Iron Valiant\n|-damage|p2b: Iron Valiant|21\/100\n|move|p1a: Yusei|Sludge Wave|p2b: Iron Valiant|[spread] \n|-immune|p1b: Akisa\n|-immune|p2b: Iron Valiant\n|\n|-heal|p1a: Yusei|74\/100|[from] item: Black Sludge\n|-damage|p1b: Akisa|30\/100 brn|[from] brn\n|-sideend|p1: RaimuBeat|Reflect\n|upkeep\n|turn|10\n|\n|t:|1681777292\n|move|p1b: Akisa|Protect|p1b: Akisa\n|-singleturn|p1b: Akisa|Protect\n|move|p2b: Iron Valiant|Drain Punch|p1b: Akisa\n|-activate|p1b: Akisa|move: Protect\n|move|p1a: Yusei|Yawn|p2b: Iron Valiant\n|-start|p2b: Iron Valiant|move: Yawn|[of] p1a: Yusei\n|\n|-heal|p1a: Yusei|80\/100|[from] item: Black Sludge\n|-damage|p1b: Akisa|24\/100 brn|[from] brn\n|-sideend|p1: RaimuBeat|move: Light Screen\n|-sideend|p2: littensalt|move: Tailwind\n|upkeep\n|-enditem|p1b: Akisa|Aguav Berry|[eat]\n|-heal|p1b: Akisa|57\/100 brn|[from] item: Aguav Berry\n|turn|11\n|c|\u2606littensalt|ggs\n|\n|t:|1681777313\n|move|p1a: Yusei|Protect|p1a: Yusei\n|-singleturn|p1a: Yusei|Protect\n|move|p2b: Iron Valiant|Drain Punch|p1b: Akisa\n|-supereffective|p1b: Akisa\n|-damage|p1b: Akisa|0 fnt\n|-heal|p2b: Iron Valiant|62\/100|[from] drain|[of] p1b: Akisa\n|faint|p1b: Akisa\n|\n|-heal|p1a: Yusei|86\/100|[from] item: Black Sludge\n|-end|p2b: Iron Valiant|move: Yawn|[silent]\n|-status|p2b: Iron Valiant|slp\n|upkeep\n|turn|12\n|c|\u2606RaimuBeat|gg\n|\n|t:|1681777325\n|cant|p2b: Iron Valiant|slp\n|move|p1a: Yusei|Sludge Wave|p2b: Iron Valiant\n|-immune|p2b: Iron Valiant\n|\n|-heal|p1a: Yusei|92\/100|[from] item: Black Sludge\n|upkeep\n|turn|13\n|\n|t:|1681777331\n|-curestatus|p2b: Iron Valiant|slp|[msg]\n|move|p2b: Iron Valiant|Psyshock|p1a: Yusei\n|-supereffective|p1a: Yusei\n|-damage|p1a: Yusei|49\/100\n|move|p1a: Yusei|Sludge Wave|p2b: Iron Valiant\n|-immune|p2b: Iron Valiant\n|\n|-heal|p1a: Yusei|55\/100|[from] item: Black Sludge\n|upkeep\n|turn|14\n|\n|t:|1681777353\n|move|p2b: Iron Valiant|Psyshock|p1a: Yusei\n|-supereffective|p1a: Yusei\n|-damage|p1a: Yusei|12\/100\n|move|p1a: Yusei|Sludge Wave|p2b: Iron Valiant\n|-immune|p2b: Iron Valiant\n|\n|-heal|p1a: Yusei|18\/100|[from] item: Black Sludge\n|upkeep\n|turn|15\n|\n|t:|1681777363\n|move|p2b: Iron Valiant|Psyshock|p1a: Yusei\n|-supereffective|p1a: Yusei\n|-damage|p1a: Yusei|0 fnt\n|faint|p1a: Yusei\n|\n|win|littensalt\n|raw|RaimuBeat's rating: 1055 → 1034<\/strong> (-21 for losing)\n|raw|littensalt's rating: 1001 → 1047<\/strong> (+46 for winning)\n|l|\u2606RaimuBeat\n","uploadtime":1681777391,"views":7,"p1id":"raimubeat","p2id":"littensalt","formatid":"gen9vgc2023regulationc","rating":1034,"private":0,"password":""}