{"id":"gen9vgc2023regulationc-1861315285","p1":"wackomarko","p2":"p00pmaster12","format":"[Gen 9] VGC 2023 Regulation C","log":"|j|\u2606wackomarko\n|j|\u2606p00pmaster12\n|t:|1683745130\n|gametype|doubles\n|player|p1|wackomarko|hiker-gen4|1127\n|player|p2|p00pmaster12|1|1177\n|teamsize|p1|6\n|teamsize|p2|6\n|gen|9\n|tier|[Gen 9] VGC 2023 Regulation C\n|rated|\n|rule|Species Clause: Limit one of each Pok\u00e9mon\n|rule|Item Clause: Limit one of each item\n|clearpoke\n|poke|p1|Talonflame, L50, F|\n|poke|p1|Amoonguss, L50, M|\n|poke|p1|Flutter Mane, L50|\n|poke|p1|Chien-Pao, L50|\n|poke|p1|Gyarados, L50, F|\n|poke|p1|Dragapult, L50, F|\n|poke|p2|Chien-Pao, L50|\n|poke|p2|Chi-Yu, L50|\n|poke|p2|Flutter Mane, L50|\n|poke|p2|Dragonite, L50, M|\n|poke|p2|Iron Bundle, L50|\n|poke|p2|Palafin, L50, F|\n|teampreview|4\nwackomarko has agreed to open team sheets.\n|\n|t:|1683745163\n|start\n|switch|p1a: Talonflame|Talonflame, L50, F, shiny|100\/100\n|switch|p1b: Flutter Mane|Flutter Mane, L50, shiny|100\/100\n|switch|p2a: Dragonite|Dragonite, L50, M|100\/100\n|switch|p2b: Palafin|Palafin, L50, F|100\/100\n|turn|1\n|\n|t:|1683745176\n|-terastallize|p2a: Dragonite|Normal\n|move|p2a: Dragonite|Extreme Speed|p1a: Talonflame\n|-crit|p1a: Talonflame\n|-damage|p1a: Talonflame|12\/100\n|move|p2b: Palafin|Jet Punch|p1a: Talonflame\n|-supereffective|p1a: Talonflame\n|-damage|p1a: Talonflame|0 fnt\n|faint|p1a: Talonflame\n|move|p1b: Flutter Mane|Substitute|p1b: Flutter Mane\n|-start|p1b: Flutter Mane|Substitute\n|-damage|p1b: Flutter Mane|76\/100\n|\n|upkeep\n|\n|t:|1683745190\n|switch|p1a: Chien-Pao|Chien-Pao, L50|100\/100\n|-ability|p1a: Chien-Pao|Sword of Ruin\n|turn|2\n|\n|t:|1683745219\n|-terastallize|p1a: Chien-Pao|Ghost\n|move|p2b: Palafin|Protect|p2b: Palafin\n|-singleturn|p2b: Palafin|Protect\n|move|p1a: Chien-Pao|Sucker Punch|p2a: Dragonite\n|-damage|p2a: Dragonite|61\/100\n|move|p1b: Flutter Mane|Dazzling Gleam|p2b: Palafin|[spread] p2a\n|-activate|p2b: Palafin|move: Protect\n|-damage|p2a: Dragonite|22\/100\n|-damage|p1b: Flutter Mane|66\/100|[from] item: Life Orb\n|move|p2a: Dragonite|Aerial Ace|p1b: Flutter Mane\n|-end|p1b: Flutter Mane|Substitute\n|\n|upkeep\n|turn|3\n|\n|t:|1683745271\n|switch|p2a: Chien-Pao|Chien-Pao, L50|100\/100\n|-ability|p2a: Chien-Pao|Sword of Ruin\n|move|p2b: Palafin|Jet Punch|p1b: Flutter Mane\n|-damage|p1b: Flutter Mane|0 fnt\n|faint|p1b: Flutter Mane\n|-end|p1b: Flutter Mane|Protosynthesis|[silent]\n|move|p1a: Chien-Pao|Ice Spinner|p2b: Palafin\n|-resisted|p2b: Palafin\n|-damage|p2b: Palafin|73\/100\n|\n|upkeep\n|\n|t:|1683745282\n|switch|p1b: Dragapult|Dragapult, L50, F, shiny|100\/100\n|turn|4\n|\n|t:|1683745310\n|move|p2b: Palafin|Protect|p2b: Palafin\n|-singleturn|p2b: Palafin|Protect\n|move|p1a: Chien-Pao|Sucker Punch|p2a: Chien-Pao\n|-resisted|p2a: Chien-Pao\n|-damage|p2a: Chien-Pao|79\/100\n|move|p1b: Dragapult|Dragon Darts|p2a: Chien-Pao\n|-damage|p2a: Chien-Pao|32\/100\n|-anim|p1b: Dragapult|Dragon Darts|p2a: Chien-Pao\n|-crit|p2a: Chien-Pao\n|-damage|p2a: Chien-Pao|0 fnt\n|faint|p2a: Chien-Pao\n|\n|upkeep\n|\n|t:|1683745325\n|switch|p2a: Dragonite|Dragonite, L50, M, tera:Normal|22\/100\n|turn|5\n|\n|t:|1683745336\n|detailschange|p2b: Palafin|Palafin-Hero, L50, F\n|switch|p2b: Flutter Mane|Flutter Mane, L50|100\/100\n|move|p2a: Dragonite|Protect|p2a: Dragonite\n|-singleturn|p2a: Dragonite|Protect\n|move|p1a: Chien-Pao|Sucker Punch||[still]\n|-fail|p1a: Chien-Pao\n|move|p1b: Dragapult|Dragon Darts|p2a: Dragonite\n|-immune|p2b: Flutter Mane\n|\n|upkeep\n|turn|6\n|\n|t:|1683745360\n|move|p1a: Chien-Pao|Sucker Punch|p2b: Flutter Mane\n|-damage|p2b: Flutter Mane|5\/100\n|move|p1b: Dragapult|Dragon Darts|p2a: Dragonite\n|-damage|p2a: Dragonite|0 fnt\n|faint|p2a: Dragonite\n|move|p2b: Flutter Mane|Dazzling Gleam|p1a: Chien-Pao|[spread] p1a,p1b\n|-supereffective|p1b: Dragapult\n|-damage|p1a: Chien-Pao|29\/100\n|-damage|p1b: Dragapult|0 fnt\n|faint|p1b: Dragapult\n|\n|upkeep\n|\n|t:|1683745369\n|switch|p2a: Palafin|Palafin-Hero, L50, F|73\/100\n|-activate|p2a: Palafin|ability: Zero to Hero\n|turn|7\n|\n|t:|1683745376\n|move|p1a: Chien-Pao|Sucker Punch|p2a: Palafin\n|-damage|p2a: Palafin|36\/100\n|move|p2a: Palafin|Jet Punch|p1a: Chien-Pao\n|-damage|p1a: Chien-Pao|0 fnt\n|faint|p1a: Chien-Pao\n|\n|win|p00pmaster12\n|raw|wackomarko's rating: 1127 → 1106<\/strong> (-21 for losing)\n|raw|p00pmaster12's rating: 1177 → 1198<\/strong> (+21 for winning)\n","uploadtime":1683745384,"views":9,"p1id":"wackomarko","p2id":"p00pmaster12","formatid":"gen9vgc2023regulationc","rating":1106,"private":0,"password":""}