{"id":"gen9vgc2023regulationc-1847499788","p1":"ExcelSheet","p2":"Miggle SoCal","format":"[Gen 9] VGC 2023 Regulation C","log":"|j|\u2606ExcelSheet\n|j|\u2606Miggle SoCal\n|t:|1681963134\n|gametype|doubles\n|player|p1|ExcelSheet|hilbert-wonderlauncher|\n|player|p2|Miggle SoCal|169|\n|teamsize|p1|6\n|teamsize|p2|6\n|gen|9\n|tier|[Gen 9] VGC 2023 Regulation C\n|rule|Species Clause: Limit one of each Pok\u00e9mon\n|rule|Item Clause: Limit one of each item\n|clearpoke\n|poke|p1|Flutter Mane, L50|\n|poke|p1|Great Tusk, L50|\n|poke|p1|Scizor, L50, M|\n|poke|p1|Corviknight, L50, F|\n|poke|p1|Chi-Yu, L50|\n|poke|p1|Iron Bundle, L50|\n|poke|p2|Palafin, L50, M|\n|poke|p2|Chien-Pao, L50|\n|poke|p2|Dragapult, L50, F|\n|poke|p2|Amoonguss, L50, F|\n|poke|p2|Arcanine, L50, M|\n|poke|p2|Kingambit, L50, F|\n|teampreview|4\n|inactive|Battle timer is ON: inactive players will automatically lose when time's up. (requested by ExcelSheet)\nExcelSheet has agreed to open team sheets.\nMiggle SoCal has agreed to open team sheets.\n|inactive|Miggle SoCal has 60 seconds left.\n|\n|t:|1681963169\n|start\n|switch|p1a: Corviknight|Corviknight, L50, F|100\/100\n|switch|p1b: Scizor|Scizor, L50, M|100\/100\n|switch|p2a: Palafin|Palafin, L50, M|100\/100\n|switch|p2b: Chien-Pao|Chien-Pao, L50|100\/100\n|-ability|p2b: Chien-Pao|Sword of Ruin\n|turn|1\n|inactive|ExcelSheet has 30 seconds left.\n|inactive|Miggle SoCal has 30 seconds left.\n|\n|t:|1681963202\n|detailschange|p2a: Palafin|Palafin-Hero, L50, M\n|switch|p2a: Amoonguss|Amoonguss, L50, F|100\/100\n|move|p2b: Chien-Pao|Protect|p2b: Chien-Pao\n|-singleturn|p2b: Chien-Pao|Protect\n|move|p1a: Corviknight|Brave Bird|p2b: Chien-Pao\n|-activate|p2b: Chien-Pao|move: Protect\n|move|p1b: Scizor|U-turn|p2a: Amoonguss\n|-damage|p2a: Amoonguss|28\/100\n|-enditem|p2a: Amoonguss|Sitrus Berry|[eat]\n|-heal|p2a: Amoonguss|53\/100|[from] item: Sitrus Berry\n|\n|t:|1681963212\n|switch|p1b: Iron Bundle|Iron Bundle, L50|100\/100|[from] U-turn\n|-enditem|p1b: Iron Bundle|Booster Energy\n|-activate|p1b: Iron Bundle|ability: Quark Drive|[fromitem]\n|-start|p1b: Iron Bundle|quarkdrivespe\n|\n|upkeep\n|turn|2\n|inactive|Miggle SoCal has 30 seconds left.\n|inactive|Miggle SoCal has 20 seconds left.\n|inactive|Miggle SoCal has 15 seconds left.\n|inactive|Miggle SoCal has 10 seconds left.\n|\n|t:|1681963261\n|-terastallize|p2b: Chien-Pao|Ghost\n|move|p2a: Amoonguss|Protect|p2a: Amoonguss\n|-singleturn|p2a: Amoonguss|Protect\n|move|p2b: Chien-Pao|Sucker Punch|p1b: Iron Bundle\n|-damage|p1b: Iron Bundle|45\/100\n|move|p1b: Iron Bundle|Freeze-Dry|p2a: Amoonguss\n|-activate|p2a: Amoonguss|move: Protect\n|move|p1a: Corviknight|Brave Bird|p2a: Amoonguss\n|-activate|p2a: Amoonguss|move: Protect\n|\n|upkeep\n|turn|3\n|\n|t:|1681963285\n|-end|p1b: Iron Bundle|Quark Drive|[silent]\n|switch|p1b: Scizor|Scizor, L50, M|100\/100\n|switch|p2a: Arcanine|Arcanine, L50, M|100\/100\n|-ability|p2a: Arcanine|Intimidate|boost\n|-ability|p1a: Corviknight|Mirror Armor\n|-unboost|p2a: Arcanine|atk|1\n|-unboost|p1b: Scizor|atk|1\n|move|p2b: Chien-Pao|Ice Spinner|p1a: Corviknight\n|-damage|p1a: Corviknight|68\/100\n|move|p1a: Corviknight|Brave Bird|p2a: Arcanine\n|-damage|p2a: Arcanine|44\/100\n|-damage|p1a: Corviknight|50\/100|[from] Recoil\n|-enditem|p1a: Corviknight|Sitrus Berry|[eat]\n|-heal|p1a: Corviknight|75\/100|[from] item: Sitrus Berry\n|\n|upkeep\n|turn|4\n|inactive|ExcelSheet has 30 seconds left.\n|inactive|Miggle SoCal has 30 seconds left.\n|inactive|ExcelSheet has 20 seconds left.\n|inactive|Miggle SoCal has 20 seconds left.\n|\n|t:|1681963324\n|-terastallize|p1b: Scizor|Fire\n|move|p2b: Chien-Pao|Sucker Punch|p1b: Scizor\n|-damage|p1b: Scizor|53\/100\n|move|p1b: Scizor|Bullet Punch|p2b: Chien-Pao\n|-damage|p2b: Chien-Pao|56\/100\n|move|p2a: Arcanine|Flare Blitz|p1b: Scizor\n|-resisted|p1b: Scizor\n|-damage|p1b: Scizor|34\/100\n|-damage|p2a: Arcanine|38\/100|[from] Recoil\n|move|p1a: Corviknight|Brave Bird|p2a: Arcanine\n|-damage|p2a: Arcanine|0 fnt\n|faint|p2a: Arcanine\n|-damage|p1a: Corviknight|63\/100|[from] Recoil\n|\n|upkeep\n|\n|t:|1681963345\n|switch|p2a: Palafin|Palafin-Hero, L50, M|100\/100\n|-activate|p2a: Palafin|ability: Zero to Hero\n|turn|5\n|\n|t:|1681963358\n|switch|p1b: Iron Bundle|Iron Bundle, L50|45\/100\n|move|p2b: Chien-Pao|Protect|p2b: Chien-Pao\n|-singleturn|p2b: Chien-Pao|Protect\n|move|p2a: Palafin|Jet Punch|p1b: Iron Bundle\n|-resisted|p1b: Iron Bundle\n|-damage|p1b: Iron Bundle|7\/100\n|move|p1a: Corviknight|Tailwind|p1a: Corviknight\n|-sidestart|p1: ExcelSheet|move: Tailwind\n|\n|upkeep\n|turn|6\n|\n|t:|1681963377\n|move|p2b: Chien-Pao|Sucker Punch|p1b: Iron Bundle\n|-damage|p1b: Iron Bundle|0 fnt\n|faint|p1b: Iron Bundle\n|-end|p1b: Iron Bundle|Quark Drive|[silent]\n|move|p1a: Corviknight|Brave Bird|p2b: Chien-Pao\n|-damage|p2b: Chien-Pao|4\/100\n|-damage|p1a: Corviknight|50\/100|[from] Recoil\n|move|p2a: Palafin|Wave Crash|p1a: Corviknight\n|-damage|p1a: Corviknight|0 fnt\n|faint|p1a: Corviknight\n|-damage|p2a: Palafin|84\/100|[from] Recoil\n|\n|upkeep\n|\n|t:|1681963388\n|switch|p1b: Great Tusk|Great Tusk, L50|100\/100\n|switch|p1a: Scizor|Scizor, L50, M, tera:Fire|34\/100\n|turn|7\n|\n|t:|1681963398\n|move|p2b: Chien-Pao|Protect|p2b: Chien-Pao\n|-singleturn|p2b: Chien-Pao|Protect\n|move|p1a: Scizor|Bullet Punch|p2b: Chien-Pao\n|-activate|p2b: Chien-Pao|move: Protect\n|move|p2a: Palafin|Jet Punch|p1a: Scizor\n|-supereffective|p1a: Scizor\n|-damage|p1a: Scizor|0 fnt\n|faint|p1a: Scizor\n|move|p1b: Great Tusk|Earthquake|p2b: Chien-Pao|[spread] p2a\n|-activate|p2b: Chien-Pao|move: Protect\n|-damage|p2a: Palafin|40\/100\n|\n|upkeep\n|turn|8\n|inactive|Miggle SoCal has 30 seconds left.\n|inactive|Miggle SoCal has 20 seconds left.\n|inactive|Miggle SoCal has 15 seconds left.\n|\n|t:|1681963439\n|move|p2b: Chien-Pao|Sucker Punch|p1b: Great Tusk\n|-resisted|p1b: Great Tusk\n|-damage|p1b: Great Tusk|83\/100\n|move|p2a: Palafin|Jet Punch|p1b: Great Tusk\n|-supereffective|p1b: Great Tusk\n|-damage|p1b: Great Tusk|0 fnt\n|faint|p1b: Great Tusk\n|-end|p1b: Great Tusk|Protosynthesis|[silent]\n|\n|win|Miggle SoCal\n|c|\u2606Miggle SoCal|gg wp\n|c|\u2606ExcelSheet|gg\n","uploadtime":1681963451,"views":10,"p1id":"excelsheet","p2id":"migglesocal","formatid":"gen9vgc2023regulationc","rating":0,"private":0,"password":""}