{"id":"gen9vgc2023regulationc-1858882983","p1":"0l0f3rn3","p2":"idolhunter28273","format":"[Gen 9] VGC 2023 Regulation C","log":"|j|\u26060l0f3rn3\n|j|\u2606idolhunter28273\n|t:|1683378556\n|gametype|doubles\n|player|p1|0l0f3rn3|266|1346\n|player|p2|idolhunter28273|2|1325\n|teamsize|p1|6\n|teamsize|p2|6\n|gen|9\n|tier|[Gen 9] VGC 2023 Regulation C\n|rated|\n|rule|Species Clause: Limit one of each Pok\u00e9mon\n|rule|Item Clause: Limit one of each item\n|clearpoke\n|poke|p1|Torkoal, L50, F|\n|poke|p1|Flutter Mane, L50|\n|poke|p1|Jumpluff, L50, M|\n|poke|p1|Roaring Moon, L50|\n|poke|p1|Brute Bonnet, L50|\n|poke|p1|Farigiraf, L50, F|\n|poke|p2|Murkrow, L50, F|\n|poke|p2|Flutter Mane, L50|\n|poke|p2|Great Tusk, L50|\n|poke|p2|Chi-Yu, L50|\n|poke|p2|Gholdengo, L50|\n|poke|p2|Brute Bonnet, L50|\n|teampreview|4\nidolhunter28273 has agreed to open team sheets.\n0l0f3rn3 has agreed to open team sheets.\n|inactive|Battle timer is ON: inactive players will automatically lose when time's up. (requested by idolhunter28273)\n|\n|t:|1683378623\n|start\n|switch|p1a: Brute Bonnet|Brute Bonnet, L50|100\/100\n|switch|p1b: Farigiraf|Farigiraf, L50, F|100\/100\n|switch|p2a: Murkrow|Murkrow, L50, F|100\/100\n|switch|p2b: Brute Bonnet|Brute Bonnet, L50|100\/100\n|turn|1\n|\n|t:|1683378647\n|-terastallize|p1b: Farigiraf|Grass\n|move|p2a: Murkrow|Foul Play|p1b: Farigiraf\n|-damage|p1b: Farigiraf|78\/100\n|move|p2b: Brute Bonnet|Spore|p1b: Farigiraf\n|-immune|p1b: Farigiraf\n|move|p1a: Brute Bonnet|Close Combat|p2b: Brute Bonnet\n|-supereffective|p2b: Brute Bonnet\n|-damage|p2b: Brute Bonnet|11\/100\n|-unboost|p1a: Brute Bonnet|def|1\n|-unboost|p1a: Brute Bonnet|spd|1\n|move|p1b: Farigiraf|Trick Room|p1b: Farigiraf\n|-fieldstart|move: Trick Room|[of] p1b: Farigiraf\n|\n|upkeep\n|turn|2\n|inactive|0l0f3rn3 has 30 seconds left.\n|inactive|0l0f3rn3 has 20 seconds left.\n|\n|t:|1683378685\n|-end|p2b: Brute Bonnet|Protosynthesis|[silent]\n|switch|p2b: Flutter Mane|Flutter Mane, L50|100\/100\n|move|p1a: Brute Bonnet|Spore|p2a: Murkrow\n|-status|p2a: Murkrow|slp|[from] move: Spore\n|move|p1b: Farigiraf|Sunny Day|p1b: Farigiraf\n|-weather|SunnyDay\n|-activate|p1a: Brute Bonnet|ability: Protosynthesis\n|-start|p1a: Brute Bonnet|protosynthesisatk\n|-activate|p2b: Flutter Mane|ability: Protosynthesis\n|-start|p2b: Flutter Mane|protosynthesisspa\n|cant|p2a: Murkrow|slp\n|\n|-weather|SunnyDay|[upkeep]\n|upkeep\n|turn|3\n|\n|t:|1683378710\n|-end|p2b: Flutter Mane|Protosynthesis|[silent]\n|switch|p2b: Brute Bonnet|Brute Bonnet, L50|11\/100\n|-activate|p2b: Brute Bonnet|ability: Protosynthesis\n|-start|p2b: Brute Bonnet|protosynthesisatk\n|move|p1a: Brute Bonnet|Spore|p2b: Brute Bonnet\n|-immune|p2b: Brute Bonnet\n|move|p1b: Farigiraf|Psyshock|p2b: Brute Bonnet\n|-immune|p2b: Brute Bonnet\n|cant|p2a: Murkrow|slp\n|\n|-weather|SunnyDay|[upkeep]\n|upkeep\n|turn|4\n|inactive|0l0f3rn3 has 30 seconds left.\n|\n|t:|1683378743\n|-end|p1a: Brute Bonnet|Protosynthesis|[silent]\n|switch|p1a: Torkoal|Torkoal, L50, F|100\/100\n|move|p2b: Brute Bonnet|Protect|p2b: Brute Bonnet\n|-singleturn|p2b: Brute Bonnet|Protect\n|move|p1b: Farigiraf|Psyshock|p2b: Brute Bonnet\n|-activate|p2b: Brute Bonnet|move: Protect\n|cant|p2a: Murkrow|slp\n|\n|-weather|SunnyDay|[upkeep]\n|upkeep\n|turn|5\n|\n|t:|1683378762\n|switch|p1b: Brute Bonnet|Brute Bonnet, L50|100\/100\n|-activate|p1b: Brute Bonnet|ability: Protosynthesis\n|-start|p1b: Brute Bonnet|protosynthesisatk\n|-end|p2b: Brute Bonnet|Protosynthesis|[silent]\n|switch|p2b: Flutter Mane|Flutter Mane, L50|100\/100\n|-activate|p2b: Flutter Mane|ability: Protosynthesis\n|-start|p2b: Flutter Mane|protosynthesisspa\n|move|p1a: Torkoal|Eruption|p2b: Flutter Mane|[spread] p2a,p2b\n|-damage|p2a: Murkrow|34\/100 slp\n|-damage|p2b: Flutter Mane|42\/100\n|-curestatus|p2a: Murkrow|slp|[msg]\n|move|p2a: Murkrow|Foul Play|p1a: Torkoal\n|-damage|p1a: Torkoal|80\/100\n|\n|-weather|SunnyDay|[upkeep]\n|-fieldend|move: Trick Room\n|upkeep\n|turn|6\n|\n|t:|1683378785\n|switch|p1a: Farigiraf|Farigiraf, L50, F, tera:Grass|78\/100\n|-terastallize|p2b: Flutter Mane|Fairy\n|move|p1b: Brute Bonnet|Sucker Punch|p2b: Flutter Mane\n|-resisted|p2b: Flutter Mane\n|-damage|p2b: Flutter Mane|5\/100\n|move|p2b: Flutter Mane|Dazzling Gleam|p1a: Farigiraf|[spread] p1a,p1b\n|-supereffective|p1b: Brute Bonnet\n|-crit|p1b: Brute Bonnet\n|-damage|p1a: Farigiraf|12\/100\n|-damage|p1b: Brute Bonnet|0 fnt\n|faint|p1b: Brute Bonnet\n|-end|p1b: Brute Bonnet|Protosynthesis|[silent]\n|move|p2a: Murkrow|Foul Play|p1a: Farigiraf\n|-damage|p1a: Farigiraf|0 fnt\n|faint|p1a: Farigiraf\n|\n|-weather|none\n|-end|p2b: Flutter Mane|Protosynthesis\n|upkeep\n|\n|t:|1683378806\n|switch|p1a: Torkoal|Torkoal, L50, F|80\/100\n|switch|p1b: Flutter Mane|Flutter Mane, L50|100\/100\n|-weather|SunnyDay|[from] ability: Drought|[of] p1a: Torkoal\n|-activate|p2b: Flutter Mane|ability: Protosynthesis\n|-start|p2b: Flutter Mane|protosynthesisspa\n|-activate|p1b: Flutter Mane|ability: Protosynthesis\n|-start|p1b: Flutter Mane|protosynthesisspa\n|turn|7\n|inactive|0l0f3rn3 has 30 seconds left.\n|inactive|0l0f3rn3 has 20 seconds left.\n|\n|t:|1683378843\n|move|p2a: Murkrow|Tailwind|p2a: Murkrow\n|-sidestart|p2: idolhunter28273|move: Tailwind\n|move|p2b: Flutter Mane|Dazzling Gleam|p1b: Flutter Mane|[spread] p1a,p1b\n|-resisted|p1a: Torkoal\n|-damage|p1a: Torkoal|43\/100\n|-damage|p1b: Flutter Mane|35\/100\n|move|p1b: Flutter Mane|Dazzling Gleam|p2b: Flutter Mane|[spread] p2a,p2b\n|-supereffective|p2a: Murkrow\n|-damage|p2a: Murkrow|0 fnt\n|-damage|p2b: Flutter Mane|0 fnt\n|faint|p2a: Murkrow\n|faint|p2b: Flutter Mane\n|-end|p2b: Flutter Mane|Protosynthesis|[silent]\n|move|p1a: Torkoal|Eruption|p2: Murkrow|[notarget]\n|-fail|p1a: Torkoal\n|\n|-weather|SunnyDay|[upkeep]\n|upkeep\n|\n|t:|1683378851\n|switch|p2b: Chi-Yu|Chi-Yu, L50|100\/100\n|switch|p2a: Brute Bonnet|Brute Bonnet, L50|11\/100\n|-ability|p2b: Chi-Yu|Beads of Ruin\n|-activate|p2a: Brute Bonnet|ability: Protosynthesis\n|-start|p2a: Brute Bonnet|protosynthesisatk\n|turn|8\n|\n|t:|1683378870\n|move|p2b: Chi-Yu|Dark Pulse|p1a: Torkoal\n|-damage|p1a: Torkoal|0 fnt\n|faint|p1a: Torkoal\n|move|p2a: Brute Bonnet|Spore|p1b: Flutter Mane\n|-status|p1b: Flutter Mane|slp|[from] move: Spore\n|cant|p1b: Flutter Mane|slp\n|\n|-weather|SunnyDay|[upkeep]\n|upkeep\n|turn|9\n|-message|0l0f3rn3 forfeited.\n|\n|win|idolhunter28273\n|raw|0l0f3rn3's rating: 1346 → 1325<\/strong> (-21 for losing)\n|raw|idolhunter28273's rating: 1325 → 1346<\/strong> (+21 for winning)\n|l|\u26060l0f3rn3\n","uploadtime":1683378882,"views":8,"p1id":"0l0f3rn3","p2id":"idolhunter28273","formatid":"gen9vgc2023regulationc","rating":1325,"private":0,"password":""}