{"id":"gen9vgc2023regulationc-1846749565","p1":"Funnyman Krebs","p2":"JayVGC YT","format":"[Gen 9] VGC 2023 Regulation C","log":"|j|\u2606Funnyman Krebs\n|j|\u2606JayVGC YT\n|t:|1681873713\n|gametype|doubles\n|player|p1|Funnyman Krebs|wallace|\n|player|p2|JayVGC YT|102|\n|teamsize|p1|6\n|teamsize|p2|6\n|gen|9\n|tier|[Gen 9] VGC 2023 Regulation C\n|rule|Species Clause: Limit one of each Pok\u00e9mon\n|rule|Item Clause: Limit one of each item\n|clearpoke\n|poke|p1|Glimmora, L50, M|\n|poke|p1|Arcanine, L50, M|\n|poke|p1|Wo-Chien, L50|\n|poke|p1|Flutter Mane, L50|\n|poke|p1|Dondozo, L50, F|\n|poke|p1|Tatsugiri-Stretchy, L50, M|\n|poke|p2|Maushold-Four, L50|\n|poke|p2|Annihilape, L50, M|\n|poke|p2|Gholdengo, L50|\n|poke|p2|Iron Bundle, L50|\n|poke|p2|Arcanine, L50, F|\n|poke|p2|Roaring Moon, L50|\n|teampreview|4\n|j| Kuriboh448\n|j| hero231\n|\n|t:|1681873733\n|start\n|switch|p1a: Wheeeee!|Glimmora, L50, M, shiny|100\/100\n|switch|p1b: Flutter Mid|Flutter Mane, L50, shiny|100\/100\n|switch|p2a: Pancakes|Maushold-Four, L50|100\/100\n|switch|p2b: Monke Business|Annihilape, L50, M|100\/100\n|-enditem|p1b: Flutter Mid|Booster Energy\n|-activate|p1b: Flutter Mid|ability: Protosynthesis|[fromitem]\n|-start|p1b: Flutter Mid|protosynthesisspa\n|turn|1\n|j| repeatt\n|j| Gill x Mayhem\n|j| timber1313\n|j| Bauerdad\n|\n|t:|1681873762\n|move|p2a: Pancakes|Protect|p2a: Pancakes\n|-singleturn|p2a: Pancakes|Protect\n|move|p2b: Monke Business|Protect|p2b: Monke Business\n|-singleturn|p2b: Monke Business|Protect\n|move|p1b: Flutter Mid|Dazzling Gleam|p2a: Pancakes|[spread] \n|-activate|p2a: Pancakes|move: Protect\n|-activate|p2b: Monke Business|move: Protect\n|move|p1a: Wheeeee!|Mortal Spin|p2a: Pancakes|[spread] \n|-activate|p2a: Pancakes|move: Protect\n|-activate|p2b: Monke Business|move: Protect\n|\n|upkeep\n|turn|2\n|c| timber1313|glhf!\n|\n|t:|1681873794\n|-end|p1b: Flutter Mid|Protosynthesis|[silent]\n|switch|p1b: Large Marge|Dondozo, L50, F|100\/100\n|move|p2a: Pancakes|Follow Me|p2a: Pancakes\n|-singleturn|p2a: Pancakes|move: Follow Me\n|move|p1a: Wheeeee!|Mortal Spin|p2b: Monke Business|[spread] p2a,p2b\n|-resisted|p2b: Monke Business\n|-damage|p2a: Pancakes|96\/100\n|-damage|p2b: Monke Business|99\/100\n|-status|p2a: Pancakes|psn\n|-status|p2b: Monke Business|psn\n|move|p2b: Monke Business|Rage Fist|p1b: Large Marge\n|-damage|p1b: Large Marge|68\/100\n|\n|-heal|p2b: Monke Business|100\/100 psn|[from] item: Leftovers\n|-heal|p1b: Large Marge|74\/100|[from] item: Leftovers\n|-damage|p2a: Pancakes|83\/100 psn|[from] psn\n|-damage|p2b: Monke Business|88\/100 psn|[from] psn\n|upkeep\n|turn|3\n|\n|t:|1681873822\n|move|p1b: Large Marge|Protect|p1b: Large Marge\n|-singleturn|p1b: Large Marge|Protect\n|move|p1a: Wheeeee!|Power Gem|p2a: Pancakes\n|-crit|p2a: Pancakes\n|-damage|p2a: Pancakes|26\/100 psn\n|move|p2a: Pancakes|Beat Up|p2b: Monke Business\n|-crit|p2b: Monke Business\n|-damage|p2b: Monke Business|85\/100 psn\n|-damage|p2b: Monke Business|83\/100 psn\n|-damage|p2b: Monke Business|81\/100 psn\n|-hitcount|p2b: Monke Business|3\n|move|p2b: Monke Business|Rage Fist|p1b: Large Marge\n|-activate|p1b: Large Marge|move: Protect\n|\n|-heal|p2b: Monke Business|87\/100 psn|[from] item: Leftovers\n|-heal|p1b: Large Marge|81\/100|[from] item: Leftovers\n|-damage|p2a: Pancakes|14\/100 psn|[from] psn\n|-damage|p2b: Monke Business|74\/100 psn|[from] psn\n|upkeep\n|turn|4\n|j| hash brown enjoyer\n|\n|t:|1681873863\n|switch|p1a: Pee-wee|Tatsugiri-Stretchy, L50, M|100\/100\n|-activate|p1a: Pee-wee|ability: Commander|[of] p1b: Large Marge\n|-boost|p1b: Large Marge|atk|2\n|-boost|p1b: Large Marge|spa|2\n|-boost|p1b: Large Marge|spe|2\n|-boost|p1b: Large Marge|def|2\n|-boost|p1b: Large Marge|spd|2\n|move|p2a: Pancakes|Follow Me|p2a: Pancakes\n|-singleturn|p2a: Pancakes|move: Follow Me\n|move|p1b: Large Marge|Earthquake|p2b: Monke Business|[spread] p2a,p2b\n|-miss|p1b: Large Marge|p1a: Pee-wee\n|-damage|p2a: Pancakes|0 fnt\n|-damage|p2b: Monke Business|39\/100 psn\n|faint|p2a: Pancakes\n|move|p2b: Monke Business|Rage Fist|p1b: Large Marge\n|-damage|p1b: Large Marge|33\/100\n|\n|-heal|p1b: Large Marge|39\/100|[from] item: Leftovers\n|-heal|p2b: Monke Business|45\/100 psn|[from] item: Leftovers\n|-damage|p2b: Monke Business|33\/100 psn|[from] psn\n|upkeep\n|\n|t:|1681873878\n|switch|p2a: Iron Sack|Iron Bundle, L50|100\/100\n|turn|5\n|\n|t:|1681873890\n|move|p1b: Large Marge|Protect|p1b: Large Marge\n|-singleturn|p1b: Large Marge|Protect\n|move|p2a: Iron Sack|Freeze-Dry|p1b: Large Marge\n|-activate|p1b: Large Marge|move: Protect\n|move|p2b: Monke Business|Rage Fist|p1b: Large Marge\n|-activate|p1b: Large Marge|move: Protect\n|\n|-heal|p1b: Large Marge|45\/100|[from] item: Leftovers\n|-heal|p2b: Monke Business|39\/100 psn|[from] item: Leftovers\n|-damage|p2b: Monke Business|26\/100 psn|[from] psn\n|upkeep\n|turn|6\n|\n|t:|1681873908\n|move|p2a: Iron Sack|Freeze-Dry|p1b: Large Marge\n|-supereffective|p1b: Large Marge\n|-damage|p1b: Large Marge|4\/100\n|move|p1b: Large Marge|Earthquake|p2b: Monke Business|[spread] p2a,p2b\n|-miss|p1b: Large Marge|p1a: Pee-wee\n|-damage|p2a: Iron Sack|40\/100\n|-damage|p2b: Monke Business|0 fnt\n|faint|p2b: Monke Business\n|\n|-heal|p1b: Large Marge|11\/100|[from] item: Leftovers\n|upkeep\n|\n|t:|1681873912\n|switch|p2b: Peaceful Moon|Roaring Moon, L50|100\/100\n|-enditem|p2b: Peaceful Moon|Booster Energy\n|-activate|p2b: Peaceful Moon|ability: Protosynthesis|[fromitem]\n|-start|p2b: Peaceful Moon|protosynthesisspe\n|turn|7\n|\n|t:|1681873930\n|move|p2b: Peaceful Moon|Dragon Dance|p2b: Peaceful Moon\n|-boost|p2b: Peaceful Moon|atk|1\n|-boost|p2b: Peaceful Moon|spe|1\n|move|p2a: Iron Sack|Freeze-Dry|p1b: Large Marge\n|-supereffective|p1b: Large Marge\n|-damage|p1b: Large Marge|0 fnt\n|faint|p1b: Large Marge\n|\n|upkeep\n|l| hash brown enjoyer\n|\n|t:|1681873950\n|switch|p1b: Flutter Mid|Flutter Mane, L50, shiny|100\/100\n|turn|8\n|\n|t:|1681873964\n|-terastallize|p2b: Peaceful Moon|Flying\n|move|p2b: Peaceful Moon|Acrobatics|p1b: Flutter Mid\n|-damage|p1b: Flutter Mid|0 fnt\n|faint|p1b: Flutter Mid\n|-end|p1b: Flutter Mid|Protosynthesis|[silent]\n|move|p1a: Pee-wee|Icy Wind|p2a: Iron Sack|[spread] p2a,p2b\n|-resisted|p2a: Iron Sack\n|-supereffective|p2b: Peaceful Moon\n|-damage|p2a: Iron Sack|34\/100\n|-damage|p2b: Peaceful Moon|73\/100\n|-unboost|p2a: Iron Sack|spe|1\n|-unboost|p2b: Peaceful Moon|spe|1\n|move|p2a: Iron Sack|Freeze-Dry|p1a: Pee-wee\n|-supereffective|p1a: Pee-wee\n|-damage|p1a: Pee-wee|0 fnt\n|faint|p1a: Pee-wee\n|\n|upkeep\n|\n|t:|1681873976\n|switch|p1a: Wheeeee!|Glimmora, L50, M, shiny|100\/100\n|turn|9\n|\n|t:|1681873987\n|move|p2b: Peaceful Moon|Protect|p2b: Peaceful Moon\n|-singleturn|p2b: Peaceful Moon|Protect\n|move|p1a: Wheeeee!|Power Gem|p2a: Iron Sack\n|-supereffective|p2a: Iron Sack\n|-damage|p2a: Iron Sack|0 fnt\n|faint|p2a: Iron Sack\n|-end|p2a: Iron Sack|Quark Drive|[silent]\n|\n|upkeep\n|turn|10\n|\n|t:|1681873996\n|move|p2b: Peaceful Moon|Throat Chop|p1a: Wheeeee!\n|-damage|p1a: Wheeeee!|25\/100\n|-start|p1a: Wheeeee!|Throat Chop|[silent]\n|-activate|p1a: Wheeeee!|ability: Toxic Debris\n|-sidestart|p2: JayVGC YT|move: Toxic Spikes\n|move|p1a: Wheeeee!|Power Gem|p2b: Peaceful Moon\n|-supereffective|p2b: Peaceful Moon\n|-damage|p2b: Peaceful Moon|0 fnt\n|faint|p2b: Peaceful Moon\n|-end|p2b: Peaceful Moon|Protosynthesis|[silent]\n|\n|win|Funnyman Krebs\n|c| hero231|Great call\n|j| hash brown enjoyer\n|c| hero231|YOOOO\n|c|\u2606JayVGC YT|Jesus Christ I suck\n|c|\u2606JayVGC YT|i wanna cry\n|c| hero231|hey man don't say that\n|c|\u2606Funnyman Krebs|gg's\n|c| hero231|both of you played well\n|c| timber1313|gg guys, that was super close\n|c|\u2606Funnyman Krebs|That was the hardest set of my life\n|l| timber1313\n|l|\u2606JayVGC YT\n|c| repeatt|Ggs\n|c|\u2606Funnyman Krebs|Legit every game came down to the last mon\n|c| Gill x Mayhem|Ggs\n|c|\u2606Funnyman Krebs|gg's\n|l| repeatt\n|l| Gill x Mayhem\n","uploadtime":1681874046,"views":16,"p1id":"funnymankrebs","p2id":"jayvgcyt","formatid":"gen9vgc2023regulationc","rating":0,"private":0,"password":""}