{"id":"gen9vgc2023regulationc-1854756293","p1":"mysafewordisharder","p2":"JNIRVGC","format":"[Gen 9] VGC 2023 Regulation C","log":"|j|\u2606mysafewordisharder\n|j|\u2606JNIRVGC\n|t:|1682861984\n|gametype|doubles\n|player|p1|mysafewordisharder|milo|1215\n|player|p2|JNIRVGC|101|1159\n|teamsize|p1|6\n|teamsize|p2|6\n|gen|9\n|tier|[Gen 9] VGC 2023 Regulation C\n|rated|\n|rule|Species Clause: Limit one of each Pok\u00e9mon\n|rule|Item Clause: Limit one of each item\n|clearpoke\n|poke|p1|Garganacl, L50, M|\n|poke|p1|Arcanine, L50, M|\n|poke|p1|Amoonguss, L50, M|\n|poke|p1|Palafin, L50, F|\n|poke|p1|Flutter Mane, L50|\n|poke|p1|Baxcalibur, L50, F|\n|poke|p2|Amoonguss, L50, F|\n|poke|p2|Flutter Mane, L50|\n|poke|p2|Arcanine, L50, F|\n|poke|p2|Palafin, L50, F|\n|poke|p2|Corviknight, L50, F|\n|poke|p2|Baxcalibur, L50, F|\n|teampreview|4\nmysafewordisharder has agreed to open team sheets.\n|c|\u2606mysafewordisharder|glhf\n|\n|t:|1682862017\n|start\n|switch|p1a: Chest Day|Palafin, L50, F|100\/100\n|switch|p1b: Bax me|Baxcalibur, L50, F|100\/100\n|switch|p2a: Palafin|Palafin, L50, F|100\/100\n|switch|p2b: Flutter Mane|Flutter Mane, L50|100\/100\n|turn|1\n|\n|t:|1682862034\n|detailschange|p2a: Palafin|Palafin-Hero, L50, F\n|switch|p2a: Arcanine|Arcanine, L50, F|100\/100\n|-ability|p2a: Arcanine|Intimidate|boost\n|-unboost|p1a: Chest Day|atk|1\n|-fail|p1b: Bax me|unboost|[from] item: Clear Amulet|[of] p1b: Bax me\n|-terastallize|p1a: Chest Day|Water\n|move|p1a: Chest Day|Jet Punch|p2b: Flutter Mane\n|-damage|p2b: Flutter Mane|44\/100\n|move|p2b: Flutter Mane|Moonblast|p1b: Bax me\n|-supereffective|p1b: Bax me\n|-damage|p1b: Bax me|0 fnt\n|faint|p1b: Bax me\n|\n|upkeep\n|\n|t:|1682862046\n|switch|p1b: Salt me Bae|Garganacl, L50, M|100\/100\n|turn|2\n|\n|t:|1682862060\n|-end|p2b: Flutter Mane|Protosynthesis|[silent]\n|switch|p2b: Amoonguss|Amoonguss, L50, F|100\/100\n|detailschange|p1a: Chest Day|Palafin-Hero, L50, F, tera:Water\n|switch|p1a: Sus|Amoonguss, L50, M|100\/100\n|move|p2a: Arcanine|Wild Charge|p1a: Sus\n|-resisted|p1a: Sus\n|-damage|p1a: Sus|89\/100\n|-damage|p2a: Arcanine|96\/100|[from] Recoil\n|move|p1b: Salt me Bae|Salt Cure|p2a: Arcanine\n|-supereffective|p2a: Arcanine\n|-damage|p2a: Arcanine|63\/100\n|-start|p2a: Arcanine|Salt Cure\n|\n|-damage|p2a: Arcanine|50\/100|[from] Salt Cure\n|upkeep\n|turn|3\n|\n|t:|1682862089\n|move|p1a: Sus|Protect|p1a: Sus\n|-singleturn|p1a: Sus|Protect\n|move|p2a: Arcanine|Close Combat|p1b: Salt me Bae\n|-supereffective|p1b: Salt me Bae\n|-damage|p1b: Salt me Bae|46\/100\n|-unboost|p2a: Arcanine|def|1\n|-unboost|p2a: Arcanine|spd|1\n|move|p2b: Amoonguss|Pollen Puff|p2a: Arcanine\n|-heal|p2a: Arcanine|100\/100\n|move|p1b: Salt me Bae|Salt Cure|p2b: Amoonguss\n|-damage|p2b: Amoonguss|88\/100\n|-start|p2b: Amoonguss|Salt Cure\n|\n|-heal|p1b: Salt me Bae|52\/100|[from] item: Leftovers\n|-damage|p2a: Arcanine|88\/100|[from] Salt Cure\n|-damage|p2b: Amoonguss|76\/100|[from] Salt Cure\n|upkeep\n|turn|4\n|\n|t:|1682862129\n|switch|p2b: Flutter Mane|Flutter Mane, L50|44\/100\n|move|p2a: Arcanine|Flare Blitz|p1a: Sus\n|-supereffective|p1a: Sus\n|-damage|p1a: Sus|0 fnt\n|faint|p1a: Sus\n|-damage|p2a: Arcanine|50\/100|[from] Recoil\n|move|p1b: Salt me Bae|Salt Cure|p2a: Arcanine\n|-supereffective|p2a: Arcanine\n|-damage|p2a: Arcanine|0 fnt\n|faint|p2a: Arcanine\n|\n|-heal|p1b: Salt me Bae|58\/100|[from] item: Leftovers\n|upkeep\n|\n|t:|1682862143\n|switch|p2a: Palafin|Palafin-Hero, L50, F|100\/100\n|switch|p1a: Chest Day|Palafin-Hero, L50, F, tera:Water|100\/100\n|-activate|p1a: Chest Day|ability: Zero to Hero\n|-activate|p2a: Palafin|ability: Zero to Hero\n|turn|5\n|\n|t:|1682862159\n|-end|p2b: Flutter Mane|Protosynthesis|[silent]\n|switch|p2b: Amoonguss|Amoonguss, L50, F|100\/100\n|move|p1b: Salt me Bae|Protect|p1b: Salt me Bae\n|-singleturn|p1b: Salt me Bae|Protect\n|move|p1a: Chest Day|Jet Punch|p2b: Amoonguss\n|-resisted|p2b: Amoonguss\n|-damage|p2b: Amoonguss|72\/100\n|move|p2a: Palafin|Jet Punch|p1b: Salt me Bae\n|-activate|p1b: Salt me Bae|move: Protect\n|\n|-heal|p1b: Salt me Bae|64\/100|[from] item: Leftovers\n|upkeep\n|turn|6\n|\n|t:|1682862179\n|switch|p2a: Flutter Mane|Flutter Mane, L50|44\/100\n|move|p1a: Chest Day|Protect|p1a: Chest Day\n|-singleturn|p1a: Chest Day|Protect\n|move|p2b: Amoonguss|Spore|p1a: Chest Day\n|-activate|p1a: Chest Day|move: Protect\n|move|p1b: Salt me Bae|Recover|p1b: Salt me Bae\n|-heal|p1b: Salt me Bae|100\/100\n|\n|upkeep\n|turn|7\n|\n|t:|1682862191\n|move|p2b: Amoonguss|Rage Powder|p2b: Amoonguss\n|-singleturn|p2b: Amoonguss|move: Rage Powder\n|move|p1a: Chest Day|Jet Punch|p2b: Amoonguss\n|-resisted|p2b: Amoonguss\n|-damage|p2b: Amoonguss|46\/100\n|-enditem|p2b: Amoonguss|Sitrus Berry|[eat]\n|-heal|p2b: Amoonguss|71\/100|[from] item: Sitrus Berry\n|move|p2a: Flutter Mane|Thunderbolt|p1a: Chest Day\n|-supereffective|p1a: Chest Day\n|-damage|p1a: Chest Day|2\/100\n|move|p1b: Salt me Bae|Salt Cure|p2b: Amoonguss\n|-damage|p2b: Amoonguss|58\/100\n|-start|p2b: Amoonguss|Salt Cure\n|\n|-damage|p2b: Amoonguss|46\/100|[from] Salt Cure\n|upkeep\n|turn|8\n|\n|t:|1682862220\n|move|p2b: Amoonguss|Rage Powder|p2b: Amoonguss\n|-singleturn|p2b: Amoonguss|move: Rage Powder\n|move|p1a: Chest Day|Jet Punch|p2b: Amoonguss\n|-resisted|p2b: Amoonguss\n|-damage|p2b: Amoonguss|22\/100\n|move|p2a: Flutter Mane|Thunderbolt|p1a: Chest Day\n|-supereffective|p1a: Chest Day\n|-damage|p1a: Chest Day|0 fnt\n|faint|p1a: Chest Day\n|move|p1b: Salt me Bae|Salt Cure|p2b: Amoonguss\n|-damage|p2b: Amoonguss|9\/100\n|\n|-damage|p2b: Amoonguss|0 fnt|[from] Salt Cure\n|faint|p2b: Amoonguss\n|upkeep\n|\n|t:|1682862232\n|switch|p2b: Palafin|Palafin-Hero, L50, F|100\/100\n|turn|9\n|\n|t:|1682862238\n|-terastallize|p2b: Palafin|Water\n|move|p2a: Flutter Mane|Thunderbolt|p1b: Salt me Bae\n|-damage|p1b: Salt me Bae|66\/100\n|move|p2b: Palafin|Wave Crash|p1b: Salt me Bae\n|-supereffective|p1b: Salt me Bae\n|-damage|p1b: Salt me Bae|0 fnt\n|faint|p1b: Salt me Bae\n|-damage|p2b: Palafin|81\/100|[from] Recoil\n|\n|win|JNIRVGC\n|raw|mysafewordisharder's rating: 1215 → 1186<\/strong> (-29 for losing)\n|raw|JNIRVGC's rating: 1159 → 1188<\/strong> (+29 for winning)\n|c|\u2606mysafewordisharder|g wp\n|l|\u2606JNIRVGC\n|c|\u2606mysafewordisharder|ggwp\n","uploadtime":1682862253,"views":17,"p1id":"mysafewordisharder","p2id":"jnirvgc","formatid":"gen9vgc2023regulationc","rating":1186,"private":0,"password":""}