{"id":"gen9vgc2023regulationc-1861974146","p1":"rvmt","p2":"revocolombia","format":"[Gen 9] VGC 2023 Regulation C","log":"|j|\u2606rvmt\n|j|\u2606revocolombia\n|t:|1683825476\n|gametype|doubles\n|player|p1|rvmt|hilbert-wonderlauncher|1404\n|player|p2|revocolombia|pokemonranger-gen4|1303\n|teamsize|p1|6\n|teamsize|p2|6\n|gen|9\n|tier|[Gen 9] VGC 2023 Regulation C\n|rated|\n|rule|Species Clause: Limit one of each Pok\u00e9mon\n|rule|Item Clause: Limit one of each item\n|clearpoke\n|poke|p1|Annihilape, L50, F|\n|poke|p1|Amoonguss, L50, F|\n|poke|p1|Flutter Mane, L50|\n|poke|p1|Chi-Yu, L50|\n|poke|p1|Palafin, L50, M|\n|poke|p1|Gyarados, L50, F|\n|poke|p2|Flutter Mane, L50|\n|poke|p2|Great Tusk, L50|\n|poke|p2|Gholdengo, L50|\n|poke|p2|Chien-Pao, L50|\n|poke|p2|Murkrow, L50, F|\n|poke|p2|Annihilape, L50, F|\n|teampreview|4\n|\n|t:|1683825491\n|start\n|switch|p1a: Palafin|Palafin, L50, M|100\/100\n|switch|p1b: Annihilape|Annihilape, L50, F, shiny|100\/100\n|switch|p2a: Flutter Mane|Flutter Mane, L50|100\/100\n|switch|p2b: Murkrow|Murkrow, L50, F|100\/100\n|-enditem|p2a: Flutter Mane|Booster Energy\n|-activate|p2a: Flutter Mane|ability: Protosynthesis|[fromitem]\n|-start|p2a: Flutter Mane|protosynthesisspa\n|turn|1\n|inactive|Battle timer is ON: inactive players will automatically lose when time's up. (requested by rvmt)\n|\n|t:|1683825513\n|-terastallize|p2a: Flutter Mane|Fairy\n|-terastallize|p1b: Annihilape|Water\n|move|p1a: Palafin|Protect|p1a: Palafin\n|-singleturn|p1a: Palafin|Protect\n|move|p2b: Murkrow|Taunt|p1b: Annihilape\n|-start|p1b: Annihilape|move: Taunt\n|move|p2a: Flutter Mane|Dazzling Gleam|p1a: Palafin|[spread] p1b\n|-activate|p1a: Palafin|move: Protect\n|-crit|p1b: Annihilape\n|-damage|p1b: Annihilape|32\/100\n|-enditem|p1b: Annihilape|Sitrus Berry|[eat]\n|-heal|p1b: Annihilape|57\/100|[from] item: Sitrus Berry\n|move|p1b: Annihilape|Rage Fist|p2a: Flutter Mane\n|-damage|p2a: Flutter Mane|25\/100\n|\n|upkeep\n|turn|2\n|inactive|rvmt has 30 seconds left.\n|inactive|revocolombia has 30 seconds left.\n|\n|t:|1683825544\n|move|p1a: Palafin|Jet Punch|p2a: Flutter Mane\n|-damage|p2a: Flutter Mane|0 fnt\n|faint|p2a: Flutter Mane\n|-end|p2a: Flutter Mane|Protosynthesis|[silent]\n|move|p2b: Murkrow|Sunny Day|p2b: Murkrow\n|-weather|SunnyDay\n|move|p1b: Annihilape|Drain Punch|p2b: Murkrow\n|-damage|p2b: Murkrow|66\/100\n|-heal|p1b: Annihilape|71\/100|[from] drain|[of] p2b: Murkrow\n|\n|-weather|SunnyDay|[upkeep]\n|upkeep\n|\n|t:|1683825559\n|switch|p2a: Great Tusk|Great Tusk, L50|100\/100\n|-activate|p2a: Great Tusk|ability: Protosynthesis\n|-start|p2a: Great Tusk|protosynthesisatk\n|turn|3\n|\n|t:|1683825568\n|detailschange|p1a: Palafin|Palafin-Hero, L50, M\n|switch|p1a: Gyarados|Gyarados, L50, F|100\/100\n|-ability|p1a: Gyarados|Intimidate|boost\n|-fail|p2a: Great Tusk|unboost|[from] item: Clear Amulet|[of] p2a: Great Tusk\n|-unboost|p2b: Murkrow|atk|1\n|move|p2b: Murkrow|Tailwind|p2b: Murkrow\n|-sidestart|p2: revocolombia|move: Tailwind\n|move|p2a: Great Tusk|Earthquake|p1b: Annihilape|[spread] p1b\n|-immune|p2b: Murkrow\n|-immune|p1a: Gyarados\n|-damage|p1b: Annihilape|14\/100\n|move|p1b: Annihilape|Rage Fist|p2a: Great Tusk\n|-damage|p2a: Great Tusk|56\/100\n|\n|-weather|SunnyDay|[upkeep]\n|-end|p1b: Annihilape|move: Taunt\n|upkeep\n|turn|4\n|inactive|revocolombia has 30 seconds left.\n|\n|t:|1683825600\n|switch|p2b: Annihilape|Annihilape, L50, F|100\/100\n|move|p1b: Annihilape|Protect|p1b: Annihilape\n|-singleturn|p1b: Annihilape|Protect\n|move|p2a: Great Tusk|Rock Slide|p1a: Gyarados|[spread] p1a\n|-activate|p1b: Annihilape|move: Protect\n|-supereffective|p1a: Gyarados\n|-damage|p1a: Gyarados|39\/100\n|move|p1a: Gyarados|Waterfall|p2a: Great Tusk\n|-supereffective|p2a: Great Tusk\n|-damage|p2a: Great Tusk|36\/100\n|\n|-weather|SunnyDay|[upkeep]\n|-heal|p1a: Gyarados|45\/100|[from] item: Leftovers\n|upkeep\n|turn|5\n|inactive|revocolombia has 30 seconds left.\n|\n|t:|1683825630\n|move|p2b: Annihilape|Rage Fist|p1b: Annihilape\n|-damage|p1b: Annihilape|0 fnt\n|faint|p1b: Annihilape\n|move|p2a: Great Tusk|Rock Slide|p1a: Gyarados\n|-supereffective|p1a: Gyarados\n|-damage|p1a: Gyarados|0 fnt\n|faint|p1a: Gyarados\n|\n|-weather|SunnyDay|[upkeep]\n|upkeep\n|\n|t:|1683825639\n|switch|p1b: Chi-Yu|Chi-Yu, L50|100\/100\n|switch|p1a: Palafin|Palafin-Hero, L50, M|100\/100\n|-ability|p1b: Chi-Yu|Beads of Ruin\n|-activate|p1a: Palafin|ability: Zero to Hero\n|turn|6\n|\n|t:|1683825662\n|move|p2b: Annihilape|Protect|p2b: Annihilape\n|-singleturn|p2b: Annihilape|Protect\n|move|p1b: Chi-Yu|Heat Wave|p2a: Great Tusk|[spread] p2a\n|-activate|p2b: Annihilape|move: Protect\n|-damage|p2a: Great Tusk|0 fnt\n|faint|p2a: Great Tusk\n|-end|p2a: Great Tusk|Protosynthesis|[silent]\n|move|p1a: Palafin|Wave Crash|p2b: Annihilape\n|-activate|p2b: Annihilape|move: Protect\n|\n|-weather|none\n|-sideend|p2: revocolombia|move: Tailwind\n|upkeep\n|\n|t:|1683825675\n|switch|p2a: Murkrow|Murkrow, L50, F|66\/100\n|turn|7\n|\n|t:|1683825685\n|move|p2a: Murkrow|Tailwind|p2a: Murkrow\n|-sidestart|p2: revocolombia|move: Tailwind\n|move|p2b: Annihilape|Drain Punch|p1b: Chi-Yu\n|-supereffective|p1b: Chi-Yu\n|-damage|p1b: Chi-Yu|0 fnt\n|faint|p1b: Chi-Yu\n|move|p1a: Palafin|Wave Crash|p2b: Annihilape\n|-damage|p2b: Annihilape|0 fnt\n|faint|p2b: Annihilape\n|-damage|p1a: Palafin|69\/100|[from] Recoil\n|\n|upkeep\n|turn|8\n|\n|t:|1683825701\n|move|p2a: Murkrow|Taunt|p1a: Palafin\n|-start|p1a: Palafin|move: Taunt\n|move|p1a: Palafin|Wave Crash|p2a: Murkrow\n|-damage|p2a: Murkrow|0 fnt\n|faint|p2a: Murkrow\n|-damage|p1a: Palafin|52\/100|[from] Recoil\n|\n|win|rvmt\n|raw|rvmt's rating: 1404 → 1418<\/strong> (+14 for winning)\n|raw|revocolombia's rating: 1303 → 1289<\/strong> (-14 for losing)\n|l|\u2606rvmt\n","uploadtime":1683825714,"views":7,"p1id":"rvmt","p2id":"revocolombia","formatid":"gen9vgc2023regulationc","rating":1289,"private":0,"password":""}