{"id":"gen9vgc2023regulationc-1849341415","p1":"maucs","p2":"123datastage123","format":"[Gen 9] VGC 2023 Regulation C","log":"|j|\u2606maucs\n|j|\u2606123datastage123\n|t:|1682187811\n|gametype|doubles\n|player|p1|maucs|giovanni|1177\n|player|p2|123datastage123|n|1284\n|teamsize|p1|6\n|teamsize|p2|6\n|gen|9\n|tier|[Gen 9] VGC 2023 Regulation C\n|rated|\n|rule|Species Clause: Limit one of each Pok\u00e9mon\n|rule|Item Clause: Limit one of each item\n|clearpoke\n|poke|p1|Baxcalibur, L50, F|\n|poke|p1|Flutter Mane, L50|\n|poke|p1|Great Tusk, L50|\n|poke|p1|Talonflame, L50, F|\n|poke|p1|Wo-Chien, L50|\n|poke|p1|Scizor, L50, F|\n|poke|p2|Ting-Lu, L50|\n|poke|p2|Palafin, L50, M|\n|poke|p2|Flutter Mane, L50|\n|poke|p2|Arcanine, L50, M|\n|poke|p2|Amoonguss, L50, M|\n|poke|p2|Corviknight, L50, M|\n|teampreview|4\n|inactive|Battle timer is ON: inactive players will automatically lose when time's up. (requested by 123datastage123)\n|inactive|maucs also wants the timer to be on.\n|inactive|maucs has 60 seconds left.\n|inactive|123datastage123 has 60 seconds left.\n|\n|t:|1682187856\n|start\n|switch|p1a: Talonflame|Talonflame, L50, F|100\/100\n|switch|p1b: Flutter Mane|Flutter Mane, L50|100\/100\n|switch|p2a: Palafin|Palafin, L50, M|100\/100\n|switch|p2b: Arcanine|Arcanine, L50, M|100\/100\n|-ability|p2b: Arcanine|Intimidate|boost\n|-unboost|p1a: Talonflame|atk|1\n|-unboost|p1b: Flutter Mane|atk|1\n|turn|1\n|inactive|123datastage123 has 30 seconds left.\n|inactive|123datastage123 has 20 seconds left.\n|inactive|123datastage123 has 15 seconds left.\n|inactive|123datastage123 has 10 seconds left.\n|inactive|123datastage123 has 5 seconds left.\n|\n|t:|1682187910\n|move|p1a: Talonflame|Tailwind|p1a: Talonflame\n|-sidestart|p1: maucs|move: Tailwind\n|move|p1b: Flutter Mane|Thunderbolt|p2a: Palafin\n|-supereffective|p2a: Palafin\n|-damage|p2a: Palafin|0 fnt\n|faint|p2a: Palafin\n|move|p2b: Arcanine|Flare Blitz|p1b: Flutter Mane\n|-damage|p1b: Flutter Mane|0 fnt\n|faint|p1b: Flutter Mane\n|-end|p1b: Flutter Mane|Protosynthesis|[silent]\n|-damage|p2b: Arcanine|78\/100|[from] Recoil\n|\n|upkeep\n|\n|t:|1682187923\n|switch|p1b: Baxcalibur|Baxcalibur, L50, F|100\/100\n|switch|p2a: Corviknight|Corviknight, L50, M|100\/100\n|turn|2\n|inactive|123datastage123 has 30 seconds left.\n|\n|t:|1682187950\n|switch|p2b: Flutter Mane|Flutter Mane, L50, shiny|100\/100\n|-enditem|p2b: Flutter Mane|Booster Energy\n|-activate|p2b: Flutter Mane|ability: Protosynthesis|[fromitem]\n|-start|p2b: Flutter Mane|protosynthesisspa\n|-terastallize|p1b: Baxcalibur|Water\n|move|p1a: Talonflame|Taunt|p2a: Corviknight\n|-start|p2a: Corviknight|move: Taunt\n|move|p1b: Baxcalibur|Tera Blast|p2a: Corviknight\n|-damage|p2a: Corviknight|62\/100\n|cant|p2a: Corviknight|move: Taunt|Bulk Up\n|\n|upkeep\n|turn|3\n|inactive|maucs has 30 seconds left.\n|inactive|123datastage123 has 30 seconds left.\n|inactive|maucs has 20 seconds left.\n|\n|t:|1682187986\n|switch|p2a: Arcanine|Arcanine, L50, M|78\/100\n|-ability|p2a: Arcanine|Intimidate|boost\n|-unboost|p1a: Talonflame|atk|1\n|-unboost|p1b: Baxcalibur|atk|1\n|move|p2b: Flutter Mane|Protect|p2b: Flutter Mane\n|-singleturn|p2b: Flutter Mane|Protect\n|move|p1a: Talonflame|Brave Bird|p2b: Flutter Mane\n|-activate|p2b: Flutter Mane|move: Protect\n|move|p1b: Baxcalibur|Tera Blast|p2b: Flutter Mane\n|-activate|p2b: Flutter Mane|move: Protect\n|\n|upkeep\n|turn|4\n|inactive|maucs has 30 seconds left.\n|inactive|123datastage123 has 30 seconds left.\n|inactive|maucs has 20 seconds left.\n|\n|t:|1682188024\n|switch|p1a: Wo-Chien|Wo-Chien, L50|100\/100\n|-ability|p1a: Wo-Chien|Tablets of Ruin\n|move|p2a: Arcanine|Extreme Speed|p1a: Wo-Chien\n|-damage|p1a: Wo-Chien|83\/100\n|move|p1b: Baxcalibur|Tera Blast|p2a: Arcanine\n|-supereffective|p2a: Arcanine\n|-damage|p2a: Arcanine|31\/100\n|move|p2b: Flutter Mane|Shadow Ball|p1a: Wo-Chien\n|-resisted|p1a: Wo-Chien\n|-damage|p1a: Wo-Chien|69\/100\n|\n|-sideend|p1: maucs|move: Tailwind\n|upkeep\n|turn|5\n|inactive|maucs has 30 seconds left.\n|inactive|123datastage123 has 30 seconds left.\n|\n|t:|1682188058\n|switch|p2a: Corviknight|Corviknight, L50, M|62\/100\n|-terastallize|p2b: Flutter Mane|Fairy\n|move|p2b: Flutter Mane|Dazzling Gleam|p1b: Baxcalibur|[spread] p1a,p1b\n|-supereffective|p1a: Wo-Chien\n|-damage|p1a: Wo-Chien|12\/100\n|-damage|p1b: Baxcalibur|56\/100\n|move|p1b: Baxcalibur|Tera Blast|p2a: Corviknight\n|-damage|p2a: Corviknight|44\/100\n|move|p1a: Wo-Chien|Pollen Puff|p1b: Baxcalibur\n|-heal|p1b: Baxcalibur|100\/100\n|\n|upkeep\n|turn|6\n|\n|t:|1682188078\n|move|p2b: Flutter Mane|Dazzling Gleam|p1b: Baxcalibur|[spread] p1a,p1b\n|-supereffective|p1a: Wo-Chien\n|-damage|p1a: Wo-Chien|0 fnt\n|-damage|p1b: Baxcalibur|55\/100\n|faint|p1a: Wo-Chien\n|move|p1b: Baxcalibur|Tera Blast|p2a: Corviknight\n|-damage|p2a: Corviknight|22\/100\n|move|p2a: Corviknight|Roost|p2a: Corviknight\n|-heal|p2a: Corviknight|72\/100\n|-singleturn|p2a: Corviknight|move: Roost\n|\n|upkeep\n|\n|t:|1682188081\n|switch|p1a: Talonflame|Talonflame, L50, F|100\/100\n|turn|7\n|\n|t:|1682188092\n|switch|p2a: Arcanine|Arcanine, L50, M|31\/100\n|-ability|p2a: Arcanine|Intimidate|boost\n|-unboost|p1a: Talonflame|atk|1\n|-unboost|p1b: Baxcalibur|atk|1\n|move|p1a: Talonflame|Tailwind|p1a: Talonflame\n|-sidestart|p1: maucs|move: Tailwind\n|move|p1b: Baxcalibur|Tera Blast|p2b: Flutter Mane\n|-damage|p2b: Flutter Mane|65\/100\n|move|p2b: Flutter Mane|Moonblast|p1b: Baxcalibur\n|-damage|p1b: Baxcalibur|0 fnt\n|faint|p1b: Baxcalibur\n|\n|upkeep\n|turn|8\n|-message|maucs forfeited.\n|\n|win|123datastage123\n|raw|maucs's rating: 1177 → 1159<\/strong> (-18 for losing)\n|raw|123datastage123's rating: 1284 → 1302<\/strong> (+18 for winning)\n|l|\u2606maucs\n","uploadtime":1682188103,"views":8,"p1id":"maucs","p2id":"123datastage123","formatid":"gen9vgc2023regulationc","rating":1159,"private":0,"password":""}