{"id":"gen9vgc2023regulationc-1856567142","p1":"k58462312","p2":"pocketchansey","format":"[Gen 9] VGC 2023 Regulation C","log":"|j|\u2606k58462312\n|j|\u2606pocketchansey\n|t:|1683076658\n|gametype|doubles\n|player|p1|k58462312|riley|1265\n|player|p2|pocketchansey|lady|1188\n|teamsize|p1|6\n|teamsize|p2|6\n|gen|9\n|tier|[Gen 9] VGC 2023 Regulation C\n|rated|\n|rule|Species Clause: Limit one of each Pok\u00e9mon\n|rule|Item Clause: Limit one of each item\n|clearpoke\n|poke|p1|Scizor, L50, F|\n|poke|p1|Abomasnow, L50, M|\n|poke|p1|Iron Bundle, L50|\n|poke|p1|Garchomp, L50, M|\n|poke|p1|Talonflame, L50, F|\n|poke|p1|Chien-Pao, L50|\n|poke|p2|Scream Tail, L50|\n|poke|p2|Chi-Yu, L50|\n|poke|p2|Gholdengo, L50|\n|poke|p2|Dragonite, L50, M|\n|poke|p2|Chien-Pao, L50|\n|poke|p2|Azumarill, L50, F|\n|teampreview|4\n|\n|t:|1683076687\n|start\n|switch|p1a: Iron Bundle|Iron Bundle, L50|100\/100\n|switch|p1b: Abomasnow|Abomasnow, L50, M|100\/100\n|switch|p2a: Goldy|Azumarill, L50, F, shiny|100\/100\n|switch|p2b: Gholdengo|Gholdengo, L50|100\/100\n|-weather|Snow|[from] ability: Snow Warning|[of] p1b: Abomasnow\n|-enditem|p1a: Iron Bundle|Booster Energy\n|-activate|p1a: Iron Bundle|ability: Quark Drive|[fromitem]\n|-start|p1a: Iron Bundle|quarkdrivespe\n|turn|1\n|\n|t:|1683076725\n|move|p1a: Iron Bundle|Protect|p1a: Iron Bundle\n|-singleturn|p1a: Iron Bundle|Protect\n|move|p2b: Gholdengo|Thunderbolt|p1a: Iron Bundle\n|-activate|p1a: Iron Bundle|move: Protect\n|move|p1b: Abomasnow|Energy Ball|p2a: Goldy\n|-supereffective|p2a: Goldy\n|-damage|p2a: Goldy|19\/100\n|-enditem|p2a: Goldy|Sitrus Berry|[eat]\n|-heal|p2a: Goldy|44\/100|[from] item: Sitrus Berry\n|move|p2a: Goldy|Belly Drum||[still]\n|-fail|p2a: Goldy\n|\n|-weather|Snow|[upkeep]\n|upkeep\n|turn|2\n|inactive|Battle timer is ON: inactive players will automatically lose when time's up. (requested by k58462312)\n|\n|t:|1683076755\n|switch|p2a: Scream Tail|Scream Tail, L50|100\/100\n|-enditem|p2a: Scream Tail|Booster Energy\n|-activate|p2a: Scream Tail|ability: Protosynthesis|[fromitem]\n|-start|p2a: Scream Tail|protosynthesisspe\n|-terastallize|p1a: Iron Bundle|Ghost\n|move|p1a: Iron Bundle|Blizzard|p2b: Gholdengo|[spread] p2a,p2b\n|-resisted|p2b: Gholdengo\n|-damage|p2a: Scream Tail|70\/100\n|-damage|p2b: Gholdengo|76\/100\n|move|p2b: Gholdengo|Thunderbolt|p1a: Iron Bundle\n|-damage|p1a: Iron Bundle|8\/100\n|move|p1b: Abomasnow|Blizzard|p2b: Gholdengo|[spread] p2a,p2b\n|-resisted|p2b: Gholdengo\n|-damage|p2a: Scream Tail|42\/100\n|-damage|p2b: Gholdengo|55\/100\n|\n|-weather|Snow|[upkeep]\n|upkeep\n|turn|3\n|inactive|pocketchansey has 30 seconds left.\n|\n|t:|1683076785\n|switch|p2b: Chien-Pao|Chien-Pao, L50|100\/100\n|-ability|p2b: Chien-Pao|Sword of Ruin\n|move|p1a: Iron Bundle|Protect|p1a: Iron Bundle\n|-singleturn|p1a: Iron Bundle|Protect\n|move|p2a: Scream Tail|Protect|p2a: Scream Tail\n|-singleturn|p2a: Scream Tail|Protect\n|move|p1b: Abomasnow|Blizzard|p2a: Scream Tail|[spread] p2b\n|-activate|p2a: Scream Tail|move: Protect\n|-resisted|p2b: Chien-Pao\n|-damage|p2b: Chien-Pao|72\/100\n|\n|-weather|Snow|[upkeep]\n|upkeep\n|turn|4\n|\n|t:|1683076803\n|move|p1a: Iron Bundle|Protect||[still]\n|-fail|p1a: Iron Bundle\n|move|p2b: Chien-Pao|Sucker Punch||[still]\n|-fail|p2b: Chien-Pao\n|move|p2a: Scream Tail|Play Rough|p1b: Abomasnow\n|-damage|p1b: Abomasnow|75\/100\n|move|p1b: Abomasnow|Energy Ball|p2b: Chien-Pao\n|-damage|p2b: Chien-Pao|11\/100\n|\n|-weather|Snow|[upkeep]\n|upkeep\n|turn|5\n|inactive|pocketchansey has 30 seconds left.\n|\n|t:|1683076829\n|move|p1a: Iron Bundle|Protect|p1a: Iron Bundle\n|-singleturn|p1a: Iron Bundle|Protect\n|move|p2b: Chien-Pao|Protect|p2b: Chien-Pao\n|-singleturn|p2b: Chien-Pao|Protect\n|move|p2a: Scream Tail|Play Rough|p1a: Iron Bundle\n|-activate|p1a: Iron Bundle|move: Protect\n|move|p1b: Abomasnow|Blizzard|p2a: Scream Tail|[spread] p2a\n|-activate|p2b: Chien-Pao|move: Protect\n|-crit|p2a: Scream Tail\n|-damage|p2a: Scream Tail|1\/100\n|\n|-weather|Snow|[upkeep]\n|upkeep\n|turn|6\n|inactive|k58462312 has 30 seconds left.\n|l|\u2606k58462312\n|inactive|k58462312 disconnected and has a minute to reconnect!\n|player|p1|\n|inactive|k58462312 has 20 seconds left.\n|j|\u2606k58462312\n|inactive|k58462312 reconnected and has 20 seconds left.\n|player|p1|k58462312|riley\n|inactive|k58462312 has 15 seconds left.\n|inactive|k58462312 has 10 seconds left.\n|inactive|k58462312 has 5 seconds left.\n|\n|t:|1683076881\n|move|p1a: Iron Bundle|Blizzard|p2a: Scream Tail|[spread] p2a,p2b\n|-resisted|p2b: Chien-Pao\n|-damage|p2a: Scream Tail|0 fnt\n|-damage|p2b: Chien-Pao|0 fnt\n|faint|p2a: Scream Tail\n|-end|p2a: Scream Tail|Protosynthesis|[silent]\n|faint|p2b: Chien-Pao\n|move|p1b: Abomasnow|Blizzard|p2: Scream Tail|[notarget]\n|-fail|p1b: Abomasnow\n|\n|-weather|Snow|[upkeep]\n|upkeep\n|\n|t:|1683076889\n|switch|p2b: Goldy|Azumarill, L50, F, shiny|44\/100\n|switch|p2a: Gholdengo|Gholdengo, L50|55\/100\n|turn|7\n|\n|t:|1683076914\n|-terastallize|p2a: Gholdengo|Steel\n|move|p1a: Iron Bundle|Protect|p1a: Iron Bundle\n|-singleturn|p1a: Iron Bundle|Protect\n|move|p2b: Goldy|Aqua Jet|p1a: Iron Bundle\n|-activate|p1a: Iron Bundle|move: Protect\n|move|p2a: Gholdengo|Make It Rain|p1a: Iron Bundle|[spread] p1b\n|-activate|p1a: Iron Bundle|move: Protect\n|-supereffective|p1b: Abomasnow\n|-damage|p1b: Abomasnow|0 fnt\n|-unboost|p2a: Gholdengo|spa|1\n|faint|p1b: Abomasnow\n|\n|-weather|Snow|[upkeep]\n|upkeep\n|l|\u2606k58462312\n|inactive|k58462312 disconnected and has a minute to reconnect!\n|player|p1|\n|j|\u2606k58462312\n|inactive|k58462312 reconnected and has 45 seconds left.\n|player|p1|k58462312|riley\n|\n|t:|1683076933\n|switch|p1b: Garchomp|Garchomp, L50, M|100\/100\n|turn|8\n|\n|t:|1683076940\n|move|p1a: Iron Bundle|Blizzard|p2b: Goldy|[spread] p2a,p2b\n|-resisted|p2a: Gholdengo\n|-resisted|p2b: Goldy\n|-damage|p2a: Gholdengo|33\/100\n|-damage|p2b: Goldy|22\/100\n|move|p1b: Garchomp|Earthquake|p2a: Gholdengo|[spread] p1a,p2a,p2b\n|-supereffective|p2a: Gholdengo\n|-damage|p1a: Iron Bundle|0 fnt\n|-damage|p2a: Gholdengo|0 fnt\n|-damage|p2b: Goldy|0 fnt\n|faint|p1a: Iron Bundle\n|-end|p1a: Iron Bundle|Quark Drive|[silent]\n|faint|p2a: Gholdengo\n|faint|p2b: Goldy\n|-damage|p1b: Garchomp|91\/100|[from] item: Life Orb\n|\n|win|k58462312\n|raw|k58462312's rating: 1265 → 1285<\/strong> (+20 for winning)\n|raw|pocketchansey's rating: 1188 → 1168<\/strong> (-20 for losing)\n","uploadtime":1683076955,"views":16,"p1id":"k58462312","p2id":"pocketchansey","formatid":"gen9vgc2023regulationc","rating":1168,"private":0,"password":""}