{"id":"gen9vgc2023regulationc-1858396811","p1":"Z Strats","p2":"SvenVGC","format":"[Gen 9] VGC 2023 Regulation C","log":"|j|\u2606Z Strats\n|j|\u2606SvenVGC\n|t:|1683308474\n|gametype|doubles\n|player|p1|Z Strats|#scl2platoon|\n|player|p2|SvenVGC|nate|\n|teamsize|p1|6\n|teamsize|p2|6\n|gen|9\n|tier|[Gen 9] VGC 2023 Regulation C\n|rule|Species Clause: Limit one of each Pok\u00e9mon\n|rule|Item Clause: Limit one of each item\n|clearpoke\n|poke|p1|Dragonite, L50, F|\n|poke|p1|Ting-Lu, L50|\n|poke|p1|Arcanine, L50, M|\n|poke|p1|Flutter Mane, L50|\n|poke|p1|Amoonguss, L50, M|\n|poke|p1|Palafin, L50, F|\n|poke|p2|Torkoal, L50, M|\n|poke|p2|Jumpluff, L50, M|\n|poke|p2|Flutter Mane, L50|\n|poke|p2|Kingambit, L50, M|\n|poke|p2|Great Tusk, L50|\n|poke|p2|Chien-Pao, L50|\n|teampreview|4\n|inactive|Battle timer is ON: inactive players will automatically lose when time's up. (requested by SvenVGC)\n|c|\u2606Z Strats|g1\n|inactiveoff|Battle timer is now OFF.\nSvenVGC has agreed to open team sheets.\nZ Strats has agreed to open team sheets.\n|c|\u2606Z Strats|hf\n|c|\u2606SvenVGC|gl hf\n|\n|t:|1683308589\n|start\n|switch|p1a: Dragonite|Dragonite, L50, F|100\/100\n|switch|p1b: Amoonguss|Amoonguss, L50, M|100\/100\n|switch|p2a: Kingambit|Kingambit, L50, M|100\/100\n|switch|p2b: Chien-Pao|Chien-Pao, L50|100\/100\n|-ability|p2b: Chien-Pao|Sword of Ruin\n|turn|1\n|\n|t:|1683308610\n|-terastallize|p1a: Dragonite|Flying\n|move|p1b: Amoonguss|Rage Powder|p1b: Amoonguss\n|-singleturn|p1b: Amoonguss|move: Rage Powder\n|move|p2b: Chien-Pao|Taunt|p1b: Amoonguss\n|-start|p1b: Amoonguss|move: Taunt\n|move|p1a: Dragonite|Tera Blast|p2b: Chien-Pao\n|-damage|p2b: Chien-Pao|15\/100\n|move|p2a: Kingambit|Kowtow Cleave|p1b: Amoonguss\n|-damage|p1b: Amoonguss|42\/100\n|-enditem|p1b: Amoonguss|Sitrus Berry|[eat]\n|-heal|p1b: Amoonguss|67\/100|[from] item: Sitrus Berry\n|\n|upkeep\n|turn|2\n|j| outdz izon\n|j| PqlarBear\n|j| tyo\n|j| MausHoldMyHand\n|j| Bertigo\n|j|+Qwily\n|\n|t:|1683308684\n|move|p2b: Chien-Pao|Protect|p2b: Chien-Pao\n|-singleturn|p2b: Chien-Pao|Protect\n|move|p1a: Dragonite|Extreme Speed|p2b: Chien-Pao\n|-activate|p2b: Chien-Pao|move: Protect\n|move|p2a: Kingambit|Kowtow Cleave|p1b: Amoonguss\n|-damage|p1b: Amoonguss|12\/100\n|move|p1b: Amoonguss|Pollen Puff|p1a: Dragonite\n|-immune|p1a: Dragonite\n|\n|upkeep\n|turn|3\n|\n|t:|1683308712\n|switch|p2b: Torkoal|Torkoal, L50, M|100\/100\n|-weather|SunnyDay|[from] ability: Drought|[of] p2b: Torkoal\n|switch|p1b: Ting-Lu|Ting-Lu, L50|100\/100\n|-ability|p1b: Ting-Lu|Vessel of Ruin\n|move|p1a: Dragonite|Extreme Speed|p2b: Torkoal\n|-damage|p2b: Torkoal|75\/100\n|move|p2a: Kingambit|Kowtow Cleave|p1b: Ting-Lu\n|-resisted|p1b: Ting-Lu\n|-damage|p1b: Ting-Lu|86\/100\n|\n|-weather|SunnyDay|[upkeep]\n|upkeep\n|turn|4\n|j| Serena\n|\n|t:|1683308777\n|-terastallize|p2b: Torkoal|Flying\n|move|p1a: Dragonite|Tera Blast|p2b: Torkoal\n|-damage|p2b: Torkoal|24\/100\n|move|p2a: Kingambit|Kowtow Cleave|p1a: Dragonite\n|-damage|p1a: Dragonite|78\/100\n|move|p1b: Ting-Lu|Earthquake|p2a: Kingambit|[spread] p2a\n|-immune|p1a: Dragonite\n|-immune|p2b: Torkoal\n|-supereffective|p2a: Kingambit\n|-damage|p2a: Kingambit|48\/100\n|move|p2b: Torkoal|Overheat|p1a: Dragonite\n|-damage|p1a: Dragonite|37\/100\n|-unboost|p2b: Torkoal|spa|2\n|-enditem|p2b: Torkoal|Eject Pack\n|\n|t:|1683308794\n|switch|p2b: Great Tusk|Great Tusk, L50|100\/100\n|-activate|p2b: Great Tusk|ability: Protosynthesis\n|-start|p2b: Great Tusk|protosynthesisatk\n|\n|-weather|SunnyDay|[upkeep]\n|upkeep\n|turn|5\n|j| Star Rail\n|j|+Howkings\n|j| Ally\n|l| Star Rail\n|\n|t:|1683308858\n|move|p2b: Great Tusk|Rock Slide|p1a: Dragonite|[spread] p1a,p1b\n|-supereffective|p1a: Dragonite\n|-resisted|p1b: Ting-Lu\n|-damage|p1a: Dragonite|0 fnt\n|-damage|p1b: Ting-Lu|79\/100\n|faint|p1a: Dragonite\n|move|p2a: Kingambit|Iron Head|p1b: Ting-Lu\n|-damage|p1b: Ting-Lu|53\/100\n|cant|p1b: Ting-Lu|flinch\n|\n|-weather|SunnyDay|[upkeep]\n|upkeep\n|\n|t:|1683308885\n|switch|p1a: Flutter Mane|Flutter Mane, L50|100\/100\n|-activate|p1a: Flutter Mane|ability: Protosynthesis\n|-start|p1a: Flutter Mane|protosynthesisspa\n|turn|6\n|\n|t:|1683308931\n|-end|p2b: Great Tusk|Protosynthesis|[silent]\n|switch|p2b: Chien-Pao|Chien-Pao, L50|15\/100\n|-ability|p2b: Chien-Pao|Sword of Ruin\n|move|p1a: Flutter Mane|Protect|p1a: Flutter Mane\n|-singleturn|p1a: Flutter Mane|Protect\n|move|p2a: Kingambit|Sucker Punch||[still]\n|-fail|p2a: Kingambit\n|move|p1b: Ting-Lu|Earthquake|p2b: Chien-Pao|[spread] p2a,p2b\n|-activate|p1a: Flutter Mane|move: Protect\n|-supereffective|p2a: Kingambit\n|-damage|p2a: Kingambit|0 fnt\n|-damage|p2b: Chien-Pao|0 fnt\n|faint|p2a: Kingambit\n|faint|p2b: Chien-Pao\n|\n|-weather|SunnyDay|[upkeep]\n|upkeep\n|\n|t:|1683308936\n|switch|p2b: Torkoal|Torkoal, L50, M, tera:Flying|24\/100\n|switch|p2a: Great Tusk|Great Tusk, L50|100\/100\n|-activate|p2a: Great Tusk|ability: Protosynthesis\n|-start|p2a: Great Tusk|protosynthesisatk\n|turn|7\n|\n|t:|1683308999\n|-end|p1a: Flutter Mane|Protosynthesis|[silent]\n|switch|p1a: Amoonguss|Amoonguss, L50, M|45\/100\n|move|p2b: Torkoal|Helping Hand|p2a: Great Tusk\n|-singleturn|p2a: Great Tusk|Helping Hand|[of] p2b: Torkoal\n|move|p2a: Great Tusk|Earthquake|p1a: Amoonguss|[spread] p1a,p1b\n|-immune|p2b: Torkoal\n|-damage|p1a: Amoonguss|0 fnt\n|-damage|p1b: Ting-Lu|12\/100\n|faint|p1a: Amoonguss\n|move|p1b: Ting-Lu|Heavy Slam|p2b: Torkoal\n|-damage|p2b: Torkoal|0 fnt\n|faint|p2b: Torkoal\n|\n|-weather|none\n|-end|p2a: Great Tusk|Protosynthesis\n|upkeep\n|\n|t:|1683309006\n|switch|p1a: Flutter Mane|Flutter Mane, L50|100\/100\n|-enditem|p1a: Flutter Mane|Booster Energy\n|-activate|p1a: Flutter Mane|ability: Protosynthesis|[fromitem]\n|-start|p1a: Flutter Mane|protosynthesisspa\n|turn|8\n|\n|t:|1683309013\n|move|p2a: Great Tusk|Earthquake|p1b: Ting-Lu|[spread] p1a,p1b\n|-damage|p1a: Flutter Mane|32\/100\n|-damage|p1b: Ting-Lu|0 fnt\n|faint|p1b: Ting-Lu\n|move|p1a: Flutter Mane|Moonblast|p2a: Great Tusk\n|-supereffective|p2a: Great Tusk\n|-damage|p2a: Great Tusk|0 fnt\n|faint|p2a: Great Tusk\n|-end|p2a: Great Tusk|Protosynthesis|[silent]\n|\n|win|Z Strats\n|c|\u2606Z Strats|gg\n|c|\u2606SvenVGC|gg\n|l| Ally\n|l|+Qwily\n|l| tyo\n|l| Serena\n|j|+Actuarily\n|l| Bertigo\n|l|+Actuarily\n|j| DLTME Papi\n|l| DLTME Papi\n|l| outdz izon\n|j| oriol.plazai\n|l| oriol.plazai\n","uploadtime":1683309993,"views":26,"p1id":"zstrats","p2id":"svenvgc","formatid":"gen9vgc2023regulationc","rating":0,"private":0,"password":""}