{"id":"gen9vgc2023regulationc-1848802018","p1":"dunsparcedingo","p2":"linniest","format":"[Gen 9] VGC 2023 Regulation C","log":"|j|\u2606dunsparcedingo\n|j|\u2606linniest\n|t:|1682111908\n|gametype|doubles\n|player|p1|dunsparcedingo|zinnia|1074\n|player|p2|linniest|ingo|1044\n|teamsize|p1|6\n|teamsize|p2|6\n|gen|9\n|tier|[Gen 9] VGC 2023 Regulation C\n|rated|\n|rule|Species Clause: Limit one of each Pok\u00e9mon\n|rule|Item Clause: Limit one of each item\n|clearpoke\n|poke|p1|Torkoal, L50, M|\n|poke|p1|Jumpluff, L50, M|\n|poke|p1|Chi-Yu, L50|\n|poke|p1|Sandy Shocks, L50|\n|poke|p1|Iron Bundle, L50|\n|poke|p1|Slither Wing, L50|\n|poke|p2|Lilligant, L50, F|\n|poke|p2|Torkoal, L50, M|\n|poke|p2|Flutter Mane, L50|\n|poke|p2|Iron Hands, L50|\n|poke|p2|Hatterene, L50, F|\n|poke|p2|Ting-Lu, L50|\n|teampreview|4\ndunsparcedingo has agreed to open team sheets.\n|\n|t:|1682111933\n|start\n|switch|p1a: Jumpluff|Jumpluff, L50, M|100\/100\n|switch|p1b: Slither Wing|Slither Wing, L50|100\/100\n|switch|p2a: Hatterene|Hatterene, L50, F|100\/100\n|switch|p2b: Torkoal|Torkoal, L50, M|100\/100\n|-weather|SunnyDay|[from] ability: Drought|[of] p2b: Torkoal\n|-activate|p1b: Slither Wing|ability: Protosynthesis\n|-start|p1b: Slither Wing|protosynthesisatk\n|turn|1\n|\n|t:|1682111955\n|move|p1b: Slither Wing|First Impression|p2a: Hatterene\n|-damage|p2a: Hatterene|5\/100\n|-damage|p1b: Slither Wing|91\/100|[from] item: Life Orb\n|move|p1a: Jumpluff|Sleep Powder|p2b: Torkoal\n|-status|p2b: Torkoal|slp|[from] move: Sleep Powder\n|cant|p2b: Torkoal|slp\n|move|p2a: Hatterene|Trick Room|p2a: Hatterene\n|-fieldstart|move: Trick Room|[of] p2a: Hatterene\n|\n|-weather|SunnyDay|[upkeep]\n|upkeep\n|turn|2\n|\n|t:|1682111978\n|switch|p2b: Iron Hands|Iron Hands, L50|100\/100\n|-terastallize|p1b: Slither Wing|Fire\n|move|p2a: Hatterene|Protect|p2a: Hatterene\n|-singleturn|p2a: Hatterene|Protect\n|move|p1b: Slither Wing|Earthquake|p2a: Hatterene|[spread] p2b\n|-activate|p2a: Hatterene|move: Protect\n|-immune|p1a: Jumpluff\n|-supereffective|p2b: Iron Hands\n|-damage|p2b: Iron Hands|40\/100\n|-damage|p1b: Slither Wing|81\/100|[from] item: Life Orb\n|move|p1a: Jumpluff|Pollen Puff|p2a: Hatterene\n|-activate|p2a: Hatterene|move: Protect\n|\n|-weather|SunnyDay|[upkeep]\n|upkeep\n|turn|3\n|\n|t:|1682112002\n|move|p2b: Iron Hands|Fake Out|p1b: Slither Wing\n|-damage|p1b: Slither Wing|61\/100\n|move|p2a: Hatterene|Dazzling Gleam|p1a: Jumpluff|[spread] p1a,p1b\n|-resisted|p1b: Slither Wing\n|-damage|p1a: Jumpluff|48\/100\n|-damage|p1b: Slither Wing|43\/100\n|-damage|p2a: Hatterene|0 fnt|[from] item: Life Orb\n|faint|p2a: Hatterene\n|cant|p1b: Slither Wing|flinch\n|move|p1a: Jumpluff|Sleep Powder|p2b: Iron Hands\n|-activate|p2b: Iron Hands|item: Safety Goggles|Sleep Powder\n|\n|-weather|SunnyDay|[upkeep]\n|upkeep\n|\n|t:|1682112016\n|switch|p2a: Torkoal|Torkoal, L50, M|100\/100 slp\n|turn|4\n|\n|t:|1682112039\n|-curestatus|p2a: Torkoal|slp|[msg]\n|move|p2a: Torkoal|Heat Wave|p1b: Slither Wing|[spread] p1b\n|-miss|p2a: Torkoal|p1a: Jumpluff\n|-resisted|p1b: Slither Wing\n|-damage|p1b: Slither Wing|19\/100\n|move|p2b: Iron Hands|Thunder Punch|p1a: Jumpluff\n|-damage|p1a: Jumpluff|0 fnt\n|faint|p1a: Jumpluff\n|move|p1b: Slither Wing|Earthquake|p2a: Torkoal|[spread] p2a,p2b\n|-supereffective|p2a: Torkoal\n|-supereffective|p2b: Iron Hands\n|-damage|p2a: Torkoal|40\/100\n|-damage|p2b: Iron Hands|0 fnt\n|faint|p2b: Iron Hands\n|-end|p2b: Iron Hands|Quark Drive|[silent]\n|-damage|p1b: Slither Wing|9\/100|[from] item: Life Orb\n|\n|-weather|SunnyDay|[upkeep]\n|upkeep\n|\n|t:|1682112065\n|switch|p2b: Lilligant|Lilligant, L50, F|100\/100\n|switch|p1a: Sandy Shocks|Sandy Shocks, L50|100\/100\n|-activate|p1a: Sandy Shocks|ability: Protosynthesis\n|-start|p1a: Sandy Shocks|protosynthesisspe\n|turn|5\n|\n|t:|1682112085\n|-end|p1b: Slither Wing|Protosynthesis|[silent]\n|switch|p1b: Iron Bundle|Iron Bundle, L50|100\/100\n|move|p2a: Torkoal|Heat Wave|p1b: Iron Bundle|[spread] p1a,p1b\n|-crit|p1a: Sandy Shocks\n|-damage|p1a: Sandy Shocks|33\/100\n|-damage|p1b: Iron Bundle|12\/100\n|move|p1a: Sandy Shocks|Earth Power|p2a: Torkoal\n|-supereffective|p2a: Torkoal\n|-damage|p2a: Torkoal|0 fnt\n|faint|p2a: Torkoal\n|move|p2b: Lilligant|Leaf Storm|p1a: Sandy Shocks\n|-supereffective|p1a: Sandy Shocks\n|-damage|p1a: Sandy Shocks|0 fnt\n|-unboost|p2b: Lilligant|spa|2\n|faint|p1a: Sandy Shocks\n|-end|p1a: Sandy Shocks|Protosynthesis|[silent]\n|\n|-weather|none\n|-fieldend|move: Trick Room\n|upkeep\n|\n|t:|1682112099\n|switch|p1a: Slither Wing|Slither Wing, L50, tera:Fire|9\/100\n|turn|6\n|\n|t:|1682112107\n|-terastallize|p2b: Lilligant|Ghost\n|move|p1a: Slither Wing|First Impression|p2b: Lilligant\n|-resisted|p2b: Lilligant\n|-crit|p2b: Lilligant\n|-damage|p2b: Lilligant|33\/100\n|-damage|p1a: Slither Wing|0 fnt|[from] item: Life Orb\n|faint|p1a: Slither Wing\n|-end|p1a: Slither Wing|Protosynthesis|[silent]\n|move|p1b: Iron Bundle|Freeze-Dry|p2b: Lilligant\n|-damage|p2b: Lilligant|0 fnt\n|faint|p2b: Lilligant\n|\n|win|dunsparcedingo\n|raw|dunsparcedingo's rating: 1074 → 1100<\/strong> (+26 for winning)\n|raw|linniest's rating: 1044 → 1029<\/strong> (-15 for losing)\n|l|\u2606linniest\n","uploadtime":1682112121,"views":15,"p1id":"dunsparcedingo","p2id":"linniest","formatid":"gen9vgc2023regulationc","rating":1029,"private":0,"password":""}