{"id":"gen9vgc2023regulationc-1861186458","p1":"ITS PAPAW TIME","p2":"pocketchansey","format":"[Gen 9] VGC 2023 Regulation C","log":"|j|\u2606ITS PAPAW TIME\n|j|\u2606pocketchansey\n|t:|1683734099\n|gametype|doubles\n|player|p1|ITS PAPAW TIME|ingo|\n|player|p2|pocketchansey|170|\n|teamsize|p1|6\n|teamsize|p2|6\n|gen|9\n|tier|[Gen 9] VGC 2023 Regulation C\n|rule|Species Clause: Limit one of each Pok\u00e9mon\n|rule|Item Clause: Limit one of each item\n|clearpoke\n|poke|p1|Baxcalibur, L50, M|\n|poke|p1|Palafin, L50, F|\n|poke|p1|Arcanine, L50, M|\n|poke|p1|Flutter Mane, L50|\n|poke|p1|Ting-Lu, L50|\n|poke|p1|Amoonguss, L50, F|\n|poke|p2|Azumarill, L50, F|\n|poke|p2|Gholdengo, L50|\n|poke|p2|Amoonguss, L50, F|\n|poke|p2|Volcarona, L50, F|\n|poke|p2|Chien-Pao, L50|\n|poke|p2|Dragonite, L50, F|\n|teampreview|4\nITS PAPAW TIME has agreed to open team sheets.\n|\n|t:|1683734134\n|start\n|switch|p1a: Baxcalibur|Baxcalibur, L50, M|100\/100\n|switch|p1b: Amoonguss|Amoonguss, L50, F|100\/100\n|switch|p2a: Goldy|Azumarill, L50, F, shiny|100\/100\n|switch|p2b: Inti|Volcarona, L50, F, shiny|100\/100\n|turn|1\n|\n|t:|1683734176\n|-terastallize|p1a: Baxcalibur|Poison\n|-terastallize|p2b: Inti|Water\n|move|p1a: Baxcalibur|Dragon Dance|p1a: Baxcalibur\n|-boost|p1a: Baxcalibur|atk|1\n|-boost|p1a: Baxcalibur|spe|1\n|move|p2b: Inti|Tailwind|p2b: Inti\n|-sidestart|p2: pocketchansey|move: Tailwind\n|move|p2a: Goldy|Play Rough|p1a: Baxcalibur\n|-resisted|p1a: Baxcalibur\n|-damage|p1a: Baxcalibur|76\/100\n|move|p1b: Amoonguss|Spore|p2a: Goldy\n|-status|p2a: Goldy|slp|[from] move: Spore\n|\n|upkeep\n|turn|2\n|\n|t:|1683734209\n|move|p2b: Inti|Overheat|p1a: Baxcalibur\n|-damage|p1a: Baxcalibur|14\/100\n|-unboost|p2b: Inti|spa|2\n|-ability|p1a: Baxcalibur|Thermal Exchange|boost\n|-boost|p1a: Baxcalibur|atk|1\n|move|p1a: Baxcalibur|Dragon Dance|p1a: Baxcalibur\n|-boost|p1a: Baxcalibur|atk|1\n|-boost|p1a: Baxcalibur|spe|1\n|cant|p2a: Goldy|slp\n|move|p1b: Amoonguss|Spore|p2b: Inti\n|-activate|p2b: Inti|item: Safety Goggles|Spore\n|\n|upkeep\n|turn|3\n|\n|t:|1683734241\n|move|p1a: Baxcalibur|Protect|p1a: Baxcalibur\n|-singleturn|p1a: Baxcalibur|Protect\n|move|p2b: Inti|Overheat|p1a: Baxcalibur\n|-activate|p1a: Baxcalibur|move: Protect\n|-curestatus|p2a: Goldy|slp|[msg]\n|move|p2a: Goldy|Ice Spinner|p1b: Amoonguss\n|-supereffective|p1b: Amoonguss\n|-damage|p1b: Amoonguss|47\/100\n|-enditem|p1b: Amoonguss|Sitrus Berry|[eat]\n|-heal|p1b: Amoonguss|72\/100|[from] item: Sitrus Berry\n|move|p1b: Amoonguss|Leaf Storm|p2b: Inti\n|-supereffective|p2b: Inti\n|-damage|p2b: Inti|41\/100\n|-unboost|p1b: Amoonguss|spa|2\n|\n|upkeep\n|turn|4\n|\n|t:|1683734274\n|move|p2a: Goldy|Aqua Jet|p1a: Baxcalibur\n|-damage|p1a: Baxcalibur|0 fnt\n|faint|p1a: Baxcalibur\n|move|p2b: Inti|Overheat|p1b: Amoonguss\n|-supereffective|p1b: Amoonguss\n|-damage|p1b: Amoonguss|14\/100\n|-unboost|p2b: Inti|spa|2\n|move|p1b: Amoonguss|Pollen Puff|p1: Baxcalibur|[notarget]\n|-fail|p1b: Amoonguss\n|\n|-sideend|p2: pocketchansey|move: Tailwind\n|upkeep\n|\n|t:|1683734278\n|switch|p1a: Flutter Mane|Flutter Mane, L50|100\/100\n|turn|5\n|\n|t:|1683734296\n|move|p2a: Goldy|Aqua Jet|p1a: Flutter Mane\n|-damage|p1a: Flutter Mane|56\/100\n|move|p1a: Flutter Mane|Thunderbolt|p2b: Inti\n|-supereffective|p2b: Inti\n|-damage|p2b: Inti|0 fnt\n|faint|p2b: Inti\n|move|p1b: Amoonguss|Spore|p2a: Goldy\n|-status|p2a: Goldy|slp|[from] move: Spore\n|\n|upkeep\n|\n|t:|1683734306\n|switch|p2b: Amanita|Amoonguss, L50, F, shiny|100\/100\n|turn|6\n|\n|t:|1683734321\n|switch|p1b: Ting-Lu|Ting-Lu, L50|100\/100\n|-ability|p1b: Ting-Lu|Vessel of Ruin\n|move|p2b: Amanita|Rage Powder|p2b: Amanita\n|-singleturn|p2b: Amanita|move: Rage Powder\n|cant|p2a: Goldy|slp\n|move|p1a: Flutter Mane|Thunderbolt|p2b: Amanita\n|-resisted|p2b: Amanita\n|-damage|p2b: Amanita|89\/100\n|\n|upkeep\n|turn|7\n|\n|t:|1683734341\n|-end|p1a: Flutter Mane|Protosynthesis|[silent]\n|switch|p1a: Amoonguss|Amoonguss, L50, F|47\/100\n|move|p2b: Amanita|Rage Powder|p2b: Amanita\n|-singleturn|p2b: Amanita|move: Rage Powder\n|cant|p2a: Goldy|slp\n|move|p1b: Ting-Lu|Ruination|p2b: Amanita\n|-damage|p2b: Amanita|45\/100\n|\n|upkeep\n|turn|8\n|inactive|Battle timer is ON: inactive players will automatically lose when time's up. (requested by pocketchansey)\n|inactive|ITS PAPAW TIME has 60 seconds left.\n|inactive|ITS PAPAW TIME has 30 seconds left.\n|inactive|ITS PAPAW TIME has 20 seconds left.\n|inactive|ITS PAPAW TIME has 15 seconds left.\n|inactive|ITS PAPAW TIME has 10 seconds left.\n|inactive|ITS PAPAW TIME has 5 seconds left.\n|\n|t:|1683734631\n|cant|p2a: Goldy|slp\n|move|p1b: Ting-Lu|Stomping Tantrum|p2b: Amanita\n|-damage|p2b: Amanita|22\/100\n|-enditem|p2b: Amanita|Aguav Berry|[eat]\n|-heal|p2b: Amanita|56\/100|[from] item: Aguav Berry\n|move|p1a: Amoonguss|Leaf Storm|p2b: Amanita\n|-resisted|p2b: Amanita\n|-damage|p2b: Amanita|50\/100\n|-unboost|p1a: Amoonguss|spa|2\n|move|p2b: Amanita|Spore|p1b: Ting-Lu\n|-status|p1b: Ting-Lu|slp|[from] move: Spore\n|\n|upkeep\n|turn|9\n|inactive|ITS PAPAW TIME has 30 seconds left.\n|inactive|pocketchansey has 30 seconds left.\n|inactive|ITS PAPAW TIME has 20 seconds left.\n|inactive|ITS PAPAW TIME has 15 seconds left.\n|inactive|ITS PAPAW TIME has 10 seconds left.\n|inactiveoff|Battle timer is now OFF.\n|c|\u2606ITS PAPAW TIME|VOLVI\n|c|\u2606ITS PAPAW TIME|mi jefa\n|c|\u2606ITS PAPAW TIME|me pidio grabar una clase con obs\n|c|\u2606ITS PAPAW TIME|lo siento\n|\n|t:|1683734727\n|switch|p1a: Flutter Mane|Flutter Mane, L50|56\/100\n|-curestatus|p2a: Goldy|slp|[msg]\n|move|p2a: Goldy|Ice Spinner|p1a: Flutter Mane\n|-damage|p1a: Flutter Mane|0 fnt\n|faint|p1a: Flutter Mane\n|-end|p1a: Flutter Mane|Protosynthesis|[silent]\n|cant|p1b: Ting-Lu|slp\n|move|p2b: Amanita|Leaf Storm|p1b: Ting-Lu\n|-supereffective|p1b: Ting-Lu\n|-damage|p1b: Ting-Lu|73\/100 slp\n|-unboost|p2b: Amanita|spa|2\n|\n|upkeep\n|\n|t:|1683734733\n|switch|p1a: Amoonguss|Amoonguss, L50, F|80\/100\n|turn|10\n|\n|t:|1683734773\n|switch|p2b: Chimuela|Dragonite, L50, F|100\/100\n|move|p2a: Goldy|Ice Spinner|p1a: Amoonguss\n|-supereffective|p1a: Amoonguss\n|-damage|p1a: Amoonguss|33\/100\n|cant|p1b: Ting-Lu|slp\n|move|p1a: Amoonguss|Spore|p2a: Goldy\n|-status|p2a: Goldy|slp|[from] move: Spore\n|\n|upkeep\n|turn|11\n|\n|t:|1683734790\n|move|p1a: Amoonguss|Protect|p1a: Amoonguss\n|-singleturn|p1a: Amoonguss|Protect\n|move|p2b: Chimuela|Low Kick|p1b: Ting-Lu\n|-supereffective|p1b: Ting-Lu\n|-damage|p1b: Ting-Lu|0 fnt\n|faint|p1b: Ting-Lu\n|cant|p2a: Goldy|slp\n|\n|upkeep\n|turn|12\n|\n|t:|1683734804\n|switch|p2b: Amanita|Amoonguss, L50, F, shiny|84\/100\n|cant|p2a: Goldy|slp\n|move|p1a: Amoonguss|Leaf Storm|p2a: Goldy\n|-supereffective|p2a: Goldy\n|-damage|p2a: Goldy|14\/100 slp\n|-unboost|p1a: Amoonguss|spa|2\n|-enditem|p2a: Goldy|Sitrus Berry|[eat]\n|-heal|p2a: Goldy|39\/100 slp|[from] item: Sitrus Berry\n|\n|upkeep\n|turn|13\n|\n|t:|1683734827\n|-curestatus|p2a: Goldy|slp|[msg]\n|move|p2a: Goldy|Ice Spinner|p1a: Amoonguss\n|-supereffective|p1a: Amoonguss\n|-damage|p1a: Amoonguss|0 fnt\n|faint|p1a: Amoonguss\n|\n|win|pocketchansey\n|l|\u2606ITS PAPAW TIME\n|j|\u2606ITS PAPAW TIME\n|player|p1|ITS PAPAW TIME|ingo\n","uploadtime":1683735641,"views":9,"p1id":"itspapawtime","p2id":"pocketchansey","formatid":"gen9vgc2023regulationc","rating":0,"private":0,"password":""}