{"id":"gen9vgc2023regulationc-1852322107","p1":"r3gCt3st","p2":"chickeneggduckeggs","format":"[Gen 9] VGC 2023 Regulation C","log":"|j|\u2606r3gCt3st\n|j|\u2606chickeneggduckeggs\n|t:|1682543855\n|gametype|doubles\n|player|p1|r3gCt3st|unknown|1365\n|player|p2|chickeneggduckeggs|marley|1445\n|teamsize|p1|6\n|teamsize|p2|6\n|gen|9\n|tier|[Gen 9] VGC 2023 Regulation C\n|rated|\n|rule|Species Clause: Limit one of each Pok\u00e9mon\n|rule|Item Clause: Limit one of each item\n|clearpoke\n|poke|p1|Gyarados, L50, M|\n|poke|p1|Annihilape, L50, F|\n|poke|p1|Ting-Lu, L50|\n|poke|p1|Flutter Mane, L50|\n|poke|p1|Amoonguss, L50, F|\n|poke|p1|Grimmsnarl, L50, M|\n|poke|p2|Roaring Moon, L50|\n|poke|p2|Torkoal, L50, M|\n|poke|p2|Chi-Yu, L50|\n|poke|p2|Flutter Mane, L50|\n|poke|p2|Dragonite, L50, M|\n|poke|p2|Lilligant, L50, F|\n|teampreview|4\n|\n|t:|1682543895\n|start\n|switch|p1a: Grimmsnarl|Grimmsnarl, L50, M|100\/100\n|switch|p1b: Annihilape|Annihilape, L50, F|100\/100\n|switch|p2a: Torkoal|Torkoal, L50, M|100\/100\n|switch|p2b: Roaring Moon|Roaring Moon, L50|100\/100\n|-weather|SunnyDay|[from] ability: Drought|[of] p2a: Torkoal\n|-activate|p2b: Roaring Moon|ability: Protosynthesis\n|-start|p2b: Roaring Moon|protosynthesisatk\n|turn|1\n|\n|t:|1682543930\n|-terastallize|p2b: Roaring Moon|Steel\n|move|p1b: Annihilape|Protect|p1b: Annihilape\n|-singleturn|p1b: Annihilape|Protect\n|move|p2a: Torkoal|Protect|p2a: Torkoal\n|-singleturn|p2a: Torkoal|Protect\n|move|p1a: Grimmsnarl|Light Screen|p1a: Grimmsnarl\n|-sidestart|p1: r3gCt3st|move: Light Screen\n|move|p2b: Roaring Moon|Throat Chop|p1b: Annihilape\n|-activate|p1b: Annihilape|move: Protect\n|\n|-weather|SunnyDay|[upkeep]\n|upkeep\n|turn|2\n|\n|t:|1682543948\n|-terastallize|p1b: Annihilape|Fire\n|move|p1a: Grimmsnarl|Reflect|p1a: Grimmsnarl\n|-sidestart|p1: r3gCt3st|Reflect\n|move|p2b: Roaring Moon|Throat Chop|p1b: Annihilape\n|-damage|p1b: Annihilape|70\/100\n|-start|p1b: Annihilape|Throat Chop|[silent]\n|move|p1b: Annihilape|Bulk Up|p1b: Annihilape\n|-boost|p1b: Annihilape|atk|1\n|-boost|p1b: Annihilape|def|1\n|move|p2a: Torkoal|Yawn|p1a: Grimmsnarl\n|-start|p1a: Grimmsnarl|move: Yawn|[of] p2a: Torkoal\n|\n|-weather|SunnyDay|[upkeep]\n|-heal|p1b: Annihilape|76\/100|[from] item: Leftovers\n|upkeep\n|turn|3\n|\n|t:|1682543964\n|-end|p2b: Roaring Moon|Protosynthesis|[silent]\n|switch|p2b: Flutter Mane|Flutter Mane, L50|100\/100\n|-activate|p2b: Flutter Mane|ability: Protosynthesis\n|-start|p2b: Flutter Mane|protosynthesisspe\n|switch|p1a: Gyarados|Gyarados, L50, M|100\/100\n|-ability|p1a: Gyarados|Intimidate|boost\n|-unboost|p2a: Torkoal|atk|1\n|-unboost|p2b: Flutter Mane|atk|1\n|move|p1b: Annihilape|Drain Punch|p2b: Flutter Mane\n|-immune|p2b: Flutter Mane\n|move|p2a: Torkoal|Yawn|p1b: Annihilape\n|-start|p1b: Annihilape|move: Yawn|[of] p2a: Torkoal\n|\n|-weather|SunnyDay|[upkeep]\n|-heal|p1b: Annihilape|83\/100|[from] item: Leftovers\n|-end|p1b: Annihilape|Throat Chop|[silent]\n|upkeep\n|turn|4\n|\n|t:|1682543997\n|move|p2a: Torkoal|Protect|p2a: Torkoal\n|-singleturn|p2a: Torkoal|Protect\n|move|p2b: Flutter Mane|Shadow Ball|p1b: Annihilape\n|-damage|p1b: Annihilape|54\/100\n|move|p1b: Annihilape|Rage Fist|p2b: Flutter Mane\n|-supereffective|p2b: Flutter Mane\n|-damage|p2b: Flutter Mane|0 fnt\n|faint|p2b: Flutter Mane\n|-end|p2b: Flutter Mane|Protosynthesis|[silent]\n|move|p1a: Gyarados|Waterfall|p2a: Torkoal\n|-activate|p2a: Torkoal|move: Protect\n|\n|-weather|SunnyDay|[upkeep]\n|-heal|p1b: Annihilape|60\/100|[from] item: Leftovers\n|-end|p1b: Annihilape|move: Yawn|[silent]\n|upkeep\n|\n|t:|1682544025\n|switch|p2b: Lilligant|Lilligant, L50, F|100\/100\n|turn|5\n|\n|t:|1682544037\n|switch|p1a: Ting-Lu|Ting-Lu, L50|100\/100\n|-ability|p1a: Ting-Lu|Vessel of Ruin\n|switch|p2a: Roaring Moon|Roaring Moon, L50, tera:Steel|100\/100\n|-activate|p2a: Roaring Moon|ability: Protosynthesis\n|-start|p2a: Roaring Moon|protosynthesisatk\n|move|p2b: Lilligant|Sleep Powder|p1a: Ting-Lu\n|-status|p1a: Ting-Lu|slp|[from] move: Sleep Powder\n|move|p1b: Annihilape|Rage Fist|p2a: Roaring Moon\n|-damage|p2a: Roaring Moon|0 fnt\n|faint|p2a: Roaring Moon\n|-end|p2a: Roaring Moon|Protosynthesis|[silent]\n|\n|-weather|none\n|-heal|p1b: Annihilape|66\/100|[from] item: Leftovers\n|upkeep\n|\n|t:|1682544052\n|switch|p2a: Torkoal|Torkoal, L50, M|100\/100\n|-weather|SunnyDay|[from] ability: Drought|[of] p2a: Torkoal\n|turn|6\n|\n|t:|1682544075\n|move|p2b: Lilligant|Pollen Puff|p1a: Ting-Lu\n|-supereffective|p1a: Ting-Lu\n|-damage|p1a: Ting-Lu|86\/100 slp\n|move|p1b: Annihilape|Rage Fist|p2a: Torkoal\n|-damage|p2a: Torkoal|33\/100\n|cant|p1a: Ting-Lu|slp\n|move|p2a: Torkoal|Heat Wave|p1b: Annihilape|[spread] p1a,p1b\n|-resisted|p1b: Annihilape\n|-damage|p1a: Ting-Lu|78\/100 slp\n|-damage|p1b: Annihilape|61\/100\n|\n|-weather|SunnyDay|[upkeep]\n|-heal|p1b: Annihilape|67\/100|[from] item: Leftovers\n|-heal|p2a: Torkoal|39\/100|[from] item: Leftovers\n|upkeep\n|turn|7\n|-message|chickeneggduckeggs forfeited.\n|\n|win|r3gCt3st\n|raw|r3gCt3st's rating: 1365 → 1390<\/strong> (+25 for winning)\n|raw|chickeneggduckeggs's rating: 1445 → 1420<\/strong> (-25 for losing)\n|l|\u2606chickeneggduckeggs\n","uploadtime":1682544114,"views":13,"p1id":"r3gct3st","p2id":"chickeneggduckeggs","formatid":"gen9vgc2023regulationc","rating":1390,"private":0,"password":""}