{"id":"gen9vgc2023regulationc-1851771143","p1":"NinjaStyle","p2":"DuelLuna","format":"[Gen 9] VGC 2023 Regulation C","log":"|j|\u2606NinjaStyle\n|j|\u2606DuelLuna\n|t:|1682480998\n|gametype|doubles\n|player|p1|NinjaStyle|drayden|1550\n|player|p2|DuelLuna|caitlin|1484\n|teamsize|p1|6\n|teamsize|p2|6\n|gen|9\n|tier|[Gen 9] VGC 2023 Regulation C\n|rated|\n|rule|Species Clause: Limit one of each Pok\u00e9mon\n|rule|Item Clause: Limit one of each item\n|clearpoke\n|poke|p1|Flutter Mane, L50|\n|poke|p1|Chien-Pao, L50|\n|poke|p1|Dragonite, L50, M|\n|poke|p1|Amoonguss, L50, M|\n|poke|p1|Azumarill, L50, F|\n|poke|p1|Baxcalibur, L50, M|\n|poke|p2|Gholdengo, L50|\n|poke|p2|Maushold, L50|\n|poke|p2|Iron Bundle, L50|\n|poke|p2|Garchomp, L50, M|\n|poke|p2|Talonflame, L50, M|\n|poke|p2|Iron Hands, L50|\n|teampreview|4\n|inactive|Battle timer is ON: inactive players will automatically lose when time's up. (requested by NinjaStyle)\nDuelLuna has agreed to open team sheets.\n|inactive|NinjaStyle has 60 seconds left.\n|inactive|DuelLuna has 60 seconds left.\n|inactive|NinjaStyle has 30 seconds left.\n|\n|t:|1682481060\n|start\n|switch|p1a: Baxcalibur|Baxcalibur, L50, M|100\/100\n|switch|p1b: Chien-Pao|Chien-Pao, L50|100\/100\n|switch|p2a: Bolt the birb|Talonflame, L50, M|100\/100\n|switch|p2b: Gold OS|Gholdengo, L50|100\/100\n|-ability|p1b: Chien-Pao|Sword of Ruin\n|turn|1\n|inactive|NinjaStyle has 30 seconds left.\n|\n|t:|1682481095\n|-terastallize|p1a: Baxcalibur|Poison\n|move|p1b: Chien-Pao|Protect|p1b: Chien-Pao\n|-singleturn|p1b: Chien-Pao|Protect\n|move|p2b: Gold OS|Protect|p2b: Gold OS\n|-singleturn|p2b: Gold OS|Protect\n|move|p2a: Bolt the birb|Will-O-Wisp|p1b: Chien-Pao\n|-activate|p1b: Chien-Pao|move: Protect\n|move|p1a: Baxcalibur|Glaive Rush|p2b: Gold OS\n|-activate|p2b: Gold OS|move: Protect\n|\n|upkeep\n|turn|2\n|\n|t:|1682481116\n|switch|p1b: Amoonguss|Amoonguss, L50, M|100\/100\n|move|p2a: Bolt the birb|Tailwind|p2a: Bolt the birb\n|-sidestart|p2: DuelLuna|move: Tailwind\n|move|p2b: Gold OS|Make It Rain|p1b: Amoonguss|[spread] p1a,p1b\n|-damage|p1a: Baxcalibur|59\/100\n|-damage|p1b: Amoonguss|64\/100\n|-unboost|p2b: Gold OS|spa|1\n|move|p1a: Baxcalibur|Glaive Rush|p2a: Bolt the birb\n|-damage|p2a: Bolt the birb|0 fnt\n|-singlemove|p1a: Baxcalibur|Glaive Rush|[silent]\n|faint|p2a: Bolt the birb\n|\n|upkeep\n|\n|t:|1682481129\n|switch|p2a: Birdman|Garchomp, L50, M|100\/100\n|turn|3\n|inactive|NinjaStyle has 30 seconds left.\n|\n|t:|1682481160\n|move|p2a: Birdman|Protect|p2a: Birdman\n|-singleturn|p2a: Birdman|Protect\n|move|p1a: Baxcalibur|Protect|p1a: Baxcalibur\n|-singleturn|p1a: Baxcalibur|Protect\n|move|p2b: Gold OS|Nasty Plot|p2b: Gold OS\n|-boost|p2b: Gold OS|spa|2\n|move|p1b: Amoonguss|Spore|p2a: Birdman\n|-activate|p2a: Birdman|move: Protect\n|\n|upkeep\n|turn|4\n|inactive|NinjaStyle has 30 seconds left.\n|\n|t:|1682481189\n|switch|p1a: Chien-Pao|Chien-Pao, L50|100\/100\n|-ability|p1a: Chien-Pao|Sword of Ruin\n|-terastallize|p2a: Birdman|Fire\n|move|p1b: Amoonguss|Protect|p1b: Amoonguss\n|-singleturn|p1b: Amoonguss|Protect\n|move|p2a: Birdman|Stomping Tantrum|p1b: Amoonguss\n|-activate|p1b: Amoonguss|move: Protect\n|move|p2b: Gold OS|Make It Rain|p1b: Amoonguss|[spread] p1a\n|-activate|p1b: Amoonguss|move: Protect\n|-supereffective|p1a: Chien-Pao\n|-enditem|p1a: Chien-Pao|Focus Sash\n|-damage|p1a: Chien-Pao|1\/100\n|-unboost|p2b: Gold OS|spa|1\n|\n|upkeep\n|turn|5\n|inactive|NinjaStyle has 30 seconds left.\n|inactive|DuelLuna has 30 seconds left.\n|\n|t:|1682481224\n|switch|p2b: Ordinance|Iron Bundle, L50|100\/100\n|-enditem|p2b: Ordinance|Booster Energy\n|-activate|p2b: Ordinance|ability: Quark Drive|[fromitem]\n|-start|p2b: Ordinance|quarkdrivespe\n|move|p2a: Birdman|Protect|p2a: Birdman\n|-singleturn|p2a: Birdman|Protect\n|move|p1a: Chien-Pao|Sucker Punch||[still]\n|-fail|p1a: Chien-Pao\n|move|p1b: Amoonguss|Spore|p2a: Birdman\n|-activate|p2a: Birdman|move: Protect\n|\n|-sideend|p2: DuelLuna|move: Tailwind\n|upkeep\n|turn|6\n|inactive|NinjaStyle has 30 seconds left.\n|inactive|NinjaStyle has 20 seconds left.\n|inactive|NinjaStyle has 15 seconds left.\n|inactive|NinjaStyle has 10 seconds left.\n|\n|t:|1682481271\n|move|p1b: Amoonguss|Protect|p1b: Amoonguss\n|-singleturn|p1b: Amoonguss|Protect\n|move|p1a: Chien-Pao|Sucker Punch|p2b: Ordinance\n|-damage|p2b: Ordinance|44\/100\n|move|p2b: Ordinance|Icy Wind|p1a: Chien-Pao|[spread] p1a\n|-activate|p1b: Amoonguss|move: Protect\n|-resisted|p1a: Chien-Pao\n|-crit|p1a: Chien-Pao\n|-damage|p1a: Chien-Pao|0 fnt\n|faint|p1a: Chien-Pao\n|move|p2a: Birdman|Stomping Tantrum|p1b: Amoonguss\n|-activate|p1b: Amoonguss|move: Protect\n|\n|upkeep\n|inactive|NinjaStyle has 30 seconds left.\n|\n|t:|1682481302\n|switch|p1a: Baxcalibur|Baxcalibur, L50, M, tera:Poison|59\/100\n|turn|7\n|\n|t:|1682481309\n|move|p1b: Amoonguss|Rage Powder|p1b: Amoonguss\n|-singleturn|p1b: Amoonguss|move: Rage Powder\n|move|p2b: Ordinance|Freeze-Dry|p1b: Amoonguss\n|-supereffective|p1b: Amoonguss\n|-damage|p1b: Amoonguss|3\/100\n|-enditem|p1b: Amoonguss|Sitrus Berry|[eat]\n|-heal|p1b: Amoonguss|28\/100|[from] item: Sitrus Berry\n|move|p2a: Birdman|Stomping Tantrum|p1b: Amoonguss\n|-damage|p1b: Amoonguss|0 fnt\n|faint|p1b: Amoonguss\n|-damage|p2a: Birdman|91\/100|[from] item: Life Orb\n|move|p1a: Baxcalibur|Glaive Rush|p2b: Ordinance\n|-crit|p2b: Ordinance\n|-damage|p2b: Ordinance|0 fnt\n|-singlemove|p1a: Baxcalibur|Glaive Rush|[silent]\n|faint|p2b: Ordinance\n|-end|p2b: Ordinance|Quark Drive|[silent]\n|\n|upkeep\n|\n|t:|1682481323\n|switch|p2b: Gold OS|Gholdengo, L50|100\/100\n|switch|p1b: Flutter Mane|Flutter Mane, L50|100\/100\n|turn|8\n|\n|t:|1682481331\n|move|p1b: Flutter Mane|Protect|p1b: Flutter Mane\n|-singleturn|p1b: Flutter Mane|Protect\n|move|p2a: Birdman|Protect|p2a: Birdman\n|-singleturn|p2a: Birdman|Protect\n|move|p1a: Baxcalibur|Protect|p1a: Baxcalibur\n|-singleturn|p1a: Baxcalibur|Protect\n|move|p2b: Gold OS|Make It Rain|p1a: Baxcalibur|[spread] \n|-activate|p1a: Baxcalibur|move: Protect\n|-activate|p1b: Flutter Mane|move: Protect\n|\n|upkeep\n|turn|9\n|\n|t:|1682481349\n|move|p2b: Gold OS|Protect|p2b: Gold OS\n|-singleturn|p2b: Gold OS|Protect\n|move|p1b: Flutter Mane|Substitute|p1b: Flutter Mane\n|-start|p1b: Flutter Mane|Substitute\n|-damage|p1b: Flutter Mane|76\/100\n|move|p2a: Birdman|Earthquake|p1a: Baxcalibur|[spread] p1a,p1b\n|-activate|p2b: Gold OS|move: Protect\n|-end|p1b: Flutter Mane|Substitute\n|-supereffective|p1a: Baxcalibur\n|-damage|p1a: Baxcalibur|0 fnt\n|faint|p1a: Baxcalibur\n|-damage|p2a: Birdman|81\/100|[from] item: Life Orb\n|\n|upkeep\n|turn|10\n|\n|t:|1682481364\n|move|p1b: Flutter Mane|Shadow Ball|p2b: Gold OS\n|-supereffective|p2b: Gold OS\n|-damage|p2b: Gold OS|0 fnt\n|faint|p2b: Gold OS\n|-damage|p1b: Flutter Mane|67\/100|[from] item: Life Orb\n|move|p2a: Birdman|Stomping Tantrum|p1b: Flutter Mane\n|-crit|p1b: Flutter Mane\n|-damage|p1b: Flutter Mane|0 fnt\n|faint|p1b: Flutter Mane\n|-end|p1b: Flutter Mane|Protosynthesis|[silent]\n|-damage|p2a: Birdman|71\/100|[from] item: Life Orb\n|\n|win|DuelLuna\n|raw|NinjaStyle's rating: 1550 → 1526<\/strong> (-24 for losing)\n|raw|DuelLuna's rating: 1484 → 1508<\/strong> (+24 for winning)\n","uploadtime":1682481374,"views":25,"p1id":"ninjastyle","p2id":"duelluna","formatid":"gen9vgc2023regulationc","rating":1508,"private":0,"password":""}