{"id":"gen9vgc2023regulationc-1858054080","p1":"yakenonokarasu","p2":"Psychic Spell","format":"[Gen 9] VGC 2023 Regulation C","log":"|j|\u2606yakenonokarasu\n|j|\u2606Psychic Spell\n|t:|1683267616\n|gametype|doubles\n|player|p1|yakenonokarasu|plumeria|\n|player|p2|Psychic Spell|pryce|\n|teamsize|p1|6\n|teamsize|p2|6\n|gen|9\n|tier|[Gen 9] VGC 2023 Regulation C\n|rule|Species Clause: Limit one of each Pok\u00e9mon\n|rule|Item Clause: Limit one of each item\n|clearpoke\n|poke|p1|Palafin, L50, M|\n|poke|p1|Dragapult, L50, F|\n|poke|p1|Iron Valiant, L50|\n|poke|p1|Oricorio-Pom-Pom, L50, F|\n|poke|p1|Iron Hands, L50|\n|poke|p1|Shellos-East, L50, M|\n|poke|p2|Pelipper, L50, M|\n|poke|p2|Barraskewda, L50, F|\n|poke|p2|Garganacl, L50, F|\n|poke|p2|Gholdengo, L50|\n|poke|p2|Drednaw, L50, F|\n|poke|p2|Magneton, L50|\n|teampreview|4\n|c|\u2606yakenonokarasu|G3\nPsychic Spell rejected open team sheets.\n|\n|t:|1683268137\n|start\n|switch|p1a: Palafin|Palafin, L50, M, shiny|100\/100\n|switch|p1b: Dragapult|Dragapult, L50, F, shiny|100\/100\n|switch|p2a: Pelipper|Pelipper, L50, M|100\/100\n|switch|p2b: Drednaw|Drednaw, L50, F|100\/100\n|-weather|RainDance|[from] ability: Drizzle|[of] p2a: Pelipper\n|turn|1\n|\n|t:|1683268153\n|detailschange|p1a: Palafin|Palafin-Hero, L50, M, shiny\n|switch|p1a: Iron Hands|Iron Hands, L50|100\/100\n|move|p2b: Drednaw|Rock Slide|p1b: Dragapult|[spread] p1a,p1b\n|-resisted|p1a: Iron Hands\n|-damage|p1a: Iron Hands|89\/100\n|-damage|p1b: Dragapult|40\/100\n|-damage|p2b: Drednaw|91\/100|[from] item: Life Orb\n|move|p1b: Dragapult|Will-O-Wisp|p2b: Drednaw|[miss]\n|-miss|p1b: Dragapult|p2b: Drednaw\n|move|p2a: Pelipper|Hurricane|p1b: Dragapult\n|-damage|p1b: Dragapult|0 fnt\n|faint|p1b: Dragapult\n|\n|-weather|RainDance|[upkeep]\n|upkeep\n|\n|t:|1683268165\n|switch|p1b: Palafin|Palafin-Hero, L50, M, shiny|100\/100\n|-activate|p1b: Palafin|ability: Zero to Hero\n|turn|2\n|\n|t:|1683268182\n|move|p2b: Drednaw|Liquidation|p1a: Iron Hands\n|-damage|p1a: Iron Hands|32\/100\n|-enditem|p1a: Iron Hands|Sitrus Berry|[eat]\n|-heal|p1a: Iron Hands|57\/100|[from] item: Sitrus Berry\n|-damage|p2b: Drednaw|81\/100|[from] item: Life Orb\n|move|p1b: Palafin|Close Combat|p2b: Drednaw\n|-supereffective|p2b: Drednaw\n|-damage|p2b: Drednaw|0 fnt\n|-unboost|p1b: Palafin|def|1\n|-unboost|p1b: Palafin|spd|1\n|faint|p2b: Drednaw\n|move|p2a: Pelipper|Hydro Pump|p1a: Iron Hands\n|-damage|p1a: Iron Hands|14\/100\n|move|p1a: Iron Hands|Belly Drum||[still]\n|-fail|p1a: Iron Hands\n|\n|-weather|RainDance|[upkeep]\n|upkeep\n|\n|t:|1683268205\n|switch|p2b: Barraskewda|Barraskewda, L50, F|100\/100\n|turn|3\n|\n|t:|1683268224\n|move|p1a: Iron Hands|Protect|p1a: Iron Hands\n|-singleturn|p1a: Iron Hands|Protect\n|move|p2b: Barraskewda|Liquidation|p1a: Iron Hands\n|-activate|p1a: Iron Hands|move: Protect\n|move|p1b: Palafin|Close Combat|p2b: Barraskewda\n|-enditem|p2b: Barraskewda|Focus Sash\n|-damage|p2b: Barraskewda|1\/100\n|-unboost|p1b: Palafin|def|1\n|-unboost|p1b: Palafin|spd|1\n|move|p2a: Pelipper|Hurricane|p1b: Palafin\n|-damage|p1b: Palafin|16\/100\n|\n|-weather|RainDance|[upkeep]\n|upkeep\n|turn|4\n|\n|t:|1683268252\n|move|p2b: Barraskewda|Aqua Jet|p1a: Iron Hands\n|-damage|p1a: Iron Hands|0 fnt\n|faint|p1a: Iron Hands\n|-end|p1a: Iron Hands|Quark Drive|[silent]\n|move|p1b: Palafin|Close Combat|p2a: Pelipper\n|-resisted|p2a: Pelipper\n|-damage|p2a: Pelipper|72\/100\n|-unboost|p1b: Palafin|def|1\n|-unboost|p1b: Palafin|spd|1\n|move|p2a: Pelipper|Hurricane|p1b: Palafin\n|-damage|p1b: Palafin|0 fnt\n|faint|p1b: Palafin\n|\n|-weather|RainDance|[upkeep]\n|upkeep\n|\n|t:|1683268257\n|switch|p1b: Iron Valiant|Iron Valiant, L50, shiny|100\/100\n|-enditem|p1b: Iron Valiant|Booster Energy\n|-activate|p1b: Iron Valiant|ability: Quark Drive|[fromitem]\n|-start|p1b: Iron Valiant|quarkdrivespe\n|turn|5\n|\n|t:|1683268272\n|-terastallize|p1b: Iron Valiant|Steel\n|move|p1b: Iron Valiant|Shadow Sneak|p2b: Barraskewda\n|-damage|p2b: Barraskewda|0 fnt\n|faint|p2b: Barraskewda\n|move|p2a: Pelipper|Hurricane|p1b: Iron Valiant\n|-resisted|p1b: Iron Valiant\n|-damage|p1b: Iron Valiant|67\/100\n|\n|-weather|RainDance|[upkeep]\n|upkeep\n|\n|t:|1683268280\n|switch|p2b: Garganacl|Garganacl, L50, F|100\/100\n|turn|6\n|\n|t:|1683268287\n|-terastallize|p2b: Garganacl|Grass\n|move|p1b: Iron Valiant|Thunderbolt|p2a: Pelipper\n|-supereffective|p2a: Pelipper\n|-damage|p2a: Pelipper|0 fnt\n|faint|p2a: Pelipper\n|move|p2b: Garganacl|Iron Defense|p2b: Garganacl\n|-boost|p2b: Garganacl|def|2\n|\n|-weather|RainDance|[upkeep]\n|upkeep\n|turn|7\n|\n|t:|1683268296\n|move|p1b: Iron Valiant|Moonblast|p2b: Garganacl\n|-damage|p2b: Garganacl|67\/100\n|-unboost|p2b: Garganacl|spa|1\n|move|p2b: Garganacl|Salt Cure|p1b: Iron Valiant\n|-resisted|p1b: Iron Valiant\n|-damage|p1b: Iron Valiant|58\/100\n|-start|p1b: Iron Valiant|Salt Cure\n|\n|-weather|RainDance|[upkeep]\n|-damage|p1b: Iron Valiant|33\/100|[from] Salt Cure\n|upkeep\n|turn|8\n|\n|t:|1683268314\n|move|p1b: Iron Valiant|Moonblast|p2b: Garganacl\n|-damage|p2b: Garganacl|33\/100\n|-unboost|p2b: Garganacl|spa|1\n|move|p2b: Garganacl|Recover|p2b: Garganacl\n|-heal|p2b: Garganacl|83\/100\n|\n|-weather|none\n|-damage|p1b: Iron Valiant|8\/100|[from] Salt Cure\n|upkeep\n|turn|9\n|\n|t:|1683268322\n|move|p1b: Iron Valiant|Aura Sphere|p2b: Garganacl\n|-crit|p2b: Garganacl\n|-damage|p2b: Garganacl|43\/100\n|move|p2b: Garganacl|Recover|p2b: Garganacl\n|-heal|p2b: Garganacl|94\/100\n|\n|-damage|p1b: Iron Valiant|0 fnt|[from] Salt Cure\n|faint|p1b: Iron Valiant\n|-end|p1b: Iron Valiant|Quark Drive|[silent]\n|\n|win|Psychic Spell\n|upkeep\n|c|\u2606yakenonokarasu|Ggs\n|c|\u2606Psychic Spell|ggs\n|l|\u2606yakenonokarasu\n","uploadtime":1683268381,"views":5,"p1id":"yakenonokarasu","p2id":"psychicspell","formatid":"gen9vgc2023regulationc","rating":0,"private":0,"password":""}