{"id":"gen9vgc2023regulationc-1855958103","p1":"PerroDog","p2":"r3gCt3st","format":"[Gen 9] VGC 2023 Regulation C","log":"|j|\u2606PerroDog\n|j|\u2606r3gCt3st\n|t:|1683007233\n|gametype|doubles\n|player|p1|PerroDog|169|1248\n|player|p2|r3gCt3st|unknown|1218\n|teamsize|p1|6\n|teamsize|p2|6\n|gen|9\n|tier|[Gen 9] VGC 2023 Regulation C\n|rated|\n|rule|Species Clause: Limit one of each Pok\u00e9mon\n|rule|Item Clause: Limit one of each item\n|clearpoke\n|poke|p1|Garchomp, L50, M|\n|poke|p1|Kingambit, L50, M|\n|poke|p1|Flutter Mane, L50|\n|poke|p1|Chi-Yu, L50|\n|poke|p1|Gyarados, L50, F|\n|poke|p1|Amoonguss, L50, M|\n|poke|p2|Ting-Lu, L50|\n|poke|p2|Glimmora, L50, M|\n|poke|p2|Amoonguss, L50, F|\n|poke|p2|Gyarados, L50, M|\n|poke|p2|Flutter Mane, L50|\n|poke|p2|Chi-Yu, L50|\n|teampreview|4\n|\n|t:|1683007254\n|start\n|switch|p1a: Garchomp|Garchomp, L50, M|100\/100\n|switch|p1b: Gyarados|Gyarados, L50, F|100\/100\n|switch|p2a: Glimmora|Glimmora, L50, M|100\/100\n|switch|p2b: Gyarados|Gyarados, L50, M|100\/100\n|-ability|p2b: Gyarados|Intimidate|boost\n|-unboost|p1a: Garchomp|atk|1\n|-unboost|p1b: Gyarados|atk|1\n|-ability|p1b: Gyarados|Intimidate|boost\n|-unboost|p2a: Glimmora|atk|1\n|-unboost|p2b: Gyarados|atk|1\n|turn|1\n|\n|t:|1683007269\n|switch|p2b: Ting-Lu|Ting-Lu, L50|100\/100\n|-ability|p2b: Ting-Lu|Vessel of Ruin\n|-terastallize|p2a: Glimmora|Grass\n|move|p1a: Garchomp|Stomping Tantrum|p2a: Glimmora\n|-resisted|p2a: Glimmora\n|-damage|p2a: Glimmora|84\/100\n|-activate|p2a: Glimmora|ability: Toxic Debris\n|-sidestart|p1: PerroDog|move: Toxic Spikes\n|-damage|p1a: Garchomp|91\/100|[from] item: Life Orb\n|move|p2a: Glimmora|Mortal Spin|p1a: Garchomp|[spread] p1a,p1b\n|-resisted|p1a: Garchomp\n|-damage|p1a: Garchomp|89\/100\n|-damage|p1b: Gyarados|99\/100\n|-status|p1a: Garchomp|psn\n|-status|p1b: Gyarados|psn\n|-damage|p2a: Glimmora|72\/100|[from] ability: Rough Skin|[of] p1a: Garchomp\n|move|p1b: Gyarados|Thunder Wave|p2b: Ting-Lu\n|-immune|p2b: Ting-Lu\n|\n|-damage|p1a: Garchomp|77\/100 psn|[from] psn\n|-damage|p1b: Gyarados|86\/100 psn|[from] psn\n|upkeep\n|turn|2\n|\n|t:|1683007291\n|switch|p1a: Amoonguss|Amoonguss, L50, M|100\/100\n|-sideend|p1: PerroDog|move: Toxic Spikes|[of] p1a: Amoonguss\n|move|p2a: Glimmora|Power Gem|p1b: Gyarados\n|-supereffective|p1b: Gyarados\n|-damage|p1b: Gyarados|33\/100 psn\n|-enditem|p1b: Gyarados|Sitrus Berry|[eat]\n|-heal|p1b: Gyarados|57\/100 psn|[from] item: Sitrus Berry\n|move|p1b: Gyarados|Thunder Wave|p2a: Glimmora\n|-status|p2a: Glimmora|par\n|move|p2b: Ting-Lu|Stealth Rock|p1b: Gyarados\n|-sidestart|p1: PerroDog|move: Stealth Rock\n|\n|-damage|p1b: Gyarados|45\/100 psn|[from] psn\n|upkeep\n|turn|3\n|\n|t:|1683007312\n|move|p1b: Gyarados|Waterfall|p2b: Ting-Lu\n|-supereffective|p2b: Ting-Lu\n|-damage|p2b: Ting-Lu|81\/100\n|move|p2b: Ting-Lu|Sand Tomb|p1a: Amoonguss\n|-damage|p1a: Amoonguss|88\/100\n|-activate|p1a: Amoonguss|move: Sand Tomb|[of] p2b: Ting-Lu\n|cant|p2a: Glimmora|par\n|move|p1a: Amoonguss|Spore|p2b: Ting-Lu\n|-status|p2b: Ting-Lu|slp|[from] move: Spore\n|\n|-heal|p2b: Ting-Lu|87\/100 slp|[from] item: Leftovers\n|-damage|p1b: Gyarados|33\/100 psn|[from] psn\n|-damage|p1a: Amoonguss|76\/100|[from] move: Sand Tomb|[partiallytrapped]\n|upkeep\n|turn|4\n|\n|t:|1683007332\n|move|p1b: Gyarados|Taunt|p2a: Glimmora\n|-start|p2a: Glimmora|move: Taunt\n|cant|p2b: Ting-Lu|slp\n|move|p2a: Glimmora|Energy Ball|p1b: Gyarados\n|-damage|p1b: Gyarados|4\/100 psn\n|move|p1a: Amoonguss|Pollen Puff|p1b: Gyarados\n|-heal|p1b: Gyarados|54\/100 psn\n|\n|-heal|p2b: Ting-Lu|93\/100 slp|[from] item: Leftovers\n|-damage|p1b: Gyarados|42\/100 psn|[from] psn\n|-damage|p1a: Amoonguss|64\/100|[from] move: Sand Tomb|[partiallytrapped]\n|upkeep\n|turn|5\n|\n|t:|1683007349\n|switch|p1b: Kingambit|Kingambit, L50, M|100\/100\n|-damage|p1b: Kingambit|94\/100|[from] Stealth Rock\n|cant|p2b: Ting-Lu|slp\n|move|p2a: Glimmora|Power Gem|p1b: Kingambit\n|-resisted|p1b: Kingambit\n|-damage|p1b: Kingambit|82\/100\n|move|p1a: Amoonguss|Pollen Puff|p2a: Glimmora\n|-supereffective|p2a: Glimmora\n|-damage|p2a: Glimmora|51\/100 par\n|\n|-heal|p2b: Ting-Lu|99\/100 slp|[from] item: Leftovers\n|-damage|p1a: Amoonguss|51\/100|[from] move: Sand Tomb|[partiallytrapped]\n|upkeep\n|turn|6\n|\n|t:|1683007370\n|-terastallize|p1b: Kingambit|Flying\n|move|p1b: Kingambit|Tera Blast|p2a: Glimmora\n|-supereffective|p2a: Glimmora\n|-damage|p2a: Glimmora|0 fnt\n|-activate|p2a: Glimmora|ability: Toxic Debris\n|-sidestart|p1: PerroDog|move: Toxic Spikes\n|faint|p2a: Glimmora\n|-curestatus|p2b: Ting-Lu|slp|[msg]\n|move|p2b: Ting-Lu|Sand Tomb|p1b: Kingambit\n|-immune|p1b: Kingambit\n|move|p1a: Amoonguss|Spore|p2b: Ting-Lu\n|-status|p2b: Ting-Lu|slp|[from] move: Spore\n|\n|-heal|p2b: Ting-Lu|100\/100 slp|[from] item: Leftovers\n|-damage|p1a: Amoonguss|39\/100|[from] move: Sand Tomb|[partiallytrapped]\n|upkeep\n|\n|t:|1683007385\n|switch|p2a: Gyarados|Gyarados, L50, M|100\/100\n|-ability|p2a: Gyarados|Intimidate|boost\n|-unboost|p1a: Amoonguss|atk|1\n|-unboost|p1b: Kingambit|atk|1\n|-ability|p1b: Kingambit|Defiant|boost\n|-boost|p1b: Kingambit|atk|2\n|turn|7\n|\n|t:|1683007400\n|cant|p2b: Ting-Lu|slp\n|move|p1a: Amoonguss|Rage Powder|p1a: Amoonguss\n|-singleturn|p1a: Amoonguss|move: Rage Powder\n|move|p2a: Gyarados|Taunt|p1a: Amoonguss\n|-start|p1a: Amoonguss|move: Taunt\n|move|p1b: Kingambit|Tera Blast|p2a: Gyarados\n|-damage|p2a: Gyarados|19\/100\n|-enditem|p2a: Gyarados|Sitrus Berry|[eat]\n|-heal|p2a: Gyarados|44\/100|[from] item: Sitrus Berry\n|\n|-damage|p1a: Amoonguss|27\/100|[from] move: Sand Tomb|[partiallytrapped]\n|upkeep\n|turn|8\n|\n|t:|1683007416\n|move|p2a: Gyarados|Dragon Dance|p2a: Gyarados\n|-boost|p2a: Gyarados|atk|1\n|-boost|p2a: Gyarados|spe|1\n|move|p1b: Kingambit|Tera Blast|p2a: Gyarados\n|-damage|p2a: Gyarados|0 fnt\n|faint|p2a: Gyarados\n|cant|p2b: Ting-Lu|slp\n|move|p1a: Amoonguss|Pollen Puff|p1b: Kingambit\n|-heal|p1b: Kingambit|100\/100\n|\n|-end|p1a: Amoonguss|Sand Tomb|[partiallytrapped]\n|upkeep\n|\n|t:|1683007422\n|switch|p2a: Flutter Mane|Flutter Mane, L50|100\/100\n|-enditem|p2a: Flutter Mane|Booster Energy\n|-activate|p2a: Flutter Mane|ability: Protosynthesis|[fromitem]\n|-start|p2a: Flutter Mane|protosynthesisspe\n|turn|9\n|\n|t:|1683007428\n|move|p2a: Flutter Mane|Substitute|p2a: Flutter Mane\n|-start|p2a: Flutter Mane|Substitute\n|-damage|p2a: Flutter Mane|76\/100\n|move|p1b: Kingambit|Iron Head|p2a: Flutter Mane\n|-supereffective|p2a: Flutter Mane\n|-end|p2a: Flutter Mane|Substitute\n|-curestatus|p2b: Ting-Lu|slp|[msg]\n|move|p2b: Ting-Lu|Sand Tomb|p1a: Amoonguss\n|-damage|p1a: Amoonguss|16\/100\n|-activate|p1a: Amoonguss|move: Sand Tomb|[of] p2b: Ting-Lu\n|move|p1a: Amoonguss|Pollen Puff|p1b: Kingambit\n|-immune|p1b: Kingambit\n|\n|-damage|p1a: Amoonguss|4\/100|[from] move: Sand Tomb|[partiallytrapped]\n|upkeep\n|turn|10\n|\n|t:|1683007448\n|move|p2a: Flutter Mane|Substitute|p2a: Flutter Mane\n|-start|p2a: Flutter Mane|Substitute\n|-damage|p2a: Flutter Mane|51\/100\n|move|p1b: Kingambit|Iron Head|p2a: Flutter Mane\n|-supereffective|p2a: Flutter Mane\n|-end|p2a: Flutter Mane|Substitute\n|move|p2b: Ting-Lu|Ruination|p1b: Kingambit|[miss]\n|-miss|p2b: Ting-Lu|p1b: Kingambit\n|move|p1a: Amoonguss|Pollen Puff|p2a: Flutter Mane\n|-resisted|p2a: Flutter Mane\n|-damage|p2a: Flutter Mane|48\/100\n|\n|-damage|p1a: Amoonguss|0 fnt|[from] move: Sand Tomb|[partiallytrapped]\n|faint|p1a: Amoonguss\n|upkeep\n|\n|t:|1683007463\n|switch|p1a: Garchomp|Garchomp, L50, M|77\/100 psn\n|-damage|p1a: Garchomp|71\/100 psn|[from] Stealth Rock\n|turn|11\n|\n|t:|1683007472\n|move|p2a: Flutter Mane|Protect|p2a: Flutter Mane\n|-singleturn|p2a: Flutter Mane|Protect\n|move|p1b: Kingambit|Sucker Punch||[still]\n|-fail|p1b: Kingambit\n|move|p1a: Garchomp|Earthquake|p2a: Flutter Mane|[spread] p2b\n|-activate|p2a: Flutter Mane|move: Protect\n|-immune|p1b: Kingambit\n|-damage|p2b: Ting-Lu|79\/100\n|-damage|p1a: Garchomp|62\/100 psn|[from] item: Life Orb\n|move|p2b: Ting-Lu|Sand Tomb|p1a: Garchomp\n|-damage|p1a: Garchomp|48\/100 psn\n|-activate|p1a: Garchomp|move: Sand Tomb|[of] p2b: Ting-Lu\n|\n|-heal|p2b: Ting-Lu|85\/100|[from] item: Leftovers\n|-damage|p1a: Garchomp|35\/100 psn|[from] psn\n|-damage|p1a: Garchomp|23\/100 psn|[from] move: Sand Tomb|[partiallytrapped]\n|upkeep\n|turn|12\n|\n|t:|1683007492\n|move|p2a: Flutter Mane|Substitute|p2a: Flutter Mane\n|-start|p2a: Flutter Mane|Substitute\n|-damage|p2a: Flutter Mane|24\/100\n|move|p1a: Garchomp|Earthquake|p2a: Flutter Mane|[spread] p2a,p2b\n|-immune|p1b: Kingambit\n|-end|p2a: Flutter Mane|Substitute\n|-damage|p2b: Ting-Lu|63\/100\n|-damage|p1a: Garchomp|14\/100 psn|[from] item: Life Orb\n|move|p1b: Kingambit|Iron Head|p2a: Flutter Mane\n|-supereffective|p2a: Flutter Mane\n|-damage|p2a: Flutter Mane|0 fnt\n|faint|p2a: Flutter Mane\n|-end|p2a: Flutter Mane|Protosynthesis|[silent]\n|move|p2b: Ting-Lu|Ruination|p1b: Kingambit\n|-damage|p1b: Kingambit|50\/100\n|\n|-heal|p2b: Ting-Lu|70\/100|[from] item: Leftovers\n|-damage|p1a: Garchomp|2\/100 psn|[from] psn\n|-damage|p1a: Garchomp|0 fnt|[from] move: Sand Tomb|[partiallytrapped]\n|faint|p1a: Garchomp\n|upkeep\n|\n|t:|1683007508\n|switch|p1a: Gyarados|Gyarados, L50, F|42\/100 psn\n|-damage|p1a: Gyarados|17\/100 psn|[from] Stealth Rock\n|-ability|p1a: Gyarados|Intimidate|boost\n|-unboost|p2b: Ting-Lu|atk|1\n|turn|13\n|\n|t:|1683007519\n|move|p2b: Ting-Lu|Protect|p2b: Ting-Lu\n|-singleturn|p2b: Ting-Lu|Protect\n|move|p1a: Gyarados|Iron Head|p2b: Ting-Lu\n|-activate|p2b: Ting-Lu|move: Protect\n|move|p1b: Kingambit|Tera Blast|p2b: Ting-Lu\n|-activate|p2b: Ting-Lu|move: Protect\n|\n|-heal|p2b: Ting-Lu|76\/100|[from] item: Leftovers\n|-damage|p1a: Gyarados|4\/100 psn|[from] psn\n|upkeep\n|turn|14\n|\n|t:|1683007530\n|move|p2b: Ting-Lu|Protect||[still]\n|-fail|p2b: Ting-Lu\n|move|p1a: Gyarados|Iron Head|p2b: Ting-Lu\n|-damage|p2b: Ting-Lu|65\/100\n|move|p1b: Kingambit|Tera Blast|p2b: Ting-Lu\n|-damage|p2b: Ting-Lu|34\/100\n|\n|-heal|p2b: Ting-Lu|40\/100|[from] item: Leftovers\n|-damage|p1a: Gyarados|0 fnt|[from] psn\n|faint|p1a: Gyarados\n|upkeep\n|turn|15\n|\n|t:|1683007539\n|move|p2b: Ting-Lu|Protect|p2b: Ting-Lu\n|-singleturn|p2b: Ting-Lu|Protect\n|move|p1b: Kingambit|Tera Blast|p2b: Ting-Lu\n|-activate|p2b: Ting-Lu|move: Protect\n|\n|-heal|p2b: Ting-Lu|46\/100|[from] item: Leftovers\n|upkeep\n|turn|16\n|\n|t:|1683007545\n|move|p1b: Kingambit|Tera Blast|p2b: Ting-Lu\n|-damage|p2b: Ting-Lu|15\/100\n|move|p2b: Ting-Lu|Ruination|p1b: Kingambit\n|-damage|p1b: Kingambit|25\/100\n|\n|-heal|p2b: Ting-Lu|21\/100|[from] item: Leftovers\n|upkeep\n|turn|17\n|\n|t:|1683007551\n|move|p2b: Ting-Lu|Protect|p2b: Ting-Lu\n|-singleturn|p2b: Ting-Lu|Protect\n|move|p1b: Kingambit|Tera Blast|p2b: Ting-Lu\n|-activate|p2b: Ting-Lu|move: Protect\n|\n|-heal|p2b: Ting-Lu|27\/100|[from] item: Leftovers\n|upkeep\n|turn|18\n|\n|t:|1683007554\n|move|p2b: Ting-Lu|Protect||[still]\n|-fail|p2b: Ting-Lu\n|move|p1b: Kingambit|Tera Blast|p2b: Ting-Lu\n|-damage|p2b: Ting-Lu|0 fnt\n|faint|p2b: Ting-Lu\n|\n|win|PerroDog\n|raw|PerroDog's rating: 1248 → 1271<\/strong> (+23 for winning)\n|raw|r3gCt3st's rating: 1218 → 1195<\/strong> (-23 for losing)\n|l|\u2606r3gCt3st\n","uploadtime":1683007561,"views":21,"p1id":"perrodog","p2id":"r3gct3st","formatid":"gen9vgc2023regulationc","rating":1195,"private":0,"password":""}