{"id":"gen9vgc2023regulationc-1855503338","p1":"luca8","p2":"NicoHaxVGC","format":"[Gen 9] VGC 2023 Regulation C","log":"|j|\u2606luca8\n|j|\u2606NicoHaxVGC\n|t:|1682957280\n|gametype|doubles\n|player|p1|luca8|flint|1564\n|player|p2|NicoHaxVGC|red|1458\n|teamsize|p1|6\n|teamsize|p2|6\n|gen|9\n|tier|[Gen 9] VGC 2023 Regulation C\n|rated|\n|rule|Species Clause: Limit one of each Pok\u00e9mon\n|rule|Item Clause: Limit one of each item\n|clearpoke\n|poke|p1|Flutter Mane, L50|\n|poke|p1|Gastrodon, L50, F|\n|poke|p1|Chien-Pao, L50|\n|poke|p1|Dragonite, L50, F|\n|poke|p1|Dragapult, L50, M|\n|poke|p1|Iron Bundle, L50|\n|poke|p2|Corviknight, L50, F|\n|poke|p2|Ting-Lu, L50|\n|poke|p2|Annihilape, L50, M|\n|poke|p2|Amoonguss, L50, F|\n|poke|p2|Iron Bundle, L50|\n|poke|p2|Flutter Mane, L50|\n|teampreview|4\n|inactive|Battle timer is ON: inactive players will automatically lose when time's up. (requested by NicoHaxVGC)\nNicoHaxVGC has agreed to open team sheets.\n|inactive|NicoHaxVGC has 60 seconds left.\n|\n|t:|1682957336\n|start\n|switch|p1a: Dragapult|Dragapult, L50, M|100\/100\n|switch|p1b: Iron Bundle|Iron Bundle, L50|100\/100\n|switch|p2a: Raven|Corviknight, L50, F|100\/100\n|switch|p2b: Cyborg|Iron Bundle, L50|100\/100\n|-enditem|p2b: Cyborg|Booster Energy\n|-activate|p2b: Cyborg|ability: Quark Drive|[fromitem]\n|-start|p2b: Cyborg|quarkdrivespe\n|-enditem|p1b: Iron Bundle|Booster Energy\n|-activate|p1b: Iron Bundle|ability: Quark Drive|[fromitem]\n|-start|p1b: Iron Bundle|quarkdrivespe\n|turn|1\n|\n|t:|1682957360\n|move|p2b: Cyborg|Icy Wind|p1a: Dragapult|[spread] p1a,p1b\n|-supereffective|p1a: Dragapult\n|-resisted|p1b: Iron Bundle\n|-damage|p1a: Dragapult|49\/100\n|-damage|p1b: Iron Bundle|92\/100\n|-unboost|p1b: Iron Bundle|spe|1\n|move|p1a: Dragapult|Phantom Force||[still]\n|-prepare|p1a: Dragapult|Phantom Force\n|-enditem|p1a: Dragapult|Power Herb\n|-anim|p1a: Dragapult|Phantom Force|p2b: Cyborg\n|-damage|p2b: Cyborg|54\/100\n|move|p1b: Iron Bundle|Freeze-Dry|p2b: Cyborg\n|-damage|p2b: Cyborg|0 fnt\n|faint|p2b: Cyborg\n|-end|p2b: Cyborg|Quark Drive|[silent]\n|move|p2a: Raven|Tailwind|p2a: Raven\n|-sidestart|p2: NicoHaxVGC|move: Tailwind\n|\n|upkeep\n|\n|t:|1682957374\n|switch|p2b: Star fire|Flutter Mane, L50|100\/100\n|turn|2\n|\n|t:|1682957394\n|-terastallize|p2b: Star fire|Fairy\n|-terastallize|p1a: Dragapult|Steel\n|move|p2b: Star fire|Dazzling Gleam|p1b: Iron Bundle|[spread] p1a,p1b\n|-resisted|p1a: Dragapult\n|-damage|p1a: Dragapult|5\/100\n|-damage|p1b: Iron Bundle|0 fnt\n|faint|p1b: Iron Bundle\n|-end|p1b: Iron Bundle|Quark Drive|[silent]\n|move|p1a: Dragapult|Phantom Force||[still]\n|-prepare|p1a: Dragapult|Phantom Force\n|move|p2a: Raven|Brave Bird|p1a: Dragapult|[miss]\n|-miss|p2a: Raven|p1a: Dragapult\n|\n|upkeep\n|inactive|luca8 has 30 seconds left.\n|\n|t:|1682957421\n|switch|p1b: Chien-Pao|Chien-Pao, L50|100\/100\n|-ability|p1b: Chien-Pao|Sword of Ruin\n|turn|3\n|\n|t:|1682957437\n|-end|p2b: Star fire|Protosynthesis|[silent]\n|switch|p2b: Beast boy|Ting-Lu, L50|100\/100\n|-ability|p2b: Beast boy|Vessel of Ruin\n|move|p1b: Chien-Pao|Sucker Punch||[still]\n|-fail|p1b: Chien-Pao\n|move|p1a: Dragapult|Phantom Force|p2b: Beast boy|[from]lockedmove\n|-resisted|p2b: Beast boy\n|-damage|p2b: Beast boy|83\/100\n|move|p2a: Raven|Iron Head|p1b: Chien-Pao\n|-supereffective|p1b: Chien-Pao\n|-damage|p1b: Chien-Pao|19\/100\n|\n|upkeep\n|turn|4\n|inactive|NicoHaxVGC has 30 seconds left.\n|inactive|NicoHaxVGC has 20 seconds left.\n|\n|t:|1682957473\n|move|p1a: Dragapult|Phantom Force||[still]\n|-prepare|p1a: Dragapult|Phantom Force\n|move|p2a: Raven|Roost||[still]\n|-fail|p2a: Raven|heal\n|move|p1b: Chien-Pao|Sacred Sword|p2b: Beast boy\n|-supereffective|p2b: Beast boy\n|-damage|p2b: Beast boy|39\/100\n|move|p2b: Beast boy|Heavy Slam|p1b: Chien-Pao\n|-supereffective|p1b: Chien-Pao\n|-damage|p1b: Chien-Pao|0 fnt\n|faint|p1b: Chien-Pao\n|\n|-sideend|p2: NicoHaxVGC|move: Tailwind\n|upkeep\n|\n|t:|1682957487\n|switch|p1b: Flutter aqMane|Flutter Mane, L50|100\/100\n|turn|5\n|\n|t:|1682957493\n|move|p1b: Flutter aqMane|Thunderbolt|p2a: Raven\n|-supereffective|p2a: Raven\n|-damage|p2a: Raven|55\/100\n|move|p1a: Dragapult|Phantom Force|p2a: Raven|[from]lockedmove\n|-damage|p2a: Raven|19\/100\n|move|p2a: Raven|Tailwind|p2a: Raven\n|-sidestart|p2: NicoHaxVGC|move: Tailwind\n|move|p2b: Beast boy|Heavy Slam|p1b: Flutter aqMane\n|-supereffective|p1b: Flutter aqMane\n|-damage|p1b: Flutter aqMane|0 fnt\n|faint|p1b: Flutter aqMane\n|-end|p1b: Flutter aqMane|Protosynthesis|[silent]\n|\n|upkeep\n|turn|6\n|-message|luca8 forfeited.\n|\n|win|NicoHaxVGC\n|raw|luca8's rating: 1564 → 1538<\/strong> (-26 for losing)\n|raw|NicoHaxVGC's rating: 1458 → 1484<\/strong> (+26 for winning)\n|l|\u2606luca8\n","uploadtime":1682957510,"views":27,"p1id":"luca8","p2id":"nicohaxvgc","formatid":"gen9vgc2023regulationc","rating":1484,"private":0,"password":""}