{"id":"gen9vgc2023regulationc-1850979787","p1":"chipp zanuff 7","p2":"leafyarrow","format":"[Gen 9] VGC 2023 Regulation C","log":"|j|\u2606chipp zanuff 7\n|j|\u2606leafyarrow\n|t:|1682389612\n|gametype|doubles\n|player|p1|chipp zanuff 7|266|\n|player|p2|leafyarrow|leaf-gen3|\n|teamsize|p1|6\n|teamsize|p2|6\n|gen|9\n|tier|[Gen 9] VGC 2023 Regulation C\n|rated|Tournament battle\n|rule|Species Clause: Limit one of each Pok\u00e9mon\n|rule|Item Clause: Limit one of each item\n|clearpoke\n|poke|p1|Iron Bundle, L50|\n|poke|p1|Chi-Yu, L50|\n|poke|p1|Wo-Chien, L50|\n|poke|p1|Glimmora, L50, F|\n|poke|p1|Tatsugiri, L50, M|\n|poke|p1|Dondozo, L50, F|\n|poke|p2|Flutter Mane, L50|\n|poke|p2|Palafin, L50, F|\n|poke|p2|Amoonguss, L50, M|\n|poke|p2|Ting-Lu, L50|\n|poke|p2|Arcanine, L50, F|\n|poke|p2|Jolteon, L50, M|\n|teampreview|4\n|raw| Open Team Sheet for chipp zanuff 7<\/summary>Iron Bundle @ Booster Energy Ability: Quark Drive Level: 50 Tera Type: Ice - Freeze-Dry - Hydro Pump - Protect - Icy Wind Chi-Yu @ Choice Specs Ability: Beads of Ruin Level: 50 Tera Type: Grass - Heat Wave - Dark Pulse - Snarl - Tera Blast Wo-Chien @ Leftovers Ability: Tablets of Ruin Level: 50 Tera Type: Poison - Energy Ball - Protect - Snarl - Leech Seed Glimmora @ Assault Vest Ability: Toxic Debris Level: 50 Shiny: Yes Tera Type: Grass - Mortal Spin - Sludge Bomb - Power Gem - Earth Power Tatsugiri (M) @ Bright Powder Ability: Commander Level: 50 Tera Type: Steel - Draco Meteor - Protect - Hydro Pump - Icy Wind Dondozo @ Life Orb Ability: Unaware Level: 50 Tera Type: Ground - Wave Crash - Earthquake - Protect - Avalanche <\/details><\/div> Open Team Sheet for leafyarrow<\/summary>Flutter Mane @ Choice Specs Ability: Protosynthesis Level: 50 Tera Type: Fairy - Moonblast - Dazzling Gleam - Shadow Ball - Power Gem Palafin @ Mystic Water Ability: Zero to Hero Level: 50 Tera Type: Water - Jet Punch - Wave Crash - Haze - Protect Amoonguss @ Sitrus Berry Ability: Regenerator Level: 50 Tera Type: Flying - Pollen Puff - Protect - Spore - Rage Powder Ting-Lu @ Assault Vest Ability: Vessel of Ruin Level: 50 Tera Type: Poison - Ruination - Stomping Tantrum - Heavy Slam - Fissure Arcanine @ Safety Goggles Ability: Intimidate Level: 50 Tera Type: Grass - Flare Blitz - Will-O-Wisp - Protect - Extreme Speed Jolteon @ Focus Sash Ability: Volt Absorb Level: 50 Tera Type: Flying - Thunderbolt - Tickle - Detect - Tera Blast <\/details><\/div>\n|inactive|Battle timer is ON: inactive players will automatically lose when time's up. (requested by chipp zanuff 7)\n|\n|t:|1682389748\n|start\n|switch|p1a: Wo-Chien|Wo-Chien, L50|100\/100\n|switch|p1b: Glimmora|Glimmora, L50, F, shiny|100\/100\n|switch|p2a: Flutter Mane|Flutter Mane, L50|100\/100\n|switch|p2b: Ting-Lu|Ting-Lu, L50|100\/100\n|-ability|p1a: Wo-Chien|Tablets of Ruin\n|-ability|p2b: Ting-Lu|Vessel of Ruin\n|turn|1\n|inactive|chipp zanuff 7 has 30 seconds left.\n|inactive|leafyarrow has 30 seconds left.\n|inactive|chipp zanuff 7 has 20 seconds left.\n|inactive|leafyarrow has 20 seconds left.\n|inactive|chipp zanuff 7 has 15 seconds left.\n|inactive|leafyarrow has 15 seconds left.\n|inactive|chipp zanuff 7 has 10 seconds left.\n|inactive|chipp zanuff 7 has 5 seconds left.\n|\n|t:|1682389803\n|move|p2a: Flutter Mane|Shadow Ball|p1b: Glimmora\n|-damage|p1b: Glimmora|73\/100\n|move|p1b: Glimmora|Mortal Spin|p2a: Flutter Mane|[spread] p2a,p2b\n|-resisted|p2b: Ting-Lu\n|-damage|p2a: Flutter Mane|94\/100\n|-damage|p2b: Ting-Lu|99\/100\n|-status|p2a: Flutter Mane|psn\n|-status|p2b: Ting-Lu|psn\n|move|p1a: Wo-Chien|Energy Ball|p2a: Flutter Mane\n|-damage|p2a: Flutter Mane|73\/100 psn\n|move|p2b: Ting-Lu|Heavy Slam|p1b: Glimmora\n|-supereffective|p1b: Glimmora\n|-damage|p1b: Glimmora|26\/100\n|-activate|p1b: Glimmora|ability: Toxic Debris\n|-sidestart|p2: leafyarrow|move: Toxic Spikes\n|\n|-damage|p2a: Flutter Mane|61\/100 psn|[from] psn\n|-damage|p2b: Ting-Lu|87\/100 psn|[from] psn\n|upkeep\n|turn|2\n|inactive|leafyarrow has 30 seconds left.\n|\n|t:|1682389833\n|switch|p2b: Amoonguss|Amoonguss, L50, M|100\/100\n|-sideend|p2: leafyarrow|move: Toxic Spikes|[of] p2b: Amoonguss\n|move|p2a: Flutter Mane|Shadow Ball|p1b: Glimmora\n|-damage|p1b: Glimmora|0 fnt\n|faint|p1b: Glimmora\n|move|p1a: Wo-Chien|Energy Ball|p2a: Flutter Mane\n|-damage|p2a: Flutter Mane|32\/100 psn\n|\n|-damage|p2a: Flutter Mane|20\/100 psn|[from] psn\n|upkeep\n|\n|t:|1682389843\n|switch|p1b: Dondozo|Dondozo, L50, F|100\/100\n|turn|3\n|inactive|leafyarrow has 30 seconds left.\n|\n|t:|1682389869\n|move|p1b: Dondozo|Protect|p1b: Dondozo\n|-singleturn|p1b: Dondozo|Protect\n|move|p2b: Amoonguss|Protect|p2b: Amoonguss\n|-singleturn|p2b: Amoonguss|Protect\n|move|p2a: Flutter Mane|Shadow Ball|p1b: Dondozo\n|-activate|p1b: Dondozo|move: Protect\n|move|p1a: Wo-Chien|Snarl|p2b: Amoonguss|[spread] p2a\n|-activate|p2b: Amoonguss|move: Protect\n|-damage|p2a: Flutter Mane|7\/100 psn\n|-unboost|p2a: Flutter Mane|spa|1\n|\n|-damage|p2a: Flutter Mane|0 fnt|[from] psn\n|faint|p2a: Flutter Mane\n|-end|p2a: Flutter Mane|Protosynthesis|[silent]\n|upkeep\n|\n|t:|1682389886\n|switch|p2a: Arcanine|Arcanine, L50, F|100\/100\n|-ability|p2a: Arcanine|Intimidate|boost\n|-unboost|p1a: Wo-Chien|atk|1\n|-unboost|p1b: Dondozo|atk|1\n|turn|4\n|inactive|leafyarrow has 30 seconds left.\n|\n|t:|1682389918\n|switch|p1a: Tatsugiri|Tatsugiri, L50, M|100\/100\n|-activate|p1a: Tatsugiri|ability: Commander|[of] p1b: Dondozo\n|-boost|p1b: Dondozo|atk|2\n|-boost|p1b: Dondozo|spa|2\n|-boost|p1b: Dondozo|spe|2\n|-boost|p1b: Dondozo|def|2\n|-boost|p1b: Dondozo|spd|2\n|-terastallize|p2a: Arcanine|Grass\n|move|p2a: Arcanine|Will-O-Wisp|p1b: Dondozo\n|-status|p1b: Dondozo|brn\n|move|p1b: Dondozo|Wave Crash|p2a: Arcanine\n|-resisted|p2a: Arcanine\n|-damage|p2a: Arcanine|72\/100\n|-damage|p1b: Dondozo|93\/100 brn|[from] Recoil\n|-damage|p1b: Dondozo|83\/100 brn|[from] item: Life Orb\n|move|p2b: Amoonguss|Pollen Puff|p1a: Tatsugiri|[miss]\n|-miss|p2b: Amoonguss|p1a: Tatsugiri\n|\n|-damage|p1b: Dondozo|77\/100 brn|[from] brn\n|upkeep\n|turn|5\n|inactive|leafyarrow has 30 seconds left.\n|inactive|leafyarrow has 20 seconds left.\n|\n|t:|1682389954\n|move|p2a: Arcanine|Protect|p2a: Arcanine\n|-singleturn|p2a: Arcanine|Protect\n|move|p2b: Amoonguss|Pollen Puff|p1b: Dondozo\n|-damage|p1b: Dondozo|69\/100 brn\n|move|p1b: Dondozo|Avalanche|p2b: Amoonguss\n|-supereffective|p2b: Amoonguss\n|-damage|p2b: Amoonguss|50\/100\n|-enditem|p2b: Amoonguss|Sitrus Berry|[eat]\n|-heal|p2b: Amoonguss|75\/100|[from] item: Sitrus Berry\n|-damage|p1b: Dondozo|59\/100 brn|[from] item: Life Orb\n|\n|-damage|p1b: Dondozo|53\/100 brn|[from] brn\n|upkeep\n|turn|6\n|inactive|chipp zanuff 7 has 30 seconds left.\n|\n|t:|1682389988\n|switch|p2a: Ting-Lu|Ting-Lu, L50|87\/100 psn\n|-ability|p2a: Ting-Lu|Vessel of Ruin\n|move|p2b: Amoonguss|Protect|p2b: Amoonguss\n|-singleturn|p2b: Amoonguss|Protect\n|move|p1b: Dondozo|Avalanche|p2a: Ting-Lu\n|-supereffective|p2a: Ting-Lu\n|-damage|p2a: Ting-Lu|70\/100 psn\n|-damage|p1b: Dondozo|43\/100 brn|[from] item: Life Orb\n|\n|-damage|p2a: Ting-Lu|58\/100 psn|[from] psn\n|-damage|p1b: Dondozo|37\/100 brn|[from] brn\n|upkeep\n|turn|7\n|inactive|leafyarrow has 30 seconds left.\n|\n|t:|1682390013\n|switch|p2a: Arcanine|Arcanine, L50, F, tera:Grass|72\/100\n|-ability|p2a: Arcanine|Intimidate|boost\n|-unboost|p1a: Tatsugiri|atk|1\n|-unboost|p1b: Dondozo|atk|1\n|move|p2b: Amoonguss|Pollen Puff|p2a: Arcanine\n|-heal|p2a: Arcanine|100\/100\n|move|p1b: Dondozo|Avalanche|p2b: Amoonguss\n|-supereffective|p2b: Amoonguss\n|-damage|p2b: Amoonguss|56\/100\n|-damage|p1b: Dondozo|28\/100 brn|[from] item: Life Orb\n|\n|-damage|p1b: Dondozo|22\/100 brn|[from] brn\n|upkeep\n|turn|8\n|j| randoftw\n|inactive|leafyarrow has 30 seconds left.\n|\n|t:|1682390039\n|move|p2a: Arcanine|Protect|p2a: Arcanine\n|-singleturn|p2a: Arcanine|Protect\n|move|p2b: Amoonguss|Protect|p2b: Amoonguss\n|-singleturn|p2b: Amoonguss|Protect\n|move|p1b: Dondozo|Wave Crash|p2b: Amoonguss\n|-activate|p2b: Amoonguss|move: Protect\n|\n|-damage|p1b: Dondozo|16\/100 brn|[from] brn\n|upkeep\n|turn|9\n|\n|t:|1682390062\n|move|p2a: Arcanine|Flare Blitz|p1b: Dondozo\n|-resisted|p1b: Dondozo\n|-damage|p1b: Dondozo|8\/100 brn\n|-damage|p2a: Arcanine|97\/100|[from] Recoil\n|move|p1b: Dondozo|Earthquake|p2a: Arcanine|[spread] p2a,p2b\n|-miss|p1b: Dondozo|p1a: Tatsugiri\n|-resisted|p2a: Arcanine\n|-damage|p2a: Arcanine|89\/100\n|-damage|p2b: Amoonguss|46\/100\n|-damage|p1b: Dondozo|0 fnt|[from] item: Life Orb\n|faint|p1b: Dondozo\n|move|p2b: Amoonguss|Spore|p1a: Tatsugiri|[miss]\n|-miss|p2b: Amoonguss|p1a: Tatsugiri\n|\n|upkeep\n|\n|t:|1682390067\n|switch|p1b: Wo-Chien|Wo-Chien, L50|100\/100\n|-ability|p1b: Wo-Chien|Tablets of Ruin\n|turn|10\n|inactive|leafyarrow has 30 seconds left.\n|inactive|leafyarrow has 20 seconds left.\n|inactive|leafyarrow has 15 seconds left.\n|inactive|leafyarrow has 10 seconds left.\n|\n|t:|1682390113\n|switch|p2b: Ting-Lu|Ting-Lu, L50|58\/100 psn\n|-ability|p2b: Ting-Lu|Vessel of Ruin\n|move|p2a: Arcanine|Flare Blitz|p1a: Tatsugiri|[miss]\n|-miss|p2a: Arcanine|p1a: Tatsugiri\n|move|p1a: Tatsugiri|Icy Wind|p2a: Arcanine|[spread] p2a,p2b\n|-supereffective|p2a: Arcanine\n|-supereffective|p2b: Ting-Lu\n|-damage|p2a: Arcanine|68\/100\n|-damage|p2b: Ting-Lu|49\/100 psn\n|-unboost|p2a: Arcanine|spe|1\n|-unboost|p2b: Ting-Lu|spe|1\n|move|p1b: Wo-Chien|Snarl|p2a: Arcanine|[spread] p2a,p2b\n|-resisted|p2b: Ting-Lu\n|-damage|p2a: Arcanine|57\/100\n|-damage|p2b: Ting-Lu|46\/100 psn\n|-unboost|p2a: Arcanine|spa|1\n|-unboost|p2b: Ting-Lu|spa|1\n|\n|-damage|p2b: Ting-Lu|34\/100 psn|[from] psn\n|upkeep\n|turn|11\n|inactive|leafyarrow has 30 seconds left.\n|\n|t:|1682390148\n|switch|p2a: Amoonguss|Amoonguss, L50, M|79\/100\n|move|p1a: Tatsugiri|Protect|p1a: Tatsugiri\n|-singleturn|p1a: Tatsugiri|Protect\n|move|p1b: Wo-Chien|Protect|p1b: Wo-Chien\n|-singleturn|p1b: Wo-Chien|Protect\n|move|p2b: Ting-Lu|Ruination|p1b: Wo-Chien\n|-activate|p1b: Wo-Chien|move: Protect\n|\n|-damage|p2b: Ting-Lu|22\/100 psn|[from] psn\n|upkeep\n|turn|12\n|j| RandumbRaccoon\n|\n|t:|1682390165\n|switch|p2b: Arcanine|Arcanine, L50, F, tera:Grass|57\/100\n|-ability|p2b: Arcanine|Intimidate|boost\n|-unboost|p1a: Tatsugiri|atk|1\n|-unboost|p1b: Wo-Chien|atk|1\n|move|p1a: Tatsugiri|Icy Wind|p2a: Amoonguss|[spread] p2a,p2b\n|-supereffective|p2a: Amoonguss\n|-supereffective|p2b: Arcanine\n|-damage|p2a: Amoonguss|56\/100\n|-damage|p2b: Arcanine|24\/100\n|-unboost|p2a: Amoonguss|spe|1\n|-unboost|p2b: Arcanine|spe|1\n|move|p1b: Wo-Chien|Energy Ball|p2b: Arcanine\n|-resisted|p2b: Arcanine\n|-damage|p2b: Arcanine|10\/100\n|move|p2a: Amoonguss|Pollen Puff|p2b: Arcanine\n|-heal|p2b: Arcanine|60\/100\n|\n|upkeep\n|turn|13\n|\n|t:|1682390187\n|move|p1a: Tatsugiri|Icy Wind|p2b: Arcanine|[spread] p2a,p2b\n|-supereffective|p2a: Amoonguss\n|-supereffective|p2b: Arcanine\n|-damage|p2a: Amoonguss|31\/100\n|-damage|p2b: Arcanine|30\/100\n|-unboost|p2a: Amoonguss|spe|1\n|-unboost|p2b: Arcanine|spe|1\n|move|p1b: Wo-Chien|Snarl|p2b: Arcanine|[spread] p2a,p2b\n|-crit|p2a: Amoonguss\n|-damage|p2a: Amoonguss|14\/100\n|-damage|p2b: Arcanine|15\/100\n|-unboost|p2a: Amoonguss|spa|1\n|-unboost|p2b: Arcanine|spa|1\n|move|p2b: Arcanine|Flare Blitz|p1b: Wo-Chien\n|-supereffective|p1b: Wo-Chien\n|-damage|p1b: Wo-Chien|35\/100\n|-damage|p2b: Arcanine|0 fnt|[from] Recoil\n|faint|p2b: Arcanine\n|move|p2a: Amoonguss|Pollen Puff|p2: Arcanine|[notarget]\n|-fail|p2a: Amoonguss\n|\n|-heal|p1b: Wo-Chien|41\/100|[from] item: Leftovers\n|upkeep\n|c|\u2606chipp zanuff 7|gg\n|\n|t:|1682390202\n|switch|p2b: Ting-Lu|Ting-Lu, L50|22\/100 psn\n|-ability|p2b: Ting-Lu|Vessel of Ruin\n|turn|14\n|inactive|leafyarrow has 30 seconds left.\n|\n|t:|1682390220\n|move|p1a: Tatsugiri|Icy Wind|p2a: Amoonguss|[spread] p2a,p2b\n|-supereffective|p2a: Amoonguss\n|-supereffective|p2b: Ting-Lu\n|-crit|p2b: Ting-Lu\n|-damage|p2a: Amoonguss|0 fnt\n|-damage|p2b: Ting-Lu|8\/100 psn\n|-unboost|p2b: Ting-Lu|spe|1\n|faint|p2a: Amoonguss\n|move|p1b: Wo-Chien|Energy Ball|p2b: Ting-Lu\n|-supereffective|p2b: Ting-Lu\n|-damage|p2b: Ting-Lu|0 fnt\n|faint|p2b: Ting-Lu\n|\n|win|chipp zanuff 7\n|inactive|leafyarrow has 25 seconds left this turn.\n|n|\u2606chipp zanuff 7|chippzanuff7\n|n|\u2606leafyarrow|leafyarrow\n|n| randoftw|randoftw\n|n| RandumbRaccoon|randumbraccoon\n|l|\u2606chipp zanuff 7\n","uploadtime":1682390221,"views":16,"p1id":"chippzanuff7","p2id":"leafyarrow","formatid":"gen9vgc2023regulationc","rating":0,"private":0,"password":""}