{"id":"gen9vgc2023regulationc-1845253919","p1":"Shit tier pro","p2":"fake_pinkmilk","format":"[Gen 9] VGC 2023 Regulation C","log":"|j|\u2606Shit tier pro\n|j|\u2606fake_pinkmilk\n|t:|1681702635\n|gametype|doubles\n|player|p1|Shit tier pro|2|1156\n|player|p2|fake_pinkmilk|preschooler|1086\n|teamsize|p1|6\n|teamsize|p2|6\n|gen|9\n|tier|[Gen 9] VGC 2023 Regulation C\n|rated|\n|rule|Species Clause: Limit one of each Pok\u00e9mon\n|rule|Item Clause: Limit one of each item\n|clearpoke\n|poke|p1|Palafin, L50, F|\n|poke|p1|Arboliva, L50, M|\n|poke|p1|Tauros-Paldea-Blaze, L50, M|\n|poke|p1|Salamence, L50, F|\n|poke|p1|Grimmsnarl, L50, M|\n|poke|p1|Hatterene, L50, F|\n|poke|p2|Orthworm, L50, F|\n|poke|p2|Scizor, L50, F|\n|poke|p2|Flutter Mane, L50|\n|poke|p2|Brute Bonnet, L50|\n|poke|p2|Sylveon, L50, M|\n|poke|p2|Tauros-Paldea-Aqua, L50, M|\n|teampreview|4\nShit tier pro has agreed to open team sheets.\n|c|\u2606fake_pinkmilk|yoooo\n|c|\u2606fake_pinkmilk|tauros fans rise up\n|c|\u2606Shit tier pro|Yesssirrrr\n|c|\u2606Shit tier pro|people don\u2019t get it\n|c|\u2606Shit tier pro|but you see the vision\n|c|\u2606fake_pinkmilk|best intimidater in the format tbh\n|c|\u2606Shit tier pro|Honestly I agree\n|n|!Shit tier pro|shittierpro\n|c|\u2606fake_pinkmilk|-some guy with 7 games of experince\n|c|\u2606fake_pinkmilk|source I watch wolfeyvgc\n|\n|t:|1681702787\n|start\n|switch|p1a: Grimmsnarl|Grimmsnarl, L50, M, shiny|100\/100\n|switch|p1b: Tauros|Tauros-Paldea-Blaze, L50, M|100\/100\n|switch|p2a: Flutter Mane|Flutter Mane, L50|100\/100\n|switch|p2b: Tauros|Tauros-Paldea-Aqua, L50, M|100\/100\n|-ability|p1b: Tauros|Intimidate|boost\n|-unboost|p2a: Flutter Mane|atk|1\n|-unboost|p2b: Tauros|atk|1\n|-ability|p2b: Tauros|Intimidate|boost\n|-unboost|p1a: Grimmsnarl|atk|1\n|-unboost|p1b: Tauros|atk|1\n|-enditem|p1b: Tauros|Eject Pack\n|\n|t:|1681702814\n|switch|p1b: Palafin|Palafin, L50, F|100\/100\n|turn|1\n|\n|t:|1681702833\n|detailschange|p1b: Palafin|Palafin-Hero, L50, F\n|switch|p1b: Salamence|Salamence, L50, F|100\/100\n|-ability|p1b: Salamence|Intimidate|boost\n|-unboost|p2a: Flutter Mane|atk|1\n|-unboost|p2b: Tauros|atk|1\n|move|p1a: Grimmsnarl|Parting Shot|p2a: Flutter Mane\n|-unboost|p2a: Flutter Mane|atk|1\n|-unboost|p2a: Flutter Mane|spa|1\n|\n|t:|1681702854\n|switch|p1a: Palafin|Palafin-Hero, L50, F|100\/100|[from] Parting Shot\n|-activate|p1a: Palafin|ability: Zero to Hero\n|move|p2a: Flutter Mane|Moonblast|p1a: Palafin\n|-damage|p1a: Palafin|66\/100\n|move|p2b: Tauros|Close Combat|p1b: Salamence\n|-resisted|p1b: Salamence\n|-damage|p1b: Salamence|86\/100\n|-unboost|p2b: Tauros|def|1\n|-unboost|p2b: Tauros|spd|1\n|\n|-heal|p1a: Palafin|72\/100|[from] item: Leftovers\n|upkeep\n|turn|2\n|\n|t:|1681702911\n|switch|p2b: Sylveon|Sylveon, L50, M|100\/100\n|-terastallize|p1b: Salamence|Flying\n|move|p1a: Palafin|Jet Punch|p2a: Flutter Mane\n|-damage|p2a: Flutter Mane|11\/100\n|move|p2a: Flutter Mane|Moonblast|p1b: Salamence\n|-damage|p1b: Salamence|46\/100\n|move|p1b: Salamence|Dragon Dance|p1b: Salamence\n|-boost|p1b: Salamence|atk|1\n|-boost|p1b: Salamence|spe|1\n|\n|-heal|p1a: Palafin|77\/100|[from] item: Leftovers\n|upkeep\n|turn|3\n|\n|t:|1681702946\n|-end|p2a: Flutter Mane|Protosynthesis|[silent]\n|switch|p2a: Brute Bonnet|Brute Bonnet, L50|100\/100\n|move|p1a: Palafin|Jet Punch|p2a: Brute Bonnet\n|-resisted|p2a: Brute Bonnet\n|-damage|p2a: Brute Bonnet|85\/100\n|move|p1b: Salamence|Iron Head|p2b: Sylveon\n|-supereffective|p2b: Sylveon\n|-damage|p2b: Sylveon|0 fnt\n|faint|p2b: Sylveon\n|\n|-heal|p1a: Palafin|83\/100|[from] item: Leftovers\n|upkeep\n|\n|t:|1681702964\n|switch|p2b: Tauros|Tauros-Paldea-Aqua, L50, M|100\/100\n|-ability|p2b: Tauros|Intimidate|boost\n|-unboost|p1a: Palafin|atk|1\n|-unboost|p1b: Salamence|atk|1\n|turn|4\n|\n|t:|1681703001\n|switch|p1a: Tauros|Tauros-Paldea-Blaze, L50, M|100\/100\n|-ability|p1a: Tauros|Intimidate|boost\n|-unboost|p2a: Brute Bonnet|atk|1\n|-unboost|p2b: Tauros|atk|1\n|move|p1b: Salamence|Protect|p1b: Salamence\n|-singleturn|p1b: Salamence|Protect\n|move|p2b: Tauros|Raging Bull|p1b: Salamence\n|-activate|p1b: Salamence|move: Protect\n|move|p2a: Brute Bonnet|Spore|p1a: Tauros\n|-status|p1a: Tauros|slp|[from] move: Spore\n|\n|upkeep\n|turn|5\n|\n|t:|1681703020\n|move|p2a: Brute Bonnet|Sucker Punch|p1b: Salamence\n|-damage|p1b: Salamence|3\/100\n|move|p1b: Salamence|Dual Wingbeat|p2a: Brute Bonnet\n|-supereffective|p2a: Brute Bonnet\n|-damage|p2a: Brute Bonnet|39\/100\n|-supereffective|p2a: Brute Bonnet\n|-damage|p2a: Brute Bonnet|0 fnt\n|faint|p2a: Brute Bonnet\n|-end|p2a: Brute Bonnet|Protosynthesis|[silent]\n|-hitcount|p2: Brute Bonnet|2\n|cant|p1a: Tauros|slp\n|move|p2b: Tauros|Raging Bull|p1a: Tauros\n|-supereffective|p1a: Tauros\n|-damage|p1a: Tauros|52\/100 slp\n|\n|upkeep\n|\n|t:|1681703033\n|switch|p2a: Flutter Mane|Flutter Mane, L50|11\/100\n|turn|6\n|\n|t:|1681703082\n|move|p1b: Salamence|Dual Wingbeat|p2b: Tauros\n|-supereffective|p2b: Tauros\n|-damage|p2b: Tauros|41\/100\n|-supereffective|p2b: Tauros\n|-damage|p2b: Tauros|0 fnt\n|faint|p2b: Tauros\n|-hitcount|p2: Tauros|2\n|move|p2a: Flutter Mane|Icy Wind|p1b: Salamence|[spread] p1a\n|-miss|p2a: Flutter Mane|p1b: Salamence\n|-resisted|p1a: Tauros\n|-damage|p1a: Tauros|42\/100 slp\n|-unboost|p1a: Tauros|spe|1\n|cant|p1a: Tauros|slp\n|\n|upkeep\n|turn|7\n|n|\u2606Shit tier pro|shittierpro\n|\n|t:|1681703120\n|move|p1b: Salamence|Iron Head|p2a: Flutter Mane\n|-supereffective|p2a: Flutter Mane\n|-damage|p2a: Flutter Mane|0 fnt\n|faint|p2a: Flutter Mane\n|-end|p2a: Flutter Mane|Protosynthesis|[silent]\n|\n|win|Shit tier pro\n|raw|Shit tier pro's rating: 1156 → 1176<\/strong> (+20 for winning)\n|raw|fake_pinkmilk's rating: 1086 → 1068<\/strong> (-18 for losing)\n","uploadtime":1681702688,"views":3,"p1id":"shittierpro","p2id":"fakepinkmilk","formatid":"gen9vgc2023regulationc","rating":1068,"private":0,"password":""}