{"id":"gen9vgc2023regulationc-1848729520","p1":"pctistudent","p2":"geogeo11111","format":"[Gen 9] VGC 2023 Regulation C","log":"|j|\u2606pctistudent\n|j|\u2606geogeo11111\n|t:|1682104663\n|gametype|doubles\n|player|p1|pctistudent|dancer|1030\n|player|p2|geogeo11111|rood|1075\n|teamsize|p1|6\n|teamsize|p2|6\n|gen|9\n|tier|[Gen 9] VGC 2023 Regulation C\n|rated|\n|rule|Species Clause: Limit one of each Pok\u00e9mon\n|rule|Item Clause: Limit one of each item\n|clearpoke\n|poke|p1|Pelipper, L50, F|\n|poke|p1|Golduck, L50, F|\n|poke|p1|Gardevoir, L50, M|\n|poke|p1|Toxicroak, L50, M|\n|poke|p1|Gastrodon, L50, M|\n|poke|p1|Rotom-Mow, L50|\n|poke|p2|Chien-Pao, L50|\n|poke|p2|Hawlucha, L50, F|\n|poke|p2|Pachirisu, L50, F|\n|poke|p2|Armarouge, L50, M|\n|poke|p2|Iron Thorns, L50|\n|poke|p2|Polteageist, L50|\n|teampreview|4\npctistudent has agreed to open team sheets.\n|\n|t:|1682104708\n|start\n|switch|p1a: Gol D. Duck|Golduck, L50, F|100\/100\n|switch|p1b: Toxicroak|Toxicroak, L50, M|100\/100\n|switch|p2a: Iron Thorns|Iron Thorns, L50|100\/100\n|switch|p2b: Pachirisu|Pachirisu, L50, F|100\/100\n|-item|p2b: Pachirisu|Air Balloon\n|-enditem|p2a: Iron Thorns|Booster Energy\n|-activate|p2a: Iron Thorns|ability: Quark Drive|[fromitem]\n|-start|p2a: Iron Thorns|quarkdriveatk\n|turn|1\n|\n|t:|1682104758\n|switch|p1b: Pelipper|Pelipper, L50, F|100\/100\n|-weather|RainDance|[from] ability: Drizzle|[of] p1b: Pelipper\n|-terastallize|p1a: Gol D. Duck|Water\n|-terastallize|p2a: Iron Thorns|Flying\n|move|p1a: Gol D. Duck|Surf|p2a: Iron Thorns|[spread] p1b,p2a,p2b\n|-resisted|p1b: Pelipper\n|-damage|p1b: Pelipper|35\/100\n|-damage|p2a: Iron Thorns|0 fnt\n|-damage|p2b: Pachirisu|12\/100\n|-enditem|p2b: Pachirisu|Air Balloon\n|faint|p2a: Iron Thorns\n|-end|p2a: Iron Thorns|Quark Drive|[silent]\n|move|p2b: Pachirisu|Nuzzle|p1a: Gol D. Duck\n|-supereffective|p1a: Gol D. Duck\n|-damage|p1a: Gol D. Duck|89\/100\n|-status|p1a: Gol D. Duck|par\n|\n|-weather|RainDance|[upkeep]\n|upkeep\n|\n|t:|1682104769\n|switch|p2a: Armarouge|Armarouge, L50, M|100\/100\n|turn|2\n|\n|t:|1682104788\n|switch|p1a: Toxicroak|Toxicroak, L50, M|100\/100\n|move|p1b: Pelipper|Wide Guard|p1b: Pelipper\n|-singleturn|p1b: Pelipper|Wide Guard\n|move|p2b: Pachirisu|Follow Me|p2b: Pachirisu\n|-singleturn|p2b: Pachirisu|move: Follow Me\n|move|p2a: Armarouge|Energy Ball|p1a: Toxicroak\n|-resisted|p1a: Toxicroak\n|-damage|p1a: Toxicroak|80\/100\n|\n|-weather|RainDance|[upkeep]\n|-heal|p1a: Toxicroak|92\/100|[from] ability: Dry Skin\n|-heal|p1a: Toxicroak|98\/100|[from] item: Leftovers\n|upkeep\n|turn|3\n|\n|t:|1682104821\n|move|p1a: Toxicroak|Fake Out|p2a: Armarouge\n|-damage|p2a: Armarouge|86\/100\n|cant|p2a: Armarouge|flinch\n|move|p2b: Pachirisu|Nuzzle|p1a: Toxicroak\n|-damage|p1a: Toxicroak|93\/100\n|-status|p1a: Toxicroak|par\n|move|p1b: Pelipper|Tailwind|p1b: Pelipper\n|-sidestart|p1: pctistudent|move: Tailwind\n|\n|-weather|RainDance|[upkeep]\n|-heal|p1a: Toxicroak|100\/100 par|[from] ability: Dry Skin\n|upkeep\n|turn|4\n|\n|t:|1682104844\n|move|p2b: Pachirisu|Follow Me|p2b: Pachirisu\n|-singleturn|p2b: Pachirisu|move: Follow Me\n|move|p1a: Toxicroak|Sucker Punch||[still]\n|-fail|p1a: Toxicroak\n|move|p2a: Armarouge|Energy Ball|p1b: Pelipper\n|-damage|p1b: Pelipper|0 fnt\n|faint|p1b: Pelipper\n|\n|-weather|RainDance|[upkeep]\n|upkeep\n|\n|t:|1682104857\n|switch|p1b: Gol D. Duck|Golduck, L50, F, tera:Water|89\/100 par\n|turn|5\n|\n|t:|1682104867\n|move|p2b: Pachirisu|Follow Me|p2b: Pachirisu\n|-singleturn|p2b: Pachirisu|move: Follow Me\n|move|p1b: Gol D. Duck|Surf|p2a: Armarouge|[spread] p2a,p2b\n|-immune|p1a: Toxicroak|[from] ability: Dry Skin\n|-supereffective|p2a: Armarouge\n|-damage|p2a: Armarouge|0 fnt\n|-damage|p2b: Pachirisu|0 fnt\n|faint|p2a: Armarouge\n|faint|p2b: Pachirisu\n|move|p1a: Toxicroak|Brick Break|p2: Armarouge|[notarget]\n|-fail|p1a: Toxicroak\n|\n|-weather|RainDance|[upkeep]\n|upkeep\n|\n|t:|1682104874\n|switch|p2a: Chien-Pao|Chien-Pao, L50|100\/100\n|-ability|p2a: Chien-Pao|Sword of Ruin\n|turn|6\n|inactive|Battle timer is ON: inactive players will automatically lose when time's up. (requested by geogeo11111)\n|inactive|pctistudent has 60 seconds left.\n|\n|t:|1682104951\n|switch|p1a: Gardevoir|Gardevoir, L50, M|100\/100\n|move|p1b: Gol D. Duck|Surf|p2a: Chien-Pao|[spread] p2a\n|-activate|p1a: Gardevoir|ability: Telepathy\n|-enditem|p2a: Chien-Pao|Focus Sash\n|-damage|p2a: Chien-Pao|1\/100\n|move|p2a: Chien-Pao|Acrobatics|p1a: Gardevoir\n|-damage|p1a: Gardevoir|31\/100\n|\n|-weather|RainDance|[upkeep]\n|-sideend|p1: pctistudent|move: Tailwind\n|upkeep\n|turn|7\n|\n|t:|1682104965\n|move|p2a: Chien-Pao|Acrobatics|p1a: Gardevoir\n|-damage|p1a: Gardevoir|0 fnt\n|faint|p1a: Gardevoir\n|move|p1b: Gol D. Duck|Surf|p2a: Chien-Pao\n|-damage|p2a: Chien-Pao|0 fnt\n|faint|p2a: Chien-Pao\n|\n|win|pctistudent\n|raw|pctistudent's rating: 1030 → 1070<\/strong> (+40 for winning)\n|raw|geogeo11111's rating: 1075 → 1051<\/strong> (-24 for losing)\n|l|\u2606geogeo11111\n|c|\u2606pctistudent|gg\n","uploadtime":1682104982,"views":12,"p1id":"pctistudent","p2id":"geogeo11111","formatid":"gen9vgc2023regulationc","rating":1051,"private":0,"password":""}