{"id":"gen9vgc2023regulationc-1863749223","p1":"Musfique18","p2":"Sanex1ty","format":"[Gen 9] VGC 2023 Regulation C","log":"|j|\u2606Musfique18\n|j|\u2606Sanex1ty\n|t:|1684071611\n|gametype|doubles\n|player|p1|Musfique18|blue|\n|player|p2|Sanex1ty|collector|\n|teamsize|p1|6\n|teamsize|p2|6\n|gen|9\n|tier|[Gen 9] VGC 2023 Regulation C\n|rule|Species Clause: Limit one of each Pok\u00e9mon\n|rule|Item Clause: Limit one of each item\n|clearpoke\n|poke|p1|Ting-Lu, L50|\n|poke|p1|Vivillon-Fancy, L50, M|\n|poke|p1|Iron Bundle, L50|\n|poke|p1|Abomasnow, L50, M|\n|poke|p1|Annihilape, L50, F|\n|poke|p1|Chien-Pao, L50|\n|poke|p2|Baxcalibur, L50, M|\n|poke|p2|Amoonguss, L50, F|\n|poke|p2|Ting-Lu, L50|\n|poke|p2|Arcanine, L50, M|\n|poke|p2|Palafin, L50, M|\n|poke|p2|Flutter Mane, L50|\n|teampreview|4\n|inactive|Battle timer is ON: inactive players will automatically lose when time's up. (requested by Musfique18)\n|\n|t:|1684071634\n|start\n|switch|p1a: Annihilape|Annihilape, L50, F|100\/100\n|switch|p1b: Iron Bundle|Iron Bundle, L50|100\/100\n|switch|p2a: Palafin|Palafin, L50, M, shiny|100\/100\n|switch|p2b: Amoonguss|Amoonguss, L50, F, shiny|100\/100\n|-enditem|p1b: Iron Bundle|Booster Energy\n|-activate|p1b: Iron Bundle|ability: Quark Drive|[fromitem]\n|-start|p1b: Iron Bundle|quarkdrivespe\n|turn|1\n|j| Whatsmath?\n|inactive|Sanex1ty has 30 seconds left.\n|\n|t:|1684071667\n|detailschange|p2a: Palafin|Palafin-Hero, L50, M, shiny\n|switch|p2a: Baxcalibur|Baxcalibur, L50, M, shiny|100\/100\n|move|p1b: Iron Bundle|Blizzard|p2b: Amoonguss|[spread] p2a,p2b\n|-supereffective|p2b: Amoonguss\n|-damage|p2a: Baxcalibur|70\/100\n|-damage|p2b: Amoonguss|30\/100\n|-status|p2b: Amoonguss|frz\n|-enditem|p2b: Amoonguss|Sitrus Berry|[eat]\n|-heal|p2b: Amoonguss|55\/100 frz|[from] item: Sitrus Berry\n|move|p1a: Annihilape|Taunt|p2b: Amoonguss\n|-start|p2b: Amoonguss|move: Taunt\n|cant|p2b: Amoonguss|frz\n|\n|upkeep\n|turn|2\n|c| Whatsmath?|Miss gular bodla\n|inactive|Sanex1ty has 30 seconds left.\n|c|\u2606Musfique18|\ud83d\ude05\ud83d\ude05\n|\n|t:|1684071700\n|move|p2a: Baxcalibur|Protect|p2a: Baxcalibur\n|-singleturn|p2a: Baxcalibur|Protect\n|move|p1b: Iron Bundle|Blizzard|p2b: Amoonguss|[spread] p2b\n|-activate|p2a: Baxcalibur|move: Protect\n|-supereffective|p2b: Amoonguss\n|-damage|p2b: Amoonguss|0 fnt\n|faint|p2b: Amoonguss\n|move|p1a: Annihilape|Close Combat|p2a: Baxcalibur\n|-activate|p2a: Baxcalibur|move: Protect\n|\n|upkeep\n|\n|t:|1684071711\n|switch|p2b: Palafin|Palafin-Hero, L50, M, shiny|100\/100\n|-activate|p2b: Palafin|ability: Zero to Hero\n|turn|3\n|inactive|Sanex1ty has 30 seconds left.\n|\n|t:|1684071745\n|move|p1b: Iron Bundle|Protect|p1b: Iron Bundle\n|-singleturn|p1b: Iron Bundle|Protect\n|move|p2b: Palafin|Wave Crash|p1a: Annihilape\n|-damage|p1a: Annihilape|5\/100\n|-damage|p2b: Palafin|67\/100|[from] Recoil\n|move|p1a: Annihilape|Phantom Force||[still]\n|-prepare|p1a: Annihilape|Phantom Force\n|move|p2a: Baxcalibur|Icicle Spear|p1a: Annihilape|[miss]\n|-miss|p2a: Baxcalibur|p1a: Annihilape\n|\n|upkeep\n|turn|4\n|\n|t:|1684071766\n|move|p2b: Palafin|Protect|p2b: Palafin\n|-singleturn|p2b: Palafin|Protect\n|move|p1b: Iron Bundle|Blizzard|p2a: Baxcalibur|[spread] p2a\n|-activate|p2b: Palafin|move: Protect\n|-damage|p2a: Baxcalibur|36\/100\n|move|p1a: Annihilape|Phantom Force|p2b: Palafin|[from]lockedmove\n|-activate|p2b: Palafin|move: Phantom Force|[broken]\n|-damage|p2b: Palafin|25\/100\n|move|p2a: Baxcalibur|Icicle Spear|p1a: Annihilape\n|-damage|p1a: Annihilape|0 fnt\n|faint|p1a: Annihilape\n|-hitcount|p1: Annihilape|1\n|\n|upkeep\n|\n|t:|1684071779\n|switch|p1a: Ting-Lu|Ting-Lu, L50|100\/100\n|-ability|p1a: Ting-Lu|Vessel of Ruin\n|turn|5\n|inactive|Sanex1ty has 30 seconds left.\n|\n|t:|1684071807\n|move|p1b: Iron Bundle|Blizzard|p2a: Baxcalibur|[spread] p2a,p2b\n|-resisted|p2b: Palafin\n|-damage|p2a: Baxcalibur|10\/100\n|-damage|p2b: Palafin|9\/100\n|move|p2b: Palafin|Wave Crash|p1a: Ting-Lu\n|-supereffective|p1a: Ting-Lu\n|-damage|p1a: Ting-Lu|0 fnt\n|faint|p1a: Ting-Lu\n|-damage|p2b: Palafin|0 fnt|[from] Recoil\n|faint|p2b: Palafin\n|move|p2a: Baxcalibur|Glaive Rush|p1b: Iron Bundle\n|-damage|p1b: Iron Bundle|17\/100\n|-singlemove|p2a: Baxcalibur|Glaive Rush|[silent]\n|\n|upkeep\n|\n|t:|1684071820\n|switch|p2b: Flutter Mane|Flutter Mane, L50, shiny|100\/100\n|switch|p1a: Vivillon|Vivillon-Fancy, L50, M|100\/100\n|turn|6\n|inactive|Sanex1ty has 30 seconds left.\n|\n|t:|1684071848\n|-terastallize|p1a: Vivillon|Ghost\n|move|p2a: Baxcalibur|Ice Shard|p1a: Vivillon\n|-damage|p1a: Vivillon|56\/100\n|move|p1b: Iron Bundle|Blizzard|p2b: Flutter Mane|[spread] p2b\n|-miss|p1b: Iron Bundle|p2a: Baxcalibur\n|-damage|p2b: Flutter Mane|62\/100\n|move|p2b: Flutter Mane|Substitute|p2b: Flutter Mane\n|-start|p2b: Flutter Mane|Substitute\n|-damage|p2b: Flutter Mane|37\/100\n|move|p1a: Vivillon|Pollen Puff|p1b: Iron Bundle\n|-heal|p1b: Iron Bundle|67\/100\n|\n|upkeep\n|turn|7\n|inactive|Sanex1ty has 30 seconds left.\n|\n|t:|1684071881\n|-terastallize|p2b: Flutter Mane|Fairy\n|move|p1a: Vivillon|Rage Powder|p1a: Vivillon\n|-singleturn|p1a: Vivillon|move: Rage Powder\n|move|p1b: Iron Bundle|Blizzard|p2b: Flutter Mane|[spread] p2b\n|-miss|p1b: Iron Bundle|p2a: Baxcalibur\n|-end|p2b: Flutter Mane|Substitute\n|move|p2b: Flutter Mane|Moonblast|p1a: Vivillon\n|-damage|p1a: Vivillon|0 fnt\n|faint|p1a: Vivillon\n|-damage|p2b: Flutter Mane|28\/100|[from] item: Life Orb\n|move|p2a: Baxcalibur|Glaive Rush|p1b: Iron Bundle\n|-damage|p1b: Iron Bundle|0 fnt\n|-singlemove|p2a: Baxcalibur|Glaive Rush|[silent]\n|faint|p1b: Iron Bundle\n|-end|p1b: Iron Bundle|Quark Drive|[silent]\n|\n|win|Sanex1ty\n|c|\u2606Musfique18|Gg\n|c|\u2606Sanex1ty|Gg\n|l|\u2606Musfique18\n|l| Whatsmath?\n|l|\u2606Sanex1ty\n|j| Rowlet69420\n","uploadtime":1684071903,"views":20,"p1id":"musfique18","p2id":"sanex1ty","formatid":"gen9vgc2023regulationc","rating":0,"private":0,"password":""}