{"id":"gen9vgc2023regulationc-1844947735","p1":"Milo31","p2":"haha u rage quit","format":"[Gen 9] VGC 2023 Regulation C","log":"|j|\u2606Milo31\n|j|\u2606haha u rage quit\n|t:|1681667111\n|gametype|doubles\n|player|p1|Milo31|2|1336\n|player|p2|haha u rage quit|pokemaniac|1436\n|teamsize|p1|6\n|teamsize|p2|6\n|gen|9\n|tier|[Gen 9] VGC 2023 Regulation C\n|rated|\n|rule|Species Clause: Limit one of each Pok\u00e9mon\n|rule|Item Clause: Limit one of each item\n|clearpoke\n|poke|p1|Ting-Lu, L50|\n|poke|p1|Amoonguss, L50, M|\n|poke|p1|Arcanine, L50, F|\n|poke|p1|Flutter Mane, L50|\n|poke|p1|Palafin, L50, M|\n|poke|p1|Baxcalibur, L50, F|\n|poke|p2|Meowscarada, L50, M|\n|poke|p2|Tatsugiri-Droopy, L50, M|\n|poke|p2|Talonflame, L50, M|\n|poke|p2|Pawmot, L50, M|\n|poke|p2|Dondozo, L50, M|\n|poke|p2|Arcanine, L50, M|\n|teampreview|4\n|inactive|Battle timer is ON: inactive players will automatically lose when time's up. (requested by Milo31)\n|inactive|haha u rage quit has 60 seconds left.\n|\n|t:|1681667145\n|start\n|switch|p1a: Totsugeki|Palafin, L50, M|100\/100\n|switch|p1b: Falcon Punch|Arcanine, L50, F|100\/100\n|switch|p2a: Meowscarada|Meowscarada, L50, M|100\/100\n|switch|p2b: Arcanine|Arcanine, L50, M|100\/100\n|-ability|p2b: Arcanine|Intimidate|boost\n|-unboost|p1a: Totsugeki|atk|1\n|-unboost|p1b: Falcon Punch|atk|1\n|-ability|p1b: Falcon Punch|Intimidate|boost\n|-unboost|p2a: Meowscarada|atk|1\n|-unboost|p2b: Arcanine|atk|1\n|turn|1\n|inactive|Milo31 has 30 seconds left.\n|\n|t:|1681667173\n|detailschange|p1a: Totsugeki|Palafin-Hero, L50, M\n|switch|p1a: Kikoken|Amoonguss, L50, M|100\/100\n|move|p1b: Falcon Punch|Extreme Speed|p2a: Meowscarada\n|-damage|p2a: Meowscarada|81\/100\n|move|p2a: Meowscarada|Knock Off|p1a: Kikoken\n|-start|p2a: Meowscarada|typechange|Dark|[from] ability: Protean\n|-damage|p1a: Kikoken|73\/100\n|-enditem|p1a: Kikoken|Sitrus Berry|[from] move: Knock Off|[of] p2a: Meowscarada\n|move|p2b: Arcanine|Flare Blitz|p1a: Kikoken\n|-supereffective|p1a: Kikoken\n|-damage|p1a: Kikoken|0 fnt\n|faint|p1a: Kikoken\n|-damage|p2b: Arcanine|70\/100|[from] Recoil\n|-damage|p2b: Arcanine|60\/100|[from] item: Life Orb\n|\n|upkeep\n|\n|t:|1681667192\n|switch|p1a: Foot Dive|Baxcalibur, L50, F, shiny|100\/100\n|turn|2\n|\n|t:|1681667209\n|move|p2a: Meowscarada|Knock Off|p1a: Foot Dive\n|-damage|p1a: Foot Dive|72\/100\n|-enditem|p1a: Foot Dive|Loaded Dice|[from] move: Knock Off|[of] p2a: Meowscarada\n|move|p2b: Arcanine|Iron Head|p1a: Foot Dive\n|-supereffective|p1a: Foot Dive\n|-damage|p1a: Foot Dive|31\/100\n|-damage|p2b: Arcanine|50\/100|[from] item: Life Orb\n|move|p1b: Falcon Punch|Flare Blitz|p2a: Meowscarada\n|-damage|p2a: Meowscarada|37\/100\n|-damage|p1b: Falcon Punch|86\/100|[from] Recoil\n|move|p1a: Foot Dive|Glaive Rush|p2b: Arcanine\n|-damage|p2b: Arcanine|0 fnt\n|-singlemove|p1a: Foot Dive|Glaive Rush|[silent]\n|faint|p2b: Arcanine\n|\n|upkeep\n|\n|t:|1681667220\n|switch|p2b: Dondozo|Dondozo, L50, M|100\/100\n|turn|3\n|\n|t:|1681667236\n|switch|p2a: Tatsugiri|Tatsugiri-Droopy, L50, M|100\/100\n|-activate|p2a: Tatsugiri|ability: Commander|[of] p2b: Dondozo\n|-boost|p2b: Dondozo|atk|2\n|-boost|p2b: Dondozo|spa|2\n|-boost|p2b: Dondozo|spe|2\n|-boost|p2b: Dondozo|def|2\n|-boost|p2b: Dondozo|spd|2\n|move|p1a: Foot Dive|Ice Shard|p2a: Tatsugiri|[miss]\n|-miss|p1a: Foot Dive|p2a: Tatsugiri\n|move|p2b: Dondozo|Wave Crash|p1b: Falcon Punch\n|-supereffective|p1b: Falcon Punch\n|-damage|p1b: Falcon Punch|0 fnt\n|faint|p1b: Falcon Punch\n|-damage|p2b: Dondozo|77\/100|[from] Recoil\n|\n|upkeep\n|\n|t:|1681667251\n|switch|p1b: Totsugeki|Palafin-Hero, L50, M|100\/100\n|-activate|p1b: Totsugeki|ability: Zero to Hero\n|turn|4\n|\n|t:|1681667265\n|-terastallize|p2b: Dondozo|Grass\n|move|p1a: Foot Dive|Protect|p1a: Foot Dive\n|-singleturn|p1a: Foot Dive|Protect\n|move|p2b: Dondozo|Tera Blast|p1b: Totsugeki\n|-supereffective|p1b: Totsugeki\n|-damage|p1b: Totsugeki|0 fnt\n|faint|p1b: Totsugeki\n|\n|upkeep\n|turn|5\n|-message|Milo31 forfeited.\n|\n|win|haha u rage quit\n|raw|Milo31's rating: 1336 → 1322<\/strong> (-14 for losing)\n|raw|haha u rage quit's rating: 1436 → 1450<\/strong> (+14 for winning)\n|l|\u2606Milo31\n","uploadtime":1681667290,"views":13,"p1id":"milo31","p2id":"hahauragequit","formatid":"gen9vgc2023regulationc","rating":1322,"private":0,"password":""}