{"id":"gen9vgc2023regulationc-1845935568","p1":"gankyburner","p2":"0ree0","format":"[Gen 9] VGC 2023 Regulation C","log":"|j|\u2606gankyburner\n|j|\u26060ree0\n|t:|1681781172\n|gametype|doubles\n|player|p1|gankyburner|169|1182\n|player|p2|0ree0|proton|1161\n|teamsize|p1|6\n|teamsize|p2|6\n|gen|9\n|tier|[Gen 9] VGC 2023 Regulation C\n|rated|\n|rule|Species Clause: Limit one of each Pok\u00e9mon\n|rule|Item Clause: Limit one of each item\n|clearpoke\n|poke|p1|Murkrow, L50, F|\n|poke|p1|Tyranitar, L50, M|\n|poke|p1|Houndstone, L50, F|\n|poke|p1|Chi-Yu, L50|\n|poke|p1|Corviknight, L50, M|\n|poke|p1|Leafeon, L50, M|\n|poke|p2|Chien-Pao, L50|\n|poke|p2|Tinkaton, L50, F|\n|poke|p2|Palafin, L50, F|\n|poke|p2|Roaring Moon, L50|\n|poke|p2|Glimmora, L50, F|\n|poke|p2|Volcarona, L50, M|\n|teampreview|4\n|\n|t:|1681781202\n|start\n|switch|p1a: Dragula|Houndstone, L50, F, shiny|100\/100\n|switch|p1b: Mr. Jones|Corviknight, L50, M|100\/100\n|switch|p2a: Chien-Pao|Chien-Pao, L50|100\/100\n|switch|p2b: Tinkaton|Tinkaton, L50, F|100\/100\n|-ability|p2a: Chien-Pao|Sword of Ruin\n|-ability|p2b: Tinkaton|Mold Breaker\n|turn|1\n|\n|t:|1681781218\n|move|p2b: Tinkaton|Fake Out|p1b: Mr. Jones\n|-resisted|p1b: Mr. Jones\n|-damage|p1b: Mr. Jones|94\/100\n|move|p2a: Chien-Pao|Throat Chop|p1a: Dragula\n|-supereffective|p1a: Dragula\n|-crit|p1a: Dragula\n|-damage|p1a: Dragula|0 fnt\n|faint|p1a: Dragula\n|cant|p1b: Mr. Jones|flinch\n|\n|upkeep\n|\n|t:|1681781228\n|switch|p1a: C'mon C'mon|Murkrow, L50, F|100\/100\n|turn|2\n|\n|t:|1681781246\n|-terastallize|p1b: Mr. Jones|Fire\n|move|p2b: Tinkaton|Feint|p1a: C'mon C'mon\n|-damage|p1a: C'mon C'mon|90\/100\n|move|p1a: C'mon C'mon|Tailwind|p1a: C'mon C'mon\n|-sidestart|p1: gankyburner|move: Tailwind\n|move|p1b: Mr. Jones|Tera Blast|p2a: Chien-Pao\n|-supereffective|p2a: Chien-Pao\n|-enditem|p2a: Chien-Pao|Focus Sash\n|-damage|p2a: Chien-Pao|1\/100\n|move|p2a: Chien-Pao|Ice Spinner|p1a: C'mon C'mon\n|-supereffective|p1a: C'mon C'mon\n|-damage|p1a: C'mon C'mon|0 fnt\n|faint|p1a: C'mon C'mon\n|\n|upkeep\n|\n|t:|1681781258\n|switch|p1a: Plantasia|Leafeon, L50, M|100\/100\n|turn|3\n|\n|t:|1681781275\n|move|p1a: Plantasia|Protect|p1a: Plantasia\n|-singleturn|p1a: Plantasia|Protect\n|move|p2a: Chien-Pao|Protect|p2a: Chien-Pao\n|-singleturn|p2a: Chien-Pao|Protect\n|move|p1b: Mr. Jones|Tera Blast|p2b: Tinkaton\n|-supereffective|p2b: Tinkaton\n|-damage|p2b: Tinkaton|0 fnt\n|faint|p2b: Tinkaton\n|\n|upkeep\n|\n|t:|1681781289\n|switch|p2b: Glimmora|Glimmora, L50, F|100\/100\n|turn|4\n|\n|t:|1681781312\n|move|p1a: Plantasia|Leaf Blade|p2b: Glimmora\n|-crit|p2b: Glimmora\n|-damage|p2b: Glimmora|0 fnt\n|-activate|p2b: Glimmora|ability: Toxic Debris\n|-sidestart|p1: gankyburner|move: Toxic Spikes\n|faint|p2b: Glimmora\n|move|p1b: Mr. Jones|Tera Blast|p2a: Chien-Pao\n|-supereffective|p2a: Chien-Pao\n|-damage|p2a: Chien-Pao|0 fnt\n|faint|p2a: Chien-Pao\n|\n|upkeep\n|\n|t:|1681781322\n|switch|p2b: Roaring Moon|Roaring Moon, L50|100\/100\n|-enditem|p2b: Roaring Moon|Booster Energy\n|-activate|p2b: Roaring Moon|ability: Protosynthesis|[fromitem]\n|-start|p2b: Roaring Moon|protosynthesisspe\n|turn|5\n|\n|t:|1681781337\n|-terastallize|p2b: Roaring Moon|Flying\n|move|p1a: Plantasia|Charm|p2b: Roaring Moon\n|-unboost|p2b: Roaring Moon|atk|2\n|move|p2b: Roaring Moon|Acrobatics|p1a: Plantasia\n|-supereffective|p1a: Plantasia\n|-damage|p1a: Plantasia|43\/100\n|move|p1b: Mr. Jones|Tera Blast|p2b: Roaring Moon\n|-damage|p2b: Roaring Moon|34\/100\n|\n|-sideend|p1: gankyburner|move: Tailwind\n|upkeep\n|turn|6\n|-message|0ree0 forfeited.\n|\n|win|gankyburner\n|raw|gankyburner's rating: 1182 → 1205<\/strong> (+23 for winning)\n|raw|0ree0's rating: 1161 → 1138<\/strong> (-23 for losing)\n","uploadtime":1681781354,"views":11,"p1id":"gankyburner","p2id":"0ree0","formatid":"gen9vgc2023regulationc","rating":1138,"private":0,"password":""}