{"id":"gen9vgc2023regulationc-1858600627","p1":"kuroshiLG","p2":"Chiversoze","format":"[Gen 9] VGC 2023 Regulation C","log":"|j|\u2606kuroshiLG\n|j|\u2606Chiversoze\n|t:|1683330574\n|gametype|doubles\n|player|p1|kuroshiLG|benga|1070\n|player|p2|Chiversoze|swimmer-gen8|1103\n|teamsize|p1|6\n|teamsize|p2|6\n|gen|9\n|tier|[Gen 9] VGC 2023 Regulation C\n|rated|\n|rule|Species Clause: Limit one of each Pok\u00e9mon\n|rule|Item Clause: Limit one of each item\n|clearpoke\n|poke|p1|Jolteon, L50, F|\n|poke|p1|Vaporeon, L50, F|\n|poke|p1|Sylveon, L50, F|\n|poke|p1|Umbreon, L50, F|\n|poke|p1|Espeon, L50, M|\n|poke|p1|Glaceon, L50, F|\n|poke|p2|Torkoal, L50, M|\n|poke|p2|Ting-Lu, L50|\n|poke|p2|Flutter Mane, L50|\n|poke|p2|Iron Bundle, L50|\n|poke|p2|Roaring Moon, L50|\n|poke|p2|Amoonguss, L50, M|\n|teampreview|4\n|inactive|Battle timer is ON: inactive players will automatically lose when time's up. (requested by Chiversoze)\n|inactive|kuroshiLG also wants the timer to be on.\n|\n|t:|1683330604\n|start\n|switch|p1a: Espeon|Espeon, L50, M|100\/100\n|switch|p1b: Vaporeon|Vaporeon, L50, F|100\/100\n|switch|p2a: Iron Bundle|Iron Bundle, L50|100\/100\n|switch|p2b: Amoonguss|Amoonguss, L50, M, shiny|100\/100\n|turn|1\n|\n|t:|1683330623\n|move|p1b: Vaporeon|Protect|p1b: Vaporeon\n|-singleturn|p1b: Vaporeon|Protect\n|move|p2b: Amoonguss|Rage Powder|p2b: Amoonguss\n|-singleturn|p2b: Amoonguss|move: Rage Powder\n|move|p2a: Iron Bundle|Icy Wind|p1b: Vaporeon|[spread] p1a\n|-activate|p1b: Vaporeon|move: Protect\n|-damage|p1a: Espeon|79\/100\n|-unboost|p1a: Espeon|spe|1\n|move|p1a: Espeon|Light Screen|p1a: Espeon\n|-sidestart|p1: kuroshiLG|move: Light Screen\n|\n|upkeep\n|turn|2\n|\n|t:|1683330645\n|move|p2a: Iron Bundle|Icy Wind|p1a: Espeon|[spread] p1a,p1b\n|-resisted|p1b: Vaporeon\n|-damage|p1a: Espeon|63\/100\n|-damage|p1b: Vaporeon|95\/100\n|-unboost|p1a: Espeon|spe|1\n|-unboost|p1b: Vaporeon|spe|1\n|move|p1a: Espeon|Psychic|p2b: Amoonguss\n|-supereffective|p2b: Amoonguss\n|-damage|p2b: Amoonguss|45\/100\n|move|p1b: Vaporeon|Ice Beam|p2b: Amoonguss\n|-supereffective|p2b: Amoonguss\n|-damage|p2b: Amoonguss|15\/100\n|-enditem|p2b: Amoonguss|Aguav Berry|[eat]\n|-heal|p2b: Amoonguss|48\/100|[from] item: Aguav Berry\n|move|p2b: Amoonguss|Spore|p1b: Vaporeon\n|-status|p1b: Vaporeon|slp|[from] move: Spore\n|\n|-heal|p1b: Vaporeon|100\/100 slp|[from] item: Leftovers\n|upkeep\n|turn|3\n|inactive|Chiversoze has 30 seconds left.\n|\n|t:|1683330674\n|switch|p1b: Glaceon|Glaceon, L50, F|100\/100\n|switch|p2b: Roaring Moon|Roaring Moon, L50, shiny|100\/100\n|move|p2a: Iron Bundle|Icy Wind|p1a: Espeon|[spread] p1a,p1b\n|-resisted|p1b: Glaceon\n|-damage|p1a: Espeon|47\/100\n|-damage|p1b: Glaceon|92\/100\n|-unboost|p1a: Espeon|spe|1\n|-unboost|p1b: Glaceon|spe|1\n|move|p1a: Espeon|Yawn|p2b: Roaring Moon\n|-start|p2b: Roaring Moon|move: Yawn|[of] p1a: Espeon\n|\n|upkeep\n|turn|4\n|inactive|Chiversoze has 30 seconds left.\n|\n|t:|1683330700\n|-end|p2a: Iron Bundle|Quark Drive|[silent]\n|switch|p2a: Amoonguss|Amoonguss, L50, M, shiny|81\/100\n|switch|p1a: Sylveon|Sylveon, L50, F|100\/100\n|move|p2b: Roaring Moon|U-turn|p1a: Sylveon\n|-resisted|p1a: Sylveon\n|-damage|p1a: Sylveon|83\/100\n|\n|t:|1683330713\n|-end|p2b: Roaring Moon|Protosynthesis|[silent]\n|switch|p2b: Flutter Mane|Flutter Mane, L50|100\/100|[from] U-turn\n|move|p1b: Glaceon|Calm Mind|p1b: Glaceon\n|-boost|p1b: Glaceon|spa|1\n|-boost|p1b: Glaceon|spd|1\n|\n|upkeep\n|turn|5\n|\n|t:|1683330729\n|-terastallize|p1a: Sylveon|Fairy\n|move|p2b: Flutter Mane|Mystical Fire|p1b: Glaceon\n|-supereffective|p1b: Glaceon\n|-damage|p1b: Glaceon|55\/100\n|-unboost|p1b: Glaceon|spa|1\n|move|p1a: Sylveon|Hyper Voice|p2a: Amoonguss|[spread] p2a,p2b\n|-resisted|p2a: Amoonguss\n|-crit|p2b: Flutter Mane\n|-damage|p2a: Amoonguss|63\/100\n|-damage|p2b: Flutter Mane|13\/100\n|-enditem|p1a: Sylveon|Throat Spray\n|-boost|p1a: Sylveon|spa|1|[from] item: Throat Spray\n|move|p1b: Glaceon|Freeze-Dry|p2a: Amoonguss\n|-supereffective|p2a: Amoonguss\n|-damage|p2a: Amoonguss|20\/100\n|move|p2a: Amoonguss|Spore|p1b: Glaceon\n|-status|p1b: Glaceon|slp|[from] move: Spore\n|\n|upkeep\n|turn|6\n|\n|t:|1683330750\n|switch|p2a: Iron Bundle|Iron Bundle, L50|100\/100\n|move|p1a: Sylveon|Quick Attack|p2b: Flutter Mane\n|-damage|p2b: Flutter Mane|0 fnt\n|faint|p2b: Flutter Mane\n|-end|p2b: Flutter Mane|Protosynthesis|[silent]\n|cant|p1b: Glaceon|slp\n|\n|upkeep\n|\n|t:|1683330759\n|switch|p2b: Roaring Moon|Roaring Moon, L50, shiny|100\/100\n|turn|7\n|\n|t:|1683330769\n|move|p2a: Iron Bundle|Icy Wind|p1a: Sylveon|[spread] p1a,p1b\n|-resisted|p1b: Glaceon\n|-damage|p1a: Sylveon|74\/100\n|-damage|p1b: Glaceon|50\/100 slp\n|-unboost|p1a: Sylveon|spe|1\n|-unboost|p1b: Glaceon|spe|1\n|move|p2b: Roaring Moon|Throat Chop|p1a: Sylveon\n|-resisted|p1a: Sylveon\n|-damage|p1a: Sylveon|45\/100\n|-start|p1a: Sylveon|Throat Chop|[silent]\n|cant|p1a: Sylveon|move: Throat Chop\n|cant|p1b: Glaceon|slp\n|\n|upkeep\n|turn|8\n|inactive|kuroshiLG has 30 seconds left.\n|\n|t:|1683330799\n|move|p2a: Iron Bundle|Hydro Pump|p1a: Sylveon\n|-damage|p1a: Sylveon|19\/100\n|move|p2b: Roaring Moon|Dragon Dance|p2b: Roaring Moon\n|-boost|p2b: Roaring Moon|atk|1\n|-boost|p2b: Roaring Moon|spe|1\n|move|p1a: Sylveon|Yawn|p2b: Roaring Moon\n|-start|p2b: Roaring Moon|move: Yawn|[of] p1a: Sylveon\n|-curestatus|p1b: Glaceon|slp|[msg]\n|move|p1b: Glaceon|Wish|p1b: Glaceon\n|\n|-end|p1a: Sylveon|Throat Chop|[silent]\n|-sideend|p1: kuroshiLG|move: Light Screen\n|upkeep\n|turn|9\n|\n|t:|1683330816\n|move|p2a: Iron Bundle|Protect|p2a: Iron Bundle\n|-singleturn|p2a: Iron Bundle|Protect\n|move|p1a: Sylveon|Protect|p1a: Sylveon\n|-singleturn|p1a: Sylveon|Protect\n|move|p2b: Roaring Moon|Rock Slide|p1b: Glaceon|[spread] p1b\n|-activate|p1a: Sylveon|move: Protect\n|-supereffective|p1b: Glaceon\n|-damage|p1b: Glaceon|0 fnt\n|faint|p1b: Glaceon\n|\n|-end|p2b: Roaring Moon|move: Yawn|[silent]\n|-status|p2b: Roaring Moon|slp\n|upkeep\n|\n|t:|1683330827\n|switch|p1b: Vaporeon|Vaporeon, L50, F|100\/100 slp\n|turn|10\n|\n|t:|1683330843\n|-end|p2b: Roaring Moon|Protosynthesis|[silent]\n|switch|p2b: Amoonguss|Amoonguss, L50, M, shiny|53\/100\n|switch|p1b: Espeon|Espeon, L50, M|47\/100\n|move|p2a: Iron Bundle|Hydro Pump|p1a: Sylveon\n|-damage|p1a: Sylveon|0 fnt\n|faint|p1a: Sylveon\n|\n|upkeep\n|\n|t:|1683330851\n|switch|p1a: Vaporeon|Vaporeon, L50, F|100\/100 slp\n|turn|11\n|\n|t:|1683330863\n|move|p2b: Amoonguss|Rage Powder|p2b: Amoonguss\n|-singleturn|p2b: Amoonguss|move: Rage Powder\n|move|p2a: Iron Bundle|Icy Wind|p1a: Vaporeon|[spread] p1a,p1b\n|-resisted|p1a: Vaporeon\n|-damage|p1a: Vaporeon|92\/100 slp\n|-damage|p1b: Espeon|25\/100\n|-unboost|p1a: Vaporeon|spe|1\n|-unboost|p1b: Espeon|spe|1\n|move|p1b: Espeon|Psychic|p2b: Amoonguss\n|-supereffective|p2b: Amoonguss\n|-damage|p2b: Amoonguss|0 fnt\n|faint|p2b: Amoonguss\n|cant|p1a: Vaporeon|slp\n|\n|-heal|p1a: Vaporeon|99\/100 slp|[from] item: Leftovers\n|upkeep\n|\n|t:|1683330872\n|switch|p2b: Roaring Moon|Roaring Moon, L50, shiny|100\/100 slp\n|turn|12\n|\n|t:|1683330885\n|move|p2a: Iron Bundle|Hydro Pump|p1b: Espeon\n|-damage|p1b: Espeon|0 fnt\n|faint|p1b: Espeon\n|cant|p2b: Roaring Moon|slp\n|cant|p1a: Vaporeon|slp\n|\n|-heal|p1a: Vaporeon|100\/100 slp|[from] item: Leftovers\n|upkeep\n|turn|13\n|\n|t:|1683330901\n|-terastallize|p2a: Iron Bundle|Water\n|move|p2a: Iron Bundle|Hydro Pump|p1a: Vaporeon\n|-immune|p1a: Vaporeon|[from] ability: Water Absorb\n|cant|p2b: Roaring Moon|slp\n|cant|p1a: Vaporeon|slp\n|\n|upkeep\n|turn|14\n|\n|t:|1683330910\n|move|p2a: Iron Bundle|Icy Wind|p1a: Vaporeon\n|-resisted|p1a: Vaporeon\n|-damage|p1a: Vaporeon|88\/100 slp\n|-unboost|p1a: Vaporeon|spe|1\n|-curestatus|p2b: Roaring Moon|slp|[msg]\n|move|p2b: Roaring Moon|Throat Chop|p1a: Vaporeon\n|-damage|p1a: Vaporeon|50\/100 slp\n|-start|p1a: Vaporeon|Throat Chop|[silent]\n|-curestatus|p1a: Vaporeon|slp|[msg]\n|move|p1a: Vaporeon|Yawn|p2a: Iron Bundle\n|-start|p2a: Iron Bundle|move: Yawn|[of] p1a: Vaporeon\n|\n|-heal|p1a: Vaporeon|56\/100|[from] item: Leftovers\n|upkeep\n|turn|15\n|\n|t:|1683330930\n|move|p1a: Vaporeon|Protect|p1a: Vaporeon\n|-singleturn|p1a: Vaporeon|Protect\n|move|p2a: Iron Bundle|Icy Wind|p1a: Vaporeon\n|-activate|p1a: Vaporeon|move: Protect\n|move|p2b: Roaring Moon|Throat Chop|p1a: Vaporeon\n|-activate|p1a: Vaporeon|move: Protect\n|\n|-heal|p1a: Vaporeon|62\/100|[from] item: Leftovers\n|-end|p1a: Vaporeon|Throat Chop|[silent]\n|-end|p2a: Iron Bundle|move: Yawn|[silent]\n|-status|p2a: Iron Bundle|slp\n|upkeep\n|turn|16\n|\n|t:|1683330942\n|cant|p2a: Iron Bundle|slp\n|move|p2b: Roaring Moon|Throat Chop|p1a: Vaporeon\n|-damage|p1a: Vaporeon|27\/100\n|-start|p1a: Vaporeon|Throat Chop|[silent]\n|move|p1a: Vaporeon|Yawn|p2b: Roaring Moon\n|-start|p2b: Roaring Moon|move: Yawn|[of] p1a: Vaporeon\n|\n|-heal|p1a: Vaporeon|33\/100|[from] item: Leftovers\n|upkeep\n|turn|17\n|\n|t:|1683330950\n|move|p1a: Vaporeon|Protect|p1a: Vaporeon\n|-singleturn|p1a: Vaporeon|Protect\n|-curestatus|p2a: Iron Bundle|slp|[msg]\n|move|p2a: Iron Bundle|Icy Wind|p1a: Vaporeon\n|-activate|p1a: Vaporeon|move: Protect\n|move|p2b: Roaring Moon|Throat Chop|p1a: Vaporeon\n|-activate|p1a: Vaporeon|move: Protect\n|\n|-heal|p1a: Vaporeon|40\/100|[from] item: Leftovers\n|-end|p1a: Vaporeon|Throat Chop|[silent]\n|-end|p2b: Roaring Moon|move: Yawn|[silent]\n|-status|p2b: Roaring Moon|slp\n|upkeep\n|turn|18\n|\n|t:|1683330958\n|move|p1a: Vaporeon|Protect|p1a: Vaporeon\n|-singleturn|p1a: Vaporeon|Protect\n|move|p2a: Iron Bundle|Icy Wind|p1a: Vaporeon\n|-activate|p1a: Vaporeon|move: Protect\n|cant|p2b: Roaring Moon|slp\n|\n|-heal|p1a: Vaporeon|46\/100|[from] item: Leftovers\n|upkeep\n|turn|19\n|\n|t:|1683330965\n|move|p2a: Iron Bundle|Icy Wind|p1a: Vaporeon\n|-resisted|p1a: Vaporeon\n|-damage|p1a: Vaporeon|35\/100\n|-unboost|p1a: Vaporeon|spe|1\n|cant|p2b: Roaring Moon|slp\n|move|p1a: Vaporeon|Yawn|p2a: Iron Bundle\n|-start|p2a: Iron Bundle|move: Yawn|[of] p1a: Vaporeon\n|\n|-heal|p1a: Vaporeon|41\/100|[from] item: Leftovers\n|upkeep\n|turn|20\n|\n|t:|1683330974\n|move|p1a: Vaporeon|Protect|p1a: Vaporeon\n|-singleturn|p1a: Vaporeon|Protect\n|move|p2a: Iron Bundle|Icy Wind|p1a: Vaporeon\n|-activate|p1a: Vaporeon|move: Protect\n|-curestatus|p2b: Roaring Moon|slp|[msg]\n|move|p2b: Roaring Moon|Throat Chop|p1a: Vaporeon\n|-activate|p1a: Vaporeon|move: Protect\n|\n|-heal|p1a: Vaporeon|47\/100|[from] item: Leftovers\n|-end|p2a: Iron Bundle|move: Yawn|[silent]\n|-status|p2a: Iron Bundle|slp\n|upkeep\n|turn|21\n|\n|t:|1683330986\n|cant|p2a: Iron Bundle|slp\n|move|p2b: Roaring Moon|Throat Chop|p1a: Vaporeon\n|-damage|p1a: Vaporeon|12\/100\n|-start|p1a: Vaporeon|Throat Chop|[silent]\n|move|p1a: Vaporeon|Yawn|p2b: Roaring Moon\n|-start|p2b: Roaring Moon|move: Yawn|[of] p1a: Vaporeon\n|\n|-heal|p1a: Vaporeon|18\/100|[from] item: Leftovers\n|upkeep\n|turn|22\n|\n|t:|1683330995\n|move|p1a: Vaporeon|Protect|p1a: Vaporeon\n|-singleturn|p1a: Vaporeon|Protect\n|cant|p2a: Iron Bundle|slp\n|move|p2b: Roaring Moon|Throat Chop|p1a: Vaporeon\n|-activate|p1a: Vaporeon|move: Protect\n|\n|-heal|p1a: Vaporeon|24\/100|[from] item: Leftovers\n|-end|p1a: Vaporeon|Throat Chop|[silent]\n|-end|p2b: Roaring Moon|move: Yawn|[silent]\n|-status|p2b: Roaring Moon|slp\n|upkeep\n|turn|23\n|\n|t:|1683331004\n|cant|p2a: Iron Bundle|slp\n|cant|p2b: Roaring Moon|slp\n|move|p1a: Vaporeon|Ice Beam|p2b: Roaring Moon\n|-supereffective|p2b: Roaring Moon\n|-damage|p2b: Roaring Moon|52\/100 slp\n|\n|-heal|p1a: Vaporeon|31\/100|[from] item: Leftovers\n|upkeep\n|turn|24\n|\n|t:|1683331013\n|-curestatus|p2a: Iron Bundle|slp|[msg]\n|move|p2a: Iron Bundle|Icy Wind|p1a: Vaporeon\n|-resisted|p1a: Vaporeon\n|-damage|p1a: Vaporeon|19\/100\n|-unboost|p1a: Vaporeon|spe|1\n|cant|p2b: Roaring Moon|slp\n|move|p1a: Vaporeon|Muddy Water|p2b: Roaring Moon|[spread] p2b\n|-miss|p1a: Vaporeon|p2a: Iron Bundle\n|-resisted|p2b: Roaring Moon\n|-damage|p2b: Roaring Moon|40\/100 slp\n|\n|-heal|p1a: Vaporeon|25\/100|[from] item: Leftovers\n|upkeep\n|turn|25\n|\n|t:|1683331027\n|move|p2a: Iron Bundle|Protect|p2a: Iron Bundle\n|-singleturn|p2a: Iron Bundle|Protect\n|cant|p2b: Roaring Moon|slp\n|move|p1a: Vaporeon|Ice Beam|p2b: Roaring Moon\n|-supereffective|p2b: Roaring Moon\n|-damage|p2b: Roaring Moon|0 fnt\n|faint|p2b: Roaring Moon\n|-end|p2b: Roaring Moon|Protosynthesis|[silent]\n|\n|-heal|p1a: Vaporeon|32\/100|[from] item: Leftovers\n|upkeep\n|turn|26\n|\n|t:|1683331038\n|move|p2a: Iron Bundle|Icy Wind|p1a: Vaporeon\n|-resisted|p1a: Vaporeon\n|-damage|p1a: Vaporeon|20\/100\n|-unboost|p1a: Vaporeon|spe|1\n|move|p1a: Vaporeon|Yawn|p2a: Iron Bundle\n|-start|p2a: Iron Bundle|move: Yawn|[of] p1a: Vaporeon\n|\n|-heal|p1a: Vaporeon|26\/100|[from] item: Leftovers\n|upkeep\n|turn|27\n|\n|t:|1683331045\n|move|p1a: Vaporeon|Protect|p1a: Vaporeon\n|-singleturn|p1a: Vaporeon|Protect\n|move|p2a: Iron Bundle|Icy Wind|p1a: Vaporeon\n|-activate|p1a: Vaporeon|move: Protect\n|\n|-heal|p1a: Vaporeon|32\/100|[from] item: Leftovers\n|-end|p2a: Iron Bundle|move: Yawn|[silent]\n|-status|p2a: Iron Bundle|slp\n|upkeep\n|turn|28\n|\n|t:|1683331053\n|cant|p2a: Iron Bundle|slp\n|move|p1a: Vaporeon|Muddy Water|p2a: Iron Bundle\n|-resisted|p2a: Iron Bundle\n|-damage|p2a: Iron Bundle|65\/100 slp\n|\n|-heal|p1a: Vaporeon|39\/100|[from] item: Leftovers\n|upkeep\n|turn|29\n|\n|t:|1683331060\n|cant|p2a: Iron Bundle|slp\n|move|p1a: Vaporeon|Muddy Water|p2a: Iron Bundle\n|-resisted|p2a: Iron Bundle\n|-damage|p2a: Iron Bundle|33\/100 slp\n|\n|-heal|p1a: Vaporeon|45\/100|[from] item: Leftovers\n|upkeep\n|turn|30\n|\n|t:|1683331066\n|-curestatus|p2a: Iron Bundle|slp|[msg]\n|move|p2a: Iron Bundle|Icy Wind|p1a: Vaporeon\n|-resisted|p1a: Vaporeon\n|-damage|p1a: Vaporeon|33\/100\n|-unboost|p1a: Vaporeon|spe|1\n|move|p1a: Vaporeon|Muddy Water|p2a: Iron Bundle\n|-resisted|p2a: Iron Bundle\n|-damage|p2a: Iron Bundle|0 fnt\n|faint|p2a: Iron Bundle\n|-end|p2a: Iron Bundle|Quark Drive|[silent]\n|\n|win|kuroshiLG\n|raw|kuroshiLG's rating: 1070 → 1102<\/strong> (+32 for winning)\n|raw|Chiversoze's rating: 1103 → 1076<\/strong> (-27 for losing)\n|c|\u2606kuroshiLG|gg\n|l|\u2606Chiversoze\n","uploadtime":1683331103,"views":8,"p1id":"kuroshilg","p2id":"chiversoze","formatid":"gen9vgc2023regulationc","rating":1076,"private":0,"password":""}