{"id":"gen9vgc2023regulationc-1864360207","p1":"underusedapple","p2":"LeChamp James","format":"[Gen 9] VGC 2023 Regulation C","log":"|j|\u2606underusedapple\n|j|\u2606LeChamp James\n|t:|1684159397\n|gametype|doubles\n|player|p1|underusedapple|170|1242\n|player|p2|LeChamp James|hoopster|1341\n|teamsize|p1|6\n|teamsize|p2|6\n|gen|9\n|tier|[Gen 9] VGC 2023 Regulation C\n|rated|\n|rule|Species Clause: Limit one of each Pok\u00e9mon\n|rule|Item Clause: Limit one of each item\n|clearpoke\n|poke|p1|Armarouge, L50, M|\n|poke|p1|Indeedee-F, L50, F|\n|poke|p1|Hatterene, L50, F|\n|poke|p1|Iron Hands, L50|\n|poke|p1|Torkoal, L50, M|\n|poke|p1|Lilligant, L50, F|\n|poke|p2|Ting-Lu, L50|\n|poke|p2|Arcanine, L50, M|\n|poke|p2|Palafin, L50, M|\n|poke|p2|Amoonguss, L50, M|\n|poke|p2|Flutter Mane, L50|\n|poke|p2|Garganacl, L50, M|\n|teampreview|4\nunderusedapple has agreed to open team sheets.\n|\n|t:|1684159468\n|start\n|switch|p1a: Torkoal|Torkoal, L50, M|100\/100\n|switch|p1b: Lilligant|Lilligant, L50, F, shiny|100\/100\n|switch|p2a: Flutter Mane|Flutter Mane, L50, shiny|100\/100\n|switch|p2b: Garganacl|Garganacl, L50, M, shiny|100\/100\n|-weather|SunnyDay|[from] ability: Drought|[of] p1a: Torkoal\n|-activate|p2a: Flutter Mane|ability: Protosynthesis\n|-start|p2a: Flutter Mane|protosynthesisspe\n|turn|1\n|inactive|Battle timer is ON: inactive players will automatically lose when time's up. (requested by LeChamp James)\n|inactive|underusedapple has 60 seconds left.\n|inactive|LeChamp James has 60 seconds left.\n|\n|t:|1684159508\n|move|p1a: Torkoal|Protect|p1a: Torkoal\n|-singleturn|p1a: Torkoal|Protect\n|move|p1b: Lilligant|Sleep Powder|p2a: Flutter Mane\n|-status|p2a: Flutter Mane|slp|[from] move: Sleep Powder\n|cant|p2a: Flutter Mane|slp\n|move|p2b: Garganacl|Salt Cure|p1a: Torkoal\n|-activate|p1a: Torkoal|move: Protect\n|\n|-weather|SunnyDay|[upkeep]\n|upkeep\n|turn|2\n|inactive|LeChamp James has 30 seconds left.\n|\n|t:|1684159535\n|-end|p2a: Flutter Mane|Protosynthesis|[silent]\n|switch|p2a: Ting-Lu|Ting-Lu, L50|100\/100\n|-ability|p2a: Ting-Lu|Vessel of Ruin\n|move|p1b: Lilligant|Leaf Storm|p2b: Garganacl\n|-supereffective|p2b: Garganacl\n|-damage|p2b: Garganacl|42\/100\n|-unboost|p1b: Lilligant|spa|2\n|move|p2b: Garganacl|Salt Cure|p1b: Lilligant\n|-damage|p1b: Lilligant|79\/100\n|-start|p1b: Lilligant|Salt Cure\n|move|p1a: Torkoal|Heat Wave|p2a: Ting-Lu|[spread] p2a,p2b\n|-resisted|p2b: Garganacl\n|-damage|p2a: Ting-Lu|82\/100\n|-damage|p2b: Garganacl|29\/100\n|\n|-weather|SunnyDay|[upkeep]\n|-heal|p2b: Garganacl|34\/100|[from] item: Leftovers\n|-damage|p1b: Lilligant|67\/100|[from] Salt Cure\n|upkeep\n|turn|3\n|inactive|underusedapple has 30 seconds left.\n|inactive|LeChamp James has 30 seconds left.\n|inactive|underusedapple has 20 seconds left.\n|inactive|LeChamp James has 20 seconds left.\n|inactive|underusedapple has 15 seconds left.\n|inactive|LeChamp James has 15 seconds left.\n|\n|t:|1684159580\n|move|p1b: Lilligant|Encore|p2b: Garganacl\n|-start|p2b: Garganacl|Encore\n|move|p2a: Ting-Lu|Sand Tomb|p1a: Torkoal\n|-supereffective|p1a: Torkoal\n|-damage|p1a: Torkoal|80\/100\n|-activate|p1a: Torkoal|move: Sand Tomb|[of] p2a: Ting-Lu\n|move|p2b: Garganacl|Salt Cure|p1a: Torkoal\n|-supereffective|p1a: Torkoal\n|-damage|p1a: Torkoal|56\/100\n|-start|p1a: Torkoal|Salt Cure\n|move|p1a: Torkoal|Earth Power|p2b: Garganacl\n|-supereffective|p2b: Garganacl\n|-damage|p2b: Garganacl|6\/100\n|-unboost|p2b: Garganacl|spd|1\n|\n|-weather|SunnyDay|[upkeep]\n|-heal|p2b: Garganacl|12\/100|[from] item: Leftovers\n|-damage|p1b: Lilligant|55\/100|[from] Salt Cure\n|-damage|p1a: Torkoal|44\/100|[from] Salt Cure\n|-damage|p1a: Torkoal|32\/100|[from] move: Sand Tomb|[partiallytrapped]\n|upkeep\n|turn|4\n|inactive|underusedapple has 30 seconds left.\n|inactive|LeChamp James has 30 seconds left.\n|inactive|underusedapple has 20 seconds left.\n|inactive|LeChamp James has 20 seconds left.\n|inactive|LeChamp James has 15 seconds left.\n|inactive|LeChamp James has 10 seconds left.\n|\n|t:|1684159628\n|switch|p1b: Iron Hands|Iron Hands, L50|100\/100\n|move|p2a: Ting-Lu|Sand Tomb|p1b: Iron Hands\n|-supereffective|p1b: Iron Hands\n|-damage|p1b: Iron Hands|80\/100\n|-activate|p1b: Iron Hands|move: Sand Tomb|[of] p2a: Ting-Lu\n|move|p2b: Garganacl|Salt Cure|p1b: Iron Hands\n|-resisted|p1b: Iron Hands\n|-damage|p1b: Iron Hands|76\/100\n|-start|p1b: Iron Hands|Salt Cure\n|move|p1a: Torkoal|Heat Wave|p2b: Garganacl|[spread] p2a,p2b\n|-resisted|p2b: Garganacl\n|-damage|p2a: Ting-Lu|64\/100\n|-damage|p2b: Garganacl|0 fnt\n|faint|p2b: Garganacl\n|\n|-weather|SunnyDay|[upkeep]\n|-damage|p1b: Iron Hands|64\/100|[from] Salt Cure\n|-damage|p1b: Iron Hands|52\/100|[from] move: Sand Tomb|[partiallytrapped]\n|-damage|p1a: Torkoal|19\/100|[from] move: Sand Tomb|[partiallytrapped]\n|-damage|p1a: Torkoal|7\/100|[from] Salt Cure\n|upkeep\n|\n|t:|1684159649\n|switch|p2b: Arcanine|Arcanine, L50, M, shiny|100\/100\n|-ability|p2b: Arcanine|Intimidate|boost\n|-unboost|p1a: Torkoal|atk|1\n|-unboost|p1b: Iron Hands|atk|1\n|turn|5\n|\n|t:|1684159672\n|-terastallize|p1b: Iron Hands|Grass\n|move|p1a: Torkoal|Protect|p1a: Torkoal\n|-singleturn|p1a: Torkoal|Protect\n|move|p2b: Arcanine|Howl|p2b: Arcanine|[spread] p2a,p2b\n|-boost|p2a: Ting-Lu|atk|1\n|-boost|p2b: Arcanine|atk|1\n|move|p1b: Iron Hands|Volt Switch|p2b: Arcanine\n|-damage|p2b: Arcanine|91\/100\n|\n|t:|1684159681\n|-end|p1b: Iron Hands|Quark Drive|[silent]\n|switch|p1b: Lilligant|Lilligant, L50, F, shiny|55\/100|[from] Volt Switch\n|move|p2a: Ting-Lu|Stomping Tantrum|p1b: Lilligant\n|-resisted|p1b: Lilligant\n|-crit|p1b: Lilligant\n|-damage|p1b: Lilligant|3\/100\n|\n|-weather|none\n|-damage|p1a: Torkoal|0 fnt|[from] Salt Cure\n|faint|p1a: Torkoal\n|upkeep\n|\n|t:|1684159699\n|switch|p1a: Iron Hands|Iron Hands, L50, tera:Grass|52\/100\n|turn|6\n|\n|t:|1684159713\n|switch|p2a: Flutter Mane|Flutter Mane, L50, shiny|100\/100 slp\n|move|p1a: Iron Hands|Fake Out|p2b: Arcanine\n|-damage|p2b: Arcanine|72\/100\n|move|p1b: Lilligant|Sleep Powder|p2a: Flutter Mane\n|-fail|p2a: Flutter Mane|slp\n|cant|p2b: Arcanine|flinch\n|\n|upkeep\n|turn|7\n|inactive|underusedapple has 30 seconds left.\n|\n|t:|1684159739\n|cant|p2a: Flutter Mane|slp\n|move|p1b: Lilligant|After You|p1a: Iron Hands\n|-activate|p1a: Iron Hands|move: After You\n|move|p1a: Iron Hands|Volt Switch|p2b: Arcanine\n|-damage|p2b: Arcanine|58\/100\n|\n|t:|1684159743\n|-end|p1a: Iron Hands|Quark Drive|[silent]\n|switch|p1a: Armarouge|Armarouge, L50, M|100\/100|[from] Volt Switch\n|move|p2b: Arcanine|Flare Blitz|p1a: Armarouge\n|-start|p1a: Armarouge|ability: Flash Fire\n|\n|upkeep\n|turn|8\n|\n|t:|1684159768\n|cant|p2a: Flutter Mane|slp\n|move|p1b: Lilligant|Sleep Powder|p2a: Flutter Mane|[miss]\n|-miss|p1b: Lilligant|p2a: Flutter Mane\n|move|p2b: Arcanine|Flare Blitz|p1b: Lilligant\n|-supereffective|p1b: Lilligant\n|-damage|p1b: Lilligant|0 fnt\n|faint|p1b: Lilligant\n|-damage|p2b: Arcanine|58\/100|[from] Recoil\n|move|p1a: Armarouge|Trick Room|p1a: Armarouge\n|-fieldstart|move: Trick Room|[of] p1a: Armarouge\n|\n|upkeep\n|\n|t:|1684159774\n|switch|p1b: Iron Hands|Iron Hands, L50, tera:Grass|52\/100\n|turn|9\n|inactive|underusedapple has 30 seconds left.\n|inactive|LeChamp James has 30 seconds left.\n|inactive|underusedapple has 20 seconds left.\n|inactive|underusedapple has 15 seconds left.\n|\n|t:|1684159818\n|move|p2b: Arcanine|Protect|p2b: Arcanine\n|-singleturn|p2b: Arcanine|Protect\n|move|p1b: Iron Hands|Close Combat|p2b: Arcanine\n|-activate|p2b: Arcanine|move: Protect\n|move|p1a: Armarouge|Armor Cannon|p2a: Flutter Mane\n|-damage|p2a: Flutter Mane|0 fnt\n|-unboost|p1a: Armarouge|def|1\n|-unboost|p1a: Armarouge|spd|1\n|faint|p2a: Flutter Mane\n|-end|p2a: Flutter Mane|Protosynthesis|[silent]\n|-damage|p1a: Armarouge|91\/100|[from] item: Life Orb\n|\n|upkeep\n|\n|t:|1684159830\n|switch|p2a: Ting-Lu|Ting-Lu, L50|64\/100\n|-ability|p2a: Ting-Lu|Vessel of Ruin\n|turn|10\n|\n|t:|1684159850\n|move|p2a: Ting-Lu|Stomping Tantrum|p1a: Armarouge\n|-supereffective|p1a: Armarouge\n|-damage|p1a: Armarouge|15\/100\n|move|p1b: Iron Hands|Close Combat|p2a: Ting-Lu\n|-supereffective|p2a: Ting-Lu\n|-damage|p2a: Ting-Lu|0 fnt\n|-unboost|p1b: Iron Hands|def|1\n|-unboost|p1b: Iron Hands|spd|1\n|faint|p2a: Ting-Lu\n|move|p1a: Armarouge|Expanding Force|p2b: Arcanine\n|-damage|p2b: Arcanine|0 fnt\n|faint|p2b: Arcanine\n|-damage|p1a: Armarouge|5\/100|[from] item: Life Orb\n|\n|win|underusedapple\n|raw|underusedapple's rating: 1242 → 1274<\/strong> (+32 for winning)\n|raw|LeChamp James's rating: 1341 → 1315<\/strong> (-26 for losing)\n|l|\u2606LeChamp James\n","uploadtime":1684159864,"views":14,"p1id":"underusedapple","p2id":"lechampjames","formatid":"gen9vgc2023regulationc","rating":1274,"private":0,"password":""}