{"id":"gen9vgc2023regulationc-1860714696","p1":"Plexionth","p2":"Little_Otaku","format":"[Gen 9] VGC 2023 Regulation C","log":"|j|\u2606Plexionth\n|j|\u2606Little_Otaku\n|t:|1683669223\n|gametype|doubles\n|player|p1|Plexionth|red|1091\n|player|p2|Little_Otaku|clair|1113\n|teamsize|p1|6\n|teamsize|p2|6\n|gen|9\n|tier|[Gen 9] VGC 2023 Regulation C\n|rated|\n|rule|Species Clause: Limit one of each Pok\u00e9mon\n|rule|Item Clause: Limit one of each item\n|clearpoke\n|poke|p1|Hawlucha, L50, M|\n|poke|p1|Pincurchin, L50, M|\n|poke|p1|Gyarados, L50, M|\n|poke|p1|Iron Valiant, L50|\n|poke|p1|Murkrow, L50, M|\n|poke|p1|Garchomp, L50, M|\n|poke|p2|Ting-Lu, L50|\n|poke|p2|Gyarados, L50, M|\n|poke|p2|Flutter Mane, L50|\n|poke|p2|Scizor, L50, M|\n|poke|p2|Grimmsnarl, L50, M|\n|poke|p2|Chi-Yu, L50|\n|teampreview|4\n|\n|t:|1683669258\n|start\n|switch|p1a: Hawlucha|Hawlucha, L50, M|100\/100\n|switch|p1b: Pincurchin|Pincurchin, L50, M|100\/100\n|switch|p2a: Grimmsnarl|Grimmsnarl, L50, M|100\/100\n|switch|p2b: Flutter Mane|Flutter Mane, L50|100\/100\n|-fieldstart|move: Electric Terrain|[from] ability: Electric Surge|[of] p1b: Pincurchin\n|-enditem|p1a: Hawlucha|Electric Seed\n|-boost|p1a: Hawlucha|def|1|[from] item: Electric Seed\n|turn|1\n|\n|t:|1683669277\n|move|p2a: Grimmsnarl|Taunt|p1b: Pincurchin\n|-start|p1b: Pincurchin|move: Taunt\n|move|p1b: Pincurchin|Sucker Punch|p2b: Flutter Mane\n|-damage|p2b: Flutter Mane|36\/100\n|-damage|p1b: Pincurchin|91\/100|[from] item: Life Orb\n|move|p1a: Hawlucha|Swords Dance|p1a: Hawlucha\n|-boost|p1a: Hawlucha|atk|2\n|move|p2b: Flutter Mane|Dazzling Gleam|p1b: Pincurchin|[spread] p1a,p1b\n|-supereffective|p1a: Hawlucha\n|-damage|p1a: Hawlucha|12\/100\n|-damage|p1b: Pincurchin|39\/100\n|\n|upkeep\n|turn|2\n|inactive|Battle timer is ON: inactive players will automatically lose when time's up. (requested by Little_Otaku)\n|\n|t:|1683669301\n|-terastallize|p1a: Hawlucha|Fighting\n|move|p2b: Flutter Mane|Protect|p2b: Flutter Mane\n|-singleturn|p2b: Flutter Mane|Protect\n|move|p1b: Pincurchin|Sucker Punch||[still]\n|-fail|p1b: Pincurchin\n|move|p1a: Hawlucha|Drain Punch|p2a: Grimmsnarl\n|-damage|p2a: Grimmsnarl|19\/100\n|-heal|p1a: Hawlucha|56\/100|[from] drain|[of] p2a: Grimmsnarl\n|move|p2a: Grimmsnarl|Play Rough|p1a: Hawlucha\n|-supereffective|p1a: Hawlucha\n|-damage|p1a: Hawlucha|0 fnt\n|faint|p1a: Hawlucha\n|\n|upkeep\n|\n|t:|1683669319\n|switch|p1a: Murkrow|Murkrow, L50, M|100\/100\n|turn|3\n|\n|t:|1683669339\n|move|p2b: Flutter Mane|Protect||[still]\n|-fail|p2b: Flutter Mane\n|move|p1a: Murkrow|Taunt|p2a: Grimmsnarl\n|-hint|Since gen 7, Dark is immune to Prankster moves.\n|-immune|p2a: Grimmsnarl\n|move|p2a: Grimmsnarl|Play Rough|p1b: Pincurchin\n|-damage|p1b: Pincurchin|0 fnt\n|faint|p1b: Pincurchin\n|\n|upkeep\n|\n|t:|1683669347\n|switch|p1b: Gyarados|Gyarados, L50, M|100\/100\n|-ability|p1b: Gyarados|Intimidate|boost\n|-unboost|p2a: Grimmsnarl|atk|1\n|-unboost|p2b: Flutter Mane|atk|1\n|turn|4\n|\n|t:|1683669356\n|move|p1a: Murkrow|Tailwind|p1a: Murkrow\n|-sidestart|p1: Plexionth|move: Tailwind\n|move|p2a: Grimmsnarl|Reflect|p2a: Grimmsnarl\n|-sidestart|p2: Little_Otaku|Reflect\n|move|p1b: Gyarados|Earthquake|p2a: Grimmsnarl|[spread] p2a,p2b\n|-immune|p1a: Murkrow\n|-damage|p2a: Grimmsnarl|5\/100\n|-damage|p2b: Flutter Mane|1\/100\n|move|p2b: Flutter Mane|Dazzling Gleam|p1a: Murkrow|[spread] p1a,p1b\n|-supereffective|p1a: Murkrow\n|-damage|p1a: Murkrow|37\/100\n|-damage|p1b: Gyarados|67\/100\n|\n|upkeep\n|turn|5\n|c|\u2606Plexionth|Ok wtf\n|inactive|Plexionth has 30 seconds left.\n|\n|t:|1683669382\n|move|p1a: Murkrow|Protect|p1a: Murkrow\n|-singleturn|p1a: Murkrow|Protect\n|move|p2a: Grimmsnarl|Taunt|p1b: Gyarados\n|-start|p1b: Gyarados|move: Taunt\n|cant|p1b: Gyarados|move: Taunt|Dragon Dance\n|move|p2b: Flutter Mane|Dazzling Gleam|p1b: Gyarados|[spread] p1b\n|-activate|p1a: Murkrow|move: Protect\n|-damage|p1b: Gyarados|35\/100\n|\n|-fieldend|move: Electric Terrain\n|upkeep\n|turn|6\n|c|\u2606Plexionth|WHAT THE FUCK IS WRONG WITH YOUR BRAIN\n|c|\u2606Little_Otaku|Huh\n|inactive|Plexionth has 30 seconds left.\n|inactive|Plexionth has 20 seconds left.\n|\n|t:|1683669419\n|move|p1a: Murkrow|Taunt|p2b: Flutter Mane\n|-start|p2b: Flutter Mane|move: Taunt\n|move|p1b: Gyarados|Earthquake|p2b: Flutter Mane|[spread] p2a,p2b\n|-immune|p1a: Murkrow\n|-damage|p2a: Grimmsnarl|0 fnt\n|-damage|p2b: Flutter Mane|0 fnt\n|faint|p2a: Grimmsnarl\n|faint|p2b: Flutter Mane\n|-end|p2b: Flutter Mane|Protosynthesis|[silent]\n|\n|upkeep\n|\n|t:|1683669429\n|switch|p2b: Chi-Yu|Chi-Yu, L50|100\/100\n|switch|p2a: Gyarados|Gyarados, L50, M|100\/100\n|-ability|p2b: Chi-Yu|Beads of Ruin\n|-ability|p2a: Gyarados|Intimidate|boost\n|-unboost|p1a: Murkrow|atk|1\n|-unboost|p1b: Gyarados|atk|1\n|turn|7\n|\n|t:|1683669447\n|-terastallize|p2a: Gyarados|Dragon\n|move|p2b: Chi-Yu|Protect|p2b: Chi-Yu\n|-singleturn|p2b: Chi-Yu|Protect\n|move|p1a: Murkrow|Haze|p1a: Murkrow\n|-clearallboost\n|move|p1b: Gyarados|Waterfall|p2b: Chi-Yu\n|-activate|p2b: Chi-Yu|move: Protect\n|move|p2a: Gyarados|Tera Blast|p1b: Gyarados\n|-damage|p1b: Gyarados|0 fnt\n|faint|p1b: Gyarados\n|\n|-sideend|p1: Plexionth|move: Tailwind\n|upkeep\n|turn|8\n|c|\u2606Plexionth|Dumbass\n|n|!Plexionth|plexionth\n|-message|Plexionth forfeited.\n|\n|win|Little_Otaku\n|raw|Plexionth's rating: 1091 → 1069<\/strong> (-22 for losing)\n|raw|Little_Otaku's rating: 1113 → 1136<\/strong> (+23 for winning)\n|c|\u2606Little_Otaku|dont lose to dumbasses ig\n|l|!Plexionth\n","uploadtime":1683669401,"views":15,"p1id":"plexionth","p2id":"littleotaku","formatid":"gen9vgc2023regulationc","rating":1069,"private":0,"password":""}