{"id":"gen9vgc2023regulationc-1858305338","p1":"Innho2","p2":"Zebstrikareem","format":"[Gen 9] VGC 2023 Regulation C","log":"|j|\u2606Innho2\n|j|\u2606Zebstrikareem\n|t:|1683300329\n|gametype|doubles\n|player|p1|Innho2|red|1105\n|player|p2|Zebstrikareem|steven|1211\n|teamsize|p1|6\n|teamsize|p2|6\n|gen|9\n|tier|[Gen 9] VGC 2023 Regulation C\n|rated|\n|rule|Species Clause: Limit one of each Pok\u00e9mon\n|rule|Item Clause: Limit one of each item\n|clearpoke\n|poke|p1|Arcanine, L50, F|\n|poke|p1|Iron Bundle, L50|\n|poke|p1|Amoonguss, L50, F|\n|poke|p1|Iron Valiant, L50|\n|poke|p1|Annihilape, L50, M|\n|poke|p1|Chi-Yu, L50|\n|poke|p2|Chi-Yu, L50|\n|poke|p2|Iron Bundle, L50|\n|poke|p2|Dragonite, L50, F|\n|poke|p2|Chien-Pao, L50|\n|poke|p2|Kingambit, L50, M|\n|poke|p2|Flutter Mane, L50|\n|teampreview|4\n|\n|t:|1683300375\n|start\n|switch|p1a: Iron Bundle|Iron Bundle, L50|100\/100\n|switch|p1b: Amoonguss|Amoonguss, L50, F|100\/100\n|switch|p2a: Dragonite|Dragonite, L50, F|100\/100\n|switch|p2b: Kingambit|Kingambit, L50, M|100\/100\n|turn|1\n|\n|t:|1683300392\n|-terastallize|p2a: Dragonite|Normal\n|move|p2a: Dragonite|Extreme Speed|p1a: Iron Bundle\n|-damage|p1a: Iron Bundle|29\/100\n|move|p1a: Iron Bundle|Freeze-Dry|p2a: Dragonite\n|-damage|p2a: Dragonite|83\/100\n|move|p2b: Kingambit|Iron Head|p1a: Iron Bundle\n|-damage|p1a: Iron Bundle|0 fnt\n|faint|p1a: Iron Bundle\n|-end|p1a: Iron Bundle|Quark Drive|[silent]\n|move|p1b: Amoonguss|Spore|p2b: Kingambit\n|-status|p2b: Kingambit|slp|[from] move: Spore\n|\n|upkeep\n|\n|t:|1683300405\n|switch|p1a: Annihilape|Annihilape, L50, M|100\/100\n|turn|2\n|\n|t:|1683300452\n|move|p2a: Dragonite|Extreme Speed|p1b: Amoonguss\n|-damage|p1b: Amoonguss|49\/100\n|-enditem|p1b: Amoonguss|Sitrus Berry|[eat]\n|-heal|p1b: Amoonguss|74\/100|[from] item: Sitrus Berry\n|move|p1a: Annihilape|Bulk Up|p1a: Annihilape\n|-boost|p1a: Annihilape|atk|1\n|-boost|p1a: Annihilape|def|1\n|cant|p2b: Kingambit|slp\n|move|p1b: Amoonguss|Spore|p2a: Dragonite\n|-status|p2a: Dragonite|slp|[from] move: Spore\n|\n|upkeep\n|turn|3\n|\n|t:|1683300466\n|switch|p2b: Flutter Mane|Flutter Mane, L50|100\/100\n|cant|p2a: Dragonite|slp\n|move|p1a: Annihilape|Bulk Up|p1a: Annihilape\n|-boost|p1a: Annihilape|atk|1\n|-boost|p1a: Annihilape|def|1\n|move|p1b: Amoonguss|Spore|p2b: Flutter Mane\n|-status|p2b: Flutter Mane|slp|[from] move: Spore\n|\n|upkeep\n|turn|4\n|\n|t:|1683300482\n|-curestatus|p2a: Dragonite|slp|[msg]\n|move|p2a: Dragonite|Extreme Speed|p1b: Amoonguss\n|-damage|p1b: Amoonguss|17\/100\n|move|p1b: Amoonguss|Rage Powder|p1b: Amoonguss\n|-singleturn|p1b: Amoonguss|move: Rage Powder\n|cant|p2b: Flutter Mane|slp\n|move|p1a: Annihilape|Drain Punch|p2a: Dragonite\n|-supereffective|p2a: Dragonite\n|-damage|p2a: Dragonite|0 fnt\n|faint|p2a: Dragonite\n|\n|upkeep\n|\n|t:|1683300501\n|switch|p2a: Iron Bundle|Iron Bundle, L50|100\/100\n|-enditem|p2a: Iron Bundle|Booster Energy\n|-activate|p2a: Iron Bundle|ability: Quark Drive|[fromitem]\n|-start|p2a: Iron Bundle|quarkdrivespe\n|turn|5\n|\n|t:|1683300514\n|move|p2a: Iron Bundle|Freeze-Dry|p1b: Amoonguss\n|-supereffective|p1b: Amoonguss\n|-damage|p1b: Amoonguss|0 fnt\n|faint|p1b: Amoonguss\n|cant|p2b: Flutter Mane|slp\n|move|p1a: Annihilape|Rage Fist|p2b: Flutter Mane\n|-supereffective|p2b: Flutter Mane\n|-damage|p2b: Flutter Mane|0 fnt\n|faint|p2b: Flutter Mane\n|-end|p2b: Flutter Mane|Protosynthesis|[silent]\n|\n|upkeep\n|\n|t:|1683300522\n|switch|p2b: Kingambit|Kingambit, L50, M|100\/100 slp\n|switch|p1b: Iron Valiant|Iron Valiant, L50|100\/100\n|-enditem|p1b: Iron Valiant|Booster Energy\n|-activate|p1b: Iron Valiant|ability: Quark Drive|[fromitem]\n|-start|p1b: Iron Valiant|quarkdrivespe\n|turn|6\n|\n|t:|1683300542\n|move|p2a: Iron Bundle|Hydro Pump|p1a: Annihilape\n|-damage|p1a: Annihilape|56\/100\n|move|p1b: Iron Valiant|Spirit Break|p2a: Iron Bundle\n|-damage|p2a: Iron Bundle|52\/100\n|-unboost|p2a: Iron Bundle|spa|1\n|move|p1a: Annihilape|Drain Punch|p2b: Kingambit\n|-supereffective|p2b: Kingambit\n|-damage|p2b: Kingambit|0 fnt\n|-heal|p1a: Annihilape|97\/100|[from] drain|[of] p2b: Kingambit\n|faint|p2b: Kingambit\n|\n|-heal|p1a: Annihilape|100\/100|[from] item: Leftovers\n|upkeep\n|turn|7\n|-message|Zebstrikareem forfeited.\n|\n|win|Innho2\n|raw|Innho2's rating: 1105 → 1137<\/strong> (+32 for winning)\n|raw|Zebstrikareem's rating: 1211 → 1179<\/strong> (-32 for losing)\n|l|\u2606Zebstrikareem\n","uploadtime":1683300565,"views":13,"p1id":"innho2","p2id":"zebstrikareem","formatid":"gen9vgc2023regulationc","rating":1137,"private":0,"password":""}