{"id":"gen9vgc2023regulationc-1853203296","p1":"r3gCt3st","p2":"sabertooth81","format":"[Gen 9] VGC 2023 Regulation C","log":"|j|\u2606r3gCt3st\n|j|\u2606sabertooth81\n|t:|1682648114\n|gametype|doubles\n|player|p1|r3gCt3st|unknown|1201\n|player|p2|sabertooth81|acetrainerf-gen4dp|1176\n|teamsize|p1|6\n|teamsize|p2|6\n|gen|9\n|tier|[Gen 9] VGC 2023 Regulation C\n|rated|\n|rule|Species Clause: Limit one of each Pok\u00e9mon\n|rule|Item Clause: Limit one of each item\n|clearpoke\n|poke|p1|Iron Bundle, L50|\n|poke|p1|Annihilape, L50, M|\n|poke|p1|Amoonguss, L50, F|\n|poke|p1|Ting-Lu, L50|\n|poke|p1|Arcanine, L50, F|\n|poke|p1|Flutter Mane, L50|\n|poke|p2|Tyranitar, L50, M|\n|poke|p2|Bronzong, L50|\n|poke|p2|Orthworm, L50, M|\n|poke|p2|Stonjourner, L50, M|\n|poke|p2|Gastrodon-East, L50, F|\n|poke|p2|Kingambit, L50, M|\n|teampreview|4\n|inactive|Battle timer is ON: inactive players will automatically lose when time's up. (requested by sabertooth81)\n|j| HEYI'mATRain\n|\n|t:|1682648136\n|start\n|switch|p1a: Iron Bundle|Iron Bundle, L50|100\/100\n|switch|p1b: Annihilape|Annihilape, L50, M|100\/100\n|switch|p2a: Tyranitar|Tyranitar, L50, M, shiny|100\/100\n|switch|p2b: Orthworm|Orthworm, L50, M, shiny|100\/100\n|-weather|Sandstorm|[from] ability: Sand Stream|[of] p2a: Tyranitar\n|turn|1\n|\n|t:|1682648154\n|switch|p2a: Gastrodon|Gastrodon-East, L50, F, shiny|100\/100\n|move|p1a: Iron Bundle|Chilling Water|p2a: Gastrodon\n|-ability|p2a: Gastrodon|Storm Drain|boost\n|-boost|p2a: Gastrodon|spa|1\n|move|p1b: Annihilape|Bulk Up|p1b: Annihilape\n|-boost|p1b: Annihilape|atk|1\n|-boost|p1b: Annihilape|def|1\n|move|p2b: Orthworm|Shed Tail|p2b: Orthworm\n|-start|p2b: Orthworm|Substitute|[from] move: Shed Tail\n|-damage|p2b: Orthworm|50\/100\n|-enditem|p2b: Orthworm|Sitrus Berry|[eat]\n|-heal|p2b: Orthworm|75\/100|[from] item: Sitrus Berry\n|\n|t:|1682648166\n|switch|p2b: Bronzong|Bronzong, L50|100\/100|[from] Shed Tail\n|\n|-weather|Sandstorm|[upkeep]\n|-damage|p1a: Iron Bundle|94\/100|[from] Sandstorm\n|-damage|p1b: Annihilape|94\/100|[from] Sandstorm\n|-heal|p1b: Annihilape|100\/100|[from] item: Leftovers\n|upkeep\n|turn|2\n|\n|t:|1682648179\n|move|p1a: Iron Bundle|Freeze-Dry|p2a: Gastrodon\n|-supereffective|p2a: Gastrodon\n|-damage|p2a: Gastrodon|0 fnt\n|faint|p2a: Gastrodon\n|move|p1b: Annihilape|Bulk Up|p1b: Annihilape\n|-boost|p1b: Annihilape|atk|1\n|-boost|p1b: Annihilape|def|1\n|move|p2b: Bronzong|Trick Room|p2b: Bronzong\n|-fieldstart|move: Trick Room|[of] p2b: Bronzong\n|\n|-weather|Sandstorm|[upkeep]\n|-damage|p1b: Annihilape|94\/100|[from] Sandstorm\n|-damage|p1a: Iron Bundle|88\/100|[from] Sandstorm\n|-heal|p1b: Annihilape|100\/100|[from] item: Leftovers\n|upkeep\n|\n|t:|1682648183\n|switch|p2a: Orthworm|Orthworm, L50, M, shiny|75\/100\n|turn|3\n|\n|t:|1682648203\n|-end|p1a: Iron Bundle|Quark Drive|[silent]\n|switch|p1a: Arcanine|Arcanine, L50, F|100\/100\n|-ability|p1a: Arcanine|Intimidate|boost\n|-unboost|p2a: Orthworm|atk|1\n|-immune|p2b: Bronzong\n|move|p2b: Bronzong|Zen Headbutt|p1b: Annihilape\n|-supereffective|p1b: Annihilape\n|-damage|p1b: Annihilape|71\/100\n|move|p2a: Orthworm|Shed Tail|p2a: Orthworm\n|-start|p2a: Orthworm|Substitute|[from] move: Shed Tail\n|-damage|p2a: Orthworm|25\/100\n|\n|t:|1682648214\n|switch|p2a: Tyranitar|Tyranitar, L50, M, shiny|100\/100|[from] Shed Tail\n|move|p1b: Annihilape|Rage Fist|p2b: Bronzong\n|-supereffective|p2b: Bronzong\n|-end|p2b: Bronzong|Substitute\n|\n|-weather|Sandstorm|[upkeep]\n|-damage|p1b: Annihilape|64\/100|[from] Sandstorm\n|-damage|p1a: Arcanine|94\/100|[from] Sandstorm\n|-heal|p1b: Annihilape|71\/100|[from] item: Leftovers\n|upkeep\n|turn|4\n|\n|t:|1682648230\n|switch|p1a: Amoonguss|Amoonguss, L50, F|100\/100\n|-terastallize|p2a: Tyranitar|Fairy\n|move|p1b: Annihilape|Protect|p1b: Annihilape\n|-singleturn|p1b: Annihilape|Protect\n|move|p2b: Bronzong|Safeguard|p2b: Bronzong\n|-sidestart|p2: sabertooth81|Safeguard\n|move|p2a: Tyranitar|Rock Slide|p1a: Amoonguss|[spread] p1a\n|-activate|p1b: Annihilape|move: Protect\n|-damage|p1a: Amoonguss|74\/100\n|\n|-weather|Sandstorm|[upkeep]\n|-damage|p1a: Amoonguss|68\/100|[from] Sandstorm\n|-damage|p2a: Tyranitar|95\/100|[from] Sandstorm\n|-damage|p1b: Annihilape|64\/100|[from] Sandstorm\n|-heal|p1b: Annihilape|71\/100|[from] item: Leftovers\n|upkeep\n|turn|5\n|\n|t:|1682648246\n|move|p1a: Amoonguss|Rage Powder|p1a: Amoonguss\n|-singleturn|p1a: Amoonguss|move: Rage Powder\n|move|p2b: Bronzong|Zen Headbutt|p1a: Amoonguss\n|-supereffective|p1a: Amoonguss\n|-damage|p1a: Amoonguss|13\/100\n|-damage|p2b: Bronzong|84\/100|[from] item: Rocky Helmet|[of] p1a: Amoonguss\n|move|p2a: Tyranitar|Crunch|p1a: Amoonguss\n|-damage|p1a: Amoonguss|0 fnt\n|-damage|p2a: Tyranitar|78\/100|[from] item: Rocky Helmet|[of] p1a: Amoonguss\n|faint|p1a: Amoonguss\n|move|p1b: Annihilape|Rage Fist|p2b: Bronzong\n|-supereffective|p2b: Bronzong\n|-damage|p2b: Bronzong|0 fnt\n|faint|p2b: Bronzong\n|\n|-weather|none\n|-heal|p1b: Annihilape|77\/100|[from] item: Leftovers\n|upkeep\n|\n|t:|1682648255\n|switch|p2b: Orthworm|Orthworm, L50, M, shiny|25\/100\n|switch|p1a: Arcanine|Arcanine, L50, F|94\/100\n|-ability|p1a: Arcanine|Intimidate|boost\n|-immune|p2a: Tyranitar\n|-unboost|p2b: Orthworm|atk|1\n|turn|6\n|\n|t:|1682648266\n|move|p1b: Annihilape|Protect|p1b: Annihilape\n|-singleturn|p1b: Annihilape|Protect\n|move|p1a: Arcanine|Protect|p1a: Arcanine\n|-singleturn|p1a: Arcanine|Protect\n|move|p2a: Tyranitar|Earthquake|p1a: Arcanine|[spread] \n|-activate|p1a: Arcanine|move: Protect\n|-activate|p1b: Annihilape|move: Protect\n|-heal|p2b: Orthworm|50\/100|[from] ability: Earth Eater|[of] p2a: Tyranitar\n|move|p2b: Orthworm|Body Press|p1b: Annihilape\n|-activate|p1b: Annihilape|move: Protect\n|\n|-heal|p1b: Annihilape|83\/100|[from] item: Leftovers\n|-fieldend|move: Trick Room\n|upkeep\n|turn|7\n|\n|t:|1682648278\n|-terastallize|p1a: Arcanine|Grass\n|move|p1a: Arcanine|Flare Blitz|p2b: Orthworm\n|-supereffective|p2b: Orthworm\n|-damage|p2b: Orthworm|0 fnt\n|faint|p2b: Orthworm\n|-damage|p1a: Arcanine|80\/100|[from] Recoil\n|move|p1b: Annihilape|Rage Fist|p2a: Tyranitar\n|-end|p2a: Tyranitar|Substitute\n|move|p2a: Tyranitar|Earthquake|p1a: Arcanine|[spread] p1a,p1b\n|-resisted|p1a: Arcanine\n|-damage|p1a: Arcanine|65\/100\n|-damage|p1b: Annihilape|70\/100\n|\n|-heal|p1b: Annihilape|76\/100|[from] item: Leftovers\n|upkeep\n|turn|8\n|c|\u2606sabertooth81|hurry up\n|\n|t:|1682648290\n|move|p1a: Arcanine|Howl|p1a: Arcanine|[spread] p1a,p1b\n|-boost|p1a: Arcanine|atk|1\n|-boost|p1b: Annihilape|atk|1\n|move|p1b: Annihilape|Rage Fist|p2a: Tyranitar\n|-damage|p2a: Tyranitar|0 fnt\n|faint|p2a: Tyranitar\n|\n|win|r3gCt3st\n|raw|r3gCt3st's rating: 1201 → 1224<\/strong> (+23 for winning)\n|raw|sabertooth81's rating: 1176 → 1153<\/strong> (-23 for losing)\n|l|\u2606sabertooth81\n|c|\u2606r3gCt3st|ok\n","uploadtime":1682648299,"views":7,"p1id":"r3gct3st","p2id":"sabertooth81","formatid":"gen9vgc2023regulationc","rating":1153,"private":0,"password":""}