{"id":"gen9vgc2023regulationc-1861605144","p1":"Araway","p2":"princess Hoshi","format":"[Gen 9] VGC 2023 Regulation C","log":"|j|\u2606Araway\n|j|\u2606princess Hoshi\n|t:|1683780133\n|gametype|doubles\n|player|p1|Araway|hilda|1223\n|player|p2|princess Hoshi|iono|1271\n|teamsize|p1|6\n|teamsize|p2|6\n|gen|9\n|tier|[Gen 9] VGC 2023 Regulation C\n|rated|\n|rule|Species Clause: Limit one of each Pok\u00e9mon\n|rule|Item Clause: Limit one of each item\n|clearpoke\n|poke|p1|Sandy Shocks, L50|\n|poke|p1|Garchomp, L50, F|\n|poke|p1|Talonflame, L50, M|\n|poke|p1|Gyarados, L50, M|\n|poke|p1|Chi-Yu, L50|\n|poke|p1|Flutter Mane, L50|\n|poke|p2|Arcanine, L50, M|\n|poke|p2|Ting-Lu, L50|\n|poke|p2|Amoonguss, L50, M|\n|poke|p2|Palafin, L50, M|\n|poke|p2|Flutter Mane, L50|\n|poke|p2|Kingambit, L50, M|\n|teampreview|4\n|\n|t:|1683780173\n|start\n|switch|p1a: Garchomp|Garchomp, L50, F|100\/100\n|switch|p1b: Talonflame|Talonflame, L50, M|100\/100\n|switch|p2a: Doge|Arcanine, L50, M|100\/100\n|switch|p2b: Run|Ting-Lu, L50|100\/100\n|-ability|p2a: Doge|Intimidate|boost\n|-unboost|p1a: Garchomp|atk|1\n|-unboost|p1b: Talonflame|atk|1\n|-ability|p2b: Run|Vessel of Ruin\n|turn|1\n|\n|t:|1683780190\n|switch|p1a: Gyarados|Gyarados, L50, M|100\/100\n|-ability|p1a: Gyarados|Intimidate|boost\n|-unboost|p2a: Doge|atk|1\n|-unboost|p2b: Run|atk|1\n|switch|p2b: Amongus|Amoonguss, L50, M|100\/100\n|move|p1b: Talonflame|Will-O-Wisp|p2b: Amongus\n|-status|p2b: Amongus|brn\n|move|p2a: Doge|Will-O-Wisp|p1a: Gyarados\n|-status|p1a: Gyarados|brn\n|\n|-damage|p1a: Gyarados|94\/100 brn|[from] brn\n|-damage|p2b: Amongus|95\/100 brn|[from] brn\n|upkeep\n|turn|2\n|\n|t:|1683780218\n|move|p2a: Doge|Protect|p2a: Doge\n|-singleturn|p2a: Doge|Protect\n|move|p1b: Talonflame|Brave Bird|p2b: Amongus\n|-supereffective|p2b: Amongus\n|-damage|p2b: Amongus|47\/100 brn\n|-enditem|p2b: Amongus|Sitrus Berry|[eat]\n|-heal|p2b: Amongus|72\/100 brn|[from] item: Sitrus Berry\n|-damage|p1b: Talonflame|78\/100|[from] Recoil\n|move|p1a: Gyarados|Thunder Wave|p2a: Doge\n|-activate|p2a: Doge|move: Protect\n|move|p2b: Amongus|Spore|p1b: Talonflame\n|-status|p1b: Talonflame|slp|[from] move: Spore\n|\n|-damage|p1a: Gyarados|88\/100 brn|[from] brn\n|-damage|p2b: Amongus|66\/100 brn|[from] brn\n|upkeep\n|turn|3\n|\n|t:|1683780238\n|switch|p2a: Run|Ting-Lu, L50|100\/100\n|-ability|p2a: Run|Vessel of Ruin\n|switch|p2b: All Might|Palafin, L50, M|100\/100\n|cant|p1b: Talonflame|slp\n|move|p1a: Gyarados|Thunder Wave|p2a: Run\n|-immune|p2a: Run\n|\n|-damage|p1a: Gyarados|82\/100 brn|[from] brn\n|upkeep\n|turn|4\n|\n|t:|1683780265\n|detailschange|p2b: All Might|Palafin-Hero, L50, M\n|switch|p2b: Amongus|Amoonguss, L50, M|99\/100 brn\n|-curestatus|p1b: Talonflame|slp|[msg]\n|move|p1b: Talonflame|Brave Bird|p2a: Run\n|-damage|p2a: Run|82\/100\n|-damage|p1b: Talonflame|69\/100|[from] Recoil\n|move|p1a: Gyarados|Waterfall|p2a: Run\n|-supereffective|p2a: Run\n|-damage|p2a: Run|60\/100\n|move|p2a: Run|Ruination|p1b: Talonflame|[miss]\n|-miss|p2a: Run|p1b: Talonflame\n|\n|-damage|p1a: Gyarados|76\/100 brn|[from] brn\n|-damage|p2b: Amongus|94\/100 brn|[from] brn\n|upkeep\n|turn|5\n|\n|t:|1683780297\n|switch|p2b: Doge|Arcanine, L50, M|100\/100\n|-ability|p2b: Doge|Intimidate|boost\n|-unboost|p1a: Gyarados|atk|1\n|-unboost|p1b: Talonflame|atk|1\n|move|p1b: Talonflame|Will-O-Wisp|p2a: Run\n|-status|p2a: Run|brn\n|move|p1a: Gyarados|Waterfall|p2a: Run\n|-supereffective|p2a: Run\n|-damage|p2a: Run|46\/100 brn\n|move|p2a: Run|Ruination|p1b: Talonflame\n|-damage|p1b: Talonflame|35\/100\n|\n|-damage|p1a: Gyarados|70\/100 brn|[from] brn\n|-damage|p2a: Run|40\/100 brn|[from] brn\n|upkeep\n|turn|6\n|\n|t:|1683780325\n|switch|p2b: Amongus|Amoonguss, L50, M|100\/100 brn\n|switch|p1a: Garchomp|Garchomp, L50, F|100\/100\n|move|p1b: Talonflame|Brave Bird|p2a: Run\n|-damage|p2a: Run|25\/100 brn\n|-damage|p1b: Talonflame|27\/100|[from] Recoil\n|move|p2a: Run|Ruination|p1b: Talonflame\n|-damage|p1b: Talonflame|14\/100\n|\n|-damage|p2a: Run|19\/100 brn|[from] brn\n|-damage|p2b: Amongus|95\/100 brn|[from] brn\n|upkeep\n|turn|7\n|\n|t:|1683780349\n|switch|p2a: Doge|Arcanine, L50, M|100\/100\n|-ability|p2a: Doge|Intimidate|boost\n|-unboost|p1a: Garchomp|atk|1\n|-unboost|p1b: Talonflame|atk|1\n|move|p1b: Talonflame|Brave Bird|p2b: Amongus\n|-supereffective|p2b: Amongus\n|-damage|p2b: Amongus|62\/100 brn\n|-damage|p1b: Talonflame|0 fnt|[from] Recoil\n|faint|p1b: Talonflame\n|move|p1a: Garchomp|Earthquake|p2b: Amongus|[spread] p2a,p2b\n|-supereffective|p2a: Doge\n|-damage|p2a: Doge|13\/100\n|-damage|p2b: Amongus|30\/100 brn\n|move|p2b: Amongus|Pollen Puff|p2a: Doge\n|-heal|p2a: Doge|63\/100\n|\n|-damage|p2b: Amongus|24\/100 brn|[from] brn\n|upkeep\n|\n|t:|1683780366\n|switch|p1b: Gyarados|Gyarados, L50, M|70\/100 brn\n|-ability|p1b: Gyarados|Intimidate|boost\n|-unboost|p2a: Doge|atk|1\n|-unboost|p2b: Amongus|atk|1\n|turn|8\n|\n|t:|1683780388\n|switch|p2b: Run|Ting-Lu, L50|19\/100 brn\n|-ability|p2b: Run|Vessel of Ruin\n|move|p2a: Doge|Protect|p2a: Doge\n|-singleturn|p2a: Doge|Protect\n|move|p1a: Garchomp|Earthquake|p2b: Run|[spread] p2b\n|-activate|p2a: Doge|move: Protect\n|-immune|p1b: Gyarados\n|-damage|p2b: Run|0 fnt\n|faint|p2b: Run\n|move|p1b: Gyarados|Crunch|p2a: Doge\n|-activate|p2a: Doge|move: Protect\n|\n|-damage|p1b: Gyarados|64\/100 brn|[from] brn\n|upkeep\n|\n|t:|1683780409\n|switch|p2b: All Might|Palafin-Hero, L50, M|100\/100\n|-activate|p2b: All Might|ability: Zero to Hero\n|turn|9\n|\n|t:|1683780423\n|switch|p2a: Amongus|Amoonguss, L50, M|57\/100 brn\n|-terastallize|p1b: Gyarados|Grass\n|move|p2b: All Might|Protect|p2b: All Might\n|-singleturn|p2b: All Might|Protect\n|move|p1a: Garchomp|Earthquake|p2b: All Might|[spread] p1b,p2a\n|-activate|p2b: All Might|move: Protect\n|-resisted|p1b: Gyarados\n|-damage|p1b: Gyarados|47\/100 brn\n|-damage|p2a: Amongus|28\/100 brn\n|move|p1b: Gyarados|Tera Blast|p2b: All Might\n|-activate|p2b: All Might|move: Protect\n|\n|-damage|p1b: Gyarados|41\/100 brn|[from] brn\n|-damage|p2a: Amongus|22\/100 brn|[from] brn\n|upkeep\n|turn|10\n|\n|t:|1683780450\n|switch|p1a: Chi-Yu|Chi-Yu, L50|100\/100\n|-ability|p1a: Chi-Yu|Beads of Ruin\n|switch|p2b: Doge|Arcanine, L50, M|63\/100\n|-ability|p2b: Doge|Intimidate|boost\n|-unboost|p1a: Chi-Yu|atk|1\n|-unboost|p1b: Gyarados|atk|1\n|move|p1b: Gyarados|Tera Blast|p2b: Doge\n|-resisted|p2b: Doge\n|-damage|p2b: Doge|57\/100\n|move|p2a: Amongus|Spore|p1a: Chi-Yu\n|-status|p1a: Chi-Yu|slp|[from] move: Spore\n|\n|-damage|p1b: Gyarados|35\/100 brn|[from] brn\n|-damage|p2a: Amongus|16\/100 brn|[from] brn\n|upkeep\n|turn|11\n|\n|t:|1683780474\n|cant|p1a: Chi-Yu|slp\n|move|p2b: Doge|Will-O-Wisp|p1a: Chi-Yu|[miss]\n|-miss|p2b: Doge|p1a: Chi-Yu\n|move|p1b: Gyarados|Waterfall|p2b: Doge\n|-supereffective|p2b: Doge\n|-damage|p2b: Doge|31\/100\n|move|p2a: Amongus|Pollen Puff|p2b: Doge\n|-heal|p2b: Doge|80\/100\n|\n|-damage|p1b: Gyarados|29\/100 brn|[from] brn\n|-damage|p2a: Amongus|10\/100 brn|[from] brn\n|upkeep\n|turn|12\n|\n|t:|1683780500\n|switch|p2a: All Might|Palafin-Hero, L50, M|100\/100\n|move|p2b: Doge|Extreme Speed|p1b: Gyarados\n|-damage|p1b: Gyarados|5\/100 brn\n|cant|p1a: Chi-Yu|slp\n|move|p1b: Gyarados|Tera Blast|p2a: All Might\n|-supereffective|p2a: All Might\n|-damage|p2a: All Might|80\/100\n|\n|-damage|p1b: Gyarados|0 fnt|[from] brn\n|faint|p1b: Gyarados\n|upkeep\n|\n|t:|1683780511\n|switch|p1b: Garchomp|Garchomp, L50, F|100\/100\n|turn|13\n|\n|t:|1683780524\n|-terastallize|p2a: All Might|Water\n|move|p2b: Doge|Extreme Speed|p1b: Garchomp\n|-damage|p1b: Garchomp|77\/100\n|-damage|p2b: Doge|68\/100|[from] ability: Rough Skin|[of] p1b: Garchomp\n|move|p2a: All Might|Jet Punch|p1b: Garchomp\n|-damage|p1b: Garchomp|13\/100\n|-damage|p2a: All Might|68\/100|[from] ability: Rough Skin|[of] p1b: Garchomp\n|move|p1b: Garchomp|Dragon Claw|p2a: All Might\n|-damage|p2a: All Might|11\/100\n|-curestatus|p1a: Chi-Yu|slp|[msg]\n|move|p1a: Chi-Yu|Dark Pulse|p2b: Doge\n|-damage|p2b: Doge|9\/100\n|\n|upkeep\n|turn|14\n|\n|t:|1683780548\n|move|p2a: All Might|Protect|p2a: All Might\n|-singleturn|p2a: All Might|Protect\n|move|p2b: Doge|Extreme Speed|p1b: Garchomp\n|-damage|p1b: Garchomp|0 fnt\n|-damage|p2b: Doge|0 fnt|[from] ability: Rough Skin|[of] p1b: Garchomp\n|faint|p1b: Garchomp\n|faint|p2b: Doge\n|move|p1a: Chi-Yu|Heat Wave|p2a: All Might\n|-activate|p2a: All Might|move: Protect\n|\n|upkeep\n|\n|t:|1683780560\n|switch|p2b: Amongus|Amoonguss, L50, M|44\/100 brn\n|turn|15\n|\n|t:|1683780575\n|move|p2a: All Might|Jet Punch|p1a: Chi-Yu\n|-supereffective|p1a: Chi-Yu\n|-enditem|p1a: Chi-Yu|Focus Sash\n|-damage|p1a: Chi-Yu|1\/100\n|move|p1a: Chi-Yu|Heat Wave|p2b: Amongus|[spread] p2a,p2b\n|-resisted|p2a: All Might\n|-supereffective|p2b: Amongus\n|-damage|p2a: All Might|0 fnt\n|-damage|p2b: Amongus|0 fnt\n|faint|p2a: All Might\n|faint|p2b: Amongus\n|\n|win|Araway\n|raw|Araway's rating: 1223 → 1251<\/strong> (+28 for winning)\n|raw|princess Hoshi's rating: 1271 → 1243<\/strong> (-28 for losing)\n|c|\u2606Araway|damn ggs\n|l|\u2606princess Hoshi\n","uploadtime":1683780619,"views":18,"p1id":"araway","p2id":"princesshoshi","formatid":"gen9vgc2023regulationc","rating":1243,"private":0,"password":""}