{"id":"gen9vgc2023regulationc-1859025512","p1":"McDubbieEnthusiast","p2":"shikico","format":"[Gen 9] VGC 2023 Regulation C","log":"|j|\u2606McDubbieEnthusiast\n|j|\u2606shikico\n|t:|1683395730\n|gametype|doubles\n|player|p1|McDubbieEnthusiast|waiter-gen4|1516\n|player|p2|shikico|169|1575\n|teamsize|p1|6\n|teamsize|p2|6\n|gen|9\n|tier|[Gen 9] VGC 2023 Regulation C\n|rated|\n|rule|Species Clause: Limit one of each Pok\u00e9mon\n|rule|Item Clause: Limit one of each item\n|clearpoke\n|poke|p1|Tyranitar, L50, M|\n|poke|p1|Garchomp, L50, M|\n|poke|p1|Scream Tail, L50|\n|poke|p1|Corviknight, L50, F|\n|poke|p1|Gholdengo, L50|\n|poke|p1|Dragonite, L50, M|\n|poke|p2|Abomasnow, L50, F|\n|poke|p2|Farigiraf, L50, F|\n|poke|p2|Hawlucha, L50, F|\n|poke|p2|Iron Hands, L50|\n|poke|p2|Iron Bundle, L50|\n|poke|p2|Beartic, L50, F|\n|teampreview|4\n|inactive|Battle timer is ON: inactive players will automatically lose when time's up. (requested by shikico)\n|inactive|McDubbieEnthusiast has 60 seconds left.\n|inactive|shikico has 60 seconds left.\n|inactive|McDubbieEnthusiast has 30 seconds left.\n|\n|t:|1683395794\n|start\n|switch|p1a: Roc|Corviknight, L50, F|100\/100\n|switch|p1b: Mimic|Gholdengo, L50|100\/100\n|switch|p2a: Abomasnow|Abomasnow, L50, F|100\/100\n|switch|p2b: Hawlucha|Hawlucha, L50, F|100\/100\n|-weather|Snow|[from] ability: Snow Warning|[of] p2a: Abomasnow\n|turn|1\n|inactive|shikico has 30 seconds left.\n|inactive|shikico has 20 seconds left.\n|inactive|shikico has 15 seconds left.\n|inactive|shikico has 10 seconds left.\n|inactive|shikico has 5 seconds left.\n|\n|t:|1683395848\n|switch|p2a: Iron Hands|Iron Hands, L50|100\/100\n|move|p2b: Hawlucha|Detect|p2b: Hawlucha\n|-singleturn|p2b: Hawlucha|Protect\n|move|p1b: Mimic|Make It Rain|p2a: Iron Hands|[spread] p2a\n|-activate|p2b: Hawlucha|move: Protect\n|-resisted|p2a: Iron Hands\n|-damage|p2a: Iron Hands|88\/100\n|-unboost|p1b: Mimic|spa|1\n|move|p1a: Roc|Bulk Up|p1a: Roc\n|-boost|p1a: Roc|atk|1\n|-boost|p1a: Roc|def|1\n|\n|-weather|Snow|[upkeep]\n|upkeep\n|turn|2\n|inactive|McDubbieEnthusiast has 30 seconds left.\n|inactive|shikico has 30 seconds left.\n|\n|t:|1683395881\n|switch|p1b: Beholder|Scream Tail, L50, shiny|100\/100\n|-enditem|p1b: Beholder|Booster Energy\n|-activate|p1b: Beholder|ability: Protosynthesis|[fromitem]\n|-start|p1b: Beholder|protosynthesisspe\n|switch|p2b: Iron Bundle|Iron Bundle, L50|100\/100\n|-enditem|p2b: Iron Bundle|Booster Energy\n|-activate|p2b: Iron Bundle|ability: Quark Drive|[fromitem]\n|-start|p2b: Iron Bundle|quarkdrivespe\n|move|p1a: Roc|Bulk Up|p1a: Roc\n|-boost|p1a: Roc|atk|1\n|-boost|p1a: Roc|def|1\n|move|p2a: Iron Hands|Wild Charge|p1b: Beholder\n|-damage|p1b: Beholder|61\/100\n|-damage|p2a: Iron Hands|80\/100|[from] Recoil\n|\n|-weather|Snow|[upkeep]\n|upkeep\n|turn|3\n|inactive|McDubbieEnthusiast has 30 seconds left.\n|\n|t:|1683395910\n|move|p2b: Iron Bundle|Encore|p1a: Roc\n|-start|p1a: Roc|Encore\n|move|p1b: Beholder|Thunder Wave|p2b: Iron Bundle\n|-status|p2b: Iron Bundle|par\n|move|p1a: Roc|Bulk Up|p1a: Roc\n|-boost|p1a: Roc|atk|1\n|-boost|p1a: Roc|def|1\n|move|p2a: Iron Hands|Volt Switch|p1b: Beholder\n|-damage|p1b: Beholder|51\/100\n|\n|t:|1683395923\n|-end|p2a: Iron Hands|Quark Drive|[silent]\n|switch|p2a: Hawlucha|Hawlucha, L50, F|100\/100|[from] Volt Switch\n|\n|-weather|Snow|[upkeep]\n|upkeep\n|turn|4\n|\n|t:|1683395941\n|-terastallize|p2a: Hawlucha|Steel\n|move|p1b: Beholder|Dazzling Gleam|p2a: Hawlucha|[spread] p2a,p2b\n|-resisted|p2a: Hawlucha\n|-damage|p2a: Hawlucha|90\/100\n|-damage|p2b: Iron Bundle|75\/100 par\n|move|p2b: Iron Bundle|Blizzard|p1a: Roc|[spread] p1a,p1b\n|-damage|p1a: Roc|69\/100\n|-damage|p1b: Beholder|28\/100\n|move|p2a: Hawlucha|Iron Head|p1b: Beholder\n|-supereffective|p1b: Beholder\n|-damage|p1b: Beholder|0 fnt\n|faint|p1b: Beholder\n|-end|p1b: Beholder|Protosynthesis|[silent]\n|move|p1a: Roc|Bulk Up|p1a: Roc\n|-boost|p1a: Roc|atk|1\n|-boost|p1a: Roc|def|1\n|\n|-weather|Snow|[upkeep]\n|upkeep\n|\n|t:|1683395956\n|switch|p1b: Mimic|Gholdengo, L50|100\/100\n|turn|5\n|\n|t:|1683395971\n|switch|p2a: Iron Hands|Iron Hands, L50|80\/100\n|move|p1b: Mimic|Thunderbolt|p2b: Iron Bundle\n|-supereffective|p2b: Iron Bundle\n|-damage|p2b: Iron Bundle|0 fnt\n|faint|p2b: Iron Bundle\n|-end|p2b: Iron Bundle|Quark Drive|[silent]\n|move|p1a: Roc|Bulk Up|p1a: Roc\n|-boost|p1a: Roc|atk|1\n|-boost|p1a: Roc|def|1\n|\n|-weather|none\n|-end|p1a: Roc|Encore\n|upkeep\n|\n|t:|1683395986\n|switch|p2b: Abomasnow|Abomasnow, L50, F|100\/100\n|-weather|Snow|[from] ability: Snow Warning|[of] p2b: Abomasnow\n|turn|6\n|\n|t:|1683396005\n|switch|p1b: Tarrasque|Tyranitar, L50, M, shiny|100\/100\n|-weather|Sandstorm|[from] ability: Sand Stream|[of] p1b: Tarrasque\n|move|p2a: Iron Hands|Fake Out|p1a: Roc\n|-resisted|p1a: Roc\n|-damage|p1a: Roc|68\/100\n|cant|p1a: Roc|flinch\n|move|p2b: Abomasnow|Blizzard|p1b: Tarrasque|[spread] p1a\n|-miss|p2b: Abomasnow|p1b: Tarrasque\n|-damage|p1a: Roc|34\/100\n|\n|-weather|Sandstorm|[upkeep]\n|-damage|p2b: Abomasnow|94\/100|[from] Sandstorm\n|-damage|p2a: Iron Hands|74\/100|[from] Sandstorm\n|upkeep\n|turn|7\n|inactive|McDubbieEnthusiast has 30 seconds left.\n|j| IronCrusader\n|l| IronCrusader\n|j| IronCrusader\n|inactive|McDubbieEnthusiast has 20 seconds left.\n|inactive|McDubbieEnthusiast has 15 seconds left.\n|inactive|McDubbieEnthusiast has 10 seconds left.\n|\n|t:|1683396055\n|switch|p2b: Hawlucha|Hawlucha, L50, F, tera:Steel|90\/100\n|move|p1b: Tarrasque|Rock Slide|p2a: Iron Hands|[spread] p2a,p2b\n|-resisted|p2a: Iron Hands\n|-resisted|p2b: Hawlucha\n|-damage|p2a: Iron Hands|62\/100\n|-damage|p2b: Hawlucha|72\/100\n|move|p1a: Roc|Brave Bird|p2a: Iron Hands\n|-damage|p2a: Iron Hands|0 fnt\n|faint|p2a: Iron Hands\n|-end|p2a: Iron Hands|Quark Drive|[silent]\n|-damage|p1a: Roc|10\/100|[from] Recoil\n|\n|-weather|Sandstorm|[upkeep]\n|upkeep\n|\n|t:|1683396066\n|switch|p2a: Abomasnow|Abomasnow, L50, F|94\/100\n|-weather|Snow|[from] ability: Snow Warning|[of] p2a: Abomasnow\n|turn|8\n|inactive|shikico has 30 seconds left.\n|\n|t:|1683396094\n|switch|p1b: Mimic|Gholdengo, L50|100\/100\n|move|p2b: Hawlucha|Drain Punch|p1a: Roc\n|-damage|p1a: Roc|1\/100\n|-heal|p2b: Hawlucha|78\/100|[from] drain|[of] p1a: Roc\n|move|p1a: Roc|Roost|p1a: Roc\n|-heal|p1a: Roc|51\/100\n|-singleturn|p1a: Roc|move: Roost\n|move|p2a: Abomasnow|Giga Drain|p1b: Mimic\n|-resisted|p1b: Mimic\n|-damage|p1b: Mimic|82\/100\n|-heal|p2a: Abomasnow|100\/100|[from] drain|[of] p1b: Mimic\n|\n|-weather|Snow|[upkeep]\n|upkeep\n|turn|9\n|inactive|McDubbieEnthusiast has 30 seconds left.\n|inactive|McDubbieEnthusiast has 20 seconds left.\n|inactive|McDubbieEnthusiast has 15 seconds left.\n|inactive|McDubbieEnthusiast has 10 seconds left.\n|\n|t:|1683396139\n|move|p1b: Mimic|Hex|p2b: Hawlucha\n|-damage|p2b: Hawlucha|38\/100\n|move|p2b: Hawlucha|Drain Punch|p1a: Roc\n|-damage|p1a: Roc|43\/100\n|-heal|p2b: Hawlucha|42\/100|[from] drain|[of] p1a: Roc\n|move|p1a: Roc|Brave Bird|p2a: Abomasnow\n|-supereffective|p2a: Abomasnow\n|-enditem|p2a: Abomasnow|Focus Sash\n|-damage|p2a: Abomasnow|1\/100\n|-damage|p1a: Roc|12\/100|[from] Recoil\n|move|p2a: Abomasnow|Blizzard|p1b: Mimic|[spread] p1a,p1b\n|-resisted|p1b: Mimic\n|-damage|p1a: Roc|0 fnt\n|-damage|p1b: Mimic|63\/100\n|faint|p1a: Roc\n|\n|-weather|Snow|[upkeep]\n|upkeep\n|\n|t:|1683396155\n|switch|p1a: Tarrasque|Tyranitar, L50, M, shiny|100\/100\n|-weather|Sandstorm|[from] ability: Sand Stream|[of] p1a: Tarrasque\n|turn|10\n|inactive|shikico has 30 seconds left.\n|\n|t:|1683396186\n|move|p2b: Hawlucha|Detect|p2b: Hawlucha\n|-singleturn|p2b: Hawlucha|Protect\n|move|p1a: Tarrasque|Protect|p1a: Tarrasque\n|-singleturn|p1a: Tarrasque|Protect\n|move|p1b: Mimic|Hex|p2b: Hawlucha\n|-activate|p2b: Hawlucha|move: Protect\n|move|p2a: Abomasnow|Giga Drain|p1b: Mimic\n|-resisted|p1b: Mimic\n|-damage|p1b: Mimic|46\/100\n|-heal|p2a: Abomasnow|9\/100|[from] drain|[of] p1b: Mimic\n|\n|-weather|Sandstorm|[upkeep]\n|-damage|p2a: Abomasnow|3\/100|[from] Sandstorm\n|upkeep\n|turn|11\n|inactive|McDubbieEnthusiast has 30 seconds left.\n|\n|t:|1683396215\n|-terastallize|p1a: Tarrasque|Rock\n|move|p1b: Mimic|Hex|p2a: Abomasnow\n|-damage|p2a: Abomasnow|0 fnt\n|faint|p2a: Abomasnow\n|move|p2b: Hawlucha|Drain Punch|p1a: Tarrasque\n|-supereffective|p1a: Tarrasque\n|-damage|p1a: Tarrasque|49\/100\n|-heal|p2b: Hawlucha|68\/100|[from] drain|[of] p1a: Tarrasque\n|-enditem|p1a: Tarrasque|Weakness Policy\n|-boost|p1a: Tarrasque|atk|2|[from] item: Weakness Policy\n|-boost|p1a: Tarrasque|spa|2|[from] item: Weakness Policy\n|move|p1a: Tarrasque|Low Kick|p2b: Hawlucha\n|-supereffective|p2b: Hawlucha\n|-crit|p2b: Hawlucha\n|-damage|p2b: Hawlucha|0 fnt\n|faint|p2b: Hawlucha\n|\n|win|McDubbieEnthusiast\n|raw|McDubbieEnthusiast's rating: 1516 → 1539<\/strong> (+23 for winning)\n|raw|shikico's rating: 1575 → 1552<\/strong> (-23 for losing)\n","uploadtime":1683396223,"views":15,"p1id":"mcdubbieenthusiast","p2id":"shikico","formatid":"gen9vgc2023regulationc","rating":1539,"private":0,"password":""}