{"id":"gen9vgc2023regulationc-1853428934","p1":"haha u rage quit","p2":"heyimin","format":"[Gen 9] VGC 2023 Regulation C","log":"|j|\u2606haha u rage quit\n|j|\u2606heyimin\n|t:|1682684048\n|gametype|doubles\n|player|p1|haha u rage quit|pokemaniac|1267\n|player|p2|heyimin|170|1179\n|teamsize|p1|6\n|teamsize|p2|6\n|gen|9\n|tier|[Gen 9] VGC 2023 Regulation C\n|rated|\n|rule|Species Clause: Limit one of each Pok\u00e9mon\n|rule|Item Clause: Limit one of each item\n|clearpoke\n|poke|p1|Roaring Moon, L50|\n|poke|p1|Hippowdon, L50, M|\n|poke|p1|Tyranitar, L50, M|\n|poke|p1|Great Tusk, L50|\n|poke|p1|Garchomp, L50, M|\n|poke|p1|Lycanroc, L50, M|\n|poke|p2|Wo-Chien, L50|\n|poke|p2|Gyarados, L50, F|\n|poke|p2|Gholdengo, L50|\n|poke|p2|Glimmora, L50, M|\n|poke|p2|Flutter Mane, L50|\n|poke|p2|Amoonguss, L50, F|\n|teampreview|4\n|\n|t:|1682684091\n|start\n|switch|p1a: Roaring Moon|Roaring Moon, L50|100\/100\n|switch|p1b: Garchomp|Garchomp, L50, M|100\/100\n|switch|p2a: Gyarados|Gyarados, L50, F|100\/100\n|switch|p2b: Gholdengo|Gholdengo, L50|100\/100\n|-ability|p2a: Gyarados|Intimidate|boost\n|-unboost|p1a: Roaring Moon|atk|1\n|-unboost|p1b: Garchomp|atk|1\n|-enditem|p1a: Roaring Moon|Booster Energy\n|-activate|p1a: Roaring Moon|ability: Protosynthesis|[fromitem]\n|-start|p1a: Roaring Moon|protosynthesisspe\n|turn|1\n|inactive|Battle timer is ON: inactive players will automatically lose when time's up. (requested by haha u rage quit)\n|\n|t:|1682684156\n|-terastallize|p2b: Gholdengo|Steel\n|move|p1a: Roaring Moon|Rock Slide|p2a: Gyarados|[spread] p2a,p2b\n|-supereffective|p2a: Gyarados\n|-resisted|p2b: Gholdengo\n|-damage|p2a: Gyarados|72\/100\n|-damage|p2b: Gholdengo|94\/100\n|cant|p2b: Gholdengo|flinch\n|move|p1b: Garchomp|Rock Slide|p2b: Gholdengo|[spread] p2a,p2b\n|-supereffective|p2a: Gyarados\n|-resisted|p2b: Gholdengo\n|-damage|p2a: Gyarados|43\/100\n|-damage|p2b: Gholdengo|86\/100\n|-enditem|p2a: Gyarados|Sitrus Berry|[eat]\n|-heal|p2a: Gyarados|68\/100|[from] item: Sitrus Berry\n|move|p2a: Gyarados|Thunder Wave|p1a: Roaring Moon\n|-status|p1a: Roaring Moon|par\n|\n|upkeep\n|turn|2\n|inactive|heyimin has 30 seconds left.\n|inactive|heyimin has 20 seconds left.\n|inactive|heyimin has 15 seconds left.\n|\n|t:|1682684200\n|move|p2b: Gholdengo|Make It Rain|p1a: Roaring Moon|[spread] p1a,p1b\n|-damage|p1a: Roaring Moon|43\/100 par\n|-damage|p1b: Garchomp|38\/100\n|-unboost|p2b: Gholdengo|spa|1\n|move|p1a: Roaring Moon|Tailwind|p1a: Roaring Moon\n|-sidestart|p1: haha u rage quit|move: Tailwind\n|move|p1b: Garchomp|Stomping Tantrum|p2b: Gholdengo\n|-supereffective|p2b: Gholdengo\n|-damage|p2b: Gholdengo|18\/100\n|move|p2a: Gyarados|Waterfall|p1b: Garchomp\n|-damage|p1b: Garchomp|3\/100\n|\n|upkeep\n|turn|3\n|inactive|haha u rage quit has 30 seconds left.\n|inactive|heyimin has 30 seconds left.\n|inactive|haha u rage quit has 20 seconds left.\n|inactive|haha u rage quit has 15 seconds left.\n|inactive|haha u rage quit has 10 seconds left.\n|\n|t:|1682684246\n|switch|p2b: Amoonguss|Amoonguss, L50, F|100\/100\n|move|p1a: Roaring Moon|Acrobatics|p2b: Amoonguss\n|-supereffective|p2b: Amoonguss\n|-damage|p2b: Amoonguss|62\/100\n|-damage|p1a: Roaring Moon|27\/100 par|[from] item: Rocky Helmet|[of] p2b: Amoonguss\n|move|p1b: Garchomp|Rock Slide|p2a: Gyarados|[spread] p2a,p2b\n|-supereffective|p2a: Gyarados\n|-damage|p2a: Gyarados|39\/100\n|-damage|p2b: Amoonguss|51\/100\n|move|p2a: Gyarados|Waterfall|p1b: Garchomp\n|-damage|p1b: Garchomp|0 fnt\n|faint|p1b: Garchomp\n|\n|upkeep\n|inactive|haha u rage quit has 30 seconds left.\n|inactive|haha u rage quit has 20 seconds left.\n|inactive|haha u rage quit has 15 seconds left.\n|inactive|haha u rage quit has 10 seconds left.\n|\n|t:|1682684291\n|switch|p1b: Lycanroc|Lycanroc, L50, M|100\/100\n|turn|4\n|inactive|heyimin has 30 seconds left.\n|inactive|heyimin has 20 seconds left.\n|inactive|heyimin has 15 seconds left.\n|\n|t:|1682684334\n|move|p1b: Lycanroc|Close Combat|p2b: Amoonguss\n|-resisted|p2b: Amoonguss\n|-damage|p2b: Amoonguss|36\/100\n|-unboost|p1b: Lycanroc|def|1\n|-unboost|p1b: Lycanroc|spd|1\n|-damage|p1b: Lycanroc|84\/100|[from] item: Rocky Helmet|[of] p2b: Amoonguss\n|move|p1a: Roaring Moon|Acrobatics|p2b: Amoonguss\n|-supereffective|p2b: Amoonguss\n|-damage|p2b: Amoonguss|0 fnt\n|-damage|p1a: Roaring Moon|11\/100 par|[from] item: Rocky Helmet|[of] p2b: Amoonguss\n|faint|p2b: Amoonguss\n|move|p2a: Gyarados|Waterfall|p1a: Roaring Moon\n|-resisted|p1a: Roaring Moon\n|-damage|p1a: Roaring Moon|0 fnt\n|faint|p1a: Roaring Moon\n|-end|p1a: Roaring Moon|Protosynthesis|[silent]\n|\n|upkeep\n|\n|t:|1682684354\n|switch|p1a: Tyranitar|Tyranitar, L50, M|100\/100\n|switch|p2b: Wo-Chien|Wo-Chien, L50|100\/100\n|-weather|Sandstorm|[from] ability: Sand Stream|[of] p1a: Tyranitar\n|-ability|p2b: Wo-Chien|Tablets of Ruin\n|turn|5\n|inactive|haha u rage quit has 30 seconds left.\n|inactive|heyimin has 30 seconds left.\n|inactive|haha u rage quit has 20 seconds left.\n|\n|t:|1682684393\n|move|p1b: Lycanroc|Endure|p1b: Lycanroc\n|-singleturn|p1b: Lycanroc|move: Endure\n|move|p2b: Wo-Chien|Protect|p2b: Wo-Chien\n|-singleturn|p2b: Wo-Chien|Protect\n|move|p1a: Tyranitar|Rock Slide|p2a: Gyarados|[spread] p2a\n|-activate|p2b: Wo-Chien|move: Protect\n|-supereffective|p2a: Gyarados\n|-damage|p2a: Gyarados|0 fnt\n|faint|p2a: Gyarados\n|\n|-weather|Sandstorm|[upkeep]\n|-damage|p2b: Wo-Chien|94\/100|[from] Sandstorm\n|-heal|p2b: Wo-Chien|100\/100|[from] item: Leftovers\n|-sideend|p1: haha u rage quit|move: Tailwind\n|upkeep\n|\n|t:|1682684409\n|switch|p2a: Gholdengo|Gholdengo, L50, tera:Steel|18\/100\n|turn|6\n|\n|t:|1682684428\n|move|p1b: Lycanroc|Close Combat|p2a: Gholdengo\n|-supereffective|p2a: Gholdengo\n|-damage|p2a: Gholdengo|0 fnt\n|-unboost|p1b: Lycanroc|def|1\n|-unboost|p1b: Lycanroc|spd|1\n|faint|p2a: Gholdengo\n|move|p2b: Wo-Chien|Leech Seed|p1a: Tyranitar\n|-start|p1a: Tyranitar|move: Leech Seed\n|move|p1a: Tyranitar|Avalanche|p2b: Wo-Chien\n|-supereffective|p2b: Wo-Chien\n|-damage|p2b: Wo-Chien|74\/100\n|\n|-weather|Sandstorm|[upkeep]\n|-damage|p2b: Wo-Chien|68\/100|[from] Sandstorm\n|-heal|p2b: Wo-Chien|74\/100|[from] item: Leftovers\n|-damage|p1a: Tyranitar|88\/100|[from] Leech Seed|[of] p2b: Wo-Chien\n|-heal|p2b: Wo-Chien|86\/100|[silent]\n|upkeep\n|turn|7\n|\n|t:|1682684451\n|move|p1b: Lycanroc|Close Combat|p2b: Wo-Chien\n|-supereffective|p2b: Wo-Chien\n|-damage|p2b: Wo-Chien|37\/100\n|-unboost|p1b: Lycanroc|def|1\n|-unboost|p1b: Lycanroc|spd|1\n|move|p1a: Tyranitar|Rock Slide|p2b: Wo-Chien\n|-damage|p2b: Wo-Chien|12\/100\n|move|p2b: Wo-Chien|Foul Play|p1b: Lycanroc\n|-damage|p1b: Lycanroc|0 fnt\n|faint|p1b: Lycanroc\n|\n|-weather|Sandstorm|[upkeep]\n|-damage|p2b: Wo-Chien|6\/100|[from] Sandstorm\n|-heal|p2b: Wo-Chien|12\/100|[from] item: Leftovers\n|-damage|p1a: Tyranitar|76\/100|[from] Leech Seed|[of] p2b: Wo-Chien\n|-heal|p2b: Wo-Chien|24\/100|[silent]\n|upkeep\n|turn|8\n|\n|t:|1682684472\n|move|p2b: Wo-Chien|Protect|p2b: Wo-Chien\n|-singleturn|p2b: Wo-Chien|Protect\n|move|p1a: Tyranitar|Avalanche|p2b: Wo-Chien\n|-activate|p2b: Wo-Chien|move: Protect\n|\n|-weather|Sandstorm|[upkeep]\n|-damage|p2b: Wo-Chien|18\/100|[from] Sandstorm\n|-heal|p2b: Wo-Chien|24\/100|[from] item: Leftovers\n|-damage|p1a: Tyranitar|63\/100|[from] Leech Seed|[of] p2b: Wo-Chien\n|-heal|p2b: Wo-Chien|36\/100|[silent]\n|upkeep\n|turn|9\n|inactive|heyimin has 30 seconds left.\n|\n|t:|1682684497\n|move|p2b: Wo-Chien|Foul Play|p1a: Tyranitar\n|-resisted|p1a: Tyranitar\n|-damage|p1a: Tyranitar|37\/100\n|move|p1a: Tyranitar|Avalanche|p2b: Wo-Chien\n|-supereffective|p2b: Wo-Chien\n|-damage|p2b: Wo-Chien|0 fnt\n|faint|p2b: Wo-Chien\n|\n|win|haha u rage quit\n|raw|haha u rage quit's rating: 1267 → 1286<\/strong> (+19 for winning)\n|raw|heyimin's rating: 1179 → 1160<\/strong> (-19 for losing)\n|l|\u2606heyimin\n","uploadtime":1682684520,"views":12,"p1id":"hahauragequit","p2id":"heyimin","formatid":"gen9vgc2023regulationc","rating":1160,"private":0,"password":""}