{"id":"gen9vgc2023regulationc-1863465846","p1":"JoyBoy869","p2":"pxzr","format":"[Gen 9] VGC 2023 Regulation C","log":"|j|\u2606JoyBoy869\n|j|\u2606pxzr\n|t:|1684020999\n|gametype|doubles\n|player|p1|JoyBoy869|bugcatcher-gen4dp|1239\n|player|p2|pxzr|hugh|1339\n|teamsize|p1|6\n|teamsize|p2|6\n|gen|9\n|tier|[Gen 9] VGC 2023 Regulation C\n|rated|\n|rule|Species Clause: Limit one of each Pok\u00e9mon\n|rule|Item Clause: Limit one of each item\n|clearpoke\n|poke|p1|Annihilape, L50, M|\n|poke|p1|Tyranitar, L50, F|\n|poke|p1|Indeedee-F, L50, F|\n|poke|p1|Hatterene, L50, F|\n|poke|p1|Brute Bonnet, L50|\n|poke|p1|Torkoal, L50, F|\n|poke|p2|Dondozo, L50, M|\n|poke|p2|Tatsugiri, L50, M|\n|poke|p2|Iron Hands, L50|\n|poke|p2|Amoonguss, L50, F|\n|poke|p2|Flutter Mane, L50|\n|poke|p2|Chi-Yu, L50|\n|teampreview|4\nJoyBoy869 rejected open team sheets.\n|inactive|Battle timer is ON: inactive players will automatically lose when time's up. (requested by pxzr)\n|\n|t:|1684021060\n|start\n|switch|p1a: Indeedee|Indeedee-F, L50, F|100\/100\n|switch|p1b: Hatterene|Hatterene, L50, F|100\/100\n|switch|p2a: Chi-Yu|Chi-Yu, L50|100\/100\n|switch|p2b: Amoonguss|Amoonguss, L50, F|100\/100\n|-ability|p2a: Chi-Yu|Beads of Ruin\n|-fieldstart|move: Psychic Terrain|[from] ability: Psychic Surge|[of] p1a: Indeedee\n|-enditem|p1a: Indeedee|Psychic Seed\n|-boost|p1a: Indeedee|spd|1|[from] item: Psychic Seed\n|turn|1\n|inactive|JoyBoy869 has 30 seconds left.\n|inactive|JoyBoy869 has 20 seconds left.\n|inactive|pxzr has 30 seconds left.\n|inactive|JoyBoy869 has 15 seconds left.\n|\n|t:|1684021101\n|move|p2a: Chi-Yu|Heat Wave|p1b: Hatterene|[spread] p1a,p1b\n|-damage|p1a: Indeedee|52\/100\n|-damage|p1b: Hatterene|19\/100\n|move|p1a: Indeedee|Psychic|p2b: Amoonguss\n|-supereffective|p2b: Amoonguss\n|-damage|p2b: Amoonguss|13\/100\n|-enditem|p2b: Amoonguss|Sitrus Berry|[eat]\n|-heal|p2b: Amoonguss|38\/100|[from] item: Sitrus Berry\n|move|p2b: Amoonguss|Pollen Puff|p1a: Indeedee\n|-supereffective|p1a: Indeedee\n|-damage|p1a: Indeedee|20\/100\n|move|p1b: Hatterene|Trick Room|p1b: Hatterene\n|-fieldstart|move: Trick Room|[of] p1b: Hatterene\n|\n|upkeep\n|turn|2\n|inactive|JoyBoy869 has 30 seconds left.\n|inactive|pxzr has 30 seconds left.\n|\n|t:|1684021135\n|move|p1a: Indeedee|Helping Hand|p1b: Hatterene\n|-singleturn|p1b: Hatterene|Helping Hand|[of] p1a: Indeedee\n|move|p2b: Amoonguss|Protect|p2b: Amoonguss\n|-singleturn|p2b: Amoonguss|Protect\n|move|p1b: Hatterene|Dazzling Gleam|p2a: Chi-Yu|[spread] p2a\n|-activate|p2b: Amoonguss|move: Protect\n|-damage|p2a: Chi-Yu|24\/100\n|-damage|p1b: Hatterene|10\/100|[from] item: Life Orb\n|move|p2a: Chi-Yu|Heat Wave|p1b: Hatterene|[spread] p1a,p1b\n|-damage|p1a: Indeedee|0 fnt\n|-damage|p1b: Hatterene|0 fnt\n|faint|p1a: Indeedee\n|faint|p1b: Hatterene\n|\n|upkeep\n|\n|t:|1684021148\n|switch|p1b: Torkoal|Torkoal, L50, F|100\/100\n|switch|p1a: Brute Bonnet|Brute Bonnet, L50|100\/100\n|-weather|SunnyDay|[from] ability: Drought|[of] p1b: Torkoal\n|-activate|p1a: Brute Bonnet|ability: Protosynthesis\n|-start|p1a: Brute Bonnet|protosynthesisatk\n|turn|3\n|inactive|JoyBoy869 has 30 seconds left.\n|inactive|pxzr has 30 seconds left.\n|inactive|JoyBoy869 has 20 seconds left.\n|inactive|pxzr has 20 seconds left.\n|inactive|JoyBoy869 has 15 seconds left.\n|inactive|pxzr has 15 seconds left.\n|inactive|JoyBoy869 has 10 seconds left.\n|inactive|pxzr has 10 seconds left.\n|inactive|pxzr has 5 seconds left.\n|\n|t:|1684021200\n|switch|p2b: Tatsugiri|Tatsugiri, L50, M|100\/100\n|-terastallize|p1a: Brute Bonnet|Ground\n|move|p1b: Torkoal|Eruption|p2b: Tatsugiri|[spread] p2a,p2b\n|-resisted|p2a: Chi-Yu\n|-resisted|p2b: Tatsugiri\n|-damage|p2a: Chi-Yu|0 fnt\n|-damage|p2b: Tatsugiri|75\/100\n|faint|p2a: Chi-Yu\n|move|p1a: Brute Bonnet|Bullet Seed|p2b: Tatsugiri\n|-damage|p2b: Tatsugiri|45\/100\n|-damage|p2b: Tatsugiri|17\/100\n|-damage|p2b: Tatsugiri|0 fnt\n|faint|p2b: Tatsugiri\n|-hitcount|p2: Tatsugiri|3\n|\n|-weather|SunnyDay|[upkeep]\n|upkeep\n|\n|t:|1684021212\n|switch|p2b: Amoonguss|Amoonguss, L50, F|71\/100\n|switch|p2a: Dondozo|Dondozo, L50, M|100\/100\n|turn|4\n|\n|t:|1684021227\n|move|p2b: Amoonguss|Protect|p2b: Amoonguss\n|-singleturn|p2b: Amoonguss|Protect\n|move|p2a: Dondozo|Protect|p2a: Dondozo\n|-singleturn|p2a: Dondozo|Protect\n|move|p1b: Torkoal|Eruption|p2a: Dondozo|[spread] \n|-activate|p2a: Dondozo|move: Protect\n|-activate|p2b: Amoonguss|move: Protect\n|move|p1a: Brute Bonnet|Bullet Seed|p2a: Dondozo\n|-activate|p2a: Dondozo|move: Protect\n|\n|-weather|SunnyDay|[upkeep]\n|upkeep\n|turn|5\n|inactive|pxzr has 30 seconds left.\n|inactive|pxzr has 20 seconds left.\n|inactive|pxzr has 15 seconds left.\n|inactive|pxzr has 10 seconds left.\n|inactive|pxzr has 5 seconds left.\n|\n|t:|1684021282\n|move|p2b: Amoonguss|Rage Powder|p2b: Amoonguss\n|-singleturn|p2b: Amoonguss|move: Rage Powder\n|move|p1b: Torkoal|Eruption|p2b: Amoonguss|[spread] p2a,p2b\n|-resisted|p2a: Dondozo\n|-supereffective|p2b: Amoonguss\n|-crit|p2b: Amoonguss\n|-damage|p2a: Dondozo|74\/100\n|-damage|p2b: Amoonguss|0 fnt\n|faint|p2b: Amoonguss\n|move|p1a: Brute Bonnet|Bullet Seed|p2a: Dondozo\n|-supereffective|p2a: Dondozo\n|-damage|p2a: Dondozo|52\/100\n|-supereffective|p2a: Dondozo\n|-crit|p2a: Dondozo\n|-damage|p2a: Dondozo|23\/100\n|-supereffective|p2a: Dondozo\n|-damage|p2a: Dondozo|1\/100\n|-supereffective|p2a: Dondozo\n|-damage|p2a: Dondozo|0 fnt\n|faint|p2a: Dondozo\n|-hitcount|p2: Dondozo|4\n|\n|win|JoyBoy869\n|raw|JoyBoy869's rating: 1239 → 1271<\/strong> (+32 for winning)\n|raw|pxzr's rating: 1339 → 1313<\/strong> (-26 for losing)\n|l|\u2606pxzr\n","uploadtime":1684021298,"views":9,"p1id":"joyboy869","p2id":"pxzr","formatid":"gen9vgc2023regulationc","rating":1271,"private":0,"password":""}