{"id":"gen9vgc2023regulationc-1856596544","p1":"my form empties","p2":"pedronelolmos","format":"[Gen 9] VGC 2023 Regulation C","log":"|j|\u2606my form empties\n|j|\u2606pedronelolmos\n|t:|1683080334\n|gametype|doubles\n|player|p1|my form empties|unknownf|1332\n|player|p2|pedronelolmos|gentleman-gen4|1330\n|teamsize|p1|6\n|teamsize|p2|6\n|gen|9\n|tier|[Gen 9] VGC 2023 Regulation C\n|rated|\n|rule|Species Clause: Limit one of each Pok\u00e9mon\n|rule|Item Clause: Limit one of each item\n|clearpoke\n|poke|p1|Roaring Moon, L50|\n|poke|p1|Corviknight, L50, M|\n|poke|p1|Garchomp, L50, F|\n|poke|p1|Flutter Mane, L50|\n|poke|p1|Chi-Yu, L50|\n|poke|p1|Gyarados, L50, F|\n|poke|p2|Corviknight, L50, M|\n|poke|p2|Golduck, L50, M|\n|poke|p2|Ting-Lu, L50|\n|poke|p2|Tauros-Paldea-Blaze, L50, M|\n|poke|p2|Dedenne, L50, F|\n|poke|p2|Haxorus, L50, F|\n|teampreview|4\nmy form empties has agreed to open team sheets.\n|\n|t:|1683080370\n|start\n|switch|p1a: MINT JAMS|Flutter Mane, L50|100\/100\n|switch|p1b: Chi-Yu|Chi-Yu, L50|100\/100\n|switch|p2a: Golduck|Golduck, L50, M|100\/100\n|switch|p2b: Dedenne|Dedenne, L50, F|100\/100\n|-ability|p1b: Chi-Yu|Beads of Ruin\n|-ability|p2a: Golduck|Cloud Nine\n|turn|1\n|\n|t:|1683080404\n|move|p2b: Dedenne|Protect|p2b: Dedenne\n|-singleturn|p2b: Dedenne|Protect\n|move|p1b: Chi-Yu|Heat Wave|p2a: Golduck|[spread] p2a\n|-activate|p2b: Dedenne|move: Protect\n|-resisted|p2a: Golduck\n|-damage|p2a: Golduck|80\/100\n|-status|p2a: Golduck|brn\n|move|p1a: MINT JAMS|Dazzling Gleam|p2b: Dedenne|[spread] p2a\n|-activate|p2b: Dedenne|move: Protect\n|-damage|p2a: Golduck|34\/100 brn\n|move|p2a: Golduck|Icy Wind|p1a: MINT JAMS|[spread] p1a,p1b\n|-resisted|p1b: Chi-Yu\n|-damage|p1a: MINT JAMS|89\/100\n|-damage|p1b: Chi-Yu|95\/100\n|-unboost|p1a: MINT JAMS|spe|1\n|-unboost|p1b: Chi-Yu|spe|1\n|\n|-damage|p2a: Golduck|28\/100 brn|[from] brn\n|upkeep\n|turn|2\n|\n|t:|1683080448\n|switch|p1b: Garchomp|Garchomp, L50, F|100\/100\n|-end|p1a: MINT JAMS|Protosynthesis|[silent]\n|switch|p1a: Gyarados|Gyarados, L50, F|100\/100\n|-ability|p1a: Gyarados|Intimidate|boost\n|-unboost|p2a: Golduck|atk|1\n|-unboost|p2b: Dedenne|atk|1\n|move|p2b: Dedenne|Volt Switch|p1a: Gyarados\n|-supereffective|p1a: Gyarados\n|-damage|p1a: Gyarados|0 fnt\n|faint|p1a: Gyarados\n|\n|t:|1683080460\n|switch|p2b: Ting-Lu|Ting-Lu, L50|100\/100|[from] Volt Switch\n|-ability|p2b: Ting-Lu|Vessel of Ruin\n|move|p2a: Golduck|Chilling Water|p1b: Garchomp\n|-damage|p1b: Garchomp|84\/100\n|\n|-damage|p2a: Golduck|22\/100 brn|[from] brn\n|upkeep\n|\n|t:|1683080466\n|switch|p1a: MINT JAMS|Flutter Mane, L50|89\/100\n|turn|3\n|\n|t:|1683080480\n|switch|p1b: Chi-Yu|Chi-Yu, L50|95\/100\n|-ability|p1b: Chi-Yu|Beads of Ruin\n|-terastallize|p1a: MINT JAMS|Fairy\n|move|p1a: MINT JAMS|Moonblast|p2b: Ting-Lu\n|-supereffective|p2b: Ting-Lu\n|-damage|p2b: Ting-Lu|0 fnt\n|faint|p2b: Ting-Lu\n|move|p2a: Golduck|Icy Wind|p1b: Chi-Yu|[spread] p1a,p1b\n|-resisted|p1b: Chi-Yu\n|-damage|p1a: MINT JAMS|76\/100\n|-damage|p1b: Chi-Yu|88\/100\n|-unboost|p1a: MINT JAMS|spe|1\n|-unboost|p1b: Chi-Yu|spe|1\n|\n|-damage|p2a: Golduck|16\/100 brn|[from] brn\n|upkeep\n|\n|t:|1683080505\n|switch|p2b: Corviknight|Corviknight, L50, M|100\/100\n|turn|4\n|\n|t:|1683080549\n|-terastallize|p2b: Corviknight|Dragon\n|move|p1b: Chi-Yu|Overheat|p2b: Corviknight\n|-resisted|p2b: Corviknight\n|-damage|p2b: Corviknight|59\/100\n|-unboost|p1b: Chi-Yu|spa|2\n|move|p1a: MINT JAMS|Moonblast|p2a: Golduck\n|-damage|p2a: Golduck|0 fnt\n|faint|p2a: Golduck\n|move|p2b: Corviknight|Iron Head|p1a: MINT JAMS\n|-supereffective|p1a: MINT JAMS\n|-damage|p1a: MINT JAMS|0 fnt\n|faint|p1a: MINT JAMS\n|-end|p1a: MINT JAMS|Protosynthesis|[silent]\n|\n|upkeep\n|\n|t:|1683080562\n|switch|p1a: Garchomp|Garchomp, L50, F|84\/100\n|switch|p2a: Dedenne|Dedenne, L50, F|100\/100\n|turn|5\n|\n|t:|1683080576\n|move|p1a: Garchomp|Earthquake|p2a: Dedenne|[spread] p1b,p2a,p2b\n|-supereffective|p1b: Chi-Yu\n|-supereffective|p2a: Dedenne\n|-damage|p1b: Chi-Yu|0 fnt\n|-enditem|p2a: Dedenne|Focus Sash\n|-damage|p2a: Dedenne|1\/100\n|-damage|p2b: Corviknight|25\/100\n|faint|p1b: Chi-Yu\n|move|p2a: Dedenne|Dazzling Gleam|p1a: Garchomp\n|-supereffective|p1a: Garchomp\n|-damage|p1a: Garchomp|10\/100\n|move|p2b: Corviknight|Bulk Up|p2b: Corviknight\n|-boost|p2b: Corviknight|atk|1\n|-boost|p2b: Corviknight|def|1\n|\n|upkeep\n|turn|6\n|\n|t:|1683080600\n|move|p1a: Garchomp|Earthquake|p2b: Corviknight|[spread] p2a,p2b\n|-supereffective|p2a: Dedenne\n|-damage|p2a: Dedenne|0 fnt\n|-damage|p2b: Corviknight|4\/100\n|faint|p2a: Dedenne\n|move|p2b: Corviknight|Brave Bird|p1a: Garchomp\n|-damage|p1a: Garchomp|0 fnt\n|faint|p1a: Garchomp\n|-damage|p2b: Corviknight|1\/100|[from] Recoil\n|\n|win|pedronelolmos\n|raw|my form empties's rating: 1332 → 1312<\/strong> (-20 for losing)\n|raw|pedronelolmos's rating: 1330 → 1350<\/strong> (+20 for winning)\n","uploadtime":1683080605,"views":11,"p1id":"myformempties","p2id":"pedronelolmos","formatid":"gen9vgc2023regulationc","rating":1312,"private":0,"password":""}