{"id":"gen9vgc2023regulationc-1845574171","p1":"BibliothequeVGC","p2":"LeafeonLou12","format":"[Gen 9] VGC 2023 Regulation C","log":"|j|\u2606BibliothequeVGC\n|j|\u2606LeafeonLou12\n|t:|1681746222\n|gametype|doubles\n|player|p1|BibliothequeVGC|riley|1170\n|player|p2|LeafeonLou12|266|1184\n|teamsize|p1|6\n|teamsize|p2|6\n|gen|9\n|tier|[Gen 9] VGC 2023 Regulation C\n|rated|\n|rule|Species Clause: Limit one of each Pok\u00e9mon\n|rule|Item Clause: Limit one of each item\n|clearpoke\n|poke|p1|Ting-Lu, L50|\n|poke|p1|Corviknight, L50, F|\n|poke|p1|Palafin, L50, M|\n|poke|p1|Baxcalibur, L50, M|\n|poke|p1|Grimmsnarl, L50, M|\n|poke|p1|Skeledirge, L50, F|\n|poke|p2|Rotom-Fan, L50|\n|poke|p2|Torkoal, L50, M|\n|poke|p2|Indeedee, L50, M|\n|poke|p2|Drifblim, L50, F|\n|poke|p2|Chi-Yu, L50|\n|poke|p2|Great Tusk, L50|\n|teampreview|4\n|inactive|Battle timer is ON: inactive players will automatically lose when time's up. (requested by LeafeonLou12)\nLeafeonLou12 has agreed to open team sheets.\n|\n|t:|1681746281\n|start\n|switch|p1a: Grimmsnarl|Grimmsnarl, L50, M|100\/100\n|switch|p1b: Palafin|Palafin, L50, M|100\/100\n|switch|p2a: Rotom|Rotom-Fan, L50|100\/100\n|switch|p2b: Chi-Yu|Chi-Yu, L50|100\/100\n|-ability|p2b: Chi-Yu|Beads of Ruin\n|turn|1\n|\n|t:|1681746300\n|move|p1b: Palafin|Protect|p1b: Palafin\n|-singleturn|p1b: Palafin|Protect\n|move|p2b: Chi-Yu|Protect|p2b: Chi-Yu\n|-singleturn|p2b: Chi-Yu|Protect\n|move|p1a: Grimmsnarl|Light Screen|p1a: Grimmsnarl\n|-sidestart|p1: BibliothequeVGC|move: Light Screen\n|move|p2a: Rotom|Discharge|p1a: Grimmsnarl|[spread] p1a\n|-activate|p2b: Chi-Yu|move: Protect\n|-activate|p1b: Palafin|move: Protect\n|-damage|p1a: Grimmsnarl|81\/100\n|\n|upkeep\n|turn|2\n|inactive|BibliothequeVGC has 30 seconds left.\n|inactive|BibliothequeVGC has 20 seconds left.\n|\n|t:|1681746335\n|move|p1b: Palafin|Flip Turn|p2b: Chi-Yu\n|-supereffective|p2b: Chi-Yu\n|-damage|p2b: Chi-Yu|16\/100\n|\n|t:|1681746339\n|detailschange|p1b: Palafin|Palafin-Hero, L50, M\n|switch|p1b: Ting-Lu|Ting-Lu, L50|100\/100|[from] Flip Turn\n|-ability|p1b: Ting-Lu|Vessel of Ruin\n|move|p2b: Chi-Yu|Heat Wave|p1a: Grimmsnarl|[spread] p1a,p1b\n|-damage|p1a: Grimmsnarl|60\/100\n|-damage|p1b: Ting-Lu|91\/100\n|move|p2a: Rotom|Volt Switch|p1a: Grimmsnarl\n|-damage|p1a: Grimmsnarl|41\/100\n|\n|t:|1681746349\n|switch|p2a: Great Tusk|Great Tusk, L50|100\/100|[from] Volt Switch\n|move|p1a: Grimmsnarl|Spirit Break|p2a: Great Tusk\n|-supereffective|p2a: Great Tusk\n|-damage|p2a: Great Tusk|60\/100\n|-unboost|p2a: Great Tusk|spa|1\n|\n|upkeep\n|turn|3\n|\n|t:|1681746374\n|switch|p2b: Indeedee|Indeedee, L50, M|100\/100\n|-fieldstart|move: Psychic Terrain|[from] ability: Psychic Surge|[of] p2b: Indeedee\n|-terastallize|p2a: Great Tusk|Ground\n|-terastallize|p1b: Ting-Lu|Water\n|move|p1a: Grimmsnarl|Reflect|p1a: Grimmsnarl\n|-sidestart|p1: BibliothequeVGC|Reflect\n|move|p2a: Great Tusk|Brick Break|p1a: Grimmsnarl\n|-sideend|p1: BibliothequeVGC|Reflect\n|-sideend|p1: BibliothequeVGC|move: Light Screen\n|-damage|p1a: Grimmsnarl|0 fnt\n|faint|p1a: Grimmsnarl\n|move|p1b: Ting-Lu|Stomping Tantrum|p2b: Indeedee\n|-damage|p2b: Indeedee|45\/100\n|\n|upkeep\n|\n|t:|1681746391\n|switch|p1a: Palafin|Palafin-Hero, L50, M|100\/100\n|-activate|p1a: Palafin|ability: Zero to Hero\n|turn|4\n|\n|t:|1681746399\n|switch|p2b: Rotom|Rotom-Fan, L50|100\/100\n|move|p1a: Palafin|Flip Turn|p2a: Great Tusk\n|-supereffective|p2a: Great Tusk\n|-damage|p2a: Great Tusk|5\/100\n|\n|t:|1681746406\n|switch|p1a: Corviknight|Corviknight, L50, F|100\/100|[from] Flip Turn\n|move|p2a: Great Tusk|Earthquake|p1a: Corviknight|[spread] p1b\n|-immune|p2b: Rotom\n|-immune|p1a: Corviknight\n|-damage|p1b: Ting-Lu|60\/100\n|move|p1b: Ting-Lu|Stomping Tantrum|p2b: Rotom\n|-immune|p2b: Rotom\n|\n|upkeep\n|turn|5\n|\n|t:|1681746429\n|move|p2b: Rotom|Discharge|p1a: Corviknight|[spread] p1a,p1b\n|-immune|p2a: Great Tusk\n|-supereffective|p1a: Corviknight\n|-supereffective|p1b: Ting-Lu\n|-damage|p1a: Corviknight|56\/100\n|-damage|p1b: Ting-Lu|44\/100\n|move|p2a: Great Tusk|Earthquake|p1a: Corviknight|[spread] p1b\n|-immune|p2b: Rotom\n|-immune|p1a: Corviknight\n|-damage|p1b: Ting-Lu|12\/100\n|move|p1a: Corviknight|Brave Bird|p2b: Rotom\n|-resisted|p2b: Rotom\n|-crit|p2b: Rotom\n|-damage|p2b: Rotom|72\/100\n|-damage|p1a: Corviknight|49\/100|[from] Recoil\n|-enditem|p1a: Corviknight|Sitrus Berry|[eat]\n|-heal|p1a: Corviknight|74\/100|[from] item: Sitrus Berry\n|move|p1b: Ting-Lu|Throat Chop|p2b: Rotom\n|-damage|p2b: Rotom|37\/100\n|-start|p2b: Rotom|Throat Chop|[silent]\n|-enditem|p2b: Rotom|Sitrus Berry|[eat]\n|-heal|p2b: Rotom|62\/100|[from] item: Sitrus Berry\n|\n|upkeep\n|turn|6\n|inactive|BibliothequeVGC has 30 seconds left.\n|inactive|BibliothequeVGC has 20 seconds left.\n|\n|t:|1681746468\n|move|p2b: Rotom|Protect|p2b: Rotom\n|-singleturn|p2b: Rotom|Protect\n|move|p2a: Great Tusk|Brick Break|p1a: Corviknight\n|-damage|p1a: Corviknight|46\/100\n|move|p1a: Corviknight|Body Press|p2a: Great Tusk\n|-damage|p2a: Great Tusk|0 fnt\n|faint|p2a: Great Tusk\n|-end|p2a: Great Tusk|Protosynthesis|[silent]\n|move|p1b: Ting-Lu|Throat Chop|p2b: Rotom\n|-activate|p2b: Rotom|move: Protect\n|\n|-end|p2b: Rotom|Throat Chop|[silent]\n|upkeep\n|\n|t:|1681746471\n|switch|p2a: Chi-Yu|Chi-Yu, L50|16\/100\n|-ability|p2a: Chi-Yu|Beads of Ruin\n|turn|7\n|inactive|BibliothequeVGC has 30 seconds left.\n|inactive|BibliothequeVGC has 20 seconds left.\n|inactive|BibliothequeVGC has 15 seconds left.\n|\n|t:|1681746512\n|move|p2a: Chi-Yu|Heat Wave|p1b: Ting-Lu|[spread] p1a,p1b\n|-supereffective|p1a: Corviknight\n|-resisted|p1b: Ting-Lu\n|-damage|p1a: Corviknight|0 fnt\n|-damage|p1b: Ting-Lu|4\/100\n|faint|p1a: Corviknight\n|move|p2b: Rotom|Discharge|p1b: Ting-Lu|[spread] p2a,p1b\n|-supereffective|p1b: Ting-Lu\n|-crit|p1b: Ting-Lu\n|-damage|p2a: Chi-Yu|0 fnt\n|-damage|p1b: Ting-Lu|0 fnt\n|faint|p2a: Chi-Yu\n|faint|p1b: Ting-Lu\n|\n|-fieldend|move: Psychic Terrain\n|upkeep\n|\n|t:|1681746520\n|switch|p2a: Indeedee|Indeedee, L50, M|45\/100\n|switch|p1a: Palafin|Palafin-Hero, L50, M|100\/100\n|-fieldstart|move: Psychic Terrain|[from] ability: Psychic Surge|[of] p2a: Indeedee\n|turn|8\n|\n|t:|1681746535\n|move|p2a: Indeedee|Psychic|p1a: Palafin\n|-damage|p1a: Palafin|35\/100\n|-unboost|p1a: Palafin|spd|1\n|move|p1a: Palafin|Flip Turn|p2a: Indeedee\n|-damage|p2a: Indeedee|0 fnt\n|faint|p2a: Indeedee\n|move|p2b: Rotom|Volt Switch|p1a: Palafin\n|-supereffective|p1a: Palafin\n|-damage|p1a: Palafin|0 fnt\n|faint|p1a: Palafin\n|\n|win|LeafeonLou12\n|raw|BibliothequeVGC's rating: 1170 → 1146<\/strong> (-24 for losing)\n|raw|LeafeonLou12's rating: 1184 → 1208<\/strong> (+24 for winning)\n|l|\u2606BibliothequeVGC\n","uploadtime":1681746551,"views":14,"p1id":"bibliothequevgc","p2id":"leafeonlou12","formatid":"gen9vgc2023regulationc","rating":1146,"private":0,"password":""}