{"id":"gen9vgc2023regulationc-1851702562","p1":"Dick Vanderclief","p2":"Aspired103","format":"[Gen 9] VGC 2023 Regulation C","log":"|j|\u2606Dick Vanderclief\n|j|\u2606Aspired103\n|t:|1682471870\n|gametype|doubles\n|player|p1|Dick Vanderclief|red-masters|1221\n|player|p2|Aspired103|rosa|1251\n|teamsize|p1|6\n|teamsize|p2|6\n|gen|9\n|tier|[Gen 9] VGC 2023 Regulation C\n|rated|\n|rule|Species Clause: Limit one of each Pok\u00e9mon\n|rule|Item Clause: Limit one of each item\n|clearpoke\n|poke|p1|Palafin, L50, F|\n|poke|p1|Amoonguss, L50, F|\n|poke|p1|Dragonite, L50, M|\n|poke|p1|Chien-Pao, L50|\n|poke|p1|Chi-Yu, L50|\n|poke|p1|Iron Bundle, L50|\n|poke|p2|Lycanroc-Midnight, L50, F|\n|poke|p2|Medicham, L50, M|\n|poke|p2|Dondozo, L50, M|\n|poke|p2|Tatsugiri-Stretchy, L50, F|\n|poke|p2|Mimikyu, L50, F|\n|poke|p2|Ting-Lu, L50|\n|teampreview|4\n|inactive|Battle timer is ON: inactive players will automatically lose when time's up. (requested by Aspired103)\n|\n|t:|1682471896\n|start\n|switch|p1a: Iron Bundle|Iron Bundle, L50|100\/100\n|switch|p1b: Chi-Yu|Chi-Yu, L50|100\/100\n|switch|p2a: Lycanroc|Lycanroc-Midnight, L50, F|100\/100\n|switch|p2b: Medicham|Medicham, L50, M|100\/100\n|-ability|p1b: Chi-Yu|Beads of Ruin\n|-enditem|p1a: Iron Bundle|Booster Energy\n|-activate|p1a: Iron Bundle|ability: Quark Drive|[fromitem]\n|-start|p1a: Iron Bundle|quarkdrivespe\n|turn|1\n|\n|t:|1682471914\n|-terastallize|p1a: Iron Bundle|Ghost\n|move|p2b: Medicham|Fake Out|p1a: Iron Bundle\n|-immune|p1a: Iron Bundle\n|move|p1a: Iron Bundle|Icy Wind|p2a: Lycanroc|[spread] p2a,p2b\n|-damage|p2a: Lycanroc|60\/100\n|-damage|p2b: Medicham|56\/100\n|-unboost|p2a: Lycanroc|spe|1\n|-unboost|p2b: Medicham|spe|1\n|move|p1b: Chi-Yu|Heat Wave|p2a: Lycanroc|[spread] p2a\n|-miss|p1b: Chi-Yu|p2b: Medicham\n|-resisted|p2a: Lycanroc\n|-damage|p2a: Lycanroc|7\/100\n|-status|p2a: Lycanroc|brn\n|move|p2a: Lycanroc|Rock Slide|p1b: Chi-Yu|[spread] p1a,p1b\n|-supereffective|p1b: Chi-Yu\n|-damage|p1a: Iron Bundle|84\/100\n|-damage|p1b: Chi-Yu|58\/100\n|\n|-damage|p2a: Lycanroc|1\/100 brn|[from] brn\n|upkeep\n|turn|2\n|\n|t:|1682471937\n|move|p1a: Iron Bundle|Freeze-Dry|p2b: Medicham\n|-damage|p2b: Medicham|0 fnt\n|faint|p2b: Medicham\n|move|p1b: Chi-Yu|Heat Wave|p2a: Lycanroc\n|-resisted|p2a: Lycanroc\n|-damage|p2a: Lycanroc|0 fnt\n|faint|p2a: Lycanroc\n|\n|upkeep\n|\n|t:|1682471948\n|switch|p2b: Tatsugiri|Tatsugiri-Stretchy, L50, F|100\/100\n|switch|p2a: Dondozo|Dondozo, L50, M|100\/100\n|-activate|p2b: Tatsugiri|ability: Commander|[of] p2a: Dondozo\n|-boost|p2a: Dondozo|atk|2\n|-boost|p2a: Dondozo|spa|2\n|-boost|p2a: Dondozo|spe|2\n|-boost|p2a: Dondozo|def|2\n|-boost|p2a: Dondozo|spd|2\n|turn|3\n|\n|t:|1682471958\n|-terastallize|p2a: Dondozo|Steel\n|move|p1a: Iron Bundle|Freeze-Dry|p2a: Dondozo\n|-resisted|p2a: Dondozo\n|-damage|p2a: Dondozo|91\/100\n|move|p2a: Dondozo|Wave Crash|p1b: Chi-Yu\n|-supereffective|p1b: Chi-Yu\n|-damage|p1b: Chi-Yu|0 fnt\n|faint|p1b: Chi-Yu\n|-damage|p2a: Dondozo|80\/100|[from] Recoil\n|\n|-heal|p2a: Dondozo|86\/100|[from] item: Leftovers\n|upkeep\n|\n|t:|1682471967\n|switch|p1b: Chien-Pao|Chien-Pao, L50|100\/100\n|-ability|p1b: Chien-Pao|Sword of Ruin\n|turn|4\n|inactive|Aspired103 has 30 seconds left.\n|inactive|Aspired103 has 20 seconds left.\n|\n|t:|1682472003\n|move|p2a: Dondozo|Protect|p2a: Dondozo\n|-singleturn|p2a: Dondozo|Protect\n|move|p1a: Iron Bundle|Hydro Pump|p2a: Dondozo\n|-activate|p2a: Dondozo|move: Protect\n|move|p1b: Chien-Pao|Haze|p1b: Chien-Pao\n|-clearallboost\n|\n|-heal|p2a: Dondozo|92\/100|[from] item: Leftovers\n|upkeep\n|turn|5\n|\n|t:|1682472015\n|move|p1a: Iron Bundle|Hydro Pump|p2a: Dondozo\n|-damage|p2a: Dondozo|42\/100\n|move|p1b: Chien-Pao|Sacred Sword|p2a: Dondozo\n|-supereffective|p2a: Dondozo\n|-damage|p2a: Dondozo|0 fnt\n|faint|p2a: Dondozo\n|\n|upkeep\n|turn|6\n|-message|Aspired103 forfeited.\n|\n|win|Dick Vanderclief\n|raw|Dick Vanderclief's rating: 1221 → 1248<\/strong> (+27 for winning)\n|raw|Aspired103's rating: 1251 → 1224<\/strong> (-27 for losing)\n|l|\u2606Aspired103\n","uploadtime":1682472029,"views":22,"p1id":"dickvanderclief","p2id":"aspired103","formatid":"gen9vgc2023regulationc","rating":1224,"private":0,"password":""}