{"id":"gen9vgc2023regulationc-1854577431","p1":"u got dirged","p2":"spoolingus","format":"[Gen 9] VGC 2023 Regulation C","log":"|j|\u2606u got dirged\n|j|\u2606spoolingus\n|t:|1682829749\n|gametype|doubles\n|player|p1|u got dirged|flannery|1184\n|player|p2|spoolingus|169|1095\n|teamsize|p1|6\n|teamsize|p2|6\n|gen|9\n|tier|[Gen 9] VGC 2023 Regulation C\n|rated|\n|rule|Species Clause: Limit one of each Pok\u00e9mon\n|rule|Item Clause: Limit one of each item\n|clearpoke\n|poke|p1|Scream Tail, L50|\n|poke|p1|Baxcalibur, L50, F|\n|poke|p1|Iron Hands, L50|\n|poke|p1|Corviknight, L50, F|\n|poke|p1|Flutter Mane, L50|\n|poke|p1|Tauros-Paldea-Aqua, L50, M|\n|poke|p2|Cetitan, L50, M|\n|poke|p2|Grimmsnarl, L50, M|\n|poke|p2|Corviknight, L50, F|\n|poke|p2|Palafin, L50, M|\n|poke|p2|Meowscarada, L50, M|\n|poke|p2|Arcanine, L50, M|\n|teampreview|4\nu got dirged has agreed to open team sheets.\nspoolingus has agreed to open team sheets.\n|\n|t:|1682829853\n|start\n|switch|p1a: Scream Tail|Scream Tail, L50, shiny|100\/100\n|switch|p1b: Iron Hands|Iron Hands, L50|100\/100\n|switch|p2a: Meowscarada|Meowscarada, L50, M|100\/100\n|switch|p2b: Grimmsnarl|Grimmsnarl, L50, M|100\/100\n|-enditem|p1a: Scream Tail|Booster Energy\n|-activate|p1a: Scream Tail|ability: Protosynthesis|[fromitem]\n|-start|p1a: Scream Tail|protosynthesisspe\n|turn|1\n|\n|t:|1682829884\n|move|p2b: Grimmsnarl|Reflect|p2b: Grimmsnarl\n|-sidestart|p2: spoolingus|Reflect\n|move|p1a: Scream Tail|Howl|p1a: Scream Tail|[spread] p1a,p1b\n|-boost|p1a: Scream Tail|atk|1\n|-boost|p1b: Iron Hands|atk|1\n|move|p2a: Meowscarada|U-turn|p1a: Scream Tail\n|-damage|p1a: Scream Tail|77\/100\n|\n|t:|1682829890\n|switch|p2a: Arcanine|Arcanine, L50, M|100\/100|[from] U-turn\n|-ability|p2a: Arcanine|Intimidate|boost\n|-unboost|p1a: Scream Tail|atk|1\n|-unboost|p1b: Iron Hands|atk|1\n|move|p1b: Iron Hands|Close Combat|p2a: Arcanine\n|-damage|p2a: Arcanine|55\/100\n|-unboost|p1b: Iron Hands|def|1\n|-unboost|p1b: Iron Hands|spd|1\n|\n|upkeep\n|turn|2\n|\n|t:|1682829921\n|-terastallize|p2a: Arcanine|Normal\n|move|p2a: Arcanine|Extreme Speed|p1a: Scream Tail\n|-damage|p1a: Scream Tail|54\/100\n|move|p2b: Grimmsnarl|Light Screen|p2b: Grimmsnarl\n|-sidestart|p2: spoolingus|move: Light Screen\n|move|p1a: Scream Tail|Encore|p2b: Grimmsnarl\n|-start|p2b: Grimmsnarl|Encore\n|move|p1b: Iron Hands|Volt Switch|p2b: Grimmsnarl\n|-damage|p2b: Grimmsnarl|92\/100\n|\n|t:|1682829931\n|-end|p1b: Iron Hands|Quark Drive|[silent]\n|switch|p1b: Tauros|Tauros-Paldea-Aqua, L50, M|100\/100|[from] Volt Switch\n|-ability|p1b: Tauros|Intimidate|boost\n|-unboost|p2a: Arcanine|atk|1\n|-unboost|p2b: Grimmsnarl|atk|1\n|\n|upkeep\n|turn|3\n|\n|t:|1682829950\n|switch|p2b: Meowscarada|Meowscarada, L50, M|100\/100\n|move|p1a: Scream Tail|Howl|p1a: Scream Tail|[spread] p1a,p1b\n|-boost|p1a: Scream Tail|atk|1\n|-boost|p1b: Tauros|atk|1\n|move|p1b: Tauros|Wave Crash|p2a: Arcanine\n|-damage|p2a: Arcanine|4\/100\n|-damage|p1b: Tauros|79\/100|[from] Recoil\n|move|p2a: Arcanine|Flare Blitz|p1a: Scream Tail\n|-crit|p1a: Scream Tail\n|-damage|p1a: Scream Tail|2\/100\n|-status|p1a: Scream Tail|brn\n|-damage|p2a: Arcanine|0 fnt|[from] Recoil\n|faint|p2a: Arcanine\n|\n|-damage|p1a: Scream Tail|0 fnt|[from] brn\n|faint|p1a: Scream Tail\n|-end|p1a: Scream Tail|Protosynthesis|[silent]\n|upkeep\n|\n|t:|1682829973\n|switch|p1a: Iron Hands|Iron Hands, L50|100\/100\n|switch|p2a: Grimmsnarl|Grimmsnarl, L50, M|92\/100\n|turn|4\n|\n|t:|1682830009\n|-terastallize|p1b: Tauros|Steel\n|move|p1a: Iron Hands|Fake Out|p2b: Meowscarada\n|-damage|p2b: Meowscarada|84\/100\n|move|p2a: Grimmsnarl|Fake Out|p1a: Iron Hands\n|-damage|p1a: Iron Hands|92\/100\n|cant|p2b: Meowscarada|flinch\n|move|p1b: Tauros|Close Combat|p2b: Meowscarada\n|-supereffective|p2b: Meowscarada\n|-damage|p2b: Meowscarada|0 fnt\n|-unboost|p1b: Tauros|def|1\n|-unboost|p1b: Tauros|spd|1\n|faint|p2b: Meowscarada\n|\n|upkeep\n|\n|t:|1682830022\n|switch|p2b: Palafin|Palafin, L50, M|100\/100\n|turn|5\n|\n|t:|1682830036\n|switch|p1b: Baxcalibur|Baxcalibur, L50, F|100\/100\n|move|p2b: Palafin|Wave Crash|p1b: Baxcalibur\n|-resisted|p1b: Baxcalibur\n|-damage|p1b: Baxcalibur|75\/100\n|-damage|p2b: Palafin|92\/100|[from] Recoil\n|move|p1a: Iron Hands|Volt Switch|p2b: Palafin\n|-supereffective|p2b: Palafin\n|-damage|p2b: Palafin|71\/100\n|\n|t:|1682830045\n|-end|p1a: Iron Hands|Quark Drive|[silent]\n|switch|p1a: Tauros|Tauros-Paldea-Aqua, L50, M, tera:Steel|79\/100|[from] Volt Switch\n|-ability|p1a: Tauros|Intimidate|boost\n|-unboost|p2a: Grimmsnarl|atk|1\n|-unboost|p2b: Palafin|atk|1\n|move|p2a: Grimmsnarl|Spirit Break|p1a: Tauros\n|-resisted|p1a: Tauros\n|-damage|p1a: Tauros|67\/100\n|-unboost|p1a: Tauros|spa|1\n|\n|upkeep\n|turn|6\n|\n|t:|1682830064\n|switch|p1a: Iron Hands|Iron Hands, L50|92\/100\n|move|p1b: Baxcalibur|Icicle Spear|p2a: Grimmsnarl\n|-crit|p2a: Grimmsnarl\n|-damage|p2a: Grimmsnarl|70\/100\n|-damage|p2a: Grimmsnarl|61\/100\n|-damage|p2a: Grimmsnarl|52\/100\n|-damage|p2a: Grimmsnarl|42\/100\n|-damage|p2a: Grimmsnarl|33\/100\n|-hitcount|p2a: Grimmsnarl|5\n|move|p2b: Palafin|Wave Crash|p1a: Iron Hands\n|-damage|p1a: Iron Hands|66\/100\n|-damage|p2b: Palafin|61\/100|[from] Recoil\n|move|p2a: Grimmsnarl|Spirit Break|p1b: Baxcalibur\n|-supereffective|p1b: Baxcalibur\n|-damage|p1b: Baxcalibur|35\/100\n|-unboost|p1b: Baxcalibur|spa|1\n|\n|upkeep\n|turn|7\n|\n|t:|1682830085\n|move|p2b: Palafin|Protect|p2b: Palafin\n|-singleturn|p2b: Palafin|Protect\n|move|p1a: Iron Hands|Fake Out|p2a: Grimmsnarl\n|-damage|p2a: Grimmsnarl|23\/100\n|move|p1b: Baxcalibur|Icicle Spear|p2a: Grimmsnarl\n|-damage|p2a: Grimmsnarl|14\/100\n|-damage|p2a: Grimmsnarl|4\/100\n|-damage|p2a: Grimmsnarl|0 fnt\n|faint|p2a: Grimmsnarl\n|-hitcount|p2: Grimmsnarl|3\n|\n|upkeep\n|turn|8\n|-message|spoolingus forfeited.\n|\n|win|u got dirged\n|raw|u got dirged's rating: 1184 → 1203<\/strong> (+19 for winning)\n|raw|spoolingus's rating: 1095 → 1077<\/strong> (-18 for losing)\n|l|\u2606spoolingus\n","uploadtime":1682830104,"views":11,"p1id":"ugotdirged","p2id":"spoolingus","formatid":"gen9vgc2023regulationc","rating":1077,"private":0,"password":""}