{"id":"gen9vgc2023regulationc-1852656454","p1":"WubboKids","p2":"Oscarini","format":"[Gen 9] VGC 2023 Regulation C","log":"|j|\u2606WubboKids\n|j|\u2606Oscarini\n|t:|1682592124\n|gametype|doubles\n|player|p1|WubboKids|169|1153\n|player|p2|Oscarini|buck|1192\n|teamsize|p1|6\n|teamsize|p2|6\n|gen|9\n|tier|[Gen 9] VGC 2023 Regulation C\n|rated|\n|rule|Species Clause: Limit one of each Pok\u00e9mon\n|rule|Item Clause: Limit one of each item\n|clearpoke\n|poke|p1|Hariyama, L50, M|\n|poke|p1|Farigiraf, L50, M|\n|poke|p1|Scizor, L50, F|\n|poke|p1|Wo-Chien, L50|\n|poke|p1|Clodsire, L50, F|\n|poke|p1|Tauros-Paldea-Blaze, L50, M|\n|poke|p2|Palafin, L50, M|\n|poke|p2|Amoonguss, L50, M|\n|poke|p2|Arcanine, L50, F|\n|poke|p2|Ting-Lu, L50|\n|poke|p2|Flutter Mane, L50|\n|poke|p2|Baxcalibur, L50, F|\n|teampreview|4\n|inactive|Battle timer is ON: inactive players will automatically lose when time's up. (requested by Oscarini)\n|\n|t:|1682592154\n|start\n|switch|p1a: Tauros|Tauros-Paldea-Blaze, L50, M|100\/100\n|switch|p1b: Wo-Chien|Wo-Chien, L50|100\/100\n|switch|p2a: HotAss|Arcanine, L50, F|100\/100\n|switch|p2b: Melameneo|Flutter Mane, L50|100\/100\n|-ability|p1a: Tauros|Intimidate|boost\n|-unboost|p2a: HotAss|atk|1\n|-unboost|p2b: Melameneo|atk|1\n|-ability|p2a: HotAss|Intimidate|boost\n|-unboost|p1a: Tauros|atk|1\n|-unboost|p1b: Wo-Chien|atk|1\n|-ability|p1b: Wo-Chien|Tablets of Ruin\n|-enditem|p2b: Melameneo|Booster Energy\n|-activate|p2b: Melameneo|ability: Protosynthesis|[fromitem]\n|-start|p2b: Melameneo|protosynthesisspe\n|turn|1\n|\n|t:|1682592175\n|move|p2b: Melameneo|Protect|p2b: Melameneo\n|-singleturn|p2b: Melameneo|Protect\n|move|p1b: Wo-Chien|Protect|p1b: Wo-Chien\n|-singleturn|p1b: Wo-Chien|Protect\n|move|p1a: Tauros|Bulldoze|p2a: HotAss|[spread] p2a\n|-activate|p1b: Wo-Chien|move: Protect\n|-activate|p2b: Melameneo|move: Protect\n|-supereffective|p2a: HotAss\n|-damage|p2a: HotAss|85\/100\n|-unboost|p2a: HotAss|spe|1\n|move|p2a: HotAss|Will-O-Wisp|p1b: Wo-Chien\n|-activate|p1b: Wo-Chien|move: Protect\n|\n|upkeep\n|turn|2\n|inactive|WubboKids has 30 seconds left.\n|inactive|WubboKids has 20 seconds left.\n|\n|t:|1682592213\n|switch|p1b: Farigiraf|Farigiraf, L50, M|100\/100\n|switch|p2a: TuMama|Ting-Lu, L50|100\/100\n|-ability|p2a: TuMama|Vessel of Ruin\n|-terastallize|p2b: Melameneo|Fairy\n|move|p2b: Melameneo|Moonblast|p1a: Tauros\n|-damage|p1a: Tauros|3\/100\n|move|p1a: Tauros|Bulldoze|p2a: TuMama|[spread] p1b,p2a,p2b\n|-damage|p1b: Farigiraf|90\/100\n|-damage|p2a: TuMama|95\/100\n|-damage|p2b: Melameneo|83\/100\n|-unboost|p1b: Farigiraf|spe|1\n|-unboost|p2a: TuMama|spe|1\n|-unboost|p2b: Melameneo|spe|1\n|\n|upkeep\n|turn|3\n|inactive|Oscarini has 30 seconds left.\n|\n|t:|1682592243\n|move|p2b: Melameneo|Moonblast|p1b: Farigiraf\n|-damage|p1b: Farigiraf|36\/100\n|-unboost|p1b: Farigiraf|spa|1\n|move|p1a: Tauros|Endeavor|p2a: TuMama\n|-damage|p2a: TuMama|2\/100\n|move|p1b: Farigiraf|Dazzling Gleam|p2a: TuMama|[spread] p2a,p2b\n|-supereffective|p2a: TuMama\n|-damage|p2a: TuMama|0 fnt\n|-damage|p2b: Melameneo|74\/100\n|faint|p2a: TuMama\n|\n|upkeep\n|\n|t:|1682592253\n|switch|p2a: Messi|Amoonguss, L50, M|100\/100\n|turn|4\n|\n|t:|1682592265\n|move|p2a: Messi|Rage Powder|p2a: Messi\n|-singleturn|p2a: Messi|move: Rage Powder\n|move|p2b: Melameneo|Dazzling Gleam|p1b: Farigiraf|[spread] p1a,p1b\n|-damage|p1a: Tauros|0 fnt\n|-damage|p1b: Farigiraf|0 fnt\n|faint|p1a: Tauros\n|faint|p1b: Farigiraf\n|\n|upkeep\n|\n|t:|1682592270\n|switch|p1a: Wo-Chien|Wo-Chien, L50|100\/100\n|switch|p1b: Scizor|Scizor, L50, F|100\/100\n|-ability|p1a: Wo-Chien|Tablets of Ruin\n|turn|5\n|\n|t:|1682592284\n|move|p2a: Messi|Rage Powder|p2a: Messi\n|-singleturn|p2a: Messi|move: Rage Powder\n|move|p1b: Scizor|Bullet Punch|p2a: Messi\n|-damage|p2a: Messi|79\/100\n|move|p2b: Melameneo|Moonblast|p1a: Wo-Chien\n|-supereffective|p1a: Wo-Chien\n|-damage|p1a: Wo-Chien|3\/100\n|-unboost|p1a: Wo-Chien|spa|1\n|-enditem|p1a: Wo-Chien|Sitrus Berry|[eat]\n|-heal|p1a: Wo-Chien|28\/100|[from] item: Sitrus Berry\n|move|p1a: Wo-Chien|Foul Play|p2a: Messi\n|-damage|p2a: Messi|62\/100\n|\n|upkeep\n|turn|6\n|c|\u2606WubboKids|Fuck amoongus\n|-message|WubboKids forfeited.\n|\n|win|Oscarini\n|raw|WubboKids's rating: 1153 → 1131<\/strong> (-22 for losing)\n|raw|Oscarini's rating: 1192 → 1214<\/strong> (+22 for winning)\n|l|\u2606WubboKids\n","uploadtime":1682592295,"views":6,"p1id":"wubbokids","p2id":"oscarini","formatid":"gen9vgc2023regulationc","rating":1131,"private":0,"password":""}