{"id":"gen9vgc2023regulationc-1857793992","p1":"chi-yuonetrick","p2":"garfieldslaya","format":"[Gen 9] VGC 2023 Regulation C","log":"|j|\u2606chi-yuonetrick\n|j|\u2606garfieldslaya\n|t:|1683232405\n|gametype|doubles\n|player|p1|chi-yuonetrick|acetrainer-gen6xy|\n|player|p2|garfieldslaya|jasmine|\n|teamsize|p1|6\n|teamsize|p2|6\n|gen|9\n|tier|[Gen 9] VGC 2023 Regulation C\n|rule|Species Clause: Limit one of each Pok\u00e9mon\n|rule|Item Clause: Limit one of each item\n|clearpoke\n|poke|p1|Iron Hands, L50|\n|poke|p1|Gyarados, L50, M|\n|poke|p1|Flutter Mane, L50|\n|poke|p1|Chi-Yu, L50|\n|poke|p1|Amoonguss, L50, M|\n|poke|p1|Bronzong, L50|\n|poke|p2|Amoonguss, L50, F|\n|poke|p2|Flutter Mane, L50|\n|poke|p2|Arcanine, L50, M|\n|poke|p2|Baxcalibur, L50, F|\n|poke|p2|Ting-Lu, L50|\n|poke|p2|Palafin, L50, F|\n|teampreview|4\ngarfieldslaya has agreed to open team sheets.\nchi-yuonetrick has agreed to open team sheets.\n|inactive|Battle timer is ON: inactive players will automatically lose when time's up. (requested by chi-yuonetrick)\n|\n|t:|1683232444\n|start\n|switch|p1a: Gyarados|Gyarados, L50, M|100\/100\n|switch|p1b: Bronzong|Bronzong, L50|100\/100\n|switch|p2a: Ting-Lu|Ting-Lu, L50|100\/100\n|switch|p2b: Flutter Mane|Flutter Mane, L50|100\/100\n|-ability|p1a: Gyarados|Intimidate|boost\n|-unboost|p2a: Ting-Lu|atk|1\n|-unboost|p2b: Flutter Mane|atk|1\n|-ability|p2a: Ting-Lu|Vessel of Ruin\n|-enditem|p2b: Flutter Mane|Booster Energy\n|-activate|p2b: Flutter Mane|ability: Protosynthesis|[fromitem]\n|-start|p2b: Flutter Mane|protosynthesisspa\n|turn|1\n|\n|t:|1683232468\n|-terastallize|p2b: Flutter Mane|Water\n|-terastallize|p1b: Bronzong|Water\n|move|p2b: Flutter Mane|Thunderbolt|p1a: Gyarados\n|-supereffective|p1a: Gyarados\n|-crit|p1a: Gyarados\n|-damage|p1a: Gyarados|0 fnt\n|faint|p1a: Gyarados\n|move|p2a: Ting-Lu|Ruination|p1b: Bronzong\n|-damage|p1b: Bronzong|50\/100\n|move|p1b: Bronzong|Trick Room|p1b: Bronzong\n|-fieldstart|move: Trick Room|[of] p1b: Bronzong\n|\n|upkeep\n|\n|t:|1683232478\n|switch|p1a: Amoonguss|Amoonguss, L50, M|100\/100\n|turn|2\n|inactive|garfieldslaya has 30 seconds left.\n|inactive|garfieldslaya has 20 seconds left.\n|inactive|garfieldslaya has 15 seconds left.\n|\n|t:|1683232522\n|move|p2b: Flutter Mane|Protect|p2b: Flutter Mane\n|-singleturn|p2b: Flutter Mane|Protect\n|move|p1a: Amoonguss|Spore|p1b: Bronzong\n|-activate|p1b: Bronzong|item: Safety Goggles|Spore\n|move|p1b: Bronzong|Iron Defense|p1b: Bronzong\n|-boost|p1b: Bronzong|def|2\n|move|p2a: Ting-Lu|Ruination|p1a: Amoonguss\n|-damage|p1a: Amoonguss|51\/100\n|\n|upkeep\n|turn|3\n|inactive|chi-yuonetrick has 30 seconds left.\n|inactive|chi-yuonetrick has 20 seconds left.\n|\n|t:|1683232560\n|-end|p2b: Flutter Mane|Protosynthesis|[silent]\n|switch|p2b: Amoonguss|Amoonguss, L50, F|100\/100\n|move|p2a: Ting-Lu|Protect|p2a: Ting-Lu\n|-singleturn|p2a: Ting-Lu|Protect\n|move|p1a: Amoonguss|Spore|p2b: Amoonguss\n|-immune|p2b: Amoonguss\n|move|p1b: Bronzong|Iron Defense|p1b: Bronzong\n|-boost|p1b: Bronzong|def|2\n|\n|upkeep\n|turn|4\n|\n|t:|1683232581\n|switch|p2a: Arcanine|Arcanine, L50, M|100\/100\n|-ability|p2a: Arcanine|Intimidate|boost\n|-unboost|p1a: Amoonguss|atk|1\n|-unboost|p1b: Bronzong|atk|1\n|move|p2b: Amoonguss|Clear Smog|p1b: Bronzong\n|-damage|p1b: Bronzong|37\/100\n|-clearboost|p1b: Bronzong\n|move|p1a: Amoonguss|Pollen Puff|p1b: Bronzong\n|-heal|p1b: Bronzong|87\/100\n|move|p1b: Bronzong|Body Press|p2a: Arcanine\n|-damage|p2a: Arcanine|73\/100\n|\n|upkeep\n|turn|5\n|inactive|chi-yuonetrick has 30 seconds left.\n|inactive|garfieldslaya has 30 seconds left.\n|\n|t:|1683232615\n|move|p2a: Arcanine|Protect|p2a: Arcanine\n|-singleturn|p2a: Arcanine|Protect\n|move|p2b: Amoonguss|Clear Smog|p1b: Bronzong\n|-damage|p1b: Bronzong|74\/100\n|-clearboost|p1b: Bronzong\n|move|p1a: Amoonguss|Spore|p2a: Arcanine\n|-activate|p2a: Arcanine|move: Protect\n|move|p1b: Bronzong|Trick Room|p1b: Bronzong\n|-fieldend|move: Trick Room\n|\n|upkeep\n|turn|6\n|c|\u2606chi-yuonetrick|woops\n|c|\u2606chi-yuonetrick|misclock\n|\n|t:|1683232637\n|switch|p1a: Iron Hands|Iron Hands, L50|100\/100\n|move|p2a: Arcanine|Flare Blitz|p1a: Iron Hands\n|-damage|p1a: Iron Hands|65\/100\n|-damage|p2a: Arcanine|58\/100|[from] Recoil\n|move|p2b: Amoonguss|Pollen Puff|p2a: Arcanine\n|-heal|p2a: Arcanine|100\/100\n|move|p1b: Bronzong|Trick Room|p1b: Bronzong\n|-fieldstart|move: Trick Room|[of] p1b: Bronzong\n|\n|upkeep\n|turn|7\n|inactive|garfieldslaya has 30 seconds left.\n|\n|t:|1683232669\n|move|p2a: Arcanine|Protect|p2a: Arcanine\n|-singleturn|p2a: Arcanine|Protect\n|move|p2b: Amoonguss|Spore|p1a: Iron Hands\n|-status|p1a: Iron Hands|slp|[from] move: Spore\n|move|p1b: Bronzong|Heavy Slam|p2b: Amoonguss\n|-damage|p2b: Amoonguss|67\/100\n|-damage|p1b: Bronzong|57\/100|[from] item: Rocky Helmet|[of] p2b: Amoonguss\n|cant|p1a: Iron Hands|slp\n|\n|upkeep\n|turn|8\n|inactive|garfieldslaya has 30 seconds left.\n|inactive|garfieldslaya has 20 seconds left.\n|\n|t:|1683232707\n|switch|p2b: Ting-Lu|Ting-Lu, L50|100\/100\n|-ability|p2b: Ting-Lu|Vessel of Ruin\n|-end|p1a: Iron Hands|Quark Drive|[silent]\n|switch|p1a: Amoonguss|Amoonguss, L50, M|84\/100\n|move|p1b: Bronzong|Heavy Slam|p2b: Ting-Lu\n|-damage|p2b: Ting-Lu|93\/100\n|move|p2a: Arcanine|Howl|p2a: Arcanine|[spread] p2a,p2b\n|-boost|p2a: Arcanine|atk|1\n|-boost|p2b: Ting-Lu|atk|1\n|\n|-heal|p2b: Ting-Lu|99\/100|[from] item: Leftovers\n|upkeep\n|turn|9\n|inactive|garfieldslaya has 30 seconds left.\n|inactive|garfieldslaya has 20 seconds left.\n|\n|t:|1683232747\n|move|p2a: Arcanine|Protect|p2a: Arcanine\n|-singleturn|p2a: Arcanine|Protect\n|move|p1a: Amoonguss|Spore|p2b: Ting-Lu\n|-status|p2b: Ting-Lu|slp|[from] move: Spore\n|move|p1b: Bronzong|Iron Defense|p1b: Bronzong\n|-boost|p1b: Bronzong|def|2\n|cant|p2b: Ting-Lu|slp\n|\n|-heal|p2b: Ting-Lu|100\/100 slp|[from] item: Leftovers\n|upkeep\n|turn|10\n|inactive|garfieldslaya has 30 seconds left.\n|inactive|garfieldslaya has 20 seconds left.\n|inactive|garfieldslaya has 15 seconds left.\n|inactive|garfieldslaya has 10 seconds left.\n|\n|t:|1683232795\n|switch|p2b: Amoonguss|Amoonguss, L50, F|100\/100\n|switch|p2a: Flutter Mane|Flutter Mane, L50, tera:Water|100\/100\n|move|p1a: Amoonguss|Spore|p2a: Flutter Mane\n|-status|p2a: Flutter Mane|slp|[from] move: Spore\n|move|p1b: Bronzong|Body Press|p2a: Flutter Mane\n|-damage|p2a: Flutter Mane|0 fnt\n|faint|p2a: Flutter Mane\n|-end|p2a: Flutter Mane|Protosynthesis|[silent]\n|\n|-fieldend|move: Trick Room\n|upkeep\n|\n|t:|1683232806\n|switch|p2a: Arcanine|Arcanine, L50, M|100\/100\n|-ability|p2a: Arcanine|Intimidate|boost\n|-unboost|p1a: Amoonguss|atk|1\n|-unboost|p1b: Bronzong|atk|1\n|turn|11\n|inactive|garfieldslaya has 30 seconds left.\n|inactive|garfieldslaya has 20 seconds left.\n|\n|t:|1683232844\n|move|p2a: Arcanine|Flare Blitz|p1a: Amoonguss\n|-supereffective|p1a: Amoonguss\n|-damage|p1a: Amoonguss|6\/100\n|-enditem|p1a: Amoonguss|Sitrus Berry|[eat]\n|-heal|p1a: Amoonguss|31\/100|[from] item: Sitrus Berry\n|-damage|p2a: Arcanine|70\/100|[from] Recoil\n|move|p1a: Amoonguss|Spore|p2a: Arcanine\n|-status|p2a: Arcanine|slp|[from] move: Spore\n|move|p2b: Amoonguss|Clear Smog|p1b: Bronzong\n|-damage|p1b: Bronzong|45\/100\n|-clearboost|p1b: Bronzong\n|move|p1b: Bronzong|Trick Room|p1b: Bronzong\n|-fieldstart|move: Trick Room|[of] p1b: Bronzong\n|\n|upkeep\n|turn|12\n|\n|t:|1683232862\n|move|p2b: Amoonguss|Pollen Puff|p2a: Arcanine\n|-heal|p2a: Arcanine|100\/100 slp\n|move|p1a: Amoonguss|Pollen Puff|p1b: Bronzong\n|-heal|p1b: Bronzong|95\/100\n|move|p1b: Bronzong|Body Press|p2a: Arcanine\n|-damage|p2a: Arcanine|73\/100 slp\n|cant|p2a: Arcanine|slp\n|\n|upkeep\n|turn|13\n|\n|t:|1683232877\n|switch|p1a: Iron Hands|Iron Hands, L50|65\/100 slp\n|move|p2b: Amoonguss|Pollen Puff|p2a: Arcanine\n|-heal|p2a: Arcanine|100\/100 slp\n|move|p1b: Bronzong|Heavy Slam|p2b: Amoonguss\n|-damage|p2b: Amoonguss|65\/100\n|-damage|p1b: Bronzong|79\/100|[from] item: Rocky Helmet|[of] p2b: Amoonguss\n|cant|p2a: Arcanine|slp\n|\n|upkeep\n|turn|14\n|inactive|garfieldslaya has 30 seconds left.\n|inactive|garfieldslaya has 20 seconds left.\n|inactive|garfieldslaya has 15 seconds left.\n|\n|t:|1683232920\n|move|p2b: Amoonguss|Rage Powder|p2b: Amoonguss\n|-singleturn|p2b: Amoonguss|move: Rage Powder\n|move|p1b: Bronzong|Heavy Slam|p2b: Amoonguss\n|-damage|p2b: Amoonguss|29\/100\n|-damage|p1b: Bronzong|62\/100|[from] item: Rocky Helmet|[of] p2b: Amoonguss\n|-curestatus|p1a: Iron Hands|slp|[msg]\n|move|p1a: Iron Hands|Fire Punch|p2b: Amoonguss\n|-supereffective|p2b: Amoonguss\n|-damage|p2b: Amoonguss|0 fnt\n|-damage|p1a: Iron Hands|48\/100|[from] item: Rocky Helmet|[of] p2b: Amoonguss\n|faint|p2b: Amoonguss\n|cant|p2a: Arcanine|slp\n|\n|upkeep\n|inactive|garfieldslaya has 20 seconds left this turn.\n|inactive|garfieldslaya has 15 seconds left.\n|\n|t:|1683232928\n|switch|p2b: Ting-Lu|Ting-Lu, L50|100\/100 slp\n|-ability|p2b: Ting-Lu|Vessel of Ruin\n|turn|15\n|inactive|garfieldslaya has 15 seconds left this turn.\n|inactive|garfieldslaya has 10 seconds left.\n|inactive|garfieldslaya has 5 seconds left.\n|\n|t:|1683232945\n|-end|p1a: Iron Hands|Quark Drive|[silent]\n|switch|p1a: Amoonguss|Amoonguss, L50, M|64\/100\n|-curestatus|p2a: Arcanine|slp|[msg]\n|move|p2a: Arcanine|Protect|p2a: Arcanine\n|-singleturn|p2a: Arcanine|Protect\n|move|p1b: Bronzong|Iron Defense|p1b: Bronzong\n|-boost|p1b: Bronzong|def|2\n|cant|p2b: Ting-Lu|slp\n|\n|-fieldend|move: Trick Room\n|upkeep\n|turn|16\n|inactive|garfieldslaya has 5 seconds left this turn.\n|-message|garfieldslaya lost due to inactivity.\n|\n|win|chi-yuonetrick\n|c|\u2606chi-yuonetrick|gg\n|c|\u2606garfieldslaya|gg\n","uploadtime":1683232979,"views":6,"p1id":"chiyuonetrick","p2id":"garfieldslaya","formatid":"gen9vgc2023regulationc","rating":0,"private":0,"password":""}