{"id":"gen9vgc2023regulationc-1857168680","p1":"Marvottolo","p2":"ExcelSheet","format":"[Gen 9] VGC 2023 Regulation C","log":"|j|\u2606Marvottolo\n|j|\u2606ExcelSheet\n|t:|1683153318\n|gametype|doubles\n|player|p1|Marvottolo|volkner|1162\n|player|p2|ExcelSheet|hilbert-wonderlauncher|1260\n|teamsize|p1|6\n|teamsize|p2|6\n|gen|9\n|tier|[Gen 9] VGC 2023 Regulation C\n|rated|\n|rule|Species Clause: Limit one of each Pok\u00e9mon\n|rule|Item Clause: Limit one of each item\n|clearpoke\n|poke|p1|Amoonguss, L50, F|\n|poke|p1|Palafin, L50, M|\n|poke|p1|Flutter Mane, L50|\n|poke|p1|Arcanine, L50, M|\n|poke|p1|Ting-Lu, L50|\n|poke|p1|Annihilape, L50, F|\n|poke|p2|Flutter Mane, L50|\n|poke|p2|Great Tusk, L50|\n|poke|p2|Scizor, L50, M|\n|poke|p2|Corviknight, L50, F|\n|poke|p2|Chi-Yu, L50|\n|poke|p2|Iron Bundle, L50|\n|teampreview|4\n|inactive|Battle timer is ON: inactive players will automatically lose when time's up. (requested by ExcelSheet)\nExcelSheet has agreed to open team sheets.\n|inactive|Marvottolo has 60 seconds left.\n|\n|t:|1683153365\n|start\n|switch|p1a: Blaze|Arcanine, L50, M|100\/100\n|switch|p1b: Fungottolo|Amoonguss, L50, F|100\/100\n|switch|p2a: Great Tusk|Great Tusk, L50, shiny|100\/100\n|switch|p2b: Corviknight|Corviknight, L50, F, shiny|100\/100\n|-ability|p1a: Blaze|Intimidate|boost\n|-unboost|p2a: Great Tusk|atk|1\n|-ability|p2b: Corviknight|Mirror Armor\n|-unboost|p1a: Blaze|atk|1\n|turn|1\n|inactive|ExcelSheet has 30 seconds left.\n|\n|t:|1683153394\n|move|p2a: Great Tusk|Protect|p2a: Great Tusk\n|-singleturn|p2a: Great Tusk|Protect\n|move|p1a: Blaze|Will-O-Wisp|p2a: Great Tusk\n|-activate|p2a: Great Tusk|move: Protect\n|move|p2b: Corviknight|Tailwind|p2b: Corviknight\n|-sidestart|p2: ExcelSheet|move: Tailwind\n|move|p1b: Fungottolo|Spore|p2b: Corviknight\n|-activate|p2b: Corviknight|item: Safety Goggles|Spore\n|\n|upkeep\n|turn|2\n|inactive|Marvottolo has 30 seconds left.\n|\n|t:|1683153421\n|move|p1b: Fungottolo|Rage Powder|p1b: Fungottolo\n|-singleturn|p1b: Fungottolo|move: Rage Powder\n|move|p2a: Great Tusk|Earthquake|p1b: Fungottolo|[spread] p1a,p1b\n|-immune|p2b: Corviknight\n|-supereffective|p1a: Blaze\n|-damage|p1a: Blaze|38\/100\n|-damage|p1b: Fungottolo|80\/100\n|move|p2b: Corviknight|Taunt|p1b: Fungottolo\n|-start|p1b: Fungottolo|move: Taunt\n|move|p1a: Blaze|Will-O-Wisp|p2a: Great Tusk\n|-status|p2a: Great Tusk|brn\n|\n|-damage|p2a: Great Tusk|95\/100 brn|[from] brn\n|upkeep\n|turn|3\n|inactive|Marvottolo has 30 seconds left.\n|inactive|Marvottolo has 20 seconds left.\n|\n|t:|1683153456\n|switch|p1b: Incazzoscimmia|Annihilape, L50, F|100\/100\n|move|p1a: Blaze|Protect|p1a: Blaze\n|-singleturn|p1a: Blaze|Protect\n|move|p2a: Great Tusk|Headlong Rush|p1a: Blaze\n|-activate|p1a: Blaze|move: Protect\n|move|p2b: Corviknight|Bulk Up|p2b: Corviknight\n|-boost|p2b: Corviknight|atk|1\n|-boost|p2b: Corviknight|def|1\n|\n|-damage|p2a: Great Tusk|89\/100 brn|[from] brn\n|upkeep\n|turn|4\n|inactive|Marvottolo has 30 seconds left.\n|\n|t:|1683153489\n|switch|p1a: Fungottolo|Amoonguss, L50, F|100\/100\n|move|p2a: Great Tusk|Earthquake|p1a: Fungottolo|[spread] p1a,p1b\n|-immune|p2b: Corviknight\n|-damage|p1a: Fungottolo|90\/100\n|-damage|p1b: Incazzoscimmia|88\/100\n|move|p2b: Corviknight|Taunt|p1b: Incazzoscimmia\n|-start|p1b: Incazzoscimmia|move: Taunt\n|move|p1b: Incazzoscimmia|Thunder Punch|p2b: Corviknight\n|-supereffective|p2b: Corviknight\n|-damage|p2b: Corviknight|78\/100\n|\n|-damage|p2a: Great Tusk|83\/100 brn|[from] brn\n|-sideend|p2: ExcelSheet|move: Tailwind\n|upkeep\n|turn|5\n|\n|t:|1683153511\n|-end|p2a: Great Tusk|Protosynthesis|[silent]\n|switch|p2a: Chi-Yu|Chi-Yu, L50|100\/100\n|-ability|p2a: Chi-Yu|Beads of Ruin\n|move|p1b: Incazzoscimmia|Thunder Punch|p2b: Corviknight\n|-supereffective|p2b: Corviknight\n|-damage|p2b: Corviknight|56\/100\n|move|p2b: Corviknight|Brave Bird|p1a: Fungottolo\n|-supereffective|p1a: Fungottolo\n|-damage|p1a: Fungottolo|0 fnt\n|faint|p1a: Fungottolo\n|-damage|p2b: Corviknight|19\/100|[from] Recoil\n|\n|upkeep\n|inactive|Marvottolo has 30 seconds left.\n|\n|t:|1683153537\n|switch|p1a: Blaze|Arcanine, L50, M|38\/100\n|-ability|p1a: Blaze|Intimidate|boost\n|-unboost|p2a: Chi-Yu|atk|1\n|-ability|p2b: Corviknight|Mirror Armor\n|-unboost|p1a: Blaze|atk|1\n|turn|6\n|\n|t:|1683153555\n|switch|p2b: Flutter Mane|Flutter Mane, L50, shiny|100\/100\n|-enditem|p2b: Flutter Mane|Booster Energy\n|-activate|p2b: Flutter Mane|ability: Protosynthesis|[fromitem]\n|-start|p2b: Flutter Mane|protosynthesisspe\n|move|p1a: Blaze|Flare Blitz|p2b: Flutter Mane\n|-damage|p2b: Flutter Mane|49\/100\n|-damage|p1a: Blaze|25\/100|[from] Recoil\n|move|p2a: Chi-Yu|Dark Pulse|p1a: Blaze\n|-damage|p1a: Blaze|0 fnt\n|faint|p1a: Blaze\n|move|p1b: Incazzoscimmia|Drain Punch|p2a: Chi-Yu\n|-supereffective|p2a: Chi-Yu\n|-damage|p2a: Chi-Yu|26\/100\n|-heal|p1b: Incazzoscimmia|100\/100|[from] drain|[of] p2a: Chi-Yu\n|\n|-end|p1b: Incazzoscimmia|move: Taunt\n|upkeep\n|\n|t:|1683153571\n|switch|p1a: Ricettacolo|Ting-Lu, L50|100\/100\n|-ability|p1a: Ricettacolo|Vessel of Ruin\n|turn|7\n|\n|t:|1683153590\n|move|p2b: Flutter Mane|Protect|p2b: Flutter Mane\n|-singleturn|p2b: Flutter Mane|Protect\n|move|p2a: Chi-Yu|Heat Wave|p1a: Ricettacolo|[spread] p1a,p1b\n|-damage|p1a: Ricettacolo|74\/100\n|-damage|p1b: Incazzoscimmia|74\/100\n|-status|p1a: Ricettacolo|brn\n|move|p1b: Incazzoscimmia|Drain Punch|p2a: Chi-Yu\n|-supereffective|p2a: Chi-Yu\n|-damage|p2a: Chi-Yu|0 fnt\n|-heal|p1b: Incazzoscimmia|84\/100|[from] drain|[of] p2a: Chi-Yu\n|faint|p2a: Chi-Yu\n|move|p1a: Ricettacolo|Heavy Slam|p2b: Flutter Mane\n|-activate|p2b: Flutter Mane|move: Protect\n|\n|-heal|p1a: Ricettacolo|80\/100 brn|[from] item: Leftovers\n|-damage|p1a: Ricettacolo|74\/100 brn|[from] brn\n|upkeep\n|\n|t:|1683153606\n|switch|p2a: Great Tusk|Great Tusk, L50, shiny|83\/100 brn\n|turn|8\n|\n|t:|1683153619\n|-terastallize|p2b: Flutter Mane|Fairy\n|move|p2b: Flutter Mane|Moonblast|p1a: Ricettacolo\n|-supereffective|p1a: Ricettacolo\n|-damage|p1a: Ricettacolo|19\/100 brn\n|-unboost|p1a: Ricettacolo|spa|1\n|move|p2a: Great Tusk|Close Combat|p1a: Ricettacolo\n|-supereffective|p1a: Ricettacolo\n|-damage|p1a: Ricettacolo|0 fnt\n|-unboost|p2a: Great Tusk|def|1\n|-unboost|p2a: Great Tusk|spd|1\n|faint|p1a: Ricettacolo\n|move|p1b: Incazzoscimmia|Rage Fist|p2a: Great Tusk\n|-damage|p2a: Great Tusk|10\/100 brn\n|\n|-damage|p2a: Great Tusk|4\/100 brn|[from] brn\n|upkeep\n|turn|9\n|\n|t:|1683153639\n|move|p2b: Flutter Mane|Moonblast|p1b: Incazzoscimmia\n|-supereffective|p1b: Incazzoscimmia\n|-damage|p1b: Incazzoscimmia|18\/100\n|-unboost|p1b: Incazzoscimmia|spa|1\n|-ability|p1b: Incazzoscimmia|Defiant|boost\n|-boost|p1b: Incazzoscimmia|atk|2\n|move|p2a: Great Tusk|Headlong Rush|p1b: Incazzoscimmia\n|-crit|p1b: Incazzoscimmia\n|-damage|p1b: Incazzoscimmia|0 fnt\n|-unboost|p2a: Great Tusk|def|1\n|-unboost|p2a: Great Tusk|spd|1\n|faint|p1b: Incazzoscimmia\n|\n|win|ExcelSheet\n|raw|Marvottolo's rating: 1162 → 1144<\/strong> (-18 for losing)\n|raw|ExcelSheet's rating: 1260 → 1278<\/strong> (+18 for winning)\n","uploadtime":1683153651,"views":4,"p1id":"marvottolo","p2id":"excelsheet","formatid":"gen9vgc2023regulationc","rating":1144,"private":0,"password":""}