{"id":"gen9vgc2023regulationc-1856167220","p1":"haha you rage quit","p2":"GKDoppler","format":"[Gen 9] VGC 2023 Regulation C","log":"|j|\u2606haha you rage quit\n|j|\u2606GKDoppler\n|t:|1683036933\n|gametype|doubles\n|player|p1|haha you rage quit|pokemaniac|1046\n|player|p2|GKDoppler|hilbert|1094\n|teamsize|p1|6\n|teamsize|p2|6\n|gen|9\n|tier|[Gen 9] VGC 2023 Regulation C\n|rated|\n|rule|Species Clause: Limit one of each Pok\u00e9mon\n|rule|Item Clause: Limit one of each item\n|clearpoke\n|poke|p1|Hariyama, L50, F|\n|poke|p1|Slowpoke, L50, M|\n|poke|p1|Indeedee-F, L50, F|\n|poke|p1|Torkoal, L50, F|\n|poke|p1|Arboliva, L50, M|\n|poke|p1|Gastrodon, L50, F|\n|poke|p2|Dondozo, L50, F|\n|poke|p2|Tatsugiri, L50, M|\n|poke|p2|Flamigo, L50, F|\n|poke|p2|Amoonguss, L50, M|\n|poke|p2|Cetitan, L50, F|\n|poke|p2|Annihilape, L50, M|\n|teampreview|4\n|inactive|Battle timer is ON: inactive players will automatically lose when time's up. (requested by GKDoppler)\n|\n|t:|1683036957\n|start\n|switch|p1a: Hariyama|Hariyama, L50, F, shiny|100\/100\n|switch|p1b: Slowpoke|Slowpoke, L50, M, shiny|100\/100\n|switch|p2a: Cetitan|Cetitan, L50, F, shiny|100\/100\n|switch|p2b: Amoonguss|Amoonguss, L50, M, shiny|100\/100\n|turn|1\n|\n|t:|1683036974\n|move|p1a: Hariyama|Fake Out|p2b: Amoonguss\n|-damage|p2b: Amoonguss|88\/100\n|move|p2a: Cetitan|Belly Drum|p2a: Cetitan\n|-damage|p2a: Cetitan|50\/100\n|-setboost|p2a: Cetitan|atk|6|[from] move: Belly Drum\n|-enditem|p2a: Cetitan|Sitrus Berry|[eat]\n|-heal|p2a: Cetitan|75\/100|[from] item: Sitrus Berry\n|cant|p2b: Amoonguss|flinch\n|move|p1b: Slowpoke|Trick Room|p1b: Slowpoke\n|-fieldstart|move: Trick Room|[of] p1b: Slowpoke\n|\n|-status|p1a: Hariyama|brn|[from] item: Flame Orb\n|upkeep\n|turn|2\n|inactive|haha you rage quit has 30 seconds left.\n|inactive|GKDoppler has 30 seconds left.\n|inactive|GKDoppler has 20 seconds left.\n|\n|t:|1683037015\n|-terastallize|p1b: Slowpoke|Grass\n|move|p1b: Slowpoke|Helping Hand|p1a: Hariyama\n|-singleturn|p1a: Hariyama|Helping Hand|[of] p1b: Slowpoke\n|move|p2b: Amoonguss|Pollen Puff|p1b: Slowpoke\n|-supereffective|p1b: Slowpoke\n|-damage|p1b: Slowpoke|70\/100\n|move|p1a: Hariyama|Close Combat|p2a: Cetitan\n|-supereffective|p2a: Cetitan\n|-damage|p2a: Cetitan|0 fnt\n|-unboost|p1a: Hariyama|def|1\n|-unboost|p1a: Hariyama|spd|1\n|faint|p2a: Cetitan\n|\n|-damage|p1a: Hariyama|95\/100 brn|[from] brn\n|upkeep\n|\n|t:|1683037039\n|switch|p2a: Annihilape|Annihilape, L50, M, shiny|100\/100\n|turn|3\n|\n|t:|1683037053\n|move|p1b: Slowpoke|Helping Hand|p1a: Hariyama\n|-singleturn|p1a: Hariyama|Helping Hand|[of] p1b: Slowpoke\n|move|p2b: Amoonguss|Rage Powder|p2b: Amoonguss\n|-singleturn|p2b: Amoonguss|move: Rage Powder\n|move|p1a: Hariyama|Knock Off|p2b: Amoonguss\n|-damage|p2b: Amoonguss|22\/100\n|-enditem|p2b: Amoonguss|Aguav Berry|[from] move: Knock Off|[of] p1a: Hariyama\n|move|p2a: Annihilape|Shadow Claw|p1b: Slowpoke\n|-damage|p1b: Slowpoke|50\/100\n|\n|-damage|p1a: Hariyama|89\/100 brn|[from] brn\n|upkeep\n|turn|4\n|\n|t:|1683037077\n|move|p1b: Slowpoke|Helping Hand|p1a: Hariyama\n|-singleturn|p1a: Hariyama|Helping Hand|[of] p1b: Slowpoke\n|move|p2b: Amoonguss|Protect|p2b: Amoonguss\n|-singleturn|p2b: Amoonguss|Protect\n|move|p1a: Hariyama|Knock Off|p2a: Annihilape\n|-damage|p2a: Annihilape|32\/100\n|-enditem|p2a: Annihilape|Choice Scarf|[from] move: Knock Off|[of] p1a: Hariyama\n|move|p2a: Annihilape|Shadow Claw|p1a: Hariyama\n|-damage|p1a: Hariyama|48\/100 brn\n|\n|-damage|p1a: Hariyama|43\/100 brn|[from] brn\n|upkeep\n|turn|5\n|-message|GKDoppler forfeited.\n|\n|win|haha you rage quit\n|raw|haha you rage quit's rating: 1046 → 1084<\/strong> (+38 for winning)\n|raw|GKDoppler's rating: 1094 → 1067<\/strong> (-27 for losing)\n|l|\u2606GKDoppler\n","uploadtime":1683037110,"views":3,"p1id":"hahayouragequit","p2id":"gkdoppler","formatid":"gen9vgc2023regulationc","rating":1067,"private":0,"password":""}