{"id":"gen9vgc2023regulationc-1849317708","p1":"Sarik405","p2":"ArnavChawla","format":"[Gen 9] VGC 2023 Regulation C","log":"|j|\u2606Sarik405\n|j|\u2606ArnavChawla\n|t:|1682185247\n|gametype|doubles\n|player|p1|Sarik405|psychic-gen4|1332\n|player|p2|ArnavChawla|ingo|1276\n|teamsize|p1|6\n|teamsize|p2|6\n|gen|9\n|tier|[Gen 9] VGC 2023 Regulation C\n|rated|\n|rule|Species Clause: Limit one of each Pok\u00e9mon\n|rule|Item Clause: Limit one of each item\n|clearpoke\n|poke|p1|Amoonguss, L50, M|\n|poke|p1|Arcanine, L50, M|\n|poke|p1|Chien-Pao, L50|\n|poke|p1|Ting-Lu, L50|\n|poke|p1|Flutter Mane, L50|\n|poke|p1|Kingambit, L50, F|\n|poke|p2|Ting-Lu, L50|\n|poke|p2|Arcanine, L50, F|\n|poke|p2|Chien-Pao, L50|\n|poke|p2|Amoonguss, L50, M|\n|poke|p2|Kingambit, L50, M|\n|poke|p2|Flutter Mane, L50|\n|teampreview|4\n|inactive|Battle timer is ON: inactive players will automatically lose when time's up. (requested by ArnavChawla)\n|inactive|Sarik405 also wants the timer to be on.\n|c|\u2606Sarik405|Hey\n|c|\u2606Sarik405|that\u2019s my team\n|c|\u2606ArnavChawla|mirror match lol\n|c|\u2606ArnavChawla|i thought i came up with this team\n|inactive|Sarik405 has 60 seconds left.\n|inactive|ArnavChawla has 60 seconds left.\n|c|\u2606Sarik405|Same lol\n|c|\u2606Sarik405|Good luck and have fun\n|c|\u2606ArnavChawla|u2\n|\n|t:|1682185307\n|start\n|switch|p1a: Ting-Lu|Ting-Lu, L50|100\/100\n|switch|p1b: Amoonguss|Amoonguss, L50, M|100\/100\n|switch|p2a: Arcanine|Arcanine, L50, F|100\/100\n|switch|p2b: Ting-Lu|Ting-Lu, L50|100\/100\n|-ability|p2a: Arcanine|Intimidate|boost\n|-unboost|p1a: Ting-Lu|atk|1\n|-unboost|p1b: Amoonguss|atk|1\n|-ability|p2b: Ting-Lu|Vessel of Ruin\n|-ability|p1a: Ting-Lu|Vessel of Ruin\n|turn|1\n|\n|t:|1682185318\n|move|p1b: Amoonguss|Protect|p1b: Amoonguss\n|-singleturn|p1b: Amoonguss|Protect\n|move|p2a: Arcanine|Will-O-Wisp|p1a: Ting-Lu|[miss]\n|-miss|p2a: Arcanine|p1a: Ting-Lu\n|move|p2b: Ting-Lu|Ruination|p1b: Amoonguss\n|-activate|p1b: Amoonguss|move: Protect\n|move|p1a: Ting-Lu|Fissure|p2b: Ting-Lu|[miss]\n|-miss|p1a: Ting-Lu|p2b: Ting-Lu\n|\n|upkeep\n|turn|2\n|\n|t:|1682185336\n|move|p2a: Arcanine|Flare Blitz|p1b: Amoonguss\n|-supereffective|p1b: Amoonguss\n|-damage|p1b: Amoonguss|0 fnt\n|faint|p1b: Amoonguss\n|-damage|p2a: Arcanine|63\/100|[from] Recoil\n|move|p2b: Ting-Lu|Ruination|p1a: Ting-Lu\n|-damage|p1a: Ting-Lu|50\/100\n|move|p1a: Ting-Lu|Stomping Tantrum|p2a: Arcanine\n|-supereffective|p2a: Arcanine\n|-damage|p2a: Arcanine|0 fnt\n|faint|p2a: Arcanine\n|\n|upkeep\n|\n|t:|1682185348\n|switch|p2a: Flutter Mane|Flutter Mane, L50|100\/100\n|switch|p1b: Flutter Mane|Flutter Mane, L50|100\/100\n|turn|3\n|c|\u2606ArnavChawla|we think the same lmao\n|\n|t:|1682185366\n|-terastallize|p2a: Flutter Mane|Fairy\n|move|p1b: Flutter Mane|Shadow Ball|p2a: Flutter Mane\n|-damage|p2a: Flutter Mane|55\/100\n|move|p2a: Flutter Mane|Dazzling Gleam|p1b: Flutter Mane|[spread] p1a,p1b\n|-supereffective|p1a: Ting-Lu\n|-damage|p1a: Ting-Lu|8\/100\n|-damage|p1b: Flutter Mane|51\/100\n|move|p1a: Ting-Lu|Fissure|p2b: Ting-Lu|[miss]\n|-miss|p1a: Ting-Lu|p2b: Ting-Lu\n|move|p2b: Ting-Lu|Heavy Slam|p1b: Flutter Mane\n|-supereffective|p1b: Flutter Mane\n|-damage|p1b: Flutter Mane|0 fnt\n|faint|p1b: Flutter Mane\n|-end|p1b: Flutter Mane|Protosynthesis|[silent]\n|\n|upkeep\n|\n|t:|1682185372\n|switch|p1b: Kingambit|Kingambit, L50, F|100\/100\n|turn|4\n|\n|t:|1682185387\n|-end|p2a: Flutter Mane|Protosynthesis|[silent]\n|switch|p2a: Kingambit|Kingambit, L50, M|100\/100\n|-terastallize|p1b: Kingambit|Flying\n|move|p1b: Kingambit|Iron Head|p2a: Kingambit\n|-resisted|p2a: Kingambit\n|-crit|p2a: Kingambit\n|-damage|p2a: Kingambit|68\/100\n|-damage|p1b: Kingambit|91\/100|[from] item: Life Orb\n|move|p1a: Ting-Lu|Fissure|p2b: Ting-Lu\n|-damage|p2b: Ting-Lu|0 fnt\n|faint|p2b: Ting-Lu\n|-ohko\n|\n|upkeep\n|\n|t:|1682185396\n|switch|p2b: Flutter Mane|Flutter Mane, L50, tera:Fairy|55\/100\n|turn|5\n|\n|t:|1682185416\n|move|p2a: Kingambit|Sucker Punch|p1a: Ting-Lu\n|-resisted|p1a: Ting-Lu\n|-damage|p1a: Ting-Lu|0 fnt\n|faint|p1a: Ting-Lu\n|move|p2b: Flutter Mane|Thunderbolt|p1b: Kingambit\n|-supereffective|p1b: Kingambit\n|-damage|p1b: Kingambit|2\/100\n|move|p1b: Kingambit|Iron Head|p2b: Flutter Mane\n|-supereffective|p2b: Flutter Mane\n|-damage|p2b: Flutter Mane|0 fnt\n|faint|p2b: Flutter Mane\n|-end|p2b: Flutter Mane|Protosynthesis|[silent]\n|-damage|p1b: Kingambit|0 fnt|[from] item: Life Orb\n|faint|p1b: Kingambit\n|\n|win|ArnavChawla\n|raw|Sarik405's rating: 1332 → 1309<\/strong> (-23 for losing)\n|raw|ArnavChawla's rating: 1276 → 1305<\/strong> (+29 for winning)\n|c|\u2606ArnavChawla|gg\n|c|\u2606Sarik405|Nice one\n|c|\u2606Sarik405|gg\n","uploadtime":1682185428,"views":10,"p1id":"sarik405","p2id":"arnavchawla","formatid":"gen9vgc2023regulationc","rating":1305,"private":0,"password":""}