{"id":"gen9vgc2023regulationc-1847304212","p1":"DuelLuna","p2":"Fairy Juice Jay","format":"[Gen 9] VGC 2023 Regulation C","log":"|j|\u2606DuelLuna\n|j|\u2606Fairy Juice Jay\n|t:|1681936521\n|gametype|doubles\n|player|p1|DuelLuna|caitlin|\n|player|p2|Fairy Juice Jay|burgh-masters|\n|teamsize|p1|6\n|teamsize|p2|6\n|gen|9\n|tier|[Gen 9] VGC 2023 Regulation C\n|rule|Species Clause: Limit one of each Pok\u00e9mon\n|rule|Item Clause: Limit one of each item\n|clearpoke\n|poke|p1|Hippowdon, L50, M|\n|poke|p1|Bellibolt, L50, M|\n|poke|p1|Amoonguss, L50, F|\n|poke|p1|Slowbro, L50, M|\n|poke|p1|Morgrem, L50, M|\n|poke|p1|Iron Moth, L50|\n|poke|p2|Klefki, L50, F|\n|poke|p2|Floatzel, L50, M|\n|poke|p2|Baxcalibur, L50, F|\n|poke|p2|Kilowattrel, L50, M|\n|poke|p2|Great Tusk, L50|\n|poke|p2|Volcarona, L50, F|\n|teampreview|4\n|inactive|Battle timer is ON: inactive players will automatically lose when time's up. (requested by Fairy Juice Jay)\n|inactiveoff|Battle timer is now OFF.\n|c|\u2606Fairy Juice Jay|I forget, is this OTS?\n|c|\u2606DuelLuna|Nope\n|c|\u2606Fairy Juice Jay|perfect\nFairy Juice Jay rejected open team sheets.\n|\n|t:|1681936610\n|start\n|switch|p1a: Amoonguss|Amoonguss, L50, F|100\/100\n|switch|p1b: Slowbro|Slowbro, L50, M|100\/100\n|switch|p2a: Klefki|Klefki, L50, F|100\/100\n|switch|p2b: Kilowattrel|Kilowattrel, L50, M|100\/100\n|turn|1\n|\n|t:|1681936621\n|move|p2a: Klefki|Rain Dance|p2a: Klefki\n|-weather|RainDance\n|move|p2b: Kilowattrel|Hurricane|p1a: Amoonguss\n|-supereffective|p1a: Amoonguss\n|-damage|p1a: Amoonguss|3\/100\n|-enditem|p1a: Amoonguss|Eject Button\n|\n|t:|1681936629\n|switch|p1a: Bellibolt|Bellibolt, L50, M|100\/100\n|move|p1b: Slowbro|Trick Room|p1b: Slowbro\n|-fieldstart|move: Trick Room|[of] p1b: Slowbro\n|\n|-weather|RainDance|[upkeep]\n|upkeep\n|turn|2\n|\n|t:|1681936639\n|move|p2a: Klefki|Light Screen|p2a: Klefki\n|-sidestart|p2: Fairy Juice Jay|move: Light Screen\n|move|p1b: Slowbro|Bulldoze|p2a: Klefki|[spread] p1a,p2a\n|-immune|p2b: Kilowattrel\n|-supereffective|p1a: Bellibolt\n|-supereffective|p2a: Klefki\n|-damage|p1a: Bellibolt|85\/100\n|-damage|p2a: Klefki|83\/100\n|-unboost|p1a: Bellibolt|spe|1\n|-unboost|p2a: Klefki|spe|1\n|-start|p1a: Bellibolt|Charge|Bulldoze|[from] ability: Electromorphosis\n|-enditem|p1a: Bellibolt|Weakness Policy\n|-boost|p1a: Bellibolt|atk|2|[from] item: Weakness Policy\n|-boost|p1a: Bellibolt|spa|2|[from] item: Weakness Policy\n|move|p1a: Bellibolt|Discharge|p2b: Kilowattrel|[spread] p1b,p2a\n|-immune|p2b: Kilowattrel|[from] ability: Volt Absorb\n|-supereffective|p1b: Slowbro\n|-enditem|p1b: Slowbro|Wacan Berry|[eat]\n|-enditem|p1b: Slowbro|Wacan Berry|[weaken]\n|-damage|p1b: Slowbro|13\/100\n|-damage|p2a: Klefki|0 fnt\n|-status|p1b: Slowbro|par\n|faint|p2a: Klefki\n|-end|p1a: Bellibolt|Charge|[silent]\n|move|p2b: Kilowattrel|Thunder|p1b: Slowbro\n|-supereffective|p1b: Slowbro\n|-damage|p1b: Slowbro|0 fnt\n|faint|p1b: Slowbro\n|\n|-weather|RainDance|[upkeep]\n|upkeep\n|\n|t:|1681936657\n|switch|p1b: Hippowdon|Hippowdon, L50, M|100\/100\n|switch|p2a: Trogonth|Great Tusk, L50|100\/100\n|-weather|Sandstorm|[from] ability: Sand Stream|[of] p1b: Hippowdon\n|turn|3\n|\n|t:|1681936672\n|-terastallize|p1a: Bellibolt|Fairy\n|move|p2a: Trogonth|Protect|p2a: Trogonth\n|-singleturn|p2a: Trogonth|Protect\n|move|p1a: Bellibolt|Tera Blast|p2a: Trogonth\n|-activate|p2a: Trogonth|move: Protect\n|move|p1b: Hippowdon|Rock Slide|p2a: Trogonth|[spread] p2b\n|-activate|p2a: Trogonth|move: Protect\n|-supereffective|p2b: Kilowattrel\n|-damage|p2b: Kilowattrel|11\/100\n|-damage|p1b: Hippowdon|91\/100|[from] item: Life Orb\n|move|p2b: Kilowattrel|Hurricane|p1b: Hippowdon\n|-damage|p1b: Hippowdon|37\/100\n|-start|p1b: Hippowdon|confusion\n|\n|-weather|Sandstorm|[upkeep]\n|-damage|p1a: Bellibolt|79\/100|[from] Sandstorm\n|-damage|p2b: Kilowattrel|5\/100|[from] Sandstorm\n|upkeep\n|turn|4\n|\n|t:|1681936701\n|move|p1a: Bellibolt|Tera Blast|p2a: Trogonth\n|-supereffective|p2a: Trogonth\n|-enditem|p2a: Trogonth|Focus Sash\n|-damage|p2a: Trogonth|1\/100\n|-activate|p1b: Hippowdon|confusion\n|move|p1b: Hippowdon|Rock Slide|p2b: Kilowattrel|[spread] p2a,p2b\n|-resisted|p2a: Trogonth\n|-supereffective|p2b: Kilowattrel\n|-damage|p2a: Trogonth|0 fnt\n|-damage|p2b: Kilowattrel|0 fnt\n|faint|p2a: Trogonth\n|-end|p2a: Trogonth|Protosynthesis|[silent]\n|faint|p2b: Kilowattrel\n|-damage|p1b: Hippowdon|27\/100|[from] item: Life Orb\n|\n|-weather|Sandstorm|[upkeep]\n|-damage|p1a: Bellibolt|73\/100|[from] Sandstorm\n|upkeep\n|\n|t:|1681936709\n|switch|p2b: Floatzel|Floatzel, L50, M|100\/100\n|turn|5\n|\n|t:|1681936726\n|switch|p1b: Amoonguss|Amoonguss, L50, F|36\/100\n|move|p1a: Bellibolt|Protect|p1a: Bellibolt\n|-singleturn|p1a: Bellibolt|Protect\n|move|p2b: Floatzel|Protect||[still]\n|-fail|p2b: Floatzel\n|\n|-weather|Sandstorm|[upkeep]\n|-damage|p1a: Bellibolt|67\/100|[from] Sandstorm\n|-damage|p1b: Amoonguss|30\/100|[from] Sandstorm\n|-damage|p2b: Floatzel|94\/100|[from] Sandstorm\n|-fieldend|move: Trick Room\n|upkeep\n|turn|6\n|\n|t:|1681936737\n|move|p1b: Amoonguss|Rage Powder|p1b: Amoonguss\n|-singleturn|p1b: Amoonguss|move: Rage Powder\n|move|p2b: Floatzel|Ice Spinner|p1b: Amoonguss\n|-supereffective|p1b: Amoonguss\n|-damage|p1b: Amoonguss|0 fnt\n|faint|p1b: Amoonguss\n|-damage|p2b: Floatzel|84\/100|[from] item: Life Orb\n|move|p1a: Bellibolt|Discharge|p2b: Floatzel\n|-supereffective|p2b: Floatzel\n|-crit|p2b: Floatzel\n|-damage|p2b: Floatzel|0 fnt\n|faint|p2b: Floatzel\n|\n|win|DuelLuna\n|c|\u2606Fairy Juice Jay|ouch\n|c|\u2606Fairy Juice Jay|GG\n|c|\u2606DuelLuna|Gg\n|l|\u2606DuelLuna\n","uploadtime":1681936952,"views":16,"p1id":"duelluna","p2id":"fairyjuicejay","formatid":"gen9vgc2023regulationc","rating":0,"private":0,"password":""}