{"id":"gen9vgc2023regulationc-1861246885","p1":"Garompa fan","p2":"XeolnorzTG","format":"[Gen 9] VGC 2023 Regulation C","log":"|j|\u2606Garompa fan\n|j|\u2606XeolnorzTG\n|t:|1683739240\n|gametype|doubles\n|player|p1|Garompa fan|pokemaniac|\n|player|p2|XeolnorzTG|linebacker|\n|teamsize|p1|6\n|teamsize|p2|6\n|gen|9\n|tier|[Gen 9] VGC 2023 Regulation C\n|rule|Species Clause: Limit one of each Pok\u00e9mon\n|rule|Item Clause: Limit one of each item\n|clearpoke\n|poke|p1|Palafin, L50, F|\n|poke|p1|Arcanine, L50, F|\n|poke|p1|Flutter Mane, L50|\n|poke|p1|Kingambit, L50, M|\n|poke|p1|Amoonguss, L50, F|\n|poke|p1|Dragonite, L50, F|\n|poke|p2|Roaring Moon, L50|\n|poke|p2|Flutter Mane, L50|\n|poke|p2|Palafin, L50, M|\n|poke|p2|Ting-Lu, L50|\n|poke|p2|Arcanine, L50, F|\n|poke|p2|Amoonguss, L50, M|\n|teampreview|4\nXeolnorzTG has agreed to open team sheets.\n|c|\u2606XeolnorzTG|G2\n|c|\u2606XeolnorzTG|gl hf\nGarompa fan has agreed to open team sheets.\n|\n|t:|1683739297\n|start\n|switch|p1a: Palafin|Palafin, L50, F|100\/100\n|switch|p1b: Arcanine|Arcanine, L50, F|100\/100\n|switch|p2a: Roaring Moon|Roaring Moon, L50|100\/100\n|switch|p2b: Palafin|Palafin, L50, M|100\/100\n|-ability|p1b: Arcanine|Intimidate|boost\n|-unboost|p2a: Roaring Moon|atk|1\n|-unboost|p2b: Palafin|atk|1\n|-enditem|p2a: Roaring Moon|Booster Energy\n|-activate|p2a: Roaring Moon|ability: Protosynthesis|[fromitem]\n|-start|p2a: Roaring Moon|protosynthesisatk\n|turn|1\n|\n|t:|1683739310\n|-end|p2a: Roaring Moon|Protosynthesis|[silent]\n|switch|p2a: Arcanine|Arcanine, L50, F|100\/100\n|-ability|p2a: Arcanine|Intimidate|boost\n|-unboost|p1a: Palafin|atk|1\n|-unboost|p1b: Arcanine|atk|1\n|detailschange|p1a: Palafin|Palafin-Hero, L50, F\n|switch|p1a: Flutter Mane|Flutter Mane, L50, shiny|100\/100\n|-terastallize|p2b: Palafin|Water\n|move|p1b: Arcanine|Will-O-Wisp|p2a: Arcanine|[miss]\n|-miss|p1b: Arcanine|p2a: Arcanine\n|move|p2b: Palafin|Wave Crash|p1b: Arcanine\n|-supereffective|p1b: Arcanine\n|-damage|p1b: Arcanine|17\/100\n|-damage|p2b: Palafin|74\/100|[from] Recoil\n|\n|upkeep\n|turn|2\n|\n|t:|1683739332\n|switch|p1b: Amoonguss|Amoonguss, L50, F|100\/100\n|detailschange|p2b: Palafin|Palafin-Hero, L50, M, tera:Water\n|switch|p2b: Amoonguss|Amoonguss, L50, M, shiny|100\/100\n|move|p1a: Flutter Mane|Moonblast|p2b: Amoonguss\n|-resisted|p2b: Amoonguss\n|-damage|p2b: Amoonguss|66\/100\n|-unboost|p2b: Amoonguss|spa|1\n|move|p2a: Arcanine|Will-O-Wisp|p1b: Amoonguss\n|-status|p1b: Amoonguss|brn\n|\n|-damage|p1b: Amoonguss|95\/100 brn|[from] brn\n|upkeep\n|turn|3\n|\n|t:|1683739355\n|-end|p1a: Flutter Mane|Protosynthesis|[silent]\n|switch|p1a: Arcanine|Arcanine, L50, F|17\/100\n|-ability|p1a: Arcanine|Intimidate|boost\n|-unboost|p2a: Arcanine|atk|1\n|-unboost|p2b: Amoonguss|atk|1\n|move|p2a: Arcanine|Flare Blitz|p1b: Amoonguss\n|-supereffective|p1b: Amoonguss\n|-damage|p1b: Amoonguss|45\/100 brn\n|-enditem|p1b: Amoonguss|Sitrus Berry|[eat]\n|-heal|p1b: Amoonguss|70\/100 brn|[from] item: Sitrus Berry\n|-damage|p2a: Arcanine|82\/100|[from] Recoil\n|move|p2b: Amoonguss|Spore|p1a: Arcanine\n|-activate|p1a: Arcanine|item: Safety Goggles|Spore\n|move|p1b: Amoonguss|Pollen Puff|p1a: Arcanine\n|-heal|p1a: Arcanine|67\/100\n|\n|-damage|p1b: Amoonguss|65\/100 brn|[from] brn\n|upkeep\n|turn|4\n|\n|t:|1683739384\n|switch|p2b: Roaring Moon|Roaring Moon, L50|100\/100\n|switch|p1b: Flutter Mane|Flutter Mane, L50, shiny|100\/100\n|move|p2a: Arcanine|Flare Blitz|p1b: Flutter Mane\n|-damage|p1b: Flutter Mane|50\/100\n|-damage|p2a: Arcanine|71\/100|[from] Recoil\n|move|p1a: Arcanine|Flare Blitz|p2b: Roaring Moon\n|-resisted|p2b: Roaring Moon\n|-damage|p2b: Roaring Moon|73\/100\n|-damage|p1a: Arcanine|57\/100|[from] Recoil\n|\n|upkeep\n|turn|5\n|\n|t:|1683739420\n|-terastallize|p1b: Flutter Mane|Fairy\n|move|p1a: Arcanine|Extreme Speed|p2a: Arcanine\n|-damage|p2a: Arcanine|50\/100\n|move|p1b: Flutter Mane|Dazzling Gleam|p2a: Arcanine|[spread] p2a,p2b\n|-resisted|p2a: Arcanine\n|-supereffective|p2b: Roaring Moon\n|-damage|p2a: Arcanine|18\/100\n|-damage|p2b: Roaring Moon|0 fnt\n|faint|p2b: Roaring Moon\n|-end|p2b: Roaring Moon|Protosynthesis|[silent]\n|move|p2a: Arcanine|Flare Blitz|p1b: Flutter Mane\n|-damage|p1b: Flutter Mane|2\/100\n|-damage|p2a: Arcanine|7\/100|[from] Recoil\n|\n|upkeep\n|\n|t:|1683739435\n|switch|p2b: Palafin|Palafin-Hero, L50, M, tera:Water|74\/100\n|-activate|p2b: Palafin|ability: Zero to Hero\n|turn|6\n|\n|t:|1683739448\n|-end|p1b: Flutter Mane|Protosynthesis|[silent]\n|switch|p1b: Palafin|Palafin-Hero, L50, F|100\/100\n|-activate|p1b: Palafin|ability: Zero to Hero\n|switch|p2a: Amoonguss|Amoonguss, L50, M, shiny|99\/100\n|switch|p1a: Amoonguss|Amoonguss, L50, F|98\/100 brn\n|move|p2b: Palafin|Jet Punch|p1b: Palafin\n|-resisted|p1b: Palafin\n|-damage|p1b: Palafin|72\/100\n|\n|-damage|p1a: Amoonguss|92\/100 brn|[from] brn\n|upkeep\n|turn|7\n|\n|t:|1683739476\n|move|p1b: Palafin|Protect|p1b: Palafin\n|-singleturn|p1b: Palafin|Protect\n|move|p2b: Palafin|Protect|p2b: Palafin\n|-singleturn|p2b: Palafin|Protect\n|move|p2a: Amoonguss|Spore|p1b: Palafin\n|-activate|p1b: Palafin|move: Protect\n|move|p1a: Amoonguss|Spore|p2b: Palafin\n|-activate|p2b: Palafin|move: Protect\n|\n|-damage|p1a: Amoonguss|86\/100 brn|[from] brn\n|upkeep\n|turn|8\n|\n|t:|1683739485\n|switch|p1b: Arcanine|Arcanine, L50, F|57\/100\n|-ability|p1b: Arcanine|Intimidate|boost\n|-unboost|p2a: Amoonguss|atk|1\n|-unboost|p2b: Palafin|atk|1\n|switch|p2b: Arcanine|Arcanine, L50, F|7\/100\n|-ability|p2b: Arcanine|Intimidate|boost\n|-unboost|p1a: Amoonguss|atk|1\n|-unboost|p1b: Arcanine|atk|1\n|move|p2a: Amoonguss|Pollen Puff|p2b: Arcanine\n|-heal|p2b: Arcanine|57\/100\n|move|p1a: Amoonguss|Spore|p2b: Arcanine\n|-activate|p2b: Arcanine|item: Safety Goggles|Spore\n|\n|-damage|p1a: Amoonguss|80\/100 brn|[from] brn\n|upkeep\n|turn|9\n|\n|t:|1683739513\n|move|p1a: Amoonguss|Protect|p1a: Amoonguss\n|-singleturn|p1a: Amoonguss|Protect\n|move|p2b: Arcanine|Flare Blitz|p1a: Amoonguss\n|-activate|p1a: Amoonguss|move: Protect\n|move|p1b: Arcanine|Will-O-Wisp|p2a: Amoonguss\n|-status|p2a: Amoonguss|brn\n|move|p2a: Amoonguss|Pollen Puff|p2b: Arcanine\n|-heal|p2b: Arcanine|100\/100\n|\n|-damage|p2a: Amoonguss|94\/100 brn|[from] brn\n|-damage|p1a: Amoonguss|74\/100 brn|[from] brn\n|upkeep\n|turn|10\n|\n|t:|1683739525\n|switch|p1a: Palafin|Palafin-Hero, L50, F|72\/100\n|move|p2b: Arcanine|Flare Blitz|p1a: Palafin\n|-resisted|p1a: Palafin\n|-damage|p1a: Palafin|52\/100\n|-status|p1a: Palafin|brn\n|-damage|p2b: Arcanine|94\/100|[from] Recoil\n|move|p1b: Arcanine|Howl|p1b: Arcanine|[spread] p1a,p1b\n|-boost|p1a: Palafin|atk|1\n|-boost|p1b: Arcanine|atk|1\n|move|p2a: Amoonguss|Spore|p1b: Arcanine\n|-activate|p1b: Arcanine|item: Safety Goggles|Spore\n|\n|-damage|p1a: Palafin|47\/100 brn|[from] brn\n|-damage|p2a: Amoonguss|88\/100 brn|[from] brn\n|upkeep\n|turn|11\n|\n|t:|1683739554\n|switch|p2b: Palafin|Palafin-Hero, L50, M, tera:Water|74\/100\n|switch|p1b: Amoonguss|Amoonguss, L50, F|100\/100 brn\n|move|p1a: Palafin|Protect|p1a: Palafin\n|-singleturn|p1a: Palafin|Protect\n|move|p2a: Amoonguss|Pollen Puff|p1a: Palafin\n|-activate|p1a: Palafin|move: Protect\n|\n|-damage|p1a: Palafin|41\/100 brn|[from] brn\n|-damage|p2a: Amoonguss|82\/100 brn|[from] brn\n|-damage|p1b: Amoonguss|95\/100 brn|[from] brn\n|upkeep\n|turn|12\n|\n|t:|1683739593\n|switch|p2a: Arcanine|Arcanine, L50, F|94\/100\n|-ability|p2a: Arcanine|Intimidate|boost\n|-unboost|p1a: Palafin|atk|1\n|-unboost|p1b: Amoonguss|atk|1\n|move|p1a: Palafin|Jet Punch|p2a: Arcanine\n|-supereffective|p2a: Arcanine\n|-damage|p2a: Arcanine|39\/100\n|move|p2b: Palafin|Wave Crash|p1a: Palafin\n|-resisted|p1a: Palafin\n|-damage|p1a: Palafin|0 fnt\n|faint|p1a: Palafin\n|-damage|p2b: Palafin|61\/100|[from] Recoil\n|move|p1b: Amoonguss|Pollen Puff|p1: Palafin|[notarget]\n|-fail|p1b: Amoonguss\n|\n|-damage|p1b: Amoonguss|89\/100 brn|[from] brn\n|upkeep\n|\n|t:|1683739601\n|switch|p1a: Arcanine|Arcanine, L50, F|57\/100\n|-ability|p1a: Arcanine|Intimidate|boost\n|-unboost|p2a: Arcanine|atk|1\n|-unboost|p2b: Palafin|atk|1\n|turn|13\n|\n|t:|1683739618\n|switch|p2a: Amoonguss|Amoonguss, L50, M, shiny|100\/100 brn\n|move|p2b: Palafin|Protect|p2b: Palafin\n|-singleturn|p2b: Palafin|Protect\n|move|p1a: Arcanine|Extreme Speed|p2a: Amoonguss\n|-damage|p2a: Amoonguss|86\/100 brn\n|move|p1b: Amoonguss|Rage Powder|p1b: Amoonguss\n|-singleturn|p1b: Amoonguss|move: Rage Powder\n|\n|-damage|p2a: Amoonguss|80\/100 brn|[from] brn\n|-damage|p1b: Amoonguss|83\/100 brn|[from] brn\n|upkeep\n|turn|14\n|\n|t:|1683739642\n|switch|p2b: Arcanine|Arcanine, L50, F|39\/100\n|-ability|p2b: Arcanine|Intimidate|boost\n|-unboost|p1a: Arcanine|atk|1\n|-unboost|p1b: Amoonguss|atk|1\n|move|p1b: Amoonguss|Rage Powder|p1b: Amoonguss\n|-singleturn|p1b: Amoonguss|move: Rage Powder\n|move|p1a: Arcanine|Flare Blitz|p2a: Amoonguss\n|-supereffective|p2a: Amoonguss\n|-damage|p2a: Amoonguss|36\/100 brn\n|-enditem|p2a: Amoonguss|Sitrus Berry|[eat]\n|-heal|p2a: Amoonguss|61\/100 brn|[from] item: Sitrus Berry\n|-damage|p1a: Arcanine|41\/100|[from] Recoil\n|move|p2a: Amoonguss|Pollen Puff|p2b: Arcanine\n|-heal|p2b: Arcanine|89\/100\n|\n|-damage|p2a: Amoonguss|56\/100 brn|[from] brn\n|-damage|p1b: Amoonguss|77\/100 brn|[from] brn\n|upkeep\n|turn|15\n|\n|t:|1683739673\n|move|p1b: Amoonguss|Protect|p1b: Amoonguss\n|-singleturn|p1b: Amoonguss|Protect\n|move|p2b: Arcanine|Flare Blitz|p1b: Amoonguss\n|-activate|p1b: Amoonguss|move: Protect\n|move|p1a: Arcanine|Will-O-Wisp|p2a: Amoonguss\n|-fail|p2a: Amoonguss|brn\n|move|p2a: Amoonguss|Pollen Puff|p1b: Amoonguss\n|-activate|p1b: Amoonguss|move: Protect\n|\n|-damage|p2a: Amoonguss|50\/100 brn|[from] brn\n|-damage|p1b: Amoonguss|71\/100 brn|[from] brn\n|upkeep\n|turn|16\n|\n|t:|1683739685\n|move|p2b: Arcanine|Flare Blitz|p1b: Amoonguss\n|-supereffective|p1b: Amoonguss\n|-damage|p1b: Amoonguss|0 fnt\n|faint|p1b: Amoonguss\n|-damage|p2b: Arcanine|63\/100|[from] Recoil\n|move|p1a: Arcanine|Flare Blitz|p2a: Amoonguss\n|-supereffective|p2a: Amoonguss\n|-damage|p2a: Amoonguss|9\/100 brn\n|-damage|p1a: Arcanine|26\/100|[from] Recoil\n|move|p2a: Amoonguss|Pollen Puff|p1a: Arcanine\n|-resisted|p1a: Arcanine\n|-damage|p1a: Arcanine|16\/100\n|\n|-damage|p2a: Amoonguss|3\/100 brn|[from] brn\n|upkeep\n|\n|t:|1683739687\n|switch|p1b: Flutter Mane|Flutter Mane, L50, shiny, tera:Fairy|2\/100\n|turn|17\n|c|\u2606XeolnorzTG|gg\n|c|\u2606Garompa fan|gg\n|\n|t:|1683739706\n|move|p2b: Arcanine|Extreme Speed|p1b: Flutter Mane\n|-crit|p1b: Flutter Mane\n|-damage|p1b: Flutter Mane|0 fnt\n|faint|p1b: Flutter Mane\n|-end|p1b: Flutter Mane|Protosynthesis|[silent]\n|move|p1a: Arcanine|Extreme Speed|p2b: Arcanine\n|-damage|p2b: Arcanine|47\/100\n|move|p2a: Amoonguss|Pollen Puff|p2b: Arcanine\n|-heal|p2b: Arcanine|96\/100\n|\n|-damage|p2a: Amoonguss|0 fnt|[from] brn\n|faint|p2a: Amoonguss\n|upkeep\n|\n|t:|1683739721\n|switch|p2a: Palafin|Palafin-Hero, L50, M, tera:Water|61\/100\n|turn|18\n|\n|t:|1683739747\n|move|p2b: Arcanine|Extreme Speed|p1a: Arcanine\n|-damage|p1a: Arcanine|0 fnt\n|faint|p1a: Arcanine\n|\n|win|XeolnorzTG\n|l|\u2606Garompa fan\n","uploadtime":1683739754,"views":13,"p1id":"garompafan","p2id":"xeolnorztg","formatid":"gen9vgc2023regulationc","rating":0,"private":0,"password":""}