{"id":"gen9vgc2023regulationc-1856470607","p1":"AlphaWolf67","p2":"GTFDF","format":"[Gen 9] VGC 2023 Regulation C","log":"|j|\u2606AlphaWolf67\n|j|\u2606GTFDF\n|t:|1683065067\n|gametype|doubles\n|player|p1|AlphaWolf67|n|1091\n|player|p2|GTFDF|170|1168\n|teamsize|p1|6\n|teamsize|p2|6\n|gen|9\n|tier|[Gen 9] VGC 2023 Regulation C\n|rated|\n|rule|Species Clause: Limit one of each Pok\u00e9mon\n|rule|Item Clause: Limit one of each item\n|clearpoke\n|poke|p1|Torkoal, L50, M|\n|poke|p1|Indeedee-F, L50, F|\n|poke|p1|Iron Hands, L50|\n|poke|p1|Arboliva, L50, M|\n|poke|p1|Tyranitar, L50, M|\n|poke|p1|Hatterene, L50, F|\n|poke|p2|Torkoal, L50, F|\n|poke|p2|Chi-Yu, L50|\n|poke|p2|Bronzong, L50|\n|poke|p2|Gastrodon, L50, F|\n|poke|p2|Grimmsnarl, L50, M|\n|poke|p2|Skeledirge, L50, M|\n|teampreview|4\n|inactive|Battle timer is ON: inactive players will automatically lose when time's up. (requested by GTFDF)\n|\n|t:|1683065118\n|start\n|switch|p1a: Indeedee|Indeedee-F, L50, F|100\/100\n|switch|p1b: Tyranitar|Tyranitar, L50, M|100\/100\n|switch|p2a: Chi-Yu|Chi-Yu, L50|100\/100\n|switch|p2b: Grimmsnarl|Grimmsnarl, L50, M|100\/100\n|-ability|p2a: Chi-Yu|Beads of Ruin\n|-fieldstart|move: Psychic Terrain|[from] ability: Psychic Surge|[of] p1a: Indeedee\n|-weather|Sandstorm|[from] ability: Sand Stream|[of] p1b: Tyranitar\n|turn|1\n|inactive|AlphaWolf67 has 30 seconds left.\n|\n|t:|1683065145\n|switch|p2a: Bronzong|Bronzong, L50|100\/100\n|-terastallize|p1a: Indeedee|Fairy\n|move|p1b: Tyranitar|Rock Slide|p2b: Grimmsnarl|[spread] p2a,p2b\n|-resisted|p2a: Bronzong\n|-damage|p2a: Bronzong|90\/100\n|-damage|p2b: Grimmsnarl|66\/100\n|move|p2b: Grimmsnarl|Spirit Break|p1a: Indeedee\n|-damage|p1a: Indeedee|65\/100\n|-unboost|p1a: Indeedee|spa|1\n|move|p1a: Indeedee|Trick Room|p1a: Indeedee\n|-fieldstart|move: Trick Room|[of] p1a: Indeedee\n|\n|-weather|Sandstorm|[upkeep]\n|-damage|p2b: Grimmsnarl|60\/100|[from] Sandstorm\n|upkeep\n|turn|2\n|inactive|AlphaWolf67 has 30 seconds left.\n|inactive|AlphaWolf67 has 20 seconds left.\n|inactive|AlphaWolf67 has 15 seconds left.\n|\n|t:|1683065189\n|move|p1a: Indeedee|Follow Me|p1a: Indeedee\n|-singleturn|p1a: Indeedee|move: Follow Me\n|move|p2a: Bronzong|Iron Head|p1a: Indeedee\n|-supereffective|p1a: Indeedee\n|-damage|p1a: Indeedee|17\/100\n|move|p1b: Tyranitar|Crunch|p2a: Bronzong\n|-supereffective|p2a: Bronzong\n|-damage|p2a: Bronzong|24\/100\n|move|p2b: Grimmsnarl|Spirit Break|p1a: Indeedee\n|-damage|p1a: Indeedee|0 fnt\n|faint|p1a: Indeedee\n|\n|-weather|Sandstorm|[upkeep]\n|-damage|p2b: Grimmsnarl|54\/100|[from] Sandstorm\n|upkeep\n|\n|t:|1683065195\n|switch|p1a: Torkoal|Torkoal, L50, M|100\/100\n|-weather|SunnyDay|[from] ability: Drought|[of] p1a: Torkoal\n|turn|3\n|\n|t:|1683065218\n|switch|p2b: Chi-Yu|Chi-Yu, L50|100\/100\n|-ability|p2b: Chi-Yu|Beads of Ruin\n|move|p1a: Torkoal|Eruption|p2a: Bronzong|[spread] p2a,p2b\n|-supereffective|p2a: Bronzong\n|-resisted|p2b: Chi-Yu\n|-damage|p2a: Bronzong|0 fnt\n|-damage|p2b: Chi-Yu|57\/100\n|faint|p2a: Bronzong\n|move|p1b: Tyranitar|Low Kick|p2b: Chi-Yu\n|-supereffective|p2b: Chi-Yu\n|-damage|p2b: Chi-Yu|37\/100\n|\n|-weather|SunnyDay|[upkeep]\n|upkeep\n|\n|t:|1683065233\n|switch|p2a: Torkoal|Torkoal, L50, F|100\/100\n|turn|4\n|\n|t:|1683065248\n|move|p2a: Torkoal|Protect|p2a: Torkoal\n|-singleturn|p2a: Torkoal|Protect\n|move|p1a: Torkoal|Protect|p1a: Torkoal\n|-singleturn|p1a: Torkoal|Protect\n|move|p2b: Chi-Yu|Protect|p2b: Chi-Yu\n|-singleturn|p2b: Chi-Yu|Protect\n|move|p1b: Tyranitar|Rock Slide|p2b: Chi-Yu|[spread] \n|-activate|p2a: Torkoal|move: Protect\n|-activate|p2b: Chi-Yu|move: Protect\n|\n|-weather|SunnyDay|[upkeep]\n|upkeep\n|turn|5\n|\n|t:|1683065261\n|switch|p2b: Grimmsnarl|Grimmsnarl, L50, M|54\/100\n|move|p1a: Torkoal|Eruption|p2b: Grimmsnarl|[spread] p2a,p2b\n|-resisted|p2a: Torkoal\n|-damage|p2a: Torkoal|35\/100\n|-damage|p2b: Grimmsnarl|0 fnt\n|faint|p2b: Grimmsnarl\n|move|p2a: Torkoal|Body Press|p1b: Tyranitar\n|-supereffective|p1b: Tyranitar\n|-damage|p1b: Tyranitar|4\/100\n|move|p1b: Tyranitar|Rock Slide|p2a: Torkoal|[miss]\n|-miss|p1b: Tyranitar|p2a: Torkoal\n|\n|-weather|SunnyDay|[upkeep]\n|-fieldend|move: Trick Room\n|-fieldend|move: Psychic Terrain\n|upkeep\n|\n|t:|1683065272\n|switch|p2b: Chi-Yu|Chi-Yu, L50|37\/100\n|-ability|p2b: Chi-Yu|Beads of Ruin\n|turn|6\n|\n|t:|1683065283\n|move|p1a: Torkoal|Protect|p1a: Torkoal\n|-singleturn|p1a: Torkoal|Protect\n|move|p2b: Chi-Yu|Snarl|p1b: Tyranitar|[spread] p1b\n|-activate|p1a: Torkoal|move: Protect\n|-resisted|p1b: Tyranitar\n|-damage|p1b: Tyranitar|0 fnt\n|faint|p1b: Tyranitar\n|move|p2a: Torkoal|Earth Power|p1a: Torkoal\n|-activate|p1a: Torkoal|move: Protect\n|\n|-weather|SunnyDay|[upkeep]\n|upkeep\n|\n|t:|1683065292\n|switch|p1b: Arboliva|Arboliva, L50, M|100\/100\n|turn|7\n|\n|t:|1683065309\n|move|p2b: Chi-Yu|Protect|p2b: Chi-Yu\n|-singleturn|p2b: Chi-Yu|Protect\n|move|p1b: Arboliva|Hyper Voice|p2a: Torkoal|[spread] p2a\n|-activate|p2b: Chi-Yu|move: Protect\n|-damage|p2a: Torkoal|0 fnt\n|faint|p2a: Torkoal\n|move|p1a: Torkoal|Eruption|p2b: Chi-Yu\n|-activate|p2b: Chi-Yu|move: Protect\n|\n|-weather|none\n|upkeep\n|turn|8\n|\n|t:|1683065321\n|-terastallize|p2b: Chi-Yu|Ghost\n|move|p2b: Chi-Yu|Snarl|p1a: Torkoal|[spread] p1a,p1b\n|-damage|p1a: Torkoal|65\/100\n|-damage|p1b: Arboliva|79\/100\n|-unboost|p1a: Torkoal|spa|1\n|-unboost|p1b: Arboliva|spa|1\n|-fieldstart|move: Grassy Terrain|[from] ability: Seed Sower|[of] p1b: Arboliva\n|move|p1b: Arboliva|Hyper Voice|p2b: Chi-Yu\n|-immune|p2b: Chi-Yu\n|move|p1a: Torkoal|Earth Power|p2b: Chi-Yu\n|-damage|p2b: Chi-Yu|21\/100\n|-enditem|p2b: Chi-Yu|Wiki Berry|[eat]\n|-heal|p2b: Chi-Yu|55\/100|[from] item: Wiki Berry\n|\n|-heal|p2b: Chi-Yu|60\/100|[from] Grassy Terrain\n|-heal|p1b: Arboliva|85\/100|[from] Grassy Terrain\n|-heal|p1a: Torkoal|71\/100|[from] Grassy Terrain\n|upkeep\n|turn|9\n|inactive|AlphaWolf67 has 30 seconds left.\n|\n|t:|1683065346\n|move|p2b: Chi-Yu|Snarl|p1b: Arboliva|[spread] p1a,p1b\n|-damage|p1a: Torkoal|38\/100\n|-damage|p1b: Arboliva|62\/100\n|-unboost|p1a: Torkoal|spa|1\n|-unboost|p1b: Arboliva|spa|1\n|move|p1b: Arboliva|Hyper Voice|p2b: Chi-Yu\n|-immune|p2b: Chi-Yu\n|move|p1a: Torkoal|Flamethrower|p2b: Chi-Yu\n|-damage|p2b: Chi-Yu|35\/100\n|-status|p2b: Chi-Yu|brn\n|\n|-heal|p2b: Chi-Yu|41\/100 brn|[from] Grassy Terrain\n|-heal|p1b: Arboliva|68\/100|[from] Grassy Terrain\n|-heal|p1a: Torkoal|45\/100|[from] Grassy Terrain\n|-damage|p2b: Chi-Yu|35\/100 brn|[from] brn\n|upkeep\n|turn|10\n|\n|t:|1683065355\n|move|p1a: Torkoal|Protect|p1a: Torkoal\n|-singleturn|p1a: Torkoal|Protect\n|move|p2b: Chi-Yu|Tera Blast|p1a: Torkoal\n|-activate|p1a: Torkoal|move: Protect\n|move|p1b: Arboliva|Hyper Voice|p2b: Chi-Yu\n|-immune|p2b: Chi-Yu\n|\n|-heal|p2b: Chi-Yu|41\/100 brn|[from] Grassy Terrain\n|-heal|p1b: Arboliva|74\/100|[from] Grassy Terrain\n|-heal|p1a: Torkoal|51\/100|[from] Grassy Terrain\n|-damage|p2b: Chi-Yu|35\/100 brn|[from] brn\n|upkeep\n|turn|11\n|\n|t:|1683065372\n|move|p2b: Chi-Yu|Tera Blast|p1a: Torkoal\n|-damage|p1a: Torkoal|0 fnt\n|faint|p1a: Torkoal\n|move|p1b: Arboliva|Hyper Voice|p2b: Chi-Yu\n|-immune|p2b: Chi-Yu\n|\n|-heal|p2b: Chi-Yu|41\/100 brn|[from] Grassy Terrain\n|-heal|p1b: Arboliva|80\/100|[from] Grassy Terrain\n|-damage|p2b: Chi-Yu|35\/100 brn|[from] brn\n|upkeep\n|turn|12\n|\n|t:|1683065379\n|move|p2b: Chi-Yu|Snarl|p1b: Arboliva\n|-damage|p1b: Arboliva|51\/100\n|-unboost|p1b: Arboliva|spa|1\n|move|p1b: Arboliva|Hyper Voice|p2b: Chi-Yu\n|-immune|p2b: Chi-Yu\n|\n|-heal|p2b: Chi-Yu|41\/100 brn|[from] Grassy Terrain\n|-heal|p1b: Arboliva|57\/100|[from] Grassy Terrain\n|-damage|p2b: Chi-Yu|35\/100 brn|[from] brn\n|-fieldend|move: Grassy Terrain\n|upkeep\n|turn|13\n|\n|t:|1683065385\n|move|p2b: Chi-Yu|Snarl|p1b: Arboliva\n|-damage|p1b: Arboliva|29\/100\n|-unboost|p1b: Arboliva|spa|1\n|-fieldstart|move: Grassy Terrain|[from] ability: Seed Sower|[of] p1b: Arboliva\n|move|p1b: Arboliva|Hyper Voice|p2b: Chi-Yu\n|-immune|p2b: Chi-Yu\n|\n|-heal|p2b: Chi-Yu|41\/100 brn|[from] Grassy Terrain\n|-heal|p1b: Arboliva|35\/100|[from] Grassy Terrain\n|-damage|p2b: Chi-Yu|35\/100 brn|[from] brn\n|upkeep\n|turn|14\n|\n|t:|1683065397\n|move|p2b: Chi-Yu|Snarl|p1b: Arboliva\n|-damage|p1b: Arboliva|8\/100\n|-unboost|p1b: Arboliva|spa|1\n|move|p1b: Arboliva|Hyper Voice|p2b: Chi-Yu\n|-immune|p2b: Chi-Yu\n|\n|-heal|p2b: Chi-Yu|41\/100 brn|[from] Grassy Terrain\n|-heal|p1b: Arboliva|13\/100|[from] Grassy Terrain\n|-damage|p2b: Chi-Yu|35\/100 brn|[from] brn\n|upkeep\n|turn|15\n|\n|t:|1683065401\n|move|p2b: Chi-Yu|Snarl|p1b: Arboliva\n|-damage|p1b: Arboliva|0 fnt\n|faint|p1b: Arboliva\n|\n|win|GTFDF\n|raw|AlphaWolf67's rating: 1091 → 1073<\/strong> (-18 for losing)\n|raw|GTFDF's rating: 1168 → 1188<\/strong> (+20 for winning)\n","uploadtime":1683065405,"views":6,"p1id":"alphawolf67","p2id":"gtfdf","formatid":"gen9vgc2023regulationc","rating":1073,"private":0,"password":""}