{"id":"gen9vgc2023regulationc-1847873537","p1":"Hidro17","p2":"TerribleVGC","format":"[Gen 9] VGC 2023 Regulation C","log":"|j|\u2606Hidro17\n|j|\u2606TerribleVGC\n|t:|1682008976\n|gametype|doubles\n|player|p1|Hidro17|policeman|1224\n|player|p2|TerribleVGC|1|1219\n|teamsize|p1|6\n|teamsize|p2|6\n|gen|9\n|tier|[Gen 9] VGC 2023 Regulation C\n|rated|\n|rule|Species Clause: Limit one of each Pok\u00e9mon\n|rule|Item Clause: Limit one of each item\n|clearpoke\n|poke|p1|Iron Treads, L50|\n|poke|p1|Chien-Pao, L50|\n|poke|p1|Amoonguss, L50, F|\n|poke|p1|Flutter Mane, L50|\n|poke|p1|Talonflame, L50, F|\n|poke|p1|Gastrodon, L50, F|\n|poke|p2|Chi-Yu, L50|\n|poke|p2|Dachsbun, L50, M|\n|poke|p2|Dragonite, L50, F|\n|poke|p2|Chien-Pao, L50|\n|poke|p2|Flutter Mane, L50|\n|poke|p2|Azumarill, L50, M|\n|teampreview|4\n|inactive|Battle timer is ON: inactive players will automatically lose when time's up. (requested by Hidro17)\n|\n|t:|1682009005\n|start\n|switch|p1a: Chien-Pao|Chien-Pao, L50|100\/100\n|switch|p1b: Iron Treads|Iron Treads, L50|100\/100\n|switch|p2a: Chi-Yu|Chi-Yu, L50|100\/100\n|switch|p2b: Dachsbun|Dachsbun, L50, M, shiny|100\/100\n|-ability|p2a: Chi-Yu|Beads of Ruin\n|-ability|p1a: Chien-Pao|Sword of Ruin\n|turn|1\n|\n|t:|1682009028\n|-terastallize|p1b: Iron Treads|Fairy\n|-terastallize|p2b: Dachsbun|Grass\n|move|p1a: Chien-Pao|Protect|p1a: Chien-Pao\n|-singleturn|p1a: Chien-Pao|Protect\n|move|p2a: Chi-Yu|Lava Plume|p1b: Iron Treads|[spread] p1b\n|-activate|p1a: Chien-Pao|move: Protect\n|-ability|p2b: Dachsbun|Well-Baked Body|boost\n|-boost|p2b: Dachsbun|def|2\n|-damage|p1b: Iron Treads|62\/100\n|move|p1b: Iron Treads|Earthquake|p2b: Dachsbun|[spread] p2a,p2b\n|-activate|p1a: Chien-Pao|move: Protect\n|-supereffective|p2a: Chi-Yu\n|-resisted|p2b: Dachsbun\n|-damage|p2a: Chi-Yu|0 fnt\n|-damage|p2b: Dachsbun|91\/100\n|faint|p2a: Chi-Yu\n|move|p2b: Dachsbun|Body Press|p1b: Iron Treads\n|-resisted|p1b: Iron Treads\n|-damage|p1b: Iron Treads|36\/100\n|\n|-heal|p2b: Dachsbun|97\/100|[from] item: Leftovers\n|upkeep\n|\n|t:|1682009038\n|switch|p2a: Chien-Pao|Chien-Pao, L50|100\/100\n|-ability|p2a: Chien-Pao|Sword of Ruin\n|turn|2\n|inactive|Hidro17 has 30 seconds left.\n|\n|t:|1682009071\n|move|p2b: Dachsbun|Protect|p2b: Dachsbun\n|-singleturn|p2b: Dachsbun|Protect\n|move|p2a: Chien-Pao|Sucker Punch|p1a: Chien-Pao\n|-resisted|p1a: Chien-Pao\n|-damage|p1a: Chien-Pao|74\/100\n|move|p1a: Chien-Pao|Ice Spinner|p2b: Dachsbun\n|-activate|p2b: Dachsbun|move: Protect\n|move|p1b: Iron Treads|Iron Head|p2a: Chien-Pao\n|-supereffective|p2a: Chien-Pao\n|-enditem|p2a: Chien-Pao|Focus Sash\n|-damage|p2a: Chien-Pao|1\/100\n|\n|-heal|p2b: Dachsbun|100\/100|[from] item: Leftovers\n|upkeep\n|turn|3\n|\n|t:|1682009086\n|move|p1a: Chien-Pao|Protect|p1a: Chien-Pao\n|-singleturn|p1a: Chien-Pao|Protect\n|move|p2a: Chien-Pao|Protect|p2a: Chien-Pao\n|-singleturn|p2a: Chien-Pao|Protect\n|move|p1b: Iron Treads|Earthquake|p2a: Chien-Pao|[spread] p2b\n|-activate|p1a: Chien-Pao|move: Protect\n|-activate|p2a: Chien-Pao|move: Protect\n|-resisted|p2b: Dachsbun\n|-damage|p2b: Dachsbun|90\/100\n|move|p2b: Dachsbun|Body Press|p1b: Iron Treads\n|-resisted|p1b: Iron Treads\n|-damage|p1b: Iron Treads|8\/100\n|\n|-heal|p2b: Dachsbun|96\/100|[from] item: Leftovers\n|upkeep\n|turn|4\n|\n|t:|1682009103\n|move|p2a: Chien-Pao|Sucker Punch|p1b: Iron Treads\n|-resisted|p1b: Iron Treads\n|-damage|p1b: Iron Treads|0 fnt\n|faint|p1b: Iron Treads\n|-end|p1b: Iron Treads|Quark Drive|[silent]\n|move|p1a: Chien-Pao|Ice Spinner|p2b: Dachsbun\n|-supereffective|p2b: Dachsbun\n|-damage|p2b: Dachsbun|51\/100\n|move|p2b: Dachsbun|Body Press|p1a: Chien-Pao\n|-supereffective|p1a: Chien-Pao\n|-damage|p1a: Chien-Pao|0 fnt\n|faint|p1a: Chien-Pao\n|\n|-heal|p2b: Dachsbun|57\/100|[from] item: Leftovers\n|upkeep\n|\n|t:|1682009110\n|switch|p1a: Gastrodon|Gastrodon, L50, F|100\/100\n|switch|p1b: Amoonguss|Amoonguss, L50, F|100\/100\n|turn|5\n|\n|t:|1682009131\n|move|p1a: Gastrodon|Protect|p1a: Gastrodon\n|-singleturn|p1a: Gastrodon|Protect\n|move|p2a: Chien-Pao|Sacred Sword|p1a: Gastrodon\n|-activate|p1a: Gastrodon|move: Protect\n|move|p2b: Dachsbun|Body Press|p1a: Gastrodon\n|-activate|p1a: Gastrodon|move: Protect\n|move|p1b: Amoonguss|Pollen Puff|p2a: Chien-Pao\n|-supereffective|p2a: Chien-Pao\n|-crit|p2a: Chien-Pao\n|-damage|p2a: Chien-Pao|0 fnt\n|faint|p2a: Chien-Pao\n|\n|-heal|p2b: Dachsbun|63\/100|[from] item: Leftovers\n|upkeep\n|\n|t:|1682009133\n|switch|p2a: Dragonite|Dragonite, L50, F|100\/100\n|turn|6\n|\n|t:|1682009151\n|move|p2a: Dragonite|Extreme Speed|p1a: Gastrodon\n|-damage|p1a: Gastrodon|70\/100\n|move|p2b: Dachsbun|Body Press|p1a: Gastrodon\n|-damage|p1a: Gastrodon|28\/100\n|move|p1a: Gastrodon|Ice Beam|p2a: Dragonite\n|-supereffective|p2a: Dragonite\n|-crit|p2a: Dragonite\n|-damage|p2a: Dragonite|25\/100\n|move|p1b: Amoonguss|Spore|p2a: Dragonite\n|-status|p2a: Dragonite|slp|[from] move: Spore\n|-enditem|p2a: Dragonite|Lum Berry|[eat]\n|-curestatus|p2a: Dragonite|slp|[msg]\n|\n|-heal|p2b: Dachsbun|69\/100|[from] item: Leftovers\n|-heal|p1a: Gastrodon|34\/100|[from] item: Leftovers\n|upkeep\n|turn|7\n|\n|t:|1682009171\n|move|p2a: Dragonite|Protect|p2a: Dragonite\n|-singleturn|p2a: Dragonite|Protect\n|move|p1a: Gastrodon|Protect|p1a: Gastrodon\n|-singleturn|p1a: Gastrodon|Protect\n|move|p2b: Dachsbun|Yawn|p1b: Amoonguss\n|-start|p1b: Amoonguss|move: Yawn|[of] p2b: Dachsbun\n|move|p1b: Amoonguss|Spore|p2a: Dragonite\n|-activate|p2a: Dragonite|move: Protect\n|\n|-heal|p2b: Dachsbun|75\/100|[from] item: Leftovers\n|-heal|p1a: Gastrodon|40\/100|[from] item: Leftovers\n|upkeep\n|turn|8\n|\n|t:|1682009182\n|move|p2a: Dragonite|Extreme Speed|p1a: Gastrodon\n|-damage|p1a: Gastrodon|10\/100\n|move|p2b: Dachsbun|Body Press|p1a: Gastrodon\n|-damage|p1a: Gastrodon|0 fnt\n|faint|p1a: Gastrodon\n|move|p1b: Amoonguss|Spore|p2a: Dragonite\n|-status|p2a: Dragonite|slp|[from] move: Spore\n|\n|-heal|p2b: Dachsbun|82\/100|[from] item: Leftovers\n|-end|p1b: Amoonguss|move: Yawn|[silent]\n|-status|p1b: Amoonguss|slp\n|upkeep\n|turn|9\n|\n|t:|1682009191\n|cant|p2a: Dragonite|slp\n|move|p2b: Dachsbun|Stomping Tantrum|p1b: Amoonguss\n|-damage|p1b: Amoonguss|85\/100 slp\n|cant|p1b: Amoonguss|slp\n|\n|-heal|p2b: Dachsbun|88\/100|[from] item: Leftovers\n|upkeep\n|turn|10\n|\n|t:|1682009199\n|move|p2b: Dachsbun|Protect|p2b: Dachsbun\n|-singleturn|p2b: Dachsbun|Protect\n|-curestatus|p2a: Dragonite|slp|[msg]\n|move|p2a: Dragonite|Extreme Speed|p1b: Amoonguss\n|-damage|p1b: Amoonguss|51\/100 slp\n|-curestatus|p1b: Amoonguss|slp|[msg]\n|move|p1b: Amoonguss|Pollen Puff|p2b: Dachsbun\n|-activate|p2b: Dachsbun|move: Protect\n|\n|-heal|p2b: Dachsbun|94\/100|[from] item: Leftovers\n|upkeep\n|turn|11\n|\n|t:|1682009210\n|move|p2b: Dachsbun|Protect||[still]\n|-fail|p2b: Dachsbun\n|move|p2a: Dragonite|Extreme Speed|p1b: Amoonguss\n|-damage|p1b: Amoonguss|17\/100\n|-enditem|p1b: Amoonguss|Sitrus Berry|[eat]\n|-heal|p1b: Amoonguss|42\/100|[from] item: Sitrus Berry\n|move|p1b: Amoonguss|Pollen Puff|p2b: Dachsbun\n|-supereffective|p2b: Dachsbun\n|-damage|p2b: Dachsbun|55\/100\n|\n|-heal|p2b: Dachsbun|61\/100|[from] item: Leftovers\n|upkeep\n|turn|12\n|-message|Hidro17 forfeited.\n|\n|win|TerribleVGC\n|raw|Hidro17's rating: 1224 → 1199<\/strong> (-25 for losing)\n|raw|TerribleVGC's rating: 1219 → 1244<\/strong> (+25 for winning)\n|l|\u2606Hidro17\n","uploadtime":1682009261,"views":16,"p1id":"hidro17","p2id":"terriblevgc","formatid":"gen9vgc2023regulationc","rating":1199,"private":0,"password":""}