{"id":"gen9vgc2023regulationc-1862434302","p1":"Nachonyan","p2":"wisdaze","format":"[Gen 9] VGC 2023 Regulation C","log":"|j|\u2606Nachonyan\n|j|\u2606wisdaze\n|t:|1683885516\n|gametype|doubles\n|player|p1|Nachonyan|169|1135\n|player|p2|wisdaze|rosa|1104\n|teamsize|p1|6\n|teamsize|p2|6\n|gen|9\n|tier|[Gen 9] VGC 2023 Regulation C\n|rated|\n|rule|Species Clause: Limit one of each Pok\u00e9mon\n|rule|Item Clause: Limit one of each item\n|clearpoke\n|poke|p1|Arcanine, L50, F|\n|poke|p1|Chien-Pao, L50|\n|poke|p1|Amoonguss, L50, M|\n|poke|p1|Palafin, L50, M|\n|poke|p1|Flutter Mane, L50|\n|poke|p1|Glimmora, L50, F|\n|poke|p2|Murkrow, L50, F|\n|poke|p2|Flutter Mane, L50|\n|poke|p2|Gholdengo, L50|\n|poke|p2|Chi-Yu, L50|\n|poke|p2|Chien-Pao, L50|\n|poke|p2|Dragonite, L50, F|\n|teampreview|4\n|inactive|Battle timer is ON: inactive players will automatically lose when time's up. (requested by wisdaze)\n|\n|t:|1683885547\n|start\n|switch|p1a: Topzin|Flutter Mane, L50|100\/100\n|switch|p1b: Pramanix|Chien-Pao, L50|100\/100\n|switch|p2a: Murkrow|Murkrow, L50, F|100\/100\n|switch|p2b: Flutter Mane|Flutter Mane, L50|100\/100\n|-ability|p1b: Pramanix|Sword of Ruin\n|-enditem|p1a: Topzin|Booster Energy\n|-activate|p1a: Topzin|ability: Protosynthesis|[fromitem]\n|-start|p1a: Topzin|protosynthesisspe\n|-enditem|p2b: Flutter Mane|Booster Energy\n|-activate|p2b: Flutter Mane|ability: Protosynthesis|[fromitem]\n|-start|p2b: Flutter Mane|protosynthesisspa\n|turn|1\n|\n|t:|1683885570\n|move|p2b: Flutter Mane|Protect|p2b: Flutter Mane\n|-singleturn|p2b: Flutter Mane|Protect\n|move|p1b: Pramanix|Sucker Punch||[still]\n|-fail|p1b: Pramanix\n|move|p2a: Murkrow|Tailwind|p2a: Murkrow\n|-sidestart|p2: wisdaze|move: Tailwind\n|move|p1a: Topzin|Moonblast|p2a: Murkrow\n|-supereffective|p2a: Murkrow\n|-damage|p2a: Murkrow|0 fnt\n|faint|p2a: Murkrow\n|\n|upkeep\n|\n|t:|1683885581\n|switch|p2a: Chi-Yu|Chi-Yu, L50|100\/100\n|-ability|p2a: Chi-Yu|Beads of Ruin\n|turn|2\n|\n|t:|1683885599\n|move|p1a: Topzin|Protect|p1a: Topzin\n|-singleturn|p1a: Topzin|Protect\n|move|p1b: Pramanix|Sucker Punch|p2b: Flutter Mane\n|-damage|p2b: Flutter Mane|26\/100\n|move|p2b: Flutter Mane|Shadow Ball|p1a: Topzin\n|-activate|p1a: Topzin|move: Protect\n|move|p2a: Chi-Yu|Heat Wave|p1b: Pramanix|[spread] p1b\n|-activate|p1a: Topzin|move: Protect\n|-supereffective|p1b: Pramanix\n|-enditem|p1b: Pramanix|Focus Sash\n|-damage|p1b: Pramanix|1\/100\n|-damage|p2a: Chi-Yu|91\/100|[from] item: Life Orb\n|\n|upkeep\n|turn|3\n|\n|t:|1683885619\n|-end|p2b: Flutter Mane|Protosynthesis|[silent]\n|switch|p2b: Dragonite|Dragonite, L50, F|100\/100\n|move|p1b: Pramanix|Sucker Punch||[still]\n|-fail|p1b: Pramanix\n|move|p2a: Chi-Yu|Heat Wave|p1a: Topzin|[spread] p1a,p1b\n|-supereffective|p1b: Pramanix\n|-damage|p1a: Topzin|24\/100\n|-damage|p1b: Pramanix|0 fnt\n|-status|p1a: Topzin|brn\n|faint|p1b: Pramanix\n|-damage|p2a: Chi-Yu|81\/100|[from] item: Life Orb\n|move|p1a: Topzin|Moonblast|p2a: Chi-Yu\n|-damage|p2a: Chi-Yu|18\/100\n|\n|-damage|p1a: Topzin|18\/100 brn|[from] brn\n|upkeep\n|\n|t:|1683885635\n|switch|p1b: Blondie|Arcanine, L50, F|100\/100\n|-ability|p1b: Blondie|Intimidate|boost\n|-unboost|p2a: Chi-Yu|atk|1\n|-unboost|p2b: Dragonite|atk|1\n|turn|4\n|\n|t:|1683885651\n|move|p2a: Chi-Yu|Protect|p2a: Chi-Yu\n|-singleturn|p2a: Chi-Yu|Protect\n|move|p1a: Topzin|Protect|p1a: Topzin\n|-singleturn|p1a: Topzin|Protect\n|move|p1b: Blondie|Extreme Speed|p2a: Chi-Yu\n|-activate|p2a: Chi-Yu|move: Protect\n|move|p2b: Dragonite|Aqua Jet|p1b: Blondie\n|-supereffective|p1b: Blondie\n|-damage|p1b: Blondie|59\/100\n|\n|-damage|p1a: Topzin|12\/100 brn|[from] brn\n|-sideend|p2: wisdaze|move: Tailwind\n|upkeep\n|turn|5\n|inactive|wisdaze has 30 seconds left.\n|inactive|wisdaze has 20 seconds left.\n|\n|t:|1683885691\n|switch|p2a: Flutter Mane|Flutter Mane, L50|26\/100\n|move|p1b: Blondie|Extreme Speed|p2a: Flutter Mane\n|-immune|p2a: Flutter Mane\n|move|p2b: Dragonite|Aqua Jet|p1b: Blondie\n|-supereffective|p1b: Blondie\n|-damage|p1b: Blondie|17\/100\n|move|p1a: Topzin|Moonblast|p2b: Dragonite\n|-supereffective|p2b: Dragonite\n|-damage|p2b: Dragonite|53\/100\n|\n|-damage|p1a: Topzin|6\/100 brn|[from] brn\n|upkeep\n|turn|6\n|inactive|wisdaze has 30 seconds left.\n|\n|t:|1683885723\n|move|p2b: Dragonite|Aqua Jet|p1b: Blondie\n|-supereffective|p1b: Blondie\n|-damage|p1b: Blondie|0 fnt\n|faint|p1b: Blondie\n|move|p1a: Topzin|Moonblast|p2b: Dragonite\n|-supereffective|p2b: Dragonite\n|-damage|p2b: Dragonite|0 fnt\n|faint|p2b: Dragonite\n|move|p2a: Flutter Mane|Dazzling Gleam|p1a: Topzin\n|-damage|p1a: Topzin|0 fnt\n|faint|p1a: Topzin\n|-end|p1a: Topzin|Protosynthesis|[silent]\n|\n|upkeep\n|\n|t:|1683885736\n|switch|p1b: Labios Rotos|Glimmora, L50, F|100\/100\n|switch|p2b: Chi-Yu|Chi-Yu, L50|18\/100\n|-ability|p2b: Chi-Yu|Beads of Ruin\n|turn|7\n|inactive|wisdaze has 30 seconds left.\n|\n|t:|1683885762\n|move|p2a: Flutter Mane|Shadow Ball|p1b: Labios Rotos\n|-damage|p1b: Labios Rotos|53\/100\n|-unboost|p1b: Labios Rotos|spd|1\n|move|p2b: Chi-Yu|Dark Pulse|p1b: Labios Rotos\n|-damage|p1b: Labios Rotos|0 fnt\n|faint|p1b: Labios Rotos\n|-damage|p2b: Chi-Yu|8\/100|[from] item: Life Orb\n|\n|win|wisdaze\n|raw|Nachonyan's rating: 1135 → 1108<\/strong> (-27 for losing)\n|raw|wisdaze's rating: 1104 → 1131<\/strong> (+27 for winning)\n|l|\u2606Nachonyan\n","uploadtime":1683885879,"views":13,"p1id":"nachonyan","p2id":"wisdaze","formatid":"gen9vgc2023regulationc","rating":1108,"private":0,"password":""}