{"id":"gen9vgc2023regulationc-1851122352","p1":"SumoVGC","p2":"Dennisyan","format":"[Gen 9] VGC 2023 Regulation C","log":"|j|\u2606SumoVGC\n|j|\u2606Dennisyan\n|t:|1682412915\n|gametype|doubles\n|player|p1|SumoVGC|1|1146\n|player|p2|Dennisyan|blackbelt-gen4dp|1220\n|teamsize|p1|6\n|teamsize|p2|6\n|gen|9\n|tier|[Gen 9] VGC 2023 Regulation C\n|rated|\n|rule|Species Clause: Limit one of each Pok\u00e9mon\n|rule|Item Clause: Limit one of each item\n|clearpoke\n|poke|p1|Brute Bonnet, L50|\n|poke|p1|Arcanine, L50, M|\n|poke|p1|Talonflame, L50, M|\n|poke|p1|Great Tusk, L50|\n|poke|p1|Chien-Pao, L50|\n|poke|p1|Dragonite, L50, F|\n|poke|p2|Flutter Mane, L50|\n|poke|p2|Chien-Pao, L50|\n|poke|p2|Dragapult, L50, M|\n|poke|p2|Amoonguss, L50, F|\n|poke|p2|Arcanine, L50, M|\n|poke|p2|Palafin, L50, F|\n|teampreview|4\n|inactive|Battle timer is ON: inactive players will automatically lose when time's up. (requested by Dennisyan)\n|inactive|SumoVGC also wants the timer to be on.\nSumoVGC has agreed to open team sheets.\n|inactive|SumoVGC has 60 seconds left.\n|inactive|Dennisyan has 60 seconds left.\n|\n|t:|1682412961\n|start\n|switch|p1a: Great Tusk|Great Tusk, L50|100\/100\n|switch|p1b: Talonflame|Talonflame, L50, M|100\/100\n|switch|p2a: Dragapult|Dragapult, L50, M|100\/100\n|switch|p2b: Chien-Pao|Chien-Pao, L50|100\/100\n|-ability|p2b: Chien-Pao|Sword of Ruin\n|-enditem|p1a: Great Tusk|Booster Energy\n|-activate|p1a: Great Tusk|ability: Protosynthesis|[fromitem]\n|-start|p1a: Great Tusk|protosynthesisatk\n|turn|1\n|inactive|Dennisyan has 30 seconds left.\n|\n|t:|1682412988\n|move|p2b: Chien-Pao|Protect|p2b: Chien-Pao\n|-singleturn|p2b: Chien-Pao|Protect\n|move|p1a: Great Tusk|Protect|p1a: Great Tusk\n|-singleturn|p1a: Great Tusk|Protect\n|move|p2a: Dragapult|Phantom Force||[still]\n|-prepare|p2a: Dragapult|Phantom Force\n|move|p1b: Talonflame|Will-O-Wisp|p2b: Chien-Pao\n|-activate|p2b: Chien-Pao|move: Protect\n|\n|upkeep\n|turn|2\n|\n|t:|1682413003\n|-end|p1a: Great Tusk|Protosynthesis|[silent]\n|switch|p1a: Arcanine|Arcanine, L50, M|100\/100\n|-ability|p1a: Arcanine|Intimidate|boost\n|-fail|p2a: Dragapult|unboost|[from] ability: Clear Body|[of] p2a: Dragapult\n|-unboost|p2b: Chien-Pao|atk|1\n|move|p1b: Talonflame|Tailwind|p1b: Talonflame\n|-sidestart|p1: SumoVGC|move: Tailwind\n|move|p2a: Dragapult|Phantom Force|p1b: Talonflame|[from]lockedmove\n|-damage|p1b: Talonflame|0 fnt\n|faint|p1b: Talonflame\n|move|p2b: Chien-Pao|Ice Spinner|p1a: Arcanine\n|-resisted|p1a: Arcanine\n|-damage|p1a: Arcanine|81\/100\n|\n|upkeep\n|\n|t:|1682413020\n|switch|p1b: Brute Bonnet|Brute Bonnet, L50|100\/100\n|turn|3\n|\n|t:|1682413030\n|-terastallize|p1b: Brute Bonnet|Poison\n|move|p2b: Chien-Pao|Protect|p2b: Chien-Pao\n|-singleturn|p2b: Chien-Pao|Protect\n|move|p1a: Arcanine|Will-O-Wisp|p2a: Dragapult|[miss]\n|-miss|p1a: Arcanine|p2a: Dragapult\n|move|p2a: Dragapult|Phantom Force||[still]\n|-prepare|p2a: Dragapult|Phantom Force\n|move|p1b: Brute Bonnet|Bullet Seed|p2b: Chien-Pao\n|-activate|p2b: Chien-Pao|move: Protect\n|\n|upkeep\n|turn|4\n|\n|t:|1682413053\n|switch|p2b: Amoonguss|Amoonguss, L50, F|100\/100\n|move|p1a: Arcanine|Howl|p1a: Arcanine|[spread] p1a,p1b\n|-boost|p1a: Arcanine|atk|1\n|-boost|p1b: Brute Bonnet|atk|1\n|move|p2a: Dragapult|Phantom Force|p1a: Arcanine|[from]lockedmove\n|-damage|p1a: Arcanine|14\/100\n|move|p1b: Brute Bonnet|Crunch|p2a: Dragapult\n|-supereffective|p2a: Dragapult\n|-damage|p2a: Dragapult|0 fnt\n|faint|p2a: Dragapult\n|\n|upkeep\n|\n|t:|1682413069\n|switch|p2a: Arcanine|Arcanine, L50, M|100\/100\n|-ability|p2a: Arcanine|Intimidate|boost\n|-unboost|p1a: Arcanine|atk|1\n|-unboost|p1b: Brute Bonnet|atk|1\n|turn|5\n|\n|t:|1682413089\n|move|p2a: Arcanine|Protect|p2a: Arcanine\n|-singleturn|p2a: Arcanine|Protect\n|move|p1a: Arcanine|Flare Blitz|p2b: Amoonguss\n|-supereffective|p2b: Amoonguss\n|-damage|p2b: Amoonguss|26\/100\n|-enditem|p2b: Amoonguss|Sitrus Berry|[eat]\n|-heal|p2b: Amoonguss|51\/100|[from] item: Sitrus Berry\n|-damage|p1a: Arcanine|0 fnt|[from] Recoil\n|faint|p1a: Arcanine\n|move|p1b: Brute Bonnet|Crunch|p2b: Amoonguss\n|-damage|p2b: Amoonguss|20\/100\n|-unboost|p2b: Amoonguss|def|1\n|move|p2b: Amoonguss|Spore|p1b: Brute Bonnet\n|-status|p1b: Brute Bonnet|slp|[from] move: Spore\n|\n|-sideend|p1: SumoVGC|move: Tailwind\n|upkeep\n|\n|t:|1682413101\n|switch|p1a: Great Tusk|Great Tusk, L50|100\/100\n|turn|6\n|\n|t:|1682413115\n|move|p1a: Great Tusk|Protect|p1a: Great Tusk\n|-singleturn|p1a: Great Tusk|Protect\n|move|p2b: Amoonguss|Protect|p2b: Amoonguss\n|-singleturn|p2b: Amoonguss|Protect\n|move|p2a: Arcanine|Will-O-Wisp|p1a: Great Tusk\n|-activate|p1a: Great Tusk|move: Protect\n|cant|p1b: Brute Bonnet|slp\n|\n|upkeep\n|turn|7\n|\n|t:|1682413136\n|switch|p2a: Chien-Pao|Chien-Pao, L50|100\/100\n|-ability|p2a: Chien-Pao|Sword of Ruin\n|move|p1a: Great Tusk|Headlong Rush|p2a: Chien-Pao\n|-damage|p2a: Chien-Pao|8\/100\n|-unboost|p1a: Great Tusk|def|1\n|-unboost|p1a: Great Tusk|spd|1\n|cant|p1b: Brute Bonnet|slp\n|move|p2b: Amoonguss|Spore|p1a: Great Tusk\n|-status|p1a: Great Tusk|slp|[from] move: Spore\n|\n|upkeep\n|turn|8\n|\n|t:|1682413158\n|switch|p2b: Arcanine|Arcanine, L50, M|100\/100\n|-ability|p2b: Arcanine|Intimidate|boost\n|-unboost|p1a: Great Tusk|atk|1\n|-unboost|p1b: Brute Bonnet|atk|1\n|cant|p1a: Great Tusk|slp\n|move|p2a: Chien-Pao|Ice Spinner|p1b: Brute Bonnet\n|-damage|p1b: Brute Bonnet|61\/100 slp\n|-curestatus|p1b: Brute Bonnet|slp|[msg]\n|move|p1b: Brute Bonnet|Crunch|p2b: Arcanine\n|-damage|p2b: Arcanine|66\/100\n|-unboost|p2b: Arcanine|def|1\n|\n|upkeep\n|turn|9\n|inactive|Dennisyan has 30 seconds left.\n|\n|t:|1682413186\n|-terastallize|p2b: Arcanine|Flying\n|move|p2a: Chien-Pao|Ice Spinner|p1b: Brute Bonnet\n|-damage|p1b: Brute Bonnet|20\/100\n|move|p2b: Arcanine|Flare Blitz|p1b: Brute Bonnet\n|-damage|p1b: Brute Bonnet|0 fnt\n|faint|p1b: Brute Bonnet\n|-end|p1b: Brute Bonnet|Protosynthesis|[silent]\n|-damage|p2b: Arcanine|59\/100|[from] Recoil\n|cant|p1a: Great Tusk|slp\n|\n|upkeep\n|turn|10\n|\n|t:|1682413200\n|move|p2b: Arcanine|Extreme Speed|p1a: Great Tusk\n|-damage|p1a: Great Tusk|70\/100 slp\n|move|p2a: Chien-Pao|Ice Spinner|p1a: Great Tusk\n|-supereffective|p1a: Great Tusk\n|-crit|p1a: Great Tusk\n|-damage|p1a: Great Tusk|0 fnt\n|faint|p1a: Great Tusk\n|-end|p1a: Great Tusk|Protosynthesis|[silent]\n|\n|win|Dennisyan\n|raw|SumoVGC's rating: 1146 → 1126<\/strong> (-20 for losing)\n|raw|Dennisyan's rating: 1220 → 1240<\/strong> (+20 for winning)\n","uploadtime":1682413207,"views":10,"p1id":"sumovgc","p2id":"dennisyan","formatid":"gen9vgc2023regulationc","rating":1126,"private":0,"password":""}