{"id":"gen9vgc2023regulationc-1851711726","p1":"glitchy_potat","p2":"CblonVGC","format":"[Gen 9] VGC 2023 Regulation C","log":"|j|\u2606glitchy_potat\n|j|\u2606CblonVGC\n|t:|1682472969\n|gametype|doubles\n|player|p1|glitchy_potat|nate|1404\n|player|p2|CblonVGC|preschooler|1359\n|teamsize|p1|6\n|teamsize|p2|6\n|gen|9\n|tier|[Gen 9] VGC 2023 Regulation C\n|rated|\n|rule|Species Clause: Limit one of each Pok\u00e9mon\n|rule|Item Clause: Limit one of each item\n|clearpoke\n|poke|p1|Palafin, L50, M|\n|poke|p1|Dragonite, L50, M|\n|poke|p1|Brute Bonnet, L50|\n|poke|p1|Arcanine, L50, M|\n|poke|p1|Flutter Mane, L50|\n|poke|p1|Chien-Pao, L50|\n|poke|p2|Amoonguss, L50, M|\n|poke|p2|Tyranitar, L50, F|\n|poke|p2|Garchomp, L50, M|\n|poke|p2|Palafin, L50, F|\n|poke|p2|Corviknight, L50, M|\n|poke|p2|Glimmora, L50, M|\n|teampreview|4\n|inactive|Battle timer is ON: inactive players will automatically lose when time's up. (requested by glitchy_potat)\n|inactive|glitchy_potat has 60 seconds left.\nCblonVGC has agreed to open team sheets.\n|\n|t:|1682473003\n|start\n|switch|p1a: Chien-Pao|Chien-Pao, L50|100\/100\n|switch|p1b: Dragonite|Dragonite, L50, M|100\/100\n|switch|p2a: Palafin|Palafin, L50, F|100\/100\n|switch|p2b: Glimmora|Glimmora, L50, M|100\/100\n|-ability|p1a: Chien-Pao|Sword of Ruin\n|turn|1\n|\n|t:|1682473020\n|detailschange|p2a: Palafin|Palafin-Hero, L50, F\n|switch|p2a: Tyranitar|Tyranitar, L50, F|100\/100\n|-weather|Sandstorm|[from] ability: Sand Stream|[of] p2a: Tyranitar\n|move|p1a: Chien-Pao|Protect|p1a: Chien-Pao\n|-singleturn|p1a: Chien-Pao|Protect\n|move|p2b: Glimmora|Power Gem|p1b: Dragonite\n|-supereffective|p1b: Dragonite\n|-damage|p1b: Dragonite|61\/100\n|move|p1b: Dragonite|Dragon Dance|p1b: Dragonite\n|-boost|p1b: Dragonite|atk|1\n|-boost|p1b: Dragonite|spe|1\n|\n|-weather|Sandstorm|[upkeep]\n|-damage|p1a: Chien-Pao|95\/100|[from] Sandstorm\n|-damage|p1b: Dragonite|55\/100|[from] Sandstorm\n|upkeep\n|turn|2\n|\n|t:|1682473043\n|-terastallize|p1a: Chien-Pao|Fighting\n|-terastallize|p2a: Tyranitar|Flying\n|move|p1a: Chien-Pao|Sacred Sword|p2a: Tyranitar\n|-resisted|p2a: Tyranitar\n|-damage|p2a: Tyranitar|77\/100\n|move|p2b: Glimmora|Power Gem|p1b: Dragonite\n|-supereffective|p1b: Dragonite\n|-damage|p1b: Dragonite|0 fnt\n|faint|p1b: Dragonite\n|move|p2a: Tyranitar|Rock Slide|p1a: Chien-Pao\n|-resisted|p1a: Chien-Pao\n|-crit|p1a: Chien-Pao\n|-damage|p1a: Chien-Pao|52\/100\n|\n|-weather|Sandstorm|[upkeep]\n|-damage|p1a: Chien-Pao|46\/100|[from] Sandstorm\n|-damage|p2a: Tyranitar|71\/100|[from] Sandstorm\n|upkeep\n|inactive|glitchy_potat has 30 seconds left.\n|\n|t:|1682473068\n|switch|p1b: Flutter Mane|Flutter Mane, L50|100\/100\n|-enditem|p1b: Flutter Mane|Booster Energy\n|-activate|p1b: Flutter Mane|ability: Protosynthesis|[fromitem]\n|-start|p1b: Flutter Mane|protosynthesisspe\n|turn|3\n|\n|t:|1682473078\n|move|p1b: Flutter Mane|Shadow Ball|p2b: Glimmora\n|-damage|p2b: Glimmora|63\/100\n|move|p1a: Chien-Pao|Ice Spinner|p2a: Tyranitar\n|-supereffective|p2a: Tyranitar\n|-damage|p2a: Tyranitar|0 fnt\n|faint|p2a: Tyranitar\n|move|p2b: Glimmora|Sludge Bomb|p1b: Flutter Mane\n|-damage|p1b: Flutter Mane|45\/100\n|\n|-weather|Sandstorm|[upkeep]\n|-damage|p1b: Flutter Mane|39\/100|[from] Sandstorm\n|-damage|p1a: Chien-Pao|40\/100|[from] Sandstorm\n|upkeep\n|\n|t:|1682473084\n|switch|p2a: Palafin|Palafin-Hero, L50, F|100\/100\n|-activate|p2a: Palafin|ability: Zero to Hero\n|turn|4\n|\n|t:|1682473106\n|move|p2a: Palafin|Jet Punch|p1b: Flutter Mane\n|-crit|p1b: Flutter Mane\n|-damage|p1b: Flutter Mane|0 fnt\n|faint|p1b: Flutter Mane\n|-end|p1b: Flutter Mane|Protosynthesis|[silent]\n|move|p1a: Chien-Pao|Sacred Sword|p2b: Glimmora\n|-damage|p2b: Glimmora|0 fnt\n|-activate|p2b: Glimmora|ability: Toxic Debris\n|-sidestart|p1: glitchy_potat|move: Toxic Spikes\n|faint|p2b: Glimmora\n|\n|-weather|Sandstorm|[upkeep]\n|-damage|p1a: Chien-Pao|34\/100|[from] Sandstorm\n|-damage|p2a: Palafin|95\/100|[from] Sandstorm\n|upkeep\n|\n|t:|1682473119\n|switch|p1b: Brute Bonnet|Brute Bonnet, L50|100\/100\n|switch|p2b: Corviknight|Corviknight, L50, M|100\/100\n|-status|p1b: Brute Bonnet|psn\n|turn|5\n|\n|t:|1682473141\n|move|p1a: Chien-Pao|Protect|p1a: Chien-Pao\n|-singleturn|p1a: Chien-Pao|Protect\n|move|p2a: Palafin|Protect|p2a: Palafin\n|-singleturn|p2a: Palafin|Protect\n|move|p2b: Corviknight|Bulk Up|p2b: Corviknight\n|-boost|p2b: Corviknight|atk|1\n|-boost|p2b: Corviknight|def|1\n|move|p1b: Brute Bonnet|Spore|p2a: Palafin\n|-activate|p2a: Palafin|move: Protect\n|\n|-weather|none\n|-damage|p1b: Brute Bonnet|88\/100 psn|[from] psn\n|upkeep\n|turn|6\n|\n|t:|1682473156\n|move|p1a: Chien-Pao|Protect|p1a: Chien-Pao\n|-singleturn|p1a: Chien-Pao|Protect\n|move|p2a: Palafin|Jet Punch|p1a: Chien-Pao\n|-activate|p1a: Chien-Pao|move: Protect\n|move|p2b: Corviknight|Brave Bird|p1b: Brute Bonnet\n|-supereffective|p1b: Brute Bonnet\n|-damage|p1b: Brute Bonnet|0 fnt\n|-damage|p2b: Corviknight|84\/100|[from] item: Rocky Helmet|[of] p1b: Brute Bonnet\n|faint|p1b: Brute Bonnet\n|-end|p1b: Brute Bonnet|Protosynthesis|[silent]\n|-damage|p2b: Corviknight|53\/100|[from] Recoil\n|\n|upkeep\n|turn|7\n|\n|t:|1682473169\n|move|p1a: Chien-Pao|Protect||[still]\n|-fail|p1a: Chien-Pao\n|move|p2a: Palafin|Jet Punch|p1a: Chien-Pao\n|-damage|p1a: Chien-Pao|0 fnt\n|faint|p1a: Chien-Pao\n|\n|win|CblonVGC\n|raw|glitchy_potat's rating: 1404 → 1381<\/strong> (-23 for losing)\n|raw|CblonVGC's rating: 1359 → 1382<\/strong> (+23 for winning)\n","uploadtime":1682473178,"views":11,"p1id":"glitchypotat","p2id":"cblonvgc","formatid":"gen9vgc2023regulationc","rating":1381,"private":0,"password":""}