{"id":"gen9vgc2023regulationc-1855444746","p1":"TheGavFather","p2":"eccsg","format":"[Gen 9] VGC 2023 Regulation C","log":"|j|\u2606TheGavFather\n|j|\u2606eccsg\n|t:|1682952047\n|gametype|doubles\n|player|p1|TheGavFather|2|1091\n|player|p2|eccsg|102|1043\n|teamsize|p1|6\n|teamsize|p2|6\n|gen|9\n|tier|[Gen 9] VGC 2023 Regulation C\n|rated|\n|rule|Species Clause: Limit one of each Pok\u00e9mon\n|rule|Item Clause: Limit one of each item\n|clearpoke\n|poke|p1|Gyarados, L50, F|\n|poke|p1|Tinkaton, L50, F|\n|poke|p1|Flutter Mane, L50|\n|poke|p1|Amoonguss, L50, F|\n|poke|p1|Ting-Lu, L50|\n|poke|p1|Arcanine, L50, F|\n|poke|p2|Flutter Mane, L50|\n|poke|p2|Scream Tail, L50|\n|poke|p2|Grumpig, L50, F|\n|poke|p2|Iron Treads, L50|\n|poke|p2|Braviary, L50, M|\n|poke|p2|Tauros-Paldea-Aqua, L50, M|\n|teampreview|4\n|\n|t:|1682952098\n|start\n|switch|p1a: Tinkaton|Tinkaton, L50, F|100\/100\n|switch|p1b: Amoonguss|Amoonguss, L50, F|100\/100\n|switch|p2a: \u30a6\u30a9\u30fc\u30b0\u30eb|Braviary, L50, M, shiny|100\/100\n|switch|p2b: \u30d1\u30eb\u30c7\u30a2\u306e\u30b1\u30f3\u30bf\u30ed\u30b9 - \u6e56\u306e\u60aa\u9b54|Tauros-Paldea-Aqua, L50, M|100\/100\n|-ability|p2b: \u30d1\u30eb\u30c7\u30a2\u306e\u30b1\u30f3\u30bf\u30ed\u30b9 - \u6e56\u306e\u60aa\u9b54|Intimidate|boost\n|-unboost|p1a: Tinkaton|atk|1\n|-unboost|p1b: Amoonguss|atk|1\n|-ability|p1a: Tinkaton|Mold Breaker\n|turn|1\n|inactive|Battle timer is ON: inactive players will automatically lose when time's up. (requested by eccsg)\n|\n|t:|1682952118\n|switch|p2b: \u30d6\u30fc\u30d4\u30c3\u30b0|Grumpig, L50, F, shiny|100\/100\n|move|p2a: \u30a6\u30a9\u30fc\u30b0\u30eb|Tailwind|p2a: \u30a6\u30a9\u30fc\u30b0\u30eb\n|-sidestart|p2: eccsg|move: Tailwind\n|move|p1a: Tinkaton|Stealth Rock|p2a: \u30a6\u30a9\u30fc\u30b0\u30eb\n|-sidestart|p2: eccsg|move: Stealth Rock\n|move|p1b: Amoonguss|Spore|p2a: \u30a6\u30a9\u30fc\u30b0\u30eb\n|-status|p2a: \u30a6\u30a9\u30fc\u30b0\u30eb|slp|[from] move: Spore\n|\n|upkeep\n|turn|2\n|inactive|TheGavFather has 30 seconds left.\n|\n|t:|1682952146\n|cant|p2a: \u30a6\u30a9\u30fc\u30b0\u30eb|slp\n|move|p2b: \u30d6\u30fc\u30d4\u30c3\u30b0|Psyshock|p1b: Amoonguss\n|-supereffective|p1b: Amoonguss\n|-damage|p1b: Amoonguss|46\/100\n|move|p1a: Tinkaton|Gigaton Hammer|p2b: \u30d6\u30fc\u30d4\u30c3\u30b0\n|-damage|p2b: \u30d6\u30fc\u30d4\u30c3\u30b0|64\/100\n|move|p1b: Amoonguss|Spore|p2b: \u30d6\u30fc\u30d4\u30c3\u30b0\n|-status|p2b: \u30d6\u30fc\u30d4\u30c3\u30b0|slp|[from] move: Spore\n|\n|upkeep\n|turn|3\n|inactive|eccsg has 30 seconds left.\n|\n|t:|1682952173\n|cant|p2a: \u30a6\u30a9\u30fc\u30b0\u30eb|slp\n|cant|p2b: \u30d6\u30fc\u30d4\u30c3\u30b0|slp\n|move|p1a: Tinkaton|Knock Off|p2b: \u30d6\u30fc\u30d4\u30c3\u30b0\n|-supereffective|p2b: \u30d6\u30fc\u30d4\u30c3\u30b0\n|-damage|p2b: \u30d6\u30fc\u30d4\u30c3\u30b0|33\/100 slp\n|-enditem|p2b: \u30d6\u30fc\u30d4\u30c3\u30b0|Assault Vest|[from] move: Knock Off|[of] p1a: Tinkaton\n|move|p1b: Amoonguss|Giga Drain|p2b: \u30d6\u30fc\u30d4\u30c3\u30b0\n|-damage|p2b: \u30d6\u30fc\u30d4\u30c3\u30b0|11\/100 slp\n|-heal|p1b: Amoonguss|55\/100|[from] drain|[of] p2b: \u30d6\u30fc\u30d4\u30c3\u30b0\n|\n|upkeep\n|turn|4\n|inactive|eccsg has 30 seconds left.\n|\n|t:|1682952204\n|switch|p2b: \u30d1\u30eb\u30c7\u30a2\u306e\u30b1\u30f3\u30bf\u30ed\u30b9 - \u6e56\u306e\u60aa\u9b54|Tauros-Paldea-Aqua, L50, M|100\/100\n|-damage|p2b: \u30d1\u30eb\u30c7\u30a2\u306e\u30b1\u30f3\u30bf\u30ed\u30b9 - \u6e56\u306e\u60aa\u9b54|94\/100|[from] Stealth Rock\n|-ability|p2b: \u30d1\u30eb\u30c7\u30a2\u306e\u30b1\u30f3\u30bf\u30ed\u30b9 - \u6e56\u306e\u60aa\u9b54|Intimidate|boost\n|-unboost|p1a: Tinkaton|atk|1\n|-unboost|p1b: Amoonguss|atk|1\n|cant|p2a: \u30a6\u30a9\u30fc\u30b0\u30eb|slp\n|move|p1a: Tinkaton|Gigaton Hammer|p2a: \u30a6\u30a9\u30fc\u30b0\u30eb\n|-damage|p2a: \u30a6\u30a9\u30fc\u30b0\u30eb|77\/100 slp\n|move|p1b: Amoonguss|Giga Drain|p2b: \u30d1\u30eb\u30c7\u30a2\u306e\u30b1\u30f3\u30bf\u30ed\u30b9 - \u6e56\u306e\u60aa\u9b54\n|-supereffective|p2b: \u30d1\u30eb\u30c7\u30a2\u306e\u30b1\u30f3\u30bf\u30ed\u30b9 - \u6e56\u306e\u60aa\u9b54\n|-damage|p2b: \u30d1\u30eb\u30c7\u30a2\u306e\u30b1\u30f3\u30bf\u30ed\u30b9 - \u6e56\u306e\u60aa\u9b54|22\/100\n|-heal|p1b: Amoonguss|80\/100|[from] drain|[of] p2b: \u30d1\u30eb\u30c7\u30a2\u306e\u30b1\u30f3\u30bf\u30ed\u30b9 - \u6e56\u306e\u60aa\u9b54\n|\n|-sideend|p2: eccsg|move: Tailwind\n|upkeep\n|turn|5\n|\n|t:|1682952228\n|move|p2b: \u30d1\u30eb\u30c7\u30a2\u306e\u30b1\u30f3\u30bf\u30ed\u30b9 - \u6e56\u306e\u60aa\u9b54|Endeavor|p1b: Amoonguss\n|-damage|p1b: Amoonguss|15\/100\n|-damage|p2b: \u30d1\u30eb\u30c7\u30a2\u306e\u30b1\u30f3\u30bf\u30ed\u30b9 - \u6e56\u306e\u60aa\u9b54|6\/100|[from] item: Rocky Helmet|[of] p1b: Amoonguss\n|-curestatus|p2a: \u30a6\u30a9\u30fc\u30b0\u30eb|slp|[msg]\n|move|p2a: \u30a6\u30a9\u30fc\u30b0\u30eb|Tailwind|p2a: \u30a6\u30a9\u30fc\u30b0\u30eb\n|-sidestart|p2: eccsg|move: Tailwind\n|move|p1a: Tinkaton|Knock Off|p2a: \u30a6\u30a9\u30fc\u30b0\u30eb\n|-damage|p2a: \u30a6\u30a9\u30fc\u30b0\u30eb|67\/100\n|-enditem|p2a: \u30a6\u30a9\u30fc\u30b0\u30eb|Sitrus Berry|[from] move: Knock Off|[of] p1a: Tinkaton\n|move|p1b: Amoonguss|Spore|p2b: \u30d1\u30eb\u30c7\u30a2\u306e\u30b1\u30f3\u30bf\u30ed\u30b9 - \u6e56\u306e\u60aa\u9b54\n|-status|p2b: \u30d1\u30eb\u30c7\u30a2\u306e\u30b1\u30f3\u30bf\u30ed\u30b9 - \u6e56\u306e\u60aa\u9b54|slp|[from] move: Spore\n|\n|upkeep\n|turn|6\n|\n|t:|1682952252\n|switch|p1b: Gyarados|Gyarados, L50, F|100\/100\n|-ability|p1b: Gyarados|Intimidate|boost\n|-unboost|p2a: \u30a6\u30a9\u30fc\u30b0\u30eb|atk|1\n|-ability|p2a: \u30a6\u30a9\u30fc\u30b0\u30eb|Defiant|boost\n|-boost|p2a: \u30a6\u30a9\u30fc\u30b0\u30eb|atk|2\n|-unboost|p2b: \u30d1\u30eb\u30c7\u30a2\u306e\u30b1\u30f3\u30bf\u30ed\u30b9 - \u6e56\u306e\u60aa\u9b54|atk|1\n|cant|p2b: \u30d1\u30eb\u30c7\u30a2\u306e\u30b1\u30f3\u30bf\u30ed\u30b9 - \u6e56\u306e\u60aa\u9b54|slp\n|move|p2a: \u30a6\u30a9\u30fc\u30b0\u30eb|Brave Bird|p1b: Gyarados\n|-damage|p1b: Gyarados|0 fnt\n|faint|p1b: Gyarados\n|-damage|p2a: \u30a6\u30a9\u30fc\u30b0\u30eb|40\/100|[from] Recoil\n|move|p1a: Tinkaton|Gigaton Hammer|p2a: \u30a6\u30a9\u30fc\u30b0\u30eb\n|-damage|p2a: \u30a6\u30a9\u30fc\u30b0\u30eb|18\/100\n|\n|upkeep\n|\n|t:|1682952270\n|switch|p1b: Flutter Mane|Flutter Mane, L50|100\/100\n|turn|7\n|\n|t:|1682952295\n|cant|p2b: \u30d1\u30eb\u30c7\u30a2\u306e\u30b1\u30f3\u30bf\u30ed\u30b9 - \u6e56\u306e\u60aa\u9b54|slp\n|move|p2a: \u30a6\u30a9\u30fc\u30b0\u30eb|Brave Bird|p1b: Flutter Mane\n|-damage|p1b: Flutter Mane|0 fnt\n|faint|p1b: Flutter Mane\n|-end|p1b: Flutter Mane|Protosynthesis|[silent]\n|-damage|p2a: \u30a6\u30a9\u30fc\u30b0\u30eb|0 fnt|[from] Recoil\n|faint|p2a: \u30a6\u30a9\u30fc\u30b0\u30eb\n|move|p1a: Tinkaton|Knock Off|p2b: \u30d1\u30eb\u30c7\u30a2\u306e\u30b1\u30f3\u30bf\u30ed\u30b9 - \u6e56\u306e\u60aa\u9b54\n|-resisted|p2b: \u30d1\u30eb\u30c7\u30a2\u306e\u30b1\u30f3\u30bf\u30ed\u30b9 - \u6e56\u306e\u60aa\u9b54\n|-damage|p2b: \u30d1\u30eb\u30c7\u30a2\u306e\u30b1\u30f3\u30bf\u30ed\u30b9 - \u6e56\u306e\u60aa\u9b54|1\/100 slp\n|-enditem|p2b: \u30d1\u30eb\u30c7\u30a2\u306e\u30b1\u30f3\u30bf\u30ed\u30b9 - \u6e56\u306e\u60aa\u9b54|Mirror Herb|[from] move: Knock Off|[of] p1a: Tinkaton\n|\n|upkeep\n|\n|t:|1682952309\n|switch|p1b: Amoonguss|Amoonguss, L50, F|48\/100\n|switch|p2a: \u30d6\u30fc\u30d4\u30c3\u30b0|Grumpig, L50, F, shiny|11\/100 slp\n|-damage|p2a: \u30d6\u30fc\u30d4\u30c3\u30b0|0 fnt|[from] Stealth Rock\n|faint|p2a: \u30d6\u30fc\u30d4\u30c3\u30b0\n|\n|t:|1682952315\n|switch|p2a: \u30cf\u30d0\u30bf\u30af\u30ab\u30df|Flutter Mane, L50, shiny|100\/100\n|-damage|p2a: \u30cf\u30d0\u30bf\u30af\u30ab\u30df|88\/100|[from] Stealth Rock\n|turn|8\n|\n|t:|1682952326\n|-terastallize|p2a: \u30cf\u30d0\u30bf\u30af\u30ab\u30df|Grass\n|move|p2a: \u30cf\u30d0\u30bf\u30af\u30ab\u30df|Shadow Ball|p1b: Amoonguss\n|-damage|p1b: Amoonguss|14\/100\n|-curestatus|p2b: \u30d1\u30eb\u30c7\u30a2\u306e\u30b1\u30f3\u30bf\u30ed\u30b9 - \u6e56\u306e\u60aa\u9b54|slp|[msg]\n|move|p2b: \u30d1\u30eb\u30c7\u30a2\u306e\u30b1\u30f3\u30bf\u30ed\u30b9 - \u6e56\u306e\u60aa\u9b54|Endeavor|p1a: Tinkaton\n|-damage|p1a: Tinkaton|1\/100\n|move|p1a: Tinkaton|Gigaton Hammer|p2a: \u30cf\u30d0\u30bf\u30af\u30ab\u30df\n|-damage|p2a: \u30cf\u30d0\u30bf\u30af\u30ab\u30df|37\/100\n|move|p1b: Amoonguss|Spore|p2a: \u30cf\u30d0\u30bf\u30af\u30ab\u30df\n|-immune|p2a: \u30cf\u30d0\u30bf\u30af\u30ab\u30df\n|\n|-sideend|p2: eccsg|move: Tailwind\n|upkeep\n|turn|9\n|inactive|eccsg has 30 seconds left.\n|inactive|TheGavFather has 30 seconds left.\n|inactive|TheGavFather has 20 seconds left.\n|\n|t:|1682952366\n|-terastallize|p1a: Tinkaton|Dark\n|move|p2a: \u30cf\u30d0\u30bf\u30af\u30ab\u30df|Dazzling Gleam|p1a: Tinkaton|[spread] p1a,p1b\n|-supereffective|p1a: Tinkaton\n|-resisted|p1b: Amoonguss\n|-damage|p1a: Tinkaton|0 fnt\n|-damage|p1b: Amoonguss|0 fnt\n|faint|p1a: Tinkaton\n|faint|p1b: Amoonguss\n|\n|win|eccsg\n|raw|TheGavFather's rating: 1091 → 1064<\/strong> (-27 for losing)\n|raw|eccsg's rating: 1043 → 1081<\/strong> (+38 for winning)\n|l|\u2606TheGavFather\n","uploadtime":1682952383,"views":20,"p1id":"thegavfather","p2id":"eccsg","formatid":"gen9vgc2023regulationc","rating":1064,"private":0,"password":""}