{"id":"gen9vgc2023regulationc-1863377966","p1":"Bellidsire","p2":"revocolombia","format":"[Gen 9] VGC 2023 Regulation C","log":"|j|\u2606Bellidsire\n|j|\u2606revocolombia\n|t:|1684009302\n|gametype|doubles\n|player|p1|Bellidsire|hilbert|1284\n|player|p2|revocolombia|pokemonranger-gen4|1364\n|teamsize|p1|6\n|teamsize|p2|6\n|gen|9\n|tier|[Gen 9] VGC 2023 Regulation C\n|rated|\n|rule|Species Clause: Limit one of each Pok\u00e9mon\n|rule|Item Clause: Limit one of each item\n|clearpoke\n|poke|p1|Wo-Chien, L50|\n|poke|p1|Garganacl, L50, M|\n|poke|p1|Flutter Mane, L50|\n|poke|p1|Pelipper, L50, M|\n|poke|p1|Ting-Lu, L50|\n|poke|p1|Arcanine, L50, F|\n|poke|p2|Flutter Mane, L50|\n|poke|p2|Annihilape, L50, M|\n|poke|p2|Dragonite, L50, F|\n|poke|p2|Chien-Pao, L50|\n|poke|p2|Murkrow, L50, M|\n|poke|p2|Gholdengo, L50|\n|teampreview|4\n|\n|t:|1684009341\n|start\n|switch|p1a: Garganacl|Garganacl, L50, M|100\/100\n|switch|p1b: Ting-Lu|Ting-Lu, L50|100\/100\n|switch|p2a: Annihilape|Annihilape, L50, M, shiny|100\/100\n|switch|p2b: Dragonite|Dragonite, L50, F|100\/100\n|-ability|p1b: Ting-Lu|Vessel of Ruin\n|turn|1\n|\n|t:|1684009366\n|move|p2b: Dragonite|Low Kick|p1a: Garganacl\n|-supereffective|p1a: Garganacl\n|-damage|p1a: Garganacl|43\/100\n|-enditem|p1a: Garganacl|Sitrus Berry|[eat]\n|-heal|p1a: Garganacl|68\/100|[from] item: Sitrus Berry\n|move|p2a: Annihilape|Bulk Up|p2a: Annihilape\n|-boost|p2a: Annihilape|atk|1\n|-boost|p2a: Annihilape|def|1\n|move|p1b: Ting-Lu|Sand Tomb|p2a: Annihilape\n|-damage|p2a: Annihilape|91\/100\n|-activate|p2a: Annihilape|move: Sand Tomb|[of] p1b: Ting-Lu\n|move|p1a: Garganacl|Salt Cure|p2b: Dragonite\n|-supereffective|p2b: Dragonite\n|-damage|p2b: Dragonite|86\/100\n|-start|p2b: Dragonite|Salt Cure\n|\n|-heal|p2a: Annihilape|98\/100|[from] item: Leftovers\n|-damage|p2b: Dragonite|74\/100|[from] Salt Cure\n|-damage|p2a: Annihilape|85\/100|[from] move: Sand Tomb|[partiallytrapped]\n|upkeep\n|turn|2\n|\n|t:|1684009410\n|move|p2b: Dragonite|Low Kick|p1b: Ting-Lu\n|-supereffective|p1b: Ting-Lu\n|-damage|p1b: Ting-Lu|52\/100\n|move|p2a: Annihilape|Drain Punch|p1a: Garganacl\n|-supereffective|p1a: Garganacl\n|-damage|p1a: Garganacl|8\/100\n|-heal|p2a: Annihilape|100\/100|[from] drain|[of] p1a: Garganacl\n|move|p1b: Ting-Lu|Stone Edge|p2b: Dragonite\n|-supereffective|p2b: Dragonite\n|-damage|p2b: Dragonite|24\/100\n|move|p1a: Garganacl|Salt Cure|p2a: Annihilape\n|-resisted|p2a: Annihilape\n|-damage|p2a: Annihilape|96\/100\n|-start|p2a: Annihilape|Salt Cure\n|\n|-heal|p2a: Annihilape|100\/100|[from] item: Leftovers\n|-damage|p2b: Dragonite|11\/100|[from] Salt Cure\n|-damage|p2a: Annihilape|88\/100|[from] move: Sand Tomb|[partiallytrapped]\n|-damage|p2a: Annihilape|75\/100|[from] Salt Cure\n|upkeep\n|turn|3\n|\n|t:|1684009460\n|-terastallize|p1b: Ting-Lu|Poison\n|move|p1a: Garganacl|Protect|p1a: Garganacl\n|-singleturn|p1a: Garganacl|Protect\n|move|p2b: Dragonite|Low Kick|p1b: Ting-Lu\n|-resisted|p1b: Ting-Lu\n|-crit|p1b: Ting-Lu\n|-damage|p1b: Ting-Lu|31\/100\n|move|p2a: Annihilape|Rage Fist|p1a: Garganacl\n|-activate|p1a: Garganacl|move: Protect\n|move|p1b: Ting-Lu|Stone Edge|p2b: Dragonite\n|-supereffective|p2b: Dragonite\n|-damage|p2b: Dragonite|0 fnt\n|faint|p2b: Dragonite\n|\n|-heal|p2a: Annihilape|82\/100|[from] item: Leftovers\n|-damage|p2a: Annihilape|69\/100|[from] Salt Cure\n|-damage|p2a: Annihilape|57\/100|[from] move: Sand Tomb|[partiallytrapped]\n|upkeep\n|\n|t:|1684009484\n|switch|p2b: Gholdengo|Gholdengo, L50|100\/100\n|turn|4\n|\n|t:|1684009506\n|move|p1a: Garganacl|Wide Guard|p1a: Garganacl\n|-singleturn|p1a: Garganacl|Wide Guard\n|move|p2b: Gholdengo|Thunderbolt|p1a: Garganacl\n|-damage|p1a: Garganacl|0 fnt\n|faint|p1a: Garganacl\n|-damage|p2b: Gholdengo|91\/100|[from] item: Life Orb\n|move|p2a: Annihilape|Rage Fist|p1b: Ting-Lu\n|-damage|p1b: Ting-Lu|0 fnt\n|faint|p1b: Ting-Lu\n|\n|-heal|p2a: Annihilape|63\/100|[from] item: Leftovers\n|-end|p2a: Annihilape|Sand Tomb|[partiallytrapped]|[silent]\n|-damage|p2a: Annihilape|50\/100|[from] Salt Cure\n|upkeep\n|\n|t:|1684009521\n|switch|p1b: Wo-Chien|Wo-Chien, L50|100\/100\n|switch|p1a: Flutter Mane|Flutter Mane, L50|100\/100\n|-ability|p1b: Wo-Chien|Tablets of Ruin\n|turn|5\n|\n|t:|1684009550\n|-terastallize|p2a: Annihilape|Fire\n|move|p1a: Flutter Mane|Shadow Ball|p2a: Annihilape\n|-damage|p2a: Annihilape|2\/100\n|move|p2b: Gholdengo|Make It Rain|p1a: Flutter Mane|[spread] p1a,p1b\n|-supereffective|p1a: Flutter Mane\n|-damage|p1a: Flutter Mane|0 fnt\n|-damage|p1b: Wo-Chien|54\/100\n|-unboost|p2b: Gholdengo|spa|1\n|faint|p1a: Flutter Mane\n|-end|p1a: Flutter Mane|Protosynthesis|[silent]\n|-damage|p2b: Gholdengo|81\/100|[from] item: Life Orb\n|move|p2a: Annihilape|Rage Fist|p1b: Wo-Chien\n|-resisted|p1b: Wo-Chien\n|-damage|p1b: Wo-Chien|11\/100\n|move|p1b: Wo-Chien|Ruination|p2b: Gholdengo\n|-damage|p2b: Gholdengo|41\/100\n|\n|-heal|p2a: Annihilape|9\/100|[from] item: Leftovers\n|-heal|p1b: Wo-Chien|17\/100|[from] item: Leftovers\n|-damage|p2a: Annihilape|0 fnt|[from] Salt Cure\n|faint|p2a: Annihilape\n|upkeep\n|\n|t:|1684009575\n|switch|p2a: Murkrow|Murkrow, L50, M|100\/100\n|turn|6\n|-message|Bellidsire forfeited.\n|\n|win|revocolombia\n|raw|Bellidsire's rating: 1284 → 1265<\/strong> (-19 for losing)\n|raw|revocolombia's rating: 1364 → 1379<\/strong> (+15 for winning)\n|l|\u2606Bellidsire\n","uploadtime":1684009582,"views":14,"p1id":"bellidsire","p2id":"revocolombia","formatid":"gen9vgc2023regulationc","rating":1265,"private":0,"password":""}