{"id":"gen9vgc2023regulationc-1848716815","p1":"Skadoty","p2":"unimulticorn","format":"[Gen 9] VGC 2023 Regulation C","log":"|j|\u2606Skadoty\n|j|\u2606unimulticorn\n|t:|1682103476\n|gametype|doubles\n|player|p1|Skadoty|1|1201\n|player|p2|unimulticorn|caitlin|1090\n|teamsize|p1|6\n|teamsize|p2|6\n|gen|9\n|tier|[Gen 9] VGC 2023 Regulation C\n|rated|\n|rule|Species Clause: Limit one of each Pok\u00e9mon\n|rule|Item Clause: Limit one of each item\n|clearpoke\n|poke|p1|Wo-Chien, L50|\n|poke|p1|Dondozo, L50, M|\n|poke|p1|Tatsugiri, L50, M|\n|poke|p1|Glimmora, L50, F|\n|poke|p1|Great Tusk, L50|\n|poke|p1|Kingambit, L50, F|\n|poke|p2|Wo-Chien, L50|\n|poke|p2|Kingambit, L50, F|\n|poke|p2|Amoonguss, L50, F|\n|poke|p2|Flutter Mane, L50|\n|poke|p2|Dachsbun, L50, F|\n|poke|p2|Iron Bundle, L50|\n|teampreview|4\n|inactive|Battle timer is ON: inactive players will automatically lose when time's up. (requested by unimulticorn)\nunimulticorn has agreed to open team sheets.\n|inactive|Skadoty has 60 seconds left.\n|\n|t:|1682103514\n|start\n|switch|p1a: Elephant|Great Tusk, L50|100\/100\n|switch|p1b: Rhino|Kingambit, L50, F|100\/100\n|switch|p2a: Amoonguss|Amoonguss, L50, F|100\/100\n|switch|p2b: Kingambit|Kingambit, L50, F|100\/100\n|turn|1\n|\n|t:|1682103530\n|-terastallize|p2b: Kingambit|Grass\n|-terastallize|p1b: Rhino|Flying\n|move|p1a: Elephant|Earthquake|p2b: Kingambit|[spread] p2a,p2b\n|-immune|p1b: Rhino\n|-resisted|p2b: Kingambit\n|-damage|p2a: Amoonguss|53\/100\n|-damage|p2b: Kingambit|86\/100\n|-damage|p1a: Elephant|90\/100|[from] item: Life Orb\n|move|p2b: Kingambit|Guillotine|p1b: Rhino|[miss]\n|-miss|p2b: Kingambit|p1b: Rhino\n|move|p1b: Rhino|Tera Blast|p2a: Amoonguss\n|-supereffective|p2a: Amoonguss\n|-damage|p2a: Amoonguss|0 fnt\n|faint|p2a: Amoonguss\n|\n|upkeep\n|\n|t:|1682103545\n|switch|p2a: Flutter Mane|Flutter Mane, L50|100\/100\n|turn|2\n|\n|t:|1682103558\n|move|p1b: Rhino|Sucker Punch|p2a: Flutter Mane\n|-damage|p2a: Flutter Mane|4\/100\n|move|p2a: Flutter Mane|Dazzling Gleam|p1a: Elephant|[spread] p1a,p1b\n|-supereffective|p1a: Elephant\n|-damage|p1a: Elephant|0 fnt\n|-damage|p1b: Rhino|66\/100\n|faint|p1a: Elephant\n|-end|p1a: Elephant|Protosynthesis|[silent]\n|move|p2b: Kingambit|Foul Play|p1b: Rhino\n|-crit|p1b: Rhino\n|-damage|p1b: Rhino|0 fnt\n|faint|p1b: Rhino\n|\n|upkeep\n|\n|t:|1682103569\n|switch|p1a: Mole|Glimmora, L50, F|100\/100\n|switch|p1b: Snail|Wo-Chien, L50|100\/100\n|-ability|p1b: Snail|Tablets of Ruin\n|turn|3\n|\n|t:|1682103578\n|move|p1b: Snail|Protect|p1b: Snail\n|-singleturn|p1b: Snail|Protect\n|move|p2a: Flutter Mane|Dazzling Gleam|p1a: Mole|[spread] p1a\n|-activate|p1b: Snail|move: Protect\n|-resisted|p1a: Mole\n|-damage|p1a: Mole|65\/100\n|move|p1a: Mole|Sludge Wave|p2a: Flutter Mane|[spread] p2a,p2b\n|-activate|p1b: Snail|move: Protect\n|-crit|p2a: Flutter Mane\n|-supereffective|p2b: Kingambit\n|-damage|p2a: Flutter Mane|0 fnt\n|-damage|p2b: Kingambit|11\/100\n|faint|p2a: Flutter Mane\n|-end|p2a: Flutter Mane|Protosynthesis|[silent]\n|move|p2b: Kingambit|Guillotine|p1a: Mole\n|-damage|p1a: Mole|0 fnt\n|-activate|p1a: Mole|ability: Toxic Debris\n|-sidestart|p2: unimulticorn|move: Toxic Spikes\n|faint|p1a: Mole\n|-ohko\n|\n|upkeep\n|\n|t:|1682103593\n|switch|p2a: Wo-Chien|Wo-Chien, L50|100\/100\n|-status|p2a: Wo-Chien|psn\n|-ability|p2a: Wo-Chien|Tablets of Ruin\n|turn|4\n|\n|t:|1682103608\n|move|p2a: Wo-Chien|Pollen Puff|p1b: Snail\n|-supereffective|p1b: Snail\n|-damage|p1b: Snail|50\/100\n|move|p1b: Snail|Pollen Puff|p2b: Kingambit\n|-supereffective|p2b: Kingambit\n|-damage|p2b: Kingambit|0 fnt\n|faint|p2b: Kingambit\n|\n|-heal|p1b: Snail|57\/100|[from] item: Leftovers\n|-damage|p2a: Wo-Chien|88\/100 psn|[from] psn\n|upkeep\n|turn|5\n|\n|t:|1682103621\n|move|p1b: Snail|Protect|p1b: Snail\n|-singleturn|p1b: Snail|Protect\n|move|p2a: Wo-Chien|Pollen Puff|p1b: Snail\n|-activate|p1b: Snail|move: Protect\n|\n|-heal|p1b: Snail|63\/100|[from] item: Leftovers\n|-damage|p2a: Wo-Chien|76\/100 psn|[from] psn\n|upkeep\n|turn|6\n|\n|t:|1682103631\n|move|p2a: Wo-Chien|Pollen Puff|p1b: Snail\n|-supereffective|p1b: Snail\n|-damage|p1b: Snail|13\/100\n|move|p1b: Snail|Pollen Puff|p2a: Wo-Chien\n|-supereffective|p2a: Wo-Chien\n|-damage|p2a: Wo-Chien|35\/100 psn\n|\n|-heal|p1b: Snail|19\/100|[from] item: Leftovers\n|-damage|p2a: Wo-Chien|22\/100 psn|[from] psn\n|upkeep\n|turn|7\n|\n|t:|1682103641\n|move|p1b: Snail|Protect|p1b: Snail\n|-singleturn|p1b: Snail|Protect\n|move|p2a: Wo-Chien|Pollen Puff|p1b: Snail\n|-activate|p1b: Snail|move: Protect\n|\n|-heal|p1b: Snail|25\/100|[from] item: Leftovers\n|-damage|p2a: Wo-Chien|10\/100 psn|[from] psn\n|upkeep\n|turn|8\n|\n|t:|1682103656\n|move|p2a: Wo-Chien|Pollen Puff|p1b: Snail\n|-supereffective|p1b: Snail\n|-damage|p1b: Snail|0 fnt\n|faint|p1b: Snail\n|\n|win|unimulticorn\n|raw|Skadoty's rating: 1201 → 1168<\/strong> (-33 for losing)\n|raw|unimulticorn's rating: 1090 → 1125<\/strong> (+35 for winning)\n","uploadtime":1682103665,"views":13,"p1id":"skadoty","p2id":"unimulticorn","formatid":"gen9vgc2023regulationc","rating":1125,"private":0,"password":""}