{"id":"gen9vgc2023regulationc-1859429912","p1":"Icewing96","p2":"SirNeru","format":"[Gen 9] VGC 2023 Regulation C","log":"|j|\u2606Icewing96\n|j|\u2606SirNeru\n|t:|1683465919\n|gametype|doubles\n|player|p1|Icewing96|shadowtriad|1308\n|player|p2|SirNeru|hilbert|1209\n|teamsize|p1|6\n|teamsize|p2|6\n|gen|9\n|tier|[Gen 9] VGC 2023 Regulation C\n|rated|\n|rule|Species Clause: Limit one of each Pok\u00e9mon\n|rule|Item Clause: Limit one of each item\n|clearpoke\n|poke|p1|Pelipper, L50, F|\n|poke|p1|Amoonguss, L50, F|\n|poke|p1|Arcanine, L50, F|\n|poke|p1|Palafin, L50, F|\n|poke|p1|Ting-Lu, L50|\n|poke|p1|Flutter Mane, L50|\n|poke|p2|Tsareena, L50, F|\n|poke|p2|Murkrow, L50, M|\n|poke|p2|Amoonguss, L50, M|\n|poke|p2|Palafin, L50, F|\n|poke|p2|Tyranitar, L50, M|\n|poke|p2|Garchomp, L50, M|\n|teampreview|4\n|inactive|Battle timer is ON: inactive players will automatically lose when time's up. (requested by Icewing96)\nIcewing96 has agreed to open team sheets.\n|\n|t:|1683465943\n|start\n|switch|p1a: Ting-Lu|Ting-Lu, L50|100\/100\n|switch|p1b: Palafin|Palafin, L50, F, shiny|100\/100\n|switch|p2a: Palafin|Palafin, L50, F|100\/100\n|switch|p2b: Tsareena|Tsareena, L50, F|100\/100\n|-ability|p1a: Ting-Lu|Vessel of Ruin\n|turn|1\n|inactive|Icewing96 has 30 seconds left.\n|\n|t:|1683465969\n|detailschange|p1b: Palafin|Palafin-Hero, L50, F, shiny\n|switch|p1b: Amoonguss|Amoonguss, L50, F, shiny|100\/100\n|-terastallize|p1a: Ting-Lu|Grass\n|move|p2a: Palafin|Jet Punch|p1a: Ting-Lu\n|-resisted|p1a: Ting-Lu\n|-damage|p1a: Ting-Lu|91\/100\n|move|p2b: Tsareena|Power Whip|p1a: Ting-Lu\n|-resisted|p1a: Ting-Lu\n|-damage|p1a: Ting-Lu|71\/100\n|move|p1a: Ting-Lu|Ruination|p2a: Palafin\n|-damage|p2a: Palafin|51\/100\n|\n|upkeep\n|turn|2\n|\n|t:|1683465992\n|detailschange|p2a: Palafin|Palafin-Hero, L50, F\n|switch|p2a: Tyranitar|Tyranitar, L50, M|100\/100\n|-weather|Sandstorm|[from] ability: Sand Stream|[of] p2a: Tyranitar\n|move|p2b: Tsareena|High Jump Kick|p1a: Ting-Lu\n|-damage|p1a: Ting-Lu|42\/100\n|move|p1a: Ting-Lu|Ruination|p2b: Tsareena\n|-damage|p2b: Tsareena|51\/100\n|move|p1b: Amoonguss|Spore|p2a: Tyranitar\n|-block|p2a: Tyranitar|ability: Sweet Veil|[of] p2b: Tsareena\n|\n|-weather|Sandstorm|[upkeep]\n|-damage|p2b: Tsareena|45\/100|[from] Sandstorm\n|-damage|p1a: Ting-Lu|36\/100|[from] Sandstorm\n|-damage|p1b: Amoonguss|95\/100|[from] Sandstorm\n|upkeep\n|turn|3\n|inactive|Icewing96 has 30 seconds left.\n|inactive|SirNeru has 30 seconds left.\n|\n|t:|1683466027\n|-terastallize|p2a: Tyranitar|Flying\n|move|p2b: Tsareena|High Jump Kick|p1a: Ting-Lu\n|-damage|p1a: Ting-Lu|10\/100\n|move|p2a: Tyranitar|Tera Blast|p1b: Amoonguss\n|-supereffective|p1b: Amoonguss\n|-damage|p1b: Amoonguss|8\/100\n|-enditem|p1b: Amoonguss|Sitrus Berry|[eat]\n|-heal|p1b: Amoonguss|33\/100|[from] item: Sitrus Berry\n|move|p1a: Ting-Lu|Stomping Tantrum|p2a: Tyranitar\n|-immune|p2a: Tyranitar\n|move|p1b: Amoonguss|Pollen Puff|p1a: Ting-Lu\n|-heal|p1a: Ting-Lu|60\/100\n|\n|-weather|Sandstorm|[upkeep]\n|-damage|p2b: Tsareena|38\/100|[from] Sandstorm\n|-damage|p2a: Tyranitar|95\/100|[from] Sandstorm\n|-damage|p1a: Ting-Lu|54\/100|[from] Sandstorm\n|-damage|p1b: Amoonguss|27\/100|[from] Sandstorm\n|upkeep\n|turn|4\n|inactive|SirNeru has 30 seconds left.\n|inactive|Icewing96 has 30 seconds left.\n|\n|t:|1683466066\n|switch|p2b: Garchomp|Garchomp, L50, M|100\/100\n|switch|p1b: Palafin|Palafin-Hero, L50, F, shiny|100\/100\n|-activate|p1b: Palafin|ability: Zero to Hero\n|move|p2a: Tyranitar|Tera Blast|p1a: Ting-Lu\n|-supereffective|p1a: Ting-Lu\n|-damage|p1a: Ting-Lu|0 fnt\n|faint|p1a: Ting-Lu\n|\n|-weather|Sandstorm|[upkeep]\n|-damage|p1b: Palafin|95\/100|[from] Sandstorm\n|-damage|p2a: Tyranitar|89\/100|[from] Sandstorm\n|upkeep\n|\n|t:|1683466078\n|switch|p1a: Amoonguss|Amoonguss, L50, F, shiny|60\/100\n|turn|5\n|\n|t:|1683466086\n|move|p1a: Amoonguss|Protect|p1a: Amoonguss\n|-singleturn|p1a: Amoonguss|Protect\n|move|p2b: Garchomp|Rock Slide|p1a: Amoonguss|[spread] p1b\n|-activate|p1a: Amoonguss|move: Protect\n|-damage|p1b: Palafin|78\/100\n|cant|p1b: Palafin|flinch\n|move|p2a: Tyranitar|Tera Blast|p1a: Amoonguss\n|-activate|p1a: Amoonguss|move: Protect\n|\n|-weather|Sandstorm|[upkeep]\n|-damage|p1b: Palafin|72\/100|[from] Sandstorm\n|-damage|p2a: Tyranitar|83\/100|[from] Sandstorm\n|-damage|p1a: Amoonguss|54\/100|[from] Sandstorm\n|upkeep\n|turn|6\n|\n|t:|1683466102\n|move|p1a: Amoonguss|Rage Powder|p1a: Amoonguss\n|-singleturn|p1a: Amoonguss|move: Rage Powder\n|move|p2b: Garchomp|Rock Slide|p1a: Amoonguss|[spread] p1a,p1b\n|-damage|p1a: Amoonguss|37\/100\n|-damage|p1b: Palafin|55\/100\n|move|p1b: Palafin|Bulk Up|p1b: Palafin\n|-boost|p1b: Palafin|atk|1\n|-boost|p1b: Palafin|def|1\n|move|p2a: Tyranitar|Tera Blast|p1a: Amoonguss\n|-supereffective|p1a: Amoonguss\n|-damage|p1a: Amoonguss|0 fnt\n|faint|p1a: Amoonguss\n|\n|-weather|none\n|upkeep\n|\n|t:|1683466113\n|switch|p1a: Flutter Mane|Flutter Mane, L50|100\/100\n|-enditem|p1a: Flutter Mane|Booster Energy\n|-activate|p1a: Flutter Mane|ability: Protosynthesis|[fromitem]\n|-start|p1a: Flutter Mane|protosynthesisspa\n|turn|7\n|\n|t:|1683466119\n|move|p1b: Palafin|Jet Punch|p2b: Garchomp\n|-damage|p2b: Garchomp|44\/100\n|move|p1a: Flutter Mane|Dazzling Gleam|p2b: Garchomp|[spread] p2a,p2b\n|-supereffective|p2b: Garchomp\n|-damage|p2a: Tyranitar|58\/100\n|-damage|p2b: Garchomp|0 fnt\n|faint|p2b: Garchomp\n|move|p2a: Tyranitar|Rock Slide|p1b: Palafin|[spread] p1a,p1b\n|-crit|p1a: Flutter Mane\n|-damage|p1a: Flutter Mane|14\/100\n|-damage|p1b: Palafin|34\/100\n|\n|upkeep\n|\n|t:|1683466131\n|switch|p2b: Palafin|Palafin-Hero, L50, F|51\/100\n|-activate|p2b: Palafin|ability: Zero to Hero\n|turn|8\n|\n|t:|1683466145\n|move|p1a: Flutter Mane|Protect|p1a: Flutter Mane\n|-singleturn|p1a: Flutter Mane|Protect\n|move|p2b: Palafin|Jet Punch|p1a: Flutter Mane\n|-activate|p1a: Flutter Mane|move: Protect\n|move|p1b: Palafin|Wave Crash|p2b: Palafin\n|-resisted|p2b: Palafin\n|-damage|p2b: Palafin|0 fnt\n|faint|p2b: Palafin\n|-damage|p1b: Palafin|17\/100|[from] Recoil\n|move|p2a: Tyranitar|Crunch|p1b: Palafin\n|-damage|p1b: Palafin|0 fnt\n|faint|p1b: Palafin\n|\n|upkeep\n|\n|t:|1683466147\n|switch|p2b: Tsareena|Tsareena, L50, F|38\/100\n|turn|9\n|\n|t:|1683466158\n|move|p1a: Flutter Mane|Dazzling Gleam|p2b: Tsareena|[spread] p2a,p2b\n|-damage|p2a: Tyranitar|34\/100\n|-damage|p2b: Tsareena|0 fnt\n|faint|p2b: Tsareena\n|move|p2a: Tyranitar|Crunch|p1a: Flutter Mane\n|-crit|p1a: Flutter Mane\n|-damage|p1a: Flutter Mane|0 fnt\n|faint|p1a: Flutter Mane\n|-end|p1a: Flutter Mane|Protosynthesis|[silent]\n|\n|win|SirNeru\n|raw|Icewing96's rating: 1308 → 1282<\/strong> (-26 for losing)\n|raw|SirNeru's rating: 1209 → 1241<\/strong> (+32 for winning)\n|l|\u2606Icewing96\n|l|\u2606SirNeru\n||Ladder isn't responding, score probably updated but might not have (Request timeout).\n|j|\u2606SirNeru\n|player|p2|SirNeru|hilbert\n","uploadtime":1683466733,"views":4,"p1id":"icewing96","p2id":"sirneru","formatid":"gen9vgc2023regulationc","rating":1241,"private":0,"password":""}