{"id":"gen9vgc2023regulationc-1845306984","p1":"Strauchanie","p2":"Turus22","format":"[Gen 9] VGC 2023 Regulation C","log":"|j|\u2606Strauchanie\n|j|\u2606Turus22\n|t:|1681711777\n|gametype|doubles\n|player|p1|Strauchanie|pokemaniac|1165\n|player|p2|Turus22|backersf|1211\n|teamsize|p1|6\n|teamsize|p2|6\n|gen|9\n|tier|[Gen 9] VGC 2023 Regulation C\n|rated|\n|rule|Species Clause: Limit one of each Pok\u00e9mon\n|rule|Item Clause: Limit one of each item\n|clearpoke\n|poke|p1|Talonflame, L50, F|\n|poke|p1|Gholdengo, L50|\n|poke|p1|Iron Bundle, L50|\n|poke|p1|Iron Hands, L50|\n|poke|p1|Garchomp, L50, F|\n|poke|p1|Chien-Pao, L50|\n|poke|p2|Annihilape, L50, M|\n|poke|p2|Luxray, L50, M|\n|poke|p2|Palafin, L50, M|\n|poke|p2|Scyther, L50, F|\n|poke|p2|Chi-Yu, L50|\n|poke|p2|Amoonguss, L50, F|\n|teampreview|4\n|inactive|Battle timer is ON: inactive players will automatically lose when time's up. (requested by Strauchanie)\n|\n|t:|1681711801\n|start\n|switch|p1a: Chien-Pao|Chien-Pao, L50|100\/100\n|switch|p1b: Garchomp|Garchomp, L50, F|100\/100\n|switch|p2a: Luxray|Luxray, L50, M|100\/100\n|switch|p2b: Palafin|Palafin, L50, M|100\/100\n|-ability|p1a: Chien-Pao|Sword of Ruin\n|-ability|p2a: Luxray|Intimidate|boost\n|-unboost|p1a: Chien-Pao|atk|1\n|-unboost|p1b: Garchomp|atk|1\n|turn|1\n|\n|t:|1681711826\n|move|p1a: Chien-Pao|Protect|p1a: Chien-Pao\n|-singleturn|p1a: Chien-Pao|Protect\n|move|p2b: Palafin|Bulk Up|p2b: Palafin\n|-boost|p2b: Palafin|atk|1\n|-boost|p2b: Palafin|def|1\n|move|p1b: Garchomp|Earthquake|p2a: Luxray|[spread] p2a,p2b\n|-activate|p1a: Chien-Pao|move: Protect\n|-supereffective|p2a: Luxray\n|-damage|p2a: Luxray|0 fnt\n|-damage|p2b: Palafin|55\/100\n|faint|p2a: Luxray\n|-damage|p1b: Garchomp|90\/100|[from] item: Life Orb\n|\n|upkeep\n|inactive|Turus22 has 30 seconds left.\n|\n|t:|1681711855\n|switch|p2a: Amoonguss|Amoonguss, L50, F|100\/100\n|turn|2\n|inactive|Turus22 has 30 seconds left.\n|\n|t:|1681711881\n|move|p1a: Chien-Pao|Ice Spinner|p2a: Amoonguss\n|-supereffective|p2a: Amoonguss\n|-damage|p2a: Amoonguss|27\/100\n|move|p2b: Palafin|Ice Punch|p1b: Garchomp\n|-supereffective|p1b: Garchomp\n|-crit|p1b: Garchomp\n|-damage|p1b: Garchomp|0 fnt\n|-damage|p2b: Palafin|43\/100|[from] ability: Rough Skin|[of] p1b: Garchomp\n|faint|p1b: Garchomp\n|move|p2a: Amoonguss|Pollen Puff|p2b: Palafin\n|-heal|p2b: Palafin|93\/100\n|\n|-heal|p2a: Amoonguss|33\/100|[from] item: Black Sludge\n|upkeep\n|\n|t:|1681711899\n|switch|p1b: Iron Hands|Iron Hands, L50|100\/100\n|turn|3\n|\n|t:|1681711916\n|-terastallize|p2a: Amoonguss|Water\n|move|p1b: Iron Hands|Fake Out|p2b: Palafin\n|-crit|p2b: Palafin\n|-damage|p2b: Palafin|48\/100\n|move|p1a: Chien-Pao|Ice Spinner|p2a: Amoonguss\n|-resisted|p2a: Amoonguss\n|-damage|p2a: Amoonguss|17\/100\n|cant|p2b: Palafin|flinch\n|move|p2a: Amoonguss|Spore|p1b: Iron Hands\n|-status|p1b: Iron Hands|slp|[from] move: Spore\n|\n|-damage|p2a: Amoonguss|5\/100|[from] item: Black Sludge\n|upkeep\n|turn|4\n|inactive|Strauchanie has 30 seconds left.\n|inactive|Turus22 has 30 seconds left.\n|inactive|Strauchanie has 20 seconds left.\n|\n|t:|1681711953\n|-end|p1b: Iron Hands|Quark Drive|[silent]\n|switch|p1b: Talonflame|Talonflame, L50, F|100\/100\n|move|p2a: Amoonguss|Rage Powder|p2a: Amoonguss\n|-singleturn|p2a: Amoonguss|move: Rage Powder\n|move|p1a: Chien-Pao|Sacred Sword|p2a: Amoonguss\n|-crit|p2a: Amoonguss\n|-damage|p2a: Amoonguss|0 fnt\n|faint|p2a: Amoonguss\n|move|p2b: Palafin|Drain Punch|p1a: Chien-Pao\n|-supereffective|p1a: Chien-Pao\n|-enditem|p1a: Chien-Pao|Focus Sash\n|-damage|p1a: Chien-Pao|1\/100\n|-heal|p2b: Palafin|93\/100|[from] drain|[of] p1a: Chien-Pao\n|\n|upkeep\n|\n|t:|1681711965\n|switch|p2a: Annihilape|Annihilape, L50, M|100\/100\n|turn|5\n|\n|t:|1681711982\n|move|p1a: Chien-Pao|Protect|p1a: Chien-Pao\n|-singleturn|p1a: Chien-Pao|Protect\n|move|p1b: Talonflame|Will-O-Wisp|p2b: Palafin\n|-status|p2b: Palafin|brn\n|move|p2b: Palafin|Wave Crash|p1b: Talonflame\n|-supereffective|p1b: Talonflame\n|-damage|p1b: Talonflame|0 fnt\n|faint|p1b: Talonflame\n|-damage|p2b: Palafin|60\/100 brn|[from] Recoil\n|move|p2a: Annihilape|Drain Punch|p1a: Chien-Pao\n|-activate|p1a: Chien-Pao|move: Protect\n|\n|-damage|p2b: Palafin|54\/100 brn|[from] brn\n|upkeep\n|\n|t:|1681711993\n|switch|p1b: Iron Hands|Iron Hands, L50|100\/100 slp\n|turn|6\n|\n|t:|1681712011\n|move|p1a: Chien-Pao|Sucker Punch|p2b: Palafin\n|-damage|p2b: Palafin|28\/100 brn\n|move|p2b: Palafin|Drain Punch|p1a: Chien-Pao\n|-supereffective|p1a: Chien-Pao\n|-damage|p1a: Chien-Pao|0 fnt\n|-heal|p2b: Palafin|29\/100 brn|[from] drain|[of] p1a: Chien-Pao\n|faint|p1a: Chien-Pao\n|move|p2a: Annihilape|Bulk Up|p2a: Annihilape\n|-boost|p2a: Annihilape|atk|1\n|-boost|p2a: Annihilape|def|1\n|cant|p1b: Iron Hands|slp\n|\n|-damage|p2b: Palafin|23\/100 brn|[from] brn\n|upkeep\n|turn|7\n|\n|t:|1681712034\n|move|p2b: Palafin|Drain Punch|p1b: Iron Hands\n|-damage|p1b: Iron Hands|90\/100 slp\n|-heal|p2b: Palafin|30\/100 brn|[from] drain|[of] p1b: Iron Hands\n|move|p2a: Annihilape|Bulk Up|p2a: Annihilape\n|-boost|p2a: Annihilape|atk|1\n|-boost|p2a: Annihilape|def|1\n|cant|p1b: Iron Hands|slp\n|\n|-damage|p2b: Palafin|24\/100 brn|[from] brn\n|upkeep\n|turn|8\n|\n|t:|1681712048\n|move|p2b: Palafin|Drain Punch|p1b: Iron Hands\n|-damage|p1b: Iron Hands|79\/100 slp\n|-heal|p2b: Palafin|32\/100 brn|[from] drain|[of] p1b: Iron Hands\n|move|p2a: Annihilape|Drain Punch|p1b: Iron Hands\n|-damage|p1b: Iron Hands|20\/100 slp\n|-curestatus|p1b: Iron Hands|slp|[msg]\n|move|p1b: Iron Hands|Wild Charge|p2b: Palafin\n|-supereffective|p2b: Palafin\n|-damage|p2b: Palafin|0 fnt\n|faint|p2b: Palafin\n|-damage|p1b: Iron Hands|14\/100|[from] Recoil\n|\n|upkeep\n|turn|9\n|\n|t:|1681712061\n|move|p2a: Annihilape|Rage Fist|p1b: Iron Hands\n|-crit|p1b: Iron Hands\n|-damage|p1b: Iron Hands|0 fnt\n|faint|p1b: Iron Hands\n|-end|p1b: Iron Hands|Quark Drive|[silent]\n|\n|win|Turus22\n|raw|Strauchanie's rating: 1165 → 1143<\/strong> (-22 for losing)\n|raw|Turus22's rating: 1211 → 1233<\/strong> (+22 for winning)\n|l|\u2606Strauchanie\n","uploadtime":1681712080,"views":7,"p1id":"strauchanie","p2id":"turus22","formatid":"gen9vgc2023regulationc","rating":1143,"private":0,"password":""}