{"id":"gen9vgc2023regulationc-1845796625","p1":"Rin Itachi","p2":"BugBoySupreme","format":"[Gen 9] VGC 2023 Regulation C","log":"|j|\u2606Rin Itachi\n|j|\u2606BugBoySupreme\n|t:|1681765454\n|gametype|doubles\n|player|p1|Rin Itachi|marley|1320\n|player|p2|BugBoySupreme|2|1224\n|teamsize|p1|6\n|teamsize|p2|6\n|gen|9\n|tier|[Gen 9] VGC 2023 Regulation C\n|rated|\n|rule|Species Clause: Limit one of each Pok\u00e9mon\n|rule|Item Clause: Limit one of each item\n|clearpoke\n|poke|p1|Arcanine, L50, F|\n|poke|p1|Gyarados, L50, M|\n|poke|p1|Ting-Lu, L50|\n|poke|p1|Flutter Mane, L50|\n|poke|p1|Baxcalibur, L50, F|\n|poke|p1|Amoonguss, L50, M|\n|poke|p2|Glimmora, L50, M|\n|poke|p2|Wo-Chien, L50|\n|poke|p2|Gastrodon, L50, F|\n|poke|p2|Gyarados, L50, F|\n|poke|p2|Volcarona, L50, M|\n|poke|p2|Flutter Mane, L50|\n|teampreview|4\n|inactive|Battle timer is ON: inactive players will automatically lose when time's up. (requested by BugBoySupreme)\nBugBoySupreme rejected open team sheets.\n|inactive|BugBoySupreme has 60 seconds left.\n|\n|t:|1681765510\n|start\n|switch|p1a: Gyarados|Gyarados, L50, M|100\/100\n|switch|p1b: Itachi Rin|Flutter Mane, L50|100\/100\n|switch|p2a: Glimmora|Glimmora, L50, M|100\/100\n|switch|p2b: Gastrodon|Gastrodon, L50, F|100\/100\n|-ability|p1a: Gyarados|Intimidate|boost\n|-unboost|p2a: Glimmora|atk|1\n|-unboost|p2b: Gastrodon|atk|1\n|-enditem|p1b: Itachi Rin|Booster Energy\n|-activate|p1b: Itachi Rin|ability: Protosynthesis|[fromitem]\n|-start|p1b: Itachi Rin|protosynthesisspa\n|turn|1\n|\n|t:|1681765534\n|move|p1b: Itachi Rin|Protect|p1b: Itachi Rin\n|-singleturn|p1b: Itachi Rin|Protect\n|move|p1a: Gyarados|Thunder Wave|p2a: Glimmora\n|-status|p2a: Glimmora|par\n|move|p2b: Gastrodon|Stealth Rock|p1a: Gyarados\n|-sidestart|p1: Rin Itachi|move: Stealth Rock\n|move|p2a: Glimmora|Mortal Spin|p1a: Gyarados|[spread] p1a\n|-activate|p1b: Itachi Rin|move: Protect\n|-damage|p1a: Gyarados|97\/100\n|-status|p1a: Gyarados|psn\n|\n|-damage|p1a: Gyarados|85\/100 psn|[from] psn\n|upkeep\n|turn|2\n|\n|t:|1681765554\n|switch|p2a: Flutter Mane|Flutter Mane, L50|100\/100\n|move|p2b: Gastrodon|Protect|p2b: Gastrodon\n|-singleturn|p2b: Gastrodon|Protect\n|move|p1b: Itachi Rin|Substitute|p1b: Itachi Rin\n|-start|p1b: Itachi Rin|Substitute\n|-damage|p1b: Itachi Rin|76\/100\n|move|p1a: Gyarados|Iron Head|p2a: Flutter Mane\n|-supereffective|p2a: Flutter Mane\n|-damage|p2a: Flutter Mane|0 fnt\n|faint|p2a: Flutter Mane\n|-end|p2a: Flutter Mane|Protosynthesis|[silent]\n|\n|-damage|p1a: Gyarados|73\/100 psn|[from] psn\n|upkeep\n|\n|t:|1681765568\n|switch|p2a: Glimmora|Glimmora, L50, M|100\/100 par\n|turn|3\n|\n|t:|1681765580\n|switch|p2b: Wo-Chien|Wo-Chien, L50|100\/100\n|-ability|p2b: Wo-Chien|Tablets of Ruin\n|move|p1b: Itachi Rin|Moonblast|p2b: Wo-Chien\n|-supereffective|p2b: Wo-Chien\n|-damage|p2b: Wo-Chien|19\/100\n|move|p1a: Gyarados|Iron Head|p2a: Glimmora\n|-supereffective|p2a: Glimmora\n|-damage|p2a: Glimmora|59\/100 par\n|cant|p2a: Glimmora|flinch\n|\n|-heal|p2b: Wo-Chien|25\/100|[from] item: Leftovers\n|-damage|p1a: Gyarados|61\/100 psn|[from] psn\n|upkeep\n|turn|4\n|\n|t:|1681765597\n|move|p2b: Wo-Chien|Protect|p2b: Wo-Chien\n|-singleturn|p2b: Wo-Chien|Protect\n|move|p1b: Itachi Rin|Moonblast|p2b: Wo-Chien\n|-activate|p2b: Wo-Chien|move: Protect\n|move|p1a: Gyarados|Iron Head|p2a: Glimmora\n|-supereffective|p2a: Glimmora\n|-damage|p2a: Glimmora|16\/100 par\n|cant|p2a: Glimmora|flinch\n|\n|-heal|p2b: Wo-Chien|32\/100|[from] item: Leftovers\n|-damage|p1a: Gyarados|49\/100 psn|[from] psn\n|upkeep\n|turn|5\n|\n|t:|1681765620\n|switch|p2a: Gastrodon|Gastrodon, L50, F|100\/100\n|-terastallize|p2b: Wo-Chien|Poison\n|move|p1b: Itachi Rin|Moonblast|p2b: Wo-Chien\n|-resisted|p2b: Wo-Chien\n|-crit|p2b: Wo-Chien\n|-damage|p2b: Wo-Chien|0 fnt\n|faint|p2b: Wo-Chien\n|move|p1a: Gyarados|Iron Head|p2a: Gastrodon\n|-resisted|p2a: Gastrodon\n|-damage|p2a: Gastrodon|84\/100\n|\n|-damage|p1a: Gyarados|36\/100 psn|[from] psn\n|upkeep\n|-message|BugBoySupreme forfeited.\n|\n|win|Rin Itachi\n|raw|Rin Itachi's rating: 1320 → 1335<\/strong> (+15 for winning)\n|raw|BugBoySupreme's rating: 1224 → 1206<\/strong> (-18 for losing)\n|l|\u2606BugBoySupreme\n","uploadtime":1681765637,"views":11,"p1id":"rinitachi","p2id":"bugboysupreme","formatid":"gen9vgc2023regulationc","rating":1206,"private":0,"password":""}