{"id":"gen9vgc2023regulationc-1854797124","p1":"LocalNomad","p2":"Dathluke","format":"[Gen 9] VGC 2023 Regulation C","log":"|j|\u2606LocalNomad\n|j|\u2606Dathluke\n|t:|1682867175\n|gametype|doubles\n|player|p1|LocalNomad|cynthia|1284\n|player|p2|Dathluke|n|1175\n|teamsize|p1|6\n|teamsize|p2|6\n|gen|9\n|tier|[Gen 9] VGC 2023 Regulation C\n|rated|\n|rule|Species Clause: Limit one of each Pok\u00e9mon\n|rule|Item Clause: Limit one of each item\n|clearpoke\n|poke|p1|Flutter Mane, L50|\n|poke|p1|Palafin, L50, F|\n|poke|p1|Talonflame, L50, M|\n|poke|p1|Arcanine, L50, M|\n|poke|p1|Amoonguss, L50, M|\n|poke|p1|Great Tusk, L50|\n|poke|p2|Bronzong, L50|\n|poke|p2|Ting-Lu, L50|\n|poke|p2|Amoonguss, L50, M|\n|poke|p2|Arcanine, L50, F|\n|poke|p2|Palafin, L50, F|\n|poke|p2|Flutter Mane, L50|\n|teampreview|4\nLocalNomad has agreed to open team sheets.\n|inactive|Battle timer is ON: inactive players will automatically lose when time's up. (requested by Dathluke)\n|\n|t:|1682867230\n|start\n|switch|p1a: Amoonguss|Amoonguss, L50, M|100\/100\n|switch|p1b: Palafin|Palafin, L50, F|100\/100\n|switch|p2a: Bronzong|Bronzong, L50|100\/100\n|switch|p2b: Ting-Lu|Ting-Lu, L50|100\/100\n|-ability|p2b: Ting-Lu|Vessel of Ruin\n|turn|1\n|\n|t:|1682867250\n|detailschange|p1b: Palafin|Palafin-Hero, L50, F\n|switch|p1b: Arcanine|Arcanine, L50, M|100\/100\n|-ability|p1b: Arcanine|Intimidate|boost\n|-unboost|p2a: Bronzong|atk|1\n|-unboost|p2b: Ting-Lu|atk|1\n|-terastallize|p2b: Ting-Lu|Grass\n|move|p2b: Ting-Lu|Ruination|p1a: Amoonguss\n|-damage|p1a: Amoonguss|50\/100\n|move|p2a: Bronzong|Iron Defense|p2a: Bronzong\n|-boost|p2a: Bronzong|def|2\n|move|p1a: Amoonguss|Spore|p2a: Bronzong\n|-activate|p2a: Bronzong|item: Safety Goggles|Spore\n|\n|upkeep\n|turn|2\n|inactive|LocalNomad has 30 seconds left.\n|\n|t:|1682867283\n|switch|p2b: Arcanine|Arcanine, L50, F|100\/100\n|-ability|p2b: Arcanine|Intimidate|boost\n|-unboost|p1a: Amoonguss|atk|1\n|-unboost|p1b: Arcanine|atk|1\n|move|p1b: Arcanine|Flare Blitz|p2b: Arcanine\n|-resisted|p2b: Arcanine\n|-damage|p2b: Arcanine|81\/100\n|-damage|p1b: Arcanine|95\/100|[from] Recoil\n|move|p2a: Bronzong|Body Press|p1b: Arcanine\n|-damage|p1b: Arcanine|50\/100\n|move|p1a: Amoonguss|Pollen Puff|p2b: Arcanine\n|-resisted|p2b: Arcanine\n|-damage|p2b: Arcanine|71\/100\n|\n|upkeep\n|turn|3\n|\n|t:|1682867301\n|switch|p1b: Flutter Mane|Flutter Mane, L50|100\/100\n|switch|p1a: Palafin|Palafin-Hero, L50, F|100\/100\n|-activate|p1a: Palafin|ability: Zero to Hero\n|move|p2b: Arcanine|Flare Blitz|p1a: Palafin\n|-resisted|p1a: Palafin\n|-damage|p1a: Palafin|77\/100\n|-damage|p2b: Arcanine|62\/100|[from] Recoil\n|move|p2a: Bronzong|Body Press|p1b: Flutter Mane\n|-immune|p1b: Flutter Mane\n|\n|upkeep\n|turn|4\n|\n|t:|1682867318\n|move|p2b: Arcanine|Protect|p2b: Arcanine\n|-singleturn|p2b: Arcanine|Protect\n|move|p1b: Flutter Mane|Shadow Ball|p2a: Bronzong\n|-supereffective|p2a: Bronzong\n|-damage|p2a: Bronzong|11\/100\n|move|p1a: Palafin|Wave Crash|p2a: Bronzong\n|-damage|p2a: Bronzong|0 fnt\n|faint|p2a: Bronzong\n|-damage|p1a: Palafin|74\/100|[from] Recoil\n|\n|upkeep\n|\n|t:|1682867327\n|switch|p2a: Ting-Lu|Ting-Lu, L50, tera:Grass|100\/100\n|-ability|p2a: Ting-Lu|Vessel of Ruin\n|turn|5\n|\n|t:|1682867347\n|-end|p1b: Flutter Mane|Protosynthesis|[silent]\n|switch|p1b: Amoonguss|Amoonguss, L50, M|84\/100\n|-terastallize|p1a: Palafin|Water\n|move|p1a: Palafin|Jet Punch|p2b: Arcanine\n|-supereffective|p2b: Arcanine\n|-damage|p2b: Arcanine|0 fnt\n|faint|p2b: Arcanine\n|move|p2a: Ting-Lu|Rock Slide|p1a: Palafin|[spread] p1a\n|-miss|p2a: Ting-Lu|p1b: Amoonguss\n|-damage|p1a: Palafin|57\/100\n|\n|upkeep\n|\n|t:|1682867355\n|switch|p2b: Flutter Mane|Flutter Mane, L50|100\/100\n|-enditem|p2b: Flutter Mane|Booster Energy\n|-activate|p2b: Flutter Mane|ability: Protosynthesis|[fromitem]\n|-start|p2b: Flutter Mane|protosynthesisspa\n|turn|6\n|\n|t:|1682867370\n|move|p1a: Palafin|Protect|p1a: Palafin\n|-singleturn|p1a: Palafin|Protect\n|move|p2b: Flutter Mane|Shadow Ball|p1b: Amoonguss\n|-damage|p1b: Amoonguss|47\/100\n|move|p2a: Ting-Lu|Ruination|p1b: Amoonguss\n|-damage|p1b: Amoonguss|24\/100\n|move|p1b: Amoonguss|Spore|p2b: Flutter Mane\n|-status|p2b: Flutter Mane|slp|[from] move: Spore\n|\n|upkeep\n|turn|7\n|\n|t:|1682867384\n|cant|p2b: Flutter Mane|slp\n|move|p1a: Palafin|Jet Punch|p2b: Flutter Mane\n|-damage|p2b: Flutter Mane|0 fnt\n|faint|p2b: Flutter Mane\n|-end|p2b: Flutter Mane|Protosynthesis|[silent]\n|move|p2a: Ting-Lu|Ruination|p1a: Palafin\n|-damage|p1a: Palafin|29\/100\n|move|p1b: Amoonguss|Pollen Puff|p1a: Palafin\n|-heal|p1a: Palafin|79\/100\n|\n|upkeep\n|turn|8\n|\n|t:|1682867396\n|switch|p1a: Arcanine|Arcanine, L50, M|50\/100\n|-ability|p1a: Arcanine|Intimidate|boost\n|-unboost|p2a: Ting-Lu|atk|1\n|move|p2a: Ting-Lu|Earthquake|p1b: Amoonguss|[spread] p1a,p1b\n|-supereffective|p1a: Arcanine\n|-damage|p1a: Arcanine|0 fnt\n|-damage|p1b: Amoonguss|3\/100\n|faint|p1a: Arcanine\n|move|p1b: Amoonguss|Spore|p1: Arcanine|[notarget]\n|-fail|p1b: Amoonguss\n|\n|upkeep\n|\n|t:|1682867404\n|switch|p1a: Flutter Mane|Flutter Mane, L50|100\/100\n|turn|9\n|\n|t:|1682867409\n|switch|p1b: Palafin|Palafin-Hero, L50, F, tera:Water|79\/100\n|move|p1a: Flutter Mane|Moonblast|p2a: Ting-Lu\n|-damage|p2a: Ting-Lu|75\/100\n|move|p2a: Ting-Lu|Earthquake|p1b: Palafin|[spread] p1a,p1b\n|-damage|p1a: Flutter Mane|52\/100\n|-damage|p1b: Palafin|53\/100\n|\n|upkeep\n|turn|10\n|\n|t:|1682867421\n|switch|p1b: Amoonguss|Amoonguss, L50, M|36\/100\n|move|p1a: Flutter Mane|Moonblast|p2a: Ting-Lu\n|-damage|p2a: Ting-Lu|48\/100\n|move|p2a: Ting-Lu|Earthquake|p1a: Flutter Mane|[spread] p1a,p1b\n|-damage|p1a: Flutter Mane|3\/100\n|-damage|p1b: Amoonguss|14\/100\n|\n|upkeep\n|turn|11\n|\n|t:|1682867437\n|move|p1a: Flutter Mane|Moonblast|p2a: Ting-Lu\n|-damage|p2a: Ting-Lu|23\/100\n|move|p2a: Ting-Lu|Earthquake|p1a: Flutter Mane|[spread] p1a,p1b\n|-damage|p1a: Flutter Mane|0 fnt\n|-damage|p1b: Amoonguss|0 fnt\n|faint|p1a: Flutter Mane\n|-end|p1a: Flutter Mane|Protosynthesis|[silent]\n|faint|p1b: Amoonguss\n|\n|upkeep\n|\n|t:|1682867441\n|switch|p1b: Palafin|Palafin-Hero, L50, F, tera:Water|53\/100\n|turn|12\n|\n|t:|1682867445\n|move|p1b: Palafin|Wave Crash|p2a: Ting-Lu\n|-resisted|p2a: Ting-Lu\n|-damage|p2a: Ting-Lu|0 fnt\n|faint|p2a: Ting-Lu\n|-damage|p1b: Palafin|44\/100|[from] Recoil\n|\n|win|LocalNomad\n|raw|LocalNomad's rating: 1284 → 1301<\/strong> (+17 for winning)\n|raw|Dathluke's rating: 1175 → 1158<\/strong> (-17 for losing)\n","uploadtime":1682867450,"views":18,"p1id":"localnomad","p2id":"dathluke","formatid":"gen9vgc2023regulationc","rating":1158,"private":0,"password":""}