{"id":"gen9vgc2023regulationc-1857599250","p1":"abhinavamp","p2":"quinn4444","format":"[Gen 9] VGC 2023 Regulation C","log":"|j|\u2606abhinavamp\n|j|\u2606quinn4444\n|t:|1683211805\n|gametype|doubles\n|player|p1|abhinavamp|hilbert|1164\n|player|p2|quinn4444|170|1163\n|teamsize|p1|6\n|teamsize|p2|6\n|gen|9\n|tier|[Gen 9] VGC 2023 Regulation C\n|rated|\n|rule|Species Clause: Limit one of each Pok\u00e9mon\n|rule|Item Clause: Limit one of each item\n|clearpoke\n|poke|p1|Palafin, L50, M|\n|poke|p1|Murkrow, L50, M|\n|poke|p1|Gholdengo, L50|\n|poke|p1|Great Tusk, L50|\n|poke|p1|Armarouge, L50, M|\n|poke|p1|Indeedee-F, L50, F|\n|poke|p2|Amoonguss, L50, F|\n|poke|p2|Palafin, L50, F|\n|poke|p2|Arcanine, L50, F|\n|poke|p2|Flutter Mane, L50|\n|poke|p2|Chien-Pao, L50|\n|poke|p2|Dragapult, L50, M|\n|teampreview|4\n|inactive|Battle timer is ON: inactive players will automatically lose when time's up. (requested by abhinavamp)\n|inactive|quinn4444 has 60 seconds left.\n|\n|t:|1683211844\n|start\n|switch|p1a: Armarouge|Armarouge, L50, M|100\/100\n|switch|p1b: Indeedee|Indeedee-F, L50, F|100\/100\n|switch|p2a: Chien-Pao|Chien-Pao, L50|100\/100\n|switch|p2b: Dragapult|Dragapult, L50, M|100\/100\n|-ability|p2a: Chien-Pao|Sword of Ruin\n|-fieldstart|move: Psychic Terrain|[from] ability: Psychic Surge|[of] p1b: Indeedee\n|-enditem|p1b: Indeedee|Psychic Seed\n|-boost|p1b: Indeedee|spd|1|[from] item: Psychic Seed\n|turn|1\n|\n|t:|1683211867\n|move|p1b: Indeedee|Follow Me|p1b: Indeedee\n|-singleturn|p1b: Indeedee|move: Follow Me\n|move|p2b: Dragapult|U-turn|p1b: Indeedee\n|-supereffective|p1b: Indeedee\n|-damage|p1b: Indeedee|18\/100\n|\n|t:|1683211873\n|switch|p2b: Amoonguss|Amoonguss, L50, F|100\/100|[from] U-turn\n|move|p2a: Chien-Pao|Ice Spinner|p1b: Indeedee\n|-crit|p1b: Indeedee\n|-damage|p1b: Indeedee|0 fnt\n|-fieldend|move: Psychic Terrain\n|faint|p1b: Indeedee\n|move|p1a: Armarouge|Armor Cannon|p2a: Chien-Pao\n|-supereffective|p2a: Chien-Pao\n|-enditem|p2a: Chien-Pao|Focus Sash\n|-damage|p2a: Chien-Pao|1\/100\n|-unboost|p1a: Armarouge|def|1\n|-unboost|p1a: Armarouge|spd|1\n|-damage|p1a: Armarouge|90\/100|[from] item: Life Orb\n|\n|upkeep\n|\n|t:|1683211887\n|switch|p1b: Murkrow|Murkrow, L50, M|100\/100\n|turn|2\n|\n|t:|1683211895\n|switch|p2b: Palafin|Palafin, L50, F|100\/100\n|move|p1a: Armarouge|Protect|p1a: Armarouge\n|-singleturn|p1a: Armarouge|Protect\n|move|p2a: Chien-Pao|Sucker Punch||[still]\n|-fail|p2a: Chien-Pao\n|move|p1b: Murkrow|Tailwind|p1b: Murkrow\n|-sidestart|p1: abhinavamp|move: Tailwind\n|\n|upkeep\n|turn|3\n|\n|t:|1683211912\n|detailschange|p2b: Palafin|Palafin-Hero, L50, F\n|switch|p2b: Dragapult|Dragapult, L50, M|100\/100\n|-terastallize|p1a: Armarouge|Grass\n|move|p2a: Chien-Pao|Protect|p2a: Chien-Pao\n|-singleturn|p2a: Chien-Pao|Protect\n|move|p1b: Murkrow|Foul Play|p2a: Chien-Pao\n|-activate|p2a: Chien-Pao|move: Protect\n|move|p1a: Armarouge|Will-O-Wisp|p2b: Dragapult|[miss]\n|-miss|p1a: Armarouge|p2b: Dragapult\n|\n|upkeep\n|turn|4\n|\n|t:|1683211933\n|switch|p2a: Amoonguss|Amoonguss, L50, F|100\/100\n|move|p1a: Armarouge|Protect|p1a: Armarouge\n|-singleturn|p1a: Armarouge|Protect\n|move|p1b: Murkrow|Foul Play|p2b: Dragapult\n|-supereffective|p2b: Dragapult\n|-damage|p2b: Dragapult|0 fnt\n|faint|p2b: Dragapult\n|\n|upkeep\n|\n|t:|1683211942\n|switch|p2b: Chien-Pao|Chien-Pao, L50|1\/100\n|-ability|p2b: Chien-Pao|Sword of Ruin\n|turn|5\n|\n|t:|1683211967\n|move|p1b: Murkrow|Protect|p1b: Murkrow\n|-singleturn|p1b: Murkrow|Protect\n|move|p2a: Amoonguss|Rage Powder|p2a: Amoonguss\n|-singleturn|p2a: Amoonguss|move: Rage Powder\n|move|p2b: Chien-Pao|Ice Spinner|p1a: Armarouge\n|-supereffective|p1a: Armarouge\n|-damage|p1a: Armarouge|0 fnt\n|faint|p1a: Armarouge\n|\n|-sideend|p1: abhinavamp|move: Tailwind\n|upkeep\n|\n|t:|1683211975\n|switch|p1a: Gholdengo|Gholdengo, L50|100\/100\n|turn|6\n|\n|t:|1683211983\n|move|p2b: Chien-Pao|Sucker Punch|p1a: Gholdengo\n|-supereffective|p1a: Gholdengo\n|-damage|p1a: Gholdengo|0 fnt\n|faint|p1a: Gholdengo\n|move|p1b: Murkrow|Tailwind|p1b: Murkrow\n|-sidestart|p1: abhinavamp|move: Tailwind\n|move|p2a: Amoonguss|Spore|p1b: Murkrow\n|-status|p1b: Murkrow|slp|[from] move: Spore\n|\n|upkeep\n|turn|7\n|-message|abhinavamp forfeited.\n|\n|win|quinn4444\n|raw|abhinavamp's rating: 1164 → 1139<\/strong> (-25 for losing)\n|raw|quinn4444's rating: 1163 → 1188<\/strong> (+25 for winning)\n|l|\u2606abhinavamp\n","uploadtime":1683211995,"views":15,"p1id":"abhinavamp","p2id":"quinn4444","formatid":"gen9vgc2023regulationc","rating":1139,"private":0,"password":""}