{"id":"gen9vgc2023regulationc-1861505559","p1":"MissMilly","p2":"RonJohn","format":"[Gen 9] VGC 2023 Regulation C","log":"|j|\u2606MissMilly\n|j|\u2606RonJohn\n|t:|1683766196\n|gametype|doubles\n|player|p1|MissMilly|169|1122\n|player|p2|RonJohn|266|1177\n|teamsize|p1|6\n|teamsize|p2|6\n|gen|9\n|tier|[Gen 9] VGC 2023 Regulation C\n|rated|\n|rule|Species Clause: Limit one of each Pok\u00e9mon\n|rule|Item Clause: Limit one of each item\n|clearpoke\n|poke|p1|Flutter Mane, L50|\n|poke|p1|Amoonguss, L50, F|\n|poke|p1|Annihilape, L50, M|\n|poke|p1|Chien-Pao, L50|\n|poke|p1|Talonflame, L50, M|\n|poke|p1|Gyarados, L50, F|\n|poke|p2|Flutter Mane, L50|\n|poke|p2|Orthworm, L50, F|\n|poke|p2|Dragonite, L50, M|\n|poke|p2|Amoonguss, L50, F|\n|poke|p2|Gyarados, L50, M|\n|poke|p2|Ting-Lu, L50|\n|teampreview|4\nRonJohn has agreed to open team sheets.\n|inactive|Battle timer is ON: inactive players will automatically lose when time's up. (requested by RonJohn)\n|\n|t:|1683766233\n|start\n|switch|p1a: Talonflame|Talonflame, L50, M|100\/100\n|switch|p1b: Annihilape|Annihilape, L50, M|100\/100\n|switch|p2a: Amoonguss|Amoonguss, L50, F|100\/100\n|switch|p2b: Ting-Lu|Ting-Lu, L50|100\/100\n|-ability|p2b: Ting-Lu|Vessel of Ruin\n|turn|1\n|inactive|MissMilly has 30 seconds left.\n|inactive|RonJohn has 30 seconds left.\n|\n|t:|1683766267\n|switch|p2a: Orthworm|Orthworm, L50, F|100\/100\n|move|p1b: Annihilape|Protect|p1b: Annihilape\n|-singleturn|p1b: Annihilape|Protect\n|move|p1a: Talonflame|Brave Bird|p2a: Orthworm\n|-resisted|p2a: Orthworm\n|-damage|p2a: Orthworm|82\/100\n|-damage|p1a: Talonflame|93\/100|[from] Recoil\n|move|p2b: Ting-Lu|Earthquake|p1b: Annihilape|[spread] \n|-activate|p1b: Annihilape|move: Protect\n|-heal|p2a: Orthworm|100\/100|[from] ability: Earth Eater|[of] p2b: Ting-Lu\n|-immune|p1a: Talonflame\n|\n|upkeep\n|turn|2\n|inactive|RonJohn has 30 seconds left.\n|\n|t:|1683766294\n|-terastallize|p2a: Orthworm|Poison\n|move|p1a: Talonflame|Will-O-Wisp|p2b: Ting-Lu\n|-status|p2b: Ting-Lu|brn\n|move|p1b: Annihilape|Bulk Up|p1b: Annihilape\n|-boost|p1b: Annihilape|atk|1\n|-boost|p1b: Annihilape|def|1\n|move|p2b: Ting-Lu|Rock Slide|p1b: Annihilape|[spread] p1a,p1b\n|-supereffective|p1a: Talonflame\n|-resisted|p1b: Annihilape\n|-damage|p1a: Talonflame|35\/100\n|-damage|p1b: Annihilape|98\/100\n|move|p2a: Orthworm|Shed Tail|p2a: Orthworm\n|-start|p2a: Orthworm|Substitute|[from] move: Shed Tail\n|-damage|p2a: Orthworm|50\/100\n|-enditem|p2a: Orthworm|Sitrus Berry|[eat]\n|-heal|p2a: Orthworm|75\/100|[from] item: Sitrus Berry\n|inactive|RonJohn has 30 seconds left.\n|\n|t:|1683766325\n|switch|p2a: Amoonguss|Amoonguss, L50, F|100\/100|[from] Shed Tail\n|\n|-heal|p1b: Annihilape|100\/100|[from] item: Leftovers\n|-damage|p2b: Ting-Lu|95\/100 brn|[from] brn\n|upkeep\n|turn|3\n|\n|t:|1683766347\n|move|p1b: Annihilape|Protect|p1b: Annihilape\n|-singleturn|p1b: Annihilape|Protect\n|move|p1a: Talonflame|Brave Bird|p2a: Amoonguss\n|-supereffective|p2a: Amoonguss\n|-end|p2a: Amoonguss|Substitute\n|-damage|p1a: Talonflame|25\/100|[from] Recoil|[of] p2a: Amoonguss\n|move|p2b: Ting-Lu|Rock Slide|p1b: Annihilape|[spread] p1a\n|-activate|p1b: Annihilape|move: Protect\n|-supereffective|p1a: Talonflame\n|-damage|p1a: Talonflame|0 fnt\n|faint|p1a: Talonflame\n|move|p2a: Amoonguss|Clear Smog|p1b: Annihilape\n|-activate|p1b: Annihilape|move: Protect\n|\n|-damage|p2b: Ting-Lu|89\/100 brn|[from] brn\n|upkeep\n|\n|t:|1683766366\n|switch|p1a: Gyarados|Gyarados, L50, F, shiny|100\/100\n|-ability|p1a: Gyarados|Intimidate|boost\n|-unboost|p2a: Amoonguss|atk|1\n|-unboost|p2b: Ting-Lu|atk|1\n|turn|4\n|inactive|RonJohn has 30 seconds left.\n|\n|t:|1683766398\n|switch|p2b: Orthworm|Orthworm, L50, F, tera:Poison|75\/100\n|-terastallize|p1a: Gyarados|Flying\n|move|p1a: Gyarados|Tera Blast|p2a: Amoonguss\n|-supereffective|p2a: Amoonguss\n|-damage|p2a: Amoonguss|21\/100\n|move|p1b: Annihilape|Drain Punch|p2b: Orthworm\n|-resisted|p2b: Orthworm\n|-damage|p2b: Orthworm|55\/100\n|move|p2a: Amoonguss|Clear Smog|p1b: Annihilape\n|-resisted|p1b: Annihilape\n|-damage|p1b: Annihilape|93\/100\n|-clearboost|p1b: Annihilape\n|\n|-heal|p1b: Annihilape|99\/100|[from] item: Leftovers\n|-heal|p2a: Amoonguss|27\/100|[from] item: Leftovers\n|upkeep\n|turn|5\n|inactive|RonJohn has 30 seconds left.\n|\n|t:|1683766425\n|move|p2a: Amoonguss|Rage Powder|p2a: Amoonguss\n|-singleturn|p2a: Amoonguss|move: Rage Powder\n|move|p1a: Gyarados|Tera Blast|p2a: Amoonguss\n|-supereffective|p2a: Amoonguss\n|-damage|p2a: Amoonguss|0 fnt\n|faint|p2a: Amoonguss\n|move|p1b: Annihilape|Bulk Up|p1b: Annihilape\n|-boost|p1b: Annihilape|atk|1\n|-boost|p1b: Annihilape|def|1\n|move|p2b: Orthworm|Shed Tail|p2b: Orthworm\n|-start|p2b: Orthworm|Substitute|[from] move: Shed Tail\n|-damage|p2b: Orthworm|5\/100\n|inactive|RonJohn has 30 seconds left.\n|\n|t:|1683766451\n|switch|p2b: Dragonite|Dragonite, L50, M|100\/100|[from] Shed Tail\n|\n|-heal|p1b: Annihilape|100\/100|[from] item: Leftovers\n|upkeep\n|\n|t:|1683766456\n|switch|p2a: Ting-Lu|Ting-Lu, L50|89\/100 brn\n|-ability|p2a: Ting-Lu|Vessel of Ruin\n|turn|6\n|\n|t:|1683766480\n|move|p1a: Gyarados|Waterfall|p2a: Ting-Lu\n|-supereffective|p2a: Ting-Lu\n|-damage|p2a: Ting-Lu|45\/100 brn\n|move|p2b: Dragonite|Dragon Dance|p2b: Dragonite\n|-boost|p2b: Dragonite|atk|1\n|-boost|p2b: Dragonite|spe|1\n|move|p1b: Annihilape|Drain Punch|p2a: Ting-Lu\n|-supereffective|p2a: Ting-Lu\n|-damage|p2a: Ting-Lu|0 fnt\n|faint|p2a: Ting-Lu\n|\n|upkeep\n|\n|t:|1683766493\n|switch|p2a: Orthworm|Orthworm, L50, F, tera:Poison|5\/100\n|turn|7\n|inactive|RonJohn has 30 seconds left.\n|\n|t:|1683766527\n|move|p2b: Dragonite|Ice Spinner|p1a: Gyarados\n|-supereffective|p1a: Gyarados\n|-damage|p1a: Gyarados|0 fnt\n|faint|p1a: Gyarados\n|move|p1b: Annihilape|Drain Punch|p2b: Dragonite\n|-resisted|p2b: Dragonite\n|-activate|p2b: Dragonite|move: Substitute|[damage]\n|move|p2a: Orthworm|Heavy Slam|p1b: Annihilape\n|-damage|p1b: Annihilape|67\/100\n|\n|-heal|p1b: Annihilape|73\/100|[from] item: Leftovers\n|upkeep\n|\n|t:|1683766540\n|switch|p1a: Chien-Pao|Chien-Pao, L50|100\/100\n|-ability|p1a: Chien-Pao|Sword of Ruin\n|turn|8\n|\n|t:|1683766551\n|move|p1a: Chien-Pao|Ice Spinner|p2b: Dragonite\n|-supereffective|p2b: Dragonite\n|-end|p2b: Dragonite|Substitute\n|move|p2b: Dragonite|Earthquake|p1a: Chien-Pao|[spread] p1a,p1b\n|-heal|p2a: Orthworm|30\/100|[from] ability: Earth Eater|[of] p2b: Dragonite\n|-damage|p1a: Chien-Pao|35\/100\n|-damage|p1b: Annihilape|35\/100\n|move|p1b: Annihilape|Drain Punch|p2a: Orthworm\n|-resisted|p2a: Orthworm\n|-damage|p2a: Orthworm|3\/100\n|-heal|p1b: Annihilape|46\/100|[from] drain|[of] p2a: Orthworm\n|move|p2a: Orthworm|Body Press|p1a: Chien-Pao\n|-supereffective|p1a: Chien-Pao\n|-damage|p1a: Chien-Pao|0 fnt\n|faint|p1a: Chien-Pao\n|\n|-heal|p1b: Annihilape|52\/100|[from] item: Leftovers\n|upkeep\n|turn|9\n|inactive|RonJohn has 30 seconds left.\n|\n|t:|1683766582\n|move|p2b: Dragonite|Earthquake|p1b: Annihilape|[spread] p1b\n|-heal|p2a: Orthworm|28\/100|[from] ability: Earth Eater|[of] p2b: Dragonite\n|-damage|p1b: Annihilape|24\/100\n|move|p1b: Annihilape|Rage Fist|p2b: Dragonite\n|-damage|p2b: Dragonite|0 fnt\n|faint|p2b: Dragonite\n|move|p2a: Orthworm|Heavy Slam|p1b: Annihilape\n|-damage|p1b: Annihilape|0 fnt\n|faint|p1b: Annihilape\n|\n|win|RonJohn\n|raw|MissMilly's rating: 1122 → 1101<\/strong> (-21 for losing)\n|raw|RonJohn's rating: 1177 → 1198<\/strong> (+21 for winning)\n|l|\u2606MissMilly\n","uploadtime":1683766598,"views":21,"p1id":"missmilly","p2id":"ronjohn","formatid":"gen9vgc2023regulationc","rating":1101,"private":0,"password":""}