{"id":"gen9vgc2023regulationc-1856653725","p1":"kaijuSM","p2":"HunterOnShowdown","format":"[Gen 9] VGC 2023 Regulation C","log":"|j|\u2606kaijuSM\n|j|\u2606HunterOnShowdown\n|t:|1683088642\n|gametype|doubles\n|player|p1|kaijuSM|swimmerf|1271\n|player|p2|HunterOnShowdown|169|1213\n|teamsize|p1|6\n|teamsize|p2|6\n|gen|9\n|tier|[Gen 9] VGC 2023 Regulation C\n|rated|\n|rule|Species Clause: Limit one of each Pok\u00e9mon\n|rule|Item Clause: Limit one of each item\n|clearpoke\n|poke|p1|Flutter Mane, L50|\n|poke|p1|Chien-Pao, L50|\n|poke|p1|Dragonite, L50, M|\n|poke|p1|Chi-Yu, L50|\n|poke|p1|Ting-Lu, L50|\n|poke|p1|Amoonguss, L50, M|\n|poke|p2|Gyarados, L50, M|\n|poke|p2|Amoonguss, L50, M|\n|poke|p2|Talonflame, L50, M|\n|poke|p2|Garchomp, L50, M|\n|poke|p2|Chien-Pao, L50|\n|poke|p2|Iron Moth, L50|\n|teampreview|4\n|inactive|Battle timer is ON: inactive players will automatically lose when time's up. (requested by kaijuSM)\nHunterOnShowdown has agreed to open team sheets.\nkaijuSM has agreed to open team sheets.\n|inactive|kaijuSM has 60 seconds left.\n|inactive|HunterOnShowdown has 60 seconds left.\n|inactive|HunterOnShowdown has 30 seconds left.\n|inactive|HunterOnShowdown has 20 seconds left.\n|\n|t:|1683088713\n|start\n|switch|p1a: Chi-Yu|Chi-Yu, L50|100\/100\n|switch|p1b: Flutter Mane|Flutter Mane, L50|100\/100\n|switch|p2a: Garchomp|Garchomp, L50, M|100\/100\n|switch|p2b: Talonflame|Talonflame, L50, M|100\/100\n|-ability|p1a: Chi-Yu|Beads of Ruin\n|turn|1\n|inactive|kaijuSM has 30 seconds left.\n|inactive|kaijuSM has 20 seconds left.\n|\n|t:|1683088751\n|switch|p1a: Chien-Pao|Chien-Pao, L50|100\/100\n|-ability|p1a: Chien-Pao|Sword of Ruin\n|-terastallize|p2a: Garchomp|Ground\n|move|p1b: Flutter Mane|Protect|p1b: Flutter Mane\n|-singleturn|p1b: Flutter Mane|Protect\n|move|p2b: Talonflame|Tailwind|p2b: Talonflame\n|-sidestart|p2: HunterOnShowdown|move: Tailwind\n|move|p2a: Garchomp|Earthquake|p1b: Flutter Mane|[spread] p1a\n|-activate|p1b: Flutter Mane|move: Protect\n|-immune|p2b: Talonflame\n|-damage|p1a: Chien-Pao|30\/100\n|\n|upkeep\n|turn|2\n|inactive|kaijuSM has 30 seconds left.\n|\n|t:|1683088776\n|-end|p1b: Flutter Mane|Protosynthesis|[silent]\n|switch|p1b: Dragonite|Dragonite, L50, M|100\/100\n|move|p1a: Chien-Pao|Protect|p1a: Chien-Pao\n|-singleturn|p1a: Chien-Pao|Protect\n|move|p2b: Talonflame|Feint|p1a: Chien-Pao\n|-activate|p1a: Chien-Pao|move: Feint\n|-damage|p1a: Chien-Pao|22\/100\n|move|p2a: Garchomp|Earthquake|p1a: Chien-Pao|[spread] p1a\n|-immune|p2b: Talonflame\n|-immune|p1b: Dragonite\n|-damage|p1a: Chien-Pao|0 fnt\n|faint|p1a: Chien-Pao\n|\n|upkeep\n|\n|t:|1683088778\n|switch|p1a: Chi-Yu|Chi-Yu, L50|100\/100\n|-ability|p1a: Chi-Yu|Beads of Ruin\n|turn|3\n|\n|t:|1683088787\n|-terastallize|p1b: Dragonite|Dragon\n|move|p2b: Talonflame|Will-O-Wisp|p1b: Dragonite\n|-status|p1b: Dragonite|brn\n|move|p2a: Garchomp|Rock Slide|p1b: Dragonite|[spread] p1a,p1b\n|-supereffective|p1a: Chi-Yu\n|-damage|p1a: Chi-Yu|29\/100\n|-damage|p1b: Dragonite|90\/100 brn\n|cant|p1a: Chi-Yu|flinch\n|cant|p1b: Dragonite|flinch\n|\n|-damage|p1b: Dragonite|84\/100 brn|[from] brn\n|upkeep\n|turn|4\n|c|\u2606kaijuSM|oh my god\n|\n|t:|1683088810\n|move|p2b: Talonflame|Brave Bird|p1b: Dragonite\n|-damage|p1b: Dragonite|45\/100 brn\n|-damage|p2b: Talonflame|87\/100|[from] Recoil\n|move|p2a: Garchomp|Earthquake|p1b: Dragonite|[spread] p1a,p1b\n|-immune|p2b: Talonflame\n|-supereffective|p1a: Chi-Yu\n|-damage|p1a: Chi-Yu|0 fnt\n|-damage|p1b: Dragonite|0 fnt\n|faint|p1a: Chi-Yu\n|faint|p1b: Dragonite\n|\n|-sideend|p2: HunterOnShowdown|move: Tailwind\n|upkeep\n|\n|t:|1683088813\n|switch|p1b: Flutter Mane|Flutter Mane, L50|100\/100\n|turn|5\n|\n|t:|1683088819\n|move|p2a: Garchomp|Protect|p2a: Garchomp\n|-singleturn|p2a: Garchomp|Protect\n|move|p1b: Flutter Mane|Moonblast|p2a: Garchomp\n|-activate|p2a: Garchomp|move: Protect\n|move|p2b: Talonflame|Tailwind|p2b: Talonflame\n|-sidestart|p2: HunterOnShowdown|move: Tailwind\n|\n|upkeep\n|turn|6\n|inactive|kaijuSM has 30 seconds left.\n|inactive|kaijuSM has 20 seconds left.\n|inactive|kaijuSM has 15 seconds left.\n|\n|t:|1683088863\n|move|p2b: Talonflame|Brave Bird|p1b: Flutter Mane\n|-crit|p1b: Flutter Mane\n|-damage|p1b: Flutter Mane|0 fnt\n|faint|p1b: Flutter Mane\n|-end|p1b: Flutter Mane|Protosynthesis|[silent]\n|-damage|p2b: Talonflame|63\/100|[from] Recoil\n|\n|win|HunterOnShowdown\n|raw|kaijuSM's rating: 1271 → 1242<\/strong> (-29 for losing)\n|raw|HunterOnShowdown's rating: 1213 → 1242<\/strong> (+29 for winning)\n","uploadtime":1683088875,"views":6,"p1id":"kaijusm","p2id":"hunteronshowdown","formatid":"gen9vgc2023regulationc","rating":1242,"private":0,"password":""}