{"id":"gen9vgc2023regulationc-1845257278","p1":"fake_pinkmilk","p2":"Shit tier pro","format":"[Gen 9] VGC 2023 Regulation C","log":"|j|\u2606fake_pinkmilk\n|j|\u2606Shit tier pro\n|t:|1681703135\n|gametype|doubles\n|player|p1|fake_pinkmilk|preschooler|\n|player|p2|Shit tier pro|2|\n|teamsize|p1|6\n|teamsize|p2|6\n|gen|9\n|tier|[Gen 9] VGC 2023 Regulation C\n|rule|Species Clause: Limit one of each Pok\u00e9mon\n|rule|Item Clause: Limit one of each item\n|clearpoke\n|poke|p1|Orthworm, L50, F|\n|poke|p1|Scizor, L50, F|\n|poke|p1|Flutter Mane, L50|\n|poke|p1|Brute Bonnet, L50|\n|poke|p1|Sylveon, L50, F|\n|poke|p1|Tauros-Paldea-Aqua, L50, M|\n|poke|p2|Palafin, L50, F|\n|poke|p2|Arboliva, L50, M|\n|poke|p2|Tauros-Paldea-Blaze, L50, M|\n|poke|p2|Salamence, L50, F|\n|poke|p2|Grimmsnarl, L50, M|\n|poke|p2|Hatterene, L50, F|\n|teampreview|4\nShit tier pro has agreed to open team sheets.\n|c|\u2606Shit tier pro|One match then I gotta go\n|c|\u2606fake_pinkmilk|sucker punch brute bonnet has never been seen before\n|c|\u2606fake_pinkmilk|all g\n|c|\u2606Shit tier pro|New tech\n|c|\u2606Shit tier pro|tap in bro\nfake_pinkmilk has agreed to open team sheets.\n|c|\u2606fake_pinkmilk|this team has gonr through a lot of iterations\n|c|\u2606fake_pinkmilk|thats why orthworm does nothing\n|\n|t:|1681703198\n|start\n|switch|p1a: Brute Bonnet|Brute Bonnet, L50|100\/100\n|switch|p1b: Flutter Mane|Flutter Mane, L50|100\/100\n|switch|p2a: Salamence|Salamence, L50, F|100\/100\n|switch|p2b: Tauros|Tauros-Paldea-Blaze, L50, M|100\/100\n|-ability|p2a: Salamence|Intimidate|boost\n|-unboost|p1a: Brute Bonnet|atk|1\n|-unboost|p1b: Flutter Mane|atk|1\n|-ability|p2b: Tauros|Intimidate|boost\n|-unboost|p1a: Brute Bonnet|atk|1\n|-unboost|p1b: Flutter Mane|atk|1\n|turn|1\n|c|\u2606fake_pinkmilk|what is abrolivas job\n|\n|t:|1681703218\n|move|p2a: Salamence|Protect|p2a: Salamence\n|-singleturn|p2a: Salamence|Protect\n|move|p1b: Flutter Mane|Moonblast|p2a: Salamence\n|-activate|p2a: Salamence|move: Protect\n|move|p2b: Tauros|Bulldoze|p1a: Brute Bonnet|[spread] p1a,p1b\n|-activate|p2a: Salamence|move: Protect\n|-resisted|p1a: Brute Bonnet\n|-damage|p1a: Brute Bonnet|95\/100\n|-damage|p1b: Flutter Mane|70\/100\n|-unboost|p1a: Brute Bonnet|spe|1\n|-unboost|p1b: Flutter Mane|spe|1\n|move|p1a: Brute Bonnet|Spore|p2b: Tauros\n|-status|p2b: Tauros|slp|[from] move: Spore\n|\n|upkeep\n|turn|2\n|c|\u2606Shit tier pro|Tera normal normal gem hyper voice\n|c|\u2606Shit tier pro|with helping hand\n|c|\u2606fake_pinkmilk|coolest set ever\n|c|\u2606fake_pinkmilk|win worlds right now\n|\n|t:|1681703279\n|-end|p1a: Brute Bonnet|Protosynthesis|[silent]\n|switch|p1a: Scizor|Scizor, L50, F|100\/100\n|-terastallize|p2a: Salamence|Flying\n|cant|p2b: Tauros|slp\n|move|p2a: Salamence|Dual Wingbeat|p1a: Scizor\n|-damage|p1a: Scizor|72\/100\n|-damage|p1a: Scizor|44\/100\n|-hitcount|p1a: Scizor|2\n|move|p1b: Flutter Mane|Moonblast|p2a: Salamence\n|-damage|p2a: Salamence|35\/100\n|-unboost|p2a: Salamence|spa|1\n|\n|upkeep\n|turn|3\n|c|\u2606Shit tier pro|I know bro\n|c|\u2606Shit tier pro|people don\u2019t understand\n|c|\u2606Shit tier pro|I\u2019m cookin\n|\n|t:|1681703325\n|move|p2a: Salamence|Protect|p2a: Salamence\n|-singleturn|p2a: Salamence|Protect\n|cant|p2b: Tauros|slp\n|move|p1b: Flutter Mane|Moonblast|p2b: Tauros\n|-damage|p2b: Tauros|20\/100 slp\n|move|p1a: Scizor|U-turn|p2b: Tauros\n|-resisted|p2b: Tauros\n|-damage|p2b: Tauros|10\/100 slp\n|\n|t:|1681703334\n|switch|p1a: Sylveon|Sylveon, L50, F|100\/100|[from] U-turn\n|\n|upkeep\n|turn|4\n|c|\u2606fake_pinkmilk|fr\n|c|\u2606fake_pinkmilk|i have revealed all 4 mons\n|c|\u2606fake_pinkmilk|that ok\n|c|\u2606fake_pinkmilk|who needs information in a vgc game\n|c|\u2606fake_pinkmilk|i just close my eyes and click big buttons\n|c|\u2606Shit tier pro|Attack moves only\n|c|\u2606Shit tier pro|four stab moves\n|\n|t:|1681703412\n|-end|p1b: Flutter Mane|Protosynthesis|[silent]\n|switch|p1b: Scizor|Scizor, L50, F|44\/100\n|cant|p2b: Tauros|slp\n|move|p2a: Salamence|Iron Head|p1a: Sylveon\n|-supereffective|p1a: Sylveon\n|-damage|p1a: Sylveon|23\/100\n|move|p1a: Sylveon|Hyper Voice|p2a: Salamence|[spread] p2a,p2b\n|-damage|p2a: Salamence|0 fnt\n|-damage|p2b: Tauros|0 fnt\n|faint|p2a: Salamence\n|faint|p2b: Tauros\n|-damage|p1a: Sylveon|13\/100|[from] item: Life Orb\n|\n|upkeep\n|c|\u2606fake_pinkmilk|you don't need coverage\n|\n|t:|1681703425\n|switch|p2b: Grimmsnarl|Grimmsnarl, L50, M, shiny|100\/100\n|switch|p2a: Palafin|Palafin, L50, F|100\/100\n|turn|5\n|c|\u2606fake_pinkmilk|just get stronger stab obviouslt\n|\n|t:|1681703434\n|move|p2b: Grimmsnarl|Fake Out|p1b: Scizor\n|-resisted|p1b: Scizor\n|-damage|p1b: Scizor|39\/100\n|move|p2a: Palafin|Jet Punch|p1a: Sylveon\n|-damage|p1a: Sylveon|0 fnt\n|faint|p1a: Sylveon\n|cant|p1b: Scizor|flinch\n|\n|upkeep\n|c|\u2606Shit tier pro|Damn\n|\n|t:|1681703443\n|switch|p1a: Brute Bonnet|Brute Bonnet, L50|95\/100\n|turn|6\n|c|\u2606Shit tier pro|I lost\n|c|\u2606Shit tier pro|gg bro\n|\n|t:|1681703470\n|move|p2a: Palafin|Close Combat|p1a: Brute Bonnet\n|-supereffective|p1a: Brute Bonnet\n|-damage|p1a: Brute Bonnet|50\/100\n|-unboost|p2a: Palafin|def|1\n|-unboost|p2a: Palafin|spd|1\n|move|p1b: Scizor|U-turn|p2a: Palafin\n|-damage|p2a: Palafin|46\/100\n|c|\u2606Shit tier pro|Just throw\n|\n|t:|1681703477\n|switch|p1b: Flutter Mane|Flutter Mane, L50|70\/100|[from] U-turn\n|move|p2b: Grimmsnarl|Spirit Break|p1a: Brute Bonnet\n|-supereffective|p1a: Brute Bonnet\n|-damage|p1a: Brute Bonnet|0 fnt\n|faint|p1a: Brute Bonnet\n|-end|p1a: Brute Bonnet|Protosynthesis|[silent]\n|\n|-heal|p2a: Palafin|52\/100|[from] item: Leftovers\n|upkeep\n|\n|t:|1681703483\n|switch|p1a: Scizor|Scizor, L50, F|39\/100\n|turn|7\n|\n|t:|1681703495\n|move|p2a: Palafin|Jet Punch|p1b: Flutter Mane\n|-damage|p1b: Flutter Mane|23\/100\n|move|p1a: Scizor|Bullet Punch|p2b: Grimmsnarl\n|-supereffective|p2b: Grimmsnarl\n|-damage|p2b: Grimmsnarl|10\/100\n|move|p1b: Flutter Mane|Moonblast|p2b: Grimmsnarl\n|-supereffective|p2b: Grimmsnarl\n|-damage|p2b: Grimmsnarl|0 fnt\n|faint|p2b: Grimmsnarl\n|\n|-heal|p2a: Palafin|58\/100|[from] item: Leftovers\n|upkeep\n|turn|8\n|c|\u2606Shit tier pro|That was close\n|\n|t:|1681703516\n|move|p2a: Palafin|Jet Punch|p1b: Flutter Mane\n|-damage|p1b: Flutter Mane|0 fnt\n|faint|p1b: Flutter Mane\n|-end|p1b: Flutter Mane|Protosynthesis|[silent]\n|move|p1a: Scizor|Bullet Punch|p2a: Palafin\n|-resisted|p2a: Palafin\n|-damage|p2a: Palafin|29\/100\n|\n|-heal|p2a: Palafin|35\/100|[from] item: Leftovers\n|upkeep\n|turn|9\n|c|\u2606Shit tier pro|i thought I had it\n|\n|t:|1681703540\n|move|p2a: Palafin|Close Combat|p1a: Scizor\n|-damage|p1a: Scizor|14\/100\n|-unboost|p2a: Palafin|def|1\n|-unboost|p2a: Palafin|spd|1\n|move|p1a: Scizor|U-turn|p2a: Palafin\n|-damage|p2a: Palafin|0 fnt\n|faint|p2a: Palafin\n|\n|win|fake_pinkmilk\n|c|\u2606fake_pinkmilk|ggs\n|c|\u2606fake_pinkmilk|close game\n|c|\u2606fake_pinkmilk|vgc is cool but also bad\n|c|\u2606Shit tier pro|Vgc sucks\n|c|\u2606Shit tier pro|that\u2019s why I keep playing\n|c|\u2606fake_pinkmilk|half the time you lose off 1 turn\n|c|\u2606Shit tier pro|I\u2019m a masochist\n|c|\u2606Shit tier pro|I gtg\n|c|\u2606fake_pinkmilk|i wanna get great\n|c|\u2606Shit tier pro|gg tho\n|c|\u2606Shit tier pro|like ash\n|c|\u2606fake_pinkmilk|yeah lol\n|c|\u2606fake_pinkmilk|i'm the next ray rizzo fr\n|c|\u2606fake_pinkmilk|see ya\n|l|\u2606Shit tier pro\n","uploadtime":1681703754,"views":10,"p1id":"fakepinkmilk","p2id":"shittierpro","formatid":"gen9vgc2023regulationc","rating":0,"private":0,"password":""}