{"id":"gen9vgc2023regulationc-1846031164","p1":"stevieohhh","p2":"LegalizedNukes","format":"[Gen 9] VGC 2023 Regulation C","log":"|j|\u2606stevieohhh\n|j|\u2606LegalizedNukes\n|t:|1681794393\n|gametype|doubles\n|player|p1|stevieohhh|blue|1153\n|player|p2|LegalizedNukes|nita|1230\n|teamsize|p1|6\n|teamsize|p2|6\n|gen|9\n|tier|[Gen 9] VGC 2023 Regulation C\n|rated|\n|rule|Species Clause: Limit one of each Pok\u00e9mon\n|rule|Item Clause: Limit one of each item\n|clearpoke\n|poke|p1|Arcanine, L50, F|\n|poke|p1|Palafin, L50, M|\n|poke|p1|Chien-Pao, L50|\n|poke|p1|Scizor, L50, M|\n|poke|p1|Flutter Mane, L50|\n|poke|p1|Jolteon, L50, M|\n|poke|p2|Ting-Lu, L50|\n|poke|p2|Bronzong, L50|\n|poke|p2|Armarouge, L50, M|\n|poke|p2|Indeedee-F, L50, F|\n|poke|p2|Hariyama, L50, M|\n|poke|p2|Hatterene, L50, F|\n|teampreview|4\n|inactive|Battle timer is ON: inactive players will automatically lose when time's up. (requested by LegalizedNukes)\n|\n|t:|1681794421\n|start\n|switch|p1a: Chien-Pao|Chien-Pao, L50|100\/100\n|switch|p1b: Scizor|Scizor, L50, M|100\/100\n|switch|p2a: Armarouge|Armarouge, L50, M|100\/100\n|switch|p2b: Indeedee|Indeedee-F, L50, F|100\/100\n|-ability|p1a: Chien-Pao|Sword of Ruin\n|-fieldstart|move: Psychic Terrain|[from] ability: Psychic Surge|[of] p2b: Indeedee\n|-enditem|p2b: Indeedee|Psychic Seed\n|-boost|p2b: Indeedee|spd|1|[from] item: Psychic Seed\n|turn|1\n|\n|t:|1681794438\n|-terastallize|p1b: Scizor|Fire\n|-terastallize|p2b: Indeedee|Fairy\n|move|p2a: Armarouge|Protect|p2a: Armarouge\n|-singleturn|p2a: Armarouge|Protect\n|move|p1a: Chien-Pao|Ice Spinner|p2b: Indeedee\n|-damage|p2b: Indeedee|43\/100\n|-fieldend|move: Psychic Terrain\n|move|p1b: Scizor|Pounce|p2b: Indeedee\n|-resisted|p2b: Indeedee\n|-damage|p2b: Indeedee|15\/100\n|-unboost|p2b: Indeedee|spe|1\n|move|p2b: Indeedee|Trick Room|p2b: Indeedee\n|-fieldstart|move: Trick Room|[of] p2b: Indeedee\n|\n|upkeep\n|turn|2\n|\n|t:|1681794459\n|switch|p2b: Bronzong|Bronzong, L50|100\/100\n|move|p1b: Scizor|Bullet Punch|p2b: Bronzong\n|-resisted|p2b: Bronzong\n|-damage|p2b: Bronzong|80\/100\n|move|p1a: Chien-Pao|Sucker Punch|p2a: Armarouge\n|-supereffective|p2a: Armarouge\n|-damage|p2a: Armarouge|9\/100\n|move|p2a: Armarouge|Armor Cannon|p1a: Chien-Pao\n|-supereffective|p1a: Chien-Pao\n|-enditem|p1a: Chien-Pao|Focus Sash\n|-damage|p1a: Chien-Pao|1\/100\n|-unboost|p2a: Armarouge|def|1\n|-unboost|p2a: Armarouge|spd|1\n|-damage|p2a: Armarouge|0 fnt|[from] item: Life Orb\n|faint|p2a: Armarouge\n|\n|upkeep\n|\n|t:|1681794472\n|switch|p2a: Indeedee|Indeedee-F, L50, F, tera:Fairy|15\/100\n|-fieldstart|move: Psychic Terrain|[from] ability: Psychic Surge|[of] p2a: Indeedee\n|turn|3\n|\n|t:|1681794482\n|move|p1a: Chien-Pao|Protect|p1a: Chien-Pao\n|-singleturn|p1a: Chien-Pao|Protect\n|move|p2b: Bronzong|Iron Defense|p2b: Bronzong\n|-boost|p2b: Bronzong|def|2\n|move|p2a: Indeedee|Dazzling Gleam|p1b: Scizor|[spread] p1b\n|-activate|p1a: Chien-Pao|move: Protect\n|-resisted|p1b: Scizor\n|-damage|p1b: Scizor|85\/100\n|move|p1b: Scizor|Pounce|p2a: Indeedee\n|-resisted|p2a: Indeedee\n|-damage|p2a: Indeedee|0 fnt\n|faint|p2a: Indeedee\n|\n|upkeep\n|\n|t:|1681794489\n|switch|p2a: Ting-Lu|Ting-Lu, L50|100\/100\n|-ability|p2a: Ting-Lu|Vessel of Ruin\n|turn|4\n|\n|t:|1681794502\n|move|p2b: Bronzong|Gyro Ball|p1a: Chien-Pao\n|-supereffective|p1a: Chien-Pao\n|-damage|p1a: Chien-Pao|0 fnt\n|faint|p1a: Chien-Pao\n|move|p2a: Ting-Lu|Stomping Tantrum|p1b: Scizor\n|-supereffective|p1b: Scizor\n|-damage|p1b: Scizor|11\/100\n|move|p1b: Scizor|Pounce|p2a: Ting-Lu\n|-supereffective|p2a: Ting-Lu\n|-damage|p2a: Ting-Lu|52\/100\n|-unboost|p2a: Ting-Lu|spe|1\n|\n|upkeep\n|\n|t:|1681794512\n|switch|p1a: Palafin|Palafin, L50, M|100\/100\n|turn|5\n|\n|t:|1681794523\n|detailschange|p1a: Palafin|Palafin-Hero, L50, M\n|switch|p1a: Arcanine|Arcanine, L50, F|100\/100\n|-ability|p1a: Arcanine|Intimidate|boost\n|-unboost|p2a: Ting-Lu|atk|1\n|-unboost|p2b: Bronzong|atk|1\n|move|p2a: Ting-Lu|Stomping Tantrum|p1b: Scizor\n|-supereffective|p1b: Scizor\n|-damage|p1b: Scizor|0 fnt\n|faint|p1b: Scizor\n|move|p2b: Bronzong|Body Press|p1a: Arcanine\n|-damage|p1a: Arcanine|57\/100\n|\n|-fieldend|move: Trick Room\n|upkeep\n|\n|t:|1681794532\n|switch|p1b: Palafin|Palafin-Hero, L50, M|100\/100\n|-activate|p1b: Palafin|ability: Zero to Hero\n|turn|6\n|\n|t:|1681794543\n|move|p1a: Arcanine|Howl|p1a: Arcanine|[spread] p1a,p1b\n|-boost|p1a: Arcanine|atk|1\n|-boost|p1b: Palafin|atk|1\n|move|p1b: Palafin|Wave Crash|p2a: Ting-Lu\n|-supereffective|p2a: Ting-Lu\n|-damage|p2a: Ting-Lu|0 fnt\n|faint|p2a: Ting-Lu\n|-damage|p1b: Palafin|80\/100|[from] Recoil\n|move|p2b: Bronzong|Trick Room|p2b: Bronzong\n|-fieldstart|move: Trick Room|[of] p2b: Bronzong\n|\n|upkeep\n|turn|7\n|\n|t:|1681794560\n|move|p2b: Bronzong|Body Press|p1a: Arcanine\n|-damage|p1a: Arcanine|11\/100\n|move|p1b: Palafin|Wave Crash|p2b: Bronzong\n|-damage|p2b: Bronzong|14\/100\n|-damage|p1b: Palafin|61\/100|[from] Recoil\n|move|p1a: Arcanine|Flare Blitz|p2b: Bronzong\n|-supereffective|p2b: Bronzong\n|-damage|p2b: Bronzong|0 fnt\n|faint|p2b: Bronzong\n|-damage|p1a: Arcanine|7\/100|[from] Recoil\n|\n|win|stevieohhh\n|raw|stevieohhh's rating: 1153 → 1183<\/strong> (+30 for winning)\n|raw|LegalizedNukes's rating: 1230 → 1200<\/strong> (-30 for losing)\n|l|\u2606stevieohhh\n","uploadtime":1681794572,"views":4,"p1id":"stevieohhh","p2id":"legalizednukes","formatid":"gen9vgc2023regulationc","rating":1183,"private":0,"password":""}