{"id":"gen9vgc2023regulationc-1847785131","p1":"Prompto88","p2":"Dr Scoob","format":"[Gen 9] VGC 2023 Regulation C","log":"|j|\u2606Prompto88\n|j|\u2606Dr Scoob\n|t:|1682001766\n|gametype|doubles\n|player|p1|Prompto88|2|1226\n|player|p2|Dr Scoob|1|1292\n|teamsize|p1|6\n|teamsize|p2|6\n|gen|9\n|tier|[Gen 9] VGC 2023 Regulation C\n|rated|\n|rule|Species Clause: Limit one of each Pok\u00e9mon\n|rule|Item Clause: Limit one of each item\n|clearpoke\n|poke|p1|Palafin, L50, M|\n|poke|p1|Arcanine, L50, M|\n|poke|p1|Garganacl, L50, F|\n|poke|p1|Ting-Lu, L50|\n|poke|p1|Wo-Chien, L50|\n|poke|p1|Maushold, L50|\n|poke|p2|Annihilape, L50, M|\n|poke|p2|Amoonguss, L50, F|\n|poke|p2|Baxcalibur, L50, M|\n|poke|p2|Gholdengo, L50|\n|poke|p2|Iron Bundle, L50|\n|poke|p2|Ting-Lu, L50|\n|teampreview|4\n|inactive|Battle timer is ON: inactive players will automatically lose when time's up. (requested by Prompto88)\n|\n|t:|1682001792\n|start\n|switch|p1a: Wo-Chien|Wo-Chien, L50|100\/100\n|switch|p1b: Maushold|Maushold, L50|100\/100\n|switch|p2a: Monkey Business|Annihilape, L50, M|100\/100\n|switch|p2b: Happy Holidays|Iron Bundle, L50|100\/100\n|-ability|p1a: Wo-Chien|Tablets of Ruin\n|-enditem|p2b: Happy Holidays|Booster Energy\n|-activate|p2b: Happy Holidays|ability: Quark Drive|[fromitem]\n|-start|p2b: Happy Holidays|quarkdrivespe\n|turn|1\n|\n|t:|1682001813\n|-terastallize|p1a: Wo-Chien|Poison\n|move|p1b: Maushold|Protect|p1b: Maushold\n|-singleturn|p1b: Maushold|Protect\n|move|p2b: Happy Holidays|Icy Wind|p1b: Maushold|[spread] p1a\n|-activate|p1b: Maushold|move: Protect\n|-damage|p1a: Wo-Chien|91\/100\n|-unboost|p1a: Wo-Chien|spe|1\n|move|p2a: Monkey Business|Drain Punch|p1b: Maushold\n|-activate|p1b: Maushold|move: Protect\n|move|p1a: Wo-Chien|Leech Seed|p2b: Happy Holidays\n|-start|p2b: Happy Holidays|move: Leech Seed\n|\n|-damage|p2b: Happy Holidays|88\/100|[from] Leech Seed|[of] p1a: Wo-Chien\n|-heal|p1a: Wo-Chien|100\/100|[silent]\n|upkeep\n|turn|2\n|\n|t:|1682001836\n|move|p2b: Happy Holidays|Icy Wind|p1b: Maushold|[spread] p1a,p1b\n|-crit|p1b: Maushold\n|-damage|p1a: Wo-Chien|91\/100\n|-damage|p1b: Maushold|67\/100\n|-unboost|p1a: Wo-Chien|spe|1\n|-unboost|p1b: Maushold|spe|1\n|move|p2a: Monkey Business|Drain Punch|p1b: Maushold\n|-supereffective|p1b: Maushold\n|-damage|p1b: Maushold|9\/100\n|-damage|p2a: Monkey Business|84\/100|[from] item: Rocky Helmet|[of] p1b: Maushold\n|move|p1b: Maushold|Super Fang|p2b: Happy Holidays\n|-damage|p2b: Happy Holidays|45\/100\n|move|p1a: Wo-Chien|Leech Seed|p2a: Monkey Business\n|-start|p2a: Monkey Business|move: Leech Seed\n|\n|-heal|p2a: Monkey Business|90\/100|[from] item: Leftovers\n|-damage|p2b: Happy Holidays|33\/100|[from] Leech Seed|[of] p1a: Wo-Chien\n|-heal|p1a: Wo-Chien|100\/100|[silent]\n|-damage|p2a: Monkey Business|77\/100|[from] Leech Seed|[of] p1a: Wo-Chien\n|upkeep\n|turn|3\n|\n|t:|1682001858\n|-end|p2b: Happy Holidays|Quark Drive|[silent]\n|switch|p2b: Ting-Lu|Ting-Lu, L50|100\/100\n|-ability|p2b: Ting-Lu|Vessel of Ruin\n|move|p1b: Maushold|Protect|p1b: Maushold\n|-singleturn|p1b: Maushold|Protect\n|move|p2a: Monkey Business|Rock Slide|p1a: Wo-Chien|[spread] p1a\n|-activate|p1b: Maushold|move: Protect\n|-damage|p1a: Wo-Chien|93\/100\n|cant|p1a: Wo-Chien|flinch\n|\n|-heal|p2a: Monkey Business|83\/100|[from] item: Leftovers\n|-damage|p2a: Monkey Business|71\/100|[from] Leech Seed|[of] p1a: Wo-Chien\n|-heal|p1a: Wo-Chien|100\/100|[silent]\n|upkeep\n|turn|4\n|\n|t:|1682001875\n|switch|p1b: Ting-Lu|Ting-Lu, L50|100\/100\n|-ability|p1b: Ting-Lu|Vessel of Ruin\n|move|p2a: Monkey Business|Rock Slide|p1a: Wo-Chien|[spread] p1a,p1b\n|-resisted|p1b: Ting-Lu\n|-damage|p1a: Wo-Chien|90\/100\n|-damage|p1b: Ting-Lu|97\/100\n|move|p1a: Wo-Chien|Substitute|p1a: Wo-Chien\n|-start|p1a: Wo-Chien|Substitute\n|-damage|p1a: Wo-Chien|65\/100\n|move|p2b: Ting-Lu|Ruination|p1a: Wo-Chien\n|-end|p1a: Wo-Chien|Substitute\n|\n|-heal|p2a: Monkey Business|77\/100|[from] item: Leftovers\n|-damage|p2a: Monkey Business|65\/100|[from] Leech Seed|[of] p1a: Wo-Chien\n|-heal|p1a: Wo-Chien|83\/100|[silent]\n|upkeep\n|turn|5\n|c|\u2606Dr Scoob|didnt know ruin would do that\n|c|\u2606Dr Scoob|cool\n|inactive|Dr Scoob has 30 seconds left.\n|\n|t:|1682001908\n|move|p2a: Monkey Business|Bulk Up|p2a: Monkey Business\n|-boost|p2a: Monkey Business|atk|1\n|-boost|p2a: Monkey Business|def|1\n|move|p1b: Ting-Lu|Sand Tomb|p2a: Monkey Business\n|-damage|p2a: Monkey Business|58\/100\n|-activate|p2a: Monkey Business|move: Sand Tomb|[of] p1b: Ting-Lu\n|move|p1a: Wo-Chien|Leech Seed|p2b: Ting-Lu|[miss]\n|-miss|p1a: Wo-Chien|p2b: Ting-Lu\n|move|p2b: Ting-Lu|Stomping Tantrum|p1a: Wo-Chien\n|-supereffective|p1a: Wo-Chien\n|-damage|p1a: Wo-Chien|38\/100\n|\n|-heal|p2a: Monkey Business|64\/100|[from] item: Leftovers\n|-damage|p2a: Monkey Business|51\/100|[from] Leech Seed|[of] p1a: Wo-Chien\n|-heal|p1a: Wo-Chien|56\/100|[silent]\n|-damage|p2a: Monkey Business|39\/100|[from] move: Sand Tomb|[partiallytrapped]\n|upkeep\n|turn|6\n|\n|t:|1682001928\n|switch|p1a: Garganacl|Garganacl, L50, F|100\/100\n|move|p2a: Monkey Business|Drain Punch|p1b: Ting-Lu\n|-supereffective|p1b: Ting-Lu\n|-damage|p1b: Ting-Lu|40\/100\n|-heal|p2a: Monkey Business|71\/100|[from] drain|[of] p1b: Ting-Lu\n|move|p1b: Ting-Lu|Fissure|p2b: Ting-Lu|[miss]\n|-miss|p1b: Ting-Lu|p2b: Ting-Lu\n|move|p2b: Ting-Lu|Stomping Tantrum|p1a: Garganacl\n|-supereffective|p1a: Garganacl\n|-damage|p1a: Garganacl|53\/100\n|\n|-heal|p2a: Monkey Business|77\/100|[from] item: Leftovers\n|-heal|p1a: Garganacl|59\/100|[from] item: Leftovers\n|-damage|p2a: Monkey Business|65\/100|[from] Leech Seed|[of] p1a: Garganacl\n|-heal|p1a: Garganacl|72\/100|[silent]\n|-damage|p2a: Monkey Business|52\/100|[from] move: Sand Tomb|[partiallytrapped]\n|upkeep\n|turn|7\n|inactive|Prompto88 has 30 seconds left.\n|\n|t:|1682001955\n|switch|p1b: Maushold|Maushold, L50|9\/100\n|move|p2a: Monkey Business|Drain Punch|p1b: Maushold\n|-supereffective|p1b: Maushold\n|-damage|p1b: Maushold|0 fnt\n|-heal|p2a: Monkey Business|56\/100|[from] drain|[of] p1b: Maushold\n|-damage|p2a: Monkey Business|39\/100|[from] item: Rocky Helmet|[of] p1b: Maushold\n|faint|p1b: Maushold\n|move|p1a: Garganacl|Salt Cure|p2a: Monkey Business\n|-resisted|p2a: Monkey Business\n|-damage|p2a: Monkey Business|34\/100\n|-start|p2a: Monkey Business|Salt Cure\n|move|p2b: Ting-Lu|Stomping Tantrum|p1a: Garganacl\n|-supereffective|p1a: Garganacl\n|-damage|p1a: Garganacl|20\/100\n|\n|-heal|p2a: Monkey Business|40\/100|[from] item: Leftovers\n|-heal|p1a: Garganacl|26\/100|[from] item: Leftovers\n|-damage|p2a: Monkey Business|28\/100|[from] Leech Seed|[of] p1a: Garganacl\n|-heal|p1a: Garganacl|39\/100|[silent]\n|-end|p2a: Monkey Business|Sand Tomb|[partiallytrapped]|[silent]\n|-damage|p2a: Monkey Business|15\/100|[from] Salt Cure\n|upkeep\n|\n|t:|1682001973\n|switch|p1b: Wo-Chien|Wo-Chien, L50, tera:Poison|56\/100\n|-ability|p1b: Wo-Chien|Tablets of Ruin\n|turn|8\n|\n|t:|1682001982\n|move|p1a: Garganacl|Protect|p1a: Garganacl\n|-singleturn|p1a: Garganacl|Protect\n|move|p2a: Monkey Business|Drain Punch|p1a: Garganacl\n|-activate|p1a: Garganacl|move: Protect\n|move|p1b: Wo-Chien|Leech Seed|p2b: Ting-Lu\n|-start|p2b: Ting-Lu|move: Leech Seed\n|move|p2b: Ting-Lu|Stomping Tantrum|p1b: Wo-Chien\n|-supereffective|p1b: Wo-Chien\n|-damage|p1b: Wo-Chien|8\/100\n|\n|-heal|p2a: Monkey Business|21\/100|[from] item: Leftovers\n|-heal|p1a: Garganacl|44\/100|[from] item: Leftovers\n|-damage|p2a: Monkey Business|9\/100|[from] Leech Seed|[of] p1a: Garganacl\n|-heal|p1a: Garganacl|58\/100|[silent]\n|-damage|p2b: Ting-Lu|88\/100|[from] Leech Seed|[of] p1b: Wo-Chien\n|-heal|p1b: Wo-Chien|30\/100|[silent]\n|-damage|p2a: Monkey Business|0 fnt|[from] Salt Cure\n|faint|p2a: Monkey Business\n|upkeep\n|\n|t:|1682002005\n|switch|p2a: Happy Holidays|Iron Bundle, L50|33\/100\n|turn|9\n|\n|t:|1682002022\n|switch|p1b: Ting-Lu|Ting-Lu, L50|40\/100\n|-ability|p1b: Ting-Lu|Vessel of Ruin\n|move|p2a: Happy Holidays|Hydro Pump|p1a: Garganacl\n|-supereffective|p1a: Garganacl\n|-damage|p1a: Garganacl|0 fnt\n|faint|p1a: Garganacl\n|move|p2b: Ting-Lu|Stomping Tantrum|p1b: Ting-Lu\n|-damage|p1b: Ting-Lu|20\/100\n|\n|-damage|p2b: Ting-Lu|76\/100|[from] Leech Seed|[of] p1b: Ting-Lu\n|-heal|p1b: Ting-Lu|33\/100|[silent]\n|upkeep\n|\n|t:|1682002033\n|switch|p1a: Wo-Chien|Wo-Chien, L50, tera:Poison|30\/100\n|-ability|p1a: Wo-Chien|Tablets of Ruin\n|turn|10\n|\n|t:|1682002059\n|-terastallize|p2a: Happy Holidays|Water\n|move|p1a: Wo-Chien|Protect|p1a: Wo-Chien\n|-singleturn|p1a: Wo-Chien|Protect\n|move|p2a: Happy Holidays|Chilling Water|p1b: Ting-Lu\n|-supereffective|p1b: Ting-Lu\n|-damage|p1b: Ting-Lu|4\/100\n|-unboost|p1b: Ting-Lu|atk|1\n|move|p1b: Ting-Lu|Sand Tomb|p2a: Happy Holidays\n|-damage|p2a: Happy Holidays|23\/100\n|-activate|p2a: Happy Holidays|move: Sand Tomb|[of] p1b: Ting-Lu\n|move|p2b: Ting-Lu|Stomping Tantrum|p1a: Wo-Chien\n|-activate|p1a: Wo-Chien|move: Protect\n|\n|-damage|p2b: Ting-Lu|64\/100|[from] Leech Seed|[of] p1b: Ting-Lu\n|-heal|p1b: Ting-Lu|17\/100|[silent]\n|-damage|p2a: Happy Holidays|11\/100|[from] move: Sand Tomb|[partiallytrapped]\n|upkeep\n|turn|11\n|\n|t:|1682002080\n|move|p2a: Happy Holidays|Chilling Water|p1b: Ting-Lu\n|-supereffective|p1b: Ting-Lu\n|-damage|p1b: Ting-Lu|0 fnt\n|faint|p1b: Ting-Lu\n|move|p1a: Wo-Chien|Leech Seed|p2a: Happy Holidays\n|-start|p2a: Happy Holidays|move: Leech Seed\n|move|p2b: Ting-Lu|Stomping Tantrum|p1a: Wo-Chien\n|-supereffective|p1a: Wo-Chien\n|-damage|p1a: Wo-Chien|0 fnt\n|faint|p1a: Wo-Chien\n|\n|win|Dr Scoob\n|raw|Prompto88's rating: 1226 → 1206<\/strong> (-20 for losing)\n|raw|Dr Scoob's rating: 1292 → 1312<\/strong> (+20 for winning)\n|l|\u2606Dr Scoob\n","uploadtime":1682002121,"views":6,"p1id":"prompto88","p2id":"drscoob","formatid":"gen9vgc2023regulationc","rating":1206,"private":0,"password":""}