{"id":"gen9vgc2023regulationc-1848917903","p1":"Dragonite1016","p2":"mait27","format":"[Gen 9] VGC 2023 Regulation C","log":"|j|\u2606Dragonite1016\n|j|\u2606mait27\n|t:|1682125969\n|gametype|doubles\n|player|p1|Dragonite1016|170|1164\n|player|p2|mait27|2|1089\n|teamsize|p1|6\n|teamsize|p2|6\n|gen|9\n|tier|[Gen 9] VGC 2023 Regulation C\n|rated|\n|rule|Species Clause: Limit one of each Pok\u00e9mon\n|rule|Item Clause: Limit one of each item\n|clearpoke\n|poke|p1|Dragonite, L50, M|\n|poke|p1|Lucario, L50, F|\n|poke|p1|Chien-Pao, L50|\n|poke|p1|Iron Bundle, L50|\n|poke|p1|Flutter Mane, L50|\n|poke|p1|Amoonguss, L50, F|\n|poke|p2|Ceruledge, L50, M|\n|poke|p2|Misdreavus, L50, F|\n|poke|p2|Maushold-Four, L50|\n|poke|p2|Flamigo, L50, M|\n|poke|p2|Torkoal, L50, M|\n|poke|p2|Iron Bundle, L50|\n|teampreview|4\n|inactive|Battle timer is ON: inactive players will automatically lose when time's up. (requested by mait27)\n|\n|t:|1682126018\n|start\n|switch|p1a: Chien-Pao|Chien-Pao, L50|100\/100\n|switch|p1b: Dragonite|Dragonite, L50, M|100\/100\n|switch|p2a: Mega Flutter Mane|Misdreavus, L50, F|100\/100\n|switch|p2b: Ceruledge|Ceruledge, L50, M|100\/100\n|-ability|p1a: Chien-Pao|Sword of Ruin\n|turn|1\n|inactive|mait27 has 30 seconds left.\n|inactive|mait27 has 20 seconds left.\n|inactive|mait27 has 15 seconds left.\n|\n|t:|1682126061\n|-terastallize|p2b: Ceruledge|Grass\n|move|p2a: Mega Flutter Mane|Shadow Sneak|p1a: Chien-Pao\n|-resisted|p1a: Chien-Pao\n|-damage|p1a: Chien-Pao|93\/100\n|move|p1a: Chien-Pao|Throat Chop|p2a: Mega Flutter Mane\n|-supereffective|p2a: Mega Flutter Mane\n|-damage|p2a: Mega Flutter Mane|0 fnt\n|faint|p2a: Mega Flutter Mane\n|-damage|p1a: Chien-Pao|83\/100|[from] item: Life Orb\n|move|p2b: Ceruledge|Bitter Blade|p1a: Chien-Pao\n|-supereffective|p1a: Chien-Pao\n|-damage|p1a: Chien-Pao|0 fnt\n|faint|p1a: Chien-Pao\n|move|p1b: Dragonite|Fire Punch|p2b: Ceruledge\n|-supereffective|p2b: Ceruledge\n|-damage|p2b: Ceruledge|32\/100\n|-ability|p2b: Ceruledge|Weak Armor|boost\n|-unboost|p2b: Ceruledge|def|1\n|-boost|p2b: Ceruledge|spe|2\n|-enditem|p2b: Ceruledge|Weakness Policy\n|-boost|p2b: Ceruledge|atk|2|[from] item: Weakness Policy\n|-boost|p2b: Ceruledge|spa|2|[from] item: Weakness Policy\n|\n|upkeep\n|\n|t:|1682126084\n|switch|p1a: Amoonguss|Amoonguss, L50, F|100\/100\n|switch|p2a: Maushold|Maushold-Four, L50|100\/100\n|turn|2\n|\n|t:|1682126101\n|-terastallize|p1a: Amoonguss|Water\n|move|p2a: Maushold|Follow Me|p2a: Maushold\n|-singleturn|p2a: Maushold|move: Follow Me\n|move|p2b: Ceruledge|Bitter Blade|p1a: Amoonguss\n|-resisted|p1a: Amoonguss\n|-damage|p1a: Amoonguss|60\/100\n|-heal|p2b: Ceruledge|57\/100|[from] drain|[of] p1a: Amoonguss\n|move|p1b: Dragonite|Dragon Dance|p1b: Dragonite\n|-boost|p1b: Dragonite|atk|1\n|-boost|p1b: Dragonite|spe|1\n|move|p1a: Amoonguss|Clear Smog|p2a: Maushold\n|-damage|p2a: Maushold|76\/100\n|-clearboost|p2a: Maushold\n|\n|upkeep\n|turn|3\n|inactive|mait27 has 30 seconds left.\n|\n|t:|1682126129\n|switch|p1a: Flutter Mane|Flutter Mane, L50|100\/100\n|move|p1b: Dragonite|Extreme Speed|p2a: Maushold\n|-damage|p2a: Maushold|6\/100\n|move|p2b: Ceruledge|Substitute|p2b: Ceruledge\n|-start|p2b: Ceruledge|Substitute\n|-damage|p2b: Ceruledge|32\/100\n|move|p2a: Maushold|Super Fang|p1b: Dragonite\n|-damage|p1b: Dragonite|50\/100\n|\n|upkeep\n|turn|4\n|inactive|mait27 has 30 seconds left.\n|\n|t:|1682126159\n|-end|p1a: Flutter Mane|Protosynthesis|[silent]\n|switch|p1a: Amoonguss|Amoonguss, L50, F, tera:Water|93\/100\n|move|p2a: Maushold|Protect|p2a: Maushold\n|-singleturn|p2a: Maushold|Protect\n|move|p1b: Dragonite|Extreme Speed|p2a: Maushold\n|-activate|p2a: Maushold|move: Protect\n|move|p2b: Ceruledge|Shadow Claw|p1b: Dragonite\n|-damage|p1b: Dragonite|0 fnt\n|faint|p1b: Dragonite\n|\n|upkeep\n|\n|t:|1682126165\n|switch|p1b: Flutter Mane|Flutter Mane, L50|100\/100\n|turn|5\n|-message|Dragonite1016 forfeited.\n|\n|win|mait27\n|raw|Dragonite1016's rating: 1164 → 1134<\/strong> (-30 for losing)\n|raw|mait27's rating: 1089 → 1121<\/strong> (+32 for winning)\n|l|\u2606Dragonite1016\n","uploadtime":1682126196,"views":7,"p1id":"dragonite1016","p2id":"mait27","formatid":"gen9vgc2023regulationc","rating":1121,"private":0,"password":""}