{"id":"gen9vgc2023regulationc-1855736079","p1":"hit my whip","p2":"044kike","format":"[Gen 9] VGC 2023 Regulation C","log":"|j|\u2606hit my whip\n|j|\u2606044kike\n|t:|1682978265\n|gametype|doubles\n|player|p1|hit my whip|acetrainerf-gen4dp|1168\n|player|p2|044kike|102|1115\n|teamsize|p1|6\n|teamsize|p2|6\n|gen|9\n|tier|[Gen 9] VGC 2023 Regulation C\n|rated|\n|rule|Species Clause: Limit one of each Pok\u00e9mon\n|rule|Item Clause: Limit one of each item\n|clearpoke\n|poke|p1|Pincurchin, L50, F|\n|poke|p1|Iron Jugulis, L50|\n|poke|p1|Iron Treads, L50|\n|poke|p1|Iron Valiant, L50|\n|poke|p1|Chi-Yu, L50|\n|poke|p1|Gastrodon, L50, M|\n|poke|p2|Amoonguss, L50, F|\n|poke|p2|Ceruledge, L50, F|\n|poke|p2|Gyarados, L50, F|\n|poke|p2|Ting-Lu, L50|\n|poke|p2|Flutter Mane, L50|\n|poke|p2|Murkrow, L50, M|\n|teampreview|4\n|inactive|Battle timer is ON: inactive players will automatically lose when time's up. (requested by hit my whip)\n|inactive|044kike has 60 seconds left.\n|\n|t:|1682978304\n|start\n|switch|p1a: Iron Jugulis|Iron Jugulis, L50|100\/100\n|switch|p1b: him|Pincurchin, L50, F|100\/100\n|switch|p2a: Ceruledge|Ceruledge, L50, F|100\/100\n|switch|p2b: Murkrow|Murkrow, L50, M|100\/100\n|-fieldstart|move: Electric Terrain|[from] ability: Electric Surge|[of] p1b: him\n|-activate|p1a: Iron Jugulis|ability: Quark Drive\n|-start|p1a: Iron Jugulis|quarkdrivespe\n|turn|1\n|inactive|044kike has 30 seconds left.\n|inactive|044kike has 20 seconds left.\n|\n|t:|1682978342\n|move|p2b: Murkrow|Tailwind|p2b: Murkrow\n|-sidestart|p2: 044kike|move: Tailwind\n|move|p2a: Ceruledge|Bulk Up|p2a: Ceruledge\n|-boost|p2a: Ceruledge|atk|1\n|-boost|p2a: Ceruledge|def|1\n|move|p1a: Iron Jugulis|Dark Pulse|p2a: Ceruledge\n|-supereffective|p2a: Ceruledge\n|-damage|p2a: Ceruledge|0 fnt\n|faint|p2a: Ceruledge\n|-damage|p1a: Iron Jugulis|91\/100|[from] item: Life Orb\n|move|p1b: him|Wild Charge|p2b: Murkrow\n|-supereffective|p2b: Murkrow\n|-damage|p2b: Murkrow|0 fnt\n|faint|p2b: Murkrow\n|-damage|p1b: him|73\/100|[from] Recoil\n|\n|upkeep\n|\n|t:|1682978356\n|switch|p2a: Ting-Lu|Ting-Lu, L50|100\/100\n|switch|p2b: Flutter Mane|Flutter Mane, L50|100\/100\n|-ability|p2a: Ting-Lu|Vessel of Ruin\n|-enditem|p2b: Flutter Mane|Booster Energy\n|-activate|p2b: Flutter Mane|ability: Protosynthesis|[fromitem]\n|-start|p2b: Flutter Mane|protosynthesisspe\n|turn|2\n|\n|t:|1682978379\n|-terastallize|p1a: Iron Jugulis|Poison\n|move|p1b: him|Sucker Punch|p2b: Flutter Mane\n|-damage|p2b: Flutter Mane|54\/100\n|move|p2b: Flutter Mane|Power Gem|p1a: Iron Jugulis\n|-damage|p1a: Iron Jugulis|68\/100\n|move|p1a: Iron Jugulis|Tailwind|p1a: Iron Jugulis\n|-sidestart|p1: hit my whip|move: Tailwind\n|move|p2a: Ting-Lu|Stomping Tantrum|p1b: him\n|-supereffective|p1b: him\n|-damage|p1b: him|0 fnt\n|faint|p1b: him\n|\n|upkeep\n|\n|t:|1682978398\n|switch|p1b: Iron Valiant|Iron Valiant, L50|100\/100\n|-activate|p1b: Iron Valiant|ability: Quark Drive\n|-start|p1b: Iron Valiant|quarkdriveatk\n|turn|3\n|inactive|044kike has 30 seconds left.\n|\n|t:|1682978427\n|-terastallize|p2a: Ting-Lu|Poison\n|move|p2b: Flutter Mane|Protect|p2b: Flutter Mane\n|-singleturn|p2b: Flutter Mane|Protect\n|move|p1b: Iron Valiant|Protect|p1b: Iron Valiant\n|-singleturn|p1b: Iron Valiant|Protect\n|move|p1a: Iron Jugulis|Dark Pulse|p2b: Flutter Mane\n|-activate|p2b: Flutter Mane|move: Protect\n|move|p2a: Ting-Lu|Stomping Tantrum|p1a: Iron Jugulis\n|-supereffective|p1a: Iron Jugulis\n|-damage|p1a: Iron Jugulis|0 fnt\n|faint|p1a: Iron Jugulis\n|-end|p1a: Iron Jugulis|Quark Drive|[silent]\n|\n|upkeep\n|\n|t:|1682978435\n|switch|p1a: Chi-Yu|Chi-Yu, L50|100\/100\n|-ability|p1a: Chi-Yu|Beads of Ruin\n|turn|4\n|\n|t:|1682978456\n|move|p1b: Iron Valiant|Shadow Sneak|p2b: Flutter Mane\n|-supereffective|p2b: Flutter Mane\n|-damage|p2b: Flutter Mane|0 fnt\n|faint|p2b: Flutter Mane\n|-end|p2b: Flutter Mane|Protosynthesis|[silent]\n|move|p1a: Chi-Yu|Heat Wave|p2a: Ting-Lu\n|-damage|p2a: Ting-Lu|57\/100\n|move|p2a: Ting-Lu|Stomping Tantrum|p1a: Chi-Yu\n|-supereffective|p1a: Chi-Yu\n|-damage|p1a: Chi-Yu|0 fnt\n|faint|p1a: Chi-Yu\n|\n|-sideend|p2: 044kike|move: Tailwind\n|upkeep\n|turn|5\n|inactive|044kike has 30 seconds left.\n|inactive|044kike has 20 seconds left.\n|\n|t:|1682978495\n|move|p1b: Iron Valiant|Close Combat|p2a: Ting-Lu\n|-resisted|p2a: Ting-Lu\n|-damage|p2a: Ting-Lu|32\/100\n|-unboost|p1b: Iron Valiant|def|1\n|-unboost|p1b: Iron Valiant|spd|1\n|move|p2a: Ting-Lu|Heavy Slam|p1b: Iron Valiant\n|-supereffective|p1b: Iron Valiant\n|-enditem|p1b: Iron Valiant|Focus Sash\n|-damage|p1b: Iron Valiant|1\/100\n|\n|-sideend|p1: hit my whip|move: Tailwind\n|upkeep\n|turn|6\n|\n|t:|1682978507\n|move|p1b: Iron Valiant|Close Combat|p2a: Ting-Lu\n|-resisted|p2a: Ting-Lu\n|-damage|p2a: Ting-Lu|5\/100\n|-unboost|p1b: Iron Valiant|def|1\n|-unboost|p1b: Iron Valiant|spd|1\n|move|p2a: Ting-Lu|Heavy Slam|p1b: Iron Valiant\n|-supereffective|p1b: Iron Valiant\n|-damage|p1b: Iron Valiant|0 fnt\n|faint|p1b: Iron Valiant\n|-end|p1b: Iron Valiant|Quark Drive|[silent]\n|\n|win|044kike\n|raw|hit my whip's rating: 1168 → 1139<\/strong> (-29 for losing)\n|raw|044kike's rating: 1115 → 1144<\/strong> (+29 for winning)\n|l|\u2606hit my whip\n","uploadtime":1682978518,"views":12,"p1id":"hitmywhip","p2id":"044kike","formatid":"gen9vgc2023regulationc","rating":1139,"private":0,"password":""}