{"id":"gen9vgc2023regulationc-1846057155","p1":"sabrrrroso","p2":"Hyanryu","format":"[Gen 9] VGC 2023 Regulation C","log":"|j|\u2606sabrrrroso\n|j|\u2606Hyanryu\n|t:|1681799012\n|gametype|doubles\n|player|p1|sabrrrroso|170|1530\n|player|p2|Hyanryu|n|1607\n|teamsize|p1|6\n|teamsize|p2|6\n|gen|9\n|tier|[Gen 9] VGC 2023 Regulation C\n|rated|\n|rule|Species Clause: Limit one of each Pok\u00e9mon\n|rule|Item Clause: Limit one of each item\n|clearpoke\n|poke|p1|Wo-Chien, L50|\n|poke|p1|Glimmora, L50, M|\n|poke|p1|Indeedee-F, L50, F|\n|poke|p1|Flutter Mane, L50|\n|poke|p1|Chi-Yu, L50|\n|poke|p1|Iron Bundle, L50|\n|poke|p2|Dondozo, L50, M|\n|poke|p2|Tatsugiri-Droopy, L50, F|\n|poke|p2|Glimmora, L50, F|\n|poke|p2|Ting-Lu, L50|\n|poke|p2|Wo-Chien, L50|\n|poke|p2|Baxcalibur, L50, M|\n|teampreview|4\n|c|\u2606sabrrrroso|glhf\nsabrrrroso has agreed to open team sheets.\nHyanryu has agreed to open team sheets.\n|j| Grayhsg\n|c|\u2606Hyanryu|Glhf\n|inactive|Battle timer is ON: inactive players will automatically lose when time's up. (requested by Hyanryu)\n|inactive|sabrrrroso has 60 seconds left.\n|\n|t:|1681799108\n|start\n|switch|p1a: Glimmora|Glimmora, L50, M|100\/100\n|switch|p1b: Flutter Mane|Flutter Mane, L50, shiny|100\/100\n|switch|p2a: Sulfera|Glimmora, L50, F, shiny|100\/100\n|switch|p2b: King Arthur|Baxcalibur, L50, M, shiny|100\/100\n|turn|1\n|inactive|sabrrrroso has 30 seconds left.\n|inactive|sabrrrroso has 20 seconds left.\n|\n|t:|1681799144\n|-terastallize|p2b: King Arthur|Poison\n|move|p2a: Sulfera|Spiky Shield|p2a: Sulfera\n|-singleturn|p2a: Sulfera|move: Protect\n|move|p1b: Flutter Mane|Dazzling Gleam|p2b: King Arthur|[spread] p2b\n|-activate|p2a: Sulfera|move: Protect\n|-resisted|p2b: King Arthur\n|-damage|p2b: King Arthur|83\/100\n|move|p2b: King Arthur|Icicle Spear|p1b: Flutter Mane\n|-damage|p1b: Flutter Mane|76\/100\n|-damage|p1b: Flutter Mane|49\/100\n|-damage|p1b: Flutter Mane|25\/100\n|-damage|p1b: Flutter Mane|1\/100\n|-damage|p1b: Flutter Mane|0 fnt\n|faint|p1b: Flutter Mane\n|-end|p1b: Flutter Mane|Protosynthesis|[silent]\n|-hitcount|p1: Flutter Mane|5\n|move|p1a: Glimmora|Earth Power|p2a: Sulfera\n|-activate|p2a: Sulfera|move: Protect\n|\n|upkeep\n|\n|t:|1681799158\n|switch|p1b: Iron Bundle|Iron Bundle, L50|100\/100\n|-enditem|p1b: Iron Bundle|Booster Energy\n|-activate|p1b: Iron Bundle|ability: Quark Drive|[fromitem]\n|-start|p1b: Iron Bundle|quarkdrivespe\n|turn|2\n|j| KounoTaro\n|\n|t:|1681799178\n|move|p1b: Iron Bundle|Encore|p2a: Sulfera\n|-start|p2a: Sulfera|Encore\n|move|p2a: Sulfera|Spiky Shield||[still]\n|-fail|p2a: Sulfera\n|move|p2b: King Arthur|Tera Blast|p1b: Iron Bundle\n|-damage|p1b: Iron Bundle|50\/100\n|move|p1a: Glimmora|Earth Power|p2b: King Arthur\n|-supereffective|p2b: King Arthur\n|-damage|p2b: King Arthur|31\/100\n|\n|upkeep\n|turn|3\n|\n|t:|1681799195\n|move|p1b: Iron Bundle|Protect|p1b: Iron Bundle\n|-singleturn|p1b: Iron Bundle|Protect\n|move|p2a: Sulfera|Spiky Shield|p2a: Sulfera\n|-singleturn|p2a: Sulfera|move: Protect\n|move|p2b: King Arthur|Tera Blast|p1b: Iron Bundle\n|-activate|p1b: Iron Bundle|move: Protect\n|move|p1a: Glimmora|Earth Power|p2b: King Arthur\n|-supereffective|p2b: King Arthur\n|-crit|p2b: King Arthur\n|-damage|p2b: King Arthur|0 fnt\n|faint|p2b: King Arthur\n|\n|upkeep\n|\n|t:|1681799209\n|switch|p2b: Namazu|Dondozo, L50, M, shiny|100\/100\n|turn|4\n|inactive|sabrrrroso has 30 seconds left.\n|\n|t:|1681799234\n|switch|p2a: Ghost|Tatsugiri-Droopy, L50, F, shiny|100\/100\n|-activate|p2a: Ghost|ability: Commander|[of] p2b: Namazu\n|-boost|p2b: Namazu|atk|2\n|-boost|p2b: Namazu|spa|2\n|-boost|p2b: Namazu|spe|2\n|-boost|p2b: Namazu|def|2\n|-boost|p2b: Namazu|spd|2\n|-terastallize|p1a: Glimmora|Grass\n|move|p1b: Iron Bundle|Freeze-Dry|p2b: Namazu\n|-supereffective|p2b: Namazu\n|-damage|p2b: Namazu|65\/100\n|move|p2b: Namazu|Earthquake|p1b: Iron Bundle|[spread] p1a,p1b\n|-miss|p2b: Namazu|p2a: Ghost\n|-resisted|p1a: Glimmora\n|-damage|p1a: Glimmora|79\/100\n|-damage|p1b: Iron Bundle|3\/100\n|-activate|p1a: Glimmora|ability: Toxic Debris\n|-sidestart|p2: Hyanryu|move: Toxic Spikes\n|move|p1a: Glimmora|Mortal Spin|p2a: Ghost|[spread] p2b\n|-miss|p1a: Glimmora|p2a: Ghost\n|-damage|p2b: Namazu|64\/100\n|-status|p2b: Namazu|psn\n|-enditem|p2b: Namazu|Lum Berry|[eat]\n|-curestatus|p2b: Namazu|psn|[msg]\n|\n|upkeep\n|turn|5\n|j| syachilove0408\n|\n|t:|1681799259\n|move|p1b: Iron Bundle|Protect|p1b: Iron Bundle\n|-singleturn|p1b: Iron Bundle|Protect\n|move|p2b: Namazu|Earthquake|p1a: Glimmora|[spread] p1a\n|-miss|p2b: Namazu|p2a: Ghost\n|-activate|p1b: Iron Bundle|move: Protect\n|-resisted|p1a: Glimmora\n|-damage|p1a: Glimmora|58\/100\n|-activate|p1a: Glimmora|ability: Toxic Debris\n|-sidestart|p2: Hyanryu|move: Toxic Spikes\n|move|p1a: Glimmora|Energy Ball|p2b: Namazu\n|-supereffective|p2b: Namazu\n|-damage|p2b: Namazu|21\/100\n|\n|upkeep\n|turn|6\n|\n|t:|1681799273\n|move|p1b: Iron Bundle|Freeze-Dry|p2b: Namazu\n|-supereffective|p2b: Namazu\n|-damage|p2b: Namazu|0 fnt\n|faint|p2b: Namazu\n|move|p1a: Glimmora|Energy Ball|p2a: Ghost\n|-damage|p2a: Ghost|34\/100\n|\n|upkeep\n|j| Jake Epping\n|\n|t:|1681799280\n|switch|p2b: Sulfera|Glimmora, L50, F, shiny|100\/100\n|-sideend|p2: Hyanryu|move: Toxic Spikes|[of] p2b: Sulfera\n|turn|7\n|j| kyonharuhi\n|inactive|sabrrrroso has 30 seconds left.\n|inactive|Hyanryu has 30 seconds left.\n|l| Jake Epping\n|inactive|sabrrrroso has 20 seconds left.\n|inactive|sabrrrroso has 15 seconds left.\n|inactive|Hyanryu has 20 seconds left.\n|inactive|sabrrrroso has 10 seconds left.\n|\n|t:|1681799328\n|move|p1b: Iron Bundle|Protect|p1b: Iron Bundle\n|-singleturn|p1b: Iron Bundle|Protect\n|move|p2a: Ghost|Icy Wind|p1a: Glimmora|[spread] p1a\n|-activate|p1b: Iron Bundle|move: Protect\n|-supereffective|p1a: Glimmora\n|-damage|p1a: Glimmora|38\/100\n|-unboost|p1a: Glimmora|spe|1\n|move|p2b: Sulfera|Sludge Bomb|p1a: Glimmora\n|-supereffective|p1a: Glimmora\n|-damage|p1a: Glimmora|0 fnt\n|faint|p1a: Glimmora\n|\n|upkeep\n|\n|t:|1681799332\n|switch|p1a: Wo-Chien|Wo-Chien, L50|100\/100\n|-ability|p1a: Wo-Chien|Tablets of Ruin\n|turn|8\n|l| syachilove0408\n|\n|t:|1681799349\n|move|p1b: Iron Bundle|Freeze-Dry|p2a: Ghost\n|-supereffective|p2a: Ghost\n|-damage|p2a: Ghost|0 fnt\n|faint|p2a: Ghost\n|move|p2b: Sulfera|Mortal Spin|p1a: Wo-Chien|[spread] p1a,p1b\n|-supereffective|p1a: Wo-Chien\n|-damage|p1a: Wo-Chien|96\/100\n|-damage|p1b: Iron Bundle|0 fnt\n|-status|p1a: Wo-Chien|psn\n|faint|p1b: Iron Bundle\n|-end|p1b: Iron Bundle|Quark Drive|[silent]\n|move|p1a: Wo-Chien|Leech Seed|p2b: Sulfera\n|-start|p2b: Sulfera|move: Leech Seed\n|\n|-heal|p1a: Wo-Chien|100\/100 psn|[from] item: Leftovers\n|-damage|p2b: Sulfera|89\/100|[from] Leech Seed|[of] p1a: Wo-Chien\n|-damage|p1a: Wo-Chien|88\/100 psn|[from] psn\n|upkeep\n|turn|9\n|\n|t:|1681799366\n|move|p1a: Wo-Chien|Protect|p1a: Wo-Chien\n|-singleturn|p1a: Wo-Chien|Protect\n|move|p2b: Sulfera|Sludge Bomb|p1a: Wo-Chien\n|-activate|p1a: Wo-Chien|move: Protect\n|\n|-heal|p1a: Wo-Chien|94\/100 psn|[from] item: Leftovers\n|-damage|p2b: Sulfera|77\/100|[from] Leech Seed|[of] p1a: Wo-Chien\n|-heal|p1a: Wo-Chien|100\/100 psn|[silent]\n|-damage|p1a: Wo-Chien|88\/100 psn|[from] psn\n|upkeep\n|turn|10\n|\n|t:|1681799377\n|move|p2b: Sulfera|Sludge Bomb|p1a: Wo-Chien\n|-supereffective|p1a: Wo-Chien\n|-damage|p1a: Wo-Chien|29\/100 psn\n|move|p1a: Wo-Chien|Foul Play|p2b: Sulfera\n|-damage|p2b: Sulfera|52\/100\n|-activate|p2b: Sulfera|ability: Toxic Debris\n|-sidestart|p1: sabrrrroso|move: Toxic Spikes\n|\n|-heal|p1a: Wo-Chien|35\/100 psn|[from] item: Leftovers\n|-damage|p2b: Sulfera|40\/100|[from] Leech Seed|[of] p1a: Wo-Chien\n|-heal|p1a: Wo-Chien|45\/100 psn|[silent]\n|-damage|p1a: Wo-Chien|32\/100 psn|[from] psn\n|upkeep\n|turn|11\n|\n|t:|1681799390\n|move|p1a: Wo-Chien|Protect|p1a: Wo-Chien\n|-singleturn|p1a: Wo-Chien|Protect\n|move|p2b: Sulfera|Sludge Bomb|p1a: Wo-Chien\n|-activate|p1a: Wo-Chien|move: Protect\n|\n|-heal|p1a: Wo-Chien|39\/100 psn|[from] item: Leftovers\n|-damage|p2b: Sulfera|28\/100|[from] Leech Seed|[of] p1a: Wo-Chien\n|-heal|p1a: Wo-Chien|48\/100 psn|[silent]\n|-damage|p1a: Wo-Chien|36\/100 psn|[from] psn\n|upkeep\n|turn|12\n|j| dinokitae\n|\n|t:|1681799403\n|move|p1a: Wo-Chien|Protect||[still]\n|-fail|p1a: Wo-Chien\n|move|p2b: Sulfera|Sludge Bomb|p1a: Wo-Chien\n|-supereffective|p1a: Wo-Chien\n|-damage|p1a: Wo-Chien|0 fnt\n|faint|p1a: Wo-Chien\n|\n|win|Hyanryu\n|raw|sabrrrroso's rating: 1530 → 1514<\/strong> (-16 for losing)\n|raw|Hyanryu's rating: 1607 → 1623<\/strong> (+16 for winning)\n|c|\u2606sabrrrroso|gg\n|l| KounoTaro\n|c|\u2606Hyanryu|Gg\n|l| dinokitae\n","uploadtime":1681799427,"views":4,"p1id":"sabrrrroso","p2id":"hyanryu","formatid":"gen9vgc2023regulationc","rating":1514,"private":0,"password":""}