{"id":"gen9vgc2023regulationc-1847698946","p1":"Cold Brew VGC","p2":"DeathToScarfChiYu","format":"[Gen 9] VGC 2023 Regulation C","log":"|j|\u2606Cold Brew VGC\n|j|\u2606DeathToScarfChiYu\n|t:|1681993778\n|gametype|doubles\n|player|p1|Cold Brew VGC|silver-gen2kanto|1653\n|player|p2|DeathToScarfChiYu|fennel|1679\n|teamsize|p1|6\n|teamsize|p2|6\n|gen|9\n|tier|[Gen 9] VGC 2023 Regulation C\n|rated|\n|rule|Species Clause: Limit one of each Pok\u00e9mon\n|rule|Item Clause: Limit one of each item\n|clearpoke\n|poke|p1|Torkoal, L50, M|\n|poke|p1|Hatterene, L50, F|\n|poke|p1|Farigiraf, L50, M|\n|poke|p1|Kingambit, L50, M|\n|poke|p1|Brute Bonnet, L50|\n|poke|p1|Iron Hands, L50|\n|poke|p2|Bellibolt, L50, M|\n|poke|p2|Gastrodon-East, L50, F|\n|poke|p2|Iron Treads, L50|\n|poke|p2|Mimikyu, L50, M|\n|poke|p2|Chi-Yu, L50|\n|poke|p2|Corviknight, L50, F|\n|teampreview|4\n|inactive|Battle timer is ON: inactive players will automatically lose when time's up. (requested by Cold Brew VGC)\nCold Brew VGC has agreed to open team sheets.\nDeathToScarfChiYu has agreed to open team sheets.\n|inactive|Cold Brew VGC has 60 seconds left.\n|\n|t:|1681993838\n|start\n|switch|p1a: Iron Hands|Iron Hands, L50|100\/100\n|switch|p1b: Hatterene|Hatterene, L50, F|100\/100\n|switch|p2a: Nights|Chi-Yu, L50|100\/100\n|switch|p2b: Skyline To|Corviknight, L50, F|100\/100\n|-ability|p2a: Nights|Beads of Ruin\n|turn|1\n|j| ROSELIA SAYO\n|j| merahmerona\n|inactive|DeathToScarfChiYu has 30 seconds left.\n|\n|t:|1681993864\n|move|p1a: Iron Hands|Fake Out|p2b: Skyline To\n|-resisted|p2b: Skyline To\n|-damage|p2b: Skyline To|94\/100\n|move|p2a: Nights|Heat Wave|p1a: Iron Hands|[spread] p1a,p1b\n|-damage|p1a: Iron Hands|55\/100\n|-damage|p1b: Hatterene|46\/100\n|cant|p2b: Skyline To|flinch\n|move|p1b: Hatterene|Trick Room|p1b: Hatterene\n|-fieldstart|move: Trick Room|[of] p1b: Hatterene\n|\n|upkeep\n|turn|2\n|inactive|Cold Brew VGC has 30 seconds left.\n|\n|t:|1681993892\n|switch|p2b: Solo|Bellibolt, L50, M, shiny|100\/100\n|move|p2a: Nights|Protect|p2a: Nights\n|-singleturn|p2a: Nights|Protect\n|move|p1b: Hatterene|Dazzling Gleam|p2b: Solo|[spread] p2b\n|-activate|p2a: Nights|move: Protect\n|-damage|p2b: Solo|74\/100\n|-start|p2b: Solo|Charge|Dazzling Gleam|[from] ability: Electromorphosis\n|move|p1a: Iron Hands|Wild Charge|p2b: Solo\n|-resisted|p2b: Solo\n|-damage|p2b: Solo|52\/100\n|-start|p2b: Solo|Charge|Wild Charge|[from] ability: Electromorphosis\n|-damage|p1a: Iron Hands|50\/100|[from] Recoil\n|\n|upkeep\n|turn|3\n|\n|t:|1681993915\n|-terastallize|p1a: Iron Hands|Grass\n|-terastallize|p2a: Nights|Ground\n|move|p1b: Hatterene|Psychic|p2b: Solo\n|-damage|p2b: Solo|9\/100\n|-start|p2b: Solo|Charge|Psychic|[from] ability: Electromorphosis\n|move|p1a: Iron Hands|Drain Punch|p2a: Nights\n|-damage|p2a: Nights|20\/100\n|-heal|p1a: Iron Hands|71\/100|[from] drain|[of] p2a: Nights\n|move|p2b: Solo|Parabolic Charge|p1a: Iron Hands|[spread] p1a,p1b\n|-immune|p2a: Nights\n|-resisted|p1a: Iron Hands\n|-damage|p1a: Iron Hands|44\/100\n|-heal|p2b: Solo|25\/100|[from] drain|[of] p1a: Iron Hands\n|-damage|p1b: Hatterene|0 fnt\n|-heal|p2b: Solo|42\/100|[from] drain|[of] p1b: Hatterene\n|faint|p1b: Hatterene\n|-end|p2b: Solo|Charge|[silent]\n|move|p2a: Nights|Tera Blast|p1a: Iron Hands\n|-resisted|p1a: Iron Hands\n|-damage|p1a: Iron Hands|20\/100\n|\n|upkeep\n|\n|t:|1681993936\n|switch|p1b: Torkoal|Torkoal, L50, M|100\/100\n|-weather|SunnyDay|[from] ability: Drought|[of] p1b: Torkoal\n|turn|4\n|\n|t:|1681993952\n|switch|p2a: Pretty Sweet|Mimikyu, L50, M|100\/100\n|move|p1b: Torkoal|Eruption|p2a: Pretty Sweet|[spread] p2a,p2b\n|-activate|p2a: Pretty Sweet|ability: Disguise\n|-damage|p2a: Pretty Sweet|100\/100\n|-damage|p2b: Solo|0 fnt\n|detailschange|p2a: Pretty Sweet|Mimikyu-Busted, L50, M\n|-damage|p2a: Pretty Sweet|88\/100|[from] pokemon: Mimikyu-Busted\n|faint|p2b: Solo\n|move|p1a: Iron Hands|Drain Punch|p2a: Pretty Sweet\n|-immune|p2a: Pretty Sweet\n|\n|-weather|SunnyDay|[upkeep]\n|upkeep\n|\n|t:|1681993960\n|switch|p2b: Nights|Chi-Yu, L50, tera:Ground|20\/100\n|-ability|p2b: Nights|Beads of Ruin\n|turn|5\n|\n|t:|1681993971\n|move|p2b: Nights|Protect|p2b: Nights\n|-singleturn|p2b: Nights|Protect\n|move|p2a: Pretty Sweet|Shadow Sneak|p1a: Iron Hands\n|-damage|p1a: Iron Hands|6\/100\n|-damage|p2a: Pretty Sweet|79\/100|[from] item: Life Orb\n|move|p1b: Torkoal|Eruption|p2b: Nights|[spread] p2a\n|-activate|p2b: Nights|move: Protect\n|-damage|p2a: Pretty Sweet|0 fnt\n|faint|p2a: Pretty Sweet\n|move|p1a: Iron Hands|Heavy Slam|p2b: Nights\n|-activate|p2b: Nights|move: Protect\n|\n|-weather|SunnyDay|[upkeep]\n|-fieldend|move: Trick Room\n|upkeep\n|\n|t:|1681993973\n|switch|p2a: Skyline To|Corviknight, L50, F|94\/100\n|turn|6\n|\n|t:|1681993993\n|move|p2b: Nights|Tera Blast|p1b: Torkoal\n|-supereffective|p1b: Torkoal\n|-damage|p1b: Torkoal|0 fnt\n|faint|p1b: Torkoal\n|move|p2a: Skyline To|Brave Bird|p1a: Iron Hands\n|-supereffective|p1a: Iron Hands\n|-damage|p1a: Iron Hands|0 fnt\n|faint|p1a: Iron Hands\n|-end|p1a: Iron Hands|Quark Drive|[silent]\n|-damage|p2a: Skyline To|91\/100|[from] Recoil\n|\n|-weather|SunnyDay|[upkeep]\n|upkeep\n|\n|t:|1681993996\n|switch|p1b: Brute Bonnet|Brute Bonnet, L50|100\/100\n|-activate|p1b: Brute Bonnet|ability: Protosynthesis\n|-start|p1b: Brute Bonnet|protosynthesisatk\n|turn|7\n|\n|t:|1681994002\n|move|p2b: Nights|Heat Wave|p1b: Brute Bonnet\n|-supereffective|p1b: Brute Bonnet\n|-damage|p1b: Brute Bonnet|0 fnt\n|faint|p1b: Brute Bonnet\n|-end|p1b: Brute Bonnet|Protosynthesis|[silent]\n|\n|win|DeathToScarfChiYu\n|raw|Cold Brew VGC's rating: 1653 → 1634<\/strong> (-19 for losing)\n|raw|DeathToScarfChiYu's rating: 1679 → 1698<\/strong> (+19 for winning)\n|l|\u2606Cold Brew VGC\n|l|\u2606DeathToScarfChiYu\n","uploadtime":1681994055,"views":12,"p1id":"coldbrewvgc","p2id":"deathtoscarfchiyu","formatid":"gen9vgc2023regulationc","rating":1634,"private":0,"password":""}