{"id":"gen9vgc2023regulationc-1844903100","p1":"Bardax92","p2":"Cuchillo_Sierra","format":"[Gen 9] VGC 2023 Regulation C","log":"|j|\u2606Bardax92\n|j|\u2606Cuchillo_Sierra\n|t:|1681662359\n|gametype|doubles\n|player|p1|Bardax92|1|1097\n|player|p2|Cuchillo_Sierra|elesa|1146\n|teamsize|p1|6\n|teamsize|p2|6\n|gen|9\n|tier|[Gen 9] VGC 2023 Regulation C\n|rated|\n|rule|Species Clause: Limit one of each Pok\u00e9mon\n|rule|Item Clause: Limit one of each item\n|clearpoke\n|poke|p1|Wo-Chien, L50|\n|poke|p1|Glimmora, L50, M|\n|poke|p1|Dragonite, L50, F|\n|poke|p1|Gastrodon, L50, F|\n|poke|p1|Talonflame, L50, F|\n|poke|p1|Stantler, L50, F|\n|poke|p2|Ting-Lu, L50|\n|poke|p2|Baxcalibur, L50, M|\n|poke|p2|Amoonguss, L50, M|\n|poke|p2|Volcarona, L50, F|\n|poke|p2|Kingambit, L50, F|\n|poke|p2|Gyarados, L50, F|\n|teampreview|4\n|\n|t:|1681662419\n|start\n|switch|p1a: Talonflame|Talonflame, L50, F|100\/100\n|switch|p1b: Dragonite|Dragonite, L50, F|100\/100\n|switch|p2a: Ting-Lu|Ting-Lu, L50|100\/100\n|switch|p2b: Volcarona|Volcarona, L50, F|100\/100\n|-ability|p2a: Ting-Lu|Vessel of Ruin\n|turn|1\n|\n|t:|1681662439\n|switch|p2b: Gyarados|Gyarados, L50, F|100\/100\n|-ability|p2b: Gyarados|Intimidate|boost\n|-unboost|p1a: Talonflame|atk|1\n|-unboost|p1b: Dragonite|atk|1\n|move|p1a: Talonflame|Will-O-Wisp|p2a: Ting-Lu\n|-status|p2a: Ting-Lu|brn\n|move|p1b: Dragonite|Fire Spin|p2a: Ting-Lu\n|-damage|p2a: Ting-Lu|98\/100 brn\n|-activate|p2a: Ting-Lu|move: Fire Spin|[of] p1b: Dragonite\n|move|p2a: Ting-Lu|Payback|p1b: Dragonite\n|-damage|p1b: Dragonite|90\/100\n|\n|-damage|p2a: Ting-Lu|92\/100 brn|[from] brn\n|-damage|p2a: Ting-Lu|80\/100 brn|[from] move: Fire Spin|[partiallytrapped]\n|upkeep\n|turn|2\n|\n|t:|1681662467\n|switch|p1a: Stantler|Stantler, L50, F|100\/100\n|-ability|p1a: Stantler|Intimidate|boost\n|-unboost|p2a: Ting-Lu|atk|1\n|-unboost|p2b: Gyarados|atk|1\n|move|p2b: Gyarados|Waterfall|p1a: Stantler\n|-damage|p1a: Stantler|78\/100\n|move|p1b: Dragonite|Fire Spin|p2b: Gyarados\n|-resisted|p2b: Gyarados\n|-crit|p2b: Gyarados\n|-damage|p2b: Gyarados|97\/100\n|-activate|p2b: Gyarados|move: Fire Spin|[of] p1b: Dragonite\n|move|p2a: Ting-Lu|Heavy Slam|p1b: Dragonite\n|-damage|p1b: Dragonite|83\/100\n|\n|-damage|p2a: Ting-Lu|74\/100 brn|[from] brn\n|-damage|p2b: Gyarados|84\/100|[from] move: Fire Spin|[partiallytrapped]\n|-damage|p2a: Ting-Lu|61\/100 brn|[from] move: Fire Spin|[partiallytrapped]\n|upkeep\n|turn|3\n|\n|t:|1681662497\n|move|p2b: Gyarados|Waterfall|p1a: Stantler\n|-damage|p1a: Stantler|58\/100\n|move|p1b: Dragonite|Low Kick|p2a: Ting-Lu\n|-supereffective|p2a: Ting-Lu\n|-damage|p2a: Ting-Lu|29\/100 brn\n|move|p1a: Stantler|Thunder Wave|p2b: Gyarados\n|-status|p2b: Gyarados|par\n|move|p2a: Ting-Lu|Fissure|p1a: Stantler|[miss]\n|-miss|p2a: Ting-Lu|p1a: Stantler\n|\n|-damage|p2a: Ting-Lu|23\/100 brn|[from] brn\n|-damage|p2a: Ting-Lu|11\/100 brn|[from] move: Fire Spin|[partiallytrapped]\n|-damage|p2b: Gyarados|72\/100 par|[from] move: Fire Spin|[partiallytrapped]\n|upkeep\n|turn|4\n|\n|t:|1681662535\n|move|p1b: Dragonite|Extreme Speed|p2b: Gyarados\n|-damage|p2b: Gyarados|54\/100 par\n|move|p1a: Stantler|Reflect|p1a: Stantler\n|-sidestart|p1: Bardax92|Reflect\n|move|p2a: Ting-Lu|Fissure|p1a: Stantler\n|-damage|p1a: Stantler|0 fnt\n|faint|p1a: Stantler\n|-ohko\n|cant|p2b: Gyarados|par\n|\n|-damage|p2a: Ting-Lu|5\/100 brn|[from] brn\n|-damage|p2a: Ting-Lu|0 fnt|[from] move: Fire Spin|[partiallytrapped]\n|faint|p2a: Ting-Lu\n|-damage|p2b: Gyarados|42\/100 par|[from] move: Fire Spin|[partiallytrapped]\n|upkeep\n|\n|t:|1681662553\n|switch|p1a: Talonflame|Talonflame, L50, F|100\/100\n|switch|p2a: Baxcalibur|Baxcalibur, L50, M, shiny|100\/100\n|turn|5\n|\n|t:|1681662584\n|switch|p1a: Gastrodon|Gastrodon, L50, F|100\/100\n|-terastallize|p2a: Baxcalibur|Electric\n|-terastallize|p1b: Dragonite|Fire\n|move|p2a: Baxcalibur|Icicle Spear|p1b: Dragonite\n|-resisted|p1b: Dragonite\n|-damage|p1b: Dragonite|79\/100\n|-resisted|p1b: Dragonite\n|-damage|p1b: Dragonite|75\/100\n|-resisted|p1b: Dragonite\n|-damage|p1b: Dragonite|71\/100\n|-resisted|p1b: Dragonite\n|-damage|p1b: Dragonite|68\/100\n|-hitcount|p1b: Dragonite|4\n|move|p1b: Dragonite|Low Kick|p2a: Baxcalibur\n|-damage|p2a: Baxcalibur|81\/100\n|cant|p2b: Gyarados|par\n|\n|-damage|p2b: Gyarados|29\/100 par|[from] move: Fire Spin|[partiallytrapped]\n|upkeep\n|turn|6\n|\n|t:|1681662621\n|move|p2a: Baxcalibur|Icicle Spear|p1a: Gastrodon\n|-damage|p1a: Gastrodon|88\/100\n|-damage|p1a: Gastrodon|77\/100\n|-damage|p1a: Gastrodon|66\/100\n|-damage|p1a: Gastrodon|54\/100\n|-damage|p1a: Gastrodon|41\/100\n|-hitcount|p1a: Gastrodon|5\n|move|p1b: Dragonite|Roost|p1b: Dragonite\n|-heal|p1b: Dragonite|100\/100\n|cant|p2b: Gyarados|par\n|move|p1a: Gastrodon|Muddy Water|p2a: Baxcalibur|[spread] p2a,p2b\n|-resisted|p2b: Gyarados\n|-damage|p2a: Baxcalibur|61\/100\n|-damage|p2b: Gyarados|19\/100 par\n|\n|-damage|p2b: Gyarados|7\/100 par|[from] move: Fire Spin|[partiallytrapped]\n|upkeep\n|turn|7\n|\n|t:|1681662646\n|switch|p1a: Talonflame|Talonflame, L50, F|100\/100\n|move|p2a: Baxcalibur|Icicle Spear|p1a: Talonflame\n|-damage|p1a: Talonflame|85\/100\n|-damage|p1a: Talonflame|69\/100\n|-damage|p1a: Talonflame|52\/100\n|-damage|p1a: Talonflame|36\/100\n|-hitcount|p1a: Talonflame|4\n|move|p1b: Dragonite|Fire Spin|p2a: Baxcalibur\n|-damage|p2a: Baxcalibur|45\/100\n|-activate|p2a: Baxcalibur|move: Fire Spin|[of] p1b: Dragonite\n|-ability|p2a: Baxcalibur|Thermal Exchange|boost\n|-boost|p2a: Baxcalibur|atk|1\n|cant|p2b: Gyarados|par\n|\n|-damage|p2a: Baxcalibur|32\/100|[from] move: Fire Spin|[partiallytrapped]\n|-end|p2b: Gyarados|Fire Spin|[partiallytrapped]\n|upkeep\n|turn|8\n|\n|t:|1681662677\n|move|p1b: Dragonite|Extreme Speed|p2a: Baxcalibur\n|-damage|p2a: Baxcalibur|18\/100\n|move|p1a: Talonflame|Brave Bird|p2a: Baxcalibur\n|-resisted|p2a: Baxcalibur\n|-damage|p2a: Baxcalibur|0 fnt\n|faint|p2a: Baxcalibur\n|-damage|p1a: Talonflame|28\/100|[from] Recoil\n|cant|p2b: Gyarados|par\n|\n|-sideend|p1: Bardax92|Reflect\n|upkeep\n|\n|t:|1681662683\n|switch|p2a: Volcarona|Volcarona, L50, F|100\/100\n|turn|9\n|\n|t:|1681662700\n|switch|p1b: Gastrodon|Gastrodon, L50, F|41\/100\n|move|p1a: Talonflame|Brave Bird|p2a: Volcarona\n|-supereffective|p2a: Volcarona\n|-damage|p2a: Volcarona|0 fnt\n|faint|p2a: Volcarona\n|-damage|p1a: Talonflame|0 fnt|[from] Recoil\n|faint|p1a: Talonflame\n|move|p2b: Gyarados|Waterfall|p1b: Gastrodon\n|-ability|p1b: Gastrodon|Storm Drain|boost\n|-boost|p1b: Gastrodon|spa|1\n|-enditem|p2b: Gyarados|Mirror Herb\n|-boost|p2b: Gyarados|spa|1|[from] item: Mirror Herb\n|\n|upkeep\n|-message|Cuchillo_Sierra forfeited.\n|\n|win|Bardax92\n|raw|Bardax92's rating: 1097 → 1126<\/strong> (+29 for winning)\n|raw|Cuchillo_Sierra's rating: 1146 → 1117<\/strong> (-29 for losing)\n|l|\u2606Cuchillo_Sierra\n","uploadtime":1681662726,"views":16,"p1id":"bardax92","p2id":"cuchillosierra","formatid":"gen9vgc2023regulationc","rating":1117,"private":0,"password":""}