{"id":"gen9vgc2023regulationc-1846372571","p1":"Gogopokeranger","p2":"Froggy148","format":"[Gen 9] VGC 2023 Regulation C","log":"|j|\u2606Gogopokeranger\n|j|\u2606Froggy148\n|t:|1681835608\n|gametype|doubles\n|player|p1|Gogopokeranger|lucian|1162\n|player|p2|Froggy148|iris-gen5bw2|1181\n|teamsize|p1|6\n|teamsize|p2|6\n|gen|9\n|tier|[Gen 9] VGC 2023 Regulation C\n|rated|\n|rule|Species Clause: Limit one of each Pok\u00e9mon\n|rule|Item Clause: Limit one of each item\n|clearpoke\n|poke|p1|Garganacl, L50, M|\n|poke|p1|Breloom, L50, M|\n|poke|p1|Chi-Yu, L50|\n|poke|p1|Dachsbun, L50, F|\n|poke|p1|Flutter Mane, L50|\n|poke|p1|Gengar, L50, F|\n|poke|p2|Baxcalibur, L50, F|\n|poke|p2|Flutter Mane, L50|\n|poke|p2|Amoonguss, L50, M|\n|poke|p2|Ting-Lu, L50|\n|poke|p2|Arcanine, L50, F|\n|poke|p2|Palafin, L50, M|\n|teampreview|4\n|inactive|Battle timer is ON: inactive players will automatically lose when time's up. (requested by Gogopokeranger)\n|inactive|Froggy148 has 60 seconds left.\n|\n|t:|1681835651\n|start\n|switch|p1a: Breloom|Breloom, L50, M|100\/100\n|switch|p1b: Garganacl|Garganacl, L50, M|100\/100\n|switch|p2a: Flutter Mane|Flutter Mane, L50|100\/100\n|switch|p2b: Palafin|Palafin, L50, M|100\/100\n|turn|1\n|inactive|Gogopokeranger has 30 seconds left.\n|\n|t:|1681835677\n|detailschange|p2b: Palafin|Palafin-Hero, L50, M\n|switch|p2b: Amoonguss|Amoonguss, L50, M|100\/100\n|-terastallize|p1a: Breloom|Ghost\n|move|p1b: Garganacl|Wide Guard|p1b: Garganacl\n|-singleturn|p1b: Garganacl|Wide Guard\n|move|p2a: Flutter Mane|Dazzling Gleam|p1a: Breloom|[spread] \n|-activate|p1a: Breloom|move: Wide Guard\n|-activate|p1b: Garganacl|move: Wide Guard\n|move|p1a: Breloom|Spore|p2a: Flutter Mane\n|-status|p2a: Flutter Mane|slp|[from] move: Spore\n|\n|-status|p1a: Breloom|tox|[from] item: Toxic Orb\n|upkeep\n|turn|2\n|inactive|Froggy148 has 30 seconds left.\n|\n|t:|1681835708\n|switch|p1a: Chi-Yu|Chi-Yu, L50|100\/100\n|-ability|p1a: Chi-Yu|Beads of Ruin\n|move|p2b: Amoonguss|Rage Powder|p2b: Amoonguss\n|-singleturn|p2b: Amoonguss|move: Rage Powder\n|cant|p2a: Flutter Mane|slp\n|move|p1b: Garganacl|Salt Cure|p2b: Amoonguss\n|-damage|p2b: Amoonguss|85\/100\n|-start|p2b: Amoonguss|Salt Cure\n|\n|-damage|p2b: Amoonguss|72\/100|[from] Salt Cure\n|upkeep\n|turn|3\n|\n|t:|1681835725\n|switch|p2b: Ting-Lu|Ting-Lu, L50|100\/100\n|-ability|p2b: Ting-Lu|Vessel of Ruin\n|move|p1a: Chi-Yu|Heat Wave|p2b: Ting-Lu|[spread] p2b\n|-miss|p1a: Chi-Yu|p2a: Flutter Mane\n|-damage|p2b: Ting-Lu|83\/100\n|cant|p2a: Flutter Mane|slp\n|move|p1b: Garganacl|Salt Cure|p2a: Flutter Mane\n|-damage|p2a: Flutter Mane|61\/100 slp\n|-start|p2a: Flutter Mane|Salt Cure\n|\n|-damage|p2a: Flutter Mane|49\/100 slp|[from] Salt Cure\n|upkeep\n|turn|4\n|\n|t:|1681835745\n|switch|p1a: Breloom|Breloom, L50, M, tera:Ghost|100\/100 tox\n|move|p1b: Garganacl|Wide Guard|p1b: Garganacl\n|-singleturn|p1b: Garganacl|Wide Guard\n|cant|p2a: Flutter Mane|slp\n|move|p2b: Ting-Lu|Fissure|p1b: Garganacl|[miss]\n|-miss|p2b: Ting-Lu|p1b: Garganacl\n|\n|-damage|p2a: Flutter Mane|36\/100 slp|[from] Salt Cure\n|upkeep\n|turn|5\n|inactive|Froggy148 has 30 seconds left.\n|\n|t:|1681835777\n|switch|p2b: Amoonguss|Amoonguss, L50, M|100\/100\n|move|p1b: Garganacl|Protect|p1b: Garganacl\n|-singleturn|p1b: Garganacl|Protect\n|-curestatus|p2a: Flutter Mane|slp|[msg]\n|move|p2a: Flutter Mane|Dazzling Gleam|p1b: Garganacl|[spread] p1a\n|-activate|p1b: Garganacl|move: Protect\n|-damage|p1a: Breloom|20\/100 tox\n|move|p1a: Breloom|Spore|p2b: Amoonguss\n|-immune|p2b: Amoonguss\n|\n|-heal|p1a: Breloom|33\/100 tox|[from] ability: Poison Heal\n|-damage|p2a: Flutter Mane|24\/100|[from] Salt Cure\n|upkeep\n|turn|6\n|\n|t:|1681835798\n|-end|p2a: Flutter Mane|Protosynthesis|[silent]\n|switch|p2a: Ting-Lu|Ting-Lu, L50|83\/100\n|-ability|p2a: Ting-Lu|Vessel of Ruin\n|move|p1a: Breloom|Protect|p1a: Breloom\n|-singleturn|p1a: Breloom|Protect\n|move|p2b: Amoonguss|Rage Powder|p2b: Amoonguss\n|-singleturn|p2b: Amoonguss|move: Rage Powder\n|move|p1b: Garganacl|Salt Cure|p2b: Amoonguss\n|-damage|p2b: Amoonguss|86\/100\n|-start|p2b: Amoonguss|Salt Cure\n|\n|-heal|p1a: Breloom|45\/100 tox|[from] ability: Poison Heal\n|-damage|p2b: Amoonguss|73\/100|[from] Salt Cure\n|upkeep\n|turn|7\n|inactive|Froggy148 has 30 seconds left.\n|inactive|Froggy148 has 20 seconds left.\n|\n|t:|1681835836\n|switch|p1a: Dachsbun|Dachsbun, L50, F|100\/100\n|move|p1b: Garganacl|Protect|p1b: Garganacl\n|-singleturn|p1b: Garganacl|Protect\n|move|p2b: Amoonguss|Rage Powder|p2b: Amoonguss\n|-singleturn|p2b: Amoonguss|move: Rage Powder\n|move|p2a: Ting-Lu|Fissure|p1b: Garganacl\n|-activate|p1b: Garganacl|move: Protect\n|\n|-damage|p2b: Amoonguss|61\/100|[from] Salt Cure\n|upkeep\n|turn|8\n|c|\u2606Gogopokeranger|We have to be better than this lol\n|inactive|Gogopokeranger has 30 seconds left.\n|c|\u2606Gogopokeranger|Winning by Fissure is not winning\n|inactive|Gogopokeranger has 20 seconds left.\n|inactive|Gogopokeranger has 15 seconds left.\n|\n|t:|1681835878\n|switch|p2b: Palafin|Palafin-Hero, L50, M|100\/100\n|-activate|p2b: Palafin|ability: Zero to Hero\n|move|p1a: Dachsbun|Mud-Slap|p2b: Palafin\n|-crit|p2b: Palafin\n|-damage|p2b: Palafin|98\/100\n|-unboost|p2b: Palafin|accuracy|1\n|move|p2a: Ting-Lu|Heavy Slam|p1a: Dachsbun\n|-supereffective|p1a: Dachsbun\n|-damage|p1a: Dachsbun|41\/100\n|move|p1b: Garganacl|Salt Cure|p2a: Ting-Lu\n|-resisted|p2a: Ting-Lu\n|-damage|p2a: Ting-Lu|77\/100\n|-start|p2a: Ting-Lu|Salt Cure\n|\n|-damage|p2a: Ting-Lu|65\/100|[from] Salt Cure\n|upkeep\n|turn|9\n|c|\u2606Froggy148|thats not the poiny\n|c|\u2606Froggy148|*point\n|c|\u2606Froggy148|if i miss stomping tantrum gets more power\n|c|\u2606Froggy148|also you\n|c|\u2606Froggy148|are literally using mud slap\n|inactive|Froggy148 has 30 seconds left.\n|c|\u2606Gogopokeranger|Mud Slap doesn\u2019t affect fissure\n|\n|t:|1681835913\n|switch|p1a: Breloom|Breloom, L50, M, tera:Ghost|45\/100 tox\n|-terastallize|p2b: Palafin|Water\n|move|p2b: Palafin|Wave Crash|p1b: Garganacl\n|-supereffective|p1b: Garganacl\n|-damage|p1b: Garganacl|0 fnt\n|faint|p1b: Garganacl\n|-damage|p2b: Palafin|70\/100|[from] Recoil\n|move|p2a: Ting-Lu|Heavy Slam|p1a: Breloom\n|-damage|p1a: Breloom|12\/100 tox\n|\n|-heal|p1a: Breloom|25\/100 tox|[from] ability: Poison Heal\n|-damage|p2a: Ting-Lu|52\/100|[from] Salt Cure\n|upkeep\n|c|\u2606Gogopokeranger|and does 2% compared to the guaranteed OHKO if Fissure lands\n|c|\u2606Gogopokeranger|whats your argument lol\n|\n|t:|1681835937\n|switch|p1b: Chi-Yu|Chi-Yu, L50|100\/100\n|-ability|p1b: Chi-Yu|Beads of Ruin\n|turn|10\n|c|\u2606Froggy148|it reduces accuracy\n|c|\u2606Froggy148|so its close to the same amount of toxicity\n|c|\u2606Froggy148|and again, i use it so that stomping tantrum gains power\n|c|\u2606Gogopokeranger|Not remotely\n|inactive|Froggy148 has 30 seconds left.\n|c|\u2606Froggy148|oh well\n|c|\u2606Froggy148|guess we have different opinions then\n|inactive|Froggy148 has 20 seconds left.\n|c|\u2606Gogopokeranger|You use it a few times in a row, which means you\u2019re aiming for the OHKO\n|inactive|Froggy148 has 15 seconds left.\n|inactive|Froggy148 has 10 seconds left.\n|c|\u2606Froggy148|i didnt use it a few times in a row\n|inactive|Froggy148 has 5 seconds left.\n|\n|t:|1681835990\n|switch|p2a: Amoonguss|Amoonguss, L50, M|95\/100\n|move|p2b: Palafin|Jet Punch|p1b: Chi-Yu\n|-supereffective|p1b: Chi-Yu\n|-damage|p1b: Chi-Yu|0 fnt\n|faint|p1b: Chi-Yu\n|move|p1a: Breloom|Leech Seed|p2b: Palafin\n|-start|p2b: Palafin|move: Leech Seed\n|\n|-damage|p2b: Palafin|58\/100|[from] Leech Seed|[of] p1a: Breloom\n|-heal|p1a: Breloom|40\/100 tox|[silent]\n|-heal|p1a: Breloom|53\/100 tox|[from] ability: Poison Heal\n|upkeep\n|\n|t:|1681835997\n|switch|p1b: Dachsbun|Dachsbun, L50, F|41\/100\n|turn|11\n|-message|Gogopokeranger forfeited.\n|\n|win|Froggy148\n|raw|Gogopokeranger's rating: 1162 → 1138<\/strong> (-24 for losing)\n|raw|Froggy148's rating: 1181 → 1205<\/strong> (+24 for winning)\n|l|\u2606Gogopokeranger\n|c|\u2606Froggy148|lol\n|l|\u2606Froggy148\n|j|\u2606Froggy148\n|player|p2|Froggy148|iris-gen5bw2\n","uploadtime":1681836039,"views":6,"p1id":"gogopokeranger","p2id":"froggy148","formatid":"gen9vgc2023regulationc","rating":1138,"private":0,"password":""}