{"id":"gen9vgc2023regulationc-1860577616","p1":"Axel316","p2":"tombstoan","format":"[Gen 9] VGC 2023 Regulation C","log":"|j|\u2606Axel316\n|j|\u2606tombstoan\n|t:|1683656014\n|gametype|doubles\n|player|p1|Axel316|265|\n|player|p2|tombstoan|101|\n|teamsize|p1|6\n|teamsize|p2|6\n|gen|9\n|tier|[Gen 9] VGC 2023 Regulation C\n|rule|Species Clause: Limit one of each Pok\u00e9mon\n|rule|Item Clause: Limit one of each item\n|clearpoke\n|poke|p1|Kingambit, L50, F|\n|poke|p1|Ting-Lu, L50|\n|poke|p1|Amoonguss, L50, F|\n|poke|p1|Flutter Mane, L50|\n|poke|p1|Palafin, L50, F|\n|poke|p1|Medicham, L50, F|\n|poke|p2|Indeedee-F, L50, F|\n|poke|p2|Hatterene, L50, F|\n|poke|p2|Torkoal, L50, F|\n|poke|p2|Scovillain, L50, M|\n|poke|p2|Kingambit, L50, M|\n|poke|p2|Meowscarada, L50, F|\n|teampreview|4\n|\n|t:|1683656052\n|start\n|switch|p1a: Ting-Lu|Ting-Lu, L50|100\/100\n|switch|p1b: Amoonguss|Amoonguss, L50, F|100\/100\n|switch|p2a: Follow Me|Indeedee-F, L50, F|100\/100\n|switch|p2b: Trick Room|Hatterene, L50, F|100\/100\n|-fieldstart|move: Psychic Terrain|[from] ability: Psychic Surge|[of] p2a: Follow Me\n|-enditem|p2a: Follow Me|Psychic Seed\n|-boost|p2a: Follow Me|spd|1|[from] item: Psychic Seed\n|-ability|p1a: Ting-Lu|Vessel of Ruin\n|turn|1\n|\n|t:|1683656071\n|-terastallize|p1b: Amoonguss|Water\n|move|p2a: Follow Me|Follow Me|p2a: Follow Me\n|-singleturn|p2a: Follow Me|move: Follow Me\n|move|p1a: Ting-Lu|Heavy Slam|p2a: Follow Me\n|-damage|p2a: Follow Me|69\/100\n|move|p1b: Amoonguss|Spore|p2a: Follow Me\n|-status|p2a: Follow Me|slp|[from] move: Spore\n|move|p2b: Trick Room|Trick Room|p2b: Trick Room\n|-fieldstart|move: Trick Room|[of] p2b: Trick Room\n|\n|upkeep\n|turn|2\n|\n|t:|1683656104\n|cant|p2a: Follow Me|slp\n|move|p1b: Amoonguss|Protect|p1b: Amoonguss\n|-singleturn|p1b: Amoonguss|Protect\n|move|p2b: Trick Room|Dazzling Gleam|p1b: Amoonguss|[spread] p1a\n|-activate|p1b: Amoonguss|move: Protect\n|-supereffective|p1a: Ting-Lu\n|-damage|p1a: Ting-Lu|64\/100\n|-damage|p2b: Trick Room|91\/100|[from] item: Life Orb\n|move|p1a: Ting-Lu|Bulldoze|p2a: Follow Me|[spread] p2a,p2b\n|-activate|p1b: Amoonguss|move: Protect\n|-damage|p2a: Follow Me|50\/100 slp\n|-damage|p2b: Trick Room|70\/100\n|-unboost|p2a: Follow Me|spe|1\n|-unboost|p2b: Trick Room|spe|1\n|\n|upkeep\n|turn|3\n|\n|t:|1683656128\n|cant|p2a: Follow Me|slp\n|move|p2b: Trick Room|Dazzling Gleam|p1a: Ting-Lu|[spread] p1a,p1b\n|-supereffective|p1a: Ting-Lu\n|-damage|p1a: Ting-Lu|22\/100\n|-damage|p1b: Amoonguss|74\/100\n|-enditem|p1a: Ting-Lu|Aguav Berry|[eat]\n|-heal|p1a: Ting-Lu|55\/100|[from] item: Aguav Berry\n|-damage|p2b: Trick Room|60\/100|[from] item: Life Orb\n|move|p1b: Amoonguss|Pollen Puff|p1a: Ting-Lu\n|-heal|p1a: Ting-Lu|100\/100\n|move|p1a: Ting-Lu|Heavy Slam|p2b: Trick Room\n|-supereffective|p2b: Trick Room\n|-damage|p2b: Trick Room|0 fnt\n|faint|p2b: Trick Room\n|\n|-heal|p1b: Amoonguss|80\/100|[from] item: Leftovers\n|upkeep\n|\n|t:|1683656149\n|switch|p2b: Eruptionl|Torkoal, L50, F|100\/100\n|-weather|SunnyDay|[from] ability: Drought|[of] p2b: Eruptionl\n|turn|4\n|\n|t:|1683656168\n|move|p1b: Amoonguss|Protect|p1b: Amoonguss\n|-singleturn|p1b: Amoonguss|Protect\n|-curestatus|p2a: Follow Me|slp|[msg]\n|move|p2a: Follow Me|Follow Me|p2a: Follow Me\n|-singleturn|p2a: Follow Me|move: Follow Me\n|move|p2b: Eruptionl|Eruption|p1a: Ting-Lu|[spread] p1a\n|-activate|p1b: Amoonguss|move: Protect\n|-damage|p1a: Ting-Lu|62\/100\n|move|p1a: Ting-Lu|Bulldoze|p2a: Follow Me|[spread] p2a,p2b\n|-activate|p1b: Amoonguss|move: Protect\n|-supereffective|p2b: Eruptionl\n|-damage|p2a: Follow Me|31\/100\n|-damage|p2b: Eruptionl|75\/100\n|-unboost|p2a: Follow Me|spe|1\n|-unboost|p2b: Eruptionl|spe|1\n|\n|-weather|SunnyDay|[upkeep]\n|-heal|p1b: Amoonguss|86\/100|[from] item: Leftovers\n|upkeep\n|turn|5\n|\n|t:|1683656201\n|move|p2a: Follow Me|Helping Hand|p2b: Eruptionl\n|-singleturn|p2b: Eruptionl|Helping Hand|[of] p2a: Follow Me\n|move|p2b: Eruptionl|Eruption|p1a: Ting-Lu|[spread] p1a,p1b\n|-resisted|p1b: Amoonguss\n|-damage|p1a: Ting-Lu|24\/100\n|-damage|p1b: Amoonguss|59\/100\n|move|p1b: Amoonguss|Spore|p2b: Eruptionl\n|-status|p2b: Eruptionl|slp|[from] move: Spore\n|move|p1a: Ting-Lu|Heavy Slam|p2a: Follow Me\n|-damage|p2a: Follow Me|0 fnt\n|faint|p2a: Follow Me\n|\n|-weather|SunnyDay|[upkeep]\n|-heal|p1b: Amoonguss|65\/100|[from] item: Leftovers\n|-fieldend|move: Trick Room\n|-fieldend|move: Psychic Terrain\n|upkeep\n|\n|t:|1683656218\n|switch|p2a: Kowtow|Kingambit, L50, M|100\/100\n|turn|6\n|\n|t:|1683656245\n|-terastallize|p2a: Kowtow|Flying\n|move|p2a: Kowtow|Kowtow Cleave|p1b: Amoonguss\n|-damage|p1b: Amoonguss|19\/100\n|move|p1a: Ting-Lu|Ruination|p2a: Kowtow\n|-damage|p2a: Kowtow|51\/100\n|move|p1b: Amoonguss|Spore|p2a: Kowtow\n|-status|p2a: Kowtow|slp|[from] move: Spore\n|cant|p2b: Eruptionl|slp\n|\n|-weather|SunnyDay|[upkeep]\n|-heal|p1b: Amoonguss|24\/100|[from] item: Leftovers\n|upkeep\n|turn|7\n|\n|t:|1683656272\n|cant|p2a: Kowtow|slp\n|move|p1a: Ting-Lu|Ruination|p2b: Eruptionl\n|-damage|p2b: Eruptionl|38\/100 slp\n|move|p1b: Amoonguss|Pollen Puff|p1a: Ting-Lu\n|-heal|p1a: Ting-Lu|74\/100\n|cant|p2b: Eruptionl|slp\n|\n|-weather|SunnyDay|[upkeep]\n|-heal|p1b: Amoonguss|30\/100|[from] item: Leftovers\n|upkeep\n|turn|8\n|\n|t:|1683656295\n|move|p1b: Amoonguss|Protect|p1b: Amoonguss\n|-singleturn|p1b: Amoonguss|Protect\n|-curestatus|p2b: Eruptionl|slp|[msg]\n|move|p2b: Eruptionl|Protect|p2b: Eruptionl\n|-singleturn|p2b: Eruptionl|Protect\n|-curestatus|p2a: Kowtow|slp|[msg]\n|move|p2a: Kowtow|Brick Break|p1a: Ting-Lu\n|-supereffective|p1a: Ting-Lu\n|-crit|p1a: Ting-Lu\n|-damage|p1a: Ting-Lu|25\/100\n|move|p1a: Ting-Lu|Bulldoze|p2b: Eruptionl|[spread] \n|-activate|p1b: Amoonguss|move: Protect\n|-activate|p2b: Eruptionl|move: Protect\n|-immune|p2a: Kowtow\n|\n|-weather|none\n|-heal|p1b: Amoonguss|36\/100|[from] item: Leftovers\n|upkeep\n|turn|9\n|\n|t:|1683656336\n|move|p2a: Kowtow|Brick Break|p1a: Ting-Lu\n|-supereffective|p1a: Ting-Lu\n|-damage|p1a: Ting-Lu|0 fnt\n|faint|p1a: Ting-Lu\n|move|p1b: Amoonguss|Spore|p2b: Eruptionl\n|-status|p2b: Eruptionl|slp|[from] move: Spore\n|cant|p2b: Eruptionl|slp\n|\n|-heal|p1b: Amoonguss|42\/100|[from] item: Leftovers\n|upkeep\n|\n|t:|1683656348\n|switch|p1a: Medicham|Medicham, L50, F|100\/100\n|turn|10\n|\n|t:|1683656360\n|move|p1b: Amoonguss|Rage Powder|p1b: Amoonguss\n|-singleturn|p1b: Amoonguss|move: Rage Powder\n|move|p2a: Kowtow|Sucker Punch||[still]\n|-fail|p2a: Kowtow\n|move|p1a: Medicham|Zen Headbutt|p2a: Kowtow\n|-damage|p2a: Kowtow|15\/100\n|-curestatus|p2b: Eruptionl|slp|[msg]\n|move|p2b: Eruptionl|Heat Wave|p1b: Amoonguss|[spread] p1a,p1b\n|-resisted|p1b: Amoonguss\n|-damage|p1a: Medicham|40\/100\n|-damage|p1b: Amoonguss|27\/100\n|\n|-heal|p1b: Amoonguss|33\/100|[from] item: Leftovers\n|upkeep\n|turn|11\n|\n|t:|1683656382\n|move|p1b: Amoonguss|Rage Powder|p1b: Amoonguss\n|-singleturn|p1b: Amoonguss|move: Rage Powder\n|move|p1a: Medicham|Zen Headbutt|p2b: Eruptionl\n|-damage|p2b: Eruptionl|2\/100\n|move|p2a: Kowtow|Kowtow Cleave|p1b: Amoonguss\n|-damage|p1b: Amoonguss|0 fnt\n|faint|p1b: Amoonguss\n|move|p2b: Eruptionl|Heat Wave|p1a: Medicham|[miss]\n|-miss|p2b: Eruptionl|p1a: Medicham\n|\n|upkeep\n|\n|t:|1683656393\n|switch|p1b: Kingambit|Kingambit, L50, F|100\/100\n|turn|12\n|\n|t:|1683656409\n|move|p1a: Medicham|Bullet Punch|p2b: Eruptionl\n|-resisted|p2b: Eruptionl\n|-damage|p2b: Eruptionl|0 fnt\n|faint|p2b: Eruptionl\n|move|p2a: Kowtow|Sucker Punch||[still]\n|-fail|p2a: Kowtow\n|move|p1b: Kingambit|Iron Head|p2a: Kowtow\n|-damage|p2a: Kowtow|0 fnt\n|faint|p2a: Kowtow\n|\n|win|Axel316\n|l|\u2606Axel316\n|l|\u2606tombstoan\n|j|\u2606Axel316\n|player|p1|Axel316|265\n","uploadtime":1683656705,"views":8,"p1id":"axel316","p2id":"tombstoan","formatid":"gen9vgc2023regulationc","rating":0,"private":0,"password":""}