{"id":"gen9vgc2023regulationc-1855417972","p1":"ankurhalder05","p2":"BURANYA","format":"[Gen 9] VGC 2023 Regulation C","log":"|j|\u2606ankurhalder05\n|j|\u2606BURANYA\n|t:|1682949491\n|gametype|doubles\n|player|p1|ankurhalder05|102|1095\n|player|p2|BURANYA|alder|1149\n|teamsize|p1|6\n|teamsize|p2|6\n|gen|9\n|tier|[Gen 9] VGC 2023 Regulation C\n|rated|\n|rule|Species Clause: Limit one of each Pok\u00e9mon\n|rule|Item Clause: Limit one of each item\n|clearpoke\n|poke|p1|Flutter Mane, L50|\n|poke|p1|Arcanine, L50, M|\n|poke|p1|Gothitelle, L50, M|\n|poke|p1|Palafin, L50, M|\n|poke|p1|Amoonguss, L50, M|\n|poke|p1|Kingambit, L50, F|\n|poke|p2|Slither Wing, L50|\n|poke|p2|Arcanine, L50, M|\n|poke|p2|Amoonguss, L50, M|\n|poke|p2|Corviknight, L50, F|\n|poke|p2|Iron Bundle, L50|\n|poke|p2|Flutter Mane, L50|\n|teampreview|4\n|inactive|Battle timer is ON: inactive players will automatically lose when time's up. (requested by ankurhalder05)\nBURANYA has agreed to open team sheets.\n|\n|t:|1682949520\n|start\n|switch|p1a: Flutter Mane|Flutter Mane, L50|100\/100\n|switch|p1b: Kingambit|Kingambit, L50, F|100\/100\n|switch|p2a: Flutter Mane|Flutter Mane, L50|100\/100\n|switch|p2b: Iron Bundle|Iron Bundle, L50|100\/100\n|-enditem|p2b: Iron Bundle|Booster Energy\n|-activate|p2b: Iron Bundle|ability: Quark Drive|[fromitem]\n|-start|p2b: Iron Bundle|quarkdrivespe\n|turn|1\n|\n|t:|1682949542\n|-end|p2a: Flutter Mane|Protosynthesis|[silent]\n|switch|p2a: Slither Wing|Slither Wing, L50|100\/100\n|move|p2b: Iron Bundle|Protect|p2b: Iron Bundle\n|-singleturn|p2b: Iron Bundle|Protect\n|move|p1a: Flutter Mane|Moonblast|p2b: Iron Bundle\n|-activate|p2b: Iron Bundle|move: Protect\n|move|p1b: Kingambit|Iron Head|p2a: Slither Wing\n|-damage|p2a: Slither Wing|34\/100\n|\n|upkeep\n|turn|2\n|\n|t:|1682949562\n|move|p1b: Kingambit|Sucker Punch|p2a: Slither Wing\n|-resisted|p2a: Slither Wing\n|-damage|p2a: Slither Wing|4\/100\n|move|p2b: Iron Bundle|Icy Wind|p1a: Flutter Mane|[spread] p1a\n|-miss|p2b: Iron Bundle|p1b: Kingambit\n|-damage|p1a: Flutter Mane|77\/100\n|-unboost|p1a: Flutter Mane|spe|1\n|move|p2a: Slither Wing|Close Combat|p1b: Kingambit\n|-supereffective|p1b: Kingambit\n|-damage|p1b: Kingambit|0 fnt\n|-unboost|p2a: Slither Wing|def|1\n|-unboost|p2a: Slither Wing|spd|1\n|faint|p1b: Kingambit\n|move|p1a: Flutter Mane|Moonblast|p2b: Iron Bundle\n|-damage|p2b: Iron Bundle|0 fnt\n|faint|p2b: Iron Bundle\n|-end|p2b: Iron Bundle|Quark Drive|[silent]\n|\n|-heal|p1a: Flutter Mane|83\/100|[from] item: Leftovers\n|upkeep\n|\n|t:|1682949581\n|switch|p2b: Amoonguss|Amoonguss, L50, M|100\/100\n|switch|p1b: Amoonguss|Amoonguss, L50, M|100\/100\n|turn|3\n|\n|t:|1682949597\n|-end|p1a: Flutter Mane|Protosynthesis|[silent]\n|switch|p1a: Palafin|Palafin, L50, M|100\/100\n|move|p2a: Slither Wing|Protect|p2a: Slither Wing\n|-singleturn|p2a: Slither Wing|Protect\n|move|p1b: Amoonguss|Pollen Puff|p2a: Slither Wing\n|-activate|p2a: Slither Wing|move: Protect\n|move|p2b: Amoonguss|Spore|p1a: Palafin\n|-status|p1a: Palafin|slp|[from] move: Spore\n|\n|upkeep\n|turn|4\n|inactive|BURANYA has 30 seconds left.\n|inactive|BURANYA has 20 seconds left.\n|inactive|BURANYA has 15 seconds left.\n|\n|t:|1682949639\n|detailschange|p1a: Palafin|Palafin-Hero, L50, M\n|switch|p1a: Flutter Mane|Flutter Mane, L50|83\/100\n|move|p2a: Slither Wing|Leech Life|p1a: Flutter Mane\n|-resisted|p1a: Flutter Mane\n|-crit|p1a: Flutter Mane\n|-damage|p1a: Flutter Mane|47\/100\n|-heal|p2a: Slither Wing|19\/100|[from] drain|[of] p1a: Flutter Mane\n|move|p1b: Amoonguss|Pollen Puff|p2a: Slither Wing\n|-resisted|p2a: Slither Wing\n|-damage|p2a: Slither Wing|5\/100\n|move|p2b: Amoonguss|Pollen Puff|p2a: Slither Wing\n|-heal|p2a: Slither Wing|55\/100\n|\n|-heal|p1a: Flutter Mane|54\/100|[from] item: Leftovers\n|upkeep\n|turn|5\n|inactive|ankurhalder05 has 30 seconds left.\n|inactive|ankurhalder05 has 20 seconds left.\n|\n|t:|1682949675\n|move|p1a: Flutter Mane|Protect|p1a: Flutter Mane\n|-singleturn|p1a: Flutter Mane|Protect\n|move|p2a: Slither Wing|Protect|p2a: Slither Wing\n|-singleturn|p2a: Slither Wing|Protect\n|move|p1b: Amoonguss|Pollen Puff|p2b: Amoonguss\n|-damage|p2b: Amoonguss|88\/100\n|move|p2b: Amoonguss|Spore|p1a: Flutter Mane\n|-activate|p1a: Flutter Mane|move: Protect\n|\n|-heal|p1a: Flutter Mane|60\/100|[from] item: Leftovers\n|upkeep\n|turn|6\n|\n|t:|1682949695\n|move|p1b: Amoonguss|Rage Powder|p1b: Amoonguss\n|-singleturn|p1b: Amoonguss|move: Rage Powder\n|move|p2b: Amoonguss|Rage Powder|p2b: Amoonguss\n|-singleturn|p2b: Amoonguss|move: Rage Powder\n|move|p1a: Flutter Mane|Moonblast|p2b: Amoonguss\n|-resisted|p2b: Amoonguss\n|-damage|p2b: Amoonguss|70\/100\n|move|p2a: Slither Wing|Flare Blitz|p1b: Amoonguss\n|-supereffective|p1b: Amoonguss\n|-damage|p1b: Amoonguss|24\/100\n|-damage|p2a: Slither Wing|20\/100|[from] Recoil\n|\n|-heal|p1a: Flutter Mane|66\/100|[from] item: Leftovers\n|upkeep\n|turn|7\n|\n|t:|1682949716\n|move|p1a: Flutter Mane|Protect|p1a: Flutter Mane\n|-singleturn|p1a: Flutter Mane|Protect\n|move|p2a: Slither Wing|Protect|p2a: Slither Wing\n|-singleturn|p2a: Slither Wing|Protect\n|move|p1b: Amoonguss|Clear Smog|p2b: Amoonguss\n|-damage|p2b: Amoonguss|61\/100\n|-clearboost|p2b: Amoonguss\n|move|p2b: Amoonguss|Spore|p1a: Flutter Mane\n|-activate|p1a: Flutter Mane|move: Protect\n|\n|-heal|p1a: Flutter Mane|72\/100|[from] item: Leftovers\n|upkeep\n|turn|8\n|inactive|ankurhalder05 has 30 seconds left.\n|inactive|BURANYA has 30 seconds left.\n|inactive|BURANYA has 20 seconds left.\n|inactive|BURANYA has 15 seconds left.\n|\n|t:|1682949758\n|move|p1b: Amoonguss|Rage Powder|p1b: Amoonguss\n|-singleturn|p1b: Amoonguss|move: Rage Powder\n|move|p2b: Amoonguss|Rage Powder|p2b: Amoonguss\n|-singleturn|p2b: Amoonguss|move: Rage Powder\n|move|p1a: Flutter Mane|Shadow Ball|p2b: Amoonguss\n|-damage|p2b: Amoonguss|28\/100\n|move|p2a: Slither Wing|Flare Blitz|p1b: Amoonguss\n|-supereffective|p1b: Amoonguss\n|-damage|p1b: Amoonguss|0 fnt\n|faint|p1b: Amoonguss\n|-damage|p2a: Slither Wing|10\/100|[from] Recoil\n|\n|-heal|p1a: Flutter Mane|78\/100|[from] item: Leftovers\n|upkeep\n|\n|t:|1682949768\n|switch|p1b: Palafin|Palafin-Hero, L50, M|100\/100 slp\n|-activate|p1b: Palafin|ability: Zero to Hero\n|turn|9\n|\n|t:|1682949783\n|move|p2b: Amoonguss|Rage Powder|p2b: Amoonguss\n|-singleturn|p2b: Amoonguss|move: Rage Powder\n|cant|p1b: Palafin|slp\n|move|p1a: Flutter Mane|Substitute|p1a: Flutter Mane\n|-start|p1a: Flutter Mane|Substitute\n|-damage|p1a: Flutter Mane|54\/100\n|move|p2a: Slither Wing|Flare Blitz|p1a: Flutter Mane\n|-end|p1a: Flutter Mane|Substitute\n|-damage|p2a: Slither Wing|3\/100|[from] Recoil|[of] p1a: Flutter Mane\n|\n|-heal|p1a: Flutter Mane|60\/100|[from] item: Leftovers\n|upkeep\n|turn|10\n|\n|t:|1682949804\n|move|p1a: Flutter Mane|Protect|p1a: Flutter Mane\n|-singleturn|p1a: Flutter Mane|Protect\n|cant|p1b: Palafin|slp\n|move|p2a: Slither Wing|Leech Life|p1b: Palafin\n|-damage|p1b: Palafin|57\/100 slp\n|-heal|p2a: Slither Wing|27\/100|[from] drain|[of] p1b: Palafin\n|move|p2b: Amoonguss|Pollen Puff|p2a: Slither Wing\n|-heal|p2a: Slither Wing|77\/100\n|\n|-heal|p1a: Flutter Mane|66\/100|[from] item: Leftovers\n|upkeep\n|turn|11\n|\n|t:|1682949821\n|switch|p2b: Flutter Mane|Flutter Mane, L50|100\/100\n|move|p2a: Slither Wing|Protect|p2a: Slither Wing\n|-singleturn|p2a: Slither Wing|Protect\n|move|p1a: Flutter Mane|Shadow Ball|p2b: Flutter Mane\n|-supereffective|p2b: Flutter Mane\n|-damage|p2b: Flutter Mane|11\/100\n|-unboost|p2b: Flutter Mane|spd|1\n|-curestatus|p1b: Palafin|slp|[msg]\n|move|p1b: Palafin|Wave Crash|p2a: Slither Wing\n|-activate|p2a: Slither Wing|move: Protect\n|\n|-heal|p1a: Flutter Mane|72\/100|[from] item: Leftovers\n|upkeep\n|turn|12\n|inactive|ankurhalder05 has 30 seconds left.\n|\n|t:|1682949850\n|-end|p2b: Flutter Mane|Protosynthesis|[silent]\n|switch|p2b: Amoonguss|Amoonguss, L50, M|61\/100\n|-terastallize|p2a: Slither Wing|Fire\n|move|p1b: Palafin|Jet Punch|p2b: Amoonguss\n|-resisted|p2b: Amoonguss\n|-damage|p2b: Amoonguss|37\/100\n|-damage|p1b: Palafin|40\/100|[from] item: Rocky Helmet|[of] p2b: Amoonguss\n|-damage|p1b: Palafin|31\/100|[from] item: Life Orb\n|move|p1a: Flutter Mane|Moonblast|p2a: Slither Wing\n|-resisted|p2a: Slither Wing\n|-damage|p2a: Slither Wing|35\/100\n|move|p2a: Slither Wing|Flare Blitz|p1a: Flutter Mane\n|-damage|p1a: Flutter Mane|0 fnt\n|faint|p1a: Flutter Mane\n|-end|p1a: Flutter Mane|Protosynthesis|[silent]\n|-damage|p2a: Slither Wing|16\/100|[from] Recoil\n|\n|upkeep\n|turn|13\n|inactive|ankurhalder05 has 30 seconds left.\n|\n|t:|1682949880\n|-terastallize|p1b: Palafin|Water\n|move|p2b: Amoonguss|Rage Powder|p2b: Amoonguss\n|-singleturn|p2b: Amoonguss|move: Rage Powder\n|move|p1b: Palafin|Wave Crash|p2b: Amoonguss\n|-resisted|p2b: Amoonguss\n|-damage|p2b: Amoonguss|0 fnt\n|-damage|p1b: Palafin|14\/100|[from] item: Rocky Helmet|[of] p2b: Amoonguss\n|faint|p2b: Amoonguss\n|-damage|p1b: Palafin|0 fnt|[from] Recoil\n|faint|p1b: Palafin\n|\n|win|BURANYA\n|raw|ankurhalder05's rating: 1095 → 1074<\/strong> (-21 for losing)\n|raw|BURANYA's rating: 1149 → 1170<\/strong> (+21 for winning)\n","uploadtime":1682949889,"views":21,"p1id":"ankurhalder05","p2id":"buranya","formatid":"gen9vgc2023regulationc","rating":1074,"private":0,"password":""}