{"id":"gen9vgc2023regulationc-1849842212","p1":"zurneus","p2":"LT.Sentury","format":"[Gen 9] VGC 2023 Regulation C","log":"|j|\u2606zurneus\n|j|\u2606LT.Sentury\n|t:|1682259482\n|gametype|doubles\n|player|p1|zurneus|richboy-gen4|\n|player|p2|LT.Sentury|101|\n|teamsize|p1|6\n|teamsize|p2|6\n|gen|9\n|tier|[Gen 9] VGC 2023 Regulation C\n|rule|Species Clause: Limit one of each Pok\u00e9mon\n|rule|Item Clause: Limit one of each item\n|clearpoke\n|poke|p1|Flutter Mane, L50|\n|poke|p1|Palafin, L50, F|\n|poke|p1|Amoonguss, L50, M|\n|poke|p1|Kingambit, L50, F|\n|poke|p1|Great Tusk, L50|\n|poke|p1|Chi-Yu, L50|\n|poke|p2|Garganacl, L50, F|\n|poke|p2|Arcanine, L50, F|\n|poke|p2|Roaring Moon, L50|\n|poke|p2|Iron Bundle, L50|\n|poke|p2|Ting-Lu, L50|\n|poke|p2|Amoonguss, L50, F|\n|teampreview|4\nzurneus has agreed to open team sheets.\nLT.Sentury has agreed to open team sheets.\n|\n|t:|1682259554\n|start\n|switch|p1a: Kingambit|Kingambit, L50, F|100\/100\n|switch|p1b: Great Tusk|Great Tusk, L50|100\/100\n|switch|p2a: Ting-Lu|Ting-Lu, L50|100\/100\n|switch|p2b: Roaring Moon|Roaring Moon, L50|100\/100\n|-ability|p2a: Ting-Lu|Vessel of Ruin\n|-enditem|p2b: Roaring Moon|Booster Energy\n|-activate|p2b: Roaring Moon|ability: Protosynthesis|[fromitem]\n|-start|p2b: Roaring Moon|protosynthesisatk\n|turn|1\n|inactive|Battle timer is ON: inactive players will automatically lose when time's up. (requested by LT.Sentury)\n|\n|t:|1682259585\n|-terastallize|p2b: Roaring Moon|Flying\n|-terastallize|p1a: Kingambit|Flying\n|move|p1b: Great Tusk|Ice Spinner|p2b: Roaring Moon\n|-supereffective|p2b: Roaring Moon\n|-damage|p2b: Roaring Moon|40\/100\n|move|p2b: Roaring Moon|Acrobatics|p1b: Great Tusk\n|-supereffective|p1b: Great Tusk\n|-damage|p1b: Great Tusk|0 fnt\n|faint|p1b: Great Tusk\n|-end|p1b: Great Tusk|Protosynthesis|[silent]\n|move|p1a: Kingambit|Tera Blast|p2b: Roaring Moon\n|-damage|p2b: Roaring Moon|0 fnt\n|faint|p2b: Roaring Moon\n|-end|p2b: Roaring Moon|Protosynthesis|[silent]\n|move|p2a: Ting-Lu|Ruination|p1a: Kingambit\n|-damage|p1a: Kingambit|50\/100\n|\n|upkeep\n|inactive|LT.Sentury has 30 seconds left.\n|\n|t:|1682259611\n|switch|p2b: Iron Bundle|Iron Bundle, L50|100\/100\n|switch|p1b: Moongus|Amoonguss, L50, M|100\/100\n|turn|2\n|inactive|zurneus has 30 seconds left.\n|inactive|LT.Sentury has 30 seconds left.\n|inactive|zurneus has 20 seconds left.\n|inactive|LT.Sentury has 20 seconds left.\n|inactive|LT.Sentury has 15 seconds left.\n|\n|t:|1682259652\n|switch|p2a: Garganacl|Garganacl, L50, F|100\/100\n|move|p1b: Moongus|Rage Powder|p1b: Moongus\n|-singleturn|p1b: Moongus|move: Rage Powder\n|move|p2b: Iron Bundle|Encore|p1b: Moongus\n|-start|p1b: Moongus|Encore\n|move|p1a: Kingambit|Kowtow Cleave|p2b: Iron Bundle\n|-damage|p2b: Iron Bundle|43\/100\n|\n|upkeep\n|turn|3\n|inactive|zurneus has 30 seconds left.\n|inactive|LT.Sentury has 30 seconds left.\n|\n|t:|1682259686\n|-end|p2b: Iron Bundle|Quark Drive|[silent]\n|switch|p2b: Ting-Lu|Ting-Lu, L50|100\/100\n|-ability|p2b: Ting-Lu|Vessel of Ruin\n|move|p1b: Moongus|Rage Powder|p1b: Moongus\n|-singleturn|p1b: Moongus|move: Rage Powder\n|move|p1a: Kingambit|Kowtow Cleave|p2b: Ting-Lu\n|-resisted|p2b: Ting-Lu\n|-damage|p2b: Ting-Lu|85\/100\n|move|p2a: Garganacl|Salt Cure|p1b: Moongus\n|-damage|p1b: Moongus|89\/100\n|-start|p1b: Moongus|Salt Cure\n|\n|-damage|p1b: Moongus|77\/100|[from] Salt Cure\n|upkeep\n|turn|4\n|inactive|zurneus has 30 seconds left.\n|inactive|LT.Sentury has 30 seconds left.\n|\n|t:|1682259717\n|move|p1b: Moongus|Rage Powder|p1b: Moongus\n|-singleturn|p1b: Moongus|move: Rage Powder\n|move|p1a: Kingambit|Kowtow Cleave|p2a: Garganacl\n|-damage|p2a: Garganacl|67\/100\n|move|p2b: Ting-Lu|Ruination|p1b: Moongus\n|-damage|p1b: Moongus|39\/100\n|-enditem|p1b: Moongus|Sitrus Berry|[eat]\n|-heal|p1b: Moongus|64\/100|[from] item: Sitrus Berry\n|move|p2a: Garganacl|Stealth Rock|p1b: Moongus\n|-sidestart|p1: zurneus|move: Stealth Rock\n|\n|-heal|p2a: Garganacl|73\/100|[from] item: Leftovers\n|-damage|p1b: Moongus|51\/100|[from] Salt Cure\n|upkeep\n|turn|5\n|inactive|zurneus has 30 seconds left.\n|\n|t:|1682259747\n|move|p2a: Garganacl|Protect|p2a: Garganacl\n|-singleturn|p2a: Garganacl|Protect\n|move|p1b: Moongus|Rage Powder|p1b: Moongus\n|-singleturn|p1b: Moongus|move: Rage Powder\n|move|p1a: Kingambit|Iron Head|p2b: Ting-Lu\n|-damage|p2b: Ting-Lu|55\/100\n|cant|p2b: Ting-Lu|flinch\n|\n|-heal|p2a: Garganacl|79\/100|[from] item: Leftovers\n|-damage|p1b: Moongus|39\/100|[from] Salt Cure\n|-end|p1b: Moongus|Encore\n|upkeep\n|turn|6\n|\n|t:|1682259768\n|move|p1a: Kingambit|Iron Head|p2a: Garganacl\n|-supereffective|p2a: Garganacl\n|-damage|p2a: Garganacl|18\/100\n|move|p2b: Ting-Lu|Stomping Tantrum|p1b: Moongus\n|-damage|p1b: Moongus|0 fnt\n|faint|p1b: Moongus\n|move|p2a: Garganacl|Salt Cure|p1a: Kingambit\n|-supereffective|p1a: Kingambit\n|-damage|p1a: Kingambit|29\/100\n|-start|p1a: Kingambit|Salt Cure\n|\n|-heal|p2a: Garganacl|24\/100|[from] item: Leftovers\n|-damage|p1a: Kingambit|17\/100|[from] Salt Cure\n|upkeep\n|\n|t:|1682259779\n|switch|p1b: Flutter Mane|Flutter Mane, L50|100\/100\n|-damage|p1b: Flutter Mane|88\/100|[from] Stealth Rock\n|-enditem|p1b: Flutter Mane|Booster Energy\n|-activate|p1b: Flutter Mane|ability: Protosynthesis|[fromitem]\n|-start|p1b: Flutter Mane|protosynthesisspe\n|turn|7\n|\n|t:|1682259792\n|move|p2a: Garganacl|Protect|p2a: Garganacl\n|-singleturn|p2a: Garganacl|Protect\n|move|p1b: Flutter Mane|Moonblast|p2b: Ting-Lu\n|-supereffective|p2b: Ting-Lu\n|-damage|p2b: Ting-Lu|18\/100\n|move|p1a: Kingambit|Iron Head|p2b: Ting-Lu\n|-crit|p2b: Ting-Lu\n|-damage|p2b: Ting-Lu|0 fnt\n|faint|p2b: Ting-Lu\n|\n|-heal|p2a: Garganacl|29\/100|[from] item: Leftovers\n|-damage|p1a: Kingambit|4\/100|[from] Salt Cure\n|upkeep\n|\n|t:|1682259807\n|switch|p2b: Iron Bundle|Iron Bundle, L50|43\/100\n|turn|8\n|\n|t:|1682259828\n|move|p1b: Flutter Mane|Moonblast|p2b: Iron Bundle\n|-damage|p2b: Iron Bundle|0 fnt\n|faint|p2b: Iron Bundle\n|-end|p2b: Iron Bundle|Quark Drive|[silent]\n|move|p1a: Kingambit|Iron Head|p2a: Garganacl\n|-supereffective|p2a: Garganacl\n|-damage|p2a: Garganacl|0 fnt\n|faint|p2a: Garganacl\n|\n|win|zurneus\n|c|\u2606zurneus|ggs\n","uploadtime":1682260113,"views":16,"p1id":"zurneus","p2id":"ltsentury","formatid":"gen9vgc2023regulationc","rating":0,"private":0,"password":""}