{"id":"gen9vgc2023regulationc-1849459837","p1":"BrinaMorningstar","p2":"mickle_pickle7","format":"[Gen 9] VGC 2023 Regulation C","log":"|j|\u2606BrinaMorningstar\n|j|\u2606mickle_pickle7\n|t:|1682200969\n|gametype|doubles\n|player|p1|BrinaMorningstar|fantina|1032\n|player|p2|mickle_pickle7|pokemonranger-gen4|1000\n|teamsize|p1|6\n|teamsize|p2|6\n|gen|9\n|tier|[Gen 9] VGC 2023 Regulation C\n|rated|\n|rule|Species Clause: Limit one of each Pok\u00e9mon\n|rule|Item Clause: Limit one of each item\n|clearpoke\n|poke|p1|Glaceon, L50, M|\n|poke|p1|Abomasnow, L50, M|\n|poke|p1|Chi-Yu, L50|\n|poke|p1|Farigiraf, L50, F|\n|poke|p1|Flutter Mane, L50|\n|poke|p1|Palafin, L50, F|\n|poke|p2|Flutter Mane, L50|\n|poke|p2|Palafin, L50, F|\n|poke|p2|Amoonguss, L50, F|\n|poke|p2|Chi-Yu, L50|\n|poke|p2|Arcanine, L50, M|\n|poke|p2|Maushold-Four, L50|\n|teampreview|4\n|\n|t:|1682200995\n|start\n|switch|p1a: Farigiraf|Farigiraf, L50, F, shiny|100\/100\n|switch|p1b: Palafin|Palafin, L50, F|100\/100\n|switch|p2a: Arcanine|Arcanine, L50, M|100\/100\n|switch|p2b: Maushold|Maushold-Four, L50|100\/100\n|turn|1\n|\n|t:|1682201024\n|detailschange|p1b: Palafin|Palafin-Hero, L50, F\n|switch|p1b: Abomasnow|Abomasnow, L50, M|100\/100\n|-weather|Snow|[from] ability: Snow Warning|[of] p1b: Abomasnow\n|move|p2b: Maushold|Beat Up|p2a: Arcanine\n|-damage|p2a: Arcanine|98\/100\n|-ability|p2a: Arcanine|Justified|boost\n|-boost|p2a: Arcanine|atk|1\n|-damage|p2a: Arcanine|96\/100\n|-ability|p2a: Arcanine|Justified|boost\n|-boost|p2a: Arcanine|atk|1\n|-damage|p2a: Arcanine|94\/100\n|-ability|p2a: Arcanine|Justified|boost\n|-boost|p2a: Arcanine|atk|1\n|-damage|p2a: Arcanine|92\/100\n|-ability|p2a: Arcanine|Justified|boost\n|-boost|p2a: Arcanine|atk|1\n|-hitcount|p2a: Arcanine|4\n|move|p2a: Arcanine|Sunny Day|p2a: Arcanine\n|-weather|SunnyDay\n|move|p1a: Farigiraf|Trick Room|p1a: Farigiraf\n|-fieldstart|move: Trick Room|[of] p1a: Farigiraf\n|\n|-weather|SunnyDay|[upkeep]\n|-heal|p2a: Arcanine|98\/100|[from] item: Leftovers\n|upkeep\n|turn|2\n|\n|t:|1682201058\n|move|p1b: Abomasnow|Protect|p1b: Abomasnow\n|-singleturn|p1b: Abomasnow|Protect\n|move|p1a: Farigiraf|Dazzling Gleam|p2a: Arcanine|[spread] p2a,p2b\n|-resisted|p2a: Arcanine\n|-damage|p2a: Arcanine|91\/100\n|-damage|p2b: Maushold|77\/100\n|-damage|p1a: Farigiraf|91\/100|[from] item: Life Orb\n|move|p2a: Arcanine|Flare Blitz|p1b: Abomasnow\n|-activate|p1b: Abomasnow|move: Protect\n|move|p2b: Maushold|Encore|p1a: Farigiraf\n|-start|p1a: Farigiraf|Encore\n|\n|-weather|SunnyDay|[upkeep]\n|-heal|p2a: Arcanine|97\/100|[from] item: Leftovers\n|upkeep\n|turn|3\n|\n|t:|1682201077\n|move|p1a: Farigiraf|Dazzling Gleam|p2a: Arcanine|[spread] p2a,p2b\n|-resisted|p2a: Arcanine\n|-damage|p2a: Arcanine|89\/100\n|-damage|p2b: Maushold|56\/100\n|-damage|p1a: Farigiraf|81\/100|[from] item: Life Orb\n|move|p1b: Abomasnow|Earth Power|p2a: Arcanine\n|-supereffective|p2a: Arcanine\n|-damage|p2a: Arcanine|46\/100\n|move|p2a: Arcanine|Flare Blitz|p1b: Abomasnow\n|-supereffective|p1b: Abomasnow\n|-enditem|p1b: Abomasnow|Focus Sash\n|-damage|p1b: Abomasnow|1\/100\n|-status|p1b: Abomasnow|brn\n|-damage|p2a: Arcanine|14\/100|[from] Recoil\n|move|p2b: Maushold|Super Fang|p1a: Farigiraf\n|-damage|p1a: Farigiraf|41\/100\n|\n|-weather|SunnyDay|[upkeep]\n|-heal|p2a: Arcanine|20\/100|[from] item: Leftovers\n|-damage|p1b: Abomasnow|0 fnt|[from] brn\n|faint|p1b: Abomasnow\n|upkeep\n|\n|t:|1682201095\n|switch|p1b: Palafin|Palafin-Hero, L50, F|100\/100\n|-activate|p1b: Palafin|ability: Zero to Hero\n|turn|4\n|\n|t:|1682201108\n|-terastallize|p1b: Palafin|Water\n|move|p1a: Farigiraf|Dazzling Gleam|p2a: Arcanine|[spread] p2a,p2b\n|-resisted|p2a: Arcanine\n|-crit|p2b: Maushold\n|-damage|p2a: Arcanine|12\/100\n|-damage|p2b: Maushold|26\/100\n|-damage|p1a: Farigiraf|32\/100|[from] item: Life Orb\n|move|p2a: Arcanine|Morning Sun|p2a: Arcanine\n|-heal|p2a: Arcanine|79\/100\n|move|p1b: Palafin|Haze|p1b: Palafin\n|-clearallboost\n|move|p2b: Maushold|Super Fang|p1b: Palafin\n|-damage|p1b: Palafin|50\/100\n|\n|-weather|SunnyDay|[upkeep]\n|-heal|p2a: Arcanine|85\/100|[from] item: Leftovers\n|upkeep\n|turn|5\n|\n|t:|1682201137\n|switch|p2a: Flutter Mane|Flutter Mane, L50|100\/100\n|-activate|p2a: Flutter Mane|ability: Protosynthesis\n|-start|p2a: Flutter Mane|protosynthesisspa\n|move|p1b: Palafin|Protect|p1b: Palafin\n|-singleturn|p1b: Palafin|Protect\n|move|p1a: Farigiraf|Dazzling Gleam|p2a: Flutter Mane|[spread] p2a,p2b\n|-crit|p2a: Flutter Mane\n|-damage|p2a: Flutter Mane|80\/100\n|-damage|p2b: Maushold|5\/100\n|-damage|p1a: Farigiraf|22\/100|[from] item: Life Orb\n|move|p2b: Maushold|Encore|p1b: Palafin\n|-activate|p1b: Palafin|move: Protect\n|\n|-weather|none\n|-end|p2a: Flutter Mane|Protosynthesis\n|-end|p1a: Farigiraf|Encore\n|-fieldend|move: Trick Room\n|upkeep\n|turn|6\n|\n|t:|1682201156\n|move|p2b: Maushold|Protect|p2b: Maushold\n|-singleturn|p2b: Maushold|Protect\n|move|p1b: Palafin|Jet Punch|p2a: Flutter Mane\n|-damage|p2a: Flutter Mane|0 fnt\n|faint|p2a: Flutter Mane\n|-end|p2a: Flutter Mane|Protosynthesis|[silent]\n|move|p1a: Farigiraf|Imprison|p1a: Farigiraf\n|-start|p1a: Farigiraf|move: Imprison\n|\n|upkeep\n|\n|t:|1682201166\n|switch|p2a: Arcanine|Arcanine, L50, M|85\/100\n|turn|7\n|\n|t:|1682201177\n|move|p1b: Palafin|Protect|p1b: Palafin\n|-singleturn|p1b: Palafin|Protect\n|move|p2b: Maushold|Beat Up|p2a: Arcanine\n|-damage|p2a: Arcanine|82\/100\n|-ability|p2a: Arcanine|Justified|boost\n|-boost|p2a: Arcanine|atk|1\n|-damage|p2a: Arcanine|80\/100\n|-ability|p2a: Arcanine|Justified|boost\n|-boost|p2a: Arcanine|atk|1\n|-damage|p2a: Arcanine|78\/100\n|-ability|p2a: Arcanine|Justified|boost\n|-boost|p2a: Arcanine|atk|1\n|-hitcount|p2a: Arcanine|3\n|move|p2a: Arcanine|Will-O-Wisp|p1b: Palafin\n|-activate|p1b: Palafin|move: Protect\n|move|p1a: Farigiraf|Dazzling Gleam|p2a: Arcanine|[spread] p2a,p2b\n|-resisted|p2a: Arcanine\n|-damage|p2a: Arcanine|70\/100\n|-damage|p2b: Maushold|0 fnt\n|faint|p2b: Maushold\n|-damage|p1a: Farigiraf|12\/100|[from] item: Life Orb\n|\n|-heal|p2a: Arcanine|76\/100|[from] item: Leftovers\n|upkeep\n|\n|t:|1682201196\n|switch|p2b: Chi-Yu|Chi-Yu, L50|100\/100\n|-ability|p2b: Chi-Yu|Beads of Ruin\n|turn|8\n|n|!BrinaMorningstar|brinamorningstar\n|-message|BrinaMorningstar forfeited.\n|\n|win|mickle_pickle7\n|raw|BrinaMorningstar's rating: 1032 → 1016<\/strong> (-16 for losing)\n|raw|mickle_pickle7's rating: 1000 → 1044<\/strong> (+44 for winning)\n|l|!BrinaMorningstar\n","uploadtime":1682201219,"views":9,"p1id":"brinamorningstar","p2id":"micklepickle7","formatid":"gen9vgc2023regulationc","rating":1016,"private":0,"password":""}