{"id":"gen9vgc2023regulationc-1862968563","p1":"Aldrich DL","p2":"sahabatGOMBA\u2714\ufe0f","format":"[Gen 9] VGC 2023 Regulation C","log":"|j|\u2606Aldrich DL\n|j|\u2606sahabatGOMBA\u2714\ufe0f\n|t:|1683945393\n|gametype|doubles\n|player|p1|Aldrich DL|richboy-gen3|\n|player|p2|sahabatGOMBA\u2714\ufe0f|acetrainercouple|\n|teamsize|p1|6\n|teamsize|p2|6\n|gen|9\n|tier|[Gen 9] VGC 2023 Regulation C\n|rule|Species Clause: Limit one of each Pok\u00e9mon\n|rule|Item Clause: Limit one of each item\n|clearpoke\n|poke|p1|Armarouge, L50, F|\n|poke|p1|Dragapult, L50, M|\n|poke|p1|Rotom-Wash, L50|\n|poke|p1|Indeedee-F, L50, F|\n|poke|p1|Ceruledge, L50, F|\n|poke|p1|Hawlucha, L50, M|\n|poke|p2|Gholdengo, L50|\n|poke|p2|Azumarill, L50, M|\n|poke|p2|Armarouge, L50, F|\n|poke|p2|Ceruledge, L50, M|\n|poke|p2|Arcanine, L50, F|\n|poke|p2|Indeedee-F, L50, F|\n|teampreview|4\nsahabatGOMBA\u2714\ufe0f has agreed to open team sheets.\nAldrich DL has agreed to open team sheets.\n|c|\u2606sahabatGOMBA\u2714\ufe0f|game duwa\n|\n|t:|1683945696\n|start\n|switch|p1a: c|Ceruledge, L50, F|100\/100\n|switch|p1b: a|Armarouge, L50, F|100\/100\n|switch|p2a: Indeedee|Indeedee-F, L50, F|100\/100\n|switch|p2b: Gholdengo|Gholdengo, L50|100\/100\n|-fieldstart|move: Psychic Terrain|[from] ability: Psychic Surge|[of] p2a: Indeedee\n|-enditem|p2a: Indeedee|Psychic Seed\n|-boost|p2a: Indeedee|spd|1|[from] item: Psychic Seed\n|turn|1\n|\n|t:|1683945705\n|move|p2a: Indeedee|Follow Me|p2a: Indeedee\n|-singleturn|p2a: Indeedee|move: Follow Me\n|move|p1b: a|Expanding Force|p2a: Indeedee|[spread] p2a,p2b\n|-resisted|p2a: Indeedee\n|-resisted|p2b: Gholdengo\n|-damage|p2a: Indeedee|78\/100\n|-damage|p2b: Gholdengo|70\/100\n|move|p2b: Gholdengo|Shadow Ball|p1b: a\n|-supereffective|p1b: a\n|-damage|p1b: a|0 fnt\n|faint|p1b: a\n|-damage|p2b: Gholdengo|60\/100|[from] item: Life Orb\n|move|p1a: c|Bitter Blade|p2a: Indeedee\n|-damage|p2a: Indeedee|39\/100\n|\n|upkeep\n|\n|t:|1683945719\n|switch|p1b: i|Indeedee-F, L50, F|100\/100\n|turn|2\n|\n|t:|1683945727\n|-terastallize|p1a: c|Steel\n|move|p2a: Indeedee|Follow Me|p2a: Indeedee\n|-singleturn|p2a: Indeedee|move: Follow Me\n|move|p2b: Gholdengo|Nasty Plot|p2b: Gholdengo\n|-boost|p2b: Gholdengo|spa|2\n|move|p1a: c|Bitter Blade|p2a: Indeedee\n|-damage|p2a: Indeedee|0 fnt\n|faint|p2a: Indeedee\n|move|p1b: i|Psychic|p2b: Gholdengo\n|-resisted|p2b: Gholdengo\n|-damage|p2b: Gholdengo|42\/100\n|\n|upkeep\n|\n|t:|1683945747\n|switch|p2a: Azumarill|Azumarill, L50, M|100\/100\n|turn|3\n|\n|t:|1683945759\n|move|p2b: Gholdengo|Protect|p2b: Gholdengo\n|-singleturn|p2b: Gholdengo|Protect\n|move|p1b: i|Protect|p1b: i\n|-singleturn|p1b: i|Protect\n|move|p1a: c|Bitter Blade|p2b: Gholdengo\n|-activate|p2b: Gholdengo|move: Protect\n|move|p2a: Azumarill|Brick Break|p1a: c\n|-supereffective|p1a: c\n|-damage|p1a: c|29\/100\n|\n|upkeep\n|turn|4\n|\n|t:|1683945774\n|-terastallize|p2b: Gholdengo|Steel\n|move|p1a: c|Protect|p1a: c\n|-singleturn|p1a: c|Protect\n|move|p2b: Gholdengo|Make It Rain|p1a: c|[spread] p1b\n|-activate|p1a: c|move: Protect\n|-damage|p1b: i|0 fnt\n|-unboost|p2b: Gholdengo|spa|1\n|faint|p1b: i\n|-damage|p2b: Gholdengo|32\/100|[from] item: Life Orb\n|move|p2a: Azumarill|Liquidation|p1a: c\n|-activate|p1a: c|move: Protect\n|\n|upkeep\n|\n|t:|1683945787\n|switch|p1b: h|Hawlucha, L50, M|100\/100\n|-enditem|p1b: h|Psychic Seed\n|-boost|p1b: h|spd|1|[from] item: Psychic Seed\n|turn|5\n|\n|t:|1683945802\n|switch|p2a: Arcanine|Arcanine, L50, F|100\/100\n|-ability|p2a: Arcanine|Intimidate|boost\n|-fail|p1a: c|unboost|[from] item: Clear Amulet|[of] p1a: c\n|-unboost|p1b: h|atk|1\n|move|p2b: Gholdengo|Protect|p2b: Gholdengo\n|-singleturn|p2b: Gholdengo|Protect\n|move|p1b: h|Swords Dance|p1b: h\n|-boost|p1b: h|atk|2\n|move|p1a: c|Bitter Blade|p2b: Gholdengo\n|-activate|p2b: Gholdengo|move: Protect\n|\n|-fieldend|move: Psychic Terrain\n|upkeep\n|turn|6\n|\n|t:|1683945831\n|move|p1b: h|Close Combat|p2b: Gholdengo\n|-supereffective|p2b: Gholdengo\n|-damage|p2b: Gholdengo|0 fnt\n|-unboost|p1b: h|def|1\n|-unboost|p1b: h|spd|1\n|faint|p2b: Gholdengo\n|move|p2a: Arcanine|Will-O-Wisp|p1b: h\n|-status|p1b: h|brn\n|move|p1a: c|Bulk Up|p1a: c\n|-boost|p1a: c|atk|1\n|-boost|p1a: c|def|1\n|\n|-damage|p1b: h|95\/100 brn|[from] brn\n|upkeep\n|\n|t:|1683945841\n|switch|p2b: Azumarill|Azumarill, L50, M|100\/100\n|turn|7\n|\n|t:|1683945862\n|move|p2b: Azumarill|Aqua Jet|p1a: c\n|-damage|p1a: c|8\/100\n|move|p1b: h|Acrobatics|p2b: Azumarill\n|-damage|p2b: Azumarill|64\/100\n|move|p2a: Arcanine|Snarl|p1b: h|[spread] p1a,p1b\n|-resisted|p1b: h\n|-damage|p1a: c|0 fnt\n|-damage|p1b: h|88\/100 brn\n|-unboost|p1b: h|spa|1\n|faint|p1a: c\n|\n|-damage|p1b: h|82\/100 brn|[from] brn\n|upkeep\n|turn|8\n|c|\u2606Aldrich DL|oof\n|c|\u2606Aldrich DL|ggs\n|-message|Aldrich DL forfeited.\n|\n|win|sahabatGOMBA\u2714\ufe0f\n|c|\u2606sahabatGOMBA\u2714\ufe0f|post dl bntr\n|l|\u2606Aldrich DL\n","uploadtime":1683945902,"views":16,"p1id":"aldrichdl","p2id":"sahabatgomba","formatid":"gen9vgc2023regulationc","rating":0,"private":0,"password":""}