{"id":"gen9vgc2023regulationc-1858909261","p1":"PokeReplaysVGC","p2":"Animod2","format":"[Gen 9] VGC 2023 Regulation C","log":"|j|\u2606PokeReplaysVGC\n|j|\u2606Animod2\n|t:|1683382160\n|gametype|doubles\n|player|p1|PokeReplaysVGC|169|\n|player|p2|Animod2|scientist|\n|teamsize|p1|6\n|teamsize|p2|6\n|gen|9\n|tier|[Gen 9] VGC 2023 Regulation C\n|rule|Species Clause: Limit one of each Pok\u00e9mon\n|rule|Item Clause: Limit one of each item\n|clearpoke\n|poke|p1|Iron Bundle, L50|\n|poke|p1|Abomasnow, L50, M|\n|poke|p1|Talonflame, L50, M|\n|poke|p1|Great Tusk, L50|\n|poke|p1|Flutter Mane, L50|\n|poke|p1|Arcanine, L50, M|\n|poke|p2|Iron Bundle, L50|\n|poke|p2|Chi-Yu, L50|\n|poke|p2|Iron Hands, L50|\n|poke|p2|Amoonguss, L50, M|\n|poke|p2|Gyarados, L50, M|\n|poke|p2|Bronzong, L50|\n|teampreview|4\nPokeReplaysVGC has agreed to open team sheets.\nAnimod2 has agreed to open team sheets.\n|inactive|Battle timer is ON: inactive players will automatically lose when time's up. (requested by PokeReplaysVGC)\n|inactive|PokeReplaysVGC has 60 seconds left.\n|inactive|Animod2 has 60 seconds left.\n|\n|t:|1683382237\n|start\n|switch|p1a: Iron Bundle|Iron Bundle, L50|100\/100\n|switch|p1b: Flutter Mane|Flutter Mane, L50|100\/100\n|switch|p2a: Iron Hands|Iron Hands, L50|100\/100\n|switch|p2b: Chi-Yu|Chi-Yu, L50|100\/100\n|-ability|p2b: Chi-Yu|Beads of Ruin\n|-enditem|p1a: Iron Bundle|Booster Energy\n|-activate|p1a: Iron Bundle|ability: Quark Drive|[fromitem]\n|-start|p1a: Iron Bundle|quarkdrivespe\n|turn|1\n|inactive|PokeReplaysVGC has 30 seconds left.\n|inactive|Animod2 has 30 seconds left.\n|inactive|PokeReplaysVGC has 20 seconds left.\n|inactive|Animod2 has 20 seconds left.\n|inactive|PokeReplaysVGC has 15 seconds left.\n|inactive|Animod2 has 15 seconds left.\n|inactive|PokeReplaysVGC has 10 seconds left.\n|inactive|Animod2 has 10 seconds left.\n|\n|t:|1683382285\n|switch|p2b: Bronzong|Bronzong, L50|100\/100\n|-terastallize|p1a: Iron Bundle|Ghost\n|-terastallize|p2a: Iron Hands|Grass\n|move|p1a: Iron Bundle|Hydro Pump|p2b: Bronzong\n|-damage|p2b: Bronzong|57\/100\n|move|p1b: Flutter Mane|Moonblast|p2b: Bronzong\n|-resisted|p2b: Bronzong\n|-damage|p2b: Bronzong|29\/100\n|-unboost|p2b: Bronzong|spa|1\n|move|p2a: Iron Hands|Wild Charge|p1b: Flutter Mane\n|-damage|p1b: Flutter Mane|25\/100\n|-damage|p2a: Iron Hands|89\/100|[from] Recoil\n|\n|-heal|p2b: Bronzong|35\/100|[from] item: Leftovers\n|upkeep\n|turn|2\n|inactive|PokeReplaysVGC has 30 seconds left.\n|inactive|Animod2 has 30 seconds left.\n|\n|t:|1683382311\n|-end|p1b: Flutter Mane|Protosynthesis|[silent]\n|switch|p1b: Arcanine|Arcanine, L50, M|100\/100\n|-ability|p1b: Arcanine|Intimidate|boost\n|-unboost|p2a: Iron Hands|atk|1\n|-unboost|p2b: Bronzong|atk|1\n|move|p1a: Iron Bundle|Hydro Pump|p2b: Bronzong\n|-damage|p2b: Bronzong|0 fnt\n|faint|p2b: Bronzong\n|move|p2a: Iron Hands|Wild Charge|p1b: Arcanine\n|-damage|p1b: Arcanine|60\/100\n|-damage|p2a: Iron Hands|81\/100|[from] Recoil\n|\n|upkeep\n|\n|t:|1683382330\n|switch|p2b: Iron Bundle|Iron Bundle, L50|100\/100\n|-enditem|p2b: Iron Bundle|Booster Energy\n|-activate|p2b: Iron Bundle|ability: Quark Drive|[fromitem]\n|-start|p2b: Iron Bundle|quarkdrivespe\n|turn|3\n|inactive|Animod2 has 30 seconds left.\n|\n|t:|1683382361\n|switch|p1b: Abomasnow|Abomasnow, L50, M|100\/100\n|-weather|Snow|[from] ability: Snow Warning|[of] p1b: Abomasnow\n|move|p1a: Iron Bundle|Protect|p1a: Iron Bundle\n|-singleturn|p1a: Iron Bundle|Protect\n|move|p2b: Iron Bundle|Icy Wind|p1a: Iron Bundle|[spread] p1b\n|-activate|p1a: Iron Bundle|move: Protect\n|-crit|p1b: Abomasnow\n|-damage|p1b: Abomasnow|65\/100\n|-unboost|p1b: Abomasnow|spe|1\n|move|p2a: Iron Hands|Volt Switch|p1a: Iron Bundle\n|-activate|p1a: Iron Bundle|move: Protect\n|\n|-weather|Snow|[upkeep]\n|upkeep\n|turn|4\n|inactive|PokeReplaysVGC has 30 seconds left.\n|inactive|Animod2 has 30 seconds left.\n|inactive|Animod2 has 20 seconds left.\n|\n|t:|1683382396\n|move|p2b: Iron Bundle|Icy Wind|p1b: Abomasnow|[spread] p1a,p1b\n|-damage|p1a: Iron Bundle|60\/100\n|-damage|p1b: Abomasnow|41\/100\n|-unboost|p1a: Iron Bundle|spe|1\n|-unboost|p1b: Abomasnow|spe|1\n|move|p1a: Iron Bundle|Blizzard|p2a: Iron Hands|[spread] p2a,p2b\n|-supereffective|p2a: Iron Hands\n|-resisted|p2b: Iron Bundle\n|-damage|p2a: Iron Hands|39\/100\n|-damage|p2b: Iron Bundle|82\/100\n|move|p2a: Iron Hands|Drain Punch|p1b: Abomasnow\n|-supereffective|p1b: Abomasnow\n|-damage|p1b: Abomasnow|0 fnt\n|-heal|p2a: Iron Hands|53\/100|[from] drain|[of] p1b: Abomasnow\n|faint|p1b: Abomasnow\n|\n|-weather|Snow|[upkeep]\n|upkeep\n|\n|t:|1683382409\n|switch|p1b: Arcanine|Arcanine, L50, M|60\/100\n|-ability|p1b: Arcanine|Intimidate|boost\n|-unboost|p2a: Iron Hands|atk|1\n|-unboost|p2b: Iron Bundle|atk|1\n|turn|5\n|inactive|Animod2 has 30 seconds left.\n|\n|t:|1683382442\n|move|p1b: Arcanine|Protect|p1b: Arcanine\n|-singleturn|p1b: Arcanine|Protect\n|move|p2b: Iron Bundle|Icy Wind|p1b: Arcanine|[spread] \n|-activate|p1b: Arcanine|move: Protect\n|-miss|p2b: Iron Bundle|p1a: Iron Bundle\n|move|p1a: Iron Bundle|Freeze-Dry|p2b: Iron Bundle\n|-damage|p2b: Iron Bundle|8\/100\n|move|p2a: Iron Hands|Drain Punch|p1b: Arcanine\n|-activate|p1b: Arcanine|move: Protect\n|\n|-weather|Snow|[upkeep]\n|upkeep\n|turn|6\n|inactive|Animod2 has 30 seconds left.\n|\n|t:|1683382473\n|move|p2b: Iron Bundle|Protect|p2b: Iron Bundle\n|-singleturn|p2b: Iron Bundle|Protect\n|move|p1b: Arcanine|Extreme Speed|p2b: Iron Bundle\n|-activate|p2b: Iron Bundle|move: Protect\n|move|p1a: Iron Bundle|Blizzard|p2a: Iron Hands|[spread] p2a\n|-activate|p2b: Iron Bundle|move: Protect\n|-supereffective|p2a: Iron Hands\n|-damage|p2a: Iron Hands|11\/100\n|move|p2a: Iron Hands|Volt Switch|p1a: Iron Bundle\n|-damage|p1a: Iron Bundle|32\/100\n|\n|t:|1683382485\n|-end|p2a: Iron Hands|Quark Drive|[silent]\n|switch|p2a: Chi-Yu|Chi-Yu, L50|100\/100|[from] Volt Switch\n|-ability|p2a: Chi-Yu|Beads of Ruin\n|\n|-weather|Snow|[upkeep]\n|upkeep\n|turn|7\n|\n|t:|1683382509\n|-end|p2b: Iron Bundle|Quark Drive|[silent]\n|switch|p2b: Iron Hands|Iron Hands, L50, tera:Grass|11\/100\n|move|p1b: Arcanine|Extreme Speed|p2b: Iron Hands\n|-damage|p2b: Iron Hands|0 fnt\n|faint|p2b: Iron Hands\n|-end|p2b: Iron Hands|Quark Drive|[silent]\n|move|p1a: Iron Bundle|Hydro Pump|p2a: Chi-Yu\n|-supereffective|p2a: Chi-Yu\n|-damage|p2a: Chi-Yu|0 fnt\n|faint|p2a: Chi-Yu\n|\n|-weather|none\n|upkeep\n|\n|t:|1683382524\n|switch|p2a: Iron Bundle|Iron Bundle, L50|8\/100\n|turn|8\n|\n|t:|1683382534\n|move|p1b: Arcanine|Extreme Speed|p2a: Iron Bundle\n|-damage|p2a: Iron Bundle|0 fnt\n|faint|p2a: Iron Bundle\n|-end|p2a: Iron Bundle|Quark Drive|[silent]\n|\n|win|PokeReplaysVGC\n|c|\u2606PokeReplaysVGC|gg\n","uploadtime":1683382541,"views":6,"p1id":"pokereplaysvgc","p2id":"animod2","formatid":"gen9vgc2023regulationc","rating":0,"private":0,"password":""}