{"id":"gen9vgc2023regulationc-1859937823","p1":"AndrwApple","p2":"KevinATL","format":"[Gen 9] VGC 2023 Regulation C","log":"|j|\u2606AndrwApple\n|j|\u2606KevinATL\n|t:|1683577449\n|gametype|doubles\n|player|p1|AndrwApple|jasmine-masters2|\n|player|p2|KevinATL|266|\n|teamsize|p1|6\n|teamsize|p2|6\n|gen|9\n|tier|[Gen 9] VGC 2023 Regulation C\n|rule|Species Clause: Limit one of each Pok\u00e9mon\n|rule|Item Clause: Limit one of each item\n|clearpoke\n|poke|p1|Arcanine, L50, M|\n|poke|p1|Amoonguss, L50, M|\n|poke|p1|Garganacl, L50, F|\n|poke|p1|Palafin, L50, F|\n|poke|p1|Chien-Pao, L50|\n|poke|p1|Dragonite, L50, M|\n|poke|p2|Palafin, L50, F|\n|poke|p2|Scream Tail, L50|\n|poke|p2|Flutter Mane, L50|\n|poke|p2|Amoonguss, L50, M|\n|poke|p2|Arcanine, L50, M|\n|poke|p2|Gothitelle, L50, F|\n|teampreview|4\nKevinATL has agreed to open team sheets.\n|\n|t:|1683577483\n|start\n|switch|p1a: Chien-Pao|Chien-Pao, L50|100\/100\n|switch|p1b: Palafin|Palafin, L50, F|100\/100\n|switch|p2a: INEEDAHERO|Palafin, L50, F|100\/100\n|switch|p2b: EEEEEEEEEEEE|Flutter Mane, L50|100\/100\n|-ability|p1a: Chien-Pao|Sword of Ruin\n|turn|1\n|\n|t:|1683577537\n|-terastallize|p2a: INEEDAHERO|Water\n|move|p2a: INEEDAHERO|Jet Punch|p1b: Palafin\n|-resisted|p1b: Palafin\n|-damage|p1b: Palafin|73\/100\n|move|p1a: Chien-Pao|Throat Chop|p2b: EEEEEEEEEEEE\n|-enditem|p2b: EEEEEEEEEEEE|Focus Sash\n|-damage|p2b: EEEEEEEEEEEE|1\/100\n|-start|p2b: EEEEEEEEEEEE|Throat Chop|[silent]\n|move|p2b: EEEEEEEEEEEE|Moonblast|p1a: Chien-Pao\n|-supereffective|p1a: Chien-Pao\n|-enditem|p1a: Chien-Pao|Focus Sash\n|-damage|p1a: Chien-Pao|1\/100\n|-unboost|p1a: Chien-Pao|spa|1\n|move|p1b: Palafin|Focus Energy|p1b: Palafin\n|-start|p1b: Palafin|move: Focus Energy\n|\n|upkeep\n|turn|2\n|\n|t:|1683577564\n|move|p2b: EEEEEEEEEEEE|Protect|p2b: EEEEEEEEEEEE\n|-singleturn|p2b: EEEEEEEEEEEE|Protect\n|move|p1a: Chien-Pao|Sucker Punch|p2a: INEEDAHERO\n|-damage|p2a: INEEDAHERO|45\/100\n|move|p2a: INEEDAHERO|Jet Punch|p1a: Chien-Pao\n|-damage|p1a: Chien-Pao|0 fnt\n|faint|p1a: Chien-Pao\n|move|p1b: Palafin|Jet Punch|p2b: EEEEEEEEEEEE\n|-activate|p2b: EEEEEEEEEEEE|move: Protect\n|\n|-end|p2b: EEEEEEEEEEEE|Throat Chop|[silent]\n|upkeep\n|\n|t:|1683577573\n|switch|p1a: Menzart|Dragonite, L50, M|100\/100\n|turn|3\n|\n|t:|1683577588\n|-end|p2b: EEEEEEEEEEEE|Protosynthesis|[silent]\n|switch|p2b: AWOOOOOOOOOO|Arcanine, L50, M|100\/100\n|-ability|p2b: AWOOOOOOOOOO|Intimidate|boost\n|-unboost|p1a: Menzart|atk|1\n|-unboost|p1b: Palafin|atk|1\n|detailschange|p2a: INEEDAHERO|Palafin-Hero, L50, F, tera:Water\n|switch|p2a: AMOGUS|Amoonguss, L50, M|100\/100\n|move|p1a: Menzart|Extreme Speed|p2a: AMOGUS\n|-damage|p2a: AMOGUS|81\/100\n|move|p1b: Palafin|Jet Punch|p2b: AWOOOOOOOOOO\n|-supereffective|p2b: AWOOOOOOOOOO\n|-crit|p2b: AWOOOOOOOOOO\n|-damage|p2b: AWOOOOOOOOOO|20\/100\n|\n|upkeep\n|turn|4\n|c|\u2606KevinATL|que estupido, el cambio era al revez\n|c|\u2606KevinATL|jakdjsakdjasd\n|\n|t:|1683577628\n|switch|p1a: Arcanine|Arcanine, L50, M|100\/100\n|-ability|p1a: Arcanine|Intimidate|boost\n|-unboost|p2a: AMOGUS|atk|1\n|-unboost|p2b: AWOOOOOOOOOO|atk|1\n|move|p2b: AWOOOOOOOOOO|Protect|p2b: AWOOOOOOOOOO\n|-singleturn|p2b: AWOOOOOOOOOO|Protect\n|move|p1b: Palafin|Protect|p1b: Palafin\n|-singleturn|p1b: Palafin|Protect\n|move|p2a: AMOGUS|Spore|p1b: Palafin\n|-activate|p1b: Palafin|move: Protect\n|\n|upkeep\n|turn|5\n|\n|t:|1683577657\n|move|p2b: AWOOOOOOOOOO|Extreme Speed|p1a: Arcanine\n|-damage|p1a: Arcanine|84\/100\n|move|p1b: Palafin|Jet Punch|p2b: AWOOOOOOOOOO\n|-supereffective|p2b: AWOOOOOOOOOO\n|-crit|p2b: AWOOOOOOOOOO\n|-damage|p2b: AWOOOOOOOOOO|0 fnt\n|faint|p2b: AWOOOOOOOOOO\n|move|p1a: Arcanine|Flare Blitz|p2a: AMOGUS\n|-supereffective|p2a: AMOGUS\n|-damage|p2a: AMOGUS|0 fnt\n|faint|p2a: AMOGUS\n|-damage|p1a: Arcanine|54\/100|[from] Recoil\n|\n|upkeep\n|\n|t:|1683577667\n|switch|p2b: INEEDAHERO|Palafin-Hero, L50, F, tera:Water|45\/100\n|switch|p2a: EEEEEEEEEEEE|Flutter Mane, L50|1\/100\n|-activate|p2b: INEEDAHERO|ability: Zero to Hero\n|turn|6\n|\n|t:|1683577691\n|-terastallize|p1b: Palafin|Water\n|move|p1a: Arcanine|Extreme Speed|p2b: INEEDAHERO\n|-damage|p2b: INEEDAHERO|22\/100\n|move|p2b: INEEDAHERO|Jet Punch|p1a: Arcanine\n|-supereffective|p1a: Arcanine\n|-damage|p1a: Arcanine|0 fnt\n|faint|p1a: Arcanine\n|move|p1b: Palafin|Jet Punch|p2b: INEEDAHERO\n|-resisted|p2b: INEEDAHERO\n|-crit|p2b: INEEDAHERO\n|-damage|p2b: INEEDAHERO|0 fnt\n|faint|p2b: INEEDAHERO\n|move|p2a: EEEEEEEEEEEE|Moonblast|p1b: Palafin\n|-damage|p1b: Palafin|7\/100\n|-unboost|p1b: Palafin|spa|1\n|\n|upkeep\n|\n|t:|1683577699\n|switch|p1a: Menzart|Dragonite, L50, M|100\/100\n|turn|7\n|\n|t:|1683577707\n|move|p1b: Palafin|Jet Punch|p2a: EEEEEEEEEEEE\n|-crit|p2a: EEEEEEEEEEEE\n|-damage|p2a: EEEEEEEEEEEE|0 fnt\n|faint|p2a: EEEEEEEEEEEE\n|-end|p2a: EEEEEEEEEEEE|Protosynthesis|[silent]\n|\n|win|AndrwApple\n|c|\u2606AndrwApple|gg\n","uploadtime":1683577720,"views":14,"p1id":"andrwapple","p2id":"kevinatl","formatid":"gen9vgc2023regulationc","rating":0,"private":0,"password":""}