{"id":"gen9vgc2023regulationc-1854332670","p1":"Jscoot12","p2":"Nxksnx","format":"[Gen 9] VGC 2023 Regulation C","log":"|j|\u2606Jscoot12\n|j|\u2606Nxksnx\n|t:|1682798058\n|gametype|doubles\n|player|p1|Jscoot12|265|1238\n|player|p2|Nxksnx|2|1162\n|teamsize|p1|6\n|teamsize|p2|6\n|gen|9\n|tier|[Gen 9] VGC 2023 Regulation C\n|rated|\n|rule|Species Clause: Limit one of each Pok\u00e9mon\n|rule|Item Clause: Limit one of each item\n|clearpoke\n|poke|p1|Orthworm, L50, F|\n|poke|p1|Dragonite, L50, F|\n|poke|p1|Flutter Mane, L50|\n|poke|p1|Chi-Yu, L50|\n|poke|p1|Gastrodon-East, L50, M|\n|poke|p1|Baxcalibur, L50, M|\n|poke|p2|Lilligant, L50, F|\n|poke|p2|Torkoal, L50, M|\n|poke|p2|Flutter Mane, L50|\n|poke|p2|Great Tusk, L50|\n|poke|p2|Iron Hands, L50|\n|poke|p2|Chien-Pao, L50|\n|teampreview|4\n|l|\u2606Jscoot12\n|player|p1|\n|j|\u2606Jscoot12\n|player|p1|Jscoot12|265\n|inactive|Battle timer is ON: inactive players will automatically lose when time's up. (requested by Nxksnx)\n|\n|t:|1682798120\n|start\n|switch|p1a: Chi-Yu|Chi-Yu, L50|100\/100\n|switch|p1b: Flutter Mane|Flutter Mane, L50|100\/100\n|switch|p2a: Torkoal|Torkoal, L50, M|100\/100\n|switch|p2b: Lilligant|Lilligant, L50, F|100\/100\n|-ability|p1a: Chi-Yu|Beads of Ruin\n|-weather|SunnyDay|[from] ability: Drought|[of] p2a: Torkoal\n|-activate|p1b: Flutter Mane|ability: Protosynthesis\n|-start|p1b: Flutter Mane|protosynthesisspe\n|turn|1\n|\n|t:|1682798140\n|move|p1b: Flutter Mane|Protect|p1b: Flutter Mane\n|-singleturn|p1b: Flutter Mane|Protect\n|move|p2a: Torkoal|Protect|p2a: Torkoal\n|-singleturn|p2a: Torkoal|Protect\n|move|p2b: Lilligant|Sleep Powder|p1a: Chi-Yu\n|-status|p1a: Chi-Yu|slp|[from] move: Sleep Powder\n|cant|p1a: Chi-Yu|slp\n|\n|-weather|SunnyDay|[upkeep]\n|upkeep\n|turn|2\n|inactive|Jscoot12 has 30 seconds left.\n|inactive|Jscoot12 has 20 seconds left.\n|inactive|Jscoot12 has 15 seconds left.\n|inactive|Jscoot12 has 10 seconds left.\n|\n|t:|1682798189\n|move|p2b: Lilligant|After You|p2a: Torkoal\n|-activate|p2a: Torkoal|move: After You\n|move|p2a: Torkoal|Eruption|p1a: Chi-Yu|[spread] p1a,p1b\n|-resisted|p1a: Chi-Yu\n|-damage|p1a: Chi-Yu|61\/100 slp\n|-damage|p1b: Flutter Mane|0 fnt\n|faint|p1b: Flutter Mane\n|-end|p1b: Flutter Mane|Protosynthesis|[silent]\n|-curestatus|p1a: Chi-Yu|slp|[msg]\n|move|p1a: Chi-Yu|Heat Wave|p2a: Torkoal|[spread] p2a,p2b\n|-resisted|p2a: Torkoal\n|-supereffective|p2b: Lilligant\n|-damage|p2a: Torkoal|24\/100\n|-enditem|p2b: Lilligant|Focus Sash\n|-damage|p2b: Lilligant|1\/100\n|\n|-weather|SunnyDay|[upkeep]\n|upkeep\n|\n|t:|1682798205\n|switch|p1b: Orthworm|Orthworm, L50, F|100\/100\n|turn|3\n|\n|t:|1682798216\n|-terastallize|p1a: Chi-Yu|Grass\n|move|p2b: Lilligant|After You|p2a: Torkoal\n|-activate|p2a: Torkoal|move: After You\n|move|p2a: Torkoal|Flamethrower|p1b: Orthworm\n|-supereffective|p1b: Orthworm\n|-damage|p1b: Orthworm|0 fnt\n|faint|p1b: Orthworm\n|move|p1a: Chi-Yu|Heat Wave|p2b: Lilligant|[spread] p2a,p2b\n|-resisted|p2a: Torkoal\n|-supereffective|p2b: Lilligant\n|-damage|p2a: Torkoal|0 fnt\n|-damage|p2b: Lilligant|0 fnt\n|faint|p2a: Torkoal\n|faint|p2b: Lilligant\n|\n|-weather|SunnyDay|[upkeep]\n|upkeep\n|\n|t:|1682798232\n|switch|p2b: Flutter Mane|Flutter Mane, L50|100\/100\n|switch|p1b: Baxcalibur|Baxcalibur, L50, M|100\/100\n|switch|p2a: Great Tusk|Great Tusk, L50|100\/100\n|-activate|p2a: Great Tusk|ability: Protosynthesis\n|-start|p2a: Great Tusk|protosynthesisatk\n|-activate|p2b: Flutter Mane|ability: Protosynthesis\n|-start|p2b: Flutter Mane|protosynthesisspa\n|turn|4\n|inactive|Nxksnx has 30 seconds left.\n|\n|t:|1682798257\n|-terastallize|p2b: Flutter Mane|Fairy\n|move|p1b: Baxcalibur|Protect|p1b: Baxcalibur\n|-singleturn|p1b: Baxcalibur|Protect\n|move|p2a: Great Tusk|Headlong Rush|p1b: Baxcalibur\n|-activate|p1b: Baxcalibur|move: Protect\n|move|p2b: Flutter Mane|Dazzling Gleam|p1b: Baxcalibur|[spread] p1a\n|-activate|p1b: Baxcalibur|move: Protect\n|-damage|p1a: Chi-Yu|0 fnt\n|faint|p1a: Chi-Yu\n|\n|-weather|SunnyDay|[upkeep]\n|upkeep\n|turn|5\n|inactive|Jscoot12 has 30 seconds left.\n|inactive|Jscoot12 has 20 seconds left.\n|l|\u2606Jscoot12\n|inactive|Jscoot12 disconnected and has a minute to reconnect!\n|player|p1|\n|inactive|Jscoot12 has 15 seconds left.\n|inactive|Jscoot12 has 10 seconds left.\n|j|\u2606Jscoot12\n|inactive|Jscoot12 reconnected and has 10 seconds left.\n|player|p1|Jscoot12|265\n|inactive|Jscoot12 has 5 seconds left.\n|\n|t:|1682798308\n|move|p2a: Great Tusk|Headlong Rush|p1b: Baxcalibur\n|-damage|p1b: Baxcalibur|16\/100\n|-unboost|p2a: Great Tusk|def|1\n|-unboost|p2a: Great Tusk|spd|1\n|move|p2b: Flutter Mane|Dazzling Gleam|p1b: Baxcalibur\n|-supereffective|p1b: Baxcalibur\n|-damage|p1b: Baxcalibur|0 fnt\n|faint|p1b: Baxcalibur\n|\n|win|Nxksnx\n|raw|Jscoot12's rating: 1238 → 1208<\/strong> (-30 for losing)\n|raw|Nxksnx's rating: 1162 → 1192<\/strong> (+30 for winning)\n","uploadtime":1682798320,"views":21,"p1id":"jscoot12","p2id":"nxksnx","formatid":"gen9vgc2023regulationc","rating":1192,"private":0,"password":""}