{"id":"gen9vgc2023regulationc-1845895149","p1":"MintChocolateGuy","p2":"Keveloper","format":"[Gen 9] VGC 2023 Regulation C","log":"|j|\u2606MintChocolateGuy\n|j|\u2606Keveloper\n|t:|1681776455\n|gametype|doubles\n|player|p1|MintChocolateGuy|gambler|1407\n|player|p2|Keveloper|lucas|1487\n|teamsize|p1|6\n|teamsize|p2|6\n|gen|9\n|tier|[Gen 9] VGC 2023 Regulation C\n|rated|\n|rule|Species Clause: Limit one of each Pok\u00e9mon\n|rule|Item Clause: Limit one of each item\n|clearpoke\n|poke|p1|Grimmsnarl, L50, M|\n|poke|p1|Arcanine, L50, F|\n|poke|p1|Iron Hands, L50|\n|poke|p1|Gastrodon-East, L50, M|\n|poke|p1|Sylveon, L50, F|\n|poke|p1|Corviknight, L50, F|\n|poke|p2|Orthworm, L50, F|\n|poke|p2|Dragonite, L50, F|\n|poke|p2|Ting-Lu, L50|\n|poke|p2|Gyarados, L50, M|\n|poke|p2|Flutter Mane, L50|\n|poke|p2|Chien-Pao, L50|\n|teampreview|4\n|inactive|Battle timer is ON: inactive players will automatically lose when time's up. (requested by MintChocolateGuy)\n|inactive|Keveloper has 60 seconds left.\n|inactive|MintChocolateGuy has 60 seconds left.\n|\n|t:|1681776500\n|start\n|switch|p1a: Grimmsnarl|Grimmsnarl, L50, M|100\/100\n|switch|p1b: Arcanine|Arcanine, L50, F|100\/100\n|switch|p2a: Orthworm|Orthworm, L50, F|100\/100\n|switch|p2b: Ting-Lu|Ting-Lu, L50|100\/100\n|-ability|p1b: Arcanine|Intimidate|boost\n|-unboost|p2a: Orthworm|atk|1\n|-unboost|p2b: Ting-Lu|atk|1\n|-ability|p2b: Ting-Lu|Vessel of Ruin\n|turn|1\n|\n|t:|1681776522\n|-terastallize|p1b: Arcanine|Grass\n|move|p1a: Grimmsnarl|Reflect|p1a: Grimmsnarl\n|-sidestart|p1: MintChocolateGuy|Reflect\n|move|p1b: Arcanine|Flare Blitz|p2a: Orthworm\n|-supereffective|p2a: Orthworm\n|-damage|p2a: Orthworm|34\/100\n|-enditem|p2a: Orthworm|Sitrus Berry|[eat]\n|-heal|p2a: Orthworm|59\/100|[from] item: Sitrus Berry\n|-damage|p1b: Arcanine|81\/100|[from] Recoil\n|move|p2b: Ting-Lu|Earthquake|p1a: Grimmsnarl|[spread] p1a,p1b\n|-heal|p2a: Orthworm|84\/100|[from] ability: Earth Eater|[of] p2b: Ting-Lu\n|-resisted|p1b: Arcanine\n|-damage|p1a: Grimmsnarl|79\/100\n|-damage|p1b: Arcanine|68\/100\n|move|p2a: Orthworm|Shed Tail|p2a: Orthworm\n|-start|p2a: Orthworm|Substitute|[from] move: Shed Tail\n|-damage|p2a: Orthworm|34\/100\n|\n|t:|1681776535\n|switch|p2a: Dragonite|Dragonite, L50, F|100\/100|[from] Shed Tail\n|\n|upkeep\n|turn|2\n|\n|t:|1681776548\n|switch|p2b: Gyarados|Gyarados, L50, M|100\/100\n|-ability|p2b: Gyarados|Intimidate|boost\n|-unboost|p1a: Grimmsnarl|atk|1\n|-unboost|p1b: Arcanine|atk|1\n|move|p2a: Dragonite|Dragon Dance|p2a: Dragonite\n|-boost|p2a: Dragonite|atk|1\n|-boost|p2a: Dragonite|spe|1\n|move|p1b: Arcanine|Flare Blitz|p2b: Gyarados\n|-resisted|p2b: Gyarados\n|-damage|p2b: Gyarados|84\/100\n|-damage|p1b: Arcanine|63\/100|[from] Recoil\n|move|p1a: Grimmsnarl|Spirit Break|p2a: Dragonite\n|-supereffective|p2a: Dragonite\n|-activate|p2a: Dragonite|move: Substitute|[damage]\n|\n|upkeep\n|turn|3\n|inactive|Keveloper has 30 seconds left.\n|\n|t:|1681776575\n|-terastallize|p2a: Dragonite|Flying\n|move|p1b: Arcanine|Extreme Speed|p2a: Dragonite\n|-end|p2a: Dragonite|Substitute\n|move|p1a: Grimmsnarl|Misty Terrain|p1a: Grimmsnarl\n|-fieldstart|move: Misty Terrain\n|move|p2a: Dragonite|Tera Blast|p1b: Arcanine\n|-supereffective|p1b: Arcanine\n|-damage|p1b: Arcanine|0 fnt\n|faint|p1b: Arcanine\n|move|p2b: Gyarados|Taunt|p1a: Grimmsnarl\n|-start|p1a: Grimmsnarl|move: Taunt\n|\n|upkeep\n|\n|t:|1681776586\n|switch|p1b: Gastrodon|Gastrodon-East, L50, M|100\/100\n|turn|4\n|\n|t:|1681776594\n|switch|p2b: Orthworm|Orthworm, L50, F|34\/100\n|move|p2a: Dragonite|Earthquake|p1a: Grimmsnarl|[spread] p1a,p1b\n|-heal|p2b: Orthworm|59\/100|[from] ability: Earth Eater|[of] p2a: Dragonite\n|-damage|p1a: Grimmsnarl|51\/100\n|-damage|p1b: Gastrodon|75\/100\n|move|p1a: Grimmsnarl|Spirit Break|p2a: Dragonite\n|-damage|p2a: Dragonite|90\/100\n|-unboost|p2a: Dragonite|spa|1\n|move|p1b: Gastrodon|Muddy Water|p2b: Orthworm|[spread] p2a,p2b\n|-damage|p2a: Dragonite|62\/100\n|-damage|p2b: Orthworm|30\/100\n|-unboost|p2a: Dragonite|accuracy|1\n|\n|upkeep\n|turn|5\n|\n|t:|1681776613\n|switch|p1a: Iron Hands|Iron Hands, L50|100\/100\n|move|p2a: Dragonite|Earthquake|p1a: Iron Hands|[spread] p1a,p1b\n|-heal|p2b: Orthworm|55\/100|[from] ability: Earth Eater|[of] p2a: Dragonite\n|-supereffective|p1a: Iron Hands\n|-damage|p1a: Iron Hands|68\/100\n|-damage|p1b: Gastrodon|52\/100\n|move|p2b: Orthworm|Heavy Slam|p1a: Iron Hands\n|-resisted|p1a: Iron Hands\n|-damage|p1a: Iron Hands|66\/100\n|move|p1b: Gastrodon|Muddy Water|p2b: Orthworm|[spread] p2a,p2b\n|-damage|p2a: Dragonite|34\/100\n|-damage|p2b: Orthworm|20\/100\n|\n|upkeep\n|turn|6\n|inactive|Keveloper has 30 seconds left.\n|inactive|Keveloper has 20 seconds left.\n|\n|t:|1681776650\n|switch|p2b: Gyarados|Gyarados, L50, M|84\/100\n|-ability|p2b: Gyarados|Intimidate|boost\n|-unboost|p1a: Iron Hands|atk|1\n|-unboost|p1b: Gastrodon|atk|1\n|move|p2a: Dragonite|Earthquake|p1a: Iron Hands|[spread] p1a,p1b\n|-immune|p2b: Gyarados\n|-supereffective|p1a: Iron Hands\n|-damage|p1a: Iron Hands|33\/100\n|-damage|p1b: Gastrodon|24\/100\n|-enditem|p1a: Iron Hands|Sitrus Berry|[eat]\n|-heal|p1a: Iron Hands|58\/100|[from] item: Sitrus Berry\n|move|p1a: Iron Hands|Swords Dance|p1a: Iron Hands\n|-boost|p1a: Iron Hands|atk|2\n|move|p1b: Gastrodon|Recover|p1b: Gastrodon\n|-heal|p1b: Gastrodon|75\/100\n|\n|upkeep\n|turn|7\n|\n|t:|1681776673\n|move|p2a: Dragonite|Earthquake|p1a: Iron Hands|[spread] p1a,p1b\n|-immune|p2b: Gyarados\n|-supereffective|p1a: Iron Hands\n|-damage|p1a: Iron Hands|22\/100\n|-damage|p1b: Gastrodon|50\/100\n|move|p2b: Gyarados|Bulldoze|p1b: Gastrodon|[spread] p1a,p1b\n|-immune|p2a: Dragonite\n|-supereffective|p1a: Iron Hands\n|-damage|p1a: Iron Hands|12\/100\n|-damage|p1b: Gastrodon|41\/100\n|-unboost|p1a: Iron Hands|spe|1\n|move|p1b: Gastrodon|Muddy Water|p2a: Dragonite|[spread] p2b\n|-miss|p1b: Gastrodon|p2a: Dragonite\n|-resisted|p2b: Gyarados\n|-damage|p2b: Gyarados|73\/100\n|move|p1a: Iron Hands|Drain Punch|p2a: Dragonite\n|-resisted|p2a: Dragonite\n|-damage|p2a: Dragonite|6\/100\n|-heal|p1a: Iron Hands|22\/100|[from] drain|[of] p2a: Dragonite\n|\n|-fieldend|Misty Terrain\n|upkeep\n|turn|8\n|\n|t:|1681776696\n|switch|p2b: Orthworm|Orthworm, L50, F|20\/100\n|move|p1a: Iron Hands|Protect|p1a: Iron Hands\n|-singleturn|p1a: Iron Hands|Protect\n|move|p2a: Dragonite|Earthquake|p1a: Iron Hands|[spread] \n|-activate|p1a: Iron Hands|move: Protect\n|-heal|p2b: Orthworm|45\/100|[from] ability: Earth Eater|[of] p2a: Dragonite\n|-miss|p2a: Dragonite|p1b: Gastrodon\n|move|p1b: Gastrodon|Recover|p1b: Gastrodon\n|-heal|p1b: Gastrodon|91\/100\n|\n|-sideend|p1: MintChocolateGuy|Reflect\n|upkeep\n|turn|9\n|\n|t:|1681776717\n|move|p2a: Dragonite|Earthquake|p1a: Iron Hands|[spread] p1a,p1b\n|-heal|p2b: Orthworm|70\/100|[from] ability: Earth Eater|[of] p2a: Dragonite\n|-supereffective|p1a: Iron Hands\n|-damage|p1a: Iron Hands|0 fnt\n|-damage|p1b: Gastrodon|52\/100\n|faint|p1a: Iron Hands\n|-end|p1a: Iron Hands|Quark Drive|[silent]\n|move|p2b: Orthworm|Body Press|p1b: Gastrodon\n|-damage|p1b: Gastrodon|25\/100\n|move|p1b: Gastrodon|Muddy Water|p2b: Orthworm|[spread] p2a,p2b\n|-damage|p2a: Dragonite|0 fnt\n|-damage|p2b: Orthworm|35\/100\n|faint|p2a: Dragonite\n|\n|upkeep\n|inactive|Keveloper has 30 seconds left.\n|\n|t:|1681776744\n|switch|p2a: Ting-Lu|Ting-Lu, L50|100\/100\n|switch|p1a: Grimmsnarl|Grimmsnarl, L50, M|51\/100\n|-ability|p2a: Ting-Lu|Vessel of Ruin\n|turn|10\n|\n|t:|1681776753\n|move|p1a: Grimmsnarl|Reflect|p1a: Grimmsnarl\n|-sidestart|p1: MintChocolateGuy|Reflect\n|move|p2a: Ting-Lu|Earthquake|p1a: Grimmsnarl|[spread] p1a,p1b\n|-heal|p2b: Orthworm|60\/100|[from] ability: Earth Eater|[of] p2a: Ting-Lu\n|-damage|p1a: Grimmsnarl|17\/100\n|-damage|p1b: Gastrodon|0 fnt\n|faint|p1b: Gastrodon\n|move|p2b: Orthworm|Body Press|p1a: Grimmsnarl\n|-damage|p1a: Grimmsnarl|0 fnt\n|faint|p1a: Grimmsnarl\n|\n|win|Keveloper\n|raw|MintChocolateGuy's rating: 1407 → 1392<\/strong> (-15 for losing)\n|raw|Keveloper's rating: 1487 → 1502<\/strong> (+15 for winning)\n","uploadtime":1681776763,"views":14,"p1id":"mintchocolateguy","p2id":"keveloper","formatid":"gen9vgc2023regulationc","rating":1392,"private":0,"password":""}