{"id":"gen9vgc2023regulationc-1856237886","p1":"FallenTurtlle","p2":"Katkip","format":"[Gen 9] VGC 2023 Regulation C","log":"|j|\u2606FallenTurtlle\n|j|\u2606Katkip\n|t:|1683043520\n|gametype|doubles\n|player|p1|FallenTurtlle|janitor|1108\n|player|p2|Katkip|may-masters2|1097\n|teamsize|p1|6\n|teamsize|p2|6\n|gen|9\n|tier|[Gen 9] VGC 2023 Regulation C\n|rated|\n|rule|Species Clause: Limit one of each Pok\u00e9mon\n|rule|Item Clause: Limit one of each item\n|clearpoke\n|poke|p1|Revavroom, L50, M|\n|poke|p1|Coalossal, L50, M|\n|poke|p1|Appletun, L50, M|\n|poke|p1|Flamigo, L50, F|\n|poke|p1|Bruxish, L50, F|\n|poke|p1|Maushold, L50|\n|poke|p2|Lilligant, L50, F|\n|poke|p2|Torkoal, L50, F|\n|poke|p2|Flutter Mane, L50|\n|poke|p2|Kingambit, L50, F|\n|poke|p2|Breloom, L50, M|\n|poke|p2|Great Tusk, L50|\n|teampreview|4\n|\n|t:|1683043562\n|start\n|switch|p1a: Bruxish|Bruxish, L50, F, shiny|100\/100\n|switch|p1b: Coalossal|Coalossal, L50, M|100\/100\n|switch|p2a: Torkoal|Torkoal, L50, F, shiny|100\/100\n|switch|p2b: Great Tusk|Great Tusk, L50, shiny|100\/100\n|-weather|SunnyDay|[from] ability: Drought|[of] p2a: Torkoal\n|-activate|p2b: Great Tusk|ability: Protosynthesis\n|-start|p2b: Great Tusk|protosynthesisatk\n|turn|1\n|\n|t:|1683043590\n|switch|p2a: Lilligant|Lilligant, L50, F, shiny|100\/100\n|-terastallize|p1b: Coalossal|Ground\n|move|p1a: Bruxish|Aqua Jet|p1b: Coalossal\n|-supereffective|p1b: Coalossal\n|-damage|p1b: Coalossal|94\/100\n|-ability|p1b: Coalossal|Steam Engine|boost\n|-boost|p1b: Coalossal|spe|6\n|-enditem|p1b: Coalossal|Weakness Policy\n|-boost|p1b: Coalossal|atk|2|[from] item: Weakness Policy\n|-boost|p1b: Coalossal|spa|2|[from] item: Weakness Policy\n|move|p2b: Great Tusk|Headlong Rush|p1b: Coalossal\n|-damage|p1b: Coalossal|53\/100\n|-unboost|p2b: Great Tusk|def|1\n|-unboost|p2b: Great Tusk|spd|1\n|move|p1b: Coalossal|Earth Power|p2a: Lilligant\n|-resisted|p2a: Lilligant\n|-damage|p2a: Lilligant|60\/100\n|\n|-weather|SunnyDay|[upkeep]\n|upkeep\n|turn|2\n|\n|t:|1683043625\n|move|p1a: Bruxish|Aqua Jet|p2b: Great Tusk\n|-supereffective|p2b: Great Tusk\n|-crit|p2b: Great Tusk\n|-damage|p2b: Great Tusk|74\/100\n|move|p2a: Lilligant|Leaf Storm|p1b: Coalossal\n|-supereffective|p1b: Coalossal\n|-crit|p1b: Coalossal\n|-damage|p1b: Coalossal|0 fnt\n|-unboost|p2a: Lilligant|spa|2\n|faint|p1b: Coalossal\n|move|p2b: Great Tusk|Headlong Rush|p1a: Bruxish\n|-damage|p1a: Bruxish|0 fnt\n|-unboost|p2b: Great Tusk|def|1\n|-unboost|p2b: Great Tusk|spd|1\n|faint|p1a: Bruxish\n|\n|-weather|SunnyDay|[upkeep]\n|upkeep\n|\n|t:|1683043637\n|switch|p1a: Revavroom|Revavroom, L50, M|100\/100\n|switch|p1b: Flamigo|Flamigo, L50, F|100\/100\n|-copyboost|p1b: Flamigo|p1a: Revavroom|[from] ability: Costar\n|turn|3\n|\n|t:|1683043655\n|move|p1a: Revavroom|Protect|p1a: Revavroom\n|-singleturn|p1a: Revavroom|Protect\n|move|p2a: Lilligant|Sleep Powder|p1b: Flamigo\n|-status|p1b: Flamigo|slp|[from] move: Sleep Powder\n|move|p2b: Great Tusk|Headlong Rush|p1a: Revavroom\n|-activate|p1a: Revavroom|move: Protect\n|cant|p1b: Flamigo|slp\n|\n|-weather|SunnyDay|[upkeep]\n|upkeep\n|turn|4\n|\n|t:|1683043670\n|switch|p2a: Torkoal|Torkoal, L50, F, shiny|100\/100\n|move|p2b: Great Tusk|Headlong Rush|p1a: Revavroom\n|-supereffective|p1a: Revavroom\n|-damage|p1a: Revavroom|0 fnt\n|-unboost|p2b: Great Tusk|def|1\n|-unboost|p2b: Great Tusk|spd|1\n|faint|p1a: Revavroom\n|-curestatus|p1b: Flamigo|slp|[msg]\n|move|p1b: Flamigo|Acrobatics|p2a: Torkoal\n|-crit|p2a: Torkoal\n|-damage|p2a: Torkoal|68\/100\n|\n|-weather|SunnyDay|[upkeep]\n|upkeep\n|turn|5\n|\n|t:|1683043692\n|-end|p2b: Great Tusk|Protosynthesis|[silent]\n|switch|p2b: Kingambit|Kingambit, L50, F, shiny|100\/100\n|move|p1b: Flamigo|Acrobatics|p2b: Kingambit\n|-resisted|p2b: Kingambit\n|-crit|p2b: Kingambit\n|-damage|p2b: Kingambit|86\/100\n|move|p2a: Torkoal|Flamethrower|p1b: Flamigo\n|-damage|p1b: Flamigo|13\/100\n|-enditem|p1b: Flamigo|Red Card|[of] p2a: Torkoal\n|drag|p2a: Lilligant|Lilligant, L50, F, shiny|60\/100\n|\n|-weather|none\n|upkeep\n|turn|6\n|\n|t:|1683043709\n|move|p2b: Kingambit|Sucker Punch||[still]\n|-fail|p2b: Kingambit\n|move|p2a: Lilligant|Leaf Storm|p1b: Flamigo\n|-resisted|p1b: Flamigo\n|-damage|p1b: Flamigo|0 fnt\n|-unboost|p2a: Lilligant|spa|2\n|faint|p1b: Flamigo\n|\n|win|Katkip\n|raw|FallenTurtlle's rating: 1108 → 1082<\/strong> (-26 for losing)\n|raw|Katkip's rating: 1097 → 1123<\/strong> (+26 for winning)\n|l|\u2606FallenTurtlle\n","uploadtime":1683043743,"views":18,"p1id":"fallenturtlle","p2id":"katkip","formatid":"gen9vgc2023regulationc","rating":1082,"private":0,"password":""}