{"id":"gen9vgc2023regulationc-1851449322","p1":"lucaless","p2":"Estarla","format":"[Gen 9] VGC 2023 Regulation C","log":"|j|\u2606lucaless\n|j|\u2606Estarla\n|t:|1682446040\n|gametype|doubles\n|player|p1|lucaless|101|1164\n|player|p2|Estarla|266|1119\n|teamsize|p1|6\n|teamsize|p2|6\n|gen|9\n|tier|[Gen 9] VGC 2023 Regulation C\n|rated|\n|rule|Species Clause: Limit one of each Pok\u00e9mon\n|rule|Item Clause: Limit one of each item\n|clearpoke\n|poke|p1|Lucario, L50, M|\n|poke|p1|Iron Bundle, L50|\n|poke|p1|Dondozo, L50, F|\n|poke|p1|Chien-Pao, L50|\n|poke|p1|Mimikyu, L50, M|\n|poke|p1|Skeledirge, L50, F|\n|poke|p2|Abomasnow, L50, F|\n|poke|p2|Glaceon, L50, F|\n|poke|p2|Talonflame, L50, M|\n|poke|p2|Flutter Mane, L50|\n|poke|p2|Garganacl, L50, M|\n|poke|p2|Great Tusk, L50|\n|teampreview|4\n|inactive|Battle timer is ON: inactive players will automatically lose when time's up. (requested by lucaless)\n|inactive|lucaless has 60 seconds left.\n|inactive|Estarla has 60 seconds left.\n|\n|t:|1682446086\n|start\n|switch|p1a: Mimikyu|Mimikyu, L50, M|100\/100\n|switch|p1b: Skeledirge|Skeledirge, L50, F|100\/100\n|switch|p2a: Abomasnow|Abomasnow, L50, F|100\/100\n|switch|p2b: Garganacl|Garganacl, L50, M|100\/100\n|-weather|Snow|[from] ability: Snow Warning|[of] p2a: Abomasnow\n|turn|1\n|\n|t:|1682446104\n|move|p1b: Skeledirge|Protect|p1b: Skeledirge\n|-singleturn|p1b: Skeledirge|Protect\n|move|p2a: Abomasnow|Protect|p2a: Abomasnow\n|-singleturn|p2a: Abomasnow|Protect\n|move|p1a: Mimikyu|Curse|p2b: Garganacl\n|-start|p2b: Garganacl|Curse|[of] p1a: Mimikyu\n|-damage|p1a: Mimikyu|50\/100\n|move|p2b: Garganacl|Salt Cure|p1b: Skeledirge\n|-activate|p1b: Skeledirge|move: Protect\n|\n|-weather|Snow|[upkeep]\n|-damage|p2b: Garganacl|76\/100|[from] Curse\n|upkeep\n|turn|2\n|\n|t:|1682446124\n|switch|p2a: Great Tusk|Great Tusk, L50|100\/100\n|switch|p2b: Glaceon|Glaceon, L50, F, shiny|100\/100\n|move|p1a: Mimikyu|Play Rough|p2b: Glaceon\n|-damage|p2b: Glaceon|66\/100\n|move|p1b: Skeledirge|Torch Song|p2a: Great Tusk\n|-damage|p2a: Great Tusk|70\/100\n|-boost|p1b: Skeledirge|spa|1\n|\n|-weather|Snow|[upkeep]\n|-heal|p2b: Glaceon|72\/100|[from] ability: Ice Body\n|upkeep\n|turn|3\n|\n|t:|1682446147\n|move|p1b: Skeledirge|Protect|p1b: Skeledirge\n|-singleturn|p1b: Skeledirge|Protect\n|move|p1a: Mimikyu|Play Rough|p2a: Great Tusk\n|-supereffective|p2a: Great Tusk\n|-damage|p2a: Great Tusk|14\/100\n|move|p2b: Glaceon|Blizzard|p1a: Mimikyu|[spread] p1a\n|-activate|p1b: Skeledirge|move: Protect\n|-activate|p1a: Mimikyu|ability: Disguise\n|-damage|p1a: Mimikyu|50\/100\n|detailschange|p1a: Mimikyu|Mimikyu-Busted, L50, M\n|-damage|p1a: Mimikyu|38\/100|[from] pokemon: Mimikyu-Busted\n|-damage|p2b: Glaceon|62\/100|[from] item: Life Orb\n|move|p2a: Great Tusk|Headlong Rush|p1b: Skeledirge\n|-activate|p1b: Skeledirge|move: Protect\n|\n|-weather|Snow|[upkeep]\n|-heal|p2b: Glaceon|68\/100|[from] ability: Ice Body\n|upkeep\n|turn|4\n|\n|t:|1682446166\n|move|p1a: Mimikyu|Shadow Sneak|p2a: Great Tusk\n|-crit|p2a: Great Tusk\n|-damage|p2a: Great Tusk|0 fnt\n|faint|p2a: Great Tusk\n|-end|p2a: Great Tusk|Protosynthesis|[silent]\n|move|p2b: Glaceon|Blizzard|p1a: Mimikyu|[spread] p1a,p1b\n|-resisted|p1b: Skeledirge\n|-damage|p1a: Mimikyu|0 fnt\n|-damage|p1b: Skeledirge|74\/100\n|faint|p1a: Mimikyu\n|-damage|p2b: Glaceon|58\/100|[from] item: Life Orb\n|move|p1b: Skeledirge|Torch Song|p2b: Glaceon\n|-supereffective|p2b: Glaceon\n|-damage|p2b: Glaceon|0 fnt\n|-boost|p1b: Skeledirge|spa|1\n|faint|p2b: Glaceon\n|\n|-weather|Snow|[upkeep]\n|-heal|p1b: Skeledirge|81\/100|[from] item: Leftovers\n|upkeep\n|\n|t:|1682446183\n|switch|p1a: Lucario|Lucario, L50, M|100\/100\n|switch|p2b: Abomasnow|Abomasnow, L50, F|100\/100\n|switch|p2a: Garganacl|Garganacl, L50, M|76\/100\n|turn|5\n|\n|t:|1682446195\n|move|p1a: Lucario|Aura Sphere|p2a: Garganacl\n|-supereffective|p2a: Garganacl\n|-damage|p2a: Garganacl|11\/100\n|move|p1b: Skeledirge|Torch Song|p2b: Abomasnow\n|-supereffective|p2b: Abomasnow\n|-damage|p2b: Abomasnow|0 fnt\n|-boost|p1b: Skeledirge|spa|1\n|faint|p2b: Abomasnow\n|move|p2a: Garganacl|Salt Cure|p1b: Skeledirge\n|-supereffective|p1b: Skeledirge\n|-damage|p1b: Skeledirge|60\/100\n|-start|p1b: Skeledirge|Salt Cure\n|\n|-weather|none\n|-heal|p1b: Skeledirge|66\/100|[from] item: Leftovers\n|-heal|p2a: Garganacl|17\/100|[from] item: Leftovers\n|-damage|p1b: Skeledirge|54\/100|[from] Salt Cure\n|upkeep\n|turn|6\n|-message|Estarla forfeited.\n|\n|win|lucaless\n|raw|lucaless's rating: 1164 → 1186<\/strong> (+22 for winning)\n|raw|Estarla's rating: 1119 → 1097<\/strong> (-22 for losing)\n|l|\u2606Estarla\n","uploadtime":1682446206,"views":11,"p1id":"lucaless","p2id":"estarla","formatid":"gen9vgc2023regulationc","rating":1097,"private":0,"password":""}