{"id":"gen9vgc2023regulationc-1862528432","p1":"mfDOOMvmax","p2":"andrepb2411","format":"[Gen 9] VGC 2023 Regulation C","log":"|j|\u2606mfDOOMvmax\n|j|\u2606andrepb2411\n|t:|1683897757\n|gametype|doubles\n|player|p1|mfDOOMvmax|ingo|1244\n|player|p2|andrepb2411|n|1199\n|teamsize|p1|6\n|teamsize|p2|6\n|gen|9\n|tier|[Gen 9] VGC 2023 Regulation C\n|rated|\n|rule|Species Clause: Limit one of each Pok\u00e9mon\n|rule|Item Clause: Limit one of each item\n|clearpoke\n|poke|p1|Orthworm, L50, M|\n|poke|p1|Ceruledge, L50, F|\n|poke|p1|Kingambit, L50, M|\n|poke|p1|Flutter Mane, L50|\n|poke|p1|Tyranitar, L50, F|\n|poke|p1|Wo-Chien, L50|\n|poke|p2|Chi-Yu, L50|\n|poke|p2|Flutter Mane, L50|\n|poke|p2|Lilligant, L50, F|\n|poke|p2|Torkoal, L50, M|\n|poke|p2|Great Tusk, L50|\n|poke|p2|Kingambit, L50, M|\n|teampreview|4\n|inactive|Battle timer is ON: inactive players will automatically lose when time's up. (requested by mfDOOMvmax)\n|inactive|mfDOOMvmax has 60 seconds left.\n|\n|t:|1683897809\n|start\n|switch|p1a: Tyranitar|Tyranitar, L50, F, shiny|100\/100\n|switch|p1b: Wo-Chien|Wo-Chien, L50|100\/100\n|switch|p2a: Great Tusk|Great Tusk, L50|100\/100\n|switch|p2b: Lilligant|Lilligant, L50, F, shiny|100\/100\n|-ability|p1b: Wo-Chien|Tablets of Ruin\n|-weather|Sandstorm|[from] ability: Sand Stream|[of] p1a: Tyranitar\n|turn|1\n|inactive|mfDOOMvmax has 30 seconds left.\n|\n|t:|1683897842\n|switch|p1a: Ceruledge|Ceruledge, L50, F|100\/100\n|move|p2b: Lilligant|Sleep Powder|p1a: Ceruledge\n|-activate|p1a: Ceruledge|item: Safety Goggles|Sleep Powder\n|move|p2a: Great Tusk|Close Combat|p1b: Wo-Chien\n|-supereffective|p1b: Wo-Chien\n|-damage|p1b: Wo-Chien|0 fnt\n|-unboost|p2a: Great Tusk|def|1\n|-unboost|p2a: Great Tusk|spd|1\n|faint|p1b: Wo-Chien\n|\n|-weather|Sandstorm|[upkeep]\n|-damage|p2b: Lilligant|94\/100|[from] Sandstorm\n|upkeep\n|\n|t:|1683897854\n|switch|p1b: Flutter Mane|Flutter Mane, L50|100\/100\n|-enditem|p1b: Flutter Mane|Booster Energy\n|-activate|p1b: Flutter Mane|ability: Protosynthesis|[fromitem]\n|-start|p1b: Flutter Mane|protosynthesisspe\n|turn|2\n|\n|t:|1683897861\n|-end|p2a: Great Tusk|Protosynthesis|[silent]\n|switch|p2a: Torkoal|Torkoal, L50, M|100\/100\n|-weather|SunnyDay|[from] ability: Drought|[of] p2a: Torkoal\n|-terastallize|p1b: Flutter Mane|Fairy\n|move|p2b: Lilligant|Sleep Powder|p1b: Flutter Mane\n|-status|p1b: Flutter Mane|slp|[from] move: Sleep Powder\n|cant|p1b: Flutter Mane|slp\n|move|p1a: Ceruledge|Bitter Blade|p2b: Lilligant\n|-supereffective|p2b: Lilligant\n|-crit|p2b: Lilligant\n|-damage|p2b: Lilligant|0 fnt\n|faint|p2b: Lilligant\n|\n|-weather|SunnyDay|[upkeep]\n|upkeep\n|\n|t:|1683897866\n|switch|p2b: Flutter Mane|Flutter Mane, L50|100\/100\n|-activate|p2b: Flutter Mane|ability: Protosynthesis\n|-start|p2b: Flutter Mane|protosynthesisspe\n|turn|3\n|\n|t:|1683897890\n|-end|p1b: Flutter Mane|Protosynthesis|[silent]\n|switch|p1b: Tyranitar|Tyranitar, L50, F, shiny|100\/100\n|-weather|Sandstorm|[from] ability: Sand Stream|[of] p1b: Tyranitar\n|-end|p2b: Flutter Mane|Protosynthesis\n|move|p2a: Torkoal|Helping Hand|p2b: Flutter Mane\n|-singleturn|p2b: Flutter Mane|Helping Hand|[of] p2a: Torkoal\n|move|p1a: Ceruledge|Shadow Sneak|p2b: Flutter Mane\n|-supereffective|p2b: Flutter Mane\n|-damage|p2b: Flutter Mane|17\/100\n|move|p2b: Flutter Mane|Shadow Ball|p1b: Tyranitar\n|-resisted|p1b: Tyranitar\n|-damage|p1b: Tyranitar|75\/100\n|\n|-weather|Sandstorm|[upkeep]\n|-damage|p2b: Flutter Mane|11\/100|[from] Sandstorm\n|-damage|p2a: Torkoal|94\/100|[from] Sandstorm\n|upkeep\n|turn|4\n|\n|t:|1683897915\n|-end|p2b: Flutter Mane|Protosynthesis|[silent]\n|switch|p2b: Great Tusk|Great Tusk, L50|100\/100\n|move|p1a: Ceruledge|Bulk Up|p1a: Ceruledge\n|-boost|p1a: Ceruledge|atk|1\n|-boost|p1a: Ceruledge|def|1\n|move|p1b: Tyranitar|Rock Slide|p2a: Torkoal|[spread] p2a,p2b\n|-supereffective|p2a: Torkoal\n|-resisted|p2b: Great Tusk\n|-damage|p2a: Torkoal|33\/100\n|-damage|p2b: Great Tusk|91\/100\n|-enditem|p2a: Torkoal|Sitrus Berry|[eat]\n|-heal|p2a: Torkoal|58\/100|[from] item: Sitrus Berry\n|cant|p2a: Torkoal|flinch\n|\n|-weather|Sandstorm|[upkeep]\n|-damage|p2a: Torkoal|52\/100|[from] Sandstorm\n|upkeep\n|turn|5\n|inactive|mfDOOMvmax has 30 seconds left.\n|inactive|andrepb2411 has 30 seconds left.\n|\n|t:|1683897950\n|move|p2b: Great Tusk|Headlong Rush|p1b: Tyranitar\n|-supereffective|p1b: Tyranitar\n|-damage|p1b: Tyranitar|0 fnt\n|-unboost|p2b: Great Tusk|def|1\n|-unboost|p2b: Great Tusk|spd|1\n|faint|p1b: Tyranitar\n|move|p1a: Ceruledge|Bitter Blade|p2b: Great Tusk\n|-damage|p2b: Great Tusk|21\/100\n|move|p2a: Torkoal|Yawn|p1a: Ceruledge\n|-start|p1a: Ceruledge|move: Yawn|[of] p2a: Torkoal\n|\n|-weather|Sandstorm|[upkeep]\n|-damage|p2a: Torkoal|46\/100|[from] Sandstorm\n|upkeep\n|\n|t:|1683897962\n|switch|p1b: Flutter Mane|Flutter Mane, L50, tera:Fairy|100\/100 slp\n|turn|6\n|\n|t:|1683897981\n|-end|p2b: Great Tusk|Protosynthesis|[silent]\n|switch|p2b: Flutter Mane|Flutter Mane, L50|11\/100\n|move|p1a: Ceruledge|Shadow Sneak|p2b: Flutter Mane\n|-supereffective|p2b: Flutter Mane\n|-damage|p2b: Flutter Mane|0 fnt\n|faint|p2b: Flutter Mane\n|-end|p2b: Flutter Mane|Protosynthesis|[silent]\n|cant|p1b: Flutter Mane|slp\n|move|p2a: Torkoal|Yawn||[still]\n|-fail|p2a: Torkoal\n|\n|-weather|Sandstorm|[upkeep]\n|-damage|p1b: Flutter Mane|94\/100 slp|[from] Sandstorm\n|-damage|p2a: Torkoal|39\/100|[from] Sandstorm\n|-end|p1a: Ceruledge|move: Yawn|[silent]\n|-status|p1a: Ceruledge|slp\n|upkeep\n|\n|t:|1683897983\n|switch|p2b: Great Tusk|Great Tusk, L50|21\/100\n|turn|7\n|\n|t:|1683897997\n|cant|p1b: Flutter Mane|slp\n|cant|p1a: Ceruledge|slp\n|move|p2a: Torkoal|Protect|p2a: Torkoal\n|-singleturn|p2a: Torkoal|Protect\n|move|p2b: Great Tusk|Headlong Rush|p1b: Flutter Mane\n|-damage|p1b: Flutter Mane|0 fnt\n|-unboost|p2b: Great Tusk|def|1\n|-unboost|p2b: Great Tusk|spd|1\n|faint|p1b: Flutter Mane\n|-end|p1b: Flutter Mane|Protosynthesis|[silent]\n|\n|-weather|none\n|upkeep\n|turn|8\n|\n|t:|1683898016\n|move|p2a: Torkoal|Helping Hand|p2b: Great Tusk\n|-singleturn|p2b: Great Tusk|Helping Hand|[of] p2a: Torkoal\n|-curestatus|p1a: Ceruledge|slp|[msg]\n|move|p1a: Ceruledge|Protect|p1a: Ceruledge\n|-singleturn|p1a: Ceruledge|Protect\n|move|p2b: Great Tusk|Headlong Rush|p1a: Ceruledge\n|-activate|p1a: Ceruledge|move: Protect\n|\n|upkeep\n|turn|9\n|\n|t:|1683898025\n|move|p2a: Torkoal|Helping Hand|p2b: Great Tusk\n|-singleturn|p2b: Great Tusk|Helping Hand|[of] p2a: Torkoal\n|move|p1a: Ceruledge|Shadow Sneak|p2b: Great Tusk\n|-damage|p2b: Great Tusk|0 fnt\n|faint|p2b: Great Tusk\n|-end|p2b: Great Tusk|Protosynthesis|[silent]\n|\n|upkeep\n|turn|10\n|\n|t:|1683898031\n|move|p1a: Ceruledge|Shadow Sneak|p2a: Torkoal\n|-damage|p2a: Torkoal|19\/100\n|move|p2a: Torkoal|Lava Plume|p1a: Ceruledge\n|-start|p1a: Ceruledge|ability: Flash Fire\n|\n|upkeep\n|turn|11\n|c|\u2606mfDOOMvmax|gg\n|-message|andrepb2411 forfeited.\n|\n|win|mfDOOMvmax\n|raw|mfDOOMvmax's rating: 1244 → 1266<\/strong> (+22 for winning)\n|raw|andrepb2411's rating: 1199 → 1177<\/strong> (-22 for losing)\n|l|\u2606andrepb2411\n","uploadtime":1683898050,"views":10,"p1id":"mfdoomvmax","p2id":"andrepb2411","formatid":"gen9vgc2023regulationc","rating":1177,"private":0,"password":""}