{"id":"gen9vgc2023regulationc-1857916155","p1":"ITSFrankoGG","p2":"grad_and_sad","format":"[Gen 9] VGC 2023 Regulation C","log":"|j|\u2606ITSFrankoGG\n|j|\u2606grad_and_sad\n|t:|1683246932\n|gametype|doubles\n|player|p1|ITSFrankoGG|lance|1000\n|player|p2|grad_and_sad|169|1001\n|teamsize|p1|6\n|teamsize|p2|6\n|gen|9\n|tier|[Gen 9] VGC 2023 Regulation C\n|rated|\n|rule|Species Clause: Limit one of each Pok\u00e9mon\n|rule|Item Clause: Limit one of each item\n|clearpoke\n|poke|p1|Talonflame, L50, F|\n|poke|p1|Iron Bundle, L50|\n|poke|p1|Iron Hands, L50|\n|poke|p1|Gholdengo, L50|\n|poke|p1|Garchomp, L50, M|\n|poke|p1|Chien-Pao, L50|\n|poke|p2|Ceruledge, L50, F|\n|poke|p2|Gholdengo, L50|\n|poke|p2|Maushold, L50|\n|poke|p2|Annihilape, L50, F|\n|poke|p2|Ting-Lu, L50|\n|poke|p2|Glimmora, L50, M|\n|teampreview|4\n|inactive|Battle timer is ON: inactive players will automatically lose when time's up. (requested by grad_and_sad)\n|inactive|grad_and_sad has 60 seconds left.\n|c|\u2606ITSFrankoGG|Lets go\n|\n|t:|1683247014\n|start\n|switch|p1a: Iron Hands|Iron Hands, L50|100\/100\n|switch|p1b: Talonflame|Talonflame, L50, F|100\/100\n|switch|p2a: Gholdengo|Gholdengo, L50|100\/100\n|switch|p2b: Ceruledge|Ceruledge, L50, F|100\/100\n|-item|p2a: Gholdengo|Air Balloon\n|turn|1\n|inactive|ITSFrankoGG has 30 seconds left.\n|\n|t:|1683247043\n|switch|p2b: Maushold|Maushold, L50|100\/100\n|-end|p1a: Iron Hands|Quark Drive|[silent]\n|switch|p1a: Chien-Pao|Chien-Pao, L50|100\/100\n|-ability|p1a: Chien-Pao|Sword of Ruin\n|move|p1b: Talonflame|Tailwind|p1b: Talonflame\n|-sidestart|p1: ITSFrankoGG|move: Tailwind\n|move|p2a: Gholdengo|Nasty Plot|p2a: Gholdengo\n|-boost|p2a: Gholdengo|spa|2\n|\n|upkeep\n|turn|2\n|inactive|ITSFrankoGG has 30 seconds left.\n|\n|t:|1683247071\n|move|p2b: Maushold|Follow Me|p2b: Maushold\n|-singleturn|p2b: Maushold|move: Follow Me\n|move|p1a: Chien-Pao|Throat Chop|p2b: Maushold\n|-damage|p2b: Maushold|38\/100\n|-start|p2b: Maushold|Throat Chop|[silent]\n|move|p1b: Talonflame|Taunt|p2b: Maushold\n|-start|p2b: Maushold|move: Taunt\n|move|p2a: Gholdengo|Nasty Plot|p2a: Gholdengo\n|-boost|p2a: Gholdengo|spa|2\n|\n|upkeep\n|turn|3\n|\n|t:|1683247094\n|switch|p1b: Iron Hands|Iron Hands, L50|100\/100\n|switch|p2b: Ceruledge|Ceruledge, L50, F|100\/100\n|-terastallize|p2a: Gholdengo|Steel\n|move|p1a: Chien-Pao|Sucker Punch|p2a: Gholdengo\n|-damage|p2a: Gholdengo|49\/100\n|-enditem|p2a: Gholdengo|Air Balloon\n|move|p2a: Gholdengo|Make It Rain|p1a: Chien-Pao|[spread] p1a,p1b\n|-supereffective|p1a: Chien-Pao\n|-resisted|p1b: Iron Hands\n|-enditem|p1a: Chien-Pao|Focus Sash\n|-damage|p1a: Chien-Pao|1\/100\n|-damage|p1b: Iron Hands|51\/100\n|-unboost|p2a: Gholdengo|spa|1\n|\n|upkeep\n|turn|4\n|inactive|ITSFrankoGG has 30 seconds left.\n|inactive|grad_and_sad has 30 seconds left.\n|\n|t:|1683247124\n|move|p1b: Iron Hands|Fake Out|p2a: Gholdengo\n|-resisted|p2a: Gholdengo\n|-damage|p2a: Gholdengo|37\/100\n|move|p1a: Chien-Pao|Sucker Punch|p2b: Ceruledge\n|-supereffective|p2b: Ceruledge\n|-damage|p2b: Ceruledge|0 fnt\n|faint|p2b: Ceruledge\n|cant|p2a: Gholdengo|flinch\n|\n|-sideend|p1: ITSFrankoGG|move: Tailwind\n|upkeep\n|\n|t:|1683247134\n|switch|p2b: Maushold|Maushold, L50|38\/100\n|turn|5\n|\n|t:|1683247146\n|move|p1a: Chien-Pao|Protect|p1a: Chien-Pao\n|-singleturn|p1a: Chien-Pao|Protect\n|move|p2b: Maushold|Follow Me|p2b: Maushold\n|-singleturn|p2b: Maushold|move: Follow Me\n|move|p2a: Gholdengo|Make It Rain|p1b: Iron Hands|[spread] p1b\n|-activate|p1a: Chien-Pao|move: Protect\n|-resisted|p1b: Iron Hands\n|-damage|p1b: Iron Hands|10\/100\n|-unboost|p2a: Gholdengo|spa|1\n|move|p1b: Iron Hands|Drain Punch|p2b: Maushold\n|-supereffective|p2b: Maushold\n|-damage|p2b: Maushold|0 fnt\n|-heal|p1b: Iron Hands|24\/100|[from] drain|[of] p2b: Maushold\n|faint|p2b: Maushold\n|\n|upkeep\n|\n|t:|1683247162\n|switch|p2b: Annihilape|Annihilape, L50, F|100\/100\n|turn|6\n|\n|t:|1683247180\n|move|p2b: Annihilape|Protect|p2b: Annihilape\n|-singleturn|p2b: Annihilape|Protect\n|move|p1a: Chien-Pao|Sucker Punch||[still]\n|-fail|p1a: Chien-Pao\n|move|p2a: Gholdengo|Make It Rain|p1a: Chien-Pao|[spread] p1a,p1b\n|-supereffective|p1a: Chien-Pao\n|-crit|p1a: Chien-Pao\n|-resisted|p1b: Iron Hands\n|-damage|p1a: Chien-Pao|0 fnt\n|-damage|p1b: Iron Hands|0 fnt\n|-unboost|p2a: Gholdengo|spa|1\n|faint|p1a: Chien-Pao\n|faint|p1b: Iron Hands\n|-end|p1b: Iron Hands|Quark Drive|[silent]\n|\n|upkeep\n|\n|t:|1683247191\n|switch|p1a: Talonflame|Talonflame, L50, F|100\/100\n|switch|p1b: Garchomp|Garchomp, L50, M|100\/100\n|turn|7\n|\n|t:|1683247211\n|move|p1a: Talonflame|Brave Bird|p2b: Annihilape\n|-supereffective|p2b: Annihilape\n|-crit|p2b: Annihilape\n|-damage|p2b: Annihilape|0 fnt\n|faint|p2b: Annihilape\n|-damage|p1a: Talonflame|55\/100|[from] Recoil\n|move|p1b: Garchomp|Earthquake|p2a: Gholdengo|[spread] p2a\n|-immune|p1a: Talonflame\n|-supereffective|p2a: Gholdengo\n|-damage|p2a: Gholdengo|0 fnt\n|faint|p2a: Gholdengo\n|-damage|p1b: Garchomp|91\/100|[from] item: Life Orb\n|\n|win|ITSFrankoGG\n|raw|ITSFrankoGG's rating: 1000 → 1040<\/strong> (+40 for winning)\n|raw|grad_and_sad's rating: 1001 → 1000<\/strong> (-1 for losing)\n","uploadtime":1683247225,"views":9,"p1id":"itsfrankogg","p2id":"gradandsad","formatid":"gen9vgc2023regulationc","rating":1000,"private":0,"password":""}