{"id":"gen9vgc2023regulationc-1848094840","p1":"p00pmaster12","p2":"Dr_McKey","format":"[Gen 9] VGC 2023 Regulation C","log":"|j|\u2606p00pmaster12\n|j|\u2606Dr_McKey\n|t:|1682029063\n|gametype|doubles\n|player|p1|p00pmaster12|101|1137\n|player|p2|Dr_McKey|koga|1111\n|teamsize|p1|6\n|teamsize|p2|6\n|gen|9\n|tier|[Gen 9] VGC 2023 Regulation C\n|rated|\n|rule|Species Clause: Limit one of each Pok\u00e9mon\n|rule|Item Clause: Limit one of each item\n|clearpoke\n|poke|p1|Palafin, L50, M|\n|poke|p1|Amoonguss, L50, F|\n|poke|p1|Ting-Lu, L50|\n|poke|p1|Arcanine, L50, M|\n|poke|p1|Chien-Pao, L50|\n|poke|p1|Dragonite, L50, F|\n|poke|p2|Muk, L50, F|\n|poke|p2|Wo-Chien, L50|\n|poke|p2|Volcarona, L50, F|\n|poke|p2|Grimmsnarl, L50, M|\n|poke|p2|Amoonguss, L50, F|\n|poke|p2|Toxapex, L50, M|\n|teampreview|4\n|\n|t:|1682029098\n|start\n|switch|p1a: Chien-Pao|Chien-Pao, L50|100\/100\n|switch|p1b: Dragonite|Dragonite, L50, F|100\/100\n|switch|p2a: Muk|Muk, L50, F, shiny|100\/100\n|switch|p2b: Grimmsnarl|Grimmsnarl, L50, M, shiny|100\/100\n|-ability|p1a: Chien-Pao|Sword of Ruin\n|turn|1\n|\n|t:|1682029130\n|-terastallize|p1b: Dragonite|Normal\n|move|p1b: Dragonite|Extreme Speed|p2b: Grimmsnarl\n|-damage|p2b: Grimmsnarl|47\/100\n|move|p2b: Grimmsnarl|Reflect|p2b: Grimmsnarl\n|-sidestart|p2: Dr_McKey|Reflect\n|move|p1a: Chien-Pao|Ice Spinner|p2b: Grimmsnarl\n|-damage|p2b: Grimmsnarl|12\/100\n|move|p2a: Muk|Minimize|p2a: Muk\n|-boost|p2a: Muk|evasion|2\n|\n|upkeep\n|turn|2\n|\n|t:|1682029151\n|move|p1b: Dragonite|Extreme Speed|p2b: Grimmsnarl\n|-damage|p2b: Grimmsnarl|0 fnt\n|faint|p2b: Grimmsnarl\n|move|p1a: Chien-Pao|Sacred Sword|p2a: Muk\n|-resisted|p2a: Muk\n|-damage|p2a: Muk|89\/100\n|move|p2a: Muk|Minimize|p2a: Muk\n|-boost|p2a: Muk|evasion|2\n|\n|-heal|p2a: Muk|96\/100|[from] item: Leftovers\n|upkeep\n|\n|t:|1682029164\n|switch|p2b: Toxapex|Toxapex, L50, M, shiny|100\/100\n|turn|3\n|\n|t:|1682029190\n|switch|p1a: Palafin|Palafin, L50, M|100\/100\n|move|p1b: Dragonite|Extreme Speed|p2b: Toxapex\n|-damage|p2b: Toxapex|80\/100\n|-damage|p1b: Dragonite|84\/100|[from] item: Rocky Helmet|[of] p2b: Toxapex\n|move|p2a: Muk|Minimize|p2a: Muk\n|-boost|p2a: Muk|evasion|2\n|move|p2b: Toxapex|Toxic|p1b: Dragonite\n|-status|p1b: Dragonite|tox\n|-enditem|p1b: Dragonite|Lum Berry|[eat]\n|-curestatus|p1b: Dragonite|tox|[msg]\n|\n|-heal|p2a: Muk|100\/100|[from] item: Leftovers\n|upkeep\n|turn|4\n|\n|t:|1682029211\n|move|p1a: Palafin|Haze|p1a: Palafin\n|-clearallboost\n|move|p1b: Dragonite|Outrage|p2a: Muk\n|-damage|p2a: Muk|63\/100\n|move|p2a: Muk|Toxic|p1b: Dragonite\n|-status|p1b: Dragonite|tox\n|move|p2b: Toxapex|Toxic|p1a: Palafin\n|-status|p1a: Palafin|tox\n|\n|-heal|p2a: Muk|69\/100|[from] item: Leftovers\n|-damage|p1a: Palafin|95\/100 tox|[from] psn\n|-damage|p1b: Dragonite|78\/100 tox|[from] psn\n|upkeep\n|turn|5\n|\n|t:|1682029230\n|detailschange|p1a: Palafin|Palafin-Hero, L50, M\n|switch|p1a: Amoonguss|Amoonguss, L50, F|100\/100\n|move|p2a: Muk|Protect|p2a: Muk\n|-singleturn|p2a: Muk|Protect\n|move|p1b: Dragonite|Outrage|p2b: Toxapex|[from]lockedmove\n|-damage|p2b: Toxapex|51\/100\n|-damage|p1b: Dragonite|61\/100 tox|[from] item: Rocky Helmet|[of] p2b: Toxapex\n|move|p2b: Toxapex|Chilling Water|p1b: Dragonite\n|-damage|p1b: Dragonite|52\/100 tox\n|-unboost|p1b: Dragonite|atk|1\n|\n|-heal|p2a: Muk|75\/100|[from] item: Leftovers\n|-damage|p1b: Dragonite|39\/100 tox|[from] psn\n|upkeep\n|turn|6\n|\n|t:|1682029259\n|move|p1b: Dragonite|Outrage|p2b: Toxapex|[from]lockedmove\n|-damage|p2b: Toxapex|32\/100\n|-damage|p1b: Dragonite|23\/100 tox|[from] item: Rocky Helmet|[of] p2b: Toxapex\n|-start|p1b: Dragonite|confusion|[fatigue]\n|move|p2a: Muk|Drain Punch|p1b: Dragonite\n|-supereffective|p1b: Dragonite\n|-damage|p1b: Dragonite|0 fnt\n|-heal|p2a: Muk|86\/100|[from] drain|[of] p1b: Dragonite\n|faint|p1b: Dragonite\n|move|p2b: Toxapex|Chilling Water|p1a: Amoonguss\n|-resisted|p1a: Amoonguss\n|-damage|p1a: Amoonguss|96\/100\n|-unboost|p1a: Amoonguss|atk|1\n|move|p1a: Amoonguss|Pollen Puff|p1: Dragonite|[notarget]\n|-fail|p1a: Amoonguss\n|\n|-heal|p2a: Muk|92\/100|[from] item: Leftovers\n|upkeep\n|\n|t:|1682029271\n|switch|p1b: Palafin|Palafin-Hero, L50, M|95\/100 tox\n|-activate|p1b: Palafin|ability: Zero to Hero\n|turn|7\n|\n|t:|1682029286\n|move|p2a: Muk|Protect|p2a: Muk\n|-singleturn|p2a: Muk|Protect\n|move|p1b: Palafin|Wave Crash|p2b: Toxapex\n|-resisted|p2b: Toxapex\n|-damage|p2b: Toxapex|14\/100\n|-damage|p1b: Palafin|78\/100 tox|[from] item: Rocky Helmet|[of] p2b: Toxapex\n|-damage|p1b: Palafin|74\/100 tox|[from] Recoil\n|move|p2b: Toxapex|Recover|p2b: Toxapex\n|-heal|p2b: Toxapex|64\/100\n|move|p1a: Amoonguss|Spore|p2a: Muk\n|-activate|p2a: Muk|move: Protect\n|\n|-heal|p2a: Muk|99\/100|[from] item: Leftovers\n|-damage|p1b: Palafin|68\/100 tox|[from] psn\n|upkeep\n|turn|8\n|\n|t:|1682029311\n|switch|p1a: Chien-Pao|Chien-Pao, L50|100\/100\n|-ability|p1a: Chien-Pao|Sword of Ruin\n|move|p1b: Palafin|Wave Crash|p2a: Muk\n|-damage|p2a: Muk|30\/100\n|-damage|p1b: Palafin|45\/100 tox|[from] Recoil\n|move|p2a: Muk|Drain Punch|p1b: Palafin\n|-damage|p1b: Palafin|21\/100 tox\n|-heal|p2a: Muk|42\/100|[from] drain|[of] p1b: Palafin\n|move|p2b: Toxapex|Recover|p2b: Toxapex\n|-heal|p2b: Toxapex|100\/100\n|\n|-heal|p2a: Muk|49\/100|[from] item: Leftovers\n|-damage|p1b: Palafin|10\/100 tox|[from] psn\n|-sideend|p2: Dr_McKey|Reflect\n|upkeep\n|turn|9\n|\n|t:|1682029347\n|switch|p1b: Amoonguss|Amoonguss, L50, F|96\/100\n|move|p2a: Muk|Protect|p2a: Muk\n|-singleturn|p2a: Muk|Protect\n|move|p1a: Chien-Pao|Sucker Punch||[still]\n|-fail|p1a: Chien-Pao\n|move|p2b: Toxapex|Toxic|p1a: Chien-Pao\n|-status|p1a: Chien-Pao|tox\n|\n|-heal|p2a: Muk|55\/100|[from] item: Leftovers\n|-damage|p1a: Chien-Pao|95\/100 tox|[from] psn\n|upkeep\n|turn|10\n|\n|t:|1682029370\n|move|p1a: Chien-Pao|Ice Spinner|p2a: Muk\n|-damage|p2a: Muk|5\/100\n|move|p2a: Muk|Drain Punch|p1a: Chien-Pao\n|-supereffective|p1a: Chien-Pao\n|-damage|p1a: Chien-Pao|0 fnt\n|-heal|p2a: Muk|40\/100|[from] drain|[of] p1a: Chien-Pao\n|faint|p1a: Chien-Pao\n|move|p2b: Toxapex|Chilling Water|p1b: Amoonguss\n|-resisted|p1b: Amoonguss\n|-damage|p1b: Amoonguss|92\/100\n|-unboost|p1b: Amoonguss|atk|1\n|move|p1b: Amoonguss|Spore|p2b: Toxapex\n|-status|p2b: Toxapex|slp|[from] move: Spore\n|\n|-heal|p2a: Muk|47\/100|[from] item: Leftovers\n|upkeep\n|\n|t:|1682029385\n|switch|p1a: Palafin|Palafin-Hero, L50, M|10\/100 tox\n|turn|11\n|\n|t:|1682029396\n|move|p2a: Muk|Protect|p2a: Muk\n|-singleturn|p2a: Muk|Protect\n|move|p1a: Palafin|Jet Punch|p2a: Muk\n|-activate|p2a: Muk|move: Protect\n|cant|p2b: Toxapex|slp\n|move|p1b: Amoonguss|Pollen Puff|p1a: Palafin\n|-heal|p1a: Palafin|60\/100 tox\n|\n|-heal|p2a: Muk|53\/100|[from] item: Leftovers\n|-damage|p1a: Palafin|54\/100 tox|[from] psn\n|upkeep\n|turn|12\n|\n|t:|1682029415\n|move|p1a: Palafin|Wave Crash|p2a: Muk\n|-damage|p2a: Muk|0 fnt\n|faint|p2a: Muk\n|-damage|p1a: Palafin|36\/100 tox|[from] Recoil\n|-curestatus|p2b: Toxapex|slp|[msg]\n|move|p2b: Toxapex|Chilling Water|p1a: Palafin\n|-resisted|p1a: Palafin\n|-damage|p1a: Palafin|32\/100 tox\n|-unboost|p1a: Palafin|atk|1\n|move|p1b: Amoonguss|Pollen Puff|p1a: Palafin\n|-heal|p1a: Palafin|82\/100 tox\n|\n|-damage|p1a: Palafin|70\/100 tox|[from] psn\n|upkeep\n|\n|t:|1682029432\n|switch|p2a: Volcarona|Volcarona, L50, F, shiny|100\/100\n|turn|13\n|\n|t:|1682029450\n|-terastallize|p2a: Volcarona|Grass\n|move|p2a: Volcarona|Protect|p2a: Volcarona\n|-singleturn|p2a: Volcarona|Protect\n|move|p1a: Palafin|Haze|p1a: Palafin\n|-clearallboost\n|move|p2b: Toxapex|Chilling Water|p1a: Palafin\n|-resisted|p1a: Palafin\n|-damage|p1a: Palafin|66\/100 tox\n|-unboost|p1a: Palafin|atk|1\n|move|p1b: Amoonguss|Pollen Puff|p1a: Palafin\n|-heal|p1a: Palafin|100\/100 tox\n|\n|-damage|p1a: Palafin|83\/100 tox|[from] psn\n|upkeep\n|turn|14\n|\n|t:|1682029474\n|move|p2a: Volcarona|Fiery Dance|p1b: Amoonguss\n|-supereffective|p1b: Amoonguss\n|-damage|p1b: Amoonguss|24\/100\n|-boost|p2a: Volcarona|spa|1\n|move|p1a: Palafin|Wave Crash|p2a: Volcarona\n|-resisted|p2a: Volcarona\n|-damage|p2a: Volcarona|56\/100\n|-damage|p1a: Palafin|69\/100 tox|[from] Recoil\n|move|p2b: Toxapex|Chilling Water|p1a: Palafin\n|-resisted|p1a: Palafin\n|-damage|p1a: Palafin|64\/100 tox\n|-unboost|p1a: Palafin|atk|1\n|move|p1b: Amoonguss|Pollen Puff|p1a: Palafin\n|-heal|p1a: Palafin|100\/100 tox\n|\n|-damage|p1a: Palafin|77\/100 tox|[from] psn\n|upkeep\n|turn|15\n|\n|t:|1682029497\n|move|p2a: Volcarona|Fiery Dance|p1b: Amoonguss\n|-supereffective|p1b: Amoonguss\n|-damage|p1b: Amoonguss|0 fnt\n|-boost|p2a: Volcarona|spa|1\n|faint|p1b: Amoonguss\n|move|p1a: Palafin|Haze|p1a: Palafin\n|-clearallboost\n|move|p2b: Toxapex|Chilling Water|p1a: Palafin\n|-resisted|p1a: Palafin\n|-damage|p1a: Palafin|72\/100 tox\n|-unboost|p1a: Palafin|atk|1\n|\n|-damage|p1a: Palafin|43\/100 tox|[from] psn\n|upkeep\n|turn|16\n|\n|t:|1682029513\n|move|p2a: Volcarona|Protect|p2a: Volcarona\n|-singleturn|p2a: Volcarona|Protect\n|move|p1a: Palafin|Protect|p1a: Palafin\n|-singleturn|p1a: Palafin|Protect\n|move|p2b: Toxapex|Chilling Water|p1a: Palafin\n|-activate|p1a: Palafin|move: Protect\n|\n|-damage|p1a: Palafin|8\/100 tox|[from] psn\n|upkeep\n|turn|17\n|l|\u2606p00pmaster12\n|player|p1|\n|inactive|Battle timer is ON: inactive players will automatically lose when time's up. (requested by Dr_McKey)\n|inactive|p00pmaster12 has 30 seconds to reconnect!\n|inactive|p00pmaster12 has 20 seconds to reconnect!\n|inactive|p00pmaster12 has 15 seconds to reconnect!\n|inactive|p00pmaster12 has 10 seconds to reconnect!\n|inactive|p00pmaster12 has 5 seconds to reconnect!\n|-message|p00pmaster12 lost due to inactivity.\n|\n|win|Dr_McKey\n|raw|p00pmaster12's rating: 1137 → 1110<\/strong> (-27 for losing)\n|raw|Dr_McKey's rating: 1111 → 1138<\/strong> (+27 for winning)\n","uploadtime":1682029688,"views":4,"p1id":"p00pmaster12","p2id":"drmckey","formatid":"gen9vgc2023regulationc","rating":1110,"private":0,"password":""}