{"id":"gen9vgc2023regulationc-1848654473","p1":"kitsuneInk","p2":"dralfredpennyworth","format":"[Gen 9] VGC 2023 Regulation C","log":"|j|\u2606kitsuneInk\n|j|\u2606dralfredpennyworth\n|t:|1682098020\n|gametype|doubles\n|player|p1|kitsuneInk|n-masters3|1054\n|player|p2|dralfredpennyworth|lucas|1091\n|teamsize|p1|6\n|teamsize|p2|6\n|gen|9\n|tier|[Gen 9] VGC 2023 Regulation C\n|rated|\n|rule|Species Clause: Limit one of each Pok\u00e9mon\n|rule|Item Clause: Limit one of each item\n|clearpoke\n|poke|p1|Flutter Mane, L50|\n|poke|p1|Gyarados, L50, M|\n|poke|p1|Great Tusk, L50|\n|poke|p1|Talonflame, L50, F|\n|poke|p1|Cetitan, L50, M|\n|poke|p1|Kingambit, L50, M|\n|poke|p2|Dunsparce, L50, F|\n|poke|p2|Golduck, L50, F|\n|poke|p2|Honchkrow, L50, M|\n|poke|p2|Sandy Shocks, L50|\n|poke|p2|Espeon, L50, M|\n|poke|p2|Scizor, L50, F|\n|teampreview|4\nkitsuneInk rejected open team sheets.\n|\n|t:|1682098050\n|start\n|switch|p1a: Flutter Mane|Flutter Mane, L50|100\/100\n|switch|p1b: Talonflame|Talonflame, L50, F|100\/100\n|switch|p2a: Dunsparce|Dunsparce, L50, F|100\/100\n|switch|p2b: Golduck|Golduck, L50, F|100\/100\n|-ability|p2b: Golduck|Cloud Nine\n|turn|1\n|\n|t:|1682098068\n|move|p2b: Golduck|Protect|p2b: Golduck\n|-singleturn|p2b: Golduck|Protect\n|move|p1b: Talonflame|Tailwind|p1b: Talonflame\n|-sidestart|p1: kitsuneInk|move: Tailwind\n|move|p1a: Flutter Mane|Substitute|p1a: Flutter Mane\n|-start|p1a: Flutter Mane|Substitute\n|-damage|p1a: Flutter Mane|76\/100\n|move|p2a: Dunsparce|Stealth Rock|p1a: Flutter Mane\n|-sidestart|p1: kitsuneInk|move: Stealth Rock\n|\n|-heal|p1a: Flutter Mane|82\/100|[from] item: Leftovers\n|upkeep\n|turn|2\n|\n|t:|1682098085\n|move|p1b: Talonflame|Will-O-Wisp|p2a: Dunsparce\n|-status|p2a: Dunsparce|brn\n|move|p1a: Flutter Mane|Dazzling Gleam|p2b: Golduck|[spread] p2a,p2b\n|-damage|p2a: Dunsparce|83\/100 brn\n|-damage|p2b: Golduck|68\/100\n|move|p2b: Golduck|Hydro Pump|p1b: Talonflame|[miss]\n|-miss|p2b: Golduck|p1b: Talonflame\n|move|p2a: Dunsparce|Ice Spinner|p1a: Flutter Mane\n|-activate|p1a: Flutter Mane|move: Substitute|[damage]\n|\n|-heal|p1a: Flutter Mane|88\/100|[from] item: Leftovers\n|-damage|p2a: Dunsparce|77\/100 brn|[from] brn\n|upkeep\n|turn|3\n|\n|t:|1682098123\n|-terastallize|p1a: Flutter Mane|Steel\n|move|p1b: Talonflame|Brave Bird|p2a: Dunsparce\n|-damage|p2a: Dunsparce|46\/100 brn\n|-damage|p1b: Talonflame|87\/100|[from] Recoil\n|move|p1a: Flutter Mane|Mystical Fire|p2b: Golduck\n|-resisted|p2b: Golduck\n|-damage|p2b: Golduck|55\/100\n|-unboost|p2b: Golduck|spa|1\n|move|p2b: Golduck|Hydro Pump|p1b: Talonflame\n|-supereffective|p1b: Talonflame\n|-damage|p1b: Talonflame|0 fnt\n|faint|p1b: Talonflame\n|move|p2a: Dunsparce|Drill Run|p1a: Flutter Mane\n|-supereffective|p1a: Flutter Mane\n|-end|p1a: Flutter Mane|Substitute\n|\n|-heal|p1a: Flutter Mane|94\/100|[from] item: Leftovers\n|-damage|p2a: Dunsparce|40\/100 brn|[from] brn\n|upkeep\n|\n|t:|1682098140\n|switch|p1b: Cetitan|Cetitan, L50, M|100\/100\n|-damage|p1b: Cetitan|76\/100|[from] Stealth Rock\n|turn|4\n|\n|t:|1682098168\n|switch|p2b: Scizor|Scizor, L50, F|100\/100\n|move|p1a: Flutter Mane|Substitute|p1a: Flutter Mane\n|-start|p1a: Flutter Mane|Substitute\n|-damage|p1a: Flutter Mane|70\/100\n|move|p1b: Cetitan|Liquidation|p2a: Dunsparce\n|-damage|p2a: Dunsparce|3\/100 brn\n|move|p2a: Dunsparce|Roost|p2a: Dunsparce\n|-heal|p2a: Dunsparce|53\/100 brn\n|-singleturn|p2a: Dunsparce|move: Roost\n|\n|-heal|p1a: Flutter Mane|76\/100|[from] item: Leftovers\n|-damage|p2a: Dunsparce|47\/100 brn|[from] brn\n|-sideend|p1: kitsuneInk|move: Tailwind\n|upkeep\n|turn|5\n|l|\u2606kitsuneInk\n|player|p1|\n|inactive|Battle timer is ON: inactive players will automatically lose when time's up. (requested by dralfredpennyworth)\n|j|\u2606kitsuneInk\n|inactive|kitsuneInk reconnected and has 70 seconds left.\n|player|p1|kitsuneInk|n-masters3\n|inactive|kitsuneInk has 60 seconds left.\n|\n|t:|1682098257\n|-terastallize|p2b: Scizor|Fire\n|move|p2b: Scizor|Bullet Punch|p1b: Cetitan\n|-supereffective|p1b: Cetitan\n|-damage|p1b: Cetitan|25\/100\n|move|p1a: Flutter Mane|Mystical Fire|p2b: Scizor\n|-resisted|p2b: Scizor\n|-damage|p2b: Scizor|88\/100\n|move|p1b: Cetitan|Liquidation|p2a: Dunsparce\n|-damage|p2a: Dunsparce|9\/100 brn\n|move|p2a: Dunsparce|Roost|p2a: Dunsparce\n|-heal|p2a: Dunsparce|59\/100 brn\n|-singleturn|p2a: Dunsparce|move: Roost\n|\n|-heal|p1a: Flutter Mane|82\/100|[from] item: Leftovers\n|-damage|p2a: Dunsparce|54\/100 brn|[from] brn\n|upkeep\n|turn|6\n|\n|t:|1682098274\n|move|p2b: Scizor|Bullet Punch|p1b: Cetitan\n|-supereffective|p1b: Cetitan\n|-damage|p1b: Cetitan|0 fnt\n|faint|p1b: Cetitan\n|move|p1a: Flutter Mane|Shadow Ball|p2b: Scizor\n|-damage|p2b: Scizor|46\/100\n|move|p2a: Dunsparce|Drill Run|p1a: Flutter Mane\n|-supereffective|p1a: Flutter Mane\n|-activate|p1a: Flutter Mane|move: Substitute|[damage]\n|\n|-heal|p1a: Flutter Mane|88\/100|[from] item: Leftovers\n|-damage|p2a: Dunsparce|48\/100 brn|[from] brn\n|upkeep\n|\n|t:|1682098281\n|switch|p1b: Great Tusk|Great Tusk, L50|100\/100\n|-damage|p1b: Great Tusk|98\/100|[from] Stealth Rock\n|turn|7\n|inactive|dralfredpennyworth has 30 seconds left.\n|\n|t:|1682098311\n|move|p2b: Scizor|Protect|p2b: Scizor\n|-singleturn|p2b: Scizor|Protect\n|move|p1a: Flutter Mane|Dazzling Gleam|p2b: Scizor|[spread] p2a\n|-activate|p2b: Scizor|move: Protect\n|-damage|p2a: Dunsparce|30\/100 brn\n|move|p1b: Great Tusk|Rapid Spin|p2b: Scizor\n|-activate|p2b: Scizor|move: Protect\n|move|p2a: Dunsparce|Ice Spinner|p1b: Great Tusk\n|-supereffective|p1b: Great Tusk\n|-damage|p1b: Great Tusk|87\/100\n|\n|-heal|p1a: Flutter Mane|94\/100|[from] item: Leftovers\n|-damage|p2a: Dunsparce|25\/100 brn|[from] brn\n|upkeep\n|turn|8\n|inactive|dralfredpennyworth has 30 seconds left.\n|inactive|dralfredpennyworth has 20 seconds left.\n|\n|t:|1682098347\n|move|p1a: Flutter Mane|Dazzling Gleam|p2b: Scizor|[spread] p2a,p2b\n|-resisted|p2b: Scizor\n|-damage|p2a: Dunsparce|6\/100 brn\n|-damage|p2b: Scizor|31\/100\n|move|p1b: Great Tusk|Rapid Spin|p2a: Dunsparce\n|-damage|p2a: Dunsparce|0 fnt\n|-boost|p1b: Great Tusk|spe|1\n|-sideend|p1: kitsuneInk|Stealth Rock|[from] move: Rapid Spin|[of] p1b: Great Tusk\n|faint|p2a: Dunsparce\n|move|p2b: Scizor|Pounce|p1b: Great Tusk\n|-resisted|p1b: Great Tusk\n|-damage|p1b: Great Tusk|75\/100\n|-unboost|p1b: Great Tusk|spe|1\n|\n|-heal|p1a: Flutter Mane|100\/100|[from] item: Leftovers\n|upkeep\n|\n|t:|1682098360\n|switch|p2a: Golduck|Golduck, L50, F|55\/100\n|-ability|p2a: Golduck|Cloud Nine\n|turn|9\n|\n|t:|1682098383\n|move|p1a: Flutter Mane|Shadow Ball|p2a: Golduck\n|-damage|p2a: Golduck|11\/100\n|-unboost|p2a: Golduck|spd|1\n|move|p2a: Golduck|Hydro Pump|p1b: Great Tusk\n|-supereffective|p1b: Great Tusk\n|-damage|p1b: Great Tusk|0 fnt\n|faint|p1b: Great Tusk\n|-end|p1b: Great Tusk|Protosynthesis|[silent]\n|move|p2b: Scizor|Wing Attack|p1a: Flutter Mane\n|-resisted|p1a: Flutter Mane\n|-end|p1a: Flutter Mane|Substitute\n|\n|upkeep\n|turn|10\n|inactive|dralfredpennyworth has 30 seconds left.\n|\n|t:|1682098416\n|move|p2b: Scizor|Bullet Punch|p1a: Flutter Mane\n|-resisted|p1a: Flutter Mane\n|-damage|p1a: Flutter Mane|80\/100\n|move|p1a: Flutter Mane|Dazzling Gleam|p2b: Scizor|[spread] p2a,p2b\n|-resisted|p2b: Scizor\n|-damage|p2a: Golduck|0 fnt\n|-damage|p2b: Scizor|16\/100\n|faint|p2a: Golduck\n|\n|-heal|p1a: Flutter Mane|86\/100|[from] item: Leftovers\n|upkeep\n|\n|t:|1682098421\n|switch|p2a: Sandy Shocks|Sandy Shocks, L50|100\/100\n|-enditem|p2a: Sandy Shocks|Booster Energy\n|-activate|p2a: Sandy Shocks|ability: Protosynthesis|[fromitem]\n|-start|p2a: Sandy Shocks|protosynthesisspa\n|turn|11\n|\n|t:|1682098430\n|move|p2b: Scizor|Bullet Punch|p1a: Flutter Mane\n|-resisted|p1a: Flutter Mane\n|-damage|p1a: Flutter Mane|68\/100\n|move|p1a: Flutter Mane|Dazzling Gleam|p2a: Sandy Shocks|[spread] p2a,p2b\n|-resisted|p2b: Scizor\n|-damage|p2a: Sandy Shocks|73\/100\n|-damage|p2b: Scizor|3\/100\n|move|p2a: Sandy Shocks|Earth Power|p1a: Flutter Mane\n|-supereffective|p1a: Flutter Mane\n|-damage|p1a: Flutter Mane|0 fnt\n|faint|p1a: Flutter Mane\n|-end|p1a: Flutter Mane|Protosynthesis|[silent]\n|\n|win|dralfredpennyworth\n|raw|kitsuneInk's rating: 1054 → 1038<\/strong> (-16 for losing)\n|raw|dralfredpennyworth's rating: 1091 → 1115<\/strong> (+24 for winning)\n|l|\u2606kitsuneInk\n","uploadtime":1682098441,"views":8,"p1id":"kitsuneink","p2id":"dralfredpennyworth","formatid":"gen9vgc2023regulationc","rating":1038,"private":0,"password":""}