{"id":"gen9vgc2023regulationc-1857310556","p1":"jmiel_29","p2":"leafyarrow","format":"[Gen 9] VGC 2023 Regulation C","log":"|j|\u2606jmiel_29\n|j|\u2606leafyarrow\n|t:|1683171324\n|gametype|doubles\n|player|p1|jmiel_29|red|\n|player|p2|leafyarrow|leaf-masters|\n|teamsize|p1|6\n|teamsize|p2|6\n|gen|9\n|tier|[Gen 9] VGC 2023 Regulation C\n|rated|Tournament battle\n|rule|Species Clause: Limit one of each Pok\u00e9mon\n|rule|Item Clause: Limit one of each item\n|clearpoke\n|poke|p1|Chien-Pao, L50|\n|poke|p1|Dragapult, L50, M|\n|poke|p1|Volcarona, L50, M|\n|poke|p1|Flutter Mane, L50|\n|poke|p1|Azumarill, L50, F|\n|poke|p1|Amoonguss, L50, F|\n|poke|p2|Flutter Mane, L50|\n|poke|p2|Palafin, L50, M|\n|poke|p2|Amoonguss, L50, F|\n|poke|p2|Ting-Lu, L50|\n|poke|p2|Arcanine, L50, F|\n|poke|p2|Kingambit, L50, M|\n|teampreview|4\n|raw| Open Team Sheet for jmiel_29<\/summary>Chien-Pao @ Focus Sash Ability: Sword of Ruin Level: 50 Tera Type: Ghost - Sucker Punch - Ice Spinner - Sacred Sword - Protect Dragapult @ Life Orb Ability: Clear Body Level: 50 Tera Type: Steel - Dragon Dance - Dragon Darts - Phantom Force - Protect Volcarona @ Leftovers Ability: Flame Body Level: 50 Tera Type: Water - Protect - Bug Buzz - Quiver Dance - Heat Wave Flutter Mane @ Booster Energy Ability: Protosynthesis Level: 50 Tera Type: Fairy - Moonblast - Dazzling Gleam - Shadow Ball - Protect Azumarill @ Assault Vest Ability: Huge Power Level: 50 Tera Type: Water - Liquidation - Aqua Jet - Play Rough - Ice Spinner Amoonguss @ Sitrus Berry Ability: Regenerator Level: 50 Tera Type: Water - Pollen Puff - Rage Powder - Spore - Clear Smog <\/details><\/div> Open Team Sheet for leafyarrow<\/summary>Flutter Mane @ Choice Specs Ability: Protosynthesis Level: 50 Tera Type: Fairy - Moonblast - Dazzling Gleam - Shadow Ball - Thunderbolt Palafin @ Mystic Water Ability: Zero to Hero Level: 50 Tera Type: Water - Jet Punch - Wave Crash - Haze - Protect Amoonguss @ Sitrus Berry Ability: Regenerator Level: 50 Tera Type: Water - Pollen Puff - Protect - Spore - Rage Powder Ting-Lu @ Assault Vest Ability: Vessel of Ruin Level: 50 Tera Type: Poison - Ruination - Stomping Tantrum - Heavy Slam - Fissure Arcanine @ Safety Goggles Ability: Intimidate Level: 50 Tera Type: Grass - Flare Blitz - Will-O-Wisp - Protect - Extreme Speed Kingambit @ Lum Berry Ability: Defiant Level: 50 Tera Type: Flying - Iron Head - Protect - Tera Blast - Kowtow Cleave <\/details><\/div>\n|c|\u2606jmiel_29|glhf\n|inactive|Battle timer is ON: inactive players will automatically lose when time's up. (requested by jmiel_29)\n|c|\u2606leafyarrow|glhf\n|inactive|leafyarrow has 60 seconds left.\n|inactive|leafyarrow has 30 seconds left.\n|inactive|leafyarrow has 20 seconds left.\n|inactive|leafyarrow has 15 seconds left.\n|inactive|leafyarrow has 10 seconds left.\n|\n|t:|1683171414\n|start\n|switch|p1a: Volcarona|Volcarona, L50, M|100\/100\n|switch|p1b: Amoonguss|Amoonguss, L50, F|100\/100\n|switch|p2a: Palafin|Palafin, L50, M|100\/100\n|switch|p2b: Flutter Mane|Flutter Mane, L50|100\/100\n|turn|1\n|inactive|leafyarrow has 30 seconds left.\n|\n|t:|1683171447\n|detailschange|p2a: Palafin|Palafin-Hero, L50, M\n|switch|p2a: Amoonguss|Amoonguss, L50, F|100\/100\n|move|p1b: Amoonguss|Rage Powder|p1b: Amoonguss\n|-singleturn|p1b: Amoonguss|move: Rage Powder\n|move|p2b: Flutter Mane|Shadow Ball|p1b: Amoonguss\n|-damage|p1b: Amoonguss|47\/100\n|-enditem|p1b: Amoonguss|Sitrus Berry|[eat]\n|-heal|p1b: Amoonguss|71\/100|[from] item: Sitrus Berry\n|move|p1a: Volcarona|Quiver Dance|p1a: Volcarona\n|-boost|p1a: Volcarona|spa|1\n|-boost|p1a: Volcarona|spd|1\n|-boost|p1a: Volcarona|spe|1\n|\n|upkeep\n|turn|2\n|inactive|leafyarrow has 30 seconds left.\n|j| SparkySign\n|\n|t:|1683171480\n|-terastallize|p2a: Amoonguss|Water\n|move|p1a: Volcarona|Heat Wave|p2a: Amoonguss|[spread] p2a,p2b\n|-resisted|p2a: Amoonguss\n|-damage|p2a: Amoonguss|79\/100\n|-damage|p2b: Flutter Mane|54\/100\n|move|p2b: Flutter Mane|Shadow Ball|p1a: Volcarona\n|-damage|p1a: Volcarona|68\/100\n|move|p1b: Amoonguss|Spore|p2b: Flutter Mane\n|-status|p2b: Flutter Mane|slp|[from] move: Spore\n|move|p2a: Amoonguss|Spore|p1a: Volcarona\n|-status|p1a: Volcarona|slp|[from] move: Spore\n|\n|-heal|p1a: Volcarona|74\/100 slp|[from] item: Leftovers\n|upkeep\n|turn|3\n|\n|t:|1683171497\n|-end|p2b: Flutter Mane|Protosynthesis|[silent]\n|switch|p2b: Palafin|Palafin-Hero, L50, M|100\/100\n|-activate|p2b: Palafin|ability: Zero to Hero\n|switch|p2a: Arcanine|Arcanine, L50, F|100\/100\n|-ability|p2a: Arcanine|Intimidate|boost\n|-unboost|p1a: Volcarona|atk|1\n|-unboost|p1b: Amoonguss|atk|1\n|cant|p1a: Volcarona|slp\n|move|p1b: Amoonguss|Spore|p2a: Arcanine\n|-activate|p2a: Arcanine|item: Safety Goggles|Spore\n|\n|-heal|p1a: Volcarona|80\/100 slp|[from] item: Leftovers\n|upkeep\n|turn|4\n|\n|t:|1683171515\n|cant|p1a: Volcarona|slp\n|move|p2a: Arcanine|Flare Blitz|p1b: Amoonguss\n|-supereffective|p1b: Amoonguss\n|-damage|p1b: Amoonguss|0 fnt\n|faint|p1b: Amoonguss\n|-damage|p2a: Arcanine|74\/100|[from] Recoil\n|move|p2b: Palafin|Wave Crash|p1a: Volcarona\n|-supereffective|p1a: Volcarona\n|-damage|p1a: Volcarona|0 fnt\n|-status|p2b: Palafin|brn|[from] ability: Flame Body|[of] p1a: Volcarona\n|faint|p1a: Volcarona\n|-damage|p2b: Palafin|76\/100 brn|[from] Recoil\n|\n|-damage|p2b: Palafin|70\/100 brn|[from] brn\n|upkeep\n|\n|t:|1683171520\n|switch|p1a: Azumarill|Azumarill, L50, F|100\/100\n|switch|p1b: Chien-Pao|Chien-Pao, L50|100\/100\n|-ability|p1b: Chien-Pao|Sword of Ruin\n|turn|5\n|inactive|leafyarrow has 30 seconds left.\n|\n|t:|1683171551\n|-terastallize|p1b: Chien-Pao|Ghost\n|move|p2a: Arcanine|Protect|p2a: Arcanine\n|-singleturn|p2a: Arcanine|Protect\n|move|p2b: Palafin|Jet Punch|p1b: Chien-Pao\n|-damage|p1b: Chien-Pao|66\/100\n|move|p1b: Chien-Pao|Sacred Sword|p2b: Palafin\n|-damage|p2b: Palafin|36\/100 brn\n|move|p1a: Azumarill|Liquidation|p2a: Arcanine\n|-activate|p2a: Arcanine|move: Protect\n|\n|-damage|p2b: Palafin|30\/100 brn|[from] brn\n|upkeep\n|turn|6\n|\n|t:|1683171573\n|switch|p2a: Flutter Mane|Flutter Mane, L50|54\/100 slp\n|switch|p2b: Amoonguss|Amoonguss, L50, F, tera:Water|100\/100\n|move|p1b: Chien-Pao|Sucker Punch||[still]\n|-fail|p1b: Chien-Pao\n|move|p1a: Azumarill|Liquidation|p2a: Flutter Mane\n|-crit|p2a: Flutter Mane\n|-damage|p2a: Flutter Mane|0 fnt\n|faint|p2a: Flutter Mane\n|-end|p2a: Flutter Mane|Protosynthesis|[silent]\n|\n|upkeep\n|\n|t:|1683171583\n|switch|p2a: Arcanine|Arcanine, L50, F|74\/100\n|-ability|p2a: Arcanine|Intimidate|boost\n|-unboost|p1a: Azumarill|atk|1\n|-unboost|p1b: Chien-Pao|atk|1\n|turn|7\n|\n|t:|1683171601\n|move|p2b: Amoonguss|Rage Powder|p2b: Amoonguss\n|-singleturn|p2b: Amoonguss|move: Rage Powder\n|move|p1b: Chien-Pao|Ice Spinner|p2b: Amoonguss\n|-resisted|p2b: Amoonguss\n|-damage|p2b: Amoonguss|86\/100\n|move|p2a: Arcanine|Will-O-Wisp|p1a: Azumarill\n|-status|p1a: Azumarill|brn\n|move|p1a: Azumarill|Liquidation|p2b: Amoonguss\n|-resisted|p2b: Amoonguss\n|-damage|p2b: Amoonguss|76\/100\n|\n|-damage|p1a: Azumarill|95\/100 brn|[from] brn\n|upkeep\n|turn|8\n|\n|t:|1683171616\n|move|p2b: Amoonguss|Rage Powder|p2b: Amoonguss\n|-singleturn|p2b: Amoonguss|move: Rage Powder\n|move|p1b: Chien-Pao|Sacred Sword|p2b: Amoonguss\n|-damage|p2b: Amoonguss|54\/100\n|move|p2a: Arcanine|Flare Blitz|p1b: Chien-Pao\n|-damage|p1b: Chien-Pao|0 fnt\n|faint|p1b: Chien-Pao\n|-damage|p2a: Arcanine|57\/100|[from] Recoil\n|move|p1a: Azumarill|Liquidation|p2b: Amoonguss\n|-resisted|p2b: Amoonguss\n|-damage|p2b: Amoonguss|47\/100\n|-enditem|p2b: Amoonguss|Sitrus Berry|[eat]\n|-heal|p2b: Amoonguss|72\/100|[from] item: Sitrus Berry\n|\n|-damage|p1a: Azumarill|89\/100 brn|[from] brn\n|upkeep\n|turn|9\n|\n|t:|1683171634\n|switch|p2a: Palafin|Palafin-Hero, L50, M|30\/100 brn\n|move|p1a: Azumarill|Play Rough|p2b: Amoonguss\n|-damage|p2b: Amoonguss|57\/100\n|-unboost|p2b: Amoonguss|atk|1\n|move|p2b: Amoonguss|Pollen Puff|p2a: Palafin\n|-heal|p2a: Palafin|80\/100 brn\n|\n|-damage|p2a: Palafin|74\/100 brn|[from] brn\n|-damage|p1a: Azumarill|83\/100 brn|[from] brn\n|upkeep\n|turn|10\n|\n|t:|1683171647\n|switch|p2a: Arcanine|Arcanine, L50, F|57\/100\n|-ability|p2a: Arcanine|Intimidate|boost\n|-unboost|p1a: Azumarill|atk|1\n|move|p1a: Azumarill|Play Rough|p2a: Arcanine|[miss]\n|-miss|p1a: Azumarill|p2a: Arcanine\n|move|p2b: Amoonguss|Pollen Puff|p2a: Arcanine\n|-heal|p2a: Arcanine|100\/100\n|\n|-damage|p1a: Azumarill|77\/100 brn|[from] brn\n|upkeep\n|turn|11\n|\n|t:|1683171662\n|switch|p2a: Palafin|Palafin-Hero, L50, M|74\/100 brn\n|move|p1a: Azumarill|Aqua Jet|p2a: Palafin\n|-resisted|p2a: Palafin\n|-damage|p2a: Palafin|72\/100 brn\n|move|p2b: Amoonguss|Pollen Puff|p2a: Palafin\n|-heal|p2a: Palafin|100\/100 brn\n|\n|-damage|p2a: Palafin|95\/100 brn|[from] brn\n|-damage|p1a: Azumarill|71\/100 brn|[from] brn\n|upkeep\n|turn|12\n|\n|t:|1683171674\n|switch|p2b: Arcanine|Arcanine, L50, F|100\/100\n|-ability|p2b: Arcanine|Intimidate|boost\n|-unboost|p1a: Azumarill|atk|1\n|move|p2a: Palafin|Wave Crash|p1a: Azumarill\n|-resisted|p1a: Azumarill\n|-damage|p1a: Azumarill|47\/100 brn\n|-damage|p2a: Palafin|86\/100 brn|[from] Recoil\n|move|p1a: Azumarill|Play Rough|p2a: Palafin\n|-damage|p2a: Palafin|75\/100 brn\n|\n|-damage|p2a: Palafin|69\/100 brn|[from] brn\n|-damage|p1a: Azumarill|41\/100 brn|[from] brn\n|upkeep\n|turn|13\n|\n|t:|1683171690\n|move|p2b: Arcanine|Extreme Speed|p1a: Azumarill\n|-damage|p1a: Azumarill|15\/100 brn\n|move|p2a: Palafin|Wave Crash|p1a: Azumarill\n|-resisted|p1a: Azumarill\n|-damage|p1a: Azumarill|0 fnt\n|faint|p1a: Azumarill\n|-damage|p2a: Palafin|64\/100 brn|[from] Recoil\n|\n|win|leafyarrow\n|n|\u2606jmiel_29|jmiel29\n|n|\u2606leafyarrow|leafyarrow\n|n| SparkySign|sparkysign\n|c|\u2606jmiel_29|ggs\n|c|\u2606leafyarrow|gg\n","uploadtime":1683171701,"views":5,"p1id":"jmiel29","p2id":"leafyarrow","formatid":"gen9vgc2023regulationc","rating":0,"private":0,"password":""}