{"id":"gen9vgc2023regulationc-1852143348","p1":"LynxVGC69","p2":"lewey","format":"[Gen 9] VGC 2023 Regulation C","log":"|j|\u2606LynxVGC69\n|j|\u2606lewey\n|t:|1682527692\n|gametype|doubles\n|player|p1|LynxVGC69|265|1208\n|player|p2|lewey|169|1128\n|teamsize|p1|6\n|teamsize|p2|6\n|gen|9\n|tier|[Gen 9] VGC 2023 Regulation C\n|rated|\n|rule|Species Clause: Limit one of each Pok\u00e9mon\n|rule|Item Clause: Limit one of each item\n|clearpoke\n|poke|p1|Gholdengo, L50|\n|poke|p1|Annihilape, L50, F|\n|poke|p1|Dragonite, L50, M|\n|poke|p1|Scream Tail, L50|\n|poke|p1|Amoonguss, L50, M|\n|poke|p1|Iron Bundle, L50|\n|poke|p2|Chien-Pao, L50|\n|poke|p2|Grimmsnarl, L50, M|\n|poke|p2|Armarouge, L50, M|\n|poke|p2|Sandy Shocks, L50|\n|poke|p2|Amoonguss, L50, M|\n|poke|p2|Goodra, L50, F|\n|teampreview|4\n|inactive|Battle timer is ON: inactive players will automatically lose when time's up. (requested by LynxVGC69)\n|inactive|LynxVGC69 has 60 seconds left.\n|\n|t:|1682527724\n|start\n|switch|p1a: Annihilape|Annihilape, L50, F|100\/100\n|switch|p1b: Scream Tail|Scream Tail, L50|100\/100\n|switch|p2a: Grimmsnarl|Grimmsnarl, L50, M|100\/100\n|switch|p2b: Armarouge|Armarouge, L50, M|100\/100\n|-enditem|p1b: Scream Tail|Booster Energy\n|-activate|p1b: Scream Tail|ability: Protosynthesis|[fromitem]\n|-start|p1b: Scream Tail|protosynthesisspe\n|turn|1\n|\n|t:|1682527747\n|-terastallize|p2a: Grimmsnarl|Steel\n|move|p1a: Annihilape|Protect|p1a: Annihilape\n|-singleturn|p1a: Annihilape|Protect\n|move|p2a: Grimmsnarl|Trick|p1a: Annihilape\n|-activate|p1a: Annihilape|move: Protect\n|move|p1b: Scream Tail|Howl|p1b: Scream Tail|[spread] p1a,p1b\n|-boost|p1a: Annihilape|atk|1\n|-boost|p1b: Scream Tail|atk|1\n|move|p2b: Armarouge|Expanding Force|p1a: Annihilape\n|-activate|p1a: Annihilape|move: Protect\n|\n|upkeep\n|turn|2\n|\n|t:|1682527770\n|move|p2a: Grimmsnarl|Trick|p1a: Annihilape\n|-activate|p2a: Grimmsnarl|move: Trick|[of] p1a: Annihilape\n|-item|p1a: Annihilape|Iron Ball|[from] move: Trick\n|-item|p2a: Grimmsnarl|Safety Goggles|[from] move: Trick\n|move|p1b: Scream Tail|Disable|p2b: Armarouge\n|-start|p2b: Armarouge|Disable|Expanding Force\n|cant|p2b: Armarouge|Disable|Expanding Force\n|move|p1a: Annihilape|Rage Fist|p2b: Armarouge\n|-supereffective|p2b: Armarouge\n|-damage|p2b: Armarouge|31\/100\n|\n|upkeep\n|turn|3\n|\n|t:|1682527793\n|-terastallize|p1a: Annihilape|Fire\n|move|p1b: Scream Tail|Howl|p1b: Scream Tail|[spread] p1a,p1b\n|-boost|p1a: Annihilape|atk|1\n|-boost|p1b: Scream Tail|atk|1\n|move|p2b: Armarouge|Armor Cannon|p1a: Annihilape\n|-resisted|p1a: Annihilape\n|-damage|p1a: Annihilape|70\/100\n|-unboost|p2b: Armarouge|def|1\n|-unboost|p2b: Armarouge|spd|1\n|move|p2a: Grimmsnarl|Spirit Break|p1a: Annihilape\n|-resisted|p1a: Annihilape\n|-damage|p1a: Annihilape|52\/100\n|-unboost|p1a: Annihilape|spa|1\n|-ability|p1a: Annihilape|Defiant|boost\n|-boost|p1a: Annihilape|atk|2\n|move|p1a: Annihilape|Drain Punch|p2a: Grimmsnarl\n|-supereffective|p2a: Grimmsnarl\n|-damage|p2a: Grimmsnarl|0 fnt\n|-heal|p1a: Annihilape|99\/100|[from] drain|[of] p2a: Grimmsnarl\n|faint|p2a: Grimmsnarl\n|\n|upkeep\n|\n|t:|1682527804\n|switch|p2a: Goodra|Goodra, L50, F|100\/100\n|turn|4\n|inactive|LynxVGC69 has 30 seconds left.\n|inactive|LynxVGC69 has 20 seconds left.\n|\n|t:|1682527841\n|move|p1b: Scream Tail|Howl|p1b: Scream Tail|[spread] p1a,p1b\n|-boost|p1a: Annihilape|atk|1\n|-boost|p1b: Scream Tail|atk|1\n|move|p2a: Goodra|Draco Meteor|p1a: Annihilape\n|-damage|p1a: Annihilape|43\/100\n|-unboost|p2a: Goodra|spa|2\n|move|p2b: Armarouge|Armor Cannon|p1b: Scream Tail\n|-damage|p1b: Scream Tail|56\/100\n|-unboost|p2b: Armarouge|def|1\n|-unboost|p2b: Armarouge|spd|1\n|move|p1a: Annihilape|Drain Punch|p2a: Goodra\n|-damage|p2a: Goodra|0 fnt\n|-heal|p1a: Annihilape|89\/100|[from] drain|[of] p2a: Goodra\n|-ability|p2a: Goodra|Gooey\n|-unboost|p1a: Annihilape|spe|1\n|-ability|p1a: Annihilape|Defiant|boost\n|-boost|p1a: Annihilape|atk|1\n|faint|p2a: Goodra\n|\n|upkeep\n|\n|t:|1682527851\n|switch|p2a: Chien-Pao|Chien-Pao, L50|100\/100\n|-ability|p2a: Chien-Pao|Sword of Ruin\n|turn|5\n|\n|t:|1682527865\n|move|p1a: Annihilape|Protect|p1a: Annihilape\n|-singleturn|p1a: Annihilape|Protect\n|move|p1b: Scream Tail|Disable||[still]\n|-fail|p1b: Scream Tail\n|move|p2a: Chien-Pao|Throat Chop|p1a: Annihilape\n|-activate|p1a: Annihilape|move: Protect\n|move|p2b: Armarouge|Armor Cannon|p1b: Scream Tail\n|-damage|p1b: Scream Tail|7\/100\n|-unboost|p2b: Armarouge|def|1\n|-unboost|p2b: Armarouge|spd|1\n|\n|-end|p2b: Armarouge|Disable\n|upkeep\n|turn|6\n|\n|t:|1682527885\n|move|p1b: Scream Tail|Disable|p2a: Chien-Pao\n|-start|p2a: Chien-Pao|Disable|Throat Chop\n|cant|p2a: Chien-Pao|Disable|Throat Chop\n|move|p2b: Armarouge|Expanding Force|p1a: Annihilape\n|-damage|p1a: Annihilape|39\/100\n|move|p1a: Annihilape|Drain Punch|p2a: Chien-Pao\n|-supereffective|p2a: Chien-Pao\n|-damage|p2a: Chien-Pao|0 fnt\n|-heal|p1a: Annihilape|75\/100|[from] drain|[of] p2a: Chien-Pao\n|faint|p2a: Chien-Pao\n|\n|upkeep\n|turn|7\n|\n|t:|1682527900\n|move|p1b: Scream Tail|Howl|p1b: Scream Tail|[spread] p1a,p1b\n|-boost|p1a: Annihilape|atk|0\n|-boost|p1b: Scream Tail|atk|1\n|move|p2b: Armarouge|Expanding Force|p1a: Annihilape\n|-damage|p1a: Annihilape|24\/100\n|move|p1a: Annihilape|Rage Fist|p2b: Armarouge\n|-supereffective|p2b: Armarouge\n|-damage|p2b: Armarouge|0 fnt\n|faint|p2b: Armarouge\n|\n|win|LynxVGC69\n|raw|LynxVGC69's rating: 1208 → 1227<\/strong> (+19 for winning)\n|raw|lewey's rating: 1128 → 1109<\/strong> (-19 for losing)\n|l|\u2606lewey\n","uploadtime":1682527913,"views":20,"p1id":"lynxvgc69","p2id":"lewey","formatid":"gen9vgc2023regulationc","rating":1109,"private":0,"password":""}