{"id":"gen9vgc2023regulationc-1852893100","p1":"im_crypto1","p2":"icedragonkid105","format":"[Gen 9] VGC 2023 Regulation C","log":"|j|\u2606im_crypto1\n|j|\u2606icedragonkid105\n|t:|1682615122\n|gametype|doubles\n|player|p1|im_crypto1|1|1105\n|player|p2|icedragonkid105|1|1194\n|teamsize|p1|6\n|teamsize|p2|6\n|gen|9\n|tier|[Gen 9] VGC 2023 Regulation C\n|rated|\n|rule|Species Clause: Limit one of each Pok\u00e9mon\n|rule|Item Clause: Limit one of each item\n|clearpoke\n|poke|p1|Palafin, L50, F|\n|poke|p1|Amoonguss, L50, M|\n|poke|p1|Arcanine, L50, F|\n|poke|p1|Ting-Lu, L50|\n|poke|p1|Flutter Mane, L50|\n|poke|p1|Baxcalibur, L50, F|\n|poke|p2|Baxcalibur, L50, M|\n|poke|p2|Flutter Mane, L50|\n|poke|p2|Chi-Yu, L50|\n|poke|p2|Iron Hands, L50|\n|poke|p2|Iron Bundle, L50|\n|poke|p2|Arcanine, L50, M|\n|teampreview|4\n|inactive|Battle timer is ON: inactive players will automatically lose when time's up. (requested by icedragonkid105)\n|inactive|im_crypto1 has 60 seconds left.\n|\n|t:|1682615188\n|start\n|switch|p1a: Palafin|Palafin, L50, F|100\/100\n|switch|p1b: Flutter Mane|Flutter Mane, L50|100\/100\n|switch|p2a: Glacius|Baxcalibur, L50, M|100\/100\n|switch|p2b: K-9|Arcanine, L50, M|100\/100\n|-ability|p2b: K-9|Intimidate|boost\n|-unboost|p1a: Palafin|atk|1\n|-unboost|p1b: Flutter Mane|atk|1\n|-enditem|p1b: Flutter Mane|Booster Energy\n|-activate|p1b: Flutter Mane|ability: Protosynthesis|[fromitem]\n|-start|p1b: Flutter Mane|protosynthesisspe\n|turn|1\n|\n|t:|1682615204\n|-terastallize|p2a: Glacius|Poison\n|move|p1b: Flutter Mane|Dazzling Gleam|p2b: K-9|[spread] p2a,p2b\n|-resisted|p2a: Glacius\n|-resisted|p2b: K-9\n|-damage|p2a: Glacius|86\/100\n|-damage|p2b: K-9|81\/100\n|move|p2b: K-9|Howl|p2b: K-9|[spread] p2a,p2b\n|-boost|p2a: Glacius|atk|1\n|-boost|p2b: K-9|atk|1\n|move|p1a: Palafin|Flip Turn|p2b: K-9\n|-supereffective|p2b: K-9\n|-damage|p2b: K-9|34\/100\n|\n|t:|1682615217\n|detailschange|p1a: Palafin|Palafin-Hero, L50, F\n|switch|p1a: Ting-Lu|Ting-Lu, L50|100\/100|[from] Flip Turn\n|-ability|p1a: Ting-Lu|Vessel of Ruin\n|move|p2a: Glacius|Icicle Crash|p1b: Flutter Mane\n|-damage|p1b: Flutter Mane|0 fnt\n|faint|p1b: Flutter Mane\n|-end|p1b: Flutter Mane|Protosynthesis|[silent]\n|\n|upkeep\n|\n|t:|1682615224\n|switch|p1b: Palafin|Palafin-Hero, L50, F|100\/100\n|-activate|p1b: Palafin|ability: Zero to Hero\n|turn|2\n|inactive|im_crypto1 has 30 seconds left.\n|inactive|im_crypto1 has 20 seconds left.\n|\n|t:|1682615261\n|switch|p2b: Dom|Iron Hands, L50|100\/100\n|move|p1b: Palafin|Jet Punch|p2b: Dom\n|-damage|p2b: Dom|67\/100\n|move|p2a: Glacius|Glaive Rush|p1b: Palafin\n|-damage|p1b: Palafin|0 fnt\n|-singlemove|p2a: Glacius|Glaive Rush|[silent]\n|faint|p1b: Palafin\n|move|p1a: Ting-Lu|Ruination|p2a: Glacius\n|-damage|p2a: Glacius|43\/100\n|\n|upkeep\n|\n|t:|1682615265\n|switch|p1b: Amoonguss|Amoonguss, L50, M|100\/100\n|turn|3\n|\n|t:|1682615282\n|-terastallize|p1b: Amoonguss|Water\n|move|p2b: Dom|Fake Out|p1a: Ting-Lu\n|-damage|p1a: Ting-Lu|90\/100\n|move|p1b: Amoonguss|Rage Powder|p1b: Amoonguss\n|-singleturn|p1b: Amoonguss|move: Rage Powder\n|move|p2a: Glacius|Icicle Crash|p1b: Amoonguss\n|-resisted|p1b: Amoonguss\n|-damage|p1b: Amoonguss|67\/100\n|cant|p1a: Ting-Lu|flinch\n|\n|upkeep\n|turn|4\n|\n|t:|1682615301\n|move|p2a: Glacius|Glaive Rush|p1b: Amoonguss\n|-crit|p1b: Amoonguss\n|-damage|p1b: Amoonguss|0 fnt\n|-singlemove|p2a: Glacius|Glaive Rush|[silent]\n|faint|p1b: Amoonguss\n|move|p2b: Dom|Drain Punch|p1a: Ting-Lu\n|-supereffective|p1a: Ting-Lu\n|-damage|p1a: Ting-Lu|35\/100\n|-heal|p2b: Dom|92\/100|[from] drain|[of] p1a: Ting-Lu\n|move|p1a: Ting-Lu|Ruination|p2b: Dom\n|-damage|p2b: Dom|46\/100\n|\n|upkeep\n|turn|5\n|-message|im_crypto1 forfeited.\n|\n|win|icedragonkid105\n|raw|im_crypto1's rating: 1105 → 1086<\/strong> (-19 for losing)\n|raw|icedragonkid105's rating: 1194 → 1213<\/strong> (+19 for winning)\n|l|\u2606im_crypto1\n","uploadtime":1682615317,"views":7,"p1id":"imcrypto1","p2id":"icedragonkid105","formatid":"gen9vgc2023regulationc","rating":1086,"private":0,"password":""}