{"id":"gen9vgc2023regulationc-1849526012","p1":"Sunny_zong","p2":"jchemmy","format":"[Gen 9] VGC 2023 Regulation C","log":"|j|\u2606Sunny_zong\n|j|\u2606jchemmy\n|t:|1682208995\n|gametype|doubles\n|player|p1|Sunny_zong|lady|1223\n|player|p2|jchemmy|brock|1313\n|teamsize|p1|6\n|teamsize|p2|6\n|gen|9\n|tier|[Gen 9] VGC 2023 Regulation C\n|rated|\n|rule|Species Clause: Limit one of each Pok\u00e9mon\n|rule|Item Clause: Limit one of each item\n|clearpoke\n|poke|p1|Iron Valiant, L50|\n|poke|p1|Pincurchin, L50, F|\n|poke|p1|Iron Moth, L50|\n|poke|p1|Iron Treads, L50|\n|poke|p1|Iron Hands, L50|\n|poke|p1|Iron Bundle, L50|\n|poke|p2|Arcanine, L50, F|\n|poke|p2|Palafin, L50, M|\n|poke|p2|Flutter Mane, L50|\n|poke|p2|Ting-Lu, L50|\n|poke|p2|Amoonguss, L50, M|\n|poke|p2|Baxcalibur, L50, F|\n|teampreview|4\n|inactive|Battle timer is ON: inactive players will automatically lose when time's up. (requested by jchemmy)\n|inactive|Sunny_zong also wants the timer to be on.\njchemmy has agreed to open team sheets.\n|inactive|jchemmy has 60 seconds left.\n|\n|t:|1682209026\n|start\n|switch|p1a: Pincurchin|Pincurchin, L50, F, shiny|100\/100\n|switch|p1b: Iron Moth|Iron Moth, L50|100\/100\n|switch|p2a: Palafin|Palafin, L50, M|100\/100\n|switch|p2b: Ting-Lu|Ting-Lu, L50|100\/100\n|-ability|p2b: Ting-Lu|Vessel of Ruin\n|-fieldstart|move: Electric Terrain|[from] ability: Electric Surge|[of] p1a: Pincurchin\n|-activate|p1b: Iron Moth|ability: Quark Drive\n|-start|p1b: Iron Moth|quarkdrivespa\n|-enditem|p1b: Iron Moth|Electric Seed\n|-boost|p1b: Iron Moth|def|1|[from] item: Electric Seed\n|turn|1\n|inactive|Sunny_zong has 30 seconds left.\n|inactive|Sunny_zong has 20 seconds left.\n|inactive|Sunny_zong has 15 seconds left.\n|inactive|Sunny_zong has 10 seconds left.\n|inactive|Sunny_zong has 5 seconds left.\n|\n|t:|1682209077\n|detailschange|p2a: Palafin|Palafin-Hero, L50, M\n|switch|p2a: Arcanine|Arcanine, L50, F|100\/100\n|-ability|p2a: Arcanine|Intimidate|boost\n|-unboost|p1a: Pincurchin|atk|1\n|-unboost|p1b: Iron Moth|atk|1\n|-terastallize|p1b: Iron Moth|Flying\n|move|p1b: Iron Moth|Dazzling Gleam|p2a: Arcanine|[spread] p2a,p2b\n|-resisted|p2a: Arcanine\n|-supereffective|p2b: Ting-Lu\n|-damage|p2a: Arcanine|87\/100\n|-damage|p2b: Ting-Lu|80\/100\n|move|p2b: Ting-Lu|Stomping Tantrum|p1a: Pincurchin\n|-supereffective|p1a: Pincurchin\n|-damage|p1a: Pincurchin|10\/100\n|move|p1a: Pincurchin|Liquidation|p2b: Ting-Lu\n|-supereffective|p2b: Ting-Lu\n|-damage|p2b: Ting-Lu|57\/100\n|\n|upkeep\n|turn|2\n|inactive|jchemmy has 30 seconds left.\n|\n|t:|1682209106\n|-terastallize|p2b: Ting-Lu|Poison\n|move|p1a: Pincurchin|Sucker Punch|p2a: Arcanine\n|-damage|p2a: Arcanine|71\/100\n|move|p1b: Iron Moth|Sludge Wave|p2b: Ting-Lu|[spread] p1a,p2a,p2b\n|-resisted|p2b: Ting-Lu\n|-damage|p1a: Pincurchin|0 fnt\n|-damage|p2a: Arcanine|22\/100\n|-damage|p2b: Ting-Lu|47\/100\n|faint|p1a: Pincurchin\n|move|p2a: Arcanine|Snarl|p1b: Iron Moth\n|-damage|p1b: Iron Moth|91\/100\n|-unboost|p1b: Iron Moth|spa|1\n|move|p2b: Ting-Lu|Ruination|p1b: Iron Moth\n|-damage|p1b: Iron Moth|46\/100\n|\n|upkeep\n|\n|t:|1682209120\n|switch|p1a: Iron Treads|Iron Treads, L50|100\/100\n|-activate|p1a: Iron Treads|ability: Quark Drive\n|-start|p1a: Iron Treads|quarkdrivespe\n|turn|3\n|\n|t:|1682209139\n|move|p2a: Arcanine|Protect|p2a: Arcanine\n|-singleturn|p2a: Arcanine|Protect\n|move|p1a: Iron Treads|Earthquake|p2a: Arcanine|[spread] p2b\n|-activate|p2a: Arcanine|move: Protect\n|-immune|p1b: Iron Moth\n|-supereffective|p2b: Ting-Lu\n|-damage|p2b: Ting-Lu|3\/100\n|move|p1b: Iron Moth|Sludge Wave|p2a: Arcanine|[spread] p2b\n|-activate|p2a: Arcanine|move: Protect\n|-immune|p1a: Iron Treads\n|-resisted|p2b: Ting-Lu\n|-damage|p2b: Ting-Lu|0 fnt\n|faint|p2b: Ting-Lu\n|\n|upkeep\n|\n|t:|1682209159\n|switch|p2b: Baxcalibur|Baxcalibur, L50, F|100\/100\n|turn|4\n|\n|t:|1682209171\n|switch|p2a: Palafin|Palafin-Hero, L50, M|100\/100\n|-activate|p2a: Palafin|ability: Zero to Hero\n|move|p1a: Iron Treads|Iron Head|p2b: Baxcalibur\n|-supereffective|p2b: Baxcalibur\n|-damage|p2b: Baxcalibur|37\/100\n|move|p1b: Iron Moth|Sludge Wave|p2b: Baxcalibur|[spread] p2a,p2b\n|-immune|p1a: Iron Treads\n|-damage|p2a: Palafin|62\/100\n|-damage|p2b: Baxcalibur|4\/100\n|-status|p2b: Baxcalibur|psn\n|move|p2b: Baxcalibur|Icicle Crash|p1b: Iron Moth|[miss]\n|-miss|p2b: Baxcalibur|p1b: Iron Moth\n|\n|-damage|p2b: Baxcalibur|0 fnt|[from] psn\n|faint|p2b: Baxcalibur\n|upkeep\n|\n|t:|1682209184\n|switch|p2b: Arcanine|Arcanine, L50, F|22\/100\n|-ability|p2b: Arcanine|Intimidate|boost\n|-unboost|p1a: Iron Treads|atk|1\n|-unboost|p1b: Iron Moth|atk|1\n|turn|5\n|\n|t:|1682209196\n|move|p2b: Arcanine|Protect|p2b: Arcanine\n|-singleturn|p2b: Arcanine|Protect\n|move|p2a: Palafin|Protect|p2a: Palafin\n|-singleturn|p2a: Palafin|Protect\n|move|p1a: Iron Treads|Earthquake|p2a: Palafin|[spread] \n|-activate|p2a: Palafin|move: Protect\n|-activate|p2b: Arcanine|move: Protect\n|-immune|p1b: Iron Moth\n|move|p1b: Iron Moth|Sludge Wave|p2b: Arcanine|[spread] \n|-activate|p2a: Palafin|move: Protect\n|-activate|p2b: Arcanine|move: Protect\n|-immune|p1a: Iron Treads\n|\n|upkeep\n|turn|6\n|\n|t:|1682209219\n|move|p2b: Arcanine|Protect||[still]\n|-fail|p2b: Arcanine\n|move|p2a: Palafin|Jet Punch|p1a: Iron Treads\n|-supereffective|p1a: Iron Treads\n|-damage|p1a: Iron Treads|13\/100\n|move|p1a: Iron Treads|Earthquake|p2b: Arcanine|[spread] p2a,p2b\n|-immune|p1b: Iron Moth\n|-supereffective|p2b: Arcanine\n|-crit|p2b: Arcanine\n|-damage|p2a: Palafin|43\/100\n|-damage|p2b: Arcanine|0 fnt\n|faint|p2b: Arcanine\n|move|p1b: Iron Moth|Sludge Wave|p2a: Palafin|[spread] p2a\n|-immune|p1a: Iron Treads\n|-damage|p2a: Palafin|8\/100\n|\n|upkeep\n|turn|7\n|\n|t:|1682209225\n|move|p2a: Palafin|Jet Punch|p1a: Iron Treads\n|-supereffective|p1a: Iron Treads\n|-damage|p1a: Iron Treads|0 fnt\n|faint|p1a: Iron Treads\n|-end|p1a: Iron Treads|Quark Drive|[silent]\n|move|p1b: Iron Moth|Sludge Wave|p2a: Palafin\n|-damage|p2a: Palafin|0 fnt\n|faint|p2a: Palafin\n|\n|win|Sunny_zong\n|raw|Sunny_zong's rating: 1223 → 1254<\/strong> (+31 for winning)\n|raw|jchemmy's rating: 1313 → 1288<\/strong> (-25 for losing)\n|l|\u2606Sunny_zong\n","uploadtime":1682209230,"views":10,"p1id":"sunnyzong","p2id":"jchemmy","formatid":"gen9vgc2023regulationc","rating":1254,"private":0,"password":""}