{"id":"gen9vgc2023regulationc-1846953800","p1":"AleexVGC","p2":"pecorinoroma","format":"[Gen 9] VGC 2023 Regulation C","log":"|j|\u2606AleexVGC\n|j|\u2606pecorinoroma\n|t:|1681905548\n|gametype|doubles\n|player|p1|AleexVGC|swimmerf-gen4dp|1065\n|player|p2|pecorinoroma|wattson|1162\n|teamsize|p1|6\n|teamsize|p2|6\n|gen|9\n|tier|[Gen 9] VGC 2023 Regulation C\n|rated|\n|rule|Species Clause: Limit one of each Pok\u00e9mon\n|rule|Item Clause: Limit one of each item\n|clearpoke\n|poke|p1|Flutter Mane, L50|\n|poke|p1|Armarouge, L50, M|\n|poke|p1|Indeedee-F, L50, F|\n|poke|p1|Great Tusk, L50|\n|poke|p1|Iron Bundle, L50|\n|poke|p1|Hydreigon, L50, F|\n|poke|p2|Flutter Mane, L50|\n|poke|p2|Great Tusk, L50|\n|poke|p2|Talonflame, L50, M|\n|poke|p2|Hydreigon, L50, M|\n|poke|p2|Indeedee-F, L50, F|\n|poke|p2|Armarouge, L50, F|\n|teampreview|4\n|\n|t:|1681905587\n|start\n|switch|p1a: Gucci Hamish|Hydreigon, L50, F|100\/100\n|switch|p1b: Munch|Armarouge, L50, M, shiny|100\/100\n|switch|p2a: Talonflame|Talonflame, L50, M|100\/100\n|switch|p2b: Great Tusk|Great Tusk, L50|100\/100\n|turn|1\n|\n|t:|1681905640\n|switch|p1a: Feelin U?|Flutter Mane, L50|100\/100\n|move|p1b: Munch|Protect|p1b: Munch\n|-singleturn|p1b: Munch|Protect\n|move|p2a: Talonflame|Tailwind|p2a: Talonflame\n|-sidestart|p2: pecorinoroma|move: Tailwind\n|move|p2b: Great Tusk|Close Combat|p1b: Munch\n|-activate|p1b: Munch|move: Protect\n|\n|upkeep\n|turn|2\n|inactive|Battle timer is ON: inactive players will automatically lose when time's up. (requested by AleexVGC)\n|\n|t:|1681905684\n|-end|p2b: Great Tusk|Protosynthesis|[silent]\n|switch|p2b: Flutter Mane|Flutter Mane, L50|100\/100\n|-terastallize|p1a: Feelin U?|Fairy\n|move|p2a: Talonflame|Brave Bird|p1a: Feelin U?\n|-damage|p1a: Feelin U?|24\/100\n|-damage|p2a: Talonflame|83\/100|[from] Recoil\n|move|p1a: Feelin U?|Moonblast|p2b: Flutter Mane\n|-damage|p2b: Flutter Mane|0 fnt\n|faint|p2b: Flutter Mane\n|-end|p2b: Flutter Mane|Protosynthesis|[silent]\n|move|p1b: Munch|Trick Room|p1b: Munch\n|-fieldstart|move: Trick Room|[of] p1b: Munch\n|\n|upkeep\n|\n|t:|1681905701\n|switch|p2b: Hydreigon|Hydreigon, L50, M|100\/100\n|turn|3\n|\n|t:|1681905714\n|-end|p1a: Feelin U?|Protosynthesis|[silent]\n|switch|p1a: Quach|Great Tusk, L50, shiny|100\/100\n|move|p2b: Hydreigon|Protect|p2b: Hydreigon\n|-singleturn|p2b: Hydreigon|Protect\n|move|p1b: Munch|Armor Cannon|p2a: Talonflame\n|-resisted|p2a: Talonflame\n|-damage|p2a: Talonflame|30\/100\n|-unboost|p1b: Munch|def|1\n|-unboost|p1b: Munch|spd|1\n|-damage|p1b: Munch|91\/100|[from] item: Life Orb\n|move|p2a: Talonflame|Brave Bird|p1a: Quach\n|-supereffective|p1a: Quach\n|-damage|p1a: Quach|47\/100\n|-damage|p2a: Talonflame|12\/100|[from] Recoil\n|\n|upkeep\n|turn|4\n|inactive|AleexVGC has 30 seconds left.\n|inactive|pecorinoroma has 30 seconds left.\n|inactive|AleexVGC has 20 seconds left.\n|\n|t:|1681905752\n|-terastallize|p2b: Hydreigon|Fire\n|move|p2a: Talonflame|Feint|p1b: Munch\n|-damage|p1b: Munch|82\/100\n|move|p1b: Munch|Expanding Force|p2b: Hydreigon\n|-damage|p2b: Hydreigon|47\/100\n|-damage|p1b: Munch|72\/100|[from] item: Life Orb\n|move|p1a: Quach|Close Combat|p2b: Hydreigon\n|-damage|p2b: Hydreigon|0 fnt\n|-unboost|p1a: Quach|def|1\n|-unboost|p1a: Quach|spd|1\n|faint|p2b: Hydreigon\n|\n|-sideend|p2: pecorinoroma|move: Tailwind\n|upkeep\n|\n|t:|1681905762\n|switch|p2b: Great Tusk|Great Tusk, L50|100\/100\n|turn|5\n|\n|t:|1681905775\n|move|p1b: Munch|Armor Cannon|p2a: Talonflame\n|-resisted|p2a: Talonflame\n|-damage|p2a: Talonflame|0 fnt\n|-unboost|p1b: Munch|def|1\n|-unboost|p1b: Munch|spd|1\n|faint|p2a: Talonflame\n|-damage|p1b: Munch|63\/100|[from] item: Life Orb\n|move|p1a: Quach|Close Combat|p2b: Great Tusk\n|-damage|p2b: Great Tusk|49\/100\n|-unboost|p1a: Quach|def|1\n|-unboost|p1a: Quach|spd|1\n|move|p2b: Great Tusk|Earthquake|p1a: Quach|[spread] p1a,p1b\n|-supereffective|p1b: Munch\n|-damage|p1a: Quach|0 fnt\n|-damage|p1b: Munch|0 fnt\n|faint|p1a: Quach\n|-end|p1a: Quach|Protosynthesis|[silent]\n|faint|p1b: Munch\n|\n|upkeep\n|\n|t:|1681905795\n|switch|p1b: Feelin U?|Flutter Mane, L50, tera:Fairy|24\/100\n|switch|p1a: Gucci Hamish|Hydreigon, L50, F|100\/100\n|turn|6\n|\n|t:|1681905816\n|move|p1a: Gucci Hamish|Draco Meteor|p2b: Great Tusk\n|-damage|p2b: Great Tusk|0 fnt\n|-unboost|p1a: Gucci Hamish|spa|2\n|faint|p2b: Great Tusk\n|-end|p2b: Great Tusk|Protosynthesis|[silent]\n|\n|win|AleexVGC\n|raw|AleexVGC's rating: 1065 → 1103<\/strong> (+38 for winning)\n|raw|pecorinoroma's rating: 1162 → 1130<\/strong> (-32 for losing)\n|l|\u2606pecorinoroma\n","uploadtime":1681905828,"views":8,"p1id":"aleexvgc","p2id":"pecorinoroma","formatid":"gen9vgc2023regulationc","rating":1103,"private":0,"password":""}