{"id":"gen9vgc2023regulationc-1846504902","p1":"FlamingRaccoonVGC","p2":"Veiv","format":"[Gen 9] VGC 2023 Regulation C","log":"|j|\u2606FlamingRaccoonVGC\n|j|\u2606Veiv\n|t:|1681846540\n|gametype|doubles\n|player|p1|FlamingRaccoonVGC|rika|\n|player|p2|Veiv|cynthia-gen4|\n|teamsize|p1|6\n|teamsize|p2|6\n|gen|9\n|tier|[Gen 9] VGC 2023 Regulation C\n|rule|Species Clause: Limit one of each Pok\u00e9mon\n|rule|Item Clause: Limit one of each item\n|clearpoke\n|poke|p1|Maushold-Four, L50|\n|poke|p1|Annihilape, L50, M|\n|poke|p1|Gyarados, L50, M|\n|poke|p1|Amoonguss, L50, F|\n|poke|p1|Ting-Lu, L50|\n|poke|p1|Volcarona, L50, M|\n|poke|p2|Spiritomb, L50, F|\n|poke|p2|Chien-Pao, L50|\n|poke|p2|Ting-Lu, L50|\n|poke|p2|Brute Bonnet, L50|\n|poke|p2|Iron Jugulis, L50|\n|poke|p2|Kingambit, L50, F|\n|teampreview|4\nFlamingRaccoonVGC has agreed to open team sheets.\nVeiv has agreed to open team sheets.\n|\n|t:|1681846782\n|start\n|switch|p1a: Amoonguss|Amoonguss, L50, F|100\/100\n|switch|p1b: Gyarados|Gyarados, L50, M, shiny|100\/100\n|switch|p2a: Iron Jugulis|Iron Jugulis, L50|100\/100\n|switch|p2b: Chien-Pao|Chien-Pao, L50|100\/100\n|-ability|p2b: Chien-Pao|Sword of Ruin\n|-ability|p1b: Gyarados|Intimidate|boost\n|-unboost|p2a: Iron Jugulis|atk|1\n|-unboost|p2b: Chien-Pao|atk|1\n|-enditem|p2a: Iron Jugulis|Booster Energy\n|-activate|p2a: Iron Jugulis|ability: Quark Drive|[fromitem]\n|-start|p2a: Iron Jugulis|quarkdrivespe\n|turn|1\n|\n|t:|1681846800\n|move|p2b: Chien-Pao|Protect|p2b: Chien-Pao\n|-singleturn|p2b: Chien-Pao|Protect\n|move|p1a: Amoonguss|Protect|p1a: Amoonguss\n|-singleturn|p1a: Amoonguss|Protect\n|move|p2a: Iron Jugulis|Taunt|p1a: Amoonguss\n|-activate|p1a: Amoonguss|move: Protect\n|move|p1b: Gyarados|Taunt|p2a: Iron Jugulis\n|-start|p2a: Iron Jugulis|move: Taunt\n|\n|upkeep\n|turn|2\n|\n|t:|1681846863\n|-terastallize|p1a: Amoonguss|Water\n|move|p2a: Iron Jugulis|Air Slash|p1a: Amoonguss\n|-damage|p1a: Amoonguss|74\/100\n|move|p2b: Chien-Pao|Ice Spinner|p1a: Amoonguss\n|-resisted|p1a: Amoonguss\n|-damage|p1a: Amoonguss|59\/100\n|-damage|p2b: Chien-Pao|84\/100|[from] item: Rocky Helmet|[of] p1a: Amoonguss\n|move|p1b: Gyarados|Thunder Wave|p2b: Chien-Pao\n|-status|p2b: Chien-Pao|par\n|move|p1a: Amoonguss|Spore|p2a: Iron Jugulis\n|-status|p2a: Iron Jugulis|slp|[from] move: Spore\n|\n|upkeep\n|turn|3\n|\n|t:|1681846904\n|switch|p1a: Annihilape|Annihilape, L50, M|100\/100\n|cant|p2a: Iron Jugulis|slp\n|move|p1b: Gyarados|Iron Head|p2b: Chien-Pao\n|-supereffective|p2b: Chien-Pao\n|-damage|p2b: Chien-Pao|22\/100 par\n|cant|p2b: Chien-Pao|par\n|\n|upkeep\n|turn|4\n|\n|t:|1681846930\n|move|p2b: Chien-Pao|Sucker Punch|p1b: Gyarados\n|-damage|p1b: Gyarados|70\/100\n|cant|p2a: Iron Jugulis|slp\n|move|p1b: Gyarados|Iron Head|p2b: Chien-Pao\n|-supereffective|p2b: Chien-Pao\n|-damage|p2b: Chien-Pao|0 fnt\n|faint|p2b: Chien-Pao\n|move|p1a: Annihilape|Bulk Up|p1a: Annihilape\n|-boost|p1a: Annihilape|atk|1\n|-boost|p1a: Annihilape|def|1\n|\n|-end|p2a: Iron Jugulis|move: Taunt\n|upkeep\n|\n|t:|1681846951\n|switch|p2b: Brute Bonnet|Brute Bonnet, L50|100\/100\n|turn|5\n|\n|t:|1681846995\n|switch|p1b: Ting-Lu|Ting-Lu, L50|100\/100\n|-ability|p1b: Ting-Lu|Vessel of Ruin\n|-curestatus|p2a: Iron Jugulis|slp|[msg]\n|move|p2a: Iron Jugulis|Air Slash|p1a: Annihilape\n|-supereffective|p1a: Annihilape\n|-damage|p1a: Annihilape|61\/100\n|cant|p1a: Annihilape|flinch\n|move|p2b: Brute Bonnet|Spore|p1b: Ting-Lu\n|-status|p1b: Ting-Lu|slp|[from] move: Spore\n|\n|upkeep\n|turn|6\n|\n|t:|1681847022\n|switch|p1b: Gyarados|Gyarados, L50, M, shiny|70\/100\n|-ability|p1b: Gyarados|Intimidate|boost\n|-unboost|p2a: Iron Jugulis|atk|1\n|-unboost|p2b: Brute Bonnet|atk|1\n|move|p1a: Annihilape|Protect|p1a: Annihilape\n|-singleturn|p1a: Annihilape|Protect\n|move|p2a: Iron Jugulis|Air Slash|p1a: Annihilape\n|-activate|p1a: Annihilape|move: Protect\n|move|p2b: Brute Bonnet|Bullet Seed|p1b: Gyarados\n|-damage|p1b: Gyarados|60\/100\n|-damage|p1b: Gyarados|50\/100\n|-damage|p1b: Gyarados|41\/100\n|-damage|p1b: Gyarados|31\/100\n|-hitcount|p1b: Gyarados|4\n|\n|upkeep\n|turn|7\n|\n|t:|1681847054\n|switch|p1b: Amoonguss|Amoonguss, L50, F, tera:Water|92\/100\n|move|p2b: Brute Bonnet|Protect|p2b: Brute Bonnet\n|-singleturn|p2b: Brute Bonnet|Protect\n|move|p2a: Iron Jugulis|Air Slash|p1b: Amoonguss\n|-damage|p1b: Amoonguss|66\/100\n|move|p1a: Annihilape|Drain Punch|p2a: Iron Jugulis\n|-damage|p2a: Iron Jugulis|46\/100\n|-heal|p1a: Annihilape|82\/100|[from] drain|[of] p2a: Iron Jugulis\n|\n|upkeep\n|turn|8\n|\n|t:|1681847080\n|move|p1b: Amoonguss|Rage Powder|p1b: Amoonguss\n|-singleturn|p1b: Amoonguss|move: Rage Powder\n|move|p2a: Iron Jugulis|Taunt|p1b: Amoonguss\n|-start|p1b: Amoonguss|move: Taunt\n|move|p1a: Annihilape|Drain Punch|p2b: Brute Bonnet\n|-supereffective|p2b: Brute Bonnet\n|-damage|p2b: Brute Bonnet|18\/100\n|-heal|p1a: Annihilape|100\/100|[from] drain|[of] p2b: Brute Bonnet\n|move|p2b: Brute Bonnet|Bullet Seed|p1b: Amoonguss\n|-supereffective|p1b: Amoonguss\n|-damage|p1b: Amoonguss|47\/100\n|-supereffective|p1b: Amoonguss\n|-damage|p1b: Amoonguss|29\/100\n|-supereffective|p1b: Amoonguss\n|-damage|p1b: Amoonguss|10\/100\n|-supereffective|p1b: Amoonguss\n|-damage|p1b: Amoonguss|0 fnt\n|faint|p1b: Amoonguss\n|-hitcount|p1: Amoonguss|4\n|\n|upkeep\n|\n|t:|1681847091\n|switch|p1b: Gyarados|Gyarados, L50, M, shiny|31\/100\n|-ability|p1b: Gyarados|Intimidate|boost\n|-unboost|p2a: Iron Jugulis|atk|1\n|-unboost|p2b: Brute Bonnet|atk|1\n|turn|9\n|\n|t:|1681847120\n|move|p2a: Iron Jugulis|Air Slash|p1b: Gyarados\n|-damage|p1b: Gyarados|2\/100\n|-enditem|p1b: Gyarados|Figy Berry|[eat]\n|-heal|p1b: Gyarados|35\/100|[from] item: Figy Berry\n|cant|p1b: Gyarados|flinch\n|move|p1a: Annihilape|Rage Fist|p2a: Iron Jugulis\n|-resisted|p2a: Iron Jugulis\n|-damage|p2a: Iron Jugulis|9\/100\n|move|p2b: Brute Bonnet|Spore|p1a: Annihilape\n|-status|p1a: Annihilape|slp|[from] move: Spore\n|\n|upkeep\n|turn|10\n|\n|t:|1681847143\n|move|p2a: Iron Jugulis|Air Slash|p1b: Gyarados\n|-damage|p1b: Gyarados|5\/100\n|move|p1b: Gyarados|Waterfall|p2a: Iron Jugulis\n|-crit|p2a: Iron Jugulis\n|-damage|p2a: Iron Jugulis|0 fnt\n|faint|p2a: Iron Jugulis\n|-end|p2a: Iron Jugulis|Quark Drive|[silent]\n|cant|p1a: Annihilape|slp\n|move|p2b: Brute Bonnet|Bullet Seed|p1b: Gyarados\n|-damage|p1b: Gyarados|0 fnt\n|faint|p1b: Gyarados\n|-hitcount|p1: Gyarados|1\n|\n|upkeep\n|\n|t:|1681847151\n|switch|p2a: Ting-Lu|Ting-Lu, L50|100\/100\n|switch|p1b: Ting-Lu|Ting-Lu, L50|100\/100 slp\n|-ability|p1b: Ting-Lu|Vessel of Ruin\n|-ability|p2a: Ting-Lu|Vessel of Ruin\n|turn|11\n|\n|t:|1681847173\n|-terastallize|p2a: Ting-Lu|Fairy\n|cant|p1a: Annihilape|slp\n|move|p2b: Brute Bonnet|Crunch|p1a: Annihilape\n|-damage|p1a: Annihilape|88\/100 slp\n|cant|p1b: Ting-Lu|slp\n|move|p2a: Ting-Lu|Tera Blast|p1b: Ting-Lu\n|-supereffective|p1b: Ting-Lu\n|-damage|p1b: Ting-Lu|47\/100 slp\n|\n|upkeep\n|turn|12\n|\n|t:|1681847192\n|cant|p1a: Annihilape|slp\n|move|p2b: Brute Bonnet|Bullet Seed|p1b: Ting-Lu\n|-supereffective|p1b: Ting-Lu\n|-damage|p1b: Ting-Lu|39\/100 slp\n|-supereffective|p1b: Ting-Lu\n|-damage|p1b: Ting-Lu|30\/100 slp\n|-supereffective|p1b: Ting-Lu\n|-damage|p1b: Ting-Lu|20\/100 slp\n|-supereffective|p1b: Ting-Lu\n|-damage|p1b: Ting-Lu|12\/100 slp\n|-hitcount|p1b: Ting-Lu|4\n|cant|p1b: Ting-Lu|slp\n|move|p2a: Ting-Lu|Tera Blast|p1a: Annihilape\n|-supereffective|p1a: Annihilape\n|-damage|p1a: Annihilape|37\/100 slp\n|-enditem|p1a: Annihilape|Sitrus Berry|[eat]\n|-heal|p1a: Annihilape|62\/100 slp|[from] item: Sitrus Berry\n|\n|upkeep\n|turn|13\n|\n|t:|1681847211\n|-curestatus|p1a: Annihilape|slp|[msg]\n|move|p1a: Annihilape|Rage Fist|p2a: Ting-Lu\n|-damage|p2a: Ting-Lu|25\/100\n|move|p2b: Brute Bonnet|Bullet Seed|p1b: Ting-Lu\n|-supereffective|p1b: Ting-Lu\n|-damage|p1b: Ting-Lu|3\/100 slp\n|-supereffective|p1b: Ting-Lu\n|-damage|p1b: Ting-Lu|0 fnt\n|faint|p1b: Ting-Lu\n|-hitcount|p1: Ting-Lu|2\n|move|p2a: Ting-Lu|Tera Blast|p1a: Annihilape\n|-supereffective|p1a: Annihilape\n|-damage|p1a: Annihilape|11\/100\n|\n|upkeep\n|turn|14\n|\n|t:|1681847231\n|move|p1a: Annihilape|Rage Fist|p2a: Ting-Lu\n|-damage|p2a: Ting-Lu|0 fnt\n|faint|p2a: Ting-Lu\n|move|p2b: Brute Bonnet|Crunch|p1a: Annihilape\n|-damage|p1a: Annihilape|0 fnt\n|faint|p1a: Annihilape\n|\n|win|Veiv\n|l|\u2606Veiv\n|l|\u2606FlamingRaccoonVGC\n|j|\u2606FlamingRaccoonVGC\n|player|p1|FlamingRaccoonVGC|rika\n","uploadtime":1681847589,"views":11,"p1id":"flamingraccoonvgc","p2id":"veiv","formatid":"gen9vgc2023regulationc","rating":0,"private":0,"password":""}