{"id":"gen9vgc2023regulationc-1860633457","p1":"SwampCorner","p2":"De ching","format":"[Gen 9] VGC 2023 Regulation C","log":"|j|\u2606SwampCorner\n|j|\u2606De ching\n|t:|1683660969\n|gametype|doubles\n|player|p1|SwampCorner|boarder|1389\n|player|p2|De ching|2|1413\n|teamsize|p1|6\n|teamsize|p2|6\n|gen|9\n|tier|[Gen 9] VGC 2023 Regulation C\n|rated|\n|rule|Species Clause: Limit one of each Pok\u00e9mon\n|rule|Item Clause: Limit one of each item\n|clearpoke\n|poke|p1|Iron Bundle, L50|\n|poke|p1|Abomasnow, L50, F|\n|poke|p1|Flutter Mane, L50|\n|poke|p1|Glimmora, L50, F|\n|poke|p1|Dondozo, L50, M|\n|poke|p1|Tatsugiri-Stretchy, L50, M|\n|poke|p2|Ceruledge, L50, M|\n|poke|p2|Baxcalibur, L50, F|\n|poke|p2|Flutter Mane, L50|\n|poke|p2|Ting-Lu, L50|\n|poke|p2|Gyarados, L50, M|\n|poke|p2|Amoonguss, L50, F|\n|teampreview|4\n|inactive|Battle timer is ON: inactive players will automatically lose when time's up. (requested by SwampCorner)\nSwampCorner has agreed to open team sheets.\n|inactive|De ching has 60 seconds left.\n|\n|t:|1683661007\n|start\n|switch|p1a: Iron Bundle|Iron Bundle, L50|100\/100\n|switch|p1b: Abomasnow|Abomasnow, L50, F|100\/100\n|switch|p2a: Ting-Lu|Ting-Lu, L50|100\/100\n|switch|p2b: Flutter Mane|Flutter Mane, L50|100\/100\n|-weather|Snow|[from] ability: Snow Warning|[of] p1b: Abomasnow\n|-ability|p2a: Ting-Lu|Vessel of Ruin\n|-enditem|p2b: Flutter Mane|Booster Energy\n|-activate|p2b: Flutter Mane|ability: Protosynthesis|[fromitem]\n|-start|p2b: Flutter Mane|protosynthesisspa\n|turn|1\n|\n|t:|1683661022\n|-terastallize|p1a: Iron Bundle|Ice\n|move|p1b: Abomasnow|Helping Hand|p1a: Iron Bundle\n|-singleturn|p1a: Iron Bundle|Helping Hand|[of] p1b: Abomasnow\n|move|p1a: Iron Bundle|Blizzard|p2a: Ting-Lu|[spread] p2a,p2b\n|-supereffective|p2a: Ting-Lu\n|-damage|p2a: Ting-Lu|8\/100\n|-damage|p2b: Flutter Mane|11\/100\n|move|p2b: Flutter Mane|Moonblast|p1a: Iron Bundle\n|-damage|p1a: Iron Bundle|3\/100\n|-unboost|p1a: Iron Bundle|spa|1\n|move|p2a: Ting-Lu|Ruination|p1b: Abomasnow\n|-damage|p1b: Abomasnow|50\/100\n|\n|-weather|Snow|[upkeep]\n|upkeep\n|turn|2\n|\n|t:|1683661038\n|switch|p2a: Ceruledge|Ceruledge, L50, M|100\/100\n|move|p2b: Flutter Mane|Protect|p2b: Flutter Mane\n|-singleturn|p2b: Flutter Mane|Protect\n|move|p1a: Iron Bundle|Blizzard|p2b: Flutter Mane|[spread] p2a\n|-activate|p2b: Flutter Mane|move: Protect\n|-resisted|p2a: Ceruledge\n|-damage|p2a: Ceruledge|76\/100\n|move|p1b: Abomasnow|Aurora Veil|p1b: Abomasnow\n|-sidestart|p1: SwampCorner|move: Aurora Veil\n|\n|-weather|Snow|[upkeep]\n|upkeep\n|turn|3\n|\n|t:|1683661057\n|-end|p1a: Iron Bundle|Quark Drive|[silent]\n|switch|p1a: Glimmora|Glimmora, L50, F|100\/100\n|move|p2b: Flutter Mane|Moonblast|p1b: Abomasnow\n|-damage|p1b: Abomasnow|0 fnt\n|faint|p1b: Abomasnow\n|move|p2a: Ceruledge|Bitter Blade|p1a: Glimmora\n|-resisted|p1a: Glimmora\n|-damage|p1a: Glimmora|89\/100\n|-heal|p2a: Ceruledge|82\/100|[from] drain|[of] p1a: Glimmora\n|-activate|p1a: Glimmora|ability: Toxic Debris\n|-sidestart|p2: De ching|move: Toxic Spikes\n|\n|-weather|Snow|[upkeep]\n|upkeep\n|\n|t:|1683661069\n|switch|p1b: Tatsugiri|Tatsugiri-Stretchy, L50, M|100\/100\n|turn|4\n|\n|t:|1683661089\n|move|p2b: Flutter Mane|Protect|p2b: Flutter Mane\n|-singleturn|p2b: Flutter Mane|Protect\n|move|p1b: Tatsugiri|Icy Wind|p2a: Ceruledge|[spread] p2a\n|-activate|p2b: Flutter Mane|move: Protect\n|-resisted|p2a: Ceruledge\n|-damage|p2a: Ceruledge|77\/100\n|move|p2a: Ceruledge|Bulk Up|p2a: Ceruledge\n|-boost|p2a: Ceruledge|atk|1\n|-boost|p2a: Ceruledge|def|1\n|move|p1a: Glimmora|Power Gem|p2a: Ceruledge\n|-supereffective|p2a: Ceruledge\n|-crit|p2a: Ceruledge\n|-damage|p2a: Ceruledge|0 fnt\n|faint|p2a: Ceruledge\n|\n|-weather|Snow|[upkeep]\n|upkeep\n|\n|t:|1683661105\n|switch|p2a: Amoonguss|Amoonguss, L50, F|100\/100\n|-sideend|p2: De ching|move: Toxic Spikes|[of] p2a: Amoonguss\n|turn|5\n|\n|t:|1683661123\n|-end|p2b: Flutter Mane|Protosynthesis|[silent]\n|switch|p2b: Ting-Lu|Ting-Lu, L50|8\/100\n|-ability|p2b: Ting-Lu|Vessel of Ruin\n|move|p1b: Tatsugiri|Icy Wind|p2a: Amoonguss|[spread] p2a,p2b\n|-supereffective|p2a: Amoonguss\n|-crit|p2a: Amoonguss\n|-supereffective|p2b: Ting-Lu\n|-damage|p2a: Amoonguss|72\/100\n|-damage|p2b: Ting-Lu|0 fnt\n|-unboost|p2a: Amoonguss|spe|1\n|faint|p2b: Ting-Lu\n|move|p1a: Glimmora|Earth Power|p2a: Amoonguss\n|-damage|p2a: Amoonguss|49\/100\n|-unboost|p2a: Amoonguss|spd|1\n|-enditem|p2a: Amoonguss|Sitrus Berry|[eat]\n|-heal|p2a: Amoonguss|74\/100|[from] item: Sitrus Berry\n|move|p2a: Amoonguss|Spore|p1b: Tatsugiri\n|-status|p1b: Tatsugiri|slp|[from] move: Spore\n|\n|-weather|none\n|upkeep\n|\n|t:|1683661141\n|switch|p2b: Flutter Mane|Flutter Mane, L50|11\/100\n|turn|6\n|\n|t:|1683661153\n|move|p2b: Flutter Mane|Protect|p2b: Flutter Mane\n|-singleturn|p2b: Flutter Mane|Protect\n|cant|p1b: Tatsugiri|slp\n|move|p1a: Glimmora|Mortal Spin|p2a: Amoonguss|[spread] p2a\n|-activate|p2b: Flutter Mane|move: Protect\n|-damage|p2a: Amoonguss|70\/100\n|move|p2a: Amoonguss|Spore|p1a: Glimmora\n|-status|p1a: Glimmora|slp|[from] move: Spore\n|\n|-sideend|p1: SwampCorner|move: Aurora Veil\n|upkeep\n|turn|7\n|\n|t:|1683661175\n|-terastallize|p2b: Flutter Mane|Fairy\n|cant|p1b: Tatsugiri|slp\n|move|p2b: Flutter Mane|Dazzling Gleam|p1a: Glimmora|[spread] p1a,p1b\n|-resisted|p1a: Glimmora\n|-supereffective|p1b: Tatsugiri\n|-damage|p1a: Glimmora|75\/100 slp\n|-damage|p1b: Tatsugiri|0 fnt\n|faint|p1b: Tatsugiri\n|cant|p1a: Glimmora|slp\n|move|p2a: Amoonguss|Pollen Puff|p2b: Flutter Mane\n|-heal|p2b: Flutter Mane|61\/100\n|\n|upkeep\n|\n|t:|1683661183\n|switch|p1b: Iron Bundle|Iron Bundle, L50, tera:Ice|3\/100\n|turn|8\n|\n|t:|1683661193\n|move|p1b: Iron Bundle|Blizzard|p2a: Amoonguss|[spread] p2a,p2b\n|-supereffective|p2a: Amoonguss\n|-crit|p2a: Amoonguss\n|-damage|p2a: Amoonguss|0 fnt\n|-damage|p2b: Flutter Mane|0 fnt\n|faint|p2a: Amoonguss\n|faint|p2b: Flutter Mane\n|-end|p2b: Flutter Mane|Protosynthesis|[silent]\n|\n|win|SwampCorner\n|raw|SwampCorner's rating: 1389 → 1410<\/strong> (+21 for winning)\n|raw|De ching's rating: 1413 → 1392<\/strong> (-21 for losing)\n","uploadtime":1683661198,"views":14,"p1id":"swampcorner","p2id":"deching","formatid":"gen9vgc2023regulationc","rating":1392,"private":0,"password":""}