{"id":"gen9vgc2023regulationc-1856218629","p1":"Breakaway97","p2":"campf1r3","format":"[Gen 9] VGC 2023 Regulation C","log":"|j|\u2606Breakaway97\n|j|\u2606campf1r3\n|t:|1683041838\n|gametype|doubles\n|player|p1|Breakaway97|cynthia-gen4|1503\n|player|p2|campf1r3|blaine|1402\n|teamsize|p1|6\n|teamsize|p2|6\n|gen|9\n|tier|[Gen 9] VGC 2023 Regulation C\n|rated|\n|rule|Species Clause: Limit one of each Pok\u00e9mon\n|rule|Item Clause: Limit one of each item\n|clearpoke\n|poke|p1|Chien-Pao, L50|\n|poke|p1|Dragonite, L50, F|\n|poke|p1|Talonflame, L50, M|\n|poke|p1|Flutter Mane, L50|\n|poke|p1|Great Tusk, L50|\n|poke|p1|Iron Bundle, L50|\n|poke|p2|Grimmsnarl, L50, M|\n|poke|p2|Chi-Yu, L50|\n|poke|p2|Annihilape, L50, F|\n|poke|p2|Scream Tail, L50|\n|poke|p2|Gumshoos, L50, F|\n|poke|p2|Gastrodon-East, L50, M|\n|teampreview|4\n|inactive|Battle timer is ON: inactive players will automatically lose when time's up. (requested by campf1r3)\n|inactive|Breakaway97 has 60 seconds left.\n|inactive|Breakaway97 has 30 seconds left.\n|\n|t:|1683041913\n|start\n|switch|p1a: Flutter Mane|Flutter Mane, L50|100\/100\n|switch|p1b: Great Tusk|Great Tusk, L50|100\/100\n|switch|p2a: Grimmsnarl|Grimmsnarl, L50, M|100\/100\n|switch|p2b: Annihilape|Annihilape, L50, F|100\/100\n|turn|1\n|\n|t:|1683041933\n|move|p2b: Annihilape|Protect|p2b: Annihilape\n|-singleturn|p2b: Annihilape|Protect\n|move|p2a: Grimmsnarl|Light Screen|p2a: Grimmsnarl\n|-sidestart|p2: campf1r3|move: Light Screen\n|move|p1b: Great Tusk|Headlong Rush|p2b: Annihilape\n|-activate|p2b: Annihilape|move: Protect\n|move|p1a: Flutter Mane|Moonblast|p2a: Grimmsnarl\n|-supereffective|p2a: Grimmsnarl\n|-damage|p2a: Grimmsnarl|11\/100\n|\n|upkeep\n|turn|2\n|inactive|Breakaway97 has 30 seconds left.\n|\n|t:|1683041962\n|move|p2a: Grimmsnarl|Reflect|p2a: Grimmsnarl\n|-sidestart|p2: campf1r3|Reflect\n|move|p1b: Great Tusk|Headlong Rush|p2b: Annihilape\n|-damage|p2b: Annihilape|56\/100\n|-unboost|p1b: Great Tusk|def|1\n|-unboost|p1b: Great Tusk|spd|1\n|move|p1a: Flutter Mane|Moonblast|p2b: Annihilape\n|-supereffective|p2b: Annihilape\n|-damage|p2b: Annihilape|0 fnt\n|faint|p2b: Annihilape\n|\n|upkeep\n|c|\u2606campf1r3|I could\n|c|\u2606campf1r3|just bring a flutter counter\n|c|\u2606campf1r3|but I think gumshoos is funny\n|\n|t:|1683041986\n|switch|p2b: Gumshoos|Gumshoos, L50, F|100\/100\n|turn|3\n|c|\u2606campf1r3|so I wait for the day this guy actually works\n|inactive|Breakaway97 has 30 seconds left.\n|\n|t:|1683042017\n|-end|p1a: Flutter Mane|Protosynthesis|[silent]\n|switch|p1a: Dragonite|Dragonite, L50, F|100\/100\n|move|p2b: Gumshoos|Protect|p2b: Gumshoos\n|-singleturn|p2b: Gumshoos|Protect\n|move|p2a: Grimmsnarl|Parting Shot|p1b: Great Tusk\n|-unboost|p1b: Great Tusk|atk|1\n|-unboost|p1b: Great Tusk|spa|1\n|\n|t:|1683042026\n|switch|p2a: Scream Tail|Scream Tail, L50|100\/100|[from] Parting Shot\n|-enditem|p2a: Scream Tail|Booster Energy\n|-activate|p2a: Scream Tail|ability: Protosynthesis|[fromitem]\n|-start|p2a: Scream Tail|protosynthesisspe\n|move|p1b: Great Tusk|Headlong Rush|p2a: Scream Tail\n|-damage|p2a: Scream Tail|77\/100\n|-unboost|p1b: Great Tusk|def|1\n|-unboost|p1b: Great Tusk|spd|1\n|\n|upkeep\n|turn|4\n|inactive|Breakaway97 has 30 seconds left.\n|\n|t:|1683042053\n|-end|p1b: Great Tusk|Protosynthesis|[silent]\n|switch|p1b: Flutter Mane|Flutter Mane, L50|100\/100\n|-terastallize|p1a: Dragonite|Normal\n|-terastallize|p2b: Gumshoos|Normal\n|move|p2a: Scream Tail|Dazzling Gleam|p1a: Dragonite|[spread] p1a,p1b\n|-damage|p1a: Dragonite|85\/100\n|-damage|p1b: Flutter Mane|85\/100\n|move|p1a: Dragonite|Iron Head|p2a: Scream Tail\n|-supereffective|p2a: Scream Tail\n|-damage|p2a: Scream Tail|35\/100\n|move|p2b: Gumshoos|Last Resort|p1a: Dragonite\n|-damage|p1a: Dragonite|0 fnt\n|faint|p1a: Dragonite\n|\n|upkeep\n|c|\u2606campf1r3|yep pretty funny\n|\n|t:|1683042076\n|switch|p1a: Great Tusk|Great Tusk, L50|100\/100\n|turn|5\n|c|\u2606campf1r3|wish it didnt suck\n|\n|t:|1683042099\n|move|p2b: Gumshoos|Protect|p2b: Gumshoos\n|-singleturn|p2b: Gumshoos|Protect\n|move|p2a: Scream Tail|Dazzling Gleam|p1b: Flutter Mane|[spread] p1a,p1b\n|-supereffective|p1a: Great Tusk\n|-damage|p1a: Great Tusk|57\/100\n|-damage|p1b: Flutter Mane|68\/100\n|move|p1a: Great Tusk|Close Combat|p2b: Gumshoos\n|-activate|p2b: Gumshoos|move: Protect\n|move|p1b: Flutter Mane|Moonblast|p2a: Scream Tail\n|-damage|p2a: Scream Tail|3\/100\n|-unboost|p2a: Scream Tail|spa|1\n|\n|upkeep\n|turn|6\n|\n|t:|1683042123\n|move|p2a: Scream Tail|Disable|p1a: Great Tusk\n|-start|p1a: Great Tusk|Disable|Close Combat\n|cant|p1a: Great Tusk|Disable|Close Combat\n|move|p1b: Flutter Mane|Moonblast|p2b: Gumshoos\n|-damage|p2b: Gumshoos|29\/100\n|-unboost|p2b: Gumshoos|spa|1\n|move|p2b: Gumshoos|Last Resort|p1a: Great Tusk\n|-damage|p1a: Great Tusk|0 fnt\n|faint|p1a: Great Tusk\n|-end|p1a: Great Tusk|Protosynthesis|[silent]\n|\n|upkeep\n|\n|t:|1683042136\n|switch|p1a: Iron Bundle|Iron Bundle, L50|100\/100\n|-enditem|p1a: Iron Bundle|Booster Energy\n|-activate|p1a: Iron Bundle|ability: Quark Drive|[fromitem]\n|-start|p1a: Iron Bundle|quarkdrivespe\n|turn|7\n|inactive|Breakaway97 has 30 seconds left.\n|inactive|Breakaway97 has 20 seconds left.\n|\n|t:|1683042176\n|move|p2b: Gumshoos|Protect|p2b: Gumshoos\n|-singleturn|p2b: Gumshoos|Protect\n|move|p1a: Iron Bundle|Icy Wind|p2b: Gumshoos|[spread] p2a\n|-activate|p2b: Gumshoos|move: Protect\n|-damage|p2a: Scream Tail|0 fnt\n|faint|p2a: Scream Tail\n|-end|p2a: Scream Tail|Protosynthesis|[silent]\n|move|p1b: Flutter Mane|Moonblast|p2b: Gumshoos\n|-activate|p2b: Gumshoos|move: Protect\n|\n|upkeep\n|\n|t:|1683042183\n|switch|p2a: Grimmsnarl|Grimmsnarl, L50, M|11\/100\n|turn|8\n|\n|t:|1683042200\n|move|p1a: Iron Bundle|Freeze-Dry|p2b: Gumshoos\n|-damage|p2b: Gumshoos|0 fnt\n|faint|p2b: Gumshoos\n|move|p1b: Flutter Mane|Moonblast|p2a: Grimmsnarl\n|-supereffective|p2a: Grimmsnarl\n|-damage|p2a: Grimmsnarl|0 fnt\n|faint|p2a: Grimmsnarl\n|\n|win|Breakaway97\n|raw|Breakaway97's rating: 1503 → 1517<\/strong> (+14 for winning)\n|raw|campf1r3's rating: 1402 → 1388<\/strong> (-14 for losing)\n|c|\u2606campf1r3|man\n","uploadtime":1683042214,"views":7,"p1id":"breakaway97","p2id":"campf1r3","formatid":"gen9vgc2023regulationc","rating":1388,"private":0,"password":""}