{"id":"gen9vgc2023regulationc-1852371613","p1":"CoDameron","p2":"thejordanvgc","format":"[Gen 9] VGC 2023 Regulation C","log":"|j|\u2606CoDameron\n|j|\u2606thejordanvgc\n|t:|1682549444\n|gametype|doubles\n|player|p1|CoDameron|266|\n|player|p2|thejordanvgc|169|\n|teamsize|p1|6\n|teamsize|p2|6\n|gen|9\n|tier|[Gen 9] VGC 2023 Regulation C\n|rule|Species Clause: Limit one of each Pok\u00e9mon\n|rule|Item Clause: Limit one of each item\n|clearpoke\n|poke|p1|Wo-Chien, L50|\n|poke|p1|Polteageist, L50|\n|poke|p1|Cloyster, L50, F|\n|poke|p1|Scizor, L50, F|\n|poke|p1|Foongus, L50, F|\n|poke|p1|Bellibolt, L50, M|\n|poke|p2|Floatzel, L50, M|\n|poke|p2|Iron Jugulis, L50|\n|poke|p2|Garchomp, L50, F|\n|poke|p2|Grumpig, L50, M|\n|poke|p2|Florges, L50, F|\n|poke|p2|Eelektross, L50, M|\n|teampreview|4\n|c|\u2606thejordanvgc|hey!\n|c|\u2606thejordanvgc|gl hf\n|c|\u2606thejordanvgc|g1\nthejordanvgc rejected open team sheets.\n|c|\u2606CoDameron|here\n|c|\u2606thejordanvgc|alright, ready?\n|c|\u2606CoDameron|lets go\n|c|\u2606CoDameron|analyzing\n|c|\u2606thejordanvgc|gl hf\n|inactive|Battle timer is ON: inactive players will automatically lose when time's up. (requested by thejordanvgc)\n|inactive|CoDameron has 60 seconds left.\n|inactive|CoDameron has 30 seconds left.\n|inactive|CoDameron has 20 seconds left.\n|inactive|CoDameron has 15 seconds left.\n|\n|t:|1682549804\n|start\n|switch|p1a: Teatime|Polteageist, L50|100\/100\n|switch|p1b: Jelli Belli|Bellibolt, L50, M, shiny|100\/100\n|switch|p2a: Great Chomp|Garchomp, L50, F|100\/100\n|switch|p2b: DJ Grumble|Grumpig, L50, M|100\/100\n|turn|1\n|inactive|CoDameron has 30 seconds left.\n|inactive|thejordanvgc has 30 seconds left.\n|inactive|CoDameron has 20 seconds left.\n|inactive|thejordanvgc has 20 seconds left.\n|inactive|thejordanvgc has 15 seconds left.\n|\n|t:|1682549845\n|-terastallize|p1b: Jelli Belli|Water\n|move|p1a: Teatime|Protect|p1a: Teatime\n|-singleturn|p1a: Teatime|Protect\n|move|p2a: Great Chomp|Substitute|p2a: Great Chomp\n|-start|p2a: Great Chomp|Substitute\n|-damage|p2a: Great Chomp|75\/100\n|move|p2b: DJ Grumble|Imprison|p2b: DJ Grumble\n|-start|p2b: DJ Grumble|move: Imprison\n|move|p1b: Jelli Belli|Reflect|p1b: Jelli Belli\n|-sidestart|p1: CoDameron|Reflect\n|\n|upkeep\n|turn|2\n|inactive|CoDameron has 30 seconds left.\n|inactive|thejordanvgc has 30 seconds left.\n|\n|t:|1682549879\n|-terastallize|p2b: DJ Grumble|Grass\n|move|p2a: Great Chomp|Earthquake|p1a: Teatime|[spread] p2b,p1a,p1b\n|-resisted|p2b: DJ Grumble\n|-damage|p2b: DJ Grumble|76\/100\n|-damage|p1a: Teatime|64\/100\n|-damage|p1b: Jelli Belli|74\/100\n|-start|p1b: Jelli Belli|Charge|Earthquake|[from] ability: Electromorphosis\n|move|p2b: DJ Grumble|Psyshock|p1a: Teatime\n|-damage|p1a: Teatime|29\/100\n|-start|p2b: DJ Grumble|Disable|Psyshock|[from] ability: Cursed Body|[of] p1a: Teatime\n|move|p1a: Teatime|Shadow Ball|p2b: DJ Grumble\n|-damage|p2b: DJ Grumble|39\/100\n|move|p1b: Jelli Belli|Muddy Water|p2a: Great Chomp|[spread] p2a,p2b\n|-end|p2a: Great Chomp|Substitute\n|-resisted|p2b: DJ Grumble\n|-damage|p2b: DJ Grumble|22\/100\n|\n|upkeep\n|turn|3\n|inactive|CoDameron has 30 seconds left.\n|inactive|thejordanvgc has 30 seconds left.\n|inactive|CoDameron has 20 seconds left.\n|inactive|thejordanvgc has 20 seconds left.\n|inactive|thejordanvgc has 15 seconds left.\n|\n|t:|1682549923\n|switch|p2b: Escalator|Eelektross, L50, M|100\/100\n|switch|p1a: Rosetta|Wo-Chien, L50|100\/100\n|-ability|p1a: Rosetta|Tablets of Ruin\n|move|p2a: Great Chomp|Earthquake|p1b: Jelli Belli|[spread] p1a,p1b\n|-immune|p2b: Escalator|[from] ability: Levitate\n|-resisted|p1a: Rosetta\n|-damage|p1a: Rosetta|90\/100\n|-damage|p1b: Jelli Belli|54\/100\n|-start|p1b: Jelli Belli|Charge|Earthquake|[from] ability: Electromorphosis\n|move|p1b: Jelli Belli|Thunderbolt|p2b: Escalator\n|-resisted|p2b: Escalator\n|-damage|p2b: Escalator|63\/100\n|-end|p1b: Jelli Belli|Charge|[silent]\n|\n|-heal|p1a: Rosetta|96\/100|[from] item: Leftovers\n|upkeep\n|turn|4\n|inactive|CoDameron has 30 seconds left.\n|inactive|thejordanvgc has 30 seconds left.\n|inactive|CoDameron has 20 seconds left.\n|inactive|CoDameron has 15 seconds left.\n|\n|t:|1682549967\n|move|p2a: Great Chomp|Fire Fang|p1a: Rosetta|[miss]\n|-miss|p2a: Great Chomp|p1a: Rosetta\n|move|p2b: Escalator|Acid Spray|p1a: Rosetta\n|-supereffective|p1a: Rosetta\n|-damage|p1a: Rosetta|81\/100\n|-unboost|p1a: Rosetta|spd|2\n|move|p1a: Rosetta|Pollen Puff|p1b: Jelli Belli\n|-heal|p1b: Jelli Belli|100\/100\n|move|p1b: Jelli Belli|Muddy Water|p2a: Great Chomp|[spread] p2a\n|-miss|p1b: Jelli Belli|p2b: Escalator\n|-damage|p2a: Great Chomp|41\/100\n|\n|-heal|p1a: Rosetta|87\/100|[from] item: Leftovers\n|upkeep\n|turn|5\n|inactive|CoDameron has 30 seconds left.\n|inactive|thejordanvgc has 30 seconds left.\n|\n|t:|1682549996\n|move|p1a: Rosetta|Protect|p1a: Rosetta\n|-singleturn|p1a: Rosetta|Protect\n|move|p2a: Great Chomp|Substitute|p2a: Great Chomp\n|-start|p2a: Great Chomp|Substitute\n|-damage|p2a: Great Chomp|16\/100\n|move|p2b: Escalator|Discharge|p1b: Jelli Belli|[spread] p1b\n|-activate|p1a: Rosetta|move: Protect\n|-immune|p2a: Great Chomp\n|-supereffective|p1b: Jelli Belli\n|-damage|p1b: Jelli Belli|41\/100\n|-start|p1b: Jelli Belli|Charge|Discharge|[from] ability: Electromorphosis\n|move|p1b: Jelli Belli|Muddy Water|p2a: Great Chomp|[spread] p2a,p2b\n|-end|p2a: Great Chomp|Substitute\n|-damage|p2b: Escalator|35\/100\n|\n|-heal|p1a: Rosetta|93\/100|[from] item: Leftovers\n|upkeep\n|turn|6\n|inactive|CoDameron has 30 seconds left.\n|inactive|CoDameron has 20 seconds left.\n|inactive|CoDameron has 15 seconds left.\n|\n|t:|1682550037\n|move|p2a: Great Chomp|Fire Fang|p1a: Rosetta\n|-supereffective|p1a: Rosetta\n|-damage|p1a: Rosetta|72\/100\n|move|p2b: Escalator|Discharge|p1a: Rosetta|[spread] p1a,p1b\n|-immune|p2a: Great Chomp\n|-resisted|p1a: Rosetta\n|-supereffective|p1b: Jelli Belli\n|-damage|p1a: Rosetta|57\/100\n|-damage|p1b: Jelli Belli|0 fnt\n|faint|p1b: Jelli Belli\n|move|p1a: Rosetta|Pollen Puff|p1: Jelli Belli|[notarget]\n|-fail|p1a: Rosetta\n|\n|-heal|p1a: Rosetta|64\/100|[from] item: Leftovers\n|upkeep\n|\n|t:|1682550049\n|switch|p1b: Pow Pow|Scizor, L50, F|100\/100\n|turn|7\n|inactive|CoDameron has 30 seconds left.\n|inactive|thejordanvgc has 30 seconds left.\n|inactive|CoDameron has 20 seconds left.\n|\n|t:|1682550085\n|move|p1a: Rosetta|Protect|p1a: Rosetta\n|-singleturn|p1a: Rosetta|Protect\n|move|p1b: Pow Pow|Bullet Punch|p2a: Great Chomp\n|-damage|p2a: Great Chomp|0 fnt\n|-damage|p1b: Pow Pow|88\/100|[from] ability: Rough Skin|[of] p2a: Great Chomp\n|faint|p2a: Great Chomp\n|move|p2b: Escalator|Flamethrower|p1b: Pow Pow\n|-supereffective|p1b: Pow Pow\n|-damage|p1b: Pow Pow|0 fnt\n|faint|p1b: Pow Pow\n|\n|-heal|p1a: Rosetta|70\/100|[from] item: Leftovers\n|upkeep\n|\n|t:|1682550109\n|switch|p2a: DJ Grumble|Grumpig, L50, M, tera:Grass|22\/100\n|switch|p1b: Teatime|Polteageist, L50|29\/100\n|turn|8\n|inactive|CoDameron has 30 seconds left.\n|\n|t:|1682550135\n|move|p1a: Rosetta|Protect||[still]\n|-fail|p1a: Rosetta\n|move|p2a: DJ Grumble|Psyshock|p1b: Teatime\n|-damage|p1b: Teatime|0 fnt\n|faint|p1b: Teatime\n|move|p2b: Escalator|Flamethrower|p1a: Rosetta\n|-supereffective|p1a: Rosetta\n|-damage|p1a: Rosetta|9\/100\n|\n|-heal|p1a: Rosetta|16\/100|[from] item: Leftovers\n|-sideend|p1: CoDameron|Reflect\n|upkeep\n|turn|9\n|\n|t:|1682550157\n|move|p2a: DJ Grumble|Psyshock|p1a: Rosetta\n|-immune|p1a: Rosetta\n|move|p2b: Escalator|Flamethrower|p1a: Rosetta\n|-supereffective|p1a: Rosetta\n|-damage|p1a: Rosetta|0 fnt\n|faint|p1a: Rosetta\n|\n|win|thejordanvgc\n|c|\u2606CoDameron|gg1\n|c|\u2606thejordanvgc|gg\n","uploadtime":1682550166,"views":23,"p1id":"codameron","p2id":"thejordanvgc","formatid":"gen9vgc2023regulationc","rating":0,"private":0,"password":""}