{"id":"gen9vgc2023regulationc-1859302052","p1":"Nijiatw","p2":"Yaze2021","format":"[Gen 9] VGC 2023 Regulation C","log":"|j|\u2606Nijiatw\n|j|\u2606Yaze2021\n|t:|1683431103\n|gametype|doubles\n|player|p1|Nijiatw|fisherman-gen4|1121\n|player|p2|Yaze2021|170|1032\n|teamsize|p1|6\n|teamsize|p2|6\n|gen|9\n|tier|[Gen 9] VGC 2023 Regulation C\n|rated|\n|rule|Species Clause: Limit one of each Pok\u00e9mon\n|rule|Item Clause: Limit one of each item\n|clearpoke\n|poke|p1|Iron Bundle, L50|\n|poke|p1|Iron Jugulis, L50|\n|poke|p1|Hariyama, L50, M|\n|poke|p1|Abomasnow, L50, M|\n|poke|p1|Cetitan, L50, F|\n|poke|p1|Slowking, L50, F|\n|poke|p2|Iron Valiant, L50|\n|poke|p2|Roaring Moon, L50|\n|poke|p2|Gholdengo, L50|\n|poke|p2|Ting-Lu, L50|\n|poke|p2|Meowscarada, L50, F|\n|poke|p2|Arcanine, L50, M|\n|teampreview|4\n|inactive|Battle timer is ON: inactive players will automatically lose when time's up. (requested by Nijiatw)\n|\n|t:|1683431130\n|start\n|switch|p1a: Slowking|Slowking, L50, F, shiny|100\/100\n|switch|p1b: Cetitan|Cetitan, L50, F, shiny|100\/100\n|switch|p2a: Iron Valiant|Iron Valiant, L50|100\/100\n|switch|p2b: Roaring Moon|Roaring Moon, L50|100\/100\n|-enditem|p2b: Roaring Moon|Booster Energy\n|-activate|p2b: Roaring Moon|ability: Protosynthesis|[fromitem]\n|-start|p2b: Roaring Moon|protosynthesisatk\n|turn|1\n|inactive|Nijiatw has 30 seconds left.\n|\n|t:|1683431159\n|move|p1b: Cetitan|Ice Shard|p2b: Roaring Moon\n|-supereffective|p2b: Roaring Moon\n|-damage|p2b: Roaring Moon|49\/100\n|move|p2b: Roaring Moon|Crunch|p1a: Slowking\n|-supereffective|p1a: Slowking\n|-damage|p1a: Slowking|8\/100\n|-enditem|p1a: Slowking|Aguav Berry|[eat]\n|-heal|p1a: Slowking|42\/100|[from] item: Aguav Berry\n|move|p2a: Iron Valiant|Drain Punch|p1b: Cetitan\n|-supereffective|p1b: Cetitan\n|-damage|p1b: Cetitan|21\/100\n|move|p1a: Slowking|Chilly Reception|p1a: Slowking\n|-weather|Snow\n|\n|t:|1683431173\n|switch|p1a: Hariyama|Hariyama, L50, M, shiny|100\/100|[from] Chilly Reception\n|\n|-weather|Snow|[upkeep]\n|-status|p1a: Hariyama|brn|[from] item: Flame Orb\n|upkeep\n|turn|2\n|\n|t:|1683431197\n|move|p1a: Hariyama|Fake Out|p2a: Iron Valiant\n|-damage|p2a: Iron Valiant|90\/100\n|move|p1b: Cetitan|Icicle Crash|p2b: Roaring Moon\n|-supereffective|p2b: Roaring Moon\n|-damage|p2b: Roaring Moon|0 fnt\n|faint|p2b: Roaring Moon\n|-end|p2b: Roaring Moon|Protosynthesis|[silent]\n|cant|p2a: Iron Valiant|flinch\n|\n|-weather|Snow|[upkeep]\n|-damage|p1a: Hariyama|95\/100 brn|[from] brn\n|upkeep\n|\n|t:|1683431207\n|switch|p2b: Arcanine|Arcanine, L50, M|100\/100\n|-ability|p2b: Arcanine|Intimidate|boost\n|-unboost|p1a: Hariyama|atk|1\n|-unboost|p1b: Cetitan|atk|1\n|turn|3\n|\n|t:|1683431216\n|-terastallize|p1b: Cetitan|Ground\n|move|p1a: Hariyama|Protect|p1a: Hariyama\n|-singleturn|p1a: Hariyama|Protect\n|move|p2b: Arcanine|Extreme Speed|p1a: Hariyama\n|-activate|p1a: Hariyama|move: Protect\n|move|p1b: Cetitan|Earthquake|p2a: Iron Valiant|[spread] p2a,p2b\n|-activate|p1a: Hariyama|move: Protect\n|-supereffective|p2b: Arcanine\n|-damage|p2a: Iron Valiant|58\/100\n|-damage|p2b: Arcanine|35\/100\n|move|p2a: Iron Valiant|Spirit Break|p1a: Hariyama\n|-activate|p1a: Hariyama|move: Protect\n|\n|-weather|Snow|[upkeep]\n|-damage|p1a: Hariyama|89\/100 brn|[from] brn\n|upkeep\n|turn|4\n|\n|t:|1683431237\n|move|p2b: Arcanine|Extreme Speed|p1a: Hariyama\n|-damage|p1a: Hariyama|65\/100 brn\n|move|p1a: Hariyama|Bullet Punch|p2a: Iron Valiant\n|-supereffective|p2a: Iron Valiant\n|-damage|p2a: Iron Valiant|45\/100\n|move|p1b: Cetitan|Earthquake|p2b: Arcanine|[spread] p1a,p2a,p2b\n|-supereffective|p2b: Arcanine\n|-damage|p1a: Hariyama|38\/100 brn\n|-damage|p2a: Iron Valiant|11\/100\n|-damage|p2b: Arcanine|0 fnt\n|faint|p2b: Arcanine\n|move|p2a: Iron Valiant|Spirit Break|p1a: Hariyama\n|-supereffective|p1a: Hariyama\n|-damage|p1a: Hariyama|0 fnt\n|faint|p1a: Hariyama\n|\n|-weather|Snow|[upkeep]\n|upkeep\n|\n|t:|1683431254\n|switch|p2b: Meowscarada|Meowscarada, L50, F|100\/100\n|switch|p1a: Slowking|Slowking, L50, F, shiny|75\/100\n|turn|5\n|\n|t:|1683431276\n|move|p1b: Cetitan|Ice Shard|p2a: Iron Valiant\n|-damage|p2a: Iron Valiant|0 fnt\n|faint|p2a: Iron Valiant\n|-end|p2a: Iron Valiant|Quark Drive|[silent]\n|move|p2b: Meowscarada|Flower Trick|p1a: Slowking\n|-supereffective|p1a: Slowking\n|-crit|p1a: Slowking\n|-damage|p1a: Slowking|0 fnt\n|faint|p1a: Slowking\n|\n|-weather|none\n|upkeep\n|\n|t:|1683431284\n|switch|p1a: Iron Bundle|Iron Bundle, L50, shiny|100\/100\n|turn|6\n|\n|t:|1683431299\n|-terastallize|p2b: Meowscarada|Steel\n|move|p1b: Cetitan|Ice Shard|p2b: Meowscarada\n|-resisted|p2b: Meowscarada\n|-damage|p2b: Meowscarada|91\/100\n|move|p1a: Iron Bundle|Freeze-Dry|p2b: Meowscarada\n|-resisted|p2b: Meowscarada\n|-damage|p2b: Meowscarada|55\/100\n|move|p2b: Meowscarada|Tera Blast|p1a: Iron Bundle\n|-damage|p1a: Iron Bundle|50\/100\n|\n|upkeep\n|turn|7\n|\n|t:|1683431317\n|move|p1a: Iron Bundle|Hydro Pump|p2b: Meowscarada\n|-damage|p2b: Meowscarada|0 fnt\n|faint|p2b: Meowscarada\n|\n|win|Nijiatw\n|raw|Nijiatw's rating: 1121 → 1140<\/strong> (+19 for winning)\n|raw|Yaze2021's rating: 1032 → 1021<\/strong> (-11 for losing)\n|l|\u2606Yaze2021\n","uploadtime":1683431322,"views":11,"p1id":"nijiatw","p2id":"yaze2021","formatid":"gen9vgc2023regulationc","rating":1021,"private":0,"password":""}