{"id":"gen9vgc2023regulationc-1854832557","p1":"Pyte 17","p2":"probrn","format":"[Gen 9] VGC 2023 Regulation C","log":"|j|\u2606Pyte 17\n|j|\u2606probrn\n|t:|1682871271\n|gametype|doubles\n|player|p1|Pyte 17|2|1506\n|player|p2|probrn|grimsley|1573\n|teamsize|p1|6\n|teamsize|p2|6\n|gen|9\n|tier|[Gen 9] VGC 2023 Regulation C\n|rated|\n|rule|Species Clause: Limit one of each Pok\u00e9mon\n|rule|Item Clause: Limit one of each item\n|clearpoke\n|poke|p1|Talonflame, L50, M|\n|poke|p1|Corviknight, L50, M|\n|poke|p1|Azumarill, L50, F|\n|poke|p1|Iron Hands, L50|\n|poke|p1|Scream Tail, L50|\n|poke|p1|Amoonguss, L50, M|\n|poke|p2|Arcanine, L50, F|\n|poke|p2|Glimmora, L50, F|\n|poke|p2|Dondozo, L50, M|\n|poke|p2|Tatsugiri-Droopy, L50, M|\n|poke|p2|Garganacl, L50, F|\n|poke|p2|Flutter Mane, L50|\n|teampreview|4\nprobrn has agreed to open team sheets.\n|j| CandyWata\n|j| Rabbihorn\n|\n|t:|1682871349\n|start\n|switch|p1a: Scream Tail|Scream Tail, L50|100\/100\n|switch|p1b: Azumarill|Azumarill, L50, F|100\/100\n|switch|p2a: Arcanine|Arcanine, L50, F|100\/100\n|switch|p2b: Garganacl|Garganacl, L50, F|100\/100\n|-ability|p2a: Arcanine|Intimidate|boost\n|-unboost|p1a: Scream Tail|atk|1\n|-unboost|p1b: Azumarill|atk|1\n|-enditem|p1a: Scream Tail|Booster Energy\n|-activate|p1a: Scream Tail|ability: Protosynthesis|[fromitem]\n|-start|p1a: Scream Tail|protosynthesisspe\n|turn|1\n|inactive|Battle timer is ON: inactive players will automatically lose when time's up. (requested by probrn)\n|\n|t:|1682871371\n|switch|p1b: Amoonguss|Amoonguss, L50, M|100\/100\n|move|p1a: Scream Tail|Protect|p1a: Scream Tail\n|-singleturn|p1a: Scream Tail|Protect\n|move|p2a: Arcanine|Will-O-Wisp|p1b: Amoonguss\n|-status|p1b: Amoonguss|brn\n|move|p2b: Garganacl|Salt Cure|p1a: Scream Tail\n|-activate|p1a: Scream Tail|move: Protect\n|\n|-damage|p1b: Amoonguss|95\/100 brn|[from] brn\n|upkeep\n|turn|2\n|\n|t:|1682871390\n|switch|p2a: Glimmora|Glimmora, L50, F|100\/100\n|switch|p1b: Azumarill|Azumarill, L50, F|100\/100\n|move|p1a: Scream Tail|Disable|p2b: Garganacl\n|-start|p2b: Garganacl|Disable|Salt Cure\n|cant|p2b: Garganacl|Disable|Salt Cure\n|\n|upkeep\n|turn|3\n|\n|t:|1682871408\n|switch|p2b: Arcanine|Arcanine, L50, F|100\/100\n|-ability|p2b: Arcanine|Intimidate|boost\n|-unboost|p1a: Scream Tail|atk|1\n|-unboost|p1b: Azumarill|atk|1\n|-terastallize|p2a: Glimmora|Grass\n|-terastallize|p1b: Azumarill|Water\n|move|p1a: Scream Tail|Protect|p1a: Scream Tail\n|-singleturn|p1a: Scream Tail|Protect\n|move|p2a: Glimmora|Mortal Spin|p1a: Scream Tail|[spread] p1b\n|-activate|p1a: Scream Tail|move: Protect\n|-damage|p1b: Azumarill|96\/100\n|-status|p1b: Azumarill|psn\n|move|p1b: Azumarill|Liquidation|p2a: Glimmora\n|-resisted|p2a: Glimmora\n|-damage|p2a: Glimmora|68\/100\n|-activate|p2a: Glimmora|ability: Toxic Debris\n|-sidestart|p1: Pyte 17|move: Toxic Spikes\n|\n|-damage|p1b: Azumarill|84\/100 psn|[from] psn\n|upkeep\n|turn|4\n|inactive|Pyte 17 has 30 seconds left.\n|inactive|probrn has 30 seconds left.\n|\n|t:|1682871439\n|move|p1a: Scream Tail|Disable|p2a: Glimmora\n|-start|p2a: Glimmora|Disable|Mortal Spin\n|move|p2a: Glimmora|Energy Ball|p1b: Azumarill\n|-supereffective|p1b: Azumarill\n|-damage|p1b: Azumarill|13\/100 psn\n|move|p2b: Arcanine|Flare Blitz|p1b: Azumarill\n|-resisted|p1b: Azumarill\n|-damage|p1b: Azumarill|0 fnt\n|faint|p1b: Azumarill\n|-damage|p2b: Arcanine|96\/100|[from] Recoil\n|\n|upkeep\n|l| Rabbihorn\n|\n|t:|1682871449\n|switch|p1b: Corviknight|Corviknight, L50, M|100\/100\n|turn|5\n|\n|t:|1682871460\n|switch|p2a: Garganacl|Garganacl, L50, F|100\/100\n|move|p1a: Scream Tail|Protect|p1a: Scream Tail\n|-singleturn|p1a: Scream Tail|Protect\n|move|p1b: Corviknight|Protect|p1b: Corviknight\n|-singleturn|p1b: Corviknight|Protect\n|move|p2b: Arcanine|Will-O-Wisp|p1b: Corviknight\n|-activate|p1b: Corviknight|move: Protect\n|\n|upkeep\n|turn|6\n|inactive|Pyte 17 has 30 seconds left.\n|\n|t:|1682871492\n|move|p1a: Scream Tail|Disable|p2b: Arcanine\n|-start|p2b: Arcanine|Disable|Will-O-Wisp\n|move|p2b: Arcanine|Flare Blitz|p1a: Scream Tail\n|-damage|p1a: Scream Tail|63\/100\n|-damage|p2b: Arcanine|82\/100|[from] Recoil\n|move|p1b: Corviknight|Brave Bird|p2b: Arcanine\n|-damage|p2b: Arcanine|30\/100\n|-damage|p1b: Corviknight|83\/100|[from] Recoil\n|move|p2a: Garganacl|Salt Cure|p1b: Corviknight\n|-damage|p1b: Corviknight|72\/100\n|-start|p1b: Corviknight|Salt Cure\n|\n|-damage|p1b: Corviknight|47\/100|[from] Salt Cure\n|upkeep\n|-enditem|p1b: Corviknight|Sitrus Berry|[eat]\n|-heal|p1b: Corviknight|72\/100|[from] item: Sitrus Berry\n|turn|7\n|inactive|Pyte 17 has 30 seconds left.\n|\n|t:|1682871525\n|switch|p1b: Amoonguss|Amoonguss, L50, M|100\/100 brn\n|-sideend|p1: Pyte 17|move: Toxic Spikes|[of] p1b: Amoonguss\n|move|p2b: Arcanine|Protect|p2b: Arcanine\n|-singleturn|p2b: Arcanine|Protect\n|move|p1a: Scream Tail|Disable|p2a: Garganacl\n|-start|p2a: Garganacl|Disable|Salt Cure\n|cant|p2a: Garganacl|Disable|Salt Cure\n|\n|-damage|p1b: Amoonguss|95\/100 brn|[from] brn\n|upkeep\n|turn|8\n|\n|t:|1682871547\n|switch|p1b: Corviknight|Corviknight, L50, M|72\/100\n|move|p1a: Scream Tail|Encore|p2b: Arcanine\n|-start|p2b: Arcanine|Encore\n|move|p2b: Arcanine|Protect||[still]\n|-fail|p2b: Arcanine\n|move|p2a: Garganacl|Stealth Rock|p1a: Scream Tail\n|-sidestart|p1: Pyte 17|move: Stealth Rock\n|\n|upkeep\n|turn|9\n|\n|t:|1682871568\n|move|p2b: Arcanine|Protect|p2b: Arcanine\n|-singleturn|p2b: Arcanine|Protect\n|move|p1a: Scream Tail|Dazzling Gleam|p2a: Garganacl|[spread] p2a\n|-activate|p2b: Arcanine|move: Protect\n|-damage|p2a: Garganacl|87\/100\n|move|p1b: Corviknight|Bulk Up|p1b: Corviknight\n|-boost|p1b: Corviknight|atk|1\n|-boost|p1b: Corviknight|def|1\n|move|p2a: Garganacl|Body Press|p1b: Corviknight\n|-damage|p1b: Corviknight|54\/100\n|\n|-end|p2b: Arcanine|Disable\n|upkeep\n|turn|10\n|\n|t:|1682871587\n|move|p2b: Arcanine|Protect||[still]\n|-fail|p2b: Arcanine\n|move|p1a: Scream Tail|Encore|p2a: Garganacl\n|-start|p2a: Garganacl|Encore\n|move|p1b: Corviknight|Brave Bird|p2b: Arcanine\n|-damage|p2b: Arcanine|0 fnt\n|faint|p2b: Arcanine\n|-damage|p1b: Corviknight|44\/100|[from] Recoil\n|move|p2a: Garganacl|Body Press|p1b: Corviknight\n|-crit|p1b: Corviknight\n|-damage|p1b: Corviknight|7\/100\n|\n|-end|p2a: Garganacl|Disable\n|upkeep\n|\n|t:|1682871597\n|switch|p2b: Flutter Mane|Flutter Mane, L50|100\/100\n|-enditem|p2b: Flutter Mane|Booster Energy\n|-activate|p2b: Flutter Mane|ability: Protosynthesis|[fromitem]\n|-start|p2b: Flutter Mane|protosynthesisspa\n|turn|11\n|\n|t:|1682871609\n|switch|p2a: Glimmora|Glimmora, L50, F, tera:Grass|68\/100\n|move|p1a: Scream Tail|Protect|p1a: Scream Tail\n|-singleturn|p1a: Scream Tail|Protect\n|move|p1b: Corviknight|Protect|p1b: Corviknight\n|-singleturn|p1b: Corviknight|Protect\n|move|p2b: Flutter Mane|Dazzling Gleam|p1a: Scream Tail|[spread] \n|-activate|p1a: Scream Tail|move: Protect\n|-activate|p1b: Corviknight|move: Protect\n|\n|upkeep\n|turn|12\n|\n|t:|1682871624\n|move|p1a: Scream Tail|Disable|p2b: Flutter Mane\n|-start|p2b: Flutter Mane|Disable|Dazzling Gleam\n|move|p2b: Flutter Mane|Shadow Ball|p1b: Corviknight\n|-damage|p1b: Corviknight|0 fnt\n|faint|p1b: Corviknight\n|move|p2a: Glimmora|Sludge Bomb|p1a: Scream Tail\n|-supereffective|p1a: Scream Tail\n|-damage|p1a: Scream Tail|0 fnt\n|faint|p1a: Scream Tail\n|-end|p1a: Scream Tail|Protosynthesis|[silent]\n|\n|upkeep\n|-message|Pyte 17 forfeited.\n|\n|win|probrn\n|raw|Pyte 17's rating: 1506 → 1490<\/strong> (-16 for losing)\n|raw|probrn's rating: 1573 → 1589<\/strong> (+16 for winning)\n|l|\u2606Pyte 17\n","uploadtime":1682871641,"views":13,"p1id":"pyte17","p2id":"probrn","formatid":"gen9vgc2023regulationc","rating":1490,"private":0,"password":""}