{"id":"gen9vgc2023regulationc-1858933861","p1":"BlueRay_04","p2":"L0LZ4N0m4","format":"[Gen 9] VGC 2023 Regulation C","log":"|j|\u2606BlueRay_04\n|j|\u2606L0LZ4N0m4\n|t:|1683385138\n|gametype|doubles\n|player|p1|BlueRay_04|bianca|1135\n|player|p2|L0LZ4N0m4|aromalady|1212\n|teamsize|p1|6\n|teamsize|p2|6\n|gen|9\n|tier|[Gen 9] VGC 2023 Regulation C\n|rated|\n|rule|Species Clause: Limit one of each Pok\u00e9mon\n|rule|Item Clause: Limit one of each item\n|clearpoke\n|poke|p1|Magneton, L50|\n|poke|p1|Ting-Lu, L50|\n|poke|p1|Flutter Mane, L50|\n|poke|p1|Azumarill, L50, M|\n|poke|p1|Arcanine, L50, F|\n|poke|p1|Chien-Pao, L50|\n|poke|p2|Tyranitar, L50, F|\n|poke|p2|Lycanroc, L50, M|\n|poke|p2|Flutter Mane, L50|\n|poke|p2|Annihilape, L50, M|\n|poke|p2|Gyarados, L50, M|\n|poke|p2|Amoonguss, L50, M|\n|teampreview|4\n|inactive|Battle timer is ON: inactive players will automatically lose when time's up. (requested by L0LZ4N0m4)\n|inactive|BlueRay_04 has 60 seconds left.\n|inactive|L0LZ4N0m4 has 60 seconds left.\n|\n|t:|1683385174\n|start\n|switch|p1a: Magneton|Magneton, L50|100\/100\n|switch|p1b: Azumarill|Azumarill, L50, M|100\/100\n|switch|p2a: Annihilape|Annihilape, L50, M|100\/100\n|switch|p2b: Gyarados|Gyarados, L50, M|100\/100\n|-ability|p2b: Gyarados|Intimidate|boost\n|-unboost|p1a: Magneton|atk|1\n|-unboost|p1b: Azumarill|atk|1\n|turn|1\n|\n|t:|1683385192\n|-terastallize|p1a: Magneton|Grass\n|move|p2b: Gyarados|Protect|p2b: Gyarados\n|-singleturn|p2b: Gyarados|Protect\n|move|p1a: Magneton|Electroweb|p2b: Gyarados|[spread] p2a\n|-activate|p2b: Gyarados|move: Protect\n|-damage|p2a: Annihilape|85\/100\n|-unboost|p2a: Annihilape|spe|1\n|-ability|p2a: Annihilape|Defiant|boost\n|-boost|p2a: Annihilape|atk|2\n|move|p1b: Azumarill|Play Rough|p2a: Annihilape\n|-supereffective|p2a: Annihilape\n|-damage|p2a: Annihilape|20\/100\n|move|p2a: Annihilape|Drain Punch|p1a: Magneton\n|-damage|p1a: Magneton|45\/100\n|-heal|p2a: Annihilape|39\/100|[from] drain|[of] p1a: Magneton\n|\n|-heal|p2a: Annihilape|45\/100|[from] item: Leftovers\n|upkeep\n|turn|2\n|inactive|L0LZ4N0m4 has 30 seconds left.\n|\n|t:|1683385218\n|-terastallize|p2b: Gyarados|Steel\n|move|p2a: Annihilape|Protect|p2a: Annihilape\n|-singleturn|p2a: Annihilape|Protect\n|move|p1a: Magneton|Thunderbolt|p2b: Gyarados\n|-damage|p2b: Gyarados|64\/100\n|move|p2b: Gyarados|Iron Head|p1b: Azumarill\n|-damage|p1b: Azumarill|56\/100\n|cant|p1b: Azumarill|flinch\n|\n|-heal|p2a: Annihilape|51\/100|[from] item: Leftovers\n|upkeep\n|turn|3\n|inactive|L0LZ4N0m4 has 30 seconds left.\n|inactive|L0LZ4N0m4 has 20 seconds left.\n|inactive|L0LZ4N0m4 has 15 seconds left.\n|\n|t:|1683385262\n|switch|p2a: Amoonguss|Amoonguss, L50, M|100\/100\n|move|p1a: Magneton|Thunderbolt|p2b: Gyarados\n|-damage|p2b: Gyarados|30\/100\n|move|p2b: Gyarados|Iron Head|p1a: Magneton\n|-damage|p1a: Magneton|9\/100\n|move|p1b: Azumarill|Play Rough|p2a: Amoonguss\n|-resisted|p2a: Amoonguss\n|-damage|p2a: Amoonguss|85\/100\n|\n|upkeep\n|turn|4\n|inactive|BlueRay_04 has 30 seconds left.\n|inactive|BlueRay_04 has 20 seconds left.\n|\n|t:|1683385298\n|switch|p1a: Chien-Pao|Chien-Pao, L50|100\/100\n|-ability|p1a: Chien-Pao|Sword of Ruin\n|move|p2a: Amoonguss|Rage Powder|p2a: Amoonguss\n|-singleturn|p2a: Amoonguss|move: Rage Powder\n|move|p2b: Gyarados|Iron Head|p1a: Chien-Pao\n|-supereffective|p1a: Chien-Pao\n|-enditem|p1a: Chien-Pao|Focus Sash\n|-damage|p1a: Chien-Pao|1\/100\n|move|p1b: Azumarill|Liquidation|p2a: Amoonguss\n|-resisted|p2a: Amoonguss\n|-damage|p2a: Amoonguss|62\/100\n|\n|upkeep\n|turn|5\n|inactive|BlueRay_04 has 30 seconds left.\n|inactive|L0LZ4N0m4 has 30 seconds left.\n|\n|t:|1683385327\n|move|p1a: Chien-Pao|Protect|p1a: Chien-Pao\n|-singleturn|p1a: Chien-Pao|Protect\n|move|p2a: Amoonguss|Protect|p2a: Amoonguss\n|-singleturn|p2a: Amoonguss|Protect\n|move|p2b: Gyarados|Iron Head|p1a: Chien-Pao\n|-activate|p1a: Chien-Pao|move: Protect\n|move|p1b: Azumarill|Liquidation|p2b: Gyarados\n|-damage|p2b: Gyarados|0 fnt\n|faint|p2b: Gyarados\n|\n|upkeep\n|\n|t:|1683385330\n|switch|p2b: Flutter Mane|Flutter Mane, L50|100\/100\n|turn|6\n|\n|t:|1683385351\n|move|p2a: Amoonguss|Rage Powder|p2a: Amoonguss\n|-singleturn|p2a: Amoonguss|move: Rage Powder\n|move|p1b: Azumarill|Aqua Jet|p2a: Amoonguss\n|-resisted|p2a: Amoonguss\n|-damage|p2a: Amoonguss|52\/100\n|move|p2b: Flutter Mane|Dazzling Gleam|p1a: Chien-Pao|[spread] p1a,p1b\n|-supereffective|p1a: Chien-Pao\n|-damage|p1a: Chien-Pao|0 fnt\n|-damage|p1b: Azumarill|19\/100\n|faint|p1a: Chien-Pao\n|\n|upkeep\n|\n|t:|1683385359\n|switch|p1a: Flutter Mane|Flutter Mane, L50|100\/100\n|-enditem|p1a: Flutter Mane|Booster Energy\n|-activate|p1a: Flutter Mane|ability: Protosynthesis|[fromitem]\n|-start|p1a: Flutter Mane|protosynthesisspe\n|turn|7\n|inactive|BlueRay_04 has 30 seconds left.\n|\n|t:|1683385387\n|move|p1b: Azumarill|Protect|p1b: Azumarill\n|-singleturn|p1b: Azumarill|Protect\n|move|p2a: Amoonguss|Rage Powder|p2a: Amoonguss\n|-singleturn|p2a: Amoonguss|move: Rage Powder\n|move|p1a: Flutter Mane|Shadow Ball|p2a: Amoonguss\n|-damage|p2a: Amoonguss|22\/100\n|-enditem|p2a: Amoonguss|Sitrus Berry|[eat]\n|-heal|p2a: Amoonguss|47\/100|[from] item: Sitrus Berry\n|move|p2b: Flutter Mane|Dazzling Gleam|p1b: Azumarill|[spread] p1a\n|-activate|p1b: Azumarill|move: Protect\n|-damage|p1a: Flutter Mane|71\/100\n|\n|upkeep\n|turn|8\n|inactive|L0LZ4N0m4 has 30 seconds left.\n|inactive|L0LZ4N0m4 has 20 seconds left.\n|inactive|L0LZ4N0m4 has 15 seconds left.\n|\n|t:|1683385430\n|move|p2a: Amoonguss|Rage Powder|p2a: Amoonguss\n|-singleturn|p2a: Amoonguss|move: Rage Powder\n|move|p1a: Flutter Mane|Shadow Ball|p2a: Amoonguss\n|-damage|p2a: Amoonguss|15\/100\n|move|p2b: Flutter Mane|Dazzling Gleam|p1a: Flutter Mane|[spread] p1a,p1b\n|-damage|p1a: Flutter Mane|42\/100\n|-damage|p1b: Azumarill|0 fnt\n|faint|p1b: Azumarill\n|\n|upkeep\n|\n|t:|1683385438\n|switch|p1b: Magneton|Magneton, L50, tera:Grass|9\/100\n|turn|9\n|inactive|L0LZ4N0m4 has 30 seconds left.\n|inactive|L0LZ4N0m4 has 20 seconds left.\n|inactive|L0LZ4N0m4 has 15 seconds left.\n|inactive|L0LZ4N0m4 has 10 seconds left.\n|\n|t:|1683385486\n|move|p2a: Amoonguss|Rage Powder|p2a: Amoonguss\n|-singleturn|p2a: Amoonguss|move: Rage Powder\n|move|p1a: Flutter Mane|Shadow Ball|p2a: Amoonguss\n|-crit|p2a: Amoonguss\n|-damage|p2a: Amoonguss|0 fnt\n|faint|p2a: Amoonguss\n|move|p2b: Flutter Mane|Shadow Ball|p1a: Flutter Mane\n|-supereffective|p1a: Flutter Mane\n|-damage|p1a: Flutter Mane|0 fnt\n|faint|p1a: Flutter Mane\n|-end|p1a: Flutter Mane|Protosynthesis|[silent]\n|move|p1b: Magneton|Flash Cannon|p2b: Flutter Mane\n|-supereffective|p2b: Flutter Mane\n|-damage|p2b: Flutter Mane|27\/100\n|\n|upkeep\n|\n|t:|1683385490\n|switch|p2a: Annihilape|Annihilape, L50, M|51\/100\n|turn|10\n|-message|BlueRay_04 forfeited.\n|\n|win|L0LZ4N0m4\n|raw|BlueRay_04's rating: 1135 → 1115<\/strong> (-20 for losing)\n|raw|L0LZ4N0m4's rating: 1212 → 1232<\/strong> (+20 for winning)\n|l|\u2606BlueRay_04\n","uploadtime":1683385506,"views":4,"p1id":"blueray04","p2id":"l0lz4n0m4","formatid":"gen9vgc2023regulationc","rating":1115,"private":0,"password":""}