{"id":"gen9vgc2023regulationc-1852358073","p1":"wabawa","p2":"Mdamatt","format":"[Gen 9] VGC 2023 Regulation C","log":"|j|\u2606wabawa\n|j|\u2606Mdamatt\n|t:|1682547854\n|gametype|doubles\n|player|p1|wabawa|unknown|1092\n|player|p2|Mdamatt|firebreather|1058\n|teamsize|p1|6\n|teamsize|p2|6\n|gen|9\n|tier|[Gen 9] VGC 2023 Regulation C\n|rated|\n|rule|Species Clause: Limit one of each Pok\u00e9mon\n|rule|Item Clause: Limit one of each item\n|clearpoke\n|poke|p1|Flutter Mane, L50|\n|poke|p1|Iron Bundle, L50|\n|poke|p1|Roaring Moon, L50|\n|poke|p1|Chi-Yu, L50|\n|poke|p1|Arcanine, L50, F|\n|poke|p1|Gyarados, L50, M|\n|poke|p2|Flutter Mane, L50|\n|poke|p2|Chi-Yu, L50|\n|poke|p2|Murkrow, L50, M|\n|poke|p2|Clodsire, L50, M|\n|poke|p2|Corviknight, L50, M|\n|poke|p2|Scizor, L50, F|\n|teampreview|4\n|\n|t:|1682547897\n|start\n|switch|p1a: Flutter Mane|Flutter Mane, L50|100\/100\n|switch|p1b: Iron Bundle|Iron Bundle, L50|100\/100\n|switch|p2a: Chi-Yu|Chi-Yu, L50|100\/100\n|switch|p2b: Murkrow|Murkrow, L50, M|100\/100\n|-ability|p2a: Chi-Yu|Beads of Ruin\n|turn|1\n|\n|t:|1682547912\n|move|p2b: Murkrow|Tailwind|p2b: Murkrow\n|-sidestart|p2: Mdamatt|move: Tailwind\n|move|p2a: Chi-Yu|Heat Wave|p1a: Flutter Mane|[spread] p1a\n|-miss|p2a: Chi-Yu|p1b: Iron Bundle\n|-damage|p1a: Flutter Mane|27\/100\n|-damage|p2a: Chi-Yu|91\/100|[from] item: Life Orb\n|move|p1b: Iron Bundle|Hydro Pump|p2a: Chi-Yu\n|-supereffective|p2a: Chi-Yu\n|-damage|p2a: Chi-Yu|0 fnt\n|faint|p2a: Chi-Yu\n|move|p1a: Flutter Mane|Moonblast|p2b: Murkrow\n|-supereffective|p2b: Murkrow\n|-damage|p2b: Murkrow|0 fnt\n|faint|p2b: Murkrow\n|\n|upkeep\n|\n|t:|1682547926\n|switch|p2a: Scizor|Scizor, L50, F|100\/100\n|switch|p2b: Clodsire|Clodsire, L50, M|100\/100\n|turn|2\n|\n|t:|1682547941\n|move|p2a: Scizor|Bullet Punch|p1a: Flutter Mane\n|-supereffective|p1a: Flutter Mane\n|-damage|p1a: Flutter Mane|0 fnt\n|faint|p1a: Flutter Mane\n|-end|p1a: Flutter Mane|Protosynthesis|[silent]\n|move|p1b: Iron Bundle|Hydro Pump|p2a: Scizor\n|-damage|p2a: Scizor|20\/100\n|move|p2b: Clodsire|Yawn|p1b: Iron Bundle\n|-start|p1b: Iron Bundle|move: Yawn|[of] p2b: Clodsire\n|\n|upkeep\n|\n|t:|1682547958\n|switch|p1a: Chi-Yu|Chi-Yu, L50|100\/100\n|-ability|p1a: Chi-Yu|Beads of Ruin\n|turn|3\n|\n|t:|1682547976\n|-end|p1b: Iron Bundle|Quark Drive|[silent]\n|switch|p1b: Roaring Moon|Roaring Moon, L50|100\/100\n|-enditem|p1b: Roaring Moon|Booster Energy\n|-activate|p1b: Roaring Moon|ability: Protosynthesis|[fromitem]\n|-start|p1b: Roaring Moon|protosynthesisatk\n|move|p2a: Scizor|Close Combat|p1a: Chi-Yu\n|-supereffective|p1a: Chi-Yu\n|-damage|p1a: Chi-Yu|0 fnt\n|-unboost|p2a: Scizor|def|1\n|-unboost|p2a: Scizor|spd|1\n|faint|p1a: Chi-Yu\n|move|p2b: Clodsire|Poison Jab|p1b: Roaring Moon\n|-damage|p1b: Roaring Moon|77\/100\n|-status|p1b: Roaring Moon|psn\n|\n|-damage|p1b: Roaring Moon|65\/100 psn|[from] psn\n|upkeep\n|\n|t:|1682547987\n|switch|p1a: Iron Bundle|Iron Bundle, L50|100\/100\n|turn|4\n|\n|t:|1682548023\n|-terastallize|p1b: Roaring Moon|Flying\n|move|p2a: Scizor|Close Combat|p1b: Roaring Moon\n|-resisted|p1b: Roaring Moon\n|-damage|p1b: Roaring Moon|43\/100 psn\n|-unboost|p2a: Scizor|def|1\n|-unboost|p2a: Scizor|spd|1\n|move|p1a: Iron Bundle|Freeze-Dry|p2b: Clodsire\n|-supereffective|p2b: Clodsire\n|-damage|p2b: Clodsire|54\/100\n|move|p1b: Roaring Moon|Throat Chop|p2a: Scizor\n|-damage|p2a: Scizor|0 fnt\n|faint|p2a: Scizor\n|move|p2b: Clodsire|Poison Jab|p1a: Iron Bundle\n|-damage|p1a: Iron Bundle|70\/100\n|\n|-heal|p2b: Clodsire|60\/100|[from] item: Leftovers\n|-damage|p1b: Roaring Moon|31\/100 psn|[from] psn\n|-sideend|p2: Mdamatt|move: Tailwind\n|upkeep\n|turn|5\n|\n|t:|1682548048\n|move|p1a: Iron Bundle|Freeze-Dry|p2b: Clodsire\n|-supereffective|p2b: Clodsire\n|-damage|p2b: Clodsire|10\/100\n|move|p1b: Roaring Moon|Throat Chop|p2b: Clodsire\n|-damage|p2b: Clodsire|0 fnt\n|faint|p2b: Clodsire\n|\n|win|wabawa\n|raw|wabawa's rating: 1092 → 1116<\/strong> (+24 for winning)\n|raw|Mdamatt's rating: 1058 → 1041<\/strong> (-17 for losing)\n","uploadtime":1682548055,"views":10,"p1id":"wabawa","p2id":"mdamatt","formatid":"gen9vgc2023regulationc","rating":1041,"private":0,"password":""}