{"id":"gen9vgc2023regulationc-1856612360","p1":"gangsta_psyduck123","p2":"TrueSunSeal","format":"[Gen 9] VGC 2023 Regulation C","log":"|j|\u2606gangsta_psyduck123\n|j|\u2606TrueSunSeal\n|t:|1683082427\n|gametype|doubles\n|player|p1|gangsta_psyduck123|li|1155\n|player|p2|TrueSunSeal|red-gen2|1209\n|teamsize|p1|6\n|teamsize|p2|6\n|gen|9\n|tier|[Gen 9] VGC 2023 Regulation C\n|rated|\n|rule|Species Clause: Limit one of each Pok\u00e9mon\n|rule|Item Clause: Limit one of each item\n|clearpoke\n|poke|p1|Ceruledge, L50, F|\n|poke|p1|Lycanroc, L50, M|\n|poke|p1|Tyranitar, L50, F|\n|poke|p1|Iron Bundle, L50|\n|poke|p1|Dragonite, L50, M|\n|poke|p1|Sylveon, L50, F|\n|poke|p2|Chi-Yu, L50|\n|poke|p2|Baxcalibur, L50, F|\n|poke|p2|Flutter Mane, L50|\n|poke|p2|Gyarados, L50, F|\n|poke|p2|Glimmora, L50, M|\n|poke|p2|Scizor, L50, M|\n|teampreview|4\n|\n|t:|1683082461\n|start\n|switch|p1a: Ceruledge|Ceruledge, L50, F|100\/100\n|switch|p1b: Lycanroc|Lycanroc, L50, M|100\/100\n|switch|p2a: Glimmora|Glimmora, L50, M, shiny|100\/100\n|switch|p2b: Gyarados|Gyarados, L50, F, shiny|100\/100\n|-ability|p2b: Gyarados|Intimidate|boost\n|-fail|p1a: Ceruledge|unboost|[from] item: Clear Amulet|[of] p1a: Ceruledge\n|-unboost|p1b: Lycanroc|atk|1\n|turn|1\n|inactive|Battle timer is ON: inactive players will automatically lose when time's up. (requested by TrueSunSeal)\n|inactive|TrueSunSeal has 60 seconds left.\n|inactive|gangsta_psyduck123 has 60 seconds left.\n|\n|t:|1683082530\n|switch|p1a: Iron Bundle|Iron Bundle, L50, shiny|100\/100\n|-enditem|p1a: Iron Bundle|Booster Energy\n|-activate|p1a: Iron Bundle|ability: Quark Drive|[fromitem]\n|-start|p1a: Iron Bundle|quarkdrivespe\n|move|p1b: Lycanroc|Rock Slide|p2a: Glimmora|[spread] p2a,p2b\n|-supereffective|p2b: Gyarados\n|-damage|p2a: Glimmora|81\/100\n|-damage|p2b: Gyarados|63\/100\n|-activate|p2a: Glimmora|ability: Toxic Debris\n|-sidestart|p1: gangsta_psyduck123|move: Toxic Spikes\n|cant|p2b: Gyarados|flinch\n|move|p2a: Glimmora|Mortal Spin|p1b: Lycanroc|[spread] p1a,p1b\n|-resisted|p1b: Lycanroc\n|-damage|p1a: Iron Bundle|95\/100\n|-damage|p1b: Lycanroc|96\/100\n|-status|p1a: Iron Bundle|psn\n|-status|p1b: Lycanroc|psn\n|\n|-damage|p1a: Iron Bundle|83\/100 psn|[from] psn\n|-damage|p1b: Lycanroc|84\/100 psn|[from] psn\n|upkeep\n|turn|2\n|inactive|gangsta_psyduck123 has 30 seconds left.\n|inactive|gangsta_psyduck123 has 20 seconds left.\n|inactive|gangsta_psyduck123 has 15 seconds left.\n|inactive|TrueSunSeal has 30 seconds left.\n|\n|t:|1683082578\n|switch|p2b: Scizor|Scizor, L50, M|100\/100\n|move|p1a: Iron Bundle|Freeze-Dry|p2b: Scizor\n|-resisted|p2b: Scizor\n|-damage|p2b: Scizor|80\/100\n|move|p1b: Lycanroc|Close Combat|p2a: Glimmora\n|-damage|p2a: Glimmora|55\/100\n|-unboost|p1b: Lycanroc|def|1\n|-unboost|p1b: Lycanroc|spd|1\n|-activate|p2a: Glimmora|ability: Toxic Debris\n|-sidestart|p1: gangsta_psyduck123|move: Toxic Spikes\n|move|p2a: Glimmora|Power Gem|p1a: Iron Bundle\n|-supereffective|p1a: Iron Bundle\n|-damage|p1a: Iron Bundle|0 fnt\n|faint|p1a: Iron Bundle\n|-end|p1a: Iron Bundle|Quark Drive|[silent]\n|\n|-damage|p1b: Lycanroc|72\/100 psn|[from] psn\n|upkeep\n|\n|t:|1683082600\n|switch|p1a: Ceruledge|Ceruledge, L50, F|100\/100\n|-status|p1a: Ceruledge|tox\n|turn|3\n|\n|t:|1683082614\n|switch|p1b: Tyranitar|Tyranitar, L50, F|100\/100\n|-status|p1b: Tyranitar|tox\n|-weather|Sandstorm|[from] ability: Sand Stream|[of] p1b: Tyranitar\n|-terastallize|p1a: Ceruledge|Grass\n|-terastallize|p2b: Scizor|Fire\n|move|p2b: Scizor|Bullet Punch|p1b: Tyranitar\n|-supereffective|p1b: Tyranitar\n|-damage|p1b: Tyranitar|49\/100 tox\n|move|p2a: Glimmora|Power Gem|p1a: Ceruledge\n|-damage|p1a: Ceruledge|57\/100 tox\n|move|p1a: Ceruledge|Bitter Blade|p2b: Scizor\n|-resisted|p2b: Scizor\n|-damage|p2b: Scizor|53\/100\n|-heal|p1a: Ceruledge|70\/100 tox|[from] drain|[of] p2b: Scizor\n|\n|-weather|Sandstorm|[upkeep]\n|-damage|p1a: Ceruledge|64\/100 tox|[from] Sandstorm\n|-damage|p2b: Scizor|47\/100|[from] Sandstorm\n|-damage|p1a: Ceruledge|58\/100 tox|[from] psn\n|-damage|p1b: Tyranitar|43\/100 tox|[from] psn\n|upkeep\n|turn|4\n|inactive|gangsta_psyduck123 has 30 seconds left.\n|inactive|TrueSunSeal has 30 seconds left.\n|inactive|gangsta_psyduck123 has 20 seconds left.\n|\n|t:|1683082653\n|switch|p1a: Lycanroc|Lycanroc, L50, M|72\/100 psn\n|move|p2b: Scizor|Bullet Punch|p1b: Tyranitar\n|-supereffective|p1b: Tyranitar\n|-damage|p1b: Tyranitar|0 fnt\n|faint|p1b: Tyranitar\n|move|p2a: Glimmora|Sludge Bomb|p1a: Lycanroc\n|-resisted|p1a: Lycanroc\n|-damage|p1a: Lycanroc|46\/100 psn\n|\n|-weather|Sandstorm|[upkeep]\n|-damage|p2b: Scizor|41\/100|[from] Sandstorm\n|-damage|p1a: Lycanroc|34\/100 psn|[from] psn\n|upkeep\n|\n|t:|1683082664\n|switch|p1b: Ceruledge|Ceruledge, L50, F, tera:Grass|58\/100 tox\n|turn|5\n|\n|t:|1683082687\n|move|p1b: Ceruledge|Shadow Sneak|p2a: Glimmora\n|-damage|p2a: Glimmora|31\/100\n|move|p2b: Scizor|Bullet Punch|p1a: Lycanroc\n|-supereffective|p1a: Lycanroc\n|-damage|p1a: Lycanroc|0 fnt\n|faint|p1a: Lycanroc\n|move|p2a: Glimmora|Sludge Bomb|p1b: Ceruledge\n|-supereffective|p1b: Ceruledge\n|-damage|p1b: Ceruledge|0 fnt\n|faint|p1b: Ceruledge\n|\n|win|TrueSunSeal\n|raw|gangsta_psyduck123's rating: 1155 → 1134<\/strong> (-21 for losing)\n|raw|TrueSunSeal's rating: 1209 → 1230<\/strong> (+21 for winning)\n|l|\u2606gangsta_psyduck123\n","uploadtime":1683082701,"views":10,"p1id":"gangstapsyduck123","p2id":"truesunseal","formatid":"gen9vgc2023regulationc","rating":1134,"private":0,"password":""}