{"id":"gen9vgc2023regulationc-1848440867","p1":"ikuyogotou","p2":"Method Tester","format":"[Gen 9] VGC 2023 Regulation C","log":"|j|\u2606ikuyogotou\n|j|\u2606Method Tester\n|t:|1682078478\n|gametype|doubles\n|player|p1|ikuyogotou|lillie|1369\n|player|p2|Method Tester|101|1343\n|teamsize|p1|6\n|teamsize|p2|6\n|gen|9\n|tier|[Gen 9] VGC 2023 Regulation C\n|rated|\n|rule|Species Clause: Limit one of each Pok\u00e9mon\n|rule|Item Clause: Limit one of each item\n|clearpoke\n|poke|p1|Palafin, L50, M|\n|poke|p1|Chien-Pao, L50|\n|poke|p1|Dragapult, L50, M|\n|poke|p1|Amoonguss, L50, F|\n|poke|p1|Arcanine, L50, M|\n|poke|p1|Flutter Mane, L50|\n|poke|p2|Lokix, L50, F|\n|poke|p2|Tsareena, L50, F|\n|poke|p2|Maushold-Four, L50|\n|poke|p2|Gholdengo, L50|\n|poke|p2|Annihilape, L50, F|\n|poke|p2|Rotom-Wash, L50|\n|teampreview|4\n|inactive|Battle timer is ON: inactive players will automatically lose when time's up. (requested by ikuyogotou)\n|j| MondayXyz\n|\n|t:|1682078521\n|start\n|switch|p1a: Dnite|Dragapult, L50, M, shiny|100\/100\n|switch|p1b: WoChien|Amoonguss, L50, F|100\/100\n|switch|p2a: Annihilape|Annihilape, L50, F|100\/100\n|switch|p2b: Maushold|Maushold-Four, L50|100\/100\n|turn|1\n|inactive|ikuyogotou has 30 seconds left.\n|inactive|Method Tester has 30 seconds left.\n|\n|t:|1682078553\n|move|p2b: Maushold|Feint|p1b: WoChien\n|-damage|p1b: WoChien|93\/100\n|move|p1b: WoChien|Rage Powder|p1b: WoChien\n|-singleturn|p1b: WoChien|move: Rage Powder\n|move|p1a: Dnite|Dragon Darts|p2a: Annihilape\n|-damage|p2a: Annihilape|77\/100\n|-anim|p1a: Dnite|Dragon Darts|p2b: Maushold\n|-damage|p2b: Maushold|62\/100\n|move|p2a: Annihilape|Bulk Up|p2a: Annihilape\n|-boost|p2a: Annihilape|atk|1\n|-boost|p2a: Annihilape|def|1\n|\n|upkeep\n|turn|2\n|\n|t:|1682078570\n|move|p2b: Maushold|Feint|p1b: WoChien\n|-damage|p1b: WoChien|85\/100\n|move|p1a: Dnite|Dragon Darts|p2a: Annihilape\n|-damage|p2a: Annihilape|63\/100\n|-anim|p1a: Dnite|Dragon Darts|p2b: Maushold\n|-crit|p2b: Maushold\n|-damage|p2b: Maushold|4\/100\n|move|p2a: Annihilape|Rage Fist|p1b: WoChien\n|-damage|p1b: WoChien|54\/100\n|move|p1b: WoChien|Spore|p2a: Annihilape\n|-status|p2a: Annihilape|slp|[from] move: Spore\n|-enditem|p2a: Annihilape|Lum Berry|[eat]\n|-curestatus|p2a: Annihilape|slp|[msg]\n|\n|upkeep\n|turn|3\n|\n|t:|1682078593\n|move|p2b: Maushold|Follow Me|p2b: Maushold\n|-singleturn|p2b: Maushold|move: Follow Me\n|move|p1b: WoChien|Rage Powder|p1b: WoChien\n|-singleturn|p1b: WoChien|move: Rage Powder\n|move|p1a: Dnite|Dragon Darts|p2b: Maushold\n|-damage|p2b: Maushold|0 fnt\n|faint|p2b: Maushold\n|move|p2a: Annihilape|Rage Fist|p1b: WoChien\n|-damage|p1b: WoChien|26\/100\n|-enditem|p1b: WoChien|Sitrus Berry|[eat]\n|-heal|p1b: WoChien|51\/100|[from] item: Sitrus Berry\n|\n|upkeep\n|\n|t:|1682078607\n|switch|p2b: Lokix|Lokix, L50, F|100\/100\n|turn|4\n|inactive|Method Tester has 30 seconds left.\n|\n|t:|1682078640\n|move|p2b: Lokix|First Impression|p1b: WoChien\n|-damage|p1b: WoChien|0 fnt\n|faint|p1b: WoChien\n|-damage|p2b: Lokix|91\/100|[from] item: Life Orb\n|move|p1a: Dnite|Dragon Darts|p2a: Annihilape\n|-damage|p2a: Annihilape|44\/100\n|-anim|p1a: Dnite|Dragon Darts|p2b: Lokix\n|-damage|p2b: Lokix|31\/100\n|move|p2a: Annihilape|Rage Fist|p1a: Dnite\n|-supereffective|p1a: Dnite\n|-damage|p1a: Dnite|18\/100\n|\n|upkeep\n|\n|t:|1682078659\n|switch|p1b: Bundle|Chien-Pao, L50|100\/100\n|-ability|p1b: Bundle|Sword of Ruin\n|turn|5\n|\n|t:|1682078683\n|switch|p1a: Mimi|Flutter Mane, L50|100\/100\n|-enditem|p1a: Mimi|Booster Energy\n|-activate|p1a: Mimi|ability: Protosynthesis|[fromitem]\n|-start|p1a: Mimi|protosynthesisspa\n|move|p2b: Lokix|Sucker Punch||[still]\n|-fail|p2b: Lokix\n|move|p1b: Bundle|Ice Spinner|p2b: Lokix\n|-damage|p2b: Lokix|0 fnt\n|faint|p2b: Lokix\n|move|p2a: Annihilape|Drain Punch|p1b: Bundle\n|-supereffective|p1b: Bundle\n|-enditem|p1b: Bundle|Focus Sash\n|-damage|p1b: Bundle|1\/100\n|-heal|p2a: Annihilape|80\/100|[from] drain|[of] p1b: Bundle\n|\n|upkeep\n|\n|t:|1682078698\n|switch|p2b: Rotom|Rotom-Wash, L50|100\/100\n|turn|6\n|\n|t:|1682078721\n|-terastallize|p1a: Mimi|Fairy\n|-terastallize|p2a: Annihilape|Fire\n|move|p1b: Bundle|Sucker Punch|p2b: Rotom\n|-damage|p2b: Rotom|52\/100\n|move|p1a: Mimi|Moonblast|p2b: Rotom\n|-damage|p2b: Rotom|0 fnt\n|faint|p2b: Rotom\n|move|p2a: Annihilape|Rage Fist|p1a: Mimi\n|-damage|p1a: Mimi|37\/100\n|\n|upkeep\n|turn|7\n|inactive|Method Tester has 30 seconds left.\n|\n|t:|1682078746\n|move|p1b: Bundle|Protect|p1b: Bundle\n|-singleturn|p1b: Bundle|Protect\n|move|p1a: Mimi|Shadow Ball|p2a: Annihilape\n|-damage|p2a: Annihilape|32\/100\n|move|p2a: Annihilape|Drain Punch|p1b: Bundle\n|-activate|p1b: Bundle|move: Protect\n|\n|upkeep\n|turn|8\n|-message|Method Tester forfeited.\n|\n|win|ikuyogotou\n|raw|ikuyogotou's rating: 1369 → 1388<\/strong> (+19 for winning)\n|raw|Method Tester's rating: 1343 → 1324<\/strong> (-19 for losing)\n|l|\u2606Method Tester\n","uploadtime":1682078813,"views":14,"p1id":"ikuyogotou","p2id":"methodtester","formatid":"gen9vgc2023regulationc","rating":1324,"private":0,"password":""}