{"id":"gen9vgc2023regulationc-1856414788","p1":"HocusPocusAlakazam","p2":"Lionel1990ss","format":"[Gen 9] VGC 2023 Regulation C","log":"|j|\u2606HocusPocusAlakazam\n|j|\u2606Lionel1990ss\n|t:|1683059202\n|gametype|doubles\n|player|p1|HocusPocusAlakazam|colress|1079\n|player|p2|Lionel1990ss|acetrainer-gen4dp|1088\n|teamsize|p1|6\n|teamsize|p2|6\n|gen|9\n|tier|[Gen 9] VGC 2023 Regulation C\n|rated|\n|rule|Species Clause: Limit one of each Pok\u00e9mon\n|rule|Item Clause: Limit one of each item\n|clearpoke\n|poke|p1|Arcanine, L50, M|\n|poke|p1|Amoonguss, L50, F|\n|poke|p1|Flutter Mane, L50|\n|poke|p1|Palafin, L50, M|\n|poke|p1|Baxcalibur, L50, M|\n|poke|p1|Ting-Lu, L50|\n|poke|p2|Iron Hands, L50|\n|poke|p2|Chien-Pao, L50|\n|poke|p2|Amoonguss, L50, F|\n|poke|p2|Flutter Mane, L50|\n|poke|p2|Espathra, L50, F|\n|poke|p2|Chi-Yu, L50|\n|teampreview|4\nHocusPocusAlakazam has agreed to open team sheets.\n|inactive|Battle timer is ON: inactive players will automatically lose when time's up. (requested by HocusPocusAlakazam)\n|inactive|HocusPocusAlakazam has 60 seconds left.\n|inactive|Lionel1990ss has 60 seconds left.\n|\n|t:|1683059244\n|start\n|switch|p1a: Palafin|Palafin, L50, M|100\/100\n|switch|p1b: Ting-Lu|Ting-Lu, L50|100\/100\n|switch|p2a: Iron Hands|Iron Hands, L50|100\/100\n|switch|p2b: Espathra|Espathra, L50, F|100\/100\n|-ability|p1b: Ting-Lu|Vessel of Ruin\n|turn|1\n|\n|t:|1683059262\n|detailschange|p1a: Palafin|Palafin-Hero, L50, M\n|switch|p1a: Arcanine|Arcanine, L50, M|100\/100\n|-ability|p1a: Arcanine|Intimidate|boost\n|-unboost|p2a: Iron Hands|atk|1\n|-unboost|p2b: Espathra|atk|1\n|-terastallize|p1b: Ting-Lu|Poison\n|move|p2a: Iron Hands|Fake Out|p1b: Ting-Lu\n|-damage|p1b: Ting-Lu|95\/100\n|move|p2b: Espathra|Lumina Crash|p1a: Arcanine\n|-damage|p1a: Arcanine|75\/100\n|-unboost|p1a: Arcanine|spd|2\n|cant|p1b: Ting-Lu|flinch\n|\n|-ability|p2b: Espathra|Speed Boost|boost\n|-boost|p2b: Espathra|spe|1\n|upkeep\n|turn|2\n|inactive|Lionel1990ss has 30 seconds left.\n|inactive|HocusPocusAlakazam has 30 seconds left.\n|inactive|Lionel1990ss has 20 seconds left.\n|inactive|Lionel1990ss has 15 seconds left.\n|\n|t:|1683059304\n|-end|p2a: Iron Hands|Quark Drive|[silent]\n|switch|p2a: Flutter Mane|Flutter Mane, L50|100\/100\n|-enditem|p2a: Flutter Mane|Booster Energy\n|-activate|p2a: Flutter Mane|ability: Protosynthesis|[fromitem]\n|-start|p2a: Flutter Mane|protosynthesisspe\n|move|p2b: Espathra|Lumina Crash|p1a: Arcanine\n|-damage|p1a: Arcanine|24\/100\n|-unboost|p1a: Arcanine|spd|2\n|move|p1a: Arcanine|Will-O-Wisp|p2a: Flutter Mane\n|-status|p2a: Flutter Mane|brn\n|move|p1b: Ting-Lu|Payback|p2b: Espathra\n|-supereffective|p2b: Espathra\n|-damage|p2b: Espathra|0 fnt\n|faint|p2b: Espathra\n|\n|-damage|p2a: Flutter Mane|95\/100 brn|[from] brn\n|upkeep\n|\n|t:|1683059329\n|switch|p2b: Iron Hands|Iron Hands, L50|100\/100\n|turn|3\n|\n|t:|1683059352\n|switch|p1a: Flutter Mane|Flutter Mane, L50, shiny|100\/100\n|move|p2b: Iron Hands|Fake Out|p1a: Flutter Mane\n|-immune|p1a: Flutter Mane\n|move|p2a: Flutter Mane|Icy Wind|p1b: Ting-Lu|[spread] p1a,p1b\n|-damage|p1a: Flutter Mane|90\/100\n|-damage|p1b: Ting-Lu|90\/100\n|-unboost|p1a: Flutter Mane|spe|1\n|-unboost|p1b: Ting-Lu|spe|1\n|move|p1b: Ting-Lu|Heavy Slam|p2a: Flutter Mane\n|-supereffective|p2a: Flutter Mane\n|-damage|p2a: Flutter Mane|0 fnt\n|faint|p2a: Flutter Mane\n|-end|p2a: Flutter Mane|Protosynthesis|[silent]\n|\n|upkeep\n|\n|t:|1683059365\n|switch|p2a: Chi-Yu|Chi-Yu, L50|100\/100\n|-ability|p2a: Chi-Yu|Beads of Ruin\n|turn|4\n|\n|t:|1683059379\n|-end|p1a: Flutter Mane|Protosynthesis|[silent]\n|switch|p1a: Arcanine|Arcanine, L50, M|24\/100\n|-ability|p1a: Arcanine|Intimidate|boost\n|-unboost|p2a: Chi-Yu|atk|1\n|-unboost|p2b: Iron Hands|atk|1\n|-terastallize|p2b: Iron Hands|Flying\n|move|p2a: Chi-Yu|Heat Wave|p1a: Arcanine|[spread] \n|-miss|p2a: Chi-Yu|p1a: Arcanine\n|-miss|p2a: Chi-Yu|p1b: Ting-Lu\n|move|p2b: Iron Hands|Heavy Slam|p1a: Arcanine\n|-resisted|p1a: Arcanine\n|-damage|p1a: Arcanine|17\/100\n|move|p1b: Ting-Lu|Earthquake|p2a: Chi-Yu|[spread] p1a,p2a\n|-immune|p2b: Iron Hands\n|-supereffective|p1a: Arcanine\n|-supereffective|p2a: Chi-Yu\n|-damage|p1a: Arcanine|0 fnt\n|-damage|p2a: Chi-Yu|0 fnt\n|faint|p1a: Arcanine\n|faint|p2a: Chi-Yu\n|\n|upkeep\n|\n|t:|1683059395\n|switch|p1a: Flutter Mane|Flutter Mane, L50, shiny|90\/100\n|turn|5\n|-message|Lionel1990ss forfeited.\n|\n|win|HocusPocusAlakazam\n|raw|HocusPocusAlakazam's rating: 1079 → 1108<\/strong> (+29 for winning)\n|raw|Lionel1990ss's rating: 1088 → 1064<\/strong> (-24 for losing)\n|l|\u2606Lionel1990ss\n","uploadtime":1683059399,"views":6,"p1id":"hocuspocusalakazam","p2id":"lionel1990ss","formatid":"gen9vgc2023regulationc","rating":1064,"private":0,"password":""}