{"id":"gen9vgc2023regulationc-1863334641","p1":"SalcranVGC","p2":"SolCalibre","format":"[Gen 9] VGC 2023 Regulation C","log":"|j|\u2606SalcranVGC\n|j|\u2606SolCalibre\n|t:|1684003874\n|gametype|doubles\n|player|p1|SalcranVGC|1|\n|player|p2|SolCalibre|1|\n|teamsize|p1|6\n|teamsize|p2|6\n|gen|9\n|tier|[Gen 9] VGC 2023 Regulation C\n|rule|Species Clause: Limit one of each Pok\u00e9mon\n|rule|Item Clause: Limit one of each item\n|clearpoke\n|poke|p1|Arcanine, L50, F|\n|poke|p1|Palafin, L50, M|\n|poke|p1|Dragonite, L50, M|\n|poke|p1|Chien-Pao, L50|\n|poke|p1|Amoonguss, L50, M|\n|poke|p1|Iron Hands, L50|\n|poke|p2|Hatterene, L50, F|\n|poke|p2|Indeedee-F, L50, F|\n|poke|p2|Iron Hands, L50|\n|poke|p2|Armarouge, L50, M|\n|poke|p2|Torkoal, L50, M|\n|poke|p2|Lilligant, L50, F|\n|teampreview|4\nSolCalibre has agreed to open team sheets.\nSalcranVGC has agreed to open team sheets.\n|j| Breloom3912\n|l| Breloom3912\n|j| Breloom3912\n|l| Breloom3912\n|c|\u2606SolCalibre|Let me know when\n|j| Orangex733\n|c|\u2606SalcranVGC|ok, lets go\n|c|\u2606SalcranVGC|G2\n|c|\u2606SolCalibre|ok\n|\n|t:|1684004508\n|start\n|switch|p1a: Chien-Pao|Chien-Pao, L50|100\/100\n|switch|p1b: Palafin|Palafin, L50, M|100\/100\n|switch|p2a: Indeed!|Indeedee-F, L50, F|100\/100\n|switch|p2b: Miss Hat|Hatterene, L50, F|100\/100\n|-ability|p1a: Chien-Pao|Sword of Ruin\n|-fieldstart|move: Psychic Terrain|[from] ability: Psychic Surge|[of] p2a: Indeed!\n|turn|1\n|\n|t:|1684004540\n|detailschange|p1b: Palafin|Palafin-Hero, L50, M\n|switch|p1b: Dragonite|Dragonite, L50, M|100\/100\n|move|p2a: Indeed!|Follow Me|p2a: Indeed!\n|-singleturn|p2a: Indeed!|move: Follow Me\n|move|p1a: Chien-Pao|Ice Spinner|p2a: Indeed!\n|-damage|p2a: Indeed!|49\/100\n|-fieldend|move: Psychic Terrain\n|move|p2b: Miss Hat|Trick Room|p2b: Miss Hat\n|-fieldstart|move: Trick Room|[of] p2b: Miss Hat\n|\n|upkeep\n|turn|2\n|\n|t:|1684004571\n|-terastallize|p2b: Miss Hat|Fairy\n|-terastallize|p1b: Dragonite|Normal\n|move|p2a: Indeed!|Helping Hand|p2b: Miss Hat\n|-singleturn|p2b: Miss Hat|Helping Hand|[of] p2a: Indeed!\n|move|p1b: Dragonite|Extreme Speed|p2b: Miss Hat\n|-damage|p2b: Miss Hat|0 fnt\n|faint|p2b: Miss Hat\n|move|p1a: Chien-Pao|Ice Spinner|p2a: Indeed!\n|-damage|p2a: Indeed!|0 fnt\n|faint|p2a: Indeed!\n|\n|upkeep\n|\n|t:|1684004585\n|switch|p2b: Harlyama|Iron Hands, L50|100\/100\n|switch|p2a: Le Rouge|Armarouge, L50, M, shiny|100\/100\n|turn|3\n|\n|t:|1684004614\n|switch|p1a: Arcanine|Arcanine, L50, F|100\/100\n|-ability|p1a: Arcanine|Intimidate|boost\n|-unboost|p2a: Le Rouge|atk|1\n|-unboost|p2b: Harlyama|atk|1\n|move|p2b: Harlyama|Fake Out|p1a: Arcanine\n|-damage|p1a: Arcanine|89\/100\n|move|p1b: Dragonite|Extreme Speed|p2a: Le Rouge\n|-damage|p2a: Le Rouge|36\/100\n|move|p2a: Le Rouge|Expanding Force|p1b: Dragonite\n|-damage|p1b: Dragonite|55\/100\n|\n|upkeep\n|turn|4\n|\n|t:|1684004639\n|move|p2a: Le Rouge|Protect|p2a: Le Rouge\n|-singleturn|p2a: Le Rouge|Protect\n|move|p1b: Dragonite|Extreme Speed|p2a: Le Rouge\n|-activate|p2a: Le Rouge|move: Protect\n|move|p2b: Harlyama|Thunder Punch|p1b: Dragonite\n|-damage|p1b: Dragonite|27\/100\n|move|p1a: Arcanine|Howl|p1a: Arcanine|[spread] p1a,p1b\n|-boost|p1a: Arcanine|atk|1\n|-boost|p1b: Dragonite|atk|1\n|\n|upkeep\n|turn|5\n|\n|t:|1684004655\n|move|p2a: Le Rouge|Protect|p2a: Le Rouge\n|-singleturn|p2a: Le Rouge|Protect\n|move|p1b: Dragonite|Extreme Speed|p2b: Harlyama\n|-damage|p2b: Harlyama|37\/100\n|move|p1a: Arcanine|Extreme Speed|p2a: Le Rouge\n|-activate|p2a: Le Rouge|move: Protect\n|move|p2b: Harlyama|Thunder Punch|p1b: Dragonite\n|-damage|p1b: Dragonite|0 fnt\n|faint|p1b: Dragonite\n|\n|-fieldend|move: Trick Room\n|upkeep\n|\n|t:|1684004664\n|switch|p1b: Palafin|Palafin-Hero, L50, M|100\/100\n|-activate|p1b: Palafin|ability: Zero to Hero\n|turn|6\n|\n|t:|1684004693\n|move|p1a: Arcanine|Extreme Speed|p2a: Le Rouge\n|-damage|p2a: Le Rouge|4\/100\n|move|p1b: Palafin|Wave Crash|p2b: Harlyama\n|-damage|p2b: Harlyama|0 fnt\n|faint|p2b: Harlyama\n|-end|p2b: Harlyama|Quark Drive|[silent]\n|-damage|p1b: Palafin|86\/100|[from] Recoil\n|move|p2a: Le Rouge|Energy Ball|p1b: Palafin\n|-supereffective|p1b: Palafin\n|-damage|p1b: Palafin|21\/100\n|-unboost|p1b: Palafin|spd|1\n|\n|upkeep\n|turn|7\n|\n|t:|1684004706\n|move|p1a: Arcanine|Extreme Speed|p2a: Le Rouge\n|-crit|p2a: Le Rouge\n|-damage|p2a: Le Rouge|0 fnt\n|faint|p2a: Le Rouge\n|\n|win|SalcranVGC\n|l| Orangex733\n","uploadtime":1684004714,"views":26,"p1id":"salcranvgc","p2id":"solcalibre","formatid":"gen9vgc2023regulationc","rating":0,"private":0,"password":""}