{"id":"gen9vgc2023regulationc-1861515921","p1":"pannnn","p2":"whorubuthi","format":"[Gen 9] VGC 2023 Regulation C","log":"|j|\u2606pannnn\n|j|\u2606whorubuthi\n|t:|1683767521\n|gametype|doubles\n|player|p1|pannnn|1|1045\n|player|p2|whorubuthi|266|1091\n|teamsize|p1|6\n|teamsize|p2|6\n|gen|9\n|tier|[Gen 9] VGC 2023 Regulation C\n|rated|\n|rule|Species Clause: Limit one of each Pok\u00e9mon\n|rule|Item Clause: Limit one of each item\n|clearpoke\n|poke|p1|Chi-Yu, L50|\n|poke|p1|Dachsbun, L50, F|\n|poke|p1|Dragonite, L50, M|\n|poke|p1|Flutter Mane, L50|\n|poke|p1|Azumarill, L50, M|\n|poke|p1|Chien-Pao, L50|\n|poke|p2|Indeedee-F, L50, F|\n|poke|p2|Torkoal, L50, F|\n|poke|p2|Armarouge, L50, F|\n|poke|p2|Kingambit, L50, M|\n|poke|p2|Flutter Mane, L50|\n|poke|p2|Iron Bundle, L50|\n|teampreview|4\n|\n|t:|1683767565\n|start\n|switch|p1a: Azumarill|Azumarill, L50, M|100\/100\n|switch|p1b: Flutter Mane|Flutter Mane, L50|100\/100\n|switch|p2a: Indeedee|Indeedee-F, L50, F|100\/100\n|switch|p2b: Armarouge|Armarouge, L50, F|100\/100\n|-fieldstart|move: Psychic Terrain|[from] ability: Psychic Surge|[of] p2a: Indeedee\n|-enditem|p2a: Indeedee|Psychic Seed\n|-boost|p2a: Indeedee|spd|1|[from] item: Psychic Seed\n|-enditem|p1b: Flutter Mane|Booster Energy\n|-activate|p1b: Flutter Mane|ability: Protosynthesis|[fromitem]\n|-start|p1b: Flutter Mane|protosynthesisspe\n|turn|1\n|\n|t:|1683767592\n|move|p2a: Indeedee|Follow Me|p2a: Indeedee\n|-singleturn|p2a: Indeedee|move: Follow Me\n|move|p1b: Flutter Mane|Shadow Ball|p2a: Indeedee\n|-immune|p2a: Indeedee\n|move|p1a: Azumarill|Liquidation|p2a: Indeedee\n|-damage|p2a: Indeedee|47\/100\n|move|p2b: Armarouge|Trick Room|p2b: Armarouge\n|-fieldstart|move: Trick Room|[of] p2b: Armarouge\n|\n|upkeep\n|turn|2\n|\n|t:|1683767621\n|-terastallize|p2b: Armarouge|Psychic\n|move|p2a: Indeedee|Follow Me|p2a: Indeedee\n|-singleturn|p2a: Indeedee|move: Follow Me\n|move|p1a: Azumarill|Aqua Jet|p2a: Indeedee\n|-activate|p2a: Indeedee|move: Psychic Terrain\n|move|p2b: Armarouge|Expanding Force|p1b: Flutter Mane|[spread] p1a,p1b\n|-damage|p1a: Azumarill|0 fnt\n|-damage|p1b: Flutter Mane|2\/100\n|faint|p1a: Azumarill\n|-damage|p2b: Armarouge|91\/100|[from] item: Life Orb\n|move|p1b: Flutter Mane|Perish Song|p1b: Flutter Mane\n|-start|p1b: Flutter Mane|perish3|[silent]\n|-start|p2a: Indeedee|perish3|[silent]\n|-start|p2b: Armarouge|perish3|[silent]\n|-fieldactivate|move: Perish Song\n|\n|-start|p2b: Armarouge|perish3\n|-start|p2a: Indeedee|perish3\n|-start|p1b: Flutter Mane|perish3\n|upkeep\n|\n|t:|1683767642\n|switch|p1a: Chi-Yu|Chi-Yu, L50|100\/100\n|-ability|p1a: Chi-Yu|Beads of Ruin\n|turn|3\n|\n|t:|1683767666\n|move|p2a: Indeedee|Helping Hand|p2b: Armarouge\n|-singleturn|p2b: Armarouge|Helping Hand|[of] p2a: Indeedee\n|move|p1b: Flutter Mane|Protect|p1b: Flutter Mane\n|-singleturn|p1b: Flutter Mane|Protect\n|move|p2b: Armarouge|Expanding Force|p1a: Chi-Yu|[spread] \n|-activate|p1b: Flutter Mane|move: Protect\n|-immune|p1a: Chi-Yu\n|move|p1a: Chi-Yu|Snarl|p2a: Indeedee|[spread] p2a,p2b\n|-supereffective|p2a: Indeedee\n|-supereffective|p2b: Armarouge\n|-damage|p2a: Indeedee|10\/100\n|-damage|p2b: Armarouge|25\/100\n|-unboost|p2a: Indeedee|spa|1\n|-unboost|p2b: Armarouge|spa|1\n|\n|-start|p2b: Armarouge|perish2\n|-start|p2a: Indeedee|perish2\n|-start|p1b: Flutter Mane|perish2\n|upkeep\n|turn|4\n|c|\u2606whorubuthi|im dum\n|\n|t:|1683767691\n|move|p2b: Armarouge|Armor Cannon|p1a: Chi-Yu\n|-resisted|p1a: Chi-Yu\n|-damage|p1a: Chi-Yu|70\/100\n|-unboost|p2b: Armarouge|def|1\n|-unboost|p2b: Armarouge|spd|1\n|-damage|p2b: Armarouge|15\/100|[from] item: Life Orb\n|move|p2a: Indeedee|Dazzling Gleam|p1a: Chi-Yu|[spread] p1a,p1b\n|-damage|p1a: Chi-Yu|59\/100\n|-damage|p1b: Flutter Mane|0 fnt\n|faint|p1b: Flutter Mane\n|-end|p1b: Flutter Mane|Protosynthesis|[silent]\n|move|p1a: Chi-Yu|Snarl|p2a: Indeedee|[spread] p2a,p2b\n|-supereffective|p2a: Indeedee\n|-supereffective|p2b: Armarouge\n|-damage|p2a: Indeedee|0 fnt\n|-damage|p2b: Armarouge|0 fnt\n|faint|p2a: Indeedee\n|faint|p2b: Armarouge\n|\n|upkeep\n|inactive|Battle timer is ON: inactive players will automatically lose when time's up. (requested by pannnn)\n|\n|t:|1683767750\n|switch|p2b: Kingambit|Kingambit, L50, M|100\/100\n|switch|p2a: Torkoal|Torkoal, L50, F|100\/100\n|switch|p1b: Dachsbun|Dachsbun, L50, F|100\/100\n|-weather|SunnyDay|[from] ability: Drought|[of] p2a: Torkoal\n|turn|5\n|\n|t:|1683767767\n|move|p2a: Torkoal|Eruption|p1a: Chi-Yu|[spread] p1a\n|-ability|p1b: Dachsbun|Well-Baked Body|boost\n|-boost|p1b: Dachsbun|def|2\n|-resisted|p1a: Chi-Yu\n|-damage|p1a: Chi-Yu|9\/100\n|move|p2b: Kingambit|Brick Break|p1a: Chi-Yu\n|-supereffective|p1a: Chi-Yu\n|-damage|p1a: Chi-Yu|0 fnt\n|faint|p1a: Chi-Yu\n|move|p1b: Dachsbun|Yawn|p2b: Kingambit\n|-start|p2b: Kingambit|move: Yawn|[of] p1b: Dachsbun\n|\n|-weather|SunnyDay|[upkeep]\n|-fieldend|move: Trick Room\n|-fieldend|move: Psychic Terrain\n|upkeep\n|turn|6\n|inactive|whorubuthi has 30 seconds left.\n|inactive|whorubuthi has 20 seconds left.\n|inactive|pannnn has 30 seconds left.\n|inactive|whorubuthi has 15 seconds left.\n|inactive|whorubuthi has 10 seconds left.\n|\n|t:|1683767815\n|move|p1b: Dachsbun|Yawn|p2a: Torkoal\n|-start|p2a: Torkoal|move: Yawn|[of] p1b: Dachsbun\n|move|p2b: Kingambit|Iron Head|p1b: Dachsbun\n|-supereffective|p1b: Dachsbun\n|-damage|p1b: Dachsbun|52\/100\n|move|p2a: Torkoal|Eruption|p1b: Dachsbun\n|-ability|p1b: Dachsbun|Well-Baked Body|boost\n|-boost|p1b: Dachsbun|def|2\n|\n|-weather|SunnyDay|[upkeep]\n|-heal|p1b: Dachsbun|58\/100|[from] item: Leftovers\n|-end|p2b: Kingambit|move: Yawn|[silent]\n|-status|p2b: Kingambit|slp\n|upkeep\n|turn|7\n|c|\u2606whorubuthi|im selling\n|c|\u2606whorubuthi|f\n|\n|t:|1683767837\n|-terastallize|p1b: Dachsbun|Ghost\n|move|p1b: Dachsbun|Wish|p1b: Dachsbun\n|cant|p2b: Kingambit|slp\n|move|p2a: Torkoal|Earth Power|p1b: Dachsbun\n|-damage|p1b: Dachsbun|35\/100\n|\n|-weather|SunnyDay|[upkeep]\n|-heal|p1b: Dachsbun|41\/100|[from] item: Leftovers\n|-end|p2a: Torkoal|move: Yawn|[silent]\n|-status|p2a: Torkoal|slp\n|upkeep\n|turn|8\n|\n|t:|1683767851\n|move|p1b: Dachsbun|Body Press|p2b: Kingambit\n|-supereffective|p2b: Kingambit\n|-damage|p2b: Kingambit|0 fnt\n|faint|p2b: Kingambit\n|cant|p2a: Torkoal|slp\n|\n|-weather|SunnyDay|[upkeep]\n|-heal|p1b: Dachsbun|91\/100|[from] move: Wish|[wisher] Dachsbun\n|-heal|p1b: Dachsbun|97\/100|[from] item: Leftovers\n|upkeep\n|turn|9\n|\n|t:|1683767862\n|move|p1b: Dachsbun|Body Press|p2a: Torkoal\n|-damage|p2a: Torkoal|50\/100 slp\n|cant|p2a: Torkoal|slp\n|\n|-weather|none\n|-heal|p1b: Dachsbun|100\/100|[from] item: Leftovers\n|upkeep\n|turn|10\n|c|\u2606whorubuthi|fuck\n|\n|t:|1683767871\n|-curestatus|p2a: Torkoal|slp|[msg]\n|move|p2a: Torkoal|Protect|p2a: Torkoal\n|-singleturn|p2a: Torkoal|Protect\n|move|p1b: Dachsbun|Body Press|p2a: Torkoal\n|-activate|p2a: Torkoal|move: Protect\n|\n|upkeep\n|turn|11\n|\n|t:|1683767880\n|move|p1b: Dachsbun|Body Press|p2a: Torkoal\n|-crit|p2a: Torkoal\n|-damage|p2a: Torkoal|0 fnt\n|faint|p2a: Torkoal\n|\n|win|pannnn\n|raw|pannnn's rating: 1045 → 1083<\/strong> (+38 for winning)\n|raw|whorubuthi's rating: 1091 → 1064<\/strong> (-27 for losing)\n|c|\u2606pannnn|Gg wp\n","uploadtime":1683767887,"views":13,"p1id":"pannnn","p2id":"whorubuthi","formatid":"gen9vgc2023regulationc","rating":1064,"private":0,"password":""}