{"id":"gen9vgc2023regulationc-1845385329","p1":"amarildomgl","p2":"knight8512","format":"[Gen 9] VGC 2023 Regulation C","log":"|j|\u2606amarildomgl\n|j|\u2606knight8512\n|t:|1681725663\n|gametype|doubles\n|player|p1|amarildomgl|266|1087\n|player|p2|knight8512|boarder|1160\n|teamsize|p1|6\n|teamsize|p2|6\n|gen|9\n|tier|[Gen 9] VGC 2023 Regulation C\n|rated|\n|rule|Species Clause: Limit one of each Pok\u00e9mon\n|rule|Item Clause: Limit one of each item\n|clearpoke\n|poke|p1|Palafin, L50, F|\n|poke|p1|Arcanine, L50, M|\n|poke|p1|Ting-Lu, L50|\n|poke|p1|Gastrodon, L50, M|\n|poke|p1|Flutter Mane, L50|\n|poke|p1|Amoonguss, L50, M|\n|poke|p2|Talonflame, L50, F|\n|poke|p2|Garchomp, L50, M|\n|poke|p2|Gyarados, L50, F|\n|poke|p2|Kingambit, L50, M|\n|poke|p2|Flutter Mane, L50|\n|poke|p2|Iron Bundle, L50|\n|teampreview|4\n|inactive|Battle timer is ON: inactive players will automatically lose when time's up. (requested by knight8512)\n|inactive|knight8512 has 60 seconds left.\n|inactive|knight8512 has 30 seconds left.\n|\n|t:|1681725785\n|start\n|switch|p1a: Arcanine|Arcanine, L50, M|100\/100\n|switch|p1b: Palafin|Palafin, L50, F|100\/100\n|switch|p2a: Gyarados|Gyarados, L50, F|100\/100\n|switch|p2b: Iron Bundle|Iron Bundle, L50|100\/100\n|-ability|p1a: Arcanine|Intimidate|boost\n|-unboost|p2a: Gyarados|atk|1\n|-unboost|p2b: Iron Bundle|atk|1\n|-ability|p2a: Gyarados|Intimidate|boost\n|-unboost|p1a: Arcanine|atk|1\n|-unboost|p1b: Palafin|atk|1\n|-enditem|p2b: Iron Bundle|Booster Energy\n|-activate|p2b: Iron Bundle|ability: Quark Drive|[fromitem]\n|-start|p2b: Iron Bundle|quarkdrivespe\n|turn|1\n|inactive|knight8512 has 30 seconds left.\n|\n|t:|1681725820\n|detailschange|p1b: Palafin|Palafin-Hero, L50, F\n|switch|p1b: Gastrodon|Gastrodon, L50, M|100\/100\n|move|p2b: Iron Bundle|Protect|p2b: Iron Bundle\n|-singleturn|p2b: Iron Bundle|Protect\n|move|p1a: Arcanine|Will-O-Wisp|p2a: Gyarados\n|-status|p2a: Gyarados|brn\n|move|p2a: Gyarados|Thunder Wave|p1b: Gastrodon\n|-immune|p1b: Gastrodon\n|\n|-damage|p2a: Gyarados|95\/100 brn|[from] brn\n|upkeep\n|turn|2\n|inactive|amarildomgl has 30 seconds left.\n|inactive|amarildomgl has 20 seconds left.\n|\n|t:|1681725857\n|move|p1a: Arcanine|Protect|p1a: Arcanine\n|-singleturn|p1a: Arcanine|Protect\n|move|p2b: Iron Bundle|Freeze-Dry|p1b: Gastrodon\n|-supereffective|p1b: Gastrodon\n|-damage|p1b: Gastrodon|0 fnt\n|faint|p1b: Gastrodon\n|move|p2a: Gyarados|Taunt|p1a: Arcanine\n|-activate|p1a: Arcanine|move: Protect\n|\n|-damage|p2a: Gyarados|89\/100 brn|[from] brn\n|upkeep\n|\n|t:|1681725870\n|switch|p1b: Ting-Lu|Ting-Lu, L50|100\/100\n|-ability|p1b: Ting-Lu|Vessel of Ruin\n|turn|3\n|inactive|knight8512 has 30 seconds left.\n|\n|t:|1681725902\n|move|p2a: Gyarados|Helping Hand|p2b: Iron Bundle\n|-singleturn|p2b: Iron Bundle|Helping Hand|[of] p2a: Gyarados\n|move|p2b: Iron Bundle|Hydro Pump|p1b: Ting-Lu\n|-supereffective|p1b: Ting-Lu\n|-damage|p1b: Ting-Lu|32\/100\n|move|p1a: Arcanine|Flare Blitz|p2b: Iron Bundle\n|-damage|p2b: Iron Bundle|64\/100\n|-damage|p1a: Arcanine|92\/100|[from] Recoil\n|move|p1b: Ting-Lu|Heavy Slam|p2b: Iron Bundle\n|-damage|p2b: Iron Bundle|23\/100\n|\n|-damage|p2a: Gyarados|83\/100 brn|[from] brn\n|upkeep\n|turn|4\n|inactive|amarildomgl has 30 seconds left.\n|inactive|knight8512 has 30 seconds left.\n|inactive|amarildomgl has 20 seconds left.\n|\n|t:|1681725940\n|move|p2b: Iron Bundle|Protect|p2b: Iron Bundle\n|-singleturn|p2b: Iron Bundle|Protect\n|move|p1a: Arcanine|Flare Blitz|p2b: Iron Bundle\n|-activate|p2b: Iron Bundle|move: Protect\n|move|p2a: Gyarados|Thunder Wave|p1b: Ting-Lu\n|-immune|p1b: Ting-Lu\n|move|p1b: Ting-Lu|Heavy Slam|p2b: Iron Bundle\n|-activate|p2b: Iron Bundle|move: Protect\n|\n|-damage|p2a: Gyarados|77\/100 brn|[from] brn\n|upkeep\n|turn|5\n|\n|t:|1681725962\n|move|p2b: Iron Bundle|Hydro Pump|p1a: Arcanine\n|-supereffective|p1a: Arcanine\n|-damage|p1a: Arcanine|0 fnt\n|faint|p1a: Arcanine\n|move|p2a: Gyarados|Waterfall|p1b: Ting-Lu\n|-supereffective|p1b: Ting-Lu\n|-damage|p1b: Ting-Lu|20\/100\n|move|p1b: Ting-Lu|Heavy Slam|p2b: Iron Bundle\n|-damage|p2b: Iron Bundle|0 fnt\n|faint|p2b: Iron Bundle\n|-end|p2b: Iron Bundle|Quark Drive|[silent]\n|\n|-damage|p2a: Gyarados|71\/100 brn|[from] brn\n|upkeep\n|inactive|knight8512 has 30 seconds left.\n|\n|t:|1681725988\n|switch|p2b: Garchomp|Garchomp, L50, M|100\/100\n|switch|p1a: Palafin|Palafin-Hero, L50, F|100\/100\n|-activate|p1a: Palafin|ability: Zero to Hero\n|turn|6\n|inactive|amarildomgl has 30 seconds left.\n|inactive|amarildomgl has 20 seconds left.\n|inactive|amarildomgl has 15 seconds left.\n|inactive|amarildomgl has 10 seconds left.\n|\n|t:|1681726038\n|move|p2b: Garchomp|Protect|p2b: Garchomp\n|-singleturn|p2b: Garchomp|Protect\n|move|p1a: Palafin|Protect|p1a: Palafin\n|-singleturn|p1a: Palafin|Protect\n|move|p2a: Gyarados|Thunder Wave|p1a: Palafin\n|-activate|p1a: Palafin|move: Protect\n|move|p1b: Ting-Lu|Throat Chop|p2a: Gyarados\n|-damage|p2a: Gyarados|38\/100 brn\n|-start|p2a: Gyarados|Throat Chop|[silent]\n|-enditem|p2a: Gyarados|Sitrus Berry|[eat]\n|-heal|p2a: Gyarados|62\/100 brn|[from] item: Sitrus Berry\n|\n|-damage|p2a: Gyarados|56\/100 brn|[from] brn\n|upkeep\n|turn|7\n|inactive|amarildomgl has 30 seconds left.\n|inactive|knight8512 has 30 seconds left.\n|inactive|knight8512 has 20 seconds left.\n|inactive|knight8512 has 15 seconds left.\n|inactive|knight8512 has 10 seconds left.\n|\n|t:|1681726085\n|-terastallize|p1a: Palafin|Water\n|move|p2b: Garchomp|Earthquake|p1b: Ting-Lu|[spread] p1a,p1b\n|-immune|p2a: Gyarados\n|-damage|p1a: Palafin|55\/100\n|-damage|p1b: Ting-Lu|0 fnt\n|faint|p1b: Ting-Lu\n|-damage|p2b: Garchomp|91\/100|[from] item: Life Orb\n|move|p1a: Palafin|Wave Crash|p2b: Garchomp\n|-damage|p2b: Garchomp|0 fnt\n|-damage|p1a: Palafin|42\/100|[from] ability: Rough Skin|[of] p2b: Garchomp\n|faint|p2b: Garchomp\n|-damage|p1a: Palafin|15\/100|[from] Recoil\n|move|p2a: Gyarados|Waterfall|p1a: Palafin\n|-resisted|p1a: Palafin\n|-damage|p1a: Palafin|10\/100\n|\n|-damage|p2a: Gyarados|50\/100 brn|[from] brn\n|-end|p2a: Gyarados|Throat Chop|[silent]\n|upkeep\n|\n|t:|1681726106\n|switch|p2b: Kingambit|Kingambit, L50, M|100\/100\n|turn|8\n|\n|t:|1681726117\n|move|p1a: Palafin|Wave Crash|p2b: Kingambit\n|-damage|p2b: Kingambit|0 fnt\n|faint|p2b: Kingambit\n|-damage|p1a: Palafin|0 fnt|[from] Recoil\n|faint|p1a: Palafin\n|\n|win|knight8512\n|raw|amarildomgl's rating: 1087 → 1069<\/strong> (-18 for losing)\n|raw|knight8512's rating: 1160 → 1180<\/strong> (+20 for winning)\n","uploadtime":1681726136,"views":17,"p1id":"amarildomgl","p2id":"knight8512","formatid":"gen9vgc2023regulationc","rating":1069,"private":0,"password":""}