{"id":"gen9vgc2023regulationc-1850931547","p1":"Toocoolwarp6$","p2":"AvrosKyargath","format":"[Gen 9] VGC 2023 Regulation C","log":"|j|\u2606Toocoolwarp6$\n|j|\u2606AvrosKyargath\n|t:|1682383732\n|gametype|doubles\n|player|p1|Toocoolwarp6$|shadowtriad|1199\n|player|p2|AvrosKyargath|gambler|1143\n|teamsize|p1|6\n|teamsize|p2|6\n|gen|9\n|tier|[Gen 9] VGC 2023 Regulation C\n|rated|\n|rule|Species Clause: Limit one of each Pok\u00e9mon\n|rule|Item Clause: Limit one of each item\n|clearpoke\n|poke|p1|Espathra, L50, M|\n|poke|p1|Annihilape, L50, F|\n|poke|p1|Sableye, L50, F|\n|poke|p1|Sylveon, L50, F|\n|poke|p1|Flutter Mane, L50|\n|poke|p1|Indeedee-F, L50, F|\n|poke|p2|Flutter Mane, L50|\n|poke|p2|Amoonguss, L50, F|\n|poke|p2|Arcanine, L50, F|\n|poke|p2|Palafin, L50, F|\n|poke|p2|Dragapult, L50, M|\n|poke|p2|Iron Hands, L50|\n|teampreview|4\n|\n|t:|1682383771\n|start\n|switch|p1a: Meta|Annihilape, L50, F|100\/100\n|switch|p1b: Flutter Mane|Flutter Mane, L50|100\/100\n|switch|p2a: Dragapult|Dragapult, L50, M|100\/100\n|switch|p2b: Palafin|Palafin, L50, F|100\/100\n|turn|1\n|\n|t:|1682383788\n|detailschange|p2b: Palafin|Palafin-Hero, L50, F\n|switch|p2b: Amoonguss|Amoonguss, L50, F|100\/100\n|-terastallize|p2a: Dragapult|Ghost\n|move|p2a: Dragapult|Phantom Force||[still]\n|-prepare|p2a: Dragapult|Phantom Force\n|move|p1b: Flutter Mane|Moonblast|p2a: Dragapult|[miss]\n|-miss|p1b: Flutter Mane|p2a: Dragapult\n|move|p1a: Meta|Bulk Up|p1a: Meta\n|-boost|p1a: Meta|atk|1\n|-boost|p1a: Meta|def|1\n|\n|upkeep\n|turn|2\n|\n|t:|1682383814\n|-end|p1b: Flutter Mane|Protosynthesis|[silent]\n|switch|p1b: Indeedee|Indeedee-F, L50, F|100\/100\n|-fieldstart|move: Psychic Terrain|[from] ability: Psychic Surge|[of] p1b: Indeedee\n|-enditem|p1b: Indeedee|Psychic Seed\n|-boost|p1b: Indeedee|spd|1|[from] item: Psychic Seed\n|move|p2a: Dragapult|Phantom Force|p1b: Indeedee|[from]lockedmove\n|-immune|p1b: Indeedee\n|move|p1a: Meta|Rage Fist|p2a: Dragapult\n|-supereffective|p2a: Dragapult\n|-damage|p2a: Dragapult|0 fnt\n|faint|p2a: Dragapult\n|move|p2b: Amoonguss|Spore|p1a: Meta\n|-status|p1a: Meta|slp|[from] move: Spore\n|\n|upkeep\n|\n|t:|1682383828\n|switch|p2a: Flutter Mane|Flutter Mane, L50, shiny|100\/100\n|-enditem|p2a: Flutter Mane|Booster Energy\n|-activate|p2a: Flutter Mane|ability: Protosynthesis|[fromitem]\n|-start|p2a: Flutter Mane|protosynthesisspa\n|turn|3\n|\n|t:|1682383842\n|switch|p1a: Flutter Mane|Flutter Mane, L50|100\/100\n|move|p1b: Indeedee|Follow Me|p1b: Indeedee\n|-singleturn|p1b: Indeedee|move: Follow Me\n|move|p2a: Flutter Mane|Moonblast|p1b: Indeedee\n|-damage|p1b: Indeedee|63\/100\n|move|p2b: Amoonguss|Spore|p1b: Indeedee\n|-status|p1b: Indeedee|slp|[from] move: Spore\n|\n|upkeep\n|turn|4\n|\n|t:|1682383864\n|switch|p1b: Sableye|Sableye, L50, F|100\/100\n|move|p1a: Flutter Mane|Shadow Ball|p2a: Flutter Mane\n|-supereffective|p2a: Flutter Mane\n|-damage|p2a: Flutter Mane|21\/100\n|move|p2a: Flutter Mane|Shadow Ball|p1a: Flutter Mane\n|-supereffective|p1a: Flutter Mane\n|-enditem|p1a: Flutter Mane|Focus Sash\n|-damage|p1a: Flutter Mane|1\/100\n|move|p2b: Amoonguss|Spore|p1a: Flutter Mane\n|-status|p1a: Flutter Mane|slp|[from] move: Spore\n|\n|upkeep\n|turn|5\n|\n|t:|1682383900\n|-end|p1a: Flutter Mane|Protosynthesis|[silent]\n|switch|p1a: Indeedee|Indeedee-F, L50, F|63\/100 slp\n|move|p1b: Sableye|Light Screen|p1b: Sableye\n|-sidestart|p1: Toocoolwarp6$|move: Light Screen\n|move|p2a: Flutter Mane|Shadow Ball|p1b: Sableye\n|-damage|p1b: Sableye|62\/100\n|move|p2b: Amoonguss|Pollen Puff|p2a: Flutter Mane\n|-heal|p2a: Flutter Mane|71\/100\n|\n|upkeep\n|turn|6\n|\n|t:|1682383917\n|move|p1b: Sableye|Encore|p2b: Amoonguss\n|-activate|p2b: Amoonguss|move: Psychic Terrain\n|move|p2a: Flutter Mane|Moonblast|p1b: Sableye\n|-supereffective|p1b: Sableye\n|-damage|p1b: Sableye|0 fnt\n|faint|p1b: Sableye\n|cant|p1a: Indeedee|slp\n|move|p2b: Amoonguss|Pollen Puff|p1a: Indeedee\n|-supereffective|p1a: Indeedee\n|-damage|p1a: Indeedee|37\/100 slp\n|\n|-fieldend|move: Psychic Terrain\n|upkeep\n|\n|t:|1682383923\n|switch|p1b: Meta|Annihilape, L50, F|100\/100 slp\n|turn|7\n|\n|t:|1682383935\n|cant|p1a: Indeedee|slp\n|move|p2a: Flutter Mane|Moonblast|p1b: Meta\n|-supereffective|p1b: Meta\n|-damage|p1b: Meta|30\/100 slp\n|cant|p1b: Meta|slp\n|move|p2b: Amoonguss|Pollen Puff|p1a: Indeedee\n|-supereffective|p1a: Indeedee\n|-damage|p1a: Indeedee|12\/100 slp\n|\n|upkeep\n|turn|8\n|\n|t:|1682383949\n|-curestatus|p1a: Indeedee|slp|[msg]\n|move|p1a: Indeedee|Follow Me|p1a: Indeedee\n|-singleturn|p1a: Indeedee|move: Follow Me\n|move|p2a: Flutter Mane|Moonblast|p1a: Indeedee\n|-damage|p1a: Indeedee|0 fnt\n|faint|p1a: Indeedee\n|cant|p1b: Meta|slp\n|move|p2b: Amoonguss|Pollen Puff|p1b: Meta\n|-resisted|p1b: Meta\n|-damage|p1b: Meta|27\/100 slp\n|\n|upkeep\n|\n|t:|1682383959\n|switch|p1a: Flutter Mane|Flutter Mane, L50|1\/100 slp\n|turn|9\n|\n|t:|1682383965\n|cant|p1a: Flutter Mane|slp\n|move|p2a: Flutter Mane|Moonblast|p1b: Meta\n|-supereffective|p1b: Meta\n|-damage|p1b: Meta|0 fnt\n|faint|p1b: Meta\n|move|p2b: Amoonguss|Pollen Puff|p1a: Flutter Mane\n|-resisted|p1a: Flutter Mane\n|-damage|p1a: Flutter Mane|0 fnt\n|faint|p1a: Flutter Mane\n|-end|p1a: Flutter Mane|Protosynthesis|[silent]\n|\n|win|AvrosKyargath\n|raw|Toocoolwarp6$'s rating: 1199 → 1170<\/strong> (-29 for losing)\n|raw|AvrosKyargath's rating: 1143 → 1172<\/strong> (+29 for winning)\n|l|\u2606Toocoolwarp6$\n","uploadtime":1682383979,"views":11,"p1id":"toocoolwarp6","p2id":"avroskyargath","formatid":"gen9vgc2023regulationc","rating":1170,"private":0,"password":""}