{"id":"gen9vgc2023regulationc-1857814358","p1":"LegitN00B123","p2":"Pbfmv","format":"[Gen 9] VGC 2023 Regulation C","log":"|j|\u2606LegitN00B123\n|j|\u2606Pbfmv\n|t:|1683234581\n|gametype|doubles\n|player|p1|LegitN00B123|pokemaniac|1103\n|player|p2|Pbfmv|hilbert|1154\n|teamsize|p1|6\n|teamsize|p2|6\n|gen|9\n|tier|[Gen 9] VGC 2023 Regulation C\n|rated|\n|rule|Species Clause: Limit one of each Pok\u00e9mon\n|rule|Item Clause: Limit one of each item\n|clearpoke\n|poke|p1|Flutter Mane, L50|\n|poke|p1|Dragonite, L50, M|\n|poke|p1|Amoonguss, L50, M|\n|poke|p1|Palafin, L50, F|\n|poke|p1|Ting-Lu, L50|\n|poke|p1|Arcanine, L50, F|\n|poke|p2|Maushold, L50|\n|poke|p2|Lucario, L50, M|\n|poke|p2|Flutter Mane, L50|\n|poke|p2|Palafin, L50, F|\n|poke|p2|Amoonguss, L50, M|\n|poke|p2|Arcanine, L50, M|\n|teampreview|4\n|inactive|Battle timer is ON: inactive players will automatically lose when time's up. (requested by LegitN00B123)\nLegitN00B123 rejected open team sheets.\n|\n|t:|1683234604\n|start\n|switch|p1a: Palafin|Palafin, L50, F|100\/100\n|switch|p1b: Amoonguss|Amoonguss, L50, M|100\/100\n|switch|p2a: Maushold|Maushold, L50|100\/100\n|switch|p2b: Lucario|Lucario, L50, M|100\/100\n|turn|1\n|inactive|Pbfmv has 30 seconds left.\n|\n|t:|1683234633\n|switch|p2a: Palafin|Palafin, L50, F|100\/100\n|switch|p2b: Arcanine|Arcanine, L50, M|100\/100\n|-ability|p2b: Arcanine|Intimidate|boost\n|-unboost|p1a: Palafin|atk|1\n|-unboost|p1b: Amoonguss|atk|1\n|move|p1b: Amoonguss|Rage Powder|p1b: Amoonguss\n|-singleturn|p1b: Amoonguss|move: Rage Powder\n|move|p1a: Palafin|Close Combat|p2b: Arcanine\n|-damage|p2b: Arcanine|80\/100\n|-unboost|p1a: Palafin|def|1\n|-unboost|p1a: Palafin|spd|1\n|\n|upkeep\n|turn|2\n|\n|t:|1683234651\n|detailschange|p1a: Palafin|Palafin-Hero, L50, F\n|switch|p1a: Ting-Lu|Ting-Lu, L50|100\/100\n|-ability|p1a: Ting-Lu|Vessel of Ruin\n|detailschange|p2a: Palafin|Palafin-Hero, L50, F\n|switch|p2a: Maushold|Maushold, L50|100\/100\n|move|p2b: Arcanine|Extreme Speed|p1a: Ting-Lu\n|-damage|p1a: Ting-Lu|83\/100\n|move|p1b: Amoonguss|Spore|p2a: Maushold\n|-status|p2a: Maushold|slp|[from] move: Spore\n|-enditem|p2a: Maushold|Lum Berry|[eat]\n|-curestatus|p2a: Maushold|slp|[msg]\n|\n|upkeep\n|turn|3\n|\n|t:|1683234668\n|move|p1b: Amoonguss|Rage Powder|p1b: Amoonguss\n|-singleturn|p1b: Amoonguss|move: Rage Powder\n|move|p2a: Maushold|Super Fang|p1b: Amoonguss\n|-damage|p1b: Amoonguss|51\/100\n|-damage|p2a: Maushold|84\/100|[from] item: Rocky Helmet|[of] p1b: Amoonguss\n|move|p2b: Arcanine|Flare Blitz|p1b: Amoonguss\n|-supereffective|p1b: Amoonguss\n|-damage|p1b: Amoonguss|0 fnt\n|-damage|p2b: Arcanine|63\/100|[from] item: Rocky Helmet|[of] p1b: Amoonguss\n|faint|p1b: Amoonguss\n|-damage|p2b: Arcanine|44\/100|[from] Recoil\n|move|p1a: Ting-Lu|Stomping Tantrum|p2b: Arcanine\n|-supereffective|p2b: Arcanine\n|-damage|p2b: Arcanine|0 fnt\n|faint|p2b: Arcanine\n|\n|upkeep\n|\n|t:|1683234686\n|switch|p2b: Lucario|Lucario, L50, M|100\/100\n|switch|p1b: Palafin|Palafin-Hero, L50, F|100\/100\n|-activate|p1b: Palafin|ability: Zero to Hero\n|turn|4\n|\n|t:|1683234699\n|-terastallize|p2b: Lucario|Ghost\n|-terastallize|p1b: Palafin|Water\n|move|p2a: Maushold|Beat Up|p2b: Lucario\n|-supereffective|p2b: Lucario\n|-damage|p2b: Lucario|95\/100\n|-ability|p2b: Lucario|Justified|boost\n|-boost|p2b: Lucario|atk|1\n|-enditem|p2b: Lucario|Weakness Policy\n|-boost|p2b: Lucario|atk|2|[from] item: Weakness Policy\n|-boost|p2b: Lucario|spa|2|[from] item: Weakness Policy\n|-supereffective|p2b: Lucario\n|-damage|p2b: Lucario|89\/100\n|-ability|p2b: Lucario|Justified|boost\n|-boost|p2b: Lucario|atk|1\n|-supereffective|p2b: Lucario\n|-damage|p2b: Lucario|80\/100\n|-ability|p2b: Lucario|Justified|boost\n|-boost|p2b: Lucario|atk|1\n|-hitcount|p2b: Lucario|3\n|move|p2b: Lucario|Drain Punch|p1b: Palafin\n|-damage|p1b: Palafin|0 fnt\n|-heal|p2b: Lucario|100\/100|[from] drain|[of] p1b: Palafin\n|faint|p1b: Palafin\n|move|p1a: Ting-Lu|Stomping Tantrum|p2b: Lucario\n|-damage|p2b: Lucario|65\/100\n|\n|upkeep\n|\n|t:|1683234715\n|switch|p1b: Flutter Mane|Flutter Mane, L50|100\/100\n|-enditem|p1b: Flutter Mane|Booster Energy\n|-activate|p1b: Flutter Mane|ability: Protosynthesis|[fromitem]\n|-start|p1b: Flutter Mane|protosynthesisspe\n|turn|5\n|\n|t:|1683234723\n|move|p2b: Lucario|Bullet Punch|p1b: Flutter Mane\n|-supereffective|p1b: Flutter Mane\n|-damage|p1b: Flutter Mane|0 fnt\n|faint|p1b: Flutter Mane\n|-end|p1b: Flutter Mane|Protosynthesis|[silent]\n|move|p2a: Maushold|Super Fang|p1a: Ting-Lu\n|-damage|p1a: Ting-Lu|42\/100\n|move|p1a: Ting-Lu|Stomping Tantrum|p2b: Lucario\n|-damage|p2b: Lucario|28\/100\n|\n|upkeep\n|turn|6\n|-message|LegitN00B123 forfeited.\n|\n|win|Pbfmv\n|raw|LegitN00B123's rating: 1103 → 1082<\/strong> (-21 for losing)\n|raw|Pbfmv's rating: 1154 → 1175<\/strong> (+21 for winning)\n|l|\u2606LegitN00B123\n","uploadtime":1683234918,"views":9,"p1id":"legitn00b123","p2id":"pbfmv","formatid":"gen9vgc2023regulationc","rating":1082,"private":0,"password":""}