{"id":"gen9vgc2023regulationc-1861439116","p1":"TallCadet","p2":"bambambi","format":"[Gen 9] VGC 2023 Regulation C","log":"|j|\u2606TallCadet\n|j|\u2606bambambi\n|t:|1683758008\n|gametype|doubles\n|player|p1|TallCadet|palmer|1115\n|player|p2|bambambi|wallace-gen6|1143\n|teamsize|p1|6\n|teamsize|p2|6\n|gen|9\n|tier|[Gen 9] VGC 2023 Regulation C\n|rated|\n|rule|Species Clause: Limit one of each Pok\u00e9mon\n|rule|Item Clause: Limit one of each item\n|clearpoke\n|poke|p1|Dragonite, L50, F|\n|poke|p1|Bronzong, L50|\n|poke|p1|Garganacl, L50, F|\n|poke|p1|Iron Hands, L50|\n|poke|p1|Hatterene, L50, F|\n|poke|p1|Annihilape, L50, F|\n|poke|p2|Flutter Mane, L50|\n|poke|p2|Chi-Yu, L50|\n|poke|p2|Gothitelle, L50, F|\n|poke|p2|Scream Tail, L50|\n|poke|p2|Murkrow, L50, M|\n|poke|p2|Great Tusk, L50|\n|teampreview|4\n|\n|t:|1683758041\n|start\n|switch|p1a: Bronzong|Bronzong, L50|100\/100\n|switch|p1b: Dragonite|Dragonite, L50, F|100\/100\n|switch|p2a: SSJ3 Jiggly|Scream Tail, L50, shiny|100\/100\n|switch|p2b: Ironmouse|Gothitelle, L50, F, shiny|100\/100\n|-enditem|p2a: SSJ3 Jiggly|Booster Energy\n|-activate|p2a: SSJ3 Jiggly|ability: Protosynthesis|[fromitem]\n|-start|p2a: SSJ3 Jiggly|protosynthesisspe\n|turn|1\n|\n|t:|1683758074\n|move|p2b: Ironmouse|Fake Out|p1b: Dragonite\n|-damage|p1b: Dragonite|98\/100\n|move|p2a: SSJ3 Jiggly|Perish Song|p2a: SSJ3 Jiggly\n|-start|p1a: Bronzong|perish3|[silent]\n|-start|p1b: Dragonite|perish3|[silent]\n|-start|p2a: SSJ3 Jiggly|perish3|[silent]\n|-start|p2b: Ironmouse|perish3|[silent]\n|-fieldactivate|move: Perish Song\n|cant|p1b: Dragonite|flinch\n|move|p1a: Bronzong|Gyro Ball|p2b: Ironmouse\n|-damage|p2b: Ironmouse|79\/100\n|\n|-heal|p1b: Dragonite|100\/100|[from] item: Leftovers\n|-start|p2a: SSJ3 Jiggly|perish3\n|-start|p1b: Dragonite|perish3\n|-start|p2b: Ironmouse|perish3\n|-start|p1a: Bronzong|perish3\n|upkeep\n|turn|2\n|\n|t:|1683758102\n|-terastallize|p2b: Ironmouse|Steel\n|move|p2a: SSJ3 Jiggly|Play Rough|p1b: Dragonite\n|-supereffective|p1b: Dragonite\n|-damage|p1b: Dragonite|82\/100\n|-unboost|p1b: Dragonite|atk|1\n|move|p1b: Dragonite|Dragon Claw|p2b: Ironmouse\n|-resisted|p2b: Ironmouse\n|-damage|p2b: Ironmouse|66\/100\n|move|p2b: Ironmouse|Reflect|p2b: Ironmouse\n|-sidestart|p2: bambambi|Reflect\n|move|p1a: Bronzong|Gyro Ball|p2b: Ironmouse\n|-resisted|p2b: Ironmouse\n|-damage|p2b: Ironmouse|59\/100\n|\n|-heal|p1b: Dragonite|87\/100|[from] item: Leftovers\n|-start|p2a: SSJ3 Jiggly|perish2\n|-start|p1b: Dragonite|perish2\n|-start|p2b: Ironmouse|perish2\n|-start|p1a: Bronzong|perish2\n|upkeep\n|turn|3\n|\n|t:|1683758138\n|-end|p2a: SSJ3 Jiggly|Protosynthesis|[silent]\n|switch|p2a: Mr. God|Murkrow, L50, M, shiny|100\/100\n|move|p2b: Ironmouse|Protect|p2b: Ironmouse\n|-singleturn|p2b: Ironmouse|Protect\n|move|p1b: Dragonite|Iron Head|p2a: Mr. God\n|-damage|p2a: Mr. God|83\/100\n|move|p1a: Bronzong|Light Screen|p1a: Bronzong\n|-sidestart|p1: TallCadet|move: Light Screen\n|\n|-heal|p1b: Dragonite|93\/100|[from] item: Leftovers\n|-start|p1b: Dragonite|perish1\n|-start|p2b: Ironmouse|perish1\n|-start|p1a: Bronzong|perish1\n|upkeep\n|turn|4\n|\n|t:|1683758165\n|switch|p2b: SSJ3 Jiggly|Scream Tail, L50, shiny|100\/100\n|move|p2a: Mr. God|Sunny Day|p2a: Mr. God\n|-weather|SunnyDay\n|-activate|p2b: SSJ3 Jiggly|ability: Protosynthesis\n|-start|p2b: SSJ3 Jiggly|protosynthesisspe\n|move|p1b: Dragonite|Dragon Claw|p2a: Mr. God\n|-damage|p2a: Mr. God|60\/100\n|move|p1a: Bronzong|Trick Room|p1a: Bronzong\n|-fieldstart|move: Trick Room|[of] p1a: Bronzong\n|\n|-weather|SunnyDay|[upkeep]\n|-heal|p1b: Dragonite|99\/100|[from] item: Leftovers\n|-start|p1a: Bronzong|perish0\n|-start|p1b: Dragonite|perish0\n|faint|p1a: Bronzong\n|faint|p1b: Dragonite\n|upkeep\n|\n|t:|1683758191\n|switch|p1a: Annihilape|Annihilape, L50, F|100\/100\n|switch|p1b: Iron Hands|Iron Hands, L50, shiny|100\/100\n|-enditem|p1b: Iron Hands|Booster Energy\n|-activate|p1b: Iron Hands|ability: Quark Drive|[fromitem]\n|-start|p1b: Iron Hands|quarkdriveatk\n|turn|5\n|inactive|Battle timer is ON: inactive players will automatically lose when time's up. (requested by bambambi)\n|\n|t:|1683758213\n|-end|p2b: SSJ3 Jiggly|Protosynthesis|[silent]\n|switch|p2b: Ironmouse|Gothitelle, L50, F, shiny, tera:Steel|59\/100\n|move|p1b: Iron Hands|Fake Out|p2b: Ironmouse\n|-resisted|p2b: Ironmouse\n|-damage|p2b: Ironmouse|53\/100\n|move|p2a: Mr. God|Perish Song|p2a: Mr. God\n|-start|p1a: Annihilape|perish3|[silent]\n|-start|p1b: Iron Hands|perish3|[silent]\n|-start|p2a: Mr. God|perish3|[silent]\n|-start|p2b: Ironmouse|perish3|[silent]\n|-fieldactivate|move: Perish Song\n|move|p1a: Annihilape|Bulk Up|p1a: Annihilape\n|-boost|p1a: Annihilape|atk|1\n|-boost|p1a: Annihilape|def|1\n|\n|-weather|SunnyDay|[upkeep]\n|-start|p1b: Iron Hands|perish3\n|-start|p2b: Ironmouse|perish3\n|-start|p1a: Annihilape|perish3\n|-start|p2a: Mr. God|perish3\n|upkeep\n|turn|6\n|inactive|bambambi has 30 seconds left.\n|\n|t:|1683758246\n|move|p2b: Ironmouse|Fake Out|p1b: Iron Hands\n|-damage|p1b: Iron Hands|97\/100\n|cant|p1b: Iron Hands|flinch\n|move|p1a: Annihilape|Drain Punch|p2b: Ironmouse\n|-supereffective|p2b: Ironmouse\n|-damage|p2b: Ironmouse|1\/100\n|-enditem|p2b: Ironmouse|Sitrus Berry|[eat]\n|-heal|p2b: Ironmouse|26\/100|[from] item: Sitrus Berry\n|move|p2a: Mr. God|Foul Play|p1a: Annihilape\n|-damage|p1a: Annihilape|71\/100\n|-damage|p2a: Mr. God|44\/100|[from] item: Rocky Helmet|[of] p1a: Annihilape\n|\n|-weather|SunnyDay|[upkeep]\n|-start|p1b: Iron Hands|perish2\n|-start|p2b: Ironmouse|perish2\n|-start|p1a: Annihilape|perish2\n|-start|p2a: Mr. God|perish2\n|-sideend|p2: bambambi|Reflect\n|upkeep\n|turn|7\n|inactive|TallCadet has 30 seconds left.\n|\n|t:|1683758272\n|-terastallize|p1a: Annihilape|Ghost\n|move|p2b: Ironmouse|Protect|p2b: Ironmouse\n|-singleturn|p2b: Ironmouse|Protect\n|move|p1b: Iron Hands|Thunder Punch|p2a: Mr. God\n|-supereffective|p2a: Mr. God\n|-damage|p2a: Mr. God|0 fnt\n|faint|p2a: Mr. God\n|move|p1a: Annihilape|Rage Fist|p2b: Ironmouse\n|-activate|p2b: Ironmouse|move: Protect\n|\n|-weather|SunnyDay|[upkeep]\n|-start|p1b: Iron Hands|perish1\n|-start|p2b: Ironmouse|perish1\n|-start|p1a: Annihilape|perish1\n|upkeep\n|\n|t:|1683758281\n|switch|p2a: Pearls|Flutter Mane, L50, shiny|100\/100\n|-activate|p2a: Pearls|ability: Protosynthesis\n|-start|p2a: Pearls|protosynthesisspe\n|turn|8\n|c|\u2606bambambi|gg\n|-message|TallCadet forfeited.\n|\n|win|bambambi\n|raw|TallCadet's rating: 1115 → 1092<\/strong> (-23 for losing)\n|raw|bambambi's rating: 1143 → 1166<\/strong> (+23 for winning)\n|l|\u2606TallCadet\n","uploadtime":1683758301,"views":10,"p1id":"tallcadet","p2id":"bambambi","formatid":"gen9vgc2023regulationc","rating":1092,"private":0,"password":""}