{"id":"gen9vgc2023regulationc-1863785335","p1":"voxxod","p2":"Sanex1ty","format":"[Gen 9] VGC 2023 Regulation C","log":"|j|\u2606voxxod\n|j|\u2606Sanex1ty\n|t:|1684077340\n|gametype|doubles\n|player|p1|voxxod|leon|\n|player|p2|Sanex1ty|collector|\n|teamsize|p1|6\n|teamsize|p2|6\n|gen|9\n|tier|[Gen 9] VGC 2023 Regulation C\n|rule|Species Clause: Limit one of each Pok\u00e9mon\n|rule|Item Clause: Limit one of each item\n|clearpoke\n|poke|p1|Lycanroc, L50, F|\n|poke|p1|Tyranitar, L50, F|\n|poke|p1|Annihilape, L50, M|\n|poke|p1|Ting-Lu, L50|\n|poke|p1|Armarouge, L50, F|\n|poke|p1|Indeedee-F, L50, F|\n|poke|p2|Dondozo, L50, F|\n|poke|p2|Tatsugiri-Droopy, L50, F|\n|poke|p2|Wo-Chien, L50|\n|poke|p2|Flutter Mane, L50|\n|poke|p2|Arcanine, L50, M|\n|poke|p2|Glimmora, L50, F|\n|teampreview|4\n|c|\u2606Sanex1ty|glhf\nvoxxod has agreed to open team sheets.\nSanex1ty has agreed to open team sheets.\n|c|\u2606Sanex1ty|starto\n|\n|t:|1684077410\n|start\n|switch|p1a: Ting-Lu|Ting-Lu, L50|100\/100\n|switch|p1b: Armarouge|Armarouge, L50, F|100\/100\n|switch|p2a: Wo-Chien|Wo-Chien, L50|100\/100\n|switch|p2b: Flutter Mane|Flutter Mane, L50|100\/100\n|-ability|p2a: Wo-Chien|Tablets of Ruin\n|-ability|p1a: Ting-Lu|Vessel of Ruin\n|turn|1\n|j| Rowlet69420\n|c| Rowlet69420|Glhf both\n|\n|t:|1684077462\n|move|p1b: Armarouge|Protect|p1b: Armarouge\n|-singleturn|p1b: Armarouge|Protect\n|move|p2a: Wo-Chien|Protect|p2a: Wo-Chien\n|-singleturn|p2a: Wo-Chien|Protect\n|move|p2b: Flutter Mane|Dazzling Gleam|p1a: Ting-Lu|[spread] p1a\n|-activate|p1b: Armarouge|move: Protect\n|-supereffective|p1a: Ting-Lu\n|-damage|p1a: Ting-Lu|73\/100\n|move|p1a: Ting-Lu|Heavy Slam|p2b: Flutter Mane\n|-supereffective|p2b: Flutter Mane\n|-damage|p2b: Flutter Mane|14\/100\n|\n|upkeep\n|turn|2\n|\n|t:|1684077487\n|switch|p1b: Tyranitar|Tyranitar, L50, F|100\/100\n|-weather|Sandstorm|[from] ability: Sand Stream|[of] p1b: Tyranitar\n|move|p2b: Flutter Mane|Dazzling Gleam|p1b: Tyranitar|[spread] p1a,p1b\n|-supereffective|p1a: Ting-Lu\n|-supereffective|p1b: Tyranitar\n|-damage|p1a: Ting-Lu|48\/100\n|-damage|p1b: Tyranitar|56\/100\n|move|p2a: Wo-Chien|Snarl|p1b: Tyranitar|[spread] p1a,p1b\n|-resisted|p1a: Ting-Lu\n|-resisted|p1b: Tyranitar\n|-damage|p1a: Ting-Lu|46\/100\n|-damage|p1b: Tyranitar|52\/100\n|-unboost|p1a: Ting-Lu|spa|1\n|-unboost|p1b: Tyranitar|spa|1\n|move|p1a: Ting-Lu|Snarl|p2a: Wo-Chien|[spread] p2a,p2b\n|-resisted|p2a: Wo-Chien\n|-damage|p2a: Wo-Chien|99\/100\n|-damage|p2b: Flutter Mane|10\/100\n|-unboost|p2a: Wo-Chien|spa|1\n|-unboost|p2b: Flutter Mane|spa|1\n|\n|-weather|Sandstorm|[upkeep]\n|-damage|p2b: Flutter Mane|4\/100|[from] Sandstorm\n|-damage|p2a: Wo-Chien|93\/100|[from] Sandstorm\n|-heal|p2a: Wo-Chien|99\/100|[from] item: Leftovers\n|upkeep\n|turn|3\n|\n|t:|1684077510\n|move|p2b: Flutter Mane|Dazzling Gleam|p1b: Tyranitar|[spread] p1a,p1b\n|-supereffective|p1a: Ting-Lu\n|-crit|p1a: Ting-Lu\n|-supereffective|p1b: Tyranitar\n|-damage|p1a: Ting-Lu|8\/100\n|-damage|p1b: Tyranitar|25\/100\n|move|p1b: Tyranitar|Low Kick|p2a: Wo-Chien\n|-supereffective|p2a: Wo-Chien\n|-damage|p2a: Wo-Chien|46\/100\n|move|p2a: Wo-Chien|Leech Seed|p1b: Tyranitar|[miss]\n|-miss|p2a: Wo-Chien|p1b: Tyranitar\n|move|p1a: Ting-Lu|Snarl|p2b: Flutter Mane|[spread] p2a,p2b\n|-resisted|p2a: Wo-Chien\n|-damage|p2a: Wo-Chien|44\/100\n|-damage|p2b: Flutter Mane|0 fnt\n|-unboost|p2a: Wo-Chien|spa|1\n|faint|p2b: Flutter Mane\n|-end|p2b: Flutter Mane|Protosynthesis|[silent]\n|\n|-weather|Sandstorm|[upkeep]\n|-damage|p2a: Wo-Chien|38\/100|[from] Sandstorm\n|-heal|p2a: Wo-Chien|44\/100|[from] item: Leftovers\n|upkeep\n|\n|t:|1684077527\n|switch|p2b: Tatsugiri|Tatsugiri-Droopy, L50, F|100\/100\n|turn|4\n|\n|t:|1684077544\n|move|p2a: Wo-Chien|Protect|p2a: Wo-Chien\n|-singleturn|p2a: Wo-Chien|Protect\n|move|p2b: Tatsugiri|Muddy Water|p1b: Tyranitar|[spread] p1a,p1b\n|-supereffective|p1a: Ting-Lu\n|-supereffective|p1b: Tyranitar\n|-damage|p1a: Ting-Lu|0 fnt\n|-damage|p1b: Tyranitar|0 fnt\n|faint|p1a: Ting-Lu\n|faint|p1b: Tyranitar\n|\n|-weather|Sandstorm|[upkeep]\n|-damage|p2b: Tatsugiri|94\/100|[from] Sandstorm\n|-damage|p2a: Wo-Chien|38\/100|[from] Sandstorm\n|-heal|p2a: Wo-Chien|44\/100|[from] item: Leftovers\n|upkeep\n|\n|t:|1684077551\n|switch|p1b: Armarouge|Armarouge, L50, F|100\/100\n|switch|p1a: Lycanroc|Lycanroc, L50, F|100\/100\n|turn|5\n|\n|t:|1684077579\n|-terastallize|p1b: Armarouge|Grass\n|move|p1a: Lycanroc|Close Combat|p2b: Tatsugiri\n|-damage|p2b: Tatsugiri|40\/100\n|-unboost|p1a: Lycanroc|def|1\n|-unboost|p1a: Lycanroc|spd|1\n|move|p2b: Tatsugiri|Muddy Water|p1a: Lycanroc|[spread] p1a,p1b\n|-supereffective|p1a: Lycanroc\n|-resisted|p1b: Armarouge\n|-enditem|p1a: Lycanroc|Focus Sash\n|-damage|p1a: Lycanroc|1\/100\n|-damage|p1b: Armarouge|80\/100\n|move|p1b: Armarouge|Clear Smog|p2b: Tatsugiri\n|-damage|p2b: Tatsugiri|15\/100\n|-clearboost|p2b: Tatsugiri\n|move|p2a: Wo-Chien|Ruination|p1b: Armarouge\n|-damage|p1b: Armarouge|40\/100\n|\n|-weather|Sandstorm|[upkeep]\n|-damage|p2b: Tatsugiri|9\/100|[from] Sandstorm\n|-damage|p1b: Armarouge|34\/100|[from] Sandstorm\n|-damage|p2a: Wo-Chien|38\/100|[from] Sandstorm\n|-heal|p2a: Wo-Chien|44\/100|[from] item: Leftovers\n|upkeep\n|turn|6\n|\n|t:|1684077658\n|move|p2a: Wo-Chien|Protect|p2a: Wo-Chien\n|-singleturn|p2a: Wo-Chien|Protect\n|move|p1a: Lycanroc|Rock Slide|p2b: Tatsugiri|[spread] p2b\n|-activate|p2a: Wo-Chien|move: Protect\n|-damage|p2b: Tatsugiri|0 fnt\n|faint|p2b: Tatsugiri\n|move|p1b: Armarouge|Armor Cannon|p2a: Wo-Chien\n|-activate|p2a: Wo-Chien|move: Protect\n|\n|-weather|none\n|-heal|p2a: Wo-Chien|50\/100|[from] item: Leftovers\n|upkeep\n|\n|t:|1684077665\n|switch|p2b: Dondozo|Dondozo, L50, F|100\/100\n|turn|7\n|\n|t:|1684077682\n|-terastallize|p2b: Dondozo|Flying\n|move|p1a: Lycanroc|Close Combat|p2b: Dondozo\n|-resisted|p2b: Dondozo\n|-crit|p2b: Dondozo\n|-damage|p2b: Dondozo|84\/100\n|-unboost|p1a: Lycanroc|def|1\n|-unboost|p1a: Lycanroc|spd|1\n|move|p1b: Armarouge|Expanding Force|p2b: Dondozo\n|-damage|p2b: Dondozo|33\/100\n|move|p2a: Wo-Chien|Snarl|p1b: Armarouge|[spread] p1a,p1b\n|-damage|p1a: Lycanroc|0 fnt\n|-damage|p1b: Armarouge|25\/100\n|-unboost|p1b: Armarouge|spa|1\n|faint|p1a: Lycanroc\n|move|p2b: Dondozo|Earthquake|p1b: Armarouge|[spread] p2a,p1b\n|-resisted|p2a: Wo-Chien\n|-resisted|p1b: Armarouge\n|-damage|p2a: Wo-Chien|42\/100\n|-damage|p1b: Armarouge|12\/100\n|-ability|p1b: Armarouge|Weak Armor|boost\n|-unboost|p1b: Armarouge|def|1\n|-boost|p1b: Armarouge|spe|2\n|-damage|p2b: Dondozo|24\/100|[from] item: Life Orb\n|\n|-heal|p2a: Wo-Chien|48\/100|[from] item: Leftovers\n|upkeep\n|turn|8\n|c| Rowlet69420|Ggs\n|\n|t:|1684077710\n|move|p2b: Dondozo|Protect|p2b: Dondozo\n|-singleturn|p2b: Dondozo|Protect\n|move|p1b: Armarouge|Expanding Force|p2b: Dondozo\n|-activate|p2b: Dondozo|move: Protect\n|move|p2a: Wo-Chien|Snarl|p1b: Armarouge\n|-damage|p1b: Armarouge|1\/100\n|-unboost|p1b: Armarouge|spa|1\n|\n|-heal|p2a: Wo-Chien|54\/100|[from] item: Leftovers\n|upkeep\n|turn|9\n|c| Rowlet69420|Bad plays brom both side but ggs\n|\n|t:|1684077727\n|move|p1b: Armarouge|Armor Cannon|p2b: Dondozo\n|-damage|p2b: Dondozo|0 fnt\n|-unboost|p1b: Armarouge|def|1\n|-unboost|p1b: Armarouge|spd|1\n|faint|p2b: Dondozo\n|move|p2a: Wo-Chien|Snarl|p1b: Armarouge\n|-damage|p1b: Armarouge|0 fnt\n|faint|p1b: Armarouge\n|\n|win|Sanex1ty\n|l|\u2606voxxod\n|c|\u2606Sanex1ty|ggs\n","uploadtime":1684077732,"views":18,"p1id":"voxxod","p2id":"sanex1ty","formatid":"gen9vgc2023regulationc","rating":0,"private":0,"password":""}