{"id":"gen9vgc2023regulationc-1861640504","p1":"Le Dab","p2":"eggplanet07","format":"[Gen 9] VGC 2023 Regulation C","log":"|j|\u2606Le Dab\n|j|\u2606eggplanet07\n|t:|1683786548\n|gametype|doubles\n|player|p1|Le Dab|nate|1327\n|player|p2|eggplanet07|roxie|1275\n|teamsize|p1|6\n|teamsize|p2|6\n|gen|9\n|tier|[Gen 9] VGC 2023 Regulation C\n|rated|\n|rule|Species Clause: Limit one of each Pok\u00e9mon\n|rule|Item Clause: Limit one of each item\n|clearpoke\n|poke|p1|Sandy Shocks, L50|\n|poke|p1|Iron Valiant, L50|\n|poke|p1|Murkrow, L50, F|\n|poke|p1|Pincurchin, L50, M|\n|poke|p1|Iron Bundle, L50|\n|poke|p1|Scovillain, L50, F|\n|poke|p2|Raichu, L50, M|\n|poke|p2|Azumarill, L50, M|\n|poke|p2|Amoonguss, L50, F|\n|poke|p2|Gyarados, L50, F|\n|poke|p2|Flutter Mane, L50|\n|poke|p2|Palafin, L50, M|\n|teampreview|4\n|inactive|Battle timer is ON: inactive players will automatically lose when time's up. (requested by eggplanet07)\n|inactive|Le Dab also wants the timer to be on.\n|inactive|Le Dab has 60 seconds left.\n|inactive|eggplanet07 has 60 seconds left.\n|\n|t:|1683786585\n|start\n|switch|p1a: Sandy Shocks|Sandy Shocks, L50|100\/100\n|switch|p1b: Murkrow|Murkrow, L50, F|100\/100\n|switch|p2a: Palafin|Palafin, L50, M|100\/100\n|switch|p2b: Flutter Mane|Flutter Mane, L50, shiny|100\/100\n|-enditem|p2b: Flutter Mane|Booster Energy\n|-activate|p2b: Flutter Mane|ability: Protosynthesis|[fromitem]\n|-start|p2b: Flutter Mane|protosynthesisspa\n|turn|1\n|\n|t:|1683786609\n|-end|p2b: Flutter Mane|Protosynthesis|[silent]\n|switch|p2b: Raichu|Raichu, L50, M|100\/100\n|-terastallize|p2a: Palafin|Water\n|move|p1b: Murkrow|Tailwind|p1b: Murkrow\n|-sidestart|p1: Le Dab|move: Tailwind\n|move|p1a: Sandy Shocks|Thunderbolt|p2b: Raichu\n|-ability|p2b: Raichu|Lightning Rod|boost\n|-boost|p2b: Raichu|spa|1\n|move|p2a: Palafin|Wave Crash|p1a: Sandy Shocks\n|-supereffective|p1a: Sandy Shocks\n|-crit|p1a: Sandy Shocks\n|-damage|p1a: Sandy Shocks|0 fnt\n|faint|p1a: Sandy Shocks\n|-end|p1a: Sandy Shocks|Protosynthesis|[silent]\n|-damage|p2a: Palafin|72\/100|[from] Recoil\n|\n|upkeep\n|\n|t:|1683786614\n|switch|p1a: Iron Bundle|Iron Bundle, L50|100\/100\n|turn|2\n|\n|t:|1683786632\n|detailschange|p2a: Palafin|Palafin-Hero, L50, M, tera:Water\n|switch|p2a: Flutter Mane|Flutter Mane, L50, shiny|100\/100\n|move|p1a: Iron Bundle|Protect|p1a: Iron Bundle\n|-singleturn|p1a: Iron Bundle|Protect\n|move|p1b: Murkrow|Foul Play|p2a: Flutter Mane\n|-damage|p2a: Flutter Mane|75\/100\n|move|p2b: Raichu|Nuzzle|p1a: Iron Bundle\n|-activate|p1a: Iron Bundle|move: Protect\n|\n|upkeep\n|turn|3\n|\n|t:|1683786644\n|move|p2a: Flutter Mane|Protect|p2a: Flutter Mane\n|-singleturn|p2a: Flutter Mane|Protect\n|move|p1a: Iron Bundle|Freeze-Dry|p2b: Raichu\n|-damage|p2b: Raichu|55\/100\n|move|p1b: Murkrow|Foul Play|p2b: Raichu\n|-damage|p2b: Raichu|4\/100\n|move|p2b: Raichu|Nuzzle|p1a: Iron Bundle\n|-supereffective|p1a: Iron Bundle\n|-damage|p1a: Iron Bundle|82\/100\n|-status|p1a: Iron Bundle|par\n|\n|upkeep\n|turn|4\n|inactive|eggplanet07 has 30 seconds left.\n|\n|t:|1683786673\n|switch|p2b: Azumarill|Azumarill, L50, M, shiny|100\/100\n|move|p1b: Murkrow|Foul Play|p2b: Azumarill\n|-resisted|p2b: Azumarill\n|-damage|p2b: Azumarill|85\/100\n|move|p1a: Iron Bundle|Icy Wind|p2a: Flutter Mane|[spread] p2a,p2b\n|-resisted|p2b: Azumarill\n|-damage|p2a: Flutter Mane|55\/100\n|-damage|p2b: Azumarill|75\/100\n|-unboost|p2a: Flutter Mane|spe|1\n|-unboost|p2b: Azumarill|spe|1\n|move|p2a: Flutter Mane|Dazzling Gleam|p1a: Iron Bundle|[spread] p1a,p1b\n|-supereffective|p1b: Murkrow\n|-damage|p1a: Iron Bundle|14\/100 par\n|-damage|p1b: Murkrow|31\/100\n|\n|-sideend|p1: Le Dab|move: Tailwind\n|upkeep\n|turn|5\n|\n|t:|1683786689\n|move|p2b: Azumarill|Protect|p2b: Azumarill\n|-singleturn|p2b: Azumarill|Protect\n|move|p1b: Murkrow|Tailwind|p1b: Murkrow\n|-sidestart|p1: Le Dab|move: Tailwind\n|move|p1a: Iron Bundle|Freeze-Dry|p2b: Azumarill\n|-activate|p2b: Azumarill|move: Protect\n|move|p2a: Flutter Mane|Dazzling Gleam|p1a: Iron Bundle|[spread] p1a,p1b\n|-supereffective|p1b: Murkrow\n|-damage|p1a: Iron Bundle|0 fnt\n|-damage|p1b: Murkrow|0 fnt\n|faint|p1a: Iron Bundle\n|-end|p1a: Iron Bundle|Quark Drive|[silent]\n|faint|p1b: Murkrow\n|\n|upkeep\n|\n|t:|1683786693\n|switch|p1b: Iron Valiant|Iron Valiant, L50|100\/100\n|turn|6\n|\n|t:|1683786705\n|move|p1b: Iron Valiant|Thunder Punch|p2b: Azumarill\n|-supereffective|p2b: Azumarill\n|-damage|p2b: Azumarill|26\/100\n|move|p2a: Flutter Mane|Shadow Ball|p1b: Iron Valiant\n|-damage|p1b: Iron Valiant|57\/100\n|move|p2b: Azumarill|Play Rough|p1b: Iron Valiant|[miss]\n|-miss|p2b: Azumarill|p1b: Iron Valiant\n|\n|upkeep\n|turn|7\n|\n|t:|1683786716\n|-end|p2a: Flutter Mane|Protosynthesis|[silent]\n|switch|p2a: Raichu|Raichu, L50, M|4\/100\n|move|p1b: Iron Valiant|Thunder Punch|p2a: Raichu\n|-activate|p2a: Raichu|ability: Lightning Rod\n|-ability|p2a: Raichu|Lightning Rod|boost\n|-boost|p2a: Raichu|spa|1\n|move|p2b: Azumarill|Play Rough|p1b: Iron Valiant\n|-supereffective|p1b: Iron Valiant\n|-damage|p1b: Iron Valiant|0 fnt\n|faint|p1b: Iron Valiant\n|-end|p1b: Iron Valiant|Quark Drive|[silent]\n|\n|win|eggplanet07\n|raw|Le Dab's rating: 1327 → 1304<\/strong> (-23 for losing)\n|raw|eggplanet07's rating: 1275 → 1304<\/strong> (+29 for winning)\n|l|\u2606Le Dab\n","uploadtime":1683786733,"views":16,"p1id":"ledab","p2id":"eggplanet07","formatid":"gen9vgc2023regulationc","rating":1304,"private":0,"password":""}