{"id":"gen9vgc2023regulationc-1860936000","p1":"Arcacagne","p2":"Onlyshiny","format":"[Gen 9] VGC 2023 Regulation C","log":"|j|\u2606Arcacagne\n|j|\u2606Onlyshiny\n|t:|1683699064\n|gametype|doubles\n|player|p1|Arcacagne|102|1351\n|player|p2|Onlyshiny|n|1395\n|teamsize|p1|6\n|teamsize|p2|6\n|gen|9\n|tier|[Gen 9] VGC 2023 Regulation C\n|rated|\n|rule|Species Clause: Limit one of each Pok\u00e9mon\n|rule|Item Clause: Limit one of each item\n|clearpoke\n|poke|p1|Chi-Yu, L50|\n|poke|p1|Flutter Mane, L50|\n|poke|p1|Amoonguss, L50, F|\n|poke|p1|Palafin, L50, F|\n|poke|p1|Iron Hands, L50|\n|poke|p1|Arcanine, L50, F|\n|poke|p2|Talonflame, L50, F|\n|poke|p2|Great Tusk, L50|\n|poke|p2|Tyranitar, L50, F|\n|poke|p2|Houndstone, L50, M|\n|poke|p2|Iron Bundle, L50|\n|poke|p2|Chi-Yu, L50|\n|teampreview|4\n|inactive|Battle timer is ON: inactive players will automatically lose when time's up. (requested by Arcacagne)\n|inactive|Onlyshiny has 60 seconds left.\n|\n|t:|1683699130\n|start\n|switch|p1a: Iron Hands|Iron Hands, L50|100\/100\n|switch|p1b: Arcanine|Arcanine, L50, F|100\/100\n|switch|p2a: Gallina|Talonflame, L50, F|100\/100\n|switch|p2b: Iron Bundle|Iron Bundle, L50, shiny|100\/100\n|-ability|p1b: Arcanine|Intimidate|boost\n|-unboost|p2a: Gallina|atk|1\n|-unboost|p2b: Iron Bundle|atk|1\n|-enditem|p2b: Iron Bundle|Booster Energy\n|-activate|p2b: Iron Bundle|ability: Quark Drive|[fromitem]\n|-start|p2b: Iron Bundle|quarkdrivespe\n|turn|1\n|inactive|Arcacagne has 30 seconds left.\n|inactive|Arcacagne has 20 seconds left.\n|inactive|Arcacagne has 15 seconds left.\n|c|\u2606Onlyshiny|Gohf\n|inactive|Arcacagne has 10 seconds left.\n|inactive|Arcacagne has 5 seconds left.\n|\n|t:|1683699183\n|switch|p1b: Flutter Mane|Flutter Mane, L50|100\/100\n|-enditem|p1b: Flutter Mane|Booster Energy\n|-activate|p1b: Flutter Mane|ability: Protosynthesis|[fromitem]\n|-start|p1b: Flutter Mane|protosynthesisspa\n|move|p2b: Iron Bundle|Protect|p2b: Iron Bundle\n|-singleturn|p2b: Iron Bundle|Protect\n|move|p1a: Iron Hands|Fake Out|p2a: Gallina\n|-damage|p2a: Gallina|84\/100\n|move|p2a: Gallina|Will-O-Wisp|p1a: Iron Hands\n|-status|p1a: Iron Hands|brn\n|-enditem|p1a: Iron Hands|Lum Berry|[eat]\n|-curestatus|p1a: Iron Hands|brn|[msg]\n|\n|upkeep\n|turn|2\n|inactive|Onlyshiny has 30 seconds left.\n|\n|t:|1683699217\n|switch|p2a: Chi-Yu|Chi-Yu, L50|100\/100\n|-ability|p2a: Chi-Yu|Beads of Ruin\n|-end|p1a: Iron Hands|Quark Drive|[silent]\n|switch|p1a: Arcanine|Arcanine, L50, F|100\/100\n|-ability|p1a: Arcanine|Intimidate|boost\n|-unboost|p2a: Chi-Yu|atk|1\n|-unboost|p2b: Iron Bundle|atk|1\n|-terastallize|p1b: Flutter Mane|Fairy\n|move|p2b: Iron Bundle|Hydro Pump|p1b: Flutter Mane|[miss]\n|-miss|p2b: Iron Bundle|p1b: Flutter Mane\n|move|p1b: Flutter Mane|Moonblast|p2b: Iron Bundle\n|-damage|p2b: Iron Bundle|0 fnt\n|faint|p2b: Iron Bundle\n|-end|p2b: Iron Bundle|Quark Drive|[silent]\n|\n|upkeep\n|\n|t:|1683699241\n|switch|p2b: Great Tusk|Great Tusk, L50|100\/100\n|turn|3\n|inactive|Arcacagne has 30 seconds left.\n|\n|t:|1683699272\n|switch|p2a: Gallina|Talonflame, L50, F|84\/100\n|move|p2b: Great Tusk|Protect|p2b: Great Tusk\n|-singleturn|p2b: Great Tusk|Protect\n|move|p1b: Flutter Mane|Moonblast|p2b: Great Tusk\n|-activate|p2b: Great Tusk|move: Protect\n|move|p1a: Arcanine|Will-O-Wisp|p2b: Great Tusk\n|-activate|p2b: Great Tusk|move: Protect\n|\n|upkeep\n|turn|4\n|\n|t:|1683699289\n|switch|p1a: Amoonguss|Amoonguss, L50, F|100\/100\n|-terastallize|p2b: Great Tusk|Ground\n|move|p1b: Flutter Mane|Protect|p1b: Flutter Mane\n|-singleturn|p1b: Flutter Mane|Protect\n|move|p2a: Gallina|Tailwind|p2a: Gallina\n|-sidestart|p2: Onlyshiny|move: Tailwind\n|move|p2b: Great Tusk|Earthquake|p1b: Flutter Mane|[spread] p1a\n|-activate|p1b: Flutter Mane|move: Protect\n|-immune|p2a: Gallina\n|-damage|p1a: Amoonguss|56\/100\n|\n|upkeep\n|turn|5\n|\n|t:|1683699306\n|-end|p1b: Flutter Mane|Protosynthesis|[silent]\n|switch|p1b: Arcanine|Arcanine, L50, F|100\/100\n|-ability|p1b: Arcanine|Intimidate|boost\n|-unboost|p2a: Gallina|atk|1\n|-unboost|p2b: Great Tusk|atk|1\n|move|p2a: Gallina|Brave Bird|p1b: Arcanine\n|-damage|p1b: Arcanine|73\/100\n|-damage|p2a: Gallina|73\/100|[from] Recoil\n|move|p2b: Great Tusk|Earthquake|p1b: Arcanine|[spread] p1a,p1b\n|-immune|p2a: Gallina\n|-supereffective|p1b: Arcanine\n|-damage|p1a: Amoonguss|27\/100\n|-damage|p1b: Arcanine|10\/100\n|-enditem|p1b: Arcanine|Aguav Berry|[eat]\n|-heal|p1b: Arcanine|43\/100|[from] item: Aguav Berry\n|-enditem|p1a: Amoonguss|Sitrus Berry|[eat]\n|-heal|p1a: Amoonguss|52\/100|[from] item: Sitrus Berry\n|move|p1a: Amoonguss|Spore|p2b: Great Tusk\n|-status|p2b: Great Tusk|slp|[from] move: Spore\n|\n|upkeep\n|turn|6\n|inactive|Arcacagne has 30 seconds left.\n|inactive|Arcacagne has 20 seconds left.\n|\n|t:|1683699346\n|switch|p1b: Flutter Mane|Flutter Mane, L50, tera:Fairy|100\/100\n|cant|p2b: Great Tusk|slp\n|move|p1a: Amoonguss|Rage Powder|p1a: Amoonguss\n|-singleturn|p1a: Amoonguss|move: Rage Powder\n|move|p2a: Gallina|Taunt|p1a: Amoonguss\n|-start|p1a: Amoonguss|move: Taunt\n|\n|upkeep\n|turn|7\n|\n|t:|1683699361\n|switch|p1a: Arcanine|Arcanine, L50, F|43\/100\n|-ability|p1a: Arcanine|Intimidate|boost\n|-unboost|p2a: Gallina|atk|1\n|-unboost|p2b: Great Tusk|atk|1\n|move|p2a: Gallina|Brave Bird|p1b: Flutter Mane\n|-damage|p1b: Flutter Mane|65\/100\n|-damage|p2a: Gallina|62\/100|[from] Recoil\n|-curestatus|p2b: Great Tusk|slp|[msg]\n|move|p2b: Great Tusk|Earthquake|p1a: Arcanine|[spread] p1a,p1b\n|-immune|p2a: Gallina\n|-supereffective|p1a: Arcanine\n|-damage|p1a: Arcanine|0 fnt\n|-damage|p1b: Flutter Mane|30\/100\n|faint|p1a: Arcanine\n|move|p1b: Flutter Mane|Substitute|p1b: Flutter Mane\n|-start|p1b: Flutter Mane|Substitute\n|-damage|p1b: Flutter Mane|5\/100\n|\n|-sideend|p2: Onlyshiny|move: Tailwind\n|upkeep\n|\n|t:|1683699379\n|switch|p1a: Iron Hands|Iron Hands, L50|100\/100\n|turn|8\n|\n|t:|1683699396\n|move|p2b: Great Tusk|Protect|p2b: Great Tusk\n|-singleturn|p2b: Great Tusk|Protect\n|move|p1a: Iron Hands|Fake Out|p2b: Great Tusk\n|-activate|p2b: Great Tusk|move: Protect\n|move|p2a: Gallina|Tailwind|p2a: Gallina\n|-sidestart|p2: Onlyshiny|move: Tailwind\n|move|p1b: Flutter Mane|Shadow Ball|p2a: Gallina\n|-damage|p2a: Gallina|8\/100\n|\n|upkeep\n|turn|9\n|inactive|Arcacagne has 30 seconds left.\n|\n|t:|1683699429\n|-end|p1a: Iron Hands|Quark Drive|[silent]\n|switch|p1a: Amoonguss|Amoonguss, L50, F|85\/100\n|move|p1b: Flutter Mane|Protect|p1b: Flutter Mane\n|-singleturn|p1b: Flutter Mane|Protect\n|move|p2a: Gallina|Brave Bird|p1b: Flutter Mane\n|-activate|p1b: Flutter Mane|move: Protect\n|move|p2b: Great Tusk|Earthquake|p1a: Amoonguss|[spread] p1a\n|-activate|p1b: Flutter Mane|move: Protect\n|-immune|p2a: Gallina\n|-damage|p1a: Amoonguss|64\/100\n|\n|upkeep\n|turn|10\n|\n|t:|1683699452\n|move|p1a: Amoonguss|Rage Powder|p1a: Amoonguss\n|-singleturn|p1a: Amoonguss|move: Rage Powder\n|move|p2a: Gallina|Taunt|p1a: Amoonguss\n|-start|p1a: Amoonguss|move: Taunt\n|move|p2b: Great Tusk|Earthquake|p1a: Amoonguss|[spread] p1a,p1b\n|-immune|p2a: Gallina\n|-end|p1b: Flutter Mane|Substitute\n|-damage|p1a: Amoonguss|43\/100\n|move|p1b: Flutter Mane|Shadow Ball|p2a: Gallina\n|-damage|p2a: Gallina|0 fnt\n|faint|p2a: Gallina\n|\n|upkeep\n|\n|t:|1683699456\n|switch|p2a: Chi-Yu|Chi-Yu, L50|100\/100\n|-ability|p2a: Chi-Yu|Beads of Ruin\n|turn|11\n|\n|t:|1683699472\n|switch|p1a: Iron Hands|Iron Hands, L50|100\/100\n|move|p1b: Flutter Mane|Protect|p1b: Flutter Mane\n|-singleturn|p1b: Flutter Mane|Protect\n|move|p2a: Chi-Yu|Heat Wave|p1b: Flutter Mane|[spread] p1a\n|-activate|p1b: Flutter Mane|move: Protect\n|-crit|p1a: Iron Hands\n|-damage|p1a: Iron Hands|49\/100\n|move|p2b: Great Tusk|Headlong Rush|p1a: Iron Hands\n|-supereffective|p1a: Iron Hands\n|-damage|p1a: Iron Hands|0 fnt\n|-unboost|p2b: Great Tusk|def|1\n|-unboost|p2b: Great Tusk|spd|1\n|faint|p1a: Iron Hands\n|-end|p1a: Iron Hands|Quark Drive|[silent]\n|\n|-sideend|p2: Onlyshiny|move: Tailwind\n|upkeep\n|c|\u2606Onlyshiny|Gg\n|c|\u2606Arcacagne|nice crit\n|\n|t:|1683699493\n|switch|p1a: Amoonguss|Amoonguss, L50, F|76\/100\n|turn|12\n|c|\u2606Onlyshiny|Lol\n|inactive|Arcacagne has 30 seconds left.\n|\n|t:|1683699520\n|move|p1a: Amoonguss|Rage Powder|p1a: Amoonguss\n|-singleturn|p1a: Amoonguss|move: Rage Powder\n|move|p2a: Chi-Yu|Heat Wave|p1a: Amoonguss|[spread] p1a,p1b\n|-supereffective|p1a: Amoonguss\n|-damage|p1a: Amoonguss|0 fnt\n|-damage|p1b: Flutter Mane|0 fnt\n|faint|p1a: Amoonguss\n|faint|p1b: Flutter Mane\n|-end|p1b: Flutter Mane|Protosynthesis|[silent]\n|\n|win|Onlyshiny\n|raw|Arcacagne's rating: 1351 → 1334<\/strong> (-17 for losing)\n|raw|Onlyshiny's rating: 1395 → 1412<\/strong> (+17 for winning)\n|c|\u2606Onlyshiny|That's the game we're playing tho\n","uploadtime":1683699529,"views":30,"p1id":"arcacagne","p2id":"onlyshiny","formatid":"gen9vgc2023regulationc","rating":1334,"private":0,"password":""}