{"id":"gen9vgc2023regulationc-1846618621","p1":"PiccoloRuiz","p2":"WumblesNSuch","format":"[Gen 9] VGC 2023 Regulation C","log":"|j|\u2606PiccoloRuiz\n|j|\u2606WumblesNSuch\n|t:|1681857912\n|gametype|doubles\n|player|p1|PiccoloRuiz|valerie|1411\n|player|p2|WumblesNSuch|lyra|1400\n|teamsize|p1|6\n|teamsize|p2|4\n|gen|9\n|tier|[Gen 9] VGC 2023 Regulation C\n|rated|\n|rule|Species Clause: Limit one of each Pok\u00e9mon\n|rule|Item Clause: Limit one of each item\n|clearpoke\n|poke|p1|Flutter Mane, L50|\n|poke|p1|Amoonguss, L50, F|\n|poke|p1|Gyarados, L50, F|\n|poke|p1|Ceruledge, L50, F|\n|poke|p1|Ting-Lu, L50|\n|poke|p1|Baxcalibur, L50, F|\n|poke|p2|Baxcalibur, L50, F|\n|poke|p2|Amoonguss, L50, F|\n|poke|p2|Iron Bundle, L50|\n|poke|p2|Iron Hands, L50|\n|teampreview|4\n|inactive|Battle timer is ON: inactive players will automatically lose when time's up. (requested by PiccoloRuiz)\n|inactive|PiccoloRuiz has 60 seconds left.\n|inactive|PiccoloRuiz has 30 seconds left.\n|\n|t:|1681857977\n|start\n|switch|p1a: Sasha Colby|Flutter Mane, L50|100\/100\n|switch|p1b: Bianca|Gyarados, L50, F, shiny|100\/100\n|switch|p2a: Iron Bundle|Iron Bundle, L50|100\/100\n|switch|p2b: Baxcalibur|Baxcalibur, L50, F|100\/100\n|-ability|p1b: Bianca|Intimidate|boost\n|-unboost|p2a: Iron Bundle|atk|1\n|-unboost|p2b: Baxcalibur|atk|1\n|turn|1\n|inactive|WumblesNSuch has 30 seconds left.\n|\n|t:|1681858008\n|switch|p1b: Anetra|Ceruledge, L50, F, shiny|100\/100\n|-terastallize|p2a: Iron Bundle|Ice\n|move|p2a: Iron Bundle|Icy Wind|p1b: Anetra|[spread] p1a,p1b\n|-resisted|p1b: Anetra\n|-damage|p1a: Sasha Colby|74\/100\n|-damage|p1b: Anetra|86\/100\n|-unboost|p1a: Sasha Colby|spe|1\n|-unboost|p1b: Anetra|spe|1\n|move|p1a: Sasha Colby|Dazzling Gleam|p2a: Iron Bundle|[spread] p2a,p2b\n|-supereffective|p2b: Baxcalibur\n|-damage|p2a: Iron Bundle|11\/100\n|-damage|p2b: Baxcalibur|26\/100\n|move|p2b: Baxcalibur|Icicle Spear|p1a: Sasha Colby\n|-damage|p1a: Sasha Colby|57\/100\n|-damage|p1a: Sasha Colby|39\/100\n|-damage|p1a: Sasha Colby|23\/100\n|-damage|p1a: Sasha Colby|7\/100\n|-damage|p1a: Sasha Colby|0 fnt\n|faint|p1a: Sasha Colby\n|-end|p1a: Sasha Colby|Protosynthesis|[silent]\n|-hitcount|p1: Sasha Colby|5\n|\n|-heal|p1b: Anetra|92\/100|[from] item: Leftovers\n|upkeep\n|j| RedCharonKnight\n|inactive|PiccoloRuiz has 30 seconds left.\n|\n|t:|1681858035\n|switch|p1a: Bianca|Gyarados, L50, F, shiny|100\/100\n|-ability|p1a: Bianca|Intimidate|boost\n|-unboost|p2a: Iron Bundle|atk|1\n|-unboost|p2b: Baxcalibur|atk|1\n|turn|2\n|\n|t:|1681858052\n|switch|p2b: Iron Hands|Iron Hands, L50|100\/100\n|move|p2a: Iron Bundle|Protect|p2a: Iron Bundle\n|-singleturn|p2a: Iron Bundle|Protect\n|move|p1b: Anetra|Shadow Sneak|p2a: Iron Bundle\n|-activate|p2a: Iron Bundle|move: Protect\n|move|p1a: Bianca|Waterfall|p2b: Iron Hands\n|-damage|p2b: Iron Hands|77\/100\n|\n|-heal|p1b: Anetra|98\/100|[from] item: Leftovers\n|upkeep\n|turn|3\n|inactive|WumblesNSuch has 30 seconds left.\n|inactive|WumblesNSuch has 20 seconds left.\n|\n|t:|1681858091\n|-end|p2a: Iron Bundle|Quark Drive|[silent]\n|switch|p2a: Amoonguss|Amoonguss, L50, F|100\/100\n|switch|p1a: Amoonguss|Amoonguss, L50, F, shiny|100\/100\n|move|p1b: Anetra|Shadow Sneak|p2a: Amoonguss\n|-crit|p2a: Amoonguss\n|-damage|p2a: Amoonguss|75\/100\n|move|p2b: Iron Hands|Swords Dance|p2b: Iron Hands\n|-boost|p2b: Iron Hands|atk|2\n|\n|-heal|p1b: Anetra|100\/100|[from] item: Leftovers\n|upkeep\n|turn|4\n|inactive|PiccoloRuiz has 30 seconds left.\n|inactive|PiccoloRuiz has 20 seconds left.\n|inactive|PiccoloRuiz has 15 seconds left.\n|inactive|PiccoloRuiz has 10 seconds left.\n|inactive|PiccoloRuiz has 5 seconds left.\n|\n|t:|1681858142\n|switch|p1a: Bianca|Gyarados, L50, F, shiny|100\/100\n|-ability|p1a: Bianca|Intimidate|boost\n|-unboost|p2a: Amoonguss|atk|1\n|-fail|p2b: Iron Hands|unboost|[from] item: Clear Amulet|[of] p2b: Iron Hands\n|-terastallize|p1b: Anetra|Grass\n|move|p2a: Amoonguss|Protect|p2a: Amoonguss\n|-singleturn|p2a: Amoonguss|Protect\n|move|p1b: Anetra|Bitter Blade|p2b: Iron Hands\n|-damage|p2b: Iron Hands|47\/100\n|move|p2b: Iron Hands|Thunder Punch|p1b: Anetra\n|-resisted|p1b: Anetra\n|-damage|p1b: Anetra|58\/100\n|\n|-heal|p1b: Anetra|64\/100|[from] item: Leftovers\n|upkeep\n|turn|5\n|inactive|PiccoloRuiz has 30 seconds left.\n|inactive|WumblesNSuch has 30 seconds left.\n|inactive|PiccoloRuiz has 20 seconds left.\n|inactive|WumblesNSuch has 20 seconds left.\n|inactive|PiccoloRuiz has 15 seconds left.\n|inactive|WumblesNSuch has 15 seconds left.\n|\n|t:|1681858184\n|move|p1a: Bianca|Waterfall|p2b: Iron Hands\n|-damage|p2b: Iron Hands|25\/100\n|move|p1b: Anetra|Bitter Blade|p2a: Amoonguss\n|-supereffective|p2a: Amoonguss\n|-damage|p2a: Amoonguss|1\/100\n|-heal|p1b: Anetra|100\/100|[from] drain|[of] p2a: Amoonguss\n|-enditem|p2a: Amoonguss|Sitrus Berry|[eat]\n|-heal|p2a: Amoonguss|26\/100|[from] item: Sitrus Berry\n|move|p2b: Iron Hands|Drain Punch|p1b: Anetra\n|-damage|p1b: Anetra|13\/100\n|-heal|p2b: Iron Hands|58\/100|[from] drain|[of] p1b: Anetra\n|move|p2a: Amoonguss|Pollen Puff|p2b: Iron Hands\n|-heal|p2b: Iron Hands|100\/100\n|\n|-heal|p1b: Anetra|19\/100|[from] item: Leftovers\n|upkeep\n|turn|6\n|inactive|PiccoloRuiz has 30 seconds left.\n|inactive|WumblesNSuch has 30 seconds left.\n|\n|t:|1681858214\n|switch|p1a: Amoonguss|Amoonguss, L50, F, shiny|100\/100\n|move|p1b: Anetra|Protect|p1b: Anetra\n|-singleturn|p1b: Anetra|Protect\n|move|p2a: Amoonguss|Protect|p2a: Amoonguss\n|-singleturn|p2a: Amoonguss|Protect\n|move|p2b: Iron Hands|Thunder Punch|p1a: Amoonguss\n|-resisted|p1a: Amoonguss\n|-damage|p1a: Amoonguss|70\/100\n|\n|-heal|p1b: Anetra|25\/100|[from] item: Leftovers\n|upkeep\n|turn|7\n|inactive|PiccoloRuiz has 30 seconds left.\n|inactive|WumblesNSuch has 30 seconds left.\n|inactive|PiccoloRuiz has 20 seconds left.\n|inactive|PiccoloRuiz has 15 seconds left.\n|inactive|PiccoloRuiz has 10 seconds left.\n|\n|t:|1681858261\n|switch|p1b: Bianca|Gyarados, L50, F, shiny|100\/100\n|-ability|p1b: Bianca|Intimidate|boost\n|-unboost|p2a: Amoonguss|atk|1\n|-fail|p2b: Iron Hands|unboost|[from] item: Clear Amulet|[of] p2b: Iron Hands\n|switch|p2a: Baxcalibur|Baxcalibur, L50, F|26\/100\n|move|p2b: Iron Hands|Thunder Punch|p1b: Bianca\n|-supereffective|p1b: Bianca\n|-damage|p1b: Bianca|0 fnt\n|faint|p1b: Bianca\n|move|p1a: Amoonguss|Spore|p2b: Iron Hands\n|-status|p2b: Iron Hands|slp|[from] move: Spore\n|\n|upkeep\n|\n|t:|1681858271\n|switch|p1b: Anetra|Ceruledge, L50, F, shiny, tera:Grass|25\/100\n|turn|8\n|\n|t:|1681858285\n|move|p1a: Amoonguss|Rage Powder|p1a: Amoonguss\n|-singleturn|p1a: Amoonguss|move: Rage Powder\n|move|p2a: Baxcalibur|Ice Shard|p1a: Amoonguss\n|-supereffective|p1a: Amoonguss\n|-damage|p1a: Amoonguss|34\/100\n|-enditem|p1a: Amoonguss|Sitrus Berry|[eat]\n|-heal|p1a: Amoonguss|58\/100|[from] item: Sitrus Berry\n|move|p1b: Anetra|Bitter Blade|p2a: Baxcalibur\n|-damage|p2a: Baxcalibur|0 fnt\n|-heal|p1b: Anetra|39\/100|[from] drain|[of] p2a: Baxcalibur\n|faint|p2a: Baxcalibur\n|cant|p2b: Iron Hands|slp\n|\n|-heal|p1b: Anetra|45\/100|[from] item: Leftovers\n|upkeep\n|\n|t:|1681858299\n|switch|p2a: Iron Bundle|Iron Bundle, L50, tera:Ice|11\/100\n|turn|9\n|\n|t:|1681858316\n|move|p2a: Iron Bundle|Protect|p2a: Iron Bundle\n|-singleturn|p2a: Iron Bundle|Protect\n|move|p1a: Amoonguss|Rage Powder|p1a: Amoonguss\n|-singleturn|p1a: Amoonguss|move: Rage Powder\n|move|p1b: Anetra|Shadow Sneak|p2a: Iron Bundle\n|-activate|p2a: Iron Bundle|move: Protect\n|cant|p2b: Iron Hands|slp\n|\n|-heal|p1b: Anetra|51\/100|[from] item: Leftovers\n|upkeep\n|turn|10\n|\n|t:|1681858339\n|-end|p2a: Iron Bundle|Quark Drive|[silent]\n|switch|p2a: Amoonguss|Amoonguss, L50, F|59\/100\n|move|p1a: Amoonguss|Rage Powder|p1a: Amoonguss\n|-singleturn|p1a: Amoonguss|move: Rage Powder\n|move|p1b: Anetra|Shadow Sneak|p2a: Amoonguss\n|-damage|p2a: Amoonguss|43\/100\n|cant|p2b: Iron Hands|slp\n|\n|-heal|p1b: Anetra|57\/100|[from] item: Leftovers\n|upkeep\n|turn|11\n|\n|t:|1681858353\n|move|p1b: Anetra|Protect|p1b: Anetra\n|-singleturn|p1b: Anetra|Protect\n|move|p2a: Amoonguss|Protect|p2a: Amoonguss\n|-singleturn|p2a: Amoonguss|Protect\n|-curestatus|p2b: Iron Hands|slp|[msg]\n|move|p2b: Iron Hands|Drain Punch|p1b: Anetra\n|-activate|p1b: Anetra|move: Protect\n|move|p1a: Amoonguss|Spore|p2b: Iron Hands\n|-status|p2b: Iron Hands|slp|[from] move: Spore\n|\n|-heal|p1b: Anetra|63\/100|[from] item: Leftovers\n|upkeep\n|turn|12\n|\n|t:|1681858374\n|move|p1b: Anetra|Bitter Blade|p2a: Amoonguss\n|-supereffective|p2a: Amoonguss\n|-damage|p2a: Amoonguss|0 fnt\n|-heal|p1b: Anetra|89\/100|[from] drain|[of] p2a: Amoonguss\n|faint|p2a: Amoonguss\n|cant|p2b: Iron Hands|slp\n|move|p1a: Amoonguss|Pollen Puff|p1b: Anetra\n|-heal|p1b: Anetra|100\/100\n|\n|upkeep\n|\n|t:|1681858385\n|switch|p2a: Iron Bundle|Iron Bundle, L50, tera:Ice|11\/100\n|turn|13\n|\n|t:|1681858399\n|move|p2a: Iron Bundle|Protect|p2a: Iron Bundle\n|-singleturn|p2a: Iron Bundle|Protect\n|move|p1b: Anetra|Shadow Sneak|p2a: Iron Bundle\n|-activate|p2a: Iron Bundle|move: Protect\n|cant|p2b: Iron Hands|slp\n|move|p1a: Amoonguss|Spore|p2b: Iron Hands\n|-fail|p2b: Iron Hands|slp\n|\n|upkeep\n|turn|14\n|\n|t:|1681858411\n|move|p1b: Anetra|Shadow Sneak|p2a: Iron Bundle\n|-damage|p2a: Iron Bundle|0 fnt\n|faint|p2a: Iron Bundle\n|-end|p2a: Iron Bundle|Quark Drive|[silent]\n|-curestatus|p2b: Iron Hands|slp|[msg]\n|move|p2b: Iron Hands|Drain Punch|p1a: Amoonguss\n|-resisted|p1a: Amoonguss\n|-damage|p1a: Amoonguss|26\/100\n|move|p1a: Amoonguss|Spore|p2b: Iron Hands\n|-status|p2b: Iron Hands|slp|[from] move: Spore\n|\n|upkeep\n|turn|15\n|\n|t:|1681858424\n|move|p1b: Anetra|Bulk Up|p1b: Anetra\n|-boost|p1b: Anetra|atk|1\n|-boost|p1b: Anetra|def|1\n|cant|p2b: Iron Hands|slp\n|move|p1a: Amoonguss|Pollen Puff|p2b: Iron Hands\n|-resisted|p2b: Iron Hands\n|-damage|p2b: Iron Hands|94\/100 slp\n|\n|upkeep\n|turn|16\n|\n|t:|1681858432\n|move|p1a: Amoonguss|Protect|p1a: Amoonguss\n|-singleturn|p1a: Amoonguss|Protect\n|move|p1b: Anetra|Bulk Up|p1b: Anetra\n|-boost|p1b: Anetra|atk|1\n|-boost|p1b: Anetra|def|1\n|cant|p2b: Iron Hands|slp\n|\n|upkeep\n|turn|17\n|\n|t:|1681858442\n|move|p1b: Anetra|Bitter Blade|p2b: Iron Hands\n|-damage|p2b: Iron Hands|33\/100 slp\n|cant|p2b: Iron Hands|slp\n|move|p1a: Amoonguss|Spore|p2b: Iron Hands\n|-fail|p2b: Iron Hands|slp\n|\n|upkeep\n|turn|18\n|c|\u2606WumblesNSuch|lmao\n|c|\u2606WumblesNSuch|like infinite 3 turn sleeps\n|c|\u2606WumblesNSuch|and playing like this\n|c|\u2606WumblesNSuch|fucking hell\n|c|\u2606PiccoloRuiz|get gud\n|\n|t:|1681858462\n|move|p1b: Anetra|Bitter Blade|p2b: Iron Hands\n|-damage|p2b: Iron Hands|0 fnt\n|faint|p2b: Iron Hands\n|-end|p2b: Iron Hands|Quark Drive|[silent]\n|\n|win|PiccoloRuiz\n|raw|PiccoloRuiz's rating: 1411 → 1430<\/strong> (+19 for winning)\n|raw|WumblesNSuch's rating: 1400 → 1381<\/strong> (-19 for losing)\n|c|\u2606WumblesNSuch|youre dogshit\n|c|\u2606WumblesNSuch|btw\n|l|\u2606WumblesNSuch\n|c|\u2606PiccoloRuiz|lmao\n|l|piccoloruiz\n|j|\u2606Piccolo Ruiz\n","uploadtime":1681858480,"views":12,"p1id":"piccoloruiz","p2id":"wumblesnsuch","formatid":"gen9vgc2023regulationc","rating":1381,"private":0,"password":""}