{"id":"gen9vgc2023regulationc-1849882147","p1":"momajun","p2":"DisneyLando","format":"[Gen 9] VGC 2023 Regulation C","log":"|j|\u2606momajun\n|j|\u2606DisneyLando\n|t:|1682264106\n|gametype|doubles\n|player|p1|momajun|169|\n|player|p2|DisneyLando|102|\n|teamsize|p1|6\n|teamsize|p2|6\n|gen|9\n|tier|[Gen 9] VGC 2023 Regulation C\n|rule|Species Clause: Limit one of each Pok\u00e9mon\n|rule|Item Clause: Limit one of each item\n|clearpoke\n|poke|p1|Flutter Mane, L50|\n|poke|p1|Palafin, L50, M|\n|poke|p1|Arcanine, L50, M|\n|poke|p1|Amoonguss, L50, F|\n|poke|p1|Ting-Lu, L50|\n|poke|p1|Baxcalibur, L50, M|\n|poke|p2|Arcanine, L50, F|\n|poke|p2|Gholdengo, L50|\n|poke|p2|Amoonguss, L50, F|\n|poke|p2|Chien-Pao, L50|\n|poke|p2|Palafin, L50, F|\n|poke|p2|Dragonite, L50, M|\n|teampreview|4\n|c|\u2606DisneyLando|G2\n|c|\u2606momajun|g2\nmomajun has agreed to open team sheets.\n|j| MSI2023\n|j| Pd0nZ\n|j| Aldrich\n|j| StrawberryPawmot\n|j| templevgc\nDisneyLando has agreed to open team sheets.\n|j| 1400inthegc\n|c|\u2606DisneyLando|glhf\n|j| Svenvgc\n|j| rkd272\n|j| Orangex337\n|j| Tito Sprigs\n|j| JeanMarc\n|j|+Eeveon7 \u2764\ufe0f\n|j| toilet friend\n|j| FrostVG\n|l| Tito Sprigs\n|j| Tito Sprigs\n|j| skoda fabia scam\n|j| baaaaat_\n|\n|t:|1682265297\n|start\n|switch|p1a: Baxcalibur|Baxcalibur, L50, M|100\/100\n|switch|p1b: Arcanine|Arcanine, L50, M|100\/100\n|switch|p2a: Gholdengo|Gholdengo, L50|100\/100\n|switch|p2b: Palafin|Palafin, L50, F|100\/100\n|-ability|p1b: Arcanine|Intimidate|boost\n|-unboost|p2a: Gholdengo|atk|1\n|-unboost|p2b: Palafin|atk|1\n|turn|1\n|j| Akram Hamdi\n|j| cyan_vg\n|\n|t:|1682265363\n|-terastallize|p2b: Palafin|Water\n|move|p1b: Arcanine|Howl|p1b: Arcanine|[spread] p1a,p1b\n|-boost|p1a: Baxcalibur|atk|1\n|-boost|p1b: Arcanine|atk|1\n|move|p2b: Palafin|Wave Crash|p1a: Baxcalibur\n|-resisted|p1a: Baxcalibur\n|-damage|p1a: Baxcalibur|78\/100\n|-damage|p2b: Palafin|92\/100|[from] Recoil\n|move|p2a: Gholdengo|Make It Rain|p1b: Arcanine|[spread] p1a,p1b\n|-supereffective|p1a: Baxcalibur\n|-resisted|p1b: Arcanine\n|-damage|p1a: Baxcalibur|0 fnt\n|-damage|p1b: Arcanine|73\/100\n|-unboost|p2a: Gholdengo|spa|1\n|faint|p1a: Baxcalibur\n|\n|upkeep\n|j| Finabas\n|l| skoda fabia scam\n|\n|t:|1682265383\n|switch|p1a: Flutter Mane|Flutter Mane, L50|100\/100\n|-enditem|p1a: Flutter Mane|Booster Energy\n|-activate|p1a: Flutter Mane|ability: Protosynthesis|[fromitem]\n|-start|p1a: Flutter Mane|protosynthesisspa\n|turn|2\n|l| Akram Hamdi\n|j| pokeway96\n|j| JMOdri\n|j| rollacostavgc\n|\n|t:|1682265490\n|detailschange|p2b: Palafin|Palafin-Hero, L50, F, tera:Water\n|switch|p2b: Arcanine|Arcanine, L50, F|100\/100\n|-ability|p2b: Arcanine|Intimidate|boost\n|-unboost|p1a: Flutter Mane|atk|1\n|-unboost|p1b: Arcanine|atk|1\n|-terastallize|p1b: Arcanine|Normal\n|move|p1b: Arcanine|Extreme Speed|p2b: Arcanine\n|-damage|p2b: Arcanine|61\/100\n|move|p1a: Flutter Mane|Shadow Ball|p2a: Gholdengo\n|-supereffective|p2a: Gholdengo\n|-damage|p2a: Gholdengo|0 fnt\n|faint|p2a: Gholdengo\n|\n|upkeep\n|l| 1400inthegc\n|l| pokeway96\n|\n|t:|1682265593\n|switch|p2a: Amoonguss|Amoonguss, L50, F|100\/100\n|turn|3\n|j| duckpond\n|l| rkd272\n|j| rkd272\n|l| FrostVG\n|\n|t:|1682265730\n|move|p1a: Flutter Mane|Protect|p1a: Flutter Mane\n|-singleturn|p1a: Flutter Mane|Protect\n|move|p1b: Arcanine|Extreme Speed|p2b: Arcanine\n|-damage|p2b: Arcanine|22\/100\n|move|p2b: Arcanine|Will-O-Wisp|p1b: Arcanine\n|-status|p1b: Arcanine|brn\n|move|p2a: Amoonguss|Spore|p1a: Flutter Mane\n|-activate|p1a: Flutter Mane|move: Protect\n|\n|-damage|p1b: Arcanine|67\/100 brn|[from] brn\n|upkeep\n|turn|4\n|\n|t:|1682265795\n|move|p1b: Arcanine|Extreme Speed|p2b: Arcanine\n|-damage|p2b: Arcanine|4\/100\n|move|p1a: Flutter Mane|Substitute|p1a: Flutter Mane\n|-start|p1a: Flutter Mane|Substitute\n|-damage|p1a: Flutter Mane|76\/100\n|move|p2b: Arcanine|Flare Blitz|p1a: Flutter Mane\n|-end|p1a: Flutter Mane|Substitute\n|-damage|p2b: Arcanine|0 fnt|[from] Recoil|[of] p1a: Flutter Mane\n|faint|p2b: Arcanine\n|move|p2a: Amoonguss|Spore|p1a: Flutter Mane\n|-status|p1a: Flutter Mane|slp|[from] move: Spore\n|\n|-damage|p1b: Arcanine|60\/100 brn|[from] brn\n|upkeep\n|\n|t:|1682265806\n|switch|p2b: Palafin|Palafin-Hero, L50, F, tera:Water|92\/100\n|-activate|p2b: Palafin|ability: Zero to Hero\n|turn|5\n|l| rollacostavgc\n|j| rollacostavgc\n|\n|t:|1682265860\n|switch|p1b: Amoonguss|Amoonguss, L50, F|100\/100\n|cant|p1a: Flutter Mane|slp\n|move|p2b: Palafin|Wave Crash|p1a: Flutter Mane\n|-damage|p1a: Flutter Mane|0 fnt\n|faint|p1a: Flutter Mane\n|-end|p1a: Flutter Mane|Protosynthesis|[silent]\n|-damage|p2b: Palafin|75\/100|[from] Recoil\n|move|p2a: Amoonguss|Pollen Puff|p1b: Amoonguss\n|-damage|p1b: Amoonguss|84\/100\n|\n|upkeep\n|\n|t:|1682265871\n|switch|p1a: Arcanine|Arcanine, L50, M, tera:Normal|60\/100 brn\n|-ability|p1a: Arcanine|Intimidate|boost\n|-unboost|p2a: Amoonguss|atk|1\n|-unboost|p2b: Palafin|atk|1\n|turn|6\n|\n|t:|1682265942\n|move|p1a: Arcanine|Protect|p1a: Arcanine\n|-singleturn|p1a: Arcanine|Protect\n|move|p2b: Palafin|Wave Crash|p1a: Arcanine\n|-activate|p1a: Arcanine|move: Protect\n|move|p1b: Amoonguss|Spore|p2b: Palafin\n|-status|p2b: Palafin|slp|[from] move: Spore\n|move|p2a: Amoonguss|Pollen Puff|p2b: Palafin\n|-heal|p2b: Palafin|100\/100 slp\n|\n|-damage|p1a: Arcanine|54\/100 brn|[from] brn\n|upkeep\n|turn|7\n|\n|t:|1682265961\n|move|p1a: Arcanine|Howl|p1a: Arcanine|[spread] p1a,p1b\n|-boost|p1a: Arcanine|atk|1\n|-boost|p1b: Amoonguss|atk|1\n|cant|p2b: Palafin|slp\n|move|p1b: Amoonguss|Pollen Puff|p1a: Arcanine\n|-heal|p1a: Arcanine|100\/100 brn\n|move|p2a: Amoonguss|Pollen Puff|p1a: Arcanine\n|-damage|p1a: Arcanine|81\/100 brn\n|\n|-damage|p1a: Arcanine|75\/100 brn|[from] brn\n|upkeep\n|turn|8\n|l| toilet friend\n|\n|t:|1682265996\n|move|p1a: Arcanine|Flare Blitz|p2a: Amoonguss\n|-supereffective|p2a: Amoonguss\n|-damage|p2a: Amoonguss|31\/100\n|-enditem|p2a: Amoonguss|Sitrus Berry|[eat]\n|-heal|p2a: Amoonguss|56\/100|[from] item: Sitrus Berry\n|-damage|p1a: Arcanine|49\/100 brn|[from] Recoil\n|cant|p2b: Palafin|slp\n|move|p1b: Amoonguss|Pollen Puff|p1a: Arcanine\n|-heal|p1a: Arcanine|98\/100 brn\n|move|p2a: Amoonguss|Pollen Puff|p1a: Arcanine\n|-crit|p1a: Arcanine\n|-damage|p1a: Arcanine|69\/100 brn\n|\n|-damage|p1a: Arcanine|63\/100 brn|[from] brn\n|upkeep\n|turn|9\n|l| rollacostavgc\n|\n|t:|1682266046\n|move|p2a: Amoonguss|Protect|p2a: Amoonguss\n|-singleturn|p2a: Amoonguss|Protect\n|move|p1b: Amoonguss|Rage Powder|p1b: Amoonguss\n|-singleturn|p1b: Amoonguss|move: Rage Powder\n|move|p1a: Arcanine|Flare Blitz|p2a: Amoonguss\n|-activate|p2a: Amoonguss|move: Protect\n|-curestatus|p2b: Palafin|slp|[msg]\n|move|p2b: Palafin|Wave Crash|p1b: Amoonguss\n|-resisted|p1b: Amoonguss\n|-damage|p1b: Amoonguss|49\/100\n|-enditem|p1b: Amoonguss|Sitrus Berry|[eat]\n|-heal|p1b: Amoonguss|74\/100|[from] item: Sitrus Berry\n|-damage|p2b: Palafin|88\/100|[from] Recoil\n|\n|-damage|p1a: Arcanine|56\/100 brn|[from] brn\n|upkeep\n|turn|10\n|\n|t:|1682266117\n|move|p2b: Palafin|Protect|p2b: Palafin\n|-singleturn|p2b: Palafin|Protect\n|move|p1b: Amoonguss|Rage Powder|p1b: Amoonguss\n|-singleturn|p1b: Amoonguss|move: Rage Powder\n|move|p1a: Arcanine|Flare Blitz|p2a: Amoonguss\n|-supereffective|p2a: Amoonguss\n|-damage|p2a: Amoonguss|0 fnt\n|faint|p2a: Amoonguss\n|-damage|p1a: Arcanine|36\/100 brn|[from] Recoil\n|\n|-damage|p1a: Arcanine|30\/100 brn|[from] brn\n|upkeep\n|turn|11\n|\n|t:|1682266135\n|move|p1a: Arcanine|Protect|p1a: Arcanine\n|-singleturn|p1a: Arcanine|Protect\n|move|p2b: Palafin|Haze|p2b: Palafin\n|-clearallboost\n|move|p1b: Amoonguss|Spore|p2b: Palafin\n|-status|p2b: Palafin|slp|[from] move: Spore\n|\n|-damage|p1a: Arcanine|24\/100 brn|[from] brn\n|upkeep\n|turn|12\n|\n|t:|1682266147\n|move|p1a: Arcanine|Extreme Speed|p2b: Palafin\n|-damage|p2b: Palafin|73\/100 slp\n|cant|p2b: Palafin|slp\n|move|p1b: Amoonguss|Pollen Puff|p1a: Arcanine\n|-heal|p1a: Arcanine|73\/100 brn\n|\n|-damage|p1a: Arcanine|67\/100 brn|[from] brn\n|upkeep\n|turn|13\n|\n|t:|1682266158\n|move|p1a: Arcanine|Extreme Speed|p2b: Palafin\n|-damage|p2b: Palafin|56\/100 slp\n|-curestatus|p2b: Palafin|slp|[msg]\n|move|p2b: Palafin|Wave Crash|p1a: Arcanine\n|-damage|p1a: Arcanine|0 fnt\n|faint|p1a: Arcanine\n|-damage|p2b: Palafin|35\/100|[from] Recoil\n|move|p1b: Amoonguss|Pollen Puff|p2b: Palafin\n|-damage|p2b: Palafin|19\/100\n|\n|upkeep\n|turn|14\n|j| rollacostavgc\n|\n|t:|1682266171\n|move|p2b: Palafin|Protect|p2b: Palafin\n|-singleturn|p2b: Palafin|Protect\n|move|p1b: Amoonguss|Pollen Puff|p2b: Palafin\n|-activate|p2b: Palafin|move: Protect\n|\n|upkeep\n|turn|15\n|\n|t:|1682266177\n|move|p2b: Palafin|Jet Punch|p1b: Amoonguss\n|-resisted|p1b: Amoonguss\n|-damage|p1b: Amoonguss|48\/100\n|move|p1b: Amoonguss|Pollen Puff|p2b: Palafin\n|-damage|p2b: Palafin|0 fnt\n|faint|p2b: Palafin\n|\n|win|momajun\n|l| rollacostavgc\n|l|+Eeveon7 \u2764\ufe0f\n|c|\u2606DisneyLando|gg\n|l| baaaaat_\n|l| Finabas\n|j|+Eeveon7 \u2764\ufe0f\n|l| rkd272\n|l|+Eeveon7 \u2764\ufe0f\n|l| JMOdri\n|j| Finabas\n|l| Svenvgc\n|j| Akram Hamdi\n|l| Finabas\n|l| Pd0nZ\n|l| Akram Hamdi\n|l| Orangex337\n|l| MSI2023\n|l| StrawberryPawmot\n|l| Aldrich\n|l| JeanMarc\n|j| Toxic Infidel\n","uploadtime":1682266184,"views":24,"p1id":"momajun","p2id":"disneylando","formatid":"gen9vgc2023regulationc","rating":0,"private":0,"password":""}