{"id":"gen9vgc2023regulationc-1862065381","p1":"charjabugfan","p2":"championx18","format":"[Gen 9] VGC 2023 Regulation C","log":"|j|\u2606charjabugfan\n|j|\u2606championx18\n|t:|1683833534\n|gametype|doubles\n|player|p1|charjabugfan|bugsy|1176\n|player|p2|championx18|101|1141\n|teamsize|p1|6\n|teamsize|p2|6\n|gen|9\n|tier|[Gen 9] VGC 2023 Regulation C\n|rated|\n|rule|Species Clause: Limit one of each Pok\u00e9mon\n|rule|Item Clause: Limit one of each item\n|clearpoke\n|poke|p1|Flutter Mane, L50|\n|poke|p1|Chi-Yu, L50|\n|poke|p1|Roaring Moon, L50|\n|poke|p1|Jumpluff, L50, F|\n|poke|p1|Wo-Chien, L50|\n|poke|p1|Torkoal, L50, F|\n|poke|p2|Kingambit, L50, M|\n|poke|p2|Dragonite, L50, F|\n|poke|p2|Abomasnow, L50, M|\n|poke|p2|Chi-Yu, L50|\n|poke|p2|Iron Bundle, L50|\n|poke|p2|Flutter Mane, L50|\n|teampreview|4\n|inactive|Battle timer is ON: inactive players will automatically lose when time's up. (requested by charjabugfan)\nchampionx18 has agreed to open team sheets.\n|inactive|championx18 has 60 seconds left.\n|\n|t:|1683833591\n|start\n|switch|p1a: Flutter Mane|Flutter Mane, L50|100\/100\n|switch|p1b: Wo-Chien|Wo-Chien, L50|100\/100\n|switch|p2a: Dragonite|Dragonite, L50, F|100\/100\n|switch|p2b: Chi-Yu|Chi-Yu, L50|100\/100\n|-ability|p2b: Chi-Yu|Beads of Ruin\n|-ability|p1b: Wo-Chien|Tablets of Ruin\n|turn|1\n|inactive|championx18 has 30 seconds left.\n|\n|t:|1683833620\n|move|p2b: Chi-Yu|Heat Wave|p1a: Flutter Mane|[spread] p1a,p1b\n|-supereffective|p1b: Wo-Chien\n|-damage|p1a: Flutter Mane|55\/100\n|-damage|p1b: Wo-Chien|30\/100\n|move|p2a: Dragonite|Tailwind|p2a: Dragonite\n|-sidestart|p2: championx18|move: Tailwind\n|move|p1b: Wo-Chien|Leaf Storm|p2b: Chi-Yu\n|-resisted|p2b: Chi-Yu\n|-damage|p2b: Chi-Yu|65\/100\n|-unboost|p1b: Wo-Chien|spa|2\n|-enditem|p1b: Wo-Chien|Eject Pack\n|\n|t:|1683833628\n|switch|p1b: Torkoal|Torkoal, L50, F|100\/100\n|-weather|SunnyDay|[from] ability: Drought|[of] p1b: Torkoal\n|-activate|p1a: Flutter Mane|ability: Protosynthesis\n|-start|p1a: Flutter Mane|protosynthesisspa\n|move|p1a: Flutter Mane|Trick Room|p1a: Flutter Mane\n|-fieldstart|move: Trick Room|[of] p1a: Flutter Mane\n|\n|-weather|SunnyDay|[upkeep]\n|upkeep\n|turn|2\n|inactive|championx18 has 30 seconds left.\n|inactive|championx18 has 20 seconds left.\n|\n|t:|1683833664\n|move|p2a: Dragonite|Extreme Speed|p1b: Torkoal\n|-damage|p1b: Torkoal|78\/100\n|move|p1b: Torkoal|Eruption|p2b: Chi-Yu|[spread] p2a,p2b\n|-resisted|p2a: Dragonite\n|-resisted|p2b: Chi-Yu\n|-damage|p2a: Dragonite|77\/100\n|-damage|p2b: Chi-Yu|13\/100\n|move|p1a: Flutter Mane|Dazzling Gleam|p2b: Chi-Yu|[spread] p2a,p2b\n|-supereffective|p2a: Dragonite\n|-crit|p2b: Chi-Yu\n|-damage|p2a: Dragonite|0 fnt\n|-damage|p2b: Chi-Yu|0 fnt\n|faint|p2a: Dragonite\n|faint|p2b: Chi-Yu\n|\n|-weather|SunnyDay|[upkeep]\n|upkeep\n|\n|t:|1683833673\n|switch|p2a: Aubameyang|Abomasnow, L50, M|100\/100\n|switch|p2b: Iron Bundle|Iron Bundle, L50|100\/100\n|-weather|Snow|[from] ability: Snow Warning|[of] p2a: Aubameyang\n|-end|p1a: Flutter Mane|Protosynthesis\n|turn|3\n|inactive|championx18 has 30 seconds left.\n|inactive|championx18 has 20 seconds left.\n|inactive|championx18 has 15 seconds left.\n|\n|t:|1683833715\n|switch|p1b: Wo-Chien|Wo-Chien, L50|30\/100\n|-ability|p1b: Wo-Chien|Tablets of Ruin\n|-terastallize|p2a: Aubameyang|Water\n|move|p1a: Flutter Mane|Substitute|p1a: Flutter Mane\n|-start|p1a: Flutter Mane|Substitute\n|-damage|p1a: Flutter Mane|30\/100\n|move|p2a: Aubameyang|Aurora Veil|p2a: Aubameyang\n|-sidestart|p2: championx18|move: Aurora Veil\n|move|p2b: Iron Bundle|Hydro Pump|p1a: Flutter Mane\n|-end|p1a: Flutter Mane|Substitute\n|\n|-weather|Snow|[upkeep]\n|upkeep\n|turn|4\n|\n|t:|1683833733\n|move|p1a: Flutter Mane|Dazzling Gleam|p2a: Aubameyang|[spread] p2a,p2b\n|-crit|p2b: Iron Bundle\n|-damage|p2a: Aubameyang|81\/100\n|-damage|p2b: Iron Bundle|25\/100\n|move|p1b: Wo-Chien|Pollen Puff|p1a: Flutter Mane\n|-heal|p1a: Flutter Mane|80\/100\n|move|p2a: Aubameyang|Blizzard|p1a: Flutter Mane|[spread] p1a,p1b\n|-supereffective|p1b: Wo-Chien\n|-damage|p1a: Flutter Mane|50\/100\n|-damage|p1b: Wo-Chien|0 fnt\n|faint|p1b: Wo-Chien\n|move|p2b: Iron Bundle|Hydro Pump|p1a: Flutter Mane|[miss]\n|-miss|p2b: Iron Bundle|p1a: Flutter Mane\n|\n|-weather|Snow|[upkeep]\n|-sideend|p2: championx18|move: Tailwind\n|upkeep\n|\n|t:|1683833741\n|switch|p1b: Torkoal|Torkoal, L50, F|78\/100\n|-weather|SunnyDay|[from] ability: Drought|[of] p1b: Torkoal\n|-activate|p1a: Flutter Mane|ability: Protosynthesis\n|-start|p1a: Flutter Mane|protosynthesisspa\n|turn|5\n|\n|t:|1683833760\n|-terastallize|p1b: Torkoal|Fire\n|move|p1b: Torkoal|Eruption|p2b: Iron Bundle|[spread] p2a,p2b\n|-resisted|p2a: Aubameyang\n|-damage|p2a: Aubameyang|43\/100\n|-damage|p2b: Iron Bundle|0 fnt\n|-enditem|p2a: Aubameyang|Sitrus Berry|[eat]\n|-heal|p2a: Aubameyang|68\/100|[from] item: Sitrus Berry\n|faint|p2b: Iron Bundle\n|-end|p2b: Iron Bundle|Quark Drive|[silent]\n|move|p1a: Flutter Mane|Dazzling Gleam|p2a: Aubameyang\n|-damage|p2a: Aubameyang|33\/100\n|move|p2a: Aubameyang|Blizzard|p1a: Flutter Mane|[spread] p1a,p1b\n|-resisted|p1b: Torkoal\n|-damage|p1a: Flutter Mane|18\/100\n|-damage|p1b: Torkoal|56\/100\n|\n|-weather|SunnyDay|[upkeep]\n|-fieldend|move: Trick Room\n|upkeep\n|turn|6\n|\n|t:|1683833772\n|move|p2a: Aubameyang|Blizzard|p1a: Flutter Mane|[spread] p1a,p1b\n|-resisted|p1b: Torkoal\n|-damage|p1a: Flutter Mane|0 fnt\n|-damage|p1b: Torkoal|32\/100\n|faint|p1a: Flutter Mane\n|-end|p1a: Flutter Mane|Protosynthesis|[silent]\n|move|p1b: Torkoal|Eruption|p2a: Aubameyang\n|-resisted|p2a: Aubameyang\n|-damage|p2a: Aubameyang|13\/100\n|\n|-weather|SunnyDay|[upkeep]\n|upkeep\n|\n|t:|1683833776\n|switch|p1a: Chi-Yu|Chi-Yu, L50|100\/100\n|-ability|p1a: Chi-Yu|Beads of Ruin\n|turn|7\n|\n|t:|1683833780\n|move|p1a: Chi-Yu|Dark Pulse|p2a: Aubameyang\n|-damage|p2a: Aubameyang|0 fnt\n|faint|p2a: Aubameyang\n|\n|win|charjabugfan\n|raw|charjabugfan's rating: 1176 → 1198<\/strong> (+22 for winning)\n|raw|championx18's rating: 1141 → 1119<\/strong> (-22 for losing)\n","uploadtime":1683833785,"views":16,"p1id":"charjabugfan","p2id":"championx18","formatid":"gen9vgc2023regulationc","rating":1119,"private":0,"password":""}