{"id":"gen9vgc2023regulationc-1852932096","p1":"Garompa fan","p2":"haburasigosi","format":"[Gen 9] VGC 2023 Regulation C","log":"|j|\u2606Garompa fan\n|j|\u2606haburasigosi\n|t:|1682618371\n|gametype|doubles\n|player|p1|Garompa fan|pokemaniac|1541\n|player|p2|haburasigosi|170|1436\n|teamsize|p1|6\n|teamsize|p2|6\n|gen|9\n|tier|[Gen 9] VGC 2023 Regulation C\n|rated|\n|rule|Species Clause: Limit one of each Pok\u00e9mon\n|rule|Item Clause: Limit one of each item\n|clearpoke\n|poke|p1|Palafin, L50, F|\n|poke|p1|Arcanine, L50, M|\n|poke|p1|Flutter Mane, L50|\n|poke|p1|Kingambit, L50, M|\n|poke|p1|Amoonguss, L50, M|\n|poke|p1|Dragonite, L50, M|\n|poke|p2|Amoonguss, L50, M|\n|poke|p2|Gholdengo, L50|\n|poke|p2|Chi-Yu, L50|\n|poke|p2|Flutter Mane, L50|\n|poke|p2|Grimmsnarl, L50, M|\n|poke|p2|Palafin, L50, F|\n|teampreview|4\n|\n|t:|1682618397\n|start\n|switch|p1a: Palafin|Palafin, L50, F|100\/100\n|switch|p1b: Kingambit|Kingambit, L50, M|100\/100\n|switch|p2a: Grimmsnarl|Grimmsnarl, L50, M|100\/100\n|switch|p2b: Gholdengo|Gholdengo, L50|100\/100\n|turn|1\n|\n|t:|1682618412\n|detailschange|p1a: Palafin|Palafin-Hero, L50, F\n|switch|p1a: Dragonite|Dragonite, L50, M|100\/100\n|-terastallize|p2b: Gholdengo|Water\n|move|p2a: Grimmsnarl|Reflect|p2a: Grimmsnarl\n|-sidestart|p2: haburasigosi|Reflect\n|move|p2b: Gholdengo|Nasty Plot|p2b: Gholdengo\n|-boost|p2b: Gholdengo|spa|2\n|move|p1b: Kingambit|Swords Dance|p1b: Kingambit\n|-boost|p1b: Kingambit|atk|2\n|\n|upkeep\n|turn|2\n|\n|t:|1682618434\n|-terastallize|p1b: Kingambit|Dark\n|move|p1a: Dragonite|Extreme Speed|p2b: Gholdengo\n|-damage|p2b: Gholdengo|82\/100\n|move|p2a: Grimmsnarl|Parting Shot|p1a: Dragonite\n|-unboost|p1a: Dragonite|atk|1\n|-unboost|p1a: Dragonite|spa|1\n|\n|t:|1682618442\n|switch|p2a: Palafin|Palafin, L50, F|100\/100|[from] Parting Shot\n|move|p2b: Gholdengo|Make It Rain|p1a: Dragonite|[spread] p1a,p1b\n|-damage|p1a: Dragonite|74\/100\n|-damage|p1b: Kingambit|25\/100\n|-unboost|p2b: Gholdengo|spa|1\n|move|p1b: Kingambit|Kowtow Cleave|p2b: Gholdengo\n|-damage|p2b: Gholdengo|8\/100\n|\n|-heal|p2b: Gholdengo|14\/100|[from] item: Leftovers\n|upkeep\n|turn|3\n|\n|t:|1682618466\n|detailschange|p2a: Palafin|Palafin-Hero, L50, F\n|switch|p2a: Grimmsnarl|Grimmsnarl, L50, M|100\/100\n|switch|p1a: Palafin|Palafin-Hero, L50, F|100\/100\n|-activate|p1a: Palafin|ability: Zero to Hero\n|move|p2b: Gholdengo|Protect|p2b: Gholdengo\n|-singleturn|p2b: Gholdengo|Protect\n|move|p1b: Kingambit|Protect||[still]\n|-fail|p1b: Kingambit\n|\n|-heal|p2b: Gholdengo|21\/100|[from] item: Leftovers\n|upkeep\n|turn|4\n|\n|t:|1682618485\n|switch|p2b: Amoonguss|Amoonguss, L50, M|100\/100\n|move|p2a: Grimmsnarl|Parting Shot|p1a: Palafin\n|-unboost|p1a: Palafin|atk|1\n|-unboost|p1a: Palafin|spa|1\n|\n|t:|1682618491\n|switch|p2a: Palafin|Palafin-Hero, L50, F|100\/100|[from] Parting Shot\n|-activate|p2a: Palafin|ability: Zero to Hero\n|move|p1b: Kingambit|Sucker Punch||[still]\n|-fail|p1b: Kingambit\n|move|p1a: Palafin|Wave Crash|p2b: Amoonguss\n|-resisted|p2b: Amoonguss\n|-damage|p2b: Amoonguss|85\/100\n|-damage|p1a: Palafin|95\/100|[from] Recoil\n|\n|upkeep\n|turn|5\n|\n|t:|1682618506\n|switch|p1a: Arcanine|Arcanine, L50, M|100\/100\n|-ability|p1a: Arcanine|Intimidate|boost\n|-unboost|p2a: Palafin|atk|1\n|-unboost|p2b: Amoonguss|atk|1\n|move|p1b: Kingambit|Protect|p1b: Kingambit\n|-singleturn|p1b: Kingambit|Protect\n|move|p2a: Palafin|Jet Punch|p1b: Kingambit\n|-activate|p1b: Kingambit|move: Protect\n|move|p2b: Amoonguss|Spore|p1a: Arcanine\n|-activate|p1a: Arcanine|item: Safety Goggles|Spore\n|\n|upkeep\n|turn|6\n|\n|t:|1682618527\n|switch|p2a: Gholdengo|Gholdengo, L50, tera:Water|21\/100\n|switch|p2b: Grimmsnarl|Grimmsnarl, L50, M|100\/100\n|move|p1a: Arcanine|Will-O-Wisp|p2a: Gholdengo\n|-immune|p2a: Gholdengo|[from] ability: Good as Gold\n|move|p1b: Kingambit|Kowtow Cleave|p2a: Gholdengo\n|-damage|p2a: Gholdengo|0 fnt\n|faint|p2a: Gholdengo\n|\n|upkeep\n|\n|t:|1682618542\n|switch|p2a: Palafin|Palafin-Hero, L50, F|100\/100\n|turn|7\n|\n|t:|1682618558\n|switch|p1a: Dragonite|Dragonite, L50, M|74\/100\n|move|p1b: Kingambit|Protect|p1b: Kingambit\n|-singleturn|p1b: Kingambit|Protect\n|move|p2a: Palafin|Wave Crash|p1a: Dragonite\n|-resisted|p1a: Dragonite\n|-damage|p1a: Dragonite|36\/100\n|-damage|p2a: Palafin|89\/100|[from] Recoil\n|move|p2b: Grimmsnarl|Spirit Break|p1b: Kingambit\n|-activate|p1b: Kingambit|move: Protect\n|\n|upkeep\n|turn|8\n|\n|t:|1682618581\n|switch|p1a: Arcanine|Arcanine, L50, M|100\/100\n|-ability|p1a: Arcanine|Intimidate|boost\n|-unboost|p2a: Palafin|atk|1\n|-unboost|p2b: Grimmsnarl|atk|1\n|move|p2a: Palafin|Jet Punch|p1b: Kingambit\n|-damage|p1b: Kingambit|3\/100\n|move|p2b: Grimmsnarl|Parting Shot|p1a: Arcanine\n|-unboost|p1a: Arcanine|atk|1\n|-unboost|p1a: Arcanine|spa|1\n|\n|t:|1682618590\n|switch|p2b: Amoonguss|Amoonguss, L50, M|100\/100|[from] Parting Shot\n|move|p1b: Kingambit|Kowtow Cleave|p2a: Palafin\n|-damage|p2a: Palafin|8\/100\n|-enditem|p2a: Palafin|Figy Berry|[eat]\n|-heal|p2a: Palafin|41\/100|[from] item: Figy Berry\n|\n|-sideend|p2: haburasigosi|Reflect\n|upkeep\n|turn|9\n|\n|t:|1682618604\n|move|p1a: Arcanine|Extreme Speed|p2a: Palafin\n|-damage|p2a: Palafin|28\/100\n|move|p2a: Palafin|Wave Crash|p1a: Arcanine\n|-supereffective|p1a: Arcanine\n|-damage|p1a: Arcanine|8\/100\n|-damage|p2a: Palafin|0 fnt|[from] Recoil\n|faint|p2a: Palafin\n|move|p1b: Kingambit|Kowtow Cleave|p2b: Amoonguss\n|-damage|p2b: Amoonguss|0 fnt\n|faint|p2b: Amoonguss\n|\n|upkeep\n|-message|haburasigosi forfeited.\n|\n|win|Garompa fan\n|raw|Garompa fan's rating: 1541 → 1555<\/strong> (+14 for winning)\n|raw|haburasigosi's rating: 1436 → 1422<\/strong> (-14 for losing)\n|l|\u2606haburasigosi\n","uploadtime":1682618635,"views":6,"p1id":"garompafan","p2id":"haburasigosi","formatid":"gen9vgc2023regulationc","rating":1422,"private":0,"password":""}