{"id":"gen9vgc2023regulationc-1853247810","p1":"LasermanZ111","p2":"WTFisThisEffinTeam","format":"[Gen 9] VGC 2023 Regulation C","log":"|j|\u2606LasermanZ111\n|j|\u2606WTFisThisEffinTeam\n|t:|1682654493\n|gametype|doubles\n|player|p1|LasermanZ111|ash|1309\n|player|p2|WTFisThisEffinTeam|striker|1393\n|teamsize|p1|6\n|teamsize|p2|6\n|gen|9\n|tier|[Gen 9] VGC 2023 Regulation C\n|rated|\n|rule|Species Clause: Limit one of each Pok\u00e9mon\n|rule|Item Clause: Limit one of each item\n|clearpoke\n|poke|p1|Flutter Mane, L50|\n|poke|p1|Chi-Yu, L50|\n|poke|p1|Gyarados, L50, M|\n|poke|p1|Amoonguss, L50, M|\n|poke|p1|Baxcalibur, L50, M|\n|poke|p1|Iron Hands, L50|\n|poke|p2|Mimikyu, L50, M|\n|poke|p2|Gastrodon, L50, M|\n|poke|p2|Gothitelle, L50, F|\n|poke|p2|Iron Valiant, L50|\n|poke|p2|Ting-Lu, L50|\n|poke|p2|Hatterene, L50, F|\n|teampreview|4\nLasermanZ111 has agreed to open team sheets.\n|inactive|Battle timer is ON: inactive players will automatically lose when time's up. (requested by WTFisThisEffinTeam)\n|inactive|LasermanZ111 has 60 seconds left.\n|inactive|LasermanZ111 has 30 seconds left.\n|inactive|LasermanZ111 has 20 seconds left.\n|inactive|LasermanZ111 has 15 seconds left.\n|\n|t:|1682654594\n|start\n|switch|p1a: Chi-Yu|Chi-Yu, L50|100\/100\n|switch|p1b: Flutter Mane|Flutter Mane, L50|100\/100\n|switch|p2a: Mimikyu|Mimikyu, L50, M|100\/100\n|switch|p2b: Iron Valiant|Iron Valiant, L50, shiny|100\/100\n|-ability|p1a: Chi-Yu|Beads of Ruin\n|-enditem|p1b: Flutter Mane|Booster Energy\n|-activate|p1b: Flutter Mane|ability: Protosynthesis|[fromitem]\n|-start|p1b: Flutter Mane|protosynthesisspe\n|turn|1\n|inactive|LasermanZ111 has 30 seconds left.\n|inactive|LasermanZ111 has 20 seconds left.\n|inactive|LasermanZ111 has 15 seconds left.\n|\n|t:|1682654636\n|switch|p1a: Gyarados|Gyarados, L50, M, shiny|100\/100\n|-ability|p1a: Gyarados|Intimidate|boost\n|-unboost|p2a: Mimikyu|atk|1\n|-unboost|p2b: Iron Valiant|atk|1\n|-terastallize|p1b: Flutter Mane|Fairy\n|move|p2b: Iron Valiant|Wide Guard|p2b: Iron Valiant\n|-singleturn|p2b: Iron Valiant|Wide Guard\n|move|p2a: Mimikyu|Shadow Sneak|p1b: Flutter Mane\n|-damage|p1b: Flutter Mane|83\/100\n|move|p1b: Flutter Mane|Moonblast|p2b: Iron Valiant\n|-supereffective|p2b: Iron Valiant\n|-enditem|p2b: Iron Valiant|Focus Sash\n|-damage|p2b: Iron Valiant|1\/100\n|-unboost|p2b: Iron Valiant|spa|1\n|\n|upkeep\n|turn|2\n|inactive|LasermanZ111 has 30 seconds left.\n|inactive|WTFisThisEffinTeam has 30 seconds left.\n|inactive|LasermanZ111 has 20 seconds left.\n|\n|t:|1682654673\n|move|p1b: Flutter Mane|Icy Wind|p2b: Iron Valiant|[spread] p2a,p2b\n|-activate|p2a: Mimikyu|ability: Disguise\n|-damage|p2a: Mimikyu|100\/100\n|-damage|p2b: Iron Valiant|0 fnt\n|-unboost|p2a: Mimikyu|spe|1\n|detailschange|p2a: Mimikyu|Mimikyu-Busted, L50, M\n|-damage|p2a: Mimikyu|88\/100|[from] pokemon: Mimikyu-Busted\n|faint|p2b: Iron Valiant\n|-end|p2b: Iron Valiant|Quark Drive|[silent]\n|move|p1a: Gyarados|Iron Head|p2a: Mimikyu\n|-supereffective|p2a: Mimikyu\n|-damage|p2a: Mimikyu|15\/100\n|move|p2a: Mimikyu|Trick Room|p2a: Mimikyu\n|-fieldstart|move: Trick Room|[of] p2a: Mimikyu\n|\n|upkeep\n|\n|t:|1682654688\n|switch|p2b: Hatterene|Hatterene, L50, F|100\/100\n|turn|3\n|inactive|LasermanZ111 has 30 seconds left.\n|\n|t:|1682654719\n|switch|p2a: Gastrodon|Gastrodon, L50, M|100\/100\n|-terastallize|p2b: Hatterene|Fire\n|move|p1b: Flutter Mane|Protect|p1b: Flutter Mane\n|-singleturn|p1b: Flutter Mane|Protect\n|move|p2b: Hatterene|Calm Mind|p2b: Hatterene\n|-boost|p2b: Hatterene|spa|1\n|-boost|p2b: Hatterene|spd|1\n|move|p1a: Gyarados|Iron Head|p2a: Gastrodon\n|-resisted|p2a: Gastrodon\n|-damage|p2a: Gastrodon|86\/100\n|\n|upkeep\n|turn|4\n|inactive|LasermanZ111 has 30 seconds left.\n|\n|t:|1682654750\n|move|p2b: Hatterene|Dazzling Gleam|p1b: Flutter Mane|[spread] p1a,p1b\n|-damage|p1a: Gyarados|40\/100\n|-damage|p1b: Flutter Mane|15\/100\n|-damage|p2b: Hatterene|91\/100|[from] item: Life Orb\n|move|p2a: Gastrodon|Earth Power|p1b: Flutter Mane\n|-damage|p1b: Flutter Mane|0 fnt\n|faint|p1b: Flutter Mane\n|-end|p1b: Flutter Mane|Protosynthesis|[silent]\n|move|p1a: Gyarados|Taunt|p2a: Gastrodon\n|-start|p2a: Gastrodon|move: Taunt\n|\n|upkeep\n|inactive|LasermanZ111 has 30 seconds left.\n|\n|t:|1682654785\n|switch|p1b: Chi-Yu|Chi-Yu, L50|100\/100\n|-ability|p1b: Chi-Yu|Beads of Ruin\n|turn|5\n|\n|t:|1682654810\n|move|p1b: Chi-Yu|Protect|p1b: Chi-Yu\n|-singleturn|p1b: Chi-Yu|Protect\n|move|p2b: Hatterene|Dazzling Gleam|p1b: Chi-Yu|[spread] p1a\n|-activate|p1b: Chi-Yu|move: Protect\n|-damage|p1a: Gyarados|0 fnt\n|faint|p1a: Gyarados\n|-damage|p2b: Hatterene|81\/100|[from] item: Life Orb\n|move|p2a: Gastrodon|Earth Power|p1b: Chi-Yu\n|-activate|p1b: Chi-Yu|move: Protect\n|\n|upkeep\n|\n|t:|1682654821\n|switch|p1a: Baxcalibur|Baxcalibur, L50, M|100\/100\n|turn|6\n|\n|t:|1682654838\n|move|p1a: Baxcalibur|Protect|p1a: Baxcalibur\n|-singleturn|p1a: Baxcalibur|Protect\n|move|p1b: Chi-Yu|Protect||[still]\n|-fail|p1b: Chi-Yu\n|move|p2b: Hatterene|Psyshock|p1a: Baxcalibur\n|-activate|p1a: Baxcalibur|move: Protect\n|move|p2a: Gastrodon|Earth Power|p1b: Chi-Yu\n|-supereffective|p1b: Chi-Yu\n|-damage|p1b: Chi-Yu|21\/100\n|\n|-fieldend|move: Trick Room\n|upkeep\n|turn|7\n|inactive|LasermanZ111 has 30 seconds left.\n|\n|t:|1682654865\n|move|p1b: Chi-Yu|Dark Pulse|p2b: Hatterene\n|-damage|p2b: Hatterene|36\/100\n|move|p1a: Baxcalibur|Glaive Rush|p2b: Hatterene\n|-damage|p2b: Hatterene|0 fnt\n|-singlemove|p1a: Baxcalibur|Glaive Rush|[silent]\n|faint|p2b: Hatterene\n|move|p2a: Gastrodon|Earth Power|p1a: Baxcalibur\n|-damage|p1a: Baxcalibur|10\/100\n|\n|-end|p2a: Gastrodon|move: Taunt\n|upkeep\n|\n|t:|1682654875\n|switch|p2b: Mimikyu|Mimikyu-Busted, L50, M|15\/100\n|turn|8\n|\n|t:|1682654887\n|move|p1a: Baxcalibur|Ice Shard|p2b: Mimikyu\n|-damage|p2b: Mimikyu|0 fnt\n|faint|p2b: Mimikyu\n|move|p1b: Chi-Yu|Dark Pulse|p2a: Gastrodon\n|-damage|p2a: Gastrodon|31\/100\n|move|p2a: Gastrodon|Earth Power|p1b: Chi-Yu\n|-supereffective|p1b: Chi-Yu\n|-damage|p1b: Chi-Yu|0 fnt\n|faint|p1b: Chi-Yu\n|\n|upkeep\n|turn|9\n|\n|t:|1682654896\n|move|p1a: Baxcalibur|Glaive Rush|p2a: Gastrodon\n|-damage|p2a: Gastrodon|0 fnt\n|-singlemove|p1a: Baxcalibur|Glaive Rush|[silent]\n|faint|p2a: Gastrodon\n|\n|win|LasermanZ111\n|raw|LasermanZ111's rating: 1309 → 1334<\/strong> (+25 for winning)\n|raw|WTFisThisEffinTeam's rating: 1393 → 1368<\/strong> (-25 for losing)\n|l|\u2606WTFisThisEffinTeam\n","uploadtime":1682654902,"views":10,"p1id":"lasermanz111","p2id":"wtfisthiseffinteam","formatid":"gen9vgc2023regulationc","rating":1334,"private":0,"password":""}