{"id":"gen9vgc2023regulationc-1848164371","p1":"HildaisViscous","p2":"enelson5","format":"[Gen 9] VGC 2023 Regulation C","log":"|j|\u203dHildaisViscous\n|j|\u2606enelson5\n|t:|1682037311\n|gametype|doubles\n|player|p1|HildaisViscous|hilda-wonderlauncher|1124\n|player|p2|enelson5|101|1159\n|teamsize|p1|6\n|teamsize|p2|6\n|gen|9\n|tier|[Gen 9] VGC 2023 Regulation C\n|rated|\n|rule|Species Clause: Limit one of each Pok\u00e9mon\n|rule|Item Clause: Limit one of each item\n|clearpoke\n|poke|p1|Garchomp, L50, F|\n|poke|p1|Salamence, L50, M|\n|poke|p1|Revavroom, L50, F|\n|poke|p1|Gyarados, L50, F|\n|poke|p1|Iron Valiant, L50|\n|poke|p1|Tinkaton, L50, F|\n|poke|p2|Gyarados, L50, F|\n|poke|p2|Flutter Mane, L50|\n|poke|p2|Amoonguss, L50, F|\n|poke|p2|Garchomp, L50, F|\n|poke|p2|Corviknight, L50, M|\n|poke|p2|Chien-Pao, L50|\n|teampreview|4\n|\n|t:|1682037365\n|start\n|switch|p1a: Tinkaton|Tinkaton, L50, F|100\/100\n|switch|p1b: Salamence|Salamence, L50, M|100\/100\n|switch|p2a: Corviknight|Corviknight, L50, M|100\/100\n|switch|p2b: Gyarados|Gyarados, L50, F|100\/100\n|-ability|p1a: Tinkaton|Mold Breaker\n|-ability|p1b: Salamence|Intimidate|boost\n|-ability|p2a: Corviknight|Mirror Armor\n|-unboost|p1b: Salamence|atk|1\n|-unboost|p2b: Gyarados|atk|1\n|-ability|p2b: Gyarados|Intimidate|boost\n|-fail|p1a: Tinkaton|unboost|[from] item: Clear Amulet|[of] p1a: Tinkaton\n|-unboost|p1b: Salamence|atk|1\n|turn|1\n|\n|t:|1682037391\n|move|p1a: Tinkaton|Fake Tears|p2b: Gyarados\n|-unboost|p2b: Gyarados|spd|2\n|move|p1b: Salamence|Draco Meteor|p2b: Gyarados\n|-damage|p2b: Gyarados|25\/100\n|-unboost|p1b: Salamence|spa|2\n|move|p2b: Gyarados|Thunder Wave|p1a: Tinkaton\n|-status|p1a: Tinkaton|par\n|move|p2a: Corviknight|Iron Head|p1b: Salamence\n|-damage|p1b: Salamence|58\/100\n|\n|upkeep\n|turn|2\n|\n|t:|1682037419\n|move|p2b: Gyarados|Protect|p2b: Gyarados\n|-singleturn|p2b: Gyarados|Protect\n|move|p1b: Salamence|Rock Slide|p2a: Corviknight|[spread] p2a\n|-activate|p2b: Gyarados|move: Protect\n|-crit|p2a: Corviknight\n|-damage|p2a: Corviknight|73\/100\n|move|p2a: Corviknight|Iron Head|p1b: Salamence\n|-damage|p1b: Salamence|20\/100\n|move|p1a: Tinkaton|Rock Slide|p2b: Gyarados|[spread] p2a\n|-activate|p2b: Gyarados|move: Protect\n|-damage|p2a: Corviknight|65\/100\n|\n|upkeep\n|turn|3\n|\n|t:|1682037445\n|switch|p1b: Gyarados|Gyarados, L50, F|100\/100\n|-ability|p1b: Gyarados|Intimidate|boost\n|-ability|p2a: Corviknight|Mirror Armor\n|-unboost|p1b: Gyarados|atk|1\n|-unboost|p2b: Gyarados|atk|1\n|move|p2b: Gyarados|Waterfall|p1a: Tinkaton\n|-damage|p1a: Tinkaton|81\/100 par\n|move|p2a: Corviknight|Iron Head|p1b: Gyarados\n|-resisted|p1b: Gyarados\n|-damage|p1b: Gyarados|84\/100\n|move|p1a: Tinkaton|Rock Slide|p2a: Corviknight|[spread] p2a,p2b\n|-supereffective|p2b: Gyarados\n|-damage|p2a: Corviknight|56\/100\n|-damage|p2b: Gyarados|8\/100\n|\n|upkeep\n|turn|4\n|\n|t:|1682037472\n|move|p2b: Gyarados|Protect|p2b: Gyarados\n|-singleturn|p2b: Gyarados|Protect\n|move|p1b: Gyarados|Taunt|p2b: Gyarados\n|-activate|p2b: Gyarados|move: Protect\n|move|p2a: Corviknight|Brave Bird|p1b: Gyarados\n|-damage|p1b: Gyarados|36\/100\n|-enditem|p1b: Gyarados|Sitrus Berry|[eat]\n|-heal|p1b: Gyarados|61\/100|[from] item: Sitrus Berry\n|-damage|p2a: Corviknight|40\/100|[from] Recoil\n|move|p1a: Tinkaton|Fake Tears|p2a: Corviknight\n|-unboost|p2a: Corviknight|spd|2\n|\n|upkeep\n|turn|5\n|\n|t:|1682037489\n|move|p1b: Gyarados|Waterfall|p2a: Corviknight\n|-damage|p2a: Corviknight|21\/100\n|move|p2b: Gyarados|Waterfall|p1a: Tinkaton\n|-damage|p1a: Tinkaton|62\/100 par\n|move|p2a: Corviknight|Brave Bird|p1b: Gyarados\n|-damage|p1b: Gyarados|11\/100\n|-damage|p2a: Corviknight|5\/100|[from] Recoil\n|move|p1a: Tinkaton|Rock Slide|p2b: Gyarados|[spread] p2a,p2b\n|-supereffective|p2b: Gyarados\n|-damage|p2a: Corviknight|0 fnt\n|-damage|p2b: Gyarados|0 fnt\n|faint|p2a: Corviknight\n|faint|p2b: Gyarados\n|\n|upkeep\n|\n|t:|1682037507\n|switch|p2b: Flutter Mane|Flutter Mane, L50|100\/100\n|switch|p2a: Garchomp|Garchomp, L50, F|100\/100\n|-enditem|p2b: Flutter Mane|Booster Energy\n|-activate|p2b: Flutter Mane|ability: Protosynthesis|[fromitem]\n|-start|p2b: Flutter Mane|protosynthesisspe\n|turn|6\n|\n|t:|1682037524\n|-terastallize|p1a: Tinkaton|Fairy\n|move|p2b: Flutter Mane|Protect|p2b: Flutter Mane\n|-singleturn|p2b: Flutter Mane|Protect\n|move|p2a: Garchomp|Rock Slide|p1a: Tinkaton|[spread] p1a,p1b\n|-supereffective|p1b: Gyarados\n|-damage|p1a: Tinkaton|38\/100 par\n|-damage|p1b: Gyarados|0 fnt\n|faint|p1b: Gyarados\n|cant|p1a: Tinkaton|flinch\n|\n|upkeep\n|\n|t:|1682037532\n|switch|p1b: Iron Valiant|Iron Valiant, L50|100\/100\n|-enditem|p1b: Iron Valiant|Booster Energy\n|-activate|p1b: Iron Valiant|ability: Quark Drive|[fromitem]\n|-start|p1b: Iron Valiant|quarkdrivespe\n|turn|7\n|\n|t:|1682037551\n|-terastallize|p2a: Garchomp|Ground\n|move|p2b: Flutter Mane|Shadow Ball|p1b: Iron Valiant\n|-damage|p1b: Iron Valiant|27\/100\n|move|p1b: Iron Valiant|Moonblast|p2a: Garchomp\n|-damage|p2a: Garchomp|51\/100\n|move|p2a: Garchomp|Rock Slide|p1a: Tinkaton|[spread] p1a,p1b\n|-resisted|p1b: Iron Valiant\n|-damage|p1a: Tinkaton|14\/100 par\n|-damage|p1b: Iron Valiant|15\/100\n|move|p1a: Tinkaton|Gigaton Hammer|p2b: Flutter Mane\n|-supereffective|p2b: Flutter Mane\n|-damage|p2b: Flutter Mane|0 fnt\n|faint|p2b: Flutter Mane\n|-end|p2b: Flutter Mane|Protosynthesis|[silent]\n|\n|upkeep\n|turn|8\n|\n|t:|1682037572\n|move|p1b: Iron Valiant|Protect|p1b: Iron Valiant\n|-singleturn|p1b: Iron Valiant|Protect\n|move|p2a: Garchomp|Earthquake|p1b: Iron Valiant|[spread] p1a\n|-activate|p1b: Iron Valiant|move: Protect\n|-damage|p1a: Tinkaton|0 fnt\n|faint|p1a: Tinkaton\n|\n|upkeep\n|\n|t:|1682037578\n|switch|p1a: Salamence|Salamence, L50, M|20\/100\n|-ability|p1a: Salamence|Intimidate|boost\n|-fail|p2a: Garchomp|unboost|[from] item: Clear Amulet|[of] p2a: Garchomp\n|turn|9\n|\n|t:|1682037591\n|move|p1b: Iron Valiant|Moonblast|p2a: Garchomp\n|-crit|p2a: Garchomp\n|-damage|p2a: Garchomp|0 fnt\n|faint|p2a: Garchomp\n|\n|win|HildaisViscous\n|raw|HildaisViscous's rating: 1124 → 1152<\/strong> (+28 for winning)\n|raw|enelson5's rating: 1159 → 1131<\/strong> (-28 for losing)\n","uploadtime":1682037600,"views":6,"p1id":"hildaisviscous","p2id":"enelson5","formatid":"gen9vgc2023regulationc","rating":1131,"private":0,"password":""}