{"id":"gen9vgc2023regulationc-1856523223","p1":"vrumvrumnatal","p2":"carlosaurio326","format":"[Gen 9] VGC 2023 Regulation C","log":"|j|\u2606vrumvrumnatal\n|j|\u2606carlosaurio326\n|t:|1683071327\n|gametype|doubles\n|player|p1|vrumvrumnatal|2|1232\n|player|p2|carlosaurio326|1|1312\n|teamsize|p1|6\n|teamsize|p2|6\n|gen|9\n|tier|[Gen 9] VGC 2023 Regulation C\n|rated|\n|rule|Species Clause: Limit one of each Pok\u00e9mon\n|rule|Item Clause: Limit one of each item\n|clearpoke\n|poke|p1|Chien-Pao, L50|\n|poke|p1|Dragonite, L50, M|\n|poke|p1|Kingambit, L50, M|\n|poke|p1|Gyarados, L50, M|\n|poke|p1|Great Tusk, L50|\n|poke|p1|Flutter Mane, L50|\n|poke|p2|Gholdengo, L50|\n|poke|p2|Sandy Shocks, L50|\n|poke|p2|Palafin, L50, F|\n|poke|p2|Volcarona, L50, M|\n|poke|p2|Wo-Chien, L50|\n|poke|p2|Pelipper, L50, M|\n|teampreview|4\n|inactive|Battle timer is ON: inactive players will automatically lose when time's up. (requested by carlosaurio326)\n|\n|t:|1683071361\n|start\n|switch|p1a: Dragonite|Dragonite, L50, M|100\/100\n|switch|p1b: Chien-Pao|Chien-Pao, L50|100\/100\n|switch|p2a: Gholdengo|Gholdengo, L50|100\/100\n|switch|p2b: Sandy Shocks|Sandy Shocks, L50|100\/100\n|-ability|p1b: Chien-Pao|Sword of Ruin\n|-enditem|p2b: Sandy Shocks|Booster Energy\n|-activate|p2b: Sandy Shocks|ability: Protosynthesis|[fromitem]\n|-start|p2b: Sandy Shocks|protosynthesisspe\n|turn|1\n|inactive|vrumvrumnatal has 30 seconds left.\n|inactive|carlosaurio326 has 30 seconds left.\n|\n|t:|1683071394\n|-end|p2b: Sandy Shocks|Protosynthesis|[silent]\n|switch|p2b: Wo-Chien|Wo-Chien, L50|100\/100\n|-ability|p2b: Wo-Chien|Tablets of Ruin\n|move|p2a: Gholdengo|Make It Rain|p1a: Dragonite|[spread] p1a,p1b\n|-supereffective|p1b: Chien-Pao\n|-damage|p1a: Dragonite|80\/100\n|-enditem|p1b: Chien-Pao|Focus Sash\n|-damage|p1b: Chien-Pao|1\/100\n|-unboost|p2a: Gholdengo|spa|1\n|move|p1b: Chien-Pao|Ice Spinner|p2b: Wo-Chien\n|-supereffective|p2b: Wo-Chien\n|-damage|p2b: Wo-Chien|40\/100\n|move|p1a: Dragonite|Tailwind|p1a: Dragonite\n|-sidestart|p1: vrumvrumnatal|move: Tailwind\n|\n|-heal|p2b: Wo-Chien|46\/100|[from] item: Leftovers\n|upkeep\n|turn|2\n|inactive|carlosaurio326 has 30 seconds left.\n|\n|t:|1683071421\n|-terastallize|p1a: Dragonite|Flying\n|-terastallize|p2b: Wo-Chien|Poison\n|move|p1b: Chien-Pao|Sucker Punch|p2a: Gholdengo\n|-supereffective|p2a: Gholdengo\n|-damage|p2a: Gholdengo|16\/100\n|move|p1a: Dragonite|Tera Blast|p2b: Wo-Chien\n|-damage|p2b: Wo-Chien|0 fnt\n|faint|p2b: Wo-Chien\n|move|p2a: Gholdengo|Make It Rain|p1a: Dragonite|[spread] p1a,p1b\n|-supereffective|p1b: Chien-Pao\n|-damage|p1a: Dragonite|53\/100\n|-damage|p1b: Chien-Pao|0 fnt\n|-unboost|p2a: Gholdengo|spa|1\n|faint|p1b: Chien-Pao\n|\n|upkeep\n|\n|t:|1683071440\n|switch|p1b: Great Tusk|Great Tusk, L50|100\/100\n|switch|p2b: Sandy Shocks|Sandy Shocks, L50|100\/100\n|turn|3\n|\n|t:|1683071455\n|switch|p2a: Volcarona|Volcarona, L50, M|100\/100\n|move|p2b: Sandy Shocks|Protect|p2b: Sandy Shocks\n|-singleturn|p2b: Sandy Shocks|Protect\n|move|p1b: Great Tusk|Earthquake|p2b: Sandy Shocks|[spread] p2a\n|-activate|p2b: Sandy Shocks|move: Protect\n|-immune|p1a: Dragonite\n|-damage|p2a: Volcarona|56\/100\n|move|p1a: Dragonite|Tera Blast|p2b: Sandy Shocks\n|-activate|p2b: Sandy Shocks|move: Protect\n|\n|upkeep\n|turn|4\n|\n|t:|1683071473\n|move|p2a: Volcarona|Protect|p2a: Volcarona\n|-singleturn|p2a: Volcarona|Protect\n|move|p1b: Great Tusk|Earthquake|p2b: Sandy Shocks|[spread] p2b\n|-activate|p2a: Volcarona|move: Protect\n|-immune|p1a: Dragonite\n|-supereffective|p2b: Sandy Shocks\n|-damage|p2b: Sandy Shocks|0 fnt\n|faint|p2b: Sandy Shocks\n|-end|p2b: Sandy Shocks|Protosynthesis|[silent]\n|move|p1a: Dragonite|Tera Blast|p2a: Volcarona\n|-activate|p2a: Volcarona|move: Protect\n|\n|-sideend|p1: vrumvrumnatal|move: Tailwind\n|upkeep\n|\n|t:|1683071483\n|switch|p2b: Gholdengo|Gholdengo, L50|16\/100\n|turn|5\n|\n|t:|1683071493\n|move|p1a: Dragonite|Protect|p1a: Dragonite\n|-singleturn|p1a: Dragonite|Protect\n|move|p2b: Gholdengo|Power Gem|p1a: Dragonite\n|-activate|p1a: Dragonite|move: Protect\n|move|p1b: Great Tusk|Earthquake|p2a: Volcarona|[spread] p2a,p2b\n|-activate|p1a: Dragonite|move: Protect\n|-supereffective|p2b: Gholdengo\n|-damage|p2a: Volcarona|12\/100\n|-damage|p2b: Gholdengo|0 fnt\n|-enditem|p2a: Volcarona|Sitrus Berry|[eat]\n|-heal|p2a: Volcarona|37\/100|[from] item: Sitrus Berry\n|faint|p2b: Gholdengo\n|move|p2a: Volcarona|Giga Drain|p1b: Great Tusk\n|-supereffective|p1b: Great Tusk\n|-damage|p1b: Great Tusk|32\/100\n|-heal|p2a: Volcarona|73\/100|[from] drain|[of] p1b: Great Tusk\n|\n|upkeep\n|turn|6\n|-message|carlosaurio326 forfeited.\n|\n|win|vrumvrumnatal\n|raw|vrumvrumnatal's rating: 1232 → 1263<\/strong> (+31 for winning)\n|raw|carlosaurio326's rating: 1312 → 1287<\/strong> (-25 for losing)\n|l|\u2606carlosaurio326\n","uploadtime":1683071512,"views":19,"p1id":"vrumvrumnatal","p2id":"carlosaurio326","formatid":"gen9vgc2023regulationc","rating":1263,"private":0,"password":""}