{"id":"gen9vgc2023regulationc-1848316726","p1":"kittenkid","p2":"PooOnMeOften","format":"[Gen 9] VGC 2023 Regulation C","log":"|j|\u2606kittenkid\n|j|\u203dPooOnMeOften\n|t:|1682059294\n|gametype|doubles\n|player|p1|kittenkid|169|1062\n|player|p2|PooOnMeOften|265|1000\n|teamsize|p1|6\n|teamsize|p2|6\n|gen|9\n|tier|[Gen 9] VGC 2023 Regulation C\n|rated|\n|rule|Species Clause: Limit one of each Pok\u00e9mon\n|rule|Item Clause: Limit one of each item\n|clearpoke\n|poke|p1|Amoonguss, L50, M|\n|poke|p1|Hydreigon, L50, F|\n|poke|p1|Palafin, L50, M|\n|poke|p1|Iron Hands, L50|\n|poke|p1|Ting-Lu, L50|\n|poke|p1|Talonflame, L50, F|\n|poke|p2|Chien-Pao, L50|\n|poke|p2|Flutter Mane, L50|\n|poke|p2|Arcanine, L50, M|\n|poke|p2|Annihilape, L50, M|\n|poke|p2|Scizor, L50, M|\n|poke|p2|Palafin, L50, M|\n|teampreview|4\n|inactive|Battle timer is ON: inactive players will automatically lose when time's up. (requested by PooOnMeOften)\n|inactive|kittenkid has 60 seconds left.\n|inactive|PooOnMeOften has 60 seconds left.\n|inactive|kittenkid has 30 seconds left.\n|inactive|kittenkid has 20 seconds left.\n|inactive|kittenkid has 15 seconds left.\n|\n|t:|1682059375\n|start\n|switch|p1a: Palafin|Palafin, L50, M|100\/100\n|switch|p1b: Iron Hands|Iron Hands, L50|100\/100\n|switch|p2a: Arcanine|Arcanine, L50, M|100\/100\n|switch|p2b: Flutter Mane|Flutter Mane, L50|100\/100\n|-ability|p2a: Arcanine|Intimidate|boost\n|-unboost|p1a: Palafin|atk|1\n|-unboost|p1b: Iron Hands|atk|1\n|-enditem|p2b: Flutter Mane|Booster Energy\n|-activate|p2b: Flutter Mane|ability: Protosynthesis|[fromitem]\n|-start|p2b: Flutter Mane|protosynthesisspa\n|-enditem|p1b: Iron Hands|Booster Energy\n|-activate|p1b: Iron Hands|ability: Quark Drive|[fromitem]\n|-start|p1b: Iron Hands|quarkdriveatk\n|turn|1\n|inactive|PooOnMeOften has 30 seconds left.\n|inactive|PooOnMeOften has 20 seconds left.\n|\n|t:|1682059413\n|detailschange|p1a: Palafin|Palafin-Hero, L50, M\n|switch|p1a: Talonflame|Talonflame, L50, F|100\/100\n|move|p1b: Iron Hands|Protect|p1b: Iron Hands\n|-singleturn|p1b: Iron Hands|Protect\n|move|p2b: Flutter Mane|Dazzling Gleam|p1b: Iron Hands|[spread] p1a\n|-activate|p1b: Iron Hands|move: Protect\n|-resisted|p1a: Talonflame\n|-crit|p1a: Talonflame\n|-damage|p1a: Talonflame|53\/100\n|move|p2a: Arcanine|Will-O-Wisp|p1a: Talonflame\n|-immune|p1a: Talonflame\n|\n|upkeep\n|turn|2\n|inactive|PooOnMeOften has 30 seconds left.\n|\n|t:|1682059445\n|move|p1a: Talonflame|Tailwind|p1a: Talonflame\n|-sidestart|p1: kittenkid|move: Tailwind\n|move|p2b: Flutter Mane|Dazzling Gleam|p1a: Talonflame|[spread] p1a,p1b\n|-resisted|p1a: Talonflame\n|-supereffective|p1b: Iron Hands\n|-damage|p1a: Talonflame|20\/100\n|-damage|p1b: Iron Hands|33\/100\n|move|p1b: Iron Hands|Wild Charge|p2b: Flutter Mane\n|-damage|p2b: Flutter Mane|23\/100\n|-damage|p1b: Iron Hands|21\/100|[from] Recoil\n|move|p2a: Arcanine|Will-O-Wisp|p1b: Iron Hands\n|-status|p1b: Iron Hands|brn\n|\n|-damage|p1b: Iron Hands|15\/100 brn|[from] brn\n|upkeep\n|turn|3\n|inactive|PooOnMeOften has 30 seconds left.\n|\n|t:|1682059473\n|-end|p1b: Iron Hands|Quark Drive|[silent]\n|switch|p1b: Palafin|Palafin-Hero, L50, M|100\/100\n|-activate|p1b: Palafin|ability: Zero to Hero\n|move|p2b: Flutter Mane|Protect|p2b: Flutter Mane\n|-singleturn|p2b: Flutter Mane|Protect\n|move|p1a: Talonflame|Brave Bird|p2b: Flutter Mane\n|-activate|p2b: Flutter Mane|move: Protect\n|move|p2a: Arcanine|Heat Wave|p1a: Talonflame|[spread] p1a,p1b\n|-resisted|p1a: Talonflame\n|-resisted|p1b: Palafin\n|-damage|p1a: Talonflame|2\/100\n|-damage|p1b: Palafin|89\/100\n|\n|upkeep\n|turn|4\n|inactive|PooOnMeOften has 30 seconds left.\n|inactive|PooOnMeOften has 20 seconds left.\n|inactive|PooOnMeOften has 15 seconds left.\n|inactive|PooOnMeOften has 10 seconds left.\n|inactive|PooOnMeOften has 5 seconds left.\n|\n|t:|1682059523\n|-terastallize|p2a: Arcanine|Grass\n|move|p2b: Flutter Mane|Protect|p2b: Flutter Mane\n|-singleturn|p2b: Flutter Mane|Protect\n|move|p1a: Talonflame|Brave Bird|p2b: Flutter Mane\n|-activate|p2b: Flutter Mane|move: Protect\n|move|p1b: Palafin|Wave Crash|p2a: Arcanine\n|-resisted|p2a: Arcanine\n|-damage|p2a: Arcanine|55\/100\n|-damage|p1b: Palafin|74\/100|[from] Recoil\n|move|p2a: Arcanine|Will-O-Wisp|p1b: Palafin\n|-status|p1b: Palafin|brn\n|\n|-heal|p2a: Arcanine|61\/100|[from] item: Leftovers\n|-damage|p1b: Palafin|68\/100 brn|[from] brn\n|upkeep\n|turn|5\n|inactive|PooOnMeOften has 30 seconds left.\n|\n|t:|1682059558\n|-end|p2b: Flutter Mane|Protosynthesis|[silent]\n|switch|p2b: Palafin|Palafin, L50, M|100\/100\n|move|p2a: Arcanine|Protect|p2a: Arcanine\n|-singleturn|p2a: Arcanine|Protect\n|move|p1b: Palafin|Jet Punch|p2b: Palafin\n|-resisted|p2b: Palafin\n|-damage|p2b: Palafin|88\/100\n|move|p1a: Talonflame|Brave Bird|p2a: Arcanine\n|-activate|p2a: Arcanine|move: Protect\n|\n|-heal|p2a: Arcanine|68\/100|[from] item: Leftovers\n|-damage|p1b: Palafin|62\/100 brn|[from] brn\n|-sideend|p1: kittenkid|move: Tailwind\n|upkeep\n|turn|6\n|inactive|kittenkid has 30 seconds left.\n|inactive|PooOnMeOften has 30 seconds left.\n|inactive|kittenkid has 20 seconds left.\n|inactive|PooOnMeOften has 20 seconds left.\n|inactive|kittenkid has 15 seconds left.\n|\n|t:|1682059599\n|switch|p1a: Hydreigon|Hydreigon, L50, F|100\/100\n|switch|p2a: Annihilape|Annihilape, L50, M|100\/100\n|move|p2b: Palafin|Jet Punch|p1a: Hydreigon\n|-resisted|p1a: Hydreigon\n|-damage|p1a: Hydreigon|86\/100\n|move|p1b: Palafin|Ice Punch|p2a: Annihilape\n|-damage|p2a: Annihilape|84\/100\n|\n|-damage|p1b: Palafin|56\/100 brn|[from] brn\n|upkeep\n|turn|7\n|inactive|PooOnMeOften has 30 seconds left.\n|\n|t:|1682059628\n|detailschange|p2b: Palafin|Palafin-Hero, L50, M\n|switch|p2b: Arcanine|Arcanine, L50, M, tera:Grass|68\/100\n|-ability|p2b: Arcanine|Intimidate|boost\n|-unboost|p1a: Hydreigon|atk|1\n|-unboost|p1b: Palafin|atk|1\n|-terastallize|p1a: Hydreigon|Poison\n|move|p2a: Annihilape|Protect|p2a: Annihilape\n|-singleturn|p2a: Annihilape|Protect\n|move|p1b: Palafin|Wave Crash|p2a: Annihilape\n|-activate|p2a: Annihilape|move: Protect\n|move|p1a: Hydreigon|Focus Energy|p1a: Hydreigon\n|-start|p1a: Hydreigon|move: Focus Energy\n|\n|-heal|p2b: Arcanine|74\/100|[from] item: Leftovers\n|-damage|p1b: Palafin|49\/100 brn|[from] brn\n|upkeep\n|turn|8\n|inactive|kittenkid has 30 seconds left.\n|inactive|PooOnMeOften has 30 seconds left.\n|inactive|PooOnMeOften has 20 seconds left.\n|inactive|kittenkid has 20 seconds left.\n|inactive|kittenkid has 15 seconds left.\n|inactive|kittenkid has 10 seconds left.\n|\n|t:|1682059680\n|switch|p1b: Iron Hands|Iron Hands, L50|15\/100 brn\n|move|p1a: Hydreigon|Protect|p1a: Hydreigon\n|-singleturn|p1a: Hydreigon|Protect\n|move|p2b: Arcanine|Snarl|p1b: Iron Hands|[spread] p1b\n|-activate|p1a: Hydreigon|move: Protect\n|-resisted|p1b: Iron Hands\n|-damage|p1b: Iron Hands|11\/100 brn\n|-unboost|p1b: Iron Hands|spa|1\n|move|p2a: Annihilape|Rage Fist|p1a: Hydreigon\n|-activate|p1a: Hydreigon|move: Protect\n|\n|-heal|p2b: Arcanine|80\/100|[from] item: Leftovers\n|-damage|p1b: Iron Hands|5\/100 brn|[from] brn\n|upkeep\n|turn|9\n|inactive|kittenkid has 30 seconds left.\n|inactive|PooOnMeOften has 30 seconds left.\n|\n|t:|1682059706\n|move|p1b: Iron Hands|Fake Out|p2b: Arcanine\n|-damage|p2b: Arcanine|72\/100\n|move|p1a: Hydreigon|Dark Pulse|p2a: Annihilape\n|-crit|p2a: Annihilape\n|-damage|p2a: Annihilape|22\/100\n|-enditem|p2a: Annihilape|Sitrus Berry|[eat]\n|-heal|p2a: Annihilape|47\/100|[from] item: Sitrus Berry\n|cant|p2b: Arcanine|flinch\n|move|p2a: Annihilape|Bulk Up|p2a: Annihilape\n|-boost|p2a: Annihilape|atk|1\n|-boost|p2a: Annihilape|def|1\n|\n|-heal|p2b: Arcanine|78\/100|[from] item: Leftovers\n|-damage|p1b: Iron Hands|0 fnt|[from] brn\n|faint|p1b: Iron Hands\n|-end|p1b: Iron Hands|Quark Drive|[silent]\n|upkeep\n|\n|t:|1682059723\n|switch|p1b: Talonflame|Talonflame, L50, F|2\/100\n|turn|10\n|\n|t:|1682059737\n|move|p2a: Annihilape|Protect|p2a: Annihilape\n|-singleturn|p2a: Annihilape|Protect\n|move|p1b: Talonflame|Tailwind|p1b: Talonflame\n|-sidestart|p1: kittenkid|move: Tailwind\n|move|p1a: Hydreigon|Draco Meteor|p2a: Annihilape\n|-activate|p2a: Annihilape|move: Protect\n|move|p2b: Arcanine|Snarl|p1a: Hydreigon|[spread] p1a,p1b\n|-damage|p1a: Hydreigon|77\/100\n|-damage|p1b: Talonflame|0 fnt\n|-unboost|p1a: Hydreigon|spa|1\n|faint|p1b: Talonflame\n|\n|-heal|p2b: Arcanine|84\/100|[from] item: Leftovers\n|upkeep\n|\n|t:|1682059753\n|switch|p1b: Palafin|Palafin-Hero, L50, M|49\/100 brn\n|turn|11\n|inactive|PooOnMeOften has 30 seconds left.\n|inactive|PooOnMeOften has 20 seconds left.\n|\n|t:|1682059790\n|switch|p2b: Palafin|Palafin-Hero, L50, M|88\/100\n|-activate|p2b: Palafin|ability: Zero to Hero\n|move|p1b: Palafin|Ice Punch|p2b: Palafin\n|-resisted|p2b: Palafin\n|-damage|p2b: Palafin|80\/100\n|move|p1a: Hydreigon|Dark Pulse|p2a: Annihilape\n|-crit|p2a: Annihilape\n|-damage|p2a: Annihilape|0 fnt\n|faint|p2a: Annihilape\n|\n|-damage|p1b: Palafin|43\/100 brn|[from] brn\n|upkeep\n|\n|t:|1682059805\n|switch|p2a: Arcanine|Arcanine, L50, M, tera:Grass|84\/100\n|-ability|p2a: Arcanine|Intimidate|boost\n|-unboost|p1a: Hydreigon|atk|1\n|-unboost|p1b: Palafin|atk|1\n|turn|12\n|inactive|PooOnMeOften has 30 seconds left.\n|\n|t:|1682059833\n|move|p1b: Palafin|Ice Punch|p2a: Arcanine\n|-supereffective|p2a: Arcanine\n|-damage|p2a: Arcanine|62\/100\n|move|p1a: Hydreigon|Draco Meteor|p2b: Palafin\n|-crit|p2b: Palafin\n|-damage|p2b: Palafin|0 fnt\n|-unboost|p1a: Hydreigon|spa|2\n|faint|p2b: Palafin\n|move|p2a: Arcanine|Snarl|p1a: Hydreigon|[spread] p1a,p1b\n|-damage|p1a: Hydreigon|69\/100\n|-damage|p1b: Palafin|34\/100 brn\n|-unboost|p1a: Hydreigon|spa|1\n|-unboost|p1b: Palafin|spa|1\n|\n|-heal|p2a: Arcanine|68\/100|[from] item: Leftovers\n|-damage|p1b: Palafin|28\/100 brn|[from] brn\n|upkeep\n|\n|t:|1682059847\n|switch|p2b: Flutter Mane|Flutter Mane, L50|23\/100\n|turn|13\n|inactive|PooOnMeOften has 30 seconds left.\n|inactive|PooOnMeOften has 20 seconds left.\n|inactive|PooOnMeOften has 15 seconds left.\n|\n|t:|1682059877\n|move|p2b: Flutter Mane|Protect|p2b: Flutter Mane\n|-singleturn|p2b: Flutter Mane|Protect\n|move|p1b: Palafin|Jet Punch|p2b: Flutter Mane\n|-activate|p2b: Flutter Mane|move: Protect\n|move|p1a: Hydreigon|Draco Meteor|p2a: Arcanine|[miss]\n|-miss|p1a: Hydreigon|p2a: Arcanine\n|move|p2a: Arcanine|Heat Wave|p1a: Hydreigon|[spread] p1a,p1b\n|-resisted|p1b: Palafin\n|-damage|p1a: Hydreigon|47\/100\n|-damage|p1b: Palafin|17\/100 brn\n|\n|-heal|p2a: Arcanine|74\/100|[from] item: Leftovers\n|-damage|p1b: Palafin|11\/100 brn|[from] brn\n|-sideend|p1: kittenkid|move: Tailwind\n|upkeep\n|turn|14\n|inactive|PooOnMeOften has 15 seconds left this turn.\n|inactive|PooOnMeOften has 10 seconds left.\n|inactive|PooOnMeOften has 5 seconds left.\n|-message|PooOnMeOften lost due to inactivity.\n|\n|win|kittenkid\n|raw|kittenkid's rating: 1062 → 1087<\/strong> (+25 for winning)\n|raw|PooOnMeOften's rating: 1000 → 1000<\/strong> (+0 for losing)\n","uploadtime":1682059925,"views":11,"p1id":"kittenkid","p2id":"pooonmeoften","formatid":"gen9vgc2023regulationc","rating":1000,"private":0,"password":""}