{"id":"gen9vgc2023regulationc-1859891029","p1":"Maractus garden","p2":"maTROD","format":"[Gen 9] VGC 2023 Regulation C","log":"|j|\u2606Maractus garden\n|j|\u2606maTROD\n|t:|1683573241\n|gametype|doubles\n|player|p1|Maractus garden|cynthia|1230\n|player|p2|maTROD|veteran|1334\n|teamsize|p1|6\n|teamsize|p2|6\n|gen|9\n|tier|[Gen 9] VGC 2023 Regulation C\n|rated|\n|rule|Species Clause: Limit one of each Pok\u00e9mon\n|rule|Item Clause: Limit one of each item\n|clearpoke\n|poke|p1|Ting-Lu, L50|\n|poke|p1|Abomasnow, L50, M|\n|poke|p1|Flutter Mane, L50|\n|poke|p1|Iron Hands, L50|\n|poke|p1|Bronzong, L50|\n|poke|p1|Arcanine, L50, M|\n|poke|p2|Indeedee-F, L50, F|\n|poke|p2|Armarouge, L50, M|\n|poke|p2|Sandy Shocks, L50|\n|poke|p2|Flapple, L50, M|\n|poke|p2|Roaring Moon, L50|\n|poke|p2|Murkrow, L50, F|\n|teampreview|4\nMaractus garden rejected open team sheets.\n|\n|t:|1683573310\n|start\n|switch|p1a: Bronzong|Bronzong, L50|100\/100\n|switch|p1b: Ting-Lu|Ting-Lu, L50|100\/100\n|switch|p2a: Sandy Shocks|Sandy Shocks, L50, shiny|100\/100\n|switch|p2b: Armarouge|Armarouge, L50, M|100\/100\n|-ability|p1b: Ting-Lu|Vessel of Ruin\n|turn|1\n|\n|t:|1683573343\n|-terastallize|p1a: Bronzong|Fire\n|move|p2b: Armarouge|Wide Guard|p2b: Armarouge\n|-singleturn|p2b: Armarouge|Wide Guard\n|move|p2a: Sandy Shocks|Gravity|p2a: Sandy Shocks\n|-fieldstart|move: Gravity\n|move|p1b: Ting-Lu|Earthquake|p2a: Sandy Shocks|[spread] p1a\n|-activate|p2a: Sandy Shocks|move: Wide Guard\n|-activate|p2b: Armarouge|move: Wide Guard\n|-supereffective|p1a: Bronzong\n|-damage|p1a: Bronzong|0 fnt\n|faint|p1a: Bronzong\n|\n|upkeep\n|c|\u2606maTROD|LOL\n|c|\u2606Maractus garden|very nice!\n|\n|t:|1683573363\n|switch|p1a: Abomasnow|Abomasnow, L50, M|100\/100\n|-weather|Snow|[from] ability: Snow Warning|[of] p1a: Abomasnow\n|turn|2\n|c|\u2606maTROD|first time ive done that\n|c|\u2606Maractus garden|literally too brilliant for me to guess lmao\n|c|\u2606maTROD|Gravity is quite useful\n|\n|t:|1683573419\n|-end|p2a: Sandy Shocks|Protosynthesis|[silent]\n|switch|p2a: Indeedee|Indeedee-F, L50, F, shiny|100\/100\n|-fieldstart|move: Psychic Terrain|[from] ability: Psychic Surge|[of] p2a: Indeedee\n|-terastallize|p2b: Armarouge|Fighting\n|move|p2b: Armarouge|Aura Sphere|p1b: Ting-Lu\n|-supereffective|p1b: Ting-Lu\n|-damage|p1b: Ting-Lu|53\/100\n|move|p1a: Abomasnow|Earth Power|p2b: Armarouge\n|-damage|p2b: Armarouge|72\/100\n|move|p1b: Ting-Lu|Earthquake|p2a: Indeedee|[spread] p1a,p2a,p2b\n|-resisted|p1a: Abomasnow\n|-damage|p1a: Abomasnow|79\/100\n|-damage|p2a: Indeedee|46\/100\n|-damage|p2b: Armarouge|15\/100\n|-ability|p2b: Armarouge|Weak Armor|boost\n|-unboost|p2b: Armarouge|def|1\n|-boost|p2b: Armarouge|spe|2\n|\n|-weather|Snow|[upkeep]\n|upkeep\n|turn|3\n|\n|t:|1683573478\n|switch|p2b: Flapple|Flapple, L50, M|100\/100\n|move|p2a: Indeedee|Healing Wish|p2a: Indeedee\n|faint|p2a: Indeedee\n|move|p1a: Abomasnow|Earth Power|p2b: Flapple\n|-resisted|p2b: Flapple\n|-damage|p2b: Flapple|83\/100\n|move|p1b: Ting-Lu|Earthquake|p2b: Flapple|[spread] p1a,p2b\n|-resisted|p1a: Abomasnow\n|-resisted|p2b: Flapple\n|-damage|p1a: Abomasnow|60\/100\n|-damage|p2b: Flapple|41\/100\n|\n|-weather|Snow|[upkeep]\n|upkeep\n|\n|t:|1683573492\n|switch|p2a: Armarouge|Armarouge, L50, M, tera:Fighting|15\/100\n|-heal|p2a: Armarouge|100\/100|[from] move: Healing Wish\n|turn|4\n|\n|t:|1683573524\n|move|p2b: Flapple|Grav Apple|p1b: Ting-Lu\n|-supereffective|p1b: Ting-Lu\n|-damage|p1b: Ting-Lu|0 fnt\n|faint|p1b: Ting-Lu\n|move|p2a: Armarouge|Aura Sphere|p1a: Abomasnow\n|-supereffective|p1a: Abomasnow\n|-damage|p1a: Abomasnow|0 fnt\n|faint|p1a: Abomasnow\n|\n|-weather|Snow|[upkeep]\n|upkeep\n|\n|t:|1683573529\n|switch|p1b: Flutter Mane|Flutter Mane, L50|100\/100\n|turn|5\n|\n|t:|1683573542\n|move|p2a: Armarouge|Wide Guard|p2a: Armarouge\n|-singleturn|p2a: Armarouge|Wide Guard\n|move|p1b: Flutter Mane|Moonblast|p2a: Armarouge\n|-supereffective|p2a: Armarouge\n|-damage|p2a: Armarouge|0 fnt\n|faint|p2a: Armarouge\n|move|p2b: Flapple|Grav Apple|p1b: Flutter Mane\n|-crit|p1b: Flutter Mane\n|-damage|p1b: Flutter Mane|0 fnt\n|faint|p1b: Flutter Mane\n|-end|p1b: Flutter Mane|Protosynthesis|[silent]\n|\n|win|maTROD\n|raw|Maractus garden's rating: 1230 → 1212<\/strong> (-18 for losing)\n|raw|maTROD's rating: 1334 → 1348<\/strong> (+14 for winning)\n|c|\u2606Maractus garden|gg!\n","uploadtime":1683573556,"views":7,"p1id":"maractusgarden","p2id":"matrod","formatid":"gen9vgc2023regulationc","rating":1212,"private":0,"password":""}