{"id":"gen9vgc2023regulationc-1860832021","p1":"MicahThePokemonPoo","p2":"BurkeDoingWork","format":"[Gen 9] VGC 2023 Regulation C","log":"|j|\u2606MicahThePokemonPoo\n|j|\u2606BurkeDoingWork\n|t:|1683683303\n|gametype|doubles\n|player|p1|MicahThePokemonPoo|1|1071\n|player|p2|BurkeDoingWork|pokemonbreeder-gen4|1115\n|teamsize|p1|6\n|teamsize|p2|6\n|gen|9\n|tier|[Gen 9] VGC 2023 Regulation C\n|rated|\n|rule|Species Clause: Limit one of each Pok\u00e9mon\n|rule|Item Clause: Limit one of each item\n|clearpoke\n|poke|p1|Pelipper, L50, F|\n|poke|p1|Raichu, L50, M|\n|poke|p1|Garganacl, L50, M|\n|poke|p1|Meowscarada, L50, F|\n|poke|p1|Volcarona, L50, M|\n|poke|p1|Oricorio-Pom-Pom, L50, F|\n|poke|p2|Chi-Yu, L50|\n|poke|p2|Flutter Mane, L50|\n|poke|p2|Hydreigon, L50, M|\n|poke|p2|Talonflame, L50, M|\n|poke|p2|Great Tusk, L50|\n|poke|p2|Tyranitar, L50, M|\n|teampreview|4\n|inactive|Battle timer is ON: inactive players will automatically lose when time's up. (requested by MicahThePokemonPoo)\nMicahThePokemonPoo rejected open team sheets.\n|\n|t:|1683683356\n|start\n|switch|p1a: Volcarona|Volcarona, L50, M, shiny|100\/100\n|switch|p1b: Oricorio|Oricorio-Pom-Pom, L50, F, shiny|100\/100\n|switch|p2a: Talon Childers|Talonflame, L50, M|100\/100\n|switch|p2b: Big Show|Great Tusk, L50|100\/100\n|turn|1\n|inactive|BurkeDoingWork has 30 seconds left.\n|\n|t:|1683683384\n|move|p1b: Oricorio|Protect|p1b: Oricorio\n|-singleturn|p1b: Oricorio|Protect\n|move|p2a: Talon Childers|Tailwind|p2a: Talon Childers\n|-sidestart|p2: BurkeDoingWork|move: Tailwind\n|move|p2b: Big Show|Rock Slide|p1b: Oricorio|[spread] \n|-activate|p1b: Oricorio|move: Protect\n|-miss|p2b: Big Show|p1a: Volcarona\n|move|p1a: Volcarona|Quiver Dance|p1a: Volcarona\n|-boost|p1a: Volcarona|spa|1\n|-boost|p1a: Volcarona|spd|1\n|-boost|p1a: Volcarona|spe|1\n|-activate|p1b: Oricorio|ability: Dancer\n|move|p1b: Oricorio|Quiver Dance|p1b: Oricorio|[from]ability: Dancer\n|-boost|p1b: Oricorio|spa|1\n|-boost|p1b: Oricorio|spd|1\n|-boost|p1b: Oricorio|spe|1\n|\n|upkeep\n|turn|2\n|\n|t:|1683683407\n|move|p1a: Volcarona|Protect|p1a: Volcarona\n|-singleturn|p1a: Volcarona|Protect\n|move|p2a: Talon Childers|Brave Bird|p1a: Volcarona\n|-activate|p1a: Volcarona|move: Protect\n|move|p2b: Big Show|Rock Slide|p1a: Volcarona|[spread] p1b\n|-activate|p1a: Volcarona|move: Protect\n|-supereffective|p1b: Oricorio\n|-damage|p1b: Oricorio|46\/100\n|move|p1b: Oricorio|Revelation Dance|p2a: Talon Childers\n|-supereffective|p2a: Talon Childers\n|-damage|p2a: Talon Childers|0 fnt\n|faint|p2a: Talon Childers\n|\n|upkeep\n|\n|t:|1683683423\n|switch|p2a: Gucci Mane|Flutter Mane, L50|100\/100\n|-enditem|p2a: Gucci Mane|Booster Energy\n|-activate|p2a: Gucci Mane|ability: Protosynthesis|[fromitem]\n|-start|p2a: Gucci Mane|protosynthesisspa\n|turn|3\n|\n|t:|1683683436\n|move|p1b: Oricorio|Protect|p1b: Oricorio\n|-singleturn|p1b: Oricorio|Protect\n|move|p2a: Gucci Mane|Dazzling Gleam|p1a: Volcarona|[spread] p1a\n|-activate|p1b: Oricorio|move: Protect\n|-resisted|p1a: Volcarona\n|-crit|p1a: Volcarona\n|-damage|p1a: Volcarona|70\/100\n|move|p2b: Big Show|Rock Slide|p1a: Volcarona|[spread] p1a\n|-activate|p1b: Oricorio|move: Protect\n|-supereffective|p1a: Volcarona\n|-damage|p1a: Volcarona|0 fnt\n|faint|p1a: Volcarona\n|\n|upkeep\n|\n|t:|1683683454\n|switch|p1a: Meowscarada|Meowscarada, L50, F, shiny|100\/100\n|turn|4\n|\n|t:|1683683469\n|move|p1b: Oricorio|Protect|p1b: Oricorio\n|-singleturn|p1b: Oricorio|Protect\n|move|p2a: Gucci Mane|Dazzling Gleam|p1b: Oricorio|[spread] p1a\n|-activate|p1b: Oricorio|move: Protect\n|-supereffective|p1a: Meowscarada\n|-enditem|p1a: Meowscarada|Focus Sash\n|-damage|p1a: Meowscarada|1\/100\n|move|p2b: Big Show|Rock Slide|p1a: Meowscarada|[spread] p1a\n|-activate|p1b: Oricorio|move: Protect\n|-damage|p1a: Meowscarada|0 fnt\n|faint|p1a: Meowscarada\n|\n|-sideend|p2: BurkeDoingWork|move: Tailwind\n|upkeep\n|\n|t:|1683683481\n|switch|p1a: Garganacl|Garganacl, L50, M, shiny|100\/100\n|turn|5\n|\n|t:|1683683503\n|-terastallize|p2a: Gucci Mane|Grass\n|move|p1b: Oricorio|Revelation Dance|p2a: Gucci Mane\n|-resisted|p2a: Gucci Mane\n|-damage|p2a: Gucci Mane|80\/100\n|move|p2a: Gucci Mane|Energy Ball|p1a: Garganacl\n|-supereffective|p1a: Garganacl\n|-damage|p1a: Garganacl|7\/100\n|move|p2b: Big Show|Rock Slide|p1a: Garganacl|[spread] p1b\n|-miss|p2b: Big Show|p1a: Garganacl\n|-supereffective|p1b: Oricorio\n|-damage|p1b: Oricorio|0 fnt\n|faint|p1b: Oricorio\n|move|p1a: Garganacl|Salt Cure|p2b: Big Show\n|-resisted|p2b: Big Show\n|-damage|p2b: Big Show|98\/100\n|-start|p2b: Big Show|Salt Cure\n|\n|-heal|p1a: Garganacl|13\/100|[from] item: Leftovers\n|-damage|p2b: Big Show|86\/100|[from] Salt Cure\n|upkeep\n|turn|6\n|-message|MicahThePokemonPoo forfeited.\n|\n|win|BurkeDoingWork\n|raw|MicahThePokemonPoo's rating: 1071 → 1053<\/strong> (-18 for losing)\n|raw|BurkeDoingWork's rating: 1115 → 1137<\/strong> (+22 for winning)\n|l|\u2606MicahThePokemonPoo\n|c|\u2606BurkeDoingWork|GGs\n","uploadtime":1683683527,"views":12,"p1id":"micahthepokemonpoo","p2id":"burkedoingwork","formatid":"gen9vgc2023regulationc","rating":1053,"private":0,"password":""}