{"id":"gen9vgc2023regulationc-1850842521","p1":"jayballester","p2":"tuxmux","format":"[Gen 9] VGC 2023 Regulation C","log":"|j|\u2606jayballester\n|j|\u2606tuxmux\n|t:|1682373372\n|gametype|doubles\n|player|p1|jayballester|riley|\n|player|p2|tuxmux|2|\n|teamsize|p1|6\n|teamsize|p2|6\n|gen|9\n|tier|[Gen 9] VGC 2023 Regulation C\n|rule|Species Clause: Limit one of each Pok\u00e9mon\n|rule|Item Clause: Limit one of each item\n|clearpoke\n|poke|p1|Tyranitar, L50, M|\n|poke|p1|Palafin, L50, F|\n|poke|p1|Toedscool, L50, M|\n|poke|p1|Garganacl, L50, F|\n|poke|p1|Salazzle, L50, F|\n|poke|p1|Breloom, L50, F|\n|poke|p2|Talonflame, L50, F|\n|poke|p2|Hydreigon, L50, F|\n|poke|p2|Tinkaton, L50, F|\n|poke|p2|Azumarill, L50, F|\n|poke|p2|Lucario, L50, M|\n|poke|p2|Toxapex, L50, F|\n|teampreview|4\n|c|\u2606tuxmux|glhf\n|c|\u2606jayballester|u2\n|c|\u2606jayballester|third time im playing this matchup\n|\n|t:|1682373414\n|start\n|switch|p1a: Salazzle|Salazzle, L50, F|100\/100\n|switch|p1b: Palafin|Palafin, L50, F|100\/100\n|switch|p2a: good pick (not)|Hydreigon, L50, F|100\/100\n|switch|p2b: gen 4\/6 staple|Lucario, L50, M|100\/100\n|turn|1\n|\n|t:|1682373437\n|-terastallize|p2b: gen 4\/6 staple|Normal\n|move|p1a: Salazzle|Fake Out|p2a: good pick (not)\n|-damage|p2a: good pick (not)|93\/100\n|cant|p2a: good pick (not)|flinch\n|move|p1b: Palafin|Close Combat|p2b: gen 4\/6 staple\n|-supereffective|p2b: gen 4\/6 staple\n|-damage|p2b: gen 4\/6 staple|6\/100\n|-unboost|p1b: Palafin|def|1\n|-unboost|p1b: Palafin|spd|1\n|move|p2b: gen 4\/6 staple|Hyper Beam|p1a: Salazzle\n|-enditem|p1a: Salazzle|Focus Sash\n|-damage|p1a: Salazzle|1\/100\n|-mustrecharge|p2b: gen 4\/6 staple\n|\n|upkeep\n|turn|2\n|\n|t:|1682373467\n|detailschange|p1b: Palafin|Palafin-Hero, L50, F\n|switch|p1b: Garganacl|Garganacl, L50, F|100\/100\n|move|p1a: Salazzle|Flamethrower|p2b: gen 4\/6 staple\n|-damage|p2b: gen 4\/6 staple|0 fnt\n|faint|p2b: gen 4\/6 staple\n|move|p2a: good pick (not)|Draco Meteor|p1b: Garganacl\n|-damage|p1b: Garganacl|22\/100\n|-unboost|p2a: good pick (not)|spa|2\n|\n|-heal|p1b: Garganacl|28\/100|[from] item: Leftovers\n|upkeep\n|\n|t:|1682373478\n|switch|p2b: who tf uses this|Talonflame, L50, F|100\/100\n|turn|3\n|\n|t:|1682373492\n|move|p2b: who tf uses this|Brave Bird|p1a: Salazzle\n|-damage|p1a: Salazzle|0 fnt\n|faint|p1a: Salazzle\n|-damage|p2b: who tf uses this|99\/100|[from] Recoil\n|-damage|p2b: who tf uses this|90\/100|[from] item: Life Orb\n|move|p2a: good pick (not)|Draco Meteor|p1b: Garganacl\n|-damage|p1b: Garganacl|0 fnt\n|-unboost|p2a: good pick (not)|spa|2\n|faint|p1b: Garganacl\n|\n|upkeep\n|\n|t:|1682373502\n|switch|p1a: Palafin|Palafin-Hero, L50, F|100\/100\n|switch|p1b: Breloom|Breloom, L50, F|100\/100\n|-activate|p1a: Palafin|ability: Zero to Hero\n|turn|4\n|\n|t:|1682373515\n|switch|p2a: Specs Hex Pex|Toxapex, L50, F|100\/100\n|move|p2b: who tf uses this|Protect|p2b: who tf uses this\n|-singleturn|p2b: who tf uses this|Protect\n|move|p1a: Palafin|Jet Punch|p2b: who tf uses this\n|-activate|p2b: who tf uses this|move: Protect\n|move|p1b: Breloom|Mach Punch|p2a: Specs Hex Pex\n|-resisted|p2a: Specs Hex Pex\n|-damage|p2a: Specs Hex Pex|84\/100\n|-damage|p1b: Breloom|91\/100|[from] item: Life Orb\n|\n|-heal|p2a: Specs Hex Pex|90\/100|[from] item: Leftovers\n|upkeep\n|turn|5\n|\n|t:|1682373536\n|move|p1a: Palafin|Jet Punch|p2b: who tf uses this\n|-supereffective|p2b: who tf uses this\n|-damage|p2b: who tf uses this|0 fnt\n|faint|p2b: who tf uses this\n|move|p1b: Breloom|Spore|p2a: Specs Hex Pex\n|-status|p2a: Specs Hex Pex|slp|[from] move: Spore\n|cant|p2a: Specs Hex Pex|slp\n|\n|-heal|p2a: Specs Hex Pex|95\/100 slp|[from] item: Leftovers\n|upkeep\n|\n|t:|1682373543\n|switch|p2b: good pick (not)|Hydreigon, L50, F|93\/100\n|turn|6\n|c|\u2606jayballester|the pex likes sleeping\n|\n|t:|1682373556\n|-terastallize|p1a: Palafin|Water\n|move|p1b: Breloom|Mach Punch|p2b: good pick (not)\n|-supereffective|p2b: good pick (not)\n|-damage|p2b: good pick (not)|0 fnt\n|faint|p2b: good pick (not)\n|-damage|p1b: Breloom|81\/100|[from] item: Life Orb\n|move|p1a: Palafin|Wave Crash|p2a: Specs Hex Pex\n|-resisted|p2a: Specs Hex Pex\n|-damage|p2a: Specs Hex Pex|52\/100 slp\n|-damage|p1a: Palafin|88\/100|[from] Recoil\n|cant|p2a: Specs Hex Pex|slp\n|\n|-heal|p2a: Specs Hex Pex|58\/100 slp|[from] item: Leftovers\n|upkeep\n|turn|7\n|\n|t:|1682373568\n|move|p1a: Palafin|Wave Crash|p2a: Specs Hex Pex\n|-resisted|p2a: Specs Hex Pex\n|-damage|p2a: Specs Hex Pex|11\/100 slp\n|-damage|p1a: Palafin|75\/100|[from] Recoil\n|move|p1b: Breloom|Bullet Seed|p2a: Specs Hex Pex\n|-damage|p2a: Specs Hex Pex|0 fnt\n|faint|p2a: Specs Hex Pex\n|-hitcount|p2: Specs Hex Pex|1\n|-damage|p1b: Breloom|72\/100|[from] item: Life Orb\n|\n|win|jayballester\n|c|\u2606jayballester|gg\n|c|\u2606tuxmux|double prio is funnnnn\n|c|\u2606tuxmux|:3\n|c|\u2606tuxmux|gg\n|c|\u2606jayballester|yee\n","uploadtime":1682373578,"views":9,"p1id":"jayballester","p2id":"tuxmux","formatid":"gen9vgc2023regulationc","rating":0,"private":0,"password":""}