{"id":"gen9vgc2023regulationc-1851805656","p1":"trynderror","p2":"zoroZ3ro","format":"[Gen 9] VGC 2023 Regulation C","log":"|j|\u2606trynderror\n|j|\u203dzoroZ3ro\n|t:|1682486902\n|gametype|doubles\n|player|p1|trynderror|266|1321\n|player|p2|zoroZ3ro|cynthia-gen4|1288\n|teamsize|p1|6\n|teamsize|p2|6\n|gen|9\n|tier|[Gen 9] VGC 2023 Regulation C\n|rated|\n|rule|Species Clause: Limit one of each Pok\u00e9mon\n|rule|Item Clause: Limit one of each item\n|clearpoke\n|poke|p1|Maushold, L50|\n|poke|p1|Annihilape, L50, F|\n|poke|p1|Iron Bundle, L50|\n|poke|p1|Arcanine, L50, M|\n|poke|p1|Gholdengo, L50|\n|poke|p1|Scream Tail, L50|\n|poke|p2|Amoonguss, L50, M|\n|poke|p2|Kingambit, L50, F|\n|poke|p2|Ting-Lu, L50|\n|poke|p2|Flutter Mane, L50|\n|poke|p2|Arcanine, L50, F|\n|poke|p2|Dragonite, L50, F|\n|teampreview|4\n|inactive|Battle timer is ON: inactive players will automatically lose when time's up. (requested by trynderror)\n|inactive|trynderror has 60 seconds left.\n|inactive|zoroZ3ro has 60 seconds left.\n|inactive|trynderror has 30 seconds left.\n|\n|t:|1682486969\n|start\n|switch|p1a: Annihilape|Annihilape, L50, F|100\/100\n|switch|p1b: Scream Tail|Scream Tail, L50|100\/100\n|switch|p2a: Amoonguss|Amoonguss, L50, M, shiny|100\/100\n|switch|p2b: Ting-Lu|Ting-Lu, L50|100\/100\n|-ability|p2b: Ting-Lu|Vessel of Ruin\n|-enditem|p1b: Scream Tail|Booster Energy\n|-activate|p1b: Scream Tail|ability: Protosynthesis|[fromitem]\n|-start|p1b: Scream Tail|protosynthesisspe\n|turn|1\n|\n|t:|1682486986\n|move|p1a: Annihilape|Protect|p1a: Annihilape\n|-singleturn|p1a: Annihilape|Protect\n|move|p2a: Amoonguss|Rage Powder|p2a: Amoonguss\n|-singleturn|p2a: Amoonguss|move: Rage Powder\n|move|p1b: Scream Tail|Howl|p1b: Scream Tail|[spread] p1a,p1b\n|-boost|p1a: Annihilape|atk|1\n|-boost|p1b: Scream Tail|atk|1\n|move|p2b: Ting-Lu|Ruination|p1a: Annihilape\n|-activate|p1a: Annihilape|move: Protect\n|\n|upkeep\n|turn|2\n|inactive|trynderror has 30 seconds left.\n|\n|t:|1682487012\n|move|p2a: Amoonguss|Rage Powder|p2a: Amoonguss\n|-singleturn|p2a: Amoonguss|move: Rage Powder\n|move|p1b: Scream Tail|Howl|p1b: Scream Tail|[spread] p1a,p1b\n|-boost|p1a: Annihilape|atk|1\n|-boost|p1b: Scream Tail|atk|1\n|move|p1a: Annihilape|Bulk Up|p1a: Annihilape\n|-boost|p1a: Annihilape|atk|1\n|-boost|p1a: Annihilape|def|1\n|move|p2b: Ting-Lu|Ruination|p1a: Annihilape\n|-damage|p1a: Annihilape|50\/100\n|-enditem|p1a: Annihilape|Sitrus Berry|[eat]\n|-heal|p1a: Annihilape|75\/100|[from] item: Sitrus Berry\n|\n|upkeep\n|turn|3\n|\n|t:|1682487036\n|move|p1b: Scream Tail|Howl|p1b: Scream Tail|[spread] p1a,p1b\n|-boost|p1a: Annihilape|atk|1\n|-boost|p1b: Scream Tail|atk|1\n|move|p1a: Annihilape|Rage Fist|p2a: Amoonguss\n|-damage|p2a: Amoonguss|0 fnt\n|faint|p2a: Amoonguss\n|move|p2b: Ting-Lu|Ruination|p1a: Annihilape\n|-damage|p1a: Annihilape|38\/100\n|\n|upkeep\n|\n|t:|1682487046\n|switch|p2a: Kingambit|Kingambit, L50, F|100\/100\n|turn|4\n|inactive|trynderror has 30 seconds left.\n|\n|t:|1682487073\n|-terastallize|p2a: Kingambit|Dark\n|move|p1a: Annihilape|Protect|p1a: Annihilape\n|-singleturn|p1a: Annihilape|Protect\n|move|p2a: Kingambit|Sucker Punch||[still]\n|-fail|p2a: Kingambit\n|move|p1b: Scream Tail|Thunder Wave|p2a: Kingambit\n|-status|p2a: Kingambit|par\n|move|p2b: Ting-Lu|Rock Slide|p1b: Scream Tail|[spread] p1b\n|-activate|p1a: Annihilape|move: Protect\n|-damage|p1b: Scream Tail|85\/100\n|\n|upkeep\n|turn|5\n|\n|t:|1682487097\n|-terastallize|p1a: Annihilape|Water\n|cant|p2a: Kingambit|par\n|move|p1b: Scream Tail|Disable|p2a: Kingambit\n|-start|p2a: Kingambit|Disable|Sucker Punch\n|move|p1a: Annihilape|Bulk Up|p1a: Annihilape\n|-boost|p1a: Annihilape|atk|1\n|-boost|p1a: Annihilape|def|1\n|move|p2b: Ting-Lu|Rock Slide|p1a: Annihilape|[spread] p1a,p1b\n|-damage|p1a: Annihilape|29\/100\n|-damage|p1b: Scream Tail|70\/100\n|\n|upkeep\n|turn|6\n|\n|t:|1682487115\n|move|p2a: Kingambit|Protect|p2a: Kingambit\n|-singleturn|p2a: Kingambit|Protect\n|move|p1b: Scream Tail|Howl|p1b: Scream Tail|[spread] p1a,p1b\n|-boost|p1a: Annihilape|atk|1\n|-boost|p1b: Scream Tail|atk|1\n|move|p1a: Annihilape|Drain Punch|p2b: Ting-Lu\n|-supereffective|p2b: Ting-Lu\n|-damage|p2b: Ting-Lu|0 fnt\n|-heal|p1a: Annihilape|95\/100|[from] drain|[of] p2b: Ting-Lu\n|faint|p2b: Ting-Lu\n|\n|upkeep\n|-message|zoroZ3ro forfeited.\n|\n|win|trynderror\n|raw|trynderror's rating: 1321 → 1339<\/strong> (+18 for winning)\n|raw|zoroZ3ro's rating: 1288 → 1265<\/strong> (-23 for losing)\n|l|\u203dzoroZ3ro\n","uploadtime":1682487131,"views":18,"p1id":"trynderror","p2id":"zoroz3ro","formatid":"gen9vgc2023regulationc","rating":1265,"private":0,"password":""}