{"id":"gen9vgc2023regulationc-1857181803","p1":"Fixo161","p2":"Nehzzy","format":"[Gen 9] VGC 2023 Regulation C","log":"|j|\u2606Fixo161\n|j|\u2606Nehzzy\n|t:|1683154904\n|gametype|doubles\n|player|p1|Fixo161|265|1322\n|player|p2|Nehzzy|266|1262\n|teamsize|p1|6\n|teamsize|p2|6\n|gen|9\n|tier|[Gen 9] VGC 2023 Regulation C\n|rated|\n|rule|Species Clause: Limit one of each Pok\u00e9mon\n|rule|Item Clause: Limit one of each item\n|clearpoke\n|poke|p1|Dondozo, L50, M|\n|poke|p1|Tatsugiri, L50, M|\n|poke|p1|Iron Hands, L50|\n|poke|p1|Flutter Mane, L50|\n|poke|p1|Dragonite, L50, M|\n|poke|p1|Iron Bundle, L50|\n|poke|p2|Orthworm, L50, F|\n|poke|p2|Garchomp, L50, F|\n|poke|p2|Amoonguss, L50, M|\n|poke|p2|Gholdengo, L50|\n|poke|p2|Murkrow, L50, F|\n|poke|p2|Arcanine, L50, M|\n|teampreview|4\nNehzzy has agreed to open team sheets.\nFixo161 has agreed to open team sheets.\n|\n|t:|1683154951\n|start\n|switch|p1a: Iron Hands|Iron Hands, L50|100\/100\n|switch|p1b: Dondozo|Dondozo, L50, M|100\/100\n|switch|p2a: Murkrow|Murkrow, L50, F|100\/100\n|switch|p2b: Gholdengo|Gholdengo, L50|100\/100\n|turn|1\n|\n|t:|1683154990\n|switch|p2a: Arcanine|Arcanine, L50, M|100\/100\n|-ability|p2a: Arcanine|Intimidate|boost\n|-unboost|p1a: Iron Hands|atk|1\n|-unboost|p1b: Dondozo|atk|1\n|move|p1a: Iron Hands|Fake Out|p2a: Arcanine\n|-damage|p2a: Arcanine|88\/100\n|move|p2b: Gholdengo|Nasty Plot|p2b: Gholdengo\n|-boost|p2b: Gholdengo|spa|2\n|move|p1b: Dondozo|Wave Crash|p2b: Gholdengo\n|-damage|p2b: Gholdengo|70\/100\n|-damage|p1b: Dondozo|93\/100|[from] Recoil\n|\n|-heal|p1b: Dondozo|99\/100|[from] item: Leftovers\n|upkeep\n|turn|2\n|inactive|Battle timer is ON: inactive players will automatically lose when time's up. (requested by Nehzzy)\n|\n|t:|1683155050\n|switch|p2a: Murkrow|Murkrow, L50, F|100\/100\n|-end|p1a: Iron Hands|Quark Drive|[silent]\n|switch|p1a: Tatsugiri|Tatsugiri, L50, M|100\/100\n|-activate|p1a: Tatsugiri|ability: Commander|[of] p1b: Dondozo\n|-boost|p1b: Dondozo|atk|2\n|-boost|p1b: Dondozo|spa|2\n|-boost|p1b: Dondozo|spe|2\n|-boost|p1b: Dondozo|def|2\n|-boost|p1b: Dondozo|spd|2\n|move|p2b: Gholdengo|Protect|p2b: Gholdengo\n|-singleturn|p2b: Gholdengo|Protect\n|move|p1b: Dondozo|Wave Crash|p2b: Gholdengo\n|-activate|p2b: Gholdengo|move: Protect\n|\n|-heal|p1b: Dondozo|100\/100|[from] item: Leftovers\n|upkeep\n|turn|3\n|\n|t:|1683155073\n|move|p2a: Murkrow|Haze|p2a: Murkrow\n|-clearallboost\n|move|p2b: Gholdengo|Shadow Ball|p1b: Dondozo\n|-damage|p1b: Dondozo|50\/100\n|-damage|p2b: Gholdengo|61\/100|[from] item: Life Orb\n|move|p1b: Dondozo|Order Up|p2a: Murkrow\n|-damage|p2a: Murkrow|76\/100\n|-boost|p1b: Dondozo|atk|1\n|\n|-heal|p1b: Dondozo|57\/100|[from] item: Leftovers\n|upkeep\n|turn|4\n|\n|t:|1683155097\n|move|p1b: Dondozo|Protect|p1b: Dondozo\n|-singleturn|p1b: Dondozo|Protect\n|move|p2a: Murkrow|Tailwind|p2a: Murkrow\n|-sidestart|p2: Nehzzy|move: Tailwind\n|move|p2b: Gholdengo|Nasty Plot|p2b: Gholdengo\n|-boost|p2b: Gholdengo|spa|2\n|\n|-heal|p1b: Dondozo|63\/100|[from] item: Leftovers\n|upkeep\n|turn|5\n|\n|t:|1683155115\n|move|p2a: Murkrow|Dark Pulse|p1b: Dondozo\n|-damage|p1b: Dondozo|41\/100\n|move|p2b: Gholdengo|Shadow Ball|p1b: Dondozo\n|-damage|p1b: Dondozo|0 fnt\n|faint|p1b: Dondozo\n|-damage|p2b: Gholdengo|51\/100|[from] item: Life Orb\n|\n|upkeep\n|\n|t:|1683155128\n|switch|p1b: Iron Bundle|Iron Bundle, L50|100\/100\n|-enditem|p1b: Iron Bundle|Booster Energy\n|-activate|p1b: Iron Bundle|ability: Quark Drive|[fromitem]\n|-start|p1b: Iron Bundle|quarkdrivespe\n|turn|6\n|\n|t:|1683155150\n|move|p1b: Iron Bundle|Protect|p1b: Iron Bundle\n|-singleturn|p1b: Iron Bundle|Protect\n|move|p2a: Murkrow|Quash|p1b: Iron Bundle\n|-activate|p1b: Iron Bundle|move: Protect\n|move|p2b: Gholdengo|Make It Rain|p1a: Tatsugiri|[spread] p1a\n|-activate|p1b: Iron Bundle|move: Protect\n|-resisted|p1a: Tatsugiri\n|-damage|p1a: Tatsugiri|27\/100\n|-unboost|p2b: Gholdengo|spa|1\n|-damage|p2b: Gholdengo|42\/100|[from] item: Life Orb\n|move|p1a: Tatsugiri|Icy Wind|p2b: Gholdengo|[spread] p2a,p2b\n|-supereffective|p2a: Murkrow\n|-resisted|p2b: Gholdengo\n|-crit|p2b: Gholdengo\n|-damage|p2a: Murkrow|46\/100\n|-damage|p2b: Gholdengo|34\/100\n|-unboost|p2a: Murkrow|spe|1\n|-unboost|p2b: Gholdengo|spe|1\n|\n|upkeep\n|turn|7\n|inactive|Fixo161 has 30 seconds left.\n|inactive|Nehzzy has 30 seconds left.\n|inactive|Nehzzy has 20 seconds left.\n|inactive|Nehzzy has 15 seconds left.\n|inactive|Fixo161 has 20 seconds left.\n|inactive|Nehzzy has 10 seconds left.\n|\n|t:|1683155200\n|-terastallize|p1b: Iron Bundle|Ghost\n|move|p2a: Murkrow|Quash|p1b: Iron Bundle\n|-activate|p1b: Iron Bundle|move: Quash\n|move|p1a: Tatsugiri|Icy Wind|p2a: Murkrow|[spread] p2a,p2b\n|-supereffective|p2a: Murkrow\n|-resisted|p2b: Gholdengo\n|-damage|p2a: Murkrow|17\/100\n|-damage|p2b: Gholdengo|28\/100\n|-unboost|p2a: Murkrow|spe|1\n|-unboost|p2b: Gholdengo|spe|1\n|move|p2b: Gholdengo|Make It Rain|p1a: Tatsugiri|[spread] p1a,p1b\n|-resisted|p1a: Tatsugiri\n|-damage|p1a: Tatsugiri|0 fnt\n|-damage|p1b: Iron Bundle|0 fnt\n|-unboost|p2b: Gholdengo|spa|1\n|faint|p1a: Tatsugiri\n|faint|p1b: Iron Bundle\n|-end|p1b: Iron Bundle|Quark Drive|[silent]\n|-damage|p2b: Gholdengo|18\/100|[from] item: Life Orb\n|\n|-sideend|p2: Nehzzy|move: Tailwind\n|upkeep\n|\n|t:|1683155221\n|switch|p1a: Iron Hands|Iron Hands, L50|100\/100\n|turn|8\n|\n|t:|1683155241\n|move|p2a: Murkrow|Tailwind|p2a: Murkrow\n|-sidestart|p2: Nehzzy|move: Tailwind\n|move|p2b: Gholdengo|Shadow Ball|p1a: Iron Hands\n|-damage|p1a: Iron Hands|74\/100\n|-damage|p2b: Gholdengo|9\/100|[from] item: Life Orb\n|move|p1a: Iron Hands|Wild Charge|p2a: Murkrow\n|-supereffective|p2a: Murkrow\n|-damage|p2a: Murkrow|0 fnt\n|faint|p2a: Murkrow\n|-damage|p1a: Iron Hands|70\/100|[from] Recoil\n|\n|upkeep\n|\n|t:|1683155254\n|switch|p2a: Orthworm|Orthworm, L50, F, shiny|100\/100\n|turn|9\n|\n|t:|1683155266\n|switch|p2b: Arcanine|Arcanine, L50, M|88\/100\n|-ability|p2b: Arcanine|Intimidate|boost\n|-unboost|p1a: Iron Hands|atk|1\n|-terastallize|p2a: Orthworm|Poison\n|move|p2a: Orthworm|Iron Defense|p2a: Orthworm\n|-boost|p2a: Orthworm|def|2\n|move|p1a: Iron Hands|Drain Punch|p2a: Orthworm\n|-resisted|p2a: Orthworm\n|-damage|p2a: Orthworm|94\/100\n|-heal|p1a: Iron Hands|73\/100|[from] drain|[of] p2a: Orthworm\n|\n|-heal|p2a: Orthworm|99\/100|[from] item: Leftovers\n|upkeep\n|turn|10\n|-message|Fixo161 forfeited.\n|\n|win|Nehzzy\n|raw|Fixo161's rating: 1322 → 1299<\/strong> (-23 for losing)\n|raw|Nehzzy's rating: 1262 → 1291<\/strong> (+29 for winning)\n|l|\u2606Fixo161\n","uploadtime":1683155280,"views":10,"p1id":"fixo161","p2id":"nehzzy","formatid":"gen9vgc2023regulationc","rating":1291,"private":0,"password":""}