{"id":"gen9vgc2023regulationc-1852346501","p1":"pchan1f","p2":"an unaware person","format":"[Gen 9] VGC 2023 Regulation C","log":"|j|\u2606pchan1f\n|j|\u2606an unaware person\n|t:|1682546525\n|gametype|doubles\n|player|p1|pchan1f|170|1106\n|player|p2|an unaware person|veteran|1047\n|teamsize|p1|6\n|teamsize|p2|6\n|gen|9\n|tier|[Gen 9] VGC 2023 Regulation C\n|rated|\n|rule|Species Clause: Limit one of each Pok\u00e9mon\n|rule|Item Clause: Limit one of each item\n|clearpoke\n|poke|p1|Wo-Chien, L50|\n|poke|p1|Murkrow, L50, F|\n|poke|p1|Tsareena, L50, F|\n|poke|p1|Gholdengo, L50|\n|poke|p1|Iron Hands, L50|\n|poke|p1|Palafin, L50, F|\n|poke|p2|Corviknight, L50, F|\n|poke|p2|Ting-Lu, L50|\n|poke|p2|Palafin, L50, F|\n|poke|p2|Arcanine, L50, F|\n|poke|p2|Chien-Pao, L50|\n|poke|p2|Gholdengo, L50|\n|teampreview|4\n|\n|t:|1682546582\n|start\n|switch|p1a: Fat Gum|Iron Hands, L50|100\/100\n|switch|p1b: Aquafino|Palafin, L50, F|100\/100\n|switch|p2a: Arcanine|Arcanine, L50, F|100\/100\n|switch|p2b: Palafin|Palafin, L50, F|100\/100\n|-ability|p2a: Arcanine|Intimidate|boost\n|-unboost|p1a: Fat Gum|atk|1\n|-unboost|p1b: Aquafino|atk|1\n|turn|1\n|inactive|Battle timer is ON: inactive players will automatically lose when time's up. (requested by pchan1f)\n|\n|t:|1682546625\n|detailschange|p2b: Palafin|Palafin-Hero, L50, F\n|switch|p2b: Corviknight|Corviknight, L50, F|100\/100\n|move|p1a: Fat Gum|Fake Out|p2a: Arcanine\n|-damage|p2a: Arcanine|90\/100\n|move|p1b: Aquafino|Flip Turn|p2b: Corviknight\n|-damage|p2b: Corviknight|87\/100\n|\n|t:|1682546639\n|detailschange|p1b: Aquafino|Palafin-Hero, L50, F\n|switch|p1b: The Woodsman|Wo-Chien, L50|100\/100|[from] Flip Turn\n|-ability|p1b: The Woodsman|Tablets of Ruin\n|cant|p2a: Arcanine|flinch\n|\n|upkeep\n|turn|2\n|\n|t:|1682546662\n|move|p1b: The Woodsman|Protect|p1b: The Woodsman\n|-singleturn|p1b: The Woodsman|Protect\n|move|p2a: Arcanine|Howl|p2a: Arcanine|[spread] p2a,p2b\n|-boost|p2a: Arcanine|atk|1\n|-boost|p2b: Corviknight|atk|1\n|move|p2b: Corviknight|Tailwind|p2b: Corviknight\n|-sidestart|p2: an unaware person|move: Tailwind\n|move|p1a: Fat Gum|Volt Switch|p2b: Corviknight\n|-supereffective|p2b: Corviknight\n|-damage|p2b: Corviknight|59\/100\n|\n|t:|1682546675\n|-end|p1a: Fat Gum|Quark Drive|[silent]\n|switch|p1a: Aquafino|Palafin-Hero, L50, F|100\/100|[from] Volt Switch\n|-activate|p1a: Aquafino|ability: Zero to Hero\n|\n|upkeep\n|turn|3\n|inactive|an unaware person has 30 seconds left.\n|\n|t:|1682546708\n|switch|p1b: Fat Gum|Iron Hands, L50|100\/100\n|move|p2a: Arcanine|Flare Blitz|p1b: Fat Gum\n|-damage|p1b: Fat Gum|48\/100\n|-damage|p2a: Arcanine|67\/100|[from] Recoil\n|move|p1a: Aquafino|Flip Turn|p2a: Arcanine\n|-supereffective|p2a: Arcanine\n|-damage|p2a: Arcanine|0 fnt\n|faint|p2a: Arcanine\n|\n|t:|1682546722\n|switch|p1a: Metalico|Gholdengo, L50|100\/100|[from] Flip Turn\n|move|p2b: Corviknight|Brave Bird|p1a: Metalico\n|-resisted|p1a: Metalico\n|-damage|p1a: Metalico|63\/100\n|-damage|p2b: Corviknight|48\/100|[from] Recoil\n|\n|upkeep\n|\n|t:|1682546731\n|switch|p2a: Palafin|Palafin-Hero, L50, F|100\/100\n|-activate|p2a: Palafin|ability: Zero to Hero\n|turn|4\n|inactive|an unaware person has 30 seconds left.\n|\n|t:|1682546757\n|move|p1b: Fat Gum|Fake Out|p2a: Palafin\n|-damage|p2a: Palafin|86\/100\n|cant|p2a: Palafin|flinch\n|move|p2b: Corviknight|Brave Bird|p1b: Fat Gum\n|-damage|p1b: Fat Gum|0 fnt\n|faint|p1b: Fat Gum\n|-end|p1b: Fat Gum|Quark Drive|[silent]\n|-damage|p2b: Corviknight|29\/100|[from] Recoil\n|move|p1a: Metalico|Make It Rain|p2b: Corviknight|[spread] p2a,p2b\n|-resisted|p2a: Palafin\n|-resisted|p2b: Corviknight\n|-damage|p2a: Palafin|47\/100\n|-damage|p2b: Corviknight|0 fnt\n|-unboost|p1a: Metalico|spa|1\n|faint|p2b: Corviknight\n|\n|upkeep\n|\n|t:|1682546781\n|switch|p2b: Chien-Pao|Chien-Pao, L50|100\/100\n|switch|p1b: The Woodsman|Wo-Chien, L50|100\/100\n|-ability|p2b: Chien-Pao|Sword of Ruin\n|-ability|p1b: The Woodsman|Tablets of Ruin\n|turn|5\n|\n|t:|1682546804\n|-terastallize|p2a: Palafin|Water\n|move|p2a: Palafin|Jet Punch|p1a: Metalico\n|-damage|p1a: Metalico|4\/100\n|move|p2b: Chien-Pao|Ice Spinner|p1b: The Woodsman\n|-supereffective|p1b: The Woodsman\n|-damage|p1b: The Woodsman|29\/100\n|move|p1a: Metalico|Make It Rain|p2b: Chien-Pao|[spread] p2a,p2b\n|-resisted|p2a: Palafin\n|-supereffective|p2b: Chien-Pao\n|-damage|p2a: Palafin|20\/100\n|-enditem|p2b: Chien-Pao|Focus Sash\n|-damage|p2b: Chien-Pao|1\/100\n|-unboost|p1a: Metalico|spa|1\n|move|p1b: The Woodsman|Power Whip|p2a: Palafin\n|-supereffective|p2a: Palafin\n|-damage|p2a: Palafin|0 fnt\n|faint|p2a: Palafin\n|\n|-heal|p1b: The Woodsman|35\/100|[from] item: Leftovers\n|-sideend|p2: an unaware person|move: Tailwind\n|upkeep\n|turn|6\n|inactive|pchan1f has 30 seconds left.\n|\n|t:|1682546830\n|move|p2b: Chien-Pao|Ice Spinner|p1a: Metalico\n|-resisted|p1a: Metalico\n|-damage|p1a: Metalico|0 fnt\n|faint|p1a: Metalico\n|move|p1b: The Woodsman|Knock Off|p2b: Chien-Pao\n|-resisted|p2b: Chien-Pao\n|-damage|p2b: Chien-Pao|0 fnt\n|faint|p2b: Chien-Pao\n|\n|win|pchan1f\n|raw|pchan1f's rating: 1106 → 1127<\/strong> (+21 for winning)\n|raw|an unaware person's rating: 1047 → 1033<\/strong> (-14 for losing)\n|l|\u2606an unaware person\n","uploadtime":1682546957,"views":15,"p1id":"pchan1f","p2id":"anunawareperson","formatid":"gen9vgc2023regulationc","rating":1033,"private":0,"password":""}