{"id":"gen9vgc2023regulationc-1853433537","p1":"MasterHand","p2":"santi_SBA","format":"[Gen 9] VGC 2023 Regulation C","log":"|j|\u2606MasterHand\n|j|\u2606santi_SBA\n|t:|1682684600\n|gametype|doubles\n|player|p1|MasterHand|volkner|1121\n|player|p2|santi_SBA|101|1086\n|teamsize|p1|6\n|teamsize|p2|6\n|gen|9\n|tier|[Gen 9] VGC 2023 Regulation C\n|rated|\n|rule|Species Clause: Limit one of each Pok\u00e9mon\n|rule|Item Clause: Limit one of each item\n|clearpoke\n|poke|p1|Torkoal, L50, F|\n|poke|p1|Coalossal, L50, M|\n|poke|p1|Dachsbun, L50, M|\n|poke|p1|Roaring Moon, L50|\n|poke|p1|Sandy Shocks, L50|\n|poke|p1|Chi-Yu, L50|\n|poke|p2|Arcanine, L50, F|\n|poke|p2|Kingambit, L50, M|\n|poke|p2|Palafin, L50, F|\n|poke|p2|Brute Bonnet, L50|\n|poke|p2|Ting-Lu, L50|\n|poke|p2|Dragonite, L50, F|\n|teampreview|4\n|\n|t:|1682684645\n|start\n|switch|p1a: KingKoal|Torkoal, L50, F|100\/100\n|switch|p1b: Koiruption|Chi-Yu, L50|100\/100\n|switch|p2a: Palafin|Palafin, L50, F|100\/100\n|switch|p2b: Dragonite|Dragonite, L50, F|100\/100\n|-ability|p1b: Koiruption|Beads of Ruin\n|-weather|SunnyDay|[from] ability: Drought|[of] p1a: KingKoal\n|turn|1\n|\n|t:|1682684685\n|detailschange|p2a: Palafin|Palafin-Hero, L50, F\n|switch|p2a: Ting-Lu|Ting-Lu, L50|100\/100\n|-ability|p2a: Ting-Lu|Vessel of Ruin\n|switch|p1a: Thorobread|Dachsbun, L50, M|100\/100\n|move|p1b: Koiruption|Lava Plume|p2b: Dragonite|[spread] p2a,p2b\n|-ability|p1a: Thorobread|Well-Baked Body|boost\n|-boost|p1a: Thorobread|def|2\n|-resisted|p2b: Dragonite\n|-damage|p2a: Ting-Lu|78\/100\n|-damage|p2b: Dragonite|90\/100\n|move|p2b: Dragonite|Stomping Tantrum|p1a: Thorobread\n|-damage|p1a: Thorobread|83\/100\n|\n|-weather|SunnyDay|[upkeep]\n|-heal|p1a: Thorobread|90\/100|[from] item: Leftovers\n|upkeep\n|turn|2\n|\n|t:|1682684719\n|move|p1b: Koiruption|Lava Plume|p2b: Dragonite|[spread] p2a,p2b\n|-ability|p1a: Thorobread|Well-Baked Body|boost\n|-boost|p1a: Thorobread|def|2\n|-resisted|p2b: Dragonite\n|-damage|p2a: Ting-Lu|55\/100\n|-damage|p2b: Dragonite|69\/100\n|-status|p2a: Ting-Lu|brn\n|-status|p2b: Dragonite|brn\n|move|p1a: Thorobread|Substitute|p1a: Thorobread\n|-start|p1a: Thorobread|Substitute\n|-damage|p1a: Thorobread|65\/100\n|move|p2b: Dragonite|Stomping Tantrum|p1b: Koiruption\n|-supereffective|p1b: Koiruption\n|-damage|p1b: Koiruption|29\/100\n|move|p2a: Ting-Lu|Stomping Tantrum|p1b: Koiruption\n|-supereffective|p1b: Koiruption\n|-damage|p1b: Koiruption|0 fnt\n|faint|p1b: Koiruption\n|\n|-weather|SunnyDay|[upkeep]\n|-heal|p1a: Thorobread|71\/100|[from] item: Leftovers\n|-damage|p2b: Dragonite|63\/100 brn|[from] brn\n|-damage|p2a: Ting-Lu|49\/100 brn|[from] brn\n|upkeep\n|\n|t:|1682684739\n|switch|p1b: KingKoal|Torkoal, L50, F|100\/100\n|turn|3\n|\n|t:|1682684755\n|move|p1a: Thorobread|Body Press|p2a: Ting-Lu\n|-supereffective|p2a: Ting-Lu\n|-damage|p2a: Ting-Lu|0 fnt\n|faint|p2a: Ting-Lu\n|move|p2b: Dragonite|Stomping Tantrum|p1b: KingKoal\n|-supereffective|p1b: KingKoal\n|-damage|p1b: KingKoal|75\/100\n|-damage|p2b: Dragonite|47\/100 brn|[from] item: Rocky Helmet|[of] p1b: KingKoal\n|move|p1b: KingKoal|Lava Plume|p2b: Dragonite|[spread] p2b\n|-ability|p1a: Thorobread|Well-Baked Body|boost\n|-boost|p1a: Thorobread|def|2\n|-resisted|p2b: Dragonite\n|-damage|p2b: Dragonite|32\/100 brn\n|\n|-weather|SunnyDay|[upkeep]\n|-heal|p1a: Thorobread|77\/100|[from] item: Leftovers\n|-damage|p2b: Dragonite|27\/100 brn|[from] brn\n|upkeep\n|\n|t:|1682684779\n|switch|p2a: Palafin|Palafin-Hero, L50, F|100\/100\n|-activate|p2a: Palafin|ability: Zero to Hero\n|turn|4\n|\n|t:|1682684794\n|-terastallize|p1b: KingKoal|Water\n|move|p1a: Thorobread|Body Press|p2a: Palafin\n|-damage|p2a: Palafin|11\/100\n|move|p2a: Palafin|Haze|p2a: Palafin\n|-clearallboost\n|move|p2b: Dragonite|Stomping Tantrum|p1b: KingKoal\n|-damage|p1b: KingKoal|62\/100\n|-damage|p2b: Dragonite|10\/100 brn|[from] item: Rocky Helmet|[of] p1b: KingKoal\n|move|p1b: KingKoal|Yawn|p2a: Palafin\n|-start|p2a: Palafin|move: Yawn|[of] p1b: KingKoal\n|\n|-weather|SunnyDay|[upkeep]\n|-heal|p1a: Thorobread|83\/100|[from] item: Leftovers\n|-damage|p2b: Dragonite|5\/100 brn|[from] brn\n|upkeep\n|turn|5\n|\n|t:|1682684819\n|move|p1a: Thorobread|Body Press|p2a: Palafin\n|-damage|p2a: Palafin|0 fnt\n|faint|p2a: Palafin\n|move|p2b: Dragonite|Stomping Tantrum|p1b: KingKoal\n|-damage|p1b: KingKoal|49\/100\n|-damage|p2b: Dragonite|0 fnt|[from] item: Rocky Helmet|[of] p1b: KingKoal\n|faint|p2b: Dragonite\n|move|p1b: KingKoal|Lava Plume|p1a: Thorobread\n|-ability|p1a: Thorobread|Well-Baked Body|boost\n|-boost|p1a: Thorobread|def|2\n|\n|-weather|none\n|-heal|p1a: Thorobread|89\/100|[from] item: Leftovers\n|upkeep\n|-message|santi_SBA forfeited.\n|\n|win|MasterHand\n|raw|MasterHand's rating: 1121 → 1143<\/strong> (+22 for winning)\n|raw|santi_SBA's rating: 1086 → 1065<\/strong> (-21 for losing)\n|l|\u2606santi_SBA\n","uploadtime":1682684839,"views":11,"p1id":"masterhand","p2id":"santisba","formatid":"gen9vgc2023regulationc","rating":1065,"private":0,"password":""}