{"id":"gen9vgc2023regulationc-1863718217","p1":"Sumovgc","p2":"Mattando97","format":"[Gen 9] VGC 2023 Regulation C","log":"|j|\u2606Sumovgc\n|j|\u2606Mattando97\n|t:|1684066450\n|gametype|doubles\n|player|p1|Sumovgc|170|\n|player|p2|Mattando97|unknownf|\n|teamsize|p1|6\n|teamsize|p2|6\n|gen|9\n|tier|[Gen 9] VGC 2023 Regulation C\n|rule|Species Clause: Limit one of each Pok\u00e9mon\n|rule|Item Clause: Limit one of each item\n|clearpoke\n|poke|p1|Clodsire, L50, M|\n|poke|p1|Hawlucha, L50, M|\n|poke|p1|Chi-Yu, L50|\n|poke|p1|Tyranitar, L50, F|\n|poke|p1|Lycanroc, L50, F|\n|poke|p1|Sandy Shocks, L50|\n|poke|p2|Tatsugiri-Droopy, L50, F|\n|poke|p2|Dondozo, L50, F|\n|poke|p2|Iron Treads, L50|\n|poke|p2|Pawmot, L50, M|\n|poke|p2|Dachsbun, L50, M|\n|poke|p2|Amoonguss, L50, M|\n|teampreview|4\n|j| Freischieb\nMattando97 has agreed to open team sheets.\nSumovgc has agreed to open team sheets.\n|\n|t:|1684066547\n|start\n|switch|p1a: Gojirra|Tyranitar, L50, F|100\/100\n|switch|p1b: Spiky Doggy|Lycanroc, L50, F|100\/100\n|switch|p2a: Donductor|Tatsugiri-Droopy, L50, F, shiny|100\/100\n|switch|p2b: Tech Tyre|Iron Treads, L50|100\/100\n|-weather|Sandstorm|[from] ability: Sand Stream|[of] p1a: Gojirra\n|-enditem|p2b: Tech Tyre|Booster Energy\n|-activate|p2b: Tech Tyre|ability: Quark Drive|[fromitem]\n|-start|p2b: Tech Tyre|quarkdrivespe\n|turn|1\n|\n|t:|1684066655\n|-end|p2b: Tech Tyre|Quark Drive|[silent]\n|switch|p2b: Fadgie|Dachsbun, L50, M|100\/100\n|-terastallize|p2a: Donductor|Grass\n|move|p1b: Spiky Doggy|Endure|p1b: Spiky Doggy\n|-singleturn|p1b: Spiky Doggy|move: Endure\n|move|p2a: Donductor|Soak|p1b: Spiky Doggy\n|-start|p1b: Spiky Doggy|typechange|Water\n|move|p1a: Gojirra|Payback|p2a: Donductor\n|-damage|p2a: Donductor|0 fnt\n|faint|p2a: Donductor\n|\n|-weather|Sandstorm|[upkeep]\n|-damage|p2b: Fadgie|95\/100|[from] Sandstorm\n|upkeep\n|c|\u2606Mattando97|showdown bug?\n|c| Freischieb|oof\n|c|\u2606Sumovgc|what bug?\n|\n|t:|1684066709\n|switch|p2a: Tech Tyre|Iron Treads, L50|100\/100\n|turn|2\n|c|\u2606Mattando97|no sand damage on lycanroc\n|c| Freischieb|dog not taking sand chip\n|c|\u2606Mattando97|since water type now\n|c|\u2606Sumovgc|sand rush\n|c| Freischieb|ah\n|c|\u2606Sumovgc|stops damage\n|c|\u2606Sumovgc|regardless of type\n|c|\u2606Mattando97|ah I had no clue lmao\n|c|\u2606Mattando97|there goes my strat for that lmao\n|c| Freischieb|i forgot that lol\n|c|\u2606Sumovgc|lol\n|\n|t:|1684066770\n|move|p1a: Gojirra|Protect|p1a: Gojirra\n|-singleturn|p1a: Gojirra|Protect\n|move|p1b: Spiky Doggy|Close Combat|p2a: Tech Tyre\n|-supereffective|p2a: Tech Tyre\n|-damage|p2a: Tech Tyre|25\/100\n|-unboost|p1b: Spiky Doggy|def|1\n|-unboost|p1b: Spiky Doggy|spd|1\n|move|p2a: Tech Tyre|Iron Head|p1a: Gojirra\n|-activate|p1a: Gojirra|move: Protect\n|move|p2b: Fadgie|Trailblaze|p1b: Spiky Doggy\n|-supereffective|p1b: Spiky Doggy\n|-damage|p1b: Spiky Doggy|39\/100\n|-boost|p2b: Fadgie|spe|1\n|\n|-weather|Sandstorm|[upkeep]\n|-damage|p2b: Fadgie|89\/100|[from] Sandstorm\n|upkeep\n|turn|3\n|\n|t:|1684066840\n|move|p1b: Spiky Doggy|Close Combat|p2a: Tech Tyre\n|-supereffective|p2a: Tech Tyre\n|-damage|p2a: Tech Tyre|0 fnt\n|-unboost|p1b: Spiky Doggy|def|1\n|-unboost|p1b: Spiky Doggy|spd|1\n|faint|p2a: Tech Tyre\n|-end|p2a: Tech Tyre|Quark Drive|[silent]\n|move|p2b: Fadgie|Play Rough|p1a: Gojirra\n|-supereffective|p1a: Gojirra\n|-damage|p1a: Gojirra|53\/100\n|move|p1a: Gojirra|Rock Slide|p2b: Fadgie\n|-damage|p2b: Fadgie|45\/100\n|\n|-weather|Sandstorm|[upkeep]\n|-damage|p2b: Fadgie|39\/100|[from] Sandstorm\n|upkeep\n|\n|t:|1684066853\n|switch|p2a: Dozo Express|Dondozo, L50, F, shiny|100\/100\n|turn|4\n|\n|t:|1684066905\n|move|p1b: Spiky Doggy|Rock Slide|p2b: Fadgie|[spread] p2a,p2b\n|-damage|p2a: Dozo Express|86\/100\n|-damage|p2b: Fadgie|19\/100\n|move|p2b: Fadgie|Trailblaze|p1a: Gojirra\n|-supereffective|p1a: Gojirra\n|-damage|p1a: Gojirra|34\/100\n|-boost|p2b: Fadgie|spe|1\n|move|p2a: Dozo Express|Wave Crash|p1a: Gojirra\n|-supereffective|p1a: Gojirra\n|-damage|p1a: Gojirra|0 fnt\n|faint|p1a: Gojirra\n|-damage|p2a: Dozo Express|76\/100|[from] Recoil\n|\n|-weather|Sandstorm|[upkeep]\n|-damage|p2b: Fadgie|13\/100|[from] Sandstorm\n|-damage|p2a: Dozo Express|70\/100|[from] Sandstorm\n|upkeep\n|\n|t:|1684066960\n|switch|p1a: Nemo on Gear|Chi-Yu, L50|100\/100\n|-ability|p1a: Nemo on Gear|Beads of Ruin\n|turn|5\n|\n|t:|1684066994\n|move|p1b: Spiky Doggy|Endure|p1b: Spiky Doggy\n|-singleturn|p1b: Spiky Doggy|move: Endure\n|move|p2b: Fadgie|Trailblaze|p1b: Spiky Doggy\n|-supereffective|p1b: Spiky Doggy\n|-activate|p1b: Spiky Doggy|move: Endure\n|-damage|p1b: Spiky Doggy|1\/100\n|-boost|p2b: Fadgie|spe|1\n|move|p1a: Nemo on Gear|Dark Pulse|p2b: Fadgie\n|-resisted|p2b: Fadgie\n|-damage|p2b: Fadgie|0 fnt\n|faint|p2b: Fadgie\n|move|p2a: Dozo Express|Heavy Slam|p1a: Nemo on Gear\n|-resisted|p1a: Nemo on Gear\n|-damage|p1a: Nemo on Gear|81\/100\n|\n|-weather|none\n|upkeep\n|turn|6\n|\n|t:|1684067015\n|switch|p1a: Stiff Feathers|Hawlucha, L50, M|100\/100\n|-ability|p1a: Stiff Feathers|Mold Breaker\n|move|p1b: Spiky Doggy|Endeavor|p2a: Dozo Express\n|-damage|p2a: Dozo Express|1\/100\n|move|p2a: Dozo Express|Earthquake|p1b: Spiky Doggy|[spread] p1b\n|-immune|p1a: Stiff Feathers\n|-damage|p1b: Spiky Doggy|0 fnt\n|faint|p1b: Spiky Doggy\n|\n|upkeep\n|\n|t:|1684067026\n|switch|p1b: Nemo on Gear|Chi-Yu, L50|81\/100\n|-ability|p1b: Nemo on Gear|Beads of Ruin\n|turn|7\n|\n|t:|1684067032\n|move|p1b: Nemo on Gear|Dark Pulse|p2a: Dozo Express\n|-damage|p2a: Dozo Express|0 fnt\n|faint|p2a: Dozo Express\n|\n|win|Sumovgc\n|c|\u2606Sumovgc|gg\n","uploadtime":1684067036,"views":12,"p1id":"sumovgc","p2id":"mattando97","formatid":"gen9vgc2023regulationc","rating":0,"private":0,"password":""}