{"id":"gen9vgc2023regulationc-1855833036","p1":"Kiriziomaro","p2":"Yaretherenonames","format":"[Gen 9] VGC 2023 Regulation C","log":"|j|\u2606Kiriziomaro\n|j|\u2606Yaretherenonames\n|t:|1682989547\n|gametype|doubles\n|player|p1|Kiriziomaro|lance|1258\n|player|p2|Yaretherenonames|linebacker|1184\n|teamsize|p1|6\n|teamsize|p2|6\n|gen|9\n|tier|[Gen 9] VGC 2023 Regulation C\n|rated|\n|rule|Species Clause: Limit one of each Pok\u00e9mon\n|rule|Item Clause: Limit one of each item\n|clearpoke\n|poke|p1|Dondozo, L50, F|\n|poke|p1|Tatsugiri-Stretchy, L50, F|\n|poke|p1|Chi-Yu, L50|\n|poke|p1|Flutter Mane, L50|\n|poke|p1|Dragonite, L50, M|\n|poke|p1|Glimmora, L50, M|\n|poke|p2|Lilligant, L50, F|\n|poke|p2|Torkoal, L50, F|\n|poke|p2|Flutter Mane, L50|\n|poke|p2|Kingambit, L50, F|\n|poke|p2|Dragonite, L50, F|\n|poke|p2|Great Tusk, L50|\n|teampreview|4\n|inactive|Battle timer is ON: inactive players will automatically lose when time's up. (requested by Yaretherenonames)\n|inactive|Yaretherenonames has 60 seconds left.\n|\n|t:|1682989604\n|start\n|switch|p1a: Glimmora|Glimmora, L50, M|100\/100\n|switch|p1b: Dondozo|Dondozo, L50, F|100\/100\n|switch|p2a: TT|Lilligant, L50, F, shiny|100\/100\n|switch|p2b: Breakthrough|Torkoal, L50, F, shiny|100\/100\n|-weather|SunnyDay|[from] ability: Drought|[of] p2b: Breakthrough\n|turn|1\n|inactive|Yaretherenonames has 30 seconds left.\n|\n|t:|1682989634\n|move|p2a: TT|Protect|p2a: TT\n|-singleturn|p2a: TT|Protect\n|move|p1a: Glimmora|Power Gem|p2b: Breakthrough\n|-supereffective|p2b: Breakthrough\n|-damage|p2b: Breakthrough|0 fnt\n|faint|p2b: Breakthrough\n|move|p1b: Dondozo|Yawn|p2a: TT\n|-activate|p2a: TT|move: Protect\n|\n|-weather|SunnyDay|[upkeep]\n|upkeep\n|\n|t:|1682989648\n|switch|p2b: Trouble|Great Tusk, L50, shiny|100\/100\n|-activate|p2b: Trouble|ability: Protosynthesis\n|-start|p2b: Trouble|protosynthesisatk\n|turn|2\n|\n|t:|1682989665\n|move|p1a: Glimmora|Spiky Shield|p1a: Glimmora\n|-singleturn|p1a: Glimmora|move: Protect\n|move|p1b: Dondozo|Protect|p1b: Dondozo\n|-singleturn|p1b: Dondozo|Protect\n|move|p2a: TT|Sleep Powder|p1b: Dondozo\n|-activate|p1b: Dondozo|move: Protect\n|move|p2b: Trouble|Headlong Rush|p1a: Glimmora\n|-activate|p1a: Glimmora|move: Protect\n|-damage|p2b: Trouble|88\/100|[from] Spiky Shield|[of] p1a: Glimmora\n|\n|-weather|SunnyDay|[upkeep]\n|upkeep\n|turn|3\n|\n|t:|1682989685\n|move|p2a: TT|Sleep Powder|p1b: Dondozo\n|-status|p1b: Dondozo|slp|[from] move: Sleep Powder\n|move|p2b: Trouble|Headlong Rush|p1a: Glimmora\n|-supereffective|p1a: Glimmora\n|-enditem|p1a: Glimmora|Focus Sash\n|-damage|p1a: Glimmora|1\/100\n|-unboost|p2b: Trouble|def|1\n|-unboost|p2b: Trouble|spd|1\n|-activate|p1a: Glimmora|ability: Toxic Debris\n|-sidestart|p2: Yaretherenonames|move: Toxic Spikes\n|move|p1a: Glimmora|Toxic|p2b: Trouble\n|-status|p2b: Trouble|tox\n|cant|p1b: Dondozo|slp\n|\n|-weather|SunnyDay|[upkeep]\n|-damage|p2b: Trouble|83\/100 tox|[from] psn\n|upkeep\n|turn|4\n|inactive|Yaretherenonames has 30 seconds left.\n|\n|t:|1682989713\n|move|p1a: Glimmora|Spiky Shield|p1a: Glimmora\n|-singleturn|p1a: Glimmora|move: Protect\n|move|p2a: TT|Leaf Storm|p1b: Dondozo\n|-supereffective|p1b: Dondozo\n|-damage|p1b: Dondozo|21\/100 slp\n|-unboost|p2a: TT|spa|2\n|-enditem|p1b: Dondozo|Sitrus Berry|[eat]\n|-heal|p1b: Dondozo|46\/100 slp|[from] item: Sitrus Berry\n|move|p2b: Trouble|Headlong Rush|p1b: Dondozo\n|-damage|p1b: Dondozo|0 fnt\n|-unboost|p2b: Trouble|def|1\n|-unboost|p2b: Trouble|spd|1\n|faint|p1b: Dondozo\n|\n|-weather|SunnyDay|[upkeep]\n|-damage|p2b: Trouble|71\/100 tox|[from] psn\n|upkeep\n|\n|t:|1682989732\n|switch|p1b: Flutter Mane|Flutter Mane, L50|100\/100\n|-activate|p1b: Flutter Mane|ability: Protosynthesis\n|-start|p1b: Flutter Mane|protosynthesisspe\n|turn|5\n|\n|t:|1682989743\n|move|p1b: Flutter Mane|Protect|p1b: Flutter Mane\n|-singleturn|p1b: Flutter Mane|Protect\n|move|p2a: TT|After You|p2b: Trouble\n|-activate|p2b: Trouble|move: After You\n|move|p2b: Trouble|Headlong Rush|p1b: Flutter Mane\n|-activate|p1b: Flutter Mane|move: Protect\n|move|p1a: Glimmora|Toxic|p2a: TT\n|-status|p2a: TT|tox\n|\n|-weather|none\n|-end|p1b: Flutter Mane|Protosynthesis\n|-end|p2b: Trouble|Protosynthesis\n|-damage|p2a: TT|94\/100 tox|[from] psn\n|-damage|p2b: Trouble|54\/100 tox|[from] psn\n|upkeep\n|-enditem|p1b: Flutter Mane|Booster Energy\n|-activate|p1b: Flutter Mane|ability: Protosynthesis|[fromitem]\n|-start|p1b: Flutter Mane|protosynthesisspe\n|turn|6\n|inactive|Kiriziomaro has 30 seconds left.\n|inactive|Yaretherenonames has 30 seconds left.\n|inactive|Kiriziomaro has 20 seconds left.\n|\n|t:|1682989779\n|move|p1b: Flutter Mane|Hex|p2b: Trouble\n|-damage|p2b: Trouble|0 fnt\n|faint|p2b: Trouble\n|-end|p2b: Trouble|Protosynthesis|[silent]\n|move|p2a: TT|Sleep Powder|p1b: Flutter Mane\n|-status|p1b: Flutter Mane|slp|[from] move: Sleep Powder\n|move|p1a: Glimmora|Earth Power|p2a: TT\n|-resisted|p2a: TT\n|-damage|p2a: TT|72\/100 tox\n|\n|-damage|p2a: TT|60\/100 tox|[from] psn\n|upkeep\n|\n|t:|1682989792\n|switch|p2b: FANCY|Flutter Mane, L50, shiny|100\/100\n|-status|p2b: FANCY|psn\n|turn|7\n|inactive|Yaretherenonames has 30 seconds left.\n|\n|t:|1682989818\n|-terastallize|p1b: Flutter Mane|Steel\n|move|p1a: Glimmora|Spiky Shield|p1a: Glimmora\n|-singleturn|p1a: Glimmora|move: Protect\n|cant|p1b: Flutter Mane|slp\n|move|p2b: FANCY|Dazzling Gleam|p1a: Glimmora|[spread] p1b\n|-activate|p1a: Glimmora|move: Protect\n|-resisted|p1b: Flutter Mane\n|-damage|p1b: Flutter Mane|76\/100 slp\n|move|p2a: TT|Leaf Storm|p1b: Flutter Mane\n|-resisted|p1b: Flutter Mane\n|-damage|p1b: Flutter Mane|62\/100 slp\n|-unboost|p2a: TT|spa|2\n|\n|-damage|p2b: FANCY|88\/100 psn|[from] psn\n|-damage|p2a: TT|42\/100 tox|[from] psn\n|upkeep\n|turn|8\n|inactive|Yaretherenonames has 30 seconds left.\n|\n|t:|1682989844\n|-terastallize|p2b: FANCY|Fairy\n|cant|p1b: Flutter Mane|slp\n|move|p2b: FANCY|Dazzling Gleam|p1a: Glimmora|[spread] p1a,p1b\n|-resisted|p1a: Glimmora\n|-resisted|p1b: Flutter Mane\n|-damage|p1a: Glimmora|0 fnt\n|-damage|p1b: Flutter Mane|30\/100 slp\n|faint|p1a: Glimmora\n|move|p2a: TT|Leaf Storm|p1b: Flutter Mane\n|-resisted|p1b: Flutter Mane\n|-damage|p1b: Flutter Mane|20\/100 slp\n|-unboost|p2a: TT|spa|2\n|\n|-damage|p2b: FANCY|76\/100 psn|[from] psn\n|-damage|p2a: TT|17\/100 tox|[from] psn\n|upkeep\n|\n|t:|1682989854\n|switch|p1a: Dragonite|Dragonite, L50, M|100\/100\n|turn|9\n|\n|t:|1682989863\n|cant|p1b: Flutter Mane|slp\n|move|p1a: Dragonite|Protect|p1a: Dragonite\n|-singleturn|p1a: Dragonite|Protect\n|move|p2b: FANCY|Dazzling Gleam|p1b: Flutter Mane|[spread] p1b\n|-activate|p1a: Dragonite|move: Protect\n|-resisted|p1b: Flutter Mane\n|-damage|p1b: Flutter Mane|0 fnt\n|faint|p1b: Flutter Mane\n|-end|p1b: Flutter Mane|Protosynthesis|[silent]\n|move|p2a: TT|After You||[still]\n|-fail|p2a: TT\n|\n|-damage|p2b: FANCY|64\/100 psn|[from] psn\n|-damage|p2a: TT|0 fnt|[from] psn\n|faint|p2a: TT\n|upkeep\n|turn|10\n|\n|t:|1682989880\n|move|p1a: Dragonite|Extreme Speed|p2b: FANCY\n|-damage|p2b: FANCY|10\/100 psn\n|move|p2b: FANCY|Dazzling Gleam|p1a: Dragonite\n|-supereffective|p1a: Dragonite\n|-damage|p1a: Dragonite|11\/100\n|\n|-damage|p2b: FANCY|0 fnt|[from] psn\n|faint|p2b: FANCY\n|-end|p2b: FANCY|Protosynthesis|[silent]\n|\n|win|Kiriziomaro\n|upkeep\n|raw|Kiriziomaro's rating: 1258 → 1278<\/strong> (+20 for winning)\n|raw|Yaretherenonames's rating: 1184 → 1164<\/strong> (-20 for losing)\n","uploadtime":1682989891,"views":16,"p1id":"kiriziomaro","p2id":"yaretherenonames","formatid":"gen9vgc2023regulationc","rating":1164,"private":0,"password":""}