{"id":"gen9vgc2023regulationc-1861761740","p1":"Felipe.Miller.V","p2":"LUMPECTOMY","format":"[Gen 9] VGC 2023 Regulation C","log":"|j|\u2606Felipe.Miller.V\n|j|\u2606LUMPECTOMY\n|t:|1683805707\n|gametype|doubles\n|player|p1|Felipe.Miller.V|1|1349\n|player|p2|LUMPECTOMY|volo|1266\n|teamsize|p1|6\n|teamsize|p2|6\n|gen|9\n|tier|[Gen 9] VGC 2023 Regulation C\n|rated|\n|rule|Species Clause: Limit one of each Pok\u00e9mon\n|rule|Item Clause: Limit one of each item\n|clearpoke\n|poke|p1|Flutter Mane, L50|\n|poke|p1|Baxcalibur, L50, M|\n|poke|p1|Mimikyu, L50, M|\n|poke|p1|Maushold, L50|\n|poke|p1|Iron Hands, L50|\n|poke|p1|Torkoal, L50, F|\n|poke|p2|Annihilape, L50, M|\n|poke|p2|Maushold-Four, L50|\n|poke|p2|Ting-Lu, L50|\n|poke|p2|Arcanine, L50, F|\n|poke|p2|Palafin, L50, F|\n|poke|p2|Amoonguss, L50, F|\n|teampreview|4\n|inactive|Battle timer is ON: inactive players will automatically lose when time's up. (requested by LUMPECTOMY)\n|inactive|Felipe.Miller.V has 60 seconds left.\n|inactive|Felipe.Miller.V has 30 seconds left.\n|inactive|Felipe.Miller.V has 20 seconds left.\n|inactive|Felipe.Miller.V has 15 seconds left.\n|inactive|Felipe.Miller.V has 10 seconds left.\n|inactive|Felipe.Miller.V has 5 seconds left.\n|\n|t:|1683805794\n|start\n|switch|p1a: Flutter Mane|Flutter Mane, L50, shiny|100\/100\n|switch|p1b: Iron Hands|Iron Hands, L50|100\/100\n|switch|p2a: ChiYu|Arcanine, L50, F|100\/100\n|switch|p2b: Palafin|Palafin, L50, F|100\/100\n|-ability|p2a: ChiYu|Intimidate|boost\n|-unboost|p1a: Flutter Mane|atk|1\n|-unboost|p1b: Iron Hands|atk|1\n|-enditem|p1b: Iron Hands|Booster Energy\n|-activate|p1b: Iron Hands|ability: Quark Drive|[fromitem]\n|-start|p1b: Iron Hands|quarkdriveatk\n|turn|1\n|inactive|Felipe.Miller.V has 30 seconds left.\n|inactive|Felipe.Miller.V has 20 seconds left.\n|inactive|Felipe.Miller.V has 15 seconds left.\n|\n|t:|1683805837\n|-terastallize|p1b: Iron Hands|Fire\n|move|p2b: Palafin|Protect|p2b: Palafin\n|-singleturn|p2b: Palafin|Protect\n|move|p2a: ChiYu|Snarl|p1b: Iron Hands|[spread] p1a,p1b\n|-damage|p1a: Flutter Mane|94\/100\n|-damage|p1b: Iron Hands|92\/100\n|-unboost|p1a: Flutter Mane|spa|1\n|-unboost|p1b: Iron Hands|spa|1\n|move|p1b: Iron Hands|Thunder Punch|p2b: Palafin\n|-activate|p2b: Palafin|move: Protect\n|move|p1a: Flutter Mane|Trick Room|p1a: Flutter Mane\n|-fieldstart|move: Trick Room|[of] p1a: Flutter Mane\n|\n|upkeep\n|turn|2\n|inactive|Felipe.Miller.V has 30 seconds left.\n|inactive|LUMPECTOMY has 30 seconds left.\n|j| gmax dracovish\n|inactive|Felipe.Miller.V has 20 seconds left.\n|inactive|LUMPECTOMY has 20 seconds left.\n|inactive|LUMPECTOMY has 15 seconds left.\n|\n|t:|1683805881\n|move|p2b: Palafin|Protect|p2b: Palafin\n|-singleturn|p2b: Palafin|Protect\n|move|p1b: Iron Hands|Fire Punch|p2b: Palafin\n|-activate|p2b: Palafin|move: Protect\n|move|p1a: Flutter Mane|Misty Terrain|p1a: Flutter Mane\n|-fieldstart|move: Misty Terrain\n|move|p2a: ChiYu|Snarl|p1b: Iron Hands|[spread] p1a,p1b\n|-damage|p1a: Flutter Mane|86\/100\n|-damage|p1b: Iron Hands|84\/100\n|-unboost|p1a: Flutter Mane|spa|1\n|-unboost|p1b: Iron Hands|spa|1\n|\n|upkeep\n|turn|3\n|inactive|Felipe.Miller.V has 30 seconds left.\n|l| gmax dracovish\n|inactive|Felipe.Miller.V has 20 seconds left.\n|inactive|Felipe.Miller.V has 15 seconds left.\n|\n|t:|1683805922\n|-end|p1a: Flutter Mane|Protosynthesis|[silent]\n|switch|p1a: Maushold|Maushold, L50, shiny|100\/100\n|detailschange|p2b: Palafin|Palafin-Hero, L50, F\n|switch|p2b: Ting-Lu|Ting-Lu, L50|100\/100\n|-ability|p2b: Ting-Lu|Vessel of Ruin\n|move|p1b: Iron Hands|Thunder Punch|p2b: Ting-Lu\n|-immune|p2b: Ting-Lu\n|move|p2a: ChiYu|Snarl|p1b: Iron Hands|[spread] p1a,p1b\n|-damage|p1a: Maushold|91\/100\n|-damage|p1b: Iron Hands|78\/100\n|-unboost|p1a: Maushold|spa|1\n|-unboost|p1b: Iron Hands|spa|1\n|\n|upkeep\n|turn|4\n|\n|t:|1683805942\n|move|p2a: ChiYu|Protect|p2a: ChiYu\n|-singleturn|p2a: ChiYu|Protect\n|move|p1b: Iron Hands|Drain Punch|p2b: Ting-Lu\n|-supereffective|p2b: Ting-Lu\n|-damage|p2b: Ting-Lu|59\/100\n|-heal|p1b: Iron Hands|98\/100|[from] drain|[of] p2b: Ting-Lu\n|move|p2b: Ting-Lu|Stomping Tantrum|p1b: Iron Hands\n|-supereffective|p1b: Iron Hands\n|-damage|p1b: Iron Hands|61\/100\n|move|p1a: Maushold|Population Bomb|p2a: ChiYu\n|-activate|p2a: ChiYu|move: Protect\n|\n|upkeep\n|turn|5\n|inactive|LUMPECTOMY has 30 seconds left.\n|inactive|LUMPECTOMY has 20 seconds left.\n|inactive|LUMPECTOMY has 15 seconds left.\n|inactive|LUMPECTOMY has 10 seconds left.\n|\n|t:|1683805991\n|move|p2a: ChiYu|Protect||[still]\n|-fail|p2a: ChiYu\n|move|p1b: Iron Hands|Drain Punch|p2b: Ting-Lu\n|-supereffective|p2b: Ting-Lu\n|-damage|p2b: Ting-Lu|17\/100\n|-heal|p1b: Iron Hands|82\/100|[from] drain|[of] p2b: Ting-Lu\n|move|p2b: Ting-Lu|Stomping Tantrum|p1b: Iron Hands\n|-supereffective|p1b: Iron Hands\n|-damage|p1b: Iron Hands|45\/100\n|move|p1a: Maushold|Population Bomb|p2a: ChiYu\n|-damage|p2a: ChiYu|86\/100\n|-damage|p2a: ChiYu|73\/100\n|-damage|p2a: ChiYu|58\/100\n|-damage|p2a: ChiYu|44\/100\n|-damage|p2a: ChiYu|31\/100\n|-hitcount|p2a: ChiYu|5\n|\n|-fieldend|move: Trick Room\n|upkeep\n|turn|6\n|inactive|Felipe.Miller.V has 30 seconds left.\n|\n|t:|1683806026\n|switch|p2b: Amoonguss|Amoonguss, L50, F, shiny|100\/100\n|move|p2a: ChiYu|Flare Blitz|p1a: Maushold\n|-damage|p1a: Maushold|18\/100\n|-damage|p2a: ChiYu|13\/100|[from] Recoil\n|-enditem|p2a: ChiYu|Figy Berry|[eat]\n|-heal|p2a: ChiYu|46\/100|[from] item: Figy Berry\n|move|p1a: Maushold|Population Bomb|p2a: ChiYu\n|-damage|p2a: ChiYu|32\/100\n|-damage|p2a: ChiYu|18\/100\n|-damage|p2a: ChiYu|4\/100\n|-damage|p2a: ChiYu|0 fnt\n|faint|p2a: ChiYu\n|-hitcount|p2: ChiYu|4\n|move|p1b: Iron Hands|Thunder Punch|p2b: Amoonguss\n|-resisted|p2b: Amoonguss\n|-damage|p2b: Amoonguss|84\/100\n|\n|-fieldend|Misty Terrain\n|upkeep\n|\n|t:|1683806031\n|switch|p2a: Palafin|Palafin-Hero, L50, F|100\/100\n|-activate|p2a: Palafin|ability: Zero to Hero\n|turn|7\n|inactive|Felipe.Miller.V has 30 seconds left.\n|inactive|Felipe.Miller.V has 20 seconds left.\n|inactive|Felipe.Miller.V has 15 seconds left.\n|\n|t:|1683806074\n|-end|p1b: Iron Hands|Quark Drive|[silent]\n|switch|p1b: Torkoal|Torkoal, L50, F, shiny|100\/100\n|-weather|SunnyDay|[from] ability: Drought|[of] p1b: Torkoal\n|-terastallize|p2a: Palafin|Water\n|move|p2a: Palafin|Jet Punch|p1b: Torkoal\n|-supereffective|p1b: Torkoal\n|-damage|p1b: Torkoal|53\/100\n|move|p1a: Maushold|Population Bomb|p2b: Amoonguss\n|-damage|p2b: Amoonguss|72\/100\n|-damage|p2b: Amoonguss|61\/100\n|-hitcount|p2b: Amoonguss|2\n|move|p2b: Amoonguss|Pollen Puff|p2a: Palafin\n|-immune|p2a: Palafin\n|\n|-weather|SunnyDay|[upkeep]\n|upkeep\n|turn|8\n|inactive|Felipe.Miller.V has 30 seconds left.\n|\n|t:|1683806106\n|move|p2b: Amoonguss|Protect|p2b: Amoonguss\n|-singleturn|p2b: Amoonguss|Protect\n|move|p2a: Palafin|Jet Punch|p1a: Maushold\n|-damage|p1a: Maushold|0 fnt\n|faint|p1a: Maushold\n|move|p1b: Torkoal|Flamethrower|p2a: Palafin\n|-resisted|p2a: Palafin\n|-damage|p2a: Palafin|61\/100\n|\n|-weather|SunnyDay|[upkeep]\n|upkeep\n|\n|t:|1683806116\n|switch|p1a: Flutter Mane|Flutter Mane, L50, shiny|86\/100\n|-activate|p1a: Flutter Mane|ability: Protosynthesis\n|-start|p1a: Flutter Mane|protosynthesisspa\n|turn|9\n|\n|t:|1683806126\n|move|p2a: Palafin|Protect|p2a: Palafin\n|-singleturn|p2a: Palafin|Protect\n|move|p1a: Flutter Mane|Misty Terrain|p1a: Flutter Mane\n|-fieldstart|move: Misty Terrain\n|move|p2b: Amoonguss|Spore|p1a: Flutter Mane\n|-activate|p1a: Flutter Mane|move: Misty Terrain\n|move|p1b: Torkoal|Flamethrower|p2a: Palafin\n|-activate|p2a: Palafin|move: Protect\n|\n|-weather|SunnyDay|[upkeep]\n|upkeep\n|turn|10\n|\n|t:|1683806146\n|switch|p2a: Ting-Lu|Ting-Lu, L50|17\/100\n|-ability|p2a: Ting-Lu|Vessel of Ruin\n|move|p1a: Flutter Mane|Moonblast|p2a: Ting-Lu\n|-supereffective|p2a: Ting-Lu\n|-damage|p2a: Ting-Lu|0 fnt\n|faint|p2a: Ting-Lu\n|move|p2b: Amoonguss|Pollen Puff|p2: Ting-Lu|[notarget]\n|-fail|p2b: Amoonguss\n|move|p1b: Torkoal|Flamethrower|p2b: Amoonguss\n|-supereffective|p2b: Amoonguss\n|-damage|p2b: Amoonguss|0 fnt\n|faint|p2b: Amoonguss\n|\n|-weather|SunnyDay|[upkeep]\n|upkeep\n|\n|t:|1683806169\n|switch|p2b: Palafin|Palafin-Hero, L50, F, tera:Water|61\/100\n|turn|11\n|\n|t:|1683806175\n|move|p2b: Palafin|Protect|p2b: Palafin\n|-singleturn|p2b: Palafin|Protect\n|move|p1b: Torkoal|Flamethrower|p2b: Palafin\n|-activate|p2b: Palafin|move: Protect\n|move|p1a: Flutter Mane|Trick Room|p1a: Flutter Mane\n|-fieldstart|move: Trick Room|[of] p1a: Flutter Mane\n|\n|-weather|none\n|-end|p1a: Flutter Mane|Protosynthesis\n|upkeep\n|turn|12\n|\n|t:|1683806187\n|move|p2b: Palafin|Jet Punch|p1a: Flutter Mane\n|-damage|p1a: Flutter Mane|14\/100\n|move|p1b: Torkoal|Flamethrower|p2b: Palafin\n|-resisted|p2b: Palafin\n|-damage|p2b: Palafin|34\/100\n|move|p1a: Flutter Mane|Moonblast|p2b: Palafin\n|-damage|p2b: Palafin|0 fnt\n|faint|p2b: Palafin\n|\n|win|Felipe.Miller.V\n|raw|Felipe.Miller.V's rating: 1349 → 1364<\/strong> (+15 for winning)\n|raw|LUMPECTOMY's rating: 1266 → 1247<\/strong> (-19 for losing)\n","uploadtime":1683806198,"views":17,"p1id":"felipemillerv","p2id":"lumpectomy","formatid":"gen9vgc2023regulationc","rating":1247,"private":0,"password":""}