{"id":"gen9vgc2023regulationc-1862071482","p1":"Tehspap","p2":"Hadrian1917","format":"[Gen 9] VGC 2023 Regulation C","log":"|j|\u2606Tehspap\n|j|\u2606Hadrian1917\n|t:|1683834115\n|gametype|doubles\n|player|p1|Tehspap|crasherwake|1093\n|player|p2|Hadrian1917|brock|1076\n|teamsize|p1|6\n|teamsize|p2|6\n|gen|9\n|tier|[Gen 9] VGC 2023 Regulation C\n|rated|\n|rule|Species Clause: Limit one of each Pok\u00e9mon\n|rule|Item Clause: Limit one of each item\n|clearpoke\n|poke|p1|Armarouge, L50, M|\n|poke|p1|Indeedee-F, L50, F|\n|poke|p1|Slowbro, L50, M|\n|poke|p1|Gastrodon-East, L50, M|\n|poke|p1|Iron Hands, L50|\n|poke|p1|Torkoal, L50, M|\n|poke|p2|Flutter Mane, L50|\n|poke|p2|Chi-Yu, L50|\n|poke|p2|Iron Hands, L50|\n|poke|p2|Ting-Lu, L50|\n|poke|p2|Gyarados, L50, M|\n|poke|p2|Amoonguss, L50, F|\n|teampreview|4\n|c|\u2606Tehspap|Hf\n|\n|t:|1683834157\n|start\n|switch|p1a: Armarouge|Armarouge, L50, M|100\/100\n|switch|p1b: Indeedee|Indeedee-F, L50, F|100\/100\n|switch|p2a: Flutter Mane|Flutter Mane, L50|100\/100\n|switch|p2b: Chi-Yu|Chi-Yu, L50|100\/100\n|-ability|p2b: Chi-Yu|Beads of Ruin\n|-fieldstart|move: Psychic Terrain|[from] ability: Psychic Surge|[of] p1b: Indeedee\n|-enditem|p1b: Indeedee|Psychic Seed\n|-boost|p1b: Indeedee|spd|1|[from] item: Psychic Seed\n|-enditem|p2a: Flutter Mane|Booster Energy\n|-activate|p2a: Flutter Mane|ability: Protosynthesis|[fromitem]\n|-start|p2a: Flutter Mane|protosynthesisspa\n|turn|1\n|inactive|Battle timer is ON: inactive players will automatically lose when time's up. (requested by Hadrian1917)\n|\n|t:|1683834186\n|move|p1b: Indeedee|Follow Me|p1b: Indeedee\n|-singleturn|p1b: Indeedee|move: Follow Me\n|move|p2a: Flutter Mane|Substitute|p2a: Flutter Mane\n|-start|p2a: Flutter Mane|Substitute\n|-damage|p2a: Flutter Mane|76\/100\n|move|p2b: Chi-Yu|Dark Pulse|p1b: Indeedee\n|-supereffective|p1b: Indeedee\n|-damage|p1b: Indeedee|32\/100\n|move|p1a: Armarouge|Trick Room|p1a: Armarouge\n|-fieldstart|move: Trick Room|[of] p1a: Armarouge\n|\n|upkeep\n|turn|2\n|inactive|Hadrian1917 has 30 seconds left.\n|\n|t:|1683834212\n|move|p1b: Indeedee|Helping Hand|p1a: Armarouge\n|-singleturn|p1a: Armarouge|Helping Hand|[of] p1b: Indeedee\n|move|p2a: Flutter Mane|Protect|p2a: Flutter Mane\n|-singleturn|p2a: Flutter Mane|Protect\n|move|p1a: Armarouge|Expanding Force|p2a: Flutter Mane|[spread] \n|-activate|p2a: Flutter Mane|move: Protect\n|-immune|p2b: Chi-Yu\n|move|p2b: Chi-Yu|Dark Pulse|p1a: Armarouge\n|-supereffective|p1a: Armarouge\n|-damage|p1a: Armarouge|0 fnt\n|faint|p1a: Armarouge\n|\n|upkeep\n|inactive|Tehspap has 30 seconds left.\n|\n|t:|1683834244\n|switch|p1a: soggy|Slowbro, L50, M, shiny|100\/100\n|turn|3\n|inactive|Hadrian1917 has 30 seconds left.\n|inactive|Hadrian1917 has 20 seconds left.\n|\n|t:|1683834283\n|switch|p1b: Gastrodon|Gastrodon-East, L50, M|100\/100\n|-terastallize|p2b: Chi-Yu|Grass\n|move|p1a: soggy|Surf|p2b: Chi-Yu|[spread] p2a,p2b\n|-ability|p1b: Gastrodon|Storm Drain|boost\n|-boost|p1b: Gastrodon|spa|1\n|-end|p2a: Flutter Mane|Substitute\n|-resisted|p2b: Chi-Yu\n|-damage|p2b: Chi-Yu|82\/100\n|move|p2b: Chi-Yu|Tera Blast|p1a: soggy\n|-supereffective|p1a: soggy\n|-damage|p1a: soggy|0 fnt\n|faint|p1a: soggy\n|move|p2a: Flutter Mane|Moonblast|p1b: Gastrodon\n|-damage|p1b: Gastrodon|12\/100\n|\n|upkeep\n|\n|t:|1683834306\n|switch|p1a: Indeedee|Indeedee-F, L50, F|32\/100\n|turn|4\n|c|\u2606Tehspap|Gg\n|\n|t:|1683834327\n|move|p1a: Indeedee|Helping Hand|p1b: Gastrodon\n|-singleturn|p1b: Gastrodon|Helping Hand|[of] p1a: Indeedee\n|move|p2a: Flutter Mane|Protect|p2a: Flutter Mane\n|-singleturn|p2a: Flutter Mane|Protect\n|move|p1b: Gastrodon|Muddy Water|p2a: Flutter Mane|[spread] p2b\n|-activate|p2a: Flutter Mane|move: Protect\n|-resisted|p2b: Chi-Yu\n|-damage|p2b: Chi-Yu|44\/100\n|move|p2b: Chi-Yu|Dark Pulse|p1a: Indeedee\n|-supereffective|p1a: Indeedee\n|-damage|p1a: Indeedee|0 fnt\n|faint|p1a: Indeedee\n|\n|upkeep\n|turn|5\n|-message|Tehspap forfeited.\n|\n|win|Hadrian1917\n|raw|Tehspap's rating: 1093 → 1068<\/strong> (-25 for losing)\n|raw|Hadrian1917's rating: 1076 → 1106<\/strong> (+30 for winning)\n|l|\u2606Tehspap\n","uploadtime":1683834361,"views":13,"p1id":"tehspap","p2id":"hadrian1917","formatid":"gen9vgc2023regulationc","rating":1068,"private":0,"password":""}