{"id":"gen9vgc2023regulationc-1848756370","p1":"dunsparcedingo","p2":"withane","format":"[Gen 9] VGC 2023 Regulation C","log":"|j|\u2606dunsparcedingo\n|j|\u2606withane\n|t:|1682107264\n|gametype|doubles\n|player|p1|dunsparcedingo|zinnia|1144\n|player|p2|withane|265|1225\n|teamsize|p1|6\n|teamsize|p2|6\n|gen|9\n|tier|[Gen 9] VGC 2023 Regulation C\n|rated|\n|rule|Species Clause: Limit one of each Pok\u00e9mon\n|rule|Item Clause: Limit one of each item\n|clearpoke\n|poke|p1|Torkoal, L50, M|\n|poke|p1|Jumpluff, L50, M|\n|poke|p1|Chi-Yu, L50|\n|poke|p1|Sandy Shocks, L50|\n|poke|p1|Iron Bundle, L50|\n|poke|p1|Slither Wing, L50|\n|poke|p2|Arcanine, L50, M|\n|poke|p2|Iron Hands, L50|\n|poke|p2|Gastrodon-East, L50, M|\n|poke|p2|Corviknight, L50, F|\n|poke|p2|Wo-Chien, L50|\n|poke|p2|Ting-Lu, L50|\n|teampreview|4\ndunsparcedingo has agreed to open team sheets.\n|\n|t:|1682107317\n|start\n|switch|p1a: Jumpluff|Jumpluff, L50, M|100\/100\n|switch|p1b: Torkoal|Torkoal, L50, M|100\/100\n|switch|p2a: ardf|Arcanine, L50, M|100\/100\n|switch|p2b: Ting-Lu|Ting-Lu, L50|100\/100\n|-ability|p2a: ardf|Intimidate|boost\n|-unboost|p1a: Jumpluff|atk|1\n|-unboost|p1b: Torkoal|atk|1\n|-ability|p2b: Ting-Lu|Vessel of Ruin\n|-weather|SunnyDay|[from] ability: Drought|[of] p1b: Torkoal\n|turn|1\n|\n|t:|1682107344\n|switch|p1b: Iron Bundle|Iron Bundle, L50|100\/100\n|move|p1a: Jumpluff|Sleep Powder|p2b: Ting-Lu\n|-status|p2b: Ting-Lu|slp|[from] move: Sleep Powder\n|-enditem|p2b: Ting-Lu|Chesto Berry|[eat]\n|-curestatus|p2b: Ting-Lu|slp|[msg]\n|move|p2a: ardf|Flare Blitz|p1a: Jumpluff\n|-supereffective|p1a: Jumpluff\n|-enditem|p1a: Jumpluff|Focus Sash\n|-damage|p1a: Jumpluff|1\/100\n|-damage|p2a: ardf|69\/100|[from] Recoil\n|move|p2b: Ting-Lu|Fissure|p1b: Iron Bundle\n|-damage|p1b: Iron Bundle|0 fnt\n|faint|p1b: Iron Bundle\n|-end|p1b: Iron Bundle|Quark Drive|[silent]\n|-ohko\n|\n|-weather|SunnyDay|[upkeep]\n|upkeep\n|\n|t:|1682107360\n|switch|p1b: Slither Wing|Slither Wing, L50|100\/100\n|-activate|p1b: Slither Wing|ability: Protosynthesis\n|-start|p1b: Slither Wing|protosynthesisatk\n|turn|2\n|c|\u2606withane|Boinga\n|\n|t:|1682107386\n|switch|p1a: Torkoal|Torkoal, L50, M|100\/100\n|-terastallize|p2b: Ting-Lu|Fairy\n|move|p2a: ardf|Extreme Speed|p1a: Torkoal\n|-crit|p1a: Torkoal\n|-damage|p1a: Torkoal|75\/100\n|move|p1b: Slither Wing|Earthquake|p2b: Ting-Lu|[spread] p1a,p2a,p2b\n|-supereffective|p1a: Torkoal\n|-supereffective|p2a: ardf\n|-damage|p1a: Torkoal|15\/100\n|-damage|p2a: ardf|0 fnt\n|-damage|p2b: Ting-Lu|74\/100\n|faint|p2a: ardf\n|-damage|p1b: Slither Wing|91\/100|[from] item: Life Orb\n|move|p2b: Ting-Lu|Fissure|p1b: Slither Wing\n|-damage|p1b: Slither Wing|0 fnt\n|faint|p1b: Slither Wing\n|-end|p1b: Slither Wing|Protosynthesis|[silent]\n|-ohko\n|\n|-weather|SunnyDay|[upkeep]\n|-heal|p1a: Torkoal|21\/100|[from] item: Leftovers\n|upkeep\n|c|\u2606dunsparcedingo|womp womp\n|c|\u2606withane|Damn\n|\n|t:|1682107411\n|switch|p2a: bloosh|Gastrodon-East, L50, M|100\/100\n|switch|p1b: Jumpluff|Jumpluff, L50, M|1\/100\n|turn|3\n|c|\u2606dunsparcedingo|thats just how the cookie cookies\n|c|\u2606withane|Thats just how the chocolate chips\n|\n|t:|1682107437\n|switch|p2b: gooe|Corviknight, L50, F, shiny|100\/100\n|move|p1a: Torkoal|Protect|p1a: Torkoal\n|-singleturn|p1a: Torkoal|Protect\n|move|p1b: Jumpluff|Sleep Powder|p2a: bloosh\n|-status|p2a: bloosh|slp|[from] move: Sleep Powder\n|cant|p2a: bloosh|slp\n|\n|-weather|SunnyDay|[upkeep]\n|-heal|p1a: Torkoal|27\/100|[from] item: Leftovers\n|upkeep\n|turn|4\n|c|\u2606withane|Fissure is such bullshit\n|\n|t:|1682107462\n|move|p1b: Jumpluff|Pollen Puff|p1a: Torkoal\n|-heal|p1a: Torkoal|77\/100\n|move|p2b: gooe|Iron Head|p1b: Jumpluff\n|-damage|p1b: Jumpluff|0 fnt\n|faint|p1b: Jumpluff\n|-curestatus|p2a: bloosh|slp|[msg]\n|move|p2a: bloosh|Muddy Water|p1a: Torkoal\n|-supereffective|p1a: Torkoal\n|-damage|p1a: Torkoal|37\/100\n|move|p1a: Torkoal|Overheat|p2b: gooe\n|-supereffective|p2b: gooe\n|-damage|p2b: gooe|0 fnt\n|-unboost|p1a: Torkoal|spa|2\n|faint|p2b: gooe\n|\n|-weather|SunnyDay|[upkeep]\n|-heal|p1a: Torkoal|43\/100|[from] item: Leftovers\n|upkeep\n|\n|t:|1682107476\n|switch|p2b: Ting-Lu|Ting-Lu, L50, tera:Fairy|74\/100\n|-ability|p2b: Ting-Lu|Vessel of Ruin\n|turn|5\n|\n|t:|1682107484\n|move|p2b: Ting-Lu|Fissure|p1a: Torkoal|[miss]\n|-miss|p2b: Ting-Lu|p1a: Torkoal\n|move|p2a: bloosh|Earth Power|p1a: Torkoal\n|-supereffective|p1a: Torkoal\n|-damage|p1a: Torkoal|0 fnt\n|faint|p1a: Torkoal\n|\n|win|withane\n|raw|dunsparcedingo's rating: 1144 → 1125<\/strong> (-19 for losing)\n|raw|withane's rating: 1225 → 1244<\/strong> (+19 for winning)\n","uploadtime":1682107492,"views":16,"p1id":"dunsparcedingo","p2id":"withane","formatid":"gen9vgc2023regulationc","rating":1125,"private":0,"password":""}