{"id":"gen9vgc2023regulationc-1848041251","p1":"VictorbrineCassini","p2":"wormymcsquirmy","format":"[Gen 9] VGC 2023 Regulation C","log":"|j|\u2606VictorbrineCassini\n|j|\u2606wormymcsquirmy\n|t:|1682023346\n|gametype|doubles\n|player|p1|VictorbrineCassini|169|1080\n|player|p2|wormymcsquirmy|silver|1077\n|teamsize|p1|6\n|teamsize|p2|6\n|gen|9\n|tier|[Gen 9] VGC 2023 Regulation C\n|rated|\n|rule|Species Clause: Limit one of each Pok\u00e9mon\n|rule|Item Clause: Limit one of each item\n|clearpoke\n|poke|p1|Lurantis, L50, F|\n|poke|p1|Torkoal, L50, M|\n|poke|p1|Iron Hands, L50|\n|poke|p1|Flutter Mane, L50|\n|poke|p1|Farigiraf, L50, M|\n|poke|p1|Dondozo, L50, M|\n|poke|p2|Arcanine, L50, F|\n|poke|p2|Amoonguss, L50, M|\n|poke|p2|Roaring Moon, L50|\n|poke|p2|Ting-Lu, L50|\n|poke|p2|Flutter Mane, L50|\n|poke|p2|Iron Bundle, L50|\n|teampreview|4\n|inactive|Battle timer is ON: inactive players will automatically lose when time's up. (requested by wormymcsquirmy)\n|inactive|wormymcsquirmy has 60 seconds left.\n|\n|t:|1682023424\n|start\n|switch|p1a: Cooking Koal|Torkoal, L50, M|100\/100\n|switch|p1b: Cooking Mane|Flutter Mane, L50|100\/100\n|switch|p2a: Roaring Moon|Roaring Moon, L50|100\/100\n|switch|p2b: Flutter Mane|Flutter Mane, L50|100\/100\n|-weather|SunnyDay|[from] ability: Drought|[of] p1a: Cooking Koal\n|-activate|p1b: Cooking Mane|ability: Protosynthesis\n|-start|p1b: Cooking Mane|protosynthesisspe\n|-activate|p2a: Roaring Moon|ability: Protosynthesis\n|-start|p2a: Roaring Moon|protosynthesisspe\n|-activate|p2b: Flutter Mane|ability: Protosynthesis\n|-start|p2b: Flutter Mane|protosynthesisspa\n|turn|1\n|inactive|wormymcsquirmy has 30 seconds left.\n|inactive|wormymcsquirmy has 20 seconds left.\n|inactive|wormymcsquirmy has 15 seconds left.\n|inactive|VictorbrineCassini has 30 seconds left.\n|inactive|wormymcsquirmy has 10 seconds left.\n|inactive|VictorbrineCassini has 20 seconds left.\n|\n|t:|1682023483\n|-terastallize|p2b: Flutter Mane|Fairy\n|move|p2a: Roaring Moon|Protect|p2a: Roaring Moon\n|-singleturn|p2a: Roaring Moon|Protect\n|move|p1b: Cooking Mane|Shadow Ball|p2b: Flutter Mane\n|-damage|p2b: Flutter Mane|58\/100\n|move|p2b: Flutter Mane|Power Gem|p1a: Cooking Koal\n|-supereffective|p1a: Cooking Koal\n|-damage|p1a: Cooking Koal|0 fnt\n|faint|p1a: Cooking Koal\n|\n|-weather|SunnyDay|[upkeep]\n|upkeep\n|\n|t:|1682023495\n|switch|p1a: Masak Ikan|Dondozo, L50, M|100\/100\n|turn|2\n|\n|t:|1682023507\n|-end|p2a: Roaring Moon|Protosynthesis|[silent]\n|switch|p2a: Iron Bundle|Iron Bundle, L50|100\/100\n|-end|p2b: Flutter Mane|Protosynthesis|[silent]\n|switch|p2b: Arcanine|Arcanine, L50, F|100\/100\n|-ability|p2b: Arcanine|Intimidate|boost\n|-unboost|p1a: Masak Ikan|atk|1\n|-unboost|p1b: Cooking Mane|atk|1\n|-terastallize|p1a: Masak Ikan|Steel\n|move|p1b: Cooking Mane|Dazzling Gleam|p2a: Iron Bundle|[spread] p2a,p2b\n|-resisted|p2b: Arcanine\n|-damage|p2a: Iron Bundle|41\/100\n|-damage|p2b: Arcanine|85\/100\n|move|p1a: Masak Ikan|Heavy Slam|p2b: Arcanine\n|-resisted|p2b: Arcanine\n|-damage|p2b: Arcanine|79\/100\n|\n|-weather|SunnyDay|[upkeep]\n|upkeep\n|turn|3\n|inactive|wormymcsquirmy has 30 seconds left.\n|\n|t:|1682023539\n|switch|p1a: Cooking Hands|Iron Hands, L50|100\/100\n|-enditem|p1a: Cooking Hands|Booster Energy\n|-activate|p1a: Cooking Hands|ability: Quark Drive|[fromitem]\n|-start|p1a: Cooking Hands|quarkdriveatk\n|move|p2a: Iron Bundle|Protect|p2a: Iron Bundle\n|-singleturn|p2a: Iron Bundle|Protect\n|move|p1b: Cooking Mane|Dazzling Gleam|p2a: Iron Bundle|[spread] p2b\n|-activate|p2a: Iron Bundle|move: Protect\n|-resisted|p2b: Arcanine\n|-damage|p2b: Arcanine|64\/100\n|move|p2b: Arcanine|Flare Blitz|p1b: Cooking Mane\n|-damage|p1b: Cooking Mane|0 fnt\n|faint|p1b: Cooking Mane\n|-end|p1b: Cooking Mane|Protosynthesis|[silent]\n|-damage|p2b: Arcanine|39\/100|[from] Recoil\n|\n|-weather|SunnyDay|[upkeep]\n|upkeep\n|\n|t:|1682023554\n|switch|p1b: Masak Ikan|Dondozo, L50, M, tera:Steel|100\/100\n|turn|4\n|\n|t:|1682023577\n|-end|p2a: Iron Bundle|Quark Drive|[silent]\n|switch|p2a: Roaring Moon|Roaring Moon, L50|100\/100\n|-activate|p2a: Roaring Moon|ability: Protosynthesis\n|-start|p2a: Roaring Moon|protosynthesisspe\n|move|p2b: Arcanine|Howl|p2b: Arcanine|[spread] p2a,p2b\n|-boost|p2a: Roaring Moon|atk|1\n|-boost|p2b: Arcanine|atk|1\n|move|p1a: Cooking Hands|Thunder Punch|p2a: Roaring Moon\n|-resisted|p2a: Roaring Moon\n|-damage|p2a: Roaring Moon|70\/100\n|move|p1b: Masak Ikan|Liquidation|p2b: Arcanine\n|-supereffective|p2b: Arcanine\n|-damage|p2b: Arcanine|0 fnt\n|faint|p2b: Arcanine\n|\n|-weather|SunnyDay|[upkeep]\n|upkeep\n|\n|t:|1682023595\n|switch|p2b: Flutter Mane|Flutter Mane, L50, tera:Fairy|58\/100\n|-activate|p2b: Flutter Mane|ability: Protosynthesis\n|-start|p2b: Flutter Mane|protosynthesisspa\n|turn|5\n|inactive|wormymcsquirmy has 30 seconds left.\n|\n|t:|1682023626\n|move|p2a: Roaring Moon|Acrobatics|p1a: Cooking Hands\n|-damage|p1a: Cooking Hands|81\/100\n|move|p2b: Flutter Mane|Shadow Ball|p1b: Masak Ikan\n|-damage|p1b: Masak Ikan|26\/100\n|move|p1a: Cooking Hands|Drain Punch|p2a: Roaring Moon\n|-supereffective|p2a: Roaring Moon\n|-damage|p2a: Roaring Moon|0 fnt\n|-heal|p1a: Cooking Hands|100\/100|[from] drain|[of] p2a: Roaring Moon\n|faint|p2a: Roaring Moon\n|-end|p2a: Roaring Moon|Protosynthesis|[silent]\n|move|p1b: Masak Ikan|Heavy Slam|p2b: Flutter Mane\n|-supereffective|p2b: Flutter Mane\n|-damage|p2b: Flutter Mane|0 fnt\n|faint|p2b: Flutter Mane\n|-end|p2b: Flutter Mane|Protosynthesis|[silent]\n|\n|-weather|none\n|-heal|p1b: Masak Ikan|32\/100|[from] item: Leftovers\n|upkeep\n|-message|wormymcsquirmy forfeited.\n|\n|win|VictorbrineCassini\n|raw|VictorbrineCassini's rating: 1080 → 1108<\/strong> (+28 for winning)\n|raw|wormymcsquirmy's rating: 1077 → 1056<\/strong> (-21 for losing)\n|l|\u2606wormymcsquirmy\n","uploadtime":1682023663,"views":11,"p1id":"victorbrinecassini","p2id":"wormymcsquirmy","formatid":"gen9vgc2023regulationc","rating":1056,"private":0,"password":""}