{"id":"gen9vgc2023regulationc-1863927748","p1":"wackomarko","p2":"Omack20","format":"[Gen 9] VGC 2023 Regulation C","log":"|j|\u2606wackomarko\n|j|\u2606Omack20\n|t:|1684094287\n|gametype|doubles\n|player|p1|wackomarko|hiker-gen4|1141\n|player|p2|Omack20|hilbert|1231\n|teamsize|p1|6\n|teamsize|p2|6\n|gen|9\n|tier|[Gen 9] VGC 2023 Regulation C\n|rated|\n|rule|Species Clause: Limit one of each Pok\u00e9mon\n|rule|Item Clause: Limit one of each item\n|clearpoke\n|poke|p1|Talonflame, L50, F|\n|poke|p1|Amoonguss, L50, M|\n|poke|p1|Flutter Mane, L50|\n|poke|p1|Chien-Pao, L50|\n|poke|p1|Gyarados, L50, F|\n|poke|p1|Dragapult, L50, M|\n|poke|p2|Ting-Lu, L50|\n|poke|p2|Scizor, L50, M|\n|poke|p2|Glimmora, L50, F|\n|poke|p2|Ceruledge, L50, M|\n|poke|p2|Rotom-Wash, L50|\n|poke|p2|Tsareena, L50, F|\n|teampreview|4\n|inactive|Battle timer is ON: inactive players will automatically lose when time's up. (requested by Omack20)\nwackomarko has agreed to open team sheets.\nOmack20 has agreed to open team sheets.\n|inactive|wackomarko has 60 seconds left.\n|inactive|wackomarko has 30 seconds left.\n|\n|t:|1684094356\n|start\n|switch|p1a: Talonflame|Talonflame, L50, F, shiny|100\/100\n|switch|p1b: Chien-Pao|Chien-Pao, L50|100\/100\n|switch|p2a: Scizor|Scizor, L50, M|100\/100\n|switch|p2b: Glimmora|Glimmora, L50, F|100\/100\n|-ability|p1b: Chien-Pao|Sword of Ruin\n|turn|1\n|\n|t:|1684094380\n|-terastallize|p2a: Scizor|Water\n|move|p1b: Chien-Pao|Protect|p1b: Chien-Pao\n|-singleturn|p1b: Chien-Pao|Protect\n|move|p1a: Talonflame|Taunt|p2b: Glimmora\n|-start|p2b: Glimmora|move: Taunt\n|move|p2a: Scizor|U-turn|p1b: Chien-Pao\n|-activate|p1b: Chien-Pao|move: Protect\n|move|p2b: Glimmora|Mortal Spin|p1a: Talonflame|[spread] p1a\n|-activate|p1b: Chien-Pao|move: Protect\n|-damage|p1a: Talonflame|93\/100\n|\n|upkeep\n|turn|2\n|inactive|wackomarko has 30 seconds left.\n|inactive|wackomarko has 20 seconds left.\n|inactive|wackomarko has 15 seconds left.\n|inactive|wackomarko has 10 seconds left.\n|\n|t:|1684094426\n|switch|p1a: Dragapult|Dragapult, L50, M, shiny|100\/100\n|move|p1b: Chien-Pao|Sucker Punch|p2a: Scizor\n|-damage|p2a: Scizor|47\/100\n|move|p2a: Scizor|U-turn|p1b: Chien-Pao\n|-supereffective|p1b: Chien-Pao\n|-enditem|p1b: Chien-Pao|Focus Sash\n|-damage|p1b: Chien-Pao|1\/100\n|\n|t:|1684094436\n|switch|p2a: Ceruledge|Ceruledge, L50, M|100\/100|[from] U-turn\n|move|p2b: Glimmora|Power Gem|p1b: Chien-Pao\n|-supereffective|p1b: Chien-Pao\n|-damage|p1b: Chien-Pao|0 fnt\n|faint|p1b: Chien-Pao\n|\n|upkeep\n|\n|t:|1684094449\n|switch|p1b: Flutter Mane|Flutter Mane, L50, shiny|100\/100\n|turn|3\n|\n|t:|1684094464\n|-terastallize|p1a: Dragapult|Dragon\n|move|p2a: Ceruledge|Shadow Sneak|p1a: Dragapult\n|-damage|p1a: Dragapult|75\/100\n|move|p1a: Dragapult|Phantom Force||[still]\n|-prepare|p1a: Dragapult|Phantom Force\n|move|p1b: Flutter Mane|Shadow Ball|p2b: Glimmora\n|-crit|p2b: Glimmora\n|-damage|p2b: Glimmora|33\/100\n|-damage|p1b: Flutter Mane|91\/100|[from] item: Life Orb\n|move|p2b: Glimmora|Mortal Spin|p1b: Flutter Mane|[spread] p1b\n|-miss|p2b: Glimmora|p1a: Dragapult\n|-damage|p1b: Flutter Mane|82\/100\n|-status|p1b: Flutter Mane|psn\n|\n|-damage|p1b: Flutter Mane|70\/100 psn|[from] psn\n|-end|p2b: Glimmora|move: Taunt\n|upkeep\n|turn|4\n|inactive|Omack20 has 30 seconds left.\n|\n|t:|1684094491\n|switch|p2a: Ting-Lu|Ting-Lu, L50|100\/100\n|-ability|p2a: Ting-Lu|Vessel of Ruin\n|move|p1a: Dragapult|Phantom Force|p2a: Ting-Lu|[from]lockedmove\n|-resisted|p2a: Ting-Lu\n|-damage|p2a: Ting-Lu|81\/100\n|move|p1b: Flutter Mane|Shadow Ball|p2b: Glimmora\n|-damage|p2b: Glimmora|0 fnt\n|faint|p2b: Glimmora\n|-damage|p1b: Flutter Mane|60\/100 psn|[from] item: Life Orb\n|\n|-heal|p2a: Ting-Lu|87\/100|[from] item: Leftovers\n|-damage|p1b: Flutter Mane|48\/100 psn|[from] psn\n|upkeep\n|inactive|Omack20 has 30 seconds left.\n|\n|t:|1684094517\n|switch|p2b: Ceruledge|Ceruledge, L50, M|100\/100\n|turn|5\n|\n|t:|1684094540\n|move|p2b: Ceruledge|Shadow Sneak|p1a: Dragapult\n|-damage|p1a: Dragapult|49\/100\n|move|p1a: Dragapult|Phantom Force||[still]\n|-prepare|p1a: Dragapult|Phantom Force\n|move|p1b: Flutter Mane|Dazzling Gleam|p2b: Ceruledge|[spread] p2a,p2b\n|-supereffective|p2a: Ting-Lu\n|-resisted|p2b: Ceruledge\n|-damage|p2a: Ting-Lu|53\/100\n|-damage|p2b: Ceruledge|83\/100\n|-damage|p1b: Flutter Mane|39\/100 psn|[from] item: Life Orb\n|move|p2a: Ting-Lu|Rock Slide|p1b: Flutter Mane|[spread] p1b\n|-miss|p2a: Ting-Lu|p1a: Dragapult\n|-damage|p1b: Flutter Mane|11\/100 psn\n|\n|-heal|p2a: Ting-Lu|59\/100|[from] item: Leftovers\n|-damage|p1b: Flutter Mane|0 fnt|[from] psn\n|faint|p1b: Flutter Mane\n|-end|p1b: Flutter Mane|Protosynthesis|[silent]\n|upkeep\n|\n|t:|1684094555\n|switch|p1b: Talonflame|Talonflame, L50, F, shiny|93\/100\n|turn|6\n|\n|t:|1684094568\n|move|p2b: Ceruledge|Shadow Sneak|p1b: Talonflame\n|-damage|p1b: Talonflame|66\/100\n|move|p1a: Dragapult|Phantom Force|p2b: Ceruledge|[from]lockedmove\n|-supereffective|p2b: Ceruledge\n|-damage|p2b: Ceruledge|0 fnt\n|faint|p2b: Ceruledge\n|move|p1b: Talonflame|Will-O-Wisp|p2a: Ting-Lu\n|-status|p2a: Ting-Lu|brn\n|move|p2a: Ting-Lu|Rock Slide|p1b: Talonflame|[spread] p1a,p1b\n|-supereffective|p1b: Talonflame\n|-damage|p1a: Dragapult|38\/100\n|-damage|p1b: Talonflame|29\/100\n|\n|-heal|p2a: Ting-Lu|65\/100 brn|[from] item: Leftovers\n|-damage|p2a: Ting-Lu|59\/100 brn|[from] brn\n|upkeep\n|\n|t:|1684094587\n|switch|p2b: Scizor|Scizor, L50, M, tera:Water|47\/100\n|turn|7\n|\n|t:|1684094596\n|move|p2b: Scizor|Bullet Punch|p1a: Dragapult\n|-damage|p1a: Dragapult|0 fnt\n|faint|p1a: Dragapult\n|move|p1b: Talonflame|Brave Bird|p2b: Scizor\n|-damage|p2b: Scizor|2\/100\n|-damage|p1b: Talonflame|15\/100|[from] Recoil\n|move|p2a: Ting-Lu|Rock Slide|p1b: Talonflame\n|-supereffective|p1b: Talonflame\n|-damage|p1b: Talonflame|0 fnt\n|faint|p1b: Talonflame\n|\n|win|Omack20\n|raw|wackomarko's rating: 1141 → 1122<\/strong> (-19 for losing)\n|raw|Omack20's rating: 1231 → 1250<\/strong> (+19 for winning)\n|c|\u2606wackomarko|gg\n|l|\u2606Omack20\n","uploadtime":1684094609,"views":6,"p1id":"wackomarko","p2id":"omack20","formatid":"gen9vgc2023regulationc","rating":1122,"private":0,"password":""}