{"id":"gen9vgc2023regulationc-1859739683","p1":"GFORCEPKMN","p2":"SableyeIlluminati","format":"[Gen 9] VGC 2023 Regulation C","log":"|j|\u2606GFORCEPKMN\n|j|\u2606SableyeIlluminati\n|t:|1683560556\n|gametype|doubles\n|player|p1|GFORCEPKMN|265|1191\n|player|p2|SableyeIlluminati|ingo|1194\n|teamsize|p1|6\n|teamsize|p2|6\n|gen|9\n|tier|[Gen 9] VGC 2023 Regulation C\n|rated|\n|rule|Species Clause: Limit one of each Pok\u00e9mon\n|rule|Item Clause: Limit one of each item\n|clearpoke\n|poke|p1|Gholdengo, L50|\n|poke|p1|Wo-Chien, L50|\n|poke|p1|Iron Bundle, L50|\n|poke|p1|Dragapult, L50, M|\n|poke|p1|Hippowdon, L50, F|\n|poke|p1|Glimmora, L50, F|\n|poke|p2|Armarouge, L50, M|\n|poke|p2|Flutter Mane, L50|\n|poke|p2|Maushold, L50|\n|poke|p2|Annihilape, L50, M|\n|poke|p2|Torkoal, L50, M|\n|poke|p2|Lilligant, L50, F|\n|teampreview|4\n|inactive|Battle timer is ON: inactive players will automatically lose when time's up. (requested by SableyeIlluminati)\n|inactive|GFORCEPKMN has 60 seconds left.\n|inactive|SableyeIlluminati has 60 seconds left.\nSableyeIlluminati rejected open team sheets.\n|inactive|GFORCEPKMN has 30 seconds left.\n|inactive|GFORCEPKMN has 20 seconds left.\n|inactive|GFORCEPKMN has 15 seconds left.\n|inactive|GFORCEPKMN has 10 seconds left.\n|inactive|GFORCEPKMN has 5 seconds left.\n|\n|t:|1683560647\n|start\n|switch|p1a: Gholdengo|Gholdengo, L50|100\/100\n|switch|p1b: Wo-Chien|Wo-Chien, L50|100\/100\n|switch|p2a: Armarouge|Armarouge, L50, M|100\/100\n|switch|p2b: Maushold|Maushold, L50, shiny|100\/100\n|-ability|p1b: Wo-Chien|Tablets of Ruin\n|turn|1\n|inactive|GFORCEPKMN has 30 seconds left.\n|inactive|GFORCEPKMN has 20 seconds left.\n|\n|t:|1683560685\n|-terastallize|p1a: Gholdengo|Water\n|-terastallize|p2a: Armarouge|Grass\n|move|p2b: Maushold|Follow Me|p2b: Maushold\n|-singleturn|p2b: Maushold|move: Follow Me\n|move|p1a: Gholdengo|Nasty Plot|p1a: Gholdengo\n|-boost|p1a: Gholdengo|spa|2\n|move|p1b: Wo-Chien|Leech Seed|p2b: Maushold\n|-start|p2b: Maushold|move: Leech Seed\n|move|p2a: Armarouge|Armor Cannon|p1a: Gholdengo\n|-resisted|p1a: Gholdengo\n|-damage|p1a: Gholdengo|53\/100\n|-unboost|p2a: Armarouge|def|1\n|-unboost|p2a: Armarouge|spd|1\n|-damage|p2a: Armarouge|91\/100|[from] item: Life Orb\n|\n|-damage|p2b: Maushold|88\/100|[from] Leech Seed|[of] p1b: Wo-Chien\n|upkeep\n|turn|2\n|inactive|GFORCEPKMN has 30 seconds left.\n|inactive|SableyeIlluminati has 30 seconds left.\n|inactive|SableyeIlluminati has 20 seconds left.\n|inactive|SableyeIlluminati has 15 seconds left.\n|\n|t:|1683560726\n|switch|p2a: Annihilape|Annihilape, L50, M, shiny|100\/100\n|move|p2b: Maushold|Protect|p2b: Maushold\n|-singleturn|p2b: Maushold|Protect\n|move|p1a: Gholdengo|Make It Rain|p2b: Maushold|[spread] p2a\n|-activate|p2b: Maushold|move: Protect\n|-damage|p2a: Annihilape|43\/100\n|-unboost|p1a: Gholdengo|spa|1\n|move|p1b: Wo-Chien|Pollen Puff|p1a: Gholdengo\n|-heal|p1a: Gholdengo|100\/100\n|\n|-heal|p2a: Annihilape|49\/100|[from] item: Leftovers\n|-damage|p2b: Maushold|76\/100|[from] Leech Seed|[of] p1b: Wo-Chien\n|upkeep\n|turn|3\n|inactive|GFORCEPKMN has 30 seconds left.\n|\n|t:|1683560755\n|move|p1a: Gholdengo|Protect|p1a: Gholdengo\n|-singleturn|p1a: Gholdengo|Protect\n|move|p2b: Maushold|Super Fang|p1a: Gholdengo\n|-activate|p1a: Gholdengo|move: Protect\n|move|p2a: Annihilape|Drain Punch|p1a: Gholdengo\n|-activate|p1a: Gholdengo|move: Protect\n|move|p1b: Wo-Chien|Foul Play|p2a: Annihilape\n|-damage|p2a: Annihilape|23\/100\n|\n|-heal|p2a: Annihilape|29\/100|[from] item: Leftovers\n|-damage|p2b: Maushold|64\/100|[from] Leech Seed|[of] p1b: Wo-Chien\n|upkeep\n|turn|4\n|\n|t:|1683560774\n|move|p2b: Maushold|Super Fang|p1a: Gholdengo\n|-damage|p1a: Gholdengo|51\/100\n|move|p1a: Gholdengo|Make It Rain|p2b: Maushold|[spread] p2a,p2b\n|-damage|p2a: Annihilape|0 fnt\n|-damage|p2b: Maushold|0 fnt\n|-unboost|p1a: Gholdengo|spa|1\n|faint|p2a: Annihilape\n|faint|p2b: Maushold\n|move|p1b: Wo-Chien|Pollen Puff|p1a: Gholdengo\n|-heal|p1a: Gholdengo|100\/100\n|\n|upkeep\n|\n|t:|1683560780\n|switch|p2b: Armarouge|Armarouge, L50, M, tera:Grass|91\/100\n|switch|p2a: Flutter Mane|Flutter Mane, L50|100\/100\n|-enditem|p2a: Flutter Mane|Booster Energy\n|-activate|p2a: Flutter Mane|ability: Protosynthesis|[fromitem]\n|-start|p2a: Flutter Mane|protosynthesisspa\n|turn|5\n|inactive|GFORCEPKMN has 30 seconds left.\n|\n|t:|1683560808\n|move|p2a: Flutter Mane|Dazzling Gleam|p1b: Wo-Chien|[spread] p1a,p1b\n|-supereffective|p1b: Wo-Chien\n|-damage|p1a: Gholdengo|63\/100\n|-damage|p1b: Wo-Chien|53\/100\n|move|p1a: Gholdengo|Nasty Plot|p1a: Gholdengo\n|-boost|p1a: Gholdengo|spa|2\n|move|p1b: Wo-Chien|Leech Seed|p2a: Flutter Mane\n|-start|p2a: Flutter Mane|move: Leech Seed\n|move|p2b: Armarouge|Energy Ball|p1a: Gholdengo\n|-supereffective|p1a: Gholdengo\n|-damage|p1a: Gholdengo|0 fnt\n|faint|p1a: Gholdengo\n|-damage|p2b: Armarouge|81\/100|[from] item: Life Orb\n|\n|-heal|p1b: Wo-Chien|59\/100|[from] item: Leftovers\n|-damage|p2a: Flutter Mane|89\/100|[from] Leech Seed|[of] p1b: Wo-Chien\n|-heal|p1b: Wo-Chien|68\/100|[silent]\n|upkeep\n|\n|t:|1683560831\n|switch|p1a: Dragapult|Dragapult, L50, M|100\/100\n|turn|6\n|\n|t:|1683560850\n|move|p2a: Flutter Mane|Protect|p2a: Flutter Mane\n|-singleturn|p2a: Flutter Mane|Protect\n|move|p1b: Wo-Chien|Protect|p1b: Wo-Chien\n|-singleturn|p1b: Wo-Chien|Protect\n|move|p1a: Dragapult|Disable|p2a: Flutter Mane\n|-activate|p2a: Flutter Mane|move: Protect\n|move|p2b: Armarouge|Psychic|p1a: Dragapult\n|-damage|p1a: Dragapult|16\/100\n|-damage|p2b: Armarouge|72\/100|[from] item: Life Orb\n|\n|-heal|p1b: Wo-Chien|74\/100|[from] item: Leftovers\n|-damage|p2a: Flutter Mane|77\/100|[from] Leech Seed|[of] p1b: Wo-Chien\n|-heal|p1b: Wo-Chien|83\/100|[silent]\n|upkeep\n|turn|7\n|inactive|GFORCEPKMN has 30 seconds left.\n|inactive|GFORCEPKMN has 20 seconds left.\n|inactive|GFORCEPKMN has 15 seconds left.\n|inactive|GFORCEPKMN has 10 seconds left.\n|\n|t:|1683560898\n|move|p1a: Dragapult|Dragon Darts|p2b: Armarouge\n|-damage|p2b: Armarouge|51\/100\n|-anim|p1a: Dragapult|Dragon Darts|p2b: Armarouge\n|-damage|p2b: Armarouge|28\/100\n|-damage|p1a: Dragapult|7\/100|[from] item: Life Orb\n|move|p2a: Flutter Mane|Moonblast|p1b: Wo-Chien\n|-supereffective|p1b: Wo-Chien\n|-damage|p1b: Wo-Chien|8\/100\n|move|p1b: Wo-Chien|Foul Play|p2a: Flutter Mane\n|-damage|p2a: Flutter Mane|49\/100\n|move|p2b: Armarouge|Psychic|p1a: Dragapult\n|-damage|p1a: Dragapult|0 fnt\n|faint|p1a: Dragapult\n|-damage|p2b: Armarouge|18\/100|[from] item: Life Orb\n|\n|-heal|p1b: Wo-Chien|14\/100|[from] item: Leftovers\n|-damage|p2a: Flutter Mane|38\/100|[from] Leech Seed|[of] p1b: Wo-Chien\n|-heal|p1b: Wo-Chien|23\/100|[silent]\n|upkeep\n|\n|t:|1683560920\n|switch|p1a: Iron Bundle|Iron Bundle, L50|100\/100\n|-enditem|p1a: Iron Bundle|Booster Energy\n|-activate|p1a: Iron Bundle|ability: Quark Drive|[fromitem]\n|-start|p1a: Iron Bundle|quarkdrivespe\n|turn|8\n|\n|t:|1683560930\n|move|p1a: Iron Bundle|Protect|p1a: Iron Bundle\n|-singleturn|p1a: Iron Bundle|Protect\n|move|p2a: Flutter Mane|Protect|p2a: Flutter Mane\n|-singleturn|p2a: Flutter Mane|Protect\n|move|p1b: Wo-Chien|Protect|p1b: Wo-Chien\n|-singleturn|p1b: Wo-Chien|Protect\n|move|p2b: Armarouge|Energy Ball|p1a: Iron Bundle\n|-activate|p1a: Iron Bundle|move: Protect\n|\n|-heal|p1b: Wo-Chien|29\/100|[from] item: Leftovers\n|-damage|p2a: Flutter Mane|26\/100|[from] Leech Seed|[of] p1b: Wo-Chien\n|-heal|p1b: Wo-Chien|38\/100|[silent]\n|upkeep\n|turn|9\n|inactive|GFORCEPKMN has 30 seconds left.\n|\n|t:|1683560963\n|move|p1a: Iron Bundle|Icy Wind|p2a: Flutter Mane|[spread] p2a\n|-miss|p1a: Iron Bundle|p2b: Armarouge\n|-damage|p2a: Flutter Mane|7\/100\n|-unboost|p2a: Flutter Mane|spe|1\n|move|p2a: Flutter Mane|Moonblast|p1b: Wo-Chien\n|-supereffective|p1b: Wo-Chien\n|-damage|p1b: Wo-Chien|0 fnt\n|faint|p1b: Wo-Chien\n|move|p2b: Armarouge|Energy Ball|p1a: Iron Bundle\n|-supereffective|p1a: Iron Bundle\n|-damage|p1a: Iron Bundle|0 fnt\n|faint|p1a: Iron Bundle\n|-end|p1a: Iron Bundle|Quark Drive|[silent]\n|-damage|p2b: Armarouge|9\/100|[from] item: Life Orb\n|\n|win|SableyeIlluminati\n|raw|GFORCEPKMN's rating: 1191 → 1166<\/strong> (-25 for losing)\n|raw|SableyeIlluminati's rating: 1194 → 1219<\/strong> (+25 for winning)\n|l|\u2606GFORCEPKMN\n","uploadtime":1683561014,"views":12,"p1id":"gforcepkmn","p2id":"sableyeilluminati","formatid":"gen9vgc2023regulationc","rating":1166,"private":0,"password":""}