{"id":"gen9vgc2023regulationc-1854154360","p1":"artico bowmane","p2":"OnexH","format":"[Gen 9] VGC 2023 Regulation C","log":"|j|\u2606artico bowmane\n|j|\u2606OnexH\n|t:|1682777283\n|gametype|doubles\n|player|p1|artico bowmane|workerice|1156\n|player|p2|OnexH|101|1142\n|teamsize|p1|6\n|teamsize|p2|6\n|gen|9\n|tier|[Gen 9] VGC 2023 Regulation C\n|rated|\n|rule|Species Clause: Limit one of each Pok\u00e9mon\n|rule|Item Clause: Limit one of each item\n|clearpoke\n|poke|p1|Palafin, L50, F|\n|poke|p1|Baxcalibur, L50, M|\n|poke|p1|Arcanine, L50, M|\n|poke|p1|Flutter Mane, L50|\n|poke|p1|Amoonguss, L50, M|\n|poke|p1|Ting-Lu, L50|\n|poke|p2|Corviknight, L50, F|\n|poke|p2|Armarouge, L50, M|\n|poke|p2|Indeedee-F, L50, F|\n|poke|p2|Brambleghast, L50, M|\n|poke|p2|Murkrow, L50, M|\n|poke|p2|Tauros-Paldea-Aqua, L50, M|\n|teampreview|4\n|inactive|Battle timer is ON: inactive players will automatically lose when time's up. (requested by OnexH)\n|inactive|artico bowmane has 60 seconds left.\n|\n|t:|1682777332\n|start\n|switch|p1a: Palafin|Palafin, L50, F|100\/100\n|switch|p1b: Amoonguss|Amoonguss, L50, M|100\/100\n|switch|p2a: Brambleghast|Brambleghast, L50, M|100\/100\n|switch|p2b: Murkrow|Murkrow, L50, M|100\/100\n|turn|1\n|\n|t:|1682777350\n|move|p1a: Palafin|Protect|p1a: Palafin\n|-singleturn|p1a: Palafin|Protect\n|move|p2b: Murkrow|Tailwind|p2b: Murkrow\n|-sidestart|p2: OnexH|move: Tailwind\n|-ability|p2a: Brambleghast|Wind Rider|boost\n|-boost|p2a: Brambleghast|atk|1\n|move|p2a: Brambleghast|Power Whip|p1a: Palafin\n|-activate|p1a: Palafin|move: Protect\n|move|p1b: Amoonguss|Clear Smog|p2a: Brambleghast\n|-damage|p2a: Brambleghast|72\/100\n|-clearboost|p2a: Brambleghast\n|\n|upkeep\n|turn|2\n|\n|t:|1682777369\n|detailschange|p1a: Palafin|Palafin-Hero, L50, F\n|switch|p1a: Baxcalibur|Baxcalibur, L50, M|100\/100\n|move|p2a: Brambleghast|Power Whip|p1a: Baxcalibur\n|-resisted|p1a: Baxcalibur\n|-damage|p1a: Baxcalibur|58\/100\n|-damage|p2a: Brambleghast|62\/100|[from] item: Life Orb\n|move|p2b: Murkrow|Foul Play|p1a: Baxcalibur\n|-damage|p1a: Baxcalibur|2\/100\n|move|p1b: Amoonguss|Spore|p2b: Murkrow\n|-status|p2b: Murkrow|slp|[from] move: Spore\n|\n|upkeep\n|turn|3\n|\n|t:|1682777392\n|move|p1a: Baxcalibur|Protect|p1a: Baxcalibur\n|-singleturn|p1a: Baxcalibur|Protect\n|move|p2a: Brambleghast|Shadow Sneak|p1a: Baxcalibur\n|-activate|p1a: Baxcalibur|move: Protect\n|cant|p2b: Murkrow|slp\n|move|p1b: Amoonguss|Pollen Puff|p2a: Brambleghast\n|-damage|p2a: Brambleghast|27\/100\n|\n|upkeep\n|turn|4\n|\n|t:|1682777407\n|switch|p2b: Corviknight|Corviknight, L50, F|100\/100\n|switch|p1a: Ting-Lu|Ting-Lu, L50|100\/100\n|-ability|p1a: Ting-Lu|Vessel of Ruin\n|move|p2a: Brambleghast|Shadow Sneak|p1a: Ting-Lu\n|-resisted|p1a: Ting-Lu\n|-damage|p1a: Ting-Lu|93\/100\n|-damage|p2a: Brambleghast|17\/100|[from] item: Life Orb\n|move|p1b: Amoonguss|Pollen Puff|p2a: Brambleghast\n|-damage|p2a: Brambleghast|0 fnt\n|faint|p2a: Brambleghast\n|\n|-sideend|p2: OnexH|move: Tailwind\n|upkeep\n|\n|t:|1682777411\n|switch|p2a: Tauros|Tauros-Paldea-Aqua, L50, M|100\/100\n|-ability|p2a: Tauros|Intimidate|boost\n|-unboost|p1a: Ting-Lu|atk|1\n|-unboost|p1b: Amoonguss|atk|1\n|turn|5\n|inactive|artico bowmane has 30 seconds left.\n|\n|t:|1682777442\n|-terastallize|p1a: Ting-Lu|Poison\n|move|p2a: Tauros|Wave Crash|p1a: Ting-Lu\n|-damage|p1a: Ting-Lu|59\/100\n|-damage|p2a: Tauros|82\/100|[from] Recoil\n|move|p2b: Corviknight|Brave Bird|p1b: Amoonguss\n|-supereffective|p1b: Amoonguss\n|-damage|p1b: Amoonguss|0 fnt\n|faint|p1b: Amoonguss\n|-damage|p2b: Corviknight|62\/100|[from] Recoil\n|move|p1a: Ting-Lu|Ruination|p2a: Tauros\n|-damage|p2a: Tauros|41\/100\n|\n|upkeep\n|\n|t:|1682777455\n|switch|p1b: Baxcalibur|Baxcalibur, L50, M|2\/100\n|turn|6\n|inactive|artico bowmane has 30 seconds left.\n|inactive|artico bowmane has 20 seconds left.\n|\n|t:|1682777494\n|move|p1b: Baxcalibur|Protect|p1b: Baxcalibur\n|-singleturn|p1b: Baxcalibur|Protect\n|move|p2a: Tauros|Aqua Jet|p1b: Baxcalibur\n|-activate|p1b: Baxcalibur|move: Protect\n|move|p2b: Corviknight|Brave Bird|p1a: Ting-Lu\n|-damage|p1a: Ting-Lu|9\/100\n|-damage|p2b: Corviknight|40\/100|[from] Recoil\n|move|p1a: Ting-Lu|Stomping Tantrum|p2a: Tauros\n|-damage|p2a: Tauros|15\/100\n|\n|upkeep\n|turn|7\n|inactive|artico bowmane has 30 seconds left.\n|\n|t:|1682777526\n|move|p2a: Tauros|Aqua Jet|p1b: Baxcalibur\n|-resisted|p1b: Baxcalibur\n|-damage|p1b: Baxcalibur|0 fnt\n|faint|p1b: Baxcalibur\n|move|p2b: Corviknight|Brave Bird|p1a: Ting-Lu\n|-crit|p1a: Ting-Lu\n|-damage|p1a: Ting-Lu|0 fnt\n|faint|p1a: Ting-Lu\n|-damage|p2b: Corviknight|36\/100|[from] Recoil\n|\n|upkeep\n|\n|t:|1682777529\n|switch|p1b: Palafin|Palafin-Hero, L50, F|100\/100\n|-activate|p1b: Palafin|ability: Zero to Hero\n|turn|8\n|\n|t:|1682777540\n|-terastallize|p2a: Tauros|Fighting\n|move|p1b: Palafin|Jet Punch|p2b: Corviknight\n|-damage|p2b: Corviknight|0 fnt\n|faint|p2b: Corviknight\n|move|p2a: Tauros|Close Combat|p1b: Palafin\n|-damage|p1b: Palafin|38\/100\n|-unboost|p2a: Tauros|def|1\n|-unboost|p2a: Tauros|spd|1\n|\n|upkeep\n|\n|t:|1682777546\n|switch|p2b: Murkrow|Murkrow, L50, M|100\/100 slp\n|turn|9\n|\n|t:|1682777555\n|move|p1b: Palafin|Jet Punch|p2a: Tauros\n|-damage|p2a: Tauros|0 fnt\n|faint|p2a: Tauros\n|cant|p2b: Murkrow|slp\n|\n|upkeep\n|turn|10\n|\n|t:|1682777567\n|move|p1b: Palafin|Jet Punch|p2b: Murkrow\n|-damage|p2b: Murkrow|36\/100 slp\n|-curestatus|p2b: Murkrow|slp|[msg]\n|move|p2b: Murkrow|Foul Play|p1b: Palafin\n|-damage|p1b: Palafin|0 fnt\n|faint|p1b: Palafin\n|\n|win|OnexH\n|raw|artico bowmane's rating: 1156 → 1130<\/strong> (-26 for losing)\n|raw|OnexH's rating: 1142 → 1168<\/strong> (+26 for winning)\n|l|\u2606artico bowmane\n","uploadtime":1682777581,"views":22,"p1id":"articobowmane","p2id":"onexh","formatid":"gen9vgc2023regulationc","rating":1130,"private":0,"password":""}