{"id":"gen9vgc2023regulationc-1852370116","p1":"JohanDK","p2":"withoutmind","format":"[Gen 9] VGC 2023 Regulation C","log":"|j|\u2606JohanDK\n|j|\u2606withoutmind\n|t:|1682549268\n|gametype|doubles\n|player|p1|JohanDK|102|1265\n|player|p2|withoutmind|striker|1195\n|teamsize|p1|6\n|teamsize|p2|6\n|gen|9\n|tier|[Gen 9] VGC 2023 Regulation C\n|rated|\n|rule|Species Clause: Limit one of each Pok\u00e9mon\n|rule|Item Clause: Limit one of each item\n|clearpoke\n|poke|p1|Flutter Mane, L50|\n|poke|p1|Amoonguss, L50, F|\n|poke|p1|Chien-Pao, L50|\n|poke|p1|Gyarados, L50, M|\n|poke|p1|Ceruledge, L50, M|\n|poke|p1|Gastrodon, L50, F|\n|poke|p2|Dragapult, L50, M|\n|poke|p2|Ceruledge, L50, M|\n|poke|p2|Scizor, L50, M|\n|poke|p2|Amoonguss, L50, M|\n|poke|p2|Rotom-Wash, L50|\n|poke|p2|Arcanine, L50, M|\n|teampreview|4\n|inactive|Battle timer is ON: inactive players will automatically lose when time's up. (requested by withoutmind)\nwithoutmind has agreed to open team sheets.\n|inactive|withoutmind has 60 seconds left.\n|\n|t:|1682549317\n|start\n|switch|p1a: Gastrodon|Gastrodon, L50, F|100\/100\n|switch|p1b: Flutter Mane|Flutter Mane, L50, shiny|100\/100\n|switch|p2a: Scizor|Scizor, L50, M|100\/100\n|switch|p2b: Amoonguss|Amoonguss, L50, M|100\/100\n|-enditem|p1b: Flutter Mane|Booster Energy\n|-activate|p1b: Flutter Mane|ability: Protosynthesis|[fromitem]\n|-start|p1b: Flutter Mane|protosynthesisspa\n|turn|1\n|\n|t:|1682549341\n|-end|p1b: Flutter Mane|Protosynthesis|[silent]\n|switch|p1b: Gyarados|Gyarados, L50, M|100\/100\n|-ability|p1b: Gyarados|Intimidate|boost\n|-fail|p2a: Scizor|unboost|[from] item: Clear Amulet|[of] p2a: Scizor\n|-unboost|p2b: Amoonguss|atk|1\n|move|p2a: Scizor|Swords Dance|p2a: Scizor\n|-boost|p2a: Scizor|atk|2\n|move|p1a: Gastrodon|Yawn|p2b: Amoonguss\n|-start|p2b: Amoonguss|move: Yawn|[of] p1a: Gastrodon\n|move|p2b: Amoonguss|Spore|p1a: Gastrodon\n|-status|p1a: Gastrodon|slp|[from] move: Spore\n|\n|upkeep\n|turn|2\n|inactive|JohanDK has 30 seconds left.\n|inactive|withoutmind has 30 seconds left.\n|\n|t:|1682549373\n|switch|p1a: Ceruledge|Ceruledge, L50, M|100\/100\n|switch|p2b: Rotom|Rotom-Wash, L50|100\/100\n|move|p1b: Gyarados|Waterfall|p2a: Scizor\n|-damage|p2a: Scizor|65\/100\n|move|p2a: Scizor|Pounce|p1b: Gyarados\n|-resisted|p1b: Gyarados\n|-damage|p1b: Gyarados|59\/100\n|-unboost|p1b: Gyarados|spe|1\n|\n|upkeep\n|turn|3\n|\n|t:|1682549396\n|switch|p1b: Gastrodon|Gastrodon, L50, F|100\/100 slp\n|move|p2a: Scizor|Protect|p2a: Scizor\n|-singleturn|p2a: Scizor|Protect\n|move|p1a: Ceruledge|Bitter Blade|p2a: Scizor\n|-activate|p2a: Scizor|move: Protect\n|move|p2b: Rotom|Will-O-Wisp||[still]\n|-fail|p2b: Rotom\n|\n|upkeep\n|turn|4\n|\n|t:|1682549418\n|switch|p2a: Ceruledge|Ceruledge, L50, M|100\/100\n|move|p1a: Ceruledge|Bitter Blade|p2a: Ceruledge\n|-start|p2a: Ceruledge|ability: Flash Fire\n|move|p2b: Rotom|Hydro Pump|p1b: Gastrodon\n|-activate|p1b: Gastrodon|ability: Storm Drain\n|-ability|p1b: Gastrodon|Storm Drain|boost\n|-boost|p1b: Gastrodon|spa|1\n|cant|p1b: Gastrodon|slp\n|\n|upkeep\n|turn|5\n|\n|t:|1682549439\n|-terastallize|p1a: Ceruledge|Grass\n|-terastallize|p2a: Ceruledge|Grass\n|move|p1a: Ceruledge|Shadow Sneak|p2a: Ceruledge\n|-damage|p2a: Ceruledge|81\/100\n|move|p2a: Ceruledge|Bulk Up|p2a: Ceruledge\n|-boost|p2a: Ceruledge|atk|1\n|-boost|p2a: Ceruledge|def|1\n|move|p2b: Rotom|Thunderbolt|p1a: Ceruledge\n|-resisted|p1a: Ceruledge\n|-damage|p1a: Ceruledge|83\/100\n|-curestatus|p1b: Gastrodon|slp|[msg]\n|move|p1b: Gastrodon|Icy Wind|p2a: Ceruledge|[spread] p2a,p2b\n|-supereffective|p2a: Ceruledge\n|-resisted|p2b: Rotom\n|-crit|p2b: Rotom\n|-damage|p2a: Ceruledge|53\/100\n|-damage|p2b: Rotom|91\/100\n|-unboost|p2a: Ceruledge|spe|1\n|-unboost|p2b: Rotom|spe|1\n|\n|-heal|p2b: Rotom|97\/100|[from] item: Leftovers\n|upkeep\n|turn|6\n|inactive|withoutmind has 30 seconds left.\n|\n|t:|1682549465\n|move|p1a: Ceruledge|Protect|p1a: Ceruledge\n|-singleturn|p1a: Ceruledge|Protect\n|move|p2b: Rotom|Protect|p2b: Rotom\n|-singleturn|p2b: Rotom|Protect\n|move|p2a: Ceruledge|Tera Blast|p1b: Gastrodon\n|-supereffective|p1b: Gastrodon\n|-damage|p1b: Gastrodon|0 fnt\n|faint|p1b: Gastrodon\n|\n|-heal|p2b: Rotom|100\/100|[from] item: Leftovers\n|upkeep\n|\n|t:|1682549478\n|switch|p1b: Gyarados|Gyarados, L50, M|59\/100\n|-ability|p1b: Gyarados|Intimidate|boost\n|-unboost|p2a: Ceruledge|atk|1\n|-unboost|p2b: Rotom|atk|1\n|turn|7\n|inactive|withoutmind has 30 seconds left.\n|\n|t:|1682549506\n|move|p2a: Ceruledge|Protect|p2a: Ceruledge\n|-singleturn|p2a: Ceruledge|Protect\n|move|p1a: Ceruledge|Bulk Up|p1a: Ceruledge\n|-boost|p1a: Ceruledge|atk|1\n|-boost|p1a: Ceruledge|def|1\n|move|p1b: Gyarados|Waterfall|p2a: Ceruledge\n|-activate|p2a: Ceruledge|move: Protect\n|move|p2b: Rotom|Will-O-Wisp|p1b: Gyarados\n|-status|p1b: Gyarados|brn\n|\n|-damage|p1b: Gyarados|53\/100 brn|[from] brn\n|upkeep\n|turn|8\n|\n|t:|1682549531\n|switch|p2b: Amoonguss|Amoonguss, L50, M|100\/100\n|move|p1a: Ceruledge|Shadow Sneak|p2a: Ceruledge\n|-damage|p2a: Ceruledge|32\/100\n|move|p1b: Gyarados|Waterfall|p2a: Ceruledge\n|-resisted|p2a: Ceruledge\n|-damage|p2a: Ceruledge|25\/100\n|-enditem|p2a: Ceruledge|Aguav Berry|[eat]\n|-heal|p2a: Ceruledge|58\/100|[from] item: Aguav Berry\n|move|p2a: Ceruledge|Bulk Up|p2a: Ceruledge\n|-boost|p2a: Ceruledge|atk|1\n|-boost|p2a: Ceruledge|def|1\n|\n|-damage|p1b: Gyarados|47\/100 brn|[from] brn\n|upkeep\n|turn|9\n|\n|t:|1682549552\n|move|p2b: Amoonguss|Protect|p2b: Amoonguss\n|-singleturn|p2b: Amoonguss|Protect\n|move|p1a: Ceruledge|Bulk Up|p1a: Ceruledge\n|-boost|p1a: Ceruledge|atk|1\n|-boost|p1a: Ceruledge|def|1\n|move|p1b: Gyarados|Taunt|p2a: Ceruledge\n|-start|p2a: Ceruledge|move: Taunt\n|move|p2a: Ceruledge|Bitter Blade|p1b: Gyarados\n|-resisted|p1b: Gyarados\n|-damage|p1b: Gyarados|0 fnt\n|-heal|p2a: Ceruledge|84\/100|[from] drain|[of] p1b: Gyarados\n|faint|p1b: Gyarados\n|\n|upkeep\n|\n|t:|1682549568\n|switch|p1b: Flutter Mane|Flutter Mane, L50, shiny|100\/100\n|turn|10\n|\n|t:|1682549591\n|switch|p2b: Rotom|Rotom-Wash, L50|100\/100\n|move|p1b: Flutter Mane|Moonblast|p2a: Ceruledge\n|-damage|p2a: Ceruledge|36\/100\n|move|p1a: Ceruledge|Bitter Blade|p2b: Rotom\n|-resisted|p2b: Rotom\n|-damage|p2b: Rotom|64\/100\n|-heal|p1a: Ceruledge|99\/100|[from] drain|[of] p2b: Rotom\n|move|p2a: Ceruledge|Bitter Blade|p1b: Flutter Mane\n|-damage|p1b: Flutter Mane|0 fnt\n|-heal|p2a: Ceruledge|75\/100|[from] drain|[of] p1b: Flutter Mane\n|faint|p1b: Flutter Mane\n|-end|p1b: Flutter Mane|Protosynthesis|[silent]\n|\n|-heal|p2b: Rotom|70\/100|[from] item: Leftovers\n|upkeep\n|turn|11\n|\n|t:|1682549611\n|move|p1a: Ceruledge|Shadow Sneak|p2b: Rotom\n|-damage|p2b: Rotom|36\/100\n|move|p2b: Rotom|Thunderbolt|p1a: Ceruledge\n|-resisted|p1a: Ceruledge\n|-damage|p1a: Ceruledge|83\/100\n|move|p2a: Ceruledge|Tera Blast|p1a: Ceruledge\n|-resisted|p1a: Ceruledge\n|-damage|p1a: Ceruledge|66\/100\n|\n|-heal|p2b: Rotom|41\/100|[from] item: Leftovers\n|-end|p2a: Ceruledge|move: Taunt\n|upkeep\n|turn|12\n|\n|t:|1682549624\n|move|p2b: Rotom|Protect|p2b: Rotom\n|-singleturn|p2b: Rotom|Protect\n|move|p1a: Ceruledge|Bulk Up|p1a: Ceruledge\n|-boost|p1a: Ceruledge|atk|1\n|-boost|p1a: Ceruledge|def|1\n|move|p2a: Ceruledge|Bulk Up|p2a: Ceruledge\n|-boost|p2a: Ceruledge|atk|1\n|-boost|p2a: Ceruledge|def|1\n|\n|-heal|p2b: Rotom|47\/100|[from] item: Leftovers\n|upkeep\n|turn|13\n|\n|t:|1682549646\n|move|p1a: Ceruledge|Bulk Up|p1a: Ceruledge\n|-boost|p1a: Ceruledge|atk|1\n|-boost|p1a: Ceruledge|def|1\n|move|p2b: Rotom|Thunderbolt|p1a: Ceruledge\n|-resisted|p1a: Ceruledge\n|-damage|p1a: Ceruledge|49\/100\n|move|p2a: Ceruledge|Tera Blast|p1a: Ceruledge\n|-resisted|p1a: Ceruledge\n|-damage|p1a: Ceruledge|34\/100\n|\n|-heal|p2b: Rotom|53\/100|[from] item: Leftovers\n|upkeep\n|turn|14\n|\n|t:|1682549665\n|move|p1a: Ceruledge|Bitter Blade|p2b: Rotom\n|-resisted|p2b: Rotom\n|-damage|p2b: Rotom|0 fnt\n|-heal|p1a: Ceruledge|57\/100|[from] drain|[of] p2b: Rotom\n|faint|p2b: Rotom\n|move|p2a: Ceruledge|Bulk Up|p2a: Ceruledge\n|-boost|p2a: Ceruledge|atk|1\n|-boost|p2a: Ceruledge|def|1\n|\n|upkeep\n|\n|t:|1682549685\n|switch|p2b: Amoonguss|Amoonguss, L50, M|100\/100\n|turn|15\n|\n|t:|1682549692\n|move|p2b: Amoonguss|Protect|p2b: Amoonguss\n|-singleturn|p2b: Amoonguss|Protect\n|move|p1a: Ceruledge|Bitter Blade|p2b: Amoonguss\n|-activate|p2b: Amoonguss|move: Protect\n|move|p2a: Ceruledge|Bulk Up|p2a: Ceruledge\n|-boost|p2a: Ceruledge|atk|1\n|-boost|p2a: Ceruledge|def|1\n|\n|upkeep\n|turn|16\n|\n|t:|1682549712\n|move|p1a: Ceruledge|Bitter Blade|p2b: Amoonguss\n|-supereffective|p2b: Amoonguss\n|-damage|p2b: Amoonguss|0 fnt\n|-heal|p1a: Ceruledge|100\/100|[from] drain|[of] p2b: Amoonguss\n|faint|p2b: Amoonguss\n|move|p2a: Ceruledge|Bulk Up|p2a: Ceruledge\n|-boost|p2a: Ceruledge|atk|1\n|-boost|p2a: Ceruledge|def|1\n|\n|upkeep\n|\n|t:|1682549721\n|switch|p2b: Scizor|Scizor, L50, M|65\/100\n|turn|17\n|\n|t:|1682549736\n|move|p2b: Scizor|Protect|p2b: Scizor\n|-singleturn|p2b: Scizor|Protect\n|move|p1a: Ceruledge|Bitter Blade|p2b: Scizor\n|-activate|p2b: Scizor|move: Protect\n|move|p2a: Ceruledge|Tera Blast|p1a: Ceruledge\n|-resisted|p1a: Ceruledge\n|-damage|p1a: Ceruledge|74\/100\n|\n|upkeep\n|turn|18\n|\n|t:|1682549755\n|move|p2b: Scizor|Bullet Punch|p1a: Ceruledge\n|-damage|p1a: Ceruledge|60\/100\n|move|p1a: Ceruledge|Bitter Blade|p2b: Scizor\n|-supereffective|p2b: Scizor\n|-damage|p2b: Scizor|0 fnt\n|-heal|p1a: Ceruledge|92\/100|[from] drain|[of] p2b: Scizor\n|faint|p2b: Scizor\n|move|p2a: Ceruledge|Bulk Up|p2a: Ceruledge\n|-boost|p2a: Ceruledge|atk|1\n|-boost|p2a: Ceruledge|def|0\n|\n|upkeep\n|turn|19\n|\n|t:|1682549767\n|move|p1a: Ceruledge|Bulk Up|p1a: Ceruledge\n|-boost|p1a: Ceruledge|atk|1\n|-boost|p1a: Ceruledge|def|1\n|move|p2a: Ceruledge|Tera Blast|p1a: Ceruledge\n|-resisted|p1a: Ceruledge\n|-damage|p1a: Ceruledge|65\/100\n|\n|upkeep\n|turn|20\n|\n|t:|1682549775\n|move|p1a: Ceruledge|Bulk Up|p1a: Ceruledge\n|-boost|p1a: Ceruledge|atk|1\n|-boost|p1a: Ceruledge|def|1\n|move|p2a: Ceruledge|Tera Blast|p1a: Ceruledge\n|-resisted|p1a: Ceruledge\n|-damage|p1a: Ceruledge|42\/100\n|\n|upkeep\n|turn|21\n|\n|t:|1682549784\n|move|p1a: Ceruledge|Shadow Sneak|p2a: Ceruledge\n|-damage|p2a: Ceruledge|57\/100\n|move|p2a: Ceruledge|Tera Blast|p1a: Ceruledge\n|-resisted|p1a: Ceruledge\n|-damage|p1a: Ceruledge|21\/100\n|\n|upkeep\n|turn|22\n|\n|t:|1682549793\n|move|p1a: Ceruledge|Shadow Sneak|p2a: Ceruledge\n|-crit|p2a: Ceruledge\n|-damage|p2a: Ceruledge|0 fnt\n|faint|p2a: Ceruledge\n|\n|win|JohanDK\n|raw|JohanDK's rating: 1265 → 1285<\/strong> (+20 for winning)\n|raw|withoutmind's rating: 1195 → 1175<\/strong> (-20 for losing)\n|c|\u2606withoutmind|lol\n|c|\u2606withoutmind|gg btw\n|c|\u2606JohanDK|Sorry\n|c|\u2606withoutmind|no worries\n|c|\u2606withoutmind|nice match\n","uploadtime":1682549814,"views":16,"p1id":"johandk","p2id":"withoutmind","formatid":"gen9vgc2023regulationc","rating":1175,"private":0,"password":""}