{"id":"gen9vgc2023regulationc-1849291287","p1":"Diego3007","p2":"Esspecialy","format":"[Gen 9] VGC 2023 Regulation C","log":"|j|\u2606Diego3007\n|j|\u2606Esspecialy\n|t:|1682182361\n|gametype|doubles\n|player|p1|Diego3007|cyrus|1182\n|player|p2|Esspecialy|burglar|1253\n|teamsize|p1|6\n|teamsize|p2|6\n|gen|9\n|tier|[Gen 9] VGC 2023 Regulation C\n|rated|\n|rule|Species Clause: Limit one of each Pok\u00e9mon\n|rule|Item Clause: Limit one of each item\n|clearpoke\n|poke|p1|Palafin, L50, M|\n|poke|p1|Flutter Mane, L50|\n|poke|p1|Amoonguss, L50, M|\n|poke|p1|Arcanine, L50, F|\n|poke|p1|Ting-Lu, L50|\n|poke|p1|Baxcalibur, L50, F|\n|poke|p2|Wo-Chien, L50|\n|poke|p2|Chi-Yu, L50|\n|poke|p2|Gholdengo, L50|\n|poke|p2|Maushold, L50|\n|poke|p2|Chien-Pao, L50|\n|poke|p2|Dragonite, L50, F|\n|teampreview|4\n|inactive|Battle timer is ON: inactive players will automatically lose when time's up. (requested by Diego3007)\n|\n|t:|1682182387\n|start\n|switch|p1a: Baxcalibur|Baxcalibur, L50, F|100\/100\n|switch|p1b: Palafin|Palafin, L50, M|100\/100\n|switch|p2a: Chi-Who?|Chi-Yu, L50|100\/100\n|switch|p2b: Woah-Chien|Wo-Chien, L50|100\/100\n|-ability|p2a: Chi-Who?|Beads of Ruin\n|-ability|p2b: Woah-Chien|Tablets of Ruin\n|turn|1\n|\n|t:|1682182409\n|detailschange|p1b: Palafin|Palafin-Hero, L50, M\n|switch|p1b: Amoonguss|Amoonguss, L50, M|100\/100\n|-terastallize|p2a: Chi-Who?|Ghost\n|move|p2a: Chi-Who?|Heat Wave|p1b: Amoonguss|[spread] p1a,p1b\n|-supereffective|p1b: Amoonguss\n|-damage|p1a: Baxcalibur|47\/100\n|-damage|p1b: Amoonguss|10\/100\n|-ability|p1a: Baxcalibur|Thermal Exchange|boost\n|-boost|p1a: Baxcalibur|atk|1\n|-enditem|p1b: Amoonguss|Sitrus Berry|[eat]\n|-heal|p1b: Amoonguss|35\/100|[from] item: Sitrus Berry\n|move|p1a: Baxcalibur|Icicle Spear|p2b: Woah-Chien\n|-supereffective|p2b: Woah-Chien\n|-damage|p2b: Woah-Chien|75\/100\n|-supereffective|p2b: Woah-Chien\n|-damage|p2b: Woah-Chien|50\/100\n|-supereffective|p2b: Woah-Chien\n|-damage|p2b: Woah-Chien|24\/100\n|-supereffective|p2b: Woah-Chien\n|-damage|p2b: Woah-Chien|0 fnt\n|faint|p2b: Woah-Chien\n|-hitcount|p2: Woah-Chien|4\n|\n|upkeep\n|\n|t:|1682182427\n|switch|p2b: Salamance|Dragonite, L50, F, shiny|100\/100\n|turn|2\n|\n|t:|1682182438\n|switch|p1b: Arcanine|Arcanine, L50, F|100\/100\n|-ability|p1b: Arcanine|Intimidate|boost\n|-unboost|p2a: Chi-Who?|atk|1\n|-unboost|p2b: Salamance|atk|1\n|move|p1a: Baxcalibur|Protect|p1a: Baxcalibur\n|-singleturn|p1a: Baxcalibur|Protect\n|move|p2a: Chi-Who?|Heat Wave|p1a: Baxcalibur|[spread] p1b\n|-activate|p1a: Baxcalibur|move: Protect\n|-resisted|p1b: Arcanine\n|-damage|p1b: Arcanine|73\/100\n|move|p2b: Salamance|Outrage|p1b: Arcanine\n|-damage|p1b: Arcanine|7\/100\n|\n|upkeep\n|turn|3\n|\n|t:|1682182458\n|move|p1b: Arcanine|Protect|p1b: Arcanine\n|-singleturn|p1b: Arcanine|Protect\n|move|p1a: Baxcalibur|Ice Shard|p2b: Salamance\n|-supereffective|p2b: Salamance\n|-damage|p2b: Salamance|24\/100\n|move|p2a: Chi-Who?|Heat Wave|p1b: Arcanine|[spread] \n|-activate|p1b: Arcanine|move: Protect\n|-miss|p2a: Chi-Who?|p1a: Baxcalibur\n|move|p2b: Salamance|Outrage|p1b: Arcanine|[from]lockedmove\n|-activate|p1b: Arcanine|move: Protect\n|\n|upkeep\n|turn|4\n|l|\u2606Esspecialy\n|inactive|Esspecialy disconnected and has a minute to reconnect!\n|player|p2|\n|inactive|Esspecialy has 30 seconds left.\n|inactive|Esspecialy has 20 seconds left.\n|inactive|Esspecialy has 15 seconds left.\n|inactive|Esspecialy has 10 seconds left.\n|j|\u2606Esspecialy\n|inactive|Esspecialy reconnected and has 10 seconds left.\n|player|p2|Esspecialy|burglar\n|inactive|Esspecialy has 5 seconds left.\n|\n|t:|1682182508\n|switch|p1b: Palafin|Palafin-Hero, L50, M|100\/100\n|-activate|p1b: Palafin|ability: Zero to Hero\n|move|p1a: Baxcalibur|Ice Shard|p2b: Salamance\n|-supereffective|p2b: Salamance\n|-damage|p2b: Salamance|0 fnt\n|faint|p2b: Salamance\n|move|p2a: Chi-Who?|Heat Wave|p1b: Palafin|[spread] p1a,p1b\n|-resisted|p1b: Palafin\n|-damage|p1a: Baxcalibur|0 fnt\n|-damage|p1b: Palafin|72\/100\n|faint|p1a: Baxcalibur\n|\n|upkeep\n|\n|t:|1682182520\n|switch|p2b: Chien-Poo|Chien-Pao, L50|100\/100\n|switch|p1a: Amoonguss|Amoonguss, L50, M|69\/100\n|-ability|p2b: Chien-Poo|Sword of Ruin\n|turn|5\n|\n|t:|1682182534\n|-terastallize|p1a: Amoonguss|Water\n|move|p2a: Chi-Who?|Heat Wave|p1a: Amoonguss|[spread] p1b\n|-miss|p2a: Chi-Who?|p1a: Amoonguss\n|-resisted|p1b: Palafin\n|-damage|p1b: Palafin|43\/100\n|move|p2b: Chien-Poo|Throat Chop|p1b: Palafin\n|-damage|p1b: Palafin|0 fnt\n|faint|p1b: Palafin\n|move|p1a: Amoonguss|Pollen Puff|p1: Palafin|[notarget]\n|-fail|p1a: Amoonguss\n|\n|upkeep\n|\n|t:|1682182544\n|switch|p1b: Arcanine|Arcanine, L50, F|7\/100\n|-ability|p1b: Arcanine|Intimidate|boost\n|-unboost|p2a: Chi-Who?|atk|1\n|-unboost|p2b: Chien-Poo|atk|1\n|turn|6\n|\n|t:|1682182561\n|move|p1b: Arcanine|Protect|p1b: Arcanine\n|-singleturn|p1b: Arcanine|Protect\n|move|p2a: Chi-Who?|Heat Wave|p1b: Arcanine|[spread] p1a\n|-activate|p1b: Arcanine|move: Protect\n|-resisted|p1a: Amoonguss\n|-damage|p1a: Amoonguss|48\/100\n|move|p2b: Chien-Poo|Throat Chop|p1a: Amoonguss\n|-damage|p1a: Amoonguss|20\/100\n|-start|p1a: Amoonguss|Throat Chop|[silent]\n|move|p1a: Amoonguss|Pollen Puff|p2b: Chien-Poo\n|-supereffective|p2b: Chien-Poo\n|-damage|p2b: Chien-Poo|24\/100\n|\n|upkeep\n|turn|7\n|\n|t:|1682182582\n|move|p1b: Arcanine|Extreme Speed|p2b: Chien-Poo\n|-damage|p2b: Chien-Poo|0 fnt\n|faint|p2b: Chien-Poo\n|move|p2a: Chi-Who?|Heat Wave|p1b: Arcanine|[spread] p1a,p1b\n|-resisted|p1a: Amoonguss\n|-resisted|p1b: Arcanine\n|-damage|p1a: Amoonguss|0 fnt\n|-damage|p1b: Arcanine|0 fnt\n|faint|p1a: Amoonguss\n|faint|p1b: Arcanine\n|\n|win|Esspecialy\n|raw|Diego3007's rating: 1182 → 1162<\/strong> (-20 for losing)\n|raw|Esspecialy's rating: 1253 → 1273<\/strong> (+20 for winning)\n","uploadtime":1682182587,"views":14,"p1id":"diego3007","p2id":"esspecialy","formatid":"gen9vgc2023regulationc","rating":1162,"private":0,"password":""}