{"id":"gen9vgc2023regulationc-1851747101","p1":"Mushtoast","p2":"Hwhwh","format":"[Gen 9] VGC 2023 Regulation C","log":"|j|\u2606Mushtoast\n|j|\u2606Hwhwh\n|t:|1682477523\n|gametype|doubles\n|player|p1|Mushtoast|tate|1124\n|player|p2|Hwhwh|265|1087\n|teamsize|p1|6\n|teamsize|p2|6\n|gen|9\n|tier|[Gen 9] VGC 2023 Regulation C\n|rated|\n|rule|Species Clause: Limit one of each Pok\u00e9mon\n|rule|Item Clause: Limit one of each item\n|clearpoke\n|poke|p1|Palafin, L50, M|\n|poke|p1|Arcanine, L50, F|\n|poke|p1|Flutter Mane, L50|\n|poke|p1|Amoonguss, L50, F|\n|poke|p1|Ting-Lu, L50|\n|poke|p1|Scizor, L50, F|\n|poke|p2|Chansey, L50, F|\n|poke|p2|Gyarados, L50, F|\n|poke|p2|Ceruledge, L50, M|\n|poke|p2|Palafin, L50, F|\n|poke|p2|Dragonite, L50, F|\n|poke|p2|Chien-Pao, L50|\n|teampreview|4\nMushtoast has agreed to open team sheets.\n|\n|t:|1682477575\n|start\n|switch|p1a: Palafin|Palafin, L50, M|100\/100\n|switch|p1b: Scizor|Scizor, L50, F|100\/100\n|switch|p2a: Chansey|Chansey, L50, F|100\/100\n|switch|p2b: Palafin|Palafin, L50, F|100\/100\n|turn|1\n|\n|t:|1682477618\n|detailschange|p1a: Palafin|Palafin-Hero, L50, M\n|switch|p1a: Amoonguss|Amoonguss, L50, F|100\/100\n|detailschange|p2b: Palafin|Palafin-Hero, L50, F\n|switch|p2b: Ceruledge|Ceruledge, L50, M|100\/100\n|move|p1b: Scizor|Swords Dance|p1b: Scizor\n|-boost|p1b: Scizor|atk|2\n|move|p2a: Chansey|Thunder Wave|p1b: Scizor\n|-status|p1b: Scizor|par\n|\n|upkeep\n|turn|2\n|\n|t:|1682477651\n|-terastallize|p1b: Scizor|Water\n|move|p2b: Ceruledge|Bulk Up|p2b: Ceruledge\n|-boost|p2b: Ceruledge|atk|1\n|-boost|p2b: Ceruledge|def|1\n|move|p2a: Chansey|Thunder Wave|p1a: Amoonguss\n|-status|p1a: Amoonguss|par\n|cant|p1b: Scizor|par\n|move|p1a: Amoonguss|Spore|p2b: Ceruledge\n|-status|p2b: Ceruledge|slp|[from] move: Spore\n|\n|upkeep\n|turn|3\n|\n|t:|1682477676\n|move|p1a: Amoonguss|Rage Powder|p1a: Amoonguss\n|-singleturn|p1a: Amoonguss|move: Rage Powder\n|cant|p2b: Ceruledge|slp\n|move|p2a: Chansey|Icy Wind|p1a: Amoonguss|[spread] p1a,p1b\n|-supereffective|p1a: Amoonguss\n|-resisted|p1b: Scizor\n|-damage|p1a: Amoonguss|93\/100 par\n|-damage|p1b: Scizor|98\/100 par\n|-unboost|p1a: Amoonguss|spe|1\n|-unboost|p1b: Scizor|spe|1\n|move|p1b: Scizor|Aerial Ace|p2b: Ceruledge\n|-damage|p2b: Ceruledge|33\/100 slp\n|-damage|p1b: Scizor|88\/100 par|[from] item: Life Orb\n|\n|-activate|p2a: Chansey|ability: Healer\n|-curestatus|p2b: Ceruledge|slp|[msg]\n|upkeep\n|turn|4\n|\n|t:|1682477704\n|switch|p1a: Palafin|Palafin-Hero, L50, M|100\/100\n|-activate|p1a: Palafin|ability: Zero to Hero\n|move|p1b: Scizor|Bullet Punch|p2a: Chansey\n|-damage|p2a: Chansey|0 fnt\n|faint|p2a: Chansey\n|-damage|p1b: Scizor|79\/100 par|[from] item: Life Orb\n|move|p2b: Ceruledge|Bitter Blade|p1a: Palafin\n|-resisted|p1a: Palafin\n|-damage|p1a: Palafin|66\/100\n|-heal|p2b: Ceruledge|50\/100|[from] drain|[of] p1a: Palafin\n|\n|upkeep\n|\n|t:|1682477720\n|switch|p2a: Palafin|Palafin-Hero, L50, F|100\/100\n|-activate|p2a: Palafin|ability: Zero to Hero\n|turn|5\n|\n|t:|1682477734\n|-terastallize|p2a: Palafin|Normal\n|move|p2b: Ceruledge|Protect|p2b: Ceruledge\n|-singleturn|p2b: Ceruledge|Protect\n|move|p1a: Palafin|Jet Punch|p2b: Ceruledge\n|-activate|p2b: Ceruledge|move: Protect\n|move|p2a: Palafin|Boomburst|p1a: Palafin|[spread] p1a,p1b\n|-activate|p2b: Ceruledge|move: Protect\n|-damage|p1a: Palafin|0 fnt\n|-damage|p1b: Scizor|0 fnt\n|faint|p1a: Palafin\n|faint|p1b: Scizor\n|\n|upkeep\n|\n|t:|1682477743\n|switch|p1a: Flutter Mane|Flutter Mane, L50|100\/100\n|switch|p1b: Amoonguss|Amoonguss, L50, F|100\/100 par\n|turn|6\n|\n|t:|1682477783\n|switch|p2a: Dragonite|Dragonite, L50, F|100\/100\n|move|p2b: Ceruledge|Shadow Sneak|p1a: Flutter Mane\n|-supereffective|p1a: Flutter Mane\n|-enditem|p1a: Flutter Mane|Focus Sash\n|-damage|p1a: Flutter Mane|1\/100\n|move|p1a: Flutter Mane|Shadow Ball|p2b: Ceruledge\n|-supereffective|p2b: Ceruledge\n|-damage|p2b: Ceruledge|0 fnt\n|faint|p2b: Ceruledge\n|move|p1b: Amoonguss|Spore|p2a: Dragonite\n|-status|p2a: Dragonite|slp|[from] move: Spore\n|\n|upkeep\n|\n|t:|1682477798\n|switch|p2b: Palafin|Palafin-Hero, L50, F, tera:Normal|100\/100\n|turn|7\n|\n|t:|1682477811\n|move|p1a: Flutter Mane|Protect|p1a: Flutter Mane\n|-singleturn|p1a: Flutter Mane|Protect\n|move|p2b: Palafin|Ice Beam|p1a: Flutter Mane\n|-activate|p1a: Flutter Mane|move: Protect\n|cant|p2a: Dragonite|slp\n|move|p1b: Amoonguss|Spore|p2b: Palafin\n|-status|p2b: Palafin|slp|[from] move: Spore\n|\n|upkeep\n|turn|8\n|\n|t:|1682477828\n|move|p1a: Flutter Mane|Moonblast|p2b: Palafin\n|-damage|p2b: Palafin|46\/100 slp\n|cant|p2b: Palafin|slp\n|cant|p2a: Dragonite|slp\n|move|p1b: Amoonguss|Pollen Puff|p1a: Flutter Mane\n|-heal|p1a: Flutter Mane|51\/100\n|\n|upkeep\n|turn|9\n|\n|t:|1682477845\n|move|p1a: Flutter Mane|Moonblast|p2b: Palafin\n|-crit|p2b: Palafin\n|-damage|p2b: Palafin|0 fnt\n|faint|p2b: Palafin\n|-curestatus|p2a: Dragonite|slp|[msg]\n|move|p2a: Dragonite|Dragon Claw|p1b: Amoonguss\n|-damage|p1b: Amoonguss|51\/100 par\n|-damage|p2a: Dragonite|91\/100|[from] item: Life Orb\n|cant|p1b: Amoonguss|par\n|\n|upkeep\n|turn|10\n|-message|Hwhwh forfeited.\n|\n|win|Mushtoast\n|raw|Mushtoast's rating: 1124 → 1146<\/strong> (+22 for winning)\n|raw|Hwhwh's rating: 1087 → 1066<\/strong> (-21 for losing)\n|l|\u2606Hwhwh\n","uploadtime":1682477862,"views":10,"p1id":"mushtoast","p2id":"hwhwh","formatid":"gen9vgc2023regulationc","rating":1066,"private":0,"password":""}