{"id":"gen9vgc2023regulationc-1845863314","p1":"DanceOfHearts","p2":"Sbradyb","format":"[Gen 9] VGC 2023 Regulation C","log":"|j|\u2606DanceOfHearts\n|j|\u2606Sbradyb\n|t:|1681772741\n|gametype|doubles\n|player|p1|DanceOfHearts|may-masters2|1366\n|player|p2|Sbradyb|169|1325\n|teamsize|p1|6\n|teamsize|p2|6\n|gen|9\n|tier|[Gen 9] VGC 2023 Regulation C\n|rated|\n|rule|Species Clause: Limit one of each Pok\u00e9mon\n|rule|Item Clause: Limit one of each item\n|clearpoke\n|poke|p1|Amoonguss, L50, M|\n|poke|p1|Chien-Pao, L50|\n|poke|p1|Arcanine, L50, F|\n|poke|p1|Palafin, L50, M|\n|poke|p1|Flutter Mane, L50|\n|poke|p1|Kingambit, L50, M|\n|poke|p2|Tatsugiri, L50, M|\n|poke|p2|Dondozo, L50, F|\n|poke|p2|Breloom, L50, M|\n|poke|p2|Corviknight, L50, F|\n|poke|p2|Flutter Mane, L50|\n|poke|p2|Ting-Lu, L50|\n|teampreview|4\n|inactive|Battle timer is ON: inactive players will automatically lose when time's up. (requested by Sbradyb)\n|j| Oonga Boonga King\nDanceOfHearts has agreed to open team sheets.\n|inactive|DanceOfHearts has 60 seconds left.\n|inactive|Sbradyb has 60 seconds left.\n|\n|t:|1681772785\n|start\n|switch|p1a: Meow|Arcanine, L50, F|100\/100\n|switch|p1b: Uwu|Palafin, L50, M|100\/100\n|switch|p2a: Dondozo|Dondozo, L50, F|100\/100\n|switch|p2b: Ting-Lu|Ting-Lu, L50|100\/100\n|-ability|p1a: Meow|Intimidate|boost\n|-unboost|p2a: Dondozo|atk|1\n|-unboost|p2b: Ting-Lu|atk|1\n|-ability|p2b: Ting-Lu|Vessel of Ruin\n|turn|1\n|inactive|DanceOfHearts has 30 seconds left.\n|inactive|Sbradyb has 30 seconds left.\n|inactive|Sbradyb has 20 seconds left.\n|inactive|Sbradyb has 15 seconds left.\n|\n|t:|1681772826\n|detailschange|p1b: Uwu|Palafin-Hero, L50, M\n|switch|p1b: Rawr XD|Chien-Pao, L50|100\/100\n|-ability|p1b: Rawr XD|Sword of Ruin\n|move|p1a: Meow|Howl|p1a: Meow|[spread] p1a,p1b\n|-boost|p1a: Meow|atk|1\n|-boost|p1b: Rawr XD|atk|1\n|move|p2b: Ting-Lu|Stealth Rock|p1a: Meow\n|-sidestart|p1: DanceOfHearts|move: Stealth Rock\n|move|p2a: Dondozo|Liquidation|p1a: Meow\n|-supereffective|p1a: Meow\n|-damage|p1a: Meow|25\/100\n|-unboost|p1a: Meow|def|1\n|\n|upkeep\n|turn|2\n|inactive|DanceOfHearts has 30 seconds left.\n|inactive|Sbradyb has 30 seconds left.\n|\n|t:|1681772857\n|-terastallize|p2b: Ting-Lu|Poison\n|move|p1b: Rawr XD|Sacred Sword|p2a: Dondozo\n|-damage|p2a: Dondozo|60\/100\n|move|p1a: Meow|Howl|p1a: Meow|[spread] p1a,p1b\n|-boost|p1a: Meow|atk|1\n|-boost|p1b: Rawr XD|atk|1\n|move|p2b: Ting-Lu|Stomping Tantrum|p1a: Meow\n|-supereffective|p1a: Meow\n|-damage|p1a: Meow|0 fnt\n|faint|p1a: Meow\n|move|p2a: Dondozo|Yawn|p1b: Rawr XD\n|-start|p1b: Rawr XD|move: Yawn|[of] p2a: Dondozo\n|\n|-heal|p2a: Dondozo|67\/100|[from] item: Leftovers\n|upkeep\n|\n|t:|1681772869\n|switch|p1a: Uwu|Palafin-Hero, L50, M|100\/100\n|-damage|p1a: Uwu|88\/100|[from] Stealth Rock\n|-activate|p1a: Uwu|ability: Zero to Hero\n|turn|3\n|\n|t:|1681772888\n|move|p2b: Ting-Lu|Protect|p2b: Ting-Lu\n|-singleturn|p2b: Ting-Lu|Protect\n|move|p2a: Dondozo|Protect|p2a: Dondozo\n|-singleturn|p2a: Dondozo|Protect\n|move|p1b: Rawr XD|Icicle Crash|p2b: Ting-Lu\n|-activate|p2b: Ting-Lu|move: Protect\n|move|p1a: Uwu|Wave Crash|p2a: Dondozo\n|-activate|p2a: Dondozo|move: Protect\n|\n|-heal|p2a: Dondozo|73\/100|[from] item: Leftovers\n|-end|p1b: Rawr XD|move: Yawn|[silent]\n|-status|p1b: Rawr XD|slp\n|upkeep\n|turn|4\n|l| Oonga Boonga King\n|inactive|Sbradyb has 30 seconds left.\n|\n|t:|1681772923\n|switch|p2b: Tatsugiri|Tatsugiri, L50, M|100\/100\n|-terastallize|p1a: Uwu|Water\n|cant|p1b: Rawr XD|slp\n|move|p1a: Uwu|Wave Crash|p2b: Tatsugiri\n|-ability|p2b: Tatsugiri|Storm Drain|boost\n|-boost|p2b: Tatsugiri|spa|1\n|move|p2a: Dondozo|Heavy Slam|p1b: Rawr XD\n|-supereffective|p1b: Rawr XD\n|-damage|p1b: Rawr XD|79\/100 slp\n|\n|-heal|p2a: Dondozo|79\/100|[from] item: Leftovers\n|upkeep\n|turn|5\n|\n|t:|1681772941\n|move|p2b: Tatsugiri|Muddy Water|p1a: Uwu|[spread] p1b\n|-miss|p2b: Tatsugiri|p1a: Uwu\n|-damage|p1b: Rawr XD|0 fnt\n|faint|p1b: Rawr XD\n|move|p1a: Uwu|Wave Crash|p2b: Tatsugiri\n|-activate|p2b: Tatsugiri|ability: Storm Drain\n|-ability|p2b: Tatsugiri|Storm Drain|boost\n|-boost|p2b: Tatsugiri|spa|1\n|move|p2a: Dondozo|Yawn|p1a: Uwu\n|-start|p1a: Uwu|move: Yawn|[of] p2a: Dondozo\n|\n|-heal|p2a: Dondozo|85\/100|[from] item: Leftovers\n|upkeep\n|-message|DanceOfHearts forfeited.\n|\n|win|Sbradyb\n|raw|DanceOfHearts's rating: 1366 → 1344<\/strong> (-22 for losing)\n|raw|Sbradyb's rating: 1325 → 1347<\/strong> (+22 for winning)\n|l|\u2606DanceOfHearts\n|c|\u2606Sbradyb|Ugh oh\n","uploadtime":1681772986,"views":4,"p1id":"danceofhearts","p2id":"sbradyb","formatid":"gen9vgc2023regulationc","rating":1344,"private":0,"password":""}