{"id":"gen9vgc2023regulationc-1852252469","p1":"DuelLuna","p2":"kajashi","format":"[Gen 9] VGC 2023 Regulation C","log":"|j|\u2606DuelLuna\n|j|\u2606kajashi\n|t:|1682536940\n|gametype|doubles\n|player|p1|DuelLuna|caitlin|\n|player|p2|kajashi|n|\n|teamsize|p1|6\n|teamsize|p2|6\n|gen|9\n|tier|[Gen 9] VGC 2023 Regulation C\n|rule|Species Clause: Limit one of each Pok\u00e9mon\n|rule|Item Clause: Limit one of each item\n|clearpoke\n|poke|p1|Gholdengo, L50|\n|poke|p1|Maushold, L50|\n|poke|p1|Iron Bundle, L50|\n|poke|p1|Garchomp, L50, M|\n|poke|p1|Talonflame, L50, M|\n|poke|p1|Iron Hands, L50|\n|poke|p2|Gyarados, L50, M|\n|poke|p2|Chi-Yu, L50|\n|poke|p2|Iron Hands, L50|\n|poke|p2|Kingambit, L50, F|\n|poke|p2|Amoonguss, L50, M|\n|poke|p2|Flutter Mane, L50|\n|teampreview|4\nDuelLuna has agreed to open team sheets.\nkajashi has agreed to open team sheets.\n|c|\u2606DuelLuna|Hf\n|\n|t:|1682536994\n|start\n|switch|p1a: Bolt the birb|Talonflame, L50, M|100\/100\n|switch|p1b: Birdman|Garchomp, L50, M|100\/100\n|switch|p2a: Chi-Yu|Chi-Yu, L50|100\/100\n|switch|p2b: Flutter Mane|Flutter Mane, L50|100\/100\n|-ability|p2a: Chi-Yu|Beads of Ruin\n|-enditem|p2b: Flutter Mane|Booster Energy\n|-activate|p2b: Flutter Mane|ability: Protosynthesis|[fromitem]\n|-start|p2b: Flutter Mane|protosynthesisspa\n|turn|1\n|\n|t:|1682537025\n|-terastallize|p1b: Birdman|Fire\n|move|p1a: Bolt the birb|Tailwind|p1a: Bolt the birb\n|-sidestart|p1: DuelLuna|move: Tailwind\n|move|p1b: Birdman|Rock Slide|p2a: Chi-Yu|[spread] p2a,p2b\n|-supereffective|p2a: Chi-Yu\n|-damage|p2a: Chi-Yu|23\/100\n|-damage|p2b: Flutter Mane|56\/100\n|-damage|p1b: Birdman|91\/100|[from] item: Life Orb\n|move|p2b: Flutter Mane|Shadow Ball|p1a: Bolt the birb\n|-damage|p1a: Bolt the birb|0 fnt\n|faint|p1a: Bolt the birb\n|cant|p2a: Chi-Yu|flinch\n|\n|upkeep\n|c|\u2606DuelLuna|My B\n|\n|t:|1682537053\n|switch|p1a: Ordinance|Iron Bundle, L50|100\/100\n|-enditem|p1a: Ordinance|Booster Energy\n|-activate|p1a: Ordinance|ability: Quark Drive|[fromitem]\n|-start|p1a: Ordinance|quarkdrivespe\n|turn|2\n|\n|t:|1682537075\n|switch|p2a: Iron Hands|Iron Hands, L50|100\/100\n|move|p1a: Ordinance|Protect|p1a: Ordinance\n|-singleturn|p1a: Ordinance|Protect\n|move|p2b: Flutter Mane|Protect|p2b: Flutter Mane\n|-singleturn|p2b: Flutter Mane|Protect\n|move|p1b: Birdman|Earthquake|p2a: Iron Hands|[spread] p2a\n|-activate|p1a: Ordinance|move: Protect\n|-activate|p2b: Flutter Mane|move: Protect\n|-supereffective|p2a: Iron Hands\n|-damage|p2a: Iron Hands|33\/100\n|-damage|p1b: Birdman|81\/100|[from] item: Life Orb\n|\n|upkeep\n|turn|3\n|\n|t:|1682537109\n|-end|p1a: Ordinance|Quark Drive|[silent]\n|switch|p1a: Birdy G|Iron Hands, L50|100\/100\n|move|p1b: Birdman|Protect|p1b: Birdman\n|-singleturn|p1b: Birdman|Protect\n|move|p2a: Iron Hands|Detect|p2a: Iron Hands\n|-singleturn|p2a: Iron Hands|Protect\n|move|p2b: Flutter Mane|Shadow Ball|p1b: Birdman\n|-activate|p1b: Birdman|move: Protect\n|\n|upkeep\n|turn|4\n|\n|t:|1682537150\n|move|p1b: Birdman|Stomping Tantrum|p2b: Flutter Mane\n|-damage|p2b: Flutter Mane|0 fnt\n|faint|p2b: Flutter Mane\n|-end|p2b: Flutter Mane|Protosynthesis|[silent]\n|-damage|p1b: Birdman|71\/100|[from] item: Life Orb\n|move|p1a: Birdy G|Close Combat|p2a: Iron Hands\n|-damage|p2a: Iron Hands|0 fnt\n|-unboost|p1a: Birdy G|def|1\n|-unboost|p1a: Birdy G|spd|1\n|faint|p2a: Iron Hands\n|-end|p2a: Iron Hands|Quark Drive|[silent]\n|\n|-sideend|p1: DuelLuna|move: Tailwind\n|upkeep\n|\n|t:|1682537160\n|switch|p2b: Chi-Yu|Chi-Yu, L50|23\/100\n|switch|p2a: Kingambit|Kingambit, L50, F|100\/100\n|-ability|p2b: Chi-Yu|Beads of Ruin\n|turn|5\n|\n|t:|1682537185\n|-terastallize|p2a: Kingambit|Fire\n|move|p1b: Birdman|Stomping Tantrum|p2a: Kingambit\n|-supereffective|p2a: Kingambit\n|-damage|p2a: Kingambit|25\/100\n|-damage|p1b: Birdman|61\/100|[from] item: Life Orb\n|move|p2b: Chi-Yu|Heat Wave|p1a: Birdy G|[spread] p1b\n|-miss|p2b: Chi-Yu|p1a: Birdy G\n|-resisted|p1b: Birdman\n|-damage|p1b: Birdman|31\/100\n|move|p2a: Kingambit|Assurance|p1b: Birdman\n|-damage|p1b: Birdman|0 fnt\n|-damage|p2a: Kingambit|12\/100|[from] ability: Rough Skin|[of] p1b: Birdman\n|faint|p1b: Birdman\n|move|p1a: Birdy G|Close Combat|p2b: Chi-Yu\n|-supereffective|p2b: Chi-Yu\n|-damage|p2b: Chi-Yu|0 fnt\n|-unboost|p1a: Birdy G|def|1\n|-unboost|p1a: Birdy G|spd|1\n|faint|p2b: Chi-Yu\n|\n|upkeep\n|\n|t:|1682537196\n|switch|p1b: Ordinance|Iron Bundle, L50|100\/100\n|turn|6\n|c|\u2606kajashi|gg\n|c|\u2606kajashi|yikes\n|c|\u2606DuelLuna|Gg\n|-message|kajashi forfeited.\n|\n|win|DuelLuna\n|l|\u2606kajashi\n","uploadtime":1682537612,"views":88,"p1id":"duelluna","p2id":"kajashi","formatid":"gen9vgc2023regulationc","rating":0,"private":0,"password":""}