{"id":"gen9vgc2023regulationc-1849431200","p1":"darlingtonia","p2":"Mz_destroyer","format":"[Gen 9] VGC 2023 Regulation C","log":"|j|\u2606darlingtonia\n|j|\u2606Mz_destroyer\n|t:|1682197711\n|gametype|doubles\n|player|p1|darlingtonia|proton|1055\n|player|p2|Mz_destroyer|265|1043\n|teamsize|p1|6\n|teamsize|p2|6\n|gen|9\n|tier|[Gen 9] VGC 2023 Regulation C\n|rated|\n|rule|Species Clause: Limit one of each Pok\u00e9mon\n|rule|Item Clause: Limit one of each item\n|clearpoke\n|poke|p1|Chi-Yu, L50|\n|poke|p1|Palafin, L50, F|\n|poke|p1|Amoonguss, L50, F|\n|poke|p1|Glimmora, L50, M|\n|poke|p1|Flutter Mane, L50|\n|poke|p1|Scizor, L50, M|\n|poke|p2|Skeledirge, L50, F|\n|poke|p2|Ting-Lu, L50|\n|poke|p2|Murkrow, L50, M|\n|poke|p2|Flutter Mane, L50|\n|poke|p2|Maushold, L50|\n|poke|p2|Scizor, L50, M|\n|teampreview|4\ndarlingtonia has agreed to open team sheets.\n|\n|t:|1682197801\n|start\n|switch|p1a: Chi-Yu|Chi-Yu, L50|100\/100\n|switch|p1b: Palafin|Palafin, L50, F|100\/100\n|switch|p2a: Skeledirge|Skeledirge, L50, F|100\/100\n|switch|p2b: Ting-Lu|Ting-Lu, L50|100\/100\n|-ability|p1a: Chi-Yu|Beads of Ruin\n|-ability|p2b: Ting-Lu|Vessel of Ruin\n|turn|1\n|\n|t:|1682197823\n|detailschange|p1b: Palafin|Palafin-Hero, L50, F\n|switch|p1b: Flutter Mane|Flutter Mane, L50|100\/100\n|-enditem|p1b: Flutter Mane|Booster Energy\n|-activate|p1b: Flutter Mane|ability: Protosynthesis|[fromitem]\n|-start|p1b: Flutter Mane|protosynthesisspe\n|move|p2a: Skeledirge|Protect|p2a: Skeledirge\n|-singleturn|p2a: Skeledirge|Protect\n|move|p1a: Chi-Yu|Snarl|p2b: Ting-Lu|[spread] p2b\n|-activate|p2a: Skeledirge|move: Protect\n|-resisted|p2b: Ting-Lu\n|-damage|p2b: Ting-Lu|96\/100\n|-unboost|p2b: Ting-Lu|spa|1\n|move|p2b: Ting-Lu|Fissure|p1a: Chi-Yu|[miss]\n|-miss|p2b: Ting-Lu|p1a: Chi-Yu\n|\n|upkeep\n|turn|2\n|\n|t:|1682197849\n|move|p2a: Skeledirge|Protect||[still]\n|-fail|p2a: Skeledirge\n|move|p1b: Flutter Mane|Moonblast|p2b: Ting-Lu\n|-supereffective|p2b: Ting-Lu\n|-damage|p2b: Ting-Lu|59\/100\n|move|p1a: Chi-Yu|Snarl|p2b: Ting-Lu|[spread] p2a,p2b\n|-supereffective|p2a: Skeledirge\n|-resisted|p2b: Ting-Lu\n|-damage|p2a: Skeledirge|64\/100\n|-damage|p2b: Ting-Lu|55\/100\n|-unboost|p2a: Skeledirge|spa|1\n|-unboost|p2b: Ting-Lu|spa|1\n|move|p2b: Ting-Lu|Heavy Slam|p1b: Flutter Mane\n|-supereffective|p1b: Flutter Mane\n|-damage|p1b: Flutter Mane|1\/100\n|\n|-heal|p2a: Skeledirge|70\/100|[from] item: Leftovers\n|upkeep\n|turn|3\n|\n|t:|1682197874\n|move|p1b: Flutter Mane|Shadow Ball|p2a: Skeledirge\n|-supereffective|p2a: Skeledirge\n|-damage|p2a: Skeledirge|10\/100\n|-unboost|p2a: Skeledirge|spd|1\n|move|p1a: Chi-Yu|Snarl|p2b: Ting-Lu|[spread] p2a,p2b\n|-supereffective|p2a: Skeledirge\n|-resisted|p2b: Ting-Lu\n|-damage|p2a: Skeledirge|0 fnt\n|-damage|p2b: Ting-Lu|50\/100\n|-unboost|p2b: Ting-Lu|spa|1\n|faint|p2a: Skeledirge\n|move|p2b: Ting-Lu|Stomping Tantrum|p1b: Flutter Mane\n|-crit|p1b: Flutter Mane\n|-damage|p1b: Flutter Mane|0 fnt\n|faint|p1b: Flutter Mane\n|-end|p1b: Flutter Mane|Protosynthesis|[silent]\n|\n|upkeep\n|\n|t:|1682197893\n|switch|p1b: Palafin|Palafin-Hero, L50, F|100\/100\n|switch|p2a: Maushold|Maushold, L50|100\/100\n|-activate|p1b: Palafin|ability: Zero to Hero\n|turn|4\n|\n|t:|1682197914\n|-terastallize|p1b: Palafin|Water\n|move|p2a: Maushold|Population Bomb|p1b: Palafin\n|-damage|p1b: Palafin|92\/100\n|-damage|p1b: Palafin|83\/100\n|-damage|p1b: Palafin|74\/100\n|-damage|p1b: Palafin|64\/100\n|-damage|p1b: Palafin|55\/100\n|-damage|p1b: Palafin|45\/100\n|-hitcount|p1b: Palafin|6\n|move|p1b: Palafin|Wave Crash|p2b: Ting-Lu\n|-supereffective|p2b: Ting-Lu\n|-damage|p2b: Ting-Lu|0 fnt\n|faint|p2b: Ting-Lu\n|-damage|p1b: Palafin|20\/100|[from] Recoil\n|move|p1a: Chi-Yu|Dark Pulse|p2a: Maushold\n|-damage|p2a: Maushold|29\/100\n|\n|upkeep\n|\n|t:|1682197935\n|switch|p2b: Flutter Mane|Flutter Mane, L50|100\/100\n|-enditem|p2b: Flutter Mane|Booster Energy\n|-activate|p2b: Flutter Mane|ability: Protosynthesis|[fromitem]\n|-start|p2b: Flutter Mane|protosynthesisspe\n|turn|5\n|\n|t:|1682197948\n|-terastallize|p2b: Flutter Mane|Fairy\n|move|p1b: Palafin|Jet Punch|p2b: Flutter Mane\n|-damage|p2b: Flutter Mane|0 fnt\n|faint|p2b: Flutter Mane\n|-end|p2b: Flutter Mane|Protosynthesis|[silent]\n|move|p2a: Maushold|Population Bomb|p1b: Palafin|[miss]\n|-miss|p2a: Maushold|p1b: Palafin\n|move|p1a: Chi-Yu|Dark Pulse|p2a: Maushold\n|-damage|p2a: Maushold|0 fnt\n|faint|p2a: Maushold\n|\n|win|darlingtonia\n|raw|darlingtonia's rating: 1055 → 1086<\/strong> (+31 for winning)\n|raw|Mz_destroyer's rating: 1043 → 1027<\/strong> (-16 for losing)\n|c|\u2606darlingtonia|gg\n|l|\u2606Mz_destroyer\n","uploadtime":1682197966,"views":8,"p1id":"darlingtonia","p2id":"mzdestroyer","formatid":"gen9vgc2023regulationc","rating":1027,"private":0,"password":""}