{"id":"gen9vgc2023regulationc-1860179986","p1":"shinyhaunter05","p2":"Mac1123","format":"[Gen 9] VGC 2023 Regulation C","log":"|j|\u2606shinyhaunter05\n|j|\u2606Mac1123\n|t:|1683605672\n|gametype|doubles\n|player|p1|shinyhaunter05|lucas-gen4pt|1045\n|player|p2|Mac1123|101|1049\n|teamsize|p1|6\n|teamsize|p2|6\n|gen|9\n|tier|[Gen 9] VGC 2023 Regulation C\n|rated|\n|rule|Species Clause: Limit one of each Pok\u00e9mon\n|rule|Item Clause: Limit one of each item\n|clearpoke\n|poke|p1|Magnezone, L50|\n|poke|p1|Gyarados, L50, M|\n|poke|p1|Tsareena, L50, F|\n|poke|p1|Flutter Mane, L50|\n|poke|p1|Iron Bundle, L50|\n|poke|p1|Stonjourner, L50, F|\n|poke|p2|Skeledirge, L50, M|\n|poke|p2|Ursaring, L50, M|\n|poke|p2|Palafin, L50, F|\n|poke|p2|Lycanroc-Dusk, L50, F|\n|poke|p2|Noivern, L50, M|\n|poke|p2|Breloom, L50, F|\n|teampreview|4\n|inactive|Battle timer is ON: inactive players will automatically lose when time's up. (requested by shinyhaunter05)\n|\n|t:|1683605709\n|start\n|switch|p1a: Gyarados|Gyarados, L50, M|100\/100\n|switch|p1b: Magnezone|Magnezone, L50|100\/100\n|switch|p2a: Ursaring|Ursaring, L50, M|100\/100\n|switch|p2b: Palafin|Palafin, L50, F|100\/100\n|-ability|p1a: Gyarados|Intimidate|boost\n|-unboost|p2a: Ursaring|atk|1\n|-unboost|p2b: Palafin|atk|1\n|turn|1\n|\n|t:|1683605729\n|move|p2b: Palafin|Flip Turn|p1a: Gyarados\n|-resisted|p1a: Gyarados\n|-damage|p1a: Gyarados|88\/100\n|\n|t:|1683605733\n|detailschange|p2b: Palafin|Palafin-Hero, L50, F\n|switch|p2b: Breloom|Breloom, L50, F|100\/100|[from] Flip Turn\n|move|p1a: Gyarados|Dragon Dance|p1a: Gyarados\n|-boost|p1a: Gyarados|atk|1\n|-boost|p1a: Gyarados|spe|1\n|move|p1b: Magnezone|Thunderbolt|p2a: Ursaring\n|-damage|p2a: Ursaring|62\/100\n|move|p2a: Ursaring|Belly Drum|p2a: Ursaring\n|-damage|p2a: Ursaring|12\/100\n|-setboost|p2a: Ursaring|atk|6|[from] move: Belly Drum\n|\n|upkeep\n|turn|2\n|\n|t:|1683605752\n|move|p1a: Gyarados|Taunt|p2b: Breloom\n|-start|p2b: Breloom|move: Taunt\n|move|p2b: Breloom|Rock Tomb|p1a: Gyarados\n|-supereffective|p1a: Gyarados\n|-damage|p1a: Gyarados|10\/100\n|move|p1b: Magnezone|Volt Switch|p2a: Ursaring\n|-damage|p2a: Ursaring|0 fnt\n|faint|p2a: Ursaring\n|\n|t:|1683605762\n|switch|p1b: Tsareena|Tsareena, L50, F|100\/100|[from] Volt Switch\n|\n|upkeep\n|\n|t:|1683605772\n|switch|p2a: Skeledirge|Skeledirge, L50, M|100\/100\n|turn|3\n|\n|t:|1683605783\n|move|p1a: Gyarados|Protect|p1a: Gyarados\n|-singleturn|p1a: Gyarados|Protect\n|move|p2b: Breloom|Mach Punch||[still]\n|cant|p1b: Tsareena|ability: Queenly Majesty|Mach Punch|[of] p2b: Breloom\n|move|p1b: Tsareena|Play Rough|p2b: Breloom\n|-supereffective|p2b: Breloom\n|-damage|p2b: Breloom|0 fnt\n|faint|p2b: Breloom\n|move|p2a: Skeledirge|Torch Song|p1b: Tsareena\n|-supereffective|p1b: Tsareena\n|-damage|p1b: Tsareena|14\/100\n|-boost|p2a: Skeledirge|spa|1\n|-enditem|p1b: Tsareena|Sitrus Berry|[eat]\n|-heal|p1b: Tsareena|39\/100|[from] item: Sitrus Berry\n|-enditem|p2a: Skeledirge|Throat Spray\n|-boost|p2a: Skeledirge|spa|1|[from] item: Throat Spray\n|\n|upkeep\n|\n|t:|1683605800\n|switch|p2b: Palafin|Palafin-Hero, L50, F|100\/100\n|-activate|p2b: Palafin|ability: Zero to Hero\n|turn|4\n|\n|t:|1683605818\n|move|p2a: Skeledirge|Protect|p2a: Skeledirge\n|-singleturn|p2a: Skeledirge|Protect\n|move|p1a: Gyarados|Waterfall|p2a: Skeledirge\n|-activate|p2a: Skeledirge|move: Protect\n|move|p2b: Palafin|Close Combat|p1a: Gyarados\n|-resisted|p1a: Gyarados\n|-damage|p1a: Gyarados|0 fnt\n|-unboost|p2b: Palafin|def|1\n|-unboost|p2b: Palafin|spd|1\n|faint|p1a: Gyarados\n|move|p1b: Tsareena|Trop Kick|p2b: Palafin\n|-supereffective|p2b: Palafin\n|-damage|p2b: Palafin|0 fnt\n|faint|p2b: Palafin\n|\n|upkeep\n|\n|t:|1683605833\n|switch|p1a: Iron Bundle|Iron Bundle, L50|100\/100\n|turn|5\n|\n|t:|1683605846\n|move|p1b: Tsareena|Protect|p1b: Tsareena\n|-singleturn|p1b: Tsareena|Protect\n|move|p1a: Iron Bundle|Hydro Pump|p2a: Skeledirge\n|-supereffective|p2a: Skeledirge\n|-damage|p2a: Skeledirge|0 fnt\n|faint|p2a: Skeledirge\n|\n|win|shinyhaunter05\n|raw|shinyhaunter05's rating: 1045 → 1079<\/strong> (+34 for winning)\n|raw|Mac1123's rating: 1049 → 1031<\/strong> (-18 for losing)\n|c|\u2606shinyhaunter05|gg\n|l|\u2606Mac1123\n","uploadtime":1683605886,"views":16,"p1id":"shinyhaunter05","p2id":"mac1123","formatid":"gen9vgc2023regulationc","rating":1031,"private":0,"password":""}