{"id":"gen9vgc2023regulationc-1854632836","p1":"kenshin4869","p2":"TrainerRYSA","format":"[Gen 9] VGC 2023 Regulation C","log":"|j|\u2606kenshin4869\n|j|\u2606TrainerRYSA\n|t:|1682839940\n|gametype|doubles\n|player|p1|kenshin4869|rosa|1319\n|player|p2|TrainerRYSA|1|1248\n|teamsize|p1|6\n|teamsize|p2|6\n|gen|9\n|tier|[Gen 9] VGC 2023 Regulation C\n|rated|\n|rule|Species Clause: Limit one of each Pok\u00e9mon\n|rule|Item Clause: Limit one of each item\n|clearpoke\n|poke|p1|Maushold, L50|\n|poke|p1|Annihilape, L50, F|\n|poke|p1|Iron Bundle, L50|\n|poke|p1|Abomasnow, L50, F|\n|poke|p1|Ceruledge, L50, F|\n|poke|p1|Chien-Pao, L50|\n|poke|p2|Flutter Mane, L50|\n|poke|p2|Iron Hands, L50|\n|poke|p2|Dragonite, L50, M|\n|poke|p2|Umbreon, L50, M|\n|poke|p2|Gyarados, L50, F|\n|poke|p2|Palafin, L50, F|\n|teampreview|4\n|inactive|Battle timer is ON: inactive players will automatically lose when time's up. (requested by kenshin4869)\n|inactive|TrainerRYSA has 60 seconds left.\nTrainerRYSA has agreed to open team sheets.\n|\n|t:|1682840012\n|start\n|switch|p1a: Maushold|Maushold, L50|100\/100\n|switch|p1b: Annihilape|Annihilape, L50, F|100\/100\n|switch|p2a: Iron Hands|Iron Hands, L50|100\/100\n|switch|p2b: Sasuke|Umbreon, L50, M, shiny|100\/100\n|turn|1\n|\n|t:|1682840028\n|move|p1a: Maushold|Super Fang|p2b: Sasuke\n|-damage|p2b: Sasuke|51\/100\n|move|p1b: Annihilape|Bulk Up|p1b: Annihilape\n|-boost|p1b: Annihilape|atk|1\n|-boost|p1b: Annihilape|def|1\n|-enditem|p2b: Sasuke|Mirror Herb\n|-boost|p2b: Sasuke|atk|1|[from] item: Mirror Herb\n|-boost|p2b: Sasuke|def|1|[from] item: Mirror Herb\n|move|p2b: Sasuke|Foul Play|p1b: Annihilape\n|-damage|p1b: Annihilape|64\/100\n|move|p2a: Iron Hands|Drain Punch|p1a: Maushold\n|-supereffective|p1a: Maushold\n|-damage|p1a: Maushold|3\/100\n|\n|-heal|p1b: Annihilape|70\/100|[from] item: Leftovers\n|upkeep\n|turn|2\n|inactive|TrainerRYSA has 30 seconds left.\n|\n|t:|1682840061\n|move|p1a: Maushold|Follow Me|p1a: Maushold\n|-singleturn|p1a: Maushold|move: Follow Me\n|move|p1b: Annihilape|Drain Punch|p2b: Sasuke\n|-supereffective|p2b: Sasuke\n|-damage|p2b: Sasuke|9\/100\n|-heal|p1b: Annihilape|91\/100|[from] drain|[of] p2b: Sasuke\n|move|p2b: Sasuke|Moonlight|p2b: Sasuke\n|-heal|p2b: Sasuke|59\/100\n|move|p2a: Iron Hands|Wild Charge|p1a: Maushold\n|-crit|p1a: Maushold\n|-damage|p1a: Maushold|0 fnt\n|faint|p1a: Maushold\n|-damage|p2a: Iron Hands|99\/100|[from] Recoil\n|\n|-heal|p1b: Annihilape|97\/100|[from] item: Leftovers\n|upkeep\n|\n|t:|1682840076\n|switch|p1a: Iron Bundle|Iron Bundle, L50|100\/100\n|-enditem|p1a: Iron Bundle|Booster Energy\n|-activate|p1a: Iron Bundle|ability: Quark Drive|[fromitem]\n|-start|p1a: Iron Bundle|quarkdrivespe\n|turn|3\n|\n|t:|1682840093\n|move|p1a: Iron Bundle|Hydro Pump|p2b: Sasuke|[miss]\n|-miss|p1a: Iron Bundle|p2b: Sasuke\n|move|p1b: Annihilape|Rage Fist|p2a: Iron Hands\n|-damage|p2a: Iron Hands|55\/100\n|move|p2b: Sasuke|Foul Play|p1b: Annihilape\n|-damage|p1b: Annihilape|52\/100\n|move|p2a: Iron Hands|Drain Punch|p1a: Iron Bundle\n|-supereffective|p1a: Iron Bundle\n|-damage|p1a: Iron Bundle|7\/100\n|-heal|p2a: Iron Hands|81\/100|[from] drain|[of] p1a: Iron Bundle\n|\n|-heal|p1b: Annihilape|58\/100|[from] item: Leftovers\n|upkeep\n|turn|4\n|inactive|TrainerRYSA has 30 seconds left.\n|\n|t:|1682840123\n|switch|p1b: Abomasnow|Abomasnow, L50, F|100\/100\n|-weather|Snow|[from] ability: Snow Warning|[of] p1b: Abomasnow\n|-terastallize|p1a: Iron Bundle|Ice\n|move|p1a: Iron Bundle|Blizzard|p2b: Sasuke|[spread] p2a,p2b\n|-damage|p2a: Iron Hands|56\/100\n|-damage|p2b: Sasuke|24\/100\n|move|p2b: Sasuke|Foul Play|p1b: Abomasnow\n|-damage|p1b: Abomasnow|83\/100\n|move|p2a: Iron Hands|Heavy Slam|p1a: Iron Bundle\n|-supereffective|p1a: Iron Bundle\n|-damage|p1a: Iron Bundle|0 fnt\n|faint|p1a: Iron Bundle\n|-end|p1a: Iron Bundle|Quark Drive|[silent]\n|\n|-weather|Snow|[upkeep]\n|upkeep\n|\n|t:|1682840137\n|switch|p1a: Annihilape|Annihilape, L50, F|58\/100\n|turn|5\n|\n|t:|1682840152\n|move|p1a: Annihilape|Rage Fist|p2a: Iron Hands\n|-damage|p2a: Iron Hands|8\/100\n|move|p2b: Sasuke|Moonlight|p2b: Sasuke\n|-heal|p2b: Sasuke|49\/100\n|move|p1b: Abomasnow|Aurora Veil|p1b: Abomasnow\n|-sidestart|p1: kenshin4869|move: Aurora Veil\n|move|p2a: Iron Hands|Wild Charge|p1a: Annihilape\n|-damage|p1a: Annihilape|22\/100\n|-damage|p2a: Iron Hands|1\/100|[from] Recoil\n|\n|-weather|Snow|[upkeep]\n|-heal|p1a: Annihilape|28\/100|[from] item: Leftovers\n|upkeep\n|turn|6\n|inactive|TrainerRYSA has 30 seconds left.\n|\n|t:|1682840179\n|move|p1a: Annihilape|Drain Punch|p2b: Sasuke\n|-supereffective|p2b: Sasuke\n|-damage|p2b: Sasuke|22\/100\n|-heal|p1a: Annihilape|41\/100|[from] drain|[of] p2b: Sasuke\n|move|p1b: Abomasnow|Blizzard|p2b: Sasuke|[spread] p2a,p2b\n|-damage|p2a: Iron Hands|0 fnt\n|-damage|p2b: Sasuke|0 fnt\n|faint|p2a: Iron Hands\n|-end|p2a: Iron Hands|Quark Drive|[silent]\n|faint|p2b: Sasuke\n|-damage|p1b: Abomasnow|73\/100|[from] item: Life Orb\n|\n|-weather|Snow|[upkeep]\n|-heal|p1a: Annihilape|47\/100|[from] item: Leftovers\n|upkeep\n|\n|t:|1682840191\n|switch|p2b: Gyarados|Gyarados, L50, F, shiny|100\/100\n|switch|p2a: Dragonite|Dragonite, L50, M, shiny|100\/100\n|-ability|p2b: Gyarados|Intimidate|boost\n|-unboost|p1a: Annihilape|atk|1\n|-ability|p1a: Annihilape|Defiant|boost\n|-boost|p1a: Annihilape|atk|2\n|-unboost|p1b: Abomasnow|atk|1\n|turn|7\n|inactive|TrainerRYSA has 30 seconds left.\n|\n|t:|1682840221\n|-terastallize|p2a: Dragonite|Normal\n|move|p1a: Annihilape|Rage Fist|p2b: Gyarados\n|-damage|p2b: Gyarados|0 fnt\n|faint|p2b: Gyarados\n|move|p2a: Dragonite|Fire Punch|p1b: Abomasnow\n|-supereffective|p1b: Abomasnow\n|-damage|p1b: Abomasnow|0 fnt\n|faint|p1b: Abomasnow\n|\n|-weather|Snow|[upkeep]\n|-heal|p1a: Annihilape|53\/100|[from] item: Leftovers\n|upkeep\n|turn|8\n|\n|t:|1682840233\n|move|p1a: Annihilape|Drain Punch|p2a: Dragonite\n|-supereffective|p2a: Dragonite\n|-damage|p2a: Dragonite|7\/100\n|-heal|p1a: Annihilape|97\/100|[from] drain|[of] p2a: Dragonite\n|move|p2a: Dragonite|Fire Punch|p1a: Annihilape\n|-damage|p1a: Annihilape|65\/100\n|\n|-weather|none\n|-heal|p1a: Annihilape|71\/100|[from] item: Leftovers\n|upkeep\n|turn|9\n|\n|t:|1682840242\n|move|p1a: Annihilape|Drain Punch|p2a: Dragonite\n|-supereffective|p2a: Dragonite\n|-damage|p2a: Dragonite|0 fnt\n|-heal|p1a: Annihilape|74\/100|[from] drain|[of] p2a: Dragonite\n|faint|p2a: Dragonite\n|\n|win|kenshin4869\n|raw|kenshin4869's rating: 1319 → 1335<\/strong> (+16 for winning)\n|raw|TrainerRYSA's rating: 1248 → 1228<\/strong> (-20 for losing)\n|c|\u2606TrainerRYSA|gg\n|l|\u2606kenshin4869\n","uploadtime":1682840335,"views":17,"p1id":"kenshin4869","p2id":"trainerrysa","formatid":"gen9vgc2023regulationc","rating":1228,"private":0,"password":""}