{"id":"gen9vgc2023regulationc-1852843871","p1":"fj2vgc","p2":"kricketot marx","format":"[Gen 9] VGC 2023 Regulation C","log":"|j|\u2606fj2vgc\n|j|\u2606kricketot marx\n|t:|1682610981\n|gametype|doubles\n|player|p1|fj2vgc|marshal|1067\n|player|p2|kricketot marx|flannery|1000\n|teamsize|p1|6\n|teamsize|p2|6\n|gen|9\n|tier|[Gen 9] VGC 2023 Regulation C\n|rated|\n|rule|Species Clause: Limit one of each Pok\u00e9mon\n|rule|Item Clause: Limit one of each item\n|clearpoke\n|poke|p1|Sylveon, L50, F|\n|poke|p1|Scizor, L50, M|\n|poke|p1|Klefki, L50, F|\n|poke|p1|Salamence, L50, F|\n|poke|p1|Ceruledge, L50, M|\n|poke|p1|Chien-Pao, L50|\n|poke|p2|Kingambit, L50, M|\n|poke|p2|Flutter Mane, L50|\n|poke|p2|Scream Tail, L50|\n|poke|p2|Corviknight, L50, F|\n|poke|p2|Baxcalibur, L50, M|\n|poke|p2|Rotom-Wash, L50|\n|teampreview|4\n|inactive|Battle timer is ON: inactive players will automatically lose when time's up. (requested by fj2vgc)\nfj2vgc rejected open team sheets.\n|inactive|fj2vgc has 60 seconds left.\n|inactive|kricketot marx has 60 seconds left.\n|\n|t:|1682611028\n|start\n|switch|p1a: Klefki|Klefki, L50, F|100\/100\n|switch|p1b: Scizor|Scizor, L50, M|100\/100\n|switch|p2a: Kingambit|Kingambit, L50, M|100\/100\n|switch|p2b: Rotom|Rotom-Wash, L50, shiny|100\/100\n|turn|1\n|inactive|fj2vgc has 30 seconds left.\n|\n|t:|1682611055\n|move|p1a: Klefki|Misty Terrain|p1a: Klefki\n|-fieldstart|move: Misty Terrain\n|move|p2b: Rotom|Will-O-Wisp|p1b: Scizor\n|-activate|p1b: Scizor|move: Misty Terrain\n|move|p2a: Kingambit|Iron Head|p1a: Klefki\n|-damage|p1a: Klefki|58\/100\n|move|p1b: Scizor|Swords Dance|p1b: Scizor\n|-boost|p1b: Scizor|atk|2\n|\n|upkeep\n|turn|2\n|inactive|kricketot marx has 30 seconds left.\n|inactive|kricketot marx has 20 seconds left.\n|inactive|kricketot marx has 15 seconds left.\n|\n|t:|1682611097\n|switch|p2a: Scream Tail|Scream Tail, L50, shiny|100\/100\n|-enditem|p2a: Scream Tail|Booster Energy\n|-activate|p2a: Scream Tail|ability: Protosynthesis|[fromitem]\n|-start|p2a: Scream Tail|protosynthesisspe\n|move|p1a: Klefki|Reflect|p1a: Klefki\n|-sidestart|p1: fj2vgc|Reflect\n|move|p2b: Rotom|Thunderbolt|p1b: Scizor\n|-damage|p1b: Scizor|59\/100\n|move|p1b: Scizor|Swords Dance|p1b: Scizor\n|-boost|p1b: Scizor|atk|2\n|\n|upkeep\n|turn|3\n|\n|t:|1682611113\n|-terastallize|p2a: Scream Tail|Water\n|move|p1a: Klefki|Light Screen|p1a: Klefki\n|-sidestart|p1: fj2vgc|move: Light Screen\n|move|p1b: Scizor|Bullet Punch|p2a: Scream Tail\n|-resisted|p2a: Scream Tail\n|-damage|p2a: Scream Tail|62\/100\n|move|p2a: Scream Tail|Encore|p1b: Scizor\n|-start|p1b: Scizor|Encore\n|move|p2b: Rotom|Nasty Plot|p2b: Rotom\n|-boost|p2b: Rotom|spa|2\n|\n|upkeep\n|turn|4\n|inactive|kricketot marx has 30 seconds left.\n|inactive|kricketot marx has 20 seconds left.\n|inactive|kricketot marx has 15 seconds left.\n|\n|t:|1682611156\n|move|p1a: Klefki|Thunder Wave|p2a: Scream Tail\n|-activate|p2a: Scream Tail|move: Misty Terrain\n|move|p1b: Scizor|Bullet Punch|p2b: Rotom\n|-resisted|p2b: Rotom\n|-damage|p2b: Rotom|77\/100\n|move|p2a: Scream Tail|Encore|p1a: Klefki\n|-start|p1a: Klefki|Encore\n|move|p2b: Rotom|Thunderbolt|p1b: Scizor\n|-damage|p1b: Scizor|3\/100\n|\n|upkeep\n|turn|5\n|\n|t:|1682611178\n|switch|p1a: Sylveon|Sylveon, L50, F|100\/100\n|move|p1b: Scizor|Bullet Punch|p2a: Scream Tail\n|-resisted|p2a: Scream Tail\n|-damage|p2a: Scream Tail|25\/100\n|move|p2a: Scream Tail|Disable||[still]\n|-fail|p2a: Scream Tail\n|move|p2b: Rotom|Thunderbolt|p1b: Scizor\n|-damage|p1b: Scizor|0 fnt\n|faint|p1b: Scizor\n|\n|-fieldend|Misty Terrain\n|upkeep\n|\n|t:|1682611182\n|switch|p1b: Klefki|Klefki, L50, F|58\/100\n|turn|6\n|\n|t:|1682611200\n|move|p1b: Klefki|Thunder Wave|p2a: Scream Tail\n|-status|p2a: Scream Tail|par\n|move|p2a: Scream Tail|Encore|p1b: Klefki\n|-start|p1b: Klefki|Encore\n|move|p2b: Rotom|Thunderbolt|p1a: Sylveon\n|-damage|p1a: Sylveon|62\/100\n|move|p1a: Sylveon|Substitute|p1a: Sylveon\n|-start|p1a: Sylveon|Substitute\n|-damage|p1a: Sylveon|38\/100\n|\n|-heal|p1a: Sylveon|44\/100|[from] item: Leftovers\n|upkeep\n|turn|7\n|\n|t:|1682611217\n|switch|p1b: Ceruledge|Ceruledge, L50, M|100\/100\n|move|p1a: Sylveon|Protect|p1a: Sylveon\n|-singleturn|p1a: Sylveon|Protect\n|move|p2a: Scream Tail|Encore|p1a: Sylveon\n|-activate|p1a: Sylveon|move: Protect\n|move|p2b: Rotom|Thunderbolt|p1a: Sylveon\n|-activate|p1a: Sylveon|move: Protect\n|\n|-heal|p1a: Sylveon|50\/100|[from] item: Leftovers\n|upkeep\n|turn|8\n|inactive|fj2vgc has 30 seconds left.\n|\n|t:|1682611250\n|-terastallize|p1b: Ceruledge|Grass\n|move|p2a: Scream Tail|Encore|p1a: Sylveon\n|-start|p1a: Sylveon|Encore\n|move|p1b: Ceruledge|Bulk Up|p1b: Ceruledge\n|-boost|p1b: Ceruledge|atk|1\n|-boost|p1b: Ceruledge|def|1\n|move|p2b: Rotom|Thunderbolt|p1b: Ceruledge\n|-resisted|p1b: Ceruledge\n|-damage|p1b: Ceruledge|78\/100\n|move|p1a: Sylveon|Protect||[still]\n|-fail|p1a: Sylveon\n|\n|-heal|p1a: Sylveon|56\/100|[from] item: Leftovers\n|upkeep\n|turn|9\n|inactive|fj2vgc has 30 seconds left.\n|\n|t:|1682611281\n|move|p1a: Sylveon|Protect|p1a: Sylveon\n|-singleturn|p1a: Sylveon|Protect\n|cant|p2a: Scream Tail|par\n|move|p1b: Ceruledge|Bitter Blade|p2b: Rotom\n|-resisted|p2b: Rotom\n|-damage|p2b: Rotom|47\/100\n|-heal|p1b: Ceruledge|92\/100|[from] drain|[of] p2b: Rotom\n|-enditem|p2b: Rotom|Sitrus Berry|[eat]\n|-heal|p2b: Rotom|72\/100|[from] item: Sitrus Berry\n|move|p2b: Rotom|Thunderbolt|p1b: Ceruledge\n|-resisted|p1b: Ceruledge\n|-damage|p1b: Ceruledge|67\/100\n|\n|-heal|p1a: Sylveon|62\/100|[from] item: Leftovers\n|-sideend|p1: fj2vgc|Reflect\n|upkeep\n|turn|10\n|\n|t:|1682611297\n|move|p1a: Sylveon|Protect||[still]\n|-fail|p1a: Sylveon\n|cant|p2a: Scream Tail|par\n|move|p1b: Ceruledge|Bulk Up|p1b: Ceruledge\n|-boost|p1b: Ceruledge|atk|1\n|-boost|p1b: Ceruledge|def|1\n|move|p2b: Rotom|Thunderbolt|p1b: Ceruledge\n|-resisted|p1b: Ceruledge\n|-damage|p1b: Ceruledge|44\/100\n|\n|-heal|p1a: Sylveon|68\/100|[from] item: Leftovers\n|-end|p1a: Sylveon|Encore\n|-sideend|p1: fj2vgc|move: Light Screen\n|upkeep\n|turn|11\n|\n|t:|1682611311\n|move|p1b: Ceruledge|Protect|p1b: Ceruledge\n|-singleturn|p1b: Ceruledge|Protect\n|move|p2a: Scream Tail|Encore|p1b: Ceruledge\n|-activate|p1b: Ceruledge|move: Protect\n|move|p2b: Rotom|Thunderbolt|p1b: Ceruledge\n|-activate|p1b: Ceruledge|move: Protect\n|move|p1a: Sylveon|Hyper Voice|p2b: Rotom|[spread] p2a,p2b\n|-damage|p2a: Scream Tail|0 fnt\n|-damage|p2b: Rotom|33\/100\n|faint|p2a: Scream Tail\n|-end|p2a: Scream Tail|Protosynthesis|[silent]\n|\n|-heal|p1a: Sylveon|74\/100|[from] item: Leftovers\n|upkeep\n|\n|t:|1682611316\n|switch|p2a: Corviknight|Corviknight, L50, F, shiny|100\/100\n|turn|12\n|inactive|fj2vgc has 30 seconds left.\n|inactive|kricketot marx has 30 seconds left.\n|inactive|fj2vgc has 20 seconds left.\n|inactive|fj2vgc has 15 seconds left.\n|\n|t:|1682611361\n|move|p1b: Ceruledge|Shadow Sneak|p2a: Corviknight\n|-damage|p2a: Corviknight|65\/100\n|move|p2b: Rotom|Hydro Pump|p1b: Ceruledge|[miss]\n|-miss|p2b: Rotom|p1b: Ceruledge\n|move|p2a: Corviknight|Tailwind|p2a: Corviknight\n|-sidestart|p2: kricketot marx|move: Tailwind\n|move|p1a: Sylveon|Hyper Voice|p2b: Rotom|[spread] p2a,p2b\n|-resisted|p2a: Corviknight\n|-damage|p2a: Corviknight|52\/100\n|-damage|p2b: Rotom|0 fnt\n|faint|p2b: Rotom\n|\n|-heal|p1a: Sylveon|80\/100|[from] item: Leftovers\n|upkeep\n|\n|t:|1682611366\n|switch|p2b: Kingambit|Kingambit, L50, M|100\/100\n|turn|13\n|\n|t:|1682611387\n|move|p1a: Sylveon|Protect|p1a: Sylveon\n|-singleturn|p1a: Sylveon|Protect\n|move|p2b: Kingambit|Kowtow Cleave|p1b: Ceruledge\n|-damage|p1b: Ceruledge|17\/100\n|move|p2a: Corviknight|Brave Bird|p1b: Ceruledge\n|-supereffective|p1b: Ceruledge\n|-damage|p1b: Ceruledge|0 fnt\n|faint|p1b: Ceruledge\n|-damage|p2a: Corviknight|47\/100|[from] Recoil\n|\n|-heal|p1a: Sylveon|86\/100|[from] item: Leftovers\n|upkeep\n|\n|t:|1682611394\n|switch|p1b: Klefki|Klefki, L50, F|58\/100\n|turn|14\n|\n|t:|1682611412\n|move|p1b: Klefki|Thunder Wave|p2a: Corviknight\n|-status|p2a: Corviknight|par\n|move|p2b: Kingambit|Iron Head|p1a: Sylveon\n|-supereffective|p1a: Sylveon\n|-end|p1a: Sylveon|Substitute\n|move|p2a: Corviknight|Roost|p2a: Corviknight\n|-heal|p2a: Corviknight|97\/100 par\n|-singleturn|p2a: Corviknight|move: Roost\n|move|p1a: Sylveon|Hyper Voice|p2a: Corviknight|[spread] p2a,p2b\n|-resisted|p2a: Corviknight\n|-crit|p2a: Corviknight\n|-damage|p2a: Corviknight|77\/100 par\n|-damage|p2b: Kingambit|72\/100\n|\n|-heal|p1a: Sylveon|92\/100|[from] item: Leftovers\n|upkeep\n|turn|15\n|\n|t:|1682611428\n|move|p1a: Sylveon|Protect|p1a: Sylveon\n|-singleturn|p1a: Sylveon|Protect\n|move|p1b: Klefki|Thunder Wave|p2b: Kingambit\n|-hint|Since gen 7, Dark is immune to Prankster moves.\n|-immune|p2b: Kingambit\n|move|p2b: Kingambit|Iron Head|p1a: Sylveon\n|-activate|p1a: Sylveon|move: Protect\n|cant|p2a: Corviknight|par\n|\n|-heal|p1a: Sylveon|98\/100|[from] item: Leftovers\n|-sideend|p2: kricketot marx|move: Tailwind\n|upkeep\n|turn|16\n|\n|t:|1682611437\n|move|p1b: Klefki|Reflect|p1b: Klefki\n|-sidestart|p1: fj2vgc|Reflect\n|move|p2b: Kingambit|Iron Head|p1a: Sylveon\n|-supereffective|p1a: Sylveon\n|-crit|p1a: Sylveon\n|-damage|p1a: Sylveon|0 fnt\n|faint|p1a: Sylveon\n|move|p2a: Corviknight|Iron Head|p1b: Klefki\n|-damage|p1b: Klefki|43\/100\n|\n|upkeep\n|turn|17\n|-message|fj2vgc forfeited.\n|\n|win|kricketot marx\n|raw|fj2vgc's rating: 1067 → 1043<\/strong> (-24 for losing)\n|raw|kricketot marx's rating: 1000 → 1048<\/strong> (+48 for winning)\n|l|\u2606fj2vgc\n","uploadtime":1682611448,"views":5,"p1id":"fj2vgc","p2id":"kricketotmarx","formatid":"gen9vgc2023regulationc","rating":1043,"private":0,"password":""}