{"id":"gen9vgc2023regulationc-1856844212","p1":"Riverpasta","p2":"something123","format":"[Gen 9] VGC 2023 Regulation C","log":"|j|\u2606Riverpasta\n|j|\u2606something123\n|t:|1683118587\n|gametype|doubles\n|player|p1|Riverpasta|red|1585\n|player|p2|something123|1|1698\n|teamsize|p1|6\n|teamsize|p2|6\n|gen|9\n|tier|[Gen 9] VGC 2023 Regulation C\n|rated|\n|rule|Species Clause: Limit one of each Pok\u00e9mon\n|rule|Item Clause: Limit one of each item\n|clearpoke\n|poke|p1|Kingambit, L50, F|\n|poke|p1|Amoonguss, L50, M|\n|poke|p1|Stantler, L50, M|\n|poke|p1|Hatterene, L50, F|\n|poke|p1|Clawitzer, L50, M|\n|poke|p1|Ceruledge, L50, M|\n|poke|p2|Orthworm, L50, F|\n|poke|p2|Iron Hands, L50|\n|poke|p2|Ting-Lu, L50|\n|poke|p2|Gyarados, L50, M|\n|poke|p2|Flutter Mane, L50|\n|poke|p2|Rotom-Heat, L50|\n|teampreview|4\n|j| Trullisimo\n|l| Trullisimo\n|inactive|Battle timer is ON: inactive players will automatically lose when time's up. (requested by Riverpasta)\n|\n|t:|1683118645\n|start\n|switch|p1a: Stantler|Stantler, L50, M|100\/100\n|switch|p1b: Kingambit|Kingambit, L50, F|100\/100\n|switch|p2a: Ting-Lu|Ting-Lu, L50|100\/100\n|switch|p2b: Orthworm|Orthworm, L50, F|100\/100\n|-ability|p1a: Stantler|Intimidate|boost\n|-unboost|p2a: Ting-Lu|atk|1\n|-unboost|p2b: Orthworm|atk|1\n|-ability|p2a: Ting-Lu|Vessel of Ruin\n|turn|1\n|inactive|something123 has 30 seconds left.\n|\n|t:|1683118674\n|move|p1a: Stantler|Skill Swap|p2b: Orthworm\n|-activate|p1a: Stantler|move: Skill Swap|Earth Eater|Intimidate|[of] p2b: Orthworm\n|-ability|p2b: Orthworm|Intimidate|boost\n|-unboost|p1a: Stantler|atk|1\n|-unboost|p1b: Kingambit|atk|1\n|-ability|p1b: Kingambit|Defiant|boost\n|-boost|p1b: Kingambit|atk|2\n|move|p2a: Ting-Lu|Earthquake|p1b: Kingambit|[spread] p2b,p1b\n|-immune|p1a: Stantler|[from] ability: Earth Eater\n|-supereffective|p2b: Orthworm\n|-supereffective|p1b: Kingambit\n|-damage|p2b: Orthworm|55\/100\n|-damage|p1b: Kingambit|53\/100\n|move|p2b: Orthworm|Iron Defense|p2b: Orthworm\n|-boost|p2b: Orthworm|def|2\n|move|p1b: Kingambit|Low Kick|p2a: Ting-Lu\n|-supereffective|p2a: Ting-Lu\n|-damage|p2a: Ting-Lu|3\/100\n|\n|upkeep\n|turn|2\n|inactive|Riverpasta has 30 seconds left.\n|inactive|something123 has 30 seconds left.\n|\n|t:|1683118709\n|switch|p2a: Rotom|Rotom-Heat, L50|100\/100\n|move|p1a: Stantler|Skill Swap|p1b: Kingambit\n|-activate|p1a: Stantler|move: Skill Swap|||[of] p1b: Kingambit\n|move|p2b: Orthworm|Body Press|p1a: Stantler\n|-supereffective|p1a: Stantler\n|-damage|p1a: Stantler|6\/100\n|move|p1b: Kingambit|Low Kick|p2b: Orthworm\n|-supereffective|p2b: Orthworm\n|-damage|p2b: Orthworm|7\/100\n|-enditem|p2b: Orthworm|Sitrus Berry|[eat]\n|-heal|p2b: Orthworm|32\/100|[from] item: Sitrus Berry\n|\n|upkeep\n|turn|3\n|inactive|something123 has 30 seconds left.\n|\n|t:|1683118747\n|move|p1b: Kingambit|Sucker Punch|p2a: Rotom\n|-damage|p2a: Rotom|23\/100\n|move|p2a: Rotom|Volt Switch|p1a: Stantler\n|-damage|p1a: Stantler|0 fnt\n|faint|p1a: Stantler\n|\n|t:|1683118755\n|switch|p2a: Ting-Lu|Ting-Lu, L50|3\/100|[from] Volt Switch\n|-ability|p2a: Ting-Lu|Vessel of Ruin\n|move|p2b: Orthworm|Body Press|p1b: Kingambit\n|-supereffective|p1b: Kingambit\n|-crit|p1b: Kingambit\n|-damage|p1b: Kingambit|0 fnt\n|faint|p1b: Kingambit\n|\n|upkeep\n|\n|t:|1683118757\n|switch|p1a: Clawitzer|Clawitzer, L50, M|100\/100\n|switch|p1b: Hatterene|Hatterene, L50, F|100\/100\n|turn|4\n|inactive|something123 has 30 seconds left.\n|j| Debauchery\n|inactive|something123 has 20 seconds left.\n|inactive|something123 has 15 seconds left.\n|inactive|something123 has 10 seconds left.\n|\n|t:|1683118805\n|-terastallize|p1b: Hatterene|Water\n|move|p2a: Ting-Lu|Rock Slide|p1a: Clawitzer|[spread] p1a,p1b\n|-damage|p1a: Clawitzer|71\/100\n|-damage|p1b: Hatterene|72\/100\n|move|p2b: Orthworm|Heavy Slam|p1b: Hatterene\n|-resisted|p1b: Hatterene\n|-damage|p1b: Hatterene|59\/100\n|move|p1a: Clawitzer|Water Pulse|p2a: Ting-Lu\n|-supereffective|p2a: Ting-Lu\n|-damage|p2a: Ting-Lu|0 fnt\n|faint|p2a: Ting-Lu\n|cant|p1b: Hatterene|flinch\n|\n|upkeep\n|\n|t:|1683118819\n|switch|p2a: Rotom|Rotom-Heat, L50|23\/100\n|turn|5\n|inactive|something123 has 30 seconds left.\n|inactive|something123 has 20 seconds left.\n|inactive|something123 has 15 seconds left.\n|\n|t:|1683118860\n|-terastallize|p2a: Rotom|Grass\n|move|p1a: Clawitzer|Protect|p1a: Clawitzer\n|-singleturn|p1a: Clawitzer|Protect\n|move|p2a: Rotom|Volt Switch|p1b: Hatterene\n|-supereffective|p1b: Hatterene\n|-damage|p1b: Hatterene|3\/100\n|j| MondayXyz\n|\n|t:|1683118867\n|switch|p2a: Gyarados|Gyarados, L50, M|100\/100|[from] Volt Switch\n|-ability|p2a: Gyarados|Intimidate|boost\n|-unboost|p1a: Clawitzer|atk|1\n|-unboost|p1b: Hatterene|atk|1\n|move|p2b: Orthworm|Body Press|p1b: Hatterene\n|-damage|p1b: Hatterene|0 fnt\n|faint|p1b: Hatterene\n|\n|upkeep\n|turn|6\n|j| merahmerona\n|c|\u2606Riverpasta|You madman\n|c|\u2606Riverpasta|Gg\n|-message|Riverpasta forfeited.\n|\n|win|something123\n|raw|Riverpasta's rating: 1585 → 1571<\/strong> (-14 for losing)\n|raw|something123's rating: 1698 → 1712<\/strong> (+14 for winning)\n|l|\u2606Riverpasta\n|l|\u2606something123\n|l| Debauchery\n","uploadtime":1683118963,"views":5,"p1id":"riverpasta","p2id":"something123","formatid":"gen9vgc2023regulationc","rating":1571,"private":0,"password":""}