{"id":"gen9vgc2023regulationc-1850601154","p1":"Evelyie","p2":"Camitest","format":"[Gen 9] VGC 2023 Regulation C","log":"|j|\u2606Evelyie\n|j|\u2606Camitest\n|t:|1682352076\n|gametype|doubles\n|player|p1|Evelyie|caitlin|\n|player|p2|Camitest|gladion|\n|teamsize|p1|6\n|teamsize|p2|6\n|gen|9\n|tier|[Gen 9] VGC 2023 Regulation C\n|rated|Tournament battle\n|rule|Species Clause: Limit one of each Pok\u00e9mon\n|rule|Item Clause: Limit one of each item\n|clearpoke\n|poke|p1|Ting-Lu, L50|\n|poke|p1|Palafin, L50, F|\n|poke|p1|Amoonguss, L50, F|\n|poke|p1|Arcanine, L50, M|\n|poke|p1|Flutter Mane, L50|\n|poke|p1|Baxcalibur, L50, M|\n|poke|p2|Dondozo, L50, M|\n|poke|p2|Tatsugiri, L50, M|\n|poke|p2|Chi-Yu, L50|\n|poke|p2|Flutter Mane, L50|\n|poke|p2|Pawmot, L50, F|\n|poke|p2|Dragonite, L50, M|\n|teampreview|4\n|raw| Open Team Sheet for Evelyie<\/summary>Ganondorf (Ting-Lu) @ Assault Vest Ability: Vessel of Ruin Level: 50 Tera Type: Water - Stomping Tantrum - Fissure - Ruination - Heavy Slam Link (Palafin) @ Mystic Water Ability: Zero to Hero Level: 50 Tera Type: Water - Wave Crash - Jet Punch - Haze - Protect Farosh (Amoonguss) @ Sitrus Berry Ability: Regenerator Level: 50 Tera Type: Water - Spore - Rage Powder - Pollen Puff - Protect Dinraal (Arcanine) @ Safety Goggles Ability: Intimidate Level: 50 Tera Type: Grass - Flare Blitz - Will-O-Wisp - Extreme Speed - Protect Zelda (Flutter Mane) @ Choice Specs Ability: Protosynthesis Level: 50 Tera Type: Fairy - Dazzling Gleam - Moonblast - Shadow Ball - Psyshock Naydra (Baxcalibur) @ Clear Amulet Ability: Thermal Exchange Level: 50 Tera Type: Poison - Icicle Crash - Ice Shard - Glaive Rush - Protect <\/details><\/div> Open Team Sheet for Camitest<\/summary>Dondozo (M) @ Leftovers Ability: Unaware Level: 50 Tera Type: Grass - Wave Crash - Earthquake - Tera Blast - Protect Tatsugiri (M) @ Sitrus Berry Ability: Commander Level: 50 Tera Type: Water - Draco Meteor - Muddy Water - Taunt - Protect Chi-Yu @ Choice Scarf Ability: Beads of Ruin Level: 50 Tera Type: Grass - Heat Wave - Dark Pulse - Snarl - Tera Blast Flutter Mane @ Booster Energy Ability: Protosynthesis Level: 50 Tera Type: Grass - Moonblast - Shadow Ball - Perish Song - Protect Pawmot (F) @ Focus Sash Ability: Natural Cure Level: 50 Tera Type: Electric - Double Shock - Close Combat - Revival Blessing - Fake Out Dragonite (M) @ Choice Band Ability: Multiscale Level: 50 Tera Type: Normal - Extreme Speed - Low Kick - Aerial Ace - Ice Spinner <\/details><\/div>\n|\n|t:|1682352115\n|start\n|switch|p1a: Link|Palafin, L50, F|100\/100\n|switch|p1b: Zelda|Flutter Mane, L50|100\/100\n|switch|p2a: Chi-Yu|Chi-Yu, L50|100\/100\n|switch|p2b: Flutter Mane|Flutter Mane, L50|100\/100\n|-ability|p2a: Chi-Yu|Beads of Ruin\n|-enditem|p2b: Flutter Mane|Booster Energy\n|-activate|p2b: Flutter Mane|ability: Protosynthesis|[fromitem]\n|-start|p2b: Flutter Mane|protosynthesisspa\n|turn|1\n|\n|t:|1682352143\n|-terastallize|p2a: Chi-Yu|Grass\n|-terastallize|p1a: Link|Water\n|move|p2b: Flutter Mane|Protect|p2b: Flutter Mane\n|-singleturn|p2b: Flutter Mane|Protect\n|move|p1a: Link|Jet Punch|p2a: Chi-Yu\n|-resisted|p2a: Chi-Yu\n|-damage|p2a: Chi-Yu|74\/100\n|move|p2a: Chi-Yu|Snarl|p1a: Link|[spread] p1a,p1b\n|-damage|p1a: Link|58\/100\n|-damage|p1b: Zelda|76\/100\n|-unboost|p1a: Link|spa|1\n|-unboost|p1b: Zelda|spa|1\n|move|p1b: Zelda|Dazzling Gleam|p2b: Flutter Mane|[spread] p2a\n|-activate|p2b: Flutter Mane|move: Protect\n|-damage|p2a: Chi-Yu|42\/100\n|\n|upkeep\n|turn|2\n|\n|t:|1682352166\n|switch|p2a: Dondozo|Dondozo, L50, M|100\/100\n|detailschange|p1a: Link|Palafin-Hero, L50, F, tera:Water\n|switch|p1a: Dinraal|Arcanine, L50, M|100\/100\n|-ability|p1a: Dinraal|Intimidate|boost\n|-unboost|p2a: Dondozo|atk|1\n|-unboost|p2b: Flutter Mane|atk|1\n|move|p1b: Zelda|Dazzling Gleam|p2b: Flutter Mane|[spread] p2a,p2b\n|-damage|p2a: Dondozo|61\/100\n|-damage|p2b: Flutter Mane|72\/100\n|move|p2b: Flutter Mane|Shadow Ball|p1b: Zelda\n|-supereffective|p1b: Zelda\n|-damage|p1b: Zelda|0 fnt\n|faint|p1b: Zelda\n|-end|p1b: Zelda|Protosynthesis|[silent]\n|\n|-heal|p2a: Dondozo|67\/100|[from] item: Leftovers\n|upkeep\n|\n|t:|1682352204\n|switch|p1b: Farosh|Amoonguss, L50, F|100\/100\n|turn|3\n|\n|t:|1682352219\n|move|p2a: Dondozo|Protect|p2a: Dondozo\n|-singleturn|p2a: Dondozo|Protect\n|move|p2b: Flutter Mane|Perish Song|p2b: Flutter Mane\n|-start|p1a: Dinraal|perish3|[silent]\n|-start|p1b: Farosh|perish3|[silent]\n|-start|p2a: Dondozo|perish3|[silent]\n|-start|p2b: Flutter Mane|perish3|[silent]\n|-fieldactivate|move: Perish Song\n|move|p1a: Dinraal|Flare Blitz|p2b: Flutter Mane\n|-damage|p2b: Flutter Mane|10\/100\n|-damage|p1a: Dinraal|84\/100|[from] Recoil\n|move|p1b: Farosh|Spore|p2a: Dondozo\n|-activate|p2a: Dondozo|move: Protect\n|\n|-heal|p2a: Dondozo|73\/100|[from] item: Leftovers\n|-start|p2b: Flutter Mane|perish3\n|-start|p1a: Dinraal|perish3\n|-start|p2a: Dondozo|perish3\n|-start|p1b: Farosh|perish3\n|upkeep\n|turn|4\n|\n|t:|1682352243\n|switch|p1a: Link|Palafin-Hero, L50, F, tera:Water|58\/100\n|-activate|p1a: Link|ability: Zero to Hero\n|switch|p2a: Chi-Yu|Chi-Yu, L50, tera:Grass|42\/100\n|-ability|p2a: Chi-Yu|Beads of Ruin\n|move|p2b: Flutter Mane|Protect|p2b: Flutter Mane\n|-singleturn|p2b: Flutter Mane|Protect\n|move|p1b: Farosh|Spore|p2a: Chi-Yu\n|-immune|p2a: Chi-Yu\n|\n|-start|p2b: Flutter Mane|perish2\n|-start|p1b: Farosh|perish2\n|upkeep\n|turn|5\n|\n|t:|1682352271\n|switch|p1b: Dinraal|Arcanine, L50, M|84\/100\n|-ability|p1b: Dinraal|Intimidate|boost\n|-unboost|p2a: Chi-Yu|atk|1\n|-unboost|p2b: Flutter Mane|atk|1\n|move|p1a: Link|Jet Punch|p2b: Flutter Mane\n|-damage|p2b: Flutter Mane|0 fnt\n|faint|p2b: Flutter Mane\n|-end|p2b: Flutter Mane|Protosynthesis|[silent]\n|move|p2a: Chi-Yu|Heat Wave|p1a: Link|[spread] p1a,p1b\n|-resisted|p1a: Link\n|-resisted|p1b: Dinraal\n|-damage|p1a: Link|32\/100\n|-damage|p1b: Dinraal|51\/100\n|\n|upkeep\n|\n|t:|1682352278\n|switch|p2b: Dondozo|Dondozo, L50, M|73\/100\n|turn|6\n|\n|t:|1682352288\n|switch|p2a: Tatsugiri|Tatsugiri, L50, M|100\/100\n|-activate|p2a: Tatsugiri|ability: Commander|[of] p2b: Dondozo\n|-boost|p2b: Dondozo|atk|2\n|-boost|p2b: Dondozo|spa|2\n|-boost|p2b: Dondozo|spe|2\n|-boost|p2b: Dondozo|def|2\n|-boost|p2b: Dondozo|spd|2\n|move|p1a: Link|Protect|p1a: Link\n|-singleturn|p1a: Link|Protect\n|move|p1b: Dinraal|Extreme Speed|p2a: Tatsugiri|[miss]\n|-miss|p1b: Dinraal|p2a: Tatsugiri\n|move|p2b: Dondozo|Earthquake|p1b: Dinraal|[spread] p1b\n|-miss|p2b: Dondozo|p2a: Tatsugiri\n|-activate|p1a: Link|move: Protect\n|-supereffective|p1b: Dinraal\n|-crit|p1b: Dinraal\n|-damage|p1b: Dinraal|0 fnt\n|faint|p1b: Dinraal\n|\n|-heal|p2b: Dondozo|79\/100|[from] item: Leftovers\n|upkeep\n|\n|t:|1682352290\n|switch|p1b: Farosh|Amoonguss, L50, F|100\/100\n|turn|7\n|\n|t:|1682352311\n|move|p1a: Link|Protect|p1a: Link\n|-singleturn|p1a: Link|Protect\n|move|p2b: Dondozo|Wave Crash|p1a: Link\n|-activate|p1a: Link|move: Protect\n|move|p1b: Farosh|Spore|p2b: Dondozo\n|-status|p2b: Dondozo|slp|[from] move: Spore\n|\n|-heal|p2b: Dondozo|85\/100 slp|[from] item: Leftovers\n|upkeep\n|turn|8\n|\n|t:|1682352316\n|cant|p2b: Dondozo|slp\n|move|p1a: Link|Haze|p1a: Link\n|-clearallboost\n|move|p1b: Farosh|Pollen Puff|p1a: Link\n|-heal|p1a: Link|82\/100\n|\n|-heal|p2b: Dondozo|92\/100 slp|[from] item: Leftovers\n|upkeep\n|turn|9\n|\n|t:|1682352323\n|move|p1a: Link|Wave Crash|p2b: Dondozo\n|-resisted|p2b: Dondozo\n|-crit|p2b: Dondozo\n|-damage|p2b: Dondozo|26\/100 slp\n|-damage|p1a: Link|58\/100|[from] Recoil\n|cant|p2b: Dondozo|slp\n|move|p1b: Farosh|Pollen Puff|p1a: Link\n|-heal|p1a: Link|100\/100\n|\n|-heal|p2b: Dondozo|32\/100 slp|[from] item: Leftovers\n|upkeep\n|turn|10\n|\n|t:|1682352328\n|move|p1a: Link|Wave Crash|p2b: Dondozo\n|-resisted|p2b: Dondozo\n|-damage|p2b: Dondozo|0 fnt\n|faint|p2b: Dondozo\n|-damage|p1a: Link|89\/100|[from] Recoil\n|move|p1b: Farosh|Pollen Puff|p1a: Link\n|-heal|p1a: Link|100\/100\n|\n|upkeep\n|\n|t:|1682352331\n|switch|p2b: Chi-Yu|Chi-Yu, L50, tera:Grass|42\/100\n|-ability|p2b: Chi-Yu|Beads of Ruin\n|turn|11\n|\n|t:|1682352340\n|move|p1a: Link|Jet Punch|p2b: Chi-Yu\n|-resisted|p2b: Chi-Yu\n|-damage|p2b: Chi-Yu|0 fnt\n|faint|p2b: Chi-Yu\n|move|p2a: Tatsugiri|Taunt|p1b: Farosh\n|-start|p1b: Farosh|move: Taunt\n|move|p1b: Farosh|Pollen Puff|p1a: Link\n|-immune|p1a: Link\n|\n|upkeep\n|turn|12\n|\n|t:|1682352348\n|move|p1a: Link|Wave Crash|p2a: Tatsugiri\n|-resisted|p2a: Tatsugiri\n|-damage|p2a: Tatsugiri|47\/100\n|-enditem|p2a: Tatsugiri|Sitrus Berry|[eat]\n|-heal|p2a: Tatsugiri|72\/100|[from] item: Sitrus Berry\n|-damage|p1a: Link|86\/100|[from] Recoil\n|move|p2a: Tatsugiri|Draco Meteor|p1a: Link\n|-damage|p1a: Link|14\/100\n|-unboost|p2a: Tatsugiri|spa|2\n|move|p1b: Farosh|Pollen Puff|p1a: Link\n|-heal|p1a: Link|64\/100\n|\n|upkeep\n|turn|13\n|-message|Camitest forfeited.\n|\n|win|Evelyie\n|n|\u2606Evelyie|evelyie\n|n|\u2606Camitest|camitest\n|l|\u2606Camitest\n","uploadtime":1682352357,"views":16,"p1id":"evelyie","p2id":"camitest","formatid":"gen9vgc2023regulationc","rating":0,"private":0,"password":""}