{"id":"gen9vgc2023regulationc-1863459773","p1":"SliemIsDyingInside","p2":"RIPTheDollarMenu","format":"[Gen 9] VGC 2023 Regulation C","log":"|j|\u2606SliemIsDyingInside\n|j|\u2606RIPTheDollarMenu\n|t:|1684020160\n|gametype|doubles\n|player|p1|SliemIsDyingInside|psychic-gen4|1286\n|player|p2|RIPTheDollarMenu|waiter-gen4|1321\n|teamsize|p1|6\n|teamsize|p2|6\n|gen|9\n|tier|[Gen 9] VGC 2023 Regulation C\n|rated|\n|rule|Species Clause: Limit one of each Pok\u00e9mon\n|rule|Item Clause: Limit one of each item\n|clearpoke\n|poke|p1|Chi-Yu, L50|\n|poke|p1|Murkrow, L50, M|\n|poke|p1|Torkoal, L50, M|\n|poke|p1|Ceruledge, L50, F|\n|poke|p1|Lilligant, L50, F|\n|poke|p1|Flutter Mane, L50|\n|poke|p2|Tyranitar, L50, F|\n|poke|p2|Garchomp, L50, M|\n|poke|p2|Scream Tail, L50|\n|poke|p2|Corviknight, L50, F|\n|poke|p2|Gyarados, L50, F|\n|poke|p2|Iron Hands, L50|\n|teampreview|4\n|inactive|Battle timer is ON: inactive players will automatically lose when time's up. (requested by SliemIsDyingInside)\n|inactive|RIPTheDollarMenu has 60 seconds left.\n|\n|t:|1684020218\n|start\n|switch|p1a: Bird|Murkrow, L50, M|100\/100\n|switch|p1b: Flutter Mane|Flutter Mane, L50|100\/100\n|switch|p2a: Genie|Iron Hands, L50, shiny|100\/100\n|switch|p2b: Beholder|Scream Tail, L50, shiny|100\/100\n|-enditem|p2b: Beholder|Booster Energy\n|-activate|p2b: Beholder|ability: Protosynthesis|[fromitem]\n|-start|p2b: Beholder|protosynthesisspe\n|turn|1\n|\n|t:|1684020232\n|-terastallize|p2a: Genie|Grass\n|move|p1a: Bird|Taunt|p2b: Beholder\n|-start|p2b: Beholder|move: Taunt\n|move|p2b: Beholder|Dazzling Gleam|p1a: Bird|[spread] p1a,p1b\n|-supereffective|p1a: Bird\n|-damage|p1a: Bird|72\/100\n|-damage|p1b: Flutter Mane|82\/100\n|move|p1b: Flutter Mane|Substitute|p1b: Flutter Mane\n|-start|p1b: Flutter Mane|Substitute\n|-damage|p1b: Flutter Mane|57\/100\n|move|p2a: Genie|Wild Charge|p1b: Flutter Mane\n|-end|p1b: Flutter Mane|Substitute\n|-damage|p2a: Genie|97\/100|[from] Recoil|[of] p1b: Flutter Mane\n|\n|upkeep\n|turn|2\n|\n|t:|1684020252\n|-end|p2b: Beholder|Protosynthesis|[silent]\n|switch|p2b: Leviathan|Gyarados, L50, F|100\/100\n|-ability|p2b: Leviathan|Intimidate|boost\n|-unboost|p1a: Bird|atk|1\n|-unboost|p1b: Flutter Mane|atk|1\n|move|p1b: Flutter Mane|Protect|p1b: Flutter Mane\n|-singleturn|p1b: Flutter Mane|Protect\n|move|p1a: Bird|Tailwind|p1a: Bird\n|-sidestart|p1: SliemIsDyingInside|move: Tailwind\n|move|p2a: Genie|Wild Charge|p1b: Flutter Mane\n|-activate|p1b: Flutter Mane|move: Protect\n|\n|upkeep\n|turn|3\n|\n|t:|1684020277\n|move|p1b: Flutter Mane|Dazzling Gleam|p2a: Genie|[spread] p2a,p2b\n|-damage|p2a: Genie|65\/100\n|-damage|p2b: Leviathan|66\/100\n|-damage|p1b: Flutter Mane|47\/100|[from] item: Life Orb\n|move|p1a: Bird|Foul Play|p2a: Genie\n|-crit|p2a: Genie\n|-damage|p2a: Genie|10\/100\n|-enditem|p2a: Genie|Sitrus Berry|[eat]\n|-heal|p2a: Genie|35\/100|[from] item: Sitrus Berry\n|move|p2b: Leviathan|Taunt|p1a: Bird\n|-start|p1a: Bird|move: Taunt\n|move|p2a: Genie|Wild Charge|p1b: Flutter Mane\n|-damage|p1b: Flutter Mane|0 fnt\n|faint|p1b: Flutter Mane\n|-end|p1b: Flutter Mane|Protosynthesis|[silent]\n|-damage|p2a: Genie|29\/100|[from] Recoil\n|\n|-heal|p2b: Leviathan|72\/100|[from] item: Leftovers\n|upkeep\n|\n|t:|1684020290\n|switch|p1b: hehehhehhah|Chi-Yu, L50|100\/100\n|-ability|p1b: hehehhehhah|Beads of Ruin\n|turn|4\n|\n|t:|1684020306\n|switch|p1a: AHAHHAHO|Torkoal, L50, M|100\/100\n|-weather|SunnyDay|[from] ability: Drought|[of] p1a: AHAHHAHO\n|-end|p2a: Genie|Quark Drive|[silent]\n|switch|p2a: Tarrasque|Tyranitar, L50, F, shiny|100\/100\n|-weather|Sandstorm|[from] ability: Sand Stream|[of] p2a: Tarrasque\n|-terastallize|p1b: hehehhehhah|Fire\n|move|p1b: hehehhehhah|Heat Wave|p2a: Tarrasque|[spread] p2b\n|-miss|p1b: hehehhehhah|p2a: Tarrasque\n|-resisted|p2b: Leviathan\n|-damage|p2b: Leviathan|43\/100\n|move|p2b: Leviathan|Waterfall|p1a: AHAHHAHO\n|-supereffective|p1a: AHAHHAHO\n|-damage|p1a: AHAHHAHO|50\/100\n|\n|-weather|Sandstorm|[upkeep]\n|-damage|p1b: hehehhehhah|94\/100|[from] Sandstorm\n|-damage|p2b: Leviathan|37\/100|[from] Sandstorm\n|-damage|p1a: AHAHHAHO|43\/100|[from] Sandstorm\n|-heal|p2b: Leviathan|43\/100|[from] item: Leftovers\n|upkeep\n|turn|5\n|inactive|SliemIsDyingInside has 30 seconds left.\n|inactive|RIPTheDollarMenu has 30 seconds left.\n|\n|t:|1684020339\n|switch|p1b: Bird|Murkrow, L50, M|72\/100\n|move|p2b: Leviathan|Waterfall|p1b: Bird\n|-damage|p1b: Bird|24\/100\n|move|p2a: Tarrasque|Dragon Dance|p2a: Tarrasque\n|-boost|p2a: Tarrasque|atk|1\n|-boost|p2a: Tarrasque|spe|1\n|move|p1a: AHAHHAHO|Heat Wave|p2b: Leviathan|[spread] p2a,p2b\n|-resisted|p2a: Tarrasque\n|-resisted|p2b: Leviathan\n|-damage|p2a: Tarrasque|90\/100\n|-damage|p2b: Leviathan|31\/100\n|\n|-weather|Sandstorm|[upkeep]\n|-damage|p1b: Bird|18\/100|[from] Sandstorm\n|-damage|p2b: Leviathan|24\/100|[from] Sandstorm\n|-damage|p1a: AHAHHAHO|37\/100|[from] Sandstorm\n|-heal|p2b: Leviathan|31\/100|[from] item: Leftovers\n|-sideend|p1: SliemIsDyingInside|move: Tailwind\n|upkeep\n|turn|6\n|\n|t:|1684020359\n|switch|p1a: hehehhehhah|Chi-Yu, L50, tera:Fire|94\/100\n|-ability|p1a: hehehhehhah|Beads of Ruin\n|move|p2a: Tarrasque|Rock Slide|p1a: hehehhehhah|[spread] p1a,p1b\n|-supereffective|p1a: hehehhehhah\n|-supereffective|p1b: Bird\n|-damage|p1a: hehehhehhah|0 fnt\n|-damage|p1b: Bird|0 fnt\n|faint|p1a: hehehhehhah\n|faint|p1b: Bird\n|move|p2b: Leviathan|Waterfall|p1: hehehhehhah|[notarget]\n|-fail|p2b: Leviathan\n|\n|-weather|Sandstorm|[upkeep]\n|-damage|p2b: Leviathan|24\/100|[from] Sandstorm\n|-heal|p2b: Leviathan|31\/100|[from] item: Leftovers\n|upkeep\n|\n|t:|1684020361\n|switch|p1b: AHAHHAHO|Torkoal, L50, M|37\/100\n|-weather|SunnyDay|[from] ability: Drought|[of] p1b: AHAHHAHO\n|turn|7\n|\n|t:|1684020368\n|move|p2a: Tarrasque|Rock Slide|p1b: AHAHHAHO\n|-supereffective|p1b: AHAHHAHO\n|-damage|p1b: AHAHHAHO|0 fnt\n|faint|p1b: AHAHHAHO\n|\n|win|RIPTheDollarMenu\n|raw|SliemIsDyingInside's rating: 1286 → 1264<\/strong> (-22 for losing)\n|raw|RIPTheDollarMenu's rating: 1321 → 1339<\/strong> (+18 for winning)\n|c|\u2606RIPTheDollarMenu|gg\n","uploadtime":1684020378,"views":11,"p1id":"sliemisdyinginside","p2id":"ripthedollarmenu","formatid":"gen9vgc2023regulationc","rating":1264,"private":0,"password":""}