{"id":"gen9vgc2023regulationc-1861030511","p1":"Metallicmadness","p2":"AnnabelV3","format":"[Gen 9] VGC 2023 Regulation C","log":"|j|\u2606Metallicmadness\n|j|\u2606AnnabelV3\n|t:|1683717624\n|gametype|doubles\n|player|p1|Metallicmadness|2|1040\n|player|p2|AnnabelV3|swimmerf-gen4dp|1000\n|teamsize|p1|6\n|teamsize|p2|6\n|gen|9\n|tier|[Gen 9] VGC 2023 Regulation C\n|rated|\n|rule|Species Clause: Limit one of each Pok\u00e9mon\n|rule|Item Clause: Limit one of each item\n|clearpoke\n|poke|p1|Murkrow, L50, M|\n|poke|p1|Great Tusk, L50|\n|poke|p1|Chien-Pao, L50|\n|poke|p1|Brute Bonnet, L50|\n|poke|p1|Flutter Mane, L50|\n|poke|p1|Iron Bundle, L50|\n|poke|p2|Annihilape, L50, M|\n|poke|p2|Hatterene, L50, F|\n|poke|p2|Copperajah, L50, F|\n|poke|p2|Salamence, L50, M|\n|poke|p2|Rotom-Wash, L50|\n|poke|p2|Amoonguss, L50, F|\n|teampreview|4\n|inactive|Battle timer is ON: inactive players will automatically lose when time's up. (requested by Metallicmadness)\n|c|\u2606Metallicmadness|Gl hf\n|inactive|AnnabelV3 has 60 seconds left.\n|\n|t:|1683717671\n|start\n|switch|p1a: Great Tusk|Great Tusk, L50|100\/100\n|switch|p1b: Flutter Mane|Flutter Mane, L50|100\/100\n|switch|p2a: Copperajah|Copperajah, L50, F|100\/100\n|switch|p2b: Hatterene|Hatterene, L50, F, shiny|100\/100\n|turn|1\n|inactive|Metallicmadness has 30 seconds left.\n|inactive|Metallicmadness has 20 seconds left.\n|\n|t:|1683717710\n|-terastallize|p2a: Copperajah|Flying\n|move|p1b: Flutter Mane|Shadow Ball|p2b: Hatterene\n|-supereffective|p2b: Hatterene\n|-damage|p2b: Hatterene|27\/100\n|move|p1a: Great Tusk|Earthquake|p2b: Hatterene|[spread] p1b,p2b\n|-immune|p2a: Copperajah\n|-damage|p1b: Flutter Mane|35\/100\n|-damage|p2b: Hatterene|0 fnt\n|faint|p2b: Hatterene\n|move|p2a: Copperajah|Iron Head|p1b: Flutter Mane\n|-supereffective|p1b: Flutter Mane\n|-damage|p1b: Flutter Mane|0 fnt\n|faint|p1b: Flutter Mane\n|-end|p1b: Flutter Mane|Protosynthesis|[silent]\n|\n|upkeep\n|c|\u2606AnnabelV3|glhf too\n|\n|t:|1683717724\n|switch|p1b: Chien-Pao|Chien-Pao, L50|100\/100\n|switch|p2b: Rotom|Rotom-Wash, L50, shiny|100\/100\n|-ability|p1b: Chien-Pao|Sword of Ruin\n|turn|2\n|inactive|Metallicmadness has 30 seconds left.\n|inactive|AnnabelV3 has 30 seconds left.\n|\n|t:|1683717754\n|switch|p2a: Annihilape|Annihilape, L50, M|100\/100\n|move|p1b: Chien-Pao|Protect|p1b: Chien-Pao\n|-singleturn|p1b: Chien-Pao|Protect\n|move|p2b: Rotom|Hydro Pump|p1a: Great Tusk\n|-supereffective|p1a: Great Tusk\n|-damage|p1a: Great Tusk|27\/100\n|move|p1a: Great Tusk|Close Combat|p2b: Rotom\n|-damage|p2b: Rotom|4\/100\n|-unboost|p1a: Great Tusk|def|1\n|-unboost|p1a: Great Tusk|spd|1\n|-enditem|p2b: Rotom|Aguav Berry|[eat]\n|-heal|p2b: Rotom|37\/100|[from] item: Aguav Berry\n|\n|upkeep\n|turn|3\n|inactive|AnnabelV3 has 30 seconds left.\n|\n|t:|1683717781\n|move|p1b: Chien-Pao|Sacred Sword|p2b: Rotom\n|-damage|p2b: Rotom|0 fnt\n|faint|p2b: Rotom\n|-damage|p1b: Chien-Pao|91\/100|[from] item: Life Orb\n|move|p1a: Great Tusk|Headlong Rush|p2a: Annihilape\n|-damage|p2a: Annihilape|23\/100\n|-unboost|p1a: Great Tusk|def|1\n|-unboost|p1a: Great Tusk|spd|1\n|move|p2a: Annihilape|Close Combat|p1b: Chien-Pao\n|-supereffective|p1b: Chien-Pao\n|-damage|p1b: Chien-Pao|0 fnt\n|-unboost|p2a: Annihilape|def|1\n|-unboost|p2a: Annihilape|spd|1\n|faint|p1b: Chien-Pao\n|\n|-heal|p2a: Annihilape|29\/100|[from] item: Leftovers\n|upkeep\n|\n|t:|1683717790\n|switch|p1b: Brute Bonnet|Brute Bonnet, L50|100\/100\n|switch|p2b: Copperajah|Copperajah, L50, F, tera:Flying|100\/100\n|turn|4\n|inactive|AnnabelV3 has 30 seconds left.\n|\n|t:|1683717822\n|-terastallize|p1a: Great Tusk|Fire\n|move|p2a: Annihilape|Protect|p2a: Annihilape\n|-singleturn|p2a: Annihilape|Protect\n|move|p1b: Brute Bonnet|Sucker Punch||[still]\n|-fail|p1b: Brute Bonnet\n|move|p1a: Great Tusk|Tera Blast|p2b: Copperajah\n|-crit|p2b: Copperajah\n|-damage|p2b: Copperajah|38\/100\n|move|p2b: Copperajah|Iron Head|p1a: Great Tusk\n|-resisted|p1a: Great Tusk\n|-damage|p1a: Great Tusk|0 fnt\n|faint|p1a: Great Tusk\n|-end|p1a: Great Tusk|Protosynthesis|[silent]\n|\n|-heal|p2a: Annihilape|35\/100|[from] item: Leftovers\n|upkeep\n|turn|5\n|inactive|AnnabelV3 has 30 seconds left.\n|inactive|AnnabelV3 has 20 seconds left.\n|inactive|AnnabelV3 has 15 seconds left.\n|\n|t:|1683717865\n|move|p2a: Annihilape|Close Combat|p1b: Brute Bonnet\n|-supereffective|p1b: Brute Bonnet\n|-damage|p1b: Brute Bonnet|0 fnt\n|-unboost|p2a: Annihilape|def|1\n|-unboost|p2a: Annihilape|spd|1\n|faint|p1b: Brute Bonnet\n|-end|p1b: Brute Bonnet|Protosynthesis|[silent]\n|\n|win|AnnabelV3\n|raw|Metallicmadness's rating: 1040 → 1022<\/strong> (-18 for losing)\n|raw|AnnabelV3's rating: 1000 → 1045<\/strong> (+45 for winning)\n|c|\u2606Metallicmadness|Gg wp\n","uploadtime":1683717884,"views":15,"p1id":"metallicmadness","p2id":"annabelv3","formatid":"gen9vgc2023regulationc","rating":1022,"private":0,"password":""}