{"id":"gen9vgc2023regulationc-1850652943","p1":"Doomtheboomkin","p2":"XDarkened","format":"[Gen 9] VGC 2023 Regulation C","log":"|j|\u2606Doomtheboomkin\n|j|\u2606XDarkened\n|t:|1682356323\n|gametype|doubles\n|player|p1|Doomtheboomkin|shadowtriad|1208\n|player|p2|XDarkened|102|1134\n|teamsize|p1|6\n|teamsize|p2|6\n|gen|9\n|tier|[Gen 9] VGC 2023 Regulation C\n|rated|\n|rule|Species Clause: Limit one of each Pok\u00e9mon\n|rule|Item Clause: Limit one of each item\n|clearpoke\n|poke|p1|Baxcalibur, L50, M|\n|poke|p1|Chien-Pao, L50|\n|poke|p1|Dragonite, L50, F|\n|poke|p1|Palafin, L50, F|\n|poke|p1|Pelipper, L50, M|\n|poke|p1|Amoonguss, L50, M|\n|poke|p2|Flutter Mane, L50|\n|poke|p2|Annihilape, L50, F|\n|poke|p2|Gyarados, L50, M|\n|poke|p2|Rotom-Mow, L50|\n|poke|p2|Talonflame, L50, M|\n|poke|p2|Kingambit, L50, F|\n|teampreview|4\n|inactive|Battle timer is ON: inactive players will automatically lose when time's up. (requested by Doomtheboomkin)\n|inactive|Doomtheboomkin has 60 seconds left.\n|inactive|XDarkened has 60 seconds left.\n|\n|t:|1682356371\n|start\n|switch|p1a: Palafin|Palafin, L50, F|100\/100\n|switch|p1b: Chien-Pao|Chien-Pao, L50|100\/100\n|switch|p2a: Talonflame|Talonflame, L50, M|100\/100\n|switch|p2b: Annihilape|Annihilape, L50, F|100\/100\n|-ability|p1b: Chien-Pao|Sword of Ruin\n|turn|1\n|\n|t:|1682356390\n|detailschange|p1a: Palafin|Palafin-Hero, L50, F\n|switch|p1a: Amoonguss|Amoonguss, L50, M|100\/100\n|move|p2a: Talonflame|Tailwind|p2a: Talonflame\n|-sidestart|p2: XDarkened|move: Tailwind\n|move|p2b: Annihilape|Bulk Up|p2b: Annihilape\n|-boost|p2b: Annihilape|atk|1\n|-boost|p2b: Annihilape|def|1\n|move|p1b: Chien-Pao|Ice Spinner|p2a: Talonflame\n|-crit|p2a: Talonflame\n|-damage|p2a: Talonflame|0 fnt\n|faint|p2a: Talonflame\n|\n|upkeep\n|\n|t:|1682356402\n|switch|p2a: Rotom|Rotom-Mow, L50|100\/100\n|turn|2\n|\n|t:|1682356412\n|move|p2b: Annihilape|Protect|p2b: Annihilape\n|-singleturn|p2b: Annihilape|Protect\n|move|p1b: Chien-Pao|Protect|p1b: Chien-Pao\n|-singleturn|p1b: Chien-Pao|Protect\n|move|p2a: Rotom|Trick|p1a: Amoonguss\n|-activate|p2a: Rotom|move: Trick|[of] p1a: Amoonguss\n|-item|p1a: Amoonguss|Choice Scarf|[from] move: Trick\n|-item|p2a: Rotom|Mental Herb|[from] move: Trick\n|move|p1a: Amoonguss|Spore|p2b: Annihilape\n|-activate|p2b: Annihilape|move: Protect\n|\n|upkeep\n|turn|3\n|\n|t:|1682356434\n|move|p2a: Rotom|Will-O-Wisp|p1b: Chien-Pao\n|-status|p1b: Chien-Pao|brn\n|move|p2b: Annihilape|Bulk Up|p2b: Annihilape\n|-boost|p2b: Annihilape|atk|1\n|-boost|p2b: Annihilape|def|1\n|move|p1b: Chien-Pao|Ice Spinner|p2a: Rotom\n|-supereffective|p2a: Rotom\n|-damage|p2a: Rotom|27\/100\n|move|p1a: Amoonguss|Spore|p2b: Annihilape\n|-status|p2b: Annihilape|slp|[from] move: Spore\n|\n|-damage|p1b: Chien-Pao|95\/100 brn|[from] brn\n|upkeep\n|turn|4\n|\n|t:|1682356453\n|switch|p1a: Dragonite|Dragonite, L50, F|100\/100\n|cant|p2b: Annihilape|slp\n|move|p2a: Rotom|Will-O-Wisp|p1a: Dragonite|[miss]\n|-miss|p2a: Rotom|p1a: Dragonite\n|move|p1b: Chien-Pao|Ice Spinner|p2a: Rotom\n|-supereffective|p2a: Rotom\n|-damage|p2a: Rotom|0 fnt\n|faint|p2a: Rotom\n|\n|-damage|p1b: Chien-Pao|89\/100 brn|[from] brn\n|-sideend|p2: XDarkened|move: Tailwind\n|upkeep\n|\n|t:|1682356461\n|switch|p2a: Kingambit|Kingambit, L50, F|100\/100\n|turn|5\n|\n|t:|1682356473\n|switch|p1a: Amoonguss|Amoonguss, L50, M|100\/100\n|-curestatus|p2b: Annihilape|slp|[msg]\n|move|p2b: Annihilape|Protect|p2b: Annihilape\n|-singleturn|p2b: Annihilape|Protect\n|move|p2a: Kingambit|Sucker Punch||[still]\n|-fail|p2a: Kingambit\n|move|p1b: Chien-Pao|Sacred Sword|p2a: Kingambit\n|-supereffective|p2a: Kingambit\n|-damage|p2a: Kingambit|38\/100\n|\n|-damage|p1b: Chien-Pao|83\/100 brn|[from] brn\n|upkeep\n|turn|6\n|inactive|XDarkened has 30 seconds left.\n|inactive|XDarkened has 20 seconds left.\n|\n|t:|1682356509\n|move|p1b: Chien-Pao|Protect|p1b: Chien-Pao\n|-singleturn|p1b: Chien-Pao|Protect\n|move|p2a: Kingambit|Protect|p2a: Kingambit\n|-singleturn|p2a: Kingambit|Protect\n|move|p2b: Annihilape|Bulk Up|p2b: Annihilape\n|-boost|p2b: Annihilape|atk|1\n|-boost|p2b: Annihilape|def|1\n|move|p1a: Amoonguss|Clear Smog|p2b: Annihilape\n|-resisted|p2b: Annihilape\n|-damage|p2b: Annihilape|94\/100\n|-clearboost|p2b: Annihilape\n|\n|-heal|p2b: Annihilape|99\/100|[from] item: Leftovers\n|-damage|p1b: Chien-Pao|77\/100 brn|[from] brn\n|upkeep\n|turn|7\n|\n|t:|1682356534\n|switch|p1a: Palafin|Palafin-Hero, L50, F|100\/100\n|-activate|p1a: Palafin|ability: Zero to Hero\n|move|p1b: Chien-Pao|Sacred Sword|p2a: Kingambit\n|-supereffective|p2a: Kingambit\n|-damage|p2a: Kingambit|0 fnt\n|faint|p2a: Kingambit\n|move|p2b: Annihilape|Rage Fist|p1a: Palafin\n|-damage|p1a: Palafin|37\/100\n|\n|-heal|p2b: Annihilape|100\/100|[from] item: Leftovers\n|-damage|p1b: Chien-Pao|72\/100 brn|[from] brn\n|upkeep\n|turn|8\n|\n|t:|1682356556\n|-terastallize|p2b: Annihilape|Steel\n|move|p1b: Chien-Pao|Sucker Punch||[still]\n|-fail|p1b: Chien-Pao\n|move|p1a: Palafin|Wave Crash|p2b: Annihilape\n|-crit|p2b: Annihilape\n|-damage|p2b: Annihilape|0 fnt\n|faint|p2b: Annihilape\n|-damage|p1a: Palafin|3\/100|[from] Recoil\n|\n|win|Doomtheboomkin\n|raw|Doomtheboomkin's rating: 1208 → 1228<\/strong> (+20 for winning)\n|raw|XDarkened's rating: 1134 → 1114<\/strong> (-20 for losing)\n|c|\u2606XDarkened|Losing to a crit\n|c|\u2606XDarkened|unfort\n|c|\u2606XDarkened|that one could\u2019ve been a fun comeback too\n|c|\u2606XDarkened|rip\n|c|\u2606Doomtheboomkin|Was still 4v1 but yeah\n|c|\u2606Doomtheboomkin|GGd\n|c|\u2606XDarkened|ggs\n|l|\u2606XDarkened\n","uploadtime":1682356592,"views":13,"p1id":"doomtheboomkin","p2id":"xdarkened","formatid":"gen9vgc2023regulationc","rating":1114,"private":0,"password":""}