{"id":"gen9vgc2023regulationc-1863083269","p1":"LetSheCook","p2":"Arcacagne","format":"[Gen 9] VGC 2023 Regulation C","log":"|j|\u2606LetSheCook\n|j|\u2606Arcacagne\n|t:|1683966407\n|gametype|doubles\n|player|p1|LetSheCook|maid|1319\n|player|p2|Arcacagne|169|1337\n|teamsize|p1|6\n|teamsize|p2|6\n|gen|9\n|tier|[Gen 9] VGC 2023 Regulation C\n|rated|\n|rule|Species Clause: Limit one of each Pok\u00e9mon\n|rule|Item Clause: Limit one of each item\n|clearpoke\n|poke|p1|Annihilape, L50, F|\n|poke|p1|Iron Bundle, L50|\n|poke|p1|Ting-Lu, L50|\n|poke|p1|Talonflame, L50, F|\n|poke|p1|Amoonguss, L50, F|\n|poke|p1|Maushold-Four, L50|\n|poke|p2|Chi-Yu, L50|\n|poke|p2|Flutter Mane, L50|\n|poke|p2|Amoonguss, L50, M|\n|poke|p2|Ting-Lu, L50|\n|poke|p2|Iron Hands, L50|\n|poke|p2|Gyarados, L50, F|\n|teampreview|4\n|inactive|Battle timer is ON: inactive players will automatically lose when time's up. (requested by LetSheCook)\n|inactive|Arcacagne has 60 seconds left.\n|inactive|Arcacagne has 30 seconds left.\n|\n|t:|1683966476\n|start\n|switch|p1a: Ting-Lu|Ting-Lu, L50|100\/100\n|switch|p1b: Talonflame|Talonflame, L50, F|100\/100\n|switch|p2a: Ting-Lu|Ting-Lu, L50|100\/100\n|switch|p2b: Iron Hands|Iron Hands, L50|100\/100\n|-ability|p1a: Ting-Lu|Vessel of Ruin\n|-ability|p2a: Ting-Lu|Vessel of Ruin\n|turn|1\n|\n|t:|1683966499\n|switch|p2a: Gyarados|Gyarados, L50, F|100\/100\n|-ability|p2a: Gyarados|Intimidate|boost\n|-unboost|p1a: Ting-Lu|atk|1\n|-unboost|p1b: Talonflame|atk|1\n|-terastallize|p2b: Iron Hands|Grass\n|move|p1b: Talonflame|Will-O-Wisp|p2b: Iron Hands\n|-status|p2b: Iron Hands|brn\n|-enditem|p2b: Iron Hands|Lum Berry|[eat]\n|-curestatus|p2b: Iron Hands|brn|[msg]\n|move|p1a: Ting-Lu|Earthquake|p2a: Gyarados|[spread] p2b\n|-immune|p1b: Talonflame\n|-immune|p2a: Gyarados\n|-resisted|p2b: Iron Hands\n|-damage|p2b: Iron Hands|93\/100\n|move|p2b: Iron Hands|Drain Punch|p1a: Ting-Lu\n|-supereffective|p1a: Ting-Lu\n|-damage|p1a: Ting-Lu|56\/100\n|-heal|p2b: Iron Hands|100\/100|[from] drain|[of] p1a: Ting-Lu\n|\n|upkeep\n|turn|2\n|inactive|LetSheCook has 30 seconds left.\n|inactive|Arcacagne has 30 seconds left.\n|inactive|Arcacagne has 20 seconds left.\n|inactive|Arcacagne has 15 seconds left.\n|\n|t:|1683966539\n|switch|p1a: Annihilape|Annihilape, L50, F|100\/100\n|-end|p2b: Iron Hands|Quark Drive|[silent]\n|switch|p2b: Chi-Yu|Chi-Yu, L50|100\/100\n|-ability|p2b: Chi-Yu|Beads of Ruin\n|move|p1b: Talonflame|Will-O-Wisp|p2b: Chi-Yu|[miss]\n|-miss|p1b: Talonflame|p2b: Chi-Yu\n|move|p2a: Gyarados|Waterfall|p1b: Talonflame\n|-supereffective|p1b: Talonflame\n|-damage|p1b: Talonflame|0 fnt\n|faint|p1b: Talonflame\n|\n|upkeep\n|\n|t:|1683966555\n|switch|p1b: Maushold|Maushold-Four, L50|100\/100\n|turn|3\n|inactive|LetSheCook has 30 seconds left.\n|\n|t:|1683966584\n|move|p2b: Chi-Yu|Overheat|p1b: Maushold\n|-damage|p1b: Maushold|0 fnt\n|-unboost|p2b: Chi-Yu|spa|2\n|faint|p1b: Maushold\n|move|p2a: Gyarados|Thunder Wave|p1a: Annihilape|[miss]\n|-miss|p2a: Gyarados|p1a: Annihilape\n|move|p1a: Annihilape|Rage Fist|p2a: Gyarados\n|-damage|p2a: Gyarados|75\/100\n|\n|upkeep\n|\n|t:|1683966594\n|switch|p1b: Ting-Lu|Ting-Lu, L50|56\/100\n|-ability|p1b: Ting-Lu|Vessel of Ruin\n|turn|4\n|\n|t:|1683966606\n|switch|p2b: Iron Hands|Iron Hands, L50, tera:Grass|100\/100\n|move|p2a: Gyarados|Protect|p2a: Gyarados\n|-singleturn|p2a: Gyarados|Protect\n|move|p1a: Annihilape|Bulk Up|p1a: Annihilape\n|-boost|p1a: Annihilape|atk|1\n|-boost|p1a: Annihilape|def|1\n|move|p1b: Ting-Lu|Throat Chop|p2a: Gyarados\n|-activate|p2a: Gyarados|move: Protect\n|\n|upkeep\n|turn|5\n|\n|t:|1683966624\n|move|p2a: Gyarados|Thunder Wave|p1a: Annihilape\n|-status|p1a: Annihilape|par\n|move|p1b: Ting-Lu|Ruination|p2b: Iron Hands\n|-damage|p2b: Iron Hands|51\/100\n|move|p2b: Iron Hands|Swords Dance|p2b: Iron Hands\n|-boost|p2b: Iron Hands|atk|2\n|cant|p1a: Annihilape|par\n|\n|upkeep\n|turn|6\n|\n|t:|1683966649\n|move|p2a: Gyarados|Waterfall|p1a: Annihilape\n|-damage|p1a: Annihilape|77\/100 par\n|move|p1b: Ting-Lu|Ruination|p2b: Iron Hands\n|-damage|p2b: Iron Hands|26\/100\n|move|p2b: Iron Hands|Drain Punch|p1b: Ting-Lu\n|-supereffective|p1b: Ting-Lu\n|-damage|p1b: Ting-Lu|0 fnt\n|-heal|p2b: Iron Hands|51\/100|[from] drain|[of] p1b: Ting-Lu\n|faint|p1b: Ting-Lu\n|move|p1a: Annihilape|Rage Fist|p2b: Iron Hands\n|-damage|p2b: Iron Hands|4\/100\n|\n|upkeep\n|turn|7\n|c|\u2606Arcacagne|gg\n|\n|t:|1683966672\n|move|p2a: Gyarados|Waterfall|p1a: Annihilape\n|-damage|p1a: Annihilape|56\/100 par\n|move|p2b: Iron Hands|Thunder Punch|p1a: Annihilape\n|-damage|p1a: Annihilape|6\/100 par\n|-enditem|p1a: Annihilape|Sitrus Berry|[eat]\n|-heal|p1a: Annihilape|31\/100 par|[from] item: Sitrus Berry\n|cant|p1a: Annihilape|par\n|\n|upkeep\n|turn|8\n|-message|LetSheCook forfeited.\n|\n|win|Arcacagne\n|raw|LetSheCook's rating: 1319 → 1300<\/strong> (-19 for losing)\n|raw|Arcacagne's rating: 1337 → 1356<\/strong> (+19 for winning)\n|l|\u2606LetSheCook\n","uploadtime":1683966685,"views":10,"p1id":"letshecook","p2id":"arcacagne","formatid":"gen9vgc2023regulationc","rating":1300,"private":0,"password":""}