{"id":"gen9vgc2023regulationc-1857191605","p1":"Marvottolo","p2":"endK649","format":"[Gen 9] VGC 2023 Regulation C","log":"|j|\u2606Marvottolo\n|j|\u2606endK649\n|t:|1683156096\n|gametype|doubles\n|player|p1|Marvottolo|volkner|1154\n|player|p2|endK649|hilbert|1176\n|teamsize|p1|6\n|teamsize|p2|6\n|gen|9\n|tier|[Gen 9] VGC 2023 Regulation C\n|rated|\n|rule|Species Clause: Limit one of each Pok\u00e9mon\n|rule|Item Clause: Limit one of each item\n|clearpoke\n|poke|p1|Amoonguss, L50, F|\n|poke|p1|Palafin, L50, M|\n|poke|p1|Flutter Mane, L50|\n|poke|p1|Arcanine, L50, M|\n|poke|p1|Ting-Lu, L50|\n|poke|p1|Annihilape, L50, M|\n|poke|p2|Noivern, L50, F|\n|poke|p2|Gyarados, L50, M|\n|poke|p2|Arcanine, L50, M|\n|poke|p2|Garchomp, L50, M|\n|poke|p2|Tyranitar, L50, M|\n|poke|p2|Chien-Pao, L50|\n|teampreview|4\n|inactive|Battle timer is ON: inactive players will automatically lose when time's up. (requested by Marvottolo)\n|\n|t:|1683156123\n|start\n|switch|p1a: Kvars|Flutter Mane, L50|100\/100\n|switch|p1b: Incazzoscimmia|Annihilape, L50, M|100\/100\n|switch|p2a: Gyarados|Gyarados, L50, M, shiny|100\/100\n|switch|p2b: Garchomp|Garchomp, L50, M, shiny|100\/100\n|-ability|p2a: Gyarados|Intimidate|boost\n|-unboost|p1a: Kvars|atk|1\n|-unboost|p1b: Incazzoscimmia|atk|1\n|-ability|p1b: Incazzoscimmia|Defiant|boost\n|-boost|p1b: Incazzoscimmia|atk|2\n|-enditem|p1a: Kvars|Booster Energy\n|-activate|p1a: Kvars|ability: Protosynthesis|[fromitem]\n|-start|p1a: Kvars|protosynthesisspa\n|turn|1\n|\n|t:|1683156141\n|-terastallize|p1a: Kvars|Fairy\n|-terastallize|p2b: Garchomp|Fire\n|move|p1a: Kvars|Dazzling Gleam|p2b: Garchomp|[spread] p2a,p2b\n|-resisted|p2b: Garchomp\n|-damage|p2a: Gyarados|56\/100\n|-damage|p2b: Garchomp|68\/100\n|move|p2b: Garchomp|Swords Dance|p2b: Garchomp\n|-boost|p2b: Garchomp|atk|2\n|move|p1b: Incazzoscimmia|Thunder Punch|p2a: Gyarados\n|-supereffective|p2a: Gyarados\n|-damage|p2a: Gyarados|0 fnt\n|faint|p2a: Gyarados\n|\n|upkeep\n|\n|t:|1683156158\n|switch|p2a: Arcanine|Arcanine, L50, M, shiny|100\/100\n|turn|2\n|\n|t:|1683156179\n|move|p2a: Arcanine|Protect|p2a: Arcanine\n|-singleturn|p2a: Arcanine|Protect\n|move|p1a: Kvars|Shadow Ball|p2b: Garchomp\n|-damage|p2b: Garchomp|6\/100\n|move|p2b: Garchomp|Earthquake|p1b: Incazzoscimmia|[spread] p1a,p1b\n|-activate|p2a: Arcanine|move: Protect\n|-damage|p1a: Kvars|0 fnt\n|-damage|p1b: Incazzoscimmia|26\/100\n|faint|p1a: Kvars\n|-end|p1a: Kvars|Protosynthesis|[silent]\n|move|p1b: Incazzoscimmia|Drain Punch|p2b: Garchomp\n|-damage|p2b: Garchomp|0 fnt\n|-heal|p1b: Incazzoscimmia|29\/100|[from] drain|[of] p2b: Garchomp\n|faint|p2b: Garchomp\n|\n|upkeep\n|\n|t:|1683156195\n|switch|p1a: Blaze|Arcanine, L50, M|100\/100\n|switch|p2b: Noivern|Noivern, L50, F, shiny|100\/100\n|-item|p1a: Blaze|Safety Goggles|[from] ability: Frisk|[of] p2b: Noivern|[identify]\n|-item|p1b: Incazzoscimmia|Assault Vest|[from] ability: Frisk|[of] p2b: Noivern|[identify]\n|-ability|p1a: Blaze|Intimidate|boost\n|-unboost|p2a: Arcanine|atk|1\n|-unboost|p2b: Noivern|atk|1\n|turn|3\n|\n|t:|1683156215\n|move|p2b: Noivern|Protect|p2b: Noivern\n|-singleturn|p2b: Noivern|Protect\n|move|p1a: Blaze|Extreme Speed|p2b: Noivern\n|-activate|p2b: Noivern|move: Protect\n|move|p2a: Arcanine|Flare Blitz|p1b: Incazzoscimmia\n|-damage|p1b: Incazzoscimmia|0 fnt\n|faint|p1b: Incazzoscimmia\n|-damage|p2a: Arcanine|89\/100|[from] Recoil\n|\n|upkeep\n|\n|t:|1683156225\n|switch|p1b: Fungottolo|Amoonguss, L50, F|100\/100\n|turn|4\n|\n|t:|1683156238\n|move|p1a: Blaze|Extreme Speed|p2b: Noivern\n|-damage|p2b: Noivern|78\/100\n|move|p2b: Noivern|Tailwind|p2b: Noivern\n|-sidestart|p2: endK649|move: Tailwind\n|move|p2a: Arcanine|Flare Blitz|p1b: Fungottolo\n|-supereffective|p1b: Fungottolo\n|-damage|p1b: Fungottolo|31\/100\n|-enditem|p1b: Fungottolo|Sitrus Berry|[eat]\n|-heal|p1b: Fungottolo|56\/100|[from] item: Sitrus Berry\n|-damage|p2a: Arcanine|60\/100|[from] Recoil\n|move|p1b: Fungottolo|Spore|p2b: Noivern\n|-status|p2b: Noivern|slp|[from] move: Spore\n|\n|upkeep\n|turn|5\n|inactive|endK649 has 30 seconds left.\n|\n|t:|1683156266\n|move|p2a: Arcanine|Protect|p2a: Arcanine\n|-singleturn|p2a: Arcanine|Protect\n|move|p1b: Fungottolo|Protect|p1b: Fungottolo\n|-singleturn|p1b: Fungottolo|Protect\n|move|p1a: Blaze|Extreme Speed|p2a: Arcanine\n|-activate|p2a: Arcanine|move: Protect\n|cant|p2b: Noivern|slp\n|\n|upkeep\n|turn|6\n|\n|t:|1683156283\n|move|p1a: Blaze|Extreme Speed|p2a: Arcanine\n|-damage|p2a: Arcanine|32\/100\n|cant|p2b: Noivern|slp\n|move|p2a: Arcanine|Flare Blitz|p1b: Fungottolo\n|-supereffective|p1b: Fungottolo\n|-damage|p1b: Fungottolo|0 fnt\n|faint|p1b: Fungottolo\n|-damage|p2a: Arcanine|9\/100|[from] Recoil\n|\n|upkeep\n|turn|7\n|\n|t:|1683156301\n|move|p2a: Arcanine|Protect|p2a: Arcanine\n|-singleturn|p2a: Arcanine|Protect\n|move|p1a: Blaze|Extreme Speed|p2b: Noivern\n|-damage|p2b: Noivern|56\/100 slp\n|cant|p2b: Noivern|slp\n|\n|-sideend|p2: endK649|move: Tailwind\n|upkeep\n|turn|8\n|\n|t:|1683156311\n|move|p1a: Blaze|Extreme Speed|p2a: Arcanine\n|-damage|p2a: Arcanine|0 fnt\n|faint|p2a: Arcanine\n|-curestatus|p2b: Noivern|slp|[msg]\n|move|p2b: Noivern|Draco Meteor|p1a: Blaze\n|-damage|p1a: Blaze|51\/100\n|-unboost|p2b: Noivern|spa|2\n|\n|upkeep\n|turn|9\n|\n|t:|1683156324\n|move|p1a: Blaze|Extreme Speed|p2b: Noivern\n|-damage|p2b: Noivern|31\/100\n|move|p2b: Noivern|Super Fang|p1a: Blaze\n|-damage|p1a: Blaze|26\/100\n|\n|upkeep\n|turn|10\n|\n|t:|1683156331\n|move|p1a: Blaze|Extreme Speed|p2b: Noivern\n|-damage|p2b: Noivern|8\/100\n|move|p2b: Noivern|Draco Meteor|p1a: Blaze\n|-crit|p1a: Blaze\n|-damage|p1a: Blaze|0 fnt\n|-unboost|p2b: Noivern|spa|2\n|faint|p1a: Blaze\n|\n|win|endK649\n|raw|Marvottolo's rating: 1154 → 1131<\/strong> (-23 for losing)\n|raw|endK649's rating: 1176 → 1199<\/strong> (+23 for winning)\n|l|\u2606Marvottolo\n","uploadtime":1683156346,"views":8,"p1id":"marvottolo","p2id":"endk649","formatid":"gen9vgc2023regulationc","rating":1131,"private":0,"password":""}