{"id":"gen9vgc2023regulationc-1851294928","p1":"Lykazzbylad","p2":"WillieDangerously","format":"[Gen 9] VGC 2023 Regulation C","log":"|j|\u2606Lykazzbylad\n|j|\u2606WillieDangerously\n|t:|1682433448\n|gametype|doubles\n|player|p1|Lykazzbylad|265|1000\n|player|p2|WillieDangerously|psychic-gen4|1117\n|teamsize|p1|6\n|teamsize|p2|6\n|gen|9\n|tier|[Gen 9] VGC 2023 Regulation C\n|rated|\n|rule|Species Clause: Limit one of each Pok\u00e9mon\n|rule|Item Clause: Limit one of each item\n|clearpoke\n|poke|p1|Wo-Chien, L50|\n|poke|p1|Tatsugiri, L50, F|\n|poke|p1|Dondozo, L50, F|\n|poke|p1|Flutter Mane, L50|\n|poke|p1|Ceruledge, L50, M|\n|poke|p1|Iron Treads, L50|\n|poke|p2|Espathra, L50, F|\n|poke|p2|Iron Bundle, L50|\n|poke|p2|Iron Valiant, L50|\n|poke|p2|Salamence, L50, F|\n|poke|p2|Scizor, L50, F|\n|poke|p2|Sandy Shocks, L50|\n|teampreview|4\n|\n|t:|1682433486\n|start\n|switch|p1a: Flutter Mane|Flutter Mane, L50|100\/100\n|switch|p1b: Iron Treads|Iron Treads, L50|100\/100\n|switch|p2a: Espathra|Espathra, L50, F|100\/100\n|switch|p2b: Sandy Shocks|Sandy Shocks, L50|100\/100\n|-enditem|p2b: Sandy Shocks|Booster Energy\n|-activate|p2b: Sandy Shocks|ability: Protosynthesis|[fromitem]\n|-start|p2b: Sandy Shocks|protosynthesisspe\n|-enditem|p1b: Iron Treads|Booster Energy\n|-activate|p1b: Iron Treads|ability: Quark Drive|[fromitem]\n|-start|p1b: Iron Treads|quarkdriveatk\n|turn|1\n|inactive|Battle timer is ON: inactive players will automatically lose when time's up. (requested by Lykazzbylad)\n|\n|t:|1682433510\n|move|p2a: Espathra|Protect|p2a: Espathra\n|-singleturn|p2a: Espathra|Protect\n|move|p2b: Sandy Shocks|Gravity|p2b: Sandy Shocks\n|-fieldstart|move: Gravity\n|move|p1a: Flutter Mane|Shadow Ball|p2a: Espathra\n|-activate|p2a: Espathra|move: Protect\n|move|p1b: Iron Treads|Knock Off|p2a: Espathra\n|-activate|p2a: Espathra|move: Protect\n|\n|-ability|p2a: Espathra|Speed Boost|boost\n|-boost|p2a: Espathra|spe|1\n|upkeep\n|turn|2\n|\n|t:|1682433533\n|-end|p1b: Iron Treads|Quark Drive|[silent]\n|switch|p1b: Tatsugiri|Tatsugiri, L50, F|100\/100\n|-terastallize|p2a: Espathra|Fairy\n|move|p1a: Flutter Mane|Protect|p1a: Flutter Mane\n|-singleturn|p1a: Flutter Mane|Protect\n|move|p2a: Espathra|Hypnosis|p1b: Tatsugiri\n|-status|p1b: Tatsugiri|slp|[from] move: Hypnosis\n|move|p2b: Sandy Shocks|Thunder|p1a: Flutter Mane\n|-activate|p1a: Flutter Mane|move: Protect\n|\n|-ability|p2a: Espathra|Speed Boost|boost\n|-boost|p2a: Espathra|spe|1\n|upkeep\n|turn|3\n|inactive|Lykazzbylad has 30 seconds left.\n|inactive|WillieDangerously has 30 seconds left.\n|\n|t:|1682433563\n|-end|p1a: Flutter Mane|Protosynthesis|[silent]\n|switch|p1a: Iron Treads|Iron Treads, L50|100\/100\n|switch|p1b: Dondozo|Dondozo, L50, F|100\/100\n|move|p2a: Espathra|Lumina Crash|p1a: Iron Treads\n|-resisted|p1a: Iron Treads\n|-damage|p1a: Iron Treads|86\/100\n|-unboost|p1a: Iron Treads|spd|2\n|move|p2b: Sandy Shocks|Earth Power|p1a: Iron Treads\n|-supereffective|p1a: Iron Treads\n|-damage|p1a: Iron Treads|0 fnt\n|faint|p1a: Iron Treads\n|-end|p1a: Iron Treads|Quark Drive|[silent]\n|\n|-ability|p2a: Espathra|Speed Boost|boost\n|-boost|p2a: Espathra|spe|1\n|upkeep\n|\n|t:|1682433581\n|switch|p1a: Tatsugiri|Tatsugiri, L50, F|100\/100 slp\n|-activate|p1a: Tatsugiri|ability: Commander|[of] p1b: Dondozo\n|-boost|p1b: Dondozo|atk|2\n|-boost|p1b: Dondozo|spa|2\n|-boost|p1b: Dondozo|spe|2\n|-boost|p1b: Dondozo|def|2\n|-boost|p1b: Dondozo|spd|2\n|turn|4\n|\n|t:|1682433596\n|-terastallize|p1b: Dondozo|Grass\n|move|p2a: Espathra|Hypnosis|p1b: Dondozo\n|-status|p1b: Dondozo|slp|[from] move: Hypnosis\n|move|p2b: Sandy Shocks|Thunder|p1b: Dondozo\n|-resisted|p1b: Dondozo\n|-damage|p1b: Dondozo|92\/100 slp\n|cant|p1b: Dondozo|slp\n|\n|-ability|p2a: Espathra|Speed Boost|boost\n|-boost|p2a: Espathra|spe|1\n|upkeep\n|turn|5\n|\n|t:|1682433614\n|move|p2a: Espathra|Lumina Crash|p1b: Dondozo\n|-damage|p1b: Dondozo|81\/100 slp\n|-unboost|p1b: Dondozo|spd|2\n|move|p2b: Sandy Shocks|Thunder|p1b: Dondozo\n|-resisted|p1b: Dondozo\n|-damage|p1b: Dondozo|63\/100 slp\n|cant|p1b: Dondozo|slp\n|\n|-fieldend|move: Gravity\n|-ability|p2a: Espathra|Speed Boost|boost\n|-boost|p2a: Espathra|spe|1\n|upkeep\n|turn|6\n|\n|t:|1682433634\n|move|p2b: Sandy Shocks|Protect|p2b: Sandy Shocks\n|-singleturn|p2b: Sandy Shocks|Protect\n|move|p2a: Espathra|Lumina Crash|p1b: Dondozo\n|-damage|p1b: Dondozo|42\/100 slp\n|-unboost|p1b: Dondozo|spd|2\n|-enditem|p1b: Dondozo|Sitrus Berry|[eat]\n|-heal|p1b: Dondozo|67\/100 slp|[from] item: Sitrus Berry\n|-curestatus|p1b: Dondozo|slp|[msg]\n|move|p1b: Dondozo|Liquidation|p2b: Sandy Shocks\n|-activate|p2b: Sandy Shocks|move: Protect\n|\n|-ability|p2a: Espathra|Speed Boost|boost\n|-boost|p2a: Espathra|spe|1\n|upkeep\n|turn|7\n|-message|Lykazzbylad forfeited.\n|\n|win|WillieDangerously\n|raw|Lykazzbylad's rating: 1000 → 1000<\/strong> (+0 for losing)\n|raw|WillieDangerously's rating: 1117 → 1134<\/strong> (+17 for winning)\n|l|\u2606Lykazzbylad\n","uploadtime":1682433651,"views":10,"p1id":"lykazzbylad","p2id":"williedangerously","formatid":"gen9vgc2023regulationc","rating":1000,"private":0,"password":""}