{"id":"gen9vgc2023regulationc-1863227179","p1":"adrpen","p2":"ngocang","format":"[Gen 9] VGC 2023 Regulation C","log":"|j|\u2606adrpen\n|j|\u2606ngocang\n|t:|1683990899\n|gametype|doubles\n|player|p1|adrpen|boarder|1151\n|player|p2|ngocang|hilda-wonderlauncher|1170\n|teamsize|p1|6\n|teamsize|p2|6\n|gen|9\n|tier|[Gen 9] VGC 2023 Regulation C\n|rated|\n|rule|Species Clause: Limit one of each Pok\u00e9mon\n|rule|Item Clause: Limit one of each item\n|clearpoke\n|poke|p1|Amoonguss, L50, M|\n|poke|p1|Palafin, L50, M|\n|poke|p1|Iron Hands, L50|\n|poke|p1|Arcanine, L50, M|\n|poke|p1|Flutter Mane, L50|\n|poke|p1|Dragonite, L50, M|\n|poke|p2|Hawlucha, L50, M|\n|poke|p2|Indeedee-F, L50, F|\n|poke|p2|Armarouge, L50, M|\n|poke|p2|Palafin, L50, M|\n|poke|p2|Chien-Pao, L50|\n|poke|p2|Sandy Shocks, L50|\n|teampreview|4\n|inactive|Battle timer is ON: inactive players will automatically lose when time's up. (requested by adrpen)\n|inactive|adrpen has 60 seconds left.\n|inactive|ngocang has 60 seconds left.\n|\n|t:|1683990946\n|start\n|switch|p1a: Flutter Mane|Flutter Mane, L50|100\/100\n|switch|p1b: Amoonguss|Amoonguss, L50, M, shiny|100\/100\n|switch|p2a: Palafin|Palafin, L50, M, shiny|100\/100\n|switch|p2b: Chien-Pao|Chien-Pao, L50|100\/100\n|-ability|p2b: Chien-Pao|Sword of Ruin\n|-enditem|p1a: Flutter Mane|Booster Energy\n|-activate|p1a: Flutter Mane|ability: Protosynthesis|[fromitem]\n|-start|p1a: Flutter Mane|protosynthesisspa\n|turn|1\n|inactive|adrpen has 30 seconds left.\n|inactive|ngocang has 30 seconds left.\n|inactive|ngocang has 20 seconds left.\n|inactive|ngocang has 15 seconds left.\n|inactive|ngocang has 10 seconds left.\n|\n|t:|1683990994\n|move|p1b: Amoonguss|Protect|p1b: Amoonguss\n|-singleturn|p1b: Amoonguss|Protect\n|move|p2b: Chien-Pao|Ice Spinner|p1a: Flutter Mane\n|-damage|p1a: Flutter Mane|9\/100\n|move|p1a: Flutter Mane|Substitute|p1a: Flutter Mane\n|-fail|p1a: Flutter Mane|move: Substitute|[weak]\n|move|p2a: Palafin|Close Combat|p1b: Amoonguss\n|-activate|p1b: Amoonguss|move: Protect\n|\n|upkeep\n|turn|2\n|c|\u2606ngocang|gg\n|inactive|adrpen has 30 seconds left.\n|\n|t:|1683991020\n|-terastallize|p1b: Amoonguss|Water\n|move|p1b: Amoonguss|Rage Powder|p1b: Amoonguss\n|-singleturn|p1b: Amoonguss|move: Rage Powder\n|move|p2a: Palafin|Jet Punch|p1b: Amoonguss\n|-resisted|p1b: Amoonguss\n|-damage|p1b: Amoonguss|87\/100\n|-damage|p2a: Palafin|84\/100|[from] item: Rocky Helmet|[of] p1b: Amoonguss\n|move|p2b: Chien-Pao|Ice Spinner|p1b: Amoonguss\n|-resisted|p1b: Amoonguss\n|-damage|p1b: Amoonguss|67\/100\n|-damage|p2b: Chien-Pao|84\/100|[from] item: Rocky Helmet|[of] p1b: Amoonguss\n|move|p1a: Flutter Mane|Moonblast|p2b: Chien-Pao\n|-supereffective|p2b: Chien-Pao\n|-damage|p2b: Chien-Pao|0 fnt\n|faint|p2b: Chien-Pao\n|\n|upkeep\n|\n|t:|1683991034\n|switch|p2b: Sandy Shocks|Sandy Shocks, L50|100\/100\n|-enditem|p2b: Sandy Shocks|Booster Energy\n|-activate|p2b: Sandy Shocks|ability: Protosynthesis|[fromitem]\n|-start|p2b: Sandy Shocks|protosynthesisspe\n|turn|3\n|inactive|adrpen has 30 seconds left.\n|\n|t:|1683991060\n|-end|p1a: Flutter Mane|Protosynthesis|[silent]\n|switch|p1a: Dragonite|Dragonite, L50, M|100\/100\n|detailschange|p2a: Palafin|Palafin-Hero, L50, M, shiny\n|switch|p2a: Indeedee|Indeedee-F, L50, F, shiny|100\/100\n|-fieldstart|move: Psychic Terrain|[from] ability: Psychic Surge|[of] p2a: Indeedee\n|move|p1b: Amoonguss|Protect|p1b: Amoonguss\n|-singleturn|p1b: Amoonguss|Protect\n|move|p2b: Sandy Shocks|Thunderbolt|p1a: Dragonite\n|-damage|p1a: Dragonite|79\/100\n|\n|upkeep\n|turn|4\n|inactive|adrpen has 30 seconds left.\n|inactive|ngocang has 30 seconds left.\n|inactive|adrpen has 20 seconds left.\n|inactive|adrpen has 15 seconds left.\n|c|\u2606ngocang|gg\n|inactive|adrpen has 10 seconds left.\n|inactive|adrpen has 5 seconds left.\n|\n|t:|1683991112\n|switch|p1a: Flutter Mane|Flutter Mane, L50|9\/100\n|switch|p1b: Iron Hands|Iron Hands, L50, shiny|100\/100\n|move|p2a: Indeedee|Follow Me|p2a: Indeedee\n|-singleturn|p2a: Indeedee|move: Follow Me\n|move|p2b: Sandy Shocks|Thunderbolt|p1b: Iron Hands\n|-resisted|p1b: Iron Hands\n|-damage|p1b: Iron Hands|89\/100\n|\n|upkeep\n|turn|5\n|inactive|ngocang has 30 seconds left.\n|\n|t:|1683991143\n|-terastallize|p2b: Sandy Shocks|Grass\n|move|p1a: Flutter Mane|Protect|p1a: Flutter Mane\n|-singleturn|p1a: Flutter Mane|Protect\n|move|p2b: Sandy Shocks|Thunderbolt|p1a: Flutter Mane\n|-activate|p1a: Flutter Mane|move: Protect\n|move|p2a: Indeedee|Psychic|p1b: Iron Hands\n|-supereffective|p1b: Iron Hands\n|-damage|p1b: Iron Hands|49\/100\n|move|p1b: Iron Hands|Drain Punch|p2b: Sandy Shocks\n|-damage|p2b: Sandy Shocks|52\/100\n|-heal|p1b: Iron Hands|66\/100|[from] drain|[of] p2b: Sandy Shocks\n|\n|upkeep\n|turn|6\n|inactive|adrpen has 30 seconds left.\n|inactive|adrpen has 20 seconds left.\n|inactive|adrpen has 15 seconds left.\n|\n|t:|1683991185\n|-end|p1b: Iron Hands|Quark Drive|[silent]\n|switch|p1b: Amoonguss|Amoonguss, L50, M, shiny, tera:Water|99\/100\n|move|p2b: Sandy Shocks|Thunderbolt|p1a: Flutter Mane\n|-damage|p1a: Flutter Mane|0 fnt\n|faint|p1a: Flutter Mane\n|-end|p1a: Flutter Mane|Protosynthesis|[silent]\n|move|p2a: Indeedee|Heal Pulse|p2b: Sandy Shocks\n|-heal|p2b: Sandy Shocks|100\/100\n|\n|upkeep\n|\n|t:|1683991195\n|switch|p1a: Dragonite|Dragonite, L50, M|79\/100\n|turn|7\n|c|\u2606ngocang|gg\n|\n|t:|1683991205\n|move|p2a: Indeedee|Follow Me|p2a: Indeedee\n|-singleturn|p2a: Indeedee|move: Follow Me\n|move|p2b: Sandy Shocks|Thunderbolt|p1b: Amoonguss\n|-supereffective|p1b: Amoonguss\n|-damage|p1b: Amoonguss|26\/100\n|move|p1a: Dragonite|Ice Spinner|p2a: Indeedee\n|-damage|p2a: Indeedee|70\/100\n|-fieldend|move: Psychic Terrain\n|move|p1b: Amoonguss|Spore|p2a: Indeedee\n|-activate|p2a: Indeedee|item: Safety Goggles|Spore\n|\n|upkeep\n|turn|8\n|c|\u2606ngocang|gg\n|inactive|adrpen has 30 seconds left.\n|inactive|adrpen has 20 seconds left.\n|inactive|adrpen has 15 seconds left.\n|inactive|adrpen has 10 seconds left.\n|\n|t:|1683991251\n|move|p1b: Amoonguss|Protect|p1b: Amoonguss\n|-singleturn|p1b: Amoonguss|Protect\n|move|p2a: Indeedee|Follow Me|p2a: Indeedee\n|-singleturn|p2a: Indeedee|move: Follow Me\n|move|p2b: Sandy Shocks|Thunderbolt|p1a: Dragonite\n|-damage|p1a: Dragonite|36\/100\n|move|p1a: Dragonite|Earthquake|p2a: Indeedee|[spread] p2a,p2b\n|-activate|p1b: Amoonguss|move: Protect\n|-resisted|p2b: Sandy Shocks\n|-damage|p2a: Indeedee|45\/100\n|-damage|p2b: Sandy Shocks|85\/100\n|\n|upkeep\n|turn|9\n|c|\u2606ngocang|i know you will use protec\n|inactive|ngocang has 30 seconds left.\n|\n|t:|1683991281\n|switch|p1b: Iron Hands|Iron Hands, L50, shiny|66\/100\n|move|p1a: Dragonite|Extreme Speed|p2a: Indeedee\n|-damage|p2a: Indeedee|15\/100\n|move|p2a: Indeedee|Follow Me|p2a: Indeedee\n|-singleturn|p2a: Indeedee|move: Follow Me\n|move|p2b: Sandy Shocks|Thunderbolt|p1b: Iron Hands\n|-resisted|p1b: Iron Hands\n|-damage|p1b: Iron Hands|55\/100\n|\n|upkeep\n|turn|10\n|\n|t:|1683991296\n|move|p2a: Indeedee|Protect|p2a: Indeedee\n|-singleturn|p2a: Indeedee|Protect\n|move|p1b: Iron Hands|Fake Out|p2a: Indeedee\n|-activate|p2a: Indeedee|move: Protect\n|move|p2b: Sandy Shocks|Earth Power|p1b: Iron Hands\n|-supereffective|p1b: Iron Hands\n|-damage|p1b: Iron Hands|10\/100\n|-unboost|p1b: Iron Hands|spd|1\n|move|p1a: Dragonite|Ice Spinner|p2b: Sandy Shocks\n|-supereffective|p2b: Sandy Shocks\n|-damage|p2b: Sandy Shocks|21\/100\n|\n|upkeep\n|turn|11\n|inactive|adrpen has 30 seconds left.\n|inactive|ngocang has 30 seconds left.\n|inactive|adrpen has 20 seconds left.\n|inactive|adrpen has 15 seconds left.\n|inactive|adrpen has 10 seconds left.\n|\n|t:|1683991342\n|-end|p1b: Iron Hands|Quark Drive|[silent]\n|switch|p1b: Amoonguss|Amoonguss, L50, M, shiny, tera:Water|59\/100\n|move|p2b: Sandy Shocks|Protect|p2b: Sandy Shocks\n|-singleturn|p2b: Sandy Shocks|Protect\n|move|p1a: Dragonite|Extreme Speed|p2a: Indeedee\n|-damage|p2a: Indeedee|0 fnt\n|faint|p2a: Indeedee\n|\n|upkeep\n|\n|t:|1683991350\n|switch|p2a: Palafin|Palafin-Hero, L50, M, shiny|84\/100\n|-activate|p2a: Palafin|ability: Zero to Hero\n|turn|12\n|inactive|ngocang has 30 seconds left.\n|\n|t:|1683991382\n|move|p2b: Sandy Shocks|Protect||[still]\n|-fail|p2b: Sandy Shocks\n|move|p1a: Dragonite|Extreme Speed|p2b: Sandy Shocks\n|-damage|p2b: Sandy Shocks|0 fnt\n|faint|p2b: Sandy Shocks\n|-end|p2b: Sandy Shocks|Protosynthesis|[silent]\n|move|p2a: Palafin|Close Combat|p1b: Amoonguss\n|-damage|p1b: Amoonguss|14\/100\n|-unboost|p2a: Palafin|def|1\n|-unboost|p2a: Palafin|spd|1\n|-damage|p2a: Palafin|68\/100|[from] item: Rocky Helmet|[of] p1b: Amoonguss\n|move|p1b: Amoonguss|Spore|p2a: Palafin\n|-status|p2a: Palafin|slp|[from] move: Spore\n|\n|upkeep\n|turn|13\n|-message|ngocang forfeited.\n|\n|win|adrpen\n|raw|adrpen's rating: 1151 → 1177<\/strong> (+26 for winning)\n|raw|ngocang's rating: 1170 → 1144<\/strong> (-26 for losing)\n|l|\u2606ngocang\n|c|\u2606adrpen|GG ?\n|l|\u2606adrpen\n|j|\u2606adrpen\n|player|p1|adrpen|boarder\n","uploadtime":1683991587,"views":2,"p1id":"adrpen","p2id":"ngocang","formatid":"gen9vgc2023regulationc","rating":1144,"private":0,"password":""}