{"id":"gen9vgc2023regulationc-1849457763","p1":"Vikx_VGC","p2":"v4mpire","format":"[Gen 9] VGC 2023 Regulation C","log":"|j|\u2606Vikx_VGC\n|j|\u2606v4mpire\n|t:|1682200727\n|gametype|doubles\n|player|p1|Vikx_VGC|n|1213\n|player|p2|v4mpire|n|1259\n|teamsize|p1|6\n|teamsize|p2|6\n|gen|9\n|tier|[Gen 9] VGC 2023 Regulation C\n|rated|\n|rule|Species Clause: Limit one of each Pok\u00e9mon\n|rule|Item Clause: Limit one of each item\n|clearpoke\n|poke|p1|Flutter Mane, L50|\n|poke|p1|Chi-Yu, L50|\n|poke|p1|Wo-Chien, L50|\n|poke|p1|Murkrow, L50, F|\n|poke|p1|Kingambit, L50, M|\n|poke|p1|Garchomp, L50, F|\n|poke|p2|Ceruledge, L50, M|\n|poke|p2|Brute Bonnet, L50|\n|poke|p2|Azumarill, L50, M|\n|poke|p2|Flutter Mane, L50|\n|poke|p2|Tyranitar, L50, M|\n|poke|p2|Talonflame, L50, M|\n|teampreview|4\n|inactive|Battle timer is ON: inactive players will automatically lose when time's up. (requested by Vikx_VGC)\nv4mpire rejected open team sheets.\n|inactive|Vikx_VGC has 60 seconds left.\n|inactive|Vikx_VGC has 30 seconds left.\n|inactive|Vikx_VGC has 20 seconds left.\n|inactive|Vikx_VGC has 15 seconds left.\n|inactive|Vikx_VGC has 10 seconds left.\n|inactive|Vikx_VGC has 5 seconds left.\n|\n|t:|1682200815\n|start\n|switch|p1a: Kingambit|Kingambit, L50, M, shiny|100\/100\n|switch|p1b: Garchomp|Garchomp, L50, F, shiny|100\/100\n|switch|p2a: Tyranitar|Tyranitar, L50, M|100\/100\n|switch|p2b: Talonflame|Talonflame, L50, M|100\/100\n|-weather|Sandstorm|[from] ability: Sand Stream|[of] p2a: Tyranitar\n|turn|1\n|\n|t:|1682200843\n|-terastallize|p2a: Tyranitar|Rock\n|move|p1b: Garchomp|Protect|p1b: Garchomp\n|-singleturn|p1b: Garchomp|Protect\n|move|p2b: Talonflame|Tailwind|p2b: Talonflame\n|-sidestart|p2: v4mpire|move: Tailwind\n|move|p2a: Tyranitar|Rock Slide|p1b: Garchomp|[spread] p1a\n|-activate|p1b: Garchomp|move: Protect\n|-resisted|p1a: Kingambit\n|-damage|p1a: Kingambit|74\/100\n|cant|p1a: Kingambit|flinch\n|\n|-weather|Sandstorm|[upkeep]\n|upkeep\n|turn|2\n|inactive|v4mpire has 30 seconds left.\n|inactive|v4mpire has 20 seconds left.\n|\n|t:|1682200881\n|move|p2b: Talonflame|Taunt|p1b: Garchomp\n|-start|p1b: Garchomp|move: Taunt\n|move|p2a: Tyranitar|Rock Slide|p1a: Kingambit|[spread] p1a,p1b\n|-resisted|p1a: Kingambit\n|-resisted|p1b: Garchomp\n|-damage|p1a: Kingambit|51\/100\n|-damage|p1b: Garchomp|69\/100\n|cant|p1b: Garchomp|flinch\n|cant|p1a: Kingambit|flinch\n|\n|-weather|Sandstorm|[upkeep]\n|upkeep\n|turn|3\n|c|\u2606Vikx_VGC|Won bc of luck\n|c|\u2606Vikx_VGC|I already loss dude\n|inactive|Vikx_VGC has 30 seconds left.\n|\n|t:|1682200912\n|move|p2b: Talonflame|Brave Bird|p1a: Kingambit\n|-resisted|p1a: Kingambit\n|-damage|p1a: Kingambit|38\/100\n|-enditem|p1a: Kingambit|Sitrus Berry|[eat]\n|-heal|p1a: Kingambit|62\/100|[from] item: Sitrus Berry\n|-damage|p2b: Talonflame|95\/100|[from] Recoil\n|move|p2a: Tyranitar|Rock Slide|p1b: Garchomp|[spread] p1a,p1b\n|-resisted|p1a: Kingambit\n|-crit|p1a: Kingambit\n|-resisted|p1b: Garchomp\n|-damage|p1a: Kingambit|27\/100\n|-damage|p1b: Garchomp|37\/100\n|move|p1b: Garchomp|Rock Slide|p2b: Talonflame|[spread] p2a,p2b\n|-supereffective|p2b: Talonflame\n|-damage|p2a: Tyranitar|79\/100\n|-damage|p2b: Talonflame|0 fnt\n|faint|p2b: Talonflame\n|-damage|p1b: Garchomp|27\/100|[from] item: Life Orb\n|move|p1a: Kingambit|Swords Dance|p1a: Kingambit\n|-boost|p1a: Kingambit|atk|2\n|\n|-weather|Sandstorm|[upkeep]\n|upkeep\n|\n|t:|1682200934\n|switch|p2b: Azumarill|Azumarill, L50, M|100\/100\n|turn|4\n|inactive|Vikx_VGC has 30 seconds left.\n|inactive|Vikx_VGC has 20 seconds left.\n|inactive|Vikx_VGC has 15 seconds left.\n|\n|t:|1682200976\n|move|p1a: Kingambit|Protect|p1a: Kingambit\n|-singleturn|p1a: Kingambit|Protect\n|move|p2b: Azumarill|Aqua Jet|p1a: Kingambit\n|-activate|p1a: Kingambit|move: Protect\n|move|p2a: Tyranitar|Rock Slide|p1a: Kingambit|[spread] p1b\n|-activate|p1a: Kingambit|move: Protect\n|-resisted|p1b: Garchomp\n|-damage|p1b: Garchomp|0 fnt\n|faint|p1b: Garchomp\n|\n|-weather|Sandstorm|[upkeep]\n|-damage|p2b: Azumarill|95\/100|[from] Sandstorm\n|-sideend|p2: v4mpire|move: Tailwind\n|upkeep\n|\n|t:|1682200996\n|switch|p1b: Flutter Mane|Flutter Mane, L50, shiny|100\/100\n|turn|5\n|\n|t:|1682201008\n|-terastallize|p1b: Flutter Mane|Water\n|move|p2b: Azumarill|Aqua Jet|p1a: Kingambit\n|-damage|p1a: Kingambit|6\/100\n|move|p1a: Kingambit|Sucker Punch|p2a: Tyranitar\n|-damage|p2a: Tyranitar|14\/100\n|move|p1b: Flutter Mane|Dazzling Gleam|p2a: Tyranitar|[spread] p2a,p2b\n|-damage|p2a: Tyranitar|0 fnt\n|-damage|p2b: Azumarill|66\/100\n|faint|p2a: Tyranitar\n|\n|-weather|none\n|upkeep\n|\n|t:|1682201019\n|switch|p2a: Flutter Mane|Flutter Mane, L50|100\/100\n|turn|6\n|\n|t:|1682201049\n|move|p1a: Kingambit|Protect|p1a: Kingambit\n|-singleturn|p1a: Kingambit|Protect\n|move|p2b: Azumarill|Aqua Jet|p1a: Kingambit\n|-activate|p1a: Kingambit|move: Protect\n|move|p2a: Flutter Mane|Psyshock|p1b: Flutter Mane\n|-damage|p1b: Flutter Mane|39\/100\n|move|p1b: Flutter Mane|Dazzling Gleam|p2a: Flutter Mane|[spread] p2a,p2b\n|-crit|p2a: Flutter Mane\n|-damage|p2a: Flutter Mane|25\/100\n|-damage|p2b: Azumarill|37\/100\n|\n|upkeep\n|turn|7\n|\n|t:|1682201063\n|move|p2b: Azumarill|Aqua Jet|p1a: Kingambit\n|-damage|p1a: Kingambit|0 fnt\n|faint|p1a: Kingambit\n|move|p2a: Flutter Mane|Psyshock|p1b: Flutter Mane\n|-damage|p1b: Flutter Mane|0 fnt\n|faint|p1b: Flutter Mane\n|-end|p1b: Flutter Mane|Protosynthesis|[silent]\n|\n|upkeep\n|\n|t:|1682201069\n|switch|p1b: Chi-Yu|Chi-Yu, L50|100\/100\n|-ability|p1b: Chi-Yu|Beads of Ruin\n|turn|8\n|\n|t:|1682201076\n|move|p2b: Azumarill|Aqua Jet|p1b: Chi-Yu\n|-supereffective|p1b: Chi-Yu\n|-damage|p1b: Chi-Yu|13\/100\n|move|p1b: Chi-Yu|Heat Wave|p2b: Azumarill|[spread] p2a,p2b\n|-resisted|p2b: Azumarill\n|-crit|p2b: Azumarill\n|-damage|p2a: Flutter Mane|0 fnt\n|-damage|p2b: Azumarill|10\/100\n|faint|p2a: Flutter Mane\n|-end|p2a: Flutter Mane|Protosynthesis|[silent]\n|\n|upkeep\n|turn|9\n|\n|t:|1682201085\n|move|p2b: Azumarill|Aqua Jet|p1b: Chi-Yu\n|-supereffective|p1b: Chi-Yu\n|-damage|p1b: Chi-Yu|0 fnt\n|faint|p1b: Chi-Yu\n|\n|win|v4mpire\n|raw|Vikx_VGC's rating: 1213 → 1191<\/strong> (-22 for losing)\n|raw|v4mpire's rating: 1259 → 1281<\/strong> (+22 for winning)\n|c|\u2606v4mpire|gg\n|c|\u2606Vikx_VGC|Nice 3 flincher bro\n","uploadtime":1682201094,"views":11,"p1id":"vikxvgc","p2id":"v4mpire","formatid":"gen9vgc2023regulationc","rating":1191,"private":0,"password":""}