{"id":"gen9vgc2023regulationc-1848677158","p1":"The drestroyer","p2":"mogulmoves1","format":"[Gen 9] VGC 2023 Regulation C","log":"|j|\u2606The drestroyer\n|j|\u2606mogulmoves1\n|t:|1682099978\n|gametype|doubles\n|player|p1|The drestroyer|266|1224\n|player|p2|mogulmoves1|grimsley|1187\n|teamsize|p1|6\n|teamsize|p2|6\n|gen|9\n|tier|[Gen 9] VGC 2023 Regulation C\n|rated|\n|rule|Species Clause: Limit one of each Pok\u00e9mon\n|rule|Item Clause: Limit one of each item\n|clearpoke\n|poke|p1|Farigiraf, L50, M|\n|poke|p1|Breloom, L50, M|\n|poke|p1|Azumarill, L50, F|\n|poke|p1|Corviknight, L50, M|\n|poke|p1|Sableye, L50, M|\n|poke|p1|Sandy Shocks, L50|\n|poke|p2|Chi-Yu, L50|\n|poke|p2|Dachsbun, L50, F|\n|poke|p2|Dragonite, L50, F|\n|poke|p2|Flutter Mane, L50|\n|poke|p2|Azumarill, L50, F|\n|poke|p2|Chien-Pao, L50|\n|teampreview|4\n|inactive|Battle timer is ON: inactive players will automatically lose when time's up. (requested by mogulmoves1)\n|inactive|The drestroyer has 60 seconds left.\n|inactive|mogulmoves1 has 60 seconds left.\n|\n|t:|1682100019\n|start\n|switch|p1a: Breloom|Breloom, L50, M|100\/100\n|switch|p1b: Azumarill|Azumarill, L50, F|100\/100\n|switch|p2a: Chi-Yu|Chi-Yu, L50|100\/100\n|switch|p2b: Dachsbun|Dachsbun, L50, F, shiny|100\/100\n|-ability|p2a: Chi-Yu|Beads of Ruin\n|turn|1\n|\n|t:|1682100030\n|-terastallize|p2a: Chi-Yu|Ghost\n|move|p1a: Breloom|Mach Punch|p2a: Chi-Yu\n|-immune|p2a: Chi-Yu\n|move|p1b: Azumarill|Aqua Jet|p2a: Chi-Yu\n|-damage|p2a: Chi-Yu|36\/100\n|move|p2a: Chi-Yu|Lava Plume|p1a: Breloom|[spread] p1a,p1b\n|-ability|p2b: Dachsbun|Well-Baked Body|boost\n|-boost|p2b: Dachsbun|def|2\n|-supereffective|p1a: Breloom\n|-resisted|p1b: Azumarill\n|-enditem|p1a: Breloom|Focus Sash\n|-damage|p1a: Breloom|1\/100\n|-damage|p1b: Azumarill|78\/100\n|move|p2b: Dachsbun|Body Press|p1a: Breloom\n|-damage|p1a: Breloom|0 fnt\n|faint|p1a: Breloom\n|\n|upkeep\n|inactive|The drestroyer has 30 seconds left.\n|\n|t:|1682100055\n|switch|p1a: Farigiraf|Farigiraf, L50, M|100\/100\n|turn|2\n|\n|t:|1682100070\n|switch|p2a: Azumarill|Azumarill, L50, F, shiny|100\/100\n|move|p1b: Azumarill|Aqua Jet|p2a: Azumarill\n|-resisted|p2a: Azumarill\n|-damage|p2a: Azumarill|79\/100\n|move|p2b: Dachsbun|Body Press|p1a: Farigiraf\n|-damage|p1a: Farigiraf|64\/100\n|move|p1a: Farigiraf|Hyper Voice|p2a: Azumarill|[spread] p2a,p2b\n|-damage|p2a: Azumarill|46\/100\n|-damage|p2b: Dachsbun|71\/100\n|-enditem|p1a: Farigiraf|Throat Spray\n|-boost|p1a: Farigiraf|spa|1|[from] item: Throat Spray\n|\n|-heal|p2b: Dachsbun|77\/100|[from] item: Leftovers\n|upkeep\n|turn|3\n|inactive|mogulmoves1 has 30 seconds left.\n|inactive|mogulmoves1 has 20 seconds left.\n|inactive|mogulmoves1 has 15 seconds left.\n|\n|t:|1682100111\n|switch|p1b: Corviknight|Corviknight, L50, M|100\/100\n|move|p2a: Azumarill|Protect|p2a: Azumarill\n|-singleturn|p2a: Azumarill|Protect\n|move|p2b: Dachsbun|Body Press|p1a: Farigiraf\n|-damage|p1a: Farigiraf|26\/100\n|move|p1a: Farigiraf|Hyper Voice|p2b: Dachsbun|[spread] p2b\n|-activate|p2a: Azumarill|move: Protect\n|-damage|p2b: Dachsbun|35\/100\n|\n|-heal|p2b: Dachsbun|41\/100|[from] item: Leftovers\n|upkeep\n|turn|4\n|\n|t:|1682100126\n|move|p1a: Farigiraf|Protect|p1a: Farigiraf\n|-singleturn|p1a: Farigiraf|Protect\n|move|p2a: Azumarill|Aqua Jet||[still]\n|cant|p1a: Farigiraf|ability: Armor Tail|Aqua Jet|[of] p2a: Azumarill\n|move|p2b: Dachsbun|Wish|p2b: Dachsbun\n|move|p1b: Corviknight|Bulk Up|p1b: Corviknight\n|-boost|p1b: Corviknight|atk|1\n|-boost|p1b: Corviknight|def|1\n|\n|-heal|p2b: Dachsbun|47\/100|[from] item: Leftovers\n|upkeep\n|turn|5\n|\n|t:|1682100144\n|move|p2b: Dachsbun|Protect|p2b: Dachsbun\n|-singleturn|p2b: Dachsbun|Protect\n|move|p2a: Azumarill|Aqua Jet||[still]\n|cant|p1a: Farigiraf|ability: Armor Tail|Aqua Jet|[of] p2a: Azumarill\n|move|p1b: Corviknight|Drill Peck|p2a: Azumarill\n|-damage|p2a: Azumarill|7\/100\n|move|p1a: Farigiraf|Hyper Voice|p2a: Azumarill|[spread] p2a\n|-activate|p2b: Dachsbun|move: Protect\n|-damage|p2a: Azumarill|0 fnt\n|faint|p2a: Azumarill\n|\n|-heal|p2b: Dachsbun|97\/100|[from] move: Wish|[wisher] Dachsbun\n|-heal|p2b: Dachsbun|100\/100|[from] item: Leftovers\n|upkeep\n|\n|t:|1682100160\n|switch|p2a: Chi-Yu|Chi-Yu, L50, tera:Ghost|36\/100\n|-ability|p2a: Chi-Yu|Beads of Ruin\n|turn|6\n|\n|t:|1682100170\n|-terastallize|p1b: Corviknight|Fire\n|move|p1a: Farigiraf|Protect|p1a: Farigiraf\n|-singleturn|p1a: Farigiraf|Protect\n|move|p2a: Chi-Yu|Lava Plume|p1a: Farigiraf|[spread] p1b\n|-activate|p1a: Farigiraf|move: Protect\n|-ability|p2b: Dachsbun|Well-Baked Body|boost\n|-boost|p2b: Dachsbun|def|2\n|-resisted|p1b: Corviknight\n|-damage|p1b: Corviknight|83\/100\n|move|p2b: Dachsbun|Body Press|p1b: Corviknight\n|-damage|p1b: Corviknight|53\/100\n|move|p1b: Corviknight|Drill Peck|p2a: Chi-Yu\n|-damage|p2a: Chi-Yu|0 fnt\n|faint|p2a: Chi-Yu\n|\n|-heal|p1b: Corviknight|59\/100|[from] item: Leftovers\n|upkeep\n|\n|t:|1682100176\n|switch|p2a: Dragonite|Dragonite, L50, F, shiny|100\/100\n|turn|7\n|\n|t:|1682100192\n|move|p2a: Dragonite|Protect|p2a: Dragonite\n|-singleturn|p2a: Dragonite|Protect\n|move|p2b: Dachsbun|Body Press|p1a: Farigiraf\n|-damage|p1a: Farigiraf|0 fnt\n|faint|p1a: Farigiraf\n|move|p1b: Corviknight|Roost|p1b: Corviknight\n|-heal|p1b: Corviknight|100\/100\n|\n|upkeep\n|\n|t:|1682100200\n|switch|p1a: Azumarill|Azumarill, L50, F|78\/100\n|turn|8\n|\n|t:|1682100211\n|move|p2b: Dachsbun|Body Press|p1b: Corviknight\n|-damage|p1b: Corviknight|70\/100\n|move|p2a: Dragonite|Iron Head|p1a: Azumarill\n|-damage|p1a: Azumarill|42\/100\n|move|p1b: Corviknight|Bulk Up|p1b: Corviknight\n|-boost|p1b: Corviknight|atk|1\n|-boost|p1b: Corviknight|def|1\n|move|p1a: Azumarill|Play Rough|p2a: Dragonite|[miss]\n|-miss|p1a: Azumarill|p2a: Dragonite\n|\n|-heal|p1b: Corviknight|76\/100|[from] item: Leftovers\n|upkeep\n|turn|9\n|l|\u2606The drestroyer\n|inactive|The drestroyer disconnected and has a minute to reconnect!\n|player|p1|\n|j|\u2606The drestroyer\n|inactive|The drestroyer reconnected and has 35 seconds left.\n|player|p1|The drestroyer|266\n|inactive|The drestroyer has 30 seconds left.\n|inactive|The drestroyer has 20 seconds left.\n|\n|t:|1682100249\n|move|p2b: Dachsbun|Body Press|p1a: Azumarill\n|-resisted|p1a: Azumarill\n|-damage|p1a: Azumarill|10\/100\n|move|p2a: Dragonite|Iron Head|p1a: Azumarill\n|-damage|p1a: Azumarill|0 fnt\n|faint|p1a: Azumarill\n|move|p1b: Corviknight|Bulk Up|p1b: Corviknight\n|-boost|p1b: Corviknight|atk|1\n|-boost|p1b: Corviknight|def|1\n|\n|-heal|p1b: Corviknight|81\/100|[from] item: Leftovers\n|upkeep\n|turn|10\n|inactive|mogulmoves1 has 30 seconds left.\n|\n|t:|1682100276\n|move|p2b: Dachsbun|Body Press|p1b: Corviknight\n|-damage|p1b: Corviknight|62\/100\n|move|p2a: Dragonite|Tera Blast|p1b: Corviknight\n|-damage|p1b: Corviknight|47\/100\n|move|p1b: Corviknight|Bulk Up|p1b: Corviknight\n|-boost|p1b: Corviknight|atk|1\n|-boost|p1b: Corviknight|def|1\n|\n|-heal|p1b: Corviknight|53\/100|[from] item: Leftovers\n|upkeep\n|turn|11\n|\n|t:|1682100288\n|move|p1b: Corviknight|Protect|p1b: Corviknight\n|-singleturn|p1b: Corviknight|Protect\n|move|p2b: Dachsbun|Body Press|p1b: Corviknight\n|-activate|p1b: Corviknight|move: Protect\n|move|p2a: Dragonite|Tera Blast|p1b: Corviknight\n|-activate|p1b: Corviknight|move: Protect\n|\n|-heal|p1b: Corviknight|59\/100|[from] item: Leftovers\n|upkeep\n|turn|12\n|\n|t:|1682100296\n|move|p2b: Dachsbun|Yawn|p1b: Corviknight\n|-start|p1b: Corviknight|move: Yawn|[of] p2b: Dachsbun\n|move|p2a: Dragonite|Tera Blast|p1b: Corviknight\n|-damage|p1b: Corviknight|44\/100\n|move|p1b: Corviknight|Roost|p1b: Corviknight\n|-heal|p1b: Corviknight|95\/100\n|\n|-heal|p1b: Corviknight|100\/100|[from] item: Leftovers\n|upkeep\n|turn|13\n|\n|t:|1682100321\n|move|p2b: Dachsbun|Wish|p2b: Dachsbun\n|move|p2a: Dragonite|Iron Head|p1b: Corviknight\n|-resisted|p1b: Corviknight\n|-damage|p1b: Corviknight|97\/100\n|move|p1b: Corviknight|Bulk Up|p1b: Corviknight\n|-boost|p1b: Corviknight|atk|1\n|-boost|p1b: Corviknight|def|1\n|\n|-heal|p1b: Corviknight|100\/100|[from] item: Leftovers\n|-end|p1b: Corviknight|move: Yawn|[silent]\n|-status|p1b: Corviknight|slp\n|upkeep\n|turn|14\n|\n|t:|1682100335\n|move|p2b: Dachsbun|Body Press|p1b: Corviknight\n|-damage|p1b: Corviknight|86\/100 slp\n|move|p2a: Dragonite|Tera Blast|p1b: Corviknight\n|-damage|p1b: Corviknight|74\/100 slp\n|cant|p1b: Corviknight|slp\n|\n|-heal|p1b: Corviknight|80\/100 slp|[from] item: Leftovers\n|upkeep\n|turn|15\n|\n|t:|1682100344\n|move|p2b: Dachsbun|Body Press|p1b: Corviknight\n|-damage|p1b: Corviknight|65\/100 slp\n|move|p2a: Dragonite|Tera Blast|p1b: Corviknight\n|-damage|p1b: Corviknight|51\/100 slp\n|cant|p1b: Corviknight|slp\n|\n|-heal|p1b: Corviknight|57\/100 slp|[from] item: Leftovers\n|upkeep\n|turn|16\n|\n|t:|1682100355\n|move|p2b: Dachsbun|Body Press|p1b: Corviknight\n|-damage|p1b: Corviknight|43\/100 slp\n|move|p2a: Dragonite|Tera Blast|p1b: Corviknight\n|-damage|p1b: Corviknight|30\/100 slp\n|cant|p1b: Corviknight|slp\n|\n|-heal|p1b: Corviknight|36\/100 slp|[from] item: Leftovers\n|upkeep\n|turn|17\n|\n|t:|1682100361\n|move|p2b: Dachsbun|Body Press|p1b: Corviknight\n|-damage|p1b: Corviknight|22\/100 slp\n|move|p2a: Dragonite|Tera Blast|p1b: Corviknight\n|-damage|p1b: Corviknight|9\/100 slp\n|-curestatus|p1b: Corviknight|slp|[msg]\n|move|p1b: Corviknight|Roost|p1b: Corviknight\n|-heal|p1b: Corviknight|59\/100\n|\n|-heal|p1b: Corviknight|65\/100|[from] item: Leftovers\n|upkeep\n|turn|18\n|\n|t:|1682100370\n|move|p1b: Corviknight|Protect|p1b: Corviknight\n|-singleturn|p1b: Corviknight|Protect\n|move|p2b: Dachsbun|Yawn|p1b: Corviknight\n|-activate|p1b: Corviknight|move: Protect\n|move|p2a: Dragonite|Iron Head|p1b: Corviknight\n|-activate|p1b: Corviknight|move: Protect\n|\n|-heal|p1b: Corviknight|71\/100|[from] item: Leftovers\n|upkeep\n|turn|19\n|\n|t:|1682100381\n|move|p2b: Dachsbun|Yawn|p1b: Corviknight\n|-start|p1b: Corviknight|move: Yawn|[of] p2b: Dachsbun\n|move|p2a: Dragonite|Iron Head|p1b: Corviknight\n|-resisted|p1b: Corviknight\n|-damage|p1b: Corviknight|68\/100\n|move|p1b: Corviknight|Roost|p1b: Corviknight\n|-heal|p1b: Corviknight|100\/100\n|\n|upkeep\n|turn|20\n|\n|t:|1682100394\n|move|p2b: Dachsbun|Body Press|p1b: Corviknight\n|-damage|p1b: Corviknight|87\/100\n|move|p2a: Dragonite|Tera Blast|p1b: Corviknight\n|-damage|p1b: Corviknight|74\/100\n|move|p1b: Corviknight|Bulk Up|p1b: Corviknight\n|-boost|p1b: Corviknight|atk|1\n|-boost|p1b: Corviknight|def|1\n|\n|-heal|p1b: Corviknight|80\/100|[from] item: Leftovers\n|-end|p1b: Corviknight|move: Yawn|[silent]\n|-status|p1b: Corviknight|slp\n|upkeep\n|turn|21\n|inactive|The drestroyer has 30 seconds left.\n|inactive|The drestroyer has 20 seconds left.\n|inactive|The drestroyer has 15 seconds left.\n|\n|t:|1682100436\n|move|p2b: Dachsbun|Body Press|p1b: Corviknight\n|-damage|p1b: Corviknight|69\/100 slp\n|move|p2a: Dragonite|Tera Blast|p1b: Corviknight\n|-damage|p1b: Corviknight|56\/100 slp\n|cant|p1b: Corviknight|slp\n|\n|-heal|p1b: Corviknight|62\/100 slp|[from] item: Leftovers\n|upkeep\n|turn|22\n|\n|t:|1682100443\n|move|p2b: Dachsbun|Body Press|p1b: Corviknight\n|-damage|p1b: Corviknight|49\/100 slp\n|move|p2a: Dragonite|Tera Blast|p1b: Corviknight\n|-damage|p1b: Corviknight|34\/100 slp\n|cant|p1b: Corviknight|slp\n|\n|-heal|p1b: Corviknight|40\/100 slp|[from] item: Leftovers\n|upkeep\n|turn|23\n|\n|t:|1682100452\n|move|p2b: Dachsbun|Yawn||[still]\n|-fail|p2b: Dachsbun\n|move|p2a: Dragonite|Iron Head|p1b: Corviknight\n|-resisted|p1b: Corviknight\n|-damage|p1b: Corviknight|37\/100 slp\n|cant|p1b: Corviknight|slp\n|\n|-heal|p1b: Corviknight|43\/100 slp|[from] item: Leftovers\n|upkeep\n|turn|24\n|\n|t:|1682100461\n|move|p2b: Dachsbun|Yawn||[still]\n|-fail|p2b: Dachsbun\n|move|p2a: Dragonite|Tera Blast|p1b: Corviknight\n|-damage|p1b: Corviknight|30\/100 slp\n|-curestatus|p1b: Corviknight|slp|[msg]\n|move|p1b: Corviknight|Roost|p1b: Corviknight\n|-heal|p1b: Corviknight|80\/100\n|\n|-heal|p1b: Corviknight|86\/100|[from] item: Leftovers\n|upkeep\n|turn|25\n|\n|t:|1682100469\n|move|p2a: Dragonite|Protect|p2a: Dragonite\n|-singleturn|p2a: Dragonite|Protect\n|move|p1b: Corviknight|Protect|p1b: Corviknight\n|-singleturn|p1b: Corviknight|Protect\n|move|p2b: Dachsbun|Wish|p2b: Dachsbun\n|\n|-heal|p1b: Corviknight|92\/100|[from] item: Leftovers\n|upkeep\n|turn|26\n|inactive|mogulmoves1 has 30 seconds left.\n|\n|t:|1682100496\n|move|p2a: Dragonite|Protect||[still]\n|-fail|p2a: Dragonite\n|move|p2b: Dachsbun|Yawn|p1b: Corviknight\n|-start|p1b: Corviknight|move: Yawn|[of] p2b: Dachsbun\n|move|p1b: Corviknight|Drill Peck|p2a: Dragonite\n|-damage|p2a: Dragonite|52\/100\n|\n|-heal|p1b: Corviknight|98\/100|[from] item: Leftovers\n|upkeep\n|turn|27\n|\n|t:|1682100509\n|move|p2a: Dragonite|Protect|p2a: Dragonite\n|-singleturn|p2a: Dragonite|Protect\n|move|p2b: Dachsbun|Wish|p2b: Dachsbun\n|move|p1b: Corviknight|Roost|p1b: Corviknight\n|-heal|p1b: Corviknight|100\/100\n|\n|-end|p1b: Corviknight|move: Yawn|[silent]\n|-status|p1b: Corviknight|slp\n|upkeep\n|turn|28\n|\n|t:|1682100521\n|move|p2b: Dachsbun|Protect|p2b: Dachsbun\n|-singleturn|p2b: Dachsbun|Protect\n|move|p2a: Dragonite|Tera Blast|p1b: Corviknight\n|-damage|p1b: Corviknight|87\/100 slp\n|cant|p1b: Corviknight|slp\n|\n|-heal|p1b: Corviknight|93\/100 slp|[from] item: Leftovers\n|upkeep\n|turn|29\n|\n|t:|1682100530\n|move|p2a: Dragonite|Extreme Speed|p1b: Corviknight\n|-damage|p1b: Corviknight|86\/100 slp\n|move|p2b: Dachsbun|Yawn||[still]\n|-fail|p2b: Dachsbun\n|cant|p1b: Corviknight|slp\n|\n|-heal|p1b: Corviknight|92\/100 slp|[from] item: Leftovers\n|upkeep\n|turn|30\n|\n|t:|1682100537\n|move|p2b: Dachsbun|Wish|p2b: Dachsbun\n|move|p2a: Dragonite|Iron Head|p1b: Corviknight\n|-resisted|p1b: Corviknight\n|-damage|p1b: Corviknight|89\/100 slp\n|-curestatus|p1b: Corviknight|slp|[msg]\n|move|p1b: Corviknight|Drill Peck|p2a: Dragonite\n|-damage|p2a: Dragonite|0 fnt\n|faint|p2a: Dragonite\n|\n|-heal|p1b: Corviknight|95\/100|[from] item: Leftovers\n|upkeep\n|turn|31\n|-message|mogulmoves1 forfeited.\n|\n|win|The drestroyer\n|raw|The drestroyer's rating: 1224 → 1246<\/strong> (+22 for winning)\n|raw|mogulmoves1's rating: 1187 → 1165<\/strong> (-22 for losing)\n|l|\u2606mogulmoves1\n","uploadtime":1682100555,"views":11,"p1id":"thedrestroyer","p2id":"mogulmoves1","formatid":"gen9vgc2023regulationc","rating":1165,"private":0,"password":""}