{"id":"gen9vgc2023regulationc-1857978101","p1":"nedacboss","p2":"SavannahPandaVGC","format":"[Gen 9] VGC 2023 Regulation C","log":"|j|\u2606nedacboss\n|j|\u2606SavannahPandaVGC\n|t:|1683255000\n|gametype|doubles\n|player|p1|nedacboss|2|1343\n|player|p2|SavannahPandaVGC|2|1324\n|teamsize|p1|6\n|teamsize|p2|6\n|gen|9\n|tier|[Gen 9] VGC 2023 Regulation C\n|rated|\n|rule|Species Clause: Limit one of each Pok\u00e9mon\n|rule|Item Clause: Limit one of each item\n|clearpoke\n|poke|p1|Palafin, L50, M|\n|poke|p1|Pelipper, L50, M|\n|poke|p1|Quaquaval, L50, M|\n|poke|p1|Torkoal, L50, F|\n|poke|p1|Armarouge, L50, F|\n|poke|p1|Indeedee-F, L50, F|\n|poke|p2|Flutter Mane, L50|\n|poke|p2|Iron Hands, L50|\n|poke|p2|Corviknight, L50, M|\n|poke|p2|Gyarados, L50, M|\n|poke|p2|Chi-Yu, L50|\n|poke|p2|Amoonguss, L50, M|\n|teampreview|4\nSavannahPandaVGC has agreed to open team sheets.\n|inactive|Battle timer is ON: inactive players will automatically lose when time's up. (requested by SavannahPandaVGC)\n|inactive|SavannahPandaVGC has 60 seconds left.\n|inactive|SavannahPandaVGC has 30 seconds left.\n|\n|t:|1683255075\n|start\n|switch|p1a: Armarouge|Armarouge, L50, F|100\/100\n|switch|p1b: Indeedee|Indeedee-F, L50, F|100\/100\n|switch|p2a: Gyarados|Gyarados, L50, M|100\/100\n|switch|p2b: Chi-Yu|Chi-Yu, L50|100\/100\n|-ability|p2b: Chi-Yu|Beads of Ruin\n|-fieldstart|move: Psychic Terrain|[from] ability: Psychic Surge|[of] p1b: Indeedee\n|-ability|p2a: Gyarados|Intimidate|boost\n|-unboost|p1a: Armarouge|atk|1\n|-unboost|p1b: Indeedee|atk|1\n|turn|1\n|\n|t:|1683255098\n|-terastallize|p1a: Armarouge|Fairy\n|move|p1b: Indeedee|Protect|p1b: Indeedee\n|-singleturn|p1b: Indeedee|Protect\n|move|p2b: Chi-Yu|Dark Pulse|p1a: Armarouge\n|-resisted|p1a: Armarouge\n|-damage|p1a: Armarouge|68\/100\n|move|p2a: Gyarados|Taunt|p1b: Indeedee\n|-activate|p1b: Indeedee|move: Protect\n|move|p1a: Armarouge|Aura Sphere|p2b: Chi-Yu\n|-supereffective|p2b: Chi-Yu\n|-damage|p2b: Chi-Yu|46\/100\n|\n|upkeep\n|turn|2\n|inactive|SavannahPandaVGC has 30 seconds left.\n|\n|t:|1683255129\n|move|p2b: Chi-Yu|Protect|p2b: Chi-Yu\n|-singleturn|p2b: Chi-Yu|Protect\n|move|p1b: Indeedee|Psychic|p2a: Gyarados\n|-damage|p2a: Gyarados|69\/100\n|move|p2a: Gyarados|Taunt|p1b: Indeedee\n|-start|p1b: Indeedee|move: Taunt\n|move|p1a: Armarouge|Aura Sphere|p2b: Chi-Yu\n|-activate|p2b: Chi-Yu|move: Protect\n|\n|upkeep\n|turn|3\n|inactive|nedacboss has 30 seconds left.\n|inactive|nedacboss has 20 seconds left.\n|inactive|nedacboss has 15 seconds left.\n|inactive|nedacboss has 10 seconds left.\n|inactive|nedacboss has 5 seconds left.\n|\n|t:|1683255180\n|switch|p2b: Amoonguss|Amoonguss, L50, M|100\/100\n|move|p1b: Indeedee|Psychic|p2a: Gyarados\n|-damage|p2a: Gyarados|44\/100\n|move|p2a: Gyarados|Taunt|p1a: Armarouge\n|-start|p1a: Armarouge|move: Taunt\n|move|p1a: Armarouge|Aura Sphere|p2b: Amoonguss\n|-resisted|p2b: Amoonguss\n|-damage|p2b: Amoonguss|88\/100\n|\n|upkeep\n|turn|4\n|inactive|nedacboss has 30 seconds left.\n|\n|t:|1683255214\n|switch|p2a: Chi-Yu|Chi-Yu, L50|46\/100\n|-ability|p2a: Chi-Yu|Beads of Ruin\n|-terastallize|p2b: Amoonguss|Water\n|move|p1b: Indeedee|Psychic|p2b: Amoonguss\n|-damage|p2b: Amoonguss|45\/100\n|-enditem|p2b: Amoonguss|Sitrus Berry|[eat]\n|-heal|p2b: Amoonguss|70\/100|[from] item: Sitrus Berry\n|move|p1a: Armarouge|Expanding Force|p2b: Amoonguss|[spread] p2b\n|-immune|p2a: Chi-Yu\n|-damage|p2b: Amoonguss|0 fnt\n|faint|p2b: Amoonguss\n|\n|upkeep\n|\n|t:|1683255232\n|switch|p2b: Gyarados|Gyarados, L50, M|44\/100\n|-ability|p2b: Gyarados|Intimidate|boost\n|-unboost|p1a: Armarouge|atk|1\n|-unboost|p1b: Indeedee|atk|1\n|turn|5\n|\n|t:|1683255251\n|move|p2a: Chi-Yu|Dark Pulse|p1a: Armarouge\n|-resisted|p1a: Armarouge\n|-damage|p1a: Armarouge|36\/100\n|move|p1b: Indeedee|Psychic|p2b: Gyarados\n|-damage|p2b: Gyarados|14\/100\n|-enditem|p2b: Gyarados|Figy Berry|[eat]\n|-heal|p2b: Gyarados|47\/100|[from] item: Figy Berry\n|move|p2b: Gyarados|Waterfall|p1a: Armarouge\n|-damage|p1a: Armarouge|3\/100\n|cant|p1a: Armarouge|flinch\n|\n|-end|p1b: Indeedee|move: Taunt\n|-end|p1a: Armarouge|move: Taunt\n|-fieldend|move: Psychic Terrain\n|upkeep\n|turn|6\n|inactive|nedacboss has 30 seconds left.\n|inactive|SavannahPandaVGC has 30 seconds left.\n|\n|t:|1683255285\n|switch|p1b: Quaquaval|Quaquaval, L50, M|100\/100\n|move|p1a: Armarouge|Protect|p1a: Armarouge\n|-singleturn|p1a: Armarouge|Protect\n|move|p2a: Chi-Yu|Dark Pulse|p1a: Armarouge\n|-activate|p1a: Armarouge|move: Protect\n|move|p2b: Gyarados|Waterfall|p1a: Armarouge\n|-activate|p1a: Armarouge|move: Protect\n|\n|upkeep\n|turn|7\n|\n|t:|1683255307\n|switch|p2a: Iron Hands|Iron Hands, L50|100\/100\n|switch|p1a: Indeedee|Indeedee-F, L50, F|100\/100\n|-fieldstart|move: Psychic Terrain|[from] ability: Psychic Surge|[of] p1a: Indeedee\n|move|p1b: Quaquaval|Aqua Step|p2b: Gyarados\n|-resisted|p2b: Gyarados\n|-damage|p2b: Gyarados|26\/100\n|-boost|p1b: Quaquaval|spe|1\n|move|p2b: Gyarados|Waterfall|p1a: Indeedee\n|-damage|p1a: Indeedee|63\/100\n|\n|upkeep\n|turn|8\n|\n|t:|1683255325\n|move|p2b: Gyarados|Protect|p2b: Gyarados\n|-singleturn|p2b: Gyarados|Protect\n|move|p1b: Quaquaval|Close Combat|p2b: Gyarados\n|-activate|p2b: Gyarados|move: Protect\n|move|p1a: Indeedee|Psychic|p2a: Iron Hands\n|-supereffective|p2a: Iron Hands\n|-damage|p2a: Iron Hands|59\/100\n|move|p2a: Iron Hands|Wild Charge|p1b: Quaquaval\n|-supereffective|p1b: Quaquaval\n|-enditem|p1b: Quaquaval|Focus Sash\n|-damage|p1b: Quaquaval|1\/100\n|-damage|p2a: Iron Hands|43\/100|[from] Recoil\n|\n|upkeep\n|turn|9\n|\n|t:|1683255347\n|-end|p2a: Iron Hands|Quark Drive|[silent]\n|switch|p2a: Chi-Yu|Chi-Yu, L50|46\/100\n|-ability|p2a: Chi-Yu|Beads of Ruin\n|move|p1b: Quaquaval|Close Combat|p2b: Gyarados\n|-resisted|p2b: Gyarados\n|-damage|p2b: Gyarados|0 fnt\n|-unboost|p1b: Quaquaval|def|1\n|-unboost|p1b: Quaquaval|spd|1\n|faint|p2b: Gyarados\n|-ability|p1b: Quaquaval|Moxie|boost\n|-boost|p1b: Quaquaval|atk|1\n|move|p1a: Indeedee|Psychic|p2a: Chi-Yu\n|-immune|p2a: Chi-Yu\n|\n|upkeep\n|\n|t:|1683255359\n|switch|p2b: Iron Hands|Iron Hands, L50|43\/100\n|turn|10\n|\n|t:|1683255368\n|move|p1b: Quaquaval|Aqua Step|p2a: Chi-Yu\n|-supereffective|p2a: Chi-Yu\n|-damage|p2a: Chi-Yu|0 fnt\n|-boost|p1b: Quaquaval|spe|1\n|faint|p2a: Chi-Yu\n|-ability|p1b: Quaquaval|Moxie|boost\n|-boost|p1b: Quaquaval|atk|1\n|move|p1a: Indeedee|Psychic|p2b: Iron Hands\n|-supereffective|p2b: Iron Hands\n|-damage|p2b: Iron Hands|0 fnt\n|faint|p2b: Iron Hands\n|-end|p2b: Iron Hands|Quark Drive|[silent]\n|\n|win|nedacboss\n|raw|nedacboss's rating: 1343 → 1362<\/strong> (+19 for winning)\n|raw|SavannahPandaVGC's rating: 1324 → 1305<\/strong> (-19 for losing)\n","uploadtime":1683255380,"views":5,"p1id":"nedacboss","p2id":"savannahpandavgc","formatid":"gen9vgc2023regulationc","rating":1305,"private":0,"password":""}