{"id":"gen9vgc2023regulationc-1860736583","p1":"engi main","p2":"BaltimoreBuizels","format":"[Gen 9] VGC 2023 Regulation C","log":"|j|\u2606engi main\n|j|\u2606BaltimoreBuizels\n|t:|1683671718\n|gametype|doubles\n|player|p1|engi main|ingo|1122\n|player|p2|BaltimoreBuizels|flannery|1165\n|teamsize|p1|6\n|teamsize|p2|6\n|gen|9\n|tier|[Gen 9] VGC 2023 Regulation C\n|rated|\n|rule|Species Clause: Limit one of each Pok\u00e9mon\n|rule|Item Clause: Limit one of each item\n|clearpoke\n|poke|p1|Stonjourner, L50, F|\n|poke|p1|Iron Hands, L50|\n|poke|p1|Talonflame, L50, F|\n|poke|p1|Garchomp, L50, F|\n|poke|p1|Flutter Mane, L50|\n|poke|p1|Iron Bundle, L50|\n|poke|p2|Dragapult, L50, M|\n|poke|p2|Chien-Pao, L50|\n|poke|p2|Talonflame, L50, M|\n|poke|p2|Iron Bundle, L50|\n|poke|p2|Flutter Mane, L50|\n|poke|p2|Amoonguss, L50, F|\n|teampreview|4\nengi main has agreed to open team sheets.\nBaltimoreBuizels has agreed to open team sheets.\n|inactive|Battle timer is ON: inactive players will automatically lose when time's up. (requested by BaltimoreBuizels)\n|inactive|engi main has 60 seconds left.\n|\n|t:|1683671799\n|start\n|switch|p1a: Garchomp|Garchomp, L50, F|100\/100\n|switch|p1b: Iron Bundle|Iron Bundle, L50|100\/100\n|switch|p2a: Fluttercott|Flutter Mane, L50, shiny|100\/100\n|switch|p2b: Taloncott|Talonflame, L50, M, shiny|100\/100\n|-enditem|p1b: Iron Bundle|Booster Energy\n|-activate|p1b: Iron Bundle|ability: Quark Drive|[fromitem]\n|-start|p1b: Iron Bundle|quarkdrivespe\n|turn|1\n|inactive|engi main has 30 seconds left.\n|\n|t:|1683671829\n|-terastallize|p1a: Garchomp|Steel\n|move|p2b: Taloncott|Tailwind|p2b: Taloncott\n|-sidestart|p2: BaltimoreBuizels|move: Tailwind\n|move|p2a: Fluttercott|Dazzling Gleam|p1a: Garchomp|[spread] p1a,p1b\n|-resisted|p1a: Garchomp\n|-damage|p1a: Garchomp|76\/100\n|-damage|p1b: Iron Bundle|4\/100\n|move|p1b: Iron Bundle|Hydro Pump|p2b: Taloncott\n|-supereffective|p2b: Taloncott\n|-damage|p2b: Taloncott|0 fnt\n|faint|p2b: Taloncott\n|move|p1a: Garchomp|Iron Head|p2a: Fluttercott\n|-supereffective|p2a: Fluttercott\n|-damage|p2a: Fluttercott|0 fnt\n|faint|p2a: Fluttercott\n|-end|p2a: Fluttercott|Protosynthesis|[silent]\n|\n|upkeep\n|\n|t:|1683671839\n|switch|p2b: Turkeyleg|Dragapult, L50, M, shiny|100\/100\n|switch|p2a: Gimbob|Iron Bundle, L50, shiny|100\/100\n|-enditem|p2a: Gimbob|Booster Energy\n|-activate|p2a: Gimbob|ability: Quark Drive|[fromitem]\n|-start|p2a: Gimbob|quarkdrivespe\n|turn|2\n|\n|t:|1683671863\n|-end|p1b: Iron Bundle|Quark Drive|[silent]\n|switch|p1b: Iron Hands|Iron Hands, L50|100\/100\n|-terastallize|p2b: Turkeyleg|Steel\n|move|p2a: Gimbob|Hydro Pump|p1a: Garchomp\n|-damage|p1a: Garchomp|16\/100\n|move|p2b: Turkeyleg|Dragon Darts|p1a: Garchomp\n|-resisted|p1a: Garchomp\n|-damage|p1a: Garchomp|0 fnt\n|-anim|p2b: Turkeyleg|Dragon Darts|p1b: Iron Hands\n|-damage|p1b: Iron Hands|81\/100\n|faint|p1a: Garchomp\n|-damage|p2b: Turkeyleg|91\/100|[from] item: Life Orb\n|\n|upkeep\n|\n|t:|1683671876\n|switch|p1a: Iron Bundle|Iron Bundle, L50|4\/100\n|turn|3\n|\n|t:|1683671885\n|move|p1a: Iron Bundle|Protect|p1a: Iron Bundle\n|-singleturn|p1a: Iron Bundle|Protect\n|move|p2a: Gimbob|Freeze-Dry|p1b: Iron Hands\n|-damage|p1b: Iron Hands|58\/100\n|move|p2b: Turkeyleg|Dragon Darts|p1b: Iron Hands\n|-damage|p1b: Iron Hands|37\/100\n|-anim|p2b: Turkeyleg|Dragon Darts|p1b: Iron Hands\n|-damage|p1b: Iron Hands|13\/100\n|-damage|p2b: Turkeyleg|81\/100|[from] item: Life Orb\n|move|p1b: Iron Hands|Wild Charge|p2a: Gimbob\n|-supereffective|p2a: Gimbob\n|-damage|p2a: Gimbob|0 fnt\n|faint|p2a: Gimbob\n|-end|p2a: Gimbob|Quark Drive|[silent]\n|-damage|p1b: Iron Hands|0 fnt|[from] Recoil\n|faint|p1b: Iron Hands\n|-end|p1b: Iron Hands|Quark Drive|[silent]\n|\n|upkeep\n|\n|t:|1683671898\n|switch|p1b: Flutter Mane|Flutter Mane, L50|100\/100\n|turn|4\n|inactive|engi main has 30 seconds left.\n|inactive|engi main has 20 seconds left.\n|\n|t:|1683671937\n|move|p2b: Turkeyleg|Tera Blast|p1b: Flutter Mane\n|-supereffective|p1b: Flutter Mane\n|-damage|p1b: Flutter Mane|0 fnt\n|faint|p1b: Flutter Mane\n|-end|p1b: Flutter Mane|Protosynthesis|[silent]\n|-damage|p2b: Turkeyleg|71\/100|[from] item: Life Orb\n|move|p1a: Iron Bundle|Icy Wind|p2b: Turkeyleg\n|-resisted|p2b: Turkeyleg\n|-damage|p2b: Turkeyleg|53\/100\n|\n|-sideend|p2: BaltimoreBuizels|move: Tailwind\n|upkeep\n|turn|5\n|\n|t:|1683671945\n|move|p2b: Turkeyleg|Dragon Darts|p1a: Iron Bundle\n|-damage|p1a: Iron Bundle|0 fnt\n|faint|p1a: Iron Bundle\n|-end|p1a: Iron Bundle|Quark Drive|[silent]\n|-damage|p2b: Turkeyleg|43\/100|[from] item: Life Orb\n|\n|win|BaltimoreBuizels\n|raw|engi main's rating: 1122 → 1100<\/strong> (-22 for losing)\n|raw|BaltimoreBuizels's rating: 1165 → 1187<\/strong> (+22 for winning)\n|l|\u2606engi main\n","uploadtime":1683671949,"views":16,"p1id":"engimain","p2id":"baltimorebuizels","formatid":"gen9vgc2023regulationc","rating":1100,"private":0,"password":""}