{"id":"gen9vgc2023regulationc-1846955139","p1":"Alaskan_fisher","p2":"agrejnh5ea","format":"[Gen 9] VGC 2023 Regulation C","log":"|j|\u2606Alaskan_fisher\n|j|\u2606agrejnh5ea\n|t:|1681905711\n|gametype|doubles\n|player|p1|Alaskan_fisher|fisherman-gen4|1157\n|player|p2|agrejnh5ea|101|1129\n|teamsize|p1|6\n|teamsize|p2|6\n|gen|9\n|tier|[Gen 9] VGC 2023 Regulation C\n|rated|\n|rule|Species Clause: Limit one of each Pok\u00e9mon\n|rule|Item Clause: Limit one of each item\n|clearpoke\n|poke|p1|Maushold-Four, L50|\n|poke|p1|Annihilape, L50, M|\n|poke|p1|Palafin, L50, F|\n|poke|p1|Ting-Lu, L50|\n|poke|p1|Flutter Mane, L50|\n|poke|p1|Arcanine, L50, F|\n|poke|p2|Roaring Moon, L50|\n|poke|p2|Arcanine, L50, M|\n|poke|p2|Flutter Mane, L50|\n|poke|p2|Ting-Lu, L50|\n|poke|p2|Amoonguss, L50, F|\n|poke|p2|Palafin, L50, M|\n|teampreview|4\nAlaskan_fisher has agreed to open team sheets.\n|\n|t:|1681905745\n|start\n|switch|p1a: Maushold|Maushold-Four, L50|100\/100\n|switch|p1b: Palafin|Palafin, L50, F|100\/100\n|switch|p2a: Ting-Lu|Ting-Lu, L50|100\/100\n|switch|p2b: Palafin|Palafin, L50, M|100\/100\n|-ability|p2a: Ting-Lu|Vessel of Ruin\n|turn|1\n|\n|t:|1681905769\n|detailschange|p2b: Palafin|Palafin-Hero, L50, M\n|switch|p2b: Amoonguss|Amoonguss, L50, F|100\/100\n|detailschange|p1b: Palafin|Palafin-Hero, L50, F\n|switch|p1b: Annihilape|Annihilape, L50, M|100\/100\n|move|p1a: Maushold|Super Fang|p2a: Ting-Lu\n|-damage|p2a: Ting-Lu|50\/100\n|move|p2a: Ting-Lu|Fissure|p1a: Maushold\n|-damage|p1a: Maushold|0 fnt\n|faint|p1a: Maushold\n|-ohko\n|\n|upkeep\n|\n|t:|1681905786\n|switch|p1a: Palafin|Palafin-Hero, L50, F|100\/100\n|-activate|p1a: Palafin|ability: Zero to Hero\n|turn|2\n|\n|t:|1681905806\n|move|p1a: Palafin|Protect|p1a: Palafin\n|-singleturn|p1a: Palafin|Protect\n|move|p2b: Amoonguss|Rage Powder|p2b: Amoonguss\n|-singleturn|p2b: Amoonguss|move: Rage Powder\n|move|p1b: Annihilape|Bulk Up|p1b: Annihilape\n|-boost|p1b: Annihilape|atk|1\n|-boost|p1b: Annihilape|def|1\n|move|p2a: Ting-Lu|Fissure|p1a: Palafin\n|-activate|p1a: Palafin|move: Protect\n|\n|upkeep\n|turn|3\n|\n|t:|1681905828\n|-terastallize|p1a: Palafin|Water\n|-terastallize|p2a: Ting-Lu|Water\n|move|p1a: Palafin|Wave Crash|p2a: Ting-Lu\n|-resisted|p2a: Ting-Lu\n|-damage|p2a: Ting-Lu|21\/100\n|-damage|p1a: Palafin|88\/100|[from] Recoil\n|move|p1b: Annihilape|Rage Fist|p2b: Amoonguss\n|-damage|p2b: Amoonguss|76\/100\n|-damage|p1b: Annihilape|84\/100|[from] item: Rocky Helmet|[of] p2b: Amoonguss\n|move|p2a: Ting-Lu|Fissure|p1a: Palafin\n|-damage|p1a: Palafin|0 fnt\n|faint|p1a: Palafin\n|-ohko\n|move|p2b: Amoonguss|Pollen Puff|p2a: Ting-Lu\n|-heal|p2a: Ting-Lu|71\/100\n|\n|-heal|p1b: Annihilape|90\/100|[from] item: Leftovers\n|upkeep\n|\n|t:|1681905850\n|switch|p1a: Ting-Lu|Ting-Lu, L50|100\/100\n|-ability|p1a: Ting-Lu|Vessel of Ruin\n|turn|4\n|\n|t:|1681905863\n|move|p2b: Amoonguss|Rage Powder|p2b: Amoonguss\n|-singleturn|p2b: Amoonguss|move: Rage Powder\n|move|p1b: Annihilape|Drain Punch|p2b: Amoonguss\n|-resisted|p2b: Amoonguss\n|-damage|p2b: Amoonguss|59\/100\n|-heal|p1b: Annihilape|99\/100|[from] drain|[of] p2b: Amoonguss\n|-damage|p1b: Annihilape|83\/100|[from] item: Rocky Helmet|[of] p2b: Amoonguss\n|move|p2a: Ting-Lu|Fissure|p1b: Annihilape|[miss]\n|-miss|p2a: Ting-Lu|p1b: Annihilape\n|move|p1a: Ting-Lu|Ruination|p2b: Amoonguss\n|-damage|p2b: Amoonguss|30\/100\n|\n|-heal|p1b: Annihilape|89\/100|[from] item: Leftovers\n|upkeep\n|turn|5\n|\n|t:|1681905887\n|switch|p2b: Flutter Mane|Flutter Mane, L50|100\/100\n|-enditem|p2b: Flutter Mane|Booster Energy\n|-activate|p2b: Flutter Mane|ability: Protosynthesis|[fromitem]\n|-start|p2b: Flutter Mane|protosynthesisspe\n|move|p1b: Annihilape|Rage Fist|p2a: Ting-Lu\n|-damage|p2a: Ting-Lu|57\/100\n|move|p2a: Ting-Lu|Stomping Tantrum|p1b: Annihilape\n|-damage|p1b: Annihilape|59\/100\n|move|p1a: Ting-Lu|Fissure|p2a: Ting-Lu\n|-damage|p2a: Ting-Lu|0 fnt\n|faint|p2a: Ting-Lu\n|-ohko\n|\n|-heal|p1b: Annihilape|65\/100|[from] item: Leftovers\n|upkeep\n|\n|t:|1681905904\n|switch|p2a: Palafin|Palafin-Hero, L50, M|100\/100\n|-activate|p2a: Palafin|ability: Zero to Hero\n|turn|6\n|\n|t:|1681905913\n|move|p2b: Flutter Mane|Substitute|p2b: Flutter Mane\n|-start|p2b: Flutter Mane|Substitute\n|-damage|p2b: Flutter Mane|76\/100\n|move|p2a: Palafin|Wave Crash|p1a: Ting-Lu\n|-supereffective|p1a: Ting-Lu\n|-damage|p1a: Ting-Lu|16\/100\n|-damage|p2a: Palafin|65\/100|[from] Recoil\n|move|p1b: Annihilape|Drain Punch|p2a: Palafin\n|-damage|p2a: Palafin|26\/100\n|-heal|p1b: Annihilape|85\/100|[from] drain|[of] p2a: Palafin\n|move|p1a: Ting-Lu|Heavy Slam|p2b: Flutter Mane\n|-supereffective|p2b: Flutter Mane\n|-end|p2b: Flutter Mane|Substitute\n|\n|-heal|p1b: Annihilape|91\/100|[from] item: Leftovers\n|upkeep\n|turn|7\n|\n|t:|1681905934\n|move|p2b: Flutter Mane|Protect|p2b: Flutter Mane\n|-singleturn|p2b: Flutter Mane|Protect\n|move|p2a: Palafin|Protect|p2a: Palafin\n|-singleturn|p2a: Palafin|Protect\n|move|p1b: Annihilape|Rage Fist|p2b: Flutter Mane\n|-activate|p2b: Flutter Mane|move: Protect\n|move|p1a: Ting-Lu|Stomping Tantrum|p2a: Palafin\n|-activate|p2a: Palafin|move: Protect\n|\n|-heal|p1b: Annihilape|98\/100|[from] item: Leftovers\n|upkeep\n|turn|8\n|\n|t:|1681905952\n|move|p2a: Palafin|Jet Punch|p1a: Ting-Lu\n|-supereffective|p1a: Ting-Lu\n|-damage|p1a: Ting-Lu|0 fnt\n|faint|p1a: Ting-Lu\n|move|p2b: Flutter Mane|Substitute|p2b: Flutter Mane\n|-start|p2b: Flutter Mane|Substitute\n|-damage|p2b: Flutter Mane|52\/100\n|move|p1b: Annihilape|Drain Punch|p2a: Palafin\n|-damage|p2a: Palafin|0 fnt\n|-heal|p1b: Annihilape|100\/100|[from] drain|[of] p2a: Palafin\n|faint|p2a: Palafin\n|\n|upkeep\n|\n|t:|1681905971\n|switch|p2a: Amoonguss|Amoonguss, L50, F|63\/100\n|turn|9\n|\n|t:|1681905981\n|move|p2a: Amoonguss|Rage Powder|p2a: Amoonguss\n|-singleturn|p2a: Amoonguss|move: Rage Powder\n|move|p2b: Flutter Mane|Shadow Ball|p1b: Annihilape\n|-supereffective|p1b: Annihilape\n|-damage|p1b: Annihilape|36\/100\n|-unboost|p1b: Annihilape|spd|1\n|move|p1b: Annihilape|Rage Fist|p2a: Amoonguss\n|-damage|p2a: Amoonguss|0 fnt\n|-damage|p1b: Annihilape|20\/100|[from] item: Rocky Helmet|[of] p2a: Amoonguss\n|faint|p2a: Amoonguss\n|\n|-heal|p1b: Annihilape|26\/100|[from] item: Leftovers\n|upkeep\n|turn|10\n|\n|t:|1681905992\n|move|p2b: Flutter Mane|Shadow Ball|p1b: Annihilape\n|-supereffective|p1b: Annihilape\n|-damage|p1b: Annihilape|0 fnt\n|faint|p1b: Annihilape\n|\n|win|agrejnh5ea\n|raw|Alaskan_fisher's rating: 1157 → 1130<\/strong> (-27 for losing)\n|raw|agrejnh5ea's rating: 1129 → 1156<\/strong> (+27 for winning)\n|l|\u2606Alaskan_fisher\n|l|\u2606agrejnh5ea\n|j|\u2606Alaskan_fisher\n|player|p1|Alaskan_fisher|fisherman-gen4\n","uploadtime":1681906014,"views":12,"p1id":"alaskanfisher","p2id":"agrejnh5ea","formatid":"gen9vgc2023regulationc","rating":1130,"private":0,"password":""}