{"id":"gen9vgc2023regulationc-1855128467","p1":"dannnthemann","p2":"Streek2002","format":"[Gen 9] VGC 2023 Regulation C","log":"|j|\u2606dannnthemann\n|j|\u2606Streek2002\n|t:|1682904730\n|gametype|doubles\n|player|p1|dannnthemann|2|1137\n|player|p2|Streek2002|nate|1045\n|teamsize|p1|6\n|teamsize|p2|6\n|gen|9\n|tier|[Gen 9] VGC 2023 Regulation C\n|rated|\n|rule|Species Clause: Limit one of each Pok\u00e9mon\n|rule|Item Clause: Limit one of each item\n|clearpoke\n|poke|p1|Ting-Lu, L50|\n|poke|p1|Orthworm, L50, F|\n|poke|p1|Armarouge, L50, M|\n|poke|p1|Indeedee-F, L50, F|\n|poke|p1|Amoonguss, L50, M|\n|poke|p1|Gardevoir, L50, M|\n|poke|p2|Jolteon, L50, M|\n|poke|p2|Sylveon, L50, M|\n|poke|p2|Umbreon, L50, M|\n|poke|p2|Vaporeon, L50, M|\n|poke|p2|Flareon, L50, M|\n|poke|p2|Espeon, L50, M|\n|teampreview|4\nStreek2002 has agreed to open team sheets.\ndannnthemann rejected open team sheets.\n|inactive|Battle timer is ON: inactive players will automatically lose when time's up. (requested by dannnthemann)\n|\n|t:|1682904770\n|start\n|switch|p1a: Indeedee|Indeedee-F, L50, F|100\/100\n|switch|p1b: Armarouge|Armarouge, L50, M|100\/100\n|switch|p2a: Jolteon hada|Sylveon, L50, M|100\/100\n|switch|p2b: Jolteon Siniestro|Umbreon, L50, M, shiny|100\/100\n|-fieldstart|move: Psychic Terrain|[from] ability: Psychic Surge|[of] p1a: Indeedee\n|-enditem|p1a: Indeedee|Psychic Seed\n|-boost|p1a: Indeedee|spd|1|[from] item: Psychic Seed\n|turn|1\n|inactive|dannnthemann has 30 seconds left.\n|inactive|dannnthemann has 20 seconds left.\n|\n|t:|1682904808\n|move|p1a: Indeedee|Follow Me|p1a: Indeedee\n|-singleturn|p1a: Indeedee|move: Follow Me\n|move|p2b: Jolteon Siniestro|Snarl|p1a: Indeedee|[spread] p1a,p1b\n|-supereffective|p1a: Indeedee\n|-supereffective|p1b: Armarouge\n|-damage|p1a: Indeedee|87\/100\n|-damage|p1b: Armarouge|78\/100\n|-unboost|p1a: Indeedee|spa|1\n|-unboost|p1b: Armarouge|spa|1\n|-enditem|p1b: Armarouge|Weakness Policy\n|-boost|p1b: Armarouge|atk|2|[from] item: Weakness Policy\n|-boost|p1b: Armarouge|spa|2|[from] item: Weakness Policy\n|move|p2a: Jolteon hada|Substitute|p2a: Jolteon hada\n|-start|p2a: Jolteon hada|Substitute\n|-damage|p2a: Jolteon hada|76\/100\n|move|p1b: Armarouge|Trick Room|p1b: Armarouge\n|-fieldstart|move: Trick Room|[of] p1b: Armarouge\n|\n|upkeep\n|turn|2\n|inactive|dannnthemann has 30 seconds left.\n|inactive|Streek2002 has 30 seconds left.\n|\n|t:|1682904836\n|-terastallize|p1b: Armarouge|Grass\n|move|p1a: Indeedee|Helping Hand|p1b: Armarouge\n|-singleturn|p1b: Armarouge|Helping Hand|[of] p1a: Indeedee\n|move|p2b: Jolteon Siniestro|Protect|p2b: Jolteon Siniestro\n|-singleturn|p2b: Jolteon Siniestro|Protect\n|move|p1b: Armarouge|Armor Cannon|p2b: Jolteon Siniestro\n|-activate|p2b: Jolteon Siniestro|move: Protect\n|move|p2a: Jolteon hada|Hyper Voice|p1a: Indeedee|[spread] p1a,p1b\n|-damage|p1a: Indeedee|59\/100\n|-damage|p1b: Armarouge|34\/100\n|-enditem|p2a: Jolteon hada|Throat Spray\n|-boost|p2a: Jolteon hada|spa|1|[from] item: Throat Spray\n|\n|upkeep\n|turn|3\n|\n|t:|1682904852\n|move|p2b: Jolteon Siniestro|Helping Hand|p2a: Jolteon hada\n|-singleturn|p2a: Jolteon hada|Helping Hand|[of] p2b: Jolteon Siniestro\n|move|p1a: Indeedee|Helping Hand|p1b: Armarouge\n|-singleturn|p1b: Armarouge|Helping Hand|[of] p1a: Indeedee\n|move|p1b: Armarouge|Armor Cannon|p2b: Jolteon Siniestro\n|-damage|p2b: Jolteon Siniestro|21\/100\n|-unboost|p1b: Armarouge|def|1\n|-unboost|p1b: Armarouge|spd|1\n|move|p2a: Jolteon hada|Hyper Voice|p1a: Indeedee|[spread] p1a,p1b\n|-damage|p1a: Indeedee|3\/100\n|-damage|p1b: Armarouge|0 fnt\n|faint|p1b: Armarouge\n|\n|-heal|p2b: Jolteon Siniestro|27\/100|[from] item: Leftovers\n|upkeep\n|\n|t:|1682904866\n|switch|p1b: Orthworm|Orthworm, L50, F|100\/100\n|turn|4\n|\n|t:|1682904880\n|switch|p2b: Jolteon Fuego|Flareon, L50, M|100\/100\n|move|p2a: Jolteon hada|Protect|p2a: Jolteon hada\n|-singleturn|p2a: Jolteon hada|Protect\n|move|p1b: Orthworm|Iron Head|p2a: Jolteon hada\n|-activate|p2a: Jolteon hada|move: Protect\n|move|p1a: Indeedee|Dazzling Gleam|p2b: Jolteon Fuego|[spread] p2b\n|-activate|p2a: Jolteon hada|move: Protect\n|-resisted|p2b: Jolteon Fuego\n|-damage|p2b: Jolteon Fuego|98\/100\n|\n|upkeep\n|turn|5\n|\n|t:|1682904898\n|move|p1a: Indeedee|Follow Me|p1a: Indeedee\n|-singleturn|p1a: Indeedee|move: Follow Me\n|move|p2b: Jolteon Fuego|Quick Attack|p1a: Indeedee\n|-activate|p1a: Indeedee|move: Psychic Terrain\n|move|p1b: Orthworm|Iron Head|p2a: Jolteon hada\n|-supereffective|p2a: Jolteon hada\n|-end|p2a: Jolteon hada|Substitute\n|move|p2a: Jolteon hada|Calm Mind|p2a: Jolteon hada\n|-boost|p2a: Jolteon hada|spa|1\n|-boost|p2a: Jolteon hada|spd|1\n|\n|-fieldend|move: Trick Room\n|-fieldend|move: Psychic Terrain\n|upkeep\n|turn|6\n|\n|t:|1682904919\n|move|p2a: Jolteon hada|Protect|p2a: Jolteon hada\n|-singleturn|p2a: Jolteon hada|Protect\n|move|p1a: Indeedee|Follow Me|p1a: Indeedee\n|-singleturn|p1a: Indeedee|move: Follow Me\n|move|p2b: Jolteon Fuego|Flare Blitz|p1a: Indeedee\n|-damage|p1a: Indeedee|0 fnt\n|faint|p1a: Indeedee\n|-damage|p2b: Jolteon Fuego|97\/100|[from] Recoil\n|move|p1b: Orthworm|Shed Tail|p1b: Orthworm\n|-start|p1b: Orthworm|Substitute|[from] move: Shed Tail\n|-damage|p1b: Orthworm|50\/100\n|-enditem|p1b: Orthworm|Sitrus Berry|[eat]\n|-heal|p1b: Orthworm|75\/100|[from] item: Sitrus Berry\n|\n|t:|1682904931\n|switch|p1b: Ting-Lu|Ting-Lu, L50|100\/100|[from] Shed Tail\n|-ability|p1b: Ting-Lu|Vessel of Ruin\n|\n|upkeep\n|\n|t:|1682904935\n|switch|p1a: Orthworm|Orthworm, L50, F|75\/100\n|turn|7\n|\n|t:|1682904947\n|move|p2b: Jolteon Fuego|Flare Blitz|p1a: Orthworm\n|-supereffective|p1a: Orthworm\n|-damage|p1a: Orthworm|0 fnt\n|faint|p1a: Orthworm\n|-damage|p2b: Jolteon Fuego|71\/100|[from] Recoil\n|move|p2a: Jolteon hada|Substitute|p2a: Jolteon hada\n|-start|p2a: Jolteon hada|Substitute\n|-damage|p2a: Jolteon hada|51\/100\n|move|p1b: Ting-Lu|Earthquake|p2a: Jolteon hada|[spread] p2a,p2b\n|-end|p2a: Jolteon hada|Substitute\n|-supereffective|p2b: Jolteon Fuego\n|-damage|p2b: Jolteon Fuego|0 fnt\n|faint|p2b: Jolteon Fuego\n|\n|upkeep\n|\n|t:|1682904960\n|switch|p2b: Furro|Vaporeon, L50, M|100\/100\n|turn|8\n|\n|t:|1682904971\n|move|p2a: Jolteon hada|Protect|p2a: Jolteon hada\n|-singleturn|p2a: Jolteon hada|Protect\n|move|p2b: Furro|Muddy Water|p1b: Ting-Lu\n|-supereffective|p1b: Ting-Lu\n|-end|p1b: Ting-Lu|Substitute\n|move|p1b: Ting-Lu|Earthquake|p2b: Furro|[spread] p2b\n|-activate|p2a: Jolteon hada|move: Protect\n|-damage|p2b: Furro|68\/100\n|\n|upkeep\n|turn|9\n|-message|dannnthemann forfeited.\n|\n|win|Streek2002\n|raw|dannnthemann's rating: 1137 → 1106<\/strong> (-31 for losing)\n|raw|Streek2002's rating: 1045 → 1087<\/strong> (+42 for winning)\n|l|\u2606dannnthemann\n","uploadtime":1682904988,"views":19,"p1id":"dannnthemann","p2id":"streek2002","formatid":"gen9vgc2023regulationc","rating":1087,"private":0,"password":""}