{"id":"gen9vgc2023regulationc-1853258309","p1":"Alexis_student","p2":"jairo654","format":"[Gen 9] VGC 2023 Regulation C","log":"|j|\u2606Alexis_student\n|j|\u2606jairo654\n|t:|1682656203\n|gametype|doubles\n|player|p1|Alexis_student|1|1133\n|player|p2|jairo654|lucas|1211\n|teamsize|p1|6\n|teamsize|p2|6\n|gen|9\n|tier|[Gen 9] VGC 2023 Regulation C\n|rated|\n|rule|Species Clause: Limit one of each Pok\u00e9mon\n|rule|Item Clause: Limit one of each item\n|clearpoke\n|poke|p1|Amoonguss, L50, F|\n|poke|p1|Palafin, L50, F|\n|poke|p1|Arcanine, L50, M|\n|poke|p1|Flutter Mane, L50|\n|poke|p1|Baxcalibur, L50, F|\n|poke|p1|Ting-Lu, L50|\n|poke|p2|Azumarill, L50, F|\n|poke|p2|Ceruledge, L50, M|\n|poke|p2|Amoonguss, L50, M|\n|poke|p2|Ting-Lu, L50|\n|poke|p2|Indeedee-F, L50, F|\n|poke|p2|Gengar, L50, F|\n|teampreview|4\n|\n|t:|1682656236\n|start\n|switch|p1a: Amoonguss|Amoonguss, L50, F|100\/100\n|switch|p1b: Palafin|Palafin, L50, F|100\/100\n|switch|p2a: Indeedee|Indeedee-F, L50, F|100\/100\n|switch|p2b: Azumarill|Azumarill, L50, F|100\/100\n|-fieldstart|move: Psychic Terrain|[from] ability: Psychic Surge|[of] p2a: Indeedee\n|turn|1\n|inactive|Battle timer is ON: inactive players will automatically lose when time's up. (requested by jairo654)\n|\n|t:|1682656264\n|detailschange|p1b: Palafin|Palafin-Hero, L50, F\n|switch|p1b: Arcanine|Arcanine, L50, M|100\/100\n|-ability|p1b: Arcanine|Intimidate|boost\n|-unboost|p2a: Indeedee|atk|1\n|-unboost|p2b: Azumarill|atk|1\n|move|p2a: Indeedee|Follow Me|p2a: Indeedee\n|-singleturn|p2a: Indeedee|move: Follow Me\n|move|p2b: Azumarill|Liquidation|p1b: Arcanine\n|-supereffective|p1b: Arcanine\n|-damage|p1b: Arcanine|1\/100\n|move|p1a: Amoonguss|Pollen Puff|p2a: Indeedee\n|-supereffective|p2a: Indeedee\n|-damage|p2a: Indeedee|65\/100\n|\n|upkeep\n|turn|2\n|\n|t:|1682656284\n|switch|p2b: Ceruledge|Ceruledge, L50, M, shiny|100\/100\n|switch|p1a: Baxcalibur|Baxcalibur, L50, F|100\/100\n|move|p1b: Arcanine|Protect|p1b: Arcanine\n|-singleturn|p1b: Arcanine|Protect\n|move|p2a: Indeedee|Dazzling Gleam|p1b: Arcanine|[spread] p1a\n|-activate|p1b: Arcanine|move: Protect\n|-supereffective|p1a: Baxcalibur\n|-damage|p1a: Baxcalibur|79\/100\n|\n|upkeep\n|turn|3\n|inactive|jairo654 has 30 seconds left.\n|\n|t:|1682656317\n|move|p2b: Ceruledge|Protect|p2b: Ceruledge\n|-singleturn|p2b: Ceruledge|Protect\n|move|p1b: Arcanine|Howl|p1b: Arcanine|[spread] p1a,p1b\n|-boost|p1a: Baxcalibur|atk|1\n|-boost|p1b: Arcanine|atk|1\n|move|p1a: Baxcalibur|Glaive Rush|p2b: Ceruledge\n|-activate|p2b: Ceruledge|move: Protect\n|move|p2a: Indeedee|Dazzling Gleam|p1b: Arcanine|[spread] p1a,p1b\n|-supereffective|p1a: Baxcalibur\n|-resisted|p1b: Arcanine\n|-damage|p1a: Baxcalibur|55\/100\n|-damage|p1b: Arcanine|0 fnt\n|faint|p1b: Arcanine\n|\n|upkeep\n|\n|t:|1682656332\n|switch|p1b: Palafin|Palafin-Hero, L50, F|100\/100\n|-activate|p1b: Palafin|ability: Zero to Hero\n|turn|4\n|\n|t:|1682656353\n|switch|p2b: Azumarill|Azumarill, L50, F|100\/100\n|move|p1b: Palafin|Wave Crash|p2a: Indeedee\n|-damage|p2a: Indeedee|0 fnt\n|faint|p2a: Indeedee\n|-damage|p1b: Palafin|82\/100|[from] Recoil\n|move|p1a: Baxcalibur|Glaive Rush|p2b: Azumarill\n|-immune|p2b: Azumarill\n|\n|upkeep\n|\n|t:|1682656365\n|switch|p2a: Ting-Lu|Ting-Lu, L50|100\/100\n|-ability|p2a: Ting-Lu|Vessel of Ruin\n|turn|5\n|inactive|Alexis_student has 30 seconds left.\n|\n|t:|1682656399\n|-terastallize|p1b: Palafin|Water\n|-terastallize|p2a: Ting-Lu|Poison\n|move|p1b: Palafin|Wave Crash|p2b: Azumarill\n|-resisted|p2b: Azumarill\n|-damage|p2b: Azumarill|36\/100\n|-damage|p1b: Palafin|61\/100|[from] Recoil\n|move|p1a: Baxcalibur|Icicle Crash|p2a: Ting-Lu\n|-damage|p2a: Ting-Lu|60\/100\n|move|p2b: Azumarill|Ice Spinner|p1a: Baxcalibur\n|-damage|p1a: Baxcalibur|8\/100\n|-fieldend|move: Psychic Terrain\n|move|p2a: Ting-Lu|Ruination|p1b: Palafin\n|-damage|p1b: Palafin|31\/100\n|\n|upkeep\n|turn|6\n|inactive|jairo654 has 30 seconds left.\n|inactive|jairo654 has 20 seconds left.\n|inactive|jairo654 has 15 seconds left.\n|inactive|jairo654 has 10 seconds left.\n|inactive|jairo654 has 5 seconds left.\n|\n|t:|1682656450\n|move|p1b: Palafin|Wave Crash|p2b: Azumarill\n|-resisted|p2b: Azumarill\n|-damage|p2b: Azumarill|0 fnt\n|faint|p2b: Azumarill\n|-damage|p1b: Palafin|19\/100|[from] Recoil\n|move|p1a: Baxcalibur|Glaive Rush|p2a: Ting-Lu\n|-damage|p2a: Ting-Lu|1\/100\n|-singlemove|p1a: Baxcalibur|Glaive Rush|[silent]\n|move|p2a: Ting-Lu|Stomping Tantrum|p1b: Palafin\n|-damage|p1b: Palafin|0 fnt\n|faint|p1b: Palafin\n|\n|upkeep\n|\n|t:|1682656463\n|switch|p1b: Amoonguss|Amoonguss, L50, F|100\/100\n|switch|p2b: Ceruledge|Ceruledge, L50, M, shiny|100\/100\n|turn|7\n|\n|t:|1682656488\n|move|p1a: Baxcalibur|Protect|p1a: Baxcalibur\n|-singleturn|p1a: Baxcalibur|Protect\n|move|p2b: Ceruledge|Bitter Blade|p1a: Baxcalibur\n|-activate|p1a: Baxcalibur|move: Protect\n|move|p1b: Amoonguss|Spore|p2b: Ceruledge\n|-status|p2b: Ceruledge|slp|[from] move: Spore\n|move|p2a: Ting-Lu|Ruination|p1b: Amoonguss\n|-damage|p1b: Amoonguss|51\/100\n|\n|upkeep\n|turn|8\n|\n|t:|1682656506\n|move|p1a: Baxcalibur|Ice Shard|p2a: Ting-Lu\n|-crit|p2a: Ting-Lu\n|-damage|p2a: Ting-Lu|0 fnt\n|faint|p2a: Ting-Lu\n|cant|p2b: Ceruledge|slp\n|move|p1b: Amoonguss|Pollen Puff|p1a: Baxcalibur\n|-heal|p1a: Baxcalibur|58\/100\n|\n|upkeep\n|turn|9\n|\n|t:|1682656522\n|move|p1a: Baxcalibur|Glaive Rush|p2b: Ceruledge\n|-damage|p2b: Ceruledge|0 fnt\n|-singlemove|p1a: Baxcalibur|Glaive Rush|[silent]\n|faint|p2b: Ceruledge\n|\n|win|Alexis_student\n|raw|Alexis_student's rating: 1133 → 1164<\/strong> (+31 for winning)\n|raw|jairo654's rating: 1211 → 1180<\/strong> (-31 for losing)\n|l|\u2606jairo654\n","uploadtime":1682656528,"views":9,"p1id":"alexisstudent","p2id":"jairo654","formatid":"gen9vgc2023regulationc","rating":1164,"private":0,"password":""}