{"id":"gen9vgc2023regulationc-1855729262","p1":"gooseiq","p2":"keryen","format":"[Gen 9] VGC 2023 Regulation C","log":"|j|\u2606gooseiq\n|j|\u2606keryen\n|t:|1682977541\n|gametype|doubles\n|player|p1|gooseiq|harlequin|1112\n|player|p2|keryen|2|1201\n|teamsize|p1|6\n|teamsize|p2|6\n|gen|9\n|tier|[Gen 9] VGC 2023 Regulation C\n|rated|\n|rule|Species Clause: Limit one of each Pok\u00e9mon\n|rule|Item Clause: Limit one of each item\n|clearpoke\n|poke|p1|Murkrow, L50, M|\n|poke|p1|Chi-Yu, L50|\n|poke|p1|Flutter Mane, L50|\n|poke|p1|Great Tusk, L50|\n|poke|p1|Corviknight, L50, F|\n|poke|p1|Glimmora, L50, F|\n|poke|p2|Chi-Yu, L50|\n|poke|p2|Ting-Lu, L50|\n|poke|p2|Flutter Mane, L50|\n|poke|p2|Gyarados, L50, F|\n|poke|p2|Corviknight, L50, M|\n|poke|p2|Amoonguss, L50, M|\n|teampreview|4\n|inactive|Battle timer is ON: inactive players will automatically lose when time's up. (requested by gooseiq)\ngooseiq has agreed to open team sheets.\n|inactive|keryen has 60 seconds left.\n|\n|t:|1682977588\n|start\n|switch|p1a: Murkrow|Murkrow, L50, M, shiny|100\/100\n|switch|p1b: Glimmora|Glimmora, L50, F|100\/100\n|switch|p2a: Gyarados|Gyarados, L50, F, shiny|100\/100\n|switch|p2b: Amoonguss|Amoonguss, L50, M, shiny|100\/100\n|-ability|p2a: Gyarados|Intimidate|boost\n|-unboost|p1a: Murkrow|atk|1\n|-unboost|p1b: Glimmora|atk|1\n|turn|1\n|\n|t:|1682977610\n|-terastallize|p1b: Glimmora|Grass\n|move|p2a: Gyarados|Protect|p2a: Gyarados\n|-singleturn|p2a: Gyarados|Protect\n|move|p1a: Murkrow|Tailwind|p1a: Murkrow\n|-sidestart|p1: gooseiq|move: Tailwind\n|move|p1b: Glimmora|Mortal Spin|p2b: Amoonguss|[spread] p2b\n|-activate|p2a: Gyarados|move: Protect\n|-damage|p2b: Amoonguss|99\/100\n|move|p2b: Amoonguss|Spore|p1b: Glimmora\n|-immune|p1b: Glimmora\n|\n|upkeep\n|turn|2\n|inactive|keryen has 30 seconds left.\n|\n|t:|1682977638\n|switch|p2a: Ting-Lu|Ting-Lu, L50|100\/100\n|-ability|p2a: Ting-Lu|Vessel of Ruin\n|move|p1a: Murkrow|Foul Play|p2a: Ting-Lu\n|-resisted|p2a: Ting-Lu\n|-damage|p2a: Ting-Lu|87\/100\n|move|p1b: Glimmora|Mortal Spin|p2b: Amoonguss|[spread] p2a,p2b\n|-resisted|p2a: Ting-Lu\n|-damage|p2a: Ting-Lu|86\/100\n|-damage|p2b: Amoonguss|97\/100\n|-status|p2a: Ting-Lu|psn\n|move|p2b: Amoonguss|Spore|p1a: Murkrow\n|-status|p1a: Murkrow|slp|[from] move: Spore\n|\n|-damage|p2a: Ting-Lu|74\/100 psn|[from] psn\n|upkeep\n|turn|3\n|inactive|gooseiq has 30 seconds left.\n|inactive|gooseiq has 20 seconds left.\n|inactive|keryen has 30 seconds left.\n|\n|t:|1682977679\n|cant|p1a: Murkrow|slp\n|move|p1b: Glimmora|Sludge Bomb|p2a: Ting-Lu\n|-resisted|p2a: Ting-Lu\n|-crit|p2a: Ting-Lu\n|-damage|p2a: Ting-Lu|63\/100 psn\n|move|p2a: Ting-Lu|Heavy Slam|p1b: Glimmora\n|-damage|p1b: Glimmora|68\/100\n|-activate|p1b: Glimmora|ability: Toxic Debris\n|-sidestart|p2: keryen|move: Toxic Spikes\n|move|p2b: Amoonguss|Spore|p1a: Murkrow\n|-fail|p1a: Murkrow|slp\n|\n|-damage|p2a: Ting-Lu|50\/100 psn|[from] psn\n|upkeep\n|turn|4\n|\n|t:|1682977700\n|-curestatus|p1a: Murkrow|slp|[msg]\n|move|p1a: Murkrow|Foul Play|p2b: Amoonguss\n|-damage|p2b: Amoonguss|78\/100\n|move|p1b: Glimmora|Sludge Bomb|p2b: Amoonguss\n|-damage|p2b: Amoonguss|47\/100\n|-enditem|p2b: Amoonguss|Sitrus Berry|[eat]\n|-heal|p2b: Amoonguss|72\/100|[from] item: Sitrus Berry\n|move|p2a: Ting-Lu|Heavy Slam|p1b: Glimmora\n|-damage|p1b: Glimmora|36\/100\n|-activate|p1b: Glimmora|ability: Toxic Debris\n|-sidestart|p2: keryen|move: Toxic Spikes\n|move|p2b: Amoonguss|Pollen Puff|p2a: Ting-Lu\n|-heal|p2a: Ting-Lu|100\/100 psn\n|\n|-damage|p2a: Ting-Lu|88\/100 psn|[from] psn\n|-sideend|p1: gooseiq|move: Tailwind\n|upkeep\n|turn|5\n|\n|t:|1682977724\n|move|p1a: Murkrow|Tailwind|p1a: Murkrow\n|-sidestart|p1: gooseiq|move: Tailwind\n|move|p1b: Glimmora|Sludge Bomb|p2b: Amoonguss\n|-damage|p2b: Amoonguss|45\/100\n|move|p2a: Ting-Lu|Heavy Slam|p1b: Glimmora\n|-damage|p1b: Glimmora|1\/100\n|move|p2b: Amoonguss|Pollen Puff|p1b: Glimmora\n|-supereffective|p1b: Glimmora\n|-damage|p1b: Glimmora|0 fnt\n|faint|p1b: Glimmora\n|\n|-damage|p2a: Ting-Lu|75\/100 psn|[from] psn\n|upkeep\n|\n|t:|1682977738\n|switch|p1b: Corviknight|Corviknight, L50, F|100\/100\n|turn|6\n|\n|t:|1682977761\n|-terastallize|p2b: Amoonguss|Water\n|move|p1a: Murkrow|Foul Play|p2b: Amoonguss\n|-damage|p2b: Amoonguss|26\/100\n|move|p1b: Corviknight|Brave Bird|p2b: Amoonguss\n|-damage|p2b: Amoonguss|0 fnt\n|faint|p2b: Amoonguss\n|-damage|p1b: Corviknight|91\/100|[from] Recoil\n|move|p2a: Ting-Lu|Rock Tomb|p1b: Corviknight\n|-damage|p1b: Corviknight|74\/100\n|-ability|p1b: Corviknight|Mirror Armor\n|-unboost|p2a: Ting-Lu|spe|1\n|\n|-damage|p2a: Ting-Lu|63\/100 psn|[from] psn\n|upkeep\n|\n|t:|1682977773\n|switch|p2b: Flutter Mane|Flutter Mane, L50|100\/100\n|-status|p2b: Flutter Mane|tox\n|turn|7\n|\n|t:|1682977792\n|switch|p1b: Great Tusk|Great Tusk, L50|100\/100\n|move|p1a: Murkrow|Foul Play|p2a: Ting-Lu\n|-resisted|p2a: Ting-Lu\n|-damage|p2a: Ting-Lu|50\/100 psn\n|move|p2b: Flutter Mane|Thunderbolt|p1b: Great Tusk\n|-immune|p1b: Great Tusk\n|move|p2a: Ting-Lu|Ruination|p1a: Murkrow\n|-damage|p1a: Murkrow|51\/100\n|\n|-damage|p2b: Flutter Mane|94\/100 tox|[from] psn\n|-damage|p2a: Ting-Lu|38\/100 psn|[from] psn\n|upkeep\n|turn|8\n|inactive|keryen has 30 seconds left.\n|\n|t:|1682977818\n|-end|p2b: Flutter Mane|Protosynthesis|[silent]\n|switch|p2b: Gyarados|Gyarados, L50, F, shiny|100\/100\n|-ability|p2b: Gyarados|Intimidate|boost\n|-unboost|p1a: Murkrow|atk|1\n|-unboost|p1b: Great Tusk|atk|1\n|move|p1b: Great Tusk|Rock Slide|p2b: Gyarados|[spread] p2a,p2b\n|-resisted|p2a: Ting-Lu\n|-supereffective|p2b: Gyarados\n|-damage|p2a: Ting-Lu|34\/100 psn\n|-damage|p2b: Gyarados|70\/100\n|move|p1a: Murkrow|Foul Play|p2a: Ting-Lu\n|-resisted|p2a: Ting-Lu\n|-damage|p2a: Ting-Lu|21\/100 psn\n|move|p2a: Ting-Lu|Earthquake|p1b: Great Tusk|[spread] p1b\n|-immune|p2b: Gyarados\n|-immune|p1a: Murkrow\n|-damage|p1b: Great Tusk|78\/100\n|\n|-damage|p2a: Ting-Lu|9\/100 psn|[from] psn\n|-sideend|p1: gooseiq|move: Tailwind\n|upkeep\n|turn|9\n|inactive|gooseiq has 30 seconds left.\n|inactive|gooseiq has 20 seconds left.\n|inactive|gooseiq has 15 seconds left.\n|\n|t:|1682977860\n|switch|p2a: Flutter Mane|Flutter Mane, L50|94\/100 tox\n|move|p1a: Murkrow|Haze|p1a: Murkrow\n|-clearallboost\n|move|p1b: Great Tusk|Rock Slide|p2a: Flutter Mane|[spread] p2b\n|-miss|p1b: Great Tusk|p2a: Flutter Mane\n|-supereffective|p2b: Gyarados\n|-damage|p2b: Gyarados|25\/100\n|-enditem|p2b: Gyarados|Figy Berry|[eat]\n|-heal|p2b: Gyarados|58\/100|[from] item: Figy Berry\n|move|p2b: Gyarados|Waterfall|p1b: Great Tusk\n|-supereffective|p1b: Great Tusk\n|-damage|p1b: Great Tusk|25\/100\n|\n|-damage|p2a: Flutter Mane|88\/100 tox|[from] psn\n|upkeep\n|turn|10\n|inactive|keryen has 30 seconds left.\n|\n|t:|1682977892\n|-end|p2a: Flutter Mane|Protosynthesis|[silent]\n|switch|p2a: Ting-Lu|Ting-Lu, L50|9\/100 psn\n|-ability|p2a: Ting-Lu|Vessel of Ruin\n|move|p1a: Murkrow|Tailwind|p1a: Murkrow\n|-sidestart|p1: gooseiq|move: Tailwind\n|move|p1b: Great Tusk|Rock Slide|p2a: Ting-Lu|[spread] p2a,p2b\n|-resisted|p2a: Ting-Lu\n|-supereffective|p2b: Gyarados\n|-damage|p2a: Ting-Lu|3\/100 psn\n|-damage|p2b: Gyarados|11\/100\n|move|p2b: Gyarados|Waterfall|p1b: Great Tusk\n|-supereffective|p1b: Great Tusk\n|-crit|p1b: Great Tusk\n|-damage|p1b: Great Tusk|0 fnt\n|faint|p1b: Great Tusk\n|-end|p1b: Great Tusk|Protosynthesis|[silent]\n|\n|-damage|p2a: Ting-Lu|0 fnt|[from] psn\n|faint|p2a: Ting-Lu\n|upkeep\n|\n|t:|1682977907\n|switch|p1b: Corviknight|Corviknight, L50, F|74\/100\n|switch|p2a: Flutter Mane|Flutter Mane, L50|88\/100 tox\n|turn|11\n|\n|t:|1682977917\n|move|p1a: Murkrow|Foul Play|p2b: Gyarados\n|-damage|p2b: Gyarados|0 fnt\n|faint|p2b: Gyarados\n|move|p1b: Corviknight|Iron Head|p2a: Flutter Mane\n|-supereffective|p2a: Flutter Mane\n|-damage|p2a: Flutter Mane|0 fnt\n|faint|p2a: Flutter Mane\n|-end|p2a: Flutter Mane|Protosynthesis|[silent]\n|\n|win|gooseiq\n|raw|gooseiq's rating: 1112 → 1143<\/strong> (+31 for winning)\n|raw|keryen's rating: 1201 → 1170<\/strong> (-31 for losing)\n|l|\u2606keryen\n","uploadtime":1682977928,"views":13,"p1id":"gooseiq","p2id":"keryen","formatid":"gen9vgc2023regulationc","rating":1143,"private":0,"password":""}