{"id":"gen9vgc2023regulationc-1856221562","p1":"KiryaeTest","p2":"Evil Azumarills","format":"[Gen 9] VGC 2023 Regulation C","log":"|j|\u2606KiryaeTest\n|j|\u2606Evil Azumarills\n|t:|1683042120\n|gametype|doubles\n|player|p1|KiryaeTest|101|1162\n|player|p2|Evil Azumarills|morty|1072\n|teamsize|p1|6\n|teamsize|p2|6\n|gen|9\n|tier|[Gen 9] VGC 2023 Regulation C\n|rated|\n|rule|Species Clause: Limit one of each Pok\u00e9mon\n|rule|Item Clause: Limit one of each item\n|clearpoke\n|poke|p1|Ting-Lu, L50|\n|poke|p1|Annihilape, L50, M|\n|poke|p1|Corviknight, L50, F|\n|poke|p1|Iron Moth, L50|\n|poke|p1|Grimmsnarl, L50, M|\n|poke|p1|Gholdengo, L50|\n|poke|p2|Pelipper, L50, M|\n|poke|p2|Palafin, L50, M|\n|poke|p2|Iron Jugulis, L50|\n|poke|p2|Amoonguss, L50, F|\n|poke|p2|Gholdengo, L50|\n|poke|p2|Chi-Yu, L50|\n|teampreview|4\n|inactive|Battle timer is ON: inactive players will automatically lose when time's up. (requested by KiryaeTest)\nEvil Azumarills has agreed to open team sheets.\n|inactive|Evil Azumarills has 60 seconds left.\n|\n|t:|1683042175\n|start\n|switch|p1a: Grimmsnarl|Grimmsnarl, L50, M|100\/100\n|switch|p1b: Corviknight|Corviknight, L50, F|100\/100\n|switch|p2a: Pelipper|Pelipper, L50, M|100\/100\n|switch|p2b: Palafin|Palafin, L50, M|100\/100\n|-weather|RainDance|[from] ability: Drizzle|[of] p2a: Pelipper\n|turn|1\n|inactive|KiryaeTest has 30 seconds left.\n|inactive|KiryaeTest has 20 seconds left.\n|\n|t:|1683042211\n|detailschange|p2b: Palafin|Palafin-Hero, L50, M\n|switch|p2b: Gholdengo|Gholdengo, L50|100\/100\n|move|p1a: Grimmsnarl|Fake Out|p2a: Pelipper\n|-damage|p2a: Pelipper|86\/100\n|cant|p2a: Pelipper|flinch\n|move|p1b: Corviknight|Brave Bird|p2b: Gholdengo\n|-resisted|p2b: Gholdengo\n|-damage|p2b: Gholdengo|75\/100\n|-damage|p1b: Corviknight|92\/100|[from] Recoil\n|\n|-weather|RainDance|[upkeep]\n|upkeep\n|turn|2\n|\n|t:|1683042228\n|switch|p1b: Annihilape|Annihilape, L50, M|100\/100\n|move|p1a: Grimmsnarl|Light Screen|p1a: Grimmsnarl\n|-sidestart|p1: KiryaeTest|move: Light Screen\n|move|p2a: Pelipper|Tailwind|p2a: Pelipper\n|-sidestart|p2: Evil Azumarills|move: Tailwind\n|move|p2b: Gholdengo|Thunder|p1b: Annihilape\n|-damage|p1b: Annihilape|61\/100\n|\n|-weather|RainDance|[upkeep]\n|upkeep\n|turn|3\n|inactive|KiryaeTest has 30 seconds left.\n|inactive|KiryaeTest has 20 seconds left.\n|inactive|KiryaeTest has 15 seconds left.\n|inactive|KiryaeTest has 10 seconds left.\n|\n|t:|1683042276\n|switch|p2b: Iron Jugulis|Iron Jugulis, L50|100\/100\n|-enditem|p2b: Iron Jugulis|Booster Energy\n|-activate|p2b: Iron Jugulis|ability: Quark Drive|[fromitem]\n|-start|p2b: Iron Jugulis|quarkdrivespa\n|move|p1a: Grimmsnarl|Reflect|p1a: Grimmsnarl\n|-sidestart|p1: KiryaeTest|Reflect\n|move|p2a: Pelipper|Hydro Pump|p1b: Annihilape\n|-damage|p1b: Annihilape|12\/100\n|-enditem|p1b: Annihilape|Sitrus Berry|[eat]\n|-heal|p1b: Annihilape|36\/100|[from] item: Sitrus Berry\n|move|p1b: Annihilape|Rage Fist|p2b: Iron Jugulis\n|-resisted|p2b: Iron Jugulis\n|-damage|p2b: Iron Jugulis|62\/100\n|\n|-weather|RainDance|[upkeep]\n|upkeep\n|turn|4\n|inactive|Evil Azumarills has 30 seconds left.\n|\n|t:|1683042304\n|switch|p1a: Corviknight|Corviknight, L50, F|92\/100\n|move|p1b: Annihilape|Protect|p1b: Annihilape\n|-singleturn|p1b: Annihilape|Protect\n|move|p2b: Iron Jugulis|Hurricane|p1b: Annihilape\n|-activate|p1b: Annihilape|move: Protect\n|move|p2a: Pelipper|Hydro Pump|p1a: Corviknight|[miss]\n|-miss|p2a: Pelipper|p1a: Corviknight\n|\n|-weather|RainDance|[upkeep]\n|upkeep\n|turn|5\n|\n|t:|1683042320\n|switch|p1b: Grimmsnarl|Grimmsnarl, L50, M|100\/100\n|move|p2b: Iron Jugulis|Hurricane|p1b: Grimmsnarl\n|-damage|p1b: Grimmsnarl|56\/100\n|move|p2a: Pelipper|Hydro Pump|p1a: Corviknight\n|-damage|p1a: Corviknight|38\/100\n|move|p1a: Corviknight|Tailwind|p1a: Corviknight\n|-sidestart|p1: KiryaeTest|move: Tailwind\n|\n|-weather|RainDance|[upkeep]\n|-sideend|p2: Evil Azumarills|move: Tailwind\n|upkeep\n|turn|6\n|inactive|Evil Azumarills has 30 seconds left.\n|\n|t:|1683042349\n|switch|p2a: Gholdengo|Gholdengo, L50|75\/100\n|move|p1b: Grimmsnarl|Fake Out|p2a: Gholdengo\n|-immune|p2a: Gholdengo\n|move|p1a: Corviknight|Roost|p1a: Corviknight\n|-heal|p1a: Corviknight|88\/100\n|-singleturn|p1a: Corviknight|move: Roost\n|move|p2b: Iron Jugulis|Tailwind|p2b: Iron Jugulis\n|-sidestart|p2: Evil Azumarills|move: Tailwind\n|\n|-weather|RainDance|[upkeep]\n|upkeep\n|turn|7\n|inactive|Evil Azumarills has 30 seconds left.\n|inactive|Evil Azumarills has 20 seconds left.\n|\n|t:|1683042387\n|move|p2b: Iron Jugulis|Hurricane|p1b: Grimmsnarl\n|-damage|p1b: Grimmsnarl|11\/100\n|-start|p1b: Grimmsnarl|confusion\n|move|p2a: Gholdengo|Thunder|p1a: Corviknight\n|-supereffective|p1a: Corviknight\n|-damage|p1a: Corviknight|0 fnt\n|faint|p1a: Corviknight\n|-activate|p1b: Grimmsnarl|confusion\n|move|p1b: Grimmsnarl|Spirit Break|p2b: Iron Jugulis\n|-supereffective|p2b: Iron Jugulis\n|-damage|p2b: Iron Jugulis|0 fnt\n|faint|p2b: Iron Jugulis\n|-end|p2b: Iron Jugulis|Quark Drive|[silent]\n|\n|-weather|RainDance|[upkeep]\n|upkeep\n|\n|t:|1683042405\n|switch|p2b: Palafin|Palafin-Hero, L50, M|100\/100\n|switch|p1a: Annihilape|Annihilape, L50, M|36\/100\n|-activate|p2b: Palafin|ability: Zero to Hero\n|turn|8\n|inactive|KiryaeTest has 30 seconds left.\n|inactive|KiryaeTest has 20 seconds left.\n|\n|t:|1683042443\n|move|p2b: Palafin|Jet Punch|p1b: Grimmsnarl\n|-damage|p1b: Grimmsnarl|0 fnt\n|faint|p1b: Grimmsnarl\n|move|p1a: Annihilape|Drain Punch|p2b: Palafin\n|-damage|p2b: Palafin|72\/100\n|-heal|p1a: Annihilape|51\/100|[from] drain|[of] p2b: Palafin\n|move|p2a: Gholdengo|Thunder|p1a: Annihilape\n|-damage|p1a: Annihilape|11\/100\n|-status|p1a: Annihilape|par\n|\n|-weather|none\n|-sideend|p1: KiryaeTest|move: Tailwind\n|upkeep\n|\n|t:|1683042454\n|switch|p1b: Iron Moth|Iron Moth, L50|100\/100\n|-enditem|p1b: Iron Moth|Booster Energy\n|-activate|p1b: Iron Moth|ability: Quark Drive|[fromitem]\n|-start|p1b: Iron Moth|quarkdrivespa\n|turn|9\n|inactive|Evil Azumarills has 30 seconds left.\n|inactive|Evil Azumarills has 20 seconds left.\n|\n|t:|1683042490\n|switch|p2a: Pelipper|Pelipper, L50, M|86\/100\n|-weather|RainDance|[from] ability: Drizzle|[of] p2a: Pelipper\n|-terastallize|p1b: Iron Moth|Grass\n|move|p2b: Palafin|Protect|p2b: Palafin\n|-singleturn|p2b: Palafin|Protect\n|move|p1b: Iron Moth|Energy Ball|p2b: Palafin\n|-activate|p2b: Palafin|move: Protect\n|cant|p1a: Annihilape|par\n|\n|-weather|RainDance|[upkeep]\n|-sideend|p1: KiryaeTest|move: Light Screen\n|-sideend|p2: Evil Azumarills|move: Tailwind\n|upkeep\n|turn|10\n|inactive|Evil Azumarills has 30 seconds left.\n|\n|t:|1683042525\n|move|p1a: Annihilape|Protect|p1a: Annihilape\n|-singleturn|p1a: Annihilape|Protect\n|move|p2b: Palafin|Jet Punch|p1a: Annihilape\n|-activate|p1a: Annihilape|move: Protect\n|move|p1b: Iron Moth|Sludge Wave|p2b: Palafin|[spread] p2a,p2b\n|-activate|p1a: Annihilape|move: Protect\n|-damage|p2a: Pelipper|4\/100\n|-damage|p2b: Palafin|25\/100\n|-status|p2a: Pelipper|psn\n|move|p2a: Pelipper|Icy Wind|p1b: Iron Moth|[spread] p1b\n|-activate|p1a: Annihilape|move: Protect\n|-supereffective|p1b: Iron Moth\n|-damage|p1b: Iron Moth|76\/100\n|-unboost|p1b: Iron Moth|spe|1\n|\n|-weather|RainDance|[upkeep]\n|-damage|p2a: Pelipper|0 fnt|[from] psn\n|faint|p2a: Pelipper\n|-sideend|p1: KiryaeTest|Reflect\n|upkeep\n|\n|t:|1683042539\n|switch|p2a: Gholdengo|Gholdengo, L50|75\/100\n|turn|11\n|\n|t:|1683042550\n|move|p2b: Palafin|Jet Punch|p1a: Annihilape\n|-damage|p1a: Annihilape|0 fnt\n|faint|p1a: Annihilape\n|move|p1b: Iron Moth|Energy Ball|p2a: Gholdengo\n|-resisted|p2a: Gholdengo\n|-damage|p2a: Gholdengo|42\/100\n|move|p2a: Gholdengo|Make It Rain|p1b: Iron Moth\n|-damage|p1b: Iron Moth|0 fnt\n|-unboost|p2a: Gholdengo|spa|1\n|faint|p1b: Iron Moth\n|-end|p1b: Iron Moth|Quark Drive|[silent]\n|\n|win|Evil Azumarills\n|raw|KiryaeTest's rating: 1162 → 1131<\/strong> (-31 for losing)\n|raw|Evil Azumarills's rating: 1072 → 1109<\/strong> (+37 for winning)\n|c|\u2606Evil Azumarills|gg\n|l|\u2606KiryaeTest\n","uploadtime":1683042565,"views":15,"p1id":"kiryaetest","p2id":"evilazumarills","formatid":"gen9vgc2023regulationc","rating":1109,"private":0,"password":""}