{"id":"gen9vgc2023regulationc-1862899261","p1":"BigCatfishMan","p2":"wackomarko","format":"[Gen 9] VGC 2023 Regulation C","log":"|j|\u2606BigCatfishMan\n|j|\u2606wackomarko\n|t:|1683935611\n|gametype|doubles\n|player|p1|BigCatfishMan|hiker-gen4|1140\n|player|p2|wackomarko|hiker-gen4|1104\n|teamsize|p1|6\n|teamsize|p2|6\n|gen|9\n|tier|[Gen 9] VGC 2023 Regulation C\n|rated|\n|rule|Species Clause: Limit one of each Pok\u00e9mon\n|rule|Item Clause: Limit one of each item\n|clearpoke\n|poke|p1|Kingambit, L50, F|\n|poke|p1|Ting-Lu, L50|\n|poke|p1|Palafin, L50, M|\n|poke|p1|Amoonguss, L50, M|\n|poke|p1|Ceruledge, L50, F|\n|poke|p1|Sableye, L50, M|\n|poke|p2|Talonflame, L50, F|\n|poke|p2|Amoonguss, L50, M|\n|poke|p2|Flutter Mane, L50|\n|poke|p2|Chien-Pao, L50|\n|poke|p2|Gyarados, L50, F|\n|poke|p2|Dragapult, L50, F|\n|teampreview|4\nwackomarko has agreed to open team sheets.\n|inactive|Battle timer is ON: inactive players will automatically lose when time's up. (requested by BigCatfishMan)\n|\n|t:|1683935678\n|start\n|switch|p1a: Sableye|Sableye, L50, M|100\/100\n|switch|p1b: Ceruledge|Ceruledge, L50, F|100\/100\n|switch|p2a: Talonflame|Talonflame, L50, F, shiny|100\/100\n|switch|p2b: Dragapult|Dragapult, L50, F, shiny|100\/100\n|turn|1\n|inactive|wackomarko has 30 seconds left.\n|\n|t:|1683935706\n|move|p1b: Ceruledge|Protect|p1b: Ceruledge\n|-singleturn|p1b: Ceruledge|Protect\n|move|p1a: Sableye|Reflect|p1a: Sableye\n|-sidestart|p1: BigCatfishMan|Reflect\n|move|p2b: Dragapult|U-turn|p1a: Sableye\n|-damage|p1a: Sableye|76\/100\n|\n|t:|1683935717\n|switch|p2b: Flutter Mane|Flutter Mane, L50, shiny|100\/100|[from] U-turn\n|move|p2a: Talonflame|Taunt|p1a: Sableye\n|-start|p1a: Sableye|move: Taunt\n|\n|upkeep\n|turn|2\n|inactive|wackomarko has 30 seconds left.\n|\n|t:|1683935743\n|switch|p1a: Amoonguss|Amoonguss, L50, M|100\/100\n|move|p2a: Talonflame|Will-O-Wisp|p1a: Amoonguss\n|-status|p1a: Amoonguss|brn\n|move|p2b: Flutter Mane|Shadow Ball|p1b: Ceruledge\n|-supereffective|p1b: Ceruledge\n|-damage|p1b: Ceruledge|0 fnt\n|faint|p1b: Ceruledge\n|-damage|p2b: Flutter Mane|91\/100|[from] item: Life Orb\n|\n|-damage|p1a: Amoonguss|95\/100 brn|[from] brn\n|upkeep\n|\n|t:|1683935756\n|switch|p1b: Kingambit|Kingambit, L50, F|100\/100\n|turn|3\n|\n|t:|1683935779\n|-end|p2b: Flutter Mane|Protosynthesis|[silent]\n|switch|p2b: Chien-Pao|Chien-Pao, L50|100\/100\n|-ability|p2b: Chien-Pao|Sword of Ruin\n|move|p1a: Amoonguss|Rage Powder|p1a: Amoonguss\n|-singleturn|p1a: Amoonguss|move: Rage Powder\n|move|p2a: Talonflame|Will-O-Wisp|p1a: Amoonguss\n|-fail|p1a: Amoonguss|brn\n|move|p1b: Kingambit|Kowtow Cleave|p2b: Chien-Pao\n|-resisted|p2b: Chien-Pao\n|-damage|p2b: Chien-Pao|56\/100\n|\n|-damage|p1a: Amoonguss|89\/100 brn|[from] brn\n|upkeep\n|turn|4\n|\n|t:|1683935804\n|switch|p1b: Sableye|Sableye, L50, M|76\/100\n|-terastallize|p1a: Amoonguss|Water\n|move|p2b: Chien-Pao|Sucker Punch||[still]\n|-fail|p2b: Chien-Pao\n|move|p2a: Talonflame|Tailwind|p2a: Talonflame\n|-sidestart|p2: wackomarko|move: Tailwind\n|move|p1a: Amoonguss|Spore|p2b: Chien-Pao\n|-status|p2b: Chien-Pao|slp|[from] move: Spore\n|\n|-damage|p1a: Amoonguss|83\/100 brn|[from] brn\n|upkeep\n|turn|5\n|inactive|BigCatfishMan has 30 seconds left.\n|\n|t:|1683935830\n|move|p1a: Amoonguss|Rage Powder|p1a: Amoonguss\n|-singleturn|p1a: Amoonguss|move: Rage Powder\n|move|p1b: Sableye|Encore|p2a: Talonflame\n|-start|p2a: Talonflame|Encore\n|cant|p2b: Chien-Pao|slp\n|move|p2a: Talonflame|Tailwind||[still]\n|-fail|p2a: Talonflame\n|\n|-damage|p1a: Amoonguss|77\/100 brn|[from] brn\n|upkeep\n|turn|6\n|inactive|wackomarko has 30 seconds left.\n|\n|t:|1683935858\n|switch|p2a: Flutter Mane|Flutter Mane, L50, shiny|91\/100\n|cant|p2b: Chien-Pao|slp\n|move|p1b: Sableye|Foul Play|p2b: Chien-Pao\n|-resisted|p2b: Chien-Pao\n|-damage|p2b: Chien-Pao|22\/100 slp\n|move|p1a: Amoonguss|Pollen Puff|p1b: Sableye\n|-heal|p1b: Sableye|100\/100\n|\n|-damage|p1a: Amoonguss|71\/100 brn|[from] brn\n|upkeep\n|turn|7\n|\n|t:|1683935879\n|move|p1b: Sableye|Light Screen|p1b: Sableye\n|-sidestart|p1: BigCatfishMan|move: Light Screen\n|cant|p2b: Chien-Pao|slp\n|move|p2a: Flutter Mane|Dazzling Gleam|p1a: Amoonguss|[spread] p1a,p1b\n|-supereffective|p1b: Sableye\n|-damage|p1a: Amoonguss|52\/100 brn\n|-damage|p1b: Sableye|8\/100\n|-damage|p2a: Flutter Mane|81\/100|[from] item: Life Orb\n|move|p1a: Amoonguss|Spore|p2a: Flutter Mane\n|-status|p2a: Flutter Mane|slp|[from] move: Spore\n|\n|-damage|p1a: Amoonguss|46\/100 brn|[from] brn\n|-sideend|p2: wackomarko|move: Tailwind\n|upkeep\n|-enditem|p1a: Amoonguss|Sitrus Berry|[eat]\n|-heal|p1a: Amoonguss|71\/100 brn|[from] item: Sitrus Berry\n|turn|8\n|\n|t:|1683935903\n|-curestatus|p2b: Chien-Pao|slp|[msg]\n|move|p2b: Chien-Pao|Sucker Punch|p1b: Sableye\n|-damage|p1b: Sableye|0 fnt\n|faint|p1b: Sableye\n|cant|p2a: Flutter Mane|slp\n|move|p1a: Amoonguss|Pollen Puff|p1: Sableye|[notarget]\n|-fail|p1a: Amoonguss\n|\n|-damage|p1a: Amoonguss|65\/100 brn|[from] brn\n|-sideend|p1: BigCatfishMan|Reflect\n|upkeep\n|\n|t:|1683935912\n|switch|p1b: Kingambit|Kingambit, L50, F|100\/100\n|turn|9\n|\n|t:|1683935933\n|-end|p2a: Flutter Mane|Protosynthesis|[silent]\n|switch|p2a: Talonflame|Talonflame, L50, F, shiny|100\/100\n|move|p1a: Amoonguss|Rage Powder|p1a: Amoonguss\n|-singleturn|p1a: Amoonguss|move: Rage Powder\n|move|p1b: Kingambit|Sucker Punch|p2b: Chien-Pao\n|-resisted|p2b: Chien-Pao\n|-damage|p2b: Chien-Pao|0 fnt\n|faint|p2b: Chien-Pao\n|\n|-damage|p1a: Amoonguss|59\/100 brn|[from] brn\n|upkeep\n|\n|t:|1683935946\n|switch|p2b: Flutter Mane|Flutter Mane, L50, shiny|81\/100 slp\n|turn|10\n|\n|t:|1683935963\n|move|p1b: Kingambit|Protect|p1b: Kingambit\n|-singleturn|p1b: Kingambit|Protect\n|move|p2a: Talonflame|Taunt|p1a: Amoonguss\n|-start|p1a: Amoonguss|move: Taunt\n|cant|p2b: Flutter Mane|slp\n|cant|p1a: Amoonguss|move: Taunt|Spore\n|\n|-damage|p1a: Amoonguss|53\/100 brn|[from] brn\n|upkeep\n|turn|11\n|\n|t:|1683935982\n|move|p2a: Talonflame|Brave Bird|p1b: Kingambit\n|-resisted|p1b: Kingambit\n|-damage|p1b: Kingambit|86\/100\n|-damage|p2a: Talonflame|95\/100|[from] Recoil\n|move|p1b: Kingambit|Sucker Punch||[still]\n|-fail|p1b: Kingambit\n|cant|p2b: Flutter Mane|slp\n|move|p1a: Amoonguss|Pollen Puff|p2a: Talonflame\n|-resisted|p2a: Talonflame\n|-damage|p2a: Talonflame|89\/100\n|\n|-damage|p1a: Amoonguss|48\/100 brn|[from] brn\n|upkeep\n|turn|12\n|\n|t:|1683936005\n|move|p1b: Kingambit|Sucker Punch||[still]\n|-fail|p1b: Kingambit\n|move|p2a: Talonflame|Will-O-Wisp|p1b: Kingambit\n|-status|p1b: Kingambit|brn\n|-curestatus|p2b: Flutter Mane|slp|[msg]\n|move|p2b: Flutter Mane|Shadow Ball|p1b: Kingambit\n|-resisted|p1b: Kingambit\n|-damage|p1b: Kingambit|70\/100 brn\n|-damage|p2b: Flutter Mane|72\/100|[from] item: Life Orb\n|move|p1a: Amoonguss|Pollen Puff|p1b: Kingambit\n|-heal|p1b: Kingambit|100\/100 brn\n|\n|-damage|p1b: Kingambit|95\/100 brn|[from] brn\n|-damage|p1a: Amoonguss|42\/100 brn|[from] brn\n|-end|p1a: Amoonguss|move: Taunt\n|upkeep\n|turn|13\n|\n|t:|1683936028\n|move|p1a: Amoonguss|Protect|p1a: Amoonguss\n|-singleturn|p1a: Amoonguss|Protect\n|move|p2a: Talonflame|Brave Bird|p1a: Amoonguss\n|-activate|p1a: Amoonguss|move: Protect\n|move|p2b: Flutter Mane|Dazzling Gleam|p1a: Amoonguss|[spread] p1b\n|-activate|p1a: Amoonguss|move: Protect\n|-damage|p1b: Kingambit|66\/100 brn\n|-damage|p2b: Flutter Mane|62\/100|[from] item: Life Orb\n|move|p1b: Kingambit|Kowtow Cleave|p2a: Talonflame\n|-damage|p2a: Talonflame|53\/100\n|\n|-damage|p1b: Kingambit|60\/100 brn|[from] brn\n|-damage|p1a: Amoonguss|36\/100 brn|[from] brn\n|upkeep\n|turn|14\n|\n|t:|1683936047\n|move|p2a: Talonflame|Brave Bird|p1a: Amoonguss\n|-damage|p1a: Amoonguss|0 fnt\n|faint|p1a: Amoonguss\n|-damage|p2a: Talonflame|38\/100|[from] Recoil\n|move|p2b: Flutter Mane|Dazzling Gleam|p1b: Kingambit\n|-damage|p1b: Kingambit|26\/100 brn\n|-damage|p2b: Flutter Mane|53\/100|[from] item: Life Orb\n|move|p1b: Kingambit|Kowtow Cleave|p2b: Flutter Mane\n|-damage|p2b: Flutter Mane|0 fnt\n|faint|p2b: Flutter Mane\n|-end|p2b: Flutter Mane|Protosynthesis|[silent]\n|\n|-damage|p1b: Kingambit|20\/100 brn|[from] brn\n|-sideend|p1: BigCatfishMan|move: Light Screen\n|upkeep\n|\n|t:|1683936060\n|switch|p2b: Dragapult|Dragapult, L50, F, shiny|100\/100\n|turn|15\n|\n|t:|1683936069\n|-terastallize|p2b: Dragapult|Dragon\n|move|p1b: Kingambit|Sucker Punch|p2a: Talonflame\n|-damage|p2a: Talonflame|6\/100\n|move|p2b: Dragapult|Dragon Darts|p1b: Kingambit\n|-resisted|p1b: Kingambit\n|-damage|p1b: Kingambit|1\/100 brn\n|-anim|p2b: Dragapult|Dragon Darts|p1b: Kingambit\n|-resisted|p1b: Kingambit\n|-damage|p1b: Kingambit|0 fnt\n|faint|p1b: Kingambit\n|\n|win|wackomarko\n|raw|BigCatfishMan's rating: 1140 → 1112<\/strong> (-28 for losing)\n|raw|wackomarko's rating: 1104 → 1132<\/strong> (+28 for winning)\n|c|\u2606wackomarko|gg\n|l|\u2606BigCatfishMan\n","uploadtime":1683936084,"views":8,"p1id":"bigcatfishman","p2id":"wackomarko","formatid":"gen9vgc2023regulationc","rating":1112,"private":0,"password":""}