{"id":"gen9vgc2023regulationc-1851677587","p1":"VeeGey","p2":"Pokego9009","format":"[Gen 9] VGC 2023 Regulation C","log":"|j|\u2606VeeGey\n|j|\u2606Pokego9009\n|t:|1682468816\n|gametype|doubles\n|player|p1|VeeGey|265|1092\n|player|p2|Pokego9009|benga|1087\n|teamsize|p1|6\n|teamsize|p2|6\n|gen|9\n|tier|[Gen 9] VGC 2023 Regulation C\n|rated|\n|rule|Species Clause: Limit one of each Pok\u00e9mon\n|rule|Item Clause: Limit one of each item\n|clearpoke\n|poke|p1|Scovillain, L50, M|\n|poke|p1|Dragapult, L50, M|\n|poke|p1|Barraskewda, L50, F|\n|poke|p1|Squawkabilly, L50, M|\n|poke|p1|Golduck, L50, M|\n|poke|p1|Pelipper, L50, M|\n|poke|p2|Tropius, L50, F|\n|poke|p2|Pelipper, L50, M|\n|poke|p2|Garganacl, L50, M|\n|poke|p2|Dondozo, L50, F|\n|poke|p2|Tatsugiri-Droopy, L50, F|\n|poke|p2|Tauros-Paldea-Blaze, L50, M|\n|teampreview|4\n|inactive|Battle timer is ON: inactive players will automatically lose when time's up. (requested by VeeGey)\n|inactive|VeeGey has 60 seconds left.\n|\n|t:|1682468848\n|start\n|switch|p1a: Scovillain|Scovillain, L50, M|100\/100\n|switch|p1b: Dragapult|Dragapult, L50, M, shiny|100\/100\n|switch|p2a: Tropius|Tropius, L50, F|100\/100\n|switch|p2b: Garganacl|Garganacl, L50, M|100\/100\n|turn|1\n|\n|t:|1682468867\n|-terastallize|p1b: Dragapult|Steel\n|move|p1a: Scovillain|Spicy Extract|p1b: Dragapult\n|-fail|p1b: Dragapult|unboost|[from] ability: Clear Body|[of] p1b: Dragapult\n|-boost|p1b: Dragapult|atk|2\n|move|p1b: Dragapult|Tera Blast|p2b: Garganacl\n|-supereffective|p2b: Garganacl\n|-damage|p2b: Garganacl|0 fnt\n|faint|p2b: Garganacl\n|move|p2a: Tropius|Leech Seed|p1b: Dragapult\n|-start|p1b: Dragapult|move: Leech Seed\n|\n|-damage|p1b: Dragapult|88\/100|[from] Leech Seed|[of] p2a: Tropius\n|upkeep\n|\n|t:|1682468881\n|switch|p2b: Tatsugiri|Tatsugiri-Droopy, L50, F|100\/100\n|turn|2\n|\n|t:|1682468894\n|switch|p1a: Barraskewda|Barraskewda, L50, F|100\/100\n|move|p1b: Dragapult|Dragon Darts|p2a: Tropius\n|-damage|p2a: Tropius|61\/100\n|-anim|p1b: Dragapult|Dragon Darts|p2b: Tatsugiri\n|-supereffective|p2b: Tatsugiri\n|-damage|p2b: Tatsugiri|0 fnt\n|faint|p2b: Tatsugiri\n|move|p2a: Tropius|Substitute|p2a: Tropius\n|-start|p2a: Tropius|Substitute\n|-damage|p2a: Tropius|36\/100\n|-enditem|p2a: Tropius|Sitrus Berry|[eat]\n|-heal|p2a: Tropius|61\/100|[from] item: Sitrus Berry\n|\n|-damage|p1b: Dragapult|76\/100|[from] Leech Seed|[of] p2a: Tropius\n|-heal|p2a: Tropius|71\/100|[silent]\n|-item|p2a: Tropius|Sitrus Berry|[from] ability: Harvest\n|upkeep\n|\n|t:|1682468909\n|switch|p2b: Dondozo|Dondozo, L50, F|100\/100\n|turn|3\n|\n|t:|1682468925\n|move|p1b: Dragapult|Dragon Darts|p2b: Dondozo\n|-damage|p2b: Dondozo|67\/100\n|-anim|p1b: Dragapult|Dragon Darts|p2a: Tropius\n|-end|p2a: Tropius|Substitute\n|move|p1a: Barraskewda|Ice Fang|p2a: Tropius\n|-supereffective|p2a: Tropius\n|-damage|p2a: Tropius|0 fnt\n|faint|p2a: Tropius\n|move|p2b: Dondozo|Body Press|p1b: Dragapult\n|-supereffective|p1b: Dragapult\n|-damage|p1b: Dragapult|24\/100\n|\n|upkeep\n|turn|4\n|inactive|Pokego9009 has 30 seconds left.\n|\n|t:|1682468955\n|switch|p1a: Scovillain|Scovillain, L50, M|100\/100\n|move|p1b: Dragapult|Dragon Darts|p2b: Dondozo\n|-damage|p2b: Dondozo|35\/100\n|-anim|p1b: Dragapult|Dragon Darts|p2b: Dondozo\n|-damage|p2b: Dondozo|2\/100\n|move|p2b: Dondozo|Order Up|p1b: Dragapult\n|-resisted|p1b: Dragapult\n|-damage|p1b: Dragapult|12\/100\n|\n|upkeep\n|turn|5\n|\n|t:|1682468967\n|move|p1a: Scovillain|Energy Ball|p2b: Dondozo\n|-supereffective|p2b: Dondozo\n|-damage|p2b: Dondozo|0 fnt\n|faint|p2b: Dondozo\n|\n|win|VeeGey\n|raw|VeeGey's rating: 1092 → 1118<\/strong> (+26 for winning)\n|raw|Pokego9009's rating: 1087 → 1064<\/strong> (-23 for losing)\n|l|\u2606Pokego9009\n|c|\u2606VeeGey|Gg\n","uploadtime":1682468977,"views":14,"p1id":"veegey","p2id":"pokego9009","formatid":"gen9vgc2023regulationc","rating":1064,"private":0,"password":""}