{"id":"gen9vgc2023regulationc-1862582163","p1":"revocolombia","p2":"ThatGuyTi","format":"[Gen 9] VGC 2023 Regulation C","log":"|j|\u2606revocolombia\n|j|\u2606ThatGuyTi\n|t:|1683902801\n|gametype|doubles\n|player|p1|revocolombia|pokemonranger-gen4|1363\n|player|p2|ThatGuyTi|lance|1264\n|teamsize|p1|6\n|teamsize|p2|6\n|gen|9\n|tier|[Gen 9] VGC 2023 Regulation C\n|rated|\n|rule|Species Clause: Limit one of each Pok\u00e9mon\n|rule|Item Clause: Limit one of each item\n|clearpoke\n|poke|p1|Flutter Mane, L50|\n|poke|p1|Great Tusk, L50|\n|poke|p1|Dragonite, L50, F|\n|poke|p1|Chien-Pao, L50|\n|poke|p1|Murkrow, L50, M|\n|poke|p1|Gholdengo, L50|\n|poke|p2|Abomasnow, L50, F|\n|poke|p2|Iron Bundle, L50|\n|poke|p2|Indeedee-F, L50, F|\n|poke|p2|Annihilape, L50, M|\n|poke|p2|Chi-Yu, L50|\n|poke|p2|Meowscarada, L50, M|\n|teampreview|4\n|j| A Borygon\n|l| A Borygon\n|\n|t:|1683902867\n|start\n|switch|p1a: Murkrow|Murkrow, L50, M|100\/100\n|switch|p1b: Great Tusk|Great Tusk, L50|100\/100\n|switch|p2a: Abomasnow|Abomasnow, L50, F, shiny|100\/100\n|switch|p2b: Indeedee|Indeedee-F, L50, F|100\/100\n|-fieldstart|move: Psychic Terrain|[from] ability: Psychic Surge|[of] p2b: Indeedee\n|-enditem|p2b: Indeedee|Psychic Seed\n|-boost|p2b: Indeedee|spd|1|[from] item: Psychic Seed\n|-weather|Snow|[from] ability: Snow Warning|[of] p2a: Abomasnow\n|turn|1\n|\n|t:|1683902891\n|-terastallize|p1b: Great Tusk|Fire\n|move|p2b: Indeedee|Follow Me|p2b: Indeedee\n|-singleturn|p2b: Indeedee|move: Follow Me\n|move|p1a: Murkrow|Sunny Day|p1a: Murkrow\n|-weather|SunnyDay\n|-activate|p1b: Great Tusk|ability: Protosynthesis\n|-start|p1b: Great Tusk|protosynthesisatk\n|move|p1b: Great Tusk|Rock Slide|p2a: Abomasnow|[spread] p2a,p2b\n|-supereffective|p2a: Abomasnow\n|-damage|p2a: Abomasnow|40\/100\n|-damage|p2b: Indeedee|68\/100\n|move|p2a: Abomasnow|Aurora Veil||[still]\n|-fail|p2a: Abomasnow\n|\n|-weather|SunnyDay|[upkeep]\n|upkeep\n|turn|2\n|\n|t:|1683902922\n|switch|p2a: Chi-Yu|Chi-Yu, L50|100\/100\n|-ability|p2a: Chi-Yu|Beads of Ruin\n|move|p1a: Murkrow|Tailwind|p1a: Murkrow\n|-sidestart|p1: revocolombia|move: Tailwind\n|move|p1b: Great Tusk|Rock Slide|p2b: Indeedee|[spread] p2a,p2b\n|-supereffective|p2a: Chi-Yu\n|-crit|p2a: Chi-Yu\n|-enditem|p2a: Chi-Yu|Focus Sash\n|-damage|p2a: Chi-Yu|1\/100\n|-damage|p2b: Indeedee|33\/100\n|move|p2b: Indeedee|Dazzling Gleam|p1b: Great Tusk|[spread] p1a,p1b\n|-supereffective|p1a: Murkrow\n|-resisted|p1b: Great Tusk\n|-damage|p1a: Murkrow|67\/100\n|-damage|p1b: Great Tusk|89\/100\n|\n|-weather|SunnyDay|[upkeep]\n|upkeep\n|turn|3\n|\n|t:|1683902942\n|switch|p1a: Dragonite|Dragonite, L50, F|100\/100\n|move|p2a: Chi-Yu|Protect|p2a: Chi-Yu\n|-singleturn|p2a: Chi-Yu|Protect\n|move|p1b: Great Tusk|Earthquake|p2b: Indeedee|[spread] p2b\n|-activate|p2a: Chi-Yu|move: Protect\n|-immune|p1a: Dragonite\n|-damage|p2b: Indeedee|0 fnt\n|faint|p2b: Indeedee\n|\n|-weather|SunnyDay|[upkeep]\n|upkeep\n|\n|t:|1683902952\n|switch|p2b: Abomasnow|Abomasnow, L50, F, shiny|40\/100\n|-weather|Snow|[from] ability: Snow Warning|[of] p2b: Abomasnow\n|-end|p1b: Great Tusk|Protosynthesis\n|turn|4\n|\n|t:|1683902979\n|switch|p1a: Murkrow|Murkrow, L50, M|67\/100\n|move|p1b: Great Tusk|Earthquake|p2b: Abomasnow|[spread] p2a,p2b\n|-immune|p1a: Murkrow\n|-supereffective|p2a: Chi-Yu\n|-resisted|p2b: Abomasnow\n|-damage|p2a: Chi-Yu|0 fnt\n|-damage|p2b: Abomasnow|25\/100\n|faint|p2a: Chi-Yu\n|move|p2b: Abomasnow|Blizzard|p1b: Great Tusk|[spread] p1a,p1b\n|-supereffective|p1a: Murkrow\n|-resisted|p1b: Great Tusk\n|-damage|p1a: Murkrow|9\/100\n|-damage|p1b: Great Tusk|69\/100\n|\n|-weather|Snow|[upkeep]\n|upkeep\n|\n|t:|1683902991\n|switch|p2a: Iron Bundle|Iron Bundle, L50|100\/100\n|-enditem|p2a: Iron Bundle|Booster Energy\n|-activate|p2a: Iron Bundle|ability: Quark Drive|[fromitem]\n|-start|p2a: Iron Bundle|quarkdrivespe\n|turn|5\n|\n|t:|1683903009\n|move|p1a: Murkrow|Sunny Day|p1a: Murkrow\n|-weather|SunnyDay\n|-activate|p1b: Great Tusk|ability: Protosynthesis\n|-start|p1b: Great Tusk|protosynthesisatk\n|move|p2a: Iron Bundle|Hydro Pump|p1b: Great Tusk\n|-supereffective|p1b: Great Tusk\n|-damage|p1b: Great Tusk|0 fnt\n|faint|p1b: Great Tusk\n|-end|p1b: Great Tusk|Protosynthesis|[silent]\n|move|p2b: Abomasnow|Blizzard|p1a: Murkrow|[miss]\n|-miss|p2b: Abomasnow|p1a: Murkrow\n|\n|-weather|SunnyDay|[upkeep]\n|-sideend|p1: revocolombia|move: Tailwind\n|-fieldend|move: Psychic Terrain\n|upkeep\n|\n|t:|1683903028\n|switch|p1b: Flutter Mane|Flutter Mane, L50|100\/100\n|-activate|p1b: Flutter Mane|ability: Protosynthesis\n|-start|p1b: Flutter Mane|protosynthesisspa\n|turn|6\n|\n|t:|1683903062\n|-terastallize|p2a: Iron Bundle|Ice\n|move|p1a: Murkrow|Tailwind|p1a: Murkrow\n|-sidestart|p1: revocolombia|move: Tailwind\n|move|p1b: Flutter Mane|Dazzling Gleam|p2b: Abomasnow|[spread] p2a,p2b\n|-crit|p2b: Abomasnow\n|-damage|p2a: Iron Bundle|7\/100\n|-damage|p2b: Abomasnow|0 fnt\n|faint|p2b: Abomasnow\n|move|p2a: Iron Bundle|Blizzard|p1b: Flutter Mane|[spread] \n|-miss|p2a: Iron Bundle|p1a: Murkrow\n|-miss|p2a: Iron Bundle|p1b: Flutter Mane\n|\n|-weather|SunnyDay|[upkeep]\n|upkeep\n|turn|7\n|-message|ThatGuyTi forfeited.\n|\n|win|revocolombia\n|raw|revocolombia's rating: 1363 → 1377<\/strong> (+14 for winning)\n|raw|ThatGuyTi's rating: 1264 → 1246<\/strong> (-18 for losing)\n|l|\u2606ThatGuyTi\n","uploadtime":1683903078,"views":8,"p1id":"revocolombia","p2id":"thatguyti","formatid":"gen9vgc2023regulationc","rating":1246,"private":0,"password":""}