{"id":"gen9vgc2023regulationc-1855217055","p1":"19402u","p2":"Superbian","format":"[Gen 9] VGC 2023 Regulation C","log":"|j|\u260619402u\n|j|\u2606Superbian\n|t:|1682916738\n|gametype|doubles\n|player|p1|19402u|1|1441\n|player|p2|Superbian|veteran|1504\n|teamsize|p1|6\n|teamsize|p2|6\n|gen|9\n|tier|[Gen 9] VGC 2023 Regulation C\n|rated|\n|rule|Species Clause: Limit one of each Pok\u00e9mon\n|rule|Item Clause: Limit one of each item\n|clearpoke\n|poke|p1|Torkoal, L50, M|\n|poke|p1|Jumpluff, L50, M|\n|poke|p1|Flutter Mane, L50|\n|poke|p1|Chien-Pao, L50|\n|poke|p1|Kingambit, L50, F|\n|poke|p1|Great Tusk, L50|\n|poke|p2|Maushold-Four, L50|\n|poke|p2|Annihilape, L50, F|\n|poke|p2|Arcanine, L50, F|\n|poke|p2|Iron Bundle, L50|\n|poke|p2|Gholdengo, L50|\n|poke|p2|Roaring Moon, L50|\n|teampreview|4\n19402u has agreed to open team sheets.\nSuperbian has agreed to open team sheets.\n|\n|t:|1682916787\n|start\n|switch|p1a: Torkoal|Torkoal, L50, M|100\/100\n|switch|p1b: Jumpluff|Jumpluff, L50, M|100\/100\n|switch|p2a: Maushold|Maushold-Four, L50|100\/100\n|switch|p2b: Annihilape|Annihilape, L50, F|100\/100\n|-weather|SunnyDay|[from] ability: Drought|[of] p1a: Torkoal\n|turn|1\n|\n|t:|1682916821\n|-terastallize|p2b: Annihilape|Water\n|move|p2a: Maushold|Follow Me|p2a: Maushold\n|-singleturn|p2a: Maushold|move: Follow Me\n|move|p1b: Jumpluff|Sleep Powder|p2a: Maushold\n|-activate|p2a: Maushold|item: Safety Goggles|Sleep Powder\n|move|p2b: Annihilape|Bulk Up|p2b: Annihilape\n|-boost|p2b: Annihilape|atk|1\n|-boost|p2b: Annihilape|def|1\n|move|p1a: Torkoal|Yawn|p2a: Maushold\n|-start|p2a: Maushold|move: Yawn|[of] p1a: Torkoal\n|\n|-weather|SunnyDay|[upkeep]\n|upkeep\n|turn|2\n|j| THUNDERSND77\n|j| 0hMaGawd\n|\n|t:|1682916849\n|switch|p2a: Arcanine|Arcanine, L50, F|100\/100\n|-ability|p2a: Arcanine|Intimidate|boost\n|-unboost|p1a: Torkoal|atk|1\n|-enditem|p1a: Torkoal|Eject Pack\n|-unboost|p1b: Jumpluff|atk|1\n|\n|t:|1682916858\n|switch|p1a: Flutter Mane|Flutter Mane, L50, shiny|100\/100\n|-activate|p1a: Flutter Mane|ability: Protosynthesis\n|-start|p1a: Flutter Mane|protosynthesisspa\n|move|p2b: Annihilape|Protect|p2b: Annihilape\n|-singleturn|p2b: Annihilape|Protect\n|move|p1b: Jumpluff|Encore|p2b: Annihilape\n|-activate|p2b: Annihilape|move: Protect\n|\n|-weather|SunnyDay|[upkeep]\n|upkeep\n|turn|3\n|\n|t:|1682916888\n|-end|p1a: Flutter Mane|Protosynthesis|[silent]\n|switch|p1a: Torkoal|Torkoal, L50, M|100\/100\n|switch|p2b: Maushold|Maushold-Four, L50|100\/100\n|move|p1b: Jumpluff|Encore||[still]\n|-fail|p1b: Jumpluff\n|move|p2a: Arcanine|Flare Blitz|p1b: Jumpluff\n|-supereffective|p1b: Jumpluff\n|-crit|p1b: Jumpluff\n|-damage|p1b: Jumpluff|0 fnt\n|faint|p1b: Jumpluff\n|-damage|p2a: Arcanine|70\/100|[from] Recoil\n|\n|-weather|SunnyDay|[upkeep]\n|upkeep\n|j| TempoMaister\n|\n|t:|1682916911\n|switch|p1b: Great Tusk|Great Tusk, L50|100\/100\n|-activate|p1b: Great Tusk|ability: Protosynthesis\n|-start|p1b: Great Tusk|protosynthesisatk\n|turn|4\n|l| 0hMaGawd\n|\n|t:|1682916942\n|switch|p2a: Annihilape|Annihilape, L50, F, tera:Water|100\/100\n|move|p2b: Maushold|Protect|p2b: Maushold\n|-singleturn|p2b: Maushold|Protect\n|move|p1b: Great Tusk|Headlong Rush|p2a: Annihilape\n|-damage|p2a: Annihilape|43\/100\n|-unboost|p1b: Great Tusk|def|1\n|-unboost|p1b: Great Tusk|spd|1\n|move|p1a: Torkoal|Yawn|p2b: Maushold\n|-activate|p2b: Maushold|move: Protect\n|\n|-weather|SunnyDay|[upkeep]\n|-heal|p2a: Annihilape|49\/100|[from] item: Leftovers\n|upkeep\n|turn|5\n|\n|t:|1682916972\n|move|p2b: Maushold|Follow Me|p2b: Maushold\n|-singleturn|p2b: Maushold|move: Follow Me\n|move|p1b: Great Tusk|Headlong Rush|p2b: Maushold\n|-damage|p2b: Maushold|2\/100\n|-unboost|p1b: Great Tusk|def|1\n|-unboost|p1b: Great Tusk|spd|1\n|move|p2a: Annihilape|Rage Fist|p1b: Great Tusk\n|-damage|p1b: Great Tusk|38\/100\n|move|p1a: Torkoal|Overheat|p2b: Maushold\n|-damage|p2b: Maushold|0 fnt\n|-unboost|p1a: Torkoal|spa|2\n|faint|p2b: Maushold\n|\n|-weather|none\n|-end|p1b: Great Tusk|Protosynthesis\n|-heal|p2a: Annihilape|55\/100|[from] item: Leftovers\n|upkeep\n|l| TempoMaister\n|\n|t:|1682917009\n|switch|p2b: Arcanine|Arcanine, L50, F|70\/100\n|-ability|p2b: Arcanine|Intimidate|boost\n|-unboost|p1a: Torkoal|atk|1\n|-unboost|p1b: Great Tusk|atk|1\n|turn|6\n|\n|t:|1682917022\n|move|p2b: Arcanine|Extreme Speed|p1b: Great Tusk\n|-damage|p1b: Great Tusk|4\/100\n|move|p1b: Great Tusk|Headlong Rush|p2b: Arcanine\n|-supereffective|p2b: Arcanine\n|-damage|p2b: Arcanine|0 fnt\n|-unboost|p1b: Great Tusk|def|1\n|-unboost|p1b: Great Tusk|spd|1\n|faint|p2b: Arcanine\n|move|p2a: Annihilape|Rage Fist|p1a: Torkoal\n|-damage|p1a: Torkoal|63\/100\n|move|p1a: Torkoal|Yawn|p2a: Annihilape\n|-start|p2a: Annihilape|move: Yawn|[of] p1a: Torkoal\n|\n|-heal|p2a: Annihilape|62\/100|[from] item: Leftovers\n|upkeep\n|\n|t:|1682917028\n|switch|p2b: Iron Bundle|Iron Bundle, L50|100\/100\n|turn|7\n|\n|t:|1682917054\n|move|p2b: Iron Bundle|Protect|p2b: Iron Bundle\n|-singleturn|p2b: Iron Bundle|Protect\n|move|p1a: Torkoal|Protect|p1a: Torkoal\n|-singleturn|p1a: Torkoal|Protect\n|move|p1b: Great Tusk|Headlong Rush|p2b: Iron Bundle\n|-activate|p2b: Iron Bundle|move: Protect\n|move|p2a: Annihilape|Rage Fist|p1b: Great Tusk\n|-damage|p1b: Great Tusk|0 fnt\n|faint|p1b: Great Tusk\n|-end|p1b: Great Tusk|Protosynthesis|[silent]\n|\n|-heal|p2a: Annihilape|68\/100|[from] item: Leftovers\n|-end|p2a: Annihilape|move: Yawn|[silent]\n|-status|p2a: Annihilape|slp\n|upkeep\n|\n|t:|1682917056\n|switch|p1b: Flutter Mane|Flutter Mane, L50, shiny|100\/100\n|turn|8\n|\n|t:|1682917091\n|-terastallize|p1a: Torkoal|Grass\n|move|p2b: Iron Bundle|Encore|p1a: Torkoal\n|-start|p1a: Torkoal|Encore\n|move|p1b: Flutter Mane|Moonblast|p2b: Iron Bundle\n|-damage|p2b: Iron Bundle|0 fnt\n|faint|p2b: Iron Bundle\n|-end|p2b: Iron Bundle|Quark Drive|[silent]\n|cant|p2a: Annihilape|slp\n|move|p1a: Torkoal|Protect||[still]\n|-fail|p1a: Torkoal\n|\n|-heal|p2a: Annihilape|74\/100 slp|[from] item: Leftovers\n|upkeep\n|turn|9\n|\n|t:|1682917117\n|move|p1a: Torkoal|Protect|p1a: Torkoal\n|-singleturn|p1a: Torkoal|Protect\n|move|p1b: Flutter Mane|Moonblast|p2a: Annihilape\n|-damage|p2a: Annihilape|21\/100 slp\n|cant|p2a: Annihilape|slp\n|\n|-heal|p2a: Annihilape|27\/100 slp|[from] item: Leftovers\n|upkeep\n|turn|10\n|\n|t:|1682917126\n|move|p1a: Torkoal|Protect|p1a: Torkoal\n|-singleturn|p1a: Torkoal|Protect\n|move|p1b: Flutter Mane|Moonblast|p2a: Annihilape\n|-damage|p2a: Annihilape|0 fnt\n|faint|p2a: Annihilape\n|\n|win|19402u\n|raw|19402u's rating: 1441 → 1465<\/strong> (+24 for winning)\n|raw|Superbian's rating: 1504 → 1480<\/strong> (-24 for losing)\n|l|\u2606Superbian\n|l| THUNDERSND77\n|l|\u260619402u\n","uploadtime":1682917154,"views":15,"p1id":"19402u","p2id":"superbian","formatid":"gen9vgc2023regulationc","rating":1465,"private":0,"password":""}