{"id":"gen9vgc2023regulationc-1849338370","p1":"BigNiku","p2":"hg4084HG","format":"[Gen 9] VGC 2023 Regulation C","log":"|j|\u2606BigNiku\n|j|\u2606hg4084HG\n|t:|1682187484\n|gametype|doubles\n|player|p1|BigNiku|169|1031\n|player|p2|hg4084HG|170|1061\n|teamsize|p1|6\n|teamsize|p2|6\n|gen|9\n|tier|[Gen 9] VGC 2023 Regulation C\n|rated|\n|rule|Species Clause: Limit one of each Pok\u00e9mon\n|rule|Item Clause: Limit one of each item\n|clearpoke\n|poke|p1|Lycanroc-Midnight, L50, M|\n|poke|p1|Ting-Lu, L50|\n|poke|p1|Indeedee-F, L50, F|\n|poke|p1|Amoonguss, L50, F|\n|poke|p1|Arcanine, L50, F|\n|poke|p1|Gothitelle, L50, F|\n|poke|p2|Pawmot, L50, M|\n|poke|p2|Breloom, L50, M|\n|poke|p2|Hydreigon, L50, M|\n|poke|p2|Skeledirge, L50, M|\n|poke|p2|Garganacl, L50, F|\n|poke|p2|Meowscarada, L50, F|\n|teampreview|4\n|j| Skalamate\nBigNiku rejected open team sheets.\n|inactive|Battle timer is ON: inactive players will automatically lose when time's up. (requested by BigNiku)\n|\n|t:|1682187536\n|start\n|switch|p1a: Lycanroc|Lycanroc-Midnight, L50, M|100\/100\n|switch|p1b: Gothitelle|Gothitelle, L50, F|100\/100\n|switch|p2a: Garganacl|Garganacl, L50, F|100\/100\n|switch|p2b: Breloom|Breloom, L50, M|100\/100\n|-item|p2a: Garganacl|Air Balloon\n|turn|1\n|inactive|BigNiku has 30 seconds left.\n|\n|t:|1682187566\n|move|p1a: Lycanroc|Close Combat|p2a: Garganacl\n|-supereffective|p2a: Garganacl\n|-damage|p2a: Garganacl|32\/100\n|-unboost|p1a: Lycanroc|def|1\n|-unboost|p1a: Lycanroc|spd|1\n|-enditem|p2a: Garganacl|Air Balloon\n|move|p2b: Breloom|Drain Punch|p1a: Lycanroc\n|-supereffective|p1a: Lycanroc\n|-enditem|p1a: Lycanroc|Focus Sash\n|-damage|p1a: Lycanroc|1\/100\n|move|p1b: Gothitelle|Skill Swap|p1a: Lycanroc\n|-activate|p1b: Gothitelle|move: Skill Swap|||[of] p1a: Lycanroc\n|move|p2a: Garganacl|Salt Cure|p1b: Gothitelle\n|-damage|p1b: Gothitelle|82\/100\n|-start|p1b: Gothitelle|Salt Cure\n|\n|-damage|p1b: Gothitelle|69\/100|[from] Salt Cure\n|upkeep\n|turn|2\n|inactive|hg4084HG has 30 seconds left.\n|inactive|hg4084HG has 20 seconds left.\n|inactive|hg4084HG has 15 seconds left.\n|\n|t:|1682187607\n|switch|p1a: Ting-Lu|Ting-Lu, L50|100\/100\n|-ability|p1a: Ting-Lu|Vessel of Ruin\n|move|p2b: Breloom|Seed Bomb|p1b: Gothitelle\n|-damage|p1b: Gothitelle|28\/100\n|-enditem|p1b: Gothitelle|Sitrus Berry|[eat]\n|-heal|p1b: Gothitelle|53\/100|[from] item: Sitrus Berry\n|move|p1b: Gothitelle|Skill Swap|p1a: Ting-Lu\n|-activate|p1b: Gothitelle|move: Skill Swap|||[of] p1a: Ting-Lu\n|-ability|p1b: Gothitelle|Vessel of Ruin\n|move|p2a: Garganacl|Rock Slide|p1b: Gothitelle|[spread] p1a,p1b\n|-resisted|p1a: Ting-Lu\n|-damage|p1a: Ting-Lu|94\/100\n|-damage|p1b: Gothitelle|28\/100\n|\n|-damage|p1b: Gothitelle|15\/100|[from] Salt Cure\n|upkeep\n|turn|3\n|inactive|hg4084HG has 30 seconds left.\n|inactive|hg4084HG has 20 seconds left.\n|inactive|hg4084HG has 15 seconds left.\n|inactive|hg4084HG has 10 seconds left.\n|\n|t:|1682187656\n|move|p2b: Breloom|Seed Bomb|p1a: Ting-Lu\n|-supereffective|p1a: Ting-Lu\n|-damage|p1a: Ting-Lu|48\/100\n|move|p2a: Garganacl|Rock Slide|p1b: Gothitelle|[spread] p1a,p1b\n|-resisted|p1a: Ting-Lu\n|-damage|p1a: Ting-Lu|41\/100\n|-damage|p1b: Gothitelle|0 fnt\n|faint|p1b: Gothitelle\n|move|p1a: Ting-Lu|Fissure|p2b: Breloom\n|-damage|p2b: Breloom|0 fnt\n|faint|p2b: Breloom\n|-ohko\n|\n|upkeep\n|\n|t:|1682187668\n|switch|p2b: Meowscarada|Meowscarada, L50, F|100\/100\n|switch|p1b: Indeedee|Indeedee-F, L50, F|100\/100\n|-fieldstart|move: Psychic Terrain|[from] ability: Psychic Surge|[of] p1b: Indeedee\n|turn|4\n|inactive|BigNiku has 30 seconds left.\n|\n|t:|1682187694\n|-terastallize|p1b: Indeedee|Steel\n|move|p1b: Indeedee|Follow Me|p1b: Indeedee\n|-singleturn|p1b: Indeedee|move: Follow Me\n|move|p2b: Meowscarada|Knock Off|p1b: Indeedee\n|-start|p2b: Meowscarada|typechange|Dark|[from] ability: Protean\n|-damage|p1b: Indeedee|38\/100\n|-enditem|p1b: Indeedee|Aguav Berry|[from] move: Knock Off|[of] p2b: Meowscarada\n|-damage|p2b: Meowscarada|91\/100|[from] item: Life Orb\n|move|p2a: Garganacl|Salt Cure|p1b: Indeedee\n|-resisted|p1b: Indeedee\n|-damage|p1b: Indeedee|29\/100\n|-start|p1b: Indeedee|Salt Cure\n|move|p1a: Ting-Lu|Fissure|p2b: Meowscarada\n|-damage|p2b: Meowscarada|0 fnt\n|faint|p2b: Meowscarada\n|-ohko\n|\n|-damage|p1b: Indeedee|4\/100|[from] Salt Cure\n|upkeep\n|\n|t:|1682187710\n|switch|p2b: Skeledirge|Skeledirge, L50, M|100\/100\n|turn|5\n|\n|t:|1682187727\n|move|p1b: Indeedee|Follow Me|p1b: Indeedee\n|-singleturn|p1b: Indeedee|move: Follow Me\n|move|p2b: Skeledirge|Torch Song|p1b: Indeedee\n|-supereffective|p1b: Indeedee\n|-damage|p1b: Indeedee|0 fnt\n|-boost|p2b: Skeledirge|spa|1\n|faint|p1b: Indeedee\n|move|p2a: Garganacl|Rock Slide|p1a: Ting-Lu\n|-resisted|p1a: Ting-Lu\n|-damage|p1a: Ting-Lu|32\/100\n|move|p1a: Ting-Lu|Fissure|p2b: Skeledirge\n|-damage|p2b: Skeledirge|0 fnt\n|faint|p2b: Skeledirge\n|-ohko\n|\n|upkeep\n|\n|t:|1682187733\n|switch|p1b: Lycanroc|Lycanroc-Midnight, L50, M|1\/100\n|turn|6\n|\n|t:|1682187744\n|move|p1b: Lycanroc|Close Combat|p2a: Garganacl\n|-supereffective|p2a: Garganacl\n|-damage|p2a: Garganacl|0 fnt\n|-unboost|p1b: Lycanroc|def|1\n|-unboost|p1b: Lycanroc|spd|1\n|faint|p2a: Garganacl\n|\n|win|BigNiku\n|raw|BigNiku's rating: 1020 → 1061<\/strong> (+41 for winning)\n|raw|hg4084HG's rating: 1061 → 1040<\/strong> (-21 for losing)\n|l|\u2606hg4084HG\n","uploadtime":1682187789,"views":6,"p1id":"bigniku","p2id":"hg4084hg","formatid":"gen9vgc2023regulationc","rating":1040,"private":0,"password":""}