{"id":"gen9vgc2023regulationc-1854441173","p1":"Texas Landsharks","p2":"gazzlb","format":"[Gen 9] VGC 2023 Regulation C","log":"|j|\u2606Texas Landsharks\n|j|\u2606gazzlb\n|t:|1682811292\n|gametype|doubles\n|player|p1|Texas Landsharks|cynthia|\n|player|p2|gazzlb|170|\n|teamsize|p1|6\n|teamsize|p2|6\n|gen|9\n|tier|[Gen 9] VGC 2023 Regulation C\n|rule|Species Clause: Limit one of each Pok\u00e9mon\n|rule|Item Clause: Limit one of each item\n|clearpoke\n|poke|p1|Spiritomb, L50, M|\n|poke|p1|Torkoal, L50, M|\n|poke|p1|Sandy Shocks, L50|\n|poke|p1|Revavroom, L50, M|\n|poke|p1|Dragonite, L50, F|\n|poke|p1|Hariyama, L50, F|\n|poke|p2|Indeedee-F, L50, F|\n|poke|p2|Armarouge, L50, M|\n|poke|p2|Dachsbun, L50, M|\n|poke|p2|Hippowdon, L50, F|\n|poke|p2|Lycanroc, L50, M|\n|poke|p2|Falinks, L50|\n|teampreview|4\n|j| Jay Jingles\n|j| Kyogre Canucks\n|c|\u2606gazzlb|g3\n|j| Dogzie\n|j| anthonynn\nTexas Landsharks rejected open team sheets.\n|c| anthonynn|May the odds...be ever in your favour tributes\n|\n|t:|1682811962\n|start\n|switch|p1a: Dragonite|Dragonite, L50, F|100\/100\n|switch|p1b: Hariyama|Hariyama, L50, F|100\/100\n|switch|p2a: Armarouge|Armarouge, L50, M, shiny|100\/100\n|switch|p2b: Dachsbun|Dachsbun, L50, M|100\/100\n|turn|1\n|\n|t:|1682812002\n|switch|p2b: Indeedee|Indeedee-F, L50, F|100\/100\n|-fieldstart|move: Psychic Terrain|[from] ability: Psychic Surge|[of] p2b: Indeedee\n|-enditem|p2b: Indeedee|Psychic Seed\n|-boost|p2b: Indeedee|spd|1|[from] item: Psychic Seed\n|-terastallize|p2a: Armarouge|Grass\n|-terastallize|p1a: Dragonite|Water\n|move|p1b: Hariyama|Detect|p1b: Hariyama\n|-singleturn|p1b: Hariyama|Protect\n|move|p2a: Armarouge|Expanding Force|p1a: Dragonite|[spread] p1a\n|-activate|p1b: Hariyama|move: Protect\n|-damage|p1a: Dragonite|84\/100\n|move|p1a: Dragonite|Chilling Water|p2b: Indeedee\n|-damage|p2b: Indeedee|83\/100\n|-unboost|p2b: Indeedee|atk|1\n|\n|-status|p1b: Hariyama|brn|[from] item: Flame Orb\n|upkeep\n|turn|2\n|j| kevsmoreno\n|\n|t:|1682812036\n|switch|p1b: Spiritomb|Spiritomb, L50, M|100\/100\n|move|p2b: Indeedee|Follow Me|p2b: Indeedee\n|-singleturn|p2b: Indeedee|move: Follow Me\n|move|p2a: Armarouge|Expanding Force|p1b: Spiritomb|[spread] p1a\n|-immune|p1b: Spiritomb\n|-damage|p1a: Dragonite|56\/100\n|move|p1a: Dragonite|Fire Spin|p2b: Indeedee\n|-damage|p2b: Indeedee|77\/100\n|-activate|p2b: Indeedee|move: Fire Spin|[of] p1a: Dragonite\n|\n|-damage|p2b: Indeedee|64\/100|[from] move: Fire Spin|[partiallytrapped]\n|upkeep\n|turn|3\n|j| Memebasedgod\n|\n|t:|1682812060\n|switch|p2a: Dachsbun|Dachsbun, L50, M|100\/100\n|move|p2b: Indeedee|Dazzling Gleam|p1a: Dragonite|[spread] p1a,p1b\n|-supereffective|p1b: Spiritomb\n|-damage|p1a: Dragonite|48\/100\n|-damage|p1b: Spiritomb|70\/100\n|move|p1a: Dragonite|Dragon Pulse|p2a: Dachsbun\n|-immune|p2a: Dachsbun\n|move|p1b: Spiritomb|Snarl|p2a: Dachsbun|[spread] p2a,p2b\n|-resisted|p2a: Dachsbun\n|-supereffective|p2b: Indeedee\n|-damage|p2a: Dachsbun|92\/100\n|-damage|p2b: Indeedee|47\/100\n|-unboost|p2a: Dachsbun|spa|1\n|-unboost|p2b: Indeedee|spa|1\n|\n|-damage|p2b: Indeedee|35\/100|[from] move: Fire Spin|[partiallytrapped]\n|upkeep\n|turn|4\n|\n|t:|1682812080\n|switch|p1b: Revavroom|Revavroom, L50, M|100\/100\n|move|p2b: Indeedee|Dazzling Gleam|p1a: Dragonite|[spread] p1a,p1b\n|-resisted|p1b: Revavroom\n|-damage|p1a: Dragonite|43\/100\n|-damage|p1b: Revavroom|97\/100\n|move|p1a: Dragonite|Chilling Water|p2a: Dachsbun\n|-damage|p2a: Dachsbun|60\/100\n|-unboost|p2a: Dachsbun|atk|1\n|move|p2a: Dachsbun|Roar|p1b: Revavroom\n|drag|p1b: Hariyama|Hariyama, L50, F|100\/100 brn\n|\n|-damage|p1b: Hariyama|95\/100 brn|[from] brn\n|-damage|p2b: Indeedee|23\/100|[from] move: Fire Spin|[partiallytrapped]\n|upkeep\n|turn|5\n|\n|t:|1682812106\n|move|p2b: Indeedee|Helping Hand|p2a: Dachsbun\n|-singleturn|p2a: Dachsbun|Helping Hand|[of] p2b: Indeedee\n|move|p1b: Hariyama|Detect|p1b: Hariyama\n|-singleturn|p1b: Hariyama|Protect\n|move|p2a: Dachsbun|Play Rough|p1a: Dragonite\n|-damage|p1a: Dragonite|14\/100\n|move|p1a: Dragonite|Chilling Water|p2a: Dachsbun\n|-damage|p2a: Dachsbun|28\/100\n|-unboost|p2a: Dachsbun|atk|1\n|\n|-damage|p1b: Hariyama|89\/100 brn|[from] brn\n|-damage|p2b: Indeedee|10\/100|[from] move: Fire Spin|[partiallytrapped]\n|-fieldend|move: Psychic Terrain\n|upkeep\n|turn|6\n|c| anthonynn|You have both been relegated to PokeBall Tier with Fire Spin and Roar shenanigans\n|\n|t:|1682812133\n|switch|p2a: Armarouge|Armarouge, L50, M, shiny, tera:Grass|100\/100\n|move|p2b: Indeedee|Dazzling Gleam|p1a: Dragonite|[spread] p1a,p1b\n|-supereffective|p1b: Hariyama\n|-damage|p1a: Dragonite|9\/100\n|-damage|p1b: Hariyama|69\/100 brn\n|move|p1a: Dragonite|Chilling Water|p2a: Armarouge\n|-resisted|p2a: Armarouge\n|-damage|p2a: Armarouge|84\/100\n|-unboost|p2a: Armarouge|atk|1\n|move|p1b: Hariyama|Rock Slide|p2a: Armarouge|[spread] p2a,p2b\n|-damage|p2a: Armarouge|54\/100\n|-damage|p2b: Indeedee|0 fnt\n|faint|p2b: Indeedee\n|\n|-damage|p1b: Hariyama|64\/100 brn|[from] brn\n|upkeep\n|\n|t:|1682812146\n|switch|p2b: Dachsbun|Dachsbun, L50, M|28\/100\n|turn|7\n|\n|t:|1682812171\n|move|p2a: Armarouge|Lava Plume|p1b: Hariyama|[spread] p1a,p1b\n|-ability|p2b: Dachsbun|Well-Baked Body|boost\n|-boost|p2b: Dachsbun|def|2\n|-resisted|p1a: Dragonite\n|-damage|p1a: Dragonite|2\/100\n|-damage|p1b: Hariyama|32\/100 brn\n|move|p2b: Dachsbun|Body Press|p1b: Hariyama\n|-damage|p1b: Hariyama|0 fnt\n|faint|p1b: Hariyama\n|move|p1a: Dragonite|Chilling Water|p2b: Dachsbun\n|-damage|p2b: Dachsbun|0 fnt\n|faint|p2b: Dachsbun\n|\n|upkeep\n|\n|t:|1682812185\n|switch|p2b: Hippowdon|Hippowdon, L50, F|100\/100\n|switch|p1b: Spiritomb|Spiritomb, L50, M|70\/100\n|-weather|Sandstorm|[from] ability: Sand Stream|[of] p2b: Hippowdon\n|turn|8\n|c|\u2606gazzlb|gg\n|\n|t:|1682812197\n|move|p2a: Armarouge|Lava Plume|p1b: Spiritomb|[spread] p2b,p1a,p1b\n|-resisted|p1a: Dragonite\n|-damage|p2b: Hippowdon|71\/100\n|-damage|p1a: Dragonite|0 fnt\n|-damage|p1b: Spiritomb|37\/100\n|-status|p1b: Spiritomb|brn\n|faint|p1a: Dragonite\n|move|p2b: Hippowdon|Stomping Tantrum|p1b: Spiritomb\n|-damage|p1b: Spiritomb|11\/100 brn\n|-enditem|p1b: Spiritomb|Aguav Berry|[eat]\n|-heal|p1b: Spiritomb|44\/100 brn|[from] item: Aguav Berry\n|move|p1b: Spiritomb|Will-O-Wisp|p2b: Hippowdon|[miss]\n|-miss|p1b: Spiritomb|p2b: Hippowdon\n|\n|-weather|Sandstorm|[upkeep]\n|-damage|p2a: Armarouge|48\/100|[from] Sandstorm\n|-damage|p1b: Spiritomb|39\/100 brn|[from] Sandstorm\n|-heal|p2b: Hippowdon|78\/100|[from] item: Leftovers\n|-damage|p1b: Spiritomb|33\/100 brn|[from] brn\n|upkeep\n|\n|t:|1682812213\n|switch|p1a: Revavroom|Revavroom, L50, M|97\/100\n|turn|9\n|\n|t:|1682812320\n|move|p2b: Hippowdon|Protect|p2b: Hippowdon\n|-singleturn|p2b: Hippowdon|Protect\n|move|p2a: Armarouge|Lava Plume|p1a: Revavroom|[spread] p1a,p1b\n|-activate|p2b: Hippowdon|move: Protect\n|-supereffective|p1a: Revavroom\n|-damage|p1a: Revavroom|40\/100\n|-damage|p1b: Spiritomb|0 fnt\n|-enditem|p1a: Revavroom|Weakness Policy\n|-boost|p1a: Revavroom|atk|2|[from] item: Weakness Policy\n|-boost|p1a: Revavroom|spa|2|[from] item: Weakness Policy\n|faint|p1b: Spiritomb\n|move|p1a: Revavroom|Spin Out|p2b: Hippowdon\n|-activate|p2b: Hippowdon|move: Protect\n|\n|-weather|Sandstorm|[upkeep]\n|-damage|p2a: Armarouge|42\/100|[from] Sandstorm\n|-heal|p2b: Hippowdon|84\/100|[from] item: Leftovers\n|upkeep\n|turn|10\n|c| Memebasedgod|F\n|c|\u2606Texas Landsharks|gg\n|\n|t:|1682812343\n|move|p2a: Armarouge|Lava Plume|p1a: Revavroom|[spread] p2b,p1a\n|-supereffective|p1a: Revavroom\n|-damage|p2b: Hippowdon|55\/100\n|-damage|p1a: Revavroom|0 fnt\n|-status|p2b: Hippowdon|brn\n|faint|p1a: Revavroom\n|\n|win|gazzlb\n|c| Kyogre Canucks|ggs\n|l| Dogzie\n|l| anthonynn\n|l| Memebasedgod\n|c|\u2606gazzlb|gg i honestly thought i had lost when i didnt KO dragonite\n|l| Jay Jingles\n|l| kevsmoreno\n|l|\u2606gazzlb\n|l| Kyogre Canucks\n|j|\u2606gazzlb\n|player|p2|gazzlb|170\n","uploadtime":1682812350,"views":16,"p1id":"texaslandsharks","p2id":"gazzlb","formatid":"gen9vgc2023regulationc","rating":0,"private":0,"password":""}