{"id":"gen9vgc2023regulationc-1854922381","p1":"QrdeJegoMac","p2":"GrandChatRoux","format":"[Gen 9] VGC 2023 Regulation C","log":"|j|\u2606QrdeJegoMac\n|j|\u2606GrandChatRoux\n|t:|1682881092\n|gametype|doubles\n|player|p1|QrdeJegoMac|2|1583\n|player|p2|GrandChatRoux|lyra|1507\n|teamsize|p1|6\n|teamsize|p2|6\n|gen|9\n|tier|[Gen 9] VGC 2023 Regulation C\n|rated|\n|rule|Species Clause: Limit one of each Pok\u00e9mon\n|rule|Item Clause: Limit one of each item\n|clearpoke\n|poke|p1|Murkrow, L50, F|\n|poke|p1|Chi-Yu, L50|\n|poke|p1|Flutter Mane, L50|\n|poke|p1|Great Tusk, L50|\n|poke|p1|Brute Bonnet, L50|\n|poke|p1|Corviknight, L50, F|\n|poke|p2|Flutter Mane, L50|\n|poke|p2|Volcarona, L50, F|\n|poke|p2|Wo-Chien, L50|\n|poke|p2|Chi-Yu, L50|\n|poke|p2|Grimmsnarl, L50, M|\n|poke|p2|Dragonite, L50, F|\n|teampreview|4\n|inactive|Battle timer is ON: inactive players will automatically lose when time's up. (requested by QrdeJegoMac)\n|j| Conquistatore\nQrdeJegoMac has agreed to open team sheets.\n|inactive|QrdeJegoMac has 60 seconds left.\n|\n|t:|1682881134\n|start\n|switch|p1a: Murkrow|Murkrow, L50, F, shiny|100\/100\n|switch|p1b: Great Tusk|Great Tusk, L50|100\/100\n|switch|p2a: Grimmsnarl|Grimmsnarl, L50, M, shiny|100\/100\n|switch|p2b: Volcarona|Volcarona, L50, F, shiny|100\/100\n|turn|1\n|\n|t:|1682881150\n|-terastallize|p1b: Great Tusk|Steel\n|-terastallize|p2b: Volcarona|Grass\n|move|p1a: Murkrow|Sunny Day|p1a: Murkrow\n|-weather|SunnyDay\n|-activate|p1b: Great Tusk|ability: Protosynthesis\n|-start|p1b: Great Tusk|protosynthesisatk\n|move|p2a: Grimmsnarl|Reflect|p2a: Grimmsnarl\n|-sidestart|p2: GrandChatRoux|Reflect\n|move|p1b: Great Tusk|Headlong Rush|p2a: Grimmsnarl\n|-damage|p2a: Grimmsnarl|32\/100\n|-unboost|p1b: Great Tusk|def|1\n|-unboost|p1b: Great Tusk|spd|1\n|move|p2b: Volcarona|Quiver Dance|p2b: Volcarona\n|-boost|p2b: Volcarona|spa|1\n|-boost|p2b: Volcarona|spd|1\n|-boost|p2b: Volcarona|spe|1\n|\n|-weather|SunnyDay|[upkeep]\n|upkeep\n|turn|2\n|\n|t:|1682881175\n|-end|p1b: Great Tusk|Protosynthesis|[silent]\n|switch|p1b: Corviknight|Corviknight, L50, F|100\/100\n|move|p1a: Murkrow|Haze|p1a: Murkrow\n|-clearallboost\n|move|p2a: Grimmsnarl|Light Screen|p2a: Grimmsnarl\n|-sidestart|p2: GrandChatRoux|move: Light Screen\n|move|p2b: Volcarona|Heat Wave|p1a: Murkrow|[spread] p1a,p1b\n|-supereffective|p1b: Corviknight\n|-damage|p1a: Murkrow|44\/100\n|-damage|p1b: Corviknight|0 fnt\n|faint|p1b: Corviknight\n|\n|-weather|SunnyDay|[upkeep]\n|upkeep\n|\n|t:|1682881186\n|switch|p1b: Flutter Mane|Flutter Mane, L50|100\/100\n|-activate|p1b: Flutter Mane|ability: Protosynthesis\n|-start|p1b: Flutter Mane|protosynthesisspa\n|turn|3\n|\n|t:|1682881199\n|move|p1a: Murkrow|Tailwind|p1a: Murkrow\n|-sidestart|p1: QrdeJegoMac|move: Tailwind\n|move|p1b: Flutter Mane|Moonblast|p2b: Volcarona\n|-damage|p2b: Volcarona|46\/100\n|-unboost|p2b: Volcarona|spa|1\n|move|p2b: Volcarona|Quiver Dance|p2b: Volcarona\n|-boost|p2b: Volcarona|spa|1\n|-boost|p2b: Volcarona|spd|1\n|-boost|p2b: Volcarona|spe|1\n|move|p2a: Grimmsnarl|Spirit Break|p1a: Murkrow\n|-supereffective|p1a: Murkrow\n|-damage|p1a: Murkrow|0 fnt\n|faint|p1a: Murkrow\n|\n|-weather|SunnyDay|[upkeep]\n|-heal|p2b: Volcarona|53\/100|[from] item: Leftovers\n|upkeep\n|\n|t:|1682881205\n|switch|p1a: Great Tusk|Great Tusk, L50, tera:Steel|100\/100\n|-activate|p1a: Great Tusk|ability: Protosynthesis\n|-start|p1a: Great Tusk|protosynthesisatk\n|turn|4\n|\n|t:|1682881229\n|move|p2b: Volcarona|Protect|p2b: Volcarona\n|-singleturn|p2b: Volcarona|Protect\n|move|p1a: Great Tusk|Rock Slide|p2b: Volcarona|[spread] p2a\n|-activate|p2b: Volcarona|move: Protect\n|-damage|p2a: Grimmsnarl|10\/100\n|move|p1b: Flutter Mane|Moonblast|p2b: Volcarona\n|-activate|p2b: Volcarona|move: Protect\n|move|p2a: Grimmsnarl|Spirit Break|p1b: Flutter Mane\n|-damage|p1b: Flutter Mane|48\/100\n|-unboost|p1b: Flutter Mane|spa|1\n|\n|-weather|SunnyDay|[upkeep]\n|-heal|p2b: Volcarona|59\/100|[from] item: Leftovers\n|upkeep\n|turn|5\n|\n|t:|1682881250\n|move|p1a: Great Tusk|Rock Slide|p2b: Volcarona|[spread] p2a,p2b\n|-damage|p2a: Grimmsnarl|0 fnt\n|-damage|p2b: Volcarona|38\/100\n|faint|p2a: Grimmsnarl\n|move|p1b: Flutter Mane|Moonblast|p2b: Volcarona\n|-damage|p2b: Volcarona|11\/100\n|-unboost|p2b: Volcarona|spa|1\n|move|p2b: Volcarona|Heat Wave|p1a: Great Tusk|[spread] p1b\n|-miss|p2b: Volcarona|p1a: Great Tusk\n|-damage|p1b: Flutter Mane|14\/100\n|\n|-weather|none\n|-end|p1a: Great Tusk|Protosynthesis\n|-end|p1b: Flutter Mane|Protosynthesis\n|-heal|p2b: Volcarona|18\/100|[from] item: Leftovers\n|upkeep\n|inactive|GrandChatRoux has 30 seconds left.\n|\n|t:|1682881275\n|switch|p2a: Chi-Yu|Chi-Yu, L50|100\/100\n|-ability|p2a: Chi-Yu|Beads of Ruin\n|turn|6\n|\n|t:|1682881282\n|move|p2b: Volcarona|Protect|p2b: Volcarona\n|-singleturn|p2b: Volcarona|Protect\n|move|p2a: Chi-Yu|Protect|p2a: Chi-Yu\n|-singleturn|p2a: Chi-Yu|Protect\n|move|p1a: Great Tusk|Rock Slide|p2b: Volcarona|[spread] \n|-activate|p2a: Chi-Yu|move: Protect\n|-activate|p2b: Volcarona|move: Protect\n|move|p1b: Flutter Mane|Moonblast|p2a: Chi-Yu\n|-activate|p2a: Chi-Yu|move: Protect\n|\n|-heal|p2b: Volcarona|24\/100|[from] item: Leftovers\n|-sideend|p1: QrdeJegoMac|move: Tailwind\n|upkeep\n|turn|7\n|\n|t:|1682881297\n|move|p1a: Great Tusk|Rock Slide|p2a: Chi-Yu|[spread] p2b\n|-miss|p1a: Great Tusk|p2a: Chi-Yu\n|-damage|p2b: Volcarona|8\/100\n|move|p2b: Volcarona|Heat Wave|p1a: Great Tusk|[spread] p1a,p1b\n|-supereffective|p1a: Great Tusk\n|-damage|p1a: Great Tusk|5\/100\n|-damage|p1b: Flutter Mane|0 fnt\n|faint|p1b: Flutter Mane\n|-end|p1b: Flutter Mane|Protosynthesis|[silent]\n|move|p2a: Chi-Yu|Heat Wave|p1a: Great Tusk\n|-supereffective|p1a: Great Tusk\n|-damage|p1a: Great Tusk|0 fnt\n|faint|p1a: Great Tusk\n|-end|p1a: Great Tusk|Protosynthesis|[silent]\n|\n|win|GrandChatRoux\n|raw|QrdeJegoMac's rating: 1583 → 1559<\/strong> (-24 for losing)\n|raw|GrandChatRoux's rating: 1507 → 1531<\/strong> (+24 for winning)\n|l|\u2606QrdeJegoMac\n|l|\u2606GrandChatRoux\n","uploadtime":1682882319,"views":5,"p1id":"qrdejegomac","p2id":"grandchatroux","formatid":"gen9vgc2023regulationc","rating":1531,"private":0,"password":""}