{"id":"gen9vgc2023regulationc-1852445647","p1":"YouSlakingBro","p2":"Jbenn","format":"[Gen 9] VGC 2023 Regulation C","log":"|j|\u2606YouSlakingBro\n|j|\u2606Jbenn\n|t:|1682558547\n|gametype|doubles\n|player|p1|YouSlakingBro|2|\n|player|p2|Jbenn|102|\n|teamsize|p1|6\n|teamsize|p2|6\n|gen|9\n|tier|[Gen 9] VGC 2023 Regulation C\n|rated|Tournament battle\n|rule|Species Clause: Limit one of each Pok\u00e9mon\n|rule|Item Clause: Limit one of each item\n|clearpoke\n|poke|p1|Indeedee-F, L50, F|\n|poke|p1|Hatterene, L50, F|\n|poke|p1|Torkoal, L50, M|\n|poke|p1|Iron Hands, L50|\n|poke|p1|Brute Bonnet, L50|\n|poke|p1|Chi-Yu, L50|\n|poke|p2|Roaring Moon, L50|\n|poke|p2|Great Tusk, L50|\n|poke|p2|Gholdengo, L50|\n|poke|p2|Hariyama, L50, F|\n|poke|p2|Mimikyu, L50, F|\n|poke|p2|Gyarados, L50, F|\n|teampreview|4\n|raw| Open Team Sheet for YouSlakingBro<\/summary>Indeedee (Indeedee-F) (F) @ Psychic Seed Ability: Psychic Surge Level: 50 Tera Type: Fairy - Follow Me - Trick Room - Helping Hand - Dazzling Gleam Hatterene (F) @ Life Orb Ability: Magic Bounce Level: 50 Tera Type: Fairy - Dazzling Gleam - Psychic - Trick Room - Protect Torkoal @ Choice Specs Ability: Drought Level: 50 Tera Type: Fire - Eruption - Heat Wave - Flamethrower - Earth Power Iron Hands @ Booster Energy Ability: Quark Drive Level: 50 Tera Type: Flying - Drain Punch - Thunder Punch - Swords Dance - Protect Brute Bonnet @ Loaded Dice Ability: Protosynthesis Level: 50 Tera Type: Water - Spore - Rage Powder - Sucker Punch - Bullet Seed Chi-Yu @ Focus Sash Ability: Beads of Ruin Level: 50 Tera Type: Grass - Heat Wave - Dark Pulse - Will-O-Wisp - Protect <\/details><\/div> Open Team Sheet for Jbenn<\/summary>Roaring Moon @ Booster Energy Ability: Protosynthesis Level: 50 Tera Type: Flying - Protect - Tailwind - Acrobatics - Jaw Lock Great Tusk @ Life Orb Ability: Protosynthesis Level: 50 Hidden Power: Fighting Tera Type: Ground - Protect - Headlong Rush - Earthquake - Ice Spinner Gholdengo @ Leftovers Ability: Good as Gold Level: 50 Tera Type: Water - Protect - Nasty Plot - Make It Rain - Thunderbolt Hariyama @ Roseli Berry Ability: Thick Fat Level: 50 Shiny: Yes Tera Type: Steel - Fake Out - Close Combat - Iron Head - Wide Guard Mimikyu @ Sitrus Berry Ability: Disguise Level: 50 Tera Type: Grass - Protect - Trick Room - Play Rough - Curse Gyarados @ Lum Berry Ability: Intimidate Level: 50 Shiny: Yes Tera Type: Flying - Whirlpool - Waterfall - Thunder Wave - Tera Blast <\/details><\/div>\n|inactive|Battle timer is ON: inactive players will automatically lose when time's up. (requested by YouSlakingBro)\n|j| chicagolocaltop16\n|inactive|Jbenn has 60 seconds left.\n|inactive|Jbenn has 30 seconds left.\n|inactive|Jbenn has 20 seconds left.\n|inactive|Jbenn has 15 seconds left.\n|inactive|Jbenn has 10 seconds left.\n|\n|t:|1682558631\n|start\n|switch|p1a: Indeedee|Indeedee-F, L50, F|100\/100\n|switch|p1b: Hatterene|Hatterene, L50, F|100\/100\n|switch|p2a: Hariyama|Hariyama, L50, F, shiny|100\/100\n|switch|p2b: Mimikyu|Mimikyu, L50, F|100\/100\n|-fieldstart|move: Psychic Terrain|[from] ability: Psychic Surge|[of] p1a: Indeedee\n|-enditem|p1a: Indeedee|Psychic Seed\n|-boost|p1a: Indeedee|spd|1|[from] item: Psychic Seed\n|turn|1\n|inactive|Jbenn has 30 seconds left.\n|\n|t:|1682558663\n|-terastallize|p2a: Hariyama|Steel\n|move|p2b: Mimikyu|Protect|p2b: Mimikyu\n|-singleturn|p2b: Mimikyu|Protect\n|move|p1a: Indeedee|Follow Me|p1a: Indeedee\n|-singleturn|p1a: Indeedee|move: Follow Me\n|move|p2a: Hariyama|Iron Head|p1a: Indeedee\n|-damage|p1a: Indeedee|59\/100\n|move|p1b: Hatterene|Trick Room|p1b: Hatterene\n|-fieldstart|move: Trick Room|[of] p1b: Hatterene\n|\n|upkeep\n|turn|2\n|\n|t:|1682558687\n|move|p1a: Indeedee|Follow Me|p1a: Indeedee\n|-singleturn|p1a: Indeedee|move: Follow Me\n|move|p1b: Hatterene|Dazzling Gleam|p2b: Mimikyu|[spread] p2a,p2b\n|-resisted|p2a: Hariyama\n|-damage|p2a: Hariyama|77\/100\n|-activate|p2b: Mimikyu|ability: Disguise\n|-damage|p2b: Mimikyu|100\/100\n|detailschange|p2b: Mimikyu|Mimikyu-Busted, L50, F\n|-damage|p2b: Mimikyu|88\/100|[from] pokemon: Mimikyu-Busted\n|-damage|p1b: Hatterene|91\/100|[from] item: Life Orb\n|move|p2a: Hariyama|Close Combat|p1a: Indeedee\n|-damage|p1a: Indeedee|0 fnt\n|-unboost|p2a: Hariyama|def|1\n|-unboost|p2a: Hariyama|spd|1\n|faint|p1a: Indeedee\n|move|p2b: Mimikyu|Trick Room|p2b: Mimikyu\n|-fieldend|move: Trick Room\n|\n|upkeep\n|\n|t:|1682558689\n|switch|p1a: Torkoal|Torkoal, L50, M|100\/100\n|-weather|SunnyDay|[from] ability: Drought|[of] p1a: Torkoal\n|turn|3\n|inactive|Jbenn has 30 seconds left.\n|inactive|Jbenn has 20 seconds left.\n|\n|t:|1682558728\n|switch|p2a: Gyarados|Gyarados, L50, F, shiny|100\/100\n|-ability|p2a: Gyarados|Intimidate|boost\n|-unboost|p1a: Torkoal|atk|1\n|-unboost|p1b: Hatterene|atk|1\n|-terastallize|p1a: Torkoal|Fire\n|move|p2b: Mimikyu|Curse|p1a: Torkoal\n|-start|p1a: Torkoal|Curse|[of] p2b: Mimikyu\n|-damage|p2b: Mimikyu|38\/100\n|-enditem|p2b: Mimikyu|Sitrus Berry|[eat]\n|-heal|p2b: Mimikyu|63\/100|[from] item: Sitrus Berry\n|move|p1b: Hatterene|Dazzling Gleam|p2b: Mimikyu|[spread] p2a,p2b\n|-damage|p2a: Gyarados|60\/100\n|-damage|p2b: Mimikyu|21\/100\n|-damage|p1b: Hatterene|82\/100|[from] item: Life Orb\n|move|p1a: Torkoal|Eruption|p2b: Mimikyu|[spread] p2a,p2b\n|-resisted|p2a: Gyarados\n|-damage|p2a: Gyarados|0 fnt\n|-damage|p2b: Mimikyu|0 fnt\n|faint|p2a: Gyarados\n|faint|p2b: Mimikyu\n|\n|-weather|SunnyDay|[upkeep]\n|-damage|p1a: Torkoal|76\/100|[from] Curse\n|upkeep\n|c|\u2606Jbenn|Lol\n|inactive|Jbenn has 30 seconds left.\n|c|\u2606Jbenn|mans not scared of wide guard at all\n|inactive|Jbenn has 20 seconds left.\n|\n|t:|1682558767\n|switch|p2b: Great Tusk|Great Tusk, L50|100\/100\n|switch|p2a: Hariyama|Hariyama, L50, F, shiny, tera:Steel|77\/100\n|-activate|p2b: Great Tusk|ability: Protosynthesis\n|-start|p2b: Great Tusk|protosynthesisatk\n|turn|4\n|c|\u2606YouSlakingBro|fuck im suppose to be scared of\n|\n|t:|1682558785\n|move|p2a: Hariyama|Wide Guard|p2a: Hariyama\n|-singleturn|p2a: Hariyama|Wide Guard\n|move|p2b: Great Tusk|Earthquake|p1b: Hatterene|[spread] p1a,p1b\n|-activate|p2a: Hariyama|move: Wide Guard\n|-supereffective|p1a: Torkoal\n|-damage|p1a: Torkoal|0 fnt\n|-damage|p1b: Hatterene|8\/100\n|faint|p1a: Torkoal\n|-damage|p2b: Great Tusk|90\/100|[from] item: Life Orb\n|move|p1b: Hatterene|Dazzling Gleam|p2a: Hariyama|[spread] \n|-activate|p2a: Hariyama|move: Wide Guard\n|-activate|p2b: Great Tusk|move: Wide Guard\n|\n|-weather|SunnyDay|[upkeep]\n|upkeep\n|\n|t:|1682558796\n|switch|p1a: Brute Bonnet|Brute Bonnet, L50|100\/100\n|-activate|p1a: Brute Bonnet|ability: Protosynthesis\n|-start|p1a: Brute Bonnet|protosynthesisatk\n|turn|5\n|c|\u2606Jbenn|That\n|\n|t:|1682558813\n|move|p1b: Hatterene|Protect|p1b: Hatterene\n|-singleturn|p1b: Hatterene|Protect\n|move|p2b: Great Tusk|Headlong Rush|p1b: Hatterene\n|-activate|p1b: Hatterene|move: Protect\n|move|p2a: Hariyama|Close Combat|p1a: Brute Bonnet\n|-supereffective|p1a: Brute Bonnet\n|-damage|p1a: Brute Bonnet|1\/100\n|-unboost|p2a: Hariyama|def|1\n|-unboost|p2a: Hariyama|spd|1\n|move|p1a: Brute Bonnet|Spore|p2a: Hariyama\n|-status|p2a: Hariyama|slp|[from] move: Spore\n|\n|-weather|SunnyDay|[upkeep]\n|-fieldend|move: Psychic Terrain\n|upkeep\n|turn|6\n|c|\u2606YouSlakingBro|dont need that\n|\n|t:|1682558830\n|cant|p2a: Hariyama|slp\n|move|p1a: Brute Bonnet|Rage Powder|p1a: Brute Bonnet\n|-singleturn|p1a: Brute Bonnet|move: Rage Powder\n|move|p2b: Great Tusk|Earthquake|p1b: Hatterene|[spread] p2a,p1a,p1b\n|-supereffective|p2a: Hariyama\n|-resisted|p1a: Brute Bonnet\n|-damage|p2a: Hariyama|0 fnt\n|-damage|p1a: Brute Bonnet|0 fnt\n|-damage|p1b: Hatterene|0 fnt\n|faint|p2a: Hariyama\n|faint|p1a: Brute Bonnet\n|-end|p1a: Brute Bonnet|Protosynthesis|[silent]\n|faint|p1b: Hatterene\n|-damage|p2b: Great Tusk|80\/100|[from] item: Life Orb\n|\n|win|Jbenn\n|n|\u2606YouSlakingBro|youslakingbro\n|n|\u2606Jbenn|jbenn\n|n| chicagolocaltop16|chicagolocaltop16\n|c|\u2606Jbenn|Gg\n|c|\u2606YouSlakingBro|gg wp\n|l|\u2606YouSlakingBro\n|j|\u2606YouSlakingBro\n|player|p1|YouSlakingBro|2\n|l|\u2606YouSlakingBro\n|player|p1|\n","uploadtime":1682558860,"views":21,"p1id":"youslakingbro","p2id":"jbenn","formatid":"gen9vgc2023regulationc","rating":0,"private":0,"password":""}