{"id":"gen9vgc2023regulationc-1856865565","p1":"Breakaway97","p2":"RitmanTesting1","format":"[Gen 9] VGC 2023 Regulation C","log":"|j|\u2606Breakaway97\n|j|\u2606RitmanTesting1\n|t:|1683120800\n|gametype|doubles\n|player|p1|Breakaway97|clair|1386\n|player|p2|RitmanTesting1|byron|1312\n|teamsize|p1|6\n|teamsize|p2|6\n|gen|9\n|tier|[Gen 9] VGC 2023 Regulation C\n|rated|\n|rule|Species Clause: Limit one of each Pok\u00e9mon\n|rule|Item Clause: Limit one of each item\n|clearpoke\n|poke|p1|Chien-Pao, L50|\n|poke|p1|Flutter Mane, L50|\n|poke|p1|Great Tusk, L50|\n|poke|p1|Iron Bundle, L50|\n|poke|p1|Talonflame, L50, M|\n|poke|p1|Dragonite, L50, F|\n|poke|p2|Chien-Pao, L50|\n|poke|p2|Flutter Mane, L50|\n|poke|p2|Amoonguss, L50, M|\n|poke|p2|Iron Hands, L50|\n|poke|p2|Palafin, L50, F|\n|poke|p2|Pelipper, L50, M|\n|teampreview|4\n|inactive|Battle timer is ON: inactive players will automatically lose when time's up. (requested by RitmanTesting1)\nRitmanTesting1 has agreed to open team sheets.\n|inactive|Breakaway97 has 60 seconds left.\n|inactive|Breakaway97 has 30 seconds left.\n|inactive|Breakaway97 has 20 seconds left.\n|inactive|Breakaway97 has 15 seconds left.\n|inactive|Breakaway97 has 10 seconds left.\n|inactive|Breakaway97 has 5 seconds left.\n|\n|t:|1683120890\n|start\n|switch|p1a: Talonflame|Talonflame, L50, M|100\/100\n|switch|p1b: Flutter Mane|Flutter Mane, L50|100\/100\n|switch|p2a: Palafin|Palafin, L50, F|100\/100\n|switch|p2b: Iron Hands|Iron Hands, L50|100\/100\n|turn|1\n|inactive|Breakaway97 has 30 seconds left.\n|\n|t:|1683120924\n|detailschange|p2a: Palafin|Palafin-Hero, L50, F\n|switch|p2a: Pelipper|Pelipper, L50, M|100\/100\n|-weather|RainDance|[from] ability: Drizzle|[of] p2a: Pelipper\n|-terastallize|p2b: Iron Hands|Poison\n|move|p1a: Talonflame|Tailwind|p1a: Talonflame\n|-sidestart|p1: Breakaway97|move: Tailwind\n|move|p1b: Flutter Mane|Dazzling Gleam|p2a: Pelipper|[spread] p2a,p2b\n|-resisted|p2b: Iron Hands\n|-damage|p2a: Pelipper|52\/100\n|-damage|p2b: Iron Hands|86\/100\n|move|p2b: Iron Hands|Volt Switch|p1a: Talonflame\n|-supereffective|p1a: Talonflame\n|-damage|p1a: Talonflame|58\/100\n|\n|t:|1683120937\n|-end|p2b: Iron Hands|Quark Drive|[silent]\n|switch|p2b: Palafin|Palafin-Hero, L50, F|100\/100|[from] Volt Switch\n|-activate|p2b: Palafin|ability: Zero to Hero\n|\n|-weather|RainDance|[upkeep]\n|upkeep\n|turn|2\n|\n|t:|1683120946\n|move|p2a: Pelipper|Wide Guard|p2a: Pelipper\n|-singleturn|p2a: Pelipper|Wide Guard\n|move|p2b: Palafin|Jet Punch|p1a: Talonflame\n|-supereffective|p1a: Talonflame\n|-damage|p1a: Talonflame|0 fnt\n|faint|p1a: Talonflame\n|move|p1b: Flutter Mane|Dazzling Gleam|p2b: Palafin|[spread] \n|-activate|p2a: Pelipper|move: Wide Guard\n|-activate|p2b: Palafin|move: Wide Guard\n|\n|-weather|RainDance|[upkeep]\n|upkeep\n|\n|t:|1683120956\n|switch|p1a: Iron Bundle|Iron Bundle, L50|100\/100\n|-enditem|p1a: Iron Bundle|Booster Energy\n|-activate|p1a: Iron Bundle|ability: Quark Drive|[fromitem]\n|-start|p1a: Iron Bundle|quarkdrivespe\n|turn|3\n|\n|t:|1683120975\n|-end|p1b: Flutter Mane|Protosynthesis|[silent]\n|switch|p1b: Great Tusk|Great Tusk, L50|100\/100\n|-terastallize|p1a: Iron Bundle|Water\n|move|p2b: Palafin|Protect|p2b: Palafin\n|-singleturn|p2b: Palafin|Protect\n|move|p1a: Iron Bundle|Encore|p2a: Pelipper\n|-start|p2a: Pelipper|Encore\n|move|p2a: Pelipper|Wide Guard||[still]\n|-fail|p2a: Pelipper\n|\n|-weather|RainDance|[upkeep]\n|upkeep\n|turn|4\n|\n|t:|1683120995\n|move|p2a: Pelipper|Wide Guard|p2a: Pelipper\n|-singleturn|p2a: Pelipper|Wide Guard\n|move|p2b: Palafin|Jet Punch|p1b: Great Tusk\n|-supereffective|p1b: Great Tusk\n|-damage|p1b: Great Tusk|0 fnt\n|faint|p1b: Great Tusk\n|-end|p1b: Great Tusk|Protosynthesis|[silent]\n|move|p1a: Iron Bundle|Freeze-Dry|p2b: Palafin\n|-supereffective|p2b: Palafin\n|-damage|p2b: Palafin|43\/100\n|\n|-weather|RainDance|[upkeep]\n|-sideend|p1: Breakaway97|move: Tailwind\n|upkeep\n|\n|t:|1683121005\n|switch|p1b: Flutter Mane|Flutter Mane, L50|100\/100\n|turn|5\n|\n|t:|1683121027\n|switch|p2b: Iron Hands|Iron Hands, L50, tera:Poison|86\/100\n|move|p2a: Pelipper|Wide Guard|p2a: Pelipper\n|-singleturn|p2a: Pelipper|Wide Guard\n|move|p1a: Iron Bundle|Freeze-Dry|p2a: Pelipper\n|-supereffective|p2a: Pelipper\n|-damage|p2a: Pelipper|0 fnt\n|faint|p2a: Pelipper\n|move|p1b: Flutter Mane|Shadow Ball|p2b: Iron Hands\n|-damage|p2b: Iron Hands|47\/100\n|\n|-weather|RainDance|[upkeep]\n|upkeep\n|\n|t:|1683121048\n|switch|p2a: Chien-Pao|Chien-Pao, L50|100\/100\n|-ability|p2a: Chien-Pao|Sword of Ruin\n|turn|6\n|\n|t:|1683121067\n|move|p2a: Chien-Pao|Sucker Punch|p1b: Flutter Mane\n|-crit|p1b: Flutter Mane\n|-damage|p1b: Flutter Mane|0 fnt\n|faint|p1b: Flutter Mane\n|-end|p1b: Flutter Mane|Protosynthesis|[silent]\n|move|p1a: Iron Bundle|Tera Blast|p2b: Iron Hands\n|-crit|p2b: Iron Hands\n|-damage|p2b: Iron Hands|0 fnt\n|faint|p2b: Iron Hands\n|-end|p2b: Iron Hands|Quark Drive|[silent]\n|\n|-weather|RainDance|[upkeep]\n|upkeep\n|\n|t:|1683121073\n|switch|p2b: Palafin|Palafin-Hero, L50, F|43\/100\n|turn|7\n|c|\u2606Breakaway97|crit ahaha\n|c|\u2606Breakaway97|lol\n|c|\u2606RitmanTesting1|I don't think changes nothing\n|inactive|RitmanTesting1 has 30 seconds left.\n|\n|t:|1683121099\n|move|p2a: Chien-Pao|Sucker Punch||[still]\n|-fail|p2a: Chien-Pao\n|move|p2b: Palafin|Jet Punch|p1a: Iron Bundle\n|-resisted|p1a: Iron Bundle\n|-damage|p1a: Iron Bundle|48\/100\n|move|p1a: Iron Bundle|Encore|p2a: Chien-Pao\n|-start|p2a: Chien-Pao|Encore\n|\n|-weather|RainDance|[upkeep]\n|upkeep\n|turn|8\n|\n|t:|1683121110\n|move|p2a: Chien-Pao|Sucker Punch|p1a: Iron Bundle\n|-damage|p1a: Iron Bundle|2\/100\n|move|p2b: Palafin|Jet Punch|p1a: Iron Bundle\n|-resisted|p1a: Iron Bundle\n|-damage|p1a: Iron Bundle|0 fnt\n|faint|p1a: Iron Bundle\n|-end|p1a: Iron Bundle|Quark Drive|[silent]\n|\n|win|RitmanTesting1\n|raw|Breakaway97's rating: 1386 → 1362<\/strong> (-24 for losing)\n|raw|RitmanTesting1's rating: 1312 → 1336<\/strong> (+24 for winning)\n","uploadtime":1683121123,"views":14,"p1id":"breakaway97","p2id":"ritmantesting1","formatid":"gen9vgc2023regulationc","rating":1336,"private":0,"password":""}