{"id":"gen9vgc2023regulationc-1864193619","p1":"Mike2811","p2":"NoodleDude2355","format":"[Gen 9] VGC 2023 Regulation C","log":"|j|\u2606Mike2811\n|j|\u2606NoodleDude2355\n|t:|1684133939\n|gametype|doubles\n|player|p1|Mike2811|266|1213\n|player|p2|NoodleDude2355|bruno|1163\n|teamsize|p1|6\n|teamsize|p2|6\n|gen|9\n|tier|[Gen 9] VGC 2023 Regulation C\n|rated|\n|rule|Species Clause: Limit one of each Pok\u00e9mon\n|rule|Item Clause: Limit one of each item\n|clearpoke\n|poke|p1|Amoonguss, L50, M|\n|poke|p1|Farigiraf, L50, M|\n|poke|p1|Ting-Lu, L50|\n|poke|p1|Palafin, L50, F|\n|poke|p1|Forretress, L50, M|\n|poke|p1|Arcanine, L50, F|\n|poke|p2|Pelipper, L50, M|\n|poke|p2|Floatzel, L50, F|\n|poke|p2|Baxcalibur, L50, M|\n|poke|p2|Chi-Yu, L50|\n|poke|p2|Brute Bonnet, L50|\n|poke|p2|Flutter Mane, L50|\n|teampreview|4\n|\n|t:|1684133960\n|start\n|switch|p1a: Palafin|Palafin, L50, F|100\/100\n|switch|p1b: Farigiraf|Farigiraf, L50, M|100\/100\n|switch|p2a: Chi-Yu|Chi-Yu, L50|100\/100\n|switch|p2b: Flutter Mane|Flutter Mane, L50|100\/100\n|-ability|p2a: Chi-Yu|Beads of Ruin\n|turn|1\n|\n|t:|1684133994\n|detailschange|p1a: Palafin|Palafin-Hero, L50, F\n|switch|p1a: Ting-Lu|Ting-Lu, L50|100\/100\n|-ability|p1a: Ting-Lu|Vessel of Ruin\n|-terastallize|p1b: Farigiraf|Fairy\n|move|p2a: Chi-Yu|Protect|p2a: Chi-Yu\n|-singleturn|p2a: Chi-Yu|Protect\n|move|p2b: Flutter Mane|Thunderbolt|p1a: Ting-Lu\n|-immune|p1a: Ting-Lu\n|move|p1b: Farigiraf|Trick Room|p1b: Farigiraf\n|-fieldstart|move: Trick Room|[of] p1b: Farigiraf\n|\n|upkeep\n|turn|2\n|\n|t:|1684134019\n|move|p1b: Farigiraf|Helping Hand|p1a: Ting-Lu\n|-singleturn|p1a: Ting-Lu|Helping Hand|[of] p1b: Farigiraf\n|move|p1a: Ting-Lu|Rock Slide|p2b: Flutter Mane|[spread] p2a,p2b\n|-supereffective|p2a: Chi-Yu\n|-damage|p2a: Chi-Yu|7\/100\n|-damage|p2b: Flutter Mane|43\/100\n|cant|p2a: Chi-Yu|flinch\n|move|p2b: Flutter Mane|Thunderbolt|p1b: Farigiraf\n|-damage|p1b: Farigiraf|58\/100\n|\n|upkeep\n|turn|3\n|\n|t:|1684134037\n|switch|p1b: Forretress|Forretress, L50, M|100\/100\n|move|p2a: Chi-Yu|Protect|p2a: Chi-Yu\n|-singleturn|p2a: Chi-Yu|Protect\n|move|p1a: Ting-Lu|Rock Slide|p2a: Chi-Yu|[spread] p2b\n|-activate|p2a: Chi-Yu|move: Protect\n|-damage|p2b: Flutter Mane|2\/100\n|cant|p2b: Flutter Mane|flinch\n|\n|upkeep\n|turn|4\n|\n|t:|1684134064\n|switch|p1b: Palafin|Palafin-Hero, L50, F|100\/100\n|-activate|p1b: Palafin|ability: Zero to Hero\n|-enditem|p1b: Palafin|Room Service\n|-unboost|p1b: Palafin|spe|1|[from] item: Room Service\n|switch|p2a: Floatzel|Floatzel, L50, F|100\/100\n|move|p1a: Ting-Lu|Rock Slide|p2b: Flutter Mane|[spread] p2a,p2b\n|-damage|p2a: Floatzel|64\/100\n|-damage|p2b: Flutter Mane|0 fnt\n|faint|p2b: Flutter Mane\n|-end|p2b: Flutter Mane|Protosynthesis|[silent]\n|\n|upkeep\n|\n|t:|1684134112\n|switch|p2b: Pelipper|Pelipper, L50, M|100\/100\n|-weather|RainDance|[from] ability: Drizzle|[of] p2b: Pelipper\n|turn|5\n|\n|t:|1684134129\n|move|p1a: Ting-Lu|Protect|p1a: Ting-Lu\n|-singleturn|p1a: Ting-Lu|Protect\n|move|p2b: Pelipper|Protect|p2b: Pelipper\n|-singleturn|p2b: Pelipper|Protect\n|move|p2a: Floatzel|Protect|p2a: Floatzel\n|-singleturn|p2a: Floatzel|Protect\n|move|p1b: Palafin|Bulk Up|p1b: Palafin\n|-boost|p1b: Palafin|atk|1\n|-boost|p1b: Palafin|def|1\n|\n|-weather|RainDance|[upkeep]\n|-fieldend|move: Trick Room\n|upkeep\n|turn|6\n|\n|t:|1684134148\n|switch|p1a: Farigiraf|Farigiraf, L50, M, tera:Fairy|58\/100\n|-terastallize|p2b: Pelipper|Flying\n|move|p2a: Floatzel|Wave Crash|p1a: Farigiraf\n|-damage|p1a: Farigiraf|0 fnt\n|faint|p1a: Farigiraf\n|-damage|p2a: Floatzel|38\/100|[from] Recoil\n|move|p2b: Pelipper|Hurricane|p1b: Palafin\n|-damage|p1b: Palafin|56\/100\n|-start|p1b: Palafin|confusion\n|-activate|p1b: Palafin|confusion\n|move|p1b: Palafin|Drain Punch|p2a: Floatzel\n|-damage|p2a: Floatzel|0 fnt\n|-heal|p1b: Palafin|71\/100|[from] drain|[of] p2a: Floatzel\n|faint|p2a: Floatzel\n|\n|-weather|RainDance|[upkeep]\n|upkeep\n|\n|t:|1684134171\n|switch|p2a: Chi-Yu|Chi-Yu, L50|7\/100\n|switch|p1a: Ting-Lu|Ting-Lu, L50|100\/100\n|-ability|p2a: Chi-Yu|Beads of Ruin\n|-ability|p1a: Ting-Lu|Vessel of Ruin\n|turn|7\n|\n|t:|1684134196\n|move|p2b: Pelipper|Helping Hand|p2a: Chi-Yu\n|-singleturn|p2a: Chi-Yu|Helping Hand|[of] p2b: Pelipper\n|-activate|p1b: Palafin|confusion\n|-damage|p1b: Palafin|56\/100|[from] confusion\n|move|p2a: Chi-Yu|Dark Pulse|p1b: Palafin\n|-damage|p1b: Palafin|0 fnt\n|faint|p1b: Palafin\n|-damage|p2a: Chi-Yu|0 fnt|[from] item: Life Orb\n|faint|p2a: Chi-Yu\n|move|p1a: Ting-Lu|Rock Slide|p2b: Pelipper\n|-supereffective|p2b: Pelipper\n|-damage|p2b: Pelipper|63\/100\n|\n|-weather|RainDance|[upkeep]\n|upkeep\n|\n|t:|1684134208\n|switch|p1b: Forretress|Forretress, L50, M|100\/100\n|turn|8\n|\n|t:|1684134219\n|move|p2b: Pelipper|Hurricane|p1b: Forretress\n|-damage|p1b: Forretress|43\/100\n|-start|p1b: Forretress|confusion\n|move|p1a: Ting-Lu|Rock Slide|p2b: Pelipper\n|-supereffective|p2b: Pelipper\n|-damage|p2b: Pelipper|21\/100\n|-activate|p1b: Forretress|confusion\n|move|p1b: Forretress|Gyro Ball|p2b: Pelipper\n|-damage|p2b: Pelipper|5\/100\n|\n|-weather|RainDance|[upkeep]\n|upkeep\n|turn|9\n|inactive|Battle timer is ON: inactive players will automatically lose when time's up. (requested by NoodleDude2355)\n|\n|t:|1684134232\n|-activate|p1b: Forretress|confusion\n|-damage|p1b: Forretress|36\/100|[from] confusion\n|move|p2b: Pelipper|Hurricane|p1b: Forretress\n|-damage|p1b: Forretress|0 fnt\n|faint|p1b: Forretress\n|move|p1a: Ting-Lu|Rock Slide|p2b: Pelipper\n|-supereffective|p2b: Pelipper\n|-damage|p2b: Pelipper|0 fnt\n|faint|p2b: Pelipper\n|\n|win|Mike2811\n|raw|Mike2811's rating: 1213 → 1234<\/strong> (+21 for winning)\n|raw|NoodleDude2355's rating: 1163 → 1142<\/strong> (-21 for losing)\n|c|\u2606Mike2811|gg\n|l|\u2606NoodleDude2355\n","uploadtime":1684134243,"views":6,"p1id":"mike2811","p2id":"noodledude2355","formatid":"gen9vgc2023regulationc","rating":1142,"private":0,"password":""}