{"id":"gen9vgc2023regulationc-1847976661","p1":"lambchopy","p2":"oopsycanyousee","format":"[Gen 9] VGC 2023 Regulation C","log":"|j|\u2606lambchopy\n|j|\u2606oopsycanyousee\n|t:|1682017379\n|gametype|doubles\n|player|p1|lambchopy|2|1175\n|player|p2|oopsycanyousee|larry|1207\n|teamsize|p1|6\n|teamsize|p2|6\n|gen|9\n|tier|[Gen 9] VGC 2023 Regulation C\n|rated|\n|rule|Species Clause: Limit one of each Pok\u00e9mon\n|rule|Item Clause: Limit one of each item\n|clearpoke\n|poke|p1|Farigiraf, L50, M|\n|poke|p1|Iron Hands, L50|\n|poke|p1|Chi-Yu, L50|\n|poke|p1|Amoonguss, L50, F|\n|poke|p1|Iron Bundle, L50|\n|poke|p1|Flutter Mane, L50|\n|poke|p2|Arcanine, L50, M|\n|poke|p2|Palafin, L50, F|\n|poke|p2|Amoonguss, L50, F|\n|poke|p2|Flutter Mane, L50|\n|poke|p2|Chien-Pao, L50|\n|poke|p2|Iron Hands, L50|\n|teampreview|4\n|inactive|Battle timer is ON: inactive players will automatically lose when time's up. (requested by lambchopy)\n|inactive|lambchopy has 60 seconds left.\n|inactive|oopsycanyousee has 60 seconds left.\n|inactive|oopsycanyousee has 30 seconds left.\n|\n|t:|1682017445\n|start\n|switch|p1a: Giraffe|Farigiraf, L50, M|100\/100\n|switch|p1b: BUS|Iron Hands, L50|100\/100\n|switch|p2a: Port Erin|Palafin, L50, F|100\/100\n|switch|p2b: Ballasalla|Flutter Mane, L50|100\/100\n|-enditem|p2b: Ballasalla|Booster Energy\n|-activate|p2b: Ballasalla|ability: Protosynthesis|[fromitem]\n|-start|p2b: Ballasalla|protosynthesisspa\n|turn|1\n|\n|t:|1682017469\n|detailschange|p2a: Port Erin|Palafin-Hero, L50, F\n|switch|p2a: Douglas|Arcanine, L50, M|100\/100\n|-ability|p2a: Douglas|Intimidate|boost\n|-unboost|p1a: Giraffe|atk|1\n|-unboost|p1b: BUS|atk|1\n|-terastallize|p1b: BUS|Grass\n|move|p2b: Ballasalla|Moonblast|p1a: Giraffe\n|-damage|p1a: Giraffe|43\/100\n|move|p1b: BUS|Heavy Slam|p2b: Ballasalla\n|-supereffective|p2b: Ballasalla\n|-damage|p2b: Ballasalla|1\/100\n|move|p1a: Giraffe|Trick Room|p1a: Giraffe\n|-fieldstart|move: Trick Room|[of] p1a: Giraffe\n|\n|upkeep\n|turn|2\n|inactive|oopsycanyousee has 30 seconds left.\n|inactive|oopsycanyousee has 20 seconds left.\n|inactive|oopsycanyousee has 15 seconds left.\n|\n|t:|1682017511\n|move|p2b: Ballasalla|Protect|p2b: Ballasalla\n|-singleturn|p2b: Ballasalla|Protect\n|move|p1b: BUS|Heavy Slam|p2b: Ballasalla\n|-activate|p2b: Ballasalla|move: Protect\n|move|p1a: Giraffe|Hyper Voice|p2a: Douglas|[spread] p2a\n|-activate|p2b: Ballasalla|move: Protect\n|-damage|p2a: Douglas|79\/100\n|-enditem|p1a: Giraffe|Throat Spray\n|-boost|p1a: Giraffe|spa|1|[from] item: Throat Spray\n|move|p2a: Douglas|Will-O-Wisp|p1b: BUS\n|-status|p1b: BUS|brn\n|\n|-damage|p1b: BUS|94\/100 brn|[from] brn\n|upkeep\n|turn|3\n|inactive|oopsycanyousee has 30 seconds left.\n|\n|t:|1682017540\n|-end|p2b: Ballasalla|Protosynthesis|[silent]\n|switch|p2b: Port Erin|Palafin-Hero, L50, F|100\/100\n|-activate|p2b: Port Erin|ability: Zero to Hero\n|move|p1b: BUS|Heavy Slam|p2b: Port Erin\n|-resisted|p2b: Port Erin\n|-damage|p2b: Port Erin|96\/100\n|move|p1a: Giraffe|Hyper Voice|p2a: Douglas|[spread] p2a,p2b\n|-crit|p2a: Douglas\n|-damage|p2a: Douglas|25\/100\n|-damage|p2b: Port Erin|58\/100\n|-enditem|p2a: Douglas|Aguav Berry|[eat]\n|-heal|p2a: Douglas|58\/100|[from] item: Aguav Berry\n|move|p2a: Douglas|Flare Blitz|p1a: Giraffe\n|-damage|p1a: Giraffe|0 fnt\n|faint|p1a: Giraffe\n|-damage|p2a: Douglas|43\/100|[from] Recoil\n|\n|-damage|p1b: BUS|88\/100 brn|[from] brn\n|upkeep\n|\n|t:|1682017556\n|switch|p1a: Iron Bundle|Iron Bundle, L50|100\/100\n|-enditem|p1a: Iron Bundle|Booster Energy\n|-activate|p1a: Iron Bundle|ability: Quark Drive|[fromitem]\n|-start|p1a: Iron Bundle|quarkdrivespe\n|turn|4\n|\n|t:|1682017579\n|-end|p1b: BUS|Quark Drive|[silent]\n|switch|p1b: Flutter Mane|Flutter Mane, L50|100\/100\n|move|p2b: Port Erin|Protect|p2b: Port Erin\n|-singleturn|p2b: Port Erin|Protect\n|move|p2a: Douglas|Flare Blitz|p1b: Flutter Mane\n|-damage|p1b: Flutter Mane|33\/100\n|-damage|p2a: Douglas|24\/100|[from] Recoil\n|move|p1a: Iron Bundle|Freeze-Dry|p2b: Port Erin\n|-activate|p2b: Port Erin|move: Protect\n|\n|upkeep\n|turn|5\n|inactive|oopsycanyousee has 30 seconds left.\n|inactive|oopsycanyousee has 20 seconds left.\n|inactive|oopsycanyousee has 15 seconds left.\n|\n|t:|1682017624\n|switch|p2b: Peel|Amoonguss, L50, F|100\/100\n|-end|p1b: Flutter Mane|Protosynthesis|[silent]\n|switch|p1b: BUS|Iron Hands, L50, tera:Grass|88\/100 brn\n|move|p2a: Douglas|Flare Blitz|p1b: BUS\n|-supereffective|p1b: BUS\n|-damage|p1b: BUS|23\/100 brn\n|-damage|p2a: Douglas|0 fnt|[from] Recoil\n|faint|p2a: Douglas\n|move|p1a: Iron Bundle|Freeze-Dry|p2b: Peel\n|-supereffective|p2b: Peel\n|-damage|p2b: Peel|50\/100\n|-status|p2b: Peel|frz\n|-enditem|p2b: Peel|Sitrus Berry|[eat]\n|-heal|p2b: Peel|75\/100 frz|[from] item: Sitrus Berry\n|\n|-damage|p1b: BUS|17\/100 brn|[from] brn\n|-fieldend|move: Trick Room\n|upkeep\n|inactive|oopsycanyousee has 30 seconds left.\n|\n|t:|1682017656\n|switch|p2a: Port Erin|Palafin-Hero, L50, F|58\/100\n|turn|6\n|\n|t:|1682017662\n|move|p2a: Port Erin|Protect|p2a: Port Erin\n|-singleturn|p2a: Port Erin|Protect\n|cant|p2b: Peel|frz\n|move|p1a: Iron Bundle|Icy Wind|p2a: Port Erin|[spread] p2b\n|-activate|p2a: Port Erin|move: Protect\n|-supereffective|p2b: Peel\n|-damage|p2b: Peel|45\/100 frz\n|-unboost|p2b: Peel|spe|1\n|move|p1b: BUS|Wild Charge|p2a: Port Erin\n|-activate|p2a: Port Erin|move: Protect\n|\n|-damage|p1b: BUS|11\/100 brn|[from] brn\n|upkeep\n|turn|7\n|inactive|oopsycanyousee has 30 seconds left.\n|\n|t:|1682017694\n|cant|p2b: Peel|frz\n|move|p2a: Port Erin|Jet Punch|p1b: BUS\n|-resisted|p1b: BUS\n|-damage|p1b: BUS|0 fnt\n|faint|p1b: BUS\n|-end|p1b: BUS|Quark Drive|[silent]\n|move|p1a: Iron Bundle|Freeze-Dry|p2a: Port Erin\n|-supereffective|p2a: Port Erin\n|-damage|p2a: Port Erin|0 fnt\n|faint|p2a: Port Erin\n|\n|upkeep\n|\n|t:|1682017704\n|switch|p2a: Ballasalla|Flutter Mane, L50|1\/100\n|switch|p1b: Flutter Mane|Flutter Mane, L50|33\/100\n|turn|8\n|\n|t:|1682017717\n|cant|p2b: Peel|frz\n|move|p1a: Iron Bundle|Icy Wind|p2a: Ballasalla|[spread] p2a,p2b\n|-supereffective|p2b: Peel\n|-damage|p2a: Ballasalla|0 fnt\n|-damage|p2b: Peel|13\/100 frz\n|-unboost|p2b: Peel|spe|1\n|faint|p2a: Ballasalla\n|-end|p2a: Ballasalla|Protosynthesis|[silent]\n|move|p1b: Flutter Mane|Shadow Ball|p2b: Peel\n|-damage|p2b: Peel|0 fnt\n|faint|p2b: Peel\n|\n|win|lambchopy\n|raw|lambchopy's rating: 1175 → 1202<\/strong> (+27 for winning)\n|raw|oopsycanyousee's rating: 1207 → 1180<\/strong> (-27 for losing)\n|l|\u2606lambchopy\n|l|\u2606oopsycanyousee\n|j|\u2606oopsycanyousee\n|player|p2|oopsycanyousee|larry\n|l|\u2606oopsycanyousee\n|player|p2|\n|j|\u2606oopsycanyousee\n|player|p2|oopsycanyousee|larry\n","uploadtime":1682017773,"views":11,"p1id":"lambchopy","p2id":"oopsycanyousee","formatid":"gen9vgc2023regulationc","rating":1180,"private":0,"password":""}