{"id":"gen9vgc2023regulationc-1845058434","p1":"Outta My Swamp!","p2":"jaydon8463","format":"[Gen 9] VGC 2023 Regulation C","log":"|j|\u2606Outta My Swamp!\n|j|\u2606jaydon8463\n|t:|1681678807\n|gametype|doubles\n|player|p1|Outta My Swamp!|crasherwake|1226\n|player|p2|jaydon8463|169|1236\n|teamsize|p1|6\n|teamsize|p2|6\n|gen|9\n|tier|[Gen 9] VGC 2023 Regulation C\n|rated|\n|rule|Species Clause: Limit one of each Pok\u00e9mon\n|rule|Item Clause: Limit one of each item\n|clearpoke\n|poke|p1|Chi-Yu, L50|\n|poke|p1|Flutter Mane, L50|\n|poke|p1|Garchomp, L50, M|\n|poke|p1|Corviknight, L50, F|\n|poke|p1|Tsareena, L50, F|\n|poke|p1|Gyarados, L50, F|\n|poke|p2|Dragapult, L50, F|\n|poke|p2|Chien-Pao, L50|\n|poke|p2|Arcanine, L50, F|\n|poke|p2|Palafin, L50, F|\n|poke|p2|Ting-Lu, L50|\n|poke|p2|Garganacl, L50, M|\n|teampreview|4\njaydon8463 has agreed to open team sheets.\n|inactive|Battle timer is ON: inactive players will automatically lose when time's up. (requested by jaydon8463)\n|inactive|jaydon8463 has 60 seconds left.\n|\n|t:|1681678857\n|start\n|switch|p1a: Goldy|Chi-Yu, L50|100\/100\n|switch|p1b: Karp King|Gyarados, L50, F, shiny|100\/100\n|switch|p2a: Palafin|Palafin, L50, F|100\/100\n|switch|p2b: Garganacl|Garganacl, L50, M|100\/100\n|-ability|p1b: Karp King|Intimidate|boost\n|-unboost|p2a: Palafin|atk|1\n|-unboost|p2b: Garganacl|atk|1\n|-ability|p1a: Goldy|Beads of Ruin\n|turn|1\n|\n|t:|1681678875\n|detailschange|p2a: Palafin|Palafin-Hero, L50, F\n|switch|p2a: Ting-Lu|Ting-Lu, L50|100\/100\n|-ability|p2a: Ting-Lu|Vessel of Ruin\n|move|p1b: Karp King|Waterfall|p2b: Garganacl\n|-supereffective|p2b: Garganacl\n|-damage|p2b: Garganacl|50\/100\n|move|p1a: Goldy|Will-O-Wisp|p2a: Ting-Lu\n|-status|p2a: Ting-Lu|brn\n|move|p2b: Garganacl|Salt Cure|p1b: Karp King\n|-supereffective|p1b: Karp King\n|-damage|p1b: Karp King|82\/100\n|-start|p1b: Karp King|Salt Cure\n|\n|-heal|p2b: Garganacl|56\/100|[from] item: Leftovers\n|-damage|p2a: Ting-Lu|94\/100 brn|[from] brn\n|-damage|p1b: Karp King|57\/100|[from] Salt Cure\n|upkeep\n|turn|2\n|\n|t:|1681678898\n|move|p1b: Karp King|Waterfall|p2b: Garganacl\n|-supereffective|p2b: Garganacl\n|-damage|p2b: Garganacl|3\/100\n|move|p1a: Goldy|Heat Wave|p2a: Ting-Lu|[spread] p2a\n|-miss|p1a: Goldy|p2b: Garganacl\n|-damage|p2a: Ting-Lu|72\/100 brn\n|move|p2a: Ting-Lu|Stomping Tantrum|p1a: Goldy\n|-supereffective|p1a: Goldy\n|-damage|p1a: Goldy|75\/100\n|move|p2b: Garganacl|Salt Cure|p1a: Goldy\n|-supereffective|p1a: Goldy\n|-damage|p1a: Goldy|56\/100\n|-start|p1a: Goldy|Salt Cure\n|\n|-heal|p2b: Garganacl|9\/100|[from] item: Leftovers\n|-damage|p2a: Ting-Lu|66\/100 brn|[from] brn\n|-damage|p1b: Karp King|32\/100|[from] Salt Cure\n|-damage|p1a: Goldy|44\/100|[from] Salt Cure\n|upkeep\n|-enditem|p1a: Goldy|Sitrus Berry|[eat]\n|-heal|p1a: Goldy|68\/100|[from] item: Sitrus Berry\n|turn|3\n|\n|t:|1681678920\n|move|p2a: Ting-Lu|Protect|p2a: Ting-Lu\n|-singleturn|p2a: Ting-Lu|Protect\n|move|p2b: Garganacl|Protect|p2b: Garganacl\n|-singleturn|p2b: Garganacl|Protect\n|move|p1b: Karp King|Waterfall|p2a: Ting-Lu\n|-activate|p2a: Ting-Lu|move: Protect\n|move|p1a: Goldy|Heat Wave|p2a: Ting-Lu|[spread] \n|-activate|p2a: Ting-Lu|move: Protect\n|-activate|p2b: Garganacl|move: Protect\n|\n|-heal|p2b: Garganacl|15\/100|[from] item: Leftovers\n|-damage|p2a: Ting-Lu|60\/100 brn|[from] brn\n|-damage|p1b: Karp King|7\/100|[from] Salt Cure\n|-damage|p1a: Goldy|56\/100|[from] Salt Cure\n|upkeep\n|-enditem|p1b: Karp King|Aguav Berry|[eat]\n|-heal|p1b: Karp King|41\/100|[from] item: Aguav Berry\n|turn|4\n|\n|t:|1681678937\n|switch|p2a: Palafin|Palafin-Hero, L50, F|100\/100\n|-activate|p2a: Palafin|ability: Zero to Hero\n|move|p2b: Garganacl|Wide Guard|p2b: Garganacl\n|-singleturn|p2b: Garganacl|Wide Guard\n|move|p1b: Karp King|Waterfall|p2a: Palafin\n|-resisted|p2a: Palafin\n|-damage|p2a: Palafin|84\/100\n|move|p1a: Goldy|Heat Wave|p2b: Garganacl|[spread] \n|-activate|p2a: Palafin|move: Wide Guard\n|-activate|p2b: Garganacl|move: Wide Guard\n|\n|-heal|p2b: Garganacl|20\/100|[from] item: Leftovers\n|-damage|p1b: Karp King|16\/100|[from] Salt Cure\n|-damage|p1a: Goldy|44\/100|[from] Salt Cure\n|upkeep\n|turn|5\n|inactive|Outta My Swamp! has 30 seconds left.\n|\n|t:|1681678968\n|move|p2a: Palafin|Jet Punch|p1b: Karp King\n|-resisted|p1b: Karp King\n|-damage|p1b: Karp King|0 fnt\n|faint|p1b: Karp King\n|move|p1a: Goldy|Will-O-Wisp|p2a: Palafin\n|-status|p2a: Palafin|brn\n|move|p2b: Garganacl|Stealth Rock|p1a: Goldy\n|-sidestart|p1: Outta My Swamp!|move: Stealth Rock\n|\n|-heal|p2b: Garganacl|26\/100|[from] item: Leftovers\n|-damage|p2a: Palafin|78\/100 brn|[from] brn\n|-damage|p1a: Goldy|31\/100|[from] Salt Cure\n|upkeep\n|\n|t:|1681678982\n|switch|p1b: Don Quixote|Corviknight, L50, F|100\/100\n|-damage|p1b: Don Quixote|88\/100|[from] Stealth Rock\n|turn|6\n|\n|t:|1681679001\n|-terastallize|p2b: Garganacl|Ghost\n|move|p1a: Goldy|Protect|p1a: Goldy\n|-singleturn|p1a: Goldy|Protect\n|move|p2a: Palafin|Jet Punch|p1a: Goldy\n|-activate|p1a: Goldy|move: Protect\n|move|p1b: Don Quixote|Body Press|p2b: Garganacl\n|-immune|p2b: Garganacl\n|move|p2b: Garganacl|Salt Cure|p1b: Don Quixote\n|-damage|p1b: Don Quixote|80\/100\n|-start|p1b: Don Quixote|Salt Cure\n|\n|-heal|p1b: Don Quixote|86\/100|[from] item: Leftovers\n|-heal|p2b: Garganacl|32\/100|[from] item: Leftovers\n|-damage|p2a: Palafin|72\/100 brn|[from] brn\n|-damage|p1a: Goldy|19\/100|[from] Salt Cure\n|-damage|p1b: Don Quixote|61\/100|[from] Salt Cure\n|upkeep\n|turn|7\n|inactive|jaydon8463 has 30 seconds left.\n|\n|t:|1681679026\n|switch|p2b: Ting-Lu|Ting-Lu, L50|60\/100 brn\n|-ability|p2b: Ting-Lu|Vessel of Ruin\n|move|p2a: Palafin|Jet Punch|p1a: Goldy\n|-supereffective|p1a: Goldy\n|-damage|p1a: Goldy|0 fnt\n|faint|p1a: Goldy\n|move|p1b: Don Quixote|Brave Bird|p2b: Ting-Lu\n|-damage|p2b: Ting-Lu|42\/100 brn\n|-enditem|p2b: Ting-Lu|Sitrus Berry|[eat]\n|-heal|p2b: Ting-Lu|67\/100 brn|[from] item: Sitrus Berry\n|-damage|p1b: Don Quixote|55\/100|[from] Recoil\n|\n|-heal|p1b: Don Quixote|60\/100|[from] item: Leftovers\n|-damage|p2a: Palafin|66\/100 brn|[from] brn\n|-damage|p2b: Ting-Lu|61\/100 brn|[from] brn\n|-damage|p1b: Don Quixote|36\/100|[from] Salt Cure\n|upkeep\n|\n|t:|1681679035\n|switch|p1a: UU at best|Flutter Mane, L50|100\/100\n|-damage|p1a: UU at best|88\/100|[from] Stealth Rock\n|-enditem|p1a: UU at best|Booster Energy\n|-activate|p1a: UU at best|ability: Protosynthesis|[fromitem]\n|-start|p1a: UU at best|protosynthesisspa\n|turn|8\n|inactive|jaydon8463 has 30 seconds left.\n|\n|t:|1681679067\n|switch|p2b: Chien-Pao|Chien-Pao, L50|100\/100\n|-ability|p2b: Chien-Pao|Sword of Ruin\n|move|p2a: Palafin|Jet Punch|p1a: UU at best\n|-damage|p1a: UU at best|17\/100\n|move|p1a: UU at best|Thunderbolt|p2a: Palafin\n|-supereffective|p2a: Palafin\n|-damage|p2a: Palafin|0 fnt\n|faint|p2a: Palafin\n|move|p1b: Don Quixote|Body Press|p2b: Chien-Pao\n|-supereffective|p2b: Chien-Pao\n|-enditem|p2b: Chien-Pao|Focus Sash\n|-damage|p2b: Chien-Pao|1\/100\n|\n|-heal|p1b: Don Quixote|41\/100|[from] item: Leftovers\n|-damage|p1b: Don Quixote|17\/100|[from] Salt Cure\n|upkeep\n|\n|t:|1681679083\n|switch|p2a: Garganacl|Garganacl, L50, M, tera:Ghost|32\/100\n|turn|9\n|\n|t:|1681679097\n|move|p2a: Garganacl|Protect|p2a: Garganacl\n|-singleturn|p2a: Garganacl|Protect\n|move|p2b: Chien-Pao|Sucker Punch|p1a: UU at best\n|-damage|p1a: UU at best|0 fnt\n|faint|p1a: UU at best\n|-end|p1a: UU at best|Protosynthesis|[silent]\n|move|p1b: Don Quixote|Body Press|p2b: Chien-Pao\n|-supereffective|p2b: Chien-Pao\n|-damage|p2b: Chien-Pao|0 fnt\n|faint|p2b: Chien-Pao\n|\n|-heal|p1b: Don Quixote|22\/100|[from] item: Leftovers\n|-heal|p2a: Garganacl|38\/100|[from] item: Leftovers\n|-damage|p1b: Don Quixote|0 fnt|[from] Salt Cure\n|faint|p1b: Don Quixote\n|\n|win|jaydon8463\n|upkeep\n|raw|Outta My Swamp!'s rating: 1226 → 1202<\/strong> (-24 for losing)\n|raw|jaydon8463's rating: 1236 → 1260<\/strong> (+24 for winning)\n|l|\u2606Outta My Swamp!\n","uploadtime":1681679116,"views":8,"p1id":"outtamyswamp","p2id":"jaydon8463","formatid":"gen9vgc2023regulationc","rating":1202,"private":0,"password":""}