{"id":"gen9vgc2023regulationc-1855739037","p1":"Nehzzy","p2":"edkrisco","format":"[Gen 9] VGC 2023 Regulation C","log":"|j|\u2606Nehzzy\n|j|\u2606edkrisco\n|t:|1682978585\n|gametype|doubles\n|player|p1|Nehzzy|steven|1257\n|player|p2|edkrisco|1|1235\n|teamsize|p1|6\n|teamsize|p2|6\n|gen|9\n|tier|[Gen 9] VGC 2023 Regulation C\n|rated|\n|rule|Species Clause: Limit one of each Pok\u00e9mon\n|rule|Item Clause: Limit one of each item\n|clearpoke\n|poke|p1|Orthworm, L50, M|\n|poke|p1|Garchomp, L50, M|\n|poke|p1|Talonflame, L50, M|\n|poke|p1|Amoonguss, L50, F|\n|poke|p1|Gholdengo, L50|\n|poke|p1|Gyarados, L50, M|\n|poke|p2|Gholdengo, L50|\n|poke|p2|Murkrow, L50, M|\n|poke|p2|Breloom, L50, M|\n|poke|p2|Ting-Lu, L50|\n|poke|p2|Scream Tail, L50|\n|poke|p2|Baxcalibur, L50, F|\n|teampreview|4\nNehzzy has agreed to open team sheets.\n|inactive|Battle timer is ON: inactive players will automatically lose when time's up. (requested by Nehzzy)\n|c|\u2606Nehzzy|accept ots?\nedkrisco rejected open team sheets.\n|c|\u2606Nehzzy|aight\n|inactive|edkrisco has 60 seconds left.\n|\n|t:|1682978637\n|start\n|switch|p1a: Gholdengo|Gholdengo, L50|100\/100\n|switch|p1b: Gyarados|Gyarados, L50, M, shiny|100\/100\n|switch|p2a: Murkrow|Murkrow, L50, M|100\/100\n|switch|p2b: Scream Tail|Scream Tail, L50|100\/100\n|-ability|p1b: Gyarados|Intimidate|boost\n|-unboost|p2a: Murkrow|atk|1\n|-unboost|p2b: Scream Tail|atk|1\n|-enditem|p2b: Scream Tail|Booster Energy\n|-activate|p2b: Scream Tail|ability: Protosynthesis|[fromitem]\n|-start|p2b: Scream Tail|protosynthesisspe\n|turn|1\n|inactive|Nehzzy has 30 seconds left.\n|inactive|edkrisco has 30 seconds left.\n|inactive|Nehzzy has 20 seconds left.\n|inactive|Nehzzy has 15 seconds left.\n|\n|t:|1682978680\n|move|p2b: Scream Tail|Protect|p2b: Scream Tail\n|-singleturn|p2b: Scream Tail|Protect\n|move|p2a: Murkrow|Foul Play|p1a: Gholdengo\n|-supereffective|p1a: Gholdengo\n|-damage|p1a: Gholdengo|71\/100\n|move|p1b: Gyarados|Thunder Wave|p2b: Scream Tail\n|-activate|p2b: Scream Tail|move: Protect\n|move|p1a: Gholdengo|Nasty Plot|p1a: Gholdengo\n|-boost|p1a: Gholdengo|spa|2\n|\n|-heal|p1a: Gholdengo|77\/100|[from] item: Leftovers\n|upkeep\n|turn|2\n|inactive|edkrisco has 30 seconds left.\n|inactive|edkrisco has 20 seconds left.\n|inactive|edkrisco has 15 seconds left.\n|\n|t:|1682978722\n|-end|p2b: Scream Tail|Protosynthesis|[silent]\n|switch|p2b: Gholdengo|Gholdengo, L50|100\/100\n|move|p2a: Murkrow|Haze|p2a: Murkrow\n|-clearallboost\n|move|p1b: Gyarados|Waterfall|p2b: Gholdengo\n|-damage|p2b: Gholdengo|68\/100\n|move|p1a: Gholdengo|Make It Rain|p2b: Gholdengo|[spread] p2a,p2b\n|-resisted|p2b: Gholdengo\n|-damage|p2a: Murkrow|43\/100\n|-damage|p2b: Gholdengo|43\/100\n|-unboost|p1a: Gholdengo|spa|1\n|\n|-heal|p1a: Gholdengo|83\/100|[from] item: Leftovers\n|upkeep\n|turn|3\n|inactive|edkrisco has 30 seconds left.\n|\n|t:|1682978754\n|switch|p1a: Garchomp|Garchomp, L50, M, shiny|100\/100\n|move|p2a: Murkrow|Tailwind|p2a: Murkrow\n|-sidestart|p2: edkrisco|move: Tailwind\n|move|p2b: Gholdengo|Shadow Ball|p1a: Garchomp\n|-damage|p1a: Garchomp|36\/100\n|-damage|p2b: Gholdengo|33\/100|[from] item: Life Orb\n|move|p1b: Gyarados|Waterfall|p2b: Gholdengo\n|-damage|p2b: Gholdengo|2\/100\n|\n|upkeep\n|turn|4\n|\n|t:|1682978775\n|move|p1a: Garchomp|Protect|p1a: Garchomp\n|-singleturn|p1a: Garchomp|Protect\n|move|p2a: Murkrow|Foul Play|p1b: Gyarados\n|-crit|p1b: Gyarados\n|-damage|p1b: Gyarados|39\/100\n|move|p2b: Gholdengo|Dazzling Gleam|p1b: Gyarados|[spread] p1b\n|-activate|p1a: Garchomp|move: Protect\n|-damage|p1b: Gyarados|15\/100\n|-damage|p2b: Gholdengo|0 fnt|[from] item: Life Orb\n|faint|p2b: Gholdengo\n|move|p1b: Gyarados|Waterfall|p2a: Murkrow\n|-damage|p2a: Murkrow|3\/100\n|\n|upkeep\n|\n|t:|1682978794\n|switch|p2b: Scream Tail|Scream Tail, L50|100\/100\n|turn|5\n|\n|t:|1682978810\n|switch|p1a: Gholdengo|Gholdengo, L50|83\/100\n|move|p1b: Gyarados|Protect|p1b: Gyarados\n|-singleturn|p1b: Gyarados|Protect\n|move|p2b: Scream Tail|Reflect|p2b: Scream Tail\n|-sidestart|p2: edkrisco|Reflect\n|move|p2a: Murkrow|Foul Play|p1a: Gholdengo\n|-supereffective|p1a: Gholdengo\n|-crit|p1a: Gholdengo\n|-damage|p1a: Gholdengo|37\/100\n|\n|-heal|p1a: Gholdengo|43\/100|[from] item: Leftovers\n|upkeep\n|turn|6\n|inactive|edkrisco has 30 seconds left.\n|\n|t:|1682978836\n|move|p2a: Murkrow|Protect|p2a: Murkrow\n|-singleturn|p2a: Murkrow|Protect\n|move|p1b: Gyarados|Protect|p1b: Gyarados\n|-singleturn|p1b: Gyarados|Protect\n|move|p1a: Gholdengo|Protect|p1a: Gholdengo\n|-singleturn|p1a: Gholdengo|Protect\n|move|p2b: Scream Tail|Play Rough|p1b: Gyarados\n|-activate|p1b: Gyarados|move: Protect\n|\n|-heal|p1a: Gholdengo|49\/100|[from] item: Leftovers\n|-sideend|p2: edkrisco|move: Tailwind\n|upkeep\n|turn|7\n|inactive|Nehzzy has 30 seconds left.\n|\n|t:|1682978865\n|move|p2a: Murkrow|Tailwind|p2a: Murkrow\n|-sidestart|p2: edkrisco|move: Tailwind\n|move|p2b: Scream Tail|Play Rough|p1b: Gyarados\n|-crit|p1b: Gyarados\n|-damage|p1b: Gyarados|0 fnt\n|faint|p1b: Gyarados\n|move|p1a: Gholdengo|Make It Rain|p2b: Scream Tail|[spread] p2a,p2b\n|-supereffective|p2b: Scream Tail\n|-damage|p2a: Murkrow|0 fnt\n|-damage|p2b: Scream Tail|35\/100\n|-unboost|p1a: Gholdengo|spa|1\n|faint|p2a: Murkrow\n|\n|-heal|p1a: Gholdengo|55\/100|[from] item: Leftovers\n|upkeep\n|\n|t:|1682978883\n|switch|p2a: Baxcalibur|Baxcalibur, L50, F|100\/100\n|switch|p1b: Garchomp|Garchomp, L50, M, shiny|36\/100\n|turn|8\n|inactive|edkrisco has 30 seconds left.\n|\n|t:|1682978912\n|-terastallize|p2a: Baxcalibur|Electric\n|move|p1b: Garchomp|Protect|p1b: Garchomp\n|-singleturn|p1b: Garchomp|Protect\n|move|p2b: Scream Tail|Howl|p2b: Scream Tail|[spread] p2a,p2b\n|-boost|p2a: Baxcalibur|atk|1\n|-boost|p2b: Scream Tail|atk|1\n|move|p2a: Baxcalibur|Tera Blast|p1a: Gholdengo\n|-damage|p1a: Gholdengo|0 fnt\n|faint|p1a: Gholdengo\n|\n|upkeep\n|\n|t:|1682978924\n|switch|p1a: Orthworm|Orthworm, L50, M, shiny|100\/100\n|turn|9\n|\n|t:|1682978946\n|move|p2b: Scream Tail|Play Rough|p1b: Garchomp|[miss]\n|-miss|p2b: Scream Tail|p1b: Garchomp\n|move|p2a: Baxcalibur|Tera Blast|p1a: Orthworm\n|-damage|p1a: Orthworm|41\/100\n|-enditem|p1a: Orthworm|Sitrus Berry|[eat]\n|-heal|p1a: Orthworm|66\/100|[from] item: Sitrus Berry\n|move|p1b: Garchomp|Earthquake|p2b: Scream Tail|[spread] p2a,p2b\n|-heal|p1a: Orthworm|90\/100|[from] ability: Earth Eater|[of] p1b: Garchomp\n|-supereffective|p2a: Baxcalibur\n|-damage|p2a: Baxcalibur|50\/100\n|-damage|p2b: Scream Tail|18\/100\n|move|p1a: Orthworm|Iron Defense|p1a: Orthworm\n|-boost|p1a: Orthworm|def|2\n|\n|-sideend|p2: edkrisco|Reflect\n|upkeep\n|turn|10\n|c|\u2606Nehzzy|no OTS makes sense now\n|inactive|Nehzzy has 30 seconds left.\n|inactive|edkrisco has 30 seconds left.\n|inactive|edkrisco has 20 seconds left.\n|inactive|edkrisco has 15 seconds left.\n|inactive|edkrisco has 10 seconds left.\n|inactive|edkrisco has 5 seconds left.\n|\n|t:|1682978998\n|-terastallize|p1b: Garchomp|Fire\n|move|p2b: Scream Tail|Reflect|p2b: Scream Tail\n|-sidestart|p2: edkrisco|Reflect\n|move|p2a: Baxcalibur|Tera Blast|p1a: Orthworm\n|-damage|p1a: Orthworm|60\/100\n|move|p1b: Garchomp|Earthquake|p2a: Baxcalibur|[spread] p2a,p2b\n|-heal|p1a: Orthworm|85\/100|[from] ability: Earth Eater|[of] p1b: Garchomp\n|-supereffective|p2a: Baxcalibur\n|-damage|p2a: Baxcalibur|0 fnt\n|-damage|p2b: Scream Tail|0 fnt\n|faint|p2a: Baxcalibur\n|faint|p2b: Scream Tail\n|-end|p2b: Scream Tail|Protosynthesis|[silent]\n|\n|win|Nehzzy\n|raw|Nehzzy's rating: 1257 → 1280<\/strong> (+23 for winning)\n|raw|edkrisco's rating: 1235 → 1212<\/strong> (-23 for losing)\n|c|\u2606Nehzzy|gg\n","uploadtime":1682979014,"views":14,"p1id":"nehzzy","p2id":"edkrisco","formatid":"gen9vgc2023regulationc","rating":1212,"private":0,"password":""}