{"id":"gen9vgc2023regulationc-1849640529","p1":"zaboomafoooo","p2":"temerence","format":"[Gen 9] VGC 2023 Regulation C","log":"|j|\u2606zaboomafoooo\n|j|\u2606temerence\n|t:|1682224196\n|gametype|doubles\n|player|p1|zaboomafoooo|dancer|1044\n|player|p2|temerence|hilbert|1102\n|teamsize|p1|6\n|teamsize|p2|6\n|gen|9\n|tier|[Gen 9] VGC 2023 Regulation C\n|rated|\n|rule|Species Clause: Limit one of each Pok\u00e9mon\n|rule|Item Clause: Limit one of each item\n|clearpoke\n|poke|p1|Brute Bonnet, L50|\n|poke|p1|Chi-Yu, L50|\n|poke|p1|Flutter Mane, L50|\n|poke|p1|Murkrow, L50, M|\n|poke|p1|Great Tusk, L50|\n|poke|p1|Azumarill, L50, M|\n|poke|p2|Flutter Mane, L50|\n|poke|p2|Amoonguss, L50, M|\n|poke|p2|Palafin, L50, F|\n|poke|p2|Chien-Pao, L50|\n|poke|p2|Arcanine, L50, M|\n|poke|p2|Dragapult, L50, M|\n|teampreview|4\n|inactive|Battle timer is ON: inactive players will automatically lose when time's up. (requested by temerence)\n|inactive|temerence has 60 seconds left.\n|\n|t:|1682224240\n|start\n|switch|p1a: Murkrow|Murkrow, L50, M|100\/100\n|switch|p1b: Chi-Yu|Chi-Yu, L50|100\/100\n|switch|p2a: Palafin|Palafin, L50, F|100\/100\n|switch|p2b: Amoonguss|Amoonguss, L50, M|100\/100\n|-ability|p1b: Chi-Yu|Beads of Ruin\n|turn|1\n|\n|t:|1682224264\n|detailschange|p2a: Palafin|Palafin-Hero, L50, F\n|switch|p2a: Arcanine|Arcanine, L50, M|100\/100\n|-ability|p2a: Arcanine|Intimidate|boost\n|-unboost|p1a: Murkrow|atk|1\n|-unboost|p1b: Chi-Yu|atk|1\n|move|p1b: Chi-Yu|Protect|p1b: Chi-Yu\n|-singleturn|p1b: Chi-Yu|Protect\n|move|p1a: Murkrow|Sunny Day|p1a: Murkrow\n|-weather|SunnyDay\n|move|p2b: Amoonguss|Spore|p1b: Chi-Yu\n|-activate|p1b: Chi-Yu|move: Protect\n|\n|-weather|SunnyDay|[upkeep]\n|upkeep\n|turn|2\n|inactive|temerence has 30 seconds left.\n|\n|t:|1682224298\n|move|p1b: Chi-Yu|Overheat|p2b: Amoonguss\n|-supereffective|p2b: Amoonguss\n|-damage|p2b: Amoonguss|0 fnt\n|-unboost|p1b: Chi-Yu|spa|2\n|faint|p2b: Amoonguss\n|move|p2a: Arcanine|Flare Blitz|p1a: Murkrow\n|-damage|p1a: Murkrow|0 fnt\n|faint|p1a: Murkrow\n|-damage|p2a: Arcanine|72\/100|[from] Recoil\n|\n|-weather|SunnyDay|[upkeep]\n|upkeep\n|inactive|zaboomafoooo has 30 seconds left.\n|\n|t:|1682224323\n|switch|p1a: Flutter Mane|Flutter Mane, L50, shiny|100\/100\n|switch|p2b: Palafin|Palafin-Hero, L50, F|100\/100\n|-activate|p1a: Flutter Mane|ability: Protosynthesis\n|-start|p1a: Flutter Mane|protosynthesisspa\n|-activate|p2b: Palafin|ability: Zero to Hero\n|turn|3\n|inactive|zaboomafoooo has 30 seconds left.\n|\n|t:|1682224354\n|-terastallize|p1b: Chi-Yu|Dark\n|move|p1a: Flutter Mane|Moonblast|p2b: Palafin\n|-damage|p2b: Palafin|0 fnt\n|faint|p2b: Palafin\n|move|p1b: Chi-Yu|Dark Pulse|p2a: Arcanine\n|-damage|p2a: Arcanine|40\/100\n|move|p2a: Arcanine|Flare Blitz|p1a: Flutter Mane\n|-damage|p1a: Flutter Mane|0 fnt\n|faint|p1a: Flutter Mane\n|-end|p1a: Flutter Mane|Protosynthesis|[silent]\n|-damage|p2a: Arcanine|18\/100|[from] Recoil\n|\n|-weather|SunnyDay|[upkeep]\n|upkeep\n|\n|t:|1682224367\n|switch|p1a: Azumarill|Azumarill, L50, M, shiny|100\/100\n|switch|p2b: Flutter Mane|Flutter Mane, L50|100\/100\n|-activate|p2b: Flutter Mane|ability: Protosynthesis\n|-start|p2b: Flutter Mane|protosynthesisspe\n|turn|4\n|inactive|zaboomafoooo has 30 seconds left.\n|\n|t:|1682224401\n|-terastallize|p2b: Flutter Mane|Fairy\n|move|p2a: Arcanine|Protect|p2a: Arcanine\n|-singleturn|p2a: Arcanine|Protect\n|move|p2b: Flutter Mane|Moonblast|p1b: Chi-Yu\n|-supereffective|p1b: Chi-Yu\n|-enditem|p1b: Chi-Yu|Focus Sash\n|-damage|p1b: Chi-Yu|1\/100\n|-unboost|p1b: Chi-Yu|spa|1\n|move|p1b: Chi-Yu|Dark Pulse|p2a: Arcanine\n|-activate|p2a: Arcanine|move: Protect\n|move|p1a: Azumarill|Play Rough|p2b: Flutter Mane\n|-damage|p2b: Flutter Mane|0 fnt\n|faint|p2b: Flutter Mane\n|-end|p2b: Flutter Mane|Protosynthesis|[silent]\n|\n|-weather|SunnyDay|[upkeep]\n|upkeep\n|turn|5\n|\n|t:|1682224421\n|move|p2a: Arcanine|Extreme Speed|p1b: Chi-Yu\n|-crit|p1b: Chi-Yu\n|-damage|p1b: Chi-Yu|0 fnt\n|faint|p1b: Chi-Yu\n|move|p1a: Azumarill|Aqua Jet|p2a: Arcanine\n|-supereffective|p2a: Arcanine\n|-damage|p2a: Arcanine|0 fnt\n|faint|p2a: Arcanine\n|\n|win|zaboomafoooo\n|raw|zaboomafoooo's rating: 1044 → 1083<\/strong> (+39 for winning)\n|raw|temerence's rating: 1102 → 1073<\/strong> (-29 for losing)\n|c|\u2606temerence|gg\n|c|\u2606zaboomafoooo|gg\n","uploadtime":1682224445,"views":14,"p1id":"zaboomafoooo","p2id":"temerence","formatid":"gen9vgc2023regulationc","rating":1073,"private":0,"password":""}