{"id":"gen9vgc2023regulationc-1852635795","p1":"Melifrikki","p2":"Piccius","format":"[Gen 9] VGC 2023 Regulation C","log":"|j|\u2606Melifrikki\n|j|\u2606Piccius\n|t:|1682588975\n|gametype|doubles\n|player|p1|Melifrikki|101|1225\n|player|p2|Piccius|hiker-gen4|1248\n|teamsize|p1|6\n|teamsize|p2|6\n|gen|9\n|tier|[Gen 9] VGC 2023 Regulation C\n|rated|\n|rule|Species Clause: Limit one of each Pok\u00e9mon\n|rule|Item Clause: Limit one of each item\n|clearpoke\n|poke|p1|Kingambit, L50, M|\n|poke|p1|Amoonguss, L50, F|\n|poke|p1|Talonflame, L50, M|\n|poke|p1|Flutter Mane, L50|\n|poke|p1|Iron Bundle, L50|\n|poke|p1|Garchomp, L50, F|\n|poke|p2|Iron Bundle, L50|\n|poke|p2|Chi-Yu, L50|\n|poke|p2|Azumarill, L50, F|\n|poke|p2|Annihilape, L50, F|\n|poke|p2|Maushold, L50|\n|poke|p2|Meowscarada, L50, F|\n|teampreview|4\n|l|\u2606Piccius\n|player|p2|\n|\n|t:|1682589026\n|start\n|switch|p1a: Talonflame|Talonflame, L50, M|100\/100\n|switch|p1b: Garchomp|Garchomp, L50, F|100\/100\n|switch|p2a: Iron Bundle|Iron Bundle, L50|100\/100\n|switch|p2b: Azumarill|Azumarill, L50, F, shiny|100\/100\n|-enditem|p2a: Iron Bundle|Booster Energy\n|-activate|p2a: Iron Bundle|ability: Quark Drive|[fromitem]\n|-start|p2a: Iron Bundle|quarkdrivespe\n|turn|1\n|j|\u2606Piccius\n|player|p2|Piccius|hiker-gen4\n|inactive|Battle timer is ON: inactive players will automatically lose when time's up. (requested by Melifrikki)\n|\n|t:|1682589039\n|-terastallize|p1b: Garchomp|Fire\n|move|p1a: Talonflame|Tailwind|p1a: Talonflame\n|-sidestart|p1: Melifrikki|move: Tailwind\n|move|p1b: Garchomp|Earthquake|p2b: Azumarill|[spread] p2a,p2b\n|-immune|p1a: Talonflame\n|-crit|p2a: Iron Bundle\n|-damage|p2a: Iron Bundle|14\/100\n|-damage|p2b: Azumarill|51\/100\n|-damage|p1b: Garchomp|91\/100|[from] item: Life Orb\n|move|p2a: Iron Bundle|Icy Wind|p1a: Talonflame|[spread] p1a,p1b\n|-resisted|p1b: Garchomp\n|-damage|p1a: Talonflame|72\/100\n|-damage|p1b: Garchomp|79\/100\n|-unboost|p1a: Talonflame|spe|1\n|-unboost|p1b: Garchomp|spe|1\n|move|p2b: Azumarill|Liquidation|p1a: Talonflame\n|-supereffective|p1a: Talonflame\n|-damage|p1a: Talonflame|0 fnt\n|faint|p1a: Talonflame\n|\n|upkeep\n|\n|t:|1682589056\n|switch|p1a: Flutter Mane|Flutter Mane, L50|100\/100\n|-enditem|p1a: Flutter Mane|Booster Energy\n|-activate|p1a: Flutter Mane|ability: Protosynthesis|[fromitem]\n|-start|p1a: Flutter Mane|protosynthesisspa\n|turn|2\n|inactive|Melifrikki has 30 seconds left.\n|inactive|Piccius has 30 seconds left.\n|\n|t:|1682589086\n|move|p2a: Iron Bundle|Protect|p2a: Iron Bundle\n|-singleturn|p2a: Iron Bundle|Protect\n|move|p1b: Garchomp|Protect|p1b: Garchomp\n|-singleturn|p1b: Garchomp|Protect\n|move|p2b: Azumarill|Aqua Jet|p1b: Garchomp\n|-activate|p1b: Garchomp|move: Protect\n|move|p1a: Flutter Mane|Substitute|p1a: Flutter Mane\n|-start|p1a: Flutter Mane|Substitute\n|-damage|p1a: Flutter Mane|76\/100\n|\n|upkeep\n|turn|3\n|\n|t:|1682589105\n|switch|p1b: Amoonguss|Amoonguss, L50, F|100\/100\n|move|p1a: Flutter Mane|Dazzling Gleam|p2a: Iron Bundle|[spread] p2a,p2b\n|-damage|p2a: Iron Bundle|0 fnt\n|-damage|p2b: Azumarill|23\/100\n|faint|p2a: Iron Bundle\n|-end|p2a: Iron Bundle|Quark Drive|[silent]\n|move|p2b: Azumarill|Liquidation|p1a: Flutter Mane\n|-end|p1a: Flutter Mane|Substitute\n|\n|upkeep\n|\n|t:|1682589113\n|switch|p2a: Meowscarada|Meowscarada, L50, F|100\/100\n|turn|4\n|\n|t:|1682589128\n|switch|p2b: Annihilape|Annihilape, L50, F|100\/100\n|move|p1a: Flutter Mane|Protect|p1a: Flutter Mane\n|-singleturn|p1a: Flutter Mane|Protect\n|move|p2a: Meowscarada|Acrobatics|p1b: Amoonguss\n|-supereffective|p1b: Amoonguss\n|-damage|p1b: Amoonguss|66\/100\n|move|p1b: Amoonguss|Spore|p2b: Annihilape\n|-status|p2b: Annihilape|slp|[from] move: Spore\n|\n|-sideend|p1: Melifrikki|move: Tailwind\n|upkeep\n|turn|5\n|inactive|Melifrikki has 30 seconds left.\n|inactive|Piccius has 30 seconds left.\n|\n|t:|1682589163\n|move|p1b: Amoonguss|Rage Powder|p1b: Amoonguss\n|-singleturn|p1b: Amoonguss|move: Rage Powder\n|move|p1a: Flutter Mane|Dazzling Gleam|p2a: Meowscarada|[spread] p2a,p2b\n|-supereffective|p2a: Meowscarada\n|-supereffective|p2b: Annihilape\n|-enditem|p2a: Meowscarada|Focus Sash\n|-damage|p2a: Meowscarada|1\/100\n|-damage|p2b: Annihilape|30\/100 slp\n|move|p2a: Meowscarada|Flower Trick|p1a: Flutter Mane\n|-crit|p1a: Flutter Mane\n|-damage|p1a: Flutter Mane|0 fnt\n|faint|p1a: Flutter Mane\n|-end|p1a: Flutter Mane|Protosynthesis|[silent]\n|cant|p2b: Annihilape|slp\n|\n|-heal|p2b: Annihilape|35\/100 slp|[from] item: Leftovers\n|upkeep\n|\n|t:|1682589174\n|switch|p1a: Garchomp|Garchomp, L50, F, tera:Fire|79\/100\n|turn|6\n|\n|t:|1682589180\n|move|p2a: Meowscarada|Protect|p2a: Meowscarada\n|-singleturn|p2a: Meowscarada|Protect\n|-curestatus|p2b: Annihilape|slp|[msg]\n|move|p2b: Annihilape|Protect|p2b: Annihilape\n|-singleturn|p2b: Annihilape|Protect\n|move|p1b: Amoonguss|Protect|p1b: Amoonguss\n|-singleturn|p1b: Amoonguss|Protect\n|move|p1a: Garchomp|Earthquake|p2a: Meowscarada|[spread] \n|-activate|p1b: Amoonguss|move: Protect\n|-activate|p2a: Meowscarada|move: Protect\n|-activate|p2b: Annihilape|move: Protect\n|\n|-heal|p2b: Annihilape|41\/100|[from] item: Leftovers\n|upkeep\n|turn|7\n|\n|t:|1682589199\n|move|p2a: Meowscarada|Acrobatics|p1b: Amoonguss\n|-supereffective|p1b: Amoonguss\n|-damage|p1b: Amoonguss|0 fnt\n|faint|p1b: Amoonguss\n|move|p1a: Garchomp|Earthquake|p2a: Meowscarada|[spread] p2a,p2b\n|-resisted|p2a: Meowscarada\n|-damage|p2a: Meowscarada|0 fnt\n|-damage|p2b: Annihilape|0 fnt\n|faint|p2a: Meowscarada\n|faint|p2b: Annihilape\n|-damage|p1a: Garchomp|69\/100|[from] item: Life Orb\n|\n|upkeep\n|\n|t:|1682589208\n|switch|p2a: Azumarill|Azumarill, L50, F, shiny|23\/100\n|turn|8\n|\n|t:|1682589212\n|-terastallize|p2a: Azumarill|Water\n|move|p2a: Azumarill|Aqua Jet|p1a: Garchomp\n|-supereffective|p1a: Garchomp\n|-damage|p1a: Garchomp|0 fnt\n|-damage|p2a: Azumarill|11\/100|[from] ability: Rough Skin|[of] p1a: Garchomp\n|faint|p1a: Garchomp\n|\n|win|Piccius\n|raw|Melifrikki's rating: 1225 → 1202<\/strong> (-23 for losing)\n|raw|Piccius's rating: 1248 → 1271<\/strong> (+23 for winning)\n|l|\u2606Melifrikki\n","uploadtime":1682589294,"views":9,"p1id":"melifrikki","p2id":"piccius","formatid":"gen9vgc2023regulationc","rating":1202,"private":0,"password":""}