{"id":"gen9vgc2023regulationc-1862346707","p1":"BoyHachiiz","p2":"tealpens1","format":"[Gen 9] VGC 2023 Regulation C","log":"|j|\u2606BoyHachiiz\n|j|\u2606tealpens1\n|t:|1683870141\n|gametype|doubles\n|player|p1|BoyHachiiz|1|1220\n|player|p2|tealpens1|170|1194\n|teamsize|p1|6\n|teamsize|p2|6\n|gen|9\n|tier|[Gen 9] VGC 2023 Regulation C\n|rated|\n|rule|Species Clause: Limit one of each Pok\u00e9mon\n|rule|Item Clause: Limit one of each item\n|clearpoke\n|poke|p1|Maushold-Four, L50|\n|poke|p1|Annihilape, L50, F|\n|poke|p1|Iron Bundle, L50|\n|poke|p1|Scizor, L50, F|\n|poke|p1|Gyarados, L50, F|\n|poke|p1|Ting-Lu, L50|\n|poke|p2|Garchomp, L50, M|\n|poke|p2|Murkrow, L50, M|\n|poke|p2|Gholdengo, L50|\n|poke|p2|Gyarados, L50, M|\n|poke|p2|Amoonguss, L50, F|\n|poke|p2|Flutter Mane, L50|\n|teampreview|4\nBoyHachiiz has agreed to open team sheets.\ntealpens1 has agreed to open team sheets.\n|\n|t:|1683870230\n|start\n|switch|p1a: Maushold|Maushold-Four, L50|100\/100\n|switch|p1b: Annihilape|Annihilape, L50, F|100\/100\n|switch|p2a: Murkrow|Murkrow, L50, M|100\/100\n|switch|p2b: Gholdengo|Gholdengo, L50|100\/100\n|turn|1\n|\n|t:|1683870265\n|move|p2b: Gholdengo|Protect|p2b: Gholdengo\n|-singleturn|p2b: Gholdengo|Protect\n|move|p2a: Murkrow|Taunt|p1a: Maushold\n|-start|p1a: Maushold|move: Taunt\n|move|p1a: Maushold|Beat Up|p1b: Annihilape\n|-damage|p1b: Annihilape|99\/100\n|-damage|p1b: Annihilape|97\/100\n|-damage|p1b: Annihilape|95\/100\n|-damage|p1b: Annihilape|92\/100\n|-hitcount|p1b: Annihilape|4\n|move|p1b: Annihilape|Rage Fist|p2b: Gholdengo\n|-activate|p2b: Gholdengo|move: Protect\n|\n|upkeep\n|turn|2\n|\n|t:|1683870297\n|-terastallize|p1b: Annihilape|Water\n|move|p2a: Murkrow|Tailwind|p2a: Murkrow\n|-sidestart|p2: tealpens1|move: Tailwind\n|move|p2b: Gholdengo|Make It Rain|p1b: Annihilape|[spread] p1a,p1b\n|-resisted|p1b: Annihilape\n|-damage|p1a: Maushold|61\/100\n|-damage|p1b: Annihilape|79\/100\n|-unboost|p2b: Gholdengo|spa|1\n|move|p1a: Maushold|Beat Up|p1b: Annihilape\n|-damage|p1b: Annihilape|77\/100\n|-damage|p1b: Annihilape|75\/100\n|-damage|p1b: Annihilape|74\/100\n|-damage|p1b: Annihilape|71\/100\n|-hitcount|p1b: Annihilape|4\n|move|p1b: Annihilape|Rage Fist|p2b: Gholdengo\n|-supereffective|p2b: Gholdengo\n|-damage|p2b: Gholdengo|0 fnt\n|faint|p2b: Gholdengo\n|\n|upkeep\n|\n|t:|1683870315\n|switch|p2b: Garchomp|Garchomp, L50, M|100\/100\n|turn|3\n|\n|t:|1683870344\n|move|p2b: Garchomp|Earthquake|p1a: Maushold|[spread] p1a,p1b\n|-immune|p2a: Murkrow\n|-damage|p1a: Maushold|0 fnt\n|-damage|p1b: Annihilape|40\/100\n|-enditem|p1b: Annihilape|Sitrus Berry|[eat]\n|-heal|p1b: Annihilape|65\/100|[from] item: Sitrus Berry\n|faint|p1a: Maushold\n|-damage|p2b: Garchomp|91\/100|[from] item: Life Orb\n|move|p2a: Murkrow|Foul Play|p1b: Annihilape\n|-damage|p1b: Annihilape|27\/100\n|move|p1b: Annihilape|Rage Fist|p2b: Garchomp\n|-damage|p2b: Garchomp|0 fnt\n|-damage|p1b: Annihilape|15\/100|[from] ability: Rough Skin|[of] p2b: Garchomp\n|faint|p2b: Garchomp\n|\n|upkeep\n|\n|t:|1683870367\n|switch|p2b: Flutter Mane|Flutter Mane, L50|100\/100\n|switch|p1a: Iron Bundle|Iron Bundle, L50|100\/100\n|-enditem|p2b: Flutter Mane|Booster Energy\n|-activate|p2b: Flutter Mane|ability: Protosynthesis|[fromitem]\n|-start|p2b: Flutter Mane|protosynthesisspa\n|-enditem|p1a: Iron Bundle|Booster Energy\n|-activate|p1a: Iron Bundle|ability: Quark Drive|[fromitem]\n|-start|p1a: Iron Bundle|quarkdrivespe\n|turn|4\n|\n|t:|1683870407\n|move|p1a: Iron Bundle|Protect|p1a: Iron Bundle\n|-singleturn|p1a: Iron Bundle|Protect\n|move|p2b: Flutter Mane|Thunderbolt|p1a: Iron Bundle\n|-activate|p1a: Iron Bundle|move: Protect\n|move|p2a: Murkrow|Foul Play|p1b: Annihilape\n|-damage|p1b: Annihilape|0 fnt\n|faint|p1b: Annihilape\n|\n|upkeep\n|\n|t:|1683870415\n|switch|p1b: Scizor|Scizor, L50, F|100\/100\n|turn|5\n|\n|t:|1683870454\n|-terastallize|p2b: Flutter Mane|Water\n|move|p2b: Flutter Mane|Thunderbolt|p1a: Iron Bundle\n|-supereffective|p1a: Iron Bundle\n|-damage|p1a: Iron Bundle|0 fnt\n|faint|p1a: Iron Bundle\n|-end|p1a: Iron Bundle|Quark Drive|[silent]\n|move|p2a: Murkrow|Foul Play|p1b: Scizor\n|-damage|p1b: Scizor|47\/100\n|move|p1b: Scizor|Swords Dance|p1b: Scizor\n|-boost|p1b: Scizor|atk|2\n|\n|-sideend|p2: tealpens1|move: Tailwind\n|upkeep\n|turn|6\n|c|\u2606tealpens1|gg\n|\n|t:|1683870498\n|move|p1b: Scizor|Bullet Punch|p2b: Flutter Mane\n|-resisted|p2b: Flutter Mane\n|-damage|p2b: Flutter Mane|31\/100\n|move|p2b: Flutter Mane|Shadow Ball|p1b: Scizor\n|-damage|p1b: Scizor|0 fnt\n|faint|p1b: Scizor\n|\n|win|tealpens1\n|raw|BoyHachiiz's rating: 1220 → 1193<\/strong> (-27 for losing)\n|raw|tealpens1's rating: 1194 → 1221<\/strong> (+27 for winning)\n|c|\u2606tealpens1|wp\n|l|\u2606BoyHachiiz\n","uploadtime":1683870518,"views":9,"p1id":"boyhachiiz","p2id":"tealpens1","formatid":"gen9vgc2023regulationc","rating":1193,"private":0,"password":""}