{"id":"gen9vgc2023regulationc-1853310050","p1":"Togethicc468","p2":"DB14","format":"[Gen 9] VGC 2023 Regulation C","log":"|j|\u2606Togethicc468\n|j|\u2606DB14\n|t:|1682665605\n|gametype|doubles\n|player|p1|Togethicc468|170|1056\n|player|p2|DB14|firebreather|1174\n|teamsize|p1|6\n|teamsize|p2|6\n|gen|9\n|tier|[Gen 9] VGC 2023 Regulation C\n|rated|\n|rule|Species Clause: Limit one of each Pok\u00e9mon\n|rule|Item Clause: Limit one of each item\n|clearpoke\n|poke|p1|Farigiraf, L50, F|\n|poke|p1|Amoonguss, L50, M|\n|poke|p1|Hatterene, L50, F|\n|poke|p1|Garganacl, L50, M|\n|poke|p1|Kingambit, L50, M|\n|poke|p1|Arcanine, L50, M|\n|poke|p2|Baxcalibur, L50, M|\n|poke|p2|Annihilape, L50, M|\n|poke|p2|Grafaiai, L50, M|\n|poke|p2|Talonflame, L50, F|\n|poke|p2|Iron Thorns, L50|\n|poke|p2|Clawitzer, L50, F|\n|teampreview|4\n|inactive|Battle timer is ON: inactive players will automatically lose when time's up. (requested by DB14)\n|\n|t:|1682665629\n|start\n|switch|p1a: Farigiraf|Farigiraf, L50, F|100\/100\n|switch|p1b: Amoonguss|Amoonguss, L50, M|100\/100\n|switch|p2a: Floki|Grafaiai, L50, M, shiny|100\/100\n|switch|p2b: Bjorn|Annihilape, L50, M|100\/100\n|turn|1\n|\n|t:|1682665641\n|move|p1b: Amoonguss|Rage Powder|p1b: Amoonguss\n|-singleturn|p1b: Amoonguss|move: Rage Powder\n|move|p2a: Floki|Taunt||[still]\n|cant|p1a: Farigiraf|ability: Armor Tail|Taunt|[of] p2a: Floki\n|move|p2b: Bjorn|Bulk Up|p2b: Bjorn\n|-boost|p2b: Bjorn|atk|1\n|-boost|p2b: Bjorn|def|1\n|move|p1a: Farigiraf|Trick Room|p1a: Farigiraf\n|-fieldstart|move: Trick Room|[of] p1a: Farigiraf\n|\n|upkeep\n|turn|2\n|inactive|DB14 has 30 seconds left.\n|\n|t:|1682665668\n|move|p2a: Floki|Parting Shot||[still]\n|cant|p1a: Farigiraf|ability: Armor Tail|Parting Shot|[of] p2a: Floki\n|move|p1b: Amoonguss|Spore|p2b: Bjorn\n|-status|p2b: Bjorn|slp|[from] move: Spore\n|move|p1a: Farigiraf|Psychic|p2a: Floki\n|-supereffective|p2a: Floki\n|-damage|p2a: Floki|0 fnt\n|faint|p2a: Floki\n|cant|p2b: Bjorn|slp\n|\n|upkeep\n|\n|t:|1682665678\n|switch|p2a: Ragnar|Baxcalibur, L50, M, shiny|100\/100\n|turn|3\n|\n|t:|1682665694\n|move|p2a: Ragnar|Ice Shard||[still]\n|cant|p1a: Farigiraf|ability: Armor Tail|Ice Shard|[of] p2a: Ragnar\n|move|p1b: Amoonguss|Pollen Puff|p2b: Bjorn\n|-resisted|p2b: Bjorn\n|-damage|p2b: Bjorn|97\/100 slp\n|move|p1a: Farigiraf|Psychic|p2b: Bjorn\n|-supereffective|p2b: Bjorn\n|-damage|p2b: Bjorn|51\/100 slp\n|-enditem|p2b: Bjorn|Weakness Policy\n|-boost|p2b: Bjorn|atk|2|[from] item: Weakness Policy\n|-boost|p2b: Bjorn|spa|2|[from] item: Weakness Policy\n|cant|p2b: Bjorn|slp\n|\n|upkeep\n|turn|4\n|\n|t:|1682665718\n|move|p1b: Amoonguss|Pollen Puff|p2b: Bjorn\n|-resisted|p2b: Bjorn\n|-damage|p2b: Bjorn|47\/100 slp\n|move|p1a: Farigiraf|Psychic|p2b: Bjorn\n|-supereffective|p2b: Bjorn\n|-crit|p2b: Bjorn\n|-damage|p2b: Bjorn|0 fnt\n|faint|p2b: Bjorn\n|move|p2a: Ragnar|Iron Head|p1b: Amoonguss\n|-damage|p1b: Amoonguss|50\/100\n|-damage|p2a: Ragnar|91\/100|[from] item: Life Orb\n|\n|upkeep\n|\n|t:|1682665726\n|switch|p2b: Harald|Talonflame, L50, F|100\/100\n|turn|5\n|\n|t:|1682665746\n|move|p2b: Harald|Brave Bird||[still]\n|cant|p1a: Farigiraf|ability: Armor Tail|Brave Bird|[of] p2b: Harald\n|move|p1b: Amoonguss|Spore|p2a: Ragnar\n|-status|p2a: Ragnar|slp|[from] move: Spore\n|move|p1a: Farigiraf|Reflect|p1a: Farigiraf\n|-sidestart|p1: Togethicc468|Reflect\n|cant|p2a: Ragnar|slp\n|\n|-fieldend|move: Trick Room\n|upkeep\n|turn|6\n|\n|t:|1682665767\n|move|p1b: Amoonguss|Rage Powder|p1b: Amoonguss\n|-singleturn|p1b: Amoonguss|move: Rage Powder\n|move|p2b: Harald|Will-O-Wisp|p1b: Amoonguss|[miss]\n|-miss|p2b: Harald|p1b: Amoonguss\n|-curestatus|p2a: Ragnar|slp|[msg]\n|move|p2a: Ragnar|Iron Head|p1b: Amoonguss\n|-crit|p1b: Amoonguss\n|-damage|p1b: Amoonguss|0 fnt\n|faint|p1b: Amoonguss\n|-damage|p2a: Ragnar|81\/100|[from] item: Life Orb\n|move|p1a: Farigiraf|Trick Room|p1a: Farigiraf\n|-fieldstart|move: Trick Room|[of] p1a: Farigiraf\n|\n|upkeep\n|\n|t:|1682665780\n|switch|p1b: Garganacl|Garganacl, L50, M|100\/100\n|turn|7\n|\n|t:|1682665792\n|-terastallize|p1b: Garganacl|Rock\n|-terastallize|p2a: Ragnar|Ground\n|move|p1b: Garganacl|Salt Cure|p2b: Harald\n|-supereffective|p2b: Harald\n|-damage|p2b: Harald|0 fnt\n|faint|p2b: Harald\n|move|p1a: Farigiraf|Psychic|p2a: Ragnar\n|-damage|p2a: Ragnar|53\/100\n|move|p2a: Ragnar|Earthquake|p1a: Farigiraf|[spread] p1a,p1b\n|-supereffective|p1b: Garganacl\n|-damage|p1a: Farigiraf|56\/100\n|-damage|p1b: Garganacl|59\/100\n|-damage|p2a: Ragnar|43\/100|[from] item: Life Orb\n|\n|upkeep\n|turn|8\n|\n|t:|1682665807\n|move|p1b: Garganacl|Wide Guard|p1b: Garganacl\n|-singleturn|p1b: Garganacl|Wide Guard\n|move|p1a: Farigiraf|Psychic|p2a: Ragnar\n|-damage|p2a: Ragnar|14\/100\n|move|p2a: Ragnar|Earthquake|p1b: Garganacl|[spread] \n|-activate|p1a: Farigiraf|move: Wide Guard\n|-activate|p1b: Garganacl|move: Wide Guard\n|\n|upkeep\n|turn|9\n|\n|t:|1682665819\n|move|p1b: Garganacl|Salt Cure|p2a: Ragnar\n|-resisted|p2a: Ragnar\n|-damage|p2a: Ragnar|0 fnt\n|faint|p2a: Ragnar\n|\n|win|Togethicc468\n|raw|Togethicc468's rating: 1056 → 1098<\/strong> (+42 for winning)\n|raw|DB14's rating: 1174 → 1141<\/strong> (-33 for losing)\n|l|\u2606DB14\n","uploadtime":1682665829,"views":12,"p1id":"togethicc468","p2id":"db14","formatid":"gen9vgc2023regulationc","rating":1098,"private":0,"password":""}