{"id":"gen9vgc2023regulationc-1850450599","p1":"Lironss","p2":"Valency GL","format":"[Gen 9] VGC 2023 Regulation C","log":"|j|\u2606Lironss\n|j|\u2606Valency GL\n|t:|1682338230\n|gametype|doubles\n|player|p1|Lironss|265|1145\n|player|p2|Valency GL|102|1190\n|teamsize|p1|6\n|teamsize|p2|6\n|gen|9\n|tier|[Gen 9] VGC 2023 Regulation C\n|rated|\n|rule|Species Clause: Limit one of each Pok\u00e9mon\n|rule|Item Clause: Limit one of each item\n|clearpoke\n|poke|p1|Gholdengo, L50|\n|poke|p1|Great Tusk, L50|\n|poke|p1|Iron Bundle, L50|\n|poke|p1|Talonflame, L50, M|\n|poke|p1|Amoonguss, L50, F|\n|poke|p1|Flutter Mane, L50|\n|poke|p2|Rotom-Wash, L50|\n|poke|p2|Wo-Chien, L50|\n|poke|p2|Chi-Yu, L50|\n|poke|p2|Hydreigon, L50, M|\n|poke|p2|Indeedee-F, L50, F|\n|poke|p2|Great Tusk, L50|\n|teampreview|4\nLironss has agreed to open team sheets.\n|\n|t:|1682338315\n|start\n|switch|p1a: Iron Bundle|Iron Bundle, L50|100\/100\n|switch|p1b: Flutter Mane|Flutter Mane, L50|100\/100\n|switch|p2a: Indeedee|Indeedee-F, L50, F|100\/100\n|switch|p2b: Hydreigon|Hydreigon, L50, M, shiny|100\/100\n|-fieldstart|move: Psychic Terrain|[from] ability: Psychic Surge|[of] p2a: Indeedee\n|-enditem|p1a: Iron Bundle|Booster Energy\n|-activate|p1a: Iron Bundle|ability: Quark Drive|[fromitem]\n|-start|p1a: Iron Bundle|quarkdrivespe\n|turn|1\n|inactive|Battle timer is ON: inactive players will automatically lose when time's up. (requested by Valency GL)\n|\n|t:|1682338350\n|-terastallize|p2b: Hydreigon|Poison\n|move|p1b: Flutter Mane|Protect|p1b: Flutter Mane\n|-singleturn|p1b: Flutter Mane|Protect\n|move|p2a: Indeedee|Follow Me|p2a: Indeedee\n|-singleturn|p2a: Indeedee|move: Follow Me\n|move|p1a: Iron Bundle|Icy Wind|p2a: Indeedee|[spread] p2a,p2b\n|-damage|p2a: Indeedee|85\/100\n|-damage|p2b: Hydreigon|75\/100\n|-unboost|p2a: Indeedee|spe|1\n|-unboost|p2b: Hydreigon|spe|1\n|move|p2b: Hydreigon|Focus Energy|p2b: Hydreigon\n|-start|p2b: Hydreigon|move: Focus Energy\n|\n|upkeep\n|turn|2\n|inactive|Lironss has 30 seconds left.\n|\n|t:|1682338383\n|-end|p1b: Flutter Mane|Protosynthesis|[silent]\n|switch|p1b: Gholdengo|Gholdengo, L50|100\/100\n|move|p2a: Indeedee|Helping Hand|p2b: Hydreigon\n|-singleturn|p2b: Hydreigon|Helping Hand|[of] p2a: Indeedee\n|move|p1a: Iron Bundle|Protect|p1a: Iron Bundle\n|-singleturn|p1a: Iron Bundle|Protect\n|move|p2b: Hydreigon|Snarl|p1b: Gholdengo|[spread] p1b\n|-activate|p1a: Iron Bundle|move: Protect\n|-supereffective|p1b: Gholdengo\n|-crit|p1b: Gholdengo\n|-damage|p1b: Gholdengo|0 fnt\n|faint|p1b: Gholdengo\n|\n|upkeep\n|\n|t:|1682338401\n|switch|p1b: Amoonguss|Amoonguss, L50, F|100\/100\n|turn|3\n|inactive|Lironss has 30 seconds left.\n|\n|t:|1682338427\n|move|p2a: Indeedee|Follow Me|p2a: Indeedee\n|-singleturn|p2a: Indeedee|move: Follow Me\n|move|p1a: Iron Bundle|Hydro Pump|p2a: Indeedee\n|-damage|p2a: Indeedee|38\/100\n|move|p2b: Hydreigon|Draco Meteor|p1a: Iron Bundle\n|-crit|p1a: Iron Bundle\n|-damage|p1a: Iron Bundle|0 fnt\n|-unboost|p2b: Hydreigon|spa|2\n|faint|p1a: Iron Bundle\n|-end|p1a: Iron Bundle|Quark Drive|[silent]\n|move|p1b: Amoonguss|Spore|p2a: Indeedee\n|-activate|p2a: Indeedee|item: Safety Goggles|Spore\n|\n|upkeep\n|\n|t:|1682338441\n|switch|p1a: Flutter Mane|Flutter Mane, L50|100\/100\n|turn|4\n|inactive|Lironss has 30 seconds left.\n|\n|t:|1682338470\n|move|p2a: Indeedee|Follow Me|p2a: Indeedee\n|-singleturn|p2a: Indeedee|move: Follow Me\n|move|p1a: Flutter Mane|Power Gem|p2a: Indeedee\n|-damage|p2a: Indeedee|11\/100\n|move|p2b: Hydreigon|Snarl|p1b: Amoonguss|[spread] p1a,p1b\n|-crit|p1a: Flutter Mane\n|-crit|p1b: Amoonguss\n|-damage|p1a: Flutter Mane|69\/100\n|-damage|p1b: Amoonguss|70\/100\n|-unboost|p1a: Flutter Mane|spa|1\n|-unboost|p1b: Amoonguss|spa|1\n|move|p1b: Amoonguss|Pollen Puff|p2a: Indeedee\n|-supereffective|p2a: Indeedee\n|-damage|p2a: Indeedee|0 fnt\n|faint|p2a: Indeedee\n|\n|upkeep\n|\n|t:|1682338485\n|switch|p2a: Chi-Yu|Chi-Yu, L50|100\/100\n|-ability|p2a: Chi-Yu|Beads of Ruin\n|-enditem|p2a: Chi-Yu|Psychic Seed\n|-boost|p2a: Chi-Yu|spd|1|[from] item: Psychic Seed\n|turn|5\n|\n|t:|1682338509\n|-terastallize|p1a: Flutter Mane|Fairy\n|move|p2a: Chi-Yu|Heat Wave|p1a: Flutter Mane|[spread] p1a,p1b\n|-supereffective|p1b: Amoonguss\n|-damage|p1a: Flutter Mane|27\/100\n|-damage|p1b: Amoonguss|0 fnt\n|faint|p1b: Amoonguss\n|move|p1a: Flutter Mane|Moonblast|p2a: Chi-Yu\n|-damage|p2a: Chi-Yu|65\/100\n|move|p2b: Hydreigon|Snarl|p1a: Flutter Mane\n|-resisted|p1a: Flutter Mane\n|-crit|p1a: Flutter Mane\n|-damage|p1a: Flutter Mane|0 fnt\n|faint|p1a: Flutter Mane\n|-end|p1a: Flutter Mane|Protosynthesis|[silent]\n|\n|win|Valency GL\n|raw|Lironss's rating: 1145 → 1123<\/strong> (-22 for losing)\n|raw|Valency GL's rating: 1190 → 1212<\/strong> (+22 for winning)\n|l|\u2606Lironss\n","uploadtime":1682338526,"views":24,"p1id":"lironss","p2id":"valencygl","formatid":"gen9vgc2023regulationc","rating":1123,"private":0,"password":""}