{"id":"gen9vgc2023regulationc-1845180322","p1":"penny my beloved","p2":"Doggs tw","format":"[Gen 9] VGC 2023 Regulation C","log":"|j|\u2606penny my beloved\n|j|\u2606Doggs tw\n|t:|1681693159\n|gametype|doubles\n|player|p1|penny my beloved|penny|1175\n|player|p2|Doggs tw|fisherman-gen4|1170\n|teamsize|p1|6\n|teamsize|p2|6\n|gen|9\n|tier|[Gen 9] VGC 2023 Regulation C\n|rated|\n|rule|Species Clause: Limit one of each Pok\u00e9mon\n|rule|Item Clause: Limit one of each item\n|clearpoke\n|poke|p1|Ceruledge, L50, M|\n|poke|p1|Gyarados, L50, M|\n|poke|p1|Amoonguss, L50, M|\n|poke|p1|Chien-Pao, L50|\n|poke|p1|Dragonite, L50, M|\n|poke|p1|Iron Hands, L50|\n|poke|p2|Ting-Lu, L50|\n|poke|p2|Amoonguss, L50, M|\n|poke|p2|Arcanine, L50, M|\n|poke|p2|Flutter Mane, L50|\n|poke|p2|Baxcalibur, L50, F|\n|poke|p2|Gastrodon, L50, M|\n|teampreview|4\n|inactive|Battle timer is ON: inactive players will automatically lose when time's up. (requested by Doggs tw)\n|inactive|penny my beloved also wants the timer to be on.\n|inactive|penny my beloved has 60 seconds left.\n|inactive|Doggs tw has 60 seconds left.\n|\n|t:|1681693200\n|start\n|switch|p1a: Ceruledge|Ceruledge, L50, M|100\/100\n|switch|p1b: Dragonite|Dragonite, L50, M|100\/100\n|switch|p2a: Arcanine|Arcanine, L50, M|100\/100\n|switch|p2b: Amoonguss|Amoonguss, L50, M|100\/100\n|-ability|p2a: Arcanine|Intimidate|boost\n|-fail|p1a: Ceruledge|unboost|[from] item: Clear Amulet|[of] p1a: Ceruledge\n|-fail|p1b: Dragonite|unboost|Attack|[from] ability: Inner Focus|[of] p1b: Dragonite\n|turn|1\n|inactive|penny my beloved has 30 seconds left.\n|inactive|Doggs tw has 30 seconds left.\n|\n|t:|1681693233\n|-terastallize|p1a: Ceruledge|Grass\n|move|p2a: Arcanine|Protect|p2a: Arcanine\n|-singleturn|p2a: Arcanine|Protect\n|move|p2b: Amoonguss|Protect|p2b: Amoonguss\n|-singleturn|p2b: Amoonguss|Protect\n|move|p1b: Dragonite|Extreme Speed|p2b: Amoonguss\n|-activate|p2b: Amoonguss|move: Protect\n|move|p1a: Ceruledge|Bitter Blade|p2b: Amoonguss\n|-activate|p2b: Amoonguss|move: Protect\n|\n|upkeep\n|turn|2\n|\n|t:|1681693250\n|switch|p1b: Amoonguss|Amoonguss, L50, M|100\/100\n|-terastallize|p2b: Amoonguss|Water\n|move|p2a: Arcanine|Will-O-Wisp|p1b: Amoonguss\n|-status|p1b: Amoonguss|brn\n|move|p1a: Ceruledge|Bulk Up|p1a: Ceruledge\n|-boost|p1a: Ceruledge|atk|1\n|-boost|p1a: Ceruledge|def|1\n|move|p2b: Amoonguss|Pollen Puff|p1a: Ceruledge\n|-supereffective|p1a: Ceruledge\n|-damage|p1a: Ceruledge|63\/100\n|\n|-damage|p1b: Amoonguss|95\/100 brn|[from] brn\n|upkeep\n|turn|3\n|\n|t:|1681693273\n|move|p2a: Arcanine|Flare Blitz|p1b: Amoonguss\n|-supereffective|p1b: Amoonguss\n|-damage|p1b: Amoonguss|9\/100 brn\n|-damage|p2a: Arcanine|84\/100|[from] item: Rocky Helmet|[of] p1b: Amoonguss\n|-damage|p2a: Arcanine|52\/100|[from] Recoil\n|move|p1a: Ceruledge|Bulk Up|p1a: Ceruledge\n|-boost|p1a: Ceruledge|atk|1\n|-boost|p1a: Ceruledge|def|1\n|move|p1b: Amoonguss|Spore|p2b: Amoonguss\n|-status|p2b: Amoonguss|slp|[from] move: Spore\n|cant|p2b: Amoonguss|slp\n|\n|-damage|p1b: Amoonguss|3\/100 brn|[from] brn\n|upkeep\n|turn|4\n|\n|t:|1681693297\n|switch|p1b: Iron Hands|Iron Hands, L50|100\/100\n|switch|p2b: Baxcalibur|Baxcalibur, L50, F, shiny|100\/100\n|move|p2a: Arcanine|Extreme Speed|p1a: Ceruledge\n|-damage|p1a: Ceruledge|49\/100\n|move|p1a: Ceruledge|Bitter Blade|p2a: Arcanine\n|-resisted|p2a: Arcanine\n|-damage|p2a: Arcanine|2\/100\n|-heal|p1a: Ceruledge|75\/100|[from] drain|[of] p2a: Arcanine\n|\n|upkeep\n|turn|5\n|inactive|penny my beloved has 30 seconds left.\n|\n|t:|1681693328\n|move|p2b: Baxcalibur|Protect|p2b: Baxcalibur\n|-singleturn|p2b: Baxcalibur|Protect\n|move|p1b: Iron Hands|Fake Out|p2a: Arcanine\n|-damage|p2a: Arcanine|0 fnt\n|faint|p2a: Arcanine\n|move|p1a: Ceruledge|Bulk Up|p1a: Ceruledge\n|-boost|p1a: Ceruledge|atk|1\n|-boost|p1a: Ceruledge|def|1\n|\n|upkeep\n|\n|t:|1681693340\n|switch|p2a: Amoonguss|Amoonguss, L50, M, tera:Water|100\/100 slp\n|turn|6\n|\n|t:|1681693359\n|cant|p2a: Amoonguss|slp\n|move|p2b: Baxcalibur|Icicle Spear|p1a: Ceruledge\n|-supereffective|p1a: Ceruledge\n|-damage|p1a: Ceruledge|61\/100\n|-supereffective|p1a: Ceruledge\n|-damage|p1a: Ceruledge|48\/100\n|-supereffective|p1a: Ceruledge\n|-damage|p1a: Ceruledge|33\/100\n|-supereffective|p1a: Ceruledge\n|-damage|p1a: Ceruledge|19\/100\n|-supereffective|p1a: Ceruledge\n|-damage|p1a: Ceruledge|5\/100\n|-hitcount|p1a: Ceruledge|5\n|move|p1a: Ceruledge|Bitter Blade|p2b: Baxcalibur\n|-damage|p2b: Baxcalibur|0 fnt\n|-heal|p1a: Ceruledge|60\/100|[from] drain|[of] p2b: Baxcalibur\n|faint|p2b: Baxcalibur\n|move|p1b: Iron Hands|Drain Punch|p2a: Amoonguss\n|-damage|p2a: Amoonguss|67\/100 slp\n|\n|upkeep\n|c|\u2606penny my beloved|gg\n|\n|t:|1681693380\n|switch|p2b: Flutter Mane|Flutter Mane, L50|100\/100\n|-enditem|p2b: Flutter Mane|Booster Energy\n|-activate|p2b: Flutter Mane|ability: Protosynthesis|[fromitem]\n|-start|p2b: Flutter Mane|protosynthesisspa\n|turn|7\n|\n|t:|1681693390\n|cant|p2a: Amoonguss|slp\n|move|p1a: Ceruledge|Shadow Sneak|p2b: Flutter Mane\n|-supereffective|p2b: Flutter Mane\n|-damage|p2b: Flutter Mane|0 fnt\n|faint|p2b: Flutter Mane\n|-end|p2b: Flutter Mane|Protosynthesis|[silent]\n|move|p1b: Iron Hands|Wild Charge|p2a: Amoonguss\n|-supereffective|p2a: Amoonguss\n|-damage|p2a: Amoonguss|0 fnt\n|faint|p2a: Amoonguss\n|-damage|p1b: Iron Hands|85\/100|[from] Recoil\n|\n|win|penny my beloved\n|raw|penny my beloved's rating: 1175 → 1200<\/strong> (+25 for winning)\n|raw|Doggs tw's rating: 1170 → 1145<\/strong> (-25 for losing)\n|l|\u2606Doggs tw\n","uploadtime":1681693402,"views":16,"p1id":"pennymybeloved","p2id":"doggstw","formatid":"gen9vgc2023regulationc","rating":1145,"private":0,"password":""}