{"id":"gen9vgc2023regulationc-1863567601","p1":"Hgfttyhvgf","p2":"Corbinnnnnnn","format":"[Gen 9] VGC 2023 Regulation C","log":"|j|\u2606Hgfttyhvgf\n|j|\u2606Corbinnnnnnn\n|t:|1684035490\n|gametype|doubles\n|player|p1|Hgfttyhvgf|1|1000\n|player|p2|Corbinnnnnnn|101|1005\n|teamsize|p1|6\n|teamsize|p2|6\n|gen|9\n|tier|[Gen 9] VGC 2023 Regulation C\n|rated|\n|rule|Species Clause: Limit one of each Pok\u00e9mon\n|rule|Item Clause: Limit one of each item\n|clearpoke\n|poke|p1|Umbreon, L50, M|\n|poke|p1|Jumpluff, L50, M|\n|poke|p1|Torkoal, L50, F|\n|poke|p1|Flutter Mane, L50|\n|poke|p1|Maushold, L50|\n|poke|p1|Chi-Yu, L50|\n|poke|p2|Iron Moth, L50|\n|poke|p2|Glimmora, L50, F|\n|poke|p2|Revavroom, L50, F|\n|poke|p2|Clodsire, L50, M|\n|poke|p2|Grafaiai, L50, M|\n|poke|p2|Amoonguss, L50, M|\n|teampreview|4\n|\n|t:|1684035511\n|start\n|switch|p1a: Jumpluff|Jumpluff, L50, M|100\/100\n|switch|p1b: Umbreon|Umbreon, L50, M|100\/100\n|switch|p2a: Grafaiai|Grafaiai, L50, M|100\/100\n|switch|p2b: Iron Moth|Iron Moth, L50|100\/100\n|-item|p2b: Iron Moth|Air Balloon\n|turn|1\n|\n|t:|1684035536\n|move|p2a: Grafaiai|Helping Hand|p2b: Iron Moth\n|-singleturn|p2b: Iron Moth|Helping Hand|[of] p2a: Grafaiai\n|move|p2b: Iron Moth|Heat Wave|p1a: Jumpluff|[spread] p1a,p1b\n|-supereffective|p1a: Jumpluff\n|-enditem|p1a: Jumpluff|Focus Sash\n|-damage|p1a: Jumpluff|1\/100\n|-damage|p1b: Umbreon|68\/100\n|move|p1a: Jumpluff|U-turn|p1b: Umbreon\n|-supereffective|p1b: Umbreon\n|-damage|p1b: Umbreon|51\/100\n|-enditem|p1b: Umbreon|Weakness Policy\n|-boost|p1b: Umbreon|atk|2|[from] item: Weakness Policy\n|-boost|p1b: Umbreon|spa|2|[from] item: Weakness Policy\n|\n|t:|1684035549\n|switch|p1a: Maushold|Maushold, L50|100\/100|[from] U-turn\n|move|p1b: Umbreon|Calm Mind|p1b: Umbreon\n|-boost|p1b: Umbreon|spa|1\n|-boost|p1b: Umbreon|spd|1\n|\n|upkeep\n|turn|2\n|\n|t:|1684035570\n|-terastallize|p2b: Iron Moth|Electric\n|move|p1a: Maushold|Protect|p1a: Maushold\n|-singleturn|p1a: Maushold|Protect\n|move|p2a: Grafaiai|Parting Shot|p1a: Maushold\n|-activate|p1a: Maushold|move: Protect\n|move|p2b: Iron Moth|Discharge|p1b: Umbreon|[spread] p2a,p1b\n|-activate|p1a: Maushold|move: Protect\n|-damage|p2a: Grafaiai|63\/100\n|-damage|p1b: Umbreon|42\/100\n|move|p1b: Umbreon|Baton Pass|p1b: Umbreon\n|\n|t:|1684035584\n|switch|p1b: Flutter Mane|Flutter Mane, L50|100\/100|[from] Baton Pass\n|\n|upkeep\n|turn|3\n|\n|t:|1684035606\n|-terastallize|p1b: Flutter Mane|Fairy\n|move|p1a: Maushold|Follow Me|p1a: Maushold\n|-singleturn|p1a: Maushold|move: Follow Me\n|move|p1b: Flutter Mane|Dazzling Gleam|p2a: Grafaiai|[spread] p2a,p2b\n|-resisted|p2a: Grafaiai\n|-damage|p2a: Grafaiai|0 fnt\n|-damage|p2b: Iron Moth|0 fnt\n|-enditem|p2b: Iron Moth|Air Balloon\n|faint|p2a: Grafaiai\n|faint|p2b: Iron Moth\n|-end|p2b: Iron Moth|Quark Drive|[silent]\n|\n|upkeep\n|\n|t:|1684035612\n|switch|p2b: Clodsire|Clodsire, L50, M, shiny|100\/100\n|switch|p2a: Glimmora|Glimmora, L50, F|100\/100\n|turn|4\n|\n|t:|1684035631\n|move|p1a: Maushold|Follow Me|p1a: Maushold\n|-singleturn|p1a: Maushold|move: Follow Me\n|move|p1b: Flutter Mane|Dazzling Gleam|p2b: Clodsire|[spread] p2a,p2b\n|-resisted|p2a: Glimmora\n|-resisted|p2b: Clodsire\n|-damage|p2a: Glimmora|19\/100\n|-damage|p2b: Clodsire|39\/100\n|move|p2a: Glimmora|Sludge Wave|p1b: Flutter Mane|[spread] p2b,p1a,p1b\n|-resisted|p2b: Clodsire\n|-supereffective|p1b: Flutter Mane\n|-damage|p2b: Clodsire|35\/100\n|-damage|p1a: Maushold|72\/100\n|-damage|p1b: Flutter Mane|68\/100\n|move|p2b: Clodsire|Haze|p2b: Clodsire\n|-clearallboost\n|\n|-heal|p2b: Clodsire|41\/100|[from] item: Black Sludge\n|upkeep\n|turn|5\n|\n|t:|1684035651\n|move|p1a: Maushold|Helping Hand|p1b: Flutter Mane\n|-singleturn|p1b: Flutter Mane|Helping Hand|[of] p1a: Maushold\n|move|p1b: Flutter Mane|Dazzling Gleam|p2b: Clodsire|[spread] p2a,p2b\n|-resisted|p2a: Glimmora\n|-resisted|p2b: Clodsire\n|-crit|p2b: Clodsire\n|-damage|p2a: Glimmora|0 fnt\n|-damage|p2b: Clodsire|0 fnt\n|faint|p2a: Glimmora\n|faint|p2b: Clodsire\n|\n|win|Hgfttyhvgf\n|raw|Hgfttyhvgf's rating: 1000 → 1041<\/strong> (+41 for winning)\n|raw|Corbinnnnnnn's rating: 1005 → 1000<\/strong> (-5 for losing)\n|l|\u2606Corbinnnnnnn\n","uploadtime":1684035663,"views":11,"p1id":"hgfttyhvgf","p2id":"corbinnnnnnn","formatid":"gen9vgc2023regulationc","rating":1000,"private":0,"password":""}