{"id":"gen9vgc2023regulationc-1852757945","p1":"ITS PAPAW TIME","p2":"pocketchansey","format":"[Gen 9] VGC 2023 Regulation C","log":"|j|\u2606ITS PAPAW TIME\n|j|\u2606pocketchansey\n|t:|1682603718\n|gametype|doubles\n|player|p1|ITS PAPAW TIME|veteran|\n|player|p2|pocketchansey|170|\n|teamsize|p1|6\n|teamsize|p2|6\n|gen|9\n|tier|[Gen 9] VGC 2023 Regulation C\n|rule|Species Clause: Limit one of each Pok\u00e9mon\n|rule|Item Clause: Limit one of each item\n|clearpoke\n|poke|p1|Baxcalibur, L50, M|\n|poke|p1|Palafin, L50, F|\n|poke|p1|Arcanine, L50, M|\n|poke|p1|Flutter Mane, L50|\n|poke|p1|Ting-Lu, L50|\n|poke|p1|Amoonguss, L50, F|\n|poke|p2|Azumarill, L50, F|\n|poke|p2|Arcanine, L50, F|\n|poke|p2|Flutter Mane, L50|\n|poke|p2|Iron Hands, L50|\n|poke|p2|Ting-Lu, L50|\n|poke|p2|Amoonguss, L50, F|\n|teampreview|4\nITS PAPAW TIME has agreed to open team sheets.\n|\n|t:|1682603789\n|start\n|switch|p1a: Amoonguss|Amoonguss, L50, F|100\/100\n|switch|p1b: Baxcalibur|Baxcalibur, L50, M|100\/100\n|switch|p2a: Watakoi|Iron Hands, L50, shiny|100\/100\n|switch|p2b: Kay|Arcanine, L50, F|100\/100\n|-ability|p2b: Kay|Intimidate|boost\n|-unboost|p1a: Amoonguss|atk|1\n|-fail|p1b: Baxcalibur|unboost|[from] item: Clear Amulet|[of] p1b: Baxcalibur\n|turn|1\n|\n|t:|1682603825\n|-terastallize|p1b: Baxcalibur|Poison\n|move|p2a: Watakoi|Fake Out|p1b: Baxcalibur\n|-damage|p1b: Baxcalibur|87\/100\n|move|p2b: Kay|Flare Blitz|p1a: Amoonguss\n|-supereffective|p1a: Amoonguss\n|-damage|p1a: Amoonguss|29\/100\n|-enditem|p1a: Amoonguss|Sitrus Berry|[eat]\n|-heal|p1a: Amoonguss|54\/100|[from] item: Sitrus Berry\n|-damage|p2b: Kay|74\/100|[from] Recoil\n|cant|p1b: Baxcalibur|flinch\n|move|p1a: Amoonguss|Spore|p2a: Watakoi\n|-status|p2a: Watakoi|slp|[from] move: Spore\n|\n|upkeep\n|turn|2\n|\n|t:|1682603865\n|switch|p1a: Ting-Lu|Ting-Lu, L50|100\/100\n|-ability|p1a: Ting-Lu|Vessel of Ruin\n|move|p1b: Baxcalibur|Dragon Dance|p1b: Baxcalibur\n|-boost|p1b: Baxcalibur|atk|1\n|-boost|p1b: Baxcalibur|spe|1\n|move|p2b: Kay|Flare Blitz|p1a: Ting-Lu\n|-damage|p1a: Ting-Lu|73\/100\n|-damage|p2b: Kay|62\/100|[from] Recoil\n|cant|p2a: Watakoi|slp\n|\n|upkeep\n|turn|3\n|\n|t:|1682603895\n|move|p2b: Kay|Protect|p2b: Kay\n|-singleturn|p2b: Kay|Protect\n|move|p1b: Baxcalibur|Glaive Rush|p2b: Kay\n|-activate|p2b: Kay|move: Protect\n|cant|p2a: Watakoi|slp\n|move|p1a: Ting-Lu|Stomping Tantrum|p2a: Watakoi\n|-supereffective|p2a: Watakoi\n|-damage|p2a: Watakoi|62\/100 slp\n|\n|upkeep\n|turn|4\n|\n|t:|1682603926\n|switch|p2b: Goldy|Azumarill, L50, F, shiny|100\/100\n|move|p1b: Baxcalibur|Glaive Rush|p2a: Watakoi\n|-damage|p2a: Watakoi|0 fnt\n|-singlemove|p1b: Baxcalibur|Glaive Rush|[silent]\n|faint|p2a: Watakoi\n|-end|p2a: Watakoi|Quark Drive|[silent]\n|move|p1a: Ting-Lu|Rock Slide|p2b: Goldy\n|-damage|p2b: Goldy|80\/100\n|\n|upkeep\n|\n|t:|1682603938\n|switch|p2a: Kay|Arcanine, L50, F|62\/100\n|-ability|p2a: Kay|Intimidate|boost\n|-unboost|p1a: Ting-Lu|atk|1\n|-fail|p1b: Baxcalibur|unboost|[from] item: Clear Amulet|[of] p1b: Baxcalibur\n|turn|5\n|\n|t:|1682603954\n|switch|p1a: Arcanine|Arcanine, L50, M|100\/100\n|-ability|p1a: Arcanine|Intimidate|boost\n|-unboost|p2a: Kay|atk|1\n|-unboost|p2b: Goldy|atk|1\n|move|p1b: Baxcalibur|Glaive Rush|p2a: Kay\n|-damage|p2a: Kay|0 fnt\n|-singlemove|p1b: Baxcalibur|Glaive Rush|[silent]\n|faint|p2a: Kay\n|move|p2b: Goldy|Play Rough|p1b: Baxcalibur\n|-resisted|p1b: Baxcalibur\n|-damage|p1b: Baxcalibur|51\/100\n|\n|upkeep\n|\n|t:|1682603965\n|switch|p2a: Morgana|Flutter Mane, L50, shiny|100\/100\n|turn|6\n|\n|t:|1682603975\n|-terastallize|p2a: Morgana|Fairy\n|move|p2b: Goldy|Aqua Jet|p1a: Arcanine\n|-supereffective|p1a: Arcanine\n|-damage|p1a: Arcanine|65\/100\n|move|p1b: Baxcalibur|Icicle Crash|p2a: Morgana\n|-damage|p2a: Morgana|0 fnt\n|faint|p2a: Morgana\n|-end|p2a: Morgana|Protosynthesis|[silent]\n|move|p1a: Arcanine|Will-O-Wisp|p2b: Goldy\n|-status|p2b: Goldy|brn\n|\n|-damage|p2b: Goldy|74\/100 brn|[from] brn\n|upkeep\n|turn|7\n|\n|t:|1682603997\n|move|p1a: Arcanine|Extreme Speed|p2b: Goldy\n|-damage|p2b: Goldy|51\/100 brn\n|move|p2b: Goldy|Aqua Jet|p1a: Arcanine\n|-supereffective|p1a: Arcanine\n|-damage|p1a: Arcanine|47\/100\n|move|p1b: Baxcalibur|Icicle Crash|p2b: Goldy\n|-resisted|p2b: Goldy\n|-damage|p2b: Goldy|12\/100 brn\n|-enditem|p2b: Goldy|Sitrus Berry|[eat]\n|-heal|p2b: Goldy|36\/100 brn|[from] item: Sitrus Berry\n|\n|-damage|p2b: Goldy|31\/100 brn|[from] brn\n|upkeep\n|turn|8\n|\n|t:|1682604012\n|move|p1a: Arcanine|Extreme Speed|p2b: Goldy\n|-damage|p2b: Goldy|8\/100 brn\n|move|p2b: Goldy|Aqua Jet|p1a: Arcanine\n|-supereffective|p1a: Arcanine\n|-damage|p1a: Arcanine|30\/100\n|move|p1b: Baxcalibur|Icicle Crash|p2b: Goldy\n|-resisted|p2b: Goldy\n|-damage|p2b: Goldy|0 fnt\n|faint|p2b: Goldy\n|\n|win|ITS PAPAW TIME\n","uploadtime":1682604017,"views":10,"p1id":"itspapawtime","p2id":"pocketchansey","formatid":"gen9vgc2023regulationc","rating":0,"private":0,"password":""}