{"id":"gen9vgc2023regulationc-1861359290","p1":"Auraen","p2":"DarthIgnus","format":"[Gen 9] VGC 2023 Regulation C","log":"|j|\u2606Auraen\n|j|\u2606DarthIgnus\n|t:|1683749358\n|gametype|doubles\n|player|p1|Auraen|flannery|1373\n|player|p2|DarthIgnus|dragontamer|1353\n|teamsize|p1|6\n|teamsize|p2|6\n|gen|9\n|tier|[Gen 9] VGC 2023 Regulation C\n|rated|\n|rule|Species Clause: Limit one of each Pok\u00e9mon\n|rule|Item Clause: Limit one of each item\n|clearpoke\n|poke|p1|Flutter Mane, L50|\n|poke|p1|Tauros-Paldea-Aqua, L50, M|\n|poke|p1|Corviknight, L50, F|\n|poke|p1|Iron Moth, L50|\n|poke|p1|Wo-Chien, L50|\n|poke|p1|Glimmora, L50, M|\n|poke|p2|Orthworm, L50, F|\n|poke|p2|Flutter Mane, L50|\n|poke|p2|Dragonite, L50, M|\n|poke|p2|Ting-Lu, L50|\n|poke|p2|Gyarados, L50, M|\n|poke|p2|Chien-Pao, L50|\n|teampreview|4\nDarthIgnus has agreed to open team sheets.\nAuraen has agreed to open team sheets.\n|inactive|Battle timer is ON: inactive players will automatically lose when time's up. (requested by Auraen)\n|\n|t:|1683749442\n|start\n|switch|p1a: Corviknight|Corviknight, L50, F|100\/100\n|switch|p1b: Iron Moth|Iron Moth, L50|100\/100\n|switch|p2a: Orthworm|Orthworm, L50, F|100\/100\n|switch|p2b: Ting-Lu|Ting-Lu, L50|100\/100\n|-ability|p2b: Ting-Lu|Vessel of Ruin\n|turn|1\n|\n|t:|1683749459\n|-end|p1b: Iron Moth|Quark Drive|[silent]\n|switch|p1b: Tauros|Tauros-Paldea-Aqua, L50, M|100\/100\n|-ability|p1b: Tauros|Intimidate|boost\n|-unboost|p2a: Orthworm|atk|1\n|-unboost|p2b: Ting-Lu|atk|1\n|-terastallize|p2a: Orthworm|Fire\n|move|p1a: Corviknight|Taunt|p2a: Orthworm\n|-start|p2a: Orthworm|move: Taunt\n|move|p2b: Ting-Lu|Earthquake|p1b: Tauros|[spread] p1b\n|-immune|p2a: Orthworm|[from] ability: Earth Eater\n|-immune|p1a: Corviknight\n|-damage|p1b: Tauros|73\/100\n|cant|p2a: Orthworm|move: Taunt|Iron Defense\n|\n|upkeep\n|turn|2\n|inactive|Auraen has 30 seconds left.\n|\n|t:|1683749484\n|move|p1b: Tauros|Protect|p1b: Tauros\n|-singleturn|p1b: Tauros|Protect\n|move|p1a: Corviknight|Tailwind|p1a: Corviknight\n|-sidestart|p1: Auraen|move: Tailwind\n|move|p2b: Ting-Lu|Earthquake|p1a: Corviknight|[spread] \n|-activate|p1b: Tauros|move: Protect\n|-immune|p2a: Orthworm|[from] ability: Earth Eater\n|-immune|p1a: Corviknight\n|move|p2a: Orthworm|Body Press|p1b: Tauros\n|-activate|p1b: Tauros|move: Protect\n|\n|upkeep\n|turn|3\n|\n|t:|1683749509\n|switch|p2b: Flutter Mane|Flutter Mane, L50|100\/100\n|-enditem|p2b: Flutter Mane|Booster Energy\n|-activate|p2b: Flutter Mane|ability: Protosynthesis|[fromitem]\n|-start|p2b: Flutter Mane|protosynthesisspe\n|move|p1b: Tauros|Wave Crash|p2a: Orthworm\n|-supereffective|p2a: Orthworm\n|-damage|p2a: Orthworm|37\/100\n|-enditem|p2a: Orthworm|Sitrus Berry|[eat]\n|-heal|p2a: Orthworm|62\/100|[from] item: Sitrus Berry\n|-damage|p1b: Tauros|54\/100|[from] Recoil\n|move|p1a: Corviknight|Brave Bird|p2a: Orthworm\n|-damage|p2a: Orthworm|27\/100\n|-damage|p1a: Corviknight|91\/100|[from] Recoil\n|move|p2a: Orthworm|Body Press|p1b: Tauros\n|-damage|p1b: Tauros|31\/100\n|\n|-end|p2a: Orthworm|move: Taunt\n|upkeep\n|turn|4\n|inactive|DarthIgnus has 30 seconds left.\n|inactive|DarthIgnus has 20 seconds left.\n|\n|t:|1683749545\n|switch|p2a: Ting-Lu|Ting-Lu, L50|100\/100\n|-ability|p2a: Ting-Lu|Vessel of Ruin\n|move|p2b: Flutter Mane|Thunderbolt|p1a: Corviknight\n|-supereffective|p1a: Corviknight\n|-damage|p1a: Corviknight|48\/100\n|move|p1b: Tauros|Wave Crash|p2b: Flutter Mane\n|-damage|p2b: Flutter Mane|8\/100\n|-damage|p1b: Tauros|8\/100|[from] Recoil\n|move|p1a: Corviknight|Brave Bird|p2b: Flutter Mane\n|-damage|p2b: Flutter Mane|0 fnt\n|faint|p2b: Flutter Mane\n|-end|p2b: Flutter Mane|Protosynthesis|[silent]\n|-damage|p1a: Corviknight|46\/100|[from] Recoil\n|\n|upkeep\n|\n|t:|1683749559\n|switch|p2b: Chien-Pao|Chien-Pao, L50|100\/100\n|-ability|p2b: Chien-Pao|Sword of Ruin\n|turn|5\n|\n|t:|1683749582\n|switch|p1b: Wo-Chien|Wo-Chien, L50|100\/100\n|-ability|p1b: Wo-Chien|Tablets of Ruin\n|switch|p2b: Orthworm|Orthworm, L50, F, tera:Fire|27\/100\n|move|p1a: Corviknight|Taunt|p2b: Orthworm\n|-start|p2b: Orthworm|move: Taunt\n|move|p2a: Ting-Lu|Earthquake|p1b: Wo-Chien|[spread] p1b\n|-heal|p2b: Orthworm|52\/100|[from] ability: Earth Eater|[of] p2a: Ting-Lu\n|-immune|p1a: Corviknight\n|-resisted|p1b: Wo-Chien\n|-damage|p1b: Wo-Chien|84\/100\n|\n|-heal|p1b: Wo-Chien|91\/100|[from] item: Leftovers\n|-sideend|p1: Auraen|move: Tailwind\n|upkeep\n|turn|6\n|\n|t:|1683749605\n|switch|p1a: Tauros|Tauros-Paldea-Aqua, L50, M|8\/100\n|-ability|p1a: Tauros|Intimidate|boost\n|-unboost|p2a: Ting-Lu|atk|1\n|-unboost|p2b: Orthworm|atk|1\n|move|p1b: Wo-Chien|Pollen Puff|p1a: Tauros\n|-heal|p1a: Tauros|58\/100\n|move|p2a: Ting-Lu|Earthquake|p1b: Wo-Chien|[spread] p1a,p1b\n|-heal|p2b: Orthworm|77\/100|[from] ability: Earth Eater|[of] p2a: Ting-Lu\n|-resisted|p1b: Wo-Chien\n|-damage|p1a: Tauros|38\/100\n|-damage|p1b: Wo-Chien|80\/100\n|move|p2b: Orthworm|Body Press|p1b: Wo-Chien\n|-supereffective|p1b: Wo-Chien\n|-damage|p1b: Wo-Chien|42\/100\n|\n|-heal|p1b: Wo-Chien|48\/100|[from] item: Leftovers\n|upkeep\n|turn|7\n|inactive|DarthIgnus has 30 seconds left.\n|inactive|DarthIgnus has 20 seconds left.\n|\n|t:|1683749644\n|move|p1a: Tauros|Wave Crash|p2a: Ting-Lu\n|-supereffective|p2a: Ting-Lu\n|-damage|p2a: Ting-Lu|62\/100\n|-damage|p1a: Tauros|21\/100|[from] Recoil\n|move|p1b: Wo-Chien|Power Whip|p2a: Ting-Lu\n|-supereffective|p2a: Ting-Lu\n|-damage|p2a: Ting-Lu|2\/100\n|move|p2a: Ting-Lu|Earthquake|p1a: Tauros|[spread] p1a,p1b\n|-heal|p2b: Orthworm|100\/100|[from] ability: Earth Eater|[of] p2a: Ting-Lu\n|-resisted|p1b: Wo-Chien\n|-damage|p1a: Tauros|2\/100\n|-damage|p1b: Wo-Chien|37\/100\n|move|p2b: Orthworm|Body Press|p1a: Tauros\n|-damage|p1a: Tauros|0 fnt\n|faint|p1a: Tauros\n|\n|-heal|p1b: Wo-Chien|44\/100|[from] item: Leftovers\n|-end|p2b: Orthworm|move: Taunt\n|upkeep\n|\n|t:|1683749661\n|switch|p1a: Corviknight|Corviknight, L50, F|46\/100\n|turn|8\n|\n|t:|1683749676\n|move|p1b: Wo-Chien|Protect|p1b: Wo-Chien\n|-singleturn|p1b: Wo-Chien|Protect\n|move|p1a: Corviknight|Taunt|p2b: Orthworm\n|-start|p2b: Orthworm|move: Taunt\n|move|p2a: Ting-Lu|Earthquake|p1b: Wo-Chien|[spread] \n|-activate|p1b: Wo-Chien|move: Protect\n|-immune|p2b: Orthworm|[from] ability: Earth Eater\n|-immune|p1a: Corviknight\n|move|p2b: Orthworm|Body Press|p1b: Wo-Chien\n|-activate|p1b: Wo-Chien|move: Protect\n|\n|-heal|p1b: Wo-Chien|50\/100|[from] item: Leftovers\n|upkeep\n|turn|9\n|inactive|DarthIgnus has 30 seconds left.\n|\n|t:|1683749708\n|switch|p2a: Chien-Pao|Chien-Pao, L50|100\/100\n|-ability|p2a: Chien-Pao|Sword of Ruin\n|-terastallize|p1b: Wo-Chien|Fire\n|move|p1a: Corviknight|Iron Head|p2a: Chien-Pao\n|-supereffective|p2a: Chien-Pao\n|-damage|p2a: Chien-Pao|30\/100\n|move|p1b: Wo-Chien|Pollen Puff|p1a: Corviknight\n|-heal|p1a: Corviknight|96\/100\n|move|p2b: Orthworm|Body Press|p1a: Corviknight\n|-damage|p1a: Corviknight|73\/100\n|\n|-heal|p1b: Wo-Chien|56\/100|[from] item: Leftovers\n|upkeep\n|turn|10\n|inactive|DarthIgnus has 30 seconds left.\n|\n|t:|1683749741\n|move|p2a: Chien-Pao|Sucker Punch|p1a: Corviknight\n|-damage|p1a: Corviknight|42\/100\n|move|p1a: Corviknight|Iron Head|p2a: Chien-Pao\n|-supereffective|p2a: Chien-Pao\n|-damage|p2a: Chien-Pao|0 fnt\n|faint|p2a: Chien-Pao\n|move|p1b: Wo-Chien|Pollen Puff|p1a: Corviknight\n|-heal|p1a: Corviknight|92\/100\n|move|p2b: Orthworm|Body Press|p1a: Corviknight\n|-damage|p1a: Corviknight|74\/100\n|\n|-heal|p1b: Wo-Chien|62\/100|[from] item: Leftovers\n|-end|p2b: Orthworm|move: Taunt\n|upkeep\n|\n|t:|1683749755\n|switch|p2a: Ting-Lu|Ting-Lu, L50|2\/100\n|-ability|p2a: Ting-Lu|Vessel of Ruin\n|turn|11\n|inactive|DarthIgnus has 30 seconds left.\n|inactive|DarthIgnus has 20 seconds left.\n|\n|t:|1683749791\n|move|p1a: Corviknight|Taunt|p2b: Orthworm\n|-start|p2b: Orthworm|move: Taunt\n|move|p1b: Wo-Chien|Knock Off|p2a: Ting-Lu\n|-resisted|p2a: Ting-Lu\n|-damage|p2a: Ting-Lu|0 fnt\n|-enditem|p2a: Ting-Lu|Choice Band|[from] move: Knock Off|[of] p1b: Wo-Chien\n|faint|p2a: Ting-Lu\n|cant|p2b: Orthworm|move: Taunt|Iron Defense\n|\n|-heal|p1b: Wo-Chien|69\/100|[from] item: Leftovers\n|upkeep\n|turn|12\n|\n|t:|1683749804\n|move|p1a: Corviknight|Brave Bird|p2b: Orthworm\n|-damage|p2b: Orthworm|76\/100\n|-damage|p1a: Corviknight|67\/100|[from] Recoil\n|move|p1b: Wo-Chien|Pollen Puff|p1a: Corviknight\n|-heal|p1a: Corviknight|100\/100\n|move|p2b: Orthworm|Body Press|p1b: Wo-Chien\n|-damage|p1b: Wo-Chien|48\/100\n|\n|-heal|p1b: Wo-Chien|54\/100|[from] item: Leftovers\n|upkeep\n|turn|13\n|\n|t:|1683749817\n|switch|p1b: Iron Moth|Iron Moth, L50|100\/100\n|move|p1a: Corviknight|Brave Bird|p2b: Orthworm\n|-damage|p2b: Orthworm|45\/100\n|-damage|p1a: Corviknight|92\/100|[from] Recoil\n|move|p2b: Orthworm|Body Press|p1b: Iron Moth\n|-resisted|p1b: Iron Moth\n|-crit|p1b: Iron Moth\n|-damage|p1b: Iron Moth|76\/100\n|\n|-end|p2b: Orthworm|move: Taunt\n|upkeep\n|turn|14\n|\n|t:|1683749829\n|move|p1b: Iron Moth|Acid Spray|p2b: Orthworm\n|-damage|p2b: Orthworm|22\/100\n|-unboost|p2b: Orthworm|spd|2\n|move|p1a: Corviknight|Taunt|p2b: Orthworm\n|-start|p2b: Orthworm|move: Taunt\n|move|p2b: Orthworm|Body Press|p1b: Iron Moth\n|-resisted|p1b: Iron Moth\n|-damage|p1b: Iron Moth|62\/100\n|\n|upkeep\n|turn|15\n|-message|DarthIgnus forfeited.\n|\n|win|Auraen\n|raw|Auraen's rating: 1373 → 1392<\/strong> (+19 for winning)\n|raw|DarthIgnus's rating: 1353 → 1334<\/strong> (-19 for losing)\n","uploadtime":1683749849,"views":17,"p1id":"auraen","p2id":"darthignus","formatid":"gen9vgc2023regulationc","rating":1334,"private":0,"password":""}