{"id":"gen9vgc2023regulationc-1857710560","p1":"fkhg","p2":"battlerealm","format":"[Gen 9] VGC 2023 Regulation C","log":"|j|\u2606fkhg\n|j|\u2606battlerealm\n|t:|1683224595\n|gametype|doubles\n|player|p1|fkhg|102|1133\n|player|p2|battlerealm|102|1190\n|teamsize|p1|6\n|teamsize|p2|6\n|gen|9\n|tier|[Gen 9] VGC 2023 Regulation C\n|rated|\n|rule|Species Clause: Limit one of each Pok\u00e9mon\n|rule|Item Clause: Limit one of each item\n|clearpoke\n|poke|p1|Noivern, L50, M|\n|poke|p1|Sylveon, L50, F|\n|poke|p1|Iron Hands, L50|\n|poke|p1|Oranguru, L50, M|\n|poke|p1|Chi-Yu, L50|\n|poke|p1|Amoonguss, L50, F|\n|poke|p2|Ceruledge, L50, M|\n|poke|p2|Gyarados, L50, M|\n|poke|p2|Flutter Mane, L50|\n|poke|p2|Ting-Lu, L50|\n|poke|p2|Sableye, L50, F|\n|poke|p2|Baxcalibur, L50, F|\n|teampreview|4\n|\n|t:|1683224647\n|start\n|switch|p1a: Sylveon|Sylveon, L50, F|100\/100\n|switch|p1b: Iron Hands|Iron Hands, L50|100\/100\n|switch|p2a: Gyarados|Gyarados, L50, M, shiny|100\/100\n|switch|p2b: Sableye|Sableye, L50, F|100\/100\n|-ability|p2a: Gyarados|Intimidate|boost\n|-unboost|p1a: Sylveon|atk|1\n|-unboost|p1b: Iron Hands|atk|1\n|turn|1\n|\n|t:|1683224672\n|move|p2b: Sableye|Fake Out|p1a: Sylveon\n|-damage|p1a: Sylveon|96\/100\n|move|p2a: Gyarados|Thunder Wave|p1a: Sylveon\n|-status|p1a: Sylveon|par\n|move|p1b: Iron Hands|Volt Switch|p2a: Gyarados\n|-supereffective|p2a: Gyarados\n|-damage|p2a: Gyarados|63\/100\n|\n|t:|1683224676\n|-end|p1b: Iron Hands|Quark Drive|[silent]\n|switch|p1b: Noivern|Noivern, L50, M|100\/100|[from] Volt Switch\n|cant|p1a: Sylveon|flinch\n|\n|upkeep\n|turn|2\n|\n|t:|1683224692\n|-terastallize|p2a: Gyarados|Steel\n|move|p2b: Sableye|Skill Swap|p2a: Gyarados\n|-activate|p2b: Sableye|move: Skill Swap|||[of] p2a: Gyarados\n|-ability|p2b: Sableye|Intimidate|boost\n|-unboost|p1a: Sylveon|atk|1\n|-unboost|p1b: Noivern|atk|1\n|move|p2a: Gyarados|Dragon Dance|p2a: Gyarados\n|-boost|p2a: Gyarados|atk|1\n|-boost|p2a: Gyarados|spe|1\n|move|p1b: Noivern|Boomburst|p2b: Sableye|[spread] p1a,p2a\n|-immune|p2b: Sableye\n|-resisted|p2a: Gyarados\n|-damage|p1a: Sylveon|62\/100 par\n|-damage|p2a: Gyarados|47\/100\n|-enditem|p2a: Gyarados|Sitrus Berry|[eat]\n|-heal|p2a: Gyarados|71\/100|[from] item: Sitrus Berry\n|move|p1a: Sylveon|Skill Swap|p1b: Noivern\n|-activate|p1a: Sylveon|move: Skill Swap|||[of] p1b: Noivern\n|\n|upkeep\n|turn|3\n|\n|t:|1683224726\n|switch|p2b: Ting-Lu|Ting-Lu, L50|100\/100\n|-ability|p2b: Ting-Lu|Vessel of Ruin\n|move|p1a: Sylveon|Helping Hand|p1b: Noivern\n|-singleturn|p1b: Noivern|Helping Hand|[of] p1a: Sylveon\n|move|p2a: Gyarados|Thunder Wave|p1b: Noivern\n|-status|p1b: Noivern|par\n|move|p1b: Noivern|Boomburst|p2a: Gyarados|[spread] p2a,p2b\n|-activate|p1a: Sylveon|ability: Telepathy\n|-resisted|p2a: Gyarados\n|-supereffective|p2b: Ting-Lu\n|-damage|p2a: Gyarados|49\/100\n|-damage|p2b: Ting-Lu|42\/100\n|\n|upkeep\n|turn|4\n|\n|t:|1683224757\n|switch|p2b: Ceruledge|Ceruledge, L50, M|100\/100\n|cant|p1a: Sylveon|par\n|move|p2a: Gyarados|Waterfall|p1a: Sylveon\n|-damage|p1a: Sylveon|19\/100 par\n|-enditem|p1a: Sylveon|Sitrus Berry|[eat]\n|-heal|p1a: Sylveon|43\/100 par|[from] item: Sitrus Berry\n|move|p1b: Noivern|Boomburst|p2b: Ceruledge|[spread] p2a,p2b\n|-activate|p1a: Sylveon|ability: Telepathy\n|-resisted|p2a: Gyarados\n|-resisted|p2b: Ceruledge\n|-damage|p2a: Gyarados|28\/100\n|-damage|p2b: Ceruledge|78\/100\n|\n|upkeep\n|turn|5\n|\n|t:|1683224786\n|move|p2b: Ceruledge|Shadow Sneak|p1b: Noivern\n|-damage|p1b: Noivern|63\/100 par\n|-damage|p2b: Ceruledge|68\/100|[from] item: Life Orb\n|move|p2a: Gyarados|Waterfall|p1a: Sylveon\n|-damage|p1a: Sylveon|1\/100 par\n|move|p1b: Noivern|Boomburst|p2b: Ceruledge|[spread] p2a,p2b\n|-activate|p1a: Sylveon|ability: Telepathy\n|-resisted|p2a: Gyarados\n|-resisted|p2b: Ceruledge\n|-damage|p2a: Gyarados|8\/100\n|-damage|p2b: Ceruledge|45\/100\n|cant|p1a: Sylveon|par\n|\n|upkeep\n|turn|6\n|\n|t:|1683224807\n|move|p1a: Sylveon|Helping Hand|p1b: Noivern\n|-singleturn|p1b: Noivern|Helping Hand|[of] p1a: Sylveon\n|move|p2b: Ceruledge|Shadow Sneak|p1b: Noivern\n|-damage|p1b: Noivern|31\/100 par\n|-damage|p2b: Ceruledge|35\/100|[from] item: Life Orb\n|move|p2a: Gyarados|Waterfall|p1a: Sylveon\n|-damage|p1a: Sylveon|0 fnt\n|faint|p1a: Sylveon\n|move|p1b: Noivern|Boomburst|p2a: Gyarados|[spread] p2a,p2b\n|-resisted|p2a: Gyarados\n|-resisted|p2b: Ceruledge\n|-damage|p2a: Gyarados|0 fnt\n|-damage|p2b: Ceruledge|0 fnt\n|faint|p2a: Gyarados\n|faint|p2b: Ceruledge\n|\n|upkeep\n|\n|t:|1683224820\n|switch|p2a: Ting-Lu|Ting-Lu, L50|42\/100\n|switch|p2b: Sableye|Sableye, L50, F|100\/100\n|switch|p1a: Chi-Yu|Chi-Yu, L50|100\/100\n|-ability|p1a: Chi-Yu|Beads of Ruin\n|-ability|p2a: Ting-Lu|Vessel of Ruin\n|turn|7\n|\n|t:|1683224847\n|move|p1a: Chi-Yu|Protect|p1a: Chi-Yu\n|-singleturn|p1a: Chi-Yu|Protect\n|move|p2b: Sableye|Fake Out|p1a: Chi-Yu\n|-activate|p1a: Chi-Yu|move: Protect\n|move|p1b: Noivern|Boomburst|p2a: Ting-Lu|[spread] p2a,p2b\n|-activate|p1a: Chi-Yu|move: Protect\n|-supereffective|p2a: Ting-Lu\n|-supereffective|p2b: Sableye\n|-damage|p2a: Ting-Lu|0 fnt\n|-enditem|p2b: Sableye|Focus Sash\n|-damage|p2b: Sableye|1\/100\n|faint|p2a: Ting-Lu\n|\n|upkeep\n|turn|8\n|-message|battlerealm forfeited.\n|\n|win|fkhg\n|raw|fkhg's rating: 1133 → 1162<\/strong> (+29 for winning)\n|raw|battlerealm's rating: 1190 → 1161<\/strong> (-29 for losing)\n|l|\u2606battlerealm\n","uploadtime":1683224861,"views":11,"p1id":"fkhg","p2id":"battlerealm","formatid":"gen9vgc2023regulationc","rating":1161,"private":0,"password":""}