{"id":"gen9vgc2023regulationc-1848030750","p1":"Tanner Mask","p2":"felipeand_VGC","format":"[Gen 9] VGC 2023 Regulation C","log":"|j|\u2606Tanner Mask\n|j|\u2606felipeand_VGC\n|t:|1682022328\n|gametype|doubles\n|player|p1|Tanner Mask|rood|1273\n|player|p2|felipeand_VGC|1|1353\n|teamsize|p1|6\n|teamsize|p2|6\n|gen|9\n|tier|[Gen 9] VGC 2023 Regulation C\n|rated|\n|rule|Species Clause: Limit one of each Pok\u00e9mon\n|rule|Item Clause: Limit one of each item\n|clearpoke\n|poke|p1|Dondozo, L50, M|\n|poke|p1|Tatsugiri-Droopy, L50, M|\n|poke|p1|Pelipper, L50, M|\n|poke|p1|Drednaw, L50, M|\n|poke|p1|Palafin, L50, M|\n|poke|p1|Gholdengo, L50|\n|poke|p2|Iron Bundle, L50|\n|poke|p2|Amoonguss, L50, M|\n|poke|p2|Arcanine, L50, M|\n|poke|p2|Flutter Mane, L50|\n|poke|p2|Corviknight, L50, M|\n|poke|p2|Ting-Lu, L50|\n|teampreview|4\n|\n|t:|1682022438\n|start\n|switch|p1a: Pelipper|Pelipper, L50, M|100\/100\n|switch|p1b: Dondozo|Dondozo, L50, M|100\/100\n|switch|p2a: Ting-Lu|Ting-Lu, L50|100\/100\n|switch|p2b: Amoonguss|Amoonguss, L50, M|100\/100\n|-weather|RainDance|[from] ability: Drizzle|[of] p1a: Pelipper\n|-ability|p2a: Ting-Lu|Vessel of Ruin\n|turn|1\n|\n|t:|1682022481\n|-terastallize|p2b: Amoonguss|Water\n|move|p1b: Dondozo|Protect|p1b: Dondozo\n|-singleturn|p1b: Dondozo|Protect\n|move|p1a: Pelipper|Hurricane|p2b: Amoonguss\n|-damage|p2b: Amoonguss|73\/100\n|-start|p2b: Amoonguss|confusion\n|move|p2a: Ting-Lu|Rock Slide|p1b: Dondozo|[spread] p1a\n|-activate|p1b: Dondozo|move: Protect\n|-supereffective|p1a: Pelipper\n|-damage|p1a: Pelipper|57\/100\n|-activate|p2b: Amoonguss|confusion\n|move|p2b: Amoonguss|Spore|p1b: Dondozo\n|-activate|p1b: Dondozo|move: Protect\n|\n|-weather|RainDance|[upkeep]\n|upkeep\n|turn|2\n|\n|t:|1682022538\n|move|p1a: Pelipper|Protect|p1a: Pelipper\n|-singleturn|p1a: Pelipper|Protect\n|move|p1b: Dondozo|Substitute|p1b: Dondozo\n|-start|p1b: Dondozo|Substitute\n|-damage|p1b: Dondozo|76\/100\n|move|p2a: Ting-Lu|Throat Chop|p1a: Pelipper\n|-activate|p1a: Pelipper|move: Protect\n|-activate|p2b: Amoonguss|confusion\n|move|p2b: Amoonguss|Spore||[still]\n|-fail|p2b: Amoonguss\n|\n|-weather|RainDance|[upkeep]\n|upkeep\n|turn|3\n|\n|t:|1682022620\n|switch|p1a: Tatsugiri|Tatsugiri-Droopy, L50, M, shiny|100\/100\n|-activate|p1a: Tatsugiri|ability: Commander|[of] p1b: Dondozo\n|-boost|p1b: Dondozo|atk|2\n|-boost|p1b: Dondozo|spa|2\n|-boost|p1b: Dondozo|spe|2\n|-boost|p1b: Dondozo|def|2\n|-boost|p1b: Dondozo|spd|2\n|switch|p2b: Flutter Mane|Flutter Mane, L50|100\/100\n|-terastallize|p1b: Dondozo|Water\n|move|p1b: Dondozo|Surf|p2a: Ting-Lu|[spread] p2a,p2b\n|-miss|p1b: Dondozo|p1a: Tatsugiri\n|-supereffective|p2a: Ting-Lu\n|-damage|p2a: Ting-Lu|23\/100\n|-damage|p2b: Flutter Mane|10\/100\n|-damage|p1b: Dondozo|66\/100|[from] item: Life Orb\n|move|p2a: Ting-Lu|Throat Chop|p1b: Dondozo\n|-activate|p1b: Dondozo|move: Substitute|[damage]\n|\n|-weather|RainDance|[upkeep]\n|upkeep\n|turn|4\n|\n|t:|1682022643\n|move|p2b: Flutter Mane|Thunderbolt|p1b: Dondozo\n|-supereffective|p1b: Dondozo\n|-end|p1b: Dondozo|Substitute\n|move|p1b: Dondozo|Surf|p2a: Ting-Lu|[spread] p2a,p2b\n|-miss|p1b: Dondozo|p1a: Tatsugiri\n|-supereffective|p2a: Ting-Lu\n|-damage|p2a: Ting-Lu|0 fnt\n|-damage|p2b: Flutter Mane|0 fnt\n|faint|p2a: Ting-Lu\n|faint|p2b: Flutter Mane\n|-end|p2b: Flutter Mane|Protosynthesis|[silent]\n|-damage|p1b: Dondozo|56\/100|[from] item: Life Orb\n|\n|-weather|RainDance|[upkeep]\n|upkeep\n|\n|t:|1682022654\n|switch|p2b: Amoonguss|Amoonguss, L50, M, tera:Water|100\/100\n|switch|p2a: Iron Bundle|Iron Bundle, L50|100\/100\n|-enditem|p2a: Iron Bundle|Booster Energy\n|-activate|p2a: Iron Bundle|ability: Quark Drive|[fromitem]\n|-start|p2a: Iron Bundle|quarkdrivespe\n|turn|5\n|c|\u2606Tanner Mask|wanna see a cool funny trick\n|\n|t:|1682022685\n|move|p2a: Iron Bundle|Protect|p2a: Iron Bundle\n|-singleturn|p2a: Iron Bundle|Protect\n|move|p1b: Dondozo|Substitute|p1b: Dondozo\n|-start|p1b: Dondozo|Substitute\n|-damage|p1b: Dondozo|31\/100\n|move|p2b: Amoonguss|Clear Smog|p1b: Dondozo\n|-activate|p1b: Dondozo|move: Substitute|[damage]\n|\n|-weather|RainDance|[upkeep]\n|upkeep\n|turn|6\n|c|\u2606Tanner Mask|goofball\n|c|\u2606Tanner Mask|now watch\n|\n|t:|1682022698\n|move|p2a: Iron Bundle|Freeze-Dry|p1b: Dondozo\n|-supereffective|p1b: Dondozo\n|-end|p1b: Dondozo|Substitute\n|move|p1b: Dondozo|Surf|p2b: Amoonguss|[spread] p2a,p2b\n|-miss|p1b: Dondozo|p1a: Tatsugiri\n|-resisted|p2a: Iron Bundle\n|-resisted|p2b: Amoonguss\n|-damage|p2a: Iron Bundle|0 fnt\n|-damage|p2b: Amoonguss|52\/100\n|faint|p2a: Iron Bundle\n|-end|p2a: Iron Bundle|Quark Drive|[silent]\n|-damage|p1b: Dondozo|22\/100|[from] item: Life Orb\n|move|p2b: Amoonguss|Spore|p1b: Dondozo\n|-status|p1b: Dondozo|slp|[from] move: Spore\n|\n|-weather|RainDance|[upkeep]\n|upkeep\n|turn|7\n|-message|felipeand_VGC forfeited.\n|\n|win|Tanner Mask\n|raw|Tanner Mask's rating: 1273 → 1304<\/strong> (+31 for winning)\n|raw|felipeand_VGC's rating: 1353 → 1328<\/strong> (-25 for losing)\n|l|\u2606felipeand_VGC\n","uploadtime":1682022718,"views":17,"p1id":"tannermask","p2id":"felipeandvgc","formatid":"gen9vgc2023regulationc","rating":1304,"private":0,"password":""}