{"id":"gen9vgc2023regulationc-1848431834","p1":"Dr_McKey","p2":"LTR98","format":"[Gen 9] VGC 2023 Regulation C","log":"|j|\u2606Dr_McKey\n|j|\u2606LTR98\n|t:|1682077316\n|gametype|doubles\n|player|p1|Dr_McKey|koga|1133\n|player|p2|LTR98|266|1108\n|teamsize|p1|6\n|teamsize|p2|6\n|gen|9\n|tier|[Gen 9] VGC 2023 Regulation C\n|rated|\n|rule|Species Clause: Limit one of each Pok\u00e9mon\n|rule|Item Clause: Limit one of each item\n|clearpoke\n|poke|p1|Muk, L50, M|\n|poke|p1|Wo-Chien, L50|\n|poke|p1|Volcarona, L50, M|\n|poke|p1|Grimmsnarl, L50, M|\n|poke|p1|Amoonguss, L50, F|\n|poke|p1|Toxapex, L50, F|\n|poke|p2|Iron Bundle, L50|\n|poke|p2|Wo-Chien, L50|\n|poke|p2|Palafin, L50, M|\n|poke|p2|Meowscarada, L50, M|\n|poke|p2|Arcanine, L50, F|\n|poke|p2|Kingambit, L50, M|\n|teampreview|4\n|\n|t:|1682077335\n|start\n|switch|p1a: Muk|Muk, L50, M, shiny|100\/100\n|switch|p1b: Grimmsnarl|Grimmsnarl, L50, M, shiny|100\/100\n|switch|p2a: Meowscarada|Meowscarada, L50, M|100\/100\n|switch|p2b: Iron Bundle|Iron Bundle, L50|100\/100\n|turn|1\n|\n|t:|1682077357\n|move|p1b: Grimmsnarl|Reflect|p1b: Grimmsnarl\n|-sidestart|p1: Dr_McKey|Reflect\n|move|p2a: Meowscarada|U-turn|p1b: Grimmsnarl\n|-start|p2a: Meowscarada|typechange|Bug|[from] ability: Protean\n|-damage|p1b: Grimmsnarl|80\/100\n|\n|t:|1682077365\n|switch|p2a: Kingambit|Kingambit, L50, M|100\/100|[from] U-turn\n|move|p2b: Iron Bundle|Freeze-Dry|p1a: Muk\n|-damage|p1a: Muk|64\/100\n|move|p1a: Muk|Minimize|p1a: Muk\n|-boost|p1a: Muk|evasion|2\n|\n|-heal|p1a: Muk|71\/100|[from] item: Leftovers\n|upkeep\n|turn|2\n|inactive|Battle timer is ON: inactive players will automatically lose when time's up. (requested by LTR98)\n|\n|t:|1682077411\n|move|p1b: Grimmsnarl|Light Screen|p1b: Grimmsnarl\n|-sidestart|p1: Dr_McKey|move: Light Screen\n|move|p2b: Iron Bundle|Freeze-Dry|p1a: Muk\n|-damage|p1a: Muk|49\/100\n|move|p2a: Kingambit|Iron Head|p1b: Grimmsnarl\n|-supereffective|p1b: Grimmsnarl\n|-damage|p1b: Grimmsnarl|2\/100\n|-damage|p2a: Kingambit|91\/100|[from] item: Life Orb\n|move|p1a: Muk|Minimize|p1a: Muk\n|-boost|p1a: Muk|evasion|2\n|\n|-heal|p1a: Muk|55\/100|[from] item: Leftovers\n|upkeep\n|turn|3\n|inactive|Dr_McKey has 30 seconds left.\n|inactive|Dr_McKey has 20 seconds left.\n|\n|t:|1682077447\n|move|p1b: Grimmsnarl|Parting Shot|p2b: Iron Bundle\n|-unboost|p2b: Iron Bundle|atk|1\n|-unboost|p2b: Iron Bundle|spa|1\n|\n|t:|1682077453\n|switch|p1b: Volcarona|Volcarona, L50, M, shiny|100\/100|[from] Parting Shot\n|move|p2b: Iron Bundle|Icy Wind|p1a: Muk|[spread] \n|-miss|p2b: Iron Bundle|p1a: Muk\n|-miss|p2b: Iron Bundle|p1b: Volcarona\n|move|p2a: Kingambit|Kowtow Cleave|p1a: Muk\n|-damage|p1a: Muk|22\/100\n|-damage|p2a: Kingambit|81\/100|[from] item: Life Orb\n|move|p1a: Muk|Drain Punch|p2a: Kingambit\n|-supereffective|p2a: Kingambit\n|-damage|p2a: Kingambit|17\/100\n|-heal|p1a: Muk|52\/100|[from] drain|[of] p2a: Kingambit\n|\n|-heal|p1a: Muk|58\/100|[from] item: Leftovers\n|upkeep\n|turn|4\n|inactive|Dr_McKey has 30 seconds left.\n|inactive|LTR98 has 30 seconds left.\n|\n|t:|1682077485\n|-terastallize|p2a: Kingambit|Flying\n|move|p2b: Iron Bundle|Hydro Pump|p1b: Volcarona\n|-supereffective|p1b: Volcarona\n|-damage|p1b: Volcarona|48\/100\n|move|p1b: Volcarona|Bug Buzz|p2b: Iron Bundle\n|-damage|p2b: Iron Bundle|2\/100\n|move|p2a: Kingambit|Tera Blast|p1b: Volcarona\n|-supereffective|p1b: Volcarona\n|-damage|p1b: Volcarona|0 fnt\n|faint|p1b: Volcarona\n|-damage|p2a: Kingambit|7\/100|[from] item: Life Orb\n|move|p1a: Muk|Toxic|p2b: Iron Bundle\n|-status|p2b: Iron Bundle|tox\n|\n|-heal|p1a: Muk|64\/100|[from] item: Leftovers\n|-damage|p2b: Iron Bundle|0 fnt|[from] psn\n|faint|p2b: Iron Bundle\n|-end|p2b: Iron Bundle|Quark Drive|[silent]\n|upkeep\n|\n|t:|1682077503\n|switch|p2b: Arcanine|Arcanine, L50, F|100\/100\n|switch|p1b: Grimmsnarl|Grimmsnarl, L50, M, shiny|2\/100\n|-ability|p2b: Arcanine|Intimidate|boost\n|-unboost|p1a: Muk|atk|1\n|-unboost|p1b: Grimmsnarl|atk|1\n|turn|5\n|\n|t:|1682077524\n|move|p2a: Kingambit|Protect|p2a: Kingambit\n|-singleturn|p2a: Kingambit|Protect\n|move|p1b: Grimmsnarl|Parting Shot|p2b: Arcanine\n|-unboost|p2b: Arcanine|atk|1\n|-unboost|p2b: Arcanine|spa|1\n|\n|t:|1682077530\n|switch|p1b: Toxapex|Toxapex, L50, F, shiny|100\/100|[from] Parting Shot\n|move|p2b: Arcanine|Flare Blitz|p1b: Toxapex\n|-resisted|p1b: Toxapex\n|-damage|p1b: Toxapex|92\/100\n|-damage|p2b: Arcanine|84\/100|[from] item: Rocky Helmet|[of] p1b: Toxapex\n|-damage|p2b: Arcanine|82\/100|[from] Recoil\n|move|p1a: Muk|Toxic|p2b: Arcanine\n|-status|p2b: Arcanine|tox\n|\n|-heal|p1a: Muk|71\/100|[from] item: Leftovers\n|-damage|p2b: Arcanine|76\/100 tox|[from] psn\n|upkeep\n|turn|6\n|\n|t:|1682077548\n|move|p2b: Arcanine|Will-O-Wisp|p1a: Muk\n|-status|p1a: Muk|brn\n|move|p2a: Kingambit|Kowtow Cleave|p1a: Muk\n|-damage|p1a: Muk|35\/100 brn\n|-damage|p2a: Kingambit|0 fnt|[from] item: Life Orb\n|faint|p2a: Kingambit\n|move|p1a: Muk|Drain Punch|p2b: Arcanine\n|-damage|p2b: Arcanine|69\/100 tox\n|-heal|p1a: Muk|38\/100 brn|[from] drain|[of] p2b: Arcanine\n|move|p1b: Toxapex|Chilling Water|p2b: Arcanine\n|-supereffective|p2b: Arcanine\n|-damage|p2b: Arcanine|41\/100 tox\n|-unboost|p2b: Arcanine|atk|1\n|\n|-heal|p1a: Muk|45\/100 brn|[from] item: Leftovers\n|-damage|p2b: Arcanine|29\/100 tox|[from] psn\n|-damage|p1a: Muk|38\/100 brn|[from] brn\n|upkeep\n|\n|t:|1682077560\n|switch|p2a: Meowscarada|Meowscarada, L50, M|100\/100\n|turn|7\n|\n|t:|1682077577\n|move|p2a: Meowscarada|Knock Off|p1a: Muk|[miss]\n|-start|p2a: Meowscarada|typechange|Dark|[from] ability: Protean\n|-miss|p2a: Meowscarada|p1a: Muk\n|move|p2b: Arcanine|Will-O-Wisp|p1b: Toxapex\n|-status|p1b: Toxapex|brn\n|move|p1a: Muk|Drain Punch|p2a: Meowscarada\n|-supereffective|p2a: Meowscarada\n|-damage|p2a: Meowscarada|79\/100\n|-heal|p1a: Muk|47\/100 brn|[from] drain|[of] p2a: Meowscarada\n|-status|p2a: Meowscarada|psn|[from] ability: Poison Touch|[of] p1a: Muk\n|move|p1b: Toxapex|Toxic||[still]\n|-fail|p1b: Toxapex\n|\n|-heal|p1a: Muk|53\/100 brn|[from] item: Leftovers\n|-damage|p2a: Meowscarada|66\/100 psn|[from] psn\n|-damage|p2b: Arcanine|12\/100 tox|[from] psn\n|-damage|p1a: Muk|47\/100 brn|[from] brn\n|-damage|p1b: Toxapex|86\/100 brn|[from] brn\n|upkeep\n|-enditem|p2b: Arcanine|Figy Berry|[eat]\n|-heal|p2b: Arcanine|45\/100 tox|[from] item: Figy Berry\n|turn|8\n|inactive|Dr_McKey has 30 seconds left.\n|\n|t:|1682077607\n|move|p1a: Muk|Protect|p1a: Muk\n|-singleturn|p1a: Muk|Protect\n|move|p2a: Meowscarada|Knock Off|p1b: Toxapex\n|-damage|p1b: Toxapex|67\/100 brn\n|-damage|p2a: Meowscarada|50\/100 psn|[from] item: Rocky Helmet|[of] p1b: Toxapex\n|-enditem|p1b: Toxapex|Rocky Helmet|[from] move: Knock Off|[of] p2a: Meowscarada\n|move|p2b: Arcanine|Flare Blitz|p1a: Muk\n|-activate|p1a: Muk|move: Protect\n|move|p1b: Toxapex|Chilling Water|p2a: Meowscarada\n|-damage|p2a: Meowscarada|38\/100 psn\n|-unboost|p2a: Meowscarada|atk|1\n|\n|-heal|p1a: Muk|53\/100 brn|[from] item: Leftovers\n|-damage|p2a: Meowscarada|25\/100 psn|[from] psn\n|-damage|p2b: Arcanine|22\/100 tox|[from] psn\n|-damage|p1a: Muk|47\/100 brn|[from] brn\n|-damage|p1b: Toxapex|62\/100 brn|[from] brn\n|-sideend|p1: Dr_McKey|Reflect\n|upkeep\n|turn|9\n|\n|t:|1682077629\n|move|p2a: Meowscarada|Knock Off|p1b: Toxapex\n|-damage|p1b: Toxapex|48\/100 brn\n|move|p2b: Arcanine|Flare Blitz|p1a: Muk\n|-damage|p1a: Muk|22\/100 brn\n|-damage|p2b: Arcanine|13\/100 tox|[from] Recoil\n|move|p1a: Muk|Minimize|p1a: Muk\n|-boost|p1a: Muk|evasion|2\n|move|p1b: Toxapex|Chilling Water|p2a: Meowscarada\n|-damage|p2a: Meowscarada|14\/100 psn\n|-unboost|p2a: Meowscarada|atk|1\n|\n|-heal|p1a: Muk|28\/100 brn|[from] item: Leftovers\n|-damage|p2a: Meowscarada|1\/100 psn|[from] psn\n|-damage|p2b: Arcanine|0 fnt|[from] psn\n|faint|p2b: Arcanine\n|-damage|p1a: Muk|22\/100 brn|[from] brn\n|-damage|p1b: Toxapex|43\/100 brn|[from] brn\n|-sideend|p1: Dr_McKey|move: Light Screen\n|upkeep\n|turn|10\n|-message|LTR98 forfeited.\n|\n|win|Dr_McKey\n|raw|Dr_McKey's rating: 1133 → 1156<\/strong> (+23 for winning)\n|raw|LTR98's rating: 1108 → 1085<\/strong> (-23 for losing)\n|l|\u2606LTR98\n","uploadtime":1682077652,"views":17,"p1id":"drmckey","p2id":"ltr98","formatid":"gen9vgc2023regulationc","rating":1085,"private":0,"password":""}