{"id":"gen9vgc2023regulationc-1862703420","p1":"Juligut","p2":"Fabilex","format":"[Gen 9] VGC 2023 Regulation C","log":"|j|\u2606Juligut\n|j|\u2606Fabilex\n|t:|1683913651\n|gametype|doubles\n|player|p1|Juligut|beauty-gen3|\n|player|p2|Fabilex|266|\n|teamsize|p1|6\n|teamsize|p2|6\n|gen|9\n|tier|[Gen 9] VGC 2023 Regulation C\n|rule|Species Clause: Limit one of each Pok\u00e9mon\n|rule|Item Clause: Limit one of each item\n|clearpoke\n|poke|p1|Gothitelle, L50, M|\n|poke|p1|Scream Tail, L50|\n|poke|p1|Slither Wing, L50|\n|poke|p1|Gengar, L50, F|\n|poke|p1|Abomasnow, L50, F|\n|poke|p1|Hydreigon, L50, F|\n|poke|p2|Sandy Shocks, L50|\n|poke|p2|Pikachu, L50, F|\n|poke|p2|Espathra, L50, F|\n|poke|p2|Haxorus, L50, F|\n|poke|p2|Hatterene, L50, F|\n|poke|p2|Zoroark, L50, F|\n|teampreview|4\n|c|\u2606Fabilex|Ging bei mir nicht\n|c|\u2606Juligut|same\n|c|\u2606Juligut|lass den anderen kampf anfangen habe da jetzt den live link gepostet\n|c|\u2606Fabilex|Game 2 dann hier\n|c|\u2606Juligut|jo\n|j| xMissingName\n|c|\u2606Juligut|so habe eben alles auf discord notiert\n|c|\u2606Fabilex|glhf\n|\n|t:|1683914237\n|start\n|switch|p1a: Talk bout One Taps|Scream Tail, L50|100\/100\n|switch|p1b: Wednesday|Gothitelle, L50, M|100\/100\n|switch|p2a: J\u00e4ger|Haxorus, L50, F|100\/100\n|switch|p2b: Espathra|Espathra, L50, F|100\/100\n|-ability|p2a: J\u00e4ger|Mold Breaker\n|turn|1\n|j| Tikaoo\n|\n|t:|1683914263\n|-terastallize|p2b: Espathra|Ghost\n|move|p1b: Wednesday|Protect|p1b: Wednesday\n|-singleturn|p1b: Wednesday|Protect\n|move|p2a: J\u00e4ger|First Impression|p1b: Wednesday\n|-activate|p1b: Wednesday|move: Protect\n|move|p1a: Talk bout One Taps|Perish Song|p1a: Talk bout One Taps\n|-start|p1a: Talk bout One Taps|perish3|[silent]\n|-start|p1b: Wednesday|perish3|[silent]\n|-start|p2a: J\u00e4ger|perish3|[silent]\n|-start|p2b: Espathra|perish3|[silent]\n|-fieldactivate|move: Perish Song\n|move|p2b: Espathra|Shadow Ball|p1b: Wednesday\n|-activate|p1b: Wednesday|move: Protect\n|\n|-start|p1a: Talk bout One Taps|perish3\n|-start|p2b: Espathra|perish3\n|-start|p1b: Wednesday|perish3\n|-start|p2a: J\u00e4ger|perish3\n|-ability|p2b: Espathra|Speed Boost|boost\n|-boost|p2b: Espathra|spe|1\n|upkeep\n|turn|2\n|\n|t:|1683914288\n|-terastallize|p1b: Wednesday|Dark\n|move|p1a: Talk bout One Taps|Protect|p1a: Talk bout One Taps\n|-singleturn|p1a: Talk bout One Taps|Protect\n|move|p2b: Espathra|Shadow Ball|p1b: Wednesday\n|-resisted|p1b: Wednesday\n|-damage|p1b: Wednesday|87\/100\n|move|p1b: Wednesday|Psychic|p2a: J\u00e4ger\n|-damage|p2a: J\u00e4ger|61\/100\n|move|p2a: J\u00e4ger|Dragon Claw|p1b: Wednesday\n|-damage|p1b: Wednesday|42\/100\n|\n|-start|p2b: Espathra|perish2\n|-start|p1a: Talk bout One Taps|perish2\n|-start|p1b: Wednesday|perish2\n|-start|p2a: J\u00e4ger|perish2\n|-ability|p2b: Espathra|Speed Boost|boost\n|-boost|p2b: Espathra|spe|1\n|upkeep\n|turn|3\n|\n|t:|1683914315\n|move|p2b: Espathra|Lumina Crash|p1a: Talk bout One Taps\n|-resisted|p1a: Talk bout One Taps\n|-damage|p1a: Talk bout One Taps|88\/100\n|-unboost|p1a: Talk bout One Taps|spd|2\n|move|p1a: Talk bout One Taps|Play Rough|p2a: J\u00e4ger|[miss]\n|-miss|p1a: Talk bout One Taps|p2a: J\u00e4ger\n|move|p1b: Wednesday|Rest|p1b: Wednesday\n|-status|p1b: Wednesday|slp|[from] move: Rest\n|-heal|p1b: Wednesday|100\/100 slp|[silent]\n|-enditem|p1b: Wednesday|Chesto Berry|[eat]\n|-curestatus|p1b: Wednesday|slp|[msg]\n|move|p2a: J\u00e4ger|Dragon Claw|p1b: Wednesday\n|-damage|p1b: Wednesday|50\/100\n|\n|-heal|p1a: Talk bout One Taps|94\/100|[from] item: Leftovers\n|-start|p2b: Espathra|perish1\n|-start|p1a: Talk bout One Taps|perish1\n|-start|p1b: Wednesday|perish1\n|-start|p2a: J\u00e4ger|perish1\n|-ability|p2b: Espathra|Speed Boost|boost\n|-boost|p2b: Espathra|spe|1\n|upkeep\n|turn|4\n|\n|t:|1683914354\n|switch|p2b: Sandy Shocks|Sandy Shocks, L50|100\/100\n|-enditem|p2b: Sandy Shocks|Booster Energy\n|-activate|p2b: Sandy Shocks|ability: Protosynthesis|[fromitem]\n|-start|p2b: Sandy Shocks|protosynthesisspe\n|-end|p1a: Talk bout One Taps|Protosynthesis|[silent]\n|switch|p1a: Get Winged|Slither Wing, L50|100\/100\n|move|p1b: Wednesday|Protect|p1b: Wednesday\n|-singleturn|p1b: Wednesday|Protect\n|move|p2a: J\u00e4ger|Dragon Claw|p1a: Get Winged\n|-damage|p1a: Get Winged|33\/100\n|\n|-start|p1b: Wednesday|perish0\n|-start|p2a: J\u00e4ger|perish0\n|faint|p1b: Wednesday\n|faint|p2a: J\u00e4ger\n|upkeep\n|\n|t:|1683914376\n|switch|p2a: Espathra|Espathra, L50, F, tera:Ghost|100\/100\n|switch|p1b: Talk bout One Taps|Scream Tail, L50|94\/100\n|turn|5\n|\n|t:|1683914392\n|move|p1b: Talk bout One Taps|Helping Hand|p1a: Get Winged\n|-singleturn|p1a: Get Winged|Helping Hand|[of] p1b: Talk bout One Taps\n|move|p2a: Espathra|Protect|p2a: Espathra\n|-singleturn|p2a: Espathra|Protect\n|move|p1a: Get Winged|First Impression|p2b: Sandy Shocks\n|-damage|p2b: Sandy Shocks|15\/100\n|move|p2b: Sandy Shocks|Gravity|p2b: Sandy Shocks\n|-fieldstart|move: Gravity\n|\n|-heal|p1b: Talk bout One Taps|99\/100|[from] item: Leftovers\n|-ability|p2a: Espathra|Speed Boost|boost\n|-boost|p2a: Espathra|spe|1\n|upkeep\n|turn|6\n|\n|t:|1683914443\n|move|p1a: Get Winged|Protect|p1a: Get Winged\n|-singleturn|p1a: Get Winged|Protect\n|move|p2b: Sandy Shocks|Zap Cannon|p1b: Talk bout One Taps\n|-damage|p1b: Talk bout One Taps|61\/100\n|-status|p1b: Talk bout One Taps|par\n|move|p2a: Espathra|Lumina Crash|p1b: Talk bout One Taps\n|-resisted|p1b: Talk bout One Taps\n|-damage|p1b: Talk bout One Taps|47\/100 par\n|-unboost|p1b: Talk bout One Taps|spd|2\n|move|p1b: Talk bout One Taps|Play Rough|p2b: Sandy Shocks\n|-damage|p2b: Sandy Shocks|0 fnt\n|faint|p2b: Sandy Shocks\n|-end|p2b: Sandy Shocks|Protosynthesis|[silent]\n|\n|-heal|p1b: Talk bout One Taps|53\/100 par|[from] item: Leftovers\n|-ability|p2a: Espathra|Speed Boost|boost\n|-boost|p2a: Espathra|spe|1\n|upkeep\n|\n|t:|1683914452\n|switch|p2b: Hatterene|Hatterene, L50, F|100\/100\n|turn|7\n|\n|t:|1683914477\n|cant|p1b: Talk bout One Taps|par\n|move|p2a: Espathra|Shadow Ball|p1b: Talk bout One Taps\n|-supereffective|p1b: Talk bout One Taps\n|-crit|p1b: Talk bout One Taps\n|-damage|p1b: Talk bout One Taps|0 fnt\n|faint|p1b: Talk bout One Taps\n|-end|p1b: Talk bout One Taps|Protosynthesis|[silent]\n|move|p1a: Get Winged|Leech Life|p2b: Hatterene\n|-damage|p2b: Hatterene|43\/100\n|-heal|p1a: Get Winged|63\/100|[from] drain|[of] p2b: Hatterene\n|move|p2b: Hatterene|Dazzling Gleam|p1a: Get Winged\n|-supereffective|p1a: Get Winged\n|-damage|p1a: Get Winged|0 fnt\n|faint|p1a: Get Winged\n|-end|p1a: Get Winged|Protosynthesis|[silent]\n|\n|-ability|p2a: Espathra|Speed Boost|boost\n|-boost|p2a: Espathra|spe|1\n|upkeep\n|\n|t:|1683914483\n|switch|p1b: Gengarnicht|Gengar, L50, F|100\/100\n|turn|8\n|\n|t:|1683914490\n|move|p2b: Hatterene|Protect|p2b: Hatterene\n|-singleturn|p2b: Hatterene|Protect\n|move|p2a: Espathra|Hypnosis|p1b: Gengarnicht\n|-status|p1b: Gengarnicht|slp|[from] move: Hypnosis\n|cant|p1b: Gengarnicht|slp\n|\n|-ability|p2a: Espathra|Speed Boost|boost\n|-boost|p2a: Espathra|spe|1\n|upkeep\n|turn|9\n|\n|t:|1683914498\n|move|p2a: Espathra|Lumina Crash|p1b: Gengarnicht\n|-supereffective|p1b: Gengarnicht\n|-damage|p1b: Gengarnicht|0 fnt\n|-enditem|p1b: Gengarnicht|Air Balloon\n|faint|p1b: Gengarnicht\n|\n|win|Fabilex\n|c|\u2606Juligut|gg\n|c|\u2606Fabilex|gg\n","uploadtime":1683914505,"views":14,"p1id":"juligut","p2id":"fabilex","formatid":"gen9vgc2023regulationc","rating":0,"private":0,"password":""}