{"id":"gen9vgc2023regulationc-1857393537","p1":"birIkiUc","p2":"KinimaP","format":"[Gen 9] VGC 2023 Regulation C","log":"|j|\u2606birIkiUc\n|j|\u2606KinimaP\n|t:|1683185800\n|gametype|doubles\n|player|p1|birIkiUc|bugcatcher-gen4dp|1368\n|player|p2|KinimaP|cameraman|1461\n|teamsize|p1|6\n|teamsize|p2|6\n|gen|9\n|tier|[Gen 9] VGC 2023 Regulation C\n|rated|\n|rule|Species Clause: Limit one of each Pok\u00e9mon\n|rule|Item Clause: Limit one of each item\n|clearpoke\n|poke|p1|Gyarados, L50, M|\n|poke|p1|Iron Moth, L50|\n|poke|p1|Flutter Mane, L50|\n|poke|p1|Brute Bonnet, L50|\n|poke|p1|Corviknight, L50, M|\n|poke|p1|Garchomp, L50, M|\n|poke|p2|Vivillon-Fancy, L50, M|\n|poke|p2|Chi-Yu, L50|\n|poke|p2|Flutter Mane, L50|\n|poke|p2|Baxcalibur, L50, F|\n|poke|p2|Brute Bonnet, L50|\n|poke|p2|Dragonite, L50, F|\n|teampreview|4\n|inactive|Battle timer is ON: inactive players will automatically lose when time's up. (requested by birIkiUc)\n|j| helloworld369\n|inactive|KinimaP has 60 seconds left.\n|\n|t:|1683185852\n|start\n|switch|p1a: Corviknight|Corviknight, L50, M|100\/100\n|switch|p1b: Gyarados|Gyarados, L50, M|100\/100\n|switch|p2a: Vivillon|Vivillon-Fancy, L50, M|100\/100\n|switch|p2b: Chi-Yu|Chi-Yu, L50|100\/100\n|-ability|p2b: Chi-Yu|Beads of Ruin\n|-ability|p1b: Gyarados|Intimidate|boost\n|-unboost|p2a: Vivillon|atk|1\n|-unboost|p2b: Chi-Yu|atk|1\n|turn|1\n|\n|t:|1683185872\n|-terastallize|p1a: Corviknight|Water\n|move|p2b: Chi-Yu|Protect|p2b: Chi-Yu\n|-singleturn|p2b: Chi-Yu|Protect\n|move|p2a: Vivillon|Tailwind|p2a: Vivillon\n|-sidestart|p2: KinimaP|move: Tailwind\n|move|p1b: Gyarados|Waterfall|p2b: Chi-Yu\n|-activate|p2b: Chi-Yu|move: Protect\n|move|p1a: Corviknight|Tailwind|p1a: Corviknight\n|-sidestart|p1: birIkiUc|move: Tailwind\n|\n|upkeep\n|turn|2\n|\n|t:|1683185896\n|move|p2a: Vivillon|Rage Powder|p2a: Vivillon\n|-singleturn|p2a: Vivillon|move: Rage Powder\n|move|p2b: Chi-Yu|Nasty Plot|p2b: Chi-Yu\n|-boost|p2b: Chi-Yu|spa|2\n|move|p1b: Gyarados|Thunder Wave|p2a: Vivillon\n|-status|p2a: Vivillon|par\n|move|p1a: Corviknight|Brave Bird|p2a: Vivillon\n|-supereffective|p2a: Vivillon\n|-enditem|p2a: Vivillon|Focus Sash\n|-damage|p2a: Vivillon|1\/100 par\n|-damage|p1a: Corviknight|76\/100|[from] Recoil\n|\n|-heal|p1a: Corviknight|81\/100|[from] item: Leftovers\n|upkeep\n|turn|3\n|\n|t:|1683185918\n|-terastallize|p2b: Chi-Yu|Water\n|move|p2a: Vivillon|Rage Powder|p2a: Vivillon\n|-singleturn|p2a: Vivillon|move: Rage Powder\n|move|p2b: Chi-Yu|Tera Blast|p1a: Corviknight\n|-resisted|p1a: Corviknight\n|-damage|p1a: Corviknight|19\/100\n|move|p1b: Gyarados|Waterfall|p2a: Vivillon\n|-damage|p2a: Vivillon|0 fnt\n|faint|p2a: Vivillon\n|move|p1a: Corviknight|Brave Bird|p2b: Chi-Yu\n|-damage|p2b: Chi-Yu|39\/100\n|-enditem|p2b: Chi-Yu|Sitrus Berry|[eat]\n|-heal|p2b: Chi-Yu|64\/100|[from] item: Sitrus Berry\n|-damage|p1a: Corviknight|4\/100|[from] Recoil\n|\n|-heal|p1a: Corviknight|10\/100|[from] item: Leftovers\n|upkeep\n|\n|t:|1683185937\n|switch|p2a: Dragonite|Dragonite, L50, F|100\/100\n|turn|4\n|\n|t:|1683185956\n|move|p2b: Chi-Yu|Tera Blast|p1a: Corviknight\n|-resisted|p1a: Corviknight\n|-damage|p1a: Corviknight|0 fnt\n|faint|p1a: Corviknight\n|move|p1b: Gyarados|Thunder Wave|p2b: Chi-Yu\n|-status|p2b: Chi-Yu|par\n|move|p2a: Dragonite|Thunder Punch|p1b: Gyarados\n|-supereffective|p1b: Gyarados\n|-damage|p1b: Gyarados|0 fnt\n|faint|p1b: Gyarados\n|\n|-sideend|p1: birIkiUc|move: Tailwind\n|-sideend|p2: KinimaP|move: Tailwind\n|upkeep\n|\n|t:|1683185966\n|switch|p1b: Garchomp|Garchomp, L50, M|100\/100\n|switch|p1a: Flutter Mane|Flutter Mane, L50|100\/100\n|turn|5\n|\n|t:|1683185982\n|move|p2a: Dragonite|Protect|p2a: Dragonite\n|-singleturn|p2a: Dragonite|Protect\n|move|p1a: Flutter Mane|Moonblast|p2b: Chi-Yu\n|-damage|p2b: Chi-Yu|0 fnt\n|faint|p2b: Chi-Yu\n|move|p1b: Garchomp|Outrage|p2a: Dragonite\n|-activate|p2a: Dragonite|move: Protect\n|\n|upkeep\n|\n|t:|1683185992\n|switch|p2b: Flutter Mane|Flutter Mane, L50|100\/100\n|-enditem|p2b: Flutter Mane|Booster Energy\n|-activate|p2b: Flutter Mane|ability: Protosynthesis|[fromitem]\n|-start|p2b: Flutter Mane|protosynthesisspe\n|turn|6\n|\n|t:|1683186000\n|move|p2b: Flutter Mane|Icy Wind|p1a: Flutter Mane|[spread] p1a,p1b\n|-supereffective|p1b: Garchomp\n|-damage|p1a: Flutter Mane|87\/100\n|-damage|p1b: Garchomp|41\/100\n|-unboost|p1a: Flutter Mane|spe|1\n|-unboost|p1b: Garchomp|spe|1\n|move|p1a: Flutter Mane|Moonblast|p2b: Flutter Mane\n|-damage|p2b: Flutter Mane|26\/100\n|move|p2a: Dragonite|Aerial Ace|p1b: Garchomp\n|-damage|p1b: Garchomp|8\/100\n|-damage|p2a: Dragonite|88\/100|[from] ability: Rough Skin|[of] p1b: Garchomp\n|move|p1b: Garchomp|Outrage|p2a: Dragonite\n|-supereffective|p2a: Dragonite\n|-damage|p2a: Dragonite|0 fnt\n|faint|p2a: Dragonite\n|\n|upkeep\n|turn|7\n|\n|t:|1683186021\n|move|p2b: Flutter Mane|Shadow Ball|p1a: Flutter Mane\n|-supereffective|p1a: Flutter Mane\n|-damage|p1a: Flutter Mane|0 fnt\n|faint|p1a: Flutter Mane\n|-end|p1a: Flutter Mane|Protosynthesis|[silent]\n|move|p1b: Garchomp|Outrage|p2b: Flutter Mane|[from]lockedmove\n|-immune|p2b: Flutter Mane\n|\n|upkeep\n|turn|8\n|c|\u2606birIkiUc|Gg,\n|\n|t:|1683186036\n|move|p2b: Flutter Mane|Moonblast|p1b: Garchomp\n|-supereffective|p1b: Garchomp\n|-damage|p1b: Garchomp|0 fnt\n|faint|p1b: Garchomp\n|\n|win|KinimaP\n|raw|birIkiUc's rating: 1368 → 1353<\/strong> (-15 for losing)\n|raw|KinimaP's rating: 1461 → 1476<\/strong> (+15 for winning)\n","uploadtime":1683186061,"views":8,"p1id":"birikiuc","p2id":"kinimap","formatid":"gen9vgc2023regulationc","rating":1353,"private":0,"password":""}