{"id":"gen9vgc2023regulationc-1854905617","p1":"u got dirged","p2":"clodsirefanclub","format":"[Gen 9] VGC 2023 Regulation C","log":"|j|\u2606u got dirged\n|j|\u2606clodsirefanclub\n|t:|1682879274\n|gametype|doubles\n|player|p1|u got dirged|flannery|1202\n|player|p2|clodsirefanclub|169|1174\n|teamsize|p1|6\n|teamsize|p2|6\n|gen|9\n|tier|[Gen 9] VGC 2023 Regulation C\n|rated|\n|rule|Species Clause: Limit one of each Pok\u00e9mon\n|rule|Item Clause: Limit one of each item\n|clearpoke\n|poke|p1|Scream Tail, L50|\n|poke|p1|Baxcalibur, L50, M|\n|poke|p1|Iron Hands, L50|\n|poke|p1|Corviknight, L50, M|\n|poke|p1|Flutter Mane, L50|\n|poke|p1|Tauros-Paldea-Aqua, L50, M|\n|poke|p2|Chi-Yu, L50|\n|poke|p2|Amoonguss, L50, F|\n|poke|p2|Dragonite, L50, M|\n|poke|p2|Gyarados, L50, M|\n|poke|p2|Iron Hands, L50|\n|poke|p2|Flutter Mane, L50|\n|teampreview|4\nu got dirged has agreed to open team sheets.\nclodsirefanclub has agreed to open team sheets.\n|\n|t:|1682879343\n|start\n|switch|p1a: Scream Tail|Scream Tail, L50, shiny|100\/100\n|switch|p1b: Iron Hands|Iron Hands, L50|100\/100\n|switch|p2a: Flutter Mane|Flutter Mane, L50|100\/100\n|switch|p2b: Iron Hands|Iron Hands, L50|100\/100\n|-enditem|p2a: Flutter Mane|Booster Energy\n|-activate|p2a: Flutter Mane|ability: Protosynthesis|[fromitem]\n|-start|p2a: Flutter Mane|protosynthesisspe\n|-enditem|p1a: Scream Tail|Booster Energy\n|-activate|p1a: Scream Tail|ability: Protosynthesis|[fromitem]\n|-start|p1a: Scream Tail|protosynthesisspe\n|turn|1\n|\n|t:|1682879408\n|-terastallize|p2a: Flutter Mane|Electric\n|move|p1b: Iron Hands|Fake Out|p2b: Iron Hands\n|-damage|p2b: Iron Hands|90\/100\n|cant|p2b: Iron Hands|flinch\n|move|p2a: Flutter Mane|Shadow Ball|p1a: Scream Tail\n|-supereffective|p1a: Scream Tail\n|-damage|p1a: Scream Tail|44\/100\n|move|p1a: Scream Tail|Disable|p2a: Flutter Mane\n|-start|p2a: Flutter Mane|Disable|Shadow Ball\n|\n|upkeep\n|turn|2\n|\n|t:|1682879463\n|move|p2a: Flutter Mane|Moonblast|p1b: Iron Hands\n|-supereffective|p1b: Iron Hands\n|-damage|p1b: Iron Hands|33\/100\n|-unboost|p1b: Iron Hands|spa|1\n|move|p1a: Scream Tail|Howl|p1a: Scream Tail|[spread] p1a,p1b\n|-boost|p1a: Scream Tail|atk|1\n|-boost|p1b: Iron Hands|atk|1\n|move|p1b: Iron Hands|Close Combat|p2a: Flutter Mane\n|-damage|p2a: Flutter Mane|0 fnt\n|-unboost|p1b: Iron Hands|def|1\n|-unboost|p1b: Iron Hands|spd|1\n|faint|p2a: Flutter Mane\n|-end|p2a: Flutter Mane|Protosynthesis|[silent]\n|move|p2b: Iron Hands|Volt Switch|p1a: Scream Tail\n|-damage|p1a: Scream Tail|33\/100\n|\n|t:|1682879488\n|-end|p2b: Iron Hands|Quark Drive|[silent]\n|switch|p2b: Gyarados|Gyarados, L50, M|100\/100|[from] Volt Switch\n|-ability|p2b: Gyarados|Intimidate|boost\n|-unboost|p1a: Scream Tail|atk|1\n|-unboost|p1b: Iron Hands|atk|1\n|\n|upkeep\n|\n|t:|1682879494\n|switch|p2a: Dragonite|Dragonite, L50, M|100\/100\n|turn|3\n|\n|t:|1682879539\n|-end|p1b: Iron Hands|Quark Drive|[silent]\n|switch|p1b: Tauros|Tauros-Paldea-Aqua, L50, M|100\/100\n|-ability|p1b: Tauros|Intimidate|boost\n|-unboost|p2a: Dragonite|atk|1\n|-unboost|p2b: Gyarados|atk|1\n|-terastallize|p1a: Scream Tail|Water\n|move|p2a: Dragonite|Extreme Speed|p1b: Tauros\n|-damage|p1b: Tauros|78\/100\n|move|p1a: Scream Tail|Play Rough|p2a: Dragonite|[miss]\n|-miss|p1a: Scream Tail|p2a: Dragonite\n|move|p2b: Gyarados|Earthquake|p1b: Tauros|[spread] p1a,p1b\n|-immune|p2a: Dragonite\n|-damage|p1a: Scream Tail|19\/100\n|-damage|p1b: Tauros|57\/100\n|\n|upkeep\n|turn|4\n|\n|t:|1682879575\n|switch|p2a: Iron Hands|Iron Hands, L50|90\/100\n|move|p1a: Scream Tail|Disable|p2b: Gyarados\n|-start|p2b: Gyarados|Disable|Earthquake\n|cant|p2b: Gyarados|Disable|Earthquake\n|move|p1b: Tauros|Wave Crash|p2a: Iron Hands\n|-damage|p2a: Iron Hands|53\/100\n|-damage|p1b: Tauros|36\/100|[from] Recoil\n|\n|upkeep\n|turn|5\n|\n|t:|1682879595\n|switch|p2b: Dragonite|Dragonite, L50, M|100\/100\n|move|p1b: Tauros|Protect|p1b: Tauros\n|-singleturn|p1b: Tauros|Protect\n|move|p2a: Iron Hands|Fake Out|p1a: Scream Tail\n|-damage|p1a: Scream Tail|6\/100\n|cant|p1a: Scream Tail|flinch\n|\n|upkeep\n|turn|6\n|\n|t:|1682879624\n|switch|p1b: Iron Hands|Iron Hands, L50|33\/100\n|move|p1a: Scream Tail|Howl|p1a: Scream Tail|[spread] p1a,p1b\n|-boost|p1a: Scream Tail|atk|1\n|-boost|p1b: Iron Hands|atk|1\n|move|p2b: Dragonite|Tailwind|p2b: Dragonite\n|-sidestart|p2: clodsirefanclub|move: Tailwind\n|move|p2a: Iron Hands|Volt Switch|p1b: Iron Hands\n|-resisted|p1b: Iron Hands\n|-damage|p1b: Iron Hands|29\/100\n|\n|t:|1682879635\n|-end|p2a: Iron Hands|Quark Drive|[silent]\n|switch|p2a: Gyarados|Gyarados, L50, M|100\/100|[from] Volt Switch\n|-ability|p2a: Gyarados|Intimidate|boost\n|-unboost|p1a: Scream Tail|atk|1\n|-unboost|p1b: Iron Hands|atk|1\n|\n|upkeep\n|turn|7\n|\n|t:|1682879651\n|move|p1b: Iron Hands|Fake Out|p2a: Gyarados\n|-damage|p2a: Gyarados|81\/100\n|move|p2b: Dragonite|Extreme Speed|p1b: Iron Hands\n|-damage|p1b: Iron Hands|6\/100\n|cant|p2a: Gyarados|flinch\n|move|p1a: Scream Tail|Encore|p2b: Dragonite\n|-start|p2b: Dragonite|Encore\n|\n|upkeep\n|turn|8\n|\n|t:|1682879689\n|switch|p2a: Iron Hands|Iron Hands, L50|53\/100\n|move|p2b: Dragonite|Extreme Speed|p1b: Iron Hands\n|-damage|p1b: Iron Hands|0 fnt\n|faint|p1b: Iron Hands\n|-end|p1b: Iron Hands|Quark Drive|[silent]\n|move|p1a: Scream Tail|Disable|p2b: Dragonite\n|-start|p2b: Dragonite|Disable|Extreme Speed\n|\n|upkeep\n|\n|t:|1682879716\n|switch|p1b: Corviknight|Corviknight, L50, M, shiny|100\/100\n|turn|9\n|\n|t:|1682879744\n|-end|p1a: Scream Tail|Protosynthesis|[silent]\n|switch|p1a: Tauros|Tauros-Paldea-Aqua, L50, M|36\/100\n|-ability|p1a: Tauros|Intimidate|boost\n|-unboost|p2a: Iron Hands|atk|1\n|-unboost|p2b: Dragonite|atk|1\n|switch|p2b: Gyarados|Gyarados, L50, M|81\/100\n|-ability|p2b: Gyarados|Intimidate|boost\n|-unboost|p1a: Tauros|atk|1\n|-ability|p1b: Corviknight|Mirror Armor\n|-unboost|p2b: Gyarados|atk|1\n|move|p2a: Iron Hands|Fake Out|p1a: Tauros\n|-damage|p1a: Tauros|24\/100\n|move|p1b: Corviknight|Brave Bird|p2a: Iron Hands\n|-damage|p2a: Iron Hands|27\/100\n|-damage|p1b: Corviknight|90\/100|[from] Recoil\n|\n|-sideend|p2: clodsirefanclub|move: Tailwind\n|upkeep\n|turn|10\n|\n|t:|1682879773\n|move|p1a: Tauros|Protect|p1a: Tauros\n|-singleturn|p1a: Tauros|Protect\n|move|p2b: Gyarados|Earthquake|p1b: Corviknight|[spread] p2a\n|-activate|p1a: Tauros|move: Protect\n|-immune|p1b: Corviknight\n|-supereffective|p2a: Iron Hands\n|-damage|p2a: Iron Hands|2\/100\n|move|p1b: Corviknight|Brave Bird|p2a: Iron Hands\n|-damage|p2a: Iron Hands|0 fnt\n|faint|p2a: Iron Hands\n|-end|p2a: Iron Hands|Quark Drive|[silent]\n|-damage|p1b: Corviknight|89\/100|[from] Recoil\n|\n|upkeep\n|\n|t:|1682879787\n|switch|p2a: Dragonite|Dragonite, L50, M|100\/100\n|turn|11\n|\n|t:|1682879803\n|switch|p1a: Scream Tail|Scream Tail, L50, shiny, tera:Water|6\/100\n|move|p2b: Gyarados|Earthquake|p1a: Scream Tail|[spread] p1a\n|-immune|p2a: Dragonite\n|-immune|p1b: Corviknight\n|-damage|p1a: Scream Tail|0 fnt\n|faint|p1a: Scream Tail\n|-end|p1a: Scream Tail|Protosynthesis|[silent]\n|move|p2a: Dragonite|Outrage|p1b: Corviknight\n|-resisted|p1b: Corviknight\n|-damage|p1b: Corviknight|63\/100\n|move|p1b: Corviknight|Tailwind|p1b: Corviknight\n|-sidestart|p1: u got dirged|move: Tailwind\n|\n|upkeep\n|\n|t:|1682879813\n|switch|p1a: Tauros|Tauros-Paldea-Aqua, L50, M|24\/100\n|-ability|p1a: Tauros|Intimidate|boost\n|-unboost|p2a: Dragonite|atk|1\n|-unboost|p2b: Gyarados|atk|1\n|turn|12\n|\n|t:|1682879822\n|move|p1a: Tauros|Protect|p1a: Tauros\n|-singleturn|p1a: Tauros|Protect\n|move|p1b: Corviknight|Iron Head|p2a: Dragonite\n|-damage|p2a: Dragonite|89\/100\n|move|p2b: Gyarados|Earthquake|p1b: Corviknight|[spread] \n|-activate|p1a: Tauros|move: Protect\n|-immune|p2a: Dragonite\n|-immune|p1b: Corviknight\n|cant|p2a: Dragonite|flinch\n|\n|upkeep\n|turn|13\n|\n|t:|1682879841\n|move|p1a: Tauros|Wave Crash|p2a: Dragonite\n|-resisted|p2a: Dragonite\n|-damage|p2a: Dragonite|65\/100\n|-damage|p1a: Tauros|13\/100|[from] Recoil\n|move|p1b: Corviknight|Iron Head|p2a: Dragonite\n|-damage|p2a: Dragonite|38\/100\n|move|p2b: Gyarados|Earthquake|p1a: Tauros|[spread] p1a\n|-immune|p2a: Dragonite\n|-immune|p1b: Corviknight\n|-damage|p1a: Tauros|0 fnt\n|faint|p1a: Tauros\n|move|p2a: Dragonite|Outrage|p1b: Corviknight\n|-resisted|p1b: Corviknight\n|-damage|p1b: Corviknight|45\/100\n|\n|upkeep\n|turn|14\n|\n|t:|1682879859\n|move|p1b: Corviknight|Roost|p1b: Corviknight\n|-heal|p1b: Corviknight|95\/100\n|-singleturn|p1b: Corviknight|move: Roost\n|move|p2b: Gyarados|Earthquake|p1b: Corviknight|[spread] p1b\n|-immune|p2a: Dragonite\n|-supereffective|p1b: Corviknight\n|-damage|p1b: Corviknight|74\/100\n|move|p2a: Dragonite|Outrage|p1b: Corviknight|[from]lockedmove\n|-resisted|p1b: Corviknight\n|-damage|p1b: Corviknight|53\/100\n|-start|p2a: Dragonite|confusion|[fatigue]\n|\n|-sideend|p1: u got dirged|move: Tailwind\n|upkeep\n|turn|15\n|\n|t:|1682879882\n|move|p2b: Gyarados|Earthquake|p1b: Corviknight|[spread] \n|-immune|p2a: Dragonite\n|-immune|p1b: Corviknight\n|-activate|p2a: Dragonite|confusion\n|-damage|p2a: Dragonite|28\/100|[from] confusion\n|move|p1b: Corviknight|Brave Bird|p2a: Dragonite\n|-damage|p2a: Dragonite|0 fnt\n|faint|p2a: Dragonite\n|-damage|p1b: Corviknight|45\/100|[from] Recoil\n|\n|upkeep\n|turn|16\n|-message|clodsirefanclub forfeited.\n|\n|win|u got dirged\n|raw|u got dirged's rating: 1202 → 1225<\/strong> (+23 for winning)\n|raw|clodsirefanclub's rating: 1174 → 1151<\/strong> (-23 for losing)\n|l|\u2606clodsirefanclub\n","uploadtime":1682879903,"views":4,"p1id":"ugotdirged","p2id":"clodsirefanclub","formatid":"gen9vgc2023regulationc","rating":1151,"private":0,"password":""}