{"id":"gen9vgc2023regulationc-1854403532","p1":"kiwigal","p2":"CNG626","format":"[Gen 9] VGC 2023 Regulation C","log":"|j|\u2606kiwigal\n|j|\u2606CNG626\n|t:|1682806542\n|gametype|doubles\n|player|p1|kiwigal|emma|1453\n|player|p2|CNG626|swimmer-gen4dp|1485\n|teamsize|p1|6\n|teamsize|p2|6\n|gen|9\n|tier|[Gen 9] VGC 2023 Regulation C\n|rated|\n|rule|Species Clause: Limit one of each Pok\u00e9mon\n|rule|Item Clause: Limit one of each item\n|clearpoke\n|poke|p1|Dragonite, L50, F|\n|poke|p1|Ting-Lu, L50|\n|poke|p1|Flutter Mane, L50|\n|poke|p1|Arcanine, L50, F|\n|poke|p1|Wo-Chien, L50|\n|poke|p1|Glimmora, L50, M|\n|poke|p2|Abomasnow, L50, F|\n|poke|p2|Iron Bundle, L50|\n|poke|p2|Cetitan, L50, M|\n|poke|p2|Chi-Yu, L50|\n|poke|p2|Dachsbun, L50, F|\n|poke|p2|Ting-Lu, L50|\n|teampreview|4\nkiwigal has agreed to open team sheets.\n|c|\u2606kiwigal|gl hf\n|\n|t:|1682806591\n|start\n|switch|p1a: Ting-Lu|Ting-Lu, L50|100\/100\n|switch|p1b: Glimmora|Glimmora, L50, M|100\/100\n|switch|p2a: Abomasnow|Abomasnow, L50, F|100\/100\n|switch|p2b: Cetitan|Cetitan, L50, M, shiny|100\/100\n|-weather|Snow|[from] ability: Snow Warning|[of] p2a: Abomasnow\n|-ability|p1a: Ting-Lu|Vessel of Ruin\n|turn|1\n|j| kiyonamivgc\n|\n|t:|1682806628\n|move|p1a: Ting-Lu|Protect|p1a: Ting-Lu\n|-singleturn|p1a: Ting-Lu|Protect\n|move|p2b: Cetitan|Stomping Tantrum|p1b: Glimmora\n|-supereffective|p1b: Glimmora\n|-enditem|p1b: Glimmora|Focus Sash\n|-damage|p1b: Glimmora|1\/100\n|-activate|p1b: Glimmora|ability: Toxic Debris\n|-sidestart|p2: CNG626|move: Toxic Spikes\n|move|p1b: Glimmora|Toxic|p2b: Cetitan\n|-status|p2b: Cetitan|tox\n|move|p2a: Abomasnow|Blizzard|p1a: Ting-Lu|[spread] p1b\n|-activate|p1a: Ting-Lu|move: Protect\n|-damage|p1b: Glimmora|0 fnt\n|faint|p1b: Glimmora\n|\n|-weather|Snow|[upkeep]\n|-damage|p2b: Cetitan|94\/100 tox|[from] psn\n|upkeep\n|\n|t:|1682806641\n|switch|p1b: Arcanine|Arcanine, L50, F|100\/100\n|-ability|p1b: Arcanine|Intimidate|boost\n|-unboost|p2a: Abomasnow|atk|1\n|-unboost|p2b: Cetitan|atk|1\n|turn|2\n|\n|t:|1682806658\n|-terastallize|p1a: Ting-Lu|Fire\n|move|p1b: Arcanine|Protect|p1b: Arcanine\n|-singleturn|p1b: Arcanine|Protect\n|move|p2a: Abomasnow|Protect|p2a: Abomasnow\n|-singleturn|p2a: Abomasnow|Protect\n|move|p2b: Cetitan|Stomping Tantrum|p1b: Arcanine\n|-activate|p1b: Arcanine|move: Protect\n|move|p1a: Ting-Lu|Heavy Slam|p2b: Cetitan\n|-supereffective|p2b: Cetitan\n|-damage|p2b: Cetitan|77\/100 tox\n|\n|-weather|Snow|[upkeep]\n|-damage|p2b: Cetitan|65\/100 tox|[from] psn\n|upkeep\n|turn|3\n|\n|t:|1682806694\n|move|p2b: Cetitan|Facade|p1b: Arcanine\n|-damage|p1b: Arcanine|72\/100\n|move|p1b: Arcanine|Flare Blitz|p2b: Cetitan\n|-supereffective|p2b: Cetitan\n|-damage|p2b: Cetitan|3\/100 tox\n|-damage|p1b: Arcanine|47\/100|[from] Recoil\n|move|p2a: Abomasnow|Earth Power|p1b: Arcanine\n|-supereffective|p1b: Arcanine\n|-damage|p1b: Arcanine|11\/100\n|-unboost|p1b: Arcanine|spd|1\n|-enditem|p1b: Arcanine|Figy Berry|[eat]\n|-heal|p1b: Arcanine|44\/100|[from] item: Figy Berry\n|move|p1a: Ting-Lu|Heavy Slam|p2a: Abomasnow\n|-supereffective|p2a: Abomasnow\n|-damage|p2a: Abomasnow|31\/100\n|\n|-weather|Snow|[upkeep]\n|-damage|p2b: Cetitan|0 fnt|[from] psn\n|faint|p2b: Cetitan\n|upkeep\n|\n|t:|1682806708\n|switch|p2b: Iron Bundle|Iron Bundle, L50|100\/100\n|-status|p2b: Iron Bundle|psn\n|-enditem|p2b: Iron Bundle|Booster Energy\n|-activate|p2b: Iron Bundle|ability: Quark Drive|[fromitem]\n|-start|p2b: Iron Bundle|quarkdrivespe\n|turn|4\n|\n|t:|1682806739\n|move|p2b: Iron Bundle|Aurora Veil|p2b: Iron Bundle\n|-sidestart|p2: CNG626|move: Aurora Veil\n|move|p1b: Arcanine|Flare Blitz|p2b: Iron Bundle\n|-damage|p2b: Iron Bundle|75\/100 psn\n|-damage|p1b: Arcanine|38\/100|[from] Recoil\n|move|p2a: Abomasnow|Earth Power|p1a: Ting-Lu\n|-supereffective|p1a: Ting-Lu\n|-damage|p1a: Ting-Lu|73\/100\n|move|p1a: Ting-Lu|Throat Chop|p2b: Iron Bundle\n|-damage|p2b: Iron Bundle|55\/100 psn\n|-start|p2b: Iron Bundle|Throat Chop|[silent]\n|\n|-weather|Snow|[upkeep]\n|-damage|p2b: Iron Bundle|43\/100 psn|[from] psn\n|upkeep\n|turn|5\n|\n|t:|1682806780\n|move|p1b: Arcanine|Protect|p1b: Arcanine\n|-singleturn|p1b: Arcanine|Protect\n|move|p1a: Ting-Lu|Protect|p1a: Ting-Lu\n|-singleturn|p1a: Ting-Lu|Protect\n|move|p2b: Iron Bundle|Blizzard|p1b: Arcanine|[spread] \n|-activate|p1a: Ting-Lu|move: Protect\n|-activate|p1b: Arcanine|move: Protect\n|move|p2a: Abomasnow|Earth Power|p1a: Ting-Lu\n|-activate|p1a: Ting-Lu|move: Protect\n|\n|-weather|none\n|-damage|p2b: Iron Bundle|30\/100 psn|[from] psn\n|-end|p2b: Iron Bundle|Throat Chop|[silent]\n|upkeep\n|turn|6\n|\n|t:|1682806801\n|switch|p2a: Ting-Lu|Ting-Lu, L50|100\/100\n|-status|p2a: Ting-Lu|psn\n|-enditem|p2a: Ting-Lu|Lum Berry|[eat]\n|-curestatus|p2a: Ting-Lu|psn|[msg]\n|-ability|p2a: Ting-Lu|Vessel of Ruin\n|move|p2b: Iron Bundle|Protect|p2b: Iron Bundle\n|-singleturn|p2b: Iron Bundle|Protect\n|move|p1b: Arcanine|Extreme Speed|p2b: Iron Bundle\n|-activate|p2b: Iron Bundle|move: Protect\n|move|p1a: Ting-Lu|Heavy Slam|p2a: Ting-Lu\n|-damage|p2a: Ting-Lu|96\/100\n|\n|-damage|p2b: Iron Bundle|18\/100 psn|[from] psn\n|upkeep\n|turn|7\n|\n|t:|1682806826\n|-end|p2b: Iron Bundle|Quark Drive|[silent]\n|switch|p2b: Abomasnow|Abomasnow, L50, F|31\/100\n|-status|p2b: Abomasnow|psn\n|-weather|Snow|[from] ability: Snow Warning|[of] p2b: Abomasnow\n|move|p1b: Arcanine|Protect|p1b: Arcanine\n|-singleturn|p1b: Arcanine|Protect\n|move|p1a: Ting-Lu|Protect|p1a: Ting-Lu\n|-singleturn|p1a: Ting-Lu|Protect\n|move|p2a: Ting-Lu|Ruination|p1a: Ting-Lu\n|-activate|p1a: Ting-Lu|move: Protect\n|\n|-weather|Snow|[upkeep]\n|-damage|p2b: Abomasnow|19\/100 psn|[from] psn\n|upkeep\n|turn|8\n|\n|t:|1682806849\n|move|p2b: Abomasnow|Protect|p2b: Abomasnow\n|-singleturn|p2b: Abomasnow|Protect\n|move|p1b: Arcanine|Will-O-Wisp|p2a: Ting-Lu\n|-status|p2a: Ting-Lu|brn\n|move|p1a: Ting-Lu|Heavy Slam|p2b: Abomasnow\n|-activate|p2b: Abomasnow|move: Protect\n|move|p2a: Ting-Lu|Stomping Tantrum|p1a: Ting-Lu\n|-supereffective|p1a: Ting-Lu\n|-damage|p1a: Ting-Lu|55\/100\n|\n|-weather|Snow|[upkeep]\n|-damage|p2b: Abomasnow|6\/100 psn|[from] psn\n|-damage|p2a: Ting-Lu|90\/100 brn|[from] brn\n|-sideend|p2: CNG626|move: Aurora Veil\n|upkeep\n|turn|9\n|\n|t:|1682806872\n|move|p1b: Arcanine|Protect|p1b: Arcanine\n|-singleturn|p1b: Arcanine|Protect\n|move|p1a: Ting-Lu|Protect|p1a: Ting-Lu\n|-singleturn|p1a: Ting-Lu|Protect\n|move|p2b: Abomasnow|Blizzard|p1b: Arcanine|[spread] \n|-activate|p1a: Ting-Lu|move: Protect\n|-activate|p1b: Arcanine|move: Protect\n|move|p2a: Ting-Lu|Ruination|p1a: Ting-Lu\n|-activate|p1a: Ting-Lu|move: Protect\n|\n|-weather|Snow|[upkeep]\n|-damage|p2b: Abomasnow|0 fnt|[from] psn\n|faint|p2b: Abomasnow\n|-damage|p2a: Ting-Lu|84\/100 brn|[from] brn\n|upkeep\n|\n|t:|1682806887\n|switch|p2b: Iron Bundle|Iron Bundle, L50|18\/100 psn\n|turn|10\n|\n|t:|1682806906\n|move|p1b: Arcanine|Extreme Speed|p2b: Iron Bundle\n|-damage|p2b: Iron Bundle|1\/100 psn\n|move|p2b: Iron Bundle|Blizzard|p1a: Ting-Lu|[spread] p1a,p1b\n|-resisted|p1a: Ting-Lu\n|-resisted|p1b: Arcanine\n|-damage|p1a: Ting-Lu|45\/100\n|-damage|p1b: Arcanine|18\/100\n|move|p1a: Ting-Lu|Throat Chop|p2a: Ting-Lu\n|-resisted|p2a: Ting-Lu\n|-damage|p2a: Ting-Lu|73\/100 brn\n|-start|p2a: Ting-Lu|Throat Chop|[silent]\n|move|p2a: Ting-Lu|Ruination|p1a: Ting-Lu\n|-damage|p1a: Ting-Lu|23\/100\n|\n|-weather|Snow|[upkeep]\n|-damage|p2b: Iron Bundle|0 fnt|[from] psn\n|faint|p2b: Iron Bundle\n|-end|p2b: Iron Bundle|Quark Drive|[silent]\n|-damage|p2a: Ting-Lu|67\/100 brn|[from] brn\n|upkeep\n|turn|11\n|c|\u2606kiwigal|gg\n|inactive|Battle timer is ON: inactive players will automatically lose when time's up. (requested by kiwigal)\n|\n|t:|1682806949\n|move|p1b: Arcanine|Flare Blitz|p2a: Ting-Lu\n|-damage|p2a: Ting-Lu|37\/100 brn\n|-damage|p1b: Arcanine|6\/100|[from] Recoil\n|move|p1a: Ting-Lu|Throat Chop|p2a: Ting-Lu\n|-resisted|p2a: Ting-Lu\n|-damage|p2a: Ting-Lu|25\/100 brn\n|move|p2a: Ting-Lu|Stomping Tantrum|p1b: Arcanine\n|-supereffective|p1b: Arcanine\n|-damage|p1b: Arcanine|0 fnt\n|faint|p1b: Arcanine\n|\n|-weather|none\n|-damage|p2a: Ting-Lu|19\/100 brn|[from] brn\n|-end|p2a: Ting-Lu|Throat Chop|[silent]\n|upkeep\n|\n|t:|1682806962\n|switch|p1b: Flutter Mane|Flutter Mane, L50|100\/100\n|turn|12\n|\n|t:|1682806969\n|-terastallize|p2a: Ting-Lu|Poison\n|move|p1b: Flutter Mane|Moonblast|p2a: Ting-Lu\n|-resisted|p2a: Ting-Lu\n|-damage|p2a: Ting-Lu|0 fnt\n|faint|p2a: Ting-Lu\n|\n|win|kiwigal\n|raw|kiwigal's rating: 1453 → 1475<\/strong> (+22 for winning)\n|raw|CNG626's rating: 1485 → 1463<\/strong> (-22 for losing)\n|l|\u2606CNG626\n|l| kiyonamivgc\n","uploadtime":1682807747,"views":19,"p1id":"kiwigal","p2id":"cng626","formatid":"gen9vgc2023regulationc","rating":1463,"private":0,"password":""}