{"id":"gen9vgc2023regulationc-1847390506","p1":"TMM_Shadow","p2":"Kiryae","format":"[Gen 9] VGC 2023 Regulation C","log":"|j|\u2606TMM_Shadow\n|j|\u2606Kiryae\n|t:|1681949534\n|gametype|doubles\n|player|p1|TMM_Shadow|170|1287\n|player|p2|Kiryae|170|1316\n|teamsize|p1|6\n|teamsize|p2|6\n|gen|9\n|tier|[Gen 9] VGC 2023 Regulation C\n|rated|\n|rule|Species Clause: Limit one of each Pok\u00e9mon\n|rule|Item Clause: Limit one of each item\n|clearpoke\n|poke|p1|Talonflame, L50, F|\n|poke|p1|Garchomp, L50, F|\n|poke|p1|Flutter Mane, L50|\n|poke|p1|Amoonguss, L50, M|\n|poke|p1|Kingambit, L50, F|\n|poke|p1|Iron Bundle, L50|\n|poke|p2|Gholdengo, L50|\n|poke|p2|Arcanine, L50, F|\n|poke|p2|Palafin, L50, M|\n|poke|p2|Roaring Moon, L50|\n|poke|p2|Amoonguss, L50, M|\n|poke|p2|Ting-Lu, L50|\n|teampreview|4\n|inactive|Battle timer is ON: inactive players will automatically lose when time's up. (requested by Kiryae)\n|inactive|Kiryae has 60 seconds left.\n|\n|t:|1681949590\n|start\n|switch|p1a: Kingambit|Kingambit, L50, F|100\/100\n|switch|p1b: Iron Bundle|Iron Bundle, L50|100\/100\n|switch|p2a: Palafin|Palafin, L50, M|100\/100\n|switch|p2b: Gholdengo|Gholdengo, L50|100\/100\n|-enditem|p1b: Iron Bundle|Booster Energy\n|-activate|p1b: Iron Bundle|ability: Quark Drive|[fromitem]\n|-start|p1b: Iron Bundle|quarkdrivespe\n|turn|1\n|inactive|TMM_Shadow has 30 seconds left.\n|\n|t:|1681949622\n|move|p1b: Iron Bundle|Protect|p1b: Iron Bundle\n|-singleturn|p1b: Iron Bundle|Protect\n|move|p2a: Palafin|Protect|p2a: Palafin\n|-singleturn|p2a: Palafin|Protect\n|move|p1a: Kingambit|Sucker Punch|p2b: Gholdengo\n|-supereffective|p2b: Gholdengo\n|-damage|p2b: Gholdengo|33\/100\n|move|p2b: Gholdengo|Thunderbolt|p1b: Iron Bundle\n|-activate|p1b: Iron Bundle|move: Protect\n|\n|-heal|p2b: Gholdengo|39\/100|[from] item: Leftovers\n|upkeep\n|turn|2\n|inactive|Kiryae has 30 seconds left.\n|inactive|TMM_Shadow has 30 seconds left.\n|\n|t:|1681949661\n|-end|p1b: Iron Bundle|Quark Drive|[silent]\n|switch|p1b: Amoonguss|Amoonguss, L50, M|100\/100\n|detailschange|p2a: Palafin|Palafin-Hero, L50, M\n|switch|p2a: Roaring Moon|Roaring Moon, L50|100\/100\n|-enditem|p2a: Roaring Moon|Booster Energy\n|-activate|p2a: Roaring Moon|ability: Protosynthesis|[fromitem]\n|-start|p2a: Roaring Moon|protosynthesisatk\n|move|p2b: Gholdengo|Nasty Plot|p2b: Gholdengo\n|-boost|p2b: Gholdengo|spa|2\n|move|p1a: Kingambit|Assurance|p2a: Roaring Moon\n|-resisted|p2a: Roaring Moon\n|-damage|p2a: Roaring Moon|83\/100\n|\n|-heal|p2b: Gholdengo|45\/100|[from] item: Leftovers\n|upkeep\n|turn|3\n|inactive|Kiryae has 30 seconds left.\n|\n|t:|1681949696\n|switch|p2b: Palafin|Palafin-Hero, L50, M|100\/100\n|-activate|p2b: Palafin|ability: Zero to Hero\n|-terastallize|p2a: Roaring Moon|Flying\n|move|p1a: Kingambit|Sucker Punch||[still]\n|-fail|p1a: Kingambit\n|move|p2a: Roaring Moon|Acrobatics|p1b: Amoonguss\n|-supereffective|p1b: Amoonguss\n|-damage|p1b: Amoonguss|0 fnt\n|faint|p1b: Amoonguss\n|\n|upkeep\n|\n|t:|1681949707\n|switch|p1b: Flutter Mane|Flutter Mane, L50|100\/100\n|turn|4\n|inactive|Kiryae has 30 seconds left.\n|\n|t:|1681949733\n|move|p2a: Roaring Moon|Protect|p2a: Roaring Moon\n|-singleturn|p2a: Roaring Moon|Protect\n|move|p1b: Flutter Mane|Thunderbolt|p2a: Roaring Moon\n|-activate|p2a: Roaring Moon|move: Protect\n|move|p2b: Palafin|Wave Crash|p1b: Flutter Mane\n|-crit|p1b: Flutter Mane\n|-damage|p1b: Flutter Mane|0 fnt\n|faint|p1b: Flutter Mane\n|-end|p1b: Flutter Mane|Protosynthesis|[silent]\n|-damage|p2b: Palafin|75\/100|[from] Recoil\n|move|p1a: Kingambit|Assurance|p2a: Roaring Moon\n|-activate|p2a: Roaring Moon|move: Protect\n|\n|upkeep\n|\n|t:|1681949739\n|switch|p1b: Iron Bundle|Iron Bundle, L50|100\/100\n|turn|5\n|inactive|Kiryae has 30 seconds left.\n|inactive|Kiryae has 20 seconds left.\n|inactive|Kiryae has 15 seconds left.\n|\n|t:|1681949783\n|-end|p2a: Roaring Moon|Protosynthesis|[silent]\n|switch|p2a: Gholdengo|Gholdengo, L50|45\/100\n|-terastallize|p1b: Iron Bundle|Ice\n|move|p1a: Kingambit|Sucker Punch|p2b: Palafin\n|-damage|p2b: Palafin|39\/100\n|move|p1b: Iron Bundle|Freeze-Dry|p2a: Gholdengo\n|-resisted|p2a: Gholdengo\n|-damage|p2a: Gholdengo|20\/100\n|move|p2b: Palafin|Wave Crash|p1a: Kingambit\n|-damage|p1a: Kingambit|24\/100\n|-damage|p2b: Palafin|14\/100|[from] Recoil\n|\n|-heal|p2a: Gholdengo|26\/100|[from] item: Leftovers\n|upkeep\n|turn|6\n|inactive|TMM_Shadow has 30 seconds left.\n|inactive|Kiryae has 30 seconds left.\n|\n|t:|1681949810\n|move|p2a: Gholdengo|Protect|p2a: Gholdengo\n|-singleturn|p2a: Gholdengo|Protect\n|move|p2b: Palafin|Protect|p2b: Palafin\n|-singleturn|p2b: Palafin|Protect\n|move|p1a: Kingambit|Sucker Punch||[still]\n|-fail|p1a: Kingambit\n|move|p1b: Iron Bundle|Icy Wind|p2a: Gholdengo|[spread] \n|-activate|p2a: Gholdengo|move: Protect\n|-activate|p2b: Palafin|move: Protect\n|\n|-heal|p2a: Gholdengo|32\/100|[from] item: Leftovers\n|upkeep\n|turn|7\n|\n|t:|1681949825\n|move|p2b: Palafin|Jet Punch|p1a: Kingambit\n|-damage|p1a: Kingambit|0 fnt\n|faint|p1a: Kingambit\n|move|p1b: Iron Bundle|Hydro Pump|p2a: Gholdengo|[miss]\n|-miss|p1b: Iron Bundle|p2a: Gholdengo\n|move|p2a: Gholdengo|Nasty Plot|p2a: Gholdengo\n|-boost|p2a: Gholdengo|spa|2\n|\n|-heal|p2a: Gholdengo|38\/100|[from] item: Leftovers\n|upkeep\n|turn|8\n|\n|t:|1681949836\n|move|p2a: Gholdengo|Protect|p2a: Gholdengo\n|-singleturn|p2a: Gholdengo|Protect\n|move|p2b: Palafin|Jet Punch|p1b: Iron Bundle\n|-damage|p1b: Iron Bundle|47\/100\n|move|p1b: Iron Bundle|Hydro Pump|p2a: Gholdengo\n|-activate|p2a: Gholdengo|move: Protect\n|\n|-heal|p2a: Gholdengo|44\/100|[from] item: Leftovers\n|upkeep\n|turn|9\n|\n|t:|1681949846\n|move|p2b: Palafin|Jet Punch|p1b: Iron Bundle\n|-damage|p1b: Iron Bundle|0 fnt\n|faint|p1b: Iron Bundle\n|-end|p1b: Iron Bundle|Quark Drive|[silent]\n|\n|win|Kiryae\n|raw|TMM_Shadow's rating: 1287 → 1264<\/strong> (-23 for losing)\n|raw|Kiryae's rating: 1316 → 1334<\/strong> (+18 for winning)\n|l|\u2606TMM_Shadow\n","uploadtime":1681949872,"views":6,"p1id":"tmmshadow","p2id":"kiryae","formatid":"gen9vgc2023regulationc","rating":1264,"private":0,"password":""}