{"id":"gen9vgc2023regulationc-1854094430","p1":"Jscoot12","p2":"doedel1104","format":"[Gen 9] VGC 2023 Regulation C","log":"|j|\u2606Jscoot12\n|j|\u2606doedel1104\n|t:|1682768221\n|gametype|doubles\n|player|p1|Jscoot12|265|1240\n|player|p2|doedel1104|102|1199\n|teamsize|p1|6\n|teamsize|p2|6\n|gen|9\n|tier|[Gen 9] VGC 2023 Regulation C\n|rated|\n|rule|Species Clause: Limit one of each Pok\u00e9mon\n|rule|Item Clause: Limit one of each item\n|clearpoke\n|poke|p1|Orthworm, L50, F|\n|poke|p1|Dragonite, L50, F|\n|poke|p1|Flutter Mane, L50|\n|poke|p1|Chi-Yu, L50|\n|poke|p1|Gastrodon-East, L50, F|\n|poke|p1|Baxcalibur, L50, F|\n|poke|p2|Indeedee-F, L50, F|\n|poke|p2|Armarouge, L50, F|\n|poke|p2|Torkoal, L50, M|\n|poke|p2|Hatterene, L50, F|\n|poke|p2|Kingambit, L50, M|\n|poke|p2|Annihilape, L50, M|\n|teampreview|4\n|inactive|Battle timer is ON: inactive players will automatically lose when time's up. (requested by doedel1104)\ndoedel1104 rejected open team sheets.\n|c|\u2606doedel1104|Gl hf\n|\n|t:|1682768239\n|start\n|switch|p1a: Chi-Yu|Chi-Yu, L50|100\/100\n|switch|p1b: Orthworm|Orthworm, L50, F|100\/100\n|switch|p2a: Indeedee|Indeedee-F, L50, F|100\/100\n|switch|p2b: Annihilape|Annihilape, L50, M|100\/100\n|-ability|p1a: Chi-Yu|Beads of Ruin\n|-fieldstart|move: Psychic Terrain|[from] ability: Psychic Surge|[of] p2a: Indeedee\n|-enditem|p2a: Indeedee|Psychic Seed\n|-boost|p2a: Indeedee|spd|1|[from] item: Psychic Seed\n|turn|1\n|\n|t:|1682768259\n|-terastallize|p1a: Chi-Yu|Grass\n|move|p2b: Annihilape|U-turn|p1a: Chi-Yu\n|-supereffective|p1a: Chi-Yu\n|-damage|p1a: Chi-Yu|51\/100\n|\n|t:|1682768264\n|switch|p2b: Armarouge|Armarouge, L50, F|100\/100|[from] U-turn\n|move|p1a: Chi-Yu|Dark Pulse|p2a: Indeedee\n|-supereffective|p2a: Indeedee\n|-damage|p2a: Indeedee|0 fnt\n|faint|p2a: Indeedee\n|move|p1b: Orthworm|Body Press|p2b: Armarouge\n|-resisted|p2b: Armarouge\n|-damage|p2b: Armarouge|89\/100\n|\n|upkeep\n|\n|t:|1682768276\n|switch|p2a: Annihilape|Annihilape, L50, M|100\/100\n|turn|2\n|\n|t:|1682768289\n|-terastallize|p2b: Armarouge|Dark\n|move|p2a: Annihilape|U-turn|p1a: Chi-Yu\n|-supereffective|p1a: Chi-Yu\n|-crit|p1a: Chi-Yu\n|-damage|p1a: Chi-Yu|0 fnt\n|faint|p1a: Chi-Yu\n|\n|t:|1682768297\n|switch|p2a: Torkoal|Torkoal, L50, M|100\/100|[from] U-turn\n|-weather|SunnyDay|[from] ability: Drought|[of] p2a: Torkoal\n|move|p1b: Orthworm|Shed Tail|p1b: Orthworm\n|-start|p1b: Orthworm|Substitute|[from] move: Shed Tail\n|-damage|p1b: Orthworm|50\/100\n|\n|t:|1682768305\n|switch|p1b: Flutter Mane|Flutter Mane, L50|100\/100|[from] Shed Tail\n|-activate|p1b: Flutter Mane|ability: Protosynthesis\n|-start|p1b: Flutter Mane|protosynthesisspe\n|move|p2b: Armarouge|Trick Room|p2b: Armarouge\n|-fieldstart|move: Trick Room|[of] p2b: Armarouge\n|\n|-weather|SunnyDay|[upkeep]\n|upkeep\n|\n|t:|1682768314\n|switch|p1a: Baxcalibur|Baxcalibur, L50, F|100\/100\n|turn|3\n|\n|t:|1682768326\n|move|p1a: Baxcalibur|Protect|p1a: Baxcalibur\n|-singleturn|p1a: Baxcalibur|Protect\n|move|p2a: Torkoal|Eruption|p1b: Flutter Mane|[spread] p1b\n|-activate|p1a: Baxcalibur|move: Protect\n|-end|p1b: Flutter Mane|Substitute\n|move|p2b: Armarouge|Expanding Force|p1b: Flutter Mane|[spread] p1b\n|-activate|p1a: Baxcalibur|move: Protect\n|-damage|p1b: Flutter Mane|33\/100\n|move|p1b: Flutter Mane|Dazzling Gleam|p2a: Torkoal|[spread] p2a,p2b\n|-resisted|p2a: Torkoal\n|-supereffective|p2b: Armarouge\n|-damage|p2a: Torkoal|83\/100\n|-damage|p2b: Armarouge|31\/100\n|\n|-weather|SunnyDay|[upkeep]\n|upkeep\n|turn|4\n|\n|t:|1682768346\n|move|p1b: Flutter Mane|Protect|p1b: Flutter Mane\n|-singleturn|p1b: Flutter Mane|Protect\n|move|p2a: Torkoal|Eruption|p1a: Baxcalibur|[spread] p1a\n|-activate|p1b: Flutter Mane|move: Protect\n|-damage|p1a: Baxcalibur|36\/100\n|-ability|p1a: Baxcalibur|Thermal Exchange|boost\n|-boost|p1a: Baxcalibur|atk|1\n|move|p2b: Armarouge|Expanding Force|p1b: Flutter Mane|[spread] p1a\n|-activate|p1b: Flutter Mane|move: Protect\n|-damage|p1a: Baxcalibur|0 fnt\n|faint|p1a: Baxcalibur\n|\n|-weather|SunnyDay|[upkeep]\n|upkeep\n|\n|t:|1682768361\n|switch|p1a: Orthworm|Orthworm, L50, F|50\/100\n|turn|5\n|\n|t:|1682768369\n|move|p2a: Torkoal|Eruption|p1a: Orthworm|[spread] p1a,p1b\n|-supereffective|p1a: Orthworm\n|-damage|p1a: Orthworm|0 fnt\n|-damage|p1b: Flutter Mane|0 fnt\n|faint|p1a: Orthworm\n|faint|p1b: Flutter Mane\n|-end|p1b: Flutter Mane|Protosynthesis|[silent]\n|\n|win|doedel1104\n|raw|Jscoot12's rating: 1240 → 1212<\/strong> (-28 for losing)\n|raw|doedel1104's rating: 1199 → 1227<\/strong> (+28 for winning)\n|c|\u2606doedel1104|Gg\n","uploadtime":1682768382,"views":25,"p1id":"jscoot12","p2id":"doedel1104","formatid":"gen9vgc2023regulationc","rating":1212,"private":0,"password":""}