{"id":"gen9vgc2023regulationc-1850492220","p1":"t4vr","p2":"GreenMachine798","format":"[Gen 9] VGC 2023 Regulation C","log":"|j|\u2606t4vr\n|j|\u2606GreenMachine798\n|t:|1682342643\n|gametype|doubles\n|player|p1|t4vr|steven|1132\n|player|p2|GreenMachine798|steven|1060\n|teamsize|p1|6\n|teamsize|p2|6\n|gen|9\n|tier|[Gen 9] VGC 2023 Regulation C\n|rated|\n|rule|Species Clause: Limit one of each Pok\u00e9mon\n|rule|Item Clause: Limit one of each item\n|clearpoke\n|poke|p1|Annihilape, L50, M|\n|poke|p1|Chien-Pao, L50|\n|poke|p1|Flutter Mane, L50|\n|poke|p1|Chi-Yu, L50|\n|poke|p1|Amoonguss, L50, M|\n|poke|p1|Corviknight, L50, F|\n|poke|p2|Ting-Lu, L50|\n|poke|p2|Sylveon, L50, F|\n|poke|p2|Tyranitar, L50, F|\n|poke|p2|Farigiraf, L50, M|\n|poke|p2|Amoonguss, L50, F|\n|poke|p2|Iron Hands, L50|\n|teampreview|4\n|\n|t:|1682342684\n|start\n|switch|p1a: Annihilape|Annihilape, L50, M|100\/100\n|switch|p1b: Corviknight|Corviknight, L50, F|100\/100\n|switch|p2a: Farigiraf|Farigiraf, L50, M|100\/100\n|switch|p2b: Iron Hands|Iron Hands, L50|100\/100\n|-enditem|p2b: Iron Hands|Booster Energy\n|-activate|p2b: Iron Hands|ability: Quark Drive|[fromitem]\n|-start|p2b: Iron Hands|quarkdriveatk\n|turn|1\n|inactive|Battle timer is ON: inactive players will automatically lose when time's up. (requested by t4vr)\n|\n|t:|1682342699\n|move|p1a: Annihilape|Bulk Up|p1a: Annihilape\n|-boost|p1a: Annihilape|atk|1\n|-boost|p1a: Annihilape|def|1\n|move|p1b: Corviknight|Tailwind|p1b: Corviknight\n|-sidestart|p1: t4vr|move: Tailwind\n|move|p2b: Iron Hands|Thunder Punch|p1b: Corviknight\n|-supereffective|p1b: Corviknight\n|-crit|p1b: Corviknight\n|-damage|p1b: Corviknight|0 fnt\n|faint|p1b: Corviknight\n|move|p2a: Farigiraf|Trick Room|p2a: Farigiraf\n|-fieldstart|move: Trick Room|[of] p2a: Farigiraf\n|\n|upkeep\n|\n|t:|1682342709\n|switch|p1b: Amoonguss|Amoonguss, L50, M|100\/100\n|turn|2\n|\n|t:|1682342731\n|move|p2b: Iron Hands|Thunder Punch|p1a: Annihilape\n|-damage|p1a: Annihilape|63\/100\n|move|p2a: Farigiraf|Psychic|p1a: Annihilape\n|-supereffective|p1a: Annihilape\n|-damage|p1a: Annihilape|7\/100\n|move|p1b: Amoonguss|Spore|p2a: Farigiraf\n|-status|p2a: Farigiraf|slp|[from] move: Spore\n|move|p1a: Annihilape|Rage Fist|p2b: Iron Hands\n|-damage|p2b: Iron Hands|37\/100\n|\n|upkeep\n|turn|3\n|inactive|GreenMachine798 has 30 seconds left.\n|\n|t:|1682342757\n|move|p1a: Annihilape|Protect|p1a: Annihilape\n|-singleturn|p1a: Annihilape|Protect\n|move|p2b: Iron Hands|Thunder Punch|p1a: Annihilape\n|-activate|p1a: Annihilape|move: Protect\n|cant|p2a: Farigiraf|slp\n|move|p1b: Amoonguss|Spore|p2b: Iron Hands\n|-status|p2b: Iron Hands|slp|[from] move: Spore\n|\n|upkeep\n|turn|4\n|\n|t:|1682342777\n|-terastallize|p1a: Annihilape|Fire\n|cant|p2b: Iron Hands|slp\n|cant|p2a: Farigiraf|slp\n|move|p1b: Amoonguss|Pollen Puff|p1a: Annihilape\n|-heal|p1a: Annihilape|57\/100\n|move|p1a: Annihilape|Bulk Up|p1a: Annihilape\n|-boost|p1a: Annihilape|atk|1\n|-boost|p1a: Annihilape|def|1\n|\n|-sideend|p1: t4vr|move: Tailwind\n|upkeep\n|turn|5\n|\n|t:|1682342799\n|-curestatus|p2a: Farigiraf|slp|[msg]\n|move|p2a: Farigiraf|Protect|p2a: Farigiraf\n|-singleturn|p2a: Farigiraf|Protect\n|move|p1b: Amoonguss|Spore|p2a: Farigiraf\n|-activate|p2a: Farigiraf|move: Protect\n|-curestatus|p2b: Iron Hands|slp|[msg]\n|move|p2b: Iron Hands|Drain Punch|p1a: Annihilape\n|-damage|p1a: Annihilape|29\/100\n|-heal|p2b: Iron Hands|48\/100|[from] drain|[of] p1a: Annihilape\n|move|p1a: Annihilape|Drain Punch|p2b: Iron Hands\n|-damage|p2b: Iron Hands|5\/100\n|-heal|p1a: Annihilape|56\/100|[from] drain|[of] p2b: Iron Hands\n|\n|-fieldend|move: Trick Room\n|upkeep\n|turn|6\n|inactive|GreenMachine798 has 30 seconds left.\n|inactive|t4vr has 30 seconds left.\n|\n|t:|1682342838\n|move|p1a: Annihilape|Drain Punch|p2a: Farigiraf\n|-damage|p2a: Farigiraf|49\/100\n|-heal|p1a: Annihilape|85\/100|[from] drain|[of] p2a: Farigiraf\n|-damage|p1a: Annihilape|68\/100|[from] item: Rocky Helmet|[of] p2a: Farigiraf\n|move|p2b: Iron Hands|Drain Punch|p1a: Annihilape\n|-damage|p1a: Annihilape|43\/100\n|-heal|p2b: Iron Hands|15\/100|[from] drain|[of] p1a: Annihilape\n|move|p1b: Amoonguss|Spore|p2b: Iron Hands\n|-status|p2b: Iron Hands|slp|[from] move: Spore\n|move|p2a: Farigiraf|Trick Room|p2a: Farigiraf\n|-fieldstart|move: Trick Room|[of] p2a: Farigiraf\n|\n|upkeep\n|turn|7\n|\n|t:|1682342860\n|move|p1b: Amoonguss|Spore|p2a: Farigiraf\n|-status|p2a: Farigiraf|slp|[from] move: Spore\n|cant|p2b: Iron Hands|slp\n|cant|p2a: Farigiraf|slp\n|move|p1a: Annihilape|Drain Punch|p2a: Farigiraf\n|-damage|p2a: Farigiraf|0 fnt\n|-heal|p1a: Annihilape|70\/100|[from] drain|[of] p2a: Farigiraf\n|-damage|p1a: Annihilape|53\/100|[from] item: Rocky Helmet|[of] p2a: Farigiraf\n|faint|p2a: Farigiraf\n|\n|upkeep\n|\n|t:|1682342873\n|switch|p2a: Sylveon|Sylveon, L50, F|100\/100\n|turn|8\n|\n|t:|1682342881\n|move|p1b: Amoonguss|Spore|p2a: Sylveon\n|-status|p2a: Sylveon|slp|[from] move: Spore\n|cant|p2b: Iron Hands|slp\n|cant|p2a: Sylveon|slp\n|move|p1a: Annihilape|Rage Fist|p2a: Sylveon\n|-damage|p2a: Sylveon|0 fnt\n|faint|p2a: Sylveon\n|\n|upkeep\n|\n|t:|1682342884\n|switch|p2a: Ting-Lu|Ting-Lu, L50|100\/100\n|-ability|p2a: Ting-Lu|Vessel of Ruin\n|turn|9\n|\n|t:|1682342896\n|-terastallize|p2a: Ting-Lu|Grass\n|move|p1b: Amoonguss|Pollen Puff|p1a: Annihilape\n|-heal|p1a: Annihilape|100\/100\n|move|p2a: Ting-Lu|Stomping Tantrum|p1a: Annihilape\n|-supereffective|p1a: Annihilape\n|-damage|p1a: Annihilape|63\/100\n|-curestatus|p2b: Iron Hands|slp|[msg]\n|move|p2b: Iron Hands|Drain Punch|p1a: Annihilape\n|-damage|p1a: Annihilape|34\/100\n|-heal|p2b: Iron Hands|27\/100|[from] drain|[of] p1a: Annihilape\n|move|p1a: Annihilape|Drain Punch|p2a: Ting-Lu\n|-damage|p2a: Ting-Lu|63\/100\n|-heal|p1a: Annihilape|58\/100|[from] drain|[of] p2a: Ting-Lu\n|\n|upkeep\n|turn|10\n|\n|t:|1682342916\n|move|p2b: Iron Hands|Detect|p2b: Iron Hands\n|-singleturn|p2b: Iron Hands|Protect\n|move|p1b: Amoonguss|Spore|p2b: Iron Hands\n|-activate|p2b: Iron Hands|move: Protect\n|move|p2a: Ting-Lu|Stomping Tantrum|p1a: Annihilape\n|-supereffective|p1a: Annihilape\n|-damage|p1a: Annihilape|24\/100\n|move|p1a: Annihilape|Rage Fist|p2a: Ting-Lu\n|-damage|p2a: Ting-Lu|0 fnt\n|faint|p2a: Ting-Lu\n|\n|-fieldend|move: Trick Room\n|upkeep\n|turn|11\n|-message|GreenMachine798 forfeited.\n|\n|win|t4vr\n|raw|t4vr's rating: 1132 → 1152<\/strong> (+20 for winning)\n|raw|GreenMachine798's rating: 1060 → 1045<\/strong> (-15 for losing)\n|l|\u2606GreenMachine798\n","uploadtime":1682342930,"views":24,"p1id":"t4vr","p2id":"greenmachine798","formatid":"gen9vgc2023regulationc","rating":1045,"private":0,"password":""}