{"id":"gen9vgc2023regulationc-1849534931","p1":"schmokeapancake","p2":"ChiangWu","format":"[Gen 9] VGC 2023 Regulation C","log":"|j|\u2606schmokeapancake\n|j|\u2606ChiangWu\n|t:|1682210127\n|gametype|doubles\n|player|p1|schmokeapancake|red-gen2|1441\n|player|p2|ChiangWu|lucas|1402\n|teamsize|p1|6\n|teamsize|p2|6\n|gen|9\n|tier|[Gen 9] VGC 2023 Regulation C\n|rated|\n|rule|Species Clause: Limit one of each Pok\u00e9mon\n|rule|Item Clause: Limit one of each item\n|clearpoke\n|poke|p1|Chi-Yu, L50|\n|poke|p1|Flutter Mane, L50|\n|poke|p1|Torkoal, L50, M|\n|poke|p1|Amoonguss, L50, F|\n|poke|p1|Iron Bundle, L50|\n|poke|p1|Iron Hands, L50|\n|poke|p2|Garchomp, L50, M|\n|poke|p2|Talonflame, L50, M|\n|poke|p2|Amoonguss, L50, M|\n|poke|p2|Kingambit, L50, M|\n|poke|p2|Chien-Pao, L50|\n|poke|p2|Rotom-Wash, L50|\n|teampreview|4\n|inactive|Battle timer is ON: inactive players will automatically lose when time's up. (requested by schmokeapancake)\nChiangWu rejected open team sheets.\n|inactive|schmokeapancake has 60 seconds left.\n|\n|t:|1682210174\n|start\n|switch|p1a: Iron Hands|Iron Hands, L50|100\/100\n|switch|p1b: Torkoal|Torkoal, L50, M|100\/100\n|switch|p2a: Garchomp|Garchomp, L50, M, shiny|100\/100\n|switch|p2b: Talonflame|Talonflame, L50, M, shiny|100\/100\n|-weather|SunnyDay|[from] ability: Drought|[of] p1b: Torkoal\n|turn|1\n|inactive|ChiangWu has 30 seconds left.\n|\n|t:|1682210200\n|-terastallize|p2a: Garchomp|Fire\n|move|p1a: Iron Hands|Fake Out|p2a: Garchomp\n|-damage|p2a: Garchomp|84\/100\n|-damage|p1a: Iron Hands|88\/100|[from] ability: Rough Skin|[of] p2a: Garchomp\n|move|p2b: Talonflame|Brave Bird|p1a: Iron Hands\n|-damage|p1a: Iron Hands|56\/100\n|-damage|p2b: Talonflame|84\/100|[from] Recoil\n|cant|p2a: Garchomp|flinch\n|move|p1b: Torkoal|Yawn|p2b: Talonflame\n|-start|p2b: Talonflame|move: Yawn|[of] p1b: Torkoal\n|\n|-weather|SunnyDay|[upkeep]\n|upkeep\n|turn|2\n|inactive|schmokeapancake has 30 seconds left.\n|inactive|schmokeapancake has 20 seconds left.\n|\n|t:|1682210238\n|-terastallize|p1b: Torkoal|Grass\n|move|p2b: Talonflame|Tailwind|p2b: Talonflame\n|-sidestart|p2: ChiangWu|move: Tailwind\n|move|p2a: Garchomp|Earthquake|p1b: Torkoal|[spread] p1a,p1b\n|-immune|p2b: Talonflame\n|-supereffective|p1a: Iron Hands\n|-resisted|p1b: Torkoal\n|-damage|p1a: Iron Hands|4\/100\n|-damage|p1b: Torkoal|87\/100\n|move|p1a: Iron Hands|Volt Switch|p2b: Talonflame\n|-supereffective|p2b: Talonflame\n|-damage|p2b: Talonflame|45\/100\n|\n|t:|1682210254\n|-end|p1a: Iron Hands|Quark Drive|[silent]\n|switch|p1a: Chi-Yu|Chi-Yu, L50|100\/100|[from] Volt Switch\n|-ability|p1a: Chi-Yu|Beads of Ruin\n|move|p1b: Torkoal|Yawn||[still]\n|-fail|p1b: Torkoal\n|\n|-weather|SunnyDay|[upkeep]\n|-end|p2b: Talonflame|move: Yawn|[silent]\n|-status|p2b: Talonflame|slp\n|upkeep\n|turn|3\n|\n|t:|1682210273\n|cant|p2b: Talonflame|slp\n|move|p2a: Garchomp|Earthquake|p1a: Chi-Yu|[spread] p1a,p1b\n|-immune|p2b: Talonflame\n|-supereffective|p1a: Chi-Yu\n|-resisted|p1b: Torkoal\n|-enditem|p1a: Chi-Yu|Focus Sash\n|-damage|p1a: Chi-Yu|1\/100\n|-damage|p1b: Torkoal|71\/100\n|move|p1a: Chi-Yu|Dark Pulse|p2a: Garchomp\n|-damage|p2a: Garchomp|20\/100\n|move|p1b: Torkoal|Yawn|p2a: Garchomp\n|-start|p2a: Garchomp|move: Yawn|[of] p1b: Torkoal\n|\n|-weather|SunnyDay|[upkeep]\n|upkeep\n|turn|4\n|\n|t:|1682210294\n|move|p1a: Chi-Yu|Protect|p1a: Chi-Yu\n|-singleturn|p1a: Chi-Yu|Protect\n|cant|p2b: Talonflame|slp\n|move|p2a: Garchomp|Earthquake|p1b: Torkoal|[spread] p1b\n|-activate|p1a: Chi-Yu|move: Protect\n|-immune|p2b: Talonflame\n|-resisted|p1b: Torkoal\n|-damage|p1b: Torkoal|58\/100\n|move|p1b: Torkoal|Flamethrower|p2b: Talonflame\n|-resisted|p2b: Talonflame\n|-damage|p2b: Talonflame|4\/100 slp\n|\n|-weather|SunnyDay|[upkeep]\n|-end|p2a: Garchomp|move: Yawn|[silent]\n|-status|p2a: Garchomp|slp\n|upkeep\n|turn|5\n|\n|t:|1682210312\n|cant|p2b: Talonflame|slp\n|cant|p2a: Garchomp|slp\n|move|p1a: Chi-Yu|Heat Wave|p2a: Garchomp|[spread] p2a,p2b\n|-resisted|p2a: Garchomp\n|-resisted|p2b: Talonflame\n|-damage|p2a: Garchomp|0 fnt\n|-damage|p2b: Talonflame|0 fnt\n|faint|p2a: Garchomp\n|faint|p2b: Talonflame\n|move|p1b: Torkoal|Flamethrower|p2: Garchomp|[notarget]\n|-fail|p1b: Torkoal\n|\n|-weather|none\n|-sideend|p2: ChiangWu|move: Tailwind\n|upkeep\n|\n|t:|1682210324\n|switch|p2b: Chien-Pao|Chien-Pao, L50|100\/100\n|switch|p2a: Kingambit|Kingambit, L50, M|100\/100\n|-ability|p2b: Chien-Pao|Sword of Ruin\n|turn|6\n|inactive|schmokeapancake has 30 seconds left.\n|\n|t:|1682210356\n|move|p1a: Chi-Yu|Protect|p1a: Chi-Yu\n|-singleturn|p1a: Chi-Yu|Protect\n|move|p2a: Kingambit|Sucker Punch||[still]\n|-fail|p2a: Kingambit\n|move|p2b: Chien-Pao|Ice Spinner|p1b: Torkoal\n|-supereffective|p1b: Torkoal\n|-damage|p1b: Torkoal|0 fnt\n|faint|p1b: Torkoal\n|\n|upkeep\n|\n|t:|1682210367\n|switch|p1b: Iron Hands|Iron Hands, L50|4\/100\n|turn|7\n|\n|t:|1682210376\n|move|p1b: Iron Hands|Fake Out|p2a: Kingambit\n|-resisted|p2a: Kingambit\n|-damage|p2a: Kingambit|94\/100\n|move|p2b: Chien-Pao|Sucker Punch|p1a: Chi-Yu\n|-resisted|p1a: Chi-Yu\n|-damage|p1a: Chi-Yu|0 fnt\n|faint|p1a: Chi-Yu\n|cant|p2a: Kingambit|flinch\n|\n|upkeep\n|\n|t:|1682210383\n|switch|p1a: Flutter Mane|Flutter Mane, L50|100\/100\n|turn|8\n|\n|t:|1682210394\n|move|p2b: Chien-Pao|Sucker Punch|p1b: Iron Hands\n|-resisted|p1b: Iron Hands\n|-damage|p1b: Iron Hands|0 fnt\n|faint|p1b: Iron Hands\n|-end|p1b: Iron Hands|Quark Drive|[silent]\n|move|p1a: Flutter Mane|Dazzling Gleam|p2a: Kingambit|[spread] p2a,p2b\n|-supereffective|p2b: Chien-Pao\n|-damage|p2a: Kingambit|58\/100\n|-enditem|p2b: Chien-Pao|Focus Sash\n|-damage|p2b: Chien-Pao|1\/100\n|move|p2a: Kingambit|Iron Head|p1a: Flutter Mane\n|-supereffective|p1a: Flutter Mane\n|-damage|p1a: Flutter Mane|0 fnt\n|faint|p1a: Flutter Mane\n|-end|p1a: Flutter Mane|Protosynthesis|[silent]\n|\n|win|ChiangWu\n|raw|schmokeapancake's rating: 1441 → 1419<\/strong> (-22 for losing)\n|raw|ChiangWu's rating: 1402 → 1424<\/strong> (+22 for winning)\n|l|\u2606schmokeapancake\n","uploadtime":1682210409,"views":2,"p1id":"schmokeapancake","p2id":"chiangwu","formatid":"gen9vgc2023regulationc","rating":1419,"private":0,"password":""}