{"id":"gen9vgc2023regulationc-1859227800","p1":"IK0957","p2":"zenaga","format":"[Gen 9] VGC 2023 Regulation C","log":"|j|\u2606IK0957\n|j|\u2606zenaga\n|t:|1683420813\n|gametype|doubles\n|player|p1|IK0957|psychic-gen4|1082\n|player|p2|zenaga|266|1000\n|teamsize|p1|6\n|teamsize|p2|6\n|gen|9\n|tier|[Gen 9] VGC 2023 Regulation C\n|rated|\n|rule|Species Clause: Limit one of each Pok\u00e9mon\n|rule|Item Clause: Limit one of each item\n|clearpoke\n|poke|p1|Vivillon, L50, F|\n|poke|p1|Espathra, L50, F|\n|poke|p1|Dragapult, L50, M|\n|poke|p1|Abomasnow, L50, F|\n|poke|p1|Glaceon, L50, F|\n|poke|p1|Indeedee-F, L50, F|\n|poke|p2|Scream Tail, L50|\n|poke|p2|Ceruledge, L50, F|\n|poke|p2|Ting-Lu, L50|\n|poke|p2|Iron Hands, L50|\n|poke|p2|Corviknight, L50, M|\n|poke|p2|Flutter Mane, L50|\n|teampreview|4\n|inactive|Battle timer is ON: inactive players will automatically lose when time's up. (requested by IK0957)\n|inactive|IK0957 has 60 seconds left.\n|\n|t:|1683420851\n|start\n|switch|p1a: Vivillon|Vivillon, L50, F|100\/100\n|switch|p1b: Abomasnow|Abomasnow, L50, F|100\/100\n|switch|p2a: Scream Tail|Scream Tail, L50|100\/100\n|switch|p2b: Flutter Mane|Flutter Mane, L50|100\/100\n|-weather|Snow|[from] ability: Snow Warning|[of] p1b: Abomasnow\n|-enditem|p2a: Scream Tail|Booster Energy\n|-activate|p2a: Scream Tail|ability: Protosynthesis|[fromitem]\n|-start|p2a: Scream Tail|protosynthesisspe\n|turn|1\n|\n|t:|1683420875\n|move|p2a: Scream Tail|Misty Terrain|p2a: Scream Tail\n|-fieldstart|move: Misty Terrain\n|move|p2b: Flutter Mane|Moonblast|p1b: Abomasnow\n|-damage|p1b: Abomasnow|45\/100\n|move|p1a: Vivillon|Sleep Powder|p2b: Flutter Mane\n|-activate|p2b: Flutter Mane|move: Misty Terrain\n|move|p1b: Abomasnow|Aurora Veil|p1b: Abomasnow\n|-sidestart|p1: IK0957|move: Aurora Veil\n|\n|-weather|Snow|[upkeep]\n|upkeep\n|turn|2\n|\n|t:|1683420896\n|-end|p2a: Scream Tail|Protosynthesis|[silent]\n|switch|p2a: Iron Hands|Iron Hands, L50|100\/100\n|move|p2b: Flutter Mane|Moonblast|p1b: Abomasnow\n|-damage|p1b: Abomasnow|7\/100\n|move|p1a: Vivillon|Pollen Puff|p1b: Abomasnow\n|-heal|p1b: Abomasnow|56\/100\n|move|p1b: Abomasnow|Leech Seed|p2b: Flutter Mane\n|-start|p2b: Flutter Mane|move: Leech Seed\n|\n|-weather|Snow|[upkeep]\n|-damage|p2b: Flutter Mane|88\/100|[from] Leech Seed|[of] p1b: Abomasnow\n|-heal|p1b: Abomasnow|64\/100|[silent]\n|upkeep\n|turn|3\n|inactive|IK0957 has 30 seconds left.\n|\n|t:|1683420923\n|move|p2b: Flutter Mane|Moonblast|p1b: Abomasnow\n|-damage|p1b: Abomasnow|28\/100\n|move|p1a: Vivillon|Pollen Puff|p1b: Abomasnow\n|-heal|p1b: Abomasnow|78\/100\n|move|p1b: Abomasnow|Leech Seed|p2a: Iron Hands\n|-start|p2a: Iron Hands|move: Leech Seed\n|move|p2a: Iron Hands|Drain Punch|p1b: Abomasnow\n|-supereffective|p1b: Abomasnow\n|-damage|p1b: Abomasnow|31\/100\n|\n|-weather|Snow|[upkeep]\n|-damage|p2b: Flutter Mane|76\/100|[from] Leech Seed|[of] p1b: Abomasnow\n|-heal|p1b: Abomasnow|39\/100|[silent]\n|-damage|p2a: Iron Hands|88\/100|[from] Leech Seed|[of] p1b: Abomasnow\n|-heal|p1b: Abomasnow|55\/100|[silent]\n|upkeep\n|turn|4\n|\n|t:|1683420945\n|-end|p2b: Flutter Mane|Protosynthesis|[silent]\n|switch|p2b: Scream Tail|Scream Tail, L50|100\/100\n|-end|p2a: Iron Hands|Quark Drive|[silent]\n|switch|p2a: Ceruledge|Ceruledge, L50, F|100\/100\n|move|p1a: Vivillon|Tailwind|p1a: Vivillon\n|-sidestart|p1: IK0957|move: Tailwind\n|move|p1b: Abomasnow|Blizzard|p2b: Scream Tail|[spread] p2a,p2b\n|-resisted|p2a: Ceruledge\n|-damage|p2a: Ceruledge|90\/100\n|-damage|p2b: Scream Tail|82\/100\n|\n|-weather|Snow|[upkeep]\n|upkeep\n|turn|5\n|\n|t:|1683420970\n|-terastallize|p1b: Abomasnow|Water\n|move|p1a: Vivillon|Pollen Puff|p1b: Abomasnow\n|-heal|p1b: Abomasnow|100\/100\n|move|p2b: Scream Tail|Howl|p2b: Scream Tail|[spread] p2a,p2b\n|-boost|p2a: Ceruledge|atk|1\n|-boost|p2b: Scream Tail|atk|1\n|move|p1b: Abomasnow|Leech Seed|p2b: Scream Tail\n|-start|p2b: Scream Tail|move: Leech Seed\n|move|p2a: Ceruledge|Bitter Blade|p1b: Abomasnow\n|-resisted|p1b: Abomasnow\n|-damage|p1b: Abomasnow|74\/100\n|-heal|p2a: Ceruledge|100\/100|[from] drain|[of] p1b: Abomasnow\n|\n|-weather|Snow|[upkeep]\n|-damage|p2b: Scream Tail|69\/100|[from] Leech Seed|[of] p1b: Abomasnow\n|-heal|p1b: Abomasnow|87\/100|[silent]\n|-sideend|p1: IK0957|move: Aurora Veil\n|-fieldend|Misty Terrain\n|upkeep\n|turn|6\n|inactive|IK0957 has 30 seconds left.\n|\n|t:|1683420998\n|move|p1a: Vivillon|Sleep Powder|p2a: Ceruledge\n|-status|p2a: Ceruledge|slp|[from] move: Sleep Powder\n|move|p2b: Scream Tail|Thunder Wave|p1b: Abomasnow\n|-status|p1b: Abomasnow|par\n|cant|p2a: Ceruledge|slp\n|cant|p1b: Abomasnow|par\n|\n|-weather|Snow|[upkeep]\n|-damage|p2b: Scream Tail|57\/100|[from] Leech Seed|[of] p1b: Abomasnow\n|-heal|p1b: Abomasnow|100\/100 par|[silent]\n|upkeep\n|turn|7\n|\n|t:|1683421015\n|-end|p2b: Scream Tail|Protosynthesis|[silent]\n|switch|p2b: Iron Hands|Iron Hands, L50|88\/100\n|move|p1a: Vivillon|Sleep Powder|p2b: Iron Hands\n|-status|p2b: Iron Hands|slp|[from] move: Sleep Powder\n|-curestatus|p2a: Ceruledge|slp|[msg]\n|move|p2a: Ceruledge|Bitter Blade|p1a: Vivillon\n|-supereffective|p1a: Vivillon\n|-enditem|p1a: Vivillon|Focus Sash\n|-damage|p1a: Vivillon|1\/100\n|move|p1b: Abomasnow|Aurora Veil|p1b: Abomasnow\n|-sidestart|p1: IK0957|move: Aurora Veil\n|\n|-weather|Snow|[upkeep]\n|-sideend|p1: IK0957|move: Tailwind\n|upkeep\n|turn|8\n|\n|t:|1683421038\n|-end|p2b: Iron Hands|Quark Drive|[silent]\n|switch|p2b: Flutter Mane|Flutter Mane, L50|76\/100\n|move|p2a: Ceruledge|Shadow Sneak|p1a: Vivillon\n|-damage|p1a: Vivillon|0 fnt\n|faint|p1a: Vivillon\n|move|p1b: Abomasnow|Leech Seed|p2b: Flutter Mane\n|-start|p2b: Flutter Mane|move: Leech Seed\n|\n|-weather|none\n|-damage|p2b: Flutter Mane|64\/100|[from] Leech Seed|[of] p1b: Abomasnow\n|upkeep\n|\n|t:|1683421050\n|switch|p1a: Indeedee|Indeedee-F, L50, F|100\/100\n|-fieldstart|move: Psychic Terrain|[from] ability: Psychic Surge|[of] p1a: Indeedee\n|-enditem|p1a: Indeedee|Psychic Seed\n|-boost|p1a: Indeedee|spd|1|[from] item: Psychic Seed\n|turn|9\n|\n|t:|1683421067\n|switch|p1b: Glaceon|Glaceon, L50, F|100\/100\n|move|p1a: Indeedee|Follow Me|p1a: Indeedee\n|-singleturn|p1a: Indeedee|move: Follow Me\n|move|p2b: Flutter Mane|Moonblast|p1a: Indeedee\n|-damage|p1a: Indeedee|70\/100\n|move|p2a: Ceruledge|Bitter Blade|p1a: Indeedee\n|-damage|p1a: Indeedee|26\/100\n|\n|-damage|p2b: Flutter Mane|51\/100|[from] Leech Seed|[of] p1b: Glaceon\n|upkeep\n|turn|10\n|inactive|IK0957 has 30 seconds left.\n|\n|t:|1683421096\n|-end|p2b: Flutter Mane|Protosynthesis|[silent]\n|switch|p2b: Scream Tail|Scream Tail, L50|57\/100\n|move|p1b: Glaceon|Protect|p1b: Glaceon\n|-singleturn|p1b: Glaceon|Protect\n|move|p2a: Ceruledge|Bitter Blade|p1b: Glaceon\n|-activate|p1b: Glaceon|move: Protect\n|move|p1a: Indeedee|Trick Room|p1a: Indeedee\n|-fieldstart|move: Trick Room|[of] p1a: Indeedee\n|\n|upkeep\n|turn|11\n|\n|t:|1683421119\n|switch|p1a: Abomasnow|Abomasnow, L50, F, tera:Water|100\/100 par\n|-weather|Snow|[from] ability: Snow Warning|[of] p1a: Abomasnow\n|-terastallize|p2a: Ceruledge|Grass\n|move|p1b: Glaceon|Blizzard|p2a: Ceruledge|[spread] p2a,p2b\n|-supereffective|p2a: Ceruledge\n|-damage|p2a: Ceruledge|24\/100\n|-damage|p2b: Scream Tail|22\/100\n|move|p2a: Ceruledge|Bitter Blade|p1b: Glaceon\n|-supereffective|p1b: Glaceon\n|-damage|p1b: Glaceon|42\/100\n|-heal|p2a: Ceruledge|58\/100|[from] drain|[of] p1b: Glaceon\n|move|p2b: Scream Tail|Misty Terrain|p2b: Scream Tail\n|-fieldstart|move: Misty Terrain\n|\n|-weather|Snow|[upkeep]\n|-sideend|p1: IK0957|move: Aurora Veil\n|upkeep\n|turn|12\n|inactive|zenaga has 30 seconds left.\n|\n|t:|1683421148\n|move|p1a: Abomasnow|Blizzard|p2a: Ceruledge|[spread] p2a,p2b\n|-supereffective|p2a: Ceruledge\n|-damage|p2a: Ceruledge|12\/100\n|-damage|p2b: Scream Tail|4\/100\n|move|p1b: Glaceon|Blizzard|p2b: Scream Tail|[spread] p2a,p2b\n|-supereffective|p2a: Ceruledge\n|-damage|p2a: Ceruledge|0 fnt\n|-damage|p2b: Scream Tail|0 fnt\n|faint|p2a: Ceruledge\n|faint|p2b: Scream Tail\n|-end|p2b: Scream Tail|Protosynthesis|[silent]\n|\n|-weather|Snow|[upkeep]\n|upkeep\n|\n|t:|1683421151\n|switch|p2a: Iron Hands|Iron Hands, L50|88\/100 slp\n|switch|p2b: Flutter Mane|Flutter Mane, L50|51\/100\n|turn|13\n|\n|t:|1683421170\n|cant|p2a: Iron Hands|slp\n|move|p1a: Abomasnow|Leech Seed|p2a: Iron Hands\n|-start|p2a: Iron Hands|move: Leech Seed\n|move|p1b: Glaceon|Blizzard|p2a: Iron Hands|[spread] p2a,p2b\n|-damage|p2a: Iron Hands|47\/100 slp\n|-damage|p2b: Flutter Mane|0 fnt\n|-enditem|p2a: Iron Hands|Sitrus Berry|[eat]\n|-heal|p2a: Iron Hands|72\/100 slp|[from] item: Sitrus Berry\n|faint|p2b: Flutter Mane\n|-end|p2b: Flutter Mane|Protosynthesis|[silent]\n|\n|-weather|Snow|[upkeep]\n|-damage|p2a: Iron Hands|59\/100 slp|[from] Leech Seed|[of] p1a: Abomasnow\n|upkeep\n|turn|14\n|\n|t:|1683421184\n|cant|p1a: Abomasnow|par\n|cant|p2a: Iron Hands|slp\n|move|p1b: Glaceon|Calm Mind|p1b: Glaceon\n|-boost|p1b: Glaceon|spa|1\n|-boost|p1b: Glaceon|spd|1\n|\n|-weather|Snow|[upkeep]\n|-damage|p2a: Iron Hands|47\/100 slp|[from] Leech Seed|[of] p1a: Abomasnow\n|-fieldend|move: Trick Room\n|upkeep\n|turn|15\n|\n|t:|1683421204\n|move|p1b: Glaceon|Blizzard|p2a: Iron Hands\n|-damage|p2a: Iron Hands|0 fnt\n|faint|p2a: Iron Hands\n|-end|p2a: Iron Hands|Quark Drive|[silent]\n|\n|win|IK0957\n|raw|IK0957's rating: 1082 → 1103<\/strong> (+21 for winning)\n|raw|zenaga's rating: 1000 → 1000<\/strong> (+0 for losing)\n|l|\u2606IK0957\n","uploadtime":1683421212,"views":11,"p1id":"ik0957","p2id":"zenaga","formatid":"gen9vgc2023regulationc","rating":1000,"private":0,"password":""}