{"id":"gen9vgc2023regulationc-1845849844","p1":"WindyEng","p2":"JNEWMZ","format":"[Gen 9] VGC 2023 Regulation C","log":"|j|\u2606WindyEng\n|j|\u2606JNEWMZ\n|t:|1681771185\n|gametype|doubles\n|player|p1|WindyEng|musician|\n|player|p2|JNEWMZ|emmet|\n|teamsize|p1|6\n|teamsize|p2|6\n|gen|9\n|tier|[Gen 9] VGC 2023 Regulation C\n|rule|Species Clause: Limit one of each Pok\u00e9mon\n|rule|Item Clause: Limit one of each item\n|clearpoke\n|poke|p1|Sandy Shocks, L50|\n|poke|p1|Maushold, L50|\n|poke|p1|Skeledirge, L50, F|\n|poke|p1|Noivern, L50, M|\n|poke|p1|Flapple, L50, F|\n|poke|p1|Sableye, L50, F|\n|poke|p2|Rotom-Wash, L50|\n|poke|p2|Annihilape, L50, M|\n|poke|p2|Ceruledge, L50, M|\n|poke|p2|Mudsdale, L50, M|\n|poke|p2|Iron Moth, L50|\n|poke|p2|Masquerain, L50, M|\n|teampreview|4\n|j| Destrucktoo\n|j| dolphinsfan254\n|j| DrChocolateMD\n|\n|t:|1681771271\n|start\n|switch|p1a: DiSableye|Sableye, L50, F, shiny|100\/100\n|switch|p1b: Spitfire|Skeledirge, L50, F|100\/100\n|switch|p2a: Mudsdale|Mudsdale, L50, M|100\/100\n|switch|p2b: Masquerain|Masquerain, L50, M, shiny|100\/100\n|-ability|p2b: Masquerain|Intimidate|boost\n|-unboost|p1a: DiSableye|atk|1\n|-unboost|p1b: Spitfire|atk|1\n|turn|1\n|\n|t:|1681771296\n|switch|p2b: Rotom|Rotom-Wash, L50, shiny|100\/100\n|-terastallize|p1b: Spitfire|Fairy\n|move|p1a: DiSableye|Reflect|p1a: DiSableye\n|-sidestart|p1: WindyEng|Reflect\n|move|p1b: Spitfire|Torch Song|p2b: Rotom\n|-resisted|p2b: Rotom\n|-damage|p2b: Rotom|78\/100\n|-boost|p1b: Spitfire|spa|1\n|-enditem|p1b: Spitfire|Throat Spray\n|-boost|p1b: Spitfire|spa|1|[from] item: Throat Spray\n|move|p2a: Mudsdale|Earthquake|p1a: DiSableye|[spread] p1a,p1b\n|-immune|p2b: Rotom|[from] ability: Levitate\n|-damage|p1a: DiSableye|65\/100\n|-damage|p1b: Spitfire|77\/100\n|\n|upkeep\n|turn|2\n|\n|t:|1681771338\n|move|p1a: DiSableye|Light Screen|p1a: DiSableye\n|-sidestart|p1: WindyEng|move: Light Screen\n|move|p2b: Rotom|Thunderbolt|p1b: Spitfire\n|-crit|p1b: Spitfire\n|-damage|p1b: Spitfire|8\/100\n|-damage|p2b: Rotom|68\/100|[from] item: Life Orb\n|move|p1b: Spitfire|Shadow Ball|p2b: Rotom\n|-damage|p2b: Rotom|0 fnt\n|faint|p2b: Rotom\n|move|p2a: Mudsdale|Heavy Slam|p1b: Spitfire\n|-supereffective|p1b: Spitfire\n|-damage|p1b: Spitfire|0 fnt\n|faint|p1b: Spitfire\n|\n|upkeep\n|c|\u2606WindyEng|oooooof\n|c|\u2606JNEWMZ|get that out of here\n|\n|t:|1681771369\n|switch|p2b: Masquerain|Masquerain, L50, M, shiny|100\/100\n|switch|p1b: Coarse & Rough|Sandy Shocks, L50|100\/100\n|-ability|p2b: Masquerain|Intimidate|boost\n|-unboost|p1a: DiSableye|atk|1\n|-unboost|p1b: Coarse & Rough|atk|1\n|-enditem|p1b: Coarse & Rough|Booster Energy\n|-activate|p1b: Coarse & Rough|ability: Protosynthesis|[fromitem]\n|-start|p1b: Coarse & Rough|protosynthesisspe\n|turn|3\n|c| dolphinsfan254|rough crit\n|\n|t:|1681771399\n|move|p1a: DiSableye|Will-O-Wisp|p2a: Mudsdale\n|-status|p2a: Mudsdale|brn\n|move|p1b: Coarse & Rough|Gravity|p1b: Coarse & Rough\n|-fieldstart|move: Gravity\n|move|p2b: Masquerain|Tailwind|p2b: Masquerain\n|-sidestart|p2: JNEWMZ|move: Tailwind\n|move|p2a: Mudsdale|Earthquake|p1b: Coarse & Rough|[spread] p2b,p1a,p1b\n|-resisted|p2b: Masquerain\n|-supereffective|p1b: Coarse & Rough\n|-crit|p1b: Coarse & Rough\n|-damage|p2b: Masquerain|83\/100\n|-damage|p1a: DiSableye|48\/100\n|-damage|p1b: Coarse & Rough|30\/100\n|\n|-damage|p2a: Mudsdale|95\/100 brn|[from] brn\n|upkeep\n|turn|4\n|c|\u2606JNEWMZ|ohhhhhh\n|c|\u2606JNEWMZ|lucky me\n|c| dolphinsfan254|wild\n|c| DrChocolateMD|*Monkey Paw curls*\n|j| Onassi2\n|\n|t:|1681771451\n|move|p2b: Masquerain|Helping Hand|p2a: Mudsdale\n|-singleturn|p2a: Mudsdale|Helping Hand|[of] p2b: Masquerain\n|move|p1a: DiSableye|Will-O-Wisp|p2b: Masquerain\n|-status|p2b: Masquerain|brn\n|move|p1b: Coarse & Rough|Earth Power|p2a: Mudsdale\n|-damage|p2a: Mudsdale|67\/100 brn\n|-ability|p2a: Mudsdale|Stamina|boost\n|-boost|p2a: Mudsdale|def|1\n|move|p2a: Mudsdale|Earthquake|p1b: Coarse & Rough|[spread] p2b,p1a,p1b\n|-resisted|p2b: Masquerain\n|-supereffective|p1b: Coarse & Rough\n|-damage|p2b: Masquerain|55\/100 brn\n|-damage|p1a: DiSableye|22\/100\n|-damage|p1b: Coarse & Rough|0 fnt\n|faint|p1b: Coarse & Rough\n|-end|p1b: Coarse & Rough|Protosynthesis|[silent]\n|\n|-damage|p2b: Masquerain|49\/100 brn|[from] brn\n|-damage|p2a: Mudsdale|61\/100 brn|[from] brn\n|upkeep\n|\n|t:|1681771466\n|switch|p1b: Mauscasualties|Maushold, L50|100\/100\n|turn|5\n|\n|t:|1681771480\n|move|p1a: DiSableye|Shadow Sneak|p2b: Masquerain\n|-damage|p2b: Masquerain|38\/100 brn\n|move|p2b: Masquerain|Icy Wind|p1a: DiSableye|[spread] p1a,p1b\n|-damage|p1a: DiSableye|11\/100\n|-damage|p1b: Mauscasualties|86\/100\n|-unboost|p1a: DiSableye|spe|1\n|-unboost|p1b: Mauscasualties|spe|1\n|move|p1b: Mauscasualties|Population Bomb|p2b: Masquerain\n|-damage|p2b: Masquerain|8\/100 brn\n|-damage|p2b: Masquerain|0 fnt\n|faint|p2b: Masquerain\n|-hitcount|p2: Masquerain|2\n|move|p2a: Mudsdale|Body Press|p1b: Mauscasualties\n|-supereffective|p1b: Mauscasualties\n|-damage|p1b: Mauscasualties|54\/100\n|\n|-damage|p2a: Mudsdale|55\/100 brn|[from] brn\n|upkeep\n|\n|t:|1681771497\n|switch|p2b: Annihilape|Annihilape, L50, M|100\/100\n|turn|6\n|c|\u2606WindyEng|shit i got got\n|\n|t:|1681771528\n|move|p1a: DiSableye|Shadow Sneak|p2b: Annihilape\n|-supereffective|p2b: Annihilape\n|-damage|p2b: Annihilape|89\/100\n|move|p2b: Annihilape|Drain Punch|p1b: Mauscasualties\n|-supereffective|p1b: Mauscasualties\n|-damage|p1b: Mauscasualties|0 fnt\n|-heal|p2b: Annihilape|100\/100|[from] drain|[of] p1b: Mauscasualties\n|faint|p1b: Mauscasualties\n|move|p2a: Mudsdale|Earthquake|p1a: DiSableye|[spread] p2b,p1a\n|-crit|p1a: DiSableye\n|-damage|p2b: Annihilape|81\/100\n|-damage|p1a: DiSableye|0 fnt\n|faint|p1a: DiSableye\n|\n|win|JNEWMZ\n|c|\u2606JNEWMZ|gg\n|c|\u2606WindyEng|gg\n|c|\u2606JNEWMZ|another crit\n","uploadtime":1681771545,"views":17,"p1id":"windyeng","p2id":"jnewmz","formatid":"gen9vgc2023regulationc","rating":0,"private":0,"password":""}