{"id":"gen9vgc2023regulationc-1863257079","p1":"Hehalzmdbr","p2":"ninooshawottvgc","format":"[Gen 9] VGC 2023 Regulation C","log":"|j|\u2606Hehalzmdbr\n|j|\u2606ninooshawottvgc\n|t:|1683994511\n|gametype|doubles\n|player|p1|Hehalzmdbr|266|1000\n|player|p2|ninooshawottvgc|101|1000\n|teamsize|p1|6\n|teamsize|p2|6\n|gen|9\n|tier|[Gen 9] VGC 2023 Regulation C\n|rated|\n|rule|Species Clause: Limit one of each Pok\u00e9mon\n|rule|Item Clause: Limit one of each item\n|clearpoke\n|poke|p1|Florges, L50, F|\n|poke|p1|Indeedee-F, L50, F|\n|poke|p1|Hawlucha, L50, F|\n|poke|p1|Armarouge, L50, M|\n|poke|p1|Iron Bundle, L50|\n|poke|p1|Palafin, L50, F|\n|poke|p2|Meowscarada, L50, M|\n|poke|p2|Crocalor, L50, F|\n|poke|p2|Quaquaval, L50, M|\n|poke|p2|Chansey, L50, F|\n|poke|p2|Tauros-Paldea-Aqua, L50, M|\n|poke|p2|Gholdengo, L50|\n|teampreview|4\n|inactive|Battle timer is ON: inactive players will automatically lose when time's up. (requested by ninooshawottvgc)\n|inactive|Hehalzmdbr has 60 seconds left.\n|inactiveoff|Battle timer is now OFF.\n|inactive|Battle timer is ON: inactive players will automatically lose when time's up. (requested by ninooshawottvgc)\n|\n|t:|1683994608\n|start\n|switch|p1a: Indeedee|Indeedee-F, L50, F|100\/100\n|switch|p1b: Hawlucha|Hawlucha, L50, F, shiny|100\/100\n|switch|p2a: Meowscarada|Meowscarada, L50, M|100\/100\n|switch|p2b: Quaquaval|Quaquaval, L50, M|100\/100\n|-fieldstart|move: Psychic Terrain|[from] ability: Psychic Surge|[of] p1a: Indeedee\n|-enditem|p1b: Hawlucha|Psychic Seed\n|-boost|p1b: Hawlucha|spd|1|[from] item: Psychic Seed\n|turn|1\n|inactive|Hehalzmdbr has 30 seconds left.\n|inactive|Hehalzmdbr has 20 seconds left.\n|inactive|Hehalzmdbr has 15 seconds left.\n|\n|t:|1683994648\n|move|p1a: Indeedee|Follow Me|p1a: Indeedee\n|-singleturn|p1a: Indeedee|move: Follow Me\n|move|p2b: Quaquaval|Hydro Pump|p1a: Indeedee|[miss]\n|-miss|p2b: Quaquaval|p1a: Indeedee\n|move|p1b: Hawlucha|Swords Dance|p1b: Hawlucha\n|-boost|p1b: Hawlucha|atk|2\n|move|p2a: Meowscarada|Aura Sphere|p1a: Indeedee\n|-start|p2a: Meowscarada|typechange|Fighting|[from] ability: Protean\n|-damage|p1a: Indeedee|73\/100\n|\n|upkeep\n|turn|2\n|inactive|Hehalzmdbr has 30 seconds left.\n|\n|t:|1683994676\n|move|p1a: Indeedee|Follow Me|p1a: Indeedee\n|-singleturn|p1a: Indeedee|move: Follow Me\n|move|p1b: Hawlucha|Acrobatics|p2b: Quaquaval\n|-supereffective|p2b: Quaquaval\n|-damage|p2b: Quaquaval|0 fnt\n|faint|p2b: Quaquaval\n|move|p2a: Meowscarada|Energy Ball|p1a: Indeedee\n|-damage|p1a: Indeedee|55\/100\n|\n|upkeep\n|\n|t:|1683994686\n|switch|p2b: Gholdengo|Gholdengo, L50|100\/100\n|turn|3\n|\n|t:|1683994710\n|move|p1b: Hawlucha|Acrobatics|p2a: Meowscarada\n|-supereffective|p2a: Meowscarada\n|-crit|p2a: Meowscarada\n|-damage|p2a: Meowscarada|0 fnt\n|faint|p2a: Meowscarada\n|move|p1a: Indeedee|Heal Pulse|p1b: Hawlucha\n|-fail|p1b: Hawlucha|heal\n|move|p2b: Gholdengo|Psychic|p1a: Indeedee\n|-resisted|p1a: Indeedee\n|-damage|p1a: Indeedee|33\/100\n|-damage|p2b: Gholdengo|91\/100|[from] item: Life Orb\n|\n|upkeep\n|\n|t:|1683994723\n|switch|p2a: Tauros|Tauros-Paldea-Aqua, L50, M|100\/100\n|-ability|p2a: Tauros|Intimidate|boost\n|-unboost|p1a: Indeedee|atk|1\n|-unboost|p1b: Hawlucha|atk|1\n|turn|4\n|\n|t:|1683994736\n|move|p2a: Tauros|Protect|p2a: Tauros\n|-singleturn|p2a: Tauros|Protect\n|move|p1a: Indeedee|Follow Me|p1a: Indeedee\n|-singleturn|p1a: Indeedee|move: Follow Me\n|move|p1b: Hawlucha|Acrobatics|p2a: Tauros\n|-activate|p2a: Tauros|move: Protect\n|move|p2b: Gholdengo|Thunder Wave|p1a: Indeedee\n|-status|p1a: Indeedee|par\n|\n|upkeep\n|turn|5\n|\n|t:|1683994753\n|move|p1a: Indeedee|Follow Me|p1a: Indeedee\n|-singleturn|p1a: Indeedee|move: Follow Me\n|move|p1b: Hawlucha|Acrobatics|p2a: Tauros\n|-supereffective|p2a: Tauros\n|-damage|p2a: Tauros|0 fnt\n|faint|p2a: Tauros\n|move|p2b: Gholdengo|Psychic|p1a: Indeedee\n|-resisted|p1a: Indeedee\n|-damage|p1a: Indeedee|10\/100 par\n|-damage|p2b: Gholdengo|82\/100|[from] item: Life Orb\n|\n|-fieldend|move: Psychic Terrain\n|upkeep\n|turn|6\n|inactive|Hehalzmdbr has 30 seconds left.\n|\n|t:|1683994788\n|move|p1b: Hawlucha|Detect|p1b: Hawlucha\n|-singleturn|p1b: Hawlucha|Protect\n|move|p2b: Gholdengo|Focus Blast|p1b: Hawlucha\n|-activate|p1b: Hawlucha|move: Protect\n|move|p1a: Indeedee|Psychic|p2b: Gholdengo\n|-resisted|p2b: Gholdengo\n|-damage|p2b: Gholdengo|62\/100\n|\n|upkeep\n|turn|7\n|\n|t:|1683994803\n|-terastallize|p2b: Gholdengo|Steel\n|move|p1b: Hawlucha|Acrobatics|p2b: Gholdengo\n|-resisted|p2b: Gholdengo\n|-damage|p2b: Gholdengo|25\/100\n|move|p2b: Gholdengo|Focus Blast|p1b: Hawlucha\n|-resisted|p1b: Hawlucha\n|-damage|p1b: Hawlucha|78\/100\n|-damage|p2b: Gholdengo|15\/100|[from] item: Life Orb\n|move|p1a: Indeedee|Psychic|p2b: Gholdengo\n|-resisted|p2b: Gholdengo\n|-damage|p2b: Gholdengo|0 fnt\n|faint|p2b: Gholdengo\n|\n|win|Hehalzmdbr\n|raw|Hehalzmdbr's rating: 1000 → 1040<\/strong> (+40 for winning)\n|raw|ninooshawottvgc's rating: 1000 → 1000<\/strong> (+0 for losing)\n|l|\u2606Hehalzmdbr\n","uploadtime":1683994826,"views":8,"p1id":"hehalzmdbr","p2id":"ninooshawottvgc","formatid":"gen9vgc2023regulationc","rating":1000,"private":0,"password":""}