{"id":"gen9vgc2023regulationc-1846657948","p1":"Only_em7","p2":"Disobedient_vgc","format":"[Gen 9] VGC 2023 Regulation C","log":"|j|\u2606Only_em7\n|j|\u2606Disobedient_vgc\n|t:|1681862480\n|gametype|doubles\n|player|p1|Only_em7|fisherman-gen4|1238\n|player|p2|Disobedient_vgc|palmer|1243\n|teamsize|p1|6\n|teamsize|p2|6\n|gen|9\n|tier|[Gen 9] VGC 2023 Regulation C\n|rated|\n|rule|Species Clause: Limit one of each Pok\u00e9mon\n|rule|Item Clause: Limit one of each item\n|clearpoke\n|poke|p1|Talonflame, L50, M|\n|poke|p1|Great Tusk, L50|\n|poke|p1|Chien-Pao, L50|\n|poke|p1|Dragapult, L50, M|\n|poke|p1|Flutter Mane, L50|\n|poke|p1|Chi-Yu, L50|\n|poke|p2|Palafin, L50, F|\n|poke|p2|Arcanine, L50, M|\n|poke|p2|Amoonguss, L50, M|\n|poke|p2|Flutter Mane, L50|\n|poke|p2|Chien-Pao, L50|\n|poke|p2|Dragapult, L50, M|\n|teampreview|4\nDisobedient_vgc has agreed to open team sheets.\n|inactive|Battle timer is ON: inactive players will automatically lose when time's up. (requested by Only_em7)\nOnly_em7 rejected open team sheets.\n|\n|t:|1681862527\n|start\n|switch|p1a: Flutter Mane|Flutter Mane, L50|100\/100\n|switch|p1b: Chi-Yu|Chi-Yu, L50|100\/100\n|switch|p2a: Palafin|Palafin, L50, F, shiny|100\/100\n|switch|p2b: Dragapult|Dragapult, L50, M, shiny|100\/100\n|-ability|p1b: Chi-Yu|Beads of Ruin\n|turn|1\n|inactive|Only_em7 has 30 seconds left.\n|inactive|Disobedient_vgc has 30 seconds left.\n|inactive|Disobedient_vgc has 20 seconds left.\n|\n|t:|1681862570\n|detailschange|p2a: Palafin|Palafin-Hero, L50, F, shiny\n|switch|p2a: Arcanine|Arcanine, L50, M, shiny|100\/100\n|-ability|p2a: Arcanine|Intimidate|boost\n|-unboost|p1a: Flutter Mane|atk|1\n|-unboost|p1b: Chi-Yu|atk|1\n|-terastallize|p1a: Flutter Mane|Fairy\n|move|p1b: Chi-Yu|Heat Wave|p2b: Dragapult|[spread] p2a,p2b\n|-resisted|p2a: Arcanine\n|-resisted|p2b: Dragapult\n|-damage|p2a: Arcanine|72\/100\n|-damage|p2b: Dragapult|64\/100\n|move|p2b: Dragapult|Phantom Force||[still]\n|-prepare|p2b: Dragapult|Phantom Force\n|move|p1a: Flutter Mane|Dazzling Gleam|p2a: Arcanine|[spread] p2a\n|-miss|p1a: Flutter Mane|p2b: Dragapult\n|-resisted|p2a: Arcanine\n|-damage|p2a: Arcanine|23\/100\n|-enditem|p2a: Arcanine|Sitrus Berry|[eat]\n|-heal|p2a: Arcanine|48\/100|[from] item: Sitrus Berry\n|\n|upkeep\n|turn|2\n|inactive|Only_em7 has 30 seconds left.\n|\n|t:|1681862600\n|switch|p1b: Chien-Pao|Chien-Pao, L50|100\/100\n|-ability|p1b: Chien-Pao|Sword of Ruin\n|move|p2b: Dragapult|Phantom Force|p1a: Flutter Mane|[from]lockedmove\n|-damage|p1a: Flutter Mane|0 fnt\n|faint|p1a: Flutter Mane\n|-end|p1a: Flutter Mane|Protosynthesis|[silent]\n|move|p2a: Arcanine|Snarl|p1b: Chien-Pao\n|-resisted|p1b: Chien-Pao\n|-damage|p1b: Chien-Pao|92\/100\n|-unboost|p1b: Chien-Pao|spa|1\n|\n|upkeep\n|\n|t:|1681862610\n|switch|p1a: Dragapult|Dragapult, L50, M|100\/100\n|turn|3\n|inactive|Only_em7 has 30 seconds left.\n|\n|t:|1681862636\n|switch|p2b: Palafin|Palafin-Hero, L50, F, shiny|100\/100\n|-activate|p2b: Palafin|ability: Zero to Hero\n|move|p1b: Chien-Pao|Sucker Punch|p2a: Arcanine\n|-damage|p2a: Arcanine|0 fnt\n|faint|p2a: Arcanine\n|move|p1a: Dragapult|Dragon Darts|p2b: Palafin\n|-damage|p2b: Palafin|54\/100\n|-anim|p1a: Dragapult|Dragon Darts|p2b: Palafin\n|-damage|p2b: Palafin|10\/100\n|\n|upkeep\n|\n|t:|1681862648\n|switch|p2a: Chien-Pao|Chien-Pao, L50|100\/100\n|-ability|p2a: Chien-Pao|Sword of Ruin\n|turn|4\n|inactive|Only_em7 has 30 seconds left.\n|\n|t:|1681862675\n|-terastallize|p2a: Chien-Pao|Dark\n|move|p2a: Chien-Pao|Sucker Punch|p1a: Dragapult\n|-supereffective|p1a: Dragapult\n|-damage|p1a: Dragapult|0 fnt\n|faint|p1a: Dragapult\n|move|p1b: Chien-Pao|Sucker Punch|p2b: Palafin\n|-damage|p2b: Palafin|0 fnt\n|faint|p2b: Palafin\n|\n|upkeep\n|\n|t:|1681862685\n|switch|p1a: Chi-Yu|Chi-Yu, L50|100\/100\n|switch|p2b: Dragapult|Dragapult, L50, M, shiny|64\/100\n|-ability|p1a: Chi-Yu|Beads of Ruin\n|turn|5\n|\n|t:|1681862703\n|move|p1b: Chien-Pao|Protect|p1b: Chien-Pao\n|-singleturn|p1b: Chien-Pao|Protect\n|move|p1a: Chi-Yu|Dark Pulse|p2b: Dragapult\n|-supereffective|p2b: Dragapult\n|-damage|p2b: Dragapult|0 fnt\n|faint|p2b: Dragapult\n|move|p2a: Chien-Pao|Sacred Sword|p1a: Chi-Yu\n|-supereffective|p1a: Chi-Yu\n|-damage|p1a: Chi-Yu|0 fnt\n|faint|p1a: Chi-Yu\n|\n|upkeep\n|turn|6\n|\n|t:|1681862716\n|move|p2a: Chien-Pao|Sacred Sword|p1b: Chien-Pao\n|-supereffective|p1b: Chien-Pao\n|-damage|p1b: Chien-Pao|0 fnt\n|faint|p1b: Chien-Pao\n|\n|win|Disobedient_vgc\n|raw|Only_em7's rating: 1238 → 1213<\/strong> (-25 for losing)\n|raw|Disobedient_vgc's rating: 1243 → 1268<\/strong> (+25 for winning)\n|l|\u2606Only_em7\n|c|\u2606Disobedient_vgc|gg\n","uploadtime":1681862748,"views":18,"p1id":"onlyem7","p2id":"disobedientvgc","formatid":"gen9vgc2023regulationc","rating":1213,"private":0,"password":""}