{"id":"gen9vgc2023regulationc-1849185620","p1":"BlindMagneton","p2":"JayVGC YT","format":"[Gen 9] VGC 2023 Regulation C","log":"|j|\u2606BlindMagneton\n|j|\u2606JayVGC YT\n|t:|1682169954\n|gametype|doubles\n|player|p1|BlindMagneton|wattson|1342\n|player|p2|JayVGC YT|102|1359\n|teamsize|p1|6\n|teamsize|p2|6\n|gen|9\n|tier|[Gen 9] VGC 2023 Regulation C\n|rated|\n|rule|Species Clause: Limit one of each Pok\u00e9mon\n|rule|Item Clause: Limit one of each item\n|clearpoke\n|poke|p1|Tinkaton, L50, F|\n|poke|p1|Wo-Chien, L50|\n|poke|p1|Ceruledge, L50, M|\n|poke|p1|Grimmsnarl, L50, M|\n|poke|p1|Chien-Pao, L50|\n|poke|p1|Dragapult, L50, F|\n|poke|p2|Bronzong, L50|\n|poke|p2|Ting-Lu, L50|\n|poke|p2|Iron Bundle, L50|\n|poke|p2|Arcanine, L50, F|\n|poke|p2|Roaring Moon, L50|\n|poke|p2|Amoonguss, L50, F|\n|teampreview|4\n|\n|t:|1682170063\n|start\n|switch|p1a: Ceruledge|Ceruledge, L50, M|100\/100\n|switch|p1b: Chien-Pao|Chien-Pao, L50|100\/100\n|switch|p2a: Bronzong|Bronzong, L50|100\/100\n|switch|p2b: Arcanine|Arcanine, L50, F|100\/100\n|-ability|p1b: Chien-Pao|Sword of Ruin\n|-ability|p2b: Arcanine|Intimidate|boost\n|-fail|p1a: Ceruledge|unboost|[from] item: Clear Amulet|[of] p1a: Ceruledge\n|-unboost|p1b: Chien-Pao|atk|1\n|turn|1\n|\n|t:|1682170124\n|switch|p1b: Grimmsnarl|Grimmsnarl, L50, M|100\/100\n|switch|p2b: Ting-Lu|Ting-Lu, L50|100\/100\n|-ability|p2b: Ting-Lu|Vessel of Ruin\n|-terastallize|p2a: Bronzong|Water\n|move|p1a: Ceruledge|Bulk Up|p1a: Ceruledge\n|-boost|p1a: Ceruledge|atk|1\n|-boost|p1a: Ceruledge|def|1\n|move|p2a: Bronzong|Trick Room|p2a: Bronzong\n|-fieldstart|move: Trick Room|[of] p2a: Bronzong\n|\n|upkeep\n|turn|2\n|\n|t:|1682170139\n|move|p1b: Grimmsnarl|Fake Out|p2b: Ting-Lu\n|-damage|p2b: Ting-Lu|92\/100\n|move|p2a: Bronzong|Iron Defense|p2a: Bronzong\n|-boost|p2a: Bronzong|def|2\n|cant|p2b: Ting-Lu|flinch\n|move|p1a: Ceruledge|Bulk Up|p1a: Ceruledge\n|-boost|p1a: Ceruledge|atk|1\n|-boost|p1a: Ceruledge|def|1\n|\n|upkeep\n|turn|3\n|j| testtest114\n|\n|t:|1682170214\n|move|p2a: Bronzong|Iron Defense|p2a: Bronzong\n|-boost|p2a: Bronzong|def|2\n|move|p2b: Ting-Lu|Earthquake|p1b: Grimmsnarl|[spread] p1a,p1b\n|-immune|p2a: Bronzong|[from] ability: Levitate\n|-supereffective|p1a: Ceruledge\n|-damage|p1a: Ceruledge|37\/100\n|-damage|p1b: Grimmsnarl|14\/100\n|move|p1a: Ceruledge|Bitter Blade|p2b: Ting-Lu\n|-damage|p2b: Ting-Lu|35\/100\n|-heal|p1a: Ceruledge|73\/100|[from] drain|[of] p2b: Ting-Lu\n|move|p1b: Grimmsnarl|Drain Punch|p2b: Ting-Lu\n|-supereffective|p2b: Ting-Lu\n|-damage|p2b: Ting-Lu|0 fnt\n|-heal|p1b: Grimmsnarl|37\/100|[from] drain|[of] p2b: Ting-Lu\n|faint|p2b: Ting-Lu\n|\n|upkeep\n|\n|t:|1682170224\n|switch|p2b: Roaring Moon|Roaring Moon, L50|100\/100\n|-enditem|p2b: Roaring Moon|Booster Energy\n|-activate|p2b: Roaring Moon|ability: Protosynthesis|[fromitem]\n|-start|p2b: Roaring Moon|protosynthesisspe\n|turn|4\n|\n|t:|1682170245\n|move|p2a: Bronzong|Body Press|p1b: Grimmsnarl\n|-damage|p1b: Grimmsnarl|0 fnt\n|faint|p1b: Grimmsnarl\n|move|p1a: Ceruledge|Bitter Blade|p2b: Roaring Moon\n|-resisted|p2b: Roaring Moon\n|-damage|p2b: Roaring Moon|40\/100\n|-heal|p1a: Ceruledge|100\/100|[from] drain|[of] p2b: Roaring Moon\n|move|p2b: Roaring Moon|Throat Chop|p1a: Ceruledge\n|-supereffective|p1a: Ceruledge\n|-damage|p1a: Ceruledge|57\/100\n|-start|p1a: Ceruledge|Throat Chop|[silent]\n|\n|upkeep\n|\n|t:|1682170258\n|switch|p1b: Chien-Pao|Chien-Pao, L50|100\/100\n|-ability|p1b: Chien-Pao|Sword of Ruin\n|turn|5\n|\n|t:|1682170276\n|-terastallize|p1b: Chien-Pao|Ghost\n|move|p2b: Roaring Moon|Protect|p2b: Roaring Moon\n|-singleturn|p2b: Roaring Moon|Protect\n|move|p2a: Bronzong|Gyro Ball|p1a: Ceruledge\n|-resisted|p1a: Ceruledge\n|-damage|p1a: Ceruledge|49\/100\n|move|p1a: Ceruledge|Bitter Blade|p2b: Roaring Moon\n|-activate|p2b: Roaring Moon|move: Protect\n|move|p1b: Chien-Pao|Sacred Sword|p2a: Bronzong\n|-damage|p2a: Bronzong|58\/100\n|-damage|p1b: Chien-Pao|91\/100|[from] item: Life Orb\n|\n|-end|p1a: Ceruledge|Throat Chop|[silent]\n|-fieldend|move: Trick Room\n|upkeep\n|turn|6\n|\n|t:|1682170298\n|move|p1b: Chien-Pao|Ice Shard|p2b: Roaring Moon\n|-supereffective|p2b: Roaring Moon\n|-damage|p2b: Roaring Moon|0 fnt\n|faint|p2b: Roaring Moon\n|-end|p2b: Roaring Moon|Protosynthesis|[silent]\n|-damage|p1b: Chien-Pao|81\/100|[from] item: Life Orb\n|move|p1a: Ceruledge|Shadow Sneak|p2a: Bronzong\n|-damage|p2a: Bronzong|42\/100\n|move|p2a: Bronzong|Trick Room|p2a: Bronzong\n|-fieldstart|move: Trick Room|[of] p2a: Bronzong\n|\n|upkeep\n|\n|t:|1682170301\n|switch|p2b: Arcanine|Arcanine, L50, F|100\/100\n|-ability|p2b: Arcanine|Intimidate|boost\n|-fail|p1a: Ceruledge|unboost|[from] item: Clear Amulet|[of] p1a: Ceruledge\n|-unboost|p1b: Chien-Pao|atk|1\n|turn|7\n|-message|JayVGC YT forfeited.\n|\n|win|BlindMagneton\n|raw|BlindMagneton's rating: 1342 → 1363<\/strong> (+21 for winning)\n|raw|JayVGC YT's rating: 1359 → 1338<\/strong> (-21 for losing)\n|l|\u2606JayVGC YT\n","uploadtime":1682170318,"views":10,"p1id":"blindmagneton","p2id":"jayvgcyt","formatid":"gen9vgc2023regulationc","rating":1338,"private":0,"password":""}