{"id":"gen9vgc2023regulationc-1859820062","p1":"WhatWasIC00KING","p2":"Just Crit And Win","format":"[Gen 9] VGC 2023 Regulation C","log":"|j|\u2606WhatWasIC00KING\n|j|\u2606Just Crit And Win\n|t:|1683567242\n|gametype|doubles\n|player|p1|WhatWasIC00KING|gambler|\n|player|p2|Just Crit And Win|1|\n|teamsize|p1|6\n|teamsize|p2|6\n|gen|9\n|tier|[Gen 9] VGC 2023 Regulation C\n|rule|Species Clause: Limit one of each Pok\u00e9mon\n|rule|Item Clause: Limit one of each item\n|clearpoke\n|poke|p1|Iron Hands, L50|\n|poke|p1|Oranguru, L50, M|\n|poke|p1|Hatterene, L50, F|\n|poke|p1|Kingambit, L50, F|\n|poke|p1|Torkoal, L50, M|\n|poke|p1|Indeedee-F, L50, F|\n|poke|p2|Flutter Mane, L50|\n|poke|p2|Arcanine, L50, F|\n|poke|p2|Palafin, L50, F|\n|poke|p2|Chien-Pao, L50|\n|poke|p2|Great Tusk, L50|\n|poke|p2|Amoonguss, L50, M|\n|teampreview|4\n|inactive|Battle timer is ON: inactive players will automatically lose when time's up. (requested by Just Crit And Win)\nJust Crit And Win has agreed to open team sheets.\nWhatWasIC00KING has agreed to open team sheets.\n|inactive|Just Crit And Win has 60 seconds left.\n|\n|t:|1683567276\n|start\n|switch|p1a: Iron Hands|Iron Hands, L50|100\/100\n|switch|p1b: Oranguru|Oranguru, L50, M, shiny|100\/100\n|switch|p2a: Flutter Mane|Flutter Mane, L50|100\/100\n|switch|p2b: Chien-Pao|Chien-Pao, L50|100\/100\n|-ability|p2b: Chien-Pao|Sword of Ruin\n|-enditem|p2a: Flutter Mane|Booster Energy\n|-activate|p2a: Flutter Mane|ability: Protosynthesis|[fromitem]\n|-start|p2a: Flutter Mane|protosynthesisspa\n|turn|1\n|\n|t:|1683567297\n|-terastallize|p2b: Chien-Pao|Ghost\n|move|p1a: Iron Hands|Fake Out|p2b: Chien-Pao\n|-immune|p2b: Chien-Pao\n|move|p2b: Chien-Pao|Ice Spinner|p1a: Iron Hands\n|-damage|p1a: Iron Hands|67\/100\n|move|p2a: Flutter Mane|Moonblast|p1a: Iron Hands\n|-supereffective|p1a: Iron Hands\n|-damage|p1a: Iron Hands|0 fnt\n|faint|p1a: Iron Hands\n|-end|p1a: Iron Hands|Quark Drive|[silent]\n|move|p1b: Oranguru|Trick Room|p1b: Oranguru\n|-fieldstart|move: Trick Room|[of] p1b: Oranguru\n|\n|upkeep\n|\n|t:|1683567309\n|switch|p1a: Kingambit|Kingambit, L50, F|100\/100\n|turn|2\n|\n|t:|1683567325\n|move|p1a: Kingambit|Iron Head|p2a: Flutter Mane\n|-supereffective|p2a: Flutter Mane\n|-damage|p2a: Flutter Mane|0 fnt\n|faint|p2a: Flutter Mane\n|-end|p2a: Flutter Mane|Protosynthesis|[silent]\n|move|p1b: Oranguru|Chilling Water|p2b: Chien-Pao\n|-damage|p2b: Chien-Pao|83\/100\n|-unboost|p2b: Chien-Pao|atk|1\n|move|p2b: Chien-Pao|Taunt|p1b: Oranguru\n|-start|p1b: Oranguru|move: Taunt\n|\n|upkeep\n|\n|t:|1683567335\n|switch|p2a: Great Tusk|Great Tusk, L50|100\/100\n|turn|3\n|\n|t:|1683567345\n|switch|p2b: Amoonguss|Amoonguss, L50, M|100\/100\n|move|p1a: Kingambit|Kowtow Cleave|p2b: Amoonguss\n|-damage|p2b: Amoonguss|60\/100\n|move|p1b: Oranguru|Chilling Water|p2a: Great Tusk\n|-supereffective|p2a: Great Tusk\n|-damage|p2a: Great Tusk|73\/100\n|-unboost|p2a: Great Tusk|atk|1\n|move|p2a: Great Tusk|Rock Slide|p1b: Oranguru|[spread] p1a,p1b\n|-resisted|p1a: Kingambit\n|-damage|p1a: Kingambit|96\/100\n|-damage|p1b: Oranguru|89\/100\n|\n|upkeep\n|turn|4\n|\n|t:|1683567367\n|-end|p2a: Great Tusk|Protosynthesis|[silent]\n|switch|p2a: Chien-Pao|Chien-Pao, L50, tera:Ghost|83\/100\n|-ability|p2a: Chien-Pao|Sword of Ruin\n|move|p2b: Amoonguss|Pollen Puff|p2a: Chien-Pao\n|-heal|p2a: Chien-Pao|100\/100\n|move|p1a: Kingambit|Swords Dance|p1a: Kingambit\n|-boost|p1a: Kingambit|atk|2\n|move|p1b: Oranguru|Chilling Water|p2a: Chien-Pao\n|-crit|p2a: Chien-Pao\n|-damage|p2a: Chien-Pao|75\/100\n|-unboost|p2a: Chien-Pao|atk|1\n|\n|upkeep\n|turn|5\n|inactive|WhatWasIC00KING has 30 seconds left.\n|inactive|Just Crit And Win has 30 seconds left.\n|\n|t:|1683567400\n|move|p2a: Chien-Pao|Protect|p2a: Chien-Pao\n|-singleturn|p2a: Chien-Pao|Protect\n|move|p2b: Amoonguss|Pollen Puff|p1b: Oranguru\n|-supereffective|p1b: Oranguru\n|-damage|p1b: Oranguru|63\/100\n|move|p1a: Kingambit|Kowtow Cleave|p2a: Chien-Pao\n|-activate|p2a: Chien-Pao|move: Protect\n|move|p1b: Oranguru|Chilling Water|p2b: Amoonguss\n|-resisted|p2b: Amoonguss\n|-damage|p2b: Amoonguss|56\/100\n|-unboost|p2b: Amoonguss|atk|1\n|\n|-end|p1b: Oranguru|move: Taunt\n|-fieldend|move: Trick Room\n|upkeep\n|turn|6\n|inactive|WhatWasIC00KING has 30 seconds left.\n|\n|t:|1683567425\n|switch|p1b: Hatterene|Hatterene, L50, F|100\/100\n|move|p1a: Kingambit|Sucker Punch||[still]\n|-fail|p1a: Kingambit\n|move|p2a: Chien-Pao|Taunt|p1b: Hatterene\n|move|p1b: Hatterene|Taunt|p2a: Chien-Pao|[from]ability: Magic Bounce\n|-start|p2a: Chien-Pao|move: Taunt\n|move|p2b: Amoonguss|Spore|p1b: Hatterene\n|move|p1b: Hatterene|Spore|p2b: Amoonguss|[from]ability: Magic Bounce\n|-immune|p2b: Amoonguss\n|\n|upkeep\n|turn|7\n|\n|t:|1683567448\n|switch|p2a: Great Tusk|Great Tusk, L50|73\/100\n|move|p1a: Kingambit|Sucker Punch||[still]\n|-fail|p1a: Kingambit\n|move|p2b: Amoonguss|Pollen Puff|p2a: Great Tusk\n|-heal|p2a: Great Tusk|100\/100\n|move|p1b: Hatterene|Trick Room|p1b: Hatterene\n|-fieldstart|move: Trick Room|[of] p1b: Hatterene\n|\n|upkeep\n|turn|8\n|\n|t:|1683567464\n|move|p2b: Amoonguss|Protect|p2b: Amoonguss\n|-singleturn|p2b: Amoonguss|Protect\n|move|p1b: Hatterene|Dazzling Gleam|p2b: Amoonguss|[spread] p2a\n|-activate|p2b: Amoonguss|move: Protect\n|-supereffective|p2a: Great Tusk\n|-damage|p2a: Great Tusk|0 fnt\n|faint|p2a: Great Tusk\n|-end|p2a: Great Tusk|Protosynthesis|[silent]\n|-damage|p1b: Hatterene|91\/100|[from] item: Life Orb\n|move|p1a: Kingambit|Swords Dance|p1a: Kingambit\n|-boost|p1a: Kingambit|atk|2\n|\n|upkeep\n|\n|t:|1683567470\n|switch|p2a: Chien-Pao|Chien-Pao, L50, tera:Ghost|75\/100\n|-ability|p2a: Chien-Pao|Sword of Ruin\n|turn|9\n|\n|t:|1683567482\n|move|p1a: Kingambit|Sucker Punch|p2a: Chien-Pao\n|-supereffective|p2a: Chien-Pao\n|-damage|p2a: Chien-Pao|0 fnt\n|faint|p2a: Chien-Pao\n|move|p1b: Hatterene|Psychic|p2b: Amoonguss\n|-supereffective|p2b: Amoonguss\n|-damage|p2b: Amoonguss|0 fnt\n|faint|p2b: Amoonguss\n|-damage|p1b: Hatterene|81\/100|[from] item: Life Orb\n|\n|win|WhatWasIC00KING\n","uploadtime":1683567488,"views":5,"p1id":"whatwasic00king","p2id":"justcritandwin","formatid":"gen9vgc2023regulationc","rating":0,"private":0,"password":""}