{"id":"gen9vgc2023regulationc-1845373951","p1":"Prompto88","p2":"Drembi","format":"[Gen 9] VGC 2023 Regulation C","log":"|j|\u2606Prompto88\n|j|\u2606Drembi\n|t:|1681723852\n|gametype|doubles\n|player|p1|Prompto88|2|1132\n|player|p2|Drembi|102|1055\n|teamsize|p1|6\n|teamsize|p2|6\n|gen|9\n|tier|[Gen 9] VGC 2023 Regulation C\n|rated|\n|rule|Species Clause: Limit one of each Pok\u00e9mon\n|rule|Item Clause: Limit one of each item\n|clearpoke\n|poke|p1|Glimmora, L50, M|\n|poke|p1|Arcanine, L50, M|\n|poke|p1|Garganacl, L50, M|\n|poke|p1|Maushold-Four, L50|\n|poke|p1|Ting-Lu, L50|\n|poke|p1|Wo-Chien, L50|\n|poke|p2|Pincurchin, L50, M|\n|poke|p2|Iron Moth, L50|\n|poke|p2|Iron Bundle, L50|\n|poke|p2|Brute Bonnet, L50|\n|poke|p2|Iron Valiant, L50|\n|poke|p2|Ting-Lu, L50|\n|teampreview|4\n|inactive|Battle timer is ON: inactive players will automatically lose when time's up. (requested by Prompto88)\n|inactive|Prompto88 has 60 seconds left.\n|inactive|Drembi has 60 seconds left.\n|\n|t:|1681723892\n|start\n|switch|p1a: Glimmora|Glimmora, L50, M|100\/100\n|switch|p1b: Maushold|Maushold-Four, L50|100\/100\n|switch|p2a: Pincurchin|Pincurchin, L50, M|100\/100\n|switch|p2b: Iron Bundle|Iron Bundle, L50|100\/100\n|-fieldstart|move: Electric Terrain|[from] ability: Electric Surge|[of] p2a: Pincurchin\n|-activate|p2b: Iron Bundle|ability: Quark Drive\n|-start|p2b: Iron Bundle|quarkdrivespe\n|turn|1\n|inactive|Drembi has 30 seconds left.\n|inactive|Prompto88 has 30 seconds left.\n|\n|t:|1681723928\n|move|p2b: Iron Bundle|Icy Wind|p1a: Glimmora|[spread] p1a,p1b\n|-crit|p1a: Glimmora\n|-damage|p1a: Glimmora|83\/100\n|-damage|p1b: Maushold|79\/100\n|-unboost|p1a: Glimmora|spe|1\n|-unboost|p1b: Maushold|spe|1\n|move|p1b: Maushold|Beat Up|p1a: Glimmora\n|-damage|p1a: Glimmora|81\/100\n|-activate|p1a: Glimmora|ability: Toxic Debris\n|-sidestart|p2: Drembi|move: Toxic Spikes\n|-damage|p1a: Glimmora|79\/100\n|-activate|p1a: Glimmora|ability: Toxic Debris\n|-sidestart|p2: Drembi|move: Toxic Spikes\n|-damage|p1a: Glimmora|77\/100\n|-crit|p1a: Glimmora\n|-damage|p1a: Glimmora|73\/100\n|-hitcount|p1a: Glimmora|4\n|move|p1a: Glimmora|Stealth Rock|p2a: Pincurchin\n|-sidestart|p2: Drembi|move: Stealth Rock\n|move|p2a: Pincurchin|Chilling Water|p1b: Maushold\n|-damage|p1b: Maushold|66\/100\n|-unboost|p1b: Maushold|atk|1\n|\n|upkeep\n|turn|2\n|\n|t:|1681723953\n|move|p2b: Iron Bundle|Hydro Pump|p1a: Glimmora\n|-supereffective|p1a: Glimmora\n|-damage|p1a: Glimmora|9\/100\n|move|p1b: Maushold|Super Fang|p2b: Iron Bundle\n|-damage|p2b: Iron Bundle|51\/100\n|move|p1a: Glimmora|Mortal Spin|p2b: Iron Bundle|[spread] p2a,p2b\n|-damage|p2a: Pincurchin|95\/100\n|-damage|p2b: Iron Bundle|44\/100\n|-status|p2a: Pincurchin|psn\n|-status|p2b: Iron Bundle|psn\n|move|p2a: Pincurchin|Chilling Water|p1b: Maushold\n|-damage|p1b: Maushold|55\/100\n|-unboost|p1b: Maushold|atk|1\n|\n|-heal|p2a: Pincurchin|100\/100 psn|[from] item: Leftovers\n|-damage|p2b: Iron Bundle|32\/100 psn|[from] psn\n|-damage|p2a: Pincurchin|88\/100 psn|[from] psn\n|upkeep\n|turn|3\n|\n|t:|1681723974\n|move|p1b: Maushold|Protect|p1b: Maushold\n|-singleturn|p1b: Maushold|Protect\n|move|p1a: Glimmora|Protect|p1a: Glimmora\n|-singleturn|p1a: Glimmora|Protect\n|move|p2b: Iron Bundle|Icy Wind|p1a: Glimmora|[spread] \n|-activate|p1a: Glimmora|move: Protect\n|-activate|p1b: Maushold|move: Protect\n|move|p2a: Pincurchin|Thunderbolt|p1b: Maushold\n|-activate|p1b: Maushold|move: Protect\n|\n|-heal|p2a: Pincurchin|94\/100 psn|[from] item: Leftovers\n|-damage|p2b: Iron Bundle|20\/100 psn|[from] psn\n|-damage|p2a: Pincurchin|82\/100 psn|[from] psn\n|upkeep\n|turn|4\n|\n|t:|1681723992\n|move|p1b: Maushold|Follow Me|p1b: Maushold\n|-singleturn|p1b: Maushold|move: Follow Me\n|move|p2b: Iron Bundle|Icy Wind|p1b: Maushold|[spread] p1a,p1b\n|-damage|p1a: Glimmora|0 fnt\n|-damage|p1b: Maushold|32\/100\n|-unboost|p1b: Maushold|spe|1\n|faint|p1a: Glimmora\n|move|p2a: Pincurchin|Thunderbolt|p1b: Maushold\n|-damage|p1b: Maushold|0 fnt\n|faint|p1b: Maushold\n|\n|-heal|p2a: Pincurchin|88\/100 psn|[from] item: Leftovers\n|-damage|p2b: Iron Bundle|7\/100 psn|[from] psn\n|-damage|p2a: Pincurchin|75\/100 psn|[from] psn\n|upkeep\n|\n|t:|1681724004\n|switch|p1b: Ting-Lu|Ting-Lu, L50|100\/100\n|switch|p1a: Wo-Chien|Wo-Chien, L50|100\/100\n|-ability|p1a: Wo-Chien|Tablets of Ruin\n|-ability|p1b: Ting-Lu|Vessel of Ruin\n|turn|5\n|\n|t:|1681724026\n|-terastallize|p1a: Wo-Chien|Poison\n|move|p2b: Iron Bundle|Icy Wind|p1b: Ting-Lu|[spread] p1a,p1b\n|-supereffective|p1b: Ting-Lu\n|-damage|p1a: Wo-Chien|92\/100\n|-damage|p1b: Ting-Lu|86\/100\n|-unboost|p1a: Wo-Chien|spe|1\n|-unboost|p1b: Ting-Lu|spe|1\n|move|p1a: Wo-Chien|Leech Seed|p2a: Pincurchin\n|-start|p2a: Pincurchin|move: Leech Seed\n|move|p1b: Ting-Lu|Stomping Tantrum|p2a: Pincurchin\n|-supereffective|p2a: Pincurchin\n|-damage|p2a: Pincurchin|37\/100 psn\n|move|p2a: Pincurchin|Chilling Water|p1a: Wo-Chien\n|-damage|p1a: Wo-Chien|87\/100\n|-unboost|p1a: Wo-Chien|atk|1\n|\n|-heal|p2a: Pincurchin|42\/100 psn|[from] item: Leftovers\n|-damage|p2a: Pincurchin|30\/100 psn|[from] Leech Seed|[of] p1a: Wo-Chien\n|-heal|p1a: Wo-Chien|100\/100|[silent]\n|-damage|p2b: Iron Bundle|0 fnt|[from] psn\n|faint|p2b: Iron Bundle\n|-end|p2b: Iron Bundle|Quark Drive|[silent]\n|-damage|p2a: Pincurchin|18\/100 psn|[from] psn\n|-fieldend|move: Electric Terrain\n|upkeep\n|\n|t:|1681724050\n|switch|p2b: Iron Valiant|Iron Valiant, L50|100\/100\n|-status|p2b: Iron Valiant|tox\n|-damage|p2b: Iron Valiant|94\/100 tox|[from] Stealth Rock\n|turn|6\n|\n|t:|1681724068\n|switch|p2a: Brute Bonnet|Brute Bonnet, L50|100\/100\n|-status|p2a: Brute Bonnet|tox\n|-damage|p2a: Brute Bonnet|88\/100 tox|[from] Stealth Rock\n|move|p2b: Iron Valiant|Spirit Break|p1b: Ting-Lu\n|-supereffective|p1b: Ting-Lu\n|-damage|p1b: Ting-Lu|54\/100\n|-unboost|p1b: Ting-Lu|spa|1\n|move|p1a: Wo-Chien|Substitute|p1a: Wo-Chien\n|-start|p1a: Wo-Chien|Substitute\n|-damage|p1a: Wo-Chien|75\/100\n|move|p1b: Ting-Lu|Ruination|p2b: Iron Valiant\n|-damage|p2b: Iron Valiant|47\/100 tox\n|\n|-damage|p2b: Iron Valiant|41\/100 tox|[from] psn\n|-damage|p2a: Brute Bonnet|82\/100 tox|[from] psn\n|upkeep\n|turn|7\n|inactive|Drembi has 30 seconds left.\n|\n|t:|1681724097\n|move|p2b: Iron Valiant|Spirit Break|p1b: Ting-Lu\n|-supereffective|p1b: Ting-Lu\n|-damage|p1b: Ting-Lu|21\/100\n|-unboost|p1b: Ting-Lu|spa|1\n|move|p2a: Brute Bonnet|Seed Bomb|p1b: Ting-Lu\n|-supereffective|p1b: Ting-Lu\n|-damage|p1b: Ting-Lu|0 fnt\n|faint|p1b: Ting-Lu\n|move|p1a: Wo-Chien|Pollen Puff|p2a: Brute Bonnet\n|-supereffective|p2a: Brute Bonnet\n|-damage|p2a: Brute Bonnet|18\/100 tox\n|-enditem|p2a: Brute Bonnet|Sitrus Berry|[eat]\n|-heal|p2a: Brute Bonnet|43\/100 tox|[from] item: Sitrus Berry\n|\n|-damage|p2b: Iron Valiant|29\/100 tox|[from] psn\n|-damage|p2a: Brute Bonnet|31\/100 tox|[from] psn\n|upkeep\n|turn|8\n|\n|t:|1681724116\n|-end|p2a: Brute Bonnet|Protosynthesis|[silent]\n|switch|p2a: Pincurchin|Pincurchin, L50, M|18\/100 psn\n|-damage|p2a: Pincurchin|6\/100 psn|[from] Stealth Rock\n|-fieldstart|move: Electric Terrain|[from] ability: Electric Surge|[of] p2a: Pincurchin\n|-activate|p2b: Iron Valiant|ability: Quark Drive\n|-start|p2b: Iron Valiant|quarkdriveatk\n|move|p1a: Wo-Chien|Protect|p1a: Wo-Chien\n|-singleturn|p1a: Wo-Chien|Protect\n|move|p2b: Iron Valiant|Spirit Break|p1a: Wo-Chien\n|-activate|p1a: Wo-Chien|move: Protect\n|\n|-heal|p2a: Pincurchin|11\/100 psn|[from] item: Leftovers\n|-damage|p2b: Iron Valiant|11\/100 tox|[from] psn\n|-damage|p2a: Pincurchin|0 fnt|[from] psn\n|faint|p2a: Pincurchin\n|upkeep\n|\n|t:|1681724131\n|switch|p2a: Brute Bonnet|Brute Bonnet, L50|31\/100 tox\n|-damage|p2a: Brute Bonnet|18\/100 tox|[from] Stealth Rock\n|turn|9\n|\n|t:|1681724145\n|move|p1a: Wo-Chien|Protect||[still]\n|-fail|p1a: Wo-Chien\n|move|p2b: Iron Valiant|Spirit Break|p1a: Wo-Chien\n|-resisted|p1a: Wo-Chien\n|-activate|p1a: Wo-Chien|move: Substitute|[damage]\n|move|p2a: Brute Bonnet|Seed Bomb|p1a: Wo-Chien\n|-resisted|p1a: Wo-Chien\n|-end|p1a: Wo-Chien|Substitute\n|\n|-damage|p2b: Iron Valiant|0 fnt|[from] psn\n|faint|p2b: Iron Valiant\n|-end|p2b: Iron Valiant|Quark Drive|[silent]\n|-damage|p2a: Brute Bonnet|12\/100 tox|[from] psn\n|upkeep\n|turn|10\n|\n|t:|1681724160\n|move|p1a: Wo-Chien|Protect|p1a: Wo-Chien\n|-singleturn|p1a: Wo-Chien|Protect\n|move|p2a: Brute Bonnet|Crunch|p1a: Wo-Chien\n|-activate|p1a: Wo-Chien|move: Protect\n|\n|-damage|p2a: Brute Bonnet|0 fnt|[from] psn\n|faint|p2a: Brute Bonnet\n|-end|p2a: Brute Bonnet|Protosynthesis|[silent]\n|\n|win|Prompto88\n|upkeep\n|raw|Prompto88's rating: 1132 → 1152<\/strong> (+20 for winning)\n|raw|Drembi's rating: 1055 → 1041<\/strong> (-14 for losing)\n","uploadtime":1681724172,"views":15,"p1id":"prompto88","p2id":"drembi","formatid":"gen9vgc2023regulationc","rating":1041,"private":0,"password":""}