{"id":"gen9vgc2023regulationc-1854135049","p1":"Esspecialy","p2":"NarcioW","format":"[Gen 9] VGC 2023 Regulation C","log":"|j|\u2606Esspecialy\n|j|\u2606NarcioW\n|t:|1682774647\n|gametype|doubles\n|player|p1|Esspecialy|burglar|1347\n|player|p2|NarcioW|riley|1315\n|teamsize|p1|6\n|teamsize|p2|6\n|gen|9\n|tier|[Gen 9] VGC 2023 Regulation C\n|rated|\n|rule|Species Clause: Limit one of each Pok\u00e9mon\n|rule|Item Clause: Limit one of each item\n|clearpoke\n|poke|p1|Iron Jugulis, L50|\n|poke|p1|Azumarill, L50, F|\n|poke|p1|Pincurchin, L50, M|\n|poke|p1|Lilligant, L50, F|\n|poke|p1|Iron Treads, L50|\n|poke|p1|Ceruledge, L50, M|\n|poke|p2|Orthworm, L50, F|\n|poke|p2|Dragonite, L50, F|\n|poke|p2|Ting-Lu, L50|\n|poke|p2|Gyarados, L50, M|\n|poke|p2|Flutter Mane, L50|\n|poke|p2|Chien-Pao, L50|\n|teampreview|4\n|\n|t:|1682774691\n|start\n|switch|p1a: E-Marill|Azumarill, L50, F|100\/100\n|switch|p1b: E-Ledge|Ceruledge, L50, M|100\/100\n|switch|p2a: Ting-Lu|Ting-Lu, L50|100\/100\n|switch|p2b: Dragonite|Dragonite, L50, F|100\/100\n|-ability|p2a: Ting-Lu|Vessel of Ruin\n|turn|1\n|\n|t:|1682774720\n|-terastallize|p1b: E-Ledge|Grass\n|move|p2b: Dragonite|Earthquake|p1a: E-Marill|[spread] p2a,p1a,p1b\n|-resisted|p1b: E-Ledge\n|-damage|p2a: Ting-Lu|84\/100\n|-damage|p1a: E-Marill|74\/100\n|-damage|p1b: E-Ledge|88\/100\n|move|p1b: E-Ledge|Bulk Up|p1b: E-Ledge\n|-boost|p1b: E-Ledge|atk|1\n|-boost|p1b: E-Ledge|def|1\n|move|p2a: Ting-Lu|Earthquake|p1b: E-Ledge|[spread] p1a,p1b\n|-immune|p2b: Dragonite\n|-resisted|p1b: E-Ledge\n|-damage|p1a: E-Marill|19\/100\n|-damage|p1b: E-Ledge|71\/100\n|move|p1a: E-Marill|Ice Spinner|p2b: Dragonite\n|-supereffective|p2b: Dragonite\n|-damage|p2b: Dragonite|29\/100\n|\n|upkeep\n|turn|2\n|\n|t:|1682774765\n|switch|p2a: Orthworm|Orthworm, L50, F|100\/100\n|move|p1a: E-Marill|Aqua Jet|p2b: Dragonite\n|-resisted|p2b: Dragonite\n|-damage|p2b: Dragonite|15\/100\n|move|p2b: Dragonite|Earthquake|p1a: E-Marill|[spread] p1a,p1b\n|-immune|p2a: Orthworm|[from] ability: Earth Eater\n|-crit|p1a: E-Marill\n|-resisted|p1b: E-Ledge\n|-damage|p1a: E-Marill|0 fnt\n|-damage|p1b: E-Ledge|63\/100\n|faint|p1a: E-Marill\n|move|p1b: E-Ledge|Bulk Up|p1b: E-Ledge\n|-boost|p1b: E-Ledge|atk|1\n|-boost|p1b: E-Ledge|def|1\n|\n|upkeep\n|\n|t:|1682774775\n|switch|p1a: E-Treads|Iron Treads, L50, shiny|100\/100\n|turn|3\n|\n|t:|1682774790\n|-terastallize|p2a: Orthworm|Fire\n|move|p1a: E-Treads|Rock Slide|p2b: Dragonite|[spread] p2a,p2b\n|-supereffective|p2a: Orthworm\n|-supereffective|p2b: Dragonite\n|-damage|p2a: Orthworm|62\/100\n|-damage|p2b: Dragonite|0 fnt\n|faint|p2b: Dragonite\n|move|p1b: E-Ledge|Bitter Blade|p2a: Orthworm\n|-resisted|p2a: Orthworm\n|-damage|p2a: Orthworm|36\/100\n|-heal|p1b: E-Ledge|75\/100|[from] drain|[of] p2a: Orthworm\n|-enditem|p2a: Orthworm|Sitrus Berry|[eat]\n|-heal|p2a: Orthworm|61\/100|[from] item: Sitrus Berry\n|move|p2a: Orthworm|Iron Defense|p2a: Orthworm\n|-boost|p2a: Orthworm|def|2\n|\n|upkeep\n|\n|t:|1682774816\n|switch|p2b: Ting-Lu|Ting-Lu, L50|84\/100\n|-ability|p2b: Ting-Lu|Vessel of Ruin\n|turn|4\n|\n|t:|1682774841\n|move|p1a: E-Treads|Rock Slide|p2b: Ting-Lu|[spread] p2b\n|-miss|p1a: E-Treads|p2a: Orthworm\n|-resisted|p2b: Ting-Lu\n|-damage|p2b: Ting-Lu|75\/100\n|move|p1b: E-Ledge|Bitter Blade|p2b: Ting-Lu\n|-damage|p2b: Ting-Lu|19\/100\n|-heal|p1b: E-Ledge|100\/100|[from] drain|[of] p2b: Ting-Lu\n|move|p2b: Ting-Lu|Earthquake|p1a: E-Treads|[spread] p1a,p1b\n|-heal|p2a: Orthworm|86\/100|[from] ability: Earth Eater|[of] p2b: Ting-Lu\n|-supereffective|p1a: E-Treads\n|-resisted|p1b: E-Ledge\n|-damage|p1a: E-Treads|7\/100\n|-damage|p1b: E-Ledge|87\/100\n|move|p2a: Orthworm|Shed Tail|p2a: Orthworm\n|-start|p2a: Orthworm|Substitute|[from] move: Shed Tail\n|-damage|p2a: Orthworm|36\/100\n|\n|t:|1682774856\n|switch|p2a: Flutter Mane|Flutter Mane, L50|100\/100|[from] Shed Tail\n|\n|upkeep\n|turn|5\n|\n|t:|1682774874\n|switch|p2b: Orthworm|Orthworm, L50, F, tera:Fire|36\/100\n|move|p2a: Flutter Mane|Dazzling Gleam|p1b: E-Ledge|[spread] p1a,p1b\n|-resisted|p1a: E-Treads\n|-damage|p1a: E-Treads|0 fnt\n|-damage|p1b: E-Ledge|49\/100\n|faint|p1a: E-Treads\n|-end|p1a: E-Treads|Quark Drive|[silent]\n|move|p1b: E-Ledge|Bitter Blade|p2b: Orthworm\n|-resisted|p2b: Orthworm\n|-damage|p2b: Orthworm|8\/100\n|-heal|p1b: E-Ledge|63\/100|[from] drain|[of] p2b: Orthworm\n|\n|upkeep\n|\n|t:|1682774879\n|switch|p1a: E-Churchin|Pincurchin, L50, M, shiny|100\/100\n|-fieldstart|move: Electric Terrain|[from] ability: Electric Surge|[of] p1a: E-Churchin\n|turn|6\n|\n|t:|1682774918\n|move|p2a: Flutter Mane|Dazzling Gleam|p1b: E-Ledge|[spread] p1a,p1b\n|-damage|p1a: E-Churchin|54\/100\n|-damage|p1b: E-Ledge|26\/100\n|move|p1b: E-Ledge|Bitter Blade|p2a: Flutter Mane\n|-end|p2a: Flutter Mane|Substitute\n|-heal|p1b: E-Ledge|38\/100|[from] drain|[of] p2a: Flutter Mane\n|move|p2b: Orthworm|Heavy Slam|p1b: E-Ledge\n|-damage|p1b: E-Ledge|20\/100\n|move|p1a: E-Churchin|Zing Zap|p2a: Flutter Mane\n|-damage|p2a: Flutter Mane|45\/100\n|\n|upkeep\n|turn|7\n|\n|t:|1682774935\n|move|p1b: E-Ledge|Shadow Sneak|p2a: Flutter Mane\n|-supereffective|p2a: Flutter Mane\n|-damage|p2a: Flutter Mane|0 fnt\n|faint|p2a: Flutter Mane\n|-end|p2a: Flutter Mane|Protosynthesis|[silent]\n|move|p1a: E-Churchin|Sucker Punch|p2b: Orthworm\n|-damage|p2b: Orthworm|0 fnt\n|faint|p2b: Orthworm\n|\n|upkeep\n|\n|t:|1682774943\n|switch|p2a: Ting-Lu|Ting-Lu, L50|19\/100\n|-ability|p2a: Ting-Lu|Vessel of Ruin\n|turn|8\n|\n|t:|1682774952\n|move|p1a: E-Churchin|Sucker Punch|p2a: Ting-Lu\n|-resisted|p2a: Ting-Lu\n|-damage|p2a: Ting-Lu|14\/100\n|move|p1b: E-Ledge|Bitter Blade|p2a: Ting-Lu\n|-damage|p2a: Ting-Lu|0 fnt\n|-heal|p1b: E-Ledge|29\/100|[from] drain|[of] p2a: Ting-Lu\n|faint|p2a: Ting-Lu\n|\n|win|Esspecialy\n|raw|Esspecialy's rating: 1347 → 1365<\/strong> (+18 for winning)\n|raw|NarcioW's rating: 1315 → 1297<\/strong> (-18 for losing)\n","uploadtime":1682774957,"views":51,"p1id":"esspecialy","p2id":"narciow","formatid":"gen9vgc2023regulationc","rating":1297,"private":0,"password":""}