{"id":"gen9vgc2023regulationc-1862471324","p1":"Bbeghdhdhsh","p2":"Veihll","format":"[Gen 9] VGC 2023 Regulation C","log":"|j|\u2606Bbeghdhdhsh\n|j|\u2606Veihll\n|t:|1683891143\n|gametype|doubles\n|player|p1|Bbeghdhdhsh|265|1255\n|player|p2|Veihll|1|1157\n|teamsize|p1|6\n|teamsize|p2|6\n|gen|9\n|tier|[Gen 9] VGC 2023 Regulation C\n|rated|\n|rule|Species Clause: Limit one of each Pok\u00e9mon\n|rule|Item Clause: Limit one of each item\n|clearpoke\n|poke|p1|Oranguru, L50, M|\n|poke|p1|Ting-Lu, L50|\n|poke|p1|Baxcalibur, L50, F|\n|poke|p1|Iron Hands, L50|\n|poke|p1|Flutter Mane, L50|\n|poke|p1|Corviknight, L50, F|\n|poke|p2|Umbreon, L50, F|\n|poke|p2|Garchomp, L50, M|\n|poke|p2|Corviknight, L50, M|\n|poke|p2|Goodra, L50, M|\n|poke|p2|Rotom-Wash, L50|\n|poke|p2|Volcarona, L50, F|\n|teampreview|4\n|\n|t:|1683891201\n|start\n|switch|p1a: Oranguru|Oranguru, L50, M|100\/100\n|switch|p1b: Baxcalibur|Baxcalibur, L50, F|100\/100\n|switch|p2a: Corviknight|Corviknight, L50, M|100\/100\n|switch|p2b: Garchomp|Garchomp, L50, M, shiny|100\/100\n|turn|1\n|\n|t:|1683891236\n|-terastallize|p2b: Garchomp|Ground\n|move|p1a: Oranguru|Protect|p1a: Oranguru\n|-singleturn|p1a: Oranguru|Protect\n|move|p1b: Baxcalibur|Ice Shard|p2b: Garchomp\n|-supereffective|p2b: Garchomp\n|-damage|p2b: Garchomp|22\/100\n|move|p2b: Garchomp|Earthquake|p1a: Oranguru|[spread] p1b\n|-activate|p1a: Oranguru|move: Protect\n|-immune|p2a: Corviknight\n|-damage|p1b: Baxcalibur|54\/100\n|move|p2a: Corviknight|Brave Bird|p1a: Oranguru\n|-activate|p1a: Oranguru|move: Protect\n|\n|upkeep\n|turn|2\n|\n|t:|1683891258\n|move|p2b: Garchomp|Protect|p2b: Garchomp\n|-singleturn|p2b: Garchomp|Protect\n|move|p1b: Baxcalibur|Ice Shard|p2b: Garchomp\n|-activate|p2b: Garchomp|move: Protect\n|move|p2a: Corviknight|Bulk Up|p2a: Corviknight\n|-boost|p2a: Corviknight|atk|1\n|-boost|p2a: Corviknight|def|1\n|move|p1a: Oranguru|Trick Room|p1a: Oranguru\n|-fieldstart|move: Trick Room|[of] p1a: Oranguru\n|\n|upkeep\n|turn|3\n|\n|t:|1683891275\n|switch|p2b: Rotom|Rotom-Wash, L50, shiny|100\/100\n|move|p1b: Baxcalibur|Ice Shard|p2b: Rotom\n|-resisted|p2b: Rotom\n|-damage|p2b: Rotom|81\/100\n|move|p1a: Oranguru|Encore|p2a: Corviknight\n|-start|p2a: Corviknight|Encore\n|move|p2a: Corviknight|Bulk Up|p2a: Corviknight\n|-boost|p2a: Corviknight|atk|1\n|-boost|p2a: Corviknight|def|1\n|\n|upkeep\n|turn|4\n|\n|t:|1683891298\n|switch|p1b: Iron Hands|Iron Hands, L50|100\/100\n|move|p1a: Oranguru|Protect|p1a: Oranguru\n|-singleturn|p1a: Oranguru|Protect\n|move|p2a: Corviknight|Bulk Up|p2a: Corviknight\n|-boost|p2a: Corviknight|atk|1\n|-boost|p2a: Corviknight|def|1\n|move|p2b: Rotom|Trick|p1a: Oranguru\n|-activate|p1a: Oranguru|move: Protect\n|\n|upkeep\n|turn|5\n|\n|t:|1683891326\n|move|p1b: Iron Hands|Wild Charge|p2b: Rotom\n|-crit|p2b: Rotom\n|-damage|p2b: Rotom|0 fnt\n|faint|p2b: Rotom\n|-damage|p1b: Iron Hands|87\/100|[from] Recoil\n|move|p1a: Oranguru|Instruct|p1b: Iron Hands\n|-singleturn|p1b: Iron Hands|move: Instruct|[of] p1a: Oranguru\n|move|p1b: Iron Hands|Wild Charge|p2a: Corviknight\n|-supereffective|p2a: Corviknight\n|-damage|p2a: Corviknight|61\/100\n|-damage|p1b: Iron Hands|79\/100|[from] Recoil\n|move|p2a: Corviknight|Bulk Up|p2a: Corviknight\n|-boost|p2a: Corviknight|atk|1\n|-boost|p2a: Corviknight|def|1\n|\n|-end|p2a: Corviknight|Encore\n|upkeep\n|\n|t:|1683891343\n|switch|p2b: Garchomp|Garchomp, L50, M, shiny, tera:Ground|22\/100\n|turn|6\n|\n|t:|1683891362\n|move|p1b: Iron Hands|Drain Punch|p2b: Garchomp\n|-damage|p2b: Garchomp|0 fnt\n|-heal|p1b: Iron Hands|87\/100|[from] drain|[of] p2b: Garchomp\n|-damage|p1b: Iron Hands|75\/100|[from] ability: Rough Skin|[of] p2b: Garchomp\n|faint|p2b: Garchomp\n|move|p1a: Oranguru|Encore|p2a: Corviknight\n|-start|p2a: Corviknight|Encore\n|move|p2a: Corviknight|Bulk Up|p2a: Corviknight\n|-boost|p2a: Corviknight|atk|1\n|-boost|p2a: Corviknight|def|1\n|\n|-fieldend|move: Trick Room\n|upkeep\n|\n|t:|1683891373\n|switch|p2b: Goodra|Goodra, L50, M|100\/100\n|turn|7\n|\n|t:|1683891386\n|-end|p1b: Iron Hands|Quark Drive|[silent]\n|switch|p1b: Baxcalibur|Baxcalibur, L50, F|54\/100\n|move|p2b: Goodra|Acid Spray|p1a: Oranguru\n|-damage|p1a: Oranguru|91\/100\n|-unboost|p1a: Oranguru|spd|2\n|move|p2a: Corviknight|Bulk Up|p2a: Corviknight\n|-boost|p2a: Corviknight|atk|1\n|-boost|p2a: Corviknight|def|1\n|move|p1a: Oranguru|Trick Room|p1a: Oranguru\n|-fieldstart|move: Trick Room|[of] p1a: Oranguru\n|\n|upkeep\n|turn|8\n|\n|t:|1683891412\n|move|p1a: Oranguru|Instruct||[still]\n|-fail|p1a: Oranguru\n|move|p2a: Corviknight|Bulk Up|p2a: Corviknight\n|-boost|p2a: Corviknight|atk|0\n|-boost|p2a: Corviknight|def|0\n|move|p1b: Baxcalibur|Glaive Rush|p2b: Goodra\n|-supereffective|p2b: Goodra\n|-damage|p2b: Goodra|0 fnt\n|-singlemove|p1b: Baxcalibur|Glaive Rush|[silent]\n|faint|p2b: Goodra\n|\n|-end|p2a: Corviknight|Encore\n|upkeep\n|turn|9\n|\n|t:|1683891432\n|switch|p1b: Ting-Lu|Ting-Lu, L50|100\/100\n|-ability|p1b: Ting-Lu|Vessel of Ruin\n|move|p1a: Oranguru|Encore|p2a: Corviknight\n|-start|p2a: Corviknight|Encore\n|move|p2a: Corviknight|Bulk Up|p2a: Corviknight\n|-boost|p2a: Corviknight|atk|0\n|-boost|p2a: Corviknight|def|0\n|\n|upkeep\n|turn|10\n|\n|t:|1683891449\n|-terastallize|p1b: Ting-Lu|Fire\n|move|p1b: Ting-Lu|Tera Blast|p2a: Corviknight\n|-supereffective|p2a: Corviknight\n|-damage|p2a: Corviknight|39\/100\n|-damage|p1b: Ting-Lu|90\/100|[from] item: Life Orb\n|move|p1a: Oranguru|Instruct|p1b: Ting-Lu\n|-singleturn|p1b: Ting-Lu|move: Instruct|[of] p1a: Oranguru\n|move|p1b: Ting-Lu|Tera Blast|p2a: Corviknight\n|-supereffective|p2a: Corviknight\n|-damage|p2a: Corviknight|16\/100\n|-damage|p1b: Ting-Lu|80\/100|[from] item: Life Orb\n|move|p2a: Corviknight|Bulk Up|p2a: Corviknight\n|-boost|p2a: Corviknight|atk|0\n|-boost|p2a: Corviknight|def|0\n|\n|upkeep\n|turn|11\n|-message|Veihll forfeited.\n|\n|win|Bbeghdhdhsh\n|raw|Bbeghdhdhsh's rating: 1255 → 1273<\/strong> (+18 for winning)\n|raw|Veihll's rating: 1157 → 1139<\/strong> (-18 for losing)\n|l|\u2606Veihll\n|l|\u2606Bbeghdhdhsh\n","uploadtime":1683891570,"views":14,"p1id":"bbeghdhdhsh","p2id":"veihll","formatid":"gen9vgc2023regulationc","rating":1139,"private":0,"password":""}