{"id":"gen9vgc2023regulationc-1864367502","p1":"Eldegoss32","p2":"NoDynaNoParty","format":"[Gen 9] VGC 2023 Regulation C","log":"|j|\u2606Eldegoss32\n|j|\u2606NoDynaNoParty\n|t:|1684160119\n|gametype|doubles\n|player|p1|Eldegoss32|acetrainerf|\n|player|p2|NoDynaNoParty|teamrocket|\n|teamsize|p1|6\n|teamsize|p2|6\n|gen|9\n|tier|[Gen 9] VGC 2023 Regulation C\n|rated|Tournament battle\n|rule|Species Clause: Limit one of each Pok\u00e9mon\n|rule|Item Clause: Limit one of each item\n|clearpoke\n|poke|p1|Toxtricity, L50, F|\n|poke|p1|Murkrow, L50, F|\n|poke|p1|Great Tusk, L50|\n|poke|p1|Flutter Mane, L50|\n|poke|p1|Gholdengo, L50|\n|poke|p1|Chi-Yu, L50|\n|poke|p2|Annihilape, L50, F|\n|poke|p2|Maushold-Four, L50|\n|poke|p2|Arcanine, L50, M|\n|poke|p2|Iron Bundle, L50|\n|poke|p2|Roaring Moon, L50|\n|poke|p2|Gholdengo, L50|\n|teampreview|4\n|raw| Open Team Sheet for Eldegoss32<\/summary>Toxtricity @ Life Orb Ability: Punk Rock Level: 50 Tera Type: Normal - Overdrive - Boomburst - Sludge Bomb - Protect Murkrow @ Covert Cloak Ability: Prankster Level: 50 Tera Type: Flying - Tailwind - Sunny Day - Haze - Brave Bird Great Tusk @ Choice Band Ability: Protosynthesis Level: 50 Hidden Power: Fighting Tera Type: Ground - Earthquake - Close Combat - Headlong Rush - Head Smash Flutter Mane @ Safety Goggles Ability: Protosynthesis Level: 50 Tera Type: Fairy - Moonblast - Dazzling Gleam - Shadow Ball - Protect Gholdengo @ Choice Specs Ability: Good as Gold Level: 50 Tera Type: Steel - Make It Rain - Shadow Ball - Thunderbolt - Power Gem Chi-Yu @ Charcoal Ability: Beads of Ruin Level: 50 Tera Type: Water - Overheat - Heat Wave - Dark Pulse - Protect <\/details><\/div> Open Team Sheet for NoDynaNoParty<\/summary>Annihilape @ Sitrus Berry Ability: Defiant Level: 50 Tera Type: Water - Drain Punch - Rage Fist - Protect - Bulk Up Maushold (Maushold-Four) @ Safety Goggles Ability: Friend Guard Level: 50 Tera Type: Ghost - Super Fang - Beat Up - Protect - Follow Me Arcanine (M) @ Assault Vest Ability: Intimidate Level: 50 Shiny: Yes Tera Type: Grass - Flare Blitz - Extreme Speed - Snarl - Close Combat Iron Bundle @ Covert Cloak Ability: Quark Drive Level: 50 Tera Type: Poison - Freeze-Dry - Icy Wind - Protect - Encore Roaring Moon @ Booster Energy Ability: Protosynthesis Level: 50 Tera Type: Flying - Acrobatics - Breaking Swipe - Protect - Tailwind Gholdengo @ Leftovers Ability: Good as Gold Level: 50 Tera Type: Water - Make It Rain - Shadow Ball - Nasty Plot - Protect <\/details><\/div>\n|inactive|Battle timer is ON: inactive players will automatically lose when time's up. (requested by Eldegoss32)\n|\n|t:|1684160173\n|start\n|switch|p1a: Murkrow|Murkrow, L50, F|100\/100\n|switch|p1b: Flutter Mane|Flutter Mane, L50|100\/100\n|switch|p2a: Arcanine|Arcanine, L50, M, shiny|100\/100\n|switch|p2b: Iron Bundle|Iron Bundle, L50|100\/100\n|-ability|p2a: Arcanine|Intimidate|boost\n|-unboost|p1a: Murkrow|atk|1\n|-unboost|p1b: Flutter Mane|atk|1\n|turn|1\n|inactive|Eldegoss32 has 30 seconds left.\n|\n|t:|1684160198\n|move|p2b: Iron Bundle|Protect|p2b: Iron Bundle\n|-singleturn|p2b: Iron Bundle|Protect\n|move|p1b: Flutter Mane|Protect|p1b: Flutter Mane\n|-singleturn|p1b: Flutter Mane|Protect\n|move|p1a: Murkrow|Tailwind|p1a: Murkrow\n|-sidestart|p1: Eldegoss32|move: Tailwind\n|move|p2a: Arcanine|Snarl|p1b: Flutter Mane|[spread] p1a\n|-activate|p1b: Flutter Mane|move: Protect\n|-resisted|p1a: Murkrow\n|-damage|p1a: Murkrow|91\/100\n|\n|upkeep\n|turn|2\n|\n|t:|1684160212\n|-terastallize|p2b: Iron Bundle|Poison\n|move|p1a: Murkrow|Sunny Day|p1a: Murkrow\n|-weather|SunnyDay\n|-activate|p1b: Flutter Mane|ability: Protosynthesis\n|-start|p1b: Flutter Mane|protosynthesisspa\n|move|p1b: Flutter Mane|Shadow Ball|p2b: Iron Bundle\n|-damage|p2b: Iron Bundle|0 fnt\n|faint|p2b: Iron Bundle\n|-end|p2b: Iron Bundle|Quark Drive|[silent]\n|move|p2a: Arcanine|Snarl|p1a: Murkrow|[spread] p1a,p1b\n|-resisted|p1a: Murkrow\n|-damage|p1a: Murkrow|82\/100\n|-damage|p1b: Flutter Mane|92\/100\n|-unboost|p1b: Flutter Mane|spa|1\n|\n|-weather|SunnyDay|[upkeep]\n|upkeep\n|\n|t:|1684160228\n|switch|p2b: Gholdengo|Gholdengo, L50|100\/100\n|turn|3\n|\n|t:|1684160243\n|move|p1a: Murkrow|Haze|p1a: Murkrow\n|-clearallboost\n|move|p1b: Flutter Mane|Shadow Ball|p2a: Arcanine\n|-crit|p2a: Arcanine\n|-damage|p2a: Arcanine|47\/100\n|move|p2a: Arcanine|Snarl|p1b: Flutter Mane|[spread] p1a,p1b\n|-resisted|p1a: Murkrow\n|-damage|p1a: Murkrow|74\/100\n|-damage|p1b: Flutter Mane|84\/100\n|-unboost|p1b: Flutter Mane|spa|1\n|move|p2b: Gholdengo|Nasty Plot|p2b: Gholdengo\n|-boost|p2b: Gholdengo|spa|2\n|\n|-weather|SunnyDay|[upkeep]\n|upkeep\n|turn|4\n|inactive|Eldegoss32 has 30 seconds left.\n|\n|t:|1684160275\n|move|p1b: Flutter Mane|Protect|p1b: Flutter Mane\n|-singleturn|p1b: Flutter Mane|Protect\n|move|p2b: Gholdengo|Protect|p2b: Gholdengo\n|-singleturn|p2b: Gholdengo|Protect\n|move|p1a: Murkrow|Haze|p1a: Murkrow\n|-clearallboost\n|move|p2a: Arcanine|Flare Blitz|p1b: Flutter Mane\n|-activate|p1b: Flutter Mane|move: Protect\n|\n|-weather|SunnyDay|[upkeep]\n|-sideend|p1: Eldegoss32|move: Tailwind\n|upkeep\n|turn|5\n|\n|t:|1684160284\n|move|p1a: Murkrow|Tailwind|p1a: Murkrow\n|-sidestart|p1: Eldegoss32|move: Tailwind\n|move|p1b: Flutter Mane|Shadow Ball|p2b: Gholdengo\n|-supereffective|p2b: Gholdengo\n|-damage|p2b: Gholdengo|3\/100\n|move|p2a: Arcanine|Flare Blitz|p1b: Flutter Mane\n|-damage|p1b: Flutter Mane|0 fnt\n|faint|p1b: Flutter Mane\n|-end|p1b: Flutter Mane|Protosynthesis|[silent]\n|-damage|p2a: Arcanine|27\/100|[from] Recoil\n|move|p2b: Gholdengo|Make It Rain|p1a: Murkrow\n|-damage|p1a: Murkrow|0 fnt\n|-unboost|p2b: Gholdengo|spa|1\n|faint|p1a: Murkrow\n|\n|-weather|SunnyDay|[upkeep]\n|-heal|p2b: Gholdengo|9\/100|[from] item: Leftovers\n|upkeep\n|\n|t:|1684160289\n|switch|p1b: Great Tusk|Great Tusk, L50|100\/100\n|switch|p1a: Toxtricity|Toxtricity, L50, F|100\/100\n|-activate|p1b: Great Tusk|ability: Protosynthesis\n|-start|p1b: Great Tusk|protosynthesisatk\n|turn|6\n|inactive|NoDynaNoParty has 30 seconds left.\n|\n|t:|1684160320\n|move|p2b: Gholdengo|Protect|p2b: Gholdengo\n|-singleturn|p2b: Gholdengo|Protect\n|move|p2a: Arcanine|Extreme Speed|p1a: Toxtricity\n|-damage|p1a: Toxtricity|70\/100\n|move|p1b: Great Tusk|Close Combat|p2a: Arcanine\n|-damage|p2a: Arcanine|0 fnt\n|-unboost|p1b: Great Tusk|def|1\n|-unboost|p1b: Great Tusk|spd|1\n|faint|p2a: Arcanine\n|move|p1a: Toxtricity|Overdrive|p2b: Gholdengo\n|-activate|p2b: Gholdengo|move: Protect\n|\n|-weather|none\n|-end|p1b: Great Tusk|Protosynthesis\n|-heal|p2b: Gholdengo|15\/100|[from] item: Leftovers\n|upkeep\n|\n|t:|1684160334\n|switch|p2a: Roaring Moon|Roaring Moon, L50|100\/100\n|-enditem|p2a: Roaring Moon|Booster Energy\n|-activate|p2a: Roaring Moon|ability: Protosynthesis|[fromitem]\n|-start|p2a: Roaring Moon|protosynthesisspe\n|turn|7\n|\n|t:|1684160345\n|move|p2a: Roaring Moon|Acrobatics|p1b: Great Tusk\n|-supereffective|p1b: Great Tusk\n|-damage|p1b: Great Tusk|22\/100\n|move|p1b: Great Tusk|Close Combat|p2a: Roaring Moon\n|-supereffective|p2a: Roaring Moon\n|-damage|p2a: Roaring Moon|0 fnt\n|-unboost|p1b: Great Tusk|def|1\n|-unboost|p1b: Great Tusk|spd|1\n|faint|p2a: Roaring Moon\n|-end|p2a: Roaring Moon|Protosynthesis|[silent]\n|move|p1a: Toxtricity|Overdrive|p2b: Gholdengo\n|-damage|p2b: Gholdengo|0 fnt\n|faint|p2b: Gholdengo\n|-damage|p1a: Toxtricity|60\/100|[from] item: Life Orb\n|\n|win|Eldegoss32\n|n|\u2606Eldegoss32|eldegoss32\n|n|\u2606NoDynaNoParty|nodynanoparty\n","uploadtime":1684160539,"views":6,"p1id":"eldegoss32","p2id":"nodynanoparty","formatid":"gen9vgc2023regulationc","rating":0,"private":0,"password":""}