{"id":"gen9vgc2023regulationc-1847250389","p1":"Hardboiledtogepi","p2":"hoogo moogo","format":"[Gen 9] VGC 2023 Regulation C","log":"|j|\u2606Hardboiledtogepi\n|j|\u2606hoogo moogo\n|t:|1681931481\n|gametype|doubles\n|player|p1|Hardboiledtogepi|youngn|1321\n|player|p2|hoogo moogo|169|1364\n|teamsize|p1|6\n|teamsize|p2|6\n|gen|9\n|tier|[Gen 9] VGC 2023 Regulation C\n|rated|\n|rule|Species Clause: Limit one of each Pok\u00e9mon\n|rule|Item Clause: Limit one of each item\n|clearpoke\n|poke|p1|Scizor, L50, F|\n|poke|p1|Ting-Lu, L50|\n|poke|p1|Gyarados, L50, M|\n|poke|p1|Ceruledge, L50, M|\n|poke|p1|Tyranitar, L50, F|\n|poke|p1|Amoonguss, L50, F|\n|poke|p2|Ting-Lu, L50|\n|poke|p2|Gyarados, L50, F|\n|poke|p2|Orthworm, L50, F|\n|poke|p2|Flutter Mane, L50|\n|poke|p2|Dragonite, L50, F|\n|poke|p2|Chien-Pao, L50|\n|teampreview|4\nHardboiledtogepi has agreed to open team sheets.\nhoogo moogo has agreed to open team sheets.\n|\n|t:|1681931548\n|start\n|switch|p1a: Scizor|Scizor, L50, F|100\/100\n|switch|p1b: Ceruledge|Ceruledge, L50, M|100\/100\n|switch|p2a: Flutter Mane|Flutter Mane, L50|100\/100\n|switch|p2b: Dragonite|Dragonite, L50, F|100\/100\n|turn|1\n|\n|t:|1681931586\n|-end|p2a: Flutter Mane|Protosynthesis|[silent]\n|switch|p2a: Ting-Lu|Ting-Lu, L50|100\/100\n|-ability|p2a: Ting-Lu|Vessel of Ruin\n|-terastallize|p2b: Dragonite|Flying\n|-terastallize|p1a: Scizor|Water\n|move|p1a: Scizor|Bullet Punch|p2a: Ting-Lu\n|-damage|p2a: Ting-Lu|81\/100\n|move|p1b: Ceruledge|Bulk Up|p1b: Ceruledge\n|-boost|p1b: Ceruledge|atk|1\n|-boost|p1b: Ceruledge|def|1\n|move|p2b: Dragonite|Tera Blast|p1b: Ceruledge\n|-damage|p1b: Ceruledge|53\/100\n|\n|-heal|p1b: Ceruledge|59\/100|[from] item: Leftovers\n|upkeep\n|turn|2\n|\n|t:|1681931658\n|switch|p2a: Orthworm|Orthworm, L50, F|100\/100\n|move|p1b: Ceruledge|Protect|p1b: Ceruledge\n|-singleturn|p1b: Ceruledge|Protect\n|move|p2b: Dragonite|Tera Blast|p1a: Scizor\n|-damage|p1a: Scizor|39\/100\n|move|p1a: Scizor|Swords Dance|p1a: Scizor\n|-boost|p1a: Scizor|atk|2\n|\n|-heal|p1b: Ceruledge|65\/100|[from] item: Leftovers\n|upkeep\n|turn|3\n|\n|t:|1681931688\n|switch|p2a: Ting-Lu|Ting-Lu, L50|81\/100\n|-ability|p2a: Ting-Lu|Vessel of Ruin\n|move|p1a: Scizor|Protect|p1a: Scizor\n|-singleturn|p1a: Scizor|Protect\n|move|p1b: Ceruledge|Bitter Blade|p2a: Ting-Lu\n|-crit|p2a: Ting-Lu\n|-damage|p2a: Ting-Lu|15\/100\n|-heal|p1b: Ceruledge|100\/100|[from] drain|[of] p2a: Ting-Lu\n|move|p2b: Dragonite|Tera Blast|p1a: Scizor\n|-activate|p1a: Scizor|move: Protect\n|\n|upkeep\n|turn|4\n|\n|t:|1681931716\n|move|p1a: Scizor|Bullet Punch|p2b: Dragonite\n|-damage|p2b: Dragonite|41\/100\n|move|p1b: Ceruledge|Bitter Blade|p2a: Ting-Lu\n|-damage|p2a: Ting-Lu|0 fnt\n|faint|p2a: Ting-Lu\n|move|p2b: Dragonite|Tera Blast|p1a: Scizor\n|-damage|p1a: Scizor|0 fnt\n|faint|p1a: Scizor\n|\n|upkeep\n|\n|t:|1681931734\n|switch|p1a: Tyranitar|Tyranitar, L50, F|100\/100\n|switch|p2a: Flutter Mane|Flutter Mane, L50|100\/100\n|-weather|Sandstorm|[from] ability: Sand Stream|[of] p1a: Tyranitar\n|turn|5\n|\n|t:|1681931754\n|-end|p2a: Flutter Mane|Protosynthesis|[silent]\n|switch|p2a: Orthworm|Orthworm, L50, F|100\/100\n|move|p1b: Ceruledge|Protect|p1b: Ceruledge\n|-singleturn|p1b: Ceruledge|Protect\n|move|p2b: Dragonite|Tera Blast|p1b: Ceruledge\n|-activate|p1b: Ceruledge|move: Protect\n|move|p1a: Tyranitar|Rock Slide|p2a: Orthworm|[spread] p2a,p2b\n|-resisted|p2a: Orthworm\n|-supereffective|p2b: Dragonite\n|-damage|p2a: Orthworm|90\/100\n|-damage|p2b: Dragonite|0 fnt\n|faint|p2b: Dragonite\n|\n|-weather|Sandstorm|[upkeep]\n|-damage|p1b: Ceruledge|94\/100|[from] Sandstorm\n|-heal|p1b: Ceruledge|100\/100|[from] item: Leftovers\n|upkeep\n|\n|t:|1681931766\n|switch|p2b: Flutter Mane|Flutter Mane, L50|100\/100\n|turn|6\n|\n|t:|1681931832\n|move|p1b: Ceruledge|Shadow Sneak|p2b: Flutter Mane\n|-supereffective|p2b: Flutter Mane\n|-damage|p2b: Flutter Mane|4\/100\n|move|p2b: Flutter Mane|Shadow Ball|p1b: Ceruledge\n|-supereffective|p1b: Ceruledge\n|-damage|p1b: Ceruledge|0 fnt\n|faint|p1b: Ceruledge\n|move|p2a: Orthworm|Body Press|p1a: Tyranitar\n|-supereffective|p1a: Tyranitar\n|-damage|p1a: Tyranitar|8\/100\n|move|p1a: Tyranitar|Crunch|p2b: Flutter Mane\n|-damage|p2b: Flutter Mane|0 fnt\n|faint|p2b: Flutter Mane\n|-end|p2b: Flutter Mane|Protosynthesis|[silent]\n|\n|-weather|Sandstorm|[upkeep]\n|upkeep\n|\n|t:|1681931845\n|switch|p1b: Gyarados|Gyarados, L50, M|100\/100\n|-ability|p1b: Gyarados|Intimidate|boost\n|-unboost|p2a: Orthworm|atk|1\n|turn|7\n|\n|t:|1681931859\n|move|p1b: Gyarados|Whirlpool|p2a: Orthworm\n|-damage|p2a: Orthworm|81\/100\n|-activate|p2a: Orthworm|move: Whirlpool|[of] p1b: Gyarados\n|move|p2a: Orthworm|Iron Defense|p2a: Orthworm\n|-boost|p2a: Orthworm|def|2\n|move|p1a: Tyranitar|Rock Slide|p2a: Orthworm\n|-resisted|p2a: Orthworm\n|-damage|p2a: Orthworm|73\/100\n|\n|-weather|Sandstorm|[upkeep]\n|-damage|p1b: Gyarados|95\/100|[from] Sandstorm\n|-damage|p2a: Orthworm|61\/100|[from] move: Whirlpool|[partiallytrapped]\n|upkeep\n|turn|8\n|\n|t:|1681931876\n|move|p1b: Gyarados|Taunt|p2a: Orthworm\n|-start|p2a: Orthworm|move: Taunt\n|move|p2a: Orthworm|Body Press|p1a: Tyranitar\n|-supereffective|p1a: Tyranitar\n|-damage|p1a: Tyranitar|0 fnt\n|faint|p1a: Tyranitar\n|\n|-weather|Sandstorm|[upkeep]\n|-damage|p1b: Gyarados|89\/100|[from] Sandstorm\n|-damage|p2a: Orthworm|49\/100|[from] move: Whirlpool|[partiallytrapped]\n|upkeep\n|-enditem|p2a: Orthworm|Sitrus Berry|[eat]\n|-heal|p2a: Orthworm|74\/100|[from] item: Sitrus Berry\n|turn|9\n|\n|t:|1681931893\n|move|p1b: Gyarados|Protect|p1b: Gyarados\n|-singleturn|p1b: Gyarados|Protect\n|move|p2a: Orthworm|Body Press|p1b: Gyarados\n|-activate|p1b: Gyarados|move: Protect\n|\n|-weather|none\n|-damage|p2a: Orthworm|62\/100|[from] move: Whirlpool|[partiallytrapped]\n|upkeep\n|turn|10\n|\n|t:|1681931902\n|move|p1b: Gyarados|Iron Head|p2a: Orthworm\n|-resisted|p2a: Orthworm\n|-damage|p2a: Orthworm|57\/100\n|move|p2a: Orthworm|Body Press|p1b: Gyarados\n|-resisted|p1b: Gyarados\n|-damage|p1b: Gyarados|50\/100\n|\n|-damage|p2a: Orthworm|45\/100|[from] move: Whirlpool|[partiallytrapped]\n|-end|p2a: Orthworm|move: Taunt\n|upkeep\n|turn|11\n|\n|t:|1681931916\n|move|p1b: Gyarados|Taunt|p2a: Orthworm\n|-start|p2a: Orthworm|move: Taunt\n|move|p2a: Orthworm|Body Press|p1b: Gyarados\n|-resisted|p1b: Gyarados\n|-damage|p1b: Gyarados|12\/100\n|\n|-damage|p2a: Orthworm|32\/100|[from] move: Whirlpool|[partiallytrapped]\n|upkeep\n|turn|12\n|\n|t:|1681931926\n|move|p1b: Gyarados|Protect|p1b: Gyarados\n|-singleturn|p1b: Gyarados|Protect\n|move|p2a: Orthworm|Body Press|p1b: Gyarados\n|-activate|p1b: Gyarados|move: Protect\n|\n|-end|p2a: Orthworm|Whirlpool|[partiallytrapped]\n|upkeep\n|turn|13\n|\n|t:|1681931934\n|move|p1b: Gyarados|Iron Head|p2a: Orthworm\n|-resisted|p2a: Orthworm\n|-damage|p2a: Orthworm|28\/100\n|move|p2a: Orthworm|Body Press|p1b: Gyarados\n|-resisted|p1b: Gyarados\n|-damage|p1b: Gyarados|0 fnt\n|faint|p1b: Gyarados\n|\n|win|hoogo moogo\n|raw|Hardboiledtogepi's rating: 1321 → 1303<\/strong> (-18 for losing)\n|raw|hoogo moogo's rating: 1364 → 1382<\/strong> (+18 for winning)\n|l|\u2606Hardboiledtogepi\n","uploadtime":1681932072,"views":11,"p1id":"hardboiledtogepi","p2id":"hoogomoogo","formatid":"gen9vgc2023regulationc","rating":1303,"private":0,"password":""}