{"id":"gen9vgc2023regulationc-1860085976","p1":"Nehzzy","p2":"mil0battles","format":"[Gen 9] VGC 2023 Regulation C","log":"|j|\u2606Nehzzy\n|j|\u2606mil0battles\n|t:|1683593545\n|gametype|doubles\n|player|p1|Nehzzy|2|1346\n|player|p2|mil0battles|102|1298\n|teamsize|p1|6\n|teamsize|p2|6\n|gen|9\n|tier|[Gen 9] VGC 2023 Regulation C\n|rated|\n|rule|Species Clause: Limit one of each Pok\u00e9mon\n|rule|Item Clause: Limit one of each item\n|clearpoke\n|poke|p1|Dondozo, L50, F|\n|poke|p1|Tatsugiri, L50, M|\n|poke|p1|Glimmora, L50, F|\n|poke|p1|Iron Bundle, L50|\n|poke|p1|Dragonite, L50, F|\n|poke|p1|Flutter Mane, L50|\n|poke|p2|Indeedee-F, L50, F|\n|poke|p2|Kingambit, L50, F|\n|poke|p2|Torkoal, L50, M|\n|poke|p2|Hariyama, L50, M|\n|poke|p2|Hatterene, L50, F|\n|poke|p2|Armarouge, L50, M|\n|teampreview|4\nmil0battles has agreed to open team sheets.\nNehzzy has agreed to open team sheets.\n|\n|t:|1683593627\n|start\n|switch|p1a: GOSH|Glimmora, L50, F|100\/100\n|switch|p1b: FRICK|Dragonite, L50, F|100\/100\n|switch|p2a: Indeedee|Indeedee-F, L50, F|100\/100\n|switch|p2b: Armarouge|Armarouge, L50, M|100\/100\n|-fieldstart|move: Psychic Terrain|[from] ability: Psychic Surge|[of] p2a: Indeedee\n|turn|1\n|\n|t:|1683593662\n|-terastallize|p1a: GOSH|Grass\n|-terastallize|p2b: Armarouge|Grass\n|move|p2a: Indeedee|Follow Me|p2a: Indeedee\n|-singleturn|p2a: Indeedee|move: Follow Me\n|move|p1a: GOSH|Mortal Spin|p2b: Armarouge|[spread] p2a,p2b\n|-crit|p2a: Indeedee\n|-supereffective|p2b: Armarouge\n|-damage|p2a: Indeedee|94\/100\n|-damage|p2b: Armarouge|93\/100\n|-status|p2a: Indeedee|psn\n|-status|p2b: Armarouge|psn\n|move|p1b: FRICK|Earthquake|p2b: Armarouge|[spread] p1a,p2a,p2b\n|-resisted|p1a: GOSH\n|-resisted|p2b: Armarouge\n|-damage|p1a: GOSH|83\/100\n|-damage|p2a: Indeedee|49\/100 psn\n|-damage|p2b: Armarouge|73\/100 psn\n|-activate|p1a: GOSH|ability: Toxic Debris\n|-sidestart|p2: mil0battles|move: Toxic Spikes\n|move|p2b: Armarouge|Trick Room|p2b: Armarouge\n|-fieldstart|move: Trick Room|[of] p2b: Armarouge\n|\n|-damage|p2b: Armarouge|61\/100 psn|[from] psn\n|-damage|p2a: Indeedee|37\/100 psn|[from] psn\n|upkeep\n|turn|2\n|\n|t:|1683593738\n|move|p2b: Armarouge|Armor Cannon|p1a: GOSH\n|-supereffective|p1a: GOSH\n|-damage|p1a: GOSH|0 fnt\n|-unboost|p2b: Armarouge|def|1\n|-unboost|p2b: Armarouge|spd|1\n|faint|p1a: GOSH\n|move|p1b: FRICK|Earthquake|p2a: Indeedee|[spread] p2a,p2b\n|-resisted|p2b: Armarouge\n|-damage|p2a: Indeedee|0 fnt\n|-damage|p2b: Armarouge|29\/100 psn\n|faint|p2a: Indeedee\n|\n|-damage|p2b: Armarouge|17\/100 psn|[from] psn\n|upkeep\n|\n|t:|1683593750\n|switch|p2a: Torkoal|Torkoal, L50, M|100\/100\n|switch|p1a: DARN|Dondozo, L50, F|100\/100\n|-status|p2a: Torkoal|psn\n|-weather|SunnyDay|[from] ability: Drought|[of] p2a: Torkoal\n|turn|3\n|\n|t:|1683593776\n|move|p2a: Torkoal|Protect|p2a: Torkoal\n|-singleturn|p2a: Torkoal|Protect\n|move|p1a: DARN|Protect|p1a: DARN\n|-singleturn|p1a: DARN|Protect\n|move|p2b: Armarouge|Expanding Force|p1a: DARN|[spread] p1b\n|-activate|p1a: DARN|move: Protect\n|-damage|p1b: FRICK|69\/100\n|move|p1b: FRICK|Earthquake|p2b: Armarouge|[spread] p2b\n|-activate|p1a: DARN|move: Protect\n|-activate|p2a: Torkoal|move: Protect\n|-resisted|p2b: Armarouge\n|-damage|p2b: Armarouge|0 fnt\n|faint|p2b: Armarouge\n|\n|-weather|SunnyDay|[upkeep]\n|-damage|p2a: Torkoal|88\/100 psn|[from] psn\n|upkeep\n|\n|t:|1683593791\n|switch|p2b: Hatterene|Hatterene, L50, F|100\/100\n|-status|p2b: Hatterene|psn\n|turn|4\n|\n|t:|1683593812\n|move|p2a: Torkoal|Clear Smog|p1a: DARN\n|-crit|p1a: DARN\n|-damage|p1a: DARN|75\/100\n|-clearboost|p1a: DARN\n|move|p2b: Hatterene|Dazzling Gleam|p1a: DARN|[spread] p1a,p1b\n|-supereffective|p1b: FRICK\n|-damage|p1a: DARN|28\/100\n|-damage|p1b: FRICK|0 fnt\n|faint|p1b: FRICK\n|-damage|p2b: Hatterene|91\/100 psn|[from] item: Life Orb\n|move|p1a: DARN|Substitute|p1a: DARN\n|-start|p1a: DARN|Substitute\n|-damage|p1a: DARN|3\/100\n|\n|-weather|SunnyDay|[upkeep]\n|-heal|p1a: DARN|9\/100|[from] item: Leftovers\n|-damage|p2a: Torkoal|76\/100 psn|[from] psn\n|-damage|p2b: Hatterene|79\/100 psn|[from] psn\n|upkeep\n|\n|t:|1683593823\n|switch|p1b: DANG|Tatsugiri, L50, M|100\/100\n|-activate|p1b: DANG|ability: Commander|[of] p1a: DARN\n|-boost|p1a: DARN|atk|2\n|-boost|p1a: DARN|spa|2\n|-boost|p1a: DARN|spe|2\n|-boost|p1a: DARN|def|2\n|-boost|p1a: DARN|spd|2\n|turn|5\n|\n|t:|1683593858\n|move|p1a: DARN|Protect|p1a: DARN\n|-singleturn|p1a: DARN|Protect\n|move|p2a: Torkoal|Eruption|p1a: DARN|[spread] \n|-miss|p2a: Torkoal|p1b: DANG\n|-activate|p1a: DARN|move: Protect\n|move|p2b: Hatterene|Psychic|p1a: DARN\n|-activate|p1a: DARN|move: Protect\n|\n|-weather|SunnyDay|[upkeep]\n|-heal|p1a: DARN|15\/100|[from] item: Leftovers\n|-damage|p2a: Torkoal|63\/100 psn|[from] psn\n|-damage|p2b: Hatterene|67\/100 psn|[from] psn\n|-fieldend|move: Trick Room\n|-fieldend|move: Psychic Terrain\n|upkeep\n|turn|6\n|\n|t:|1683593882\n|move|p2a: Torkoal|Protect|p2a: Torkoal\n|-singleturn|p2a: Torkoal|Protect\n|move|p1a: DARN|Earthquake|p2b: Hatterene|[spread] p2b\n|-miss|p1a: DARN|p1b: DANG\n|-activate|p2a: Torkoal|move: Protect\n|-damage|p2b: Hatterene|16\/100 psn\n|move|p2b: Hatterene|Trick Room|p2b: Hatterene\n|-fieldstart|move: Trick Room|[of] p2b: Hatterene\n|\n|-weather|SunnyDay|[upkeep]\n|-heal|p1a: DARN|21\/100|[from] item: Leftovers\n|-damage|p2a: Torkoal|51\/100 psn|[from] psn\n|-damage|p2b: Hatterene|4\/100 psn|[from] psn\n|upkeep\n|turn|7\n|\n|t:|1683593899\n|move|p1a: DARN|Protect|p1a: DARN\n|-singleturn|p1a: DARN|Protect\n|move|p2a: Torkoal|Eruption|p1a: DARN|[spread] \n|-miss|p2a: Torkoal|p1b: DANG\n|-activate|p1a: DARN|move: Protect\n|move|p2b: Hatterene|Psychic|p1a: DARN\n|-activate|p1a: DARN|move: Protect\n|\n|-weather|none\n|-heal|p1a: DARN|27\/100|[from] item: Leftovers\n|-damage|p2a: Torkoal|38\/100 psn|[from] psn\n|-damage|p2b: Hatterene|0 fnt|[from] psn\n|faint|p2b: Hatterene\n|upkeep\n|turn|8\n|\n|t:|1683593915\n|move|p2a: Torkoal|Eruption|p1b: DANG|[spread] p1a\n|-miss|p2a: Torkoal|p1b: DANG\n|-resisted|p1a: DARN\n|-activate|p1a: DARN|move: Substitute|[damage]\n|move|p1a: DARN|Wave Crash|p2a: Torkoal\n|-supereffective|p2a: Torkoal\n|-damage|p2a: Torkoal|0 fnt\n|faint|p2a: Torkoal\n|-damage|p1a: DARN|18\/100|[from] Recoil\n|\n|win|Nehzzy\n|raw|Nehzzy's rating: 1346 → 1363<\/strong> (+17 for winning)\n|raw|mil0battles's rating: 1298 → 1276<\/strong> (-22 for losing)\n|c|\u2606Nehzzy|gg\n","uploadtime":1683593927,"views":11,"p1id":"nehzzy","p2id":"mil0battles","formatid":"gen9vgc2023regulationc","rating":1276,"private":0,"password":""}