{"id":"gen9vgc2023regulationc-1848699806","p1":"kpopdark","p2":"bawltickluh","format":"[Gen 9] VGC 2023 Regulation C","log":"|j|\u2606kpopdark\n|j|\u2606bawltickluh\n|t:|1682101954\n|gametype|doubles\n|player|p1|kpopdark|rocketgrunt|1144\n|player|p2|bawltickluh|2|1075\n|teamsize|p1|6\n|teamsize|p2|6\n|gen|9\n|tier|[Gen 9] VGC 2023 Regulation C\n|rated|\n|rule|Species Clause: Limit one of each Pok\u00e9mon\n|rule|Item Clause: Limit one of each item\n|clearpoke\n|poke|p1|Chi-Yu, L50|\n|poke|p1|Flutter Mane, L50|\n|poke|p1|Farigiraf, L50, F|\n|poke|p1|Stonjourner, L50, F|\n|poke|p1|Arcanine, L50, F|\n|poke|p1|Iron Bundle, L50|\n|poke|p2|Lycanroc-Midnight, L50, M|\n|poke|p2|Medicham, L50, M|\n|poke|p2|Dondozo, L50, F|\n|poke|p2|Tatsugiri-Stretchy, L50, F|\n|poke|p2|Mimikyu, L50, M|\n|poke|p2|Ting-Lu, L50|\n|teampreview|4\n|inactive|Battle timer is ON: inactive players will automatically lose when time's up. (requested by bawltickluh)\n|\n|t:|1682101977\n|start\n|switch|p1a: Chi-Yu|Chi-Yu, L50|100\/100\n|switch|p1b: Flutter Mane|Flutter Mane, L50|100\/100\n|switch|p2a: doggie|Lycanroc-Midnight, L50, M|100\/100\n|switch|p2b: thick thighs|Medicham, L50, M|100\/100\n|-ability|p1a: Chi-Yu|Beads of Ruin\n|turn|1\n|\n|t:|1682101988\n|-end|p1b: Flutter Mane|Protosynthesis|[silent]\n|switch|p1b: Farigiraf|Farigiraf, L50, F|100\/100\n|move|p1a: Chi-Yu|Protect|p1a: Chi-Yu\n|-singleturn|p1a: Chi-Yu|Protect\n|move|p2b: thick thighs|Fake Out||[still]\n|cant|p1b: Farigiraf|ability: Armor Tail|Fake Out|[of] p2b: thick thighs\n|move|p2a: doggie|Stone Edge|p1b: Farigiraf\n|-damage|p1b: Farigiraf|49\/100\n|\n|upkeep\n|turn|2\n|\n|t:|1682102004\n|-terastallize|p1a: Chi-Yu|Grass\n|move|p1a: Chi-Yu|Tera Blast|p2a: doggie\n|-supereffective|p2a: doggie\n|-damage|p2a: doggie|0 fnt\n|faint|p2a: doggie\n|move|p2b: thick thighs|Close Combat|p1a: Chi-Yu\n|-crit|p1a: Chi-Yu\n|-enditem|p1a: Chi-Yu|Focus Sash\n|-damage|p1a: Chi-Yu|1\/100\n|-unboost|p2b: thick thighs|def|1\n|-unboost|p2b: thick thighs|spd|1\n|move|p1b: Farigiraf|Dazzling Gleam|p2b: thick thighs\n|-supereffective|p2b: thick thighs\n|-enditem|p2b: thick thighs|Focus Sash\n|-damage|p2b: thick thighs|1\/100\n|-damage|p1b: Farigiraf|39\/100|[from] item: Life Orb\n|\n|upkeep\n|\n|t:|1682102019\n|switch|p2a: sad pikachu|Mimikyu, L50, M|100\/100\n|turn|3\n|\n|t:|1682102029\n|move|p2b: thick thighs|Detect|p2b: thick thighs\n|-singleturn|p2b: thick thighs|Protect\n|move|p2a: sad pikachu|Shadow Sneak||[still]\n|cant|p1b: Farigiraf|ability: Armor Tail|Shadow Sneak|[of] p2a: sad pikachu\n|move|p1a: Chi-Yu|Heat Wave|p2a: sad pikachu|[spread] p2a\n|-activate|p2b: thick thighs|move: Protect\n|-activate|p2a: sad pikachu|ability: Disguise\n|-damage|p2a: sad pikachu|100\/100\n|detailschange|p2a: sad pikachu|Mimikyu-Busted, L50, M\n|-damage|p2a: sad pikachu|89\/100|[from] pokemon: Mimikyu-Busted\n|move|p1b: Farigiraf|Twin Beam|p2a: sad pikachu\n|-damage|p2a: sad pikachu|50\/100\n|-damage|p2a: sad pikachu|9\/100\n|-hitcount|p2a: sad pikachu|2\n|-damage|p1b: Farigiraf|29\/100|[from] item: Life Orb\n|\n|upkeep\n|turn|4\n|\n|t:|1682102048\n|switch|p2b: goofy ahh|Ting-Lu, L50|100\/100\n|-ability|p2b: goofy ahh|Vessel of Ruin\n|move|p1a: Chi-Yu|Heat Wave|p2a: sad pikachu|[spread] p2a\n|-miss|p1a: Chi-Yu|p2b: goofy ahh\n|-damage|p2a: sad pikachu|0 fnt\n|faint|p2a: sad pikachu\n|move|p1b: Farigiraf|Dazzling Gleam|p2b: goofy ahh\n|-supereffective|p2b: goofy ahh\n|-damage|p2b: goofy ahh|61\/100\n|-damage|p1b: Farigiraf|19\/100|[from] item: Life Orb\n|\n|upkeep\n|\n|t:|1682102060\n|switch|p2a: thick thighs|Medicham, L50, M|1\/100\n|turn|5\n|\n|t:|1682102069\n|move|p1b: Farigiraf|Helping Hand|p1a: Chi-Yu\n|-singleturn|p1a: Chi-Yu|Helping Hand|[of] p1b: Farigiraf\n|move|p2a: thick thighs|Fake Out||[still]\n|cant|p1b: Farigiraf|ability: Armor Tail|Fake Out|[of] p2a: thick thighs\n|move|p1a: Chi-Yu|Tera Blast|p2b: goofy ahh\n|-supereffective|p2b: goofy ahh\n|-damage|p2b: goofy ahh|0 fnt\n|faint|p2b: goofy ahh\n|\n|upkeep\n|turn|6\n|-message|bawltickluh forfeited.\n|\n|win|kpopdark\n|raw|kpopdark's rating: 1144 → 1164<\/strong> (+20 for winning)\n|raw|bawltickluh's rating: 1075 → 1058<\/strong> (-17 for losing)\n|l|\u2606bawltickluh\n","uploadtime":1682102080,"views":15,"p1id":"kpopdark","p2id":"bawltickluh","formatid":"gen9vgc2023regulationc","rating":1058,"private":0,"password":""}