{"id":"gen9vgc2023regulationc-1845270503","p1":"SnugNap","p2":"FallenTurtlle","format":"[Gen 9] VGC 2023 Regulation C","log":"|j|\u2606SnugNap\n|j|\u2606FallenTurtlle\n|t:|1681705226\n|gametype|doubles\n|player|p1|SnugNap|steven|1071\n|player|p2|FallenTurtlle|janitor|1099\n|teamsize|p1|6\n|teamsize|p2|6\n|gen|9\n|tier|[Gen 9] VGC 2023 Regulation C\n|rated|\n|rule|Species Clause: Limit one of each Pok\u00e9mon\n|rule|Item Clause: Limit one of each item\n|clearpoke\n|poke|p1|Dragonite, L50, M|\n|poke|p1|Pawmot, L50, F|\n|poke|p1|Pelipper, L50, M|\n|poke|p1|Chi-Yu, L50|\n|poke|p1|Flutter Mane, L50|\n|poke|p1|Chien-Pao, L50|\n|poke|p2|Bombirdier, L50, F|\n|poke|p2|Iron Bundle, L50|\n|poke|p2|Glimmora, L50, M|\n|poke|p2|Gardevoir, L50, F|\n|poke|p2|Wo-Chien, L50|\n|poke|p2|Ceruledge, L50, F|\n|teampreview|4\n|\n|t:|1681705252\n|start\n|switch|p1a: Dragonite|Dragonite, L50, M|100\/100\n|switch|p1b: Pawmot|Pawmot, L50, F|100\/100\n|switch|p2a: OOB|Glimmora, L50, M, shiny|100\/100\n|switch|p2b: Sir Kale|Ceruledge, L50, F|100\/100\n|turn|1\n|\n|t:|1681705276\n|-terastallize|p1a: Dragonite|Flying\n|move|p1b: Pawmot|Volt Switch|p1a: Dragonite\n|-supereffective|p1a: Dragonite\n|-damage|p1a: Dragonite|89\/100\n|-enditem|p1a: Dragonite|Weakness Policy\n|-boost|p1a: Dragonite|atk|2|[from] item: Weakness Policy\n|-boost|p1a: Dragonite|spa|2|[from] item: Weakness Policy\n|\n|t:|1681705283\n|switch|p1b: Pelipper|Pelipper, L50, M|100\/100|[from] Volt Switch\n|-weather|RainDance|[from] ability: Drizzle|[of] p1b: Pelipper\n|move|p2a: OOB|Earth Power|p1b: Pelipper\n|-immune|p1b: Pelipper\n|move|p1a: Dragonite|Hurricane|p2b: Sir Kale\n|-damage|p2b: Sir Kale|15\/100\n|move|p2b: Sir Kale|Shadow Claw|p1a: Dragonite\n|-damage|p1a: Dragonite|54\/100\n|\n|-weather|RainDance|[upkeep]\n|upkeep\n|turn|2\n|\n|t:|1681705309\n|move|p1a: Dragonite|Protect|p1a: Dragonite\n|-singleturn|p1a: Dragonite|Protect\n|move|p2b: Sir Kale|Shadow Sneak|p1a: Dragonite\n|-activate|p1a: Dragonite|move: Protect\n|move|p2a: OOB|Mortal Spin|p1a: Dragonite|[spread] p1b\n|-activate|p1a: Dragonite|move: Protect\n|-damage|p1b: Pelipper|95\/100\n|-status|p1b: Pelipper|psn\n|move|p1b: Pelipper|Tailwind|p1b: Pelipper\n|-sidestart|p1: SnugNap|move: Tailwind\n|\n|-weather|RainDance|[upkeep]\n|-damage|p1b: Pelipper|83\/100 psn|[from] psn\n|upkeep\n|turn|3\n|\n|t:|1681705331\n|switch|p1b: Chi-Yu|Chi-Yu, L50|100\/100\n|-ability|p1b: Chi-Yu|Beads of Ruin\n|move|p2b: Sir Kale|Shadow Sneak|p1a: Dragonite\n|-damage|p1a: Dragonite|35\/100\n|move|p1a: Dragonite|Hurricane|p2b: Sir Kale\n|-damage|p2b: Sir Kale|0 fnt\n|faint|p2b: Sir Kale\n|move|p2a: OOB|Mortal Spin|p1a: Dragonite|[spread] p1a,p1b\n|-damage|p1a: Dragonite|30\/100\n|-damage|p1b: Chi-Yu|91\/100\n|-status|p1a: Dragonite|psn\n|-status|p1b: Chi-Yu|psn\n|\n|-weather|RainDance|[upkeep]\n|-damage|p1b: Chi-Yu|79\/100 psn|[from] psn\n|-damage|p1a: Dragonite|17\/100 psn|[from] psn\n|upkeep\n|\n|t:|1681705355\n|switch|p2b: Dropper|Bombirdier, L50, F|100\/100\n|turn|4\n|\n|t:|1681705367\n|-terastallize|p2b: Dropper|Rock\n|move|p2a: OOB|Spiky Shield|p2a: OOB\n|-singleturn|p2a: OOB|move: Protect\n|move|p1b: Chi-Yu|Dark Pulse|p2a: OOB\n|-activate|p2a: OOB|move: Protect\n|move|p1a: Dragonite|Thunderbolt|p2b: Dropper\n|-damage|p2b: Dropper|2\/100\n|-status|p2b: Dropper|par\n|move|p2b: Dropper|Rock Blast|p1b: Chi-Yu\n|-supereffective|p1b: Chi-Yu\n|-damage|p1b: Chi-Yu|15\/100 psn\n|-supereffective|p1b: Chi-Yu\n|-crit|p1b: Chi-Yu\n|-damage|p1b: Chi-Yu|0 fnt\n|faint|p1b: Chi-Yu\n|-hitcount|p1: Chi-Yu|2\n|\n|-weather|RainDance|[upkeep]\n|-damage|p1a: Dragonite|5\/100 psn|[from] psn\n|upkeep\n|\n|t:|1681705388\n|switch|p1b: Pelipper|Pelipper, L50, M|83\/100 psn\n|turn|5\n|\n|t:|1681705412\n|cant|p2b: Dropper|par\n|move|p1a: Dragonite|Draco Meteor|p2a: OOB\n|-enditem|p2a: OOB|Focus Sash\n|-damage|p2a: OOB|1\/100\n|-unboost|p1a: Dragonite|spa|2\n|move|p1b: Pelipper|U-turn|p2b: Dropper\n|-damage|p2b: Dropper|0 fnt\n|faint|p2b: Dropper\n|\n|t:|1681705424\n|switch|p1b: Pawmot|Pawmot, L50, F|100\/100|[from] U-turn\n|move|p2a: OOB|Venoshock|p1b: Pawmot\n|-damage|p1b: Pawmot|26\/100\n|\n|-weather|none\n|-damage|p1a: Dragonite|0 fnt|[from] psn\n|faint|p1a: Dragonite\n|-sideend|p1: SnugNap|move: Tailwind\n|upkeep\n|\n|t:|1681705435\n|switch|p1a: Pelipper|Pelipper, L50, M|83\/100 psn\n|switch|p2b: Neptune|Iron Bundle, L50|100\/100\n|-weather|RainDance|[from] ability: Drizzle|[of] p1a: Pelipper\n|turn|6\n|\n|t:|1681705454\n|move|p1b: Pawmot|Protect|p1b: Pawmot\n|-singleturn|p1b: Pawmot|Protect\n|move|p2b: Neptune|Icy Wind|p1b: Pawmot|[spread] p1a\n|-activate|p1b: Pawmot|move: Protect\n|-damage|p1a: Pelipper|50\/100 psn\n|-unboost|p1a: Pelipper|spe|1\n|-enditem|p1a: Pelipper|Sitrus Berry|[eat]\n|-heal|p1a: Pelipper|75\/100 psn|[from] item: Sitrus Berry\n|-damage|p2b: Neptune|90\/100|[from] item: Life Orb\n|move|p2a: OOB|Mortal Spin|p1a: Pelipper|[spread] p1a\n|-activate|p1b: Pawmot|move: Protect\n|-damage|p1a: Pelipper|69\/100 psn\n|move|p1a: Pelipper|Tailwind|p1a: Pelipper\n|-sidestart|p1: SnugNap|move: Tailwind\n|\n|-weather|RainDance|[upkeep]\n|-damage|p1a: Pelipper|57\/100 psn|[from] psn\n|upkeep\n|turn|7\n|\n|t:|1681705480\n|move|p1b: Pawmot|Thunder Punch|p2b: Neptune\n|-supereffective|p2b: Neptune\n|-damage|p2b: Neptune|0 fnt\n|faint|p2b: Neptune\n|-end|p2b: Neptune|Quark Drive|[silent]\n|move|p2a: OOB|Mortal Spin|p1a: Pelipper|[spread] p1a,p1b\n|-crit|p1a: Pelipper\n|-damage|p1a: Pelipper|50\/100 psn\n|-damage|p1b: Pawmot|17\/100\n|-status|p1b: Pawmot|psn\n|move|p1a: Pelipper|U-turn|p2a: OOB\n|-resisted|p2a: OOB\n|-damage|p2a: OOB|0 fnt\n|faint|p2a: OOB\n|\n|win|SnugNap\n|raw|SnugNap's rating: 1071 → 1103<\/strong> (+32 for winning)\n|raw|FallenTurtlle's rating: 1099 → 1072<\/strong> (-27 for losing)\n|c|\u2606FallenTurtlle|Gg\n","uploadtime":1681705500,"views":11,"p1id":"snugnap","p2id":"fallenturtlle","formatid":"gen9vgc2023regulationc","rating":1072,"private":0,"password":""}