{"id":"gen9vgc2023regulationc-1845133379","p1":"mvrcoreyes","p2":"TouyaBlk","format":"[Gen 9] VGC 2023 Regulation C","log":"|j|\u2606mvrcoreyes\n|j|\u2606TouyaBlk\n|t:|1681687497\n|gametype|doubles\n|player|p1|mvrcoreyes|1|\n|player|p2|TouyaBlk|102|\n|teamsize|p1|6\n|teamsize|p2|6\n|gen|9\n|tier|[Gen 9] VGC 2023 Regulation C\n|rule|Species Clause: Limit one of each Pok\u00e9mon\n|rule|Item Clause: Limit one of each item\n|clearpoke\n|poke|p1|Kingambit, L50, F|\n|poke|p1|Chien-Pao, L50|\n|poke|p1|Maushold, L50|\n|poke|p1|Gyarados, L50, M|\n|poke|p1|Dragonite, L50, F|\n|poke|p1|Amoonguss, L50, M|\n|poke|p2|Tyranitar, L50, M|\n|poke|p2|Lycanroc, L50, M|\n|poke|p2|Iron Hands, L50|\n|poke|p2|Sylveon, L50, M|\n|poke|p2|Murkrow, L50, M|\n|poke|p2|Chien-Pao, L50|\n|teampreview|4\n|c|\u2606mvrcoreyes|g2\nTouyaBlk has agreed to open team sheets.\nmvrcoreyes has agreed to open team sheets.\n|\n|t:|1681687904\n|start\n|switch|p1a: Dragonite|Dragonite, L50, F|100\/100\n|switch|p1b: Maushold|Maushold, L50|100\/100\n|switch|p2a: Tyranitar|Tyranitar, L50, M|100\/100\n|switch|p2b: Lycanroc|Lycanroc, L50, M|100\/100\n|-weather|Sandstorm|[from] ability: Sand Stream|[of] p2a: Tyranitar\n|turn|1\n|\n|t:|1681687927\n|-terastallize|p1a: Dragonite|Normal\n|move|p1a: Dragonite|Extreme Speed|p2b: Lycanroc\n|-resisted|p2b: Lycanroc\n|-damage|p2b: Lycanroc|40\/100\n|move|p2b: Lycanroc|Rock Slide|p1a: Dragonite|[spread] p1a,p1b\n|-damage|p1a: Dragonite|89\/100\n|-damage|p1b: Maushold|73\/100\n|move|p1b: Maushold|Super Fang|p2a: Tyranitar\n|-damage|p2a: Tyranitar|50\/100\n|move|p2a: Tyranitar|Rock Slide|p1b: Maushold|[spread] p1a,p1b\n|-damage|p1a: Dragonite|69\/100\n|-damage|p1b: Maushold|45\/100\n|\n|-weather|Sandstorm|[upkeep]\n|-damage|p1a: Dragonite|63\/100|[from] Sandstorm\n|upkeep\n|turn|2\n|\n|t:|1681687957\n|move|p2b: Lycanroc|Protect|p2b: Lycanroc\n|-singleturn|p2b: Lycanroc|Protect\n|move|p1b: Maushold|Protect|p1b: Maushold\n|-singleturn|p1b: Maushold|Protect\n|move|p1a: Dragonite|Extreme Speed|p2a: Tyranitar\n|-resisted|p2a: Tyranitar\n|-damage|p2a: Tyranitar|18\/100\n|move|p2a: Tyranitar|Rock Slide|p1a: Dragonite|[spread] p1a\n|-activate|p1b: Maushold|move: Protect\n|-damage|p1a: Dragonite|41\/100\n|\n|-weather|Sandstorm|[upkeep]\n|-damage|p1a: Dragonite|35\/100|[from] Sandstorm\n|upkeep\n|turn|3\n|\n|t:|1681687977\n|switch|p2a: Iron Hands|Iron Hands, L50|100\/100\n|move|p1a: Dragonite|Extreme Speed|p2b: Lycanroc\n|-resisted|p2b: Lycanroc\n|-damage|p2b: Lycanroc|0 fnt\n|faint|p2b: Lycanroc\n|move|p1b: Maushold|Baby-Doll Eyes|p2a: Iron Hands\n|-unboost|p2a: Iron Hands|atk|1\n|\n|-weather|Sandstorm|[upkeep]\n|-damage|p1a: Dragonite|29\/100|[from] Sandstorm\n|-damage|p2a: Iron Hands|94\/100|[from] Sandstorm\n|upkeep\n|\n|t:|1681687991\n|switch|p2b: Sylveon|Sylveon, L50, M|100\/100\n|turn|4\n|\n|t:|1681688000\n|move|p2a: Iron Hands|Fake Out|p1a: Dragonite\n|-damage|p1a: Dragonite|21\/100\n|move|p1b: Maushold|Follow Me|p1b: Maushold\n|-singleturn|p1b: Maushold|move: Follow Me\n|cant|p1a: Dragonite|flinch\n|move|p2b: Sylveon|Hyper Voice|p1b: Maushold|[spread] p1a,p1b\n|-damage|p1a: Dragonite|0 fnt\n|-damage|p1b: Maushold|0 fnt\n|faint|p1a: Dragonite\n|faint|p1b: Maushold\n|-enditem|p2b: Sylveon|Throat Spray\n|-boost|p2b: Sylveon|spa|1|[from] item: Throat Spray\n|\n|-weather|Sandstorm|[upkeep]\n|-damage|p2b: Sylveon|95\/100|[from] Sandstorm\n|-damage|p2a: Iron Hands|88\/100|[from] Sandstorm\n|upkeep\n|\n|t:|1681688016\n|switch|p1b: Kingambit|Kingambit, L50, F|100\/100\n|switch|p1a: Chien-Pao|Chien-Pao, L50|100\/100\n|-ability|p1a: Chien-Pao|Sword of Ruin\n|turn|5\n|\n|t:|1681688042\n|-terastallize|p2b: Sylveon|Fire\n|move|p1a: Chien-Pao|Protect|p1a: Chien-Pao\n|-singleturn|p1a: Chien-Pao|Protect\n|move|p2b: Sylveon|Hyper Voice|p1a: Chien-Pao|[spread] p1b\n|-activate|p1a: Chien-Pao|move: Protect\n|-damage|p1b: Kingambit|57\/100\n|move|p1b: Kingambit|Iron Head|p2b: Sylveon\n|-resisted|p2b: Sylveon\n|-damage|p2b: Sylveon|51\/100\n|move|p2a: Iron Hands|Close Combat|p1b: Kingambit\n|-supereffective|p1b: Kingambit\n|-damage|p1b: Kingambit|0 fnt\n|-unboost|p2a: Iron Hands|def|1\n|-unboost|p2a: Iron Hands|spd|1\n|faint|p1b: Kingambit\n|\n|-weather|none\n|upkeep\n|turn|6\n|\n|t:|1681688062\n|move|p1a: Chien-Pao|Sucker Punch|p2a: Iron Hands\n|-resisted|p2a: Iron Hands\n|-damage|p2a: Iron Hands|68\/100\n|move|p2b: Sylveon|Tera Blast|p1a: Chien-Pao\n|-supereffective|p1a: Chien-Pao\n|-enditem|p1a: Chien-Pao|Focus Sash\n|-damage|p1a: Chien-Pao|1\/100\n|move|p2a: Iron Hands|Iron Head|p1a: Chien-Pao\n|-supereffective|p1a: Chien-Pao\n|-damage|p1a: Chien-Pao|0 fnt\n|faint|p1a: Chien-Pao\n|\n|win|TouyaBlk\n|l|\u2606TouyaBlk\n","uploadtime":1681688164,"views":14,"p1id":"mvrcoreyes","p2id":"touyablk","formatid":"gen9vgc2023regulationc","rating":0,"private":0,"password":""}