{"id":"gen9vgc2023regulationc-1846266231","p1":"BMKing1212","p2":"Ricardo Randorez","format":"[Gen 9] VGC 2023 Regulation C","log":"|j|\u2606BMKing1212\n|j|\u2606Ricardo Randorez\n|t:|1681826868\n|gametype|doubles\n|player|p1|BMKing1212|169|1208\n|player|p2|Ricardo Randorez|101|1144\n|teamsize|p1|6\n|teamsize|p2|6\n|gen|9\n|tier|[Gen 9] VGC 2023 Regulation C\n|rated|\n|rule|Species Clause: Limit one of each Pok\u00e9mon\n|rule|Item Clause: Limit one of each item\n|clearpoke\n|poke|p1|Ting-Lu, L50|\n|poke|p1|Flutter Mane, L50|\n|poke|p1|Amoonguss, L50, F|\n|poke|p1|Baxcalibur, L50, F|\n|poke|p1|Palafin, L50, M|\n|poke|p1|Tauros-Paldea-Blaze, L50, M|\n|poke|p2|Gyarados, L50, M|\n|poke|p2|Arcanine, L50, M|\n|poke|p2|Dragonite, L50, F|\n|poke|p2|Flutter Mane, L50|\n|poke|p2|Volcarona, L50, M|\n|poke|p2|Chien-Pao, L50|\n|teampreview|4\n|inactive|Battle timer is ON: inactive players will automatically lose when time's up. (requested by Ricardo Randorez)\n|\n|t:|1681826910\n|start\n|switch|p1a: Baxcalibur|Baxcalibur, L50, F|100\/100\n|switch|p1b: Palafin|Palafin, L50, M|100\/100\n|switch|p2a: Gyarados|Gyarados, L50, M|100\/100\n|switch|p2b: Volcarona|Volcarona, L50, M|100\/100\n|turn|1\n|\n|t:|1681826934\n|detailschange|p1b: Palafin|Palafin-Hero, L50, M\n|switch|p1b: Tauros|Tauros-Paldea-Blaze, L50, M|100\/100\n|-ability|p1b: Tauros|Intimidate|boost\n|-fail|p2a: Gyarados|unboost|[from] item: Clear Amulet|[of] p2a: Gyarados\n|-unboost|p2b: Volcarona|atk|1\n|-terastallize|p1a: Baxcalibur|Poison\n|move|p2b: Volcarona|Rage Powder|p2b: Volcarona\n|-singleturn|p2b: Volcarona|move: Rage Powder\n|move|p2a: Gyarados|Dragon Dance|p2a: Gyarados\n|-boost|p2a: Gyarados|atk|1\n|-boost|p2a: Gyarados|spe|1\n|-enditem|p1b: Tauros|Mirror Herb\n|-boost|p1b: Tauros|atk|1|[from] item: Mirror Herb\n|-boost|p1b: Tauros|spe|1|[from] item: Mirror Herb\n|move|p1a: Baxcalibur|Dragon Dance|p1a: Baxcalibur\n|-boost|p1a: Baxcalibur|atk|1\n|-boost|p1a: Baxcalibur|spe|1\n|\n|upkeep\n|turn|2\n|inactive|BMKing1212 has 30 seconds left.\n|inactive|BMKing1212 has 20 seconds left.\n|\n|t:|1681826971\n|move|p1b: Tauros|Protect|p1b: Tauros\n|-singleturn|p1b: Tauros|Protect\n|move|p2b: Volcarona|Rage Powder|p2b: Volcarona\n|-singleturn|p2b: Volcarona|move: Rage Powder\n|move|p2a: Gyarados|Waterfall|p1b: Tauros\n|-activate|p1b: Tauros|move: Protect\n|move|p1a: Baxcalibur|Glaive Rush|p2b: Volcarona\n|-damage|p2b: Volcarona|0 fnt\n|-singlemove|p1a: Baxcalibur|Glaive Rush|[silent]\n|-damage|p1a: Baxcalibur|84\/100|[from] item: Rocky Helmet|[of] p2b: Volcarona\n|faint|p2b: Volcarona\n|\n|upkeep\n|\n|t:|1681826977\n|switch|p2b: Chien-Pao|Chien-Pao, L50|100\/100\n|-ability|p2b: Chien-Pao|Sword of Ruin\n|turn|3\n|\n|t:|1681826995\n|switch|p1b: Palafin|Palafin-Hero, L50, M|100\/100\n|-activate|p1b: Palafin|ability: Zero to Hero\n|move|p2b: Chien-Pao|Protect|p2b: Chien-Pao\n|-singleturn|p2b: Chien-Pao|Protect\n|move|p1a: Baxcalibur|Protect|p1a: Baxcalibur\n|-singleturn|p1a: Baxcalibur|Protect\n|move|p2a: Gyarados|Waterfall|p1b: Palafin\n|-resisted|p1b: Palafin\n|-damage|p1b: Palafin|65\/100\n|\n|upkeep\n|turn|4\n|inactive|BMKing1212 has 30 seconds left.\n|inactive|Ricardo Randorez has 30 seconds left.\n|\n|t:|1681827028\n|move|p1b: Palafin|Jet Punch|p2a: Gyarados\n|-resisted|p2a: Gyarados\n|-damage|p2a: Gyarados|67\/100\n|move|p2a: Gyarados|Waterfall|p1a: Baxcalibur\n|-damage|p1a: Baxcalibur|27\/100\n|move|p2b: Chien-Pao|Ice Spinner|p1a: Baxcalibur\n|-damage|p1a: Baxcalibur|0 fnt\n|faint|p1a: Baxcalibur\n|\n|upkeep\n|\n|t:|1681827039\n|switch|p1a: Flutter Mane|Flutter Mane, L50|100\/100\n|turn|5\n|\n|t:|1681827055\n|move|p2a: Gyarados|Protect|p2a: Gyarados\n|-singleturn|p2a: Gyarados|Protect\n|move|p2b: Chien-Pao|Protect|p2b: Chien-Pao\n|-singleturn|p2b: Chien-Pao|Protect\n|move|p1a: Flutter Mane|Thunderbolt|p2a: Gyarados\n|-activate|p2a: Gyarados|move: Protect\n|move|p1b: Palafin|Haze|p1b: Palafin\n|-clearallboost\n|\n|upkeep\n|turn|6\n|\n|t:|1681827074\n|move|p2b: Chien-Pao|Sucker Punch|p1a: Flutter Mane\n|-damage|p1a: Flutter Mane|24\/100\n|move|p1b: Palafin|Jet Punch|p2a: Gyarados\n|-resisted|p2a: Gyarados\n|-damage|p2a: Gyarados|33\/100\n|move|p1a: Flutter Mane|Thunderbolt|p2a: Gyarados\n|-supereffective|p2a: Gyarados\n|-damage|p2a: Gyarados|0 fnt\n|faint|p2a: Gyarados\n|\n|upkeep\n|\n|t:|1681827084\n|switch|p2a: Dragonite|Dragonite, L50, F|100\/100\n|turn|7\n|\n|t:|1681827099\n|-end|p1a: Flutter Mane|Protosynthesis|[silent]\n|switch|p1a: Tauros|Tauros-Paldea-Blaze, L50, M|100\/100\n|-ability|p1a: Tauros|Intimidate|boost\n|-fail|p2a: Dragonite|unboost|Attack|[from] ability: Inner Focus|[of] p2a: Dragonite\n|-unboost|p2b: Chien-Pao|atk|1\n|-terastallize|p2a: Dragonite|Normal\n|move|p1b: Palafin|Protect|p1b: Palafin\n|-singleturn|p1b: Palafin|Protect\n|move|p2a: Dragonite|Extreme Speed|p1b: Palafin\n|-activate|p1b: Palafin|move: Protect\n|move|p2b: Chien-Pao|Sucker Punch||[still]\n|-fail|p2b: Chien-Pao\n|\n|upkeep\n|turn|8\n|inactive|Ricardo Randorez has 30 seconds left.\n|\n|t:|1681827130\n|move|p2a: Dragonite|Extreme Speed|p1a: Tauros\n|-damage|p1a: Tauros|15\/100\n|move|p2b: Chien-Pao|Sucker Punch|p1a: Tauros\n|-resisted|p1a: Tauros\n|-damage|p1a: Tauros|0 fnt\n|faint|p1a: Tauros\n|move|p1b: Palafin|Jet Punch|p2b: Chien-Pao\n|-damage|p2b: Chien-Pao|34\/100\n|\n|upkeep\n|\n|t:|1681827139\n|switch|p1a: Flutter Mane|Flutter Mane, L50|24\/100\n|turn|9\n|inactive|Ricardo Randorez has 30 seconds left.\n|\n|t:|1681827169\n|move|p2b: Chien-Pao|Protect|p2b: Chien-Pao\n|-singleturn|p2b: Chien-Pao|Protect\n|move|p2a: Dragonite|Extreme Speed|p1b: Palafin\n|-damage|p1b: Palafin|0 fnt\n|faint|p1b: Palafin\n|move|p1a: Flutter Mane|Dazzling Gleam|p2a: Dragonite|[spread] p2a\n|-activate|p2b: Chien-Pao|move: Protect\n|-damage|p2a: Dragonite|52\/100\n|\n|upkeep\n|turn|10\n|\n|t:|1681827182\n|move|p2a: Dragonite|Extreme Speed|p1a: Flutter Mane\n|-immune|p1a: Flutter Mane\n|move|p2b: Chien-Pao|Sucker Punch|p1a: Flutter Mane\n|-damage|p1a: Flutter Mane|0 fnt\n|faint|p1a: Flutter Mane\n|-end|p1a: Flutter Mane|Protosynthesis|[silent]\n|\n|win|Ricardo Randorez\n|raw|BMKing1212's rating: 1208 → 1178<\/strong> (-30 for losing)\n|raw|Ricardo Randorez's rating: 1144 → 1174<\/strong> (+30 for winning)\n|l|\u2606BMKing1212\n","uploadtime":1681827192,"views":4,"p1id":"bmking1212","p2id":"ricardorandorez","formatid":"gen9vgc2023regulationc","rating":1174,"private":0,"password":""}