{"id":"gen9vgc2023regulationc-1859001868","p1":"gabomedinaz","p2":"TGH_sr","format":"[Gen 9] VGC 2023 Regulation C","log":"|j|\u2606gabomedinaz\n|j|\u2606TGH_sr\n|t:|1683392967\n|gametype|doubles\n|player|p1|gabomedinaz|ethan|1204\n|player|p2|TGH_sr|steven|1283\n|teamsize|p1|6\n|teamsize|p2|6\n|gen|9\n|tier|[Gen 9] VGC 2023 Regulation C\n|rated|\n|rule|Species Clause: Limit one of each Pok\u00e9mon\n|rule|Item Clause: Limit one of each item\n|clearpoke\n|poke|p1|Ceruledge, L50, M|\n|poke|p1|Iron Hands, L50|\n|poke|p1|Ting-Lu, L50|\n|poke|p1|Amoonguss, L50, F|\n|poke|p1|Iron Bundle, L50|\n|poke|p1|Gholdengo, L50|\n|poke|p2|Talonflame, L50, F|\n|poke|p2|Garchomp, L50, F|\n|poke|p2|Kingambit, L50, M|\n|poke|p2|Iron Bundle, L50|\n|poke|p2|Flutter Mane, L50|\n|poke|p2|Amoonguss, L50, F|\n|teampreview|4\nTGH_sr has agreed to open team sheets.\n|\n|t:|1683393048\n|start\n|switch|p1a: Ting-Lu|Ting-Lu, L50|100\/100\n|switch|p1b: Ceruledge|Ceruledge, L50, M|100\/100\n|switch|p2a: Talonflame|Talonflame, L50, F|100\/100\n|switch|p2b: Garchomp|Garchomp, L50, F|100\/100\n|-ability|p1a: Ting-Lu|Vessel of Ruin\n|turn|1\n|\n|t:|1683393077\n|-terastallize|p1b: Ceruledge|Grass\n|move|p2a: Talonflame|Brave Bird|p1b: Ceruledge\n|-supereffective|p1b: Ceruledge\n|-damage|p1b: Ceruledge|14\/100\n|-damage|p2a: Talonflame|74\/100|[from] Recoil\n|move|p1b: Ceruledge|Bulk Up|p1b: Ceruledge\n|-boost|p1b: Ceruledge|atk|1\n|-boost|p1b: Ceruledge|def|1\n|move|p2b: Garchomp|Earthquake|p1a: Ting-Lu|[spread] p1a,p1b\n|-immune|p2a: Talonflame\n|-resisted|p1b: Ceruledge\n|-damage|p1a: Ting-Lu|70\/100\n|-damage|p1b: Ceruledge|0 fnt\n|faint|p1b: Ceruledge\n|-damage|p2b: Garchomp|91\/100|[from] item: Life Orb\n|move|p1a: Ting-Lu|Rock Slide|p2b: Garchomp|[spread] p2a,p2b\n|-supereffective|p2a: Talonflame\n|-resisted|p2b: Garchomp\n|-damage|p2a: Talonflame|0 fnt\n|-damage|p2b: Garchomp|83\/100\n|faint|p2a: Talonflame\n|\n|upkeep\n|\n|t:|1683393101\n|switch|p2a: Kingambit|Kingambit, L50, M|100\/100\n|switch|p1b: Iron Bundle|Iron Bundle, L50|100\/100\n|-enditem|p1b: Iron Bundle|Booster Energy\n|-activate|p1b: Iron Bundle|ability: Quark Drive|[fromitem]\n|-start|p1b: Iron Bundle|quarkdrivespe\n|turn|2\n|\n|t:|1683393123\n|move|p1b: Iron Bundle|Protect|p1b: Iron Bundle\n|-singleturn|p1b: Iron Bundle|Protect\n|move|p2b: Garchomp|Protect|p2b: Garchomp\n|-singleturn|p2b: Garchomp|Protect\n|move|p2a: Kingambit|Protect|p2a: Kingambit\n|-singleturn|p2a: Kingambit|Protect\n|move|p1a: Ting-Lu|Ruination|p2b: Garchomp\n|-activate|p2b: Garchomp|move: Protect\n|\n|upkeep\n|turn|3\n|\n|t:|1683393168\n|switch|p2b: Flutter Mane|Flutter Mane, L50|100\/100\n|move|p1b: Iron Bundle|Freeze-Dry|p2b: Flutter Mane\n|-damage|p2b: Flutter Mane|76\/100\n|move|p2a: Kingambit|Swords Dance|p2a: Kingambit\n|-boost|p2a: Kingambit|atk|2\n|move|p1a: Ting-Lu|Rock Slide|p2a: Kingambit|[spread] p2a\n|-miss|p1a: Ting-Lu|p2b: Flutter Mane\n|-resisted|p2a: Kingambit\n|-damage|p2a: Kingambit|94\/100\n|\n|upkeep\n|turn|4\n|\n|t:|1683393196\n|-end|p1b: Iron Bundle|Quark Drive|[silent]\n|switch|p1b: Amoonguss|Amoonguss, L50, F|100\/100\n|-terastallize|p2a: Kingambit|Dark\n|move|p2a: Kingambit|Sucker Punch||[still]\n|-fail|p2a: Kingambit\n|move|p2b: Flutter Mane|Moonblast|p1a: Ting-Lu\n|-supereffective|p1a: Ting-Lu\n|-damage|p1a: Ting-Lu|13\/100\n|move|p1a: Ting-Lu|Stomping Tantrum|p2a: Kingambit\n|-damage|p2a: Kingambit|69\/100\n|\n|upkeep\n|turn|5\n|\n|t:|1683393231\n|move|p2b: Flutter Mane|Moonblast|p1a: Ting-Lu\n|-supereffective|p1a: Ting-Lu\n|-crit|p1a: Ting-Lu\n|-damage|p1a: Ting-Lu|0 fnt\n|faint|p1a: Ting-Lu\n|move|p2a: Kingambit|Kowtow Cleave|p1b: Amoonguss\n|-damage|p1b: Amoonguss|0 fnt\n|faint|p1b: Amoonguss\n|\n|upkeep\n|-message|gabomedinaz forfeited.\n|\n|win|TGH_sr\n|raw|gabomedinaz's rating: 1204 → 1185<\/strong> (-19 for losing)\n|raw|TGH_sr's rating: 1283 → 1302<\/strong> (+19 for winning)\n|l|\u2606gabomedinaz\n","uploadtime":1683393248,"views":11,"p1id":"gabomedinaz","p2id":"tghsr","formatid":"gen9vgc2023regulationc","rating":1185,"private":0,"password":""}