{"id":"gen9vgc2023regulationc-1853141655","p1":"noob noob for real","p2":"mathtass","format":"[Gen 9] VGC 2023 Regulation C","log":"|j|\u2606noob noob for real\n|j|\u2606mathtass\n|t:|1682640238\n|gametype|doubles\n|player|p1|noob noob for real|steven-masters2|\n|player|p2|mathtass|101|\n|teamsize|p1|6\n|teamsize|p2|6\n|gen|9\n|tier|[Gen 9] VGC 2023 Regulation C\n|rated|Tournament battle\n|rule|Species Clause: Limit one of each Pok\u00e9mon\n|rule|Item Clause: Limit one of each item\n|clearpoke\n|poke|p1|Iron Hands, L50|\n|poke|p1|Palafin, L50, M|\n|poke|p1|Amoonguss, L50, F|\n|poke|p1|Ting-Lu, L50|\n|poke|p1|Maushold-Four, L50|\n|poke|p1|Gholdengo, L50|\n|poke|p2|Amoonguss, L50, F|\n|poke|p2|Chi-Yu, L50|\n|poke|p2|Arcanine, L50, M|\n|poke|p2|Dragonite, L50, M|\n|poke|p2|Flutter Mane, L50|\n|poke|p2|Iron Hands, L50|\n|teampreview|4\n|raw| Open Team Sheet for noob noob for real<\/summary>Iron Hands @ Sitrus Berry Ability: Quark Drive Level: 50 Tera Type: Grass - Protect - Swords Dance - Drain Punch - Wild Charge Palafin @ Mystic Water Ability: Zero to Hero Level: 50 Tera Type: Water - Protect - Jet Punch - Wave Crash - Haze Amoonguss @ Occa Berry Ability: Regenerator Level: 50 Tera Type: Water - Protect - Rage Powder - Pollen Puff - Spore Ting-Lu @ Assault Vest Ability: Vessel of Ruin Level: 50 Tera Type: Poison - Stomping Tantrum - Snarl - Ruination - Heavy Slam Maushold (Maushold-Four) @ Safety Goggles Ability: Friend Guard Level: 50 Tera Type: Ghost - Protect - Feint - Super Fang - Follow Me Gholdengo @ Leftovers Ability: Good as Gold Level: 50 Tera Type: Flying - Protect - Nasty Plot - Shadow Ball - Make It Rain <\/details><\/div> Open Team Sheet for mathtass<\/summary>Amoonguss (F) @ Leftovers Ability: Regenerator Level: 50 Shiny: Yes Tera Type: Water - Pollen Puff - Rage Powder - Spore - Clear Smog Chi-Yu @ Life Orb Ability: Beads of Ruin Level: 50 Tera Type: Grass - Protect - Heat Wave - Snarl - Dark Pulse Arcanine @ Sitrus Berry Ability: Intimidate Level: 50 Tera Type: Flying - Flare Blitz - Howl - Will-O-Wisp - Protect Dragonite @ Lum Berry Ability: Multiscale Level: 50 Tera Type: Flying - Extreme Speed - Stomping Tantrum - Ice Spinner - Tera Blast Flutter Mane @ Focus Sash Ability: Protosynthesis Level: 50 Tera Type: Fairy - Protect - Moonblast - Dazzling Gleam - Shadow Ball Iron Hands @ Safety Goggles Ability: Quark Drive Level: 50 Shiny: Yes Tera Type: Fire - Drain Punch - Wild Charge - Swords Dance - Protect <\/details><\/div>\n|j| NoraaW\n|inactive|Battle timer is ON: inactive players will automatically lose when time's up. (requested by noob noob for real)\n|\n|t:|1682640286\n|start\n|switch|p1a: Ting-Lu|Ting-Lu, L50|100\/100\n|switch|p1b: Palafin|Palafin, L50, M|100\/100\n|switch|p2a: Arcanine|Arcanine, L50, M|100\/100\n|switch|p2b: Dragonite|Dragonite, L50, M|100\/100\n|-ability|p2a: Arcanine|Intimidate|boost\n|-unboost|p1a: Ting-Lu|atk|1\n|-unboost|p1b: Palafin|atk|1\n|-ability|p1a: Ting-Lu|Vessel of Ruin\n|turn|1\n|\n|t:|1682640302\n|detailschange|p1b: Palafin|Palafin-Hero, L50, M\n|switch|p1b: Maushold|Maushold-Four, L50|100\/100\n|move|p2a: Arcanine|Howl|p2a: Arcanine|[spread] p2a,p2b\n|-boost|p2a: Arcanine|atk|1\n|-boost|p2b: Dragonite|atk|1\n|move|p2b: Dragonite|Ice Spinner|p1a: Ting-Lu\n|-supereffective|p1a: Ting-Lu\n|-damage|p1a: Ting-Lu|54\/100\n|move|p1a: Ting-Lu|Ruination|p2b: Dragonite\n|-damage|p2b: Dragonite|50\/100\n|\n|upkeep\n|turn|2\n|j| joeymamama69420\n|\n|t:|1682640318\n|move|p1b: Maushold|Protect|p1b: Maushold\n|-singleturn|p1b: Maushold|Protect\n|move|p2b: Dragonite|Extreme Speed|p1b: Maushold\n|-activate|p1b: Maushold|move: Protect\n|move|p2a: Arcanine|Flare Blitz|p1b: Maushold\n|-activate|p1b: Maushold|move: Protect\n|move|p1a: Ting-Lu|Ruination|p2a: Arcanine\n|-damage|p2a: Arcanine|51\/100\n|\n|upkeep\n|turn|3\n|\n|t:|1682640335\n|move|p1b: Maushold|Feint|p2a: Arcanine\n|-damage|p2a: Arcanine|43\/100\n|-enditem|p2a: Arcanine|Sitrus Berry|[eat]\n|-heal|p2a: Arcanine|68\/100|[from] item: Sitrus Berry\n|move|p2b: Dragonite|Extreme Speed|p1b: Maushold\n|-damage|p1b: Maushold|54\/100\n|move|p2a: Arcanine|Flare Blitz|p1b: Maushold\n|-damage|p1b: Maushold|0 fnt\n|faint|p1b: Maushold\n|-damage|p2a: Arcanine|51\/100|[from] Recoil\n|move|p1a: Ting-Lu|Stomping Tantrum|p2a: Arcanine\n|-supereffective|p2a: Arcanine\n|-crit|p2a: Arcanine\n|-damage|p2a: Arcanine|0 fnt\n|faint|p2a: Arcanine\n|\n|upkeep\n|\n|t:|1682640352\n|switch|p1b: Palafin|Palafin-Hero, L50, M|100\/100\n|switch|p2a: Amoonguss|Amoonguss, L50, F, shiny|100\/100\n|-activate|p1b: Palafin|ability: Zero to Hero\n|turn|4\n|\n|t:|1682640363\n|switch|p1b: Gholdengo|Gholdengo, L50|100\/100\n|move|p2a: Amoonguss|Rage Powder|p2a: Amoonguss\n|-singleturn|p2a: Amoonguss|move: Rage Powder\n|move|p2b: Dragonite|Ice Spinner|p1a: Ting-Lu\n|-supereffective|p1a: Ting-Lu\n|-damage|p1a: Ting-Lu|0 fnt\n|faint|p1a: Ting-Lu\n|\n|upkeep\n|\n|t:|1682640369\n|switch|p1a: Palafin|Palafin-Hero, L50, M|100\/100\n|turn|5\n|\n|t:|1682640382\n|-terastallize|p2b: Dragonite|Flying\n|move|p1a: Palafin|Protect|p1a: Palafin\n|-singleturn|p1a: Palafin|Protect\n|move|p2a: Amoonguss|Rage Powder|p2a: Amoonguss\n|-singleturn|p2a: Amoonguss|move: Rage Powder\n|move|p1b: Gholdengo|Nasty Plot|p1b: Gholdengo\n|-boost|p1b: Gholdengo|spa|2\n|move|p2b: Dragonite|Tera Blast|p1a: Palafin\n|-activate|p1a: Palafin|move: Protect\n|\n|upkeep\n|turn|6\n|\n|t:|1682640400\n|move|p2a: Amoonguss|Rage Powder|p2a: Amoonguss\n|-singleturn|p2a: Amoonguss|move: Rage Powder\n|move|p1b: Gholdengo|Make It Rain|p2b: Dragonite|[spread] p2a,p2b\n|-damage|p2a: Amoonguss|10\/100\n|-damage|p2b: Dragonite|0 fnt\n|-unboost|p1b: Gholdengo|spa|1\n|faint|p2b: Dragonite\n|move|p1a: Palafin|Wave Crash|p2a: Amoonguss\n|-resisted|p2a: Amoonguss\n|-damage|p2a: Amoonguss|0 fnt\n|faint|p2a: Amoonguss\n|-damage|p1a: Palafin|97\/100|[from] Recoil\n|\n|upkeep\n|\n|t:|1682640406\n|switch|p2b: Flutter Mane|Flutter Mane, L50|100\/100\n|turn|7\n|\n|t:|1682640415\n|-terastallize|p1a: Palafin|Water\n|move|p1a: Palafin|Jet Punch|p2b: Flutter Mane\n|-crit|p2b: Flutter Mane\n|-enditem|p2b: Flutter Mane|Focus Sash\n|-damage|p2b: Flutter Mane|1\/100\n|move|p2b: Flutter Mane|Shadow Ball|p1b: Gholdengo\n|-supereffective|p1b: Gholdengo\n|-damage|p1b: Gholdengo|10\/100\n|move|p1b: Gholdengo|Shadow Ball|p2b: Flutter Mane\n|-supereffective|p2b: Flutter Mane\n|-damage|p2b: Flutter Mane|0 fnt\n|faint|p2b: Flutter Mane\n|-end|p2b: Flutter Mane|Protosynthesis|[silent]\n|\n|win|noob noob for real\n|n|\u2606noob noob for real|noobnoobforreal\n|n|\u2606mathtass|mathtass\n|n| NoraaW|noraaw\n|n| joeymamama69420|joeymamama69420\n|c|\u2606noob noob for real|gg\n|j| Cachapita\n","uploadtime":1682640446,"views":6,"p1id":"noobnoobforreal","p2id":"mathtass","formatid":"gen9vgc2023regulationc","rating":0,"private":0,"password":""}