{"id":"gen9vgc2023regulationc-1862158523","p1":"IeroTenparansu","p2":"jv0071","format":"[Gen 9] VGC 2023 Regulation C","log":"|j|\u2606IeroTenparansu\n|j|\u2606jv0071\n|t:|1683843385\n|gametype|doubles\n|player|p1|IeroTenparansu|madame-gen4dp|1375\n|player|p2|jv0071|1|1301\n|teamsize|p1|6\n|teamsize|p2|6\n|gen|9\n|tier|[Gen 9] VGC 2023 Regulation C\n|rated|\n|rule|Species Clause: Limit one of each Pok\u00e9mon\n|rule|Item Clause: Limit one of each item\n|clearpoke\n|poke|p1|Dondozo, L50, M|\n|poke|p1|Tatsugiri, L50, F|\n|poke|p1|Chi-Yu, L50|\n|poke|p1|Iron Bundle, L50|\n|poke|p1|Flutter Mane, L50|\n|poke|p1|Glimmora, L50, M|\n|poke|p2|Torkoal, L50, F|\n|poke|p2|Tyranitar, L50, F|\n|poke|p2|Great Tusk, L50|\n|poke|p2|Jumpluff, L50, F|\n|poke|p2|Flutter Mane, L50|\n|poke|p2|Farigiraf, L50, F|\n|teampreview|4\n|inactive|Battle timer is ON: inactive players will automatically lose when time's up. (requested by jv0071)\n|\n|t:|1683843426\n|start\n|switch|p1a: Chi-Yu|Chi-Yu, L50|100\/100\n|switch|p1b: Glimmora|Glimmora, L50, M, shiny|100\/100\n|switch|p2a: Torkoal|Torkoal, L50, F, shiny|100\/100\n|switch|p2b: Jumpluff|Jumpluff, L50, F, shiny|100\/100\n|-ability|p1a: Chi-Yu|Beads of Ruin\n|-weather|SunnyDay|[from] ability: Drought|[of] p2a: Torkoal\n|turn|1\n|\n|t:|1683843449\n|-terastallize|p2b: Jumpluff|Water\n|move|p2a: Torkoal|Protect|p2a: Torkoal\n|-singleturn|p2a: Torkoal|Protect\n|move|p2b: Jumpluff|Sleep Powder|p1b: Glimmora|[miss]\n|-miss|p2b: Jumpluff|p1b: Glimmora\n|move|p1a: Chi-Yu|Heat Wave|p2b: Jumpluff|[spread] p2b\n|-activate|p2a: Torkoal|move: Protect\n|-resisted|p2b: Jumpluff\n|-damage|p2b: Jumpluff|63\/100\n|move|p1b: Glimmora|Power Gem|p2a: Torkoal\n|-activate|p2a: Torkoal|move: Protect\n|\n|-weather|SunnyDay|[upkeep]\n|upkeep\n|turn|2\n|inactive|IeroTenparansu has 30 seconds left.\n|\n|t:|1683843478\n|-terastallize|p1b: Glimmora|Grass\n|move|p2b: Jumpluff|Sleep Powder|p1a: Chi-Yu|[miss]\n|-miss|p2b: Jumpluff|p1a: Chi-Yu\n|move|p1a: Chi-Yu|Heat Wave|p2a: Torkoal|[spread] p2b\n|-miss|p1a: Chi-Yu|p2a: Torkoal\n|-resisted|p2b: Jumpluff\n|-damage|p2b: Jumpluff|22\/100\n|move|p1b: Glimmora|Earth Power|p2a: Torkoal\n|-supereffective|p2a: Torkoal\n|-damage|p2a: Torkoal|32\/100\n|move|p2a: Torkoal|Overheat|p1b: Glimmora\n|-supereffective|p1b: Glimmora\n|-damage|p1b: Glimmora|0 fnt\n|-unboost|p2a: Torkoal|spa|2\n|-enditem|p2a: Torkoal|Eject Pack\n|faint|p1b: Glimmora\n|\n|t:|1683843498\n|switch|p2a: Great Tusk|Great Tusk, L50, shiny|100\/100\n|-activate|p2a: Great Tusk|ability: Protosynthesis\n|-start|p2a: Great Tusk|protosynthesisatk\n|\n|-weather|SunnyDay|[upkeep]\n|upkeep\n|\n|t:|1683843504\n|switch|p1b: Dondozo|Dondozo, L50, M|100\/100\n|turn|3\n|\n|t:|1683843527\n|move|p2b: Jumpluff|Strength Sap|p1b: Dondozo\n|-unboost|p1b: Dondozo|atk|1\n|-heal|p2b: Jumpluff|100\/100\n|move|p2a: Great Tusk|Rock Slide|p1b: Dondozo|[spread] p1a,p1b\n|-supereffective|p1a: Chi-Yu\n|-damage|p1a: Chi-Yu|4\/100\n|-damage|p1b: Dondozo|79\/100\n|move|p1a: Chi-Yu|Heat Wave|p2a: Great Tusk|[spread] p2a,p2b\n|-resisted|p2b: Jumpluff\n|-damage|p2a: Great Tusk|16\/100\n|-damage|p2b: Jumpluff|60\/100\n|-status|p2a: Great Tusk|brn\n|move|p1b: Dondozo|Wave Crash|p2a: Great Tusk\n|-supereffective|p2a: Great Tusk\n|-damage|p2a: Great Tusk|0 fnt\n|faint|p2a: Great Tusk\n|-end|p2a: Great Tusk|Protosynthesis|[silent]\n|-damage|p1b: Dondozo|75\/100|[from] Recoil\n|\n|-weather|SunnyDay|[upkeep]\n|-heal|p1b: Dondozo|81\/100|[from] item: Leftovers\n|upkeep\n|\n|t:|1683843548\n|switch|p2a: Torkoal|Torkoal, L50, F, shiny|32\/100\n|turn|4\n|inactive|jv0071 has 30 seconds left.\n|\n|t:|1683843578\n|move|p1b: Dondozo|Protect|p1b: Dondozo\n|-singleturn|p1b: Dondozo|Protect\n|move|p2a: Torkoal|Protect|p2a: Torkoal\n|-singleturn|p2a: Torkoal|Protect\n|move|p2b: Jumpluff|Sleep Powder|p1a: Chi-Yu|[miss]\n|-miss|p2b: Jumpluff|p1a: Chi-Yu\n|move|p1a: Chi-Yu|Heat Wave|p2a: Torkoal|[spread] p2b\n|-activate|p2a: Torkoal|move: Protect\n|-resisted|p2b: Jumpluff\n|-damage|p2b: Jumpluff|18\/100\n|\n|-weather|SunnyDay|[upkeep]\n|-heal|p1b: Dondozo|87\/100|[from] item: Leftovers\n|upkeep\n|turn|5\n|\n|t:|1683843598\n|move|p2b: Jumpluff|Encore|p1b: Dondozo\n|-start|p1b: Dondozo|Encore\n|move|p1a: Chi-Yu|Heat Wave|p2b: Jumpluff|[spread] p2a,p2b\n|-resisted|p2a: Torkoal\n|-resisted|p2b: Jumpluff\n|-damage|p2a: Torkoal|0 fnt\n|-damage|p2b: Jumpluff|0 fnt\n|faint|p2a: Torkoal\n|faint|p2b: Jumpluff\n|move|p1b: Dondozo|Protect||[still]\n|-fail|p1b: Dondozo\n|\n|-weather|none\n|-heal|p1b: Dondozo|93\/100|[from] item: Leftovers\n|upkeep\n|\n|t:|1683843612\n|switch|p2b: Flutter Mane|Flutter Mane, L50, shiny|100\/100\n|turn|6\n|\n|t:|1683843627\n|switch|p1a: Tatsugiri|Tatsugiri, L50, F|100\/100\n|-activate|p1a: Tatsugiri|ability: Commander|[of] p1b: Dondozo\n|-boost|p1b: Dondozo|atk|2\n|-boost|p1b: Dondozo|spa|2\n|-boost|p1b: Dondozo|spe|2\n|-boost|p1b: Dondozo|def|2\n|-boost|p1b: Dondozo|spd|2\n|move|p1b: Dondozo|Protect|p1b: Dondozo\n|-singleturn|p1b: Dondozo|Protect\n|move|p2b: Flutter Mane|Moonblast|p1a: Tatsugiri|[miss]\n|-miss|p2b: Flutter Mane|p1a: Tatsugiri\n|\n|-heal|p1b: Dondozo|99\/100|[from] item: Leftovers\n|upkeep\n|turn|7\n|\n|t:|1683843643\n|move|p1b: Dondozo|Protect|p1b: Dondozo\n|-singleturn|p1b: Dondozo|Protect\n|move|p2b: Flutter Mane|Moonblast|p1b: Dondozo\n|-activate|p1b: Dondozo|move: Protect\n|\n|-heal|p1b: Dondozo|100\/100|[from] item: Leftovers\n|-end|p1b: Dondozo|Encore\n|upkeep\n|turn|8\n|\n|t:|1683843655\n|move|p1b: Dondozo|Wave Crash|p2b: Flutter Mane\n|-damage|p2b: Flutter Mane|0 fnt\n|faint|p2b: Flutter Mane\n|-end|p2b: Flutter Mane|Protosynthesis|[silent]\n|-damage|p1b: Dondozo|81\/100|[from] Recoil\n|\n|win|IeroTenparansu\n|raw|IeroTenparansu's rating: 1375 → 1391<\/strong> (+16 for winning)\n|raw|jv0071's rating: 1301 → 1285<\/strong> (-16 for losing)\n|l|\u2606jv0071\n","uploadtime":1683843663,"views":8,"p1id":"ierotenparansu","p2id":"jv0071","formatid":"gen9vgc2023regulationc","rating":1285,"private":0,"password":""}