{"id":"gen9vgc2023regulationc-1862908496","p1":"DarkraiEnthusiast","p2":"gucci_shinigami","format":"[Gen 9] VGC 2023 Regulation C","log":"|j|\u2606DarkraiEnthusiast\n|j|\u2606gucci_shinigami\n|t:|1683936908\n|gametype|doubles\n|player|p1|DarkraiEnthusiast|266|1045\n|player|p2|gucci_shinigami|karen|1133\n|teamsize|p1|6\n|teamsize|p2|6\n|gen|9\n|tier|[Gen 9] VGC 2023 Regulation C\n|rated|\n|rule|Species Clause: Limit one of each Pok\u00e9mon\n|rule|Item Clause: Limit one of each item\n|clearpoke\n|poke|p1|Dragonite, L50, F|\n|poke|p1|Arcanine, L50, M|\n|poke|p1|Gardevoir, L50, F|\n|poke|p1|Murkrow, L50, M|\n|poke|p1|Meowscarada, L50, F|\n|poke|p1|Ceruledge, L50, M|\n|poke|p2|Chien-Pao, L50|\n|poke|p2|Dragapult, L50, M|\n|poke|p2|Amoonguss, L50, F|\n|poke|p2|Talonflame, L50, M|\n|poke|p2|Iron Moth, L50|\n|poke|p2|Iron Hands, L50|\n|teampreview|4\n|\n|t:|1683936967\n|start\n|switch|p1a: Dragonite|Dragonite, L50, F|100\/100\n|switch|p1b: Arcanine|Arcanine, L50, M, shiny|100\/100\n|switch|p2a: Dragapult|Dragapult, L50, M|100\/100\n|switch|p2b: Talonflame|Talonflame, L50, M|100\/100\n|-ability|p1b: Arcanine|Intimidate|boost\n|-fail|p2a: Dragapult|unboost|[from] ability: Clear Body|[of] p2a: Dragapult\n|-unboost|p2b: Talonflame|atk|1\n|turn|1\n|inactive|Battle timer is ON: inactive players will automatically lose when time's up. (requested by DarkraiEnthusiast)\n|\n|t:|1683936992\n|-terastallize|p2b: Talonflame|Ghost\n|-terastallize|p1a: Dragonite|Normal\n|move|p2a: Dragapult|Dragon Darts|p1a: Dragonite\n|-damage|p1a: Dragonite|81\/100\n|-anim|p2a: Dragapult|Dragon Darts|p1b: Arcanine\n|-damage|p1b: Arcanine|63\/100\n|move|p2b: Talonflame|Will-O-Wisp|p1a: Dragonite\n|-status|p1a: Dragonite|brn\n|move|p1a: Dragonite|Dragon Dance|p1a: Dragonite\n|-boost|p1a: Dragonite|atk|1\n|-boost|p1a: Dragonite|spe|1\n|move|p1b: Arcanine|Howl|p1b: Arcanine|[spread] p1a,p1b\n|-boost|p1a: Dragonite|atk|1\n|-boost|p1b: Arcanine|atk|1\n|\n|-heal|p1a: Dragonite|87\/100 brn|[from] item: Leftovers\n|-damage|p1a: Dragonite|81\/100 brn|[from] brn\n|upkeep\n|turn|2\n|\n|t:|1683937015\n|move|p2a: Dragapult|Dragon Darts|p1a: Dragonite\n|-damage|p1a: Dragonite|41\/100 brn\n|-anim|p2a: Dragapult|Dragon Darts|p1b: Arcanine\n|-damage|p1b: Arcanine|30\/100\n|move|p1a: Dragonite|Dragon Dance|p1a: Dragonite\n|-boost|p1a: Dragonite|atk|1\n|-boost|p1a: Dragonite|spe|1\n|move|p2b: Talonflame|Taunt|p1b: Arcanine\n|-start|p1b: Arcanine|move: Taunt\n|cant|p1b: Arcanine|move: Taunt|Howl\n|\n|-heal|p1a: Dragonite|47\/100 brn|[from] item: Leftovers\n|-damage|p1a: Dragonite|41\/100 brn|[from] brn\n|upkeep\n|turn|3\n|\n|t:|1683937035\n|move|p2b: Talonflame|Tailwind|p2b: Talonflame\n|-sidestart|p2: gucci_shinigami|move: Tailwind\n|move|p2a: Dragapult|Dragon Darts|p1a: Dragonite\n|-damage|p1a: Dragonite|2\/100 brn\n|-anim|p2a: Dragapult|Dragon Darts|p1b: Arcanine\n|-damage|p1b: Arcanine|0 fnt\n|faint|p1b: Arcanine\n|move|p1a: Dragonite|Roost|p1a: Dragonite\n|-heal|p1a: Dragonite|52\/100 brn\n|\n|-heal|p1a: Dragonite|58\/100 brn|[from] item: Leftovers\n|-damage|p1a: Dragonite|52\/100 brn|[from] brn\n|upkeep\n|\n|t:|1683937044\n|switch|p1b: Ceruledge|Ceruledge, L50, M, shiny|100\/100\n|turn|4\n|inactive|gucci_shinigami has 30 seconds left.\n|\n|t:|1683937075\n|switch|p2a: Amoonguss|Amoonguss, L50, F|100\/100\n|switch|p2b: Iron Hands|Iron Hands, L50|100\/100\n|move|p1b: Ceruledge|Shadow Sneak|p2a: Amoonguss\n|-damage|p2a: Amoonguss|77\/100\n|-damage|p1b: Ceruledge|90\/100|[from] item: Life Orb\n|move|p1a: Dragonite|Roost|p1a: Dragonite\n|-heal|p1a: Dragonite|100\/100 brn\n|\n|-damage|p1a: Dragonite|95\/100 brn|[from] brn\n|upkeep\n|turn|5\n|inactive|gucci_shinigami has 30 seconds left.\n|inactive|gucci_shinigami has 20 seconds left.\n|inactive|gucci_shinigami has 15 seconds left.\n|inactive|gucci_shinigami has 10 seconds left.\n|\n|t:|1683937123\n|move|p2b: Iron Hands|Fake Out|p1a: Dragonite\n|-damage|p1a: Dragonite|78\/100 brn\n|cant|p1a: Dragonite|flinch\n|move|p1b: Ceruledge|Will-O-Wisp|p2b: Iron Hands\n|-status|p2b: Iron Hands|brn\n|move|p2a: Amoonguss|Clear Smog|p1a: Dragonite\n|-damage|p1a: Dragonite|60\/100 brn\n|-clearboost|p1a: Dragonite\n|\n|-heal|p1a: Dragonite|66\/100 brn|[from] item: Leftovers\n|-damage|p2b: Iron Hands|95\/100 brn|[from] brn\n|-damage|p1a: Dragonite|60\/100 brn|[from] brn\n|upkeep\n|turn|6\n|inactive|DarkraiEnthusiast has 30 seconds left.\n|inactive|gucci_shinigami has 30 seconds left.\n|\n|t:|1683937155\n|switch|p2a: Dragapult|Dragapult, L50, M|100\/100\n|move|p1b: Ceruledge|Bitter Blade|p2a: Dragapult\n|-resisted|p2a: Dragapult\n|-damage|p2a: Dragapult|60\/100\n|-heal|p1b: Ceruledge|100\/100|[from] drain|[of] p2a: Dragapult\n|-damage|p1b: Ceruledge|90\/100|[from] item: Life Orb\n|move|p2b: Iron Hands|Drain Punch|p1a: Dragonite\n|-supereffective|p1a: Dragonite\n|-damage|p1a: Dragonite|12\/100 brn\n|-heal|p2b: Iron Hands|100\/100 brn|[from] drain|[of] p1a: Dragonite\n|move|p1a: Dragonite|Dragon Dance|p1a: Dragonite\n|-boost|p1a: Dragonite|atk|1\n|-boost|p1a: Dragonite|spe|1\n|\n|-heal|p1a: Dragonite|18\/100 brn|[from] item: Leftovers\n|-damage|p1a: Dragonite|12\/100 brn|[from] brn\n|-damage|p2b: Iron Hands|95\/100 brn|[from] brn\n|-sideend|p2: gucci_shinigami|move: Tailwind\n|upkeep\n|turn|7\n|\n|t:|1683937178\n|move|p1b: Ceruledge|Shadow Sneak|p2a: Dragapult\n|-supereffective|p2a: Dragapult\n|-damage|p2a: Dragapult|0 fnt\n|faint|p2a: Dragapult\n|-damage|p1b: Ceruledge|80\/100|[from] item: Life Orb\n|move|p1a: Dragonite|Roost|p1a: Dragonite\n|-heal|p1a: Dragonite|62\/100 brn\n|move|p2b: Iron Hands|Volt Switch|p1a: Dragonite\n|-damage|p1a: Dragonite|47\/100 brn\n|\n|t:|1683937198\n|-end|p2b: Iron Hands|Quark Drive|[silent]\n|switch|p2b: Talonflame|Talonflame, L50, M, tera:Ghost|100\/100|[from] Volt Switch\n|\n|-heal|p1a: Dragonite|53\/100 brn|[from] item: Leftovers\n|-damage|p1a: Dragonite|47\/100 brn|[from] brn\n|upkeep\n|\n|t:|1683937204\n|switch|p2a: Iron Hands|Iron Hands, L50|95\/100 brn\n|turn|8\n|\n|t:|1683937222\n|move|p2b: Talonflame|Tailwind|p2b: Talonflame\n|-sidestart|p2: gucci_shinigami|move: Tailwind\n|move|p1b: Ceruledge|Shadow Sneak|p2b: Talonflame\n|-supereffective|p2b: Talonflame\n|-damage|p2b: Talonflame|28\/100\n|-damage|p1b: Ceruledge|70\/100|[from] item: Life Orb\n|move|p1a: Dragonite|Earthquake|p2a: Iron Hands|[spread] p1b,p2a,p2b\n|-supereffective|p1b: Ceruledge\n|-supereffective|p2a: Iron Hands\n|-damage|p1b: Ceruledge|12\/100\n|-damage|p2a: Iron Hands|66\/100 brn\n|-damage|p2b: Talonflame|0 fnt\n|-ability|p1b: Ceruledge|Weak Armor|boost\n|-unboost|p1b: Ceruledge|def|1\n|-boost|p1b: Ceruledge|spe|2\n|faint|p2b: Talonflame\n|move|p2a: Iron Hands|Drain Punch|p1a: Dragonite\n|-supereffective|p1a: Dragonite\n|-damage|p1a: Dragonite|0 fnt\n|-heal|p2a: Iron Hands|82\/100 brn|[from] drain|[of] p1a: Dragonite\n|faint|p1a: Dragonite\n|\n|-damage|p2a: Iron Hands|76\/100 brn|[from] brn\n|upkeep\n|\n|t:|1683937240\n|switch|p2b: Amoonguss|Amoonguss, L50, F|100\/100\n|switch|p1a: Meowscarada|Meowscarada, L50, F, shiny|100\/100\n|turn|9\n|\n|t:|1683937258\n|move|p1b: Ceruledge|Bitter Blade|p2b: Amoonguss\n|-supereffective|p2b: Amoonguss\n|-damage|p2b: Amoonguss|2\/100\n|-heal|p1b: Ceruledge|84\/100|[from] drain|[of] p2b: Amoonguss\n|-enditem|p2b: Amoonguss|Sitrus Berry|[eat]\n|-heal|p2b: Amoonguss|27\/100|[from] item: Sitrus Berry\n|-damage|p1b: Ceruledge|74\/100|[from] item: Life Orb\n|move|p1a: Meowscarada|Flower Trick|p2a: Iron Hands\n|-crit|p2a: Iron Hands\n|-damage|p2a: Iron Hands|46\/100 brn\n|move|p2a: Iron Hands|Drain Punch|p1a: Meowscarada\n|-supereffective|p1a: Meowscarada\n|-crit|p1a: Meowscarada\n|-enditem|p1a: Meowscarada|Focus Sash\n|-damage|p1a: Meowscarada|1\/100\n|-heal|p2a: Iron Hands|75\/100 brn|[from] drain|[of] p1a: Meowscarada\n|move|p2b: Amoonguss|Spore|p1b: Ceruledge\n|-status|p1b: Ceruledge|slp|[from] move: Spore\n|\n|-damage|p2a: Iron Hands|69\/100 brn|[from] brn\n|upkeep\n|turn|10\n|inactive|gucci_shinigami has 30 seconds left.\n|\n|t:|1683937284\n|cant|p1b: Ceruledge|slp\n|move|p1a: Meowscarada|Flower Trick|p2a: Iron Hands\n|-crit|p2a: Iron Hands\n|-damage|p2a: Iron Hands|22\/100 brn\n|move|p2a: Iron Hands|Wild Charge|p1b: Ceruledge\n|-damage|p1b: Ceruledge|21\/100 slp\n|-ability|p1b: Ceruledge|Weak Armor|boost\n|-unboost|p1b: Ceruledge|def|1\n|-boost|p1b: Ceruledge|spe|2\n|-damage|p2a: Iron Hands|14\/100 brn|[from] Recoil\n|move|p2b: Amoonguss|Pollen Puff|p1a: Meowscarada\n|-supereffective|p1a: Meowscarada\n|-damage|p1a: Meowscarada|0 fnt\n|faint|p1a: Meowscarada\n|\n|-damage|p2a: Iron Hands|8\/100 brn|[from] brn\n|upkeep\n|turn|11\n|\n|t:|1683937305\n|move|p2b: Amoonguss|Rage Powder|p2b: Amoonguss\n|-singleturn|p2b: Amoonguss|move: Rage Powder\n|cant|p1b: Ceruledge|slp\n|move|p2a: Iron Hands|Wild Charge|p1b: Ceruledge\n|-damage|p1b: Ceruledge|0 fnt\n|faint|p1b: Ceruledge\n|-damage|p2a: Iron Hands|5\/100 brn|[from] Recoil\n|\n|win|gucci_shinigami\n|raw|DarkraiEnthusiast's rating: 1045 → 1032<\/strong> (-13 for losing)\n|raw|gucci_shinigami's rating: 1133 → 1152<\/strong> (+19 for winning)\n|l|\u2606DarkraiEnthusiast\n","uploadtime":1683937520,"views":11,"p1id":"darkraienthusiast","p2id":"guccishinigami","formatid":"gen9vgc2023regulationc","rating":1032,"private":0,"password":""}