{"id":"gen9vgc2023regulationc-1864145205","p1":"LeChamp James","p2":"Profkoji","format":"[Gen 9] VGC 2023 Regulation C","log":"|j|\u2606LeChamp James\n|j|\u2606Profkoji\n|t:|1684124464\n|gametype|doubles\n|player|p1|LeChamp James|hoopster|1340\n|player|p2|Profkoji|266|1465\n|teamsize|p1|6\n|teamsize|p2|6\n|gen|9\n|tier|[Gen 9] VGC 2023 Regulation C\n|rated|\n|rule|Species Clause: Limit one of each Pok\u00e9mon\n|rule|Item Clause: Limit one of each item\n|clearpoke\n|poke|p1|Ting-Lu, L50|\n|poke|p1|Arcanine, L50, M|\n|poke|p1|Palafin, L50, M|\n|poke|p1|Amoonguss, L50, M|\n|poke|p1|Flutter Mane, L50|\n|poke|p1|Garganacl, L50, M|\n|poke|p2|Hatterene, L50, F|\n|poke|p2|Indeedee-F, L50, F|\n|poke|p2|Armarouge, L50, M|\n|poke|p2|Torkoal, L50, F|\n|poke|p2|Iron Hands, L50|\n|poke|p2|Lilligant, L50, F|\n|teampreview|4\n|\n|t:|1684124512\n|start\n|switch|p1a: Flutter Mane|Flutter Mane, L50, shiny|100\/100\n|switch|p1b: Garganacl|Garganacl, L50, M, shiny|100\/100\n|switch|p2a: Hatterene|Hatterene, L50, F|100\/100\n|switch|p2b: Iron Hands|Iron Hands, L50|100\/100\n|-enditem|p2b: Iron Hands|Booster Energy\n|-activate|p2b: Iron Hands|ability: Quark Drive|[fromitem]\n|-start|p2b: Iron Hands|quarkdriveatk\n|turn|1\n|inactive|Battle timer is ON: inactive players will automatically lose when time's up. (requested by LeChamp James)\n|\n|t:|1684124549\n|switch|p1b: Ting-Lu|Ting-Lu, L50|100\/100\n|-ability|p1b: Ting-Lu|Vessel of Ruin\n|-terastallize|p2a: Hatterene|Steel\n|move|p2b: Iron Hands|Fake Out|p1b: Ting-Lu\n|-damage|p1b: Ting-Lu|89\/100\n|move|p1a: Flutter Mane|Moonblast|p2b: Iron Hands\n|-supereffective|p2b: Iron Hands\n|-damage|p2b: Iron Hands|6\/100\n|move|p2a: Hatterene|Trick Room|p2a: Hatterene\n|-fieldstart|move: Trick Room|[of] p2a: Hatterene\n|\n|upkeep\n|turn|2\n|inactive|LeChamp James has 30 seconds left.\n|inactive|Profkoji has 30 seconds left.\n|inactive|LeChamp James has 20 seconds left.\n|inactive|LeChamp James has 15 seconds left.\n|inactive|LeChamp James has 10 seconds left.\n|inactive|LeChamp James has 5 seconds left.\n|\n|t:|1684124599\n|switch|p1b: Arcanine|Arcanine, L50, M, shiny|100\/100\n|-ability|p1b: Arcanine|Intimidate|boost\n|-unboost|p2a: Hatterene|atk|1\n|-unboost|p2b: Iron Hands|atk|1\n|move|p2a: Hatterene|Dazzling Gleam|p1b: Arcanine|[spread] p1a,p1b\n|-resisted|p1b: Arcanine\n|-damage|p1a: Flutter Mane|59\/100\n|-damage|p1b: Arcanine|75\/100\n|-damage|p2a: Hatterene|91\/100|[from] item: Life Orb\n|move|p2b: Iron Hands|Close Combat|p1b: Arcanine\n|-damage|p1b: Arcanine|14\/100\n|-unboost|p2b: Iron Hands|def|1\n|-unboost|p2b: Iron Hands|spd|1\n|move|p1a: Flutter Mane|Moonblast|p2b: Iron Hands\n|-supereffective|p2b: Iron Hands\n|-damage|p2b: Iron Hands|0 fnt\n|faint|p2b: Iron Hands\n|-end|p2b: Iron Hands|Quark Drive|[silent]\n|\n|upkeep\n|\n|t:|1684124618\n|switch|p2b: Armarouge|Armarouge, L50, M|100\/100\n|turn|3\n|inactive|LeChamp James has 30 seconds left.\n|\n|t:|1684124644\n|-end|p1a: Flutter Mane|Protosynthesis|[silent]\n|switch|p1a: Ting-Lu|Ting-Lu, L50|89\/100\n|-ability|p1a: Ting-Lu|Vessel of Ruin\n|move|p2a: Hatterene|Dazzling Gleam|p1b: Arcanine|[spread] p1a,p1b\n|-supereffective|p1a: Ting-Lu\n|-resisted|p1b: Arcanine\n|-damage|p1a: Ting-Lu|58\/100\n|-damage|p1b: Arcanine|0 fnt\n|faint|p1b: Arcanine\n|-damage|p2a: Hatterene|81\/100|[from] item: Life Orb\n|move|p2b: Armarouge|Armor Cannon|p1a: Ting-Lu\n|-damage|p1a: Ting-Lu|37\/100\n|-unboost|p2b: Armarouge|def|1\n|-unboost|p2b: Armarouge|spd|1\n|\n|upkeep\n|\n|t:|1684124657\n|switch|p1b: Garganacl|Garganacl, L50, M, shiny|100\/100\n|turn|4\n|\n|t:|1684124679\n|switch|p2b: Indeedee|Indeedee-F, L50, F|100\/100\n|-fieldstart|move: Psychic Terrain|[from] ability: Psychic Surge|[of] p2b: Indeedee\n|move|p2a: Hatterene|Dazzling Gleam|p1b: Garganacl|[spread] p1a,p1b\n|-supereffective|p1a: Ting-Lu\n|-damage|p1a: Ting-Lu|9\/100\n|-damage|p1b: Garganacl|78\/100\n|-damage|p2a: Hatterene|71\/100|[from] item: Life Orb\n|move|p1b: Garganacl|Salt Cure|p2b: Indeedee\n|-damage|p2b: Indeedee|87\/100\n|-start|p2b: Indeedee|Salt Cure\n|move|p1a: Ting-Lu|Sand Tomb|p2b: Indeedee|[miss]\n|-miss|p1a: Ting-Lu|p2b: Indeedee\n|\n|-heal|p1b: Garganacl|84\/100|[from] item: Leftovers\n|-damage|p2b: Indeedee|75\/100|[from] Salt Cure\n|upkeep\n|turn|5\n|inactive|LeChamp James has 30 seconds left.\n|\n|t:|1684124712\n|move|p2b: Indeedee|Follow Me|p2b: Indeedee\n|-singleturn|p2b: Indeedee|move: Follow Me\n|move|p2a: Hatterene|Dazzling Gleam|p1a: Ting-Lu|[spread] p1a,p1b\n|-supereffective|p1a: Ting-Lu\n|-crit|p1a: Ting-Lu\n|-damage|p1a: Ting-Lu|0 fnt\n|-damage|p1b: Garganacl|60\/100\n|faint|p1a: Ting-Lu\n|-damage|p2a: Hatterene|61\/100|[from] item: Life Orb\n|move|p1b: Garganacl|Salt Cure|p2b: Indeedee\n|-damage|p2b: Indeedee|61\/100\n|\n|-heal|p1b: Garganacl|66\/100|[from] item: Leftovers\n|-damage|p2b: Indeedee|49\/100|[from] Salt Cure\n|-fieldend|move: Trick Room\n|upkeep\n|\n|t:|1684124724\n|switch|p1a: Flutter Mane|Flutter Mane, L50, shiny|59\/100\n|turn|6\n|\n|t:|1684124745\n|-terastallize|p1a: Flutter Mane|Fairy\n|move|p2b: Indeedee|Follow Me|p2b: Indeedee\n|-singleturn|p2b: Indeedee|move: Follow Me\n|move|p1a: Flutter Mane|Moonblast|p2b: Indeedee\n|-damage|p2b: Indeedee|0 fnt\n|faint|p2b: Indeedee\n|move|p1b: Garganacl|Salt Cure|p2a: Hatterene\n|-resisted|p2a: Hatterene\n|-damage|p2a: Hatterene|54\/100\n|-start|p2a: Hatterene|Salt Cure\n|move|p2a: Hatterene|Trick Room|p2a: Hatterene\n|-fieldstart|move: Trick Room|[of] p2a: Hatterene\n|\n|-heal|p1b: Garganacl|72\/100|[from] item: Leftovers\n|-damage|p2a: Hatterene|29\/100|[from] Salt Cure\n|upkeep\n|\n|t:|1684124760\n|switch|p2b: Armarouge|Armarouge, L50, M|100\/100\n|turn|7\n|\n|t:|1684124770\n|move|p2a: Hatterene|Psychic|p1b: Garganacl\n|-damage|p1b: Garganacl|6\/100\n|-damage|p2a: Hatterene|19\/100|[from] item: Life Orb\n|move|p1b: Garganacl|Recover|p1b: Garganacl\n|-heal|p1b: Garganacl|57\/100\n|move|p2b: Armarouge|Aura Sphere|p1b: Garganacl\n|-supereffective|p1b: Garganacl\n|-damage|p1b: Garganacl|13\/100\n|move|p1a: Flutter Mane|Moonblast|p2b: Armarouge\n|-resisted|p2b: Armarouge\n|-damage|p2b: Armarouge|48\/100\n|\n|-heal|p1b: Garganacl|19\/100|[from] item: Leftovers\n|-damage|p2a: Hatterene|0 fnt|[from] Salt Cure\n|faint|p2a: Hatterene\n|upkeep\n|turn|8\n|\n|t:|1684124790\n|move|p1b: Garganacl|Salt Cure|p2b: Armarouge\n|-supereffective|p2b: Armarouge\n|-damage|p2b: Armarouge|20\/100\n|-start|p2b: Armarouge|Salt Cure\n|move|p2b: Armarouge|Expanding Force|p1a: Flutter Mane|[spread] p1a,p1b\n|-damage|p1a: Flutter Mane|0 fnt\n|-damage|p1b: Garganacl|0 fnt\n|faint|p1a: Flutter Mane\n|-end|p1a: Flutter Mane|Protosynthesis|[silent]\n|faint|p1b: Garganacl\n|\n|win|Profkoji\n|raw|LeChamp James's rating: 1340 → 1327<\/strong> (-13 for losing)\n|raw|Profkoji's rating: 1465 → 1478<\/strong> (+13 for winning)\n","uploadtime":1684124801,"views":9,"p1id":"lechampjames","p2id":"profkoji","formatid":"gen9vgc2023regulationc","rating":1327,"private":0,"password":""}