{"id":"gen9vgc2023regulationc-1849199946","p1":"Nukoshowdown","p2":"TharoksVGC","format":"[Gen 9] VGC 2023 Regulation C","log":"|j|\u2606Nukoshowdown\n|j|\u2606TharoksVGC\n|t:|1682171843\n|gametype|doubles\n|player|p1|Nukoshowdown|dawn|1221\n|player|p2|TharoksVGC|hoopster|1296\n|teamsize|p1|6\n|teamsize|p2|6\n|gen|9\n|tier|[Gen 9] VGC 2023 Regulation C\n|rated|\n|rule|Species Clause: Limit one of each Pok\u00e9mon\n|rule|Item Clause: Limit one of each item\n|clearpoke\n|poke|p1|Arcanine, L50, F|\n|poke|p1|Amoonguss, L50, F|\n|poke|p1|Braviary, L50, M|\n|poke|p1|Palafin, L50, F|\n|poke|p1|Flutter Mane, L50|\n|poke|p1|Ceruledge, L50, F|\n|poke|p2|Forretress, L50, M|\n|poke|p2|Chien-Pao, L50|\n|poke|p2|Gastrodon-East, L50, F|\n|poke|p2|Ting-Lu, L50|\n|poke|p2|Talonflame, L50, M|\n|poke|p2|Arcanine, L50, M|\n|teampreview|4\n|\n|t:|1682171887\n|start\n|switch|p1a: Braviary|Braviary, L50, M|100\/100\n|switch|p1b: ChiYu|Arcanine, L50, F|100\/100\n|switch|p2a: Talonflame|Talonflame, L50, M|100\/100\n|switch|p2b: Gastrodon|Gastrodon-East, L50, F|100\/100\n|-ability|p1b: ChiYu|Intimidate|boost\n|-unboost|p2a: Talonflame|atk|1\n|-unboost|p2b: Gastrodon|atk|1\n|turn|1\n|\n|t:|1682171911\n|move|p1b: ChiYu|Extreme Speed|p2a: Talonflame\n|-damage|p2a: Talonflame|72\/100\n|move|p1a: Braviary|Brave Bird|p2b: Gastrodon\n|-damage|p2b: Gastrodon|36\/100\n|-damage|p1a: Braviary|74\/100|[from] Recoil\n|move|p2a: Talonflame|Will-O-Wisp|p1a: Braviary|[miss]\n|-miss|p2a: Talonflame|p1a: Braviary\n|move|p2b: Gastrodon|Muddy Water|p1b: ChiYu|[spread] p1b\n|-miss|p2b: Gastrodon|p1a: Braviary\n|-supereffective|p1b: ChiYu\n|-damage|p1b: ChiYu|29\/100\n|-unboost|p1b: ChiYu|accuracy|1\n|\n|upkeep\n|turn|2\n|\n|t:|1682171937\n|move|p1b: ChiYu|Protect|p1b: ChiYu\n|-singleturn|p1b: ChiYu|Protect\n|move|p2b: Gastrodon|Protect|p2b: Gastrodon\n|-singleturn|p2b: Gastrodon|Protect\n|move|p1a: Braviary|Brave Bird|p2b: Gastrodon\n|-activate|p2b: Gastrodon|move: Protect\n|move|p2a: Talonflame|Brave Bird|p1b: ChiYu\n|-activate|p1b: ChiYu|move: Protect\n|\n|upkeep\n|turn|3\n|\n|t:|1682171956\n|switch|p1b: Ceruledge|Ceruledge, L50, F|100\/100\n|move|p1a: Braviary|Brave Bird|p2b: Gastrodon\n|-damage|p2b: Gastrodon|0 fnt\n|faint|p2b: Gastrodon\n|-damage|p1a: Braviary|60\/100|[from] Recoil\n|move|p2a: Talonflame|Tailwind|p2a: Talonflame\n|-sidestart|p2: TharoksVGC|move: Tailwind\n|\n|upkeep\n|\n|t:|1682171969\n|switch|p2b: Forretress|Forretress, L50, M|100\/100\n|turn|4\n|\n|t:|1682171983\n|-terastallize|p2b: Forretress|Rock\n|move|p2a: Talonflame|Will-O-Wisp|p1a: Braviary\n|-status|p1a: Braviary|brn\n|move|p1a: Braviary|Brave Bird|p2a: Talonflame\n|-damage|p2a: Talonflame|31\/100\n|-damage|p1a: Braviary|46\/100 brn|[from] Recoil\n|move|p2b: Forretress|Rock Blast|p1b: Ceruledge\n|-supereffective|p1b: Ceruledge\n|-damage|p1b: Ceruledge|73\/100\n|-supereffective|p1b: Ceruledge\n|-damage|p1b: Ceruledge|45\/100\n|-supereffective|p1b: Ceruledge\n|-damage|p1b: Ceruledge|15\/100\n|-supereffective|p1b: Ceruledge\n|-damage|p1b: Ceruledge|0 fnt\n|faint|p1b: Ceruledge\n|-hitcount|p1: Ceruledge|4\n|\n|-damage|p1a: Braviary|39\/100 brn|[from] brn\n|upkeep\n|\n|t:|1682172001\n|switch|p1b: ChiYu|Arcanine, L50, F|29\/100\n|-ability|p1b: ChiYu|Intimidate|boost\n|-unboost|p2a: Talonflame|atk|1\n|-unboost|p2b: Forretress|atk|1\n|turn|5\n|\n|t:|1682172018\n|move|p1b: ChiYu|Protect|p1b: ChiYu\n|-singleturn|p1b: ChiYu|Protect\n|move|p2a: Talonflame|Brave Bird|p1b: ChiYu\n|-activate|p1b: ChiYu|move: Protect\n|move|p1a: Braviary|Brave Bird|p2a: Talonflame\n|-damage|p2a: Talonflame|0 fnt\n|faint|p2a: Talonflame\n|-damage|p1a: Braviary|29\/100 brn|[from] Recoil\n|move|p2b: Forretress|Rock Blast|p1a: Braviary\n|-supereffective|p1a: Braviary\n|-damage|p1a: Braviary|8\/100 brn\n|-supereffective|p1a: Braviary\n|-damage|p1a: Braviary|0 fnt\n|faint|p1a: Braviary\n|-hitcount|p1: Braviary|2\n|\n|upkeep\n|\n|t:|1682172034\n|switch|p2a: Chien-Pao|Chien-Pao, L50|100\/100\n|switch|p1a: WoChien|Amoonguss, L50, F|100\/100\n|-ability|p2a: Chien-Pao|Sword of Ruin\n|turn|6\n|\n|t:|1682172065\n|move|p1b: ChiYu|Extreme Speed|p2a: Chien-Pao\n|-damage|p2a: Chien-Pao|73\/100\n|move|p1a: WoChien|Rage Powder|p1a: WoChien\n|-singleturn|p1a: WoChien|move: Rage Powder\n|move|p2a: Chien-Pao|Ice Spinner|p1a: WoChien\n|-supereffective|p1a: WoChien\n|-damage|p1a: WoChien|1\/100\n|-enditem|p1a: WoChien|Sitrus Berry|[eat]\n|-heal|p1a: WoChien|26\/100|[from] item: Sitrus Berry\n|move|p2b: Forretress|Rock Blast|p1a: WoChien\n|-damage|p1a: WoChien|17\/100\n|-damage|p1a: WoChien|8\/100\n|-damage|p1a: WoChien|0 fnt\n|faint|p1a: WoChien\n|-hitcount|p1: WoChien|3\n|\n|-sideend|p2: TharoksVGC|move: Tailwind\n|upkeep\n|turn|7\n|-message|Nukoshowdown forfeited.\n|\n|win|TharoksVGC\n|raw|Nukoshowdown's rating: 1221 → 1201<\/strong> (-20 for losing)\n|raw|TharoksVGC's rating: 1296 → 1316<\/strong> (+20 for winning)\n|l|\u2606Nukoshowdown\n|l|\u2606TharoksVGC\n|j|\u2606TharoksVGC\n|player|p2|TharoksVGC|hoopster\n","uploadtime":1682172572,"views":8,"p1id":"nukoshowdown","p2id":"tharoksvgc","formatid":"gen9vgc2023regulationc","rating":1201,"private":0,"password":""}