{"id":"gen9vgc2023regulationc-1848453594","p1":"kishoreXdiamante","p2":"Atlewis","format":"[Gen 9] VGC 2023 Regulation C","log":"|j|\u2606kishoreXdiamante\n|j|\u2606Atlewis\n|t:|1682080037\n|gametype|doubles\n|player|p1|kishoreXdiamante|wallace|1180\n|player|p2|Atlewis|2|1258\n|teamsize|p1|6\n|teamsize|p2|6\n|gen|9\n|tier|[Gen 9] VGC 2023 Regulation C\n|rated|\n|rule|Species Clause: Limit one of each Pok\u00e9mon\n|rule|Item Clause: Limit one of each item\n|clearpoke\n|poke|p1|Tyranitar, L50, M|\n|poke|p1|Gyarados, L50, F|\n|poke|p1|Iron Hands, L50|\n|poke|p1|Rotom-Wash, L50|\n|poke|p1|Gholdengo, L50|\n|poke|p1|Ceruledge, L50, M|\n|poke|p2|Talonflame, L50, F|\n|poke|p2|Great Tusk, L50|\n|poke|p2|Rotom-Wash, L50|\n|poke|p2|Flutter Mane, L50|\n|poke|p2|Chi-Yu, L50|\n|poke|p2|Iron Hands, L50|\n|teampreview|4\n|inactive|Battle timer is ON: inactive players will automatically lose when time's up. (requested by Atlewis)\n|\n|t:|1682080063\n|start\n|switch|p1a: Rotom|Rotom-Wash, L50, shiny|100\/100\n|switch|p1b: Iron Hands|Iron Hands, L50|100\/100\n|switch|p2a: Great Tusk|Great Tusk, L50|100\/100\n|switch|p2b: Rotom|Rotom-Wash, L50|100\/100\n|turn|1\n|\n|t:|1682080086\n|move|p2a: Great Tusk|Protect|p2a: Great Tusk\n|-singleturn|p2a: Great Tusk|Protect\n|move|p2b: Rotom|Protect|p2b: Rotom\n|-singleturn|p2b: Rotom|Protect\n|move|p1b: Iron Hands|Fake Out|p2b: Rotom\n|-activate|p2b: Rotom|move: Protect\n|move|p1a: Rotom|Will-O-Wisp|p2a: Great Tusk\n|-activate|p2a: Great Tusk|move: Protect\n|\n|upkeep\n|turn|2\n|inactive|kishoreXdiamante has 30 seconds left.\n|\n|t:|1682080114\n|-end|p2a: Great Tusk|Protosynthesis|[silent]\n|switch|p2a: Talonflame|Talonflame, L50, F|100\/100\n|move|p2b: Rotom|Thunderbolt|p1b: Iron Hands\n|-resisted|p1b: Iron Hands\n|-damage|p1b: Iron Hands|87\/100\n|move|p1a: Rotom|Will-O-Wisp|p2a: Talonflame\n|-immune|p2a: Talonflame\n|move|p1b: Iron Hands|Volt Switch|p2b: Rotom\n|-damage|p2b: Rotom|87\/100\n|\n|t:|1682080127\n|-end|p1b: Iron Hands|Quark Drive|[silent]\n|switch|p1b: Gholdengo|Gholdengo, L50|100\/100|[from] Volt Switch\n|\n|upkeep\n|turn|3\n|\n|t:|1682080135\n|switch|p2a: Great Tusk|Great Tusk, L50|100\/100\n|move|p2b: Rotom|Discharge|p1a: Rotom|[spread] p1a,p1b\n|-immune|p2a: Great Tusk\n|-damage|p1a: Rotom|72\/100\n|-damage|p1b: Gholdengo|76\/100\n|-status|p1b: Gholdengo|par\n|move|p1a: Rotom|Thunder Wave|p2a: Great Tusk\n|-immune|p2a: Great Tusk\n|cant|p1b: Gholdengo|par\n|\n|-heal|p1b: Gholdengo|83\/100 par|[from] item: Leftovers\n|upkeep\n|turn|4\n|\n|t:|1682080155\n|-end|p2a: Great Tusk|Protosynthesis|[silent]\n|switch|p2a: Talonflame|Talonflame, L50, F|100\/100\n|move|p2b: Rotom|Thunderbolt|p1b: Gholdengo\n|-damage|p1b: Gholdengo|41\/100 par\n|move|p1a: Rotom|Will-O-Wisp|p2b: Rotom|[miss]\n|-miss|p1a: Rotom|p2b: Rotom\n|move|p1b: Gholdengo|Nasty Plot|p1b: Gholdengo\n|-boost|p1b: Gholdengo|spa|2\n|\n|-heal|p1b: Gholdengo|47\/100 par|[from] item: Leftovers\n|upkeep\n|turn|5\n|\n|t:|1682080175\n|move|p2a: Talonflame|Taunt|p1a: Rotom\n|-start|p1a: Rotom|move: Taunt\n|move|p2b: Rotom|Thunderbolt|p1b: Gholdengo\n|-damage|p1b: Gholdengo|9\/100 par\n|cant|p1a: Rotom|move: Taunt|Thunder Wave\n|move|p1b: Gholdengo|Hex|p2a: Talonflame\n|-damage|p2a: Talonflame|0 fnt\n|faint|p2a: Talonflame\n|\n|-heal|p1b: Gholdengo|15\/100 par|[from] item: Leftovers\n|upkeep\n|\n|t:|1682080186\n|switch|p2a: Great Tusk|Great Tusk, L50|100\/100\n|turn|6\n|\n|t:|1682080197\n|-terastallize|p2a: Great Tusk|Ground\n|move|p2a: Great Tusk|Earthquake|p1b: Gholdengo|[spread] p1b\n|-immune|p2b: Rotom|[from] ability: Levitate\n|-immune|p1a: Rotom|[from] ability: Levitate\n|-supereffective|p1b: Gholdengo\n|-damage|p1b: Gholdengo|0 fnt\n|faint|p1b: Gholdengo\n|move|p2b: Rotom|Discharge|p1a: Rotom|[spread] p1a\n|-immune|p2a: Great Tusk\n|-damage|p1a: Rotom|41\/100\n|move|p1a: Rotom|Thunderbolt|p2b: Rotom\n|-damage|p2b: Rotom|56\/100\n|\n|upkeep\n|\n|t:|1682080204\n|switch|p1b: Gyarados|Gyarados, L50, F, shiny|100\/100\n|-ability|p1b: Gyarados|Intimidate|boost\n|-unboost|p2a: Great Tusk|atk|1\n|-unboost|p2b: Rotom|atk|1\n|turn|7\n|\n|t:|1682080221\n|move|p2a: Great Tusk|Earthquake|p1a: Rotom|[spread] \n|-immune|p2b: Rotom|[from] ability: Levitate\n|-immune|p1a: Rotom|[from] ability: Levitate\n|-immune|p1b: Gyarados\n|move|p2b: Rotom|Discharge|p1b: Gyarados|[spread] p1a,p1b\n|-immune|p2a: Great Tusk\n|-supereffective|p1b: Gyarados\n|-damage|p1a: Rotom|11\/100\n|-damage|p1b: Gyarados|9\/100\n|move|p1a: Rotom|Thunderbolt|p2b: Rotom\n|-damage|p2b: Rotom|20\/100\n|-enditem|p2b: Rotom|Sitrus Berry|[eat]\n|-heal|p2b: Rotom|44\/100|[from] item: Sitrus Berry\n|move|p1b: Gyarados|Dragon Dance|p1b: Gyarados\n|-boost|p1b: Gyarados|atk|1\n|-boost|p1b: Gyarados|spe|1\n|\n|-end|p1a: Rotom|move: Taunt\n|upkeep\n|turn|8\n|inactive|kishoreXdiamante has 30 seconds left.\n|\n|t:|1682080251\n|move|p2b: Rotom|Protect|p2b: Rotom\n|-singleturn|p2b: Rotom|Protect\n|move|p1b: Gyarados|Waterfall|p2b: Rotom\n|-activate|p2b: Rotom|move: Protect\n|move|p2a: Great Tusk|Close Combat|p1b: Gyarados\n|-resisted|p1b: Gyarados\n|-damage|p1b: Gyarados|0 fnt\n|-unboost|p2a: Great Tusk|def|1\n|-unboost|p2a: Great Tusk|spd|1\n|faint|p1b: Gyarados\n|move|p1a: Rotom|Hydro Pump|p2a: Great Tusk\n|-supereffective|p2a: Great Tusk\n|-enditem|p2a: Great Tusk|Focus Sash\n|-damage|p2a: Great Tusk|1\/100\n|\n|upkeep\n|\n|t:|1682080256\n|switch|p1b: Iron Hands|Iron Hands, L50|87\/100\n|turn|9\n|\n|t:|1682080273\n|-end|p2a: Great Tusk|Protosynthesis|[silent]\n|switch|p2a: Flutter Mane|Flutter Mane, L50|100\/100\n|-enditem|p2a: Flutter Mane|Booster Energy\n|-activate|p2a: Flutter Mane|ability: Protosynthesis|[fromitem]\n|-start|p2a: Flutter Mane|protosynthesisspa\n|move|p2b: Rotom|Protect||[still]\n|-fail|p2b: Rotom\n|move|p1b: Iron Hands|Fake Out|p2a: Flutter Mane\n|-immune|p2a: Flutter Mane\n|move|p1a: Rotom|Thunderbolt|p2b: Rotom\n|-damage|p2b: Rotom|12\/100\n|\n|upkeep\n|turn|10\n|\n|t:|1682080290\n|move|p2a: Flutter Mane|Dazzling Gleam|p1b: Iron Hands|[spread] p1a,p1b\n|-supereffective|p1b: Iron Hands\n|-damage|p1a: Rotom|0 fnt\n|-damage|p1b: Iron Hands|40\/100\n|faint|p1a: Rotom\n|move|p2b: Rotom|Hydro Pump|p1b: Iron Hands\n|-damage|p1b: Iron Hands|11\/100\n|move|p1b: Iron Hands|Thunder Punch|p2a: Flutter Mane\n|-damage|p2a: Flutter Mane|39\/100\n|\n|upkeep\n|turn|11\n|-message|kishoreXdiamante forfeited.\n|\n|win|Atlewis\n|raw|kishoreXdiamante's rating: 1180 → 1161<\/strong> (-19 for losing)\n|raw|Atlewis's rating: 1258 → 1277<\/strong> (+19 for winning)\n|l|\u2606kishoreXdiamante\n","uploadtime":1682080308,"views":20,"p1id":"kishorexdiamante","p2id":"atlewis","formatid":"gen9vgc2023regulationc","rating":1161,"private":0,"password":""}