{"id":"gen9vgc2023regulationc-1861096601","p1":"Aberrante Wak","p2":"Magiplop","format":"[Gen 9] VGC 2023 Regulation C","log":"|j|\u2606Aberrante Wak\n|j|\u2606Magiplop\n|t:|1683726198\n|gametype|doubles\n|player|p1|Aberrante Wak|winona|1189\n|player|p2|Magiplop|265|1219\n|teamsize|p1|6\n|teamsize|p2|6\n|gen|9\n|tier|[Gen 9] VGC 2023 Regulation C\n|rated|\n|rule|Species Clause: Limit one of each Pok\u00e9mon\n|rule|Item Clause: Limit one of each item\n|clearpoke\n|poke|p1|Kingambit, L50, M|\n|poke|p1|Torkoal, L50, M|\n|poke|p1|Flutter Mane, L50|\n|poke|p1|Jumpluff, L50, M|\n|poke|p1|Great Tusk, L50|\n|poke|p1|Chien-Pao, L50|\n|poke|p2|Lumineon, L50, M|\n|poke|p2|Pelipper, L50, M|\n|poke|p2|Palafin, L50, F|\n|poke|p2|Amoonguss, L50, F|\n|poke|p2|Flutter Mane, L50|\n|poke|p2|Iron Hands, L50|\n|teampreview|4\n|\n|t:|1683726237\n|start\n|switch|p1a: Torkoal|Torkoal, L50, M|100\/100\n|switch|p1b: Jumpluff|Jumpluff, L50, M|100\/100\n|switch|p2a: Lumineon|Lumineon, L50, M|100\/100\n|switch|p2b: Palafin|Palafin, L50, F|100\/100\n|-weather|SunnyDay|[from] ability: Drought|[of] p1a: Torkoal\n|turn|1\n|\n|t:|1683726267\n|detailschange|p2b: Palafin|Palafin-Hero, L50, F\n|switch|p2b: Pelipper|Pelipper, L50, M|100\/100\n|-weather|RainDance|[from] ability: Drizzle|[of] p2b: Pelipper\n|switch|p1a: Flutter Mane|Flutter Mane, L50|100\/100\n|move|p2a: Lumineon|Safeguard|p2a: Lumineon\n|-sidestart|p2: Magiplop|Safeguard\n|move|p1b: Jumpluff|Tailwind|p1b: Jumpluff\n|-sidestart|p1: Aberrante Wak|move: Tailwind\n|\n|-weather|RainDance|[upkeep]\n|upkeep\n|turn|2\n|\n|t:|1683726284\n|switch|p1b: Torkoal|Torkoal, L50, M|100\/100\n|-weather|SunnyDay|[from] ability: Drought|[of] p1b: Torkoal\n|-activate|p1a: Flutter Mane|ability: Protosynthesis\n|-start|p1a: Flutter Mane|protosynthesisspa\n|-terastallize|p1a: Flutter Mane|Fairy\n|move|p2b: Pelipper|Wide Guard|p2b: Pelipper\n|-singleturn|p2b: Pelipper|Wide Guard\n|move|p1a: Flutter Mane|Dazzling Gleam|p2b: Pelipper|[spread] \n|-activate|p2a: Lumineon|move: Wide Guard\n|-activate|p2b: Pelipper|move: Wide Guard\n|move|p2a: Lumineon|Tailwind|p2a: Lumineon\n|-sidestart|p2: Magiplop|move: Tailwind\n|\n|-weather|SunnyDay|[upkeep]\n|upkeep\n|turn|3\n|\n|t:|1683726325\n|-end|p1a: Flutter Mane|Protosynthesis|[silent]\n|switch|p1a: Jumpluff|Jumpluff, L50, M|100\/100\n|move|p2b: Pelipper|Wide Guard|p2b: Pelipper\n|-singleturn|p2b: Pelipper|Wide Guard\n|move|p2a: Lumineon|Hydro Pump|p1b: Torkoal\n|-supereffective|p1b: Torkoal\n|-damage|p1b: Torkoal|65\/100\n|move|p1b: Torkoal|Overheat|p2b: Pelipper\n|-resisted|p2b: Pelipper\n|-damage|p2b: Pelipper|39\/100\n|-unboost|p1b: Torkoal|spa|2\n|-enditem|p1b: Torkoal|Eject Pack\n|\n|t:|1683726343\n|switch|p1b: Flutter Mane|Flutter Mane, L50, tera:Fairy|100\/100\n|-activate|p1b: Flutter Mane|ability: Protosynthesis\n|-start|p1b: Flutter Mane|protosynthesisspa\n|\n|-weather|SunnyDay|[upkeep]\n|upkeep\n|turn|4\n|\n|t:|1683726368\n|switch|p2b: Iron Hands|Iron Hands, L50|100\/100\n|move|p1a: Jumpluff|Encore||[still]\n|-fail|p1a: Jumpluff\n|move|p1b: Flutter Mane|Moonblast|p2a: Lumineon\n|-enditem|p2a: Lumineon|Focus Sash\n|-damage|p2a: Lumineon|1\/100\n|move|p2a: Lumineon|Hydro Pump|p1b: Flutter Mane\n|-damage|p1b: Flutter Mane|86\/100\n|\n|-weather|SunnyDay|[upkeep]\n|-sideend|p1: Aberrante Wak|move: Tailwind\n|upkeep\n|turn|5\n|\n|t:|1683726404\n|move|p2b: Iron Hands|Fake Out|p1b: Flutter Mane\n|-damage|p1b: Flutter Mane|56\/100\n|move|p2a: Lumineon|Encore||[still]\n|-fail|p2a: Lumineon\n|move|p1a: Jumpluff|Tailwind|p1a: Jumpluff\n|-sidestart|p1: Aberrante Wak|move: Tailwind\n|cant|p1b: Flutter Mane|flinch\n|\n|-weather|SunnyDay|[upkeep]\n|-sideend|p2: Magiplop|Safeguard\n|-sideend|p2: Magiplop|move: Tailwind\n|upkeep\n|turn|6\n|\n|t:|1683726438\n|move|p1a: Jumpluff|Leaf Storm|p2a: Lumineon\n|-supereffective|p2a: Lumineon\n|-damage|p2a: Lumineon|0 fnt\n|-unboost|p1a: Jumpluff|spa|2\n|faint|p2a: Lumineon\n|move|p1b: Flutter Mane|Moonblast|p2b: Iron Hands\n|-supereffective|p2b: Iron Hands\n|-damage|p2b: Iron Hands|0 fnt\n|faint|p2b: Iron Hands\n|-end|p2b: Iron Hands|Quark Drive|[silent]\n|\n|-weather|none\n|-end|p1b: Flutter Mane|Protosynthesis\n|upkeep\n|\n|t:|1683726441\n|switch|p2a: Palafin|Palafin-Hero, L50, F|100\/100\n|switch|p2b: Pelipper|Pelipper, L50, M|39\/100\n|-activate|p2a: Palafin|ability: Zero to Hero\n|-weather|RainDance|[from] ability: Drizzle|[of] p2b: Pelipper\n|turn|7\n|\n|t:|1683726471\n|switch|p1a: Torkoal|Torkoal, L50, M|65\/100\n|-weather|SunnyDay|[from] ability: Drought|[of] p1a: Torkoal\n|-activate|p1b: Flutter Mane|ability: Protosynthesis\n|-start|p1b: Flutter Mane|protosynthesisspa\n|-terastallize|p2a: Palafin|Water\n|move|p2a: Palafin|Jet Punch|p1b: Flutter Mane\n|-damage|p1b: Flutter Mane|0 fnt\n|faint|p1b: Flutter Mane\n|-end|p1b: Flutter Mane|Protosynthesis|[silent]\n|move|p2b: Pelipper|Hurricane|p1a: Torkoal|[miss]\n|-miss|p2b: Pelipper|p1a: Torkoal\n|\n|-weather|SunnyDay|[upkeep]\n|upkeep\n|\n|t:|1683726490\n|switch|p1b: Jumpluff|Jumpluff, L50, M|100\/100\n|turn|8\n|\n|t:|1683726512\n|move|p1b: Jumpluff|Sleep Powder|p2a: Palafin\n|-activate|p2a: Palafin|item: Safety Goggles|Sleep Powder\n|move|p2a: Palafin|Wave Crash|p1a: Torkoal\n|-supereffective|p1a: Torkoal\n|-damage|p1a: Torkoal|0 fnt\n|faint|p1a: Torkoal\n|-damage|p2a: Palafin|82\/100|[from] Recoil\n|move|p2b: Pelipper|Hurricane|p1b: Jumpluff|[miss]\n|-miss|p2b: Pelipper|p1b: Jumpluff\n|\n|-weather|SunnyDay|[upkeep]\n|-sideend|p1: Aberrante Wak|move: Tailwind\n|upkeep\n|\n|t:|1683726522\n|switch|p1a: Great Tusk|Great Tusk, L50|100\/100\n|-activate|p1a: Great Tusk|ability: Protosynthesis\n|-start|p1a: Great Tusk|protosynthesisatk\n|turn|9\n|\n|t:|1683726554\n|move|p2b: Pelipper|Helping Hand|p2a: Palafin\n|-singleturn|p2a: Palafin|Helping Hand|[of] p2b: Pelipper\n|move|p2a: Palafin|Jet Punch|p1a: Great Tusk\n|-supereffective|p1a: Great Tusk\n|-damage|p1a: Great Tusk|37\/100\n|move|p1b: Jumpluff|Leaf Storm|p2b: Pelipper|[miss]\n|-miss|p1b: Jumpluff|p2b: Pelipper\n|move|p1a: Great Tusk|Headlong Rush|p2a: Palafin\n|-damage|p2a: Palafin|4\/100\n|-unboost|p1a: Great Tusk|def|1\n|-unboost|p1a: Great Tusk|spd|1\n|\n|-weather|SunnyDay|[upkeep]\n|upkeep\n|turn|10\n|\n|t:|1683726583\n|move|p2a: Palafin|Jet Punch|p1a: Great Tusk\n|-supereffective|p1a: Great Tusk\n|-damage|p1a: Great Tusk|0 fnt\n|faint|p1a: Great Tusk\n|-end|p1a: Great Tusk|Protosynthesis|[silent]\n|move|p1b: Jumpluff|Encore|p2b: Pelipper\n|-start|p2b: Pelipper|Encore\n|move|p2b: Pelipper|Helping Hand||[still]\n|-fail|p2b: Pelipper\n|\n|-weather|SunnyDay|[upkeep]\n|upkeep\n|turn|11\n|\n|t:|1683726595\n|move|p2b: Pelipper|Helping Hand|p2a: Palafin\n|-singleturn|p2a: Palafin|Helping Hand|[of] p2b: Pelipper\n|move|p2a: Palafin|Protect|p2a: Palafin\n|-singleturn|p2a: Palafin|Protect\n|move|p1b: Jumpluff|Leaf Storm|p2a: Palafin\n|-activate|p2a: Palafin|move: Protect\n|\n|-weather|none\n|upkeep\n|turn|12\n|\n|t:|1683726608\n|move|p2b: Pelipper|Helping Hand|p2a: Palafin\n|-singleturn|p2a: Palafin|Helping Hand|[of] p2b: Pelipper\n|move|p2a: Palafin|Jet Punch|p1b: Jumpluff\n|-resisted|p1b: Jumpluff\n|-damage|p1b: Jumpluff|60\/100\n|move|p1b: Jumpluff|Leaf Storm|p2a: Palafin\n|-supereffective|p2a: Palafin\n|-damage|p2a: Palafin|0 fnt\n|-unboost|p1b: Jumpluff|spa|2\n|faint|p2a: Palafin\n|\n|-end|p2b: Pelipper|Encore\n|upkeep\n|turn|13\n|\n|t:|1683726624\n|move|p1b: Jumpluff|Encore|p2b: Pelipper\n|-start|p2b: Pelipper|Encore\n|move|p2b: Pelipper|Helping Hand|null|[notarget]\n|-fail|p2b: Pelipper\n|\n|upkeep\n|turn|14\n|\n|t:|1683726630\n|move|p2b: Pelipper|Helping Hand|p2: Palafin|[notarget]\n|-fail|p2b: Pelipper\n|move|p1b: Jumpluff|Leaf Storm|p2b: Pelipper\n|-damage|p2b: Pelipper|20\/100\n|-unboost|p1b: Jumpluff|spa|2\n|\n|upkeep\n|turn|15\n|\n|t:|1683726637\n|move|p2b: Pelipper|Helping Hand|p2: Palafin|[notarget]\n|-fail|p2b: Pelipper\n|move|p1b: Jumpluff|Leaf Storm|p2b: Pelipper\n|-damage|p2b: Pelipper|6\/100\n|-unboost|p1b: Jumpluff|spa|2\n|\n|-end|p2b: Pelipper|Encore\n|upkeep\n|turn|16\n|\n|t:|1683726646\n|move|p2b: Pelipper|Wide Guard|p2b: Pelipper\n|-singleturn|p2b: Pelipper|Wide Guard\n|move|p1b: Jumpluff|Encore|p2b: Pelipper\n|-start|p2b: Pelipper|Encore\n|\n|upkeep\n|turn|17\n|\n|t:|1683726651\n|move|p2b: Pelipper|Wide Guard|p2b: Pelipper\n|-singleturn|p2b: Pelipper|Wide Guard\n|move|p1b: Jumpluff|Leaf Storm|p2b: Pelipper\n|-damage|p2b: Pelipper|0 fnt\n|faint|p2b: Pelipper\n|\n|win|Aberrante Wak\n|raw|Aberrante Wak's rating: 1189 → 1216<\/strong> (+27 for winning)\n|raw|Magiplop's rating: 1219 → 1192<\/strong> (-27 for losing)\n","uploadtime":1683726661,"views":15,"p1id":"aberrantewak","p2id":"magiplop","formatid":"gen9vgc2023regulationc","rating":1192,"private":0,"password":""}