{"id":"gen9vgc2023regulationc-1855704130","p1":"mence x vgc","p2":"XZacLee","format":"[Gen 9] VGC 2023 Regulation C","log":"|j|\u2606mence x vgc\n|j|\u2606XZacLee\n|t:|1682974924\n|gametype|doubles\n|player|p1|mence x vgc|janine|1430\n|player|p2|XZacLee|1|1454\n|teamsize|p1|6\n|teamsize|p2|6\n|gen|9\n|tier|[Gen 9] VGC 2023 Regulation C\n|rated|\n|rule|Species Clause: Limit one of each Pok\u00e9mon\n|rule|Item Clause: Limit one of each item\n|clearpoke\n|poke|p1|Amoonguss, L50, F|\n|poke|p1|Gyarados, L50, F|\n|poke|p1|Iron Hands, L50|\n|poke|p1|Flutter Mane, L50|\n|poke|p1|Chi-Yu, L50|\n|poke|p1|Ting-Lu, L50|\n|poke|p2|Gholdengo, L50|\n|poke|p2|Gyarados, L50, F|\n|poke|p2|Great Tusk, L50|\n|poke|p2|Murkrow, L50, M|\n|poke|p2|Flutter Mane, L50|\n|poke|p2|Chi-Yu, L50|\n|teampreview|4\nXZacLee has agreed to open team sheets.\n|\n|t:|1682974954\n|start\n|switch|p1a: Iron Hands|Iron Hands, L50, shiny|100\/100\n|switch|p1b: Ting-Lu|Ting-Lu, L50|100\/100\n|switch|p2a: Murkrow|Murkrow, L50, M|100\/100\n|switch|p2b: Great Tusk|Great Tusk, L50|100\/100\n|-ability|p1b: Ting-Lu|Vessel of Ruin\n|turn|1\n|inactive|Battle timer is ON: inactive players will automatically lose when time's up. (requested by mence x vgc)\n|inactive|mence x vgc has 60 seconds left.\n|\n|t:|1682974994\n|-end|p1a: Iron Hands|Quark Drive|[silent]\n|switch|p1a: Gyarados|Gyarados, L50, F, shiny|100\/100\n|-ability|p1a: Gyarados|Intimidate|boost\n|-unboost|p2a: Murkrow|atk|1\n|-fail|p2b: Great Tusk|unboost|[from] item: Clear Amulet|[of] p2b: Great Tusk\n|move|p2b: Great Tusk|Protect|p2b: Great Tusk\n|-singleturn|p2b: Great Tusk|Protect\n|move|p2a: Murkrow|Tailwind|p2a: Murkrow\n|-sidestart|p2: XZacLee|move: Tailwind\n|move|p1b: Ting-Lu|Ruination|p2b: Great Tusk\n|-activate|p2b: Great Tusk|move: Protect\n|\n|upkeep\n|turn|2\n|\n|t:|1682975011\n|move|p2a: Murkrow|Sunny Day|p2a: Murkrow\n|-weather|SunnyDay\n|-activate|p2b: Great Tusk|ability: Protosynthesis\n|-start|p2b: Great Tusk|protosynthesisatk\n|move|p2b: Great Tusk|Close Combat|p1b: Ting-Lu\n|-supereffective|p1b: Ting-Lu\n|-damage|p1b: Ting-Lu|6\/100\n|-unboost|p2b: Great Tusk|def|1\n|-unboost|p2b: Great Tusk|spd|1\n|move|p1a: Gyarados|Waterfall|p2b: Great Tusk\n|-supereffective|p2b: Great Tusk\n|-damage|p2b: Great Tusk|66\/100\n|move|p1b: Ting-Lu|Rock Tomb|p2a: Murkrow\n|-supereffective|p2a: Murkrow\n|-damage|p2a: Murkrow|66\/100\n|-unboost|p2a: Murkrow|spe|1\n|\n|-weather|SunnyDay|[upkeep]\n|upkeep\n|turn|3\n|inactive|mence x vgc has 30 seconds left.\n|inactive|mence x vgc has 20 seconds left.\n|inactive|mence x vgc has 15 seconds left.\n|inactive|mence x vgc has 10 seconds left.\n|inactive|mence x vgc has 5 seconds left.\n|\n|t:|1682975066\n|move|p2b: Great Tusk|Earthquake|p1a: Gyarados|[spread] p1b\n|-immune|p2a: Murkrow\n|-immune|p1a: Gyarados\n|-damage|p1b: Ting-Lu|0 fnt\n|faint|p1b: Ting-Lu\n|move|p2a: Murkrow|Foul Play|p1a: Gyarados\n|-damage|p1a: Gyarados|66\/100\n|move|p1a: Gyarados|Waterfall|p2a: Murkrow\n|-damage|p2a: Murkrow|49\/100\n|\n|-weather|SunnyDay|[upkeep]\n|upkeep\n|\n|t:|1682975075\n|switch|p1b: Flutter Mane|Flutter Mane, L50, shiny|100\/100\n|-activate|p1b: Flutter Mane|ability: Protosynthesis\n|-start|p1b: Flutter Mane|protosynthesisspa\n|turn|4\n|inactive|XZacLee has 30 seconds left.\n|\n|t:|1682975104\n|move|p1b: Flutter Mane|Protect|p1b: Flutter Mane\n|-singleturn|p1b: Flutter Mane|Protect\n|move|p2a: Murkrow|Haze|p2a: Murkrow\n|-clearallboost\n|move|p2b: Great Tusk|Headlong Rush|p1b: Flutter Mane\n|-activate|p1b: Flutter Mane|move: Protect\n|move|p1a: Gyarados|Taunt|p2a: Murkrow\n|-start|p2a: Murkrow|move: Taunt\n|\n|-weather|SunnyDay|[upkeep]\n|-sideend|p2: XZacLee|move: Tailwind\n|upkeep\n|turn|5\n|\n|t:|1682975126\n|switch|p2a: Chi-Yu|Chi-Yu, L50|100\/100\n|-ability|p2a: Chi-Yu|Beads of Ruin\n|switch|p1a: Iron Hands|Iron Hands, L50, shiny|100\/100\n|-terastallize|p2b: Great Tusk|Steel\n|move|p1b: Flutter Mane|Dazzling Gleam|p2b: Great Tusk|[spread] p2a,p2b\n|-resisted|p2b: Great Tusk\n|-damage|p2a: Chi-Yu|52\/100\n|-damage|p2b: Great Tusk|25\/100\n|move|p2b: Great Tusk|Headlong Rush|p1b: Flutter Mane\n|-damage|p1b: Flutter Mane|0 fnt\n|-unboost|p2b: Great Tusk|def|1\n|-unboost|p2b: Great Tusk|spd|1\n|faint|p1b: Flutter Mane\n|-end|p1b: Flutter Mane|Protosynthesis|[silent]\n|\n|-weather|SunnyDay|[upkeep]\n|upkeep\n|\n|t:|1682975141\n|switch|p1b: Gyarados|Gyarados, L50, F, shiny|66\/100\n|-ability|p1b: Gyarados|Intimidate|boost\n|-unboost|p2a: Chi-Yu|atk|1\n|-fail|p2b: Great Tusk|unboost|[from] item: Clear Amulet|[of] p2b: Great Tusk\n|turn|6\n|inactive|mence x vgc has 30 seconds left.\n|inactive|XZacLee has 30 seconds left.\n|\n|t:|1682975175\n|-terastallize|p1a: Iron Hands|Fire\n|move|p2b: Great Tusk|Protect|p2b: Great Tusk\n|-singleturn|p2b: Great Tusk|Protect\n|move|p2a: Chi-Yu|Heat Wave|p1b: Gyarados|[spread] p1a,p1b\n|-resisted|p1a: Iron Hands\n|-resisted|p1b: Gyarados\n|-damage|p1a: Iron Hands|60\/100\n|-damage|p1b: Gyarados|28\/100\n|-damage|p2a: Chi-Yu|42\/100|[from] item: Life Orb\n|move|p1b: Gyarados|Thunder Wave|p2b: Great Tusk\n|-activate|p2b: Great Tusk|move: Protect\n|move|p1a: Iron Hands|Drain Punch|p2a: Chi-Yu\n|-supereffective|p2a: Chi-Yu\n|-damage|p2a: Chi-Yu|0 fnt\n|-heal|p1a: Iron Hands|71\/100|[from] drain|[of] p2a: Chi-Yu\n|faint|p2a: Chi-Yu\n|\n|-weather|none\n|-end|p2b: Great Tusk|Protosynthesis\n|upkeep\n|inactive|XZacLee has 30 seconds left.\n|\n|t:|1682975205\n|switch|p2a: Murkrow|Murkrow, L50, M|49\/100\n|turn|7\n|inactive|mence x vgc has 30 seconds left.\n|\n|t:|1682975232\n|move|p2a: Murkrow|Sunny Day|p2a: Murkrow\n|-weather|SunnyDay\n|-activate|p2b: Great Tusk|ability: Protosynthesis\n|-start|p2b: Great Tusk|protosynthesisatk\n|move|p2b: Great Tusk|Headlong Rush|p1a: Iron Hands\n|-supereffective|p1a: Iron Hands\n|-damage|p1a: Iron Hands|0 fnt\n|-unboost|p2b: Great Tusk|def|1\n|-unboost|p2b: Great Tusk|spd|1\n|faint|p1a: Iron Hands\n|-end|p1a: Iron Hands|Quark Drive|[silent]\n|move|p1b: Gyarados|Waterfall|p2b: Great Tusk\n|-crit|p2b: Great Tusk\n|-damage|p2b: Great Tusk|0 fnt\n|faint|p2b: Great Tusk\n|-end|p2b: Great Tusk|Protosynthesis|[silent]\n|\n|-weather|SunnyDay|[upkeep]\n|upkeep\n|\n|t:|1682975244\n|switch|p2b: Flutter Mane|Flutter Mane, L50|100\/100\n|-activate|p2b: Flutter Mane|ability: Protosynthesis\n|-start|p2b: Flutter Mane|protosynthesisspe\n|turn|8\n|-message|mence x vgc forfeited.\n|\n|win|XZacLee\n|raw|mence x vgc's rating: 1430 → 1411<\/strong> (-19 for losing)\n|raw|XZacLee's rating: 1454 → 1473<\/strong> (+19 for winning)\n","uploadtime":1682975252,"views":13,"p1id":"mencexvgc","p2id":"xzaclee","formatid":"gen9vgc2023regulationc","rating":1411,"private":0,"password":""}