{"id":"gen9vgc2023regulationc-1863769286","p1":"CbuttyVGC","p2":"Snackard","format":"[Gen 9] VGC 2023 Regulation C","log":"|j|\u2606CbuttyVGC\n|j|\u2606Snackard\n|t:|1684074367\n|gametype|doubles\n|player|p1|CbuttyVGC|acetrainer-gen4dp|\n|player|p2|Snackard|sailor|\n|teamsize|p1|6\n|teamsize|p2|6\n|gen|9\n|tier|[Gen 9] VGC 2023 Regulation C\n|rule|Tera Type Preview: Tera Types are shown at Team Preview\n|rule|Species Clause: Limit one of each Pok\u00e9mon\n|rule|Item Clause: Limit one of each item\n|clearpoke\n|poke|p1|Chien-Pao, L50|\n|poke|p1|Dragapult, L50, M|\n|poke|p1|Slither Wing, L50|\n|poke|p1|Hariyama, L50, F|\n|poke|p1|Venomoth, L50, F|\n|poke|p1|Bombirdier, L50, F|\n|poke|p2|Dragapult, L50, M|\n|poke|p2|Rotom-Wash, L50|\n|poke|p2|Amoonguss, L50, M|\n|poke|p2|Krookodile, L50, F|\n|poke|p2|Scizor, L50, M|\n|poke|p2|Sylveon, L50, M|\n|teampreview|4\n|raw|CbuttyVGC's Tera Types: \/ \/ \/ \/ \/ \n|raw|Snackard's Tera Types: \/ \/ \/ \/ \/ \n|inactive|Battle timer is ON: inactive players will automatically lose when time's up. (requested by CbuttyVGC)\n|inactiveoff|Battle timer is now OFF.\n|\n|t:|1684074418\n|start\n|switch|p1a: Venomoth|Venomoth, L50, F|100\/100\n|switch|p1b: Bombirdier|Bombirdier, L50, F|100\/100\n|switch|p2a: Amoonguss|Amoonguss, L50, M|100\/100\n|switch|p2b: Dragapult|Dragapult, L50, M|100\/100\n|turn|1\n|\n|t:|1684074432\n|move|p2a: Amoonguss|Rage Powder|p2a: Amoonguss\n|-singleturn|p2a: Amoonguss|move: Rage Powder\n|move|p2b: Dragapult|Dragon Darts|p1a: Venomoth\n|-damage|p1a: Venomoth|58\/100\n|-anim|p2b: Dragapult|Dragon Darts|p1b: Bombirdier\n|-damage|p1b: Bombirdier|44\/100\n|move|p1b: Bombirdier|Tailwind|p1b: Bombirdier\n|-sidestart|p1: CbuttyVGC|move: Tailwind\n|move|p1a: Venomoth|Quiver Dance|p1a: Venomoth\n|-boost|p1a: Venomoth|spa|1\n|-boost|p1a: Venomoth|spd|1\n|-boost|p1a: Venomoth|spe|1\n|\n|upkeep\n|turn|2\n|\n|t:|1684074452\n|-terastallize|p1a: Venomoth|Grass\n|move|p2a: Amoonguss|Rage Powder|p2a: Amoonguss\n|-singleturn|p2a: Amoonguss|move: Rage Powder\n|move|p1a: Venomoth|Giga Drain|p2b: Dragapult\n|-resisted|p2b: Dragapult\n|-damage|p2b: Dragapult|49\/100\n|-heal|p1a: Venomoth|84\/100|[from] drain|[of] p2b: Dragapult\n|move|p1b: Bombirdier|Brave Bird|p2a: Amoonguss\n|-supereffective|p2a: Amoonguss\n|-crit|p2a: Amoonguss\n|-damage|p2a: Amoonguss|0 fnt\n|faint|p2a: Amoonguss\n|-damage|p1b: Bombirdier|0 fnt|[from] Recoil\n|faint|p1b: Bombirdier\n|move|p2b: Dragapult|Dragon Darts|p1a: Venomoth\n|-damage|p1a: Venomoth|38\/100\n|-enditem|p1a: Venomoth|Sitrus Berry|[eat]\n|-heal|p1a: Venomoth|63\/100|[from] item: Sitrus Berry\n|-anim|p2b: Dragapult|Dragon Darts|p1a: Venomoth\n|-damage|p1a: Venomoth|15\/100\n|\n|upkeep\n|\n|t:|1684074478\n|switch|p1b: Dragapult|Dragapult, L50, M|100\/100\n|switch|p2a: Krookodile|Krookodile, L50, F|100\/100\n|-ability|p2a: Krookodile|Intimidate|boost\n|-unboost|p1a: Venomoth|atk|1\n|-fail|p1b: Dragapult|unboost|[from] ability: Clear Body|[of] p1b: Dragapult\n|turn|3\n|c|\u2606CbuttyVGC|Venomoment\n|\n|t:|1684074504\n|-terastallize|p2b: Dragapult|Steel\n|move|p2a: Krookodile|Protect|p2a: Krookodile\n|-singleturn|p2a: Krookodile|Protect\n|move|p1a: Venomoth|Giga Drain|p2a: Krookodile\n|-activate|p2a: Krookodile|move: Protect\n|move|p1b: Dragapult|Dragon Darts|p2b: Dragapult\n|-resisted|p2b: Dragapult\n|-damage|p2b: Dragapult|19\/100\n|-anim|p1b: Dragapult|Dragon Darts|p2b: Dragapult\n|-resisted|p2b: Dragapult\n|-damage|p2b: Dragapult|0 fnt\n|faint|p2b: Dragapult\n|\n|upkeep\n|c|\u2606Snackard|That thing is a monster\n|\n|t:|1684074516\n|switch|p2b: Rotom|Rotom-Wash, L50|100\/100\n|turn|4\n|\n|t:|1684074524\n|move|p1a: Venomoth|Giga Drain|p2a: Krookodile\n|-supereffective|p2a: Krookodile\n|-damage|p2a: Krookodile|9\/100\n|-heal|p1a: Venomoth|65\/100|[from] drain|[of] p2a: Krookodile\n|-enditem|p2a: Krookodile|Salac Berry|[eat]\n|-boost|p2a: Krookodile|spe|1|[from] item: Salac Berry\n|move|p1b: Dragapult|Dragon Darts|p2a: Krookodile\n|-crit|p2a: Krookodile\n|-damage|p2a: Krookodile|0 fnt\n|-anim|p1b: Dragapult|Dragon Darts|p2b: Rotom\n|-damage|p2b: Rotom|65\/100\n|faint|p2a: Krookodile\n|move|p2b: Rotom|Hydro Pump|p1b: Dragapult\n|-resisted|p1b: Dragapult\n|-damage|p1b: Dragapult|75\/100\n|\n|-heal|p2b: Rotom|71\/100|[from] item: Leftovers\n|-sideend|p1: CbuttyVGC|move: Tailwind\n|upkeep\n|turn|5\n|c|\u2606Snackard|gg\n|\n|t:|1684074542\n|move|p1a: Venomoth|Giga Drain|p2b: Rotom\n|-supereffective|p2b: Rotom\n|-damage|p2b: Rotom|0 fnt\n|-heal|p1a: Venomoth|100\/100|[from] drain|[of] p2b: Rotom\n|faint|p2b: Rotom\n|\n|win|CbuttyVGC\n|c|\u2606CbuttyVGC|Gg\n","uploadtime":1684074549,"views":30,"p1id":"cbuttyvgc","p2id":"snackard","formatid":"gen9vgc2023regulationc","rating":0,"private":0,"password":""}