{"id":"gen9vgc2023regulationc-1845684974","p1":"SdJUB","p2":"AirForestOne","format":"[Gen 9] VGC 2023 Regulation C","log":"|j|\u2606SdJUB\n|j|\u2606AirForestOne\n|t:|1681755417\n|gametype|doubles\n|player|p1|SdJUB|giovanni|1071\n|player|p2|AirForestOne|fisherman-gen4|1030\n|teamsize|p1|6\n|teamsize|p2|6\n|gen|9\n|tier|[Gen 9] VGC 2023 Regulation C\n|rated|\n|rule|Species Clause: Limit one of each Pok\u00e9mon\n|rule|Item Clause: Limit one of each item\n|clearpoke\n|poke|p1|Iron Hands, L50|\n|poke|p1|Lokix, L50, F|\n|poke|p1|Dragonite, L50, M|\n|poke|p1|Breloom, L50, M|\n|poke|p1|Maushold-Four, L50|\n|poke|p1|Azumarill, L50, M|\n|poke|p2|Palafin, L50, F|\n|poke|p2|Amoonguss, L50, M|\n|poke|p2|Flutter Mane, L50|\n|poke|p2|Chien-Pao, L50|\n|poke|p2|Dragonite, L50, M|\n|poke|p2|Talonflame, L50, F|\n|teampreview|4\n|inactive|Battle timer is ON: inactive players will automatically lose when time's up. (requested by SdJUB)\n|\n|t:|1681755448\n|start\n|switch|p1a: Iron Hands|Iron Hands, L50, shiny|100\/100\n|switch|p1b: Lokix|Lokix, L50, F|100\/100\n|switch|p2a: Talonflame|Talonflame, L50, F|100\/100\n|switch|p2b: Chien-Pao|Chien-Pao, L50|100\/100\n|-ability|p2b: Chien-Pao|Sword of Ruin\n|-enditem|p1a: Iron Hands|Booster Energy\n|-activate|p1a: Iron Hands|ability: Quark Drive|[fromitem]\n|-start|p1a: Iron Hands|quarkdriveatk\n|turn|1\n|\n|t:|1681755472\n|move|p2b: Chien-Pao|Protect|p2b: Chien-Pao\n|-singleturn|p2b: Chien-Pao|Protect\n|move|p1a: Iron Hands|Fake Out|p2a: Talonflame\n|-damage|p2a: Talonflame|66\/100\n|move|p1b: Lokix|First Impression|p2b: Chien-Pao\n|-activate|p2b: Chien-Pao|move: Protect\n|move|p2a: Talonflame|Will-O-Wisp|p1a: Iron Hands\n|-status|p1a: Iron Hands|brn\n|\n|-damage|p1a: Iron Hands|94\/100 brn|[from] brn\n|upkeep\n|turn|2\n|inactive|SdJUB has 30 seconds left.\n|inactive|AirForestOne has 30 seconds left.\n|inactive|AirForestOne has 20 seconds left.\n|inactive|AirForestOne has 15 seconds left.\n|\n|t:|1681755513\n|switch|p2b: Flutter Mane|Flutter Mane, L50|100\/100\n|-enditem|p2b: Flutter Mane|Booster Energy\n|-activate|p2b: Flutter Mane|ability: Protosynthesis|[fromitem]\n|-start|p2b: Flutter Mane|protosynthesisspe\n|move|p2a: Talonflame|Flare Blitz|p1b: Lokix\n|-supereffective|p1b: Lokix\n|-damage|p1b: Lokix|0 fnt\n|faint|p1b: Lokix\n|-damage|p2a: Talonflame|40\/100|[from] Recoil\n|move|p1a: Iron Hands|Wild Charge|p2a: Talonflame\n|-supereffective|p2a: Talonflame\n|-damage|p2a: Talonflame|0 fnt\n|faint|p2a: Talonflame\n|-damage|p1a: Iron Hands|87\/100 brn|[from] Recoil\n|\n|-damage|p1a: Iron Hands|81\/100 brn|[from] brn\n|upkeep\n|\n|t:|1681755535\n|switch|p2a: Dragonite|Dragonite, L50, M|100\/100\n|switch|p1b: Azumarill|Azumarill, L50, M, shiny|100\/100\n|turn|3\n|\n|t:|1681755556\n|-terastallize|p2a: Dragonite|Steel\n|-terastallize|p1a: Iron Hands|Steel\n|move|p2b: Flutter Mane|Energy Ball|p1b: Azumarill\n|-ability|p1b: Azumarill|Sap Sipper|boost\n|-boost|p1b: Azumarill|atk|1\n|move|p2a: Dragonite|Iron Head|p1b: Azumarill\n|-damage|p1b: Azumarill|54\/100\n|move|p1b: Azumarill|Belly Drum|p1b: Azumarill\n|-damage|p1b: Azumarill|4\/100\n|-setboost|p1b: Azumarill|atk|6|[from] move: Belly Drum\n|-enditem|p1b: Azumarill|Sitrus Berry|[eat]\n|-heal|p1b: Azumarill|29\/100|[from] item: Sitrus Berry\n|move|p1a: Iron Hands|Ice Punch|p2a: Dragonite\n|-resisted|p2a: Dragonite\n|-damage|p2a: Dragonite|96\/100\n|-status|p2a: Dragonite|frz\n|\n|-damage|p1a: Iron Hands|75\/100 brn|[from] brn\n|upkeep\n|turn|4\n|inactive|SdJUB has 30 seconds left.\n|inactive|AirForestOne has 30 seconds left.\n|\n|t:|1681755587\n|move|p2b: Flutter Mane|Protect|p2b: Flutter Mane\n|-singleturn|p2b: Flutter Mane|Protect\n|move|p1b: Azumarill|Aqua Jet|p2b: Flutter Mane\n|-activate|p2b: Flutter Mane|move: Protect\n|cant|p2a: Dragonite|frz\n|move|p1a: Iron Hands|Wild Charge|p2b: Flutter Mane\n|-activate|p2b: Flutter Mane|move: Protect\n|\n|-damage|p1a: Iron Hands|69\/100 brn|[from] brn\n|upkeep\n|turn|5\n|\n|t:|1681755610\n|-end|p2b: Flutter Mane|Protosynthesis|[silent]\n|switch|p2b: Chien-Pao|Chien-Pao, L50|100\/100\n|-ability|p2b: Chien-Pao|Sword of Ruin\n|move|p1b: Azumarill|Aqua Jet|p2b: Chien-Pao\n|-damage|p2b: Chien-Pao|31\/100\n|cant|p2a: Dragonite|frz\n|move|p1a: Iron Hands|Wild Charge|p2b: Chien-Pao\n|-damage|p2b: Chien-Pao|0 fnt\n|faint|p2b: Chien-Pao\n|-damage|p1a: Iron Hands|64\/100 brn|[from] Recoil\n|\n|-damage|p1a: Iron Hands|58\/100 brn|[from] brn\n|upkeep\n|c|\u2606AirForestOne|that freezeeeeeee\n|\n|t:|1681755629\n|switch|p2b: Flutter Mane|Flutter Mane, L50|100\/100\n|turn|6\n|\n|t:|1681755641\n|move|p2b: Flutter Mane|Protect|p2b: Flutter Mane\n|-singleturn|p2b: Flutter Mane|Protect\n|move|p1b: Azumarill|Aqua Jet|p2b: Flutter Mane\n|-activate|p2b: Flutter Mane|move: Protect\n|cant|p2a: Dragonite|frz\n|move|p1a: Iron Hands|Wild Charge|p2b: Flutter Mane\n|-activate|p2b: Flutter Mane|move: Protect\n|\n|-damage|p1a: Iron Hands|52\/100 brn|[from] brn\n|upkeep\n|turn|7\n|\n|t:|1681755659\n|move|p2b: Flutter Mane|Protect|p2b: Flutter Mane\n|-singleturn|p2b: Flutter Mane|Protect\n|move|p1b: Azumarill|Aqua Jet|p2b: Flutter Mane\n|-activate|p2b: Flutter Mane|move: Protect\n|cant|p2a: Dragonite|frz\n|move|p1a: Iron Hands|Wild Charge|p2b: Flutter Mane\n|-activate|p2b: Flutter Mane|move: Protect\n|\n|-damage|p1a: Iron Hands|46\/100 brn|[from] brn\n|upkeep\n|turn|8\n|c|\u2606AirForestOne|man how long does it last\n|\n|t:|1681755676\n|move|p1b: Azumarill|Aqua Jet|p2b: Flutter Mane\n|-damage|p2b: Flutter Mane|8\/100\n|move|p2b: Flutter Mane|Shadow Ball|p1a: Iron Hands\n|-damage|p1a: Iron Hands|6\/100 brn\n|-unboost|p1a: Iron Hands|spd|1\n|cant|p2a: Dragonite|frz\n|move|p1a: Iron Hands|Wild Charge|p2b: Flutter Mane\n|-damage|p2b: Flutter Mane|0 fnt\n|faint|p2b: Flutter Mane\n|-end|p2b: Flutter Mane|Protosynthesis|[silent]\n|-damage|p1a: Iron Hands|5\/100 brn|[from] Recoil\n|\n|-damage|p1a: Iron Hands|0 fnt|[from] brn\n|faint|p1a: Iron Hands\n|-end|p1a: Iron Hands|Quark Drive|[silent]\n|upkeep\n|\n|t:|1681755696\n|switch|p1a: Breloom|Breloom, L50, M, shiny|100\/100\n|turn|9\n|\n|t:|1681755706\n|move|p1b: Azumarill|Aqua Jet|p2a: Dragonite\n|-damage|p2a: Dragonite|45\/100 frz\n|-curestatus|p2a: Dragonite|frz|[msg]\n|move|p2a: Dragonite|Earthquake|p1a: Breloom|[spread] p1a,p1b\n|-resisted|p1a: Breloom\n|-damage|p1a: Breloom|83\/100\n|-damage|p1b: Azumarill|0 fnt\n|faint|p1b: Azumarill\n|move|p1a: Breloom|Close Combat|p2a: Dragonite\n|-supereffective|p2a: Dragonite\n|-damage|p2a: Dragonite|0 fnt\n|-unboost|p1a: Breloom|def|1\n|-unboost|p1a: Breloom|spd|1\n|faint|p2a: Dragonite\n|\n|win|SdJUB\n|raw|SdJUB's rating: 1071 → 1097<\/strong> (+26 for winning)\n|raw|AirForestOne's rating: 1030 → 1017<\/strong> (-13 for losing)\n","uploadtime":1681755734,"views":11,"p1id":"sdjub","p2id":"airforestone","formatid":"gen9vgc2023regulationc","rating":1017,"private":0,"password":""}