{"id":"gen9vgc2023regulationc-1862268178","p1":"Pinchila92","p2":"RonJohn","format":"[Gen 9] VGC 2023 Regulation C","log":"|j|\u2606Pinchila92\n|j|\u2606RonJohn\n|t:|1683857433\n|gametype|doubles\n|player|p1|Pinchila92|pokemaniac|1256\n|player|p2|RonJohn|2|1280\n|teamsize|p1|6\n|teamsize|p2|6\n|gen|9\n|tier|[Gen 9] VGC 2023 Regulation C\n|rated|\n|rule|Species Clause: Limit one of each Pok\u00e9mon\n|rule|Item Clause: Limit one of each item\n|clearpoke\n|poke|p1|Barraskewda, L50, F|\n|poke|p1|Pelipper, L50, F|\n|poke|p1|Sandy Shocks, L50|\n|poke|p1|Tinkaton, L50, F|\n|poke|p1|Amoonguss, L50, F|\n|poke|p1|Salamence, L50, M|\n|poke|p2|Flutter Mane, L50|\n|poke|p2|Orthworm, L50, F|\n|poke|p2|Dragonite, L50, F|\n|poke|p2|Amoonguss, L50, M|\n|poke|p2|Gyarados, L50, F|\n|poke|p2|Ting-Lu, L50|\n|teampreview|4\nRonJohn has agreed to open team sheets.\nPinchila92 has agreed to open team sheets.\n|\n|t:|1683857477\n|start\n|switch|p1a: Barraskewda|Barraskewda, L50, F|100\/100\n|switch|p1b: Pelipper|Pelipper, L50, F|100\/100\n|switch|p2a: Orthworm|Orthworm, L50, F|100\/100\n|switch|p2b: Ting-Lu|Ting-Lu, L50|100\/100\n|-weather|RainDance|[from] ability: Drizzle|[of] p1b: Pelipper\n|-ability|p2b: Ting-Lu|Vessel of Ruin\n|turn|1\n|\n|t:|1683857515\n|move|p1a: Barraskewda|Liquidation|p2a: Orthworm\n|-damage|p2a: Orthworm|44\/100\n|-enditem|p2a: Orthworm|Sitrus Berry|[eat]\n|-heal|p2a: Orthworm|69\/100|[from] item: Sitrus Berry\n|-damage|p1a: Barraskewda|91\/100|[from] item: Life Orb\n|move|p1b: Pelipper|Hydro Pump|p2a: Orthworm\n|-damage|p2a: Orthworm|11\/100\n|move|p2b: Ting-Lu|Earthquake|p1b: Pelipper|[spread] p1a\n|-heal|p2a: Orthworm|36\/100|[from] ability: Earth Eater|[of] p2b: Ting-Lu\n|-immune|p1b: Pelipper\n|-damage|p1a: Barraskewda|22\/100\n|move|p2a: Orthworm|Shed Tail|p2a: Orthworm\n|-fail|p2a: Orthworm|move: Shed Tail|[weak]\n|\n|-weather|RainDance|[upkeep]\n|upkeep\n|turn|2\n|\n|t:|1683857543\n|switch|p2a: Gyarados|Gyarados, L50, F|100\/100\n|-ability|p2a: Gyarados|Intimidate|boost\n|-unboost|p1a: Barraskewda|atk|1\n|-unboost|p1b: Pelipper|atk|1\n|-terastallize|p1a: Barraskewda|Water\n|move|p1a: Barraskewda|Liquidation|p2b: Ting-Lu\n|-supereffective|p2b: Ting-Lu\n|-damage|p2b: Ting-Lu|7\/100\n|-unboost|p2b: Ting-Lu|def|1\n|-damage|p1a: Barraskewda|13\/100|[from] item: Life Orb\n|move|p1b: Pelipper|Hydro Pump|p2a: Gyarados\n|-resisted|p2a: Gyarados\n|-damage|p2a: Gyarados|75\/100\n|move|p2b: Ting-Lu|Ruination|p1b: Pelipper\n|-damage|p1b: Pelipper|50\/100\n|\n|-weather|RainDance|[upkeep]\n|upkeep\n|turn|3\n|\n|t:|1683857583\n|switch|p2b: Dragonite|Dragonite, L50, F|100\/100\n|move|p1a: Barraskewda|Liquidation|p2b: Dragonite\n|-resisted|p2b: Dragonite\n|-damage|p2b: Dragonite|79\/100\n|-damage|p1a: Barraskewda|3\/100|[from] item: Life Orb\n|move|p2a: Gyarados|Waterfall|p1a: Barraskewda\n|-resisted|p1a: Barraskewda\n|-damage|p1a: Barraskewda|0 fnt\n|faint|p1a: Barraskewda\n|move|p1b: Pelipper|Hurricane|p2a: Gyarados\n|-damage|p2a: Gyarados|32\/100\n|\n|-weather|RainDance|[upkeep]\n|upkeep\n|\n|t:|1683857598\n|switch|p1a: Sandy Shocks|Sandy Shocks, L50|100\/100\n|-enditem|p1a: Sandy Shocks|Booster Energy\n|-activate|p1a: Sandy Shocks|ability: Protosynthesis|[fromitem]\n|-start|p1a: Sandy Shocks|protosynthesisspe\n|turn|4\n|\n|t:|1683857651\n|switch|p2a: Ting-Lu|Ting-Lu, L50|7\/100\n|-ability|p2a: Ting-Lu|Vessel of Ruin\n|move|p1a: Sandy Shocks|Thunder|p2b: Dragonite\n|-damage|p2b: Dragonite|35\/100\n|move|p2b: Dragonite|Dragon Dance|p2b: Dragonite\n|-boost|p2b: Dragonite|atk|1\n|-boost|p2b: Dragonite|spe|1\n|move|p1b: Pelipper|Hurricane|p2a: Ting-Lu\n|-crit|p2a: Ting-Lu\n|-damage|p2a: Ting-Lu|0 fnt\n|faint|p2a: Ting-Lu\n|\n|-weather|RainDance|[upkeep]\n|upkeep\n|\n|t:|1683857666\n|switch|p2a: Orthworm|Orthworm, L50, F|36\/100\n|turn|5\n|\n|t:|1683857675\n|switch|p1b: Salamence|Salamence, L50, M|100\/100\n|-ability|p1b: Salamence|Intimidate|boost\n|-unboost|p2a: Orthworm|atk|1\n|-unboost|p2b: Dragonite|atk|1\n|move|p1a: Sandy Shocks|Protect|p1a: Sandy Shocks\n|-singleturn|p1a: Sandy Shocks|Protect\n|move|p2b: Dragonite|Earthquake|p1b: Salamence|[spread] \n|-activate|p1a: Sandy Shocks|move: Protect\n|-heal|p2a: Orthworm|61\/100|[from] ability: Earth Eater|[of] p2b: Dragonite\n|-immune|p1b: Salamence\n|move|p2a: Orthworm|Heavy Slam|p1b: Salamence\n|-damage|p1b: Salamence|80\/100\n|\n|-weather|none\n|upkeep\n|turn|6\n|\n|t:|1683857702\n|switch|p1b: Pelipper|Pelipper, L50, F|50\/100\n|-weather|RainDance|[from] ability: Drizzle|[of] p1b: Pelipper\n|move|p1a: Sandy Shocks|Thunder|p2b: Dragonite\n|-damage|p2b: Dragonite|0 fnt\n|faint|p2b: Dragonite\n|move|p2a: Orthworm|Shed Tail|p2a: Orthworm\n|-start|p2a: Orthworm|Substitute|[from] move: Shed Tail\n|-damage|p2a: Orthworm|11\/100\n|\n|t:|1683857711\n|switch|p2a: Gyarados|Gyarados, L50, F|32\/100|[from] Shed Tail\n|-ability|p2a: Gyarados|Intimidate|boost\n|-unboost|p1a: Sandy Shocks|atk|1\n|-unboost|p1b: Pelipper|atk|1\n|\n|-weather|RainDance|[upkeep]\n|upkeep\n|\n|t:|1683857719\n|switch|p2b: Orthworm|Orthworm, L50, F|11\/100\n|turn|7\n|\n|t:|1683857737\n|move|p2b: Orthworm|Protect|p2b: Orthworm\n|-singleturn|p2b: Orthworm|Protect\n|move|p1a: Sandy Shocks|Thunder|p2a: Gyarados\n|-supereffective|p2a: Gyarados\n|-end|p2a: Gyarados|Substitute\n|move|p2a: Gyarados|Waterfall|p1a: Sandy Shocks\n|-supereffective|p1a: Sandy Shocks\n|-damage|p1a: Sandy Shocks|0 fnt\n|faint|p1a: Sandy Shocks\n|-end|p1a: Sandy Shocks|Protosynthesis|[silent]\n|move|p1b: Pelipper|Hurricane|p2a: Gyarados\n|-damage|p2a: Gyarados|0 fnt\n|faint|p2a: Gyarados\n|\n|-weather|RainDance|[upkeep]\n|upkeep\n|\n|t:|1683857753\n|switch|p1a: Salamence|Salamence, L50, M|80\/100\n|-ability|p1a: Salamence|Intimidate|boost\n|-unboost|p2b: Orthworm|atk|1\n|turn|8\n|\n|t:|1683857758\n|move|p1a: Salamence|Hurricane|p2b: Orthworm\n|-resisted|p2b: Orthworm\n|-damage|p2b: Orthworm|0 fnt\n|faint|p2b: Orthworm\n|\n|win|Pinchila92\n|raw|Pinchila92's rating: 1256 → 1283<\/strong> (+27 for winning)\n|raw|RonJohn's rating: 1280 → 1253<\/strong> (-27 for losing)\n","uploadtime":1683857771,"views":32,"p1id":"pinchila92","p2id":"ronjohn","formatid":"gen9vgc2023regulationc","rating":1253,"private":0,"password":""}