{"id":"gen9vgc2023regulationc-1864410198","p1":"coldblooded0706","p2":"QrdeJegoMac","format":"[Gen 9] VGC 2023 Regulation C","log":"|j|\u2606coldblooded0706\n|j|\u2606QrdeJegoMac\n|t:|1684164190\n|gametype|doubles\n|player|p1|coldblooded0706|2|1556\n|player|p2|QrdeJegoMac|265|1618\n|teamsize|p1|6\n|teamsize|p2|6\n|gen|9\n|tier|[Gen 9] VGC 2023 Regulation C\n|rated|\n|rule|Species Clause: Limit one of each Pok\u00e9mon\n|rule|Item Clause: Limit one of each item\n|clearpoke\n|poke|p1|Arcanine, L50, F|\n|poke|p1|Bronzong, L50|\n|poke|p1|Ting-Lu, L50|\n|poke|p1|Amoonguss, L50, M|\n|poke|p1|Flutter Mane, L50|\n|poke|p1|Azumarill, L50, F|\n|poke|p2|Murkrow, L50, F|\n|poke|p2|Chi-Yu, L50|\n|poke|p2|Flutter Mane, L50|\n|poke|p2|Great Tusk, L50|\n|poke|p2|Chien-Pao, L50|\n|poke|p2|Corviknight, L50, F|\n|teampreview|4\n|inactive|Battle timer is ON: inactive players will automatically lose when time's up. (requested by QrdeJegoMac)\nQrdeJegoMac has agreed to open team sheets.\ncoldblooded0706 has agreed to open team sheets.\n|inactive|QrdeJegoMac has 60 seconds left.\n|\n|t:|1684164232\n|start\n|switch|p1a: Arcanine|Arcanine, L50, F|100\/100\n|switch|p1b: Ting-Lu|Ting-Lu, L50|100\/100\n|switch|p2a: Great Tusk|Great Tusk, L50|100\/100\n|switch|p2b: Chi-Yu|Chi-Yu, L50|100\/100\n|-ability|p2b: Chi-Yu|Beads of Ruin\n|-ability|p1a: Arcanine|Intimidate|boost\n|-unboost|p2a: Great Tusk|atk|1\n|-unboost|p2b: Chi-Yu|atk|1\n|-ability|p1b: Ting-Lu|Vessel of Ruin\n|turn|1\n|inactive|QrdeJegoMac has 30 seconds left.\n|inactive|coldblooded0706 has 30 seconds left.\n|inactive|QrdeJegoMac has 20 seconds left.\n|j| Rabbihorn\n|inactive|coldblooded0706 has 20 seconds left.\n|\n|t:|1684164280\n|-terastallize|p2b: Chi-Yu|Ghost\n|-terastallize|p1a: Arcanine|Flying\n|move|p2a: Great Tusk|Headlong Rush|p1a: Arcanine\n|-immune|p1a: Arcanine\n|move|p2b: Chi-Yu|Dark Pulse|p1a: Arcanine\n|-damage|p1a: Arcanine|35\/100\n|-damage|p2b: Chi-Yu|90\/100|[from] item: Life Orb\n|move|p1a: Arcanine|Flare Blitz|p2a: Great Tusk\n|-damage|p2a: Great Tusk|62\/100\n|-damage|p1a: Arcanine|22\/100|[from] Recoil\n|move|p1b: Ting-Lu|Earthquake|p2a: Great Tusk|[spread] p2a,p2b\n|-immune|p1a: Arcanine\n|-damage|p2a: Great Tusk|37\/100\n|-damage|p2b: Chi-Yu|33\/100\n|\n|upkeep\n|turn|2\n|inactive|coldblooded0706 has 30 seconds left.\n|\n|t:|1684164307\n|-end|p2a: Great Tusk|Protosynthesis|[silent]\n|switch|p2a: Corviknight|Corviknight, L50, F|100\/100\n|switch|p1a: Azumarill|Azumarill, L50, F|100\/100\n|move|p2b: Chi-Yu|Protect|p2b: Chi-Yu\n|-singleturn|p2b: Chi-Yu|Protect\n|move|p1b: Ting-Lu|Protect||[still]\n|-fail|p1b: Ting-Lu\n|\n|upkeep\n|turn|3\n|inactive|coldblooded0706 has 30 seconds left.\n|\n|t:|1684164332\n|switch|p2b: Chien-Pao|Chien-Pao, L50|100\/100\n|-ability|p2b: Chien-Pao|Sword of Ruin\n|move|p1a: Azumarill|Aqua Jet|p2b: Chien-Pao\n|-damage|p2b: Chien-Pao|67\/100\n|move|p2a: Corviknight|Brave Bird|p1a: Azumarill\n|-damage|p1a: Azumarill|4\/100\n|-damage|p2a: Corviknight|66\/100|[from] Recoil\n|move|p1b: Ting-Lu|Rock Slide|p2a: Corviknight|[spread] p2a,p2b\n|-supereffective|p2b: Chien-Pao\n|-damage|p2a: Corviknight|46\/100\n|-damage|p2b: Chien-Pao|17\/100\n|\n|upkeep\n|turn|4\n|inactive|QrdeJegoMac has 30 seconds left.\n|inactive|coldblooded0706 has 30 seconds left.\n|\n|t:|1684164363\n|move|p2b: Chien-Pao|Sucker Punch|p1a: Azumarill\n|-resisted|p1a: Azumarill\n|-damage|p1a: Azumarill|0 fnt\n|faint|p1a: Azumarill\n|move|p2a: Corviknight|Brave Bird|p1b: Ting-Lu\n|-damage|p1b: Ting-Lu|35\/100\n|-damage|p2a: Corviknight|19\/100|[from] Recoil\n|move|p1b: Ting-Lu|Throat Chop|p2a: Corviknight\n|-damage|p2a: Corviknight|0 fnt\n|faint|p2a: Corviknight\n|\n|upkeep\n|\n|t:|1684164376\n|switch|p2a: Chi-Yu|Chi-Yu, L50, tera:Ghost|33\/100\n|switch|p1a: Arcanine|Arcanine, L50, F, tera:Flying|22\/100\n|-ability|p2a: Chi-Yu|Beads of Ruin\n|-ability|p1a: Arcanine|Intimidate|boost\n|-unboost|p2a: Chi-Yu|atk|1\n|-unboost|p2b: Chien-Pao|atk|1\n|turn|5\n|\n|t:|1684164388\n|switch|p2b: Great Tusk|Great Tusk, L50|37\/100\n|move|p1a: Arcanine|Extreme Speed|p2b: Great Tusk\n|-damage|p2b: Great Tusk|19\/100\n|move|p2a: Chi-Yu|Dark Pulse|p1a: Arcanine\n|-damage|p1a: Arcanine|0 fnt\n|faint|p1a: Arcanine\n|-damage|p2a: Chi-Yu|23\/100|[from] item: Life Orb\n|move|p1b: Ting-Lu|Throat Chop|p2a: Chi-Yu\n|-supereffective|p2a: Chi-Yu\n|-damage|p2a: Chi-Yu|0 fnt\n|faint|p2a: Chi-Yu\n|\n|upkeep\n|\n|t:|1684164402\n|switch|p2a: Chien-Pao|Chien-Pao, L50|17\/100\n|switch|p1a: Flutter Mane|Flutter Mane, L50|100\/100\n|-ability|p2a: Chien-Pao|Sword of Ruin\n|turn|6\n|inactive|QrdeJegoMac has 30 seconds left.\n|inactive|QrdeJegoMac has 20 seconds left.\n|\n|t:|1684164440\n|move|p2b: Great Tusk|Close Combat|p1b: Ting-Lu\n|-supereffective|p1b: Ting-Lu\n|-damage|p1b: Ting-Lu|0 fnt\n|-unboost|p2b: Great Tusk|def|1\n|-unboost|p2b: Great Tusk|spd|1\n|faint|p1b: Ting-Lu\n|move|p2a: Chien-Pao|Ice Spinner|p1a: Flutter Mane\n|-crit|p1a: Flutter Mane\n|-damage|p1a: Flutter Mane|0 fnt\n|faint|p1a: Flutter Mane\n|-end|p1a: Flutter Mane|Protosynthesis|[silent]\n|\n|win|QrdeJegoMac\n|raw|coldblooded0706's rating: 1556 → 1540<\/strong> (-16 for losing)\n|raw|QrdeJegoMac's rating: 1618 → 1634<\/strong> (+16 for winning)\n|j| NoDynaNoParty\n|c|\u2606QrdeJegoMac|phew\n|c|\u2606QrdeJegoMac|gg\n|c|\u2606QrdeJegoMac|so close\n|l|\u2606coldblooded0706\n","uploadtime":1684164455,"views":7,"p1id":"coldblooded0706","p2id":"qrdejegomac","formatid":"gen9vgc2023regulationc","rating":1540,"private":0,"password":""}