{"id":"gen9vgc2023regulationc-1846114655","p1":"highscorezero","p2":"SuperGreg513","format":"[Gen 9] VGC 2023 Regulation C","log":"|j|\u2606highscorezero\n|j|\u2606SuperGreg513\n|t:|1681808582\n|gametype|doubles\n|player|p1|highscorezero|ingo|1039\n|player|p2|SuperGreg513|gentleman-gen4|1028\n|teamsize|p1|6\n|teamsize|p2|6\n|gen|9\n|tier|[Gen 9] VGC 2023 Regulation C\n|rated|\n|rule|Species Clause: Limit one of each Pok\u00e9mon\n|rule|Item Clause: Limit one of each item\n|clearpoke\n|poke|p1|Palafin, L50, M|\n|poke|p1|Iron Hands, L50|\n|poke|p1|Amoonguss, L50, F|\n|poke|p1|Iron Valiant, L50|\n|poke|p1|Talonflame, L50, F|\n|poke|p1|Grafaiai, L50, M|\n|poke|p2|Brute Bonnet, L50|\n|poke|p2|Chi-Yu, L50|\n|poke|p2|Ting-Lu, L50|\n|poke|p2|Murkrow, L50, F|\n|poke|p2|Torkoal, L50, M|\n|poke|p2|Indeedee-F, L50, F|\n|teampreview|4\n|l|\u2606highscorezero\n|player|p1|\n|inactive|Battle timer is ON: inactive players will automatically lose when time's up. (requested by SuperGreg513)\n|j|\u2606highscorezero\n|inactive|highscorezero reconnected and has 65 seconds left.\n|player|p1|highscorezero|ingo\n|inactive|highscorezero has 60 seconds left.\n|\n|t:|1681808668\n|start\n|switch|p1a: Palafin|Palafin, L50, M|100\/100\n|switch|p1b: Iron Hands|Iron Hands, L50|100\/100\n|switch|p2a: Murkrow|Murkrow, L50, F|100\/100\n|switch|p2b: Brute Bonnet|Brute Bonnet, L50|100\/100\n|-enditem|p2b: Brute Bonnet|Booster Energy\n|-activate|p2b: Brute Bonnet|ability: Protosynthesis|[fromitem]\n|-start|p2b: Brute Bonnet|protosynthesisatk\n|turn|1\n|\n|t:|1681808688\n|detailschange|p1a: Palafin|Palafin-Hero, L50, M\n|switch|p1a: Amoonguss|Amoonguss, L50, F|100\/100\n|move|p1b: Iron Hands|Fake Out|p2a: Murkrow\n|-damage|p2a: Murkrow|65\/100\n|cant|p2a: Murkrow|flinch\n|move|p2b: Brute Bonnet|Spore|p1b: Iron Hands\n|-status|p1b: Iron Hands|slp|[from] move: Spore\n|\n|upkeep\n|turn|2\n|inactive|SuperGreg513 has 30 seconds left.\n|\n|t:|1681808717\n|-end|p1b: Iron Hands|Quark Drive|[silent]\n|switch|p1b: Palafin|Palafin-Hero, L50, M|100\/100\n|-activate|p1b: Palafin|ability: Zero to Hero\n|move|p2a: Murkrow|Taunt|p1a: Amoonguss\n|-start|p1a: Amoonguss|move: Taunt\n|move|p2b: Brute Bonnet|Close Combat|p1b: Palafin\n|-damage|p1b: Palafin|45\/100\n|-unboost|p2b: Brute Bonnet|def|1\n|-unboost|p2b: Brute Bonnet|spd|1\n|cant|p1a: Amoonguss|move: Taunt|Spore\n|\n|upkeep\n|turn|3\n|\n|t:|1681808741\n|move|p2b: Brute Bonnet|Sucker Punch|p1a: Amoonguss\n|-damage|p1a: Amoonguss|54\/100\n|move|p2a: Murkrow|Dark Pulse|p1b: Palafin\n|-damage|p1b: Palafin|16\/100\n|move|p1b: Palafin|Wave Crash|p2a: Murkrow\n|-crit|p2a: Murkrow\n|-damage|p2a: Murkrow|0 fnt\n|faint|p2a: Murkrow\n|-damage|p1b: Palafin|1\/100|[from] Recoil\n|move|p1a: Amoonguss|Pollen Puff|p2b: Brute Bonnet\n|-supereffective|p2b: Brute Bonnet\n|-damage|p2b: Brute Bonnet|0 fnt\n|faint|p2b: Brute Bonnet\n|-end|p2b: Brute Bonnet|Protosynthesis|[silent]\n|\n|upkeep\n|\n|t:|1681808751\n|switch|p2a: Chi-Yu|Chi-Yu, L50|100\/100\n|switch|p2b: Ting-Lu|Ting-Lu, L50|100\/100\n|-ability|p2a: Chi-Yu|Beads of Ruin\n|-ability|p2b: Ting-Lu|Vessel of Ruin\n|turn|4\n|\n|t:|1681808766\n|move|p1b: Palafin|Jet Punch|p2a: Chi-Yu\n|-supereffective|p2a: Chi-Yu\n|-damage|p2a: Chi-Yu|0 fnt\n|faint|p2a: Chi-Yu\n|move|p2b: Ting-Lu|Stomping Tantrum|p1b: Palafin\n|-damage|p1b: Palafin|0 fnt\n|faint|p1b: Palafin\n|move|p1a: Amoonguss|Pollen Puff|p2b: Ting-Lu\n|-supereffective|p2b: Ting-Lu\n|-damage|p2b: Ting-Lu|85\/100\n|\n|-end|p1a: Amoonguss|move: Taunt\n|upkeep\n|\n|t:|1681808779\n|switch|p1b: Iron Hands|Iron Hands, L50|100\/100 slp\n|turn|5\n|\n|t:|1681808784\n|cant|p1b: Iron Hands|slp\n|move|p2b: Ting-Lu|Fissure|p1a: Amoonguss|[miss]\n|-miss|p2b: Ting-Lu|p1a: Amoonguss\n|move|p1a: Amoonguss|Spore|p2b: Ting-Lu\n|-status|p2b: Ting-Lu|slp|[from] move: Spore\n|\n|upkeep\n|turn|6\n|\n|t:|1681808799\n|cant|p1b: Iron Hands|slp\n|cant|p2b: Ting-Lu|slp\n|move|p1a: Amoonguss|Pollen Puff|p2b: Ting-Lu\n|-supereffective|p2b: Ting-Lu\n|-damage|p2b: Ting-Lu|70\/100 slp\n|\n|upkeep\n|turn|7\n|\n|t:|1681808807\n|-curestatus|p1b: Iron Hands|slp|[msg]\n|move|p1b: Iron Hands|Close Combat|p2b: Ting-Lu\n|-supereffective|p2b: Ting-Lu\n|-damage|p2b: Ting-Lu|10\/100 slp\n|-unboost|p1b: Iron Hands|def|1\n|-unboost|p1b: Iron Hands|spd|1\n|cant|p2b: Ting-Lu|slp\n|move|p1a: Amoonguss|Pollen Puff|p2b: Ting-Lu\n|-supereffective|p2b: Ting-Lu\n|-crit|p2b: Ting-Lu\n|-damage|p2b: Ting-Lu|0 fnt\n|faint|p2b: Ting-Lu\n|\n|win|highscorezero\n|raw|highscorezero's rating: 1039 → 1072<\/strong> (+33 for winning)\n|raw|SuperGreg513's rating: 1028 → 1014<\/strong> (-14 for losing)\n|l|\u2606SuperGreg513\n","uploadtime":1681808823,"views":14,"p1id":"highscorezero","p2id":"supergreg513","formatid":"gen9vgc2023regulationc","rating":1014,"private":0,"password":""}