{"id":"gen9vgc2023regulationc-1862930688","p1":"bubbs1012","p2":"thrillcorner","format":"[Gen 9] VGC 2023 Regulation C","log":"|j|\u2606bubbs1012\n|j|\u2606thrillcorner\n|t:|1683939994\n|gametype|doubles\n|player|p1|bubbs1012|bruno|1245\n|player|p2|thrillcorner|red-masters2|1337\n|teamsize|p1|6\n|teamsize|p2|6\n|gen|9\n|tier|[Gen 9] VGC 2023 Regulation C\n|rated|\n|rule|Species Clause: Limit one of each Pok\u00e9mon\n|rule|Item Clause: Limit one of each item\n|clearpoke\n|poke|p1|Dragonite, L50, M|\n|poke|p1|Chien-Pao, L50|\n|poke|p1|Chi-Yu, L50|\n|poke|p1|Flutter Mane, L50|\n|poke|p1|Lucario, L50, M|\n|poke|p1|Dragapult, L50, M|\n|poke|p2|Arcanine, L50, F|\n|poke|p2|Amoonguss, L50, F|\n|poke|p2|Flutter Mane, L50|\n|poke|p2|Pelipper, L50, F|\n|poke|p2|Azumarill, L50, F|\n|poke|p2|Iron Hands, L50|\n|teampreview|4\nthrillcorner has agreed to open team sheets.\n|inactive|Battle timer is ON: inactive players will automatically lose when time's up. (requested by thrillcorner)\n|inactive|bubbs1012 has 60 seconds left.\n|\n|t:|1683940113\n|start\n|switch|p1a: Chi-Yu|Chi-Yu, L50|100\/100\n|switch|p1b: Flutter Mane|Flutter Mane, L50|100\/100\n|switch|p2a: Arcanine|Arcanine, L50, F|100\/100\n|switch|p2b: Iron Hands|Iron Hands, L50|100\/100\n|-ability|p1a: Chi-Yu|Beads of Ruin\n|-ability|p2a: Arcanine|Intimidate|boost\n|-unboost|p1a: Chi-Yu|atk|1\n|-unboost|p1b: Flutter Mane|atk|1\n|-enditem|p1b: Flutter Mane|Booster Energy\n|-activate|p1b: Flutter Mane|ability: Protosynthesis|[fromitem]\n|-start|p1b: Flutter Mane|protosynthesisspa\n|turn|1\n|inactive|thrillcorner has 30 seconds left.\n|\n|t:|1683940144\n|switch|p2a: Pelipper|Pelipper, L50, F|100\/100\n|-weather|RainDance|[from] ability: Drizzle|[of] p2a: Pelipper\n|-terastallize|p1a: Chi-Yu|Ghost\n|-terastallize|p2b: Iron Hands|Grass\n|move|p1b: Flutter Mane|Shadow Ball|p2a: Pelipper\n|-enditem|p2a: Pelipper|Focus Sash\n|-damage|p2a: Pelipper|1\/100\n|move|p1a: Chi-Yu|Dark Pulse|p2a: Pelipper\n|-damage|p2a: Pelipper|0 fnt\n|faint|p2a: Pelipper\n|move|p2b: Iron Hands|Drain Punch|p1a: Chi-Yu\n|-immune|p1a: Chi-Yu\n|\n|-weather|RainDance|[upkeep]\n|upkeep\n|\n|t:|1683940160\n|switch|p2a: Azumarill|Azumarill, L50, F|100\/100\n|turn|2\n|\n|t:|1683940178\n|-end|p2b: Iron Hands|Quark Drive|[silent]\n|switch|p2b: Arcanine|Arcanine, L50, F|100\/100\n|-ability|p2b: Arcanine|Intimidate|boost\n|-unboost|p1a: Chi-Yu|atk|1\n|-unboost|p1b: Flutter Mane|atk|1\n|move|p2a: Azumarill|Aqua Jet|p1b: Flutter Mane\n|-damage|p1b: Flutter Mane|0 fnt\n|faint|p1b: Flutter Mane\n|-end|p1b: Flutter Mane|Protosynthesis|[silent]\n|-damage|p2a: Azumarill|91\/100|[from] item: Life Orb\n|move|p1a: Chi-Yu|Psychic|p2a: Azumarill\n|-crit|p2a: Azumarill\n|-damage|p2a: Azumarill|29\/100\n|\n|-weather|RainDance|[upkeep]\n|upkeep\n|\n|t:|1683940199\n|switch|p1b: Dragonite|Dragonite, L50, M|100\/100\n|turn|3\n|\n|t:|1683940207\n|move|p2a: Azumarill|Protect|p2a: Azumarill\n|-singleturn|p2a: Azumarill|Protect\n|move|p1b: Dragonite|Extreme Speed|p2b: Arcanine\n|-crit|p2b: Arcanine\n|-damage|p2b: Arcanine|35\/100\n|move|p1a: Chi-Yu|Dark Pulse|p2b: Arcanine\n|-damage|p2b: Arcanine|0 fnt\n|faint|p2b: Arcanine\n|\n|-weather|RainDance|[upkeep]\n|upkeep\n|\n|t:|1683940217\n|switch|p2b: Iron Hands|Iron Hands, L50, tera:Grass|100\/100\n|turn|4\n|inactive|bubbs1012 has 30 seconds left.\n|\n|t:|1683940243\n|move|p2b: Iron Hands|Fake Out|p1b: Dragonite\n|-damage|p1b: Dragonite|87\/100\n|move|p1b: Dragonite|Extreme Speed|p2b: Iron Hands\n|-damage|p2b: Iron Hands|76\/100\n|move|p2a: Azumarill|Aqua Jet|p1a: Chi-Yu\n|-damage|p1a: Chi-Yu|16\/100\n|-damage|p2a: Azumarill|19\/100|[from] item: Life Orb\n|move|p1a: Chi-Yu|Psychic|p2a: Azumarill\n|-damage|p2a: Azumarill|0 fnt\n|faint|p2a: Azumarill\n|\n|-weather|RainDance|[upkeep]\n|upkeep\n|turn|5\n|-message|thrillcorner forfeited.\n|\n|win|bubbs1012\n|raw|bubbs1012's rating: 1245 → 1276<\/strong> (+31 for winning)\n|raw|thrillcorner's rating: 1337 → 1312<\/strong> (-25 for losing)\n","uploadtime":1683940258,"views":57,"p1id":"bubbs1012","p2id":"thrillcorner","formatid":"gen9vgc2023regulationc","rating":1276,"private":0,"password":""}