{"id":"gen9vgc2023regulationc-1851153917","p1":"notKhaile93","p2":"Justacasualbattler","format":"[Gen 9] VGC 2023 Regulation C","log":"|j|\u2606notKhaile93\n|j|\u2606Justacasualbattler\n|t:|1682417942\n|gametype|doubles\n|player|p1|notKhaile93|cynthia|\n|player|p2|Justacasualbattler|jogger|\n|teamsize|p1|6\n|teamsize|p2|6\n|gen|9\n|tier|[Gen 9] VGC 2023 Regulation C\n|rule|Species Clause: Limit one of each Pok\u00e9mon\n|rule|Item Clause: Limit one of each item\n|clearpoke\n|poke|p1|Chi-Yu, L50|\n|poke|p1|Torkoal, L50, M|\n|poke|p1|Jumpluff, L50, F|\n|poke|p1|Great Tusk, L50|\n|poke|p1|Glimmora, L50, F|\n|poke|p1|Roaring Moon, L50|\n|poke|p2|Chien-Pao, L50|\n|poke|p2|Palafin, L50, M|\n|poke|p2|Ceruledge, L50, F|\n|poke|p2|Flutter Mane, L50|\n|poke|p2|Espeon, L50, M|\n|poke|p2|Iron Hands, L50|\n|teampreview|4\n|inactive|Battle timer is ON: inactive players will automatically lose when time's up. (requested by notKhaile93)\n|\n|t:|1682417965\n|start\n|switch|p1a: MITTERNACHT|Chi-Yu, L50|100\/100\n|switch|p1b: M FOR LOVE|Torkoal, L50, M|100\/100\n|switch|p2a: Superman|Palafin, L50, M, shiny|100\/100\n|switch|p2b: Suumo|Iron Hands, L50|100\/100\n|-ability|p1a: MITTERNACHT|Beads of Ruin\n|-weather|SunnyDay|[from] ability: Drought|[of] p1b: M FOR LOVE\n|turn|1\n|\n|t:|1682417984\n|-terastallize|p2a: Superman|Water\n|move|p1a: MITTERNACHT|Heat Wave|p2a: Superman|[spread] p2a,p2b\n|-resisted|p2a: Superman\n|-damage|p2a: Superman|30\/100\n|-damage|p2b: Suumo|43\/100\n|-damage|p1a: MITTERNACHT|90\/100|[from] item: Life Orb\n|move|p2a: Superman|Flip Turn|p1a: MITTERNACHT\n|-supereffective|p1a: MITTERNACHT\n|-damage|p1a: MITTERNACHT|23\/100\n|\n|t:|1682417995\n|detailschange|p2a: Superman|Palafin-Hero, L50, M, shiny, tera:Water\n|switch|p2a: Pearl Necklace >:)|Flutter Mane, L50, shiny|100\/100|[from] Flip Turn\n|-activate|p2a: Pearl Necklace >:)|ability: Protosynthesis\n|-start|p2a: Pearl Necklace >:)|protosynthesisspa\n|move|p2b: Suumo|Drain Punch|p1a: MITTERNACHT\n|-supereffective|p1a: MITTERNACHT\n|-damage|p1a: MITTERNACHT|0 fnt\n|-heal|p2b: Suumo|49\/100|[from] drain|[of] p1a: MITTERNACHT\n|faint|p1a: MITTERNACHT\n|move|p1b: M FOR LOVE|Heat Wave|p2a: Pearl Necklace >:)|[spread] p2b\n|-miss|p1b: M FOR LOVE|p2a: Pearl Necklace >:)\n|-damage|p2b: Suumo|29\/100\n|\n|-weather|SunnyDay|[upkeep]\n|upkeep\n|\n|t:|1682418008\n|switch|p1a: YOGONE2798|Roaring Moon, L50|100\/100\n|-activate|p1a: YOGONE2798|ability: Protosynthesis\n|-start|p1a: YOGONE2798|protosynthesisspe\n|turn|2\n|\n|t:|1682418024\n|move|p1b: M FOR LOVE|Helping Hand|p1a: YOGONE2798\n|-singleturn|p1a: YOGONE2798|Helping Hand|[of] p1b: M FOR LOVE\n|move|p1a: YOGONE2798|Throat Chop|p2a: Pearl Necklace >:)\n|-damage|p2a: Pearl Necklace >:)|0 fnt\n|faint|p2a: Pearl Necklace >:)\n|-end|p2a: Pearl Necklace >:)|Protosynthesis|[silent]\n|move|p2b: Suumo|Drain Punch|p1b: M FOR LOVE\n|-damage|p1b: M FOR LOVE|69\/100\n|-heal|p2b: Suumo|40\/100|[from] drain|[of] p1b: M FOR LOVE\n|-enditem|p1b: M FOR LOVE|Eject Button\n|\n|t:|1682418035\n|switch|p1b: N FOR HATE|Great Tusk, L50|100\/100\n|-activate|p1b: N FOR HATE|ability: Protosynthesis\n|-start|p1b: N FOR HATE|protosynthesisatk\n|\n|-weather|SunnyDay|[upkeep]\n|upkeep\n|\n|t:|1682418043\n|switch|p2a: Tiger Piss|Chien-Pao, L50|100\/100\n|-ability|p2a: Tiger Piss|Sword of Ruin\n|turn|3\n|\n|t:|1682418071\n|move|p1a: YOGONE2798|Throat Chop|p2b: Suumo\n|-resisted|p2b: Suumo\n|-damage|p2b: Suumo|10\/100\n|-start|p2b: Suumo|Throat Chop|[silent]\n|move|p2a: Tiger Piss|Icicle Crash|p1a: YOGONE2798\n|-supereffective|p1a: YOGONE2798\n|-damage|p1a: YOGONE2798|0 fnt\n|faint|p1a: YOGONE2798\n|-end|p1a: YOGONE2798|Protosynthesis|[silent]\n|move|p1b: N FOR HATE|Headlong Rush|p2a: Tiger Piss\n|-damage|p2a: Tiger Piss|0 fnt\n|-unboost|p1b: N FOR HATE|def|1\n|-unboost|p1b: N FOR HATE|spd|1\n|faint|p2a: Tiger Piss\n|move|p2b: Suumo|Ice Punch|p1b: N FOR HATE\n|-supereffective|p1b: N FOR HATE\n|-damage|p1b: N FOR HATE|36\/100\n|\n|-weather|SunnyDay|[upkeep]\n|upkeep\n|\n|t:|1682418086\n|switch|p1a: M FOR LOVE|Torkoal, L50, M|69\/100\n|switch|p2a: Superman|Palafin-Hero, L50, M, shiny, tera:Water|30\/100\n|-activate|p2a: Superman|ability: Zero to Hero\n|turn|4\n|\n|t:|1682418100\n|move|p2a: Superman|Jet Punch|p1b: N FOR HATE\n|-supereffective|p1b: N FOR HATE\n|-damage|p1b: N FOR HATE|0 fnt\n|faint|p1b: N FOR HATE\n|-end|p1b: N FOR HATE|Protosynthesis|[silent]\n|move|p2b: Suumo|Drain Punch|p1a: M FOR LOVE\n|-crit|p1a: M FOR LOVE\n|-damage|p1a: M FOR LOVE|26\/100\n|-heal|p2b: Suumo|25\/100|[from] drain|[of] p1a: M FOR LOVE\n|move|p1a: M FOR LOVE|Heat Wave|p2b: Suumo|[spread] p2a,p2b\n|-resisted|p2a: Superman\n|-damage|p2a: Superman|12\/100\n|-damage|p2b: Suumo|8\/100\n|\n|-weather|SunnyDay|[upkeep]\n|-end|p2b: Suumo|Throat Chop|[silent]\n|upkeep\n|turn|5\n|\n|t:|1682418116\n|move|p2a: Superman|Jet Punch|p1a: M FOR LOVE\n|-supereffective|p1a: M FOR LOVE\n|-damage|p1a: M FOR LOVE|0 fnt\n|faint|p1a: M FOR LOVE\n|\n|win|Justacasualbattler\n|l|\u2606notKhaile93\n|l|\u2606Justacasualbattler\n|j|\u2606Justacasualbattler\n|player|p2|Justacasualbattler|jogger\n","uploadtime":1682418136,"views":12,"p1id":"notkhaile93","p2id":"justacasualbattler","formatid":"gen9vgc2023regulationc","rating":0,"private":0,"password":""}