{"id":"gen9vgc2023regulationc-1851428958","p1":"SDarbzzz","p2":"js19891007","format":"[Gen 9] VGC 2023 Regulation C","log":"|j|\u2606SDarbzzz\n|j|\u2606js19891007\n|t:|1682444380\n|gametype|doubles\n|player|p1|SDarbzzz|169|1285\n|player|p2|js19891007|265|1278\n|teamsize|p1|6\n|teamsize|p2|6\n|gen|9\n|tier|[Gen 9] VGC 2023 Regulation C\n|rated|\n|rule|Species Clause: Limit one of each Pok\u00e9mon\n|rule|Item Clause: Limit one of each item\n|clearpoke\n|poke|p1|Ting-Lu, L50|\n|poke|p1|Gyarados, L50, M|\n|poke|p1|Torkoal, L50, F|\n|poke|p1|Lilligant, L50, F|\n|poke|p1|Flutter Mane, L50|\n|poke|p1|Kingambit, L50, M|\n|poke|p2|Abomasnow, L50, F|\n|poke|p2|Amoonguss, L50, F|\n|poke|p2|Cetitan, L50, F|\n|poke|p2|Palafin, L50, F|\n|poke|p2|Arcanine, L50, M|\n|poke|p2|Chien-Pao, L50|\n|teampreview|4\n|inactive|Battle timer is ON: inactive players will automatically lose when time's up. (requested by js19891007)\n|\n|t:|1682444428\n|start\n|switch|p1a: Lilligant|Lilligant, L50, F|100\/100\n|switch|p1b: Torkoal|Torkoal, L50, F|100\/100\n|switch|p2a: Cetitan|Cetitan, L50, F|100\/100\n|switch|p2b: Amoonguss|Amoonguss, L50, F|100\/100\n|-weather|SunnyDay|[from] ability: Drought|[of] p1b: Torkoal\n|turn|1\n|inactive|SDarbzzz has 30 seconds left.\n|inactive|js19891007 has 30 seconds left.\n|\n|t:|1682444464\n|switch|p2b: Abomasnow|Abomasnow, L50, F|100\/100\n|-weather|Snow|[from] ability: Snow Warning|[of] p2b: Abomasnow\n|-terastallize|p2a: Cetitan|Ground\n|move|p2a: Cetitan|Earthquake|p1b: Torkoal|[spread] p2b,p1a,p1b\n|-resisted|p2b: Abomasnow\n|-resisted|p1a: Lilligant\n|-supereffective|p1b: Torkoal\n|-damage|p2b: Abomasnow|86\/100\n|-damage|p1a: Lilligant|77\/100\n|-damage|p1b: Torkoal|49\/100\n|move|p1a: Lilligant|After You|p1b: Torkoal\n|-activate|p1b: Torkoal|move: After You\n|move|p1b: Torkoal|Flamethrower|p2b: Abomasnow\n|-supereffective|p2b: Abomasnow\n|-damage|p2b: Abomasnow|0 fnt\n|faint|p2b: Abomasnow\n|\n|-weather|Snow|[upkeep]\n|upkeep\n|\n|t:|1682444483\n|switch|p2b: Chien-Pao|Chien-Pao, L50|100\/100\n|-ability|p2b: Chien-Pao|Sword of Ruin\n|turn|2\n|inactive|SDarbzzz has 30 seconds left.\n|\n|t:|1682444509\n|switch|p1b: Gyarados|Gyarados, L50, M|100\/100\n|-ability|p1b: Gyarados|Intimidate|boost\n|-unboost|p2a: Cetitan|atk|1\n|-unboost|p2b: Chien-Pao|atk|1\n|move|p1a: Lilligant|Protect|p1a: Lilligant\n|-singleturn|p1a: Lilligant|Protect\n|move|p2a: Cetitan|Belly Drum|p2a: Cetitan\n|-damage|p2a: Cetitan|50\/100\n|-setboost|p2a: Cetitan|atk|6|[from] move: Belly Drum\n|-enditem|p2a: Cetitan|Sitrus Berry|[eat]\n|-heal|p2a: Cetitan|75\/100|[from] item: Sitrus Berry\n|move|p2b: Chien-Pao|Ice Spinner|p1a: Lilligant\n|-activate|p1a: Lilligant|move: Protect\n|\n|-weather|Snow|[upkeep]\n|upkeep\n|turn|3\n|inactive|SDarbzzz has 30 seconds left.\n|\n|t:|1682444540\n|switch|p1a: Kingambit|Kingambit, L50, M|100\/100\n|move|p1b: Gyarados|Protect|p1b: Gyarados\n|-singleturn|p1b: Gyarados|Protect\n|move|p2a: Cetitan|Ice Shard|p1a: Kingambit\n|-resisted|p1a: Kingambit\n|-damage|p1a: Kingambit|67\/100\n|move|p2b: Chien-Pao|Sucker Punch||[still]\n|-fail|p2b: Chien-Pao\n|\n|-weather|Snow|[upkeep]\n|upkeep\n|turn|4\n|inactive|SDarbzzz has 30 seconds left.\n|inactive|SDarbzzz has 20 seconds left.\n|\n|t:|1682444577\n|move|p2a: Cetitan|Protect|p2a: Cetitan\n|-singleturn|p2a: Cetitan|Protect\n|move|p2b: Chien-Pao|Sacred Sword|p1a: Kingambit\n|-supereffective|p1a: Kingambit\n|-damage|p1a: Kingambit|0 fnt\n|faint|p1a: Kingambit\n|-damage|p2b: Chien-Pao|91\/100|[from] item: Life Orb\n|move|p1b: Gyarados|Waterfall|p2a: Cetitan\n|-activate|p2a: Cetitan|move: Protect\n|\n|-weather|Snow|[upkeep]\n|upkeep\n|\n|t:|1682444595\n|switch|p1a: Torkoal|Torkoal, L50, F|49\/100\n|-weather|SunnyDay|[from] ability: Drought|[of] p1a: Torkoal\n|turn|5\n|\n|t:|1682444613\n|move|p1b: Gyarados|Protect|p1b: Gyarados\n|-singleturn|p1b: Gyarados|Protect\n|move|p2b: Chien-Pao|Sucker Punch||[still]\n|-fail|p2b: Chien-Pao\n|move|p2a: Cetitan|Ice Shard|p1b: Gyarados\n|-activate|p1b: Gyarados|move: Protect\n|move|p1a: Torkoal|Eruption|p2b: Chien-Pao|[spread] p2a,p2b\n|-supereffective|p2b: Chien-Pao\n|-damage|p2a: Cetitan|36\/100\n|-damage|p2b: Chien-Pao|0 fnt\n|faint|p2b: Chien-Pao\n|\n|-weather|SunnyDay|[upkeep]\n|upkeep\n|\n|t:|1682444627\n|switch|p2b: Amoonguss|Amoonguss, L50, F|100\/100\n|turn|6\n|\n|t:|1682444639\n|move|p1a: Torkoal|Protect|p1a: Torkoal\n|-singleturn|p1a: Torkoal|Protect\n|move|p2b: Amoonguss|Rage Powder|p2b: Amoonguss\n|-singleturn|p2b: Amoonguss|move: Rage Powder\n|move|p1b: Gyarados|Taunt|p2b: Amoonguss\n|-start|p2b: Amoonguss|move: Taunt\n|move|p2a: Cetitan|Earthquake|p1a: Torkoal|[spread] p2b\n|-activate|p1a: Torkoal|move: Protect\n|-immune|p1b: Gyarados\n|-damage|p2b: Amoonguss|0 fnt\n|faint|p2b: Amoonguss\n|\n|-weather|SunnyDay|[upkeep]\n|upkeep\n|turn|7\n|inactive|SDarbzzz has 30 seconds left.\n|\n|t:|1682444665\n|move|p1a: Torkoal|Helping Hand|p1b: Gyarados\n|-singleturn|p1b: Gyarados|Helping Hand|[of] p1a: Torkoal\n|move|p1b: Gyarados|Waterfall|p2a: Cetitan\n|-supereffective|p2a: Cetitan\n|-damage|p2a: Cetitan|0 fnt\n|faint|p2a: Cetitan\n|\n|win|SDarbzzz\n|raw|SDarbzzz's rating: 1285 → 1309<\/strong> (+24 for winning)\n|raw|js19891007's rating: 1278 → 1254<\/strong> (-24 for losing)\n|l|\u2606js19891007\n","uploadtime":1682444680,"views":6,"p1id":"sdarbzzz","p2id":"js19891007","formatid":"gen9vgc2023regulationc","rating":1254,"private":0,"password":""}