{"id":"gen9vgc2023regulationc-1845246715","p1":"Minimugs","p2":"leoprosinpro","format":"[Gen 9] VGC 2023 Regulation C","log":"|j|\u2606Minimugs\n|j|\u2606leoprosinpro\n|t:|1681701604\n|gametype|doubles\n|player|p1|Minimugs|steven|1066\n|player|p2|leoprosinpro|norman|1033\n|teamsize|p1|6\n|teamsize|p2|6\n|gen|9\n|tier|[Gen 9] VGC 2023 Regulation C\n|rated|\n|rule|Species Clause: Limit one of each Pok\u00e9mon\n|rule|Item Clause: Limit one of each item\n|clearpoke\n|poke|p1|Great Tusk, L50|\n|poke|p1|Torkoal, L50, M|\n|poke|p1|Armarouge, L50, F|\n|poke|p1|Indeedee-F, L50, F|\n|poke|p1|Amoonguss, L50, F|\n|poke|p1|Farigiraf, L50, M|\n|poke|p2|Arcanine, L50, F|\n|poke|p2|Altaria, L50, F|\n|poke|p2|Kingambit, L50, M|\n|poke|p2|Flutter Mane, L50|\n|poke|p2|Iron Bundle, L50|\n|poke|p2|Indeedee-F, L50, F|\n|teampreview|4\n|\n|t:|1681701626\n|start\n|switch|p1a: Armarouge|Armarouge, L50, F|100\/100\n|switch|p1b: Indeedee|Indeedee-F, L50, F|100\/100\n|switch|p2a: Iron Bundle|Iron Bundle, L50|100\/100\n|switch|p2b: Kingambit|Kingambit, L50, M|100\/100\n|-fieldstart|move: Psychic Terrain|[from] ability: Psychic Surge|[of] p1b: Indeedee\n|-enditem|p1b: Indeedee|Psychic Seed\n|-boost|p1b: Indeedee|spd|1|[from] item: Psychic Seed\n|-enditem|p2a: Iron Bundle|Booster Energy\n|-activate|p2a: Iron Bundle|ability: Quark Drive|[fromitem]\n|-start|p2a: Iron Bundle|quarkdrivespe\n|turn|1\n|\n|t:|1681701650\n|move|p1a: Armarouge|Protect|p1a: Armarouge\n|-singleturn|p1a: Armarouge|Protect\n|move|p2a: Iron Bundle|Hydro Pump|p1a: Armarouge\n|-activate|p1a: Armarouge|move: Protect\n|move|p1b: Indeedee|Draining Kiss|p2a: Iron Bundle\n|-damage|p2a: Iron Bundle|72\/100\n|move|p2b: Kingambit|Kowtow Cleave|p1b: Indeedee\n|-supereffective|p1b: Indeedee\n|-damage|p1b: Indeedee|0 fnt\n|faint|p1b: Indeedee\n|\n|upkeep\n|\n|t:|1681701661\n|switch|p1b: Torkoal|Torkoal, L50, M|100\/100\n|-weather|SunnyDay|[from] ability: Drought|[of] p1b: Torkoal\n|turn|2\n|\n|t:|1681701669\n|switch|p2b: Altaria|Altaria, L50, F|100\/100\n|-ability|p2b: Altaria|Cloud Nine\n|switch|p1b: Amoonguss|Amoonguss, L50, F|100\/100\n|move|p2a: Iron Bundle|Hydro Pump|p1b: Amoonguss\n|-resisted|p1b: Amoonguss\n|-damage|p1b: Amoonguss|78\/100\n|move|p1a: Armarouge|Trick Room|p1a: Armarouge\n|-fieldstart|move: Trick Room|[of] p1a: Armarouge\n|\n|-weather|SunnyDay|[upkeep]\n|-heal|p1b: Amoonguss|85\/100|[from] item: Black Sludge\n|upkeep\n|turn|3\n|\n|t:|1681701690\n|move|p2a: Iron Bundle|Protect|p2a: Iron Bundle\n|-singleturn|p2a: Iron Bundle|Protect\n|move|p1b: Amoonguss|Spore|p2a: Iron Bundle\n|-activate|p2a: Iron Bundle|move: Protect\n|move|p1a: Armarouge|Expanding Force|p2a: Iron Bundle|[spread] p2b\n|-activate|p2a: Iron Bundle|move: Protect\n|-damage|p2b: Altaria|50\/100\n|-damage|p1a: Armarouge|91\/100|[from] item: Life Orb\n|move|p2b: Altaria|Draco Meteor|p1a: Armarouge\n|-damage|p1a: Armarouge|47\/100\n|-unboost|p2b: Altaria|spa|2\n|\n|-weather|SunnyDay|[upkeep]\n|-heal|p1b: Amoonguss|91\/100|[from] item: Black Sludge\n|-heal|p2b: Altaria|55\/100|[from] item: Leftovers\n|upkeep\n|turn|4\n|\n|t:|1681701712\n|switch|p2b: Flutter Mane|Flutter Mane, L50|100\/100\n|-activate|p2b: Flutter Mane|ability: Protosynthesis\n|-start|p2b: Flutter Mane|protosynthesisspe\n|-end|p2a: Iron Bundle|Quark Drive|[silent]\n|switch|p2a: Kingambit|Kingambit, L50, M|100\/100\n|move|p1b: Amoonguss|Spore|p2a: Kingambit\n|-status|p2a: Kingambit|slp|[from] move: Spore\n|move|p1a: Armarouge|Expanding Force|p2a: Kingambit|[spread] p2b\n|-immune|p2a: Kingambit\n|-damage|p2b: Flutter Mane|24\/100\n|-damage|p1a: Armarouge|37\/100|[from] item: Life Orb\n|\n|-weather|SunnyDay|[upkeep]\n|-heal|p1b: Amoonguss|97\/100|[from] item: Black Sludge\n|upkeep\n|turn|5\n|\n|t:|1681701732\n|move|p2b: Flutter Mane|Protect|p2b: Flutter Mane\n|-singleturn|p2b: Flutter Mane|Protect\n|cant|p2a: Kingambit|slp\n|move|p1b: Amoonguss|Spore|p2b: Flutter Mane\n|-activate|p2b: Flutter Mane|move: Protect\n|move|p1a: Armarouge|Armor Cannon|p2a: Kingambit\n|-supereffective|p2a: Kingambit\n|-damage|p2a: Kingambit|0 fnt\n|-unboost|p1a: Armarouge|def|1\n|-unboost|p1a: Armarouge|spd|1\n|faint|p2a: Kingambit\n|-damage|p1a: Armarouge|27\/100|[from] item: Life Orb\n|\n|-weather|SunnyDay|[upkeep]\n|-heal|p1b: Amoonguss|100\/100|[from] item: Black Sludge\n|-fieldend|move: Psychic Terrain\n|upkeep\n|\n|t:|1681701742\n|switch|p2a: Altaria|Altaria, L50, F|55\/100\n|-ability|p2a: Altaria|Cloud Nine\n|-end|p2b: Flutter Mane|Protosynthesis\n|turn|6\n|l|\u2606leoprosinpro\n|player|p2|\n|j|\u2606leoprosinpro\n|player|p2|leoprosinpro|norman\n|\n|t:|1681701793\n|move|p2b: Flutter Mane|Protect||[still]\n|-fail|p2b: Flutter Mane\n|move|p1b: Amoonguss|Spore|p2b: Flutter Mane\n|-status|p2b: Flutter Mane|slp|[from] move: Spore\n|move|p1a: Armarouge|Expanding Force|p2a: Altaria\n|-damage|p2a: Altaria|16\/100\n|-damage|p1a: Armarouge|17\/100|[from] item: Life Orb\n|move|p2a: Altaria|Draco Meteor|p1b: Amoonguss\n|-damage|p1b: Amoonguss|67\/100\n|-unboost|p2a: Altaria|spa|2\n|\n|-weather|none\n|-heal|p1b: Amoonguss|74\/100|[from] item: Black Sludge\n|-heal|p2a: Altaria|22\/100|[from] item: Leftovers\n|-fieldend|move: Trick Room\n|upkeep\n|turn|7\n|\n|t:|1681701823\n|move|p1b: Amoonguss|Rage Powder|p1b: Amoonguss\n|-singleturn|p1b: Amoonguss|move: Rage Powder\n|cant|p2b: Flutter Mane|slp\n|move|p2a: Altaria|Will-O-Wisp|p1b: Amoonguss\n|-status|p1b: Amoonguss|brn\n|move|p1a: Armarouge|Trick Room|p1a: Armarouge\n|-fieldstart|move: Trick Room|[of] p1a: Armarouge\n|\n|-heal|p1b: Amoonguss|80\/100 brn|[from] item: Black Sludge\n|-heal|p2a: Altaria|27\/100|[from] item: Leftovers\n|-damage|p1b: Amoonguss|74\/100 brn|[from] brn\n|upkeep\n|turn|8\n|\n|t:|1681701841\n|move|p2a: Altaria|Helping Hand|p2b: Flutter Mane\n|-singleturn|p2b: Flutter Mane|Helping Hand|[of] p2a: Altaria\n|move|p1b: Amoonguss|Pollen Puff|p1a: Armarouge\n|-heal|p1a: Armarouge|67\/100\n|move|p1a: Armarouge|Expanding Force|p2a: Altaria\n|-damage|p2a: Altaria|0 fnt\n|faint|p2a: Altaria\n|-damage|p1a: Armarouge|57\/100|[from] item: Life Orb\n|cant|p2b: Flutter Mane|slp\n|\n|-heal|p1b: Amoonguss|80\/100 brn|[from] item: Black Sludge\n|-damage|p1b: Amoonguss|74\/100 brn|[from] brn\n|upkeep\n|\n|t:|1681701848\n|switch|p2a: Iron Bundle|Iron Bundle, L50|72\/100\n|turn|9\n|\n|t:|1681701865\n|move|p2a: Iron Bundle|Protect|p2a: Iron Bundle\n|-singleturn|p2a: Iron Bundle|Protect\n|move|p1b: Amoonguss|Spore|p2a: Iron Bundle\n|-activate|p2a: Iron Bundle|move: Protect\n|move|p1a: Armarouge|Expanding Force|p2b: Flutter Mane\n|-damage|p2b: Flutter Mane|0 fnt\n|faint|p2b: Flutter Mane\n|-end|p2b: Flutter Mane|Protosynthesis|[silent]\n|-damage|p1a: Armarouge|47\/100|[from] item: Life Orb\n|\n|-heal|p1b: Amoonguss|80\/100 brn|[from] item: Black Sludge\n|-damage|p1b: Amoonguss|74\/100 brn|[from] brn\n|upkeep\n|turn|10\n|\n|t:|1681701883\n|-terastallize|p2a: Iron Bundle|Ice\n|move|p1b: Amoonguss|Spore|p2a: Iron Bundle\n|-status|p2a: Iron Bundle|slp|[from] move: Spore\n|move|p1a: Armarouge|Expanding Force|p2a: Iron Bundle\n|-damage|p2a: Iron Bundle|0 fnt\n|faint|p2a: Iron Bundle\n|-end|p2a: Iron Bundle|Quark Drive|[silent]\n|-damage|p1a: Armarouge|37\/100|[from] item: Life Orb\n|\n|win|Minimugs\n|raw|Minimugs's rating: 1066 → 1093<\/strong> (+27 for winning)\n|raw|leoprosinpro's rating: 1033 → 1019<\/strong> (-14 for losing)\n|l|\u2606leoprosinpro\n","uploadtime":1681701894,"views":7,"p1id":"minimugs","p2id":"leoprosinpro","formatid":"gen9vgc2023regulationc","rating":1019,"private":0,"password":""}