{"id":"gen9vgc2023regulationc-1859787461","p1":"bgcfranky","p2":"blankethog","format":"[Gen 9] VGC 2023 Regulation C","log":"|j|\u2606bgcfranky\n|j|\u2606blankethog\n|t:|1683564537\n|gametype|doubles\n|player|p1|bgcfranky|rocketgrunt|1216\n|player|p2|blankethog|102|1192\n|teamsize|p1|6\n|teamsize|p2|6\n|gen|9\n|tier|[Gen 9] VGC 2023 Regulation C\n|rated|\n|rule|Species Clause: Limit one of each Pok\u00e9mon\n|rule|Item Clause: Limit one of each item\n|clearpoke\n|poke|p1|Volcarona, L50, M|\n|poke|p1|Wo-Chien, L50|\n|poke|p1|Grimmsnarl, L50, M|\n|poke|p1|Iron Hands, L50|\n|poke|p1|Slowking, L50, M|\n|poke|p1|Salamence, L50, F|\n|poke|p2|Gallade, L50, M|\n|poke|p2|Chien-Pao, L50|\n|poke|p2|Dondozo, L50, F|\n|poke|p2|Tatsugiri-Droopy, L50, M|\n|poke|p2|Flutter Mane, L50|\n|poke|p2|Amoonguss, L50, M|\n|teampreview|4\n|inactive|Battle timer is ON: inactive players will automatically lose when time's up. (requested by blankethog)\n|inactive|bgcfranky has 60 seconds left.\n|\n|t:|1683564588\n|start\n|switch|p1a: Slowking|Slowking, L50, M|100\/100\n|switch|p1b: Grimmsnarl|Grimmsnarl, L50, M, shiny|100\/100\n|switch|p2a: Chien-Pao|Chien-Pao, L50|100\/100\n|switch|p2b: Gallade|Gallade, L50, M|100\/100\n|-ability|p2a: Chien-Pao|Sword of Ruin\n|turn|1\n|\n|t:|1683564612\n|move|p2a: Chien-Pao|Protect|p2a: Chien-Pao\n|-singleturn|p2a: Chien-Pao|Protect\n|move|p1b: Grimmsnarl|Fake Out|p2b: Gallade\n|-crit|p2b: Gallade\n|-damage|p2b: Gallade|62\/100\n|cant|p2b: Gallade|flinch\n|move|p1a: Slowking|Trick Room|p1a: Slowking\n|-fieldstart|move: Trick Room|[of] p1a: Slowking\n|\n|upkeep\n|turn|2\n|\n|t:|1683564631\n|switch|p2b: Dondozo|Dondozo, L50, F|100\/100\n|-terastallize|p1a: Slowking|Water\n|move|p1b: Grimmsnarl|Sucker Punch||[still]\n|-fail|p1b: Grimmsnarl\n|move|p1a: Slowking|Hydro Pump|p2a: Chien-Pao|[miss]\n|-miss|p1a: Slowking|p2a: Chien-Pao\n|move|p2a: Chien-Pao|Ice Spinner|p1b: Grimmsnarl\n|-crit|p1b: Grimmsnarl\n|-damage|p1b: Grimmsnarl|13\/100\n|\n|upkeep\n|turn|3\n|\n|t:|1683564650\n|move|p2a: Chien-Pao|Protect|p2a: Chien-Pao\n|-singleturn|p2a: Chien-Pao|Protect\n|move|p1b: Grimmsnarl|Parting Shot|p2b: Dondozo\n|-unboost|p2b: Dondozo|atk|1\n|-unboost|p2b: Dondozo|spa|1\n|\n|t:|1683564658\n|switch|p1b: Wo-Chien|Wo-Chien, L50|100\/100|[from] Parting Shot\n|-ability|p1b: Wo-Chien|Tablets of Ruin\n|move|p1a: Slowking|Hydro Pump|p2a: Chien-Pao\n|-activate|p2a: Chien-Pao|move: Protect\n|move|p2b: Dondozo|Wave Crash|p1b: Wo-Chien\n|-resisted|p1b: Wo-Chien\n|-damage|p1b: Wo-Chien|92\/100\n|-damage|p2b: Dondozo|98\/100|[from] Recoil\n|\n|-heal|p2b: Dondozo|100\/100|[from] item: Leftovers\n|upkeep\n|turn|4\n|\n|t:|1683564680\n|switch|p2b: Gallade|Gallade, L50, M|62\/100\n|switch|p1b: Volcarona|Volcarona, L50, M|100\/100\n|switch|p2a: Tatsugiri|Tatsugiri-Droopy, L50, M|100\/100\n|move|p1a: Slowking|Hydro Pump|p2a: Tatsugiri\n|-resisted|p2a: Tatsugiri\n|-damage|p2a: Tatsugiri|82\/100\n|\n|upkeep\n|turn|5\n|inactive|bgcfranky has 30 seconds left.\n|\n|t:|1683564706\n|switch|p1b: Wo-Chien|Wo-Chien, L50|92\/100\n|-ability|p1b: Wo-Chien|Tablets of Ruin\n|move|p1a: Slowking|Hydro Pump|p2b: Gallade\n|-crit|p2b: Gallade\n|-damage|p2b: Gallade|0 fnt\n|faint|p2b: Gallade\n|move|p2a: Tatsugiri|Surf|p1b: Wo-Chien|[spread] p1a,p1b\n|-resisted|p1a: Slowking\n|-resisted|p1b: Wo-Chien\n|-damage|p1a: Slowking|89\/100\n|-damage|p1b: Wo-Chien|84\/100\n|\n|-fieldend|move: Trick Room\n|upkeep\n|\n|t:|1683564715\n|switch|p2b: Chien-Pao|Chien-Pao, L50|100\/100\n|-ability|p2b: Chien-Pao|Sword of Ruin\n|turn|6\n|\n|t:|1683564728\n|switch|p1b: Grimmsnarl|Grimmsnarl, L50, M, shiny|13\/100\n|move|p2b: Chien-Pao|Ice Spinner|p1b: Grimmsnarl\n|-damage|p1b: Grimmsnarl|0 fnt\n|faint|p1b: Grimmsnarl\n|move|p2a: Tatsugiri|Draco Meteor|p1a: Slowking\n|-damage|p1a: Slowking|46\/100\n|-unboost|p2a: Tatsugiri|spa|2\n|move|p1a: Slowking|Trick Room|p1a: Slowking\n|-fieldstart|move: Trick Room|[of] p1a: Slowking\n|\n|upkeep\n|\n|t:|1683564743\n|switch|p1b: Wo-Chien|Wo-Chien, L50|84\/100\n|-ability|p1b: Wo-Chien|Tablets of Ruin\n|turn|7\n|\n|t:|1683564757\n|switch|p2a: Dondozo|Dondozo, L50, F|100\/100\n|move|p2b: Chien-Pao|Sucker Punch|p1a: Slowking\n|-damage|p1a: Slowking|14\/100\n|move|p1a: Slowking|Hydro Pump|p2b: Chien-Pao\n|-enditem|p2b: Chien-Pao|Focus Sash\n|-damage|p2b: Chien-Pao|1\/100\n|move|p1b: Wo-Chien|Pollen Puff|p1a: Slowking\n|-heal|p1a: Slowking|64\/100\n|\n|upkeep\n|turn|8\n|\n|t:|1683564777\n|switch|p2b: Tatsugiri|Tatsugiri-Droopy, L50, M|82\/100\n|-activate|p2b: Tatsugiri|ability: Commander|[of] p2a: Dondozo\n|-boost|p2a: Dondozo|atk|2\n|-boost|p2a: Dondozo|spa|2\n|-boost|p2a: Dondozo|spe|2\n|-boost|p2a: Dondozo|def|2\n|-boost|p2a: Dondozo|spd|2\n|move|p1a: Slowking|Protect|p1a: Slowking\n|-singleturn|p1a: Slowking|Protect\n|move|p1b: Wo-Chien|Ruination|p2a: Dondozo\n|-damage|p2a: Dondozo|51\/100\n|move|p2a: Dondozo|Order Up|p1a: Slowking\n|-activate|p1a: Slowking|move: Protect\n|\n|-heal|p2a: Dondozo|57\/100|[from] item: Leftovers\n|upkeep\n|turn|9\n|\n|t:|1683564802\n|switch|p1a: Volcarona|Volcarona, L50, M|100\/100\n|move|p1b: Wo-Chien|Ruination|p2a: Dondozo|[miss]\n|-miss|p1b: Wo-Chien|p2a: Dondozo\n|move|p2a: Dondozo|Order Up|p1a: Volcarona\n|-damage|p1a: Volcarona|71\/100\n|-boost|p2a: Dondozo|def|1\n|\n|-heal|p2a: Dondozo|63\/100|[from] item: Leftovers\n|upkeep\n|turn|10\n|\n|t:|1683564819\n|move|p1a: Volcarona|Protect|p1a: Volcarona\n|-singleturn|p1a: Volcarona|Protect\n|move|p1b: Wo-Chien|Ruination|p2a: Dondozo\n|-damage|p2a: Dondozo|32\/100\n|move|p2a: Dondozo|Wave Crash|p1a: Volcarona\n|-activate|p1a: Volcarona|move: Protect\n|\n|-heal|p2a: Dondozo|38\/100|[from] item: Leftovers\n|-fieldend|move: Trick Room\n|upkeep\n|turn|11\n|\n|t:|1683564837\n|switch|p1a: Slowking|Slowking, L50, M, tera:Water|97\/100\n|move|p2a: Dondozo|Wave Crash|p1a: Slowking\n|-resisted|p1a: Slowking\n|-damage|p1a: Slowking|69\/100\n|-damage|p2a: Dondozo|31\/100|[from] Recoil\n|move|p1b: Wo-Chien|Knock Off|p2a: Dondozo\n|-damage|p2a: Dondozo|24\/100\n|-enditem|p2a: Dondozo|Leftovers|[from] move: Knock Off|[of] p1b: Wo-Chien\n|\n|upkeep\n|turn|12\n|\n|t:|1683564855\n|move|p2a: Dondozo|Rest|p2a: Dondozo\n|-status|p2a: Dondozo|slp|[from] move: Rest\n|-heal|p2a: Dondozo|100\/100 slp|[silent]\n|move|p1b: Wo-Chien|Pollen Puff|p1a: Slowking\n|-heal|p1a: Slowking|100\/100\n|move|p1a: Slowking|Trick Room|p1a: Slowking\n|-fieldstart|move: Trick Room|[of] p1a: Slowking\n|\n|upkeep\n|turn|13\n|\n|t:|1683564878\n|move|p1a: Slowking|Protect|p1a: Slowking\n|-singleturn|p1a: Slowking|Protect\n|move|p1b: Wo-Chien|Ruination|p2a: Dondozo\n|-damage|p2a: Dondozo|51\/100 slp\n|cant|p2a: Dondozo|slp\n|move|p2a: Dondozo|Sleep Talk|p2a: Dondozo\n|move|p2a: Dondozo|Wave Crash|p1a: Slowking|[from]move: Sleep Talk\n|-activate|p1a: Slowking|move: Protect\n|\n|upkeep\n|turn|14\n|\n|t:|1683564899\n|move|p1a: Slowking|Hydro Pump|p2a: Dondozo\n|-resisted|p2a: Dondozo\n|-damage|p2a: Dondozo|36\/100 slp\n|move|p1b: Wo-Chien|Ruination|p2a: Dondozo\n|-damage|p2a: Dondozo|18\/100 slp\n|cant|p2a: Dondozo|slp\n|move|p2a: Dondozo|Sleep Talk|p2a: Dondozo\n|move|p2a: Dondozo|Wave Crash|p1b: Wo-Chien|[from]move: Sleep Talk\n|-resisted|p1b: Wo-Chien\n|-damage|p1b: Wo-Chien|64\/100\n|-damage|p2a: Dondozo|13\/100 slp|[from] Recoil\n|\n|upkeep\n|turn|15\n|\n|t:|1683564918\n|move|p1a: Slowking|Hydro Pump|p2a: Dondozo\n|-resisted|p2a: Dondozo\n|-damage|p2a: Dondozo|0 fnt\n|faint|p2a: Dondozo\n|move|p1b: Wo-Chien|Knock Off|p2b: Tatsugiri\n|-damage|p2b: Tatsugiri|39\/100\n|-enditem|p2b: Tatsugiri|Aguav Berry|[from] move: Knock Off|[of] p1b: Wo-Chien\n|\n|upkeep\n|\n|t:|1683564922\n|switch|p2a: Chien-Pao|Chien-Pao, L50|1\/100\n|-ability|p2a: Chien-Pao|Sword of Ruin\n|turn|16\n|inactive|bgcfranky has 30 seconds left.\n|\n|t:|1683564955\n|switch|p1b: Volcarona|Volcarona, L50, M|71\/100\n|move|p2a: Chien-Pao|Protect|p2a: Chien-Pao\n|-singleturn|p2a: Chien-Pao|Protect\n|move|p1a: Slowking|Hydro Pump|p2a: Chien-Pao\n|-activate|p2a: Chien-Pao|move: Protect\n|move|p2b: Tatsugiri|Substitute|p2b: Tatsugiri\n|-start|p2b: Tatsugiri|Substitute\n|-damage|p2b: Tatsugiri|14\/100\n|\n|-fieldend|move: Trick Room\n|upkeep\n|turn|17\n|inactive|bgcfranky has 30 seconds left.\n|inactive|bgcfranky has 20 seconds left.\n|inactive|bgcfranky has 15 seconds left.\n|\n|t:|1683564995\n|switch|p1b: Wo-Chien|Wo-Chien, L50|64\/100\n|-ability|p1b: Wo-Chien|Tablets of Ruin\n|-terastallize|p2b: Tatsugiri|Water\n|move|p2a: Chien-Pao|Sucker Punch||[still]\n|-fail|p2a: Chien-Pao\n|move|p2b: Tatsugiri|Surf|p1a: Slowking|[spread] p2a,p1a,p1b\n|-resisted|p1a: Slowking\n|-resisted|p1b: Wo-Chien\n|-damage|p2a: Chien-Pao|0 fnt\n|-damage|p1a: Slowking|85\/100\n|-damage|p1b: Wo-Chien|54\/100\n|faint|p2a: Chien-Pao\n|move|p1a: Slowking|Heal Pulse|p1b: Wo-Chien\n|-heal|p1b: Wo-Chien|100\/100\n|\n|upkeep\n|turn|18\n|-message|blankethog forfeited.\n|\n|win|bgcfranky\n|raw|bgcfranky's rating: 1216 → 1239<\/strong> (+23 for winning)\n|raw|blankethog's rating: 1192 → 1169<\/strong> (-23 for losing)\n|l|\u2606blankethog\n","uploadtime":1683565021,"views":10,"p1id":"bgcfranky","p2id":"blankethog","formatid":"gen9vgc2023regulationc","rating":1169,"private":0,"password":""}