{"id":"gen9vgc2023regulationc-1851395303","p1":"PR0J3CT Nub","p2":"RaRaY77","format":"[Gen 9] VGC 2023 Regulation C","log":"|j|\u2606PR0J3CT Nub\n|j|\u2606RaRaY77\n|t:|1682441682\n|gametype|doubles\n|player|p1|PR0J3CT Nub|1|1120\n|player|p2|RaRaY77|n|1113\n|teamsize|p1|6\n|teamsize|p2|6\n|gen|9\n|tier|[Gen 9] VGC 2023 Regulation C\n|rated|\n|rule|Species Clause: Limit one of each Pok\u00e9mon\n|rule|Item Clause: Limit one of each item\n|clearpoke\n|poke|p1|Tyranitar, L50, M|\n|poke|p1|Flutter Mane, L50|\n|poke|p1|Palafin, L50, M|\n|poke|p1|Arcanine, L50, F|\n|poke|p1|Corviknight, L50, M|\n|poke|p1|Gastrodon, L50, F|\n|poke|p2|Grimmsnarl, L50, M|\n|poke|p2|Arcanine, L50, M|\n|poke|p2|Ting-Lu, L50|\n|poke|p2|Dragapult, L50, M|\n|poke|p2|Palafin, L50, M|\n|poke|p2|Klefki, L50, F|\n|teampreview|4\n|inactive|Battle timer is ON: inactive players will automatically lose when time's up. (requested by PR0J3CT Nub)\n|\n|t:|1682441711\n|start\n|switch|p1a: Corviknight|Corviknight, L50, M|100\/100\n|switch|p1b: Gastrodon|Gastrodon, L50, F|100\/100\n|switch|p2a: Mr.Grim|Grimmsnarl, L50, M|100\/100\n|switch|p2b: Euphoria|Klefki, L50, F, shiny|100\/100\n|turn|1\n|\n|t:|1682441729\n|move|p2b: Euphoria|Thunder Wave|p1a: Corviknight\n|-status|p1a: Corviknight|par\n|move|p2a: Mr.Grim|Taunt|p1a: Corviknight\n|-start|p1a: Corviknight|move: Taunt\n|move|p1b: Gastrodon|Earth Power|p2b: Euphoria\n|-supereffective|p2b: Euphoria\n|-damage|p2b: Euphoria|35\/100\n|cant|p1a: Corviknight|move: Taunt|Bulk Up\n|\n|upkeep\n|turn|2\n|inactive|RaRaY77 has 30 seconds left.\n|\n|t:|1682441762\n|move|p2b: Euphoria|Protect|p2b: Euphoria\n|-singleturn|p2b: Euphoria|Protect\n|move|p2a: Mr.Grim|Reflect|p2a: Mr.Grim\n|-sidestart|p2: RaRaY77|Reflect\n|move|p1b: Gastrodon|Earth Power|p2b: Euphoria\n|-activate|p2b: Euphoria|move: Protect\n|cant|p1a: Corviknight|par\n|\n|upkeep\n|turn|3\n|l|\u2606PR0J3CT Nub\n|inactive|PR0J3CT Nub disconnected and has a minute to reconnect!\n|player|p1|\n|inactive|PR0J3CT Nub has 30 seconds left.\n|inactive|PR0J3CT Nub has 20 seconds left.\n|inactive|PR0J3CT Nub has 15 seconds left.\n|inactive|PR0J3CT Nub has 10 seconds left.\n|inactive|PR0J3CT Nub has 5 seconds left.\n|j|\u2606PR0J3CT Nub\n|inactive|PR0J3CT Nub reconnected and has 5 seconds left.\n|player|p1|PR0J3CT Nub|1\n|\n|t:|1682441817\n|-terastallize|p2b: Euphoria|Flying\n|move|p2a: Mr.Grim|Light Screen|p2a: Mr.Grim\n|-sidestart|p2: RaRaY77|move: Light Screen\n|move|p2b: Euphoria|Dazzling Gleam|p1b: Gastrodon|[spread] p1a,p1b\n|-resisted|p1a: Corviknight\n|-damage|p1a: Corviknight|93\/100 par\n|-damage|p1b: Gastrodon|85\/100\n|move|p1b: Gastrodon|Recover|p1b: Gastrodon\n|-heal|p1b: Gastrodon|100\/100\n|move|p1a: Corviknight|Brave Bird|p2b: Euphoria\n|-damage|p2b: Euphoria|10\/100\n|-damage|p1a: Corviknight|87\/100 par|[from] Recoil\n|\n|-heal|p1a: Corviknight|93\/100 par|[from] item: Leftovers\n|-end|p1a: Corviknight|move: Taunt\n|upkeep\n|turn|4\n|inactive|RaRaY77 has 30 seconds left.\n|\n|t:|1682441842\n|switch|p2b: Kunigami|Palafin, L50, M, shiny|100\/100\n|move|p2a: Mr.Grim|Taunt|p1a: Corviknight\n|-start|p1a: Corviknight|move: Taunt\n|move|p1b: Gastrodon|Earth Power|p2a: Mr.Grim\n|-damage|p2a: Mr.Grim|87\/100\n|move|p1a: Corviknight|Iron Head|p2a: Mr.Grim\n|-supereffective|p2a: Mr.Grim\n|-crit|p2a: Mr.Grim\n|-damage|p2a: Mr.Grim|0 fnt\n|faint|p2a: Mr.Grim\n|\n|-heal|p1a: Corviknight|99\/100 par|[from] item: Leftovers\n|upkeep\n|\n|t:|1682441856\n|switch|p2a: Father to two|Dragapult, L50, M, shiny|100\/100\n|turn|5\n|\n|t:|1682441869\n|detailschange|p2b: Kunigami|Palafin-Hero, L50, M, shiny\n|switch|p2b: Euphoria|Klefki, L50, F, shiny, tera:Flying|10\/100\n|move|p2a: Father to two|Phantom Force||[still]\n|-prepare|p2a: Father to two|Phantom Force\n|move|p1b: Gastrodon|Ice Beam|p2a: Father to two|[miss]\n|-miss|p1b: Gastrodon|p2a: Father to two\n|move|p1a: Corviknight|Iron Head|p2a: Father to two|[miss]\n|-miss|p1a: Corviknight|p2a: Father to two\n|\n|-heal|p1a: Corviknight|100\/100 par|[from] item: Leftovers\n|upkeep\n|turn|6\n|\n|t:|1682441889\n|move|p2b: Euphoria|Protect|p2b: Euphoria\n|-singleturn|p2b: Euphoria|Protect\n|move|p2a: Father to two|Phantom Force|p1b: Gastrodon|[from]lockedmove\n|-damage|p1b: Gastrodon|49\/100\n|-damage|p2a: Father to two|91\/100|[from] item: Life Orb\n|move|p1b: Gastrodon|Ice Beam|p2b: Euphoria\n|-activate|p2b: Euphoria|move: Protect\n|move|p1a: Corviknight|Iron Head|p2a: Father to two\n|-damage|p2a: Father to two|63\/100\n|\n|-end|p1a: Corviknight|move: Taunt\n|upkeep\n|turn|7\n|inactive|RaRaY77 has 30 seconds left.\n|\n|t:|1682441922\n|move|p2b: Euphoria|Rain Dance|p2b: Euphoria\n|-weather|RainDance\n|move|p2a: Father to two|Phantom Force||[still]\n|-prepare|p2a: Father to two|Phantom Force\n|move|p1b: Gastrodon|Recover|p1b: Gastrodon\n|-heal|p1b: Gastrodon|99\/100\n|cant|p1a: Corviknight|par\n|\n|-weather|RainDance|[upkeep]\n|upkeep\n|turn|8\n|\n|t:|1682441937\n|move|p2b: Euphoria|Protect|p2b: Euphoria\n|-singleturn|p2b: Euphoria|Protect\n|move|p2a: Father to two|Phantom Force|p1b: Gastrodon|[from]lockedmove\n|-damage|p1b: Gastrodon|50\/100\n|-damage|p2a: Father to two|53\/100|[from] item: Life Orb\n|move|p1b: Gastrodon|Ice Beam|p2a: Father to two\n|-supereffective|p2a: Father to two\n|-damage|p2a: Father to two|15\/100\n|move|p1a: Corviknight|Iron Head|p2a: Father to two\n|-damage|p2a: Father to two|0 fnt\n|faint|p2a: Father to two\n|\n|-weather|RainDance|[upkeep]\n|upkeep\n|-message|RaRaY77 forfeited.\n|\n|win|PR0J3CT Nub\n|raw|PR0J3CT Nub's rating: 1120 → 1144<\/strong> (+24 for winning)\n|raw|RaRaY77's rating: 1113 → 1089<\/strong> (-24 for losing)\n|l|\u2606RaRaY77\n","uploadtime":1682441996,"views":5,"p1id":"pr0j3ctnub","p2id":"raray77","formatid":"gen9vgc2023regulationc","rating":1089,"private":0,"password":""}