{"id":"gen9vgc2023regulationc-1846359482","p1":"sunaddicted","p2":"Lewlo","format":"[Gen 9] VGC 2023 Regulation C","log":"|j|\u2606sunaddicted\n|j|\u2606Lewlo\n|t:|1681834539\n|gametype|doubles\n|player|p1|sunaddicted|benga|1264\n|player|p2|Lewlo|pokemonbreeder-gen4|1246\n|teamsize|p1|6\n|teamsize|p2|6\n|gen|9\n|tier|[Gen 9] VGC 2023 Regulation C\n|rated|\n|rule|Species Clause: Limit one of each Pok\u00e9mon\n|rule|Item Clause: Limit one of each item\n|clearpoke\n|poke|p1|Ting-Lu, L50|\n|poke|p1|Amoonguss, L50, F|\n|poke|p1|Arcanine, L50, M|\n|poke|p1|Palafin, L50, F|\n|poke|p1|Baxcalibur, L50, M|\n|poke|p1|Flutter Mane, L50|\n|poke|p2|Azumarill, L50, M|\n|poke|p2|Arcanine, L50, M|\n|poke|p2|Flutter Mane, L50|\n|poke|p2|Amoonguss, L50, F|\n|poke|p2|Grimmsnarl, L50, M|\n|poke|p2|Ting-Lu, L50|\n|teampreview|4\n|inactive|Battle timer is ON: inactive players will automatically lose when time's up. (requested by Lewlo)\nLewlo has agreed to open team sheets.\nsunaddicted has agreed to open team sheets.\n|inactive|sunaddicted has 60 seconds left.\n|inactive|Lewlo has 60 seconds left.\n|inactive|Lewlo has 30 seconds left.\n|inactive|Lewlo has 20 seconds left.\n|\n|t:|1681834611\n|start\n|switch|p1a: Flutter Mane|Flutter Mane, L50|100\/100\n|switch|p1b: Amoonguss|Amoonguss, L50, F|100\/100\n|switch|p2a: Arcanine|Arcanine, L50, M|100\/100\n|switch|p2b: Flutter Mane|Flutter Mane, L50|100\/100\n|-ability|p2a: Arcanine|Intimidate|boost\n|-unboost|p1a: Flutter Mane|atk|1\n|-unboost|p1b: Amoonguss|atk|1\n|-enditem|p1a: Flutter Mane|Booster Energy\n|-activate|p1a: Flutter Mane|ability: Protosynthesis|[fromitem]\n|-start|p1a: Flutter Mane|protosynthesisspa\n|-enditem|p2b: Flutter Mane|Booster Energy\n|-activate|p2b: Flutter Mane|ability: Protosynthesis|[fromitem]\n|-start|p2b: Flutter Mane|protosynthesisspa\n|turn|1\n|inactive|Lewlo has 30 seconds left.\n|inactive|Lewlo has 20 seconds left.\n|inactive|Lewlo has 15 seconds left.\n|\n|t:|1681834651\n|-terastallize|p1b: Amoonguss|Water\n|move|p1a: Flutter Mane|Protect|p1a: Flutter Mane\n|-singleturn|p1a: Flutter Mane|Protect\n|move|p2a: Arcanine|Flare Blitz|p1b: Amoonguss\n|-resisted|p1b: Amoonguss\n|-crit|p1b: Amoonguss\n|-damage|p1b: Amoonguss|61\/100\n|-damage|p2a: Arcanine|86\/100|[from] Recoil\n|move|p1b: Amoonguss|Spore|p2b: Flutter Mane\n|-status|p2b: Flutter Mane|slp|[from] move: Spore\n|cant|p2b: Flutter Mane|slp\n|\n|upkeep\n|turn|2\n|\n|t:|1681834673\n|-end|p2b: Flutter Mane|Protosynthesis|[silent]\n|switch|p2b: Erm Kinda cringe|Ting-Lu, L50|100\/100\n|-ability|p2b: Erm Kinda cringe|Vessel of Ruin\n|switch|p1b: Palafin|Palafin, L50, F|100\/100\n|move|p1a: Flutter Mane|Shadow Ball|p2b: Erm Kinda cringe\n|-resisted|p2b: Erm Kinda cringe\n|-damage|p2b: Erm Kinda cringe|84\/100\n|move|p2a: Arcanine|Howl|p2a: Arcanine|[spread] p2a,p2b\n|-boost|p2a: Arcanine|atk|1\n|-boost|p2b: Erm Kinda cringe|atk|1\n|\n|upkeep\n|turn|3\n|\n|t:|1681834696\n|switch|p2a: Flutter Mane|Flutter Mane, L50|100\/100 slp\n|detailschange|p1b: Palafin|Palafin-Hero, L50, F\n|switch|p1b: Arcanine|Arcanine, L50, M|100\/100\n|-ability|p1b: Arcanine|Intimidate|boost\n|-unboost|p2a: Flutter Mane|atk|1\n|-unboost|p2b: Erm Kinda cringe|atk|1\n|move|p1a: Flutter Mane|Protect|p1a: Flutter Mane\n|-singleturn|p1a: Flutter Mane|Protect\n|move|p2b: Erm Kinda cringe|Heavy Slam|p1a: Flutter Mane\n|-activate|p1a: Flutter Mane|move: Protect\n|\n|upkeep\n|turn|4\n|\n|t:|1681834717\n|move|p1a: Flutter Mane|Dazzling Gleam|p2b: Erm Kinda cringe|[spread] p2a,p2b\n|-supereffective|p2b: Erm Kinda cringe\n|-damage|p2a: Flutter Mane|72\/100 slp\n|-damage|p2b: Erm Kinda cringe|38\/100\n|move|p1b: Arcanine|Flare Blitz|p2a: Flutter Mane\n|-crit|p2a: Flutter Mane\n|-damage|p2a: Flutter Mane|0 fnt\n|faint|p2a: Flutter Mane\n|-end|p2a: Flutter Mane|Protosynthesis|[silent]\n|-damage|p1b: Arcanine|83\/100|[from] Recoil\n|move|p2b: Erm Kinda cringe|Heavy Slam|p1a: Flutter Mane\n|-supereffective|p1a: Flutter Mane\n|-damage|p1a: Flutter Mane|12\/100\n|\n|upkeep\n|\n|t:|1681834727\n|switch|p2a: Azumarill|Azumarill, L50, M|100\/100\n|turn|5\n|\n|t:|1681834739\n|switch|p1b: Amoonguss|Amoonguss, L50, F, tera:Water|95\/100\n|move|p1a: Flutter Mane|Protect|p1a: Flutter Mane\n|-singleturn|p1a: Flutter Mane|Protect\n|move|p2a: Azumarill|Protect|p2a: Azumarill\n|-singleturn|p2a: Azumarill|Protect\n|move|p2b: Erm Kinda cringe|Taunt|p1b: Amoonguss\n|-start|p1b: Amoonguss|move: Taunt\n|\n|upkeep\n|turn|6\n|\n|t:|1681834761\n|-end|p1a: Flutter Mane|Protosynthesis|[silent]\n|switch|p1a: Arcanine|Arcanine, L50, M|83\/100\n|-ability|p1a: Arcanine|Intimidate|boost\n|-unboost|p2a: Azumarill|atk|1\n|-unboost|p2b: Erm Kinda cringe|atk|1\n|move|p2a: Azumarill|Aqua Jet|p1a: Arcanine\n|-supereffective|p1a: Arcanine\n|-damage|p1a: Arcanine|50\/100\n|move|p2b: Erm Kinda cringe|Fissure|p1b: Amoonguss|[miss]\n|-miss|p2b: Erm Kinda cringe|p1b: Amoonguss\n|move|p1b: Amoonguss|Pollen Puff|p1a: Arcanine\n|-heal|p1a: Arcanine|99\/100\n|\n|upkeep\n|turn|7\n|\n|t:|1681834782\n|switch|p2a: Arcanine|Arcanine, L50, M|86\/100\n|-ability|p2a: Arcanine|Intimidate|boost\n|-unboost|p1a: Arcanine|atk|1\n|-unboost|p1b: Amoonguss|atk|1\n|move|p1a: Arcanine|Flare Blitz|p2b: Erm Kinda cringe\n|-damage|p2b: Erm Kinda cringe|23\/100\n|-damage|p1a: Arcanine|93\/100|[from] Recoil\n|move|p2b: Erm Kinda cringe|Fissure|p1b: Amoonguss|[miss]\n|-miss|p2b: Erm Kinda cringe|p1b: Amoonguss\n|move|p1b: Amoonguss|Pollen Puff|p1a: Arcanine\n|-heal|p1a: Arcanine|100\/100\n|\n|-end|p1b: Amoonguss|move: Taunt\n|upkeep\n|turn|8\n|\n|t:|1681834806\n|move|p1b: Amoonguss|Protect|p1b: Amoonguss\n|-singleturn|p1b: Amoonguss|Protect\n|move|p2a: Arcanine|Howl|p2a: Arcanine|[spread] p2a,p2b\n|-boost|p2a: Arcanine|atk|1\n|-boost|p2b: Erm Kinda cringe|atk|1\n|move|p1a: Arcanine|Will-O-Wisp|p2b: Erm Kinda cringe\n|-status|p2b: Erm Kinda cringe|brn\n|-enditem|p2b: Erm Kinda cringe|Lum Berry|[eat]\n|-curestatus|p2b: Erm Kinda cringe|brn|[msg]\n|move|p2b: Erm Kinda cringe|Taunt|p1b: Amoonguss\n|-activate|p1b: Amoonguss|move: Protect\n|\n|upkeep\n|turn|9\n|\n|t:|1681834828\n|move|p1b: Amoonguss|Rage Powder|p1b: Amoonguss\n|-singleturn|p1b: Amoonguss|move: Rage Powder\n|move|p2a: Arcanine|Howl|p2a: Arcanine|[spread] p2a,p2b\n|-boost|p2a: Arcanine|atk|1\n|-boost|p2b: Erm Kinda cringe|atk|1\n|move|p1a: Arcanine|Will-O-Wisp|p2b: Erm Kinda cringe\n|-status|p2b: Erm Kinda cringe|brn\n|move|p2b: Erm Kinda cringe|Taunt|p1b: Amoonguss\n|-start|p1b: Amoonguss|move: Taunt\n|\n|-damage|p2b: Erm Kinda cringe|17\/100 brn|[from] brn\n|upkeep\n|turn|10\n|\n|t:|1681834851\n|switch|p1b: Flutter Mane|Flutter Mane, L50|12\/100\n|move|p1a: Arcanine|Protect|p1a: Arcanine\n|-singleturn|p1a: Arcanine|Protect\n|move|p2a: Arcanine|Howl|p2a: Arcanine|[spread] p2a,p2b\n|-boost|p2a: Arcanine|atk|1\n|-boost|p2b: Erm Kinda cringe|atk|1\n|move|p2b: Erm Kinda cringe|Fissure|p1b: Flutter Mane|[miss]\n|-miss|p2b: Erm Kinda cringe|p1b: Flutter Mane\n|\n|-damage|p2b: Erm Kinda cringe|11\/100 brn|[from] brn\n|upkeep\n|turn|11\n|\n|t:|1681834871\n|-terastallize|p2a: Arcanine|Normal\n|move|p2b: Erm Kinda cringe|Protect|p2b: Erm Kinda cringe\n|-singleturn|p2b: Erm Kinda cringe|Protect\n|move|p2a: Arcanine|Extreme Speed|p1a: Arcanine\n|-damage|p1a: Arcanine|5\/100\n|move|p1a: Arcanine|Extreme Speed|p2b: Erm Kinda cringe\n|-activate|p2b: Erm Kinda cringe|move: Protect\n|move|p1b: Flutter Mane|Shadow Ball|p2a: Arcanine\n|-immune|p2a: Arcanine\n|\n|-damage|p2b: Erm Kinda cringe|5\/100 brn|[from] brn\n|upkeep\n|turn|12\n|\n|t:|1681834892\n|move|p1a: Arcanine|Protect|p1a: Arcanine\n|-singleturn|p1a: Arcanine|Protect\n|move|p2a: Arcanine|Extreme Speed|p1a: Arcanine\n|-activate|p1a: Arcanine|move: Protect\n|move|p1b: Flutter Mane|Dazzling Gleam|p2b: Erm Kinda cringe|[spread] p2a,p2b\n|-supereffective|p2b: Erm Kinda cringe\n|-damage|p2a: Arcanine|63\/100\n|-damage|p2b: Erm Kinda cringe|0 fnt\n|faint|p2b: Erm Kinda cringe\n|\n|upkeep\n|\n|t:|1681834899\n|switch|p2b: Azumarill|Azumarill, L50, M|100\/100\n|turn|13\n|inactive|sunaddicted has 30 seconds left.\n|\n|t:|1681834927\n|move|p2a: Arcanine|Extreme Speed|p1a: Arcanine\n|-damage|p1a: Arcanine|0 fnt\n|faint|p1a: Arcanine\n|move|p2b: Azumarill|Aqua Jet|p1b: Flutter Mane\n|-crit|p1b: Flutter Mane\n|-damage|p1b: Flutter Mane|0 fnt\n|faint|p1b: Flutter Mane\n|-end|p1b: Flutter Mane|Protosynthesis|[silent]\n|\n|upkeep\n|\n|t:|1681834935\n|switch|p1b: Palafin|Palafin-Hero, L50, F|100\/100\n|switch|p1a: Amoonguss|Amoonguss, L50, F, tera:Water|100\/100\n|-activate|p1b: Palafin|ability: Zero to Hero\n|turn|14\n|\n|t:|1681834956\n|move|p2a: Arcanine|Howl|p2a: Arcanine|[spread] p2a,p2b\n|-boost|p2a: Arcanine|atk|1\n|-boost|p2b: Azumarill|atk|1\n|move|p1b: Palafin|Haze|p1b: Palafin\n|-clearallboost\n|move|p1a: Amoonguss|Spore|p2b: Azumarill\n|-status|p2b: Azumarill|slp|[from] move: Spore\n|cant|p2b: Azumarill|slp\n|\n|upkeep\n|turn|15\n|\n|t:|1681834970\n|move|p2a: Arcanine|Extreme Speed|p1a: Amoonguss\n|-damage|p1a: Amoonguss|69\/100\n|move|p1b: Palafin|Wave Crash|p2a: Arcanine\n|-damage|p2a: Arcanine|0 fnt\n|faint|p2a: Arcanine\n|-damage|p1b: Palafin|81\/100|[from] Recoil\n|move|p1a: Amoonguss|Pollen Puff|p1b: Palafin\n|-heal|p1b: Palafin|100\/100\n|cant|p2b: Azumarill|slp\n|\n|upkeep\n|turn|16\n|c|\u2606Lewlo|gg\n|c|\u2606sunaddicted|GG\n|\n|t:|1681834991\n|move|p1a: Amoonguss|Rage Powder|p1a: Amoonguss\n|-singleturn|p1a: Amoonguss|move: Rage Powder\n|move|p1b: Palafin|Jet Punch|p2b: Azumarill\n|-resisted|p2b: Azumarill\n|-damage|p2b: Azumarill|77\/100 slp\n|cant|p2b: Azumarill|slp\n|\n|-heal|p2b: Azumarill|83\/100 slp|[from] item: Leftovers\n|upkeep\n|turn|17\n|\n|t:|1681835009\n|move|p1a: Amoonguss|Rage Powder|p1a: Amoonguss\n|-singleturn|p1a: Amoonguss|move: Rage Powder\n|move|p1b: Palafin|Wave Crash|p2b: Azumarill\n|-resisted|p2b: Azumarill\n|-damage|p2b: Azumarill|29\/100 slp\n|-damage|p1b: Palafin|82\/100|[from] Recoil\n|-curestatus|p2b: Azumarill|slp|[msg]\n|move|p2b: Azumarill|Play Rough|p1a: Amoonguss\n|-damage|p1a: Amoonguss|18\/100\n|-enditem|p1a: Amoonguss|Sitrus Berry|[eat]\n|-heal|p1a: Amoonguss|43\/100|[from] item: Sitrus Berry\n|\n|-heal|p2b: Azumarill|35\/100|[from] item: Leftovers\n|upkeep\n|turn|18\n|\n|t:|1681835023\n|move|p1a: Amoonguss|Rage Powder|p1a: Amoonguss\n|-singleturn|p1a: Amoonguss|move: Rage Powder\n|move|p1b: Palafin|Wave Crash|p2b: Azumarill\n|-resisted|p2b: Azumarill\n|-damage|p2b: Azumarill|0 fnt\n|faint|p2b: Azumarill\n|-damage|p1b: Palafin|71\/100|[from] Recoil\n|\n|win|sunaddicted\n|raw|sunaddicted's rating: 1264 → 1288<\/strong> (+24 for winning)\n|raw|Lewlo's rating: 1246 → 1222<\/strong> (-24 for losing)\n|l|\u2606Lewlo\n","uploadtime":1681835035,"views":6,"p1id":"sunaddicted","p2id":"lewlo","formatid":"gen9vgc2023regulationc","rating":1222,"private":0,"password":""}