{"id":"gen9vgc2023regulationc-1855996399","p1":"Reuselation","p2":"gung hole","format":"[Gen 9] VGC 2023 Regulation C","log":"|j|\u2606Reuselation\n|j|\u2606gung hole\n|t:|1683014198\n|gametype|doubles\n|player|p1|Reuselation|red|1149\n|player|p2|gung hole|harlequin|1167\n|teamsize|p1|6\n|teamsize|p2|6\n|gen|9\n|tier|[Gen 9] VGC 2023 Regulation C\n|rated|\n|rule|Species Clause: Limit one of each Pok\u00e9mon\n|rule|Item Clause: Limit one of each item\n|clearpoke\n|poke|p1|Pelipper, L50, F|\n|poke|p1|Palafin, L50, M|\n|poke|p1|Amoonguss, L50, M|\n|poke|p1|Iron Hands, L50|\n|poke|p1|Salamence, L50, F|\n|poke|p1|Chien-Pao, L50|\n|poke|p2|Chi-Yu, L50|\n|poke|p2|Torkoal, L50, F|\n|poke|p2|Slither Wing, L50|\n|poke|p2|Flutter Mane, L50|\n|poke|p2|Amoonguss, L50, F|\n|poke|p2|Chien-Pao, L50|\n|teampreview|4\n|\n|t:|1683014225\n|start\n|switch|p1a: Iron Hands|Iron Hands, L50|100\/100\n|switch|p1b: Amoonguss|Amoonguss, L50, M|100\/100\n|switch|p2a: Slither Wing|Slither Wing, L50|100\/100\n|switch|p2b: Flutter Mane|Flutter Mane, L50|100\/100\n|turn|1\n|\n|t:|1683014247\n|-end|p2b: Flutter Mane|Protosynthesis|[silent]\n|switch|p2b: Torkoal|Torkoal, L50, F|100\/100\n|-weather|SunnyDay|[from] ability: Drought|[of] p2b: Torkoal\n|-activate|p2a: Slither Wing|ability: Protosynthesis\n|-start|p2a: Slither Wing|protosynthesisatk\n|move|p1a: Iron Hands|Fake Out|p2a: Slither Wing\n|-damage|p2a: Slither Wing|79\/100\n|cant|p2a: Slither Wing|flinch\n|move|p1b: Amoonguss|Spore|p2b: Torkoal\n|-status|p2b: Torkoal|slp|[from] move: Spore\n|\n|-weather|SunnyDay|[upkeep]\n|upkeep\n|turn|2\n|\n|t:|1683014266\n|-end|p1a: Iron Hands|Quark Drive|[silent]\n|switch|p1a: Pelipper|Pelipper, L50, F|100\/100\n|-weather|RainDance|[from] ability: Drizzle|[of] p1a: Pelipper\n|-end|p2a: Slither Wing|Protosynthesis\n|switch|p2b: Flutter Mane|Flutter Mane, L50|100\/100\n|move|p2a: Slither Wing|Flare Blitz|p1b: Amoonguss\n|-supereffective|p1b: Amoonguss\n|-damage|p1b: Amoonguss|46\/100\n|-enditem|p1b: Amoonguss|Sitrus Berry|[eat]\n|-heal|p1b: Amoonguss|71\/100|[from] item: Sitrus Berry\n|-damage|p2a: Slither Wing|54\/100|[from] Recoil\n|move|p1b: Amoonguss|Spore|p2a: Slither Wing\n|-status|p2a: Slither Wing|slp|[from] move: Spore\n|\n|-weather|RainDance|[upkeep]\n|upkeep\n|turn|3\n|\n|t:|1683014287\n|move|p2b: Flutter Mane|Shadow Ball|p1b: Amoonguss\n|-damage|p1b: Amoonguss|27\/100\n|-unboost|p1b: Amoonguss|spd|1\n|-damage|p2b: Flutter Mane|90\/100|[from] item: Life Orb\n|cant|p2a: Slither Wing|slp\n|move|p1a: Pelipper|Hydro Pump|p2a: Slither Wing\n|-damage|p2a: Slither Wing|0 fnt\n|faint|p2a: Slither Wing\n|-end|p2a: Slither Wing|Protosynthesis|[silent]\n|move|p1b: Amoonguss|Spore|p2b: Flutter Mane\n|-status|p2b: Flutter Mane|slp|[from] move: Spore\n|\n|-weather|RainDance|[upkeep]\n|upkeep\n|\n|t:|1683014292\n|switch|p2a: Torkoal|Torkoal, L50, F|100\/100 slp\n|-weather|SunnyDay|[from] ability: Drought|[of] p2a: Torkoal\n|-activate|p2b: Flutter Mane|ability: Protosynthesis\n|-start|p2b: Flutter Mane|protosynthesisspe\n|turn|4\n|\n|t:|1683014311\n|switch|p1a: Iron Hands|Iron Hands, L50|100\/100\n|move|p1b: Amoonguss|Protect|p1b: Amoonguss\n|-singleturn|p1b: Amoonguss|Protect\n|cant|p2b: Flutter Mane|slp\n|cant|p2a: Torkoal|slp\n|\n|-weather|SunnyDay|[upkeep]\n|upkeep\n|turn|5\n|\n|t:|1683014326\n|switch|p1b: Pelipper|Pelipper, L50, F|100\/100\n|-weather|RainDance|[from] ability: Drizzle|[of] p1b: Pelipper\n|-end|p2b: Flutter Mane|Protosynthesis\n|switch|p2a: Chi-Yu|Chi-Yu, L50|100\/100\n|-ability|p2a: Chi-Yu|Beads of Ruin\n|cant|p2b: Flutter Mane|slp\n|move|p1a: Iron Hands|Wild Charge|p2b: Flutter Mane\n|-damage|p2b: Flutter Mane|0 fnt\n|faint|p2b: Flutter Mane\n|-end|p2b: Flutter Mane|Protosynthesis|[silent]\n|-damage|p1a: Iron Hands|88\/100|[from] Recoil\n|\n|-weather|RainDance|[upkeep]\n|upkeep\n|\n|t:|1683014336\n|switch|p2b: Torkoal|Torkoal, L50, F|100\/100 slp\n|-weather|SunnyDay|[from] ability: Drought|[of] p2b: Torkoal\n|turn|6\n|\n|t:|1683014350\n|switch|p1b: Chien-Pao|Chien-Pao, L50|100\/100\n|-ability|p1b: Chien-Pao|Sword of Ruin\n|-terastallize|p2a: Chi-Yu|Fire\n|move|p2a: Chi-Yu|Heat Wave|p1a: Iron Hands|[spread] p1a,p1b\n|-supereffective|p1b: Chien-Pao\n|-damage|p1a: Iron Hands|3\/100\n|-enditem|p1b: Chien-Pao|Focus Sash\n|-damage|p1b: Chien-Pao|1\/100\n|move|p1a: Iron Hands|Drain Punch|p2a: Chi-Yu\n|-damage|p2a: Chi-Yu|1\/100\n|-heal|p1a: Iron Hands|30\/100|[from] drain|[of] p2a: Chi-Yu\n|-curestatus|p2b: Torkoal|slp|[msg]\n|move|p2b: Torkoal|Heat Wave|p1a: Iron Hands|[spread] p1a,p1b\n|-supereffective|p1b: Chien-Pao\n|-crit|p1b: Chien-Pao\n|-damage|p1a: Iron Hands|7\/100\n|-damage|p1b: Chien-Pao|0 fnt\n|faint|p1b: Chien-Pao\n|\n|-weather|SunnyDay|[upkeep]\n|upkeep\n|-message|gung hole forfeited.\n|\n|win|Reuselation\n|raw|Reuselation's rating: 1149 → 1175<\/strong> (+26 for winning)\n|raw|gung hole's rating: 1167 → 1141<\/strong> (-26 for losing)\n|l|\u2606gung hole\n","uploadtime":1683014377,"views":17,"p1id":"reuselation","p2id":"gunghole","formatid":"gen9vgc2023regulationc","rating":1141,"private":0,"password":""}