{"id":"gen9vgc2023regulationc-1849272825","p1":"tukeydukey","p2":"korpi","format":"[Gen 9] VGC 2023 Regulation C","log":"|j|\u2606tukeydukey\n|j|\u2606korpi\n|t:|1682180330\n|gametype|doubles\n|player|p1|tukeydukey|169|1158\n|player|p2|korpi|102|1168\n|teamsize|p1|6\n|teamsize|p2|6\n|gen|9\n|tier|[Gen 9] VGC 2023 Regulation C\n|rated|\n|rule|Species Clause: Limit one of each Pok\u00e9mon\n|rule|Item Clause: Limit one of each item\n|clearpoke\n|poke|p1|Baxcalibur, L50, M|\n|poke|p1|Murkrow, L50, M|\n|poke|p1|Garchomp, L50, F|\n|poke|p1|Gyarados, L50, M|\n|poke|p1|Amoonguss, L50, F|\n|poke|p1|Ting-Lu, L50|\n|poke|p2|Goodra, L50, M|\n|poke|p2|Ting-Lu, L50|\n|poke|p2|Wo-Chien, L50|\n|poke|p2|Tauros-Paldea-Aqua, L50, M|\n|poke|p2|Glimmora, L50, F|\n|poke|p2|Bellibolt, L50, F|\n|teampreview|4\n|inactive|Battle timer is ON: inactive players will automatically lose when time's up. (requested by tukeydukey)\n|inactive|korpi has 60 seconds left.\n|\n|t:|1682180365\n|start\n|switch|p1a: Gyarados|Gyarados, L50, M|100\/100\n|switch|p1b: Garchomp|Garchomp, L50, F|100\/100\n|switch|p2a: Goodra|Goodra, L50, M|100\/100\n|switch|p2b: Glimmora|Glimmora, L50, F|100\/100\n|-ability|p1a: Gyarados|Intimidate|boost\n|-unboost|p2a: Goodra|atk|1\n|-unboost|p2b: Glimmora|atk|1\n|turn|1\n|\n|t:|1682180390\n|-terastallize|p1b: Garchomp|Fire\n|-terastallize|p2a: Goodra|Steel\n|move|p1b: Garchomp|Earthquake|p2a: Goodra|[spread] p2a,p2b\n|-immune|p1a: Gyarados\n|-supereffective|p2a: Goodra\n|-supereffective|p2b: Glimmora\n|-damage|p2a: Goodra|17\/100\n|-damage|p2b: Glimmora|0 fnt\n|-activate|p2b: Glimmora|ability: Toxic Debris\n|-sidestart|p1: tukeydukey|move: Toxic Spikes\n|faint|p2b: Glimmora\n|move|p1a: Gyarados|Waterfall|p2a: Goodra\n|-damage|p2a: Goodra|0 fnt\n|faint|p2a: Goodra\n|\n|upkeep\n|\n|t:|1682180404\n|switch|p2b: Bellibolt|Bellibolt, L50, F|100\/100\n|switch|p2a: Wo-Chien|Wo-Chien, L50|100\/100\n|-ability|p2a: Wo-Chien|Tablets of Ruin\n|turn|2\n|\n|t:|1682180426\n|move|p1a: Gyarados|Protect|p1a: Gyarados\n|-singleturn|p1a: Gyarados|Protect\n|move|p1b: Garchomp|Earthquake|p2b: Bellibolt|[spread] p2a,p2b\n|-activate|p1a: Gyarados|move: Protect\n|-resisted|p2a: Wo-Chien\n|-supereffective|p2b: Bellibolt\n|-damage|p2a: Wo-Chien|88\/100\n|-damage|p2b: Bellibolt|56\/100\n|-start|p2b: Bellibolt|Charge|Earthquake|[from] ability: Electromorphosis\n|move|p2a: Wo-Chien|Leech Seed|p1b: Garchomp\n|-start|p1b: Garchomp|move: Leech Seed\n|move|p2b: Bellibolt|Muddy Water|p1a: Gyarados|[spread] p1b\n|-activate|p1a: Gyarados|move: Protect\n|-supereffective|p1b: Garchomp\n|-damage|p1b: Garchomp|57\/100\n|\n|-heal|p2b: Bellibolt|62\/100|[from] item: Leftovers\n|-damage|p1b: Garchomp|45\/100|[from] Leech Seed|[of] p2a: Wo-Chien\n|-heal|p2a: Wo-Chien|100\/100|[silent]\n|upkeep\n|turn|3\n|\n|t:|1682180448\n|switch|p1b: Amoonguss|Amoonguss, L50, F|100\/100\n|-sideend|p1: tukeydukey|move: Toxic Spikes|[of] p1b: Amoonguss\n|move|p1a: Gyarados|Taunt|p2a: Wo-Chien\n|-start|p2a: Wo-Chien|move: Taunt\n|move|p2a: Wo-Chien|Pollen Puff|p2b: Bellibolt\n|-heal|p2b: Bellibolt|100\/100\n|move|p2b: Bellibolt|Thunderbolt|p1a: Gyarados\n|-supereffective|p1a: Gyarados\n|-damage|p1a: Gyarados|0 fnt\n|faint|p1a: Gyarados\n|-end|p2b: Bellibolt|Charge|[silent]\n|\n|upkeep\n|\n|t:|1682180456\n|switch|p1a: Baxcalibur|Baxcalibur, L50, M|100\/100\n|turn|4\n|\n|t:|1682180479\n|move|p2b: Bellibolt|Protect|p2b: Bellibolt\n|-singleturn|p2b: Bellibolt|Protect\n|move|p1a: Baxcalibur|Dragon Dance|p1a: Baxcalibur\n|-boost|p1a: Baxcalibur|atk|1\n|-boost|p1a: Baxcalibur|spe|1\n|move|p2a: Wo-Chien|Pollen Puff|p1b: Amoonguss\n|-damage|p1b: Amoonguss|84\/100\n|move|p1b: Amoonguss|Pollen Puff|p2a: Wo-Chien\n|-supereffective|p2a: Wo-Chien\n|-damage|p2a: Wo-Chien|55\/100\n|\n|upkeep\n|turn|5\n|\n|t:|1682180499\n|move|p1a: Baxcalibur|Icicle Spear|p2a: Wo-Chien\n|-supereffective|p2a: Wo-Chien\n|-damage|p2a: Wo-Chien|23\/100\n|-supereffective|p2a: Wo-Chien\n|-damage|p2a: Wo-Chien|0 fnt\n|faint|p2a: Wo-Chien\n|-hitcount|p2: Wo-Chien|2\n|move|p2b: Bellibolt|Muddy Water|p1b: Amoonguss|[spread] p1a\n|-miss|p2b: Bellibolt|p1b: Amoonguss\n|-resisted|p1a: Baxcalibur\n|-damage|p1a: Baxcalibur|91\/100\n|-unboost|p1a: Baxcalibur|accuracy|1\n|move|p1b: Amoonguss|Spore|p2b: Bellibolt\n|-status|p2b: Bellibolt|slp|[from] move: Spore\n|\n|upkeep\n|turn|6\n|\n|t:|1682180514\n|cant|p2b: Bellibolt|slp\n|move|p1a: Baxcalibur|Dragon Dance|p1a: Baxcalibur\n|-boost|p1a: Baxcalibur|atk|1\n|-boost|p1a: Baxcalibur|spe|1\n|move|p1b: Amoonguss|Pollen Puff|p1a: Baxcalibur\n|-heal|p1a: Baxcalibur|100\/100\n|\n|upkeep\n|turn|7\n|\n|t:|1682180523\n|move|p1a: Baxcalibur|Icicle Spear|p2b: Bellibolt\n|-damage|p2b: Bellibolt|77\/100 slp\n|-start|p2b: Bellibolt|Charge|Icicle Spear|[from] ability: Electromorphosis\n|-damage|p2b: Bellibolt|51\/100 slp\n|-start|p2b: Bellibolt|Charge|Icicle Spear|[from] ability: Electromorphosis\n|-damage|p2b: Bellibolt|26\/100 slp\n|-start|p2b: Bellibolt|Charge|Icicle Spear|[from] ability: Electromorphosis\n|-damage|p2b: Bellibolt|0 fnt\n|faint|p2b: Bellibolt\n|-hitcount|p2: Bellibolt|4\n|\n|win|tukeydukey\n|raw|tukeydukey's rating: 1158 → 1184<\/strong> (+26 for winning)\n|raw|korpi's rating: 1168 → 1142<\/strong> (-26 for losing)\n|l|\u2606korpi\n","uploadtime":1682180546,"views":10,"p1id":"tukeydukey","p2id":"korpi","formatid":"gen9vgc2023regulationc","rating":1142,"private":0,"password":""}