{"id":"gen9vgc2023regulationc-1849066600","p1":"bob0976","p2":"Fertu","format":"[Gen 9] VGC 2023 Regulation C","log":"|j|\u2606bob0976\n|j|\u2606Fertu\n|t:|1682148714\n|gametype|doubles\n|player|p1|bob0976|1|1053\n|player|p2|Fertu|102|1145\n|teamsize|p1|6\n|teamsize|p2|6\n|gen|9\n|tier|[Gen 9] VGC 2023 Regulation C\n|rated|\n|rule|Species Clause: Limit one of each Pok\u00e9mon\n|rule|Item Clause: Limit one of each item\n|clearpoke\n|poke|p1|Chi-Yu, L50|\n|poke|p1|Amoonguss, L50, F|\n|poke|p1|Iron Bundle, L50|\n|poke|p1|Gholdengo, L50|\n|poke|p1|Palafin, L50, F|\n|poke|p1|Flutter Mane, L50|\n|poke|p2|Flutter Mane, L50|\n|poke|p2|Armarouge, L50, M|\n|poke|p2|Indeedee-F, L50, F|\n|poke|p2|Iron Bundle, L50|\n|poke|p2|Dondozo, L50, F|\n|poke|p2|Tatsugiri, L50, F|\n|teampreview|4\n|inactive|Battle timer is ON: inactive players will automatically lose when time's up. (requested by bob0976)\nbob0976 has agreed to open team sheets.\n|inactive|bob0976 has 60 seconds left.\n|\n|t:|1682148748\n|start\n|switch|p1a: Chi-Yu|Chi-Yu, L50|100\/100\n|switch|p1b: Amoonguss|Amoonguss, L50, F|100\/100\n|switch|p2a: Iron Bundle|Iron Bundle, L50|100\/100\n|switch|p2b: Armarouge|Armarouge, L50, M|100\/100\n|-ability|p1a: Chi-Yu|Beads of Ruin\n|turn|1\n|inactive|bob0976 has 30 seconds left.\n|\n|t:|1682148774\n|switch|p2b: Flutter Mane|Flutter Mane, L50|100\/100\n|-terastallize|p1a: Chi-Yu|Fire\n|move|p2a: Iron Bundle|Icy Wind|p1b: Amoonguss|[spread] p1a,p1b\n|-resisted|p1a: Chi-Yu\n|-supereffective|p1b: Amoonguss\n|-damage|p1a: Chi-Yu|89\/100\n|-damage|p1b: Amoonguss|59\/100\n|-unboost|p1a: Chi-Yu|spe|1\n|-unboost|p1b: Amoonguss|spe|1\n|move|p1a: Chi-Yu|Heat Wave|p2a: Iron Bundle|[spread] p2a,p2b\n|-enditem|p2a: Iron Bundle|Focus Sash\n|-damage|p2a: Iron Bundle|1\/100\n|-damage|p2b: Flutter Mane|27\/100\n|move|p1b: Amoonguss|Spore|p2a: Iron Bundle\n|-status|p2a: Iron Bundle|slp|[from] move: Spore\n|\n|upkeep\n|turn|2\n|inactive|Fertu has 30 seconds left.\n|inactive|Fertu has 20 seconds left.\n|inactive|Fertu has 15 seconds left.\n|inactive|Fertu has 10 seconds left.\n|\n|t:|1682148822\n|move|p1b: Amoonguss|Rage Powder|p1b: Amoonguss\n|-singleturn|p1b: Amoonguss|move: Rage Powder\n|cant|p2a: Iron Bundle|slp\n|move|p2b: Flutter Mane|Mystical Fire|p1b: Amoonguss\n|-supereffective|p1b: Amoonguss\n|-damage|p1b: Amoonguss|0 fnt\n|faint|p1b: Amoonguss\n|move|p1a: Chi-Yu|Heat Wave|p2b: Flutter Mane|[spread] p2a,p2b\n|-damage|p2a: Iron Bundle|0 fnt\n|-damage|p2b: Flutter Mane|0 fnt\n|faint|p2a: Iron Bundle\n|-end|p2a: Iron Bundle|Quark Drive|[silent]\n|faint|p2b: Flutter Mane\n|-end|p2b: Flutter Mane|Protosynthesis|[silent]\n|\n|upkeep\n|\n|t:|1682148836\n|switch|p2a: Armarouge|Armarouge, L50, M|100\/100\n|switch|p2b: Indeedee|Indeedee-F, L50, F|100\/100\n|switch|p1b: Iron Bundle|Iron Bundle, L50|100\/100\n|-fieldstart|move: Psychic Terrain|[from] ability: Psychic Surge|[of] p2b: Indeedee\n|-enditem|p2b: Indeedee|Psychic Seed\n|-boost|p2b: Indeedee|spd|1|[from] item: Psychic Seed\n|turn|3\n|inactive|Fertu has 30 seconds left.\n|\n|t:|1682148864\n|move|p1b: Iron Bundle|Taunt|p2b: Indeedee\n|-start|p2b: Indeedee|move: Taunt\n|move|p1a: Chi-Yu|Heat Wave|p2a: Armarouge|[spread] p2a,p2b\n|-resisted|p2a: Armarouge\n|-damage|p2a: Armarouge|56\/100\n|-damage|p2b: Indeedee|58\/100\n|move|p2a: Armarouge|Expanding Force|p1b: Iron Bundle|[spread] p1a,p1b\n|-damage|p1a: Chi-Yu|10\/100\n|-enditem|p1b: Iron Bundle|Focus Sash\n|-damage|p1b: Iron Bundle|1\/100\n|cant|p2b: Indeedee|move: Taunt|Trick Room\n|\n|upkeep\n|turn|4\n|inactive|Fertu has 30 seconds left.\n|inactive|Fertu has 20 seconds left.\n|\n|t:|1682148901\n|move|p2a: Armarouge|Protect|p2a: Armarouge\n|-singleturn|p2a: Armarouge|Protect\n|move|p1b: Iron Bundle|Hydro Pump|p2a: Armarouge\n|-activate|p2a: Armarouge|move: Protect\n|move|p1a: Chi-Yu|Heat Wave|p2b: Indeedee|[spread] p2b\n|-activate|p2a: Armarouge|move: Protect\n|-damage|p2b: Indeedee|19\/100\n|move|p2b: Indeedee|Psyshock|p1b: Iron Bundle\n|-damage|p1b: Iron Bundle|0 fnt\n|faint|p1b: Iron Bundle\n|-end|p1b: Iron Bundle|Quark Drive|[silent]\n|\n|upkeep\n|\n|t:|1682148912\n|switch|p1b: Gholdengo|Gholdengo, L50|100\/100\n|turn|5\n|\n|t:|1682148934\n|move|p1b: Gholdengo|Shadow Ball|p2a: Armarouge\n|-supereffective|p2a: Armarouge\n|-damage|p2a: Armarouge|0 fnt\n|faint|p2a: Armarouge\n|-damage|p1b: Gholdengo|91\/100|[from] item: Life Orb\n|move|p1a: Chi-Yu|Heat Wave|p2b: Indeedee\n|-damage|p2b: Indeedee|0 fnt\n|faint|p2b: Indeedee\n|\n|win|bob0976\n|raw|bob0976's rating: 1053 → 1093<\/strong> (+40 for winning)\n|raw|Fertu's rating: 1145 → 1114<\/strong> (-31 for losing)\n|l|\u2606Fertu\n|l|\u2606bob0976\n|j|\u2606bob0976\n|player|p1|bob0976|1\n","uploadtime":1682149181,"views":6,"p1id":"bob0976","p2id":"fertu","formatid":"gen9vgc2023regulationc","rating":1093,"private":0,"password":""}