{"id":"gen9vgc2023regulationc-1861093396","p1":"DarthIgnus","p2":"Faygo_n8","format":"[Gen 9] VGC 2023 Regulation C","log":"|j|\u2606DarthIgnus\n|j|\u2606Faygo_n8\n|t:|1683725903\n|gametype|doubles\n|player|p1|DarthIgnus|dragontamer|1359\n|player|p2|Faygo_n8|2|1278\n|teamsize|p1|6\n|teamsize|p2|6\n|gen|9\n|tier|[Gen 9] VGC 2023 Regulation C\n|rated|\n|rule|Species Clause: Limit one of each Pok\u00e9mon\n|rule|Item Clause: Limit one of each item\n|clearpoke\n|poke|p1|Orthworm, L50, F|\n|poke|p1|Flutter Mane, L50|\n|poke|p1|Dragonite, L50, M|\n|poke|p1|Ting-Lu, L50|\n|poke|p1|Baxcalibur, L50, F|\n|poke|p1|Gyarados, L50, M|\n|poke|p2|Annihilape, L50, F|\n|poke|p2|Maushold-Four, L50|\n|poke|p2|Murkrow, L50, F|\n|poke|p2|Iron Moth, L50|\n|poke|p2|Salamence, L50, M|\n|poke|p2|Forretress, L50, M|\n|teampreview|4\n|c|\u2606DarthIgnus|oh no lol\n|c|\u2606DarthIgnus|this looks insane haha\n|c|\u2606DarthIgnus|glhf\nDarthIgnus has agreed to open team sheets.\n|inactive|Battle timer is ON: inactive players will automatically lose when time's up. (requested by Faygo_n8)\n|\n|t:|1683725989\n|start\n|switch|p1a: Orthworm|Orthworm, L50, F|100\/100\n|switch|p1b: Ting-Lu|Ting-Lu, L50|100\/100\n|switch|p2a: Annihilape|Annihilape, L50, F, shiny|100\/100\n|switch|p2b: Maushold|Maushold-Four, L50, shiny|100\/100\n|-ability|p1b: Ting-Lu|Vessel of Ruin\n|turn|1\n|inactive|Faygo_n8 has 30 seconds left.\n|\n|t:|1683726021\n|-terastallize|p1a: Orthworm|Fire\n|move|p2b: Maushold|Beat Up|p2a: Annihilape\n|-damage|p2a: Annihilape|99\/100\n|-damage|p2a: Annihilape|97\/100\n|-damage|p2a: Annihilape|95\/100\n|-damage|p2a: Annihilape|93\/100\n|-hitcount|p2a: Annihilape|4\n|move|p2a: Annihilape|Rage Fist|p1b: Ting-Lu\n|-resisted|p1b: Ting-Lu\n|-damage|p1b: Ting-Lu|62\/100\n|move|p1b: Ting-Lu|Earthquake|p2b: Maushold|[spread] p2a,p2b\n|-immune|p1a: Orthworm|[from] ability: Earth Eater\n|-damage|p2a: Annihilape|56\/100\n|-damage|p2b: Maushold|31\/100\n|move|p1a: Orthworm|Body Press|p2b: Maushold\n|-supereffective|p2b: Maushold\n|-damage|p2b: Maushold|0 fnt\n|faint|p2b: Maushold\n|\n|-heal|p2a: Annihilape|62\/100|[from] item: Leftovers\n|upkeep\n|inactive|Faygo_n8 has 30 seconds left.\n|\n|t:|1683726049\n|switch|p2b: Forretress|Forretress, L50, M|100\/100\n|turn|2\n|inactive|DarthIgnus has 30 seconds left.\n|\n|t:|1683726084\n|move|p2a: Annihilape|Drain Punch|p1b: Ting-Lu\n|-supereffective|p1b: Ting-Lu\n|-damage|p1b: Ting-Lu|14\/100\n|-heal|p2a: Annihilape|87\/100|[from] drain|[of] p1b: Ting-Lu\n|move|p1b: Ting-Lu|Earthquake|p2b: Forretress|[spread] p2a,p2b\n|-immune|p1a: Orthworm|[from] ability: Earth Eater\n|-damage|p2a: Annihilape|36\/100\n|-damage|p2b: Forretress|68\/100\n|move|p1a: Orthworm|Shed Tail|p1a: Orthworm\n|-start|p1a: Orthworm|Substitute|[from] move: Shed Tail\n|-damage|p1a: Orthworm|50\/100\n|-enditem|p1a: Orthworm|Sitrus Berry|[eat]\n|-heal|p1a: Orthworm|75\/100|[from] item: Sitrus Berry\n|c|\u2606Faygo_n8|Oh haha\n|c|\u2606Faygo_n8|glhf\n|\n|t:|1683726096\n|switch|p1a: Dragonite|Dragonite, L50, M|100\/100|[from] Shed Tail\n|move|p2b: Forretress|Iron Defense|p2b: Forretress\n|-boost|p2b: Forretress|def|2\n|\n|-heal|p2a: Annihilape|42\/100|[from] item: Leftovers\n|upkeep\n|turn|3\n|inactive|Faygo_n8 has 30 seconds left.\n|inactive|DarthIgnus has 30 seconds left.\n|inactive|Faygo_n8 has 20 seconds left.\n|\n|t:|1683726134\n|move|p2a: Annihilape|Protect|p2a: Annihilape\n|-singleturn|p2a: Annihilape|Protect\n|move|p1a: Dragonite|Aerial Ace|p2a: Annihilape\n|-activate|p2a: Annihilape|move: Protect\n|move|p1b: Ting-Lu|Earthquake|p2a: Annihilape|[spread] p2b\n|-activate|p2a: Annihilape|move: Protect\n|-immune|p1a: Dragonite\n|-damage|p2b: Forretress|50\/100\n|move|p2b: Forretress|Ice Spinner|p1a: Dragonite\n|-supereffective|p1a: Dragonite\n|-end|p1a: Dragonite|Substitute\n|\n|-heal|p2a: Annihilape|48\/100|[from] item: Leftovers\n|upkeep\n|turn|4\n|inactive|DarthIgnus has 30 seconds left.\n|inactive|Faygo_n8 has 30 seconds left.\n|inactive|DarthIgnus has 20 seconds left.\n|inactive|Faygo_n8 has 20 seconds left.\n|inactive|DarthIgnus has 15 seconds left.\n|inactive|DarthIgnus has 10 seconds left.\n|inactive|Faygo_n8 has 15 seconds left.\n|inactive|DarthIgnus has 5 seconds left.\n|inactive|Faygo_n8 has 10 seconds left.\n|\n|t:|1683726187\n|switch|p2a: Salamence|Salamence, L50, M, shiny|100\/100\n|move|p1a: Dragonite|Aerial Ace|p2a: Salamence\n|-damage|p2a: Salamence|62\/100\n|move|p1b: Ting-Lu|Earthquake|p2b: Forretress|[spread] p2b\n|-immune|p1a: Dragonite\n|-immune|p2a: Salamence\n|-damage|p2b: Forretress|34\/100\n|move|p2b: Forretress|Body Press|p1b: Ting-Lu\n|-supereffective|p1b: Ting-Lu\n|-damage|p1b: Ting-Lu|0 fnt\n|faint|p1b: Ting-Lu\n|\n|upkeep\n|\n|t:|1683726200\n|switch|p1b: Baxcalibur|Baxcalibur, L50, F|100\/100\n|turn|5\n|inactive|DarthIgnus has 30 seconds left.\n|inactive|DarthIgnus has 20 seconds left.\n|inactive|DarthIgnus has 15 seconds left.\n|\n|t:|1683726242\n|switch|p1a: Orthworm|Orthworm, L50, F, tera:Fire|75\/100\n|-terastallize|p2a: Salamence|Steel\n|move|p1b: Baxcalibur|Ice Shard|p2a: Salamence\n|-resisted|p2a: Salamence\n|-damage|p2a: Salamence|47\/100\n|move|p2a: Salamence|Iron Head|p1b: Baxcalibur\n|-supereffective|p1b: Baxcalibur\n|-damage|p1b: Baxcalibur|0 fnt\n|faint|p1b: Baxcalibur\n|-ability|p2a: Salamence|Moxie|boost\n|-boost|p2a: Salamence|atk|1\n|-damage|p2a: Salamence|37\/100|[from] item: Life Orb\n|move|p2b: Forretress|Ice Spinner|p1a: Orthworm\n|-resisted|p1a: Orthworm\n|-damage|p1a: Orthworm|68\/100\n|\n|upkeep\n|\n|t:|1683726257\n|switch|p1b: Dragonite|Dragonite, L50, M|100\/100\n|turn|6\n|inactive|Faygo_n8 has 30 seconds left.\n|inactive|Faygo_n8 has 20 seconds left.\n|inactive|Faygo_n8 has 15 seconds left.\n|\n|t:|1683726299\n|move|p2a: Salamence|Dual Wingbeat|p1a: Orthworm\n|-damage|p1a: Orthworm|40\/100\n|-damage|p1a: Orthworm|8\/100\n|-hitcount|p1a: Orthworm|2\n|-damage|p2a: Salamence|27\/100|[from] item: Life Orb\n|move|p1b: Dragonite|Earthquake|p2a: Salamence|[spread] p2a,p2b\n|-heal|p1a: Orthworm|33\/100|[from] ability: Earth Eater|[of] p1b: Dragonite\n|-supereffective|p2a: Salamence\n|-damage|p2a: Salamence|0 fnt\n|-damage|p2b: Forretress|25\/100\n|faint|p2a: Salamence\n|move|p1a: Orthworm|Body Press|p2b: Forretress\n|-damage|p2b: Forretress|14\/100\n|move|p2b: Forretress|Ice Spinner|p1b: Dragonite\n|-supereffective|p1b: Dragonite\n|-damage|p1b: Dragonite|54\/100\n|\n|upkeep\n|\n|t:|1683726317\n|switch|p2a: Annihilape|Annihilape, L50, F, shiny|48\/100\n|turn|7\n|inactive|DarthIgnus has 30 seconds left.\n|inactive|Faygo_n8 has 30 seconds left.\n|\n|t:|1683726351\n|move|p1b: Dragonite|Earthquake|p2b: Forretress|[spread] p2a,p2b\n|-heal|p1a: Orthworm|58\/100|[from] ability: Earth Eater|[of] p1b: Dragonite\n|-damage|p2a: Annihilape|24\/100\n|-damage|p2b: Forretress|5\/100\n|move|p2a: Annihilape|Rage Fist|p1b: Dragonite\n|-damage|p1b: Dragonite|0 fnt\n|faint|p1b: Dragonite\n|move|p1a: Orthworm|Heavy Slam|p2a: Annihilape\n|-damage|p2a: Annihilape|0 fnt\n|faint|p2a: Annihilape\n|move|p2b: Forretress|Ice Spinner|p1a: Orthworm\n|-resisted|p1a: Orthworm\n|-damage|p1a: Orthworm|51\/100\n|\n|upkeep\n|turn|8\n|c|\u2606DarthIgnus|gg\n|\n|t:|1683726367\n|move|p1a: Orthworm|Body Press|p2b: Forretress\n|-damage|p2b: Forretress|0 fnt\n|faint|p2b: Forretress\n|\n|win|DarthIgnus\n|raw|DarthIgnus's rating: 1359 → 1374<\/strong> (+15 for winning)\n|raw|Faygo_n8's rating: 1278 → 1259<\/strong> (-19 for losing)\n","uploadtime":1683726376,"views":21,"p1id":"darthignus","p2id":"faygon8","formatid":"gen9vgc2023regulationc","rating":1259,"private":0,"password":""}