{"id":"gen9vgc2023regulationc-1858010082","p1":"bwan","p2":"SavannahPandaVGC","format":"[Gen 9] VGC 2023 Regulation C","log":"|j|\u2606bwan\n|j|\u2606SavannahPandaVGC\n|t:|1683259717\n|gametype|doubles\n|player|p1|bwan|lucas|1295\n|player|p2|SavannahPandaVGC|2|1303\n|teamsize|p1|6\n|teamsize|p2|6\n|gen|9\n|tier|[Gen 9] VGC 2023 Regulation C\n|rated|\n|rule|Species Clause: Limit one of each Pok\u00e9mon\n|rule|Item Clause: Limit one of each item\n|clearpoke\n|poke|p1|Lycanroc, L50, F|\n|poke|p1|Tyranitar, L50, M|\n|poke|p1|Dondozo, L50, M|\n|poke|p1|Tatsugiri, L50, M|\n|poke|p1|Flutter Mane, L50|\n|poke|p1|Chi-Yu, L50|\n|poke|p2|Flutter Mane, L50|\n|poke|p2|Iron Hands, L50|\n|poke|p2|Corviknight, L50, F|\n|poke|p2|Gyarados, L50, M|\n|poke|p2|Chi-Yu, L50|\n|poke|p2|Amoonguss, L50, M|\n|teampreview|4\n|inactive|Battle timer is ON: inactive players will automatically lose when time's up. (requested by bwan)\nSavannahPandaVGC has agreed to open team sheets.\n|inactive|SavannahPandaVGC has 60 seconds left.\n|inactive|SavannahPandaVGC has 30 seconds left.\n|inactive|SavannahPandaVGC has 20 seconds left.\n|inactive|SavannahPandaVGC has 15 seconds left.\n|inactive|SavannahPandaVGC has 10 seconds left.\n|\n|t:|1683259798\n|start\n|switch|p1a: Flutter Mane|Flutter Mane, L50|100\/100\n|switch|p1b: Chi-Yu|Chi-Yu, L50|100\/100\n|switch|p2a: Iron Hands|Iron Hands, L50|100\/100\n|switch|p2b: Gyarados|Gyarados, L50, M|100\/100\n|-ability|p1b: Chi-Yu|Beads of Ruin\n|-ability|p2b: Gyarados|Intimidate|boost\n|-unboost|p1a: Flutter Mane|atk|1\n|-unboost|p1b: Chi-Yu|atk|1\n|turn|1\n|inactive|bwan has 30 seconds left.\n|inactive|SavannahPandaVGC has 30 seconds left.\n|inactive|SavannahPandaVGC has 20 seconds left.\n|inactive|SavannahPandaVGC has 15 seconds left.\n|inactive|bwan has 20 seconds left.\n|inactive|SavannahPandaVGC has 10 seconds left.\n|inactive|bwan has 15 seconds left.\n|inactive|SavannahPandaVGC has 5 seconds left.\n|\n|t:|1683259848\n|-terastallize|p2a: Iron Hands|Grass\n|move|p1b: Chi-Yu|Protect|p1b: Chi-Yu\n|-singleturn|p1b: Chi-Yu|Protect\n|move|p1a: Flutter Mane|Moonblast|p2a: Iron Hands\n|-damage|p2a: Iron Hands|54\/100\n|-unboost|p2a: Iron Hands|spa|1\n|-damage|p1a: Flutter Mane|91\/100|[from] item: Life Orb\n|move|p2b: Gyarados|Waterfall|p1a: Flutter Mane\n|-damage|p1a: Flutter Mane|14\/100\n|move|p2a: Iron Hands|Wild Charge|p1a: Flutter Mane\n|-damage|p1a: Flutter Mane|0 fnt\n|faint|p1a: Flutter Mane\n|-end|p1a: Flutter Mane|Protosynthesis|[silent]\n|-damage|p2a: Iron Hands|52\/100|[from] Recoil\n|\n|upkeep\n|\n|t:|1683259867\n|switch|p1a: Tyranitar|Tyranitar, L50, M|100\/100\n|-weather|Sandstorm|[from] ability: Sand Stream|[of] p1a: Tyranitar\n|turn|2\n|\n|t:|1683259888\n|-end|p2a: Iron Hands|Quark Drive|[silent]\n|switch|p2a: Flutter Mane|Flutter Mane, L50|100\/100\n|-terastallize|p1b: Chi-Yu|Water\n|move|p1b: Chi-Yu|Heat Wave|p2a: Flutter Mane|[spread] p2a\n|-miss|p1b: Chi-Yu|p2b: Gyarados\n|-damage|p2a: Flutter Mane|49\/100\n|move|p2b: Gyarados|Waterfall|p1b: Chi-Yu\n|-resisted|p1b: Chi-Yu\n|-damage|p1b: Chi-Yu|72\/100\n|move|p1a: Tyranitar|Rock Slide|p2b: Gyarados|[spread] p2a,p2b\n|-supereffective|p2b: Gyarados\n|-damage|p2a: Flutter Mane|3\/100\n|-damage|p2b: Gyarados|26\/100\n|\n|-weather|Sandstorm|[upkeep]\n|-damage|p2a: Flutter Mane|0 fnt|[from] Sandstorm\n|-damage|p2b: Gyarados|20\/100|[from] Sandstorm\n|-enditem|p2b: Gyarados|Figy Berry|[eat]\n|-heal|p2b: Gyarados|53\/100|[from] item: Figy Berry\n|faint|p2a: Flutter Mane\n|-end|p2a: Flutter Mane|Protosynthesis|[silent]\n|upkeep\n|\n|t:|1683259908\n|switch|p2a: Iron Hands|Iron Hands, L50, tera:Grass|52\/100\n|turn|3\n|\n|t:|1683259929\n|switch|p1a: Dondozo|Dondozo, L50, M|100\/100\n|move|p1b: Chi-Yu|Protect|p1b: Chi-Yu\n|-singleturn|p1b: Chi-Yu|Protect\n|move|p2a: Iron Hands|Fake Out|p1b: Chi-Yu\n|-activate|p1b: Chi-Yu|move: Protect\n|move|p2b: Gyarados|Waterfall|p1a: Dondozo\n|-resisted|p1a: Dondozo\n|-damage|p1a: Dondozo|90\/100\n|\n|-weather|Sandstorm|[upkeep]\n|-damage|p2b: Gyarados|47\/100|[from] Sandstorm\n|-damage|p1a: Dondozo|84\/100|[from] Sandstorm\n|-damage|p2a: Iron Hands|47\/100|[from] Sandstorm\n|upkeep\n|turn|4\n|inactive|SavannahPandaVGC has 30 seconds left.\n|inactive|bwan has 30 seconds left.\n|inactive|SavannahPandaVGC has 20 seconds left.\n|inactive|SavannahPandaVGC has 15 seconds left.\n|\n|t:|1683259971\n|-end|p2a: Iron Hands|Quark Drive|[silent]\n|switch|p2a: Amoonguss|Amoonguss, L50, M|100\/100\n|move|p1b: Chi-Yu|Heat Wave|p2b: Gyarados|[spread] p2a,p2b\n|-supereffective|p2a: Amoonguss\n|-resisted|p2b: Gyarados\n|-damage|p2a: Amoonguss|15\/100\n|-damage|p2b: Gyarados|30\/100\n|-status|p2b: Gyarados|brn\n|-enditem|p2a: Amoonguss|Sitrus Berry|[eat]\n|-heal|p2a: Amoonguss|40\/100|[from] item: Sitrus Berry\n|move|p2b: Gyarados|Thunder Wave|p1b: Chi-Yu\n|-status|p1b: Chi-Yu|par\n|move|p1a: Dondozo|Wave Crash|p2b: Gyarados\n|-resisted|p2b: Gyarados\n|-damage|p2b: Gyarados|3\/100 brn\n|-damage|p1a: Dondozo|76\/100|[from] Recoil\n|\n|-weather|Sandstorm|[upkeep]\n|-damage|p2b: Gyarados|0 fnt|[from] Sandstorm\n|-damage|p1a: Dondozo|70\/100|[from] Sandstorm\n|-damage|p2a: Amoonguss|34\/100|[from] Sandstorm\n|faint|p2b: Gyarados\n|upkeep\n|\n|t:|1683259989\n|switch|p2b: Iron Hands|Iron Hands, L50, tera:Grass|47\/100\n|turn|5\n|\n|t:|1683259997\n|switch|p1b: Tyranitar|Tyranitar, L50, M|100\/100\n|move|p1a: Dondozo|Protect|p1a: Dondozo\n|-singleturn|p1a: Dondozo|Protect\n|move|p2b: Iron Hands|Fake Out|p1b: Tyranitar\n|-resisted|p1b: Tyranitar\n|-damage|p1b: Tyranitar|95\/100\n|move|p2a: Amoonguss|Pollen Puff|p2b: Iron Hands\n|-heal|p2b: Iron Hands|96\/100\n|\n|-weather|Sandstorm|[upkeep]\n|-damage|p1a: Dondozo|64\/100|[from] Sandstorm\n|-damage|p2b: Iron Hands|90\/100|[from] Sandstorm\n|-damage|p2a: Amoonguss|28\/100|[from] Sandstorm\n|upkeep\n|turn|6\n|inactive|SavannahPandaVGC has 30 seconds left.\n|\n|t:|1683260022\n|move|p1b: Tyranitar|Rock Slide|p2b: Iron Hands|[spread] p2a,p2b\n|-damage|p2a: Amoonguss|0 fnt\n|-damage|p2b: Iron Hands|67\/100\n|faint|p2a: Amoonguss\n|move|p1a: Dondozo|Yawn|p2b: Iron Hands\n|-start|p2b: Iron Hands|move: Yawn|[of] p1a: Dondozo\n|cant|p2b: Iron Hands|flinch\n|\n|-weather|none\n|upkeep\n|turn|7\n|\n|t:|1683260036\n|move|p1a: Dondozo|Protect|p1a: Dondozo\n|-singleturn|p1a: Dondozo|Protect\n|move|p1b: Tyranitar|Rock Slide|p2b: Iron Hands\n|-damage|p2b: Iron Hands|36\/100\n|cant|p2b: Iron Hands|flinch\n|\n|-end|p2b: Iron Hands|move: Yawn|[silent]\n|-status|p2b: Iron Hands|slp\n|upkeep\n|turn|8\n|\n|t:|1683260050\n|move|p1b: Tyranitar|Assurance|p2b: Iron Hands\n|-damage|p2b: Iron Hands|9\/100 slp\n|move|p1a: Dondozo|Wave Crash|p2b: Iron Hands\n|-resisted|p2b: Iron Hands\n|-damage|p2b: Iron Hands|0 fnt\n|faint|p2b: Iron Hands\n|-end|p2b: Iron Hands|Quark Drive|[silent]\n|-damage|p1a: Dondozo|60\/100|[from] Recoil\n|\n|win|bwan\n|raw|bwan's rating: 1295 → 1321<\/strong> (+26 for winning)\n|raw|SavannahPandaVGC's rating: 1303 → 1283<\/strong> (-20 for losing)\n|l|\u2606bwan\n","uploadtime":1683260135,"views":6,"p1id":"bwan","p2id":"savannahpandavgc","formatid":"gen9vgc2023regulationc","rating":1283,"private":0,"password":""}