{"id":"gen9vgc2023regulationc-1845224630","p1":"Mass&Energy!","p2":"Ricardo Randorez","format":"[Gen 9] VGC 2023 Regulation C","log":"|j|\u2606Mass&Energy!\n|j|\u2606Ricardo Randorez\n|t:|1681698591\n|gametype|doubles\n|player|p1|Mass&Energy!|psychic-gen4|1119\n|player|p2|Ricardo Randorez|265|1204\n|teamsize|p1|6\n|teamsize|p2|6\n|gen|9\n|tier|[Gen 9] VGC 2023 Regulation C\n|rated|\n|rule|Species Clause: Limit one of each Pok\u00e9mon\n|rule|Item Clause: Limit one of each item\n|clearpoke\n|poke|p1|Clodsire, L50, M|\n|poke|p1|Pelipper, L50, M|\n|poke|p1|Chansey, L50, F|\n|poke|p1|Vaporeon, L50, F|\n|poke|p1|Grimmsnarl, L50, M|\n|poke|p1|Bellibolt, L50, F|\n|poke|p2|Gyarados, L50, M|\n|poke|p2|Arcanine, L50, M|\n|poke|p2|Dragonite, L50, F|\n|poke|p2|Flutter Mane, L50|\n|poke|p2|Volcarona, L50, F|\n|poke|p2|Chien-Pao, L50|\n|teampreview|4\n|inactive|Battle timer is ON: inactive players will automatically lose when time's up. (requested by Mass&Energy!)\n|inactive|Ricardo Randorez has 60 seconds left.\n|\n|t:|1681698656\n|start\n|switch|p1a: Vaporeon|Vaporeon, L50, F|100\/100\n|switch|p1b: Pelipper|Pelipper, L50, M|100\/100\n|switch|p2a: Dragonite|Dragonite, L50, F|100\/100\n|switch|p2b: Flutter Mane|Flutter Mane, L50|100\/100\n|-weather|RainDance|[from] ability: Drizzle|[of] p1b: Pelipper\n|-enditem|p2b: Flutter Mane|Booster Energy\n|-activate|p2b: Flutter Mane|ability: Protosynthesis|[fromitem]\n|-start|p2b: Flutter Mane|protosynthesisspe\n|turn|1\n|inactive|Ricardo Randorez has 30 seconds left.\n|\n|t:|1681698686\n|-terastallize|p2a: Dragonite|Normal\n|move|p2a: Dragonite|Extreme Speed|p1a: Vaporeon\n|-damage|p1a: Vaporeon|22\/100\n|move|p2b: Flutter Mane|Thunderbolt|p1b: Pelipper\n|-supereffective|p1b: Pelipper\n|-damage|p1b: Pelipper|0 fnt\n|faint|p1b: Pelipper\n|move|p1a: Vaporeon|Substitute|p1a: Vaporeon\n|-fail|p1a: Vaporeon|move: Substitute|[weak]\n|\n|-weather|RainDance|[upkeep]\n|upkeep\n|\n|t:|1681698701\n|switch|p1b: Clodsire|Clodsire, L50, M|100\/100\n|turn|2\n|\n|t:|1681698718\n|move|p2a: Dragonite|Extreme Speed|p1b: Clodsire\n|-damage|p1b: Clodsire|46\/100\n|move|p2b: Flutter Mane|Thunderbolt|p1a: Vaporeon\n|-supereffective|p1a: Vaporeon\n|-damage|p1a: Vaporeon|0 fnt\n|faint|p1a: Vaporeon\n|move|p1b: Clodsire|Toxic|p2a: Dragonite\n|-status|p2a: Dragonite|tox\n|\n|-weather|RainDance|[upkeep]\n|-heal|p1b: Clodsire|52\/100|[from] item: Black Sludge\n|-damage|p2a: Dragonite|94\/100 tox|[from] psn\n|upkeep\n|\n|t:|1681698729\n|switch|p1a: Chansey|Chansey, L50, F|100\/100\n|turn|3\n|\n|t:|1681698743\n|-end|p2b: Flutter Mane|Protosynthesis|[silent]\n|switch|p2b: Chien-Pao|Chien-Pao, L50|100\/100\n|-ability|p2b: Chien-Pao|Sword of Ruin\n|move|p1b: Clodsire|Protect|p1b: Clodsire\n|-singleturn|p1b: Clodsire|Protect\n|move|p2a: Dragonite|Extreme Speed|p1b: Clodsire\n|-activate|p1b: Clodsire|move: Protect\n|move|p1a: Chansey|Life Dew||[still]|[spread] \n|-heal|p1b: Clodsire|76\/100|[from] ability: Water Absorb|[of] p1a: Chansey\n|-fail|p1a: Chansey|heal\n|\n|-weather|RainDance|[upkeep]\n|-heal|p1b: Clodsire|82\/100|[from] item: Black Sludge\n|-damage|p2a: Dragonite|82\/100 tox|[from] psn\n|upkeep\n|turn|4\n|\n|t:|1681698764\n|-terastallize|p1b: Clodsire|Poison\n|move|p2a: Dragonite|Extreme Speed|p1b: Clodsire\n|-damage|p1b: Clodsire|18\/100\n|move|p2b: Chien-Pao|Sacred Sword|p1a: Chansey\n|-supereffective|p1a: Chansey\n|-damage|p1a: Chansey|52\/100\n|move|p1a: Chansey|Seismic Toss|p2a: Dragonite\n|-damage|p2a: Dragonite|56\/100 tox\n|move|p1b: Clodsire|Toxic|p2b: Chien-Pao\n|-status|p2b: Chien-Pao|tox\n|\n|-weather|RainDance|[upkeep]\n|-heal|p1b: Clodsire|24\/100|[from] item: Black Sludge\n|-damage|p2b: Chien-Pao|95\/100 tox|[from] psn\n|-damage|p2a: Dragonite|37\/100 tox|[from] psn\n|upkeep\n|turn|5\n|\n|t:|1681698787\n|move|p1a: Chansey|Protect|p1a: Chansey\n|-singleturn|p1a: Chansey|Protect\n|move|p1b: Clodsire|Protect|p1b: Clodsire\n|-singleturn|p1b: Clodsire|Protect\n|move|p2a: Dragonite|Extreme Speed|p1a: Chansey\n|-activate|p1a: Chansey|move: Protect\n|move|p2b: Chien-Pao|Sacred Sword|p1a: Chansey\n|-activate|p1a: Chansey|move: Protect\n|\n|-weather|none\n|-heal|p1b: Clodsire|30\/100|[from] item: Black Sludge\n|-damage|p2b: Chien-Pao|83\/100 tox|[from] psn\n|-damage|p2a: Dragonite|12\/100 tox|[from] psn\n|upkeep\n|turn|6\n|\n|t:|1681698807\n|move|p1b: Clodsire|Protect||[still]\n|-fail|p1b: Clodsire\n|move|p2a: Dragonite|Extreme Speed|p1a: Chansey\n|-damage|p1a: Chansey|0 fnt\n|faint|p1a: Chansey\n|move|p2b: Chien-Pao|Sacred Sword|p1b: Clodsire\n|-resisted|p1b: Clodsire\n|-damage|p1b: Clodsire|16\/100\n|\n|-heal|p1b: Clodsire|22\/100|[from] item: Black Sludge\n|-damage|p2b: Chien-Pao|66\/100 tox|[from] psn\n|-damage|p2a: Dragonite|0 fnt|[from] psn\n|faint|p2a: Dragonite\n|upkeep\n|\n|t:|1681698823\n|switch|p2a: Gyarados|Gyarados, L50, M|100\/100\n|turn|7\n|\n|t:|1681698831\n|move|p1b: Clodsire|Protect|p1b: Clodsire\n|-singleturn|p1b: Clodsire|Protect\n|move|p2b: Chien-Pao|Sucker Punch||[still]\n|-fail|p2b: Chien-Pao\n|move|p2a: Gyarados|Dragon Dance|p2a: Gyarados\n|-boost|p2a: Gyarados|atk|1\n|-boost|p2a: Gyarados|spe|1\n|\n|-heal|p1b: Clodsire|28\/100|[from] item: Black Sludge\n|-damage|p2b: Chien-Pao|42\/100 tox|[from] psn\n|upkeep\n|turn|8\n|\n|t:|1681698841\n|move|p2b: Chien-Pao|Ice Spinner|p1b: Clodsire\n|-damage|p1b: Clodsire|0 fnt\n|faint|p1b: Clodsire\n|\n|win|Ricardo Randorez\n|raw|Mass&Energy!'s rating: 1119 → 1100<\/strong> (-19 for losing)\n|raw|Ricardo Randorez's rating: 1204 → 1223<\/strong> (+19 for winning)\n|l|\u2606Mass&Energy!\n","uploadtime":1681698848,"views":5,"p1id":"massenergy","p2id":"ricardorandorez","formatid":"gen9vgc2023regulationc","rating":1100,"private":0,"password":""}