{"id":"gen9vgc2023regulationc-1857096204","p1":"NicoHaxVGC","p2":"Barbilla Partida","format":"[Gen 9] VGC 2023 Regulation C","log":"|j|\u2606NicoHaxVGC\n|j|\u2606Barbilla Partida\n|t:|1683145378\n|gametype|doubles\n|player|p1|NicoHaxVGC|red|1390\n|player|p2|Barbilla Partida|benga|1366\n|teamsize|p1|6\n|teamsize|p2|6\n|gen|9\n|tier|[Gen 9] VGC 2023 Regulation C\n|rated|\n|rule|Species Clause: Limit one of each Pok\u00e9mon\n|rule|Item Clause: Limit one of each item\n|clearpoke\n|poke|p1|Corviknight, L50, F|\n|poke|p1|Ting-Lu, L50|\n|poke|p1|Annihilape, L50, M|\n|poke|p1|Maushold, L50|\n|poke|p1|Iron Bundle, L50|\n|poke|p1|Flutter Mane, L50|\n|poke|p2|Grimmsnarl, L50, M|\n|poke|p2|Tyranitar, L50, F|\n|poke|p2|Annihilape, L50, F|\n|poke|p2|Gastrodon-East, L50, M|\n|poke|p2|Flutter Mane, L50|\n|poke|p2|Lycanroc, L50, F|\n|teampreview|4\n|inactive|Battle timer is ON: inactive players will automatically lose when time's up. (requested by NicoHaxVGC)\n|inactive|NicoHaxVGC has 60 seconds left.\n|inactive|Barbilla Partida has 60 seconds left.\n|\n|t:|1683145428\n|start\n|switch|p1a: Cyborg|Iron Bundle, L50|100\/100\n|switch|p1b: Star fire|Flutter Mane, L50|100\/100\n|switch|p2a: Lycanroc|Lycanroc, L50, F, shiny|100\/100\n|switch|p2b: Tyranitar|Tyranitar, L50, F|100\/100\n|-weather|Sandstorm|[from] ability: Sand Stream|[of] p2b: Tyranitar\n|-enditem|p1a: Cyborg|Booster Energy\n|-activate|p1a: Cyborg|ability: Quark Drive|[fromitem]\n|-start|p1a: Cyborg|quarkdrivespe\n|turn|1\n|\n|t:|1683145443\n|move|p2a: Lycanroc|Rock Blast|p1b: Star fire\n|-damage|p1b: Star fire|72\/100\n|-damage|p1b: Star fire|45\/100\n|-hitcount|p1b: Star fire|2\n|move|p1a: Cyborg|Icy Wind|p2a: Lycanroc|[spread] p2a,p2b\n|-crit|p2a: Lycanroc\n|-damage|p2a: Lycanroc|70\/100\n|-damage|p2b: Tyranitar|90\/100\n|-unboost|p2a: Lycanroc|spe|1\n|-unboost|p2b: Tyranitar|spe|1\n|move|p1b: Star fire|Dazzling Gleam|p2a: Lycanroc|[spread] p2a,p2b\n|-supereffective|p2b: Tyranitar\n|-damage|p2a: Lycanroc|16\/100\n|-damage|p2b: Tyranitar|42\/100\n|move|p2b: Tyranitar|Rock Slide|p1a: Cyborg|[spread] p1a,p1b\n|-supereffective|p1a: Cyborg\n|-damage|p1a: Cyborg|25\/100\n|-damage|p1b: Star fire|0 fnt\n|faint|p1b: Star fire\n|-end|p1b: Star fire|Protosynthesis|[silent]\n|\n|-weather|Sandstorm|[upkeep]\n|-damage|p1a: Cyborg|19\/100|[from] Sandstorm\n|upkeep\n|\n|t:|1683145462\n|switch|p1b: Beast boy|Ting-Lu, L50|100\/100\n|-ability|p1b: Beast boy|Vessel of Ruin\n|turn|2\n|\n|t:|1683145472\n|switch|p2a: Enrique|Gastrodon-East, L50, M|100\/100\n|-terastallize|p1a: Cyborg|Ghost\n|move|p1a: Cyborg|Icy Wind|p2a: Enrique|[spread] p2a,p2b\n|-damage|p2a: Enrique|87\/100\n|-damage|p2b: Tyranitar|35\/100\n|-unboost|p2a: Enrique|spe|1\n|-unboost|p2b: Tyranitar|spe|1\n|move|p1b: Beast boy|Stomping Tantrum|p2b: Tyranitar\n|-supereffective|p2b: Tyranitar\n|-damage|p2b: Tyranitar|0 fnt\n|faint|p2b: Tyranitar\n|\n|-weather|Sandstorm|[upkeep]\n|-damage|p1a: Cyborg|14\/100|[from] Sandstorm\n|-heal|p2a: Enrique|93\/100|[from] item: Leftovers\n|upkeep\n|\n|t:|1683145482\n|switch|p2b: Lycanroc|Lycanroc, L50, F, shiny|16\/100\n|turn|3\n|\n|t:|1683145505\n|-end|p1a: Cyborg|Quark Drive|[silent]\n|switch|p1a: Raven|Corviknight, L50, F|100\/100\n|move|p2b: Lycanroc|Rock Slide|p1a: Raven|[spread] p1a,p1b\n|-resisted|p1b: Beast boy\n|-damage|p1a: Raven|65\/100\n|-damage|p1b: Beast boy|90\/100\n|cant|p1b: Beast boy|flinch\n|move|p2a: Enrique|Yawn|p1b: Beast boy\n|-start|p1b: Beast boy|move: Yawn|[of] p2a: Enrique\n|\n|-weather|Sandstorm|[upkeep]\n|-heal|p2a: Enrique|99\/100|[from] item: Leftovers\n|upkeep\n|turn|4\n|\n|t:|1683145525\n|move|p2b: Lycanroc|Rock Slide|p1a: Raven|[spread] p1a,p1b\n|-resisted|p1b: Beast boy\n|-damage|p1a: Raven|32\/100\n|-damage|p1b: Beast boy|80\/100\n|move|p1a: Raven|Iron Head|p2b: Lycanroc\n|-supereffective|p2b: Lycanroc\n|-damage|p2b: Lycanroc|0 fnt\n|faint|p2b: Lycanroc\n|cant|p1b: Beast boy|flinch\n|move|p2a: Enrique|Yawn|p1a: Raven\n|-start|p1a: Raven|move: Yawn|[of] p2a: Enrique\n|\n|-weather|Sandstorm|[upkeep]\n|-heal|p2a: Enrique|100\/100|[from] item: Leftovers\n|-end|p1b: Beast boy|move: Yawn|[silent]\n|-status|p1b: Beast boy|slp\n|upkeep\n|\n|t:|1683145535\n|switch|p2b: Annihilape|Annihilape, L50, F|100\/100\n|turn|5\n|inactive|NicoHaxVGC has 30 seconds left.\n|\n|t:|1683145562\n|switch|p1a: Cyborg|Iron Bundle, L50, tera:Ghost|14\/100\n|move|p2b: Annihilape|Thunder Punch|p1a: Cyborg\n|-damage|p1a: Cyborg|0 fnt\n|faint|p1a: Cyborg\n|-end|p1a: Cyborg|Quark Drive|[silent]\n|cant|p1b: Beast boy|slp\n|move|p2a: Enrique|Icy Wind|p1b: Beast boy\n|-supereffective|p1b: Beast boy\n|-damage|p1b: Beast boy|69\/100 slp\n|-unboost|p1b: Beast boy|spe|1\n|\n|-weather|none\n|upkeep\n|\n|t:|1683145574\n|switch|p1a: Raven|Corviknight, L50, F|32\/100\n|turn|6\n|\n|t:|1683145582\n|move|p2b: Annihilape|Thunder Punch|p1a: Raven\n|-supereffective|p1a: Raven\n|-damage|p1a: Raven|0 fnt\n|faint|p1a: Raven\n|cant|p1b: Beast boy|slp\n|move|p2a: Enrique|Icy Wind|p1b: Beast boy\n|-supereffective|p1b: Beast boy\n|-damage|p1b: Beast boy|57\/100 slp\n|-unboost|p1b: Beast boy|spe|1\n|\n|upkeep\n|turn|7\n|c|\u2606NicoHaxVGC|gg\n|\n|t:|1683145594\n|move|p2b: Annihilape|Drain Punch|p1b: Beast boy\n|-supereffective|p1b: Beast boy\n|-damage|p1b: Beast boy|26\/100 slp\n|move|p2a: Enrique|Earth Power|p1b: Beast boy\n|-damage|p1b: Beast boy|11\/100 slp\n|-curestatus|p1b: Beast boy|slp|[msg]\n|move|p1b: Beast boy|Stomping Tantrum|p2b: Annihilape\n|-damage|p2b: Annihilape|42\/100\n|\n|upkeep\n|turn|8\n|\n|t:|1683145603\n|move|p2b: Annihilape|Drain Punch|p1b: Beast boy\n|-supereffective|p1b: Beast boy\n|-damage|p1b: Beast boy|0 fnt\n|-heal|p2b: Annihilape|47\/100|[from] drain|[of] p1b: Beast boy\n|faint|p1b: Beast boy\n|\n|win|Barbilla Partida\n|raw|NicoHaxVGC's rating: 1390 → 1369<\/strong> (-21 for losing)\n|raw|Barbilla Partida's rating: 1366 → 1387<\/strong> (+21 for winning)\n","uploadtime":1683145606,"views":13,"p1id":"nicohaxvgc","p2id":"barbillapartida","formatid":"gen9vgc2023regulationc","rating":1369,"private":0,"password":""}