{"id":"gen9vgc2023regulationc-1852134700","p1":"12donau","p2":"bbfbfdbdfd","format":"[Gen 9] VGC 2023 Regulation C","log":"|j|\u260612donau\n|j|\u2606bbfbfdbdfd\n|t:|1682526996\n|gametype|doubles\n|player|p1|12donau|harlequin|1155\n|player|p2|bbfbfdbdfd|170|1082\n|teamsize|p1|6\n|teamsize|p2|6\n|gen|9\n|tier|[Gen 9] VGC 2023 Regulation C\n|rated|\n|rule|Species Clause: Limit one of each Pok\u00e9mon\n|rule|Item Clause: Limit one of each item\n|clearpoke\n|poke|p1|Kingambit, L50, M|\n|poke|p1|Hydreigon, L50, M|\n|poke|p1|Azumarill, L50, M|\n|poke|p1|Maushold, L50|\n|poke|p1|Annihilape, L50, F|\n|poke|p1|Dudunsparce-*, L50, F|\n|poke|p2|Kingambit, L50, M|\n|poke|p2|Farigiraf, L50, F|\n|poke|p2|Palafin, L50, M|\n|poke|p2|Abomasnow, L50, M|\n|poke|p2|Iron Bundle, L50|\n|poke|p2|Chi-Yu, L50|\n|teampreview|4\n|\n|t:|1682527061\n|start\n|switch|p1a: Annihilape|Annihilape, L50, F|100\/100\n|switch|p1b: Maushold|Maushold, L50|100\/100\n|switch|p2a: Abomasnow|Abomasnow, L50, M|100\/100\n|switch|p2b: Chi-Yu|Chi-Yu, L50|100\/100\n|-ability|p2b: Chi-Yu|Beads of Ruin\n|-weather|Snow|[from] ability: Snow Warning|[of] p2a: Abomasnow\n|turn|1\n|\n|t:|1682527081\n|move|p2b: Chi-Yu|Protect|p2b: Chi-Yu\n|-singleturn|p2b: Chi-Yu|Protect\n|move|p1b: Maushold|Super Fang|p2a: Abomasnow\n|-damage|p2a: Abomasnow|51\/100\n|move|p1a: Annihilape|Drain Punch|p2b: Chi-Yu\n|-activate|p2b: Chi-Yu|move: Protect\n|move|p2a: Abomasnow|Blizzard|p1b: Maushold|[spread] p1a,p1b\n|-damage|p1a: Annihilape|66\/100\n|-damage|p1b: Maushold|34\/100\n|\n|-weather|Snow|[upkeep]\n|-heal|p1a: Annihilape|71\/100|[from] item: Leftovers\n|upkeep\n|turn|2\n|\n|t:|1682527109\n|-terastallize|p1a: Annihilape|Fire\n|move|p1b: Maushold|Super Fang|p2a: Abomasnow\n|-damage|p2a: Abomasnow|26\/100\n|move|p2b: Chi-Yu|Heat Wave|p1b: Maushold|[spread] p1a,p1b\n|-resisted|p1a: Annihilape\n|-damage|p1a: Annihilape|46\/100\n|-damage|p1b: Maushold|0 fnt\n|faint|p1b: Maushold\n|-damage|p2b: Chi-Yu|90\/100|[from] item: Life Orb\n|move|p1a: Annihilape|Drain Punch|p2b: Chi-Yu\n|-supereffective|p2b: Chi-Yu\n|-damage|p2b: Chi-Yu|0 fnt\n|-heal|p1a: Annihilape|77\/100|[from] drain|[of] p2b: Chi-Yu\n|faint|p2b: Chi-Yu\n|move|p2a: Abomasnow|Blizzard|p1a: Annihilape\n|-resisted|p1a: Annihilape\n|-damage|p1a: Annihilape|52\/100\n|\n|-weather|Snow|[upkeep]\n|-heal|p1a: Annihilape|58\/100|[from] item: Leftovers\n|upkeep\n|\n|t:|1682527131\n|switch|p1b: Azumarill|Azumarill, L50, M|100\/100\n|switch|p2b: Farigiraf|Farigiraf, L50, F|100\/100\n|turn|3\n|\n|t:|1682527172\n|move|p2a: Abomasnow|Protect|p2a: Abomasnow\n|-singleturn|p2a: Abomasnow|Protect\n|move|p1a: Annihilape|Drain Punch|p2a: Abomasnow\n|-activate|p2a: Abomasnow|move: Protect\n|move|p2b: Farigiraf|Hyper Voice|p1b: Azumarill|[spread] p1a,p1b\n|-damage|p1a: Annihilape|23\/100\n|-damage|p1b: Azumarill|67\/100\n|-enditem|p2b: Farigiraf|Throat Spray\n|-boost|p2b: Farigiraf|spa|1|[from] item: Throat Spray\n|move|p1b: Azumarill|Play Rough|p2b: Farigiraf\n|-damage|p2b: Farigiraf|37\/100\n|\n|-weather|Snow|[upkeep]\n|-heal|p1a: Annihilape|29\/100|[from] item: Leftovers\n|upkeep\n|turn|4\n|\n|t:|1682527193\n|move|p2a: Abomasnow|Protect|p2a: Abomasnow\n|-singleturn|p2a: Abomasnow|Protect\n|move|p1a: Annihilape|Drain Punch|p2a: Abomasnow\n|-activate|p2a: Abomasnow|move: Protect\n|move|p2b: Farigiraf|Hyper Voice|p1a: Annihilape|[spread] p1a,p1b\n|-damage|p1a: Annihilape|0 fnt\n|-damage|p1b: Azumarill|17\/100\n|-enditem|p1b: Azumarill|Sitrus Berry|[eat]\n|-heal|p1b: Azumarill|41\/100|[from] item: Sitrus Berry\n|faint|p1a: Annihilape\n|move|p1b: Azumarill|Play Rough|p2b: Farigiraf\n|-damage|p2b: Farigiraf|0 fnt\n|faint|p2b: Farigiraf\n|\n|-weather|Snow|[upkeep]\n|upkeep\n|n|!12donau|12donau\n|\n|t:|1682527207\n|switch|p1a: Kingambit|Kingambit, L50, M|100\/100\n|switch|p2b: Kingambit|Kingambit, L50, M|100\/100\n|-activate|p1a: Kingambit|ability: Supreme Overlord\n|-start|p1a: Kingambit|fallen2|[silent]\n|turn|5\n|\n|t:|1682527239\n|-terastallize|p2b: Kingambit|Fire\n|move|p1b: Azumarill|Protect|p1b: Azumarill\n|-singleturn|p1b: Azumarill|Protect\n|move|p2a: Abomasnow|Giga Drain|p1b: Azumarill\n|-activate|p1b: Azumarill|move: Protect\n|move|p2b: Kingambit|Swords Dance|p2b: Kingambit\n|-boost|p2b: Kingambit|atk|2\n|move|p1a: Kingambit|Iron Head|p2a: Abomasnow\n|-supereffective|p2a: Abomasnow\n|-damage|p2a: Abomasnow|0 fnt\n|faint|p2a: Abomasnow\n|\n|-weather|Snow|[upkeep]\n|upkeep\n|turn|6\n|\n|t:|1682527256\n|move|p1a: Kingambit|Sucker Punch|p2b: Kingambit\n|-damage|p2b: Kingambit|65\/100\n|move|p1b: Azumarill|Aqua Jet|p2b: Kingambit\n|-supereffective|p2b: Kingambit\n|-damage|p2b: Kingambit|24\/100\n|move|p2b: Kingambit|Assurance|p1b: Azumarill\n|-resisted|p1b: Azumarill\n|-damage|p1b: Azumarill|0 fnt\n|faint|p1b: Azumarill\n|\n|-weather|Snow|[upkeep]\n|upkeep\n|turn|7\n|\n|t:|1682527267\n|move|p1a: Kingambit|Sucker Punch||[still]\n|-fail|p1a: Kingambit\n|move|p2b: Kingambit|Swords Dance|p2b: Kingambit\n|-boost|p2b: Kingambit|atk|2\n|\n|-weather|Snow|[upkeep]\n|upkeep\n|turn|8\n|\n|t:|1682527287\n|move|p1a: Kingambit|Sucker Punch||[still]\n|-fail|p1a: Kingambit\n|move|p2b: Kingambit|Swords Dance|p2b: Kingambit\n|-boost|p2b: Kingambit|atk|2\n|\n|-weather|none\n|upkeep\n|turn|9\n|\n|t:|1682527302\n|move|p1a: Kingambit|Sucker Punch|p2b: Kingambit\n|-damage|p2b: Kingambit|0 fnt\n|faint|p2b: Kingambit\n|\n|win|12donau\n|raw|12donau's rating: 1130 → 1152<\/strong> (+22 for winning)\n|raw|bbfbfdbdfd's rating: 1082 → 1063<\/strong> (-19 for losing)\n","uploadtime":1682527203,"views":14,"p1id":"12donau","p2id":"bbfbfdbdfd","formatid":"gen9vgc2023regulationc","rating":1063,"private":0,"password":""}