{"id":"gen9vgc2023regulationc-1846711554","p1":"SpeedFreak01","p2":"Lady Norsuiza","format":"[Gen 9] VGC 2023 Regulation C","log":"|j|\u2606SpeedFreak01\n|j|\u2606Lady Norsuiza\n|t:|1681868829\n|gametype|doubles\n|player|p1|SpeedFreak01|lyra|1094\n|player|p2|Lady Norsuiza|169|1037\n|teamsize|p1|6\n|teamsize|p2|6\n|gen|9\n|tier|[Gen 9] VGC 2023 Regulation C\n|rated|\n|rule|Species Clause: Limit one of each Pok\u00e9mon\n|rule|Item Clause: Limit one of each item\n|clearpoke\n|poke|p1|Dachsbun, L50, F|\n|poke|p1|Chi-Yu, L50|\n|poke|p1|Dondozo, L50, F|\n|poke|p1|Tatsugiri, L50, F|\n|poke|p1|Garganacl, L50, F|\n|poke|p1|Amoonguss, L50, F|\n|poke|p2|Grimmsnarl, L50, M|\n|poke|p2|Grafaiai, L50, M|\n|poke|p2|Scovillain, L50, F|\n|poke|p2|Ceruledge, L50, F|\n|poke|p2|Garganacl, L50, F|\n|poke|p2|Torkoal, L50, M|\n|teampreview|4\nSpeedFreak01 has agreed to open team sheets.\n|\n|t:|1681868847\n|start\n|switch|p1a: Greggs|Dachsbun, L50, F|100\/100\n|switch|p1b: And Chips|Chi-Yu, L50|100\/100\n|switch|p2a: Grimmsnarl|Grimmsnarl, L50, M|100\/100\n|switch|p2b: Grafaiai|Grafaiai, L50, M|100\/100\n|-ability|p1b: And Chips|Beads of Ruin\n|turn|1\n|\n|t:|1681868858\n|move|p2b: Grafaiai|Toxic|p1b: And Chips\n|-hint|Since gen 7, Dark is immune to Prankster moves.\n|-immune|p1b: And Chips\n|move|p2a: Grimmsnarl|Light Screen|p2a: Grimmsnarl\n|-sidestart|p2: Lady Norsuiza|move: Light Screen\n|move|p1b: And Chips|Lava Plume|p2b: Grafaiai|[spread] p2a,p2b\n|-ability|p1a: Greggs|Well-Baked Body|boost\n|-boost|p1a: Greggs|def|2\n|-damage|p2a: Grimmsnarl|70\/100\n|-damage|p2b: Grafaiai|72\/100\n|move|p1a: Greggs|Substitute|p1a: Greggs\n|-start|p1a: Greggs|Substitute\n|-damage|p1a: Greggs|75\/100\n|\n|-heal|p2b: Grafaiai|78\/100|[from] item: Black Sludge\n|-heal|p1a: Greggs|82\/100|[from] item: Leftovers\n|upkeep\n|turn|2\n|\n|t:|1681868890\n|move|p2b: Grafaiai|Toxic||[still]\n|-fail|p2b: Grafaiai\n|move|p2a: Grimmsnarl|Reflect|p2a: Grimmsnarl\n|-sidestart|p2: Lady Norsuiza|Reflect\n|move|p1b: And Chips|Lava Plume|p2a: Grimmsnarl|[spread] p2a,p2b\n|-ability|p1a: Greggs|Well-Baked Body|boost\n|-boost|p1a: Greggs|def|2\n|-damage|p2a: Grimmsnarl|41\/100\n|-damage|p2b: Grafaiai|53\/100\n|move|p1a: Greggs|Body Press|p2b: Grafaiai\n|-damage|p2b: Grafaiai|0 fnt\n|faint|p2b: Grafaiai\n|\n|-heal|p1a: Greggs|88\/100|[from] item: Leftovers\n|upkeep\n|\n|t:|1681868917\n|switch|p2b: Garganacl|Garganacl, L50, F, shiny|100\/100\n|turn|3\n|\n|t:|1681868923\n|move|p1b: And Chips|Lava Plume|p2a: Grimmsnarl|[spread] p2a,p2b\n|-ability|p1a: Greggs|Well-Baked Body|boost\n|-boost|p1a: Greggs|def|2\n|-resisted|p2b: Garganacl\n|-damage|p2a: Grimmsnarl|12\/100\n|-damage|p2b: Garganacl|91\/100\n|move|p1a: Greggs|Body Press|p2b: Garganacl\n|-supereffective|p2b: Garganacl\n|-damage|p2b: Garganacl|6\/100\n|move|p2a: Grimmsnarl|Drain Punch|p1b: And Chips\n|-supereffective|p1b: And Chips\n|-damage|p1b: And Chips|12\/100\n|-heal|p2a: Grimmsnarl|43\/100|[from] drain|[of] p1b: And Chips\n|move|p2b: Garganacl|Iron Defense|p2b: Garganacl\n|-boost|p2b: Garganacl|def|2\n|\n|-heal|p1a: Greggs|94\/100|[from] item: Leftovers\n|-heal|p2b: Garganacl|12\/100|[from] item: Leftovers\n|upkeep\n|turn|4\n|\n|t:|1681868944\n|move|p1b: And Chips|Lava Plume|p2a: Grimmsnarl|[spread] p2a,p2b\n|-immune|p1a: Greggs|[from] ability: Well-Baked Body\n|-resisted|p2b: Garganacl\n|-crit|p2b: Garganacl\n|-damage|p2a: Grimmsnarl|10\/100\n|-damage|p2b: Garganacl|0 fnt\n|faint|p2b: Garganacl\n|move|p1a: Greggs|Body Press|p2a: Grimmsnarl\n|-damage|p2a: Grimmsnarl|0 fnt\n|faint|p2a: Grimmsnarl\n|\n|-heal|p1a: Greggs|99\/100|[from] item: Leftovers\n|upkeep\n|\n|t:|1681868957\n|switch|p2a: Scovillain|Scovillain, L50, F|100\/100\n|turn|5\n|\n|t:|1681868967\n|move|p1b: And Chips|Heat Wave|p2a: Scovillain\n|-damage|p2a: Scovillain|25\/100\n|move|p2a: Scovillain|Flamethrower|p1b: And Chips\n|-resisted|p1b: And Chips\n|-damage|p1b: And Chips|0 fnt\n|faint|p1b: And Chips\n|-damage|p2a: Scovillain|15\/100|[from] item: Life Orb\n|move|p1a: Greggs|Body Press|p2a: Scovillain\n|-damage|p2a: Scovillain|0 fnt\n|faint|p2a: Scovillain\n|\n|win|SpeedFreak01\n|raw|SpeedFreak01's rating: 1094 → 1116<\/strong> (+22 for winning)\n|raw|Lady Norsuiza's rating: 1037 → 1024<\/strong> (-13 for losing)\n|l|\u2606Lady Norsuiza\n|c|\u2606SpeedFreak01|gg!\n","uploadtime":1681868981,"views":15,"p1id":"speedfreak01","p2id":"ladynorsuiza","formatid":"gen9vgc2023regulationc","rating":1024,"private":0,"password":""}