{"id":"gen9vgc2023regulationc-1845757830","p1":"Samax2599","p2":"thejordan104","format":"[Gen 9] VGC 2023 Regulation C","log":"|j|\u2606Samax2599\n|j|\u2606thejordan104\n|t:|1681761766\n|gametype|doubles\n|player|p1|Samax2599|101|\n|player|p2|thejordan104|101|\n|teamsize|p1|6\n|teamsize|p2|6\n|gen|9\n|tier|[Gen 9] VGC 2023 Regulation C\n|rule|Species Clause: Limit one of each Pok\u00e9mon\n|rule|Item Clause: Limit one of each item\n|clearpoke\n|poke|p1|Baxcalibur, L50, M|\n|poke|p1|Talonflame, L50, M|\n|poke|p1|Great Tusk, L50|\n|poke|p1|Sableye, L50, M|\n|poke|p1|Mismagius, L50, F|\n|poke|p1|Glimmora, L50, F|\n|poke|p2|Floatzel, L50, F|\n|poke|p2|Iron Jugulis, L50|\n|poke|p2|Garchomp, L50, M|\n|poke|p2|Toxicroak, L50, M|\n|poke|p2|Klefki, L50, M|\n|poke|p2|Pelipper, L50, F|\n|teampreview|4\n|c|\u2606thejordan104|hi\n|c|\u2606Samax2599|hey\n|c|\u2606thejordan104|rain team? RAIN TEAM\n|c|\u2606thejordan104|gl hf\n|c|\u2606Samax2599|sorry i missed the message :\/\n|c|\u2606Samax2599|glhf\n|c|\u2606thejordan104|all good\n|\n|t:|1681761799\n|start\n|switch|p1a: Talonflame|Talonflame, L50, M|100\/100\n|switch|p1b: Baxcalibur|Baxcalibur, L50, M|100\/100\n|switch|p2a: Juggy Baby|Iron Jugulis, L50|100\/100\n|switch|p2b: Palafin's Cousin|Floatzel, L50, F|100\/100\n|-enditem|p2a: Juggy Baby|Booster Energy\n|-activate|p2a: Juggy Baby|ability: Quark Drive|[fromitem]\n|-start|p2a: Juggy Baby|quarkdrivespe\n|turn|1\n|\n|t:|1681761834\n|move|p1a: Talonflame|Tailwind|p1a: Talonflame\n|-sidestart|p1: Samax2599|move: Tailwind\n|move|p1b: Baxcalibur|Icicle Spear|p2a: Juggy Baby\n|-supereffective|p2a: Juggy Baby\n|-damage|p2a: Juggy Baby|62\/100\n|-supereffective|p2a: Juggy Baby\n|-damage|p2a: Juggy Baby|28\/100\n|-supereffective|p2a: Juggy Baby\n|-damage|p2a: Juggy Baby|0 fnt\n|faint|p2a: Juggy Baby\n|-end|p2a: Juggy Baby|Quark Drive|[silent]\n|-hitcount|p2: Juggy Baby|3\n|move|p2b: Palafin's Cousin|Low Kick|p1b: Baxcalibur\n|-supereffective|p1b: Baxcalibur\n|-damage|p1b: Baxcalibur|0 fnt\n|faint|p1b: Baxcalibur\n|-damage|p2b: Palafin's Cousin|91\/100|[from] item: Life Orb\n|\n|upkeep\n|\n|t:|1681761858\n|switch|p2a: Pelip\u00e8|Pelipper, L50, F|100\/100\n|switch|p1b: Mismagius|Mismagius, L50, F|100\/100\n|-weather|RainDance|[from] ability: Drizzle|[of] p2a: Pelip\u00e8\n|turn|2\n|\n|t:|1681761885\n|-terastallize|p2b: Palafin's Cousin|Dark\n|move|p1a: Talonflame|Brave Bird|p2b: Palafin's Cousin\n|-damage|p2b: Palafin's Cousin|25\/100\n|-damage|p1a: Talonflame|78\/100|[from] Recoil\n|move|p1b: Mismagius|Icy Wind|p2a: Pelip\u00e8|[spread] p2b\n|-miss|p1b: Mismagius|p2a: Pelip\u00e8\n|-damage|p2b: Palafin's Cousin|3\/100\n|-unboost|p2b: Palafin's Cousin|spe|1\n|move|p2b: Palafin's Cousin|Crunch|p1b: Mismagius\n|-supereffective|p1b: Mismagius\n|-enditem|p1b: Mismagius|Focus Sash\n|-damage|p1b: Mismagius|1\/100\n|-damage|p2b: Palafin's Cousin|0 fnt|[from] item: Life Orb\n|faint|p2b: Palafin's Cousin\n|move|p2a: Pelip\u00e8|Tailwind|p2a: Pelip\u00e8\n|-sidestart|p2: thejordan104|move: Tailwind\n|\n|-weather|RainDance|[upkeep]\n|upkeep\n|\n|t:|1681761902\n|switch|p2b: Great Chomp|Garchomp, L50, M|100\/100\n|turn|3\n|\n|t:|1681761909\n|move|p2b: Great Chomp|Protect|p2b: Great Chomp\n|-singleturn|p2b: Great Chomp|Protect\n|move|p1a: Talonflame|Will-O-Wisp|p2b: Great Chomp\n|-activate|p2b: Great Chomp|move: Protect\n|move|p1b: Mismagius|Icy Wind|p2a: Pelip\u00e8|[spread] p2a\n|-activate|p2b: Great Chomp|move: Protect\n|-damage|p2a: Pelip\u00e8|81\/100\n|move|p2a: Pelip\u00e8|Icy Wind|p1a: Talonflame|[spread] p1a,p1b\n|-crit|p1a: Talonflame\n|-damage|p1a: Talonflame|60\/100\n|-damage|p1b: Mismagius|0 fnt\n|faint|p1b: Mismagius\n|\n|-weather|RainDance|[upkeep]\n|upkeep\n|\n|t:|1681761921\n|switch|p1b: Great Tusk|Great Tusk, L50|100\/100\n|turn|4\n|c|\u2606thejordan104|CLOAKS\n|\n|t:|1681761947\n|-terastallize|p1b: Great Tusk|Fairy\n|move|p1a: Talonflame|Brave Bird|p2b: Great Chomp\n|-crit|p2b: Great Chomp\n|-damage|p2b: Great Chomp|40\/100\n|-damage|p1a: Talonflame|48\/100|[from] ability: Rough Skin|[of] p2b: Great Chomp\n|-damage|p1a: Talonflame|24\/100|[from] Recoil\n|move|p2b: Great Chomp|Earthquake|p1b: Great Tusk|[spread] p1b\n|-immune|p2a: Pelip\u00e8\n|-immune|p1a: Talonflame\n|-damage|p1b: Great Tusk|71\/100\n|move|p1b: Great Tusk|Play Rough|p2b: Great Chomp\n|-supereffective|p2b: Great Chomp\n|-damage|p2b: Great Chomp|0 fnt\n|-damage|p1b: Great Tusk|59\/100|[from] ability: Rough Skin|[of] p2b: Great Chomp\n|faint|p2b: Great Chomp\n|move|p2a: Pelip\u00e8|Hurricane|p1b: Great Tusk\n|-damage|p1b: Great Tusk|28\/100\n|\n|-weather|RainDance|[upkeep]\n|-sideend|p1: Samax2599|move: Tailwind\n|upkeep\n|turn|5\n|c|\u2606thejordan104|ugh I knew he's gonna av\n|\n|t:|1681761986\n|move|p2a: Pelip\u00e8|Hurricane|p1b: Great Tusk\n|-damage|p1b: Great Tusk|0 fnt\n|faint|p1b: Great Tusk\n|-end|p1b: Great Tusk|Protosynthesis|[silent]\n|move|p1a: Talonflame|Brave Bird|p2a: Pelip\u00e8\n|-damage|p2a: Pelip\u00e8|43\/100\n|-damage|p1a: Talonflame|12\/100|[from] Recoil\n|\n|-weather|RainDance|[upkeep]\n|-sideend|p2: thejordan104|move: Tailwind\n|upkeep\n|turn|6\n|\n|t:|1681761998\n|move|p1a: Talonflame|Brave Bird|p2a: Pelip\u00e8\n|-damage|p2a: Pelip\u00e8|4\/100\n|-damage|p1a: Talonflame|0 fnt|[from] Recoil\n|faint|p1a: Talonflame\n|\n|win|thejordan104\n|c|\u2606thejordan104|oh wow close\n|c|\u2606Samax2599|gg\n","uploadtime":1681762004,"views":5,"p1id":"samax2599","p2id":"thejordan104","formatid":"gen9vgc2023regulationc","rating":0,"private":0,"password":""}