{"id":"gen9vgc2023regulationc-1863025547","p1":"Bleedal","p2":"Beauty Devon","format":"[Gen 9] VGC 2023 Regulation C","log":"|j|\u2606Bleedal\n|j|\u2606Beauty Devon\n|t:|1683954513\n|gametype|doubles\n|player|p1|Bleedal|preschooler|\n|player|p2|Beauty Devon|swimmerf|\n|teamsize|p1|6\n|teamsize|p2|6\n|gen|9\n|tier|[Gen 9] VGC 2023 Regulation C\n|rule|Tera Type Preview: Tera Types are shown at Team Preview\n|rule|Species Clause: Limit one of each Pok\u00e9mon\n|rule|Item Clause: Limit one of each item\n|clearpoke\n|poke|p1|Flutter Mane, L50|\n|poke|p1|Pachirisu, L50, M|\n|poke|p1|Gyarados, L50, M|\n|poke|p1|Bisharp, L50, M|\n|poke|p1|Arcanine, L50, M|\n|poke|p1|Amoonguss, L50, F|\n|poke|p2|Chien-Pao, L50|\n|poke|p2|Dragonite, L50, F|\n|poke|p2|Annihilape, L50, F|\n|poke|p2|Maushold-Four, L50|\n|poke|p2|Sableye, L50, F|\n|poke|p2|Wooper-Paldea, L50, M|\n|teampreview|4\n|raw|Bleedal's Tera Types: \/ \/ \/ \/ \/ \n|raw|Beauty Devon's Tera Types: \/ \/ \/ \/ \/ \n|inactive|Battle timer is ON: inactive players will automatically lose when time's up. (requested by Beauty Devon)\n|c|\u2606Bleedal|game 2\n|c|\u2606Beauty Devon|game 2\n|inactiveoff|Battle timer is now OFF.\n|c|\u2606Bleedal|aight game 2\n|c|\u2606Beauty Devon|gl hf\n|inactive|Battle timer is ON: inactive players will automatically lose when time's up. (requested by Beauty Devon)\nBeauty Devon rejected open team sheets.\n|inactive|Bleedal has 30 seconds left.\n|inactive|Bleedal has 20 seconds left.\n|\n|t:|1683954908\n|start\n|switch|p1a: Amoonguss|Amoonguss, L50, F|100\/100\n|switch|p1b: Gyarados|Gyarados, L50, M|100\/100\n|switch|p2a: LGBT|Annihilape, L50, F|100\/100\n|switch|p2b: Pro LGBT|Maushold-Four, L50|100\/100\n|turn|1\n|inactive|Bleedal has 30 seconds left.\n|\n|t:|1683954943\n|move|p2b: Pro LGBT|Follow Me|p2b: Pro LGBT\n|-singleturn|p2b: Pro LGBT|move: Follow Me\n|move|p2a: LGBT|Rock Slide|p1a: Amoonguss|[spread] p1a,p1b\n|-supereffective|p1b: Gyarados\n|-damage|p1a: Amoonguss|88\/100\n|-damage|p1b: Gyarados|62\/100\n|move|p1b: Gyarados|Dragon Dance|p1b: Gyarados\n|-boost|p1b: Gyarados|atk|1\n|-boost|p1b: Gyarados|spe|1\n|move|p1a: Amoonguss|Spore|p2b: Pro LGBT\n|-activate|p2b: Pro LGBT|item: Safety Goggles|Spore\n|\n|upkeep\n|turn|2\n|\n|t:|1683954964\n|move|p1a: Amoonguss|Rage Powder|p1a: Amoonguss\n|-singleturn|p1a: Amoonguss|move: Rage Powder\n|move|p1b: Gyarados|Waterfall|p2b: Pro LGBT\n|-damage|p2b: Pro LGBT|14\/100\n|-damage|p1b: Gyarados|52\/100|[from] item: Life Orb\n|cant|p2b: Pro LGBT|flinch\n|move|p2a: LGBT|Rock Slide|p1b: Gyarados|[spread] p1a,p1b\n|-supereffective|p1b: Gyarados\n|-damage|p1a: Amoonguss|76\/100\n|-damage|p1b: Gyarados|19\/100\n|\n|upkeep\n|turn|3\n|\n|t:|1683954981\n|move|p2b: Pro LGBT|Follow Me|p2b: Pro LGBT\n|-singleturn|p2b: Pro LGBT|move: Follow Me\n|move|p1a: Amoonguss|Rage Powder|p1a: Amoonguss\n|-singleturn|p1a: Amoonguss|move: Rage Powder\n|move|p1b: Gyarados|Outrage|p2b: Pro LGBT\n|-damage|p2b: Pro LGBT|0 fnt\n|faint|p2b: Pro LGBT\n|-ability|p1b: Gyarados|Moxie|boost\n|-boost|p1b: Gyarados|atk|1\n|-damage|p1b: Gyarados|9\/100|[from] item: Life Orb\n|move|p2a: LGBT|Rock Slide|p1b: Gyarados|[spread] p1a,p1b\n|-supereffective|p1b: Gyarados\n|-damage|p1a: Amoonguss|62\/100\n|-damage|p1b: Gyarados|0 fnt\n|faint|p1b: Gyarados\n|\n|upkeep\n|\n|t:|1683954995\n|switch|p2b: Fairyday|Dragonite, L50, F|100\/100\n|switch|p1b: Flutter Mane|Flutter Mane, L50|100\/100\n|turn|4\n|\n|t:|1683955018\n|-terastallize|p2b: Fairyday|Normal\n|move|p2a: LGBT|Protect|p2a: LGBT\n|-singleturn|p2a: LGBT|Protect\n|move|p1a: Amoonguss|Rage Powder|p1a: Amoonguss\n|-singleturn|p1a: Amoonguss|move: Rage Powder\n|move|p1b: Flutter Mane|Moonblast|p2b: Fairyday\n|-damage|p2b: Fairyday|42\/100\n|move|p2b: Fairyday|Earthquake|p1b: Flutter Mane|[spread] p1a,p1b\n|-activate|p2a: LGBT|move: Protect\n|-crit|p1a: Amoonguss\n|-damage|p1a: Amoonguss|29\/100\n|-damage|p1b: Flutter Mane|33\/100\n|-enditem|p1a: Amoonguss|Sitrus Berry|[eat]\n|-heal|p1a: Amoonguss|54\/100|[from] item: Sitrus Berry\n|\n|upkeep\n|turn|5\n|inactive|Bleedal has 30 seconds left.\n|inactive|Bleedal has 20 seconds left.\n|inactive|Bleedal has 15 seconds left.\n|inactive|Bleedal has 10 seconds left.\n|\n|t:|1683955065\n|move|p2b: Fairyday|Extreme Speed|p1b: Flutter Mane\n|-immune|p1b: Flutter Mane\n|move|p1b: Flutter Mane|Moonblast|p2a: LGBT\n|-supereffective|p2a: LGBT\n|-enditem|p2a: LGBT|Focus Sash\n|-damage|p2a: LGBT|1\/100\n|-unboost|p2a: LGBT|spa|1\n|-ability|p2a: LGBT|Defiant|boost\n|-boost|p2a: LGBT|atk|2\n|move|p2a: LGBT|Rage Fist|p1b: Flutter Mane\n|-supereffective|p1b: Flutter Mane\n|-damage|p1b: Flutter Mane|0 fnt\n|faint|p1b: Flutter Mane\n|-end|p1b: Flutter Mane|Protosynthesis|[silent]\n|move|p1a: Amoonguss|Spore|p2b: Fairyday\n|-status|p2b: Fairyday|slp|[from] move: Spore\n|\n|upkeep\n|\n|t:|1683955080\n|switch|p1b: Bisharp|Bisharp, L50, M|100\/100\n|turn|6\n|\n|t:|1683955093\n|cant|p2b: Fairyday|slp\n|move|p1b: Bisharp|Sucker Punch|p2a: LGBT\n|-damage|p2a: LGBT|0 fnt\n|faint|p2a: LGBT\n|move|p1a: Amoonguss|Pollen Puff|p2b: Fairyday\n|-damage|p2b: Fairyday|29\/100 slp\n|\n|upkeep\n|\n|t:|1683955100\n|switch|p2a: Pien-Chao|Chien-Pao, L50|100\/100\n|-ability|p2a: Pien-Chao|Sword of Ruin\n|turn|7\n|\n|t:|1683955120\n|move|p2a: Pien-Chao|Protect|p2a: Pien-Chao\n|-singleturn|p2a: Pien-Chao|Protect\n|move|p1a: Amoonguss|Protect|p1a: Amoonguss\n|-singleturn|p1a: Amoonguss|Protect\n|-curestatus|p2b: Fairyday|slp|[msg]\n|move|p2b: Fairyday|Extreme Speed|p1b: Bisharp\n|-resisted|p1b: Bisharp\n|-damage|p1b: Bisharp|78\/100\n|move|p1b: Bisharp|Iron Head|p2a: Pien-Chao\n|-activate|p2a: Pien-Chao|move: Protect\n|\n|upkeep\n|turn|8\n|\n|t:|1683955143\n|move|p2b: Fairyday|Extreme Speed|p1a: Amoonguss\n|-damage|p1a: Amoonguss|9\/100\n|move|p1a: Amoonguss|Rage Powder|p1a: Amoonguss\n|-singleturn|p1a: Amoonguss|move: Rage Powder\n|move|p2a: Pien-Chao|Sacred Sword|p1a: Amoonguss\n|-resisted|p1a: Amoonguss\n|-damage|p1a: Amoonguss|0 fnt\n|faint|p1a: Amoonguss\n|-damage|p2a: Pien-Chao|91\/100|[from] item: Life Orb\n|move|p1b: Bisharp|Iron Head|p2a: Pien-Chao\n|-supereffective|p2a: Pien-Chao\n|-damage|p2a: Pien-Chao|0 fnt\n|faint|p2a: Pien-Chao\n|\n|upkeep\n|turn|9\n|\n|t:|1683955158\n|move|p1b: Bisharp|Sucker Punch|p2b: Fairyday\n|-crit|p2b: Fairyday\n|-damage|p2b: Fairyday|0 fnt\n|faint|p2b: Fairyday\n|\n|win|Bleedal\n|c|\u2606Beauty Devon|nice gg\n|c|\u2606Bleedal|ggs\n","uploadtime":1683955486,"views":19,"p1id":"bleedal","p2id":"beautydevon","formatid":"gen9vgc2023regulationc","rating":0,"private":0,"password":""}