{"id":"gen9vgc2023regulationc-1854665303","p1":"mrbadd","p2":"steiner2","format":"[Gen 9] VGC 2023 Regulation C","log":"|j|\u2606mrbadd\n|j|\u2606steiner2\n|t:|1682846360\n|gametype|doubles\n|player|p1|mrbadd|rocker-gen1rb|1259\n|player|p2|steiner2|170|1196\n|teamsize|p1|6\n|teamsize|p2|6\n|gen|9\n|tier|[Gen 9] VGC 2023 Regulation C\n|rated|\n|rule|Species Clause: Limit one of each Pok\u00e9mon\n|rule|Item Clause: Limit one of each item\n|clearpoke\n|poke|p1|Roaring Moon, L50|\n|poke|p1|Ting-Lu, L50|\n|poke|p1|Iron Bundle, L50|\n|poke|p1|Garganacl, L50, M|\n|poke|p1|Arcanine, L50, F|\n|poke|p1|Amoonguss, L50, M|\n|poke|p2|Kilowattrel, L50, F|\n|poke|p2|Great Tusk, L50|\n|poke|p2|Chi-Yu, L50|\n|poke|p2|Flutter Mane, L50|\n|poke|p2|Iron Bundle, L50|\n|poke|p2|Dragonite, L50, F|\n|teampreview|4\nsteiner2 has agreed to open team sheets.\n|inactive|Battle timer is ON: inactive players will automatically lose when time's up. (requested by steiner2)\n|\n|t:|1682846400\n|start\n|switch|p1a: Iron Bundle|Iron Bundle, L50|100\/100\n|switch|p1b: Arcanine|Arcanine, L50, F|100\/100\n|switch|p2a: Kilowattrel|Kilowattrel, L50, F|100\/100\n|switch|p2b: Great Tusk|Great Tusk, L50|100\/100\n|-ability|p1b: Arcanine|Intimidate|boost\n|-unboost|p2a: Kilowattrel|atk|1\n|-ability|p2a: Kilowattrel|Competitive|boost\n|-boost|p2a: Kilowattrel|spa|2\n|-fail|p2b: Great Tusk|unboost|[from] item: Clear Amulet|[of] p2b: Great Tusk\n|turn|1\n|\n|t:|1682846421\n|move|p2b: Great Tusk|Protect|p2b: Great Tusk\n|-singleturn|p2b: Great Tusk|Protect\n|move|p1b: Arcanine|Extreme Speed|p2a: Kilowattrel\n|-damage|p2a: Kilowattrel|61\/100\n|move|p1a: Iron Bundle|Freeze-Dry|p2a: Kilowattrel\n|-supereffective|p2a: Kilowattrel\n|-damage|p2a: Kilowattrel|0 fnt\n|faint|p2a: Kilowattrel\n|\n|upkeep\n|\n|t:|1682846430\n|switch|p2a: Chi-Yu|Chi-Yu, L50|100\/100\n|-ability|p2a: Chi-Yu|Beads of Ruin\n|turn|2\n|inactive|mrbadd has 30 seconds left.\n|\n|t:|1682846455\n|-terastallize|p2a: Chi-Yu|Water\n|move|p1a: Iron Bundle|Hydro Pump|p2a: Chi-Yu\n|-resisted|p2a: Chi-Yu\n|-damage|p2a: Chi-Yu|67\/100\n|move|p2a: Chi-Yu|Tera Blast|p1b: Arcanine\n|-supereffective|p1b: Arcanine\n|-damage|p1b: Arcanine|0 fnt\n|faint|p1b: Arcanine\n|-damage|p2a: Chi-Yu|57\/100|[from] item: Life Orb\n|move|p2b: Great Tusk|Close Combat|p1a: Iron Bundle\n|-supereffective|p1a: Iron Bundle\n|-enditem|p1a: Iron Bundle|Focus Sash\n|-damage|p1a: Iron Bundle|1\/100\n|-unboost|p2b: Great Tusk|def|1\n|-unboost|p2b: Great Tusk|spd|1\n|\n|upkeep\n|\n|t:|1682846472\n|switch|p1b: Garganacl|Garganacl, L50, M|100\/100\n|turn|3\n|\n|t:|1682846492\n|move|p1b: Garganacl|Protect|p1b: Garganacl\n|-singleturn|p1b: Garganacl|Protect\n|move|p1a: Iron Bundle|Freeze-Dry|p2b: Great Tusk\n|-supereffective|p2b: Great Tusk\n|-damage|p2b: Great Tusk|0 fnt\n|faint|p2b: Great Tusk\n|-end|p2b: Great Tusk|Protosynthesis|[silent]\n|move|p2a: Chi-Yu|Heat Wave|p1b: Garganacl|[spread] p1a\n|-activate|p1b: Garganacl|move: Protect\n|-damage|p1a: Iron Bundle|0 fnt\n|faint|p1a: Iron Bundle\n|-end|p1a: Iron Bundle|Quark Drive|[silent]\n|-damage|p2a: Chi-Yu|47\/100|[from] item: Life Orb\n|\n|upkeep\n|\n|t:|1682846504\n|switch|p1a: Ting-Lu|Ting-Lu, L50|100\/100\n|switch|p2b: Iron Bundle|Iron Bundle, L50|100\/100\n|-ability|p1a: Ting-Lu|Vessel of Ruin\n|-enditem|p2b: Iron Bundle|Booster Energy\n|-activate|p2b: Iron Bundle|ability: Quark Drive|[fromitem]\n|-start|p2b: Iron Bundle|quarkdrivespe\n|turn|4\n|\n|t:|1682846527\n|-terastallize|p1b: Garganacl|Ghost\n|move|p2b: Iron Bundle|Hydro Pump|p1b: Garganacl\n|-damage|p1b: Garganacl|54\/100\n|move|p2a: Chi-Yu|Tera Blast|p1a: Ting-Lu\n|-supereffective|p1a: Ting-Lu\n|-damage|p1a: Ting-Lu|47\/100\n|-damage|p2a: Chi-Yu|37\/100|[from] item: Life Orb\n|move|p1a: Ting-Lu|Heavy Slam|p2b: Iron Bundle\n|-damage|p2b: Iron Bundle|55\/100\n|move|p1b: Garganacl|Salt Cure|p2a: Chi-Yu\n|-damage|p2a: Chi-Yu|15\/100\n|-start|p2a: Chi-Yu|Salt Cure\n|\n|-heal|p1b: Garganacl|60\/100|[from] item: Leftovers\n|-damage|p2a: Chi-Yu|0 fnt|[from] Salt Cure\n|faint|p2a: Chi-Yu\n|upkeep\n|turn|5\n|inactive|steiner2 has 30 seconds left.\n|\n|t:|1682846553\n|move|p2b: Iron Bundle|Freeze-Dry|p1a: Ting-Lu\n|-supereffective|p1a: Ting-Lu\n|-damage|p1a: Ting-Lu|23\/100\n|move|p1a: Ting-Lu|Heavy Slam|p2b: Iron Bundle\n|-damage|p2b: Iron Bundle|12\/100\n|move|p1b: Garganacl|Salt Cure|p2b: Iron Bundle\n|-supereffective|p2b: Iron Bundle\n|-damage|p2b: Iron Bundle|0 fnt\n|faint|p2b: Iron Bundle\n|-end|p2b: Iron Bundle|Quark Drive|[silent]\n|\n|win|mrbadd\n|raw|mrbadd's rating: 1259 → 1280<\/strong> (+21 for winning)\n|raw|steiner2's rating: 1196 → 1175<\/strong> (-21 for losing)\n|l|\u2606steiner2\n","uploadtime":1682846570,"views":10,"p1id":"mrbadd","p2id":"steiner2","formatid":"gen9vgc2023regulationc","rating":1175,"private":0,"password":""}