{"id":"gen9vgc2023regulationc-1846403902","p1":"1Skyler0","p2":"Hadrian1917","format":"[Gen 9] VGC 2023 Regulation C","log":"|j|\u26061Skyler0\n|j|\u2606Hadrian1917\n|t:|1681838134\n|gametype|doubles\n|player|p1|1Skyler0|170|1348\n|player|p2|Hadrian1917|brock|1408\n|teamsize|p1|6\n|teamsize|p2|6\n|gen|9\n|tier|[Gen 9] VGC 2023 Regulation C\n|rated|\n|rule|Species Clause: Limit one of each Pok\u00e9mon\n|rule|Item Clause: Limit one of each item\n|clearpoke\n|poke|p1|Palafin, L50, F|\n|poke|p1|Chien-Pao, L50|\n|poke|p1|Dragapult, L50, F|\n|poke|p1|Amoonguss, L50, F|\n|poke|p1|Arcanine, L50, F|\n|poke|p1|Flutter Mane, L50|\n|poke|p2|Flutter Mane, L50|\n|poke|p2|Arcanine, L50, F|\n|poke|p2|Baxcalibur, L50, M|\n|poke|p2|Ting-Lu, L50|\n|poke|p2|Gyarados, L50, M|\n|poke|p2|Amoonguss, L50, M|\n|teampreview|4\n|inactive|Battle timer is ON: inactive players will automatically lose when time's up. (requested by Hadrian1917)\n|\n|t:|1681838156\n|start\n|switch|p1a: Dragaputl|Dragapult, L50, F|100\/100\n|switch|p1b: Palafin|Palafin, L50, F|100\/100\n|switch|p2a: Arcanine|Arcanine, L50, F|100\/100\n|switch|p2b: Baxcalibur|Baxcalibur, L50, M|100\/100\n|-ability|p2a: Arcanine|Intimidate|boost\n|-fail|p1a: Dragaputl|unboost|[from] ability: Clear Body|[of] p1a: Dragaputl\n|-unboost|p1b: Palafin|atk|1\n|turn|1\n|inactive|Hadrian1917 has 30 seconds left.\n|\n|t:|1681838188\n|-terastallize|p2b: Baxcalibur|Poison\n|-terastallize|p1b: Palafin|Water\n|move|p1b: Palafin|Jet Punch|p2a: Arcanine\n|-supereffective|p2a: Arcanine\n|-damage|p2a: Arcanine|52\/100\n|move|p1a: Dragaputl|Dragon Darts|p2a: Arcanine\n|-damage|p2a: Arcanine|13\/100\n|-anim|p1a: Dragaputl|Dragon Darts|p2b: Baxcalibur\n|-damage|p2b: Baxcalibur|66\/100\n|move|p2a: Arcanine|Howl|p2a: Arcanine|[spread] p2a,p2b\n|-boost|p2a: Arcanine|atk|1\n|-boost|p2b: Baxcalibur|atk|1\n|move|p2b: Baxcalibur|Icicle Crash|p1b: Palafin\n|-resisted|p1b: Palafin\n|-damage|p1b: Palafin|61\/100\n|\n|upkeep\n|turn|2\n|\n|t:|1681838209\n|switch|p2a: Gyarados|Gyarados, L50, M|100\/100\n|-ability|p2a: Gyarados|Intimidate|boost\n|-fail|p1a: Dragaputl|unboost|[from] ability: Clear Body|[of] p1a: Dragaputl\n|-unboost|p1b: Palafin|atk|1\n|detailschange|p1b: Palafin|Palafin-Hero, L50, F, tera:Water\n|switch|p1b: Arcanine|Arcanine, L50, F|100\/100\n|-ability|p1b: Arcanine|Intimidate|boost\n|-unboost|p2a: Gyarados|atk|1\n|-fail|p2b: Baxcalibur|unboost|[from] item: Clear Amulet|[of] p2b: Baxcalibur\n|move|p1a: Dragaputl|Dragon Darts|p2a: Gyarados\n|-damage|p2a: Gyarados|67\/100\n|-anim|p1a: Dragaputl|Dragon Darts|p2b: Baxcalibur\n|-damage|p2b: Baxcalibur|32\/100\n|move|p2b: Baxcalibur|Glaive Rush|p1a: Dragaputl\n|-supereffective|p1a: Dragaputl\n|-damage|p1a: Dragaputl|0 fnt\n|-singlemove|p2b: Baxcalibur|Glaive Rush|[silent]\n|faint|p1a: Dragaputl\n|\n|upkeep\n|inactive|1Skyler0 has 30 seconds left.\n|\n|t:|1681838236\n|switch|p1a: Palafin|Palafin-Hero, L50, F, tera:Water|61\/100\n|-activate|p1a: Palafin|ability: Zero to Hero\n|turn|3\n|inactive|1Skyler0 has 30 seconds left.\n|\n|t:|1681838267\n|switch|p2a: Arcanine|Arcanine, L50, F|13\/100\n|-ability|p2a: Arcanine|Intimidate|boost\n|-unboost|p1a: Palafin|atk|1\n|-unboost|p1b: Arcanine|atk|1\n|move|p2b: Baxcalibur|Protect|p2b: Baxcalibur\n|-singleturn|p2b: Baxcalibur|Protect\n|move|p1b: Arcanine|Extreme Speed|p2a: Arcanine\n|-damage|p2a: Arcanine|0 fnt\n|faint|p2a: Arcanine\n|move|p1a: Palafin|Jet Punch|p2b: Baxcalibur\n|-activate|p2b: Baxcalibur|move: Protect\n|\n|upkeep\n|\n|t:|1681838279\n|switch|p2a: Gyarados|Gyarados, L50, M|67\/100\n|-ability|p2a: Gyarados|Intimidate|boost\n|-unboost|p1a: Palafin|atk|1\n|-unboost|p1b: Arcanine|atk|1\n|turn|4\n|\n|t:|1681838298\n|move|p1b: Arcanine|Protect|p1b: Arcanine\n|-singleturn|p1b: Arcanine|Protect\n|move|p2b: Baxcalibur|Glaive Rush|p1a: Palafin\n|-damage|p1a: Palafin|0 fnt\n|-singlemove|p2b: Baxcalibur|Glaive Rush|[silent]\n|faint|p1a: Palafin\n|move|p2a: Gyarados|Waterfall|p1b: Arcanine\n|-activate|p1b: Arcanine|move: Protect\n|\n|upkeep\n|\n|t:|1681838304\n|switch|p1a: Chien-Pao|Chien-Pao, L50|100\/100\n|-ability|p1a: Chien-Pao|Sword of Ruin\n|turn|5\n|inactive|1Skyler0 has 30 seconds left.\n|\n|t:|1681838339\n|switch|p2a: Flutter Mane|Flutter Mane, L50|100\/100\n|move|p1b: Arcanine|Extreme Speed|p2a: Flutter Mane\n|-immune|p2a: Flutter Mane\n|move|p1a: Chien-Pao|Ice Spinner|p2a: Flutter Mane\n|-damage|p2a: Flutter Mane|21\/100\n|move|p2b: Baxcalibur|Glaive Rush|p1a: Chien-Pao\n|-enditem|p1a: Chien-Pao|Focus Sash\n|-damage|p1a: Chien-Pao|1\/100\n|-singlemove|p2b: Baxcalibur|Glaive Rush|[silent]\n|\n|upkeep\n|turn|6\n|\n|t:|1681838361\n|-end|p2a: Flutter Mane|Protosynthesis|[silent]\n|switch|p2a: Gyarados|Gyarados, L50, M|67\/100\n|-ability|p2a: Gyarados|Intimidate|boost\n|-unboost|p1a: Chien-Pao|atk|1\n|-unboost|p1b: Arcanine|atk|1\n|move|p1a: Chien-Pao|Protect|p1a: Chien-Pao\n|-singleturn|p1a: Chien-Pao|Protect\n|move|p2b: Baxcalibur|Protect|p2b: Baxcalibur\n|-singleturn|p2b: Baxcalibur|Protect\n|move|p1b: Arcanine|Extreme Speed|p2b: Baxcalibur\n|-activate|p2b: Baxcalibur|move: Protect\n|\n|upkeep\n|turn|7\n|\n|t:|1681838385\n|switch|p2b: Flutter Mane|Flutter Mane, L50|21\/100\n|move|p2a: Gyarados|Protect|p2a: Gyarados\n|-singleturn|p2a: Gyarados|Protect\n|move|p1b: Arcanine|Extreme Speed|p2b: Flutter Mane\n|-immune|p2b: Flutter Mane\n|move|p1a: Chien-Pao|Ice Spinner|p2a: Gyarados\n|-activate|p2a: Gyarados|move: Protect\n|\n|upkeep\n|turn|8\n|inactive|1Skyler0 has 30 seconds left.\n|\n|t:|1681838415\n|switch|p2a: Baxcalibur|Baxcalibur, L50, M, tera:Poison|32\/100\n|move|p1a: Chien-Pao|Sucker Punch|p2b: Flutter Mane\n|-damage|p2b: Flutter Mane|0 fnt\n|faint|p2b: Flutter Mane\n|-end|p2b: Flutter Mane|Protosynthesis|[silent]\n|move|p1b: Arcanine|Will-O-Wisp|p2a: Baxcalibur\n|-immune|p2a: Baxcalibur|[from] ability: Thermal Exchange\n|\n|upkeep\n|\n|t:|1681838423\n|switch|p2b: Gyarados|Gyarados, L50, M|67\/100\n|-ability|p2b: Gyarados|Intimidate|boost\n|-unboost|p1a: Chien-Pao|atk|1\n|-unboost|p1b: Arcanine|atk|1\n|turn|9\n|\n|t:|1681838435\n|move|p2a: Baxcalibur|Ice Shard|p1a: Chien-Pao\n|-resisted|p1a: Chien-Pao\n|-damage|p1a: Chien-Pao|0 fnt\n|faint|p1a: Chien-Pao\n|move|p1b: Arcanine|Will-O-Wisp|p2b: Gyarados\n|-status|p2b: Gyarados|brn\n|move|p2b: Gyarados|Waterfall|p1b: Arcanine\n|-supereffective|p1b: Arcanine\n|-damage|p1b: Arcanine|64\/100\n|\n|-damage|p2b: Gyarados|61\/100 brn|[from] brn\n|upkeep\n|turn|10\n|\n|t:|1681838450\n|move|p2a: Baxcalibur|Protect|p2a: Baxcalibur\n|-singleturn|p2a: Baxcalibur|Protect\n|move|p1b: Arcanine|Extreme Speed|p2a: Baxcalibur\n|-activate|p2a: Baxcalibur|move: Protect\n|move|p2b: Gyarados|Thunder Wave|p1b: Arcanine\n|-status|p1b: Arcanine|par\n|\n|-damage|p2b: Gyarados|55\/100 brn|[from] brn\n|upkeep\n|turn|11\n|-message|1Skyler0 forfeited.\n|\n|win|Hadrian1917\n|raw|1Skyler0's rating: 1348 → 1331<\/strong> (-17 for losing)\n|raw|Hadrian1917's rating: 1408 → 1425<\/strong> (+17 for winning)\n|l|\u26061Skyler0\n","uploadtime":1681838481,"views":9,"p1id":"1skyler0","p2id":"hadrian1917","formatid":"gen9vgc2023regulationc","rating":1331,"private":0,"password":""}