{"id":"gen9vgc2023regulationc-1859842181","p1":"Just Crit And Win","p2":"WhatWasIC00KING","format":"[Gen 9] VGC 2023 Regulation C","log":"|j|\u2606Just Crit And Win\n|j|\u2606WhatWasIC00KING\n|t:|1683569069\n|gametype|doubles\n|player|p1|Just Crit And Win|1|\n|player|p2|WhatWasIC00KING|gambler|\n|teamsize|p1|6\n|teamsize|p2|6\n|gen|9\n|tier|[Gen 9] VGC 2023 Regulation C\n|rule|Species Clause: Limit one of each Pok\u00e9mon\n|rule|Item Clause: Limit one of each item\n|clearpoke\n|poke|p1|Flutter Mane, L50|\n|poke|p1|Arcanine, L50, M|\n|poke|p1|Palafin, L50, F|\n|poke|p1|Chien-Pao, L50|\n|poke|p1|Great Tusk, L50|\n|poke|p1|Amoonguss, L50, M|\n|poke|p2|Iron Hands, L50|\n|poke|p2|Oranguru, L50, M|\n|poke|p2|Hatterene, L50, F|\n|poke|p2|Kingambit, L50, M|\n|poke|p2|Torkoal, L50, F|\n|poke|p2|Indeedee-F, L50, F|\n|teampreview|4\n|inactive|Battle timer is ON: inactive players will automatically lose when time's up. (requested by Just Crit And Win)\nWhatWasIC00KING has agreed to open team sheets.\nJust Crit And Win has agreed to open team sheets.\n|inactive|Just Crit And Win has 60 seconds left.\n|\n|t:|1683569123\n|start\n|switch|p1a: Palafin|Palafin, L50, F|100\/100\n|switch|p1b: Chien-Pao|Chien-Pao, L50|100\/100\n|switch|p2a: Indeedee|Indeedee-F, L50, F|100\/100\n|switch|p2b: Hatterene|Hatterene, L50, F|100\/100\n|-ability|p1b: Chien-Pao|Sword of Ruin\n|-fieldstart|move: Psychic Terrain|[from] ability: Psychic Surge|[of] p2a: Indeedee\n|-enditem|p2a: Indeedee|Psychic Seed\n|-boost|p2a: Indeedee|spd|1|[from] item: Psychic Seed\n|turn|1\n|\n|t:|1683569144\n|switch|p2a: Kingambit|Kingambit, L50, M|100\/100\n|-terastallize|p1a: Palafin|Water\n|move|p1b: Chien-Pao|Ice Spinner|p2a: Kingambit\n|-resisted|p2a: Kingambit\n|-damage|p2a: Kingambit|82\/100\n|-fieldend|move: Psychic Terrain\n|move|p1a: Palafin|Wave Crash|p2a: Kingambit\n|-damage|p2a: Kingambit|16\/100\n|-damage|p1a: Palafin|79\/100|[from] Recoil\n|move|p2b: Hatterene|Trick Room|p2b: Hatterene\n|-fieldstart|move: Trick Room|[of] p2b: Hatterene\n|\n|upkeep\n|turn|2\n|inactive|Just Crit And Win has 30 seconds left.\n|inactive|WhatWasIC00KING has 30 seconds left.\n|\n|t:|1683569172\n|switch|p2a: Indeedee|Indeedee-F, L50, F|100\/100\n|-fieldstart|move: Psychic Terrain|[from] ability: Psychic Surge|[of] p2a: Indeedee\n|move|p1a: Palafin|Protect|p1a: Palafin\n|-singleturn|p1a: Palafin|Protect\n|move|p2b: Hatterene|Dazzling Gleam|p1a: Palafin|[spread] p1b\n|-activate|p1a: Palafin|move: Protect\n|-supereffective|p1b: Chien-Pao\n|-enditem|p1b: Chien-Pao|Focus Sash\n|-damage|p1b: Chien-Pao|1\/100\n|-damage|p2b: Hatterene|91\/100|[from] item: Life Orb\n|move|p1b: Chien-Pao|Ice Spinner|p2a: Indeedee\n|-damage|p2a: Indeedee|45\/100\n|-fieldend|move: Psychic Terrain\n|\n|upkeep\n|turn|3\n|\n|t:|1683569194\n|detailschange|p1a: Palafin|Palafin-Hero, L50, F, tera:Water\n|switch|p1a: Amoonguss|Amoonguss, L50, M|100\/100\n|move|p1b: Chien-Pao|Protect|p1b: Chien-Pao\n|-singleturn|p1b: Chien-Pao|Protect\n|move|p2a: Indeedee|Follow Me|p2a: Indeedee\n|-singleturn|p2a: Indeedee|move: Follow Me\n|move|p2b: Hatterene|Dazzling Gleam|p1a: Amoonguss|[spread] p1a\n|-activate|p1b: Chien-Pao|move: Protect\n|-resisted|p1a: Amoonguss\n|-damage|p1a: Amoonguss|81\/100\n|-damage|p2b: Hatterene|81\/100|[from] item: Life Orb\n|\n|upkeep\n|turn|4\n|\n|t:|1683569209\n|move|p1a: Amoonguss|Protect|p1a: Amoonguss\n|-singleturn|p1a: Amoonguss|Protect\n|move|p2a: Indeedee|Follow Me|p2a: Indeedee\n|-singleturn|p2a: Indeedee|move: Follow Me\n|move|p2b: Hatterene|Dazzling Gleam|p1b: Chien-Pao|[spread] p1b\n|-activate|p1a: Amoonguss|move: Protect\n|-supereffective|p1b: Chien-Pao\n|-damage|p1b: Chien-Pao|0 fnt\n|faint|p1b: Chien-Pao\n|-damage|p2b: Hatterene|71\/100|[from] item: Life Orb\n|\n|upkeep\n|\n|t:|1683569217\n|switch|p1b: Palafin|Palafin-Hero, L50, F, tera:Water|79\/100\n|-activate|p1b: Palafin|ability: Zero to Hero\n|turn|5\n|\n|t:|1683569232\n|move|p2b: Hatterene|Protect|p2b: Hatterene\n|-singleturn|p2b: Hatterene|Protect\n|move|p1b: Palafin|Jet Punch|p2a: Indeedee\n|-damage|p2a: Indeedee|0 fnt\n|faint|p2a: Indeedee\n|move|p1a: Amoonguss|Pollen Puff|p1b: Palafin\n|-heal|p1b: Palafin|100\/100\n|\n|-fieldend|move: Trick Room\n|upkeep\n|\n|t:|1683569240\n|switch|p2a: Kingambit|Kingambit, L50, M|16\/100\n|turn|6\n|\n|t:|1683569257\n|move|p2b: Hatterene|Protect||[still]\n|-fail|p2b: Hatterene\n|move|p2a: Kingambit|Sucker Punch|p1b: Palafin\n|-damage|p1b: Palafin|62\/100\n|move|p1b: Palafin|Wave Crash|p2b: Hatterene\n|-damage|p2b: Hatterene|0 fnt\n|faint|p2b: Hatterene\n|-damage|p1b: Palafin|43\/100|[from] Recoil\n|move|p1a: Amoonguss|Pollen Puff|p1b: Palafin\n|-heal|p1b: Palafin|93\/100\n|\n|upkeep\n|\n|t:|1683569263\n|switch|p2b: Torkoal|Torkoal, L50, F|100\/100\n|-weather|SunnyDay|[from] ability: Drought|[of] p2b: Torkoal\n|turn|7\n|\n|t:|1683569276\n|move|p1a: Amoonguss|Protect|p1a: Amoonguss\n|-singleturn|p1a: Amoonguss|Protect\n|move|p1b: Palafin|Wave Crash|p2a: Kingambit\n|-damage|p2a: Kingambit|0 fnt\n|faint|p2a: Kingambit\n|-damage|p1b: Palafin|88\/100|[from] Recoil\n|move|p2b: Torkoal|Flamethrower|p1a: Amoonguss\n|-activate|p1a: Amoonguss|move: Protect\n|\n|-weather|SunnyDay|[upkeep]\n|upkeep\n|turn|8\n|\n|t:|1683569285\n|move|p1b: Palafin|Wave Crash|p2b: Torkoal\n|-supereffective|p2b: Torkoal\n|-crit|p2b: Torkoal\n|-damage|p2b: Torkoal|0 fnt\n|faint|p2b: Torkoal\n|-damage|p1b: Palafin|59\/100|[from] Recoil\n|\n|win|Just Crit And Win\n","uploadtime":1683569293,"views":13,"p1id":"justcritandwin","p2id":"whatwasic00king","formatid":"gen9vgc2023regulationc","rating":0,"private":0,"password":""}