{"id":"gen9vgc2023regulationc-1859133462","p1":"LetHimSleep","p2":"TGH_sr","format":"[Gen 9] VGC 2023 Regulation C","log":"|j|\u2606LetHimSleep\n|j|\u2606TGH_sr\n|t:|1683408468\n|gametype|doubles\n|player|p1|LetHimSleep|ninjaboy|1314\n|player|p2|TGH_sr|steven|1338\n|teamsize|p1|6\n|teamsize|p2|6\n|gen|9\n|tier|[Gen 9] VGC 2023 Regulation C\n|rated|\n|rule|Species Clause: Limit one of each Pok\u00e9mon\n|rule|Item Clause: Limit one of each item\n|clearpoke\n|poke|p1|Jumpluff, L50, F|\n|poke|p1|Gyarados, L50, F|\n|poke|p1|Torkoal, L50, M|\n|poke|p1|Braviary, L50, M|\n|poke|p1|Roaring Moon, L50|\n|poke|p1|Gholdengo, L50|\n|poke|p2|Talonflame, L50, F|\n|poke|p2|Garchomp, L50, F|\n|poke|p2|Kingambit, L50, M|\n|poke|p2|Iron Bundle, L50|\n|poke|p2|Flutter Mane, L50|\n|poke|p2|Amoonguss, L50, F|\n|teampreview|4\nTGH_sr has agreed to open team sheets.\n|inactive|Battle timer is ON: inactive players will automatically lose when time's up. (requested by LetHimSleep)\n|\n|t:|1683408511\n|start\n|switch|p1a: Jumpluff|Jumpluff, L50, F|100\/100\n|switch|p1b: Torkoal|Torkoal, L50, M|100\/100\n|switch|p2a: Talonflame|Talonflame, L50, F|100\/100\n|switch|p2b: Iron Bundle|Iron Bundle, L50|100\/100\n|-weather|SunnyDay|[from] ability: Drought|[of] p1b: Torkoal\n|-enditem|p2b: Iron Bundle|Booster Energy\n|-activate|p2b: Iron Bundle|ability: Quark Drive|[fromitem]\n|-start|p2b: Iron Bundle|quarkdrivespe\n|turn|1\n|inactive|LetHimSleep has 30 seconds left.\n|inactive|TGH_sr has 30 seconds left.\n|\n|t:|1683408546\n|switch|p1a: Braviary|Braviary, L50, M|100\/100\n|move|p2b: Iron Bundle|Protect|p2b: Iron Bundle\n|-singleturn|p2b: Iron Bundle|Protect\n|move|p2a: Talonflame|Brave Bird|p1a: Braviary\n|-crit|p1a: Braviary\n|-damage|p1a: Braviary|26\/100\n|-damage|p2a: Talonflame|75\/100|[from] Recoil\n|move|p1b: Torkoal|Solar Beam||[still]\n|-prepare|p1b: Torkoal|Solar Beam\n|-anim|p1b: Torkoal|Solar Beam|p2b: Iron Bundle\n|-activate|p2b: Iron Bundle|move: Protect\n|\n|-weather|SunnyDay|[upkeep]\n|upkeep\n|turn|2\n|\n|t:|1683408569\n|move|p1a: Braviary|Protect|p1a: Braviary\n|-singleturn|p1a: Braviary|Protect\n|move|p2b: Iron Bundle|Hydro Pump|p1b: Torkoal\n|-supereffective|p1b: Torkoal\n|-damage|p1b: Torkoal|18\/100\n|move|p2a: Talonflame|Tailwind|p2a: Talonflame\n|-sidestart|p2: TGH_sr|move: Tailwind\n|move|p1b: Torkoal|Solar Beam||[still]\n|-prepare|p1b: Torkoal|Solar Beam\n|-anim|p1b: Torkoal|Solar Beam|p2b: Iron Bundle\n|-supereffective|p2b: Iron Bundle\n|-damage|p2b: Iron Bundle|9\/100\n|\n|-weather|SunnyDay|[upkeep]\n|upkeep\n|turn|3\n|inactive|LetHimSleep has 30 seconds left.\n|inactive|LetHimSleep has 20 seconds left.\n|\n|t:|1683408607\n|move|p2b: Iron Bundle|Freeze-Dry|p1a: Braviary\n|-supereffective|p1a: Braviary\n|-damage|p1a: Braviary|0 fnt\n|faint|p1a: Braviary\n|move|p2a: Talonflame|Brave Bird|p1b: Torkoal\n|-damage|p1b: Torkoal|0 fnt\n|faint|p1b: Torkoal\n|-damage|p2a: Talonflame|71\/100|[from] Recoil\n|\n|-weather|SunnyDay|[upkeep]\n|upkeep\n|\n|t:|1683408610\n|switch|p1a: Roaring Moon|Roaring Moon, L50|100\/100\n|switch|p1b: Jumpluff|Jumpluff, L50, F|100\/100\n|-activate|p1a: Roaring Moon|ability: Protosynthesis\n|-start|p1a: Roaring Moon|protosynthesisatk\n|turn|4\n|\n|t:|1683408630\n|-terastallize|p1b: Jumpluff|Water\n|move|p1a: Roaring Moon|Protect|p1a: Roaring Moon\n|-singleturn|p1a: Roaring Moon|Protect\n|move|p2b: Iron Bundle|Icy Wind|p1b: Jumpluff|[spread] p1b\n|-activate|p1a: Roaring Moon|move: Protect\n|-resisted|p1b: Jumpluff\n|-damage|p1b: Jumpluff|90\/100\n|move|p2a: Talonflame|Brave Bird|p1b: Jumpluff\n|-damage|p1b: Jumpluff|50\/100\n|-damage|p2a: Talonflame|57\/100|[from] Recoil\n|move|p1b: Jumpluff|Tailwind|p1b: Jumpluff\n|-sidestart|p1: LetHimSleep|move: Tailwind\n|\n|-weather|SunnyDay|[upkeep]\n|upkeep\n|turn|5\n|inactive|TGH_sr has 30 seconds left.\n|inactive|TGH_sr has 20 seconds left.\n|inactive|TGH_sr has 15 seconds left.\n|inactive|TGH_sr has 10 seconds left.\n|\n|t:|1683408676\n|move|p1b: Jumpluff|Absorb|p1a: Roaring Moon\n|-resisted|p1a: Roaring Moon\n|-damage|p1a: Roaring Moon|98\/100\n|-heal|p1b: Jumpluff|51\/100|[from] drain|[of] p1a: Roaring Moon\n|move|p2b: Iron Bundle|Freeze-Dry|p1b: Jumpluff\n|-supereffective|p1b: Jumpluff\n|-damage|p1b: Jumpluff|0 fnt\n|faint|p1b: Jumpluff\n|move|p2a: Talonflame|Will-O-Wisp|p1a: Roaring Moon\n|-status|p1a: Roaring Moon|brn\n|move|p1a: Roaring Moon|Rock Slide|p2a: Talonflame|[spread] p2a,p2b\n|-supereffective|p2a: Talonflame\n|-supereffective|p2b: Iron Bundle\n|-damage|p2a: Talonflame|0 fnt\n|-damage|p2b: Iron Bundle|0 fnt\n|faint|p2a: Talonflame\n|faint|p2b: Iron Bundle\n|-end|p2b: Iron Bundle|Quark Drive|[silent]\n|\n|-weather|none\n|-end|p1a: Roaring Moon|Protosynthesis\n|-damage|p1a: Roaring Moon|92\/100 brn|[from] brn\n|-sideend|p2: TGH_sr|move: Tailwind\n|upkeep\n|\n|t:|1683408693\n|switch|p2a: Kingambit|Kingambit, L50, M|100\/100\n|switch|p2b: Flutter Mane|Flutter Mane, L50|100\/100\n|turn|6\n|\n|t:|1683408703\n|move|p2a: Kingambit|Sucker Punch|p1a: Roaring Moon\n|-resisted|p1a: Roaring Moon\n|-damage|p1a: Roaring Moon|65\/100 brn\n|move|p1a: Roaring Moon|Earthquake|p2b: Flutter Mane|[spread] p2a,p2b\n|-supereffective|p2a: Kingambit\n|-damage|p2a: Kingambit|78\/100\n|-damage|p2b: Flutter Mane|73\/100\n|move|p2b: Flutter Mane|Moonblast|p1a: Roaring Moon\n|-supereffective|p1a: Roaring Moon\n|-damage|p1a: Roaring Moon|0 fnt\n|faint|p1a: Roaring Moon\n|-end|p1a: Roaring Moon|Protosynthesis|[silent]\n|\n|win|TGH_sr\n|raw|LetHimSleep's rating: 1314 → 1295<\/strong> (-19 for losing)\n|raw|TGH_sr's rating: 1338 → 1357<\/strong> (+19 for winning)\n|l|\u2606LetHimSleep\n","uploadtime":1683408716,"views":8,"p1id":"lethimsleep","p2id":"tghsr","formatid":"gen9vgc2023regulationc","rating":1295,"private":0,"password":""}