{"id":"gen9vgc2023regulationc-1860466328","p1":"Kimi ga Hero","p2":"OctopusWithAHat","format":"[Gen 9] VGC 2023 Regulation C","log":"|j|\u2606Kimi ga Hero\n|j|\u2606OctopusWithAHat\n|t:|1683646669\n|gametype|doubles\n|player|p1|Kimi ga Hero|101|1069\n|player|p2|OctopusWithAHat|scientist-gen4|1116\n|teamsize|p1|6\n|teamsize|p2|6\n|gen|9\n|tier|[Gen 9] VGC 2023 Regulation C\n|rated|\n|rule|Species Clause: Limit one of each Pok\u00e9mon\n|rule|Item Clause: Limit one of each item\n|clearpoke\n|poke|p1|Gyarados, L50, F|\n|poke|p1|Maushold-Four, L50|\n|poke|p1|Ting-Lu, L50|\n|poke|p1|Flutter Mane, L50|\n|poke|p1|Chien-Pao, L50|\n|poke|p1|Dragonite, L50, M|\n|poke|p2|Roaring Moon, L50|\n|poke|p2|Iron Hands, L50|\n|poke|p2|Farigiraf, L50, F|\n|poke|p2|Kingambit, L50, M|\n|poke|p2|Amoonguss, L50, M|\n|poke|p2|Iron Bundle, L50|\n|teampreview|4\n|inactive|Battle timer is ON: inactive players will automatically lose when time's up. (requested by OctopusWithAHat)\n|\n|t:|1683646695\n|start\n|switch|p1a: Maushold|Maushold-Four, L50|100\/100\n|switch|p1b: Flutter Mane|Flutter Mane, L50|100\/100\n|switch|p2a: hands|Iron Hands, L50|100\/100\n|switch|p2b: demon|Farigiraf, L50, F|100\/100\n|-enditem|p1b: Flutter Mane|Booster Energy\n|-activate|p1b: Flutter Mane|ability: Protosynthesis|[fromitem]\n|-start|p1b: Flutter Mane|protosynthesisspe\n|turn|1\n|\n|t:|1683646709\n|move|p2a: hands|Fake Out|p1a: Maushold\n|-damage|p1a: Maushold|84\/100\n|move|p1b: Flutter Mane|Substitute|p1b: Flutter Mane\n|-start|p1b: Flutter Mane|Substitute\n|-damage|p1b: Flutter Mane|76\/100\n|cant|p1a: Maushold|flinch\n|move|p2b: demon|Trick Room|p2b: demon\n|-fieldstart|move: Trick Room|[of] p2b: demon\n|\n|upkeep\n|turn|2\n|\n|t:|1683646723\n|move|p1a: Maushold|Helping Hand|p1b: Flutter Mane\n|-singleturn|p1b: Flutter Mane|Helping Hand|[of] p1a: Maushold\n|move|p2a: hands|Thunder Punch|p1b: Flutter Mane\n|-end|p1b: Flutter Mane|Substitute\n|move|p2b: demon|Psyshock|p1b: Flutter Mane\n|-damage|p1b: Flutter Mane|20\/100\n|move|p1b: Flutter Mane|Dazzling Gleam|p2b: demon|[spread] p2a,p2b\n|-supereffective|p2a: hands\n|-damage|p2a: hands|35\/100\n|-damage|p2b: demon|56\/100\n|\n|upkeep\n|turn|3\n|\n|t:|1683646739\n|move|p1a: Maushold|Follow Me|p1a: Maushold\n|-singleturn|p1a: Maushold|move: Follow Me\n|move|p2a: hands|Drain Punch|p1a: Maushold\n|-supereffective|p1a: Maushold\n|-damage|p1a: Maushold|0 fnt\n|-heal|p2a: hands|64\/100|[from] drain|[of] p1a: Maushold\n|faint|p1a: Maushold\n|move|p2b: demon|Psyshock|p1b: Flutter Mane\n|-damage|p1b: Flutter Mane|0 fnt\n|faint|p1b: Flutter Mane\n|-end|p1b: Flutter Mane|Protosynthesis|[silent]\n|\n|upkeep\n|\n|t:|1683646747\n|switch|p1a: Ting-Lu|Ting-Lu, L50|100\/100\n|switch|p1b: Chien-Pao|Chien-Pao, L50|100\/100\n|-ability|p1a: Ting-Lu|Vessel of Ruin\n|-ability|p1b: Chien-Pao|Sword of Ruin\n|turn|4\n|\n|t:|1683646760\n|-terastallize|p1a: Ting-Lu|Poison\n|move|p2b: demon|Helping Hand|p2a: hands\n|-singleturn|p2a: hands|Helping Hand|[of] p2b: demon\n|move|p1b: Chien-Pao|Sucker Punch||[still]\n|cant|p2b: demon|ability: Armor Tail|Sucker Punch|[of] p1b: Chien-Pao\n|move|p2a: hands|Close Combat|p1a: Ting-Lu\n|-resisted|p1a: Ting-Lu\n|-damage|p1a: Ting-Lu|61\/100\n|-unboost|p2a: hands|def|1\n|-unboost|p2a: hands|spd|1\n|move|p1a: Ting-Lu|Sand Tomb|p2a: hands\n|-supereffective|p2a: hands\n|-damage|p2a: hands|27\/100\n|-activate|p2a: hands|move: Sand Tomb|[of] p1a: Ting-Lu\n|\n|-damage|p2a: hands|15\/100|[from] move: Sand Tomb|[partiallytrapped]\n|upkeep\n|turn|5\n|\n|t:|1683646774\n|move|p1b: Chien-Pao|Protect|p1b: Chien-Pao\n|-singleturn|p1b: Chien-Pao|Protect\n|move|p2a: hands|Drain Punch|p1b: Chien-Pao\n|-activate|p1b: Chien-Pao|move: Protect\n|move|p2b: demon|Psyshock|p1a: Ting-Lu\n|-supereffective|p1a: Ting-Lu\n|-damage|p1a: Ting-Lu|23\/100\n|move|p1a: Ting-Lu|Stomping Tantrum|p2b: demon\n|-damage|p2b: demon|20\/100\n|\n|-damage|p2a: hands|3\/100|[from] move: Sand Tomb|[partiallytrapped]\n|-fieldend|move: Trick Room\n|upkeep\n|turn|6\n|inactive|Kimi ga Hero has 30 seconds left.\n|\n|t:|1683646803\n|move|p1b: Chien-Pao|Ice Spinner|p2a: hands\n|-damage|p2a: hands|0 fnt\n|faint|p2a: hands\n|-end|p2a: hands|Quark Drive|[silent]\n|move|p1a: Ting-Lu|Heavy Slam|p2b: demon\n|-crit|p2b: demon\n|-damage|p2b: demon|0 fnt\n|faint|p2b: demon\n|\n|upkeep\n|\n|t:|1683646810\n|switch|p2b: chess|Kingambit, L50, M|100\/100\n|switch|p2a: NyQuil|Amoonguss, L50, M|100\/100\n|turn|7\n|\n|t:|1683646830\n|-terastallize|p2b: chess|Dark\n|move|p1b: Chien-Pao|Ice Spinner|p2a: NyQuil\n|-supereffective|p2a: NyQuil\n|-damage|p2a: NyQuil|0 fnt\n|faint|p2a: NyQuil\n|move|p1a: Ting-Lu|Sand Tomb|p2b: chess|[miss]\n|-miss|p1a: Ting-Lu|p2b: chess\n|move|p2b: chess|Kowtow Cleave|p1a: Ting-Lu\n|-damage|p1a: Ting-Lu|0 fnt\n|faint|p1a: Ting-Lu\n|\n|upkeep\n|turn|8\n|\n|t:|1683646844\n|move|p1b: Chien-Pao|Brick Break|p2b: chess\n|-supereffective|p2b: chess\n|-damage|p2b: chess|52\/100\n|move|p2b: chess|Iron Head|p1b: Chien-Pao\n|-supereffective|p1b: Chien-Pao\n|-enditem|p1b: Chien-Pao|Focus Sash\n|-damage|p1b: Chien-Pao|1\/100\n|\n|upkeep\n|turn|9\n|\n|t:|1683646848\n|move|p1b: Chien-Pao|Sucker Punch|p2b: chess\n|-resisted|p2b: chess\n|-damage|p2b: chess|35\/100\n|move|p2b: chess|Sucker Punch||[still]\n|-fail|p2b: chess\n|\n|upkeep\n|turn|10\n|\n|t:|1683646859\n|move|p1b: Chien-Pao|Protect|p1b: Chien-Pao\n|-singleturn|p1b: Chien-Pao|Protect\n|move|p2b: chess|Iron Head|p1b: Chien-Pao\n|-activate|p1b: Chien-Pao|move: Protect\n|\n|upkeep\n|turn|11\n|\n|t:|1683646869\n|move|p1b: Chien-Pao|Sucker Punch|p2b: chess\n|-resisted|p2b: chess\n|-damage|p2b: chess|18\/100\n|move|p2b: chess|Sucker Punch||[still]\n|-fail|p2b: chess\n|\n|upkeep\n|turn|12\n|\n|t:|1683646880\n|move|p1b: Chien-Pao|Sucker Punch|p2b: chess\n|-resisted|p2b: chess\n|-damage|p2b: chess|2\/100\n|move|p2b: chess|Sucker Punch||[still]\n|-fail|p2b: chess\n|\n|upkeep\n|turn|13\n|\n|t:|1683646886\n|move|p1b: Chien-Pao|Sucker Punch||[still]\n|-fail|p1b: Chien-Pao\n|move|p2b: chess|Swords Dance|p2b: chess\n|-boost|p2b: chess|atk|2\n|\n|upkeep\n|turn|14\n|\n|t:|1683646889\n|move|p1b: Chien-Pao|Protect|p1b: Chien-Pao\n|-singleturn|p1b: Chien-Pao|Protect\n|move|p2b: chess|Swords Dance|p2b: chess\n|-boost|p2b: chess|atk|2\n|\n|upkeep\n|turn|15\n|\n|t:|1683646892\n|move|p1b: Chien-Pao|Sucker Punch||[still]\n|-fail|p1b: Chien-Pao\n|move|p2b: chess|Swords Dance|p2b: chess\n|-boost|p2b: chess|atk|2\n|\n|upkeep\n|turn|16\n|\n|t:|1683646895\n|move|p1b: Chien-Pao|Protect|p1b: Chien-Pao\n|-singleturn|p1b: Chien-Pao|Protect\n|move|p2b: chess|Swords Dance|p2b: chess\n|-boost|p2b: chess|atk|0\n|\n|upkeep\n|turn|17\n|\n|t:|1683646903\n|move|p2b: chess|Sucker Punch|p1b: Chien-Pao\n|-resisted|p1b: Chien-Pao\n|-damage|p1b: Chien-Pao|0 fnt\n|faint|p1b: Chien-Pao\n|\n|win|OctopusWithAHat\n|raw|Kimi ga Hero's rating: 1069 → 1051<\/strong> (-18 for losing)\n|raw|OctopusWithAHat's rating: 1116 → 1138<\/strong> (+22 for winning)\n|l|\u2606Kimi ga Hero\n|c|\u2606OctopusWithAHat|gg\n","uploadtime":1683646917,"views":7,"p1id":"kimigahero","p2id":"octopuswithahat","formatid":"gen9vgc2023regulationc","rating":1051,"private":0,"password":""}