{"id":"gen9vgc2023regulationc-1854114057","p1":"ducky96","p2":"AllTheBilgamesh","format":"[Gen 9] VGC 2023 Regulation C","log":"|j|\u2606ducky96\n|j|\u2606AllTheBilgamesh\n|t:|1682771510\n|gametype|doubles\n|player|p1|ducky96|266|1128\n|player|p2|AllTheBilgamesh|n|1214\n|teamsize|p1|6\n|teamsize|p2|6\n|gen|9\n|tier|[Gen 9] VGC 2023 Regulation C\n|rated|\n|rule|Species Clause: Limit one of each Pok\u00e9mon\n|rule|Item Clause: Limit one of each item\n|clearpoke\n|poke|p1|Chi-Yu, L50|\n|poke|p1|Dachsbun, L50, M|\n|poke|p1|Dragonite, L50, F|\n|poke|p1|Flutter Mane, L50|\n|poke|p1|Azumarill, L50, F|\n|poke|p1|Chien-Pao, L50|\n|poke|p2|Tyranitar, L50, M|\n|poke|p2|Lycanroc, L50, F|\n|poke|p2|Amoonguss, L50, F|\n|poke|p2|Flutter Mane, L50|\n|poke|p2|Gyarados, L50, F|\n|poke|p2|Chi-Yu, L50|\n|teampreview|4\n|\n|t:|1682771560\n|start\n|switch|p1a: Chi-Yu|Chi-Yu, L50|100\/100\n|switch|p1b: Dachsbun|Dachsbun, L50, M|100\/100\n|switch|p2a: Flinch Lockwood|Tyranitar, L50, M, shiny|100\/100\n|switch|p2b: Roxie|Lycanroc, L50, F, shiny|100\/100\n|-ability|p1a: Chi-Yu|Beads of Ruin\n|-weather|Sandstorm|[from] ability: Sand Stream|[of] p2a: Flinch Lockwood\n|turn|1\n|\n|t:|1682771581\n|-terastallize|p1a: Chi-Yu|Ghost\n|move|p2b: Roxie|Rock Slide|p1a: Chi-Yu|[spread] p1a,p1b\n|-damage|p1a: Chi-Yu|50\/100\n|-damage|p1b: Dachsbun|71\/100\n|move|p1a: Chi-Yu|Lava Plume|p2b: Roxie|[spread] p2a,p2b\n|-ability|p1b: Dachsbun|Well-Baked Body|boost\n|-boost|p1b: Dachsbun|def|2\n|-resisted|p2a: Flinch Lockwood\n|-resisted|p2b: Roxie\n|-damage|p2a: Flinch Lockwood|92\/100\n|-damage|p2b: Roxie|75\/100\n|-status|p2a: Flinch Lockwood|brn\n|cant|p1b: Dachsbun|flinch\n|move|p2a: Flinch Lockwood|Assurance|p1b: Dachsbun\n|-resisted|p1b: Dachsbun\n|-damage|p1b: Dachsbun|63\/100\n|\n|-weather|Sandstorm|[upkeep]\n|-damage|p1a: Chi-Yu|44\/100|[from] Sandstorm\n|-damage|p1b: Dachsbun|57\/100|[from] Sandstorm\n|-heal|p1b: Dachsbun|63\/100|[from] item: Leftovers\n|-damage|p2a: Flinch Lockwood|86\/100 brn|[from] brn\n|upkeep\n|turn|2\n|\n|t:|1682771613\n|switch|p1a: Azumarill|Azumarill, L50, F|100\/100\n|move|p1b: Dachsbun|Protect|p1b: Dachsbun\n|-singleturn|p1b: Dachsbun|Protect\n|move|p2b: Roxie|Rock Slide|p1b: Dachsbun|[spread] p1a\n|-activate|p1b: Dachsbun|move: Protect\n|-damage|p1a: Azumarill|70\/100\n|move|p2a: Flinch Lockwood|Rock Slide|p1a: Azumarill|[spread] p1a\n|-activate|p1b: Dachsbun|move: Protect\n|-damage|p1a: Azumarill|54\/100\n|\n|-weather|Sandstorm|[upkeep]\n|-damage|p1b: Dachsbun|57\/100|[from] Sandstorm\n|-damage|p1a: Azumarill|48\/100|[from] Sandstorm\n|-heal|p1b: Dachsbun|63\/100|[from] item: Leftovers\n|-damage|p2a: Flinch Lockwood|80\/100 brn|[from] brn\n|upkeep\n|turn|3\n|\n|t:|1682771639\n|switch|p2b: Justin Tang's pala|Gyarados, L50, F|100\/100\n|-ability|p2b: Justin Tang's pala|Intimidate|boost\n|-unboost|p1a: Azumarill|atk|1\n|-unboost|p1b: Dachsbun|atk|1\n|move|p1a: Azumarill|Aqua Jet|p2b: Justin Tang's pala\n|-resisted|p2b: Justin Tang's pala\n|-damage|p2b: Justin Tang's pala|92\/100\n|move|p1b: Dachsbun|Body Press|p2b: Justin Tang's pala\n|-resisted|p2b: Justin Tang's pala\n|-damage|p2b: Justin Tang's pala|74\/100\n|move|p2a: Flinch Lockwood|Rock Slide|p1a: Azumarill|[spread] p1a,p1b\n|-damage|p1a: Azumarill|30\/100\n|-damage|p1b: Dachsbun|55\/100\n|\n|-weather|Sandstorm|[upkeep]\n|-damage|p1b: Dachsbun|49\/100|[from] Sandstorm\n|-damage|p1a: Azumarill|25\/100|[from] Sandstorm\n|-heal|p1b: Dachsbun|55\/100|[from] item: Leftovers\n|-damage|p2a: Flinch Lockwood|74\/100 brn|[from] brn\n|upkeep\n|turn|4\n|\n|t:|1682771676\n|switch|p2a: Hear me out|Flutter Mane, L50|100\/100\n|-terastallize|p2b: Justin Tang's pala|Steel\n|move|p1a: Azumarill|Protect|p1a: Azumarill\n|-singleturn|p1a: Azumarill|Protect\n|move|p1b: Dachsbun|Body Press|p2a: Hear me out\n|-immune|p2a: Hear me out\n|move|p2b: Justin Tang's pala|Iron Head|p1b: Dachsbun\n|-supereffective|p1b: Dachsbun\n|-damage|p1b: Dachsbun|21\/100\n|\n|-weather|Sandstorm|[upkeep]\n|-damage|p2a: Hear me out|95\/100|[from] Sandstorm\n|-damage|p1b: Dachsbun|15\/100|[from] Sandstorm\n|-damage|p1a: Azumarill|19\/100|[from] Sandstorm\n|-heal|p1b: Dachsbun|21\/100|[from] item: Leftovers\n|upkeep\n|turn|5\n|\n|t:|1682771711\n|move|p1b: Dachsbun|Protect|p1b: Dachsbun\n|-singleturn|p1b: Dachsbun|Protect\n|move|p2a: Hear me out|Dazzling Gleam|p1a: Azumarill|[spread] p1a\n|-activate|p1b: Dachsbun|move: Protect\n|-damage|p1a: Azumarill|0 fnt\n|faint|p1a: Azumarill\n|move|p2b: Justin Tang's pala|Iron Head|p1b: Dachsbun\n|-activate|p1b: Dachsbun|move: Protect\n|\n|-weather|none\n|-heal|p1b: Dachsbun|27\/100|[from] item: Leftovers\n|upkeep\n|\n|t:|1682771725\n|switch|p1a: Chi-Yu|Chi-Yu, L50, tera:Ghost|44\/100\n|-ability|p1a: Chi-Yu|Beads of Ruin\n|turn|6\n|\n|t:|1682771750\n|move|p1a: Chi-Yu|Lava Plume|p2b: Justin Tang's pala|[spread] p2a,p2b\n|-ability|p1b: Dachsbun|Well-Baked Body|boost\n|-boost|p1b: Dachsbun|def|2\n|-supereffective|p2b: Justin Tang's pala\n|-damage|p2a: Hear me out|52\/100\n|-damage|p2b: Justin Tang's pala|0 fnt\n|-status|p2a: Hear me out|brn\n|faint|p2b: Justin Tang's pala\n|move|p2a: Hear me out|Dazzling Gleam|p1a: Chi-Yu|[spread] p1a,p1b\n|-damage|p1a: Chi-Yu|0 fnt\n|-damage|p1b: Dachsbun|0 fnt\n|faint|p1a: Chi-Yu\n|faint|p1b: Dachsbun\n|\n|-damage|p2a: Hear me out|47\/100 brn|[from] brn\n|upkeep\n|\n|t:|1682771766\n|switch|p1b: Flutter Mane|Flutter Mane, L50|100\/100\n|switch|p2b: Flinch Lockwood|Tyranitar, L50, M, shiny|74\/100 brn\n|-weather|Sandstorm|[from] ability: Sand Stream|[of] p2b: Flinch Lockwood\n|-enditem|p1b: Flutter Mane|Booster Energy\n|-activate|p1b: Flutter Mane|ability: Protosynthesis|[fromitem]\n|-start|p1b: Flutter Mane|protosynthesisspe\n|turn|7\n|\n|t:|1682771783\n|move|p1b: Flutter Mane|Dazzling Gleam|p2b: Flinch Lockwood|[spread] p2a,p2b\n|-supereffective|p2b: Flinch Lockwood\n|-damage|p2a: Hear me out|15\/100 brn\n|-damage|p2b: Flinch Lockwood|49\/100 brn\n|move|p2a: Hear me out|Dazzling Gleam|p1b: Flutter Mane\n|-damage|p1b: Flutter Mane|44\/100\n|move|p2b: Flinch Lockwood|Assurance|p1b: Flutter Mane\n|-crit|p1b: Flutter Mane\n|-damage|p1b: Flutter Mane|0 fnt\n|faint|p1b: Flutter Mane\n|-end|p1b: Flutter Mane|Protosynthesis|[silent]\n|\n|win|AllTheBilgamesh\n|raw|ducky96's rating: 1128 → 1109<\/strong> (-19 for losing)\n|raw|AllTheBilgamesh's rating: 1214 → 1233<\/strong> (+19 for winning)\n|l|\u2606ducky96\n","uploadtime":1682771801,"views":18,"p1id":"ducky96","p2id":"allthebilgamesh","formatid":"gen9vgc2023regulationc","rating":1109,"private":0,"password":""}