{"id":"gen9vgc2023regulationc-1848697693","p1":"MissIN0","p2":"Asd4321","format":"[Gen 9] VGC 2023 Regulation C","log":"|j|\u2606MissIN0\n|j|\u2606Asd4321\n|t:|1682101772\n|gametype|doubles\n|player|p1|MissIN0|lucas|1320\n|player|p2|Asd4321|supernerd|1296\n|teamsize|p1|6\n|teamsize|p2|6\n|gen|9\n|tier|[Gen 9] VGC 2023 Regulation C\n|rated|\n|rule|Species Clause: Limit one of each Pok\u00e9mon\n|rule|Item Clause: Limit one of each item\n|clearpoke\n|poke|p1|Baxcalibur, L50, M|\n|poke|p1|Great Tusk, L50|\n|poke|p1|Breloom, L50, M|\n|poke|p1|Arcanine, L50, M|\n|poke|p1|Ting-Lu, L50|\n|poke|p1|Talonflame, L50, F|\n|poke|p2|Chi-Yu, L50|\n|poke|p2|Flutter Mane, L50|\n|poke|p2|Great Tusk, L50|\n|poke|p2|Corviknight, L50, M|\n|poke|p2|Palafin, L50, F|\n|poke|p2|Amoonguss, L50, M|\n|teampreview|4\n|\n|t:|1682101852\n|start\n|switch|p1a: Ting-Lu|Ting-Lu, L50|100\/100\n|switch|p1b: Arcanine|Arcanine, L50, M|100\/100\n|switch|p2a: Chi-Yu|Chi-Yu, L50|100\/100\n|switch|p2b: Palafin|Palafin, L50, F|100\/100\n|-ability|p2a: Chi-Yu|Beads of Ruin\n|-ability|p1b: Arcanine|Intimidate|boost\n|-unboost|p2a: Chi-Yu|atk|1\n|-unboost|p2b: Palafin|atk|1\n|-ability|p1a: Ting-Lu|Vessel of Ruin\n|turn|1\n|\n|t:|1682101871\n|detailschange|p2b: Palafin|Palafin-Hero, L50, F\n|switch|p2b: Corviknight|Corviknight, L50, M|100\/100\n|move|p2a: Chi-Yu|Dark Pulse|p1b: Arcanine\n|-damage|p1b: Arcanine|69\/100\n|cant|p1b: Arcanine|flinch\n|move|p1a: Ting-Lu|Stomping Tantrum|p2a: Chi-Yu\n|-supereffective|p2a: Chi-Yu\n|-damage|p2a: Chi-Yu|0 fnt\n|faint|p2a: Chi-Yu\n|\n|upkeep\n|\n|t:|1682101876\n|switch|p2a: Palafin|Palafin-Hero, L50, F|100\/100\n|-activate|p2a: Palafin|ability: Zero to Hero\n|turn|2\n|\n|t:|1682101916\n|switch|p1b: Baxcalibur|Baxcalibur, L50, M|100\/100\n|-terastallize|p1a: Ting-Lu|Poison\n|move|p2a: Palafin|Protect|p2a: Palafin\n|-singleturn|p2a: Palafin|Protect\n|move|p2b: Corviknight|Tailwind|p2b: Corviknight\n|-sidestart|p2: Asd4321|move: Tailwind\n|move|p1a: Ting-Lu|Stomping Tantrum|p2a: Palafin\n|-activate|p2a: Palafin|move: Protect\n|\n|upkeep\n|turn|3\n|\n|t:|1682101931\n|-terastallize|p2a: Palafin|Water\n|move|p1b: Baxcalibur|Protect|p1b: Baxcalibur\n|-singleturn|p1b: Baxcalibur|Protect\n|move|p2a: Palafin|Wave Crash|p1a: Ting-Lu\n|-damage|p1a: Ting-Lu|33\/100\n|-damage|p2a: Palafin|71\/100|[from] Recoil\n|move|p2b: Corviknight|Brave Bird|p1b: Baxcalibur\n|-activate|p1b: Baxcalibur|move: Protect\n|move|p1a: Ting-Lu|Fissure|p2a: Palafin|[miss]\n|-miss|p1a: Ting-Lu|p2a: Palafin\n|\n|upkeep\n|turn|4\n|\n|t:|1682101946\n|switch|p1a: Arcanine|Arcanine, L50, M|69\/100\n|-ability|p1a: Arcanine|Intimidate|boost\n|-unboost|p2a: Palafin|atk|1\n|-ability|p2b: Corviknight|Mirror Armor\n|-unboost|p1a: Arcanine|atk|1\n|move|p2a: Palafin|Protect|p2a: Palafin\n|-singleturn|p2a: Palafin|Protect\n|move|p2b: Corviknight|Brave Bird|p1a: Arcanine\n|-damage|p1a: Arcanine|33\/100\n|-damage|p2b: Corviknight|89\/100|[from] Recoil\n|move|p1b: Baxcalibur|Glaive Rush|p2a: Palafin\n|-activate|p2a: Palafin|move: Protect\n|\n|upkeep\n|turn|5\n|\n|t:|1682101959\n|move|p2a: Palafin|Jet Punch|p1a: Arcanine\n|-supereffective|p1a: Arcanine\n|-damage|p1a: Arcanine|0 fnt\n|faint|p1a: Arcanine\n|move|p2b: Corviknight|Brave Bird|p1b: Baxcalibur\n|-damage|p1b: Baxcalibur|70\/100\n|-damage|p2b: Corviknight|79\/100|[from] Recoil\n|move|p1b: Baxcalibur|Glaive Rush|p2a: Palafin\n|-damage|p2a: Palafin|5\/100\n|-singlemove|p1b: Baxcalibur|Glaive Rush|[silent]\n|\n|-sideend|p2: Asd4321|move: Tailwind\n|upkeep\n|\n|t:|1682101970\n|switch|p1a: Breloom|Breloom, L50, M|100\/100\n|turn|6\n|\n|t:|1682101979\n|move|p2a: Palafin|Protect|p2a: Palafin\n|-singleturn|p2a: Palafin|Protect\n|move|p1b: Baxcalibur|Ice Shard|p2a: Palafin\n|-activate|p2a: Palafin|move: Protect\n|move|p1a: Breloom|Spore|p2b: Corviknight\n|-status|p2b: Corviknight|slp|[from] move: Spore\n|cant|p2b: Corviknight|slp\n|\n|upkeep\n|turn|7\n|\n|t:|1682102001\n|switch|p2a: Flutter Mane|Flutter Mane, L50|100\/100\n|move|p1a: Breloom|Mach Punch|p2a: Flutter Mane\n|-immune|p2a: Flutter Mane\n|move|p1b: Baxcalibur|Glaive Rush|p2b: Corviknight\n|-resisted|p2b: Corviknight\n|-damage|p2b: Corviknight|49\/100 slp\n|-singlemove|p1b: Baxcalibur|Glaive Rush|[silent]\n|-enditem|p2b: Corviknight|Sitrus Berry|[eat]\n|-heal|p2b: Corviknight|74\/100 slp|[from] item: Sitrus Berry\n|cant|p2b: Corviknight|slp\n|\n|upkeep\n|turn|8\n|\n|t:|1682102014\n|move|p2a: Flutter Mane|Protect|p2a: Flutter Mane\n|-singleturn|p2a: Flutter Mane|Protect\n|move|p1b: Baxcalibur|Protect|p1b: Baxcalibur\n|-singleturn|p1b: Baxcalibur|Protect\n|move|p1a: Breloom|Bullet Seed|p2a: Flutter Mane\n|-activate|p2a: Flutter Mane|move: Protect\n|cant|p2b: Corviknight|slp\n|\n|upkeep\n|turn|9\n|\n|t:|1682102025\n|switch|p1b: Ting-Lu|Ting-Lu, L50, tera:Poison|33\/100\n|-ability|p1b: Ting-Lu|Vessel of Ruin\n|move|p2a: Flutter Mane|Dazzling Gleam|p1a: Breloom|[spread] p1a,p1b\n|-supereffective|p1a: Breloom\n|-resisted|p1b: Ting-Lu\n|-enditem|p1a: Breloom|Focus Sash\n|-damage|p1a: Breloom|1\/100\n|-damage|p1b: Ting-Lu|24\/100\n|-damage|p2a: Flutter Mane|91\/100|[from] item: Life Orb\n|move|p1a: Breloom|Bullet Seed|p2a: Flutter Mane\n|-damage|p2a: Flutter Mane|48\/100\n|-damage|p2a: Flutter Mane|6\/100\n|-hitcount|p2a: Flutter Mane|2\n|-curestatus|p2b: Corviknight|slp|[msg]\n|move|p2b: Corviknight|Tailwind|p2b: Corviknight\n|-sidestart|p2: Asd4321|move: Tailwind\n|\n|upkeep\n|turn|10\n|\n|t:|1682102053\n|move|p2a: Flutter Mane|Protect|p2a: Flutter Mane\n|-singleturn|p2a: Flutter Mane|Protect\n|move|p1a: Breloom|Protect|p1a: Breloom\n|-singleturn|p1a: Breloom|Protect\n|move|p2b: Corviknight|Brave Bird|p1a: Breloom\n|-activate|p1a: Breloom|move: Protect\n|move|p1b: Ting-Lu|Heavy Slam|p2a: Flutter Mane\n|-activate|p2a: Flutter Mane|move: Protect\n|\n|upkeep\n|turn|11\n|\n|t:|1682102076\n|move|p1a: Breloom|Mach Punch|p2b: Corviknight\n|-damage|p2b: Corviknight|49\/100\n|move|p2a: Flutter Mane|Dazzling Gleam|p1b: Ting-Lu|[spread] p1a,p1b\n|-supereffective|p1a: Breloom\n|-resisted|p1b: Ting-Lu\n|-damage|p1a: Breloom|0 fnt\n|-damage|p1b: Ting-Lu|16\/100\n|faint|p1a: Breloom\n|-damage|p2a: Flutter Mane|0 fnt|[from] item: Life Orb\n|faint|p2a: Flutter Mane\n|-end|p2a: Flutter Mane|Protosynthesis|[silent]\n|move|p2b: Corviknight|Brave Bird|p1b: Ting-Lu\n|-damage|p1b: Ting-Lu|0 fnt\n|faint|p1b: Ting-Lu\n|-damage|p2b: Corviknight|42\/100|[from] Recoil\n|\n|upkeep\n|\n|t:|1682102082\n|switch|p2a: Palafin|Palafin-Hero, L50, F, tera:Water|5\/100\n|switch|p1b: Baxcalibur|Baxcalibur, L50, M|70\/100\n|turn|12\n|\n|t:|1682102090\n|move|p2a: Palafin|Protect|p2a: Palafin\n|-singleturn|p2a: Palafin|Protect\n|move|p1b: Baxcalibur|Ice Shard|p2b: Corviknight\n|-damage|p2b: Corviknight|23\/100\n|move|p2b: Corviknight|Roost|p2b: Corviknight\n|-heal|p2b: Corviknight|74\/100\n|-singleturn|p2b: Corviknight|move: Roost\n|\n|-sideend|p2: Asd4321|move: Tailwind\n|upkeep\n|turn|13\n|\n|t:|1682102100\n|move|p2a: Palafin|Jet Punch|p1b: Baxcalibur\n|-resisted|p1b: Baxcalibur\n|-damage|p1b: Baxcalibur|44\/100\n|move|p1b: Baxcalibur|Ice Shard|p2a: Palafin\n|-resisted|p2a: Palafin\n|-damage|p2a: Palafin|0 fnt\n|faint|p2a: Palafin\n|move|p2b: Corviknight|Brave Bird|p1b: Baxcalibur\n|-damage|p1b: Baxcalibur|10\/100\n|-damage|p2b: Corviknight|61\/100|[from] Recoil\n|\n|upkeep\n|turn|14\n|\n|t:|1682102109\n|move|p1b: Baxcalibur|Earthquake|p2b: Corviknight\n|-immune|p2b: Corviknight\n|move|p2b: Corviknight|Brave Bird|p1b: Baxcalibur\n|-damage|p1b: Baxcalibur|0 fnt\n|faint|p1b: Baxcalibur\n|-damage|p2b: Corviknight|58\/100|[from] Recoil\n|\n|win|Asd4321\n|raw|MissIN0's rating: 1320 → 1299<\/strong> (-21 for losing)\n|raw|Asd4321's rating: 1296 → 1323<\/strong> (+27 for winning)\n|l|\u2606MissIN0\n","uploadtime":1682102123,"views":14,"p1id":"missin0","p2id":"asd4321","formatid":"gen9vgc2023regulationc","rating":1299,"private":0,"password":""}