{"id":"gen9vgc2023regulationc-1864309039","p1":"ckierico","p2":"pandemolde37","format":"[Gen 9] VGC 2023 Regulation C","log":"|j|\u2606ckierico\n|j|\u2606pandemolde37\n|t:|1684153488\n|gametype|doubles\n|player|p1|ckierico|ninjaboy|1246\n|player|p2|pandemolde37|klara|1284\n|teamsize|p1|6\n|teamsize|p2|6\n|gen|9\n|tier|[Gen 9] VGC 2023 Regulation C\n|rated|\n|rule|Species Clause: Limit one of each Pok\u00e9mon\n|rule|Item Clause: Limit one of each item\n|clearpoke\n|poke|p1|Lycanroc-Dusk, L50, F|\n|poke|p1|Chien-Pao, L50|\n|poke|p1|Palafin, L50, F|\n|poke|p1|Kingambit, L50, M|\n|poke|p1|Amoonguss, L50, F|\n|poke|p1|Flutter Mane, L50|\n|poke|p2|Ting-Lu, L50|\n|poke|p2|Garchomp, L50, F|\n|poke|p2|Corviknight, L50, F|\n|poke|p2|Chi-Yu, L50|\n|poke|p2|Flutter Mane, L50|\n|poke|p2|Amoonguss, L50, M|\n|teampreview|4\n|inactive|Battle timer is ON: inactive players will automatically lose when time's up. (requested by pandemolde37)\n|inactive|ckierico also wants the timer to be on.\nckierico has agreed to open team sheets.\n|\n|t:|1684153516\n|start\n|switch|p1a: Lycanroc|Lycanroc-Dusk, L50, F|100\/100\n|switch|p1b: Palafin|Palafin, L50, F|100\/100\n|switch|p2a: PRINCESITA|Garchomp, L50, F|100\/100\n|switch|p2b: CARRERO BLANCO|Corviknight, L50, F|100\/100\n|turn|1\n|inactive|ckierico has 30 seconds left.\n|\n|t:|1684153547\n|move|p1b: Palafin|Jet Punch|p2a: PRINCESITA\n|-damage|p2a: PRINCESITA|78\/100\n|-damage|p1b: Palafin|88\/100|[from] ability: Rough Skin|[of] p2a: PRINCESITA\n|move|p1a: Lycanroc|Play Rough|p2a: PRINCESITA\n|-supereffective|p2a: PRINCESITA\n|-damage|p2a: PRINCESITA|0 fnt\n|-damage|p1a: Lycanroc|88\/100|[from] ability: Rough Skin|[of] p2a: PRINCESITA\n|faint|p2a: PRINCESITA\n|move|p2b: CARRERO BLANCO|Tailwind|p2b: CARRERO BLANCO\n|-sidestart|p2: pandemolde37|move: Tailwind\n|\n|upkeep\n|\n|t:|1684153558\n|switch|p2a: EUSKADI 2004|Chi-Yu, L50|100\/100\n|-ability|p2a: EUSKADI 2004|Beads of Ruin\n|turn|2\n|\n|t:|1684153583\n|switch|p1a: Chien-Pao|Chien-Pao, L50|100\/100\n|-ability|p1a: Chien-Pao|Sword of Ruin\n|-terastallize|p2a: EUSKADI 2004|Ghost\n|-terastallize|p1b: Palafin|Water\n|move|p1b: Palafin|Jet Punch|p2a: EUSKADI 2004\n|-damage|p2a: EUSKADI 2004|30\/100\n|move|p2a: EUSKADI 2004|Dark Pulse|p1a: Chien-Pao\n|-resisted|p1a: Chien-Pao\n|-damage|p1a: Chien-Pao|32\/100\n|move|p2b: CARRERO BLANCO|Brave Bird|p1b: Palafin\n|-damage|p1b: Palafin|5\/100\n|-damage|p2b: CARRERO BLANCO|73\/100|[from] Recoil\n|\n|upkeep\n|turn|3\n|\n|t:|1684153608\n|move|p1b: Palafin|Protect|p1b: Palafin\n|-singleturn|p1b: Palafin|Protect\n|move|p1a: Chien-Pao|Sucker Punch|p2a: EUSKADI 2004\n|-supereffective|p2a: EUSKADI 2004\n|-damage|p2a: EUSKADI 2004|0 fnt\n|faint|p2a: EUSKADI 2004\n|move|p2b: CARRERO BLANCO|Iron Head|p1b: Palafin\n|-activate|p1b: Palafin|move: Protect\n|\n|upkeep\n|\n|t:|1684153613\n|switch|p2a: MANO FLAUTA|Flutter Mane, L50|100\/100\n|turn|4\n|\n|t:|1684153625\n|move|p1a: Chien-Pao|Sucker Punch|p2a: MANO FLAUTA\n|-enditem|p2a: MANO FLAUTA|Focus Sash\n|-damage|p2a: MANO FLAUTA|1\/100\n|move|p1b: Palafin|Jet Punch|p2a: MANO FLAUTA\n|-damage|p2a: MANO FLAUTA|0 fnt\n|faint|p2a: MANO FLAUTA\n|-end|p2a: MANO FLAUTA|Protosynthesis|[silent]\n|move|p2b: CARRERO BLANCO|Iron Head|p1a: Chien-Pao\n|-supereffective|p1a: Chien-Pao\n|-damage|p1a: Chien-Pao|0 fnt\n|faint|p1a: Chien-Pao\n|\n|-sideend|p2: pandemolde37|move: Tailwind\n|upkeep\n|\n|t:|1684153635\n|switch|p1a: Flutter Mane|Flutter Mane, L50|100\/100\n|turn|5\n|\n|t:|1684153641\n|move|p1b: Palafin|Jet Punch|p2b: CARRERO BLANCO\n|-damage|p2b: CARRERO BLANCO|44\/100\n|move|p1a: Flutter Mane|Thunderbolt|p2b: CARRERO BLANCO\n|-supereffective|p2b: CARRERO BLANCO\n|-damage|p2b: CARRERO BLANCO|0 fnt\n|faint|p2b: CARRERO BLANCO\n|\n|win|ckierico\n|raw|ckierico's rating: 1246 → 1274<\/strong> (+28 for winning)\n|raw|pandemolde37's rating: 1284 → 1256<\/strong> (-28 for losing)\n|l|\u2606pandemolde37\n","uploadtime":1684153649,"views":6,"p1id":"ckierico","p2id":"pandemolde37","formatid":"gen9vgc2023regulationc","rating":1256,"private":0,"password":""}