{"id":"gen9vgc2023regulationc-1845940414","p1":"matthewssandslash","p2":"Applejacks15","format":"[Gen 9] VGC 2023 Regulation C","log":"|j|\u2606matthewssandslash\n|j|\u2606Applejacks15\n|t:|1681781737\n|gametype|doubles\n|player|p1|matthewssandslash|169|\n|player|p2|Applejacks15|supernerd|\n|teamsize|p1|6\n|teamsize|p2|6\n|gen|9\n|tier|[Gen 9] VGC 2023 Regulation C\n|rule|Species Clause: Limit one of each Pok\u00e9mon\n|rule|Item Clause: Limit one of each item\n|clearpoke\n|poke|p1|Impidimp, L50, M|\n|poke|p1|Revavroom, L50, F|\n|poke|p1|Flamigo, L50, M|\n|poke|p1|Lycanroc-Dusk, L50, M|\n|poke|p1|Masquerain, L50, F|\n|poke|p1|Misdreavus, L50, M|\n|poke|p2|Tinkaton, L50, F|\n|poke|p2|Slowking, L50, F|\n|poke|p2|Honchkrow, L50, F|\n|poke|p2|Zangoose, L50, M|\n|poke|p2|Beartic, L50, F|\n|poke|p2|Bellibolt, L50, M|\n|teampreview|4\n|c|\u2606matthewssandslash|SNOW!!\n|c|\u2606matthewssandslash|YES!!\n|c|\u2606Applejacks15|g1\n|c|\u2606matthewssandslash|BEARTIC ARRIVES\n|j| Benjc\n|j| Dikhovinka\n|c| Dikhovinka|GLHF!!\n|c|\u2606Applejacks15|LET'S GOOOOO\n|c|\u2606Applejacks15|glhf!!\n|c|\u2606matthewssandslash|you know what makes this easier\/more fun\n|c|\u2606Applejacks15|such a fun season, returning mons were my fave\n|c|\u2606matthewssandslash|it's you\n|c|\u2606matthewssandslash|I either get to win, or I get to see you get a second title and one that you absolutely deserve\n|l| Benjc\n|c|\u2606matthewssandslash|Somehow I have locked in\n|c|\u2606matthewssandslash|GOOD LUCK\n|c|\u2606matthewssandslash|HAVE FUN\n|\n|t:|1681781921\n|start\n|switch|p1a: Tale as old|Impidimp, L50, M|100\/100\n|switch|p1b: As time|Revavroom, L50, F|100\/100\n|switch|p2a: Sledge Queen|Tinkaton, L50, F|100\/100\n|switch|p2b: Sluggish Chungus|Slowking, L50, F|100\/100\n|turn|1\n|\n|t:|1681781956\n|move|p2a: Sledge Queen|Fake Out|p1a: Tale as old\n|-damage|p1a: Tale as old|72\/100\n|cant|p1a: Tale as old|flinch\n|move|p1b: As time|Shift Gear|p1b: As time\n|-boost|p1b: As time|spe|2\n|-boost|p1b: As time|atk|1\n|-enditem|p2a: Sledge Queen|Mirror Herb\n|-boost|p2a: Sledge Queen|spe|2|[from] item: Mirror Herb\n|-boost|p2a: Sledge Queen|atk|1|[from] item: Mirror Herb\n|move|p2b: Sluggish Chungus|Flamethrower|p1b: As time\n|-supereffective|p1b: As time\n|-damage|p1b: As time|45\/100\n|\n|upkeep\n|turn|2\n|\n|t:|1681782045\n|move|p1b: As time|Protect|p1b: As time\n|-singleturn|p1b: As time|Protect\n|move|p1a: Tale as old|Parting Shot|p2a: Sledge Queen\n|-unboost|p2a: Sledge Queen|atk|1\n|-unboost|p2a: Sledge Queen|spa|1\n|\n|t:|1681782051\n|switch|p1a: Song as old|Flamigo, L50, M|100\/100|[from] Parting Shot\n|-copyboost|p1a: Song as old|p1b: As time|[from] ability: Costar\n|move|p2a: Sledge Queen|Gigaton Hammer|p1a: Song as old\n|-damage|p1a: Song as old|27\/100\n|move|p2b: Sluggish Chungus|Flamethrower|p1b: As time\n|-activate|p1b: As time|move: Protect\n|\n|upkeep\n|turn|3\n|\n|t:|1681782079\n|move|p2a: Sledge Queen|Thunder Wave|p1a: Song as old|[miss]\n|-miss|p2a: Sledge Queen|p1a: Song as old\n|move|p1a: Song as old|Close Combat|p2a: Sledge Queen\n|-damage|p2a: Sledge Queen|0 fnt\n|-unboost|p1a: Song as old|def|1\n|-unboost|p1a: Song as old|spd|1\n|faint|p2a: Sledge Queen\n|move|p1b: As time|Poison Jab|p2b: Sluggish Chungus\n|-damage|p2b: Sluggish Chungus|56\/100\n|-status|p2b: Sluggish Chungus|psn\n|move|p2b: Sluggish Chungus|Trick Room|p2b: Sluggish Chungus\n|-fieldstart|move: Trick Room|[of] p2b: Sluggish Chungus\n|\n|-damage|p2b: Sluggish Chungus|44\/100 psn|[from] psn\n|upkeep\n|c|\u2606matthewssandslash|oh no\n|c|\u2606matthewssandslash|oh no\n|c|\u2606matthewssandslash|that was unfortunate rng\n|\n|t:|1681782105\n|switch|p2a: Big Bird|Honchkrow, L50, F, shiny|100\/100\n|turn|4\n|\n|t:|1681782151\n|-terastallize|p1b: As time|Flying\n|move|p2b: Sluggish Chungus|Flamethrower|p1b: As time\n|-damage|p1b: As time|18\/100\n|move|p2a: Big Bird|Brave Bird|p1a: Song as old\n|-supereffective|p1a: Song as old\n|-damage|p1a: Song as old|0 fnt\n|faint|p1a: Song as old\n|-damage|p2a: Big Bird|92\/100|[from] Recoil\n|move|p1b: As time|Poison Jab|p2a: Big Bird\n|-damage|p2a: Big Bird|0 fnt\n|faint|p2a: Big Bird\n|\n|-damage|p2b: Sluggish Chungus|31\/100 psn|[from] psn\n|upkeep\n|\n|t:|1681782164\n|switch|p2a: Beardy Bear|Beartic, L50, F, shiny|100\/100\n|switch|p1a: Tale as old|Impidimp, L50, M|72\/100\n|turn|5\n|\n|t:|1681782221\n|-terastallize|p2a: Beardy Bear|Water\n|move|p1a: Tale as old|Fake Out|p2a: Beardy Bear\n|-damage|p2a: Beardy Bear|95\/100\n|cant|p2a: Beardy Bear|flinch\n|move|p2b: Sluggish Chungus|Flamethrower|p1b: As time\n|-damage|p1b: As time|0 fnt\n|faint|p1b: As time\n|\n|-damage|p2b: Sluggish Chungus|19\/100 psn|[from] psn\n|upkeep\n|-enditem|p2b: Sluggish Chungus|Iapapa Berry|[eat]\n|-heal|p2b: Sluggish Chungus|52\/100 psn|[from] item: Iapapa Berry\n|\n|t:|1681782228\n|switch|p1b: As rhyme|Lycanroc-Dusk, L50, M|100\/100\n|turn|6\n|\n|t:|1681782247\n|move|p1b: As rhyme|Protect|p1b: As rhyme\n|-singleturn|p1b: As rhyme|Protect\n|move|p2a: Beardy Bear|Aqua Jet|p1b: As rhyme\n|-activate|p1b: As rhyme|move: Protect\n|move|p1a: Tale as old|Parting Shot|p2a: Beardy Bear\n|-unboost|p2a: Beardy Bear|atk|1\n|-unboost|p2a: Beardy Bear|spa|1\n|move|p2b: Sluggish Chungus|Slack Off|p2b: Sluggish Chungus\n|-heal|p2b: Sluggish Chungus|100\/100 psn\n|\n|-damage|p2b: Sluggish Chungus|88\/100 psn|[from] psn\n|upkeep\n|turn|7\n|\n|t:|1681782267\n|move|p2a: Beardy Bear|Aqua Jet|p1b: As rhyme\n|-supereffective|p1b: As rhyme\n|-damage|p1b: As rhyme|28\/100\n|move|p1a: Tale as old|Parting Shot|p2a: Beardy Bear\n|-unboost|p2a: Beardy Bear|atk|1\n|-unboost|p2a: Beardy Bear|spa|1\n|move|p2b: Sluggish Chungus|Ice Beam|p1b: As rhyme\n|-damage|p1b: As rhyme|0 fnt\n|faint|p1b: As rhyme\n|\n|-damage|p2b: Sluggish Chungus|76\/100 psn|[from] psn\n|-fieldend|move: Trick Room\n|upkeep\n|turn|8\n|\n|t:|1681782299\n|move|p2a: Beardy Bear|Aqua Jet|p1a: Tale as old\n|-damage|p1a: Tale as old|22\/100\n|move|p1a: Tale as old|Foul Play|p2b: Sluggish Chungus\n|-supereffective|p2b: Sluggish Chungus\n|-damage|p2b: Sluggish Chungus|40\/100 psn\n|move|p2b: Sluggish Chungus|Ice Beam|p1a: Tale as old\n|-damage|p1a: Tale as old|0 fnt\n|faint|p1a: Tale as old\n|\n|win|Applejacks15\n|c|\u2606matthewssandslash|gg\n|c|\u2606Applejacks15|gg!\n","uploadtime":1681782309,"views":16,"p1id":"matthewssandslash","p2id":"applejacks15","formatid":"gen9vgc2023regulationc","rating":0,"private":0,"password":""}