{"id":"gen9vgc2023regulationc-1863313048","p1":"revocolombia","p2":"wennoboi","format":"[Gen 9] VGC 2023 Regulation C","log":"|j|\u2606revocolombia\n|j|\u2606wennoboi\n|t:|1684001241\n|gametype|doubles\n|player|p1|revocolombia|pokemonranger-gen4|1313\n|player|p2|wennoboi|backpacker|1266\n|teamsize|p1|6\n|teamsize|p2|6\n|gen|9\n|tier|[Gen 9] VGC 2023 Regulation C\n|rated|\n|rule|Species Clause: Limit one of each Pok\u00e9mon\n|rule|Item Clause: Limit one of each item\n|clearpoke\n|poke|p1|Flutter Mane, L50|\n|poke|p1|Annihilape, L50, M|\n|poke|p1|Dragonite, L50, M|\n|poke|p1|Chien-Pao, L50|\n|poke|p1|Murkrow, L50, M|\n|poke|p1|Gholdengo, L50|\n|poke|p2|Flutter Mane, L50|\n|poke|p2|Chi-Yu, L50|\n|poke|p2|Talonflame, L50, M|\n|poke|p2|Gyarados, L50, M|\n|poke|p2|Amoonguss, L50, M|\n|poke|p2|Great Tusk, L50|\n|teampreview|4\n|inactive|Battle timer is ON: inactive players will automatically lose when time's up. (requested by wennoboi)\n|\n|t:|1684001266\n|start\n|switch|p1a: Annihilape|Annihilape, L50, M|100\/100\n|switch|p1b: Flutter Mane|Flutter Mane, L50|100\/100\n|switch|p2a: Talonflame|Talonflame, L50, M|100\/100\n|switch|p2b: Flutter Mane|Flutter Mane, L50|100\/100\n|-enditem|p1b: Flutter Mane|Booster Energy\n|-activate|p1b: Flutter Mane|ability: Protosynthesis|[fromitem]\n|-start|p1b: Flutter Mane|protosynthesisspe\n|turn|1\n|inactive|revocolombia has 30 seconds left.\n|\n|t:|1684001294\n|-terastallize|p1a: Annihilape|Fire\n|move|p2a: Talonflame|Tailwind|p2a: Talonflame\n|-sidestart|p2: wennoboi|move: Tailwind\n|move|p2b: Flutter Mane|Shadow Ball|p1b: Flutter Mane\n|-supereffective|p1b: Flutter Mane\n|-crit|p1b: Flutter Mane\n|-damage|p1b: Flutter Mane|0 fnt\n|faint|p1b: Flutter Mane\n|-end|p1b: Flutter Mane|Protosynthesis|[silent]\n|move|p1a: Annihilape|Rage Fist|p2b: Flutter Mane\n|-supereffective|p2b: Flutter Mane\n|-damage|p2b: Flutter Mane|4\/100\n|\n|upkeep\n|\n|t:|1684001309\n|switch|p1b: Dragonite|Dragonite, L50, M|100\/100\n|turn|2\n|\n|t:|1684001330\n|move|p1b: Dragonite|Extreme Speed|p2a: Talonflame\n|-damage|p2a: Talonflame|58\/100\n|move|p2b: Flutter Mane|Shadow Ball|p1a: Annihilape\n|-damage|p1a: Annihilape|51\/100\n|-unboost|p1a: Annihilape|spd|1\n|-ability|p1a: Annihilape|Defiant|boost\n|-boost|p1a: Annihilape|atk|2\n|move|p2a: Talonflame|Will-O-Wisp|p1b: Dragonite\n|-status|p1b: Dragonite|brn\n|-enditem|p1b: Dragonite|Lum Berry|[eat]\n|-curestatus|p1b: Dragonite|brn|[msg]\n|move|p1a: Annihilape|Rage Fist|p2b: Flutter Mane\n|-supereffective|p2b: Flutter Mane\n|-damage|p2b: Flutter Mane|0 fnt\n|faint|p2b: Flutter Mane\n|-end|p2b: Flutter Mane|Protosynthesis|[silent]\n|\n|-heal|p1a: Annihilape|57\/100|[from] item: Leftovers\n|upkeep\n|\n|t:|1684001353\n|switch|p2b: Great Tusk|Great Tusk, L50|100\/100\n|turn|3\n|\n|t:|1684001368\n|move|p1a: Annihilape|Protect|p1a: Annihilape\n|-singleturn|p1a: Annihilape|Protect\n|move|p1b: Dragonite|Extreme Speed|p2a: Talonflame\n|-damage|p2a: Talonflame|17\/100\n|move|p2a: Talonflame|Will-O-Wisp|p1b: Dragonite\n|-status|p1b: Dragonite|brn\n|move|p2b: Great Tusk|Earthquake|p1b: Dragonite|[spread] \n|-activate|p1a: Annihilape|move: Protect\n|-immune|p2a: Talonflame\n|-immune|p1b: Dragonite\n|\n|-heal|p1a: Annihilape|63\/100|[from] item: Leftovers\n|-damage|p1b: Dragonite|94\/100 brn|[from] brn\n|upkeep\n|turn|4\n|inactive|revocolombia has 30 seconds left.\n|\n|t:|1684001399\n|switch|p1a: Murkrow|Murkrow, L50, M|100\/100\n|move|p2a: Talonflame|Protect|p2a: Talonflame\n|-singleturn|p2a: Talonflame|Protect\n|move|p1b: Dragonite|Extreme Speed|p2a: Talonflame\n|-activate|p2a: Talonflame|move: Protect\n|move|p2b: Great Tusk|Earthquake|p1a: Murkrow|[spread] \n|-activate|p2a: Talonflame|move: Protect\n|-immune|p1a: Murkrow\n|-immune|p1b: Dragonite\n|\n|-damage|p1b: Dragonite|88\/100 brn|[from] brn\n|-sideend|p2: wennoboi|move: Tailwind\n|upkeep\n|turn|5\n|inactive|wennoboi has 30 seconds left.\n|\n|t:|1684001430\n|move|p1b: Dragonite|Extreme Speed|p2a: Talonflame\n|-damage|p2a: Talonflame|0 fnt\n|faint|p2a: Talonflame\n|move|p1a: Murkrow|Tailwind|p1a: Murkrow\n|-sidestart|p1: revocolombia|move: Tailwind\n|move|p2b: Great Tusk|Heavy Slam|p1b: Dragonite\n|-damage|p1b: Dragonite|68\/100 brn\n|-damage|p2b: Great Tusk|90\/100|[from] item: Life Orb\n|\n|-damage|p1b: Dragonite|62\/100 brn|[from] brn\n|upkeep\n|\n|t:|1684001442\n|switch|p2a: Chi-Yu|Chi-Yu, L50|100\/100\n|-ability|p2a: Chi-Yu|Beads of Ruin\n|turn|6\n|\n|t:|1684001464\n|switch|p1a: Annihilape|Annihilape, L50, M, tera:Fire|63\/100\n|-terastallize|p2a: Chi-Yu|Fire\n|move|p1b: Dragonite|Low Kick|p2b: Great Tusk\n|-damage|p2b: Great Tusk|74\/100\n|move|p2a: Chi-Yu|Heat Wave|p1a: Annihilape|[spread] p1a,p1b\n|-resisted|p1a: Annihilape\n|-resisted|p1b: Dragonite\n|-damage|p1a: Annihilape|31\/100\n|-damage|p1b: Dragonite|22\/100 brn\n|move|p2b: Great Tusk|Heavy Slam|p1b: Dragonite\n|-crit|p1b: Dragonite\n|-damage|p1b: Dragonite|0 fnt\n|faint|p1b: Dragonite\n|-damage|p2b: Great Tusk|64\/100|[from] item: Life Orb\n|\n|-heal|p1a: Annihilape|38\/100|[from] item: Leftovers\n|upkeep\n|\n|t:|1684001482\n|switch|p1b: Murkrow|Murkrow, L50, M|100\/100\n|turn|7\n|\n|t:|1684001499\n|move|p2a: Chi-Yu|Protect|p2a: Chi-Yu\n|-singleturn|p2a: Chi-Yu|Protect\n|move|p1a: Annihilape|Rage Fist|p2b: Great Tusk\n|-damage|p2b: Great Tusk|14\/100\n|move|p1b: Murkrow|Foul Play|p2a: Chi-Yu\n|-activate|p2a: Chi-Yu|move: Protect\n|move|p2b: Great Tusk|Earthquake|p1b: Murkrow|[spread] p1a\n|-activate|p2a: Chi-Yu|move: Protect\n|-immune|p1b: Murkrow\n|-supereffective|p1a: Annihilape\n|-damage|p1a: Annihilape|0 fnt\n|faint|p1a: Annihilape\n|-damage|p2b: Great Tusk|4\/100|[from] item: Life Orb\n|\n|upkeep\n|turn|8\n|\n|t:|1684001522\n|move|p1b: Murkrow|Foul Play|p2b: Great Tusk\n|-resisted|p2b: Great Tusk\n|-damage|p2b: Great Tusk|0 fnt\n|faint|p2b: Great Tusk\n|-end|p2b: Great Tusk|Protosynthesis|[silent]\n|move|p2a: Chi-Yu|Heat Wave|p1b: Murkrow\n|-damage|p1b: Murkrow|0 fnt\n|faint|p1b: Murkrow\n|\n|win|wennoboi\n|raw|revocolombia's rating: 1313 → 1290<\/strong> (-23 for losing)\n|raw|wennoboi's rating: 1266 → 1294<\/strong> (+28 for winning)\n","uploadtime":1684001532,"views":3,"p1id":"revocolombia","p2id":"wennoboi","formatid":"gen9vgc2023regulationc","rating":1290,"private":0,"password":""}