{"id":"gen9vgc2023regulationc-1857825552","p1":"DarthIgnus","p2":"JLFalcon","format":"[Gen 9] VGC 2023 Regulation C","log":"|j|\u2606DarthIgnus\n|j|\u2606JLFalcon\n|t:|1683235817\n|gametype|doubles\n|player|p1|DarthIgnus|dragontamer|1385\n|player|p2|JLFalcon|1|1324\n|teamsize|p1|6\n|teamsize|p2|6\n|gen|9\n|tier|[Gen 9] VGC 2023 Regulation C\n|rated|\n|rule|Species Clause: Limit one of each Pok\u00e9mon\n|rule|Item Clause: Limit one of each item\n|clearpoke\n|poke|p1|Arcanine, L50, M|\n|poke|p1|Amoonguss, L50, M|\n|poke|p1|Palafin, L50, F|\n|poke|p1|Kingambit, L50, F|\n|poke|p1|Dragonite, L50, F|\n|poke|p1|Flutter Mane, L50|\n|poke|p2|Gallade, L50, M|\n|poke|p2|Chien-Pao, L50|\n|poke|p2|Dragonite, L50, M|\n|poke|p2|Amoonguss, L50, F|\n|poke|p2|Flutter Mane, L50|\n|poke|p2|Iron Bundle, L50|\n|teampreview|4\n|c|\u2606JLFalcon|glhf\n|c|\u2606DarthIgnus|glhf!\nDarthIgnus has agreed to open team sheets.\n|inactive|Battle timer is ON: inactive players will automatically lose when time's up. (requested by JLFalcon)\n|inactive|DarthIgnus has 60 seconds left.\n|\n|t:|1683235889\n|start\n|switch|p1a: Kingambit|Kingambit, L50, F|100\/100\n|switch|p1b: Amoonguss|Amoonguss, L50, M|100\/100\n|switch|p2a: Iron Bundle|Iron Bundle, L50|100\/100\n|switch|p2b: Flutter Mane|Flutter Mane, L50|100\/100\n|-enditem|p2a: Iron Bundle|Booster Energy\n|-activate|p2a: Iron Bundle|ability: Quark Drive|[fromitem]\n|-start|p2a: Iron Bundle|quarkdrivespe\n|turn|1\n|\n|t:|1683235910\n|-terastallize|p1b: Amoonguss|Steel\n|move|p1a: Kingambit|Protect|p1a: Kingambit\n|-singleturn|p1a: Kingambit|Protect\n|move|p2a: Iron Bundle|Freeze-Dry|p1b: Amoonguss\n|-resisted|p1b: Amoonguss\n|-damage|p1b: Amoonguss|85\/100\n|move|p2b: Flutter Mane|Dazzling Gleam|p1a: Kingambit|[spread] p1b\n|-activate|p1a: Kingambit|move: Protect\n|-resisted|p1b: Amoonguss\n|-damage|p1b: Amoonguss|66\/100\n|move|p1b: Amoonguss|Spore|p2b: Flutter Mane\n|-status|p2b: Flutter Mane|slp|[from] move: Spore\n|\n|upkeep\n|turn|2\n|inactive|DarthIgnus has 30 seconds left.\n|\n|t:|1683235943\n|switch|p1b: Dragonite|Dragonite, L50, F|100\/100\n|move|p2a: Iron Bundle|Hydro Pump|p1b: Dragonite|[miss]\n|-miss|p2a: Iron Bundle|p1b: Dragonite\n|cant|p2b: Flutter Mane|slp\n|move|p1a: Kingambit|Swords Dance|p1a: Kingambit\n|-boost|p1a: Kingambit|atk|2\n|\n|upkeep\n|turn|3\n|\n|t:|1683235963\n|switch|p1b: Amoonguss|Amoonguss, L50, M, tera:Steel|99\/100\n|move|p2a: Iron Bundle|Freeze-Dry|p1b: Amoonguss\n|-resisted|p1b: Amoonguss\n|-damage|p1b: Amoonguss|86\/100\n|-curestatus|p2b: Flutter Mane|slp|[msg]\n|move|p2b: Flutter Mane|Dazzling Gleam|p1b: Amoonguss|[spread] p1a,p1b\n|-resisted|p1b: Amoonguss\n|-damage|p1a: Kingambit|55\/100\n|-damage|p1b: Amoonguss|65\/100\n|move|p1a: Kingambit|Kowtow Cleave|p2b: Flutter Mane\n|-damage|p2b: Flutter Mane|0 fnt\n|faint|p2b: Flutter Mane\n|-end|p2b: Flutter Mane|Protosynthesis|[silent]\n|\n|upkeep\n|\n|t:|1683235984\n|switch|p2b: Gallade|Gallade, L50, M, shiny|100\/100\n|turn|4\n|inactive|DarthIgnus has 30 seconds left.\n|inactive|DarthIgnus has 20 seconds left.\n|inactive|DarthIgnus has 15 seconds left.\n|inactive|DarthIgnus has 10 seconds left.\n|\n|t:|1683236033\n|switch|p2b: Chien-Pao|Chien-Pao, L50|100\/100\n|-ability|p2b: Chien-Pao|Sword of Ruin\n|switch|p1b: Flutter Mane|Flutter Mane, L50|100\/100\n|-enditem|p1b: Flutter Mane|Booster Energy\n|-activate|p1b: Flutter Mane|ability: Protosynthesis|[fromitem]\n|-start|p1b: Flutter Mane|protosynthesisspa\n|move|p1a: Kingambit|Protect|p1a: Kingambit\n|-singleturn|p1a: Kingambit|Protect\n|move|p2a: Iron Bundle|Hydro Pump|p1a: Kingambit\n|-activate|p1a: Kingambit|move: Protect\n|\n|upkeep\n|turn|5\n|inactive|DarthIgnus has 30 seconds left.\n|inactive|JLFalcon has 30 seconds left.\n|inactive|DarthIgnus has 20 seconds left.\n|\n|t:|1683236069\n|-terastallize|p2b: Chien-Pao|Dark\n|move|p2b: Chien-Pao|Sucker Punch|p1b: Flutter Mane\n|-damage|p1b: Flutter Mane|0 fnt\n|faint|p1b: Flutter Mane\n|-end|p1b: Flutter Mane|Protosynthesis|[silent]\n|move|p1a: Kingambit|Sucker Punch|p2a: Iron Bundle\n|-damage|p2a: Iron Bundle|0 fnt\n|faint|p2a: Iron Bundle\n|-end|p2a: Iron Bundle|Quark Drive|[silent]\n|\n|upkeep\n|\n|t:|1683236078\n|switch|p2a: Gallade|Gallade, L50, M, shiny|100\/100\n|switch|p1b: Amoonguss|Amoonguss, L50, M, tera:Steel|98\/100\n|turn|6\n|\n|t:|1683236092\n|switch|p1b: Dragonite|Dragonite, L50, F|100\/100\n|move|p1a: Kingambit|Protect|p1a: Kingambit\n|-singleturn|p1a: Kingambit|Protect\n|move|p2a: Gallade|Sacred Sword|p1a: Kingambit\n|-activate|p1a: Kingambit|move: Protect\n|move|p2b: Chien-Pao|Ice Spinner|p1b: Dragonite\n|-supereffective|p1b: Dragonite\n|-damage|p1b: Dragonite|0 fnt\n|faint|p1b: Dragonite\n|\n|upkeep\n|\n|t:|1683236103\n|switch|p1b: Amoonguss|Amoonguss, L50, M, tera:Steel|100\/100\n|turn|7\n|inactive|DarthIgnus has 30 seconds left.\n|\n|t:|1683236131\n|move|p2b: Chien-Pao|Sucker Punch|p1a: Kingambit\n|-resisted|p1a: Kingambit\n|-damage|p1a: Kingambit|30\/100\n|move|p1a: Kingambit|Sucker Punch|p2a: Gallade\n|-damage|p2a: Gallade|0 fnt\n|faint|p2a: Gallade\n|move|p1b: Amoonguss|Spore|p2b: Chien-Pao\n|-status|p2b: Chien-Pao|slp|[from] move: Spore\n|\n|upkeep\n|turn|8\n|-message|JLFalcon forfeited.\n|\n|win|DarthIgnus\n|raw|DarthIgnus's rating: 1385 → 1402<\/strong> (+17 for winning)\n|raw|JLFalcon's rating: 1324 → 1307<\/strong> (-17 for losing)\n|l|\u2606JLFalcon\n|c|\u2606DarthIgnus|gg\n","uploadtime":1683236158,"views":16,"p1id":"darthignus","p2id":"jlfalcon","formatid":"gen9vgc2023regulationc","rating":1307,"private":0,"password":""}