{"id":"gen9vgc2023regulationc-1861246838","p1":"G3rd","p2":"RogueWings16758","format":"[Gen 9] VGC 2023 Regulation C","log":"|j|\u2606G3rd\n|j|\u2606RogueWings16758\n|t:|1683739236\n|gametype|doubles\n|player|p1|G3rd|giovanni|1406\n|player|p2|RogueWings16758|169|1289\n|teamsize|p1|6\n|teamsize|p2|6\n|gen|9\n|tier|[Gen 9] VGC 2023 Regulation C\n|rated|\n|rule|Species Clause: Limit one of each Pok\u00e9mon\n|rule|Item Clause: Limit one of each item\n|clearpoke\n|poke|p1|Annihilape, L50, F|\n|poke|p1|Maushold-Four, L50|\n|poke|p1|Chien-Pao, L50|\n|poke|p1|Dragonite, L50, F|\n|poke|p1|Ting-Lu, L50|\n|poke|p1|Florges, L50, F|\n|poke|p2|Dondozo, L50, M|\n|poke|p2|Flamigo, L50, F|\n|poke|p2|Maushold-Four, L50|\n|poke|p2|Cetitan, L50, F|\n|poke|p2|Tatsugiri, L50, M|\n|poke|p2|Annihilape, L50, M|\n|teampreview|4\nG3rd has agreed to open team sheets.\n|inactive|Battle timer is ON: inactive players will automatically lose when time's up. (requested by G3rd)\n|inactive|RogueWings16758 has 60 seconds left.\n|inactive|RogueWings16758 has 30 seconds left.\n|inactive|RogueWings16758 has 20 seconds left.\n|inactive|RogueWings16758 has 15 seconds left.\n|inactive|RogueWings16758 has 10 seconds left.\n|inactive|RogueWings16758 has 5 seconds left.\n|\n|t:|1683739359\n|start\n|switch|p1a: Chien-Pao|Chien-Pao, L50|100\/100\n|switch|p1b: Dragonite|Dragonite, L50, F|100\/100\n|switch|p2a: Maushold|Maushold-Four, L50|100\/100\n|switch|p2b: Cetitan|Cetitan, L50, F|100\/100\n|-ability|p1a: Chien-Pao|Sword of Ruin\n|turn|1\n|inactive|G3rd has 30 seconds left.\n|inactive|G3rd has 20 seconds left.\n|\n|t:|1683739394\n|-terastallize|p1b: Dragonite|Flying\n|move|p2a: Maushold|Follow Me|p2a: Maushold\n|-singleturn|p2a: Maushold|move: Follow Me\n|move|p1a: Chien-Pao|Sacred Sword|p2a: Maushold\n|-supereffective|p2a: Maushold\n|-damage|p2a: Maushold|11\/100\n|move|p1b: Dragonite|Tera Blast|p2a: Maushold\n|-damage|p2a: Maushold|0 fnt\n|faint|p2a: Maushold\n|move|p2b: Cetitan|Belly Drum|p2b: Cetitan\n|-damage|p2b: Cetitan|50\/100\n|-setboost|p2b: Cetitan|atk|6|[from] move: Belly Drum\n|-enditem|p2b: Cetitan|Sitrus Berry|[eat]\n|-heal|p2b: Cetitan|75\/100|[from] item: Sitrus Berry\n|\n|upkeep\n|\n|t:|1683739408\n|switch|p2a: Annihilape|Annihilape, L50, M|100\/100\n|turn|2\n|\n|t:|1683739426\n|switch|p1b: Annihilape|Annihilape, L50, F|100\/100\n|move|p2b: Cetitan|Protect|p2b: Cetitan\n|-singleturn|p2b: Cetitan|Protect\n|move|p2a: Annihilape|Final Gambit|p1a: Chien-Pao\n|-enditem|p1a: Chien-Pao|Focus Sash\n|-damage|p1a: Chien-Pao|1\/100\n|faint|p2a: Annihilape\n|move|p1a: Chien-Pao|Haze|p1a: Chien-Pao\n|-clearallboost\n|\n|upkeep\n|\n|t:|1683739445\n|switch|p2a: Flamigo|Flamigo, L50, F|100\/100\n|-copyboost|p2a: Flamigo|p2b: Cetitan|[from] ability: Costar\n|turn|3\n|\n|t:|1683739461\n|move|p1a: Chien-Pao|Sucker Punch|p2b: Cetitan\n|-damage|p2b: Cetitan|32\/100\n|move|p2b: Cetitan|Ice Shard|p1a: Chien-Pao\n|-resisted|p1a: Chien-Pao\n|-damage|p1a: Chien-Pao|0 fnt\n|faint|p1a: Chien-Pao\n|move|p2a: Flamigo|Brave Bird|p1b: Annihilape\n|-supereffective|p1b: Annihilape\n|-damage|p1b: Annihilape|0 fnt\n|faint|p1b: Annihilape\n|-damage|p2a: Flamigo|56\/100|[from] Recoil\n|\n|upkeep\n|\n|t:|1683739471\n|switch|p1a: Florges|Florges, L50, F|100\/100\n|switch|p1b: Dragonite|Dragonite, L50, F, tera:Flying|100\/100\n|turn|4\n|inactive|RogueWings16758 has 30 seconds left.\n|inactive|RogueWings16758 has 20 seconds left.\n|\n|t:|1683739511\n|move|p2a: Flamigo|Protect|p2a: Flamigo\n|-singleturn|p2a: Flamigo|Protect\n|move|p1b: Dragonite|Extreme Speed|p2b: Cetitan\n|-damage|p2b: Cetitan|0 fnt\n|faint|p2b: Cetitan\n|move|p1a: Florges|Moonblast|p2a: Flamigo\n|-activate|p2a: Flamigo|move: Protect\n|\n|upkeep\n|turn|5\n|-message|RogueWings16758 forfeited.\n|\n|win|G3rd\n|raw|G3rd's rating: 1406 → 1420<\/strong> (+14 for winning)\n|raw|RogueWings16758's rating: 1289 → 1272<\/strong> (-17 for losing)\n|l|\u2606RogueWings16758\n","uploadtime":1683739649,"views":22,"p1id":"g3rd","p2id":"roguewings16758","formatid":"gen9vgc2023regulationc","rating":1272,"private":0,"password":""}