{"id":"gen9vgc2023regulationc-1845264013","p1":"Garydosses","p2":"buggahz349","format":"[Gen 9] VGC 2023 Regulation C","log":"|j|\u2606Garydosses\n|j|\u2606buggahz349\n|t:|1681704179\n|gametype|doubles\n|player|p1|Garydosses|acerola|\n|player|p2|buggahz349|n|\n|teamsize|p1|6\n|teamsize|p2|6\n|gen|9\n|tier|[Gen 9] VGC 2023 Regulation C\n|rated|Tournament battle\n|rule|Species Clause: Limit one of each Pok\u00e9mon\n|rule|Item Clause: Limit one of each item\n|clearpoke\n|poke|p1|Gyarados, L50, F|\n|poke|p1|Chien-Pao, L50|\n|poke|p1|Dragapult, L50, F|\n|poke|p1|Flutter Mane, L50|\n|poke|p1|Ting-Lu, L50|\n|poke|p1|Iron Bundle, L50|\n|poke|p2|Sylveon, L50, M|\n|poke|p2|Gothitelle, L50, F|\n|poke|p2|Garganacl, L50, M|\n|poke|p2|Glimmora, L50, F|\n|poke|p2|Iron Hands, L50|\n|poke|p2|Mimikyu, L50, M|\n|teampreview|4\n|inactive|Battle timer is ON: inactive players will automatically lose when time's up. (requested by Garydosses)\n|j| rv100\nbuggahz349 has agreed to open team sheets.\nGarydosses has agreed to open team sheets.\n|j| hl498\n|j| Albino Pinecone\n|j| Tameryn\n|c| rv100|im\n|j| chipp zanuff 7\n|inactive|Garydosses has 60 seconds left.\n|inactive|buggahz349 has 60 seconds left.\n|j|%Eeveon7\u2764\n|c| rv100|wrong chat sry\n|\n|t:|1681704236\n|start\n|switch|p1a: Flutter Mane|Flutter Mane, L50|100\/100\n|switch|p1b: Ting-Lu|Ting-Lu, L50|100\/100\n|switch|p2a: Gothitelle|Gothitelle, L50, F, shiny|100\/100\n|switch|p2b: Iron Hands|Iron Hands, L50, shiny|100\/100\n|-ability|p1b: Ting-Lu|Vessel of Ruin\n|turn|1\n|j| Radio Free C-Side\n|\n|t:|1681704250\n|-terastallize|p1a: Flutter Mane|Grass\n|move|p2b: Iron Hands|Fake Out|p1b: Ting-Lu\n|-damage|p1b: Ting-Lu|90\/100\n|move|p1a: Flutter Mane|Shadow Ball|p2a: Gothitelle\n|-supereffective|p2a: Gothitelle\n|-damage|p2a: Gothitelle|19\/100\n|cant|p1b: Ting-Lu|flinch\n|move|p2a: Gothitelle|Trick Room|p2a: Gothitelle\n|-fieldstart|move: Trick Room|[of] p2a: Gothitelle\n|\n|upkeep\n|turn|2\n|j| did it done\n|l| did it done\n|inactive|Garydosses has 30 seconds left.\n|c|\u2606Garydosses|Ah shit shadow tag\n|c|\u2606Garydosses|Uh oh\n|\n|t:|1681704284\n|move|p2b: Iron Hands|Drain Punch|p1b: Ting-Lu\n|-supereffective|p1b: Ting-Lu\n|-damage|p1b: Ting-Lu|33\/100\n|move|p1b: Ting-Lu|Stomping Tantrum|p2b: Iron Hands\n|-supereffective|p2b: Iron Hands\n|-damage|p2b: Iron Hands|0 fnt\n|faint|p2b: Iron Hands\n|-end|p2b: Iron Hands|Quark Drive|[silent]\n|move|p2a: Gothitelle|Psyshock|p1a: Flutter Mane\n|-damage|p1a: Flutter Mane|65\/100\n|move|p1a: Flutter Mane|Shadow Ball|p2a: Gothitelle\n|-supereffective|p2a: Gothitelle\n|-damage|p2a: Gothitelle|0 fnt\n|faint|p2a: Gothitelle\n|\n|upkeep\n|\n|t:|1681704295\n|switch|p2b: Mimikyu|Mimikyu, L50, M, shiny|100\/100\n|switch|p2a: Garganacl|Garganacl, L50, M, shiny|100\/100\n|turn|3\n|\n|t:|1681704316\n|-end|p1a: Flutter Mane|Protosynthesis|[silent]\n|switch|p1a: Gyarados|Gyarados, L50, F|100\/100\n|-ability|p1a: Gyarados|Intimidate|boost\n|-unboost|p2a: Garganacl|atk|1\n|-unboost|p2b: Mimikyu|atk|1\n|-terastallize|p2a: Garganacl|Flying\n|move|p2a: Garganacl|Salt Cure|p1a: Gyarados\n|-supereffective|p1a: Gyarados\n|-damage|p1a: Gyarados|82\/100\n|-start|p1a: Gyarados|Salt Cure\n|move|p1b: Ting-Lu|Stomping Tantrum|p2b: Mimikyu\n|-activate|p2b: Mimikyu|ability: Disguise\n|-damage|p2b: Mimikyu|100\/100\n|detailschange|p2b: Mimikyu|Mimikyu-Busted, L50, M, shiny\n|-damage|p2b: Mimikyu|88\/100|[from] pokemon: Mimikyu-Busted\n|move|p2b: Mimikyu|Play Rough|p1b: Ting-Lu|[miss]\n|-miss|p2b: Mimikyu|p1b: Ting-Lu\n|\n|-damage|p1a: Gyarados|57\/100|[from] Salt Cure\n|upkeep\n|turn|4\n|\n|t:|1681704339\n|move|p2a: Garganacl|Salt Cure|p1b: Ting-Lu\n|-resisted|p1b: Ting-Lu\n|-damage|p1b: Ting-Lu|30\/100\n|-start|p1b: Ting-Lu|Salt Cure\n|move|p1b: Ting-Lu|Stomping Tantrum|p2b: Mimikyu\n|-damage|p2b: Mimikyu|45\/100\n|move|p2b: Mimikyu|Play Rough|p1b: Ting-Lu\n|-supereffective|p1b: Ting-Lu\n|-damage|p1b: Ting-Lu|0 fnt\n|faint|p1b: Ting-Lu\n|-damage|p2b: Mimikyu|35\/100|[from] item: Life Orb\n|move|p1a: Gyarados|Taunt|p2a: Garganacl\n|-start|p2a: Garganacl|move: Taunt\n|\n|-damage|p1a: Gyarados|32\/100|[from] Salt Cure\n|upkeep\n|c| rv100|was afk\n|c| rv100|who's winning\n|\n|t:|1681704348\n|switch|p1b: Iron Bundle|Iron Bundle, L50|100\/100\n|turn|5\n|inactive|buggahz349 has 30 seconds left.\n|inactive|buggahz349 has 20 seconds left.\n|\n|t:|1681704399\n|move|p2a: Garganacl|Salt Cure|p1b: Iron Bundle\n|-supereffective|p1b: Iron Bundle\n|-damage|p1b: Iron Bundle|76\/100\n|-start|p1b: Iron Bundle|Salt Cure\n|move|p2b: Mimikyu|Shadow Claw|p1b: Iron Bundle\n|-damage|p1b: Iron Bundle|46\/100\n|-damage|p2b: Mimikyu|25\/100|[from] item: Life Orb\n|move|p1a: Gyarados|Waterfall|p2b: Mimikyu\n|-damage|p2b: Mimikyu|0 fnt\n|faint|p2b: Mimikyu\n|move|p1b: Iron Bundle|Freeze-Dry|p2a: Garganacl\n|-supereffective|p2a: Garganacl\n|-damage|p2a: Garganacl|42\/100\n|\n|-heal|p2a: Garganacl|47\/100|[from] item: Leftovers\n|-damage|p1a: Gyarados|7\/100|[from] Salt Cure\n|-damage|p1b: Iron Bundle|21\/100|[from] Salt Cure\n|-fieldend|move: Trick Room\n|upkeep\n|turn|6\n|\n|t:|1681704414\n|move|p1b: Iron Bundle|Freeze-Dry|p2a: Garganacl\n|-supereffective|p2a: Garganacl\n|-damage|p2a: Garganacl|0 fnt\n|faint|p2a: Garganacl\n|\n|win|Garydosses\n|n|\u2606Garydosses|garydosses\n|n|\u2606buggahz349|buggahz349\n|n| rv100|rv100\n|n| hl498|hl498\n|n| Albino Pinecone|albinopinecone\n|n| Tameryn|tameryn\n|n| chipp zanuff 7|chippzanuff7\n|n|+Eeveon7\u2764|eeveon7\n|n| Radio Free C-Side|radiofreecside\n","uploadtime":1681704415,"views":8,"p1id":"garydosses","p2id":"buggahz349","formatid":"gen9vgc2023regulationc","rating":0,"private":0,"password":""}