{"id":"gen9vgc2023regulationc-1849654631","p1":"bravadomercenary","p2":"okokapi","format":"[Gen 9] VGC 2023 Regulation C","log":"|j|\u2606bravadomercenary\n|j|\u2606okokapi\n|t:|1682226448\n|gametype|doubles\n|player|p1|bravadomercenary|170|1211\n|player|p2|okokapi|striker|1147\n|teamsize|p1|6\n|teamsize|p2|6\n|gen|9\n|tier|[Gen 9] VGC 2023 Regulation C\n|rated|\n|rule|Species Clause: Limit one of each Pok\u00e9mon\n|rule|Item Clause: Limit one of each item\n|clearpoke\n|poke|p1|Rabsca, L50, F|\n|poke|p1|Palafin, L50, F|\n|poke|p1|Flutter Mane, L50|\n|poke|p1|Chi-Yu, L50|\n|poke|p1|Maushold, L50|\n|poke|p1|Annihilape, L50, M|\n|poke|p2|Wo-Chien, L50|\n|poke|p2|Arcanine, L50, M|\n|poke|p2|Iron Bundle, L50|\n|poke|p2|Kingambit, L50, F|\n|poke|p2|Gothitelle, L50, F|\n|poke|p2|Sableye, L50, F|\n|teampreview|4\n|inactive|Battle timer is ON: inactive players will automatically lose when time's up. (requested by bravadomercenary)\n|inactive|bravadomercenary has 60 seconds left.\n|inactive|okokapi has 60 seconds left.\n|\n|t:|1682226492\n|start\n|switch|p1a: Flutter Mane|Flutter Mane, L50|100\/100\n|switch|p1b: Annihilape|Annihilape, L50, M|100\/100\n|switch|p2a: Wo-Chien|Wo-Chien, L50|100\/100\n|switch|p2b: Gothitelle|Gothitelle, L50, F|100\/100\n|-ability|p2a: Wo-Chien|Tablets of Ruin\n|turn|1\n|inactive|bravadomercenary has 30 seconds left.\n|inactive|bravadomercenary has 20 seconds left.\n|inactive|bravadomercenary has 15 seconds left.\n|\n|t:|1682226536\n|-terastallize|p2a: Wo-Chien|Poison\n|move|p1a: Flutter Mane|Moonblast|p2a: Wo-Chien\n|-resisted|p2a: Wo-Chien\n|-damage|p2a: Wo-Chien|72\/100\n|move|p1b: Annihilape|Bulk Up|p1b: Annihilape\n|-boost|p1b: Annihilape|atk|1\n|-boost|p1b: Annihilape|def|1\n|move|p2a: Wo-Chien|Leech Seed|p1b: Annihilape\n|-start|p1b: Annihilape|move: Leech Seed\n|move|p2b: Gothitelle|Psychic|p1a: Flutter Mane\n|-damage|p1a: Flutter Mane|68\/100\n|\n|-heal|p2a: Wo-Chien|78\/100|[from] item: Leftovers\n|-damage|p1b: Annihilape|88\/100|[from] Leech Seed|[of] p2a: Wo-Chien\n|-heal|p2a: Wo-Chien|92\/100|[silent]\n|upkeep\n|turn|2\n|\n|t:|1682226559\n|-end|p1a: Flutter Mane|Protosynthesis|[silent]\n|switch|p1a: Chi-Yu|Chi-Yu, L50|100\/100\n|-ability|p1a: Chi-Yu|Beads of Ruin\n|move|p1b: Annihilape|Rage Fist|p2b: Gothitelle\n|-supereffective|p2b: Gothitelle\n|-damage|p2b: Gothitelle|50\/100\n|move|p2a: Wo-Chien|Giga Drain|p1a: Chi-Yu\n|-resisted|p1a: Chi-Yu\n|-damage|p1a: Chi-Yu|82\/100\n|-heal|p2a: Wo-Chien|98\/100|[from] drain|[of] p1a: Chi-Yu\n|move|p2b: Gothitelle|Taunt|p1b: Annihilape\n|-start|p1b: Annihilape|move: Taunt\n|\n|-heal|p1b: Annihilape|94\/100|[from] item: Leftovers\n|-heal|p2a: Wo-Chien|100\/100|[from] item: Leftovers\n|-damage|p1b: Annihilape|82\/100|[from] Leech Seed|[of] p2a: Wo-Chien\n|upkeep\n|turn|3\n|inactive|okokapi has 30 seconds left.\n|\n|t:|1682226588\n|move|p1a: Chi-Yu|Psychic|p2a: Wo-Chien\n|-supereffective|p2a: Wo-Chien\n|-damage|p2a: Wo-Chien|29\/100\n|move|p1b: Annihilape|Rage Fist|p2b: Gothitelle\n|-supereffective|p2b: Gothitelle\n|-damage|p2b: Gothitelle|1\/100\n|-enditem|p2b: Gothitelle|Aguav Berry|[eat]\n|-heal|p2b: Gothitelle|34\/100|[from] item: Aguav Berry\n|move|p2a: Wo-Chien|Leech Seed|p1a: Chi-Yu|[miss]\n|-miss|p2a: Wo-Chien|p1a: Chi-Yu\n|move|p2b: Gothitelle|Psychic|p1b: Annihilape\n|-supereffective|p1b: Annihilape\n|-damage|p1b: Annihilape|15\/100\n|\n|-heal|p1b: Annihilape|22\/100|[from] item: Leftovers\n|-heal|p2a: Wo-Chien|35\/100|[from] item: Leftovers\n|-damage|p1b: Annihilape|9\/100|[from] Leech Seed|[of] p2a: Wo-Chien\n|-heal|p2a: Wo-Chien|49\/100|[silent]\n|upkeep\n|turn|4\n|inactive|okokapi has 30 seconds left.\n|\n|t:|1682226614\n|move|p2a: Wo-Chien|Protect|p2a: Wo-Chien\n|-singleturn|p2a: Wo-Chien|Protect\n|move|p1a: Chi-Yu|Psychic|p2a: Wo-Chien\n|-activate|p2a: Wo-Chien|move: Protect\n|move|p1b: Annihilape|Rage Fist|p2b: Gothitelle\n|-supereffective|p2b: Gothitelle\n|-damage|p2b: Gothitelle|0 fnt\n|faint|p2b: Gothitelle\n|\n|-heal|p1b: Annihilape|15\/100|[from] item: Leftovers\n|-heal|p2a: Wo-Chien|54\/100|[from] item: Leftovers\n|-damage|p1b: Annihilape|3\/100|[from] Leech Seed|[of] p2a: Wo-Chien\n|-heal|p2a: Wo-Chien|68\/100|[silent]\n|upkeep\n|\n|t:|1682226623\n|switch|p2b: Iron Bundle|Iron Bundle, L50|100\/100\n|-enditem|p2b: Iron Bundle|Booster Energy\n|-activate|p2b: Iron Bundle|ability: Quark Drive|[fromitem]\n|-start|p2b: Iron Bundle|quarkdrivespe\n|turn|5\n|\n|t:|1682226643\n|switch|p1b: Rabsca|Rabsca, L50, F|100\/100\n|move|p2b: Iron Bundle|Icy Wind|p1a: Chi-Yu|[spread] p1a,p1b\n|-resisted|p1a: Chi-Yu\n|-damage|p1a: Chi-Yu|69\/100\n|-damage|p1b: Rabsca|74\/100\n|-unboost|p1a: Chi-Yu|spe|1\n|-unboost|p1b: Rabsca|spe|1\n|move|p1a: Chi-Yu|Psychic|p2a: Wo-Chien\n|-supereffective|p2a: Wo-Chien\n|-damage|p2a: Wo-Chien|2\/100\n|move|p2a: Wo-Chien|Leech Seed|p1a: Chi-Yu\n|-start|p1a: Chi-Yu|move: Leech Seed\n|\n|-heal|p2a: Wo-Chien|8\/100|[from] item: Leftovers\n|-damage|p1a: Chi-Yu|57\/100|[from] Leech Seed|[of] p2a: Wo-Chien\n|-heal|p2a: Wo-Chien|16\/100|[silent]\n|upkeep\n|turn|6\n|inactive|bravadomercenary has 30 seconds left.\n|\n|t:|1682226678\n|switch|p2a: Kingambit|Kingambit, L50, F|100\/100\n|move|p2b: Iron Bundle|Ice Beam|p1b: Rabsca\n|-damage|p1b: Rabsca|22\/100\n|move|p1a: Chi-Yu|Psychic|p2a: Kingambit\n|-immune|p2a: Kingambit\n|move|p1b: Rabsca|Struggle Bug|p2b: Iron Bundle|[spread] p2a,p2b\n|-damage|p2a: Kingambit|78\/100\n|-damage|p2b: Iron Bundle|55\/100\n|-unboost|p2a: Kingambit|spa|1\n|-ability|p2a: Kingambit|Defiant|boost\n|-boost|p2a: Kingambit|atk|2\n|-unboost|p2b: Iron Bundle|spa|1\n|\n|-damage|p1a: Chi-Yu|45\/100|[from] Leech Seed|[of] p2a: Kingambit\n|-heal|p2a: Kingambit|86\/100|[silent]\n|upkeep\n|turn|7\n|inactive|okokapi has 30 seconds left.\n|\n|t:|1682226706\n|move|p2a: Kingambit|Sucker Punch||[still]\n|-fail|p2a: Kingambit\n|move|p2b: Iron Bundle|Hydro Pump|p1a: Chi-Yu\n|-supereffective|p1a: Chi-Yu\n|-damage|p1a: Chi-Yu|0 fnt\n|faint|p1a: Chi-Yu\n|move|p1b: Rabsca|Revival Blessing|p1b: Rabsca\n|-enditem|p1b: Rabsca|Leppa Berry|[eat]\n|-activate|p1b: Rabsca|item: Leppa Berry|Revival Blessing|[consumed]\n|\n|t:|1682226713\n|-heal|p1: Chi-Yu|50\/100|[from] move: Revival Blessing\n|\n|upkeep\n|switch|p1a: Chi-Yu|Chi-Yu, L50|50\/100\n|-ability|p1a: Chi-Yu|Beads of Ruin\n|turn|8\n|\n|t:|1682226725\n|-terastallize|p1a: Chi-Yu|Ghost\n|move|p1b: Rabsca|Protect|p1b: Rabsca\n|-singleturn|p1b: Rabsca|Protect\n|move|p2a: Kingambit|Sucker Punch||[still]\n|-fail|p2a: Kingambit\n|move|p2b: Iron Bundle|Hydro Pump|p1a: Chi-Yu\n|-damage|p1a: Chi-Yu|4\/100\n|move|p1a: Chi-Yu|Overheat|p2a: Kingambit\n|-supereffective|p2a: Kingambit\n|-damage|p2a: Kingambit|0 fnt\n|-unboost|p1a: Chi-Yu|spa|2\n|faint|p2a: Kingambit\n|\n|upkeep\n|\n|t:|1682226741\n|switch|p2a: Wo-Chien|Wo-Chien, L50, tera:Poison|16\/100\n|-ability|p2a: Wo-Chien|Tablets of Ruin\n|turn|9\n|\n|t:|1682226754\n|move|p2b: Iron Bundle|Icy Wind|p1a: Chi-Yu|[spread] p1a,p1b\n|-damage|p1a: Chi-Yu|0 fnt\n|-damage|p1b: Rabsca|7\/100\n|-unboost|p1b: Rabsca|spe|1\n|faint|p1a: Chi-Yu\n|move|p2a: Wo-Chien|Giga Drain|p1b: Rabsca\n|-resisted|p1b: Rabsca\n|-damage|p1b: Rabsca|0 fnt\n|-heal|p2a: Wo-Chien|19\/100|[from] drain|[of] p1b: Rabsca\n|faint|p1b: Rabsca\n|\n|-heal|p2a: Wo-Chien|25\/100|[from] item: Leftovers\n|upkeep\n|\n|t:|1682226757\n|switch|p1a: Flutter Mane|Flutter Mane, L50|68\/100\n|switch|p1b: Annihilape|Annihilape, L50, M|3\/100\n|turn|10\n|inactive|okokapi has 30 seconds left.\n|inactive|okokapi has 20 seconds left.\n|inactive|okokapi has 15 seconds left.\n|inactive|okokapi has 10 seconds left.\n|inactive|okokapi has 5 seconds left.\n|\n|t:|1682226809\n|move|p1b: Annihilape|Protect|p1b: Annihilape\n|-singleturn|p1b: Annihilape|Protect\n|move|p2b: Iron Bundle|Ice Beam|p1a: Flutter Mane\n|-damage|p1a: Flutter Mane|37\/100\n|move|p1a: Flutter Mane|Thunderbolt|p2b: Iron Bundle\n|-supereffective|p2b: Iron Bundle\n|-damage|p2b: Iron Bundle|0 fnt\n|faint|p2b: Iron Bundle\n|-end|p2b: Iron Bundle|Quark Drive|[silent]\n|move|p2a: Wo-Chien|Giga Drain|p1b: Annihilape\n|-activate|p1b: Annihilape|move: Protect\n|\n|-heal|p1b: Annihilape|9\/100|[from] item: Leftovers\n|-heal|p2a: Wo-Chien|31\/100|[from] item: Leftovers\n|upkeep\n|turn|11\n|\n|t:|1682226822\n|move|p1a: Flutter Mane|Thunderbolt|p2a: Wo-Chien\n|-damage|p2a: Wo-Chien|0 fnt\n|faint|p2a: Wo-Chien\n|\n|win|bravadomercenary\n|raw|bravadomercenary's rating: 1211 → 1231<\/strong> (+20 for winning)\n|raw|okokapi's rating: 1147 → 1127<\/strong> (-20 for losing)\n|c|\u2606okokapi|gg\n|c|\u2606bravadomercenary|gg\n","uploadtime":1682226837,"views":19,"p1id":"bravadomercenary","p2id":"okokapi","formatid":"gen9vgc2023regulationc","rating":1127,"private":0,"password":""}