{"id":"gen9vgc2023regulationc-1859206466","p1":"CallMeMoron","p2":"crebnar","format":"[Gen 9] VGC 2023 Regulation C","log":"|j|\u2606CallMeMoron\n|j|\u2606crebnar\n|t:|1683417866\n|gametype|doubles\n|player|p1|CallMeMoron|n|1232\n|player|p2|crebnar|pokemonbreeder|1332\n|teamsize|p1|6\n|teamsize|p2|6\n|gen|9\n|tier|[Gen 9] VGC 2023 Regulation C\n|rated|\n|rule|Species Clause: Limit one of each Pok\u00e9mon\n|rule|Item Clause: Limit one of each item\n|clearpoke\n|poke|p1|Chi-Yu, L50|\n|poke|p1|Flutter Mane, L50|\n|poke|p1|Iron Bundle, L50|\n|poke|p1|Talonflame, L50, M|\n|poke|p1|Abomasnow, L50, F|\n|poke|p1|Great Tusk, L50|\n|poke|p2|Abomasnow, L50, M|\n|poke|p2|Iron Bundle, L50|\n|poke|p2|Talonflame, L50, F|\n|poke|p2|Great Tusk, L50|\n|poke|p2|Roaring Moon, L50|\n|poke|p2|Amoonguss, L50, F|\n|teampreview|4\n|c|\u2606crebnar|lmao we almost have the same team\n|\n|t:|1683417898\n|start\n|switch|p1a: Nemo|Chi-Yu, L50|100\/100\n|switch|p1b: Gallina|Talonflame, L50, M|100\/100\n|switch|p2a: Iron Bundle|Iron Bundle, L50|100\/100\n|switch|p2b: Talonflame|Talonflame, L50, F|100\/100\n|-ability|p1a: Nemo|Beads of Ruin\n|-enditem|p2a: Iron Bundle|Booster Energy\n|-activate|p2a: Iron Bundle|ability: Quark Drive|[fromitem]\n|-start|p2a: Iron Bundle|quarkdrivespe\n|turn|1\n|\n|t:|1683417917\n|move|p2a: Iron Bundle|Protect|p2a: Iron Bundle\n|-singleturn|p2a: Iron Bundle|Protect\n|move|p1a: Nemo|Protect|p1a: Nemo\n|-singleturn|p1a: Nemo|Protect\n|move|p1b: Gallina|Tailwind|p1b: Gallina\n|-sidestart|p1: CallMeMoron|move: Tailwind\n|move|p2b: Talonflame|Tailwind|p2b: Talonflame\n|-sidestart|p2: crebnar|move: Tailwind\n|\n|upkeep\n|turn|2\n|\n|t:|1683417938\n|switch|p1a: Krazy P|Iron Bundle, L50|100\/100\n|-enditem|p1a: Krazy P|Booster Energy\n|-activate|p1a: Krazy P|ability: Quark Drive|[fromitem]\n|-start|p1a: Krazy P|quarkdrivespe\n|move|p2a: Iron Bundle|Hydro Pump|p1a: Krazy P\n|-resisted|p1a: Krazy P\n|-damage|p1a: Krazy P|46\/100\n|move|p2b: Talonflame|Brave Bird|p1a: Krazy P\n|-damage|p1a: Krazy P|0 fnt\n|faint|p1a: Krazy P\n|-end|p1a: Krazy P|Quark Drive|[silent]\n|-damage|p2b: Talonflame|90\/100|[from] Recoil\n|move|p1b: Gallina|Taunt|p2a: Iron Bundle\n|-start|p2a: Iron Bundle|move: Taunt\n|\n|upkeep\n|\n|t:|1683417946\n|switch|p1a: La Pelos|Flutter Mane, L50|100\/100\n|turn|3\n|\n|t:|1683417965\n|-terastallize|p1a: La Pelos|Fairy\n|move|p1b: Gallina|Brave Bird|p2b: Talonflame\n|-damage|p2b: Talonflame|28\/100\n|-damage|p1b: Gallina|77\/100|[from] Recoil\n|move|p2a: Iron Bundle|Hydro Pump|p1a: La Pelos\n|-damage|p1a: La Pelos|39\/100\n|move|p1a: La Pelos|Moonblast|p2a: Iron Bundle\n|-damage|p2a: Iron Bundle|0 fnt\n|faint|p2a: Iron Bundle\n|-end|p2a: Iron Bundle|Quark Drive|[silent]\n|-damage|p1a: La Pelos|29\/100|[from] item: Life Orb\n|move|p2b: Talonflame|Brave Bird|p1a: La Pelos\n|-damage|p1a: La Pelos|0 fnt\n|faint|p1a: La Pelos\n|-end|p1a: La Pelos|Protosynthesis|[silent]\n|-damage|p2b: Talonflame|21\/100|[from] Recoil\n|\n|upkeep\n|\n|t:|1683417982\n|switch|p2a: Great Tusk|Great Tusk, L50|100\/100\n|switch|p1a: Nemo|Chi-Yu, L50|100\/100\n|-ability|p1a: Nemo|Beads of Ruin\n|turn|4\n|\n|t:|1683417997\n|move|p2a: Great Tusk|Rock Slide|p1b: Gallina|[spread] p1a,p1b\n|-supereffective|p1a: Nemo\n|-supereffective|p1b: Gallina\n|-damage|p1a: Nemo|50\/100\n|-damage|p1b: Gallina|0 fnt\n|-enditem|p1a: Nemo|Sitrus Berry|[eat]\n|-heal|p1a: Nemo|75\/100|[from] item: Sitrus Berry\n|faint|p1b: Gallina\n|move|p2b: Talonflame|Brave Bird|p1a: Nemo\n|-damage|p1a: Nemo|35\/100\n|-damage|p2b: Talonflame|10\/100|[from] Recoil\n|cant|p1a: Nemo|flinch\n|\n|-sideend|p2: crebnar|move: Tailwind\n|-sideend|p1: CallMeMoron|move: Tailwind\n|upkeep\n|turn|5\n|-message|CallMeMoron forfeited.\n|\n|win|crebnar\n|raw|CallMeMoron's rating: 1232 → 1214<\/strong> (-18 for losing)\n|raw|crebnar's rating: 1332 → 1346<\/strong> (+14 for winning)\n|l|\u2606CallMeMoron\n","uploadtime":1683418014,"views":9,"p1id":"callmemoron","p2id":"crebnar","formatid":"gen9vgc2023regulationc","rating":1214,"private":0,"password":""}