{"id":"gen9vgc2023regulationc-1856434672","p1":"MrYKY","p2":"supaflytnt","format":"[Gen 9] VGC 2023 Regulation C","log":"|j|\u2606MrYKY\n|j|\u2606supaflytnt\n|t:|1683061211\n|gametype|doubles\n|player|p1|MrYKY|ethan|1059\n|player|p2|supaflytnt|266|1148\n|teamsize|p1|6\n|teamsize|p2|6\n|gen|9\n|tier|[Gen 9] VGC 2023 Regulation C\n|rated|\n|rule|Species Clause: Limit one of each Pok\u00e9mon\n|rule|Item Clause: Limit one of each item\n|clearpoke\n|poke|p1|Iron Bundle, L50|\n|poke|p1|Dragonite, L50, F|\n|poke|p1|Gholdengo, L50|\n|poke|p1|Volcarona, L50, M|\n|poke|p1|Garganacl, L50, F|\n|poke|p1|Toedscruel, L50, F|\n|poke|p2|Flutter Mane, L50|\n|poke|p2|Arboliva, L50, F|\n|poke|p2|Florges-Yellow, L50, F|\n|poke|p2|Orthworm, L50, F|\n|poke|p2|Arcanine, L50, M|\n|poke|p2|Gothitelle, L50, M|\n|teampreview|4\n|\n|t:|1683061284\n|start\n|switch|p1a: Iron Bundle|Iron Bundle, L50|100\/100\n|switch|p1b: Volcarona|Volcarona, L50, M|100\/100\n|switch|p2a: Arboliva|Arboliva, L50, F|100\/100\n|switch|p2b: Gucci Mane|Flutter Mane, L50, shiny|100\/100\n|-enditem|p1a: Iron Bundle|Booster Energy\n|-activate|p1a: Iron Bundle|ability: Quark Drive|[fromitem]\n|-start|p1a: Iron Bundle|quarkdrivespe\n|turn|1\n|\n|t:|1683061313\n|move|p2a: Arboliva|Protect|p2a: Arboliva\n|-singleturn|p2a: Arboliva|Protect\n|move|p1a: Iron Bundle|Freeze-Dry|p2a: Arboliva\n|-activate|p2a: Arboliva|move: Protect\n|move|p2b: Gucci Mane|Moonblast|p1a: Iron Bundle\n|-damage|p1a: Iron Bundle|0 fnt\n|faint|p1a: Iron Bundle\n|-end|p1a: Iron Bundle|Quark Drive|[silent]\n|move|p1b: Volcarona|Bug Buzz|p2b: Gucci Mane\n|-resisted|p2b: Gucci Mane\n|-damage|p2b: Gucci Mane|90\/100\n|\n|upkeep\n|\n|t:|1683061330\n|switch|p1a: Gholdengo|Gholdengo, L50|100\/100\n|turn|2\n|\n|t:|1683061365\n|-end|p2b: Gucci Mane|Protosynthesis|[silent]\n|switch|p2b: Noah\u2019s Ark|Arcanine, L50, M|100\/100\n|-ability|p2b: Noah\u2019s Ark|Intimidate|boost\n|-unboost|p1a: Gholdengo|atk|1\n|-unboost|p1b: Volcarona|atk|1\n|-terastallize|p1a: Gholdengo|Fairy\n|-terastallize|p2a: Arboliva|Water\n|move|p1a: Gholdengo|Nasty Plot|p1a: Gholdengo\n|-boost|p1a: Gholdengo|spa|2\n|move|p1b: Volcarona|Flamethrower|p2a: Arboliva\n|-resisted|p2a: Arboliva\n|-damage|p2a: Arboliva|86\/100\n|-status|p2a: Arboliva|brn\n|move|p2a: Arboliva|Leech Seed|p1b: Volcarona\n|-start|p1b: Volcarona|move: Leech Seed\n|\n|-damage|p1b: Volcarona|88\/100|[from] Leech Seed|[of] p2a: Arboliva\n|-heal|p2a: Arboliva|99\/100 brn|[silent]\n|-damage|p2a: Arboliva|93\/100 brn|[from] brn\n|upkeep\n|turn|3\n|\n|t:|1683061402\n|switch|p1b: Garganacl|Garganacl, L50, F|100\/100\n|move|p2b: Noah\u2019s Ark|Flare Blitz|p1a: Gholdengo\n|-damage|p1a: Gholdengo|42\/100\n|-damage|p2b: Noah\u2019s Ark|81\/100|[from] Recoil\n|move|p1a: Gholdengo|Make It Rain|p2a: Arboliva|[spread] p2a,p2b\n|-resisted|p2a: Arboliva\n|-resisted|p2b: Noah\u2019s Ark\n|-damage|p2a: Arboliva|56\/100 brn\n|-damage|p2b: Noah\u2019s Ark|11\/100\n|-unboost|p1a: Gholdengo|spa|1\n|move|p2a: Arboliva|Giga Drain|p1a: Gholdengo\n|-damage|p1a: Gholdengo|9\/100\n|-heal|p2a: Arboliva|72\/100 brn|[from] drain|[of] p1a: Gholdengo\n|\n|-damage|p2a: Arboliva|66\/100 brn|[from] brn\n|upkeep\n|turn|4\n|\n|t:|1683061441\n|move|p2b: Noah\u2019s Ark|Extreme Speed|p1a: Gholdengo\n|-crit|p1a: Gholdengo\n|-damage|p1a: Gholdengo|0 fnt\n|faint|p1a: Gholdengo\n|move|p2a: Arboliva|Giga Drain|p1b: Garganacl\n|-supereffective|p1b: Garganacl\n|-damage|p1b: Garganacl|39\/100\n|-heal|p2a: Arboliva|100\/100 brn|[from] drain|[of] p1b: Garganacl\n|move|p1b: Garganacl|Salt Cure|p2a: Arboliva\n|-damage|p2a: Arboliva|86\/100 brn\n|-start|p2a: Arboliva|Salt Cure\n|\n|-heal|p1b: Garganacl|44\/100|[from] item: Leftovers\n|-damage|p2a: Arboliva|80\/100 brn|[from] brn\n|-damage|p2a: Arboliva|55\/100 brn|[from] Salt Cure\n|upkeep\n|\n|t:|1683061455\n|switch|p1a: Volcarona|Volcarona, L50, M|88\/100\n|turn|5\n|\n|t:|1683061472\n|switch|p2b: Florges|Florges-Yellow, L50, F|100\/100\n|move|p1a: Volcarona|Flamethrower|p2b: Florges\n|-damage|p2b: Florges|75\/100\n|move|p2a: Arboliva|Giga Drain|p1b: Garganacl\n|-supereffective|p1b: Garganacl\n|-damage|p1b: Garganacl|0 fnt\n|-heal|p2a: Arboliva|80\/100 brn|[from] drain|[of] p1b: Garganacl\n|faint|p1b: Garganacl\n|\n|-damage|p2a: Arboliva|74\/100 brn|[from] brn\n|-damage|p2a: Arboliva|49\/100 brn|[from] Salt Cure\n|upkeep\n|-enditem|p2a: Arboliva|Sitrus Berry|[eat]\n|-heal|p2a: Arboliva|74\/100 brn|[from] item: Sitrus Berry\n|turn|6\n|\n|t:|1683061500\n|switch|p2a: Gucci Mane|Flutter Mane, L50, shiny|90\/100\n|move|p1a: Volcarona|Bug Buzz|p2b: Florges\n|-resisted|p2b: Florges\n|-damage|p2b: Florges|61\/100\n|move|p2b: Florges|Wish|p2b: Florges\n|\n|upkeep\n|turn|7\n|\n|t:|1683061517\n|switch|p2b: Arboliva|Arboliva, L50, F, tera:Water|74\/100 brn\n|move|p2a: Gucci Mane|Shadow Ball|p1a: Volcarona\n|-damage|p1a: Volcarona|38\/100\n|move|p1a: Volcarona|Bug Buzz|p2b: Arboliva\n|-damage|p2b: Arboliva|46\/100 brn\n|\n|-heal|p2b: Arboliva|96\/100 brn|[from] move: Wish|[wisher] Florges\n|-damage|p2b: Arboliva|90\/100 brn|[from] brn\n|-item|p2b: Arboliva|Sitrus Berry|[from] ability: Harvest\n|upkeep\n|turn|8\n|\n|t:|1683061532\n|move|p2a: Gucci Mane|Shadow Ball|p1a: Volcarona\n|-damage|p1a: Volcarona|0 fnt\n|faint|p1a: Volcarona\n|\n|win|supaflytnt\n|raw|MrYKY's rating: 1059 → 1045<\/strong> (-14 for losing)\n|raw|supaflytnt's rating: 1148 → 1167<\/strong> (+19 for winning)\n|l|\u2606MrYKY\n|c|\u2606supaflytnt|gg\n","uploadtime":1683061567,"views":6,"p1id":"mryky","p2id":"supaflytnt","formatid":"gen9vgc2023regulationc","rating":1045,"private":0,"password":""}