{"id":"gen9vgc2023regulationc-1857816596","p1":"Bjoerno","p2":"tzarii","format":"[Gen 9] VGC 2023 Regulation C","log":"|j|\u2606Bjoerno\n|j|\u2606tzarii\n|t:|1683234828\n|gametype|doubles\n|player|p1|Bjoerno|1|1159\n|player|p2|tzarii|lady-gen4|1118\n|teamsize|p1|6\n|teamsize|p2|6\n|gen|9\n|tier|[Gen 9] VGC 2023 Regulation C\n|rated|\n|rule|Species Clause: Limit one of each Pok\u00e9mon\n|rule|Item Clause: Limit one of each item\n|clearpoke\n|poke|p1|Gengar, L50, M|\n|poke|p1|Iron Valiant, L50|\n|poke|p1|Kingambit, L50, M|\n|poke|p1|Ceruledge, L50, F|\n|poke|p1|Tsareena, L50, F|\n|poke|p1|Ting-Lu, L50|\n|poke|p2|Iron Bundle, L50|\n|poke|p2|Chi-Yu, L50|\n|poke|p2|Wo-Chien, L50|\n|poke|p2|Passimian, L50, F|\n|poke|p2|Flutter Mane, L50|\n|poke|p2|Great Tusk, L50|\n|teampreview|4\n|\n|t:|1683234842\n|start\n|switch|p1a: Iron Valiant|Iron Valiant, L50|100\/100\n|switch|p1b: Ting-Lu|Ting-Lu, L50|100\/100\n|switch|p2a: Passimian|Passimian, L50, F|100\/100\n|switch|p2b: Flutter Mane|Flutter Mane, L50, shiny|100\/100\n|-ability|p1b: Ting-Lu|Vessel of Ruin\n|-enditem|p1a: Iron Valiant|Booster Energy\n|-activate|p1a: Iron Valiant|ability: Quark Drive|[fromitem]\n|-start|p1a: Iron Valiant|quarkdrivespe\n|turn|1\n|inactive|Battle timer is ON: inactive players will automatically lose when time's up. (requested by Bjoerno)\n|\n|t:|1683234873\n|-terastallize|p2b: Flutter Mane|Fairy\n|move|p1a: Iron Valiant|Dazzling Gleam|p2a: Passimian|[spread] p2a,p2b\n|-supereffective|p2a: Passimian\n|-damage|p2a: Passimian|35\/100\n|-damage|p2b: Flutter Mane|77\/100\n|move|p2b: Flutter Mane|Dazzling Gleam|p1b: Ting-Lu|[spread] p1a,p1b\n|-supereffective|p1a: Iron Valiant\n|-supereffective|p1b: Ting-Lu\n|-damage|p1a: Iron Valiant|0 fnt\n|-damage|p1b: Ting-Lu|62\/100\n|faint|p1a: Iron Valiant\n|-end|p1a: Iron Valiant|Quark Drive|[silent]\n|move|p2a: Passimian|Trailblaze|p1b: Ting-Lu\n|-supereffective|p1b: Ting-Lu\n|-damage|p1b: Ting-Lu|43\/100\n|-boost|p2a: Passimian|spe|1\n|move|p1b: Ting-Lu|Payback|p2b: Flutter Mane\n|-resisted|p2b: Flutter Mane\n|-damage|p2b: Flutter Mane|40\/100\n|\n|-heal|p1b: Ting-Lu|49\/100|[from] item: Leftovers\n|upkeep\n|\n|t:|1683234895\n|switch|p1a: Ceruledge|Ceruledge, L50, F|100\/100\n|turn|2\n|\n|t:|1683234918\n|move|p1a: Ceruledge|Shadow Sneak|p2b: Flutter Mane\n|-damage|p2b: Flutter Mane|0 fnt\n|faint|p2b: Flutter Mane\n|-end|p2b: Flutter Mane|Protosynthesis|[silent]\n|move|p2a: Passimian|Rock Slide|p1a: Ceruledge|[spread] p1a,p1b\n|-supereffective|p1a: Ceruledge\n|-resisted|p1b: Ting-Lu\n|-crit|p1b: Ting-Lu\n|-damage|p1a: Ceruledge|60\/100\n|-damage|p1b: Ting-Lu|42\/100\n|move|p1b: Ting-Lu|Body Press|p2a: Passimian\n|-damage|p2a: Passimian|11\/100\n|\n|-heal|p1b: Ting-Lu|48\/100|[from] item: Leftovers\n|upkeep\n|\n|t:|1683234930\n|switch|p2b: Iron Bundle|Iron Bundle, L50|100\/100\n|turn|3\n|\n|t:|1683234950\n|move|p1a: Ceruledge|Shadow Sneak|p2a: Passimian\n|-damage|p2a: Passimian|0 fnt\n|faint|p2a: Passimian\n|move|p2b: Iron Bundle|Hydro Pump|p1b: Ting-Lu\n|-supereffective|p1b: Ting-Lu\n|-damage|p1b: Ting-Lu|0 fnt\n|faint|p1b: Ting-Lu\n|\n|upkeep\n|\n|t:|1683234958\n|switch|p2a: Great Tusk|Great Tusk, L50|100\/100\n|switch|p1b: Kingambit|Kingambit, L50, M|100\/100\n|turn|4\n|\n|t:|1683234977\n|-terastallize|p1a: Ceruledge|Grass\n|move|p1b: Kingambit|Protect|p1b: Kingambit\n|-singleturn|p1b: Kingambit|Protect\n|move|p2b: Iron Bundle|Hydro Pump|p1a: Ceruledge\n|-resisted|p1a: Ceruledge\n|-damage|p1a: Ceruledge|43\/100\n|move|p2a: Great Tusk|Close Combat|p1b: Kingambit\n|-activate|p1b: Kingambit|move: Protect\n|move|p1a: Ceruledge|Tera Blast|p2b: Iron Bundle\n|-supereffective|p2b: Iron Bundle\n|-damage|p2b: Iron Bundle|18\/100\n|\n|upkeep\n|turn|5\n|\n|t:|1683234996\n|move|p1b: Kingambit|Sucker Punch|p2b: Iron Bundle\n|-damage|p2b: Iron Bundle|0 fnt\n|faint|p2b: Iron Bundle\n|-end|p2b: Iron Bundle|Quark Drive|[silent]\n|-damage|p1b: Kingambit|91\/100|[from] item: Life Orb\n|move|p2a: Great Tusk|Close Combat|p1b: Kingambit\n|-supereffective|p1b: Kingambit\n|-damage|p1b: Kingambit|0 fnt\n|-unboost|p2a: Great Tusk|def|1\n|-unboost|p2a: Great Tusk|spd|1\n|faint|p1b: Kingambit\n|move|p1a: Ceruledge|Tera Blast|p2a: Great Tusk\n|-supereffective|p2a: Great Tusk\n|-damage|p2a: Great Tusk|24\/100\n|\n|upkeep\n|turn|6\n|inactive|Bjoerno has 30 seconds left.\n|\n|t:|1683235022\n|move|p1a: Ceruledge|Shadow Sneak|p2a: Great Tusk\n|-damage|p2a: Great Tusk|5\/100\n|move|p2a: Great Tusk|Close Combat|p1a: Ceruledge\n|-damage|p1a: Ceruledge|0 fnt\n|-unboost|p2a: Great Tusk|def|1\n|-unboost|p2a: Great Tusk|spd|1\n|faint|p1a: Ceruledge\n|\n|win|tzarii\n|raw|Bjoerno's rating: 1159 → 1131<\/strong> (-28 for losing)\n|raw|tzarii's rating: 1118 → 1146<\/strong> (+28 for winning)\n|l|\u2606Bjoerno\n","uploadtime":1683235438,"views":9,"p1id":"bjoerno","p2id":"tzarii","formatid":"gen9vgc2023regulationc","rating":1131,"private":0,"password":""}