{"id":"gen9vgc2023regulationc-1847095386","p1":"dreamswgh","p2":"zefiro9999","format":"[Gen 9] VGC 2023 Regulation C","log":"|j|\u2606dreamswgh\n|j|\u2606zefiro9999\n|t:|1681918676\n|gametype|doubles\n|player|p1|dreamswgh|nate|1359\n|player|p2|zefiro9999|n|1266\n|teamsize|p1|6\n|teamsize|p2|6\n|gen|9\n|tier|[Gen 9] VGC 2023 Regulation C\n|rated|\n|rule|Species Clause: Limit one of each Pok\u00e9mon\n|rule|Item Clause: Limit one of each item\n|clearpoke\n|poke|p1|Torkoal, L50, F|\n|poke|p1|Flutter Mane, L50|\n|poke|p1|Indeedee-F, L50, F|\n|poke|p1|Hatterene, L50, F|\n|poke|p1|Corviknight, L50, M|\n|poke|p1|Mudsdale, L50, F|\n|poke|p2|Garchomp, L50, M|\n|poke|p2|Flutter Mane, L50|\n|poke|p2|Ting-Lu, L50|\n|poke|p2|Corviknight, L50, F|\n|poke|p2|Chi-Yu, L50|\n|poke|p2|Amoonguss, L50, M|\n|teampreview|4\ndreamswgh has agreed to open team sheets.\n|inactive|Battle timer is ON: inactive players will automatically lose when time's up. (requested by zefiro9999)\nzefiro9999 has agreed to open team sheets.\n|c|\u2606dreamswgh|I like this team!\n|inactive|dreamswgh has 60 seconds left.\n|inactive|zefiro9999 has 60 seconds left.\n|inactive|zefiro9999 has 30 seconds left.\n|\n|t:|1681918752\n|start\n|switch|p1a: Nevada|Indeedee-F, L50, F|100\/100\n|switch|p1b: New Mexico|Hatterene, L50, F|100\/100\n|switch|p2a: Garchomp|Garchomp, L50, M|100\/100\n|switch|p2b: Corviknight|Corviknight, L50, F|100\/100\n|-fieldstart|move: Psychic Terrain|[from] ability: Psychic Surge|[of] p1a: Nevada\n|-enditem|p1a: Nevada|Psychic Seed\n|-boost|p1a: Nevada|spd|1|[from] item: Psychic Seed\n|turn|1\n|c|\u2606dreamswgh|but why effect spore on amoongus?\n|inactive|dreamswgh has 30 seconds left.\n|inactive|dreamswgh has 20 seconds left.\n|inactive|dreamswgh has 15 seconds left.\n|\n|t:|1681918797\n|move|p1a: Nevada|Follow Me|p1a: Nevada\n|-singleturn|p1a: Nevada|move: Follow Me\n|move|p2a: Garchomp|Earthquake|p1a: Nevada|[spread] p1a,p1b\n|-immune|p2b: Corviknight\n|-damage|p1a: Nevada|60\/100\n|-damage|p1b: New Mexico|56\/100\n|move|p2b: Corviknight|Iron Head|p1a: Nevada\n|-damage|p1a: Nevada|29\/100\n|move|p1b: New Mexico|Trick Room|p1b: New Mexico\n|-fieldstart|move: Trick Room|[of] p1b: New Mexico\n|\n|upkeep\n|turn|2\n|inactive|dreamswgh has 30 seconds left.\n|inactive|dreamswgh has 20 seconds left.\n|inactive|dreamswgh has 15 seconds left.\n|inactive|zefiro9999 has 30 seconds left.\n|inactive|zefiro9999 has 20 seconds left.\n|inactive|zefiro9999 has 15 seconds left.\n|inactive|zefiro9999 has 10 seconds left.\n|\n|t:|1681918864\n|switch|p2a: Amoonguss|Amoonguss, L50, M|100\/100\n|move|p1a: Nevada|Helping Hand|p1b: New Mexico\n|-singleturn|p1b: New Mexico|Helping Hand|[of] p1a: Nevada\n|move|p1b: New Mexico|Mystical Fire|p2a: Amoonguss\n|-supereffective|p2a: Amoonguss\n|-damage|p2a: Amoonguss|4\/100\n|-unboost|p2a: Amoonguss|spa|1\n|-enditem|p2a: Amoonguss|Sitrus Berry|[eat]\n|-heal|p2a: Amoonguss|29\/100|[from] item: Sitrus Berry\n|-damage|p1b: New Mexico|47\/100|[from] item: Life Orb\n|move|p2b: Corviknight|Iron Head|p1b: New Mexico\n|-supereffective|p1b: New Mexico\n|-damage|p1b: New Mexico|0 fnt\n|faint|p1b: New Mexico\n|\n|upkeep\n|\n|t:|1681918879\n|switch|p1b: Arizona|Torkoal, L50, F|100\/100\n|-weather|SunnyDay|[from] ability: Drought|[of] p1b: Arizona\n|turn|3\n|\n|t:|1681918895\n|-terastallize|p1b: Arizona|Fire\n|-terastallize|p2b: Corviknight|Poison\n|move|p1a: Nevada|Helping Hand|p1b: Arizona\n|-singleturn|p1b: Arizona|Helping Hand|[of] p1a: Nevada\n|move|p1b: Arizona|Eruption|p2b: Corviknight|[spread] p2a,p2b\n|-supereffective|p2a: Amoonguss\n|-damage|p2a: Amoonguss|0 fnt\n|-damage|p2b: Corviknight|0 fnt\n|faint|p2a: Amoonguss\n|faint|p2b: Corviknight\n|\n|-weather|SunnyDay|[upkeep]\n|upkeep\n|\n|t:|1681918904\n|switch|p2a: Ting-Lu|Ting-Lu, L50|100\/100\n|switch|p2b: Garchomp|Garchomp, L50, M|100\/100\n|-ability|p2a: Ting-Lu|Vessel of Ruin\n|turn|4\n|\n|t:|1681918919\n|move|p1a: Nevada|Helping Hand|p1b: Arizona\n|-singleturn|p1b: Arizona|Helping Hand|[of] p1a: Nevada\n|move|p2b: Garchomp|Protect|p2b: Garchomp\n|-singleturn|p2b: Garchomp|Protect\n|move|p1b: Arizona|Eruption|p2b: Garchomp|[spread] p2a\n|-activate|p2b: Garchomp|move: Protect\n|-damage|p2a: Ting-Lu|36\/100\n|move|p2a: Ting-Lu|Stomping Tantrum|p1b: Arizona\n|-supereffective|p1b: Arizona\n|-crit|p1b: Arizona\n|-damage|p1b: Arizona|16\/100\n|\n|-weather|SunnyDay|[upkeep]\n|upkeep\n|turn|5\n|\n|t:|1681918939\n|move|p1a: Nevada|Helping Hand|p1b: Arizona\n|-singleturn|p1b: Arizona|Helping Hand|[of] p1a: Nevada\n|move|p1b: Arizona|Flamethrower|p2a: Ting-Lu\n|-damage|p2a: Ting-Lu|0 fnt\n|faint|p2a: Ting-Lu\n|move|p2b: Garchomp|Dragon Claw|p1a: Nevada\n|-damage|p1a: Nevada|0 fnt\n|faint|p1a: Nevada\n|\n|-weather|SunnyDay|[upkeep]\n|-fieldend|move: Trick Room\n|-fieldend|move: Psychic Terrain\n|upkeep\n|\n|t:|1681918949\n|switch|p1a: Utah|Flutter Mane, L50|100\/100\n|-activate|p1a: Utah|ability: Protosynthesis\n|-start|p1a: Utah|protosynthesisspa\n|turn|6\n|\n|t:|1681918961\n|move|p1a: Utah|Dazzling Gleam|p2b: Garchomp\n|-supereffective|p2b: Garchomp\n|-damage|p2b: Garchomp|0 fnt\n|faint|p2b: Garchomp\n|\n|win|dreamswgh\n|raw|dreamswgh's rating: 1359 → 1374<\/strong> (+15 for winning)\n|raw|zefiro9999's rating: 1266 → 1248<\/strong> (-18 for losing)\n|c|\u2606dreamswgh|ggwp\n|l|\u2606zefiro9999\n","uploadtime":1681918992,"views":12,"p1id":"dreamswgh","p2id":"zefiro9999","formatid":"gen9vgc2023regulationc","rating":1248,"private":0,"password":""}