{"id":"gen9vgc2023regulationc-1851578012","p1":"BarretsDPalla","p2":"NarcioW","format":"[Gen 9] VGC 2023 Regulation C","log":"|j|\u2606BarretsDPalla\n|j|\u2606NarcioW\n|t:|1682457509\n|gametype|doubles\n|player|p1|BarretsDPalla|veteran-gen4|1121\n|player|p2|NarcioW|lance|1031\n|teamsize|p1|6\n|teamsize|p2|6\n|gen|9\n|tier|[Gen 9] VGC 2023 Regulation C\n|rated|\n|rule|Species Clause: Limit one of each Pok\u00e9mon\n|rule|Item Clause: Limit one of each item\n|clearpoke\n|poke|p1|Gyarados, L50, M|\n|poke|p1|Chi-Yu, L50|\n|poke|p1|Iron Hands, L50|\n|poke|p1|Kingambit, L50, M|\n|poke|p1|Amoonguss, L50, M|\n|poke|p1|Flutter Mane, L50|\n|poke|p2|Chien-Pao, L50|\n|poke|p2|Chi-Yu, L50|\n|poke|p2|Gastrodon-East, L50, M|\n|poke|p2|Garganacl, L50, M|\n|poke|p2|Dragonite, L50, F|\n|poke|p2|Dragapult, L50, M|\n|teampreview|4\nBarretsDPalla has agreed to open team sheets.\n|inactive|Battle timer is ON: inactive players will automatically lose when time's up. (requested by BarretsDPalla)\nNarcioW has agreed to open team sheets.\n|inactive|BarretsDPalla has 60 seconds left.\n|\n|t:|1682457601\n|start\n|switch|p1a: Kingambit|Kingambit, L50, M, shiny|100\/100\n|switch|p1b: Gyarados|Gyarados, L50, M|100\/100\n|switch|p2a: Dragapult|Dragapult, L50, M, shiny|100\/100\n|switch|p2b: Bundle|Chien-Pao, L50|100\/100\n|-ability|p2b: Bundle|Sword of Ruin\n|-ability|p1b: Gyarados|Intimidate|boost\n|-fail|p2a: Dragapult|unboost|[from] ability: Clear Body|[of] p2a: Dragapult\n|-unboost|p2b: Bundle|atk|1\n|turn|1\n|inactive|BarretsDPalla has 30 seconds left.\n|inactive|NarcioW has 30 seconds left.\n|inactive|BarretsDPalla has 20 seconds left.\n|inactive|NarcioW has 20 seconds left.\n|inactive|BarretsDPalla has 15 seconds left.\n|inactive|NarcioW has 15 seconds left.\n|\n|t:|1682457642\n|switch|p2b: Garganacl|Garganacl, L50, M|100\/100\n|switch|p1b: Amoonguss|Amoonguss, L50, M|100\/100\n|-terastallize|p1a: Kingambit|Fire\n|move|p1a: Kingambit|Sucker Punch|p2a: Dragapult\n|-supereffective|p2a: Dragapult\n|-damage|p2a: Dragapult|0 fnt\n|faint|p2a: Dragapult\n|\n|upkeep\n|\n|t:|1682457654\n|switch|p2a: Dragonite|Dragonite, L50, F|100\/100\n|turn|2\n|inactive|BarretsDPalla has 30 seconds left.\n|inactive|NarcioW has 30 seconds left.\n|\n|t:|1682457682\n|switch|p1a: Gyarados|Gyarados, L50, M|100\/100\n|-ability|p1a: Gyarados|Intimidate|boost\n|-unboost|p2a: Dragonite|atk|1\n|-unboost|p2b: Garganacl|atk|1\n|move|p2a: Dragonite|Draco Meteor|p1a: Gyarados\n|-damage|p1a: Gyarados|66\/100\n|-unboost|p2a: Dragonite|spa|2\n|move|p2b: Garganacl|Salt Cure|p1b: Amoonguss\n|-damage|p1b: Amoonguss|92\/100\n|-start|p1b: Amoonguss|Salt Cure\n|move|p1b: Amoonguss|Spore|p2a: Dragonite\n|-status|p2a: Dragonite|slp|[from] move: Spore\n|\n|-damage|p1b: Amoonguss|80\/100|[from] Salt Cure\n|upkeep\n|turn|3\n|inactive|BarretsDPalla has 30 seconds left.\n|\n|t:|1682457708\n|switch|p1b: Flutter Mane|Flutter Mane, L50|100\/100\n|move|p1a: Gyarados|Taunt|p2b: Garganacl\n|-start|p2b: Garganacl|move: Taunt\n|cant|p2a: Dragonite|slp\n|move|p2b: Garganacl|Salt Cure|p1a: Gyarados\n|-supereffective|p1a: Gyarados\n|-damage|p1a: Gyarados|48\/100\n|-start|p1a: Gyarados|Salt Cure\n|-enditem|p1a: Gyarados|Sitrus Berry|[eat]\n|-heal|p1a: Gyarados|72\/100|[from] item: Sitrus Berry\n|\n|-damage|p1a: Gyarados|48\/100|[from] Salt Cure\n|upkeep\n|turn|4\n|inactive|BarretsDPalla has 30 seconds left.\n|\n|t:|1682457739\n|switch|p1a: Amoonguss|Amoonguss, L50, M|100\/100\n|switch|p2a: Bundle|Chien-Pao, L50|100\/100\n|-ability|p2a: Bundle|Sword of Ruin\n|move|p1b: Flutter Mane|Dazzling Gleam|p2b: Garganacl|[spread] p2a,p2b\n|-supereffective|p2a: Bundle\n|-enditem|p2a: Bundle|Focus Sash\n|-damage|p2a: Bundle|1\/100\n|-damage|p2b: Garganacl|68\/100\n|move|p2b: Garganacl|Salt Cure|p1b: Flutter Mane\n|-damage|p1b: Flutter Mane|78\/100\n|-start|p1b: Flutter Mane|Salt Cure\n|\n|-heal|p2b: Garganacl|74\/100|[from] item: Leftovers\n|-damage|p1b: Flutter Mane|66\/100|[from] Salt Cure\n|upkeep\n|turn|5\n|inactive|BarretsDPalla has 30 seconds left.\n|\n|t:|1682457769\n|move|p1a: Amoonguss|Rage Powder|p1a: Amoonguss\n|-singleturn|p1a: Amoonguss|move: Rage Powder\n|move|p2a: Bundle|Sucker Punch||[still]\n|-fail|p2a: Bundle\n|move|p1b: Flutter Mane|Dazzling Gleam|p2a: Bundle|[spread] p2a,p2b\n|-supereffective|p2a: Bundle\n|-damage|p2a: Bundle|0 fnt\n|-damage|p2b: Garganacl|39\/100\n|faint|p2a: Bundle\n|move|p2b: Garganacl|Salt Cure|p1a: Amoonguss\n|-damage|p1a: Amoonguss|92\/100\n|-start|p1a: Amoonguss|Salt Cure\n|\n|-heal|p2b: Garganacl|45\/100|[from] item: Leftovers\n|-damage|p1b: Flutter Mane|54\/100|[from] Salt Cure\n|-damage|p1a: Amoonguss|80\/100|[from] Salt Cure\n|-end|p2b: Garganacl|move: Taunt\n|upkeep\n|\n|t:|1682457783\n|switch|p2a: Dragonite|Dragonite, L50, F|100\/100 slp\n|turn|6\n|\n|t:|1682457798\n|switch|p1a: Gyarados|Gyarados, L50, M|48\/100\n|-ability|p1a: Gyarados|Intimidate|boost\n|-unboost|p2a: Dragonite|atk|1\n|-unboost|p2b: Garganacl|atk|1\n|move|p1b: Flutter Mane|Dazzling Gleam|p2b: Garganacl|[spread] p2a,p2b\n|-supereffective|p2a: Dragonite\n|-damage|p2a: Dragonite|58\/100 slp\n|-damage|p2b: Garganacl|11\/100\n|-curestatus|p2a: Dragonite|slp|[msg]\n|move|p2a: Dragonite|Fire Spin|p1b: Flutter Mane\n|-damage|p1b: Flutter Mane|46\/100\n|-activate|p1b: Flutter Mane|move: Fire Spin|[of] p2a: Dragonite\n|move|p2b: Garganacl|Recover|p2b: Garganacl\n|-heal|p2b: Garganacl|61\/100\n|\n|-heal|p2b: Garganacl|67\/100|[from] item: Leftovers\n|-damage|p1b: Flutter Mane|34\/100|[from] move: Fire Spin|[partiallytrapped]\n|-damage|p1b: Flutter Mane|22\/100|[from] Salt Cure\n|upkeep\n|turn|7\n|inactive|NarcioW has 30 seconds left.\n|\n|t:|1682457825\n|-terastallize|p2a: Dragonite|Normal\n|move|p2a: Dragonite|Extreme Speed|p1a: Gyarados\n|-damage|p1a: Gyarados|22\/100\n|move|p1b: Flutter Mane|Dazzling Gleam|p2b: Garganacl|[spread] p2a,p2b\n|-damage|p2a: Dragonite|18\/100\n|-damage|p2b: Garganacl|34\/100\n|move|p1a: Gyarados|Taunt|p2b: Garganacl\n|-start|p2b: Garganacl|move: Taunt\n|cant|p2b: Garganacl|move: Taunt|Recover\n|\n|-heal|p2b: Garganacl|40\/100|[from] item: Leftovers\n|-damage|p1b: Flutter Mane|10\/100|[from] Salt Cure\n|-damage|p1b: Flutter Mane|0 fnt|[from] move: Fire Spin|[partiallytrapped]\n|faint|p1b: Flutter Mane\n|-end|p1b: Flutter Mane|Protosynthesis|[silent]\n|upkeep\n|\n|t:|1682457848\n|switch|p1b: Amoonguss|Amoonguss, L50, M|100\/100\n|turn|8\n|\n|t:|1682457865\n|switch|p1a: Kingambit|Kingambit, L50, M, shiny, tera:Fire|100\/100\n|move|p2a: Dragonite|Extreme Speed|p1a: Kingambit\n|-crit|p1a: Kingambit\n|-damage|p1a: Kingambit|58\/100\n|move|p2b: Garganacl|Salt Cure|p1b: Amoonguss\n|-damage|p1b: Amoonguss|94\/100\n|-start|p1b: Amoonguss|Salt Cure\n|move|p1b: Amoonguss|Spore|p2a: Dragonite\n|-status|p2a: Dragonite|slp|[from] move: Spore\n|\n|-heal|p2b: Garganacl|45\/100|[from] item: Leftovers\n|-damage|p1b: Amoonguss|81\/100|[from] Salt Cure\n|upkeep\n|turn|9\n|inactive|BarretsDPalla has 30 seconds left.\n|\n|t:|1682457891\n|switch|p1b: Gyarados|Gyarados, L50, M|22\/100\n|-ability|p1b: Gyarados|Intimidate|boost\n|-unboost|p2a: Dragonite|atk|1\n|-unboost|p2b: Garganacl|atk|1\n|cant|p2a: Dragonite|slp\n|move|p1a: Kingambit|Low Kick|p2a: Dragonite\n|-supereffective|p2a: Dragonite\n|-damage|p2a: Dragonite|0 fnt\n|-damage|p1a: Kingambit|42\/100|[from] item: Rocky Helmet|[of] p2a: Dragonite\n|faint|p2a: Dragonite\n|move|p2b: Garganacl|Salt Cure|p1a: Kingambit\n|-supereffective|p1a: Kingambit\n|-damage|p1a: Kingambit|33\/100\n|-start|p1a: Kingambit|Salt Cure\n|\n|-heal|p2b: Garganacl|51\/100|[from] item: Leftovers\n|-damage|p1a: Kingambit|21\/100|[from] Salt Cure\n|-end|p2b: Garganacl|move: Taunt\n|upkeep\n|turn|10\n|\n|t:|1682457913\n|switch|p1a: Amoonguss|Amoonguss, L50, M|100\/100\n|move|p2b: Garganacl|Protect|p2b: Garganacl\n|-singleturn|p2b: Garganacl|Protect\n|move|p1b: Gyarados|Taunt|p2b: Garganacl\n|-activate|p2b: Garganacl|move: Protect\n|\n|-heal|p2b: Garganacl|57\/100|[from] item: Leftovers\n|upkeep\n|turn|11\n|\n|t:|1682457925\n|move|p1b: Gyarados|Taunt|p2b: Garganacl\n|-start|p2b: Garganacl|move: Taunt\n|move|p2b: Garganacl|Salt Cure|p1b: Gyarados\n|-supereffective|p1b: Gyarados\n|-damage|p1b: Gyarados|9\/100\n|-start|p1b: Gyarados|Salt Cure\n|move|p1a: Amoonguss|Pollen Puff|p2b: Garganacl\n|-damage|p2b: Garganacl|44\/100\n|\n|-heal|p2b: Garganacl|50\/100|[from] item: Leftovers\n|-damage|p1b: Gyarados|0 fnt|[from] Salt Cure\n|faint|p1b: Gyarados\n|upkeep\n|\n|t:|1682457935\n|switch|p1b: Kingambit|Kingambit, L50, M, shiny, tera:Fire|21\/100\n|turn|12\n|\n|t:|1682457947\n|move|p1a: Amoonguss|Rage Powder|p1a: Amoonguss\n|-singleturn|p1a: Amoonguss|move: Rage Powder\n|move|p1b: Kingambit|Iron Head|p2b: Garganacl\n|-supereffective|p2b: Garganacl\n|-damage|p2b: Garganacl|0 fnt\n|faint|p2b: Garganacl\n|\n|win|BarretsDPalla\n|raw|BarretsDPalla's rating: 1121 → 1140<\/strong> (+19 for winning)\n|raw|NarcioW's rating: 1031 → 1020<\/strong> (-11 for losing)\n|l|\u2606NarcioW\n","uploadtime":1682457965,"views":10,"p1id":"barretsdpalla","p2id":"narciow","formatid":"gen9vgc2023regulationc","rating":1020,"private":0,"password":""}