{"id":"gen9vgc2023regulationc-1851811830","p1":"TooSleeepy","p2":"Adri 2022","format":"[Gen 9] VGC 2023 Regulation C","log":"|j|\u2606TooSleeepy\n|j|\u2606Adri 2022\n|t:|1682488079\n|gametype|doubles\n|player|p1|TooSleeepy|169|1102\n|player|p2|Adri 2022|plasmagrunt|1124\n|teamsize|p1|6\n|teamsize|p2|6\n|gen|9\n|tier|[Gen 9] VGC 2023 Regulation C\n|rated|\n|rule|Species Clause: Limit one of each Pok\u00e9mon\n|rule|Item Clause: Limit one of each item\n|clearpoke\n|poke|p1|Flutter Mane, L50|\n|poke|p1|Ting-Lu, L50|\n|poke|p1|Amoonguss, L50, F|\n|poke|p1|Dragonite, L50, M|\n|poke|p1|Glimmora, L50, F|\n|poke|p1|Wo-Chien, L50|\n|poke|p2|Staraptor, L50, F|\n|poke|p2|Amoonguss, L50, F|\n|poke|p2|Palafin, L50, F|\n|poke|p2|Flutter Mane, L50|\n|poke|p2|Iron Hands, L50|\n|poke|p2|Great Tusk, L50|\n|teampreview|4\n|\n|t:|1682488103\n|start\n|switch|p1a: Wo-Chien|Wo-Chien, L50|100\/100\n|switch|p1b: Glimmora|Glimmora, L50, F|100\/100\n|switch|p2a: Flutter Mane|Flutter Mane, L50|100\/100\n|switch|p2b: Palafin|Palafin, L50, F|100\/100\n|-ability|p1a: Wo-Chien|Tablets of Ruin\n|-enditem|p2a: Flutter Mane|Booster Energy\n|-activate|p2a: Flutter Mane|ability: Protosynthesis|[fromitem]\n|-start|p2a: Flutter Mane|protosynthesisspa\n|turn|1\n|\n|t:|1682488134\n|detailschange|p2b: Palafin|Palafin-Hero, L50, F\n|switch|p2b: Staraptor|Staraptor, L50, F|100\/100\n|-ability|p2b: Staraptor|Intimidate|boost\n|-unboost|p1a: Wo-Chien|atk|1\n|-unboost|p1b: Glimmora|atk|1\n|move|p2a: Flutter Mane|Protect|p2a: Flutter Mane\n|-singleturn|p2a: Flutter Mane|Protect\n|move|p1b: Glimmora|Mortal Spin|p2a: Flutter Mane|[spread] p2b\n|-activate|p2a: Flutter Mane|move: Protect\n|-damage|p2b: Staraptor|98\/100\n|-status|p2b: Staraptor|psn\n|move|p1a: Wo-Chien|Foul Play|p2a: Flutter Mane\n|-activate|p2a: Flutter Mane|move: Protect\n|\n|-damage|p2b: Staraptor|86\/100 psn|[from] psn\n|upkeep\n|turn|2\n|\n|t:|1682488156\n|-terastallize|p2a: Flutter Mane|Fairy\n|move|p2a: Flutter Mane|Moonblast|p1a: Wo-Chien\n|-supereffective|p1a: Wo-Chien\n|-damage|p1a: Wo-Chien|3\/100\n|move|p2b: Staraptor|Close Combat|p1a: Wo-Chien\n|-supereffective|p1a: Wo-Chien\n|-damage|p1a: Wo-Chien|0 fnt\n|-unboost|p2b: Staraptor|def|1\n|-unboost|p2b: Staraptor|spd|1\n|faint|p1a: Wo-Chien\n|move|p1b: Glimmora|Power Gem|p2b: Staraptor\n|-supereffective|p2b: Staraptor\n|-damage|p2b: Staraptor|0 fnt\n|faint|p2b: Staraptor\n|\n|upkeep\n|\n|t:|1682488172\n|switch|p2b: Palafin|Palafin-Hero, L50, F|100\/100\n|switch|p1a: Flutter Mane|Flutter Mane, L50|100\/100\n|-activate|p2b: Palafin|ability: Zero to Hero\n|-enditem|p1a: Flutter Mane|Booster Energy\n|-activate|p1a: Flutter Mane|ability: Protosynthesis|[fromitem]\n|-start|p1a: Flutter Mane|protosynthesisspe\n|turn|3\n|\n|t:|1682488196\n|-terastallize|p1b: Glimmora|Grass\n|move|p2a: Flutter Mane|Protect|p2a: Flutter Mane\n|-singleturn|p2a: Flutter Mane|Protect\n|move|p2b: Palafin|Jet Punch|p1a: Flutter Mane\n|-damage|p1a: Flutter Mane|0 fnt\n|faint|p1a: Flutter Mane\n|-end|p1a: Flutter Mane|Protosynthesis|[silent]\n|move|p1b: Glimmora|Mortal Spin|p2a: Flutter Mane|[spread] p2b\n|-activate|p2a: Flutter Mane|move: Protect\n|-damage|p2b: Palafin|98\/100\n|-status|p2b: Palafin|psn\n|\n|-damage|p2b: Palafin|86\/100 psn|[from] psn\n|upkeep\n|\n|t:|1682488209\n|switch|p1a: Dragonite|Dragonite, L50, M|100\/100\n|turn|4\n|\n|t:|1682488227\n|switch|p2b: Iron Hands|Iron Hands, L50|100\/100\n|move|p1a: Dragonite|Extreme Speed|p2a: Flutter Mane\n|-damage|p2a: Flutter Mane|50\/100\n|move|p2a: Flutter Mane|Moonblast|p1a: Dragonite\n|-supereffective|p1a: Dragonite\n|-damage|p1a: Dragonite|23\/100\n|-unboost|p1a: Dragonite|spa|1\n|move|p1b: Glimmora|Earth Power|p2a: Flutter Mane\n|-damage|p2a: Flutter Mane|25\/100\n|\n|upkeep\n|turn|5\n|\n|t:|1682488262\n|move|p2b: Iron Hands|Fake Out|p1b: Glimmora\n|-damage|p1b: Glimmora|82\/100\n|-activate|p1b: Glimmora|ability: Toxic Debris\n|-sidestart|p2: Adri 2022|move: Toxic Spikes\n|move|p1a: Dragonite|Extreme Speed|p2b: Iron Hands\n|-damage|p2b: Iron Hands|79\/100\n|move|p2a: Flutter Mane|Dazzling Gleam|p1b: Glimmora|[spread] p1a,p1b\n|-supereffective|p1a: Dragonite\n|-crit|p1b: Glimmora\n|-damage|p1a: Dragonite|0 fnt\n|-damage|p1b: Glimmora|0 fnt\n|faint|p1a: Dragonite\n|faint|p1b: Glimmora\n|\n|win|Adri 2022\n|raw|TooSleeepy's rating: 1102 → 1079<\/strong> (-23 for losing)\n|raw|Adri 2022's rating: 1124 → 1147<\/strong> (+23 for winning)\n|l|\u2606TooSleeepy\n","uploadtime":1682488286,"views":12,"p1id":"toosleeepy","p2id":"adri2022","formatid":"gen9vgc2023regulationc","rating":1079,"private":0,"password":""}