{"id":"gen9vgc2023regulationc-1847137784","p1":"chickeneggduckeggs","p2":"HamterKY","format":"[Gen 9] VGC 2023 Regulation C","log":"|j|\u2606chickeneggduckeggs\n|j|\u2606HamterKY\n|t:|1681922167\n|gametype|doubles\n|player|p1|chickeneggduckeggs|marley|1319\n|player|p2|HamterKY|wally|1397\n|teamsize|p1|6\n|teamsize|p2|6\n|gen|9\n|tier|[Gen 9] VGC 2023 Regulation C\n|rated|\n|rule|Species Clause: Limit one of each Pok\u00e9mon\n|rule|Item Clause: Limit one of each item\n|clearpoke\n|poke|p1|Chi-Yu, L50|\n|poke|p1|Hydreigon, L50, M|\n|poke|p1|Scizor, L50, M|\n|poke|p1|Flutter Mane, L50|\n|poke|p1|Rotom-Wash, L50|\n|poke|p1|Garchomp, L50, M|\n|poke|p2|Dondozo, L50, M|\n|poke|p2|Tatsugiri, L50, F|\n|poke|p2|Glimmora, L50, F|\n|poke|p2|Dragonite, L50, F|\n|poke|p2|Chien-Pao, L50|\n|poke|p2|Maushold-Four, L50|\n|teampreview|4\nHamterKY has agreed to open team sheets.\nchickeneggduckeggs has agreed to open team sheets.\n|\n|t:|1681922207\n|start\n|switch|p1a: Chi-Yu|Chi-Yu, L50|100\/100\n|switch|p1b: Hydreigon|Hydreigon, L50, M|100\/100\n|switch|p2a: Dragonite|Dragonite, L50, F, shiny|100\/100\n|switch|p2b: Chien-Pao|Chien-Pao, L50|100\/100\n|-ability|p2b: Chien-Pao|Sword of Ruin\n|-ability|p1a: Chi-Yu|Beads of Ruin\n|turn|1\n|inactive|Battle timer is ON: inactive players will automatically lose when time's up. (requested by HamterKY)\n|\n|t:|1681922249\n|-terastallize|p1a: Chi-Yu|Ghost\n|move|p2a: Dragonite|Extreme Speed|p1b: Hydreigon\n|-damage|p1b: Hydreigon|30\/100\n|move|p2b: Chien-Pao|Sacred Sword|p1a: Chi-Yu\n|-immune|p1a: Chi-Yu\n|move|p1a: Chi-Yu|Heat Wave|p2b: Chien-Pao|[spread] p2a,p2b\n|-resisted|p2a: Dragonite\n|-supereffective|p2b: Chien-Pao\n|-crit|p2b: Chien-Pao\n|-damage|p2a: Dragonite|66\/100\n|-enditem|p2b: Chien-Pao|Focus Sash\n|-damage|p2b: Chien-Pao|1\/100\n|-status|p2a: Dragonite|brn\n|-damage|p1a: Chi-Yu|91\/100|[from] item: Life Orb\n|move|p1b: Hydreigon|Draco Meteor|p2a: Dragonite\n|-supereffective|p2a: Dragonite\n|-damage|p2a: Dragonite|0 fnt\n|-unboost|p1b: Hydreigon|spa|2\n|faint|p2a: Dragonite\n|\n|upkeep\n|\n|t:|1681922268\n|switch|p2a: Dondozo|Dondozo, L50, M, shiny|100\/100\n|turn|2\n|inactive|chickeneggduckeggs has 30 seconds left.\n|\n|t:|1681922299\n|switch|p2b: Tatsugiri|Tatsugiri, L50, F|100\/100\n|-activate|p2b: Tatsugiri|ability: Commander|[of] p2a: Dondozo\n|-boost|p2a: Dondozo|atk|2\n|-boost|p2a: Dondozo|spa|2\n|-boost|p2a: Dondozo|spe|2\n|-boost|p2a: Dondozo|def|2\n|-boost|p2a: Dondozo|spd|2\n|switch|p1b: Rotom|Rotom-Wash, L50|100\/100\n|move|p1a: Chi-Yu|Protect|p1a: Chi-Yu\n|-singleturn|p1a: Chi-Yu|Protect\n|move|p2a: Dondozo|Wave Crash|p1b: Rotom\n|-resisted|p1b: Rotom\n|-damage|p1b: Rotom|52\/100\n|-damage|p2a: Dondozo|89\/100|[from] Recoil\n|\n|-heal|p2a: Dondozo|96\/100|[from] item: Leftovers\n|-heal|p1b: Rotom|58\/100|[from] item: Leftovers\n|upkeep\n|turn|3\n|inactive|chickeneggduckeggs has 30 seconds left.\n|inactive|chickeneggduckeggs has 20 seconds left.\n|\n|t:|1681922336\n|move|p2a: Dondozo|Wave Crash|p1a: Chi-Yu\n|-damage|p1a: Chi-Yu|0 fnt\n|faint|p1a: Chi-Yu\n|-damage|p2a: Dondozo|78\/100|[from] Recoil\n|move|p1b: Rotom|Will-O-Wisp|p2a: Dondozo\n|-status|p2a: Dondozo|brn\n|\n|-heal|p2a: Dondozo|85\/100 brn|[from] item: Leftovers\n|-heal|p1b: Rotom|63\/100|[from] item: Leftovers\n|-damage|p2a: Dondozo|78\/100 brn|[from] brn\n|upkeep\n|\n|t:|1681922346\n|switch|p1a: Flutter Mane|Flutter Mane, L50|100\/100\n|turn|4\n|\n|t:|1681922354\n|-terastallize|p2a: Dondozo|Grass\n|move|p1a: Flutter Mane|Energy Ball|p2a: Dondozo\n|-resisted|p2a: Dondozo\n|-damage|p2a: Dondozo|71\/100 brn\n|move|p2a: Dondozo|Tera Blast|p1b: Rotom\n|-supereffective|p1b: Rotom\n|-damage|p1b: Rotom|3\/100\n|move|p1b: Rotom|Thunderbolt|p2a: Dondozo\n|-resisted|p2a: Dondozo\n|-damage|p2a: Dondozo|64\/100 brn\n|\n|-heal|p2a: Dondozo|70\/100 brn|[from] item: Leftovers\n|-heal|p1b: Rotom|9\/100|[from] item: Leftovers\n|-damage|p2a: Dondozo|64\/100 brn|[from] brn\n|upkeep\n|turn|5\n|\n|t:|1681922374\n|move|p1b: Rotom|Protect|p1b: Rotom\n|-singleturn|p1b: Rotom|Protect\n|move|p1a: Flutter Mane|Moonblast|p2a: Dondozo\n|-damage|p2a: Dondozo|40\/100 brn\n|move|p2a: Dondozo|Wave Crash|p1a: Flutter Mane\n|-enditem|p1a: Flutter Mane|Focus Sash\n|-damage|p1a: Flutter Mane|1\/100\n|-damage|p2a: Dondozo|21\/100 brn|[from] Recoil\n|\n|-heal|p2a: Dondozo|27\/100 brn|[from] item: Leftovers\n|-heal|p1b: Rotom|15\/100|[from] item: Leftovers\n|-damage|p2a: Dondozo|21\/100 brn|[from] brn\n|upkeep\n|turn|6\n|\n|t:|1681922398\n|move|p1a: Flutter Mane|Moonblast|p2a: Dondozo\n|-damage|p2a: Dondozo|0 fnt\n|faint|p2a: Dondozo\n|move|p1b: Rotom|Thunderbolt|p2b: Tatsugiri\n|-damage|p2b: Tatsugiri|57\/100\n|\n|-heal|p1b: Rotom|20\/100|[from] item: Leftovers\n|upkeep\n|\n|t:|1681922405\n|switch|p2a: Chien-Pao|Chien-Pao, L50|1\/100\n|-ability|p2a: Chien-Pao|Sword of Ruin\n|turn|7\n|\n|t:|1681922419\n|move|p1a: Flutter Mane|Protect|p1a: Flutter Mane\n|-singleturn|p1a: Flutter Mane|Protect\n|move|p2a: Chien-Pao|Sucker Punch||[still]\n|-fail|p2a: Chien-Pao\n|move|p2b: Tatsugiri|Muddy Water|p1a: Flutter Mane|[spread] \n|-activate|p1a: Flutter Mane|move: Protect\n|-miss|p2b: Tatsugiri|p1b: Rotom\n|move|p1b: Rotom|Thunderbolt|p2a: Chien-Pao\n|-damage|p2a: Chien-Pao|0 fnt\n|faint|p2a: Chien-Pao\n|\n|-heal|p1b: Rotom|26\/100|[from] item: Leftovers\n|upkeep\n|turn|8\n|\n|t:|1681922438\n|move|p1b: Rotom|Protect|p1b: Rotom\n|-singleturn|p1b: Rotom|Protect\n|move|p2b: Tatsugiri|Muddy Water|p1a: Flutter Mane|[spread] p1a\n|-activate|p1b: Rotom|move: Protect\n|-damage|p1a: Flutter Mane|0 fnt\n|faint|p1a: Flutter Mane\n|-end|p1a: Flutter Mane|Protosynthesis|[silent]\n|\n|-heal|p1b: Rotom|32\/100|[from] item: Leftovers\n|upkeep\n|\n|t:|1681922446\n|switch|p1a: Hydreigon|Hydreigon, L50, M|30\/100\n|turn|9\n|\n|t:|1681922456\n|move|p2b: Tatsugiri|Muddy Water|p1b: Rotom|[spread] p1b\n|-miss|p2b: Tatsugiri|p1a: Hydreigon\n|-resisted|p1b: Rotom\n|-damage|p1b: Rotom|15\/100\n|move|p1a: Hydreigon|Draco Meteor|p2b: Tatsugiri|[miss]\n|-miss|p1a: Hydreigon|p2b: Tatsugiri\n|move|p1b: Rotom|Thunderbolt|p2b: Tatsugiri\n|-damage|p2b: Tatsugiri|11\/100\n|-status|p2b: Tatsugiri|par\n|\n|-heal|p1b: Rotom|21\/100|[from] item: Leftovers\n|upkeep\n|turn|10\n|\n|t:|1681922469\n|move|p1a: Hydreigon|Draco Meteor|p2b: Tatsugiri\n|-supereffective|p2b: Tatsugiri\n|-damage|p2b: Tatsugiri|0 fnt\n|-unboost|p1a: Hydreigon|spa|2\n|faint|p2b: Tatsugiri\n|\n|win|chickeneggduckeggs\n|raw|chickeneggduckeggs's rating: 1319 → 1343<\/strong> (+24 for winning)\n|raw|HamterKY's rating: 1397 → 1373<\/strong> (-24 for losing)\n","uploadtime":1681922480,"views":10,"p1id":"chickeneggduckeggs","p2id":"hamterky","formatid":"gen9vgc2023regulationc","rating":1343,"private":0,"password":""}