{"id":"gen9vgc2023regulationc-1845537091","p1":"tukeydukey","p2":"bananerzz","format":"[Gen 9] VGC 2023 Regulation C","log":"|j|\u2606tukeydukey\n|j|\u2606bananerzz\n|t:|1681743061\n|gametype|doubles\n|player|p1|tukeydukey|elesa|1298\n|player|p2|bananerzz|lady-gen4|1248\n|teamsize|p1|6\n|teamsize|p2|6\n|gen|9\n|tier|[Gen 9] VGC 2023 Regulation C\n|rated|\n|rule|Species Clause: Limit one of each Pok\u00e9mon\n|rule|Item Clause: Limit one of each item\n|clearpoke\n|poke|p1|Amoonguss, L50, F|\n|poke|p1|Palafin, L50, F|\n|poke|p1|Ting-Lu, L50|\n|poke|p1|Flutter Mane, L50|\n|poke|p1|Chien-Pao, L50|\n|poke|p1|Talonflame, L50, M|\n|poke|p2|Pincurchin, L50, M|\n|poke|p2|Iron Hands, L50|\n|poke|p2|Arboliva, L50, M|\n|poke|p2|Ceruledge, L50, F|\n|poke|p2|Barraskewda, L50, F|\n|poke|p2|Iron Valiant, L50|\n|teampreview|4\n|inactive|Battle timer is ON: inactive players will automatically lose when time's up. (requested by tukeydukey)\n|\n|t:|1681743092\n|start\n|switch|p1a: Delfin|Palafin, L50, F|100\/100\n|switch|p1b: Talonflame|Talonflame, L50, M|100\/100\n|switch|p2a: Pincurchin|Pincurchin, L50, M|100\/100\n|switch|p2b: Ceruledge|Ceruledge, L50, F|100\/100\n|-fieldstart|move: Electric Terrain|[from] ability: Electric Surge|[of] p2a: Pincurchin\n|turn|1\n|inactive|tukeydukey has 30 seconds left.\n|inactive|tukeydukey has 20 seconds left.\n|inactive|tukeydukey has 15 seconds left.\n|inactive|tukeydukey has 10 seconds left.\n|\n|t:|1681743140\n|detailschange|p1a: Delfin|Palafin-Hero, L50, F\n|switch|p1a: Flutter Mane|Flutter Mane, L50|100\/100\n|-enditem|p1a: Flutter Mane|Booster Energy\n|-activate|p1a: Flutter Mane|ability: Protosynthesis|[fromitem]\n|-start|p1a: Flutter Mane|protosynthesisspa\n|move|p1b: Talonflame|Tailwind|p1b: Talonflame\n|-sidestart|p1: tukeydukey|move: Tailwind\n|move|p2b: Ceruledge|Swords Dance|p2b: Ceruledge\n|-boost|p2b: Ceruledge|atk|2\n|move|p2a: Pincurchin|Zing Zap|p1b: Talonflame\n|-supereffective|p1b: Talonflame\n|-damage|p1b: Talonflame|0 fnt\n|faint|p1b: Talonflame\n|\n|upkeep\n|\n|t:|1681743152\n|switch|p1b: Delfin|Palafin-Hero, L50, F|100\/100\n|-activate|p1b: Delfin|ability: Zero to Hero\n|turn|2\n|\n|t:|1681743161\n|-terastallize|p1a: Flutter Mane|Fairy\n|move|p2b: Ceruledge|Protect|p2b: Ceruledge\n|-singleturn|p2b: Ceruledge|Protect\n|move|p2a: Pincurchin|Sucker Punch|p1a: Flutter Mane\n|-resisted|p1a: Flutter Mane\n|-damage|p1a: Flutter Mane|85\/100\n|move|p1a: Flutter Mane|Moonblast|p2a: Pincurchin\n|-damage|p2a: Pincurchin|0 fnt\n|faint|p2a: Pincurchin\n|move|p1b: Delfin|Haze|p1b: Delfin\n|-clearallboost\n|\n|upkeep\n|\n|t:|1681743175\n|switch|p2a: Iron Hands|Iron Hands, L50|100\/100\n|-activate|p2a: Iron Hands|ability: Quark Drive\n|-start|p2a: Iron Hands|quarkdriveatk\n|turn|3\n|\n|t:|1681743200\n|switch|p1b: Ting-Lu|Ting-Lu, L50|100\/100\n|-ability|p1b: Ting-Lu|Vessel of Ruin\n|-terastallize|p2b: Ceruledge|Steel\n|move|p1a: Flutter Mane|Moonblast|p2a: Iron Hands\n|-supereffective|p2a: Iron Hands\n|-damage|p2a: Iron Hands|0 fnt\n|faint|p2a: Iron Hands\n|-end|p2a: Iron Hands|Quark Drive|[silent]\n|move|p2b: Ceruledge|Swords Dance|p2b: Ceruledge\n|-boost|p2b: Ceruledge|atk|2\n|\n|upkeep\n|\n|t:|1681743211\n|switch|p2a: Barraskewda|Barraskewda, L50, F|100\/100\n|turn|4\n|\n|t:|1681743230\n|move|p1a: Flutter Mane|Moonblast|p2a: Barraskewda\n|-damage|p2a: Barraskewda|0 fnt\n|faint|p2a: Barraskewda\n|move|p2b: Ceruledge|Bitter Blade|p1a: Flutter Mane\n|-damage|p1a: Flutter Mane|0 fnt\n|faint|p1a: Flutter Mane\n|-end|p1a: Flutter Mane|Protosynthesis|[silent]\n|move|p1b: Ting-Lu|Stomping Tantrum|p2b: Ceruledge\n|-supereffective|p2b: Ceruledge\n|-damage|p2b: Ceruledge|7\/100\n|\n|-sideend|p1: tukeydukey|move: Tailwind\n|upkeep\n|\n|t:|1681743239\n|switch|p1a: Delfin|Palafin-Hero, L50, F|100\/100\n|turn|5\n|\n|t:|1681743244\n|move|p2b: Ceruledge|Shadow Sneak|p1a: Delfin\n|-damage|p1a: Delfin|61\/100\n|move|p1a: Delfin|Jet Punch|p2b: Ceruledge\n|-damage|p2b: Ceruledge|0 fnt\n|faint|p2b: Ceruledge\n|\n|win|tukeydukey\n|raw|tukeydukey's rating: 1298 → 1319<\/strong> (+21 for winning)\n|raw|bananerzz's rating: 1248 → 1227<\/strong> (-21 for losing)\n|l|\u2606tukeydukey\n","uploadtime":1681743266,"views":8,"p1id":"tukeydukey","p2id":"bananerzz","formatid":"gen9vgc2023regulationc","rating":1227,"private":0,"password":""}