{"id":"gen9vgc2023regulationc-1847358011","p1":"Gab98","p2":"garfieldslaya","format":"[Gen 9] VGC 2023 Regulation C","log":"|j|\u2606Gab98\n|j|\u2606garfieldslaya\n|t:|1681942096\n|gametype|doubles\n|player|p1|Gab98|lucas|1317\n|player|p2|garfieldslaya|jasmine|1289\n|teamsize|p1|6\n|teamsize|p2|6\n|gen|9\n|tier|[Gen 9] VGC 2023 Regulation C\n|rated|\n|rule|Species Clause: Limit one of each Pok\u00e9mon\n|rule|Item Clause: Limit one of each item\n|clearpoke\n|poke|p1|Garchomp, L50, M|\n|poke|p1|Talonflame, L50, M|\n|poke|p1|Azumarill, L50, F|\n|poke|p1|Amoonguss, L50, F|\n|poke|p1|Flutter Mane, L50|\n|poke|p1|Gyarados, L50, M|\n|poke|p2|Iron Hands, L50|\n|poke|p2|Amoonguss, L50, M|\n|poke|p2|Corviknight, L50, F|\n|poke|p2|Flutter Mane, L50|\n|poke|p2|Azumarill, L50, F|\n|poke|p2|Arcanine, L50, M|\n|teampreview|4\ngarfieldslaya has agreed to open team sheets.\n|\n|t:|1681942136\n|start\n|switch|p1a: Gyarados|Gyarados, L50, M, shiny|100\/100\n|switch|p1b: Garchomp|Garchomp, L50, M|100\/100\n|switch|p2a: Arcanine|Arcanine, L50, M|100\/100\n|switch|p2b: Amoonguss|Amoonguss, L50, M|100\/100\n|-ability|p2a: Arcanine|Intimidate|boost\n|-unboost|p1a: Gyarados|atk|1\n|-unboost|p1b: Garchomp|atk|1\n|-ability|p1a: Gyarados|Intimidate|boost\n|-unboost|p2a: Arcanine|atk|1\n|-unboost|p2b: Amoonguss|atk|1\n|turn|1\n|\n|t:|1681942168\n|-terastallize|p2a: Arcanine|Grass\n|move|p1b: Garchomp|Protect|p1b: Garchomp\n|-singleturn|p1b: Garchomp|Protect\n|move|p2a: Arcanine|Will-O-Wisp|p1b: Garchomp\n|-activate|p1b: Garchomp|move: Protect\n|move|p1a: Gyarados|Taunt|p2b: Amoonguss\n|-start|p2b: Amoonguss|move: Taunt\n|cant|p2b: Amoonguss|move: Taunt|Spore\n|\n|upkeep\n|turn|2\n|\n|t:|1681942194\n|switch|p1b: Amoonguss|Amoonguss, L50, F, shiny|100\/100\n|switch|p2b: Corviknight|Corviknight, L50, F|100\/100\n|move|p2a: Arcanine|Protect|p2a: Arcanine\n|-singleturn|p2a: Arcanine|Protect\n|move|p1a: Gyarados|Taunt|p2a: Arcanine\n|-activate|p2a: Arcanine|move: Protect\n|\n|upkeep\n|turn|3\n|\n|t:|1681942225\n|-terastallize|p1b: Amoonguss|Water\n|move|p2a: Arcanine|Will-O-Wisp|p1a: Gyarados|[miss]\n|-miss|p2a: Arcanine|p1a: Gyarados\n|move|p1a: Gyarados|Thunder Wave|p2a: Arcanine\n|-status|p2a: Arcanine|par\n|move|p2b: Corviknight|Brave Bird|p1b: Amoonguss\n|-damage|p1b: Amoonguss|67\/100\n|-damage|p2b: Corviknight|87\/100|[from] Recoil\n|move|p1b: Amoonguss|Spore|p2b: Corviknight\n|-status|p2b: Corviknight|slp|[from] move: Spore\n|\n|-heal|p2b: Corviknight|93\/100 slp|[from] item: Leftovers\n|upkeep\n|turn|4\n|\n|t:|1681942275\n|move|p1a: Gyarados|Waterfall|p2a: Arcanine\n|-resisted|p2a: Arcanine\n|-damage|p2a: Arcanine|89\/100 par\n|cant|p2b: Corviknight|slp\n|move|p2a: Arcanine|Will-O-Wisp|p1a: Gyarados\n|-status|p1a: Gyarados|brn\n|move|p1b: Amoonguss|Pollen Puff|p2a: Arcanine\n|-supereffective|p2a: Arcanine\n|-damage|p2a: Arcanine|52\/100 par\n|\n|-heal|p2b: Corviknight|99\/100 slp|[from] item: Leftovers\n|-damage|p1a: Gyarados|95\/100 brn|[from] brn\n|upkeep\n|turn|5\n|\n|t:|1681942292\n|switch|p1a: Flutter Mane|Flutter Mane, L50|100\/100\n|-enditem|p1a: Flutter Mane|Booster Energy\n|-activate|p1a: Flutter Mane|ability: Protosynthesis|[fromitem]\n|-start|p1a: Flutter Mane|protosynthesisspa\n|move|p2a: Arcanine|Protect|p2a: Arcanine\n|-singleturn|p2a: Arcanine|Protect\n|cant|p2b: Corviknight|slp\n|move|p1b: Amoonguss|Pollen Puff|p2a: Arcanine\n|-activate|p2a: Arcanine|move: Protect\n|\n|-heal|p2b: Corviknight|100\/100 slp|[from] item: Leftovers\n|upkeep\n|turn|6\n|\n|t:|1681942321\n|switch|p2a: Amoonguss|Amoonguss, L50, M|100\/100\n|move|p1a: Flutter Mane|Moonblast|p2a: Amoonguss\n|-resisted|p2a: Amoonguss\n|-damage|p2a: Amoonguss|76\/100\n|cant|p2b: Corviknight|slp\n|move|p1b: Amoonguss|Spore|p2b: Corviknight\n|-fail|p2b: Corviknight|slp\n|\n|upkeep\n|turn|7\n|\n|t:|1681942336\n|move|p1a: Flutter Mane|Protect|p1a: Flutter Mane\n|-singleturn|p1a: Flutter Mane|Protect\n|move|p2a: Amoonguss|Rage Powder|p2a: Amoonguss\n|-singleturn|p2a: Amoonguss|move: Rage Powder\n|-curestatus|p2b: Corviknight|slp|[msg]\n|move|p2b: Corviknight|Iron Head|p1a: Flutter Mane\n|-activate|p1a: Flutter Mane|move: Protect\n|move|p1b: Amoonguss|Spore|p2a: Amoonguss\n|-immune|p2a: Amoonguss\n|\n|upkeep\n|turn|8\n|\n|t:|1681942354\n|-end|p1a: Flutter Mane|Protosynthesis|[silent]\n|switch|p1a: Garchomp|Garchomp, L50, M|100\/100\n|move|p2a: Amoonguss|Rage Powder|p2a: Amoonguss\n|-singleturn|p2a: Amoonguss|move: Rage Powder\n|move|p2b: Corviknight|Iron Head|p1a: Garchomp\n|-damage|p1a: Garchomp|80\/100\n|-damage|p2b: Corviknight|88\/100|[from] ability: Rough Skin|[of] p1a: Garchomp\n|-damage|p2b: Corviknight|72\/100|[from] item: Rocky Helmet|[of] p1a: Garchomp\n|move|p1b: Amoonguss|Spore|p2a: Amoonguss\n|-immune|p2a: Amoonguss\n|\n|-heal|p2b: Corviknight|78\/100|[from] item: Leftovers\n|upkeep\n|turn|9\n|\n|t:|1681942385\n|move|p2a: Amoonguss|Rage Powder|p2a: Amoonguss\n|-singleturn|p2a: Amoonguss|move: Rage Powder\n|move|p1a: Garchomp|Swords Dance|p1a: Garchomp\n|-boost|p1a: Garchomp|atk|2\n|move|p2b: Corviknight|Tailwind|p2b: Corviknight\n|-sidestart|p2: garfieldslaya|move: Tailwind\n|move|p1b: Amoonguss|Pollen Puff|p2a: Amoonguss\n|-damage|p2a: Amoonguss|62\/100\n|\n|-heal|p2b: Corviknight|83\/100|[from] item: Leftovers\n|upkeep\n|turn|10\n|\n|t:|1681942421\n|switch|p2a: Arcanine|Arcanine, L50, M, tera:Grass|52\/100 par\n|-ability|p2a: Arcanine|Intimidate|boost\n|-unboost|p1a: Garchomp|atk|1\n|-unboost|p1b: Amoonguss|atk|1\n|move|p2b: Corviknight|Brave Bird|p1a: Garchomp\n|-damage|p1a: Garchomp|46\/100\n|-damage|p2b: Corviknight|71\/100|[from] ability: Rough Skin|[of] p1a: Garchomp\n|-damage|p2b: Corviknight|55\/100|[from] item: Rocky Helmet|[of] p1a: Garchomp\n|-damage|p2b: Corviknight|42\/100|[from] Recoil\n|move|p1a: Garchomp|Dragon Claw|p2a: Arcanine\n|-damage|p2a: Arcanine|0 fnt\n|faint|p2a: Arcanine\n|move|p1b: Amoonguss|Spore|p2b: Corviknight\n|-status|p2b: Corviknight|slp|[from] move: Spore\n|\n|-heal|p2b: Corviknight|48\/100 slp|[from] item: Leftovers\n|upkeep\n|\n|t:|1681942429\n|switch|p2a: Amoonguss|Amoonguss, L50, M|95\/100\n|turn|11\n|\n|t:|1681942453\n|cant|p2b: Corviknight|slp\n|move|p1a: Garchomp|Dragon Claw|p2a: Amoonguss\n|-damage|p2a: Amoonguss|43\/100\n|-damage|p1a: Garchomp|30\/100|[from] item: Rocky Helmet|[of] p2a: Amoonguss\n|move|p2a: Amoonguss|Spore|p1a: Garchomp\n|-status|p1a: Garchomp|slp|[from] move: Spore\n|move|p1b: Amoonguss|Pollen Puff|p1a: Garchomp\n|-heal|p1a: Garchomp|79\/100 slp\n|\n|-heal|p2b: Corviknight|53\/100 slp|[from] item: Leftovers\n|upkeep\n|turn|12\n|\n|t:|1681942472\n|cant|p2b: Corviknight|slp\n|cant|p1a: Garchomp|slp\n|move|p2a: Amoonguss|Pollen Puff|p2b: Corviknight\n|-heal|p2b: Corviknight|100\/100 slp\n|move|p1b: Amoonguss|Pollen Puff|p1a: Garchomp\n|-heal|p1a: Garchomp|100\/100 slp\n|\n|-sideend|p2: garfieldslaya|move: Tailwind\n|upkeep\n|turn|13\n|\n|t:|1681942490\n|switch|p2a: Azumarill|Azumarill, L50, F|100\/100\n|cant|p1a: Garchomp|slp\n|-curestatus|p2b: Corviknight|slp|[msg]\n|move|p2b: Corviknight|Brave Bird|p1b: Amoonguss\n|-damage|p1b: Amoonguss|35\/100\n|-enditem|p1b: Amoonguss|Sitrus Berry|[eat]\n|-heal|p1b: Amoonguss|60\/100|[from] item: Sitrus Berry\n|-damage|p2b: Corviknight|88\/100|[from] Recoil\n|move|p1b: Amoonguss|Spore|p2b: Corviknight\n|-status|p2b: Corviknight|slp|[from] move: Spore\n|\n|-heal|p2b: Corviknight|94\/100 slp|[from] item: Leftovers\n|upkeep\n|turn|14\n|\n|t:|1681942510\n|switch|p2b: Amoonguss|Amoonguss, L50, M|76\/100\n|switch|p1b: Gyarados|Gyarados, L50, M, shiny|95\/100 brn\n|-ability|p1b: Gyarados|Intimidate|boost\n|-unboost|p2a: Azumarill|atk|1\n|-unboost|p2b: Amoonguss|atk|1\n|cant|p1a: Garchomp|slp\n|move|p2a: Azumarill|Ice Spinner|p1a: Garchomp\n|-supereffective|p1a: Garchomp\n|-damage|p1a: Garchomp|0 fnt\n|-damage|p2a: Azumarill|88\/100|[from] ability: Rough Skin|[of] p1a: Garchomp\n|-damage|p2a: Azumarill|72\/100|[from] item: Rocky Helmet|[of] p1a: Garchomp\n|faint|p1a: Garchomp\n|\n|-damage|p1b: Gyarados|89\/100 brn|[from] brn\n|upkeep\n|\n|t:|1681942533\n|switch|p1a: Flutter Mane|Flutter Mane, L50|100\/100\n|turn|15\n|\n|t:|1681942554\n|switch|p2a: Corviknight|Corviknight, L50, F|94\/100 slp\n|move|p1a: Flutter Mane|Protect|p1a: Flutter Mane\n|-singleturn|p1a: Flutter Mane|Protect\n|move|p1b: Gyarados|Taunt|p2b: Amoonguss\n|-start|p2b: Amoonguss|move: Taunt\n|move|p2b: Amoonguss|Pollen Puff|p2a: Corviknight\n|-heal|p2a: Corviknight|100\/100 slp\n|\n|-damage|p1b: Gyarados|83\/100 brn|[from] brn\n|upkeep\n|turn|16\n|\n|t:|1681942578\n|move|p1a: Flutter Mane|Substitute|p1a: Flutter Mane\n|-start|p1a: Flutter Mane|Substitute\n|-damage|p1a: Flutter Mane|76\/100\n|move|p1b: Gyarados|Thunder Wave|p2b: Amoonguss\n|-status|p2b: Amoonguss|par\n|cant|p2a: Corviknight|slp\n|cant|p2b: Amoonguss|par\n|\n|-damage|p1b: Gyarados|77\/100 brn|[from] brn\n|upkeep\n|turn|17\n|\n|t:|1681942603\n|move|p1a: Flutter Mane|Shadow Ball|p2a: Corviknight\n|-damage|p2a: Corviknight|68\/100 slp\n|move|p1b: Gyarados|Waterfall|p2a: Corviknight\n|-damage|p2a: Corviknight|54\/100 slp\n|-curestatus|p2a: Corviknight|slp|[msg]\n|move|p2a: Corviknight|Iron Head|p1a: Flutter Mane\n|-supereffective|p1a: Flutter Mane\n|-end|p1a: Flutter Mane|Substitute\n|cant|p2b: Amoonguss|par\n|\n|-heal|p2a: Corviknight|60\/100|[from] item: Leftovers\n|-damage|p1b: Gyarados|71\/100 brn|[from] brn\n|-end|p2b: Amoonguss|move: Taunt\n|upkeep\n|turn|18\n|\n|t:|1681942624\n|move|p1a: Flutter Mane|Protect|p1a: Flutter Mane\n|-singleturn|p1a: Flutter Mane|Protect\n|move|p2b: Amoonguss|Rage Powder|p2b: Amoonguss\n|-singleturn|p2b: Amoonguss|move: Rage Powder\n|move|p1b: Gyarados|Thunder Wave|p2b: Amoonguss\n|-fail|p2b: Amoonguss|par\n|move|p2a: Corviknight|Iron Head|p1a: Flutter Mane\n|-activate|p1a: Flutter Mane|move: Protect\n|\n|-heal|p2a: Corviknight|66\/100|[from] item: Leftovers\n|-damage|p1b: Gyarados|65\/100 brn|[from] brn\n|upkeep\n|turn|19\n|\n|t:|1681942642\n|-end|p1a: Flutter Mane|Protosynthesis|[silent]\n|switch|p1a: Amoonguss|Amoonguss, L50, F, shiny, tera:Water|93\/100\n|cant|p2b: Amoonguss|par\n|move|p1b: Gyarados|Taunt|p2b: Amoonguss\n|-start|p2b: Amoonguss|move: Taunt\n|move|p2a: Corviknight|Iron Head|p1a: Amoonguss\n|-resisted|p1a: Amoonguss\n|-damage|p1a: Amoonguss|83\/100\n|\n|-heal|p2a: Corviknight|72\/100|[from] item: Leftovers\n|-damage|p1b: Gyarados|59\/100 brn|[from] brn\n|upkeep\n|turn|20\n|\n|t:|1681942662\n|move|p1b: Gyarados|Whirlpool|p2b: Amoonguss\n|-resisted|p2b: Amoonguss\n|-damage|p2b: Amoonguss|73\/100 par\n|-activate|p2b: Amoonguss|move: Whirlpool|[of] p1b: Gyarados\n|move|p2a: Corviknight|Brave Bird|p1b: Gyarados\n|-damage|p1b: Gyarados|23\/100 brn\n|-enditem|p1b: Gyarados|Iapapa Berry|[eat]\n|-heal|p1b: Gyarados|56\/100 brn|[from] item: Iapapa Berry\n|-damage|p2a: Corviknight|59\/100|[from] Recoil\n|move|p1a: Amoonguss|Spore|p2a: Corviknight\n|-status|p2a: Corviknight|slp|[from] move: Spore\n|move|p2b: Amoonguss|Pollen Puff|p2a: Corviknight\n|-heal|p2a: Corviknight|100\/100 slp\n|\n|-damage|p1b: Gyarados|50\/100 brn|[from] brn\n|-damage|p2b: Amoonguss|61\/100 par|[from] move: Whirlpool|[partiallytrapped]\n|upkeep\n|turn|21\n|\n|t:|1681942704\n|move|p1b: Gyarados|Whirlpool|p2a: Corviknight\n|-damage|p2a: Corviknight|94\/100 slp\n|-activate|p2a: Corviknight|move: Whirlpool|[of] p1b: Gyarados\n|cant|p2a: Corviknight|slp\n|move|p1a: Amoonguss|Pollen Puff|p1b: Gyarados\n|-heal|p1b: Gyarados|99\/100 brn\n|move|p2b: Amoonguss|Clear Smog|p1b: Gyarados\n|-damage|p1b: Gyarados|86\/100 brn\n|-clearboost|p1b: Gyarados\n|\n|-heal|p2a: Corviknight|99\/100 slp|[from] item: Leftovers\n|-damage|p1b: Gyarados|80\/100 brn|[from] brn\n|-damage|p2a: Corviknight|87\/100 slp|[from] move: Whirlpool|[partiallytrapped]\n|-damage|p2b: Amoonguss|48\/100 par|[from] move: Whirlpool|[partiallytrapped]\n|upkeep\n|turn|22\n|\n|t:|1681942763\n|move|p1b: Gyarados|Waterfall|p2b: Amoonguss\n|-resisted|p2b: Amoonguss\n|-damage|p2b: Amoonguss|40\/100 par\n|-damage|p1b: Gyarados|64\/100 brn|[from] item: Rocky Helmet|[of] p2b: Amoonguss\n|cant|p2a: Corviknight|slp\n|move|p1a: Amoonguss|Pollen Puff|p2b: Amoonguss\n|-damage|p2b: Amoonguss|26\/100 par\n|move|p2b: Amoonguss|Clear Smog|p1a: Amoonguss\n|-damage|p1a: Amoonguss|68\/100\n|-clearboost|p1a: Amoonguss\n|\n|-heal|p2a: Corviknight|93\/100 slp|[from] item: Leftovers\n|-damage|p1b: Gyarados|58\/100 brn|[from] brn\n|-damage|p2a: Corviknight|81\/100 slp|[from] move: Whirlpool|[partiallytrapped]\n|-damage|p2b: Amoonguss|13\/100 par|[from] move: Whirlpool|[partiallytrapped]\n|-end|p2b: Amoonguss|move: Taunt\n|upkeep\n|turn|23\n|\n|t:|1681942796\n|cant|p2b: Amoonguss|par\n|move|p1b: Gyarados|Waterfall|p2a: Corviknight\n|-damage|p2a: Corviknight|64\/100 slp\n|-curestatus|p2a: Corviknight|slp|[msg]\n|move|p2a: Corviknight|Brave Bird|p1b: Gyarados\n|-damage|p1b: Gyarados|23\/100 brn\n|-damage|p2a: Corviknight|51\/100|[from] Recoil\n|move|p1a: Amoonguss|Pollen Puff|p2b: Amoonguss\n|-damage|p2b: Amoonguss|0 fnt\n|faint|p2b: Amoonguss\n|\n|-heal|p2a: Corviknight|57\/100|[from] item: Leftovers\n|-damage|p1b: Gyarados|17\/100 brn|[from] brn\n|-damage|p2a: Corviknight|45\/100|[from] move: Whirlpool|[partiallytrapped]\n|upkeep\n|\n|t:|1681942807\n|switch|p2b: Azumarill|Azumarill, L50, F|72\/100\n|turn|24\n|\n|t:|1681942825\n|move|p1a: Amoonguss|Rage Powder|p1a: Amoonguss\n|-singleturn|p1a: Amoonguss|move: Rage Powder\n|move|p1b: Gyarados|Thunder Wave|p2b: Azumarill|[miss]\n|-miss|p1b: Gyarados|p2b: Azumarill\n|move|p2a: Corviknight|Roost|p2a: Corviknight\n|-heal|p2a: Corviknight|95\/100\n|-singleturn|p2a: Corviknight|move: Roost\n|move|p2b: Azumarill|Play Rough|p1a: Amoonguss\n|-damage|p1a: Amoonguss|2\/100\n|\n|-heal|p2a: Corviknight|100\/100|[from] item: Leftovers\n|-damage|p1b: Gyarados|11\/100 brn|[from] brn\n|-damage|p2a: Corviknight|88\/100|[from] move: Whirlpool|[partiallytrapped]\n|upkeep\n|turn|25\n|\n|t:|1681942847\n|move|p1a: Amoonguss|Rage Powder|p1a: Amoonguss\n|-singleturn|p1a: Amoonguss|move: Rage Powder\n|move|p1b: Gyarados|Thunder Wave|p2b: Azumarill\n|-status|p2b: Azumarill|par\n|move|p2a: Corviknight|Brave Bird|p1a: Amoonguss\n|-damage|p1a: Amoonguss|0 fnt\n|faint|p1a: Amoonguss\n|-damage|p2a: Corviknight|88\/100|[from] Recoil\n|move|p2b: Azumarill|Play Rough|p1b: Gyarados\n|-damage|p1b: Gyarados|0 fnt\n|faint|p1b: Gyarados\n|\n|-heal|p2a: Corviknight|94\/100|[from] item: Leftovers\n|-end|p2a: Corviknight|Whirlpool|[partiallytrapped]|[silent]\n|upkeep\n|\n|t:|1681942853\n|switch|p1b: Flutter Mane|Flutter Mane, L50|76\/100\n|turn|26\n|\n|t:|1681942859\n|move|p1b: Flutter Mane|Moonblast|p2b: Azumarill\n|-damage|p2b: Azumarill|19\/100 par\n|-unboost|p2b: Azumarill|spa|1\n|move|p2a: Corviknight|Iron Head|p1b: Flutter Mane\n|-supereffective|p1b: Flutter Mane\n|-damage|p1b: Flutter Mane|0 fnt\n|faint|p1b: Flutter Mane\n|-end|p1b: Flutter Mane|Protosynthesis|[silent]\n|\n|win|garfieldslaya\n|raw|Gab98's rating: 1317 → 1295<\/strong> (-22 for losing)\n|raw|garfieldslaya's rating: 1289 → 1316<\/strong> (+27 for winning)\n|l|\u2606Gab98\n","uploadtime":1681942943,"views":6,"p1id":"gab98","p2id":"garfieldslaya","formatid":"gen9vgc2023regulationc","rating":1295,"private":0,"password":""}