{"id":"gen9vgc2023regulationc-1860045546","p1":"reinii","p2":"MoboyPlaysPokemon","format":"[Gen 9] VGC 2023 Regulation C","log":"|j|\u2606reinii\n|j|\u2606MoboyPlaysPokemon\n|t:|1683588822\n|gametype|doubles\n|player|p1|reinii|265|\n|player|p2|MoboyPlaysPokemon|170|\n|teamsize|p1|6\n|teamsize|p2|6\n|gen|9\n|tier|[Gen 9] VGC 2023 Regulation C\n|rule|Species Clause: Limit one of each Pok\u00e9mon\n|rule|Item Clause: Limit one of each item\n|clearpoke\n|poke|p1|Annihilape, L50, F|\n|poke|p1|Venomoth, L50, M|\n|poke|p1|Florges-Yellow, L50, F|\n|poke|p1|Arcanine, L50, M|\n|poke|p1|Palafin, L50, M|\n|poke|p1|Ting-Lu, L50|\n|poke|p2|Meowscarada, L50, F|\n|poke|p2|Iron Thorns, L50|\n|poke|p2|Indeedee-F, L50, F|\n|poke|p2|Bruxish, L50, F|\n|poke|p2|Toxapex, L50, F|\n|poke|p2|Kingambit, L50, M|\n|teampreview|4\n|j| judevgc\n|\n|t:|1683588952\n|start\n|switch|p1a: Palafin|Palafin, L50, M|100\/100\n|switch|p1b: Arcanine|Arcanine, L50, M, shiny|100\/100\n|switch|p2a: Fallacious Feline|Meowscarada, L50, F|100\/100\n|switch|p2b: Sunder|Bruxish, L50, F|100\/100\n|-ability|p1b: Arcanine|Intimidate|boost\n|-unboost|p2a: Fallacious Feline|atk|1\n|-unboost|p2b: Sunder|atk|1\n|turn|1\n|\n|t:|1683589068\n|detailschange|p1a: Palafin|Palafin-Hero, L50, M\n|switch|p1a: Ting-Lu|Ting-Lu, L50|100\/100\n|-ability|p1a: Ting-Lu|Vessel of Ruin\n|switch|p2a: Jade Colossus|Iron Thorns, L50|100\/100\n|-terastallize|p1b: Arcanine|Steel\n|move|p1b: Arcanine|Crunch|p2b: Sunder\n|-supereffective|p2b: Sunder\n|-damage|p2b: Sunder|16\/100\n|-damage|p1b: Arcanine|91\/100|[from] item: Life Orb\n|move|p2b: Sunder|Liquidation|p1a: Ting-Lu\n|-supereffective|p1a: Ting-Lu\n|-damage|p1a: Ting-Lu|72\/100\n|\n|upkeep\n|turn|2\n|\n|t:|1683589134\n|switch|p2b: Fallacious Feline|Meowscarada, L50, F|100\/100\n|move|p2a: Jade Colossus|Protect|p2a: Jade Colossus\n|-singleturn|p2a: Jade Colossus|Protect\n|move|p1a: Ting-Lu|Protect|p1a: Ting-Lu\n|-singleturn|p1a: Ting-Lu|Protect\n|move|p1b: Arcanine|Flare Blitz|p2b: Fallacious Feline\n|-supereffective|p2b: Fallacious Feline\n|-damage|p2b: Fallacious Feline|0 fnt\n|faint|p2b: Fallacious Feline\n|-damage|p1b: Arcanine|62\/100|[from] Recoil\n|-damage|p1b: Arcanine|52\/100|[from] item: Life Orb\n|\n|upkeep\n|\n|t:|1683589148\n|switch|p2b: \u0442\u043e\u0432\u0430\u0440\u0438\u0449|Kingambit, L50, M|100\/100\n|-activate|p2b: \u0442\u043e\u0432\u0430\u0440\u0438\u0449|ability: Supreme Overlord\n|-start|p2b: \u0442\u043e\u0432\u0430\u0440\u0438\u0449|fallen1|[silent]\n|turn|3\n|\n|t:|1683589180\n|-terastallize|p2a: Jade Colossus|Electric\n|move|p1b: Arcanine|Close Combat|p2b: \u0442\u043e\u0432\u0430\u0440\u0438\u0449\n|-supereffective|p2b: \u0442\u043e\u0432\u0430\u0440\u0438\u0449\n|-damage|p2b: \u0442\u043e\u0432\u0430\u0440\u0438\u0449|0 fnt\n|-unboost|p1b: Arcanine|def|1\n|-unboost|p1b: Arcanine|spd|1\n|faint|p2b: \u0442\u043e\u0432\u0430\u0440\u0438\u0449\n|-end|p2b: \u0442\u043e\u0432\u0430\u0440\u0438\u0449|fallen1|[silent]\n|-damage|p1b: Arcanine|42\/100|[from] item: Life Orb\n|move|p2a: Jade Colossus|Thunder Punch|p1b: Arcanine\n|-damage|p1b: Arcanine|0 fnt\n|faint|p1b: Arcanine\n|move|p1a: Ting-Lu|Body Press|p2a: Jade Colossus\n|-damage|p2a: Jade Colossus|74\/100\n|\n|upkeep\n|\n|t:|1683589194\n|switch|p1b: Annihilape|Annihilape, L50, F|100\/100\n|switch|p2b: Sunder|Bruxish, L50, F|16\/100\n|turn|4\n|\n|t:|1683589212\n|move|p1a: Ting-Lu|Protect|p1a: Ting-Lu\n|-singleturn|p1a: Ting-Lu|Protect\n|move|p1b: Annihilape|Final Gambit|p2a: Jade Colossus\n|-damage|p2a: Jade Colossus|0 fnt\n|faint|p1b: Annihilape\n|faint|p2a: Jade Colossus\n|-end|p2a: Jade Colossus|Quark Drive|[silent]\n|move|p2b: Sunder|Super Fang|p1a: Ting-Lu\n|-activate|p1a: Ting-Lu|move: Protect\n|\n|upkeep\n|\n|t:|1683589221\n|switch|p1b: Palafin|Palafin-Hero, L50, M|100\/100\n|-activate|p1b: Palafin|ability: Zero to Hero\n|turn|5\n|\n|t:|1683589231\n|move|p1b: Palafin|Iron Head|p2b: Sunder\n|-resisted|p2b: Sunder\n|-damage|p2b: Sunder|0 fnt\n|faint|p2b: Sunder\n|\n|win|reinii\n|c|\u2606MoboyPlaysPokemon|gg\n|l| judevgc\n|j| judevgc\n","uploadtime":1683589238,"views":16,"p1id":"reinii","p2id":"moboyplayspokemon","formatid":"gen9vgc2023regulationc","rating":0,"private":0,"password":""}