{"id":"gen9vgc2023regulationc-1848003920","p1":"kukukachui","p2":"LorenaSkip","format":"[Gen 9] VGC 2023 Regulation C","log":"|j|\u2606kukukachui\n|j|\u2606LorenaSkip\n|t:|1682019830\n|gametype|doubles\n|player|p1|kukukachui|170|1221\n|player|p2|LorenaSkip|pokekid|1198\n|teamsize|p1|6\n|teamsize|p2|6\n|gen|9\n|tier|[Gen 9] VGC 2023 Regulation C\n|rated|\n|rule|Species Clause: Limit one of each Pok\u00e9mon\n|rule|Item Clause: Limit one of each item\n|clearpoke\n|poke|p1|Arcanine, L50, M|\n|poke|p1|Ting-Lu, L50|\n|poke|p1|Amoonguss, L50, M|\n|poke|p1|Flutter Mane, L50|\n|poke|p1|Kingambit, L50, M|\n|poke|p1|Palafin, L50, M|\n|poke|p2|Dragapult, L50, M|\n|poke|p2|Scream Tail, L50|\n|poke|p2|Great Tusk, L50|\n|poke|p2|Murkrow, L50, F|\n|poke|p2|Chien-Pao, L50|\n|poke|p2|Flutter Mane, L50|\n|teampreview|4\n|\n|t:|1682019875\n|start\n|switch|p1a: Sweet Dee|Flutter Mane, L50|100\/100\n|switch|p1b: Mac|Palafin, L50, M|100\/100\n|switch|p2a: Chien-Pao|Chien-Pao, L50|100\/100\n|switch|p2b: Dragapult|Dragapult, L50, M, shiny|100\/100\n|-ability|p2a: Chien-Pao|Sword of Ruin\n|turn|1\n|\n|t:|1682019901\n|detailschange|p1b: Mac|Palafin-Hero, L50, M\n|switch|p1b: Charlie|Arcanine, L50, M|100\/100\n|-ability|p1b: Charlie|Intimidate|boost\n|-unboost|p2a: Chien-Pao|atk|1\n|-fail|p2b: Dragapult|unboost|[from] ability: Clear Body|[of] p2b: Dragapult\n|move|p2a: Chien-Pao|Protect|p2a: Chien-Pao\n|-singleturn|p2a: Chien-Pao|Protect\n|move|p1a: Sweet Dee|Protect|p1a: Sweet Dee\n|-singleturn|p1a: Sweet Dee|Protect\n|move|p2b: Dragapult|Phantom Force||[still]\n|-prepare|p2b: Dragapult|Phantom Force\n|\n|upkeep\n|turn|2\n|\n|t:|1682019942\n|switch|p2a: Murkrow|Murkrow, L50, F, shiny|100\/100\n|-end|p1a: Sweet Dee|Protosynthesis|[silent]\n|switch|p1a: Frank|Amoonguss, L50, M|100\/100\n|move|p2b: Dragapult|Phantom Force|p1a: Frank|[from]lockedmove\n|-damage|p1a: Frank|38\/100\n|-enditem|p1a: Frank|Sitrus Berry|[eat]\n|-heal|p1a: Frank|63\/100|[from] item: Sitrus Berry\n|move|p1b: Charlie|Will-O-Wisp|p2b: Dragapult\n|-status|p2b: Dragapult|brn\n|\n|-damage|p2b: Dragapult|94\/100 brn|[from] brn\n|upkeep\n|turn|3\n|\n|t:|1682019977\n|switch|p1b: Sweet Dee|Flutter Mane, L50|100\/100\n|move|p2b: Dragapult|Phantom Force||[still]\n|-prepare|p2b: Dragapult|Phantom Force\n|move|p2a: Murkrow|Foul Play|p1a: Frank\n|-damage|p1a: Frank|40\/100\n|move|p1a: Frank|Spore|p2a: Murkrow\n|-status|p2a: Murkrow|slp|[from] move: Spore\n|\n|-damage|p2b: Dragapult|88\/100 brn|[from] brn\n|upkeep\n|turn|4\n|\n|t:|1682020001\n|switch|p1a: Charlie|Arcanine, L50, M|100\/100\n|-ability|p1a: Charlie|Intimidate|boost\n|-unboost|p2a: Murkrow|atk|1\n|-fail|p2b: Dragapult|unboost|[from] ability: Clear Body|[of] p2b: Dragapult\n|-terastallize|p1b: Sweet Dee|Water\n|cant|p2a: Murkrow|slp\n|move|p2b: Dragapult|Phantom Force|p1a: Charlie|[from]lockedmove\n|-damage|p1a: Charlie|67\/100\n|move|p1b: Sweet Dee|Moonblast|p2b: Dragapult\n|-supereffective|p2b: Dragapult\n|-damage|p2b: Dragapult|0 fnt\n|faint|p2b: Dragapult\n|-damage|p1b: Sweet Dee|91\/100|[from] item: Life Orb\n|\n|upkeep\n|\n|t:|1682020026\n|switch|p2b: Chien-Pao|Chien-Pao, L50|100\/100\n|-ability|p2b: Chien-Pao|Sword of Ruin\n|turn|5\n|\n|t:|1682020043\n|move|p1b: Sweet Dee|Protect|p1b: Sweet Dee\n|-singleturn|p1b: Sweet Dee|Protect\n|cant|p2a: Murkrow|slp\n|move|p2b: Chien-Pao|Sacred Sword|p1a: Charlie\n|-damage|p1a: Charlie|26\/100\n|move|p1a: Charlie|Will-O-Wisp|p2b: Chien-Pao\n|-status|p2b: Chien-Pao|brn\n|\n|-damage|p2b: Chien-Pao|95\/100 brn|[from] brn\n|upkeep\n|turn|6\n|\n|t:|1682020105\n|switch|p1a: Frank|Amoonguss, L50, M|74\/100\n|move|p2b: Chien-Pao|Sucker Punch||[still]\n|-fail|p2b: Chien-Pao\n|move|p1b: Sweet Dee|Moonblast|p2a: Murkrow\n|-supereffective|p2a: Murkrow\n|-damage|p2a: Murkrow|0 fnt\n|faint|p2a: Murkrow\n|-damage|p1b: Sweet Dee|81\/100|[from] item: Life Orb\n|\n|-damage|p2b: Chien-Pao|89\/100 brn|[from] brn\n|upkeep\n|\n|t:|1682020118\n|switch|p2a: Flutter Mane|Flutter Mane, L50|100\/100\n|turn|7\n|\n|t:|1682020144\n|-terastallize|p2a: Flutter Mane|Fairy\n|move|p1a: Frank|Protect|p1a: Frank\n|-singleturn|p1a: Frank|Protect\n|move|p2b: Chien-Pao|Ice Spinner|p1a: Frank\n|-activate|p1a: Frank|move: Protect\n|move|p2a: Flutter Mane|Moonblast|p1b: Sweet Dee\n|-damage|p1b: Sweet Dee|0 fnt\n|faint|p1b: Sweet Dee\n|-end|p1b: Sweet Dee|Protosynthesis|[silent]\n|\n|-damage|p2b: Chien-Pao|83\/100 brn|[from] brn\n|upkeep\n|\n|t:|1682020155\n|switch|p1b: Mac|Palafin-Hero, L50, M|100\/100\n|-activate|p1b: Mac|ability: Zero to Hero\n|turn|8\n|\n|t:|1682020179\n|move|p1a: Frank|Rage Powder|p1a: Frank\n|-singleturn|p1a: Frank|move: Rage Powder\n|move|p1b: Mac|Jet Punch|p2a: Flutter Mane\n|-damage|p2a: Flutter Mane|0 fnt\n|faint|p2a: Flutter Mane\n|-end|p2a: Flutter Mane|Protosynthesis|[silent]\n|move|p2b: Chien-Pao|Ice Spinner|p1a: Frank\n|-supereffective|p1a: Frank\n|-damage|p1a: Frank|30\/100\n|\n|-damage|p2b: Chien-Pao|77\/100 brn|[from] brn\n|upkeep\n|turn|9\n|-message|LorenaSkip forfeited.\n|\n|win|kukukachui\n|raw|kukukachui's rating: 1221 → 1244<\/strong> (+23 for winning)\n|raw|LorenaSkip's rating: 1198 → 1175<\/strong> (-23 for losing)\n|l|\u2606LorenaSkip\n","uploadtime":1682020225,"views":14,"p1id":"kukukachui","p2id":"lorenaskip","formatid":"gen9vgc2023regulationc","rating":1175,"private":0,"password":""}