{"id":"gen9vgc2023regulationc-1857738368","p1":"Lutrinae Arctis","p2":"Perju","format":"[Gen 9] VGC 2023 Regulation C","log":"|j|\u2606Lutrinae Arctis\n|j|\u2606Perju\n|t:|1683227095\n|gametype|doubles\n|player|p1|Lutrinae Arctis|dawn-gen4pt|1115\n|player|p2|Perju|cynthia-gen4|1031\n|teamsize|p1|6\n|teamsize|p2|6\n|gen|9\n|tier|[Gen 9] VGC 2023 Regulation C\n|rated|\n|rule|Species Clause: Limit one of each Pok\u00e9mon\n|rule|Item Clause: Limit one of each item\n|clearpoke\n|poke|p1|Flutter Mane, L50|\n|poke|p1|Jumpluff, L50, F|\n|poke|p1|Wo-Chien, L50|\n|poke|p1|Torkoal, L50, F|\n|poke|p1|Roaring Moon, L50|\n|poke|p1|Chi-Yu, L50|\n|poke|p2|Gholdengo, L50|\n|poke|p2|Maushold-Four, L50|\n|poke|p2|Dondozo, L50, F|\n|poke|p2|Tatsugiri, L50, F|\n|poke|p2|Wo-Chien, L50|\n|poke|p2|Glimmora, L50, F|\n|teampreview|4\n|inactive|Battle timer is ON: inactive players will automatically lose when time's up. (requested by Lutrinae Arctis)\nLutrinae Arctis has agreed to open team sheets.\n|\n|t:|1683227112\n|start\n|switch|p1a: Jumpluff|Jumpluff, L50, F|100\/100\n|switch|p1b: Roaring Moon|Roaring Moon, L50|100\/100\n|switch|p2a: Maushold|Maushold-Four, L50|100\/100\n|switch|p2b: Gholdengo|Gholdengo, L50|100\/100\n|turn|1\n|\n|t:|1683227128\n|-terastallize|p1b: Roaring Moon|Ground\n|move|p2a: Maushold|Follow Me|p2a: Maushold\n|-singleturn|p2a: Maushold|move: Follow Me\n|move|p1a: Jumpluff|Absorb|p2a: Maushold\n|-damage|p2a: Maushold|96\/100\n|move|p1b: Roaring Moon|Earthquake|p2b: Gholdengo|[spread] p2a,p2b\n|-immune|p1a: Jumpluff\n|-supereffective|p2b: Gholdengo\n|-damage|p2a: Maushold|23\/100\n|-damage|p2b: Gholdengo|41\/100\n|move|p2b: Gholdengo|Nasty Plot|p2b: Gholdengo\n|-boost|p2b: Gholdengo|spa|2\n|\n|upkeep\n|turn|2\n|\n|t:|1683227153\n|move|p2a: Maushold|Protect|p2a: Maushold\n|-singleturn|p2a: Maushold|Protect\n|move|p2b: Gholdengo|Protect|p2b: Gholdengo\n|-singleturn|p2b: Gholdengo|Protect\n|move|p1a: Jumpluff|Absorb|p1b: Roaring Moon\n|-supereffective|p1b: Roaring Moon\n|-damage|p1b: Roaring Moon|94\/100\n|-enditem|p1b: Roaring Moon|Weakness Policy\n|-boost|p1b: Roaring Moon|atk|2|[from] item: Weakness Policy\n|-boost|p1b: Roaring Moon|spa|2|[from] item: Weakness Policy\n|move|p1b: Roaring Moon|Earthquake|p2a: Maushold|[spread] \n|-activate|p2a: Maushold|move: Protect\n|-activate|p2b: Gholdengo|move: Protect\n|-immune|p1a: Jumpluff\n|\n|upkeep\n|turn|3\n|\n|t:|1683227175\n|move|p2a: Maushold|Follow Me|p2a: Maushold\n|-singleturn|p2a: Maushold|move: Follow Me\n|move|p1a: Jumpluff|Sleep Powder|p2a: Maushold\n|-activate|p2a: Maushold|item: Safety Goggles|Sleep Powder\n|move|p1b: Roaring Moon|Earthquake|p2b: Gholdengo|[spread] p2a,p2b\n|-immune|p1a: Jumpluff\n|-supereffective|p2b: Gholdengo\n|-damage|p2a: Maushold|0 fnt\n|-damage|p2b: Gholdengo|0 fnt\n|faint|p2a: Maushold\n|faint|p2b: Gholdengo\n|\n|upkeep\n|\n|t:|1683227184\n|switch|p2a: Dondozo|Dondozo, L50, F|100\/100\n|switch|p2b: Tatsugiri|Tatsugiri, L50, F|100\/100\n|-activate|p2b: Tatsugiri|ability: Commander|[of] p2a: Dondozo\n|-boost|p2a: Dondozo|atk|2\n|-boost|p2a: Dondozo|spa|2\n|-boost|p2a: Dondozo|spe|2\n|-boost|p2a: Dondozo|def|2\n|-boost|p2a: Dondozo|spd|2\n|turn|4\n|\n|t:|1683227200\n|move|p2a: Dondozo|Wave Crash|p1b: Roaring Moon\n|-supereffective|p1b: Roaring Moon\n|-damage|p1b: Roaring Moon|0 fnt\n|faint|p1b: Roaring Moon\n|-end|p1b: Roaring Moon|Protosynthesis|[silent]\n|-damage|p2a: Dondozo|74\/100|[from] Recoil\n|move|p1a: Jumpluff|Sleep Powder|p2a: Dondozo\n|-status|p2a: Dondozo|slp|[from] move: Sleep Powder\n|-enditem|p2a: Dondozo|Chesto Berry|[eat]\n|-curestatus|p2a: Dondozo|slp|[msg]\n|\n|upkeep\n|\n|t:|1683227207\n|switch|p1b: Chi-Yu|Chi-Yu, L50|100\/100\n|-ability|p1b: Chi-Yu|Beads of Ruin\n|turn|5\n|\n|t:|1683227213\n|move|p1b: Chi-Yu|Protect|p1b: Chi-Yu\n|-singleturn|p1b: Chi-Yu|Protect\n|move|p2a: Dondozo|Wave Crash|p1b: Chi-Yu\n|-activate|p1b: Chi-Yu|move: Protect\n|move|p1a: Jumpluff|Sleep Powder|p2a: Dondozo\n|-status|p2a: Dondozo|slp|[from] move: Sleep Powder\n|\n|upkeep\n|turn|6\n|\n|t:|1683227225\n|switch|p1a: Flutter Mane|Flutter Mane, L50|100\/100\n|cant|p2a: Dondozo|slp\n|move|p1b: Chi-Yu|Dark Pulse|p2a: Dondozo\n|-damage|p2a: Dondozo|45\/100 slp\n|\n|upkeep\n|turn|7\n|\n|t:|1683227233\n|cant|p2a: Dondozo|slp\n|move|p1b: Chi-Yu|Dark Pulse|p2a: Dondozo\n|-damage|p2a: Dondozo|21\/100 slp\n|move|p1a: Flutter Mane|Moonblast|p2a: Dondozo\n|-damage|p2a: Dondozo|0 fnt\n|faint|p2a: Dondozo\n|\n|upkeep\n|turn|8\n|\n|t:|1683227243\n|move|p2b: Tatsugiri|Draco Meteor|p1b: Chi-Yu\n|-damage|p1b: Chi-Yu|45\/100\n|-unboost|p2b: Tatsugiri|spa|2\n|move|p1b: Chi-Yu|Dark Pulse|p2b: Tatsugiri\n|-damage|p2b: Tatsugiri|19\/100\n|move|p1a: Flutter Mane|Moonblast|p2b: Tatsugiri\n|-supereffective|p2b: Tatsugiri\n|-damage|p2b: Tatsugiri|0 fnt\n|faint|p2b: Tatsugiri\n|\n|win|Lutrinae Arctis\n|raw|Lutrinae Arctis's rating: 1115 → 1134<\/strong> (+19 for winning)\n|raw|Perju's rating: 1031 → 1020<\/strong> (-11 for losing)\n|l|\u2606Perju\n","uploadtime":1683227255,"views":6,"p1id":"lutrinaearctis","p2id":"perju","formatid":"gen9vgc2023regulationc","rating":1020,"private":0,"password":""}