{"id":"gen9vgc2023regulationc-1854674748","p1":"Damayr","p2":"We_Love_The_Gong","format":"[Gen 9] VGC 2023 Regulation C","log":"|j|\u2606Damayr\n|j|\u2606We_Love_The_Gong\n|t:|1682848169\n|gametype|doubles\n|player|p1|Damayr|2|1353\n|player|p2|We_Love_The_Gong|fantina|1409\n|teamsize|p1|6\n|teamsize|p2|6\n|gen|9\n|tier|[Gen 9] VGC 2023 Regulation C\n|rated|\n|rule|Species Clause: Limit one of each Pok\u00e9mon\n|rule|Item Clause: Limit one of each item\n|clearpoke\n|poke|p1|Grimmsnarl, L50, M|\n|poke|p1|Hawlucha, L50, F|\n|poke|p1|Talonflame, L50, M|\n|poke|p1|Garchomp, L50, M|\n|poke|p1|Flutter Mane, L50|\n|poke|p1|Farigiraf, L50, F|\n|poke|p2|Gholdengo, L50|\n|poke|p2|Ting-Lu, L50|\n|poke|p2|Gyarados, L50, F|\n|poke|p2|Flutter Mane, L50|\n|poke|p2|Amoonguss, L50, F|\n|poke|p2|Baxcalibur, L50, M|\n|teampreview|4\nWe_Love_The_Gong has agreed to open team sheets.\n|inactive|Battle timer is ON: inactive players will automatically lose when time's up. (requested by Damayr)\n|j| Tyyrael\n|\n|t:|1682848206\n|start\n|switch|p1a: Talonflame|Talonflame, L50, M|100\/100\n|switch|p1b: Garchomp|Garchomp, L50, M|100\/100\n|switch|p2a: Ting-Lu|Ting-Lu, L50|100\/100\n|switch|p2b: Amoonguss|Amoonguss, L50, F|100\/100\n|-ability|p2a: Ting-Lu|Vessel of Ruin\n|turn|1\n|inactive|Damayr has 30 seconds left.\n|\n|t:|1682848234\n|switch|p2b: Gyarados|Gyarados, L50, F|100\/100\n|-ability|p2b: Gyarados|Intimidate|boost\n|-unboost|p1a: Talonflame|atk|1\n|-unboost|p1b: Garchomp|atk|1\n|move|p1a: Talonflame|Taunt|p2b: Gyarados\n|-start|p2b: Gyarados|move: Taunt\n|move|p1b: Garchomp|Earthquake|p2b: Gyarados|[spread] p2a\n|-immune|p1a: Talonflame\n|-immune|p2b: Gyarados\n|-damage|p2a: Ting-Lu|75\/100\n|move|p2a: Ting-Lu|Rock Slide|p1a: Talonflame|[spread] p1a,p1b\n|-supereffective|p1a: Talonflame\n|-resisted|p1b: Garchomp\n|-enditem|p1a: Talonflame|Focus Sash\n|-damage|p1a: Talonflame|1\/100\n|-damage|p1b: Garchomp|91\/100\n|\n|upkeep\n|turn|2\n|\n|t:|1682848255\n|move|p1a: Talonflame|Brave Bird|p2b: Gyarados\n|-damage|p2b: Gyarados|63\/100\n|-damage|p1a: Talonflame|0 fnt|[from] Recoil\n|faint|p1a: Talonflame\n|move|p1b: Garchomp|Earthquake|p2a: Ting-Lu|[spread] p2a\n|-immune|p2b: Gyarados\n|-damage|p2a: Ting-Lu|54\/100\n|move|p2b: Gyarados|Waterfall|p1b: Garchomp\n|-damage|p1b: Garchomp|58\/100\n|-damage|p2b: Gyarados|50\/100|[from] ability: Rough Skin|[of] p1b: Garchomp\n|move|p2a: Ting-Lu|Ruination|p1b: Garchomp\n|-damage|p1b: Garchomp|29\/100\n|\n|upkeep\n|\n|t:|1682848271\n|switch|p1a: Flutter Mane|Flutter Mane, L50|100\/100\n|turn|3\n|\n|t:|1682848288\n|switch|p1b: Farigiraf|Farigiraf, L50, F|100\/100\n|switch|p2a: Amoonguss|Amoonguss, L50, F|100\/100\n|-terastallize|p1a: Flutter Mane|Fairy\n|move|p1a: Flutter Mane|Dazzling Gleam|p2a: Amoonguss|[spread] p2a,p2b\n|-resisted|p2a: Amoonguss\n|-crit|p2a: Amoonguss\n|-damage|p2a: Amoonguss|58\/100\n|-damage|p2b: Gyarados|6\/100\n|move|p2b: Gyarados|Waterfall|p1b: Farigiraf\n|-damage|p1b: Farigiraf|66\/100\n|\n|-end|p2b: Gyarados|move: Taunt\n|upkeep\n|turn|4\n|\n|t:|1682848310\n|move|p2a: Amoonguss|Protect|p2a: Amoonguss\n|-singleturn|p2a: Amoonguss|Protect\n|move|p1a: Flutter Mane|Dazzling Gleam|p2a: Amoonguss|[spread] p2b\n|-activate|p2a: Amoonguss|move: Protect\n|-damage|p2b: Gyarados|0 fnt\n|faint|p2b: Gyarados\n|move|p1b: Farigiraf|Psychic|p2a: Amoonguss\n|-activate|p2a: Amoonguss|move: Protect\n|\n|upkeep\n|\n|t:|1682848334\n|switch|p2b: Baxcalibur|Baxcalibur, L50, M|100\/100\n|turn|5\n|\n|t:|1682848348\n|switch|p2a: Ting-Lu|Ting-Lu, L50|54\/100\n|-ability|p2a: Ting-Lu|Vessel of Ruin\n|-terastallize|p2b: Baxcalibur|Poison\n|move|p1a: Flutter Mane|Dazzling Gleam|p2a: Ting-Lu|[spread] p2a,p2b\n|-supereffective|p2a: Ting-Lu\n|-resisted|p2b: Baxcalibur\n|-damage|p2a: Ting-Lu|7\/100\n|-damage|p2b: Baxcalibur|80\/100\n|move|p2b: Baxcalibur|Icicle Spear|p1a: Flutter Mane\n|-damage|p1a: Flutter Mane|68\/100\n|-damage|p1a: Flutter Mane|33\/100\n|-damage|p1a: Flutter Mane|0 fnt\n|faint|p1a: Flutter Mane\n|-end|p1a: Flutter Mane|Protosynthesis|[silent]\n|-hitcount|p1: Flutter Mane|3\n|move|p1b: Farigiraf|Hyper Voice|p2a: Ting-Lu|[spread] p2a,p2b\n|-damage|p2a: Ting-Lu|0 fnt\n|-damage|p2b: Baxcalibur|58\/100\n|faint|p2a: Ting-Lu\n|-enditem|p1b: Farigiraf|Throat Spray\n|-boost|p1b: Farigiraf|spa|1|[from] item: Throat Spray\n|\n|upkeep\n|\n|t:|1682848371\n|switch|p1a: Garchomp|Garchomp, L50, M|29\/100\n|switch|p2a: Amoonguss|Amoonguss, L50, F|91\/100\n|turn|6\n|\n|t:|1682848380\n|move|p2b: Baxcalibur|Protect|p2b: Baxcalibur\n|-singleturn|p2b: Baxcalibur|Protect\n|move|p1a: Garchomp|Earthquake|p2b: Baxcalibur|[spread] p1b,p2a\n|-activate|p2b: Baxcalibur|move: Protect\n|-crit|p1b: Farigiraf\n|-damage|p1b: Farigiraf|0 fnt\n|-damage|p2a: Amoonguss|45\/100\n|faint|p1b: Farigiraf\n|move|p2a: Amoonguss|Spore|p1a: Garchomp\n|-status|p1a: Garchomp|slp|[from] move: Spore\n|\n|upkeep\n|turn|7\n|-message|Damayr forfeited.\n|\n|win|We_Love_The_Gong\n|raw|Damayr's rating: 1353 → 1336<\/strong> (-17 for losing)\n|raw|We_Love_The_Gong's rating: 1409 → 1426<\/strong> (+17 for winning)\n|l|\u2606Damayr\n|c|\u2606We_Love_The_Gong|gg\n","uploadtime":1682848395,"views":14,"p1id":"damayr","p2id":"welovethegong","formatid":"gen9vgc2023regulationc","rating":1336,"private":0,"password":""}