{"id":"gen9vgc2023regulationc-1847578729","p1":"leoroop","p2":"bobby0616","format":"[Gen 9] VGC 2023 Regulation C","log":"|j|\u2606leoroop\n|j|\u2606bobby0616\n|t:|1681976598\n|gametype|doubles\n|player|p1|leoroop|backpacker|1357\n|player|p2|bobby0616|preschooler|1415\n|teamsize|p1|6\n|teamsize|p2|6\n|gen|9\n|tier|[Gen 9] VGC 2023 Regulation C\n|rated|\n|rule|Species Clause: Limit one of each Pok\u00e9mon\n|rule|Item Clause: Limit one of each item\n|clearpoke\n|poke|p1|Indeedee-F, L50, F|\n|poke|p1|Hawlucha, L50, M|\n|poke|p1|Flutter Mane, L50|\n|poke|p1|Arcanine, L50, F|\n|poke|p1|Sandy Shocks, L50|\n|poke|p1|Tyranitar, L50, M|\n|poke|p2|Palafin, L50, M|\n|poke|p2|Flutter Mane, L50|\n|poke|p2|Arcanine, L50, M|\n|poke|p2|Amoonguss, L50, F|\n|poke|p2|Ting-Lu, L50|\n|poke|p2|Kingambit, L50, M|\n|teampreview|4\n|\n|t:|1681976665\n|start\n|switch|p1a: Sandy Shocks|Sandy Shocks, L50|100\/100\n|switch|p1b: Indeedee|Indeedee-F, L50, F|100\/100\n|switch|p2a: Palafin|Palafin, L50, M|100\/100\n|switch|p2b: Arcanine|Arcanine, L50, M|100\/100\n|-ability|p2b: Arcanine|Intimidate|boost\n|-unboost|p1a: Sandy Shocks|atk|1\n|-unboost|p1b: Indeedee|atk|1\n|-fieldstart|move: Psychic Terrain|[from] ability: Psychic Surge|[of] p1b: Indeedee\n|turn|1\n|\n|t:|1681976686\n|detailschange|p2a: Palafin|Palafin-Hero, L50, M\n|switch|p2a: Ting-Lu|Ting-Lu, L50|100\/100\n|-ability|p2a: Ting-Lu|Vessel of Ruin\n|move|p2b: Arcanine|Protect|p2b: Arcanine\n|-singleturn|p2b: Arcanine|Protect\n|move|p1b: Indeedee|Follow Me|p1b: Indeedee\n|-singleturn|p1b: Indeedee|move: Follow Me\n|move|p1a: Sandy Shocks|Earth Power|p2b: Arcanine\n|-activate|p2b: Arcanine|move: Protect\n|\n|upkeep\n|turn|2\n|\n|t:|1681976715\n|-end|p1a: Sandy Shocks|Protosynthesis|[silent]\n|switch|p1a: Hawlucha|Hawlucha, L50, M|100\/100\n|-enditem|p1a: Hawlucha|Psychic Seed\n|-boost|p1a: Hawlucha|spd|1|[from] item: Psychic Seed\n|switch|p2b: Amoonguss|Amoonguss, L50, F|100\/100\n|move|p1b: Indeedee|Protect|p1b: Indeedee\n|-singleturn|p1b: Indeedee|Protect\n|move|p2a: Ting-Lu|Rock Slide|p1b: Indeedee|[spread] p1a\n|-activate|p1b: Indeedee|move: Protect\n|-damage|p1a: Hawlucha|74\/100\n|\n|upkeep\n|turn|3\n|\n|t:|1681976757\n|switch|p2a: Arcanine|Arcanine, L50, M|100\/100\n|-ability|p2a: Arcanine|Intimidate|boost\n|-unboost|p1a: Hawlucha|atk|1\n|-unboost|p1b: Indeedee|atk|1\n|move|p1b: Indeedee|Follow Me|p1b: Indeedee\n|-singleturn|p1b: Indeedee|move: Follow Me\n|move|p1a: Hawlucha|Swords Dance|p1a: Hawlucha\n|-boost|p1a: Hawlucha|atk|2\n|move|p2b: Amoonguss|Spore|p1b: Indeedee\n|-activate|p1b: Indeedee|item: Safety Goggles|Spore\n|\n|upkeep\n|turn|4\n|\n|t:|1681976779\n|switch|p2a: Ting-Lu|Ting-Lu, L50|100\/100\n|-ability|p2a: Ting-Lu|Vessel of Ruin\n|move|p1b: Indeedee|Follow Me|p1b: Indeedee\n|-singleturn|p1b: Indeedee|move: Follow Me\n|move|p1a: Hawlucha|Swords Dance|p1a: Hawlucha\n|-boost|p1a: Hawlucha|atk|2\n|move|p2b: Amoonguss|Pollen Puff|p1b: Indeedee\n|-supereffective|p1b: Indeedee\n|-damage|p1b: Indeedee|75\/100\n|\n|upkeep\n|turn|5\n|l|\u2606bobby0616\n|player|p2|\n|j|\u2606bobby0616\n|player|p2|bobby0616|preschooler\n|\n|t:|1681976810\n|-terastallize|p2a: Ting-Lu|Poison\n|move|p1b: Indeedee|Protect|p1b: Indeedee\n|-singleturn|p1b: Indeedee|Protect\n|move|p2b: Amoonguss|Protect|p2b: Amoonguss\n|-singleturn|p2b: Amoonguss|Protect\n|move|p1a: Hawlucha|Acrobatics|p2b: Amoonguss\n|-activate|p2b: Amoonguss|move: Protect\n|move|p2a: Ting-Lu|Rock Slide|p1b: Indeedee|[spread] p1a\n|-activate|p1b: Indeedee|move: Protect\n|-damage|p1a: Hawlucha|48\/100\n|\n|-fieldend|move: Psychic Terrain\n|upkeep\n|turn|6\n|\n|t:|1681976841\n|switch|p2b: Arcanine|Arcanine, L50, M|100\/100\n|-ability|p2b: Arcanine|Intimidate|boost\n|-unboost|p1a: Hawlucha|atk|1\n|-unboost|p1b: Indeedee|atk|1\n|move|p1a: Hawlucha|Protect|p1a: Hawlucha\n|-singleturn|p1a: Hawlucha|Protect\n|move|p1b: Indeedee|Psychic|p2b: Arcanine\n|-damage|p2b: Arcanine|76\/100\n|move|p2a: Ting-Lu|Rock Slide|p1b: Indeedee|[spread] p1b\n|-activate|p1a: Hawlucha|move: Protect\n|-damage|p1b: Indeedee|56\/100\n|\n|upkeep\n|turn|7\n|inactive|Battle timer is ON: inactive players will automatically lose when time's up. (requested by bobby0616)\n|\n|t:|1681976887\n|move|p2b: Arcanine|Protect|p2b: Arcanine\n|-singleturn|p2b: Arcanine|Protect\n|move|p1b: Indeedee|Follow Me|p1b: Indeedee\n|-singleturn|p1b: Indeedee|move: Follow Me\n|move|p1a: Hawlucha|Acrobatics|p2a: Ting-Lu\n|-damage|p2a: Ting-Lu|33\/100\n|move|p2a: Ting-Lu|Rock Slide|p1b: Indeedee|[spread] p1a,p1b\n|-damage|p1a: Hawlucha|20\/100\n|-damage|p1b: Indeedee|39\/100\n|\n|upkeep\n|turn|8\n|\n|t:|1681976909\n|switch|p1b: Sandy Shocks|Sandy Shocks, L50|100\/100\n|move|p1a: Hawlucha|Protect|p1a: Hawlucha\n|-singleturn|p1a: Hawlucha|Protect\n|move|p2b: Arcanine|Flare Blitz|p1a: Hawlucha\n|-activate|p1a: Hawlucha|move: Protect\n|move|p2a: Ting-Lu|Rock Slide|p1b: Sandy Shocks|[spread] p1b\n|-activate|p1a: Hawlucha|move: Protect\n|-resisted|p1b: Sandy Shocks\n|-damage|p1b: Sandy Shocks|90\/100\n|\n|upkeep\n|turn|9\n|inactive|leoroop has 30 seconds left.\n|\n|t:|1681976939\n|-end|p1b: Sandy Shocks|Protosynthesis|[silent]\n|switch|p1b: Indeedee|Indeedee-F, L50, F|39\/100\n|-fieldstart|move: Psychic Terrain|[from] ability: Psychic Surge|[of] p1b: Indeedee\n|switch|p2a: Amoonguss|Amoonguss, L50, F|100\/100\n|-terastallize|p1a: Hawlucha|Fire\n|move|p2b: Arcanine|Extreme Speed|p1a: Hawlucha\n|-activate|p1a: Hawlucha|move: Psychic Terrain\n|move|p1a: Hawlucha|Acrobatics|p2a: Amoonguss\n|-supereffective|p2a: Amoonguss\n|-damage|p2a: Amoonguss|0 fnt\n|-damage|p1a: Hawlucha|4\/100|[from] item: Rocky Helmet|[of] p2a: Amoonguss\n|faint|p2a: Amoonguss\n|\n|upkeep\n|-message|bobby0616 forfeited.\n|\n|win|leoroop\n|raw|leoroop's rating: 1357 → 1380<\/strong> (+23 for winning)\n|raw|bobby0616's rating: 1415 → 1392<\/strong> (-23 for losing)\n|l|\u2606bobby0616\n","uploadtime":1681976959,"views":9,"p1id":"leoroop","p2id":"bobby0616","formatid":"gen9vgc2023regulationc","rating":1380,"private":0,"password":""}