{"id":"gen9vgc2023regulationc-1856310937","p1":"haha you rage quit","p2":"Cordero26","format":"[Gen 9] VGC 2023 Regulation C","log":"|j|\u2606haha you rage quit\n|j|\u2606Cordero26\n|t:|1683049781\n|gametype|doubles\n|player|p1|haha you rage quit|pokemaniac|1160\n|player|p2|Cordero26|nate|1098\n|teamsize|p1|6\n|teamsize|p2|6\n|gen|9\n|tier|[Gen 9] VGC 2023 Regulation C\n|rated|\n|rule|Species Clause: Limit one of each Pok\u00e9mon\n|rule|Item Clause: Limit one of each item\n|clearpoke\n|poke|p1|Torkoal, L50, M|\n|poke|p1|Annihilape, L50, M|\n|poke|p1|Kingambit, L50, M|\n|poke|p1|Hatterene, L50, F|\n|poke|p1|Indeedee-F, L50, F|\n|poke|p1|Armarouge, L50, M|\n|poke|p2|Volcarona, L50, M|\n|poke|p2|Torkoal, L50, M|\n|poke|p2|Roaring Moon, L50|\n|poke|p2|Great Tusk, L50|\n|poke|p2|Flutter Mane, L50|\n|poke|p2|Scream Tail, L50|\n|teampreview|4\n|inactive|Battle timer is ON: inactive players will automatically lose when time's up. (requested by Cordero26)\n|\n|t:|1683049815\n|start\n|switch|p1a: Indeedee|Indeedee-F, L50, F, shiny|100\/100\n|switch|p1b: Armarouge|Armarouge, L50, M|100\/100\n|switch|p2a: Torkoal|Torkoal, L50, M|100\/100\n|switch|p2b: Volcarona|Volcarona, L50, M, shiny|100\/100\n|-fieldstart|move: Psychic Terrain|[from] ability: Psychic Surge|[of] p1a: Indeedee\n|-enditem|p1a: Indeedee|Psychic Seed\n|-boost|p1a: Indeedee|spd|1|[from] item: Psychic Seed\n|-weather|SunnyDay|[from] ability: Drought|[of] p2a: Torkoal\n|turn|1\n|inactive|Cordero26 has 30 seconds left.\n|inactive|Cordero26 has 20 seconds left.\n|inactive|Cordero26 has 15 seconds left.\n|inactive|Cordero26 has 10 seconds left.\n|\n|t:|1683049867\n|move|p1b: Armarouge|Wide Guard|p1b: Armarouge\n|-singleturn|p1b: Armarouge|Wide Guard\n|move|p2b: Volcarona|Struggle Bug|p1b: Armarouge|[spread] \n|-activate|p1a: Indeedee|move: Wide Guard\n|-activate|p1b: Armarouge|move: Wide Guard\n|move|p2a: Torkoal|Clear Smog|p1a: Indeedee\n|-damage|p1a: Indeedee|93\/100\n|-clearboost|p1a: Indeedee\n|move|p1a: Indeedee|Trick Room|p1a: Indeedee\n|-fieldstart|move: Trick Room|[of] p1a: Indeedee\n|\n|-weather|SunnyDay|[upkeep]\n|upkeep\n|turn|2\n|inactive|Cordero26 has 30 seconds left.\n|inactive|Cordero26 has 20 seconds left.\n|\n|t:|1683049903\n|move|p1a: Indeedee|Helping Hand|p1b: Armarouge\n|-singleturn|p1b: Armarouge|Helping Hand|[of] p1a: Indeedee\n|move|p2b: Volcarona|Rage Powder|p2b: Volcarona\n|-singleturn|p2b: Volcarona|move: Rage Powder\n|move|p2a: Torkoal|Eruption|p1b: Armarouge|[spread] p1a\n|-start|p1b: Armarouge|ability: Flash Fire\n|-damage|p1a: Indeedee|39\/100\n|move|p1b: Armarouge|Expanding Force|p2b: Volcarona|[spread] p2a,p2b\n|-damage|p2a: Torkoal|8\/100\n|-damage|p2b: Volcarona|5\/100\n|\n|-weather|SunnyDay|[upkeep]\n|upkeep\n|turn|3\n|\n|t:|1683049924\n|move|p1a: Indeedee|Helping Hand|p1b: Armarouge\n|-singleturn|p1b: Armarouge|Helping Hand|[of] p1a: Indeedee\n|move|p2a: Torkoal|Flamethrower|p1a: Indeedee\n|-damage|p1a: Indeedee|0 fnt\n|faint|p1a: Indeedee\n|move|p1b: Armarouge|Expanding Force|p2b: Volcarona|[spread] p2a,p2b\n|-damage|p2a: Torkoal|0 fnt\n|-damage|p2b: Volcarona|0 fnt\n|faint|p2a: Torkoal\n|faint|p2b: Volcarona\n|\n|-weather|SunnyDay|[upkeep]\n|upkeep\n|\n|t:|1683049941\n|switch|p2a: Flutter Mane|Flutter Mane, L50|100\/100\n|switch|p1a: Kingambit|Kingambit, L50, M, shiny|100\/100\n|switch|p2b: Great Tusk|Great Tusk, L50|100\/100\n|-activate|p2b: Great Tusk|ability: Protosynthesis\n|-start|p2b: Great Tusk|protosynthesisatk\n|-activate|p2a: Flutter Mane|ability: Protosynthesis\n|-start|p2a: Flutter Mane|protosynthesisspa\n|turn|4\n|\n|t:|1683049964\n|-terastallize|p2b: Great Tusk|Water\n|move|p2a: Flutter Mane|Protect|p2a: Flutter Mane\n|-singleturn|p2a: Flutter Mane|Protect\n|move|p1a: Kingambit|Kowtow Cleave|p2b: Great Tusk\n|-damage|p2b: Great Tusk|64\/100\n|move|p1b: Armarouge|Expanding Force|p2b: Great Tusk|[spread] p2b\n|-activate|p2a: Flutter Mane|move: Protect\n|-crit|p2b: Great Tusk\n|-damage|p2b: Great Tusk|0 fnt\n|faint|p2b: Great Tusk\n|-end|p2b: Great Tusk|Protosynthesis|[silent]\n|\n|-weather|SunnyDay|[upkeep]\n|upkeep\n|turn|5\n|-message|Cordero26 forfeited.\n|\n|win|haha you rage quit\n|raw|haha you rage quit's rating: 1160 → 1181<\/strong> (+21 for winning)\n|raw|Cordero26's rating: 1098 → 1078<\/strong> (-20 for losing)\n|l|\u2606Cordero26\n","uploadtime":1683050003,"views":15,"p1id":"hahayouragequit","p2id":"cordero26","formatid":"gen9vgc2023regulationc","rating":1078,"private":0,"password":""}