{"id":"gen9vgc2023regulationc-1845904139","p1":"JarelXD","p2":"Sk1tt3n","format":"[Gen 9] VGC 2023 Regulation C","log":"|j|\u2606JarelXD\n|j|\u2606Sk1tt3n\n|t:|1681777513\n|gametype|doubles\n|player|p1|JarelXD|riley|1174\n|player|p2|Sk1tt3n|hexmaniac-gen6|1204\n|teamsize|p1|6\n|teamsize|p2|6\n|gen|9\n|tier|[Gen 9] VGC 2023 Regulation C\n|rated|\n|rule|Species Clause: Limit one of each Pok\u00e9mon\n|rule|Item Clause: Limit one of each item\n|clearpoke\n|poke|p1|Tauros-Paldea-Blaze, L50, M|\n|poke|p1|Ting-Lu, L50|\n|poke|p1|Mimikyu, L50, F|\n|poke|p1|Amoonguss, L50, F|\n|poke|p1|Iron Bundle, L50|\n|poke|p1|Garganacl, L50, M|\n|poke|p2|Iron Hands, L50|\n|poke|p2|Bronzong, L50|\n|poke|p2|Arboliva, L50, F|\n|poke|p2|Farigiraf, L50, M|\n|poke|p2|Flutter Mane, L50|\n|poke|p2|Ting-Lu, L50|\n|teampreview|4\n|inactive|Battle timer is ON: inactive players will automatically lose when time's up. (requested by JarelXD)\n|\n|t:|1681777581\n|start\n|switch|p1a: Garganacl|Garganacl, L50, M|100\/100\n|switch|p1b: Mimikyu|Mimikyu, L50, F, shiny|100\/100\n|switch|p2a: Bronzong|Bronzong, L50|100\/100\n|switch|p2b: Arboliva|Arboliva, L50, F|100\/100\n|turn|1\n|\n|t:|1681777599\n|switch|p1b: Ting-Lu|Ting-Lu, L50|100\/100\n|-ability|p1b: Ting-Lu|Vessel of Ruin\n|move|p2b: Arboliva|Protect|p2b: Arboliva\n|-singleturn|p2b: Arboliva|Protect\n|move|p1a: Garganacl|Salt Cure|p2a: Bronzong\n|-resisted|p2a: Bronzong\n|-damage|p2a: Bronzong|95\/100\n|-start|p2a: Bronzong|Salt Cure\n|move|p2a: Bronzong|Trick Room|p2a: Bronzong\n|-fieldstart|move: Trick Room|[of] p2a: Bronzong\n|\n|-damage|p2a: Bronzong|70\/100|[from] Salt Cure\n|upkeep\n|turn|2\n|\n|t:|1681777613\n|switch|p1b: Amoonguss|Amoonguss, L50, F, shiny|100\/100\n|move|p2a: Bronzong|Reflect|p2a: Bronzong\n|-sidestart|p2: Sk1tt3n|Reflect\n|move|p1a: Garganacl|Salt Cure|p2b: Arboliva\n|-damage|p2b: Arboliva|90\/100\n|-start|p2b: Arboliva|Salt Cure\n|move|p2b: Arboliva|Energy Ball|p1b: Amoonguss\n|-resisted|p1b: Amoonguss\n|-damage|p1b: Amoonguss|90\/100\n|\n|-damage|p2a: Bronzong|45\/100|[from] Salt Cure\n|-damage|p2b: Arboliva|78\/100|[from] Salt Cure\n|upkeep\n|turn|3\n|inactive|Sk1tt3n has 30 seconds left.\n|\n|t:|1681777642\n|move|p1a: Garganacl|Protect|p1a: Garganacl\n|-singleturn|p1a: Garganacl|Protect\n|move|p2a: Bronzong|Safeguard|p2a: Bronzong\n|-sidestart|p2: Sk1tt3n|Safeguard\n|move|p1b: Amoonguss|Spore|p2a: Bronzong\n|-activate|p2a: Bronzong|item: Safety Goggles|Spore\n|move|p2b: Arboliva|Energy Ball|p1a: Garganacl\n|-activate|p1a: Garganacl|move: Protect\n|\n|-damage|p2a: Bronzong|21\/100|[from] Salt Cure\n|-damage|p2b: Arboliva|65\/100|[from] Salt Cure\n|upkeep\n|turn|4\n|\n|t:|1681777656\n|switch|p2a: Iron Hands|Iron Hands, L50|100\/100\n|switch|p1a: Ting-Lu|Ting-Lu, L50|100\/100\n|-ability|p1a: Ting-Lu|Vessel of Ruin\n|move|p1b: Amoonguss|Pollen Puff|p1a: Ting-Lu\n|-immune|p1a: Ting-Lu\n|move|p2b: Arboliva|Energy Ball|p1a: Ting-Lu\n|-supereffective|p1a: Ting-Lu\n|-damage|p1a: Ting-Lu|66\/100\n|\n|-damage|p2b: Arboliva|53\/100|[from] Salt Cure\n|upkeep\n|turn|5\n|\n|t:|1681777672\n|switch|p2b: Bronzong|Bronzong, L50|21\/100\n|-terastallize|p2a: Iron Hands|Grass\n|move|p1b: Amoonguss|Pollen Puff|p1a: Ting-Lu\n|-heal|p1a: Ting-Lu|100\/100\n|move|p1a: Ting-Lu|Ruination|p2a: Iron Hands\n|-damage|p2a: Iron Hands|50\/100\n|move|p2a: Iron Hands|Swords Dance|p2a: Iron Hands\n|-boost|p2a: Iron Hands|atk|2\n|\n|-heal|p2a: Iron Hands|57\/100|[from] item: Leftovers\n|-fieldend|move: Trick Room\n|upkeep\n|turn|6\n|\n|t:|1681777685\n|move|p2a: Iron Hands|Drain Punch|p1a: Ting-Lu\n|-supereffective|p1a: Ting-Lu\n|-crit|p1a: Ting-Lu\n|-damage|p1a: Ting-Lu|0 fnt\n|-heal|p2a: Iron Hands|100\/100|[from] drain|[of] p1a: Ting-Lu\n|faint|p1a: Ting-Lu\n|move|p1b: Amoonguss|Pollen Puff|p2a: Iron Hands\n|-supereffective|p2a: Iron Hands\n|-damage|p2a: Iron Hands|71\/100\n|move|p2b: Bronzong|Trick Room|p2b: Bronzong\n|-fieldstart|move: Trick Room|[of] p2b: Bronzong\n|\n|-heal|p2a: Iron Hands|77\/100|[from] item: Leftovers\n|-sideend|p2: Sk1tt3n|Reflect\n|upkeep\n|-message|JarelXD forfeited.\n|\n|win|Sk1tt3n\n|raw|JarelXD's rating: 1174 → 1151<\/strong> (-23 for losing)\n|raw|Sk1tt3n's rating: 1204 → 1227<\/strong> (+23 for winning)\n|l|\u2606JarelXD\n","uploadtime":1681777695,"views":13,"p1id":"jarelxd","p2id":"sk1tt3n","formatid":"gen9vgc2023regulationc","rating":1151,"private":0,"password":""}