{"id":"gen9vgc2023regulationc-1856613699","p1":"xteddy","p2":"RonJohn","format":"[Gen 9] VGC 2023 Regulation C","log":"|j|\u2606xteddy\n|j|\u2606RonJohn\n|t:|1683082610\n|gametype|doubles\n|player|p1|xteddy|266|1042\n|player|p2|RonJohn|102|1136\n|teamsize|p1|6\n|teamsize|p2|6\n|gen|9\n|tier|[Gen 9] VGC 2023 Regulation C\n|rated|\n|rule|Species Clause: Limit one of each Pok\u00e9mon\n|rule|Item Clause: Limit one of each item\n|clearpoke\n|poke|p1|Heracross, L50, M|\n|poke|p1|Amoonguss, L50, F|\n|poke|p1|Ursaring, L50, M|\n|poke|p1|Altaria, L50, F|\n|poke|p1|Banette, L50, M|\n|poke|p1|Basculin, L50, M|\n|poke|p2|Amoonguss, L50, F|\n|poke|p2|Flutter Mane, L50|\n|poke|p2|Gyarados, L50, F|\n|poke|p2|Dragonite, L50, M|\n|poke|p2|Ting-Lu, L50|\n|poke|p2|Rotom-Wash, L50|\n|teampreview|4\n|inactive|Battle timer is ON: inactive players will automatically lose when time's up. (requested by xteddy)\n|\n|t:|1683082632\n|start\n|switch|p1a: Heracross|Heracross, L50, M|100\/100\n|switch|p1b: Amoonguss|Amoonguss, L50, F|100\/100\n|switch|p2a: Gyarados|Gyarados, L50, F|100\/100\n|switch|p2b: Ting-Lu|Ting-Lu, L50|100\/100\n|-ability|p2a: Gyarados|Intimidate|boost\n|-unboost|p1a: Heracross|atk|1\n|-unboost|p1b: Amoonguss|atk|1\n|-ability|p2b: Ting-Lu|Vessel of Ruin\n|turn|1\n|inactive|RonJohn has 30 seconds left.\n|inactive|RonJohn has 20 seconds left.\n|\n|t:|1683082672\n|-terastallize|p2a: Gyarados|Water\n|move|p1a: Heracross|Trailblaze|p2a: Gyarados\n|-supereffective|p2a: Gyarados\n|-damage|p2a: Gyarados|74\/100\n|-boost|p1a: Heracross|spe|1\n|move|p1b: Amoonguss|Spore|p2b: Ting-Lu\n|-status|p2b: Ting-Lu|slp|[from] move: Spore\n|move|p2a: Gyarados|Ice Fang|p1b: Amoonguss\n|-supereffective|p1b: Amoonguss\n|-damage|p1b: Amoonguss|56\/100\n|cant|p2b: Ting-Lu|slp\n|\n|-status|p1a: Heracross|brn|[from] item: Flame Orb\n|upkeep\n|turn|2\n|inactive|xteddy has 30 seconds left.\n|inactive|RonJohn has 30 seconds left.\n|\n|t:|1683082698\n|-terastallize|p1a: Heracross|Normal\n|move|p1a: Heracross|Facade|p2b: Ting-Lu\n|-damage|p2b: Ting-Lu|55\/100 slp\n|move|p1b: Amoonguss|Spore|p2a: Gyarados\n|-status|p2a: Gyarados|slp|[from] move: Spore\n|cant|p2a: Gyarados|slp\n|cant|p2b: Ting-Lu|slp\n|\n|-damage|p1a: Heracross|95\/100 brn|[from] brn\n|upkeep\n|turn|3\n|inactive|RonJohn has 30 seconds left.\n|inactive|xteddy has 30 seconds left.\n|\n|t:|1683082734\n|switch|p1b: Banette|Banette, L50, M|100\/100\n|move|p1a: Heracross|Facade|p2a: Gyarados\n|-damage|p2a: Gyarados|0 fnt\n|faint|p2a: Gyarados\n|cant|p2b: Ting-Lu|slp\n|\n|-damage|p1a: Heracross|89\/100 brn|[from] brn\n|upkeep\n|\n|t:|1683082745\n|switch|p2a: Dragonite|Dragonite, L50, M|100\/100\n|turn|4\n|\n|t:|1683082768\n|move|p1a: Heracross|Protect|p1a: Heracross\n|-singleturn|p1a: Heracross|Protect\n|move|p2a: Dragonite|Outrage|p1b: Banette\n|-damage|p1b: Banette|0 fnt\n|faint|p1b: Banette\n|-curestatus|p2b: Ting-Lu|slp|[msg]\n|move|p2b: Ting-Lu|Earthquake|p1a: Heracross|[spread] \n|-activate|p1a: Heracross|move: Protect\n|-immune|p2a: Dragonite\n|\n|-damage|p1a: Heracross|83\/100 brn|[from] brn\n|upkeep\n|\n|t:|1683082780\n|switch|p1b: Amoonguss|Amoonguss, L50, F|89\/100\n|turn|5\n|\n|t:|1683082796\n|move|p1a: Heracross|Close Combat|p2b: Ting-Lu\n|-supereffective|p2b: Ting-Lu\n|-damage|p2b: Ting-Lu|0 fnt\n|-unboost|p1a: Heracross|def|1\n|-unboost|p1a: Heracross|spd|1\n|faint|p2b: Ting-Lu\n|move|p1b: Amoonguss|Spore|p2a: Dragonite\n|-status|p2a: Dragonite|slp|[from] move: Spore\n|-enditem|p2a: Dragonite|Lum Berry|[eat]\n|-curestatus|p2a: Dragonite|slp|[msg]\n|move|p2a: Dragonite|Outrage|p1b: Amoonguss|[from]lockedmove\n|-damage|p1b: Amoonguss|18\/100\n|-start|p2a: Dragonite|confusion|[fatigue]\n|\n|-damage|p1a: Heracross|77\/100 brn|[from] brn\n|upkeep\n|\n|t:|1683082811\n|switch|p2b: Rotom|Rotom-Wash, L50|100\/100\n|turn|6\n|\n|t:|1683082825\n|move|p1a: Heracross|Protect|p1a: Heracross\n|-singleturn|p1a: Heracross|Protect\n|-activate|p2a: Dragonite|confusion\n|-damage|p2a: Dragonite|85\/100|[from] confusion\n|move|p1b: Amoonguss|Spore|p2a: Dragonite\n|-status|p2a: Dragonite|slp|[from] move: Spore\n|move|p2b: Rotom|Will-O-Wisp|p1b: Amoonguss\n|-status|p1b: Amoonguss|brn\n|\n|-damage|p1a: Heracross|71\/100 brn|[from] brn\n|-damage|p1b: Amoonguss|12\/100 brn|[from] brn\n|upkeep\n|turn|7\n|inactive|RonJohn has 30 seconds left.\n|\n|t:|1683082853\n|move|p1a: Heracross|Facade|p2a: Dragonite\n|-damage|p2a: Dragonite|10\/100 slp\n|move|p1b: Amoonguss|Spore|p2b: Rotom\n|-status|p2b: Rotom|slp|[from] move: Spore\n|cant|p2a: Dragonite|slp\n|cant|p2b: Rotom|slp\n|\n|-damage|p1a: Heracross|66\/100 brn|[from] brn\n|-damage|p1b: Amoonguss|6\/100 brn|[from] brn\n|upkeep\n|turn|8\n|\n|t:|1683082876\n|switch|p1b: Ursaring|Ursaring, L50, M|100\/100\n|move|p1a: Heracross|Facade|p2a: Dragonite\n|-damage|p2a: Dragonite|0 fnt\n|faint|p2a: Dragonite\n|-curestatus|p2b: Rotom|slp|[msg]\n|move|p2b: Rotom|Thunder|p1a: Heracross\n|-crit|p1a: Heracross\n|-damage|p1a: Heracross|0 fnt\n|faint|p1a: Heracross\n|\n|upkeep\n|\n|t:|1683082887\n|switch|p1a: Amoonguss|Amoonguss, L50, F|39\/100 brn\n|turn|9\n|\n|t:|1683082899\n|move|p1a: Amoonguss|Spore|p2b: Rotom\n|-status|p2b: Rotom|slp|[from] move: Spore\n|cant|p2b: Rotom|slp\n|move|p1b: Ursaring|Bulk Up|p1b: Ursaring\n|-boost|p1b: Ursaring|atk|1\n|-boost|p1b: Ursaring|def|1\n|\n|-damage|p1a: Amoonguss|33\/100 brn|[from] brn\n|upkeep\n|turn|10\n|\n|t:|1683082910\n|move|p1a: Amoonguss|Spore|p1b: Ursaring\n|-status|p1b: Ursaring|slp|[from] move: Spore\n|cant|p2b: Rotom|slp\n|cant|p1b: Ursaring|slp\n|move|p1b: Ursaring|Sleep Talk|p1b: Ursaring\n|move|p1b: Ursaring|Crunch|p2b: Rotom|[from]move: Sleep Talk\n|-damage|p2b: Rotom|56\/100 slp\n|\n|-damage|p1a: Amoonguss|27\/100 brn|[from] brn\n|upkeep\n|turn|11\n|\n|t:|1683082923\n|move|p1a: Amoonguss|Spore|p2b: Rotom\n|-fail|p2b: Rotom|slp\n|-curestatus|p2b: Rotom|slp|[msg]\n|move|p2b: Rotom|Thunder|p1a: Amoonguss|[miss]\n|-miss|p2b: Rotom|p1a: Amoonguss\n|cant|p1b: Ursaring|slp\n|move|p1b: Ursaring|Sleep Talk|p1b: Ursaring\n|move|p1b: Ursaring|Bulk Up|p1b: Ursaring|[from]move: Sleep Talk\n|-boost|p1b: Ursaring|atk|1\n|-boost|p1b: Ursaring|def|1\n|\n|-damage|p1a: Amoonguss|21\/100 brn|[from] brn\n|upkeep\n|turn|12\n|\n|t:|1683082945\n|move|p1a: Amoonguss|Spore|p2b: Rotom\n|-status|p2b: Rotom|slp|[from] move: Spore\n|cant|p2b: Rotom|slp\n|-curestatus|p1b: Ursaring|slp|[msg]\n|move|p1b: Ursaring|Sleep Talk||[still]\n|-fail|p1b: Ursaring\n|\n|-damage|p1a: Amoonguss|15\/100 brn|[from] brn\n|upkeep\n|turn|13\n|\n|t:|1683082959\n|move|p1a: Amoonguss|Spore|p1b: Ursaring\n|-status|p1b: Ursaring|slp|[from] move: Spore\n|cant|p2b: Rotom|slp\n|cant|p1b: Ursaring|slp\n|move|p1b: Ursaring|Sleep Talk|p1b: Ursaring\n|move|p1b: Ursaring|Rest||[from]move: Sleep Talk|[still]\n|-fail|p1b: Ursaring\n|\n|-damage|p1a: Amoonguss|9\/100 brn|[from] brn\n|upkeep\n|turn|14\n|\n|t:|1683082976\n|move|p1a: Amoonguss|Spore|p2b: Rotom\n|-fail|p2b: Rotom|slp\n|-curestatus|p2b: Rotom|slp|[msg]\n|move|p2b: Rotom|Thunder|p1b: Ursaring\n|-damage|p1b: Ursaring|77\/100 slp\n|-curestatus|p1b: Ursaring|slp|[msg]\n|move|p1b: Ursaring|Sleep Talk||[still]\n|-fail|p1b: Ursaring\n|\n|-damage|p1a: Amoonguss|2\/100 brn|[from] brn\n|upkeep\n|turn|15\n|\n|t:|1683082992\n|move|p1a: Amoonguss|Spore|p2b: Rotom\n|-status|p2b: Rotom|slp|[from] move: Spore\n|cant|p2b: Rotom|slp\n|move|p1b: Ursaring|Crunch|p2b: Rotom\n|-damage|p2b: Rotom|13\/100 slp\n|-enditem|p2b: Rotom|Sitrus Berry|[eat]\n|-heal|p2b: Rotom|38\/100 slp|[from] item: Sitrus Berry\n|\n|-damage|p1a: Amoonguss|0 fnt|[from] brn\n|faint|p1a: Amoonguss\n|upkeep\n|turn|16\n|\n|t:|1683083006\n|-curestatus|p2b: Rotom|slp|[msg]\n|move|p2b: Rotom|Hydro Pump|p1b: Ursaring\n|-damage|p1b: Ursaring|56\/100\n|move|p1b: Ursaring|Crunch|p2b: Rotom\n|-damage|p2b: Rotom|0 fnt\n|faint|p2b: Rotom\n|\n|win|xteddy\n|raw|xteddy's rating: 1042 → 1085<\/strong> (+43 for winning)\n|raw|RonJohn's rating: 1136 → 1104<\/strong> (-32 for losing)\n|l|\u2606xteddy\n","uploadtime":1683083034,"views":7,"p1id":"xteddy","p2id":"ronjohn","formatid":"gen9vgc2023regulationc","rating":1085,"private":0,"password":""}