{"id":"gen9vgc2023regulationc-1845770101","p1":"Tuxmux","p2":"Brierre","format":"[Gen 9] VGC 2023 Regulation C","log":"|j|\u2606Tuxmux\n|j|\u2606Brierre\n|t:|1681762910\n|gametype|doubles\n|player|p1|Tuxmux|dawn-masters3|1092\n|player|p2|Brierre|backpacker|1122\n|teamsize|p1|6\n|teamsize|p2|6\n|gen|9\n|tier|[Gen 9] VGC 2023 Regulation C\n|rated|\n|rule|Species Clause: Limit one of each Pok\u00e9mon\n|rule|Item Clause: Limit one of each item\n|clearpoke\n|poke|p1|Chi-Yu, L50|\n|poke|p1|Gholdengo, L50|\n|poke|p1|Hariyama, L50, F|\n|poke|p1|Talonflame, L50, M|\n|poke|p1|Meowscarada, L50, F|\n|poke|p1|Vivillon, L50, F|\n|poke|p2|Torkoal, L50, M|\n|poke|p2|Jumpluff, L50, F|\n|poke|p2|Flutter Mane, L50|\n|poke|p2|Great Tusk, L50|\n|poke|p2|Chien-Pao, L50|\n|poke|p2|Kingambit, L50, F|\n|teampreview|4\n|inactive|Battle timer is ON: inactive players will automatically lose when time's up. (requested by Brierre)\n|\n|t:|1681762939\n|start\n|switch|p1a: Meowscarada|Meowscarada, L50, F|100\/100\n|switch|p1b: Vivillon|Vivillon, L50, F|100\/100\n|switch|p2a: Torkoal|Torkoal, L50, M|100\/100\n|switch|p2b: Jumpluff|Jumpluff, L50, F|100\/100\n|-weather|SunnyDay|[from] ability: Drought|[of] p2a: Torkoal\n|turn|1\n|inactive|Tuxmux has 30 seconds left.\n|\n|t:|1681762965\n|move|p2b: Jumpluff|Sleep Powder|p1b: Vivillon\n|-status|p1b: Vivillon|slp|[from] move: Sleep Powder\n|move|p1a: Meowscarada|U-turn|p2a: Torkoal\n|-start|p1a: Meowscarada|typechange|Bug|[from] ability: Protean\n|-resisted|p2a: Torkoal\n|-damage|p2a: Torkoal|83\/100\n|\n|t:|1681762972\n|switch|p1a: Chi-Yu|Chi-Yu, L50|100\/100|[from] U-turn\n|-ability|p1a: Chi-Yu|Beads of Ruin\n|cant|p1b: Vivillon|slp\n|move|p2a: Torkoal|Overheat|p1a: Chi-Yu\n|-resisted|p1a: Chi-Yu\n|-damage|p1a: Chi-Yu|68\/100\n|-unboost|p2a: Torkoal|spa|2\n|-enditem|p2a: Torkoal|Eject Pack\n|\n|t:|1681762984\n|switch|p2a: Flutter Mane|Flutter Mane, L50|100\/100\n|-activate|p2a: Flutter Mane|ability: Protosynthesis\n|-start|p2a: Flutter Mane|protosynthesisspe\n|\n|-weather|SunnyDay|[upkeep]\n|upkeep\n|turn|2\n|\n|t:|1681762998\n|-terastallize|p1a: Chi-Yu|Fire\n|move|p2b: Jumpluff|Tailwind|p2b: Jumpluff\n|-sidestart|p2: Brierre|move: Tailwind\n|move|p2a: Flutter Mane|Moonblast|p1a: Chi-Yu\n|-resisted|p1a: Chi-Yu\n|-damage|p1a: Chi-Yu|27\/100\n|move|p1a: Chi-Yu|Heat Wave|p2a: Flutter Mane|[spread] p2a,p2b\n|-supereffective|p2b: Jumpluff\n|-damage|p2a: Flutter Mane|0 fnt\n|-damage|p2b: Jumpluff|0 fnt\n|faint|p2a: Flutter Mane\n|-end|p2a: Flutter Mane|Protosynthesis|[silent]\n|faint|p2b: Jumpluff\n|cant|p1b: Vivillon|slp\n|\n|-weather|SunnyDay|[upkeep]\n|upkeep\n|\n|t:|1681763014\n|switch|p2a: Chien-Pao|Chien-Pao, L50|100\/100\n|switch|p2b: Torkoal|Torkoal, L50, M|83\/100\n|-ability|p2a: Chien-Pao|Sword of Ruin\n|turn|3\n|\n|t:|1681763036\n|move|p1a: Chi-Yu|Protect|p1a: Chi-Yu\n|-singleturn|p1a: Chi-Yu|Protect\n|move|p2a: Chien-Pao|Sucker Punch||[still]\n|-fail|p2a: Chien-Pao\n|cant|p1b: Vivillon|slp\n|move|p2b: Torkoal|Overheat|p1b: Vivillon|[miss]\n|-miss|p2b: Torkoal|p1b: Vivillon\n|\n|-weather|SunnyDay|[upkeep]\n|upkeep\n|turn|4\n|\n|t:|1681763058\n|move|p2a: Chien-Pao|Protect|p2a: Chien-Pao\n|-singleturn|p2a: Chien-Pao|Protect\n|move|p1a: Chi-Yu|Protect|p1a: Chi-Yu\n|-singleturn|p1a: Chi-Yu|Protect\n|-curestatus|p1b: Vivillon|slp|[msg]\n|move|p1b: Vivillon|Tailwind|p1b: Vivillon\n|-sidestart|p1: Tuxmux|move: Tailwind\n|move|p2b: Torkoal|Overheat|p1b: Vivillon\n|-supereffective|p1b: Vivillon\n|-enditem|p1b: Vivillon|Focus Sash\n|-damage|p1b: Vivillon|1\/100\n|-unboost|p2b: Torkoal|spa|2\n|\n|-weather|SunnyDay|[upkeep]\n|upkeep\n|turn|5\n|inactive|Tuxmux has 30 seconds left.\n|\n|t:|1681763090\n|move|p2a: Chien-Pao|Sucker Punch|p1a: Chi-Yu\n|-damage|p1a: Chi-Yu|0 fnt\n|faint|p1a: Chi-Yu\n|move|p1b: Vivillon|Sleep Powder|p2b: Torkoal\n|-status|p2b: Torkoal|slp|[from] move: Sleep Powder\n|cant|p2b: Torkoal|slp\n|\n|-weather|none\n|-sideend|p2: Brierre|move: Tailwind\n|upkeep\n|\n|t:|1681763096\n|switch|p1a: Gholdengo|Gholdengo, L50|100\/100\n|turn|6\n|\n|t:|1681763106\n|move|p1a: Gholdengo|Protect|p1a: Gholdengo\n|-singleturn|p1a: Gholdengo|Protect\n|move|p2a: Chien-Pao|Protect|p2a: Chien-Pao\n|-singleturn|p2a: Chien-Pao|Protect\n|-curestatus|p2b: Torkoal|slp|[msg]\n|move|p2b: Torkoal|Protect|p2b: Torkoal\n|-singleturn|p2b: Torkoal|Protect\n|move|p1b: Vivillon|Sleep Powder|p2a: Chien-Pao\n|-activate|p2a: Chien-Pao|move: Protect\n|\n|upkeep\n|turn|7\n|inactive|Tuxmux has 30 seconds left.\n|\n|t:|1681763136\n|move|p2b: Torkoal|Helping Hand|p2a: Chien-Pao\n|-singleturn|p2a: Chien-Pao|Helping Hand|[of] p2b: Torkoal\n|move|p1a: Gholdengo|Protect||[still]\n|-fail|p1a: Gholdengo\n|move|p2a: Chien-Pao|Sucker Punch||[still]\n|-fail|p2a: Chien-Pao\n|move|p1b: Vivillon|Sleep Powder|p2a: Chien-Pao\n|-status|p2a: Chien-Pao|slp|[from] move: Sleep Powder\n|\n|-sideend|p1: Tuxmux|move: Tailwind\n|upkeep\n|turn|8\n|\n|t:|1681763160\n|cant|p2a: Chien-Pao|slp\n|move|p1b: Vivillon|Tailwind|p1b: Vivillon\n|-sidestart|p1: Tuxmux|move: Tailwind\n|move|p1a: Gholdengo|Make It Rain|p2b: Torkoal|[spread] p2a,p2b\n|-supereffective|p2a: Chien-Pao\n|-crit|p2a: Chien-Pao\n|-resisted|p2b: Torkoal\n|-enditem|p2a: Chien-Pao|Focus Sash\n|-damage|p2a: Chien-Pao|1\/100 slp\n|-damage|p2b: Torkoal|50\/100\n|-unboost|p1a: Gholdengo|spa|1\n|-damage|p1a: Gholdengo|91\/100|[from] item: Life Orb\n|move|p2b: Torkoal|Overheat|p1b: Vivillon\n|-supereffective|p1b: Vivillon\n|-damage|p1b: Vivillon|0 fnt\n|-unboost|p2b: Torkoal|spa|2\n|faint|p1b: Vivillon\n|\n|upkeep\n|\n|t:|1681763173\n|switch|p1b: Meowscarada|Meowscarada, L50, F|100\/100\n|turn|9\n|-message|Brierre forfeited.\n|\n|win|Tuxmux\n|raw|Tuxmux's rating: 1092 → 1120<\/strong> (+28 for winning)\n|raw|Brierre's rating: 1122 → 1095<\/strong> (-27 for losing)\n|l|\u2606Brierre\n","uploadtime":1681763182,"views":9,"p1id":"tuxmux","p2id":"brierre","formatid":"gen9vgc2023regulationc","rating":1095,"private":0,"password":""}