{"id":"gen9vgc2023regulationc-1847369523","p1":"Conia","p2":"Alexis_student","format":"[Gen 9] VGC 2023 Regulation C","log":"|j|\u2606Conia\n|j|\u2606Alexis_student\n|t:|1681943388\n|gametype|doubles\n|player|p1|Conia|n-masters2|1247\n|player|p2|Alexis_student|169|1256\n|teamsize|p1|6\n|teamsize|p2|6\n|gen|9\n|tier|[Gen 9] VGC 2023 Regulation C\n|rated|\n|rule|Species Clause: Limit one of each Pok\u00e9mon\n|rule|Item Clause: Limit one of each item\n|clearpoke\n|poke|p1|Florges, L50, F|\n|poke|p1|Annihilape, L50, F|\n|poke|p1|Corviknight, L50, F|\n|poke|p1|Chi-Yu, L50|\n|poke|p1|Glimmora, L50, M|\n|poke|p1|Indeedee-F, L50, F|\n|poke|p2|Amoonguss, L50, F|\n|poke|p2|Palafin, L50, F|\n|poke|p2|Arcanine, L50, F|\n|poke|p2|Flutter Mane, L50|\n|poke|p2|Roaring Moon, L50|\n|poke|p2|Ting-Lu, L50|\n|teampreview|4\n|inactive|Battle timer is ON: inactive players will automatically lose when time's up. (requested by Conia)\n|\n|t:|1681943409\n|start\n|switch|p1a: Florges|Florges, L50, F|100\/100\n|switch|p1b: Glimmora|Glimmora, L50, M|100\/100\n|switch|p2a: Ting-Lu|Ting-Lu, L50|100\/100\n|switch|p2b: Palafin|Palafin, L50, F|100\/100\n|-ability|p2a: Ting-Lu|Vessel of Ruin\n|turn|1\n|inactive|Conia has 30 seconds left.\n|inactive|Alexis_student has 30 seconds left.\n|\n|t:|1681943437\n|-terastallize|p1b: Glimmora|Water\n|move|p1a: Florges|Petal Blizzard|p2b: Palafin|[spread] p1b,p2a,p2b\n|-supereffective|p1b: Glimmora\n|-supereffective|p2a: Ting-Lu\n|-supereffective|p2b: Palafin\n|-damage|p1b: Glimmora|76\/100\n|-damage|p2a: Ting-Lu|89\/100\n|-damage|p2b: Palafin|79\/100\n|-activate|p1b: Glimmora|ability: Toxic Debris\n|-sidestart|p2: Alexis_student|move: Toxic Spikes\n|-enditem|p1b: Glimmora|Weakness Policy\n|-boost|p1b: Glimmora|atk|2|[from] item: Weakness Policy\n|-boost|p1b: Glimmora|spa|2|[from] item: Weakness Policy\n|-activate|p1a: Florges|ability: Symbiosis|Choice Scarf|[of] p1b: Glimmora\n|move|p1b: Glimmora|Sludge Bomb|p2a: Ting-Lu\n|-resisted|p2a: Ting-Lu\n|-damage|p2a: Ting-Lu|69\/100\n|-status|p2a: Ting-Lu|psn\n|move|p2b: Palafin|Wave Crash|p1a: Florges\n|-damage|p1a: Florges|31\/100\n|-damage|p2b: Palafin|58\/100|[from] Recoil\n|move|p2a: Ting-Lu|Sand Tomb|p1b: Glimmora\n|-crit|p1b: Glimmora\n|-damage|p1b: Glimmora|44\/100\n|-activate|p1b: Glimmora|move: Sand Tomb|[of] p2a: Ting-Lu\n|-activate|p1b: Glimmora|ability: Toxic Debris\n|-sidestart|p2: Alexis_student|move: Toxic Spikes\n|\n|-damage|p2a: Ting-Lu|56\/100 psn|[from] psn\n|-damage|p1b: Glimmora|32\/100|[from] move: Sand Tomb|[partiallytrapped]\n|upkeep\n|turn|2\n|inactive|Conia has 30 seconds left.\n|inactive|Alexis_student has 30 seconds left.\n|inactive|Alexis_student has 20 seconds left.\n|\n|t:|1681943474\n|detailschange|p2b: Palafin|Palafin-Hero, L50, F\n|switch|p2b: Amoonguss|Amoonguss, L50, F|100\/100\n|-sideend|p2: Alexis_student|move: Toxic Spikes|[of] p2b: Amoonguss\n|move|p1b: Glimmora|Sludge Bomb|p2b: Amoonguss\n|-damage|p2b: Amoonguss|39\/100\n|-enditem|p2b: Amoonguss|Sitrus Berry|[eat]\n|-heal|p2b: Amoonguss|64\/100|[from] item: Sitrus Berry\n|move|p1a: Florges|Pollen Puff|p1b: Glimmora\n|-heal|p1b: Glimmora|82\/100\n|move|p2a: Ting-Lu|Stomping Tantrum|p1b: Glimmora\n|-crit|p1b: Glimmora\n|-damage|p1b: Glimmora|13\/100\n|-activate|p1b: Glimmora|ability: Toxic Debris\n|-sidestart|p2: Alexis_student|move: Toxic Spikes\n|\n|-damage|p2a: Ting-Lu|44\/100 psn|[from] psn\n|-damage|p1b: Glimmora|1\/100|[from] move: Sand Tomb|[partiallytrapped]\n|upkeep\n|turn|3\n|inactive|Conia has 30 seconds left.\n|inactive|Alexis_student has 30 seconds left.\n|\n|t:|1681943503\n|move|p1b: Glimmora|Sludge Bomb|p2b: Amoonguss\n|-damage|p2b: Amoonguss|0 fnt\n|faint|p2b: Amoonguss\n|move|p1a: Florges|Pollen Puff|p1b: Glimmora\n|-heal|p1b: Glimmora|51\/100\n|move|p2a: Ting-Lu|Heavy Slam|p1a: Florges\n|-supereffective|p1a: Florges\n|-damage|p1a: Florges|0 fnt\n|faint|p1a: Florges\n|\n|-damage|p2a: Ting-Lu|32\/100 psn|[from] psn\n|-damage|p1b: Glimmora|39\/100|[from] move: Sand Tomb|[partiallytrapped]\n|upkeep\n|inactive|Alexis_student has 30 seconds left.\n|\n|t:|1681943532\n|switch|p1a: Corviknight|Corviknight, L50, F|100\/100\n|switch|p2b: Roaring Moon|Roaring Moon, L50|100\/100\n|-status|p2b: Roaring Moon|psn\n|-enditem|p2b: Roaring Moon|Booster Energy\n|-activate|p2b: Roaring Moon|ability: Protosynthesis|[fromitem]\n|-start|p2b: Roaring Moon|protosynthesisatk\n|turn|4\n|inactive|Conia has 30 seconds left.\n|inactive|Alexis_student has 30 seconds left.\n|inactive|Alexis_student has 20 seconds left.\n|\n|t:|1681943569\n|-terastallize|p2b: Roaring Moon|Flying\n|move|p1b: Glimmora|Sludge Bomb|p2a: Ting-Lu\n|-resisted|p2a: Ting-Lu\n|-damage|p2a: Ting-Lu|12\/100 psn\n|move|p2b: Roaring Moon|Acrobatics|p1b: Glimmora\n|-damage|p1b: Glimmora|0 fnt\n|-activate|p1b: Glimmora|ability: Toxic Debris\n|-sidestart|p2: Alexis_student|move: Toxic Spikes\n|faint|p1b: Glimmora\n|move|p1a: Corviknight|Tailwind|p1a: Corviknight\n|-sidestart|p1: Conia|move: Tailwind\n|move|p2a: Ting-Lu|Ruination|p1a: Corviknight\n|-damage|p1a: Corviknight|51\/100\n|\n|-heal|p1a: Corviknight|57\/100|[from] item: Leftovers\n|-damage|p2b: Roaring Moon|88\/100 psn|[from] psn\n|-damage|p2a: Ting-Lu|0 fnt|[from] psn\n|faint|p2a: Ting-Lu\n|upkeep\n|\n|t:|1681943588\n|switch|p1b: Chi-Yu|Chi-Yu, L50|100\/100\n|switch|p2a: Palafin|Palafin-Hero, L50, F|58\/100\n|-ability|p1b: Chi-Yu|Beads of Ruin\n|-status|p2a: Palafin|tox\n|-activate|p2a: Palafin|ability: Zero to Hero\n|turn|5\n|\n|t:|1681943607\n|move|p1b: Chi-Yu|Protect|p1b: Chi-Yu\n|-singleturn|p1b: Chi-Yu|Protect\n|move|p2a: Palafin|Jet Punch|p1b: Chi-Yu\n|-activate|p1b: Chi-Yu|move: Protect\n|move|p1a: Corviknight|Roost|p1a: Corviknight\n|-heal|p1a: Corviknight|100\/100\n|-singleturn|p1a: Corviknight|move: Roost\n|move|p2b: Roaring Moon|Acrobatics|p1b: Chi-Yu\n|-activate|p1b: Chi-Yu|move: Protect\n|\n|-damage|p2b: Roaring Moon|76\/100 psn|[from] psn\n|-damage|p2a: Palafin|53\/100 tox|[from] psn\n|upkeep\n|turn|6\n|inactive|Alexis_student has 30 seconds left.\n|\n|t:|1681943633\n|move|p2a: Palafin|Jet Punch|p1b: Chi-Yu\n|-supereffective|p1b: Chi-Yu\n|-damage|p1b: Chi-Yu|0 fnt\n|faint|p1b: Chi-Yu\n|move|p1a: Corviknight|Brave Bird|p2a: Palafin\n|-damage|p2a: Palafin|14\/100 tox\n|-damage|p1a: Corviknight|87\/100|[from] Recoil\n|move|p2b: Roaring Moon|Dragon Dance|p2b: Roaring Moon\n|-boost|p2b: Roaring Moon|atk|1\n|-boost|p2b: Roaring Moon|spe|1\n|\n|-heal|p1a: Corviknight|93\/100|[from] item: Leftovers\n|-damage|p2b: Roaring Moon|64\/100 psn|[from] psn\n|-damage|p2a: Palafin|2\/100 tox|[from] psn\n|upkeep\n|turn|7\n|inactive|Alexis_student has 30 seconds left.\n|\n|t:|1681943664\n|move|p1a: Corviknight|Roost|p1a: Corviknight\n|-heal|p1a: Corviknight|100\/100\n|-singleturn|p1a: Corviknight|move: Roost\n|move|p2b: Roaring Moon|Acrobatics|p1a: Corviknight\n|-resisted|p1a: Corviknight\n|-damage|p1a: Corviknight|47\/100\n|move|p2a: Palafin|Wave Crash|p1a: Corviknight\n|-damage|p1a: Corviknight|0 fnt\n|faint|p1a: Corviknight\n|-damage|p2a: Palafin|0 fnt|[from] Recoil\n|faint|p2a: Palafin\n|\n|win|Alexis_student\n|raw|Conia's rating: 1247 → 1223<\/strong> (-24 for losing)\n|raw|Alexis_student's rating: 1256 → 1280<\/strong> (+24 for winning)\n","uploadtime":1681943680,"views":5,"p1id":"conia","p2id":"alexisstudent","formatid":"gen9vgc2023regulationc","rating":1223,"private":0,"password":""}