{"id":"gen9vgc2023regulationc-1856412128","p1":"adrpen","p2":"NineLimez","format":"[Gen 9] VGC 2023 Regulation C","log":"|j|\u2606adrpen\n|j|\u2606NineLimez\n|t:|1683058942\n|gametype|doubles\n|player|p1|adrpen|cynthia|1129\n|player|p2|NineLimez|2|1124\n|teamsize|p1|6\n|teamsize|p2|6\n|gen|9\n|tier|[Gen 9] VGC 2023 Regulation C\n|rated|\n|rule|Species Clause: Limit one of each Pok\u00e9mon\n|rule|Item Clause: Limit one of each item\n|clearpoke\n|poke|p1|Amoonguss, L50, M|\n|poke|p1|Palafin, L50, M|\n|poke|p1|Iron Hands, L50|\n|poke|p1|Arcanine, L50, M|\n|poke|p1|Flutter Mane, L50|\n|poke|p1|Dragonite, L50, M|\n|poke|p2|Arboliva, L50, M|\n|poke|p2|Dragapult, L50, M|\n|poke|p2|Chien-Pao, L50|\n|poke|p2|Flutter Mane, L50|\n|poke|p2|Garganacl, L50, M|\n|poke|p2|Armarouge, L50, F|\n|teampreview|4\n|inactive|Battle timer is ON: inactive players will automatically lose when time's up. (requested by NineLimez)\n|inactive|adrpen also wants the timer to be on.\nNineLimez has agreed to open team sheets.\n|inactive|adrpen has 60 seconds left.\n|inactive|NineLimez has 60 seconds left.\n|\n|t:|1683058996\n|start\n|switch|p1a: Flutter Mane|Flutter Mane, L50|100\/100\n|switch|p1b: Palafin|Palafin, L50, M, shiny|100\/100\n|switch|p2a: Arboliva|Arboliva, L50, M|100\/100\n|switch|p2b: Garganacl|Garganacl, L50, M|100\/100\n|-enditem|p1a: Flutter Mane|Booster Energy\n|-activate|p1a: Flutter Mane|ability: Protosynthesis|[fromitem]\n|-start|p1a: Flutter Mane|protosynthesisspa\n|turn|1\n|inactive|adrpen has 30 seconds left.\n|\n|t:|1683059024\n|detailschange|p1b: Palafin|Palafin-Hero, L50, M, shiny\n|switch|p1b: Arcanine|Arcanine, L50, M|100\/100\n|-ability|p1b: Arcanine|Intimidate|boost\n|-unboost|p2a: Arboliva|atk|1\n|-unboost|p2b: Garganacl|atk|1\n|move|p1a: Flutter Mane|Protect|p1a: Flutter Mane\n|-singleturn|p1a: Flutter Mane|Protect\n|move|p2a: Arboliva|Leech Seed|p1b: Arcanine\n|-start|p1b: Arcanine|move: Leech Seed\n|move|p2b: Garganacl|Heavy Slam|p1a: Flutter Mane\n|-activate|p1a: Flutter Mane|move: Protect\n|\n|-damage|p1b: Arcanine|88\/100|[from] Leech Seed|[of] p2a: Arboliva\n|upkeep\n|turn|2\n|\n|t:|1683059043\n|-end|p1a: Flutter Mane|Protosynthesis|[silent]\n|switch|p1a: Iron Hands|Iron Hands, L50, shiny|100\/100\n|switch|p1b: Palafin|Palafin-Hero, L50, M, shiny|100\/100\n|-activate|p1b: Palafin|ability: Zero to Hero\n|move|p2a: Arboliva|Protect|p2a: Arboliva\n|-singleturn|p2a: Arboliva|Protect\n|move|p2b: Garganacl|Salt Cure|p1b: Palafin\n|-damage|p1b: Palafin|92\/100\n|-start|p1b: Palafin|Salt Cure\n|\n|-damage|p1b: Palafin|67\/100|[from] Salt Cure\n|upkeep\n|turn|3\n|inactive|NineLimez has 30 seconds left.\n|\n|t:|1683059073\n|switch|p1b: Arcanine|Arcanine, L50, M|88\/100\n|-ability|p1b: Arcanine|Intimidate|boost\n|-unboost|p2a: Arboliva|atk|1\n|-unboost|p2b: Garganacl|atk|1\n|-terastallize|p2a: Arboliva|Water\n|move|p2b: Garganacl|Protect|p2b: Garganacl\n|-singleturn|p2b: Garganacl|Protect\n|move|p1a: Iron Hands|Drain Punch|p2b: Garganacl\n|-activate|p2b: Garganacl|move: Protect\n|move|p2a: Arboliva|Leech Seed|p1a: Iron Hands\n|-start|p1a: Iron Hands|move: Leech Seed\n|\n|-damage|p1a: Iron Hands|88\/100|[from] Leech Seed|[of] p2a: Arboliva\n|upkeep\n|turn|4\n|inactive|adrpen has 30 seconds left.\n|inactive|NineLimez has 30 seconds left.\n|\n|t:|1683059104\n|move|p1b: Arcanine|Howl|p1b: Arcanine|[spread] p1a,p1b\n|-boost|p1a: Iron Hands|atk|1\n|-boost|p1b: Arcanine|atk|1\n|move|p1a: Iron Hands|Wild Charge|p2a: Arboliva\n|-supereffective|p2a: Arboliva\n|-damage|p2a: Arboliva|0 fnt\n|faint|p2a: Arboliva\n|-damage|p1a: Iron Hands|69\/100|[from] Recoil\n|move|p2b: Garganacl|Rock Slide|p1b: Arcanine|[spread] p1a,p1b\n|-resisted|p1a: Iron Hands\n|-supereffective|p1b: Arcanine\n|-damage|p1a: Iron Hands|65\/100\n|-damage|p1b: Arcanine|70\/100\n|\n|upkeep\n|\n|t:|1683059115\n|switch|p2a: Flutter Mane|Flutter Mane, L50|100\/100\n|-enditem|p2a: Flutter Mane|Booster Energy\n|-activate|p2a: Flutter Mane|ability: Protosynthesis|[fromitem]\n|-start|p2a: Flutter Mane|protosynthesisspe\n|turn|5\n|\n|t:|1683059131\n|-end|p1a: Iron Hands|Quark Drive|[silent]\n|switch|p1a: Flutter Mane|Flutter Mane, L50|100\/100\n|move|p1b: Arcanine|Protect|p1b: Arcanine\n|-singleturn|p1b: Arcanine|Protect\n|move|p2a: Flutter Mane|Moonblast|p1a: Flutter Mane\n|-damage|p1a: Flutter Mane|61\/100\n|-unboost|p1a: Flutter Mane|spa|1\n|move|p2b: Garganacl|Salt Cure|p1a: Flutter Mane\n|-damage|p1a: Flutter Mane|50\/100\n|-start|p1a: Flutter Mane|Salt Cure\n|\n|-damage|p1a: Flutter Mane|37\/100|[from] Salt Cure\n|upkeep\n|turn|6\n|inactive|adrpen has 30 seconds left.\n|inactive|NineLimez has 30 seconds left.\n|inactive|adrpen has 20 seconds left.\n|inactive|adrpen has 15 seconds left.\n|inactive|NineLimez has 20 seconds left.\n|inactive|adrpen has 10 seconds left.\n|\n|t:|1683059178\n|-end|p1a: Flutter Mane|Protosynthesis|[silent]\n|switch|p1a: Palafin|Palafin-Hero, L50, M, shiny|67\/100\n|move|p2a: Flutter Mane|Moonblast|p1a: Palafin\n|-damage|p1a: Palafin|23\/100\n|move|p1b: Arcanine|Flare Blitz|p2a: Flutter Mane\n|-damage|p2a: Flutter Mane|0 fnt\n|faint|p2a: Flutter Mane\n|-end|p2a: Flutter Mane|Protosynthesis|[silent]\n|-damage|p1b: Arcanine|48\/100|[from] Recoil\n|move|p2b: Garganacl|Salt Cure|p1b: Arcanine\n|-supereffective|p1b: Arcanine\n|-damage|p1b: Arcanine|33\/100\n|-start|p1b: Arcanine|Salt Cure\n|\n|-damage|p1b: Arcanine|21\/100|[from] Salt Cure\n|upkeep\n|\n|t:|1683059192\n|switch|p2a: Dragapult|Dragapult, L50, M, shiny|100\/100\n|turn|7\n|\n|t:|1683059208\n|switch|p1b: Flutter Mane|Flutter Mane, L50|37\/100\n|move|p1a: Palafin|Protect|p1a: Palafin\n|-singleturn|p1a: Palafin|Protect\n|move|p2b: Garganacl|Protect|p2b: Garganacl\n|-singleturn|p2b: Garganacl|Protect\n|move|p2a: Dragapult|Phantom Force||[still]\n|-prepare|p2a: Dragapult|Phantom Force\n|\n|upkeep\n|turn|8\n|inactive|adrpen has 30 seconds left.\n|inactive|adrpen has 20 seconds left.\n|inactive|adrpen has 15 seconds left.\n|\n|t:|1683059252\n|-end|p1b: Flutter Mane|Protosynthesis|[silent]\n|switch|p1b: Iron Hands|Iron Hands, L50, shiny|65\/100\n|move|p2a: Dragapult|Phantom Force|p1a: Palafin|[from]lockedmove\n|-damage|p1a: Palafin|0 fnt\n|faint|p1a: Palafin\n|move|p2b: Garganacl|Heavy Slam|p1b: Iron Hands\n|-resisted|p1b: Iron Hands\n|-damage|p1b: Iron Hands|63\/100\n|\n|upkeep\n|\n|t:|1683059264\n|switch|p1a: Arcanine|Arcanine, L50, M|21\/100\n|-ability|p1a: Arcanine|Intimidate|boost\n|-fail|p2a: Dragapult|unboost|[from] ability: Clear Body|[of] p2a: Dragapult\n|-unboost|p2b: Garganacl|atk|1\n|turn|9\n|inactive|adrpen has 30 seconds left.\n|inactive|adrpen has 20 seconds left.\n|inactive|adrpen has 15 seconds left.\n|inactive|adrpen has 10 seconds left.\n|inactive|adrpen has 5 seconds left.\n|inactive|NineLimez has 30 seconds left.\n|\n|t:|1683059321\n|move|p1b: Iron Hands|Fake Out|p2b: Garganacl\n|-resisted|p2b: Garganacl\n|-damage|p2b: Garganacl|96\/100\n|move|p2a: Dragapult|Phantom Force||[still]\n|-prepare|p2a: Dragapult|Phantom Force\n|move|p1a: Arcanine|Howl|p1a: Arcanine|[spread] p1a,p1b\n|-boost|p1a: Arcanine|atk|1\n|-boost|p1b: Iron Hands|atk|1\n|cant|p2b: Garganacl|flinch\n|\n|-heal|p2b: Garganacl|100\/100|[from] item: Leftovers\n|upkeep\n|turn|10\n|inactive|adrpen has 30 seconds left.\n|\n|t:|1683059353\n|move|p2a: Dragapult|Phantom Force|p1b: Iron Hands|[from]lockedmove\n|-damage|p1b: Iron Hands|19\/100\n|move|p1a: Arcanine|Flare Blitz|p2b: Garganacl\n|-resisted|p2b: Garganacl\n|-damage|p2b: Garganacl|80\/100\n|-damage|p1a: Arcanine|14\/100|[from] Recoil\n|move|p1b: Iron Hands|Heavy Slam|p2a: Dragapult\n|-damage|p2a: Dragapult|16\/100\n|move|p2b: Garganacl|Salt Cure|p1b: Iron Hands\n|-resisted|p1b: Iron Hands\n|-damage|p1b: Iron Hands|17\/100\n|-start|p1b: Iron Hands|Salt Cure\n|\n|-heal|p2b: Garganacl|86\/100|[from] item: Leftovers\n|-damage|p1b: Iron Hands|5\/100|[from] Salt Cure\n|upkeep\n|turn|11\n|inactive|adrpen has 30 seconds left.\n|\n|t:|1683059386\n|move|p2b: Garganacl|Protect|p2b: Garganacl\n|-singleturn|p2b: Garganacl|Protect\n|move|p2a: Dragapult|Phantom Force||[still]\n|-prepare|p2a: Dragapult|Phantom Force\n|move|p1a: Arcanine|Howl|p1a: Arcanine|[spread] p1a,p1b\n|-boost|p1a: Arcanine|atk|1\n|-boost|p1b: Iron Hands|atk|1\n|move|p1b: Iron Hands|Drain Punch|p2b: Garganacl\n|-activate|p2b: Garganacl|move: Protect\n|\n|-heal|p2b: Garganacl|92\/100|[from] item: Leftovers\n|-damage|p1b: Iron Hands|0 fnt|[from] Salt Cure\n|faint|p1b: Iron Hands\n|-end|p1b: Iron Hands|Quark Drive|[silent]\n|upkeep\n|\n|t:|1683059398\n|switch|p1b: Flutter Mane|Flutter Mane, L50|37\/100\n|turn|12\n|inactive|adrpen has 30 seconds left.\n|\n|t:|1683059433\n|-terastallize|p1b: Flutter Mane|Water\n|move|p2a: Dragapult|Phantom Force|p1a: Arcanine|[from]lockedmove\n|-damage|p1a: Arcanine|0 fnt\n|faint|p1a: Arcanine\n|move|p1b: Flutter Mane|Moonblast|p2a: Dragapult\n|-supereffective|p2a: Dragapult\n|-damage|p2a: Dragapult|0 fnt\n|faint|p2a: Dragapult\n|move|p2b: Garganacl|Heavy Slam|p1b: Flutter Mane\n|-resisted|p1b: Flutter Mane\n|-damage|p1b: Flutter Mane|29\/100\n|\n|-heal|p2b: Garganacl|98\/100|[from] item: Leftovers\n|upkeep\n|turn|13\n|\n|t:|1683059454\n|move|p1b: Flutter Mane|Moonblast|p2b: Garganacl\n|-damage|p2b: Garganacl|61\/100\n|move|p2b: Garganacl|Salt Cure|p1b: Flutter Mane\n|-damage|p1b: Flutter Mane|20\/100\n|-start|p1b: Flutter Mane|Salt Cure\n|\n|-heal|p2b: Garganacl|67\/100|[from] item: Leftovers\n|-damage|p1b: Flutter Mane|0 fnt|[from] Salt Cure\n|faint|p1b: Flutter Mane\n|-end|p1b: Flutter Mane|Protosynthesis|[silent]\n|\n|win|NineLimez\n|upkeep\n|raw|adrpen's rating: 1129 → 1104<\/strong> (-25 for losing)\n|raw|NineLimez's rating: 1124 → 1149<\/strong> (+25 for winning)\n|c|\u2606NineLimez|gg\n|l|\u2606NineLimez\n","uploadtime":1683059484,"views":6,"p1id":"adrpen","p2id":"ninelimez","formatid":"gen9vgc2023regulationc","rating":1104,"private":0,"password":""}