{"id":"gen9vgc2023regulationc-1847685863","p1":"Raderph","p2":"Jimpo01","format":"[Gen 9] VGC 2023 Regulation C","log":"|j|\u2606Raderph\n|j|\u2606Jimpo01\n|t:|1681992300\n|gametype|doubles\n|player|p1|Raderph|hiker|\n|player|p2|Jimpo01|2|\n|teamsize|p1|6\n|teamsize|p2|6\n|gen|9\n|tier|[Gen 9] VGC 2023 Regulation C\n|rule|Species Clause: Limit one of each Pok\u00e9mon\n|rule|Item Clause: Limit one of each item\n|clearpoke\n|poke|p1|Grimmsnarl, L50, M|\n|poke|p1|Iron Valiant, L50|\n|poke|p1|Oricorio-Pom-Pom, L50, F|\n|poke|p1|Dragalge, L50, F|\n|poke|p1|Lokix, L50, F|\n|poke|p1|Volcarona, L50, M|\n|poke|p2|Hydreigon, L50, M|\n|poke|p2|Dragonite, L50, F|\n|poke|p2|Ditto, L50|\n|poke|p2|Weavile, L50, F|\n|poke|p2|Talonflame, L50, M|\n|poke|p2|Cloyster, L50, M|\n|teampreview|4\nJimpo01 has agreed to open team sheets.\nRaderph has agreed to open team sheets.\n|j| Ytterby\n|\n|t:|1681992378\n|start\n|switch|p1a: Sailor Uranus|Iron Valiant, L50|100\/100\n|switch|p1b: Unit-01|Grimmsnarl, L50, M|100\/100\n|switch|p2a: Hydreigon|Hydreigon, L50, M, shiny|100\/100\n|switch|p2b: Weavile|Weavile, L50, F|100\/100\n|-enditem|p1a: Sailor Uranus|Booster Energy\n|-activate|p1a: Sailor Uranus|ability: Quark Drive|[fromitem]\n|-start|p1a: Sailor Uranus|quarkdrivespe\n|turn|1\n|\n|t:|1681992407\n|move|p1a: Sailor Uranus|Protect|p1a: Sailor Uranus\n|-singleturn|p1a: Sailor Uranus|Protect\n|move|p2b: Weavile|Fake Out|p1a: Sailor Uranus\n|-activate|p1a: Sailor Uranus|move: Protect\n|move|p1b: Unit-01|Fake Out|p2a: Hydreigon\n|-damage|p2a: Hydreigon|87\/100\n|cant|p2a: Hydreigon|flinch\n|\n|upkeep\n|turn|2\n|\n|t:|1681992429\n|move|p1a: Sailor Uranus|Liquidation|p2a: Hydreigon\n|-resisted|p2a: Hydreigon\n|-damage|p2a: Hydreigon|71\/100\n|move|p2b: Weavile|Metronome|p2b: Weavile\n|move|p2b: Weavile|Circle Throw|p1a: Sailor Uranus|[from]move: Metronome\n|-resisted|p1a: Sailor Uranus\n|-damage|p1a: Sailor Uranus|88\/100\n|-end|p1a: Sailor Uranus|Quark Drive|[silent]\n|drag|p1a: Utsuho|Volcarona, L50, M|100\/100\n|move|p2a: Hydreigon|Nasty Plot|p2a: Hydreigon\n|-boost|p2a: Hydreigon|spa|2\n|move|p1b: Unit-01|Spirit Break|p2a: Hydreigon\n|-supereffective|p2a: Hydreigon\n|-damage|p2a: Hydreigon|0 fnt\n|faint|p2a: Hydreigon\n|\n|upkeep\n|\n|t:|1681992447\n|switch|p2a: Ditto|Ditto, L50, shiny|100\/100\n|turn|3\n|\n|t:|1681992473\n|move|p1a: Utsuho|Heat Wave|p2a: Ditto|[spread] p2b\n|-miss|p1a: Utsuho|p2a: Ditto\n|-supereffective|p2b: Weavile\n|-damage|p2b: Weavile|0 fnt\n|faint|p2b: Weavile\n|move|p2a: Ditto|Transform|p1a: Utsuho\n|-transform|p2a: Ditto|p1a: Utsuho\n|move|p1b: Unit-01|Spirit Break|p2a: Ditto\n|-resisted|p2a: Ditto\n|-damage|p2a: Ditto|76\/100\n|-unboost|p2a: Ditto|spa|1\n|-status|p1b: Unit-01|brn|[from] ability: Flame Body|[of] p2a: Ditto\n|-enditem|p2a: Ditto|Red Card|[of] p1b: Unit-01\n|drag|p1b: Sailor Uranus|Iron Valiant, L50|88\/100\n|\n|upkeep\n|\n|t:|1681992488\n|switch|p2b: Dragonite|Dragonite, L50, F|100\/100\n|turn|4\n|\n|t:|1681992503\n|switch|p1a: Unit-01|Grimmsnarl, L50, M|100\/100 brn\n|-terastallize|p2b: Dragonite|Normal\n|move|p1b: Sailor Uranus|Protect|p1b: Sailor Uranus\n|-singleturn|p1b: Sailor Uranus|Protect\n|move|p2b: Dragonite|Extreme Speed|p1a: Unit-01\n|-crit|p1a: Unit-01\n|-damage|p1a: Unit-01|51\/100 brn\n|move|p2a: Ditto|Will-O-Wisp|p1b: Sailor Uranus\n|-activate|p1b: Sailor Uranus|move: Protect\n|\n|-damage|p1a: Unit-01|45\/100 brn|[from] brn\n|upkeep\n|turn|5\n|\n|t:|1681992533\n|move|p1a: Unit-01|Fake Out|p2a: Ditto\n|-damage|p2a: Ditto|67\/100\n|move|p2b: Dragonite|Extreme Speed|p1a: Unit-01\n|-damage|p1a: Unit-01|7\/100 brn\n|-enditem|p1a: Unit-01|Aguav Berry|[eat]\n|-heal|p1a: Unit-01|41\/100 brn|[from] item: Aguav Berry\n|move|p1b: Sailor Uranus|Spirit Break|p2b: Dragonite\n|-damage|p2b: Dragonite|54\/100\n|-unboost|p2b: Dragonite|spa|1\n|cant|p2a: Ditto|flinch\n|\n|-damage|p1a: Unit-01|35\/100 brn|[from] brn\n|upkeep\n|turn|6\n|\n|t:|1681992579\n|move|p2b: Dragonite|Extreme Speed|p1a: Unit-01\n|-damage|p1a: Unit-01|0 fnt\n|faint|p1a: Unit-01\n|move|p1b: Sailor Uranus|Close Combat|p2b: Dragonite\n|-supereffective|p2b: Dragonite\n|-damage|p2b: Dragonite|0 fnt\n|-unboost|p1b: Sailor Uranus|def|1\n|-unboost|p1b: Sailor Uranus|spd|1\n|faint|p2b: Dragonite\n|move|p2a: Ditto|Heat Wave|p1b: Sailor Uranus\n|-damage|p1b: Sailor Uranus|0 fnt\n|faint|p1b: Sailor Uranus\n|-end|p1b: Sailor Uranus|Quark Drive|[silent]\n|\n|upkeep\n|\n|t:|1681992591\n|switch|p1b: Utsuho|Volcarona, L50, M|100\/100\n|switch|p1a: Zero-One|Lokix, L50, F|100\/100\n|turn|7\n|\n|t:|1681992616\n|move|p1a: Zero-One|Sucker Punch|p2a: Ditto\n|-damage|p2a: Ditto|12\/100\n|move|p1b: Utsuho|Air Slash|p2a: Ditto\n|-supereffective|p2a: Ditto\n|-damage|p2a: Ditto|0 fnt\n|faint|p2a: Ditto\n|\n|win|Raderph\n","uploadtime":1681992625,"views":15,"p1id":"raderph","p2id":"jimpo01","formatid":"gen9vgc2023regulationc","rating":0,"private":0,"password":""}