{"id":"gen9vgc2023regulationc-1846733439","p1":"Kuriboh448","p2":"Funnyman Krebs","format":"[Gen 9] VGC 2023 Regulation C","log":"|j|\u2606Kuriboh448\n|j|\u2606Funnyman Krebs\n|t:|1681871601\n|gametype|doubles\n|player|p1|Kuriboh448|102|\n|player|p2|Funnyman Krebs|wallace|\n|teamsize|p1|6\n|teamsize|p2|6\n|gen|9\n|tier|[Gen 9] VGC 2023 Regulation C\n|rule|Species Clause: Limit one of each Pok\u00e9mon\n|rule|Item Clause: Limit one of each item\n|clearpoke\n|poke|p1|Iron Bundle, L50|\n|poke|p1|Corviknight, L50, F|\n|poke|p1|Abomasnow, L50, F|\n|poke|p1|Garchomp, L50, M|\n|poke|p1|Chi-Yu, L50|\n|poke|p1|Flutter Mane, L50|\n|poke|p2|Glimmora, L50, M|\n|poke|p2|Arcanine, L50, M|\n|poke|p2|Wo-Chien, L50|\n|poke|p2|Flutter Mane, L50|\n|poke|p2|Dondozo, L50, F|\n|poke|p2|Tatsugiri-Stretchy, L50, M|\n|teampreview|4\n|c|\u2606Kuriboh448|G2\nKuriboh448 has agreed to open team sheets.\n|j| hero231\nFunnyman Krebs has agreed to open team sheets.\n|c|\u2606Funnyman Krebs|glhf!\n|c|\u2606Kuriboh448|GLHF\n|\n|t:|1681872061\n|start\n|switch|p1a: Iron Bundle|Iron Bundle, L50|100\/100\n|switch|p1b: Flutter Mane|Flutter Mane, L50|100\/100\n|switch|p2a: Wheeeee!|Glimmora, L50, M, shiny|100\/100\n|switch|p2b: Large Marge|Dondozo, L50, F|100\/100\n|-enditem|p1a: Iron Bundle|Booster Energy\n|-activate|p1a: Iron Bundle|ability: Quark Drive|[fromitem]\n|-start|p1a: Iron Bundle|quarkdrivespe\n|turn|1\n|inactive|Battle timer is ON: inactive players will automatically lose when time's up. (requested by Funnyman Krebs)\n|inactive|Funnyman Krebs has 60 seconds left.\n|\n|t:|1681872104\n|-end|p1b: Flutter Mane|Protosynthesis|[silent]\n|switch|p1b: Corviknight|Corviknight, L50, F|100\/100\n|-terastallize|p2a: Wheeeee!|Grass\n|move|p1a: Iron Bundle|Protect|p1a: Iron Bundle\n|-singleturn|p1a: Iron Bundle|Protect\n|move|p2b: Large Marge|Protect|p2b: Large Marge\n|-singleturn|p2b: Large Marge|Protect\n|move|p2a: Wheeeee!|Energy Ball|p1a: Iron Bundle\n|-activate|p1a: Iron Bundle|move: Protect\n|\n|upkeep\n|turn|2\n|inactive|Funnyman Krebs has 30 seconds left.\n|\n|t:|1681872134\n|-end|p1a: Iron Bundle|Quark Drive|[silent]\n|switch|p1a: Garchomp|Garchomp, L50, M|100\/100\n|switch|p2a: Pee-wee|Tatsugiri-Stretchy, L50, M|100\/100\n|-activate|p2a: Pee-wee|ability: Commander|[of] p2b: Large Marge\n|-boost|p2b: Large Marge|atk|2\n|-boost|p2b: Large Marge|spa|2\n|-boost|p2b: Large Marge|spe|2\n|-boost|p2b: Large Marge|def|2\n|-boost|p2b: Large Marge|spd|2\n|move|p2b: Large Marge|Earthquake|p1b: Corviknight|[spread] p1a\n|-miss|p2b: Large Marge|p2a: Pee-wee\n|-immune|p1b: Corviknight\n|-damage|p1a: Garchomp|54\/100\n|move|p1b: Corviknight|Brave Bird|p2a: Pee-wee|[miss]\n|-miss|p1b: Corviknight|p2a: Pee-wee\n|\n|upkeep\n|turn|3\n|inactive|Funnyman Krebs has 30 seconds left.\n|\n|t:|1681872166\n|move|p1a: Garchomp|Protect|p1a: Garchomp\n|-singleturn|p1a: Garchomp|Protect\n|move|p2b: Large Marge|Wave Crash|p1a: Garchomp\n|-activate|p1a: Garchomp|move: Protect\n|move|p1b: Corviknight|Bulk Up|p1b: Corviknight\n|-boost|p1b: Corviknight|atk|1\n|-boost|p1b: Corviknight|def|1\n|\n|upkeep\n|turn|4\n|\n|t:|1681872181\n|switch|p1a: Iron Bundle|Iron Bundle, L50|100\/100\n|move|p2b: Large Marge|Wave Crash|p1a: Iron Bundle\n|-resisted|p1a: Iron Bundle\n|-damage|p1a: Iron Bundle|38\/100\n|-damage|p2b: Large Marge|89\/100|[from] Recoil\n|move|p1b: Corviknight|Bulk Up|p1b: Corviknight\n|-boost|p1b: Corviknight|atk|1\n|-boost|p1b: Corviknight|def|1\n|\n|-heal|p2b: Large Marge|95\/100|[from] item: Leftovers\n|upkeep\n|turn|5\n|inactive|Funnyman Krebs has 30 seconds left.\n|\n|t:|1681872210\n|move|p2b: Large Marge|Protect|p2b: Large Marge\n|-singleturn|p2b: Large Marge|Protect\n|move|p1a: Iron Bundle|Freeze-Dry|p2b: Large Marge\n|-activate|p2b: Large Marge|move: Protect\n|move|p1b: Corviknight|Brave Bird|p2b: Large Marge\n|-activate|p2b: Large Marge|move: Protect\n|\n|-heal|p2b: Large Marge|100\/100|[from] item: Leftovers\n|upkeep\n|turn|6\n|inactive|Kuriboh448 has 30 seconds left.\n|\n|t:|1681872243\n|move|p1a: Iron Bundle|Freeze-Dry|p2b: Large Marge\n|-supereffective|p2b: Large Marge\n|-damage|p2b: Large Marge|62\/100\n|move|p2b: Large Marge|Earthquake|p1a: Iron Bundle|[spread] p1a\n|-miss|p2b: Large Marge|p2a: Pee-wee\n|-immune|p1b: Corviknight\n|-damage|p1a: Iron Bundle|0 fnt\n|faint|p1a: Iron Bundle\n|-end|p1a: Iron Bundle|Quark Drive|[silent]\n|move|p1b: Corviknight|Tailwind|p1b: Corviknight\n|-sidestart|p1: Kuriboh448|move: Tailwind\n|\n|-heal|p2b: Large Marge|69\/100|[from] item: Leftovers\n|upkeep\n|\n|t:|1681872257\n|switch|p1a: Flutter Mane|Flutter Mane, L50|100\/100\n|turn|7\n|\n|t:|1681872267\n|move|p2b: Large Marge|Protect|p2b: Large Marge\n|-singleturn|p2b: Large Marge|Protect\n|move|p1a: Flutter Mane|Thunderbolt|p2b: Large Marge\n|-activate|p2b: Large Marge|move: Protect\n|move|p1b: Corviknight|Brave Bird|p2b: Large Marge\n|-activate|p2b: Large Marge|move: Protect\n|\n|-heal|p2b: Large Marge|75\/100|[from] item: Leftovers\n|upkeep\n|turn|8\n|j| Bauerdad\n|\n|t:|1681872289\n|move|p1a: Flutter Mane|Thunderbolt|p2b: Large Marge\n|-supereffective|p2b: Large Marge\n|-damage|p2b: Large Marge|24\/100\n|move|p2b: Large Marge|Wave Crash|p1a: Flutter Mane\n|-damage|p1a: Flutter Mane|0 fnt\n|faint|p1a: Flutter Mane\n|-end|p1a: Flutter Mane|Protosynthesis|[silent]\n|-damage|p2b: Large Marge|1\/100|[from] Recoil\n|move|p1b: Corviknight|Brave Bird|p2b: Large Marge\n|-damage|p2b: Large Marge|0 fnt\n|faint|p2b: Large Marge\n|-damage|p1b: Corviknight|99\/100|[from] Recoil\n|\n|-heal|p1b: Corviknight|100\/100|[from] item: Leftovers\n|upkeep\n|inactive|Funnyman Krebs has 30 seconds left.\n|\n|t:|1681872318\n|switch|p1a: Garchomp|Garchomp, L50, M|54\/100\n|switch|p2b: Flutter Mid|Flutter Mane, L50, shiny|100\/100\n|-enditem|p2b: Flutter Mid|Booster Energy\n|-activate|p2b: Flutter Mid|ability: Protosynthesis|[fromitem]\n|-start|p2b: Flutter Mid|protosynthesisspa\n|turn|9\n|\n|t:|1681872338\n|switch|p2a: Wheeeee!|Glimmora, L50, M, shiny, tera:Grass|100\/100\n|-terastallize|p1a: Garchomp|Fire\n|move|p2b: Flutter Mid|Protect|p2b: Flutter Mid\n|-singleturn|p2b: Flutter Mid|Protect\n|move|p1a: Garchomp|Dragon Claw|p2a: Wheeeee!\n|-damage|p2a: Wheeeee!|54\/100\n|-activate|p2a: Wheeeee!|ability: Toxic Debris\n|-sidestart|p1: Kuriboh448|move: Toxic Spikes\n|move|p1b: Corviknight|Iron Head|p2b: Flutter Mid\n|-activate|p2b: Flutter Mid|move: Protect\n|\n|-sideend|p1: Kuriboh448|move: Tailwind\n|upkeep\n|turn|10\n|inactive|Kuriboh448 has 30 seconds left.\n|inactive|Funnyman Krebs has 30 seconds left.\n|\n|t:|1681872366\n|move|p1a: Garchomp|Protect|p1a: Garchomp\n|-singleturn|p1a: Garchomp|Protect\n|move|p2b: Flutter Mid|Shadow Ball|p1b: Corviknight\n|-damage|p1b: Corviknight|58\/100\n|move|p2a: Wheeeee!|Power Gem|p1a: Garchomp\n|-activate|p1a: Garchomp|move: Protect\n|move|p1b: Corviknight|Tailwind|p1b: Corviknight\n|-sidestart|p1: Kuriboh448|move: Tailwind\n|\n|-heal|p1b: Corviknight|64\/100|[from] item: Leftovers\n|upkeep\n|turn|11\n|inactive|Funnyman Krebs has 30 seconds left.\n|\n|t:|1681872398\n|move|p1a: Garchomp|Earthquake|p2a: Wheeeee!|[spread] p2a,p2b\n|-immune|p1b: Corviknight\n|-resisted|p2a: Wheeeee!\n|-damage|p2a: Wheeeee!|32\/100\n|-damage|p2b: Flutter Mid|41\/100\n|-activate|p2a: Wheeeee!|ability: Toxic Debris\n|-sidestart|p1: Kuriboh448|move: Toxic Spikes\n|move|p2b: Flutter Mid|Shadow Ball|p1a: Garchomp\n|-damage|p1a: Garchomp|0 fnt\n|faint|p1a: Garchomp\n|move|p1b: Corviknight|Brave Bird|p2a: Wheeeee!\n|-supereffective|p2a: Wheeeee!\n|-damage|p2a: Wheeeee!|0 fnt\n|faint|p2a: Wheeeee!\n|-damage|p1b: Corviknight|56\/100|[from] Recoil\n|\n|-heal|p1b: Corviknight|61\/100|[from] item: Leftovers\n|upkeep\n|\n|t:|1681872411\n|switch|p2a: Pee-wee|Tatsugiri-Stretchy, L50, M|100\/100\n|turn|12\n|l| Bauerdad\n|inactive|Funnyman Krebs has 30 seconds left.\n|\n|t:|1681872442\n|move|p2a: Pee-wee|Muddy Water|p1b: Corviknight\n|-damage|p1b: Corviknight|23\/100\n|move|p2b: Flutter Mid|Shadow Ball|p1b: Corviknight\n|-damage|p1b: Corviknight|0 fnt\n|faint|p1b: Corviknight\n|\n|win|Funnyman Krebs\n|c|\u2606Kuriboh448|ggs\n|c|\u2606Funnyman Krebs|gg's\n","uploadtime":1681872458,"views":17,"p1id":"kuriboh448","p2id":"funnymankrebs","formatid":"gen9vgc2023regulationc","rating":0,"private":0,"password":""}