{"id":"gen9vgc2023regulationc-1847670539","p1":"xdfgdfgh","p2":"cervivon","format":"[Gen 9] VGC 2023 Regulation C","log":"|j|\u2606xdfgdfgh\n|j|\u2606cervivon\n|t:|1681990429\n|gametype|doubles\n|player|p1|xdfgdfgh|2|1229\n|player|p2|cervivon|266|1340\n|teamsize|p1|6\n|teamsize|p2|6\n|gen|9\n|tier|[Gen 9] VGC 2023 Regulation C\n|rated|\n|rule|Species Clause: Limit one of each Pok\u00e9mon\n|rule|Item Clause: Limit one of each item\n|clearpoke\n|poke|p1|Torkoal, L50, F|\n|poke|p1|Chi-Yu, L50|\n|poke|p1|Bronzong, L50|\n|poke|p1|Gastrodon, L50, F|\n|poke|p1|Grimmsnarl, L50, M|\n|poke|p1|Skeledirge, L50, M|\n|poke|p2|Wo-Chien, L50|\n|poke|p2|Glimmora, L50, F|\n|poke|p2|Flutter Mane, L50|\n|poke|p2|Arcanine, L50, M|\n|poke|p2|Rotom-Wash, L50|\n|poke|p2|Ting-Lu, L50|\n|teampreview|4\n|inactive|Battle timer is ON: inactive players will automatically lose when time's up. (requested by xdfgdfgh)\n|inactive|cervivon has 60 seconds left.\n|inactive|cervivon has 30 seconds left.\n|\n|t:|1681990518\n|start\n|switch|p1a: Grimmsnarl|Grimmsnarl, L50, M|100\/100\n|switch|p1b: Gastrodon|Gastrodon, L50, F|100\/100\n|switch|p2a: Arcanine|Arcanine, L50, M|100\/100\n|switch|p2b: Ting-Lu|Ting-Lu, L50|100\/100\n|-ability|p2a: Arcanine|Intimidate|boost\n|-unboost|p1a: Grimmsnarl|atk|1\n|-unboost|p1b: Gastrodon|atk|1\n|-ability|p2b: Ting-Lu|Vessel of Ruin\n|turn|1\n|inactive|cervivon has 30 seconds left.\n|\n|t:|1681990546\n|switch|p2a: Glimmora|Glimmora, L50, F|100\/100\n|move|p1a: Grimmsnarl|Fake Out|p2b: Ting-Lu\n|-damage|p2b: Ting-Lu|96\/100\n|cant|p2b: Ting-Lu|flinch\n|move|p1b: Gastrodon|Earth Power|p2a: Glimmora\n|-supereffective|p2a: Glimmora\n|-damage|p2a: Glimmora|22\/100\n|\n|upkeep\n|turn|2\n|\n|t:|1681990565\n|-terastallize|p2a: Glimmora|Grass\n|move|p1b: Gastrodon|Protect|p1b: Gastrodon\n|-singleturn|p1b: Gastrodon|Protect\n|move|p1a: Grimmsnarl|Trick|p2a: Glimmora\n|-activate|p1a: Grimmsnarl|move: Trick|[of] p2a: Glimmora\n|-item|p2a: Glimmora|Lagging Tail|[from] move: Trick\n|-item|p1a: Grimmsnarl|Assault Vest|[from] move: Trick\n|move|p2a: Glimmora|Energy Ball|p1b: Gastrodon\n|-activate|p1b: Gastrodon|move: Protect\n|move|p2b: Ting-Lu|Heavy Slam|p1a: Grimmsnarl\n|-supereffective|p1a: Grimmsnarl\n|-damage|p1a: Grimmsnarl|32\/100\n|\n|upkeep\n|turn|3\n|inactive|cervivon has 30 seconds left.\n|inactive|cervivon has 20 seconds left.\n|inactive|cervivon has 15 seconds left.\n|inactive|cervivon has 10 seconds left.\n|inactive|cervivon has 5 seconds left.\n|\n|t:|1681990620\n|switch|p1a: Skeledirge|Skeledirge, L50, M|100\/100\n|move|p2b: Ting-Lu|Heavy Slam|p1a: Skeledirge\n|-resisted|p1a: Skeledirge\n|-damage|p1a: Skeledirge|94\/100\n|move|p1b: Gastrodon|Sludge Bomb|p2a: Glimmora\n|-supereffective|p2a: Glimmora\n|-damage|p2a: Glimmora|0 fnt\n|faint|p2a: Glimmora\n|\n|-heal|p1a: Skeledirge|99\/100|[from] item: Leftovers\n|upkeep\n|\n|t:|1681990641\n|switch|p2a: Flutter Mane|Flutter Mane, L50|100\/100\n|turn|4\n|inactive|xdfgdfgh has 30 seconds left.\n|\n|t:|1681990671\n|-end|p2a: Flutter Mane|Protosynthesis|[silent]\n|switch|p2a: Arcanine|Arcanine, L50, M|100\/100\n|-ability|p2a: Arcanine|Intimidate|boost\n|-unboost|p1a: Skeledirge|atk|1\n|-unboost|p1b: Gastrodon|atk|1\n|switch|p1b: Grimmsnarl|Grimmsnarl, L50, M|32\/100\n|move|p1a: Skeledirge|Protect|p1a: Skeledirge\n|-singleturn|p1a: Skeledirge|Protect\n|move|p2b: Ting-Lu|Fissure|p1b: Grimmsnarl|[miss]\n|-miss|p2b: Ting-Lu|p1b: Grimmsnarl\n|\n|-heal|p1a: Skeledirge|100\/100|[from] item: Leftovers\n|upkeep\n|turn|5\n|\n|t:|1681990689\n|move|p1b: Grimmsnarl|Fake Out|p2b: Ting-Lu\n|-damage|p2b: Ting-Lu|89\/100\n|move|p2a: Arcanine|Flare Blitz|p1b: Grimmsnarl\n|-damage|p1b: Grimmsnarl|0 fnt\n|faint|p1b: Grimmsnarl\n|-damage|p2a: Arcanine|90\/100|[from] Recoil\n|move|p1a: Skeledirge|Torch Song|p2b: Ting-Lu\n|-damage|p2b: Ting-Lu|71\/100\n|-boost|p1a: Skeledirge|spa|1\n|cant|p2b: Ting-Lu|flinch\n|\n|upkeep\n|\n|t:|1681990698\n|switch|p1b: Gastrodon|Gastrodon, L50, F|100\/100\n|turn|6\n|\n|t:|1681990718\n|-terastallize|p1a: Skeledirge|Fairy\n|move|p2a: Arcanine|Protect|p2a: Arcanine\n|-singleturn|p2a: Arcanine|Protect\n|move|p1b: Gastrodon|Protect|p1b: Gastrodon\n|-singleturn|p1b: Gastrodon|Protect\n|move|p1a: Skeledirge|Tera Blast|p2b: Ting-Lu\n|-supereffective|p2b: Ting-Lu\n|-damage|p2b: Ting-Lu|11\/100\n|move|p2b: Ting-Lu|Fissure|p1a: Skeledirge|[miss]\n|-miss|p2b: Ting-Lu|p1a: Skeledirge\n|\n|upkeep\n|turn|7\n|\n|t:|1681990732\n|move|p2a: Arcanine|Flare Blitz|p1a: Skeledirge\n|-damage|p1a: Skeledirge|53\/100\n|-damage|p2a: Arcanine|73\/100|[from] Recoil\n|move|p1a: Skeledirge|Torch Song|p2b: Ting-Lu\n|-damage|p2b: Ting-Lu|0 fnt\n|-boost|p1a: Skeledirge|spa|1\n|faint|p2b: Ting-Lu\n|move|p1b: Gastrodon|Earth Power|p2a: Arcanine\n|-supereffective|p2a: Arcanine\n|-damage|p2a: Arcanine|0 fnt\n|faint|p2a: Arcanine\n|\n|-heal|p1a: Skeledirge|58\/100|[from] item: Leftovers\n|upkeep\n|\n|t:|1681990746\n|switch|p2b: Flutter Mane|Flutter Mane, L50|100\/100\n|turn|8\n|\n|t:|1681990752\n|move|p1a: Skeledirge|Protect|p1a: Skeledirge\n|-singleturn|p1a: Skeledirge|Protect\n|move|p2b: Flutter Mane|Moonblast|p1a: Skeledirge\n|-activate|p1a: Skeledirge|move: Protect\n|move|p1b: Gastrodon|Earth Power|p2b: Flutter Mane\n|-damage|p2b: Flutter Mane|66\/100\n|\n|-heal|p1a: Skeledirge|64\/100|[from] item: Leftovers\n|upkeep\n|turn|9\n|\n|t:|1681990761\n|switch|p1a: Bronzong|Bronzong, L50|100\/100\n|move|p2b: Flutter Mane|Moonblast|p1a: Bronzong\n|-resisted|p1a: Bronzong\n|-damage|p1a: Bronzong|70\/100\n|-unboost|p1a: Bronzong|spa|1\n|move|p1b: Gastrodon|Earth Power|p2b: Flutter Mane\n|-damage|p2b: Flutter Mane|31\/100\n|\n|upkeep\n|turn|10\n|-message|cervivon forfeited.\n|\n|win|xdfgdfgh\n|raw|xdfgdfgh's rating: 1229 → 1262<\/strong> (+33 for winning)\n|raw|cervivon's rating: 1340 → 1314<\/strong> (-26 for losing)\n|l|\u2606cervivon\n","uploadtime":1681990771,"views":12,"p1id":"xdfgdfgh","p2id":"cervivon","formatid":"gen9vgc2023regulationc","rating":1262,"private":0,"password":""}