{"id":"gen9vgc2023regulationc-1863159775","p1":"PyroLockeyy","p2":"CAUSEIMJP","format":"[Gen 9] VGC 2023 Regulation C","log":"|j|\u2606PyroLockeyy\n|j|\u2606CAUSEIMJP\n|t:|1683981542\n|gametype|doubles\n|player|p1|PyroLockeyy|2|1065\n|player|p2|CAUSEIMJP|265|1074\n|teamsize|p1|6\n|teamsize|p2|6\n|gen|9\n|tier|[Gen 9] VGC 2023 Regulation C\n|rated|\n|rule|Species Clause: Limit one of each Pok\u00e9mon\n|rule|Item Clause: Limit one of each item\n|clearpoke\n|poke|p1|Palafin, L50, F|\n|poke|p1|Flutter Mane, L50|\n|poke|p1|Arcanine, L50, F|\n|poke|p1|Amoonguss, L50, F|\n|poke|p1|Ting-Lu, L50|\n|poke|p1|Roaring Moon, L50|\n|poke|p2|Riolu, L50, F|\n|poke|p2|Salamence, L50, M|\n|poke|p2|Flutter Mane, L50|\n|poke|p2|Farigiraf, L50, M|\n|poke|p2|Amoonguss, L50, F|\n|poke|p2|Salazzle, L50, F|\n|teampreview|4\nPyroLockeyy has agreed to open team sheets.\n|inactive|Battle timer is ON: inactive players will automatically lose when time's up. (requested by PyroLockeyy)\nCAUSEIMJP rejected open team sheets.\n|inactive|PyroLockeyy has 60 seconds left.\n|\n|t:|1683981598\n|start\n|switch|p1a: Amoonguss|Amoonguss, L50, F|100\/100\n|switch|p1b: Ting-Lu|Ting-Lu, L50|100\/100\n|switch|p2a: Riolu|Riolu, L50, F|100\/100\n|switch|p2b: Salamence|Salamence, L50, M|100\/100\n|-ability|p2b: Salamence|Intimidate|boost\n|-unboost|p1a: Amoonguss|atk|1\n|-unboost|p1b: Ting-Lu|atk|1\n|-ability|p1b: Ting-Lu|Vessel of Ruin\n|turn|1\n|inactive|PyroLockeyy has 30 seconds left.\n|inactive|PyroLockeyy has 20 seconds left.\n|inactive|PyroLockeyy has 15 seconds left.\n|\n|t:|1683981639\n|-terastallize|p2b: Salamence|Flying\n|move|p1a: Amoonguss|Protect|p1a: Amoonguss\n|-singleturn|p1a: Amoonguss|Protect\n|move|p2a: Riolu|Howl|p2a: Riolu|[spread] p2a,p2b\n|-boost|p2a: Riolu|atk|1\n|-boost|p2b: Salamence|atk|1\n|move|p2b: Salamence|Tera Blast|p1a: Amoonguss\n|-activate|p1a: Amoonguss|move: Protect\n|move|p1b: Ting-Lu|Ruination|p2b: Salamence\n|-damage|p2b: Salamence|51\/100\n|\n|upkeep\n|turn|2\n|\n|t:|1683981659\n|switch|p1a: Arcanine|Arcanine, L50, F|100\/100\n|-ability|p1a: Arcanine|Intimidate|boost\n|-unboost|p2a: Riolu|atk|1\n|-unboost|p2b: Salamence|atk|1\n|move|p2a: Riolu|Howl|p2a: Riolu|[spread] p2a,p2b\n|-boost|p2a: Riolu|atk|1\n|-boost|p2b: Salamence|atk|1\n|move|p2b: Salamence|Tera Blast|p1a: Arcanine\n|-damage|p1a: Arcanine|22\/100\n|move|p1b: Ting-Lu|Ruination|p2b: Salamence\n|-damage|p2b: Salamence|26\/100\n|\n|upkeep\n|turn|3\n|\n|t:|1683981678\n|move|p1a: Arcanine|Extreme Speed|p2b: Salamence\n|-damage|p2b: Salamence|0 fnt\n|faint|p2b: Salamence\n|move|p2a: Riolu|Sunny Day|p2a: Riolu\n|-weather|SunnyDay\n|move|p1b: Ting-Lu|Heavy Slam|p2a: Riolu\n|-damage|p2a: Riolu|18\/100\n|\n|-weather|SunnyDay|[upkeep]\n|upkeep\n|\n|t:|1683981690\n|switch|p2b: Flutter Mane|Flutter Mane, L50|100\/100\n|-activate|p2b: Flutter Mane|ability: Protosynthesis\n|-start|p2b: Flutter Mane|protosynthesisspa\n|turn|4\n|\n|t:|1683981709\n|move|p1a: Arcanine|Extreme Speed|p2a: Riolu\n|-damage|p2a: Riolu|0 fnt\n|faint|p2a: Riolu\n|move|p2b: Flutter Mane|Dazzling Gleam|p1a: Arcanine|[spread] p1a,p1b\n|-resisted|p1a: Arcanine\n|-supereffective|p1b: Ting-Lu\n|-damage|p1a: Arcanine|0 fnt\n|-damage|p1b: Ting-Lu|56\/100\n|faint|p1a: Arcanine\n|move|p1b: Ting-Lu|Heavy Slam|p2b: Flutter Mane\n|-supereffective|p2b: Flutter Mane\n|-damage|p2b: Flutter Mane|29\/100\n|\n|-weather|SunnyDay|[upkeep]\n|upkeep\n|\n|t:|1683981726\n|switch|p2a: Amoonguss|Amoonguss, L50, F, shiny|100\/100\n|switch|p1a: Roaring Moon|Roaring Moon, L50|100\/100\n|-activate|p1a: Roaring Moon|ability: Protosynthesis\n|-start|p1a: Roaring Moon|protosynthesisatk\n|turn|5\n|\n|t:|1683981737\n|-terastallize|p1a: Roaring Moon|Flying\n|move|p2b: Flutter Mane|Dazzling Gleam|p1a: Roaring Moon|[spread] p1a,p1b\n|-supereffective|p1b: Ting-Lu\n|-damage|p1a: Roaring Moon|62\/100\n|-damage|p1b: Ting-Lu|10\/100\n|move|p1a: Roaring Moon|Acrobatics|p2a: Amoonguss\n|-supereffective|p2a: Amoonguss\n|-damage|p2a: Amoonguss|31\/100\n|-enditem|p2a: Amoonguss|Sitrus Berry|[eat]\n|-heal|p2a: Amoonguss|56\/100|[from] item: Sitrus Berry\n|move|p1b: Ting-Lu|Heavy Slam|p2b: Flutter Mane\n|-supereffective|p2b: Flutter Mane\n|-damage|p2b: Flutter Mane|0 fnt\n|faint|p2b: Flutter Mane\n|-end|p2b: Flutter Mane|Protosynthesis|[silent]\n|move|p2a: Amoonguss|Pollen Puff|p2: Flutter Mane|[notarget]\n|-fail|p2a: Amoonguss\n|\n|-weather|SunnyDay|[upkeep]\n|upkeep\n|turn|6\n|inactive|PyroLockeyy has 30 seconds left.\n|\n|t:|1683981768\n|move|p1a: Roaring Moon|Throat Chop|p2a: Amoonguss\n|-damage|p2a: Amoonguss|13\/100\n|-start|p2a: Amoonguss|Throat Chop|[silent]\n|move|p1b: Ting-Lu|Stomping Tantrum|p2a: Amoonguss\n|-damage|p2a: Amoonguss|0 fnt\n|faint|p2a: Amoonguss\n|\n|win|PyroLockeyy\n|raw|PyroLockeyy's rating: 1065 → 1096<\/strong> (+31 for winning)\n|raw|CAUSEIMJP's rating: 1074 → 1052<\/strong> (-22 for losing)\n","uploadtime":1683981781,"views":15,"p1id":"pyrolockeyy","p2id":"causeimjp","formatid":"gen9vgc2023regulationc","rating":1052,"private":0,"password":""}