{"id":"gen9vgc2023regulationc-1846056081","p1":"Pidge86","p2":"CJ-zard","format":"[Gen 9] VGC 2023 Regulation C","log":"|j|\u2606Pidge86\n|j|\u2606CJ-zard\n|t:|1681798816\n|gametype|doubles\n|player|p1|Pidge86|2|1274\n|player|p2|CJ-zard|2|1277\n|teamsize|p1|6\n|teamsize|p2|6\n|gen|9\n|tier|[Gen 9] VGC 2023 Regulation C\n|rated|\n|rule|Species Clause: Limit one of each Pok\u00e9mon\n|rule|Item Clause: Limit one of each item\n|clearpoke\n|poke|p1|Palafin, L50, F|\n|poke|p1|Tauros-Paldea-Blaze, L50, M|\n|poke|p1|Chien-Pao, L50|\n|poke|p1|Flutter Mane, L50|\n|poke|p1|Dragapult, L50, M|\n|poke|p1|Amoonguss, L50, F|\n|poke|p2|Ting-Lu, L50|\n|poke|p2|Volcarona, L50, F|\n|poke|p2|Dragapult, L50, F|\n|poke|p2|Indeedee-F, L50, F|\n|poke|p2|Iron Hands, L50|\n|poke|p2|Murkrow, L50, M|\n|teampreview|4\n|inactive|Battle timer is ON: inactive players will automatically lose when time's up. (requested by Pidge86)\n|c|\u2606CJ-zard|glhf\n|inactive|Pidge86 has 60 seconds left.\n|inactive|CJ-zard has 60 seconds left.\n|inactive|Pidge86 has 30 seconds left.\n|inactive|Pidge86 has 20 seconds left.\n|\n|t:|1681798894\n|start\n|switch|p1a: Palafin|Palafin, L50, F|100\/100\n|switch|p1b: Amoonguss|Amoonguss, L50, F|100\/100\n|switch|p2a: Volcarona|Volcarona, L50, F, shiny|100\/100\n|switch|p2b: Mf Pult|Dragapult, L50, F, shiny|100\/100\n|turn|1\n|\n|t:|1681798917\n|move|p1a: Palafin|Protect|p1a: Palafin\n|-singleturn|p1a: Palafin|Protect\n|move|p2b: Mf Pult|Dragon Darts|p1b: Amoonguss\n|-damage|p1b: Amoonguss|77\/100\n|-anim|p2b: Mf Pult|Dragon Darts|p1b: Amoonguss\n|-damage|p1b: Amoonguss|55\/100\n|move|p2a: Volcarona|Overheat|p1b: Amoonguss\n|-supereffective|p1b: Amoonguss\n|-damage|p1b: Amoonguss|0 fnt\n|-unboost|p2a: Volcarona|spa|2\n|faint|p1b: Amoonguss\n|\n|upkeep\n|\n|t:|1681798929\n|switch|p1b: Chien-Pao|Chien-Pao, L50|100\/100\n|-ability|p1b: Chien-Pao|Sword of Ruin\n|turn|2\n|\n|t:|1681798950\n|-terastallize|p1a: Palafin|Water\n|move|p2b: Mf Pult|Protect|p2b: Mf Pult\n|-singleturn|p2b: Mf Pult|Protect\n|move|p1b: Chien-Pao|Sucker Punch||[still]\n|-fail|p1b: Chien-Pao\n|move|p1a: Palafin|Jet Punch|p2b: Mf Pult\n|-activate|p2b: Mf Pult|move: Protect\n|move|p2a: Volcarona|Will-O-Wisp|p1a: Palafin\n|-status|p1a: Palafin|brn\n|\n|-damage|p1a: Palafin|95\/100 brn|[from] brn\n|upkeep\n|turn|3\n|\n|t:|1681798969\n|-terastallize|p2b: Mf Pult|Steel\n|move|p2b: Mf Pult|Dragon Darts|p1b: Chien-Pao\n|-damage|p1b: Chien-Pao|65\/100\n|-anim|p2b: Mf Pult|Dragon Darts|p1a: Palafin\n|-crit|p1a: Palafin\n|-damage|p1a: Palafin|33\/100 brn\n|move|p1b: Chien-Pao|Ice Spinner|p2b: Mf Pult\n|-resisted|p2b: Mf Pult\n|-damage|p2b: Mf Pult|61\/100\n|move|p2a: Volcarona|Will-O-Wisp|p1b: Chien-Pao\n|-status|p1b: Chien-Pao|brn\n|move|p1a: Palafin|Wave Crash|p2a: Volcarona\n|-supereffective|p2a: Volcarona\n|-damage|p2a: Volcarona|0 fnt\n|faint|p2a: Volcarona\n|-damage|p1a: Palafin|2\/100 brn|[from] Recoil\n|\n|-damage|p1b: Chien-Pao|59\/100 brn|[from] brn\n|-damage|p1a: Palafin|0 fnt|[from] brn\n|faint|p1a: Palafin\n|upkeep\n|\n|t:|1681798985\n|switch|p2a: Playb Cartrow|Murkrow, L50, M|100\/100\n|switch|p1a: drake|Dragapult, L50, M|100\/100\n|turn|4\n|\n|t:|1681799004\n|move|p1b: Chien-Pao|Protect|p1b: Chien-Pao\n|-singleturn|p1b: Chien-Pao|Protect\n|move|p2a: Playb Cartrow|Perish Song|p2a: Playb Cartrow\n|-start|p1a: drake|perish3|[silent]\n|-start|p1b: Chien-Pao|perish3|[silent]\n|-start|p2a: Playb Cartrow|perish3|[silent]\n|-start|p2b: Mf Pult|perish3|[silent]\n|-fieldactivate|move: Perish Song\n|move|p2b: Mf Pult|Phantom Force||[still]\n|-prepare|p2b: Mf Pult|Phantom Force\n|-enditem|p2b: Mf Pult|Power Herb\n|-anim|p2b: Mf Pult|Phantom Force|p1a: drake\n|-supereffective|p1a: drake\n|-damage|p1a: drake|0 fnt\n|faint|p1a: drake\n|\n|-damage|p1b: Chien-Pao|54\/100 brn|[from] brn\n|-start|p2b: Mf Pult|perish3\n|-start|p1b: Chien-Pao|perish3\n|-start|p2a: Playb Cartrow|perish3\n|upkeep\n|turn|5\n|-message|Pidge86 forfeited.\n|\n|win|CJ-zard\n|raw|Pidge86's rating: 1274 → 1249<\/strong> (-25 for losing)\n|raw|CJ-zard's rating: 1277 → 1302<\/strong> (+25 for winning)\n|l|\u2606Pidge86\n|c|\u2606CJ-zard|noooo not drake\n","uploadtime":1681799017,"views":5,"p1id":"pidge86","p2id":"cjzard","formatid":"gen9vgc2023regulationc","rating":1249,"private":0,"password":""}