{"id":"gen9vgc2023regulationc-1851375831","p1":"Whatever0512","p2":"Brendu04","format":"[Gen 9] VGC 2023 Regulation C","log":"|j|\u2606Whatever0512\n|j|\u2606Brendu04\n|t:|1682440105\n|gametype|doubles\n|player|p1|Whatever0512|266|1378\n|player|p2|Brendu04|hilbert-wonderlauncher|1300\n|teamsize|p1|6\n|teamsize|p2|6\n|gen|9\n|tier|[Gen 9] VGC 2023 Regulation C\n|rated|\n|rule|Species Clause: Limit one of each Pok\u00e9mon\n|rule|Item Clause: Limit one of each item\n|clearpoke\n|poke|p1|Talonflame, L50, F|\n|poke|p1|Flutter Mane, L50|\n|poke|p1|Tyranitar, L50, F|\n|poke|p1|Iron Bundle, L50|\n|poke|p1|Gothitelle, L50, M|\n|poke|p1|Great Tusk, L50|\n|poke|p2|Amoonguss, L50, F|\n|poke|p2|Arcanine, L50, M|\n|poke|p2|Baxcalibur, L50, M|\n|poke|p2|Talonflame, L50, F|\n|poke|p2|Flutter Mane, L50|\n|poke|p2|Sandy Shocks, L50|\n|teampreview|4\n|\n|t:|1682440130\n|start\n|switch|p1a: Gothitelle|Gothitelle, L50, M|100\/100\n|switch|p1b: Flutter Mane|Flutter Mane, L50|100\/100\n|switch|p2a: Talonflame|Talonflame, L50, F|100\/100\n|switch|p2b: Flutter Mane|Flutter Mane, L50|100\/100\n|-enditem|p2b: Flutter Mane|Booster Energy\n|-activate|p2b: Flutter Mane|ability: Protosynthesis|[fromitem]\n|-start|p2b: Flutter Mane|protosynthesisspa\n|turn|1\n|\n|t:|1682440160\n|-end|p1b: Flutter Mane|Protosynthesis|[silent]\n|switch|p1b: Tyranitar|Tyranitar, L50, F|100\/100\n|-weather|Sandstorm|[from] ability: Sand Stream|[of] p1b: Tyranitar\n|-terastallize|p2b: Flutter Mane|Fairy\n|move|p2a: Talonflame|Tailwind|p2a: Talonflame\n|-sidestart|p2: Brendu04|move: Tailwind\n|move|p2b: Flutter Mane|Shadow Ball|p1b: Tyranitar\n|-resisted|p1b: Tyranitar\n|-damage|p1b: Tyranitar|88\/100\n|move|p1a: Gothitelle|Thunder Wave|p2b: Flutter Mane\n|-status|p2b: Flutter Mane|par\n|\n|-weather|Sandstorm|[upkeep]\n|-damage|p2a: Talonflame|95\/100|[from] Sandstorm\n|-damage|p2b: Flutter Mane|94\/100 par|[from] Sandstorm\n|-damage|p1a: Gothitelle|95\/100|[from] Sandstorm\n|upkeep\n|turn|2\n|\n|t:|1682440187\n|switch|p1b: Flutter Mane|Flutter Mane, L50|100\/100\n|move|p2a: Talonflame|Will-O-Wisp|p1b: Flutter Mane|[miss]\n|-miss|p2a: Talonflame|p1b: Flutter Mane\n|move|p2b: Flutter Mane|Shadow Ball|p1a: Gothitelle\n|-supereffective|p1a: Gothitelle\n|-damage|p1a: Gothitelle|7\/100\n|-enditem|p1a: Gothitelle|Sitrus Berry|[eat]\n|-heal|p1a: Gothitelle|32\/100|[from] item: Sitrus Berry\n|move|p1a: Gothitelle|Taunt|p2a: Talonflame\n|-start|p2a: Talonflame|move: Taunt\n|\n|-weather|Sandstorm|[upkeep]\n|-damage|p2a: Talonflame|89\/100|[from] Sandstorm\n|-damage|p2b: Flutter Mane|88\/100 par|[from] Sandstorm\n|-damage|p1b: Flutter Mane|95\/100|[from] Sandstorm\n|-damage|p1a: Gothitelle|26\/100|[from] Sandstorm\n|upkeep\n|turn|3\n|inactive|Battle timer is ON: inactive players will automatically lose when time's up. (requested by Brendu04)\n|\n|t:|1682440254\n|move|p2a: Talonflame|Brave Bird|p1b: Flutter Mane\n|-damage|p1b: Flutter Mane|26\/100\n|-damage|p2a: Talonflame|67\/100|[from] Recoil\n|cant|p2b: Flutter Mane|par\n|move|p1b: Flutter Mane|Shadow Ball|p2a: Talonflame\n|-damage|p2a: Talonflame|0 fnt\n|faint|p2a: Talonflame\n|move|p1a: Gothitelle|Thunder Wave|p2b: Flutter Mane|[miss]\n|-miss|p1a: Gothitelle|p2b: Flutter Mane\n|\n|-weather|Sandstorm|[upkeep]\n|-damage|p2b: Flutter Mane|82\/100 par|[from] Sandstorm\n|-damage|p1b: Flutter Mane|20\/100|[from] Sandstorm\n|-damage|p1a: Gothitelle|21\/100|[from] Sandstorm\n|upkeep\n|\n|t:|1682440266\n|switch|p2a: Sandy Shocks|Sandy Shocks, L50|100\/100\n|turn|4\n|inactive|Whatever0512 has 30 seconds left.\n|inactive|Whatever0512 has 20 seconds left.\n|inactive|Whatever0512 has 15 seconds left.\n|inactive|Whatever0512 has 10 seconds left.\n|inactive|Whatever0512 has 5 seconds left.\n|\n|t:|1682440319\n|-end|p1b: Flutter Mane|Protosynthesis|[silent]\n|switch|p1b: Tyranitar|Tyranitar, L50, F|88\/100\n|move|p2a: Sandy Shocks|Earth Power|p1b: Tyranitar\n|-supereffective|p1b: Tyranitar\n|-damage|p1b: Tyranitar|42\/100\n|-damage|p2a: Sandy Shocks|91\/100|[from] item: Life Orb\n|move|p2b: Flutter Mane|Dazzling Gleam|p1b: Tyranitar|[spread] p1a,p1b\n|-supereffective|p1b: Tyranitar\n|-damage|p1a: Gothitelle|0 fnt\n|-damage|p1b: Tyranitar|0 fnt\n|faint|p1a: Gothitelle\n|faint|p1b: Tyranitar\n|\n|-weather|Sandstorm|[upkeep]\n|-damage|p2b: Flutter Mane|76\/100 par|[from] Sandstorm\n|-sideend|p2: Brendu04|move: Tailwind\n|upkeep\n|\n|t:|1682440328\n|switch|p1b: Great Tusk|Great Tusk, L50|100\/100\n|switch|p1a: Flutter Mane|Flutter Mane, L50|20\/100\n|turn|5\n|inactive|Whatever0512 has 30 seconds left.\n|\n|t:|1682440361\n|-end|p2b: Flutter Mane|Protosynthesis|[silent]\n|switch|p2b: Arcanine|Arcanine, L50, M|100\/100\n|-ability|p2b: Arcanine|Intimidate|boost\n|-unboost|p1a: Flutter Mane|atk|1\n|-unboost|p1b: Great Tusk|atk|1\n|move|p1a: Flutter Mane|Dazzling Gleam|p2a: Sandy Shocks|[spread] p2a,p2b\n|-resisted|p2b: Arcanine\n|-damage|p2a: Sandy Shocks|35\/100\n|-damage|p2b: Arcanine|74\/100\n|move|p2a: Sandy Shocks|Thunderbolt|p1a: Flutter Mane\n|-damage|p1a: Flutter Mane|0 fnt\n|faint|p1a: Flutter Mane\n|-end|p1a: Flutter Mane|Protosynthesis|[silent]\n|-damage|p2a: Sandy Shocks|25\/100|[from] item: Life Orb\n|move|p1b: Great Tusk|Earthquake|p2a: Sandy Shocks|[spread] p2a,p2b\n|-supereffective|p2a: Sandy Shocks\n|-supereffective|p2b: Arcanine\n|-damage|p2a: Sandy Shocks|0 fnt\n|-damage|p2b: Arcanine|0 fnt\n|faint|p2a: Sandy Shocks\n|-end|p2a: Sandy Shocks|Protosynthesis|[silent]\n|faint|p2b: Arcanine\n|-damage|p1b: Great Tusk|91\/100|[from] item: Life Orb\n|\n|-weather|none\n|upkeep\n|\n|t:|1682440374\n|switch|p2b: Flutter Mane|Flutter Mane, L50, tera:Fairy|76\/100 par\n|turn|6\n|\n|t:|1682440380\n|-terastallize|p1b: Great Tusk|Ground\n|move|p1b: Great Tusk|Headlong Rush|p2b: Flutter Mane\n|-damage|p2b: Flutter Mane|0 fnt\n|-unboost|p1b: Great Tusk|def|1\n|-unboost|p1b: Great Tusk|spd|1\n|faint|p2b: Flutter Mane\n|-end|p2b: Flutter Mane|Protosynthesis|[silent]\n|-damage|p1b: Great Tusk|81\/100|[from] item: Life Orb\n|\n|win|Whatever0512\n|raw|Whatever0512's rating: 1378 → 1394<\/strong> (+16 for winning)\n|raw|Brendu04's rating: 1300 → 1281<\/strong> (-19 for losing)\n|l|\u2606Brendu04\n|c|\u2606Whatever0512|Gg\n","uploadtime":1682440405,"views":7,"p1id":"whatever0512","p2id":"brendu04","formatid":"gen9vgc2023regulationc","rating":1281,"private":0,"password":""}