{"id":"gen9vgc2023regulationc-1848614646","p1":"Jbenn","p2":"Evil Flowey","format":"[Gen 9] VGC 2023 Regulation C","log":"|j|\u2606Jbenn\n|j|\u2606Evil Flowey\n|t:|1682094642\n|gametype|doubles\n|player|p1|Jbenn|169|1477\n|player|p2|Evil Flowey|volo|1498\n|teamsize|p1|6\n|teamsize|p2|6\n|gen|9\n|tier|[Gen 9] VGC 2023 Regulation C\n|rated|\n|rule|Species Clause: Limit one of each Pok\u00e9mon\n|rule|Item Clause: Limit one of each item\n|clearpoke\n|poke|p1|Roaring Moon, L50|\n|poke|p1|Gholdengo, L50|\n|poke|p1|Great Tusk, L50|\n|poke|p1|Hariyama, L50, M|\n|poke|p1|Mimikyu, L50, M|\n|poke|p1|Gyarados, L50, M|\n|poke|p2|Baxcalibur, L50, M|\n|poke|p2|Torkoal, L50, F|\n|poke|p2|Chi-Yu, L50|\n|poke|p2|Ting-Lu, L50|\n|poke|p2|Dachsbun, L50, M|\n|poke|p2|Kingambit, L50, M|\n|teampreview|4\n|inactive|Battle timer is ON: inactive players will automatically lose when time's up. (requested by Evil Flowey)\nJbenn has agreed to open team sheets.\nEvil Flowey has agreed to open team sheets.\n|inactive|Jbenn has 60 seconds left.\n|inactive|Evil Flowey has 60 seconds left.\n|inactive|Jbenn has 30 seconds left.\n|inactive|Evil Flowey has 30 seconds left.\n|inactive|Jbenn has 20 seconds left.\n|inactive|Evil Flowey has 20 seconds left.\n|inactive|Jbenn has 15 seconds left.\n|inactive|Evil Flowey has 15 seconds left.\n|inactive|Jbenn has 10 seconds left.\n|inactive|Jbenn has 5 seconds left.\n|\n|t:|1682094733\n|start\n|switch|p1a: Hariyama|Hariyama, L50, M, shiny|100\/100\n|switch|p1b: Gholdengo|Gholdengo, L50|100\/100\n|switch|p2a: Chi-Yu|Chi-Yu, L50|100\/100\n|switch|p2b: Cagnotta|Dachsbun, L50, M, shiny|100\/100\n|-ability|p2a: Chi-Yu|Beads of Ruin\n|turn|1\n|inactive|Evil Flowey has 30 seconds left.\n|inactive|Evil Flowey has 20 seconds left.\n|inactive|Evil Flowey has 15 seconds left.\n|\n|t:|1682094776\n|move|p1b: Gholdengo|Protect|p1b: Gholdengo\n|-singleturn|p1b: Gholdengo|Protect\n|move|p2a: Chi-Yu|Lava Plume|p1a: Hariyama|[spread] p1a\n|-activate|p1b: Gholdengo|move: Protect\n|-ability|p2b: Cagnotta|Well-Baked Body|boost\n|-boost|p2b: Cagnotta|def|2\n|-damage|p1a: Hariyama|80\/100\n|move|p2b: Cagnotta|Body Press|p1b: Gholdengo\n|-activate|p1b: Gholdengo|move: Protect\n|move|p1a: Hariyama|Close Combat|p2a: Chi-Yu\n|-supereffective|p2a: Chi-Yu\n|-damage|p2a: Chi-Yu|0 fnt\n|-unboost|p1a: Hariyama|def|1\n|-unboost|p1a: Hariyama|spd|1\n|faint|p2a: Chi-Yu\n|\n|upkeep\n|\n|t:|1682094800\n|switch|p2a: Luigi|Torkoal, L50, F|100\/100\n|-weather|SunnyDay|[from] ability: Drought|[of] p2a: Luigi\n|turn|2\n|j| efrgebgf\n|l| efrgebgf\n|inactive|Jbenn has 30 seconds left.\n|\n|t:|1682094826\n|move|p1a: Hariyama|Wide Guard|p1a: Hariyama\n|-singleturn|p1a: Hariyama|Wide Guard\n|move|p2b: Cagnotta|Body Press|p1a: Hariyama\n|-damage|p1a: Hariyama|0 fnt\n|faint|p1a: Hariyama\n|move|p1b: Gholdengo|Make It Rain|p2a: Luigi|[spread] p2a,p2b\n|-resisted|p2a: Luigi\n|-supereffective|p2b: Cagnotta\n|-damage|p2a: Luigi|68\/100\n|-damage|p2b: Cagnotta|0 fnt\n|-unboost|p1b: Gholdengo|spa|1\n|faint|p2b: Cagnotta\n|move|p2a: Luigi|Lava Plume|p1b: Gholdengo\n|-activate|p1b: Gholdengo|move: Wide Guard\n|\n|-weather|SunnyDay|[upkeep]\n|upkeep\n|j| musapa\n|l| musapa\n|inactive|Jbenn has 30 seconds left.\n|inactive|Jbenn has 20 seconds left.\n|inactive|Jbenn has 15 seconds left.\n|inactive|Jbenn has 10 seconds left.\n|\n|t:|1682094872\n|switch|p2b: Queengambit|Kingambit, L50, M|100\/100\n|switch|p1a: Roaring Moon|Roaring Moon, L50|100\/100\n|-activate|p1a: Roaring Moon|ability: Protosynthesis\n|-start|p1a: Roaring Moon|protosynthesisspe\n|turn|3\n|inactive|Evil Flowey has 30 seconds left.\n|inactive|Evil Flowey has 20 seconds left.\n|inactive|Evil Flowey has 15 seconds left.\n|inactive|Evil Flowey has 10 seconds left.\n|\n|t:|1682094917\n|-terastallize|p1a: Roaring Moon|Flying\n|move|p1b: Gholdengo|Protect|p1b: Gholdengo\n|-singleturn|p1b: Gholdengo|Protect\n|move|p2a: Luigi|Protect|p2a: Luigi\n|-singleturn|p2a: Luigi|Protect\n|move|p1a: Roaring Moon|Acrobatics|p2a: Luigi\n|-activate|p2a: Luigi|move: Protect\n|move|p2b: Queengambit|Assurance|p1b: Gholdengo\n|-activate|p1b: Gholdengo|move: Protect\n|\n|-weather|SunnyDay|[upkeep]\n|upkeep\n|turn|4\n|inactive|Jbenn has 30 seconds left.\n|inactive|Jbenn has 20 seconds left.\n|inactive|Jbenn has 15 seconds left.\n|inactive|Jbenn has 10 seconds left.\n|\n|t:|1682094964\n|-terastallize|p2b: Queengambit|Flying\n|move|p1a: Roaring Moon|Acrobatics|p2a: Luigi\n|-damage|p2a: Luigi|45\/100\n|-enditem|p2a: Luigi|Sitrus Berry|[eat]\n|-heal|p2a: Luigi|69\/100|[from] item: Sitrus Berry\n|move|p1b: Gholdengo|Thunderbolt|p2a: Luigi\n|-damage|p2a: Luigi|41\/100\n|move|p2b: Queengambit|Iron Head|p1a: Roaring Moon\n|-damage|p1a: Roaring Moon|46\/100\n|move|p2a: Luigi|Lava Plume|p1b: Gholdengo|[spread] p2b,p1a,p1b\n|-supereffective|p1b: Gholdengo\n|-damage|p2b: Queengambit|77\/100\n|-damage|p1a: Roaring Moon|10\/100\n|-damage|p1b: Gholdengo|13\/100\n|\n|-weather|SunnyDay|[upkeep]\n|-heal|p1b: Gholdengo|19\/100|[from] item: Leftovers\n|upkeep\n|turn|5\n|inactive|Jbenn has 30 seconds left.\n|inactive|Jbenn has 20 seconds left.\n|inactive|Jbenn has 15 seconds left.\n|inactive|Jbenn has 10 seconds left.\n|inactive|Jbenn has 5 seconds left.\n|\n|t:|1682095015\n|move|p1a: Roaring Moon|Protect|p1a: Roaring Moon\n|-singleturn|p1a: Roaring Moon|Protect\n|move|p2b: Queengambit|Sucker Punch||[still]\n|-fail|p2b: Queengambit\n|move|p1b: Gholdengo|Thunderbolt|p2b: Queengambit\n|-supereffective|p2b: Queengambit\n|-damage|p2b: Queengambit|45\/100\n|move|p2a: Luigi|Solar Beam||[still]\n|-prepare|p2a: Luigi|Solar Beam\n|-anim|p2a: Luigi|Solar Beam|p1b: Gholdengo\n|-resisted|p1b: Gholdengo\n|-damage|p1b: Gholdengo|2\/100\n|\n|-weather|SunnyDay|[upkeep]\n|-heal|p1b: Gholdengo|8\/100|[from] item: Leftovers\n|upkeep\n|turn|6\n|inactive|Jbenn has 30 seconds left.\n|inactive|Jbenn has 20 seconds left.\n|\n|t:|1682095053\n|move|p1b: Gholdengo|Protect|p1b: Gholdengo\n|-singleturn|p1b: Gholdengo|Protect\n|move|p1a: Roaring Moon|Tailwind|p1a: Roaring Moon\n|-sidestart|p1: Jbenn|move: Tailwind\n|move|p2b: Queengambit|Assurance|p1a: Roaring Moon\n|-damage|p1a: Roaring Moon|0 fnt\n|faint|p1a: Roaring Moon\n|-end|p1a: Roaring Moon|Protosynthesis|[silent]\n|move|p2a: Luigi|Solar Beam||[still]\n|-prepare|p2a: Luigi|Solar Beam\n|-anim|p2a: Luigi|Solar Beam|p1b: Gholdengo\n|-activate|p1b: Gholdengo|move: Protect\n|\n|-weather|none\n|-heal|p1b: Gholdengo|13\/100|[from] item: Leftovers\n|upkeep\n|\n|t:|1682095062\n|switch|p1a: Great Tusk|Great Tusk, L50|100\/100\n|turn|7\n|\n|t:|1682095080\n|move|p2a: Luigi|Protect|p2a: Luigi\n|-singleturn|p2a: Luigi|Protect\n|move|p1b: Gholdengo|Thunderbolt|p2b: Queengambit\n|-supereffective|p2b: Queengambit\n|-damage|p2b: Queengambit|12\/100\n|move|p1a: Great Tusk|Ice Spinner|p2b: Queengambit\n|-supereffective|p2b: Queengambit\n|-damage|p2b: Queengambit|0 fnt\n|faint|p2b: Queengambit\n|-damage|p1a: Great Tusk|90\/100|[from] item: Life Orb\n|\n|-heal|p1b: Gholdengo|19\/100|[from] item: Leftovers\n|upkeep\n|turn|8\n|\n|t:|1682095089\n|move|p1a: Great Tusk|Headlong Rush|p2a: Luigi\n|-supereffective|p2a: Luigi\n|-damage|p2a: Luigi|0 fnt\n|-unboost|p1a: Great Tusk|def|1\n|-unboost|p1a: Great Tusk|spd|1\n|faint|p2a: Luigi\n|-damage|p1a: Great Tusk|80\/100|[from] item: Life Orb\n|\n|win|Jbenn\n|raw|Jbenn's rating: 1477 → 1498<\/strong> (+21 for winning)\n|raw|Evil Flowey's rating: 1498 → 1477<\/strong> (-21 for losing)\n|c|\u2606Jbenn|gg yo\n|c|\u2606Jbenn|wp\n","uploadtime":1682095118,"views":6,"p1id":"jbenn","p2id":"evilflowey","formatid":"gen9vgc2023regulationc","rating":1477,"private":0,"password":""}