{"id":"gen9vgc2023regulationc-1858035917","p1":"chipndip","p2":"chicagocubsfan87","format":"[Gen 9] VGC 2023 Regulation C","log":"|j|\u2606chipndip\n|j|\u2606chicagocubsfan87\n|t:|1683264188\n|gametype|doubles\n|player|p1|chipndip|blackbelt-gen4dp|\n|player|p2|chicagocubsfan87|crasherwake|\n|teamsize|p1|6\n|teamsize|p2|6\n|gen|9\n|tier|[Gen 9] VGC 2023 Regulation C\n|rule|Species Clause: Limit one of each Pok\u00e9mon\n|rule|Item Clause: Limit one of each item\n|clearpoke\n|poke|p1|Chien-Pao, L50|\n|poke|p1|Indeedee-F, L50, F|\n|poke|p1|Meowscarada, L50, F|\n|poke|p1|Florges-Blue, L50, F|\n|poke|p1|Tauros-Paldea-Aqua, L50, M|\n|poke|p1|Armarouge, L50, F|\n|poke|p2|Chien-Pao, L50|\n|poke|p2|Azumarill, L50, F|\n|poke|p2|Amoonguss, L50, M|\n|poke|p2|Flutter Mane, L50|\n|poke|p2|Arcanine, L50, M|\n|poke|p2|Dragonite, L50, F|\n|teampreview|4\nchipndip has agreed to open team sheets.\nchicagocubsfan87 has agreed to open team sheets.\n|inactive|Battle timer is ON: inactive players will automatically lose when time's up. (requested by chipndip)\n|inactive|chipndip has 60 seconds left.\n|inactive|chicagocubsfan87 has 60 seconds left.\n|\n|t:|1683264270\n|start\n|switch|p1a: Armarouge|Armarouge, L50, F|100\/100\n|switch|p1b: Chien-Pao|Chien-Pao, L50|100\/100\n|switch|p2a: Azumarill|Azumarill, L50, F|100\/100\n|switch|p2b: Arcanine|Arcanine, L50, M|100\/100\n|-ability|p1b: Chien-Pao|Sword of Ruin\n|-ability|p2b: Arcanine|Intimidate|boost\n|-unboost|p1a: Armarouge|atk|1\n|-unboost|p1b: Chien-Pao|atk|1\n|turn|1\n|inactive|chipndip has 30 seconds left.\n|inactive|chicagocubsfan87 has 30 seconds left.\n|inactive|chicagocubsfan87 has 20 seconds left.\n|inactive|chicagocubsfan87 has 15 seconds left.\n|\n|t:|1683264310\n|-terastallize|p1a: Armarouge|Grass\n|move|p1b: Chien-Pao|Protect|p1b: Chien-Pao\n|-singleturn|p1b: Chien-Pao|Protect\n|move|p2b: Arcanine|Will-O-Wisp|p1b: Chien-Pao\n|-activate|p1b: Chien-Pao|move: Protect\n|move|p1a: Armarouge|Energy Ball|p2a: Azumarill\n|-supereffective|p2a: Azumarill\n|-damage|p2a: Azumarill|27\/100\n|move|p2a: Azumarill|Liquidation|p1a: Armarouge\n|-resisted|p1a: Armarouge\n|-damage|p1a: Armarouge|65\/100\n|\n|upkeep\n|turn|2\n|inactive|chicagocubsfan87 has 30 seconds left.\n|\n|t:|1683264340\n|switch|p1b: Indeedee|Indeedee-F, L50, F|100\/100\n|-fieldstart|move: Psychic Terrain|[from] ability: Psychic Surge|[of] p1b: Indeedee\n|move|p2a: Azumarill|Aqua Jet|p1b: Indeedee\n|-activate|p1b: Indeedee|move: Psychic Terrain\n|move|p2b: Arcanine|Flare Blitz|p1a: Armarouge\n|-start|p1a: Armarouge|ability: Flash Fire\n|move|p1a: Armarouge|Expanding Force|p2b: Arcanine|[spread] p2a,p2b\n|-damage|p2a: Azumarill|0 fnt\n|-damage|p2b: Arcanine|45\/100\n|-enditem|p2b: Arcanine|Sitrus Berry|[eat]\n|-heal|p2b: Arcanine|70\/100|[from] item: Sitrus Berry\n|faint|p2a: Azumarill\n|\n|upkeep\n|\n|t:|1683264359\n|switch|p2a: Flutter Mane|Flutter Mane, L50|100\/100\n|-enditem|p2a: Flutter Mane|Booster Energy\n|-activate|p2a: Flutter Mane|ability: Protosynthesis|[fromitem]\n|-start|p2a: Flutter Mane|protosynthesisspa\n|turn|3\n|inactive|chipndip has 30 seconds left.\n|\n|t:|1683264386\n|move|p1b: Indeedee|Helping Hand|p1a: Armarouge\n|-singleturn|p1a: Armarouge|Helping Hand|[of] p1b: Indeedee\n|move|p2a: Flutter Mane|Calm Mind|p2a: Flutter Mane\n|-boost|p2a: Flutter Mane|spa|1\n|-boost|p2a: Flutter Mane|spd|1\n|move|p2b: Arcanine|Snarl|p1a: Armarouge|[spread] p1a,p1b\n|-supereffective|p1b: Indeedee\n|-damage|p1a: Armarouge|56\/100\n|-damage|p1b: Indeedee|84\/100\n|-unboost|p1a: Armarouge|spa|1\n|-unboost|p1b: Indeedee|spa|1\n|move|p1a: Armarouge|Armor Cannon|p2a: Flutter Mane\n|-damage|p2a: Flutter Mane|42\/100\n|-unboost|p1a: Armarouge|def|1\n|-unboost|p1a: Armarouge|spd|1\n|\n|upkeep\n|turn|4\n|inactive|chipndip has 30 seconds left.\n|inactive|chicagocubsfan87 has 30 seconds left.\n|inactive|chipndip has 20 seconds left.\n|inactive|chicagocubsfan87 has 20 seconds left.\n|inactive|chicagocubsfan87 has 15 seconds left.\n|\n|t:|1683264429\n|move|p1b: Indeedee|Protect|p1b: Indeedee\n|-singleturn|p1b: Indeedee|Protect\n|move|p2a: Flutter Mane|Dazzling Gleam|p1a: Armarouge|[spread] p1a\n|-activate|p1b: Indeedee|move: Protect\n|-damage|p1a: Armarouge|0 fnt\n|faint|p1a: Armarouge\n|move|p2b: Arcanine|Flare Blitz|p1b: Indeedee\n|-activate|p1b: Indeedee|move: Protect\n|\n|upkeep\n|\n|t:|1683264438\n|switch|p1a: Chien-Pao|Chien-Pao, L50|100\/100\n|-ability|p1a: Chien-Pao|Sword of Ruin\n|turn|5\n|\n|t:|1683264461\n|move|p1b: Indeedee|Helping Hand|p1a: Chien-Pao\n|-singleturn|p1a: Chien-Pao|Helping Hand|[of] p1b: Indeedee\n|move|p2a: Flutter Mane|Protect|p2a: Flutter Mane\n|-singleturn|p2a: Flutter Mane|Protect\n|move|p1a: Chien-Pao|Throat Chop|p2b: Arcanine\n|-damage|p2b: Arcanine|0 fnt\n|faint|p2b: Arcanine\n|\n|upkeep\n|\n|t:|1683264469\n|switch|p2b: Amoonguss|Amoonguss, L50, M|100\/100\n|turn|6\n|\n|t:|1683264491\n|move|p1b: Indeedee|Helping Hand|p1a: Chien-Pao\n|-singleturn|p1a: Chien-Pao|Helping Hand|[of] p1b: Indeedee\n|move|p2b: Amoonguss|Rage Powder|p2b: Amoonguss\n|-singleturn|p2b: Amoonguss|move: Rage Powder\n|move|p1a: Chien-Pao|Ice Spinner|p2b: Amoonguss\n|-supereffective|p2b: Amoonguss\n|-damage|p2b: Amoonguss|0 fnt\n|-fieldend|move: Psychic Terrain\n|faint|p2b: Amoonguss\n|move|p2a: Flutter Mane|Dazzling Gleam|p1b: Indeedee|[spread] p1a,p1b\n|-supereffective|p1a: Chien-Pao\n|-enditem|p1a: Chien-Pao|Focus Sash\n|-damage|p1a: Chien-Pao|1\/100\n|-damage|p1b: Indeedee|30\/100\n|\n|upkeep\n|turn|7\n|c|\u2606chipndip|This really comes down to a speed tie\n|c|\u2606chicagocubsfan87|you'd think that\n|inactive|chipndip has 30 seconds left.\n|inactive|chipndip has 20 seconds left.\n|\n|t:|1683264530\n|move|p1a: Chien-Pao|Ice Spinner|p2a: Flutter Mane\n|-damage|p2a: Flutter Mane|0 fnt\n|faint|p2a: Flutter Mane\n|-end|p2a: Flutter Mane|Protosynthesis|[silent]\n|\n|win|chipndip\n|c|\u2606chicagocubsfan87|but this is actually a bulky set\n|c|\u2606chipndip|PFFFFT\n|c|\u2606chipndip|GGs on that set man\n|c|\u2606chicagocubsfan87|ggs\n|c|\u2606chipndip|I got one more team if you want to do another set\n|c|\u2606chipndip|The one that I was testing at work\n|c|\u2606chicagocubsfan87|nah im tired\n|c|\u2606chipndip|Gotcha gotcha. Another time.\n|c|\u2606chicagocubsfan87|later buddy\n|c|\u2606chipndip|u 2\n|l|\u2606chicagocubsfan87\n","uploadtime":1683264635,"views":11,"p1id":"chipndip","p2id":"chicagocubsfan87","formatid":"gen9vgc2023regulationc","rating":0,"private":0,"password":""}