{"id":"gen9vgc2023regulationc-1851637100","p1":"WindyEng","p2":"DrChocolateMD","format":"[Gen 9] VGC 2023 Regulation C","log":"|j|\u2606WindyEng\n|j|\u2606DrChocolateMD\n|t:|1682464027\n|gametype|doubles\n|player|p1|WindyEng|musician|\n|player|p2|DrChocolateMD|cyrus|\n|teamsize|p1|6\n|teamsize|p2|6\n|gen|9\n|tier|[Gen 9] VGC 2023 Regulation C\n|rule|Species Clause: Limit one of each Pok\u00e9mon\n|rule|Item Clause: Limit one of each item\n|clearpoke\n|poke|p1|Sandy Shocks, L50|\n|poke|p1|Maushold, L50|\n|poke|p1|Stonjourner, L50, M|\n|poke|p1|Skeledirge, L50, M|\n|poke|p1|Noivern, L50, F|\n|poke|p1|Sableye, L50, F|\n|poke|p2|Iron Bundle, L50|\n|poke|p2|Kingambit, L50, F|\n|poke|p2|Salazzle, L50, F|\n|poke|p2|Gengar, L50, M|\n|poke|p2|Baxcalibur, L50, F|\n|poke|p2|Mabosstiff, L50, M|\n|teampreview|4\n|j| pinapplehead\n|c|\u2606DrChocolateMD|GL GL !\nDrChocolateMD rejected open team sheets.\n|c| pinapplehead|prepare to be bombed\n|c|\u2606DrChocolateMD|Honestly, can I not? :P\n|c|\u2606WindyEng|glhf!\n|\n|t:|1682464169\n|start\n|switch|p1a: DiSableye|Sableye, L50, F, shiny|100\/100\n|switch|p1b: Batman\u2122|Noivern, L50, F|100\/100\n|switch|p2a: Nobody wo Levitate|Gengar, L50, M|100\/100\n|switch|p2b: Bork|Mabosstiff, L50, M|100\/100\n|-item|p2a: Nobody wo Levitate|Focus Sash|[from] ability: Frisk|[of] p1b: Batman\u2122|[identify]\n|-item|p2b: Bork|Sitrus Berry|[from] ability: Frisk|[of] p1b: Batman\u2122|[identify]\n|-ability|p2b: Bork|Intimidate|boost\n|-unboost|p1a: DiSableye|atk|1\n|-unboost|p1b: Batman\u2122|atk|1\n|turn|1\n|\n|t:|1682464216\n|move|p1a: DiSableye|Fake Out|p2b: Bork\n|-damage|p2b: Bork|95\/100\n|move|p1b: Batman\u2122|Tailwind|p1b: Batman\u2122\n|-sidestart|p1: WindyEng|move: Tailwind\n|move|p2a: Nobody wo Levitate|Toxic Spikes|p1b: Batman\u2122\n|-sidestart|p1: WindyEng|move: Toxic Spikes\n|cant|p2b: Bork|flinch\n|\n|upkeep\n|turn|2\n|c|\u2606WindyEng|toxic spikes - wild\n|\n|t:|1682464267\n|move|p2a: Nobody wo Levitate|Protect|p2a: Nobody wo Levitate\n|-singleturn|p2a: Nobody wo Levitate|Protect\n|move|p1a: DiSableye|Light Screen|p1a: DiSableye\n|-sidestart|p1: WindyEng|move: Light Screen\n|move|p1b: Batman\u2122|Air Slash|p2a: Nobody wo Levitate\n|-activate|p2a: Nobody wo Levitate|move: Protect\n|move|p2b: Bork|Snarl|p1b: Batman\u2122|[spread] p1a,p1b\n|-damage|p1a: DiSableye|93\/100\n|-damage|p1b: Batman\u2122|92\/100\n|-unboost|p1a: DiSableye|spa|1\n|\n|upkeep\n|turn|3\n|c|\u2606DrChocolateMD|It's only Wild if it Thornberries\n|\n|t:|1682464289\n|move|p1a: DiSableye|Reflect|p1a: DiSableye\n|-sidestart|p1: WindyEng|Reflect\n|move|p1b: Batman\u2122|Air Slash|p2a: Nobody wo Levitate\n|-damage|p2a: Nobody wo Levitate|49\/100\n|cant|p2a: Nobody wo Levitate|flinch\n|move|p2b: Bork|Snarl|p1b: Batman\u2122|[spread] p1a,p1b\n|-damage|p1a: DiSableye|86\/100\n|-damage|p1b: Batman\u2122|84\/100\n|-unboost|p1a: DiSableye|spa|1\n|\n|upkeep\n|turn|4\n|\n|t:|1682464307\n|move|p2a: Nobody wo Levitate|Protect|p2a: Nobody wo Levitate\n|-singleturn|p2a: Nobody wo Levitate|Protect\n|move|p1a: DiSableye|Thunder Wave|p2b: Bork\n|-hint|Since gen 7, Dark is immune to Prankster moves.\n|-immune|p2b: Bork\n|move|p1b: Batman\u2122|Air Slash|p2a: Nobody wo Levitate\n|-activate|p2a: Nobody wo Levitate|move: Protect\n|move|p2b: Bork|Snarl|p1a: DiSableye|[spread] p1a,p1b\n|-damage|p1a: DiSableye|79\/100\n|-damage|p1b: Batman\u2122|77\/100\n|-unboost|p1a: DiSableye|spa|1\n|\n|-sideend|p1: WindyEng|move: Tailwind\n|upkeep\n|turn|5\n|c|\u2606WindyEng|oops lol\n|\n|t:|1682464322\n|move|p1a: DiSableye|Thunder Wave|p2a: Nobody wo Levitate\n|-status|p2a: Nobody wo Levitate|par\n|move|p1b: Batman\u2122|Tailwind|p1b: Batman\u2122\n|-sidestart|p1: WindyEng|move: Tailwind\n|move|p2b: Bork|Swagger|p1b: Batman\u2122\n|-boost|p1b: Batman\u2122|atk|2\n|-start|p1b: Batman\u2122|confusion\n|move|p2a: Nobody wo Levitate|Toxic Spikes|p1b: Batman\u2122\n|-sidestart|p1: WindyEng|move: Toxic Spikes\n|\n|upkeep\n|turn|6\n|\n|t:|1682464362\n|switch|p1a: GarganaclButWorse|Stonjourner, L50, M|100\/100\n|-status|p1a: GarganaclButWorse|tox\n|move|p2a: Nobody wo Levitate|Protect|p2a: Nobody wo Levitate\n|-singleturn|p2a: Nobody wo Levitate|Protect\n|-activate|p1b: Batman\u2122|confusion\n|move|p1b: Batman\u2122|Air Slash|p2a: Nobody wo Levitate\n|-activate|p2a: Nobody wo Levitate|move: Protect\n|move|p2b: Bork|Snarl|p1b: Batman\u2122|[spread] p1a,p1b\n|-damage|p1a: GarganaclButWorse|84\/100 tox\n|-damage|p1b: Batman\u2122|68\/100\n|-unboost|p1a: GarganaclButWorse|spa|1\n|\n|-damage|p1a: GarganaclButWorse|78\/100 tox|[from] psn\n|upkeep\n|turn|7\n|c| pinapplehead|taking a page out of connors book\n|\n|t:|1682464408\n|-terastallize|p1a: GarganaclButWorse|Fighting\n|-activate|p1b: Batman\u2122|confusion\n|move|p1b: Batman\u2122|Air Slash|p2a: Nobody wo Levitate\n|-damage|p2a: Nobody wo Levitate|0 fnt\n|-start|p1b: Batman\u2122|Disable|Air Slash|[from] ability: Cursed Body|[of] p2a: Nobody wo Levitate\n|faint|p2a: Nobody wo Levitate\n|move|p1a: GarganaclButWorse|Low Kick|p2b: Bork\n|-supereffective|p2b: Bork\n|-damage|p2b: Bork|0 fnt\n|faint|p2b: Bork\n|\n|-damage|p1a: GarganaclButWorse|65\/100 tox|[from] psn\n|upkeep\n|c|\u2606DrChocolateMD|incoming Power Spot damage\n|\n|t:|1682464422\n|switch|p2a: Silly Samurai|Kingambit, L50, F|100\/100\n|switch|p2b: Bad Dragon|Baxcalibur, L50, F|100\/100\n|turn|8\n|\n|t:|1682464459\n|switch|p1b: DiSableye|Sableye, L50, F, shiny|79\/100\n|-status|p1b: DiSableye|tox\n|move|p2b: Bad Dragon|Protect|p2b: Bad Dragon\n|-singleturn|p2b: Bad Dragon|Protect\n|move|p2a: Silly Samurai|Protect|p2a: Silly Samurai\n|-singleturn|p2a: Silly Samurai|Protect\n|move|p1a: GarganaclButWorse|Low Kick|p2b: Bad Dragon\n|-activate|p2b: Bad Dragon|move: Protect\n|\n|-damage|p1a: GarganaclButWorse|47\/100 tox|[from] psn\n|-damage|p1b: DiSableye|73\/100 tox|[from] psn\n|-sideend|p1: WindyEng|move: Tailwind\n|upkeep\n|turn|9\n|\n|t:|1682464515\n|-terastallize|p2b: Bad Dragon|Poison\n|move|p1b: DiSableye|Fake Out|p2b: Bad Dragon\n|-damage|p2b: Bad Dragon|90\/100\n|cant|p2b: Bad Dragon|flinch\n|move|p1a: GarganaclButWorse|Low Kick|p2a: Silly Samurai\n|-supereffective|p2a: Silly Samurai\n|-damage|p2a: Silly Samurai|0 fnt\n|faint|p2a: Silly Samurai\n|\n|-damage|p1a: GarganaclButWorse|22\/100 tox|[from] psn\n|-damage|p1b: DiSableye|62\/100 tox|[from] psn\n|-sideend|p1: WindyEng|move: Light Screen\n|upkeep\n|turn|10\n|c|\u2606DrChocolateMD|Ahh you changed targets owo\n|c|\u2606WindyEng|gotta keep em guessing\n|\n|t:|1682464550\n|move|p2b: Bad Dragon|Protect|p2b: Bad Dragon\n|-singleturn|p2b: Bad Dragon|Protect\n|move|p1b: DiSableye|Thunder Wave|p2b: Bad Dragon\n|-activate|p2b: Bad Dragon|move: Protect\n|move|p1a: GarganaclButWorse|Rock Slide|p2b: Bad Dragon\n|-activate|p2b: Bad Dragon|move: Protect\n|\n|-damage|p1a: GarganaclButWorse|0 fnt|[from] psn\n|faint|p1a: GarganaclButWorse\n|-damage|p1b: DiSableye|44\/100 tox|[from] psn\n|-sideend|p1: WindyEng|Reflect\n|upkeep\n|\n|t:|1682464563\n|switch|p1a: Batman\u2122|Noivern, L50, F|68\/100\n|-item|p2b: Bad Dragon|Loaded Dice|[from] ability: Frisk|[of] p1a: Batman\u2122|[identify]\n|turn|11\n|\n|t:|1682464587\n|move|p2b: Bad Dragon|Ice Shard|p1a: Batman\u2122\n|-supereffective|p1a: Batman\u2122\n|-damage|p1a: Batman\u2122|0 fnt\n|faint|p1a: Batman\u2122\n|move|p1b: DiSableye|Reflect|p1b: DiSableye\n|-sidestart|p1: WindyEng|Reflect\n|\n|-damage|p1b: DiSableye|22\/100 tox|[from] psn\n|upkeep\n|\n|t:|1682464594\n|switch|p1a: Coarse & Rough|Sandy Shocks, L50|100\/100\n|-status|p1a: Coarse & Rough|tox\n|-enditem|p1a: Coarse & Rough|Booster Energy\n|-activate|p1a: Coarse & Rough|ability: Protosynthesis|[fromitem]\n|-start|p1a: Coarse & Rough|protosynthesisspe\n|turn|12\n|\n|t:|1682464610\n|move|p2b: Bad Dragon|Protect|p2b: Bad Dragon\n|-singleturn|p2b: Bad Dragon|Protect\n|move|p1b: DiSableye|Thunder Wave|p2b: Bad Dragon\n|-activate|p2b: Bad Dragon|move: Protect\n|move|p1a: Coarse & Rough|Earth Power|p2b: Bad Dragon\n|-activate|p2b: Bad Dragon|move: Protect\n|\n|-damage|p1a: Coarse & Rough|94\/100 tox|[from] psn\n|-damage|p1b: DiSableye|0 fnt|[from] psn\n|faint|p1b: DiSableye\n|upkeep\n|turn|13\n|\n|t:|1682464624\n|move|p1a: Coarse & Rough|Earth Power|p2b: Bad Dragon\n|-supereffective|p2b: Bad Dragon\n|-damage|p2b: Bad Dragon|0 fnt\n|faint|p2b: Bad Dragon\n|\n|win|WindyEng\n|c|\u2606WindyEng|uhoh\n|c|\u2606WindyEng|phew\n|c| pinapplehead|down to the wire\n|c|\u2606DrChocolateMD|Oh you're so fast lmao\n|c|\u2606WindyEng|gg - close one\n|c|\u2606DrChocolateMD|GG!\n","uploadtime":1682464638,"views":25,"p1id":"windyeng","p2id":"drchocolatemd","formatid":"gen9vgc2023regulationc","rating":0,"private":0,"password":""}