{"id":"gen9vgc2023regulationc-1850987437","p1":"Erick2803u","p2":"ScalonetaPibe","format":"[Gen 9] VGC 2023 Regulation C","log":"|j|\u2606Erick2803u\n|j|\u2606ScalonetaPibe\n|t:|1682390590\n|gametype|doubles\n|player|p1|Erick2803u|102|\n|player|p2|ScalonetaPibe|pokemaniac|\n|teamsize|p1|6\n|teamsize|p2|6\n|gen|9\n|tier|[Gen 9] VGC 2023 Regulation C\n|rule|Species Clause: Limit one of each Pok\u00e9mon\n|rule|Item Clause: Limit one of each item\n|clearpoke\n|poke|p1|Ting-Lu, L50|\n|poke|p1|Flutter Mane, L50|\n|poke|p1|Amoonguss, L50, M|\n|poke|p1|Palafin, L50, F|\n|poke|p1|Baxcalibur, L50, F|\n|poke|p1|Arcanine, L50, M|\n|poke|p2|Murkrow, L50, F|\n|poke|p2|Chi-Yu, L50|\n|poke|p2|Flutter Mane, L50|\n|poke|p2|Great Tusk, L50|\n|poke|p2|Brute Bonnet, L50|\n|poke|p2|Corviknight, L50, F|\n|teampreview|4\n|c|\u2606Erick2803u|Glhf\nErick2803u has agreed to open team sheets.\n|c|\u2606ScalonetaPibe|Glhf\nScalonetaPibe has agreed to open team sheets.\n|\n|t:|1682390645\n|start\n|switch|p1a: Palafin|Palafin, L50, F|100\/100\n|switch|p1b: Ting-Lu|Ting-Lu, L50|100\/100\n|switch|p2a: Murkrow|Murkrow, L50, F, shiny|100\/100\n|switch|p2b: Corviknight|Corviknight, L50, F|100\/100\n|-ability|p1b: Ting-Lu|Vessel of Ruin\n|turn|1\n|\n|t:|1682390686\n|detailschange|p1a: Palafin|Palafin-Hero, L50, F\n|switch|p1a: Flutter Mane|Flutter Mane, L50|100\/100\n|move|p2a: Murkrow|Tailwind|p2a: Murkrow\n|-sidestart|p2: ScalonetaPibe|move: Tailwind\n|move|p2b: Corviknight|Brave Bird|p1a: Flutter Mane\n|-damage|p1a: Flutter Mane|0 fnt\n|faint|p1a: Flutter Mane\n|-end|p1a: Flutter Mane|Protosynthesis|[silent]\n|-damage|p2b: Corviknight|75\/100|[from] Recoil\n|move|p1b: Ting-Lu|Ruination|p2b: Corviknight|[miss]\n|-miss|p1b: Ting-Lu|p2b: Corviknight\n|\n|upkeep\n|\n|t:|1682390694\n|switch|p1a: Palafin|Palafin-Hero, L50, F|100\/100\n|-activate|p1a: Palafin|ability: Zero to Hero\n|turn|2\n|\n|t:|1682390703\n|move|p1a: Palafin|Protect|p1a: Palafin\n|-singleturn|p1a: Palafin|Protect\n|move|p2a: Murkrow|Sunny Day|p2a: Murkrow\n|-weather|SunnyDay\n|move|p2b: Corviknight|Brave Bird|p1a: Palafin\n|-activate|p1a: Palafin|move: Protect\n|move|p1b: Ting-Lu|Ruination|p2b: Corviknight\n|-damage|p2b: Corviknight|38\/100\n|\n|-weather|SunnyDay|[upkeep]\n|upkeep\n|turn|3\n|\n|t:|1682390724\n|-terastallize|p1a: Palafin|Water\n|move|p1a: Palafin|Jet Punch|p2b: Corviknight\n|-damage|p2b: Corviknight|7\/100\n|move|p2a: Murkrow|Foul Play|p1a: Palafin\n|-damage|p1a: Palafin|46\/100\n|move|p2b: Corviknight|Brave Bird|p1a: Palafin\n|-damage|p1a: Palafin|0 fnt\n|faint|p1a: Palafin\n|-damage|p2b: Corviknight|0 fnt|[from] Recoil\n|faint|p2b: Corviknight\n|move|p1b: Ting-Lu|Heavy Slam|p2a: Murkrow\n|-damage|p2a: Murkrow|68\/100\n|\n|-weather|SunnyDay|[upkeep]\n|upkeep\n|\n|t:|1682390733\n|switch|p1a: Arcanine|Arcanine, L50, M|100\/100\n|switch|p2b: Great Tusk|Great Tusk, L50|100\/100\n|-activate|p2b: Great Tusk|ability: Protosynthesis\n|-start|p2b: Great Tusk|protosynthesisatk\n|-ability|p1a: Arcanine|Intimidate|boost\n|-unboost|p2a: Murkrow|atk|1\n|-unboost|p2b: Great Tusk|atk|1\n|turn|4\n|\n|t:|1682390743\n|move|p2a: Murkrow|Haze|p2a: Murkrow\n|-clearallboost\n|move|p2b: Great Tusk|Earthquake|p1a: Arcanine|[spread] p1a,p1b\n|-immune|p2a: Murkrow\n|-supereffective|p1a: Arcanine\n|-damage|p1a: Arcanine|0 fnt\n|-damage|p1b: Ting-Lu|65\/100\n|faint|p1a: Arcanine\n|move|p1b: Ting-Lu|Heavy Slam|p2a: Murkrow\n|-damage|p2a: Murkrow|35\/100\n|\n|-weather|SunnyDay|[upkeep]\n|-sideend|p2: ScalonetaPibe|move: Tailwind\n|upkeep\n|turn|5\n|c|\u2606Erick2803u|gg\n|-message|Erick2803u forfeited.\n|\n|win|ScalonetaPibe\n|l|\u2606ScalonetaPibe\n|j|\u2606ScalonetaPibe\n|player|p2|ScalonetaPibe|pokemaniac\n|l|\u2606Erick2803u\n","uploadtime":1682390960,"views":12,"p1id":"erick2803u","p2id":"scalonetapibe","formatid":"gen9vgc2023regulationc","rating":0,"private":0,"password":""}