{"id":"gen9vgc2023regulationc-1859579489","p1":"itsmemichiel","p2":"DracFrost","format":"[Gen 9] VGC 2023 Regulation C","log":"|j|\u2606itsmemichiel\n|j|\u2606DracFrost\n|t:|1683544614\n|gametype|doubles\n|player|p1|itsmemichiel|palmer|1159\n|player|p2|DracFrost|sabrina|1127\n|teamsize|p1|6\n|teamsize|p2|6\n|gen|9\n|tier|[Gen 9] VGC 2023 Regulation C\n|rated|\n|rule|Species Clause: Limit one of each Pok\u00e9mon\n|rule|Item Clause: Limit one of each item\n|clearpoke\n|poke|p1|Scream Tail, L50|\n|poke|p1|Flutter Mane, L50|\n|poke|p1|Tyranitar, L50, F|\n|poke|p1|Iron Moth, L50|\n|poke|p1|Amoonguss, L50, M|\n|poke|p1|Appletun, L50, F|\n|poke|p2|Volcarona, L50, M|\n|poke|p2|Grimmsnarl, L50, M|\n|poke|p2|Ting-Lu, L50|\n|poke|p2|Maushold, L50|\n|poke|p2|Ceruledge, L50, F|\n|poke|p2|Roaring Moon, L50|\n|teampreview|4\nitsmemichiel has agreed to open team sheets.\n|\n|t:|1683544661\n|start\n|switch|p1a: Scream Tail|Scream Tail, L50|100\/100\n|switch|p1b: Tyranitar|Tyranitar, L50, F|100\/100\n|switch|p2a: Grimmsnarl|Grimmsnarl, L50, M|100\/100\n|switch|p2b: Ting-Lu|Ting-Lu, L50|100\/100\n|-weather|Sandstorm|[from] ability: Sand Stream|[of] p1b: Tyranitar\n|-ability|p2b: Ting-Lu|Vessel of Ruin\n|turn|1\n|\n|t:|1683544694\n|move|p2a: Grimmsnarl|Reflect|p2a: Grimmsnarl\n|-sidestart|p2: DracFrost|Reflect\n|move|p1a: Scream Tail|Trick|p2b: Ting-Lu\n|-activate|p1a: Scream Tail|move: Trick|[of] p2b: Ting-Lu\n|-item|p2b: Ting-Lu|Flame Orb|[from] move: Trick\n|-item|p1a: Scream Tail|Assault Vest|[from] move: Trick\n|move|p1b: Tyranitar|Rock Slide|p2a: Grimmsnarl|[spread] p2a,p2b\n|-resisted|p2b: Ting-Lu\n|-damage|p2a: Grimmsnarl|86\/100\n|-damage|p2b: Ting-Lu|95\/100\n|move|p2b: Ting-Lu|Ruination|p1b: Tyranitar\n|-damage|p1b: Tyranitar|51\/100\n|\n|-weather|Sandstorm|[upkeep]\n|-damage|p1a: Scream Tail|95\/100|[from] Sandstorm\n|-damage|p2a: Grimmsnarl|80\/100|[from] Sandstorm\n|-status|p2b: Ting-Lu|brn|[from] item: Flame Orb\n|upkeep\n|turn|2\n|\n|t:|1683544728\n|-end|p1a: Scream Tail|Protosynthesis|[silent]\n|switch|p1a: Iron Moth|Iron Moth, L50|100\/100\n|move|p2a: Grimmsnarl|Light Screen|p2a: Grimmsnarl\n|-sidestart|p2: DracFrost|move: Light Screen\n|move|p1b: Tyranitar|Rock Slide|p2b: Ting-Lu|[spread] p2a,p2b\n|-resisted|p2b: Ting-Lu\n|-damage|p2a: Grimmsnarl|63\/100\n|-damage|p2b: Ting-Lu|90\/100 brn\n|cant|p2b: Ting-Lu|flinch\n|\n|-weather|Sandstorm|[upkeep]\n|-damage|p1a: Iron Moth|95\/100|[from] Sandstorm\n|-damage|p2a: Grimmsnarl|57\/100|[from] Sandstorm\n|-damage|p2b: Ting-Lu|84\/100 brn|[from] brn\n|upkeep\n|turn|3\n|\n|t:|1683544755\n|-terastallize|p1a: Iron Moth|Grass\n|move|p1b: Tyranitar|Protect|p1b: Tyranitar\n|-singleturn|p1b: Tyranitar|Protect\n|move|p1a: Iron Moth|Sludge Wave|p2a: Grimmsnarl|[spread] p2a,p2b\n|-activate|p1b: Tyranitar|move: Protect\n|-supereffective|p2a: Grimmsnarl\n|-resisted|p2b: Ting-Lu\n|-damage|p2a: Grimmsnarl|5\/100\n|-damage|p2b: Ting-Lu|76\/100 brn\n|-damage|p1a: Iron Moth|85\/100|[from] item: Life Orb\n|move|p2a: Grimmsnarl|Play Rough|p1b: Tyranitar\n|-activate|p1b: Tyranitar|move: Protect\n|move|p2b: Ting-Lu|Rock Slide|p1a: Iron Moth|[spread] p1a\n|-activate|p1b: Tyranitar|move: Protect\n|-damage|p1a: Iron Moth|71\/100\n|\n|-weather|Sandstorm|[upkeep]\n|-damage|p1a: Iron Moth|65\/100|[from] Sandstorm\n|-damage|p2a: Grimmsnarl|0 fnt|[from] Sandstorm\n|faint|p2a: Grimmsnarl\n|-damage|p2b: Ting-Lu|70\/100 brn|[from] brn\n|upkeep\n|\n|t:|1683544777\n|switch|p2a: Maushold|Maushold, L50|100\/100\n|turn|4\n|\n|t:|1683544790\n|move|p1a: Iron Moth|Energy Ball|p2b: Ting-Lu\n|-supereffective|p2b: Ting-Lu\n|-damage|p2b: Ting-Lu|35\/100 brn\n|-damage|p1a: Iron Moth|55\/100|[from] item: Life Orb\n|move|p2a: Maushold|Super Fang|p1a: Iron Moth\n|-damage|p1a: Iron Moth|28\/100\n|move|p1b: Tyranitar|Rock Slide|p2a: Maushold|[spread] p2a,p2b\n|-resisted|p2b: Ting-Lu\n|-damage|p2a: Maushold|83\/100\n|-damage|p2b: Ting-Lu|31\/100 brn\n|cant|p2b: Ting-Lu|flinch\n|\n|-weather|Sandstorm|[upkeep]\n|-damage|p1a: Iron Moth|22\/100|[from] Sandstorm\n|-damage|p2a: Maushold|77\/100|[from] Sandstorm\n|-damage|p2b: Ting-Lu|26\/100 brn|[from] brn\n|upkeep\n|turn|5\n|\n|t:|1683544812\n|move|p1b: Tyranitar|Protect|p1b: Tyranitar\n|-singleturn|p1b: Tyranitar|Protect\n|move|p2a: Maushold|Follow Me|p2a: Maushold\n|-singleturn|p2a: Maushold|move: Follow Me\n|move|p1a: Iron Moth|Sludge Wave|p2b: Ting-Lu|[spread] p2a,p2b\n|-activate|p1b: Tyranitar|move: Protect\n|-resisted|p2b: Ting-Lu\n|-damage|p2a: Maushold|52\/100\n|-damage|p2b: Ting-Lu|19\/100 brn\n|-damage|p1a: Iron Moth|13\/100|[from] item: Life Orb\n|move|p2b: Ting-Lu|Rock Slide|p1b: Tyranitar|[spread] p1a\n|-activate|p1b: Tyranitar|move: Protect\n|-damage|p1a: Iron Moth|0 fnt\n|faint|p1a: Iron Moth\n|-end|p1a: Iron Moth|Quark Drive|[silent]\n|\n|-weather|none\n|-damage|p2b: Ting-Lu|13\/100 brn|[from] brn\n|upkeep\n|\n|t:|1683544832\n|switch|p1a: Flutter Mane|Flutter Mane, L50|100\/100\n|turn|6\n|\n|t:|1683544842\n|move|p2a: Maushold|Protect|p2a: Maushold\n|-singleturn|p2a: Maushold|Protect\n|move|p1a: Flutter Mane|Dazzling Gleam|p2a: Maushold|[spread] p2b\n|-activate|p2a: Maushold|move: Protect\n|-supereffective|p2b: Ting-Lu\n|-crit|p2b: Ting-Lu\n|-damage|p2b: Ting-Lu|0 fnt\n|faint|p2b: Ting-Lu\n|move|p1b: Tyranitar|Crunch|p2a: Maushold\n|-activate|p2a: Maushold|move: Protect\n|\n|upkeep\n|\n|t:|1683544851\n|switch|p2b: Ceruledge|Ceruledge, L50, F|100\/100\n|turn|7\n|j| A Borygon\n|\n|t:|1683544869\n|-end|p1a: Flutter Mane|Protosynthesis|[silent]\n|switch|p1a: Scream Tail|Scream Tail, L50|95\/100\n|-terastallize|p2b: Ceruledge|Grass\n|move|p2a: Maushold|Follow Me|p2a: Maushold\n|-singleturn|p2a: Maushold|move: Follow Me\n|move|p2b: Ceruledge|Shadow Sneak|p1a: Scream Tail\n|-supereffective|p1a: Scream Tail\n|-damage|p1a: Scream Tail|62\/100\n|move|p1b: Tyranitar|Crunch|p2a: Maushold\n|-damage|p2a: Maushold|29\/100\n|-enditem|p2a: Maushold|Sitrus Berry|[eat]\n|-heal|p2a: Maushold|54\/100|[from] item: Sitrus Berry\n|\n|upkeep\n|turn|8\n|\n|t:|1683544893\n|move|p2a: Maushold|Follow Me|p2a: Maushold\n|-singleturn|p2a: Maushold|move: Follow Me\n|-activate|p1a: Scream Tail|move: Struggle\n|move|p1a: Scream Tail|Struggle|p2a: Maushold\n|-damage|p2a: Maushold|50\/100\n|-damage|p1a: Scream Tail|37\/100|[from] recoil\n|move|p2b: Ceruledge|Bulk Up|p2b: Ceruledge\n|-boost|p2b: Ceruledge|atk|1\n|-boost|p2b: Ceruledge|def|1\n|move|p1b: Tyranitar|Crunch|p2a: Maushold\n|-damage|p2a: Maushold|24\/100\n|\n|-sideend|p2: DracFrost|Reflect\n|upkeep\n|turn|9\n|\n|t:|1683544916\n|-end|p1a: Scream Tail|Protosynthesis|[silent]\n|switch|p1a: Flutter Mane|Flutter Mane, L50|100\/100\n|move|p2a: Maushold|Follow Me|p2a: Maushold\n|-singleturn|p2a: Maushold|move: Follow Me\n|move|p2b: Ceruledge|Bulk Up|p2b: Ceruledge\n|-boost|p2b: Ceruledge|atk|1\n|-boost|p2b: Ceruledge|def|1\n|move|p1b: Tyranitar|Crunch|p2a: Maushold\n|-damage|p2a: Maushold|0 fnt\n|faint|p2a: Maushold\n|\n|-sideend|p2: DracFrost|move: Light Screen\n|upkeep\n|turn|10\n|\n|t:|1683544931\n|-end|p1a: Flutter Mane|Protosynthesis|[silent]\n|switch|p1a: Scream Tail|Scream Tail, L50|37\/100\n|move|p2b: Ceruledge|Shadow Sneak|p1a: Scream Tail\n|-supereffective|p1a: Scream Tail\n|-damage|p1a: Scream Tail|0 fnt\n|faint|p1a: Scream Tail\n|-end|p1a: Scream Tail|Protosynthesis|[silent]\n|move|p1b: Tyranitar|Crunch|p2b: Ceruledge\n|-damage|p2b: Ceruledge|81\/100\n|\n|upkeep\n|\n|t:|1683544940\n|switch|p1a: Flutter Mane|Flutter Mane, L50|100\/100\n|turn|11\n|\n|t:|1683544956\n|move|p2b: Ceruledge|Shadow Sneak|p1a: Flutter Mane\n|-supereffective|p1a: Flutter Mane\n|-damage|p1a: Flutter Mane|0 fnt\n|faint|p1a: Flutter Mane\n|-end|p1a: Flutter Mane|Protosynthesis|[silent]\n|move|p1b: Tyranitar|Crunch|p2b: Ceruledge\n|-damage|p2b: Ceruledge|61\/100\n|\n|upkeep\n|turn|12\n|\n|t:|1683544965\n|move|p2b: Ceruledge|Bitter Blade|p1b: Tyranitar\n|-resisted|p1b: Tyranitar\n|-damage|p1b: Tyranitar|14\/100\n|-heal|p2b: Ceruledge|82\/100|[from] drain|[of] p1b: Tyranitar\n|move|p1b: Tyranitar|Crunch|p2b: Ceruledge\n|-damage|p2b: Ceruledge|63\/100\n|\n|upkeep\n|turn|13\n|c|\u2606DracFrost|gg\n|\n|t:|1683544975\n|move|p2b: Ceruledge|Bitter Blade|p1b: Tyranitar\n|-resisted|p1b: Tyranitar\n|-damage|p1b: Tyranitar|0 fnt\n|-heal|p2b: Ceruledge|71\/100|[from] drain|[of] p1b: Tyranitar\n|faint|p1b: Tyranitar\n|\n|win|DracFrost\n|raw|itsmemichiel's rating: 1159 → 1132<\/strong> (-27 for losing)\n|raw|DracFrost's rating: 1127 → 1154<\/strong> (+27 for winning)\n|l|\u2606itsmemichiel\n","uploadtime":1683545003,"views":5,"p1id":"itsmemichiel","p2id":"dracfrost","formatid":"gen9vgc2023regulationc","rating":1132,"private":0,"password":""}