{"id":"gen9vgc2023regulationc-1858997887","p1":"ErrorUnknown0395","p2":"Ricardo Randorez","format":"[Gen 9] VGC 2023 Regulation C","log":"|j|\u2606ErrorUnknown0395\n|j|\u2606Ricardo Randorez\n|t:|1683392514\n|gametype|doubles\n|player|p1|ErrorUnknown0395|unknown|1176\n|player|p2|Ricardo Randorez|2|1192\n|teamsize|p1|6\n|teamsize|p2|6\n|gen|9\n|tier|[Gen 9] VGC 2023 Regulation C\n|rated|\n|rule|Species Clause: Limit one of each Pok\u00e9mon\n|rule|Item Clause: Limit one of each item\n|clearpoke\n|poke|p1|Gyarados, L50, M|\n|poke|p1|Ting-Lu, L50|\n|poke|p1|Orthworm, L50, F|\n|poke|p1|Flutter Mane, L50|\n|poke|p1|Amoonguss, L50, F|\n|poke|p1|Roaring Moon, L50|\n|poke|p2|Dondozo, L50, F|\n|poke|p2|Tatsugiri-Droopy, L50, M|\n|poke|p2|Pelipper, L50, M|\n|poke|p2|Drednaw, L50, F|\n|poke|p2|Dragonite, L50, M|\n|poke|p2|Chien-Pao, L50|\n|teampreview|4\n|inactive|Battle timer is ON: inactive players will automatically lose when time's up. (requested by Ricardo Randorez)\n|inactive|ErrorUnknown0395 has 60 seconds left.\n|inactive|ErrorUnknown0395 has 30 seconds left.\n|\n|t:|1683392591\n|start\n|switch|p1a: Orthworm|Orthworm, L50, F|100\/100\n|switch|p1b: Roaring Moon|Roaring Moon, L50|100\/100\n|switch|p2a: Pelipper|Pelipper, L50, M|100\/100\n|switch|p2b: Drednaw|Drednaw, L50, F|100\/100\n|-weather|RainDance|[from] ability: Drizzle|[of] p2a: Pelipper\n|-enditem|p1b: Roaring Moon|Booster Energy\n|-activate|p1b: Roaring Moon|ability: Protosynthesis|[fromitem]\n|-start|p1b: Roaring Moon|protosynthesisspe\n|turn|1\n|\n|t:|1683392614\n|move|p1b: Roaring Moon|Outrage|p2a: Pelipper\n|-damage|p2a: Pelipper|32\/100\n|move|p2b: Drednaw|Earthquake|p1b: Roaring Moon|[spread] p1b\n|-immune|p1a: Orthworm|[from] ability: Earth Eater\n|-immune|p2a: Pelipper\n|-damage|p1b: Roaring Moon|48\/100\n|move|p2a: Pelipper|Tailwind|p2a: Pelipper\n|-sidestart|p2: Ricardo Randorez|move: Tailwind\n|move|p1a: Orthworm|Iron Defense|p1a: Orthworm\n|-boost|p1a: Orthworm|def|2\n|\n|-weather|RainDance|[upkeep]\n|upkeep\n|turn|2\n|inactive|ErrorUnknown0395 has 30 seconds left.\n|inactive|Ricardo Randorez has 30 seconds left.\n|inactive|ErrorUnknown0395 has 20 seconds left.\n|inactive|ErrorUnknown0395 has 15 seconds left.\n|\n|t:|1683392656\n|switch|p2b: Dondozo|Dondozo, L50, F|100\/100\n|move|p1b: Roaring Moon|Outrage|p2b: Dondozo|[from]lockedmove\n|-damage|p2b: Dondozo|48\/100\n|move|p2a: Pelipper|Hurricane|p1a: Orthworm\n|-resisted|p1a: Orthworm\n|-damage|p1a: Orthworm|72\/100\n|move|p1a: Orthworm|Iron Defense|p1a: Orthworm\n|-boost|p1a: Orthworm|def|2\n|\n|-weather|RainDance|[upkeep]\n|-heal|p1a: Orthworm|78\/100|[from] item: Leftovers\n|upkeep\n|turn|3\n|\n|t:|1683392676\n|switch|p2a: Tatsugiri|Tatsugiri-Droopy, L50, M, shiny|100\/100\n|-activate|p2a: Tatsugiri|ability: Commander|[of] p2b: Dondozo\n|-boost|p2b: Dondozo|atk|2\n|-boost|p2b: Dondozo|spa|2\n|-boost|p2b: Dondozo|spe|2\n|-boost|p2b: Dondozo|def|2\n|-boost|p2b: Dondozo|spd|2\n|-terastallize|p2b: Dondozo|Water\n|move|p2b: Dondozo|Surf|p1a: Orthworm|[spread] p1a,p1b\n|-miss|p2b: Dondozo|p2a: Tatsugiri\n|-resisted|p1b: Roaring Moon\n|-damage|p1a: Orthworm|0 fnt\n|-damage|p1b: Roaring Moon|0 fnt\n|faint|p1a: Orthworm\n|faint|p1b: Roaring Moon\n|-end|p1b: Roaring Moon|Protosynthesis|[silent]\n|-damage|p2b: Dondozo|39\/100|[from] item: Life Orb\n|\n|-weather|RainDance|[upkeep]\n|upkeep\n|\n|t:|1683392694\n|switch|p1b: Flutter Mane|Flutter Mane, L50|100\/100\n|switch|p1a: Gyarados|Gyarados, L50, M|100\/100\n|-ability|p1a: Gyarados|Intimidate|boost\n|-unboost|p2a: Tatsugiri|atk|1\n|-unboost|p2b: Dondozo|atk|1\n|turn|4\n|\n|t:|1683392717\n|move|p2b: Dondozo|Surf|p1a: Gyarados|[spread] p1a,p1b\n|-miss|p2b: Dondozo|p2a: Tatsugiri\n|-resisted|p1a: Gyarados\n|-damage|p1a: Gyarados|57\/100\n|-damage|p1b: Flutter Mane|0 fnt\n|faint|p1b: Flutter Mane\n|-end|p1b: Flutter Mane|Protosynthesis|[silent]\n|-damage|p2b: Dondozo|29\/100|[from] item: Life Orb\n|move|p1a: Gyarados|Waterfall|p2b: Dondozo\n|-resisted|p2b: Dondozo\n|-damage|p2b: Dondozo|16\/100\n|\n|-weather|RainDance|[upkeep]\n|-sideend|p2: Ricardo Randorez|move: Tailwind\n|upkeep\n|turn|5\n|\n|t:|1683392735\n|move|p2b: Dondozo|Wave Crash|p1a: Gyarados\n|-resisted|p1a: Gyarados\n|-damage|p1a: Gyarados|0 fnt\n|faint|p1a: Gyarados\n|-damage|p2b: Dondozo|0 fnt|[from] Recoil\n|faint|p2b: Dondozo\n|\n|win|Ricardo Randorez\n|raw|ErrorUnknown0395's rating: 1176 → 1152<\/strong> (-24 for losing)\n|raw|Ricardo Randorez's rating: 1192 → 1216<\/strong> (+24 for winning)\n","uploadtime":1683392745,"views":5,"p1id":"errorunknown0395","p2id":"ricardorandorez","formatid":"gen9vgc2023regulationc","rating":1152,"private":0,"password":""}