{"id":"gen9vgc2023regulationc-1861630230","p1":"leoroop","p2":"Bobeti","format":"[Gen 9] VGC 2023 Regulation C","log":"|j|\u2606leoroop\n|j|\u2606Bobeti\n|t:|1683784620\n|gametype|doubles\n|player|p1|leoroop|backpacker|1468\n|player|p2|Bobeti|266|1454\n|teamsize|p1|6\n|teamsize|p2|6\n|gen|9\n|tier|[Gen 9] VGC 2023 Regulation C\n|rated|\n|rule|Species Clause: Limit one of each Pok\u00e9mon\n|rule|Item Clause: Limit one of each item\n|clearpoke\n|poke|p1|Gyarados, L50, F|\n|poke|p1|Amoonguss, L50, F|\n|poke|p1|Kingambit, L50, F|\n|poke|p1|Flutter Mane, L50|\n|poke|p1|Chi-Yu, L50|\n|poke|p1|Baxcalibur, L50, M|\n|poke|p2|Orthworm, L50, M|\n|poke|p2|Dragonite, L50, F|\n|poke|p2|Ting-Lu, L50|\n|poke|p2|Gyarados, L50, M|\n|poke|p2|Flutter Mane, L50|\n|poke|p2|Chien-Pao, L50|\n|teampreview|4\nleoroop has agreed to open team sheets.\nBobeti has agreed to open team sheets.\n|inactive|Battle timer is ON: inactive players will automatically lose when time's up. (requested by Bobeti)\n|\n|t:|1683784692\n|start\n|switch|p1a: Chi-Yu|Chi-Yu, L50|100\/100\n|switch|p1b: Amoonguss|Amoonguss, L50, F|100\/100\n|switch|p2a: Ting-Lu|Ting-Lu, L50|100\/100\n|switch|p2b: Chien-Pao|Chien-Pao, L50|100\/100\n|-ability|p1a: Chi-Yu|Beads of Ruin\n|-ability|p2b: Chien-Pao|Sword of Ruin\n|-ability|p2a: Ting-Lu|Vessel of Ruin\n|turn|1\n|inactive|Bobeti has 30 seconds left.\n|inactive|Bobeti has 20 seconds left.\n|inactive|Bobeti has 15 seconds left.\n|inactive|Bobeti has 10 seconds left.\n|\n|t:|1683784738\n|switch|p1b: Gyarados|Gyarados, L50, F|100\/100\n|-ability|p1b: Gyarados|Intimidate|boost\n|-unboost|p2a: Ting-Lu|atk|1\n|-unboost|p2b: Chien-Pao|atk|1\n|move|p1a: Chi-Yu|Heat Wave|p2a: Ting-Lu|[spread] p2a,p2b\n|-supereffective|p2b: Chien-Pao\n|-damage|p2a: Ting-Lu|75\/100\n|-enditem|p2b: Chien-Pao|Focus Sash\n|-damage|p2b: Chien-Pao|1\/100\n|move|p2b: Chien-Pao|Sacred Sword|p1a: Chi-Yu\n|-supereffective|p1a: Chi-Yu\n|-damage|p1a: Chi-Yu|18\/100\n|move|p2a: Ting-Lu|Rock Slide|p1a: Chi-Yu|[spread] p1a,p1b\n|-supereffective|p1a: Chi-Yu\n|-supereffective|p1b: Gyarados\n|-damage|p1a: Chi-Yu|0 fnt\n|-damage|p1b: Gyarados|59\/100\n|faint|p1a: Chi-Yu\n|\n|upkeep\n|\n|t:|1683784757\n|switch|p1a: Baxcalibur|Baxcalibur, L50, M|100\/100\n|turn|2\n|\n|t:|1683784782\n|move|p1a: Baxcalibur|Protect|p1a: Baxcalibur\n|-singleturn|p1a: Baxcalibur|Protect\n|move|p2b: Chien-Pao|Sucker Punch|p1b: Gyarados\n|-damage|p1b: Gyarados|29\/100\n|move|p1b: Gyarados|Waterfall|p2a: Ting-Lu\n|-supereffective|p2a: Ting-Lu\n|-damage|p2a: Ting-Lu|11\/100\n|move|p2a: Ting-Lu|Rock Slide|p1b: Gyarados|[spread] p1b\n|-activate|p1a: Baxcalibur|move: Protect\n|-supereffective|p1b: Gyarados\n|-damage|p1b: Gyarados|0 fnt\n|faint|p1b: Gyarados\n|\n|upkeep\n|\n|t:|1683784793\n|switch|p1b: Amoonguss|Amoonguss, L50, F|100\/100\n|turn|3\n|\n|t:|1683784813\n|move|p1a: Baxcalibur|Ice Shard|p2b: Chien-Pao\n|-resisted|p2b: Chien-Pao\n|-damage|p2b: Chien-Pao|0 fnt\n|faint|p2b: Chien-Pao\n|move|p2a: Ting-Lu|Rock Slide|p1b: Amoonguss|[spread] p1a,p1b\n|-supereffective|p1a: Baxcalibur\n|-damage|p1a: Baxcalibur|75\/100\n|-damage|p1b: Amoonguss|87\/100\n|cant|p1b: Amoonguss|flinch\n|\n|upkeep\n|\n|t:|1683784818\n|switch|p2b: Gyarados|Gyarados, L50, M|100\/100\n|-ability|p2b: Gyarados|Intimidate|boost\n|-fail|p1a: Baxcalibur|unboost|[from] item: Clear Amulet|[of] p1a: Baxcalibur\n|-unboost|p1b: Amoonguss|atk|1\n|turn|4\n|inactive|leoroop has 30 seconds left.\n|\n|t:|1683784846\n|switch|p2a: Orthworm|Orthworm, L50, M|100\/100\n|move|p2b: Gyarados|Taunt|p1b: Amoonguss\n|-start|p1b: Amoonguss|move: Taunt\n|move|p1a: Baxcalibur|Icicle Crash|p2b: Gyarados\n|-damage|p2b: Gyarados|48\/100\n|cant|p1b: Amoonguss|move: Taunt|Spore\n|\n|upkeep\n|turn|5\n|\n|t:|1683784866\n|move|p2b: Gyarados|Thunder Wave|p1a: Baxcalibur\n|-status|p1a: Baxcalibur|par\n|move|p2a: Orthworm|Shed Tail|p2a: Orthworm\n|-start|p2a: Orthworm|Substitute|[from] move: Shed Tail\n|-damage|p2a: Orthworm|50\/100\n|-enditem|p2a: Orthworm|Sitrus Berry|[eat]\n|-heal|p2a: Orthworm|75\/100|[from] item: Sitrus Berry\n|\n|t:|1683784873\n|switch|p2a: Ting-Lu|Ting-Lu, L50|11\/100|[from] Shed Tail\n|-ability|p2a: Ting-Lu|Vessel of Ruin\n|move|p1a: Baxcalibur|Glaive Rush|p2a: Ting-Lu\n|-end|p2a: Ting-Lu|Substitute\n|-singlemove|p1a: Baxcalibur|Glaive Rush|[silent]\n|move|p1b: Amoonguss|Clear Smog|p2a: Ting-Lu\n|-resisted|p2a: Ting-Lu\n|-damage|p2a: Ting-Lu|7\/100\n|-clearboost|p2a: Ting-Lu\n|\n|upkeep\n|turn|6\n|inactive|leoroop has 30 seconds left.\n|\n|t:|1683784900\n|cant|p1a: Baxcalibur|par\n|move|p2b: Gyarados|Thunder Wave|p1b: Amoonguss\n|-status|p1b: Amoonguss|par\n|move|p2a: Ting-Lu|Bulldoze|p1a: Baxcalibur|[spread] p1a,p1b\n|-immune|p2b: Gyarados\n|-crit|p1a: Baxcalibur\n|-damage|p1a: Baxcalibur|35\/100 par\n|-damage|p1b: Amoonguss|64\/100 par\n|-unboost|p1b: Amoonguss|spe|1\n|cant|p1b: Amoonguss|par\n|\n|-end|p1b: Amoonguss|move: Taunt\n|upkeep\n|turn|7\n|\n|t:|1683784920\n|switch|p2a: Orthworm|Orthworm, L50, M|75\/100\n|cant|p1a: Baxcalibur|par\n|move|p2b: Gyarados|Taunt|p1b: Amoonguss\n|-start|p1b: Amoonguss|move: Taunt\n|cant|p1b: Amoonguss|par\n|\n|upkeep\n|turn|8\n|\n|t:|1683784935\n|move|p2b: Gyarados|Bulldoze|p1a: Baxcalibur|[spread] p1a,p1b\n|-heal|p2a: Orthworm|100\/100|[from] ability: Earth Eater|[of] p2b: Gyarados\n|-damage|p1a: Baxcalibur|24\/100 par\n|-damage|p1b: Amoonguss|54\/100 par\n|-unboost|p1b: Amoonguss|spe|1\n|move|p2a: Orthworm|Body Press|p1a: Baxcalibur\n|-supereffective|p1a: Baxcalibur\n|-damage|p1a: Baxcalibur|0 fnt\n|faint|p1a: Baxcalibur\n|move|p1b: Amoonguss|Pollen Puff|p1: Baxcalibur|[notarget]\n|-fail|p1b: Amoonguss\n|\n|upkeep\n|turn|9\n|c|\u2606leoroop|a little bit too much..\n|-message|leoroop forfeited.\n|\n|win|Bobeti\n|raw|leoroop's rating: 1468 → 1447<\/strong> (-21 for losing)\n|raw|Bobeti's rating: 1454 → 1475<\/strong> (+21 for winning)\n","uploadtime":1683784953,"views":20,"p1id":"leoroop","p2id":"bobeti","formatid":"gen9vgc2023regulationc","rating":1447,"private":0,"password":""}