{"id":"gen9vgc2023regulationc-1863961393","p1":"Rexdetentoria","p2":"Jard13255","format":"[Gen 9] VGC 2023 Regulation C","log":"|j|\u2606Rexdetentoria\n|j|\u2606Jard13255\n|t:|1684098381\n|gametype|doubles\n|player|p1|Rexdetentoria|2|1126\n|player|p2|Jard13255|psychic-gen4|1184\n|teamsize|p1|6\n|teamsize|p2|6\n|gen|9\n|tier|[Gen 9] VGC 2023 Regulation C\n|rated|\n|rule|Species Clause: Limit one of each Pok\u00e9mon\n|rule|Item Clause: Limit one of each item\n|clearpoke\n|poke|p1|Wo-Chien, L50|\n|poke|p1|Ting-Lu, L50|\n|poke|p1|Arcanine, L50, F|\n|poke|p1|Garganacl, L50, F|\n|poke|p1|Gothitelle, L50, F|\n|poke|p1|Scream Tail, L50|\n|poke|p2|Iron Bundle, L50|\n|poke|p2|Chi-Yu, L50|\n|poke|p2|Dragonite, L50, M|\n|poke|p2|Chien-Pao, L50|\n|poke|p2|Ting-Lu, L50|\n|poke|p2|Orthworm, L50, M|\n|teampreview|4\nJard13255 has agreed to open team sheets.\n|\n|t:|1684098439\n|start\n|switch|p1a: Garganacl|Garganacl, L50, F|100\/100\n|switch|p1b: Arcanine|Arcanine, L50, F|100\/100\n|switch|p2a: Iron Bundle|Iron Bundle, L50|100\/100\n|switch|p2b: Ting-Lu|Ting-Lu, L50|100\/100\n|-ability|p1b: Arcanine|Intimidate|boost\n|-unboost|p2a: Iron Bundle|atk|1\n|-unboost|p2b: Ting-Lu|atk|1\n|-ability|p2b: Ting-Lu|Vessel of Ruin\n|-enditem|p2a: Iron Bundle|Booster Energy\n|-activate|p2a: Iron Bundle|ability: Quark Drive|[fromitem]\n|-start|p2a: Iron Bundle|quarkdrivespe\n|turn|1\n|inactive|Battle timer is ON: inactive players will automatically lose when time's up. (requested by Jard13255)\n|\n|t:|1684098474\n|switch|p2b: Chi-Yu|Chi-Yu, L50|100\/100\n|-ability|p2b: Chi-Yu|Beads of Ruin\n|move|p2a: Iron Bundle|Hydro Pump|p1a: Garganacl\n|-supereffective|p1a: Garganacl\n|-damage|p1a: Garganacl|0 fnt\n|faint|p1a: Garganacl\n|move|p1b: Arcanine|Will-O-Wisp|p2b: Chi-Yu\n|-immune|p2b: Chi-Yu\n|\n|upkeep\n|\n|t:|1684098490\n|switch|p1a: Gothitelle|Gothitelle, L50, F|100\/100\n|turn|2\n|inactive|Rexdetentoria has 30 seconds left.\n|\n|t:|1684098515\n|move|p2a: Iron Bundle|Protect|p2a: Iron Bundle\n|-singleturn|p2a: Iron Bundle|Protect\n|move|p2b: Chi-Yu|Protect|p2b: Chi-Yu\n|-singleturn|p2b: Chi-Yu|Protect\n|move|p1a: Gothitelle|Fake Out|p2a: Iron Bundle\n|-activate|p2a: Iron Bundle|move: Protect\n|move|p1b: Arcanine|Snarl|p2a: Iron Bundle|[spread] \n|-activate|p2a: Iron Bundle|move: Protect\n|-activate|p2b: Chi-Yu|move: Protect\n|\n|upkeep\n|turn|3\n|\n|t:|1684098528\n|move|p2a: Iron Bundle|Hydro Pump|p1b: Arcanine\n|-supereffective|p1b: Arcanine\n|-damage|p1b: Arcanine|0 fnt\n|faint|p1b: Arcanine\n|move|p2b: Chi-Yu|Dark Pulse|p1a: Gothitelle\n|-supereffective|p1a: Gothitelle\n|-damage|p1a: Gothitelle|12\/100\n|cant|p1a: Gothitelle|flinch\n|\n|upkeep\n|\n|t:|1684098532\n|switch|p1b: Scream Tail|Scream Tail, L50|100\/100\n|turn|4\n|\n|t:|1684098549\n|move|p2a: Iron Bundle|Icy Wind|p1a: Gothitelle|[spread] p1a,p1b\n|-damage|p1a: Gothitelle|0 fnt\n|-damage|p1b: Scream Tail|80\/100\n|-unboost|p1b: Scream Tail|spe|1\n|faint|p1a: Gothitelle\n|move|p2b: Chi-Yu|Heat Wave|p1b: Scream Tail\n|-damage|p1b: Scream Tail|28\/100\n|move|p1b: Scream Tail|Perish Song|p1b: Scream Tail\n|-start|p1b: Scream Tail|perish3|[silent]\n|-start|p2a: Iron Bundle|perish3|[silent]\n|-start|p2b: Chi-Yu|perish3|[silent]\n|-fieldactivate|move: Perish Song\n|\n|-start|p2a: Iron Bundle|perish3\n|-start|p2b: Chi-Yu|perish3\n|-start|p1b: Scream Tail|perish3\n|upkeep\n|turn|5\n|l|\u2606Rexdetentoria\n|inactive|Rexdetentoria disconnected and has a minute to reconnect!\n|player|p1|\n|inactive|Rexdetentoria has 30 seconds left.\n|inactive|Rexdetentoria has 20 seconds left.\n|inactive|Rexdetentoria has 15 seconds left.\n|inactive|Rexdetentoria has 10 seconds left.\n|inactive|Rexdetentoria has 5 seconds left.\n|-message|Rexdetentoria lost due to inactivity.\n|\n|win|Jard13255\n|raw|Rexdetentoria's rating: 1126 → 1105<\/strong> (-21 for losing)\n|raw|Jard13255's rating: 1184 → 1205<\/strong> (+21 for winning)\n","uploadtime":1684098753,"views":9,"p1id":"rexdetentoria","p2id":"jard13255","formatid":"gen9vgc2023regulationc","rating":1105,"private":0,"password":""}