{"id":"gen9vgc2023regulationc-1848092025","p1":"TharoksVGC","p2":"totorool","format":"[Gen 9] VGC 2023 Regulation C","log":"|j|\u2606TharoksVGC\n|j|\u2606totorool\n|t:|1682028745\n|gametype|doubles\n|player|p1|TharoksVGC|hoopster|1225\n|player|p2|totorool|266|1258\n|teamsize|p1|6\n|teamsize|p2|6\n|gen|9\n|tier|[Gen 9] VGC 2023 Regulation C\n|rated|\n|rule|Species Clause: Limit one of each Pok\u00e9mon\n|rule|Item Clause: Limit one of each item\n|clearpoke\n|poke|p1|Forretress, L50, F|\n|poke|p1|Chien-Pao, L50|\n|poke|p1|Gastrodon-East, L50, M|\n|poke|p1|Ting-Lu, L50|\n|poke|p1|Talonflame, L50, F|\n|poke|p1|Arcanine, L50, F|\n|poke|p2|Pelipper, L50, F|\n|poke|p2|Palafin, L50, M|\n|poke|p2|Forretress, L50, M|\n|poke|p2|Ting-Lu, L50|\n|poke|p2|Armarouge, L50, F|\n|poke|p2|Indeedee-F, L50, F|\n|teampreview|4\n|inactive|Battle timer is ON: inactive players will automatically lose when time's up. (requested by totorool)\n|\n|t:|1682028810\n|start\n|switch|p1a: Chien-Pao|Chien-Pao, L50|100\/100\n|switch|p1b: Forretress|Forretress, L50, F|100\/100\n|switch|p2a: Forretress|Forretress, L50, M|100\/100\n|switch|p2b: Indeedee|Indeedee-F, L50, F|100\/100\n|-ability|p1a: Chien-Pao|Sword of Ruin\n|-fieldstart|move: Psychic Terrain|[from] ability: Psychic Surge|[of] p2b: Indeedee\n|-enditem|p2b: Indeedee|Psychic Seed\n|-boost|p2b: Indeedee|spd|1|[from] item: Psychic Seed\n|turn|1\n|\n|t:|1682028829\n|move|p1a: Chien-Pao|Protect|p1a: Chien-Pao\n|-singleturn|p1a: Chien-Pao|Protect\n|move|p2b: Indeedee|Follow Me|p2b: Indeedee\n|-singleturn|p2b: Indeedee|move: Follow Me\n|move|p1b: Forretress|Pin Missile|p2b: Indeedee\n|-supereffective|p2b: Indeedee\n|-damage|p2b: Indeedee|70\/100\n|-supereffective|p2b: Indeedee\n|-damage|p2b: Indeedee|42\/100\n|-supereffective|p2b: Indeedee\n|-crit|p2b: Indeedee\n|-damage|p2b: Indeedee|0 fnt\n|faint|p2b: Indeedee\n|-hitcount|p2: Indeedee|3\n|move|p2a: Forretress|Pin Missile|p1a: Chien-Pao\n|-activate|p1a: Chien-Pao|move: Protect\n|\n|upkeep\n|\n|t:|1682028840\n|switch|p2b: Armarouge|Armarouge, L50, F|100\/100\n|turn|2\n|\n|t:|1682028854\n|switch|p1a: Arcanine|Arcanine, L50, F|100\/100\n|-ability|p1a: Arcanine|Intimidate|boost\n|-unboost|p2a: Forretress|atk|1\n|-unboost|p2b: Armarouge|atk|1\n|-terastallize|p1b: Forretress|Rock\n|move|p2b: Armarouge|Expanding Force|p1a: Arcanine|[spread] p1a,p1b\n|-damage|p1a: Arcanine|1\/100\n|-ability|p1b: Forretress|Sturdy\n|-damage|p1b: Forretress|1\/100\n|-damage|p2b: Armarouge|91\/100|[from] item: Life Orb\n|move|p1b: Forretress|Rock Blast|p2b: Armarouge\n|-supereffective|p2b: Armarouge\n|-damage|p2b: Armarouge|69\/100\n|-supereffective|p2b: Armarouge\n|-damage|p2b: Armarouge|47\/100\n|-supereffective|p2b: Armarouge\n|-damage|p2b: Armarouge|24\/100\n|-supereffective|p2b: Armarouge\n|-damage|p2b: Armarouge|0 fnt\n|faint|p2b: Armarouge\n|-hitcount|p2: Armarouge|4\n|move|p2a: Forretress|Toxic Spikes|p1b: Forretress\n|-sidestart|p1: TharoksVGC|move: Toxic Spikes\n|\n|upkeep\n|\n|t:|1682028877\n|switch|p2b: Ting-Lu|Ting-Lu, L50|100\/100\n|-ability|p2b: Ting-Lu|Vessel of Ruin\n|turn|3\n|\n|t:|1682028887\n|move|p2b: Ting-Lu|Protect|p2b: Ting-Lu\n|-singleturn|p2b: Ting-Lu|Protect\n|move|p1a: Arcanine|Flamethrower|p2a: Forretress\n|-supereffective|p2a: Forretress\n|-ability|p2a: Forretress|Sturdy\n|-damage|p2a: Forretress|1\/100\n|move|p1b: Forretress|Pin Missile|p2b: Ting-Lu\n|-activate|p2b: Ting-Lu|move: Protect\n|move|p2a: Forretress|Rapid Spin|p1b: Forretress\n|-resisted|p1b: Forretress\n|-damage|p1b: Forretress|0 fnt\n|-boost|p2a: Forretress|spe|1\n|faint|p1b: Forretress\n|\n|upkeep\n|\n|t:|1682028906\n|switch|p1b: Gastrodon|Gastrodon-East, L50, M|100\/100\n|-status|p1b: Gastrodon|psn\n|turn|4\n|\n|t:|1682028926\n|move|p1a: Arcanine|Snarl|p2a: Forretress|[spread] p2a,p2b\n|-resisted|p2b: Ting-Lu\n|-damage|p2a: Forretress|0 fnt\n|-damage|p2b: Ting-Lu|97\/100\n|-unboost|p2b: Ting-Lu|spa|1\n|faint|p2a: Forretress\n|-enditem|p1a: Arcanine|Throat Spray\n|-boost|p1a: Arcanine|spa|1|[from] item: Throat Spray\n|move|p1b: Gastrodon|Muddy Water|p2b: Ting-Lu\n|-supereffective|p2b: Ting-Lu\n|-damage|p2b: Ting-Lu|46\/100\n|-unboost|p2b: Ting-Lu|accuracy|1\n|move|p2b: Ting-Lu|Ruination|p1b: Gastrodon\n|-damage|p1b: Gastrodon|50\/100 psn\n|\n|-heal|p2b: Ting-Lu|52\/100|[from] item: Leftovers\n|-damage|p1b: Gastrodon|38\/100 psn|[from] psn\n|upkeep\n|turn|5\n|\n|t:|1682028946\n|move|p2b: Ting-Lu|Protect|p2b: Ting-Lu\n|-singleturn|p2b: Ting-Lu|Protect\n|move|p1a: Arcanine|Flamethrower|p2b: Ting-Lu\n|-activate|p2b: Ting-Lu|move: Protect\n|move|p1b: Gastrodon|Muddy Water|p2b: Ting-Lu\n|-activate|p2b: Ting-Lu|move: Protect\n|\n|-heal|p2b: Ting-Lu|59\/100|[from] item: Leftovers\n|-damage|p1b: Gastrodon|26\/100 psn|[from] psn\n|-fieldend|move: Psychic Terrain\n|upkeep\n|turn|6\n|\n|t:|1682028960\n|move|p1a: Arcanine|Flamethrower|p2b: Ting-Lu\n|-damage|p2b: Ting-Lu|21\/100\n|move|p1b: Gastrodon|Muddy Water|p2b: Ting-Lu\n|-supereffective|p2b: Ting-Lu\n|-damage|p2b: Ting-Lu|0 fnt\n|faint|p2b: Ting-Lu\n|\n|win|TharoksVGC\n|raw|TharoksVGC's rating: 1225 → 1252<\/strong> (+27 for winning)\n|raw|totorool's rating: 1258 → 1231<\/strong> (-27 for losing)\n|l|\u2606totorool\n|c|\u2606TharoksVGC|gg\n","uploadtime":1682028974,"views":10,"p1id":"tharoksvgc","p2id":"totorool","formatid":"gen9vgc2023regulationc","rating":1231,"private":0,"password":""}