{"id":"gen9vgc2023regulationc-1857828976","p1":"nightamara","p2":"jhimbo2100","format":"[Gen 9] VGC 2023 Regulation C","log":"|j|\u2606nightamara\n|j|\u2606jhimbo2100\n|t:|1683236189\n|gametype|doubles\n|player|p1|nightamara|greta-gen3|1276\n|player|p2|jhimbo2100|170|1309\n|teamsize|p1|6\n|teamsize|p2|6\n|gen|9\n|tier|[Gen 9] VGC 2023 Regulation C\n|rated|\n|rule|Species Clause: Limit one of each Pok\u00e9mon\n|rule|Item Clause: Limit one of each item\n|clearpoke\n|poke|p1|Scream Tail, L50|\n|poke|p1|Flutter Mane, L50|\n|poke|p1|Ting-Lu, L50|\n|poke|p1|Gothitelle, L50, M|\n|poke|p1|Arcanine, L50, F|\n|poke|p1|Palafin, L50, F|\n|poke|p2|Garganacl, L50, F|\n|poke|p2|Maushold, L50|\n|poke|p2|Iron Hands, L50|\n|poke|p2|Annihilape, L50, F|\n|poke|p2|Abomasnow, L50, F|\n|poke|p2|Iron Bundle, L50|\n|teampreview|4\nnightamara has agreed to open team sheets.\njhimbo2100 has agreed to open team sheets.\n|\n|t:|1683236243\n|start\n|switch|p1a: Cha Hae In|Flutter Mane, L50|100\/100\n|switch|p1b: Sung Jinwoo|Palafin, L50, F|100\/100\n|switch|p2a: Abomasnow|Abomasnow, L50, F|100\/100\n|switch|p2b: Iron Bundle|Iron Bundle, L50|100\/100\n|-weather|Snow|[from] ability: Snow Warning|[of] p2a: Abomasnow\n|-enditem|p2b: Iron Bundle|Booster Energy\n|-activate|p2b: Iron Bundle|ability: Quark Drive|[fromitem]\n|-start|p2b: Iron Bundle|quarkdrivespe\n|turn|1\n|\n|t:|1683236280\n|detailschange|p1b: Sung Jinwoo|Palafin-Hero, L50, F\n|switch|p1b: Sung Jinah|Gothitelle, L50, M|100\/100\n|move|p2b: Iron Bundle|Blizzard|p1a: Cha Hae In|[spread] p1a,p1b\n|-damage|p1a: Cha Hae In|62\/100\n|-damage|p1b: Sung Jinah|72\/100\n|move|p1a: Cha Hae In|Perish Song|p1a: Cha Hae In\n|-start|p1a: Cha Hae In|perish3|[silent]\n|-start|p1b: Sung Jinah|perish3|[silent]\n|-start|p2a: Abomasnow|perish3|[silent]\n|-start|p2b: Iron Bundle|perish3|[silent]\n|-fieldactivate|move: Perish Song\n|move|p2a: Abomasnow|Blizzard|p1a: Cha Hae In|[spread] p1a,p1b\n|-damage|p1a: Cha Hae In|20\/100\n|-damage|p1b: Sung Jinah|45\/100\n|-enditem|p1b: Sung Jinah|Sitrus Berry|[eat]\n|-heal|p1b: Sung Jinah|69\/100|[from] item: Sitrus Berry\n|\n|-weather|Snow|[upkeep]\n|-start|p2b: Iron Bundle|perish3\n|-start|p1a: Cha Hae In|perish3\n|-start|p1b: Sung Jinah|perish3\n|-start|p2a: Abomasnow|perish3\n|upkeep\n|turn|2\n|\n|t:|1683236304\n|move|p1b: Sung Jinah|Fake Out|p2b: Iron Bundle\n|-damage|p2b: Iron Bundle|97\/100\n|move|p2a: Abomasnow|Ice Shard|p1a: Cha Hae In\n|-damage|p1a: Cha Hae In|0 fnt\n|faint|p1a: Cha Hae In\n|-end|p1a: Cha Hae In|Protosynthesis|[silent]\n|cant|p2b: Iron Bundle|flinch\n|\n|-weather|Snow|[upkeep]\n|-start|p2b: Iron Bundle|perish2\n|-start|p1b: Sung Jinah|perish2\n|-start|p2a: Abomasnow|perish2\n|upkeep\n|\n|t:|1683236328\n|switch|p1a: Go Gunhee|Ting-Lu, L50|100\/100\n|-ability|p1a: Go Gunhee|Vessel of Ruin\n|turn|3\n|\n|t:|1683236336\n|move|p1b: Sung Jinah|Protect|p1b: Sung Jinah\n|-singleturn|p1b: Sung Jinah|Protect\n|move|p1a: Go Gunhee|Protect|p1a: Go Gunhee\n|-singleturn|p1a: Go Gunhee|Protect\n|move|p2b: Iron Bundle|Blizzard|p1a: Go Gunhee|[spread] \n|-activate|p1a: Go Gunhee|move: Protect\n|-activate|p1b: Sung Jinah|move: Protect\n|move|p2a: Abomasnow|Blizzard|p1b: Sung Jinah|[spread] \n|-activate|p1a: Go Gunhee|move: Protect\n|-activate|p1b: Sung Jinah|move: Protect\n|\n|-weather|Snow|[upkeep]\n|-start|p2b: Iron Bundle|perish1\n|-start|p1b: Sung Jinah|perish1\n|-start|p2a: Abomasnow|perish1\n|upkeep\n|turn|4\n|\n|t:|1683236354\n|switch|p1b: Sung Jinwoo|Palafin-Hero, L50, F|100\/100\n|-activate|p1b: Sung Jinwoo|ability: Zero to Hero\n|-terastallize|p1a: Go Gunhee|Poison\n|move|p2b: Iron Bundle|Aurora Veil|p2b: Iron Bundle\n|-sidestart|p2: jhimbo2100|move: Aurora Veil\n|move|p2a: Abomasnow|Blizzard|p1a: Go Gunhee|[spread] p1a,p1b\n|-resisted|p1b: Sung Jinwoo\n|-damage|p1a: Go Gunhee|82\/100\n|-damage|p1b: Sung Jinwoo|86\/100\n|move|p1a: Go Gunhee|Fissure|p2a: Abomasnow|[miss]\n|-miss|p1a: Go Gunhee|p2a: Abomasnow\n|\n|-weather|Snow|[upkeep]\n|-heal|p1a: Go Gunhee|88\/100|[from] item: Leftovers\n|-start|p2b: Iron Bundle|perish0\n|-start|p2a: Abomasnow|perish0\n|faint|p2b: Iron Bundle\n|-end|p2b: Iron Bundle|Quark Drive|[silent]\n|faint|p2a: Abomasnow\n|upkeep\n|\n|t:|1683236358\n|switch|p2b: Annihilape|Annihilape, L50, F|100\/100\n|switch|p2a: Maushold|Maushold, L50|100\/100\n|turn|5\n|\n|t:|1683236392\n|-terastallize|p2b: Annihilape|Water\n|move|p2a: Maushold|Super Fang|p1a: Go Gunhee\n|-damage|p1a: Go Gunhee|44\/100\n|move|p1b: Sung Jinwoo|Wave Crash|p2b: Annihilape\n|-resisted|p2b: Annihilape\n|-damage|p2b: Annihilape|76\/100\n|-damage|p1b: Sung Jinwoo|77\/100|[from] Recoil\n|move|p2b: Annihilape|Rage Fist|p1a: Go Gunhee\n|-damage|p1a: Go Gunhee|10\/100\n|move|p1a: Go Gunhee|Stomping Tantrum|p2b: Annihilape\n|-crit|p2b: Annihilape\n|-damage|p2b: Annihilape|0 fnt\n|faint|p2b: Annihilape\n|\n|-weather|none\n|-heal|p1a: Go Gunhee|16\/100|[from] item: Leftovers\n|upkeep\n|turn|6\n|c|\u2606jhimbo2100|Dam gg\n|-message|jhimbo2100 forfeited.\n|\n|win|nightamara\n|raw|nightamara's rating: 1276 → 1303<\/strong> (+27 for winning)\n|raw|jhimbo2100's rating: 1309 → 1287<\/strong> (-22 for losing)\n","uploadtime":1683236433,"views":12,"p1id":"nightamara","p2id":"jhimbo2100","formatid":"gen9vgc2023regulationc","rating":1287,"private":0,"password":""}