{"id":"gen9vgc2023regulationc-1854876999","p1":"jayballester","p2":"F3athers","format":"[Gen 9] VGC 2023 Regulation C","log":"|j|\u2606jayballester\n|j|\u2606F3athers\n|t:|1682876117\n|gametype|doubles\n|player|p1|jayballester|riley|\n|player|p2|F3athers|flannery|\n|teamsize|p1|6\n|teamsize|p2|6\n|gen|9\n|tier|[Gen 9] VGC 2023 Regulation C\n|rule|Species Clause: Limit one of each Pok\u00e9mon\n|rule|Item Clause: Limit one of each item\n|clearpoke\n|poke|p1|Great Tusk, L50|\n|poke|p1|Volcarona, L50, F|\n|poke|p1|Salamence, L50, F|\n|poke|p1|Oranguru, L50, M|\n|poke|p1|Magnezone, L50|\n|poke|p1|Sylveon, L50, F|\n|poke|p2|Sableye, L50, F|\n|poke|p2|Bronzong, L50|\n|poke|p2|Camerupt, L50, M|\n|poke|p2|Roaring Moon, L50|\n|poke|p2|Flutter Mane, L50|\n|poke|p2|Toxtricity, L50, M|\n|teampreview|4\nF3athers rejected open team sheets.\n|j| Tuxmux\n|j| Jstardude\n|\n|t:|1682876157\n|start\n|switch|p1a: The Donfather|Great Tusk, L50|100\/100\n|switch|p1b: Mence > Moon|Salamence, L50, F|100\/100\n|switch|p2a: Bronzong|Bronzong, L50|100\/100\n|switch|p2b: Camerupt|Camerupt, L50, M|100\/100\n|-ability|p1b: Mence > Moon|Intimidate|boost\n|-unboost|p2a: Bronzong|atk|1\n|-unboost|p2b: Camerupt|atk|1\n|turn|1\n|\n|t:|1682876229\n|-terastallize|p2a: Bronzong|Fire\n|move|p2b: Camerupt|Protect|p2b: Camerupt\n|-singleturn|p2b: Camerupt|Protect\n|move|p1a: The Donfather|Close Combat|p2a: Bronzong\n|-damage|p2a: Bronzong|33\/100\n|-unboost|p1a: The Donfather|def|1\n|-unboost|p1a: The Donfather|spd|1\n|move|p1b: Mence > Moon|Draco Meteor|p2b: Camerupt\n|-activate|p2b: Camerupt|move: Protect\n|move|p2a: Bronzong|Trick Room|p2a: Bronzong\n|-fieldstart|move: Trick Room|[of] p2a: Bronzong\n|\n|upkeep\n|turn|2\n|\n|t:|1682876293\n|move|p1a: The Donfather|Protect|p1a: The Donfather\n|-singleturn|p1a: The Donfather|Protect\n|move|p2a: Bronzong|Bulldoze|p1a: The Donfather|[spread] p2b\n|-activate|p1a: The Donfather|move: Protect\n|-immune|p1b: Mence > Moon\n|-supereffective|p2b: Camerupt\n|-damage|p2b: Camerupt|91\/100\n|-unboost|p2b: Camerupt|spe|1\n|-enditem|p2b: Camerupt|Weakness Policy\n|-boost|p2b: Camerupt|atk|2|[from] item: Weakness Policy\n|-boost|p2b: Camerupt|spa|2|[from] item: Weakness Policy\n|move|p2b: Camerupt|Rock Slide|p1a: The Donfather|[spread] p1b\n|-activate|p1a: The Donfather|move: Protect\n|-supereffective|p1b: Mence > Moon\n|-damage|p1b: Mence > Moon|44\/100\n|move|p1b: Mence > Moon|Draco Meteor|p2a: Bronzong|[miss]\n|-miss|p1b: Mence > Moon|p2a: Bronzong\n|\n|upkeep\n|turn|3\n|c|\u2606jayballester|god damned\n|\n|t:|1682876334\n|move|p2b: Camerupt|Rock Slide|p1a: The Donfather|[spread] p1a,p1b\n|-resisted|p1a: The Donfather\n|-supereffective|p1b: Mence > Moon\n|-damage|p1a: The Donfather|94\/100\n|-damage|p1b: Mence > Moon|0 fnt\n|faint|p1b: Mence > Moon\n|move|p2a: Bronzong|Gyro Ball|p1a: The Donfather\n|-damage|p1a: The Donfather|76\/100\n|move|p1a: The Donfather|Headlong Rush|p2b: Camerupt\n|-supereffective|p2b: Camerupt\n|-damage|p2b: Camerupt|0 fnt\n|-unboost|p1a: The Donfather|def|1\n|-unboost|p1a: The Donfather|spd|1\n|faint|p2b: Camerupt\n|\n|upkeep\n|\n|t:|1682876366\n|switch|p2b: Toxtricity|Toxtricity, L50, M|100\/100\n|switch|p1b: The Magne Zone|Magnezone, L50|100\/100\n|turn|4\n|\n|t:|1682876389\n|switch|p2a: Sableye|Sableye, L50, F|100\/100\n|-terastallize|p1b: The Magne Zone|Flying\n|move|p1a: The Donfather|Protect|p1a: The Donfather\n|-singleturn|p1a: The Donfather|Protect\n|move|p1b: The Magne Zone|Thunderbolt|p2b: Toxtricity\n|-resisted|p2b: Toxtricity\n|-damage|p2b: Toxtricity|61\/100\n|move|p2b: Toxtricity|Boomburst|p1a: The Donfather|[spread] p1b\n|-activate|p1a: The Donfather|move: Protect\n|-immune|p2a: Sableye\n|-damage|p1b: The Magne Zone|28\/100\n|\n|upkeep\n|turn|5\n|l| Tuxmux\n|\n|t:|1682876425\n|move|p1b: The Magne Zone|Protect|p1b: The Magne Zone\n|-singleturn|p1b: The Magne Zone|Protect\n|move|p1a: The Donfather|Protect||[still]\n|-fail|p1a: The Donfather\n|move|p2a: Sableye|Encore|p1a: The Donfather\n|-start|p1a: The Donfather|Encore\n|move|p2b: Toxtricity|Boomburst|p1a: The Donfather|[spread] p1a\n|-activate|p1b: The Magne Zone|move: Protect\n|-immune|p2a: Sableye\n|-damage|p1a: The Donfather|0 fnt\n|faint|p1a: The Donfather\n|-end|p1a: The Donfather|Protosynthesis|[silent]\n|\n|-fieldend|move: Trick Room\n|upkeep\n|\n|t:|1682876437\n|switch|p1a: Mothra's GF|Volcarona, L50, F|100\/100\n|turn|6\n|\n|t:|1682876481\n|move|p2a: Sableye|Encore|p1b: The Magne Zone\n|-start|p1b: The Magne Zone|Encore\n|move|p1a: Mothra's GF|Heat Wave|p2b: Toxtricity|[spread] p2b\n|-miss|p1a: Mothra's GF|p2a: Sableye\n|-damage|p2b: Toxtricity|0 fnt\n|faint|p2b: Toxtricity\n|-damage|p1a: Mothra's GF|91\/100|[from] item: Life Orb\n|move|p1b: The Magne Zone|Protect||[still]\n|-fail|p1b: The Magne Zone\n|\n|upkeep\n|\n|t:|1682876491\n|switch|p2b: Bronzong|Bronzong, L50, tera:Fire|33\/100\n|turn|7\n|\n|t:|1682876520\n|move|p1b: The Magne Zone|Protect|p1b: The Magne Zone\n|-singleturn|p1b: The Magne Zone|Protect\n|move|p1a: Mothra's GF|Heat Wave|p2a: Sableye|[spread] p2a,p2b\n|-resisted|p2b: Bronzong\n|-damage|p2a: Sableye|43\/100\n|-damage|p2b: Bronzong|15\/100\n|-enditem|p2a: Sableye|Sitrus Berry|[eat]\n|-heal|p2a: Sableye|67\/100|[from] item: Sitrus Berry\n|-damage|p1a: Mothra's GF|81\/100|[from] item: Life Orb\n|move|p2a: Sableye|Knock Off|p1a: Mothra's GF\n|-damage|p1a: Mothra's GF|48\/100\n|-enditem|p1a: Mothra's GF|Life Orb|[from] move: Knock Off|[of] p2a: Sableye\n|move|p2b: Bronzong|Trick Room|p2b: Bronzong\n|-fieldstart|move: Trick Room|[of] p2b: Bronzong\n|\n|upkeep\n|turn|8\n|\n|t:|1682876617\n|move|p1b: The Magne Zone|Protect|p1b: The Magne Zone\n|-singleturn|p1b: The Magne Zone|Protect\n|move|p2b: Bronzong|Gyro Ball|p1a: Mothra's GF\n|-resisted|p1a: Mothra's GF\n|-damage|p1a: Mothra's GF|36\/100\n|move|p2a: Sableye|Knock Off|p1a: Mothra's GF\n|-damage|p1a: Mothra's GF|14\/100\n|move|p1a: Mothra's GF|Heat Wave|p2b: Bronzong|[spread] p2a,p2b\n|-resisted|p2b: Bronzong\n|-damage|p2a: Sableye|18\/100\n|-damage|p2b: Bronzong|0 fnt\n|faint|p2b: Bronzong\n|\n|-end|p1b: The Magne Zone|Encore\n|upkeep\n|turn|9\n|c|\u2606jayballester|oof\n|c|\u2606F3athers|oh is encore not 3 turns\n|c|\u2606jayballester|including first turn yeah\n|c|\u2606F3athers|that was a brutal roll on zong\n|\n|t:|1682876685\n|move|p2a: Sableye|Knock Off|p1a: Mothra's GF\n|-damage|p1a: Mothra's GF|0 fnt\n|faint|p1a: Mothra's GF\n|move|p1b: The Magne Zone|Thunderbolt|p2a: Sableye\n|-damage|p2a: Sableye|0 fnt\n|faint|p2a: Sableye\n|\n|win|jayballester\n|c|\u2606jayballester|gg\n|c|\u2606F3athers|gg\n","uploadtime":1682876693,"views":13,"p1id":"jayballester","p2id":"f3athers","formatid":"gen9vgc2023regulationc","rating":0,"private":0,"password":""}