{"id":"gen9vgc2023regulationc-1849152971","p1":"SaiSI7","p2":"ascoi","format":"[Gen 9] VGC 2023 Regulation C","log":"|j|\u2606SaiSI7\n|j|\u2606ascoi\n|t:|1682165009\n|gametype|doubles\n|player|p1|SaiSI7|janine|1000\n|player|p2|ascoi|swimmer|1085\n|teamsize|p1|6\n|teamsize|p2|6\n|gen|9\n|tier|[Gen 9] VGC 2023 Regulation C\n|rated|\n|rule|Species Clause: Limit one of each Pok\u00e9mon\n|rule|Item Clause: Limit one of each item\n|clearpoke\n|poke|p1|Brambleghast, L50, F|\n|poke|p1|Florges-White, L50, F|\n|poke|p1|Cyclizar, L50, M|\n|poke|p1|Flamigo, L50, M|\n|poke|p1|Espeon, L50, F|\n|poke|p1|Kilowattrel, L50, M|\n|poke|p2|Goodra, L50, F|\n|poke|p2|Amoonguss, L50, F|\n|poke|p2|Chien-Pao, L50|\n|poke|p2|Rotom-Wash, L50|\n|poke|p2|Arcanine, L50, F|\n|poke|p2|Flutter Mane, L50|\n|teampreview|4\n|\n|t:|1682165039\n|start\n|switch|p1a: Flora|Florges-White, L50, F|100\/100\n|switch|p1b: Bush Bush|Brambleghast, L50, F|100\/100\n|switch|p2a: Rotom|Rotom-Wash, L50|100\/100\n|switch|p2b: Amoonguss|Amoonguss, L50, F|100\/100\n|turn|1\n|\n|t:|1682165068\n|move|p2a: Rotom|Protect|p2a: Rotom\n|-singleturn|p2a: Rotom|Protect\n|move|p1b: Bush Bush|Seed Bomb|p2a: Rotom\n|-activate|p2a: Rotom|move: Protect\n|move|p1a: Flora|Petal Blizzard|p2a: Rotom|[spread] p2b\n|-activate|p2a: Rotom|move: Protect\n|-ability|p1b: Bush Bush|Wind Rider|boost\n|-boost|p1b: Bush Bush|atk|1\n|-resisted|p2b: Amoonguss\n|-damage|p2b: Amoonguss|97\/100\n|move|p2b: Amoonguss|Spore|p1a: Flora\n|-activate|p1a: Flora|item: Safety Goggles|Spore\n|\n|upkeep\n|turn|2\n|\n|t:|1682165087\n|switch|p2a: Goodra|Goodra, L50, F|100\/100\n|move|p2b: Amoonguss|Protect|p2b: Amoonguss\n|-singleturn|p2b: Amoonguss|Protect\n|move|p1b: Bush Bush|Seed Bomb|p2a: Goodra\n|-ability|p2a: Goodra|Sap Sipper|boost\n|-boost|p2a: Goodra|atk|1\n|move|p1a: Flora|Petal Blizzard|p2a: Goodra|[spread] \n|-activate|p2b: Amoonguss|move: Protect\n|-ability|p2a: Goodra|Sap Sipper|boost\n|-boost|p2a: Goodra|atk|1\n|-ability|p1b: Bush Bush|Wind Rider|boost\n|-boost|p1b: Bush Bush|atk|1\n|\n|upkeep\n|turn|3\n|\n|t:|1682165116\n|move|p1b: Bush Bush|Phantom Force||[still]\n|-prepare|p1b: Bush Bush|Phantom Force\n|move|p2a: Goodra|Curse|p2a: Goodra\n|-unboost|p2a: Goodra|spe|1\n|-boost|p2a: Goodra|atk|1\n|-boost|p2a: Goodra|def|1\n|move|p1a: Flora|Moonblast|p2a: Goodra\n|-supereffective|p2a: Goodra\n|-damage|p2a: Goodra|60\/100\n|move|p2b: Amoonguss|Pollen Puff|p2a: Goodra\n|-heal|p2a: Goodra|100\/100\n|\n|upkeep\n|turn|4\n|\n|t:|1682165133\n|move|p1a: Flora|Helping Hand|p1b: Bush Bush\n|-singleturn|p1b: Bush Bush|Helping Hand|[of] p1a: Flora\n|move|p1b: Bush Bush|Phantom Force|p2a: Goodra|[from]lockedmove\n|-damage|p2a: Goodra|13\/100\n|move|p2a: Goodra|Curse|p2a: Goodra\n|-unboost|p2a: Goodra|spe|1\n|-boost|p2a: Goodra|atk|1\n|-boost|p2a: Goodra|def|1\n|move|p2b: Amoonguss|Pollen Puff|p2a: Goodra\n|-heal|p2a: Goodra|63\/100\n|\n|upkeep\n|turn|5\n|\n|t:|1682165157\n|move|p1b: Bush Bush|Strength Sap|p2a: Goodra\n|-ability|p2a: Goodra|Sap Sipper|boost\n|-boost|p2a: Goodra|atk|1\n|move|p1a: Flora|Moonblast|p2a: Goodra\n|-supereffective|p2a: Goodra\n|-damage|p2a: Goodra|25\/100\n|move|p2a: Goodra|Aqua Tail|p1a: Flora\n|-damage|p1a: Flora|0 fnt\n|faint|p1a: Flora\n|-damage|p2a: Goodra|16\/100|[from] item: Life Orb\n|move|p2b: Amoonguss|Pollen Puff|p2a: Goodra\n|-heal|p2a: Goodra|65\/100\n|\n|upkeep\n|\n|t:|1682165172\n|switch|p1a: Flamigo|Flamigo, L50, M|100\/100\n|-copyboost|p1a: Flamigo|p1b: Bush Bush|[from] ability: Costar\n|turn|6\n|\n|t:|1682165186\n|move|p2b: Amoonguss|Protect|p2b: Amoonguss\n|-singleturn|p2b: Amoonguss|Protect\n|move|p1b: Bush Bush|Phantom Force||[still]\n|-prepare|p1b: Bush Bush|Phantom Force\n|move|p1a: Flamigo|Brave Bird|p2b: Amoonguss\n|-activate|p2b: Amoonguss|move: Protect\n|move|p2a: Goodra|Dragon Claw|p1b: Bush Bush|[miss]\n|-miss|p2a: Goodra|p1b: Bush Bush\n|\n|upkeep\n|turn|7\n|\n|t:|1682165216\n|move|p1a: Flamigo|Brave Bird|p2b: Amoonguss\n|-supereffective|p2b: Amoonguss\n|-damage|p2b: Amoonguss|0 fnt\n|faint|p2b: Amoonguss\n|-damage|p1a: Flamigo|57\/100|[from] Recoil\n|move|p1b: Bush Bush|Phantom Force|p2a: Goodra|[from]lockedmove\n|-damage|p2a: Goodra|21\/100\n|move|p2a: Goodra|Dragon Claw|p1a: Flamigo\n|-damage|p1a: Flamigo|0 fnt\n|-damage|p2a: Goodra|5\/100|[from] item: Rocky Helmet|[of] p1a: Flamigo\n|faint|p1a: Flamigo\n|-damage|p2a: Goodra|0 fnt|[from] item: Life Orb\n|faint|p2a: Goodra\n|\n|upkeep\n|\n|t:|1682165230\n|switch|p1a: Kilowattrel|Kilowattrel, L50, M|100\/100\n|switch|p2a: Chien-Pao|Chien-Pao, L50|100\/100\n|switch|p2b: Rotom|Rotom-Wash, L50|100\/100\n|-ability|p2a: Chien-Pao|Sword of Ruin\n|turn|8\n|\n|t:|1682165259\n|-terastallize|p2b: Rotom|Electric\n|move|p2a: Chien-Pao|Sucker Punch|p1b: Bush Bush\n|-supereffective|p1b: Bush Bush\n|-damage|p1b: Bush Bush|0 fnt\n|faint|p1b: Bush Bush\n|move|p1a: Kilowattrel|Tailwind|p1a: Kilowattrel\n|-sidestart|p1: SaiSI7|move: Tailwind\n|-start|p1a: Kilowattrel|Charge|Tailwind|[from] ability: Wind Power\n|move|p2b: Rotom|Nasty Plot|p2b: Rotom\n|-boost|p2b: Rotom|spa|2\n|\n|upkeep\n|turn|9\n|\n|t:|1682165274\n|move|p2a: Chien-Pao|Sucker Punch|p1a: Kilowattrel\n|-damage|p1a: Kilowattrel|30\/100\n|move|p1a: Kilowattrel|Volt Switch|p2b: Rotom\n|-resisted|p2b: Rotom\n|-damage|p2b: Rotom|72\/100\n|-end|p1a: Kilowattrel|Charge|[silent]\n|move|p2b: Rotom|Hydro Pump|p1a: Kilowattrel\n|-damage|p1a: Kilowattrel|0 fnt\n|faint|p1a: Kilowattrel\n|\n|win|ascoi\n|raw|SaiSI7's rating: 1000 → 1000<\/strong> (+0 for losing)\n|raw|ascoi's rating: 1085 → 1106<\/strong> (+21 for winning)\n|l|\u2606SaiSI7\n","uploadtime":1682165296,"views":10,"p1id":"saisi7","p2id":"ascoi","formatid":"gen9vgc2023regulationc","rating":1000,"private":0,"password":""}