{"id":"gen9vgc2023regulationc-1852435507","p1":"anshar_training","p2":"jephelps1230","format":"[Gen 9] VGC 2023 Regulation C","log":"|j|\u2606anshar_training\n|j|\u2606jephelps1230\n|t:|1682557286\n|gametype|doubles\n|player|p1|anshar_training|colress|1111\n|player|p2|jephelps1230|dragontamer|1150\n|teamsize|p1|6\n|teamsize|p2|6\n|gen|9\n|tier|[Gen 9] VGC 2023 Regulation C\n|rated|\n|rule|Species Clause: Limit one of each Pok\u00e9mon\n|rule|Item Clause: Limit one of each item\n|clearpoke\n|poke|p1|Palafin, L50, M|\n|poke|p1|Flutter Mane, L50|\n|poke|p1|Arcanine, L50, F|\n|poke|p1|Amoonguss, L50, M|\n|poke|p1|Ting-Lu, L50|\n|poke|p1|Roaring Moon, L50|\n|poke|p2|Ceruledge, L50, F|\n|poke|p2|Gengar, L50, F|\n|poke|p2|Dragonite, L50, M|\n|poke|p2|Hydreigon, L50, M|\n|poke|p2|Murkrow, L50, M|\n|poke|p2|Gholdengo, L50|\n|teampreview|4\n|\n|t:|1682557304\n|start\n|switch|p1a: Apolo|Arcanine, L50, F|100\/100\n|switch|p1b: Susy|Amoonguss, L50, M|100\/100\n|switch|p2a: Ceruledge|Ceruledge, L50, F|100\/100\n|switch|p2b: Murkrow|Murkrow, L50, M|100\/100\n|-ability|p1a: Apolo|Intimidate|boost\n|-fail|p2a: Ceruledge|unboost|[from] item: Clear Amulet|[of] p2a: Ceruledge\n|-unboost|p2b: Murkrow|atk|1\n|turn|1\n|inactive|Battle timer is ON: inactive players will automatically lose when time's up. (requested by anshar_training)\n|inactive|anshar_training has 60 seconds left.\n|\n|t:|1682557345\n|-terastallize|p2a: Ceruledge|Grass\n|-terastallize|p1b: Susy|Water\n|move|p1a: Apolo|Extreme Speed|p2b: Murkrow\n|-damage|p2b: Murkrow|70\/100\n|move|p2b: Murkrow|Taunt|p1b: Susy\n|-start|p1b: Susy|move: Taunt\n|move|p2a: Ceruledge|Bitter Blade|p1b: Susy\n|-resisted|p1b: Susy\n|-damage|p1b: Susy|83\/100\n|cant|p1b: Susy|move: Taunt|Spore\n|\n|upkeep\n|turn|2\n|\n|t:|1682557369\n|switch|p1a: PlusUltra|Palafin, L50, M|100\/100\n|move|p2b: Murkrow|Haze|p2b: Murkrow\n|-clearallboost\n|move|p2a: Ceruledge|Tera Blast|p1b: Susy\n|-supereffective|p1b: Susy\n|-damage|p1b: Susy|14\/100\n|-enditem|p1b: Susy|Sitrus Berry|[eat]\n|-heal|p1b: Susy|38\/100|[from] item: Sitrus Berry\n|move|p1b: Susy|Pollen Puff|p2a: Ceruledge\n|-supereffective|p2a: Ceruledge\n|-damage|p2a: Ceruledge|48\/100\n|\n|upkeep\n|turn|3\n|inactive|anshar_training has 30 seconds left.\n|inactive|jephelps1230 has 30 seconds left.\n|inactive|jephelps1230 has 20 seconds left.\n|inactive|jephelps1230 has 15 seconds left.\n|\n|t:|1682557413\n|switch|p1b: Cornelia|Flutter Mane, L50|100\/100\n|move|p1a: PlusUltra|Protect|p1a: PlusUltra\n|-singleturn|p1a: PlusUltra|Protect\n|move|p2a: Ceruledge|Tera Blast|p1a: PlusUltra\n|-activate|p1a: PlusUltra|move: Protect\n|move|p2b: Murkrow|Foul Play|p1b: Cornelia\n|-crit|p1b: Cornelia\n|-damage|p1b: Cornelia|54\/100\n|\n|upkeep\n|turn|4\n|\n|t:|1682557435\n|detailschange|p1a: PlusUltra|Palafin-Hero, L50, M\n|switch|p1a: Apolo|Arcanine, L50, F|100\/100\n|-ability|p1a: Apolo|Intimidate|boost\n|-fail|p2a: Ceruledge|unboost|[from] item: Clear Amulet|[of] p2a: Ceruledge\n|-unboost|p2b: Murkrow|atk|1\n|move|p1b: Cornelia|Dazzling Gleam|p2b: Murkrow|[spread] p2a,p2b\n|-supereffective|p2b: Murkrow\n|-damage|p2a: Ceruledge|0 fnt\n|-damage|p2b: Murkrow|0 fnt\n|faint|p2a: Ceruledge\n|faint|p2b: Murkrow\n|\n|upkeep\n|\n|t:|1682557446\n|switch|p2a: Dragonite|Dragonite, L50, M|100\/100\n|switch|p2b: Gholdengo|Gholdengo, L50|100\/100\n|turn|5\n|\n|t:|1682557461\n|-end|p1b: Cornelia|Protosynthesis|[silent]\n|switch|p1b: PlusUltra|Palafin-Hero, L50, M|100\/100\n|-activate|p1b: PlusUltra|ability: Zero to Hero\n|move|p2b: Gholdengo|Make It Rain|p1b: PlusUltra|[spread] p1a,p1b\n|-resisted|p1a: Apolo\n|-resisted|p1b: PlusUltra\n|-damage|p1a: Apolo|61\/100\n|-damage|p1b: PlusUltra|63\/100\n|-unboost|p2b: Gholdengo|spa|1\n|move|p1a: Apolo|Flare Blitz|p2b: Gholdengo\n|-supereffective|p2b: Gholdengo\n|-damage|p2b: Gholdengo|0 fnt\n|faint|p2b: Gholdengo\n|-damage|p1a: Apolo|34\/100|[from] Recoil\n|move|p2a: Dragonite|Earthquake|p1b: PlusUltra|[spread] p1a,p1b\n|-supereffective|p1a: Apolo\n|-damage|p1a: Apolo|0 fnt\n|-damage|p1b: PlusUltra|38\/100\n|faint|p1a: Apolo\n|\n|upkeep\n|-message|jephelps1230 forfeited.\n|\n|win|anshar_training\n|raw|anshar_training's rating: 1111 → 1139<\/strong> (+28 for winning)\n|raw|jephelps1230's rating: 1150 → 1122<\/strong> (-28 for losing)\n|l|\u2606jephelps1230\n","uploadtime":1682557488,"views":14,"p1id":"anshartraining","p2id":"jephelps1230","formatid":"gen9vgc2023regulationc","rating":1122,"private":0,"password":""}