{"id":"gen9vgc2023regulationc-1853259562","p1":"starklar","p2":"Count Sliggoo","format":"[Gen 9] VGC 2023 Regulation C","log":"|j|\u2606starklar\n|j|\u2606Count Sliggoo\n|t:|1682656412\n|gametype|doubles\n|player|p1|starklar|ethan|1326\n|player|p2|Count Sliggoo|ruinmaniac-gen3rs|1274\n|teamsize|p1|6\n|teamsize|p2|6\n|gen|9\n|tier|[Gen 9] VGC 2023 Regulation C\n|rated|\n|rule|Species Clause: Limit one of each Pok\u00e9mon\n|rule|Item Clause: Limit one of each item\n|clearpoke\n|poke|p1|Garganacl, L50, M|\n|poke|p1|Gastrodon, L50, M|\n|poke|p1|Gallade, L50, M|\n|poke|p1|Talonflame, L50, M|\n|poke|p1|Indeedee-F, L50, F|\n|poke|p1|Armarouge, L50, F|\n|poke|p2|Gallade, L50, M|\n|poke|p2|Garganacl, L50, M|\n|poke|p2|Flutter Mane, L50|\n|poke|p2|Indeedee-F, L50, F|\n|poke|p2|Armarouge, L50, F|\n|poke|p2|Dondozo, L50, M|\n|teampreview|4\n|j| Ramon LXIV\nstarklar has agreed to open team sheets.\n|c|\u2606Count Sliggoo|Well hello there.\nCount Sliggoo has agreed to open team sheets.\n|c|\u2606starklar|Spiderman meme here.\n|c|\u2606Count Sliggoo|Knock off? That's very interesting.\n|c|\u2606starklar|I'm experimenting.\n|c|\u2606Count Sliggoo|Why knock off over night slash if I may ask?\n|c|\u2606starklar|... I forgot about night slash.\n|c|\u2606Count Sliggoo|It's a good option. I like leaf blade for the OHKO on Palafin-Hero.\n|\n|t:|1682656553\n|start\n|switch|p1a: Captain|Talonflame, L50, M|100\/100\n|switch|p1b: Meido|Indeedee-F, L50, F|100\/100\n|switch|p2a: Baelnorn|Flutter Mane, L50|100\/100\n|switch|p2b: Heatman|Armarouge, L50, F|100\/100\n|-fieldstart|move: Psychic Terrain|[from] ability: Psychic Surge|[of] p1b: Meido\n|-enditem|p2a: Baelnorn|Booster Energy\n|-activate|p2a: Baelnorn|ability: Protosynthesis|[fromitem]\n|-start|p2a: Baelnorn|protosynthesisspa\n|turn|1\n|l| Ramon LXIV\n|c|\u2606starklar|I did have Leaf Blade previously, but I kept getting walled by Flutter Mane and Gholdego.\n|c|\u2606Count Sliggoo|Very fair, I figured I'd just use Armarouge against Gholdengo. Psycho cut seems to do fine with terrain boosting it into Flutter Mane.\n|\n|t:|1682656649\n|move|p1b: Meido|Protect|p1b: Meido\n|-singleturn|p1b: Meido|Protect\n|move|p1a: Captain|Tailwind|p1a: Captain\n|-sidestart|p1: starklar|move: Tailwind\n|move|p2a: Baelnorn|Calm Mind|p2a: Baelnorn\n|-boost|p2a: Baelnorn|spa|1\n|-boost|p2a: Baelnorn|spd|1\n|move|p2b: Heatman|Expanding Force|p1b: Meido|[spread] p1a\n|-activate|p1b: Meido|move: Protect\n|-damage|p1a: Captain|0 fnt\n|faint|p1a: Captain\n|\n|upkeep\n|\n|t:|1682656662\n|switch|p1a: Vergil|Gallade, L50, M|100\/100\n|turn|2\n|\n|t:|1682656680\n|move|p2a: Baelnorn|Protect|p2a: Baelnorn\n|-singleturn|p2a: Baelnorn|Protect\n|move|p1a: Vergil|Psycho Cut|p2a: Baelnorn\n|-activate|p2a: Baelnorn|move: Protect\n|move|p1b: Meido|Dazzling Gleam|p2b: Heatman|[spread] p2b\n|-activate|p2a: Baelnorn|move: Protect\n|-resisted|p2b: Heatman\n|-damage|p2b: Heatman|89\/100\n|move|p2b: Heatman|Expanding Force|p1a: Vergil|[spread] p1a,p1b\n|-resisted|p1b: Meido\n|-damage|p1a: Vergil|33\/100\n|-damage|p1b: Meido|68\/100\n|\n|upkeep\n|turn|3\n|\n|t:|1682656722\n|-terastallize|p2a: Baelnorn|Steel\n|move|p1a: Vergil|Psycho Cut|p2a: Baelnorn\n|-resisted|p2a: Baelnorn\n|-damage|p2a: Baelnorn|44\/100\n|-damage|p1a: Vergil|23\/100|[from] item: Life Orb\n|move|p1b: Meido|Dazzling Gleam|p2a: Baelnorn|[spread] p2a,p2b\n|-resisted|p2a: Baelnorn\n|-resisted|p2b: Heatman\n|-damage|p2a: Baelnorn|39\/100\n|-damage|p2b: Heatman|78\/100\n|move|p2a: Baelnorn|Dazzling Gleam|p1b: Meido|[spread] p1a,p1b\n|-supereffective|p1a: Vergil\n|-damage|p1a: Vergil|0 fnt\n|-damage|p1b: Meido|11\/100\n|faint|p1a: Vergil\n|move|p2b: Heatman|Expanding Force|p1b: Meido\n|-resisted|p1b: Meido\n|-crit|p1b: Meido\n|-damage|p1b: Meido|0 fnt\n|faint|p1b: Meido\n|\n|upkeep\n|c|\u2606starklar|Honestly, team's going through major experimentation. I'm back to the drawing board of throwing everything at the wall.\n|\n|t:|1682656726\n|switch|p1b: Mega Man|Armarouge, L50, F|100\/100\n|turn|4\n|c|\u2606Count Sliggoo|It's a risky team, I'm doing the same myself.\n|\n|t:|1682656756\n|-terastallize|p1b: Mega Man|Fire\n|move|p2a: Baelnorn|Protect|p2a: Baelnorn\n|-singleturn|p2a: Baelnorn|Protect\n|move|p2b: Heatman|Protect|p2b: Heatman\n|-singleturn|p2b: Heatman|Protect\n|move|p1b: Mega Man|Heat Wave|p2a: Baelnorn|[spread] \n|-activate|p2a: Baelnorn|move: Protect\n|-activate|p2b: Heatman|move: Protect\n|\n|-sideend|p1: starklar|move: Tailwind\n|upkeep\n|turn|5\n|c|\u2606Count Sliggoo|Three psychic types in a ruinous legends meta is difficult.\n|c|\u2606starklar|Well, GG anyways. Back to the drawing board for me.\n|\n|t:|1682656791\n|move|p1b: Mega Man|Heat Wave|p2a: Baelnorn|[spread] p2a,p2b\n|-supereffective|p2a: Baelnorn\n|-resisted|p2b: Heatman\n|-damage|p2a: Baelnorn|0 fnt\n|-damage|p2b: Heatman|45\/100\n|faint|p2a: Baelnorn\n|-end|p2a: Baelnorn|Protosynthesis|[silent]\n|move|p2b: Heatman|Expanding Force|p1b: Mega Man\n|-damage|p1b: Mega Man|0 fnt\n|faint|p1b: Mega Man\n|\n|win|Count Sliggoo\n|raw|starklar's rating: 1326 → 1303<\/strong> (-23 for losing)\n|raw|Count Sliggoo's rating: 1274 → 1303<\/strong> (+29 for winning)\n|c|\u2606Count Sliggoo|Gg, and good luck.\n|c|\u2606starklar|Same to you.\n|l|\u2606starklar\n","uploadtime":1682656824,"views":8,"p1id":"starklar","p2id":"countsliggoo","formatid":"gen9vgc2023regulationc","rating":1303,"private":0,"password":""}