{"id":"gen9vgc2023regulationc-1863721277","p1":"ANTIPASIA","p2":"coatesy92","format":"[Gen 9] VGC 2023 Regulation C","log":"|j|\u2606ANTIPASIA\n|j|\u2606coatesy92\n|t:|1684067034\n|gametype|doubles\n|player|p1|ANTIPASIA|169|1000\n|player|p2|coatesy92|steven|1124\n|teamsize|p1|6\n|teamsize|p2|6\n|gen|9\n|tier|[Gen 9] VGC 2023 Regulation C\n|rated|\n|rule|Species Clause: Limit one of each Pok\u00e9mon\n|rule|Item Clause: Limit one of each item\n|clearpoke\n|poke|p1|Brute Bonnet, L50|\n|poke|p1|Iron Hands, L50|\n|poke|p1|Scream Tail, L50|\n|poke|p1|Annihilape, L50, M|\n|poke|p1|Torkoal, L50, M|\n|poke|p1|Sylveon, L50, M|\n|poke|p2|Breloom, L50, F|\n|poke|p2|Gyarados, L50, M|\n|poke|p2|Great Tusk, L50|\n|poke|p2|Bombirdier, L50, F|\n|poke|p2|Flutter Mane, L50|\n|poke|p2|Maushold-Four, L50|\n|teampreview|4\n|\n|t:|1684067090\n|start\n|switch|p1a: Scream Tail|Scream Tail, L50|100\/100\n|switch|p1b: Iron Hands|Iron Hands, L50|100\/100\n|switch|p2a: Bombirdier|Bombirdier, L50, F|100\/100\n|switch|p2b: Maushold|Maushold-Four, L50|100\/100\n|turn|1\n|\n|t:|1684067137\n|switch|p2a: Flutter Mane|Flutter Mane, L50|100\/100\n|-enditem|p2a: Flutter Mane|Booster Energy\n|-activate|p2a: Flutter Mane|ability: Protosynthesis|[fromitem]\n|-start|p2a: Flutter Mane|protosynthesisspe\n|move|p2b: Maushold|Super Fang|p1b: Iron Hands|[miss]\n|-miss|p2b: Maushold|p1b: Iron Hands\n|move|p1b: Iron Hands|Wild Charge|p2a: Flutter Mane\n|-damage|p2a: Flutter Mane|26\/100\n|-damage|p1b: Iron Hands|89\/100|[from] Recoil\n|move|p1a: Scream Tail|Trick Room|p1a: Scream Tail\n|-fieldstart|move: Trick Room|[of] p1a: Scream Tail\n|\n|upkeep\n|turn|2\n|inactive|Battle timer is ON: inactive players will automatically lose when time's up. (requested by coatesy92)\n|\n|t:|1684067219\n|move|p2b: Maushold|Follow Me|p2b: Maushold\n|-singleturn|p2b: Maushold|move: Follow Me\n|move|p1b: Iron Hands|Wild Charge|p2b: Maushold\n|-damage|p2b: Maushold|40\/100\n|-damage|p1b: Iron Hands|77\/100|[from] Recoil\n|move|p1a: Scream Tail|Psychic Fangs|p2b: Maushold\n|-damage|p2b: Maushold|15\/100\n|move|p2a: Flutter Mane|Dazzling Gleam|p1a: Scream Tail|[spread] p1a,p1b\n|-supereffective|p1b: Iron Hands\n|-damage|p1a: Scream Tail|82\/100\n|-damage|p1b: Iron Hands|43\/100\n|\n|upkeep\n|turn|3\n|inactive|ANTIPASIA has 30 seconds left.\n|inactive|coatesy92 has 30 seconds left.\n|inactive|coatesy92 has 20 seconds left.\n|\n|t:|1684067255\n|move|p2a: Flutter Mane|Protect|p2a: Flutter Mane\n|-singleturn|p2a: Flutter Mane|Protect\n|move|p1b: Iron Hands|Wild Charge|p2a: Flutter Mane\n|-activate|p2a: Flutter Mane|move: Protect\n|move|p1a: Scream Tail|Psychic Fangs|p2b: Maushold\n|-damage|p2b: Maushold|0 fnt\n|faint|p2b: Maushold\n|\n|upkeep\n|\n|t:|1684067270\n|switch|p2b: Breloom|Breloom, L50, F|100\/100\n|turn|4\n|inactive|ANTIPASIA has 30 seconds left.\n|inactive|ANTIPASIA has 20 seconds left.\n|inactive|ANTIPASIA has 15 seconds left.\n|inactive|ANTIPASIA has 10 seconds left.\n|inactive|ANTIPASIA has 5 seconds left.\n|\n|t:|1684067323\n|move|p2a: Flutter Mane|Protect|p2a: Flutter Mane\n|-singleturn|p2a: Flutter Mane|Protect\n|move|p1b: Iron Hands|Wild Charge|p2a: Flutter Mane\n|-activate|p2a: Flutter Mane|move: Protect\n|move|p1a: Scream Tail|Perish Song|p1a: Scream Tail\n|-start|p1a: Scream Tail|perish3|[silent]\n|-start|p1b: Iron Hands|perish3|[silent]\n|-start|p2a: Flutter Mane|perish3|[silent]\n|-start|p2b: Breloom|perish3|[silent]\n|-fieldactivate|move: Perish Song\n|move|p2b: Breloom|Spore|p1b: Iron Hands\n|-status|p1b: Iron Hands|slp|[from] move: Spore\n|\n|-start|p1b: Iron Hands|perish3\n|-start|p1a: Scream Tail|perish3\n|-start|p2b: Breloom|perish3\n|-start|p2a: Flutter Mane|perish3\n|upkeep\n|turn|5\n|inactive|ANTIPASIA has 30 seconds left.\n|inactive|ANTIPASIA has 20 seconds left.\n|inactive|ANTIPASIA has 15 seconds left.\n|inactive|ANTIPASIA has 10 seconds left.\n|inactive|ANTIPASIA has 5 seconds left.\n|\n|t:|1684067375\n|-end|p2a: Flutter Mane|Protosynthesis|[silent]\n|switch|p2a: Bombirdier|Bombirdier, L50, F|100\/100\n|cant|p1b: Iron Hands|slp\n|move|p1a: Scream Tail|Psychic Fangs|p2a: Bombirdier\n|-immune|p2a: Bombirdier\n|move|p2b: Breloom|Spore|p1a: Scream Tail\n|-status|p1a: Scream Tail|slp|[from] move: Spore\n|\n|-start|p1b: Iron Hands|perish2\n|-start|p1a: Scream Tail|perish2\n|-start|p2b: Breloom|perish2\n|-fieldend|move: Trick Room\n|upkeep\n|turn|6\n|inactive|ANTIPASIA has 30 seconds left.\n|inactive|ANTIPASIA has 20 seconds left.\n|inactive|ANTIPASIA has 15 seconds left.\n|inactive|ANTIPASIA has 10 seconds left.\n|\n|t:|1684067424\n|-end|p1a: Scream Tail|Protosynthesis|[silent]\n|switch|p1a: Sylveon|Sylveon, L50, M|100\/100\n|-end|p1b: Iron Hands|Quark Drive|[silent]\n|switch|p1b: Torkoal|Torkoal, L50, M|100\/100\n|-weather|SunnyDay|[from] ability: Drought|[of] p1b: Torkoal\n|-terastallize|p2a: Bombirdier|Rock\n|move|p2b: Breloom|Bullet Seed|p1a: Sylveon\n|-damage|p1a: Sylveon|78\/100\n|-damage|p1a: Sylveon|56\/100\n|-damage|p1a: Sylveon|34\/100\n|-damage|p1a: Sylveon|8\/100\n|-hitcount|p1a: Sylveon|4\n|move|p2a: Bombirdier|Rock Slide|p1b: Torkoal|[spread] p1a,p1b\n|-supereffective|p1b: Torkoal\n|-damage|p1a: Sylveon|0 fnt\n|-damage|p1b: Torkoal|21\/100\n|faint|p1a: Sylveon\n|-damage|p2a: Bombirdier|91\/100|[from] item: Life Orb\n|\n|-weather|SunnyDay|[upkeep]\n|-start|p2b: Breloom|perish1\n|upkeep\n|inactive|ANTIPASIA has 30 seconds left.\n|inactive|ANTIPASIA has 20 seconds left.\n|inactive|ANTIPASIA has 15 seconds left.\n|\n|t:|1684067465\n|switch|p1a: Scream Tail|Scream Tail, L50|82\/100 slp\n|-activate|p1a: Scream Tail|ability: Protosynthesis\n|-start|p1a: Scream Tail|protosynthesisspd\n|turn|7\n|\n|t:|1684067488\n|switch|p2b: Flutter Mane|Flutter Mane, L50|26\/100\n|-activate|p2b: Flutter Mane|ability: Protosynthesis\n|-start|p2b: Flutter Mane|protosynthesisspe\n|switch|p1b: Iron Hands|Iron Hands, L50|43\/100 slp\n|move|p2a: Bombirdier|Rock Slide|p1b: Iron Hands|[spread] p1a,p1b\n|-resisted|p1b: Iron Hands\n|-damage|p1a: Scream Tail|45\/100 slp\n|-damage|p1b: Iron Hands|25\/100 slp\n|-damage|p2a: Bombirdier|81\/100|[from] item: Life Orb\n|cant|p1a: Scream Tail|slp\n|\n|-weather|SunnyDay|[upkeep]\n|upkeep\n|turn|8\n|inactive|ANTIPASIA has 30 seconds left.\n|inactive|ANTIPASIA has 20 seconds left.\n|inactive|ANTIPASIA has 15 seconds left.\n|inactive|ANTIPASIA has 10 seconds left.\n|inactive|ANTIPASIA has 5 seconds left.\n|\n|t:|1684067542\n|-curestatus|p1b: Iron Hands|slp|[msg]\n|move|p1b: Iron Hands|Fake Out|p2b: Flutter Mane\n|-immune|p2b: Flutter Mane\n|move|p2b: Flutter Mane|Dazzling Gleam|p1b: Iron Hands|[spread] p1a,p1b\n|-supereffective|p1b: Iron Hands\n|-damage|p1a: Scream Tail|31\/100 slp\n|-damage|p1b: Iron Hands|0 fnt\n|faint|p1b: Iron Hands\n|-end|p1b: Iron Hands|Quark Drive|[silent]\n|move|p2a: Bombirdier|Brave Bird|p1a: Scream Tail\n|-damage|p1a: Scream Tail|0 fnt\n|faint|p1a: Scream Tail\n|-end|p1a: Scream Tail|Protosynthesis|[silent]\n|-damage|p2a: Bombirdier|69\/100|[from] Recoil\n|-damage|p2a: Bombirdier|59\/100|[from] item: Life Orb\n|\n|-weather|SunnyDay|[upkeep]\n|upkeep\n|\n|t:|1684067564\n|switch|p1a: Torkoal|Torkoal, L50, M|21\/100\n|turn|9\n|\n|t:|1684067574\n|-terastallize|p1a: Torkoal|Fire\n|move|p2a: Bombirdier|Sucker Punch|p1a: Torkoal\n|-damage|p1a: Torkoal|0 fnt\n|faint|p1a: Torkoal\n|-damage|p2a: Bombirdier|50\/100|[from] item: Life Orb\n|\n|win|coatesy92\n|raw|ANTIPASIA's rating: 1000 → 1000<\/strong> (+0 for losing)\n|raw|coatesy92's rating: 1124 → 1140<\/strong> (+16 for winning)\n|l|\u2606ANTIPASIA\n","uploadtime":1684067663,"views":9,"p1id":"antipasia","p2id":"coatesy92","formatid":"gen9vgc2023regulationc","rating":1000,"private":0,"password":""}