{"id":"gen9vgc2023regulationc-1863536783","p1":"9winsformepls","p2":"Kenji OwO","format":"[Gen 9] VGC 2023 Regulation C","log":"|j|\u26069winsformepls\n|j|\u2606Kenji OwO\n|t:|1684030969\n|gametype|doubles\n|player|p1|9winsformepls|bruno-gen1|1093\n|player|p2|Kenji OwO|roxie|1128\n|teamsize|p1|6\n|teamsize|p2|6\n|gen|9\n|tier|[Gen 9] VGC 2023 Regulation C\n|rated|\n|rule|Species Clause: Limit one of each Pok\u00e9mon\n|rule|Item Clause: Limit one of each item\n|clearpoke\n|poke|p1|Flutter Mane, L50|\n|poke|p1|Arcanine, L50, F|\n|poke|p1|Palafin, L50, F|\n|poke|p1|Kingambit, L50, F|\n|poke|p1|Gholdengo, L50|\n|poke|p1|Sylveon, L50, F|\n|poke|p2|Meowscarada, L50, F|\n|poke|p2|Ceruledge, L50, M|\n|poke|p2|Toxtricity, L50, M|\n|poke|p2|Donphan, L50, M|\n|poke|p2|Flutter Mane, L50|\n|poke|p2|Noivern, L50, M|\n|teampreview|4\n|inactive|Battle timer is ON: inactive players will automatically lose when time's up. (requested by Kenji OwO)\nKenji OwO has agreed to open team sheets.\n9winsformepls has agreed to open team sheets.\n|inactive|9winsformepls has 60 seconds left.\n|inactive|Kenji OwO has 60 seconds left.\n|inactive|Kenji OwO has 30 seconds left.\n|inactive|Kenji OwO has 20 seconds left.\n|\n|t:|1684031045\n|start\n|switch|p1a: Flutter Mane|Flutter Mane, L50|100\/100\n|switch|p1b: Palafin|Palafin, L50, F|100\/100\n|switch|p2a: Noivern|Noivern, L50, M|100\/100\n|switch|p2b: Donphan|Donphan, L50, M|100\/100\n|-enditem|p1a: Flutter Mane|Booster Energy\n|-activate|p1a: Flutter Mane|ability: Protosynthesis|[fromitem]\n|-start|p1a: Flutter Mane|protosynthesisspe\n|turn|1\n|\n|t:|1684031066\n|detailschange|p1b: Palafin|Palafin-Hero, L50, F\n|switch|p1b: Arcanine|Arcanine, L50, F|100\/100\n|-ability|p1b: Arcanine|Intimidate|boost\n|-unboost|p2a: Noivern|atk|1\n|-unboost|p2b: Donphan|atk|1\n|-terastallize|p2a: Noivern|Steel\n|move|p1a: Flutter Mane|Dazzling Gleam|p2a: Noivern|[spread] p2a,p2b\n|-resisted|p2a: Noivern\n|-damage|p2a: Noivern|82\/100\n|-damage|p2b: Donphan|53\/100\n|move|p2a: Noivern|Tailwind|p2a: Noivern\n|-sidestart|p2: Kenji OwO|move: Tailwind\n|move|p2b: Donphan|Earthquake|p1b: Arcanine|[spread] p1a,p1b\n|-activate|p2a: Noivern|ability: Telepathy\n|-supereffective|p1b: Arcanine\n|-damage|p1a: Flutter Mane|46\/100\n|-damage|p1b: Arcanine|47\/100\n|\n|upkeep\n|turn|2\n|inactive|9winsformepls has 30 seconds left.\n|inactive|Kenji OwO has 30 seconds left.\n|inactive|9winsformepls has 20 seconds left.\n|inactive|Kenji OwO has 20 seconds left.\n|inactive|9winsformepls has 15 seconds left.\n|inactive|Kenji OwO has 15 seconds left.\n|\n|t:|1684031111\n|move|p2a: Noivern|Dragon Pulse|p1b: Arcanine\n|-crit|p1b: Arcanine\n|-damage|p1b: Arcanine|0 fnt\n|faint|p1b: Arcanine\n|move|p1a: Flutter Mane|Mystical Fire|p2a: Noivern\n|-supereffective|p2a: Noivern\n|-damage|p2a: Noivern|27\/100\n|move|p2b: Donphan|Earthquake|p1a: Flutter Mane|[spread] p1a\n|-activate|p2a: Noivern|ability: Telepathy\n|-damage|p1a: Flutter Mane|0 fnt\n|faint|p1a: Flutter Mane\n|-end|p1a: Flutter Mane|Protosynthesis|[silent]\n|\n|upkeep\n|\n|t:|1684031115\n|switch|p1a: Palafin|Palafin-Hero, L50, F|100\/100\n|switch|p1b: Kingambit|Kingambit, L50, F|100\/100\n|-activate|p1a: Palafin|ability: Zero to Hero\n|turn|3\n|inactive|Kenji OwO has 30 seconds left.\n|inactive|Kenji OwO has 20 seconds left.\n|inactive|Kenji OwO has 15 seconds left.\n|inactive|Kenji OwO has 10 seconds left.\n|\n|t:|1684031162\n|-terastallize|p1a: Palafin|Water\n|move|p2b: Donphan|Ice Shard|p1b: Kingambit\n|-resisted|p1b: Kingambit\n|-damage|p1b: Kingambit|97\/100\n|move|p1a: Palafin|Jet Punch|p2b: Donphan\n|-supereffective|p2b: Donphan\n|-damage|p2b: Donphan|0 fnt\n|faint|p2b: Donphan\n|move|p1b: Kingambit|Sucker Punch|p2a: Noivern\n|-crit|p2a: Noivern\n|-damage|p2a: Noivern|0 fnt\n|faint|p2a: Noivern\n|\n|upkeep\n|\n|t:|1684031176\n|switch|p2a: Meowscarada|Meowscarada, L50, F|100\/100\n|switch|p2b: Toxtricity|Toxtricity, L50, M|100\/100\n|turn|4\n|inactive|Kenji OwO has 30 seconds left.\n|inactive|Kenji OwO has 20 seconds left.\n|\n|t:|1684031213\n|move|p2a: Meowscarada|Protect|p2a: Meowscarada\n|-singleturn|p2a: Meowscarada|Protect\n|move|p2b: Toxtricity|Overdrive|p1a: Palafin|[spread] p1a,p1b\n|-supereffective|p1a: Palafin\n|-damage|p1a: Palafin|2\/100\n|-damage|p1b: Kingambit|46\/100\n|-damage|p2b: Toxtricity|90\/100|[from] item: Life Orb\n|move|p1a: Palafin|Wave Crash|p2b: Toxtricity\n|-damage|p2b: Toxtricity|0 fnt\n|faint|p2b: Toxtricity\n|-damage|p1a: Palafin|0 fnt|[from] Recoil\n|faint|p1a: Palafin\n|move|p1b: Kingambit|Low Kick|p2a: Meowscarada\n|-activate|p2a: Meowscarada|move: Protect\n|\n|-sideend|p2: Kenji OwO|move: Tailwind\n|upkeep\n|turn|5\n|inactive|Kenji OwO has 30 seconds left.\n|\n|t:|1684031241\n|move|p1b: Kingambit|Protect|p1b: Kingambit\n|-singleturn|p1b: Kingambit|Protect\n|move|p2a: Meowscarada|Sucker Punch||[still]\n|-fail|p2a: Meowscarada\n|\n|upkeep\n|turn|6\n|inactive|9winsformepls has 30 seconds left.\n|inactive|9winsformepls has 20 seconds left.\n|inactive|9winsformepls has 15 seconds left.\n|\n|t:|1684031286\n|move|p2a: Meowscarada|Protect|p2a: Meowscarada\n|-singleturn|p2a: Meowscarada|Protect\n|move|p1b: Kingambit|Sucker Punch||[still]\n|-fail|p1b: Kingambit\n|\n|upkeep\n|turn|7\n|c|\u26069winsformepls|were both scared lol\n|\n|t:|1684031301\n|move|p2a: Meowscarada|Sucker Punch|p1b: Kingambit\n|-resisted|p1b: Kingambit\n|-damage|p1b: Kingambit|31\/100\n|move|p1b: Kingambit|Low Kick|p2a: Meowscarada\n|-supereffective|p2a: Meowscarada\n|-damage|p2a: Meowscarada|23\/100\n|\n|upkeep\n|turn|8\n|\n|t:|1684031311\n|move|p1b: Kingambit|Protect|p1b: Kingambit\n|-singleturn|p1b: Kingambit|Protect\n|move|p2a: Meowscarada|Flower Trick|p1b: Kingambit\n|-activate|p1b: Kingambit|move: Protect\n|\n|upkeep\n|turn|9\n|c|\u26069winsformepls|gg\n|\n|t:|1684031319\n|move|p2a: Meowscarada|Sucker Punch|p1b: Kingambit\n|-resisted|p1b: Kingambit\n|-damage|p1b: Kingambit|17\/100\n|move|p1b: Kingambit|Sucker Punch||[still]\n|-fail|p1b: Kingambit\n|\n|upkeep\n|turn|10\n|\n|t:|1684031331\n|move|p1b: Kingambit|Sucker Punch|p2a: Meowscarada\n|-resisted|p2a: Meowscarada\n|-damage|p2a: Meowscarada|0 fnt\n|faint|p2a: Meowscarada\n|\n|win|9winsformepls\n|raw|9winsformepls's rating: 1093 → 1122<\/strong> (+29 for winning)\n|raw|Kenji OwO's rating: 1128 → 1100<\/strong> (-28 for losing)\n|l|\u2606Kenji OwO\n","uploadtime":1684031347,"views":6,"p1id":"9winsformepls","p2id":"kenjiowo","formatid":"gen9vgc2023regulationc","rating":1100,"private":0,"password":""}