{"id":"gen9vgc2023regulationc-1846552553","p1":"eldelpoliwhirl","p2":"Violo","format":"[Gen 9] VGC 2023 Regulation C","log":"|j|\u2606eldelpoliwhirl\n|j|\u2606Violo\n|t:|1681850937\n|gametype|doubles\n|player|p1|eldelpoliwhirl|grusha|1032\n|player|p2|Violo|169|1079\n|teamsize|p1|6\n|teamsize|p2|6\n|gen|9\n|tier|[Gen 9] VGC 2023 Regulation C\n|rated|\n|rule|Species Clause: Limit one of each Pok\u00e9mon\n|rule|Item Clause: Limit one of each item\n|clearpoke\n|poke|p1|Ting-Lu, L50|\n|poke|p1|Amoonguss, L50, M|\n|poke|p1|Arcanine, L50, M|\n|poke|p1|Flutter Mane, L50|\n|poke|p1|Palafin, L50, M|\n|poke|p1|Baxcalibur, L50, M|\n|poke|p2|Dragonite, L50, M|\n|poke|p2|Amoonguss, L50, M|\n|poke|p2|Chien-Pao, L50|\n|poke|p2|Arcanine, L50, F|\n|poke|p2|Flutter Mane, L50|\n|poke|p2|Palafin, L50, F|\n|teampreview|4\n|inactive|Battle timer is ON: inactive players will automatically lose when time's up. (requested by eldelpoliwhirl)\n|inactive|Violo has 60 seconds left.\n|inactive|Violo has 30 seconds left.\n|\n|t:|1681851007\n|start\n|switch|p1a: Baxcalibur|Baxcalibur, L50, M, shiny|100\/100\n|switch|p1b: Palafin|Palafin, L50, M, shiny|100\/100\n|switch|p2a: Dozo|Palafin, L50, F|100\/100\n|switch|p2b: Dragonite|Dragonite, L50, M|100\/100\n|turn|1\n|inactive|Violo has 30 seconds left.\n|\n|t:|1681851036\n|detailschange|p1b: Palafin|Palafin-Hero, L50, M, shiny\n|switch|p1b: Arcanine|Arcanine, L50, M|100\/100\n|-ability|p1b: Arcanine|Intimidate|boost\n|-unboost|p2a: Dozo|atk|1\n|-unboost|p2b: Dragonite|atk|1\n|detailschange|p2a: Dozo|Palafin-Hero, L50, F\n|switch|p2a: WoChien|Amoonguss, L50, M|100\/100\n|move|p2b: Dragonite|Stomping Tantrum|p1a: Baxcalibur\n|-damage|p1a: Baxcalibur|84\/100\n|move|p1a: Baxcalibur|Glaive Rush|p2b: Dragonite\n|-supereffective|p2b: Dragonite\n|-damage|p2b: Dragonite|27\/100\n|-singlemove|p1a: Baxcalibur|Glaive Rush|[silent]\n|\n|upkeep\n|turn|2\n|inactive|eldelpoliwhirl has 30 seconds left.\n|\n|t:|1681851065\n|switch|p2b: Mimi|Flutter Mane, L50|100\/100\n|-enditem|p2b: Mimi|Booster Energy\n|-activate|p2b: Mimi|ability: Protosynthesis|[fromitem]\n|-start|p2b: Mimi|protosynthesisspe\n|move|p2a: WoChien|Protect|p2a: WoChien\n|-singleturn|p2a: WoChien|Protect\n|move|p1b: Arcanine|Will-O-Wisp|p2b: Mimi\n|-status|p2b: Mimi|brn\n|move|p1a: Baxcalibur|Icicle Spear|p2a: WoChien\n|-activate|p2a: WoChien|move: Protect\n|\n|-damage|p2b: Mimi|94\/100 brn|[from] brn\n|upkeep\n|turn|3\n|inactive|eldelpoliwhirl has 30 seconds left.\n|inactive|Violo has 30 seconds left.\n|\n|t:|1681851096\n|switch|p2a: Dozo|Palafin-Hero, L50, F|100\/100\n|-activate|p2a: Dozo|ability: Zero to Hero\n|-terastallize|p1a: Baxcalibur|Poison\n|move|p2b: Mimi|Shadow Ball|p1b: Arcanine\n|-damage|p1b: Arcanine|53\/100\n|move|p1b: Arcanine|Flare Blitz|p2b: Mimi\n|-damage|p2b: Mimi|0 fnt\n|faint|p2b: Mimi\n|-end|p2b: Mimi|Protosynthesis|[silent]\n|-damage|p1b: Arcanine|31\/100|[from] Recoil\n|move|p1a: Baxcalibur|Icicle Spear|p2a: Dozo\n|-resisted|p2a: Dozo\n|-damage|p2a: Dozo|94\/100\n|-resisted|p2a: Dozo\n|-damage|p2a: Dozo|87\/100\n|-resisted|p2a: Dozo\n|-damage|p2a: Dozo|81\/100\n|-resisted|p2a: Dozo\n|-damage|p2a: Dozo|74\/100\n|-resisted|p2a: Dozo\n|-damage|p2a: Dozo|67\/100\n|-hitcount|p2a: Dozo|5\n|\n|upkeep\n|inactive|Violo has 30 seconds left.\n|\n|t:|1681851129\n|switch|p2b: WoChien|Amoonguss, L50, M|100\/100\n|turn|4\n|\n|t:|1681851137\n|switch|p1b: Amoonguss|Amoonguss, L50, M|100\/100\n|move|p1a: Baxcalibur|Protect|p1a: Baxcalibur\n|-singleturn|p1a: Baxcalibur|Protect\n|move|p2a: Dozo|Wave Crash|p1a: Baxcalibur\n|-activate|p1a: Baxcalibur|move: Protect\n|move|p2b: WoChien|Pollen Puff|p2a: Dozo\n|-heal|p2a: Dozo|100\/100\n|\n|upkeep\n|turn|5\n|inactive|Violo has 30 seconds left.\n|\n|t:|1681851169\n|-terastallize|p2a: Dozo|Water\n|move|p2a: Dozo|Protect|p2a: Dozo\n|-singleturn|p2a: Dozo|Protect\n|move|p1a: Baxcalibur|Icicle Spear|p2b: WoChien\n|-supereffective|p2b: WoChien\n|-damage|p2b: WoChien|73\/100\n|-supereffective|p2b: WoChien\n|-damage|p2b: WoChien|46\/100\n|-enditem|p2b: WoChien|Sitrus Berry|[eat]\n|-heal|p2b: WoChien|71\/100|[from] item: Sitrus Berry\n|-supereffective|p2b: WoChien\n|-damage|p2b: WoChien|47\/100\n|-supereffective|p2b: WoChien\n|-damage|p2b: WoChien|22\/100\n|-hitcount|p2b: WoChien|4\n|move|p2b: WoChien|Spore|p1a: Baxcalibur\n|-status|p1a: Baxcalibur|slp|[from] move: Spore\n|move|p1b: Amoonguss|Spore|p2a: Dozo\n|-activate|p2a: Dozo|move: Protect\n|\n|upkeep\n|turn|6\n|inactive|Violo has 30 seconds left.\n|\n|t:|1681851198\n|switch|p2b: Dragonite|Dragonite, L50, M|27\/100\n|cant|p1a: Baxcalibur|slp\n|move|p2a: Dozo|Wave Crash|p1a: Baxcalibur\n|-damage|p1a: Baxcalibur|0 fnt\n|faint|p1a: Baxcalibur\n|-damage|p2a: Dozo|74\/100|[from] Recoil\n|move|p1b: Amoonguss|Spore|p2a: Dozo\n|-status|p2a: Dozo|slp|[from] move: Spore\n|\n|upkeep\n|\n|t:|1681851212\n|switch|p1a: Palafin|Palafin-Hero, L50, M, shiny|100\/100\n|-activate|p1a: Palafin|ability: Zero to Hero\n|turn|7\n|\n|t:|1681851226\n|cant|p2a: Dozo|slp\n|move|p2b: Dragonite|Extreme Speed|p1a: Palafin\n|-damage|p1a: Palafin|75\/100\n|move|p1a: Palafin|Wave Crash|p2a: Dozo\n|-resisted|p2a: Dozo\n|-damage|p2a: Dozo|29\/100 slp\n|-damage|p1a: Palafin|59\/100|[from] Recoil\n|move|p1b: Amoonguss|Pollen Puff|p1a: Palafin\n|-heal|p1a: Palafin|100\/100\n|\n|upkeep\n|turn|8\n|\n|t:|1681851248\n|switch|p1b: Arcanine|Arcanine, L50, M|31\/100\n|-ability|p1b: Arcanine|Intimidate|boost\n|-unboost|p2a: Dozo|atk|1\n|-unboost|p2b: Dragonite|atk|1\n|cant|p2a: Dozo|slp\n|move|p1a: Palafin|Wave Crash|p2b: Dragonite\n|-resisted|p2b: Dragonite\n|-damage|p2b: Dragonite|0 fnt\n|faint|p2b: Dragonite\n|-damage|p1a: Palafin|92\/100|[from] Recoil\n|\n|upkeep\n|\n|t:|1681851261\n|switch|p2b: WoChien|Amoonguss, L50, M|55\/100\n|turn|9\n|inactive|Violo has 30 seconds left.\n|\n|t:|1681851289\n|cant|p2a: Dozo|slp\n|move|p1b: Arcanine|Flare Blitz|p2b: WoChien\n|-supereffective|p2b: WoChien\n|-damage|p2b: WoChien|0 fnt\n|faint|p2b: WoChien\n|-damage|p1b: Arcanine|10\/100|[from] Recoil\n|move|p1a: Palafin|Wave Crash|p2a: Dozo\n|-resisted|p2a: Dozo\n|-damage|p2a: Dozo|0 fnt\n|faint|p2a: Dozo\n|-damage|p1a: Palafin|82\/100|[from] Recoil\n|\n|win|eldelpoliwhirl\n|raw|eldelpoliwhirl's rating: 1032 → 1072<\/strong> (+40 for winning)\n|raw|Violo's rating: 1079 → 1054<\/strong> (-25 for losing)\n|c|\u2606eldelpoliwhirl|Gg\n","uploadtime":1681851329,"views":12,"p1id":"eldelpoliwhirl","p2id":"violo","formatid":"gen9vgc2023regulationc","rating":1054,"private":0,"password":""}