{"id":"gen9vgc2023regulationc-1858947428","p1":"NemesisRider","p2":"kricketot marx","format":"[Gen 9] VGC 2023 Regulation C","log":"|j|\u2606NemesisRider\n|j|\u2606kricketot marx\n|t:|1683386730\n|gametype|doubles\n|player|p1|NemesisRider|169|1394\n|player|p2|kricketot marx|flannery|1486\n|teamsize|p1|6\n|teamsize|p2|6\n|gen|9\n|tier|[Gen 9] VGC 2023 Regulation C\n|rated|\n|rule|Species Clause: Limit one of each Pok\u00e9mon\n|rule|Item Clause: Limit one of each item\n|clearpoke\n|poke|p1|Skeledirge, L50, F|\n|poke|p1|Indeedee-F, L50, F|\n|poke|p1|Armarouge, L50, M|\n|poke|p1|Amoonguss, L50, M|\n|poke|p1|Maushold, L50|\n|poke|p1|Annihilape, L50, F|\n|poke|p2|Scream Tail, L50|\n|poke|p2|Baxcalibur, L50, M|\n|poke|p2|Corviknight, L50, F|\n|poke|p2|Rotom-Wash, L50|\n|poke|p2|Ting-Lu, L50|\n|poke|p2|Kingambit, L50, F|\n|teampreview|4\n|inactive|Battle timer is ON: inactive players will automatically lose when time's up. (requested by NemesisRider)\nNemesisRider has agreed to open team sheets.\nkricketot marx has agreed to open team sheets.\n|inactive|kricketot marx has 60 seconds left.\n|inactive|NemesisRider has 60 seconds left.\n|inactive|kricketot marx has 30 seconds left.\n|inactive|kricketot marx has 20 seconds left.\n|inactive|kricketot marx has 15 seconds left.\n|inactive|kricketot marx has 10 seconds left.\n|\n|t:|1683386817\n|start\n|switch|p1a: Maushold|Maushold, L50|100\/100\n|switch|p1b: Annihilape|Annihilape, L50, F|100\/100\n|switch|p2a: Scream Tail|Scream Tail, L50, shiny|100\/100\n|switch|p2b: Ting-Lu|Ting-Lu, L50|100\/100\n|-ability|p2b: Ting-Lu|Vessel of Ruin\n|-enditem|p2a: Scream Tail|Booster Energy\n|-activate|p2a: Scream Tail|ability: Protosynthesis|[fromitem]\n|-start|p2a: Scream Tail|protosynthesisspe\n|turn|1\n|inactive|kricketot marx has 30 seconds left.\n|inactive|kricketot marx has 20 seconds left.\n|inactive|kricketot marx has 15 seconds left.\n|inactive|kricketot marx has 10 seconds left.\n|inactive|kricketot marx has 5 seconds left.\n|\n|t:|1683386870\n|move|p2a: Scream Tail|Howl|p2a: Scream Tail|[spread] p2a,p2b\n|-boost|p2a: Scream Tail|atk|1\n|-boost|p2b: Ting-Lu|atk|1\n|move|p1a: Maushold|Beat Up|p1b: Annihilape\n|-damage|p1b: Annihilape|98\/100\n|-damage|p1b: Annihilape|96\/100\n|-damage|p1b: Annihilape|94\/100\n|-damage|p1b: Annihilape|92\/100\n|-hitcount|p1b: Annihilape|4\n|move|p1b: Annihilape|Bulk Up|p1b: Annihilape\n|-boost|p1b: Annihilape|atk|1\n|-boost|p1b: Annihilape|def|1\n|move|p2b: Ting-Lu|Stomping Tantrum|p1a: Maushold\n|-damage|p1a: Maushold|42\/100\n|\n|-heal|p1b: Annihilape|98\/100|[from] item: Leftovers\n|upkeep\n|turn|2\n|inactive|kricketot marx has 30 seconds left.\n|inactive|kricketot marx has 20 seconds left.\n|inactive|kricketot marx has 15 seconds left.\n|\n|t:|1683386912\n|move|p1a: Maushold|Follow Me|p1a: Maushold\n|-singleturn|p1a: Maushold|move: Follow Me\n|move|p2a: Scream Tail|Encore|p1a: Maushold\n|-start|p1a: Maushold|Encore\n|move|p1b: Annihilape|Rage Fist|p2a: Scream Tail\n|-supereffective|p2a: Scream Tail\n|-damage|p2a: Scream Tail|0 fnt\n|faint|p2a: Scream Tail\n|-end|p2a: Scream Tail|Protosynthesis|[silent]\n|move|p2b: Ting-Lu|Ruination|p1a: Maushold\n|-damage|p1a: Maushold|21\/100\n|\n|-heal|p1b: Annihilape|100\/100|[from] item: Leftovers\n|upkeep\n|\n|t:|1683386920\n|switch|p2a: Rotom|Rotom-Wash, L50, shiny|100\/100\n|turn|3\n|inactive|kricketot marx has 30 seconds left.\n|inactive|kricketot marx has 20 seconds left.\n|inactive|kricketot marx has 15 seconds left.\n|inactive|kricketot marx has 10 seconds left.\n|\n|t:|1683386967\n|move|p1a: Maushold|Follow Me|p1a: Maushold\n|-singleturn|p1a: Maushold|move: Follow Me\n|move|p1b: Annihilape|Rage Fist|p2a: Rotom\n|-damage|p2a: Rotom|0 fnt\n|faint|p2a: Rotom\n|move|p2b: Ting-Lu|Earthquake|p1b: Annihilape|[spread] p1a,p1b\n|-damage|p1a: Maushold|0 fnt\n|-damage|p1b: Annihilape|76\/100\n|faint|p1a: Maushold\n|\n|-heal|p1b: Annihilape|82\/100|[from] item: Leftovers\n|upkeep\n|\n|t:|1683386979\n|switch|p1a: Dirges In The Dark|Skeledirge, L50, F|100\/100\n|switch|p2a: Baxcalibur|Baxcalibur, L50, M|100\/100\n|turn|4\n|inactive|NemesisRider has 30 seconds left.\n|inactive|kricketot marx has 30 seconds left.\n|\n|t:|1683387011\n|-terastallize|p1a: Dirges In The Dark|Grass\n|move|p2a: Baxcalibur|Protect|p2a: Baxcalibur\n|-singleturn|p2a: Baxcalibur|Protect\n|move|p1b: Annihilape|Rage Fist|p2a: Baxcalibur\n|-activate|p2a: Baxcalibur|move: Protect\n|move|p2b: Ting-Lu|Earthquake|p1a: Dirges In The Dark|[spread] p1a,p1b\n|-activate|p2a: Baxcalibur|move: Protect\n|-resisted|p1a: Dirges In The Dark\n|-damage|p1a: Dirges In The Dark|87\/100\n|-damage|p1b: Annihilape|52\/100\n|move|p1a: Dirges In The Dark|Will-O-Wisp|p2b: Ting-Lu\n|-status|p2b: Ting-Lu|brn\n|\n|-heal|p1b: Annihilape|58\/100|[from] item: Leftovers\n|-damage|p2b: Ting-Lu|94\/100 brn|[from] brn\n|upkeep\n|turn|5\n|\n|t:|1683387034\n|switch|p1a: Armarouge|Armarouge, L50, M|100\/100\n|move|p2a: Baxcalibur|Icicle Spear|p1b: Annihilape\n|-damage|p1b: Annihilape|48\/100\n|-damage|p1b: Annihilape|38\/100\n|-damage|p1b: Annihilape|29\/100\n|-damage|p1b: Annihilape|19\/100\n|-hitcount|p1b: Annihilape|4\n|move|p1b: Annihilape|Rage Fist|p2a: Baxcalibur\n|-damage|p2a: Baxcalibur|0 fnt\n|faint|p2a: Baxcalibur\n|move|p2b: Ting-Lu|Ruination|p1a: Armarouge\n|-damage|p1a: Armarouge|50\/100\n|\n|-heal|p1b: Annihilape|25\/100|[from] item: Leftovers\n|-damage|p2b: Ting-Lu|88\/100 brn|[from] brn\n|upkeep\n|turn|6\n|\n|t:|1683387051\n|move|p1b: Annihilape|Drain Punch|p2b: Ting-Lu\n|-supereffective|p2b: Ting-Lu\n|-damage|p2b: Ting-Lu|24\/100 brn\n|-heal|p1b: Annihilape|66\/100|[from] drain|[of] p2b: Ting-Lu\n|move|p2b: Ting-Lu|Earthquake|p1b: Annihilape|[spread] p1a,p1b\n|-supereffective|p1a: Armarouge\n|-damage|p1a: Armarouge|2\/100\n|-damage|p1b: Annihilape|49\/100\n|-enditem|p1a: Armarouge|Weakness Policy\n|-boost|p1a: Armarouge|atk|2|[from] item: Weakness Policy\n|-boost|p1a: Armarouge|spa|2|[from] item: Weakness Policy\n|move|p1a: Armarouge|Armor Cannon|p2b: Ting-Lu\n|-damage|p2b: Ting-Lu|0 fnt\n|-unboost|p1a: Armarouge|def|1\n|-unboost|p1a: Armarouge|spd|1\n|faint|p2b: Ting-Lu\n|\n|win|NemesisRider\n|raw|NemesisRider's rating: 1394 → 1419<\/strong> (+25 for winning)\n|raw|kricketot marx's rating: 1486 → 1461<\/strong> (-25 for losing)\n","uploadtime":1683387058,"views":17,"p1id":"nemesisrider","p2id":"kricketotmarx","formatid":"gen9vgc2023regulationc","rating":1419,"private":0,"password":""}