{"id":"gen9vgc2023regulationc-1852428416","p1":"BattlelegendRyan","p2":"Sorenjedi","format":"[Gen 9] VGC 2023 Regulation C","log":"|j|\u2606BattlelegendRyan\n|j|\u2606Sorenjedi\n|t:|1682556413\n|gametype|doubles\n|player|p1|BattlelegendRyan|palmer|1052\n|player|p2|Sorenjedi|hiker|1162\n|teamsize|p1|6\n|teamsize|p2|6\n|gen|9\n|tier|[Gen 9] VGC 2023 Regulation C\n|rated|\n|rule|Species Clause: Limit one of each Pok\u00e9mon\n|rule|Item Clause: Limit one of each item\n|clearpoke\n|poke|p1|Azumarill, L50, M|\n|poke|p1|Maushold, L50|\n|poke|p1|Palafin, L50, M|\n|poke|p1|Dragapult, L50, F|\n|poke|p1|Gholdengo, L50|\n|poke|p1|Amoonguss, L50, F|\n|poke|p2|Dragapult, L50, F|\n|poke|p2|Ting-Lu, L50|\n|poke|p2|Amoonguss, L50, F|\n|poke|p2|Kingambit, L50, F|\n|poke|p2|Chien-Pao, L50|\n|poke|p2|Maushold-Four, L50|\n|teampreview|4\n|\n|t:|1682556422\n|start\n|switch|p1a: zoomie|Azumarill, L50, M|100\/100\n|switch|p1b: Maushold|Maushold, L50|100\/100\n|switch|p2a: Ting-Lu|Ting-Lu, L50|100\/100\n|switch|p2b: Maushold|Maushold-Four, L50|100\/100\n|-ability|p2a: Ting-Lu|Vessel of Ruin\n|turn|1\n|inactive|Battle timer is ON: inactive players will automatically lose when time's up. (requested by BattlelegendRyan)\n|\n|t:|1682556438\n|move|p1b: Maushold|Follow Me|p1b: Maushold\n|-singleturn|p1b: Maushold|move: Follow Me\n|move|p2b: Maushold|Population Bomb|p1b: Maushold\n|-damage|p1b: Maushold|89\/100\n|-damage|p2b: Maushold|84\/100|[from] item: Rocky Helmet|[of] p1b: Maushold\n|-crit|p1b: Maushold\n|-damage|p1b: Maushold|69\/100\n|-damage|p2b: Maushold|68\/100|[from] item: Rocky Helmet|[of] p1b: Maushold\n|-damage|p1b: Maushold|56\/100\n|-damage|p2b: Maushold|52\/100|[from] item: Rocky Helmet|[of] p1b: Maushold\n|-damage|p1b: Maushold|43\/100\n|-damage|p2b: Maushold|36\/100|[from] item: Rocky Helmet|[of] p1b: Maushold\n|-damage|p1b: Maushold|31\/100\n|-damage|p2b: Maushold|20\/100|[from] item: Rocky Helmet|[of] p1b: Maushold\n|-damage|p1b: Maushold|20\/100\n|-damage|p2b: Maushold|4\/100|[from] item: Rocky Helmet|[of] p1b: Maushold\n|-damage|p1b: Maushold|8\/100\n|-damage|p2b: Maushold|0 fnt|[from] item: Rocky Helmet|[of] p1b: Maushold\n|faint|p2b: Maushold\n|-hitcount|p1b: Maushold|7\n|move|p1a: zoomie|Belly Drum|p1a: zoomie\n|-damage|p1a: zoomie|50\/100\n|-setboost|p1a: zoomie|atk|6|[from] move: Belly Drum\n|-enditem|p1a: zoomie|Sitrus Berry|[eat]\n|-heal|p1a: zoomie|75\/100|[from] item: Sitrus Berry\n|move|p2a: Ting-Lu|Fissure|p1b: Maushold\n|-damage|p1b: Maushold|0 fnt\n|faint|p1b: Maushold\n|-ohko\n|\n|upkeep\n|inactive|BattlelegendRyan has 30 seconds left.\n|inactive|Sorenjedi has 30 seconds left.\n|\n|t:|1682556470\n|switch|p2b: Dragapult|Dragapult, L50, F|100\/100\n|switch|p1b: Imposter|Amoonguss, L50, F, shiny|100\/100\n|turn|2\n|\n|t:|1682556480\n|move|p1b: Imposter|Rage Powder|p1b: Imposter\n|-singleturn|p1b: Imposter|move: Rage Powder\n|move|p2b: Dragapult|Dragon Darts|p1b: Imposter\n|-damage|p1b: Imposter|74\/100\n|-anim|p2b: Dragapult|Dragon Darts|p1b: Imposter\n|-damage|p1b: Imposter|45\/100\n|-damage|p2b: Dragapult|91\/100|[from] item: Life Orb\n|move|p1a: zoomie|Play Rough|p2b: Dragapult\n|-supereffective|p2b: Dragapult\n|-damage|p2b: Dragapult|0 fnt\n|faint|p2b: Dragapult\n|move|p2a: Ting-Lu|Fissure|p1b: Imposter|[miss]\n|-miss|p2a: Ting-Lu|p1b: Imposter\n|\n|-heal|p1b: Imposter|51\/100|[from] item: Black Sludge\n|upkeep\n|\n|t:|1682556494\n|switch|p2b: Chien-Pao|Chien-Pao, L50|100\/100\n|-ability|p2b: Chien-Pao|Sword of Ruin\n|turn|3\n|\n|t:|1682556508\n|move|p1b: Imposter|Rage Powder|p1b: Imposter\n|-singleturn|p1b: Imposter|move: Rage Powder\n|move|p2b: Chien-Pao|Haze|p2b: Chien-Pao\n|-clearallboost\n|move|p1a: zoomie|Play Rough|p2b: Chien-Pao\n|-supereffective|p2b: Chien-Pao\n|-enditem|p2b: Chien-Pao|Focus Sash\n|-damage|p2b: Chien-Pao|1\/100\n|move|p2a: Ting-Lu|Stomping Tantrum|p1b: Imposter\n|-damage|p1b: Imposter|0 fnt\n|faint|p1b: Imposter\n|\n|upkeep\n|\n|t:|1682556516\n|switch|p1b: heybrotha|Gholdengo, L50|100\/100\n|turn|4\n|\n|t:|1682556538\n|move|p1a: zoomie|Aqua Jet|p2a: Ting-Lu\n|-supereffective|p2a: Ting-Lu\n|-damage|p2a: Ting-Lu|59\/100\n|move|p2b: Chien-Pao|Sacred Sword|p1a: zoomie\n|-resisted|p1a: zoomie\n|-damage|p1a: zoomie|53\/100\n|move|p1b: heybrotha|Make It Rain|p2b: Chien-Pao|[spread] p2a,p2b\n|-supereffective|p2b: Chien-Pao\n|-damage|p2a: Ting-Lu|29\/100\n|-damage|p2b: Chien-Pao|0 fnt\n|-unboost|p1b: heybrotha|spa|1\n|faint|p2b: Chien-Pao\n|move|p2a: Ting-Lu|Fissure|p1b: heybrotha\n|-damage|p1b: heybrotha|0 fnt\n|faint|p1b: heybrotha\n|-ohko\n|\n|upkeep\n|turn|5\n|inactive|Sorenjedi has 30 seconds left.\n|inactive|Sorenjedi has 20 seconds left.\n|\n|t:|1682556573\n|-terastallize|p1a: zoomie|Water\n|-terastallize|p2a: Ting-Lu|Grass\n|move|p1a: zoomie|Aqua Jet|p2a: Ting-Lu\n|-resisted|p2a: Ting-Lu\n|-damage|p2a: Ting-Lu|19\/100\n|move|p2a: Ting-Lu|Stomping Tantrum|p1a: zoomie\n|-damage|p1a: zoomie|8\/100\n|\n|upkeep\n|turn|6\n|\n|t:|1682556589\n|move|p1a: zoomie|Play Rough|p2a: Ting-Lu\n|-damage|p2a: Ting-Lu|0 fnt\n|faint|p2a: Ting-Lu\n|\n|win|BattlelegendRyan\n|raw|BattlelegendRyan's rating: 1052 → 1094<\/strong> (+42 for winning)\n|raw|Sorenjedi's rating: 1162 → 1129<\/strong> (-33 for losing)\n|c|\u2606Sorenjedi|gg\n|c|\u2606BattlelegendRyan|gg\n|c|\u2606BattlelegendRyan|ur good\n|c|\u2606Sorenjedi|u too\n|l|\u2606Sorenjedi\n","uploadtime":1682556617,"views":12,"p1id":"battlelegendryan","p2id":"sorenjedi","formatid":"gen9vgc2023regulationc","rating":1094,"private":0,"password":""}