{"id":"gen9vgc2023regulationc-1845137563","p1":"dabmang","p2":"TTVNuzlockeAcademy","format":"[Gen 9] VGC 2023 Regulation C","log":"|j|\u2606dabmang\n|j|\u2606TTVNuzlockeAcademy\n|t:|1681687999\n|gametype|doubles\n|player|p1|dabmang|169|1136\n|player|p2|TTVNuzlockeAcademy|2|1138\n|teamsize|p1|6\n|teamsize|p2|6\n|gen|9\n|tier|[Gen 9] VGC 2023 Regulation C\n|rated|\n|rule|Species Clause: Limit one of each Pok\u00e9mon\n|rule|Item Clause: Limit one of each item\n|clearpoke\n|poke|p1|Grimmsnarl, L50, M|\n|poke|p1|Arcanine, L50, F|\n|poke|p1|Iron Hands, L50|\n|poke|p1|Gastrodon-East, L50, M|\n|poke|p1|Sylveon, L50, M|\n|poke|p1|Corviknight, L50, F|\n|poke|p2|Tatsugiri, L50, F|\n|poke|p2|Chien-Pao, L50|\n|poke|p2|Dragonite, L50, M|\n|poke|p2|Maushold, L50|\n|poke|p2|Dondozo, L50, M|\n|poke|p2|Glimmora, L50, M|\n|teampreview|4\n|\n|t:|1681688049\n|start\n|switch|p1a: grime|Grimmsnarl, L50, M|100\/100\n|switch|p1b: soul|Arcanine, L50, F|100\/100\n|switch|p2a: Chien-Pao|Chien-Pao, L50|100\/100\n|switch|p2b: Dragonite|Dragonite, L50, M|100\/100\n|-ability|p2a: Chien-Pao|Sword of Ruin\n|-ability|p1b: soul|Intimidate|boost\n|-unboost|p2a: Chien-Pao|atk|1\n|-fail|p2b: Dragonite|unboost|Attack|[from] ability: Inner Focus|[of] p2b: Dragonite\n|turn|1\n|inactive|Battle timer is ON: inactive players will automatically lose when time's up. (requested by TTVNuzlockeAcademy)\n|\n|t:|1681688102\n|move|p2b: Dragonite|Extreme Speed|p1b: soul\n|-damage|p1b: soul|34\/100\n|move|p1a: grime|Light Screen|p1a: grime\n|-sidestart|p1: dabmang|move: Light Screen\n|move|p2a: Chien-Pao|Sacred Sword|p1b: soul\n|-damage|p1b: soul|6\/100\n|move|p1b: soul|Flare Blitz|p2a: Chien-Pao\n|-supereffective|p2a: Chien-Pao\n|-enditem|p2a: Chien-Pao|Focus Sash\n|-damage|p2a: Chien-Pao|1\/100\n|-damage|p1b: soul|0 fnt|[from] Recoil\n|faint|p1b: soul\n|\n|upkeep\n|inactive|dabmang has 30 seconds left.\n|\n|t:|1681688127\n|switch|p1b: trap|Iron Hands, L50|100\/100\n|turn|2\n|inactive|dabmang has 30 seconds left.\n|inactive|dabmang has 20 seconds left.\n|inactive|dabmang has 15 seconds left.\n|inactive|dabmang has 10 seconds left.\n|inactive|dabmang has 5 seconds left.\n|\n|t:|1681688180\n|switch|p2a: Dondozo|Dondozo, L50, M|100\/100\n|switch|p2b: Tatsugiri|Tatsugiri, L50, F|100\/100\n|-activate|p2b: Tatsugiri|ability: Commander|[of] p2a: Dondozo\n|-boost|p2a: Dondozo|atk|2\n|-boost|p2a: Dondozo|spa|2\n|-boost|p2a: Dondozo|spe|2\n|-boost|p2a: Dondozo|def|2\n|-boost|p2a: Dondozo|spd|2\n|move|p1a: grime|Spirit Break|p2a: Dondozo\n|-damage|p2a: Dondozo|93\/100\n|-unboost|p2a: Dondozo|spa|1\n|move|p1b: trap|Wild Charge|p2b: Tatsugiri|[miss]\n|-miss|p1b: trap|p2b: Tatsugiri\n|\n|-heal|p2a: Dondozo|99\/100|[from] item: Leftovers\n|upkeep\n|turn|3\n|inactive|dabmang has 30 seconds left.\n|\n|t:|1681688211\n|-terastallize|p1b: trap|Grass\n|move|p1a: grime|Reflect|p1a: grime\n|-sidestart|p1: dabmang|Reflect\n|move|p2a: Dondozo|Earthquake|p1a: grime|[spread] p1a,p1b\n|-miss|p2a: Dondozo|p2b: Tatsugiri\n|-resisted|p1b: trap\n|-damage|p1a: grime|75\/100\n|-damage|p1b: trap|93\/100\n|move|p1b: trap|Wild Charge|p2a: Dondozo\n|-supereffective|p2a: Dondozo\n|-damage|p2a: Dondozo|78\/100\n|-damage|p1b: trap|87\/100|[from] Recoil\n|\n|-heal|p2a: Dondozo|84\/100|[from] item: Leftovers\n|upkeep\n|turn|4\n|inactive|dabmang has 30 seconds left.\n|\n|t:|1681688242\n|switch|p1a: blues|Gastrodon-East, L50, M|100\/100\n|move|p2a: Dondozo|Order Up|p1b: trap\n|-damage|p1b: trap|72\/100\n|-boost|p2a: Dondozo|atk|1\n|move|p1b: trap|Swords Dance|p1b: trap\n|-boost|p1b: trap|atk|2\n|\n|-heal|p2a: Dondozo|90\/100|[from] item: Leftovers\n|upkeep\n|turn|5\n|inactive|dabmang has 30 seconds left.\n|\n|t:|1681688275\n|move|p2a: Dondozo|Order Up|p1b: trap\n|-damage|p1b: trap|50\/100\n|-enditem|p1b: trap|Sitrus Berry|[eat]\n|-heal|p1b: trap|75\/100|[from] item: Sitrus Berry\n|-boost|p2a: Dondozo|atk|1\n|move|p1b: trap|Swords Dance|p1b: trap\n|-boost|p1b: trap|atk|2\n|move|p1a: blues|Earth Power|p2a: Dondozo\n|-damage|p2a: Dondozo|73\/100\n|\n|-heal|p2a: Dondozo|79\/100|[from] item: Leftovers\n|upkeep\n|turn|6\n|inactive|TTVNuzlockeAcademy has 30 seconds left.\n|\n|t:|1681688302\n|-terastallize|p2a: Dondozo|Flying\n|move|p2a: Dondozo|Order Up|p1b: trap\n|-damage|p1b: trap|52\/100\n|-boost|p2a: Dondozo|atk|1\n|move|p1b: trap|Wild Charge|p2a: Dondozo\n|-supereffective|p2a: Dondozo\n|-damage|p2a: Dondozo|55\/100\n|-damage|p1b: trap|45\/100|[from] Recoil\n|move|p1a: blues|Earth Power|p2a: Dondozo\n|-immune|p2a: Dondozo\n|\n|-heal|p2a: Dondozo|61\/100|[from] item: Leftovers\n|upkeep\n|turn|7\n|\n|t:|1681688321\n|move|p2a: Dondozo|Protect|p2a: Dondozo\n|-singleturn|p2a: Dondozo|Protect\n|move|p1b: trap|Drain Punch|p2b: Tatsugiri|[miss]\n|-miss|p1b: trap|p2b: Tatsugiri\n|move|p1a: blues|Muddy Water|p2a: Dondozo|[spread] \n|-miss|p1a: blues|p2b: Tatsugiri\n|-activate|p2a: Dondozo|move: Protect\n|\n|-heal|p2a: Dondozo|67\/100|[from] item: Leftovers\n|upkeep\n|turn|8\n|inactive|dabmang has 30 seconds left.\n|\n|t:|1681688355\n|move|p2a: Dondozo|Order Up|p1b: trap\n|-damage|p1b: trap|15\/100\n|-boost|p2a: Dondozo|atk|1\n|move|p1b: trap|Drain Punch|p2a: Dondozo\n|-resisted|p2a: Dondozo\n|-damage|p2a: Dondozo|63\/100\n|-heal|p1b: trap|18\/100|[from] drain|[of] p2a: Dondozo\n|move|p1a: blues|Muddy Water|p2a: Dondozo|[spread] p2a\n|-miss|p1a: blues|p2b: Tatsugiri\n|-damage|p2a: Dondozo|50\/100\n|\n|-heal|p2a: Dondozo|56\/100|[from] item: Leftovers\n|-sideend|p1: dabmang|move: Light Screen\n|upkeep\n|turn|9\n|\n|t:|1681688380\n|move|p2a: Dondozo|Protect|p2a: Dondozo\n|-singleturn|p2a: Dondozo|Protect\n|move|p1b: trap|Wild Charge|p2a: Dondozo\n|-activate|p2a: Dondozo|move: Protect\n|move|p1a: blues|Muddy Water|p2a: Dondozo|[spread] \n|-miss|p1a: blues|p2b: Tatsugiri\n|-activate|p2a: Dondozo|move: Protect\n|\n|-heal|p2a: Dondozo|63\/100|[from] item: Leftovers\n|upkeep\n|turn|10\n|-message|dabmang forfeited.\n|\n|win|TTVNuzlockeAcademy\n|raw|dabmang's rating: 1136 → 1111<\/strong> (-25 for losing)\n|raw|TTVNuzlockeAcademy's rating: 1138 → 1163<\/strong> (+25 for winning)\n|l|\u2606dabmang\n","uploadtime":1681688398,"views":12,"p1id":"dabmang","p2id":"ttvnuzlockeacademy","formatid":"gen9vgc2023regulationc","rating":1111,"private":0,"password":""}