{"id":"gen9vgc2023regulationc-1860777020","p1":"flearther","p2":"Currymanpuff","format":"[Gen 9] VGC 2023 Regulation C","log":"|j|\u2606flearther\n|j|\u2606Currymanpuff\n|t:|1683676635\n|gametype|doubles\n|player|p1|flearther|266|1315\n|player|p2|Currymanpuff|102|1332\n|teamsize|p1|6\n|teamsize|p2|6\n|gen|9\n|tier|[Gen 9] VGC 2023 Regulation C\n|rated|\n|rule|Species Clause: Limit one of each Pok\u00e9mon\n|rule|Item Clause: Limit one of each item\n|clearpoke\n|poke|p1|Ting-Lu, L50|\n|poke|p1|Iron Hands, L50|\n|poke|p1|Amoonguss, L50, M|\n|poke|p1|Arcanine, L50, F|\n|poke|p1|Iron Bundle, L50|\n|poke|p1|Flutter Mane, L50|\n|poke|p2|Iron Bundle, L50|\n|poke|p2|Baxcalibur, L50, F|\n|poke|p2|Gholdengo, L50|\n|poke|p2|Murkrow, L50, F|\n|poke|p2|Great Tusk, L50|\n|poke|p2|Rotom-Heat, L50|\n|teampreview|4\n|inactive|Battle timer is ON: inactive players will automatically lose when time's up. (requested by flearther)\n|\n|t:|1683676658\n|start\n|switch|p1a: Arcanine|Arcanine, L50, F|100\/100\n|switch|p1b: Iron Bundle|Iron Bundle, L50|100\/100\n|switch|p2a: Gholdengo|Gholdengo, L50|100\/100\n|switch|p2b: Murkrow|Murkrow, L50, F|100\/100\n|-ability|p1a: Arcanine|Intimidate|boost\n|-unboost|p2a: Gholdengo|atk|1\n|-unboost|p2b: Murkrow|atk|1\n|-enditem|p1b: Iron Bundle|Booster Energy\n|-activate|p1b: Iron Bundle|ability: Quark Drive|[fromitem]\n|-start|p1b: Iron Bundle|quarkdrivespe\n|turn|1\n|inactive|Currymanpuff has 30 seconds left.\n|inactive|Currymanpuff has 20 seconds left.\n|inactive|Currymanpuff has 15 seconds left.\n|inactive|Currymanpuff has 10 seconds left.\n|\n|t:|1683676705\n|move|p2b: Murkrow|Tailwind|p2b: Murkrow\n|-sidestart|p2: Currymanpuff|move: Tailwind\n|move|p1b: Iron Bundle|Freeze-Dry|p2a: Gholdengo\n|-resisted|p2a: Gholdengo\n|-damage|p2a: Gholdengo|83\/100\n|move|p2a: Gholdengo|Make It Rain|p1b: Iron Bundle|[spread] p1a,p1b\n|-resisted|p1a: Arcanine\n|-damage|p1a: Arcanine|76\/100\n|-damage|p1b: Iron Bundle|0 fnt\n|-unboost|p2a: Gholdengo|spa|1\n|faint|p1b: Iron Bundle\n|-end|p1b: Iron Bundle|Quark Drive|[silent]\n|-damage|p2a: Gholdengo|74\/100|[from] item: Life Orb\n|move|p1a: Arcanine|Flare Blitz|p2a: Gholdengo\n|-supereffective|p2a: Gholdengo\n|-damage|p2a: Gholdengo|0 fnt\n|faint|p2a: Gholdengo\n|-damage|p1a: Arcanine|55\/100|[from] Recoil\n|\n|upkeep\n|\n|t:|1683676720\n|switch|p1b: Iron Hands|Iron Hands, L50|100\/100\n|switch|p2a: Great Tusk|Great Tusk, L50|100\/100\n|turn|2\n|\n|t:|1683676732\n|-end|p2a: Great Tusk|Protosynthesis|[silent]\n|switch|p2a: Rotom|Rotom-Heat, L50|100\/100\n|switch|p1a: Ting-Lu|Ting-Lu, L50|100\/100\n|-ability|p1a: Ting-Lu|Vessel of Ruin\n|move|p1b: Iron Hands|Fake Out|p2a: Rotom\n|-damage|p2a: Rotom|82\/100\n|move|p2b: Murkrow|Sunny Day|p2b: Murkrow\n|-weather|SunnyDay\n|\n|-weather|SunnyDay|[upkeep]\n|upkeep\n|turn|3\n|\n|t:|1683676754\n|move|p2b: Murkrow|Foul Play|p1b: Iron Hands\n|-resisted|p1b: Iron Hands\n|-damage|p1b: Iron Hands|82\/100\n|move|p2a: Rotom|Overheat|p1b: Iron Hands\n|-damage|p1b: Iron Hands|44\/100\n|-unboost|p2a: Rotom|spa|2\n|move|p1b: Iron Hands|Wild Charge|p2b: Murkrow\n|-supereffective|p2b: Murkrow\n|-damage|p2b: Murkrow|5\/100\n|-damage|p1b: Iron Hands|29\/100|[from] Recoil\n|move|p1a: Ting-Lu|Snarl|p2a: Rotom|[spread] p2b\n|-miss|p1a: Ting-Lu|p2a: Rotom\n|-resisted|p2b: Murkrow\n|-crit|p2b: Murkrow\n|-damage|p2b: Murkrow|0 fnt\n|faint|p2b: Murkrow\n|\n|-weather|SunnyDay|[upkeep]\n|upkeep\n|\n|t:|1683676761\n|switch|p2b: Great Tusk|Great Tusk, L50|100\/100\n|-activate|p2b: Great Tusk|ability: Protosynthesis\n|-start|p2b: Great Tusk|protosynthesisatk\n|turn|4\n|\n|t:|1683676775\n|-terastallize|p2b: Great Tusk|Ground\n|move|p2b: Great Tusk|Earthquake|p1a: Ting-Lu|[spread] p1a,p1b\n|-immune|p2a: Rotom|[from] ability: Levitate\n|-crit|p1a: Ting-Lu\n|-supereffective|p1b: Iron Hands\n|-damage|p1a: Ting-Lu|31\/100\n|-damage|p1b: Iron Hands|0 fnt\n|faint|p1b: Iron Hands\n|-end|p1b: Iron Hands|Quark Drive|[silent]\n|move|p2a: Rotom|Discharge|p1a: Ting-Lu|[spread] \n|-immune|p2b: Great Tusk\n|-immune|p1a: Ting-Lu\n|move|p1a: Ting-Lu|Ruination|p2b: Great Tusk\n|-damage|p2b: Great Tusk|50\/100\n|\n|-weather|SunnyDay|[upkeep]\n|-heal|p1a: Ting-Lu|37\/100|[from] item: Leftovers\n|-sideend|p2: Currymanpuff|move: Tailwind\n|upkeep\n|\n|t:|1683676789\n|switch|p1b: Arcanine|Arcanine, L50, F|55\/100\n|-ability|p1b: Arcanine|Intimidate|boost\n|-unboost|p2a: Rotom|atk|1\n|-unboost|p2b: Great Tusk|atk|1\n|turn|5\n|\n|t:|1683676802\n|-terastallize|p1b: Arcanine|Water\n|move|p2b: Great Tusk|Earthquake|p1a: Ting-Lu|[spread] p1a,p1b\n|-immune|p2a: Rotom|[from] ability: Levitate\n|-damage|p1a: Ting-Lu|6\/100\n|-damage|p1b: Arcanine|5\/100\n|move|p1b: Arcanine|Flare Blitz|p2b: Great Tusk\n|-damage|p2b: Great Tusk|0 fnt\n|faint|p2b: Great Tusk\n|-end|p2b: Great Tusk|Protosynthesis|[silent]\n|-damage|p1b: Arcanine|0 fnt|[from] Recoil\n|faint|p1b: Arcanine\n|move|p2a: Rotom|Discharge|p1a: Ting-Lu\n|-immune|p1a: Ting-Lu\n|move|p1a: Ting-Lu|Ruination|p2a: Rotom\n|-damage|p2a: Rotom|42\/100\n|\n|-weather|SunnyDay|[upkeep]\n|-heal|p1a: Ting-Lu|12\/100|[from] item: Leftovers\n|upkeep\n|turn|6\n|\n|t:|1683676818\n|move|p2a: Rotom|Overheat|p1a: Ting-Lu\n|-damage|p1a: Ting-Lu|0 fnt\n|-unboost|p2a: Rotom|spa|2\n|faint|p1a: Ting-Lu\n|\n|win|Currymanpuff\n|raw|flearther's rating: 1315 → 1296<\/strong> (-19 for losing)\n|raw|Currymanpuff's rating: 1332 → 1351<\/strong> (+19 for winning)\n|c|\u2606flearther|gg\n","uploadtime":1683676823,"views":16,"p1id":"flearther","p2id":"currymanpuff","formatid":"gen9vgc2023regulationc","rating":1296,"private":0,"password":""}