{"id":"gen9vgc2023regulationc-1860927638","p1":"BlazeNPC","p2":"Silralisk","format":"[Gen 9] VGC 2023 Regulation C","log":"|j|\u2606BlazeNPC\n|j|\u2606Silralisk\n|t:|1683697482\n|gametype|doubles\n|player|p1|BlazeNPC|102|1203\n|player|p2|Silralisk|101|1196\n|teamsize|p1|6\n|teamsize|p2|6\n|gen|9\n|tier|[Gen 9] VGC 2023 Regulation C\n|rated|\n|rule|Species Clause: Limit one of each Pok\u00e9mon\n|rule|Item Clause: Limit one of each item\n|clearpoke\n|poke|p1|Grimmsnarl, L50, M|\n|poke|p1|Ting-Lu, L50|\n|poke|p1|Toxapex, L50, F|\n|poke|p1|Arcanine, L50, M|\n|poke|p1|Sylveon, L50, M|\n|poke|p1|Palafin, L50, M|\n|poke|p2|Wo-Chien, L50|\n|poke|p2|Grimmsnarl, L50, M|\n|poke|p2|Gholdengo, L50|\n|poke|p2|Arcanine, L50, F|\n|poke|p2|Rotom-Wash, L50|\n|poke|p2|Chien-Pao, L50|\n|teampreview|4\n|\n|t:|1683697520\n|start\n|switch|p1a: Toxapex|Toxapex, L50, F|100\/100\n|switch|p1b: Palafin|Palafin, L50, M|100\/100\n|switch|p2a: Grimmsnarl|Grimmsnarl, L50, M|100\/100\n|switch|p2b: Gholdengo|Gholdengo, L50|100\/100\n|turn|1\n|\n|t:|1683697542\n|detailschange|p1b: Palafin|Palafin-Hero, L50, M\n|switch|p1b: Ting-Lu|Ting-Lu, L50|100\/100\n|-ability|p1b: Ting-Lu|Vessel of Ruin\n|move|p2a: Grimmsnarl|Fake Tears|p1a: Toxapex\n|-unboost|p1a: Toxapex|spd|2\n|move|p2b: Gholdengo|Thunderbolt|p1a: Toxapex\n|-supereffective|p1a: Toxapex\n|-damage|p1a: Toxapex|0 fnt\n|faint|p1a: Toxapex\n|\n|upkeep\n|\n|t:|1683697552\n|switch|p1a: Arcanine|Arcanine, L50, M|100\/100\n|-ability|p1a: Arcanine|Intimidate|boost\n|-unboost|p2a: Grimmsnarl|atk|1\n|-unboost|p2b: Gholdengo|atk|1\n|turn|2\n|\n|t:|1683697573\n|switch|p2b: Rotom|Rotom-Wash, L50|100\/100\n|move|p2a: Grimmsnarl|Fake Tears|p1a: Arcanine\n|-unboost|p1a: Arcanine|spd|2\n|move|p1a: Arcanine|Flare Blitz|p2b: Rotom\n|-resisted|p2b: Rotom\n|-damage|p2b: Rotom|74\/100\n|-damage|p1a: Arcanine|92\/100|[from] Recoil\n|move|p1b: Ting-Lu|Heavy Slam|p2a: Grimmsnarl\n|-supereffective|p2a: Grimmsnarl\n|-damage|p2a: Grimmsnarl|20\/100\n|\n|upkeep\n|turn|3\n|\n|t:|1683697601\n|switch|p2a: Gholdengo|Gholdengo, L50|100\/100\n|move|p1a: Arcanine|Extreme Speed|p2a: Gholdengo\n|-immune|p2a: Gholdengo\n|move|p2b: Rotom|Hydro Pump|p1b: Ting-Lu\n|-supereffective|p1b: Ting-Lu\n|-damage|p1b: Ting-Lu|68\/100\n|move|p1b: Ting-Lu|Ruination|p2b: Rotom\n|-damage|p2b: Rotom|37\/100\n|-enditem|p2b: Rotom|Sitrus Berry|[eat]\n|-heal|p2b: Rotom|62\/100|[from] item: Sitrus Berry\n|\n|upkeep\n|turn|4\n|\n|t:|1683697627\n|-terastallize|p2a: Gholdengo|Water\n|move|p1a: Arcanine|Flare Blitz|p2a: Gholdengo\n|-resisted|p2a: Gholdengo\n|-crit|p2a: Gholdengo\n|-damage|p2a: Gholdengo|56\/100\n|-damage|p1a: Arcanine|78\/100|[from] Recoil\n|move|p2a: Gholdengo|Make It Rain|p1b: Ting-Lu|[spread] p1a,p1b\n|-resisted|p1a: Arcanine\n|-damage|p1a: Arcanine|0 fnt\n|-damage|p1b: Ting-Lu|46\/100\n|-unboost|p2a: Gholdengo|spa|1\n|faint|p1a: Arcanine\n|move|p2b: Rotom|Hydro Pump|p1b: Ting-Lu\n|-supereffective|p1b: Ting-Lu\n|-damage|p1b: Ting-Lu|18\/100\n|move|p1b: Ting-Lu|Ruination|p2b: Rotom\n|-damage|p2b: Rotom|32\/100\n|\n|upkeep\n|\n|t:|1683697644\n|switch|p1a: Palafin|Palafin-Hero, L50, M|100\/100\n|-activate|p1a: Palafin|ability: Zero to Hero\n|turn|5\n|\n|t:|1683697663\n|switch|p2a: Wo-Chien|Wo-Chien, L50|100\/100\n|-ability|p2a: Wo-Chien|Tablets of Ruin\n|-terastallize|p1a: Palafin|Water\n|move|p1a: Palafin|Jet Punch|p2b: Rotom\n|-resisted|p2b: Rotom\n|-damage|p2b: Rotom|12\/100\n|move|p2b: Rotom|Thunderbolt|p1a: Palafin\n|-supereffective|p1a: Palafin\n|-damage|p1a: Palafin|39\/100\n|move|p1b: Ting-Lu|Stomping Tantrum|p2a: Wo-Chien\n|-resisted|p2a: Wo-Chien\n|-damage|p2a: Wo-Chien|91\/100\n|\n|upkeep\n|turn|6\n|\n|t:|1683697705\n|move|p2b: Rotom|Protect|p2b: Rotom\n|-singleturn|p2b: Rotom|Protect\n|move|p1a: Palafin|Jet Punch|p2b: Rotom\n|-activate|p2b: Rotom|move: Protect\n|move|p2a: Wo-Chien|Giga Drain|p1b: Ting-Lu\n|-supereffective|p1b: Ting-Lu\n|-damage|p1b: Ting-Lu|0 fnt\n|-heal|p2a: Wo-Chien|100\/100|[from] drain|[of] p1b: Ting-Lu\n|faint|p1b: Ting-Lu\n|\n|upkeep\n|turn|7\n|\n|t:|1683697717\n|move|p1a: Palafin|Drain Punch|p2a: Wo-Chien\n|-supereffective|p2a: Wo-Chien\n|-damage|p2a: Wo-Chien|50\/100\n|-heal|p1a: Palafin|66\/100|[from] drain|[of] p2a: Wo-Chien\n|move|p2b: Rotom|Thunderbolt|p1a: Palafin\n|-supereffective|p1a: Palafin\n|-damage|p1a: Palafin|0 fnt\n|faint|p1a: Palafin\n|\n|win|Silralisk\n|raw|BlazeNPC's rating: 1203 → 1177<\/strong> (-26 for losing)\n|raw|Silralisk's rating: 1196 → 1222<\/strong> (+26 for winning)\n|l|\u2606BlazeNPC\n","uploadtime":1683697865,"views":21,"p1id":"blazenpc","p2id":"silralisk","formatid":"gen9vgc2023regulationc","rating":1177,"private":0,"password":""}