{"id":"gen9vgc2023regulationc-1863623905","p1":"dido81","p2":"TheGalvinBros","format":"[Gen 9] VGC 2023 Regulation C","log":"|j|\u2606dido81\n|j|\u2606TheGalvinBros\n|t:|1684045612\n|gametype|doubles\n|player|p1|dido81|266|1165\n|player|p2|TheGalvinBros|backers|1111\n|teamsize|p1|6\n|teamsize|p2|6\n|gen|9\n|tier|[Gen 9] VGC 2023 Regulation C\n|rated|\n|rule|Species Clause: Limit one of each Pok\u00e9mon\n|rule|Item Clause: Limit one of each item\n|clearpoke\n|poke|p1|Garchomp, L50, F|\n|poke|p1|Amoonguss, L50, M|\n|poke|p1|Chien-Pao, L50|\n|poke|p1|Rotom-Wash, L50|\n|poke|p1|Gyarados, L50, M|\n|poke|p1|Gholdengo, L50|\n|poke|p2|Scizor, L50, F|\n|poke|p2|Falinks, L50|\n|poke|p2|Ting-Lu, L50|\n|poke|p2|Gothitelle, L50, M|\n|poke|p2|Flutter Mane, L50|\n|poke|p2|Amoonguss, L50, M|\n|teampreview|4\nTheGalvinBros has agreed to open team sheets.\n|inactive|Battle timer is ON: inactive players will automatically lose when time's up. (requested by dido81)\n|inactive|TheGalvinBros has 60 seconds left.\n|\n|t:|1684045714\n|start\n|switch|p1a: Chien-Pao|Chien-Pao, L50|100\/100\n|switch|p1b: Gyarados|Gyarados, L50, M|100\/100\n|switch|p2a: Foreman|Scizor, L50, F|100\/100\n|switch|p2b: Whoopass|Flutter Mane, L50|100\/100\n|-ability|p1a: Chien-Pao|Sword of Ruin\n|-ability|p1b: Gyarados|Intimidate|boost\n|-unboost|p2a: Foreman|atk|1\n|-unboost|p2b: Whoopass|atk|1\n|-enditem|p2b: Whoopass|Booster Energy\n|-activate|p2b: Whoopass|ability: Protosynthesis|[fromitem]\n|-start|p2b: Whoopass|protosynthesisspa\n|turn|1\n|inactive|dido81 has 30 seconds left.\n|inactive|dido81 has 20 seconds left.\n|inactive|TheGalvinBros has 30 seconds left.\n|inactive|TheGalvinBros has 20 seconds left.\n|\n|t:|1684045768\n|switch|p1a: Gholdengo|Gholdengo, L50|100\/100\n|move|p2b: Whoopass|Protect|p2b: Whoopass\n|-singleturn|p2b: Whoopass|Protect\n|move|p2a: Foreman|Bullet Punch|p1a: Gholdengo\n|-resisted|p1a: Gholdengo\n|-damage|p1a: Gholdengo|89\/100\n|move|p1b: Gyarados|Dragon Dance|p1b: Gyarados\n|-boost|p1b: Gyarados|atk|1\n|-boost|p1b: Gyarados|spe|1\n|\n|upkeep\n|turn|2\n|inactive|TheGalvinBros has 30 seconds left.\n|\n|t:|1684045801\n|switch|p2a: Iguess|Amoonguss, L50, M|100\/100\n|-terastallize|p1b: Gyarados|Flying\n|move|p1b: Gyarados|Waterfall|p2b: Whoopass\n|-damage|p2b: Whoopass|0 fnt\n|faint|p2b: Whoopass\n|-end|p2b: Whoopass|Protosynthesis|[silent]\n|move|p1a: Gholdengo|Nasty Plot|p1a: Gholdengo\n|-boost|p1a: Gholdengo|spa|2\n|\n|upkeep\n|\n|t:|1684045811\n|switch|p2b: Mole|Ting-Lu, L50|100\/100\n|-ability|p2b: Mole|Vessel of Ruin\n|turn|3\n|inactive|dido81 has 30 seconds left.\n|inactive|TheGalvinBros has 30 seconds left.\n|inactive|dido81 has 20 seconds left.\n|inactive|TheGalvinBros has 20 seconds left.\n|\n|t:|1684045851\n|-terastallize|p2a: Iguess|Water\n|move|p1b: Gyarados|Tera Blast|p2a: Iguess\n|-damage|p2a: Iguess|34\/100\n|-enditem|p2a: Iguess|Sitrus Berry|[eat]\n|-heal|p2a: Iguess|59\/100|[from] item: Sitrus Berry\n|move|p1a: Gholdengo|Make It Rain|p2b: Mole|[spread] p2a,p2b\n|-resisted|p2a: Iguess\n|-damage|p2a: Iguess|20\/100\n|-damage|p2b: Mole|62\/100\n|-unboost|p1a: Gholdengo|spa|1\n|-damage|p1a: Gholdengo|80\/100|[from] item: Life Orb\n|move|p2b: Mole|Stomping Tantrum|p1a: Gholdengo\n|-supereffective|p1a: Gholdengo\n|-damage|p1a: Gholdengo|15\/100\n|move|p2a: Iguess|Spore|p1b: Gyarados\n|-status|p1b: Gyarados|slp|[from] move: Spore\n|-enditem|p1b: Gyarados|Lum Berry|[eat]\n|-curestatus|p1b: Gyarados|slp|[msg]\n|\n|upkeep\n|turn|4\n|inactive|TheGalvinBros has 30 seconds left.\n|inactive|TheGalvinBros has 20 seconds left.\n|inactive|TheGalvinBros has 15 seconds left.\n|\n|t:|1684045891\n|move|p2a: Iguess|Rage Powder|p2a: Iguess\n|-singleturn|p2a: Iguess|move: Rage Powder\n|move|p1b: Gyarados|Waterfall|p2a: Iguess\n|-resisted|p2a: Iguess\n|-damage|p2a: Iguess|0 fnt\n|faint|p2a: Iguess\n|move|p1a: Gholdengo|Shadow Ball|p2b: Mole\n|-resisted|p2b: Mole\n|-damage|p2b: Mole|50\/100\n|-unboost|p2b: Mole|spd|1\n|-damage|p1a: Gholdengo|6\/100|[from] item: Life Orb\n|move|p2b: Mole|Stomping Tantrum|p1a: Gholdengo\n|-supereffective|p1a: Gholdengo\n|-damage|p1a: Gholdengo|0 fnt\n|faint|p1a: Gholdengo\n|\n|upkeep\n|\n|t:|1684045902\n|switch|p1a: Chien-Pao|Chien-Pao, L50|100\/100\n|switch|p2a: Foreman|Scizor, L50, F|100\/100\n|-ability|p1a: Chien-Pao|Sword of Ruin\n|turn|5\n|\n|t:|1684045921\n|move|p2a: Foreman|Bullet Punch|p1a: Chien-Pao\n|-supereffective|p1a: Chien-Pao\n|-enditem|p1a: Chien-Pao|Focus Sash\n|-damage|p1a: Chien-Pao|1\/100\n|move|p1a: Chien-Pao|Sacred Sword|p2a: Foreman\n|-damage|p2a: Foreman|61\/100\n|move|p1b: Gyarados|Waterfall|p2a: Foreman\n|-damage|p2a: Foreman|0 fnt\n|faint|p2a: Foreman\n|move|p2b: Mole|Ruination|p1b: Gyarados\n|-damage|p1b: Gyarados|51\/100\n|\n|upkeep\n|turn|6\n|\n|t:|1684045950\n|move|p1a: Chien-Pao|Ice Spinner|p2b: Mole\n|-supereffective|p2b: Mole\n|-damage|p2b: Mole|0 fnt\n|faint|p2b: Mole\n|\n|win|dido81\n|raw|dido81's rating: 1165 → 1186<\/strong> (+21 for winning)\n|raw|TheGalvinBros's rating: 1111 → 1090<\/strong> (-21 for losing)\n","uploadtime":1684045954,"views":19,"p1id":"dido81","p2id":"thegalvinbros","formatid":"gen9vgc2023regulationc","rating":1090,"private":0,"password":""}