{"id":"gen9vgc2023regulationc-1854643012","p1":"DulyUnruly","p2":"Jscoot12","format":"[Gen 9] VGC 2023 Regulation C","log":"|j|\u2606DulyUnruly\n|j|\u2606Jscoot12\n|t:|1682841957\n|gametype|doubles\n|player|p1|DulyUnruly|2|1228\n|player|p2|Jscoot12|266|1247\n|teamsize|p1|6\n|teamsize|p2|6\n|gen|9\n|tier|[Gen 9] VGC 2023 Regulation C\n|rated|\n|rule|Species Clause: Limit one of each Pok\u00e9mon\n|rule|Item Clause: Limit one of each item\n|clearpoke\n|poke|p1|Ting-Lu, L50|\n|poke|p1|Baxcalibur, L50, F|\n|poke|p1|Amoonguss, L50, M|\n|poke|p1|Flutter Mane, L50|\n|poke|p1|Gyarados, L50, M|\n|poke|p1|Chi-Yu, L50|\n|poke|p2|Orthworm, L50, F|\n|poke|p2|Dragonite, L50, F|\n|poke|p2|Flutter Mane, L50|\n|poke|p2|Chi-Yu, L50|\n|poke|p2|Gastrodon-East, L50, F|\n|poke|p2|Baxcalibur, L50, F|\n|teampreview|4\n|\n|t:|1682841972\n|start\n|switch|p1a: Air Fleet|Gyarados, L50, M|100\/100\n|switch|p1b: Westopolis|Baxcalibur, L50, F|100\/100\n|switch|p2a: Chi-Yu|Chi-Yu, L50|100\/100\n|switch|p2b: Flutter Mane|Flutter Mane, L50|100\/100\n|-ability|p2a: Chi-Yu|Beads of Ruin\n|-ability|p1a: Air Fleet|Intimidate|boost\n|-unboost|p2a: Chi-Yu|atk|1\n|-unboost|p2b: Flutter Mane|atk|1\n|-enditem|p2b: Flutter Mane|Booster Energy\n|-activate|p2b: Flutter Mane|ability: Protosynthesis|[fromitem]\n|-start|p2b: Flutter Mane|protosynthesisspe\n|turn|1\n|\n|t:|1682841994\n|move|p1a: Air Fleet|Helping Hand|p1b: Westopolis\n|-singleturn|p1b: Westopolis|Helping Hand|[of] p1a: Air Fleet\n|move|p1b: Westopolis|Ice Shard|p2b: Flutter Mane\n|-damage|p2b: Flutter Mane|47\/100\n|move|p2b: Flutter Mane|Dazzling Gleam|p1b: Westopolis|[spread] p1a,p1b\n|-supereffective|p1b: Westopolis\n|-damage|p1a: Air Fleet|78\/100\n|-damage|p1b: Westopolis|37\/100\n|move|p2a: Chi-Yu|Heat Wave|p1b: Westopolis|[spread] p1b\n|-miss|p2a: Chi-Yu|p1a: Air Fleet\n|-crit|p1b: Westopolis\n|-damage|p1b: Westopolis|0 fnt\n|faint|p1b: Westopolis\n|\n|upkeep\n|\n|t:|1682842010\n|switch|p1b: Lava Shelter|Chi-Yu, L50|100\/100\n|-ability|p1b: Lava Shelter|Beads of Ruin\n|turn|2\n|\n|t:|1682842025\n|switch|p2a: Baxcalibur|Baxcalibur, L50, F|100\/100\n|move|p2b: Flutter Mane|Thunderbolt|p1a: Air Fleet\n|-supereffective|p1a: Air Fleet\n|-damage|p1a: Air Fleet|0 fnt\n|faint|p1a: Air Fleet\n|move|p1b: Lava Shelter|Dark Pulse|p2b: Flutter Mane\n|-damage|p2b: Flutter Mane|0 fnt\n|faint|p2b: Flutter Mane\n|-end|p2b: Flutter Mane|Protosynthesis|[silent]\n|\n|upkeep\n|\n|t:|1682842037\n|switch|p2b: Orthworm|Orthworm, L50, F|100\/100\n|switch|p1a: Black Comet|Amoonguss, L50, M|100\/100\n|turn|3\n|\n|t:|1682842062\n|-terastallize|p2b: Orthworm|Fire\n|move|p2a: Baxcalibur|Ice Shard|p1a: Black Comet\n|-supereffective|p1a: Black Comet\n|-damage|p1a: Black Comet|30\/100\n|-enditem|p1a: Black Comet|Sitrus Berry|[eat]\n|-heal|p1a: Black Comet|55\/100|[from] item: Sitrus Berry\n|-damage|p2a: Baxcalibur|91\/100|[from] item: Life Orb\n|move|p1b: Lava Shelter|Dark Pulse|p2a: Baxcalibur\n|-damage|p2a: Baxcalibur|40\/100\n|move|p2b: Orthworm|Shed Tail|p2b: Orthworm\n|-start|p2b: Orthworm|Substitute|[from] move: Shed Tail\n|-damage|p2b: Orthworm|50\/100\n|\n|t:|1682842075\n|switch|p2b: Chi-Yu|Chi-Yu, L50|100\/100|[from] Shed Tail\n|-ability|p2b: Chi-Yu|Beads of Ruin\n|move|p1a: Black Comet|Spore||[still]\n|-fail|p1a: Black Comet\n|\n|upkeep\n|turn|4\n|inactive|Battle timer is ON: inactive players will automatically lose when time's up. (requested by DulyUnruly)\n|\n|t:|1682842090\n|move|p1a: Black Comet|Rage Powder|p1a: Black Comet\n|-singleturn|p1a: Black Comet|move: Rage Powder\n|move|p2a: Baxcalibur|Ice Shard|p1a: Black Comet\n|-supereffective|p1a: Black Comet\n|-damage|p1a: Black Comet|0 fnt\n|faint|p1a: Black Comet\n|-damage|p2a: Baxcalibur|30\/100|[from] item: Life Orb\n|move|p1b: Lava Shelter|Dark Pulse|p2a: Baxcalibur\n|-damage|p2a: Baxcalibur|0 fnt\n|faint|p2a: Baxcalibur\n|move|p2b: Chi-Yu|Flamethrower|p1b: Lava Shelter\n|-resisted|p1b: Lava Shelter\n|-damage|p1b: Lava Shelter|57\/100\n|\n|upkeep\n|\n|t:|1682842104\n|switch|p2a: Orthworm|Orthworm, L50, F, tera:Fire|50\/100\n|turn|5\n|\n|t:|1682842110\n|move|p1b: Lava Shelter|Dark Pulse|p2a: Orthworm\n|-damage|p2a: Orthworm|0 fnt\n|faint|p2a: Orthworm\n|move|p2b: Chi-Yu|Flamethrower|p1b: Lava Shelter\n|-resisted|p1b: Lava Shelter\n|-damage|p1b: Lava Shelter|18\/100\n|\n|upkeep\n|turn|6\n|\n|t:|1682842120\n|move|p1b: Lava Shelter|Dark Pulse|p2b: Chi-Yu\n|-resisted|p2b: Chi-Yu\n|-activate|p2b: Chi-Yu|move: Substitute|[damage]\n|move|p2b: Chi-Yu|Flamethrower|p1b: Lava Shelter\n|-resisted|p1b: Lava Shelter\n|-damage|p1b: Lava Shelter|0 fnt\n|faint|p1b: Lava Shelter\n|\n|win|Jscoot12\n|raw|DulyUnruly's rating: 1228 → 1204<\/strong> (-24 for losing)\n|raw|Jscoot12's rating: 1247 → 1271<\/strong> (+24 for winning)\n|l|\u2606DulyUnruly\n","uploadtime":1682842130,"views":20,"p1id":"dulyunruly","p2id":"jscoot12","formatid":"gen9vgc2023regulationc","rating":1204,"private":0,"password":""}