{"id":"gen9vgc2023regulationc-1849015631","p1":"PatMatrick","p2":"bobhead1234567","format":"[Gen 9] VGC 2023 Regulation C","log":"|j|\u2606PatMatrick\n|j|\u2606bobhead1234567\n|t:|1682139344\n|gametype|doubles\n|player|p1|PatMatrick|266|1083\n|player|p2|bobhead1234567|169|1024\n|teamsize|p1|6\n|teamsize|p2|6\n|gen|9\n|tier|[Gen 9] VGC 2023 Regulation C\n|rated|\n|rule|Species Clause: Limit one of each Pok\u00e9mon\n|rule|Item Clause: Limit one of each item\n|clearpoke\n|poke|p1|Arcanine, L50, M|\n|poke|p1|Ting-Lu, L50|\n|poke|p1|Amoonguss, L50, M|\n|poke|p1|Flutter Mane, L50|\n|poke|p1|Kingambit, L50, F|\n|poke|p1|Palafin, L50, F|\n|poke|p2|Flutter Mane, L50|\n|poke|p2|Palafin, L50, M|\n|poke|p2|Amoonguss, L50, F|\n|poke|p2|Chi-Yu, L50|\n|poke|p2|Great Tusk, L50|\n|poke|p2|Delibird, L50, F|\n|teampreview|4\n|inactive|Battle timer is ON: inactive players will automatically lose when time's up. (requested by bobhead1234567)\nPatMatrick rejected open team sheets.\n|inactive|PatMatrick has 60 seconds left.\n|inactive|bobhead1234567 has 60 seconds left.\n|\n|t:|1682139385\n|start\n|switch|p1a: Mac|Palafin, L50, F|100\/100\n|switch|p1b: Sweet Dee|Flutter Mane, L50|100\/100\n|switch|p2a: Palafin|Palafin, L50, M|100\/100\n|switch|p2b: Delibird|Delibird, L50, F|100\/100\n|turn|1\n|\n|t:|1682139401\n|detailschange|p1a: Mac|Palafin-Hero, L50, F\n|switch|p1a: Frank|Amoonguss, L50, M|100\/100\n|detailschange|p2a: Palafin|Palafin-Hero, L50, M\n|switch|p2a: Amoonguss|Amoonguss, L50, F|100\/100\n|move|p2b: Delibird|Fake Out|p1a: Frank\n|-damage|p1a: Frank|95\/100\n|move|p1b: Sweet Dee|Thunderbolt|p2a: Amoonguss\n|-resisted|p2a: Amoonguss\n|-damage|p2a: Amoonguss|83\/100\n|-damage|p1b: Sweet Dee|91\/100|[from] item: Life Orb\n|\n|upkeep\n|turn|2\n|inactive|PatMatrick has 30 seconds left.\n|\n|t:|1682139432\n|switch|p1a: Macs Mom|Ting-Lu, L50|100\/100\n|-ability|p1a: Macs Mom|Vessel of Ruin\n|move|p1b: Sweet Dee|Protect|p1b: Sweet Dee\n|-singleturn|p1b: Sweet Dee|Protect\n|move|p2b: Delibird|Protect|p2b: Delibird\n|-singleturn|p2b: Delibird|Protect\n|move|p2a: Amoonguss|Spore|p1b: Sweet Dee\n|-activate|p1b: Sweet Dee|move: Protect\n|\n|upkeep\n|turn|3\n|inactive|PatMatrick has 30 seconds left.\n|\n|t:|1682139461\n|switch|p2a: Palafin|Palafin-Hero, L50, M|100\/100\n|-activate|p2a: Palafin|ability: Zero to Hero\n|move|p1b: Sweet Dee|Shadow Ball|p2a: Palafin\n|-damage|p2a: Palafin|64\/100\n|-damage|p1b: Sweet Dee|81\/100|[from] item: Life Orb\n|move|p2b: Delibird|Tailwind|p2b: Delibird\n|-sidestart|p2: bobhead1234567|move: Tailwind\n|move|p1a: Macs Mom|Ruination|p2a: Palafin\n|-damage|p2a: Palafin|32\/100\n|\n|upkeep\n|turn|4\n|\n|t:|1682139483\n|switch|p2b: Amoonguss|Amoonguss, L50, F|100\/100\n|move|p2a: Palafin|Protect|p2a: Palafin\n|-singleturn|p2a: Palafin|Protect\n|move|p1b: Sweet Dee|Protect|p1b: Sweet Dee\n|-singleturn|p1b: Sweet Dee|Protect\n|move|p1a: Macs Mom|Stone Edge|p2b: Amoonguss\n|-damage|p2b: Amoonguss|76\/100\n|\n|upkeep\n|turn|5\n|\n|t:|1682139502\n|-end|p1b: Sweet Dee|Protosynthesis|[silent]\n|switch|p1b: Frank|Amoonguss, L50, M|100\/100\n|move|p2a: Palafin|Jet Punch|p1b: Frank\n|-resisted|p1b: Frank\n|-damage|p1b: Frank|79\/100\n|-damage|p2a: Palafin|22\/100|[from] item: Life Orb\n|move|p2b: Amoonguss|Pollen Puff|p2a: Palafin\n|-heal|p2a: Palafin|72\/100\n|move|p1a: Macs Mom|Heavy Slam|p2a: Palafin\n|-resisted|p2a: Palafin\n|-damage|p2a: Palafin|57\/100\n|\n|upkeep\n|turn|6\n|inactive|PatMatrick has 30 seconds left.\n|\n|t:|1682139535\n|-terastallize|p1a: Macs Mom|Poison\n|move|p2a: Palafin|Protect|p2a: Palafin\n|-singleturn|p2a: Palafin|Protect\n|move|p2b: Amoonguss|Spore|p1a: Macs Mom\n|-status|p1a: Macs Mom|slp|[from] move: Spore\n|cant|p1a: Macs Mom|slp\n|move|p1b: Frank|Spore|p2a: Palafin\n|-activate|p2a: Palafin|move: Protect\n|\n|-sideend|p2: bobhead1234567|move: Tailwind\n|upkeep\n|turn|7\n|inactive|PatMatrick has 30 seconds left.\n|\n|t:|1682139564\n|-terastallize|p2a: Palafin|Water\n|move|p2a: Palafin|Wave Crash|p1a: Macs Mom\n|-damage|p1a: Macs Mom|28\/100 slp\n|-damage|p2a: Palafin|26\/100|[from] Recoil\n|-damage|p2a: Palafin|16\/100|[from] item: Life Orb\n|-curestatus|p1a: Macs Mom|slp|[msg]\n|move|p1a: Macs Mom|Ruination|p2a: Palafin\n|-damage|p2a: Palafin|8\/100\n|move|p2b: Amoonguss|Pollen Puff|p2a: Palafin\n|-heal|p2a: Palafin|58\/100\n|move|p1b: Frank|Spore|p2a: Palafin\n|-status|p2a: Palafin|slp|[from] move: Spore\n|\n|upkeep\n|turn|8\n|inactive|PatMatrick has 30 seconds left.\n|inactive|bobhead1234567 has 30 seconds left.\n|\n|t:|1682139597\n|cant|p2a: Palafin|slp\n|move|p1a: Macs Mom|Stone Edge|p2a: Palafin|[miss]\n|-miss|p1a: Macs Mom|p2a: Palafin\n|move|p2b: Amoonguss|Spore|p1a: Macs Mom\n|-status|p1a: Macs Mom|slp|[from] move: Spore\n|move|p1b: Frank|Pollen Puff|p1a: Macs Mom\n|-heal|p1a: Macs Mom|78\/100 slp\n|\n|upkeep\n|turn|9\n|\n|t:|1682139619\n|switch|p1a: Sweet Dee|Flutter Mane, L50|81\/100\n|cant|p2a: Palafin|slp\n|move|p2b: Amoonguss|Pollen Puff|p2a: Palafin\n|-heal|p2a: Palafin|100\/100 slp\n|move|p1b: Frank|Pollen Puff|p1a: Sweet Dee\n|-heal|p1a: Sweet Dee|100\/100\n|\n|upkeep\n|turn|10\n|\n|t:|1682139644\n|switch|p2b: Delibird|Delibird, L50, F|100\/100\n|move|p1b: Frank|Rage Powder|p1b: Frank\n|-singleturn|p1b: Frank|move: Rage Powder\n|-curestatus|p2a: Palafin|slp|[msg]\n|move|p2a: Palafin|Jet Punch|p1b: Frank\n|-resisted|p1b: Frank\n|-crit|p1b: Frank\n|-damage|p1b: Frank|30\/100\n|-enditem|p1b: Frank|Sitrus Berry|[eat]\n|-heal|p1b: Frank|56\/100|[from] item: Sitrus Berry\n|-damage|p2a: Palafin|91\/100|[from] item: Life Orb\n|move|p1a: Sweet Dee|Thunderbolt|p2a: Palafin\n|-supereffective|p2a: Palafin\n|-damage|p2a: Palafin|12\/100\n|-damage|p1a: Sweet Dee|91\/100|[from] item: Life Orb\n|\n|upkeep\n|turn|11\n|inactive|PatMatrick has 30 seconds left.\n|inactive|bobhead1234567 has 30 seconds left.\n|\n|t:|1682139674\n|move|p2a: Palafin|Protect|p2a: Palafin\n|-singleturn|p2a: Palafin|Protect\n|move|p1a: Sweet Dee|Thunderbolt|p2b: Delibird\n|-supereffective|p2b: Delibird\n|-enditem|p2b: Delibird|Focus Sash\n|-damage|p2b: Delibird|1\/100\n|-damage|p1a: Sweet Dee|81\/100|[from] item: Life Orb\n|move|p2b: Delibird|Tailwind|p2b: Delibird\n|-sidestart|p2: bobhead1234567|move: Tailwind\n|move|p1b: Frank|Spore|p2a: Palafin\n|-activate|p2a: Palafin|move: Protect\n|\n|upkeep\n|turn|12\n|\n|t:|1682139698\n|switch|p2a: Amoonguss|Amoonguss, L50, F|100\/100\n|move|p1a: Sweet Dee|Protect|p1a: Sweet Dee\n|-singleturn|p1a: Sweet Dee|Protect\n|move|p2b: Delibird|Foul Play|p1a: Sweet Dee\n|-activate|p1a: Sweet Dee|move: Protect\n|move|p1b: Frank|Pollen Puff|p2a: Amoonguss\n|-damage|p2a: Amoonguss|84\/100\n|\n|upkeep\n|turn|13\n|inactive|bobhead1234567 has 30 seconds left.\n|\n|t:|1682139726\n|move|p1b: Frank|Rage Powder|p1b: Frank\n|-singleturn|p1b: Frank|move: Rage Powder\n|move|p2b: Delibird|Foul Play|p1b: Frank\n|-damage|p1b: Frank|40\/100\n|move|p1a: Sweet Dee|Shadow Ball|p2b: Delibird\n|-damage|p2b: Delibird|0 fnt\n|faint|p2b: Delibird\n|-damage|p1a: Sweet Dee|72\/100|[from] item: Life Orb\n|move|p2a: Amoonguss|Spore|p1a: Sweet Dee\n|-status|p1a: Sweet Dee|slp|[from] move: Spore\n|\n|upkeep\n|\n|t:|1682139738\n|switch|p2b: Palafin|Palafin-Hero, L50, M, tera:Water|12\/100\n|turn|14\n|\n|t:|1682139751\n|-end|p1a: Sweet Dee|Protosynthesis|[silent]\n|switch|p1a: Macs Mom|Ting-Lu, L50, tera:Poison|78\/100 slp\n|-ability|p1a: Macs Mom|Vessel of Ruin\n|move|p1b: Frank|Protect|p1b: Frank\n|-singleturn|p1b: Frank|Protect\n|move|p2b: Palafin|Wave Crash|p1a: Macs Mom\n|-damage|p1a: Macs Mom|2\/100 slp\n|-damage|p2b: Palafin|0 fnt|[from] Recoil\n|faint|p2b: Palafin\n|move|p2a: Amoonguss|Pollen Puff|p2: Palafin|[notarget]\n|-fail|p2a: Amoonguss\n|\n|-sideend|p2: bobhead1234567|move: Tailwind\n|upkeep\n|\n|t:|1682139764\n|switch|p2b: Chi-Yu|Chi-Yu, L50|100\/100\n|-ability|p2b: Chi-Yu|Beads of Ruin\n|turn|15\n|inactive|PatMatrick has 30 seconds left.\n|inactive|bobhead1234567 has 30 seconds left.\n|inactive|bobhead1234567 has 20 seconds left.\n|\n|t:|1682139802\n|move|p1b: Frank|Protect||[still]\n|-fail|p1b: Frank\n|move|p2a: Amoonguss|Rage Powder|p2a: Amoonguss\n|-singleturn|p2a: Amoonguss|move: Rage Powder\n|move|p2b: Chi-Yu|Heat Wave|p1a: Macs Mom|[spread] p1a,p1b\n|-supereffective|p1b: Frank\n|-damage|p1a: Macs Mom|0 fnt\n|-damage|p1b: Frank|0 fnt\n|faint|p1a: Macs Mom\n|faint|p1b: Frank\n|\n|upkeep\n|\n|t:|1682139810\n|switch|p1a: Sweet Dee|Flutter Mane, L50|72\/100 slp\n|switch|p1b: Mac|Palafin-Hero, L50, F|100\/100\n|-activate|p1b: Mac|ability: Zero to Hero\n|turn|16\n|\n|t:|1682139827\n|cant|p1a: Sweet Dee|slp\n|move|p2b: Chi-Yu|Protect|p2b: Chi-Yu\n|-singleturn|p2b: Chi-Yu|Protect\n|move|p1b: Mac|Wave Crash|p2b: Chi-Yu\n|-activate|p2b: Chi-Yu|move: Protect\n|move|p2a: Amoonguss|Spore|p1b: Mac\n|-status|p1b: Mac|slp|[from] move: Spore\n|\n|upkeep\n|turn|17\n|inactive|bobhead1234567 has 30 seconds left.\n|\n|t:|1682139861\n|move|p2a: Amoonguss|Rage Powder|p2a: Amoonguss\n|-singleturn|p2a: Amoonguss|move: Rage Powder\n|cant|p1a: Sweet Dee|slp\n|move|p2b: Chi-Yu|Dark Pulse|p1a: Sweet Dee\n|-damage|p1a: Sweet Dee|23\/100 slp\n|cant|p1b: Mac|slp\n|\n|upkeep\n|turn|18\n|inactive|bobhead1234567 has 30 seconds left.\n|\n|t:|1682139886\n|cant|p1a: Sweet Dee|slp\n|move|p2b: Chi-Yu|Protect|p2b: Chi-Yu\n|-singleturn|p2b: Chi-Yu|Protect\n|cant|p1b: Mac|slp\n|move|p2a: Amoonguss|Spore|p1a: Sweet Dee\n|-fail|p1a: Sweet Dee|slp\n|\n|upkeep\n|turn|19\n|inactive|PatMatrick has 30 seconds left.\n|inactive|bobhead1234567 has 30 seconds left.\n|inactive|bobhead1234567 has 20 seconds left.\n|inactive|bobhead1234567 has 15 seconds left.\n|inactive|PatMatrick has 20 seconds left.\n|inactive|bobhead1234567 has 10 seconds left.\n|inactive|PatMatrick has 15 seconds left.\n|inactive|bobhead1234567 has 5 seconds left.\n|inactive|PatMatrick has 10 seconds left.\n|-message|bobhead1234567 lost due to inactivity.\n|\n|win|PatMatrick\n|raw|PatMatrick's rating: 1083 → 1106<\/strong> (+23 for winning)\n|raw|bobhead1234567's rating: 1024 → 1013<\/strong> (-11 for losing)\n","uploadtime":1682139945,"views":13,"p1id":"patmatrick","p2id":"bobhead1234567","formatid":"gen9vgc2023regulationc","rating":1013,"private":0,"password":""}