{"id":"gen9vgc2023regulationc-1854508840","p1":"HazeOneTrick","p2":"Jimbertini","format":"[Gen 9] VGC 2023 Regulation C","log":"|j|\u2606HazeOneTrick\n|j|\u2606Jimbertini\n|t:|1682820084\n|gametype|doubles\n|player|p1|HazeOneTrick|acetrainer-gen6xy|1415\n|player|p2|Jimbertini|1|1449\n|teamsize|p1|6\n|teamsize|p2|6\n|gen|9\n|tier|[Gen 9] VGC 2023 Regulation C\n|rated|\n|rule|Species Clause: Limit one of each Pok\u00e9mon\n|rule|Item Clause: Limit one of each item\n|clearpoke\n|poke|p1|Iron Hands, L50|\n|poke|p1|Flutter Mane, L50|\n|poke|p1|Chi-Yu, L50|\n|poke|p1|Amoonguss, L50, F|\n|poke|p1|Bronzong, L50|\n|poke|p1|Gyarados, L50, M|\n|poke|p2|Amoonguss, L50, F|\n|poke|p2|Flutter Mane, L50|\n|poke|p2|Murkrow, L50, M|\n|poke|p2|Chi-Yu, L50|\n|poke|p2|Great Tusk, L50|\n|poke|p2|Arcanine, L50, M|\n|teampreview|4\n|inactive|Battle timer is ON: inactive players will automatically lose when time's up. (requested by Jimbertini)\nHazeOneTrick has agreed to open team sheets.\nJimbertini has agreed to open team sheets.\n|inactive|HazeOneTrick has 60 seconds left.\n|inactive|Jimbertini has 60 seconds left.\n|inactive|HazeOneTrick has 30 seconds left.\n|inactive|Jimbertini has 30 seconds left.\n|inactive|HazeOneTrick has 20 seconds left.\n|inactive|Jimbertini has 20 seconds left.\n|inactive|HazeOneTrick has 15 seconds left.\n|inactive|Jimbertini has 15 seconds left.\n|inactive|HazeOneTrick has 10 seconds left.\n|inactive|Jimbertini has 10 seconds left.\n|inactive|Jimbertini has 5 seconds left.\n|\n|t:|1682820177\n|start\n|switch|p1a: Gyarados|Gyarados, L50, M|100\/100\n|switch|p1b: Flutter Mane|Flutter Mane, L50|100\/100\n|switch|p2a: Karen O|Arcanine, L50, M, shiny|100\/100\n|switch|p2b: Albert|Chi-Yu, L50|100\/100\n|-ability|p2b: Albert|Beads of Ruin\n|-ability|p2a: Karen O|Intimidate|boost\n|-unboost|p1a: Gyarados|atk|1\n|-unboost|p1b: Flutter Mane|atk|1\n|-ability|p1a: Gyarados|Intimidate|boost\n|-unboost|p2a: Karen O|atk|1\n|-unboost|p2b: Albert|atk|1\n|turn|1\n|inactive|HazeOneTrick has 30 seconds left.\n|inactive|Jimbertini has 30 seconds left.\n|inactive|HazeOneTrick has 20 seconds left.\n|inactive|Jimbertini has 20 seconds left.\n|inactive|HazeOneTrick has 15 seconds left.\n|inactive|Jimbertini has 15 seconds left.\n|inactive|Jimbertini has 10 seconds left.\n|inactive|Jimbertini has 5 seconds left.\n|\n|t:|1682820228\n|move|p2b: Albert|Protect|p2b: Albert\n|-singleturn|p2b: Albert|Protect\n|move|p1b: Flutter Mane|Shadow Ball|p2a: Karen O\n|-damage|p2a: Karen O|24\/100\n|move|p2a: Karen O|Flare Blitz|p1b: Flutter Mane\n|-damage|p1b: Flutter Mane|44\/100\n|-damage|p2a: Karen O|12\/100|[from] Recoil\n|move|p1a: Gyarados|Waterfall|p2a: Karen O\n|-supereffective|p2a: Karen O\n|-damage|p2a: Karen O|0 fnt\n|faint|p2a: Karen O\n|\n|upkeep\n|\n|t:|1682820243\n|switch|p2a: Fabrizio|Flutter Mane, L50, shiny|100\/100\n|turn|2\n|inactive|HazeOneTrick has 30 seconds left.\n|\n|t:|1682820270\n|switch|p1a: Iron Hands|Iron Hands, L50|100\/100\n|-terastallize|p2a: Fabrizio|Fairy\n|move|p1b: Flutter Mane|Shadow Ball|p2a: Fabrizio\n|-damage|p2a: Fabrizio|22\/100\n|move|p2a: Fabrizio|Dazzling Gleam|p1b: Flutter Mane|[spread] p1a,p1b\n|-supereffective|p1a: Iron Hands\n|-damage|p1a: Iron Hands|3\/100\n|-damage|p1b: Flutter Mane|0 fnt\n|faint|p1b: Flutter Mane\n|-end|p1b: Flutter Mane|Protosynthesis|[silent]\n|move|p2b: Albert|Dark Pulse|p1a: Iron Hands\n|-resisted|p1a: Iron Hands\n|-damage|p1a: Iron Hands|0 fnt\n|faint|p1a: Iron Hands\n|-end|p1a: Iron Hands|Quark Drive|[silent]\n|-damage|p2b: Albert|91\/100|[from] item: Life Orb\n|\n|upkeep\n|\n|t:|1682820287\n|switch|p1b: Bronzong|Bronzong, L50|100\/100\n|switch|p1a: Gyarados|Gyarados, L50, M|100\/100\n|-ability|p1a: Gyarados|Intimidate|boost\n|-unboost|p2a: Fabrizio|atk|1\n|-unboost|p2b: Albert|atk|1\n|turn|3\n|inactive|Jimbertini has 30 seconds left.\n|inactive|Jimbertini has 20 seconds left.\n|\n|t:|1682820325\n|-end|p2a: Fabrizio|Protosynthesis|[silent]\n|switch|p2a: Julian|Amoonguss, L50, F, shiny|100\/100\n|-terastallize|p1b: Bronzong|Water\n|move|p2b: Albert|Heat Wave|p1a: Gyarados|[spread] p1a,p1b\n|-resisted|p1a: Gyarados\n|-resisted|p1b: Bronzong\n|-damage|p1a: Gyarados|77\/100\n|-damage|p1b: Bronzong|73\/100\n|-damage|p2b: Albert|81\/100|[from] item: Life Orb\n|move|p1a: Gyarados|Waterfall|p2b: Albert\n|-supereffective|p2b: Albert\n|-damage|p2b: Albert|0 fnt\n|faint|p2b: Albert\n|move|p1b: Bronzong|Heavy Slam|p2a: Julian\n|-damage|p2a: Julian|67\/100\n|\n|upkeep\n|\n|t:|1682820339\n|switch|p2b: Fabrizio|Flutter Mane, L50, shiny, tera:Fairy|22\/100\n|turn|4\n|inactive|Jimbertini has 30 seconds left.\n|\n|t:|1682820372\n|move|p2a: Julian|Rage Powder|p2a: Julian\n|-singleturn|p2a: Julian|move: Rage Powder\n|move|p2b: Fabrizio|Thunderbolt|p1b: Bronzong\n|-supereffective|p1b: Bronzong\n|-damage|p1b: Bronzong|0 fnt\n|faint|p1b: Bronzong\n|move|p1a: Gyarados|Taunt|p2a: Julian\n|-start|p2a: Julian|move: Taunt\n|\n|upkeep\n|turn|5\n|-message|HazeOneTrick forfeited.\n|\n|win|Jimbertini\n|raw|HazeOneTrick's rating: 1415 → 1397<\/strong> (-18 for losing)\n|raw|Jimbertini's rating: 1449 → 1467<\/strong> (+18 for winning)\n|l|\u2606Jimbertini\n","uploadtime":1682820396,"views":35,"p1id":"hazeonetrick","p2id":"jimbertini","formatid":"gen9vgc2023regulationc","rating":1397,"private":0,"password":""}