{"id":"gen9vgc2023regulationc-1858493329","p1":"couscouschanel","p2":"coatesy92","format":"[Gen 9] VGC 2023 Regulation C","log":"|j|\u2606couscouschanel\n|j|\u2606coatesy92\n|t:|1683317825\n|gametype|doubles\n|player|p1|couscouschanel|parasollady|\n|player|p2|coatesy92|steven|\n|teamsize|p1|6\n|teamsize|p2|6\n|gen|9\n|tier|[Gen 9] VGC 2023 Regulation C\n|rule|Species Clause: Limit one of each Pok\u00e9mon\n|rule|Item Clause: Limit one of each item\n|clearpoke\n|poke|p1|Teddiursa, L5, F|\n|poke|p1|Happiny, L5, F|\n|poke|p1|Shellos, L5, M|\n|poke|p1|Igglybuff, L5, M|\n|poke|p1|Starly, L5, M|\n|poke|p1|Cubchoo, L5, F|\n|poke|p2|Mudbray, L5, F|\n|poke|p2|Houndour, L5, M|\n|poke|p2|Pawmi, L5, M|\n|poke|p2|Fomantis, L5, F|\n|poke|p2|Fidough, L5, F|\n|poke|p2|Buizel, L5, F|\n|teampreview|4\n|j| haydyg\n|j| H0p5t3r\n|j| mharidain\n|\n|t:|1683317904\n|start\n|switch|p1a: Mr Ted|Teddiursa, L5, F|100\/100\n|switch|p1b: Lola|Happiny, L5, F|100\/100\n|switch|p2a: pikapawmi|Pawmi, L5, M|100\/100\n|switch|p2b: aimeeairy|Fomantis, L5, F|100\/100\n|turn|1\n|\n|t:|1683317961\n|move|p2a: pikapawmi|Fake Out|p1b: Lola\n|-damage|p1b: Lola|77\/100\n|move|p2b: aimeeairy|Leaf Storm|p1a: Mr Ted\n|-damage|p1a: Mr Ted|46\/100\n|-boost|p2b: aimeeairy|spa|2\n|move|p1a: Mr Ted|Facade|p2b: aimeeairy\n|-damage|p2b: aimeeairy|20\/100\n|cant|p1b: Lola|flinch\n|\n|-status|p1a: Mr Ted|tox|[from] item: Toxic Orb\n|upkeep\n|turn|2\n|\n|t:|1683318011\n|move|p1a: Mr Ted|Crunch|p2b: aimeeairy\n|-damage|p2b: aimeeairy|0 fnt\n|faint|p2b: aimeeairy\n|move|p2a: pikapawmi|Nuzzle|p1b: Lola\n|-damage|p1b: Lola|62\/100\n|-status|p1b: Lola|par\n|cant|p1b: Lola|par\n|\n|-damage|p1a: Mr Ted|41\/100 tox|[from] psn\n|upkeep\n|\n|t:|1683318030\n|switch|p2b: popgoesthe|Buizel, L5, F|100\/100\n|turn|3\n|\n|t:|1683318077\n|switch|p1b: Shelly|Shellos, L5, M|100\/100\n|move|p2b: popgoesthe|Aqua Jet|p1b: Shelly\n|-activate|p1b: Shelly|ability: Storm Drain\n|-ability|p1b: Shelly|Storm Drain|boost\n|-boost|p1b: Shelly|spa|1\n|move|p1a: Mr Ted|Brick Break|p2a: pikapawmi\n|-damage|p2a: pikapawmi|59\/100\n|move|p2a: pikapawmi|Rain Dance|p2a: pikapawmi\n|-weather|RainDance\n|\n|-weather|RainDance|[upkeep]\n|-damage|p1a: Mr Ted|32\/100 tox|[from] psn\n|upkeep\n|turn|4\n|j| BFO Ethanol\n|c| BFO Ethanol|its not even sunday\n|c| BFO Ethanol|I feel blessed\n|c| haydyg|allor\n|c| haydyg|it is funky monkey friday though\n|\n|t:|1683318154\n|switch|p2b: enter|Houndour, L5, M|100\/100\n|move|p1a: Mr Ted|Facade|p2b: enter\n|-damage|p2b: enter|13\/100\n|move|p2a: pikapawmi|Nuzzle|p1a: Mr Ted\n|-damage|p1a: Mr Ted|19\/100 tox\n|move|p1b: Shelly|Ancient Power|p2a: pikapawmi\n|-damage|p2a: pikapawmi|0 fnt\n|faint|p2a: pikapawmi\n|\n|-weather|RainDance|[upkeep]\n|-damage|p1a: Mr Ted|5\/100 tox|[from] psn\n|upkeep\n|\n|t:|1683318168\n|switch|p2a: popgoesthe|Buizel, L5, F|100\/100\n|turn|5\n|\n|t:|1683318200\n|move|p2a: popgoesthe|Ice Spinner|p1a: Mr Ted\n|-damage|p1a: Mr Ted|0 fnt\n|faint|p1a: Mr Ted\n|move|p2b: enter|Snarl|p1b: Shelly\n|-damage|p1b: Shelly|84\/100\n|-unboost|p1b: Shelly|spa|1\n|move|p1b: Shelly|Ancient Power|p2b: enter\n|-supereffective|p2b: enter\n|-damage|p2b: enter|0 fnt\n|faint|p2b: enter\n|\n|-weather|RainDance|[upkeep]\n|upkeep\n|\n|t:|1683318214\n|switch|p1a: Jiggles|Igglybuff, L5, M, shiny|100\/100\n|turn|6\n|\n|t:|1683318241\n|move|p2a: popgoesthe|Ice Spinner|p1b: Shelly\n|-resisted|p1b: Shelly\n|-damage|p1b: Shelly|68\/100\n|move|p1b: Shelly|Ancient Power|p2a: popgoesthe\n|-damage|p2a: popgoesthe|60\/100\n|move|p1a: Jiggles|Hyper Voice|p2a: popgoesthe\n|-damage|p2a: popgoesthe|0 fnt\n|faint|p2a: popgoesthe\n|\n|win|couscouschanel\n|c| haydyg|gggg\n|l|\u2606coatesy92\n|l| mharidain\n","uploadtime":1683318314,"views":11,"p1id":"couscouschanel","p2id":"coatesy92","formatid":"gen9vgc2023regulationc","rating":0,"private":0,"password":""}