{"id":"gen9vgc2023regulationc-1856950434","p1":"haha you rage quit","p2":"Jscoot12","format":"[Gen 9] VGC 2023 Regulation C","log":"|j|\u2606haha you rage quit\n|j|\u2606Jscoot12\n|t:|1683129536\n|gametype|doubles\n|player|p1|haha you rage quit|pokemaniac|1361\n|player|p2|Jscoot12|102|1294\n|teamsize|p1|6\n|teamsize|p2|6\n|gen|9\n|tier|[Gen 9] VGC 2023 Regulation C\n|rated|\n|rule|Species Clause: Limit one of each Pok\u00e9mon\n|rule|Item Clause: Limit one of each item\n|clearpoke\n|poke|p1|Flutter Mane, L50|\n|poke|p1|Chi-Yu, L50|\n|poke|p1|Great Tusk, L50|\n|poke|p1|Gholdengo, L50|\n|poke|p1|Talonflame, L50, M|\n|poke|p1|Murkrow, L50, M|\n|poke|p2|Orthworm, L50, F|\n|poke|p2|Dragonite, L50, F|\n|poke|p2|Flutter Mane, L50|\n|poke|p2|Chi-Yu, L50|\n|poke|p2|Baxcalibur, L50, F|\n|poke|p2|Gyarados, L50, M|\n|teampreview|4\nJscoot12 has agreed to open team sheets.\n|inactive|Battle timer is ON: inactive players will automatically lose when time's up. (requested by haha you rage quit)\n|\n|t:|1683129613\n|start\n|switch|p1a: Great Tusk|Great Tusk, L50, shiny|100\/100\n|switch|p1b: Talonflame|Talonflame, L50, M|100\/100\n|switch|p2a: Dragonite|Dragonite, L50, F|100\/100\n|switch|p2b: Flutter Mane|Flutter Mane, L50|100\/100\n|-enditem|p2b: Flutter Mane|Booster Energy\n|-activate|p2b: Flutter Mane|ability: Protosynthesis|[fromitem]\n|-start|p2b: Flutter Mane|protosynthesisspe\n|turn|1\n|\n|t:|1683129633\n|-end|p1a: Great Tusk|Protosynthesis|[silent]\n|switch|p1a: Gholdengo|Gholdengo, L50|100\/100\n|-terastallize|p1b: Talonflame|Ghost\n|move|p2a: Dragonite|Extreme Speed|p1b: Talonflame\n|-immune|p1b: Talonflame\n|move|p1b: Talonflame|Tailwind|p1b: Talonflame\n|-sidestart|p1: haha you rage quit|move: Tailwind\n|move|p2b: Flutter Mane|Thunderbolt|p1b: Talonflame\n|-damage|p1b: Talonflame|66\/100\n|\n|upkeep\n|turn|2\n|inactive|haha you rage quit has 30 seconds left.\n|\n|t:|1683129666\n|move|p2b: Flutter Mane|Protect|p2b: Flutter Mane\n|-singleturn|p2b: Flutter Mane|Protect\n|move|p1b: Talonflame|Air Cutter|p2b: Flutter Mane|[spread] p2a\n|-activate|p2b: Flutter Mane|move: Protect\n|-damage|p2a: Dragonite|92\/100\n|move|p1a: Gholdengo|Make It Rain|p2a: Dragonite|[spread] p2a\n|-activate|p2b: Flutter Mane|move: Protect\n|-damage|p2a: Dragonite|46\/100\n|-unboost|p1a: Gholdengo|spa|1\n|move|p2a: Dragonite|Earthquake|p1b: Talonflame|[spread] p1a,p1b\n|-activate|p2b: Flutter Mane|move: Protect\n|-supereffective|p1a: Gholdengo\n|-damage|p1a: Gholdengo|45\/100\n|-damage|p1b: Talonflame|25\/100\n|-enditem|p1a: Gholdengo|Weakness Policy\n|-boost|p1a: Gholdengo|atk|2|[from] item: Weakness Policy\n|-boost|p1a: Gholdengo|spa|2|[from] item: Weakness Policy\n|-enditem|p1b: Talonflame|Sitrus Berry|[eat]\n|-heal|p1b: Talonflame|50\/100|[from] item: Sitrus Berry\n|\n|-heal|p2a: Dragonite|52\/100|[from] item: Leftovers\n|upkeep\n|turn|3\n|inactive|Jscoot12 has 30 seconds left.\n|\n|t:|1683129695\n|move|p1b: Talonflame|Heat Wave|p2a: Dragonite|[spread] p2a,p2b\n|-resisted|p2a: Dragonite\n|-damage|p2a: Dragonite|40\/100\n|-damage|p2b: Flutter Mane|75\/100\n|move|p2b: Flutter Mane|Shadow Ball|p1b: Talonflame\n|-supereffective|p1b: Talonflame\n|-damage|p1b: Talonflame|0 fnt\n|faint|p1b: Talonflame\n|move|p1a: Gholdengo|Make It Rain|p2b: Flutter Mane|[spread] p2a,p2b\n|-supereffective|p2b: Flutter Mane\n|-damage|p2a: Dragonite|0 fnt\n|-damage|p2b: Flutter Mane|0 fnt\n|-unboost|p1a: Gholdengo|spa|1\n|faint|p2a: Dragonite\n|faint|p2b: Flutter Mane\n|-end|p2b: Flutter Mane|Protosynthesis|[silent]\n|\n|upkeep\n|\n|t:|1683129716\n|switch|p2b: Gyarados|Gyarados, L50, M|100\/100\n|switch|p1b: Great Tusk|Great Tusk, L50, shiny|100\/100\n|switch|p2a: Chi-Yu|Chi-Yu, L50|100\/100\n|-ability|p2a: Chi-Yu|Beads of Ruin\n|-ability|p2b: Gyarados|Intimidate|boost\n|-unboost|p1a: Gholdengo|atk|1\n|-unboost|p1b: Great Tusk|atk|1\n|turn|4\n|\n|t:|1683129741\n|-terastallize|p2a: Chi-Yu|Grass\n|move|p1b: Great Tusk|Headlong Rush|p2a: Chi-Yu\n|-resisted|p2a: Chi-Yu\n|-damage|p2a: Chi-Yu|53\/100\n|-unboost|p1b: Great Tusk|def|1\n|-unboost|p1b: Great Tusk|spd|1\n|move|p1a: Gholdengo|Power Gem|p2b: Gyarados\n|-supereffective|p2b: Gyarados\n|-damage|p2b: Gyarados|32\/100\n|move|p2a: Chi-Yu|Heat Wave|p1b: Great Tusk|[spread] p1a,p1b\n|-supereffective|p1a: Gholdengo\n|-crit|p1b: Great Tusk\n|-damage|p1a: Gholdengo|0 fnt\n|-damage|p1b: Great Tusk|0 fnt\n|faint|p1a: Gholdengo\n|faint|p1b: Great Tusk\n|-end|p1b: Great Tusk|Protosynthesis|[silent]\n|-damage|p2a: Chi-Yu|43\/100|[from] item: Life Orb\n|move|p2b: Gyarados|Waterfall|p1: Gholdengo|[notarget]\n|-fail|p2b: Gyarados\n|\n|-sideend|p1: haha you rage quit|move: Tailwind\n|upkeep\n|\n|t:|1683129746\n|switch|p1a: Chi-Yu|Chi-Yu, L50|100\/100\n|-ability|p1a: Chi-Yu|Beads of Ruin\n|turn|5\n|\n|t:|1683129766\n|move|p2a: Chi-Yu|Protect|p2a: Chi-Yu\n|-singleturn|p2a: Chi-Yu|Protect\n|move|p2b: Gyarados|Waterfall|p1a: Chi-Yu\n|-supereffective|p1a: Chi-Yu\n|-damage|p1a: Chi-Yu|12\/100\n|move|p1a: Chi-Yu|Snarl|p2a: Chi-Yu|[spread] p2b\n|-activate|p2a: Chi-Yu|move: Protect\n|-damage|p2b: Gyarados|0 fnt\n|faint|p2b: Gyarados\n|\n|upkeep\n|turn|6\n|\n|t:|1683129781\n|move|p2a: Chi-Yu|Dark Pulse|p1a: Chi-Yu\n|-resisted|p1a: Chi-Yu\n|-damage|p1a: Chi-Yu|0 fnt\n|faint|p1a: Chi-Yu\n|-damage|p2a: Chi-Yu|33\/100|[from] item: Life Orb\n|\n|win|Jscoot12\n|raw|haha you rage quit's rating: 1361 → 1337<\/strong> (-24 for losing)\n|raw|Jscoot12's rating: 1294 → 1324<\/strong> (+30 for winning)\n|l|\u2606haha you rage quit\n","uploadtime":1683129908,"views":16,"p1id":"hahayouragequit","p2id":"jscoot12","formatid":"gen9vgc2023regulationc","rating":1324,"private":0,"password":""}