{"id":"gen9vgc2023regulationc-1844811783","p1":"haha u rage quit","p2":"MorangoTango","format":"[Gen 9] VGC 2023 Regulation C","log":"|j|\u2606haha u rage quit\n|j|\u2606MorangoTango\n|t:|1681651344\n|gametype|doubles\n|player|p1|haha u rage quit|pokemaniac|1282\n|player|p2|MorangoTango|101|1224\n|teamsize|p1|6\n|teamsize|p2|6\n|gen|9\n|tier|[Gen 9] VGC 2023 Regulation C\n|rated|\n|rule|Species Clause: Limit one of each Pok\u00e9mon\n|rule|Item Clause: Limit one of each item\n|clearpoke\n|poke|p1|Meowscarada, L50, M|\n|poke|p1|Tatsugiri-Droopy, L50, M|\n|poke|p1|Talonflame, L50, M|\n|poke|p1|Pawmot, L50, M|\n|poke|p1|Dondozo, L50, M|\n|poke|p1|Arcanine, L50, M|\n|poke|p2|Flutter Mane, L50|\n|poke|p2|Arcanine, L50, F|\n|poke|p2|Amoonguss, L50, F|\n|poke|p2|Ting-Lu, L50|\n|poke|p2|Baxcalibur, L50, F|\n|poke|p2|Palafin, L50, F|\n|teampreview|4\nMorangoTango has agreed to open team sheets.\n|\n|t:|1681651370\n|start\n|switch|p1a: Meowscarada|Meowscarada, L50, M|100\/100\n|switch|p1b: Arcanine|Arcanine, L50, M|100\/100\n|switch|p2a: Palafin|Palafin, L50, F|100\/100\n|switch|p2b: Baxcalibur|Baxcalibur, L50, F|100\/100\n|-ability|p1b: Arcanine|Intimidate|boost\n|-unboost|p2a: Palafin|atk|1\n|-fail|p2b: Baxcalibur|unboost|[from] item: Clear Amulet|[of] p2b: Baxcalibur\n|turn|1\n|\n|t:|1681651386\n|detailschange|p2a: Palafin|Palafin-Hero, L50, F\n|switch|p2a: Arcanine|Arcanine, L50, F|100\/100\n|-ability|p2a: Arcanine|Intimidate|boost\n|-unboost|p1a: Meowscarada|atk|1\n|-unboost|p1b: Arcanine|atk|1\n|move|p1a: Meowscarada|Play Rough|p2b: Baxcalibur\n|-start|p1a: Meowscarada|typechange|Fairy|[from] ability: Protean\n|-supereffective|p2b: Baxcalibur\n|-damage|p2b: Baxcalibur|44\/100\n|move|p1b: Arcanine|Iron Head|p2b: Baxcalibur\n|-supereffective|p2b: Baxcalibur\n|-damage|p2b: Baxcalibur|0 fnt\n|faint|p2b: Baxcalibur\n|-damage|p1b: Arcanine|91\/100|[from] item: Life Orb\n|\n|upkeep\n|\n|t:|1681651404\n|switch|p2b: Palafin|Palafin-Hero, L50, F|100\/100\n|-activate|p2b: Palafin|ability: Zero to Hero\n|turn|2\n|\n|t:|1681651417\n|switch|p1a: Tatsugiri|Tatsugiri-Droopy, L50, M|100\/100\n|switch|p1b: Dondozo|Dondozo, L50, M|100\/100\n|-activate|p1a: Tatsugiri|ability: Commander|[of] p1b: Dondozo\n|-boost|p1b: Dondozo|atk|2\n|-boost|p1b: Dondozo|spa|2\n|-boost|p1b: Dondozo|spe|2\n|-boost|p1b: Dondozo|def|2\n|-boost|p1b: Dondozo|spd|2\n|move|p2b: Palafin|Jet Punch|p1b: Dondozo\n|-resisted|p1b: Dondozo\n|-damage|p1b: Dondozo|93\/100\n|move|p2a: Arcanine|Will-O-Wisp|p1a: Tatsugiri|[miss]\n|-miss|p2a: Arcanine|p1a: Tatsugiri\n|\n|upkeep\n|turn|3\n|\n|t:|1681651437\n|switch|p2a: Amoonguss|Amoonguss, L50, F|100\/100\n|-terastallize|p1b: Dondozo|Grass\n|move|p2b: Palafin|Protect|p2b: Palafin\n|-singleturn|p2b: Palafin|Protect\n|move|p1b: Dondozo|Tera Blast|p2b: Palafin\n|-activate|p2b: Palafin|move: Protect\n|\n|upkeep\n|turn|4\n|\n|t:|1681651454\n|switch|p2b: Arcanine|Arcanine, L50, F|100\/100\n|-ability|p2b: Arcanine|Intimidate|boost\n|-unboost|p1a: Tatsugiri|atk|1\n|-fail|p1b: Dondozo|unboost|Attack|[from] ability: Oblivious|[of] p1b: Dondozo\n|move|p1b: Dondozo|Wave Crash|p2b: Arcanine\n|-supereffective|p2b: Arcanine\n|-damage|p2b: Arcanine|0 fnt\n|faint|p2b: Arcanine\n|-damage|p1b: Dondozo|64\/100|[from] Recoil\n|move|p2a: Amoonguss|Pollen Puff|p1b: Dondozo\n|-supereffective|p1b: Dondozo\n|-damage|p1b: Dondozo|43\/100\n|\n|upkeep\n|\n|t:|1681651470\n|switch|p2b: Palafin|Palafin-Hero, L50, F|100\/100\n|turn|5\n|\n|t:|1681651484\n|-terastallize|p2b: Palafin|Grass\n|move|p1b: Dondozo|Rest|p1b: Dondozo\n|-status|p1b: Dondozo|slp|[from] move: Rest\n|-heal|p1b: Dondozo|100\/100 slp|[silent]\n|-enditem|p1b: Dondozo|Chesto Berry|[eat]\n|-curestatus|p1b: Dondozo|slp|[msg]\n|move|p2b: Palafin|Wave Crash|p1b: Dondozo\n|-resisted|p1b: Dondozo\n|-damage|p1b: Dondozo|83\/100\n|-damage|p2b: Palafin|94\/100|[from] Recoil\n|move|p2a: Amoonguss|Pollen Puff|p2b: Palafin\n|-heal|p2b: Palafin|100\/100\n|\n|upkeep\n|turn|6\n|\n|t:|1681651503\n|move|p2b: Palafin|Jet Punch|p1b: Dondozo\n|-resisted|p1b: Dondozo\n|-damage|p1b: Dondozo|74\/100\n|move|p1b: Dondozo|Wave Crash|p2b: Palafin\n|-resisted|p2b: Palafin\n|-damage|p2b: Palafin|50\/100\n|-damage|p1b: Dondozo|59\/100|[from] Recoil\n|move|p2a: Amoonguss|Pollen Puff|p1b: Dondozo\n|-supereffective|p1b: Dondozo\n|-damage|p1b: Dondozo|36\/100\n|\n|upkeep\n|turn|7\n|\n|t:|1681651519\n|move|p2b: Palafin|Jet Punch|p1b: Dondozo\n|-resisted|p1b: Dondozo\n|-damage|p1b: Dondozo|27\/100\n|move|p1b: Dondozo|Wave Crash|p2b: Palafin\n|-resisted|p2b: Palafin\n|-damage|p2b: Palafin|1\/100\n|-damage|p1b: Dondozo|12\/100|[from] Recoil\n|move|p2a: Amoonguss|Pollen Puff|p2b: Palafin\n|-heal|p2b: Palafin|51\/100\n|\n|upkeep\n|turn|8\n|\n|t:|1681651538\n|move|p2b: Palafin|Jet Punch|p1b: Dondozo\n|-resisted|p1b: Dondozo\n|-damage|p1b: Dondozo|4\/100\n|move|p1b: Dondozo|Rest|p1b: Dondozo\n|-status|p1b: Dondozo|slp|[from] move: Rest\n|-heal|p1b: Dondozo|100\/100 slp|[silent]\n|move|p2a: Amoonguss|Pollen Puff|p2b: Palafin\n|-heal|p2b: Palafin|100\/100\n|\n|upkeep\n|turn|9\n|\n|t:|1681651552\n|cant|p1b: Dondozo|slp\n|move|p2b: Palafin|Wave Crash|p1b: Dondozo\n|-resisted|p1b: Dondozo\n|-damage|p1b: Dondozo|84\/100 slp\n|-damage|p2b: Palafin|95\/100|[from] Recoil\n|move|p2a: Amoonguss|Pollen Puff|p1b: Dondozo\n|-supereffective|p1b: Dondozo\n|-damage|p1b: Dondozo|64\/100 slp\n|\n|upkeep\n|turn|10\n|\n|t:|1681651565\n|cant|p1b: Dondozo|slp\n|move|p2b: Palafin|Wave Crash|p1b: Dondozo\n|-resisted|p1b: Dondozo\n|-damage|p1b: Dondozo|48\/100 slp\n|-damage|p2b: Palafin|89\/100|[from] Recoil\n|move|p2a: Amoonguss|Pollen Puff|p1b: Dondozo\n|-supereffective|p1b: Dondozo\n|-damage|p1b: Dondozo|27\/100 slp\n|\n|upkeep\n|turn|11\n|\n|t:|1681651577\n|-curestatus|p1b: Dondozo|slp|[msg]\n|move|p1b: Dondozo|Rest|p1b: Dondozo\n|-status|p1b: Dondozo|slp|[from] move: Rest\n|-heal|p1b: Dondozo|100\/100 slp|[silent]\n|move|p2b: Palafin|Wave Crash|p1b: Dondozo\n|-resisted|p1b: Dondozo\n|-damage|p1b: Dondozo|83\/100 slp\n|-damage|p2b: Palafin|82\/100|[from] Recoil\n|move|p2a: Amoonguss|Pollen Puff|p1b: Dondozo\n|-supereffective|p1b: Dondozo\n|-damage|p1b: Dondozo|60\/100 slp\n|\n|upkeep\n|turn|12\n|\n|t:|1681651593\n|cant|p1b: Dondozo|slp\n|move|p2b: Palafin|Wave Crash|p1b: Dondozo\n|-resisted|p1b: Dondozo\n|-crit|p1b: Dondozo\n|-damage|p1b: Dondozo|14\/100 slp\n|-damage|p2b: Palafin|65\/100|[from] Recoil\n|move|p2a: Amoonguss|Pollen Puff|p1b: Dondozo\n|-supereffective|p1b: Dondozo\n|-damage|p1b: Dondozo|0 fnt\n|faint|p1b: Dondozo\n|\n|upkeep\n|\n|t:|1681651599\n|switch|p1b: Arcanine|Arcanine, L50, M|91\/100\n|-ability|p1b: Arcanine|Intimidate|boost\n|-unboost|p2a: Amoonguss|atk|1\n|-unboost|p2b: Palafin|atk|1\n|turn|13\n|\n|t:|1681651618\n|switch|p1b: Meowscarada|Meowscarada, L50, M|100\/100\n|move|p2b: Palafin|Protect|p2b: Palafin\n|-singleturn|p2b: Palafin|Protect\n|move|p1a: Tatsugiri|Icy Wind|p2a: Amoonguss|[spread] p2a\n|-activate|p2b: Palafin|move: Protect\n|-supereffective|p2a: Amoonguss\n|-damage|p2a: Amoonguss|62\/100\n|-unboost|p2a: Amoonguss|spe|1\n|move|p2a: Amoonguss|Spore|p1b: Meowscarada\n|-immune|p1b: Meowscarada\n|\n|upkeep\n|turn|14\n|\n|t:|1681651640\n|switch|p1b: Arcanine|Arcanine, L50, M|91\/100\n|-ability|p1b: Arcanine|Intimidate|boost\n|-unboost|p2a: Amoonguss|atk|1\n|-unboost|p2b: Palafin|atk|1\n|move|p1a: Tatsugiri|Icy Wind|p2a: Amoonguss|[spread] p2a,p2b\n|-supereffective|p2a: Amoonguss\n|-supereffective|p2b: Palafin\n|-damage|p2a: Amoonguss|25\/100\n|-damage|p2b: Palafin|27\/100\n|-unboost|p2a: Amoonguss|spe|1\n|-unboost|p2b: Palafin|spe|1\n|-enditem|p2a: Amoonguss|Sitrus Berry|[eat]\n|-heal|p2a: Amoonguss|50\/100|[from] item: Sitrus Berry\n|move|p2b: Palafin|Wave Crash|p1a: Tatsugiri\n|-resisted|p1a: Tatsugiri\n|-damage|p1a: Tatsugiri|80\/100\n|-damage|p2b: Palafin|22\/100|[from] Recoil\n|move|p2a: Amoonguss|Spore|p1a: Tatsugiri\n|-status|p1a: Tatsugiri|slp|[from] move: Spore\n|\n|upkeep\n|turn|15\n|-message|MorangoTango forfeited.\n|\n|win|haha u rage quit\n|raw|haha u rage quit's rating: 1282 → 1303<\/strong> (+21 for winning)\n|raw|MorangoTango's rating: 1224 → 1203<\/strong> (-21 for losing)\n|l|\u2606MorangoTango\n","uploadtime":1681651665,"views":9,"p1id":"hahauragequit","p2id":"morangotango","formatid":"gen9vgc2023regulationc","rating":1203,"private":0,"password":""}