{"id":"gen9vgc2023regulationc-1851046334","p1":"TheMismatcher","p2":"Snowmuse","format":"[Gen 9] VGC 2023 Regulation C","log":"|j|\u2606TheMismatcher\n|j|\u2606Snowmuse\n|t:|1682399402\n|gametype|doubles\n|player|p1|TheMismatcher|benga|\n|player|p2|Snowmuse|cheryl|\n|teamsize|p1|6\n|teamsize|p2|6\n|gen|9\n|tier|[Gen 9] VGC 2023 Regulation C\n|rule|Species Clause: Limit one of each Pok\u00e9mon\n|rule|Item Clause: Limit one of each item\n|clearpoke\n|poke|p1|Chien-Pao, L50|\n|poke|p1|Dragapult, L50, M|\n|poke|p1|Amoonguss, L50, F|\n|poke|p1|Gyarados, L50, F|\n|poke|p1|Flutter Mane, L50|\n|poke|p1|Dragonite, L50, M|\n|poke|p2|Wo-Chien, L50|\n|poke|p2|Glimmora, L50, F|\n|poke|p2|Gyarados, L50, F|\n|poke|p2|Ceruledge, L50, F|\n|poke|p2|Gothitelle, L50, F|\n|poke|p2|Dragonite, L50, M|\n|teampreview|4\nTheMismatcher has agreed to open team sheets.\nSnowmuse has agreed to open team sheets.\n|j| Maelstrom309\n|\n|t:|1682399527\n|start\n|switch|p1a: Flutter Mane|Flutter Mane, L50|100\/100\n|switch|p1b: Dragapult|Dragapult, L50, M|100\/100\n|switch|p2a: Wo-Chien|Wo-Chien, L50|100\/100\n|switch|p2b: Glimmora|Glimmora, L50, F, shiny|100\/100\n|-ability|p2a: Wo-Chien|Tablets of Ruin\n|-enditem|p1a: Flutter Mane|Booster Energy\n|-activate|p1a: Flutter Mane|ability: Protosynthesis|[fromitem]\n|-start|p1a: Flutter Mane|protosynthesisspa\n|turn|1\n|\n|t:|1682399579\n|switch|p2b: Ceruledge|Ceruledge, L50, F|100\/100\n|-terastallize|p1b: Dragapult|Steel\n|-terastallize|p2a: Wo-Chien|Poison\n|move|p1b: Dragapult|Tera Blast|p2b: Ceruledge\n|-resisted|p2b: Ceruledge\n|-damage|p2b: Ceruledge|75\/100\n|move|p1a: Flutter Mane|Moonblast|p2a: Wo-Chien\n|-resisted|p2a: Wo-Chien\n|-damage|p2a: Wo-Chien|79\/100\n|move|p2a: Wo-Chien|Pollen Puff|p2b: Ceruledge\n|-heal|p2b: Ceruledge|100\/100\n|\n|upkeep\n|turn|2\n|\n|t:|1682399604\n|switch|p1b: Gyarados|Gyarados, L50, F|100\/100\n|-ability|p1b: Gyarados|Intimidate|boost\n|-unboost|p2a: Wo-Chien|atk|1\n|-fail|p2b: Ceruledge|unboost|[from] item: Clear Amulet|[of] p2b: Ceruledge\n|move|p2b: Ceruledge|Protect|p2b: Ceruledge\n|-singleturn|p2b: Ceruledge|Protect\n|move|p1a: Flutter Mane|Shadow Ball|p2b: Ceruledge\n|-activate|p2b: Ceruledge|move: Protect\n|move|p2a: Wo-Chien|Ruination|p1a: Flutter Mane\n|-damage|p1a: Flutter Mane|51\/100\n|\n|upkeep\n|turn|3\n|\n|t:|1682399629\n|move|p1a: Flutter Mane|Protect|p1a: Flutter Mane\n|-singleturn|p1a: Flutter Mane|Protect\n|move|p2b: Ceruledge|Shadow Sneak|p1a: Flutter Mane\n|-activate|p1a: Flutter Mane|move: Protect\n|move|p1b: Gyarados|Waterfall|p2b: Ceruledge\n|-supereffective|p2b: Ceruledge\n|-damage|p2b: Ceruledge|38\/100\n|move|p2a: Wo-Chien|Leech Seed|p1b: Gyarados\n|-start|p1b: Gyarados|move: Leech Seed\n|\n|-damage|p1b: Gyarados|88\/100|[from] Leech Seed|[of] p2a: Wo-Chien\n|-heal|p2a: Wo-Chien|92\/100|[silent]\n|upkeep\n|turn|4\n|\n|t:|1682399650\n|-end|p1a: Flutter Mane|Protosynthesis|[silent]\n|switch|p1a: Chien-Pao|Chien-Pao, L50|100\/100\n|-ability|p1a: Chien-Pao|Sword of Ruin\n|switch|p2b: Gothitelle|Gothitelle, L50, F|100\/100\n|move|p1b: Gyarados|Waterfall|p2b: Gothitelle\n|-damage|p2b: Gothitelle|70\/100\n|move|p2a: Wo-Chien|Ruination|p1b: Gyarados\n|-damage|p1b: Gyarados|45\/100\n|\n|-damage|p1b: Gyarados|33\/100|[from] Leech Seed|[of] p2a: Wo-Chien\n|-heal|p2a: Wo-Chien|100\/100|[silent]\n|upkeep\n|turn|5\n|\n|t:|1682399699\n|move|p1a: Chien-Pao|Protect|p1a: Chien-Pao\n|-singleturn|p1a: Chien-Pao|Protect\n|move|p2b: Gothitelle|Fake Out|p1a: Chien-Pao\n|-activate|p1a: Chien-Pao|move: Protect\n|move|p1b: Gyarados|Taunt|p2a: Wo-Chien\n|-start|p2a: Wo-Chien|move: Taunt\n|move|p2a: Wo-Chien|Pollen Puff|p2b: Gothitelle\n|-heal|p2b: Gothitelle|100\/100\n|\n|-damage|p1b: Gyarados|21\/100|[from] Leech Seed|[of] p2a: Wo-Chien\n|upkeep\n|turn|6\n|\n|t:|1682399738\n|move|p2b: Gothitelle|Protect|p2b: Gothitelle\n|-singleturn|p2b: Gothitelle|Protect\n|move|p1a: Chien-Pao|Ice Spinner|p2a: Wo-Chien\n|-damage|p2a: Wo-Chien|73\/100\n|move|p1b: Gyarados|Waterfall|p2a: Wo-Chien\n|-damage|p2a: Wo-Chien|51\/100\n|cant|p2a: Wo-Chien|flinch\n|\n|-damage|p1b: Gyarados|9\/100|[from] Leech Seed|[of] p2a: Wo-Chien\n|-heal|p2a: Wo-Chien|64\/100|[silent]\n|upkeep\n|turn|7\n|\n|t:|1682399762\n|move|p1a: Chien-Pao|Ice Spinner|p2b: Gothitelle\n|-damage|p2b: Gothitelle|65\/100\n|move|p1b: Gyarados|Taunt|p2b: Gothitelle\n|-start|p2b: Gothitelle|move: Taunt\n|move|p2a: Wo-Chien|Pollen Puff|p1a: Chien-Pao\n|-supereffective|p1a: Chien-Pao\n|-damage|p1a: Chien-Pao|35\/100\n|cant|p2b: Gothitelle|move: Taunt|Heal Pulse\n|\n|-damage|p1b: Gyarados|0 fnt|[from] Leech Seed|[of] p2a: Wo-Chien\n|-heal|p2a: Wo-Chien|72\/100|[silent]\n|faint|p1b: Gyarados\n|-end|p2a: Wo-Chien|move: Taunt\n|upkeep\n|\n|t:|1682399807\n|switch|p1b: Dragapult|Dragapult, L50, M, tera:Steel|100\/100\n|turn|8\n|\n|t:|1682399826\n|switch|p2b: Ceruledge|Ceruledge, L50, F|38\/100\n|move|p1b: Dragapult|Dragon Darts|p2b: Ceruledge\n|-damage|p2b: Ceruledge|0 fnt\n|-anim|p1b: Dragapult|Dragon Darts|p2a: Wo-Chien\n|-damage|p2a: Wo-Chien|47\/100\n|-enditem|p2a: Wo-Chien|Sitrus Berry|[eat]\n|-heal|p2a: Wo-Chien|72\/100|[from] item: Sitrus Berry\n|faint|p2b: Ceruledge\n|move|p1a: Chien-Pao|Ice Spinner|p2a: Wo-Chien\n|-damage|p2a: Wo-Chien|45\/100\n|move|p2a: Wo-Chien|Pollen Puff|p1a: Chien-Pao\n|-supereffective|p1a: Chien-Pao\n|-damage|p1a: Chien-Pao|0 fnt\n|faint|p1a: Chien-Pao\n|\n|upkeep\n|\n|t:|1682399845\n|switch|p1a: Flutter Mane|Flutter Mane, L50|51\/100\n|switch|p2b: Gothitelle|Gothitelle, L50, F|65\/100\n|turn|9\n|\n|t:|1682399865\n|move|p1b: Dragapult|Dragon Darts|p2a: Wo-Chien\n|-damage|p2a: Wo-Chien|24\/100\n|-anim|p1b: Dragapult|Dragon Darts|p2b: Gothitelle\n|-crit|p2b: Gothitelle\n|-damage|p2b: Gothitelle|27\/100\n|move|p1a: Flutter Mane|Shadow Ball|p2a: Wo-Chien\n|-damage|p2a: Wo-Chien|0 fnt\n|faint|p2a: Wo-Chien\n|move|p2b: Gothitelle|Heal Pulse|p2: Wo-Chien|[notarget]\n|-fail|p2b: Gothitelle\n|\n|upkeep\n|\n|t:|1682399872\n|switch|p2a: Glimmora|Glimmora, L50, F, shiny|100\/100\n|turn|10\n|\n|t:|1682399899\n|move|p1b: Dragapult|Dragon Darts|p2b: Gothitelle\n|-damage|p2b: Gothitelle|0 fnt\n|-anim|p1b: Dragapult|Dragon Darts|p2a: Glimmora\n|-damage|p2a: Glimmora|56\/100\n|-activate|p2a: Glimmora|ability: Toxic Debris\n|-sidestart|p1: TheMismatcher|move: Toxic Spikes\n|faint|p2b: Gothitelle\n|move|p1a: Flutter Mane|Shadow Ball|p2a: Glimmora\n|-damage|p2a: Glimmora|18\/100\n|move|p2a: Glimmora|Earth Power|p1b: Dragapult\n|-supereffective|p1b: Dragapult\n|-damage|p1b: Dragapult|18\/100\n|\n|upkeep\n|turn|11\n|-message|Snowmuse forfeited.\n|\n|win|TheMismatcher\n|l|\u2606Snowmuse\n|l| Maelstrom309\n","uploadtime":1682400601,"views":15,"p1id":"themismatcher","p2id":"snowmuse","formatid":"gen9vgc2023regulationc","rating":0,"private":0,"password":""}