{"id":"gen9vgc2023regulationc-1854415828","p1":"dark f25","p2":"yungelghonami","format":"[Gen 9] VGC 2023 Regulation C","log":"|j|\u2606dark f25\n|j|\u2606yungelghonami\n|t:|1682808086\n|gametype|doubles\n|player|p1|dark f25|ghetsis|1057\n|player|p2|yungelghonami|169|1050\n|teamsize|p1|6\n|teamsize|p2|6\n|gen|9\n|tier|[Gen 9] VGC 2023 Regulation C\n|rated|\n|rule|Species Clause: Limit one of each Pok\u00e9mon\n|rule|Item Clause: Limit one of each item\n|clearpoke\n|poke|p1|Toxapex, L50, F|\n|poke|p1|Flutter Mane, L50|\n|poke|p1|Sableye, L50, F|\n|poke|p1|Arcanine, L50, M|\n|poke|p1|Copperajah, L50, F|\n|poke|p1|Annihilape, L50, M|\n|poke|p2|Bellibolt, L50, F|\n|poke|p2|Pawmot, L50, F|\n|poke|p2|Scream Tail, L50|\n|poke|p2|Great Tusk, L50|\n|poke|p2|Torkoal, L50, F|\n|poke|p2|Wo-Chien, L50|\n|teampreview|4\n|\n|t:|1682808107\n|start\n|switch|p1a: Flutter Mane|Flutter Mane, L50|100\/100\n|switch|p1b: Copperajah|Copperajah, L50, F, shiny|100\/100\n|switch|p2a: Pawmot|Pawmot, L50, F|100\/100\n|switch|p2b: Scream Tail|Scream Tail, L50|100\/100\n|-enditem|p1a: Flutter Mane|Booster Energy\n|-activate|p1a: Flutter Mane|ability: Protosynthesis|[fromitem]\n|-start|p1a: Flutter Mane|protosynthesisspe\n|turn|1\n|\n|t:|1682808122\n|move|p2a: Pawmot|Fake Out|p1b: Copperajah\n|-resisted|p1b: Copperajah\n|-damage|p1b: Copperajah|95\/100\n|-damage|p2a: Pawmot|84\/100|[from] item: Rocky Helmet|[of] p1b: Copperajah\n|cant|p1b: Copperajah|flinch\n|move|p1a: Flutter Mane|Trick Room|p1a: Flutter Mane\n|-fieldstart|move: Trick Room|[of] p1a: Flutter Mane\n|move|p2b: Scream Tail|Trick Room|p2b: Scream Tail\n|-fieldend|move: Trick Room\n|\n|upkeep\n|turn|2\n|\n|t:|1682808145\n|move|p2b: Scream Tail|Light Screen|p2b: Scream Tail\n|-sidestart|p2: yungelghonami|move: Light Screen\n|move|p2a: Pawmot|Volt Switch|p1a: Flutter Mane\n|-damage|p1a: Flutter Mane|84\/100\n|\n|t:|1682808152\n|switch|p2a: Bellibolt|Bellibolt, L50, F|100\/100|[from] Volt Switch\n|move|p1b: Copperajah|Iron Head|p2b: Scream Tail\n|-supereffective|p2b: Scream Tail\n|-damage|p2b: Scream Tail|19\/100\n|move|p1a: Flutter Mane|Trick Room|p1a: Flutter Mane\n|-fieldstart|move: Trick Room|[of] p1a: Flutter Mane\n|\n|upkeep\n|turn|3\n|\n|t:|1682808169\n|-terastallize|p2a: Bellibolt|Electric\n|move|p1b: Copperajah|High Horsepower|p2a: Bellibolt\n|-supereffective|p2a: Bellibolt\n|-damage|p2a: Bellibolt|45\/100\n|-start|p2a: Bellibolt|Charge|High Horsepower|[from] ability: Electromorphosis\n|move|p2a: Bellibolt|Parabolic Charge|p1a: Flutter Mane|[spread] p2b,p1a,p1b\n|-damage|p2b: Scream Tail|0 fnt\n|-heal|p2a: Bellibolt|55\/100|[from] drain|[of] p2b: Scream Tail\n|-damage|p1a: Flutter Mane|29\/100\n|-heal|p2a: Bellibolt|71\/100|[from] drain|[of] p1a: Flutter Mane\n|-damage|p1b: Copperajah|24\/100\n|-heal|p2a: Bellibolt|100\/100|[from] drain|[of] p1b: Copperajah\n|faint|p2b: Scream Tail\n|-end|p2b: Scream Tail|Protosynthesis|[silent]\n|-end|p2a: Bellibolt|Charge|[silent]\n|move|p1a: Flutter Mane|Dark Pulse|p2a: Bellibolt\n|-damage|p2a: Bellibolt|91\/100\n|-start|p2a: Bellibolt|Charge|Dark Pulse|[from] ability: Electromorphosis\n|\n|upkeep\n|\n|t:|1682808188\n|switch|p2b: Pawmot|Pawmot, L50, F|84\/100\n|turn|4\n|\n|t:|1682808193\n|move|p1b: Copperajah|Protect|p1b: Copperajah\n|-singleturn|p1b: Copperajah|Protect\n|move|p1a: Flutter Mane|Protect|p1a: Flutter Mane\n|-singleturn|p1a: Flutter Mane|Protect\n|move|p2b: Pawmot|Fake Out|p1b: Copperajah\n|-activate|p1b: Copperajah|move: Protect\n|move|p2a: Bellibolt|Parabolic Charge|p1b: Copperajah|[spread] \n|-activate|p1a: Flutter Mane|move: Protect\n|-activate|p1b: Copperajah|move: Protect\n|-heal|p2b: Pawmot|100\/100|[from] ability: Volt Absorb|[of] p2a: Bellibolt\n|-end|p2a: Bellibolt|Charge|[silent]\n|\n|upkeep\n|turn|5\n|\n|t:|1682808234\n|move|p1b: Copperajah|High Horsepower|p2a: Bellibolt\n|-supereffective|p2a: Bellibolt\n|-damage|p2a: Bellibolt|36\/100\n|-start|p2a: Bellibolt|Charge|High Horsepower|[from] ability: Electromorphosis\n|move|p2a: Bellibolt|Parabolic Charge|p1a: Flutter Mane|[spread] p1a,p1b\n|-immune|p2b: Pawmot|[from] ability: Volt Absorb\n|-damage|p1a: Flutter Mane|0 fnt\n|-heal|p2a: Bellibolt|45\/100|[from] drain|[of] p1a: Flutter Mane\n|-damage|p1b: Copperajah|0 fnt\n|-heal|p2a: Bellibolt|56\/100|[from] drain|[of] p1b: Copperajah\n|faint|p1a: Flutter Mane\n|-end|p1a: Flutter Mane|Protosynthesis|[silent]\n|faint|p1b: Copperajah\n|-end|p2a: Bellibolt|Charge|[silent]\n|move|p2b: Pawmot|Revival Blessing|p2b: Pawmot\n|\n|t:|1682808249\n|-heal|p2: Scream Tail|50\/100|[from] move: Revival Blessing\n|\n|upkeep\n|\n|t:|1682808254\n|switch|p1b: Toxapex|Toxapex, L50, F, shiny|100\/100\n|switch|p1a: Annihilape|Annihilape, L50, M|100\/100\n|turn|6\n|\n|t:|1682808271\n|-terastallize|p1b: Toxapex|Normal\n|move|p1b: Toxapex|Toxic|p2a: Bellibolt|[miss]\n|-miss|p1b: Toxapex|p2a: Bellibolt\n|move|p2a: Bellibolt|Parabolic Charge|p1b: Toxapex|[spread] p1a,p1b\n|-immune|p2b: Pawmot|[from] ability: Volt Absorb\n|-crit|p1a: Annihilape\n|-damage|p1a: Annihilape|52\/100\n|-heal|p2a: Bellibolt|76\/100|[from] drain|[of] p1a: Annihilape\n|-damage|p1b: Toxapex|74\/100\n|-heal|p2a: Bellibolt|86\/100|[from] drain|[of] p1b: Toxapex\n|move|p2b: Pawmot|Volt Switch|p1b: Toxapex\n|-damage|p1b: Toxapex|58\/100\n|\n|t:|1682808285\n|switch|p2b: Great Tusk|Great Tusk, L50|100\/100|[from] Volt Switch\n|-enditem|p2b: Great Tusk|Booster Energy\n|-activate|p2b: Great Tusk|ability: Protosynthesis|[fromitem]\n|-start|p2b: Great Tusk|protosynthesisatk\n|move|p1a: Annihilape|Close Combat|p2b: Great Tusk\n|-damage|p2b: Great Tusk|64\/100\n|-unboost|p1a: Annihilape|def|1\n|-unboost|p1a: Annihilape|spd|1\n|\n|-heal|p1b: Toxapex|64\/100|[from] item: Leftovers\n|-sideend|p2: yungelghonami|move: Light Screen\n|-fieldend|move: Trick Room\n|upkeep\n|turn|7\n|\n|t:|1682808303\n|move|p2b: Great Tusk|Protect|p2b: Great Tusk\n|-singleturn|p2b: Great Tusk|Protect\n|move|p1a: Annihilape|Close Combat|p2b: Great Tusk\n|-activate|p2b: Great Tusk|move: Protect\n|move|p2a: Bellibolt|Parabolic Charge|p1b: Toxapex|[spread] p1a,p1b\n|-activate|p2b: Great Tusk|move: Protect\n|-damage|p1a: Annihilape|0 fnt\n|-heal|p2a: Bellibolt|100\/100|[from] drain|[of] p1a: Annihilape\n|-damage|p1b: Toxapex|37\/100\n|faint|p1a: Annihilape\n|move|p1b: Toxapex|Toxic|p2a: Bellibolt|[miss]\n|-miss|p1b: Toxapex|p2a: Bellibolt\n|\n|-heal|p1b: Toxapex|43\/100|[from] item: Leftovers\n|upkeep\n|turn|8\n|-message|dark f25 forfeited.\n|\n|win|yungelghonami\n|raw|dark f25's rating: 1057 → 1038<\/strong> (-19 for losing)\n|raw|yungelghonami's rating: 1050 → 1083<\/strong> (+33 for winning)\n|l|\u2606dark f25\n","uploadtime":1682808329,"views":21,"p1id":"darkf25","p2id":"yungelghonami","formatid":"gen9vgc2023regulationc","rating":1038,"private":0,"password":""}