{"id":"gen9vgc2023regulationc-1864235367","p1":"AnnabelV3","p2":"mati2078","format":"[Gen 9] VGC 2023 Regulation C","log":"|j|\u2606AnnabelV3\n|j|\u2606mati2078\n|t:|1684141944\n|gametype|doubles\n|player|p1|AnnabelV3|swimmerf-gen4dp|1088\n|player|p2|mati2078|2|1052\n|teamsize|p1|6\n|teamsize|p2|6\n|gen|9\n|tier|[Gen 9] VGC 2023 Regulation C\n|rated|\n|rule|Species Clause: Limit one of each Pok\u00e9mon\n|rule|Item Clause: Limit one of each item\n|clearpoke\n|poke|p1|Annihilape, L50, F|\n|poke|p1|Hatterene, L50, F|\n|poke|p1|Copperajah, L50, F|\n|poke|p1|Salamence, L50, F|\n|poke|p1|Rotom-Wash, L50|\n|poke|p1|Amoonguss, L50, M|\n|poke|p2|Cetitan, L50, F|\n|poke|p2|Abomasnow, L50, M|\n|poke|p2|Baxcalibur, L50, M|\n|poke|p2|Slowking, L50, M|\n|poke|p2|Annihilape, L50, F|\n|poke|p2|Iron Bundle, L50|\n|teampreview|4\n|\n|t:|1684141990\n|start\n|switch|p1a: Copperajah|Copperajah, L50, F|100\/100\n|switch|p1b: Hatterene|Hatterene, L50, F|100\/100\n|switch|p2a: Cetitan|Cetitan, L50, F, shiny|100\/100\n|switch|p2b: Abomasnow|Abomasnow, L50, M|100\/100\n|-weather|Snow|[from] ability: Snow Warning|[of] p2b: Abomasnow\n|turn|1\n|\n|t:|1684142023\n|move|p2a: Cetitan|Earthquake|p1b: Hatterene|[spread] p2b,p1a,p1b\n|-resisted|p2b: Abomasnow\n|-supereffective|p1a: Copperajah\n|-damage|p2b: Abomasnow|88\/100\n|-damage|p1a: Copperajah|36\/100\n|-damage|p1b: Hatterene|63\/100\n|-damage|p2a: Cetitan|91\/100|[from] item: Life Orb\n|move|p2b: Abomasnow|Aurora Veil|p2b: Abomasnow\n|-sidestart|p2: mati2078|move: Aurora Veil\n|move|p1a: Copperajah|Rock Slide|p2b: Abomasnow|[spread] p2a,p2b\n|-supereffective|p2a: Cetitan\n|-supereffective|p2b: Abomasnow\n|-damage|p2a: Cetitan|54\/100\n|-damage|p2b: Abomasnow|50\/100\n|move|p1b: Hatterene|Trick Room|p1b: Hatterene\n|-fieldstart|move: Trick Room|[of] p1b: Hatterene\n|\n|-weather|Snow|[upkeep]\n|upkeep\n|turn|2\n|\n|t:|1684142067\n|move|p2b: Abomasnow|Protect|p2b: Abomasnow\n|-singleturn|p2b: Abomasnow|Protect\n|move|p1b: Hatterene|Dazzling Gleam|p2b: Abomasnow|[spread] p2a\n|-activate|p2b: Abomasnow|move: Protect\n|-damage|p2a: Cetitan|34\/100\n|move|p1a: Copperajah|Iron Head|p2a: Cetitan\n|-supereffective|p2a: Cetitan\n|-damage|p2a: Cetitan|0 fnt\n|faint|p2a: Cetitan\n|\n|-weather|Snow|[upkeep]\n|upkeep\n|\n|t:|1684142084\n|switch|p2a: Annihilape|Annihilape, L50, F|100\/100\n|turn|3\n|\n|t:|1684142099\n|move|p1b: Hatterene|Dazzling Gleam|p2a: Annihilape|[spread] p2a,p2b\n|-supereffective|p2a: Annihilape\n|-damage|p2a: Annihilape|67\/100\n|-damage|p2b: Abomasnow|31\/100\n|move|p1a: Copperajah|Play Rough|p2a: Annihilape\n|-supereffective|p2a: Annihilape\n|-damage|p2a: Annihilape|0 fnt\n|faint|p2a: Annihilape\n|move|p2b: Abomasnow|Blizzard|p1b: Hatterene|[spread] p1a,p1b\n|-resisted|p1a: Copperajah\n|-damage|p1a: Copperajah|17\/100\n|-damage|p1b: Hatterene|35\/100\n|\n|-weather|Snow|[upkeep]\n|upkeep\n|\n|t:|1684142112\n|switch|p2a: Iron Bundle|Iron Bundle, L50, shiny|100\/100\n|turn|4\n|\n|t:|1684142137\n|move|p1b: Hatterene|Helping Hand|p1a: Copperajah\n|-singleturn|p1a: Copperajah|Helping Hand|[of] p1b: Hatterene\n|move|p1a: Copperajah|Rock Slide|p2b: Abomasnow|[spread] p2a,p2b\n|-supereffective|p2a: Iron Bundle\n|-supereffective|p2b: Abomasnow\n|-damage|p2a: Iron Bundle|40\/100\n|-damage|p2b: Abomasnow|0 fnt\n|faint|p2b: Abomasnow\n|move|p2a: Iron Bundle|Hydro Pump|p1b: Hatterene\n|-damage|p1b: Hatterene|0 fnt\n|faint|p1b: Hatterene\n|\n|-weather|Snow|[upkeep]\n|upkeep\n|\n|t:|1684142154\n|switch|p1b: Annihilape|Annihilape, L50, F|100\/100\n|turn|5\n|\n|t:|1684142162\n|move|p1a: Copperajah|Rock Slide|p2a: Iron Bundle\n|-supereffective|p2a: Iron Bundle\n|-crit|p2a: Iron Bundle\n|-damage|p2a: Iron Bundle|0 fnt\n|faint|p2a: Iron Bundle\n|-end|p2a: Iron Bundle|Quark Drive|[silent]\n|\n|win|AnnabelV3\n|raw|AnnabelV3's rating: 1088 → 1112<\/strong> (+24 for winning)\n|raw|mati2078's rating: 1052 → 1036<\/strong> (-16 for losing)\n|c|\u2606AnnabelV3|Gg\n|l|\u2606mati2078\n","uploadtime":1684142175,"views":12,"p1id":"annabelv3","p2id":"mati2078","formatid":"gen9vgc2023regulationc","rating":1036,"private":0,"password":""}