{"id":"gen9vgc2023regulationc-1859481210","p1":"myselfkula","p2":"fusesrt","format":"[Gen 9] VGC 2023 Regulation C","log":"|j|\u2606myselfkula\n|j|\u2606fusesrt\n|t:|1683474035\n|gametype|doubles\n|player|p1|myselfkula|2|1329\n|player|p2|fusesrt|101|1343\n|teamsize|p1|6\n|teamsize|p2|6\n|gen|9\n|tier|[Gen 9] VGC 2023 Regulation C\n|rated|\n|rule|Species Clause: Limit one of each Pok\u00e9mon\n|rule|Item Clause: Limit one of each item\n|clearpoke\n|poke|p1|Ting-Lu, L50|\n|poke|p1|Abomasnow, L50, F|\n|poke|p1|Iron Bundle, L50|\n|poke|p1|Dragonite, L50, F|\n|poke|p1|Orthworm, L50, F|\n|poke|p1|Vivillon-Fancy, L50, F|\n|poke|p2|Chi-Yu, L50|\n|poke|p2|Flutter Mane, L50|\n|poke|p2|Glimmora, L50, F|\n|poke|p2|Murkrow, L50, F|\n|poke|p2|Gholdengo, L50|\n|poke|p2|Mimikyu, L50, F|\n|teampreview|4\n|\n|t:|1683474069\n|start\n|switch|p1a: Ting-Lu|Ting-Lu, L50|100\/100\n|switch|p1b: Vivillon|Vivillon-Fancy, L50, F|100\/100\n|switch|p2a: Glimmora|Glimmora, L50, F|100\/100\n|switch|p2b: Murkrow|Murkrow, L50, F|100\/100\n|-ability|p1a: Ting-Lu|Vessel of Ruin\n|turn|1\n|inactive|Battle timer is ON: inactive players will automatically lose when time's up. (requested by myselfkula)\n|inactive|myselfkula has 60 seconds left.\n|\n|t:|1683474106\n|-terastallize|p2a: Glimmora|Grass\n|move|p2b: Murkrow|Tailwind|p2b: Murkrow\n|-sidestart|p2: fusesrt|move: Tailwind\n|move|p2a: Glimmora|Power Gem|p1b: Vivillon\n|-supereffective|p1b: Vivillon\n|-enditem|p1b: Vivillon|Focus Sash\n|-damage|p1b: Vivillon|1\/100\n|move|p1b: Vivillon|Safeguard|p1b: Vivillon\n|-sidestart|p1: myselfkula|Safeguard\n|move|p1a: Ting-Lu|Rock Slide|p2b: Murkrow|[spread] p2a,p2b\n|-supereffective|p2b: Murkrow\n|-damage|p2a: Glimmora|80\/100\n|-damage|p2b: Murkrow|15\/100\n|-activate|p2a: Glimmora|ability: Toxic Debris\n|-sidestart|p1: myselfkula|move: Toxic Spikes\n|\n|upkeep\n|turn|2\n|\n|t:|1683474125\n|move|p1b: Vivillon|Protect|p1b: Vivillon\n|-singleturn|p1b: Vivillon|Protect\n|move|p2b: Murkrow|Sunny Day|p2b: Murkrow\n|-weather|SunnyDay\n|move|p2a: Glimmora|Mortal Spin|p1b: Vivillon|[spread] p1a\n|-activate|p1b: Vivillon|move: Protect\n|-resisted|p1a: Ting-Lu\n|-damage|p1a: Ting-Lu|99\/100\n|move|p1a: Ting-Lu|Rock Slide|p2b: Murkrow|[spread] p2a,p2b\n|-supereffective|p2b: Murkrow\n|-damage|p2a: Glimmora|57\/100\n|-damage|p2b: Murkrow|0 fnt\n|-activate|p2a: Glimmora|ability: Toxic Debris\n|-sidestart|p1: myselfkula|move: Toxic Spikes\n|faint|p2b: Murkrow\n|\n|-weather|SunnyDay|[upkeep]\n|upkeep\n|\n|t:|1683474140\n|switch|p2b: Chi-Yu|Chi-Yu, L50|100\/100\n|-ability|p2b: Chi-Yu|Beads of Ruin\n|turn|3\n|\n|t:|1683474164\n|move|p1b: Vivillon|Rage Powder|p1b: Vivillon\n|-singleturn|p1b: Vivillon|move: Rage Powder\n|move|p2b: Chi-Yu|Heat Wave|p1a: Ting-Lu|[spread] p1a,p1b\n|-supereffective|p1b: Vivillon\n|-damage|p1a: Ting-Lu|77\/100\n|-damage|p1b: Vivillon|0 fnt\n|faint|p1b: Vivillon\n|move|p2a: Glimmora|Energy Ball|p1a: Ting-Lu\n|-supereffective|p1a: Ting-Lu\n|-damage|p1a: Ting-Lu|23\/100\n|move|p1a: Ting-Lu|Earthquake|p2a: Glimmora|[spread] p2a,p2b\n|-resisted|p2a: Glimmora\n|-supereffective|p2b: Chi-Yu\n|-damage|p2a: Glimmora|35\/100\n|-enditem|p2b: Chi-Yu|Focus Sash\n|-damage|p2b: Chi-Yu|1\/100\n|\n|-weather|SunnyDay|[upkeep]\n|upkeep\n|\n|t:|1683474185\n|switch|p1b: Dragonite|Dragonite, L50, F|100\/100\n|turn|4\n|inactive|myselfkula has 30 seconds left.\n|\n|t:|1683474210\n|switch|p2b: Gholdengo|Gholdengo, L50|100\/100\n|switch|p1a: Orthworm|Orthworm, L50, F|100\/100\n|-terastallize|p1b: Dragonite|Flying\n|move|p1b: Dragonite|Extreme Speed|p2a: Glimmora\n|-damage|p2a: Glimmora|0 fnt\n|faint|p2a: Glimmora\n|\n|-weather|SunnyDay|[upkeep]\n|-sideend|p2: fusesrt|move: Tailwind\n|upkeep\n|\n|t:|1683474220\n|switch|p2a: Chi-Yu|Chi-Yu, L50|1\/100\n|-ability|p2a: Chi-Yu|Beads of Ruin\n|turn|5\n|\n|t:|1683474231\n|move|p1a: Orthworm|Protect|p1a: Orthworm\n|-singleturn|p1a: Orthworm|Protect\n|move|p1b: Dragonite|Extreme Speed|p2a: Chi-Yu\n|-damage|p2a: Chi-Yu|0 fnt\n|faint|p2a: Chi-Yu\n|move|p2b: Gholdengo|Make It Rain|p1b: Dragonite|[spread] p1b\n|-activate|p1a: Orthworm|move: Protect\n|-damage|p1b: Dragonite|68\/100\n|-unboost|p2b: Gholdengo|spa|1\n|-damage|p2b: Gholdengo|91\/100|[from] item: Life Orb\n|\n|-weather|SunnyDay|[upkeep]\n|-sideend|p1: myselfkula|Safeguard\n|upkeep\n|turn|6\n|-message|fusesrt forfeited.\n|\n|win|myselfkula\n|raw|myselfkula's rating: 1329 → 1350<\/strong> (+21 for winning)\n|raw|fusesrt's rating: 1343 → 1322<\/strong> (-21 for losing)\n|l|\u2606fusesrt\n","uploadtime":1683474248,"views":11,"p1id":"myselfkula","p2id":"fusesrt","formatid":"gen9vgc2023regulationc","rating":1322,"private":0,"password":""}