{"id":"gen9vgc2023regulationc-1845725576","p1":"Goldjunge1994","p2":"gohan92","format":"[Gen 9] VGC 2023 Regulation C","log":"|j|\u2606Goldjunge1994\n|j|\u2606gohan92\n|t:|1681758873\n|gametype|doubles\n|player|p1|Goldjunge1994|170|\n|player|p2|gohan92|170|\n|teamsize|p1|6\n|teamsize|p2|6\n|gen|9\n|tier|[Gen 9] VGC 2023 Regulation C\n|rule|Species Clause: Limit one of each Pok\u00e9mon\n|rule|Item Clause: Limit one of each item\n|clearpoke\n|poke|p1|Dragonite, L50, F|\n|poke|p1|Palafin, L50, F|\n|poke|p1|Flutter Mane, L50|\n|poke|p1|Arcanine, L50, M|\n|poke|p1|Chien-Pao, L50|\n|poke|p1|Amoonguss, L50, M|\n|poke|p2|Palafin, L50, M|\n|poke|p2|Flutter Mane, L50|\n|poke|p2|Baxcalibur, L50, F|\n|poke|p2|Arcanine, L50, F|\n|poke|p2|Ting-Lu, L50|\n|poke|p2|Amoonguss, L50, F|\n|teampreview|4\nGoldjunge1994 has agreed to open team sheets.\ngohan92 has agreed to open team sheets.\n|\n|t:|1681758982\n|start\n|switch|p1a: Floa|Palafin, L50, F|100\/100\n|switch|p1b: Dipset|Flutter Mane, L50|100\/100\n|switch|p2a: Palafin|Palafin, L50, M|100\/100\n|switch|p2b: Arcanine|Arcanine, L50, F|100\/100\n|-ability|p2b: Arcanine|Intimidate|boost\n|-unboost|p1a: Floa|atk|1\n|-unboost|p1b: Dipset|atk|1\n|-enditem|p1b: Dipset|Booster Energy\n|-activate|p1b: Dipset|ability: Protosynthesis|[fromitem]\n|-start|p1b: Dipset|protosynthesisspa\n|turn|1\n|\n|t:|1681759033\n|detailschange|p2a: Palafin|Palafin-Hero, L50, M\n|switch|p2a: Amoonguss|Amoonguss, L50, F|100\/100\n|detailschange|p1a: Floa|Palafin-Hero, L50, F\n|switch|p1a: Grauwind|Arcanine, L50, M|100\/100\n|-ability|p1a: Grauwind|Intimidate|boost\n|-unboost|p2a: Amoonguss|atk|1\n|-unboost|p2b: Arcanine|atk|1\n|move|p1b: Dipset|Shadow Ball|p2b: Arcanine\n|-damage|p2b: Arcanine|43\/100\n|-unboost|p2b: Arcanine|spd|1\n|move|p2b: Arcanine|Flare Blitz|p1b: Dipset\n|-damage|p1b: Dipset|46\/100\n|-damage|p2b: Arcanine|31\/100|[from] Recoil\n|\n|upkeep\n|turn|2\n|\n|t:|1681759066\n|switch|p2a: Baxcalibur|Baxcalibur, L50, F|100\/100\n|move|p2b: Arcanine|Extreme Speed|p1a: Grauwind\n|-damage|p1a: Grauwind|87\/100\n|move|p1b: Dipset|Substitute|p1b: Dipset\n|-start|p1b: Dipset|Substitute\n|-damage|p1b: Dipset|21\/100\n|move|p1a: Grauwind|Flare Blitz|p2a: Baxcalibur\n|-damage|p2a: Baxcalibur|62\/100\n|-ability|p2a: Baxcalibur|Thermal Exchange|boost\n|-boost|p2a: Baxcalibur|atk|1\n|-damage|p1a: Grauwind|73\/100|[from] Recoil\n|\n|upkeep\n|turn|3\n|\n|t:|1681759100\n|switch|p2b: Palafin|Palafin-Hero, L50, M|100\/100\n|-activate|p2b: Palafin|ability: Zero to Hero\n|move|p1b: Dipset|Protect|p1b: Dipset\n|-singleturn|p1b: Dipset|Protect\n|move|p1a: Grauwind|Protect|p1a: Grauwind\n|-singleturn|p1a: Grauwind|Protect\n|move|p2a: Baxcalibur|Protect||[still]\n|-fail|p2a: Baxcalibur\n|\n|upkeep\n|turn|4\n|\n|t:|1681759148\n|-terastallize|p1a: Grauwind|Grass\n|move|p2a: Baxcalibur|Protect|p2a: Baxcalibur\n|-singleturn|p2a: Baxcalibur|Protect\n|move|p2b: Palafin|Jet Punch|p1a: Grauwind\n|-resisted|p1a: Grauwind\n|-damage|p1a: Grauwind|49\/100\n|move|p1b: Dipset|Shadow Ball|p2a: Baxcalibur\n|-activate|p2a: Baxcalibur|move: Protect\n|move|p1a: Grauwind|Will-O-Wisp|p2b: Palafin|[miss]\n|-miss|p1a: Grauwind|p2b: Palafin\n|\n|upkeep\n|turn|5\n|c|\u2606gohan92|sry\n|c|\u2606Goldjunge1994|heute habe ich echt kein Gl\u00fcck\n|c|\u2606Goldjunge1994|Eben auch schon die ganze Zeit\n|c|\u2606gohan92|mies, egal, wird schon\n|\n|t:|1681759221\n|switch|p1a: Skarm|Amoonguss, L50, M|100\/100\n|move|p2b: Palafin|Jet Punch|p1b: Dipset\n|-end|p1b: Dipset|Substitute\n|move|p2a: Baxcalibur|Ice Shard|p1a: Skarm\n|-supereffective|p1a: Skarm\n|-damage|p1a: Skarm|37\/100\n|-enditem|p1a: Skarm|Sitrus Berry|[eat]\n|-heal|p1a: Skarm|62\/100|[from] item: Sitrus Berry\n|move|p1b: Dipset|Shadow Ball|p2a: Baxcalibur\n|-damage|p2a: Baxcalibur|14\/100\n|\n|upkeep\n|turn|6\n|\n|t:|1681759252\n|switch|p1a: Grauwind|Arcanine, L50, M, tera:Grass|49\/100\n|-ability|p1a: Grauwind|Intimidate|boost\n|-fail|p2a: Baxcalibur|unboost|[from] item: Clear Amulet|[of] p2a: Baxcalibur\n|-unboost|p2b: Palafin|atk|1\n|move|p1b: Dipset|Protect|p1b: Dipset\n|-singleturn|p1b: Dipset|Protect\n|move|p2b: Palafin|Jet Punch|p1b: Dipset\n|-activate|p1b: Dipset|move: Protect\n|move|p2a: Baxcalibur|Icicle Crash|p1a: Grauwind\n|-supereffective|p1a: Grauwind\n|-damage|p1a: Grauwind|0 fnt\n|faint|p1a: Grauwind\n|\n|upkeep\n|\n|t:|1681759268\n|switch|p1a: Floa|Palafin-Hero, L50, F|100\/100\n|-activate|p1a: Floa|ability: Zero to Hero\n|turn|7\n|\n|t:|1681759283\n|-end|p1b: Dipset|Protosynthesis|[silent]\n|switch|p1b: Skarm|Amoonguss, L50, M|95\/100\n|move|p2a: Baxcalibur|Protect|p2a: Baxcalibur\n|-singleturn|p2a: Baxcalibur|Protect\n|move|p2b: Palafin|Jet Punch|p1b: Skarm\n|-resisted|p1b: Skarm\n|-damage|p1b: Skarm|84\/100\n|move|p1a: Floa|Jet Punch|p2a: Baxcalibur\n|-activate|p2a: Baxcalibur|move: Protect\n|\n|upkeep\n|turn|8\n|\n|t:|1681759309\n|switch|p2b: Arcanine|Arcanine, L50, F|31\/100\n|-ability|p2b: Arcanine|Intimidate|boost\n|-unboost|p1a: Floa|atk|1\n|-unboost|p1b: Skarm|atk|1\n|switch|p1b: Dipset|Flutter Mane, L50|21\/100\n|move|p1a: Floa|Jet Punch|p2a: Baxcalibur\n|-resisted|p2a: Baxcalibur\n|-damage|p2a: Baxcalibur|1\/100\n|move|p2a: Baxcalibur|Ice Shard|p1b: Dipset\n|-damage|p1b: Dipset|0 fnt\n|faint|p1b: Dipset\n|-end|p1b: Dipset|Protosynthesis|[silent]\n|\n|upkeep\n|c|\u2606Goldjunge1994|das gibts doch nicht :D\n|\n|t:|1681759327\n|switch|p1b: Skarm|Amoonguss, L50, M|100\/100\n|turn|9\n|c|\u2606gohan92|haha mies\n|c|\u2606gohan92|ttut mir echt leid\n|\n|t:|1681759349\n|switch|p2b: Amoonguss|Amoonguss, L50, F|100\/100\n|move|p1a: Floa|Protect|p1a: Floa\n|-singleturn|p1a: Floa|Protect\n|move|p2a: Baxcalibur|Protect|p2a: Baxcalibur\n|-singleturn|p2a: Baxcalibur|Protect\n|move|p1b: Skarm|Protect||[still]\n|-fail|p1b: Skarm\n|\n|upkeep\n|turn|10\n|\n|t:|1681759367\n|move|p2b: Amoonguss|Rage Powder|p2b: Amoonguss\n|-singleturn|p2b: Amoonguss|move: Rage Powder\n|move|p1a: Floa|Taunt|p2b: Amoonguss\n|-start|p2b: Amoonguss|move: Taunt\n|move|p2a: Baxcalibur|Icicle Crash|p1b: Skarm|[miss]\n|-miss|p2a: Baxcalibur|p1b: Skarm\n|move|p1b: Skarm|Pollen Puff|p2a: Baxcalibur\n|-damage|p2a: Baxcalibur|0 fnt\n|faint|p2a: Baxcalibur\n|\n|upkeep\n|\n|t:|1681759377\n|switch|p2a: Arcanine|Arcanine, L50, F|31\/100\n|-ability|p2a: Arcanine|Intimidate|boost\n|-unboost|p1a: Floa|atk|1\n|-unboost|p1b: Skarm|atk|1\n|turn|11\n|c|\u2606gohan92|da war die rache haha\n|\n|t:|1681759403\n|-terastallize|p2a: Arcanine|Grass\n|move|p1a: Floa|Jet Punch|p2a: Arcanine\n|-resisted|p2a: Arcanine\n|-damage|p2a: Arcanine|18\/100\n|move|p2a: Arcanine|Will-O-Wisp|p1a: Floa\n|-status|p1a: Floa|brn\n|move|p2b: Amoonguss|Pollen Puff|p2a: Arcanine\n|-heal|p2a: Arcanine|68\/100\n|move|p1b: Skarm|Spore|p2a: Arcanine\n|-immune|p2a: Arcanine\n|\n|-damage|p1a: Floa|95\/100 brn|[from] brn\n|upkeep\n|turn|12\n|c|\u2606Goldjunge1994|die kam zu sp\u00e4t\n|\n|t:|1681759423\n|move|p2a: Arcanine|Flare Blitz|p1b: Skarm\n|-supereffective|p1b: Skarm\n|-damage|p1b: Skarm|24\/100\n|-status|p1b: Skarm|brn\n|-damage|p2a: Arcanine|40\/100|[from] Recoil\n|move|p1a: Floa|Wave Crash|p2a: Arcanine\n|-resisted|p2a: Arcanine\n|-damage|p2a: Arcanine|28\/100\n|-damage|p1a: Floa|91\/100 brn|[from] Recoil\n|move|p2b: Amoonguss|Pollen Puff|p2a: Arcanine\n|-heal|p2a: Arcanine|78\/100\n|move|p1b: Skarm|Pollen Puff|p2a: Arcanine\n|-supereffective|p2a: Arcanine\n|-damage|p2a: Arcanine|41\/100\n|\n|-damage|p1a: Floa|85\/100 brn|[from] brn\n|-damage|p1b: Skarm|19\/100 brn|[from] brn\n|upkeep\n|turn|13\n|c|\u2606Goldjunge1994|ich gebe auf\n|c|\u2606Goldjunge1994|du kannst ja wieder speichern\n|c|\u2606gohan92|alles klar\n|-message|Goldjunge1994 forfeited.\n|\n|win|gohan92\n|l|\u2606Goldjunge1994\n|c|\u2606gohan92|ja mach ich\n","uploadtime":1681759458,"views":8,"p1id":"goldjunge1994","p2id":"gohan92","formatid":"gen9vgc2023regulationc","rating":0,"private":0,"password":""}