{"id":"gen9vgc2023regulationc-1844968519","p1":"CoolSpot_VGC","p2":"trex0928","format":"[Gen 9] VGC 2023 Regulation C","log":"|j|\u2606CoolSpot_VGC\n|j|\u2606trex0928\n|t:|1681669264\n|gametype|doubles\n|player|p1|CoolSpot_VGC|bellelba|1304\n|player|p2|trex0928|2|1400\n|teamsize|p1|6\n|teamsize|p2|6\n|gen|9\n|tier|[Gen 9] VGC 2023 Regulation C\n|rated|\n|rule|Species Clause: Limit one of each Pok\u00e9mon\n|rule|Item Clause: Limit one of each item\n|clearpoke\n|poke|p1|Klefki, L50, M|\n|poke|p1|Chien-Pao, L50|\n|poke|p1|Tyranitar, L50, F|\n|poke|p1|Amoonguss, L50, F|\n|poke|p1|Flutter Mane, L50|\n|poke|p1|Gyarados, L50, M|\n|poke|p2|Great Tusk, L50|\n|poke|p2|Talonflame, L50, F|\n|poke|p2|Chi-Yu, L50|\n|poke|p2|Flutter Mane, L50|\n|poke|p2|Kingambit, L50, F|\n|poke|p2|Iron Bundle, L50|\n|teampreview|4\n|inactive|Battle timer is ON: inactive players will automatically lose when time's up. (requested by trex0928)\nCoolSpot_VGC has agreed to open team sheets.\ntrex0928 has agreed to open team sheets.\n|inactive|CoolSpot_VGC has 60 seconds left.\n|inactive|trex0928 has 60 seconds left.\n|inactive|trex0928 has 30 seconds left.\n|\n|t:|1681669326\n|start\n|switch|p1a: Klefki|Klefki, L50, M|100\/100\n|switch|p1b: Tyranitar|Tyranitar, L50, F|100\/100\n|switch|p2a: Iron Bundle|Iron Bundle, L50|100\/100\n|switch|p2b: Kingambit|Kingambit, L50, F|100\/100\n|-weather|Sandstorm|[from] ability: Sand Stream|[of] p1b: Tyranitar\n|-enditem|p2a: Iron Bundle|Booster Energy\n|-activate|p2a: Iron Bundle|ability: Quark Drive|[fromitem]\n|-start|p2a: Iron Bundle|quarkdrivespe\n|turn|1\n|inactive|CoolSpot_VGC has 30 seconds left.\n|inactive|CoolSpot_VGC has 20 seconds left.\n|inactive|CoolSpot_VGC has 15 seconds left.\n|inactive|trex0928 has 30 seconds left.\n|inactive|CoolSpot_VGC has 10 seconds left.\n|\n|t:|1681669374\n|-end|p2a: Iron Bundle|Quark Drive|[silent]\n|switch|p2a: Great Tusk|Great Tusk, L50|100\/100\n|-terastallize|p1b: Tyranitar|Flying\n|move|p1a: Klefki|Reflect|p1a: Klefki\n|-sidestart|p1: CoolSpot_VGC|Reflect\n|move|p1b: Tyranitar|Low Kick|p2b: Kingambit\n|-supereffective|p2b: Kingambit\n|-damage|p2b: Kingambit|0 fnt\n|faint|p2b: Kingambit\n|\n|-weather|Sandstorm|[upkeep]\n|-damage|p1b: Tyranitar|95\/100|[from] Sandstorm\n|upkeep\n|\n|t:|1681669390\n|switch|p2b: Talonflame|Talonflame, L50, F|100\/100\n|turn|2\n|\n|t:|1681669412\n|switch|p1a: Gyarados|Gyarados, L50, M|100\/100\n|-ability|p1a: Gyarados|Intimidate|boost\n|-unboost|p2a: Great Tusk|atk|1\n|-unboost|p2b: Talonflame|atk|1\n|move|p2b: Talonflame|Will-O-Wisp|p1b: Tyranitar|[miss]\n|-miss|p2b: Talonflame|p1b: Tyranitar\n|move|p2a: Great Tusk|Earthquake|p1b: Tyranitar|[spread] \n|-immune|p2b: Talonflame\n|-immune|p1a: Gyarados\n|-immune|p1b: Tyranitar\n|move|p1b: Tyranitar|Tera Blast|p2a: Great Tusk\n|-supereffective|p2a: Great Tusk\n|-damage|p2a: Great Tusk|36\/100\n|\n|-weather|Sandstorm|[upkeep]\n|-damage|p2b: Talonflame|95\/100|[from] Sandstorm\n|-damage|p1a: Gyarados|95\/100|[from] Sandstorm\n|-damage|p1b: Tyranitar|89\/100|[from] Sandstorm\n|upkeep\n|turn|3\n|\n|t:|1681669433\n|switch|p2b: Iron Bundle|Iron Bundle, L50|100\/100\n|move|p2a: Great Tusk|Close Combat|p1b: Tyranitar\n|-resisted|p1b: Tyranitar\n|-damage|p1b: Tyranitar|74\/100\n|-unboost|p2a: Great Tusk|def|1\n|-unboost|p2a: Great Tusk|spd|1\n|-damage|p2a: Great Tusk|26\/100|[from] item: Life Orb\n|move|p1a: Gyarados|Waterfall|p2b: Iron Bundle\n|-resisted|p2b: Iron Bundle\n|-damage|p2b: Iron Bundle|80\/100\n|move|p1b: Tyranitar|Tera Blast|p2a: Great Tusk\n|-supereffective|p2a: Great Tusk\n|-damage|p2a: Great Tusk|0 fnt\n|faint|p2a: Great Tusk\n|-end|p2a: Great Tusk|Protosynthesis|[silent]\n|\n|-weather|Sandstorm|[upkeep]\n|-damage|p2b: Iron Bundle|74\/100|[from] Sandstorm\n|-damage|p1a: Gyarados|89\/100|[from] Sandstorm\n|-damage|p1b: Tyranitar|68\/100|[from] Sandstorm\n|upkeep\n|\n|t:|1681669439\n|switch|p2a: Talonflame|Talonflame, L50, F|95\/100\n|turn|4\n|\n|t:|1681669452\n|switch|p1a: Klefki|Klefki, L50, M|100\/100\n|move|p2b: Iron Bundle|Freeze-Dry|p1a: Klefki\n|-resisted|p1a: Klefki\n|-damage|p1a: Klefki|82\/100\n|move|p2a: Talonflame|Will-O-Wisp|p1b: Tyranitar\n|-status|p1b: Tyranitar|brn\n|move|p1b: Tyranitar|Rock Slide|p2a: Talonflame|[spread] p2a,p2b\n|-supereffective|p2a: Talonflame\n|-supereffective|p2b: Iron Bundle\n|-damage|p2a: Talonflame|6\/100\n|-damage|p2b: Iron Bundle|36\/100\n|\n|-weather|Sandstorm|[upkeep]\n|-damage|p2b: Iron Bundle|31\/100|[from] Sandstorm\n|-damage|p2a: Talonflame|0 fnt|[from] Sandstorm\n|-damage|p1b: Tyranitar|63\/100 brn|[from] Sandstorm\n|faint|p2a: Talonflame\n|-damage|p1b: Tyranitar|57\/100 brn|[from] brn\n|upkeep\n|turn|5\n|-message|trex0928 forfeited.\n|\n|win|CoolSpot_VGC\n|raw|CoolSpot_VGC's rating: 1304 → 1329<\/strong> (+25 for winning)\n|raw|trex0928's rating: 1400 → 1375<\/strong> (-25 for losing)\n|l|\u2606trex0928\n","uploadtime":1681669466,"views":7,"p1id":"coolspotvgc","p2id":"trex0928","formatid":"gen9vgc2023regulationc","rating":1329,"private":0,"password":""}