{"id":"gen9vgc2023regulationc-1856812364","p1":"Amongus6789","p2":"StevyPKM","format":"[Gen 9] VGC 2023 Regulation C","log":"|j|\u2606Amongus6789\n|j|\u2606StevyPKM\n|t:|1683114851\n|gametype|doubles\n|player|p1|Amongus6789|ingo|1112\n|player|p2|StevyPKM|hilbert|1045\n|teamsize|p1|6\n|teamsize|p2|6\n|gen|9\n|tier|[Gen 9] VGC 2023 Regulation C\n|rated|\n|rule|Species Clause: Limit one of each Pok\u00e9mon\n|rule|Item Clause: Limit one of each item\n|clearpoke\n|poke|p1|Ampharos, L50, M|\n|poke|p1|Luxray, L50, M|\n|poke|p1|Scizor, L50, M|\n|poke|p1|Eelektross, L50, M|\n|poke|p1|Electrode, L50|\n|poke|p1|Iron Thorns, L50|\n|poke|p2|Amoonguss, L50, F|\n|poke|p2|Chi-Yu, L50|\n|poke|p2|Gyarados, L50, F|\n|poke|p2|Corviknight, L50, F|\n|poke|p2|Flutter Mane, L50|\n|poke|p2|Baxcalibur, L50, F|\n|teampreview|4\n|inactive|Battle timer is ON: inactive players will automatically lose when time's up. (requested by Amongus6789)\nAmongus6789 rejected open team sheets.\n|inactive|StevyPKM has 60 seconds left.\n|\n|t:|1683114885\n|start\n|switch|p1a: Shep|Ampharos, L50, M|100\/100\n|switch|p1b: Kitty|Luxray, L50, M|100\/100\n|switch|p2a: Amoonguss|Amoonguss, L50, F|100\/100\n|switch|p2b: Flutter Mane|Flutter Mane, L50|100\/100\n|-ability|p1b: Kitty|Intimidate|boost\n|-unboost|p2a: Amoonguss|atk|1\n|-unboost|p2b: Flutter Mane|atk|1\n|-enditem|p2b: Flutter Mane|Booster Energy\n|-activate|p2b: Flutter Mane|ability: Protosynthesis|[fromitem]\n|-start|p2b: Flutter Mane|protosynthesisspa\n|turn|1\n|inactive|StevyPKM has 30 seconds left.\n|\n|t:|1683114917\n|move|p2b: Flutter Mane|Shadow Ball|p1b: Kitty\n|-damage|p1b: Kitty|49\/100\n|move|p1b: Kitty|Snarl|p2a: Amoonguss|[spread] p2a,p2b\n|-damage|p2a: Amoonguss|93\/100\n|-damage|p2b: Flutter Mane|91\/100\n|-unboost|p2a: Amoonguss|spa|1\n|-unboost|p2b: Flutter Mane|spa|1\n|move|p1a: Shep|Power Gem|p2a: Amoonguss\n|-damage|p2a: Amoonguss|72\/100\n|move|p2a: Amoonguss|Spore|p1a: Shep\n|-status|p1a: Shep|slp|[from] move: Spore\n|\n|upkeep\n|turn|2\n|\n|t:|1683114937\n|-end|p2b: Flutter Mane|Protosynthesis|[silent]\n|switch|p2b: Baxcalibur|Baxcalibur, L50, F|100\/100\n|move|p2a: Amoonguss|Rage Powder|p2a: Amoonguss\n|-singleturn|p2a: Amoonguss|move: Rage Powder\n|move|p1b: Kitty|Snarl|p2a: Amoonguss|[spread] p2a,p2b\n|-damage|p2a: Amoonguss|65\/100\n|-damage|p2b: Baxcalibur|90\/100\n|-unboost|p2a: Amoonguss|spa|1\n|-unboost|p2b: Baxcalibur|spa|1\n|cant|p1a: Shep|slp\n|\n|upkeep\n|turn|3\n|\n|t:|1683114955\n|move|p2b: Baxcalibur|Swords Dance|p2b: Baxcalibur\n|-boost|p2b: Baxcalibur|atk|2\n|move|p1b: Kitty|Thunder Wave|p2b: Baxcalibur\n|-status|p2b: Baxcalibur|par\n|cant|p1a: Shep|slp\n|move|p2a: Amoonguss|Pollen Puff|p2b: Baxcalibur\n|-heal|p2b: Baxcalibur|100\/100 par\n|\n|upkeep\n|turn|4\n|\n|t:|1683114974\n|move|p1b: Kitty|Psychic Fangs|p2a: Amoonguss\n|-supereffective|p2a: Amoonguss\n|-damage|p2a: Amoonguss|27\/100\n|move|p2b: Baxcalibur|Icicle Spear|p1a: Shep\n|-damage|p1a: Shep|68\/100 slp\n|-damage|p1a: Shep|36\/100 slp\n|-damage|p1a: Shep|6\/100 slp\n|-damage|p1a: Shep|0 fnt\n|faint|p1a: Shep\n|-hitcount|p1: Shep|4\n|move|p2a: Amoonguss|Pollen Puff|p2b: Baxcalibur\n|-immune|p2b: Baxcalibur\n|\n|upkeep\n|\n|t:|1683114981\n|switch|p1a: Lobsta|Scizor, L50, M|100\/100\n|turn|5\n|\n|t:|1683114995\n|move|p2a: Amoonguss|Rage Powder|p2a: Amoonguss\n|-singleturn|p2a: Amoonguss|move: Rage Powder\n|move|p1b: Kitty|Psychic Fangs|p2a: Amoonguss\n|-supereffective|p2a: Amoonguss\n|-damage|p2a: Amoonguss|0 fnt\n|faint|p2a: Amoonguss\n|move|p1a: Lobsta|Swords Dance|p1a: Lobsta\n|-boost|p1a: Lobsta|atk|2\n|move|p2b: Baxcalibur|Icicle Spear|p1b: Kitty\n|-damage|p1b: Kitty|14\/100\n|-damage|p1b: Kitty|0 fnt\n|faint|p1b: Kitty\n|-hitcount|p1: Kitty|2\n|\n|upkeep\n|\n|t:|1683115010\n|switch|p1b: MT3|Iron Thorns, L50|100\/100\n|switch|p2a: Flutter Mane|Flutter Mane, L50|91\/100\n|turn|6\n|\n|t:|1683115030\n|-terastallize|p1b: MT3|Bug\n|move|p1a: Lobsta|Bullet Punch|p2b: Baxcalibur\n|-supereffective|p2b: Baxcalibur\n|-damage|p2b: Baxcalibur|0 fnt\n|faint|p2b: Baxcalibur\n|-damage|p1a: Lobsta|91\/100|[from] item: Life Orb\n|move|p2a: Flutter Mane|Thunderbolt|p1a: Lobsta\n|-damage|p1a: Lobsta|45\/100\n|-status|p1a: Lobsta|par\n|move|p1b: MT3|Dragon Dance|p1b: MT3\n|-boost|p1b: MT3|atk|1\n|-boost|p1b: MT3|spe|1\n|\n|upkeep\n|\n|t:|1683115042\n|switch|p2b: Corviknight|Corviknight, L50, F|100\/100\n|-ability|p2b: Corviknight|Unnerve\n|turn|7\n|\n|t:|1683115052\n|move|p1a: Lobsta|Bullet Punch|p2a: Flutter Mane\n|-supereffective|p2a: Flutter Mane\n|-damage|p2a: Flutter Mane|0 fnt\n|faint|p2a: Flutter Mane\n|-end|p2a: Flutter Mane|Protosynthesis|[silent]\n|-damage|p1a: Lobsta|35\/100 par|[from] item: Life Orb\n|move|p1b: MT3|Wild Charge|p2b: Corviknight\n|-supereffective|p2b: Corviknight\n|-damage|p2b: Corviknight|0 fnt\n|faint|p2b: Corviknight\n|-damage|p1b: MT3|71\/100|[from] Recoil\n|\n|win|Amongus6789\n|raw|Amongus6789's rating: 1112 → 1132<\/strong> (+20 for winning)\n|raw|StevyPKM's rating: 1045 → 1031<\/strong> (-14 for losing)\n|l|\u2606StevyPKM\n","uploadtime":1683115065,"views":14,"p1id":"amongus6789","p2id":"stevypkm","formatid":"gen9vgc2023regulationc","rating":1031,"private":0,"password":""}