{"id":"gen9vgc2023regulationc-1857097876","p1":"kween11","p2":"Knightedsquirrel","format":"[Gen 9] VGC 2023 Regulation C","log":"|j|\u2606kween11\n|j|\u2606Knightedsquirrel\n|t:|1683145548\n|gametype|doubles\n|player|p1|kween11|266|1099\n|player|p2|Knightedsquirrel|169|1206\n|teamsize|p1|6\n|teamsize|p2|6\n|gen|9\n|tier|[Gen 9] VGC 2023 Regulation C\n|rated|\n|rule|Species Clause: Limit one of each Pok\u00e9mon\n|rule|Item Clause: Limit one of each item\n|clearpoke\n|poke|p1|Wo-Chien, L50|\n|poke|p1|Scizor, L50, F|\n|poke|p1|Sableye, L50, F|\n|poke|p1|Toxapex, L50, M|\n|poke|p1|Flutter Mane, L50|\n|poke|p1|Garganacl, L50, M|\n|poke|p2|Abomasnow, L50, M|\n|poke|p2|Iron Bundle, L50|\n|poke|p2|Rotom-Frost, L50|\n|poke|p2|Iron Hands, L50|\n|poke|p2|Arcanine, L50, F|\n|poke|p2|Dugtrio, L50, M|\n|teampreview|4\nKnightedsquirrel has agreed to open team sheets.\n|inactive|Battle timer is ON: inactive players will automatically lose when time's up. (requested by Knightedsquirrel)\n|\n|t:|1683145613\n|start\n|switch|p1a: Sableye|Sableye, L50, F|100\/100\n|switch|p1b: Scizor|Scizor, L50, F, shiny|100\/100\n|switch|p2a: Arcanine|Arcanine, L50, F|100\/100\n|switch|p2b: Dugtrio|Dugtrio, L50, M|100\/100\n|-ability|p2a: Arcanine|Intimidate|boost\n|-unboost|p1a: Sableye|atk|1\n|-unboost|p1b: Scizor|atk|1\n|turn|1\n|inactive|kween11 has 30 seconds left.\n|inactive|kween11 has 20 seconds left.\n|\n|t:|1683145649\n|move|p2b: Dugtrio|Protect|p2b: Dugtrio\n|-singleturn|p2b: Dugtrio|Protect\n|move|p2a: Arcanine|Protect|p2a: Arcanine\n|-singleturn|p2a: Arcanine|Protect\n|move|p1b: Scizor|Protect|p1b: Scizor\n|-singleturn|p1b: Scizor|Protect\n|move|p1a: Sableye|Reflect|p1a: Sableye\n|-sidestart|p1: kween11|Reflect\n|\n|upkeep\n|turn|2\n|inactive|Knightedsquirrel has 30 seconds left.\n|\n|t:|1683145675\n|-terastallize|p1b: Scizor|Water\n|move|p2b: Dugtrio|Sucker Punch|p1b: Scizor\n|-damage|p1b: Scizor|87\/100\n|move|p1a: Sableye|Light Screen|p1a: Sableye\n|-sidestart|p1: kween11|move: Light Screen\n|move|p2a: Arcanine|Will-O-Wisp|p1b: Scizor\n|-status|p1b: Scizor|brn\n|move|p1b: Scizor|Close Combat|p2b: Dugtrio\n|-damage|p2b: Dugtrio|53\/100\n|-unboost|p1b: Scizor|def|1\n|-unboost|p1b: Scizor|spd|1\n|-damage|p1b: Scizor|77\/100 brn|[from] item: Life Orb\n|\n|-damage|p1b: Scizor|72\/100 brn|[from] brn\n|upkeep\n|turn|3\n|\n|t:|1683145697\n|switch|p2a: Rotom|Rotom-Frost, L50|100\/100\n|-terastallize|p2b: Dugtrio|Ground\n|move|p1a: Sableye|Disable|p2b: Dugtrio\n|-start|p2b: Dugtrio|Disable|Sucker Punch\n|move|p2b: Dugtrio|Earthquake|p1b: Scizor|[spread] p1a,p1b\n|-immune|p2a: Rotom|[from] ability: Levitate\n|-damage|p1a: Sableye|58\/100\n|-damage|p1b: Scizor|27\/100 brn\n|move|p1b: Scizor|U-turn|p2b: Dugtrio\n|-damage|p2b: Dugtrio|13\/100\n|-damage|p1b: Scizor|18\/100 brn|[from] item: Life Orb\n|\n|t:|1683145720\n|switch|p1b: Toxapex|Toxapex, L50, M, shiny|100\/100|[from] U-turn\n|\n|upkeep\n|turn|4\n|\n|t:|1683145742\n|move|p1b: Toxapex|Wide Guard|p1b: Toxapex\n|-singleturn|p1b: Toxapex|Wide Guard\n|move|p1a: Sableye|Shadow Sneak|p2b: Dugtrio\n|-damage|p2b: Dugtrio|0 fnt\n|faint|p2b: Dugtrio\n|move|p2a: Rotom|Nasty Plot|p2a: Rotom\n|-boost|p2a: Rotom|spa|2\n|\n|upkeep\n|\n|t:|1683145751\n|switch|p2b: Abomasnow|Abomasnow, L50, M|100\/100\n|-weather|Snow|[from] ability: Snow Warning|[of] p2b: Abomasnow\n|turn|5\n|inactive|kween11 has 30 seconds left.\n|\n|t:|1683145782\n|switch|p1a: Scizor|Scizor, L50, F, shiny, tera:Water|18\/100 brn\n|move|p2a: Rotom|Nasty Plot|p2a: Rotom\n|-boost|p2a: Rotom|spa|2\n|move|p2b: Abomasnow|Earth Power|p1b: Toxapex\n|-supereffective|p1b: Toxapex\n|-damage|p1b: Toxapex|68\/100\n|-unboost|p1b: Toxapex|spd|1\n|move|p1b: Toxapex|Infestation|p2b: Abomasnow\n|-supereffective|p2b: Abomasnow\n|-damage|p2b: Abomasnow|93\/100\n|-activate|p2b: Abomasnow|move: Infestation|[of] p1b: Toxapex\n|-enditem|p2b: Abomasnow|Weakness Policy\n|-boost|p2b: Abomasnow|atk|2|[from] item: Weakness Policy\n|-boost|p2b: Abomasnow|spa|2|[from] item: Weakness Policy\n|\n|-weather|Snow|[upkeep]\n|-heal|p1b: Toxapex|74\/100|[from] item: Black Sludge\n|-damage|p1a: Scizor|12\/100 brn|[from] brn\n|-damage|p2b: Abomasnow|81\/100|[from] move: Infestation|[partiallytrapped]\n|upkeep\n|turn|6\n|inactive|kween11 has 30 seconds left.\n|inactive|Knightedsquirrel has 30 seconds left.\n|inactive|kween11 has 20 seconds left.\n|inactive|kween11 has 15 seconds left.\n|\n|t:|1683145824\n|move|p2b: Abomasnow|Protect|p2b: Abomasnow\n|-singleturn|p2b: Abomasnow|Protect\n|move|p1b: Toxapex|Baneful Bunker|p1b: Toxapex\n|-singleturn|p1b: Toxapex|move: Protect\n|move|p1a: Scizor|Bullet Punch|p2b: Abomasnow\n|-activate|p2b: Abomasnow|move: Protect\n|move|p2a: Rotom|Thunderbolt|p1b: Toxapex\n|-activate|p1b: Toxapex|move: Protect\n|\n|-weather|Snow|[upkeep]\n|-heal|p1b: Toxapex|79\/100|[from] item: Black Sludge\n|-damage|p1a: Scizor|6\/100 brn|[from] brn\n|-damage|p2b: Abomasnow|69\/100|[from] move: Infestation|[partiallytrapped]\n|upkeep\n|turn|7\n|inactive|kween11 has 30 seconds left.\n|inactive|Knightedsquirrel has 30 seconds left.\n|inactive|kween11 has 20 seconds left.\n|inactive|Knightedsquirrel has 20 seconds left.\n|inactive|kween11 has 15 seconds left.\n|inactive|kween11 has 10 seconds left.\n|\n|t:|1683145873\n|move|p1a: Scizor|Bullet Punch|p2b: Abomasnow\n|-supereffective|p2b: Abomasnow\n|-damage|p2b: Abomasnow|36\/100\n|-damage|p1a: Scizor|0 fnt|[from] item: Life Orb\n|faint|p1a: Scizor\n|move|p2a: Rotom|Thunderbolt|p1b: Toxapex\n|-supereffective|p1b: Toxapex\n|-damage|p1b: Toxapex|0 fnt\n|faint|p1b: Toxapex\n|move|p2b: Abomasnow|Blizzard|p1: Scizor|[notarget]\n|-fail|p2b: Abomasnow\n|\n|-weather|Snow|[upkeep]\n|-end|p2b: Abomasnow|Infestation|[partiallytrapped]|[silent]\n|upkeep\n|\n|t:|1683145887\n|switch|p1a: Wo-Chien|Wo-Chien, L50|100\/100\n|switch|p1b: Sableye|Sableye, L50, F|58\/100\n|-ability|p1a: Wo-Chien|Tablets of Ruin\n|turn|8\n|inactive|kween11 has 30 seconds left.\n|\n|t:|1683145917\n|move|p1b: Sableye|Disable|p2b: Abomasnow\n|-start|p2b: Abomasnow|Disable|Blizzard\n|move|p2a: Rotom|Blizzard|p1a: Wo-Chien|[spread] p1a,p1b\n|-supereffective|p1a: Wo-Chien\n|-damage|p1a: Wo-Chien|0 fnt\n|-damage|p1b: Sableye|0 fnt\n|faint|p1a: Wo-Chien\n|faint|p1b: Sableye\n|\n|win|Knightedsquirrel\n|raw|kween11's rating: 1099 → 1082<\/strong> (-17 for losing)\n|raw|Knightedsquirrel's rating: 1206 → 1224<\/strong> (+18 for winning)\n|l|\u2606kween11\n|c|\u2606Knightedsquirrel|Team is shite\n","uploadtime":1683145937,"views":12,"p1id":"kween11","p2id":"knightedsquirrel","formatid":"gen9vgc2023regulationc","rating":1082,"private":0,"password":""}