{"id":"gen9vgc2023regulationc-1863336624","p1":"Drewtwo64","p2":"eeveenescence69XD","format":"[Gen 9] VGC 2023 Regulation C","log":"|j|\u2606Drewtwo64\n|j|\u2606eeveenescence69XD\n|t:|1684004116\n|gametype|doubles\n|player|p1|Drewtwo64|101|\n|player|p2|eeveenescence69XD|266|\n|teamsize|p1|6\n|teamsize|p2|6\n|gen|9\n|tier|[Gen 9] VGC 2023 Regulation C\n|rule|Species Clause: Limit one of each Pok\u00e9mon\n|rule|Item Clause: Limit one of each item\n|clearpoke\n|poke|p1|Ting-Lu, L50|\n|poke|p1|Maushold-Four, L50|\n|poke|p1|Annihilape, L50, M|\n|poke|p1|Dragonite, L50, M|\n|poke|p1|Chien-Pao, L50|\n|poke|p1|Flutter Mane, L50|\n|poke|p2|Glimmora, L50, F|\n|poke|p2|Wo-Chien, L50|\n|poke|p2|Gothitelle, L50, F|\n|poke|p2|Arcanine, L50, F|\n|poke|p2|Palafin, L50, F|\n|poke|p2|Flutter Mane, L50|\n|teampreview|4\neeveenescence69XD has agreed to open team sheets.\nDrewtwo64 has agreed to open team sheets.\n|l|\u2606Drewtwo64\n|player|p1|\n|l|\u2606eeveenescence69XD\n|player|p2|\n|j|\u2606Drewtwo64\n|player|p1|Drewtwo64|101\n|j|\u2606eeveenescence69XD\n|player|p2|eeveenescence69XD|266\n|\n|t:|1684004653\n|start\n|switch|p1a: Dragonite|Dragonite, L50, M|100\/100\n|switch|p1b: Annihilape|Annihilape, L50, M|100\/100\n|switch|p2a: BlowHoe|Palafin, L50, F, shiny|100\/100\n|switch|p2b: Shidder Mane|Flutter Mane, L50, shiny|100\/100\n|-enditem|p2b: Shidder Mane|Booster Energy\n|-activate|p2b: Shidder Mane|ability: Protosynthesis|[fromitem]\n|-start|p2b: Shidder Mane|protosynthesisspa\n|turn|1\n|\n|t:|1684004687\n|detailschange|p2a: BlowHoe|Palafin-Hero, L50, F, shiny\n|switch|p2a: Gary|Wo-Chien, L50|100\/100\n|-ability|p2a: Gary|Tablets of Ruin\n|move|p2b: Shidder Mane|Moonblast|p1b: Annihilape\n|-supereffective|p1b: Annihilape\n|-damage|p1b: Annihilape|0 fnt\n|faint|p1b: Annihilape\n|move|p1a: Dragonite|Tailwind|p1a: Dragonite\n|-sidestart|p1: Drewtwo64|move: Tailwind\n|\n|upkeep\n|\n|t:|1684004702\n|switch|p1b: Chien-Pao|Chien-Pao, L50|100\/100\n|-ability|p1b: Chien-Pao|Sword of Ruin\n|turn|2\n|\n|t:|1684004741\n|move|p1a: Dragonite|Extreme Speed|p2a: Gary\n|-crit|p2a: Gary\n|-damage|p2a: Gary|62\/100\n|move|p1b: Chien-Pao|Sucker Punch|p2b: Shidder Mane\n|-damage|p2b: Shidder Mane|45\/100\n|move|p2b: Shidder Mane|Moonblast|p1b: Chien-Pao\n|-supereffective|p1b: Chien-Pao\n|-enditem|p1b: Chien-Pao|Focus Sash\n|-damage|p1b: Chien-Pao|1\/100\n|-unboost|p1b: Chien-Pao|spa|1\n|move|p2a: Gary|Leech Seed|p1a: Dragonite\n|-start|p1a: Dragonite|move: Leech Seed\n|\n|-heal|p2a: Gary|69\/100|[from] item: Leftovers\n|-damage|p1a: Dragonite|88\/100|[from] Leech Seed|[of] p2a: Gary\n|-heal|p2a: Gary|81\/100|[silent]\n|upkeep\n|turn|3\n|\n|t:|1684004867\n|-end|p2b: Shidder Mane|Protosynthesis|[silent]\n|switch|p2b: BlowHoe|Palafin-Hero, L50, F, shiny|100\/100\n|-activate|p2b: BlowHoe|ability: Zero to Hero\n|move|p1b: Chien-Pao|Protect|p1b: Chien-Pao\n|-singleturn|p1b: Chien-Pao|Protect\n|move|p1a: Dragonite|Extreme Speed|p2a: Gary\n|-damage|p2a: Gary|58\/100\n|move|p2a: Gary|Leech Seed|p1b: Chien-Pao\n|-activate|p1b: Chien-Pao|move: Protect\n|\n|-heal|p2a: Gary|64\/100|[from] item: Leftovers\n|-damage|p1a: Dragonite|76\/100|[from] Leech Seed|[of] p2a: Gary\n|-heal|p2a: Gary|76\/100|[silent]\n|upkeep\n|turn|4\n|\n|t:|1684004907\n|switch|p1b: Ting-Lu|Ting-Lu, L50|100\/100\n|-ability|p1b: Ting-Lu|Vessel of Ruin\n|-terastallize|p2b: BlowHoe|Water\n|move|p2b: BlowHoe|Jet Punch|p1b: Ting-Lu\n|-supereffective|p1b: Ting-Lu\n|-damage|p1b: Ting-Lu|47\/100\n|move|p1a: Dragonite|Ice Spinner|p2a: Gary\n|-supereffective|p2a: Gary\n|-damage|p2a: Gary|43\/100\n|move|p2a: Gary|Foul Play|p1a: Dragonite\n|-damage|p1a: Dragonite|21\/100\n|\n|-heal|p2a: Gary|49\/100|[from] item: Leftovers\n|-damage|p1a: Dragonite|9\/100|[from] Leech Seed|[of] p2a: Gary\n|-heal|p2a: Gary|61\/100|[silent]\n|-sideend|p1: Drewtwo64|move: Tailwind\n|upkeep\n|turn|5\n|\n|t:|1684004986\n|move|p2a: Gary|Protect|p2a: Gary\n|-singleturn|p2a: Gary|Protect\n|move|p2b: BlowHoe|Jet Punch|p1b: Ting-Lu\n|-supereffective|p1b: Ting-Lu\n|-damage|p1b: Ting-Lu|0 fnt\n|faint|p1b: Ting-Lu\n|move|p1a: Dragonite|Tailwind|p1a: Dragonite\n|-sidestart|p1: Drewtwo64|move: Tailwind\n|\n|-heal|p2a: Gary|67\/100|[from] item: Leftovers\n|-damage|p1a: Dragonite|0 fnt|[from] Leech Seed|[of] p2a: Gary\n|-heal|p2a: Gary|76\/100|[silent]\n|faint|p1a: Dragonite\n|upkeep\n|\n|t:|1684005014\n|switch|p1a: Chien-Pao|Chien-Pao, L50|1\/100\n|-ability|p1a: Chien-Pao|Sword of Ruin\n|turn|6\n|\n|t:|1684005031\n|move|p1a: Chien-Pao|Sucker Punch||[still]\n|-fail|p1a: Chien-Pao\n|move|p2b: BlowHoe|Jet Punch|p1a: Chien-Pao\n|-damage|p1a: Chien-Pao|0 fnt\n|faint|p1a: Chien-Pao\n|\n|win|eeveenescence69XD\n","uploadtime":1684005039,"views":7,"p1id":"drewtwo64","p2id":"eeveenescence69xd","formatid":"gen9vgc2023regulationc","rating":0,"private":0,"password":""}