{"id":"gen9vgc2023regulationc-1863444458","p1":"SATMaofever","p2":"CoolGummyBear","format":"[Gen 9] VGC 2023 Regulation C","log":"|j|\u2606SATMaofever\n|j|\u2606CoolGummyBear\n|t:|1684018033\n|gametype|doubles\n|player|p1|SATMaofever|viola|\n|player|p2|CoolGummyBear|169|\n|teamsize|p1|6\n|teamsize|p2|6\n|gen|9\n|tier|[Gen 9] VGC 2023 Regulation C\n|rule|Species Clause: Limit one of each Pok\u00e9mon\n|rule|Item Clause: Limit one of each item\n|clearpoke\n|poke|p1|Umbreon, L50, M|\n|poke|p1|Hippowdon, L50, F|\n|poke|p1|Toedscruel, L50, M|\n|poke|p1|Salazzle, L50, F|\n|poke|p1|Slowking, L50, M|\n|poke|p1|Naclstack, L50, F|\n|poke|p2|Kilowattrel, L50, F|\n|poke|p2|Pincurchin, L50, F|\n|poke|p2|Hawlucha, L50, M|\n|poke|p2|Barraskewda, L50, M|\n|poke|p2|Cyclizar, L50, M|\n|poke|p2|Florges, L50, F|\n|teampreview|4\n|c|\u2606CoolGummyBear|my team was made by chatgpt\n|c|\u2606CoolGummyBear|glhf\n|c|\u2606SATMaofever|glhf\nSATMaofever rejected open team sheets.\n|j| Griffin07\n|\n|t:|1684018186\n|start\n|switch|p1a: sneedchungus|Naclstack, L50, F|100\/100\n|switch|p1b: Bam Ba Lam|Hippowdon, L50, F|100\/100\n|switch|p2a: Hawlucha|Hawlucha, L50, M|100\/100\n|switch|p2b: Pincurchin|Pincurchin, L50, F|100\/100\n|-weather|Sandstorm|[from] ability: Sand Stream|[of] p1b: Bam Ba Lam\n|-fieldstart|move: Electric Terrain|[from] ability: Electric Surge|[of] p2b: Pincurchin\n|-enditem|p2a: Hawlucha|Electric Seed\n|-boost|p2a: Hawlucha|def|1|[from] item: Electric Seed\n|turn|1\n|\n|t:|1684018286\n|switch|p1a: aha bad joke time|Slowking, L50, M|100\/100\n|-terastallize|p2a: Hawlucha|Fighting\n|move|p2a: Hawlucha|Close Combat|p1a: aha bad joke time\n|-resisted|p1a: aha bad joke time\n|-damage|p1a: aha bad joke time|71\/100\n|-unboost|p2a: Hawlucha|def|1\n|-unboost|p2a: Hawlucha|spd|1\n|move|p1b: Bam Ba Lam|Yawn|p2a: Hawlucha\n|-activate|p2a: Hawlucha|move: Electric Terrain\n|move|p2b: Pincurchin|Chilling Water|p1b: Bam Ba Lam\n|-supereffective|p1b: Bam Ba Lam\n|-damage|p1b: Bam Ba Lam|81\/100\n|-unboost|p1b: Bam Ba Lam|atk|1\n|\n|-weather|Sandstorm|[upkeep]\n|-damage|p2a: Hawlucha|95\/100|[from] Sandstorm\n|-damage|p2b: Pincurchin|95\/100|[from] Sandstorm\n|upkeep\n|turn|2\n|\n|t:|1684018344\n|switch|p2a: Kilowattrel|Kilowattrel, L50, F|100\/100\n|move|p1b: Bam Ba Lam|Sand Tomb|p2a: Kilowattrel\n|-immune|p2a: Kilowattrel\n|move|p2b: Pincurchin|Chilling Water|p1b: Bam Ba Lam\n|-supereffective|p1b: Bam Ba Lam\n|-damage|p1b: Bam Ba Lam|62\/100\n|-unboost|p1b: Bam Ba Lam|atk|1\n|move|p1a: aha bad joke time|Psyshock|p2a: Kilowattrel\n|-damage|p2a: Kilowattrel|36\/100\n|\n|-weather|Sandstorm|[upkeep]\n|-damage|p2a: Kilowattrel|30\/100|[from] Sandstorm\n|-damage|p2b: Pincurchin|89\/100|[from] Sandstorm\n|upkeep\n|turn|3\n|\n|t:|1684018420\n|switch|p1a: SaGOAT|Umbreon, L50, M, shiny|100\/100\n|move|p2a: Kilowattrel|Volt Switch|p1a: SaGOAT\n|-damage|p1a: SaGOAT|75\/100\n|-damage|p2a: Kilowattrel|20\/100|[from] item: Life Orb\n|\n|t:|1684018428\n|switch|p2a: Hawlucha|Hawlucha, L50, M, tera:Fighting|95\/100|[from] Volt Switch\n|move|p1b: Bam Ba Lam|Stealth Rock|p2a: Hawlucha\n|-sidestart|p2: CoolGummyBear|move: Stealth Rock\n|move|p2b: Pincurchin|Chilling Water|p1b: Bam Ba Lam\n|-supereffective|p1b: Bam Ba Lam\n|-damage|p1b: Bam Ba Lam|43\/100\n|-unboost|p1b: Bam Ba Lam|atk|1\n|\n|-weather|Sandstorm|[upkeep]\n|-damage|p2a: Hawlucha|89\/100|[from] Sandstorm\n|-damage|p1a: SaGOAT|69\/100|[from] Sandstorm\n|-damage|p2b: Pincurchin|83\/100|[from] Sandstorm\n|-heal|p1a: SaGOAT|75\/100|[from] item: Leftovers\n|upkeep\n|turn|4\n|\n|t:|1684018533\n|switch|p1a: aha bad joke time|Slowking, L50, M|100\/100\n|move|p1b: Bam Ba Lam|Protect|p1b: Bam Ba Lam\n|-singleturn|p1b: Bam Ba Lam|Protect\n|move|p2a: Hawlucha|Close Combat|p1a: aha bad joke time\n|-resisted|p1a: aha bad joke time\n|-damage|p1a: aha bad joke time|71\/100\n|-unboost|p2a: Hawlucha|def|1\n|-unboost|p2a: Hawlucha|spd|1\n|move|p2b: Pincurchin|Chilling Water|p1b: Bam Ba Lam\n|-activate|p1b: Bam Ba Lam|move: Protect\n|\n|-weather|Sandstorm|[upkeep]\n|-damage|p2a: Hawlucha|83\/100|[from] Sandstorm\n|-damage|p2b: Pincurchin|77\/100|[from] Sandstorm\n|upkeep\n|turn|5\n|\n|t:|1684018566\n|switch|p2a: Barraskewda|Barraskewda, L50, M|100\/100\n|-damage|p2a: Barraskewda|88\/100|[from] Stealth Rock\n|move|p1b: Bam Ba Lam|Sand Tomb|p2b: Pincurchin\n|-supereffective|p2b: Pincurchin\n|-damage|p2b: Pincurchin|68\/100\n|-activate|p2b: Pincurchin|move: Sand Tomb|[of] p1b: Bam Ba Lam\n|move|p2b: Pincurchin|Chilling Water|p1b: Bam Ba Lam\n|-supereffective|p1b: Bam Ba Lam\n|-damage|p1b: Bam Ba Lam|24\/100\n|-unboost|p1b: Bam Ba Lam|atk|1\n|move|p1a: aha bad joke time|Psyshock|p2a: Barraskewda\n|-damage|p2a: Barraskewda|25\/100\n|\n|-weather|none\n|-damage|p2b: Pincurchin|52\/100|[from] move: Sand Tomb|[partiallytrapped]\n|-fieldend|move: Electric Terrain\n|upkeep\n|turn|6\n|\n|t:|1684018615\n|switch|p1b: SaGOAT|Umbreon, L50, M, shiny|75\/100\n|move|p2a: Barraskewda|Crunch|p1a: aha bad joke time\n|-supereffective|p1a: aha bad joke time\n|-damage|p1a: aha bad joke time|0 fnt\n|faint|p1a: aha bad joke time\n|move|p2b: Pincurchin|Chilling Water|p1b: SaGOAT\n|-damage|p1b: SaGOAT|67\/100\n|-unboost|p1b: SaGOAT|atk|1\n|\n|-heal|p1b: SaGOAT|73\/100|[from] item: Leftovers\n|-end|p2b: Pincurchin|Sand Tomb|[partiallytrapped]|[silent]\n|upkeep\n|\n|t:|1684018637\n|switch|p1a: sneedchungus|Naclstack, L50, F|100\/100\n|turn|7\n|\n|t:|1684018661\n|switch|p2a: Kilowattrel|Kilowattrel, L50, F|20\/100\n|-damage|p2a: Kilowattrel|0 fnt|[from] Stealth Rock\n|faint|p2a: Kilowattrel\n|-terastallize|p1a: sneedchungus|Ghost\n|move|p1b: SaGOAT|Yawn|p2b: Pincurchin\n|-start|p2b: Pincurchin|move: Yawn|[of] p1b: SaGOAT\n|move|p1a: sneedchungus|Salt Cure|p2b: Pincurchin\n|-damage|p2b: Pincurchin|44\/100\n|-start|p2b: Pincurchin|Salt Cure\n|move|p2b: Pincurchin|Chilling Water|p1a: sneedchungus\n|-damage|p1a: sneedchungus|89\/100\n|-unboost|p1a: sneedchungus|atk|1\n|\n|-heal|p1b: SaGOAT|79\/100|[from] item: Leftovers\n|-damage|p2b: Pincurchin|31\/100|[from] Salt Cure\n|upkeep\n|\n|t:|1684018672\n|switch|p2a: Barraskewda|Barraskewda, L50, M|25\/100\n|-damage|p2a: Barraskewda|13\/100|[from] Stealth Rock\n|turn|8\n|\n|t:|1684018713\n|move|p1a: sneedchungus|Protect|p1a: sneedchungus\n|-singleturn|p1a: sneedchungus|Protect\n|move|p2a: Barraskewda|Liquidation|p1a: sneedchungus\n|-activate|p1a: sneedchungus|move: Protect\n|move|p1b: SaGOAT|Foul Play|p2a: Barraskewda\n|-damage|p2a: Barraskewda|0 fnt\n|faint|p2a: Barraskewda\n|move|p2b: Pincurchin|Thunder Wave|p1b: SaGOAT\n|-status|p1b: SaGOAT|par\n|\n|-heal|p1b: SaGOAT|85\/100 par|[from] item: Leftovers\n|-damage|p2b: Pincurchin|19\/100|[from] Salt Cure\n|-end|p2b: Pincurchin|move: Yawn|[silent]\n|-status|p2b: Pincurchin|slp\n|upkeep\n|\n|t:|1684018717\n|switch|p2a: Hawlucha|Hawlucha, L50, M, tera:Fighting|83\/100\n|-damage|p2a: Hawlucha|77\/100|[from] Stealth Rock\n|turn|9\n|\n|t:|1684018737\n|move|p2a: Hawlucha|Rock Slide|p1a: sneedchungus|[spread] p1a,p1b\n|-damage|p1a: sneedchungus|73\/100\n|-damage|p1b: SaGOAT|73\/100 par\n|move|p1b: SaGOAT|Yawn|p2a: Hawlucha\n|-start|p2a: Hawlucha|move: Yawn|[of] p1b: SaGOAT\n|cant|p1a: sneedchungus|flinch\n|cant|p2b: Pincurchin|slp\n|\n|-heal|p1b: SaGOAT|79\/100 par|[from] item: Leftovers\n|-damage|p2b: Pincurchin|7\/100 slp|[from] Salt Cure\n|upkeep\n|turn|10\n|\n|t:|1684018760\n|move|p2a: Hawlucha|Close Combat|p1b: SaGOAT\n|-supereffective|p1b: SaGOAT\n|-damage|p1b: SaGOAT|0 fnt\n|-unboost|p2a: Hawlucha|def|1\n|-unboost|p2a: Hawlucha|spd|1\n|faint|p1b: SaGOAT\n|move|p1a: sneedchungus|Salt Cure|p2a: Hawlucha\n|-resisted|p2a: Hawlucha\n|-damage|p2a: Hawlucha|70\/100\n|-start|p2a: Hawlucha|Salt Cure\n|cant|p2b: Pincurchin|slp\n|\n|-damage|p2a: Hawlucha|58\/100|[from] Salt Cure\n|-damage|p2b: Pincurchin|0 fnt|[from] Salt Cure\n|faint|p2b: Pincurchin\n|-end|p2a: Hawlucha|move: Yawn|[silent]\n|-status|p2a: Hawlucha|slp\n|upkeep\n|c|\u2606CoolGummyBear|gg\n|\n|t:|1684018773\n|switch|p1b: Bam Ba Lam|Hippowdon, L50, F|24\/100\n|-weather|Sandstorm|[from] ability: Sand Stream|[of] p1b: Bam Ba Lam\n|turn|11\n|\n|t:|1684018785\n|cant|p2a: Hawlucha|slp\n|move|p1b: Bam Ba Lam|Sand Tomb|p2a: Hawlucha\n|-damage|p2a: Hawlucha|30\/100 slp\n|-activate|p2a: Hawlucha|move: Sand Tomb|[of] p1b: Bam Ba Lam\n|move|p1a: sneedchungus|Salt Cure|p2a: Hawlucha\n|-resisted|p2a: Hawlucha\n|-damage|p2a: Hawlucha|23\/100 slp\n|\n|-weather|Sandstorm|[upkeep]\n|-damage|p2a: Hawlucha|17\/100 slp|[from] Sandstorm\n|-damage|p1a: sneedchungus|67\/100|[from] Sandstorm\n|-damage|p2a: Hawlucha|0 fnt|[from] move: Sand Tomb|[partiallytrapped]\n|faint|p2a: Hawlucha\n|\n|win|SATMaofever\n|upkeep\n","uploadtime":1684018797,"views":17,"p1id":"satmaofever","p2id":"coolgummybear","formatid":"gen9vgc2023regulationc","rating":0,"private":0,"password":""}