{"id":"gen9vgc2023regulationc-1851477483","p1":"Goldsaint5","p2":"jeffman323","format":"[Gen 9] VGC 2023 Regulation C","log":"|j|\u2606Goldsaint5\n|j|\u2606jeffman323\n|t:|1682448340\n|gametype|doubles\n|player|p1|Goldsaint5|wikstrom|1480\n|player|p2|jeffman323|steven|1599\n|teamsize|p1|6\n|teamsize|p2|6\n|gen|9\n|tier|[Gen 9] VGC 2023 Regulation C\n|rated|\n|rule|Species Clause: Limit one of each Pok\u00e9mon\n|rule|Item Clause: Limit one of each item\n|clearpoke\n|poke|p1|Talonflame, L50, M|\n|poke|p1|Chien-Pao, L50|\n|poke|p1|Great Tusk, L50|\n|poke|p1|Scizor, L50, M|\n|poke|p1|Arcanine, L50, F|\n|poke|p1|Iron Hands, L50|\n|poke|p2|Hatterene, L50, F|\n|poke|p2|Azumarill, L50, M|\n|poke|p2|Torkoal, L50, M|\n|poke|p2|Kingambit, L50, M|\n|poke|p2|Iron Hands, L50|\n|poke|p2|Stantler, L50, M|\n|teampreview|4\njeffman323 has agreed to open team sheets.\nGoldsaint5 has agreed to open team sheets.\n|c|\u2606Goldsaint5|gl hf\n|\n|t:|1682448371\n|start\n|switch|p1a: Talonflame|Talonflame, L50, M|100\/100\n|switch|p1b: Great Tusk|Great Tusk, L50|100\/100\n|switch|p2a: Iron Hands|Iron Hands, L50|100\/100\n|switch|p2b: Stantler|Stantler, L50, M|100\/100\n|-ability|p2b: Stantler|Intimidate|boost\n|-unboost|p1a: Talonflame|atk|1\n|-unboost|p1b: Great Tusk|atk|1\n|turn|1\n|\n|t:|1682448410\n|-end|p1b: Great Tusk|Protosynthesis|[silent]\n|switch|p1b: Arcanine|Arcanine, L50, F|100\/100\n|-ability|p1b: Arcanine|Intimidate|boost\n|-unboost|p2a: Iron Hands|atk|1\n|-unboost|p2b: Stantler|atk|1\n|move|p1a: Talonflame|Taunt|p2b: Stantler\n|-start|p2b: Stantler|move: Taunt\n|cant|p2b: Stantler|move: Taunt|Reflect\n|move|p2a: Iron Hands|Thunder Punch|p1a: Talonflame\n|-supereffective|p1a: Talonflame\n|-damage|p1a: Talonflame|11\/100\n|\n|upkeep\n|turn|2\n|\n|t:|1682448437\n|switch|p2b: Azumarill|Azumarill, L50, M|100\/100\n|move|p1a: Talonflame|Flare Blitz|p2b: Azumarill\n|-resisted|p2b: Azumarill\n|-damage|p2b: Azumarill|86\/100\n|-damage|p1a: Talonflame|4\/100|[from] Recoil\n|move|p1b: Arcanine|Howl|p1b: Arcanine|[spread] p1a,p1b\n|-boost|p1a: Talonflame|atk|1\n|-boost|p1b: Arcanine|atk|1\n|move|p2a: Iron Hands|Earthquake|p1b: Arcanine|[spread] p2b,p1b\n|-immune|p1a: Talonflame\n|-supereffective|p1b: Arcanine\n|-damage|p2b: Azumarill|65\/100\n|-damage|p1b: Arcanine|58\/100\n|\n|upkeep\n|turn|3\n|\n|t:|1682448468\n|-terastallize|p1b: Arcanine|Water\n|move|p2b: Azumarill|Protect|p2b: Azumarill\n|-singleturn|p2b: Azumarill|Protect\n|move|p1a: Talonflame|Brave Bird|p2b: Azumarill\n|-activate|p2b: Azumarill|move: Protect\n|move|p1b: Arcanine|Will-O-Wisp|p2b: Azumarill\n|-activate|p2b: Azumarill|move: Protect\n|move|p2a: Iron Hands|Thunder Punch|p1b: Arcanine\n|-supereffective|p1b: Arcanine\n|-damage|p1b: Arcanine|0 fnt\n|faint|p1b: Arcanine\n|\n|upkeep\n|\n|t:|1682448482\n|switch|p1b: Great Tusk|Great Tusk, L50|100\/100\n|turn|4\n|\n|t:|1682448514\n|-end|p2a: Iron Hands|Quark Drive|[silent]\n|switch|p2a: Stantler|Stantler, L50, M|100\/100\n|-ability|p2a: Stantler|Intimidate|boost\n|-unboost|p1a: Talonflame|atk|1\n|-unboost|p1b: Great Tusk|atk|1\n|move|p1a: Talonflame|Brave Bird|p2b: Azumarill\n|-damage|p2b: Azumarill|33\/100\n|-damage|p1a: Talonflame|0 fnt|[from] Recoil\n|faint|p1a: Talonflame\n|move|p1b: Great Tusk|Earthquake|p2a: Stantler|[spread] p2a,p2b\n|-damage|p2a: Stantler|61\/100\n|-damage|p2b: Azumarill|0 fnt\n|faint|p2b: Azumarill\n|-damage|p1b: Great Tusk|91\/100|[from] item: Life Orb\n|\n|upkeep\n|\n|t:|1682448529\n|switch|p1a: Chien-Pao|Chien-Pao, L50|100\/100\n|switch|p2b: Iron Hands|Iron Hands, L50|100\/100\n|-ability|p1a: Chien-Pao|Sword of Ruin\n|turn|5\n|\n|t:|1682448541\n|move|p2b: Iron Hands|Fake Out|p1a: Chien-Pao\n|-damage|p1a: Chien-Pao|79\/100\n|cant|p1a: Chien-Pao|flinch\n|move|p1b: Great Tusk|Close Combat|p2a: Stantler\n|-supereffective|p2a: Stantler\n|-damage|p2a: Stantler|0 fnt\n|-unboost|p1b: Great Tusk|def|1\n|-unboost|p1b: Great Tusk|spd|1\n|faint|p2a: Stantler\n|-damage|p1b: Great Tusk|81\/100|[from] item: Life Orb\n|\n|upkeep\n|\n|t:|1682448549\n|switch|p2a: Torkoal|Torkoal, L50, M|100\/100\n|-weather|SunnyDay|[from] ability: Drought|[of] p2a: Torkoal\n|-activate|p1b: Great Tusk|ability: Protosynthesis\n|-start|p1b: Great Tusk|protosynthesisspe\n|turn|6\n|\n|t:|1682448576\n|-terastallize|p2a: Torkoal|Fire\n|move|p1b: Great Tusk|Earthquake|p2a: Torkoal|[spread] p1a,p2a,p2b\n|-supereffective|p2a: Torkoal\n|-supereffective|p2b: Iron Hands\n|-crit|p2b: Iron Hands\n|-damage|p1a: Chien-Pao|31\/100\n|-damage|p2a: Torkoal|30\/100\n|-damage|p2b: Iron Hands|0 fnt\n|faint|p2b: Iron Hands\n|-end|p2b: Iron Hands|Quark Drive|[silent]\n|-damage|p1b: Great Tusk|71\/100|[from] item: Life Orb\n|move|p1a: Chien-Pao|Sacred Sword|p2a: Torkoal\n|-damage|p2a: Torkoal|1\/100\n|move|p2a: Torkoal|Heat Wave|p1b: Great Tusk|[spread] p1a,p1b\n|-supereffective|p1a: Chien-Pao\n|-damage|p1a: Chien-Pao|0 fnt\n|-damage|p1b: Great Tusk|0 fnt\n|faint|p1a: Chien-Pao\n|faint|p1b: Great Tusk\n|-end|p1b: Great Tusk|Protosynthesis|[silent]\n|\n|win|jeffman323\n|raw|Goldsaint5's rating: 1480 → 1467<\/strong> (-13 for losing)\n|raw|jeffman323's rating: 1599 → 1612<\/strong> (+13 for winning)\n|c|\u2606jeffman323|not even close\n|c|\u2606jeffman323|ezpz\n|l|\u2606Goldsaint5\n","uploadtime":1682448581,"views":19,"p1id":"goldsaint5","p2id":"jeffman323","formatid":"gen9vgc2023regulationc","rating":1467,"private":0,"password":""}