{"id":"gen9vgc2023regulationc-1857964183","p1":"ThreeFingerDP","p2":"CH4NGE","format":"[Gen 9] VGC 2023 Regulation C","log":"|j|\u2606ThreeFingerDP\n|j|\u2606CH4NGE\n|t:|1683253128\n|gametype|doubles\n|player|p1|ThreeFingerDP|wallace|1264\n|player|p2|CH4NGE|lady|1315\n|teamsize|p1|6\n|teamsize|p2|6\n|gen|9\n|tier|[Gen 9] VGC 2023 Regulation C\n|rated|\n|rule|Species Clause: Limit one of each Pok\u00e9mon\n|rule|Item Clause: Limit one of each item\n|clearpoke\n|poke|p1|Wo-Chien, L50|\n|poke|p1|Glimmora, L50, F|\n|poke|p1|Dondozo, L50, F|\n|poke|p1|Tatsugiri, L50, M|\n|poke|p1|Flutter Mane, L50|\n|poke|p1|Chi-Yu, L50|\n|poke|p2|Flutter Mane, L50|\n|poke|p2|Arcanine, L50, F|\n|poke|p2|Palafin, L50, M|\n|poke|p2|Amoonguss, L50, M|\n|poke|p2|Dragonite, L50, M|\n|poke|p2|Ting-Lu, L50|\n|teampreview|4\nCH4NGE has agreed to open team sheets.\nThreeFingerDP has agreed to open team sheets.\n|inactive|Battle timer is ON: inactive players will automatically lose when time's up. (requested by ThreeFingerDP)\n|inactive|ThreeFingerDP has 60 seconds left.\n|inactive|CH4NGE has 60 seconds left.\n|inactive|CH4NGE has 30 seconds left.\n|\n|t:|1683253201\n|start\n|switch|p1a: Flutter Mane|Flutter Mane, L50|100\/100\n|switch|p1b: Chi-Yu|Chi-Yu, L50|100\/100\n|switch|p2a: Ting-Lu|Ting-Lu, L50|100\/100\n|switch|p2b: Dragonite|Dragonite, L50, M|100\/100\n|-ability|p1b: Chi-Yu|Beads of Ruin\n|-ability|p2a: Ting-Lu|Vessel of Ruin\n|turn|1\n|\n|t:|1683253225\n|-terastallize|p2a: Ting-Lu|Poison\n|move|p1a: Flutter Mane|Dazzling Gleam|p2b: Dragonite|[spread] p2a,p2b\n|-resisted|p2a: Ting-Lu\n|-supereffective|p2b: Dragonite\n|-damage|p2a: Ting-Lu|91\/100\n|-damage|p2b: Dragonite|64\/100\n|move|p1b: Chi-Yu|Dark Pulse|p2b: Dragonite\n|-damage|p2b: Dragonite|13\/100\n|-damage|p1b: Chi-Yu|91\/100|[from] item: Life Orb\n|move|p2b: Dragonite|Tailwind|p2b: Dragonite\n|-sidestart|p2: CH4NGE|move: Tailwind\n|move|p2a: Ting-Lu|Heavy Slam|p1a: Flutter Mane\n|-supereffective|p1a: Flutter Mane\n|-damage|p1a: Flutter Mane|0 fnt\n|faint|p1a: Flutter Mane\n|-end|p1a: Flutter Mane|Protosynthesis|[silent]\n|\n|upkeep\n|\n|t:|1683253238\n|switch|p1a: Glimmora|Glimmora, L50, F|100\/100\n|turn|2\n|inactive|CH4NGE has 30 seconds left.\n|\n|t:|1683253266\n|-terastallize|p1a: Glimmora|Grass\n|move|p2b: Dragonite|Aerial Ace|p1a: Glimmora\n|-supereffective|p1a: Glimmora\n|-damage|p1a: Glimmora|27\/100\n|move|p1b: Chi-Yu|Overheat|p2a: Ting-Lu\n|-damage|p2a: Ting-Lu|44\/100\n|-unboost|p1b: Chi-Yu|spa|2\n|-damage|p1b: Chi-Yu|81\/100|[from] item: Life Orb\n|move|p2a: Ting-Lu|Stomping Tantrum|p1a: Glimmora\n|-resisted|p1a: Glimmora\n|-crit|p1a: Glimmora\n|-damage|p1a: Glimmora|0 fnt\n|faint|p1a: Glimmora\n|\n|upkeep\n|\n|t:|1683253279\n|switch|p1a: Wo-Chien|Wo-Chien, L50|100\/100\n|-ability|p1a: Wo-Chien|Tablets of Ruin\n|turn|3\n|inactive|ThreeFingerDP has 30 seconds left.\n|\n|t:|1683253306\n|move|p2b: Dragonite|Aerial Ace|p1a: Wo-Chien\n|-supereffective|p1a: Wo-Chien\n|-damage|p1a: Wo-Chien|57\/100\n|move|p1b: Chi-Yu|Dark Pulse|p2b: Dragonite\n|-damage|p2b: Dragonite|0 fnt\n|faint|p2b: Dragonite\n|-damage|p1b: Chi-Yu|71\/100|[from] item: Life Orb\n|move|p2a: Ting-Lu|Stomping Tantrum|p1b: Chi-Yu\n|-supereffective|p1b: Chi-Yu\n|-damage|p1b: Chi-Yu|0 fnt\n|faint|p1b: Chi-Yu\n|move|p1a: Wo-Chien|Leech Seed|p2a: Ting-Lu\n|-start|p2a: Ting-Lu|move: Leech Seed\n|\n|-heal|p1a: Wo-Chien|63\/100|[from] item: Leftovers\n|-damage|p2a: Ting-Lu|32\/100|[from] Leech Seed|[of] p1a: Wo-Chien\n|-heal|p1a: Wo-Chien|78\/100|[silent]\n|upkeep\n|\n|t:|1683253313\n|switch|p2b: Flutter Mane|Flutter Mane, L50|100\/100\n|turn|4\n|\n|t:|1683253324\n|switch|p2a: Arcanine|Arcanine, L50, F|100\/100\n|-ability|p2a: Arcanine|Intimidate|boost\n|-unboost|p1a: Wo-Chien|atk|1\n|move|p1a: Wo-Chien|Protect|p1a: Wo-Chien\n|-singleturn|p1a: Wo-Chien|Protect\n|move|p2b: Flutter Mane|Moonblast|p1a: Wo-Chien\n|-activate|p1a: Wo-Chien|move: Protect\n|\n|-heal|p1a: Wo-Chien|84\/100|[from] item: Leftovers\n|-sideend|p2: CH4NGE|move: Tailwind\n|upkeep\n|turn|5\n|\n|t:|1683253331\n|move|p2b: Flutter Mane|Moonblast|p1a: Wo-Chien\n|-supereffective|p1a: Wo-Chien\n|-damage|p1a: Wo-Chien|0 fnt\n|faint|p1a: Wo-Chien\n|\n|win|CH4NGE\n|raw|ThreeFingerDP's rating: 1264 → 1243<\/strong> (-21 for losing)\n|raw|CH4NGE's rating: 1315 → 1332<\/strong> (+17 for winning)\n|l|\u2606ThreeFingerDP\n","uploadtime":1683253339,"views":6,"p1id":"threefingerdp","p2id":"ch4nge","formatid":"gen9vgc2023regulationc","rating":1243,"private":0,"password":""}