{"id":"gen9vgc2023regulationc-1860487506","p1":"T0123456789","p2":"Alexis_student","format":"[Gen 9] VGC 2023 Regulation C","log":"|j|\u2606T0123456789\n|j|\u2606Alexis_student\n|t:|1683648477\n|gametype|doubles\n|player|p1|T0123456789|1|1099\n|player|p2|Alexis_student|101|1151\n|teamsize|p1|6\n|teamsize|p2|6\n|gen|9\n|tier|[Gen 9] VGC 2023 Regulation C\n|rated|\n|rule|Species Clause: Limit one of each Pok\u00e9mon\n|rule|Item Clause: Limit one of each item\n|clearpoke\n|poke|p1|Ting-Lu, L50|\n|poke|p1|Wo-Chien, L50|\n|poke|p1|Roaring Moon, L50|\n|poke|p1|Gholdengo, L50|\n|poke|p1|Arcanine, L50, F|\n|poke|p1|Ceruledge, L50, F|\n|poke|p2|Chi-Yu, L50|\n|poke|p2|Flutter Mane, L50|\n|poke|p2|Palafin, L50, F|\n|poke|p2|Iron Hands, L50|\n|poke|p2|Dragonite, L50, M|\n|poke|p2|Amoonguss, L50, F|\n|teampreview|4\n|inactive|Battle timer is ON: inactive players will automatically lose when time's up. (requested by T0123456789)\n|\n|t:|1683648500\n|start\n|switch|p1a: Ting-Lu|Ting-Lu, L50|100\/100\n|switch|p1b: Wo-Chien|Wo-Chien, L50|100\/100\n|switch|p2a: Flutter Mane|Flutter Mane, L50|100\/100\n|switch|p2b: Chi-Yu|Chi-Yu, L50|100\/100\n|-ability|p2b: Chi-Yu|Beads of Ruin\n|-ability|p1b: Wo-Chien|Tablets of Ruin\n|-ability|p1a: Ting-Lu|Vessel of Ruin\n|turn|1\n|\n|t:|1683648522\n|-end|p2a: Flutter Mane|Protosynthesis|[silent]\n|switch|p2a: Dragonite|Dragonite, L50, M|100\/100\n|-terastallize|p1a: Ting-Lu|Poison\n|move|p1b: Wo-Chien|Protect|p1b: Wo-Chien\n|-singleturn|p1b: Wo-Chien|Protect\n|move|p2b: Chi-Yu|Nasty Plot|p2b: Chi-Yu\n|-boost|p2b: Chi-Yu|spa|2\n|move|p1a: Ting-Lu|Stomping Tantrum|p2b: Chi-Yu\n|-supereffective|p2b: Chi-Yu\n|-damage|p2b: Chi-Yu|44\/100\n|\n|upkeep\n|turn|2\n|inactive|T0123456789 has 30 seconds left.\n|inactive|Alexis_student has 30 seconds left.\n|\n|t:|1683648554\n|-terastallize|p2a: Dragonite|Flying\n|move|p1b: Wo-Chien|Protect||[still]\n|-fail|p1b: Wo-Chien\n|move|p2b: Chi-Yu|Flamethrower|p1b: Wo-Chien\n|-supereffective|p1b: Wo-Chien\n|-damage|p1b: Wo-Chien|0 fnt\n|faint|p1b: Wo-Chien\n|move|p2a: Dragonite|Tera Blast|p1a: Ting-Lu\n|-damage|p1a: Ting-Lu|69\/100\n|move|p1a: Ting-Lu|Stomping Tantrum|p2b: Chi-Yu\n|-supereffective|p2b: Chi-Yu\n|-damage|p2b: Chi-Yu|0 fnt\n|faint|p2b: Chi-Yu\n|\n|-heal|p1a: Ting-Lu|75\/100|[from] item: Black Sludge\n|upkeep\n|\n|t:|1683648574\n|switch|p2b: Amoonguss|Amoonguss, L50, F|100\/100\n|switch|p1b: Roaring Moon|Roaring Moon, L50|100\/100\n|-enditem|p1b: Roaring Moon|Booster Energy\n|-activate|p1b: Roaring Moon|ability: Protosynthesis|[fromitem]\n|-start|p1b: Roaring Moon|protosynthesisatk\n|turn|3\n|\n|t:|1683648598\n|move|p2b: Amoonguss|Protect|p2b: Amoonguss\n|-singleturn|p2b: Amoonguss|Protect\n|move|p1b: Roaring Moon|Acrobatics|p2b: Amoonguss\n|-activate|p2b: Amoonguss|move: Protect\n|move|p2a: Dragonite|Low Kick|p1b: Roaring Moon\n|-supereffective|p1b: Roaring Moon\n|-damage|p1b: Roaring Moon|4\/100\n|move|p1a: Ting-Lu|Rock Slide|p2a: Dragonite|[spread] p2a\n|-activate|p2b: Amoonguss|move: Protect\n|-supereffective|p2a: Dragonite\n|-damage|p2a: Dragonite|85\/100\n|\n|-heal|p1a: Ting-Lu|81\/100|[from] item: Black Sludge\n|upkeep\n|turn|4\n|\n|t:|1683648619\n|move|p1b: Roaring Moon|Protect|p1b: Roaring Moon\n|-singleturn|p1b: Roaring Moon|Protect\n|move|p2a: Dragonite|Extreme Speed|p1b: Roaring Moon\n|-activate|p1b: Roaring Moon|move: Protect\n|move|p1a: Ting-Lu|Rock Slide|p2a: Dragonite|[spread] p2a,p2b\n|-supereffective|p2a: Dragonite\n|-damage|p2a: Dragonite|55\/100\n|-damage|p2b: Amoonguss|89\/100\n|move|p2b: Amoonguss|Spore|p1a: Ting-Lu\n|-status|p1a: Ting-Lu|slp|[from] move: Spore\n|\n|-heal|p1a: Ting-Lu|88\/100 slp|[from] item: Black Sludge\n|upkeep\n|turn|5\n|\n|t:|1683648637\n|-end|p1b: Roaring Moon|Protosynthesis|[silent]\n|switch|p1b: Gholdengo|Gholdengo, L50|100\/100\n|move|p2a: Dragonite|Extreme Speed|p1b: Gholdengo\n|-immune|p1b: Gholdengo\n|cant|p1a: Ting-Lu|slp\n|move|p2b: Amoonguss|Pollen Puff|p2a: Dragonite\n|-heal|p2a: Dragonite|100\/100\n|\n|-heal|p1a: Ting-Lu|94\/100 slp|[from] item: Black Sludge\n|upkeep\n|turn|6\n|inactive|Alexis_student has 30 seconds left.\n|inactive|Alexis_student has 20 seconds left.\n|\n|t:|1683648675\n|switch|p1a: Roaring Moon|Roaring Moon, L50|4\/100\n|move|p1b: Gholdengo|Make It Rain|p2a: Dragonite|[spread] p2a,p2b\n|-damage|p2a: Dragonite|68\/100\n|-damage|p2b: Amoonguss|30\/100\n|-unboost|p1b: Gholdengo|spa|1\n|-enditem|p2b: Amoonguss|Sitrus Berry|[eat]\n|-heal|p2b: Amoonguss|55\/100|[from] item: Sitrus Berry\n|move|p2a: Dragonite|Tera Blast|p1b: Gholdengo\n|-resisted|p1b: Gholdengo\n|-damage|p1b: Gholdengo|67\/100\n|move|p2b: Amoonguss|Pollen Puff|p1b: Gholdengo\n|-resisted|p1b: Gholdengo\n|-damage|p1b: Gholdengo|62\/100\n|\n|upkeep\n|turn|7\n|\n|t:|1683648698\n|move|p1a: Roaring Moon|Protect|p1a: Roaring Moon\n|-singleturn|p1a: Roaring Moon|Protect\n|move|p2a: Dragonite|Extreme Speed|p1a: Roaring Moon\n|-activate|p1a: Roaring Moon|move: Protect\n|move|p1b: Gholdengo|Make It Rain|p2a: Dragonite|[spread] p2a,p2b\n|-damage|p2a: Dragonite|19\/100\n|-damage|p2b: Amoonguss|15\/100\n|-unboost|p1b: Gholdengo|spa|1\n|move|p2b: Amoonguss|Pollen Puff|p2a: Dragonite\n|-heal|p2a: Dragonite|69\/100\n|\n|upkeep\n|turn|8\n|\n|t:|1683648717\n|-end|p1a: Roaring Moon|Protosynthesis|[silent]\n|switch|p1a: Ting-Lu|Ting-Lu, L50, tera:Poison|94\/100 slp\n|-ability|p1a: Ting-Lu|Vessel of Ruin\n|switch|p2b: Flutter Mane|Flutter Mane, L50|100\/100\n|move|p2a: Dragonite|Extreme Speed|p1a: Ting-Lu\n|-damage|p1a: Ting-Lu|77\/100 slp\n|move|p1b: Gholdengo|Make It Rain|p2a: Dragonite|[spread] p2a,p2b\n|-supereffective|p2b: Flutter Mane\n|-damage|p2a: Dragonite|43\/100\n|-damage|p2b: Flutter Mane|54\/100\n|-unboost|p1b: Gholdengo|spa|1\n|\n|-heal|p1a: Ting-Lu|83\/100 slp|[from] item: Black Sludge\n|upkeep\n|turn|9\n|\n|t:|1683648740\n|switch|p1b: Roaring Moon|Roaring Moon, L50|4\/100\n|move|p2b: Flutter Mane|Shadow Ball|p1b: Roaring Moon\n|-resisted|p1b: Roaring Moon\n|-damage|p1b: Roaring Moon|0 fnt\n|faint|p1b: Roaring Moon\n|-end|p1b: Roaring Moon|Protosynthesis|[silent]\n|move|p2a: Dragonite|Low Kick|p1a: Ting-Lu\n|-resisted|p1a: Ting-Lu\n|-damage|p1a: Ting-Lu|72\/100 slp\n|cant|p1a: Ting-Lu|slp\n|\n|-heal|p1a: Ting-Lu|78\/100 slp|[from] item: Black Sludge\n|upkeep\n|\n|t:|1683648749\n|switch|p1b: Gholdengo|Gholdengo, L50|62\/100\n|turn|10\n|\n|t:|1683648768\n|move|p2b: Flutter Mane|Shadow Ball|p1b: Gholdengo\n|-supereffective|p1b: Gholdengo\n|-damage|p1b: Gholdengo|0 fnt\n|faint|p1b: Gholdengo\n|move|p2a: Dragonite|Tera Blast|p1a: Ting-Lu\n|-damage|p1a: Ting-Lu|46\/100 slp\n|cant|p1a: Ting-Lu|slp\n|\n|-heal|p1a: Ting-Lu|52\/100 slp|[from] item: Black Sludge\n|upkeep\n|turn|11\n|\n|t:|1683648791\n|-curestatus|p1a: Ting-Lu|slp|[msg]\n|move|p1a: Ting-Lu|Protect|p1a: Ting-Lu\n|-singleturn|p1a: Ting-Lu|Protect\n|move|p2b: Flutter Mane|Shadow Ball|p1a: Ting-Lu\n|-activate|p1a: Ting-Lu|move: Protect\n|move|p2a: Dragonite|Tera Blast|p1a: Ting-Lu\n|-activate|p1a: Ting-Lu|move: Protect\n|\n|-heal|p1a: Ting-Lu|59\/100|[from] item: Black Sludge\n|upkeep\n|turn|12\n|inactive|Alexis_student has 30 seconds left.\n|\n|t:|1683648819\n|move|p2b: Flutter Mane|Shadow Ball|p1a: Ting-Lu\n|-damage|p1a: Ting-Lu|27\/100\n|move|p2a: Dragonite|Tera Blast|p1a: Ting-Lu\n|-damage|p1a: Ting-Lu|0 fnt\n|faint|p1a: Ting-Lu\n|\n|win|Alexis_student\n|raw|T0123456789's rating: 1099 → 1078<\/strong> (-21 for losing)\n|raw|Alexis_student's rating: 1151 → 1172<\/strong> (+21 for winning)\n|l|\u2606T0123456789\n","uploadtime":1683648861,"views":3,"p1id":"t0123456789","p2id":"alexisstudent","formatid":"gen9vgc2023regulationc","rating":1078,"private":0,"password":""}