{"id":"gen9vgc2023regulationc-1848617598","p1":"Pimpin2","p2":"nucleartoad","format":"[Gen 9] VGC 2023 Regulation C","log":"|j|\u2606Pimpin2\n|j|\u2606nucleartoad\n|t:|1682094892\n|gametype|doubles\n|player|p1|Pimpin2|101|1152\n|player|p2|nucleartoad|janine|1215\n|teamsize|p1|6\n|teamsize|p2|6\n|gen|9\n|tier|[Gen 9] VGC 2023 Regulation C\n|rated|\n|rule|Species Clause: Limit one of each Pok\u00e9mon\n|rule|Item Clause: Limit one of each item\n|clearpoke\n|poke|p1|Lycanroc-Midnight, L50, F|\n|poke|p1|Medicham, L50, M|\n|poke|p1|Dondozo, L50, M|\n|poke|p1|Tatsugiri-Stretchy, L50, M|\n|poke|p1|Mimikyu, L50, F|\n|poke|p1|Ting-Lu, L50|\n|poke|p2|Sunflora, L50, M|\n|poke|p2|Torkoal, L50, F|\n|poke|p2|Hatterene, L50, F|\n|poke|p2|Hariyama, L50, F|\n|poke|p2|Farigiraf, L50, M|\n|poke|p2|Flutter Mane, L50|\n|teampreview|4\n|\n|t:|1682094929\n|start\n|switch|p1a: Lycanroc|Lycanroc-Midnight, L50, F|100\/100\n|switch|p1b: Medicham|Medicham, L50, M|100\/100\n|switch|p2a: NatKing Cole|Torkoal, L50, F|100\/100\n|switch|p2b: Irene Molloy|Hatterene, L50, F|100\/100\n|-weather|SunnyDay|[from] ability: Drought|[of] p2a: NatKing Cole\n|turn|1\n|\n|t:|1682094963\n|move|p2a: NatKing Cole|Protect|p2a: NatKing Cole\n|-singleturn|p2a: NatKing Cole|Protect\n|move|p1b: Medicham|Fake Out|p2b: Irene Molloy\n|-damage|p2b: Irene Molloy|78\/100\n|move|p1a: Lycanroc|Stone Edge|p2a: NatKing Cole\n|-activate|p2a: NatKing Cole|move: Protect\n|cant|p2b: Irene Molloy|flinch\n|\n|-weather|SunnyDay|[upkeep]\n|upkeep\n|turn|2\n|\n|t:|1682094983\n|switch|p2a: Harry Caray|Hariyama, L50, F|100\/100\n|-terastallize|p2b: Irene Molloy|Steel\n|move|p1b: Medicham|Skill Swap|p1a: Lycanroc\n|-activate|p1b: Medicham|move: Skill Swap|||[of] p1a: Lycanroc\n|move|p1a: Lycanroc|Stone Edge|p2a: Harry Caray\n|-resisted|p2a: Harry Caray\n|-damage|p2a: Harry Caray|47\/100\n|move|p2b: Irene Molloy|Trick Room|p2b: Irene Molloy\n|-fieldstart|move: Trick Room|[of] p2b: Irene Molloy\n|\n|-weather|SunnyDay|[upkeep]\n|-status|p2a: Harry Caray|brn|[from] item: Flame Orb\n|upkeep\n|turn|3\n|\n|t:|1682095020\n|move|p1a: Lycanroc|Protect|p1a: Lycanroc\n|-singleturn|p1a: Lycanroc|Protect\n|move|p1b: Medicham|Detect|p1b: Medicham\n|-singleturn|p1b: Medicham|Protect\n|move|p2b: Irene Molloy|Draining Kiss|p1b: Medicham\n|-activate|p1b: Medicham|move: Protect\n|move|p2a: Harry Caray|Headlong Rush|p1a: Lycanroc\n|-activate|p1a: Lycanroc|move: Protect\n|\n|-weather|SunnyDay|[upkeep]\n|-damage|p2a: Harry Caray|41\/100 brn|[from] brn\n|upkeep\n|turn|4\n|inactive|Battle timer is ON: inactive players will automatically lose when time's up. (requested by nucleartoad)\n|\n|t:|1682095070\n|switch|p1a: Dondozo|Dondozo, L50, M|100\/100\n|move|p2b: Irene Molloy|Draining Kiss|p1b: Medicham\n|-supereffective|p1b: Medicham\n|-damage|p1b: Medicham|11\/100\n|-heal|p2b: Irene Molloy|100\/100|[from] drain|[of] p1b: Medicham\n|move|p2a: Harry Caray|Close Combat|p1a: Dondozo\n|-crit|p1a: Dondozo\n|-damage|p1a: Dondozo|11\/100\n|-unboost|p2a: Harry Caray|def|1\n|-unboost|p2a: Harry Caray|spd|1\n|move|p1b: Medicham|Skill Swap|p1a: Dondozo\n|-activate|p1b: Medicham|move: Skill Swap|||[of] p1a: Dondozo\n|\n|-weather|SunnyDay|[upkeep]\n|-heal|p1a: Dondozo|17\/100|[from] item: Leftovers\n|-damage|p2a: Harry Caray|35\/100 brn|[from] brn\n|upkeep\n|turn|5\n|inactive|nucleartoad has 30 seconds left.\n|\n|t:|1682095098\n|switch|p2a: NatKing Cole|Torkoal, L50, F|100\/100\n|move|p1a: Dondozo|Protect|p1a: Dondozo\n|-singleturn|p1a: Dondozo|Protect\n|move|p1b: Medicham|Detect|p1b: Medicham\n|-singleturn|p1b: Medicham|Protect\n|move|p2b: Irene Molloy|Psychic|p1a: Dondozo\n|-activate|p1a: Dondozo|move: Protect\n|\n|-weather|none\n|-heal|p1a: Dondozo|23\/100|[from] item: Leftovers\n|upkeep\n|turn|6\n|inactive|Pimpin2 has 30 seconds left.\n|inactive|nucleartoad has 30 seconds left.\n|\n|t:|1682095130\n|switch|p1b: Tatsugiri|Tatsugiri-Stretchy, L50, M|100\/100\n|-activate|p1b: Tatsugiri|ability: Commander|[of] p1a: Dondozo\n|-boost|p1a: Dondozo|atk|2\n|-boost|p1a: Dondozo|spa|2\n|-boost|p1a: Dondozo|spe|2\n|-boost|p1a: Dondozo|def|2\n|-boost|p1a: Dondozo|spd|2\n|move|p1a: Dondozo|Protect||[still]\n|-fail|p1a: Dondozo\n|move|p2a: NatKing Cole|Eruption|p1b: Tatsugiri|[spread] p1a\n|-miss|p2a: NatKing Cole|p1b: Tatsugiri\n|-resisted|p1a: Dondozo\n|-damage|p1a: Dondozo|14\/100\n|move|p2b: Irene Molloy|Psychic|p1a: Dondozo\n|-damage|p1a: Dondozo|0 fnt\n|faint|p1a: Dondozo\n|\n|-fieldend|move: Trick Room\n|upkeep\n|\n|t:|1682095149\n|switch|p1a: Medicham|Medicham, L50, M|11\/100\n|turn|7\n|\n|t:|1682095169\n|-terastallize|p1b: Tatsugiri|Water\n|move|p2b: Irene Molloy|Protect|p2b: Irene Molloy\n|-singleturn|p2b: Irene Molloy|Protect\n|move|p1a: Medicham|Fake Out|p2b: Irene Molloy\n|-activate|p2b: Irene Molloy|move: Protect\n|move|p1b: Tatsugiri|Muddy Water|p2a: NatKing Cole|[spread] p2a\n|-activate|p2b: Irene Molloy|move: Protect\n|-supereffective|p2a: NatKing Cole\n|-damage|p2a: NatKing Cole|0 fnt\n|faint|p2a: NatKing Cole\n|\n|upkeep\n|\n|t:|1682095180\n|switch|p2a: Harry Caray|Hariyama, L50, F|35\/100 brn\n|turn|8\n|inactive|nucleartoad has 30 seconds left.\n|\n|t:|1682095212\n|move|p2a: Harry Caray|Fake Out|p1b: Tatsugiri\n|-damage|p1b: Tatsugiri|61\/100\n|cant|p1b: Tatsugiri|flinch\n|move|p1a: Medicham|Close Combat|p2b: Irene Molloy\n|-supereffective|p2b: Irene Molloy\n|-enditem|p2b: Irene Molloy|Focus Sash\n|-damage|p2b: Irene Molloy|1\/100\n|-unboost|p1a: Medicham|def|1\n|-unboost|p1a: Medicham|spd|1\n|move|p2b: Irene Molloy|Trick Room|p2b: Irene Molloy\n|-fieldstart|move: Trick Room|[of] p2b: Irene Molloy\n|\n|-damage|p2a: Harry Caray|29\/100 brn|[from] brn\n|upkeep\n|turn|9\n|inactive|Pimpin2 has 30 seconds left.\n|inactive|nucleartoad has 30 seconds left.\n|inactive|nucleartoad has 20 seconds left.\n|inactive|nucleartoad has 15 seconds left.\n|\n|t:|1682095253\n|move|p1a: Medicham|Detect|p1a: Medicham\n|-singleturn|p1a: Medicham|Protect\n|move|p2b: Irene Molloy|Psychic|p1a: Medicham\n|-activate|p1a: Medicham|move: Protect\n|move|p2a: Harry Caray|Close Combat|p1b: Tatsugiri\n|-damage|p1b: Tatsugiri|0 fnt\n|-unboost|p2a: Harry Caray|def|1\n|-unboost|p2a: Harry Caray|spd|1\n|faint|p1b: Tatsugiri\n|\n|-damage|p2a: Harry Caray|23\/100 brn|[from] brn\n|upkeep\n|\n|t:|1682095258\n|switch|p1b: Lycanroc|Lycanroc-Midnight, L50, F|100\/100\n|turn|10\n|\n|t:|1682095279\n|move|p1b: Lycanroc|Protect|p1b: Lycanroc\n|-singleturn|p1b: Lycanroc|Protect\n|move|p2b: Irene Molloy|Psychic|p1a: Medicham\n|-damage|p1a: Medicham|0 fnt\n|faint|p1a: Medicham\n|move|p2a: Harry Caray|Close Combat|p1b: Lycanroc\n|-activate|p1b: Lycanroc|move: Protect\n|\n|-damage|p2a: Harry Caray|17\/100 brn|[from] brn\n|upkeep\n|turn|11\n|\n|t:|1682095294\n|move|p2b: Irene Molloy|Psychic|p1b: Lycanroc\n|-damage|p1b: Lycanroc|24\/100\n|move|p2a: Harry Caray|Close Combat|p1b: Lycanroc\n|-supereffective|p1b: Lycanroc\n|-damage|p1b: Lycanroc|0 fnt\n|-unboost|p2a: Harry Caray|def|1\n|-unboost|p2a: Harry Caray|spd|1\n|faint|p1b: Lycanroc\n|\n|win|nucleartoad\n|raw|Pimpin2's rating: 1152 → 1133<\/strong> (-19 for losing)\n|raw|nucleartoad's rating: 1242 → 1261<\/strong> (+19 for winning)\n|c|\u2606nucleartoad|gg\n|l|\u2606Pimpin2\n","uploadtime":1682095327,"views":4,"p1id":"pimpin2","p2id":"nucleartoad","formatid":"gen9vgc2023regulationc","rating":1133,"private":0,"password":""}