{"id":"gen9vgc2023regulationc-1863748289","p1":"My blizzy boy","p2":"PokemonOG92 #4489","format":"[Gen 9] VGC 2023 Regulation C","log":"|j|\u2606My blizzy boy\n|j|\u2606PokemonOG92 #4489\n|t:|1684071479\n|gametype|doubles\n|player|p1|My blizzy boy|colress|1142\n|player|p2|PokemonOG92 #4489|hilbert|1073\n|teamsize|p1|6\n|teamsize|p2|6\n|gen|9\n|tier|[Gen 9] VGC 2023 Regulation C\n|rated|\n|rule|Species Clause: Limit one of each Pok\u00e9mon\n|rule|Item Clause: Limit one of each item\n|clearpoke\n|poke|p1|Chi-Yu, L50|\n|poke|p1|Amoonguss, L50, M|\n|poke|p1|Abomasnow, L50, F|\n|poke|p1|Gastrodon-East, L50, M|\n|poke|p1|Rotom-Wash, L50|\n|poke|p1|Iron Hands, L50|\n|poke|p2|Cryogonal, L50|\n|poke|p2|Lycanroc-Midnight, L50, M|\n|poke|p2|Espathra, L50, F|\n|poke|p2|Amoonguss, L50, F|\n|poke|p2|Pelipper, L50, M|\n|poke|p2|Flutter Mane, L50|\n|teampreview|4\n|inactive|Battle timer is ON: inactive players will automatically lose when time's up. (requested by PokemonOG92 #4489)\n|\n|t:|1684071503\n|start\n|switch|p1a: Abomasnow|Abomasnow, L50, F, shiny|100\/100\n|switch|p1b: Chi-Yu|Chi-Yu, L50|100\/100\n|switch|p2a: Lycanroc|Lycanroc-Midnight, L50, M|100\/100\n|switch|p2b: Espathra|Espathra, L50, F|100\/100\n|-ability|p1b: Chi-Yu|Beads of Ruin\n|-weather|Snow|[from] ability: Snow Warning|[of] p1a: Abomasnow\n|turn|1\n|\n|t:|1684071521\n|move|p1b: Chi-Yu|Protect|p1b: Chi-Yu\n|-singleturn|p1b: Chi-Yu|Protect\n|move|p2a: Lycanroc|Protect|p2a: Lycanroc\n|-singleturn|p2a: Lycanroc|Protect\n|move|p2b: Espathra|Protect|p2b: Espathra\n|-singleturn|p2b: Espathra|Protect\n|move|p1a: Abomasnow|Aurora Veil|p1a: Abomasnow\n|-sidestart|p1: My blizzy boy|move: Aurora Veil\n|\n|-weather|Snow|[upkeep]\n|-ability|p2b: Espathra|Speed Boost|boost\n|-boost|p2b: Espathra|spe|1\n|upkeep\n|turn|2\n|inactive|PokemonOG92 #4489 has 30 seconds left.\n|\n|t:|1684071548\n|-terastallize|p2b: Espathra|Normal\n|move|p2b: Espathra|Skill Swap|p2a: Lycanroc\n|-activate|p2b: Espathra|move: Skill Swap|||[of] p2a: Lycanroc\n|move|p1b: Chi-Yu|Dark Pulse|p2b: Espathra\n|-damage|p2b: Espathra|31\/100\n|-damage|p1b: Chi-Yu|90\/100|[from] item: Life Orb\n|move|p2a: Lycanroc|Rock Slide|p1a: Abomasnow|[spread] p1a\n|-miss|p2a: Lycanroc|p1b: Chi-Yu\n|-supereffective|p1a: Abomasnow\n|-damage|p1a: Abomasnow|76\/100\n|cant|p1a: Abomasnow|flinch\n|\n|-weather|Snow|[upkeep]\n|-ability|p2a: Lycanroc|Speed Boost|boost\n|-boost|p2a: Lycanroc|spe|1\n|upkeep\n|turn|3\n|inactive|My blizzy boy has 30 seconds left.\n|\n|t:|1684071578\n|move|p2b: Espathra|Protect|p2b: Espathra\n|-singleturn|p2b: Espathra|Protect\n|move|p1b: Chi-Yu|Protect|p1b: Chi-Yu\n|-singleturn|p1b: Chi-Yu|Protect\n|move|p2a: Lycanroc|Rock Slide|p1a: Abomasnow|[spread] p1a\n|-activate|p1b: Chi-Yu|move: Protect\n|-supereffective|p1a: Abomasnow\n|-damage|p1a: Abomasnow|49\/100\n|cant|p1a: Abomasnow|flinch\n|\n|-weather|Snow|[upkeep]\n|-ability|p2a: Lycanroc|Speed Boost|boost\n|-boost|p2a: Lycanroc|spe|1\n|upkeep\n|turn|4\n|\n|t:|1684071592\n|move|p2a: Lycanroc|Rock Slide|p1a: Abomasnow|[spread] p1a,p1b\n|-supereffective|p1a: Abomasnow\n|-supereffective|p1b: Chi-Yu\n|-damage|p1a: Abomasnow|25\/100\n|-damage|p1b: Chi-Yu|37\/100\n|move|p2b: Espathra|Hypnosis|p1b: Chi-Yu\n|-status|p1b: Chi-Yu|slp|[from] move: Hypnosis\n|cant|p1b: Chi-Yu|slp\n|cant|p1a: Abomasnow|flinch\n|\n|-weather|Snow|[upkeep]\n|-ability|p2a: Lycanroc|Speed Boost|boost\n|-boost|p2a: Lycanroc|spe|1\n|upkeep\n|turn|5\n|\n|t:|1684071609\n|move|p2a: Lycanroc|Rock Slide|p1b: Chi-Yu|[spread] p1a,p1b\n|-supereffective|p1a: Abomasnow\n|-supereffective|p1b: Chi-Yu\n|-damage|p1a: Abomasnow|0 fnt\n|-damage|p1b: Chi-Yu|0 fnt\n|faint|p1a: Abomasnow\n|faint|p1b: Chi-Yu\n|move|p2b: Espathra|Hypnosis|p1: Abomasnow|[notarget]\n|-fail|p2b: Espathra\n|\n|-weather|none\n|-ability|p2a: Lycanroc|Speed Boost|boost\n|-boost|p2a: Lycanroc|spe|1\n|upkeep\n|\n|t:|1684071612\n|switch|p1b: Iron Hands|Iron Hands, L50|100\/100\n|switch|p1a: Gastrodon|Gastrodon-East, L50, M, shiny|100\/100\n|turn|6\n|\n|t:|1684071625\n|move|p2a: Lycanroc|Protect|p2a: Lycanroc\n|-singleturn|p2a: Lycanroc|Protect\n|move|p2b: Espathra|Protect|p2b: Espathra\n|-singleturn|p2b: Espathra|Protect\n|move|p1b: Iron Hands|Fake Out|p2a: Lycanroc\n|-activate|p2a: Lycanroc|move: Protect\n|move|p1a: Gastrodon|Muddy Water|p2a: Lycanroc|[spread] \n|-activate|p2a: Lycanroc|move: Protect\n|-activate|p2b: Espathra|move: Protect\n|\n|-ability|p2a: Lycanroc|Speed Boost|boost\n|-boost|p2a: Lycanroc|spe|1\n|upkeep\n|turn|7\n|inactive|PokemonOG92 #4489 has 30 seconds left.\n|\n|t:|1684071655\n|-terastallize|p1b: Iron Hands|Fighting\n|move|p2a: Lycanroc|Rock Slide|p1b: Iron Hands|[spread] p1a,p1b\n|-resisted|p1a: Gastrodon\n|-resisted|p1b: Iron Hands\n|-damage|p1a: Gastrodon|94\/100\n|-damage|p1b: Iron Hands|95\/100\n|move|p2b: Espathra|Hypnosis|p1b: Iron Hands\n|-status|p1b: Iron Hands|slp|[from] move: Hypnosis\n|cant|p1a: Gastrodon|flinch\n|cant|p1b: Iron Hands|slp\n|\n|-heal|p1a: Gastrodon|99\/100|[from] item: Leftovers\n|-ability|p2a: Lycanroc|Speed Boost|boost\n|-boost|p2a: Lycanroc|spe|1\n|upkeep\n|turn|8\n|\n|t:|1684071671\n|switch|p2a: Cryogonal|Cryogonal, L50|100\/100\n|move|p2b: Espathra|Hypnosis|p1a: Gastrodon\n|-status|p1a: Gastrodon|slp|[from] move: Hypnosis\n|cant|p1a: Gastrodon|slp\n|cant|p1b: Iron Hands|slp\n|\n|-heal|p1a: Gastrodon|100\/100 slp|[from] item: Leftovers\n|-sideend|p1: My blizzy boy|move: Aurora Veil\n|upkeep\n|turn|9\n|\n|t:|1684071685\n|move|p2b: Espathra|Skill Swap|p2a: Cryogonal\n|-activate|p2b: Espathra|move: Skill Swap|||[of] p2a: Cryogonal\n|move|p2a: Cryogonal|Sheer Cold|p1b: Iron Hands\n|-damage|p1b: Iron Hands|0 fnt\n|faint|p1b: Iron Hands\n|-end|p1b: Iron Hands|Quark Drive|[silent]\n|-ohko\n|-curestatus|p1a: Gastrodon|slp|[msg]\n|move|p1a: Gastrodon|Muddy Water|p2a: Cryogonal|[spread] p2a,p2b\n|-damage|p2a: Cryogonal|89\/100\n|-damage|p2b: Espathra|8\/100\n|-unboost|p2a: Cryogonal|accuracy|1\n|\n|-heal|p2a: Cryogonal|95\/100|[from] item: Leftovers\n|upkeep\n|turn|10\n|\n|t:|1684071701\n|move|p2b: Espathra|Hypnosis|p1a: Gastrodon|[miss]\n|-miss|p2b: Espathra|p1a: Gastrodon\n|move|p2a: Cryogonal|Sheer Cold|p1a: Gastrodon\n|-damage|p1a: Gastrodon|0 fnt\n|faint|p1a: Gastrodon\n|-ohko\n|\n|win|PokemonOG92 #4489\n|raw|My blizzy boy's rating: 1142 → 1112<\/strong> (-30 for losing)\n|raw|PokemonOG92 #4489's rating: 1073 → 1108<\/strong> (+35 for winning)\n|c|\u2606PokemonOG92 #4489|gg\n","uploadtime":1684071711,"views":10,"p1id":"myblizzyboy","p2id":"pokemonog924489","formatid":"gen9vgc2023regulationc","rating":1108,"private":0,"password":""}