{"id":"gen9vgc2023regulationc-1858747052","p1":"Jorge frost","p2":"KricketuneVGC","format":"[Gen 9] VGC 2023 Regulation C","log":"|j|\u2606Jorge frost\n|j|\u2606KricketuneVGC\n|t:|1683352898\n|gametype|doubles\n|player|p1|Jorge frost|hilbert|1217\n|player|p2|KricketuneVGC|marlon|1312\n|teamsize|p1|6\n|teamsize|p2|6\n|gen|9\n|tier|[Gen 9] VGC 2023 Regulation C\n|rated|\n|rule|Species Clause: Limit one of each Pok\u00e9mon\n|rule|Item Clause: Limit one of each item\n|clearpoke\n|poke|p1|Wo-Chien, L50|\n|poke|p1|Garganacl, L50, M|\n|poke|p1|Glimmora, L50, F|\n|poke|p1|Gholdengo, L50|\n|poke|p1|Arcanine, L50, F|\n|poke|p1|Flutter Mane, L50|\n|poke|p2|Ting-Lu, L50|\n|poke|p2|Amoonguss, L50, M|\n|poke|p2|Arcanine, L50, F|\n|poke|p2|Flutter Mane, L50|\n|poke|p2|Palafin, L50, F|\n|poke|p2|Baxcalibur, L50, F|\n|teampreview|4\n|inactive|Battle timer is ON: inactive players will automatically lose when time's up. (requested by KricketuneVGC)\n|\n|t:|1683352946\n|start\n|switch|p1a: Wo-Chien|Wo-Chien, L50|100\/100\n|switch|p1b: Gholdengo|Gholdengo, L50|100\/100\n|switch|p2a: 100% ACC|Ting-Lu, L50|100\/100\n|switch|p2b: My Hero|Palafin, L50, F|100\/100\n|-ability|p1a: Wo-Chien|Tablets of Ruin\n|-ability|p2a: 100% ACC|Vessel of Ruin\n|turn|1\n|inactive|Jorge frost has 30 seconds left.\n|inactive|KricketuneVGC has 30 seconds left.\n|inactive|Jorge frost has 20 seconds left.\n|inactive|Jorge frost has 15 seconds left.\n|inactive|Jorge frost has 10 seconds left.\n|inactive|Jorge frost has 5 seconds left.\n|\n|t:|1683352996\n|detailschange|p2b: My Hero|Palafin-Hero, L50, F\n|switch|p2b: Tank|Amoonguss, L50, M|100\/100\n|switch|p1b: Glimmora|Glimmora, L50, F|100\/100\n|move|p1a: Wo-Chien|Leech Seed|p2a: 100% ACC\n|-start|p2a: 100% ACC|move: Leech Seed\n|move|p2a: 100% ACC|Fissure|p1a: Wo-Chien|[miss]\n|-miss|p2a: 100% ACC|p1a: Wo-Chien\n|\n|-damage|p2a: 100% ACC|88\/100|[from] Leech Seed|[of] p1a: Wo-Chien\n|upkeep\n|turn|2\n|\n|t:|1683353014\n|-terastallize|p1b: Glimmora|Flying\n|move|p1a: Wo-Chien|Protect|p1a: Wo-Chien\n|-singleturn|p1a: Wo-Chien|Protect\n|move|p1b: Glimmora|Mortal Spin|p2b: Tank|[spread] p2a,p2b\n|-resisted|p2a: 100% ACC\n|-damage|p2a: 100% ACC|87\/100\n|-damage|p2b: Tank|98\/100\n|-status|p2a: 100% ACC|psn\n|move|p2a: 100% ACC|Stomping Tantrum|p1b: Glimmora\n|-immune|p1b: Glimmora\n|move|p2b: Tank|Pollen Puff|p2a: 100% ACC\n|-heal|p2a: 100% ACC|100\/100 psn\n|\n|-damage|p2a: 100% ACC|88\/100 psn|[from] Leech Seed|[of] p1a: Wo-Chien\n|-damage|p2a: 100% ACC|76\/100 psn|[from] psn\n|upkeep\n|turn|3\n|inactive|Jorge frost has 30 seconds left.\n|inactive|Jorge frost has 20 seconds left.\n|inactive|Jorge frost has 15 seconds left.\n|\n|t:|1683353058\n|move|p1b: Glimmora|Earth Power|p2b: Tank\n|-damage|p2b: Tank|80\/100\n|move|p1a: Wo-Chien|Giga Drain|p2a: 100% ACC\n|-supereffective|p2a: 100% ACC\n|-damage|p2a: 100% ACC|59\/100 psn\n|move|p2a: 100% ACC|Fissure|p1a: Wo-Chien|[miss]\n|-miss|p2a: 100% ACC|p1a: Wo-Chien\n|move|p2b: Tank|Spore|p1b: Glimmora\n|-status|p1b: Glimmora|slp|[from] move: Spore\n|\n|-damage|p2a: 100% ACC|47\/100 psn|[from] Leech Seed|[of] p1a: Wo-Chien\n|-damage|p2a: 100% ACC|34\/100 psn|[from] psn\n|upkeep\n|turn|4\n|\n|t:|1683353080\n|move|p1a: Wo-Chien|Protect|p1a: Wo-Chien\n|-singleturn|p1a: Wo-Chien|Protect\n|cant|p1b: Glimmora|slp\n|move|p2a: 100% ACC|Fissure|p1a: Wo-Chien\n|-activate|p1a: Wo-Chien|move: Protect\n|move|p2b: Tank|Pollen Puff|p2a: 100% ACC\n|-heal|p2a: 100% ACC|84\/100 psn\n|\n|-damage|p2a: 100% ACC|72\/100 psn|[from] Leech Seed|[of] p1a: Wo-Chien\n|-damage|p2a: 100% ACC|59\/100 psn|[from] psn\n|upkeep\n|turn|5\n|inactive|Jorge frost has 30 seconds left.\n|\n|t:|1683353107\n|-curestatus|p1b: Glimmora|slp|[msg]\n|move|p1b: Glimmora|Earth Power|p2b: Tank\n|-damage|p2b: Tank|62\/100\n|move|p1a: Wo-Chien|Giga Drain|p2a: 100% ACC\n|-supereffective|p2a: 100% ACC\n|-damage|p2a: 100% ACC|42\/100 psn\n|move|p2a: 100% ACC|Fissure|p1a: Wo-Chien\n|-damage|p1a: Wo-Chien|0 fnt\n|faint|p1a: Wo-Chien\n|-ohko\n|move|p2b: Tank|Pollen Puff|p2a: 100% ACC\n|-heal|p2a: 100% ACC|92\/100 psn\n|\n|-damage|p2a: 100% ACC|79\/100 psn|[from] psn\n|upkeep\n|inactive|Jorge frost has 30 seconds left.\n|\n|t:|1683353132\n|switch|p1a: Gholdengo|Gholdengo, L50|100\/100\n|turn|6\n|inactive|Jorge frost has 30 seconds left.\n|\n|t:|1683353161\n|switch|p2a: My Hero|Palafin-Hero, L50, F|100\/100\n|-activate|p2a: My Hero|ability: Zero to Hero\n|move|p1a: Gholdengo|Protect|p1a: Gholdengo\n|-singleturn|p1a: Gholdengo|Protect\n|move|p2b: Tank|Protect|p2b: Tank\n|-singleturn|p2b: Tank|Protect\n|move|p1b: Glimmora|Earth Power|p2b: Tank\n|-activate|p2b: Tank|move: Protect\n|\n|upkeep\n|turn|7\n|\n|t:|1683353178\n|-terastallize|p2a: My Hero|Water\n|move|p2b: Tank|Rage Powder|p2b: Tank\n|-singleturn|p2b: Tank|move: Rage Powder\n|move|p2a: My Hero|Wave Crash|p1a: Gholdengo\n|-damage|p1a: Gholdengo|0 fnt\n|faint|p1a: Gholdengo\n|-damage|p2a: My Hero|71\/100|[from] Recoil\n|move|p1b: Glimmora|Sludge Bomb|p2b: Tank\n|-damage|p2b: Tank|27\/100\n|-enditem|p2b: Tank|Sitrus Berry|[eat]\n|-heal|p2b: Tank|52\/100|[from] item: Sitrus Berry\n|\n|upkeep\n|\n|t:|1683353186\n|switch|p1a: Flutter Mane|Flutter Mane, L50|100\/100\n|-enditem|p1a: Flutter Mane|Booster Energy\n|-activate|p1a: Flutter Mane|ability: Protosynthesis|[fromitem]\n|-start|p1a: Flutter Mane|protosynthesisspa\n|turn|8\n|\n|t:|1683353195\n|move|p2a: My Hero|Jet Punch|p1a: Flutter Mane\n|-damage|p1a: Flutter Mane|0 fnt\n|faint|p1a: Flutter Mane\n|-end|p1a: Flutter Mane|Protosynthesis|[silent]\n|move|p1b: Glimmora|Mortal Spin|p2b: Tank|[spread] p2a,p2b\n|-damage|p2a: My Hero|67\/100\n|-damage|p2b: Tank|48\/100\n|-status|p2a: My Hero|psn\n|move|p2b: Tank|Spore|p1b: Glimmora\n|-status|p1b: Glimmora|slp|[from] move: Spore\n|\n|-damage|p2a: My Hero|55\/100 psn|[from] psn\n|upkeep\n|turn|9\n|inactive|Jorge frost has 30 seconds left.\n|inactive|Jorge frost has 20 seconds left.\n|inactive|Jorge frost has 15 seconds left.\n|inactive|Jorge frost has 10 seconds left.\n|inactive|Jorge frost has 5 seconds left.\n|\n|t:|1683353250\n|move|p2a: My Hero|Wave Crash|p1b: Glimmora\n|-damage|p1b: Glimmora|0 fnt\n|-activate|p1b: Glimmora|ability: Toxic Debris\n|-sidestart|p2: KricketuneVGC|move: Toxic Spikes\n|faint|p1b: Glimmora\n|-damage|p2a: My Hero|25\/100 psn|[from] Recoil\n|\n|win|KricketuneVGC\n|raw|Jorge frost's rating: 1217 → 1199<\/strong> (-18 for losing)\n|raw|KricketuneVGC's rating: 1312 → 1327<\/strong> (+15 for winning)\n","uploadtime":1683353260,"views":8,"p1id":"jorgefrost","p2id":"kricketunevgc","formatid":"gen9vgc2023regulationc","rating":1199,"private":0,"password":""}