{"id":"gen9vgc2023regulationc-1857761842","p1":"lmfaowhy","p2":"Raiu Akimoto","format":"[Gen 9] VGC 2023 Regulation C","log":"|j|\u2606lmfaowhy\n|j|\u2606Raiu Akimoto\n|t:|1683229275\n|gametype|doubles\n|player|p1|lmfaowhy|veteran|1195\n|player|p2|Raiu Akimoto|n|1199\n|teamsize|p1|6\n|teamsize|p2|6\n|gen|9\n|tier|[Gen 9] VGC 2023 Regulation C\n|rated|\n|rule|Species Clause: Limit one of each Pok\u00e9mon\n|rule|Item Clause: Limit one of each item\n|clearpoke\n|poke|p1|Mimikyu, L50, F|\n|poke|p1|Chien-Pao, L50|\n|poke|p1|Dragonite, L50, F|\n|poke|p1|Gholdengo, L50|\n|poke|p1|Palafin, L50, M|\n|poke|p1|Glimmora, L50, M|\n|poke|p2|Chien-Pao, L50|\n|poke|p2|Arcanine, L50, F|\n|poke|p2|Meowscarada, L50, M|\n|poke|p2|Dragonite, L50, F|\n|poke|p2|Ting-Lu, L50|\n|poke|p2|Kingambit, L50, M|\n|teampreview|4\n|inactive|Battle timer is ON: inactive players will automatically lose when time's up. (requested by Raiu Akimoto)\n|inactive|lmfaowhy has 60 seconds left.\n|inactive|Raiu Akimoto has 60 seconds left.\nlmfaowhy has agreed to open team sheets.\n|inactive|lmfaowhy has 30 seconds left.\n|\n|t:|1683229343\n|start\n|switch|p1a: Palafin|Palafin, L50, M|100\/100\n|switch|p1b: Chien-Pao|Chien-Pao, L50|100\/100\n|switch|p2a: Arcanine|Arcanine, L50, F, shiny|100\/100\n|switch|p2b: Dragonite|Dragonite, L50, F|100\/100\n|-ability|p1b: Chien-Pao|Sword of Ruin\n|-ability|p2a: Arcanine|Intimidate|boost\n|-unboost|p1a: Palafin|atk|1\n|-unboost|p1b: Chien-Pao|atk|1\n|turn|1\n|\n|t:|1683229359\n|detailschange|p1a: Palafin|Palafin-Hero, L50, M\n|switch|p1a: Mimikyu|Mimikyu, L50, F|100\/100\n|move|p1b: Chien-Pao|Protect|p1b: Chien-Pao\n|-singleturn|p1b: Chien-Pao|Protect\n|move|p2b: Dragonite|Extreme Speed|p1b: Chien-Pao\n|-activate|p1b: Chien-Pao|move: Protect\n|move|p2a: Arcanine|Will-O-Wisp|p1b: Chien-Pao\n|-activate|p1b: Chien-Pao|move: Protect\n|\n|upkeep\n|turn|2\n|\n|t:|1683229373\n|move|p2b: Dragonite|Extreme Speed|p1b: Chien-Pao\n|-damage|p1b: Chien-Pao|56\/100\n|move|p1b: Chien-Pao|Ice Spinner|p2b: Dragonite\n|-supereffective|p2b: Dragonite\n|-damage|p2b: Dragonite|0 fnt\n|faint|p2b: Dragonite\n|move|p1a: Mimikyu|Taunt|p2a: Arcanine\n|-start|p2a: Arcanine|move: Taunt\n|move|p2a: Arcanine|Flare Blitz|p1b: Chien-Pao\n|-supereffective|p1b: Chien-Pao\n|-damage|p1b: Chien-Pao|0 fnt\n|faint|p1b: Chien-Pao\n|-damage|p2a: Arcanine|86\/100|[from] Recoil\n|\n|upkeep\n|c|\u2606lmfaowhy|nice\n|\n|t:|1683229389\n|switch|p1b: Palafin|Palafin-Hero, L50, M|100\/100\n|switch|p2b: Kingambit|Kingambit, L50, M, shiny|100\/100\n|-activate|p1b: Palafin|ability: Zero to Hero\n|turn|3\n|\n|t:|1683229401\n|switch|p2a: Chien-Pao|Chien-Pao, L50|100\/100\n|-ability|p2a: Chien-Pao|Sword of Ruin\n|move|p2b: Kingambit|Sucker Punch|p1b: Palafin\n|-damage|p1b: Palafin|37\/100\n|-damage|p2b: Kingambit|91\/100|[from] item: Life Orb\n|move|p1a: Mimikyu|Play Rough|p2b: Kingambit\n|-damage|p2b: Kingambit|44\/100\n|-damage|p1a: Mimikyu|91\/100|[from] item: Life Orb\n|move|p1b: Palafin|Wave Crash|p2b: Kingambit\n|-damage|p2b: Kingambit|0 fnt\n|faint|p2b: Kingambit\n|-damage|p1b: Palafin|22\/100|[from] Recoil\n|\n|upkeep\n|\n|t:|1683229418\n|switch|p2b: Arcanine|Arcanine, L50, F, shiny|86\/100\n|-ability|p2b: Arcanine|Intimidate|boost\n|-unboost|p1a: Mimikyu|atk|1\n|-unboost|p1b: Palafin|atk|1\n|turn|4\n|\n|t:|1683229426\n|move|p2a: Chien-Pao|Sucker Punch|p1b: Palafin\n|-damage|p1b: Palafin|0 fnt\n|faint|p1b: Palafin\n|move|p1a: Mimikyu|Play Rough|p2a: Chien-Pao\n|-supereffective|p2a: Chien-Pao\n|-damage|p2a: Chien-Pao|19\/100\n|-damage|p1a: Mimikyu|81\/100|[from] item: Life Orb\n|move|p2b: Arcanine|Will-O-Wisp|p1a: Mimikyu\n|-status|p1a: Mimikyu|brn\n|\n|-damage|p1a: Mimikyu|75\/100 brn|[from] brn\n|upkeep\n|\n|t:|1683229429\n|switch|p1b: Gholdengo|Gholdengo, L50|100\/100\n|turn|5\n|\n|t:|1683229443\n|-terastallize|p1b: Gholdengo|Water\n|move|p2a: Chien-Pao|Sucker Punch|p1b: Gholdengo\n|-damage|p1b: Gholdengo|58\/100\n|move|p1a: Mimikyu|Shadow Sneak|p2a: Chien-Pao\n|-resisted|p2a: Chien-Pao\n|-damage|p2a: Chien-Pao|14\/100\n|-damage|p1a: Mimikyu|65\/100 brn|[from] item: Life Orb\n|move|p1b: Gholdengo|Make It Rain|p2a: Chien-Pao|[spread] p2a,p2b\n|-supereffective|p2a: Chien-Pao\n|-resisted|p2b: Arcanine\n|-crit|p2b: Arcanine\n|-damage|p2a: Chien-Pao|0 fnt\n|-damage|p2b: Arcanine|46\/100\n|-unboost|p1b: Gholdengo|spa|1\n|-enditem|p2b: Arcanine|Sitrus Berry|[eat]\n|-heal|p2b: Arcanine|71\/100|[from] item: Sitrus Berry\n|faint|p2a: Chien-Pao\n|move|p2b: Arcanine|Snarl|p1b: Gholdengo|[spread] p1b\n|-miss|p2b: Arcanine|p1a: Mimikyu\n|-damage|p1b: Gholdengo|50\/100\n|-unboost|p1b: Gholdengo|spa|1\n|\n|-heal|p1b: Gholdengo|56\/100|[from] item: Leftovers\n|-damage|p1a: Mimikyu|59\/100 brn|[from] brn\n|upkeep\n|turn|6\n|\n|t:|1683229460\n|move|p1a: Mimikyu|Shadow Claw|p2b: Arcanine\n|-damage|p2b: Arcanine|58\/100\n|-damage|p1a: Mimikyu|49\/100 brn|[from] item: Life Orb\n|move|p1b: Gholdengo|Nasty Plot|p1b: Gholdengo\n|-boost|p1b: Gholdengo|spa|2\n|move|p2b: Arcanine|Snarl|p1b: Gholdengo|[spread] p1a,p1b\n|-activate|p1a: Mimikyu|ability: Disguise\n|-damage|p1a: Mimikyu|49\/100 brn\n|-damage|p1b: Gholdengo|48\/100\n|-unboost|p1a: Mimikyu|spa|1\n|-unboost|p1b: Gholdengo|spa|1\n|detailschange|p1a: Mimikyu|Mimikyu-Busted, L50, F\n|-damage|p1a: Mimikyu|36\/100 brn|[from] pokemon: Mimikyu-Busted\n|\n|-heal|p1b: Gholdengo|54\/100|[from] item: Leftovers\n|-damage|p1a: Mimikyu|30\/100 brn|[from] brn\n|upkeep\n|turn|7\n|c|\u2606lmfaowhy|wp gg\n|\n|t:|1683229480\n|move|p1a: Mimikyu|Shadow Sneak|p2b: Arcanine\n|-damage|p2b: Arcanine|50\/100\n|-damage|p1a: Mimikyu|20\/100 brn|[from] item: Life Orb\n|move|p1b: Gholdengo|Nasty Plot|p1b: Gholdengo\n|-boost|p1b: Gholdengo|spa|2\n|move|p2b: Arcanine|Snarl|p1a: Mimikyu|[spread] p1a,p1b\n|-damage|p1a: Mimikyu|10\/100 brn\n|-damage|p1b: Gholdengo|44\/100\n|-unboost|p1a: Mimikyu|spa|1\n|-unboost|p1b: Gholdengo|spa|1\n|\n|-heal|p1b: Gholdengo|50\/100|[from] item: Leftovers\n|-damage|p1a: Mimikyu|4\/100 brn|[from] brn\n|upkeep\n|turn|8\n|\n|t:|1683229495\n|move|p1a: Mimikyu|Shadow Claw|p2b: Arcanine\n|-damage|p2b: Arcanine|37\/100\n|-damage|p1a: Mimikyu|0 fnt|[from] item: Life Orb\n|faint|p1a: Mimikyu\n|move|p1b: Gholdengo|Shadow Ball|p2b: Arcanine\n|-damage|p2b: Arcanine|0 fnt\n|faint|p2b: Arcanine\n|\n|win|lmfaowhy\n|raw|lmfaowhy's rating: 1195 → 1220<\/strong> (+25 for winning)\n|raw|Raiu Akimoto's rating: 1199 → 1174<\/strong> (-25 for losing)\n|l|\u2606Raiu Akimoto\n","uploadtime":1683229509,"views":6,"p1id":"lmfaowhy","p2id":"raiuakimoto","formatid":"gen9vgc2023regulationc","rating":1174,"private":0,"password":""}