{"id":"gen9vgc2023regulationc-1852508140","p1":"Accio97","p2":"kuikoo","format":"[Gen 9] VGC 2023 Regulation C","log":"|j|\u2606Accio97\n|j|\u2606kuikoo\n|t:|1682567035\n|gametype|doubles\n|player|p1|Accio97|102|1135\n|player|p2|kuikoo|101|1159\n|teamsize|p1|6\n|teamsize|p2|6\n|gen|9\n|tier|[Gen 9] VGC 2023 Regulation C\n|rated|\n|rule|Species Clause: Limit one of each Pok\u00e9mon\n|rule|Item Clause: Limit one of each item\n|clearpoke\n|poke|p1|Indeedee-F, L50, F|\n|poke|p1|Hatterene, L50, F|\n|poke|p1|Torkoal, L50, M|\n|poke|p1|Ting-Lu, L50|\n|poke|p1|Iron Hands, L50|\n|poke|p1|Glimmora, L50, F|\n|poke|p2|Gyarados, L50, F|\n|poke|p2|Annihilape, L50, F|\n|poke|p2|Tsareena, L50, F|\n|poke|p2|Scream Tail, L50|\n|poke|p2|Ting-Lu, L50|\n|poke|p2|Dragonite, L50, M|\n|teampreview|4\n|\n|t:|1682567079\n|start\n|switch|p1a: Indeedee|Indeedee-F, L50, F, shiny|100\/100\n|switch|p1b: Hatterene|Hatterene, L50, F, shiny|100\/100\n|switch|p2a: Gyarados|Gyarados, L50, F|100\/100\n|switch|p2b: Scream Tail|Scream Tail, L50|100\/100\n|-fieldstart|move: Psychic Terrain|[from] ability: Psychic Surge|[of] p1a: Indeedee\n|-enditem|p1a: Indeedee|Psychic Seed\n|-boost|p1a: Indeedee|spd|1|[from] item: Psychic Seed\n|-ability|p2a: Gyarados|Intimidate|boost\n|-unboost|p1a: Indeedee|atk|1\n|-unboost|p1b: Hatterene|atk|1\n|-enditem|p2b: Scream Tail|Booster Energy\n|-activate|p2b: Scream Tail|ability: Protosynthesis|[fromitem]\n|-start|p2b: Scream Tail|protosynthesisspe\n|turn|1\n|inactive|Battle timer is ON: inactive players will automatically lose when time's up. (requested by Accio97)\n|inactive|Accio97 has 60 seconds left.\n|inactive|Accio97 has 30 seconds left.\n|\n|t:|1682567142\n|move|p1a: Indeedee|Follow Me|p1a: Indeedee\n|-singleturn|p1a: Indeedee|move: Follow Me\n|move|p2b: Scream Tail|Thunder Wave|p1a: Indeedee\n|-status|p1a: Indeedee|par\n|move|p2a: Gyarados|Taunt|p1a: Indeedee\n|-start|p1a: Indeedee|move: Taunt\n|move|p1b: Hatterene|Trick Room|p1b: Hatterene\n|-fieldstart|move: Trick Room|[of] p1b: Hatterene\n|\n|upkeep\n|turn|2\n|inactive|Accio97 has 30 seconds left.\n|inactive|Accio97 has 20 seconds left.\n|inactive|Accio97 has 15 seconds left.\n|\n|t:|1682567183\n|switch|p1a: Iron Hands|Iron Hands, L50, shiny|100\/100\n|move|p1b: Hatterene|Dazzling Gleam|p2a: Gyarados|[spread] p2a,p2b\n|-damage|p2a: Gyarados|65\/100\n|-damage|p2b: Scream Tail|72\/100\n|-damage|p1b: Hatterene|91\/100|[from] item: Life Orb\n|move|p2a: Gyarados|Waterfall|p1b: Hatterene\n|-damage|p1b: Hatterene|54\/100\n|move|p2b: Scream Tail|Light Screen|p2b: Scream Tail\n|-sidestart|p2: kuikoo|move: Light Screen\n|\n|upkeep\n|turn|3\n|\n|t:|1682567202\n|switch|p1b: Torkoal|Torkoal, L50, M, shiny|100\/100\n|-weather|SunnyDay|[from] ability: Drought|[of] p1b: Torkoal\n|switch|p2a: Ting-Lu|Ting-Lu, L50|100\/100\n|-ability|p2a: Ting-Lu|Vessel of Ruin\n|move|p1a: Iron Hands|Wild Charge|p2a: Ting-Lu\n|-immune|p2a: Ting-Lu\n|move|p2b: Scream Tail|Reflect|p2b: Scream Tail\n|-sidestart|p2: kuikoo|Reflect\n|\n|-weather|SunnyDay|[upkeep]\n|upkeep\n|turn|4\n|inactive|Accio97 has 30 seconds left.\n|inactive|Accio97 has 20 seconds left.\n|\n|t:|1682567242\n|-end|p2b: Scream Tail|Protosynthesis|[silent]\n|switch|p2b: Annihilape|Annihilape, L50, F|100\/100\n|-terastallize|p1b: Torkoal|Fire\n|move|p1b: Torkoal|Eruption|p2a: Ting-Lu|[spread] p2a,p2b\n|-damage|p2a: Ting-Lu|68\/100\n|-damage|p2b: Annihilape|58\/100\n|move|p1a: Iron Hands|Ice Punch|p2a: Ting-Lu\n|-supereffective|p2a: Ting-Lu\n|-damage|p2a: Ting-Lu|46\/100\n|-enditem|p2a: Ting-Lu|Weakness Policy\n|-boost|p2a: Ting-Lu|atk|2|[from] item: Weakness Policy\n|-boost|p2a: Ting-Lu|spa|2|[from] item: Weakness Policy\n|move|p2a: Ting-Lu|Stomping Tantrum|p1b: Torkoal\n|-supereffective|p1b: Torkoal\n|-damage|p1b: Torkoal|15\/100\n|\n|-weather|SunnyDay|[upkeep]\n|upkeep\n|turn|5\n|inactive|Accio97 has 30 seconds left.\n|inactive|Accio97 has 20 seconds left.\n|inactive|Accio97 has 15 seconds left.\n|inactive|Accio97 has 10 seconds left.\n|\n|t:|1682567289\n|-terastallize|p2b: Annihilape|Fire\n|move|p1b: Torkoal|Heat Wave|p2b: Annihilape|[spread] p2a\n|-miss|p1b: Torkoal|p2b: Annihilape\n|-damage|p2a: Ting-Lu|22\/100\n|move|p1a: Iron Hands|Drain Punch|p2a: Ting-Lu\n|-supereffective|p2a: Ting-Lu\n|-damage|p2a: Ting-Lu|0 fnt\n|faint|p2a: Ting-Lu\n|move|p2b: Annihilape|Drain Punch|p1a: Iron Hands\n|-damage|p1a: Iron Hands|80\/100\n|-heal|p2b: Annihilape|69\/100|[from] drain|[of] p1a: Iron Hands\n|\n|-weather|SunnyDay|[upkeep]\n|-fieldend|move: Trick Room\n|-fieldend|move: Psychic Terrain\n|upkeep\n|\n|t:|1682567306\n|switch|p2a: Scream Tail|Scream Tail, L50|72\/100\n|-activate|p2a: Scream Tail|ability: Protosynthesis\n|-start|p2a: Scream Tail|protosynthesisspe\n|turn|6\n|inactive|Accio97 has 30 seconds left.\n|\n|t:|1682567335\n|move|p1b: Torkoal|Protect|p1b: Torkoal\n|-singleturn|p1b: Torkoal|Protect\n|move|p2a: Scream Tail|Howl|p2a: Scream Tail|[spread] p2a,p2b\n|-boost|p2a: Scream Tail|atk|1\n|-boost|p2b: Annihilape|atk|1\n|move|p2b: Annihilape|Rage Fist|p1a: Iron Hands\n|-damage|p1a: Iron Hands|43\/100\n|move|p1a: Iron Hands|Wild Charge|p2b: Annihilape\n|-damage|p2b: Annihilape|36\/100\n|-damage|p1a: Iron Hands|35\/100|[from] Recoil\n|\n|-weather|SunnyDay|[upkeep]\n|-sideend|p2: kuikoo|move: Light Screen\n|upkeep\n|turn|7\n|\n|t:|1682567356\n|move|p2a: Scream Tail|Howl|p2a: Scream Tail|[spread] p2a,p2b\n|-boost|p2a: Scream Tail|atk|1\n|-boost|p2b: Annihilape|atk|1\n|move|p2b: Annihilape|Rage Fist|p1a: Iron Hands\n|-damage|p1a: Iron Hands|0 fnt\n|faint|p1a: Iron Hands\n|-end|p1a: Iron Hands|Quark Drive|[silent]\n|move|p1b: Torkoal|Clear Smog|p2b: Annihilape\n|-damage|p2b: Annihilape|24\/100\n|-clearboost|p2b: Annihilape\n|\n|-weather|none\n|-end|p2a: Scream Tail|Protosynthesis\n|-sideend|p2: kuikoo|Reflect\n|upkeep\n|\n|t:|1682567373\n|switch|p1a: Indeedee|Indeedee-F, L50, F, shiny|100\/100 par\n|-fieldstart|move: Psychic Terrain|[from] ability: Psychic Surge|[of] p1a: Indeedee\n|turn|8\n|\n|t:|1682567392\n|move|p1b: Torkoal|Protect|p1b: Torkoal\n|-singleturn|p1b: Torkoal|Protect\n|move|p2a: Scream Tail|Light Screen|p2a: Scream Tail\n|-sidestart|p2: kuikoo|move: Light Screen\n|move|p2b: Annihilape|Drain Punch|p1b: Torkoal\n|-activate|p1b: Torkoal|move: Protect\n|cant|p1a: Indeedee|par\n|\n|upkeep\n|turn|9\n|\n|t:|1682567407\n|switch|p1b: Hatterene|Hatterene, L50, F, shiny|54\/100\n|move|p2a: Scream Tail|Howl|p2a: Scream Tail|[spread] p2a,p2b\n|-boost|p2a: Scream Tail|atk|1\n|-boost|p2b: Annihilape|atk|1\n|move|p2b: Annihilape|Drain Punch|p1a: Indeedee\n|-damage|p1a: Indeedee|60\/100 par\n|-heal|p2b: Annihilape|41\/100|[from] drain|[of] p1a: Indeedee\n|move|p1a: Indeedee|Trick Room|p1a: Indeedee\n|-fieldstart|move: Trick Room|[of] p1a: Indeedee\n|\n|upkeep\n|turn|10\n|\n|t:|1682567432\n|move|p1a: Indeedee|Follow Me|p1a: Indeedee\n|-singleturn|p1a: Indeedee|move: Follow Me\n|move|p1b: Hatterene|Psychic|p2b: Annihilape\n|-damage|p2b: Annihilape|0 fnt\n|faint|p2b: Annihilape\n|-damage|p1b: Hatterene|44\/100|[from] item: Life Orb\n|move|p2a: Scream Tail|Howl|p2a: Scream Tail\n|-boost|p2a: Scream Tail|atk|1\n|\n|upkeep\n|\n|t:|1682567442\n|switch|p2b: Gyarados|Gyarados, L50, F|65\/100\n|-ability|p2b: Gyarados|Intimidate|boost\n|-unboost|p1a: Indeedee|atk|1\n|-unboost|p1b: Hatterene|atk|1\n|turn|11\n|inactive|Accio97 has 30 seconds left.\n|inactive|Accio97 has 20 seconds left.\n|inactive|Accio97 has 15 seconds left.\n|inactive|Accio97 has 10 seconds left.\n|\n|t:|1682567488\n|move|p2b: Gyarados|Protect|p2b: Gyarados\n|-singleturn|p2b: Gyarados|Protect\n|move|p1a: Indeedee|Follow Me|p1a: Indeedee\n|-singleturn|p1a: Indeedee|move: Follow Me\n|move|p1b: Hatterene|Psychic|p2b: Gyarados\n|-activate|p2b: Gyarados|move: Protect\n|move|p2a: Scream Tail|Howl|p2a: Scream Tail|[spread] p2a,p2b\n|-boost|p2a: Scream Tail|atk|1\n|-boost|p2b: Gyarados|atk|1\n|\n|upkeep\n|turn|12\n|\n|t:|1682567507\n|switch|p1a: Torkoal|Torkoal, L50, M, shiny, tera:Fire|15\/100\n|-weather|SunnyDay|[from] ability: Drought|[of] p1a: Torkoal\n|-activate|p2a: Scream Tail|ability: Protosynthesis\n|-start|p2a: Scream Tail|protosynthesisatk\n|move|p1b: Hatterene|Psychic|p2b: Gyarados\n|-damage|p2b: Gyarados|22\/100\n|-unboost|p2b: Gyarados|spd|1\n|-enditem|p2b: Gyarados|Sitrus Berry|[eat]\n|-heal|p2b: Gyarados|47\/100|[from] item: Sitrus Berry\n|-damage|p1b: Hatterene|35\/100|[from] item: Life Orb\n|move|p2b: Gyarados|Waterfall|p2a: Scream Tail\n|-damage|p2a: Scream Tail|54\/100\n|move|p2a: Scream Tail|Howl|p2a: Scream Tail|[spread] p2a,p2b\n|-boost|p2a: Scream Tail|atk|1\n|-boost|p2b: Gyarados|atk|1\n|\n|-weather|SunnyDay|[upkeep]\n|-sideend|p2: kuikoo|move: Light Screen\n|-fieldend|move: Psychic Terrain\n|upkeep\n|turn|13\n|inactive|Accio97 has 30 seconds left.\n|\n|t:|1682567538\n|switch|p1b: Indeedee|Indeedee-F, L50, F, shiny|60\/100 par\n|-fieldstart|move: Psychic Terrain|[from] ability: Psychic Surge|[of] p1b: Indeedee\n|move|p2b: Gyarados|Protect|p2b: Gyarados\n|-singleturn|p2b: Gyarados|Protect\n|move|p1a: Torkoal|Heat Wave|p2b: Gyarados|[spread] p2a\n|-activate|p2b: Gyarados|move: Protect\n|-damage|p2a: Scream Tail|2\/100\n|move|p2a: Scream Tail|Light Screen|p2a: Scream Tail\n|-sidestart|p2: kuikoo|move: Light Screen\n|\n|-weather|SunnyDay|[upkeep]\n|-fieldend|move: Trick Room\n|upkeep\n|turn|14\n|inactive|Accio97 has 30 seconds left.\n|inactive|Accio97 has 20 seconds left.\n|\n|t:|1682567576\n|move|p2a: Scream Tail|Howl|p2a: Scream Tail|[spread] p2a,p2b\n|-boost|p2a: Scream Tail|atk|0\n|-boost|p2b: Gyarados|atk|1\n|move|p2b: Gyarados|Waterfall|p1b: Indeedee\n|-damage|p1b: Indeedee|22\/100 par\n|move|p1a: Torkoal|Heat Wave|p2b: Gyarados|[spread] p2a\n|-miss|p1a: Torkoal|p2b: Gyarados\n|-damage|p2a: Scream Tail|0 fnt\n|faint|p2a: Scream Tail\n|-end|p2a: Scream Tail|Protosynthesis|[silent]\n|cant|p1b: Indeedee|flinch\n|\n|-weather|SunnyDay|[upkeep]\n|upkeep\n|turn|15\n|\n|t:|1682567598\n|move|p2b: Gyarados|Waterfall|p1b: Indeedee\n|-damage|p1b: Indeedee|0 fnt\n|faint|p1b: Indeedee\n|move|p1a: Torkoal|Clear Smog|p2b: Gyarados\n|-damage|p2b: Gyarados|36\/100\n|-clearboost|p2b: Gyarados\n|\n|-weather|SunnyDay|[upkeep]\n|upkeep\n|\n|t:|1682567607\n|switch|p1b: Hatterene|Hatterene, L50, F, shiny|35\/100\n|turn|16\n|\n|t:|1682567616\n|move|p2b: Gyarados|Protect|p2b: Gyarados\n|-singleturn|p2b: Gyarados|Protect\n|move|p1a: Torkoal|Protect|p1a: Torkoal\n|-singleturn|p1a: Torkoal|Protect\n|move|p1b: Hatterene|Trick Room|p1b: Hatterene\n|-fieldstart|move: Trick Room|[of] p1b: Hatterene\n|\n|-weather|none\n|upkeep\n|turn|17\n|inactive|Accio97 has 30 seconds left.\n|\n|t:|1682567627\n|move|p1a: Torkoal|Heat Wave|p2b: Gyarados\n|-resisted|p2b: Gyarados\n|-damage|p2b: Gyarados|19\/100\n|-status|p2b: Gyarados|brn\n|move|p1b: Hatterene|Psychic|p2b: Gyarados\n|-damage|p2b: Gyarados|0 fnt\n|faint|p2b: Gyarados\n|-damage|p1b: Hatterene|25\/100|[from] item: Life Orb\n|\n|win|Accio97\n|inactive|Accio97 has 25 seconds left this turn.\n|raw|Accio97's rating: 1135 → 1162<\/strong> (+27 for winning)\n|raw|kuikoo's rating: 1159 → 1132<\/strong> (-27 for losing)\n|l|\u2606kuikoo\n|l|\u2606Accio97\n|j|\u2606kuikoo\n|player|p2|kuikoo|101\n","uploadtime":1682567644,"views":8,"p1id":"accio97","p2id":"kuikoo","formatid":"gen9vgc2023regulationc","rating":1132,"private":0,"password":""}