{"id":"gen9vgc2023regulationc-1858489782","p1":"codyhat","p2":"Benjaturtle","format":"[Gen 9] VGC 2023 Regulation C","log":"|j|\u2606codyhat\n|j|\u2606Benjaturtle\n|t:|1683317446\n|gametype|doubles\n|player|p1|codyhat|volkner|1229\n|player|p2|Benjaturtle|infielder|1157\n|teamsize|p1|6\n|teamsize|p2|6\n|gen|9\n|tier|[Gen 9] VGC 2023 Regulation C\n|rated|\n|rule|Species Clause: Limit one of each Pok\u00e9mon\n|rule|Item Clause: Limit one of each item\n|clearpoke\n|poke|p1|Abomasnow, L50, F|\n|poke|p1|Cetitan, L50, M|\n|poke|p1|Iron Bundle, L50|\n|poke|p1|Arcanine, L50, F|\n|poke|p1|Chi-Yu, L50|\n|poke|p1|Flutter Mane, L50|\n|poke|p2|Scream Tail, L50|\n|poke|p2|Maushold-Four, L50|\n|poke|p2|Amoonguss, L50, F|\n|poke|p2|Palafin, L50, F|\n|poke|p2|Flutter Mane, L50|\n|poke|p2|Arcanine, L50, F|\n|teampreview|4\n|\n|t:|1683317463\n|start\n|switch|p1a: Abomasnow|Abomasnow, L50, F|100\/100\n|switch|p1b: Iron Bundle|Iron Bundle, L50|100\/100\n|switch|p2a: Scream Tail|Scream Tail, L50|100\/100\n|switch|p2b: Maushold|Maushold-Four, L50|100\/100\n|-weather|Snow|[from] ability: Snow Warning|[of] p1a: Abomasnow\n|-enditem|p1b: Iron Bundle|Booster Energy\n|-activate|p1b: Iron Bundle|ability: Quark Drive|[fromitem]\n|-start|p1b: Iron Bundle|quarkdrivespe\n|-enditem|p2a: Scream Tail|Booster Energy\n|-activate|p2a: Scream Tail|ability: Protosynthesis|[fromitem]\n|-start|p2a: Scream Tail|protosynthesisspe\n|turn|1\n|inactive|Battle timer is ON: inactive players will automatically lose when time's up. (requested by Benjaturtle)\n|\n|t:|1683317479\n|-terastallize|p2b: Maushold|Normal\n|move|p1b: Iron Bundle|Blizzard|p2a: Scream Tail|[spread] p2a,p2b\n|-damage|p2a: Scream Tail|72\/100\n|-damage|p2b: Maushold|46\/100\n|move|p2a: Scream Tail|Howl|p2a: Scream Tail|[spread] p2a,p2b\n|-boost|p2a: Scream Tail|atk|1\n|-boost|p2b: Maushold|atk|1\n|move|p2b: Maushold|Population Bomb|p1b: Iron Bundle\n|-damage|p1b: Iron Bundle|82\/100\n|-damage|p1b: Iron Bundle|61\/100\n|-damage|p1b: Iron Bundle|41\/100\n|-damage|p1b: Iron Bundle|20\/100\n|-damage|p1b: Iron Bundle|0 fnt\n|faint|p1b: Iron Bundle\n|-end|p1b: Iron Bundle|Quark Drive|[silent]\n|-hitcount|p1: Iron Bundle|5\n|move|p1a: Abomasnow|Blizzard|p2a: Scream Tail|[spread] p2a,p2b\n|-damage|p2a: Scream Tail|50\/100\n|-damage|p2b: Maushold|11\/100\n|-status|p2b: Maushold|frz\n|\n|-weather|Snow|[upkeep]\n|upkeep\n|\n|t:|1683317500\n|switch|p1b: Cetitan|Cetitan, L50, M|100\/100\n|turn|2\n|\n|t:|1683317509\n|move|p1b: Cetitan|Ice Spinner|p2a: Scream Tail\n|-damage|p2a: Scream Tail|23\/100\n|move|p2a: Scream Tail|Play Rough|p1b: Cetitan\n|-damage|p1b: Cetitan|73\/100\n|cant|p2b: Maushold|frz\n|move|p1a: Abomasnow|Blizzard|p2a: Scream Tail|[spread] p2a,p2b\n|-damage|p2a: Scream Tail|3\/100\n|-damage|p2b: Maushold|0 fnt\n|faint|p2b: Maushold\n|\n|-weather|Snow|[upkeep]\n|-heal|p1b: Cetitan|79\/100|[from] item: Leftovers\n|upkeep\n|\n|t:|1683317519\n|switch|p2b: Arcanine|Arcanine, L50, F|100\/100\n|-ability|p2b: Arcanine|Intimidate|boost\n|-unboost|p1a: Abomasnow|atk|1\n|-unboost|p1b: Cetitan|atk|1\n|turn|3\n|\n|t:|1683317527\n|-terastallize|p1b: Cetitan|Water\n|move|p1b: Cetitan|Liquidation|p2b: Arcanine\n|-supereffective|p2b: Arcanine\n|-damage|p2b: Arcanine|48\/100\n|move|p2a: Scream Tail|Howl|p2a: Scream Tail|[spread] p2a,p2b\n|-boost|p2a: Scream Tail|atk|1\n|-boost|p2b: Arcanine|atk|1\n|move|p2b: Arcanine|Close Combat|p1b: Cetitan\n|-damage|p1b: Cetitan|0 fnt\n|-unboost|p2b: Arcanine|def|1\n|-unboost|p2b: Arcanine|spd|1\n|faint|p1b: Cetitan\n|move|p1a: Abomasnow|Blizzard|p2b: Arcanine|[spread] p2a,p2b\n|-resisted|p2b: Arcanine\n|-damage|p2a: Scream Tail|0 fnt\n|-damage|p2b: Arcanine|24\/100\n|faint|p2a: Scream Tail\n|-end|p2a: Scream Tail|Protosynthesis|[silent]\n|\n|-weather|Snow|[upkeep]\n|upkeep\n|\n|t:|1683317544\n|switch|p2a: Flutter Mane|Flutter Mane, L50|100\/100\n|switch|p1b: Arcanine|Arcanine, L50, F|100\/100\n|-ability|p1b: Arcanine|Intimidate|boost\n|-unboost|p2a: Flutter Mane|atk|1\n|-unboost|p2b: Arcanine|atk|1\n|turn|4\n|\n|t:|1683317562\n|move|p2a: Flutter Mane|Dazzling Gleam|p1b: Arcanine|[spread] p1a,p1b\n|-resisted|p1b: Arcanine\n|-damage|p1a: Abomasnow|67\/100\n|-damage|p1b: Arcanine|78\/100\n|move|p1b: Arcanine|Flare Blitz|p2a: Flutter Mane\n|-enditem|p2a: Flutter Mane|Focus Sash\n|-damage|p2a: Flutter Mane|1\/100\n|-damage|p1b: Arcanine|52\/100|[from] Recoil\n|move|p2b: Arcanine|Close Combat|p1a: Abomasnow\n|-supereffective|p1a: Abomasnow\n|-damage|p1a: Abomasnow|0 fnt\n|-unboost|p2b: Arcanine|def|1\n|-unboost|p2b: Arcanine|spd|1\n|faint|p1a: Abomasnow\n|\n|-weather|Snow|[upkeep]\n|upkeep\n|turn|5\n|-message|codyhat forfeited.\n|\n|win|Benjaturtle\n|raw|codyhat's rating: 1229 → 1199<\/strong> (-30 for losing)\n|raw|Benjaturtle's rating: 1157 → 1187<\/strong> (+30 for winning)\n|l|\u2606codyhat\n","uploadtime":1683317580,"views":4,"p1id":"codyhat","p2id":"benjaturtle","formatid":"gen9vgc2023regulationc","rating":1187,"private":0,"password":""}