{"id":"gen9vgc2023regulationc-1845740159","p1":"Keveloper","p2":"muddyswamppert","format":"[Gen 9] VGC 2023 Regulation C","log":"|j|\u2606Keveloper\n|j|\u2606muddyswamppert\n|t:|1681760174\n|gametype|doubles\n|player|p1|Keveloper|ash|\n|player|p2|muddyswamppert|cynthia-gen4|\n|teamsize|p1|6\n|teamsize|p2|6\n|gen|9\n|tier|[Gen 9] VGC 2023 Regulation C\n|rule|Species Clause: Limit one of each Pok\u00e9mon\n|rule|Item Clause: Limit one of each item\n|clearpoke\n|poke|p1|Orthworm, L50, F|\n|poke|p1|Dragonite, L50, M|\n|poke|p1|Ting-Lu, L50|\n|poke|p1|Gyarados, L50, F|\n|poke|p1|Flutter Mane, L50|\n|poke|p1|Chien-Pao, L50|\n|poke|p2|Garchomp, L50, F|\n|poke|p2|Garganacl, L50, M|\n|poke|p2|Ceruledge, L50, M|\n|poke|p2|Amoonguss, L50, F|\n|poke|p2|Gyarados, L50, M|\n|poke|p2|Chien-Pao, L50|\n|teampreview|4\n|inactive|Battle timer is ON: inactive players will automatically lose when time's up. (requested by muddyswamppert)\n|c|\u2606Keveloper|orthworm clutch\n|c|\u2606muddyswamppert|new team glhf\n|c|\u2606Keveloper|u2!\nmuddyswamppert has agreed to open team sheets.\n|inactive|Keveloper has 60 seconds left.\nKeveloper has agreed to open team sheets.\n|inactive|Keveloper has 30 seconds left.\n|inactive|Keveloper has 20 seconds left.\n|\n|t:|1681760245\n|start\n|switch|p1a: Chien-Pao|Chien-Pao, L50|100\/100\n|switch|p1b: Orthworm|Orthworm, L50, F|100\/100\n|switch|p2a: Ceruledge|Ceruledge, L50, M|100\/100\n|switch|p2b: Amoonguss|Amoonguss, L50, F|100\/100\n|-ability|p1a: Chien-Pao|Sword of Ruin\n|turn|1\n|\n|t:|1681760262\n|move|p1a: Chien-Pao|Protect|p1a: Chien-Pao\n|-singleturn|p1a: Chien-Pao|Protect\n|move|p2b: Amoonguss|Rage Powder|p2b: Amoonguss\n|-singleturn|p2b: Amoonguss|move: Rage Powder\n|move|p2a: Ceruledge|Bitter Blade|p1a: Chien-Pao\n|-activate|p1a: Chien-Pao|move: Protect\n|move|p1b: Orthworm|Shed Tail|p1b: Orthworm\n|-start|p1b: Orthworm|Substitute|[from] move: Shed Tail\n|-damage|p1b: Orthworm|50\/100\n|-enditem|p1b: Orthworm|Sitrus Berry|[eat]\n|-heal|p1b: Orthworm|75\/100|[from] item: Sitrus Berry\n|\n|t:|1681760274\n|switch|p1b: Dragonite|Dragonite, L50, M|100\/100|[from] Shed Tail\n|\n|upkeep\n|turn|2\n|\n|t:|1681760289\n|switch|p1a: Orthworm|Orthworm, L50, F|75\/100\n|move|p2a: Ceruledge|Shadow Sneak|p1b: Dragonite\n|-crit|p1b: Dragonite\n|-activate|p1b: Dragonite|move: Substitute|[damage]\n|move|p1b: Dragonite|Earthquake|p2a: Ceruledge|[spread] p2a,p2b\n|-heal|p1a: Orthworm|100\/100|[from] ability: Earth Eater|[of] p1b: Dragonite\n|-supereffective|p2a: Ceruledge\n|-crit|p2a: Ceruledge\n|-damage|p2a: Ceruledge|17\/100\n|-damage|p2b: Amoonguss|78\/100\n|move|p2b: Amoonguss|Pollen Puff|p1a: Orthworm\n|-resisted|p1a: Orthworm\n|-damage|p1a: Orthworm|89\/100\n|\n|upkeep\n|turn|3\n|\n|t:|1681760308\n|move|p2a: Ceruledge|Protect|p2a: Ceruledge\n|-singleturn|p2a: Ceruledge|Protect\n|move|p1b: Dragonite|Earthquake|p2a: Ceruledge|[spread] p2b\n|-activate|p2a: Ceruledge|move: Protect\n|-heal|p1a: Orthworm|100\/100|[from] ability: Earth Eater|[of] p1b: Dragonite\n|-damage|p2b: Amoonguss|54\/100\n|move|p1a: Orthworm|Shed Tail|p1a: Orthworm\n|-start|p1a: Orthworm|Substitute|[from] move: Shed Tail\n|-damage|p1a: Orthworm|50\/100\n|\n|t:|1681760319\n|switch|p1a: Chien-Pao|Chien-Pao, L50|100\/100|[from] Shed Tail\n|-ability|p1a: Chien-Pao|Sword of Ruin\n|move|p2b: Amoonguss|Pollen Puff|p1b: Dragonite\n|-resisted|p1b: Dragonite\n|-activate|p1b: Dragonite|move: Substitute|[damage]\n|\n|upkeep\n|turn|4\n|\n|t:|1681760335\n|move|p1a: Chien-Pao|Ice Spinner|p2b: Amoonguss\n|-supereffective|p2b: Amoonguss\n|-damage|p2b: Amoonguss|0 fnt\n|faint|p2b: Amoonguss\n|move|p1b: Dragonite|Earthquake|p2a: Ceruledge|[spread] p1a,p2a\n|-end|p1a: Chien-Pao|Substitute\n|-supereffective|p2a: Ceruledge\n|-damage|p2a: Ceruledge|0 fnt\n|faint|p2a: Ceruledge\n|\n|upkeep\n|\n|t:|1681760340\n|switch|p2a: Gyarados|Gyarados, L50, M|100\/100\n|switch|p2b: Garchomp|Garchomp, L50, F|100\/100\n|-ability|p2a: Gyarados|Intimidate|boost\n|-unboost|p1a: Chien-Pao|atk|1\n|-immune|p1b: Dragonite\n|turn|5\n|inactive|Keveloper has 30 seconds left.\n|inactive|Keveloper has 20 seconds left.\n|inactive|Keveloper has 15 seconds left.\n|\n|t:|1681760384\n|switch|p1a: Orthworm|Orthworm, L50, F|50\/100\n|-terastallize|p2b: Garchomp|Fire\n|move|p2b: Garchomp|Earthquake|p1b: Dragonite|[spread] \n|-heal|p1a: Orthworm|75\/100|[from] ability: Earth Eater|[of] p2b: Garchomp\n|-immune|p2a: Gyarados\n|-immune|p1b: Dragonite\n|move|p1b: Dragonite|Earthquake|p2b: Garchomp|[spread] p2b\n|-heal|p1a: Orthworm|100\/100|[from] ability: Earth Eater|[of] p1b: Dragonite\n|-immune|p2a: Gyarados\n|-supereffective|p2b: Garchomp\n|-damage|p2b: Garchomp|46\/100\n|move|p2a: Gyarados|Waterfall|p1a: Orthworm\n|-crit|p1a: Orthworm\n|-damage|p1a: Orthworm|49\/100\n|\n|upkeep\n|turn|6\n|inactive|Keveloper has 30 seconds left.\n|\n|t:|1681760418\n|move|p2b: Garchomp|Dragon Claw|p1b: Dragonite\n|-supereffective|p1b: Dragonite\n|-end|p1b: Dragonite|Substitute\n|-damage|p2b: Garchomp|36\/100|[from] item: Life Orb\n|move|p1b: Dragonite|Earthquake|p2b: Garchomp|[spread] p2b\n|-heal|p1a: Orthworm|74\/100|[from] ability: Earth Eater|[of] p1b: Dragonite\n|-immune|p2a: Gyarados\n|-supereffective|p2b: Garchomp\n|-damage|p2b: Garchomp|0 fnt\n|faint|p2b: Garchomp\n|move|p2a: Gyarados|Waterfall|p1a: Orthworm\n|-damage|p1a: Orthworm|38\/100\n|move|p1a: Orthworm|Iron Defense|p1a: Orthworm\n|-boost|p1a: Orthworm|def|2\n|\n|upkeep\n|turn|7\n|\n|t:|1681760442\n|move|p1b: Dragonite|Earthquake|p2a: Gyarados|[spread] \n|-heal|p1a: Orthworm|63\/100|[from] ability: Earth Eater|[of] p1b: Dragonite\n|-immune|p2a: Gyarados\n|move|p2a: Gyarados|Dragon Dance|p2a: Gyarados\n|-boost|p2a: Gyarados|atk|1\n|-boost|p2a: Gyarados|spe|1\n|move|p1a: Orthworm|Iron Defense|p1a: Orthworm\n|-boost|p1a: Orthworm|def|2\n|\n|upkeep\n|turn|8\n|\n|t:|1681760457\n|move|p2a: Gyarados|Waterfall|p1b: Dragonite\n|-resisted|p1b: Dragonite\n|-damage|p1b: Dragonite|80\/100\n|move|p1b: Dragonite|Dragon Dance|p1b: Dragonite\n|-boost|p1b: Dragonite|atk|1\n|-boost|p1b: Dragonite|spe|1\n|move|p1a: Orthworm|Iron Defense|p1a: Orthworm\n|-boost|p1a: Orthworm|def|2\n|\n|upkeep\n|turn|9\n|\n|t:|1681760474\n|move|p1b: Dragonite|Extreme Speed|p2a: Gyarados\n|-damage|p2a: Gyarados|49\/100\n|move|p2a: Gyarados|Waterfall|p1b: Dragonite\n|-resisted|p1b: Dragonite\n|-damage|p1b: Dragonite|40\/100\n|move|p1a: Orthworm|Body Press|p2a: Gyarados\n|-resisted|p2a: Gyarados\n|-damage|p2a: Gyarados|0 fnt\n|faint|p2a: Gyarados\n|\n|win|Keveloper\n|c|\u2606muddyswamppert|gg\n|c|\u2606Keveloper|gg\n|l|\u2606muddyswamppert\n","uploadtime":1681760484,"views":4,"p1id":"keveloper","p2id":"muddyswamppert","formatid":"gen9vgc2023regulationc","rating":0,"private":0,"password":""}