{"id":"gen9vgc2023regulationc-1856858062","p1":"CampionedeiNovanta","p2":"Infernape314","format":"[Gen 9] VGC 2023 Regulation C","log":"|j|\u2606CampionedeiNovanta\n|j|\u203dInfernape314\n|t:|1683120056\n|gametype|doubles\n|player|p1|CampionedeiNovanta|cyclist|\n|player|p2|Infernape314|1|\n|teamsize|p1|6\n|teamsize|p2|6\n|gen|9\n|tier|[Gen 9] VGC 2023 Regulation C\n|rated|Tournament battle\n|rule|Species Clause: Limit one of each Pok\u00e9mon\n|rule|Item Clause: Limit one of each item\n|clearpoke\n|poke|p1|Iron Hands, L50|\n|poke|p1|Ting-Lu, L50|\n|poke|p1|Amoonguss, L50, F|\n|poke|p1|Gyarados, L50, F|\n|poke|p1|Iron Bundle, L50|\n|poke|p1|Flutter Mane, L50|\n|poke|p2|Palafin, L50, F|\n|poke|p2|Amoonguss, L50, F|\n|poke|p2|Pelipper, L50, F|\n|poke|p2|Iron Hands, L50|\n|poke|p2|Chien-Pao, L50|\n|poke|p2|Salamence, L50, M|\n|teampreview|4\n|inactive|Battle timer is ON: inactive players will automatically lose when time's up. (requested by Infernape314)\n|inactive|CampionedeiNovanta has 60 seconds left.\n|\n|t:|1683120103\n|start\n|switch|p1a: Amoonguss|Amoonguss, L50, F|100\/100\n|switch|p1b: Iron Hands|Iron Hands, L50|100\/100\n|switch|p2a: Iron Hands|Iron Hands, L50|100\/100\n|switch|p2b: Chien-Pao|Chien-Pao, L50|100\/100\n|-ability|p2b: Chien-Pao|Sword of Ruin\n|turn|1\n|\n|t:|1683120116\n|-terastallize|p1a: Amoonguss|Water\n|move|p2a: Iron Hands|Fake Out|p1b: Iron Hands\n|-crit|p1b: Iron Hands\n|-damage|p1b: Iron Hands|79\/100\n|move|p2b: Chien-Pao|Ice Spinner|p1a: Amoonguss\n|-resisted|p1a: Amoonguss\n|-damage|p1a: Amoonguss|65\/100\n|-damage|p2b: Chien-Pao|91\/100|[from] item: Life Orb\n|cant|p1b: Iron Hands|flinch\n|move|p1a: Amoonguss|Spore|p2a: Iron Hands\n|-status|p2a: Iron Hands|slp|[from] move: Spore\n|\n|upkeep\n|turn|2\n|inactive|Infernape314 has 30 seconds left.\n|\n|t:|1683120143\n|switch|p1a: Gyarados|Gyarados, L50, F|100\/100\n|-ability|p1a: Gyarados|Intimidate|boost\n|-unboost|p2a: Iron Hands|atk|1\n|-unboost|p2b: Chien-Pao|atk|1\n|move|p2b: Chien-Pao|Protect|p2b: Chien-Pao\n|-singleturn|p2b: Chien-Pao|Protect\n|move|p1b: Iron Hands|Swords Dance|p1b: Iron Hands\n|-boost|p1b: Iron Hands|atk|2\n|cant|p2a: Iron Hands|slp\n|\n|upkeep\n|turn|3\n|\n|t:|1683120164\n|-terastallize|p2b: Chien-Pao|Ghost\n|move|p2b: Chien-Pao|Ice Spinner|p1b: Iron Hands\n|-damage|p1b: Iron Hands|46\/100\n|-damage|p2b: Chien-Pao|81\/100|[from] item: Life Orb\n|move|p1a: Gyarados|Chilling Water|p2a: Iron Hands\n|-damage|p2a: Iron Hands|95\/100 slp\n|-unboost|p2a: Iron Hands|atk|1\n|move|p1b: Iron Hands|Drain Punch|p2b: Chien-Pao\n|-immune|p2b: Chien-Pao\n|cant|p2a: Iron Hands|slp\n|\n|upkeep\n|turn|4\n|\n|t:|1683120179\n|move|p2b: Chien-Pao|Protect|p2b: Chien-Pao\n|-singleturn|p2b: Chien-Pao|Protect\n|move|p1a: Gyarados|Thunder Wave|p2b: Chien-Pao\n|-activate|p2b: Chien-Pao|move: Protect\n|move|p1b: Iron Hands|Drain Punch|p2a: Iron Hands\n|-damage|p2a: Iron Hands|21\/100 slp\n|-heal|p1b: Iron Hands|83\/100|[from] drain|[of] p2a: Iron Hands\n|cant|p2a: Iron Hands|slp\n|\n|upkeep\n|turn|5\n|\n|t:|1683120200\n|switch|p2b: Pelipper|Pelipper, L50, F|100\/100\n|-weather|RainDance|[from] ability: Drizzle|[of] p2b: Pelipper\n|move|p1a: Gyarados|Waterfall|p2a: Iron Hands\n|-damage|p2a: Iron Hands|0 fnt\n|faint|p2a: Iron Hands\n|-end|p2a: Iron Hands|Quark Drive|[silent]\n|move|p1b: Iron Hands|Wild Charge|p2b: Pelipper\n|-supereffective|p2b: Pelipper\n|-enditem|p2b: Pelipper|Focus Sash\n|-damage|p2b: Pelipper|1\/100\n|-damage|p1b: Iron Hands|69\/100|[from] Recoil\n|\n|-weather|RainDance|[upkeep]\n|upkeep\n|\n|t:|1683120217\n|switch|p2a: Palafin|Palafin, L50, F|100\/100\n|turn|6\n|j| sadgirl23\n|\n|t:|1683120234\n|move|p2b: Pelipper|Hurricane|p1b: Iron Hands\n|-damage|p1b: Iron Hands|38\/100\n|move|p2a: Palafin|Wave Crash|p1b: Iron Hands\n|-damage|p1b: Iron Hands|0 fnt\n|faint|p1b: Iron Hands\n|-end|p1b: Iron Hands|Quark Drive|[silent]\n|-damage|p2a: Palafin|86\/100|[from] Recoil\n|move|p1a: Gyarados|Chilling Water|p2a: Palafin\n|-resisted|p2a: Palafin\n|-damage|p2a: Palafin|75\/100\n|-unboost|p2a: Palafin|atk|1\n|\n|-weather|RainDance|[upkeep]\n|upkeep\n|\n|t:|1683120240\n|switch|p1b: Amoonguss|Amoonguss, L50, F, tera:Water|98\/100\n|turn|7\n|\n|t:|1683120252\n|detailschange|p2a: Palafin|Palafin-Hero, L50, F\n|switch|p2a: Chien-Pao|Chien-Pao, L50, tera:Ghost|81\/100\n|-ability|p2a: Chien-Pao|Sword of Ruin\n|move|p2b: Pelipper|Hurricane|p1b: Amoonguss\n|-damage|p1b: Amoonguss|68\/100\n|move|p1a: Gyarados|Waterfall|p2b: Pelipper\n|-resisted|p2b: Pelipper\n|-damage|p2b: Pelipper|0 fnt\n|faint|p2b: Pelipper\n|move|p1b: Amoonguss|Spore|p2a: Chien-Pao\n|-status|p2a: Chien-Pao|slp|[from] move: Spore\n|\n|-weather|RainDance|[upkeep]\n|upkeep\n|\n|t:|1683120255\n|switch|p2b: Palafin|Palafin-Hero, L50, F|75\/100\n|-activate|p2b: Palafin|ability: Zero to Hero\n|turn|8\n|inactive|CampionedeiNovanta has 30 seconds left.\n|inactive|CampionedeiNovanta has 20 seconds left.\n|inactive|CampionedeiNovanta has 15 seconds left.\n|inactive|CampionedeiNovanta has 10 seconds left.\n|inactive|CampionedeiNovanta has 5 seconds left.\n|\n|t:|1683120309\n|cant|p2a: Chien-Pao|slp\n|move|p2b: Palafin|Wave Crash|p1a: Gyarados\n|-resisted|p1a: Gyarados\n|-damage|p1a: Gyarados|12\/100\n|-enditem|p1a: Gyarados|Aguav Berry|[eat]\n|-heal|p1a: Gyarados|45\/100|[from] item: Aguav Berry\n|-damage|p2b: Palafin|46\/100|[from] Recoil\n|move|p1a: Gyarados|Chilling Water|p2b: Palafin\n|-resisted|p2b: Palafin\n|-damage|p2b: Palafin|37\/100\n|-unboost|p2b: Palafin|atk|1\n|move|p1b: Amoonguss|Spore|p2b: Palafin\n|-status|p2b: Palafin|slp|[from] move: Spore\n|\n|-weather|RainDance|[upkeep]\n|upkeep\n|turn|9\n|\n|t:|1683120326\n|-curestatus|p2a: Chien-Pao|slp|[msg]\n|move|p2a: Chien-Pao|Ice Spinner|p1a: Gyarados\n|-damage|p1a: Gyarados|0 fnt\n|faint|p1a: Gyarados\n|-damage|p2a: Chien-Pao|71\/100|[from] item: Life Orb\n|cant|p2b: Palafin|slp\n|move|p1b: Amoonguss|Pollen Puff|p1: Gyarados|[notarget]\n|-fail|p1b: Amoonguss\n|\n|-weather|none\n|upkeep\n|\n|t:|1683120330\n|switch|p1a: Ting-Lu|Ting-Lu, L50|100\/100\n|-ability|p1a: Ting-Lu|Vessel of Ruin\n|turn|10\n|\n|t:|1683120343\n|move|p1b: Amoonguss|Rage Powder|p1b: Amoonguss\n|-singleturn|p1b: Amoonguss|move: Rage Powder\n|-curestatus|p2b: Palafin|slp|[msg]\n|move|p2b: Palafin|Jet Punch|p1b: Amoonguss\n|-resisted|p1b: Amoonguss\n|-damage|p1b: Amoonguss|45\/100\n|-enditem|p1b: Amoonguss|Sitrus Berry|[eat]\n|-heal|p1b: Amoonguss|70\/100|[from] item: Sitrus Berry\n|move|p2a: Chien-Pao|Ice Spinner|p1b: Amoonguss\n|-resisted|p1b: Amoonguss\n|-damage|p1b: Amoonguss|35\/100\n|-damage|p2a: Chien-Pao|62\/100|[from] item: Life Orb\n|move|p1a: Ting-Lu|Stomping Tantrum|p2a: Chien-Pao\n|-damage|p2a: Chien-Pao|13\/100\n|\n|upkeep\n|turn|11\n|inactive|Infernape314 has 30 seconds left.\n|inactive|Infernape314 has 20 seconds left.\n|\n|t:|1683120381\n|move|p1b: Amoonguss|Rage Powder|p1b: Amoonguss\n|-singleturn|p1b: Amoonguss|move: Rage Powder\n|move|p2a: Chien-Pao|Sacred Sword|p1b: Amoonguss\n|-damage|p1b: Amoonguss|0 fnt\n|faint|p1b: Amoonguss\n|-damage|p2a: Chien-Pao|4\/100|[from] item: Life Orb\n|move|p2b: Palafin|Wave Crash|p1a: Ting-Lu\n|-supereffective|p1a: Ting-Lu\n|-damage|p1a: Ting-Lu|0 fnt\n|faint|p1a: Ting-Lu\n|-damage|p2b: Palafin|0 fnt|[from] Recoil\n|faint|p2b: Palafin\n|\n|win|Infernape314\n|n|\u2606CampionedeiNovanta|campionedeinovanta\n|n|\u203dInfernape314|infernape314\n|n| sadgirl23|sadgirl23\n","uploadtime":1683120394,"views":9,"p1id":"campionedeinovanta","p2id":"infernape314","formatid":"gen9vgc2023regulationc","rating":0,"private":0,"password":""}