{"id":"gen9vgc2023regulationc-1857422247","p1":"GooeyGoodraa","p2":"ggg5t","format":"[Gen 9] VGC 2023 Regulation C","log":"|j|\u2606GooeyGoodraa\n|j|\u2606ggg5t\n|t:|1683190580\n|gametype|doubles\n|player|p1|GooeyGoodraa|rood|1205\n|player|p2|ggg5t|2|1242\n|teamsize|p1|6\n|teamsize|p2|6\n|gen|9\n|tier|[Gen 9] VGC 2023 Regulation C\n|rated|\n|rule|Species Clause: Limit one of each Pok\u00e9mon\n|rule|Item Clause: Limit one of each item\n|clearpoke\n|poke|p1|Roaring Moon, L50|\n|poke|p1|Torkoal, L50, F|\n|poke|p1|Chi-Yu, L50|\n|poke|p1|Leafeon, L50, F|\n|poke|p1|Great Tusk, L50|\n|poke|p1|Corviknight, L50, F|\n|poke|p2|Torkoal, L50, F|\n|poke|p2|Chi-Yu, L50|\n|poke|p2|Bronzong, L50|\n|poke|p2|Gastrodon, L50, F|\n|poke|p2|Grimmsnarl, L50, M|\n|poke|p2|Skeledirge, L50, M|\n|teampreview|4\n|inactive|Battle timer is ON: inactive players will automatically lose when time's up. (requested by ggg5t)\n|\n|t:|1683190613\n|start\n|switch|p1a: Torkoal|Torkoal, L50, F|100\/100\n|switch|p1b: Chi-Yu|Chi-Yu, L50|100\/100\n|switch|p2a: Grimmsnarl|Grimmsnarl, L50, M|100\/100\n|switch|p2b: Chi-Yu|Chi-Yu, L50|100\/100\n|-ability|p1b: Chi-Yu|Beads of Ruin\n|-ability|p2b: Chi-Yu|Beads of Ruin\n|-weather|SunnyDay|[from] ability: Drought|[of] p1a: Torkoal\n|turn|1\n|\n|t:|1683190632\n|move|p1a: Torkoal|Protect|p1a: Torkoal\n|-singleturn|p1a: Torkoal|Protect\n|move|p2a: Grimmsnarl|Fake Out|p1b: Chi-Yu\n|-damage|p1b: Chi-Yu|80\/100\n|cant|p1b: Chi-Yu|flinch\n|move|p2b: Chi-Yu|Snarl|p1b: Chi-Yu|[spread] p1b\n|-activate|p1a: Torkoal|move: Protect\n|-resisted|p1b: Chi-Yu\n|-damage|p1b: Chi-Yu|70\/100\n|-unboost|p1b: Chi-Yu|spa|1\n|\n|-weather|SunnyDay|[upkeep]\n|upkeep\n|turn|2\n|\n|t:|1683190650\n|move|p2a: Grimmsnarl|Sucker Punch|p1a: Torkoal\n|-crit|p1a: Torkoal\n|-damage|p1a: Torkoal|58\/100\n|move|p1b: Chi-Yu|Heat Wave|p2b: Chi-Yu|[spread] p2b\n|-miss|p1b: Chi-Yu|p2a: Grimmsnarl\n|-resisted|p2b: Chi-Yu\n|-damage|p2b: Chi-Yu|82\/100\n|move|p2b: Chi-Yu|Snarl|p1b: Chi-Yu|[spread] p1a,p1b\n|-resisted|p1b: Chi-Yu\n|-damage|p1a: Torkoal|37\/100\n|-damage|p1b: Chi-Yu|61\/100\n|-unboost|p1a: Torkoal|spa|1\n|-unboost|p1b: Chi-Yu|spa|1\n|move|p1a: Torkoal|Eruption|p2b: Chi-Yu|[spread] p2a,p2b\n|-resisted|p2b: Chi-Yu\n|-damage|p2a: Grimmsnarl|83\/100\n|-damage|p2b: Chi-Yu|76\/100\n|\n|-weather|SunnyDay|[upkeep]\n|upkeep\n|turn|3\n|inactive|GooeyGoodraa has 30 seconds left.\n|\n|t:|1683190677\n|switch|p1a: Great Tusk|Great Tusk, L50|100\/100\n|-activate|p1a: Great Tusk|ability: Protosynthesis\n|-start|p1a: Great Tusk|protosynthesisatk\n|move|p2a: Grimmsnarl|Sucker Punch||[still]\n|-fail|p2a: Grimmsnarl\n|move|p1b: Chi-Yu|Heat Wave|p2b: Chi-Yu|[spread] p2a,p2b\n|-resisted|p2b: Chi-Yu\n|-damage|p2a: Grimmsnarl|37\/100\n|-damage|p2b: Chi-Yu|61\/100\n|move|p2b: Chi-Yu|Snarl|p1a: Great Tusk|[spread] p1a,p1b\n|-resisted|p1a: Great Tusk\n|-resisted|p1b: Chi-Yu\n|-damage|p1a: Great Tusk|83\/100\n|-damage|p1b: Chi-Yu|50\/100\n|-unboost|p1a: Great Tusk|spa|1\n|-unboost|p1b: Chi-Yu|spa|1\n|\n|-weather|SunnyDay|[upkeep]\n|upkeep\n|turn|4\n|\n|t:|1683190701\n|move|p2b: Chi-Yu|Protect|p2b: Chi-Yu\n|-singleturn|p2b: Chi-Yu|Protect\n|move|p2a: Grimmsnarl|Trick|p1a: Great Tusk\n|-activate|p2a: Grimmsnarl|move: Trick|[of] p1a: Great Tusk\n|-item|p1a: Great Tusk|Lagging Tail|[from] move: Trick\n|-item|p2a: Grimmsnarl|Mirror Herb|[from] move: Trick\n|move|p1b: Chi-Yu|Heat Wave|p2b: Chi-Yu|[spread] \n|-activate|p2b: Chi-Yu|move: Protect\n|-miss|p1b: Chi-Yu|p2a: Grimmsnarl\n|move|p1a: Great Tusk|Headlong Rush|p2b: Chi-Yu\n|-activate|p2b: Chi-Yu|move: Protect\n|\n|-weather|SunnyDay|[upkeep]\n|upkeep\n|turn|5\n|\n|t:|1683190726\n|move|p1b: Chi-Yu|Heat Wave|p2a: Grimmsnarl|[spread] p2a,p2b\n|-resisted|p2b: Chi-Yu\n|-damage|p2a: Grimmsnarl|2\/100\n|-damage|p2b: Chi-Yu|50\/100\n|move|p2b: Chi-Yu|Substitute|p2b: Chi-Yu\n|-start|p2b: Chi-Yu|Substitute\n|-damage|p2b: Chi-Yu|25\/100\n|-enditem|p2b: Chi-Yu|Wiki Berry|[eat]\n|-heal|p2b: Chi-Yu|58\/100|[from] item: Wiki Berry\n|move|p2a: Grimmsnarl|Spirit Break|p1a: Great Tusk\n|-supereffective|p1a: Great Tusk\n|-damage|p1a: Great Tusk|24\/100\n|-unboost|p1a: Great Tusk|spa|1\n|move|p1a: Great Tusk|Close Combat|p2b: Chi-Yu\n|-supereffective|p2b: Chi-Yu\n|-end|p2b: Chi-Yu|Substitute\n|-unboost|p1a: Great Tusk|def|1\n|-unboost|p1a: Great Tusk|spd|1\n|\n|-weather|SunnyDay|[upkeep]\n|upkeep\n|turn|6\n|\n|t:|1683190750\n|-end|p1a: Great Tusk|Protosynthesis|[silent]\n|switch|p1a: Torkoal|Torkoal, L50, F|37\/100\n|move|p2a: Grimmsnarl|Sucker Punch||[still]\n|-fail|p2a: Grimmsnarl\n|move|p1b: Chi-Yu|Heat Wave|p2a: Grimmsnarl|[spread] p2a,p2b\n|-resisted|p2b: Chi-Yu\n|-damage|p2a: Grimmsnarl|0 fnt\n|-damage|p2b: Chi-Yu|47\/100\n|faint|p2a: Grimmsnarl\n|move|p2b: Chi-Yu|Snarl|p1a: Torkoal|[spread] p1a,p1b\n|-resisted|p1b: Chi-Yu\n|-damage|p1a: Torkoal|16\/100\n|-damage|p1b: Chi-Yu|42\/100\n|-unboost|p1a: Torkoal|spa|1\n|-unboost|p1b: Chi-Yu|spa|1\n|\n|-weather|SunnyDay|[upkeep]\n|upkeep\n|\n|t:|1683190764\n|switch|p2a: Skeledirge|Skeledirge, L50, M|100\/100\n|turn|7\n|\n|t:|1683190779\n|switch|p1b: Great Tusk|Great Tusk, L50|24\/100\n|-activate|p1b: Great Tusk|ability: Protosynthesis\n|-start|p1b: Great Tusk|protosynthesisatk\n|move|p1a: Torkoal|Helping Hand|p1b: Great Tusk\n|-singleturn|p1b: Great Tusk|Helping Hand|[of] p1a: Torkoal\n|move|p2b: Chi-Yu|Snarl|p1b: Great Tusk|[spread] p1a,p1b\n|-resisted|p1b: Great Tusk\n|-damage|p1a: Torkoal|0 fnt\n|-damage|p1b: Great Tusk|6\/100\n|-unboost|p1b: Great Tusk|spa|1\n|faint|p1a: Torkoal\n|move|p2a: Skeledirge|Torch Song|p1b: Great Tusk\n|-damage|p1b: Great Tusk|0 fnt\n|-boost|p2a: Skeledirge|spa|1\n|faint|p1b: Great Tusk\n|-end|p1b: Great Tusk|Protosynthesis|[silent]\n|\n|-weather|SunnyDay|[upkeep]\n|upkeep\n|\n|t:|1683190799\n|switch|p1b: Leafeon|Leafeon, L50, F|100\/100\n|switch|p1a: Chi-Yu|Chi-Yu, L50|42\/100\n|-ability|p1a: Chi-Yu|Beads of Ruin\n|turn|8\n|\n|t:|1683190816\n|-terastallize|p1b: Leafeon|Normal\n|move|p2b: Chi-Yu|Protect|p2b: Chi-Yu\n|-singleturn|p2b: Chi-Yu|Protect\n|move|p2a: Skeledirge|Protect|p2a: Skeledirge\n|-singleturn|p2a: Skeledirge|Protect\n|move|p1b: Leafeon|Swords Dance|p1b: Leafeon\n|-boost|p1b: Leafeon|atk|2\n|move|p1a: Chi-Yu|Dark Pulse|p2a: Skeledirge\n|-activate|p2a: Skeledirge|move: Protect\n|\n|-weather|none\n|upkeep\n|turn|9\n|\n|t:|1683190837\n|-terastallize|p2a: Skeledirge|Fairy\n|move|p1a: Chi-Yu|Dark Pulse|p2a: Skeledirge\n|-resisted|p2a: Skeledirge\n|-damage|p2a: Skeledirge|67\/100\n|move|p2b: Chi-Yu|Snarl|p1a: Chi-Yu|[spread] p1a,p1b\n|-resisted|p1a: Chi-Yu\n|-damage|p1a: Chi-Yu|33\/100\n|-damage|p1b: Leafeon|69\/100\n|-unboost|p1a: Chi-Yu|spa|1\n|-unboost|p1b: Leafeon|spa|1\n|move|p1b: Leafeon|Double-Edge|p2b: Chi-Yu\n|-damage|p2b: Chi-Yu|0 fnt\n|faint|p2b: Chi-Yu\n|-damage|p1b: Leafeon|54\/100|[from] Recoil\n|cant|p2a: Skeledirge|flinch\n|\n|-heal|p2a: Skeledirge|73\/100|[from] item: Leftovers\n|upkeep\n|\n|t:|1683190841\n|switch|p2b: Bronzong|Bronzong, L50|100\/100\n|turn|10\n|\n|t:|1683190861\n|move|p2a: Skeledirge|Protect|p2a: Skeledirge\n|-singleturn|p2a: Skeledirge|Protect\n|move|p1a: Chi-Yu|Dark Pulse|p2b: Bronzong\n|-supereffective|p2b: Bronzong\n|-damage|p2b: Bronzong|28\/100\n|move|p1b: Leafeon|Double-Edge|p2a: Skeledirge\n|-activate|p2a: Skeledirge|move: Protect\n|move|p2b: Bronzong|Trick Room|p2b: Bronzong\n|-fieldstart|move: Trick Room|[of] p2b: Bronzong\n|\n|-heal|p2a: Skeledirge|79\/100|[from] item: Leftovers\n|upkeep\n|turn|11\n|\n|t:|1683190879\n|move|p1b: Leafeon|Protect|p1b: Leafeon\n|-singleturn|p1b: Leafeon|Protect\n|move|p2b: Bronzong|Body Press|p1b: Leafeon\n|-activate|p1b: Leafeon|move: Protect\n|move|p2a: Skeledirge|Tera Blast|p1a: Chi-Yu\n|-damage|p1a: Chi-Yu|0 fnt\n|faint|p1a: Chi-Yu\n|\n|-heal|p2a: Skeledirge|85\/100|[from] item: Leftovers\n|upkeep\n|turn|12\n|\n|t:|1683190896\n|move|p2b: Bronzong|Body Press|p1b: Leafeon\n|-supereffective|p1b: Leafeon\n|-damage|p1b: Leafeon|4\/100\n|move|p2a: Skeledirge|Torch Song|p1b: Leafeon\n|-damage|p1b: Leafeon|0 fnt\n|-boost|p2a: Skeledirge|spa|1\n|faint|p1b: Leafeon\n|\n|win|ggg5t\n|raw|GooeyGoodraa's rating: 1205 → 1183<\/strong> (-22 for losing)\n|raw|ggg5t's rating: 1242 → 1264<\/strong> (+22 for winning)\n|l|\u2606GooeyGoodraa\n","uploadtime":1683190907,"views":14,"p1id":"gooeygoodraa","p2id":"ggg5t","formatid":"gen9vgc2023regulationc","rating":1183,"private":0,"password":""}