{"id":"gen9vgc2023regulationc-1862939301","p1":"SpadesHS","p2":"luwaifii","format":"[Gen 9] VGC 2023 Regulation C","log":"|j|\u2606SpadesHS\n|j|\u2606luwaifii\n|t:|1683941205\n|gametype|doubles\n|player|p1|SpadesHS|n|\n|player|p2|luwaifii|pokekid|\n|teamsize|p1|6\n|teamsize|p2|6\n|gen|9\n|tier|[Gen 9] VGC 2023 Regulation C\n|rated|Tournament battle\n|rule|Species Clause: Limit one of each Pok\u00e9mon\n|rule|Item Clause: Limit one of each item\n|clearpoke\n|poke|p1|Great Tusk, L50|\n|poke|p1|Talonflame, L50, F|\n|poke|p1|Iron Bundle, L50|\n|poke|p1|Chi-Yu, L50|\n|poke|p1|Tyranitar, L50, F|\n|poke|p1|Amoonguss, L50, F|\n|poke|p2|Dondozo, L50, M|\n|poke|p2|Tatsugiri, L50, F|\n|poke|p2|Annihilape, L50, F|\n|poke|p2|Flamigo, L50, F|\n|poke|p2|Cetitan, L50, F|\n|poke|p2|Maushold-Four, L50|\n|teampreview|4\n|raw| Open Team Sheet for SpadesHS<\/summary>Tuskar (Great Tusk) @ Choice Scarf Ability: Protosynthesis Level: 50 Hidden Power: Fighting Tera Type: Fire - Headlong Rush - Close Combat - Earthquake - Rock Slide Firebird (Talonflame) @ Safety Goggles Ability: Gale Wings Level: 50 Tera Type: Ghost - Brave Bird - Tailwind - Taunt - Will-O-Wisp RobotChicken (Iron Bundle) @ Booster Energy Ability: Quark Drive Level: 50 Tera Type: Ghost - Freeze-Dry - Icy Wind - Hydro Pump - Protect Smiles Back (Chi-Yu) @ Choice Specs Ability: Beads of Ruin Level: 50 Tera Type: Water - Heat Wave - Tera Blast - Dark Pulse - Flamethrower The Thing (Tyranitar) @ Assault Vest Ability: Sand Stream Level: 50 Tera Type: Flying - Rock Slide - Tera Blast - Crunch - Low Kick Imposter (Amoonguss) @ Rocky Helmet Ability: Regenerator Level: 50 Tera Type: Water - Spore - Rage Powder - Pollen Puff - Clear Smog <\/details><\/div> Open Team Sheet for luwaifii<\/summary>Dondozo @ Leftovers Ability: Unaware Level: 50 Shiny: Yes Tera Type: Dragon - Protect - Order Up - Wave Crash - Earthquake Tatsugiri @ Toxic Orb Ability: Commander Level: 50 Tera Type: Dragon - Endure - Draco Meteor - Muddy Water - Protect Annihilape @ Choice Scarf Ability: Defiant Level: 50 Tera Type: Ghost - Final Gambit - Close Combat - Phantom Force - Rage Fist Flamigo @ White Herb Ability: Costar Level: 50 Tera Type: Steel - Brave Bird - Close Combat - Detect - Roost Cetitan @ Sitrus Berry Ability: Thick Fat Level: 50 Tera Type: Water - Belly Drum - Ice Shard - Earthquake - Protect Maushold (Maushold-Four) @ Focus Sash Ability: Friend Guard Level: 50 Tera Type: Normal - Encore - Follow Me - Beat Up - Protect <\/details><\/div>\n|\n|t:|1683941274\n|start\n|switch|p1a: Firebird|Talonflame, L50, F|100\/100\n|switch|p1b: Tuskar|Great Tusk, L50|100\/100\n|switch|p2a: Tatsugiri|Tatsugiri, L50, F|100\/100\n|switch|p2b: Annihilape|Annihilape, L50, F|100\/100\n|turn|1\n|\n|t:|1683941291\n|move|p2a: Tatsugiri|Endure|p2a: Tatsugiri\n|-singleturn|p2a: Tatsugiri|move: Endure\n|move|p1a: Firebird|Tailwind|p1a: Firebird\n|-sidestart|p1: SpadesHS|move: Tailwind\n|move|p1b: Tuskar|Headlong Rush|p2a: Tatsugiri\n|-activate|p2a: Tatsugiri|move: Endure\n|-damage|p2a: Tatsugiri|1\/100\n|-unboost|p1b: Tuskar|def|1\n|-unboost|p1b: Tuskar|spd|1\n|move|p2b: Annihilape|Final Gambit|p2a: Tatsugiri\n|-activate|p2a: Tatsugiri|move: Endure\n|-damage|p2a: Tatsugiri|1\/100\n|faint|p2b: Annihilape\n|\n|-status|p2a: Tatsugiri|tox|[from] item: Toxic Orb\n|upkeep\n|inactive|Battle timer is ON: inactive players will automatically lose when time's up.\n|\n|t:|1683941306\n|switch|p2b: Dondozo|Dondozo, L50, M, shiny|100\/100\n|-activate|p2a: Tatsugiri|ability: Commander|[of] p2b: Dondozo\n|-boost|p2b: Dondozo|atk|2\n|-boost|p2b: Dondozo|spa|2\n|-boost|p2b: Dondozo|spe|2\n|-boost|p2b: Dondozo|def|2\n|-boost|p2b: Dondozo|spd|2\n|turn|2\n|\n|t:|1683941316\n|-end|p1b: Tuskar|Protosynthesis|[silent]\n|switch|p1b: Imposter|Amoonguss, L50, F|100\/100\n|move|p1a: Firebird|Will-O-Wisp|p2b: Dondozo\n|-status|p2b: Dondozo|brn\n|move|p2b: Dondozo|Wave Crash|p1a: Firebird\n|-supereffective|p1a: Firebird\n|-crit|p1a: Firebird\n|-damage|p1a: Firebird|0 fnt\n|faint|p1a: Firebird\n|-damage|p2b: Dondozo|78\/100 brn|[from] Recoil\n|\n|-heal|p2b: Dondozo|84\/100 brn|[from] item: Leftovers\n|-damage|p2a: Tatsugiri|0 fnt|[from] psn\n|faint|p2a: Tatsugiri\n|-damage|p2b: Dondozo|78\/100 brn|[from] brn\n|upkeep\n|\n|t:|1683941331\n|switch|p1a: RobotChicken|Iron Bundle, L50|100\/100\n|switch|p2a: Flamigo|Flamigo, L50, F|100\/100\n|-copyboost|p2a: Flamigo|p2b: Dondozo|[from] ability: Costar\n|-enditem|p1a: RobotChicken|Booster Energy\n|-activate|p1a: RobotChicken|ability: Quark Drive|[fromitem]\n|-start|p1a: RobotChicken|quarkdrivespe\n|turn|3\n|inactive|SpadesHS has 30 seconds left.\n|inactive|SpadesHS has 20 seconds left.\n|\n|t:|1683941368\n|-terastallize|p1b: Imposter|Water\n|move|p2b: Dondozo|Protect|p2b: Dondozo\n|-singleturn|p2b: Dondozo|Protect\n|move|p1a: RobotChicken|Freeze-Dry|p2a: Flamigo\n|-supereffective|p2a: Flamigo\n|-damage|p2a: Flamigo|38\/100\n|move|p2a: Flamigo|Brave Bird|p1b: Imposter\n|-damage|p1b: Imposter|5\/100\n|-damage|p2a: Flamigo|22\/100|[from] item: Rocky Helmet|[of] p1b: Imposter\n|-damage|p2a: Flamigo|0 fnt|[from] Recoil\n|faint|p2a: Flamigo\n|move|p1b: Imposter|Clear Smog|p2b: Dondozo\n|-activate|p2b: Dondozo|move: Protect\n|\n|-heal|p2b: Dondozo|84\/100 brn|[from] item: Leftovers\n|-damage|p2b: Dondozo|78\/100 brn|[from] brn\n|upkeep\n|turn|4\n|\n|t:|1683941390\n|move|p1a: RobotChicken|Freeze-Dry|p2b: Dondozo\n|-supereffective|p2b: Dondozo\n|-damage|p2b: Dondozo|35\/100 brn\n|move|p2b: Dondozo|Earthquake|p1b: Imposter|[spread] p1a,p1b\n|-damage|p1a: RobotChicken|72\/100\n|-damage|p1b: Imposter|0 fnt\n|faint|p1b: Imposter\n|\n|-heal|p2b: Dondozo|41\/100 brn|[from] item: Leftovers\n|-damage|p2b: Dondozo|35\/100 brn|[from] brn\n|-sideend|p1: SpadesHS|move: Tailwind\n|upkeep\n|\n|t:|1683941394\n|switch|p1b: Tuskar|Great Tusk, L50|100\/100\n|turn|5\n|\n|t:|1683941405\n|move|p2b: Dondozo|Protect|p2b: Dondozo\n|-singleturn|p2b: Dondozo|Protect\n|move|p1a: RobotChicken|Freeze-Dry|p2b: Dondozo\n|-activate|p2b: Dondozo|move: Protect\n|move|p1b: Tuskar|Close Combat|p2b: Dondozo\n|-activate|p2b: Dondozo|move: Protect\n|\n|-heal|p2b: Dondozo|41\/100 brn|[from] item: Leftovers\n|-damage|p2b: Dondozo|35\/100 brn|[from] brn\n|upkeep\n|turn|6\n|\n|t:|1683941424\n|move|p1a: RobotChicken|Freeze-Dry|p2b: Dondozo\n|-supereffective|p2b: Dondozo\n|-damage|p2b: Dondozo|0 fnt\n|faint|p2b: Dondozo\n|\n|win|SpadesHS\n|n|\u2606SpadesHS|spadeshs\n|n|\u2606luwaifii|luwaifii\n|l|\u2606luwaifii\n","uploadtime":1683943321,"views":7,"p1id":"spadeshs","p2id":"luwaifii","formatid":"gen9vgc2023regulationc","rating":0,"private":0,"password":""}