{"id":"gen9vgc2023regulationc-1850054326","p1":"Baddie_boy","p2":"ShatteredPugVGC","format":"[Gen 9] VGC 2023 Regulation C","log":"|j|\u2606Baddie_boy\n|j|\u2606ShatteredPugVGC\n|t:|1682282235\n|gametype|doubles\n|player|p1|Baddie_boy|bruno|1182\n|player|p2|ShatteredPugVGC|colress|1205\n|teamsize|p1|6\n|teamsize|p2|6\n|gen|9\n|tier|[Gen 9] VGC 2023 Regulation C\n|rated|\n|rule|Species Clause: Limit one of each Pok\u00e9mon\n|rule|Item Clause: Limit one of each item\n|clearpoke\n|poke|p1|Dragonite, L50, M|\n|poke|p1|Glimmora, L50, F|\n|poke|p1|Dondozo, L50, F|\n|poke|p1|Chi-Yu, L50|\n|poke|p1|Dachsbun, L50, F|\n|poke|p1|Chien-Pao, L50|\n|poke|p2|Wo-Chien, L50|\n|poke|p2|Arcanine, L50, M|\n|poke|p2|Flutter Mane, L50|\n|poke|p2|Maushold-Four, L50|\n|poke|p2|Iron Bundle, L50|\n|poke|p2|Annihilape, L50, M|\n|teampreview|4\n|inactive|Battle timer is ON: inactive players will automatically lose when time's up. (requested by Baddie_boy)\nBaddie_boy rejected open team sheets.\n|inactive|ShatteredPugVGC has 60 seconds left.\n|\n|t:|1682282296\n|start\n|switch|p1a: Glimmora|Glimmora, L50, F|100\/100\n|switch|p1b: Chi-Yu|Chi-Yu, L50|100\/100\n|switch|p2a: Wo-Chien|Wo-Chien, L50|100\/100\n|switch|p2b: Arcanine|Arcanine, L50, M|100\/100\n|-ability|p1b: Chi-Yu|Beads of Ruin\n|-ability|p2b: Arcanine|Intimidate|boost\n|-unboost|p1a: Glimmora|atk|1\n|-unboost|p1b: Chi-Yu|atk|1\n|-ability|p2a: Wo-Chien|Tablets of Ruin\n|turn|1\n|\n|t:|1682282314\n|-terastallize|p2a: Wo-Chien|Fire\n|move|p1b: Chi-Yu|Protect|p1b: Chi-Yu\n|-singleturn|p1b: Chi-Yu|Protect\n|move|p2b: Arcanine|Howl|p2b: Arcanine|[spread] p2a,p2b\n|-boost|p2a: Wo-Chien|atk|1\n|-boost|p2b: Arcanine|atk|1\n|move|p2a: Wo-Chien|Trailblaze|p1a: Glimmora\n|-damage|p1a: Glimmora|74\/100\n|-boost|p2a: Wo-Chien|spe|1\n|-activate|p1a: Glimmora|ability: Toxic Debris\n|-sidestart|p2: ShatteredPugVGC|move: Toxic Spikes\n|move|p1a: Glimmora|Mortal Spin|p2b: Arcanine|[spread] p2a,p2b\n|-damage|p2a: Wo-Chien|98\/100\n|-damage|p2b: Arcanine|98\/100\n|-status|p2a: Wo-Chien|psn\n|-status|p2b: Arcanine|psn\n|\n|-damage|p2a: Wo-Chien|86\/100 psn|[from] psn\n|-damage|p2b: Arcanine|86\/100 psn|[from] psn\n|upkeep\n|turn|2\n|inactive|Baddie_boy has 30 seconds left.\n|\n|t:|1682282346\n|move|p2a: Wo-Chien|Trailblaze|p1a: Glimmora\n|-damage|p1a: Glimmora|46\/100\n|-boost|p2a: Wo-Chien|spe|1\n|-activate|p1a: Glimmora|ability: Toxic Debris\n|-sidestart|p2: ShatteredPugVGC|move: Toxic Spikes\n|move|p1b: Chi-Yu|Dark Pulse|p2b: Arcanine\n|-damage|p2b: Arcanine|11\/100 psn\n|-damage|p1b: Chi-Yu|90\/100|[from] item: Life Orb\n|move|p2b: Arcanine|Howl|p2b: Arcanine|[spread] p2a,p2b\n|-boost|p2a: Wo-Chien|atk|1\n|-boost|p2b: Arcanine|atk|1\n|move|p1a: Glimmora|Power Gem|p2b: Arcanine\n|-supereffective|p2b: Arcanine\n|-damage|p2b: Arcanine|0 fnt\n|faint|p2b: Arcanine\n|\n|-damage|p2a: Wo-Chien|74\/100 psn|[from] psn\n|upkeep\n|\n|t:|1682282362\n|switch|p2b: Iron Bundle|Iron Bundle, L50|100\/100\n|-status|p2b: Iron Bundle|tox\n|-enditem|p2b: Iron Bundle|Booster Energy\n|-activate|p2b: Iron Bundle|ability: Quark Drive|[fromitem]\n|-start|p2b: Iron Bundle|quarkdrivespe\n|turn|3\n|\n|t:|1682282382\n|switch|p1b: Dachsbun|Dachsbun, L50, F|100\/100\n|move|p2b: Iron Bundle|Hydro Pump|p1b: Dachsbun\n|-damage|p1b: Dachsbun|35\/100\n|-enditem|p1b: Dachsbun|Sitrus Berry|[eat]\n|-heal|p1b: Dachsbun|60\/100|[from] item: Sitrus Berry\n|move|p2a: Wo-Chien|Power Whip|p1a: Glimmora\n|-damage|p1a: Glimmora|0 fnt\n|faint|p1a: Glimmora\n|\n|-damage|p2b: Iron Bundle|94\/100 tox|[from] psn\n|-damage|p2a: Wo-Chien|62\/100 psn|[from] psn\n|upkeep\n|\n|t:|1682282400\n|switch|p1a: Dragonite|Dragonite, L50, M, shiny|100\/100\n|turn|4\n|inactive|Baddie_boy has 30 seconds left.\n|inactive|Baddie_boy has 20 seconds left.\n|inactive|Baddie_boy has 15 seconds left.\n|inactive|Baddie_boy has 10 seconds left.\n|inactive|Baddie_boy has 5 seconds left.\n|\n|t:|1682282451\n|move|p1b: Dachsbun|Helping Hand|p1a: Dragonite\n|-singleturn|p1a: Dragonite|Helping Hand|[of] p1b: Dachsbun\n|move|p1a: Dragonite|Extreme Speed|p2b: Iron Bundle\n|-damage|p2b: Iron Bundle|55\/100 tox\n|move|p2b: Iron Bundle|Icy Wind|p1a: Dragonite|[spread] p1a,p1b\n|-supereffective|p1a: Dragonite\n|-crit|p1b: Dachsbun\n|-damage|p1a: Dragonite|31\/100\n|-damage|p1b: Dachsbun|23\/100\n|-unboost|p1a: Dragonite|spe|1\n|-unboost|p1b: Dachsbun|spe|1\n|move|p2a: Wo-Chien|Knock Off|p1a: Dragonite\n|-damage|p1a: Dragonite|0 fnt\n|-enditem|p1a: Dragonite|Lum Berry|[from] move: Knock Off|[of] p2a: Wo-Chien\n|faint|p1a: Dragonite\n|\n|-damage|p2b: Iron Bundle|42\/100 tox|[from] psn\n|-damage|p2a: Wo-Chien|50\/100 psn|[from] psn\n|upkeep\n|\n|t:|1682282470\n|switch|p1a: Chi-Yu|Chi-Yu, L50|90\/100\n|-ability|p1a: Chi-Yu|Beads of Ruin\n|turn|5\n|\n|t:|1682282482\n|-terastallize|p1a: Chi-Yu|Water\n|move|p1b: Dachsbun|Helping Hand|p1a: Chi-Yu\n|-singleturn|p1a: Chi-Yu|Helping Hand|[of] p1b: Dachsbun\n|move|p2b: Iron Bundle|Hydro Pump|p1a: Chi-Yu|[miss]\n|-miss|p2b: Iron Bundle|p1a: Chi-Yu\n|move|p2a: Wo-Chien|Power Whip|p1b: Dachsbun\n|-damage|p1b: Dachsbun|0 fnt\n|faint|p1b: Dachsbun\n|move|p1a: Chi-Yu|Lava Plume|p2b: Iron Bundle|[spread] p2a,p2b\n|-resisted|p2a: Wo-Chien\n|-damage|p2a: Wo-Chien|14\/100 psn\n|-damage|p2b: Iron Bundle|0 fnt\n|faint|p2b: Iron Bundle\n|-end|p2b: Iron Bundle|Quark Drive|[silent]\n|-damage|p1a: Chi-Yu|80\/100|[from] item: Life Orb\n|\n|-damage|p2a: Wo-Chien|2\/100 psn|[from] psn\n|upkeep\n|\n|t:|1682282489\n|switch|p2b: Flutter Mane|Flutter Mane, L50|100\/100\n|-status|p2b: Flutter Mane|tox\n|turn|6\n|\n|t:|1682282505\n|move|p1a: Chi-Yu|Protect|p1a: Chi-Yu\n|-singleturn|p1a: Chi-Yu|Protect\n|move|p2a: Wo-Chien|Power Whip|p1a: Chi-Yu\n|-activate|p1a: Chi-Yu|move: Protect\n|move|p2b: Flutter Mane|Thunderbolt|p1a: Chi-Yu\n|-activate|p1a: Chi-Yu|move: Protect\n|\n|-damage|p2a: Wo-Chien|0 fnt|[from] psn\n|faint|p2a: Wo-Chien\n|-damage|p2b: Flutter Mane|94\/100 tox|[from] psn\n|upkeep\n|turn|7\n|\n|t:|1682282520\n|move|p2b: Flutter Mane|Thunderbolt|p1a: Chi-Yu\n|-supereffective|p1a: Chi-Yu\n|-damage|p1a: Chi-Yu|0 fnt\n|faint|p1a: Chi-Yu\n|\n|win|ShatteredPugVGC\n|raw|Baddie_boy's rating: 1182 → 1159<\/strong> (-23 for losing)\n|raw|ShatteredPugVGC's rating: 1205 → 1228<\/strong> (+23 for winning)\n","uploadtime":1682282526,"views":10,"p1id":"baddieboy","p2id":"shatteredpugvgc","formatid":"gen9vgc2023regulationc","rating":1159,"private":0,"password":""}