{"id":"gen9vgc2023regulationc-1863930773","p1":"Dj_Pr1me","p2":"zefiro9999","format":"[Gen 9] VGC 2023 Regulation C","log":"|j|\u2606Dj_Pr1me\n|j|\u2606zefiro9999\n|t:|1684094656\n|gametype|doubles\n|player|p1|Dj_Pr1me|101|1388\n|player|p2|zefiro9999|n|1295\n|teamsize|p1|6\n|teamsize|p2|6\n|gen|9\n|tier|[Gen 9] VGC 2023 Regulation C\n|rated|\n|rule|Species Clause: Limit one of each Pok\u00e9mon\n|rule|Item Clause: Limit one of each item\n|clearpoke\n|poke|p1|Oranguru, L50, M|\n|poke|p1|Amoonguss, L50, M|\n|poke|p1|Arboliva, L50, F|\n|poke|p1|Torkoal, L50, M|\n|poke|p1|Iron Hands, L50|\n|poke|p1|Spiritomb, L50, M|\n|poke|p2|Flutter Mane, L50|\n|poke|p2|Scream Tail, L50|\n|poke|p2|Brute Bonnet, L50|\n|poke|p2|Jumpluff, L50, M|\n|poke|p2|Iron Hands, L50|\n|poke|p2|Chien-Pao, L50|\n|teampreview|4\n|inactive|Battle timer is ON: inactive players will automatically lose when time's up. (requested by zefiro9999)\n|inactive|Dj_Pr1me has 60 seconds left.\n|\n|t:|1684094689\n|start\n|switch|p1a: Spiritomb|Spiritomb, L50, M, shiny|100\/100\n|switch|p1b: Amoonguss|Amoonguss, L50, M, shiny|100\/100\n|switch|p2a: Iron Hands|Iron Hands, L50|100\/100\n|switch|p2b: Brute Bonnet|Brute Bonnet, L50|100\/100\n|-enditem|p2a: Iron Hands|Booster Energy\n|-activate|p2a: Iron Hands|ability: Quark Drive|[fromitem]\n|-start|p2a: Iron Hands|quarkdriveatk\n|turn|1\n|inactive|Dj_Pr1me has 30 seconds left.\n|\n|t:|1684094718\n|switch|p1b: Oranguru|Oranguru, L50, M|100\/100\n|move|p2a: Iron Hands|Fake Out|p1b: Oranguru\n|-crit|p1b: Oranguru\n|-damage|p1b: Oranguru|77\/100\n|move|p2b: Brute Bonnet|Spore|p1a: Spiritomb\n|-status|p1a: Spiritomb|slp|[from] move: Spore\n|cant|p1a: Spiritomb|slp\n|\n|upkeep\n|turn|2\n|\n|t:|1684094738\n|switch|p1b: Amoonguss|Amoonguss, L50, M, shiny|100\/100\n|move|p2a: Iron Hands|Wild Charge|p1a: Spiritomb\n|-damage|p1a: Spiritomb|37\/100 slp\n|-enditem|p1a: Spiritomb|Sitrus Berry|[eat]\n|-heal|p1a: Spiritomb|62\/100 slp|[from] item: Sitrus Berry\n|-damage|p2a: Iron Hands|90\/100|[from] Recoil\n|move|p2b: Brute Bonnet|Spore|p1b: Amoonguss\n|-immune|p1b: Amoonguss\n|-curestatus|p1a: Spiritomb|slp|[msg]\n|move|p1a: Spiritomb|Trick Room|p1a: Spiritomb\n|-fieldstart|move: Trick Room|[of] p1a: Spiritomb\n|\n|upkeep\n|turn|3\n|\n|t:|1684094762\n|move|p2a: Iron Hands|Protect|p2a: Iron Hands\n|-singleturn|p2a: Iron Hands|Protect\n|move|p1a: Spiritomb|Will-O-Wisp|p2a: Iron Hands\n|-activate|p2a: Iron Hands|move: Protect\n|move|p1b: Amoonguss|Pollen Puff|p2b: Brute Bonnet\n|-supereffective|p2b: Brute Bonnet\n|-damage|p2b: Brute Bonnet|40\/100\n|move|p2b: Brute Bonnet|Spore|p1a: Spiritomb\n|-status|p1a: Spiritomb|slp|[from] move: Spore\n|\n|upkeep\n|turn|4\n|\n|t:|1684094790\n|cant|p1a: Spiritomb|slp\n|move|p1b: Amoonguss|Pollen Puff|p1a: Spiritomb\n|-heal|p1a: Spiritomb|100\/100 slp\n|move|p2b: Brute Bonnet|Pollen Puff|p1a: Spiritomb\n|-damage|p1a: Spiritomb|87\/100 slp\n|move|p2a: Iron Hands|Drain Punch|p1b: Amoonguss\n|-resisted|p1b: Amoonguss\n|-damage|p1b: Amoonguss|78\/100\n|-heal|p2a: Iron Hands|100\/100|[from] drain|[of] p1b: Amoonguss\n|-enditem|p1b: Amoonguss|Eject Button\n|\n|t:|1684094807\n|switch|p1b: Iron Hands|Iron Hands, L50|100\/100\n|\n|upkeep\n|turn|5\n|\n|t:|1684094826\n|cant|p1a: Spiritomb|slp\n|move|p1b: Iron Hands|Drain Punch|p1a: Spiritomb\n|-immune|p1a: Spiritomb\n|move|p2b: Brute Bonnet|Spore|p1b: Iron Hands\n|-status|p1b: Iron Hands|slp|[from] move: Spore\n|move|p2a: Iron Hands|Wild Charge|p1a: Spiritomb\n|-damage|p1a: Spiritomb|20\/100 slp\n|-damage|p2a: Iron Hands|89\/100|[from] Recoil\n|\n|upkeep\n|turn|6\n|c|\u2606Dj_Pr1me|Fucking misclick fuck\n|inactive|Dj_Pr1me has 30 seconds left.\n|-message|Dj_Pr1me forfeited.\n|\n|win|zefiro9999\n|raw|Dj_Pr1me's rating: 1388 → 1363<\/strong> (-25 for losing)\n|raw|zefiro9999's rating: 1295 → 1327<\/strong> (+32 for winning)\n","uploadtime":1684094849,"views":5,"p1id":"djpr1me","p2id":"zefiro9999","formatid":"gen9vgc2023regulationc","rating":1327,"private":0,"password":""}