{"id":"gen9vgc2023regulationc-1854207005","p1":"NickC_VGC","p2":"1sasa1","format":"[Gen 9] VGC 2023 Regulation C","log":"|j|\u2606NickC_VGC\n|j|\u26061sasa1\n|t:|1682783620\n|gametype|doubles\n|player|p1|NickC_VGC|266|1260\n|player|p2|1sasa1|265|1278\n|teamsize|p1|6\n|teamsize|p2|6\n|gen|9\n|tier|[Gen 9] VGC 2023 Regulation C\n|rated|\n|rule|Species Clause: Limit one of each Pok\u00e9mon\n|rule|Item Clause: Limit one of each item\n|clearpoke\n|poke|p1|Misdreavus, L50, M|\n|poke|p1|Kingambit, L50, M|\n|poke|p1|Amoonguss, L50, M|\n|poke|p1|Ting-Lu, L50|\n|poke|p1|Gyarados, L50, F|\n|poke|p1|Corviknight, L50, M|\n|poke|p2|Baxcalibur, L50, F|\n|poke|p2|Scream Tail, L50|\n|poke|p2|Palafin, L50, M|\n|poke|p2|Ting-Lu, L50|\n|poke|p2|Gholdengo, L50|\n|poke|p2|Chi-Yu, L50|\n|teampreview|4\n|\n|t:|1682783674\n|start\n|switch|p1a: Misdreavus|Misdreavus, L50, M|100\/100\n|switch|p1b: Ting-Lu|Ting-Lu, L50|100\/100\n|switch|p2a: Scream Tail|Scream Tail, L50, shiny|100\/100\n|switch|p2b: Quishpe|Palafin, L50, M, shiny|100\/100\n|-ability|p1b: Ting-Lu|Vessel of Ruin\n|-enditem|p2a: Scream Tail|Booster Energy\n|-activate|p2a: Scream Tail|ability: Protosynthesis|[fromitem]\n|-start|p2a: Scream Tail|protosynthesisspe\n|turn|1\n|\n|t:|1682783707\n|detailschange|p2b: Quishpe|Palafin-Hero, L50, M, shiny\n|switch|p2b: Baxcalibur|Baxcalibur, L50, F|100\/100\n|-terastallize|p1b: Ting-Lu|Poison\n|move|p2a: Scream Tail|Howl|p2a: Scream Tail|[spread] p2a,p2b\n|-boost|p2a: Scream Tail|atk|1\n|-boost|p2b: Baxcalibur|atk|1\n|move|p1b: Ting-Lu|Earthquake|p2a: Scream Tail|[spread] p2a,p2b\n|-immune|p1a: Misdreavus|[from] ability: Levitate\n|-damage|p2a: Scream Tail|60\/100\n|-damage|p2b: Baxcalibur|51\/100\n|move|p1a: Misdreavus|Trick Room|p1a: Misdreavus\n|-fieldstart|move: Trick Room|[of] p1a: Misdreavus\n|\n|upkeep\n|turn|2\n|\n|t:|1682783738\n|move|p2b: Baxcalibur|Protect|p2b: Baxcalibur\n|-singleturn|p2b: Baxcalibur|Protect\n|move|p1b: Ting-Lu|Earthquake|p2b: Baxcalibur|[spread] p2a\n|-activate|p2b: Baxcalibur|move: Protect\n|-immune|p1a: Misdreavus|[from] ability: Levitate\n|-damage|p2a: Scream Tail|17\/100\n|move|p1a: Misdreavus|Hex|p2b: Baxcalibur\n|-activate|p2b: Baxcalibur|move: Protect\n|move|p2a: Scream Tail|Trick Room|p2a: Scream Tail\n|-fieldend|move: Trick Room\n|\n|upkeep\n|turn|3\n|\n|t:|1682783783\n|move|p2a: Scream Tail|Howl|p2a: Scream Tail|[spread] p2a,p2b\n|-boost|p2a: Scream Tail|atk|1\n|-boost|p2b: Baxcalibur|atk|1\n|move|p2b: Baxcalibur|Icicle Crash|p1b: Ting-Lu\n|-damage|p1b: Ting-Lu|44\/100\n|cant|p1b: Ting-Lu|flinch\n|move|p1a: Misdreavus|Trick Room|p1a: Misdreavus\n|-fieldstart|move: Trick Room|[of] p1a: Misdreavus\n|\n|upkeep\n|turn|4\n|\n|t:|1682783828\n|move|p2b: Baxcalibur|Protect|p2b: Baxcalibur\n|-singleturn|p2b: Baxcalibur|Protect\n|move|p1b: Ting-Lu|Earthquake|p2b: Baxcalibur|[spread] p2a\n|-activate|p2b: Baxcalibur|move: Protect\n|-immune|p1a: Misdreavus|[from] ability: Levitate\n|-damage|p2a: Scream Tail|0 fnt\n|faint|p2a: Scream Tail\n|-end|p2a: Scream Tail|Protosynthesis|[silent]\n|move|p1a: Misdreavus|Hex|p2b: Baxcalibur\n|-activate|p2b: Baxcalibur|move: Protect\n|\n|upkeep\n|\n|t:|1682783842\n|switch|p2a: Quishpe|Palafin-Hero, L50, M, shiny|100\/100\n|-activate|p2a: Quishpe|ability: Zero to Hero\n|turn|5\n|\n|t:|1682783873\n|-terastallize|p2a: Quishpe|Water\n|move|p2a: Quishpe|Jet Punch|p1a: Misdreavus\n|-damage|p1a: Misdreavus|43\/100\n|move|p1b: Ting-Lu|Earthquake|p2b: Baxcalibur|[spread] p2a,p2b\n|-immune|p1a: Misdreavus|[from] ability: Levitate\n|-crit|p2a: Quishpe\n|-damage|p2a: Quishpe|28\/100\n|-damage|p2b: Baxcalibur|0 fnt\n|faint|p2b: Baxcalibur\n|move|p1a: Misdreavus|Hex|p2a: Quishpe\n|-damage|p2a: Quishpe|14\/100\n|\n|upkeep\n|\n|t:|1682783887\n|switch|p2b: Chi-Yu|Chi-Yu, L50|100\/100\n|-ability|p2b: Chi-Yu|Beads of Ruin\n|turn|6\n|\n|t:|1682783901\n|move|p2a: Quishpe|Jet Punch|p1a: Misdreavus\n|-damage|p1a: Misdreavus|0 fnt\n|faint|p1a: Misdreavus\n|move|p1b: Ting-Lu|Earthquake|p2b: Chi-Yu|[spread] p2a,p2b\n|-supereffective|p2b: Chi-Yu\n|-damage|p2a: Quishpe|0 fnt\n|-damage|p2b: Chi-Yu|0 fnt\n|faint|p2a: Quishpe\n|faint|p2b: Chi-Yu\n|\n|win|NickC_VGC\n|raw|NickC_VGC's rating: 1260 → 1286<\/strong> (+26 for winning)\n|raw|1sasa1's rating: 1278 → 1252<\/strong> (-26 for losing)\n|c|\u2606NickC_VGC|gg\n|l|\u26061sasa1\n","uploadtime":1682783950,"views":20,"p1id":"nickcvgc","p2id":"1sasa1","formatid":"gen9vgc2023regulationc","rating":1252,"private":0,"password":""}