{"id":"gen9vgc2023regulationc-1862478905","p1":"KiwiTheAce","p2":"HeisenbergSCV","format":"[Gen 9] VGC 2023 Regulation C","log":"|j|\u2606KiwiTheAce\n|j|\u2606HeisenbergSCV\n|t:|1683892143\n|gametype|doubles\n|player|p1|KiwiTheAce|shadowtriad|1260\n|player|p2|HeisenbergSCV|volkner|1281\n|teamsize|p1|6\n|teamsize|p2|6\n|gen|9\n|tier|[Gen 9] VGC 2023 Regulation C\n|rated|\n|rule|Species Clause: Limit one of each Pok\u00e9mon\n|rule|Item Clause: Limit one of each item\n|clearpoke\n|poke|p1|Maushold, L50|\n|poke|p1|Annihilape, L50, F|\n|poke|p1|Chi-Yu, L50|\n|poke|p1|Flutter Mane, L50|\n|poke|p1|Gothitelle, L50, M|\n|poke|p1|Gyarados, L50, M|\n|poke|p2|Toedscruel, L50, M|\n|poke|p2|Ceruledge, L50, F|\n|poke|p2|Baxcalibur, L50, M|\n|poke|p2|Tauros-Paldea-Aqua, L50, M|\n|poke|p2|Tinkaton, L50, F|\n|poke|p2|Kilowattrel, L50, M|\n|teampreview|4\n|inactive|Battle timer is ON: inactive players will automatically lose when time's up. (requested by HeisenbergSCV)\nKiwiTheAce has agreed to open team sheets.\n|\n|t:|1683892175\n|start\n|switch|p1a: orphanage|Maushold, L50|100\/100\n|switch|p1b: Black Dahlia|Annihilape, L50, F|100\/100\n|switch|p2a: Tinkaton|Tinkaton, L50, F|100\/100\n|switch|p2b: Kilowattrel|Kilowattrel, L50, M|100\/100\n|-ability|p2a: Tinkaton|Mold Breaker\n|turn|1\n|inactive|KiwiTheAce has 30 seconds left.\n|inactive|HeisenbergSCV has 30 seconds left.\n|inactive|HeisenbergSCV has 20 seconds left.\n|\n|t:|1683892213\n|-terastallize|p1a: orphanage|Ghost\n|move|p2a: Tinkaton|Fake Out|p1a: orphanage\n|-immune|p1a: orphanage\n|move|p2b: Kilowattrel|Air Slash|p1b: Black Dahlia\n|-supereffective|p1b: Black Dahlia\n|-damage|p1b: Black Dahlia|28\/100\n|move|p1a: orphanage|Beat Up|p1b: Black Dahlia\n|-damage|p1b: Black Dahlia|26\/100\n|-damage|p1b: Black Dahlia|25\/100\n|-crit|p1b: Black Dahlia\n|-damage|p1b: Black Dahlia|22\/100\n|-damage|p1b: Black Dahlia|20\/100\n|-hitcount|p1b: Black Dahlia|4\n|cant|p1b: Black Dahlia|flinch\n|\n|-heal|p1b: Black Dahlia|26\/100|[from] item: Leftovers\n|upkeep\n|turn|2\n|inactive|KiwiTheAce has 30 seconds left.\n|\n|t:|1683892245\n|switch|p2a: Tauros|Tauros-Paldea-Aqua, L50, M|100\/100\n|-ability|p2a: Tauros|Intimidate|boost\n|-unboost|p1a: orphanage|atk|1\n|-unboost|p1b: Black Dahlia|atk|1\n|-ability|p1b: Black Dahlia|Defiant|boost\n|-boost|p1b: Black Dahlia|atk|2\n|move|p1a: orphanage|Follow Me|p1a: orphanage\n|-singleturn|p1a: orphanage|move: Follow Me\n|move|p2b: Kilowattrel|Air Slash|p1a: orphanage\n|-damage|p1a: orphanage|30\/100\n|move|p1b: Black Dahlia|Rage Fist|p2b: Kilowattrel\n|-damage|p2b: Kilowattrel|0 fnt\n|faint|p2b: Kilowattrel\n|\n|-heal|p1b: Black Dahlia|32\/100|[from] item: Leftovers\n|upkeep\n|\n|t:|1683892262\n|switch|p2b: Ceruledge|Ceruledge, L50, F|100\/100\n|turn|3\n|\n|t:|1683892278\n|move|p1a: orphanage|Follow Me|p1a: orphanage\n|-singleturn|p1a: orphanage|move: Follow Me\n|move|p1b: Black Dahlia|Rage Fist|p2a: Tauros\n|-damage|p2a: Tauros|0 fnt\n|faint|p2a: Tauros\n|move|p2b: Ceruledge|Phantom Force||[still]\n|-prepare|p2b: Ceruledge|Phantom Force\n|-enditem|p2b: Ceruledge|Power Herb\n|-anim|p2b: Ceruledge|Phantom Force|p1a: orphanage\n|-supereffective|p1a: orphanage\n|-damage|p1a: orphanage|0 fnt\n|faint|p1a: orphanage\n|\n|-heal|p1b: Black Dahlia|38\/100|[from] item: Leftovers\n|upkeep\n|inactive|KiwiTheAce has 30 seconds left.\n|inactive|KiwiTheAce has 20 seconds left.\n|\n|t:|1683892313\n|switch|p1a: badass fish|Chi-Yu, L50|100\/100\n|switch|p2a: Tinkaton|Tinkaton, L50, F|100\/100\n|-ability|p1a: badass fish|Beads of Ruin\n|-ability|p2a: Tinkaton|Mold Breaker\n|turn|4\n|l|\u2606KiwiTheAce\n|inactive|KiwiTheAce disconnected and has a minute to reconnect!\n|player|p1|\n|j|\u2606KiwiTheAce\n|inactive|KiwiTheAce reconnected and has 40 seconds left.\n|player|p1|KiwiTheAce|shadowtriad\n|\n|t:|1683892336\n|move|p1a: badass fish|Protect|p1a: badass fish\n|-singleturn|p1a: badass fish|Protect\n|move|p2a: Tinkaton|Fake Out|p1a: badass fish\n|-activate|p1a: badass fish|move: Protect\n|move|p1b: Black Dahlia|Rage Fist|p2b: Ceruledge\n|-supereffective|p2b: Ceruledge\n|-damage|p2b: Ceruledge|0 fnt\n|faint|p2b: Ceruledge\n|\n|-heal|p1b: Black Dahlia|45\/100|[from] item: Leftovers\n|upkeep\n|turn|5\n|-message|HeisenbergSCV forfeited.\n|\n|win|KiwiTheAce\n|raw|KiwiTheAce's rating: 1260 → 1287<\/strong> (+27 for winning)\n|raw|HeisenbergSCV's rating: 1281 → 1254<\/strong> (-27 for losing)\n|l|\u2606HeisenbergSCV\n|l|\u2606KiwiTheAce\n|j|\u2606KiwiTheAce\n|player|p1|KiwiTheAce|shadowtriad\n","uploadtime":1683892352,"views":6,"p1id":"kiwitheace","p2id":"heisenbergscv","formatid":"gen9vgc2023regulationc","rating":1254,"private":0,"password":""}