{"id":"gen9vgc2023regulationc-1846604310","p1":"HazeOneTrick","p2":"AndrwApple","format":"[Gen 9] VGC 2023 Regulation C","log":"|j|\u2606HazeOneTrick\n|j|\u2606AndrwApple\n|t:|1681856329\n|gametype|doubles\n|player|p1|HazeOneTrick|roxie|\n|player|p2|AndrwApple|erika-masters|\n|teamsize|p1|6\n|teamsize|p2|6\n|gen|9\n|tier|[Gen 9] VGC 2023 Regulation C\n|rule|Species Clause: Limit one of each Pok\u00e9mon\n|rule|Item Clause: Limit one of each item\n|clearpoke\n|poke|p1|Garchomp, L50, M|\n|poke|p1|Talonflame, L50, M|\n|poke|p1|Flutter Mane, L50|\n|poke|p1|Iron Hands, L50|\n|poke|p1|Amoonguss, L50, M|\n|poke|p1|Iron Bundle, L50|\n|poke|p2|Flutter Mane, L50|\n|poke|p2|Wo-Chien, L50|\n|poke|p2|Gholdengo, L50|\n|poke|p2|Arcanine, L50, M|\n|poke|p2|Palafin, L50, M|\n|poke|p2|Iron Hands, L50|\n|teampreview|4\nHazeOneTrick has agreed to open team sheets.\n|j| TheLegendaryAries\nAndrwApple has agreed to open team sheets.\n|c|\u2606AndrwApple|Glhf\n|c| TheLegendaryAries|live Wo Chien reaction\n|\n|t:|1681856414\n|start\n|switch|p1a: Iron Bundle|Iron Bundle, L50|100\/100\n|switch|p1b: Sleepy-Joe|Amoonguss, L50, M|100\/100\n|switch|p2a: AT-AT|Arcanine, L50, M|100\/100\n|switch|p2b: The Force|Palafin, L50, M, shiny|100\/100\n|-ability|p2a: AT-AT|Intimidate|boost\n|-unboost|p1a: Iron Bundle|atk|1\n|-unboost|p1b: Sleepy-Joe|atk|1\n|-enditem|p1a: Iron Bundle|Booster Energy\n|-activate|p1a: Iron Bundle|ability: Quark Drive|[fromitem]\n|-start|p1a: Iron Bundle|quarkdrivespe\n|turn|1\n|c|\u2606AndrwApple|Live OP reaction\n|c|\u2606AndrwApple|Interesting approach\n|\n|t:|1681856448\n|move|p2b: The Force|Protect|p2b: The Force\n|-singleturn|p2b: The Force|Protect\n|move|p2a: AT-AT|Protect|p2a: AT-AT\n|-singleturn|p2a: AT-AT|Protect\n|move|p1a: Iron Bundle|Freeze-Dry|p2b: The Force\n|-activate|p2b: The Force|move: Protect\n|move|p1b: Sleepy-Joe|Pollen Puff|p1a: Iron Bundle\n|-immune|p1a: Iron Bundle\n|\n|upkeep\n|turn|2\n|\n|t:|1681856487\n|detailschange|p2b: The Force|Palafin-Hero, L50, M, shiny\n|switch|p2b: Darth Vader|Iron Hands, L50|100\/100\n|-terastallize|p2a: AT-AT|Water\n|move|p1a: Iron Bundle|Freeze-Dry|p2b: Darth Vader\n|-damage|p2b: Darth Vader|83\/100\n|move|p2a: AT-AT|Close Combat|p1a: Iron Bundle\n|-supereffective|p1a: Iron Bundle\n|-damage|p1a: Iron Bundle|13\/100\n|-unboost|p2a: AT-AT|def|1\n|-unboost|p2a: AT-AT|spd|1\n|move|p1b: Sleepy-Joe|Pollen Puff|p2b: Darth Vader\n|-resisted|p2b: Darth Vader\n|-damage|p2b: Darth Vader|78\/100\n|\n|upkeep\n|turn|3\n|c|\u2606HazeOneTrick|thought it was wo chien\n|\n|t:|1681856509\n|move|p1a: Iron Bundle|Protect|p1a: Iron Bundle\n|-singleturn|p1a: Iron Bundle|Protect\n|move|p2a: AT-AT|Protect|p2a: AT-AT\n|-singleturn|p2a: AT-AT|Protect\n|move|p1b: Sleepy-Joe|Protect|p1b: Sleepy-Joe\n|-singleturn|p1b: Sleepy-Joe|Protect\n|move|p2b: Darth Vader|Volt Switch|p1a: Iron Bundle\n|-activate|p1a: Iron Bundle|move: Protect\n|\n|upkeep\n|turn|4\n|\n|t:|1681856542\n|-end|p1a: Iron Bundle|Quark Drive|[silent]\n|switch|p1a: Flutter Mane|Flutter Mane, L50|100\/100\n|switch|p2a: Jabba The Hutt|Wo-Chien, L50|100\/100\n|-ability|p2a: Jabba The Hutt|Tablets of Ruin\n|move|p2b: Darth Vader|Volt Switch|p1a: Flutter Mane\n|-damage|p1a: Flutter Mane|87\/100\n|\n|t:|1681856551\n|-end|p2b: Darth Vader|Quark Drive|[silent]\n|switch|p2b: AT-AT|Arcanine, L50, M, tera:Water|100\/100|[from] Volt Switch\n|-ability|p2b: AT-AT|Intimidate|boost\n|-unboost|p1a: Flutter Mane|atk|1\n|-unboost|p1b: Sleepy-Joe|atk|1\n|move|p1b: Sleepy-Joe|Pollen Puff|p1a: Flutter Mane\n|-heal|p1a: Flutter Mane|100\/100\n|\n|upkeep\n|turn|5\n|\n|t:|1681856581\n|move|p1a: Flutter Mane|Protect|p1a: Flutter Mane\n|-singleturn|p1a: Flutter Mane|Protect\n|move|p2b: AT-AT|Protect|p2b: AT-AT\n|-singleturn|p2b: AT-AT|Protect\n|move|p2a: Jabba The Hutt|Stun Spore|p1a: Flutter Mane\n|-activate|p1a: Flutter Mane|move: Protect\n|move|p1b: Sleepy-Joe|Pollen Puff|p2a: Jabba The Hutt\n|-supereffective|p2a: Jabba The Hutt\n|-damage|p2a: Jabba The Hutt|49\/100\n|\n|-heal|p2a: Jabba The Hutt|55\/100|[from] item: Leftovers\n|upkeep\n|turn|6\n|\n|t:|1681856607\n|move|p2a: Jabba The Hutt|Protect|p2a: Jabba The Hutt\n|-singleturn|p2a: Jabba The Hutt|Protect\n|move|p1a: Flutter Mane|Shadow Ball|p2b: AT-AT\n|-damage|p2b: AT-AT|52\/100\n|-unboost|p2b: AT-AT|spd|1\n|move|p2b: AT-AT|Flare Blitz|p1a: Flutter Mane\n|-damage|p1a: Flutter Mane|5\/100\n|-damage|p2b: AT-AT|31\/100|[from] Recoil\n|move|p1b: Sleepy-Joe|Spore|p2b: AT-AT\n|-activate|p2b: AT-AT|item: Safety Goggles|Spore\n|\n|-heal|p2a: Jabba The Hutt|61\/100|[from] item: Leftovers\n|upkeep\n|turn|7\n|l| TheLegendaryAries\n|\n|t:|1681856632\n|-terastallize|p1a: Flutter Mane|Fairy\n|move|p2b: AT-AT|Protect|p2b: AT-AT\n|-singleturn|p2b: AT-AT|Protect\n|move|p1a: Flutter Mane|Dazzling Gleam|p2b: AT-AT|[spread] p2a\n|-activate|p2b: AT-AT|move: Protect\n|-supereffective|p2a: Jabba The Hutt\n|-damage|p2a: Jabba The Hutt|4\/100\n|move|p2a: Jabba The Hutt|Stun Spore|p1a: Flutter Mane\n|-status|p1a: Flutter Mane|par\n|move|p1b: Sleepy-Joe|Pollen Puff|p2a: Jabba The Hutt\n|-supereffective|p2a: Jabba The Hutt\n|-crit|p2a: Jabba The Hutt\n|-damage|p2a: Jabba The Hutt|0 fnt\n|faint|p2a: Jabba The Hutt\n|\n|upkeep\n|\n|t:|1681856637\n|switch|p2a: Darth Vader|Iron Hands, L50|78\/100\n|turn|8\n|c|\u2606HazeOneTrick|rip\n|\n|t:|1681856660\n|move|p1a: Flutter Mane|Protect|p1a: Flutter Mane\n|-singleturn|p1a: Flutter Mane|Protect\n|move|p1b: Sleepy-Joe|Protect|p1b: Sleepy-Joe\n|-singleturn|p1b: Sleepy-Joe|Protect\n|move|p2b: AT-AT|Flare Blitz|p1b: Sleepy-Joe\n|-activate|p1b: Sleepy-Joe|move: Protect\n|move|p2a: Darth Vader|Wild Charge|p1b: Sleepy-Joe\n|-activate|p1b: Sleepy-Joe|move: Protect\n|\n|upkeep\n|turn|9\n|\n|t:|1681856685\n|-end|p1a: Flutter Mane|Protosynthesis|[silent]\n|switch|p1a: Iron Hands|Iron Hands, L50|100\/100\n|move|p2b: AT-AT|Flare Blitz|p1b: Sleepy-Joe\n|-supereffective|p1b: Sleepy-Joe\n|-damage|p1b: Sleepy-Joe|10\/100\n|-enditem|p1b: Sleepy-Joe|Sitrus Berry|[eat]\n|-heal|p1b: Sleepy-Joe|35\/100|[from] item: Sitrus Berry\n|-damage|p2b: AT-AT|0 fnt|[from] Recoil\n|faint|p2b: AT-AT\n|move|p2a: Darth Vader|Wild Charge|p1b: Sleepy-Joe\n|-resisted|p1b: Sleepy-Joe\n|-damage|p1b: Sleepy-Joe|15\/100\n|-damage|p2a: Darth Vader|73\/100|[from] Recoil\n|move|p1b: Sleepy-Joe|Spore|p2a: Darth Vader\n|-status|p2a: Darth Vader|slp|[from] move: Spore\n|\n|upkeep\n|\n|t:|1681856689\n|switch|p2b: The Force|Palafin-Hero, L50, M, shiny|100\/100\n|-activate|p2b: The Force|ability: Zero to Hero\n|turn|10\n|c|\u2606AndrwApple|Damn\n|\n|t:|1681856712\n|-end|p1a: Iron Hands|Quark Drive|[silent]\n|switch|p1a: Iron Bundle|Iron Bundle, L50|13\/100\n|move|p2b: The Force|Protect|p2b: The Force\n|-singleturn|p2b: The Force|Protect\n|cant|p2a: Darth Vader|slp\n|move|p1b: Sleepy-Joe|Pollen Puff|p1a: Iron Bundle\n|-heal|p1a: Iron Bundle|63\/100\n|\n|upkeep\n|turn|11\n|\n|t:|1681856741\n|switch|p1b: Iron Hands|Iron Hands, L50|100\/100\n|move|p1a: Iron Bundle|Freeze-Dry|p2b: The Force\n|-supereffective|p2b: The Force\n|-damage|p2b: The Force|36\/100\n|move|p2b: The Force|Wave Crash|p1b: Iron Hands\n|-damage|p1b: Iron Hands|34\/100\n|-damage|p2b: The Force|11\/100|[from] Recoil\n|cant|p2a: Darth Vader|slp\n|\n|upkeep\n|turn|12\n|\n|t:|1681856778\n|move|p2b: The Force|Protect|p2b: The Force\n|-singleturn|p2b: The Force|Protect\n|move|p1b: Iron Hands|Fake Out|p2b: The Force\n|-activate|p2b: The Force|move: Protect\n|move|p1a: Iron Bundle|Hydro Pump|p2a: Darth Vader\n|-damage|p2a: Darth Vader|43\/100 slp\n|-curestatus|p2a: Darth Vader|slp|[msg]\n|move|p2a: Darth Vader|Drain Punch|p1b: Iron Hands\n|-damage|p1b: Iron Hands|2\/100\n|-heal|p2a: Darth Vader|60\/100|[from] drain|[of] p1b: Iron Hands\n|\n|upkeep\n|turn|13\n|\n|t:|1681856796\n|move|p2b: The Force|Protect||[still]\n|-fail|p2b: The Force\n|move|p1a: Iron Bundle|Freeze-Dry|p2b: The Force\n|-supereffective|p2b: The Force\n|-damage|p2b: The Force|0 fnt\n|faint|p2b: The Force\n|move|p2a: Darth Vader|Drain Punch|p1a: Iron Bundle\n|-supereffective|p1a: Iron Bundle\n|-damage|p1a: Iron Bundle|0 fnt\n|-heal|p2a: Darth Vader|77\/100|[from] drain|[of] p1a: Iron Bundle\n|faint|p1a: Iron Bundle\n|-end|p1a: Iron Bundle|Quark Drive|[silent]\n|move|p1b: Iron Hands|Drain Punch|p2a: Darth Vader\n|-damage|p2a: Darth Vader|48\/100\n|-heal|p1b: Iron Hands|17\/100|[from] drain|[of] p2a: Darth Vader\n|\n|upkeep\n|\n|t:|1681856806\n|switch|p1a: Sleepy-Joe|Amoonguss, L50, M|48\/100\n|turn|14\n|\n|t:|1681856809\n|move|p2a: Darth Vader|Wild Charge|p1a: Sleepy-Joe\n|-resisted|p1a: Sleepy-Joe\n|-damage|p1a: Sleepy-Joe|26\/100\n|-damage|p2a: Darth Vader|43\/100|[from] Recoil\n|move|p1b: Iron Hands|Drain Punch|p2a: Darth Vader\n|-damage|p2a: Darth Vader|10\/100\n|-heal|p1b: Iron Hands|33\/100|[from] drain|[of] p2a: Darth Vader\n|move|p1a: Sleepy-Joe|Spore|p2a: Darth Vader\n|-status|p2a: Darth Vader|slp|[from] move: Spore\n|\n|upkeep\n|turn|15\n|c|\u2606AndrwApple|gg\n|c|\u2606HazeOneTrick|gg\n|-message|AndrwApple forfeited.\n|\n|win|HazeOneTrick\n|l|\u2606AndrwApple\n","uploadtime":1681856819,"views":10,"p1id":"hazeonetrick","p2id":"andrwapple","formatid":"gen9vgc2023regulationc","rating":0,"private":0,"password":""}