{"id":"gen9vgc2023regulationc-1856404969","p1":"MammalianHybrid","p2":"PkmnTrainerHotPink","format":"[Gen 9] VGC 2023 Regulation C","log":"|j|\u2606MammalianHybrid\n|j|\u2606PkmnTrainerHotPink\n|t:|1683058243\n|gametype|doubles\n|player|p1|MammalianHybrid|acetrainer-gen4|1119\n|player|p2|PkmnTrainerHotPink|cynthia|1059\n|teamsize|p1|6\n|teamsize|p2|6\n|gen|9\n|tier|[Gen 9] VGC 2023 Regulation C\n|rated|\n|rule|Species Clause: Limit one of each Pok\u00e9mon\n|rule|Item Clause: Limit one of each item\n|clearpoke\n|poke|p1|Volcarona, L50, F|\n|poke|p1|Espathra, L50, M|\n|poke|p1|Oricorio-Sensu, L50, M|\n|poke|p1|Flamigo, L50, F|\n|poke|p1|Roaring Moon, L50|\n|poke|p1|Kingambit, L50, M|\n|poke|p2|Baxcalibur, L50, F|\n|poke|p2|Chi-Yu, L50|\n|poke|p2|Flutter Mane, L50|\n|poke|p2|Gyarados, L50, F|\n|poke|p2|Ting-Lu, L50|\n|poke|p2|Amoonguss, L50, F|\n|teampreview|4\n|inactive|Battle timer is ON: inactive players will automatically lose when time's up. (requested by PkmnTrainerHotPink)\nPkmnTrainerHotPink has agreed to open team sheets.\nMammalianHybrid has agreed to open team sheets.\n|inactive|PkmnTrainerHotPink has 60 seconds left.\n|inactive|PkmnTrainerHotPink has 30 seconds left.\n|\n|t:|1683058305\n|start\n|switch|p1a: Volcarona|Volcarona, L50, F|100\/100\n|switch|p1b: Oricorio|Oricorio-Sensu, L50, M|100\/100\n|switch|p2a: Gyarados|Gyarados, L50, F, shiny|100\/100\n|switch|p2b: Ting-Lu|Ting-Lu, L50|100\/100\n|-ability|p2a: Gyarados|Intimidate|boost\n|-unboost|p1a: Volcarona|atk|1\n|-unboost|p1b: Oricorio|atk|1\n|-ability|p2b: Ting-Lu|Vessel of Ruin\n|turn|1\n|\n|t:|1683058330\n|move|p1b: Oricorio|Icy Wind|p2a: Gyarados|[spread] p2a,p2b\n|-supereffective|p2b: Ting-Lu\n|-damage|p2a: Gyarados|91\/100\n|-damage|p2b: Ting-Lu|90\/100\n|-unboost|p2a: Gyarados|spe|1\n|-unboost|p2b: Ting-Lu|spe|1\n|move|p1a: Volcarona|Quiver Dance|p1a: Volcarona\n|-boost|p1a: Volcarona|spa|1\n|-boost|p1a: Volcarona|spd|1\n|-boost|p1a: Volcarona|spe|1\n|-activate|p1b: Oricorio|ability: Dancer\n|move|p1b: Oricorio|Quiver Dance|p1b: Oricorio|[from]ability: Dancer\n|-boost|p1b: Oricorio|spa|1\n|-boost|p1b: Oricorio|spd|1\n|-boost|p1b: Oricorio|spe|1\n|move|p2a: Gyarados|Taunt|p1a: Volcarona\n|-start|p1a: Volcarona|move: Taunt\n|move|p2b: Ting-Lu|Throat Chop|p1b: Oricorio\n|-supereffective|p1b: Oricorio\n|-damage|p1b: Oricorio|0 fnt\n|faint|p1b: Oricorio\n|\n|upkeep\n|\n|t:|1683058350\n|switch|p1b: Espathra|Espathra, L50, M|100\/100\n|turn|2\n|\n|t:|1683058374\n|move|p1a: Volcarona|Bug Buzz|p2b: Ting-Lu\n|-supereffective|p2b: Ting-Lu\n|-damage|p2b: Ting-Lu|28\/100\n|move|p1b: Espathra|Hypnosis|p2a: Gyarados\n|-status|p2a: Gyarados|slp|[from] move: Hypnosis\n|-enditem|p2a: Gyarados|Lum Berry|[eat]\n|-curestatus|p2a: Gyarados|slp|[msg]\n|move|p2a: Gyarados|Thunder Wave|p1a: Volcarona\n|-status|p1a: Volcarona|par\n|move|p2b: Ting-Lu|Throat Chop|p1b: Espathra\n|-supereffective|p1b: Espathra\n|-enditem|p1b: Espathra|Focus Sash\n|-damage|p1b: Espathra|1\/100\n|-start|p1b: Espathra|Throat Chop|[silent]\n|\n|-ability|p1b: Espathra|Speed Boost|boost\n|-boost|p1b: Espathra|spe|1\n|upkeep\n|turn|3\n|inactive|PkmnTrainerHotPink has 30 seconds left.\n|inactive|PkmnTrainerHotPink has 20 seconds left.\n|inactive|PkmnTrainerHotPink has 15 seconds left.\n|\n|t:|1683058418\n|move|p1b: Espathra|Hypnosis|p2a: Gyarados\n|-status|p2a: Gyarados|slp|[from] move: Hypnosis\n|move|p1a: Volcarona|Bug Buzz|p2b: Ting-Lu\n|-supereffective|p2b: Ting-Lu\n|-damage|p2b: Ting-Lu|0 fnt\n|faint|p2b: Ting-Lu\n|cant|p2a: Gyarados|slp\n|\n|-end|p1b: Espathra|Throat Chop|[silent]\n|-ability|p1b: Espathra|Speed Boost|boost\n|-boost|p1b: Espathra|spe|1\n|upkeep\n|\n|t:|1683058437\n|switch|p2b: Amoonguss|Amoonguss, L50, F|100\/100\n|turn|4\n|\n|t:|1683058460\n|move|p2b: Amoonguss|Protect|p2b: Amoonguss\n|-singleturn|p2b: Amoonguss|Protect\n|move|p1b: Espathra|Dazzling Gleam|p2b: Amoonguss|[spread] p2a\n|-activate|p2b: Amoonguss|move: Protect\n|-damage|p2a: Gyarados|74\/100 slp\n|move|p1a: Volcarona|Fiery Dance|p2b: Amoonguss\n|-activate|p2b: Amoonguss|move: Protect\n|-curestatus|p2a: Gyarados|slp|[msg]\n|move|p2a: Gyarados|Waterfall|p1b: Espathra\n|-damage|p1b: Espathra|0 fnt\n|faint|p1b: Espathra\n|\n|-end|p1a: Volcarona|move: Taunt\n|upkeep\n|\n|t:|1683058474\n|switch|p1b: Flamigo|Flamigo, L50, F|100\/100\n|-copyboost|p1b: Flamigo|p1a: Volcarona|[from] ability: Costar\n|turn|5\n|\n|t:|1683058492\n|-terastallize|p2b: Amoonguss|Water\n|move|p2b: Amoonguss|Rage Powder|p2b: Amoonguss\n|-singleturn|p2b: Amoonguss|move: Rage Powder\n|move|p1b: Flamigo|Brave Bird|p2b: Amoonguss\n|-damage|p2b: Amoonguss|70\/100\n|-damage|p1b: Flamigo|84\/100|[from] item: Rocky Helmet|[of] p2b: Amoonguss\n|-damage|p1b: Flamigo|70\/100|[from] Recoil\n|move|p1a: Volcarona|Fiery Dance|p2b: Amoonguss\n|-resisted|p2b: Amoonguss\n|-damage|p2b: Amoonguss|40\/100\n|move|p2a: Gyarados|Thunder Wave|p1b: Flamigo\n|-status|p1b: Flamigo|par\n|\n|upkeep\n|turn|6\n|-message|MammalianHybrid forfeited.\n|\n|win|PkmnTrainerHotPink\n|raw|MammalianHybrid's rating: 1119 → 1090<\/strong> (-29 for losing)\n|raw|PkmnTrainerHotPink's rating: 1059 → 1095<\/strong> (+36 for winning)\n|l|\u2606MammalianHybrid\n|c|\u2606PkmnTrainerHotPink|gg\n","uploadtime":1683058550,"views":6,"p1id":"mammalianhybrid","p2id":"pkmntrainerhotpink","formatid":"gen9vgc2023regulationc","rating":1090,"private":0,"password":""}