{"id":"gen9vgc2023regulationc-1846017077","p1":"DashingHat321","p2":"assprin","format":"[Gen 9] VGC 2023 Regulation C","log":"|j|\u2606DashingHat321\n|j|\u2606assprin\n|t:|1681792025\n|gametype|doubles\n|player|p1|DashingHat321|giovanni|1140\n|player|p2|assprin|worker|1067\n|teamsize|p1|6\n|teamsize|p2|6\n|gen|9\n|tier|[Gen 9] VGC 2023 Regulation C\n|rated|\n|rule|Species Clause: Limit one of each Pok\u00e9mon\n|rule|Item Clause: Limit one of each item\n|clearpoke\n|poke|p1|Arcanine, L50, F|\n|poke|p1|Iron Bundle, L50|\n|poke|p1|Great Tusk, L50|\n|poke|p1|Brute Bonnet, L50|\n|poke|p1|Flutter Mane, L50|\n|poke|p1|Chien-Pao, L50|\n|poke|p2|Forretress, L50, F|\n|poke|p2|Amoonguss, L50, F|\n|poke|p2|Arcanine, L50, F|\n|poke|p2|Flutter Mane, L50|\n|poke|p2|Palafin, L50, F|\n|poke|p2|Roaring Moon, L50|\n|teampreview|4\nassprin has agreed to open team sheets.\n|inactive|Battle timer is ON: inactive players will automatically lose when time's up. (requested by DashingHat321)\nDashingHat321 rejected open team sheets.\n|inactive|assprin has 60 seconds left.\n|\n|t:|1681792075\n|start\n|switch|p1a: Arcanine|Arcanine, L50, F|100\/100\n|switch|p1b: Brute Bonnet|Brute Bonnet, L50|100\/100\n|switch|p2a: Soul Fist|Flutter Mane, L50|100\/100\n|switch|p2b: Roaring Moon|Roaring Moon, L50|100\/100\n|-ability|p1a: Arcanine|Intimidate|boost\n|-unboost|p2a: Soul Fist|atk|1\n|-unboost|p2b: Roaring Moon|atk|1\n|-enditem|p2b: Roaring Moon|Booster Energy\n|-activate|p2b: Roaring Moon|ability: Protosynthesis|[fromitem]\n|-start|p2b: Roaring Moon|protosynthesisspe\n|turn|1\n|inactive|DashingHat321 has 30 seconds left.\n|\n|t:|1681792101\n|-end|p2b: Roaring Moon|Protosynthesis|[silent]\n|switch|p2b: Falcon Punch|Arcanine, L50, F|100\/100\n|-ability|p2b: Falcon Punch|Intimidate|boost\n|-unboost|p1a: Arcanine|atk|1\n|-unboost|p1b: Brute Bonnet|atk|1\n|move|p1b: Brute Bonnet|Sucker Punch|p2a: Soul Fist\n|-damage|p2a: Soul Fist|59\/100\n|move|p2a: Soul Fist|Moonblast|p1b: Brute Bonnet\n|-supereffective|p1b: Brute Bonnet\n|-damage|p1b: Brute Bonnet|0 fnt\n|faint|p1b: Brute Bonnet\n|-end|p1b: Brute Bonnet|Protosynthesis|[silent]\n|move|p1a: Arcanine|Will-O-Wisp|p2b: Falcon Punch|[miss]\n|-miss|p1a: Arcanine|p2b: Falcon Punch\n|\n|upkeep\n|\n|t:|1681792115\n|switch|p1b: Iron Bundle|Iron Bundle, L50|100\/100\n|-enditem|p1b: Iron Bundle|Booster Energy\n|-activate|p1b: Iron Bundle|ability: Quark Drive|[fromitem]\n|-start|p1b: Iron Bundle|quarkdrivespe\n|turn|2\n|inactive|assprin has 30 seconds left.\n|\n|t:|1681792149\n|move|p1b: Iron Bundle|Protect|p1b: Iron Bundle\n|-singleturn|p1b: Iron Bundle|Protect\n|move|p2b: Falcon Punch|Extreme Speed|p1b: Iron Bundle\n|-activate|p1b: Iron Bundle|move: Protect\n|move|p2a: Soul Fist|Moonblast|p1b: Iron Bundle\n|-activate|p1b: Iron Bundle|move: Protect\n|move|p1a: Arcanine|Flare Blitz|p2a: Soul Fist\n|-damage|p2a: Soul Fist|0 fnt\n|faint|p2a: Soul Fist\n|-end|p2a: Soul Fist|Protosynthesis|[silent]\n|-damage|p1a: Arcanine|84\/100|[from] Recoil\n|\n|upkeep\n|\n|t:|1681792157\n|switch|p2a: Roaring Moon|Roaring Moon, L50|100\/100\n|turn|3\n|\n|t:|1681792171\n|move|p2b: Falcon Punch|Extreme Speed|p1b: Iron Bundle\n|-damage|p1b: Iron Bundle|77\/100\n|move|p1b: Iron Bundle|Icy Wind|p2a: Roaring Moon|[spread] p2a,p2b\n|-supereffective|p2a: Roaring Moon\n|-resisted|p2b: Falcon Punch\n|-damage|p2a: Roaring Moon|58\/100\n|-damage|p2b: Falcon Punch|88\/100\n|-unboost|p2a: Roaring Moon|spe|1\n|-unboost|p2b: Falcon Punch|spe|1\n|move|p1a: Arcanine|Will-O-Wisp|p2a: Roaring Moon|[miss]\n|-miss|p1a: Arcanine|p2a: Roaring Moon\n|move|p2a: Roaring Moon|Tailwind|p2a: Roaring Moon\n|-sidestart|p2: assprin|move: Tailwind\n|\n|upkeep\n|turn|4\n|\n|t:|1681792196\n|move|p1b: Iron Bundle|Protect|p1b: Iron Bundle\n|-singleturn|p1b: Iron Bundle|Protect\n|move|p1a: Arcanine|Extreme Speed|p2a: Roaring Moon\n|-damage|p2a: Roaring Moon|34\/100\n|move|p2a: Roaring Moon|Acrobatics|p1a: Arcanine\n|-damage|p1a: Arcanine|31\/100\n|move|p2b: Falcon Punch|Flare Blitz|p1a: Arcanine\n|-resisted|p1a: Arcanine\n|-damage|p1a: Arcanine|0 fnt\n|faint|p1a: Arcanine\n|-damage|p2b: Falcon Punch|80\/100|[from] Recoil\n|\n|upkeep\n|\n|t:|1681792208\n|switch|p1a: Flutter Mane|Flutter Mane, L50|100\/100\n|turn|5\n|\n|t:|1681792216\n|-terastallize|p1a: Flutter Mane|Fairy\n|move|p1b: Iron Bundle|Icy Wind|p2a: Roaring Moon|[spread] p2a,p2b\n|-supereffective|p2a: Roaring Moon\n|-resisted|p2b: Falcon Punch\n|-damage|p2a: Roaring Moon|0 fnt\n|-damage|p2b: Falcon Punch|68\/100\n|-unboost|p2b: Falcon Punch|spe|1\n|faint|p2a: Roaring Moon\n|-end|p2a: Roaring Moon|Protosynthesis|[silent]\n|move|p1a: Flutter Mane|Dazzling Gleam|p2b: Falcon Punch\n|-resisted|p2b: Falcon Punch\n|-damage|p2b: Falcon Punch|24\/100\n|move|p2b: Falcon Punch|Flare Blitz|p1b: Iron Bundle\n|-damage|p1b: Iron Bundle|24\/100\n|-damage|p2b: Falcon Punch|9\/100|[from] Recoil\n|\n|upkeep\n|\n|t:|1681792221\n|switch|p2a: Forretress|Forretress, L50, F|100\/100\n|turn|6\n|\n|t:|1681792241\n|move|p2b: Falcon Punch|Extreme Speed|p1b: Iron Bundle\n|-damage|p1b: Iron Bundle|0 fnt\n|faint|p1b: Iron Bundle\n|-end|p1b: Iron Bundle|Quark Drive|[silent]\n|move|p1a: Flutter Mane|Dazzling Gleam|p2b: Falcon Punch|[spread] p2a,p2b\n|-resisted|p2a: Forretress\n|-resisted|p2b: Falcon Punch\n|-damage|p2a: Forretress|68\/100\n|-damage|p2b: Falcon Punch|0 fnt\n|faint|p2b: Falcon Punch\n|move|p2a: Forretress|Heavy Slam|p1a: Flutter Mane\n|-supereffective|p1a: Flutter Mane\n|-damage|p1a: Flutter Mane|0 fnt\n|faint|p1a: Flutter Mane\n|-end|p1a: Flutter Mane|Protosynthesis|[silent]\n|\n|win|assprin\n|raw|DashingHat321's rating: 1140 → 1110<\/strong> (-30 for losing)\n|raw|assprin's rating: 1067 → 1103<\/strong> (+36 for winning)\n|l|\u2606DashingHat321\n","uploadtime":1681792252,"views":9,"p1id":"dashinghat321","p2id":"assprin","formatid":"gen9vgc2023regulationc","rating":1103,"private":0,"password":""}