{"id":"gen9vgc2023regulationc-1850927380","p1":"ThinkingSceptile","p2":"RadialVGC","format":"[Gen 9] VGC 2023 Regulation C","log":"|j|\u2606ThinkingSceptile\n|j|\u2606RadialVGC\n|t:|1682383243\n|gametype|doubles\n|player|p1|ThinkingSceptile|ghetsis|\n|player|p2|RadialVGC|volo|\n|teamsize|p1|6\n|teamsize|p2|6\n|gen|9\n|tier|[Gen 9] VGC 2023 Regulation C\n|rule|Species Clause: Limit one of each Pok\u00e9mon\n|rule|Item Clause: Limit one of each item\n|clearpoke\n|poke|p1|Flutter Mane, L50|\n|poke|p1|Tauros-Paldea-Blaze, L50, M|\n|poke|p1|Amoonguss, L50, M|\n|poke|p1|Iron Treads, L50|\n|poke|p1|Tyranitar, L50, F|\n|poke|p1|Noivern, L50, M|\n|poke|p2|Iron Jugulis, L50|\n|poke|p2|Baxcalibur, L50, M|\n|poke|p2|Chi-Yu, L50|\n|poke|p2|Raichu, L50, M|\n|poke|p2|Dragapult, L50, F|\n|poke|p2|Slither Wing, L50|\n|teampreview|4\n|inactive|Battle timer is ON: inactive players will automatically lose when time's up. (requested by ThinkingSceptile)\n|c|\u2606ThinkingSceptile|g2\n|inactiveoff|Battle timer is now OFF.\n|j| Accidental\n|j| Go1den_Berry\n|l| Go1den_Berry\n|j| Go1den_Berry\n|j| das yb\n|l| Go1den_Berry\n|j| sexy_Loki\nRadialVGC rejected open team sheets.\n|c|\u2606ThinkingSceptile|glhf\n|c|\u2606RadialVGC|Welp glhf\n|j| datoneman\n|\n|t:|1682383544\n|start\n|switch|p1a: Noivern|Noivern, L50, M|100\/100\n|switch|p1b: Tauros|Tauros-Paldea-Blaze, L50, M|100\/100\n|switch|p2a: Raich\u016b|Raichu, L50, M, shiny|100\/100\n|switch|p2b: Suriz\u0101u~ingu|Slither Wing, L50, shiny|100\/100\n|-item|p2a: Raich\u016b|Focus Sash|[from] ability: Frisk|[of] p1a: Noivern|[identify]\n|-item|p2b: Suriz\u0101u~ingu|Assault Vest|[from] ability: Frisk|[of] p1a: Noivern|[identify]\n|-ability|p1b: Tauros|Intimidate|boost\n|-unboost|p2a: Raich\u016b|atk|1\n|-unboost|p2b: Suriz\u0101u~ingu|atk|1\n|turn|1\n|\n|t:|1682383565\n|move|p1a: Noivern|Protect|p1a: Noivern\n|-singleturn|p1a: Noivern|Protect\n|move|p2a: Raich\u016b|Fake Out|p1a: Noivern\n|-activate|p1a: Noivern|move: Protect\n|move|p2b: Suriz\u0101u~ingu|First Impression|p1b: Tauros\n|-resisted|p1b: Tauros\n|-damage|p1b: Tauros|92\/100\n|move|p1b: Tauros|Bulldoze|p2a: Raich\u016b|[spread] p2a,p2b\n|-activate|p1a: Noivern|move: Protect\n|-supereffective|p2a: Raich\u016b\n|-resisted|p2b: Suriz\u0101u~ingu\n|-damage|p2a: Raich\u016b|52\/100\n|-damage|p2b: Suriz\u0101u~ingu|94\/100\n|-unboost|p2a: Raich\u016b|spe|1\n|-unboost|p2b: Suriz\u0101u~ingu|spe|1\n|\n|upkeep\n|turn|2\n|\n|t:|1682383603\n|switch|p2a: Chiyu|Chi-Yu, L50|100\/100\n|-ability|p2a: Chiyu|Beads of Ruin\n|-end|p2b: Suriz\u0101u~ingu|Protosynthesis|[silent]\n|switch|p2b: Doraparuto|Dragapult, L50, F, shiny|100\/100\n|move|p1a: Noivern|Tailwind|p1a: Noivern\n|-sidestart|p1: ThinkingSceptile|move: Tailwind\n|move|p1b: Tauros|Close Combat|p2a: Chiyu\n|-supereffective|p2a: Chiyu\n|-damage|p2a: Chiyu|0 fnt\n|-unboost|p1b: Tauros|def|1\n|-unboost|p1b: Tauros|spd|1\n|faint|p2a: Chiyu\n|\n|upkeep\n|c| datoneman|beeg plays\n|\n|t:|1682383620\n|switch|p2a: Raich\u016b|Raichu, L50, M, shiny|52\/100\n|turn|3\n|j| Go1den_Berry\n|\n|t:|1682383632\n|switch|p1b: Flutter Mane|Flutter Mane, L50|100\/100\n|-enditem|p1b: Flutter Mane|Booster Energy\n|-activate|p1b: Flutter Mane|ability: Protosynthesis|[fromitem]\n|-start|p1b: Flutter Mane|protosynthesisspe\n|move|p1a: Noivern|Protect|p1a: Noivern\n|-singleturn|p1a: Noivern|Protect\n|move|p2a: Raich\u016b|Fake Out|p1b: Flutter Mane\n|-immune|p1b: Flutter Mane\n|move|p2b: Doraparuto|Draco Meteor|p1a: Noivern\n|-activate|p1a: Noivern|move: Protect\n|\n|upkeep\n|turn|4\n|c| das yb|human?\n|c| Go1den_Berry|sheesh\n|\n|t:|1682383657\n|-terastallize|p1b: Flutter Mane|Fairy\n|-terastallize|p2b: Doraparuto|Steel\n|move|p1b: Flutter Mane|Dazzling Gleam|p2b: Doraparuto|[spread] p2a,p2b\n|-resisted|p2b: Doraparuto\n|-damage|p2a: Raich\u016b|0 fnt\n|-damage|p2b: Doraparuto|75\/100\n|faint|p2a: Raich\u016b\n|move|p1a: Noivern|Draco Meteor|p2b: Doraparuto|[miss]\n|-miss|p1a: Noivern|p2b: Doraparuto\n|move|p2b: Doraparuto|Tera Blast|p1b: Flutter Mane\n|-supereffective|p1b: Flutter Mane\n|-damage|p1b: Flutter Mane|42\/100\n|\n|upkeep\n|c| sexy_Loki|Hes fluttering all over his mane\n|c| Accidental|lmaooo\n|\n|t:|1682383675\n|switch|p2a: Suriz\u0101u~ingu|Slither Wing, L50, shiny|94\/100\n|turn|5\n|c| Accidental|flutter mane is broken y'all\n|\n|t:|1682383684\n|move|p1b: Flutter Mane|Protect|p1b: Flutter Mane\n|-singleturn|p1b: Flutter Mane|Protect\n|move|p2a: Suriz\u0101u~ingu|First Impression|p1b: Flutter Mane\n|-activate|p1b: Flutter Mane|move: Protect\n|move|p1a: Noivern|Flamethrower|p2b: Doraparuto\n|-supereffective|p2b: Doraparuto\n|-damage|p2b: Doraparuto|18\/100\n|move|p2b: Doraparuto|Draco Meteor|p1a: Noivern\n|-supereffective|p1a: Noivern\n|-enditem|p1a: Noivern|Focus Sash\n|-damage|p1a: Noivern|1\/100\n|-unboost|p2b: Doraparuto|spa|2\n|-enditem|p2b: Doraparuto|White Herb\n|-clearnegativeboost|p2b: Doraparuto|[silent]\n|\n|-sideend|p1: ThinkingSceptile|move: Tailwind\n|upkeep\n|turn|6\n|c| datoneman|imagine if gucci mane was allowed instead\n|c| Accidental|true\n|\n|t:|1682383716\n|move|p1b: Flutter Mane|Dazzling Gleam|p2a: Suriz\u0101u~ingu|[spread] p2a,p2b\n|-supereffective|p2a: Suriz\u0101u~ingu\n|-resisted|p2b: Doraparuto\n|-damage|p2a: Suriz\u0101u~ingu|43\/100\n|-damage|p2b: Doraparuto|0 fnt\n|faint|p2b: Doraparuto\n|move|p1a: Noivern|Flamethrower|p2a: Suriz\u0101u~ingu\n|-supereffective|p2a: Suriz\u0101u~ingu\n|-damage|p2a: Suriz\u0101u~ingu|13\/100\n|move|p2a: Suriz\u0101u~ingu|Flame Charge|p1a: Noivern\n|-resisted|p1a: Noivern\n|-damage|p1a: Noivern|0 fnt\n|-boost|p2a: Suriz\u0101u~ingu|spe|1\n|faint|p1a: Noivern\n|\n|upkeep\n|c| das yb|slither wing ate\n|c| datoneman|hes a bug\n|\n|t:|1682383731\n|switch|p1a: Tauros|Tauros-Paldea-Blaze, L50, M|92\/100\n|-ability|p1a: Tauros|Intimidate|boost\n|-unboost|p2a: Suriz\u0101u~ingu|atk|1\n|turn|7\n|c| datoneman|thats all they do\n|c| das yb|ya motha\n|c|\u2606RadialVGC|Welp\n|c| datoneman|liek the very hungry caterpillar\n|c|\u2606ThinkingSceptile|gg\n|c|\u2606RadialVGC|Gg\n|\n|t:|1682383752\n|move|p1b: Flutter Mane|Moonblast|p2a: Suriz\u0101u~ingu\n|-supereffective|p2a: Suriz\u0101u~ingu\n|-damage|p2a: Suriz\u0101u~ingu|0 fnt\n|faint|p2a: Suriz\u0101u~ingu\n|-end|p2a: Suriz\u0101u~ingu|Protosynthesis|[silent]\n|\n|win|ThinkingSceptile\n|l| sexy_Loki\n|l| datoneman\n|c|\u2606RadialVGC|Rip the winstreak\n|l| Go1den_Berry\n|l| das yb\n","uploadtime":1682383777,"views":16,"p1id":"thinkingsceptile","p2id":"radialvgc","formatid":"gen9vgc2023regulationc","rating":0,"private":0,"password":""}