{"id":"gen9vgc2023regulationc-1851140479","p1":"Paolobusts","p2":"emaster2048","format":"[Gen 9] VGC 2023 Regulation C","log":"|j|\u2606Paolobusts\n|j|\u2606emaster2048\n|t:|1682415887\n|gametype|doubles\n|player|p1|Paolobusts|artist-gen4|1067\n|player|p2|emaster2048|1|1000\n|teamsize|p1|6\n|teamsize|p2|6\n|gen|9\n|tier|[Gen 9] VGC 2023 Regulation C\n|rated|\n|rule|Species Clause: Limit one of each Pok\u00e9mon\n|rule|Item Clause: Limit one of each item\n|clearpoke\n|poke|p1|Great Tusk, L50|\n|poke|p1|Palafin, L50, M|\n|poke|p1|Arcanine, L50, M|\n|poke|p1|Meowscarada, L50, F|\n|poke|p1|Dragapult, L50, F|\n|poke|p1|Gholdengo, L50|\n|poke|p2|Dondozo, L50, M|\n|poke|p2|Tatsugiri, L50, F|\n|poke|p2|Sableye, L50, F|\n|poke|p2|Flutter Mane, L50|\n|poke|p2|Flamigo, L50, F|\n|poke|p2|Maushold-Four, L50|\n|teampreview|4\n|inactive|Battle timer is ON: inactive players will automatically lose when time's up. (requested by Paolobusts)\n|\n|t:|1682415919\n|start\n|switch|p1a: Palafin|Palafin, L50, M, shiny|100\/100\n|switch|p1b: Toothless|Dragapult, L50, F, shiny|100\/100\n|switch|p2a: Tatsugiri|Tatsugiri, L50, F|100\/100\n|switch|p2b: Dondozo|Dondozo, L50, M|100\/100\n|-activate|p2a: Tatsugiri|ability: Commander|[of] p2b: Dondozo\n|-boost|p2b: Dondozo|atk|2\n|-boost|p2b: Dondozo|spa|2\n|-boost|p2b: Dondozo|spe|2\n|-boost|p2b: Dondozo|def|2\n|-boost|p2b: Dondozo|spd|2\n|turn|1\n|inactive|emaster2048 has 30 seconds left.\n|\n|t:|1682415951\n|detailschange|p1a: Palafin|Palafin-Hero, L50, M, shiny\n|switch|p1a: Magic Mike|Meowscarada, L50, F|100\/100\n|move|p1b: Toothless|Phantom Force||[still]\n|-prepare|p1b: Toothless|Phantom Force\n|move|p2b: Dondozo|Order Up|p1b: Toothless|[miss]\n|-miss|p2b: Dondozo|p1b: Toothless\n|\n|-status|p2a: Tatsugiri|tox|[from] item: Toxic Orb\n|upkeep\n|turn|2\n|inactive|emaster2048 has 30 seconds left.\n|\n|t:|1682415985\n|-terastallize|p2b: Dondozo|Dragon\n|move|p1b: Toothless|Phantom Force|p2b: Dondozo|[from]lockedmove\n|-damage|p2b: Dondozo|78\/100\n|move|p1a: Magic Mike|Flower Trick|p2b: Dondozo\n|-resisted|p2b: Dondozo\n|-crit|p2b: Dondozo\n|-damage|p2b: Dondozo|64\/100\n|move|p2b: Dondozo|Order Up|p1a: Magic Mike\n|-enditem|p1a: Magic Mike|Focus Sash\n|-damage|p1a: Magic Mike|1\/100\n|-boost|p2b: Dondozo|atk|1\n|\n|-damage|p2a: Tatsugiri|95\/100 tox|[from] psn\n|upkeep\n|turn|3\n|\n|t:|1682416005\n|switch|p1b: Palafin|Palafin-Hero, L50, M, shiny|100\/100\n|-activate|p1b: Palafin|ability: Zero to Hero\n|move|p1a: Magic Mike|Ally Switch|p1a: Magic Mike\n|swap|p1a: Magic Mike|1|[from] move: Ally Switch\n|move|p2b: Dondozo|Facade|p1a: Palafin\n|-damage|p1a: Palafin|52\/100\n|\n|-damage|p2a: Tatsugiri|83\/100 tox|[from] psn\n|upkeep\n|turn|4\n|\n|t:|1682416021\n|switch|p1a: Toothless|Dragapult, L50, F, shiny|100\/100\n|move|p1b: Magic Mike|Protect|p1b: Magic Mike\n|-singleturn|p1b: Magic Mike|Protect\n|move|p2b: Dondozo|Order Up|p1a: Toothless\n|-supereffective|p1a: Toothless\n|-damage|p1a: Toothless|0 fnt\n|faint|p1a: Toothless\n|-boost|p2b: Dondozo|atk|1\n|\n|-damage|p2a: Tatsugiri|66\/100 tox|[from] psn\n|upkeep\n|\n|t:|1682416042\n|switch|p1a: Palafin|Palafin-Hero, L50, M, shiny|52\/100\n|turn|5\n|\n|t:|1682416055\n|-terastallize|p1a: Palafin|Water\n|move|p1b: Magic Mike|Flower Trick|p2b: Dondozo\n|-resisted|p2b: Dondozo\n|-crit|p2b: Dondozo\n|-damage|p2b: Dondozo|39\/100\n|move|p1a: Palafin|Wave Crash|p2b: Dondozo\n|-resisted|p2b: Dondozo\n|-damage|p2b: Dondozo|19\/100\n|-enditem|p2b: Dondozo|Aguav Berry|[eat]\n|-heal|p2b: Dondozo|52\/100|[from] item: Aguav Berry\n|-damage|p1a: Palafin|43\/100|[from] Recoil\n|move|p2b: Dondozo|Order Up|p1a: Palafin\n|-damage|p1a: Palafin|0 fnt\n|faint|p1a: Palafin\n|-boost|p2b: Dondozo|atk|1\n|\n|-damage|p2a: Tatsugiri|43\/100 tox|[from] psn\n|upkeep\n|\n|t:|1682416065\n|switch|p1a: Gholdengo|Gholdengo, L50|100\/100\n|turn|6\n|\n|t:|1682416076\n|move|p1b: Magic Mike|Flower Trick|p2b: Dondozo\n|-resisted|p2b: Dondozo\n|-crit|p2b: Dondozo\n|-damage|p2b: Dondozo|28\/100\n|move|p1a: Gholdengo|Thunderbolt|p2b: Dondozo\n|-resisted|p2b: Dondozo\n|-damage|p2b: Dondozo|18\/100\n|move|p2b: Dondozo|Wave Crash|p1a: Gholdengo\n|-damage|p1a: Gholdengo|0 fnt\n|faint|p1a: Gholdengo\n|-damage|p2b: Dondozo|0 fnt|[from] Recoil\n|faint|p2b: Dondozo\n|\n|-damage|p2a: Tatsugiri|15\/100 tox|[from] psn\n|upkeep\n|c|\u2606emaster2048|gg\n|-message|Paolobusts forfeited.\n|\n|win|emaster2048\n|raw|Paolobusts's rating: 1067 → 1043<\/strong> (-24 for losing)\n|raw|emaster2048's rating: 1000 → 1048<\/strong> (+48 for winning)\n|l|\u2606Paolobusts\n","uploadtime":1682416097,"views":12,"p1id":"paolobusts","p2id":"emaster2048","formatid":"gen9vgc2023regulationc","rating":1043,"private":0,"password":""}