{"id":"gen9vgc2023regulationc-1859457782","p1":"Toslowbro30","p2":"OS29090","format":"[Gen 9] VGC 2023 Regulation C","log":"|j|\u2606Toslowbro30\n|j|\u2606OS29090\n|t:|1683471095\n|gametype|doubles\n|player|p1|Toslowbro30|norman|1116\n|player|p2|OS29090|169|1114\n|teamsize|p1|6\n|teamsize|p2|6\n|gen|9\n|tier|[Gen 9] VGC 2023 Regulation C\n|rated|\n|rule|Species Clause: Limit one of each Pok\u00e9mon\n|rule|Item Clause: Limit one of each item\n|clearpoke\n|poke|p1|Flutter Mane, L50|\n|poke|p1|Slowbro, L50, M|\n|poke|p1|Ting-Lu, L50|\n|poke|p1|Chien-Pao, L50|\n|poke|p1|Dragonite, L50, M|\n|poke|p1|Rotom-Heat, L50|\n|poke|p2|Bronzong, L50|\n|poke|p2|Grimmsnarl, L50, M|\n|poke|p2|Abomasnow, L50, F|\n|poke|p2|Ting-Lu, L50|\n|poke|p2|Arcanine, L50, F|\n|poke|p2|Iron Bundle, L50|\n|teampreview|4\n|\n|t:|1683471165\n|start\n|switch|p1a: Chien-Pao|Chien-Pao, L50|100\/100\n|switch|p1b: Dragonite|Dragonite, L50, M|100\/100\n|switch|p2a: Abomasnow|Abomasnow, L50, F|100\/100\n|switch|p2b: Grimmsnarl|Grimmsnarl, L50, M|100\/100\n|-ability|p1a: Chien-Pao|Sword of Ruin\n|-weather|Snow|[from] ability: Snow Warning|[of] p2a: Abomasnow\n|turn|1\n|\n|t:|1683471193\n|-terastallize|p1b: Dragonite|Steel\n|move|p2a: Abomasnow|Protect|p2a: Abomasnow\n|-singleturn|p2a: Abomasnow|Protect\n|move|p2b: Grimmsnarl|Fake Out|p1a: Chien-Pao\n|-damage|p1a: Chien-Pao|90\/100\n|cant|p1a: Chien-Pao|flinch\n|move|p1b: Dragonite|Tera Blast|p2a: Abomasnow\n|-activate|p2a: Abomasnow|move: Protect\n|\n|-weather|Snow|[upkeep]\n|upkeep\n|turn|2\n|inactive|Battle timer is ON: inactive players will automatically lose when time's up. (requested by Toslowbro30)\n|\n|t:|1683471258\n|move|p2b: Grimmsnarl|Sucker Punch|p1b: Dragonite\n|-damage|p1b: Dragonite|83\/100\n|move|p1a: Chien-Pao|Sacred Sword|p2a: Abomasnow\n|-supereffective|p2a: Abomasnow\n|-damage|p2a: Abomasnow|42\/100\n|move|p1b: Dragonite|Tera Blast|p2b: Grimmsnarl\n|-supereffective|p2b: Grimmsnarl\n|-damage|p2b: Grimmsnarl|0 fnt\n|faint|p2b: Grimmsnarl\n|move|p2a: Abomasnow|Blizzard|p1a: Chien-Pao|[spread] p1a,p1b\n|-resisted|p1a: Chien-Pao\n|-resisted|p1b: Dragonite\n|-damage|p1a: Chien-Pao|52\/100\n|-damage|p1b: Dragonite|70\/100\n|-damage|p2a: Abomasnow|32\/100|[from] item: Life Orb\n|\n|-weather|Snow|[upkeep]\n|upkeep\n|\n|t:|1683471277\n|switch|p2b: Iron Bundle|Iron Bundle, L50|100\/100\n|-enditem|p2b: Iron Bundle|Booster Energy\n|-activate|p2b: Iron Bundle|ability: Quark Drive|[fromitem]\n|-start|p2b: Iron Bundle|quarkdrivespe\n|turn|3\n|\n|t:|1683471297\n|move|p2a: Abomasnow|Protect|p2a: Abomasnow\n|-singleturn|p2a: Abomasnow|Protect\n|move|p2b: Iron Bundle|Aurora Veil|p2b: Iron Bundle\n|-sidestart|p2: OS29090|move: Aurora Veil\n|move|p1a: Chien-Pao|Sacred Sword|p2a: Abomasnow\n|-activate|p2a: Abomasnow|move: Protect\n|move|p1b: Dragonite|Thunder Punch|p2b: Iron Bundle\n|-supereffective|p2b: Iron Bundle\n|-damage|p2b: Iron Bundle|55\/100\n|\n|-weather|Snow|[upkeep]\n|upkeep\n|turn|4\n|inactive|OS29090 has 30 seconds left.\n|inactive|OS29090 has 20 seconds left.\n|\n|t:|1683471333\n|move|p1a: Chien-Pao|Sucker Punch|p2b: Iron Bundle\n|-damage|p2b: Iron Bundle|29\/100\n|move|p2b: Iron Bundle|Chilling Water|p1a: Chien-Pao\n|-damage|p1a: Chien-Pao|15\/100\n|-unboost|p1a: Chien-Pao|atk|1\n|move|p1b: Dragonite|Thunder Punch|p2b: Iron Bundle\n|-supereffective|p2b: Iron Bundle\n|-damage|p2b: Iron Bundle|0 fnt\n|faint|p2b: Iron Bundle\n|-end|p2b: Iron Bundle|Quark Drive|[silent]\n|move|p2a: Abomasnow|Blizzard|p1a: Chien-Pao|[spread] p1a,p1b\n|-resisted|p1a: Chien-Pao\n|-crit|p1a: Chien-Pao\n|-resisted|p1b: Dragonite\n|-damage|p1a: Chien-Pao|0 fnt\n|-damage|p1b: Dragonite|55\/100\n|faint|p1a: Chien-Pao\n|-damage|p2a: Abomasnow|22\/100|[from] item: Life Orb\n|\n|-weather|Snow|[upkeep]\n|upkeep\n|\n|t:|1683471356\n|switch|p2b: Ting-Lu|Ting-Lu, L50|100\/100\n|switch|p1a: Slowbro|Slowbro, L50, M|100\/100\n|-ability|p2b: Ting-Lu|Vessel of Ruin\n|turn|5\n|\n|t:|1683471375\n|move|p1b: Dragonite|Tera Blast|p2a: Abomasnow\n|-supereffective|p2a: Abomasnow\n|-damage|p2a: Abomasnow|0 fnt\n|faint|p2a: Abomasnow\n|move|p2b: Ting-Lu|Heavy Slam|p1a: Slowbro\n|-resisted|p1a: Slowbro\n|-damage|p1a: Slowbro|85\/100\n|move|p1a: Slowbro|Heal Pulse|p1b: Dragonite\n|-heal|p1b: Dragonite|100\/100\n|\n|-weather|none\n|-heal|p1a: Slowbro|91\/100|[from] item: Leftovers\n|upkeep\n|turn|6\n|-message|OS29090 forfeited.\n|\n|win|Toslowbro30\n|raw|Toslowbro30's rating: 1116 → 1141<\/strong> (+25 for winning)\n|raw|OS29090's rating: 1114 → 1089<\/strong> (-25 for losing)\n|l|\u2606OS29090\n","uploadtime":1683471398,"views":11,"p1id":"toslowbro30","p2id":"os29090","formatid":"gen9vgc2023regulationc","rating":1089,"private":0,"password":""}