{"id":"gen9vgc2023regulationc-1846538188","p1":"The_Chauffeur","p2":"N8zaGr8","format":"[Gen 9] VGC 2023 Regulation C","log":"|j|\u2606The_Chauffeur\n|j|\u2606N8zaGr8\n|t:|1681849554\n|gametype|doubles\n|player|p1|The_Chauffeur|pokemonbreeder-gen4|1443\n|player|p2|N8zaGr8|cynthia-gen4|1409\n|teamsize|p1|6\n|teamsize|p2|6\n|gen|9\n|tier|[Gen 9] VGC 2023 Regulation C\n|rated|\n|rule|Species Clause: Limit one of each Pok\u00e9mon\n|rule|Item Clause: Limit one of each item\n|clearpoke\n|poke|p1|Palafin, L50, M|\n|poke|p1|Garchomp, L50, F|\n|poke|p1|Scream Tail, L50|\n|poke|p1|Corviknight, L50, F|\n|poke|p1|Gholdengo, L50|\n|poke|p1|Tyranitar, L50, F|\n|poke|p2|Gyarados, L50, M|\n|poke|p2|Ting-Lu, L50|\n|poke|p2|Amoonguss, L50, M|\n|poke|p2|Flutter Mane, L50|\n|poke|p2|Bronzong, L50|\n|poke|p2|Staraptor, L50, F|\n|teampreview|4\n|inactive|Battle timer is ON: inactive players will automatically lose when time's up. (requested by The_Chauffeur)\nN8zaGr8 has agreed to open team sheets.\nThe_Chauffeur rejected open team sheets.\n|inactive|N8zaGr8 has 60 seconds left.\n|\n|t:|1681849613\n|start\n|switch|p1a: Shimmer|Palafin, L50, M|100\/100\n|switch|p1b: Mimic|Gholdengo, L50|100\/100\n|switch|p2a: Arcanine Who?|Gyarados, L50, M|100\/100\n|switch|p2b: dong|Bronzong, L50|100\/100\n|-ability|p2a: Arcanine Who?|Intimidate|boost\n|-unboost|p1a: Shimmer|atk|1\n|-unboost|p1b: Mimic|atk|1\n|turn|1\n|inactive|The_Chauffeur has 30 seconds left.\n|\n|t:|1681849640\n|switch|p2a: new jazz|Flutter Mane, L50|100\/100\n|detailschange|p1a: Shimmer|Palafin-Hero, L50, M\n|switch|p1a: Beholder|Scream Tail, L50|100\/100\n|-enditem|p1a: Beholder|Booster Energy\n|-activate|p1a: Beholder|ability: Protosynthesis|[fromitem]\n|-start|p1a: Beholder|protosynthesisspe\n|-terastallize|p2b: dong|Water\n|move|p1b: Mimic|Trick|p2b: dong\n|-activate|p1b: Mimic|move: Trick|[of] p2b: dong\n|-item|p2b: dong|Choice Scarf|[from] move: Trick\n|-item|p1b: Mimic|Safety Goggles|[from] move: Trick\n|move|p2b: dong|Iron Defense|p2b: dong\n|-boost|p2b: dong|def|2\n|\n|upkeep\n|turn|2\n|inactive|The_Chauffeur has 30 seconds left.\n|inactive|N8zaGr8 has 30 seconds left.\n|inactive|N8zaGr8 has 20 seconds left.\n|inactive|N8zaGr8 has 15 seconds left.\n|inactive|N8zaGr8 has 10 seconds left.\n|inactive|N8zaGr8 has 5 seconds left.\n|\n|t:|1681849692\n|switch|p2b: Friend|Amoonguss, L50, M|100\/100\n|move|p1a: Beholder|Thunder Wave|p2a: new jazz|[miss]\n|-miss|p1a: Beholder|p2a: new jazz\n|move|p2a: new jazz|Shadow Ball|p1b: Mimic\n|-supereffective|p1b: Mimic\n|-damage|p1b: Mimic|0 fnt\n|faint|p1b: Mimic\n|-damage|p2a: new jazz|91\/100|[from] item: Life Orb\n|\n|upkeep\n|\n|t:|1681849708\n|switch|p1b: Shimmer|Palafin-Hero, L50, M|100\/100\n|-activate|p1b: Shimmer|ability: Zero to Hero\n|turn|3\n|\n|t:|1681849718\n|-terastallize|p1a: Beholder|Grass\n|move|p1b: Shimmer|Protect|p1b: Shimmer\n|-singleturn|p1b: Shimmer|Protect\n|move|p2b: Friend|Rage Powder|p2b: Friend\n|-singleturn|p2b: Friend|move: Rage Powder\n|move|p1a: Beholder|Thunder Wave|p2a: new jazz\n|-status|p2a: new jazz|par\n|move|p2a: new jazz|Shadow Ball|p1a: Beholder\n|-damage|p1a: Beholder|66\/100\n|-damage|p2a: new jazz|81\/100 par|[from] item: Life Orb\n|\n|upkeep\n|turn|4\n|inactive|The_Chauffeur has 30 seconds left.\n|\n|t:|1681849750\n|-end|p2a: new jazz|Protosynthesis|[silent]\n|switch|p2a: Arcanine Who?|Gyarados, L50, M|100\/100\n|-ability|p2a: Arcanine Who?|Intimidate|boost\n|-unboost|p1a: Beholder|atk|1\n|-unboost|p1b: Shimmer|atk|1\n|move|p1a: Beholder|Disable||[still]\n|-fail|p1a: Beholder\n|move|p1b: Shimmer|Focus Energy|p1b: Shimmer\n|-start|p1b: Shimmer|move: Focus Energy\n|move|p2b: Friend|Spore|p1b: Shimmer\n|-status|p1b: Shimmer|slp|[from] move: Spore\n|\n|upkeep\n|turn|5\n|inactive|N8zaGr8 has 30 seconds left.\n|\n|t:|1681849778\n|cant|p1b: Shimmer|slp\n|move|p1a: Beholder|Thunder Wave|p2a: Arcanine Who?\n|-status|p2a: Arcanine Who?|par\n|move|p2a: Arcanine Who?|Taunt|p1a: Beholder\n|-start|p1a: Beholder|move: Taunt\n|move|p2b: Friend|Pollen Puff|p1a: Beholder\n|-supereffective|p1a: Beholder\n|-damage|p1a: Beholder|40\/100\n|\n|upkeep\n|turn|6\n|inactive|N8zaGr8 has 30 seconds left.\n|inactive|N8zaGr8 has 20 seconds left.\n|\n|t:|1681849814\n|-end|p1a: Beholder|Protosynthesis|[silent]\n|switch|p1a: Roc|Corviknight, L50, F|100\/100\n|cant|p1b: Shimmer|slp\n|move|p2a: Arcanine Who?|Iron Head|p1a: Roc\n|-resisted|p1a: Roc\n|-damage|p1a: Roc|90\/100\n|move|p2b: Friend|Pollen Puff|p1a: Roc\n|-resisted|p1a: Roc\n|-damage|p1a: Roc|87\/100\n|\n|upkeep\n|turn|7\n|\n|t:|1681849832\n|-curestatus|p1b: Shimmer|slp|[msg]\n|move|p1b: Shimmer|Protect|p1b: Shimmer\n|-singleturn|p1b: Shimmer|Protect\n|move|p1a: Roc|Bulk Up|p1a: Roc\n|-boost|p1a: Roc|atk|1\n|-boost|p1a: Roc|def|1\n|move|p2a: Arcanine Who?|Taunt|p1a: Roc\n|-start|p1a: Roc|move: Taunt\n|move|p2b: Friend|Spore|p1b: Shimmer\n|-activate|p1b: Shimmer|move: Protect\n|\n|upkeep\n|turn|8\n|inactive|N8zaGr8 has 30 seconds left.\n|inactive|N8zaGr8 has 20 seconds left.\n|inactive|N8zaGr8 has 15 seconds left.\n|\n|t:|1681849877\n|switch|p2b: dong|Bronzong, L50, tera:Water|100\/100\n|move|p1b: Shimmer|Jet Punch|p2b: dong\n|-resisted|p2b: dong\n|-crit|p2b: dong\n|-damage|p2b: dong|78\/100\n|move|p1a: Roc|Brave Bird|p2b: dong\n|-damage|p2b: dong|26\/100\n|-damage|p1a: Roc|72\/100|[from] Recoil\n|cant|p2a: Arcanine Who?|par\n|\n|upkeep\n|turn|9\n|\n|t:|1681849894\n|move|p1b: Shimmer|Wave Crash|p2a: Arcanine Who?\n|-resisted|p2a: Arcanine Who?\n|-crit|p2a: Arcanine Who?\n|-damage|p2a: Arcanine Who?|32\/100 par\n|-enditem|p2a: Arcanine Who?|Sitrus Berry|[eat]\n|-heal|p2a: Arcanine Who?|57\/100 par|[from] item: Sitrus Berry\n|-damage|p1b: Shimmer|77\/100|[from] Recoil\n|move|p1a: Roc|Brave Bird|p2a: Arcanine Who?\n|-damage|p2a: Arcanine Who?|0 fnt\n|faint|p2a: Arcanine Who?\n|-damage|p1a: Roc|54\/100|[from] Recoil\n|move|p2b: dong|Trick Room|p2b: dong\n|-fieldstart|move: Trick Room|[of] p2b: dong\n|\n|upkeep\n|\n|t:|1681849911\n|switch|p2a: Friend|Amoonguss, L50, M|100\/100\n|turn|10\n|\n|t:|1681849917\n|switch|p2b: new jazz|Flutter Mane, L50|81\/100 par\n|move|p2a: Friend|Protect|p2a: Friend\n|-singleturn|p2a: Friend|Protect\n|move|p1b: Shimmer|Protect|p1b: Shimmer\n|-singleturn|p1b: Shimmer|Protect\n|move|p1a: Roc|Brave Bird|p2a: Friend\n|-activate|p2a: Friend|move: Protect\n|\n|-end|p1a: Roc|move: Taunt\n|upkeep\n|turn|11\n|\n|t:|1681849929\n|move|p2b: new jazz|Protect|p2b: new jazz\n|-singleturn|p2b: new jazz|Protect\n|move|p1b: Shimmer|Jet Punch|p2b: new jazz\n|-activate|p2b: new jazz|move: Protect\n|move|p2a: Friend|Spore|p1a: Roc\n|-activate|p1a: Roc|item: Safety Goggles|Spore\n|move|p1a: Roc|Brave Bird|p2a: Friend\n|-supereffective|p2a: Friend\n|-damage|p2a: Friend|0 fnt\n|faint|p2a: Friend\n|-damage|p1a: Roc|20\/100|[from] Recoil\n|\n|upkeep\n|-message|N8zaGr8 forfeited.\n|\n|win|The_Chauffeur\n|raw|The_Chauffeur's rating: 1443 → 1461<\/strong> (+18 for winning)\n|raw|N8zaGr8's rating: 1409 → 1391<\/strong> (-18 for losing)\n|l|\u2606N8zaGr8\n","uploadtime":1681849965,"views":9,"p1id":"thechauffeur","p2id":"n8zagr8","formatid":"gen9vgc2023regulationc","rating":1391,"private":0,"password":""}