{"id":"gen9vgc2023regulationc-1856323471","p1":"lawfoolio","p2":"Crest of Thunders","format":"[Gen 9] VGC 2023 Regulation C","log":"|j|\u2606lawfoolio\n|j|\u2606Crest of Thunders\n|t:|1683050867\n|gametype|doubles\n|player|p1|lawfoolio|fisherman-gen4|1430\n|player|p2|Crest of Thunders|barry|1374\n|teamsize|p1|6\n|teamsize|p2|6\n|gen|9\n|tier|[Gen 9] VGC 2023 Regulation C\n|rated|\n|rule|Species Clause: Limit one of each Pok\u00e9mon\n|rule|Item Clause: Limit one of each item\n|clearpoke\n|poke|p1|Glimmora, L50, M|\n|poke|p1|Dondozo, L50, M|\n|poke|p1|Tatsugiri, L50, F|\n|poke|p1|Iron Bundle, L50|\n|poke|p1|Dragonite, L50, M|\n|poke|p1|Chi-Yu, L50|\n|poke|p2|Iron Hands, L50|\n|poke|p2|Arcanine, L50, M|\n|poke|p2|Ting-Lu, L50|\n|poke|p2|Flutter Mane, L50|\n|poke|p2|Iron Bundle, L50|\n|poke|p2|Amoonguss, L50, F|\n|teampreview|4\n|inactive|Battle timer is ON: inactive players will automatically lose when time's up. (requested by lawfoolio)\n|c|\u2606Crest of Thunders|glhf\nCrest of Thunders has agreed to open team sheets.\n|c|\u2606lawfoolio|gl\nlawfoolio has agreed to open team sheets.\n|inactive|lawfoolio has 60 seconds left.\n|\n|t:|1683050912\n|start\n|switch|p1a: Chi-Yu|Chi-Yu, L50|100\/100\n|switch|p1b: Iron Bundle|Iron Bundle, L50|100\/100\n|switch|p2a: 5A1NT_N1K|Iron Bundle, L50|100\/100\n|switch|p2b: Claude|Ting-Lu, L50|100\/100\n|-ability|p1a: Chi-Yu|Beads of Ruin\n|-ability|p2b: Claude|Vessel of Ruin\n|-enditem|p2a: 5A1NT_N1K|Booster Energy\n|-activate|p2a: 5A1NT_N1K|ability: Quark Drive|[fromitem]\n|-start|p2a: 5A1NT_N1K|quarkdrivespe\n|-enditem|p1b: Iron Bundle|Booster Energy\n|-activate|p1b: Iron Bundle|ability: Quark Drive|[fromitem]\n|-start|p1b: Iron Bundle|quarkdrivespe\n|turn|1\n|inactive|lawfoolio has 30 seconds left.\n|inactive|Crest of Thunders has 30 seconds left.\n|\n|t:|1683050944\n|move|p2a: 5A1NT_N1K|Protect|p2a: 5A1NT_N1K\n|-singleturn|p2a: 5A1NT_N1K|Protect\n|move|p1b: Iron Bundle|Protect|p1b: Iron Bundle\n|-singleturn|p1b: Iron Bundle|Protect\n|move|p1a: Chi-Yu|Protect|p1a: Chi-Yu\n|-singleturn|p1a: Chi-Yu|Protect\n|move|p2b: Claude|Earthquake|p1a: Chi-Yu|[spread] \n|-activate|p2a: 5A1NT_N1K|move: Protect\n|-activate|p1a: Chi-Yu|move: Protect\n|-activate|p1b: Iron Bundle|move: Protect\n|\n|upkeep\n|turn|2\n|\n|t:|1683050959\n|switch|p1a: Dondozo|Dondozo, L50, M|100\/100\n|move|p2a: 5A1NT_N1K|Encore||[still]\n|-fail|p2a: 5A1NT_N1K\n|move|p1b: Iron Bundle|Freeze-Dry|p2a: 5A1NT_N1K\n|-damage|p2a: 5A1NT_N1K|46\/100\n|move|p2b: Claude|Sand Tomb|p1a: Dondozo|[miss]\n|-miss|p2b: Claude|p1a: Dondozo\n|\n|upkeep\n|turn|3\n|\n|t:|1683050984\n|-end|p2a: 5A1NT_N1K|Quark Drive|[silent]\n|switch|p2a: Mellow|Amoonguss, L50, F|100\/100\n|-terastallize|p2b: Claude|Fairy\n|move|p1b: Iron Bundle|Freeze-Dry|p2a: Mellow\n|-supereffective|p2a: Mellow\n|-damage|p2a: Mellow|53\/100\n|move|p1a: Dondozo|Wave Crash|p2b: Claude\n|-damage|p2b: Claude|71\/100\n|-damage|p1a: Dondozo|89\/100|[from] Recoil\n|move|p2b: Claude|Sand Tomb|p1a: Dondozo\n|-damage|p1a: Dondozo|77\/100\n|-activate|p1a: Dondozo|move: Sand Tomb|[of] p2b: Claude\n|\n|-heal|p1a: Dondozo|83\/100|[from] item: Leftovers\n|-damage|p1a: Dondozo|71\/100|[from] move: Sand Tomb|[partiallytrapped]\n|upkeep\n|turn|4\n|inactive|lawfoolio has 30 seconds left.\n|inactive|Crest of Thunders has 30 seconds left.\n|\n|t:|1683051014\n|switch|p2a: 5UM0|Iron Hands, L50|100\/100\n|-terastallize|p1b: Iron Bundle|Ice\n|move|p1a: Dondozo|Protect|p1a: Dondozo\n|-singleturn|p1a: Dondozo|Protect\n|move|p1b: Iron Bundle|Freeze-Dry|p2a: 5UM0\n|-damage|p2a: 5UM0|73\/100\n|move|p2b: Claude|Payback|p1b: Iron Bundle\n|-damage|p1b: Iron Bundle|46\/100\n|\n|-heal|p1a: Dondozo|77\/100|[from] item: Leftovers\n|-damage|p1a: Dondozo|65\/100|[from] move: Sand Tomb|[partiallytrapped]\n|upkeep\n|turn|5\n|\n|t:|1683051033\n|move|p1b: Iron Bundle|Protect|p1b: Iron Bundle\n|-singleturn|p1b: Iron Bundle|Protect\n|move|p1a: Dondozo|Protect||[still]\n|-fail|p1a: Dondozo\n|move|p2a: 5UM0|Drain Punch|p1b: Iron Bundle\n|-activate|p1b: Iron Bundle|move: Protect\n|move|p2b: Claude|Payback|p1a: Dondozo\n|-damage|p1a: Dondozo|34\/100\n|\n|-heal|p1a: Dondozo|40\/100|[from] item: Leftovers\n|-damage|p1a: Dondozo|27\/100|[from] move: Sand Tomb|[partiallytrapped]\n|upkeep\n|turn|6\n|\n|t:|1683051051\n|-end|p1b: Iron Bundle|Quark Drive|[silent]\n|switch|p1b: Tatsugiri|Tatsugiri, L50, F|100\/100\n|-activate|p1b: Tatsugiri|ability: Commander|[of] p1a: Dondozo\n|-boost|p1a: Dondozo|atk|2\n|-boost|p1a: Dondozo|spa|2\n|-boost|p1a: Dondozo|spe|2\n|-boost|p1a: Dondozo|def|2\n|-boost|p1a: Dondozo|spd|2\n|move|p1a: Dondozo|Earthquake|p2b: Claude|[spread] p2a,p2b\n|-miss|p1a: Dondozo|p1b: Tatsugiri\n|-supereffective|p2a: 5UM0\n|-damage|p2a: 5UM0|21\/100\n|-damage|p2b: Claude|47\/100\n|-enditem|p2a: 5UM0|Sitrus Berry|[eat]\n|-heal|p2a: 5UM0|46\/100|[from] item: Sitrus Berry\n|move|p2a: 5UM0|Drain Punch|p1b: Tatsugiri|[miss]\n|-miss|p2a: 5UM0|p1b: Tatsugiri\n|move|p2b: Claude|Payback|p1a: Dondozo\n|-damage|p1a: Dondozo|12\/100\n|\n|-heal|p1a: Dondozo|18\/100|[from] item: Leftovers\n|-damage|p1a: Dondozo|5\/100|[from] move: Sand Tomb|[partiallytrapped]\n|upkeep\n|turn|7\n|inactive|Crest of Thunders has 30 seconds left.\n|inactive|Crest of Thunders has 20 seconds left.\n|inactive|lawfoolio has 30 seconds left.\n|inactive|Crest of Thunders has 15 seconds left.\n|inactive|Crest of Thunders has 10 seconds left.\n|\n|t:|1683051097\n|move|p1a: Dondozo|Earthquake|p2a: 5UM0|[spread] p2a,p2b\n|-miss|p1a: Dondozo|p1b: Tatsugiri\n|-supereffective|p2a: 5UM0\n|-damage|p2a: 5UM0|0 fnt\n|-damage|p2b: Claude|25\/100\n|faint|p2a: 5UM0\n|-end|p2a: 5UM0|Quark Drive|[silent]\n|move|p2b: Claude|Sand Tomb|p1b: Tatsugiri|[miss]\n|-miss|p2b: Claude|p1b: Tatsugiri\n|\n|-heal|p1a: Dondozo|12\/100|[from] item: Leftovers\n|-end|p1a: Dondozo|Sand Tomb|[partiallytrapped]\n|upkeep\n|\n|t:|1683051102\n|switch|p2a: 5A1NT_N1K|Iron Bundle, L50|46\/100\n|turn|8\n|\n|t:|1683051112\n|move|p1a: Dondozo|Protect|p1a: Dondozo\n|-singleturn|p1a: Dondozo|Protect\n|move|p2a: 5A1NT_N1K|Freeze-Dry|p1a: Dondozo\n|-activate|p1a: Dondozo|move: Protect\n|move|p2b: Claude|Sand Tomb|p1b: Tatsugiri|[miss]\n|-miss|p2b: Claude|p1b: Tatsugiri\n|\n|-heal|p1a: Dondozo|18\/100|[from] item: Leftovers\n|upkeep\n|turn|9\n|\n|t:|1683051122\n|switch|p2b: Mellow|Amoonguss, L50, F|86\/100\n|move|p2a: 5A1NT_N1K|Encore|p1a: Dondozo\n|-start|p1a: Dondozo|Encore\n|move|p1a: Dondozo|Protect||[still]\n|-fail|p1a: Dondozo\n|\n|-heal|p1a: Dondozo|24\/100|[from] item: Leftovers\n|upkeep\n|turn|10\n|\n|t:|1683051138\n|move|p1a: Dondozo|Protect|p1a: Dondozo\n|-singleturn|p1a: Dondozo|Protect\n|move|p2a: 5A1NT_N1K|Freeze-Dry|p1a: Dondozo\n|-activate|p1a: Dondozo|move: Protect\n|move|p2b: Mellow|Spore|p1b: Tatsugiri|[miss]\n|-miss|p2b: Mellow|p1b: Tatsugiri\n|\n|-heal|p1a: Dondozo|30\/100|[from] item: Leftovers\n|upkeep\n|turn|11\n|\n|t:|1683051148\n|move|p1a: Dondozo|Protect|p1a: Dondozo\n|-singleturn|p1a: Dondozo|Protect\n|move|p2a: 5A1NT_N1K|Freeze-Dry|p1a: Dondozo\n|-activate|p1a: Dondozo|move: Protect\n|move|p2b: Mellow|Spore|p1b: Tatsugiri|[miss]\n|-miss|p2b: Mellow|p1b: Tatsugiri\n|\n|-heal|p1a: Dondozo|36\/100|[from] item: Leftovers\n|-end|p1a: Dondozo|Encore\n|upkeep\n|turn|12\n|\n|t:|1683051156\n|move|p2a: 5A1NT_N1K|Encore|p1a: Dondozo\n|-start|p1a: Dondozo|Encore\n|move|p1a: Dondozo|Protect||[still]\n|-fail|p1a: Dondozo\n|move|p2b: Mellow|Pollen Puff|p2a: 5A1NT_N1K\n|-heal|p2a: 5A1NT_N1K|95\/100\n|\n|-heal|p1a: Dondozo|43\/100|[from] item: Leftovers\n|upkeep\n|turn|13\n|\n|t:|1683051177\n|move|p1a: Dondozo|Protect|p1a: Dondozo\n|-singleturn|p1a: Dondozo|Protect\n|move|p2b: Mellow|Rage Powder|p2b: Mellow\n|-singleturn|p2b: Mellow|move: Rage Powder\n|move|p2a: 5A1NT_N1K|Freeze-Dry|p1a: Dondozo\n|-activate|p1a: Dondozo|move: Protect\n|\n|-heal|p1a: Dondozo|49\/100|[from] item: Leftovers\n|upkeep\n|turn|14\n|\n|t:|1683051181\n|move|p1a: Dondozo|Protect|p1a: Dondozo\n|-singleturn|p1a: Dondozo|Protect\n|move|p2a: 5A1NT_N1K|Freeze-Dry|p1a: Dondozo\n|-activate|p1a: Dondozo|move: Protect\n|move|p2b: Mellow|Clear Smog|p1a: Dondozo\n|-activate|p1a: Dondozo|move: Protect\n|\n|-heal|p1a: Dondozo|55\/100|[from] item: Leftovers\n|-end|p1a: Dondozo|Encore\n|upkeep\n|turn|15\n|\n|t:|1683051186\n|move|p2a: 5A1NT_N1K|Encore|p1a: Dondozo\n|-start|p1a: Dondozo|Encore\n|move|p1a: Dondozo|Protect||[still]\n|-fail|p1a: Dondozo\n|move|p2b: Mellow|Clear Smog|p1a: Dondozo\n|-damage|p1a: Dondozo|48\/100\n|-clearboost|p1a: Dondozo\n|\n|-heal|p1a: Dondozo|54\/100|[from] item: Leftovers\n|upkeep\n|turn|16\n|\n|t:|1683051193\n|move|p1a: Dondozo|Protect|p1a: Dondozo\n|-singleturn|p1a: Dondozo|Protect\n|move|p2a: 5A1NT_N1K|Freeze-Dry|p1a: Dondozo\n|-activate|p1a: Dondozo|move: Protect\n|move|p2b: Mellow|Spore|p1b: Tatsugiri|[miss]\n|-miss|p2b: Mellow|p1b: Tatsugiri\n|\n|-heal|p1a: Dondozo|60\/100|[from] item: Leftovers\n|upkeep\n|turn|17\n|\n|t:|1683051197\n|move|p1a: Dondozo|Protect||[still]\n|-fail|p1a: Dondozo\n|move|p2a: 5A1NT_N1K|Freeze-Dry|p1a: Dondozo\n|-supereffective|p1a: Dondozo\n|-damage|p1a: Dondozo|0 fnt\n|faint|p1a: Dondozo\n|move|p2b: Mellow|Spore|p1b: Tatsugiri\n|-status|p1b: Tatsugiri|slp|[from] move: Spore\n|\n|upkeep\n|\n|t:|1683051201\n|switch|p1a: Chi-Yu|Chi-Yu, L50|100\/100\n|-ability|p1a: Chi-Yu|Beads of Ruin\n|turn|18\n|\n|t:|1683051209\n|move|p2a: 5A1NT_N1K|Protect|p2a: 5A1NT_N1K\n|-singleturn|p2a: 5A1NT_N1K|Protect\n|cant|p1b: Tatsugiri|slp\n|move|p1b: Tatsugiri|Sleep Talk|p1b: Tatsugiri\n|move|p1b: Tatsugiri|Draco Meteor|p2a: 5A1NT_N1K|[from]move: Sleep Talk\n|-activate|p2a: 5A1NT_N1K|move: Protect\n|move|p1a: Chi-Yu|Overheat|p2b: Mellow|[miss]\n|-miss|p1a: Chi-Yu|p2b: Mellow\n|move|p2b: Mellow|Spore|p1a: Chi-Yu\n|-status|p1a: Chi-Yu|slp|[from] move: Spore\n|\n|upkeep\n|turn|19\n|\n|t:|1683051226\n|-end|p2a: 5A1NT_N1K|Quark Drive|[silent]\n|switch|p2a: Claude|Ting-Lu, L50, tera:Fairy|25\/100\n|-ability|p2a: Claude|Vessel of Ruin\n|-curestatus|p1b: Tatsugiri|slp|[msg]\n|move|p1b: Tatsugiri|Sleep Talk||[still]\n|-fail|p1b: Tatsugiri\n|cant|p1a: Chi-Yu|slp\n|move|p2b: Mellow|Pollen Puff|p2a: Claude\n|-heal|p2a: Claude|75\/100\n|\n|upkeep\n|turn|20\n|\n|t:|1683051245\n|switch|p1b: Iron Bundle|Iron Bundle, L50, tera:Ice|46\/100\n|cant|p1a: Chi-Yu|slp\n|move|p2a: Claude|Earthquake|p1b: Iron Bundle|[spread] p2b,p1a,p1b\n|-supereffective|p1a: Chi-Yu\n|-damage|p2b: Mellow|57\/100\n|-enditem|p1a: Chi-Yu|Focus Sash\n|-damage|p1a: Chi-Yu|1\/100 slp\n|-damage|p1b: Iron Bundle|0 fnt\n|faint|p1b: Iron Bundle\n|-end|p1b: Iron Bundle|Quark Drive|[silent]\n|move|p2b: Mellow|Spore|p1a: Chi-Yu\n|-fail|p1a: Chi-Yu|slp\n|\n|upkeep\n|\n|t:|1683051256\n|switch|p1b: Tatsugiri|Tatsugiri, L50, F|100\/100\n|turn|21\n|\n|t:|1683051271\n|move|p1b: Tatsugiri|Muddy Water|p2a: Claude|[spread] \n|-miss|p1b: Tatsugiri|p2a: Claude\n|-miss|p1b: Tatsugiri|p2b: Mellow\n|-curestatus|p1a: Chi-Yu|slp|[msg]\n|move|p1a: Chi-Yu|Overheat|p2b: Mellow\n|-supereffective|p2b: Mellow\n|-damage|p2b: Mellow|0 fnt\n|-unboost|p1a: Chi-Yu|spa|2\n|faint|p2b: Mellow\n|move|p2a: Claude|Heavy Slam|p1a: Chi-Yu\n|-resisted|p1a: Chi-Yu\n|-damage|p1a: Chi-Yu|0 fnt\n|faint|p1a: Chi-Yu\n|\n|upkeep\n|\n|t:|1683051275\n|switch|p2b: 5A1NT_N1K|Iron Bundle, L50|95\/100\n|turn|22\n|\n|t:|1683051283\n|move|p1b: Tatsugiri|Muddy Water|p2b: 5A1NT_N1K|[spread] p2b\n|-miss|p1b: Tatsugiri|p2a: Claude\n|-resisted|p2b: 5A1NT_N1K\n|-damage|p2b: 5A1NT_N1K|72\/100\n|-unboost|p2b: 5A1NT_N1K|accuracy|1\n|move|p2b: 5A1NT_N1K|Freeze-Dry|p1b: Tatsugiri|[miss]\n|-miss|p2b: 5A1NT_N1K|p1b: Tatsugiri\n|move|p2a: Claude|Sand Tomb|p1b: Tatsugiri\n|-damage|p1b: Tatsugiri|68\/100\n|-activate|p1b: Tatsugiri|move: Sand Tomb|[of] p2a: Claude\n|\n|-damage|p1b: Tatsugiri|56\/100|[from] move: Sand Tomb|[partiallytrapped]\n|upkeep\n|turn|23\n|j| Kipzho\n|\n|t:|1683051294\n|move|p2b: 5A1NT_N1K|Protect|p2b: 5A1NT_N1K\n|-singleturn|p2b: 5A1NT_N1K|Protect\n|move|p1b: Tatsugiri|Muddy Water|p2a: Claude|[spread] p2a\n|-activate|p2b: 5A1NT_N1K|move: Protect\n|-damage|p2a: Claude|63\/100\n|-unboost|p2a: Claude|accuracy|1\n|move|p2a: Claude|Payback|p1b: Tatsugiri|[miss]\n|-miss|p2a: Claude|p1b: Tatsugiri\n|\n|-damage|p1b: Tatsugiri|45\/100|[from] move: Sand Tomb|[partiallytrapped]\n|upkeep\n|turn|24\n|c|\u2606Crest of Thunders|man\n|c|\u2606Crest of Thunders|enter the lottery or something\n|c|\u2606lawfoolio|LMAO\n|\n|t:|1683051314\n|move|p1b: Tatsugiri|Muddy Water|p2b: 5A1NT_N1K|[spread] p2a,p2b\n|-resisted|p2b: 5A1NT_N1K\n|-damage|p2a: Claude|50\/100\n|-damage|p2b: 5A1NT_N1K|47\/100\n|move|p2b: 5A1NT_N1K|Freeze-Dry|p1b: Tatsugiri\n|-supereffective|p1b: Tatsugiri\n|-damage|p1b: Tatsugiri|0 fnt\n|faint|p1b: Tatsugiri\n|\n|win|Crest of Thunders\n|raw|lawfoolio's rating: 1430 → 1407<\/strong> (-23 for losing)\n|raw|Crest of Thunders's rating: 1374 → 1397<\/strong> (+23 for winning)\n|c|\u2606Crest of Thunders|gg\n|c|\u2606lawfoolio|gg\n|c|\u2606Crest of Thunders|you hit so many protects\n|c|\u2606Crest of Thunders|world record, has to be\n|c|\u2606lawfoolio|needed the recovery\n|l|\u2606lawfoolio\n|c|\u2606Crest of Thunders|Yeah you did\n|c|\u2606Crest of Thunders|I respect it\n","uploadtime":1683051341,"views":26,"p1id":"lawfoolio","p2id":"crestofthunders","formatid":"gen9vgc2023regulationc","rating":1397,"private":0,"password":""}