{"id":"gen9vgc2023regulationc-1859800211","p1":"Mr. Darwin","p2":"Cigtar","format":"[Gen 9] VGC 2023 Regulation C","log":"|j|\u2606Mr. Darwin\n|j|\u2606Cigtar\n|t:|1683565592\n|gametype|doubles\n|player|p1|Mr. Darwin|unknown|\n|player|p2|Cigtar|grusha|\n|teamsize|p1|6\n|teamsize|p2|6\n|gen|9\n|tier|[Gen 9] VGC 2023 Regulation C\n|rule|Species Clause: Limit one of each Pok\u00e9mon\n|rule|Item Clause: Limit one of each item\n|clearpoke\n|poke|p1|Gastrodon, L50, M|\n|poke|p1|Tyranitar, L50, M|\n|poke|p1|Garganacl, L50, F|\n|poke|p1|Grimmsnarl, L50, M|\n|poke|p1|Iron Moth, L50|\n|poke|p1|Houndstone, L50, F|\n|poke|p2|Chi-Yu, L50|\n|poke|p2|Gyarados, L50, M|\n|poke|p2|Sableye, L50, M|\n|poke|p2|Toedscruel, L50, M|\n|poke|p2|Farigiraf, L50, F|\n|poke|p2|Seviper, L50, F|\n|teampreview|4\n|j| judevgc\n|\n|t:|1683565629\n|start\n|switch|p1a: Iron Moth|Iron Moth, L50|100\/100\n|switch|p1b: Grimmsnarl|Grimmsnarl, L50, M, shiny|100\/100\n|switch|p2a: Seviper|Seviper, L50, F|100\/100\n|switch|p2b: Toedscruel|Toedscruel, L50, M|100\/100\n|-enditem|p1a: Iron Moth|Booster Energy\n|-activate|p1a: Iron Moth|ability: Quark Drive|[fromitem]\n|-start|p1a: Iron Moth|quarkdrivespe\n|turn|1\n|inactive|Battle timer is ON: inactive players will automatically lose when time's up. (requested by Mr. Darwin)\n|\n|t:|1683565640\n|-terastallize|p1a: Iron Moth|Grass\n|move|p2a: Seviper|Protect|p2a: Seviper\n|-singleturn|p2a: Seviper|Protect\n|move|p2b: Toedscruel|Protect|p2b: Toedscruel\n|-singleturn|p2b: Toedscruel|Protect\n|move|p1b: Grimmsnarl|Reflect|p1b: Grimmsnarl\n|-sidestart|p1: Mr. Darwin|Reflect\n|move|p1a: Iron Moth|Heat Wave|p2a: Seviper|[spread] \n|-activate|p2a: Seviper|move: Protect\n|-activate|p2b: Toedscruel|move: Protect\n|\n|upkeep\n|turn|2\n|\n|t:|1683565656\n|move|p1b: Grimmsnarl|Light Screen|p1b: Grimmsnarl\n|-sidestart|p1: Mr. Darwin|move: Light Screen\n|move|p1a: Iron Moth|Heat Wave|p2b: Toedscruel|[spread] p2a,p2b\n|-supereffective|p2b: Toedscruel\n|-enditem|p2b: Toedscruel|Occa Berry|[eat]\n|-enditem|p2b: Toedscruel|Occa Berry|[weaken]\n|-damage|p2a: Seviper|44\/100\n|-damage|p2b: Toedscruel|73\/100\n|move|p2a: Seviper|Gunk Shot|p1a: Iron Moth\n|-supereffective|p1a: Iron Moth\n|-damage|p1a: Iron Moth|0 fnt\n|faint|p1a: Iron Moth\n|-end|p1a: Iron Moth|Quark Drive|[silent]\n|-damage|p2a: Seviper|34\/100|[from] item: Life Orb\n|move|p2b: Toedscruel|Spore|p1b: Grimmsnarl\n|-status|p1b: Grimmsnarl|slp|[from] move: Spore\n|\n|upkeep\n|\n|t:|1683565669\n|switch|p1a: Tyranitar|Tyranitar, L50, M|100\/100\n|-weather|Sandstorm|[from] ability: Sand Stream|[of] p1a: Tyranitar\n|turn|3\n|inactive|Cigtar has 30 seconds left.\n|\n|t:|1683565698\n|cant|p1b: Grimmsnarl|slp\n|move|p2a: Seviper|Gunk Shot|p1b: Grimmsnarl\n|-supereffective|p1b: Grimmsnarl\n|-damage|p1b: Grimmsnarl|0 fnt\n|faint|p1b: Grimmsnarl\n|-damage|p2a: Seviper|25\/100|[from] item: Life Orb\n|move|p2b: Toedscruel|Leaf Storm|p1a: Tyranitar\n|-supereffective|p1a: Tyranitar\n|-damage|p1a: Tyranitar|79\/100\n|-unboost|p2b: Toedscruel|spa|2\n|move|p1a: Tyranitar|Rock Slide|p2b: Toedscruel|[spread] p2a\n|-miss|p1a: Tyranitar|p2b: Toedscruel\n|-damage|p2a: Seviper|0 fnt\n|faint|p2a: Seviper\n|\n|-weather|Sandstorm|[upkeep]\n|upkeep\n|\n|t:|1683565716\n|switch|p2a: Sableye|Sableye, L50, M|100\/100\n|switch|p1b: Gastrodon|Gastrodon, L50, M|100\/100\n|turn|4\n|c|\u2606Mr. Darwin|when did seviper become such a menace to society\n|\n|t:|1683565737\n|switch|p2b: Gyarados|Gyarados, L50, M|100\/100\n|-ability|p2b: Gyarados|Intimidate|boost\n|-unboost|p1a: Tyranitar|atk|1\n|-unboost|p1b: Gastrodon|atk|1\n|move|p1a: Tyranitar|Rock Slide|p2a: Sableye|[spread] p2a\n|-miss|p1a: Tyranitar|p2b: Gyarados\n|-damage|p2a: Sableye|78\/100\n|cant|p2a: Sableye|flinch\n|move|p1b: Gastrodon|Muddy Water|p2b: Gyarados|[spread] p2a,p2b\n|-resisted|p2b: Gyarados\n|-damage|p2a: Sableye|41\/100\n|-damage|p2b: Gyarados|88\/100\n|\n|-weather|Sandstorm|[upkeep]\n|-damage|p2b: Gyarados|82\/100|[from] Sandstorm\n|-damage|p2a: Sableye|35\/100|[from] Sandstorm\n|upkeep\n|turn|5\n|inactive|Cigtar has 30 seconds left.\n|inactive|Cigtar has 20 seconds left.\n|c| judevgc|Infiltrator...\n|inactive|Cigtar has 15 seconds left.\n|\n|t:|1683565782\n|move|p2b: Gyarados|Protect|p2b: Gyarados\n|-singleturn|p2b: Gyarados|Protect\n|move|p2a: Sableye|Rain Dance|p2a: Sableye\n|-weather|RainDance\n|move|p1a: Tyranitar|Rock Slide|p2a: Sableye|[spread] p2a\n|-activate|p2b: Gyarados|move: Protect\n|-damage|p2a: Sableye|9\/100\n|move|p1b: Gastrodon|Muddy Water|p2a: Sableye|[spread] p2a\n|-activate|p2b: Gyarados|move: Protect\n|-damage|p2a: Sableye|0 fnt\n|faint|p2a: Sableye\n|\n|-weather|RainDance|[upkeep]\n|upkeep\n|\n|t:|1683565790\n|switch|p2a: Toedscruel|Toedscruel, L50, M|73\/100\n|turn|6\n|\n|t:|1683565803\n|-terastallize|p2b: Gyarados|Ground\n|move|p2b: Gyarados|Taunt|p1a: Tyranitar\n|-start|p1a: Tyranitar|move: Taunt\n|move|p2a: Toedscruel|Leaf Storm|p1b: Gastrodon\n|-supereffective|p1b: Gastrodon\n|-damage|p1b: Gastrodon|3\/100\n|-unboost|p2a: Toedscruel|spa|2\n|-enditem|p1b: Gastrodon|Sitrus Berry|[eat]\n|-heal|p1b: Gastrodon|28\/100|[from] item: Sitrus Berry\n|move|p1a: Tyranitar|Iron Head|p2a: Toedscruel\n|-damage|p2a: Toedscruel|54\/100\n|move|p1b: Gastrodon|Muddy Water|p2b: Gyarados|[spread] \n|-miss|p1b: Gastrodon|p2a: Toedscruel\n|-miss|p1b: Gastrodon|p2b: Gyarados\n|\n|-weather|RainDance|[upkeep]\n|upkeep\n|turn|7\n|\n|t:|1683565826\n|move|p2b: Gyarados|Ice Fang|p1b: Gastrodon\n|-damage|p1b: Gastrodon|16\/100\n|move|p2a: Toedscruel|Leaf Storm|p1b: Gastrodon|[miss]\n|-miss|p2a: Toedscruel|p1b: Gastrodon\n|move|p1a: Tyranitar|Rock Slide|p2b: Gyarados|[spread] p2a,p2b\n|-resisted|p2a: Toedscruel\n|-resisted|p2b: Gyarados\n|-damage|p2a: Toedscruel|43\/100\n|-damage|p2b: Gyarados|70\/100\n|move|p1b: Gastrodon|Muddy Water|p2b: Gyarados|[spread] p2a,p2b\n|-supereffective|p2b: Gyarados\n|-damage|p2a: Toedscruel|7\/100\n|-damage|p2b: Gyarados|0 fnt\n|faint|p2b: Gyarados\n|\n|-weather|RainDance|[upkeep]\n|upkeep\n|turn|8\n|c|\u2606Cigtar|lol\n|\n|t:|1683565843\n|move|p2a: Toedscruel|Leaf Storm|p1b: Gastrodon\n|-supereffective|p1b: Gastrodon\n|-damage|p1b: Gastrodon|0 fnt\n|-unboost|p2a: Toedscruel|spa|2\n|faint|p1b: Gastrodon\n|move|p1a: Tyranitar|Assurance|p2a: Toedscruel\n|-damage|p2a: Toedscruel|0 fnt\n|faint|p2a: Toedscruel\n|\n|win|Mr. Darwin\n|c|\u2606Mr. Darwin|gg\n|l|\u2606Mr. Darwin\n|c|\u2606Cigtar|gg\n|l| judevgc\n","uploadtime":1683566208,"views":13,"p1id":"mrdarwin","p2id":"cigtar","formatid":"gen9vgc2023regulationc","rating":0,"private":0,"password":""}