{"id":"gen9vgc2023regulationc-1854536076","p1":"Hellomarioimluigi","p2":"SpikeMike","format":"[Gen 9] VGC 2023 Regulation C","log":"|j|\u2606Hellomarioimluigi\n|j|\u2606SpikeMike\n|t:|1682823690\n|gametype|doubles\n|player|p1|Hellomarioimluigi|1|1120\n|player|p2|SpikeMike|molayne|1115\n|teamsize|p1|6\n|teamsize|p2|6\n|gen|9\n|tier|[Gen 9] VGC 2023 Regulation C\n|rated|\n|rule|Species Clause: Limit one of each Pok\u00e9mon\n|rule|Item Clause: Limit one of each item\n|clearpoke\n|poke|p1|Torkoal, L50, F|\n|poke|p1|Jumpluff, L50, F|\n|poke|p1|Flutter Mane, L50|\n|poke|p1|Great Tusk, L50|\n|poke|p1|Chien-Pao, L50|\n|poke|p1|Kingambit, L50, F|\n|poke|p2|Grafaiai, L50, F|\n|poke|p2|Slaking, L50, M|\n|poke|p2|Dragonite, L50, M|\n|poke|p2|Chien-Pao, L50|\n|poke|p2|Iron Hands, L50|\n|poke|p2|Amoonguss, L50, M|\n|teampreview|4\n|inactive|Battle timer is ON: inactive players will automatically lose when time's up. (requested by SpikeMike)\n|\n|t:|1682823699\n|start\n|switch|p1a: Torkoal|Torkoal, L50, F|100\/100\n|switch|p1b: Jumpluff|Jumpluff, L50, F|100\/100\n|switch|p2a: Charlie Puth|Chien-Pao, L50|100\/100\n|switch|p2b: Lewis Capaldi|Iron Hands, L50|100\/100\n|-ability|p2a: Charlie Puth|Sword of Ruin\n|-weather|SunnyDay|[from] ability: Drought|[of] p1a: Torkoal\n|-enditem|p2b: Lewis Capaldi|Booster Energy\n|-activate|p2b: Lewis Capaldi|ability: Quark Drive|[fromitem]\n|-start|p2b: Lewis Capaldi|quarkdriveatk\n|turn|1\n|\n|t:|1682823716\n|move|p2b: Lewis Capaldi|Fake Out|p1a: Torkoal\n|-damage|p1a: Torkoal|81\/100\n|move|p1b: Jumpluff|Tailwind|p1b: Jumpluff\n|-sidestart|p1: Hellomarioimluigi|move: Tailwind\n|move|p2a: Charlie Puth|Ice Spinner|p1b: Jumpluff\n|-supereffective|p1b: Jumpluff\n|-damage|p1b: Jumpluff|0 fnt\n|faint|p1b: Jumpluff\n|cant|p1a: Torkoal|flinch\n|\n|-weather|SunnyDay|[upkeep]\n|upkeep\n|\n|t:|1682823724\n|switch|p1b: Flutter Mane|Flutter Mane, L50|100\/100\n|-activate|p1b: Flutter Mane|ability: Protosynthesis\n|-start|p1b: Flutter Mane|protosynthesisspe\n|turn|2\n|\n|t:|1682823733\n|-end|p2b: Lewis Capaldi|Quark Drive|[silent]\n|switch|p2b: Ed Sheeran|Amoonguss, L50, M|100\/100\n|-terastallize|p1b: Flutter Mane|Water\n|move|p1a: Torkoal|Helping Hand|p1b: Flutter Mane\n|-singleturn|p1b: Flutter Mane|Helping Hand|[of] p1a: Torkoal\n|move|p2a: Charlie Puth|Sucker Punch|p1b: Flutter Mane\n|-damage|p1b: Flutter Mane|8\/100\n|move|p1b: Flutter Mane|Dazzling Gleam|p2b: Ed Sheeran|[spread] p2a,p2b\n|-supereffective|p2a: Charlie Puth\n|-resisted|p2b: Ed Sheeran\n|-enditem|p2a: Charlie Puth|Focus Sash\n|-damage|p2a: Charlie Puth|1\/100\n|-damage|p2b: Ed Sheeran|64\/100\n|\n|-weather|SunnyDay|[upkeep]\n|upkeep\n|turn|3\n|\n|t:|1682823751\n|-end|p1b: Flutter Mane|Protosynthesis|[silent]\n|switch|p1b: Great Tusk|Great Tusk, L50|100\/100\n|-activate|p1b: Great Tusk|ability: Protosynthesis\n|-start|p1b: Great Tusk|protosynthesisatk\n|move|p2a: Charlie Puth|Sucker Punch||[still]\n|-fail|p2a: Charlie Puth\n|move|p1a: Torkoal|Overheat|p2b: Ed Sheeran\n|-supereffective|p2b: Ed Sheeran\n|-damage|p2b: Ed Sheeran|0 fnt\n|-unboost|p1a: Torkoal|spa|2\n|-enditem|p1a: Torkoal|Eject Pack\n|faint|p2b: Ed Sheeran\n|\n|t:|1682823763\n|switch|p1a: Flutter Mane|Flutter Mane, L50, tera:Water|8\/100\n|-activate|p1a: Flutter Mane|ability: Protosynthesis\n|-start|p1a: Flutter Mane|protosynthesisspe\n|\n|-weather|SunnyDay|[upkeep]\n|upkeep\n|\n|t:|1682823772\n|switch|p2b: Lewis Capaldi|Iron Hands, L50|100\/100\n|turn|4\n|\n|t:|1682823784\n|-end|p1a: Flutter Mane|Protosynthesis|[silent]\n|switch|p1a: Torkoal|Torkoal, L50, F|81\/100\n|move|p2a: Charlie Puth|Protect|p2a: Charlie Puth\n|-singleturn|p2a: Charlie Puth|Protect\n|move|p2b: Lewis Capaldi|Fake Out|p1b: Great Tusk\n|-crit|p1b: Great Tusk\n|-damage|p1b: Great Tusk|76\/100\n|cant|p1b: Great Tusk|flinch\n|\n|-weather|SunnyDay|[upkeep]\n|-sideend|p1: Hellomarioimluigi|move: Tailwind\n|upkeep\n|turn|5\n|inactive|SpikeMike has 30 seconds left.\n|\n|t:|1682823810\n|switch|p1a: Flutter Mane|Flutter Mane, L50, tera:Water|8\/100\n|-activate|p1a: Flutter Mane|ability: Protosynthesis\n|-start|p1a: Flutter Mane|protosynthesisspe\n|move|p1b: Great Tusk|Headlong Rush|p2b: Lewis Capaldi\n|-supereffective|p2b: Lewis Capaldi\n|-damage|p2b: Lewis Capaldi|0 fnt\n|-unboost|p1b: Great Tusk|def|1\n|-unboost|p1b: Great Tusk|spd|1\n|faint|p2b: Lewis Capaldi\n|-end|p2b: Lewis Capaldi|Quark Drive|[silent]\n|move|p2a: Charlie Puth|Ice Spinner|p1b: Great Tusk\n|-supereffective|p1b: Great Tusk\n|-damage|p1b: Great Tusk|0 fnt\n|faint|p1b: Great Tusk\n|-end|p1b: Great Tusk|Protosynthesis|[silent]\n|\n|-weather|none\n|-end|p1a: Flutter Mane|Protosynthesis\n|upkeep\n|\n|t:|1682823824\n|switch|p1b: Torkoal|Torkoal, L50, F|81\/100\n|switch|p2b: Bruno Mars|Dragonite, L50, M|100\/100\n|-weather|SunnyDay|[from] ability: Drought|[of] p1b: Torkoal\n|-activate|p1a: Flutter Mane|ability: Protosynthesis\n|-start|p1a: Flutter Mane|protosynthesisspe\n|turn|6\n|\n|t:|1682823841\n|-terastallize|p2b: Bruno Mars|Normal\n|move|p2a: Charlie Puth|Protect|p2a: Charlie Puth\n|-singleturn|p2a: Charlie Puth|Protect\n|move|p2b: Bruno Mars|Extreme Speed|p1b: Torkoal\n|-damage|p1b: Torkoal|36\/100\n|move|p1a: Flutter Mane|Moonblast|p2b: Bruno Mars\n|-damage|p2b: Bruno Mars|48\/100\n|-unboost|p2b: Bruno Mars|spa|1\n|move|p1b: Torkoal|Overheat|p2a: Charlie Puth\n|-activate|p2a: Charlie Puth|move: Protect\n|\n|-weather|SunnyDay|[upkeep]\n|upkeep\n|turn|7\n|\n|t:|1682823861\n|move|p2b: Bruno Mars|Extreme Speed|p1b: Torkoal\n|-damage|p1b: Torkoal|0 fnt\n|faint|p1b: Torkoal\n|move|p2a: Charlie Puth|Sucker Punch|p1a: Flutter Mane\n|-crit|p1a: Flutter Mane\n|-damage|p1a: Flutter Mane|0 fnt\n|faint|p1a: Flutter Mane\n|-end|p1a: Flutter Mane|Protosynthesis|[silent]\n|\n|win|SpikeMike\n|raw|Hellomarioimluigi's rating: 1120 → 1095<\/strong> (-25 for losing)\n|raw|SpikeMike's rating: 1115 → 1140<\/strong> (+25 for winning)\n|l|\u2606Hellomarioimluigi\n|c|\u2606SpikeMike|gg\n","uploadtime":1682823882,"views":13,"p1id":"hellomarioimluigi","p2id":"spikemike","formatid":"gen9vgc2023regulationc","rating":1095,"private":0,"password":""}