{"id":"gen9vgc2023regulationc-1859003464","p1":"Ermorir RPPLF","p2":"shisui111","format":"[Gen 9] VGC 2023 Regulation C","log":"|j|\u2606Ermorir RPPLF\n|j|\u2606shisui111\n|t:|1683393143\n|gametype|doubles\n|player|p1|Ermorir RPPLF|volkner|1234\n|player|p2|shisui111|266|1228\n|teamsize|p1|6\n|teamsize|p2|6\n|gen|9\n|tier|[Gen 9] VGC 2023 Regulation C\n|rated|\n|rule|Species Clause: Limit one of each Pok\u00e9mon\n|rule|Item Clause: Limit one of each item\n|clearpoke\n|poke|p1|Armarouge, L50, M|\n|poke|p1|Dragapult, L50, F|\n|poke|p1|Chien-Pao, L50|\n|poke|p1|Iron Bundle, L50|\n|poke|p1|Indeedee-F, L50, F|\n|poke|p1|Abomasnow, L50, M|\n|poke|p2|Blissey, L50, F|\n|poke|p2|Annihilape, L50, F|\n|poke|p2|Palafin, L50, F|\n|poke|p2|Pelipper, L50, F|\n|poke|p2|Gyarados, L50, M|\n|poke|p2|Iron Thorns, L50|\n|teampreview|4\n|inactive|Battle timer is ON: inactive players will automatically lose when time's up. (requested by Ermorir RPPLF)\n|\n|t:|1683393180\n|start\n|switch|p1a: Dragapult|Dragapult, L50, F, shiny|100\/100\n|switch|p1b: Chien-Pao|Chien-Pao, L50|100\/100\n|switch|p2a: Blissey|Blissey, L50, F|100\/100\n|switch|p2b: Palafin|Palafin, L50, F|100\/100\n|-ability|p1b: Chien-Pao|Sword of Ruin\n|turn|1\n|inactive|Ermorir RPPLF has 30 seconds left.\n|\n|t:|1683393206\n|-terastallize|p1a: Dragapult|Dragon\n|-terastallize|p2a: Blissey|Ghost\n|move|p1a: Dragapult|Dragon Darts|p2a: Blissey\n|-damage|p2a: Blissey|45\/100\n|-anim|p1a: Dragapult|Dragon Darts|p2b: Palafin\n|-crit|p2b: Palafin\n|-damage|p2b: Palafin|0 fnt\n|faint|p2b: Palafin\n|move|p1b: Chien-Pao|Sacred Sword|p2a: Blissey\n|-immune|p2a: Blissey\n|move|p2a: Blissey|Thunder Wave|p1a: Dragapult\n|-status|p1a: Dragapult|par\n|\n|upkeep\n|\n|t:|1683393220\n|switch|p2b: Pelipper|Pelipper, L50, F|100\/100\n|-weather|RainDance|[from] ability: Drizzle|[of] p2b: Pelipper\n|turn|2\n|l|\u2606shisui111\n|inactive|shisui111 disconnected and has a minute to reconnect!\n|player|p2|\n|j|\u2606shisui111\n|inactive|shisui111 reconnected and has 40 seconds left.\n|player|p2|shisui111|266\n|inactive|Ermorir RPPLF has 30 seconds left.\n|inactive|shisui111 has 30 seconds left.\n|\n|t:|1683393250\n|switch|p2a: Gyarados|Gyarados, L50, M|100\/100\n|-ability|p2a: Gyarados|Intimidate|boost\n|-fail|p1a: Dragapult|unboost|[from] ability: Clear Body|[of] p1a: Dragapult\n|-unboost|p1b: Chien-Pao|atk|1\n|move|p1b: Chien-Pao|Icicle Crash|p2b: Pelipper\n|-damage|p2b: Pelipper|71\/100\n|move|p1a: Dragapult|Dragon Darts|p2b: Pelipper\n|-damage|p2b: Pelipper|23\/100\n|-anim|p1a: Dragapult|Dragon Darts|p2a: Gyarados\n|-damage|p2a: Gyarados|34\/100\n|-enditem|p2a: Gyarados|Sitrus Berry|[eat]\n|-heal|p2a: Gyarados|59\/100|[from] item: Sitrus Berry\n|move|p2b: Pelipper|Tailwind|p2b: Pelipper\n|-sidestart|p2: shisui111|move: Tailwind\n|\n|-weather|RainDance|[upkeep]\n|upkeep\n|turn|3\n|inactive|shisui111 has 30 seconds left.\n|inactive|shisui111 has 20 seconds left.\n|inactive|shisui111 has 15 seconds left.\n|\n|t:|1683393291\n|move|p1b: Chien-Pao|Throat Chop|p2a: Gyarados\n|-damage|p2a: Gyarados|19\/100\n|-start|p2a: Gyarados|Throat Chop|[silent]\n|move|p2a: Gyarados|Thunder Wave|p1b: Chien-Pao\n|-status|p1b: Chien-Pao|par\n|move|p2b: Pelipper|Hurricane|p1a: Dragapult\n|-damage|p1a: Dragapult|47\/100 par\n|-start|p1a: Dragapult|confusion\n|-activate|p1a: Dragapult|confusion\n|-damage|p1a: Dragapult|28\/100 par|[from] confusion\n|\n|-weather|RainDance|[upkeep]\n|upkeep\n|turn|4\n|\n|t:|1683393315\n|move|p2a: Gyarados|Waterfall|p1b: Chien-Pao\n|-damage|p1b: Chien-Pao|25\/100 par\n|move|p2b: Pelipper|Hurricane|p1b: Chien-Pao\n|-damage|p1b: Chien-Pao|0 fnt\n|faint|p1b: Chien-Pao\n|-activate|p1a: Dragapult|confusion\n|cant|p1a: Dragapult|par\n|\n|-weather|RainDance|[upkeep]\n|-end|p2a: Gyarados|Throat Chop|[silent]\n|upkeep\n|\n|t:|1683393326\n|switch|p1b: Abomasnow|Abomasnow, L50, M|100\/100\n|-weather|Snow|[from] ability: Snow Warning|[of] p1b: Abomasnow\n|turn|5\n|inactive|shisui111 has 30 seconds left.\n|\n|t:|1683393355\n|move|p2a: Gyarados|Waterfall|p1a: Dragapult\n|-resisted|p1a: Dragapult\n|-crit|p1a: Dragapult\n|-damage|p1a: Dragapult|0 fnt\n|faint|p1a: Dragapult\n|move|p2b: Pelipper|Hurricane|p1b: Abomasnow\n|-supereffective|p1b: Abomasnow\n|-damage|p1b: Abomasnow|13\/100\n|-start|p1b: Abomasnow|confusion\n|-activate|p1b: Abomasnow|confusion\n|move|p1b: Abomasnow|Aurora Veil|p1b: Abomasnow\n|-sidestart|p1: Ermorir RPPLF|move: Aurora Veil\n|\n|-weather|Snow|[upkeep]\n|-heal|p1b: Abomasnow|19\/100|[from] item: Leftovers\n|-sideend|p2: shisui111|move: Tailwind\n|upkeep\n|\n|t:|1683393371\n|switch|p1a: Iron Bundle|Iron Bundle, L50|100\/100\n|turn|6\n|\n|t:|1683393377\n|switch|p2a: Blissey|Blissey, L50, F, tera:Ghost|45\/100\n|move|p2b: Pelipper|Wide Guard|p2b: Pelipper\n|-singleturn|p2b: Pelipper|Wide Guard\n|move|p1a: Iron Bundle|Icy Wind|p2b: Pelipper|[spread] \n|-activate|p2a: Blissey|move: Wide Guard\n|-activate|p2b: Pelipper|move: Wide Guard\n|-end|p1b: Abomasnow|confusion\n|move|p1b: Abomasnow|Blizzard|p2b: Pelipper|[spread] \n|-activate|p2a: Blissey|move: Wide Guard\n|-activate|p2b: Pelipper|move: Wide Guard\n|\n|-weather|Snow|[upkeep]\n|-heal|p1b: Abomasnow|25\/100|[from] item: Leftovers\n|upkeep\n|turn|7\n|inactive|Ermorir RPPLF has 30 seconds left.\n|inactive|shisui111 has 30 seconds left.\n|\n|t:|1683393403\n|move|p1a: Iron Bundle|Freeze-Dry|p2b: Pelipper\n|-supereffective|p2b: Pelipper\n|-damage|p2b: Pelipper|0 fnt\n|faint|p2b: Pelipper\n|move|p1b: Abomasnow|Giga Drain|p2a: Blissey\n|-damage|p2a: Blissey|34\/100\n|-heal|p1b: Abomasnow|37\/100|[from] drain|[of] p2a: Blissey\n|move|p2a: Blissey|Soft-Boiled|p2a: Blissey\n|-heal|p2a: Blissey|84\/100\n|\n|-weather|Snow|[upkeep]\n|-heal|p1b: Abomasnow|44\/100|[from] item: Leftovers\n|upkeep\n|\n|t:|1683393410\n|switch|p2b: Gyarados|Gyarados, L50, M|19\/100\n|-ability|p2b: Gyarados|Intimidate|boost\n|-unboost|p1a: Iron Bundle|atk|1\n|-unboost|p1b: Abomasnow|atk|1\n|turn|8\n|\n|t:|1683393428\n|move|p2b: Gyarados|Protect|p2b: Gyarados\n|-singleturn|p2b: Gyarados|Protect\n|move|p1a: Iron Bundle|Freeze-Dry|p2a: Blissey\n|-damage|p2a: Blissey|67\/100\n|move|p1b: Abomasnow|Blizzard|p2b: Gyarados|[spread] p2a\n|-activate|p2b: Gyarados|move: Protect\n|-damage|p2a: Blissey|55\/100\n|move|p2a: Blissey|Thunder Wave|p1a: Iron Bundle\n|-status|p1a: Iron Bundle|par\n|\n|-weather|Snow|[upkeep]\n|-heal|p1b: Abomasnow|50\/100|[from] item: Leftovers\n|upkeep\n|turn|9\n|inactive|shisui111 has 30 seconds left.\n|inactive|shisui111 has 20 seconds left.\n|\n|t:|1683393468\n|move|p1a: Iron Bundle|Hydro Pump|p2a: Blissey|[miss]\n|-miss|p1a: Iron Bundle|p2a: Blissey\n|move|p2b: Gyarados|Thunder Wave|p1b: Abomasnow\n|-status|p1b: Abomasnow|par\n|move|p2a: Blissey|Soft-Boiled|p2a: Blissey\n|-heal|p2a: Blissey|100\/100\n|move|p1b: Abomasnow|Blizzard|p2a: Blissey|[spread] p2a,p2b\n|-damage|p2a: Blissey|89\/100\n|-damage|p2b: Gyarados|0 fnt\n|faint|p2b: Gyarados\n|\n|-weather|none\n|-heal|p1b: Abomasnow|56\/100 par|[from] item: Leftovers\n|-sideend|p1: Ermorir RPPLF|move: Aurora Veil\n|upkeep\n|turn|10\n|\n|t:|1683393487\n|move|p1a: Iron Bundle|Hydro Pump|p2a: Blissey\n|-damage|p2a: Blissey|67\/100\n|move|p2a: Blissey|Seismic Toss|p1a: Iron Bundle\n|-damage|p1a: Iron Bundle|62\/100 par\n|move|p1b: Abomasnow|Giga Drain|p2a: Blissey\n|-damage|p2a: Blissey|56\/100\n|-heal|p1b: Abomasnow|68\/100 par|[from] drain|[of] p2a: Blissey\n|\n|-heal|p1b: Abomasnow|74\/100 par|[from] item: Leftovers\n|upkeep\n|turn|11\n|\n|t:|1683393505\n|move|p1a: Iron Bundle|Hydro Pump|p2a: Blissey|[miss]\n|-miss|p1a: Iron Bundle|p2a: Blissey\n|move|p2a: Blissey|Seismic Toss|p1a: Iron Bundle\n|-damage|p1a: Iron Bundle|24\/100 par\n|cant|p1b: Abomasnow|par\n|\n|-heal|p1b: Abomasnow|80\/100 par|[from] item: Leftovers\n|upkeep\n|turn|12\n|c|\u2606Ermorir RPPLF|Hmmm...\n|c|\u2606Ermorir RPPLF|Not fun\n|\n|t:|1683393523\n|move|p1a: Iron Bundle|Hydro Pump|p2a: Blissey|[miss]\n|-miss|p1a: Iron Bundle|p2a: Blissey\n|move|p2a: Blissey|Seismic Toss|p1a: Iron Bundle\n|-damage|p1a: Iron Bundle|0 fnt\n|faint|p1a: Iron Bundle\n|-end|p1a: Iron Bundle|Quark Drive|[silent]\n|move|p1b: Abomasnow|Giga Drain|p2a: Blissey\n|-damage|p2a: Blissey|45\/100\n|-heal|p1b: Abomasnow|92\/100 par|[from] drain|[of] p2a: Blissey\n|\n|-heal|p1b: Abomasnow|98\/100 par|[from] item: Leftovers\n|upkeep\n|turn|13\n|\n|t:|1683393537\n|move|p2a: Blissey|Soft-Boiled|p2a: Blissey\n|-heal|p2a: Blissey|95\/100\n|move|p1b: Abomasnow|Blizzard|p2a: Blissey\n|-damage|p2a: Blissey|80\/100\n|\n|-heal|p1b: Abomasnow|100\/100 par|[from] item: Leftovers\n|upkeep\n|turn|14\n|c|\u2606Ermorir RPPLF|Gg\n|\n|t:|1683393556\n|move|p2a: Blissey|Seismic Toss|p1b: Abomasnow\n|-damage|p1b: Abomasnow|70\/100 par\n|move|p1b: Abomasnow|Blizzard|p2a: Blissey\n|-damage|p2a: Blissey|63\/100\n|\n|-heal|p1b: Abomasnow|76\/100 par|[from] item: Leftovers\n|upkeep\n|turn|15\n|\n|t:|1683393564\n|move|p2a: Blissey|Seismic Toss|p1b: Abomasnow\n|-damage|p1b: Abomasnow|46\/100 par\n|move|p1b: Abomasnow|Blizzard|p2a: Blissey\n|-damage|p2a: Blissey|47\/100\n|\n|-heal|p1b: Abomasnow|52\/100 par|[from] item: Leftovers\n|upkeep\n|turn|16\n|c|\u2606shisui111|Gg\n|\n|t:|1683393574\n|move|p2a: Blissey|Seismic Toss|p1b: Abomasnow\n|-damage|p1b: Abomasnow|22\/100 par\n|move|p1b: Abomasnow|Blizzard|p2a: Blissey|[miss]\n|-miss|p1b: Abomasnow|p2a: Blissey\n|\n|-heal|p1b: Abomasnow|28\/100 par|[from] item: Leftovers\n|upkeep\n|turn|17\n|\n|t:|1683393583\n|move|p2a: Blissey|Seismic Toss|p1b: Abomasnow\n|-damage|p1b: Abomasnow|0 fnt\n|faint|p1b: Abomasnow\n|\n|win|shisui111\n|raw|Ermorir RPPLF's rating: 1234 → 1209<\/strong> (-25 for losing)\n|raw|shisui111's rating: 1228 → 1253<\/strong> (+25 for winning)\n|l|\u2606Ermorir RPPLF\n","uploadtime":1683393590,"views":13,"p1id":"ermorirrpplf","p2id":"shisui111","formatid":"gen9vgc2023regulationc","rating":1209,"private":0,"password":""}