{"id":"gen9vgc2023regulationc-1854695225","p1":"hysaaron","p2":"SunflowersInPacha","format":"[Gen 9] VGC 2023 Regulation C","log":"|j|\u2606hysaaron\n|j|\u2606SunflowersInPacha\n|t:|1682851961\n|gametype|doubles\n|player|p1|hysaaron|102|1328\n|player|p2|SunflowersInPacha|pokekid|1282\n|teamsize|p1|6\n|teamsize|p2|6\n|gen|9\n|tier|[Gen 9] VGC 2023 Regulation C\n|rated|\n|rule|Species Clause: Limit one of each Pok\u00e9mon\n|rule|Item Clause: Limit one of each item\n|clearpoke\n|poke|p1|Annihilape, L50, M|\n|poke|p1|Maushold, L50|\n|poke|p1|Ting-Lu, L50|\n|poke|p1|Amoonguss, L50, F|\n|poke|p1|Gholdengo, L50|\n|poke|p1|Gyarados, L50, F|\n|poke|p2|Hatterene, L50, F|\n|poke|p2|Amoonguss, L50, F|\n|poke|p2|Arboliva, L50, M|\n|poke|p2|Torkoal, L50, F|\n|poke|p2|Ting-Lu, L50|\n|poke|p2|Indeedee-F, L50, F|\n|teampreview|4\n|inactive|Battle timer is ON: inactive players will automatically lose when time's up. (requested by hysaaron)\n|inactive|hysaaron has 60 seconds left.\n|\n|t:|1682851996\n|start\n|switch|p1a: Gholdengo|Gholdengo, L50|100\/100\n|switch|p1b: Amoonguss|Amoonguss, L50, F, shiny|100\/100\n|switch|p2a: Hatterene|Hatterene, L50, F|100\/100\n|switch|p2b: Indeedee|Indeedee-F, L50, F|100\/100\n|-fieldstart|move: Psychic Terrain|[from] ability: Psychic Surge|[of] p2b: Indeedee\n|-enditem|p2b: Indeedee|Psychic Seed\n|-boost|p2b: Indeedee|spd|1|[from] item: Psychic Seed\n|turn|1\n|inactive|hysaaron has 30 seconds left.\n|inactive|hysaaron has 20 seconds left.\n|\n|t:|1682852033\n|move|p2b: Indeedee|Follow Me|p2b: Indeedee\n|-singleturn|p2b: Indeedee|move: Follow Me\n|move|p1a: Gholdengo|Nasty Plot|p1a: Gholdengo\n|-boost|p1a: Gholdengo|spa|2\n|move|p1b: Amoonguss|Spore|p2b: Indeedee\n|-status|p2b: Indeedee|slp|[from] move: Spore\n|move|p2a: Hatterene|Trick Room|p2a: Hatterene\n|-fieldstart|move: Trick Room|[of] p2a: Hatterene\n|\n|upkeep\n|turn|2\n|inactive|hysaaron has 30 seconds left.\n|\n|t:|1682852063\n|cant|p2b: Indeedee|slp\n|move|p1b: Amoonguss|Spore|p2a: Hatterene\n|move|p2a: Hatterene|Spore|p1b: Amoonguss|[from]ability: Magic Bounce\n|-immune|p1b: Amoonguss\n|move|p2a: Hatterene|Psychic|p1b: Amoonguss\n|-supereffective|p1b: Amoonguss\n|-damage|p1b: Amoonguss|2\/100\n|move|p1a: Gholdengo|Make It Rain|p2b: Indeedee|[spread] p2a,p2b\n|-supereffective|p2a: Hatterene\n|-enditem|p2a: Hatterene|Focus Sash\n|-damage|p2a: Hatterene|1\/100\n|-damage|p2b: Indeedee|39\/100 slp\n|-unboost|p1a: Gholdengo|spa|1\n|\n|upkeep\n|turn|3\n|inactive|hysaaron has 30 seconds left.\n|inactive|hysaaron has 20 seconds left.\n|\n|t:|1682852098\n|-curestatus|p2b: Indeedee|slp|[msg]\n|move|p2b: Indeedee|Helping Hand|p2a: Hatterene\n|-singleturn|p2a: Hatterene|Helping Hand|[of] p2b: Indeedee\n|move|p1b: Amoonguss|Protect|p1b: Amoonguss\n|-singleturn|p1b: Amoonguss|Protect\n|move|p2a: Hatterene|Dazzling Gleam|p1b: Amoonguss|[spread] p1a\n|-activate|p1b: Amoonguss|move: Protect\n|-resisted|p1a: Gholdengo\n|-damage|p1a: Gholdengo|82\/100\n|move|p1a: Gholdengo|Make It Rain|p2a: Hatterene|[spread] p2a,p2b\n|-supereffective|p2a: Hatterene\n|-damage|p2a: Hatterene|0 fnt\n|-damage|p2b: Indeedee|0 fnt\n|-unboost|p1a: Gholdengo|spa|1\n|faint|p2a: Hatterene\n|faint|p2b: Indeedee\n|\n|upkeep\n|\n|t:|1682852112\n|switch|p2a: Torkoal|Torkoal, L50, F|100\/100\n|switch|p2b: Ting-Lu|Ting-Lu, L50|100\/100\n|-weather|SunnyDay|[from] ability: Drought|[of] p2a: Torkoal\n|-ability|p2b: Ting-Lu|Vessel of Ruin\n|turn|4\n|inactive|hysaaron has 30 seconds left.\n|inactive|hysaaron has 20 seconds left.\n|inactive|hysaaron has 15 seconds left.\n|inactive|hysaaron has 10 seconds left.\n|inactive|hysaaron has 5 seconds left.\n|\n|t:|1682852163\n|switch|p1b: Annihilape|Annihilape, L50, M, shiny|100\/100\n|-terastallize|p2a: Torkoal|Fire\n|move|p1a: Gholdengo|Protect|p1a: Gholdengo\n|-singleturn|p1a: Gholdengo|Protect\n|move|p2a: Torkoal|Eruption|p1b: Annihilape|[spread] p1b\n|-activate|p1a: Gholdengo|move: Protect\n|-damage|p1b: Annihilape|33\/100\n|move|p2b: Ting-Lu|Rock Slide|p1b: Annihilape|[spread] p1b\n|-activate|p1a: Gholdengo|move: Protect\n|-resisted|p1b: Annihilape\n|-damage|p1b: Annihilape|17\/100\n|\n|-weather|SunnyDay|[upkeep]\n|-heal|p1b: Annihilape|23\/100|[from] item: Leftovers\n|upkeep\n|turn|5\n|inactive|hysaaron has 30 seconds left.\n|inactive|hysaaron has 20 seconds left.\n|\n|t:|1682852199\n|-terastallize|p1a: Gholdengo|Water\n|move|p1b: Annihilape|Protect|p1b: Annihilape\n|-singleturn|p1b: Annihilape|Protect\n|move|p2a: Torkoal|Eruption|p1a: Gholdengo|[spread] p1a\n|-activate|p1b: Annihilape|move: Protect\n|-resisted|p1a: Gholdengo\n|-damage|p1a: Gholdengo|39\/100\n|move|p2b: Ting-Lu|Rock Slide|p1b: Annihilape|[spread] p1a\n|-activate|p1b: Annihilape|move: Protect\n|-damage|p1a: Gholdengo|12\/100\n|move|p1a: Gholdengo|Nasty Plot|p1a: Gholdengo\n|-boost|p1a: Gholdengo|spa|2\n|\n|-weather|SunnyDay|[upkeep]\n|-heal|p1b: Annihilape|30\/100|[from] item: Leftovers\n|-fieldend|move: Trick Room\n|-fieldend|move: Psychic Terrain\n|upkeep\n|turn|6\n|inactive|hysaaron has 30 seconds left.\n|\n|t:|1682852234\n|move|p1b: Annihilape|Drain Punch|p2b: Ting-Lu\n|-supereffective|p2b: Ting-Lu\n|-damage|p2b: Ting-Lu|63\/100\n|-heal|p1b: Annihilape|53\/100|[from] drain|[of] p2b: Ting-Lu\n|move|p1a: Gholdengo|Shadow Ball|p2a: Torkoal\n|-damage|p2a: Torkoal|7\/100\n|move|p2b: Ting-Lu|Rock Slide|p1b: Annihilape|[spread] p1a,p1b\n|-resisted|p1b: Annihilape\n|-damage|p1a: Gholdengo|0 fnt\n|-damage|p1b: Annihilape|39\/100\n|faint|p1a: Gholdengo\n|move|p2a: Torkoal|Heat Wave|p1b: Annihilape\n|-damage|p1b: Annihilape|0 fnt\n|faint|p1b: Annihilape\n|\n|-weather|SunnyDay|[upkeep]\n|upkeep\n|\n|t:|1682852252\n|switch|p1b: Ting-Lu|Ting-Lu, L50|100\/100\n|switch|p1a: Amoonguss|Amoonguss, L50, F, shiny|35\/100\n|-ability|p1b: Ting-Lu|Vessel of Ruin\n|turn|7\n|\n|t:|1682852267\n|move|p1b: Ting-Lu|Fissure|p2b: Ting-Lu|[miss]\n|-miss|p1b: Ting-Lu|p2b: Ting-Lu\n|move|p2b: Ting-Lu|Rock Slide|p1b: Ting-Lu|[spread] p1a,p1b\n|-resisted|p1b: Ting-Lu\n|-damage|p1a: Amoonguss|14\/100\n|-damage|p1b: Ting-Lu|93\/100\n|move|p1a: Amoonguss|Spore|p2a: Torkoal\n|-status|p2a: Torkoal|slp|[from] move: Spore\n|cant|p2a: Torkoal|slp\n|\n|-weather|SunnyDay|[upkeep]\n|upkeep\n|turn|8\n|inactive|hysaaron has 30 seconds left.\n|\n|t:|1682852296\n|move|p1a: Amoonguss|Protect|p1a: Amoonguss\n|-singleturn|p1a: Amoonguss|Protect\n|move|p1b: Ting-Lu|Stomping Tantrum|p2b: Ting-Lu\n|-damage|p2b: Ting-Lu|22\/100\n|move|p2b: Ting-Lu|Rock Slide|p1b: Ting-Lu|[spread] p1b\n|-activate|p1a: Amoonguss|move: Protect\n|-resisted|p1b: Ting-Lu\n|-damage|p1b: Ting-Lu|85\/100\n|cant|p2a: Torkoal|slp\n|\n|-weather|none\n|upkeep\n|turn|9\n|\n|t:|1682852317\n|move|p1b: Ting-Lu|Stomping Tantrum|p2a: Torkoal\n|-supereffective|p2a: Torkoal\n|-damage|p2a: Torkoal|0 fnt\n|faint|p2a: Torkoal\n|move|p2b: Ting-Lu|Rock Slide|p1a: Amoonguss|[spread] p1a,p1b\n|-resisted|p1b: Ting-Lu\n|-damage|p1a: Amoonguss|0 fnt\n|-damage|p1b: Ting-Lu|76\/100\n|faint|p1a: Amoonguss\n|\n|upkeep\n|turn|10\n|\n|t:|1682852327\n|move|p1b: Ting-Lu|Fissure|p2b: Ting-Lu|[miss]\n|-miss|p1b: Ting-Lu|p2b: Ting-Lu\n|move|p2b: Ting-Lu|Rock Slide|p1b: Ting-Lu\n|-resisted|p1b: Ting-Lu\n|-damage|p1b: Ting-Lu|65\/100\n|\n|upkeep\n|turn|11\n|\n|t:|1682852335\n|move|p1b: Ting-Lu|Stomping Tantrum|p2b: Ting-Lu\n|-damage|p2b: Ting-Lu|0 fnt\n|faint|p2b: Ting-Lu\n|\n|win|hysaaron\n|raw|hysaaron's rating: 1328 → 1345<\/strong> (+17 for winning)\n|raw|SunflowersInPacha's rating: 1282 → 1260<\/strong> (-22 for losing)\n","uploadtime":1682852341,"views":9,"p1id":"hysaaron","p2id":"sunflowersinpacha","formatid":"gen9vgc2023regulationc","rating":1260,"private":0,"password":""}