{"id":"gen9vgc2023regulationc-1864141656","p1":"Kammala","p2":"April112","format":"[Gen 9] VGC 2023 Regulation C","log":"|j|\u2606Kammala\n|j|\u2606April112\n|t:|1684123846\n|gametype|doubles\n|player|p1|Kammala|102|1350\n|player|p2|April112|265|1476\n|teamsize|p1|6\n|teamsize|p2|6\n|gen|9\n|tier|[Gen 9] VGC 2023 Regulation C\n|rated|\n|rule|Species Clause: Limit one of each Pok\u00e9mon\n|rule|Item Clause: Limit one of each item\n|clearpoke\n|poke|p1|Scream Tail, L50|\n|poke|p1|Kingambit, L50, M|\n|poke|p1|Abomasnow, L50, F|\n|poke|p1|Iron Bundle, L50|\n|poke|p1|Ceruledge, L50, M|\n|poke|p1|Iron Hands, L50|\n|poke|p2|Chien-Pao, L50|\n|poke|p2|Iron Bundle, L50|\n|poke|p2|Gholdengo, L50|\n|poke|p2|Amoonguss, L50, F|\n|poke|p2|Palafin, L50, F|\n|poke|p2|Iron Hands, L50|\n|teampreview|4\n|inactive|Battle timer is ON: inactive players will automatically lose when time's up. (requested by Kammala)\nKammala has agreed to open team sheets.\n|inactive|Kammala has 60 seconds left.\n|inactive|Kammala has 30 seconds left.\n|\n|t:|1684123911\n|start\n|switch|p1a: Abomasnow|Abomasnow, L50, F|100\/100\n|switch|p1b: Iron Bundle|Iron Bundle, L50|100\/100\n|switch|p2a: Iron Bundle|Iron Bundle, L50|100\/100\n|switch|p2b: Gholdengo|Gholdengo, L50|100\/100\n|-weather|Snow|[from] ability: Snow Warning|[of] p1a: Abomasnow\n|-enditem|p2a: Iron Bundle|Booster Energy\n|-activate|p2a: Iron Bundle|ability: Quark Drive|[fromitem]\n|-start|p2a: Iron Bundle|quarkdrivespe\n|turn|1\n|inactive|Kammala has 30 seconds left.\n|\n|t:|1684123936\n|-end|p1b: Iron Bundle|Quark Drive|[silent]\n|switch|p1b: Iron Hands|Iron Hands, L50|100\/100\n|move|p2a: Iron Bundle|Protect|p2a: Iron Bundle\n|-singleturn|p2a: Iron Bundle|Protect\n|move|p2b: Gholdengo|Nasty Plot|p2b: Gholdengo\n|-boost|p2b: Gholdengo|spa|2\n|move|p1a: Abomasnow|Aurora Veil|p1a: Abomasnow\n|-sidestart|p1: Kammala|move: Aurora Veil\n|\n|-weather|Snow|[upkeep]\n|upkeep\n|turn|2\n|inactive|Kammala has 30 seconds left.\n|inactive|April112 has 30 seconds left.\n|inactive|April112 has 20 seconds left.\n|inactive|April112 has 15 seconds left.\n|\n|t:|1684123979\n|move|p2a: Iron Bundle|Icy Wind|p1a: Abomasnow|[spread] p1a\n|-miss|p2a: Iron Bundle|p1b: Iron Hands\n|-damage|p1a: Abomasnow|90\/100\n|-unboost|p1a: Abomasnow|spe|1\n|move|p2b: Gholdengo|Make It Rain|p1a: Abomasnow|[spread] p1a,p1b\n|-supereffective|p1a: Abomasnow\n|-resisted|p1b: Iron Hands\n|-damage|p1a: Abomasnow|2\/100\n|-damage|p1b: Iron Hands|81\/100\n|-unboost|p2b: Gholdengo|spa|1\n|move|p1b: Iron Hands|Wild Charge|p2b: Gholdengo\n|-damage|p2b: Gholdengo|45\/100\n|-damage|p1b: Iron Hands|72\/100|[from] Recoil\n|move|p1a: Abomasnow|Leaf Storm|p2a: Iron Bundle\n|-supereffective|p2a: Iron Bundle\n|-damage|p2a: Iron Bundle|0 fnt\n|-unboost|p1a: Abomasnow|spa|2\n|faint|p2a: Iron Bundle\n|-end|p2a: Iron Bundle|Quark Drive|[silent]\n|\n|-weather|Snow|[upkeep]\n|upkeep\n|\n|t:|1684124001\n|switch|p2a: Iron Hands|Iron Hands, L50|100\/100\n|turn|3\n|\n|t:|1684124018\n|move|p1a: Abomasnow|Protect|p1a: Abomasnow\n|-singleturn|p1a: Abomasnow|Protect\n|move|p2a: Iron Hands|Fake Out|p1b: Iron Hands\n|-damage|p1b: Iron Hands|65\/100\n|move|p2b: Gholdengo|Shadow Ball|p1b: Iron Hands\n|-damage|p1b: Iron Hands|40\/100\n|cant|p1b: Iron Hands|flinch\n|\n|-weather|Snow|[upkeep]\n|upkeep\n|turn|4\n|\n|t:|1684124038\n|move|p2b: Gholdengo|Protect|p2b: Gholdengo\n|-singleturn|p2b: Gholdengo|Protect\n|move|p2a: Iron Hands|Volt Switch|p1a: Abomasnow\n|-resisted|p1a: Abomasnow\n|-damage|p1a: Abomasnow|0 fnt\n|faint|p1a: Abomasnow\n|\n|t:|1684124044\n|-end|p2a: Iron Hands|Quark Drive|[silent]\n|switch|p2a: Chien-Pao|Chien-Pao, L50|100\/100|[from] Volt Switch\n|-ability|p2a: Chien-Pao|Sword of Ruin\n|move|p1b: Iron Hands|Wild Charge|p2b: Gholdengo\n|-activate|p2b: Gholdengo|move: Protect\n|\n|-weather|Snow|[upkeep]\n|upkeep\n|\n|t:|1684124055\n|switch|p1a: Kingambit|Kingambit, L50, M|100\/100\n|turn|5\n|inactive|April112 has 30 seconds left.\n|inactive|April112 has 20 seconds left.\n|inactive|April112 has 15 seconds left.\n|inactive|April112 has 10 seconds left.\n|inactive|April112 has 5 seconds left.\n|\n|t:|1684124106\n|switch|p2b: Iron Hands|Iron Hands, L50|100\/100\n|-terastallize|p1a: Kingambit|Flying\n|move|p2a: Chien-Pao|Sacred Sword|p1a: Kingambit\n|-resisted|p1a: Kingambit\n|-damage|p1a: Kingambit|91\/100\n|move|p1b: Iron Hands|Drain Punch|p2a: Chien-Pao\n|-supereffective|p2a: Chien-Pao\n|-enditem|p2a: Chien-Pao|Focus Sash\n|-damage|p2a: Chien-Pao|1\/100\n|-heal|p1b: Iron Hands|69\/100|[from] drain|[of] p2a: Chien-Pao\n|move|p1a: Kingambit|Kowtow Cleave|p2b: Iron Hands\n|-resisted|p2b: Iron Hands\n|-damage|p2b: Iron Hands|78\/100\n|\n|-weather|none\n|-sideend|p1: Kammala|move: Aurora Veil\n|upkeep\n|turn|6\n|inactive|Kammala has 30 seconds left.\n|inactive|April112 has 30 seconds left.\n|inactive|April112 has 20 seconds left.\n|\n|t:|1684124144\n|switch|p1a: Iron Bundle|Iron Bundle, L50|100\/100\n|-terastallize|p2a: Chien-Pao|Ghost\n|move|p2b: Iron Hands|Fake Out|p1a: Iron Bundle\n|-damage|p1a: Iron Bundle|75\/100\n|move|p2a: Chien-Pao|Ice Spinner|p1a: Iron Bundle\n|-resisted|p1a: Iron Bundle\n|-damage|p1a: Iron Bundle|59\/100\n|move|p1b: Iron Hands|Drain Punch|p2b: Iron Hands\n|-damage|p2b: Iron Hands|41\/100\n|-heal|p1b: Iron Hands|87\/100|[from] drain|[of] p2b: Iron Hands\n|\n|upkeep\n|turn|7\n|inactive|Kammala has 30 seconds left.\n|\n|t:|1684124176\n|move|p2a: Chien-Pao|Protect|p2a: Chien-Pao\n|-singleturn|p2a: Chien-Pao|Protect\n|move|p1a: Iron Bundle|Blizzard|p2a: Chien-Pao|[spread] \n|-activate|p2a: Chien-Pao|move: Protect\n|-miss|p1a: Iron Bundle|p2b: Iron Hands\n|move|p2b: Iron Hands|Drain Punch|p1a: Iron Bundle\n|-supereffective|p1a: Iron Bundle\n|-damage|p1a: Iron Bundle|0 fnt\n|-heal|p2b: Iron Hands|57\/100|[from] drain|[of] p1a: Iron Bundle\n|faint|p1a: Iron Bundle\n|-end|p1a: Iron Bundle|Quark Drive|[silent]\n|move|p1b: Iron Hands|Drain Punch|p2b: Iron Hands\n|-damage|p2b: Iron Hands|17\/100\n|-heal|p1b: Iron Hands|100\/100|[from] drain|[of] p2b: Iron Hands\n|\n|upkeep\n|\n|t:|1684124185\n|switch|p1a: Kingambit|Kingambit, L50, M, tera:Flying|91\/100\n|turn|8\n|inactive|Kammala has 30 seconds left.\n|inactive|April112 has 30 seconds left.\n|inactive|April112 has 20 seconds left.\n|\n|t:|1684124224\n|move|p2a: Chien-Pao|Sucker Punch|p1a: Kingambit\n|-damage|p1a: Kingambit|59\/100\n|move|p1a: Kingambit|Sucker Punch|p2b: Iron Hands\n|-resisted|p2b: Iron Hands\n|-damage|p2b: Iron Hands|0 fnt\n|faint|p2b: Iron Hands\n|-end|p2b: Iron Hands|Quark Drive|[silent]\n|move|p1b: Iron Hands|Wild Charge|p2a: Chien-Pao\n|-damage|p2a: Chien-Pao|0 fnt\n|faint|p2a: Chien-Pao\n|-damage|p1b: Iron Hands|99\/100|[from] Recoil\n|\n|upkeep\n|-message|April112 forfeited.\n|\n|win|Kammala\n|raw|Kammala's rating: 1350 → 1377<\/strong> (+27 for winning)\n|raw|April112's rating: 1476 → 1449<\/strong> (-27 for losing)\n|l|\u2606April112\n","uploadtime":1684124239,"views":7,"p1id":"kammala","p2id":"april112","formatid":"gen9vgc2023regulationc","rating":1377,"private":0,"password":""}