{"id":"gen9vgc2023regulationc-1851704932","p1":"Dymosin","p2":"Knonoh","format":"[Gen 9] VGC 2023 Regulation C","log":"|j|\u2606Dymosin\n|j|\u2606Knonoh\n|t:|1682472153\n|gametype|doubles\n|player|p1|Dymosin|volkner|1066\n|player|p2|Knonoh|102|1000\n|teamsize|p1|6\n|teamsize|p2|6\n|gen|9\n|tier|[Gen 9] VGC 2023 Regulation C\n|rated|\n|rule|Species Clause: Limit one of each Pok\u00e9mon\n|rule|Item Clause: Limit one of each item\n|clearpoke\n|poke|p1|Arcanine, L50, F|\n|poke|p1|Jolteon, L50, M|\n|poke|p1|Amoonguss, L50, M|\n|poke|p1|Grimmsnarl, L50, M|\n|poke|p1|Annihilape, L50, M|\n|poke|p1|Dudunsparce-*, L50, F|\n|poke|p2|Bellibolt, L50, F|\n|poke|p2|Chi-Yu, L50|\n|poke|p2|Tauros-Paldea-Aqua, L50, M|\n|poke|p2|Grafaiai, L50, F|\n|poke|p2|Medicham, L50, F|\n|poke|p2|Murkrow, L50, F|\n|teampreview|4\n|inactive|Battle timer is ON: inactive players will automatically lose when time's up. (requested by Dymosin)\n|inactive|Knonoh has 60 seconds left.\n|\n|t:|1682472195\n|start\n|switch|p1a: Rawr X3|Grimmsnarl, L50, M|100\/100\n|switch|p1b: CBT|Jolteon, L50, M|100\/100\n|switch|p2a: Murkrow|Murkrow, L50, F|100\/100\n|switch|p2b: Chi-Yu|Chi-Yu, L50|100\/100\n|-item|p1b: CBT|Air Balloon\n|-ability|p2b: Chi-Yu|Beads of Ruin\n|turn|1\n|inactive|Dymosin has 30 seconds left.\n|inactive|Knonoh has 30 seconds left.\n|inactive|Dymosin has 20 seconds left.\n|inactive|Dymosin has 15 seconds left.\n|inactive|Dymosin has 10 seconds left.\n|inactive|Dymosin has 5 seconds left.\n|\n|t:|1682472250\n|move|p1b: CBT|Protect|p1b: CBT\n|-singleturn|p1b: CBT|Protect\n|move|p1a: Rawr X3|Light Screen|p1a: Rawr X3\n|-sidestart|p1: Dymosin|move: Light Screen\n|move|p2b: Chi-Yu|Lava Plume|p1b: CBT|[spread] p2a,p1a\n|-activate|p1b: CBT|move: Protect\n|-damage|p2a: Murkrow|66\/100\n|-damage|p1a: Rawr X3|78\/100\n|move|p2a: Murkrow|Tailwind|p2a: Murkrow\n|-sidestart|p2: Knonoh|move: Tailwind\n|\n|upkeep\n|turn|2\n|inactive|Dymosin has 30 seconds left.\n|inactive|Knonoh has 30 seconds left.\n|inactive|Dymosin has 20 seconds left.\n|inactive|Dymosin has 15 seconds left.\n|inactive|Dymosin has 10 seconds left.\n|inactive|Dymosin has 5 seconds left.\n|\n|t:|1682472305\n|move|p2b: Chi-Yu|Protect|p2b: Chi-Yu\n|-singleturn|p2b: Chi-Yu|Protect\n|move|p1b: CBT|Protect|p1b: CBT\n|-singleturn|p1b: CBT|Protect\n|move|p1a: Rawr X3|Light Screen||[still]\n|-fail|p1a: Rawr X3\n|move|p2a: Murkrow|Night Shade|p1b: CBT\n|-activate|p1b: CBT|move: Protect\n|\n|upkeep\n|turn|3\n|inactive|Dymosin has 30 seconds left.\n|inactive|Knonoh has 30 seconds left.\n|inactive|Dymosin has 20 seconds left.\n|inactive|Knonoh has 20 seconds left.\n|inactive|Dymosin has 15 seconds left.\n|inactive|Knonoh has 15 seconds left.\n|inactive|Dymosin has 10 seconds left.\n|inactive|Knonoh has 10 seconds left.\n|inactive|Dymosin has 5 seconds left.\n|\n|t:|1682472360\n|move|p1b: CBT|Protect||[still]\n|-fail|p1b: CBT\n|move|p1a: Rawr X3|Light Screen||[still]\n|-fail|p1a: Rawr X3\n|move|p2b: Chi-Yu|Tera Blast|p1b: CBT\n|-damage|p1b: CBT|69\/100\n|-enditem|p1b: CBT|Air Balloon\n|move|p2a: Murkrow|Night Shade|p1b: CBT\n|-damage|p1b: CBT|33\/100\n|\n|upkeep\n|turn|4\n|inactive|Dymosin has 30 seconds left.\n|inactive|Dymosin has 20 seconds left.\n|\n|t:|1682472396\n|move|p2b: Chi-Yu|Tera Blast|p1a: Rawr X3\n|-damage|p1a: Rawr X3|58\/100\n|move|p2a: Murkrow|Night Shade|p1b: CBT\n|-damage|p1b: CBT|0 fnt\n|faint|p1b: CBT\n|move|p1a: Rawr X3|Drain Punch|p2b: Chi-Yu\n|-supereffective|p2b: Chi-Yu\n|-damage|p2b: Chi-Yu|30\/100\n|-heal|p1a: Rawr X3|81\/100|[from] drain|[of] p2b: Chi-Yu\n|\n|-sideend|p2: Knonoh|move: Tailwind\n|upkeep\n|\n|t:|1682472405\n|switch|p1b: .mp3|Amoonguss, L50, M|100\/100\n|turn|5\n|\n|t:|1682472418\n|move|p2b: Chi-Yu|Protect|p2b: Chi-Yu\n|-singleturn|p2b: Chi-Yu|Protect\n|move|p2a: Murkrow|Feather Dance|p1a: Rawr X3\n|-unboost|p1a: Rawr X3|atk|2\n|move|p1a: Rawr X3|Drain Punch|p2b: Chi-Yu\n|-activate|p2b: Chi-Yu|move: Protect\n|move|p1b: .mp3|Pollen Puff|p2a: Murkrow\n|-damage|p2a: Murkrow|37\/100\n|\n|upkeep\n|turn|6\n|\n|t:|1682472438\n|switch|p1a: Pancake|Dudunsparce-Three-Segment, L50, F, shiny|100\/100\n|move|p2b: Chi-Yu|Lava Plume|p1b: .mp3|[spread] p2a,p1a,p1b\n|-supereffective|p1b: .mp3\n|-damage|p2a: Murkrow|1\/100\n|-damage|p1a: Pancake|71\/100\n|-damage|p1b: .mp3|48\/100\n|-status|p2a: Murkrow|brn\n|-status|p1a: Pancake|brn\n|move|p2a: Murkrow|Tailwind|p2a: Murkrow\n|-sidestart|p2: Knonoh|move: Tailwind\n|move|p1b: .mp3|Pollen Puff|p2a: Murkrow\n|-damage|p2a: Murkrow|0 fnt\n|faint|p2a: Murkrow\n|\n|-heal|p1a: Pancake|78\/100 brn|[from] item: Leftovers\n|-heal|p1b: .mp3|54\/100|[from] item: Black Sludge\n|-damage|p1a: Pancake|71\/100 brn|[from] brn\n|upkeep\n|\n|t:|1682472461\n|switch|p2a: Tauros|Tauros-Paldea-Aqua, L50, M|100\/100\n|turn|7\n|\n|t:|1682472472\n|move|p2a: Tauros|Protect|p2a: Tauros\n|-singleturn|p2a: Tauros|Protect\n|move|p2b: Chi-Yu|Hex|p1a: Pancake\n|-immune|p1a: Pancake\n|move|p1a: Pancake|Rock Slide|p2b: Chi-Yu|[spread] p2b\n|-activate|p2a: Tauros|move: Protect\n|-supereffective|p2b: Chi-Yu\n|-damage|p2b: Chi-Yu|0 fnt\n|faint|p2b: Chi-Yu\n|move|p1b: .mp3|Giga Drain|p2a: Tauros\n|-activate|p2a: Tauros|move: Protect\n|\n|-heal|p1a: Pancake|78\/100 brn|[from] item: Leftovers\n|-heal|p1b: .mp3|60\/100|[from] item: Black Sludge\n|-damage|p1a: Pancake|71\/100 brn|[from] brn\n|upkeep\n|c|\u2606Knonoh|lol\n|\n|t:|1682472487\n|switch|p2b: Medicham|Medicham, L50, F|100\/100\n|turn|8\n|\n|t:|1682472505\n|-terastallize|p2b: Medicham|Steel\n|move|p2a: Tauros|Aqua Jet|p1b: .mp3\n|-resisted|p1b: .mp3\n|-damage|p1b: .mp3|49\/100\n|move|p2b: Medicham|Bullet Punch|p1b: .mp3\n|-damage|p1b: .mp3|2\/100\n|move|p1a: Pancake|Wild Charge|p2a: Tauros\n|-supereffective|p2a: Tauros\n|-damage|p2a: Tauros|68\/100\n|-damage|p1a: Pancake|66\/100 brn|[from] Recoil\n|move|p1b: .mp3|Spore|p2b: Medicham\n|-status|p2b: Medicham|slp|[from] move: Spore\n|\n|-heal|p1a: Pancake|72\/100 brn|[from] item: Leftovers\n|-heal|p1b: .mp3|8\/100|[from] item: Black Sludge\n|-damage|p1a: Pancake|66\/100 brn|[from] brn\n|-sideend|p1: Dymosin|move: Light Screen\n|upkeep\n|turn|9\n|\n|t:|1682472526\n|move|p2a: Tauros|Aqua Jet|p1b: .mp3\n|-resisted|p1b: .mp3\n|-damage|p1b: .mp3|0 fnt\n|faint|p1b: .mp3\n|cant|p2b: Medicham|slp\n|move|p1a: Pancake|Wild Charge|p2a: Tauros\n|-supereffective|p2a: Tauros\n|-damage|p2a: Tauros|37\/100\n|-enditem|p2a: Tauros|Sitrus Berry|[eat]\n|-heal|p2a: Tauros|62\/100|[from] item: Sitrus Berry\n|-damage|p1a: Pancake|61\/100 brn|[from] Recoil\n|\n|-heal|p1a: Pancake|67\/100 brn|[from] item: Leftovers\n|-damage|p1a: Pancake|61\/100 brn|[from] brn\n|-sideend|p2: Knonoh|move: Tailwind\n|upkeep\n|\n|t:|1682472530\n|switch|p1b: Rawr X3|Grimmsnarl, L50, M|81\/100\n|turn|10\n|\n|t:|1682472550\n|move|p2a: Tauros|Protect|p2a: Tauros\n|-singleturn|p2a: Tauros|Protect\n|cant|p2b: Medicham|slp\n|move|p1b: Rawr X3|Reflect|p1b: Rawr X3\n|-sidestart|p1: Dymosin|Reflect\n|move|p1a: Pancake|Wild Charge|p2a: Tauros\n|-activate|p2a: Tauros|move: Protect\n|\n|-heal|p1a: Pancake|67\/100 brn|[from] item: Leftovers\n|-damage|p1a: Pancake|61\/100 brn|[from] brn\n|upkeep\n|turn|11\n|inactive|Dymosin has 30 seconds left.\n|\n|t:|1682472578\n|-terastallize|p1a: Pancake|Ghost\n|move|p2a: Tauros|Aqua Jet|p1a: Pancake\n|-damage|p1a: Pancake|50\/100 brn\n|cant|p2b: Medicham|slp\n|move|p1b: Rawr X3|Drain Punch|p2b: Medicham\n|-supereffective|p2b: Medicham\n|-damage|p2b: Medicham|49\/100 slp\n|-heal|p1b: Rawr X3|100\/100|[from] drain|[of] p2b: Medicham\n|move|p1a: Pancake|Wild Charge|p2a: Tauros\n|-supereffective|p2a: Tauros\n|-damage|p2a: Tauros|29\/100\n|-damage|p1a: Pancake|45\/100 brn|[from] Recoil\n|\n|-heal|p1a: Pancake|51\/100 brn|[from] item: Leftovers\n|-damage|p1a: Pancake|45\/100 brn|[from] brn\n|upkeep\n|turn|12\n|inactive|Knonoh has 30 seconds left.\n|\n|t:|1682472613\n|-curestatus|p2b: Medicham|slp|[msg]\n|move|p2b: Medicham|Bullet Punch|p1b: Rawr X3\n|-supereffective|p1b: Rawr X3\n|-damage|p1b: Rawr X3|27\/100\n|move|p1b: Rawr X3|Thunder Wave|p2a: Tauros\n|-status|p2a: Tauros|par\n|move|p2a: Tauros|Close Combat|p1b: Rawr X3\n|-damage|p1b: Rawr X3|0 fnt\n|-unboost|p2a: Tauros|def|1\n|-unboost|p2a: Tauros|spd|1\n|faint|p1b: Rawr X3\n|move|p1a: Pancake|Drill Run|p2b: Medicham\n|-supereffective|p2b: Medicham\n|-damage|p2b: Medicham|14\/100\n|\n|-heal|p1a: Pancake|51\/100 brn|[from] item: Leftovers\n|-damage|p1a: Pancake|45\/100 brn|[from] brn\n|upkeep\n|turn|13\n|\n|t:|1682472637\n|move|p2b: Medicham|Bullet Punch|p1a: Pancake\n|-damage|p1a: Pancake|19\/100 brn\n|move|p2a: Tauros|Aqua Jet|p1a: Pancake\n|-damage|p1a: Pancake|6\/100 brn\n|move|p1a: Pancake|Hyper Drill|p2b: Medicham\n|-resisted|p2b: Medicham\n|-damage|p2b: Medicham|0 fnt\n|faint|p2b: Medicham\n|\n|-heal|p1a: Pancake|12\/100 brn|[from] item: Leftovers\n|-damage|p1a: Pancake|6\/100 brn|[from] brn\n|upkeep\n|turn|14\n|\n|t:|1682472648\n|cant|p2a: Tauros|par\n|move|p1a: Pancake|Hyper Drill|p2a: Tauros\n|-damage|p2a: Tauros|0 fnt\n|faint|p2a: Tauros\n|\n|win|Dymosin\n|raw|Dymosin's rating: 1066 → 1090<\/strong> (+24 for winning)\n|raw|Knonoh's rating: 1000 → 1000<\/strong> (+0 for losing)\n|c|\u2606Dymosin|gg\n|c|\u2606Knonoh|!\n","uploadtime":1682472661,"views":10,"p1id":"dymosin","p2id":"knonoh","formatid":"gen9vgc2023regulationc","rating":1000,"private":0,"password":""}