{"id":"gen9vgc2023regulationc-1859338807","p1":"random9136","p2":"Sa7tia","format":"[Gen 9] VGC 2023 Regulation C","log":"|j|\u2606random9136\n|j|\u2606Sa7tia\n|t:|1683439827\n|gametype|doubles\n|player|p1|random9136|266|1205\n|player|p2|Sa7tia|pokemonranger-gen4|1299\n|teamsize|p1|6\n|teamsize|p2|6\n|gen|9\n|tier|[Gen 9] VGC 2023 Regulation C\n|rated|\n|rule|Species Clause: Limit one of each Pok\u00e9mon\n|rule|Item Clause: Limit one of each item\n|clearpoke\n|poke|p1|Annihilape, L50, M|\n|poke|p1|Grimmsnarl, L50, M|\n|poke|p1|Florges-Blue, L50, F|\n|poke|p1|Mudsdale, L50, M|\n|poke|p1|Palafin, L50, F|\n|poke|p1|Garganacl, L50, M|\n|poke|p2|Scream Tail, L50|\n|poke|p2|Indeedee-F, L50, F|\n|poke|p2|Armarouge, L50, F|\n|poke|p2|Dragapult, L50, F|\n|poke|p2|Chien-Pao, L50|\n|poke|p2|Iron Hands, L50|\n|teampreview|4\n|inactive|Battle timer is ON: inactive players will automatically lose when time's up. (requested by Sa7tia)\n|inactive|Sa7tia has 60 seconds left.\n|inactive|Sa7tia has 30 seconds left.\n|\n|t:|1683439892\n|start\n|switch|p1a: Grimmsnarl|Grimmsnarl, L50, M|100\/100\n|switch|p1b: Palafin|Palafin, L50, F|100\/100\n|switch|p2a: Scream Tail|Scream Tail, L50|100\/100\n|switch|p2b: Iron Hands|Iron Hands, L50|100\/100\n|-enditem|p2a: Scream Tail|Booster Energy\n|-activate|p2a: Scream Tail|ability: Protosynthesis|[fromitem]\n|-start|p2a: Scream Tail|protosynthesisspe\n|turn|1\n|inactive|random9136 has 30 seconds left.\n|inactive|Sa7tia has 30 seconds left.\n|inactive|random9136 has 20 seconds left.\n|\n|t:|1683439929\n|detailschange|p1b: Palafin|Palafin-Hero, L50, F\n|switch|p1b: Annihilape|Annihilape, L50, M|100\/100\n|move|p2b: Iron Hands|Fake Out|p1a: Grimmsnarl\n|-damage|p1a: Grimmsnarl|85\/100\n|cant|p1a: Grimmsnarl|flinch\n|move|p2a: Scream Tail|Howl|p2a: Scream Tail|[spread] p2a,p2b\n|-boost|p2a: Scream Tail|atk|1\n|-boost|p2b: Iron Hands|atk|1\n|\n|upkeep\n|turn|2\n|\n|t:|1683439952\n|-terastallize|p2b: Iron Hands|Fire\n|move|p1a: Grimmsnarl|Reflect|p1a: Grimmsnarl\n|-sidestart|p1: random9136|Reflect\n|move|p2a: Scream Tail|Howl|p2a: Scream Tail|[spread] p2a,p2b\n|-boost|p2a: Scream Tail|atk|1\n|-boost|p2b: Iron Hands|atk|1\n|move|p1b: Annihilape|Bulk Up|p1b: Annihilape\n|-boost|p1b: Annihilape|atk|1\n|-boost|p1b: Annihilape|def|1\n|move|p2b: Iron Hands|Drain Punch|p1a: Grimmsnarl\n|-damage|p1a: Grimmsnarl|20\/100\n|\n|upkeep\n|turn|3\n|\n|t:|1683439977\n|-end|p2b: Iron Hands|Quark Drive|[silent]\n|switch|p2b: Armarouge|Armarouge, L50, F|100\/100\n|move|p1a: Grimmsnarl|Parting Shot|p2b: Armarouge\n|-unboost|p2b: Armarouge|atk|1\n|-unboost|p2b: Armarouge|spa|1\n|\n|t:|1683439984\n|switch|p1a: Palafin|Palafin-Hero, L50, F|100\/100|[from] Parting Shot\n|-activate|p1a: Palafin|ability: Zero to Hero\n|move|p2a: Scream Tail|Encore|p1b: Annihilape\n|-start|p1b: Annihilape|Encore\n|move|p1b: Annihilape|Bulk Up|p1b: Annihilape\n|-boost|p1b: Annihilape|atk|1\n|-boost|p1b: Annihilape|def|1\n|\n|upkeep\n|turn|4\n|inactive|Sa7tia has 30 seconds left.\n|\n|t:|1683440015\n|switch|p2b: Indeedee|Indeedee-F, L50, F|100\/100\n|-fieldstart|move: Psychic Terrain|[from] ability: Psychic Surge|[of] p2b: Indeedee\n|move|p2a: Scream Tail|Play Rough|p1a: Palafin\n|-damage|p1a: Palafin|74\/100\n|move|p1a: Palafin|Liquidation|p2b: Indeedee\n|-damage|p2b: Indeedee|39\/100\n|-enditem|p2b: Indeedee|Sitrus Berry|[eat]\n|-heal|p2b: Indeedee|64\/100|[from] item: Sitrus Berry\n|move|p1b: Annihilape|Bulk Up|p1b: Annihilape\n|-boost|p1b: Annihilape|atk|1\n|-boost|p1b: Annihilape|def|1\n|\n|-heal|p1a: Palafin|80\/100|[from] item: Leftovers\n|upkeep\n|turn|5\n|\n|t:|1683440040\n|switch|p2b: Armarouge|Armarouge, L50, F|100\/100\n|move|p2a: Scream Tail|Disable|p1a: Palafin\n|-start|p1a: Palafin|Disable|Liquidation\n|cant|p1a: Palafin|Disable|Liquidation\n|move|p1b: Annihilape|Bulk Up|p1b: Annihilape\n|-boost|p1b: Annihilape|atk|1\n|-boost|p1b: Annihilape|def|1\n|\n|-heal|p1a: Palafin|86\/100|[from] item: Leftovers\n|-end|p1b: Annihilape|Encore\n|upkeep\n|turn|6\n|inactive|Sa7tia has 30 seconds left.\n|\n|t:|1683440069\n|switch|p1a: Grimmsnarl|Grimmsnarl, L50, M|20\/100\n|move|p2a: Scream Tail|Encore|p1b: Annihilape\n|-start|p1b: Annihilape|Encore\n|move|p2b: Armarouge|Expanding Force|p1a: Grimmsnarl|[spread] p1b\n|-immune|p1a: Grimmsnarl\n|-supereffective|p1b: Annihilape\n|-damage|p1b: Annihilape|0 fnt\n|faint|p1b: Annihilape\n|\n|upkeep\n|\n|t:|1683440083\n|switch|p1b: Palafin|Palafin-Hero, L50, F|86\/100\n|turn|7\n|\n|t:|1683440097\n|move|p1a: Grimmsnarl|Parting Shot|p2b: Armarouge\n|-activate|p2b: Armarouge|move: Psychic Terrain\n|move|p2a: Scream Tail|Play Rough|p1a: Grimmsnarl\n|-supereffective|p1a: Grimmsnarl\n|-damage|p1a: Grimmsnarl|0 fnt\n|faint|p1a: Grimmsnarl\n|move|p2b: Armarouge|Expanding Force|p1b: Palafin\n|-damage|p1b: Palafin|22\/100\n|move|p1b: Palafin|Liquidation|p2a: Scream Tail\n|-damage|p2a: Scream Tail|65\/100\n|-unboost|p2a: Scream Tail|def|1\n|\n|-heal|p1b: Palafin|29\/100|[from] item: Leftovers\n|upkeep\n|\n|t:|1683440110\n|switch|p1a: Florges|Florges-Blue, L50, F|100\/100\n|turn|8\n|\n|t:|1683440133\n|-terastallize|p1b: Palafin|Steel\n|move|p2a: Scream Tail|Disable|p1b: Palafin\n|-start|p1b: Palafin|Disable|Liquidation\n|move|p2b: Armarouge|Expanding Force|p1b: Palafin|[spread] p1a,p1b\n|-resisted|p1b: Palafin\n|-damage|p1a: Florges|56\/100\n|-damage|p1b: Palafin|1\/100\n|cant|p1b: Palafin|Disable|Liquidation\n|move|p1a: Florges|Calm Mind|p1a: Florges\n|-boost|p1a: Florges|spa|1\n|-boost|p1a: Florges|spd|1\n|\n|-heal|p1b: Palafin|8\/100|[from] item: Leftovers\n|-fieldend|move: Psychic Terrain\n|upkeep\n|turn|9\n|-message|random9136 forfeited.\n|\n|win|Sa7tia\n|raw|random9136's rating: 1205 → 1187<\/strong> (-18 for losing)\n|raw|Sa7tia's rating: 1299 → 1317<\/strong> (+18 for winning)\n|l|\u2606random9136\n||Ladder isn't responding, score probably updated but might not have (Request timeout).\n|l|\u2606Sa7tia\n","uploadtime":1683440357,"views":12,"p1id":"random9136","p2id":"sa7tia","formatid":"gen9vgc2023regulationc","rating":1187,"private":0,"password":""}