{"id":"gen9vgc2023regulationc-1845213949","p1":"Emberbloom","p2":"Signior Dango","format":"[Gen 9] VGC 2023 Regulation C","log":"|j|\u2606Emberbloom\n|j|\u2606Signior Dango\n|t:|1681697227\n|gametype|doubles\n|player|p1|Emberbloom|scientist-gen4dp|1517\n|player|p2|Signior Dango|worker|1477\n|teamsize|p1|6\n|teamsize|p2|6\n|gen|9\n|tier|[Gen 9] VGC 2023 Regulation C\n|rated|\n|rule|Species Clause: Limit one of each Pok\u00e9mon\n|rule|Item Clause: Limit one of each item\n|clearpoke\n|poke|p1|Corviknight, L50, M|\n|poke|p1|Tyranitar, L50, M|\n|poke|p1|Garchomp, L50, F|\n|poke|p1|Gyarados, L50, F|\n|poke|p1|Amoonguss, L50, M|\n|poke|p1|Iron Hands, L50|\n|poke|p2|Gyarados, L50, F|\n|poke|p2|Ting-Lu, L50|\n|poke|p2|Murkrow, L50, M|\n|poke|p2|Flutter Mane, L50|\n|poke|p2|Iron Bundle, L50|\n|poke|p2|Iron Hands, L50|\n|teampreview|4\n|inactive|Battle timer is ON: inactive players will automatically lose when time's up. (requested by Signior Dango)\n|inactive|Emberbloom has 60 seconds left.\n|\n|t:|1681697343\n|start\n|switch|p1a: Corviknight|Corviknight, L50, M|100\/100\n|switch|p1b: Iron Hands|Iron Hands, L50|100\/100\n|switch|p2a: Murkrow|Murkrow, L50, M|100\/100\n|switch|p2b: Iron Hands|Iron Hands, L50|100\/100\n|turn|1\n|\n|t:|1681697366\n|move|p1b: Iron Hands|Fake Out|p2b: Iron Hands\n|-damage|p2b: Iron Hands|88\/100\n|move|p2a: Murkrow|Tailwind|p2a: Murkrow\n|-sidestart|p2: Signior Dango|move: Tailwind\n|cant|p2b: Iron Hands|flinch\n|move|p1a: Corviknight|Taunt|p2a: Murkrow\n|-start|p2a: Murkrow|move: Taunt\n|\n|upkeep\n|turn|2\n|\n|t:|1681697389\n|switch|p2a: Ting-Lu|Ting-Lu, L50|100\/100\n|-ability|p2a: Ting-Lu|Vessel of Ruin\n|move|p2b: Iron Hands|Wild Charge|p1a: Corviknight\n|-supereffective|p1a: Corviknight\n|-damage|p1a: Corviknight|24\/100\n|-damage|p2b: Iron Hands|72\/100|[from] Recoil\n|move|p1a: Corviknight|Tailwind|p1a: Corviknight\n|-sidestart|p1: Emberbloom|move: Tailwind\n|move|p1b: Iron Hands|Wild Charge|p2a: Ting-Lu\n|-immune|p2a: Ting-Lu\n|\n|upkeep\n|turn|3\n|inactive|Signior Dango has 30 seconds left.\n|\n|t:|1681697418\n|switch|p1a: Tyranitar|Tyranitar, L50, M, shiny|100\/100\n|-weather|Sandstorm|[from] ability: Sand Stream|[of] p1a: Tyranitar\n|-end|p1b: Iron Hands|Quark Drive|[silent]\n|switch|p1b: Gyarados|Gyarados, L50, F, shiny|100\/100\n|-ability|p1b: Gyarados|Intimidate|boost\n|-unboost|p2a: Ting-Lu|atk|1\n|-unboost|p2b: Iron Hands|atk|1\n|-end|p2b: Iron Hands|Quark Drive|[silent]\n|switch|p2b: Murkrow|Murkrow, L50, M|100\/100\n|move|p2a: Ting-Lu|Earthquake|p1a: Tyranitar|[spread] p1a\n|-immune|p2b: Murkrow\n|-immune|p1b: Gyarados\n|-supereffective|p1a: Tyranitar\n|-damage|p1a: Tyranitar|45\/100\n|-enditem|p1a: Tyranitar|Weakness Policy\n|-boost|p1a: Tyranitar|atk|2|[from] item: Weakness Policy\n|-boost|p1a: Tyranitar|spa|2|[from] item: Weakness Policy\n|\n|-weather|Sandstorm|[upkeep]\n|-damage|p2b: Murkrow|95\/100|[from] Sandstorm\n|upkeep\n|turn|4\n|\n|t:|1681697440\n|-terastallize|p1a: Tyranitar|Flying\n|move|p1b: Gyarados|Helping Hand|p1a: Tyranitar\n|-singleturn|p1a: Tyranitar|Helping Hand|[of] p1b: Gyarados\n|move|p2b: Murkrow|Sunny Day|p2b: Murkrow\n|-weather|SunnyDay\n|move|p1a: Tyranitar|Rock Slide|p2a: Ting-Lu|[spread] p2a,p2b\n|-resisted|p2a: Ting-Lu\n|-supereffective|p2b: Murkrow\n|-damage|p2a: Ting-Lu|74\/100\n|-damage|p2b: Murkrow|0 fnt\n|faint|p2b: Murkrow\n|move|p2a: Ting-Lu|Earthquake|p1a: Tyranitar|[spread] \n|-immune|p1a: Tyranitar\n|-immune|p1b: Gyarados\n|\n|-weather|SunnyDay|[upkeep]\n|-sideend|p2: Signior Dango|move: Tailwind\n|upkeep\n|\n|t:|1681697458\n|switch|p2b: Iron Hands|Iron Hands, L50|72\/100\n|turn|5\n|inactive|Emberbloom has 30 seconds left.\n|inactive|Emberbloom has 20 seconds left.\n|inactive|Signior Dango has 30 seconds left.\n|inactive|Signior Dango has 20 seconds left.\n|inactive|Signior Dango has 15 seconds left.\n|inactive|Signior Dango has 10 seconds left.\n|\n|t:|1681697522\n|switch|p1b: Corviknight|Corviknight, L50, M|24\/100\n|switch|p2a: Gyarados|Gyarados, L50, F|100\/100\n|-ability|p2a: Gyarados|Intimidate|boost\n|-unboost|p1a: Tyranitar|atk|1\n|-ability|p1b: Corviknight|Mirror Armor\n|-unboost|p2a: Gyarados|atk|1\n|move|p2b: Iron Hands|Fake Out|p1a: Tyranitar\n|-damage|p1a: Tyranitar|34\/100\n|cant|p1a: Tyranitar|flinch\n|\n|-weather|SunnyDay|[upkeep]\n|-sideend|p1: Emberbloom|move: Tailwind\n|upkeep\n|turn|6\n|inactive|Emberbloom has 30 seconds left.\n|inactive|Emberbloom has 20 seconds left.\n|inactive|Emberbloom has 15 seconds left.\n|\n|t:|1681697562\n|switch|p1b: Iron Hands|Iron Hands, L50|100\/100\n|switch|p2a: Ting-Lu|Ting-Lu, L50|74\/100\n|-ability|p2a: Ting-Lu|Vessel of Ruin\n|move|p1a: Tyranitar|Protect|p1a: Tyranitar\n|-singleturn|p1a: Tyranitar|Protect\n|move|p2b: Iron Hands|Wild Charge|p1a: Tyranitar\n|-activate|p1a: Tyranitar|move: Protect\n|\n|-weather|SunnyDay|[upkeep]\n|upkeep\n|turn|7\n|inactive|Signior Dango has 30 seconds left.\n|\n|t:|1681697596\n|-terastallize|p2b: Iron Hands|Flying\n|move|p1b: Iron Hands|Fake Out|p2b: Iron Hands\n|-damage|p2b: Iron Hands|61\/100\n|move|p1a: Tyranitar|Rock Slide|p2b: Iron Hands|[spread] p2b\n|-miss|p1a: Tyranitar|p2a: Ting-Lu\n|-supereffective|p2b: Iron Hands\n|-damage|p2b: Iron Hands|0 fnt\n|faint|p2b: Iron Hands\n|-end|p2b: Iron Hands|Quark Drive|[silent]\n|move|p2a: Ting-Lu|Earthquake|p1a: Tyranitar|[spread] p1b\n|-immune|p1a: Tyranitar\n|-supereffective|p1b: Iron Hands\n|-damage|p1b: Iron Hands|28\/100\n|\n|-weather|SunnyDay|[upkeep]\n|upkeep\n|\n|t:|1681697611\n|switch|p2b: Gyarados|Gyarados, L50, F|100\/100\n|-ability|p2b: Gyarados|Intimidate|boost\n|-unboost|p1a: Tyranitar|atk|1\n|-unboost|p1b: Iron Hands|atk|1\n|turn|8\n|-message|Signior Dango forfeited.\n|\n|win|Emberbloom\n|raw|Emberbloom's rating: 1517 → 1535<\/strong> (+18 for winning)\n|raw|Signior Dango's rating: 1477 → 1459<\/strong> (-18 for losing)\n|l|\u2606Signior Dango\n","uploadtime":1681697625,"views":11,"p1id":"emberbloom","p2id":"signiordango","formatid":"gen9vgc2023regulationc","rating":1459,"private":0,"password":""}