{"id":"gen9vgc2023regulationc-1849779825","p1":"BlindMagneton","p2":"MondayXyz","format":"[Gen 9] VGC 2023 Regulation C","log":"|j|\u2606BlindMagneton\n|j|\u2606MondayXyz\n|t:|1682250340\n|gametype|doubles\n|player|p1|BlindMagneton|wattson|1361\n|player|p2|MondayXyz|1|1338\n|teamsize|p1|6\n|teamsize|p2|6\n|gen|9\n|tier|[Gen 9] VGC 2023 Regulation C\n|rated|\n|rule|Species Clause: Limit one of each Pok\u00e9mon\n|rule|Item Clause: Limit one of each item\n|clearpoke\n|poke|p1|Scream Tail, L50|\n|poke|p1|Wo-Chien, L50|\n|poke|p1|Maushold, L50|\n|poke|p1|Grimmsnarl, L50, M|\n|poke|p1|Chien-Pao, L50|\n|poke|p1|Dragapult, L50, F|\n|poke|p2|Palafin, L50, M|\n|poke|p2|Glimmora, L50, M|\n|poke|p2|Flutter Mane, L50|\n|poke|p2|Arcanine, L50, M|\n|poke|p2|Ting-Lu, L50|\n|poke|p2|Amoonguss, L50, F|\n|teampreview|4\n|inactive|Battle timer is ON: inactive players will automatically lose when time's up. (requested by MondayXyz)\n|inactive|BlindMagneton has 60 seconds left.\n|inactive|MondayXyz has 60 seconds left.\n|inactive|MondayXyz has 30 seconds left.\n|\n|t:|1682250403\n|start\n|switch|p1a: Grimmsnarl|Grimmsnarl, L50, M|100\/100\n|switch|p1b: Dragapult|Dragapult, L50, F|100\/100\n|switch|p2a: Glimmora|Glimmora, L50, M|100\/100\n|switch|p2b: Arcanine|Arcanine, L50, M|100\/100\n|-ability|p2b: Arcanine|Intimidate|boost\n|-unboost|p1a: Grimmsnarl|atk|1\n|-fail|p1b: Dragapult|unboost|[from] ability: Clear Body|[of] p1b: Dragapult\n|turn|1\n|inactive|BlindMagneton has 30 seconds left.\n|inactive|MondayXyz has 30 seconds left.\n|inactive|BlindMagneton has 20 seconds left.\n|\n|t:|1682250440\n|switch|p2b: Amoonguss|Amoonguss, L50, F|100\/100\n|move|p1a: Grimmsnarl|Swagger|p2b: Amoonguss\n|-boost|p2b: Amoonguss|atk|2\n|-enditem|p1b: Dragapult|Mirror Herb\n|-boost|p1b: Dragapult|atk|2|[from] item: Mirror Herb\n|-start|p2b: Amoonguss|confusion\n|move|p1b: Dragapult|Phantom Force||[still]\n|-prepare|p1b: Dragapult|Phantom Force\n|move|p2a: Glimmora|Mortal Spin|p1a: Grimmsnarl|[spread] p1a\n|-miss|p2a: Glimmora|p1b: Dragapult\n|-supereffective|p1a: Grimmsnarl\n|-damage|p1a: Grimmsnarl|86\/100\n|-status|p1a: Grimmsnarl|psn\n|\n|-damage|p1a: Grimmsnarl|74\/100 psn|[from] psn\n|upkeep\n|turn|2\n|inactive|BlindMagneton has 30 seconds left.\n|inactive|MondayXyz has 30 seconds left.\n|inactive|BlindMagneton has 20 seconds left.\n|inactive|MondayXyz has 20 seconds left.\n|inactive|BlindMagneton has 15 seconds left.\n|inactive|MondayXyz has 15 seconds left.\n|\n|t:|1682250484\n|switch|p1a: Chien-Pao|Chien-Pao, L50|100\/100\n|-ability|p1a: Chien-Pao|Sword of Ruin\n|move|p1b: Dragapult|Phantom Force|p2a: Glimmora|[from]lockedmove\n|-enditem|p2a: Glimmora|Focus Sash\n|-damage|p2a: Glimmora|1\/100\n|-activate|p2a: Glimmora|ability: Toxic Debris\n|-sidestart|p1: BlindMagneton|move: Toxic Spikes\n|move|p2a: Glimmora|Power Gem|p1b: Dragapult\n|-damage|p1b: Dragapult|37\/100\n|-activate|p2b: Amoonguss|confusion\n|move|p2b: Amoonguss|Spore|p1b: Dragapult\n|-status|p1b: Dragapult|slp|[from] move: Spore\n|\n|upkeep\n|turn|3\n|inactive|BlindMagneton has 30 seconds left.\n|inactive|MondayXyz has 30 seconds left.\n|inactive|BlindMagneton has 20 seconds left.\n|inactive|BlindMagneton has 15 seconds left.\n|inactive|BlindMagneton has 10 seconds left.\n|inactive|BlindMagneton has 5 seconds left.\n|\n|t:|1682250535\n|switch|p1a: Grimmsnarl|Grimmsnarl, L50, M|74\/100 psn\n|switch|p2a: Arcanine|Arcanine, L50, M|100\/100\n|-ability|p2a: Arcanine|Intimidate|boost\n|-unboost|p1a: Grimmsnarl|atk|1\n|-fail|p1b: Dragapult|unboost|[from] ability: Clear Body|[of] p1b: Dragapult\n|-activate|p2b: Amoonguss|confusion\n|move|p2b: Amoonguss|Protect|p2b: Amoonguss\n|-singleturn|p2b: Amoonguss|Protect\n|cant|p1b: Dragapult|slp\n|\n|-damage|p1a: Grimmsnarl|62\/100 psn|[from] psn\n|upkeep\n|turn|4\n|inactive|MondayXyz has 30 seconds left.\n|\n|t:|1682250569\n|move|p1a: Grimmsnarl|Fake Out|p2a: Arcanine\n|-damage|p2a: Arcanine|91\/100\n|-activate|p2b: Amoonguss|confusion\n|move|p2b: Amoonguss|Rage Powder|p2b: Amoonguss\n|-singleturn|p2b: Amoonguss|move: Rage Powder\n|-curestatus|p1b: Dragapult|slp|[msg]\n|move|p1b: Dragapult|Acrobatics|p2b: Amoonguss\n|-supereffective|p2b: Amoonguss\n|-damage|p2b: Amoonguss|0 fnt\n|faint|p2b: Amoonguss\n|cant|p2a: Arcanine|flinch\n|\n|-damage|p1a: Grimmsnarl|50\/100 psn|[from] psn\n|upkeep\n|\n|t:|1682250583\n|switch|p2b: Glimmora|Glimmora, L50, M|1\/100\n|turn|5\n|\n|t:|1682250601\n|move|p1a: Grimmsnarl|Thunder Wave|p2a: Arcanine\n|-status|p2a: Arcanine|par\n|move|p1b: Dragapult|Dragon Darts|p2b: Glimmora\n|-damage|p2b: Glimmora|0 fnt\n|-activate|p2b: Glimmora|ability: Toxic Debris\n|-sidestart|p1: BlindMagneton|move: Toxic Spikes\n|-anim|p1b: Dragapult|Dragon Darts|p2a: Arcanine\n|-crit|p2a: Arcanine\n|-damage|p2a: Arcanine|22\/100 par\n|faint|p2b: Glimmora\n|move|p2a: Arcanine|Flare Blitz|p1b: Dragapult\n|-resisted|p1b: Dragapult\n|-damage|p1b: Dragapult|4\/100\n|-damage|p2a: Arcanine|13\/100 par|[from] Recoil\n|\n|-damage|p1a: Grimmsnarl|37\/100 psn|[from] psn\n|upkeep\n|\n|t:|1682250618\n|switch|p2b: Flutter Mane|Flutter Mane, L50|100\/100\n|-enditem|p2b: Flutter Mane|Booster Energy\n|-activate|p2b: Flutter Mane|ability: Protosynthesis|[fromitem]\n|-start|p2b: Flutter Mane|protosynthesisspa\n|turn|6\n|inactive|BlindMagneton has 30 seconds left.\n|\n|t:|1682250643\n|move|p2b: Flutter Mane|Protect|p2b: Flutter Mane\n|-singleturn|p2b: Flutter Mane|Protect\n|move|p1a: Grimmsnarl|Thunder Wave|p2b: Flutter Mane\n|-activate|p2b: Flutter Mane|move: Protect\n|move|p1b: Dragapult|Phantom Force||[still]\n|-prepare|p1b: Dragapult|Phantom Force\n|cant|p2a: Arcanine|par\n|\n|-damage|p1a: Grimmsnarl|25\/100 psn|[from] psn\n|upkeep\n|turn|7\n|\n|t:|1682250667\n|move|p1b: Dragapult|Phantom Force|p2b: Flutter Mane|[from]lockedmove\n|-supereffective|p2b: Flutter Mane\n|-damage|p2b: Flutter Mane|0 fnt\n|faint|p2b: Flutter Mane\n|-end|p2b: Flutter Mane|Protosynthesis|[silent]\n|move|p1a: Grimmsnarl|Drain Punch|p2a: Arcanine\n|-damage|p2a: Arcanine|0 fnt\n|-heal|p1a: Grimmsnarl|32\/100 psn|[from] drain|[of] p2a: Arcanine\n|faint|p2a: Arcanine\n|\n|win|BlindMagneton\n|raw|BlindMagneton's rating: 1361 → 1380<\/strong> (+19 for winning)\n|raw|MondayXyz's rating: 1338 → 1319<\/strong> (-19 for losing)\n|l|\u2606MondayXyz\n","uploadtime":1682250679,"views":15,"p1id":"blindmagneton","p2id":"mondayxyz","formatid":"gen9vgc2023regulationc","rating":1319,"private":0,"password":""}