{"id":"gen9vgc2023regulationc-1854336661","p1":"CyborgCrafter","p2":"Somerandoguylol","format":"[Gen 9] VGC 2023 Regulation C","log":"|j|\u2606CyborgCrafter\n|j|\u2606Somerandoguylol\n|t:|1682798516\n|gametype|doubles\n|player|p1|CyborgCrafter|hero2-conquest|\n|player|p2|Somerandoguylol|wallace|\n|teamsize|p1|6\n|teamsize|p2|6\n|gen|9\n|tier|[Gen 9] VGC 2023 Regulation C\n|rated|Tournament battle\n|rule|Species Clause: Limit one of each Pok\u00e9mon\n|rule|Item Clause: Limit one of each item\n|clearpoke\n|poke|p1|Flutter Mane, L50|\n|poke|p1|Iron Moth, L50|\n|poke|p1|Maushold, L50|\n|poke|p1|Annihilape, L50, M|\n|poke|p1|Amoonguss, L50, M|\n|poke|p1|Ting-Lu, L50|\n|poke|p2|Rabsca, L50, F|\n|poke|p2|Armarouge, L50, M|\n|poke|p2|Indeedee-F, L50, F|\n|poke|p2|Hatterene, L50, F|\n|poke|p2|Torkoal, L50, F|\n|poke|p2|Iron Hands, L50|\n|teampreview|4\n|raw| Open Team Sheet for CyborgCrafter<\/summary>Flagrende Manke (Flutter Mane) @ Life Orb Ability: Protosynthesis Level: 50 Tera Type: Fairy - Shadow Ball - Dazzling Gleam - Moonblast - Protect Jernm\u00f8ll (Iron Moth) @ Booster Energy Ability: Quark Drive Level: 50 Tera Type: Grass - Acid Spray - Overheat - Heat Wave - Protect Musehusholdning (Maushold) @ Safety Goggles Ability: Friend Guard Level: 50 Tera Type: Ghost - Beat Up - Super Fang - Follow Me - Protect Utsletteape (Annihilape) @ Leftovers Ability: Defiant Level: 50 Tera Type: Fire - Rage Fist - Drain Punch - Protect - Bulk Up Blantoss (Amoonguss) @ Rocky Helmet Ability: Regenerator Level: 50 Tera Type: Water - Protect - Spore - Rage Powder - Pollen Puff Hjort (Ting-Lu) @ Assault Vest Ability: Vessel of Ruin Level: 50 Tera Type: Poison - Fissure - Stomping Tantrum - Heavy Slam - Throat Chop <\/details><\/div> Open Team Sheet for Somerandoguylol<\/summary>bug will shine (Rabsca) @ Focus Sash Ability: Synchronize Level: 50 Tera Type: Steel - Revival Blessing - Psychic - Rest - Sleep Talk magicians red (Armarouge) @ Life Orb Ability: Flash Fire Level: 50 Tera Type: Psychic - Expanding Force - Armor Cannon - Protect - Trick Room f (Indeedee-F) (F) @ Psychic Seed Ability: Psychic Surge Level: 50 Tera Type: Fairy - Follow Me - Trick Room - Dazzling Gleam - Protect Hatt (Hatterene) (F) @ Aguav Berry Ability: Magic Bounce Level: 50 Tera Type: Steel - Trick Room - Protect - Dazzling Gleam - Heal Pulse Turtle (Torkoal) @ Charcoal Ability: Drought Level: 50 Tera Type: Fire - Eruption - Flamethrower - Earth Power - Protect Iron Hands @ Sitrus Berry Ability: Quark Drive Level: 50 Tera Type: Fighting - Wild Charge - Drain Punch - Fake Out - Protect <\/details><\/div>\n|inactive|Battle timer is ON: inactive players will automatically lose when time's up. (requested by CyborgCrafter)\n|c|\u2606CyborgCrafter|glhf\n|c|\u2606Somerandoguylol|u2\n|c|\u2606CyborgCrafter|rabsca :O\n|c|\u2606CyborgCrafter|rabsca\n|c|\u2606Somerandoguylol|yes mafumafusimp keeps making fun of it\n|c|\u2606CyborgCrafter|i agree\n|c|\u2606Somerandoguylol|im proving him wrong\n|inactive|Somerandoguylol has 60 seconds left.\n|c|\u2606CyborgCrafter|!dt rabsca\n|raw| (DUU)<\/span> <\/span> Rabsca<\/a><\/span> <\/span> Synchronize<\/span>Telepathy<\/em><\/span><\/span>HP<\/em> 75<\/span> Atk<\/em> 50<\/span> Def<\/em> 85<\/span> SpA<\/em> 115<\/span> SpD<\/em> 100<\/span> Spe<\/em> 45<\/span> BST 470<\/em><\/span> <\/span><\/li> <\/li><\/ul><\/div>\n|raw|Dex#:<\/font> 954 |  Gen:<\/font> 9 |  Height:<\/font> 0.3 m |  Weight:<\/font> 3.5 kg (20 BP)<\/em> |  Dex Colour:<\/font> Green |  Egg Group(s):<\/font> Bug |  Does Not Evolve<\/font><\/font>\n\n|c|\u2606CyborgCrafter|!weakness rabsca\n|c| CyborgCrafter|\/raw Rabsca (ignoring abilities): Weaknesses<\/span>: Bug, Dark, Fire, Flying, Ghost, Rock Resistances<\/span>: Fighting<\/b>, Grass, Ground, Psychic Immunities<\/span>: None<\/font><\/div>\n|inactive|Somerandoguylol has 30 seconds left.\n|\n|t:|1682798584\n|start\n|switch|p1a: Musehusholdning|Maushold, L50|100\/100\n|switch|p1b: Utsletteape|Annihilape, L50, M|100\/100\n|switch|p2a: magicians red|Armarouge, L50, M|100\/100\n|switch|p2b: f|Indeedee-F, L50, F|100\/100\n|-fieldstart|move: Psychic Terrain|[from] ability: Psychic Surge|[of] p2b: f\n|-enditem|p2b: f|Psychic Seed\n|-boost|p2b: f|spd|1|[from] item: Psychic Seed\n|turn|1\n|inactive|CyborgCrafter has 30 seconds left.\n|\n|t:|1682798615\n|switch|p1b: Hjort|Ting-Lu, L50|100\/100\n|-ability|p1b: Hjort|Vessel of Ruin\n|move|p2b: f|Follow Me|p2b: f\n|-singleturn|p2b: f|move: Follow Me\n|move|p1a: Musehusholdning|Super Fang|p2b: f\n|-damage|p2b: f|51\/100\n|move|p2a: magicians red|Trick Room|p2a: magicians red\n|-fieldstart|move: Trick Room|[of] p2a: magicians red\n|\n|upkeep\n|turn|2\n|\n|t:|1682798630\n|move|p2a: magicians red|Protect|p2a: magicians red\n|-singleturn|p2a: magicians red|Protect\n|move|p1a: Musehusholdning|Protect|p1a: Musehusholdning\n|-singleturn|p1a: Musehusholdning|Protect\n|move|p1b: Hjort|Throat Chop|p2a: magicians red\n|-activate|p2a: magicians red|move: Protect\n|move|p2b: f|Dazzling Gleam|p1a: Musehusholdning|[spread] p1b\n|-activate|p1a: Musehusholdning|move: Protect\n|-supereffective|p1b: Hjort\n|-damage|p1b: Hjort|92\/100\n|\n|upkeep\n|turn|3\n|c|\u2606CyborgCrafter|8%\n|c|\u2606CyborgCrafter|smh\n|\n|t:|1682798655\n|move|p2b: f|Follow Me|p2b: f\n|-singleturn|p2b: f|move: Follow Me\n|move|p1b: Hjort|Throat Chop|p2b: f\n|-supereffective|p2b: f\n|-damage|p2b: f|0 fnt\n|faint|p2b: f\n|move|p2a: magicians red|Armor Cannon|p1b: Hjort\n|-damage|p1b: Hjort|68\/100\n|-unboost|p2a: magicians red|def|1\n|-unboost|p2a: magicians red|spd|1\n|-damage|p2a: magicians red|91\/100|[from] item: Life Orb\n|move|p1a: Musehusholdning|Beat Up|p2a: magicians red\n|-supereffective|p2a: magicians red\n|-damage|p2a: magicians red|85\/100\n|-supereffective|p2a: magicians red\n|-damage|p2a: magicians red|79\/100\n|-supereffective|p2a: magicians red\n|-damage|p2a: magicians red|71\/100\n|-supereffective|p2a: magicians red\n|-damage|p2a: magicians red|64\/100\n|-hitcount|p2a: magicians red|4\n|\n|upkeep\n|\n|t:|1682798660\n|switch|p2b: Turtle|Torkoal, L50, F|100\/100\n|-weather|SunnyDay|[from] ability: Drought|[of] p2b: Turtle\n|turn|4\n|c|\u2606CyborgCrafter|tanky\n|c|\u2606CyborgCrafter|:>\n|\n|t:|1682798673\n|-terastallize|p2b: Turtle|Fire\n|move|p1a: Musehusholdning|Protect|p1a: Musehusholdning\n|-singleturn|p1a: Musehusholdning|Protect\n|move|p2b: Turtle|Eruption|p1b: Hjort|[spread] p1b\n|-activate|p1a: Musehusholdning|move: Protect\n|-damage|p1b: Hjort|33\/100\n|move|p1b: Hjort|Stomping Tantrum|p2b: Turtle\n|-supereffective|p2b: Turtle\n|-crit|p2b: Turtle\n|-damage|p2b: Turtle|10\/100\n|move|p2a: magicians red|Armor Cannon|p1b: Hjort\n|-damage|p1b: Hjort|0 fnt\n|-unboost|p2a: magicians red|def|1\n|-unboost|p2a: magicians red|spd|1\n|faint|p1b: Hjort\n|-damage|p2a: magicians red|55\/100|[from] item: Life Orb\n|\n|-weather|SunnyDay|[upkeep]\n|upkeep\n|c|\u2606CyborgCrafter|ofc\n|c|\u2606Somerandoguylol|crit\u2026\n|\n|t:|1682798689\n|switch|p1b: Blantoss|Amoonguss, L50, M|100\/100\n|turn|5\n|c|\u2606Somerandoguylol|man my luck sucks\n|\n|t:|1682798714\n|-terastallize|p1b: Blantoss|Water\n|move|p2b: Turtle|Flamethrower|p1b: Blantoss\n|-resisted|p1b: Blantoss\n|-damage|p1b: Blantoss|70\/100\n|move|p1b: Blantoss|Spore|p2a: magicians red\n|-status|p2a: magicians red|slp|[from] move: Spore\n|cant|p2a: magicians red|slp\n|move|p1a: Musehusholdning|Beat Up|p2b: Turtle\n|-damage|p2b: Turtle|8\/100\n|-damage|p2b: Turtle|7\/100\n|-damage|p2b: Turtle|4\/100\n|-hitcount|p2b: Turtle|3\n|\n|-weather|SunnyDay|[upkeep]\n|-fieldend|move: Trick Room\n|-fieldend|move: Psychic Terrain\n|upkeep\n|turn|6\n|c|\u2606Somerandoguylol|I have only one win condition\n|c|\u2606CyborgCrafter|tanky\n|\n|t:|1682798733\n|cant|p2a: magicians red|slp\n|move|p2b: Turtle|Protect|p2b: Turtle\n|-singleturn|p2b: Turtle|Protect\n|move|p1a: Musehusholdning|Beat Up|p2b: Turtle\n|-activate|p2b: Turtle|move: Protect\n|move|p1b: Blantoss|Pollen Puff|p2a: magicians red\n|-crit|p2a: magicians red\n|-damage|p2a: magicians red|5\/100 slp\n|\n|-weather|SunnyDay|[upkeep]\n|upkeep\n|turn|7\n|c|\u2606CyborgCrafter|LOLOLOL\n|c|\u2606Somerandoguylol|bro\u2026\n|\n|t:|1682798757\n|cant|p2a: magicians red|slp\n|move|p2b: Turtle|Protect||[still]\n|-fail|p2b: Turtle\n|move|p1a: Musehusholdning|Beat Up|p2b: Turtle\n|-damage|p2b: Turtle|2\/100\n|-damage|p2b: Turtle|0 fnt\n|faint|p2b: Turtle\n|-hitcount|p2: Turtle|2\n|move|p1b: Blantoss|Pollen Puff|p2a: magicians red\n|-damage|p2a: magicians red|0 fnt\n|faint|p2a: magicians red\n|\n|-weather|SunnyDay|[upkeep]\n|upkeep\n|\n|t:|1682798763\n|switch|p2b: bug will shine|Rabsca, L50, F|100\/100\n|turn|8\n|c|\u2606CyborgCrafter|doom shroom\n|c|\u2606CyborgCrafter|why does that thing have revival blesing\n|inactive|CyborgCrafter has 30 seconds left.\n|\n|t:|1682798792\n|move|p1a: Musehusholdning|Super Fang|p2b: bug will shine\n|-damage|p2b: bug will shine|50\/100\n|move|p2b: bug will shine|Revival Blessing|p2b: bug will shine\n|c|\u2606CyborgCrafter|._.\n|c|\u2606Somerandoguylol|hmm now who\n|inactive|Somerandoguylol has 30 seconds left.\n|c|\u2606CyborgCrafter|get stalled\n|\n|t:|1682798820\n|-heal|p2: magicians red|50\/100|[from] move: Revival Blessing\n|switch|p2a: magicians red|Armarouge, L50, M|50\/100\n|move|p1b: Blantoss|Spore|p2b: bug will shine\n|-status|p2b: bug will shine|slp|[from] move: Spore\n|\n|-weather|none\n|upkeep\n|turn|9\n|c|\u2606CyborgCrafter|magician's red\n|c|\u2606CyborgCrafter|:>\n|c|\u2606Somerandoguylol|crossfire hurricane\n|c|\u2606Somerandoguylol|WAIT\n|inactive|CyborgCrafter has 30 seconds left.\n|inactive|Somerandoguylol has 30 seconds left.\n|c|\u2606Somerandoguylol|ok yeah I can win\n|c|\u2606CyborgCrafter|wat\n|c|\u2606CyborgCrafter|how\n|\n|t:|1682798852\n|move|p1a: Musehusholdning|Protect|p1a: Musehusholdning\n|-singleturn|p1a: Musehusholdning|Protect\n|move|p2a: magicians red|Protect|p2a: magicians red\n|-singleturn|p2a: magicians red|Protect\n|cant|p2b: bug will shine|slp\n|move|p2b: bug will shine|Sleep Talk|p2b: bug will shine\n|move|p2b: bug will shine|Revival Blessing|p2b: bug will shine|[from]move: Sleep Talk\n|c|\u2606CyborgCrafter|BRUHHH\n|c|\u2606CyborgCrafter|HEH???\n|c|\u2606Somerandoguylol|YES\n|c|\u2606CyborgCrafter|HEH\n|\n|t:|1682798866\n|-heal|p2: f|50\/100|[from] move: Revival Blessing\n|move|p1b: Blantoss|Spore|p2a: magicians red\n|-activate|p2a: magicians red|move: Protect\n|\n|upkeep\n|turn|10\n|c|\u2606CyborgCrafter|WAT\n|c|\u2606CyborgCrafter|wth\n|c|\u2606CyborgCrafter|omg\n|c|\u2606CyborgCrafter|that thing\n|c|\u2606CyborgCrafter|is insane\n|c|\u2606Somerandoguylol|I\u2019m back into the game\n|inactive|Somerandoguylol has 30 seconds left.\n|\n|t:|1682798898\n|switch|p2b: f|Indeedee-F, L50, F|50\/100\n|-fieldstart|move: Psychic Terrain|[from] ability: Psychic Surge|[of] p2b: f\n|move|p1a: Musehusholdning|Super Fang|p2b: f\n|-damage|p2b: f|25\/100\n|move|p2a: magicians red|Expanding Force|p1b: Blantoss|[spread] p1a,p1b\n|-damage|p1a: Musehusholdning|0 fnt\n|-damage|p1b: Blantoss|24\/100\n|faint|p1a: Musehusholdning\n|-damage|p2a: magicians red|41\/100|[from] item: Life Orb\n|move|p1b: Blantoss|Pollen Puff|p2b: f\n|-supereffective|p2b: f\n|-damage|p2b: f|0 fnt\n|faint|p2b: f\n|\n|upkeep\n|j| Bakonlikescufant\n|c|\u2606CyborgCrafter|:>\n|\n|t:|1682798906\n|switch|p1a: Utsletteape|Annihilape, L50, M|100\/100\n|switch|p2b: bug will shine|Rabsca, L50, F|50\/100 slp\n|turn|11\n|c|\u2606CyborgCrafter|haha\n|j| vgcdancer\n|c|\u2606CyborgCrafter|gg\n|\n|t:|1682798920\n|move|p2a: magicians red|Protect|p2a: magicians red\n|-singleturn|p2a: magicians red|Protect\n|move|p1b: Blantoss|Rage Powder|p1b: Blantoss\n|-singleturn|p1b: Blantoss|move: Rage Powder\n|move|p1a: Utsletteape|Rage Fist|p2b: bug will shine\n|-supereffective|p2b: bug will shine\n|-damage|p2b: bug will shine|3\/100 slp\n|-curestatus|p2b: bug will shine|slp|[msg]\n|move|p2b: bug will shine|Sleep Talk||[still]\n|-fail|p2b: bug will shine\n|\n|upkeep\n|turn|12\n|c|\u2606CyborgCrafter|phew\n|c|\u2606CyborgCrafter|close\n|c|\u2606CyborgCrafter|no revival for you\n|c|\u2606Somerandoguylol|unlickiest 1 turn sleep\n|inactive|CyborgCrafter has 30 seconds left.\n|inactive|Somerandoguylol has 30 seconds left.\n|c|\u2606Somerandoguylol|luck is against me lol\n|inactive|Somerandoguylol has 20 seconds left.\n|inactive|Somerandoguylol has 15 seconds left.\n|\n|t:|1682798961\n|move|p1b: Blantoss|Rage Powder|p1b: Blantoss\n|-singleturn|p1b: Blantoss|move: Rage Powder\n|move|p1a: Utsletteape|Rage Fist|p2a: magicians red\n|-supereffective|p2a: magicians red\n|-damage|p2a: magicians red|0 fnt\n|faint|p2a: magicians red\n|move|p2b: bug will shine|Rest|p2b: bug will shine\n|-status|p2b: bug will shine|slp|[from] move: Rest\n|-heal|p2b: bug will shine|100\/100 slp|[silent]\n|\n|upkeep\n|turn|13\n|c|\u2606CyborgCrafter|bruhhh\n|c|\u2606Somerandoguylol|night\n|c|\u2606CyborgCrafter|i see the strat\n|\n|t:|1682798975\n|move|p1a: Utsletteape|Bulk Up|p1a: Utsletteape\n|-boost|p1a: Utsletteape|atk|1\n|-boost|p1a: Utsletteape|def|1\n|cant|p2b: bug will shine|slp\n|move|p2b: bug will shine|Sleep Talk|p2b: bug will shine\n|move|p2b: bug will shine|Revival Blessing|p2b: bug will shine|[from]move: Sleep Talk\n|c|\u2606CyborgCrafter|ofc\n|\n|t:|1682798978\n|-heal|p2: magicians red|50\/100|[from] move: Revival Blessing\n|switch|p2a: magicians red|Armarouge, L50, M|50\/100\n|move|p1b: Blantoss|Pollen Puff|p2b: bug will shine\n|-supereffective|p2b: bug will shine\n|-damage|p2b: bug will shine|73\/100 slp\n|\n|upkeep\n|turn|14\n|c|\u2606CyborgCrafter|OFC\n|c|\u2606Somerandoguylol|I\u2019m back\n|c|\u2606CyborgCrafter|BRUHHH\n|c|\u2606Somerandoguylol|told ya bug is op\n|\n|t:|1682798997\n|move|p1b: Blantoss|Rage Powder|p1b: Blantoss\n|-singleturn|p1b: Blantoss|move: Rage Powder\n|move|p1a: Utsletteape|Rage Fist|p2b: bug will shine\n|-supereffective|p2b: bug will shine\n|-damage|p2b: bug will shine|0 fnt\n|faint|p2b: bug will shine\n|move|p2a: magicians red|Expanding Force|p1a: Utsletteape|[spread] p1a,p1b\n|-supereffective|p1a: Utsletteape\n|-damage|p1a: Utsletteape|0 fnt\n|-damage|p1b: Blantoss|0 fnt\n|faint|p1a: Utsletteape\n|faint|p1b: Blantoss\n|-damage|p2a: magicians red|41\/100|[from] item: Life Orb\n|\n|win|Somerandoguylol\n|n|\u2606CyborgCrafter|cyborgcrafter\n|n|\u2606Somerandoguylol|somerandoguylol\n|n| Bakonlikescufant|bakonlikescufant\n|n| vgcdancer|vgcdancer\n|c|\u2606CyborgCrafter|it is indeed\n|j| Benassiesto\n|c|\u2606CyborgCrafter|WAT\n|c|\u2606Somerandoguylol|gg\n|c|\u2606CyborgCrafter|forgot about that lol\n|l|\u2606Somerandoguylol\n|c|\u2606CyborgCrafter|should have attacked magician's red\n|l|\u2606CyborgCrafter\n|l| Benassiesto\n|j| Benassiesto\n|l| Benassiesto\n|j|\u2606Somerandoguylol\n|player|p2|Somerandoguylol|wallace\n|l| Bakonlikescufant\n|l| vgcdancer\n|j| swordsdancebrurr\n|n| Immscool|somerandoguylol\n|n| Immsocool|immscool\n|n|\u2606Somerandoguylol|immsocool\n|l| swordsdancebrurr\n|l|\u2606Somerandoguylol\n|player|p2|\n|j|\u2606Somerandoguylol\n|player|p2|Somerandoguylol|wallace\n","uploadtime":1682800067,"views":18,"p1id":"cyborgcrafter","p2id":"somerandoguylol","formatid":"gen9vgc2023regulationc","rating":0,"private":0,"password":""}