{"id":"gen9vgc2023regulationc-1854359396","p1":"Agitativ40","p2":"Slimeks","format":"[Gen 9] VGC 2023 Regulation C","log":"|j|\u2606Agitativ40\n|j|\u2606Slimeks\n|t:|1682801172\n|gametype|doubles\n|player|p1|Agitativ40|ethan-masters|\n|player|p2|Slimeks|hugh|\n|teamsize|p1|6\n|teamsize|p2|6\n|gen|9\n|tier|[Gen 9] VGC 2023 Regulation C\n|rule|Species Clause: Limit one of each Pok\u00e9mon\n|rule|Item Clause: Limit one of each item\n|clearpoke\n|poke|p1|Palafin, L50, M|\n|poke|p1|Iron Hands, L50|\n|poke|p1|Chien-Pao, L50|\n|poke|p1|Dragonite, L50, F|\n|poke|p1|Gholdengo, L50|\n|poke|p1|Amoonguss, L50, M|\n|poke|p2|Palafin, L50, M|\n|poke|p2|Flutter Mane, L50|\n|poke|p2|Ting-Lu, L50|\n|poke|p2|Iron Hands, L50|\n|poke|p2|Arcanine, L50, F|\n|poke|p2|Amoonguss, L50, F|\n|teampreview|4\nSlimeks has agreed to open team sheets.\nAgitativ40 has agreed to open team sheets.\n|j| JonatanGM\n|j| fifier\n|j| Mathias6483\n|\n|t:|1682801213\n|start\n|switch|p1a: Dragonite|Dragonite, L50, F|100\/100\n|switch|p1b: Iron Hands|Iron Hands, L50|100\/100\n|switch|p2a: All Might|Palafin, L50, M|100\/100\n|switch|p2b: Toad|Amoonguss, L50, F|100\/100\n|turn|1\n|c| JonatanGM|No hace falta salir y entrar no? si le dan a revancha\n|l| Mathias6483\n|\n|t:|1682801240\n|detailschange|p2a: All Might|Palafin-Hero, L50, M\n|switch|p2a: Sam|Arcanine, L50, F|100\/100\n|-ability|p2a: Sam|Intimidate|boost\n|-fail|p1a: Dragonite|unboost|Attack|[from] ability: Inner Focus|[of] p1a: Dragonite\n|-unboost|p1b: Iron Hands|atk|1\n|move|p1a: Dragonite|Substitute|p1a: Dragonite\n|-start|p1a: Dragonite|Substitute\n|-damage|p1a: Dragonite|76\/100\n|move|p1b: Iron Hands|Volt Switch|p2a: Sam\n|-damage|p2a: Sam|86\/100\n|c| fifier|Eso los saca\n|\n|t:|1682801251\n|-end|p1b: Iron Hands|Quark Drive|[silent]\n|switch|p1b: Amoonguss|Amoonguss, L50, M|100\/100|[from] Volt Switch\n|move|p2b: Toad|Spore|p1b: Amoonguss\n|-immune|p1b: Amoonguss\n|\n|upkeep\n|turn|2\n|j| NicolasMartin\n|j| gabsalma\n|c| JonatanGM|yo lo hacia con marcos\n|\n|t:|1682801268\n|switch|p2b: All Might|Palafin-Hero, L50, M|100\/100\n|-activate|p2b: All Might|ability: Zero to Hero\n|move|p1b: Amoonguss|Protect|p1b: Amoonguss\n|-singleturn|p1b: Amoonguss|Protect\n|move|p2a: Sam|Flare Blitz|p1b: Amoonguss\n|-activate|p1b: Amoonguss|move: Protect\n|move|p1a: Dragonite|Dragon Dance|p1a: Dragonite\n|-boost|p1a: Dragonite|atk|1\n|-boost|p1a: Dragonite|spe|1\n|\n|upkeep\n|turn|3\n|c| gabsalma|reportamos que awita quiere ganar cueste lo que cuestw\n|c| JonatanGM|dragonite dangerous\n|c| fifier|Awita?\n|l| NicolasMartin\n|\n|t:|1682801316\n|switch|p2a: Toad|Amoonguss, L50, F|100\/100\n|move|p2b: All Might|Protect|p2b: All Might\n|-singleturn|p2b: All Might|Protect\n|move|p1b: Amoonguss|Rage Powder|p1b: Amoonguss\n|-singleturn|p1b: Amoonguss|move: Rage Powder\n|move|p1a: Dragonite|Dragon Dance|p1a: Dragonite\n|-boost|p1a: Dragonite|atk|1\n|-boost|p1a: Dragonite|spe|1\n|\n|upkeep\n|turn|4\n|c| gabsalma|awita de lim\u00f3n?\n|j| TreckZoro\n|c| JonatanGM|de coco\n|c| JonatanGM|awita de coco\n|c| gabsalma|pizza con pi\u00f1a\n|j| XMarcosPr710\n|c| JonatanGM|te mato\n|c| fifier|Asco\n|\n|t:|1682801345\n|switch|p1b: Chien-Pao|Chien-Pao, L50|100\/100\n|-ability|p1b: Chien-Pao|Sword of Ruin\n|move|p1a: Dragonite|Extreme Speed|p2b: All Might\n|-damage|p2b: All Might|26\/100\n|move|p2a: Toad|Rage Powder|p2a: Toad\n|-singleturn|p2a: Toad|move: Rage Powder\n|move|p2b: All Might|Haze|p2b: All Might\n|-clearallboost\n|\n|upkeep\n|turn|5\n|l| fifier\n|\n|t:|1682801376\n|switch|p2b: Banshee|Flutter Mane, L50|100\/100\n|-enditem|p2b: Banshee|Booster Energy\n|-activate|p2b: Banshee|ability: Protosynthesis|[fromitem]\n|-start|p2b: Banshee|protosynthesisspa\n|move|p1b: Chien-Pao|Protect|p1b: Chien-Pao\n|-singleturn|p1b: Chien-Pao|Protect\n|move|p1a: Dragonite|Extreme Speed|p2b: Banshee\n|-immune|p2b: Banshee\n|move|p2a: Toad|Spore|p1b: Chien-Pao\n|-activate|p1b: Chien-Pao|move: Protect\n|\n|upkeep\n|turn|6\n|c| XMarcosPr710|aguita refresKante\n|j| fifier\n|c| JonatanGM|sois todos spora enjojer?\n|c| TreckZoro|sisoy\n|c| gabsalma|quien lo esperaba all might puese usar haze\n|c| JonatanGM|dios\n|c| XMarcosPr710|SUS enjoyer\n|\n|t:|1682801430\n|-end|p2b: Banshee|Protosynthesis|[silent]\n|switch|p2b: Sam|Arcanine, L50, F|86\/100\n|-ability|p2b: Sam|Intimidate|boost\n|-immune|p1a: Dragonite\n|-unboost|p1b: Chien-Pao|atk|1\n|-terastallize|p1a: Dragonite|Steel\n|move|p1b: Chien-Pao|Ice Spinner|p2a: Toad\n|-supereffective|p2a: Toad\n|-damage|p2a: Toad|39\/100\n|-enditem|p2a: Toad|Sitrus Berry|[eat]\n|-heal|p2a: Toad|64\/100|[from] item: Sitrus Berry\n|move|p1a: Dragonite|Dragon Dance|p1a: Dragonite\n|-boost|p1a: Dragonite|atk|1\n|-boost|p1a: Dragonite|spe|1\n|move|p2a: Toad|Pollen Puff|p2b: Sam\n|-heal|p2b: Sam|100\/100\n|\n|upkeep\n|turn|7\n|c|\u2606Slimeks|acabo de ver el inner focus xd\n|c| JonatanGM|+1\n|c| XMarcosPr710|a bueno\n|\n|t:|1682801468\n|switch|p1b: Iron Hands|Iron Hands, L50|100\/100\n|move|p2a: Toad|Protect|p2a: Toad\n|-singleturn|p2a: Toad|Protect\n|move|p1a: Dragonite|Iron Head|p2a: Toad\n|-activate|p2a: Toad|move: Protect\n|move|p2b: Sam|Will-O-Wisp|p1b: Iron Hands\n|-status|p1b: Iron Hands|brn\n|\n|-damage|p1b: Iron Hands|95\/100 brn|[from] brn\n|upkeep\n|turn|8\n|c| XMarcosPr710|pensaba que era multiscale xd\n|l| fifier\n|c|\u2606Agitativ40|Multiscale con substitute, muy l\u00f3gico\n|c| gabsalma|awita usa cosas raras\n|c| XMarcosPr710|ya\n|\n|t:|1682801502\n|move|p1b: Iron Hands|Fake Out|p2b: Sam\n|-damage|p2b: Sam|93\/100\n|move|p2a: Toad|Rage Powder|p2a: Toad\n|-singleturn|p2a: Toad|move: Rage Powder\n|move|p1a: Dragonite|Dragon Dance|p1a: Dragonite\n|-boost|p1a: Dragonite|atk|1\n|-boost|p1a: Dragonite|spe|1\n|cant|p2b: Sam|flinch\n|\n|-damage|p1b: Iron Hands|89\/100 brn|[from] brn\n|upkeep\n|turn|9\n|\n|t:|1682801531\n|switch|p2b: All Might|Palafin-Hero, L50, M|26\/100\n|move|p1a: Dragonite|Iron Head|p2a: Toad\n|-crit|p2a: Toad\n|-damage|p2a: Toad|0 fnt\n|faint|p2a: Toad\n|move|p1b: Iron Hands|Wild Charge|p2b: All Might\n|-supereffective|p2b: All Might\n|-damage|p2b: All Might|0 fnt\n|faint|p2b: All Might\n|-damage|p1b: Iron Hands|83\/100 brn|[from] Recoil\n|\n|-damage|p1b: Iron Hands|77\/100 brn|[from] brn\n|upkeep\n|c| JonatanGM|f\n|\n|t:|1682801544\n|switch|p2b: Sam|Arcanine, L50, F|93\/100\n|switch|p2a: Banshee|Flutter Mane, L50|100\/100\n|-ability|p2b: Sam|Intimidate|boost\n|-immune|p1a: Dragonite\n|-unboost|p1b: Iron Hands|atk|1\n|turn|10\n|j| fifier\n|c| TreckZoro|Complicado\n|c|\u2606Agitativ40|Despu\u00e9s de este tendr\u00e9 que ir a comer, as\u00ed que se har\u00e1 una peque\u00f1a pausa\n|\n|t:|1682801557\n|move|p1a: Dragonite|Iron Head|p2a: Banshee\n|-supereffective|p2a: Banshee\n|-damage|p2a: Banshee|0 fnt\n|faint|p2a: Banshee\n|-end|p2a: Banshee|Protosynthesis|[silent]\n|move|p2b: Sam|Flare Blitz|p1a: Dragonite\n|-supereffective|p1a: Dragonite\n|-end|p1a: Dragonite|Substitute\n|-damage|p2b: Sam|85\/100|[from] Recoil|[of] p1a: Dragonite\n|move|p1b: Iron Hands|Volt Switch|p2b: Sam\n|-damage|p2b: Sam|71\/100\n|c| JonatanGM|bua el ferro palmas\n|c| JonatanGM|para raids que abuso antes\n|c| TreckZoro|Agi estoy yo si quieres\n|c| TreckZoro|Para darte los results\n|\n|t:|1682801571\n|-end|p1b: Iron Hands|Quark Drive|[silent]\n|switch|p1b: Chien-Pao|Chien-Pao, L50|100\/100|[from] Volt Switch\n|-ability|p1b: Chien-Pao|Sword of Ruin\n|\n|upkeep\n|turn|11\n|c|\u2606Agitativ40|Los resultados de mi combate?\n|\n|t:|1682801579\n|move|p1a: Dragonite|Extreme Speed|p2b: Sam\n|-damage|p2b: Sam|0 fnt\n|faint|p2b: Sam\n|\n|win|Agitativ40\n|c| TreckZoro|Los de los siguientes\n|c|\u2606Agitativ40|gg\n|c| TreckZoro|Asi puedes ir a comer tranquilo\n|c|\u2606Slimeks|gg\n|l|\u2606Slimeks\n|c| gabsalma|gg\n|c| fifier|tremendo\n|c|\u2606Agitativ40|Intentar\u00e9 apurarme, en un momento seguimos\n","uploadtime":1682801599,"views":15,"p1id":"agitativ40","p2id":"slimeks","formatid":"gen9vgc2023regulationc","rating":0,"private":0,"password":""}