{"id":"gen9vgc2023regulationc-1863923876","p1":"Tay23","p2":"Memebasedgod","format":"[Gen 9] VGC 2023 Regulation C","log":"|j|\u2606Tay23\n|j|\u2606Memebasedgod\n|t:|1684093841\n|gametype|doubles\n|player|p1|Tay23|n|\n|player|p2|Memebasedgod|ash|\n|teamsize|p1|6\n|teamsize|p2|6\n|gen|9\n|tier|[Gen 9] VGC 2023 Regulation C\n|rule|Species Clause: Limit one of each Pok\u00e9mon\n|rule|Item Clause: Limit one of each item\n|clearpoke\n|poke|p1|Iron Treads, L50|\n|poke|p1|Eelektross, L50, M|\n|poke|p1|Tauros-Paldea-Blaze, L50, M|\n|poke|p1|Florges-White, L50, F|\n|poke|p1|Meditite, L50, M|\n|poke|p1|Salamence, L50, M|\n|poke|p2|Arcanine, L50, M|\n|poke|p2|Ting-Lu, L50|\n|poke|p2|Gengar, L50, M|\n|poke|p2|Bronzong, L50|\n|poke|p2|Braviary, L50, M|\n|poke|p2|Noivern, L50, M|\n|teampreview|4\n|c|\u2606Memebasedgod|g2\n|j| Toronto 6ix\n|c|\u2606Memebasedgod|glhf\n|c|\u2606Tay23|glhf\n|\n|t:|1684094365\n|start\n|switch|p1a: Tauros|Tauros-Paldea-Blaze, L50, M|100\/100\n|switch|p1b: Salamence|Salamence, L50, M|100\/100\n|switch|p2a: Mistah J|Gengar, L50, M|100\/100\n|switch|p2b: Count Von Count|Noivern, L50, M|100\/100\n|-ability|p1a: Tauros|Intimidate|boost\n|-unboost|p2a: Mistah J|atk|1\n|-unboost|p2b: Count Von Count|atk|1\n|-item|p1a: Tauros|Choice Scarf|[from] ability: Frisk|[of] p2b: Count Von Count|[identify]\n|-item|p1b: Salamence|Clear Amulet|[from] ability: Frisk|[of] p2b: Count Von Count|[identify]\n|-ability|p1b: Salamence|Intimidate|boost\n|-unboost|p2a: Mistah J|atk|1\n|-unboost|p2b: Count Von Count|atk|1\n|turn|1\n|\n|t:|1684094441\n|move|p1b: Salamence|Protect|p1b: Salamence\n|-singleturn|p1b: Salamence|Protect\n|move|p1a: Tauros|Rock Slide|p2b: Count Von Count|[spread] p2a,p2b\n|-supereffective|p2b: Count Von Count\n|-damage|p2a: Mistah J|66\/100\n|-damage|p2b: Count Von Count|45\/100\n|move|p2b: Count Von Count|Draco Meteor|p1b: Salamence\n|-activate|p1b: Salamence|move: Protect\n|cant|p2a: Mistah J|flinch\n|\n|upkeep\n|turn|2\n|\n|t:|1684094469\n|move|p1a: Tauros|Rock Slide|p2a: Mistah J|[spread] p2a,p2b\n|-supereffective|p2b: Count Von Count\n|-damage|p2a: Mistah J|26\/100\n|-damage|p2b: Count Von Count|0 fnt\n|-start|p1a: Tauros|Disable|Rock Slide|[from] ability: Cursed Body|[of] p2a: Mistah J\n|faint|p2b: Count Von Count\n|move|p2a: Mistah J|Shadow Ball|p1a: Tauros\n|-damage|p1a: Tauros|48\/100\n|move|p1b: Salamence|Dual Wingbeat|p2a: Mistah J|[miss]\n|-miss|p1b: Salamence|p2a: Mistah J\n|\n|upkeep\n|\n|t:|1684094493\n|switch|p2b: Vin Diesel|Ting-Lu, L50|100\/100\n|-ability|p2b: Vin Diesel|Vessel of Ruin\n|turn|3\n|\n|t:|1684094533\n|switch|p1a: Meditite|Meditite, L50, M|100\/100\n|move|p1b: Salamence|Protect|p1b: Salamence\n|-singleturn|p1b: Salamence|Protect\n|move|p2a: Mistah J|Shadow Ball|p1a: Meditite\n|-supereffective|p1a: Meditite\n|-enditem|p1a: Meditite|Focus Sash\n|-damage|p1a: Meditite|1\/100\n|move|p2b: Vin Diesel|Rock Slide|p1a: Meditite|[spread] p1a\n|-activate|p1b: Salamence|move: Protect\n|-resisted|p1a: Meditite\n|-damage|p1a: Meditite|0 fnt\n|faint|p1a: Meditite\n|\n|upkeep\n|\n|t:|1684094546\n|switch|p1a: Tauros|Tauros-Paldea-Blaze, L50, M|48\/100\n|-ability|p1a: Tauros|Intimidate|boost\n|-unboost|p2a: Mistah J|atk|1\n|-unboost|p2b: Vin Diesel|atk|1\n|turn|4\n|\n|t:|1684094639\n|switch|p2b: Gravity Bong|Bronzong, L50|100\/100\n|move|p1a: Tauros|Flare Blitz|p2a: Mistah J\n|-damage|p2a: Mistah J|0 fnt\n|-start|p1a: Tauros|Disable|Flare Blitz|[from] ability: Cursed Body|[of] p2a: Mistah J\n|faint|p2a: Mistah J\n|-damage|p1a: Tauros|41\/100|[from] Recoil\n|move|p1b: Salamence|Dual Wingbeat|p2b: Gravity Bong\n|-resisted|p2b: Gravity Bong\n|-damage|p2b: Gravity Bong|92\/100\n|-resisted|p2b: Gravity Bong\n|-damage|p2b: Gravity Bong|84\/100\n|-hitcount|p2b: Gravity Bong|2\n|\n|upkeep\n|\n|t:|1684094650\n|switch|p2a: Vin Diesel|Ting-Lu, L50|100\/100\n|-ability|p2a: Vin Diesel|Vessel of Ruin\n|turn|5\n|\n|t:|1684094715\n|switch|p1a: Iron Treads|Iron Treads, L50|100\/100\n|move|p1b: Salamence|Dual Wingbeat|p2a: Vin Diesel\n|-damage|p2a: Vin Diesel|88\/100\n|-damage|p2a: Vin Diesel|75\/100\n|-hitcount|p2a: Vin Diesel|2\n|move|p2a: Vin Diesel|Rock Slide|p1a: Iron Treads|[spread] p1a,p1b\n|-resisted|p1a: Iron Treads\n|-supereffective|p1b: Salamence\n|-damage|p1a: Iron Treads|97\/100\n|-damage|p1b: Salamence|56\/100\n|move|p2b: Gravity Bong|Trick Room|p2b: Gravity Bong\n|-fieldstart|move: Trick Room|[of] p2b: Gravity Bong\n|\n|-heal|p1a: Iron Treads|100\/100|[from] item: Leftovers\n|upkeep\n|turn|6\n|\n|t:|1684094742\n|switch|p1b: Tauros|Tauros-Paldea-Blaze, L50, M|41\/100\n|-ability|p1b: Tauros|Intimidate|boost\n|-unboost|p2a: Vin Diesel|atk|1\n|-unboost|p2b: Gravity Bong|atk|1\n|move|p1a: Iron Treads|Protect|p1a: Iron Treads\n|-singleturn|p1a: Iron Treads|Protect\n|move|p2b: Gravity Bong|Hypnosis|p1b: Tauros|[miss]\n|-miss|p2b: Gravity Bong|p1b: Tauros\n|move|p2a: Vin Diesel|Earthquake|p1b: Tauros|[spread] p1b\n|-activate|p1a: Iron Treads|move: Protect\n|-immune|p2b: Gravity Bong|[from] ability: Levitate\n|-supereffective|p1b: Tauros\n|-damage|p1b: Tauros|0 fnt\n|faint|p1b: Tauros\n|\n|upkeep\n|\n|t:|1684094756\n|switch|p1b: Salamence|Salamence, L50, M|56\/100\n|-ability|p1b: Salamence|Intimidate|boost\n|-unboost|p2a: Vin Diesel|atk|1\n|-unboost|p2b: Gravity Bong|atk|1\n|turn|7\n|\n|t:|1684094779\n|-terastallize|p1a: Iron Treads|Flying\n|move|p2b: Gravity Bong|Night Shade|p1a: Iron Treads\n|-damage|p1a: Iron Treads|75\/100\n|move|p2a: Vin Diesel|Earthquake|p1a: Iron Treads|[spread] \n|-immune|p2b: Gravity Bong|[from] ability: Levitate\n|-immune|p1a: Iron Treads\n|-immune|p1b: Salamence\n|move|p1a: Iron Treads|Iron Defense|p1a: Iron Treads\n|-boost|p1a: Iron Treads|def|2\n|move|p1b: Salamence|Flamethrower|p2b: Gravity Bong\n|-supereffective|p2b: Gravity Bong\n|-damage|p2b: Gravity Bong|62\/100\n|\n|-heal|p1a: Iron Treads|81\/100|[from] item: Leftovers\n|upkeep\n|turn|8\n|\n|t:|1684094813\n|move|p2b: Gravity Bong|Hypnosis|p1a: Iron Treads\n|-status|p1a: Iron Treads|slp|[from] move: Hypnosis\n|move|p2a: Vin Diesel|Rock Slide|p1a: Iron Treads|[spread] p1b\n|-miss|p2a: Vin Diesel|p1a: Iron Treads\n|-supereffective|p1b: Salamence\n|-damage|p1b: Salamence|31\/100\n|cant|p1a: Iron Treads|slp\n|cant|p1b: Salamence|flinch\n|\n|-heal|p1a: Iron Treads|87\/100 slp|[from] item: Leftovers\n|upkeep\n|turn|9\n|\n|t:|1684094829\n|move|p1b: Salamence|Protect|p1b: Salamence\n|-singleturn|p1b: Salamence|Protect\n|move|p2b: Gravity Bong|Night Shade|p1b: Salamence\n|-activate|p1b: Salamence|move: Protect\n|move|p2a: Vin Diesel|Rock Slide|p1a: Iron Treads|[spread] \n|-activate|p1b: Salamence|move: Protect\n|-miss|p2a: Vin Diesel|p1a: Iron Treads\n|cant|p1a: Iron Treads|slp\n|\n|-heal|p1a: Iron Treads|93\/100 slp|[from] item: Leftovers\n|-fieldend|move: Trick Room\n|upkeep\n|turn|10\n|\n|t:|1684094859\n|move|p1b: Salamence|Dual Wingbeat|p2a: Vin Diesel\n|-damage|p2a: Vin Diesel|62\/100\n|-damage|p2a: Vin Diesel|49\/100\n|-hitcount|p2a: Vin Diesel|2\n|cant|p1a: Iron Treads|slp\n|move|p2a: Vin Diesel|Rock Slide|p1a: Iron Treads|[spread] p1a,p1b\n|-supereffective|p1a: Iron Treads\n|-supereffective|p1b: Salamence\n|-damage|p1a: Iron Treads|87\/100 slp\n|-damage|p1b: Salamence|8\/100\n|move|p2b: Gravity Bong|Trick Room|p2b: Gravity Bong\n|-fieldstart|move: Trick Room|[of] p2b: Gravity Bong\n|\n|-heal|p1a: Iron Treads|93\/100 slp|[from] item: Leftovers\n|upkeep\n|turn|11\n|\n|t:|1684094880\n|move|p1b: Salamence|Protect|p1b: Salamence\n|-singleturn|p1b: Salamence|Protect\n|move|p2b: Gravity Bong|Night Shade|p1a: Iron Treads\n|-damage|p1a: Iron Treads|68\/100 slp\n|move|p2a: Vin Diesel|Rock Slide|p1a: Iron Treads|[spread] p1a\n|-activate|p1b: Salamence|move: Protect\n|-supereffective|p1a: Iron Treads\n|-damage|p1a: Iron Treads|62\/100 slp\n|-curestatus|p1a: Iron Treads|slp|[msg]\n|cant|p1a: Iron Treads|flinch\n|\n|-heal|p1a: Iron Treads|68\/100|[from] item: Leftovers\n|upkeep\n|turn|12\n|l| Toronto 6ix\n|j| Toronto 6ix\n|\n|t:|1684094909\n|-terastallize|p2b: Gravity Bong|Fairy\n|move|p2b: Gravity Bong|Hypnosis|p1a: Iron Treads\n|-status|p1a: Iron Treads|slp|[from] move: Hypnosis\n|move|p2a: Vin Diesel|Rock Slide|p1b: Salamence|[spread] p1a,p1b\n|-supereffective|p1a: Iron Treads\n|-supereffective|p1b: Salamence\n|-damage|p1a: Iron Treads|61\/100 slp\n|-damage|p1b: Salamence|0 fnt\n|faint|p1b: Salamence\n|cant|p1a: Iron Treads|slp\n|\n|-heal|p1a: Iron Treads|67\/100 slp|[from] item: Leftovers\n|upkeep\n|turn|13\n|\n|t:|1684094933\n|move|p2b: Gravity Bong|Night Shade|p1a: Iron Treads\n|-damage|p1a: Iron Treads|42\/100 slp\n|move|p2a: Vin Diesel|Rock Slide|p1a: Iron Treads\n|-supereffective|p1a: Iron Treads\n|-damage|p1a: Iron Treads|31\/100 slp\n|cant|p1a: Iron Treads|slp\n|\n|-heal|p1a: Iron Treads|38\/100 slp|[from] item: Leftovers\n|upkeep\n|turn|14\n|\n|t:|1684094954\n|-curestatus|p1a: Iron Treads|slp|[msg]\n|move|p1a: Iron Treads|Protect|p1a: Iron Treads\n|-singleturn|p1a: Iron Treads|Protect\n|move|p2b: Gravity Bong|Night Shade|p1a: Iron Treads\n|-activate|p1a: Iron Treads|move: Protect\n|move|p2a: Vin Diesel|Rock Slide|p1a: Iron Treads\n|-activate|p1a: Iron Treads|move: Protect\n|\n|-heal|p1a: Iron Treads|44\/100|[from] item: Leftovers\n|-fieldend|move: Trick Room\n|upkeep\n|turn|15\n|\n|t:|1684094967\n|move|p1a: Iron Treads|Body Press|p2a: Vin Diesel\n|-supereffective|p2a: Vin Diesel\n|-damage|p2a: Vin Diesel|5\/100\n|move|p2a: Vin Diesel|Rock Slide|p1a: Iron Treads\n|-supereffective|p1a: Iron Treads\n|-damage|p1a: Iron Treads|33\/100\n|move|p2b: Gravity Bong|Night Shade|p1a: Iron Treads\n|-damage|p1a: Iron Treads|8\/100\n|\n|-heal|p1a: Iron Treads|14\/100|[from] item: Leftovers\n|upkeep\n|turn|16\n|c|\u2606Tay23|gg\n|\n|t:|1684094984\n|move|p1a: Iron Treads|Body Press|p2b: Gravity Bong\n|-resisted|p2b: Gravity Bong\n|-damage|p2b: Gravity Bong|46\/100\n|move|p2a: Vin Diesel|Rock Slide|p1a: Iron Treads\n|-supereffective|p1a: Iron Treads\n|-damage|p1a: Iron Treads|5\/100\n|move|p2b: Gravity Bong|Night Shade|p1a: Iron Treads\n|-damage|p1a: Iron Treads|0 fnt\n|faint|p1a: Iron Treads\n|-end|p1a: Iron Treads|Quark Drive|[silent]\n|\n|win|Memebasedgod\n|c|\u2606Memebasedgod|gg\n","uploadtime":1684094994,"views":19,"p1id":"tay23","p2id":"memebasedgod","formatid":"gen9vgc2023regulationc","rating":0,"private":0,"password":""}