{"id":"gen9vgc2023regulationc-1859321797","p1":"Tonsoffamage","p2":"ethan06","format":"[Gen 9] VGC 2023 Regulation C","log":"|j|\u2606Tonsoffamage\n|j|\u2606ethan06\n|t:|1683434256\n|gametype|doubles\n|player|p1|Tonsoffamage|unknown|\n|player|p2|ethan06|ninjaboy|\n|teamsize|p1|6\n|teamsize|p2|6\n|gen|9\n|tier|[Gen 9] VGC 2023 Regulation C\n|rule|Species Clause: Limit one of each Pok\u00e9mon\n|rule|Item Clause: Limit one of each item\n|clearpoke\n|poke|p1|Hydreigon, L50, M|\n|poke|p1|Tinkaton, L50, F|\n|poke|p1|Slither Wing, L50|\n|poke|p1|Ceruledge, L50, F|\n|poke|p1|Arboliva, L50, M|\n|poke|p1|Bruxish, L50, F|\n|poke|p2|Dondozo, L50, M|\n|poke|p2|Tatsugiri, L50, M|\n|poke|p2|Salamence, L50, M|\n|poke|p2|Kingambit, L50, F|\n|poke|p2|Iron Valiant, L50|\n|poke|p2|Spewpa, L50, M|\n|teampreview|4\n|c|\u2606ethan06|g1\n|c|\u2606ethan06|hfhf friend !\nethan06 has agreed to open team sheets.\n|c|\u2606Tonsoffamage|glhf\nTonsoffamage has agreed to open team sheets.\n|\n|t:|1683434329\n|start\n|switch|p1a: Bruxish|Bruxish, L50, F|100\/100\n|switch|p1b: Ceruledge|Ceruledge, L50, F|100\/100\n|switch|p2a: Salamence|Salamence, L50, M|100\/100\n|switch|p2b: Iron Valiant|Iron Valiant, L50|100\/100\n|-ability|p2a: Salamence|Intimidate|boost\n|-unboost|p1a: Bruxish|atk|1\n|-unboost|p1b: Ceruledge|atk|1\n|turn|1\n|j| Ytterby\n|\n|t:|1683434373\n|move|p1a: Bruxish|Aqua Jet|p2b: Iron Valiant\n|-damage|p2b: Iron Valiant|90\/100\n|move|p2b: Iron Valiant|Knock Off|p1b: Ceruledge\n|-supereffective|p1b: Ceruledge\n|-damage|p1b: Ceruledge|24\/100\n|-ability|p1b: Ceruledge|Weak Armor|boost\n|-unboost|p1b: Ceruledge|def|1\n|-boost|p1b: Ceruledge|spe|2\n|-enditem|p1b: Ceruledge|Weakness Policy\n|-boost|p1b: Ceruledge|atk|2|[from] item: Weakness Policy\n|-boost|p1b: Ceruledge|spa|2|[from] item: Weakness Policy\n|move|p1b: Ceruledge|Bitter Blade|p2b: Iron Valiant\n|-damage|p2b: Iron Valiant|0 fnt\n|-heal|p1b: Ceruledge|62\/100|[from] drain|[of] p2b: Iron Valiant\n|faint|p2b: Iron Valiant\n|-end|p2b: Iron Valiant|Quark Drive|[silent]\n|move|p2a: Salamence|Dual Wingbeat|p1b: Ceruledge\n|-damage|p1b: Ceruledge|13\/100\n|-ability|p1b: Ceruledge|Weak Armor|boost\n|-unboost|p1b: Ceruledge|def|1\n|-boost|p1b: Ceruledge|spe|2\n|-damage|p1b: Ceruledge|0 fnt\n|faint|p1b: Ceruledge\n|-hitcount|p1: Ceruledge|2\n|-damage|p2a: Salamence|91\/100|[from] item: Life Orb\n|\n|upkeep\n|c| Ytterby|:0\n|\n|t:|1683434399\n|switch|p2b: Tatsugiri|Tatsugiri, L50, M|100\/100\n|switch|p1b: Tinkaton|Tinkaton, L50, F|100\/100\n|turn|2\n|\n|t:|1683434431\n|-terastallize|p2a: Salamence|Steel\n|move|p2b: Tatsugiri|Muddy Water|p1b: Tinkaton|[spread] p1a,p1b\n|-resisted|p1a: Bruxish\n|-damage|p1a: Bruxish|77\/100\n|-damage|p1b: Tinkaton|68\/100\n|-unboost|p1a: Bruxish|accuracy|1\n|move|p2a: Salamence|Dragon Dance|p2a: Salamence\n|-boost|p2a: Salamence|atk|1\n|-boost|p2a: Salamence|spe|1\n|-enditem|p1b: Tinkaton|Mirror Herb\n|-boost|p1b: Tinkaton|atk|1|[from] item: Mirror Herb\n|-boost|p1b: Tinkaton|spe|1|[from] item: Mirror Herb\n|move|p1b: Tinkaton|Skill Swap|p2a: Salamence\n|-activate|p1b: Tinkaton|move: Skill Swap|Intimidate|Pickpocket|[of] p2a: Salamence\n|-ability|p1b: Tinkaton|Intimidate|boost\n|-unboost|p2a: Salamence|atk|1\n|-unboost|p2b: Tatsugiri|atk|1\n|move|p1a: Bruxish|Trick Room|p1a: Bruxish\n|-fieldstart|move: Trick Room|[of] p1a: Bruxish\n|\n|upkeep\n|turn|3\n|\n|t:|1683434464\n|switch|p2b: Dondozo|Dondozo, L50, M|100\/100\n|move|p1a: Bruxish|Super Fang|p2a: Salamence\n|-damage|p2a: Salamence|46\/100\n|move|p1b: Tinkaton|Play Rough|p2b: Dondozo\n|-damage|p2b: Dondozo|82\/100\n|move|p2a: Salamence|Dragon Claw|p1a: Bruxish\n|-damage|p1a: Bruxish|23\/100\n|-damage|p2a: Salamence|36\/100|[from] item: Life Orb\n|\n|-heal|p2b: Dondozo|88\/100|[from] item: Leftovers\n|upkeep\n|turn|4\n|\n|t:|1683434500\n|switch|p2a: Tatsugiri|Tatsugiri, L50, M|100\/100\n|-activate|p2a: Tatsugiri|ability: Commander|[of] p2b: Dondozo\n|-boost|p2b: Dondozo|atk|2\n|-boost|p2b: Dondozo|spa|2\n|-boost|p2b: Dondozo|spe|2\n|-boost|p2b: Dondozo|def|2\n|-boost|p2b: Dondozo|spd|2\n|move|p1a: Bruxish|Super Fang|p2b: Dondozo\n|-damage|p2b: Dondozo|45\/100\n|move|p2b: Dondozo|Wave Crash|p1b: Tinkaton\n|-damage|p1b: Tinkaton|0 fnt\n|faint|p1b: Tinkaton\n|-damage|p2b: Dondozo|26\/100|[from] Recoil\n|\n|-heal|p2b: Dondozo|32\/100|[from] item: Leftovers\n|upkeep\n|\n|t:|1683434514\n|switch|p1b: Arboliva|Arboliva, L50, M, shiny|100\/100\n|turn|5\n|\n|t:|1683434538\n|move|p2b: Dondozo|Protect|p2b: Dondozo\n|-singleturn|p2b: Dondozo|Protect\n|move|p1b: Arboliva|Giga Drain|p2b: Dondozo\n|-activate|p2b: Dondozo|move: Protect\n|move|p1a: Bruxish|Taunt|p2b: Dondozo\n|-activate|p2b: Dondozo|move: Protect\n|\n|-heal|p2b: Dondozo|38\/100|[from] item: Leftovers\n|upkeep\n|turn|6\n|\n|t:|1683434560\n|move|p2b: Dondozo|Protect|p2b: Dondozo\n|-singleturn|p2b: Dondozo|Protect\n|move|p1b: Arboliva|Giga Drain|p2b: Dondozo\n|-activate|p2b: Dondozo|move: Protect\n|move|p1a: Bruxish|Super Fang|p2b: Dondozo\n|-activate|p2b: Dondozo|move: Protect\n|\n|-heal|p2b: Dondozo|44\/100|[from] item: Leftovers\n|-fieldend|move: Trick Room\n|upkeep\n|turn|7\n|\n|t:|1683434574\n|move|p2b: Dondozo|Wave Crash|p1a: Bruxish\n|-resisted|p1a: Bruxish\n|-damage|p1a: Bruxish|0 fnt\n|faint|p1a: Bruxish\n|-damage|p2b: Dondozo|39\/100|[from] Recoil\n|move|p1b: Arboliva|Giga Drain|p2b: Dondozo\n|-supereffective|p2b: Dondozo\n|-damage|p2b: Dondozo|2\/100\n|\n|-heal|p2b: Dondozo|8\/100|[from] item: Leftovers\n|upkeep\n|turn|8\n|\n|t:|1683434591\n|move|p2b: Dondozo|Wave Crash|p1b: Arboliva\n|-resisted|p1b: Arboliva\n|-damage|p1b: Arboliva|52\/100\n|-damage|p2b: Dondozo|0 fnt|[from] Recoil\n|faint|p2b: Dondozo\n|move|p1b: Arboliva|Giga Drain|p2a: Tatsugiri\n|-damage|p2a: Tatsugiri|48\/100\n|-heal|p1b: Arboliva|72\/100|[from] drain|[of] p2a: Tatsugiri\n|\n|upkeep\n|\n|t:|1683434600\n|switch|p2b: Salamence|Salamence, L50, M, tera:Steel|36\/100\n|-ability|p2b: Salamence|Intimidate|boost\n|-unboost|p1b: Arboliva|atk|1\n|turn|9\n|\n|t:|1683434612\n|-terastallize|p1b: Arboliva|Normal\n|move|p2a: Tatsugiri|Draco Meteor|p1b: Arboliva\n|-damage|p1b: Arboliva|13\/100\n|-unboost|p2a: Tatsugiri|spa|2\n|-enditem|p1b: Arboliva|Sitrus Berry|[eat]\n|-heal|p1b: Arboliva|38\/100|[from] item: Sitrus Berry\n|move|p2b: Salamence|Dual Wingbeat|p1b: Arboliva\n|-damage|p1b: Arboliva|11\/100\n|-damage|p1b: Arboliva|0 fnt\n|faint|p1b: Arboliva\n|-hitcount|p1: Arboliva|2\n|-damage|p2b: Salamence|26\/100|[from] item: Life Orb\n|\n|win|ethan06\n|c|\u2606ethan06|gg\n|c|\u2606Tonsoffamage|gg G1\n","uploadtime":1683434632,"views":12,"p1id":"tonsoffamage","p2id":"ethan06","formatid":"gen9vgc2023regulationc","rating":0,"private":0,"password":""}