{"id":"gen9vgc2023regulationc-1863521531","p1":"Luna_Moon13206","p2":"mathtass","format":"[Gen 9] VGC 2023 Regulation C","log":"|j|\u2606Luna_Moon13206\n|j|\u2606mathtass\n|t:|1684028838\n|gametype|doubles\n|player|p1|Luna_Moon13206|lady-gen4|1305\n|player|p2|mathtass|1|1324\n|teamsize|p1|6\n|teamsize|p2|6\n|gen|9\n|tier|[Gen 9] VGC 2023 Regulation C\n|rated|\n|rule|Species Clause: Limit one of each Pok\u00e9mon\n|rule|Item Clause: Limit one of each item\n|clearpoke\n|poke|p1|Arboliva, L50, F|\n|poke|p1|Bellibolt, L50, F|\n|poke|p1|Flutter Mane, L50|\n|poke|p1|Grimmsnarl, L50, M|\n|poke|p1|Annihilape, L50, F|\n|poke|p1|Chien-Pao, L50|\n|poke|p2|Amoonguss, L50, F|\n|poke|p2|Chi-Yu, L50|\n|poke|p2|Arcanine, L50, M|\n|poke|p2|Dragonite, L50, M|\n|poke|p2|Flutter Mane, L50|\n|poke|p2|Iron Hands, L50|\n|teampreview|4\n|inactive|Battle timer is ON: inactive players will automatically lose when time's up. (requested by Luna_Moon13206)\nLuna_Moon13206 rejected open team sheets.\n|inactive|mathtass has 60 seconds left.\n|\n|t:|1684028878\n|start\n|switch|p1a: JOJO|Grimmsnarl, L50, M, shiny|100\/100\n|switch|p1b: just a tree|Arboliva, L50, F, shiny|100\/100\n|switch|p2a: Blaze|Chi-Yu, L50|100\/100\n|switch|p2b: Lady Mane|Flutter Mane, L50, shiny|100\/100\n|-ability|p2a: Blaze|Beads of Ruin\n|turn|1\n|\n|t:|1684028892\n|-terastallize|p1b: just a tree|Ground\n|move|p1a: JOJO|Reflect|p1a: JOJO\n|-sidestart|p1: Luna_Moon13206|Reflect\n|move|p2b: Lady Mane|Dazzling Gleam|p1a: JOJO|[spread] p1a,p1b\n|-supereffective|p1a: JOJO\n|-damage|p1a: JOJO|0 fnt\n|-damage|p1b: just a tree|69\/100\n|-fieldstart|move: Grassy Terrain|[from] ability: Seed Sower|[of] p1b: just a tree\n|faint|p1a: JOJO\n|move|p2a: Blaze|Heat Wave|p1b: just a tree\n|-damage|p1b: just a tree|7\/100\n|-damage|p2a: Blaze|90\/100|[from] item: Life Orb\n|move|p1b: just a tree|Earth Power|p2a: Blaze\n|-supereffective|p2a: Blaze\n|-damage|p2a: Blaze|0 fnt\n|faint|p2a: Blaze\n|\n|-heal|p1b: just a tree|14\/100|[from] Grassy Terrain\n|upkeep\n|\n|t:|1684028911\n|switch|p2a: Simba|Arcanine, L50, M, shiny|100\/100\n|switch|p1a: hair extensions|Flutter Mane, L50, shiny|100\/100\n|-ability|p2a: Simba|Intimidate|boost\n|-unboost|p1a: hair extensions|atk|1\n|-unboost|p1b: just a tree|atk|1\n|-enditem|p1a: hair extensions|Booster Energy\n|-activate|p1a: hair extensions|ability: Protosynthesis|[fromitem]\n|-start|p1a: hair extensions|protosynthesisspe\n|turn|2\n|\n|t:|1684028926\n|move|p1a: hair extensions|Shadow Ball|p2b: Lady Mane\n|-supereffective|p2b: Lady Mane\n|-damage|p2b: Lady Mane|17\/100\n|move|p2b: Lady Mane|Dazzling Gleam|p1b: just a tree|[spread] p1a,p1b\n|-damage|p1a: hair extensions|67\/100\n|-damage|p1b: just a tree|0 fnt\n|faint|p1b: just a tree\n|move|p2a: Simba|Flare Blitz|p1a: hair extensions\n|-damage|p1a: hair extensions|0 fnt\n|faint|p1a: hair extensions\n|-end|p1a: hair extensions|Protosynthesis|[silent]\n|-damage|p2a: Simba|86\/100|[from] Recoil\n|\n|-heal|p2b: Lady Mane|24\/100|[from] Grassy Terrain\n|-heal|p2a: Simba|92\/100|[from] Grassy Terrain\n|upkeep\n|\n|t:|1684028934\n|switch|p1b: Funny frog :)|Bellibolt, L50, F, shiny|100\/100\n|turn|3\n|\n|t:|1684028940\n|move|p2b: Lady Mane|Protect|p2b: Lady Mane\n|-singleturn|p2b: Lady Mane|Protect\n|move|p2a: Simba|Howl|p2a: Simba|[spread] p2a,p2b\n|-boost|p2a: Simba|atk|1\n|-boost|p2b: Lady Mane|atk|1\n|move|p1b: Funny frog :)|Parabolic Charge|p2b: Lady Mane|[spread] p2a\n|-activate|p2b: Lady Mane|move: Protect\n|-damage|p2a: Simba|58\/100\n|\n|-heal|p2b: Lady Mane|30\/100|[from] Grassy Terrain\n|-heal|p2a: Simba|64\/100|[from] Grassy Terrain\n|upkeep\n|turn|4\n|\n|t:|1684028954\n|move|p2b: Lady Mane|Moonblast|p1b: Funny frog :)\n|-damage|p1b: Funny frog :)|55\/100\n|-start|p1b: Funny frog :)|Charge|Moonblast|[from] ability: Electromorphosis\n|move|p2a: Simba|Flare Blitz|p1b: Funny frog :)\n|-damage|p1b: Funny frog :)|11\/100\n|-start|p1b: Funny frog :)|Charge|Flare Blitz|[from] ability: Electromorphosis\n|-damage|p2a: Simba|48\/100|[from] Recoil\n|-enditem|p2a: Simba|Sitrus Berry|[eat]\n|-heal|p2a: Simba|73\/100|[from] item: Sitrus Berry\n|move|p1b: Funny frog :)|Parabolic Charge|p2a: Simba|[spread] p2a,p2b\n|-damage|p2a: Simba|2\/100\n|-heal|p1b: Funny frog :)|44\/100|[from] drain|[of] p2a: Simba\n|-damage|p2b: Lady Mane|0 fnt\n|-heal|p1b: Funny frog :)|53\/100|[from] drain|[of] p2b: Lady Mane\n|faint|p2b: Lady Mane\n|-end|p2b: Lady Mane|Protosynthesis|[silent]\n|-end|p1b: Funny frog :)|Charge|[silent]\n|\n|-heal|p2a: Simba|8\/100|[from] Grassy Terrain\n|-heal|p1b: Funny frog :)|59\/100|[from] Grassy Terrain\n|upkeep\n|\n|t:|1684028961\n|switch|p2b: Titan|Dragonite, L50, M, shiny|100\/100\n|turn|5\n|\n|t:|1684028973\n|move|p2a: Simba|Flare Blitz|p1b: Funny frog :)\n|-damage|p1b: Funny frog :)|18\/100\n|-start|p1b: Funny frog :)|Charge|Flare Blitz|[from] ability: Electromorphosis\n|-damage|p2a: Simba|0 fnt|[from] Recoil\n|faint|p2a: Simba\n|move|p2b: Titan|Stomping Tantrum|p1b: Funny frog :)\n|-supereffective|p1b: Funny frog :)\n|-damage|p1b: Funny frog :)|0 fnt\n|faint|p1b: Funny frog :)\n|\n|win|mathtass\n|raw|Luna_Moon13206's rating: 1305 → 1286<\/strong> (-19 for losing)\n|raw|mathtass's rating: 1324 → 1343<\/strong> (+19 for winning)\n|l|\u2606Luna_Moon13206\n","uploadtime":1684028981,"views":9,"p1id":"lunamoon13206","p2id":"mathtass","formatid":"gen9vgc2023regulationc","rating":1286,"private":0,"password":""}