{"id":"gen9vgc2023regulationc-1846334531","p1":"Terry kloak","p2":"Matutinha","format":"[Gen 9] VGC 2023 Regulation C","log":"|j|\u2606Terry kloak\n|j|\u2606Matutinha\n|t:|1681832527\n|gametype|doubles\n|player|p1|Terry kloak|gentleman-gen4|1784\n|player|p2|Matutinha|102|1728\n|teamsize|p1|6\n|teamsize|p2|6\n|gen|9\n|tier|[Gen 9] VGC 2023 Regulation C\n|rated|\n|rule|Species Clause: Limit one of each Pok\u00e9mon\n|rule|Item Clause: Limit one of each item\n|clearpoke\n|poke|p1|Ceruledge, L50, F|\n|poke|p1|Orthworm, L50, M|\n|poke|p1|Ting-Lu, L50|\n|poke|p1|Dragonite, L50, M|\n|poke|p1|Iron Bundle, L50|\n|poke|p1|Grimmsnarl, L50, M|\n|poke|p2|Sableye, L50, M|\n|poke|p2|Iron Bundle, L50|\n|poke|p2|Abomasnow, L50, M|\n|poke|p2|Ting-Lu, L50|\n|poke|p2|Dragonite, L50, M|\n|poke|p2|Chien-Pao, L50|\n|teampreview|4\n|\n|t:|1681832543\n|start\n|switch|p1a: Ting-Lu|Ting-Lu, L50|100\/100\n|switch|p1b: Orthworm|Orthworm, L50, M|100\/100\n|switch|p2a: Sableye|Sableye, L50, M|100\/100\n|switch|p2b: Ting-Lu|Ting-Lu, L50|100\/100\n|-ability|p1a: Ting-Lu|Vessel of Ruin\n|-ability|p2b: Ting-Lu|Vessel of Ruin\n|turn|1\n|j| SerseCosmiVGC\n|\n|t:|1681832567\n|move|p2a: Sableye|Taunt|p1b: Orthworm\n|-start|p1b: Orthworm|move: Taunt\n|move|p1a: Ting-Lu|Earthquake|p2a: Sableye|[spread] p2a,p2b\n|-immune|p1b: Orthworm|[from] ability: Earth Eater\n|-damage|p2a: Sableye|64\/100\n|-damage|p2b: Ting-Lu|81\/100\n|move|p1b: Orthworm|Body Press|p2b: Ting-Lu\n|-supereffective|p2b: Ting-Lu\n|-damage|p2b: Ting-Lu|46\/100\n|move|p2b: Ting-Lu|Throat Chop|p1b: Orthworm\n|-damage|p1b: Orthworm|72\/100\n|-start|p1b: Orthworm|Throat Chop|[silent]\n|\n|upkeep\n|turn|2\n|l| SerseCosmiVGC\n|\n|t:|1681832610\n|move|p2a: Sableye|Reflect|p2a: Sableye\n|-sidestart|p2: Matutinha|Reflect\n|move|p1a: Ting-Lu|Earthquake|p2a: Sableye|[spread] p2a,p2b\n|-heal|p1b: Orthworm|97\/100|[from] ability: Earth Eater|[of] p1a: Ting-Lu\n|-damage|p2a: Sableye|40\/100\n|-damage|p2b: Ting-Lu|34\/100\n|move|p1b: Orthworm|Body Press|p2b: Ting-Lu\n|-supereffective|p2b: Ting-Lu\n|-damage|p2b: Ting-Lu|11\/100\n|move|p2b: Ting-Lu|Throat Chop|p1a: Ting-Lu\n|-resisted|p1a: Ting-Lu\n|-damage|p1a: Ting-Lu|89\/100\n|-start|p1a: Ting-Lu|Throat Chop|[silent]\n|\n|-end|p1b: Orthworm|Throat Chop|[silent]\n|upkeep\n|turn|3\n|\n|t:|1681832635\n|move|p2a: Sableye|Light Screen|p2a: Sableye\n|-sidestart|p2: Matutinha|move: Light Screen\n|move|p1a: Ting-Lu|Heavy Slam|p2a: Sableye\n|-damage|p2a: Sableye|11\/100\n|move|p1b: Orthworm|Body Press|p2b: Ting-Lu\n|-supereffective|p2b: Ting-Lu\n|-damage|p2b: Ting-Lu|0 fnt\n|faint|p2b: Ting-Lu\n|\n|-end|p1b: Orthworm|move: Taunt\n|-end|p1a: Ting-Lu|Throat Chop|[silent]\n|upkeep\n|\n|t:|1681832660\n|switch|p2b: Abomasnow|Abomasnow, L50, M|100\/100\n|-weather|Snow|[from] ability: Snow Warning|[of] p2b: Abomasnow\n|turn|4\n|\n|t:|1681832682\n|switch|p1b: Ceruledge|Ceruledge, L50, F|100\/100\n|move|p2a: Sableye|Taunt|p1b: Ceruledge\n|-start|p1b: Ceruledge|move: Taunt\n|move|p1a: Ting-Lu|Ruination|p2b: Abomasnow\n|-damage|p2b: Abomasnow|51\/100\n|move|p2b: Abomasnow|Blizzard|p1a: Ting-Lu|[spread] p1a,p1b\n|-supereffective|p1a: Ting-Lu\n|-resisted|p1b: Ceruledge\n|-crit|p1b: Ceruledge\n|-damage|p1a: Ting-Lu|58\/100\n|-damage|p1b: Ceruledge|75\/100\n|-status|p1a: Ting-Lu|frz\n|-damage|p2b: Abomasnow|41\/100|[from] item: Life Orb\n|\n|-weather|Snow|[upkeep]\n|-heal|p1b: Ceruledge|81\/100|[from] item: Leftovers\n|upkeep\n|turn|5\n|\n|t:|1681832724\n|switch|p1a: Grimmsnarl|Grimmsnarl, L50, M|100\/100\n|switch|p2a: Iron Bundle|Iron Bundle, L50|100\/100\n|-enditem|p2a: Iron Bundle|Booster Energy\n|-activate|p2a: Iron Bundle|ability: Quark Drive|[fromitem]\n|-start|p2a: Iron Bundle|quarkdrivespe\n|-terastallize|p2b: Abomasnow|Water\n|move|p1b: Ceruledge|Bitter Blade|p2b: Abomasnow\n|-resisted|p2b: Abomasnow\n|-crit|p2b: Abomasnow\n|-damage|p2b: Abomasnow|4\/100\n|-heal|p1b: Ceruledge|100\/100|[from] drain|[of] p2b: Abomasnow\n|move|p2b: Abomasnow|Blizzard|p1a: Grimmsnarl|[spread] p1a,p1b\n|-resisted|p1b: Ceruledge\n|-damage|p1a: Grimmsnarl|57\/100\n|-damage|p1b: Ceruledge|77\/100\n|-damage|p2b: Abomasnow|0 fnt|[from] item: Life Orb\n|faint|p2b: Abomasnow\n|\n|-weather|Snow|[upkeep]\n|-heal|p1b: Ceruledge|83\/100|[from] item: Leftovers\n|upkeep\n|\n|t:|1681832746\n|switch|p2b: Sableye|Sableye, L50, M|11\/100\n|turn|6\n|\n|t:|1681832764\n|move|p1a: Grimmsnarl|Fake Out|p2a: Iron Bundle\n|-crit|p2a: Iron Bundle\n|-damage|p2a: Iron Bundle|87\/100\n|move|p1b: Ceruledge|Shadow Sneak|p2b: Sableye\n|-damage|p2b: Sableye|0 fnt\n|faint|p2b: Sableye\n|cant|p2a: Iron Bundle|flinch\n|\n|-weather|Snow|[upkeep]\n|-heal|p1b: Ceruledge|89\/100|[from] item: Leftovers\n|-end|p1b: Ceruledge|move: Taunt\n|upkeep\n|turn|7\n|j| DondozoCrowned\n|-message|Matutinha forfeited.\n|\n|win|Terry kloak\n|raw|Terry kloak's rating: 1784 → 1801<\/strong> (+17 for winning)\n|raw|Matutinha's rating: 1728 → 1711<\/strong> (-17 for losing)\n|l|\u2606Matutinha\n|l|\u2606Terry kloak\n","uploadtime":1681832782,"views":18,"p1id":"terrykloak","p2id":"matutinha","formatid":"gen9vgc2023regulationc","rating":1711,"private":0,"password":""}