{"id":"gen9vgc2023regulationc-1846084003","p1":"GarchompExVgc","p2":"tghdfgh","format":"[Gen 9] VGC 2023 Regulation C","log":"|j|\u2606GarchompExVgc\n|j|\u2606tghdfgh\n|t:|1681803563\n|gametype|doubles\n|player|p1|GarchompExVgc|iris|1200\n|player|p2|tghdfgh|1|1106\n|teamsize|p1|6\n|teamsize|p2|6\n|gen|9\n|tier|[Gen 9] VGC 2023 Regulation C\n|rated|\n|rule|Species Clause: Limit one of each Pok\u00e9mon\n|rule|Item Clause: Limit one of each item\n|clearpoke\n|poke|p1|Ting-Lu, L50|\n|poke|p1|Amoonguss, L50, F|\n|poke|p1|Iron Hands, L50|\n|poke|p1|Flutter Mane, L50|\n|poke|p1|Chi-Yu, L50|\n|poke|p1|Palafin, L50, F|\n|poke|p2|Torkoal, L50, M|\n|poke|p2|Chi-Yu, L50|\n|poke|p2|Bronzong, L50|\n|poke|p2|Gastrodon, L50, F|\n|poke|p2|Grimmsnarl, L50, M|\n|poke|p2|Skeledirge, L50, F|\n|teampreview|4\n|inactive|Battle timer is ON: inactive players will automatically lose when time's up. (requested by tghdfgh)\n|\n|t:|1681803582\n|start\n|switch|p1a: Wickie|Ting-Lu, L50|100\/100\n|switch|p1b: Lui|Amoonguss, L50, F, shiny|100\/100\n|switch|p2a: Gastrodon|Gastrodon, L50, F|100\/100\n|switch|p2b: Grimmsnarl|Grimmsnarl, L50, M|100\/100\n|-ability|p1a: Wickie|Vessel of Ruin\n|turn|1\n|\n|t:|1681803603\n|move|p2a: Gastrodon|Protect|p2a: Gastrodon\n|-singleturn|p2a: Gastrodon|Protect\n|move|p2b: Grimmsnarl|Trick|p1b: Lui\n|-activate|p2b: Grimmsnarl|move: Trick|[of] p1b: Lui\n|-item|p1b: Lui|Lagging Tail|[from] move: Trick\n|-item|p2b: Grimmsnarl|Leftovers|[from] move: Trick\n|move|p1a: Wickie|Snarl|p2b: Grimmsnarl|[spread] p2b\n|-activate|p2a: Gastrodon|move: Protect\n|-resisted|p2b: Grimmsnarl\n|-damage|p2b: Grimmsnarl|98\/100\n|-unboost|p2b: Grimmsnarl|spa|1\n|move|p1b: Lui|Spore|p2b: Grimmsnarl\n|-status|p2b: Grimmsnarl|slp|[from] move: Spore\n|\n|-heal|p2b: Grimmsnarl|100\/100 slp|[from] item: Leftovers\n|upkeep\n|turn|2\n|\n|t:|1681803623\n|switch|p2a: Skeledirge|Skeledirge, L50, F|100\/100\n|cant|p2b: Grimmsnarl|slp\n|move|p1a: Wickie|Snarl|p2b: Grimmsnarl|[spread] p2a,p2b\n|-supereffective|p2a: Skeledirge\n|-resisted|p2b: Grimmsnarl\n|-damage|p2a: Skeledirge|83\/100\n|-damage|p2b: Grimmsnarl|98\/100 slp\n|-unboost|p2a: Skeledirge|spa|1\n|-unboost|p2b: Grimmsnarl|spa|1\n|move|p1b: Lui|Spore|p2a: Skeledirge\n|-status|p2a: Skeledirge|slp|[from] move: Spore\n|\n|-heal|p2a: Skeledirge|89\/100 slp|[from] item: Leftovers\n|-heal|p2b: Grimmsnarl|100\/100 slp|[from] item: Leftovers\n|upkeep\n|turn|3\n|\n|t:|1681803647\n|switch|p2a: Bronzong|Bronzong, L50|100\/100\n|cant|p2b: Grimmsnarl|slp\n|move|p1a: Wickie|Fissure|p2a: Bronzong\n|-immune|p2a: Bronzong|[from] ability: Levitate\n|move|p1b: Lui|Spore|p2b: Grimmsnarl\n|-fail|p2b: Grimmsnarl|slp\n|\n|upkeep\n|turn|4\n|\n|t:|1681803661\n|switch|p2a: Skeledirge|Skeledirge, L50, F|89\/100 slp\n|cant|p2b: Grimmsnarl|slp\n|move|p1a: Wickie|Fissure|p2b: Grimmsnarl|[miss]\n|-miss|p1a: Wickie|p2b: Grimmsnarl\n|move|p1b: Lui|Spore|p2a: Skeledirge\n|-fail|p2a: Skeledirge|slp\n|\n|-heal|p2a: Skeledirge|95\/100 slp|[from] item: Leftovers\n|upkeep\n|turn|5\n|\n|t:|1681803676\n|switch|p2a: Bronzong|Bronzong, L50|100\/100\n|-curestatus|p2b: Grimmsnarl|slp|[msg]\n|move|p2b: Grimmsnarl|Spirit Break|p1a: Wickie\n|-supereffective|p1a: Wickie\n|-damage|p1a: Wickie|64\/100\n|-unboost|p1a: Wickie|spa|1\n|move|p1a: Wickie|Fissure|p2a: Bronzong\n|-immune|p2a: Bronzong|[from] ability: Levitate\n|move|p1b: Lui|Spore|p2b: Grimmsnarl\n|-status|p2b: Grimmsnarl|slp|[from] move: Spore\n|\n|upkeep\n|turn|6\n|\n|t:|1681803694\n|switch|p2a: Skeledirge|Skeledirge, L50, F|95\/100 slp\n|cant|p2b: Grimmsnarl|slp\n|move|p1a: Wickie|Stomping Tantrum|p2a: Skeledirge\n|-supereffective|p2a: Skeledirge\n|-crit|p2a: Skeledirge\n|-damage|p2a: Skeledirge|0 fnt\n|faint|p2a: Skeledirge\n|move|p1b: Lui|Pollen Puff|p1a: Wickie\n|-heal|p1a: Wickie|100\/100\n|\n|upkeep\n|\n|t:|1681803700\n|switch|p2a: Bronzong|Bronzong, L50|100\/100\n|turn|7\n|\n|t:|1681803711\n|-terastallize|p2a: Bronzong|Fighting\n|cant|p2b: Grimmsnarl|slp\n|move|p1a: Wickie|Fissure|p2b: Grimmsnarl\n|-damage|p2b: Grimmsnarl|0 fnt\n|faint|p2b: Grimmsnarl\n|-ohko\n|move|p2a: Bronzong|Body Press|p1a: Wickie\n|-supereffective|p1a: Wickie\n|-damage|p1a: Wickie|55\/100\n|move|p1b: Lui|Spore|p2a: Bronzong\n|-status|p2a: Bronzong|slp|[from] move: Spore\n|\n|upkeep\n|\n|t:|1681803716\n|switch|p2b: Gastrodon|Gastrodon, L50, F|100\/100\n|turn|8\n|\n|t:|1681803735\n|move|p2b: Gastrodon|Protect|p2b: Gastrodon\n|-singleturn|p2b: Gastrodon|Protect\n|move|p1a: Wickie|Snarl|p2a: Bronzong|[spread] p2a\n|-activate|p2b: Gastrodon|move: Protect\n|-resisted|p2a: Bronzong\n|-damage|p2a: Bronzong|98\/100 slp\n|-unboost|p2a: Bronzong|spa|1\n|cant|p2a: Bronzong|slp\n|move|p1b: Lui|Pollen Puff|p1a: Wickie\n|-heal|p1a: Wickie|100\/100\n|\n|upkeep\n|turn|9\n|\n|t:|1681803750\n|move|p1a: Wickie|Fissure|p2b: Gastrodon|[miss]\n|-miss|p1a: Wickie|p2b: Gastrodon\n|move|p2b: Gastrodon|Sludge Bomb|p1a: Wickie\n|-resisted|p1a: Wickie\n|-damage|p1a: Wickie|95\/100\n|-curestatus|p2a: Bronzong|slp|[msg]\n|move|p2a: Bronzong|Body Press|p1a: Wickie\n|-supereffective|p1a: Wickie\n|-damage|p1a: Wickie|54\/100\n|move|p1b: Lui|Spore|p2b: Gastrodon\n|-status|p2b: Gastrodon|slp|[from] move: Spore\n|\n|upkeep\n|turn|10\n|\n|t:|1681803769\n|-terastallize|p1a: Wickie|Poison\n|move|p1a: Wickie|Fissure|p2b: Gastrodon|[miss]\n|-miss|p1a: Wickie|p2b: Gastrodon\n|cant|p2b: Gastrodon|slp\n|move|p2a: Bronzong|Body Press|p1a: Wickie\n|-resisted|p1a: Wickie\n|-damage|p1a: Wickie|42\/100\n|-enditem|p1a: Wickie|Sitrus Berry|[eat]\n|-heal|p1a: Wickie|67\/100|[from] item: Sitrus Berry\n|move|p1b: Lui|Pollen Puff|p1a: Wickie\n|-heal|p1a: Wickie|100\/100\n|\n|upkeep\n|turn|11\n|\n|t:|1681803793\n|move|p1a: Wickie|Fissure|p2b: Gastrodon|[miss]\n|-miss|p1a: Wickie|p2b: Gastrodon\n|cant|p2b: Gastrodon|slp\n|move|p2a: Bronzong|Stomping Tantrum|p1a: Wickie\n|-supereffective|p1a: Wickie\n|-damage|p1a: Wickie|85\/100\n|move|p1b: Lui|Spore|p2a: Bronzong\n|-status|p2a: Bronzong|slp|[from] move: Spore\n|\n|upkeep\n|turn|12\n|\n|t:|1681803807\n|cant|p2b: Gastrodon|slp\n|move|p1a: Wickie|Fissure|p2b: Gastrodon|[miss]\n|-miss|p1a: Wickie|p2b: Gastrodon\n|cant|p2a: Bronzong|slp\n|move|p1b: Lui|Spore|p2b: Gastrodon\n|-fail|p2b: Gastrodon|slp\n|\n|upkeep\n|turn|13\n|\n|t:|1681803821\n|-curestatus|p2b: Gastrodon|slp|[msg]\n|move|p2b: Gastrodon|Protect|p2b: Gastrodon\n|-singleturn|p2b: Gastrodon|Protect\n|move|p1a: Wickie|Stomping Tantrum|p2b: Gastrodon\n|-activate|p2b: Gastrodon|move: Protect\n|move|p1b: Lui|Pollen Puff|p1a: Wickie\n|-heal|p1a: Wickie|100\/100\n|-curestatus|p2a: Bronzong|slp|[msg]\n|move|p2a: Bronzong|Trick Room|p2a: Bronzong\n|-fieldstart|move: Trick Room|[of] p2a: Bronzong\n|\n|upkeep\n|turn|14\n|\n|t:|1681803838\n|move|p2a: Bronzong|Iron Head|p1b: Lui\n|-damage|p1b: Lui|80\/100\n|move|p2b: Gastrodon|Earth Power|p1b: Lui\n|-damage|p1b: Lui|58\/100\n|-unboost|p1b: Lui|spd|1\n|move|p1a: Wickie|Stomping Tantrum|p2b: Gastrodon\n|-damage|p2b: Gastrodon|64\/100\n|move|p1b: Lui|Pollen Puff|p1a: Wickie\n|-immune|p1a: Wickie\n|\n|upkeep\n|turn|15\n|\n|t:|1681803855\n|switch|p1b: Rox|Iron Hands, L50, shiny|100\/100\n|move|p2a: Bronzong|Iron Head|p1b: Rox\n|-resisted|p1b: Rox\n|-damage|p1b: Rox|91\/100\n|move|p2b: Gastrodon|Earth Power|p1b: Rox\n|-supereffective|p1b: Rox\n|-damage|p1b: Rox|48\/100\n|move|p1a: Wickie|Snarl|p2b: Gastrodon|[spread] p2b\n|-miss|p1a: Wickie|p2a: Bronzong\n|-damage|p2b: Gastrodon|60\/100\n|\n|upkeep\n|turn|16\n|\n|t:|1681803873\n|move|p2b: Gastrodon|Protect|p2b: Gastrodon\n|-singleturn|p2b: Gastrodon|Protect\n|move|p1b: Rox|Fake Out|p2a: Bronzong\n|-damage|p2a: Bronzong|85\/100\n|-damage|p1b: Rox|38\/100|[from] item: Life Orb\n|cant|p2a: Bronzong|flinch\n|move|p1a: Wickie|Stomping Tantrum|p2b: Gastrodon\n|-activate|p2b: Gastrodon|move: Protect\n|\n|upkeep\n|turn|17\n|\n|t:|1681803893\n|move|p1b: Rox|Protect|p1b: Rox\n|-singleturn|p1b: Rox|Protect\n|move|p2a: Bronzong|Iron Head|p1a: Wickie\n|-damage|p1a: Wickie|88\/100\n|move|p2b: Gastrodon|Earth Power|p1b: Rox\n|-activate|p1b: Rox|move: Protect\n|cant|p1a: Wickie|flinch\n|\n|-fieldend|move: Trick Room\n|upkeep\n|turn|18\n|\n|t:|1681803907\n|move|p2b: Gastrodon|Protect|p2b: Gastrodon\n|-singleturn|p2b: Gastrodon|Protect\n|move|p1b: Rox|Drain Punch|p2a: Bronzong\n|-damage|p2a: Bronzong|46\/100\n|-heal|p1b: Rox|52\/100|[from] drain|[of] p2a: Bronzong\n|-damage|p1b: Rox|42\/100|[from] item: Life Orb\n|move|p1a: Wickie|Stomping Tantrum|p2b: Gastrodon\n|-activate|p2b: Gastrodon|move: Protect\n|move|p2a: Bronzong|Trick Room|p2a: Bronzong\n|-fieldstart|move: Trick Room|[of] p2a: Bronzong\n|\n|upkeep\n|turn|19\n|\n|t:|1681803922\n|move|p2a: Bronzong|Iron Head|p1a: Wickie\n|-damage|p1a: Wickie|75\/100\n|move|p2b: Gastrodon|Earth Power|p1a: Wickie\n|-supereffective|p1a: Wickie\n|-damage|p1a: Wickie|41\/100\n|move|p1a: Wickie|Stomping Tantrum|p2b: Gastrodon\n|-damage|p2b: Gastrodon|29\/100\n|move|p1b: Rox|Drain Punch|p2a: Bronzong\n|-damage|p2a: Bronzong|7\/100\n|-heal|p1b: Rox|56\/100|[from] drain|[of] p2a: Bronzong\n|-damage|p1b: Rox|46\/100|[from] item: Life Orb\n|\n|upkeep\n|turn|20\n|\n|t:|1681803937\n|move|p1a: Wickie|Protect|p1a: Wickie\n|-singleturn|p1a: Wickie|Protect\n|move|p1b: Rox|Protect|p1b: Rox\n|-singleturn|p1b: Rox|Protect\n|move|p2a: Bronzong|Iron Head|p1a: Wickie\n|-activate|p1a: Wickie|move: Protect\n|move|p2b: Gastrodon|Earth Power|p1b: Rox\n|-activate|p1b: Rox|move: Protect\n|\n|upkeep\n|turn|21\n|\n|t:|1681803956\n|move|p2a: Bronzong|Body Press|p1b: Rox\n|-damage|p1b: Rox|17\/100\n|move|p2b: Gastrodon|Earth Power|p1b: Rox\n|-supereffective|p1b: Rox\n|-damage|p1b: Rox|0 fnt\n|faint|p1b: Rox\n|-end|p1b: Rox|Quark Drive|[silent]\n|move|p1a: Wickie|Snarl|p2a: Bronzong|[spread] p2a,p2b\n|-resisted|p2a: Bronzong\n|-damage|p2a: Bronzong|5\/100\n|-damage|p2b: Gastrodon|25\/100\n|-unboost|p2a: Bronzong|spa|1\n|\n|upkeep\n|\n|t:|1681803970\n|switch|p1b: Sam|Chi-Yu, L50|100\/100\n|-ability|p1b: Sam|Beads of Ruin\n|turn|22\n|\n|t:|1681803983\n|move|p1a: Wickie|Protect|p1a: Wickie\n|-singleturn|p1a: Wickie|Protect\n|move|p2a: Bronzong|Body Press|p1b: Sam\n|-supereffective|p1b: Sam\n|-damage|p1b: Sam|15\/100\n|move|p2b: Gastrodon|Earth Power|p1b: Sam\n|-supereffective|p1b: Sam\n|-damage|p1b: Sam|0 fnt\n|faint|p1b: Sam\n|\n|-fieldend|move: Trick Room\n|upkeep\n|\n|t:|1681803995\n|switch|p1b: Lui|Amoonguss, L50, F, shiny|91\/100\n|turn|23\n|\n|t:|1681804008\n|move|p2b: Gastrodon|Protect|p2b: Gastrodon\n|-singleturn|p2b: Gastrodon|Protect\n|move|p1a: Wickie|Stomping Tantrum|p2b: Gastrodon\n|-activate|p2b: Gastrodon|move: Protect\n|move|p1b: Lui|Pollen Puff|p1a: Wickie\n|-heal|p1a: Wickie|91\/100\n|move|p2a: Bronzong|Trick Room|p2a: Bronzong\n|-fieldstart|move: Trick Room|[of] p2a: Bronzong\n|\n|upkeep\n|turn|24\n|\n|t:|1681804021\n|move|p2a: Bronzong|Iron Head|p1b: Lui\n|-damage|p1b: Lui|69\/100\n|move|p2b: Gastrodon|Earth Power|p1b: Lui\n|-damage|p1b: Lui|46\/100\n|move|p1a: Wickie|Stomping Tantrum|p2b: Gastrodon\n|-damage|p2b: Gastrodon|0 fnt\n|faint|p2b: Gastrodon\n|move|p1b: Lui|Pollen Puff|p1a: Wickie\n|-heal|p1a: Wickie|100\/100\n|\n|upkeep\n|turn|25\n|\n|t:|1681804036\n|move|p2a: Bronzong|Iron Head|p1b: Lui\n|-damage|p1b: Lui|26\/100\n|move|p1a: Wickie|Snarl|p2a: Bronzong\n|-resisted|p2a: Bronzong\n|-damage|p2a: Bronzong|2\/100\n|-unboost|p2a: Bronzong|spa|1\n|move|p1b: Lui|Pollen Puff|p2a: Bronzong\n|-resisted|p2a: Bronzong\n|-damage|p2a: Bronzong|0 fnt\n|faint|p2a: Bronzong\n|\n|win|GarchompExVgc\n|raw|GarchompExVgc's rating: 1200 → 1218<\/strong> (+18 for winning)\n|raw|tghdfgh's rating: 1106 → 1088<\/strong> (-18 for losing)\n|l|\u2606tghdfgh\n","uploadtime":1681804051,"views":11,"p1id":"garchompexvgc","p2id":"tghdfgh","formatid":"gen9vgc2023regulationc","rating":1088,"private":0,"password":""}