{"id":"gen9vgc2023regulationc-1855715772","p1":"Kiriziomaro","p2":"Sad offer boi","format":"[Gen 9] VGC 2023 Regulation C","log":"|j|\u2606Kiriziomaro\n|j|\u2606Sad offer boi\n|t:|1682976132\n|gametype|doubles\n|player|p1|Kiriziomaro|lance|1118\n|player|p2|Sad offer boi|cynthia|1063\n|teamsize|p1|6\n|teamsize|p2|6\n|gen|9\n|tier|[Gen 9] VGC 2023 Regulation C\n|rated|\n|rule|Species Clause: Limit one of each Pok\u00e9mon\n|rule|Item Clause: Limit one of each item\n|clearpoke\n|poke|p1|Dondozo, L50, M|\n|poke|p1|Tatsugiri-Stretchy, L50, M|\n|poke|p1|Chi-Yu, L50|\n|poke|p1|Flutter Mane, L50|\n|poke|p1|Dragonite, L50, M|\n|poke|p1|Glimmora, L50, F|\n|poke|p2|Murkrow, L50, F|\n|poke|p2|Maushold-Four, L50|\n|poke|p2|Hydreigon, L50, M|\n|poke|p2|Brute Bonnet, L50|\n|poke|p2|Palafin, L50, F|\n|poke|p2|Annihilape, L50, F|\n|teampreview|4\n|\n|t:|1682976148\n|start\n|switch|p1a: Glimmora|Glimmora, L50, F|100\/100\n|switch|p1b: Tatsugiri|Tatsugiri-Stretchy, L50, M|100\/100\n|switch|p2a: Brute Bonnet|Brute Bonnet, L50|100\/100\n|switch|p2b: Murkrow|Murkrow, L50, F|100\/100\n|turn|1\n|\n|t:|1682976164\n|move|p2b: Murkrow|Tailwind|p2b: Murkrow\n|-sidestart|p2: Sad offer boi|move: Tailwind\n|move|p1a: Glimmora|Power Gem|p2b: Murkrow\n|-supereffective|p2b: Murkrow\n|-damage|p2b: Murkrow|0 fnt\n|faint|p2b: Murkrow\n|move|p2a: Brute Bonnet|Spore|p1b: Tatsugiri\n|-status|p1b: Tatsugiri|slp|[from] move: Spore\n|cant|p1b: Tatsugiri|slp\n|\n|upkeep\n|\n|t:|1682976181\n|switch|p2b: Hydreigon|Hydreigon, L50, M|100\/100\n|turn|2\n|\n|t:|1682976189\n|move|p2b: Hydreigon|Focus Energy|p2b: Hydreigon\n|-start|p2b: Hydreigon|move: Focus Energy\n|move|p1a: Glimmora|Toxic|p2b: Hydreigon\n|-status|p2b: Hydreigon|tox\n|move|p2a: Brute Bonnet|Bullet Seed|p1a: Glimmora\n|-damage|p1a: Glimmora|83\/100\n|-activate|p1a: Glimmora|ability: Toxic Debris\n|-sidestart|p2: Sad offer boi|move: Toxic Spikes\n|-damage|p1a: Glimmora|65\/100\n|-activate|p1a: Glimmora|ability: Toxic Debris\n|-sidestart|p2: Sad offer boi|move: Toxic Spikes\n|-damage|p1a: Glimmora|48\/100\n|-damage|p1a: Glimmora|31\/100\n|-hitcount|p1a: Glimmora|4\n|-curestatus|p1b: Tatsugiri|slp|[msg]\n|move|p1b: Tatsugiri|Muddy Water|p2b: Hydreigon|[spread] p2b\n|-miss|p1b: Tatsugiri|p2a: Brute Bonnet\n|-resisted|p2b: Hydreigon\n|-damage|p2b: Hydreigon|69\/100 tox\n|-unboost|p2b: Hydreigon|accuracy|1\n|\n|-damage|p2b: Hydreigon|63\/100 tox|[from] psn\n|upkeep\n|turn|3\n|inactive|Battle timer is ON: inactive players will automatically lose when time's up. (requested by Sad offer boi)\n|inactive|Sad offer boi has 60 seconds left.\n|inactive|Sad offer boi has 30 seconds left.\n|inactive|Sad offer boi has 20 seconds left.\n|inactive|Sad offer boi has 15 seconds left.\n|\n|t:|1682976301\n|-terastallize|p2a: Brute Bonnet|Dark\n|move|p2a: Brute Bonnet|Sucker Punch||[still]\n|-fail|p2a: Brute Bonnet\n|move|p2b: Hydreigon|Draco Meteor|p1b: Tatsugiri\n|-supereffective|p1b: Tatsugiri\n|-crit|p1b: Tatsugiri\n|-damage|p1b: Tatsugiri|0 fnt\n|-unboost|p2b: Hydreigon|spa|2\n|faint|p1b: Tatsugiri\n|move|p1a: Glimmora|Toxic|p2a: Brute Bonnet\n|-status|p2a: Brute Bonnet|tox\n|\n|-damage|p2b: Hydreigon|51\/100 tox|[from] psn\n|-damage|p2a: Brute Bonnet|95\/100 tox|[from] psn\n|upkeep\n|\n|t:|1682976314\n|switch|p1b: Dondozo|Dondozo, L50, M|100\/100\n|turn|4\n|\n|t:|1682976325\n|move|p1a: Glimmora|Spiky Shield|p1a: Glimmora\n|-singleturn|p1a: Glimmora|move: Protect\n|move|p1b: Dondozo|Protect|p1b: Dondozo\n|-singleturn|p1b: Dondozo|Protect\n|move|p2b: Hydreigon|Heat Wave|p1b: Dondozo|[spread] \n|-activate|p1a: Glimmora|move: Protect\n|-activate|p1b: Dondozo|move: Protect\n|move|p2a: Brute Bonnet|Bullet Seed|p1b: Dondozo\n|-activate|p1b: Dondozo|move: Protect\n|\n|-damage|p2b: Hydreigon|33\/100 tox|[from] psn\n|-damage|p2a: Brute Bonnet|83\/100 tox|[from] psn\n|-sideend|p2: Sad offer boi|move: Tailwind\n|upkeep\n|turn|5\n|inactive|Kiriziomaro has 30 seconds left.\n|inactive|Sad offer boi has 30 seconds left.\n|\n|t:|1682976354\n|move|p1b: Dondozo|Protect|p1b: Dondozo\n|-singleturn|p1b: Dondozo|Protect\n|move|p2b: Hydreigon|Heat Wave|p1b: Dondozo|[spread] \n|-activate|p1b: Dondozo|move: Protect\n|-miss|p2b: Hydreigon|p1a: Glimmora\n|move|p1a: Glimmora|Power Gem|p2b: Hydreigon\n|-damage|p2b: Hydreigon|0 fnt\n|faint|p2b: Hydreigon\n|move|p2a: Brute Bonnet|Bullet Seed|p1b: Dondozo\n|-activate|p1b: Dondozo|move: Protect\n|\n|-damage|p2a: Brute Bonnet|65\/100 tox|[from] psn\n|upkeep\n|\n|t:|1682976366\n|switch|p2b: Maushold|Maushold-Four, L50|100\/100\n|-status|p2b: Maushold|tox\n|turn|6\n|\n|t:|1682976376\n|move|p1a: Glimmora|Spiky Shield|p1a: Glimmora\n|-singleturn|p1a: Glimmora|move: Protect\n|move|p2b: Maushold|Population Bomb|p1a: Glimmora\n|-activate|p1a: Glimmora|move: Protect\n|-damage|p2b: Maushold|88\/100 tox|[from] Spiky Shield|[of] p1a: Glimmora\n|move|p2a: Brute Bonnet|Bullet Seed|p1b: Dondozo\n|-supereffective|p1b: Dondozo\n|-damage|p1b: Dondozo|82\/100\n|-supereffective|p1b: Dondozo\n|-damage|p1b: Dondozo|62\/100\n|-supereffective|p1b: Dondozo\n|-damage|p1b: Dondozo|46\/100\n|-enditem|p1b: Dondozo|Sitrus Berry|[eat]\n|-heal|p1b: Dondozo|71\/100|[from] item: Sitrus Berry\n|-supereffective|p1b: Dondozo\n|-damage|p1b: Dondozo|54\/100\n|-supereffective|p1b: Dondozo\n|-damage|p1b: Dondozo|38\/100\n|-hitcount|p1b: Dondozo|5\n|move|p1b: Dondozo|Bulldoze|p2b: Maushold|[spread] p2a,p2b\n|-activate|p1a: Glimmora|move: Protect\n|-crit|p2b: Maushold\n|-damage|p2a: Brute Bonnet|56\/100 tox\n|-damage|p2b: Maushold|62\/100 tox\n|-unboost|p2a: Brute Bonnet|spe|1\n|-unboost|p2b: Maushold|spe|1\n|\n|-damage|p2b: Maushold|56\/100 tox|[from] psn\n|-damage|p2a: Brute Bonnet|32\/100 tox|[from] psn\n|upkeep\n|turn|7\n|inactive|Kiriziomaro has 30 seconds left.\n|inactive|Sad offer boi has 30 seconds left.\n|\n|t:|1682976406\n|move|p1b: Dondozo|Protect|p1b: Dondozo\n|-singleturn|p1b: Dondozo|Protect\n|move|p2a: Brute Bonnet|Sucker Punch|p1a: Glimmora\n|-damage|p1a: Glimmora|0 fnt\n|faint|p1a: Glimmora\n|move|p2b: Maushold|Population Bomb|p1b: Dondozo\n|-activate|p1b: Dondozo|move: Protect\n|\n|-damage|p2b: Maushold|44\/100 tox|[from] psn\n|-damage|p2a: Brute Bonnet|2\/100 tox|[from] psn\n|upkeep\n|\n|t:|1682976410\n|switch|p1a: Flutter Mane|Flutter Mane, L50|100\/100\n|-enditem|p1a: Flutter Mane|Booster Energy\n|-activate|p1a: Flutter Mane|ability: Protosynthesis|[fromitem]\n|-start|p1a: Flutter Mane|protosynthesisspe\n|turn|8\n|\n|t:|1682976429\n|move|p1a: Flutter Mane|Protect|p1a: Flutter Mane\n|-singleturn|p1a: Flutter Mane|Protect\n|move|p2a: Brute Bonnet|Sucker Punch||[still]\n|-fail|p2a: Brute Bonnet\n|move|p2b: Maushold|Giga Impact|p1b: Dondozo\n|-damage|p1b: Dondozo|1\/100\n|-mustrecharge|p2b: Maushold\n|move|p1b: Dondozo|Bulldoze|p2a: Brute Bonnet|[spread] p2a,p2b\n|-activate|p1a: Flutter Mane|move: Protect\n|-damage|p2a: Brute Bonnet|0 fnt\n|-damage|p2b: Maushold|27\/100 tox\n|-unboost|p2b: Maushold|spe|1\n|faint|p2a: Brute Bonnet\n|-end|p2a: Brute Bonnet|Protosynthesis|[silent]\n|\n|-damage|p2b: Maushold|9\/100 tox|[from] psn\n|upkeep\n|turn|9\n|\n|t:|1682976445\n|move|p1a: Flutter Mane|Substitute|p1a: Flutter Mane\n|-start|p1a: Flutter Mane|Substitute\n|-damage|p1a: Flutter Mane|76\/100\n|cant|p2b: Maushold|recharge\n|move|p1b: Dondozo|Yawn||[still]\n|-fail|p1b: Dondozo\n|\n|-damage|p2b: Maushold|0 fnt|[from] psn\n|faint|p2b: Maushold\n|\n|win|Kiriziomaro\n|upkeep\n|raw|Kiriziomaro's rating: 1118 → 1139<\/strong> (+21 for winning)\n|raw|Sad offer boi's rating: 1063 → 1047<\/strong> (-16 for losing)\n|l|\u2606Sad offer boi\n","uploadtime":1682976456,"views":11,"p1id":"kiriziomaro","p2id":"sadofferboi","formatid":"gen9vgc2023regulationc","rating":1047,"private":0,"password":""}