{"id":"gen9vgc2023regulationc-1847913394","p1":"Leafaruen","p2":"Whismuravocado","format":"[Gen 9] VGC 2023 Regulation C","log":"|j|\u2606Leafaruen\n|j|\u2606Whismuravocado\n|t:|1682012201\n|gametype|doubles\n|player|p1|Leafaruen|acetrainer-gen4dp|1400\n|player|p2|Whismuravocado|sabrina|1452\n|teamsize|p1|6\n|teamsize|p2|6\n|gen|9\n|tier|[Gen 9] VGC 2023 Regulation C\n|rated|\n|rule|Species Clause: Limit one of each Pok\u00e9mon\n|rule|Item Clause: Limit one of each item\n|clearpoke\n|poke|p1|Scyther, L50, F|\n|poke|p1|Palafin, L50, F|\n|poke|p1|Pelipper, L50, M|\n|poke|p1|Amoonguss, L50, M|\n|poke|p1|Sandy Shocks, L50|\n|poke|p1|Chien-Pao, L50|\n|poke|p2|Hippowdon, L50, F|\n|poke|p2|Corviknight, L50, F|\n|poke|p2|Houndstone, L50, F|\n|poke|p2|Amoonguss, L50, M|\n|poke|p2|Gastrodon, L50, F|\n|poke|p2|Farigiraf, L50, M|\n|teampreview|4\n|inactive|Battle timer is ON: inactive players will automatically lose when time's up. (requested by Whismuravocado)\n|\n|t:|1682012232\n|start\n|switch|p1a: Sandy Shocks|Sandy Shocks, L50|100\/100\n|switch|p1b: Pelipper|Pelipper, L50, M|100\/100\n|switch|p2a: Corviknight|Corviknight, L50, F|100\/100\n|switch|p2b: Gastrodon|Gastrodon, L50, F|100\/100\n|-weather|RainDance|[from] ability: Drizzle|[of] p1b: Pelipper\n|-enditem|p1a: Sandy Shocks|Booster Energy\n|-activate|p1a: Sandy Shocks|ability: Protosynthesis|[fromitem]\n|-start|p1a: Sandy Shocks|protosynthesisspe\n|turn|1\n|\n|t:|1682012252\n|switch|p2a: Hippowdon|Hippowdon, L50, F|100\/100\n|-weather|Sandstorm|[from] ability: Sand Stream|[of] p2a: Hippowdon\n|move|p1a: Sandy Shocks|Thunder|p2a: Hippowdon\n|-immune|p2a: Hippowdon\n|move|p1b: Pelipper|Hurricane|p2b: Gastrodon|[miss]\n|-miss|p1b: Pelipper|p2b: Gastrodon\n|move|p2b: Gastrodon|Muddy Water|p1b: Pelipper|[spread] p1a,p1b\n|-supereffective|p1a: Sandy Shocks\n|-resisted|p1b: Pelipper\n|-damage|p1a: Sandy Shocks|27\/100\n|-damage|p1b: Pelipper|83\/100\n|-unboost|p1a: Sandy Shocks|accuracy|1\n|-unboost|p1b: Pelipper|accuracy|1\n|\n|-weather|Sandstorm|[upkeep]\n|-damage|p1b: Pelipper|77\/100|[from] Sandstorm\n|upkeep\n|turn|2\n|inactive|Leafaruen has 30 seconds left.\n|inactive|Whismuravocado has 30 seconds left.\n|\n|t:|1682012285\n|switch|p1b: Scyther|Scyther, L50, F|100\/100\n|move|p1a: Sandy Shocks|Earth Power|p2b: Gastrodon|[miss]\n|-miss|p1a: Sandy Shocks|p2b: Gastrodon\n|move|p2a: Hippowdon|Stone Edge|p1b: Scyther\n|-supereffective|p1b: Scyther\n|-crit|p1b: Scyther\n|-damage|p1b: Scyther|0 fnt\n|faint|p1b: Scyther\n|move|p2b: Gastrodon|Muddy Water|p1a: Sandy Shocks|[miss]\n|-miss|p2b: Gastrodon|p1a: Sandy Shocks\n|\n|-weather|Sandstorm|[upkeep]\n|upkeep\n|\n|t:|1682012301\n|switch|p1b: Chien-Pao|Chien-Pao, L50|100\/100\n|-ability|p1b: Chien-Pao|Sword of Ruin\n|turn|3\n|\n|t:|1682012317\n|-end|p1a: Sandy Shocks|Protosynthesis|[silent]\n|switch|p1a: Pelipper|Pelipper, L50, M|77\/100\n|-weather|RainDance|[from] ability: Drizzle|[of] p1a: Pelipper\n|-terastallize|p2a: Hippowdon|Rock\n|move|p1b: Chien-Pao|Ice Spinner|p2b: Gastrodon\n|-crit|p2b: Gastrodon\n|-damage|p2b: Gastrodon|21\/100\n|move|p2a: Hippowdon|Stone Edge|p1b: Chien-Pao\n|-supereffective|p1b: Chien-Pao\n|-enditem|p1b: Chien-Pao|Focus Sash\n|-damage|p1b: Chien-Pao|1\/100\n|move|p2b: Gastrodon|Muddy Water|p1b: Chien-Pao|[spread] p1a,p1b\n|-resisted|p1a: Pelipper\n|-crit|p1b: Chien-Pao\n|-damage|p1a: Pelipper|51\/100\n|-damage|p1b: Chien-Pao|0 fnt\n|faint|p1b: Chien-Pao\n|\n|-weather|RainDance|[upkeep]\n|upkeep\n|\n|t:|1682012337\n|switch|p1b: Sandy Shocks|Sandy Shocks, L50|27\/100\n|turn|4\n|\n|t:|1682012345\n|switch|p2a: Houndstone|Houndstone, L50, F|100\/100\n|move|p1b: Sandy Shocks|Earth Power|p2a: Houndstone\n|-damage|p2a: Houndstone|43\/100\n|move|p1a: Pelipper|Hydro Pump|p2b: Gastrodon\n|-activate|p2b: Gastrodon|ability: Storm Drain\n|-ability|p2b: Gastrodon|Storm Drain|boost\n|-boost|p2b: Gastrodon|spa|1\n|move|p2b: Gastrodon|Muddy Water|p1a: Pelipper|[spread] p1a,p1b\n|-resisted|p1a: Pelipper\n|-supereffective|p1b: Sandy Shocks\n|-damage|p1a: Pelipper|15\/100\n|-damage|p1b: Sandy Shocks|0 fnt\n|faint|p1b: Sandy Shocks\n|-end|p1b: Sandy Shocks|Protosynthesis|[silent]\n|\n|-weather|RainDance|[upkeep]\n|upkeep\n|turn|5\n|-message|Leafaruen forfeited.\n|\n|win|Whismuravocado\n|raw|Leafaruen's rating: 1400 → 1383<\/strong> (-17 for losing)\n|raw|Whismuravocado's rating: 1452 → 1469<\/strong> (+17 for winning)\n","uploadtime":1682012372,"views":12,"p1id":"leafaruen","p2id":"whismuravocado","formatid":"gen9vgc2023regulationc","rating":1383,"private":0,"password":""}