{"id":"gen9vgc2023regulationc-1861539458","p1":"Levelmax15","p2":"shurick","format":"[Gen 9] VGC 2023 Regulation C","log":"|j|\u2606Levelmax15\n|j|\u2606shurick\n|t:|1683770534\n|gametype|doubles\n|player|p1|Levelmax15|170|\n|player|p2|shurick|ghetsis|\n|teamsize|p1|6\n|teamsize|p2|6\n|gen|9\n|tier|[Gen 9] VGC 2023 Regulation C\n|rule|Species Clause: Limit one of each Pok\u00e9mon\n|rule|Item Clause: Limit one of each item\n|clearpoke\n|poke|p1|Chi-Yu, L50|\n|poke|p1|Flutter Mane, L50|\n|poke|p1|Iron Bundle, L50|\n|poke|p1|Annihilape, L50, F|\n|poke|p1|Maushold-Four, L50|\n|poke|p1|Dragonite, L50, M|\n|poke|p2|Baxcalibur, L50, F|\n|poke|p2|Amoonguss, L50, F|\n|poke|p2|Pawmot, L50, F|\n|poke|p2|Flutter Mane, L50|\n|poke|p2|Garganacl, L50, M|\n|poke|p2|Palafin, L50, F|\n|teampreview|4\n|j| MeteorPlayz_\n|\n|t:|1683770570\n|start\n|switch|p1a: Iron Bundle|Iron Bundle, L50|100\/100\n|switch|p1b: Flutter Mane|Flutter Mane, L50|100\/100\n|switch|p2a: RaidenTamemon|Amoonguss, L50, F|100\/100\n|switch|p2b: Buda|Palafin, L50, F|100\/100\n|-enditem|p1a: Iron Bundle|Booster Energy\n|-activate|p1a: Iron Bundle|ability: Quark Drive|[fromitem]\n|-start|p1a: Iron Bundle|quarkdrivespe\n|turn|1\n|\n|t:|1683770596\n|detailschange|p2b: Buda|Palafin-Hero, L50, F\n|switch|p2b: NikolaTesla|Pawmot, L50, F|100\/100\n|move|p1a: Iron Bundle|Freeze-Dry|p2b: NikolaTesla\n|-damage|p2b: NikolaTesla|36\/100\n|-status|p2b: NikolaTesla|frz\n|move|p1b: Flutter Mane|Dazzling Gleam|p2a: RaidenTamemon|[spread] p2a,p2b\n|-resisted|p2a: RaidenTamemon\n|-supereffective|p2b: NikolaTesla\n|-damage|p2a: RaidenTamemon|84\/100\n|-damage|p2b: NikolaTesla|0 fnt\n|faint|p2b: NikolaTesla\n|move|p2a: RaidenTamemon|Spore|p1b: Flutter Mane\n|-status|p1b: Flutter Mane|slp|[from] move: Spore\n|\n|upkeep\n|\n|t:|1683770603\n|switch|p2b: Buda|Palafin-Hero, L50, F|100\/100\n|-activate|p2b: Buda|ability: Zero to Hero\n|turn|2\n|\n|t:|1683770650\n|-end|p1b: Flutter Mane|Protosynthesis|[silent]\n|switch|p1b: Chi-Yu|Chi-Yu, L50|100\/100\n|-ability|p1b: Chi-Yu|Beads of Ruin\n|move|p2b: Buda|Protect|p2b: Buda\n|-singleturn|p2b: Buda|Protect\n|move|p1a: Iron Bundle|Freeze-Dry|p2b: Buda\n|-activate|p2b: Buda|move: Protect\n|move|p2a: RaidenTamemon|Giga Drain|p1a: Iron Bundle\n|-supereffective|p1a: Iron Bundle\n|-damage|p1a: Iron Bundle|0 fnt\n|-heal|p2a: RaidenTamemon|100\/100|[from] drain|[of] p1a: Iron Bundle\n|faint|p1a: Iron Bundle\n|-end|p1a: Iron Bundle|Quark Drive|[silent]\n|\n|upkeep\n|\n|t:|1683770663\n|switch|p1a: Dragonite|Dragonite, L50, M|100\/100\n|turn|3\n|\n|t:|1683770699\n|-terastallize|p1b: Chi-Yu|Grass\n|-terastallize|p2b: Buda|Water\n|move|p2a: RaidenTamemon|Rage Powder|p2a: RaidenTamemon\n|-singleturn|p2a: RaidenTamemon|move: Rage Powder\n|move|p2b: Buda|Jet Punch|p1b: Chi-Yu\n|-resisted|p1b: Chi-Yu\n|-damage|p1b: Chi-Yu|54\/100\n|move|p1b: Chi-Yu|Dark Pulse|p2b: Buda\n|-crit|p2b: Buda\n|-damage|p2b: Buda|0 fnt\n|faint|p2b: Buda\n|-damage|p1b: Chi-Yu|44\/100|[from] item: Life Orb\n|move|p1a: Dragonite|Ice Spinner|p2a: RaidenTamemon\n|-supereffective|p2a: RaidenTamemon\n|-damage|p2a: RaidenTamemon|43\/100\n|-damage|p1a: Dragonite|84\/100|[from] item: Rocky Helmet|[of] p2a: RaidenTamemon\n|\n|upkeep\n|\n|t:|1683770723\n|switch|p2b: Simo hayha|Baxcalibur, L50, F|100\/100\n|turn|4\n|\n|t:|1683770743\n|switch|p1a: Flutter Mane|Flutter Mane, L50|100\/100 slp\n|move|p2a: RaidenTamemon|Rage Powder|p2a: RaidenTamemon\n|-singleturn|p2a: RaidenTamemon|move: Rage Powder\n|move|p1b: Chi-Yu|Heat Wave|p2a: RaidenTamemon|[spread] p2a,p2b\n|-supereffective|p2a: RaidenTamemon\n|-damage|p2a: RaidenTamemon|0 fnt\n|-damage|p2b: Simo hayha|25\/100\n|-ability|p2b: Simo hayha|Thermal Exchange|boost\n|-boost|p2b: Simo hayha|atk|1\n|faint|p2a: RaidenTamemon\n|-damage|p1b: Chi-Yu|34\/100|[from] item: Life Orb\n|move|p2b: Simo hayha|Dragon Dance|p2b: Simo hayha\n|-boost|p2b: Simo hayha|atk|1\n|-boost|p2b: Simo hayha|spe|1\n|\n|upkeep\n|turn|5\n|\n|t:|1683770768\n|move|p1b: Chi-Yu|Protect|p1b: Chi-Yu\n|-singleturn|p1b: Chi-Yu|Protect\n|move|p2b: Simo hayha|Icicle Spear|p1a: Flutter Mane\n|-damage|p1a: Flutter Mane|27\/100 slp\n|-damage|p1a: Flutter Mane|0 fnt\n|faint|p1a: Flutter Mane\n|-end|p1a: Flutter Mane|Protosynthesis|[silent]\n|-hitcount|p1: Flutter Mane|2\n|\n|upkeep\n|\n|t:|1683770772\n|switch|p1a: Dragonite|Dragonite, L50, M|84\/100\n|turn|6\n|\n|t:|1683770778\n|move|p1a: Dragonite|Extreme Speed|p2b: Simo hayha\n|-damage|p2b: Simo hayha|0 fnt\n|faint|p2b: Simo hayha\n|\n|win|Levelmax15\n|l|\u2606Levelmax15\n|j|\u2606Levelmax15\n|player|p1|Levelmax15|170\n|l|\u2606Levelmax15\n|player|p1|\n","uploadtime":1683770794,"views":19,"p1id":"levelmax15","p2id":"shurick","formatid":"gen9vgc2023regulationc","rating":0,"private":0,"password":""}