{"id":"gen9vgc2023regulationc-1858603512","p1":"Nora Amaura","p2":"TheMurderousman","format":"[Gen 9] VGC 2023 Regulation C","log":"|j|\u2606Nora Amaura\n|j|\u2606TheMurderousman\n|t:|1683330958\n|gametype|doubles\n|player|p1|Nora Amaura|bugcatcher-gen4dp|\n|player|p2|TheMurderousman|1|\n|teamsize|p1|6\n|teamsize|p2|6\n|gen|9\n|tier|[Gen 9] VGC 2023 Regulation C\n|rule|Species Clause: Limit one of each Pok\u00e9mon\n|rule|Item Clause: Limit one of each item\n|clearpoke\n|poke|p1|Vivillon, L50, M|\n|poke|p1|Ting-Lu, L50|\n|poke|p1|Flutter Mane, L50|\n|poke|p1|Chi-Yu, L50|\n|poke|p1|Orthworm, L50, M|\n|poke|p1|Amoonguss, L50, F|\n|poke|p2|Wo-Chien, L50|\n|poke|p2|Torkoal, L50, F|\n|poke|p2|Mismagius, L50, M|\n|poke|p2|Dugtrio, L50, F|\n|poke|p2|Barraskewda, L50, F|\n|poke|p2|Cryogonal, L50|\n|teampreview|4\n|\n|t:|1683331004\n|start\n|switch|p1a: Ting-Lu|Ting-Lu, L50|100\/100\n|switch|p1b: Orthworm|Orthworm, L50, M, shiny|100\/100\n|switch|p2a: Dugtrio|Dugtrio, L50, F|100\/100\n|switch|p2b: Mismagius|Mismagius, L50, M|100\/100\n|-ability|p1a: Ting-Lu|Vessel of Ruin\n|turn|1\n|\n|t:|1683331031\n|move|p2a: Dugtrio|Protect|p2a: Dugtrio\n|-singleturn|p2a: Dugtrio|Protect\n|move|p2b: Mismagius|Perish Song|p2b: Mismagius\n|-start|p1a: Ting-Lu|perish3|[silent]\n|-start|p1b: Orthworm|perish3|[silent]\n|-start|p2a: Dugtrio|perish3|[silent]\n|-start|p2b: Mismagius|perish3|[silent]\n|-fieldactivate|move: Perish Song\n|move|p1b: Orthworm|Shed Tail|p1b: Orthworm\n|-start|p1b: Orthworm|Substitute|[from] move: Shed Tail\n|-damage|p1b: Orthworm|50\/100\n|-enditem|p1b: Orthworm|Sitrus Berry|[eat]\n|-heal|p1b: Orthworm|75\/100|[from] item: Sitrus Berry\n|\n|t:|1683331040\n|switch|p1b: Chi-Yu|Chi-Yu, L50|100\/100|[from] Shed Tail\n|-ability|p1b: Chi-Yu|Beads of Ruin\n|move|p1a: Ting-Lu|Earthquake|p2b: Mismagius|[spread] p1b\n|-activate|p2a: Dugtrio|move: Protect\n|-immune|p2b: Mismagius|[from] ability: Levitate\n|-supereffective|p1b: Chi-Yu\n|-end|p1b: Chi-Yu|Substitute\n|\n|-start|p2b: Mismagius|perish3\n|-start|p2a: Dugtrio|perish3\n|-start|p1a: Ting-Lu|perish3\n|upkeep\n|turn|2\n|\n|t:|1683331072\n|switch|p2b: Barraskewda|Barraskewda, L50, F|100\/100\n|-terastallize|p1b: Chi-Yu|Ghost\n|move|p1b: Chi-Yu|Protect|p1b: Chi-Yu\n|-singleturn|p1b: Chi-Yu|Protect\n|move|p2a: Dugtrio|Substitute|p2a: Dugtrio\n|-start|p2a: Dugtrio|Substitute\n|-damage|p2a: Dugtrio|76\/100\n|move|p1a: Ting-Lu|Rock Slide|p2b: Barraskewda|[spread] p2a,p2b\n|-resisted|p2a: Dugtrio\n|-activate|p2a: Dugtrio|move: Substitute|[damage]\n|-damage|p2b: Barraskewda|63\/100\n|\n|-start|p2a: Dugtrio|perish2\n|-start|p1a: Ting-Lu|perish2\n|upkeep\n|turn|3\n|\n|t:|1683331097\n|switch|p1b: Orthworm|Orthworm, L50, M, shiny|75\/100\n|move|p2b: Barraskewda|Aqua Jet|p1b: Orthworm\n|-crit|p1b: Orthworm\n|-damage|p1b: Orthworm|52\/100\n|move|p2a: Dugtrio|Fissure|p1b: Orthworm\n|-heal|p1b: Orthworm|77\/100|[from] ability: Earth Eater|[of] p2a: Dugtrio\n|move|p1a: Ting-Lu|Earthquake|p2b: Barraskewda|[spread] p2a,p2b\n|-heal|p1b: Orthworm|100\/100|[from] ability: Earth Eater|[of] p1a: Ting-Lu\n|-end|p2a: Dugtrio|Substitute\n|-damage|p2b: Barraskewda|0 fnt\n|faint|p2b: Barraskewda\n|\n|-start|p2a: Dugtrio|perish1\n|-start|p1a: Ting-Lu|perish1\n|upkeep\n|\n|t:|1683331114\n|switch|p2b: Mismagius|Mismagius, L50, M|100\/100\n|turn|4\n|\n|t:|1683331136\n|switch|p2a: Wo-Chien|Wo-Chien, L50|100\/100\n|-ability|p2a: Wo-Chien|Tablets of Ruin\n|move|p2b: Mismagius|Protect|p2b: Mismagius\n|-singleturn|p2b: Mismagius|Protect\n|move|p1b: Orthworm|Body Press|p2a: Wo-Chien\n|-supereffective|p2a: Wo-Chien\n|-damage|p2a: Wo-Chien|59\/100\n|move|p1a: Ting-Lu|Earthquake|p2b: Mismagius|[spread] p2a\n|-activate|p2b: Mismagius|move: Protect\n|-immune|p1b: Orthworm|[from] ability: Earth Eater\n|-resisted|p2a: Wo-Chien\n|-damage|p2a: Wo-Chien|44\/100\n|\n|-start|p1a: Ting-Lu|perish0\n|faint|p1a: Ting-Lu\n|upkeep\n|\n|t:|1683331151\n|switch|p1a: Vivillon|Vivillon, L50, M|100\/100\n|turn|5\n|\n|t:|1683331164\n|-terastallize|p2a: Wo-Chien|Water\n|move|p2b: Mismagius|Perish Song|p2b: Mismagius\n|-start|p1a: Vivillon|perish3|[silent]\n|-start|p1b: Orthworm|perish3|[silent]\n|-start|p2a: Wo-Chien|perish3|[silent]\n|-start|p2b: Mismagius|perish3|[silent]\n|-fieldactivate|move: Perish Song\n|move|p1a: Vivillon|Pollen Puff|p2a: Wo-Chien\n|-damage|p2a: Wo-Chien|22\/100\n|move|p2a: Wo-Chien|Stun Spore|p1b: Orthworm\n|-status|p1b: Orthworm|par\n|move|p1b: Orthworm|Heavy Slam|p2b: Mismagius\n|-damage|p2b: Mismagius|57\/100\n|\n|-start|p2b: Mismagius|perish3\n|-start|p1a: Vivillon|perish3\n|-start|p2a: Wo-Chien|perish3\n|-start|p1b: Orthworm|perish3\n|upkeep\n|turn|6\n|\n|t:|1683331193\n|move|p2b: Mismagius|Protect|p2b: Mismagius\n|-singleturn|p2b: Mismagius|Protect\n|move|p1a: Vivillon|Pollen Puff|p2b: Mismagius\n|-activate|p2b: Mismagius|move: Protect\n|move|p2a: Wo-Chien|Leech Seed|p1b: Orthworm\n|-start|p1b: Orthworm|move: Leech Seed\n|move|p1b: Orthworm|Body Press|p2a: Wo-Chien\n|-damage|p2a: Wo-Chien|0 fnt\n|faint|p2a: Wo-Chien\n|\n|-start|p2b: Mismagius|perish2\n|-start|p1a: Vivillon|perish2\n|-start|p1b: Orthworm|perish2\n|upkeep\n|\n|t:|1683331207\n|switch|p2a: Dugtrio|Dugtrio, L50, F|76\/100\n|turn|7\n|\n|t:|1683331228\n|move|p1a: Vivillon|Protect|p1a: Vivillon\n|-singleturn|p1a: Vivillon|Protect\n|move|p2b: Mismagius|Mean Look|p1a: Vivillon\n|-activate|p1a: Vivillon|trapped\n|move|p2a: Dugtrio|Substitute|p2a: Dugtrio\n|-start|p2a: Dugtrio|Substitute\n|-damage|p2a: Dugtrio|51\/100\n|move|p1b: Orthworm|Heavy Slam|p2b: Mismagius\n|-damage|p2b: Mismagius|2\/100\n|-enditem|p2b: Mismagius|Aguav Berry|[eat]\n|-heal|p2b: Mismagius|35\/100|[from] item: Aguav Berry\n|\n|-damage|p1b: Orthworm|88\/100 par|[from] Leech Seed|[of] p2a: Dugtrio\n|-heal|p2a: Dugtrio|66\/100|[silent]\n|-start|p2b: Mismagius|perish1\n|-start|p1a: Vivillon|perish1\n|-start|p1b: Orthworm|perish1\n|upkeep\n|turn|8\n|\n|t:|1683331295\n|move|p2b: Mismagius|Protect|p2b: Mismagius\n|-singleturn|p2b: Mismagius|Protect\n|move|p2a: Dugtrio|Protect|p2a: Dugtrio\n|-singleturn|p2a: Dugtrio|Protect\n|move|p1a: Vivillon|Pollen Puff|p2a: Dugtrio\n|-activate|p2a: Dugtrio|move: Protect\n|cant|p1b: Orthworm|par\n|\n|-damage|p1b: Orthworm|76\/100 par|[from] Leech Seed|[of] p2a: Dugtrio\n|-heal|p2a: Dugtrio|81\/100|[silent]\n|-start|p2b: Mismagius|perish0\n|-start|p1a: Vivillon|perish0\n|-start|p1b: Orthworm|perish0\n|faint|p2b: Mismagius\n|faint|p1a: Vivillon\n|faint|p1b: Orthworm\n|upkeep\n|\n|t:|1683331324\n|switch|p1b: Chi-Yu|Chi-Yu, L50, tera:Ghost|100\/100\n|-ability|p1b: Chi-Yu|Beads of Ruin\n|turn|9\n|\n|t:|1683331343\n|move|p2a: Dugtrio|Fissure|p1b: Chi-Yu\n|-damage|p1b: Chi-Yu|0 fnt\n|faint|p1b: Chi-Yu\n|-ohko\n|\n|win|TheMurderousman\n|l|\u2606Nora Amaura\n","uploadtime":1683331360,"views":8,"p1id":"noraamaura","p2id":"themurderousman","formatid":"gen9vgc2023regulationc","rating":0,"private":0,"password":""}