{"id":"gen9vgc2023regulationc-1855344977","p1":"SrBidais","p2":"Bsnsbsbsveh","format":"[Gen 9] VGC 2023 Regulation C","log":"|j|\u2606SrBidais\n|j|\u2606Bsnsbsbsveh\n|t:|1682940636\n|gametype|doubles\n|player|p1|SrBidais|veteran|1061\n|player|p2|Bsnsbsbsveh|170|1022\n|teamsize|p1|6\n|teamsize|p2|6\n|gen|9\n|tier|[Gen 9] VGC 2023 Regulation C\n|rated|\n|rule|Species Clause: Limit one of each Pok\u00e9mon\n|rule|Item Clause: Limit one of each item\n|clearpoke\n|poke|p1|Flutter Mane, L50|\n|poke|p1|Dragonite, L50, F|\n|poke|p1|Garganacl, L50, F|\n|poke|p1|Wo-Chien, L50|\n|poke|p1|Arcanine, L50, M|\n|poke|p1|Gholdengo, L50|\n|poke|p2|Hippowdon, L50, F|\n|poke|p2|Garganacl, L50, M|\n|poke|p2|Ting-Lu, L50|\n|poke|p2|Amoonguss, L50, M|\n|poke|p2|Bronzong, L50|\n|poke|p2|Iron Hands, L50|\n|teampreview|4\n|inactive|Battle timer is ON: inactive players will automatically lose when time's up. (requested by Bsnsbsbsveh)\n|inactive|SrBidais has 60 seconds left.\n|inactive|Bsnsbsbsveh has 60 seconds left.\n|\n|t:|1682940677\n|start\n|switch|p1a: Dragonite|Dragonite, L50, F|100\/100\n|switch|p1b: Wo-Chien|Wo-Chien, L50|100\/100\n|switch|p2a: Hippowdon|Hippowdon, L50, F|100\/100\n|switch|p2b: Garganacl|Garganacl, L50, M|100\/100\n|-ability|p1b: Wo-Chien|Tablets of Ruin\n|-weather|Sandstorm|[from] ability: Sand Stream|[of] p2a: Hippowdon\n|turn|1\n|inactive|SrBidais has 30 seconds left.\n|inactive|Bsnsbsbsveh has 30 seconds left.\n|inactive|Bsnsbsbsveh has 20 seconds left.\n|\n|t:|1682940713\n|move|p2a: Hippowdon|Protect|p2a: Hippowdon\n|-singleturn|p2a: Hippowdon|Protect\n|move|p2b: Garganacl|Protect|p2b: Garganacl\n|-singleturn|p2b: Garganacl|Protect\n|move|p1a: Dragonite|Ice Spinner|p2a: Hippowdon\n|-activate|p2a: Hippowdon|move: Protect\n|move|p1b: Wo-Chien|Leech Seed|p2b: Garganacl\n|-activate|p2b: Garganacl|move: Protect\n|\n|-weather|Sandstorm|[upkeep]\n|-damage|p1b: Wo-Chien|94\/100|[from] Sandstorm\n|-damage|p1a: Dragonite|94\/100|[from] Sandstorm\n|upkeep\n|turn|2\n|inactive|Bsnsbsbsveh has 30 seconds left.\n|\n|t:|1682940747\n|move|p1a: Dragonite|Ice Spinner|p2a: Hippowdon\n|-supereffective|p2a: Hippowdon\n|-damage|p2a: Hippowdon|71\/100\n|move|p1b: Wo-Chien|Leech Seed|p2b: Garganacl\n|-start|p2b: Garganacl|move: Leech Seed\n|move|p2a: Hippowdon|Sand Tomb|p1b: Wo-Chien\n|-resisted|p1b: Wo-Chien\n|-crit|p1b: Wo-Chien\n|-damage|p1b: Wo-Chien|86\/100\n|-activate|p1b: Wo-Chien|move: Sand Tomb|[of] p2a: Hippowdon\n|move|p2b: Garganacl|Salt Cure|p1b: Wo-Chien\n|-damage|p1b: Wo-Chien|75\/100\n|-start|p1b: Wo-Chien|Salt Cure\n|\n|-weather|Sandstorm|[upkeep]\n|-damage|p1a: Dragonite|88\/100|[from] Sandstorm\n|-damage|p1b: Wo-Chien|69\/100|[from] Sandstorm\n|-damage|p2b: Garganacl|88\/100|[from] Leech Seed|[of] p1b: Wo-Chien\n|-heal|p1b: Wo-Chien|86\/100|[silent]\n|-damage|p1b: Wo-Chien|73\/100|[from] Salt Cure\n|-damage|p1b: Wo-Chien|57\/100|[from] move: Sand Tomb|[partiallytrapped]\n|upkeep\n|turn|3\n|inactive|Bsnsbsbsveh has 30 seconds left.\n|\n|t:|1682940779\n|switch|p2b: Bronzong|Bronzong, L50|100\/100\n|move|p1a: Dragonite|Extreme Speed|p2b: Bronzong\n|-resisted|p2b: Bronzong\n|-damage|p2b: Bronzong|91\/100\n|move|p1b: Wo-Chien|Leech Seed|p2a: Hippowdon\n|-start|p2a: Hippowdon|move: Leech Seed\n|move|p2a: Hippowdon|Yawn|p1b: Wo-Chien\n|-start|p1b: Wo-Chien|move: Yawn|[of] p2a: Hippowdon\n|\n|-weather|Sandstorm|[upkeep]\n|-damage|p1b: Wo-Chien|50\/100|[from] Sandstorm\n|-damage|p1a: Dragonite|82\/100|[from] Sandstorm\n|-damage|p2a: Hippowdon|59\/100|[from] Leech Seed|[of] p1b: Wo-Chien\n|-heal|p1b: Wo-Chien|68\/100|[silent]\n|-damage|p1b: Wo-Chien|52\/100|[from] move: Sand Tomb|[partiallytrapped]\n|-damage|p1b: Wo-Chien|39\/100|[from] Salt Cure\n|upkeep\n|turn|4\n|inactive|Bsnsbsbsveh has 30 seconds left.\n|\n|t:|1682940806\n|move|p1b: Wo-Chien|Ingrain|p1b: Wo-Chien\n|-start|p1b: Wo-Chien|move: Ingrain\n|move|p1a: Dragonite|Ice Spinner|p2a: Hippowdon\n|-supereffective|p2a: Hippowdon\n|-damage|p2a: Hippowdon|28\/100\n|move|p2a: Hippowdon|Slack Off|p2a: Hippowdon\n|-heal|p2a: Hippowdon|78\/100\n|move|p2b: Bronzong|Trick Room|p2b: Bronzong\n|-fieldstart|move: Trick Room|[of] p2b: Bronzong\n|\n|-weather|Sandstorm|[upkeep]\n|-damage|p1a: Dragonite|76\/100|[from] Sandstorm\n|-damage|p1b: Wo-Chien|33\/100|[from] Sandstorm\n|-heal|p1b: Wo-Chien|41\/100|[from] Ingrain\n|-damage|p2a: Hippowdon|66\/100|[from] Leech Seed|[of] p1b: Wo-Chien\n|-heal|p1b: Wo-Chien|59\/100|[silent]\n|-damage|p1b: Wo-Chien|46\/100|[from] Salt Cure\n|-damage|p1b: Wo-Chien|30\/100|[from] move: Sand Tomb|[partiallytrapped]\n|-end|p1b: Wo-Chien|move: Yawn|[silent]\n|-status|p1b: Wo-Chien|slp\n|upkeep\n|turn|5\n|inactive|SrBidais has 30 seconds left.\n|inactive|Bsnsbsbsveh has 30 seconds left.\n|c|\u2606SrBidais|both my pokes are slower bruh\n|inactive|SrBidais has 20 seconds left.\n|c|\u2606SrBidais|srry to tell ya\n|inactive|SrBidais has 15 seconds left.\n|inactive|SrBidais has 10 seconds left.\n|inactive|SrBidais has 5 seconds left.\n|\n|t:|1682940858\n|switch|p2a: Garganacl|Garganacl, L50, M|88\/100\n|move|p1a: Dragonite|Extreme Speed|p2a: Garganacl\n|-resisted|p2a: Garganacl\n|-damage|p2a: Garganacl|83\/100\n|move|p2b: Bronzong|Iron Defense|p2b: Bronzong\n|-boost|p2b: Bronzong|def|2\n|cant|p1b: Wo-Chien|slp\n|\n|-weather|none\n|-heal|p2a: Garganacl|88\/100|[from] item: Leftovers\n|-heal|p1b: Wo-Chien|38\/100 slp|[from] Ingrain\n|-end|p1b: Wo-Chien|Sand Tomb|[partiallytrapped]|[silent]\n|-damage|p1b: Wo-Chien|25\/100 slp|[from] Salt Cure\n|upkeep\n|turn|6\n|inactive|SrBidais has 30 seconds left.\n|inactive|Bsnsbsbsveh has 30 seconds left.\n|\n|t:|1682940887\n|move|p1a: Dragonite|Extreme Speed|p2a: Garganacl\n|-resisted|p2a: Garganacl\n|-damage|p2a: Garganacl|83\/100\n|move|p2b: Bronzong|Gyro Ball|p1b: Wo-Chien\n|-damage|p1b: Wo-Chien|8\/100 slp\n|move|p2a: Garganacl|Salt Cure|p1a: Dragonite\n|-supereffective|p1a: Dragonite\n|-damage|p1a: Dragonite|55\/100\n|-start|p1a: Dragonite|Salt Cure\n|-curestatus|p1b: Wo-Chien|slp|[msg]\n|move|p1b: Wo-Chien|Leech Seed|p2a: Garganacl\n|-start|p2a: Garganacl|move: Leech Seed\n|\n|-heal|p2a: Garganacl|88\/100|[from] item: Leftovers\n|-heal|p1b: Wo-Chien|17\/100|[from] Ingrain\n|-damage|p2a: Garganacl|76\/100|[from] Leech Seed|[of] p1b: Wo-Chien\n|-heal|p1b: Wo-Chien|33\/100|[silent]\n|-damage|p1a: Dragonite|43\/100|[from] Salt Cure\n|-damage|p1b: Wo-Chien|21\/100|[from] Salt Cure\n|upkeep\n|turn|7\n|inactive|SrBidais has 30 seconds left.\n|inactive|Bsnsbsbsveh has 30 seconds left.\n|inactive|SrBidais has 20 seconds left.\n|\n|t:|1682940923\n|switch|p2a: Hippowdon|Hippowdon, L50, F|66\/100\n|-weather|Sandstorm|[from] ability: Sand Stream|[of] p2a: Hippowdon\n|move|p1b: Wo-Chien|Protect|p1b: Wo-Chien\n|-singleturn|p1b: Wo-Chien|Protect\n|move|p2b: Bronzong|Gyro Ball|p1b: Wo-Chien\n|-activate|p1b: Wo-Chien|move: Protect\n|move|p1a: Dragonite|Earthquake|p2a: Hippowdon|[spread] p2a\n|-activate|p1b: Wo-Chien|move: Protect\n|-immune|p2b: Bronzong|[from] ability: Levitate\n|-damage|p2a: Hippowdon|53\/100\n|\n|-weather|Sandstorm|[upkeep]\n|-damage|p1b: Wo-Chien|15\/100|[from] Sandstorm\n|-damage|p1a: Dragonite|37\/100|[from] Sandstorm\n|-heal|p1b: Wo-Chien|23\/100|[from] Ingrain\n|-damage|p1b: Wo-Chien|10\/100|[from] Salt Cure\n|-damage|p1a: Dragonite|25\/100|[from] Salt Cure\n|upkeep\n|turn|8\n|inactive|Bsnsbsbsveh has 30 seconds left.\n|\n|t:|1682940957\n|move|p2b: Bronzong|Gyro Ball|p1b: Wo-Chien\n|-damage|p1b: Wo-Chien|0 fnt\n|faint|p1b: Wo-Chien\n|move|p2a: Hippowdon|Slack Off|p2a: Hippowdon\n|-heal|p2a: Hippowdon|100\/100\n|move|p1a: Dragonite|Ice Spinner|p2a: Hippowdon\n|-supereffective|p2a: Hippowdon\n|-damage|p2a: Hippowdon|58\/100\n|\n|-weather|Sandstorm|[upkeep]\n|-damage|p1a: Dragonite|19\/100|[from] Sandstorm\n|-damage|p1a: Dragonite|7\/100|[from] Salt Cure\n|-fieldend|move: Trick Room\n|upkeep\n|\n|t:|1682940970\n|switch|p1b: Arcanine|Arcanine, L50, M|100\/100\n|-ability|p1b: Arcanine|Intimidate|boost\n|-unboost|p2a: Hippowdon|atk|1\n|-unboost|p2b: Bronzong|atk|1\n|turn|9\n|\n|t:|1682940991\n|switch|p2b: Garganacl|Garganacl, L50, M|76\/100\n|-terastallize|p1b: Arcanine|Water\n|move|p1b: Arcanine|Flare Blitz|p2b: Garganacl\n|-resisted|p2b: Garganacl\n|-damage|p2b: Garganacl|62\/100\n|-damage|p1b: Arcanine|94\/100|[from] Recoil\n|move|p1a: Dragonite|Ice Spinner|p2a: Hippowdon\n|-supereffective|p2a: Hippowdon\n|-damage|p2a: Hippowdon|20\/100\n|move|p2a: Hippowdon|Sand Tomb|p1b: Arcanine\n|-damage|p1b: Arcanine|84\/100\n|-activate|p1b: Arcanine|move: Sand Tomb|[of] p2a: Hippowdon\n|\n|-weather|Sandstorm|[upkeep]\n|-damage|p1a: Dragonite|0 fnt|[from] Sandstorm\n|faint|p1a: Dragonite\n|-heal|p2b: Garganacl|68\/100|[from] item: Leftovers\n|-damage|p1b: Arcanine|67\/100|[from] move: Sand Tomb|[partiallytrapped]\n|upkeep\n|\n|t:|1682941008\n|switch|p1a: Flutter Mane|Flutter Mane, L50|100\/100\n|turn|10\n|\n|t:|1682941025\n|move|p2a: Hippowdon|Protect|p2a: Hippowdon\n|-singleturn|p2a: Hippowdon|Protect\n|move|p1a: Flutter Mane|Dazzling Gleam|p2b: Garganacl|[spread] p2b\n|-activate|p2a: Hippowdon|move: Protect\n|-damage|p2b: Garganacl|47\/100\n|move|p1b: Arcanine|Flare Blitz|p2b: Garganacl\n|-resisted|p2b: Garganacl\n|-damage|p2b: Garganacl|32\/100\n|-damage|p1b: Arcanine|60\/100|[from] Recoil\n|move|p2b: Garganacl|Salt Cure|p1a: Flutter Mane\n|-damage|p1a: Flutter Mane|70\/100\n|-start|p1a: Flutter Mane|Salt Cure\n|\n|-weather|Sandstorm|[upkeep]\n|-damage|p1a: Flutter Mane|64\/100|[from] Sandstorm\n|-heal|p2b: Garganacl|38\/100|[from] item: Leftovers\n|-damage|p1a: Flutter Mane|51\/100|[from] Salt Cure\n|-damage|p1b: Arcanine|44\/100|[from] move: Sand Tomb|[partiallytrapped]\n|upkeep\n|turn|11\n|inactive|SrBidais has 30 seconds left.\n|inactive|Bsnsbsbsveh has 30 seconds left.\n|\n|t:|1682941058\n|move|p2b: Garganacl|Wide Guard|p2b: Garganacl\n|-singleturn|p2b: Garganacl|Wide Guard\n|move|p1a: Flutter Mane|Dazzling Gleam|p2a: Hippowdon|[spread] \n|-activate|p2a: Hippowdon|move: Wide Guard\n|-activate|p2b: Garganacl|move: Wide Guard\n|move|p1b: Arcanine|Flare Blitz|p2b: Garganacl\n|-resisted|p2b: Garganacl\n|-damage|p2b: Garganacl|23\/100\n|-damage|p1b: Arcanine|38\/100|[from] Recoil\n|move|p2a: Hippowdon|Slack Off|p2a: Hippowdon\n|-heal|p2a: Hippowdon|70\/100\n|\n|-weather|none\n|-heal|p2b: Garganacl|29\/100|[from] item: Leftovers\n|-damage|p1a: Flutter Mane|39\/100|[from] Salt Cure\n|-damage|p1b: Arcanine|22\/100|[from] move: Sand Tomb|[partiallytrapped]\n|upkeep\n|turn|12\n|c|\u2606SrBidais|wp\n|\n|t:|1682941081\n|move|p2b: Garganacl|Protect||[still]\n|-fail|p2b: Garganacl\n|move|p1a: Flutter Mane|Moonblast|p2b: Garganacl\n|-damage|p2b: Garganacl|0 fnt\n|faint|p2b: Garganacl\n|move|p1b: Arcanine|Flare Blitz|p2a: Hippowdon\n|-damage|p2a: Hippowdon|33\/100\n|-damage|p1b: Arcanine|6\/100|[from] Recoil\n|move|p2a: Hippowdon|Sand Tomb|p1a: Flutter Mane\n|-damage|p1a: Flutter Mane|18\/100\n|-activate|p1a: Flutter Mane|move: Sand Tomb|[of] p2a: Hippowdon\n|\n|-damage|p1a: Flutter Mane|2\/100|[from] move: Sand Tomb|[partiallytrapped]\n|-damage|p1a: Flutter Mane|0 fnt|[from] Salt Cure\n|faint|p1a: Flutter Mane\n|-end|p1a: Flutter Mane|Protosynthesis|[silent]\n|-damage|p1b: Arcanine|0 fnt|[from] move: Sand Tomb|[partiallytrapped]\n|faint|p1b: Arcanine\n|\n|win|Bsnsbsbsveh\n|upkeep\n|raw|SrBidais's rating: 1061 → 1040<\/strong> (-21 for losing)\n|raw|Bsnsbsbsveh's rating: 1022 → 1063<\/strong> (+41 for winning)\n|c|\u2606SrBidais|gg\n","uploadtime":1682941100,"views":18,"p1id":"srbidais","p2id":"bsnsbsbsveh","formatid":"gen9vgc2023regulationc","rating":1040,"private":0,"password":""}