{"id":"gen9vgc2023regulationc-1861669045","p1":"Karajony","p2":"modestlytimid","format":"[Gen 9] VGC 2023 Regulation C","log":"|j|\u2606Karajony\n|j|\u2606modestlytimid\n|t:|1683791389\n|gametype|doubles\n|player|p1|Karajony|worker-gen4|1237\n|player|p2|modestlytimid|caitlin|1299\n|teamsize|p1|6\n|teamsize|p2|6\n|gen|9\n|tier|[Gen 9] VGC 2023 Regulation C\n|rated|\n|rule|Species Clause: Limit one of each Pok\u00e9mon\n|rule|Item Clause: Limit one of each item\n|clearpoke\n|poke|p1|Bronzong, L50|\n|poke|p1|Flutter Mane, L50|\n|poke|p1|Dragonite, L50, M|\n|poke|p1|Arcanine, L50, M|\n|poke|p1|Rotom-Wash, L50|\n|poke|p1|Ting-Lu, L50|\n|poke|p2|Flutter Mane, L50|\n|poke|p2|Chi-Yu, L50|\n|poke|p2|Abomasnow, L50, F|\n|poke|p2|Gyarados, L50, M|\n|poke|p2|Great Tusk, L50|\n|poke|p2|Iron Bundle, L50|\n|teampreview|4\n|inactive|Battle timer is ON: inactive players will automatically lose when time's up. (requested by Karajony)\n|inactive|Karajony has 60 seconds left.\n|\n|t:|1683791422\n|start\n|switch|p1a: Rotom|Rotom-Wash, L50|100\/100\n|switch|p1b: Ting-Lu|Ting-Lu, L50|100\/100\n|switch|p2a: Abomasnow|Abomasnow, L50, F|100\/100\n|switch|p2b: Iron Bundle|Iron Bundle, L50|100\/100\n|-weather|Snow|[from] ability: Snow Warning|[of] p2a: Abomasnow\n|-ability|p1b: Ting-Lu|Vessel of Ruin\n|turn|1\n|\n|t:|1683791443\n|-terastallize|p2b: Iron Bundle|Ice\n|move|p2a: Abomasnow|Helping Hand|p2b: Iron Bundle\n|-singleturn|p2b: Iron Bundle|Helping Hand|[of] p2a: Abomasnow\n|move|p1a: Rotom|Protect|p1a: Rotom\n|-singleturn|p1a: Rotom|Protect\n|move|p2b: Iron Bundle|Blizzard|p1b: Ting-Lu|[spread] p1b\n|-activate|p1a: Rotom|move: Protect\n|-supereffective|p1b: Ting-Lu\n|-damage|p1b: Ting-Lu|12\/100\n|move|p1b: Ting-Lu|Earthquake|p2b: Iron Bundle|[spread] p2a,p2b\n|-activate|p1a: Rotom|move: Protect\n|-resisted|p2a: Abomasnow\n|-damage|p2a: Abomasnow|87\/100\n|-damage|p2b: Iron Bundle|70\/100\n|\n|-weather|Snow|[upkeep]\n|upkeep\n|turn|2\n|inactive|Karajony has 30 seconds left.\n|inactive|modestlytimid has 30 seconds left.\n|\n|t:|1683791475\n|-end|p2b: Iron Bundle|Quark Drive|[silent]\n|switch|p2b: Gyarados|Gyarados, L50, M|100\/100\n|-ability|p2b: Gyarados|Intimidate|boost\n|-unboost|p1a: Rotom|atk|1\n|-unboost|p1b: Ting-Lu|atk|1\n|switch|p1b: Bronzong|Bronzong, L50|100\/100\n|move|p2a: Abomasnow|Aurora Veil|p2a: Abomasnow\n|-sidestart|p2: modestlytimid|move: Aurora Veil\n|move|p1a: Rotom|Trick|p2b: Gyarados\n|-activate|p1a: Rotom|move: Trick|[of] p2b: Gyarados\n|-item|p2b: Gyarados|Lagging Tail|[from] move: Trick\n|-item|p1a: Rotom|Sitrus Berry|[from] move: Trick\n|\n|-weather|Snow|[upkeep]\n|upkeep\n|turn|3\n|\n|t:|1683791494\n|move|p1a: Rotom|Thunderbolt|p2b: Gyarados\n|-supereffective|p2b: Gyarados\n|-damage|p2b: Gyarados|41\/100\n|move|p2a: Abomasnow|Leaf Storm|p1a: Rotom\n|-supereffective|p1a: Rotom\n|-damage|p1a: Rotom|0 fnt\n|-unboost|p2a: Abomasnow|spa|2\n|faint|p1a: Rotom\n|move|p1b: Bronzong|Iron Defense|p1b: Bronzong\n|-boost|p1b: Bronzong|def|2\n|move|p2b: Gyarados|Taunt|p1b: Bronzong\n|-start|p1b: Bronzong|move: Taunt\n|\n|-weather|Snow|[upkeep]\n|upkeep\n|\n|t:|1683791508\n|switch|p1a: Flutter Mane|Flutter Mane, L50|100\/100\n|-enditem|p1a: Flutter Mane|Booster Energy\n|-activate|p1a: Flutter Mane|ability: Protosynthesis|[fromitem]\n|-start|p1a: Flutter Mane|protosynthesisspe\n|turn|4\n|\n|t:|1683791521\n|move|p1a: Flutter Mane|Substitute|p1a: Flutter Mane\n|-start|p1a: Flutter Mane|Substitute\n|-damage|p1a: Flutter Mane|76\/100\n|move|p2a: Abomasnow|Blizzard|p1b: Bronzong|[spread] p1a,p1b\n|-activate|p1a: Flutter Mane|move: Substitute|[damage]\n|-resisted|p1b: Bronzong\n|-damage|p1b: Bronzong|94\/100\n|move|p1b: Bronzong|Body Press|p2a: Abomasnow\n|-supereffective|p2a: Abomasnow\n|-damage|p2a: Abomasnow|33\/100\n|move|p2b: Gyarados|Thunder Wave||[still]\n|-fail|p2b: Gyarados\n|\n|-weather|Snow|[upkeep]\n|-heal|p1b: Bronzong|99\/100|[from] item: Leftovers\n|upkeep\n|turn|5\n|\n|t:|1683791543\n|move|p2a: Abomasnow|Helping Hand|p2b: Gyarados\n|-singleturn|p2b: Gyarados|Helping Hand|[of] p2a: Abomasnow\n|move|p1a: Flutter Mane|Moonblast|p2a: Abomasnow\n|-damage|p2a: Abomasnow|0 fnt\n|faint|p2a: Abomasnow\n|move|p1b: Bronzong|Body Press|p2b: Gyarados\n|-resisted|p2b: Gyarados\n|-damage|p2b: Gyarados|21\/100\n|move|p2b: Gyarados|Waterfall|p1a: Flutter Mane\n|-end|p1a: Flutter Mane|Substitute\n|\n|-weather|none\n|-heal|p1b: Bronzong|100\/100|[from] item: Leftovers\n|upkeep\n|\n|t:|1683791556\n|switch|p2a: Flutter Mane|Flutter Mane, L50|100\/100\n|-enditem|p2a: Flutter Mane|Booster Energy\n|-activate|p2a: Flutter Mane|ability: Protosynthesis|[fromitem]\n|-start|p2a: Flutter Mane|protosynthesisspa\n|turn|6\n|\n|t:|1683791573\n|move|p1a: Flutter Mane|Protect|p1a: Flutter Mane\n|-singleturn|p1a: Flutter Mane|Protect\n|move|p2a: Flutter Mane|Moonblast|p1a: Flutter Mane\n|-activate|p1a: Flutter Mane|move: Protect\n|move|p1b: Bronzong|Gyro Ball|p2a: Flutter Mane\n|-supereffective|p2a: Flutter Mane\n|-damage|p2a: Flutter Mane|6\/100\n|move|p2b: Gyarados|Thunder Wave|p1b: Bronzong\n|-status|p1b: Bronzong|par\n|\n|-end|p1b: Bronzong|move: Taunt\n|-sideend|p2: modestlytimid|move: Aurora Veil\n|upkeep\n|turn|7\n|inactive|Karajony has 30 seconds left.\n|\n|t:|1683791604\n|move|p1a: Flutter Mane|Shadow Ball|p2a: Flutter Mane\n|-supereffective|p2a: Flutter Mane\n|-damage|p2a: Flutter Mane|0 fnt\n|faint|p2a: Flutter Mane\n|-end|p2a: Flutter Mane|Protosynthesis|[silent]\n|move|p1b: Bronzong|Body Press|p2b: Gyarados\n|-resisted|p2b: Gyarados\n|-damage|p2b: Gyarados|0 fnt\n|faint|p2b: Gyarados\n|\n|upkeep\n|\n|t:|1683791614\n|switch|p2b: Iron Bundle|Iron Bundle, L50, tera:Ice|70\/100\n|turn|8\n|\n|t:|1683791621\n|move|p1a: Flutter Mane|Protect|p1a: Flutter Mane\n|-singleturn|p1a: Flutter Mane|Protect\n|move|p2b: Iron Bundle|Blizzard|p1b: Bronzong|[spread] p1b\n|-activate|p1a: Flutter Mane|move: Protect\n|-resisted|p1b: Bronzong\n|-damage|p1b: Bronzong|66\/100 par\n|move|p1b: Bronzong|Body Press|p2b: Iron Bundle\n|-supereffective|p2b: Iron Bundle\n|-damage|p2b: Iron Bundle|0 fnt\n|faint|p2b: Iron Bundle\n|-end|p2b: Iron Bundle|Quark Drive|[silent]\n|\n|win|Karajony\n|raw|Karajony's rating: 1237 → 1266<\/strong> (+29 for winning)\n|raw|modestlytimid's rating: 1299 → 1270<\/strong> (-29 for losing)\n|l|\u2606modestlytimid\n","uploadtime":1683791634,"views":16,"p1id":"karajony","p2id":"modestlytimid","formatid":"gen9vgc2023regulationc","rating":1266,"private":0,"password":""}