{"id":"gen9vgc2023regulationc-1854218487","p1":"ShinyKyogreX","p2":"ghcsgdsh","format":"[Gen 9] VGC 2023 Regulation C","log":"|j|\u2606ShinyKyogreX\n|j|\u2606ghcsgdsh\n|t:|1682784937\n|gametype|doubles\n|player|p1|ShinyKyogreX|brock|1089\n|player|p2|ghcsgdsh|266|1053\n|teamsize|p1|6\n|teamsize|p2|6\n|gen|9\n|tier|[Gen 9] VGC 2023 Regulation C\n|rated|\n|rule|Species Clause: Limit one of each Pok\u00e9mon\n|rule|Item Clause: Limit one of each item\n|clearpoke\n|poke|p1|Amoonguss, L50, F|\n|poke|p1|Chi-Yu, L50|\n|poke|p1|Flutter Mane, L50|\n|poke|p1|Baxcalibur, L50, F|\n|poke|p1|Gyarados, L50, M|\n|poke|p1|Talonflame, L50, F|\n|poke|p2|Garganacl, L50, F|\n|poke|p2|Amoonguss, L50, F|\n|poke|p2|Baxcalibur, L50, M|\n|poke|p2|Talonflame, L50, M|\n|poke|p2|Hydreigon, L50, F|\n|poke|p2|Flutter Mane, L50|\n|teampreview|4\n|inactive|Battle timer is ON: inactive players will automatically lose when time's up. (requested by ShinyKyogreX)\n|\n|t:|1682784966\n|start\n|switch|p1a: Talonflame|Talonflame, L50, F|100\/100\n|switch|p1b: Flutter Mane|Flutter Mane, L50|100\/100\n|switch|p2a: Garganacl|Garganacl, L50, F|100\/100\n|switch|p2b: Baxcalibur|Baxcalibur, L50, M|100\/100\n|-enditem|p1b: Flutter Mane|Booster Energy\n|-activate|p1b: Flutter Mane|ability: Protosynthesis|[fromitem]\n|-start|p1b: Flutter Mane|protosynthesisspe\n|turn|1\n|inactive|ShinyKyogreX has 30 seconds left.\n|inactive|ShinyKyogreX has 20 seconds left.\n|inactive|ShinyKyogreX has 15 seconds left.\n|inactive|ShinyKyogreX has 10 seconds left.\n|\n|t:|1682785013\n|switch|p1a: Gyarados|Gyarados, L50, M, shiny|100\/100\n|-ability|p1a: Gyarados|Intimidate|boost\n|-unboost|p2a: Garganacl|atk|1\n|-unboost|p2b: Baxcalibur|atk|1\n|move|p2a: Garganacl|Wide Guard|p2a: Garganacl\n|-singleturn|p2a: Garganacl|Wide Guard\n|move|p1b: Flutter Mane|Moonblast|p2b: Baxcalibur\n|-supereffective|p2b: Baxcalibur\n|-damage|p2b: Baxcalibur|18\/100\n|-unboost|p2b: Baxcalibur|spa|1\n|move|p2b: Baxcalibur|Icicle Spear|p1b: Flutter Mane\n|-damage|p1b: Flutter Mane|79\/100\n|-damage|p1b: Flutter Mane|56\/100\n|-damage|p1b: Flutter Mane|33\/100\n|-damage|p1b: Flutter Mane|9\/100\n|-hitcount|p1b: Flutter Mane|4\n|\n|upkeep\n|turn|2\n|\n|t:|1682785035\n|move|p1b: Flutter Mane|Protect|p1b: Flutter Mane\n|-singleturn|p1b: Flutter Mane|Protect\n|move|p2b: Baxcalibur|Protect|p2b: Baxcalibur\n|-singleturn|p2b: Baxcalibur|Protect\n|move|p1a: Gyarados|Iron Head|p2b: Baxcalibur\n|-activate|p2b: Baxcalibur|move: Protect\n|move|p2a: Garganacl|Salt Cure|p1a: Gyarados\n|-supereffective|p1a: Gyarados\n|-damage|p1a: Gyarados|77\/100\n|-start|p1a: Gyarados|Salt Cure\n|\n|-damage|p1a: Gyarados|52\/100|[from] Salt Cure\n|upkeep\n|turn|3\n|inactive|ShinyKyogreX has 30 seconds left.\n|\n|t:|1682785066\n|switch|p2b: Amoonguss|Amoonguss, L50, F|100\/100\n|move|p1b: Flutter Mane|Dazzling Gleam|p2a: Garganacl|[spread] p2a,p2b\n|-resisted|p2b: Amoonguss\n|-crit|p2b: Amoonguss\n|-damage|p2a: Garganacl|73\/100\n|-damage|p2b: Amoonguss|78\/100\n|move|p1a: Gyarados|Iron Head|p2a: Garganacl\n|-supereffective|p2a: Garganacl\n|-damage|p2a: Garganacl|38\/100\n|move|p2a: Garganacl|Salt Cure|p1b: Flutter Mane\n|-damage|p1b: Flutter Mane|0 fnt\n|faint|p1b: Flutter Mane\n|-end|p1b: Flutter Mane|Protosynthesis|[silent]\n|\n|-heal|p2a: Garganacl|44\/100|[from] item: Leftovers\n|-damage|p1a: Gyarados|27\/100|[from] Salt Cure\n|upkeep\n|-enditem|p1a: Gyarados|Sitrus Berry|[eat]\n|-heal|p1a: Gyarados|52\/100|[from] item: Sitrus Berry\n|\n|t:|1682785082\n|switch|p1b: BRICK BREAKk|Chi-Yu, L50|100\/100\n|-ability|p1b: BRICK BREAKk|Beads of Ruin\n|turn|4\n|\n|t:|1682785094\n|move|p2a: Garganacl|Wide Guard|p2a: Garganacl\n|-singleturn|p2a: Garganacl|Wide Guard\n|move|p1b: BRICK BREAKk|Overheat|p2b: Amoonguss\n|-supereffective|p2b: Amoonguss\n|-damage|p2b: Amoonguss|0 fnt\n|-unboost|p1b: BRICK BREAKk|spa|2\n|faint|p2b: Amoonguss\n|move|p1a: Gyarados|Waterfall|p2a: Garganacl\n|-supereffective|p2a: Garganacl\n|-damage|p2a: Garganacl|0 fnt\n|faint|p2a: Garganacl\n|\n|-damage|p1a: Gyarados|27\/100|[from] Salt Cure\n|upkeep\n|\n|t:|1682785104\n|switch|p2a: Baxcalibur|Baxcalibur, L50, M|18\/100\n|switch|p2b: Melameneo|Flutter Mane, L50|100\/100\n|-enditem|p2b: Melameneo|Booster Energy\n|-activate|p2b: Melameneo|ability: Protosynthesis|[fromitem]\n|-start|p2b: Melameneo|protosynthesisspa\n|turn|5\n|inactive|ghcsgdsh has 30 seconds left.\n|\n|t:|1682785135\n|move|p1b: BRICK BREAKk|Overheat|p2a: Baxcalibur\n|-damage|p2a: Baxcalibur|0 fnt\n|-unboost|p1b: BRICK BREAKk|spa|2\n|faint|p2a: Baxcalibur\n|move|p2b: Melameneo|Thunderbolt|p1a: Gyarados\n|-supereffective|p1a: Gyarados\n|-damage|p1a: Gyarados|0 fnt\n|faint|p1a: Gyarados\n|\n|upkeep\n|\n|t:|1682785142\n|switch|p1a: Talonflame|Talonflame, L50, F|100\/100\n|turn|6\n|\n|t:|1682785149\n|move|p1a: Talonflame|Brave Bird|p2b: Melameneo\n|-damage|p2b: Melameneo|28\/100\n|-damage|p1a: Talonflame|78\/100|[from] Recoil\n|move|p1b: BRICK BREAKk|Overheat|p2b: Melameneo\n|-damage|p2b: Melameneo|0 fnt\n|-unboost|p1b: BRICK BREAKk|spa|2\n|faint|p2b: Melameneo\n|-end|p2b: Melameneo|Protosynthesis|[silent]\n|\n|win|ShinyKyogreX\n|raw|ShinyKyogreX's rating: 1089 → 1113<\/strong> (+24 for winning)\n|raw|ghcsgdsh's rating: 1053 → 1037<\/strong> (-16 for losing)\n","uploadtime":1682785159,"views":16,"p1id":"shinykyogrex","p2id":"ghcsgdsh","formatid":"gen9vgc2023regulationc","rating":1037,"private":0,"password":""}