{"id":"gen9vgc2023regulationc-1855313178","p1":"Spaarvarken Gevaar","p2":"PoggibonsiCity","format":"[Gen 9] VGC 2023 Regulation C","log":"|j|\u2606Spaarvarken Gevaar\n|j|\u2606PoggibonsiCity\n|t:|1682935189\n|gametype|doubles\n|player|p1|Spaarvarken Gevaar|cynthia|1080\n|player|p2|PoggibonsiCity|2|1169\n|teamsize|p1|6\n|teamsize|p2|6\n|gen|9\n|tier|[Gen 9] VGC 2023 Regulation C\n|rated|\n|rule|Species Clause: Limit one of each Pok\u00e9mon\n|rule|Item Clause: Limit one of each item\n|clearpoke\n|poke|p1|Crabominable, L50, M|\n|poke|p1|Farigiraf, L50, M|\n|poke|p1|Ting-Lu, L50|\n|poke|p1|Abomasnow, L50, M|\n|poke|p1|Clawitzer, L50, M|\n|poke|p1|Sylveon, L50, M|\n|poke|p2|Palafin, L50, M|\n|poke|p2|Chien-Pao, L50|\n|poke|p2|Dragapult, L50, M|\n|poke|p2|Amoonguss, L50, M|\n|poke|p2|Arcanine, L50, M|\n|poke|p2|Flutter Mane, L50|\n|teampreview|4\n|inactive|Battle timer is ON: inactive players will automatically lose when time's up. (requested by Spaarvarken Gevaar)\n|\n|t:|1682935223\n|start\n|switch|p1a: Farigiraf|Farigiraf, L50, M|100\/100\n|switch|p1b: Clawitzer|Clawitzer, L50, M|100\/100\n|switch|p2a: Dragapult|Dragapult, L50, M|100\/100\n|switch|p2b: Flutter Mane|Flutter Mane, L50|100\/100\n|-enditem|p2b: Flutter Mane|Booster Energy\n|-activate|p2b: Flutter Mane|ability: Protosynthesis|[fromitem]\n|-start|p2b: Flutter Mane|protosynthesisspa\n|turn|1\n|\n|t:|1682935241\n|move|p1b: Clawitzer|Protect|p1b: Clawitzer\n|-singleturn|p1b: Clawitzer|Protect\n|move|p2a: Dragapult|U-turn|p1a: Farigiraf\n|-supereffective|p1a: Farigiraf\n|-damage|p1a: Farigiraf|33\/100\n|\n|t:|1682935246\n|switch|p2a: Amoonguss|Amoonguss, L50, M|100\/100|[from] U-turn\n|move|p2b: Flutter Mane|Dazzling Gleam|p1a: Farigiraf|[spread] p1a\n|-activate|p1b: Clawitzer|move: Protect\n|-damage|p1a: Farigiraf|0 fnt\n|faint|p1a: Farigiraf\n|\n|upkeep\n|\n|t:|1682935264\n|switch|p1a: Crabominable|Crabominable, L50, M|100\/100\n|turn|2\n|inactive|Spaarvarken Gevaar has 30 seconds left.\n|inactive|PoggibonsiCity has 30 seconds left.\n|inactive|PoggibonsiCity has 20 seconds left.\n|inactive|PoggibonsiCity has 15 seconds left.\n|inactive|PoggibonsiCity has 10 seconds left.\n|inactive|PoggibonsiCity has 5 seconds left.\n|\n|t:|1682935319\n|move|p2b: Flutter Mane|Moonblast|p1b: Clawitzer\n|-damage|p1b: Clawitzer|29\/100\n|-unboost|p1b: Clawitzer|spa|1\n|move|p1b: Clawitzer|Water Pulse|p2a: Amoonguss\n|-resisted|p2a: Amoonguss\n|-damage|p2a: Amoonguss|83\/100\n|-damage|p1b: Clawitzer|20\/100|[from] item: Life Orb\n|move|p1a: Crabominable|Ice Punch|p2b: Flutter Mane\n|-damage|p2b: Flutter Mane|27\/100\n|-status|p2b: Flutter Mane|frz\n|move|p2a: Amoonguss|Spore|p1a: Crabominable\n|-activate|p1a: Crabominable|item: Safety Goggles|Spore\n|\n|upkeep\n|turn|3\n|inactive|PoggibonsiCity has 30 seconds left.\n|inactive|PoggibonsiCity has 20 seconds left.\n|inactive|PoggibonsiCity has 15 seconds left.\n|inactive|PoggibonsiCity has 10 seconds left.\n|inactive|PoggibonsiCity has 5 seconds left.\n|\n|t:|1682935374\n|cant|p2b: Flutter Mane|frz\n|move|p1b: Clawitzer|Water Pulse|p2b: Flutter Mane\n|-damage|p2b: Flutter Mane|0 fnt\n|faint|p2b: Flutter Mane\n|-end|p2b: Flutter Mane|Protosynthesis|[silent]\n|-damage|p1b: Clawitzer|10\/100|[from] item: Life Orb\n|move|p1a: Crabominable|Ice Punch|p2a: Amoonguss\n|-supereffective|p2a: Amoonguss\n|-damage|p2a: Amoonguss|0 fnt\n|faint|p2a: Amoonguss\n|\n|upkeep\n|\n|t:|1682935384\n|switch|p2b: Dragapult|Dragapult, L50, M|100\/100\n|switch|p2a: Arcanine|Arcanine, L50, M|100\/100\n|-ability|p2a: Arcanine|Intimidate|boost\n|-unboost|p1a: Crabominable|atk|1\n|-unboost|p1b: Clawitzer|atk|1\n|turn|4\n|\n|t:|1682935405\n|switch|p1a: Sylveon|Sylveon, L50, M|100\/100\n|-terastallize|p2b: Dragapult|Steel\n|move|p2a: Arcanine|Extreme Speed|p1b: Clawitzer\n|-damage|p1b: Clawitzer|0 fnt\n|faint|p1b: Clawitzer\n|move|p2b: Dragapult|Tera Blast|p1a: Sylveon\n|-supereffective|p1a: Sylveon\n|-damage|p1a: Sylveon|0 fnt\n|faint|p1a: Sylveon\n|\n|upkeep\n|\n|t:|1682935411\n|switch|p1a: Crabominable|Crabominable, L50, M|100\/100\n|turn|5\n|\n|t:|1682935421\n|-terastallize|p1a: Crabominable|Fire\n|move|p2b: Dragapult|Tera Blast|p1a: Crabominable\n|-resisted|p1a: Crabominable\n|-damage|p1a: Crabominable|67\/100\n|move|p2a: Arcanine|Flare Blitz|p1a: Crabominable\n|-resisted|p1a: Crabominable\n|-damage|p1a: Crabominable|39\/100\n|-damage|p2a: Arcanine|91\/100|[from] Recoil\n|move|p1a: Crabominable|Drain Punch|p2b: Dragapult\n|-supereffective|p2b: Dragapult\n|-damage|p2b: Dragapult|0 fnt\n|-heal|p1a: Crabominable|80\/100|[from] drain|[of] p2b: Dragapult\n|faint|p2b: Dragapult\n|\n|upkeep\n|turn|6\n|-message|PoggibonsiCity forfeited.\n|\n|win|Spaarvarken Gevaar\n|raw|Spaarvarken Gevaar's rating: 1080 → 1115<\/strong> (+35 for winning)\n|raw|PoggibonsiCity's rating: 1169 → 1138<\/strong> (-31 for losing)\n|l|\u2606PoggibonsiCity\n","uploadtime":1682935445,"views":18,"p1id":"spaarvarkengevaar","p2id":"poggibonsicity","formatid":"gen9vgc2023regulationc","rating":1115,"private":0,"password":""}