{"id":"gen9vgc2023regulationc-1845199517","p1":"Galahad Excalibur","p2":"Darkskin gawd","format":"[Gen 9] VGC 2023 Regulation C","log":"|j|\u2606Galahad Excalibur\n|j|\u2606Darkskin gawd\n|t:|1681695477\n|gametype|doubles\n|player|p1|Galahad Excalibur|richboy-gen4|\n|player|p2|Darkskin gawd|169|\n|teamsize|p1|6\n|teamsize|p2|6\n|gen|9\n|tier|[Gen 9] VGC 2023 Regulation C\n|rule|Species Clause: Limit one of each Pok\u00e9mon\n|rule|Item Clause: Limit one of each item\n|clearpoke\n|poke|p1|Farigiraf, L50, F|\n|poke|p1|Ting-Lu, L50|\n|poke|p1|Scizor, L50, M|\n|poke|p1|Spiritomb, L50, M|\n|poke|p1|Iron Hands, L50|\n|poke|p1|Pincurchin, L50, F|\n|poke|p2|Iron Hands, L50|\n|poke|p2|Dragonite, L50, F|\n|poke|p2|Iron Bundle, L50|\n|poke|p2|Ting-Lu, L50|\n|poke|p2|Maushold-Four, L50|\n|poke|p2|Dragapult, L50, F|\n|teampreview|4\n|inactive|Battle timer is ON: inactive players will automatically lose when time's up. (requested by Galahad Excalibur)\n|inactive|Darkskin gawd has 60 seconds left.\n|\n|t:|1681695511\n|start\n|switch|p1a: Spiritomb|Spiritomb, L50, M|100\/100\n|switch|p1b: Pincurchin|Pincurchin, L50, F|100\/100\n|switch|p2a: Ting-Lu|Ting-Lu, L50|100\/100\n|switch|p2b: Maushold|Maushold-Four, L50|100\/100\n|-ability|p2a: Ting-Lu|Vessel of Ruin\n|-fieldstart|move: Electric Terrain|[from] ability: Electric Surge|[of] p1b: Pincurchin\n|turn|1\n|inactive|Darkskin gawd has 30 seconds left.\n|inactive|Darkskin gawd has 20 seconds left.\n|\n|t:|1681695550\n|move|p1b: Pincurchin|Protect|p1b: Pincurchin\n|-singleturn|p1b: Pincurchin|Protect\n|move|p2b: Maushold|Thunder Wave|p1a: Spiritomb\n|-status|p1a: Spiritomb|par\n|move|p2a: Ting-Lu|Stomping Tantrum|p1b: Pincurchin\n|-activate|p1b: Pincurchin|move: Protect\n|move|p1a: Spiritomb|Trick Room|p1a: Spiritomb\n|-fieldstart|move: Trick Room|[of] p1a: Spiritomb\n|\n|upkeep\n|turn|2\n|\n|t:|1681695574\n|move|p1b: Pincurchin|Toxic Spikes|p2b: Maushold\n|-sidestart|p2: Darkskin gawd|move: Toxic Spikes\n|move|p1a: Spiritomb|Will-O-Wisp|p2a: Ting-Lu\n|-status|p2a: Ting-Lu|brn\n|move|p2a: Ting-Lu|Fissure|p1a: Spiritomb|[miss]\n|-miss|p2a: Ting-Lu|p1a: Spiritomb\n|move|p2b: Maushold|Super Fang|p1b: Pincurchin\n|-damage|p1b: Pincurchin|51\/100\n|-enditem|p1b: Pincurchin|Eject Button\n|\n|t:|1681695585\n|switch|p1b: Iron Hands|Iron Hands, L50|100\/100\n|-activate|p1b: Iron Hands|ability: Quark Drive\n|-start|p1b: Iron Hands|quarkdriveatk\n|\n|-damage|p2a: Ting-Lu|94\/100 brn|[from] brn\n|upkeep\n|turn|3\n|inactive|Darkskin gawd has 30 seconds left.\n|\n|t:|1681695617\n|-terastallize|p1b: Iron Hands|Fighting\n|move|p1a: Spiritomb|Pain Split|p2b: Maushold\n|-sethp|p2b: Maushold|94\/100|[from] move: Pain Split|[silent]\n|-sethp|p1a: Spiritomb|100\/100 par|[from] move: Pain Split\n|move|p1b: Iron Hands|Belly Drum|p1b: Iron Hands\n|-damage|p1b: Iron Hands|51\/100\n|-setboost|p1b: Iron Hands|atk|6|[from] move: Belly Drum\n|move|p2a: Ting-Lu|Stomping Tantrum|p1b: Iron Hands\n|-damage|p1b: Iron Hands|27\/100\n|-enditem|p1b: Iron Hands|Sitrus Berry|[eat]\n|-heal|p1b: Iron Hands|51\/100|[from] item: Sitrus Berry\n|move|p2b: Maushold|Super Fang|p1b: Iron Hands\n|-damage|p1b: Iron Hands|26\/100\n|\n|-damage|p2a: Ting-Lu|88\/100 brn|[from] brn\n|upkeep\n|turn|4\n|inactive|Darkskin gawd has 30 seconds left.\n|inactive|Darkskin gawd has 20 seconds left.\n|\n|t:|1681695653\n|-terastallize|p2a: Ting-Lu|Fairy\n|move|p2b: Maushold|Follow Me|p2b: Maushold\n|-singleturn|p2b: Maushold|move: Follow Me\n|move|p1a: Spiritomb|Snarl|p2b: Maushold|[spread] p2a,p2b\n|-resisted|p2a: Ting-Lu\n|-damage|p2a: Ting-Lu|86\/100 brn\n|-damage|p2b: Maushold|81\/100\n|-unboost|p2a: Ting-Lu|spa|1\n|-unboost|p2b: Maushold|spa|1\n|move|p1b: Iron Hands|Drain Punch|p2b: Maushold\n|-supereffective|p2b: Maushold\n|-damage|p2b: Maushold|0 fnt\n|-heal|p1b: Iron Hands|54\/100|[from] drain|[of] p2b: Maushold\n|faint|p2b: Maushold\n|move|p2a: Ting-Lu|Tera Blast|p1b: Iron Hands\n|-supereffective|p1b: Iron Hands\n|-damage|p1b: Iron Hands|28\/100\n|\n|-damage|p2a: Ting-Lu|80\/100 brn|[from] brn\n|upkeep\n|inactive|Darkskin gawd has 30 seconds left.\n|inactive|Darkskin gawd has 20 seconds left.\n|\n|t:|1681695693\n|switch|p2b: Dragapult|Dragapult, L50, F|100\/100\n|-status|p2b: Dragapult|psn\n|turn|5\n|inactive|Darkskin gawd has 30 seconds left.\n|\n|t:|1681695718\n|move|p2b: Dragapult|Sucker Punch|p1b: Iron Hands\n|-resisted|p1b: Iron Hands\n|-damage|p1b: Iron Hands|17\/100\n|move|p1a: Spiritomb|Snarl|p2b: Dragapult|[spread] p2a,p2b\n|-resisted|p2a: Ting-Lu\n|-supereffective|p2b: Dragapult\n|-damage|p2a: Ting-Lu|77\/100 brn\n|-damage|p2b: Dragapult|71\/100 psn\n|-unboost|p2a: Ting-Lu|spa|1\n|-unboost|p2b: Dragapult|spa|1\n|move|p1b: Iron Hands|Thunder Punch|p2a: Ting-Lu\n|-damage|p2a: Ting-Lu|0 fnt\n|faint|p2a: Ting-Lu\n|\n|-damage|p2b: Dragapult|59\/100 psn|[from] psn\n|-fieldend|move: Trick Room\n|-fieldend|move: Electric Terrain\n|-end|p1b: Iron Hands|Quark Drive\n|upkeep\n|\n|t:|1681695732\n|switch|p2a: Iron Bundle|Iron Bundle, L50|100\/100\n|-status|p2a: Iron Bundle|psn\n|-enditem|p2a: Iron Bundle|Booster Energy\n|-activate|p2a: Iron Bundle|ability: Quark Drive|[fromitem]\n|-start|p2a: Iron Bundle|quarkdrivespe\n|turn|6\n|inactive|Darkskin gawd has 30 seconds left.\n|\n|t:|1681695759\n|move|p2b: Dragapult|Sucker Punch|p1b: Iron Hands\n|-resisted|p1b: Iron Hands\n|-damage|p1b: Iron Hands|6\/100\n|move|p2a: Iron Bundle|Icy Wind|p1b: Iron Hands|[spread] p1a,p1b\n|-damage|p1a: Spiritomb|83\/100 par\n|-damage|p1b: Iron Hands|0 fnt\n|-unboost|p1a: Spiritomb|spe|1\n|faint|p1b: Iron Hands\n|-end|p1b: Iron Hands|Quark Drive|[silent]\n|move|p1a: Spiritomb|Pain Split|p2b: Dragapult\n|-sethp|p2b: Dragapult|69\/100 psn|[from] move: Pain Split|[silent]\n|-sethp|p1a: Spiritomb|72\/100 par|[from] move: Pain Split\n|\n|-damage|p2a: Iron Bundle|88\/100 psn|[from] psn\n|-damage|p2b: Dragapult|57\/100 psn|[from] psn\n|upkeep\n|\n|t:|1681695775\n|switch|p1b: Scizor|Scizor, L50, M|100\/100\n|turn|7\n|\n|t:|1681695798\n|move|p2b: Dragapult|Sucker Punch|p1b: Scizor\n|-damage|p1b: Scizor|67\/100\n|move|p1b: Scizor|Bullet Punch|p2b: Dragapult\n|-damage|p2b: Dragapult|0 fnt\n|faint|p2b: Dragapult\n|move|p2a: Iron Bundle|Hydro Pump|p1b: Scizor|[miss]\n|-miss|p2a: Iron Bundle|p1b: Scizor\n|cant|p1a: Spiritomb|par\n|\n|-damage|p2a: Iron Bundle|76\/100 psn|[from] psn\n|upkeep\n|turn|8\n|\n|t:|1681695813\n|move|p1b: Scizor|Bullet Punch|p2a: Iron Bundle\n|-damage|p2a: Iron Bundle|16\/100 psn\n|move|p2a: Iron Bundle|Hydro Pump|p1b: Scizor\n|-damage|p1b: Scizor|5\/100\n|move|p1a: Spiritomb|Snarl|p2a: Iron Bundle\n|-damage|p2a: Iron Bundle|0 fnt\n|faint|p2a: Iron Bundle\n|-end|p2a: Iron Bundle|Quark Drive|[silent]\n|\n|win|Galahad Excalibur\n","uploadtime":1681695824,"views":14,"p1id":"galahadexcalibur","p2id":"darkskingawd","formatid":"gen9vgc2023regulationc","rating":0,"private":0,"password":""}