{"id":"gen9vgc2023regulationc-1854885270","p1":"muddyswamppert","p2":"Keveloper","format":"[Gen 9] VGC 2023 Regulation C","log":"|j|\u2606muddyswamppert\n|j|\u2606Keveloper\n|t:|1682877010\n|gametype|doubles\n|player|p1|muddyswamppert|cynthia-gen4|\n|player|p2|Keveloper|lucas|\n|teamsize|p1|6\n|teamsize|p2|6\n|gen|9\n|tier|[Gen 9] VGC 2023 Regulation C\n|rule|Species Clause: Limit one of each Pok\u00e9mon\n|rule|Item Clause: Limit one of each item\n|clearpoke\n|poke|p1|Drednaw, L50, M|\n|poke|p1|Amoonguss, L50, M|\n|poke|p1|Pelipper, L50, M|\n|poke|p1|Baxcalibur, L50, F|\n|poke|p1|Scizor, L50, M|\n|poke|p1|Iron Valiant, L50|\n|poke|p2|Orthworm, L50, M|\n|poke|p2|Dragonite, L50, M|\n|poke|p2|Ting-Lu, L50|\n|poke|p2|Gyarados, L50, M|\n|poke|p2|Flutter Mane, L50|\n|poke|p2|Chien-Pao, L50|\n|teampreview|4\n|inactive|Battle timer is ON: inactive players will automatically lose when time's up. (requested by muddyswamppert)\n|inactiveoff|Battle timer is now OFF.\n|c|\u2606Keveloper|G2\nKeveloper has agreed to open team sheets.\n|c|\u2606muddyswamppert|g2\n|c|\u2606muddyswamppert|glhf\nmuddyswamppert has agreed to open team sheets.\n|c|\u2606Keveloper|Ready?\n|c|\u2606muddyswamppert|yep\n|c|\u2606muddyswamppert|glhf\n|j| SirSmokeVGC\n|j| flameingpigey2\n|\n|t:|1682877329\n|start\n|switch|p1a: Pelipper|Pelipper, L50, M|100\/100\n|switch|p1b: Drednaw|Drednaw, L50, M|100\/100\n|switch|p2a: Orthworm|Orthworm, L50, M|100\/100\n|switch|p2b: Ting-Lu|Ting-Lu, L50|100\/100\n|-weather|RainDance|[from] ability: Drizzle|[of] p1a: Pelipper\n|-ability|p2b: Ting-Lu|Vessel of Ruin\n|turn|1\n|\n|t:|1682877351\n|-terastallize|p1b: Drednaw|Water\n|-terastallize|p2b: Ting-Lu|Water\n|move|p1b: Drednaw|Liquidation|p2a: Orthworm\n|-damage|p2a: Orthworm|42\/100\n|-enditem|p2a: Orthworm|Sitrus Berry|[eat]\n|-heal|p2a: Orthworm|67\/100|[from] item: Sitrus Berry\n|move|p1a: Pelipper|Hydro Pump|p2a: Orthworm\n|-damage|p2a: Orthworm|4\/100\n|move|p2b: Ting-Lu|Rock Slide|p1b: Drednaw|[spread] p1a\n|-miss|p2b: Ting-Lu|p1b: Drednaw\n|-supereffective|p1a: Pelipper\n|-damage|p1a: Pelipper|50\/100\n|move|p2a: Orthworm|Body Press|p1b: Drednaw\n|-damage|p1b: Drednaw|64\/100\n|\n|-weather|RainDance|[upkeep]\n|upkeep\n|turn|2\n|\n|t:|1682877379\n|move|p1b: Drednaw|Rock Slide|p2a: Orthworm|[spread] p2a,p2b\n|-resisted|p2a: Orthworm\n|-crit|p2a: Orthworm\n|-damage|p2a: Orthworm|0 fnt\n|-damage|p2b: Ting-Lu|82\/100\n|faint|p2a: Orthworm\n|move|p1a: Pelipper|Hurricane|p2b: Ting-Lu\n|-damage|p2b: Ting-Lu|58\/100\n|-start|p2b: Ting-Lu|confusion\n|-activate|p2b: Ting-Lu|confusion\n|-damage|p2b: Ting-Lu|49\/100|[from] confusion\n|\n|-weather|RainDance|[upkeep]\n|upkeep\n|\n|t:|1682877388\n|switch|p2a: Dragonite|Dragonite, L50, M|100\/100\n|turn|3\n|\n|t:|1682877403\n|move|p2a: Dragonite|Extreme Speed|p1a: Pelipper\n|-damage|p1a: Pelipper|15\/100\n|move|p1b: Drednaw|Rock Slide|p2b: Ting-Lu|[spread] p2a,p2b\n|-supereffective|p2a: Dragonite\n|-damage|p2a: Dragonite|70\/100\n|-damage|p2b: Ting-Lu|31\/100\n|move|p1a: Pelipper|Tailwind|p1a: Pelipper\n|-sidestart|p1: muddyswamppert|move: Tailwind\n|-end|p2b: Ting-Lu|confusion\n|move|p2b: Ting-Lu|Throat Chop|p1b: Drednaw\n|-damage|p1b: Drednaw|16\/100\n|-start|p1b: Drednaw|Throat Chop|[silent]\n|\n|-weather|RainDance|[upkeep]\n|upkeep\n|turn|4\n|\n|t:|1682877427\n|move|p1a: Pelipper|Protect|p1a: Pelipper\n|-singleturn|p1a: Pelipper|Protect\n|move|p2a: Dragonite|Extreme Speed|p1b: Drednaw\n|-damage|p1b: Drednaw|0 fnt\n|faint|p1b: Drednaw\n|move|p2b: Ting-Lu|Rock Slide|p1a: Pelipper\n|-activate|p1a: Pelipper|move: Protect\n|\n|-weather|RainDance|[upkeep]\n|upkeep\n|\n|t:|1682877432\n|switch|p1b: Iron Valiant|Iron Valiant, L50|100\/100\n|-enditem|p1b: Iron Valiant|Booster Energy\n|-activate|p1b: Iron Valiant|ability: Quark Drive|[fromitem]\n|-start|p1b: Iron Valiant|quarkdrivespe\n|turn|5\n|\n|t:|1682877444\n|switch|p1a: Scizor|Scizor, L50, M|100\/100\n|switch|p2a: Gyarados|Gyarados, L50, M|100\/100\n|-ability|p2a: Gyarados|Intimidate|boost\n|-unboost|p1a: Scizor|atk|1\n|-unboost|p1b: Iron Valiant|atk|1\n|move|p1b: Iron Valiant|Spirit Break|p2a: Gyarados\n|-damage|p2a: Gyarados|76\/100\n|-unboost|p2a: Gyarados|spa|1\n|move|p2b: Ting-Lu|Rock Slide|p1a: Scizor|[spread] p1a,p1b\n|-resisted|p1b: Iron Valiant\n|-damage|p1a: Scizor|82\/100\n|-damage|p1b: Iron Valiant|88\/100\n|\n|-weather|none\n|upkeep\n|turn|6\n|\n|t:|1682877471\n|move|p1b: Iron Valiant|Spirit Break|p2a: Gyarados\n|-crit|p2a: Gyarados\n|-damage|p2a: Gyarados|22\/100\n|-unboost|p2a: Gyarados|spa|1\n|move|p1a: Scizor|U-turn|p2b: Ting-Lu\n|-damage|p2b: Ting-Lu|14\/100\n|\n|t:|1682877476\n|switch|p1a: Pelipper|Pelipper, L50, M|15\/100|[from] U-turn\n|-weather|RainDance|[from] ability: Drizzle|[of] p1a: Pelipper\n|move|p2a: Gyarados|Waterfall|p1b: Iron Valiant\n|-damage|p1b: Iron Valiant|25\/100\n|move|p2b: Ting-Lu|Earthquake|p1b: Iron Valiant|[spread] p1b\n|-immune|p2a: Gyarados\n|-immune|p1a: Pelipper\n|-damage|p1b: Iron Valiant|0 fnt\n|faint|p1b: Iron Valiant\n|-end|p1b: Iron Valiant|Quark Drive|[silent]\n|\n|-weather|RainDance|[upkeep]\n|-sideend|p1: muddyswamppert|move: Tailwind\n|upkeep\n|\n|t:|1682877478\n|switch|p1b: Scizor|Scizor, L50, M|82\/100\n|turn|7\n|\n|t:|1682877496\n|move|p2a: Gyarados|Waterfall|p1b: Scizor\n|-damage|p1b: Scizor|30\/100\n|move|p1a: Pelipper|Hurricane|p2b: Ting-Lu\n|-damage|p2b: Ting-Lu|0 fnt\n|faint|p2b: Ting-Lu\n|move|p1b: Scizor|Aerial Ace|p2a: Gyarados\n|-damage|p2a: Gyarados|0 fnt\n|faint|p2a: Gyarados\n|\n|-weather|RainDance|[upkeep]\n|upkeep\n|\n|t:|1682877503\n|switch|p2b: Dragonite|Dragonite, L50, M|70\/100\n|turn|8\n|c|\u2606muddyswamppert|plz\n|\n|t:|1682877515\n|move|p1a: Pelipper|Protect|p1a: Pelipper\n|-singleturn|p1a: Pelipper|Protect\n|move|p2b: Dragonite|Earthquake|p1a: Pelipper|[spread] p1b\n|-activate|p1a: Pelipper|move: Protect\n|-damage|p1b: Scizor|4\/100\n|move|p1b: Scizor|Aerial Ace|p2b: Dragonite\n|-damage|p2b: Dragonite|35\/100\n|\n|-weather|RainDance|[upkeep]\n|upkeep\n|turn|9\n|\n|t:|1682877529\n|move|p2b: Dragonite|Extreme Speed|p1b: Scizor\n|-resisted|p1b: Scizor\n|-damage|p1b: Scizor|0 fnt\n|faint|p1b: Scizor\n|move|p1a: Pelipper|Hurricane|p2b: Dragonite\n|-damage|p2b: Dragonite|0 fnt\n|faint|p2b: Dragonite\n|\n|win|muddyswamppert\n|c|\u2606muddyswamppert|gg\n","uploadtime":1682877532,"views":9,"p1id":"muddyswamppert","p2id":"keveloper","formatid":"gen9vgc2023regulationc","rating":0,"private":0,"password":""}