{"id":"gen9vgc2023regulationc-1855993762","p1":"Soolers","p2":"littlemagpie2","format":"[Gen 9] VGC 2023 Regulation C","log":"|j|\u2606Soolers\n|j|\u2606littlemagpie2\n|t:|1683013712\n|gametype|doubles\n|player|p1|Soolers|2|1172\n|player|p2|littlemagpie2|workerice|1201\n|teamsize|p1|6\n|teamsize|p2|6\n|gen|9\n|tier|[Gen 9] VGC 2023 Regulation C\n|rated|\n|rule|Species Clause: Limit one of each Pok\u00e9mon\n|rule|Item Clause: Limit one of each item\n|clearpoke\n|poke|p1|Tyranitar, L50, M|\n|poke|p1|Houndstone, L50, M|\n|poke|p1|Iron Bundle, L50|\n|poke|p1|Iron Moth, L50|\n|poke|p1|Maushold, L50|\n|poke|p1|Chien-Pao, L50|\n|poke|p2|Tyranitar, L50, M|\n|poke|p2|Garchomp, L50, F|\n|poke|p2|Houndstone, L50, F|\n|poke|p2|Volcarona, L50, M|\n|poke|p2|Bronzong, L50|\n|poke|p2|Garganacl, L50, F|\n|teampreview|4\n|inactive|Battle timer is ON: inactive players will automatically lose when time's up. (requested by Soolers)\nlittlemagpie2 has agreed to open team sheets.\n|\n|t:|1683013740\n|start\n|switch|p1a: Iron Moth|Iron Moth, L50|100\/100\n|switch|p1b: Maushold|Maushold, L50|100\/100\n|switch|p2a: Garchomp|Garchomp, L50, F|100\/100\n|switch|p2b: Bronzong|Bronzong, L50|100\/100\n|turn|1\n|\n|t:|1683013764\n|-terastallize|p1a: Iron Moth|Flying\n|move|p1a: Iron Moth|Dazzling Gleam|p2b: Bronzong|[spread] p2a,p2b\n|-supereffective|p2a: Garchomp\n|-resisted|p2b: Bronzong\n|-damage|p2a: Garchomp|40\/100\n|-damage|p2b: Bronzong|90\/100\n|move|p1b: Maushold|Taunt|p2b: Bronzong\n|-start|p2b: Bronzong|move: Taunt\n|move|p2a: Garchomp|Rock Slide|p1a: Iron Moth|[spread] p1a,p1b\n|-supereffective|p1a: Iron Moth\n|-crit|p1a: Iron Moth\n|-damage|p1a: Iron Moth|0 fnt\n|-damage|p1b: Maushold|72\/100\n|faint|p1a: Iron Moth\n|-end|p1a: Iron Moth|Quark Drive|[silent]\n|-damage|p2a: Garchomp|31\/100|[from] item: Life Orb\n|cant|p2b: Bronzong|move: Taunt|Trick Room\n|\n|upkeep\n|\n|t:|1683013782\n|switch|p1a: Iron Bundle|Iron Bundle, L50|100\/100\n|-enditem|p1a: Iron Bundle|Booster Energy\n|-activate|p1a: Iron Bundle|ability: Quark Drive|[fromitem]\n|-start|p1a: Iron Bundle|quarkdrivespe\n|turn|2\n|\n|t:|1683013795\n|switch|p2a: Volcarona|Volcarona, L50, M|100\/100\n|move|p1b: Maushold|Follow Me|p1b: Maushold\n|-singleturn|p1b: Maushold|move: Follow Me\n|move|p1a: Iron Bundle|Icy Wind|p2b: Bronzong|[spread] p2a,p2b\n|-resisted|p2a: Volcarona\n|-resisted|p2b: Bronzong\n|-damage|p2a: Volcarona|94\/100\n|-damage|p2b: Bronzong|82\/100\n|-unboost|p2a: Volcarona|spe|1\n|-unboost|p2b: Bronzong|spe|1\n|move|p2b: Bronzong|Gyro Ball|p1b: Maushold\n|-damage|p1b: Maushold|17\/100\n|-enditem|p1b: Maushold|Sitrus Berry|[eat]\n|-heal|p1b: Maushold|42\/100|[from] item: Sitrus Berry\n|\n|upkeep\n|turn|3\n|\n|t:|1683013811\n|move|p1b: Maushold|Follow Me|p1b: Maushold\n|-singleturn|p1b: Maushold|move: Follow Me\n|move|p1a: Iron Bundle|Hydro Pump|p2a: Volcarona\n|-supereffective|p2a: Volcarona\n|-damage|p2a: Volcarona|22\/100\n|move|p2a: Volcarona|Struggle Bug|p1b: Maushold|[spread] p1a,p1b\n|-damage|p1a: Iron Bundle|76\/100\n|-damage|p1b: Maushold|24\/100\n|-unboost|p1a: Iron Bundle|spa|1\n|-unboost|p1b: Maushold|spa|1\n|move|p2b: Bronzong|Gyro Ball|p1b: Maushold\n|-damage|p1b: Maushold|0 fnt\n|faint|p1b: Maushold\n|\n|-end|p2b: Bronzong|move: Taunt\n|upkeep\n|\n|t:|1683013820\n|switch|p1b: Tyranitar|Tyranitar, L50, M|100\/100\n|-weather|Sandstorm|[from] ability: Sand Stream|[of] p1b: Tyranitar\n|turn|4\n|\n|t:|1683013836\n|move|p2a: Volcarona|Rage Powder|p2a: Volcarona\n|-singleturn|p2a: Volcarona|move: Rage Powder\n|move|p1a: Iron Bundle|Hydro Pump|p2a: Volcarona\n|-supereffective|p2a: Volcarona\n|-damage|p2a: Volcarona|0 fnt\n|faint|p2a: Volcarona\n|move|p1b: Tyranitar|Crunch|p2b: Bronzong\n|-supereffective|p2b: Bronzong\n|-damage|p2b: Bronzong|0 fnt\n|faint|p2b: Bronzong\n|\n|-weather|Sandstorm|[upkeep]\n|-damage|p1a: Iron Bundle|70\/100|[from] Sandstorm\n|upkeep\n|\n|t:|1683013847\n|switch|p2a: Houndstone|Houndstone, L50, F|100\/100\n|switch|p2b: Garchomp|Garchomp, L50, F|31\/100\n|turn|5\n|\n|t:|1683013861\n|move|p1b: Tyranitar|Protect|p1b: Tyranitar\n|-singleturn|p1b: Tyranitar|Protect\n|move|p1a: Iron Bundle|Icy Wind|p2a: Houndstone|[spread] p2a,p2b\n|-supereffective|p2b: Garchomp\n|-damage|p2a: Houndstone|85\/100\n|-damage|p2b: Garchomp|0 fnt\n|-unboost|p2a: Houndstone|spe|1\n|faint|p2b: Garchomp\n|move|p2a: Houndstone|Last Respects|p1a: Iron Bundle\n|-damage|p1a: Iron Bundle|0 fnt\n|faint|p1a: Iron Bundle\n|-end|p1a: Iron Bundle|Quark Drive|[silent]\n|\n|-weather|Sandstorm|[upkeep]\n|upkeep\n|turn|6\n|\n|t:|1683013879\n|move|p2a: Houndstone|Body Press|p1b: Tyranitar\n|-supereffective|p1b: Tyranitar\n|-damage|p1b: Tyranitar|34\/100\n|move|p1b: Tyranitar|Rock Slide|p2a: Houndstone\n|-damage|p2a: Houndstone|33\/100\n|\n|-weather|Sandstorm|[upkeep]\n|upkeep\n|turn|7\n|\n|t:|1683013886\n|move|p2a: Houndstone|Body Press|p1b: Tyranitar\n|-supereffective|p1b: Tyranitar\n|-damage|p1b: Tyranitar|0 fnt\n|faint|p1b: Tyranitar\n|\n|win|littlemagpie2\n|raw|Soolers's rating: 1172 → 1149<\/strong> (-23 for losing)\n|raw|littlemagpie2's rating: 1201 → 1224<\/strong> (+23 for winning)\n|c|\u2606littlemagpie2|gg\n|l|\u2606Soolers\n","uploadtime":1683013893,"views":19,"p1id":"soolers","p2id":"littlemagpie2","formatid":"gen9vgc2023regulationc","rating":1149,"private":0,"password":""}