{"id":"gen9vgc2023regulationc-1854111951","p1":"Yalper","p2":"Alaskan_fisher","format":"[Gen 9] VGC 2023 Regulation C","log":"|j|\u2606Yalper\n|j|\u2606Alaskan_fisher\n|t:|1682771174\n|gametype|doubles\n|player|p1|Yalper|1|1391\n|player|p2|Alaskan_fisher|fisherman-gen4|1375\n|teamsize|p1|6\n|teamsize|p2|6\n|gen|9\n|tier|[Gen 9] VGC 2023 Regulation C\n|rated|\n|rule|Species Clause: Limit one of each Pok\u00e9mon\n|rule|Item Clause: Limit one of each item\n|clearpoke\n|poke|p1|Chien-Pao, L50|\n|poke|p1|Flutter Mane, L50|\n|poke|p1|Great Tusk, L50|\n|poke|p1|Indeedee-F, L50, F|\n|poke|p1|Tatsugiri, L50, M|\n|poke|p1|Talonflame, L50, M|\n|poke|p2|Iron Hands, L50|\n|poke|p2|Palafin, L50, F|\n|poke|p2|Arcanine, L50, M|\n|poke|p2|Flutter Mane, L50|\n|poke|p2|Chi-Yu, L50|\n|poke|p2|Amoonguss, L50, F|\n|teampreview|4\n|j| Advay trideep\n|inactive|Battle timer is ON: inactive players will automatically lose when time's up. (requested by Yalper)\n|\n|t:|1682771275\n|start\n|switch|p1a: Great Tusk|Great Tusk, L50|100\/100\n|switch|p1b: Chien-Pao|Chien-Pao, L50|100\/100\n|switch|p2a: Palafin|Palafin, L50, F|100\/100\n|switch|p2b: Arcanine|Arcanine, L50, M|100\/100\n|-ability|p1b: Chien-Pao|Sword of Ruin\n|-ability|p2b: Arcanine|Intimidate|boost\n|-unboost|p1a: Great Tusk|atk|1\n|-unboost|p1b: Chien-Pao|atk|1\n|turn|1\n|inactive|Alaskan_fisher has 30 seconds left.\n|inactive|Alaskan_fisher has 20 seconds left.\n|inactive|Alaskan_fisher has 15 seconds left.\n|\n|t:|1682771317\n|switch|p2b: Amoonguss|Amoonguss, L50, F|100\/100\n|-terastallize|p1a: Great Tusk|Ground\n|move|p1b: Chien-Pao|Protect|p1b: Chien-Pao\n|-singleturn|p1b: Chien-Pao|Protect\n|move|p2a: Palafin|Jet Punch|p1a: Great Tusk\n|-supereffective|p1a: Great Tusk\n|-damage|p1a: Great Tusk|49\/100\n|move|p1a: Great Tusk|Earthquake|p2b: Amoonguss|[spread] p2a,p2b\n|-activate|p1b: Chien-Pao|move: Protect\n|-damage|p2a: Palafin|11\/100\n|-damage|p2b: Amoonguss|44\/100\n|-enditem|p2b: Amoonguss|Sitrus Berry|[eat]\n|-heal|p2b: Amoonguss|69\/100|[from] item: Sitrus Berry\n|\n|upkeep\n|turn|2\n|inactive|Yalper has 30 seconds left.\n|inactive|Alaskan_fisher has 30 seconds left.\n|inactive|Yalper has 20 seconds left.\n|inactive|Alaskan_fisher has 20 seconds left.\n|inactive|Yalper has 15 seconds left.\n|inactive|Alaskan_fisher has 15 seconds left.\n|inactive|Yalper has 10 seconds left.\n|inactive|Alaskan_fisher has 10 seconds left.\n|\n|t:|1682771364\n|detailschange|p2a: Palafin|Palafin-Hero, L50, F\n|switch|p2a: Arcanine|Arcanine, L50, M|100\/100\n|-ability|p2a: Arcanine|Intimidate|boost\n|-unboost|p1a: Great Tusk|atk|1\n|-unboost|p1b: Chien-Pao|atk|1\n|move|p1b: Chien-Pao|Ice Spinner|p2b: Amoonguss\n|-supereffective|p2b: Amoonguss\n|-damage|p2b: Amoonguss|33\/100\n|move|p1a: Great Tusk|Earthquake|p2a: Arcanine|[spread] p1b,p2a,p2b\n|-supereffective|p2a: Arcanine\n|-crit|p2b: Amoonguss\n|-damage|p1b: Chien-Pao|44\/100\n|-damage|p2a: Arcanine|0 fnt\n|-damage|p2b: Amoonguss|0 fnt\n|faint|p2a: Arcanine\n|faint|p2b: Amoonguss\n|\n|upkeep\n|inactive|Alaskan_fisher has 30 seconds left.\n|\n|t:|1682771392\n|switch|p2a: Palafin|Palafin-Hero, L50, F|11\/100\n|switch|p2b: Iron Hands|Iron Hands, L50|100\/100\n|-activate|p2a: Palafin|ability: Zero to Hero\n|turn|3\n|inactive|Yalper has 30 seconds left.\n|inactive|Alaskan_fisher has 30 seconds left.\n|\n|t:|1682771420\n|-end|p1a: Great Tusk|Protosynthesis|[silent]\n|switch|p1a: Tatsugiri|Tatsugiri, L50, M|100\/100\n|move|p2a: Palafin|Jet Punch|p1a: Tatsugiri\n|-ability|p1a: Tatsugiri|Storm Drain|boost\n|-boost|p1a: Tatsugiri|spa|1\n|move|p1b: Chien-Pao|Sacred Sword|p2a: Palafin\n|-damage|p2a: Palafin|0 fnt\n|faint|p2a: Palafin\n|move|p2b: Iron Hands|Swords Dance|p2b: Iron Hands\n|-boost|p2b: Iron Hands|atk|2\n|\n|upkeep\n|turn|4\n|inactive|Yalper has 30 seconds left.\n|\n|t:|1682771448\n|switch|p1b: Great Tusk|Great Tusk, L50, tera:Ground|49\/100\n|move|p1a: Tatsugiri|Draco Meteor|p2b: Iron Hands\n|-damage|p2b: Iron Hands|30\/100\n|-unboost|p1a: Tatsugiri|spa|2\n|move|p2b: Iron Hands|Drain Punch|p1b: Great Tusk\n|-damage|p1b: Great Tusk|0 fnt\n|-heal|p2b: Iron Hands|49\/100|[from] drain|[of] p1b: Great Tusk\n|faint|p1b: Great Tusk\n|-end|p1b: Great Tusk|Protosynthesis|[silent]\n|\n|upkeep\n|\n|t:|1682771459\n|switch|p1b: Flutter Mane|Flutter Mane, L50|100\/100\n|turn|5\n|\n|t:|1682771478\n|switch|p1a: Chien-Pao|Chien-Pao, L50|44\/100\n|-ability|p1a: Chien-Pao|Sword of Ruin\n|-terastallize|p2b: Iron Hands|Fire\n|move|p1b: Flutter Mane|Protect|p1b: Flutter Mane\n|-singleturn|p1b: Flutter Mane|Protect\n|move|p2b: Iron Hands|Drain Punch|p1a: Chien-Pao\n|-supereffective|p1a: Chien-Pao\n|-damage|p1a: Chien-Pao|0 fnt\n|-heal|p2b: Iron Hands|62\/100|[from] drain|[of] p1a: Chien-Pao\n|faint|p1a: Chien-Pao\n|\n|upkeep\n|l| Advay trideep\n|\n|t:|1682771490\n|switch|p1a: Tatsugiri|Tatsugiri, L50, M|100\/100\n|turn|6\n|\n|t:|1682771499\n|move|p2b: Iron Hands|Protect|p2b: Iron Hands\n|-singleturn|p2b: Iron Hands|Protect\n|move|p1a: Tatsugiri|Muddy Water|p2b: Iron Hands\n|-activate|p2b: Iron Hands|move: Protect\n|move|p1b: Flutter Mane|Psyshock|p2b: Iron Hands\n|-activate|p2b: Iron Hands|move: Protect\n|\n|upkeep\n|turn|7\n|\n|t:|1682771508\n|move|p1a: Tatsugiri|Muddy Water|p2b: Iron Hands\n|-supereffective|p2b: Iron Hands\n|-damage|p2b: Iron Hands|1\/100\n|-unboost|p2b: Iron Hands|accuracy|1\n|move|p1b: Flutter Mane|Psyshock|p2b: Iron Hands\n|-damage|p2b: Iron Hands|0 fnt\n|faint|p2b: Iron Hands\n|-end|p2b: Iron Hands|Quark Drive|[silent]\n|-damage|p1b: Flutter Mane|91\/100|[from] item: Life Orb\n|\n|win|Yalper\n|raw|Yalper's rating: 1391 → 1411<\/strong> (+20 for winning)\n|raw|Alaskan_fisher's rating: 1390 → 1370<\/strong> (-20 for losing)\n","uploadtime":1682771554,"views":18,"p1id":"yalper","p2id":"alaskanfisher","formatid":"gen9vgc2023regulationc","rating":1370,"private":0,"password":""}