{"id":"gen9vgc2023regulationc-1848815717","p1":"V4trena","p2":"NegaChad","format":"[Gen 9] VGC 2023 Regulation C","log":"|j|\u2606V4trena\n|j|\u2606NegaChad\n|t:|1682113408\n|gametype|doubles\n|player|p1|V4trena|blackbelt-gen4dp|\n|player|p2|NegaChad|101|\n|teamsize|p1|6\n|teamsize|p2|6\n|gen|9\n|tier|[Gen 9] VGC 2023 Regulation C\n|rule|Species Clause: Limit one of each Pok\u00e9mon\n|rule|Item Clause: Limit one of each item\n|clearpoke\n|poke|p1|Dondozo, L50, F|\n|poke|p1|Hattrem, L50, F|\n|poke|p1|Maushold, L50|\n|poke|p1|Flamigo, L50, F|\n|poke|p1|Tatsugiri-Droopy, L50, F|\n|poke|p1|Annihilape, L50, M|\n|poke|p2|Qwilfish, L50, F|\n|poke|p2|Great Tusk, L50|\n|poke|p2|Talonflame, L50, M|\n|poke|p2|Brambleghast, L50, M|\n|poke|p2|Farigiraf, L50, F|\n|poke|p2|Morgrem, L50, M|\n|teampreview|4\n|c|\u2606V4trena|gam 2\n|l|\u2606NegaChad\n|player|p2|\n|j|\u2606NegaChad\n|player|p2|NegaChad|101\n|c|\u2606NegaChad|Glhf\n|l|\u2606NegaChad\n|player|p2|\n|j|\u2606NegaChad\n|player|p2|NegaChad|101\n|c|\u2606V4trena|gl hf 2\n|\n|t:|1682113987\n|start\n|switch|p1a: SaulCallers|Maushold, L50|100\/100\n|switch|p1b: DarthSaul|Annihilape, L50, M|100\/100\n|switch|p2a: HEATBLAST|Talonflame, L50, M|100\/100\n|switch|p2b: RIPJAWS|Qwilfish, L50, F|100\/100\n|-ability|p2b: RIPJAWS|Intimidate|boost\n|-unboost|p1a: SaulCallers|atk|1\n|-unboost|p1b: DarthSaul|atk|1\n|-ability|p1b: DarthSaul|Defiant|boost\n|-boost|p1b: DarthSaul|atk|2\n|turn|1\n|\n|t:|1682114025\n|-terastallize|p1a: SaulCallers|Fire\n|move|p2a: HEATBLAST|Air Slash|p1b: DarthSaul\n|-supereffective|p1b: DarthSaul\n|-damage|p1b: DarthSaul|64\/100\n|cant|p1b: DarthSaul|flinch\n|move|p1a: SaulCallers|Population Bomb|p2a: HEATBLAST\n|-damage|p2a: HEATBLAST|89\/100\n|-damage|p2a: HEATBLAST|79\/100\n|-hitcount|p2a: HEATBLAST|2\n|move|p2b: RIPJAWS|Toxic|p1a: SaulCallers\n|-status|p1a: SaulCallers|tox\n|\n|-damage|p1a: SaulCallers|95\/100 tox|[from] psn\n|upkeep\n|turn|2\n|\n|t:|1682114077\n|move|p1b: DarthSaul|Shadow Claw|p2b: RIPJAWS\n|-damage|p2b: RIPJAWS|28\/100\n|move|p2a: HEATBLAST|Will-O-Wisp|p1b: DarthSaul\n|-status|p1b: DarthSaul|brn\n|move|p1a: SaulCallers|Population Bomb|p2a: HEATBLAST\n|-damage|p2a: HEATBLAST|68\/100\n|-crit|p2a: HEATBLAST\n|-damage|p2a: HEATBLAST|42\/100\n|-damage|p2a: HEATBLAST|31\/100\n|-damage|p2a: HEATBLAST|20\/100\n|-damage|p2a: HEATBLAST|10\/100\n|-damage|p2a: HEATBLAST|0 fnt\n|faint|p2a: HEATBLAST\n|-hitcount|p2: HEATBLAST|6\n|move|p2b: RIPJAWS|Chilling Water|p1a: SaulCallers\n|-supereffective|p1a: SaulCallers\n|-damage|p1a: SaulCallers|51\/100 tox\n|-unboost|p1a: SaulCallers|atk|1\n|\n|-heal|p2b: RIPJAWS|33\/100|[from] item: Black Sludge\n|-damage|p1a: SaulCallers|39\/100 tox|[from] psn\n|-damage|p1b: DarthSaul|58\/100 brn|[from] brn\n|upkeep\n|\n|t:|1682114101\n|switch|p2a: WAY BIG|Farigiraf, L50, F, shiny|100\/100\n|turn|3\n|\n|t:|1682114121\n|-terastallize|p2a: WAY BIG|Fairy\n|move|p1b: DarthSaul|Shadow Claw|p2b: RIPJAWS\n|-damage|p2b: RIPJAWS|0 fnt\n|faint|p2b: RIPJAWS\n|move|p1a: SaulCallers|Population Bomb|p2a: WAY BIG\n|-damage|p2a: WAY BIG|93\/100\n|-damage|p2a: WAY BIG|87\/100\n|-damage|p2a: WAY BIG|80\/100\n|-damage|p2a: WAY BIG|74\/100\n|-damage|p2a: WAY BIG|66\/100\n|-damage|p2a: WAY BIG|59\/100\n|-crit|p2a: WAY BIG\n|-damage|p2a: WAY BIG|39\/100\n|-damage|p2a: WAY BIG|32\/100\n|-damage|p2a: WAY BIG|25\/100\n|-enditem|p2a: WAY BIG|Aguav Berry|[eat]\n|-heal|p2a: WAY BIG|58\/100|[from] item: Aguav Berry\n|-damage|p2a: WAY BIG|51\/100\n|-hitcount|p2a: WAY BIG|10\n|move|p2a: WAY BIG|Dazzling Gleam|p1b: DarthSaul|[spread] p1a,p1b\n|-resisted|p1a: SaulCallers\n|-supereffective|p1b: DarthSaul\n|-damage|p1a: SaulCallers|16\/100 tox\n|-damage|p1b: DarthSaul|2\/100 brn\n|\n|-damage|p1a: SaulCallers|0 fnt|[from] psn\n|faint|p1a: SaulCallers\n|-damage|p1b: DarthSaul|0 fnt|[from] brn\n|faint|p1b: DarthSaul\n|upkeep\n|\n|t:|1682114149\n|switch|p1a: TheDondizzuler|Dondozo, L50, F|100\/100\n|switch|p2b: GREY MATTER|Morgrem, L50, M, shiny|100\/100\n|switch|p1b: Tatsugiri|Tatsugiri-Droopy, L50, F|100\/100\n|-activate|p1b: Tatsugiri|ability: Commander|[of] p1a: TheDondizzuler\n|-boost|p1a: TheDondizzuler|atk|2\n|-boost|p1a: TheDondizzuler|spa|2\n|-boost|p1a: TheDondizzuler|spe|2\n|-boost|p1a: TheDondizzuler|def|2\n|-boost|p1a: TheDondizzuler|spd|2\n|turn|4\n|\n|t:|1682114197\n|move|p2b: GREY MATTER|Fake Out|p1a: TheDondizzuler\n|-damage|p1a: TheDondizzuler|99\/100\n|cant|p1a: TheDondizzuler|flinch\n|move|p2a: WAY BIG|Energy Ball|p1a: TheDondizzuler\n|-supereffective|p1a: TheDondizzuler\n|-damage|p1a: TheDondizzuler|71\/100\n|-unboost|p1a: TheDondizzuler|spd|1\n|\n|-heal|p1a: TheDondizzuler|77\/100|[from] item: Leftovers\n|upkeep\n|turn|5\n|\n|t:|1682114214\n|move|p1a: TheDondizzuler|Body Press|p2a: WAY BIG\n|-resisted|p2a: WAY BIG\n|-damage|p2a: WAY BIG|23\/100\n|move|p2b: GREY MATTER|Foul Play|p1a: TheDondizzuler\n|-damage|p1a: TheDondizzuler|68\/100\n|move|p2a: WAY BIG|Energy Ball|p1a: TheDondizzuler\n|-supereffective|p1a: TheDondizzuler\n|-damage|p1a: TheDondizzuler|28\/100\n|\n|-heal|p1a: TheDondizzuler|34\/100|[from] item: Leftovers\n|upkeep\n|turn|6\n|\n|t:|1682114225\n|move|p2b: GREY MATTER|Reflect|p2b: GREY MATTER\n|-sidestart|p2: NegaChad|Reflect\n|move|p1a: TheDondizzuler|Body Press|p2a: WAY BIG\n|-resisted|p2a: WAY BIG\n|-damage|p2a: WAY BIG|5\/100\n|move|p2a: WAY BIG|Energy Ball|p1a: TheDondizzuler\n|-supereffective|p1a: TheDondizzuler\n|-damage|p1a: TheDondizzuler|0 fnt\n|faint|p1a: TheDondizzuler\n|\n|upkeep\n|turn|7\n|\n|t:|1682114261\n|move|p1b: Tatsugiri|Muddy Water|p2b: GREY MATTER|[spread] p2a\n|-miss|p1b: Tatsugiri|p2b: GREY MATTER\n|-damage|p2a: WAY BIG|0 fnt\n|faint|p2a: WAY BIG\n|move|p2b: GREY MATTER|Foul Play|p1b: Tatsugiri\n|-crit|p1b: Tatsugiri\n|-damage|p1b: Tatsugiri|62\/100\n|\n|upkeep\n|turn|8\n|\n|t:|1682114268\n|move|p1b: Tatsugiri|Hydro Pump|p2b: GREY MATTER\n|-damage|p2b: GREY MATTER|58\/100\n|move|p2b: GREY MATTER|Foul Play|p1b: Tatsugiri\n|-damage|p1b: Tatsugiri|38\/100\n|\n|upkeep\n|turn|9\n|\n|t:|1682114272\n|move|p1b: Tatsugiri|Hydro Pump|p2b: GREY MATTER\n|-damage|p2b: GREY MATTER|12\/100\n|move|p2b: GREY MATTER|Foul Play|p1b: Tatsugiri\n|-damage|p1b: Tatsugiri|16\/100\n|-enditem|p1b: Tatsugiri|Salac Berry|[eat]\n|-boost|p1b: Tatsugiri|spe|1|[from] item: Salac Berry\n|\n|upkeep\n|turn|10\n|\n|t:|1682114280\n|move|p1b: Tatsugiri|Muddy Water|p2b: GREY MATTER\n|-damage|p2b: GREY MATTER|0 fnt\n|faint|p2b: GREY MATTER\n|\n|win|V4trena\n|l|\u2606V4trena\n|c|\u2606NegaChad|Gg\n|j|\u2606V4trena\n|player|p1|V4trena|blackbelt-gen4dp\n","uploadtime":1682114685,"views":12,"p1id":"v4trena","p2id":"negachad","formatid":"gen9vgc2023regulationc","rating":0,"private":0,"password":""}