{"id":"gen9vgc2023regulationc-1854488704","p1":"penny my beloved","p2":"OwanTanSoup","format":"[Gen 9] VGC 2023 Regulation C","log":"|j|\u2606penny my beloved\n|j|\u2606OwanTanSoup\n|t:|1682817471\n|gametype|doubles\n|player|p1|penny my beloved|penny|1198\n|player|p2|OwanTanSoup|silver|1090\n|teamsize|p1|6\n|teamsize|p2|6\n|gen|9\n|tier|[Gen 9] VGC 2023 Regulation C\n|rated|\n|rule|Species Clause: Limit one of each Pok\u00e9mon\n|rule|Item Clause: Limit one of each item\n|clearpoke\n|poke|p1|Palafin, L50, M|\n|poke|p1|Amoonguss, L50, F|\n|poke|p1|Arcanine, L50, M|\n|poke|p1|Flutter Mane, L50|\n|poke|p1|Dragapult, L50, M|\n|poke|p1|Ting-Lu, L50|\n|poke|p2|Ceruledge, L50, M|\n|poke|p2|Hydreigon, L50, M|\n|poke|p2|Gastrodon, L50, F|\n|poke|p2|Grimmsnarl, L50, M|\n|poke|p2|Tauros-Paldea-Aqua, L50, M|\n|poke|p2|Iron Moth, L50|\n|teampreview|4\n|\n|t:|1682817514\n|start\n|switch|p1a: Dragapult|Dragapult, L50, M, shiny|100\/100\n|switch|p1b: Arcanine|Arcanine, L50, M, shiny|100\/100\n|switch|p2a: Ceruledge|Ceruledge, L50, M|100\/100\n|switch|p2b: Grimmsnarl|Grimmsnarl, L50, M, shiny|100\/100\n|-ability|p1b: Arcanine|Intimidate|boost\n|-unboost|p2a: Ceruledge|atk|1\n|-unboost|p2b: Grimmsnarl|atk|1\n|turn|1\n|\n|t:|1682817547\n|move|p2a: Ceruledge|Shadow Sneak|p1a: Dragapult\n|-supereffective|p1a: Dragapult\n|-damage|p1a: Dragapult|48\/100\n|-damage|p2a: Ceruledge|90\/100|[from] item: Life Orb\n|move|p2b: Grimmsnarl|Reflect|p2b: Grimmsnarl\n|-sidestart|p2: OwanTanSoup|Reflect\n|move|p1a: Dragapult|Dragon Darts|p2a: Ceruledge\n|-damage|p2a: Ceruledge|58\/100\n|-anim|p1a: Dragapult|Dragon Darts|p2a: Ceruledge\n|-damage|p2a: Ceruledge|29\/100\n|-damage|p1a: Dragapult|39\/100|[from] item: Life Orb\n|move|p1b: Arcanine|Howl|p1b: Arcanine|[spread] p1a,p1b\n|-boost|p1a: Dragapult|atk|1\n|-boost|p1b: Arcanine|atk|1\n|\n|upkeep\n|turn|2\n|\n|t:|1682817579\n|-terastallize|p1a: Dragapult|Steel\n|move|p2a: Ceruledge|Protect|p2a: Ceruledge\n|-singleturn|p2a: Ceruledge|Protect\n|move|p2b: Grimmsnarl|Parting Shot|p1b: Arcanine\n|-unboost|p1b: Arcanine|atk|1\n|-unboost|p1b: Arcanine|spa|1\n|\n|t:|1682817596\n|switch|p2b: Gastrodon|Gastrodon, L50, F|100\/100|[from] Parting Shot\n|move|p1a: Dragapult|Dragon Darts|p2b: Gastrodon\n|-damage|p2b: Gastrodon|71\/100\n|-anim|p1a: Dragapult|Dragon Darts|p2b: Gastrodon\n|-damage|p2b: Gastrodon|39\/100\n|-damage|p1a: Dragapult|29\/100|[from] item: Life Orb\n|move|p1b: Arcanine|Flare Blitz|p2b: Gastrodon\n|-resisted|p2b: Gastrodon\n|-damage|p2b: Gastrodon|23\/100\n|-damage|p1b: Arcanine|93\/100|[from] Recoil\n|\n|-heal|p2b: Gastrodon|28\/100|[from] item: Leftovers\n|upkeep\n|turn|3\n|\n|t:|1682817623\n|move|p1b: Arcanine|Extreme Speed|p2b: Gastrodon\n|-damage|p2b: Gastrodon|12\/100\n|move|p1a: Dragapult|Dragon Darts|p2a: Ceruledge\n|-damage|p2a: Ceruledge|0 fnt\n|-anim|p1a: Dragapult|Dragon Darts|p2b: Gastrodon\n|-damage|p2b: Gastrodon|0 fnt\n|faint|p2a: Ceruledge\n|faint|p2b: Gastrodon\n|-damage|p1a: Dragapult|20\/100|[from] item: Life Orb\n|\n|upkeep\n|\n|t:|1682817633\n|switch|p2a: Hydreigon|Hydreigon, L50, M|100\/100\n|switch|p2b: Grimmsnarl|Grimmsnarl, L50, M, shiny|100\/100\n|turn|4\n|\n|t:|1682817652\n|-terastallize|p2a: Hydreigon|Steel\n|move|p1a: Dragapult|Protect|p1a: Dragapult\n|-singleturn|p1a: Dragapult|Protect\n|move|p1b: Arcanine|Howl|p1b: Arcanine|[spread] p1a,p1b\n|-boost|p1a: Dragapult|atk|1\n|-boost|p1b: Arcanine|atk|1\n|move|p2a: Hydreigon|Dark Pulse|p1a: Dragapult\n|-activate|p1a: Dragapult|move: Protect\n|move|p2b: Grimmsnarl|Play Rough|p1b: Arcanine\n|-resisted|p1b: Arcanine\n|-damage|p1b: Arcanine|69\/100\n|\n|upkeep\n|turn|5\n|\n|t:|1682817670\n|move|p1a: Dragapult|Tera Blast|p2b: Grimmsnarl\n|-supereffective|p2b: Grimmsnarl\n|-damage|p2b: Grimmsnarl|0 fnt\n|faint|p2b: Grimmsnarl\n|-damage|p1a: Dragapult|11\/100|[from] item: Life Orb\n|move|p1b: Arcanine|Flare Blitz|p2a: Hydreigon\n|-supereffective|p2a: Hydreigon\n|-damage|p2a: Hydreigon|0 fnt\n|faint|p2a: Hydreigon\n|-damage|p1b: Arcanine|37\/100|[from] Recoil\n|\n|win|penny my beloved\n|raw|penny my beloved's rating: 1198 → 1215<\/strong> (+17 for winning)\n|raw|OwanTanSoup's rating: 1090 → 1074<\/strong> (-16 for losing)\n|l|\u2606OwanTanSoup\n","uploadtime":1682817681,"views":17,"p1id":"pennymybeloved","p2id":"owantansoup","formatid":"gen9vgc2023regulationc","rating":1074,"private":0,"password":""}