{"id":"gen9vgc2023regulationc-1857539787","p1":"raial941","p2":"Ricardo Randorez","format":"[Gen 9] VGC 2023 Regulation C","log":"|j|\u2606raial941\n|j|\u2606Ricardo Randorez\n|t:|1683206343\n|gametype|doubles\n|player|p1|raial941|pokemonbreeder|1231\n|player|p2|Ricardo Randorez|170|1194\n|teamsize|p1|6\n|teamsize|p2|6\n|gen|9\n|tier|[Gen 9] VGC 2023 Regulation C\n|rated|\n|rule|Species Clause: Limit one of each Pok\u00e9mon\n|rule|Item Clause: Limit one of each item\n|clearpoke\n|poke|p1|Garganacl, L50, M|\n|poke|p1|Corviknight, L50, M|\n|poke|p1|Chien-Pao, L50|\n|poke|p1|Gengar, L50, M|\n|poke|p1|Tauros-Paldea-Aqua, L50, M|\n|poke|p1|Iron Hands, L50|\n|poke|p2|Dondozo, L50, M|\n|poke|p2|Tatsugiri-Droopy, L50, F|\n|poke|p2|Pelipper, L50, M|\n|poke|p2|Drednaw, L50, M|\n|poke|p2|Dragonite, L50, M|\n|poke|p2|Chien-Pao, L50|\n|teampreview|4\nraial941 has agreed to open team sheets.\n|inactive|Battle timer is ON: inactive players will automatically lose when time's up. (requested by raial941)\n|\n|t:|1683206381\n|start\n|switch|p1a: Corviknight|Corviknight, L50, M|100\/100\n|switch|p1b: Tauros|Tauros-Paldea-Aqua, L50, M|100\/100\n|switch|p2a: Pelipper|Pelipper, L50, M|100\/100\n|switch|p2b: Drednaw|Drednaw, L50, M|100\/100\n|-ability|p1b: Tauros|Intimidate|boost\n|-unboost|p2a: Pelipper|atk|1\n|-unboost|p2b: Drednaw|atk|1\n|-weather|RainDance|[from] ability: Drizzle|[of] p2a: Pelipper\n|turn|1\n|inactive|Ricardo Randorez has 30 seconds left.\n|\n|t:|1683206408\n|move|p2b: Drednaw|Rock Slide|p1b: Tauros|[spread] p1a,p1b\n|-resisted|p1b: Tauros\n|-crit|p1b: Tauros\n|-damage|p1a: Corviknight|73\/100\n|-damage|p1b: Tauros|68\/100\n|move|p1b: Tauros|Close Combat|p2b: Drednaw\n|-supereffective|p2b: Drednaw\n|-damage|p2b: Drednaw|0 fnt\n|-unboost|p1b: Tauros|def|1\n|-unboost|p1b: Tauros|spd|1\n|faint|p2b: Drednaw\n|move|p1a: Corviknight|Tailwind|p1a: Corviknight\n|-sidestart|p1: raial941|move: Tailwind\n|move|p2a: Pelipper|Tailwind|p2a: Pelipper\n|-sidestart|p2: Ricardo Randorez|move: Tailwind\n|\n|-weather|RainDance|[upkeep]\n|-heal|p1a: Corviknight|79\/100|[from] item: Leftovers\n|upkeep\n|\n|t:|1683206426\n|switch|p2b: Dondozo|Dondozo, L50, M|100\/100\n|turn|2\n|inactive|raial941 has 30 seconds left.\n|inactive|Ricardo Randorez has 30 seconds left.\n|inactive|raial941 has 20 seconds left.\n|\n|t:|1683206462\n|move|p2b: Dondozo|Protect|p2b: Dondozo\n|-singleturn|p2b: Dondozo|Protect\n|move|p1b: Tauros|Close Combat|p2b: Dondozo\n|-activate|p2b: Dondozo|move: Protect\n|move|p1a: Corviknight|Bulk Up|p1a: Corviknight\n|-boost|p1a: Corviknight|atk|1\n|-boost|p1a: Corviknight|def|1\n|move|p2a: Pelipper|Hurricane|p1b: Tauros\n|-supereffective|p1b: Tauros\n|-damage|p1b: Tauros|0 fnt\n|faint|p1b: Tauros\n|\n|-weather|RainDance|[upkeep]\n|-heal|p1a: Corviknight|85\/100|[from] item: Leftovers\n|upkeep\n|\n|t:|1683206466\n|switch|p1b: Garganacl|Garganacl, L50, M, shiny|100\/100\n|turn|3\n|\n|t:|1683206484\n|switch|p2a: Tatsugiri|Tatsugiri-Droopy, L50, F, shiny|100\/100\n|-activate|p2a: Tatsugiri|ability: Commander|[of] p2b: Dondozo\n|-boost|p2b: Dondozo|atk|2\n|-boost|p2b: Dondozo|spa|2\n|-boost|p2b: Dondozo|spe|2\n|-boost|p2b: Dondozo|def|2\n|-boost|p2b: Dondozo|spd|2\n|-terastallize|p1b: Garganacl|Grass\n|move|p2b: Dondozo|Surf|p1a: Corviknight|[spread] p1a,p1b\n|-miss|p2b: Dondozo|p2a: Tatsugiri\n|-crit|p1a: Corviknight\n|-resisted|p1b: Garganacl\n|-damage|p1a: Corviknight|0 fnt\n|-damage|p1b: Garganacl|66\/100\n|faint|p1a: Corviknight\n|-damage|p2b: Dondozo|91\/100|[from] item: Life Orb\n|move|p1b: Garganacl|Salt Cure|p2b: Dondozo\n|-damage|p2b: Dondozo|85\/100\n|-start|p2b: Dondozo|Salt Cure\n|\n|-weather|RainDance|[upkeep]\n|-damage|p2b: Dondozo|60\/100|[from] Salt Cure\n|upkeep\n|c|\u2606raial941|the crit, ofc\n|\n|t:|1683206503\n|switch|p1a: Chien-Pao|Chien-Pao, L50|100\/100\n|-ability|p1a: Chien-Pao|Sword of Ruin\n|turn|4\n|\n|t:|1683206511\n|move|p1a: Chien-Pao|Sacred Sword|p2b: Dondozo\n|-damage|p2b: Dondozo|15\/100\n|move|p2b: Dondozo|Surf|p1b: Garganacl|[spread] p1a,p1b\n|-miss|p2b: Dondozo|p2a: Tatsugiri\n|-resisted|p1b: Garganacl\n|-damage|p1a: Chien-Pao|0 fnt\n|-damage|p1b: Garganacl|33\/100\n|faint|p1a: Chien-Pao\n|-damage|p2b: Dondozo|5\/100|[from] item: Life Orb\n|move|p1b: Garganacl|Recover|p1b: Garganacl\n|-heal|p1b: Garganacl|83\/100\n|\n|-weather|RainDance|[upkeep]\n|-damage|p2b: Dondozo|0 fnt|[from] Salt Cure\n|faint|p2b: Dondozo\n|-sideend|p1: raial941|move: Tailwind\n|-sideend|p2: Ricardo Randorez|move: Tailwind\n|upkeep\n|\n|t:|1683206529\n|switch|p2b: Pelipper|Pelipper, L50, M|100\/100\n|turn|5\n|\n|t:|1683206543\n|move|p2a: Tatsugiri|Helping Hand|p2b: Pelipper\n|-singleturn|p2b: Pelipper|Helping Hand|[of] p2a: Tatsugiri\n|move|p2b: Pelipper|Hurricane|p1b: Garganacl\n|-supereffective|p1b: Garganacl\n|-damage|p1b: Garganacl|0 fnt\n|faint|p1b: Garganacl\n|\n|win|Ricardo Randorez\n|raw|raial941's rating: 1231 → 1203<\/strong> (-28 for losing)\n|raw|Ricardo Randorez's rating: 1194 → 1222<\/strong> (+28 for winning)\n|c|\u2606raial941|you just need to click hurricane\n|c|\u2606raial941|yeee gj\n","uploadtime":1683206554,"views":7,"p1id":"raial941","p2id":"ricardorandorez","formatid":"gen9vgc2023regulationc","rating":1203,"private":0,"password":""}