{"id":"gen9vgc2023regulationc-1845911909","p1":"gankyburner","p2":"MasterStef","format":"[Gen 9] VGC 2023 Regulation C","log":"|j|\u2606gankyburner\n|j|\u2606MasterStef\n|t:|1681778412\n|gametype|doubles\n|player|p1|gankyburner|169|1201\n|player|p2|MasterStef|cyrus|1126\n|teamsize|p1|6\n|teamsize|p2|6\n|gen|9\n|tier|[Gen 9] VGC 2023 Regulation C\n|rated|\n|rule|Species Clause: Limit one of each Pok\u00e9mon\n|rule|Item Clause: Limit one of each item\n|clearpoke\n|poke|p1|Murkrow, L50, F|\n|poke|p1|Tyranitar, L50, M|\n|poke|p1|Houndstone, L50, F|\n|poke|p1|Chi-Yu, L50|\n|poke|p1|Corviknight, L50, M|\n|poke|p1|Leafeon, L50, M|\n|poke|p2|Roaring Moon, L50|\n|poke|p2|Cryogonal, L50|\n|poke|p2|Iron Valiant, L50|\n|poke|p2|Rotom-Heat, L50|\n|poke|p2|Amoonguss, L50, M|\n|poke|p2|Kingambit, L50, F|\n|teampreview|4\nMasterStef has agreed to open team sheets.\ngankyburner has agreed to open team sheets.\n|inactive|Battle timer is ON: inactive players will automatically lose when time's up. (requested by MasterStef)\n|\n|t:|1681778492\n|start\n|switch|p1a: Godzilla|Tyranitar, L50, M, shiny|100\/100\n|switch|p1b: Dragula|Houndstone, L50, F, shiny|100\/100\n|switch|p2a: Roaring Moon|Roaring Moon, L50|100\/100\n|switch|p2b: Cryogonal|Cryogonal, L50|100\/100\n|-weather|Sandstorm|[from] ability: Sand Stream|[of] p1a: Godzilla\n|turn|1\n|inactive|MasterStef has 30 seconds left.\n|inactive|MasterStef has 20 seconds left.\n|\n|t:|1681778532\n|move|p2a: Roaring Moon|Protect|p2a: Roaring Moon\n|-singleturn|p2a: Roaring Moon|Protect\n|move|p2b: Cryogonal|Protect|p2b: Cryogonal\n|-singleturn|p2b: Cryogonal|Protect\n|move|p1b: Dragula|Will-O-Wisp|p2a: Roaring Moon\n|-activate|p2a: Roaring Moon|move: Protect\n|move|p1a: Godzilla|Rock Slide|p2b: Cryogonal|[spread] \n|-activate|p2a: Roaring Moon|move: Protect\n|-activate|p2b: Cryogonal|move: Protect\n|\n|-weather|Sandstorm|[upkeep]\n|-damage|p2a: Roaring Moon|94\/100|[from] Sandstorm\n|-damage|p2b: Cryogonal|95\/100|[from] Sandstorm\n|upkeep\n|turn|2\n|\n|t:|1681778557\n|-end|p2a: Roaring Moon|Protosynthesis|[silent]\n|switch|p2a: Amoonguss|Amoonguss, L50, M|100\/100\n|-terastallize|p1a: Godzilla|Flying\n|move|p1b: Dragula|Will-O-Wisp|p2a: Amoonguss\n|-status|p2a: Amoonguss|brn\n|move|p2b: Cryogonal|Ice Beam|p1a: Godzilla\n|-supereffective|p1a: Godzilla\n|-damage|p1a: Godzilla|52\/100\n|-status|p1a: Godzilla|frz\n|cant|p1a: Godzilla|frz\n|\n|-weather|Sandstorm|[upkeep]\n|-damage|p2b: Cryogonal|89\/100|[from] Sandstorm\n|-damage|p1a: Godzilla|46\/100 frz|[from] Sandstorm\n|-damage|p2a: Amoonguss|94\/100 brn|[from] Sandstorm\n|-heal|p2a: Amoonguss|100\/100 brn|[from] item: Leftovers\n|-damage|p2a: Amoonguss|94\/100 brn|[from] brn\n|upkeep\n|turn|3\n|inactive|MasterStef has 30 seconds left.\n|\n|t:|1681778583\n|move|p1b: Dragula|Will-O-Wisp|p2b: Cryogonal\n|-status|p2b: Cryogonal|brn\n|move|p2b: Cryogonal|Ice Beam|p1a: Godzilla\n|-supereffective|p1a: Godzilla\n|-damage|p1a: Godzilla|0 fnt\n|faint|p1a: Godzilla\n|move|p2a: Amoonguss|Spore|p1b: Dragula\n|-status|p1b: Dragula|slp|[from] move: Spore\n|\n|-weather|Sandstorm|[upkeep]\n|-damage|p2b: Cryogonal|83\/100 brn|[from] Sandstorm\n|-damage|p2a: Amoonguss|88\/100 brn|[from] Sandstorm\n|-heal|p2a: Amoonguss|94\/100 brn|[from] item: Leftovers\n|-damage|p2b: Cryogonal|77\/100 brn|[from] brn\n|-damage|p2a: Amoonguss|88\/100 brn|[from] brn\n|upkeep\n|\n|t:|1681778598\n|switch|p1a: Mr. Jones|Corviknight, L50, M|100\/100\n|turn|4\n|\n|t:|1681778622\n|move|p2b: Cryogonal|Protect|p2b: Cryogonal\n|-singleturn|p2b: Cryogonal|Protect\n|cant|p1b: Dragula|slp\n|move|p1a: Mr. Jones|Brave Bird|p2a: Amoonguss\n|-supereffective|p2a: Amoonguss\n|-damage|p2a: Amoonguss|0 fnt\n|faint|p2a: Amoonguss\n|-damage|p1a: Mr. Jones|65\/100|[from] Recoil\n|\n|-weather|Sandstorm|[upkeep]\n|-damage|p2b: Cryogonal|72\/100 brn|[from] Sandstorm\n|-damage|p2b: Cryogonal|66\/100 brn|[from] brn\n|upkeep\n|\n|t:|1681778638\n|switch|p2a: Roaring Moon|Roaring Moon, L50|94\/100\n|turn|5\n|\n|t:|1681778652\n|move|p2b: Cryogonal|Ice Shard|p2a: Roaring Moon\n|-supereffective|p2a: Roaring Moon\n|-damage|p2a: Roaring Moon|85\/100\n|-enditem|p2a: Roaring Moon|Weakness Policy\n|-boost|p2a: Roaring Moon|atk|2|[from] item: Weakness Policy\n|-boost|p2a: Roaring Moon|spa|2|[from] item: Weakness Policy\n|cant|p1b: Dragula|slp\n|move|p2a: Roaring Moon|Throat Chop|p1a: Mr. Jones\n|-crit|p1a: Mr. Jones\n|-damage|p1a: Mr. Jones|0 fnt\n|faint|p1a: Mr. Jones\n|\n|-weather|none\n|-damage|p2b: Cryogonal|60\/100 brn|[from] brn\n|upkeep\n|\n|t:|1681778663\n|switch|p1a: C'mon C'mon|Murkrow, L50, F|100\/100\n|turn|6\n|\n|t:|1681778678\n|move|p1a: C'mon C'mon|Haze|p1a: C'mon C'mon\n|-clearallboost\n|move|p2a: Roaring Moon|Throat Chop|p1b: Dragula\n|-supereffective|p1b: Dragula\n|-damage|p1b: Dragula|16\/100 slp\n|-start|p1b: Dragula|Throat Chop|[silent]\n|move|p2b: Cryogonal|Icy Wind|p1a: C'mon C'mon|[spread] p1a,p1b\n|-supereffective|p1a: C'mon C'mon\n|-damage|p1a: C'mon C'mon|60\/100\n|-damage|p1b: Dragula|0 fnt\n|-unboost|p1a: C'mon C'mon|spe|1\n|faint|p1b: Dragula\n|\n|-damage|p2b: Cryogonal|54\/100 brn|[from] brn\n|upkeep\n|turn|7\n|\n|t:|1681778693\n|move|p2a: Roaring Moon|Dragon Claw|p1a: C'mon C'mon\n|-damage|p1a: C'mon C'mon|16\/100\n|move|p2b: Cryogonal|Ice Beam|p1a: C'mon C'mon\n|-supereffective|p1a: C'mon C'mon\n|-damage|p1a: C'mon C'mon|0 fnt\n|faint|p1a: C'mon C'mon\n|\n|win|MasterStef\n|raw|gankyburner's rating: 1201 → 1171<\/strong> (-30 for losing)\n|raw|MasterStef's rating: 1126 → 1156<\/strong> (+30 for winning)\n","uploadtime":1681778701,"views":11,"p1id":"gankyburner","p2id":"masterstef","formatid":"gen9vgc2023regulationc","rating":1156,"private":0,"password":""}