{"id":"gen9vgc2023regulationc-1862800979","p1":"Determewnation","p2":"RisingRaichuu","format":"[Gen 9] VGC 2023 Regulation C","log":"|j|\u2606Determewnation\n|j|\u2606RisingRaichuu\n|t:|1683923403\n|gametype|doubles\n|player|p1|Determewnation|akari-isekai|1396\n|player|p2|RisingRaichuu|169|1434\n|teamsize|p1|6\n|teamsize|p2|6\n|gen|9\n|tier|[Gen 9] VGC 2023 Regulation C\n|rated|\n|rule|Species Clause: Limit one of each Pok\u00e9mon\n|rule|Item Clause: Limit one of each item\n|clearpoke\n|poke|p1|Goodra, L50, F|\n|poke|p1|Murkrow, L50, M|\n|poke|p1|Meowscarada, L50, M|\n|poke|p1|Gholdengo, L50|\n|poke|p1|Indeedee-F, L50, F|\n|poke|p1|Iron Treads, L50|\n|poke|p2|Mimikyu, L50, M|\n|poke|p2|Chien-Pao, L50|\n|poke|p2|Dragonite, L50, F|\n|poke|p2|Ting-Lu, L50|\n|poke|p2|Gholdengo, L50|\n|poke|p2|Sandy Shocks, L50|\n|teampreview|4\n|\n|t:|1683923432\n|start\n|switch|p1a: Murkrow|Murkrow, L50, M|100\/100\n|switch|p1b: Iron Treads|Iron Treads, L50|100\/100\n|switch|p2a: Dragonite|Dragonite, L50, F|100\/100\n|switch|p2b: Ting-Lu|Ting-Lu, L50|100\/100\n|-ability|p2b: Ting-Lu|Vessel of Ruin\n|turn|1\n|\n|t:|1683923451\n|-terastallize|p2b: Ting-Lu|Ground\n|move|p1b: Iron Treads|Rock Slide|p2a: Dragonite|[spread] p2a,p2b\n|-supereffective|p2a: Dragonite\n|-resisted|p2b: Ting-Lu\n|-damage|p2a: Dragonite|84\/100\n|-damage|p2b: Ting-Lu|95\/100\n|move|p1a: Murkrow|Foul Play|p2a: Dragonite\n|-damage|p2a: Dragonite|31\/100\n|move|p2a: Dragonite|Tailwind|p2a: Dragonite\n|-sidestart|p2: RisingRaichuu|move: Tailwind\n|move|p2b: Ting-Lu|Earthquake|p1b: Iron Treads|[spread] p1b\n|-immune|p2a: Dragonite\n|-immune|p1a: Murkrow\n|-supereffective|p1b: Iron Treads\n|-enditem|p1b: Iron Treads|Focus Sash\n|-damage|p1b: Iron Treads|1\/100\n|\n|upkeep\n|turn|2\n|\n|t:|1683923470\n|switch|p2b: Chien-Pao|Chien-Pao, L50|100\/100\n|-ability|p2b: Chien-Pao|Sword of Ruin\n|move|p1b: Iron Treads|Protect|p1b: Iron Treads\n|-singleturn|p1b: Iron Treads|Protect\n|move|p2a: Dragonite|Extreme Speed|p1b: Iron Treads\n|-activate|p1b: Iron Treads|move: Protect\n|move|p1a: Murkrow|Tailwind|p1a: Murkrow\n|-sidestart|p1: Determewnation|move: Tailwind\n|\n|upkeep\n|turn|3\n|\n|t:|1683923481\n|switch|p1a: Indeedee|Indeedee-F, L50, F|100\/100\n|-fieldstart|move: Psychic Terrain|[from] ability: Psychic Surge|[of] p1a: Indeedee\n|-enditem|p1a: Indeedee|Psychic Seed\n|-boost|p1a: Indeedee|spd|1|[from] item: Psychic Seed\n|move|p2a: Dragonite|Extreme Speed|p1b: Iron Treads\n|-activate|p1b: Iron Treads|move: Psychic Terrain\n|move|p2b: Chien-Pao|Ice Spinner|p1a: Indeedee\n|-damage|p1a: Indeedee|46\/100\n|-fieldend|move: Psychic Terrain\n|move|p1b: Iron Treads|Rock Slide|p2a: Dragonite|[spread] p2b\n|-miss|p1b: Iron Treads|p2a: Dragonite\n|-supereffective|p2b: Chien-Pao\n|-damage|p2b: Chien-Pao|47\/100\n|\n|upkeep\n|turn|4\n|\n|t:|1683923502\n|move|p1b: Iron Treads|Protect|p1b: Iron Treads\n|-singleturn|p1b: Iron Treads|Protect\n|move|p1a: Indeedee|Protect|p1a: Indeedee\n|-singleturn|p1a: Indeedee|Protect\n|move|p2a: Dragonite|Extreme Speed|p1b: Iron Treads\n|-activate|p1b: Iron Treads|move: Protect\n|move|p2b: Chien-Pao|Ice Spinner|p1a: Indeedee\n|-activate|p1a: Indeedee|move: Protect\n|\n|-sideend|p2: RisingRaichuu|move: Tailwind\n|upkeep\n|turn|5\n|\n|t:|1683923517\n|move|p1a: Indeedee|Follow Me|p1a: Indeedee\n|-singleturn|p1a: Indeedee|move: Follow Me\n|move|p2a: Dragonite|Extreme Speed|p1a: Indeedee\n|-damage|p1a: Indeedee|7\/100\n|move|p1b: Iron Treads|Rock Slide|p2b: Chien-Pao|[spread] p2a,p2b\n|-supereffective|p2a: Dragonite\n|-supereffective|p2b: Chien-Pao\n|-damage|p2a: Dragonite|0 fnt\n|-damage|p2b: Chien-Pao|2\/100\n|faint|p2a: Dragonite\n|cant|p2b: Chien-Pao|flinch\n|\n|-sideend|p1: Determewnation|move: Tailwind\n|upkeep\n|\n|t:|1683923536\n|switch|p2a: Ting-Lu|Ting-Lu, L50, tera:Ground|95\/100\n|-ability|p2a: Ting-Lu|Vessel of Ruin\n|turn|6\n|\n|t:|1683923550\n|move|p2b: Chien-Pao|Protect|p2b: Chien-Pao\n|-singleturn|p2b: Chien-Pao|Protect\n|move|p1a: Indeedee|Follow Me|p1a: Indeedee\n|-singleturn|p1a: Indeedee|move: Follow Me\n|move|p1b: Iron Treads|Earthquake|p2b: Chien-Pao|[spread] p1a,p2a\n|-activate|p2b: Chien-Pao|move: Protect\n|-damage|p1a: Indeedee|0 fnt\n|-damage|p2a: Ting-Lu|65\/100\n|faint|p1a: Indeedee\n|move|p2a: Ting-Lu|Rock Slide|p1b: Iron Treads\n|-resisted|p1b: Iron Treads\n|-damage|p1b: Iron Treads|0 fnt\n|faint|p1b: Iron Treads\n|-end|p1b: Iron Treads|Quark Drive|[silent]\n|\n|upkeep\n|\n|t:|1683923561\n|switch|p1b: Meowscarada|Meowscarada, L50, M|100\/100\n|switch|p1a: Murkrow|Murkrow, L50, M|100\/100\n|turn|7\n|\n|t:|1683923588\n|move|p1a: Murkrow|Tailwind|p1a: Murkrow\n|-sidestart|p1: Determewnation|move: Tailwind\n|move|p1b: Meowscarada|Flower Trick|p2b: Chien-Pao\n|-start|p1b: Meowscarada|typechange|Grass|[from] ability: Protean\n|-crit|p2b: Chien-Pao\n|-damage|p2b: Chien-Pao|0 fnt\n|faint|p2b: Chien-Pao\n|move|p2a: Ting-Lu|Rock Slide|p1a: Murkrow|[spread] p1a,p1b\n|-supereffective|p1a: Murkrow\n|-damage|p1a: Murkrow|44\/100\n|-damage|p1b: Meowscarada|53\/100\n|\n|upkeep\n|\n|t:|1683923593\n|switch|p2b: Mimikyu|Mimikyu, L50, M|100\/100\n|turn|8\n|\n|t:|1683923610\n|-terastallize|p1a: Murkrow|Fire\n|move|p1b: Meowscarada|Flower Trick|p2a: Ting-Lu\n|-supereffective|p2a: Ting-Lu\n|-crit|p2a: Ting-Lu\n|-damage|p2a: Ting-Lu|0 fnt\n|faint|p2a: Ting-Lu\n|move|p1a: Murkrow|Foul Play|p2b: Mimikyu\n|-activate|p2b: Mimikyu|ability: Disguise\n|-damage|p2b: Mimikyu|100\/100\n|detailschange|p2b: Mimikyu|Mimikyu-Busted, L50, M\n|-damage|p2b: Mimikyu|88\/100|[from] pokemon: Mimikyu-Busted\n|move|p2b: Mimikyu|Play Rough|p1b: Meowscarada\n|-damage|p1b: Meowscarada|0 fnt\n|faint|p1b: Meowscarada\n|-damage|p2b: Mimikyu|78\/100|[from] item: Life Orb\n|\n|upkeep\n|turn|9\n|\n|t:|1683923632\n|move|p1a: Murkrow|Foul Play|p2b: Mimikyu\n|-damage|p2b: Mimikyu|4\/100\n|move|p2b: Mimikyu|Swords Dance|p2b: Mimikyu\n|-boost|p2b: Mimikyu|atk|2\n|\n|upkeep\n|turn|10\n|\n|t:|1683923638\n|move|p1a: Murkrow|Haze|p1a: Murkrow\n|-clearallboost\n|move|p2b: Mimikyu|Shadow Sneak|p1a: Murkrow\n|-damage|p1a: Murkrow|21\/100\n|-damage|p2b: Mimikyu|0 fnt|[from] item: Life Orb\n|faint|p2b: Mimikyu\n|\n|win|Determewnation\n|raw|Determewnation's rating: 1396 → 1418<\/strong> (+22 for winning)\n|raw|RisingRaichuu's rating: 1434 → 1412<\/strong> (-22 for losing)\n|l|\u2606RisingRaichuu\n","uploadtime":1683923709,"views":12,"p1id":"determewnation","p2id":"risingraichuu","formatid":"gen9vgc2023regulationc","rating":1412,"private":0,"password":""}