{"id":"gen9vgc2023regulationc-1851300121","p1":"NicoHaxVGC","p2":"Tariksleftnut","format":"[Gen 9] VGC 2023 Regulation C","log":"|j|\u2606NicoHaxVGC\n|j|\u2606Tariksleftnut\n|t:|1682433882\n|gametype|doubles\n|player|p1|NicoHaxVGC|hilbert-wonderlauncher|1226\n|player|p2|Tariksleftnut|102|1303\n|teamsize|p1|6\n|teamsize|p2|6\n|gen|9\n|tier|[Gen 9] VGC 2023 Regulation C\n|rated|\n|rule|Species Clause: Limit one of each Pok\u00e9mon\n|rule|Item Clause: Limit one of each item\n|clearpoke\n|poke|p1|Ting-Lu, L50|\n|poke|p1|Amoonguss, L50, M|\n|poke|p1|Annihilape, L50, M|\n|poke|p1|Talonflame, L50, M|\n|poke|p1|Iron Bundle, L50|\n|poke|p1|Flutter Mane, L50|\n|poke|p2|Oricorio-Pom-Pom, L50, F|\n|poke|p2|Lilligant, L50, F|\n|poke|p2|Volcarona, L50, F|\n|poke|p2|Chi-Yu, L50|\n|poke|p2|Sylveon, L50, F|\n|poke|p2|Indeedee-F, L50, F|\n|teampreview|4\n|inactive|Battle timer is ON: inactive players will automatically lose when time's up. (requested by NicoHaxVGC)\n|\n|t:|1682433911\n|start\n|switch|p1a: Annihilape|Annihilape, L50, M|100\/100\n|switch|p1b: Talonflame|Talonflame, L50, M|100\/100\n|switch|p2a: Volcarona|Volcarona, L50, F|100\/100\n|switch|p2b: Oricorio|Oricorio-Pom-Pom, L50, F|100\/100\n|turn|1\n|inactive|NicoHaxVGC has 30 seconds left.\n|inactive|NicoHaxVGC has 20 seconds left.\n|inactive|NicoHaxVGC has 15 seconds left.\n|\n|t:|1682433956\n|-terastallize|p1a: Annihilape|Fire\n|move|p1b: Talonflame|Brave Bird|p2a: Volcarona\n|-supereffective|p2a: Volcarona\n|-damage|p2a: Volcarona|11\/100\n|-damage|p1b: Talonflame|66\/100|[from] Recoil\n|move|p2a: Volcarona|Quiver Dance|p2a: Volcarona\n|-boost|p2a: Volcarona|spa|1\n|-boost|p2a: Volcarona|spd|1\n|-boost|p2a: Volcarona|spe|1\n|-activate|p2b: Oricorio|ability: Dancer\n|move|p2b: Oricorio|Quiver Dance|p2b: Oricorio|[from]ability: Dancer\n|-boost|p2b: Oricorio|spa|1\n|-boost|p2b: Oricorio|spd|1\n|-boost|p2b: Oricorio|spe|1\n|move|p2b: Oricorio|Air Slash|p1a: Annihilape\n|-damage|p1a: Annihilape|59\/100\n|cant|p1a: Annihilape|flinch\n|\n|-heal|p1a: Annihilape|65\/100|[from] item: Leftovers\n|upkeep\n|turn|2\n|inactive|NicoHaxVGC has 30 seconds left.\n|inactive|Tariksleftnut has 30 seconds left.\n|\n|t:|1682433988\n|-terastallize|p2b: Oricorio|Water\n|move|p1a: Annihilape|Protect|p1a: Annihilape\n|-singleturn|p1a: Annihilape|Protect\n|move|p2a: Volcarona|Quiver Dance|p2a: Volcarona\n|-boost|p2a: Volcarona|spa|1\n|-boost|p2a: Volcarona|spd|1\n|-boost|p2a: Volcarona|spe|1\n|-activate|p2b: Oricorio|ability: Dancer\n|move|p2b: Oricorio|Quiver Dance|p2b: Oricorio|[from]ability: Dancer\n|-boost|p2b: Oricorio|spa|1\n|-boost|p2b: Oricorio|spd|1\n|-boost|p2b: Oricorio|spe|1\n|move|p2b: Oricorio|Revelation Dance|p1a: Annihilape\n|-activate|p1a: Annihilape|move: Protect\n|move|p1b: Talonflame|Tailwind|p1b: Talonflame\n|-sidestart|p1: NicoHaxVGC|move: Tailwind\n|\n|-heal|p1a: Annihilape|71\/100|[from] item: Leftovers\n|upkeep\n|turn|3\n|inactive|NicoHaxVGC has 30 seconds left.\n|\n|t:|1682434023\n|switch|p1b: Ting-Lu|Ting-Lu, L50|100\/100\n|-ability|p1b: Ting-Lu|Vessel of Ruin\n|move|p2a: Volcarona|Quiver Dance|p2a: Volcarona\n|-boost|p2a: Volcarona|spa|1\n|-boost|p2a: Volcarona|spd|1\n|-boost|p2a: Volcarona|spe|1\n|-activate|p2b: Oricorio|ability: Dancer\n|move|p2b: Oricorio|Quiver Dance|p2b: Oricorio|[from]ability: Dancer\n|-boost|p2b: Oricorio|spa|1\n|-boost|p2b: Oricorio|spd|1\n|-boost|p2b: Oricorio|spe|1\n|move|p2b: Oricorio|Revelation Dance|p1a: Annihilape\n|-supereffective|p1a: Annihilape\n|-damage|p1a: Annihilape|0 fnt\n|faint|p1a: Annihilape\n|\n|upkeep\n|\n|t:|1682434044\n|switch|p1a: Flutter Mane|Flutter Mane, L50|100\/100\n|turn|4\n|\n|t:|1682434054\n|switch|p1b: Talonflame|Talonflame, L50, M|66\/100\n|move|p2b: Oricorio|Protect|p2b: Oricorio\n|-singleturn|p2b: Oricorio|Protect\n|move|p1a: Flutter Mane|Dazzling Gleam|p2b: Oricorio|[spread] p2a\n|-activate|p2b: Oricorio|move: Protect\n|-resisted|p2a: Volcarona\n|-damage|p2a: Volcarona|3\/100\n|move|p2a: Volcarona|Quiver Dance|p2a: Volcarona\n|-boost|p2a: Volcarona|spa|1\n|-boost|p2a: Volcarona|spd|1\n|-boost|p2a: Volcarona|spe|1\n|-activate|p2b: Oricorio|ability: Dancer\n|move|p2b: Oricorio|Quiver Dance|p2b: Oricorio|[from]ability: Dancer\n|-boost|p2b: Oricorio|spa|1\n|-boost|p2b: Oricorio|spd|1\n|-boost|p2b: Oricorio|spe|1\n|\n|upkeep\n|turn|5\n|\n|t:|1682434073\n|move|p2a: Volcarona|Fiery Dance|p1a: Flutter Mane\n|-damage|p1a: Flutter Mane|6\/100\n|-boost|p2a: Volcarona|spa|1\n|-activate|p2b: Oricorio|ability: Dancer\n|move|p2b: Oricorio|Fiery Dance|p1a: Flutter Mane|[from]ability: Dancer\n|-crit|p1a: Flutter Mane\n|-damage|p1a: Flutter Mane|0 fnt\n|-boost|p2b: Oricorio|spa|1\n|faint|p1a: Flutter Mane\n|-end|p1a: Flutter Mane|Protosynthesis|[silent]\n|move|p2b: Oricorio|Revelation Dance|p1b: Talonflame\n|-supereffective|p1b: Talonflame\n|-crit|p1b: Talonflame\n|-damage|p1b: Talonflame|0 fnt\n|faint|p1b: Talonflame\n|\n|-sideend|p1: NicoHaxVGC|move: Tailwind\n|upkeep\n|\n|t:|1682434081\n|switch|p1b: Ting-Lu|Ting-Lu, L50|100\/100\n|-ability|p1b: Ting-Lu|Vessel of Ruin\n|turn|6\n|\n|t:|1682434089\n|move|p2a: Volcarona|Fiery Dance|p1b: Ting-Lu\n|-damage|p1b: Ting-Lu|58\/100\n|-boost|p2a: Volcarona|spa|1\n|-activate|p2b: Oricorio|ability: Dancer\n|move|p2b: Oricorio|Fiery Dance|p1b: Ting-Lu|[from]ability: Dancer\n|-damage|p1b: Ting-Lu|28\/100\n|move|p2b: Oricorio|Revelation Dance|p1b: Ting-Lu\n|-supereffective|p1b: Ting-Lu\n|-damage|p1b: Ting-Lu|0 fnt\n|faint|p1b: Ting-Lu\n|\n|win|Tariksleftnut\n|raw|NicoHaxVGC's rating: 1226 → 1206<\/strong> (-20 for losing)\n|raw|Tariksleftnut's rating: 1303 → 1319<\/strong> (+16 for winning)\n|l|\u2606Tariksleftnut\n","uploadtime":1682434121,"views":11,"p1id":"nicohaxvgc","p2id":"tariksleftnut","formatid":"gen9vgc2023regulationc","rating":1206,"private":0,"password":""}