{"id":"gen9vgc2023regulationc-1861701236","p1":"haha you rage quit","p2":"Aveni","format":"[Gen 9] VGC 2023 Regulation C","log":"|j|\u2606haha you rage quit\n|j|\u2606Aveni\n|t:|1683796731\n|gametype|doubles\n|player|p1|haha you rage quit|pokemaniac|1199\n|player|p2|Aveni|102|1256\n|teamsize|p1|6\n|teamsize|p2|6\n|gen|9\n|tier|[Gen 9] VGC 2023 Regulation C\n|rated|\n|rule|Species Clause: Limit one of each Pok\u00e9mon\n|rule|Item Clause: Limit one of each item\n|clearpoke\n|poke|p1|Murkrow, L50, M|\n|poke|p1|Great Tusk, L50|\n|poke|p1|Flutter Mane, L50|\n|poke|p1|Jumpluff, L50, M|\n|poke|p1|Torkoal, L50, M|\n|poke|p1|Kingambit, L50, M|\n|poke|p2|Amoonguss, L50, M|\n|poke|p2|Gyarados, L50, M|\n|poke|p2|Murkrow, L50, F|\n|poke|p2|Great Tusk, L50|\n|poke|p2|Flutter Mane, L50|\n|poke|p2|Gholdengo, L50|\n|teampreview|4\n|inactive|Battle timer is ON: inactive players will automatically lose when time's up. (requested by haha you rage quit)\n|\n|t:|1683796796\n|start\n|switch|p1a: Jumpluff|Jumpluff, L50, M|100\/100\n|switch|p1b: Torkoal|Torkoal, L50, M|100\/100\n|switch|p2a: Chefgock|Murkrow, L50, F, shiny|100\/100\n|switch|p2b: Bowser|Great Tusk, L50|100\/100\n|-weather|SunnyDay|[from] ability: Drought|[of] p1b: Torkoal\n|-activate|p2b: Bowser|ability: Protosynthesis\n|-start|p2b: Bowser|protosynthesisatk\n|turn|1\n|\n|t:|1683796813\n|-terastallize|p1b: Torkoal|Grass\n|move|p2a: Chefgock|Tailwind|p2a: Chefgock\n|-sidestart|p2: Aveni|move: Tailwind\n|move|p2b: Bowser|Headlong Rush|p1b: Torkoal\n|-resisted|p1b: Torkoal\n|-damage|p1b: Torkoal|65\/100\n|-unboost|p2b: Bowser|def|1\n|-unboost|p2b: Bowser|spd|1\n|move|p1a: Jumpluff|Tailwind|p1a: Jumpluff\n|-sidestart|p1: haha you rage quit|move: Tailwind\n|move|p1b: Torkoal|Overheat|p2b: Bowser|[miss]\n|-miss|p1b: Torkoal|p2b: Bowser\n|\n|-weather|SunnyDay|[upkeep]\n|upkeep\n|turn|2\n|inactive|haha you rage quit has 30 seconds left.\n|inactive|Aveni has 30 seconds left.\n|inactive|Aveni has 20 seconds left.\n|\n|t:|1683796850\n|switch|p2a: Mario|Gholdengo, L50|100\/100\n|move|p1a: Jumpluff|Encore|p2b: Bowser\n|-start|p2b: Bowser|Encore\n|move|p2b: Bowser|Headlong Rush|p1b: Torkoal\n|-resisted|p1b: Torkoal\n|-damage|p1b: Torkoal|31\/100\n|-unboost|p2b: Bowser|def|1\n|-unboost|p2b: Bowser|spd|1\n|move|p1b: Torkoal|Overheat|p2b: Bowser\n|-damage|p2b: Bowser|0 fnt\n|-unboost|p1b: Torkoal|spa|2\n|-enditem|p1b: Torkoal|Eject Pack\n|faint|p2b: Bowser\n|-end|p2b: Bowser|Protosynthesis|[silent]\n|\n|t:|1683796872\n|switch|p1b: Flutter Mane|Flutter Mane, L50, shiny|100\/100\n|-activate|p1b: Flutter Mane|ability: Protosynthesis\n|-start|p1b: Flutter Mane|protosynthesisspa\n|\n|-weather|SunnyDay|[upkeep]\n|upkeep\n|\n|t:|1683796881\n|switch|p2b: Toad|Amoonguss, L50, M|100\/100\n|turn|3\n|\n|t:|1683796899\n|move|p1b: Flutter Mane|Protect|p1b: Flutter Mane\n|-singleturn|p1b: Flutter Mane|Protect\n|move|p2a: Mario|Protect|p2a: Mario\n|-singleturn|p2a: Mario|Protect\n|move|p1a: Jumpluff|Strength Sap|p2b: Toad\n|-unboost|p2b: Toad|atk|1\n|move|p2b: Toad|Spore|p1b: Flutter Mane\n|-activate|p1b: Flutter Mane|move: Protect\n|\n|-weather|SunnyDay|[upkeep]\n|upkeep\n|turn|4\n|inactive|haha you rage quit has 30 seconds left.\n|\n|t:|1683796925\n|-terastallize|p2a: Mario|Water\n|move|p1a: Jumpluff|Strength Sap|p2b: Toad\n|-unboost|p2b: Toad|atk|1\n|move|p1b: Flutter Mane|Thunderbolt|p2a: Mario\n|-supereffective|p2a: Mario\n|-damage|p2a: Mario|0 fnt\n|faint|p2a: Mario\n|-damage|p1b: Flutter Mane|91\/100|[from] item: Life Orb\n|move|p2b: Toad|Spore|p1b: Flutter Mane\n|-status|p1b: Flutter Mane|slp|[from] move: Spore\n|\n|-weather|SunnyDay|[upkeep]\n|-sideend|p2: Aveni|move: Tailwind\n|-sideend|p1: haha you rage quit|move: Tailwind\n|upkeep\n|\n|t:|1683796938\n|switch|p2a: Chefgock|Murkrow, L50, F, shiny|100\/100\n|turn|5\n|-message|Aveni forfeited.\n|\n|win|haha you rage quit\n|raw|haha you rage quit's rating: 1199 → 1228<\/strong> (+29 for winning)\n|raw|Aveni's rating: 1256 → 1227<\/strong> (-29 for losing)\n|l|\u2606Aveni\n","uploadtime":1683796953,"views":14,"p1id":"hahayouragequit","p2id":"aveni","formatid":"gen9vgc2023regulationc","rating":1227,"private":0,"password":""}