{"id":"gen9vgc2023regulationc-1847470273","p1":"emogiraffe","p2":"That_Leek","format":"[Gen 9] VGC 2023 Regulation C","log":"|j|\u2606emogiraffe\n|j|\u2606That_Leek\n|t:|1681959074\n|gametype|doubles\n|player|p1|emogiraffe|ninjaboy|1189\n|player|p2|That_Leek|blue|1252\n|teamsize|p1|6\n|teamsize|p2|6\n|gen|9\n|tier|[Gen 9] VGC 2023 Regulation C\n|rated|\n|rule|Species Clause: Limit one of each Pok\u00e9mon\n|rule|Item Clause: Limit one of each item\n|clearpoke\n|poke|p1|Palafin, L50, M|\n|poke|p1|Flutter Mane, L50|\n|poke|p1|Iron Bundle, L50|\n|poke|p1|Ceruledge, L50, F|\n|poke|p1|Amoonguss, L50, F|\n|poke|p1|Chi-Yu, L50|\n|poke|p2|Tyranitar, L50, F|\n|poke|p2|Gyarados, L50, M|\n|poke|p2|Scizor, L50, F|\n|poke|p2|Sandy Shocks, L50|\n|poke|p2|Amoonguss, L50, F|\n|poke|p2|Flutter Mane, L50|\n|teampreview|4\nThat_Leek has agreed to open team sheets.\n|inactive|Battle timer is ON: inactive players will automatically lose when time's up. (requested by emogiraffe)\nemogiraffe rejected open team sheets.\n|c|\u2606That_Leek|rejected ;-;\n|\n|t:|1681959135\n|start\n|switch|p1a: Iron Bundle|Iron Bundle, L50|100\/100\n|switch|p1b: Ceruledge|Ceruledge, L50, F|100\/100\n|switch|p2a: Gyarados|Gyarados, L50, M|100\/100\n|switch|p2b: Tyranitar|Tyranitar, L50, F|100\/100\n|-ability|p2a: Gyarados|Intimidate|boost\n|-unboost|p1a: Iron Bundle|atk|1\n|-unboost|p1b: Ceruledge|atk|1\n|-weather|Sandstorm|[from] ability: Sand Stream|[of] p2b: Tyranitar\n|-enditem|p1a: Iron Bundle|Booster Energy\n|-activate|p1a: Iron Bundle|ability: Quark Drive|[fromitem]\n|-start|p1a: Iron Bundle|quarkdrivespe\n|turn|1\n|\n|t:|1681959154\n|-terastallize|p1b: Ceruledge|Grass\n|move|p1a: Iron Bundle|Protect|p1a: Iron Bundle\n|-singleturn|p1a: Iron Bundle|Protect\n|move|p2a: Gyarados|Protect|p2a: Gyarados\n|-singleturn|p2a: Gyarados|Protect\n|move|p1b: Ceruledge|Close Combat|p2b: Tyranitar\n|-supereffective|p2b: Tyranitar\n|-crit|p2b: Tyranitar\n|-damage|p2b: Tyranitar|0 fnt\n|-unboost|p1b: Ceruledge|def|1\n|-unboost|p1b: Ceruledge|spd|1\n|faint|p2b: Tyranitar\n|\n|-weather|Sandstorm|[upkeep]\n|-damage|p1a: Iron Bundle|94\/100|[from] Sandstorm\n|-damage|p1b: Ceruledge|94\/100|[from] Sandstorm\n|upkeep\n|\n|t:|1681959163\n|switch|p2b: Sandy Shocks|Sandy Shocks, L50|100\/100\n|turn|2\n|\n|t:|1681959182\n|move|p2b: Sandy Shocks|Protect|p2b: Sandy Shocks\n|-singleturn|p2b: Sandy Shocks|Protect\n|move|p1a: Iron Bundle|Hydro Pump|p2b: Sandy Shocks\n|-activate|p2b: Sandy Shocks|move: Protect\n|move|p2a: Gyarados|Thunder Wave|p1a: Iron Bundle\n|-status|p1a: Iron Bundle|par\n|move|p1b: Ceruledge|Tera Blast|p2b: Sandy Shocks\n|-activate|p2b: Sandy Shocks|move: Protect\n|\n|-weather|Sandstorm|[upkeep]\n|-damage|p1a: Iron Bundle|88\/100 par|[from] Sandstorm\n|-damage|p1b: Ceruledge|88\/100|[from] Sandstorm\n|upkeep\n|turn|3\n|\n|t:|1681959206\n|-terastallize|p2b: Sandy Shocks|Ice\n|move|p2a: Gyarados|Protect|p2a: Gyarados\n|-singleturn|p2a: Gyarados|Protect\n|move|p2b: Sandy Shocks|Tera Blast|p1b: Ceruledge\n|-supereffective|p1b: Ceruledge\n|-damage|p1b: Ceruledge|0 fnt\n|faint|p1b: Ceruledge\n|-damage|p2b: Sandy Shocks|91\/100|[from] item: Life Orb\n|move|p1a: Iron Bundle|Freeze-Dry|p2a: Gyarados\n|-activate|p2a: Gyarados|move: Protect\n|\n|-weather|Sandstorm|[upkeep]\n|-damage|p2b: Sandy Shocks|84\/100|[from] Sandstorm\n|-damage|p1a: Iron Bundle|82\/100 par|[from] Sandstorm\n|upkeep\n|\n|t:|1681959214\n|switch|p1b: Palafin|Palafin, L50, M|100\/100\n|turn|4\n|\n|t:|1681959234\n|detailschange|p1b: Palafin|Palafin-Hero, L50, M\n|switch|p1b: Amoonguss|Amoonguss, L50, F|100\/100\n|switch|p2a: Flutter Mane|Flutter Mane, L50|100\/100\n|cant|p1a: Iron Bundle|par\n|move|p2b: Sandy Shocks|Thunderbolt|p1b: Amoonguss\n|-resisted|p1b: Amoonguss\n|-damage|p1b: Amoonguss|74\/100\n|-damage|p2b: Sandy Shocks|74\/100|[from] item: Life Orb\n|\n|-weather|Sandstorm|[upkeep]\n|-damage|p2a: Flutter Mane|94\/100|[from] Sandstorm\n|-damage|p2b: Sandy Shocks|68\/100|[from] Sandstorm\n|-damage|p1a: Iron Bundle|76\/100 par|[from] Sandstorm\n|-damage|p1b: Amoonguss|68\/100|[from] Sandstorm\n|upkeep\n|turn|5\n|inactive|emogiraffe has 30 seconds left.\n|inactive|That_Leek has 30 seconds left.\n|inactive|emogiraffe has 20 seconds left.\n|inactive|emogiraffe has 15 seconds left.\n|\n|t:|1681959276\n|move|p2a: Flutter Mane|Dazzling Gleam|p1a: Iron Bundle|[spread] p1a,p1b\n|-resisted|p1b: Amoonguss\n|-damage|p1a: Iron Bundle|0 fnt\n|-damage|p1b: Amoonguss|47\/100\n|-enditem|p1b: Amoonguss|Sitrus Berry|[eat]\n|-heal|p1b: Amoonguss|72\/100|[from] item: Sitrus Berry\n|faint|p1a: Iron Bundle\n|-end|p1a: Iron Bundle|Quark Drive|[silent]\n|move|p2b: Sandy Shocks|Tera Blast|p1b: Amoonguss\n|-supereffective|p1b: Amoonguss\n|-damage|p1b: Amoonguss|0 fnt\n|faint|p1b: Amoonguss\n|-damage|p2b: Sandy Shocks|58\/100|[from] item: Life Orb\n|\n|-weather|none\n|upkeep\n|\n|t:|1681959281\n|switch|p1b: Palafin|Palafin-Hero, L50, M|100\/100\n|-activate|p1b: Palafin|ability: Zero to Hero\n|turn|6\n|\n|t:|1681959299\n|-end|p2a: Flutter Mane|Protosynthesis|[silent]\n|switch|p2a: Gyarados|Gyarados, L50, M|100\/100\n|-ability|p2a: Gyarados|Intimidate|boost\n|-unboost|p1b: Palafin|atk|1\n|move|p2b: Sandy Shocks|Protect|p2b: Sandy Shocks\n|-singleturn|p2b: Sandy Shocks|Protect\n|move|p1b: Palafin|Wave Crash|p2b: Sandy Shocks\n|-activate|p2b: Sandy Shocks|move: Protect\n|\n|upkeep\n|turn|7\n|inactive|That_Leek has 30 seconds left.\n|\n|t:|1681959333\n|move|p2b: Sandy Shocks|Thunderbolt|p1b: Palafin\n|-supereffective|p1b: Palafin\n|-damage|p1b: Palafin|0 fnt\n|faint|p1b: Palafin\n|-damage|p2b: Sandy Shocks|48\/100|[from] item: Life Orb\n|\n|win|That_Leek\n|raw|emogiraffe's rating: 1189 → 1168<\/strong> (-21 for losing)\n|raw|That_Leek's rating: 1252 → 1273<\/strong> (+21 for winning)\n","uploadtime":1681959339,"views":4,"p1id":"emogiraffe","p2id":"thatleek","formatid":"gen9vgc2023regulationc","rating":1168,"private":0,"password":""}