{"id":"gen9vgc2023regulationc-1855894431","p1":"Krib_Underscore","p2":"EmnEmms","format":"[Gen 9] VGC 2023 Regulation C","log":"|j|\u2606Krib_Underscore\n|j|\u2606EmnEmms\n|t:|1682997161\n|gametype|doubles\n|player|p1|Krib_Underscore|dancer|1141\n|player|p2|EmnEmms|guitarist|1228\n|teamsize|p1|6\n|teamsize|p2|6\n|gen|9\n|tier|[Gen 9] VGC 2023 Regulation C\n|rated|\n|rule|Species Clause: Limit one of each Pok\u00e9mon\n|rule|Item Clause: Limit one of each item\n|clearpoke\n|poke|p1|Armarouge, L50, M|\n|poke|p1|Indeedee-F, L50, F|\n|poke|p1|Great Tusk, L50|\n|poke|p1|Corviknight, L50, M|\n|poke|p1|Iron Bundle, L50|\n|poke|p1|Roaring Moon, L50|\n|poke|p2|Torkoal, L50, M|\n|poke|p2|Dragonite, L50, F|\n|poke|p2|Chien-Pao, L50|\n|poke|p2|Gastrodon-East, L50, F|\n|poke|p2|Great Tusk, L50|\n|poke|p2|Flutter Mane, L50|\n|teampreview|4\nKrib_Underscore has agreed to open team sheets.\nEmnEmms has agreed to open team sheets.\n|\n|t:|1682997230\n|start\n|switch|p1a: Big Horns|Great Tusk, L50|100\/100\n|switch|p1b: HoHoHomicide|Iron Bundle, L50|100\/100\n|switch|p2a: Gastrodon|Gastrodon-East, L50, F|100\/100\n|switch|p2b: Great Tusk|Great Tusk, L50|100\/100\n|turn|1\n|\n|t:|1682997272\n|move|p2b: Great Tusk|Close Combat|p1b: HoHoHomicide\n|-supereffective|p1b: HoHoHomicide\n|-enditem|p1b: HoHoHomicide|Focus Sash\n|-damage|p1b: HoHoHomicide|1\/100\n|-unboost|p2b: Great Tusk|def|1\n|-unboost|p2b: Great Tusk|spd|1\n|move|p1b: HoHoHomicide|Freeze-Dry|p2a: Gastrodon\n|-supereffective|p2a: Gastrodon\n|-damage|p2a: Gastrodon|7\/100\n|move|p1a: Big Horns|Knock Off|p2b: Great Tusk\n|-resisted|p2b: Great Tusk\n|-damage|p2b: Great Tusk|81\/100\n|-enditem|p2b: Great Tusk|Choice Scarf|[from] move: Knock Off|[of] p1a: Big Horns\n|move|p2a: Gastrodon|Yawn|p1a: Big Horns\n|-start|p1a: Big Horns|move: Yawn|[of] p2a: Gastrodon\n|\n|upkeep\n|turn|2\n|\n|t:|1682997309\n|-end|p2b: Great Tusk|Protosynthesis|[silent]\n|switch|p2b: Torkoal|Torkoal, L50, M|100\/100\n|-weather|SunnyDay|[from] ability: Drought|[of] p2b: Torkoal\n|-activate|p1a: Big Horns|ability: Protosynthesis\n|-start|p1a: Big Horns|protosynthesisatk\n|-end|p1a: Big Horns|Protosynthesis|[silent]\n|switch|p1a: Taxi Service|Corviknight, L50, M, shiny|100\/100\n|move|p1b: HoHoHomicide|Freeze-Dry|p2b: Torkoal\n|-resisted|p2b: Torkoal\n|-damage|p2b: Torkoal|81\/100\n|move|p2a: Gastrodon|Recover|p2a: Gastrodon\n|-heal|p2a: Gastrodon|57\/100\n|\n|-weather|SunnyDay|[upkeep]\n|upkeep\n|turn|3\n|\n|t:|1682997358\n|-terastallize|p1a: Taxi Service|Dragon\n|-terastallize|p2a: Gastrodon|Fire\n|move|p1b: HoHoHomicide|Freeze-Dry|p2a: Gastrodon\n|-resisted|p2a: Gastrodon\n|-damage|p2a: Gastrodon|44\/100\n|move|p1a: Taxi Service|Brave Bird|p2b: Torkoal\n|-damage|p2b: Torkoal|54\/100\n|-damage|p1a: Taxi Service|92\/100|[from] Recoil\n|move|p2a: Gastrodon|Recover|p2a: Gastrodon\n|-heal|p2a: Gastrodon|94\/100\n|move|p2b: Torkoal|Heat Wave|p1b: HoHoHomicide|[spread] p1a,p1b\n|-resisted|p1a: Taxi Service\n|-damage|p1a: Taxi Service|76\/100\n|-damage|p1b: HoHoHomicide|0 fnt\n|faint|p1b: HoHoHomicide\n|-end|p1b: HoHoHomicide|Quark Drive|[silent]\n|\n|-weather|SunnyDay|[upkeep]\n|upkeep\n|\n|t:|1682997376\n|switch|p1b: Big Horns|Great Tusk, L50|100\/100\n|-activate|p1b: Big Horns|ability: Protosynthesis\n|-start|p1b: Big Horns|protosynthesisatk\n|turn|4\n|\n|t:|1682997396\n|move|p1b: Big Horns|Headlong Rush|p2a: Gastrodon\n|-supereffective|p2a: Gastrodon\n|-damage|p2a: Gastrodon|0 fnt\n|-unboost|p1b: Big Horns|def|1\n|-unboost|p1b: Big Horns|spd|1\n|faint|p2a: Gastrodon\n|move|p1a: Taxi Service|Brave Bird|p2b: Torkoal\n|-damage|p2b: Torkoal|30\/100\n|-damage|p1a: Taxi Service|69\/100|[from] Recoil\n|move|p2b: Torkoal|Heat Wave|p1a: Taxi Service|[spread] p1a\n|-miss|p2b: Torkoal|p1b: Big Horns\n|-resisted|p1a: Taxi Service\n|-damage|p1a: Taxi Service|52\/100\n|\n|-weather|SunnyDay|[upkeep]\n|upkeep\n|\n|t:|1682997407\n|switch|p2a: Flutter Mane|Flutter Mane, L50|100\/100\n|-activate|p2a: Flutter Mane|ability: Protosynthesis\n|-start|p2a: Flutter Mane|protosynthesisspe\n|turn|5\n|\n|t:|1682997420\n|move|p2b: Torkoal|Helping Hand|p2a: Flutter Mane\n|-singleturn|p2a: Flutter Mane|Helping Hand|[of] p2b: Torkoal\n|move|p2a: Flutter Mane|Dazzling Gleam|p1a: Taxi Service|[spread] p1a,p1b\n|-supereffective|p1a: Taxi Service\n|-supereffective|p1b: Big Horns\n|-damage|p1a: Taxi Service|0 fnt\n|-damage|p1b: Big Horns|0 fnt\n|faint|p1a: Taxi Service\n|faint|p1b: Big Horns\n|-end|p1b: Big Horns|Protosynthesis|[silent]\n|\n|-weather|SunnyDay|[upkeep]\n|upkeep\n|\n|t:|1682997427\n|switch|p1a: Knockoff Mega|Roaring Moon, L50|100\/100\n|-activate|p1a: Knockoff Mega|ability: Protosynthesis\n|-start|p1a: Knockoff Mega|protosynthesisatk\n|turn|6\n|\n|t:|1682997432\n|move|p2b: Torkoal|Helping Hand|p2a: Flutter Mane\n|-singleturn|p2a: Flutter Mane|Helping Hand|[of] p2b: Torkoal\n|move|p2a: Flutter Mane|Dazzling Gleam|p1a: Knockoff Mega\n|-supereffective|p1a: Knockoff Mega\n|-damage|p1a: Knockoff Mega|0 fnt\n|faint|p1a: Knockoff Mega\n|-end|p1a: Knockoff Mega|Protosynthesis|[silent]\n|\n|win|EmnEmms\n|raw|Krib_Underscore's rating: 1141 → 1122<\/strong> (-19 for losing)\n|raw|EmnEmms's rating: 1228 → 1247<\/strong> (+19 for winning)\n|c|\u2606Krib_Underscore|gg\n|c|\u2606EmnEmms|gg\n","uploadtime":1682997442,"views":13,"p1id":"kribunderscore","p2id":"emnemms","formatid":"gen9vgc2023regulationc","rating":1122,"private":0,"password":""}