{"id":"gen9vgc2023regulationc-1846350864","p1":"Nath555","p2":"p86","format":"[Gen 9] VGC 2023 Regulation C","log":"|j|\u2606Nath555\n|j|\u2606p86\n|t:|1681833844\n|gametype|doubles\n|player|p1|Nath555|crasherwake|1157\n|player|p2|p86|266|1125\n|teamsize|p1|6\n|teamsize|p2|6\n|gen|9\n|tier|[Gen 9] VGC 2023 Regulation C\n|rated|\n|rule|Species Clause: Limit one of each Pok\u00e9mon\n|rule|Item Clause: Limit one of each item\n|clearpoke\n|poke|p1|Baxcalibur, L50, M|\n|poke|p1|Maushold, L50|\n|poke|p1|Gyarados, L50, M|\n|poke|p1|Flutter Mane, L50|\n|poke|p1|Amoonguss, L50, F|\n|poke|p1|Arcanine, L50, M|\n|poke|p2|Chi-Yu, L50|\n|poke|p2|Salamence, L50, M|\n|poke|p2|Chien-Pao, L50|\n|poke|p2|Flutter Mane, L50|\n|poke|p2|Palafin, L50, F|\n|poke|p2|Kingambit, L50, M|\n|teampreview|4\nNath555 rejected open team sheets.\n|inactive|Battle timer is ON: inactive players will automatically lose when time's up. (requested by Nath555)\n|inactive|p86 has 60 seconds left.\n|\n|t:|1681833939\n|start\n|switch|p1a: Flutter Mane|Flutter Mane, L50|100\/100\n|switch|p1b: Amoonguss|Amoonguss, L50, F|100\/100\n|switch|p2a: Palafin|Palafin, L50, F, shiny|100\/100\n|switch|p2b: Chi-Yu|Chi-Yu, L50|100\/100\n|-ability|p2b: Chi-Yu|Beads of Ruin\n|turn|1\n|\n|t:|1681833958\n|move|p2a: Palafin|Protect|p2a: Palafin\n|-singleturn|p2a: Palafin|Protect\n|move|p1a: Flutter Mane|Thunderbolt|p2a: Palafin\n|-activate|p2a: Palafin|move: Protect\n|move|p2b: Chi-Yu|Heat Wave|p1a: Flutter Mane|[spread] p1a,p1b\n|-supereffective|p1b: Amoonguss\n|-damage|p1a: Flutter Mane|52\/100\n|-damage|p1b: Amoonguss|34\/100\n|-status|p1a: Flutter Mane|brn\n|-enditem|p1b: Amoonguss|Sitrus Berry|[eat]\n|-heal|p1b: Amoonguss|59\/100|[from] item: Sitrus Berry\n|move|p1b: Amoonguss|Spore|p2b: Chi-Yu\n|-status|p2b: Chi-Yu|slp|[from] move: Spore\n|\n|-damage|p1a: Flutter Mane|46\/100 brn|[from] brn\n|upkeep\n|turn|2\n|inactive|Nath555 has 30 seconds left.\n|inactive|p86 has 30 seconds left.\n|inactive|p86 has 20 seconds left.\n|\n|t:|1681833996\n|switch|p1b: Arcanine|Arcanine, L50, M|100\/100\n|-ability|p1b: Arcanine|Intimidate|boost\n|-unboost|p2a: Palafin|atk|1\n|-unboost|p2b: Chi-Yu|atk|1\n|-terastallize|p2a: Palafin|Water\n|cant|p2b: Chi-Yu|slp\n|move|p2a: Palafin|Jet Punch|p1a: Flutter Mane\n|-damage|p1a: Flutter Mane|0 fnt\n|faint|p1a: Flutter Mane\n|-end|p1a: Flutter Mane|Protosynthesis|[silent]\n|\n|upkeep\n|\n|t:|1681834011\n|switch|p1a: Baxcalibur|Baxcalibur, L50, M|100\/100\n|turn|3\n|inactive|p86 has 30 seconds left.\n|\n|t:|1681834039\n|detailschange|p2a: Palafin|Palafin-Hero, L50, F, shiny, tera:Water\n|switch|p2a: Salamence|Salamence, L50, M|100\/100\n|-ability|p2a: Salamence|Intimidate|boost\n|-unboost|p1a: Baxcalibur|atk|1\n|-unboost|p1b: Arcanine|atk|1\n|-terastallize|p1b: Arcanine|Water\n|cant|p2b: Chi-Yu|slp\n|move|p1a: Baxcalibur|Glaive Rush|p2a: Salamence\n|-supereffective|p2a: Salamence\n|-damage|p2a: Salamence|8\/100\n|-singlemove|p1a: Baxcalibur|Glaive Rush|[silent]\n|move|p1b: Arcanine|Tera Blast|p2b: Chi-Yu\n|-supereffective|p2b: Chi-Yu\n|-damage|p2b: Chi-Yu|49\/100 slp\n|\n|-heal|p2b: Chi-Yu|55\/100 slp|[from] item: Leftovers\n|upkeep\n|turn|4\n|\n|t:|1681834064\n|move|p1a: Baxcalibur|Protect|p1a: Baxcalibur\n|-singleturn|p1a: Baxcalibur|Protect\n|move|p2a: Salamence|Draco Meteor|p1a: Baxcalibur\n|-activate|p1a: Baxcalibur|move: Protect\n|-curestatus|p2b: Chi-Yu|slp|[msg]\n|move|p2b: Chi-Yu|Dark Pulse|p1a: Baxcalibur\n|-activate|p1a: Baxcalibur|move: Protect\n|move|p1b: Arcanine|Howl|p1b: Arcanine|[spread] p1a,p1b\n|-boost|p1a: Baxcalibur|atk|1\n|-boost|p1b: Arcanine|atk|1\n|\n|-heal|p2b: Chi-Yu|61\/100|[from] item: Leftovers\n|upkeep\n|turn|5\n|inactive|Nath555 has 30 seconds left.\n|\n|t:|1681834094\n|move|p2a: Salamence|Draco Meteor|p1a: Baxcalibur\n|-supereffective|p1a: Baxcalibur\n|-damage|p1a: Baxcalibur|0 fnt\n|-unboost|p2a: Salamence|spa|2\n|-enditem|p2a: Salamence|Eject Pack\n|faint|p1a: Baxcalibur\n|\n|t:|1681834103\n|switch|p2a: Palafin|Palafin-Hero, L50, F, shiny, tera:Water|100\/100\n|-activate|p2a: Palafin|ability: Zero to Hero\n|move|p2b: Chi-Yu|Dark Pulse|p1b: Arcanine\n|-damage|p1b: Arcanine|58\/100\n|move|p1b: Arcanine|Tera Blast|p2a: Palafin\n|-resisted|p2a: Palafin\n|-damage|p2a: Palafin|81\/100\n|\n|-heal|p2b: Chi-Yu|67\/100|[from] item: Leftovers\n|upkeep\n|\n|t:|1681834114\n|switch|p1a: Amoonguss|Amoonguss, L50, F|92\/100\n|turn|6\n|\n|t:|1681834123\n|move|p1a: Amoonguss|Rage Powder|p1a: Amoonguss\n|-singleturn|p1a: Amoonguss|move: Rage Powder\n|move|p2a: Palafin|Ice Punch|p1a: Amoonguss\n|-supereffective|p1a: Amoonguss\n|-damage|p1a: Amoonguss|27\/100\n|move|p2b: Chi-Yu|Heat Wave|p1b: Arcanine|[spread] p1a,p1b\n|-supereffective|p1a: Amoonguss\n|-resisted|p1b: Arcanine\n|-damage|p1a: Amoonguss|0 fnt\n|-damage|p1b: Arcanine|38\/100\n|faint|p1a: Amoonguss\n|move|p1b: Arcanine|Tera Blast|p2b: Chi-Yu\n|-supereffective|p2b: Chi-Yu\n|-damage|p2b: Chi-Yu|10\/100\n|\n|-heal|p2b: Chi-Yu|16\/100|[from] item: Leftovers\n|upkeep\n|turn|7\n|\n|t:|1681834145\n|move|p2a: Palafin|Wave Crash|p1b: Arcanine\n|-resisted|p1b: Arcanine\n|-damage|p1b: Arcanine|0 fnt\n|faint|p1b: Arcanine\n|-damage|p2a: Palafin|68\/100|[from] Recoil\n|\n|win|p86\n|raw|Nath555's rating: 1157 → 1130<\/strong> (-27 for losing)\n|raw|p86's rating: 1125 → 1152<\/strong> (+27 for winning)\n|c|\u2606p86|gg\n|l|\u2606Nath555\n","uploadtime":1681834160,"views":6,"p1id":"nath555","p2id":"p86","formatid":"gen9vgc2023regulationc","rating":1130,"private":0,"password":""}