{"id":"gen9vgc2023regulationc-1845259212","p1":"did it done","p2":"fizzywizzyglizzy","format":"[Gen 9] VGC 2023 Regulation C","log":"|j|\u2606did it done\n|j|\u2606fizzywizzyglizzy\n|t:|1681703431\n|gametype|doubles\n|player|p1|did it done|burglar|1214\n|player|p2|fizzywizzyglizzy|169|1267\n|teamsize|p1|6\n|teamsize|p2|6\n|gen|9\n|tier|[Gen 9] VGC 2023 Regulation C\n|rated|\n|rule|Species Clause: Limit one of each Pok\u00e9mon\n|rule|Item Clause: Limit one of each item\n|clearpoke\n|poke|p1|Weavile, L50, F|\n|poke|p1|Chi-Yu, L50|\n|poke|p1|Hydreigon, L50, F|\n|poke|p1|Iron Valiant, L50|\n|poke|p1|Maushold-Four, L50|\n|poke|p1|Amoonguss, L50, F|\n|poke|p2|Arcanine, L50, F|\n|poke|p2|Palafin, L50, M|\n|poke|p2|Kingambit, L50, F|\n|poke|p2|Garganacl, L50, F|\n|poke|p2|Flutter Mane, L50|\n|poke|p2|Amoonguss, L50, F|\n|teampreview|4\ndid it done has agreed to open team sheets.\n|\n|t:|1681703486\n|start\n|switch|p1a: Chi-Yu|Chi-Yu, L50|100\/100\n|switch|p1b: Maushold|Maushold-Four, L50|100\/100\n|switch|p2a: Palafin|Palafin, L50, M|100\/100\n|switch|p2b: Flutter Mane|Flutter Mane, L50|100\/100\n|-ability|p1a: Chi-Yu|Beads of Ruin\n|-enditem|p2b: Flutter Mane|Booster Energy\n|-activate|p2b: Flutter Mane|ability: Protosynthesis|[fromitem]\n|-start|p2b: Flutter Mane|protosynthesisspe\n|turn|1\n|\n|t:|1681703505\n|move|p2a: Palafin|Protect|p2a: Palafin\n|-singleturn|p2a: Palafin|Protect\n|move|p2b: Flutter Mane|Moonblast|p1a: Chi-Yu\n|-damage|p1a: Chi-Yu|47\/100\n|move|p1b: Maushold|Population Bomb|p2b: Flutter Mane\n|-immune|p2b: Flutter Mane\n|move|p1a: Chi-Yu|Flamethrower|p2b: Flutter Mane\n|-damage|p2b: Flutter Mane|18\/100\n|-status|p2b: Flutter Mane|brn\n|\n|-damage|p2b: Flutter Mane|13\/100 brn|[from] brn\n|upkeep\n|turn|2\n|\n|t:|1681703528\n|detailschange|p2a: Palafin|Palafin-Hero, L50, M\n|switch|p2a: Garganacl|Garganacl, L50, F, shiny|100\/100\n|move|p2b: Flutter Mane|Moonblast|p1a: Chi-Yu\n|-damage|p1a: Chi-Yu|0 fnt\n|faint|p1a: Chi-Yu\n|move|p1b: Maushold|Encore||[still]\n|-fail|p1b: Maushold\n|\n|-damage|p2b: Flutter Mane|7\/100 brn|[from] brn\n|upkeep\n|\n|t:|1681703538\n|switch|p1a: Iron Valiant|Iron Valiant, L50|100\/100\n|turn|3\n|\n|t:|1681703549\n|-terastallize|p2a: Garganacl|Poison\n|move|p1b: Maushold|Follow Me|p1b: Maushold\n|-singleturn|p1b: Maushold|move: Follow Me\n|move|p2b: Flutter Mane|Moonblast|p1b: Maushold\n|-damage|p1b: Maushold|36\/100\n|move|p1a: Iron Valiant|Close Combat|p2a: Garganacl\n|-resisted|p2a: Garganacl\n|-damage|p2a: Garganacl|82\/100\n|-unboost|p1a: Iron Valiant|def|1\n|-unboost|p1a: Iron Valiant|spd|1\n|move|p2a: Garganacl|Salt Cure|p1b: Maushold\n|-damage|p1b: Maushold|16\/100\n|-start|p1b: Maushold|Salt Cure\n|\n|-heal|p2a: Garganacl|87\/100|[from] item: Leftovers\n|-damage|p2b: Flutter Mane|1\/100 brn|[from] brn\n|-damage|p1b: Maushold|4\/100|[from] Salt Cure\n|upkeep\n|turn|4\n|inactive|Battle timer is ON: inactive players will automatically lose when time's up. (requested by fizzywizzyglizzy)\n|\n|t:|1681703619\n|move|p1a: Iron Valiant|Protect|p1a: Iron Valiant\n|-singleturn|p1a: Iron Valiant|Protect\n|move|p1b: Maushold|Follow Me|p1b: Maushold\n|-singleturn|p1b: Maushold|move: Follow Me\n|move|p2b: Flutter Mane|Moonblast|p1b: Maushold\n|-damage|p1b: Maushold|0 fnt\n|faint|p1b: Maushold\n|move|p2a: Garganacl|Salt Cure|p1a: Iron Valiant\n|-activate|p1a: Iron Valiant|move: Protect\n|\n|-heal|p2a: Garganacl|93\/100|[from] item: Leftovers\n|-damage|p2b: Flutter Mane|0 fnt|[from] brn\n|faint|p2b: Flutter Mane\n|-end|p2b: Flutter Mane|Protosynthesis|[silent]\n|upkeep\n|\n|t:|1681703639\n|switch|p1b: Hydreigon|Hydreigon, L50, F|100\/100\n|switch|p2b: Palafin|Palafin-Hero, L50, M|100\/100\n|-activate|p2b: Palafin|ability: Zero to Hero\n|turn|5\n|\n|t:|1681703653\n|switch|p2b: Arcanine|Arcanine, L50, F|100\/100\n|-ability|p2b: Arcanine|Intimidate|boost\n|-unboost|p1a: Iron Valiant|atk|1\n|-unboost|p1b: Hydreigon|atk|1\n|move|p1a: Iron Valiant|Thunderbolt|p2b: Arcanine\n|-damage|p2b: Arcanine|72\/100\n|move|p1b: Hydreigon|Focus Energy|p1b: Hydreigon\n|-start|p1b: Hydreigon|move: Focus Energy\n|move|p2a: Garganacl|Salt Cure|p1b: Hydreigon\n|-damage|p1b: Hydreigon|84\/100\n|-start|p1b: Hydreigon|Salt Cure\n|\n|-heal|p2a: Garganacl|99\/100|[from] item: Leftovers\n|-damage|p1b: Hydreigon|72\/100|[from] Salt Cure\n|upkeep\n|turn|6\n|inactive|fizzywizzyglizzy has 30 seconds left.\n|\n|t:|1681703679\n|move|p1a: Iron Valiant|Protect|p1a: Iron Valiant\n|-singleturn|p1a: Iron Valiant|Protect\n|move|p2a: Garganacl|Protect|p2a: Garganacl\n|-singleturn|p2a: Garganacl|Protect\n|move|p1b: Hydreigon|Draco Meteor|p2b: Arcanine\n|-crit|p2b: Arcanine\n|-damage|p2b: Arcanine|0 fnt\n|-unboost|p1b: Hydreigon|spa|2\n|faint|p2b: Arcanine\n|\n|-heal|p2a: Garganacl|100\/100|[from] item: Leftovers\n|-damage|p1b: Hydreigon|60\/100|[from] Salt Cure\n|upkeep\n|\n|t:|1681703693\n|switch|p2b: Palafin|Palafin-Hero, L50, M|100\/100\n|turn|7\n|\n|t:|1681703712\n|move|p2b: Palafin|Protect|p2b: Palafin\n|-singleturn|p2b: Palafin|Protect\n|move|p1a: Iron Valiant|Thunderbolt|p2b: Palafin\n|-activate|p2b: Palafin|move: Protect\n|move|p1b: Hydreigon|Draco Meteor|p2b: Palafin\n|-activate|p2b: Palafin|move: Protect\n|move|p2a: Garganacl|Salt Cure|p1b: Hydreigon\n|-damage|p1b: Hydreigon|43\/100\n|\n|-damage|p1b: Hydreigon|31\/100|[from] Salt Cure\n|upkeep\n|turn|8\n|\n|t:|1681703728\n|move|p2b: Palafin|Jet Punch|p1b: Hydreigon\n|-resisted|p1b: Hydreigon\n|-damage|p1b: Hydreigon|3\/100\n|move|p1a: Iron Valiant|Thunderbolt|p2b: Palafin\n|-supereffective|p2b: Palafin\n|-damage|p2b: Palafin|24\/100\n|move|p1b: Hydreigon|Earth Power|p2a: Garganacl\n|-supereffective|p2a: Garganacl\n|-crit|p2a: Garganacl\n|-damage|p2a: Garganacl|38\/100\n|move|p2a: Garganacl|Salt Cure|p1a: Iron Valiant\n|-resisted|p1a: Iron Valiant\n|-damage|p1a: Iron Valiant|86\/100\n|-start|p1a: Iron Valiant|Salt Cure\n|\n|-heal|p2a: Garganacl|43\/100|[from] item: Leftovers\n|-damage|p1a: Iron Valiant|74\/100|[from] Salt Cure\n|-damage|p1b: Hydreigon|0 fnt|[from] Salt Cure\n|faint|p1b: Hydreigon\n|upkeep\n|turn|9\n|\n|t:|1681703749\n|move|p2b: Palafin|Jet Punch|p1a: Iron Valiant\n|-damage|p1a: Iron Valiant|0 fnt\n|faint|p1a: Iron Valiant\n|-end|p1a: Iron Valiant|Quark Drive|[silent]\n|\n|win|fizzywizzyglizzy\n|raw|did it done's rating: 1214 → 1193<\/strong> (-21 for losing)\n|raw|fizzywizzyglizzy's rating: 1267 → 1288<\/strong> (+21 for winning)\n|c|\u2606did it done|gg\n|l|\u2606did it done\n","uploadtime":1681703770,"views":14,"p1id":"diditdone","p2id":"fizzywizzyglizzy","formatid":"gen9vgc2023regulationc","rating":1193,"private":0,"password":""}