{"id":"gen9vgc2023regulationc-1863598917","p1":"Dynamo22","p2":"njayz","format":"[Gen 9] VGC 2023 Regulation C","log":"|j|\u2606Dynamo22\n|j|\u2606njayz\n|t:|1684040685\n|gametype|doubles\n|player|p1|Dynamo22|1|1180\n|player|p2|njayz|falkner|1161\n|teamsize|p1|6\n|teamsize|p2|6\n|gen|9\n|tier|[Gen 9] VGC 2023 Regulation C\n|rated|\n|rule|Species Clause: Limit one of each Pok\u00e9mon\n|rule|Item Clause: Limit one of each item\n|clearpoke\n|poke|p1|Maushold, L50|\n|poke|p1|Palafin, L50, F|\n|poke|p1|Ting-Lu, L50|\n|poke|p1|Farigiraf, L50, M|\n|poke|p1|Flutter Mane, L50|\n|poke|p1|Arcanine, L50, M|\n|poke|p2|Chi-Yu, L50|\n|poke|p2|Torkoal, L50, F|\n|poke|p2|Flutter Mane, L50|\n|poke|p2|Sandy Shocks, L50|\n|poke|p2|Jumpluff, L50, F|\n|poke|p2|Iron Hands, L50|\n|teampreview|4\n|\n|t:|1684040726\n|start\n|switch|p1a: Palafin|Palafin, L50, F|100\/100\n|switch|p1b: Ting-Lu|Ting-Lu, L50|100\/100\n|switch|p2a: Jumpluff|Jumpluff, L50, F|100\/100\n|switch|p2b: Sandy Shocks|Sandy Shocks, L50|100\/100\n|-ability|p1b: Ting-Lu|Vessel of Ruin\n|turn|1\n|\n|t:|1684040745\n|detailschange|p1a: Palafin|Palafin-Hero, L50, F\n|switch|p1a: Arcanine|Arcanine, L50, M|100\/100\n|-ability|p1a: Arcanine|Intimidate|boost\n|-unboost|p2a: Jumpluff|atk|1\n|-unboost|p2b: Sandy Shocks|atk|1\n|move|p2b: Sandy Shocks|Thunderbolt|p1a: Arcanine\n|-damage|p1a: Arcanine|59\/100\n|move|p2a: Jumpluff|Sleep Powder|p1b: Ting-Lu\n|-status|p1b: Ting-Lu|slp|[from] move: Sleep Powder\n|cant|p1b: Ting-Lu|slp\n|\n|upkeep\n|turn|2\n|\n|t:|1684040763\n|switch|p2a: Torkoal|Torkoal, L50, F|100\/100\n|-weather|SunnyDay|[from] ability: Drought|[of] p2a: Torkoal\n|-activate|p2b: Sandy Shocks|ability: Protosynthesis\n|-start|p2b: Sandy Shocks|protosynthesisspa\n|move|p2b: Sandy Shocks|Thunderbolt|p1a: Arcanine\n|-damage|p1a: Arcanine|8\/100\n|move|p1a: Arcanine|Flare Blitz|p2a: Torkoal\n|-resisted|p2a: Torkoal\n|-damage|p2a: Torkoal|70\/100\n|-damage|p1a: Arcanine|0 fnt|[from] Recoil\n|faint|p1a: Arcanine\n|cant|p1b: Ting-Lu|slp\n|\n|-weather|SunnyDay|[upkeep]\n|upkeep\n|\n|t:|1684040778\n|switch|p1a: Flutter Mane|Flutter Mane, L50|100\/100\n|-activate|p1a: Flutter Mane|ability: Protosynthesis\n|-start|p1a: Flutter Mane|protosynthesisspe\n|turn|3\n|\n|t:|1684040787\n|move|p2a: Torkoal|Helping Hand|p2b: Sandy Shocks\n|-singleturn|p2b: Sandy Shocks|Helping Hand|[of] p2a: Torkoal\n|move|p1a: Flutter Mane|Protect|p1a: Flutter Mane\n|-singleturn|p1a: Flutter Mane|Protect\n|move|p2b: Sandy Shocks|Thunderbolt|p1a: Flutter Mane\n|-activate|p1a: Flutter Mane|move: Protect\n|cant|p1b: Ting-Lu|slp\n|\n|-weather|SunnyDay|[upkeep]\n|upkeep\n|turn|4\n|\n|t:|1684040802\n|move|p2a: Torkoal|Helping Hand|p2b: Sandy Shocks\n|-singleturn|p2b: Sandy Shocks|Helping Hand|[of] p2a: Torkoal\n|move|p1a: Flutter Mane|Moonblast|p2b: Sandy Shocks\n|-damage|p2b: Sandy Shocks|55\/100\n|move|p2b: Sandy Shocks|Thunderbolt|p1a: Flutter Mane\n|-damage|p1a: Flutter Mane|24\/100\n|-curestatus|p1b: Ting-Lu|slp|[msg]\n|move|p1b: Ting-Lu|Stomping Tantrum|p2a: Torkoal\n|-supereffective|p2a: Torkoal\n|-damage|p2a: Torkoal|0 fnt\n|faint|p2a: Torkoal\n|\n|-weather|SunnyDay|[upkeep]\n|upkeep\n|\n|t:|1684040811\n|switch|p2a: Jumpluff|Jumpluff, L50, F|100\/100\n|turn|5\n|\n|t:|1684040847\n|move|p1a: Flutter Mane|Protect|p1a: Flutter Mane\n|-singleturn|p1a: Flutter Mane|Protect\n|move|p2a: Jumpluff|Sleep Powder|p1b: Ting-Lu\n|-status|p1b: Ting-Lu|slp|[from] move: Sleep Powder\n|move|p2b: Sandy Shocks|Thunderbolt|p1a: Flutter Mane\n|-activate|p1a: Flutter Mane|move: Protect\n|cant|p1b: Ting-Lu|slp\n|\n|-weather|SunnyDay|[upkeep]\n|upkeep\n|turn|6\n|\n|t:|1684040865\n|move|p2a: Jumpluff|Tailwind|p2a: Jumpluff\n|-sidestart|p2: njayz|move: Tailwind\n|move|p2b: Sandy Shocks|Thunderbolt|p1a: Flutter Mane\n|-damage|p1a: Flutter Mane|0 fnt\n|faint|p1a: Flutter Mane\n|-end|p1a: Flutter Mane|Protosynthesis|[silent]\n|cant|p1b: Ting-Lu|slp\n|\n|-weather|none\n|-end|p2b: Sandy Shocks|Protosynthesis\n|upkeep\n|\n|t:|1684040873\n|switch|p1a: Palafin|Palafin-Hero, L50, F|100\/100\n|-activate|p1a: Palafin|ability: Zero to Hero\n|turn|7\n|\n|t:|1684040888\n|move|p1a: Palafin|Jet Punch|p2b: Sandy Shocks\n|-supereffective|p2b: Sandy Shocks\n|-damage|p2b: Sandy Shocks|0 fnt\n|faint|p2b: Sandy Shocks\n|-end|p2b: Sandy Shocks|Protosynthesis|[silent]\n|move|p2a: Jumpluff|Sleep Powder|p1a: Palafin\n|-status|p1a: Palafin|slp|[from] move: Sleep Powder\n|cant|p1b: Ting-Lu|slp\n|\n|upkeep\n|\n|t:|1684040891\n|switch|p2b: Chi-Yu|Chi-Yu, L50|100\/100\n|-ability|p2b: Chi-Yu|Beads of Ruin\n|turn|8\n|\n|t:|1684040904\n|-terastallize|p2b: Chi-Yu|Water\n|cant|p1a: Palafin|slp\n|move|p2a: Jumpluff|Leaf Storm|p1a: Palafin\n|-supereffective|p1a: Palafin\n|-damage|p1a: Palafin|38\/100 slp\n|-unboost|p2a: Jumpluff|spa|2\n|move|p2b: Chi-Yu|Tera Blast|p1b: Ting-Lu\n|-supereffective|p1b: Ting-Lu\n|-damage|p1b: Ting-Lu|22\/100 slp\n|-damage|p2b: Chi-Yu|90\/100|[from] item: Life Orb\n|-curestatus|p1b: Ting-Lu|slp|[msg]\n|move|p1b: Ting-Lu|Stomping Tantrum|p2b: Chi-Yu\n|-crit|p2b: Chi-Yu\n|-damage|p2b: Chi-Yu|0 fnt\n|faint|p2b: Chi-Yu\n|\n|-heal|p1b: Ting-Lu|28\/100|[from] item: Leftovers\n|upkeep\n|turn|9\n|\n|t:|1684040931\n|-terastallize|p1b: Ting-Lu|Poison\n|cant|p1a: Palafin|slp\n|move|p2a: Jumpluff|Encore|p1b: Ting-Lu\n|-start|p1b: Ting-Lu|Encore\n|move|p1b: Ting-Lu|Stomping Tantrum|p2a: Jumpluff\n|-immune|p2a: Jumpluff\n|\n|-heal|p1b: Ting-Lu|34\/100|[from] item: Leftovers\n|-sideend|p2: njayz|move: Tailwind\n|upkeep\n|turn|10\n|\n|t:|1684040945\n|-curestatus|p1a: Palafin|slp|[msg]\n|move|p1a: Palafin|Protect|p1a: Palafin\n|-singleturn|p1a: Palafin|Protect\n|move|p2a: Jumpluff|Leaf Storm|p1a: Palafin\n|-activate|p1a: Palafin|move: Protect\n|move|p1b: Ting-Lu|Stomping Tantrum|p2a: Jumpluff\n|-immune|p2a: Jumpluff\n|\n|-heal|p1b: Ting-Lu|40\/100|[from] item: Leftovers\n|upkeep\n|turn|11\n|\n|t:|1684040961\n|move|p1a: Palafin|Jet Punch|p2a: Jumpluff\n|-resisted|p2a: Jumpluff\n|-damage|p2a: Jumpluff|68\/100\n|move|p2a: Jumpluff|Leaf Storm|p1a: Palafin\n|-supereffective|p1a: Palafin\n|-damage|p1a: Palafin|14\/100\n|-unboost|p2a: Jumpluff|spa|2\n|move|p1b: Ting-Lu|Stomping Tantrum|p2a: Jumpluff\n|-immune|p2a: Jumpluff\n|\n|-heal|p1b: Ting-Lu|46\/100|[from] item: Leftovers\n|-end|p1b: Ting-Lu|Encore\n|upkeep\n|turn|12\n|\n|t:|1684040975\n|move|p1a: Palafin|Jet Punch|p2a: Jumpluff\n|-resisted|p2a: Jumpluff\n|-damage|p2a: Jumpluff|38\/100\n|move|p2a: Jumpluff|Encore|p1b: Ting-Lu\n|-start|p1b: Ting-Lu|Encore\n|move|p1b: Ting-Lu|Stomping Tantrum|p2a: Jumpluff\n|-immune|p2a: Jumpluff\n|\n|-heal|p1b: Ting-Lu|52\/100|[from] item: Leftovers\n|upkeep\n|turn|13\n|\n|t:|1684040985\n|move|p1a: Palafin|Jet Punch|p2a: Jumpluff\n|-resisted|p2a: Jumpluff\n|-damage|p2a: Jumpluff|8\/100\n|move|p2a: Jumpluff|Leaf Storm|p1a: Palafin\n|-supereffective|p1a: Palafin\n|-damage|p1a: Palafin|0 fnt\n|-unboost|p2a: Jumpluff|spa|2\n|faint|p1a: Palafin\n|move|p1b: Ting-Lu|Stomping Tantrum|p2a: Jumpluff\n|-immune|p2a: Jumpluff\n|\n|-heal|p1b: Ting-Lu|58\/100|[from] item: Leftovers\n|upkeep\n|turn|14\n|\n|t:|1684040997\n|move|p2a: Jumpluff|Leaf Storm|p1b: Ting-Lu\n|-resisted|p1b: Ting-Lu\n|-damage|p1b: Ting-Lu|57\/100\n|move|p1b: Ting-Lu|Stomping Tantrum|p2a: Jumpluff\n|-immune|p2a: Jumpluff\n|\n|-heal|p1b: Ting-Lu|63\/100|[from] item: Leftovers\n|-end|p1b: Ting-Lu|Encore\n|upkeep\n|turn|15\n|\n|t:|1684041007\n|move|p2a: Jumpluff|Leaf Storm|p1b: Ting-Lu\n|-resisted|p1b: Ting-Lu\n|-damage|p1b: Ting-Lu|61\/100\n|move|p1b: Ting-Lu|Heavy Slam|p2a: Jumpluff\n|-damage|p2a: Jumpluff|0 fnt\n|faint|p2a: Jumpluff\n|\n|win|Dynamo22\n|raw|Dynamo22's rating: 1180 → 1204<\/strong> (+24 for winning)\n|raw|njayz's rating: 1161 → 1137<\/strong> (-24 for losing)\n|l|\u2606njayz\n","uploadtime":1684041026,"views":13,"p1id":"dynamo22","p2id":"njayz","formatid":"gen9vgc2023regulationc","rating":1137,"private":0,"password":""}