{"id":"gen9vgc2023regulationc-1848096140","p1":"Obungamommy","p2":"WillieDangerously","format":"[Gen 9] VGC 2023 Regulation C","log":"|j|\u2606Obungamommy\n|j|\u2606WillieDangerously\n|t:|1682029212\n|gametype|doubles\n|player|p1|Obungamommy|gambler|1099\n|player|p2|WillieDangerously|psychic-gen4|1149\n|teamsize|p1|6\n|teamsize|p2|6\n|gen|9\n|tier|[Gen 9] VGC 2023 Regulation C\n|rated|\n|rule|Species Clause: Limit one of each Pok\u00e9mon\n|rule|Item Clause: Limit one of each item\n|clearpoke\n|poke|p1|Rabsca, L50, M|\n|poke|p1|Flutter Mane, L50|\n|poke|p1|Iron Moth, L50|\n|poke|p1|Salamence, L50, M|\n|poke|p1|Amoonguss, L50, M|\n|poke|p1|Palafin, L50, M|\n|poke|p2|Espathra, L50, M|\n|poke|p2|Iron Bundle, L50|\n|poke|p2|Iron Valiant, L50|\n|poke|p2|Salamence, L50, F|\n|poke|p2|Scizor, L50, M|\n|poke|p2|Sandy Shocks, L50|\n|teampreview|4\n|inactive|Battle timer is ON: inactive players will automatically lose when time's up. (requested by Obungamommy)\n|\n|t:|1682029269\n|start\n|switch|p1a: Palafin|Palafin, L50, M|100\/100\n|switch|p1b: Flutter Mane|Flutter Mane, L50|100\/100\n|switch|p2a: Sandy Shocks|Sandy Shocks, L50|100\/100\n|switch|p2b: Espathra|Espathra, L50, M|100\/100\n|-enditem|p1b: Flutter Mane|Booster Energy\n|-activate|p1b: Flutter Mane|ability: Protosynthesis|[fromitem]\n|-start|p1b: Flutter Mane|protosynthesisspe\n|-enditem|p2a: Sandy Shocks|Booster Energy\n|-activate|p2a: Sandy Shocks|ability: Protosynthesis|[fromitem]\n|-start|p2a: Sandy Shocks|protosynthesisspe\n|turn|1\n|inactive|WillieDangerously has 30 seconds left.\n|inactive|WillieDangerously has 20 seconds left.\n|inactive|WillieDangerously has 15 seconds left.\n|inactive|WillieDangerously has 10 seconds left.\n|\n|t:|1682029314\n|-terastallize|p2b: Espathra|Fairy\n|move|p1b: Flutter Mane|Shadow Ball|p2b: Espathra\n|-damage|p2b: Espathra|38\/100\n|move|p2a: Sandy Shocks|Gravity|p2a: Sandy Shocks\n|-fieldstart|move: Gravity\n|move|p2b: Espathra|Hypnosis|p1a: Palafin\n|-status|p1a: Palafin|slp|[from] move: Hypnosis\n|cant|p1a: Palafin|slp\n|\n|-ability|p2b: Espathra|Speed Boost|boost\n|-boost|p2b: Espathra|spe|1\n|upkeep\n|turn|2\n|inactive|Obungamommy has 30 seconds left.\n|\n|t:|1682029341\n|move|p2b: Espathra|Protect|p2b: Espathra\n|-singleturn|p2b: Espathra|Protect\n|move|p1b: Flutter Mane|Shadow Ball|p2b: Espathra\n|-activate|p2b: Espathra|move: Protect\n|move|p2a: Sandy Shocks|Thunder|p1a: Palafin\n|-supereffective|p1a: Palafin\n|-damage|p1a: Palafin|0 fnt\n|faint|p1a: Palafin\n|\n|-ability|p2b: Espathra|Speed Boost|boost\n|-boost|p2b: Espathra|spe|1\n|upkeep\n|\n|t:|1682029352\n|switch|p1a: Rabsca|Rabsca, L50, M|100\/100\n|turn|3\n|inactive|WillieDangerously has 30 seconds left.\n|\n|t:|1682029381\n|move|p2b: Espathra|Hypnosis|p1a: Rabsca\n|-status|p1a: Rabsca|slp|[from] move: Hypnosis\n|move|p1b: Flutter Mane|Shadow Ball|p2b: Espathra\n|-damage|p2b: Espathra|0 fnt\n|faint|p2b: Espathra\n|move|p2a: Sandy Shocks|Thunder|p1b: Flutter Mane\n|-damage|p1b: Flutter Mane|46\/100\n|cant|p1a: Rabsca|slp\n|\n|upkeep\n|\n|t:|1682029396\n|switch|p2b: Scizor|Scizor, L50, M|100\/100\n|turn|4\n|\n|t:|1682029417\n|move|p2b: Scizor|Bullet Punch|p1b: Flutter Mane\n|-supereffective|p1b: Flutter Mane\n|-damage|p1b: Flutter Mane|0 fnt\n|faint|p1b: Flutter Mane\n|-end|p1b: Flutter Mane|Protosynthesis|[silent]\n|move|p2a: Sandy Shocks|Thunder|p1a: Rabsca\n|-crit|p1a: Rabsca\n|-damage|p1a: Rabsca|43\/100 slp\n|cant|p1a: Rabsca|slp\n|\n|upkeep\n|\n|t:|1682029419\n|switch|p1b: Amoonguss|Amoonguss, L50, M|100\/100\n|turn|5\n|inactive|WillieDangerously has 30 seconds left.\n|inactive|WillieDangerously has 20 seconds left.\n|inactive|WillieDangerously has 15 seconds left.\n|\n|t:|1682029462\n|move|p2a: Sandy Shocks|Earth Power|p1a: Rabsca\n|-resisted|p1a: Rabsca\n|-crit|p1a: Rabsca\n|-damage|p1a: Rabsca|21\/100 slp\n|move|p2b: Scizor|Pounce|p1a: Rabsca\n|-supereffective|p1a: Rabsca\n|-damage|p1a: Rabsca|0 fnt\n|faint|p1a: Rabsca\n|move|p1b: Amoonguss|Pollen Puff|p1: Rabsca|[notarget]\n|-fail|p1b: Amoonguss\n|\n|-fieldend|move: Gravity\n|upkeep\n|turn|6\n|inactive|Obungamommy has 30 seconds left.\n|inactive|Obungamommy has 20 seconds left.\n|inactive|Obungamommy has 15 seconds left.\n|inactive|Obungamommy has 10 seconds left.\n|inactive|Obungamommy has 5 seconds left.\n|\n|t:|1682029517\n|move|p1b: Amoonguss|Protect|p1b: Amoonguss\n|-singleturn|p1b: Amoonguss|Protect\n|move|p2a: Sandy Shocks|Gravity|p2a: Sandy Shocks\n|-fieldstart|move: Gravity\n|move|p2b: Scizor|Swords Dance|p2b: Scizor\n|-boost|p2b: Scizor|atk|2\n|\n|upkeep\n|turn|7\n|inactive|Obungamommy has 30 seconds left.\n|inactive|Obungamommy has 20 seconds left.\n|inactive|Obungamommy has 15 seconds left.\n|inactive|Obungamommy has 10 seconds left.\n|inactive|Obungamommy has 5 seconds left.\n|\n|t:|1682029572\n|move|p1b: Amoonguss|Protect||[still]\n|-fail|p1b: Amoonguss\n|move|p2a: Sandy Shocks|Earth Power|p1b: Amoonguss\n|-damage|p1b: Amoonguss|69\/100\n|-unboost|p1b: Amoonguss|spd|1\n|move|p2b: Scizor|Pounce|p1b: Amoonguss\n|-damage|p1b: Amoonguss|0 fnt\n|faint|p1b: Amoonguss\n|\n|win|WillieDangerously\n|raw|Obungamommy's rating: 1099 → 1078<\/strong> (-21 for losing)\n|raw|WillieDangerously's rating: 1149 → 1170<\/strong> (+21 for winning)\n","uploadtime":1682029584,"views":7,"p1id":"obungamommy","p2id":"williedangerously","formatid":"gen9vgc2023regulationc","rating":1078,"private":0,"password":""}