{"id":"gen9vgc2023regulationc-1863455098","p1":"RIPTheDollarMenu","p2":"ArloWoobi","format":"[Gen 9] VGC 2023 Regulation C","log":"|j|\u2606RIPTheDollarMenu\n|j|\u2606ArloWoobi\n|t:|1684019519\n|gametype|doubles\n|player|p1|RIPTheDollarMenu|waiter-gen4|1320\n|player|p2|ArloWoobi|102|1326\n|teamsize|p1|6\n|teamsize|p2|6\n|gen|9\n|tier|[Gen 9] VGC 2023 Regulation C\n|rated|\n|rule|Species Clause: Limit one of each Pok\u00e9mon\n|rule|Item Clause: Limit one of each item\n|clearpoke\n|poke|p1|Tyranitar, L50, F|\n|poke|p1|Garchomp, L50, M|\n|poke|p1|Scream Tail, L50|\n|poke|p1|Corviknight, L50, F|\n|poke|p1|Gyarados, L50, M|\n|poke|p1|Iron Hands, L50|\n|poke|p2|Ting-Lu, L50|\n|poke|p2|Orthworm, L50, M|\n|poke|p2|Oranguru, L50, F|\n|poke|p2|Eelektross, L50, M|\n|poke|p2|Glimmora, L50, M|\n|poke|p2|Chi-Yu, L50|\n|teampreview|4\n|inactive|Battle timer is ON: inactive players will automatically lose when time's up. (requested by RIPTheDollarMenu)\n|\n|t:|1684019556\n|start\n|switch|p1a: Leviathan|Gyarados, L50, M|100\/100\n|switch|p1b: Beholder|Scream Tail, L50, shiny|100\/100\n|switch|p2a: Chi-Yu|Chi-Yu, L50|100\/100\n|switch|p2b: Oranguru|Oranguru, L50, F|100\/100\n|-ability|p2a: Chi-Yu|Beads of Ruin\n|-ability|p1a: Leviathan|Intimidate|boost\n|-unboost|p2a: Chi-Yu|atk|1\n|-unboost|p2b: Oranguru|atk|1\n|-enditem|p1b: Beholder|Booster Energy\n|-activate|p1b: Beholder|ability: Protosynthesis|[fromitem]\n|-start|p1b: Beholder|protosynthesisspe\n|turn|1\n|j| Herewegoezagain\n|\n|t:|1684019570\n|move|p2a: Chi-Yu|Lava Plume|p1a: Leviathan|[spread] p1a,p1b\n|-activate|p2b: Oranguru|ability: Telepathy\n|-resisted|p1a: Leviathan\n|-damage|p1a: Leviathan|83\/100\n|-damage|p1b: Beholder|70\/100\n|move|p1b: Beholder|Thunder Wave|p2a: Chi-Yu|[miss]\n|-miss|p1b: Beholder|p2a: Chi-Yu\n|move|p1a: Leviathan|Taunt|p2b: Oranguru\n|-start|p2b: Oranguru|move: Taunt\n|cant|p2b: Oranguru|move: Taunt|Trick Room\n|\n|-heal|p1a: Leviathan|90\/100|[from] item: Leftovers\n|upkeep\n|turn|2\n|\n|t:|1684019591\n|move|p2a: Chi-Yu|Lava Plume|p1b: Beholder|[spread] p1a,p1b\n|-activate|p2b: Oranguru|ability: Telepathy\n|-resisted|p1a: Leviathan\n|-damage|p1a: Leviathan|71\/100\n|-damage|p1b: Beholder|40\/100\n|move|p1b: Beholder|Thunder Wave|p2a: Chi-Yu\n|-status|p2a: Chi-Yu|par\n|move|p1a: Leviathan|Waterfall|p2a: Chi-Yu\n|-supereffective|p2a: Chi-Yu\n|-damage|p2a: Chi-Yu|0 fnt\n|faint|p2a: Chi-Yu\n|move|p2b: Oranguru|Foul Play|p1a: Leviathan\n|-damage|p1a: Leviathan|41\/100\n|\n|-heal|p1a: Leviathan|47\/100|[from] item: Leftovers\n|upkeep\n|\n|t:|1684019605\n|switch|p2a: Orthworm|Orthworm, L50, M|100\/100\n|turn|3\n|\n|t:|1684019612\n|switch|p2b: Ting-Lu|Ting-Lu, L50|100\/100\n|-ability|p2b: Ting-Lu|Vessel of Ruin\n|move|p1b: Beholder|Thunder Wave|p2a: Orthworm\n|-status|p2a: Orthworm|par\n|move|p1a: Leviathan|Taunt|p2a: Orthworm\n|-start|p2a: Orthworm|move: Taunt\n|move|p2a: Orthworm|Smack Down|p1a: Leviathan\n|-supereffective|p1a: Leviathan\n|-damage|p1a: Leviathan|22\/100\n|-start|p1a: Leviathan|Smack Down\n|\n|-heal|p1a: Leviathan|28\/100|[from] item: Leftovers\n|upkeep\n|turn|4\n|j| Vaqzle\n|\n|t:|1684019634\n|switch|p1a: Corviknight|Corviknight, L50, F|100\/100\n|switch|p2a: Oranguru|Oranguru, L50, F|100\/100\n|-terastallize|p2b: Ting-Lu|Ground\n|move|p1b: Beholder|Disable||[still]\n|-fail|p1b: Beholder\n|move|p2b: Ting-Lu|Earthquake|p1a: Corviknight|[spread] p1b\n|-activate|p2a: Oranguru|ability: Telepathy\n|-immune|p1a: Corviknight\n|-damage|p1b: Beholder|0 fnt\n|faint|p1b: Beholder\n|-end|p1b: Beholder|Protosynthesis|[silent]\n|\n|upkeep\n|\n|t:|1684019646\n|switch|p1b: Leviathan|Gyarados, L50, M|28\/100\n|-ability|p1b: Leviathan|Intimidate|boost\n|-unboost|p2a: Oranguru|atk|1\n|-unboost|p2b: Ting-Lu|atk|1\n|turn|5\n|l| Vaqzle\n|\n|t:|1684019661\n|switch|p2b: Orthworm|Orthworm, L50, M|100\/100 par\n|move|p1b: Leviathan|Protect|p1b: Leviathan\n|-singleturn|p1b: Leviathan|Protect\n|move|p1a: Corviknight|Bulk Up|p1a: Corviknight\n|-boost|p1a: Corviknight|atk|1\n|-boost|p1a: Corviknight|def|1\n|move|p2a: Oranguru|Trick Room|p2a: Oranguru\n|-fieldstart|move: Trick Room|[of] p2a: Oranguru\n|\n|-heal|p1b: Leviathan|34\/100|[from] item: Leftovers\n|upkeep\n|turn|6\n|inactive|RIPTheDollarMenu has 30 seconds left.\n|\n|t:|1684019689\n|switch|p1b: Tarrasque|Tyranitar, L50, F, shiny|100\/100\n|-weather|Sandstorm|[from] ability: Sand Stream|[of] p1b: Tarrasque\n|cant|p2b: Orthworm|par\n|move|p2a: Oranguru|Taunt|p1b: Tarrasque\n|-start|p1b: Tarrasque|move: Taunt\n|move|p1a: Corviknight|Brave Bird|p2a: Oranguru\n|-damage|p2a: Oranguru|43\/100\n|-damage|p1a: Corviknight|82\/100|[from] Recoil\n|\n|-weather|Sandstorm|[upkeep]\n|-damage|p2a: Oranguru|37\/100|[from] Sandstorm\n|upkeep\n|turn|7\n|inactive|RIPTheDollarMenu has 30 seconds left.\n|\n|t:|1684019714\n|switch|p2a: Ting-Lu|Ting-Lu, L50, tera:Ground|100\/100\n|-ability|p2a: Ting-Lu|Vessel of Ruin\n|move|p2b: Orthworm|Smack Down|p1a: Corviknight\n|-damage|p1a: Corviknight|77\/100\n|-start|p1a: Corviknight|Smack Down\n|move|p1a: Corviknight|Brave Bird|p2b: Orthworm\n|-resisted|p2b: Orthworm\n|-damage|p2b: Orthworm|80\/100 par\n|-damage|p1a: Corviknight|71\/100|[from] Recoil\n|move|p1b: Tarrasque|Low Kick|p2b: Orthworm\n|-supereffective|p2b: Orthworm\n|-damage|p2b: Orthworm|24\/100 par\n|\n|-weather|Sandstorm|[upkeep]\n|-heal|p2b: Orthworm|30\/100 par|[from] item: Leftovers\n|upkeep\n|turn|8\n|inactive|RIPTheDollarMenu has 30 seconds left.\n|\n|t:|1684019740\n|switch|p1a: Leviathan|Gyarados, L50, M|34\/100\n|-ability|p1a: Leviathan|Intimidate|boost\n|-unboost|p2a: Ting-Lu|atk|1\n|-unboost|p2b: Orthworm|atk|1\n|move|p2b: Orthworm|Smack Down|p1a: Leviathan\n|-supereffective|p1a: Leviathan\n|-damage|p1a: Leviathan|19\/100\n|-start|p1a: Leviathan|Smack Down\n|move|p2a: Ting-Lu|Earthquake|p1a: Leviathan|[spread] p1a,p1b\n|-heal|p2b: Orthworm|55\/100 par|[from] ability: Earth Eater|[of] p2a: Ting-Lu\n|-supereffective|p1b: Tarrasque\n|-damage|p1a: Leviathan|0 fnt\n|-damage|p1b: Tarrasque|11\/100\n|-enditem|p1b: Tarrasque|Weakness Policy\n|-boost|p1b: Tarrasque|atk|2|[from] item: Weakness Policy\n|-boost|p1b: Tarrasque|spa|2|[from] item: Weakness Policy\n|faint|p1a: Leviathan\n|move|p1b: Tarrasque|Low Kick|p2b: Orthworm\n|-supereffective|p2b: Orthworm\n|-damage|p2b: Orthworm|0 fnt\n|faint|p2b: Orthworm\n|\n|-weather|Sandstorm|[upkeep]\n|-end|p1b: Tarrasque|move: Taunt\n|upkeep\n|\n|t:|1684019759\n|switch|p2b: Oranguru|Oranguru, L50, F|37\/100\n|switch|p1a: Corviknight|Corviknight, L50, F|71\/100\n|turn|9\n|\n|t:|1684019765\n|move|p1b: Tarrasque|Protect|p1b: Tarrasque\n|-singleturn|p1b: Tarrasque|Protect\n|move|p2b: Oranguru|Taunt|p1a: Corviknight\n|-start|p1a: Corviknight|move: Taunt\n|move|p2a: Ting-Lu|Earthquake|p1a: Corviknight|[spread] \n|-activate|p1b: Tarrasque|move: Protect\n|-activate|p2b: Oranguru|ability: Telepathy\n|-immune|p1a: Corviknight\n|cant|p1a: Corviknight|move: Taunt|Bulk Up\n|\n|-weather|Sandstorm|[upkeep]\n|-damage|p2b: Oranguru|30\/100|[from] Sandstorm\n|-fieldend|move: Trick Room\n|upkeep\n|turn|10\n|\n|t:|1684019782\n|-terastallize|p1b: Tarrasque|Rock\n|move|p1b: Tarrasque|Rock Slide|p2b: Oranguru|[spread] p2a,p2b\n|-resisted|p2a: Ting-Lu\n|-damage|p2a: Ting-Lu|79\/100\n|-damage|p2b: Oranguru|0 fnt\n|faint|p2b: Oranguru\n|move|p1a: Corviknight|Iron Head|p2a: Ting-Lu\n|-damage|p2a: Ting-Lu|61\/100\n|cant|p2a: Ting-Lu|flinch\n|\n|-weather|none\n|upkeep\n|turn|11\n|\n|t:|1684019805\n|move|p1b: Tarrasque|Low Kick|p2a: Ting-Lu\n|-crit|p2a: Ting-Lu\n|-damage|p2a: Ting-Lu|0 fnt\n|faint|p2a: Ting-Lu\n|\n|win|RIPTheDollarMenu\n|raw|RIPTheDollarMenu's rating: 1320 → 1340<\/strong> (+20 for winning)\n|raw|ArloWoobi's rating: 1326 → 1306<\/strong> (-20 for losing)\n","uploadtime":1684019811,"views":11,"p1id":"ripthedollarmenu","p2id":"arlowoobi","formatid":"gen9vgc2023regulationc","rating":1306,"private":0,"password":""}