{"id":"gen9vgc2023regulationc-1847477079","p1":"GB Seraphix","p2":"BullcatVGC","format":"[Gen 9] VGC 2023 Regulation C","log":"|j|\u2606GB Seraphix\n|j|\u2606BullcatVGC\n|t:|1681959962\n|gametype|doubles\n|player|p1|GB Seraphix|rosa|1325\n|player|p2|BullcatVGC|2|1373\n|teamsize|p1|6\n|teamsize|p2|6\n|gen|9\n|tier|[Gen 9] VGC 2023 Regulation C\n|rated|\n|rule|Species Clause: Limit one of each Pok\u00e9mon\n|rule|Item Clause: Limit one of each item\n|clearpoke\n|poke|p1|Chi-Yu, L50|\n|poke|p1|Dachsbun, L50, F|\n|poke|p1|Flutter Mane, L50|\n|poke|p1|Baxcalibur, L50, M|\n|poke|p1|Amoonguss, L50, M|\n|poke|p1|Rotom-Wash, L50|\n|poke|p2|Chien-Pao, L50|\n|poke|p2|Talonflame, L50, M|\n|poke|p2|Garchomp, L50, M|\n|poke|p2|Gholdengo, L50|\n|poke|p2|Tyranitar, L50, M|\n|poke|p2|Amoonguss, L50, F|\n|teampreview|4\n|j| Braindeadmeta\n|\n|t:|1681960013\n|start\n|switch|p1a: Nemo|Chi-Yu, L50|100\/100\n|switch|p1b: Gardenia|Dachsbun, L50, F|100\/100\n|switch|p2a: Garchomp|Garchomp, L50, M|100\/100\n|switch|p2b: Tyranitar|Tyranitar, L50, M|100\/100\n|-ability|p1a: Nemo|Beads of Ruin\n|-weather|Sandstorm|[from] ability: Sand Stream|[of] p2b: Tyranitar\n|turn|1\n|\n|t:|1681960036\n|-terastallize|p1a: Nemo|Ghost\n|move|p1a: Nemo|Lava Plume|p2b: Tyranitar|[spread] p2b\n|-ability|p1b: Gardenia|Well-Baked Body|boost\n|-boost|p1b: Gardenia|def|2\n|-miss|p1a: Nemo|p2a: Garchomp\n|-resisted|p2b: Tyranitar\n|-damage|p2b: Tyranitar|92\/100\n|-status|p2b: Tyranitar|brn\n|move|p2a: Garchomp|Iron Head|p1b: Gardenia\n|-supereffective|p1b: Gardenia\n|-damage|p1b: Gardenia|71\/100\n|cant|p1b: Gardenia|flinch\n|move|p2b: Tyranitar|Rock Slide|p1a: Nemo|[spread] p1a,p1b\n|-damage|p1a: Nemo|73\/100\n|-damage|p1b: Gardenia|63\/100\n|\n|-weather|Sandstorm|[upkeep]\n|-damage|p1a: Nemo|67\/100|[from] Sandstorm\n|-damage|p1b: Gardenia|57\/100|[from] Sandstorm\n|-heal|p1b: Gardenia|63\/100|[from] item: Leftovers\n|-damage|p2b: Tyranitar|86\/100 brn|[from] brn\n|upkeep\n|turn|2\n|\n|t:|1681960066\n|move|p1a: Nemo|Lava Plume|p2a: Garchomp|[spread] p2a,p2b\n|-ability|p1b: Gardenia|Well-Baked Body|boost\n|-boost|p1b: Gardenia|def|2\n|-resisted|p2a: Garchomp\n|-resisted|p2b: Tyranitar\n|-damage|p2a: Garchomp|80\/100\n|-damage|p2b: Tyranitar|78\/100 brn\n|-status|p2a: Garchomp|brn\n|move|p2a: Garchomp|Swords Dance|p2a: Garchomp\n|-boost|p2a: Garchomp|atk|2\n|move|p1b: Gardenia|Body Press|p2b: Tyranitar\n|-supereffective|p2b: Tyranitar\n|-damage|p2b: Tyranitar|0 fnt\n|faint|p2b: Tyranitar\n|\n|-weather|Sandstorm|[upkeep]\n|-damage|p1a: Nemo|61\/100|[from] Sandstorm\n|-damage|p1b: Gardenia|57\/100|[from] Sandstorm\n|-heal|p1b: Gardenia|63\/100|[from] item: Leftovers\n|-damage|p2a: Garchomp|74\/100 brn|[from] brn\n|upkeep\n|\n|t:|1681960086\n|switch|p2b: Gholdengo|Gholdengo, L50|100\/100\n|turn|3\n|\n|t:|1681960096\n|move|p1a: Nemo|Lava Plume|p2a: Garchomp|[spread] p2a,p2b\n|-ability|p1b: Gardenia|Well-Baked Body|boost\n|-boost|p1b: Gardenia|def|2\n|-resisted|p2a: Garchomp\n|-supereffective|p2b: Gholdengo\n|-damage|p2a: Garchomp|53\/100 brn\n|-damage|p2b: Gholdengo|16\/100\n|move|p2a: Garchomp|Swords Dance|p2a: Garchomp\n|-boost|p2a: Garchomp|atk|2\n|move|p1b: Gardenia|Substitute|p1b: Gardenia\n|-start|p1b: Gardenia|Substitute\n|-damage|p1b: Gardenia|38\/100\n|move|p2b: Gholdengo|Make It Rain|p1a: Nemo|[spread] p1a,p1b\n|-supereffective|p1b: Gardenia\n|-end|p1b: Gardenia|Substitute\n|-damage|p1a: Nemo|0 fnt\n|-unboost|p2b: Gholdengo|spa|1\n|faint|p1a: Nemo\n|\n|-weather|Sandstorm|[upkeep]\n|-damage|p1b: Gardenia|32\/100|[from] Sandstorm\n|-heal|p1b: Gardenia|38\/100|[from] item: Leftovers\n|-damage|p2a: Garchomp|47\/100 brn|[from] brn\n|upkeep\n|\n|t:|1681960118\n|switch|p1a: BB|Flutter Mane, L50|100\/100\n|-enditem|p1a: BB|Booster Energy\n|-activate|p1a: BB|ability: Protosynthesis|[fromitem]\n|-start|p1a: BB|protosynthesisspe\n|turn|4\n|\n|t:|1681960134\n|move|p1b: Gardenia|Protect|p1b: Gardenia\n|-singleturn|p1b: Gardenia|Protect\n|move|p1a: BB|Shadow Ball|p2a: Garchomp\n|-damage|p2a: Garchomp|3\/100 brn\n|move|p2a: Garchomp|Earthquake|p1b: Gardenia|[spread] p2b,p1a\n|-activate|p1b: Gardenia|move: Protect\n|-supereffective|p2b: Gholdengo\n|-crit|p1a: BB\n|-damage|p2b: Gholdengo|0 fnt\n|-damage|p1a: BB|0 fnt\n|faint|p2b: Gholdengo\n|faint|p1a: BB\n|-end|p1a: BB|Protosynthesis|[silent]\n|\n|-weather|Sandstorm|[upkeep]\n|-damage|p1b: Gardenia|32\/100|[from] Sandstorm\n|-heal|p1b: Gardenia|38\/100|[from] item: Leftovers\n|-damage|p2a: Garchomp|0 fnt|[from] brn\n|faint|p2a: Garchomp\n|upkeep\n|\n|t:|1681960154\n|switch|p1a: Hanabishi|Rotom-Wash, L50|100\/100\n|switch|p2b: Chien-Pao|Chien-Pao, L50|100\/100\n|-ability|p2b: Chien-Pao|Sword of Ruin\n|turn|5\n|\n|t:|1681960178\n|move|p1a: Hanabishi|Protect|p1a: Hanabishi\n|-singleturn|p1a: Hanabishi|Protect\n|move|p2b: Chien-Pao|Ice Spinner|p1b: Gardenia\n|-damage|p1b: Gardenia|22\/100\n|-damage|p2b: Chien-Pao|91\/100|[from] item: Life Orb\n|move|p1b: Gardenia|Yawn|p2b: Chien-Pao\n|-start|p2b: Chien-Pao|move: Yawn|[of] p1b: Gardenia\n|\n|-weather|none\n|-heal|p1b: Gardenia|29\/100|[from] item: Leftovers\n|upkeep\n|turn|6\n|l|\u2606BullcatVGC\n|player|p2|\n|c| Braindeadmeta|Haha\n|inactive|Battle timer is ON: inactive players will automatically lose when time's up. (requested by GB Seraphix)\n|c| Braindeadmeta|the salt\n|c|\u2606GB Seraphix|:<\n|c| Braindeadmeta|GG\n|inactive|BullcatVGC has 30 seconds to reconnect!\n|inactive|BullcatVGC has 20 seconds to reconnect!\n|inactive|BullcatVGC has 15 seconds to reconnect!\n|inactive|BullcatVGC has 10 seconds to reconnect!\n|l| Braindeadmeta\n|c|\u2606GB Seraphix|gg\n|inactive|BullcatVGC has 5 seconds to reconnect!\n|-message|BullcatVGC lost due to inactivity.\n|\n|win|GB Seraphix\n|raw|GB Seraphix's rating: 1325 → 1348<\/strong> (+23 for winning)\n|raw|BullcatVGC's rating: 1373 → 1350<\/strong> (-23 for losing)\n","uploadtime":1681960347,"views":7,"p1id":"gbseraphix","p2id":"bullcatvgc","formatid":"gen9vgc2023regulationc","rating":1348,"private":0,"password":""}