{"id":"gen9vgc2023regulationc-1849319022","p1":"123datastage123","p2":"Wild248","format":"[Gen 9] VGC 2023 Regulation C","log":"|j|\u2606123datastage123\n|j|\u2606Wild248\n|t:|1682185389\n|gametype|doubles\n|player|p1|123datastage123|n|1282\n|player|p2|Wild248|2|1251\n|teamsize|p1|6\n|teamsize|p2|6\n|gen|9\n|tier|[Gen 9] VGC 2023 Regulation C\n|rated|\n|rule|Species Clause: Limit one of each Pok\u00e9mon\n|rule|Item Clause: Limit one of each item\n|clearpoke\n|poke|p1|Ting-Lu, L50|\n|poke|p1|Palafin, L50, F|\n|poke|p1|Flutter Mane, L50|\n|poke|p1|Arcanine, L50, M|\n|poke|p1|Amoonguss, L50, M|\n|poke|p1|Corviknight, L50, M|\n|poke|p2|Tyranitar, L50, M|\n|poke|p2|Great Tusk, L50|\n|poke|p2|Flutter Mane, L50|\n|poke|p2|Murkrow, L50, M|\n|poke|p2|Arcanine, L50, M|\n|poke|p2|Palafin, L50, M|\n|teampreview|4\n|inactive|Battle timer is ON: inactive players will automatically lose when time's up. (requested by 123datastage123)\n|inactive|123datastage123 has 60 seconds left.\n|inactive|Wild248 has 60 seconds left.\n|inactive|Wild248 has 30 seconds left.\n|\n|t:|1682185455\n|start\n|switch|p1a: Palafin|Palafin, L50, F|100\/100\n|switch|p1b: Ting-Lu|Ting-Lu, L50|100\/100\n|switch|p2a: Great Tusk|Great Tusk, L50|100\/100\n|switch|p2b: Murkrow|Murkrow, L50, M|100\/100\n|-ability|p1b: Ting-Lu|Vessel of Ruin\n|turn|1\n|inactive|123datastage123 has 30 seconds left.\n|inactive|Wild248 has 30 seconds left.\n|inactive|123datastage123 has 20 seconds left.\n|inactive|Wild248 has 20 seconds left.\n|inactive|123datastage123 has 15 seconds left.\n|inactive|123datastage123 has 10 seconds left.\n|inactive|123datastage123 has 5 seconds left.\n|\n|t:|1682185509\n|detailschange|p1a: Palafin|Palafin-Hero, L50, F\n|switch|p1a: Corviknight|Corviknight, L50, M|100\/100\n|move|p2b: Murkrow|Sunny Day|p2b: Murkrow\n|-weather|SunnyDay\n|-activate|p2a: Great Tusk|ability: Protosynthesis\n|-start|p2a: Great Tusk|protosynthesisatk\n|move|p2a: Great Tusk|Close Combat|p1b: Ting-Lu\n|-supereffective|p1b: Ting-Lu\n|-damage|p1b: Ting-Lu|9\/100\n|-unboost|p2a: Great Tusk|def|1\n|-unboost|p2a: Great Tusk|spd|1\n|move|p1b: Ting-Lu|Fissure|p2a: Great Tusk|[miss]\n|-miss|p1b: Ting-Lu|p2a: Great Tusk\n|\n|-weather|SunnyDay|[upkeep]\n|upkeep\n|turn|2\n|inactive|123datastage123 has 30 seconds left.\n|inactive|123datastage123 has 20 seconds left.\n|inactive|123datastage123 has 15 seconds left.\n|inactive|123datastage123 has 10 seconds left.\n|inactive|123datastage123 has 5 seconds left.\n|\n|t:|1682185562\n|move|p2a: Great Tusk|Close Combat|p1a: Corviknight\n|-damage|p1a: Corviknight|30\/100\n|-unboost|p2a: Great Tusk|def|1\n|-unboost|p2a: Great Tusk|spd|1\n|move|p2b: Murkrow|Foul Play|p1b: Ting-Lu\n|-resisted|p1b: Ting-Lu\n|-damage|p1b: Ting-Lu|0 fnt\n|faint|p1b: Ting-Lu\n|move|p1a: Corviknight|Brave Bird|p2a: Great Tusk\n|-supereffective|p2a: Great Tusk\n|-damage|p2a: Great Tusk|0 fnt\n|faint|p2a: Great Tusk\n|-end|p2a: Great Tusk|Protosynthesis|[silent]\n|-damage|p1a: Corviknight|0 fnt|[from] Recoil\n|faint|p1a: Corviknight\n|\n|-weather|SunnyDay|[upkeep]\n|upkeep\n|inactive|Wild248 has 30 seconds left.\n|\n|t:|1682185592\n|switch|p2a: Flutter Mane|Flutter Mane, L50|100\/100\n|switch|p1a: Arcanine|Arcanine, L50, M|100\/100\n|switch|p1b: Palafin|Palafin-Hero, L50, F|100\/100\n|-activate|p2a: Flutter Mane|ability: Protosynthesis\n|-start|p2a: Flutter Mane|protosynthesisspa\n|-ability|p1a: Arcanine|Intimidate|boost\n|-unboost|p2a: Flutter Mane|atk|1\n|-unboost|p2b: Murkrow|atk|1\n|-activate|p1b: Palafin|ability: Zero to Hero\n|turn|3\n|inactive|123datastage123 has 30 seconds left.\n|inactive|123datastage123 has 20 seconds left.\n|inactive|123datastage123 has 15 seconds left.\n|inactive|123datastage123 has 10 seconds left.\n|inactive|123datastage123 has 5 seconds left.\n|\n|t:|1682185644\n|switch|p2b: Arcanine|Arcanine, L50, M|100\/100\n|-ability|p2b: Arcanine|Intimidate|boost\n|-unboost|p1a: Arcanine|atk|1\n|-unboost|p1b: Palafin|atk|1\n|move|p1b: Palafin|Protect|p1b: Palafin\n|-singleturn|p1b: Palafin|Protect\n|move|p2a: Flutter Mane|Thunderbolt|p1b: Palafin\n|-activate|p1b: Palafin|move: Protect\n|move|p1a: Arcanine|Flare Blitz|p2a: Flutter Mane\n|-damage|p2a: Flutter Mane|11\/100\n|-damage|p1a: Arcanine|79\/100|[from] Recoil\n|\n|-weather|SunnyDay|[upkeep]\n|upkeep\n|turn|4\n|inactive|123datastage123 has 30 seconds left.\n|\n|t:|1682185674\n|-end|p2a: Flutter Mane|Protosynthesis|[silent]\n|switch|p2a: Murkrow|Murkrow, L50, M|100\/100\n|move|p1b: Palafin|Jet Punch|p2a: Murkrow\n|-damage|p2a: Murkrow|82\/100\n|move|p1a: Arcanine|Howl|p1a: Arcanine|[spread] p1a,p1b\n|-boost|p1a: Arcanine|atk|1\n|-boost|p1b: Palafin|atk|1\n|move|p2b: Arcanine|Will-O-Wisp|p1b: Palafin\n|-status|p1b: Palafin|brn\n|\n|-weather|SunnyDay|[upkeep]\n|-damage|p1b: Palafin|95\/100 brn|[from] brn\n|upkeep\n|turn|5\n|inactive|123datastage123 has 30 seconds left.\n|\n|t:|1682185708\n|-terastallize|p1b: Palafin|Water\n|move|p1a: Arcanine|Flare Blitz|p2a: Murkrow\n|-crit|p2a: Murkrow\n|-damage|p2a: Murkrow|0 fnt\n|faint|p2a: Murkrow\n|-damage|p1a: Arcanine|56\/100|[from] Recoil\n|move|p1b: Palafin|Wave Crash|p2b: Arcanine\n|-supereffective|p2b: Arcanine\n|-damage|p2b: Arcanine|34\/100\n|-damage|p1b: Palafin|73\/100 brn|[from] Recoil\n|move|p2b: Arcanine|Bulldoze|p1a: Arcanine|[spread] p1a,p1b\n|-supereffective|p1a: Arcanine\n|-damage|p1a: Arcanine|28\/100\n|-damage|p1b: Palafin|61\/100 brn\n|-unboost|p1a: Arcanine|spe|1\n|-unboost|p1b: Palafin|spe|1\n|\n|-weather|none\n|-damage|p1b: Palafin|55\/100 brn|[from] brn\n|upkeep\n|\n|t:|1682185720\n|switch|p2a: Flutter Mane|Flutter Mane, L50|11\/100\n|turn|6\n|\n|t:|1682185732\n|move|p1a: Arcanine|Extreme Speed|p2b: Arcanine\n|-damage|p2b: Arcanine|9\/100\n|move|p1b: Palafin|Jet Punch|p2a: Flutter Mane\n|-damage|p2a: Flutter Mane|0 fnt\n|faint|p2a: Flutter Mane\n|-end|p2a: Flutter Mane|Protosynthesis|[silent]\n|move|p2b: Arcanine|Bulldoze|p1a: Arcanine|[spread] p1a,p1b\n|-supereffective|p1a: Arcanine\n|-damage|p1a: Arcanine|0 fnt\n|-damage|p1b: Palafin|43\/100 brn\n|-unboost|p1b: Palafin|spe|1\n|faint|p1a: Arcanine\n|\n|-damage|p1b: Palafin|37\/100 brn|[from] brn\n|upkeep\n|turn|7\n|\n|t:|1682185742\n|move|p2b: Arcanine|Extreme Speed|p1b: Palafin\n|-crit|p1b: Palafin\n|-damage|p1b: Palafin|4\/100 brn\n|move|p1b: Palafin|Jet Punch|p2b: Arcanine\n|-supereffective|p2b: Arcanine\n|-crit|p2b: Arcanine\n|-damage|p2b: Arcanine|0 fnt\n|faint|p2b: Arcanine\n|\n|win|123datastage123\n|raw|123datastage123's rating: 1282 → 1305<\/strong> (+23 for winning)\n|raw|Wild248's rating: 1251 → 1228<\/strong> (-23 for losing)\n","uploadtime":1682185749,"views":6,"p1id":"123datastage123","p2id":"wild248","formatid":"gen9vgc2023regulationc","rating":1228,"private":0,"password":""}