{"id":"gen9vgc2023regulationc-1857492872","p1":"Zak-001","p2":"pardosimmia","format":"[Gen 9] VGC 2023 Regulation C","log":"|j|\u2606Zak-001\n|j|\u2606pardosimmia\n|t:|1683201177\n|gametype|doubles\n|player|p1|Zak-001|169|1195\n|player|p2|pardosimmia|101|1296\n|teamsize|p1|6\n|teamsize|p2|6\n|gen|9\n|tier|[Gen 9] VGC 2023 Regulation C\n|rated|\n|rule|Species Clause: Limit one of each Pok\u00e9mon\n|rule|Item Clause: Limit one of each item\n|clearpoke\n|poke|p1|Chi-Yu, L50|\n|poke|p1|Frosmoth, L50, F|\n|poke|p1|Flutter Mane, L50|\n|poke|p1|Wo-Chien, L50|\n|poke|p1|Scream Tail, L50|\n|poke|p1|Gastrodon, L50, M|\n|poke|p2|Annihilape, L50, F|\n|poke|p2|Maushold-Four, L50|\n|poke|p2|Flutter Mane, L50|\n|poke|p2|Gyarados, L50, M|\n|poke|p2|Amoonguss, L50, M|\n|poke|p2|Iron Bundle, L50|\n|teampreview|4\n|inactive|Battle timer is ON: inactive players will automatically lose when time's up. (requested by Zak-001)\n|inactive|pardosimmia has 60 seconds left.\n|\n|t:|1683201224\n|start\n|switch|p1a: Chi-Yu|Chi-Yu, L50|100\/100\n|switch|p1b: Flutter Mane|Flutter Mane, L50|100\/100\n|switch|p2a: Flutter Mane|Flutter Mane, L50|100\/100\n|switch|p2b: Iron Bundle|Iron Bundle, L50|100\/100\n|-ability|p1a: Chi-Yu|Beads of Ruin\n|-enditem|p2b: Iron Bundle|Booster Energy\n|-activate|p2b: Iron Bundle|ability: Quark Drive|[fromitem]\n|-start|p2b: Iron Bundle|quarkdrivespe\n|turn|1\n|\n|t:|1683201241\n|-terastallize|p2a: Flutter Mane|Fairy\n|move|p2b: Iron Bundle|Icy Wind|p1b: Flutter Mane|[spread] p1a,p1b\n|-resisted|p1a: Chi-Yu\n|-damage|p1a: Chi-Yu|91\/100\n|-damage|p1b: Flutter Mane|71\/100\n|-unboost|p1a: Chi-Yu|spe|1\n|-unboost|p1b: Flutter Mane|spe|1\n|move|p2a: Flutter Mane|Dazzling Gleam|p1b: Flutter Mane|[spread] p1a,p1b\n|-damage|p1a: Chi-Yu|27\/100\n|-damage|p1b: Flutter Mane|0 fnt\n|faint|p1b: Flutter Mane\n|-end|p1b: Flutter Mane|Protosynthesis|[silent]\n|move|p1a: Chi-Yu|Snarl|p2a: Flutter Mane|[spread] p2a,p2b\n|-resisted|p2a: Flutter Mane\n|-damage|p2a: Flutter Mane|88\/100\n|-damage|p2b: Iron Bundle|48\/100\n|-unboost|p2a: Flutter Mane|spa|1\n|-unboost|p2b: Iron Bundle|spa|1\n|\n|upkeep\n|\n|t:|1683201262\n|switch|p1b: Frosmoth|Frosmoth, L50, F|100\/100\n|turn|2\n|\n|t:|1683201275\n|-end|p2b: Iron Bundle|Quark Drive|[silent]\n|switch|p2b: Maushold|Maushold-Four, L50|100\/100\n|-terastallize|p1b: Frosmoth|Water\n|move|p1a: Chi-Yu|Protect|p1a: Chi-Yu\n|-singleturn|p1a: Chi-Yu|Protect\n|move|p2a: Flutter Mane|Dazzling Gleam|p1a: Chi-Yu|[spread] p1b\n|-activate|p1a: Chi-Yu|move: Protect\n|-damage|p1b: Frosmoth|70\/100\n|move|p1b: Frosmoth|Giga Drain|p2b: Maushold\n|-crit|p2b: Maushold\n|-damage|p2b: Maushold|56\/100\n|-heal|p1b: Frosmoth|93\/100|[from] drain|[of] p2b: Maushold\n|\n|upkeep\n|turn|3\n|inactive|pardosimmia has 30 seconds left.\n|\n|t:|1683201308\n|move|p2b: Maushold|Follow Me|p2b: Maushold\n|-singleturn|p2b: Maushold|move: Follow Me\n|move|p2a: Flutter Mane|Dazzling Gleam|p1a: Chi-Yu|[spread] p1a,p1b\n|-damage|p1a: Chi-Yu|0 fnt\n|-damage|p1b: Frosmoth|63\/100\n|faint|p1a: Chi-Yu\n|move|p1b: Frosmoth|Quiver Dance|p1b: Frosmoth\n|-boost|p1b: Frosmoth|spa|1\n|-boost|p1b: Frosmoth|spd|1\n|-boost|p1b: Frosmoth|spe|1\n|\n|upkeep\n|\n|t:|1683201317\n|switch|p1a: Scream Tail|Scream Tail, L50|100\/100\n|-enditem|p1a: Scream Tail|Booster Energy\n|-activate|p1a: Scream Tail|ability: Protosynthesis|[fromitem]\n|-start|p1a: Scream Tail|protosynthesisspe\n|turn|4\n|\n|t:|1683201327\n|-end|p2a: Flutter Mane|Protosynthesis|[silent]\n|switch|p2a: Annihilape|Annihilape, L50, F, shiny|100\/100\n|move|p1a: Scream Tail|Disable||[still]\n|-fail|p1a: Scream Tail\n|move|p2b: Maushold|Beat Up|p2a: Annihilape\n|-damage|p2a: Annihilape|99\/100\n|-damage|p2a: Annihilape|97\/100\n|-damage|p2a: Annihilape|96\/100\n|-damage|p2a: Annihilape|95\/100\n|-hitcount|p2a: Annihilape|4\n|move|p1b: Frosmoth|Ice Beam|p2b: Maushold\n|-damage|p2b: Maushold|0 fnt\n|faint|p2b: Maushold\n|\n|-heal|p2a: Annihilape|100\/100|[from] item: Leftovers\n|upkeep\n|\n|t:|1683201345\n|switch|p2b: Flutter Mane|Flutter Mane, L50, tera:Fairy|88\/100\n|turn|5\n|\n|t:|1683201356\n|move|p1a: Scream Tail|Fake Tears|p2a: Annihilape\n|-unboost|p2a: Annihilape|spd|2\n|move|p2b: Flutter Mane|Shadow Ball|p1a: Scream Tail\n|-supereffective|p1a: Scream Tail\n|-damage|p1a: Scream Tail|14\/100\n|move|p1b: Frosmoth|Ice Beam|p2a: Annihilape\n|-damage|p2a: Annihilape|13\/100\n|move|p2a: Annihilape|Rage Fist|p1b: Frosmoth\n|-damage|p1b: Frosmoth|0 fnt\n|faint|p1b: Frosmoth\n|\n|-heal|p2a: Annihilape|20\/100|[from] item: Leftovers\n|upkeep\n|turn|6\n|c|\u2606Zak-001|gg\n|\n|t:|1683201373\n|move|p1a: Scream Tail|Dazzling Gleam|p2b: Flutter Mane|[spread] p2a,p2b\n|-supereffective|p2a: Annihilape\n|-damage|p2a: Annihilape|0 fnt\n|-damage|p2b: Flutter Mane|70\/100\n|faint|p2a: Annihilape\n|move|p2b: Flutter Mane|Shadow Ball|p1a: Scream Tail\n|-supereffective|p1a: Scream Tail\n|-damage|p1a: Scream Tail|0 fnt\n|faint|p1a: Scream Tail\n|-end|p1a: Scream Tail|Protosynthesis|[silent]\n|\n|win|pardosimmia\n|raw|Zak-001's rating: 1195 → 1177<\/strong> (-18 for losing)\n|raw|pardosimmia's rating: 1296 → 1314<\/strong> (+18 for winning)\n","uploadtime":1683201387,"views":10,"p1id":"zak001","p2id":"pardosimmia","formatid":"gen9vgc2023regulationc","rating":1177,"private":0,"password":""}