{"id":"gen9vgc2023regulationc-1846325391","p1":"ReyOscuroVLC","p2":"Barbie120","format":"[Gen 9] VGC 2023 Regulation C","log":"|j|\u2606ReyOscuroVLC\n|j|\u2606Barbie120\n|t:|1681831793\n|gametype|doubles\n|player|p1|ReyOscuroVLC|170|1338\n|player|p2|Barbie120|drayden|1288\n|teamsize|p1|6\n|teamsize|p2|6\n|gen|9\n|tier|[Gen 9] VGC 2023 Regulation C\n|rated|\n|rule|Species Clause: Limit one of each Pok\u00e9mon\n|rule|Item Clause: Limit one of each item\n|clearpoke\n|poke|p1|Great Tusk, L50|\n|poke|p1|Iron Bundle, L50|\n|poke|p1|Gyarados, L50, F|\n|poke|p1|Scizor, L50, M|\n|poke|p1|Flutter Mane, L50|\n|poke|p1|Wo-Chien, L50|\n|poke|p2|Indeedee-F, L50, F|\n|poke|p2|Chi-Yu, L50|\n|poke|p2|Arcanine, L50, M|\n|poke|p2|Flutter Mane, L50|\n|poke|p2|Baxcalibur, L50, M|\n|poke|p2|Corviknight, L50, F|\n|teampreview|4\n|\n|t:|1681831839\n|start\n|switch|p1a: Jet|Great Tusk, L50|100\/100\n|switch|p1b: Andres|Flutter Mane, L50|100\/100\n|switch|p2a: Arcanine|Arcanine, L50, M|100\/100\n|switch|p2b: Flutter Mane|Flutter Mane, L50|100\/100\n|-ability|p2a: Arcanine|Intimidate|boost\n|-unboost|p1a: Jet|atk|1\n|-unboost|p1b: Andres|atk|1\n|-enditem|p2b: Flutter Mane|Booster Energy\n|-activate|p2b: Flutter Mane|ability: Protosynthesis|[fromitem]\n|-start|p2b: Flutter Mane|protosynthesisspe\n|turn|1\n|\n|t:|1681831856\n|-terastallize|p1a: Jet|Ground\n|move|p2b: Flutter Mane|Protect|p2b: Flutter Mane\n|-singleturn|p2b: Flutter Mane|Protect\n|move|p1a: Jet|Headlong Rush|p2a: Arcanine\n|-supereffective|p2a: Arcanine\n|-damage|p2a: Arcanine|0 fnt\n|-unboost|p1a: Jet|def|1\n|-unboost|p1a: Jet|spd|1\n|faint|p2a: Arcanine\n|move|p1b: Andres|Shadow Ball|p2b: Flutter Mane\n|-activate|p2b: Flutter Mane|move: Protect\n|\n|upkeep\n|\n|t:|1681831876\n|switch|p2a: Corviknight|Corviknight, L50, F|100\/100\n|turn|2\n|\n|t:|1681831889\n|-end|p2b: Flutter Mane|Protosynthesis|[silent]\n|switch|p2b: Baxcalibur|Baxcalibur, L50, M|100\/100\n|-end|p1a: Jet|Protosynthesis|[silent]\n|switch|p1a: ReyOscuro|Scizor, L50, M|100\/100\n|move|p1b: Andres|Thunderbolt|p2a: Corviknight\n|-supereffective|p2a: Corviknight\n|-damage|p2a: Corviknight|37\/100\n|move|p2a: Corviknight|Iron Head|p1b: Andres\n|-supereffective|p1b: Andres\n|-enditem|p1b: Andres|Focus Sash\n|-damage|p1b: Andres|1\/100\n|\n|-heal|p2a: Corviknight|43\/100|[from] item: Leftovers\n|upkeep\n|turn|3\n|\n|t:|1681831911\n|-end|p1b: Andres|Protosynthesis|[silent]\n|switch|p1b: Jumice|Gyarados, L50, F|100\/100\n|-ability|p1b: Jumice|Intimidate|boost\n|-ability|p2a: Corviknight|Mirror Armor\n|-unboost|p1b: Jumice|atk|1\n|-unboost|p2b: Baxcalibur|atk|1\n|-terastallize|p2b: Baxcalibur|Ground\n|move|p2b: Baxcalibur|Ice Shard|p1b: Jumice\n|-damage|p1b: Jumice|84\/100\n|move|p1a: ReyOscuro|Bullet Punch|p2b: Baxcalibur\n|-crit|p2b: Baxcalibur\n|-damage|p2b: Baxcalibur|60\/100\n|move|p2a: Corviknight|Bulk Up|p2a: Corviknight\n|-boost|p2a: Corviknight|atk|1\n|-boost|p2a: Corviknight|def|1\n|\n|-heal|p2a: Corviknight|49\/100|[from] item: Leftovers\n|upkeep\n|turn|4\n|\n|t:|1681831948\n|move|p2b: Baxcalibur|Glaive Rush|p1a: ReyOscuro\n|-resisted|p1a: ReyOscuro\n|-damage|p1a: ReyOscuro|73\/100\n|-singlemove|p2b: Baxcalibur|Glaive Rush|[silent]\n|move|p1b: Jumice|Thunder Wave|p2a: Corviknight\n|-status|p2a: Corviknight|par\n|move|p1a: ReyOscuro|Pounce|p2b: Baxcalibur\n|-damage|p2b: Baxcalibur|0 fnt\n|faint|p2b: Baxcalibur\n|move|p2a: Corviknight|Bulk Up|p2a: Corviknight\n|-boost|p2a: Corviknight|atk|1\n|-boost|p2a: Corviknight|def|1\n|\n|-heal|p2a: Corviknight|56\/100 par|[from] item: Leftovers\n|upkeep\n|\n|t:|1681831951\n|switch|p2b: Flutter Mane|Flutter Mane, L50|100\/100\n|turn|5\n|\n|t:|1681831974\n|move|p2b: Flutter Mane|Protect|p2b: Flutter Mane\n|-singleturn|p2b: Flutter Mane|Protect\n|move|p1a: ReyOscuro|Bullet Punch|p2b: Flutter Mane\n|-activate|p2b: Flutter Mane|move: Protect\n|move|p1b: Jumice|Waterfall|p2a: Corviknight\n|-damage|p2a: Corviknight|47\/100 par\n|move|p2a: Corviknight|Body Press|p1a: ReyOscuro\n|-damage|p1a: ReyOscuro|24\/100\n|\n|-heal|p2a: Corviknight|54\/100 par|[from] item: Leftovers\n|upkeep\n|turn|6\n|\n|t:|1681831989\n|move|p2b: Flutter Mane|Protect|p2b: Flutter Mane\n|-singleturn|p2b: Flutter Mane|Protect\n|move|p1a: ReyOscuro|Bullet Punch|p2b: Flutter Mane\n|-activate|p2b: Flutter Mane|move: Protect\n|move|p1b: Jumice|Waterfall|p2b: Flutter Mane\n|-activate|p2b: Flutter Mane|move: Protect\n|move|p2a: Corviknight|Body Press|p1a: ReyOscuro\n|-damage|p1a: ReyOscuro|0 fnt\n|faint|p1a: ReyOscuro\n|\n|-heal|p2a: Corviknight|60\/100 par|[from] item: Leftovers\n|upkeep\n|\n|t:|1681832002\n|switch|p1a: Andres|Flutter Mane, L50|1\/100\n|turn|7\n|\n|t:|1681832009\n|move|p1a: Andres|Protect|p1a: Andres\n|-singleturn|p1a: Andres|Protect\n|move|p2a: Corviknight|Protect|p2a: Corviknight\n|-singleturn|p2a: Corviknight|Protect\n|move|p2b: Flutter Mane|Dazzling Gleam|p1a: Andres|[spread] p1b\n|-activate|p1a: Andres|move: Protect\n|-damage|p1b: Jumice|60\/100\n|move|p1b: Jumice|Thunder Wave|p2b: Flutter Mane|[miss]\n|-miss|p1b: Jumice|p2b: Flutter Mane\n|\n|-heal|p2a: Corviknight|66\/100 par|[from] item: Leftovers\n|upkeep\n|turn|8\n|\n|t:|1681832025\n|move|p2b: Flutter Mane|Dazzling Gleam|p1a: Andres|[spread] p1a,p1b\n|-damage|p1a: Andres|0 fnt\n|-damage|p1b: Jumice|38\/100\n|-enditem|p1b: Jumice|Sitrus Berry|[eat]\n|-heal|p1b: Jumice|63\/100|[from] item: Sitrus Berry\n|faint|p1a: Andres\n|-end|p1a: Andres|Protosynthesis|[silent]\n|move|p1b: Jumice|Thunder Wave|p2b: Flutter Mane\n|-status|p2b: Flutter Mane|par\n|move|p2a: Corviknight|Bulk Up|p2a: Corviknight\n|-boost|p2a: Corviknight|atk|1\n|-boost|p2a: Corviknight|def|1\n|\n|-heal|p2a: Corviknight|72\/100 par|[from] item: Leftovers\n|upkeep\n|\n|t:|1681832037\n|switch|p1a: Jet|Great Tusk, L50, tera:Ground|100\/100\n|turn|9\n|\n|t:|1681832051\n|move|p2b: Flutter Mane|Protect|p2b: Flutter Mane\n|-singleturn|p2b: Flutter Mane|Protect\n|move|p1a: Jet|Rock Slide|p2a: Corviknight|[spread] p2a\n|-activate|p2b: Flutter Mane|move: Protect\n|-damage|p2a: Corviknight|66\/100 par\n|move|p1b: Jumice|Waterfall|p2b: Flutter Mane\n|-activate|p2b: Flutter Mane|move: Protect\n|cant|p2a: Corviknight|flinch\n|\n|-heal|p2a: Corviknight|72\/100 par|[from] item: Leftovers\n|upkeep\n|turn|10\n|\n|t:|1681832066\n|move|p1a: Jet|Rock Slide|p2b: Flutter Mane|[spread] p2a\n|-miss|p1a: Jet|p2b: Flutter Mane\n|-damage|p2a: Corviknight|65\/100 par\n|move|p1b: Jumice|Waterfall|p2b: Flutter Mane\n|-damage|p2b: Flutter Mane|56\/100 par\n|cant|p2b: Flutter Mane|par\n|cant|p2a: Corviknight|flinch\n|\n|-heal|p2a: Corviknight|71\/100 par|[from] item: Leftovers\n|upkeep\n|turn|11\n|\n|t:|1681832080\n|move|p1a: Jet|Rock Slide|p2b: Flutter Mane|[spread] p2a,p2b\n|-damage|p2a: Corviknight|64\/100 par\n|-damage|p2b: Flutter Mane|9\/100 par\n|move|p1b: Jumice|Waterfall|p2a: Corviknight\n|-damage|p2a: Corviknight|57\/100 par\n|cant|p2b: Flutter Mane|par\n|cant|p2a: Corviknight|flinch\n|\n|-heal|p2a: Corviknight|64\/100 par|[from] item: Leftovers\n|upkeep\n|turn|12\n|\n|t:|1681832099\n|cant|p2b: Flutter Mane|par\n|move|p1a: Jet|Rock Slide|p2b: Flutter Mane|[spread] p2a,p2b\n|-damage|p2a: Corviknight|56\/100 par\n|-damage|p2b: Flutter Mane|0 fnt\n|faint|p2b: Flutter Mane\n|-end|p2b: Flutter Mane|Protosynthesis|[silent]\n|move|p1b: Jumice|Taunt|p2a: Corviknight\n|-start|p2a: Corviknight|move: Taunt\n|move|p2a: Corviknight|Body Press|p1a: Jet\n|-damage|p1a: Jet|62\/100\n|\n|-heal|p2a: Corviknight|62\/100 par|[from] item: Leftovers\n|upkeep\n|turn|13\n|\n|t:|1681832113\n|move|p1a: Jet|Rock Slide|p2a: Corviknight\n|-damage|p2a: Corviknight|54\/100 par\n|move|p1b: Jumice|Waterfall|p2a: Corviknight\n|-damage|p2a: Corviknight|47\/100 par\n|cant|p2a: Corviknight|flinch\n|\n|-heal|p2a: Corviknight|53\/100 par|[from] item: Leftovers\n|upkeep\n|turn|14\n|\n|t:|1681832123\n|move|p1a: Jet|Rock Slide|p2a: Corviknight|[miss]\n|-miss|p1a: Jet|p2a: Corviknight\n|move|p1b: Jumice|Waterfall|p2a: Corviknight\n|-damage|p2a: Corviknight|46\/100 par\n|cant|p2a: Corviknight|par\n|\n|-heal|p2a: Corviknight|53\/100 par|[from] item: Leftovers\n|-end|p2a: Corviknight|move: Taunt\n|upkeep\n|turn|15\n|\n|t:|1681832134\n|move|p2a: Corviknight|Protect|p2a: Corviknight\n|-singleturn|p2a: Corviknight|Protect\n|move|p1a: Jet|Rock Slide|p2a: Corviknight\n|-activate|p2a: Corviknight|move: Protect\n|move|p1b: Jumice|Taunt|p2a: Corviknight\n|-activate|p2a: Corviknight|move: Protect\n|\n|-heal|p2a: Corviknight|59\/100 par|[from] item: Leftovers\n|upkeep\n|turn|16\n|\n|t:|1681832145\n|move|p1a: Jet|Rock Slide|p2a: Corviknight\n|-damage|p2a: Corviknight|49\/100 par\n|move|p1b: Jumice|Taunt|p2a: Corviknight\n|-start|p2a: Corviknight|move: Taunt\n|move|p2a: Corviknight|Body Press|p1a: Jet\n|-damage|p1a: Jet|20\/100\n|\n|-heal|p2a: Corviknight|55\/100 par|[from] item: Leftovers\n|upkeep\n|turn|17\n|\n|t:|1681832173\n|move|p1a: Jet|Rock Slide|p2a: Corviknight\n|-damage|p2a: Corviknight|46\/100 par\n|move|p1b: Jumice|Waterfall|p2a: Corviknight\n|-damage|p2a: Corviknight|39\/100 par\n|move|p2a: Corviknight|Body Press|p1a: Jet\n|-damage|p1a: Jet|0 fnt\n|faint|p1a: Jet\n|-end|p1a: Jet|Protosynthesis|[silent]\n|\n|-heal|p2a: Corviknight|45\/100 par|[from] item: Leftovers\n|upkeep\n|turn|18\n|-message|ReyOscuroVLC forfeited.\n|\n|win|Barbie120\n|raw|ReyOscuroVLC's rating: 1338 → 1315<\/strong> (-23 for losing)\n|raw|Barbie120's rating: 1288 → 1317<\/strong> (+29 for winning)\n|l|\u2606ReyOscuroVLC\n","uploadtime":1681832203,"views":15,"p1id":"reyoscurovlc","p2id":"barbie120","formatid":"gen9vgc2023regulationc","rating":1315,"private":0,"password":""}