{"id":"gen9vgc2023regulationc-1849369523","p1":"Wata97","p2":"ZeeRanger","format":"[Gen 9] VGC 2023 Regulation C","log":"|j|\u2606Wata97\n|j|\u2606ZeeRanger\n|t:|1682190864\n|gametype|doubles\n|player|p1|Wata97|giovanni|1422\n|player|p2|ZeeRanger|chuck|1480\n|teamsize|p1|6\n|teamsize|p2|6\n|gen|9\n|tier|[Gen 9] VGC 2023 Regulation C\n|rated|\n|rule|Species Clause: Limit one of each Pok\u00e9mon\n|rule|Item Clause: Limit one of each item\n|clearpoke\n|poke|p1|Chi-Yu, L50|\n|poke|p1|Flutter Mane, L50|\n|poke|p1|Gholdengo, L50|\n|poke|p1|Palafin, L50, F|\n|poke|p1|Wo-Chien, L50|\n|poke|p1|Talonflame, L50, M|\n|poke|p2|Flutter Mane, L50|\n|poke|p2|Stonjourner, L50, F|\n|poke|p2|Iron Bundle, L50|\n|poke|p2|Arcanine, L50, M|\n|poke|p2|Tsareena, L50, F|\n|poke|p2|Kingambit, L50, M|\n|teampreview|4\n|inactive|Battle timer is ON: inactive players will automatically lose when time's up. (requested by Wata97)\n|inactive|ZeeRanger has 60 seconds left.\nWata97 has agreed to open team sheets.\nZeeRanger has agreed to open team sheets.\n|inactive|Wata97 has 60 seconds left.\n|\n|t:|1682190966\n|start\n|switch|p1a: Talonflame|Talonflame, L50, M|100\/100\n|switch|p1b: Chi-Yu|Chi-Yu, L50|100\/100\n|switch|p2a: Emma Stone|Stonjourner, L50, F|100\/100\n|switch|p2b: Arcanine|Arcanine, L50, M, shiny|100\/100\n|-ability|p1b: Chi-Yu|Beads of Ruin\n|-ability|p2b: Arcanine|Intimidate|boost\n|-unboost|p1a: Talonflame|atk|1\n|-unboost|p1b: Chi-Yu|atk|1\n|turn|1\n|\n|t:|1682190984\n|switch|p1a: Palafin|Palafin, L50, F|100\/100\n|-terastallize|p1b: Chi-Yu|Grass\n|move|p2b: Arcanine|Extreme Speed|p1b: Chi-Yu\n|-damage|p1b: Chi-Yu|50\/100\n|move|p1b: Chi-Yu|Tera Blast|p2a: Emma Stone\n|-supereffective|p2a: Emma Stone\n|-enditem|p2a: Emma Stone|Focus Sash\n|-damage|p2a: Emma Stone|1\/100\n|move|p2a: Emma Stone|Rock Slide|p1b: Chi-Yu|[spread] p1a,p1b\n|-damage|p1a: Palafin|66\/100\n|-damage|p1b: Chi-Yu|1\/100\n|\n|upkeep\n|turn|2\n|\n|t:|1682191009\n|detailschange|p1a: Palafin|Palafin-Hero, L50, F\n|switch|p1a: Wo-Chien|Wo-Chien, L50|100\/100\n|-ability|p1a: Wo-Chien|Tablets of Ruin\n|-terastallize|p2b: Arcanine|Grass\n|move|p1b: Chi-Yu|Protect|p1b: Chi-Yu\n|-singleturn|p1b: Chi-Yu|Protect\n|move|p2a: Emma Stone|Protect|p2a: Emma Stone\n|-singleturn|p2a: Emma Stone|Protect\n|move|p2b: Arcanine|Extreme Speed|p1b: Chi-Yu\n|-activate|p1b: Chi-Yu|move: Protect\n|\n|upkeep\n|turn|3\n|inactive|Wata97 has 30 seconds left.\n|inactive|ZeeRanger has 30 seconds left.\n|\n|t:|1682191043\n|switch|p1b: Palafin|Palafin-Hero, L50, F|66\/100\n|-activate|p1b: Palafin|ability: Zero to Hero\n|move|p2b: Arcanine|Extreme Speed|p1b: Palafin\n|-damage|p1b: Palafin|45\/100\n|move|p2a: Emma Stone|Rock Slide|p1b: Palafin|[spread] p1a,p1b\n|-damage|p1a: Wo-Chien|85\/100\n|-damage|p1b: Palafin|24\/100\n|cant|p1a: Wo-Chien|flinch\n|\n|-heal|p1a: Wo-Chien|91\/100|[from] item: Leftovers\n|upkeep\n|turn|4\n|inactive|ZeeRanger has 30 seconds left.\n|\n|t:|1682191070\n|move|p2a: Emma Stone|Protect|p2a: Emma Stone\n|-singleturn|p2a: Emma Stone|Protect\n|move|p1b: Palafin|Protect|p1b: Palafin\n|-singleturn|p1b: Palafin|Protect\n|move|p2b: Arcanine|Extreme Speed|p1b: Palafin\n|-activate|p1b: Palafin|move: Protect\n|move|p1a: Wo-Chien|Foul Play|p2b: Arcanine\n|-damage|p2b: Arcanine|48\/100\n|\n|-heal|p1a: Wo-Chien|97\/100|[from] item: Leftovers\n|upkeep\n|turn|5\n|inactive|ZeeRanger has 30 seconds left.\n|\n|t:|1682191096\n|move|p2b: Arcanine|Extreme Speed|p1b: Palafin\n|-damage|p1b: Palafin|1\/100\n|move|p1b: Palafin|Jet Punch|p2a: Emma Stone\n|-supereffective|p2a: Emma Stone\n|-damage|p2a: Emma Stone|0 fnt\n|faint|p2a: Emma Stone\n|move|p1a: Wo-Chien|Foul Play|p2b: Arcanine\n|-damage|p2b: Arcanine|0 fnt\n|faint|p2b: Arcanine\n|\n|-heal|p1a: Wo-Chien|100\/100|[from] item: Leftovers\n|upkeep\n|\n|t:|1682191110\n|switch|p2b: Hydro Chump|Iron Bundle, L50|100\/100\n|switch|p2a: UtterPain|Flutter Mane, L50|100\/100\n|-enditem|p2b: Hydro Chump|Booster Energy\n|-activate|p2b: Hydro Chump|ability: Quark Drive|[fromitem]\n|-start|p2b: Hydro Chump|quarkdrivespe\n|turn|6\n|inactive|Wata97 has 30 seconds left.\n|\n|t:|1682191147\n|move|p1b: Palafin|Jet Punch|p2a: UtterPain\n|-damage|p2a: UtterPain|26\/100\n|move|p2b: Hydro Chump|Icy Wind|p1a: Wo-Chien|[spread] p1a,p1b\n|-supereffective|p1a: Wo-Chien\n|-resisted|p1b: Palafin\n|-damage|p1a: Wo-Chien|66\/100\n|-damage|p1b: Palafin|0 fnt\n|-unboost|p1a: Wo-Chien|spe|1\n|faint|p1b: Palafin\n|move|p2a: UtterPain|Moonblast|p1a: Wo-Chien\n|-supereffective|p1a: Wo-Chien\n|-damage|p1a: Wo-Chien|0 fnt\n|faint|p1a: Wo-Chien\n|\n|upkeep\n|\n|t:|1682191159\n|switch|p1b: Chi-Yu|Chi-Yu, L50, tera:Grass|1\/100\n|switch|p1a: Talonflame|Talonflame, L50, M|100\/100\n|-ability|p1b: Chi-Yu|Beads of Ruin\n|turn|7\n|inactive|Wata97 has 30 seconds left.\n|inactive|Wata97 has 20 seconds left.\n|inactive|Wata97 has 15 seconds left.\n|\n|t:|1682191202\n|move|p1b: Chi-Yu|Protect|p1b: Chi-Yu\n|-singleturn|p1b: Chi-Yu|Protect\n|move|p1a: Talonflame|Tailwind|p1a: Talonflame\n|-sidestart|p1: Wata97|move: Tailwind\n|move|p2b: Hydro Chump|Icy Wind|p1a: Talonflame|[spread] p1a\n|-activate|p1b: Chi-Yu|move: Protect\n|-damage|p1a: Talonflame|60\/100\n|move|p2a: UtterPain|Moonblast|p1a: Talonflame\n|-resisted|p1a: Talonflame\n|-damage|p1a: Talonflame|0 fnt\n|faint|p1a: Talonflame\n|\n|upkeep\n|turn|8\n|\n|t:|1682191221\n|move|p1b: Chi-Yu|Heat Wave|p2a: UtterPain|[spread] p2a,p2b\n|-damage|p2a: UtterPain|0 fnt\n|-damage|p2b: Hydro Chump|0 fnt\n|faint|p2a: UtterPain\n|-end|p2a: UtterPain|Protosynthesis|[silent]\n|faint|p2b: Hydro Chump\n|-end|p2b: Hydro Chump|Quark Drive|[silent]\n|\n|win|Wata97\n|raw|Wata97's rating: 1422 → 1445<\/strong> (+23 for winning)\n|raw|ZeeRanger's rating: 1480 → 1457<\/strong> (-23 for losing)\n|l|\u2606ZeeRanger\n","uploadtime":1682191236,"views":9,"p1id":"wata97","p2id":"zeeranger","formatid":"gen9vgc2023regulationc","rating":1445,"private":0,"password":""}