{"id":"gen9vgc2023regulationc-1858913008","p1":"Jiak","p2":"Herewegoezagain","format":"[Gen 9] VGC 2023 Regulation C","log":"|j|\u2606Jiak\n|j|\u2606Herewegoezagain\n|t:|1683382647\n|gametype|doubles\n|player|p1|Jiak|blue|1079\n|player|p2|Herewegoezagain|ethan|1133\n|teamsize|p1|6\n|teamsize|p2|6\n|gen|9\n|tier|[Gen 9] VGC 2023 Regulation C\n|rated|\n|rule|Species Clause: Limit one of each Pok\u00e9mon\n|rule|Item Clause: Limit one of each item\n|clearpoke\n|poke|p1|Flutter Mane, L50|\n|poke|p1|Torkoal, L50, F|\n|poke|p1|Lilligant, L50, F|\n|poke|p1|Sandy Shocks, L50|\n|poke|p1|Wo-Chien, L50|\n|poke|p1|Indeedee-F, L50, F|\n|poke|p2|Indeedee-F, L50, F|\n|poke|p2|Iron Hands, L50|\n|poke|p2|Tyranitar, L50, F|\n|poke|p2|Hatterene, L50, F|\n|poke|p2|Brute Bonnet, L50|\n|poke|p2|Ting-Lu, L50|\n|teampreview|4\n|\n|t:|1683382691\n|start\n|switch|p1a: Flutter Mane|Flutter Mane, L50|100\/100\n|switch|p1b: Wo-Chien|Wo-Chien, L50|100\/100\n|switch|p2a: Indeedee|Indeedee-F, L50, F|100\/100\n|switch|p2b: Hatterene|Hatterene, L50, F|100\/100\n|-ability|p1b: Wo-Chien|Tablets of Ruin\n|-fieldstart|move: Psychic Terrain|[from] ability: Psychic Surge|[of] p2a: Indeedee\n|turn|1\n|\n|t:|1683382717\n|-end|p1a: Flutter Mane|Protosynthesis|[silent]\n|switch|p1a: Torkoal|Torkoal, L50, F, shiny|100\/100\n|-weather|SunnyDay|[from] ability: Drought|[of] p1a: Torkoal\n|move|p1b: Wo-Chien|Light Screen|p1b: Wo-Chien\n|-sidestart|p1: Jiak|move: Light Screen\n|move|p2b: Hatterene|Dazzling Gleam|p1b: Wo-Chien|[spread] p1a,p1b\n|-resisted|p1a: Torkoal\n|-supereffective|p1b: Wo-Chien\n|-damage|p1a: Torkoal|80\/100\n|-damage|p1b: Wo-Chien|57\/100\n|-damage|p2b: Hatterene|91\/100|[from] item: Life Orb\n|move|p2a: Indeedee|Trick Room|p2a: Indeedee\n|-fieldstart|move: Trick Room|[of] p2a: Indeedee\n|\n|-weather|SunnyDay|[upkeep]\n|upkeep\n|turn|2\n|\n|t:|1683382743\n|switch|p2a: Tyranitar|Tyranitar, L50, F|100\/100\n|-weather|Sandstorm|[from] ability: Sand Stream|[of] p2a: Tyranitar\n|move|p1a: Torkoal|Eruption|p2b: Hatterene|[spread] p2a,p2b\n|-resisted|p2a: Tyranitar\n|-damage|p2a: Tyranitar|87\/100\n|-damage|p2b: Hatterene|43\/100\n|move|p2b: Hatterene|Psychic|p1a: Torkoal\n|-damage|p1a: Torkoal|0 fnt\n|faint|p1a: Torkoal\n|-damage|p2b: Hatterene|34\/100|[from] item: Life Orb\n|move|p1b: Wo-Chien|Dark Pulse|p2a: Tyranitar\n|-resisted|p2a: Tyranitar\n|-crit|p2a: Tyranitar\n|-damage|p2a: Tyranitar|74\/100\n|\n|-weather|Sandstorm|[upkeep]\n|-damage|p2b: Hatterene|28\/100|[from] Sandstorm\n|-damage|p1b: Wo-Chien|51\/100|[from] Sandstorm\n|upkeep\n|\n|t:|1683382762\n|switch|p1a: Sandy Shocks|Sandy Shocks, L50|100\/100\n|turn|3\n|\n|t:|1683382791\n|-terastallize|p2a: Tyranitar|Rock\n|move|p2b: Hatterene|Psychic|p1a: Sandy Shocks\n|-damage|p1a: Sandy Shocks|39\/100\n|-damage|p2b: Hatterene|19\/100|[from] item: Life Orb\n|move|p2a: Tyranitar|Rock Slide|p1a: Sandy Shocks|[spread] p1a,p1b\n|-resisted|p1a: Sandy Shocks\n|-damage|p1a: Sandy Shocks|24\/100\n|-damage|p1b: Wo-Chien|19\/100\n|move|p1b: Wo-Chien|Dark Pulse|p2b: Hatterene\n|-damage|p2b: Hatterene|0 fnt\n|faint|p2b: Hatterene\n|move|p1a: Sandy Shocks|Earth Power|p2a: Tyranitar\n|-supereffective|p2a: Tyranitar\n|-damage|p2a: Tyranitar|16\/100\n|-enditem|p2a: Tyranitar|Weakness Policy\n|-boost|p2a: Tyranitar|atk|2|[from] item: Weakness Policy\n|-boost|p2a: Tyranitar|spa|2|[from] item: Weakness Policy\n|\n|-weather|Sandstorm|[upkeep]\n|-damage|p1b: Wo-Chien|12\/100|[from] Sandstorm\n|upkeep\n|\n|t:|1683382813\n|switch|p2b: Ting-Lu|Ting-Lu, L50|100\/100\n|-ability|p2b: Ting-Lu|Vessel of Ruin\n|turn|4\n|\n|t:|1683382839\n|move|p2a: Tyranitar|Rock Slide|p1a: Sandy Shocks|[spread] p1a,p1b\n|-resisted|p1a: Sandy Shocks\n|-damage|p1a: Sandy Shocks|0 fnt\n|-damage|p1b: Wo-Chien|0 fnt\n|faint|p1a: Sandy Shocks\n|-end|p1a: Sandy Shocks|Protosynthesis|[silent]\n|faint|p1b: Wo-Chien\n|move|p2b: Ting-Lu|Stomping Tantrum|p1: Sandy Shocks|[notarget]\n|-fail|p2b: Ting-Lu\n|\n|-weather|Sandstorm|[upkeep]\n|upkeep\n|\n|t:|1683382848\n|switch|p1b: Flutter Mane|Flutter Mane, L50|100\/100\n|turn|5\n|\n|t:|1683382858\n|move|p1b: Flutter Mane|Protect|p1b: Flutter Mane\n|-singleturn|p1b: Flutter Mane|Protect\n|move|p2a: Tyranitar|Crunch|p1b: Flutter Mane\n|-activate|p1b: Flutter Mane|move: Protect\n|move|p2b: Ting-Lu|Heavy Slam|p1b: Flutter Mane\n|-activate|p1b: Flutter Mane|move: Protect\n|\n|-weather|Sandstorm|[upkeep]\n|-damage|p1b: Flutter Mane|94\/100|[from] Sandstorm\n|-fieldend|move: Trick Room\n|-fieldend|move: Psychic Terrain\n|upkeep\n|turn|6\n|\n|t:|1683382879\n|move|p1b: Flutter Mane|Dazzling Gleam|p2a: Tyranitar|[spread] p2a,p2b\n|-supereffective|p2b: Ting-Lu\n|-damage|p2a: Tyranitar|3\/100\n|-damage|p2b: Ting-Lu|78\/100\n|move|p2b: Ting-Lu|Heavy Slam|p1b: Flutter Mane\n|-supereffective|p1b: Flutter Mane\n|-damage|p1b: Flutter Mane|0 fnt\n|faint|p1b: Flutter Mane\n|-end|p1b: Flutter Mane|Protosynthesis|[silent]\n|\n|win|Herewegoezagain\n|raw|Jiak's rating: 1079 → 1061<\/strong> (-18 for losing)\n|raw|Herewegoezagain's rating: 1133 → 1154<\/strong> (+21 for winning)\n|l|\u2606Jiak\n","uploadtime":1683382911,"views":11,"p1id":"jiak","p2id":"herewegoezagain","formatid":"gen9vgc2023regulationc","rating":1061,"private":0,"password":""}