{"id":"gen9vgc2023regulationc-1862781103","p1":"BUNDA MOLE VGC","p2":"Suzette312","format":"[Gen 9] VGC 2023 Regulation C","log":"|j|\u2606BUNDA MOLE VGC\n|j|\u2606Suzette312\n|t:|1683921253\n|gametype|doubles\n|player|p1|BUNDA MOLE VGC|bruno|1145\n|player|p2|Suzette312|pokemonranger-gen4|1076\n|teamsize|p1|6\n|teamsize|p2|6\n|gen|9\n|tier|[Gen 9] VGC 2023 Regulation C\n|rated|\n|rule|Species Clause: Limit one of each Pok\u00e9mon\n|rule|Item Clause: Limit one of each item\n|clearpoke\n|poke|p1|Chi-Yu, L50|\n|poke|p1|Torkoal, L50, M|\n|poke|p1|Jumpluff, L50, M|\n|poke|p1|Salamence, L50, F|\n|poke|p1|Indeedee-F, L50, F|\n|poke|p1|Flutter Mane, L50|\n|poke|p2|Palafin, L50, M|\n|poke|p2|Pawmot, L50, M|\n|poke|p2|Glimmora, L50, M|\n|poke|p2|Murkrow, L50, M|\n|poke|p2|Flutter Mane, L50|\n|poke|p2|Ting-Lu, L50|\n|teampreview|4\n|inactive|Battle timer is ON: inactive players will automatically lose when time's up. (requested by BUNDA MOLE VGC)\n|\n|t:|1683921282\n|start\n|switch|p1a: Indeedee|Indeedee-F, L50, F|100\/100\n|switch|p1b: Flutter Mane|Flutter Mane, L50|100\/100\n|switch|p2a: Ting-Lu|Ting-Lu, L50|100\/100\n|switch|p2b: Flutter Mane|Flutter Mane, L50|100\/100\n|-fieldstart|move: Psychic Terrain|[from] ability: Psychic Surge|[of] p1a: Indeedee\n|-enditem|p1a: Indeedee|Psychic Seed\n|-boost|p1a: Indeedee|spd|1|[from] item: Psychic Seed\n|-ability|p2a: Ting-Lu|Vessel of Ruin\n|-enditem|p2b: Flutter Mane|Booster Energy\n|-activate|p2b: Flutter Mane|ability: Protosynthesis|[fromitem]\n|-start|p2b: Flutter Mane|protosynthesisspe\n|turn|1\n|inactive|Suzette312 has 30 seconds left.\n|\n|t:|1683921312\n|-terastallize|p2a: Ting-Lu|Dark\n|move|p1a: Indeedee|Follow Me|p1a: Indeedee\n|-singleturn|p1a: Indeedee|move: Follow Me\n|move|p2b: Flutter Mane|Shadow Ball|p1a: Indeedee\n|-immune|p1a: Indeedee\n|move|p1b: Flutter Mane|Calm Mind|p1b: Flutter Mane\n|-boost|p1b: Flutter Mane|spa|1\n|-boost|p1b: Flutter Mane|spd|1\n|move|p2a: Ting-Lu|Tera Blast|p1a: Indeedee\n|-supereffective|p1a: Indeedee\n|-damage|p1a: Indeedee|3\/100\n|\n|upkeep\n|turn|2\n|inactive|Suzette312 has 30 seconds left.\n|\n|t:|1683921343\n|-terastallize|p1b: Flutter Mane|Fairy\n|move|p1a: Indeedee|Follow Me|p1a: Indeedee\n|-singleturn|p1a: Indeedee|move: Follow Me\n|move|p2b: Flutter Mane|Mystical Fire|p1a: Indeedee\n|-damage|p1a: Indeedee|0 fnt\n|faint|p1a: Indeedee\n|move|p1b: Flutter Mane|Calm Mind|p1b: Flutter Mane\n|-boost|p1b: Flutter Mane|spa|1\n|-boost|p1b: Flutter Mane|spd|1\n|move|p2a: Ting-Lu|Tera Blast|p1b: Flutter Mane\n|-resisted|p1b: Flutter Mane\n|-damage|p1b: Flutter Mane|60\/100\n|\n|upkeep\n|\n|t:|1683921356\n|switch|p1a: Jumpluff|Jumpluff, L50, M, shiny|100\/100\n|turn|3\n|\n|t:|1683921380\n|move|p1b: Flutter Mane|Protect|p1b: Flutter Mane\n|-singleturn|p1b: Flutter Mane|Protect\n|move|p2b: Flutter Mane|Mystical Fire|p1a: Jumpluff\n|-supereffective|p1a: Jumpluff\n|-damage|p1a: Jumpluff|65\/100\n|-unboost|p1a: Jumpluff|spa|1\n|move|p1a: Jumpluff|Tailwind|p1a: Jumpluff\n|-sidestart|p1: BUNDA MOLE VGC|move: Tailwind\n|move|p2a: Ting-Lu|Body Press|p1a: Jumpluff\n|-resisted|p1a: Jumpluff\n|-damage|p1a: Jumpluff|50\/100\n|\n|upkeep\n|turn|4\n|inactive|Suzette312 has 30 seconds left.\n|inactive|Suzette312 has 20 seconds left.\n|\n|t:|1683921419\n|switch|p1a: Torkoal|Torkoal, L50, M, shiny|100\/100\n|-weather|SunnyDay|[from] ability: Drought|[of] p1a: Torkoal\n|-activate|p1b: Flutter Mane|ability: Protosynthesis\n|-start|p1b: Flutter Mane|protosynthesisspa\n|move|p1b: Flutter Mane|Dazzling Gleam|p2b: Flutter Mane|[spread] p2a,p2b\n|-supereffective|p2a: Ting-Lu\n|-damage|p2a: Ting-Lu|0 fnt\n|-damage|p2b: Flutter Mane|0 fnt\n|faint|p2a: Ting-Lu\n|faint|p2b: Flutter Mane\n|-end|p2b: Flutter Mane|Protosynthesis|[silent]\n|\n|-weather|SunnyDay|[upkeep]\n|upkeep\n|\n|t:|1683921431\n|switch|p2b: Palafin|Palafin, L50, M, shiny|100\/100\n|switch|p2a: POGCHAMP|Pawmot, L50, M, shiny|100\/100\n|turn|5\n|inactive|BUNDA MOLE VGC has 30 seconds left.\n|\n|t:|1683921458\n|move|p2b: Palafin|Jet Punch|p1a: Torkoal\n|-activate|p1a: Torkoal|move: Psychic Terrain\n|move|p1b: Flutter Mane|Dazzling Gleam|p2b: Palafin|[spread] p2a,p2b\n|-supereffective|p2a: POGCHAMP\n|-enditem|p2a: POGCHAMP|Focus Sash\n|-damage|p2a: POGCHAMP|1\/100\n|-damage|p2b: Palafin|0 fnt\n|faint|p2b: Palafin\n|move|p2a: POGCHAMP|Double Shock|p1b: Flutter Mane\n|-damage|p1b: Flutter Mane|0 fnt\n|-start|p2a: POGCHAMP|typechange|???\/Fighting|[from] move: Double Shock\n|faint|p1b: Flutter Mane\n|-end|p1b: Flutter Mane|Protosynthesis|[silent]\n|move|p1a: Torkoal|Shell Smash|p1a: Torkoal\n|-unboost|p1a: Torkoal|def|1\n|-unboost|p1a: Torkoal|spd|1\n|-boost|p1a: Torkoal|atk|2\n|-boost|p1a: Torkoal|spa|2\n|-boost|p1a: Torkoal|spe|2\n|-enditem|p1a: Torkoal|White Herb\n|-clearnegativeboost|p1a: Torkoal|[silent]\n|\n|-weather|SunnyDay|[upkeep]\n|-fieldend|move: Psychic Terrain\n|upkeep\n|\n|t:|1683921466\n|switch|p1b: Jumpluff|Jumpluff, L50, M, shiny|50\/100\n|turn|6\n|\n|t:|1683921479\n|move|p1b: Jumpluff|Leaf Storm|p2a: POGCHAMP\n|-damage|p2a: POGCHAMP|0 fnt\n|-unboost|p1b: Jumpluff|spa|2\n|faint|p2a: POGCHAMP\n|\n|win|BUNDA MOLE VGC\n|raw|BUNDA MOLE VGC's rating: 1145 → 1165<\/strong> (+20 for winning)\n|raw|Suzette312's rating: 1076 → 1059<\/strong> (-17 for losing)\n|l|\u2606Suzette312\n","uploadtime":1683921489,"views":11,"p1id":"bundamolevgc","p2id":"suzette312","formatid":"gen9vgc2023regulationc","rating":1059,"private":0,"password":""}