{"id":"gen9vgc2023regulationc-1854938723","p1":"Katie Wolf","p2":"yisus2902","format":"[Gen 9] VGC 2023 Regulation C","log":"|j|\u2606Katie Wolf\n|j|\u2606yisus2902\n|t:|1682882880\n|gametype|doubles\n|player|p1|Katie Wolf|2|1109\n|player|p2|yisus2902|2|1000\n|teamsize|p1|6\n|teamsize|p2|6\n|gen|9\n|tier|[Gen 9] VGC 2023 Regulation C\n|rated|\n|rule|Species Clause: Limit one of each Pok\u00e9mon\n|rule|Item Clause: Limit one of each item\n|clearpoke\n|poke|p1|Iron Bundle, L50|\n|poke|p1|Armarouge, L50, F|\n|poke|p1|Roaring Moon, L50|\n|poke|p1|Flutter Mane, L50|\n|poke|p1|Kilowattrel, L50, F|\n|poke|p1|Iron Treads, L50|\n|poke|p2|Farigiraf, L50, F|\n|poke|p2|Garchomp, L50, M|\n|poke|p2|Amoonguss, L50, F|\n|poke|p2|Torkoal, L50, M|\n|poke|p2|Hariyama, L50, M|\n|poke|p2|Palafin, L50, M|\n|teampreview|4\n|inactive|Battle timer is ON: inactive players will automatically lose when time's up. (requested by yisus2902)\n|inactive|Katie Wolf has 60 seconds left.\n|\n|t:|1682882948\n|start\n|switch|p1a: Iron Bundle|Iron Bundle, L50|100\/100\n|switch|p1b: Iron Treads|Iron Treads, L50|100\/100\n|switch|p2a: Farigiraf|Farigiraf, L50, F|100\/100\n|switch|p2b: Hariyama|Hariyama, L50, M|100\/100\n|turn|1\n|inactive|Katie Wolf has 30 seconds left.\n|\n|t:|1682882977\n|-terastallize|p1a: Iron Bundle|Steel\n|move|p2b: Hariyama|Fake Out|p1a: Iron Bundle\n|-resisted|p1a: Iron Bundle\n|-crit|p1a: Iron Bundle\n|-damage|p1a: Iron Bundle|88\/100\n|cant|p1a: Iron Bundle|flinch\n|move|p1b: Iron Treads|Body Press|p2a: Farigiraf\n|-damage|p2a: Farigiraf|75\/100\n|move|p2a: Farigiraf|Trick Room|p2a: Farigiraf\n|-fieldstart|move: Trick Room|[of] p2a: Farigiraf\n|\n|-status|p2b: Hariyama|brn|[from] item: Flame Orb\n|upkeep\n|turn|2\n|\n|t:|1682882994\n|move|p2b: Hariyama|Close Combat|p1a: Iron Bundle\n|-supereffective|p1a: Iron Bundle\n|-damage|p1a: Iron Bundle|0 fnt\n|-unboost|p2b: Hariyama|def|1\n|-unboost|p2b: Hariyama|spd|1\n|faint|p1a: Iron Bundle\n|-end|p1a: Iron Bundle|Quark Drive|[silent]\n|move|p2a: Farigiraf|Hyper Voice|p1b: Iron Treads\n|-resisted|p1b: Iron Treads\n|-damage|p1b: Iron Treads|66\/100\n|move|p1b: Iron Treads|Iron Defense|p1b: Iron Treads\n|-boost|p1b: Iron Treads|def|2\n|\n|-heal|p1b: Iron Treads|72\/100|[from] item: Leftovers\n|-damage|p2b: Hariyama|95\/100 brn|[from] brn\n|upkeep\n|\n|t:|1682883016\n|switch|p1a: Armarouge|Armarouge, L50, F|100\/100\n|turn|3\n|inactive|Katie Wolf has 30 seconds left.\n|\n|t:|1682883045\n|move|p1a: Armarouge|Protect|p1a: Armarouge\n|-singleturn|p1a: Armarouge|Protect\n|move|p2b: Hariyama|Feint|p1a: Armarouge\n|-activate|p1a: Armarouge|move: Feint\n|-damage|p1a: Armarouge|82\/100\n|move|p2a: Farigiraf|Hyper Voice|p1b: Iron Treads|[spread] p1a,p1b\n|-resisted|p1b: Iron Treads\n|-damage|p1a: Armarouge|37\/100\n|-damage|p1b: Iron Treads|45\/100\n|move|p1b: Iron Treads|Earthquake|p2a: Farigiraf|[spread] p1a,p2a,p2b\n|-supereffective|p1a: Armarouge\n|-damage|p1a: Armarouge|0 fnt\n|-damage|p2a: Farigiraf|47\/100\n|-damage|p2b: Hariyama|46\/100 brn\n|faint|p1a: Armarouge\n|\n|-heal|p1b: Iron Treads|51\/100|[from] item: Leftovers\n|-damage|p2b: Hariyama|40\/100 brn|[from] brn\n|upkeep\n|\n|t:|1682883061\n|switch|p1a: Kilowattrel|Kilowattrel, L50, F|100\/100\n|turn|4\n|\n|t:|1682883075\n|move|p2b: Hariyama|Close Combat|p1b: Iron Treads\n|-supereffective|p1b: Iron Treads\n|-damage|p1b: Iron Treads|0 fnt\n|-unboost|p2b: Hariyama|def|1\n|-unboost|p2b: Hariyama|spd|1\n|faint|p1b: Iron Treads\n|-end|p1b: Iron Treads|Quark Drive|[silent]\n|move|p2a: Farigiraf|Hyper Voice|p1a: Kilowattrel\n|-damage|p1a: Kilowattrel|20\/100\n|move|p1a: Kilowattrel|Tailwind|p1a: Kilowattrel\n|-sidestart|p1: Katie Wolf|move: Tailwind\n|\n|-damage|p2b: Hariyama|34\/100 brn|[from] brn\n|upkeep\n|turn|5\n|-message|Katie Wolf forfeited.\n|\n|win|yisus2902\n|raw|Katie Wolf's rating: 1109 → 1076<\/strong> (-33 for losing)\n|raw|yisus2902's rating: 1000 → 1052<\/strong> (+52 for winning)\n|l|\u2606Katie Wolf\n","uploadtime":1682883104,"views":4,"p1id":"katiewolf","p2id":"yisus2902","formatid":"gen9vgc2023regulationc","rating":1052,"private":0,"password":""}