{"id":"gen9vgc2023regulationc-1847657076","p1":"Luiz Red","p2":"Felipe.Miller.V","format":"[Gen 9] VGC 2023 Regulation C","log":"|j|\u2606Luiz Red\n|j|\u2606Felipe.Miller.V\n|t:|1681988611\n|gametype|doubles\n|player|p1|Luiz Red|clown|1161\n|player|p2|Felipe.Miller.V|169|1133\n|teamsize|p1|6\n|teamsize|p2|6\n|gen|9\n|tier|[Gen 9] VGC 2023 Regulation C\n|rated|\n|rule|Species Clause: Limit one of each Pok\u00e9mon\n|rule|Item Clause: Limit one of each item\n|clearpoke\n|poke|p1|Wo-Chien, L50|\n|poke|p1|Ting-Lu, L50|\n|poke|p1|Arcanine, L50, F|\n|poke|p1|Garganacl, L50, F|\n|poke|p1|Gothitelle, L50, F|\n|poke|p1|Scream Tail, L50|\n|poke|p2|Toxapex, L50, F|\n|poke|p2|Grimmsnarl, L50, M|\n|poke|p2|Scream Tail, L50|\n|poke|p2|Tyranitar, L50, M|\n|poke|p2|Gothitelle, L50, M|\n|poke|p2|Garganacl, L50, M|\n|teampreview|4\n|\n|t:|1681988664\n|start\n|switch|p1a: Garganacl|Garganacl, L50, F|100\/100\n|switch|p1b: Gothitelle|Gothitelle, L50, F|100\/100\n|switch|p2a: Scream Tail|Scream Tail, L50, shiny|100\/100\n|switch|p2b: Grimmsnal|Grimmsnarl, L50, M|100\/100\n|-enditem|p2a: Scream Tail|Booster Energy\n|-activate|p2a: Scream Tail|ability: Protosynthesis|[fromitem]\n|-start|p2a: Scream Tail|protosynthesisspe\n|turn|1\n|\n|t:|1681988693\n|move|p1b: Gothitelle|Fake Out|p2a: Scream Tail\n|-crit|p2a: Scream Tail\n|-damage|p2a: Scream Tail|94\/100\n|move|p2b: Grimmsnal|Sucker Punch||[still]\n|-fail|p2b: Grimmsnal\n|cant|p2a: Scream Tail|flinch\n|move|p1a: Garganacl|Salt Cure|p2a: Scream Tail\n|-damage|p2a: Scream Tail|83\/100\n|-start|p2a: Scream Tail|Salt Cure\n|\n|-damage|p2a: Scream Tail|71\/100|[from] Salt Cure\n|upkeep\n|turn|2\n|\n|t:|1681988723\n|move|p1a: Garganacl|Protect|p1a: Garganacl\n|-singleturn|p1a: Garganacl|Protect\n|move|p2b: Grimmsnal|Parting Shot|p1a: Garganacl\n|-activate|p1a: Garganacl|move: Protect\n|move|p2a: Scream Tail|Perish Song|p2a: Scream Tail\n|-start|p1a: Garganacl|perish3|[silent]\n|-start|p1b: Gothitelle|perish3|[silent]\n|-start|p2a: Scream Tail|perish3|[silent]\n|-start|p2b: Grimmsnal|perish3|[silent]\n|-fieldactivate|move: Perish Song\n|move|p1b: Gothitelle|Trick Room|p1b: Gothitelle\n|-fieldstart|move: Trick Room|[of] p1b: Gothitelle\n|\n|-damage|p2a: Scream Tail|59\/100|[from] Salt Cure\n|-start|p1a: Garganacl|perish3\n|-start|p2b: Grimmsnal|perish3\n|-start|p1b: Gothitelle|perish3\n|-start|p2a: Scream Tail|perish3\n|upkeep\n|turn|3\n|\n|t:|1681988767\n|move|p2b: Grimmsnal|Parting Shot|p1b: Gothitelle\n|-unboost|p1b: Gothitelle|atk|1\n|-unboost|p1b: Gothitelle|spa|1\n|\n|t:|1681988779\n|switch|p2b: Gothitelle|Gothitelle, L50, M|100\/100|[from] Parting Shot\n|move|p1a: Garganacl|Salt Cure|p2b: Gothitelle\n|-damage|p2b: Gothitelle|85\/100\n|-start|p2b: Gothitelle|Salt Cure\n|move|p1b: Gothitelle|Psychic|p2a: Scream Tail\n|-resisted|p2a: Scream Tail\n|-damage|p2a: Scream Tail|52\/100\n|-unboost|p2a: Scream Tail|spd|1\n|move|p2a: Scream Tail|Perish Song|p2a: Scream Tail\n|-start|p2b: Gothitelle|perish3|[silent]\n|-fieldactivate|move: Perish Song\n|\n|-damage|p2b: Gothitelle|73\/100|[from] Salt Cure\n|-damage|p2a: Scream Tail|40\/100|[from] Salt Cure\n|-start|p1a: Garganacl|perish2\n|-start|p2b: Gothitelle|perish3\n|-start|p1b: Gothitelle|perish2\n|-start|p2a: Scream Tail|perish2\n|upkeep\n|turn|4\n|\n|t:|1681988825\n|switch|p1b: Wo-Chien|Wo-Chien, L50|100\/100\n|-ability|p1b: Wo-Chien|Tablets of Ruin\n|-terastallize|p1a: Garganacl|Ghost\n|move|p2b: Gothitelle|Fake Out|p1a: Garganacl\n|-immune|p1a: Garganacl\n|move|p1a: Garganacl|Salt Cure|p2a: Scream Tail\n|-damage|p2a: Scream Tail|32\/100\n|move|p2a: Scream Tail|Reflect|p2a: Scream Tail\n|-sidestart|p2: Felipe.Miller.V|Reflect\n|\n|-damage|p2b: Gothitelle|61\/100|[from] Salt Cure\n|-damage|p2a: Scream Tail|20\/100|[from] Salt Cure\n|-start|p1a: Garganacl|perish1\n|-start|p2b: Gothitelle|perish2\n|-start|p2a: Scream Tail|perish1\n|upkeep\n|turn|5\n|\n|t:|1681988862\n|switch|p1a: Gothitelle|Gothitelle, L50, F|100\/100\n|switch|p2b: Toxapex|Toxapex, L50, F|100\/100\n|-end|p2a: Scream Tail|Protosynthesis|[silent]\n|switch|p2a: Grimmsnal|Grimmsnarl, L50, M|100\/100\n|move|p1b: Wo-Chien|Leech Seed|p2b: Toxapex\n|-start|p2b: Toxapex|move: Leech Seed\n|\n|-damage|p2b: Toxapex|88\/100|[from] Leech Seed|[of] p1b: Wo-Chien\n|upkeep\n|turn|6\n|\n|t:|1681988891\n|move|p1a: Gothitelle|Fake Out|p2a: Grimmsnal\n|-damage|p2a: Grimmsnal|96\/100\n|move|p2b: Toxapex|Infestation|p1b: Wo-Chien\n|-supereffective|p1b: Wo-Chien\n|-damage|p1b: Wo-Chien|92\/100\n|-activate|p1b: Wo-Chien|move: Infestation|[of] p2b: Toxapex\n|cant|p2a: Grimmsnal|flinch\n|move|p1b: Wo-Chien|Ruination|p2b: Toxapex\n|-damage|p2b: Toxapex|44\/100\n|\n|-heal|p2b: Toxapex|50\/100|[from] item: Black Sludge\n|-heal|p1b: Wo-Chien|98\/100|[from] item: Leftovers\n|-damage|p2b: Toxapex|38\/100|[from] Leech Seed|[of] p1b: Wo-Chien\n|-heal|p1b: Wo-Chien|100\/100|[silent]\n|-damage|p1b: Wo-Chien|88\/100|[from] move: Infestation|[partiallytrapped]\n|-fieldend|move: Trick Room\n|upkeep\n|turn|7\n|\n|t:|1681988936\n|move|p2a: Grimmsnal|Sucker Punch|p1a: Gothitelle\n|-supereffective|p1a: Gothitelle\n|-damage|p1a: Gothitelle|42\/100\n|move|p1b: Wo-Chien|Leech Seed|p2a: Grimmsnal\n|-start|p2a: Grimmsnal|move: Leech Seed\n|move|p1a: Gothitelle|Psychic|p2b: Toxapex\n|-supereffective|p2b: Toxapex\n|-damage|p2b: Toxapex|0 fnt\n|faint|p2b: Toxapex\n|\n|-heal|p1b: Wo-Chien|94\/100|[from] item: Leftovers\n|-damage|p2a: Grimmsnal|84\/100|[from] Leech Seed|[of] p1b: Wo-Chien\n|-heal|p1b: Wo-Chien|100\/100|[silent]\n|-end|p1b: Wo-Chien|Infestation|[partiallytrapped]|[silent]\n|upkeep\n|\n|t:|1681988953\n|switch|p2b: Gothitelle|Gothitelle, L50, M|61\/100\n|turn|8\n|inactive|Battle timer is ON: inactive players will automatically lose when time's up. (requested by Luiz Red)\n|inactive|Felipe.Miller.V has 60 seconds left.\n|inactive|Felipe.Miller.V has 30 seconds left.\n|inactive|Felipe.Miller.V has 20 seconds left.\n|inactive|Felipe.Miller.V has 15 seconds left.\n|inactive|Felipe.Miller.V has 10 seconds left.\n|inactive|Felipe.Miller.V has 5 seconds left.\n|\n|t:|1681989163\n|switch|p1a: Scream Tail|Scream Tail, L50|100\/100\n|move|p2b: Gothitelle|Fake Out|p1b: Wo-Chien\n|-damage|p1b: Wo-Chien|98\/100\n|move|p2a: Grimmsnal|Fake Out||[still]\n|-hint|Fake Out only works on your first turn out.\n|-fail|p2a: Grimmsnal\n|cant|p1b: Wo-Chien|flinch\n|\n|-heal|p1b: Wo-Chien|100\/100|[from] item: Leftovers\n|-damage|p2a: Grimmsnal|72\/100|[from] Leech Seed|[of] p1b: Wo-Chien\n|-sideend|p2: Felipe.Miller.V|Reflect\n|upkeep\n|turn|9\n|inactive|Luiz Red has 30 seconds left.\n|inactive|Felipe.Miller.V has 30 seconds left.\n|inactive|Felipe.Miller.V has 20 seconds left.\n|inactive|Felipe.Miller.V has 15 seconds left.\n|inactive|Felipe.Miller.V has 10 seconds left.\n|inactive|Felipe.Miller.V has 5 seconds left.\n|\n|t:|1681989218\n|move|p2b: Gothitelle|Fake Out||[still]\n|-hint|Fake Out only works on your first turn out.\n|-fail|p2b: Gothitelle\n|move|p2a: Grimmsnal|Fake Out||[still]\n|-hint|Fake Out only works on your first turn out.\n|-fail|p2a: Grimmsnal\n|move|p1a: Scream Tail|Play Rough|p2a: Grimmsnal\n|-supereffective|p2a: Grimmsnal\n|-damage|p2a: Grimmsnal|19\/100\n|move|p1b: Wo-Chien|Ruination|p2a: Grimmsnal\n|-damage|p2a: Grimmsnal|10\/100\n|\n|-damage|p2a: Grimmsnal|0 fnt|[from] Leech Seed|[of] p1b: Wo-Chien\n|faint|p2a: Grimmsnal\n|upkeep\n|inactive|Felipe.Miller.V has 30 seconds left.\n|inactive|Felipe.Miller.V has 20 seconds left.\n|inactive|Felipe.Miller.V has 15 seconds left.\n|inactive|Felipe.Miller.V has 10 seconds left.\n|inactive|Felipe.Miller.V has 5 seconds left.\n|\n|t:|1681989273\n|switch|p2a: Scream Tail|Scream Tail, L50, shiny|20\/100\n|turn|10\n|inactive|Luiz Red has 30 seconds left.\n|inactive|Felipe.Miller.V has 30 seconds left.\n|inactive|Luiz Red has 20 seconds left.\n|inactive|Felipe.Miller.V has 20 seconds left.\n|inactive|Luiz Red has 15 seconds left.\n|inactive|Felipe.Miller.V has 15 seconds left.\n|inactive|Felipe.Miller.V has 10 seconds left.\n|inactive|Felipe.Miller.V has 5 seconds left.\n|\n|t:|1681989328\n|move|p2b: Gothitelle|Fake Out||[still]\n|-hint|Fake Out only works on your first turn out.\n|-fail|p2b: Gothitelle\n|move|p1a: Scream Tail|Play Rough|p2a: Scream Tail\n|-damage|p2a: Scream Tail|5\/100\n|move|p2a: Scream Tail|Misty Terrain|p2a: Scream Tail\n|-fieldstart|move: Misty Terrain\n|move|p1b: Wo-Chien|Leech Seed|p2b: Gothitelle\n|-start|p2b: Gothitelle|move: Leech Seed\n|\n|-damage|p2b: Gothitelle|48\/100|[from] Leech Seed|[of] p1b: Wo-Chien\n|upkeep\n|turn|11\n|inactive|Felipe.Miller.V has 30 seconds left.\n|inactive|Felipe.Miller.V has 20 seconds left.\n|inactive|Felipe.Miller.V has 15 seconds left.\n|inactive|Felipe.Miller.V has 10 seconds left.\n|inactive|Felipe.Miller.V has 5 seconds left.\n|\n|t:|1681989383\n|move|p2b: Gothitelle|Fake Out||[still]\n|-hint|Fake Out only works on your first turn out.\n|-fail|p2b: Gothitelle\n|move|p1a: Scream Tail|Play Rough|p2b: Gothitelle\n|-damage|p2b: Gothitelle|31\/100\n|move|p2a: Scream Tail|Misty Terrain||[still]\n|-fail|p2a: Scream Tail\n|move|p1b: Wo-Chien|Pollen Puff|p2a: Scream Tail\n|-damage|p2a: Scream Tail|0 fnt\n|faint|p2a: Scream Tail\n|-end|p2a: Scream Tail|Protosynthesis|[silent]\n|\n|-damage|p2b: Gothitelle|19\/100|[from] Leech Seed|[of] p1b: Wo-Chien\n|upkeep\n|turn|12\n|inactive|Felipe.Miller.V has 30 seconds left.\n|inactive|Felipe.Miller.V has 20 seconds left.\n|inactive|Felipe.Miller.V has 15 seconds left.\n|inactive|Felipe.Miller.V has 10 seconds left.\n|inactive|Felipe.Miller.V has 5 seconds left.\n|\n|t:|1681989438\n|move|p2b: Gothitelle|Fake Out||[still]\n|-hint|Fake Out only works on your first turn out.\n|-fail|p2b: Gothitelle\n|move|p1a: Scream Tail|Perish Song|p1a: Scream Tail\n|-start|p1a: Scream Tail|perish3|[silent]\n|-start|p1b: Wo-Chien|perish3|[silent]\n|-start|p2b: Gothitelle|perish3|[silent]\n|-fieldactivate|move: Perish Song\n|move|p1b: Wo-Chien|Pollen Puff|p2b: Gothitelle\n|-supereffective|p2b: Gothitelle\n|-damage|p2b: Gothitelle|0 fnt\n|faint|p2b: Gothitelle\n|\n|win|Luiz Red\n|raw|Luiz Red's rating: 1161 → 1184<\/strong> (+23 for winning)\n|raw|Felipe.Miller.V's rating: 1133 → 1110<\/strong> (-23 for losing)\n","uploadtime":1681989542,"views":13,"p1id":"luizred","p2id":"felipemillerv","formatid":"gen9vgc2023regulationc","rating":1110,"private":0,"password":""}