{"id":"gen9vgc2023regulationc-1856055146","p1":"Susforeal","p2":"ascoi","format":"[Gen 9] VGC 2023 Regulation C","log":"|j|\u2606Susforeal\n|j|\u2606ascoi\n|t:|1683024012\n|gametype|doubles\n|player|p1|Susforeal|1|1055\n|player|p2|ascoi|swimmer|1145\n|teamsize|p1|6\n|teamsize|p2|6\n|gen|9\n|tier|[Gen 9] VGC 2023 Regulation C\n|rated|\n|rule|Species Clause: Limit one of each Pok\u00e9mon\n|rule|Item Clause: Limit one of each item\n|clearpoke\n|poke|p1|Torkoal, L50, M|\n|poke|p1|Great Tusk, L50|\n|poke|p1|Kingambit, L50, M|\n|poke|p1|Jumpluff, L50, M|\n|poke|p1|Chien-Pao, L50|\n|poke|p1|Flutter Mane, L50|\n|poke|p2|Glimmora, L50, M|\n|poke|p2|Flutter Mane, L50|\n|poke|p2|Skeledirge, L50, M|\n|poke|p2|Gyarados, L50, F|\n|poke|p2|Scream Tail, L50|\n|poke|p2|Rotom-Wash, L50|\n|teampreview|4\n|\n|t:|1683024064\n|start\n|switch|p1a: Kingambit|Kingambit, L50, M, shiny|100\/100\n|switch|p1b: Torkoal|Torkoal, L50, M|100\/100\n|switch|p2a: Glimmora|Glimmora, L50, M|100\/100\n|switch|p2b: Gyarados|Gyarados, L50, F|100\/100\n|-ability|p2b: Gyarados|Intimidate|boost\n|-unboost|p1a: Kingambit|atk|1\n|-ability|p1a: Kingambit|Defiant|boost\n|-boost|p1a: Kingambit|atk|2\n|-unboost|p1b: Torkoal|atk|1\n|-enditem|p1b: Torkoal|Eject Pack\n|\n|t:|1683024073\n|switch|p1b: Chien-Pao|Chien-Pao, L50|100\/100\n|-ability|p1b: Chien-Pao|Sword of Ruin\n|turn|1\n|\n|t:|1683024105\n|move|p1b: Chien-Pao|Ice Spinner|p2a: Glimmora\n|-damage|p2a: Glimmora|57\/100\n|move|p2b: Gyarados|Waterfall|p1b: Chien-Pao\n|-damage|p1b: Chien-Pao|52\/100\n|move|p2a: Glimmora|Mortal Spin|p1a: Kingambit|[spread] p1b\n|-immune|p1a: Kingambit\n|-damage|p1b: Chien-Pao|46\/100\n|-status|p1b: Chien-Pao|psn\n|move|p1a: Kingambit|Kowtow Cleave|p2b: Gyarados\n|-damage|p2b: Gyarados|0 fnt\n|faint|p2b: Gyarados\n|\n|-damage|p1b: Chien-Pao|34\/100 psn|[from] psn\n|upkeep\n|\n|t:|1683024127\n|switch|p2b: Skeledirge|Skeledirge, L50, M|100\/100\n|turn|2\n|\n|t:|1683024147\n|-terastallize|p1a: Kingambit|Fire\n|move|p1b: Chien-Pao|Protect|p1b: Chien-Pao\n|-singleturn|p1b: Chien-Pao|Protect\n|move|p2b: Skeledirge|Protect|p2b: Skeledirge\n|-singleturn|p2b: Skeledirge|Protect\n|move|p2a: Glimmora|Toxic Spikes|p1a: Kingambit\n|-sidestart|p1: Susforeal|move: Toxic Spikes\n|move|p1a: Kingambit|Iron Head|p2b: Skeledirge\n|-activate|p2b: Skeledirge|move: Protect\n|\n|-damage|p1b: Chien-Pao|22\/100 psn|[from] psn\n|upkeep\n|turn|3\n|\n|t:|1683024200\n|-terastallize|p2b: Skeledirge|Water\n|move|p1b: Chien-Pao|Taunt|p2a: Glimmora\n|-start|p2a: Glimmora|move: Taunt\n|move|p2a: Glimmora|Power Gem|p1a: Kingambit\n|-supereffective|p1a: Kingambit\n|-damage|p1a: Kingambit|52\/100\n|move|p2b: Skeledirge|Torch Song|p1b: Chien-Pao\n|-supereffective|p1b: Chien-Pao\n|-damage|p1b: Chien-Pao|0 fnt\n|-boost|p2b: Skeledirge|spa|1\n|faint|p1b: Chien-Pao\n|-damage|p2b: Skeledirge|91\/100|[from] item: Life Orb\n|move|p1a: Kingambit|Iron Head|p2b: Skeledirge\n|-resisted|p2b: Skeledirge\n|-damage|p2b: Skeledirge|69\/100\n|\n|upkeep\n|\n|t:|1683024230\n|switch|p1b: Torkoal|Torkoal, L50, M|100\/100\n|-status|p1b: Torkoal|psn\n|-weather|SunnyDay|[from] ability: Drought|[of] p1b: Torkoal\n|turn|4\n|\n|t:|1683024248\n|move|p1b: Torkoal|Helping Hand|p1a: Kingambit\n|-singleturn|p1a: Kingambit|Helping Hand|[of] p1b: Torkoal\n|move|p1a: Kingambit|Sucker Punch|p2a: Glimmora\n|-damage|p2a: Glimmora|0 fnt\n|faint|p2a: Glimmora\n|move|p2b: Skeledirge|Tera Blast|p1a: Kingambit\n|-supereffective|p1a: Kingambit\n|-damage|p1a: Kingambit|2\/100\n|-damage|p2b: Skeledirge|59\/100|[from] item: Life Orb\n|\n|-weather|SunnyDay|[upkeep]\n|-damage|p1b: Torkoal|88\/100 psn|[from] psn\n|upkeep\n|\n|t:|1683024259\n|switch|p2a: Flutter Mane|Flutter Mane, L50|100\/100\n|-activate|p2a: Flutter Mane|ability: Protosynthesis\n|-start|p2a: Flutter Mane|protosynthesisspa\n|turn|5\n|\n|t:|1683024304\n|move|p1a: Kingambit|Sucker Punch||[still]\n|-fail|p1a: Kingambit\n|move|p2a: Flutter Mane|Substitute|p2a: Flutter Mane\n|-start|p2a: Flutter Mane|Substitute\n|-damage|p2a: Flutter Mane|76\/100\n|move|p2b: Skeledirge|Hex|p1b: Torkoal\n|-damage|p1b: Torkoal|0 fnt\n|faint|p1b: Torkoal\n|-damage|p2b: Skeledirge|49\/100|[from] item: Life Orb\n|\n|-weather|SunnyDay|[upkeep]\n|-heal|p2a: Flutter Mane|82\/100|[from] item: Leftovers\n|upkeep\n|\n|t:|1683024317\n|switch|p1b: Great Tusk|Great Tusk, L50|100\/100\n|-status|p1b: Great Tusk|psn\n|-activate|p1b: Great Tusk|ability: Protosynthesis\n|-start|p1b: Great Tusk|protosynthesisatk\n|turn|6\n|\n|t:|1683024340\n|move|p1a: Kingambit|Sucker Punch|p2b: Skeledirge\n|-damage|p2b: Skeledirge|10\/100\n|move|p1b: Great Tusk|Rock Slide|p2b: Skeledirge|[spread] \n|-miss|p1b: Great Tusk|p2a: Flutter Mane\n|-miss|p1b: Great Tusk|p2b: Skeledirge\n|move|p2a: Flutter Mane|Dazzling Gleam|p1a: Kingambit|[spread] p1a,p1b\n|-resisted|p1a: Kingambit\n|-supereffective|p1b: Great Tusk\n|-damage|p1a: Kingambit|0 fnt\n|-damage|p1b: Great Tusk|0 fnt\n|faint|p1a: Kingambit\n|faint|p1b: Great Tusk\n|-end|p1b: Great Tusk|Protosynthesis|[silent]\n|\n|win|ascoi\n|raw|Susforeal's rating: 1055 → 1041<\/strong> (-14 for losing)\n|raw|ascoi's rating: 1145 → 1164<\/strong> (+19 for winning)\n|l|\u2606Susforeal\n","uploadtime":1683024394,"views":7,"p1id":"susforeal","p2id":"ascoi","formatid":"gen9vgc2023regulationc","rating":1041,"private":0,"password":""}