{"id":"gen9vgc2023regulationc-1846583039","p1":"fgdtfs","p2":"aj90h","format":"[Gen 9] VGC 2023 Regulation C","log":"|j|\u2606fgdtfs\n|j|\u2606aj90h\n|t:|1681854049\n|gametype|doubles\n|player|p1|fgdtfs|170|1043\n|player|p2|aj90h|102|1000\n|teamsize|p1|6\n|teamsize|p2|6\n|gen|9\n|tier|[Gen 9] VGC 2023 Regulation C\n|rated|\n|rule|Species Clause: Limit one of each Pok\u00e9mon\n|rule|Item Clause: Limit one of each item\n|clearpoke\n|poke|p1|Torkoal, L50, F|\n|poke|p1|Chi-Yu, L50|\n|poke|p1|Bronzong, L50|\n|poke|p1|Gastrodon, L50, M|\n|poke|p1|Grimmsnarl, L50, M|\n|poke|p1|Skeledirge, L50, F|\n|poke|p2|Chi-Yu, L50|\n|poke|p2|Dachsbun, L50, M|\n|poke|p2|Dragonite, L50, F|\n|poke|p2|Flutter Mane, L50|\n|poke|p2|Azumarill, L50, M|\n|poke|p2|Chien-Pao, L50|\n|teampreview|4\n|inactive|Battle timer is ON: inactive players will automatically lose when time's up. (requested by fgdtfs)\n|\n|t:|1681854096\n|start\n|switch|p1a: Grimmsnarl|Grimmsnarl, L50, M|100\/100\n|switch|p1b: Gastrodon|Gastrodon, L50, M|100\/100\n|switch|p2a: Dachsbun|Dachsbun, L50, M|100\/100\n|switch|p2b: Chi-Yu|Chi-Yu, L50|100\/100\n|-ability|p2b: Chi-Yu|Beads of Ruin\n|turn|1\n|inactive|aj90h has 30 seconds left.\n|inactive|aj90h has 20 seconds left.\n|\n|t:|1681854135\n|move|p1b: Gastrodon|Protect|p1b: Gastrodon\n|-singleturn|p1b: Gastrodon|Protect\n|move|p1a: Grimmsnarl|Trick|p2a: Dachsbun\n|-activate|p1a: Grimmsnarl|move: Trick|[of] p2a: Dachsbun\n|-item|p2a: Dachsbun|Lagging Tail|[from] move: Trick\n|-item|p1a: Grimmsnarl|Leftovers|[from] move: Trick\n|move|p2b: Chi-Yu|Lava Plume|p1b: Gastrodon|[spread] p1a\n|-activate|p1b: Gastrodon|move: Protect\n|-ability|p2a: Dachsbun|Well-Baked Body|boost\n|-boost|p2a: Dachsbun|def|2\n|-damage|p1a: Grimmsnarl|52\/100\n|-status|p1a: Grimmsnarl|brn\n|move|p2a: Dachsbun|Body Press|p1a: Grimmsnarl\n|-damage|p1a: Grimmsnarl|6\/100 brn\n|\n|-heal|p1a: Grimmsnarl|11\/100 brn|[from] item: Leftovers\n|-damage|p1a: Grimmsnarl|6\/100 brn|[from] brn\n|upkeep\n|turn|2\n|\n|t:|1681854155\n|switch|p1a: Skeledirge|Skeledirge, L50, F|100\/100\n|move|p2b: Chi-Yu|Lava Plume|p1a: Skeledirge|[spread] p1a,p1b\n|-ability|p2a: Dachsbun|Well-Baked Body|boost\n|-boost|p2a: Dachsbun|def|2\n|-resisted|p1a: Skeledirge\n|-resisted|p1b: Gastrodon\n|-damage|p1a: Skeledirge|79\/100\n|-damage|p1b: Gastrodon|84\/100\n|move|p1b: Gastrodon|Earth Power|p2b: Chi-Yu\n|-supereffective|p2b: Chi-Yu\n|-damage|p2b: Chi-Yu|17\/100\n|move|p2a: Dachsbun|Body Press|p1b: Gastrodon\n|-damage|p1b: Gastrodon|16\/100\n|\n|-heal|p1a: Skeledirge|85\/100|[from] item: Leftovers\n|upkeep\n|turn|3\n|\n|t:|1681854181\n|switch|p2b: Dragonite|Dragonite, L50, F|100\/100\n|move|p1a: Skeledirge|Protect|p1a: Skeledirge\n|-singleturn|p1a: Skeledirge|Protect\n|move|p1b: Gastrodon|Sludge Bomb|p2a: Dachsbun\n|-supereffective|p2a: Dachsbun\n|-damage|p2a: Dachsbun|57\/100\n|move|p2a: Dachsbun|Body Press|p1b: Gastrodon\n|-damage|p1b: Gastrodon|0 fnt\n|faint|p1b: Gastrodon\n|\n|-heal|p1a: Skeledirge|90\/100|[from] item: Leftovers\n|upkeep\n|\n|t:|1681854192\n|switch|p1b: Grimmsnarl|Grimmsnarl, L50, M|6\/100 brn\n|turn|4\n|\n|t:|1681854207\n|move|p1b: Grimmsnarl|Fake Out|p2b: Dragonite\n|-damage|p2b: Dragonite|97\/100\n|cant|p2b: Dragonite|flinch\n|move|p1a: Skeledirge|Encore|p2a: Dachsbun\n|-start|p2a: Dachsbun|Encore\n|move|p2a: Dachsbun|Body Press|p1a: Skeledirge\n|-immune|p1a: Skeledirge\n|\n|-heal|p1a: Skeledirge|96\/100|[from] item: Leftovers\n|-heal|p1b: Grimmsnarl|11\/100 brn|[from] item: Leftovers\n|-damage|p1b: Grimmsnarl|6\/100 brn|[from] brn\n|upkeep\n|turn|5\n|inactive|aj90h has 30 seconds left.\n|\n|t:|1681854236\n|switch|p2a: Chien-Pao|Chien-Pao, L50|100\/100\n|-ability|p2a: Chien-Pao|Sword of Ruin\n|switch|p1b: Bronzong|Bronzong, L50|100\/100\n|move|p1a: Skeledirge|Protect|p1a: Skeledirge\n|-singleturn|p1a: Skeledirge|Protect\n|move|p2b: Dragonite|Extreme Speed|p1b: Bronzong\n|-resisted|p1b: Bronzong\n|-damage|p1b: Bronzong|85\/100\n|\n|-heal|p1a: Skeledirge|100\/100|[from] item: Leftovers\n|upkeep\n|turn|6\n|inactive|aj90h has 30 seconds left.\n|\n|t:|1681854263\n|switch|p1a: Grimmsnarl|Grimmsnarl, L50, M|6\/100 brn\n|-terastallize|p2b: Dragonite|Flying\n|move|p2a: Chien-Pao|Throat Chop|p1a: Grimmsnarl\n|-resisted|p1a: Grimmsnarl\n|-damage|p1a: Grimmsnarl|0 fnt\n|faint|p1a: Grimmsnarl\n|move|p2b: Dragonite|Tera Blast|p1b: Bronzong\n|-resisted|p1b: Bronzong\n|-damage|p1b: Bronzong|54\/100\n|move|p1b: Bronzong|Trick Room|p1b: Bronzong\n|-fieldstart|move: Trick Room|[of] p1b: Bronzong\n|\n|upkeep\n|\n|t:|1681854273\n|switch|p1a: Skeledirge|Skeledirge, L50, F|100\/100\n|turn|7\n|\n|t:|1681854290\n|-terastallize|p1a: Skeledirge|Fairy\n|move|p2a: Chien-Pao|Protect|p2a: Chien-Pao\n|-singleturn|p2a: Chien-Pao|Protect\n|move|p1b: Bronzong|Iron Head|p2b: Dragonite\n|-damage|p2b: Dragonite|62\/100\n|move|p1a: Skeledirge|Torch Song|p2b: Dragonite\n|-damage|p2b: Dragonite|23\/100\n|-boost|p1a: Skeledirge|spa|1\n|cant|p2b: Dragonite|flinch\n|\n|upkeep\n|turn|8\n|\n|t:|1681854312\n|move|p2b: Dragonite|Extreme Speed|p1a: Skeledirge\n|-damage|p1a: Skeledirge|64\/100\n|move|p1b: Bronzong|Iron Head|p2b: Dragonite\n|-damage|p2b: Dragonite|0 fnt\n|faint|p2b: Dragonite\n|move|p1a: Skeledirge|Encore|p2a: Chien-Pao\n|-start|p2a: Chien-Pao|Encore\n|move|p2a: Chien-Pao|Protect||[still]\n|-fail|p2a: Chien-Pao\n|\n|-heal|p1a: Skeledirge|70\/100|[from] item: Leftovers\n|upkeep\n|\n|t:|1681854334\n|switch|p2b: Dachsbun|Dachsbun, L50, M|57\/100\n|turn|9\n|\n|t:|1681854345\n|switch|p2a: Chi-Yu|Chi-Yu, L50|17\/100\n|-ability|p2a: Chi-Yu|Beads of Ruin\n|move|p1b: Bronzong|Iron Head|p2b: Dachsbun\n|-supereffective|p2b: Dachsbun\n|-damage|p2b: Dachsbun|9\/100\n|move|p1a: Skeledirge|Torch Song|p2a: Chi-Yu\n|-resisted|p2a: Chi-Yu\n|-damage|p2a: Chi-Yu|0 fnt\n|-boost|p1a: Skeledirge|spa|1\n|faint|p2a: Chi-Yu\n|move|p2b: Dachsbun|Wish|p2b: Dachsbun\n|\n|-heal|p1a: Skeledirge|76\/100|[from] item: Leftovers\n|upkeep\n|\n|t:|1681854359\n|switch|p2a: Chien-Pao|Chien-Pao, L50|100\/100\n|-ability|p2a: Chien-Pao|Sword of Ruin\n|turn|10\n|\n|t:|1681854369\n|move|p2a: Chien-Pao|Protect|p2a: Chien-Pao\n|-singleturn|p2a: Chien-Pao|Protect\n|move|p2b: Dachsbun|Protect|p2b: Dachsbun\n|-singleturn|p2b: Dachsbun|Protect\n|move|p1b: Bronzong|Body Press|p2a: Chien-Pao\n|-activate|p2a: Chien-Pao|move: Protect\n|move|p1a: Skeledirge|Encore|p2b: Dachsbun\n|-activate|p2b: Dachsbun|move: Protect\n|\n|-heal|p2b: Dachsbun|59\/100|[from] move: Wish|[wisher] Dachsbun\n|-heal|p1a: Skeledirge|82\/100|[from] item: Leftovers\n|-fieldend|move: Trick Room\n|upkeep\n|turn|11\n|inactive|aj90h has 30 seconds left.\n|\n|t:|1681854396\n|move|p2a: Chien-Pao|Ice Spinner|p1a: Skeledirge\n|-damage|p1a: Skeledirge|36\/100\n|move|p1a: Skeledirge|Encore|p2b: Dachsbun\n|-start|p2b: Dachsbun|Encore\n|move|p2b: Dachsbun|Protect|p2b: Dachsbun\n|-singleturn|p2b: Dachsbun|Protect\n|move|p1b: Bronzong|Trick Room|p1b: Bronzong\n|-fieldstart|move: Trick Room|[of] p1b: Bronzong\n|\n|-heal|p1a: Skeledirge|42\/100|[from] item: Leftovers\n|upkeep\n|turn|12\n|\n|t:|1681854409\n|move|p2b: Dachsbun|Protect||[still]\n|-fail|p2b: Dachsbun\n|move|p1b: Bronzong|Body Press|p2a: Chien-Pao\n|-supereffective|p2a: Chien-Pao\n|-enditem|p2a: Chien-Pao|Focus Sash\n|-damage|p2a: Chien-Pao|1\/100\n|move|p1a: Skeledirge|Torch Song|p2a: Chien-Pao\n|-supereffective|p2a: Chien-Pao\n|-damage|p2a: Chien-Pao|0 fnt\n|-boost|p1a: Skeledirge|spa|1\n|faint|p2a: Chien-Pao\n|\n|-heal|p1a: Skeledirge|48\/100|[from] item: Leftovers\n|upkeep\n|turn|13\n|-message|aj90h forfeited.\n|\n|win|fgdtfs\n|raw|fgdtfs's rating: 1043 → 1072<\/strong> (+29 for winning)\n|raw|aj90h's rating: 1000 → 1000<\/strong> (+0 for losing)\n|l|\u2606aj90h\n","uploadtime":1681854426,"views":14,"p1id":"fgdtfs","p2id":"aj90h","formatid":"gen9vgc2023regulationc","rating":1000,"private":0,"password":""}