{"id":"gen9vgc2023regulationc-1856397967","p1":"gianniking","p2":"Megamuflon","format":"[Gen 9] VGC 2023 Regulation C","log":"|j|\u2606gianniking\n|j|\u2606Megamuflon\n|t:|1683057587\n|gametype|doubles\n|player|p1|gianniking|266|1290\n|player|p2|Megamuflon|policeman-gen4|1248\n|teamsize|p1|6\n|teamsize|p2|6\n|gen|9\n|tier|[Gen 9] VGC 2023 Regulation C\n|rated|\n|rule|Species Clause: Limit one of each Pok\u00e9mon\n|rule|Item Clause: Limit one of each item\n|clearpoke\n|poke|p1|Annihilape, L50, M|\n|poke|p1|Maushold, L50|\n|poke|p1|Corviknight, L50, F|\n|poke|p1|Gholdengo, L50|\n|poke|p1|Gastrodon, L50, M|\n|poke|p1|Ting-Lu, L50|\n|poke|p2|Chi-Yu, L50|\n|poke|p2|Murkrow, L50, F|\n|poke|p2|Corviknight, L50, F|\n|poke|p2|Flutter Mane, L50|\n|poke|p2|Great Tusk, L50|\n|poke|p2|Brute Bonnet, L50|\n|teampreview|4\n|c|\u2606Megamuflon|GL HF\ngianniking has agreed to open team sheets.\nMegamuflon has agreed to open team sheets.\n|\n|t:|1683057668\n|start\n|switch|p1a: Annihilape|Annihilape, L50, M|100\/100\n|switch|p1b: Ting-Lu|Ting-Lu, L50|100\/100\n|switch|p2a: Murkrow|Murkrow, L50, F|100\/100\n|switch|p2b: Great Tusk|Great Tusk, L50|100\/100\n|-ability|p1b: Ting-Lu|Vessel of Ruin\n|turn|1\n|\n|t:|1683057698\n|switch|p1a: Corviknight|Corviknight, L50, F|100\/100\n|move|p2a: Murkrow|Sunny Day|p2a: Murkrow\n|-weather|SunnyDay\n|-activate|p2b: Great Tusk|ability: Protosynthesis\n|-start|p2b: Great Tusk|protosynthesisatk\n|move|p2b: Great Tusk|Close Combat|p1b: Ting-Lu\n|-supereffective|p1b: Ting-Lu\n|-damage|p1b: Ting-Lu|13\/100\n|-unboost|p2b: Great Tusk|def|1\n|-unboost|p2b: Great Tusk|spd|1\n|move|p1b: Ting-Lu|Ruination|p2b: Great Tusk\n|-damage|p2b: Great Tusk|51\/100\n|\n|-weather|SunnyDay|[upkeep]\n|upkeep\n|turn|2\n|\n|t:|1683057724\n|switch|p1b: Gholdengo|Gholdengo, L50|100\/100\n|move|p2a: Murkrow|Tailwind|p2a: Murkrow\n|-sidestart|p2: Megamuflon|move: Tailwind\n|move|p2b: Great Tusk|Close Combat|p1b: Gholdengo\n|-immune|p1b: Gholdengo\n|move|p1a: Corviknight|Tailwind|p1a: Corviknight\n|-sidestart|p1: gianniking|move: Tailwind\n|\n|-weather|SunnyDay|[upkeep]\n|upkeep\n|turn|3\n|\n|t:|1683057741\n|move|p1b: Gholdengo|Protect|p1b: Gholdengo\n|-singleturn|p1b: Gholdengo|Protect\n|move|p2b: Great Tusk|Close Combat|p1a: Corviknight\n|-damage|p1a: Corviknight|46\/100\n|-unboost|p2b: Great Tusk|def|1\n|-unboost|p2b: Great Tusk|spd|1\n|-enditem|p1a: Corviknight|Sitrus Berry|[eat]\n|-heal|p1a: Corviknight|71\/100|[from] item: Sitrus Berry\n|move|p2a: Murkrow|Foul Play|p1b: Gholdengo\n|-activate|p1b: Gholdengo|move: Protect\n|move|p1a: Corviknight|Brave Bird|p2b: Great Tusk\n|-supereffective|p2b: Great Tusk\n|-damage|p2b: Great Tusk|0 fnt\n|faint|p2b: Great Tusk\n|-end|p2b: Great Tusk|Protosynthesis|[silent]\n|-damage|p1a: Corviknight|56\/100|[from] Recoil\n|\n|-weather|SunnyDay|[upkeep]\n|upkeep\n|\n|t:|1683057753\n|switch|p2b: Flutter Mane|Flutter Mane, L50|100\/100\n|-activate|p2b: Flutter Mane|ability: Protosynthesis\n|-start|p2b: Flutter Mane|protosynthesisspa\n|turn|4\n|\n|t:|1683057787\n|switch|p1b: Ting-Lu|Ting-Lu, L50|13\/100\n|-ability|p1b: Ting-Lu|Vessel of Ruin\n|move|p2b: Flutter Mane|Thunderbolt|p1b: Ting-Lu\n|-immune|p1b: Ting-Lu\n|move|p2a: Murkrow|Foul Play|p1b: Ting-Lu\n|-resisted|p1b: Ting-Lu\n|-damage|p1b: Ting-Lu|4\/100\n|move|p1a: Corviknight|Roost|p1a: Corviknight\n|-heal|p1a: Corviknight|100\/100\n|-singleturn|p1a: Corviknight|move: Roost\n|\n|-weather|SunnyDay|[upkeep]\n|upkeep\n|turn|5\n|inactive|Battle timer is ON: inactive players will automatically lose when time's up. (requested by Megamuflon)\n|\n|t:|1683057813\n|-end|p2b: Flutter Mane|Protosynthesis|[silent]\n|switch|p2b: Brute Bonnet|Brute Bonnet, L50|100\/100\n|-activate|p2b: Brute Bonnet|ability: Protosynthesis\n|-start|p2b: Brute Bonnet|protosynthesisatk\n|move|p2a: Murkrow|Foul Play|p1b: Ting-Lu\n|-resisted|p1b: Ting-Lu\n|-damage|p1b: Ting-Lu|0 fnt\n|faint|p1b: Ting-Lu\n|move|p1a: Corviknight|Brave Bird|p2b: Brute Bonnet\n|-supereffective|p2b: Brute Bonnet\n|-damage|p2b: Brute Bonnet|34\/100\n|-damage|p1a: Corviknight|77\/100|[from] Recoil\n|\n|-weather|none\n|-end|p2b: Brute Bonnet|Protosynthesis\n|-sideend|p2: Megamuflon|move: Tailwind\n|-sideend|p1: gianniking|move: Tailwind\n|upkeep\n|\n|t:|1683057831\n|switch|p1b: Gholdengo|Gholdengo, L50|100\/100\n|turn|6\n|\n|t:|1683057852\n|move|p2a: Murkrow|Tailwind|p2a: Murkrow\n|-sidestart|p2: Megamuflon|move: Tailwind\n|move|p2b: Brute Bonnet|Spore|p1a: Corviknight\n|-status|p1a: Corviknight|slp|[from] move: Spore\n|move|p1b: Gholdengo|Make It Rain|p2a: Murkrow|[spread] p2a,p2b\n|-damage|p2a: Murkrow|51\/100\n|-damage|p2b: Brute Bonnet|0 fnt\n|-unboost|p1b: Gholdengo|spa|1\n|faint|p2b: Brute Bonnet\n|-end|p2b: Brute Bonnet|Protosynthesis|[silent]\n|cant|p1a: Corviknight|slp\n|\n|upkeep\n|\n|t:|1683057864\n|switch|p2b: Flutter Mane|Flutter Mane, L50|100\/100\n|turn|7\n|\n|t:|1683057874\n|move|p1b: Gholdengo|Protect|p1b: Gholdengo\n|-singleturn|p1b: Gholdengo|Protect\n|move|p2a: Murkrow|Sunny Day|p2a: Murkrow\n|-weather|SunnyDay\n|-activate|p2b: Flutter Mane|ability: Protosynthesis\n|-start|p2b: Flutter Mane|protosynthesisspa\n|move|p2b: Flutter Mane|Shadow Ball|p1b: Gholdengo\n|-activate|p1b: Gholdengo|move: Protect\n|cant|p1a: Corviknight|slp\n|\n|-weather|SunnyDay|[upkeep]\n|upkeep\n|turn|8\n|inactive|gianniking has 30 seconds left.\n|\n|t:|1683057904\n|move|p2b: Flutter Mane|Shadow Ball|p1b: Gholdengo\n|-supereffective|p1b: Gholdengo\n|-damage|p1b: Gholdengo|0 fnt\n|faint|p1b: Gholdengo\n|move|p2a: Murkrow|Foul Play|p1a: Corviknight\n|-damage|p1a: Corviknight|57\/100 slp\n|-curestatus|p1a: Corviknight|slp|[msg]\n|move|p1a: Corviknight|Tailwind|p1a: Corviknight\n|-sidestart|p1: gianniking|move: Tailwind\n|\n|-weather|SunnyDay|[upkeep]\n|upkeep\n|\n|t:|1683057915\n|switch|p1b: Annihilape|Annihilape, L50, M|100\/100\n|turn|9\n|\n|t:|1683057934\n|move|p1b: Annihilape|Protect|p1b: Annihilape\n|-singleturn|p1b: Annihilape|Protect\n|move|p2a: Murkrow|Taunt|p1b: Annihilape\n|-activate|p1b: Annihilape|move: Protect\n|move|p2b: Flutter Mane|Shadow Ball|p1a: Corviknight\n|-damage|p1a: Corviknight|0 fnt\n|faint|p1a: Corviknight\n|\n|-weather|SunnyDay|[upkeep]\n|-sideend|p2: Megamuflon|move: Tailwind\n|upkeep\n|turn|10\n|\n|t:|1683057954\n|-terastallize|p1b: Annihilape|Fire\n|-terastallize|p2b: Flutter Mane|Fairy\n|move|p2a: Murkrow|Tailwind|p2a: Murkrow\n|-sidestart|p2: Megamuflon|move: Tailwind\n|move|p2b: Flutter Mane|Shadow Ball|p1b: Annihilape\n|-damage|p1b: Annihilape|25\/100\n|move|p1b: Annihilape|Rage Fist|p2b: Flutter Mane\n|-crit|p2b: Flutter Mane\n|-damage|p2b: Flutter Mane|0 fnt\n|faint|p2b: Flutter Mane\n|-end|p2b: Flutter Mane|Protosynthesis|[silent]\n|\n|-weather|SunnyDay|[upkeep]\n|-heal|p1b: Annihilape|31\/100|[from] item: Leftovers\n|upkeep\n|turn|11\n|c|\u2606Megamuflon|damn\n|\n|t:|1683057971\n|move|p1b: Annihilape|Protect|p1b: Annihilape\n|-singleturn|p1b: Annihilape|Protect\n|move|p2a: Murkrow|Foul Play|p1b: Annihilape\n|-activate|p1b: Annihilape|move: Protect\n|\n|-weather|none\n|-heal|p1b: Annihilape|37\/100|[from] item: Leftovers\n|-sideend|p1: gianniking|move: Tailwind\n|upkeep\n|turn|12\n|\n|t:|1683057990\n|move|p2a: Murkrow|Foul Play|p1b: Annihilape\n|-damage|p1b: Annihilape|0 fnt\n|faint|p1b: Annihilape\n|\n|win|Megamuflon\n|raw|gianniking's rating: 1290 → 1262<\/strong> (-28 for losing)\n|raw|Megamuflon's rating: 1248 → 1276<\/strong> (+28 for winning)\n|c|\u2606Megamuflon|gg\n|l|\u2606Megamuflon\n","uploadtime":1683058048,"views":7,"p1id":"gianniking","p2id":"megamuflon","formatid":"gen9vgc2023regulationc","rating":1262,"private":0,"password":""}