{"id":"gen9vgc2023regulationc-1845293226","p1":"Blacksus","p2":"pollinosis","format":"[Gen 9] VGC 2023 Regulation C","log":"|j|\u2606Blacksus\n|j|\u2606pollinosis\n|t:|1681709152\n|gametype|doubles\n|player|p1|Blacksus|170|1228\n|player|p2|pollinosis|candice|1207\n|teamsize|p1|6\n|teamsize|p2|6\n|gen|9\n|tier|[Gen 9] VGC 2023 Regulation C\n|rated|\n|rule|Species Clause: Limit one of each Pok\u00e9mon\n|rule|Item Clause: Limit one of each item\n|clearpoke\n|poke|p1|Palafin, L50, M|\n|poke|p1|Amoonguss, L50, M|\n|poke|p1|Arcanine, L50, F|\n|poke|p1|Flutter Mane, L50|\n|poke|p1|Ting-Lu, L50|\n|poke|p1|Iron Hands, L50|\n|poke|p2|Flutter Mane, L50|\n|poke|p2|Chi-Yu, L50|\n|poke|p2|Arcanine, L50, M|\n|poke|p2|Palafin, L50, M|\n|poke|p2|Maushold-Four, L50|\n|poke|p2|Tsareena, L50, F|\n|teampreview|4\n|inactive|Battle timer is ON: inactive players will automatically lose when time's up. (requested by pollinosis)\n|\n|t:|1681709203\n|start\n|switch|p1a: Arcanine|Arcanine, L50, F|100\/100\n|switch|p1b: Palafin|Palafin, L50, M|100\/100\n|switch|p2a: Thunderball|Chi-Yu, L50|100\/100\n|switch|p2b: Skyfall|Palafin, L50, M|100\/100\n|-ability|p2a: Thunderball|Beads of Ruin\n|-ability|p1a: Arcanine|Intimidate|boost\n|-unboost|p2a: Thunderball|atk|1\n|-unboost|p2b: Skyfall|atk|1\n|turn|1\n|\n|t:|1681709218\n|detailschange|p2b: Skyfall|Palafin-Hero, L50, M\n|switch|p2b: Spectre|Flutter Mane, L50|100\/100\n|-enditem|p2b: Spectre|Booster Energy\n|-activate|p2b: Spectre|ability: Protosynthesis|[fromitem]\n|-start|p2b: Spectre|protosynthesisspa\n|detailschange|p1b: Palafin|Palafin-Hero, L50, M\n|switch|p1b: Ting-Lu|Ting-Lu, L50|100\/100\n|-ability|p1b: Ting-Lu|Vessel of Ruin\n|-terastallize|p2a: Thunderball|Grass\n|move|p2a: Thunderball|Tera Blast|p1b: Ting-Lu\n|-supereffective|p1b: Ting-Lu\n|-damage|p1b: Ting-Lu|46\/100\n|move|p1a: Arcanine|Howl|p1a: Arcanine|[spread] p1a,p1b\n|-boost|p1a: Arcanine|atk|1\n|-boost|p1b: Ting-Lu|atk|1\n|\n|upkeep\n|turn|2\n|inactive|pollinosis has 30 seconds left.\n|\n|t:|1681709250\n|move|p2a: Thunderball|Tera Blast|p1b: Ting-Lu\n|-supereffective|p1b: Ting-Lu\n|-damage|p1b: Ting-Lu|0 fnt\n|faint|p1b: Ting-Lu\n|move|p2b: Spectre|Shadow Ball|p1a: Arcanine\n|-damage|p1a: Arcanine|16\/100\n|move|p1a: Arcanine|Flare Blitz|p2a: Thunderball\n|-supereffective|p2a: Thunderball\n|-damage|p2a: Thunderball|0 fnt\n|faint|p2a: Thunderball\n|-damage|p1a: Arcanine|0 fnt|[from] Recoil\n|faint|p1a: Arcanine\n|\n|upkeep\n|\n|t:|1681709263\n|switch|p2a: NoTimeToDie|Tsareena, L50, F|100\/100\n|switch|p1a: Palafin|Palafin-Hero, L50, M|100\/100\n|switch|p1b: Amoonguss|Amoonguss, L50, M|100\/100\n|-activate|p1a: Palafin|ability: Zero to Hero\n|turn|3\n|\n|t:|1681709274\n|move|p1a: Palafin|Protect|p1a: Palafin\n|-singleturn|p1a: Palafin|Protect\n|move|p2b: Spectre|Shadow Ball|p1b: Amoonguss\n|-damage|p1b: Amoonguss|56\/100\n|move|p2a: NoTimeToDie|Power Whip|p1a: Palafin\n|-activate|p1a: Palafin|move: Protect\n|move|p1b: Amoonguss|Pollen Puff|p2a: NoTimeToDie\n|-supereffective|p2a: NoTimeToDie\n|-damage|p2a: NoTimeToDie|75\/100\n|\n|upkeep\n|turn|4\n|inactive|Blacksus has 30 seconds left.\n|\n|t:|1681709301\n|-terastallize|p1a: Palafin|Water\n|move|p1b: Amoonguss|Protect|p1b: Amoonguss\n|-singleturn|p1b: Amoonguss|Protect\n|move|p2b: Spectre|Shadow Ball|p1a: Palafin\n|-damage|p1a: Palafin|45\/100\n|move|p2a: NoTimeToDie|Power Whip|p1a: Palafin\n|-supereffective|p1a: Palafin\n|-damage|p1a: Palafin|0 fnt\n|faint|p1a: Palafin\n|\n|upkeep\n|turn|5\n|-message|Blacksus forfeited.\n|\n|win|pollinosis\n|raw|Blacksus's rating: 1228 → 1201<\/strong> (-27 for losing)\n|raw|pollinosis's rating: 1207 → 1234<\/strong> (+27 for winning)\n|l|\u2606Blacksus\n","uploadtime":1681709317,"views":7,"p1id":"blacksus","p2id":"pollinosis","formatid":"gen9vgc2023regulationc","rating":1201,"private":0,"password":""}