{"id":"gen9vgc2023regulationc-1847317014","p1":"Gobills716","p2":"uhoh I poopd","format":"[Gen 9] VGC 2023 Regulation C","log":"|j|\u2606Gobills716\n|j|\u2606uhoh I poopd\n|t:|1681937787\n|gametype|doubles\n|player|p1|Gobills716|101|1338\n|player|p2|uhoh I poopd|colress|1339\n|teamsize|p1|6\n|teamsize|p2|6\n|gen|9\n|tier|[Gen 9] VGC 2023 Regulation C\n|rated|\n|rule|Species Clause: Limit one of each Pok\u00e9mon\n|rule|Item Clause: Limit one of each item\n|clearpoke\n|poke|p1|Palafin, L50, M|\n|poke|p1|Arcanine, L50, M|\n|poke|p1|Amoonguss, L50, F|\n|poke|p1|Kingambit, L50, F|\n|poke|p1|Flutter Mane, L50|\n|poke|p1|Dragonite, L50, F|\n|poke|p2|Masquerain, L50, F|\n|poke|p2|Coalossal, L50, M|\n|poke|p2|Amoonguss, L50, M|\n|poke|p2|Arcanine, L50, M|\n|poke|p2|Annihilape, L50, M|\n|poke|p2|Azumarill, L50, F|\n|teampreview|4\n|\n|t:|1681937815\n|start\n|switch|p1a: Amoonguss|Amoonguss, L50, F|100\/100\n|switch|p1b: Palafin|Palafin, L50, M|100\/100\n|switch|p2a: Judy|Azumarill, L50, F, shiny|100\/100\n|switch|p2b: Hoo fung poo|Annihilape, L50, M, shiny|100\/100\n|turn|1\n|\n|t:|1681937840\n|detailschange|p1b: Palafin|Palafin-Hero, L50, M\n|switch|p1b: Dragonite|Dragonite, L50, F|100\/100\n|move|p2b: Hoo fung poo|Bulk Up|p2b: Hoo fung poo\n|-boost|p2b: Hoo fung poo|atk|1\n|-boost|p2b: Hoo fung poo|def|1\n|move|p2a: Judy|Belly Drum|p2a: Judy\n|-damage|p2a: Judy|50\/100\n|-setboost|p2a: Judy|atk|6|[from] move: Belly Drum\n|-enditem|p2a: Judy|Sitrus Berry|[eat]\n|-heal|p2a: Judy|75\/100|[from] item: Sitrus Berry\n|move|p1a: Amoonguss|Spore|p2b: Hoo fung poo\n|-status|p2b: Hoo fung poo|slp|[from] move: Spore\n|\n|upkeep\n|turn|2\n|\n|t:|1681937872\n|-terastallize|p1b: Dragonite|Flying\n|move|p1b: Dragonite|Tera Blast|p2a: Judy\n|-damage|p2a: Judy|12\/100\n|cant|p2b: Hoo fung poo|slp\n|move|p2a: Judy|Play Rough|p1a: Amoonguss\n|-resisted|p1a: Amoonguss\n|-damage|p1a: Amoonguss|15\/100\n|-enditem|p1a: Amoonguss|Sitrus Berry|[eat]\n|-heal|p1a: Amoonguss|40\/100|[from] item: Sitrus Berry\n|move|p1a: Amoonguss|Pollen Puff|p1b: Dragonite\n|-immune|p1b: Dragonite\n|\n|upkeep\n|turn|3\n|\n|t:|1681937903\n|-terastallize|p2b: Hoo fung poo|Fire\n|move|p1a: Amoonguss|Protect|p1a: Amoonguss\n|-singleturn|p1a: Amoonguss|Protect\n|move|p2a: Judy|Aqua Jet|p1b: Dragonite\n|-damage|p1b: Dragonite|54\/100\n|move|p1b: Dragonite|Tera Blast|p2a: Judy\n|-damage|p2a: Judy|0 fnt\n|faint|p2a: Judy\n|-curestatus|p2b: Hoo fung poo|slp|[msg]\n|move|p2b: Hoo fung poo|Rage Fist|p1a: Amoonguss\n|-activate|p1a: Amoonguss|move: Protect\n|\n|upkeep\n|\n|t:|1681937911\n|switch|p2a: Brutus|Arcanine, L50, M, shiny|100\/100\n|-ability|p2a: Brutus|Intimidate|boost\n|-unboost|p1a: Amoonguss|atk|1\n|-unboost|p1b: Dragonite|atk|1\n|turn|4\n|\n|t:|1681937937\n|switch|p1b: Flutter Mane|Flutter Mane, L50|100\/100\n|-enditem|p1b: Flutter Mane|Booster Energy\n|-activate|p1b: Flutter Mane|ability: Protosynthesis|[fromitem]\n|-start|p1b: Flutter Mane|protosynthesisspa\n|move|p1a: Amoonguss|Rage Powder|p1a: Amoonguss\n|-singleturn|p1a: Amoonguss|move: Rage Powder\n|move|p2a: Brutus|Flare Blitz|p1a: Amoonguss\n|-supereffective|p1a: Amoonguss\n|-damage|p1a: Amoonguss|0 fnt\n|faint|p1a: Amoonguss\n|-damage|p2a: Brutus|86\/100|[from] Recoil\n|move|p2b: Hoo fung poo|Bulk Up|p2b: Hoo fung poo\n|-boost|p2b: Hoo fung poo|atk|1\n|-boost|p2b: Hoo fung poo|def|1\n|\n|upkeep\n|\n|t:|1681937951\n|switch|p1a: Palafin|Palafin-Hero, L50, M|100\/100\n|-activate|p1a: Palafin|ability: Zero to Hero\n|turn|5\n|\n|t:|1681937967\n|switch|p2a: Toad|Amoonguss, L50, M|100\/100\n|move|p1b: Flutter Mane|Shadow Ball|p2a: Toad\n|-damage|p2a: Toad|58\/100\n|-unboost|p2a: Toad|spd|1\n|move|p1a: Palafin|Wave Crash|p2a: Toad\n|-resisted|p2a: Toad\n|-damage|p2a: Toad|13\/100\n|-enditem|p2a: Toad|Iapapa Berry|[eat]\n|-heal|p2a: Toad|46\/100|[from] item: Iapapa Berry\n|-damage|p1a: Palafin|84\/100|[from] Recoil\n|move|p2b: Hoo fung poo|Drain Punch|p1a: Palafin\n|-damage|p1a: Palafin|23\/100\n|\n|upkeep\n|turn|6\n|\n|t:|1681937996\n|move|p1a: Palafin|Protect|p1a: Palafin\n|-singleturn|p1a: Palafin|Protect\n|move|p2a: Toad|Rage Powder|p2a: Toad\n|-singleturn|p2a: Toad|move: Rage Powder\n|move|p1b: Flutter Mane|Shadow Ball|p2a: Toad\n|-damage|p2a: Toad|0 fnt\n|faint|p2a: Toad\n|move|p2b: Hoo fung poo|Rage Fist|p1b: Flutter Mane\n|-supereffective|p1b: Flutter Mane\n|-damage|p1b: Flutter Mane|0 fnt\n|faint|p1b: Flutter Mane\n|-end|p1b: Flutter Mane|Protosynthesis|[silent]\n|\n|upkeep\n|\n|t:|1681938006\n|switch|p1b: Dragonite|Dragonite, L50, F, tera:Flying|54\/100\n|switch|p2a: Brutus|Arcanine, L50, M, shiny|86\/100\n|-ability|p2a: Brutus|Intimidate|boost\n|-unboost|p1a: Palafin|atk|1\n|-unboost|p1b: Dragonite|atk|1\n|turn|7\n|\n|t:|1681938022\n|move|p2a: Brutus|Extreme Speed|p1a: Palafin\n|-crit|p1a: Palafin\n|-damage|p1a: Palafin|0 fnt\n|faint|p1a: Palafin\n|move|p1b: Dragonite|Tera Blast|p2b: Hoo fung poo\n|-damage|p2b: Hoo fung poo|82\/100\n|move|p2b: Hoo fung poo|Rage Fist|p1b: Dragonite\n|-damage|p1b: Dragonite|0 fnt\n|faint|p1b: Dragonite\n|\n|win|uhoh I poopd\n|raw|Gobills716's rating: 1338 → 1318<\/strong> (-20 for losing)\n|raw|uhoh I poopd's rating: 1339 → 1359<\/strong> (+20 for winning)\n|l|\u2606Gobills716\n|c|\u2606uhoh I poopd|Gg\n","uploadtime":1681938043,"views":9,"p1id":"gobills716","p2id":"uhohipoopd","formatid":"gen9vgc2023regulationc","rating":1318,"private":0,"password":""}