{"id":"gen9vgc2023regulationc-1850269739","p1":"christian_hvn","p2":"Chi-YuOneTrick","format":"[Gen 9] VGC 2023 Regulation C","log":"|j|\u2606christian_hvn\n|j|\u2606Chi-YuOneTrick\n|t:|1682308581\n|gametype|doubles\n|player|p1|christian_hvn|marley|\n|player|p2|Chi-YuOneTrick|acetrainer-gen6xy|\n|teamsize|p1|6\n|teamsize|p2|6\n|gen|9\n|tier|[Gen 9] VGC 2023 Regulation C\n|rule|Species Clause: Limit one of each Pok\u00e9mon\n|rule|Item Clause: Limit one of each item\n|clearpoke\n|poke|p1|Flutter Mane, L50|\n|poke|p1|Chi-Yu, L50|\n|poke|p1|Iron Bundle, L50|\n|poke|p1|Amoonguss, L50, M|\n|poke|p1|Palafin, L50, F|\n|poke|p1|Iron Hands, L50|\n|poke|p2|Amoonguss, L50, F|\n|poke|p2|Gyarados, L50, M|\n|poke|p2|Chi-Yu, L50|\n|poke|p2|Roaring Moon, L50|\n|poke|p2|Iron Hands, L50|\n|poke|p2|Flutter Mane, L50|\n|teampreview|4\nchristian_hvn has agreed to open team sheets.\nChi-YuOneTrick has agreed to open team sheets.\n|j| AndrwApple\n|l| AndrwApple\n|j| AndrwApple\n|\n|t:|1682308655\n|start\n|switch|p1a: flutter ya mane|Flutter Mane, L50|100\/100\n|switch|p1b: IDOL|Iron Bundle, L50|100\/100\n|switch|p2a: Chi-Yu|Chi-Yu, L50|100\/100\n|switch|p2b: Gyarados|Gyarados, L50, M|100\/100\n|-ability|p2a: Chi-Yu|Beads of Ruin\n|-ability|p2b: Gyarados|Intimidate|boost\n|-unboost|p1a: flutter ya mane|atk|1\n|-unboost|p1b: IDOL|atk|1\n|-enditem|p1b: IDOL|Booster Energy\n|-activate|p1b: IDOL|ability: Quark Drive|[fromitem]\n|-start|p1b: IDOL|quarkdrivespe\n|turn|1\n|\n|t:|1682308704\n|move|p1b: IDOL|Protect|p1b: IDOL\n|-singleturn|p1b: IDOL|Protect\n|move|p2a: Chi-Yu|Protect|p2a: Chi-Yu\n|-singleturn|p2a: Chi-Yu|Protect\n|move|p2b: Gyarados|Protect|p2b: Gyarados\n|-singleturn|p2b: Gyarados|Protect\n|move|p1a: flutter ya mane|Thunderbolt|p2a: Chi-Yu\n|-activate|p2a: Chi-Yu|move: Protect\n|\n|upkeep\n|turn|2\n|\n|t:|1682308734\n|switch|p2a: Iron Hands|Iron Hands, L50|100\/100\n|-terastallize|p2b: Gyarados|Steel\n|move|p1b: IDOL|Hydro Pump|p2a: Iron Hands|[miss]\n|-miss|p1b: IDOL|p2a: Iron Hands\n|move|p1a: flutter ya mane|Thunderbolt|p2b: Gyarados\n|-damage|p2b: Gyarados|73\/100\n|move|p2b: Gyarados|Thunder Wave|p1a: flutter ya mane\n|-status|p1a: flutter ya mane|par\n|\n|upkeep\n|turn|3\n|\n|t:|1682308760\n|-end|p1a: flutter ya mane|Protosynthesis|[silent]\n|switch|p1a: handful of bitches|Iron Hands, L50|100\/100\n|move|p1b: IDOL|Protect|p1b: IDOL\n|-singleturn|p1b: IDOL|Protect\n|move|p2b: Gyarados|Thunder Wave|p1b: IDOL\n|-activate|p1b: IDOL|move: Protect\n|move|p2a: Iron Hands|Heavy Slam|p1a: handful of bitches\n|-resisted|p1a: handful of bitches\n|-damage|p1a: handful of bitches|95\/100\n|\n|upkeep\n|turn|4\n|\n|t:|1682308783\n|-end|p1b: IDOL|Quark Drive|[silent]\n|switch|p1b: flutter ya mane|Flutter Mane, L50|100\/100 par\n|move|p1a: handful of bitches|Fake Out|p2a: Iron Hands\n|-damage|p2a: Iron Hands|90\/100\n|move|p2b: Gyarados|Thunder Wave|p1b: flutter ya mane\n|-fail|p1b: flutter ya mane|par\n|cant|p2a: Iron Hands|flinch\n|\n|upkeep\n|turn|5\n|\n|t:|1682308806\n|move|p2b: Gyarados|Protect|p2b: Gyarados\n|-singleturn|p2b: Gyarados|Protect\n|move|p1b: flutter ya mane|Moonblast|p2a: Iron Hands\n|-supereffective|p2a: Iron Hands\n|-damage|p2a: Iron Hands|19\/100\n|move|p1a: handful of bitches|Drain Punch|p2b: Gyarados\n|-activate|p2b: Gyarados|move: Protect\n|move|p2a: Iron Hands|Heavy Slam|p1b: flutter ya mane\n|-supereffective|p1b: flutter ya mane\n|-damage|p1b: flutter ya mane|0 fnt\n|faint|p1b: flutter ya mane\n|-end|p1b: flutter ya mane|Protosynthesis|[silent]\n|\n|upkeep\n|\n|t:|1682308831\n|switch|p1b: LOVE BETRAYAL|Chi-Yu, L50|100\/100\n|-ability|p1b: LOVE BETRAYAL|Beads of Ruin\n|turn|6\n|\n|t:|1682308845\n|move|p1b: LOVE BETRAYAL|Protect|p1b: LOVE BETRAYAL\n|-singleturn|p1b: LOVE BETRAYAL|Protect\n|move|p2b: Gyarados|Thunder Wave|p1b: LOVE BETRAYAL\n|-activate|p1b: LOVE BETRAYAL|move: Protect\n|move|p1a: handful of bitches|Drain Punch|p2b: Gyarados\n|-supereffective|p2b: Gyarados\n|-damage|p2b: Gyarados|1\/100\n|-heal|p1a: handful of bitches|100\/100|[from] drain|[of] p2b: Gyarados\n|move|p2a: Iron Hands|Drain Punch|p1b: LOVE BETRAYAL\n|-activate|p1b: LOVE BETRAYAL|move: Protect\n|\n|upkeep\n|turn|7\n|\n|t:|1682308862\n|move|p1b: LOVE BETRAYAL|Heat Wave|p2b: Gyarados|[spread] p2b\n|-miss|p1b: LOVE BETRAYAL|p2a: Iron Hands\n|-supereffective|p2b: Gyarados\n|-damage|p2b: Gyarados|0 fnt\n|faint|p2b: Gyarados\n|move|p1a: handful of bitches|Drain Punch|p2a: Iron Hands\n|-damage|p2a: Iron Hands|0 fnt\n|faint|p2a: Iron Hands\n|-end|p2a: Iron Hands|Quark Drive|[silent]\n|\n|upkeep\n|\n|t:|1682308870\n|switch|p2b: Chi-Yu|Chi-Yu, L50|100\/100\n|switch|p2a: Roaring Moon|Roaring Moon, L50|100\/100\n|-ability|p2b: Chi-Yu|Beads of Ruin\n|-enditem|p2a: Roaring Moon|Booster Energy\n|-activate|p2a: Roaring Moon|ability: Protosynthesis|[fromitem]\n|-start|p2a: Roaring Moon|protosynthesisatk\n|turn|8\n|\n|t:|1682308905\n|move|p1b: LOVE BETRAYAL|Nasty Plot|p1b: LOVE BETRAYAL\n|-boost|p1b: LOVE BETRAYAL|spa|2\n|move|p2a: Roaring Moon|Acrobatics|p1a: handful of bitches\n|-damage|p1a: handful of bitches|65\/100\n|move|p2b: Chi-Yu|Flamethrower|p1a: handful of bitches\n|-damage|p1a: handful of bitches|35\/100\n|move|p1a: handful of bitches|Drain Punch|p2a: Roaring Moon\n|-supereffective|p2a: Roaring Moon\n|-damage|p2a: Roaring Moon|13\/100\n|-heal|p1a: handful of bitches|72\/100|[from] drain|[of] p2a: Roaring Moon\n|\n|upkeep\n|turn|9\n|\n|t:|1682308919\n|move|p1b: LOVE BETRAYAL|Heat Wave|p2b: Chi-Yu|[spread] p2a,p2b\n|-resisted|p2a: Roaring Moon\n|-resisted|p2b: Chi-Yu\n|-damage|p2a: Roaring Moon|0 fnt\n|-damage|p2b: Chi-Yu|70\/100\n|faint|p2a: Roaring Moon\n|-end|p2a: Roaring Moon|Protosynthesis|[silent]\n|move|p2b: Chi-Yu|Flamethrower|p1a: handful of bitches\n|-damage|p1a: handful of bitches|41\/100\n|-status|p1a: handful of bitches|brn\n|move|p1a: handful of bitches|Drain Punch|p2b: Chi-Yu\n|-supereffective|p2b: Chi-Yu\n|-damage|p2b: Chi-Yu|28\/100\n|-heal|p1a: handful of bitches|55\/100 brn|[from] drain|[of] p2b: Chi-Yu\n|\n|-heal|p2b: Chi-Yu|34\/100|[from] item: Leftovers\n|-damage|p1a: handful of bitches|49\/100 brn|[from] brn\n|upkeep\n|turn|10\n|c|\u2606Chi-YuOneTrick|gg\n|-message|Chi-YuOneTrick forfeited.\n|\n|win|christian_hvn\n|l|\u2606Chi-YuOneTrick\n|c|\u2606christian_hvn|gg\n","uploadtime":1682308933,"views":30,"p1id":"christianhvn","p2id":"chiyuonetrick","formatid":"gen9vgc2023regulationc","rating":0,"private":0,"password":""}