{"id":"gen9vgc2023regulationc-1859071785","p1":"Abadachi","p2":"A1ge7","format":"[Gen 9] VGC 2023 Regulation C","log":"|j|\u2606Abadachi\n|j|\u2606A1ge7\n|t:|1683401071\n|gametype|doubles\n|player|p1|Abadachi|unknown|1114\n|player|p2|A1ge7|n|1004\n|teamsize|p1|6\n|teamsize|p2|6\n|gen|9\n|tier|[Gen 9] VGC 2023 Regulation C\n|rated|\n|rule|Species Clause: Limit one of each Pok\u00e9mon\n|rule|Item Clause: Limit one of each item\n|clearpoke\n|poke|p1|Wo-Chien, L50|\n|poke|p1|Iron Bundle, L50|\n|poke|p1|Dragapult, L50, M|\n|poke|p1|Hippowdon, L50, M|\n|poke|p1|Glimmora, L50, F|\n|poke|p1|Gholdengo, L50|\n|poke|p2|Ditto, L50|\n|poke|p2|Murkrow, L50, M|\n|poke|p2|Sylveon, L50, F|\n|poke|p2|Annihilape, L50, M|\n|poke|p2|Garchomp, L50, F|\n|poke|p2|Cyclizar, L50, F|\n|teampreview|4\nAbadachi rejected open team sheets.\n|c|\u2606A1ge7|Glhf\n|\n|t:|1683401121\n|start\n|switch|p1a: Gholdengo|Gholdengo, L50|100\/100\n|switch|p1b: Iron Bundle|Iron Bundle, L50|100\/100\n|switch|p2a: Edgey birb|Murkrow, L50, M|100\/100\n|switch|p2b: Cyclizar|Cyclizar, L50, F|100\/100\n|-enditem|p1b: Iron Bundle|Booster Energy\n|-activate|p1b: Iron Bundle|ability: Quark Drive|[fromitem]\n|-start|p1b: Iron Bundle|quarkdrivespe\n|turn|1\n|\n|t:|1683401148\n|move|p2a: Edgey birb|Tailwind|p2a: Edgey birb\n|-sidestart|p2: A1ge7|move: Tailwind\n|move|p2b: Cyclizar|Shed Tail|p2b: Cyclizar\n|-start|p2b: Cyclizar|Substitute|[from] move: Shed Tail\n|-damage|p2b: Cyclizar|50\/100\n|\n|t:|1683401155\n|switch|p2b: Garchomp|Garchomp, L50, F, shiny|100\/100|[from] Shed Tail\n|move|p1b: Iron Bundle|Icy Wind|p2a: Edgey birb|[spread] p2a,p2b\n|-supereffective|p2b: Garchomp\n|-end|p2b: Garchomp|Substitute\n|-supereffective|p2a: Edgey birb\n|-damage|p2a: Edgey birb|11\/100\n|-unboost|p2a: Edgey birb|spe|1\n|move|p1a: Gholdengo|Nasty Plot|p1a: Gholdengo\n|-boost|p1a: Gholdengo|spa|2\n|\n|-heal|p2a: Edgey birb|17\/100|[from] item: Leftovers\n|upkeep\n|turn|2\n|\n|t:|1683401184\n|-terastallize|p2b: Garchomp|Water\n|-terastallize|p1a: Gholdengo|Water\n|move|p2a: Edgey birb|Haze|p2a: Edgey birb\n|-clearallboost\n|move|p2b: Garchomp|Earthquake|p1b: Iron Bundle|[spread] p1a,p1b\n|-immune|p2a: Edgey birb\n|-damage|p1a: Gholdengo|63\/100\n|-damage|p1b: Iron Bundle|56\/100\n|move|p1b: Iron Bundle|Icy Wind|p2a: Edgey birb|[spread] p2a,p2b\n|-supereffective|p2a: Edgey birb\n|-resisted|p2b: Garchomp\n|-damage|p2a: Edgey birb|0 fnt\n|-damage|p2b: Garchomp|90\/100\n|-unboost|p2b: Garchomp|spe|1\n|faint|p2a: Edgey birb\n|move|p1a: Gholdengo|Make It Rain|p2b: Garchomp\n|-resisted|p2b: Garchomp\n|-damage|p2b: Garchomp|57\/100\n|-unboost|p1a: Gholdengo|spa|1\n|\n|upkeep\n|\n|t:|1683401195\n|switch|p2a: Among us|Ditto, L50|100\/100\n|-transform|p2a: Among us|p1b: Iron Bundle|[from] ability: Imposter\n|turn|3\n|c|\u2606A1ge7|Hurry up\n|inactive|Battle timer is ON: inactive players will automatically lose when time's up. (requested by A1ge7)\n|\n|t:|1683401239\n|move|p1b: Iron Bundle|Protect|p1b: Iron Bundle\n|-singleturn|p1b: Iron Bundle|Protect\n|move|p2a: Among us|Freeze-Dry|p1a: Gholdengo\n|-supereffective|p1a: Gholdengo\n|-damage|p1a: Gholdengo|0 fnt\n|faint|p1a: Gholdengo\n|move|p2b: Garchomp|Iron Head|p1b: Iron Bundle\n|-activate|p1b: Iron Bundle|move: Protect\n|\n|upkeep\n|\n|t:|1683401248\n|switch|p1a: Glimmora|Glimmora, L50, F|100\/100\n|turn|4\n|\n|t:|1683401254\n|move|p2a: Among us|Freeze-Dry|p1b: Iron Bundle\n|-damage|p1b: Iron Bundle|8\/100\n|move|p1b: Iron Bundle|Freeze-Dry|p2b: Garchomp\n|-supereffective|p2b: Garchomp\n|-damage|p2b: Garchomp|0 fnt\n|faint|p2b: Garchomp\n|move|p1a: Glimmora|Energy Ball|p2a: Among us\n|-supereffective|p2a: Among us\n|-damage|p2a: Among us|6\/100\n|-unboost|p2a: Among us|spd|1\n|\n|-sideend|p2: A1ge7|move: Tailwind\n|upkeep\n|\n|t:|1683401258\n|switch|p2b: Cyclizar|Cyclizar, L50, F|50\/100\n|turn|5\n|\n|t:|1683401276\n|move|p1b: Iron Bundle|Protect|p1b: Iron Bundle\n|-singleturn|p1b: Iron Bundle|Protect\n|move|p2a: Among us|Freeze-Dry|p1b: Iron Bundle\n|-activate|p1b: Iron Bundle|move: Protect\n|move|p2b: Cyclizar|Rapid Spin|p1b: Iron Bundle\n|-activate|p1b: Iron Bundle|move: Protect\n|move|p1a: Glimmora|Mortal Spin|p2b: Cyclizar|[spread] p2a,p2b\n|-damage|p2a: Among us|0 fnt\n|-damage|p2b: Cyclizar|42\/100\n|-status|p2b: Cyclizar|psn\n|faint|p2a: Among us\n|-end|p2a: Among us|Quark Drive|[silent]\n|\n|-activate|p2b: Cyclizar|ability: Shed Skin\n|-curestatus|p2b: Cyclizar|psn|[msg]\n|upkeep\n|turn|6\n|n|!A1ge7|a1ge7\n|-message|A1ge7 forfeited.\n|\n|win|Abadachi\n|raw|Abadachi's rating: 1114 → 1131<\/strong> (+17 for winning)\n|raw|A1ge7's rating: 1004 → 1000<\/strong> (-4 for losing)\n|l|!A1ge7\n","uploadtime":1683401292,"views":6,"p1id":"abadachi","p2id":"a1ge7","formatid":"gen9vgc2023regulationc","rating":1000,"private":0,"password":""}