{"id":"gen9vgc2023regulationc-1846662211","p1":"LordSno","p2":"Chaisuke","format":"[Gen 9] VGC 2023 Regulation C","log":"|j|\u2606LordSno\n|j|\u2606Chaisuke\n|t:|1681862984\n|gametype|doubles\n|player|p1|LordSno|steven|1265\n|player|p2|Chaisuke|scientist|1174\n|teamsize|p1|6\n|teamsize|p2|6\n|gen|9\n|tier|[Gen 9] VGC 2023 Regulation C\n|rated|\n|rule|Species Clause: Limit one of each Pok\u00e9mon\n|rule|Item Clause: Limit one of each item\n|clearpoke\n|poke|p1|Chi-Yu, L50|\n|poke|p1|Flutter Mane, L50|\n|poke|p1|Torkoal, L50, F|\n|poke|p1|Jumpluff, L50, F|\n|poke|p1|Great Tusk, L50|\n|poke|p1|Wo-Chien, L50|\n|poke|p2|Flutter Mane, L50|\n|poke|p2|Dragonite, L50, F|\n|poke|p2|Ting-Lu, L50|\n|poke|p2|Chien-Pao, L50|\n|poke|p2|Amoonguss, L50, M|\n|poke|p2|Dondozo, L50, F|\n|teampreview|4\n|\n|t:|1681863019\n|start\n|switch|p1a: Jumpluff|Jumpluff, L50, F|100\/100\n|switch|p1b: Torkoal|Torkoal, L50, F|100\/100\n|switch|p2a: Dragonite|Dragonite, L50, F|100\/100\n|switch|p2b: Ting-Lu|Ting-Lu, L50|100\/100\n|-ability|p2b: Ting-Lu|Vessel of Ruin\n|-weather|SunnyDay|[from] ability: Drought|[of] p1b: Torkoal\n|turn|1\n|\n|t:|1681863067\n|-terastallize|p2a: Dragonite|Flying\n|move|p1a: Jumpluff|Sleep Powder|p2a: Dragonite\n|-status|p2a: Dragonite|slp|[from] move: Sleep Powder\n|cant|p2a: Dragonite|slp\n|move|p2b: Ting-Lu|Taunt|p1a: Jumpluff\n|-start|p1a: Jumpluff|move: Taunt\n|move|p1b: Torkoal|Overheat|p2b: Ting-Lu\n|-damage|p2b: Ting-Lu|48\/100\n|-unboost|p1b: Torkoal|spa|2\n|-enditem|p1b: Torkoal|Eject Pack\n|\n|t:|1681863083\n|switch|p1b: Flutter Mane|Flutter Mane, L50|100\/100\n|-activate|p1b: Flutter Mane|ability: Protosynthesis\n|-start|p1b: Flutter Mane|protosynthesisspe\n|\n|-weather|SunnyDay|[upkeep]\n|upkeep\n|turn|2\n|\n|t:|1681863095\n|switch|p1a: Chi-Yu|Chi-Yu, L50|100\/100\n|-ability|p1a: Chi-Yu|Beads of Ruin\n|move|p2b: Ting-Lu|Protect|p2b: Ting-Lu\n|-singleturn|p2b: Ting-Lu|Protect\n|move|p1b: Flutter Mane|Dazzling Gleam|p2a: Dragonite|[spread] p2a\n|-activate|p2b: Ting-Lu|move: Protect\n|-damage|p2a: Dragonite|86\/100 slp\n|-curestatus|p2a: Dragonite|slp|[msg]\n|move|p2a: Dragonite|Tera Blast|p1b: Flutter Mane\n|-enditem|p1b: Flutter Mane|Focus Sash\n|-damage|p1b: Flutter Mane|1\/100\n|\n|-weather|SunnyDay|[upkeep]\n|upkeep\n|turn|3\n|inactive|Battle timer is ON: inactive players will automatically lose when time's up. (requested by LordSno)\n|\n|t:|1681863143\n|switch|p2b: Flutter Mane|Flutter Mane, L50|100\/100\n|-activate|p2b: Flutter Mane|ability: Protosynthesis\n|-start|p2b: Flutter Mane|protosynthesisspe\n|move|p1b: Flutter Mane|Dazzling Gleam|p2a: Dragonite|[spread] p2a,p2b\n|-damage|p2a: Dragonite|49\/100\n|-damage|p2b: Flutter Mane|54\/100\n|move|p1a: Chi-Yu|Heat Wave|p2b: Flutter Mane|[spread] p2a,p2b\n|-damage|p2a: Dragonite|0 fnt\n|-damage|p2b: Flutter Mane|0 fnt\n|faint|p2a: Dragonite\n|faint|p2b: Flutter Mane\n|-end|p2b: Flutter Mane|Protosynthesis|[silent]\n|-damage|p1a: Chi-Yu|90\/100|[from] item: Life Orb\n|\n|-weather|SunnyDay|[upkeep]\n|upkeep\n|\n|t:|1681863156\n|switch|p2b: Chien-Pao|Chien-Pao, L50|100\/100\n|switch|p2a: Ting-Lu|Ting-Lu, L50|48\/100\n|-ability|p2b: Chien-Pao|Sword of Ruin\n|-ability|p2a: Ting-Lu|Vessel of Ruin\n|turn|4\n|\n|t:|1681863173\n|move|p2b: Chien-Pao|Protect|p2b: Chien-Pao\n|-singleturn|p2b: Chien-Pao|Protect\n|move|p1b: Flutter Mane|Dazzling Gleam|p2a: Ting-Lu|[spread] p2a\n|-activate|p2b: Chien-Pao|move: Protect\n|-supereffective|p2a: Ting-Lu\n|-damage|p2a: Ting-Lu|1\/100\n|move|p1a: Chi-Yu|Heat Wave|p2b: Chien-Pao|[spread] \n|-activate|p2b: Chien-Pao|move: Protect\n|-miss|p1a: Chi-Yu|p2a: Ting-Lu\n|move|p2a: Ting-Lu|Earthquake|p1a: Chi-Yu|[spread] p1a,p1b\n|-activate|p2b: Chien-Pao|move: Protect\n|-supereffective|p1a: Chi-Yu\n|-damage|p1a: Chi-Yu|0 fnt\n|-damage|p1b: Flutter Mane|0 fnt\n|faint|p1a: Chi-Yu\n|faint|p1b: Flutter Mane\n|-end|p1b: Flutter Mane|Protosynthesis|[silent]\n|\n|-weather|SunnyDay|[upkeep]\n|upkeep\n|\n|t:|1681863187\n|switch|p1b: Jumpluff|Jumpluff, L50, F|100\/100\n|switch|p1a: Torkoal|Torkoal, L50, F|100\/100\n|turn|5\n|inactive|LordSno has 30 seconds left.\n|\n|t:|1681863220\n|move|p2a: Ting-Lu|Protect|p2a: Ting-Lu\n|-singleturn|p2a: Ting-Lu|Protect\n|move|p1b: Jumpluff|Sleep Powder|p2b: Chien-Pao|[miss]\n|-miss|p1b: Jumpluff|p2b: Chien-Pao\n|move|p2b: Chien-Pao|Ice Spinner|p1b: Jumpluff\n|-supereffective|p1b: Jumpluff\n|-damage|p1b: Jumpluff|0 fnt\n|faint|p1b: Jumpluff\n|move|p1a: Torkoal|Heat Wave|p2b: Chien-Pao|[spread] p2b\n|-activate|p2a: Ting-Lu|move: Protect\n|-supereffective|p2b: Chien-Pao\n|-enditem|p2b: Chien-Pao|Focus Sash\n|-damage|p2b: Chien-Pao|1\/100\n|-status|p2b: Chien-Pao|brn\n|\n|-weather|none\n|-damage|p2b: Chien-Pao|0 fnt|[from] brn\n|faint|p2b: Chien-Pao\n|upkeep\n|turn|6\n|\n|t:|1681863243\n|-terastallize|p1a: Torkoal|Grass\n|move|p2a: Ting-Lu|Earthquake|p1a: Torkoal\n|-resisted|p1a: Torkoal\n|-damage|p1a: Torkoal|82\/100\n|move|p1a: Torkoal|Overheat|p2a: Ting-Lu\n|-damage|p2a: Ting-Lu|0 fnt\n|-unboost|p1a: Torkoal|spa|2\n|faint|p2a: Ting-Lu\n|\n|win|LordSno\n|raw|LordSno's rating: 1265 → 1284<\/strong> (+19 for winning)\n|raw|Chaisuke's rating: 1174 → 1155<\/strong> (-19 for losing)\n","uploadtime":1681863256,"views":18,"p1id":"lordsno","p2id":"chaisuke","formatid":"gen9vgc2023regulationc","rating":1155,"private":0,"password":""}