{"id":"gen9vgc2023regulationc-1845800051","p1":"Mik96","p2":"KoramTrainer","format":"[Gen 9] VGC 2023 Regulation C","log":"|j|\u2606Mik96\n|j|\u2606KoramTrainer\n|t:|1681765793\n|gametype|doubles\n|player|p1|Mik96|101|1120\n|player|p2|KoramTrainer|hilbert|1224\n|teamsize|p1|6\n|teamsize|p2|4\n|gen|9\n|tier|[Gen 9] VGC 2023 Regulation C\n|rated|\n|rule|Species Clause: Limit one of each Pok\u00e9mon\n|rule|Item Clause: Limit one of each item\n|clearpoke\n|poke|p1|Palafin, L50, F|\n|poke|p1|Chien-Pao, L50|\n|poke|p1|Dragapult, L50, M|\n|poke|p1|Amoonguss, L50, F|\n|poke|p1|Arcanine, L50, F|\n|poke|p1|Flutter Mane, L50|\n|poke|p2|Corviknight, L50, M|\n|poke|p2|Rotom-Wash, L50|\n|poke|p2|Ting-Lu, L50|\n|poke|p2|Flutter Mane, L50|\n|teampreview|4\n|inactive|Battle timer is ON: inactive players will automatically lose when time's up. (requested by KoramTrainer)\nMik96 has agreed to open team sheets.\n|\n|t:|1681765822\n|start\n|switch|p1a: WoChien|Amoonguss, L50, F|100\/100\n|switch|p1b: Mimi|Flutter Mane, L50|100\/100\n|switch|p2a: Corviknight|Corviknight, L50, M|100\/100\n|switch|p2b: Rotom|Rotom-Wash, L50|100\/100\n|-enditem|p1b: Mimi|Booster Energy\n|-activate|p1b: Mimi|ability: Protosynthesis|[fromitem]\n|-start|p1b: Mimi|protosynthesisspa\n|turn|1\n|inactive|KoramTrainer has 30 seconds left.\n|inactive|KoramTrainer has 20 seconds left.\n|inactive|KoramTrainer has 15 seconds left.\n|inactive|KoramTrainer has 10 seconds left.\n|inactive|KoramTrainer has 5 seconds left.\n|\n|t:|1681765874\n|move|p1b: Mimi|Moonblast|p2b: Rotom\n|-damage|p2b: Rotom|39\/100\n|move|p2b: Rotom|Thunderbolt|p1a: WoChien\n|-resisted|p1a: WoChien\n|-damage|p1a: WoChien|84\/100\n|move|p2a: Corviknight|Brave Bird|p1a: WoChien\n|-supereffective|p1a: WoChien\n|-damage|p1a: WoChien|5\/100\n|-enditem|p1a: WoChien|Sitrus Berry|[eat]\n|-heal|p1a: WoChien|30\/100|[from] item: Sitrus Berry\n|-damage|p2a: Corviknight|73\/100|[from] Recoil\n|move|p1a: WoChien|Spore|p2a: Corviknight\n|-status|p2a: Corviknight|slp|[from] move: Spore\n|\n|-heal|p2a: Corviknight|79\/100 slp|[from] item: Leftovers\n|upkeep\n|turn|2\n|inactive|Mik96 has 30 seconds left.\n|inactive|KoramTrainer has 30 seconds left.\n|inactive|KoramTrainer has 20 seconds left.\n|inactive|KoramTrainer has 15 seconds left.\n|inactive|KoramTrainer has 10 seconds left.\n|\n|t:|1681765923\n|switch|p2b: Flutter Mane|Flutter Mane, L50|100\/100\n|-enditem|p2b: Flutter Mane|Booster Energy\n|-activate|p2b: Flutter Mane|ability: Protosynthesis|[fromitem]\n|-start|p2b: Flutter Mane|protosynthesisspe\n|switch|p1a: Dnite|Dragapult, L50, M|100\/100\n|move|p1b: Mimi|Dazzling Gleam|p2a: Corviknight|[spread] p2a,p2b\n|-resisted|p2a: Corviknight\n|-damage|p2a: Corviknight|61\/100 slp\n|-damage|p2b: Flutter Mane|62\/100\n|cant|p2a: Corviknight|slp\n|\n|-heal|p2a: Corviknight|67\/100 slp|[from] item: Leftovers\n|upkeep\n|turn|3\n|inactive|Mik96 has 30 seconds left.\n|inactive|KoramTrainer has 30 seconds left.\n|\n|t:|1681765956\n|move|p2b: Flutter Mane|Protect|p2b: Flutter Mane\n|-singleturn|p2b: Flutter Mane|Protect\n|move|p1b: Mimi|Protect|p1b: Mimi\n|-singleturn|p1b: Mimi|Protect\n|move|p1a: Dnite|U-turn|p2b: Flutter Mane\n|-activate|p2b: Flutter Mane|move: Protect\n|-curestatus|p2a: Corviknight|slp|[msg]\n|move|p2a: Corviknight|Iron Head|p1b: Mimi\n|-activate|p1b: Mimi|move: Protect\n|\n|-heal|p2a: Corviknight|73\/100|[from] item: Leftovers\n|upkeep\n|turn|4\n|inactive|KoramTrainer has 30 seconds left.\n|inactive|KoramTrainer has 20 seconds left.\n|\n|t:|1681765993\n|-end|p2b: Flutter Mane|Protosynthesis|[silent]\n|switch|p2b: Ting-Lu|Ting-Lu, L50|100\/100\n|-ability|p2b: Ting-Lu|Vessel of Ruin\n|-end|p1b: Mimi|Protosynthesis|[silent]\n|switch|p1b: WoChien|Amoonguss, L50, F|63\/100\n|move|p1a: Dnite|U-turn|p2b: Ting-Lu\n|-supereffective|p2b: Ting-Lu\n|-damage|p2b: Ting-Lu|57\/100\n|\n|t:|1681766006\n|switch|p1a: Mimi|Flutter Mane, L50|100\/100|[from] U-turn\n|move|p2a: Corviknight|Iron Head|p1b: WoChien\n|-crit|p1b: WoChien\n|-damage|p1b: WoChien|23\/100\n|\n|-heal|p2a: Corviknight|79\/100|[from] item: Leftovers\n|upkeep\n|turn|5\n|\n|t:|1681766027\n|-terastallize|p2b: Ting-Lu|Poison\n|move|p1b: WoChien|Rage Powder|p1b: WoChien\n|-singleturn|p1b: WoChien|move: Rage Powder\n|move|p1a: Mimi|Dazzling Gleam|p2b: Ting-Lu|[spread] p2a,p2b\n|-resisted|p2a: Corviknight\n|-resisted|p2b: Ting-Lu\n|-damage|p2a: Corviknight|68\/100\n|-damage|p2b: Ting-Lu|52\/100\n|move|p2a: Corviknight|Brave Bird|p1b: WoChien\n|-supereffective|p1b: WoChien\n|-damage|p1b: WoChien|0 fnt\n|faint|p1b: WoChien\n|-damage|p2a: Corviknight|60\/100|[from] Recoil\n|move|p2b: Ting-Lu|Heavy Slam|p1a: Mimi\n|-supereffective|p1a: Mimi\n|-damage|p1a: Mimi|0 fnt\n|faint|p1a: Mimi\n|-end|p1a: Mimi|Protosynthesis|[silent]\n|\n|-heal|p2a: Corviknight|66\/100|[from] item: Leftovers\n|upkeep\n|\n|t:|1681766043\n|switch|p1a: Bundle|Chien-Pao, L50|100\/100\n|switch|p1b: Dnite|Dragapult, L50, M|100\/100\n|-ability|p1a: Bundle|Sword of Ruin\n|turn|6\n|inactive|KoramTrainer has 30 seconds left.\n|\n|t:|1681766070\n|-terastallize|p1b: Dnite|Steel\n|move|p1b: Dnite|Phantom Force||[still]\n|-prepare|p1b: Dnite|Phantom Force\n|move|p1a: Bundle|Ice Spinner|p2b: Ting-Lu\n|-damage|p2b: Ting-Lu|20\/100\n|move|p2a: Corviknight|Bulk Up|p2a: Corviknight\n|-boost|p2a: Corviknight|atk|1\n|-boost|p2a: Corviknight|def|1\n|move|p2b: Ting-Lu|Body Press|p1a: Bundle\n|-supereffective|p1a: Bundle\n|-enditem|p1a: Bundle|Focus Sash\n|-damage|p1a: Bundle|1\/100\n|\n|-heal|p2a: Corviknight|72\/100|[from] item: Leftovers\n|upkeep\n|turn|7\n|inactive|KoramTrainer has 30 seconds left.\n|inactive|KoramTrainer has 20 seconds left.\n|\n|t:|1681766110\n|switch|p2b: Rotom|Rotom-Wash, L50|39\/100\n|move|p1b: Dnite|Phantom Force|p2b: Rotom|[from]lockedmove\n|-damage|p2b: Rotom|0 fnt\n|faint|p2b: Rotom\n|move|p1a: Bundle|Sacred Sword|p2a: Corviknight\n|-damage|p2a: Corviknight|44\/100\n|move|p2a: Corviknight|Brave Bird|p1b: Dnite\n|-resisted|p1b: Dnite\n|-damage|p1b: Dnite|38\/100\n|-damage|p2a: Corviknight|27\/100|[from] Recoil\n|\n|-heal|p2a: Corviknight|33\/100|[from] item: Leftovers\n|upkeep\n|\n|t:|1681766128\n|switch|p2b: Flutter Mane|Flutter Mane, L50|62\/100\n|turn|8\n|\n|t:|1681766151\n|move|p1b: Dnite|Phantom Force||[still]\n|-prepare|p1b: Dnite|Phantom Force\n|move|p2b: Flutter Mane|Dazzling Gleam|p1b: Dnite|[spread] p1a\n|-miss|p2b: Flutter Mane|p1b: Dnite\n|-supereffective|p1a: Bundle\n|-damage|p1a: Bundle|0 fnt\n|faint|p1a: Bundle\n|move|p2a: Corviknight|Roost|p2a: Corviknight\n|-heal|p2a: Corviknight|83\/100\n|-singleturn|p2a: Corviknight|move: Roost\n|\n|-heal|p2a: Corviknight|89\/100|[from] item: Leftovers\n|upkeep\n|turn|9\n|\n|t:|1681766167\n|-end|p2b: Flutter Mane|Protosynthesis|[silent]\n|switch|p2b: Ting-Lu|Ting-Lu, L50, tera:Poison|20\/100\n|-ability|p2b: Ting-Lu|Vessel of Ruin\n|move|p1b: Dnite|Phantom Force|p2b: Ting-Lu|[from]lockedmove\n|-damage|p2b: Ting-Lu|0 fnt\n|faint|p2b: Ting-Lu\n|move|p2a: Corviknight|Brave Bird|p1b: Dnite\n|-resisted|p1b: Dnite\n|-damage|p1b: Dnite|0 fnt\n|faint|p1b: Dnite\n|-damage|p2a: Corviknight|79\/100|[from] Recoil\n|\n|win|KoramTrainer\n|raw|Mik96's rating: 1120 → 1102<\/strong> (-18 for losing)\n|raw|KoramTrainer's rating: 1224 → 1242<\/strong> (+18 for winning)\n|l|\u2606Mik96\n","uploadtime":1681766183,"views":5,"p1id":"mik96","p2id":"koramtrainer","formatid":"gen9vgc2023regulationc","rating":1102,"private":0,"password":""}