{"id":"gen9vgc2023regulationc-1846630737","p1":"Chowdurr","p2":"Nucleartoad","format":"[Gen 9] VGC 2023 Regulation C","log":"|j|\u2606Chowdurr\n|j|\u2606Nucleartoad\n|t:|1681859277\n|gametype|doubles\n|player|p1|Chowdurr|170|1212\n|player|p2|Nucleartoad|janine|1156\n|teamsize|p1|6\n|teamsize|p2|6\n|gen|9\n|tier|[Gen 9] VGC 2023 Regulation C\n|rated|\n|rule|Species Clause: Limit one of each Pok\u00e9mon\n|rule|Item Clause: Limit one of each item\n|clearpoke\n|poke|p1|Dondozo, L50, M|\n|poke|p1|Tatsugiri-Droopy, L50, F|\n|poke|p1|Pelipper, L50, F|\n|poke|p1|Drednaw, L50, M|\n|poke|p1|Dragonite, L50, F|\n|poke|p1|Chien-Pao, L50|\n|poke|p2|Sunflora, L50, M|\n|poke|p2|Torkoal, L50, M|\n|poke|p2|Hatterene, L50, F|\n|poke|p2|Hariyama, L50, M|\n|poke|p2|Flamigo, L50, F|\n|poke|p2|Luxray, L50, M|\n|teampreview|4\n|\n|t:|1681859304\n|start\n|switch|p1a: Drednaw|Drednaw, L50, M|100\/100\n|switch|p1b: Pelipper|Pelipper, L50, F|100\/100\n|switch|p2a: NatKing Koal|Torkoal, L50, M|100\/100\n|switch|p2b: Irene Cara|Hatterene, L50, F|100\/100\n|-weather|RainDance|[from] ability: Drizzle|[of] p1b: Pelipper\n|-weather|SunnyDay|[from] ability: Drought|[of] p2a: NatKing Koal\n|turn|1\n|\n|t:|1681859329\n|switch|p1b: Dondozo|Dondozo, L50, M|100\/100\n|move|p1a: Drednaw|Rock Slide|p2b: Irene Cara|[spread] p2a,p2b\n|-supereffective|p2a: NatKing Koal\n|-damage|p2a: NatKing Koal|28\/100\n|-damage|p2b: Irene Cara|51\/100\n|move|p2a: NatKing Koal|Overheat|p1b: Dondozo\n|-resisted|p1b: Dondozo\n|-damage|p1b: Dondozo|53\/100\n|-unboost|p2a: NatKing Koal|spa|2\n|-enditem|p2a: NatKing Koal|Eject Pack\n|\n|t:|1681859344\n|switch|p2a: Sunny Bono|Sunflora, L50, M|100\/100\n|move|p2b: Irene Cara|Trick Room|p2b: Irene Cara\n|-fieldstart|move: Trick Room|[of] p2b: Irene Cara\n|\n|-weather|SunnyDay|[upkeep]\n|-damage|p2a: Sunny Bono|88\/100|[from] ability: Solar Power|[of] p2a: Sunny Bono\n|upkeep\n|turn|2\n|\n|t:|1681859374\n|switch|p2b: FlamingoLips|Flamigo, L50, F|100\/100\n|-terastallize|p1a: Drednaw|Grass\n|move|p1b: Dondozo|Protect|p1b: Dondozo\n|-singleturn|p1b: Dondozo|Protect\n|move|p2a: Sunny Bono|Solar Beam||[still]\n|-prepare|p2a: Sunny Bono|Solar Beam\n|-anim|p2a: Sunny Bono|Solar Beam|p1b: Dondozo\n|-activate|p1b: Dondozo|move: Protect\n|move|p1a: Drednaw|Rock Slide|p2a: Sunny Bono|[spread] p2a,p2b\n|-crit|p2a: Sunny Bono\n|-damage|p2a: Sunny Bono|0 fnt\n|-damage|p2b: FlamingoLips|51\/100\n|faint|p2a: Sunny Bono\n|\n|-weather|SunnyDay|[upkeep]\n|upkeep\n|\n|t:|1681859396\n|switch|p2a: Irene Cara|Hatterene, L50, F|51\/100\n|turn|3\n|\n|t:|1681859416\n|move|p2b: FlamingoLips|Wide Guard|p2b: FlamingoLips\n|-singleturn|p2b: FlamingoLips|Wide Guard\n|move|p2a: Irene Cara|Psychic|p1b: Dondozo\n|-damage|p1b: Dondozo|0 fnt\n|faint|p1b: Dondozo\n|move|p1a: Drednaw|Rock Slide|p2a: Irene Cara|[spread] \n|-activate|p2a: Irene Cara|move: Wide Guard\n|-activate|p2b: FlamingoLips|move: Wide Guard\n|\n|-weather|SunnyDay|[upkeep]\n|upkeep\n|\n|t:|1681859420\n|switch|p1b: Tatsugiri|Tatsugiri-Droopy, L50, F, shiny|100\/100\n|turn|4\n|\n|t:|1681859437\n|move|p1b: Tatsugiri|Helping Hand|p1a: Drednaw\n|-singleturn|p1a: Drednaw|Helping Hand|[of] p1b: Tatsugiri\n|move|p2b: FlamingoLips|Feint|p1b: Tatsugiri\n|-damage|p1b: Tatsugiri|84\/100\n|move|p2a: Irene Cara|Draining Kiss|p1b: Tatsugiri\n|-supereffective|p1b: Tatsugiri\n|-damage|p1b: Tatsugiri|9\/100\n|-heal|p2a: Irene Cara|100\/100|[from] drain|[of] p1b: Tatsugiri\n|move|p1a: Drednaw|Rock Slide|p2a: Irene Cara|[spread] p2a\n|-miss|p1a: Drednaw|p2b: FlamingoLips\n|-damage|p2a: Irene Cara|27\/100\n|\n|-weather|SunnyDay|[upkeep]\n|upkeep\n|turn|5\n|\n|t:|1681859465\n|switch|p1b: Pelipper|Pelipper, L50, F|100\/100\n|-weather|RainDance|[from] ability: Drizzle|[of] p1b: Pelipper\n|move|p2a: Irene Cara|Psychic|p1a: Drednaw\n|-damage|p1a: Drednaw|19\/100\n|move|p2b: FlamingoLips|Close Combat|p1a: Drednaw\n|-damage|p1a: Drednaw|0 fnt\n|-unboost|p2b: FlamingoLips|def|1\n|-unboost|p2b: FlamingoLips|spd|1\n|faint|p1a: Drednaw\n|\n|-weather|RainDance|[upkeep]\n|-fieldend|move: Trick Room\n|upkeep\n|\n|t:|1681859469\n|switch|p1a: Tatsugiri|Tatsugiri-Droopy, L50, F, shiny|9\/100\n|turn|6\n|l|\u2606Chowdurr\n|player|p1|\n|inactive|Battle timer is ON: inactive players will automatically lose when time's up. (requested by Nucleartoad)\n|j|\u2606Chowdurr\n|inactive|Chowdurr reconnected and has 90 seconds left.\n|player|p1|Chowdurr|170\n|\n|t:|1681859525\n|switch|p2a: NatKing Koal|Torkoal, L50, M|28\/100\n|-weather|SunnyDay|[from] ability: Drought|[of] p2a: NatKing Koal\n|move|p2b: FlamingoLips|Feint|p1a: Tatsugiri\n|-damage|p1a: Tatsugiri|0 fnt\n|faint|p1a: Tatsugiri\n|move|p1b: Pelipper|Hurricane|p2a: NatKing Koal|[miss]\n|-miss|p1b: Pelipper|p2a: NatKing Koal\n|\n|-weather|SunnyDay|[upkeep]\n|upkeep\n|turn|7\n|inactive|Nucleartoad has 30 seconds left.\n|\n|t:|1681859550\n|move|p2b: FlamingoLips|Close Combat|p1b: Pelipper\n|-resisted|p1b: Pelipper\n|-damage|p1b: Pelipper|72\/100\n|-unboost|p2b: FlamingoLips|def|1\n|-unboost|p2b: FlamingoLips|spd|1\n|move|p1b: Pelipper|Hydro Pump|p2a: NatKing Koal|[miss]\n|-miss|p1b: Pelipper|p2a: NatKing Koal\n|move|p2a: NatKing Koal|Overheat|p1b: Pelipper\n|-resisted|p1b: Pelipper\n|-damage|p1b: Pelipper|14\/100\n|-unboost|p2a: NatKing Koal|spa|2\n|\n|-weather|SunnyDay|[upkeep]\n|upkeep\n|turn|8\n|-message|Chowdurr forfeited.\n|\n|win|Nucleartoad\n|raw|Chowdurr's rating: 1212 → 1183<\/strong> (-29 for losing)\n|raw|Nucleartoad's rating: 1156 → 1185<\/strong> (+29 for winning)\n|l|\u2606Chowdurr\n|c|\u2606Nucleartoad|Gg\n","uploadtime":1681859569,"views":8,"p1id":"chowdurr","p2id":"nucleartoad","formatid":"gen9vgc2023regulationc","rating":1183,"private":0,"password":""}