{"id":"gen9vgc2023regulationc-1846232707","p1":"GB Seraphix","p2":"OznerolVGC","format":"[Gen 9] VGC 2023 Regulation C","log":"|j|\u2606GB Seraphix\n|j|\u2606OznerolVGC\n|t:|1681823839\n|gametype|doubles\n|player|p1|GB Seraphix|rosa|1203\n|player|p2|OznerolVGC|169|1253\n|teamsize|p1|6\n|teamsize|p2|6\n|gen|9\n|tier|[Gen 9] VGC 2023 Regulation C\n|rated|\n|rule|Species Clause: Limit one of each Pok\u00e9mon\n|rule|Item Clause: Limit one of each item\n|clearpoke\n|poke|p1|Chi-Yu, L50|\n|poke|p1|Dachsbun, L50, F|\n|poke|p1|Flutter Mane, L50|\n|poke|p1|Baxcalibur, L50, M|\n|poke|p1|Amoonguss, L50, M|\n|poke|p1|Dragonite, L50, M|\n|poke|p2|Palafin, L50, F|\n|poke|p2|Arcanine, L50, F|\n|poke|p2|Amoonguss, L50, F|\n|poke|p2|Flutter Mane, L50|\n|poke|p2|Ting-Lu, L50|\n|poke|p2|Roaring Moon, L50|\n|teampreview|4\n|inactive|Battle timer is ON: inactive players will automatically lose when time's up. (requested by OznerolVGC)\n|inactive|GB Seraphix has 60 seconds left.\n|\n|t:|1681823884\n|start\n|switch|p1a: Joice|Flutter Mane, L50|100\/100\n|switch|p1b: Riko|Baxcalibur, L50, M|100\/100\n|switch|p2a: Ting-Lu|Ting-Lu, L50|100\/100\n|switch|p2b: Palafin|Palafin, L50, F|100\/100\n|-ability|p2a: Ting-Lu|Vessel of Ruin\n|-enditem|p1a: Joice|Booster Energy\n|-activate|p1a: Joice|ability: Protosynthesis|[fromitem]\n|-start|p1a: Joice|protosynthesisspe\n|turn|1\n|inactive|GB Seraphix has 30 seconds left.\n|inactive|OznerolVGC has 30 seconds left.\n|\n|t:|1681823917\n|detailschange|p2b: Palafin|Palafin-Hero, L50, F\n|switch|p2b: Arcanine|Arcanine, L50, F|100\/100\n|-ability|p2b: Arcanine|Intimidate|boost\n|-unboost|p1a: Joice|atk|1\n|-unboost|p1b: Riko|atk|1\n|-terastallize|p1a: Joice|Grass\n|-terastallize|p2a: Ting-Lu|Poison\n|move|p1a: Joice|Moonblast|p2a: Ting-Lu\n|-resisted|p2a: Ting-Lu\n|-damage|p2a: Ting-Lu|91\/100\n|move|p1b: Riko|Icicle Crash|p2a: Ting-Lu\n|-damage|p2a: Ting-Lu|71\/100\n|move|p2a: Ting-Lu|Heavy Slam|p1a: Joice\n|-damage|p1a: Joice|32\/100\n|\n|upkeep\n|turn|2\n|inactive|OznerolVGC has 30 seconds left.\n|inactive|OznerolVGC has 20 seconds left.\n|inactive|OznerolVGC has 15 seconds left.\n|\n|t:|1681823961\n|move|p1a: Joice|Protect|p1a: Joice\n|-singleturn|p1a: Joice|Protect\n|move|p2b: Arcanine|Protect|p2b: Arcanine\n|-singleturn|p2b: Arcanine|Protect\n|move|p1b: Riko|Stomping Tantrum|p2a: Ting-Lu\n|-supereffective|p2a: Ting-Lu\n|-damage|p2a: Ting-Lu|47\/100\n|move|p2a: Ting-Lu|Heavy Slam|p1b: Riko\n|-supereffective|p1b: Riko\n|-damage|p1b: Riko|59\/100\n|\n|upkeep\n|turn|3\n|\n|t:|1681823981\n|-end|p1a: Joice|Protosynthesis|[silent]\n|switch|p1a: Chocnut|Dachsbun, L50, F|100\/100\n|switch|p2a: Amoonguss|Amoonguss, L50, F|100\/100\n|move|p2b: Arcanine|Flare Blitz|p1a: Chocnut\n|-ability|p1a: Chocnut|Well-Baked Body|boost\n|-boost|p1a: Chocnut|def|2\n|move|p1b: Riko|Stomping Tantrum|p2a: Amoonguss\n|-damage|p2a: Amoonguss|85\/100\n|\n|upkeep\n|turn|4\n|inactive|OznerolVGC has 30 seconds left.\n|\n|t:|1681824007\n|switch|p2b: Palafin|Palafin-Hero, L50, F|100\/100\n|-activate|p2b: Palafin|ability: Zero to Hero\n|switch|p1b: Joice|Flutter Mane, L50, tera:Grass|32\/100\n|move|p1a: Chocnut|Substitute|p1a: Chocnut\n|-start|p1a: Chocnut|Substitute\n|-damage|p1a: Chocnut|75\/100\n|move|p2a: Amoonguss|Spore||[still]\n|-fail|p2a: Amoonguss\n|\n|-heal|p1a: Chocnut|82\/100|[from] item: Leftovers\n|upkeep\n|turn|5\n|\n|t:|1681824030\n|move|p1b: Joice|Protect|p1b: Joice\n|-singleturn|p1b: Joice|Protect\n|move|p2b: Palafin|Protect|p2b: Palafin\n|-singleturn|p2b: Palafin|Protect\n|move|p1a: Chocnut|Yawn|p2b: Palafin\n|-activate|p2b: Palafin|move: Protect\n|move|p2a: Amoonguss|Pollen Puff|p1b: Joice\n|-activate|p1b: Joice|move: Protect\n|\n|-heal|p1a: Chocnut|88\/100|[from] item: Leftovers\n|upkeep\n|turn|6\n|l|\u2606GB Seraphix\n|inactive|GB Seraphix disconnected and has a minute to reconnect!\n|player|p1|\n|inactive|GB Seraphix has 30 seconds left.\n|j|\u2606GB Seraphix\n|inactive|GB Seraphix reconnected and has 25 seconds left.\n|player|p1|GB Seraphix|rosa\n|inactive|GB Seraphix has 20 seconds left.\n|\n|t:|1681824065\n|-end|p1b: Joice|Protosynthesis|[silent]\n|switch|p1b: Riko|Baxcalibur, L50, M|59\/100\n|move|p2b: Palafin|Jet Punch|p1b: Riko\n|-resisted|p1b: Riko\n|-damage|p1b: Riko|40\/100\n|move|p1a: Chocnut|Body Press|p2b: Palafin\n|-crit|p2b: Palafin\n|-damage|p2b: Palafin|46\/100\n|move|p2a: Amoonguss|Spore|p1b: Riko\n|-status|p1b: Riko|slp|[from] move: Spore\n|\n|-heal|p1a: Chocnut|94\/100|[from] item: Leftovers\n|upkeep\n|turn|7\n|\n|t:|1681824087\n|switch|p1b: Joice|Flutter Mane, L50, tera:Grass|32\/100\n|move|p2b: Palafin|Substitute|p2b: Palafin\n|-start|p2b: Palafin|Substitute\n|-damage|p2b: Palafin|22\/100\n|move|p1a: Chocnut|Body Press|p2b: Palafin\n|-end|p2b: Palafin|Substitute\n|move|p2a: Amoonguss|Pollen Puff|p2b: Palafin\n|-heal|p2b: Palafin|72\/100\n|\n|-heal|p1a: Chocnut|99\/100|[from] item: Leftovers\n|upkeep\n|turn|8\n|\n|t:|1681824110\n|move|p1b: Joice|Moonblast|p2b: Palafin\n|-damage|p2b: Palafin|22\/100\n|move|p2b: Palafin|Substitute|p2b: Palafin\n|-fail|p2b: Palafin|move: Substitute|[weak]\n|move|p1a: Chocnut|Yawn|p2a: Amoonguss\n|-start|p2a: Amoonguss|move: Yawn|[of] p1a: Chocnut\n|move|p2a: Amoonguss|Pollen Puff|p2b: Palafin\n|-heal|p2b: Palafin|72\/100\n|\n|-heal|p1a: Chocnut|100\/100|[from] item: Leftovers\n|upkeep\n|turn|9\n|\n|t:|1681824135\n|-end|p1b: Joice|Protosynthesis|[silent]\n|switch|p1b: Riko|Baxcalibur, L50, M|40\/100 slp\n|switch|p2a: Arcanine|Arcanine, L50, F|100\/100\n|-ability|p2a: Arcanine|Intimidate|boost\n|-immune|p1a: Chocnut\n|-unboost|p1b: Riko|atk|1\n|move|p2b: Palafin|Jet Punch|p1b: Riko\n|-resisted|p1b: Riko\n|-damage|p1b: Riko|21\/100 slp\n|move|p1a: Chocnut|Body Press|p2b: Palafin\n|-damage|p2b: Palafin|34\/100\n|\n|upkeep\n|turn|10\n|inactive|OznerolVGC has 30 seconds left.\n|\n|t:|1681824160\n|switch|p1b: Joice|Flutter Mane, L50, tera:Grass|32\/100\n|move|p2b: Palafin|Protect|p2b: Palafin\n|-singleturn|p2b: Palafin|Protect\n|move|p2a: Arcanine|Howl|p2a: Arcanine|[spread] p2a,p2b\n|-boost|p2a: Arcanine|atk|1\n|-boost|p2b: Palafin|atk|1\n|move|p1a: Chocnut|Body Press|p2b: Palafin\n|-activate|p2b: Palafin|move: Protect\n|\n|upkeep\n|turn|11\n|inactive|OznerolVGC has 30 seconds left.\n|\n|t:|1681824189\n|switch|p2b: Amoonguss|Amoonguss, L50, F|100\/100\n|move|p1b: Joice|Protect|p1b: Joice\n|-singleturn|p1b: Joice|Protect\n|move|p2a: Arcanine|Flare Blitz|p1b: Joice\n|-activate|p1b: Joice|move: Protect\n|move|p1a: Chocnut|Body Press|p2b: Amoonguss\n|-resisted|p2b: Amoonguss\n|-damage|p2b: Amoonguss|82\/100\n|\n|upkeep\n|turn|12\n|inactive|GB Seraphix has 30 seconds left.\n|inactive|OznerolVGC has 30 seconds left.\n|inactive|GB Seraphix has 20 seconds left.\n|\n|t:|1681824225\n|-end|p1b: Joice|Protosynthesis|[silent]\n|switch|p1b: Riko|Baxcalibur, L50, M|21\/100 slp\n|move|p2b: Amoonguss|Rage Powder|p2b: Amoonguss\n|-singleturn|p2b: Amoonguss|move: Rage Powder\n|move|p2a: Arcanine|Flare Blitz|p1b: Riko\n|-damage|p1b: Riko|0 fnt\n|faint|p1b: Riko\n|-damage|p2a: Arcanine|93\/100|[from] Recoil\n|move|p1a: Chocnut|Yawn|p2b: Amoonguss\n|-start|p2b: Amoonguss|move: Yawn|[of] p1a: Chocnut\n|\n|upkeep\n|\n|t:|1681824236\n|switch|p1b: Nemo|Chi-Yu, L50|100\/100\n|-ability|p1b: Nemo|Beads of Ruin\n|turn|13\n|inactive|GB Seraphix has 30 seconds left.\n|inactive|OznerolVGC has 30 seconds left.\n|\n|t:|1681824271\n|switch|p2b: Palafin|Palafin-Hero, L50, F|34\/100\n|move|p1b: Nemo|Dark Pulse|p2b: Palafin\n|-damage|p2b: Palafin|0 fnt\n|faint|p2b: Palafin\n|move|p2a: Arcanine|Howl|p2a: Arcanine\n|-boost|p2a: Arcanine|atk|1\n|move|p1a: Chocnut|Body Press|p2a: Arcanine\n|-damage|p2a: Arcanine|48\/100\n|\n|upkeep\n|\n|t:|1681824287\n|switch|p2b: Amoonguss|Amoonguss, L50, F|100\/100\n|turn|14\n|\n|t:|1681824297\n|switch|p1b: Joice|Flutter Mane, L50, tera:Grass|32\/100\n|move|p2b: Amoonguss|Rage Powder|p2b: Amoonguss\n|-singleturn|p2b: Amoonguss|move: Rage Powder\n|move|p2a: Arcanine|Flare Blitz|p1b: Joice\n|-supereffective|p1b: Joice\n|-damage|p1b: Joice|0 fnt\n|faint|p1b: Joice\n|-end|p1b: Joice|Protosynthesis|[silent]\n|-damage|p2a: Arcanine|40\/100|[from] Recoil\n|move|p1a: Chocnut|Body Press|p2b: Amoonguss\n|-resisted|p2b: Amoonguss\n|-damage|p2b: Amoonguss|85\/100\n|\n|upkeep\n|\n|t:|1681824309\n|switch|p1b: Nemo|Chi-Yu, L50|100\/100\n|-ability|p1b: Nemo|Beads of Ruin\n|turn|15\n|\n|t:|1681824320\n|move|p2a: Arcanine|Protect|p2a: Arcanine\n|-singleturn|p2a: Arcanine|Protect\n|move|p2b: Amoonguss|Protect|p2b: Amoonguss\n|-singleturn|p2b: Amoonguss|Protect\n|move|p1b: Nemo|Lava Plume|p2b: Amoonguss|[spread] \n|-activate|p2a: Arcanine|move: Protect\n|-activate|p2b: Amoonguss|move: Protect\n|-ability|p1a: Chocnut|Well-Baked Body|boost\n|-boost|p1a: Chocnut|def|2\n|move|p1a: Chocnut|Body Press|p2a: Arcanine\n|-activate|p2a: Arcanine|move: Protect\n|\n|upkeep\n|turn|16\n|inactive|OznerolVGC has 30 seconds left.\n|\n|t:|1681824345\n|switch|p2b: Ting-Lu|Ting-Lu, L50, tera:Poison|47\/100\n|-ability|p2b: Ting-Lu|Vessel of Ruin\n|move|p1b: Nemo|Lava Plume|p2b: Ting-Lu|[spread] p2a,p2b\n|-ability|p1a: Chocnut|Well-Baked Body|boost\n|-boost|p1a: Chocnut|def|2\n|-resisted|p2a: Arcanine\n|-damage|p2a: Arcanine|28\/100\n|-damage|p2b: Ting-Lu|30\/100\n|-status|p2b: Ting-Lu|brn\n|move|p2a: Arcanine|Flare Blitz|p1b: Nemo\n|-resisted|p1b: Nemo\n|-damage|p1b: Nemo|33\/100\n|-damage|p2a: Arcanine|13\/100|[from] Recoil\n|move|p1a: Chocnut|Body Press|p2a: Arcanine\n|-damage|p2a: Arcanine|0 fnt\n|faint|p2a: Arcanine\n|\n|-damage|p2b: Ting-Lu|23\/100 brn|[from] brn\n|upkeep\n|\n|t:|1681824362\n|switch|p2a: Amoonguss|Amoonguss, L50, F|100\/100\n|turn|17\n|\n|t:|1681824371\n|move|p1b: Nemo|Lava Plume|p2b: Ting-Lu|[spread] p2a,p2b\n|-immune|p1a: Chocnut|[from] ability: Well-Baked Body\n|-supereffective|p2a: Amoonguss\n|-damage|p2a: Amoonguss|46\/100\n|-damage|p2b: Ting-Lu|9\/100 brn\n|-enditem|p2a: Amoonguss|Sitrus Berry|[eat]\n|-heal|p2a: Amoonguss|70\/100|[from] item: Sitrus Berry\n|move|p1a: Chocnut|Body Press|p2b: Ting-Lu\n|-resisted|p2b: Ting-Lu\n|-damage|p2b: Ting-Lu|0 fnt\n|faint|p2b: Ting-Lu\n|move|p2a: Amoonguss|Spore|p1b: Nemo\n|-status|p1b: Nemo|slp|[from] move: Spore\n|\n|upkeep\n|turn|18\n|\n|t:|1681824386\n|cant|p1b: Nemo|slp\n|move|p1a: Chocnut|Body Press|p2a: Amoonguss\n|-resisted|p2a: Amoonguss\n|-damage|p2a: Amoonguss|37\/100\n|move|p2a: Amoonguss|Pollen Puff|p1b: Nemo\n|-damage|p1b: Nemo|11\/100 slp\n|\n|upkeep\n|turn|19\n|-message|OznerolVGC forfeited.\n|\n|win|GB Seraphix\n|raw|GB Seraphix's rating: 1203 → 1232<\/strong> (+29 for winning)\n|raw|OznerolVGC's rating: 1253 → 1224<\/strong> (-29 for losing)\n|l|\u2606OznerolVGC\n","uploadtime":1681824520,"views":13,"p1id":"gbseraphix","p2id":"oznerolvgc","formatid":"gen9vgc2023regulationc","rating":1224,"private":0,"password":""}