{"id":"gen9vgc2023regulationc-1850975457","p1":"brunovisk2","p2":"leafyarrow","format":"[Gen 9] VGC 2023 Regulation C","log":"|j|\u2606brunovisk2\n|j|\u2606leafyarrow\n|t:|1682389078\n|gametype|doubles\n|player|p1|brunovisk2|bruno|\n|player|p2|leafyarrow|leaf-gen3|\n|teamsize|p1|6\n|teamsize|p2|6\n|gen|9\n|tier|[Gen 9] VGC 2023 Regulation C\n|rated|Tournament battle\n|rule|Species Clause: Limit one of each Pok\u00e9mon\n|rule|Item Clause: Limit one of each item\n|clearpoke\n|poke|p1|Dondozo, L50, M|\n|poke|p1|Tatsugiri, L50, M|\n|poke|p1|Wo-Chien, L50|\n|poke|p1|Glimmora, L50, M|\n|poke|p1|Maushold-Four, L50|\n|poke|p1|Annihilape, L50, F|\n|poke|p2|Flutter Mane, L50|\n|poke|p2|Palafin, L50, M|\n|poke|p2|Amoonguss, L50, M|\n|poke|p2|Ting-Lu, L50|\n|poke|p2|Arcanine, L50, F|\n|poke|p2|Jolteon, L50, M|\n|teampreview|4\n|raw| Open Team Sheet for brunovisk2<\/summary>Dondozo @ Leftovers Ability: Unaware Level: 50 Tera Type: Grass - Wave Crash - Earthquake - Fissure - Protect Tatsugiri @ Choice Scarf Ability: Commander Level: 50 Tera Type: Water - Draco Meteor - Muddy Water - Icy Wind - Chilling Water Wo-Chien @ Iapapa Berry Ability: Tablets of Ruin Level: 50 Tera Type: Water - Foul Play - Leech Seed - Mean Look - Protect Glimmora @ Assault Vest Ability: Toxic Debris Level: 50 Tera Type: Grass - Power Gem - Energy Ball - Mortal Spin - Earth Power Maushold (Maushold-Four) @ Safety Goggles Ability: Friend Guard Level: 50 Tera Type: Ghost - Follow Me - Beat Up - Super Fang - Protect Annihilape @ Sitrus Berry Ability: Defiant Level: 50 Tera Type: Water - Drain Punch - Bulk Up - Rage Fist - Protect <\/details><\/div> Open Team Sheet for leafyarrow<\/summary>Flutter Mane @ Choice Specs Ability: Protosynthesis Level: 50 Tera Type: Fairy - Moonblast - Dazzling Gleam - Shadow Ball - Power Gem Palafin @ Mystic Water Ability: Zero to Hero Level: 50 Tera Type: Water - Jet Punch - Wave Crash - Haze - Protect Amoonguss @ Sitrus Berry Ability: Regenerator Level: 50 Tera Type: Flying - Pollen Puff - Protect - Spore - Rage Powder Ting-Lu @ Assault Vest Ability: Vessel of Ruin Level: 50 Tera Type: Poison - Ruination - Stomping Tantrum - Heavy Slam - Fissure Arcanine @ Safety Goggles Ability: Intimidate Level: 50 Tera Type: Grass - Flare Blitz - Will-O-Wisp - Protect - Extreme Speed Jolteon @ Focus Sash Ability: Volt Absorb Level: 50 Tera Type: Flying - Thunderbolt - Tickle - Detect - Tera Blast <\/details><\/div>\n|inactive|Battle timer is ON: inactive players will automatically lose when time's up. (requested by brunovisk2)\n|c|\u2606brunovisk2|glhf\n|c|\u2606leafyarrow|glhf\n|inactive|leafyarrow has 60 seconds left.\n|j| 1vLTRM 414X\n|inactive|leafyarrow has 30 seconds left.\n|\n|t:|1682389156\n|start\n|switch|p1a: Annihilape|Annihilape, L50, F|100\/100\n|switch|p1b: Maushold|Maushold-Four, L50|100\/100\n|switch|p2a: Jolteon|Jolteon, L50, M|100\/100\n|switch|p2b: Arcanine|Arcanine, L50, F|100\/100\n|-ability|p2b: Arcanine|Intimidate|boost\n|-unboost|p1a: Annihilape|atk|1\n|-ability|p1a: Annihilape|Defiant|boost\n|-boost|p1a: Annihilape|atk|2\n|-unboost|p1b: Maushold|atk|1\n|turn|1\n|inactive|leafyarrow has 30 seconds left.\n|inactive|leafyarrow has 20 seconds left.\n|inactive|leafyarrow has 15 seconds left.\n|\n|t:|1682389200\n|switch|p2b: Flutter Mane|Flutter Mane, L50|100\/100\n|move|p2a: Jolteon|Thunderbolt|p1b: Maushold\n|-damage|p1b: Maushold|45\/100\n|move|p1b: Maushold|Super Fang|p2b: Flutter Mane\n|-immune|p2b: Flutter Mane\n|move|p1a: Annihilape|Rage Fist|p2b: Flutter Mane\n|-supereffective|p2b: Flutter Mane\n|-damage|p2b: Flutter Mane|0 fnt\n|faint|p2b: Flutter Mane\n|-end|p2b: Flutter Mane|Protosynthesis|[silent]\n|\n|upkeep\n|\n|t:|1682389214\n|switch|p2b: Amoonguss|Amoonguss, L50, M|100\/100\n|turn|2\n|inactive|leafyarrow has 30 seconds left.\n|inactive|leafyarrow has 20 seconds left.\n|inactive|leafyarrow has 15 seconds left.\n|\n|t:|1682389257\n|move|p1b: Maushold|Follow Me|p1b: Maushold\n|-singleturn|p1b: Maushold|move: Follow Me\n|move|p2a: Jolteon|Thunderbolt|p1b: Maushold\n|-damage|p1b: Maushold|0 fnt\n|faint|p1b: Maushold\n|move|p1a: Annihilape|Bulk Up|p1a: Annihilape\n|-boost|p1a: Annihilape|atk|1\n|-boost|p1a: Annihilape|def|1\n|move|p2b: Amoonguss|Spore|p1a: Annihilape\n|-status|p1a: Annihilape|slp|[from] move: Spore\n|\n|upkeep\n|\n|t:|1682389272\n|switch|p1b: Dondozo|Dondozo, L50, M|100\/100\n|turn|3\n|inactive|leafyarrow has 30 seconds left.\n|\n|t:|1682389301\n|switch|p1a: Tatsugiri|Tatsugiri, L50, M|100\/100\n|-activate|p1a: Tatsugiri|ability: Commander|[of] p1b: Dondozo\n|-boost|p1b: Dondozo|atk|2\n|-boost|p1b: Dondozo|spa|2\n|-boost|p1b: Dondozo|spe|2\n|-boost|p1b: Dondozo|def|2\n|-boost|p1b: Dondozo|spd|2\n|-terastallize|p2a: Jolteon|Flying\n|-terastallize|p1b: Dondozo|Grass\n|move|p2a: Jolteon|Tera Blast|p1b: Dondozo\n|-supereffective|p1b: Dondozo\n|-damage|p1b: Dondozo|66\/100\n|move|p1b: Dondozo|Fissure|p2b: Amoonguss\n|-damage|p2b: Amoonguss|0 fnt\n|faint|p2b: Amoonguss\n|-ohko\n|\n|-heal|p1b: Dondozo|73\/100|[from] item: Leftovers\n|upkeep\n|\n|t:|1682389317\n|switch|p2b: Arcanine|Arcanine, L50, F|100\/100\n|-ability|p2b: Arcanine|Intimidate|boost\n|-unboost|p1a: Tatsugiri|atk|1\n|-unboost|p1b: Dondozo|atk|1\n|turn|4\n|inactive|leafyarrow has 30 seconds left.\n|inactive|leafyarrow has 20 seconds left.\n|inactive|leafyarrow has 15 seconds left.\n|\n|t:|1682389357\n|move|p2b: Arcanine|Protect|p2b: Arcanine\n|-singleturn|p2b: Arcanine|Protect\n|move|p2a: Jolteon|Tera Blast|p1b: Dondozo\n|-supereffective|p1b: Dondozo\n|-damage|p1b: Dondozo|36\/100\n|move|p1b: Dondozo|Wave Crash|p2b: Arcanine\n|-activate|p2b: Arcanine|move: Protect\n|\n|-heal|p1b: Dondozo|42\/100|[from] item: Leftovers\n|upkeep\n|turn|5\n|\n|t:|1682389378\n|move|p1b: Dondozo|Protect|p1b: Dondozo\n|-singleturn|p1b: Dondozo|Protect\n|move|p2b: Arcanine|Extreme Speed|p1b: Dondozo\n|-activate|p1b: Dondozo|move: Protect\n|move|p2a: Jolteon|Tera Blast|p1b: Dondozo\n|-activate|p1b: Dondozo|move: Protect\n|\n|-heal|p1b: Dondozo|48\/100|[from] item: Leftovers\n|upkeep\n|turn|6\n|\n|t:|1682389399\n|move|p2b: Arcanine|Protect|p2b: Arcanine\n|-singleturn|p2b: Arcanine|Protect\n|move|p2a: Jolteon|Tickle|p1b: Dondozo\n|-unboost|p1b: Dondozo|atk|1\n|-unboost|p1b: Dondozo|def|1\n|move|p1b: Dondozo|Wave Crash|p2b: Arcanine\n|-activate|p2b: Arcanine|move: Protect\n|\n|-heal|p1b: Dondozo|54\/100|[from] item: Leftovers\n|upkeep\n|turn|7\n|inactive|leafyarrow has 30 seconds left.\n|\n|t:|1682389428\n|move|p2a: Jolteon|Tickle|p1b: Dondozo\n|-unboost|p1b: Dondozo|atk|1\n|-unboost|p1b: Dondozo|def|1\n|move|p2b: Arcanine|Will-O-Wisp|p1b: Dondozo\n|-status|p1b: Dondozo|brn\n|move|p1b: Dondozo|Wave Crash|p2b: Arcanine\n|-supereffective|p2b: Arcanine\n|-crit|p2b: Arcanine\n|-damage|p2b: Arcanine|40\/100\n|-damage|p1b: Dondozo|39\/100 brn|[from] Recoil\n|\n|-heal|p1b: Dondozo|45\/100 brn|[from] item: Leftovers\n|-damage|p1b: Dondozo|39\/100 brn|[from] brn\n|upkeep\n|turn|8\n|inactive|leafyarrow has 30 seconds left.\n|\n|t:|1682389458\n|move|p2b: Arcanine|Extreme Speed|p1b: Dondozo\n|-damage|p1b: Dondozo|29\/100 brn\n|move|p2a: Jolteon|Tera Blast|p1b: Dondozo\n|-supereffective|p1b: Dondozo\n|-damage|p1b: Dondozo|0 fnt\n|faint|p1b: Dondozo\n|\n|upkeep\n|\n|t:|1682389466\n|switch|p1b: Annihilape|Annihilape, L50, F|100\/100 slp\n|turn|9\n|\n|t:|1682389483\n|move|p2b: Arcanine|Extreme Speed|p1a: Tatsugiri\n|-crit|p1a: Tatsugiri\n|-damage|p1a: Tatsugiri|45\/100\n|move|p1a: Tatsugiri|Draco Meteor|p2a: Jolteon\n|-damage|p2a: Jolteon|29\/100\n|-unboost|p1a: Tatsugiri|spa|2\n|move|p2a: Jolteon|Thunderbolt|p1a: Tatsugiri\n|-damage|p1a: Tatsugiri|0 fnt\n|faint|p1a: Tatsugiri\n|cant|p1b: Annihilape|slp\n|\n|upkeep\n|turn|10\n|inactive|leafyarrow has 30 seconds left.\n|inactive|leafyarrow has 20 seconds left.\n|inactive|leafyarrow has 15 seconds left.\n|inactive|leafyarrow has 10 seconds left.\n|\n|t:|1682389532\n|move|p2a: Jolteon|Tera Blast|p1b: Annihilape\n|-supereffective|p1b: Annihilape\n|-damage|p1b: Annihilape|31\/100 slp\n|-enditem|p1b: Annihilape|Sitrus Berry|[eat]\n|-heal|p1b: Annihilape|56\/100 slp|[from] item: Sitrus Berry\n|move|p2b: Arcanine|Flare Blitz|p1b: Annihilape\n|-damage|p1b: Annihilape|8\/100 slp\n|-damage|p2b: Arcanine|23\/100|[from] Recoil\n|-curestatus|p1b: Annihilape|slp|[msg]\n|move|p1b: Annihilape|Rage Fist|p2b: Arcanine\n|-damage|p2b: Arcanine|0 fnt\n|faint|p2b: Arcanine\n|\n|upkeep\n|turn|11\n|\n|t:|1682389549\n|move|p1b: Annihilape|Protect|p1b: Annihilape\n|-singleturn|p1b: Annihilape|Protect\n|move|p2a: Jolteon|Tera Blast|p1b: Annihilape\n|-activate|p1b: Annihilape|move: Protect\n|\n|upkeep\n|turn|12\n|\n|t:|1682389557\n|move|p2a: Jolteon|Tera Blast|p1b: Annihilape\n|-supereffective|p1b: Annihilape\n|-damage|p1b: Annihilape|0 fnt\n|faint|p1b: Annihilape\n|\n|win|leafyarrow\n|n|\u2606brunovisk2|brunovisk2\n|n|\u2606leafyarrow|leafyarrow\n|n| 1vLTRM 414X|1vltrm414x\n|c|\u2606brunovisk2|gg\n|c|\u2606leafyarrow|gg\n","uploadtime":1682389565,"views":11,"p1id":"brunovisk2","p2id":"leafyarrow","formatid":"gen9vgc2023regulationc","rating":0,"private":0,"password":""}