{"id":"gen9vgc2023regulationc-1851752326","p1":"JavierTheFox","p2":"MLGmushroom","format":"[Gen 9] VGC 2023 Regulation C","log":"|j|\u2606JavierTheFox\n|j|\u2606MLGmushroom\n|t:|1682478254\n|gametype|doubles\n|player|p1|JavierTheFox|1|1208\n|player|p2|MLGmushroom|blue|1238\n|teamsize|p1|6\n|teamsize|p2|6\n|gen|9\n|tier|[Gen 9] VGC 2023 Regulation C\n|rated|\n|rule|Species Clause: Limit one of each Pok\u00e9mon\n|rule|Item Clause: Limit one of each item\n|clearpoke\n|poke|p1|Gyarados, L50, M|\n|poke|p1|Flutter Mane, L50|\n|poke|p1|Great Tusk, L50|\n|poke|p1|Chi-Yu, L50|\n|poke|p1|Tinkaton, L50, F|\n|poke|p1|Dragonite, L50, F|\n|poke|p2|Chien-Pao, L50|\n|poke|p2|Roaring Moon, L50|\n|poke|p2|Flutter Mane, L50|\n|poke|p2|Amoonguss, L50, F|\n|poke|p2|Gyarados, L50, M|\n|poke|p2|Scizor, L50, F|\n|teampreview|4\nJavierTheFox has agreed to open team sheets.\n|\n|t:|1682478298\n|start\n|switch|p1a: Tinkaton|Tinkaton, L50, F, shiny|100\/100\n|switch|p1b: Chi-Yu|Chi-Yu, L50|100\/100\n|switch|p2a: Gyarados|Gyarados, L50, M|100\/100\n|switch|p2b: Scizor|Scizor, L50, F|100\/100\n|-ability|p1b: Chi-Yu|Beads of Ruin\n|-ability|p2a: Gyarados|Intimidate|boost\n|-fail|p1a: Tinkaton|unboost|Attack|[from] ability: Own Tempo|[of] p1a: Tinkaton\n|-unboost|p1b: Chi-Yu|atk|1\n|-enditem|p1b: Chi-Yu|White Herb\n|-clearnegativeboost|p1b: Chi-Yu|[silent]\n|turn|1\n|\n|t:|1682478312\n|-terastallize|p1b: Chi-Yu|Grass\n|move|p2b: Scizor|Protect|p2b: Scizor\n|-singleturn|p2b: Scizor|Protect\n|move|p1a: Tinkaton|Fake Out|p2b: Scizor\n|-activate|p2b: Scizor|move: Protect\n|move|p1b: Chi-Yu|Dark Pulse|p2a: Gyarados\n|-damage|p2a: Gyarados|48\/100\n|move|p2a: Gyarados|Waterfall|p1b: Chi-Yu\n|-resisted|p1b: Chi-Yu\n|-damage|p1b: Chi-Yu|67\/100\n|\n|upkeep\n|turn|2\n|\n|t:|1682478330\n|-terastallize|p2b: Scizor|Fire\n|move|p1b: Chi-Yu|Heat Wave|p2a: Gyarados|[spread] p2a,p2b\n|-resisted|p2a: Gyarados\n|-resisted|p2b: Scizor\n|-damage|p2a: Gyarados|25\/100\n|-damage|p2b: Scizor|69\/100\n|move|p2a: Gyarados|Taunt|p1a: Tinkaton\n|-start|p1a: Tinkaton|move: Taunt\n|move|p1a: Tinkaton|Play Rough|p2a: Gyarados\n|-damage|p2a: Gyarados|0 fnt\n|faint|p2a: Gyarados\n|move|p2b: Scizor|U-turn|p1b: Chi-Yu\n|-supereffective|p1b: Chi-Yu\n|-damage|p1b: Chi-Yu|0 fnt\n|faint|p1b: Chi-Yu\n|\n|t:|1682478342\n|switch|p2b: Flutter Mane|Flutter Mane, L50|100\/100|[from] U-turn\n|\n|upkeep\n|\n|t:|1682478348\n|switch|p1b: Flutter Mane|Flutter Mane, L50|100\/100\n|switch|p2a: Chien-Pao|Chien-Pao, L50|100\/100\n|-ability|p2a: Chien-Pao|Sword of Ruin\n|turn|3\n|\n|t:|1682478357\n|move|p1b: Flutter Mane|Protect|p1b: Flutter Mane\n|-singleturn|p1b: Flutter Mane|Protect\n|move|p2b: Flutter Mane|Protect|p2b: Flutter Mane\n|-singleturn|p2b: Flutter Mane|Protect\n|move|p2a: Chien-Pao|Sucker Punch||[still]\n|-fail|p2a: Chien-Pao\n|move|p1a: Tinkaton|Gigaton Hammer|p2a: Chien-Pao\n|-supereffective|p2a: Chien-Pao\n|-enditem|p2a: Chien-Pao|Focus Sash\n|-damage|p2a: Chien-Pao|1\/100\n|\n|upkeep\n|turn|4\n|\n|t:|1682478380\n|switch|p2a: Scizor|Scizor, L50, F, tera:Fire|69\/100\n|move|p1b: Flutter Mane|Dazzling Gleam|p2a: Scizor|[spread] p2a,p2b\n|-resisted|p2a: Scizor\n|-damage|p2a: Scizor|51\/100\n|-damage|p2b: Flutter Mane|66\/100\n|move|p2b: Flutter Mane|Shadow Ball|p1b: Flutter Mane\n|-supereffective|p1b: Flutter Mane\n|-enditem|p1b: Flutter Mane|Focus Sash\n|-damage|p1b: Flutter Mane|1\/100\n|-damage|p2b: Flutter Mane|57\/100|[from] item: Life Orb\n|move|p1a: Tinkaton|Play Rough|p2a: Scizor\n|-resisted|p2a: Scizor\n|-damage|p2a: Scizor|39\/100\n|\n|-end|p1a: Tinkaton|move: Taunt\n|upkeep\n|turn|5\n|\n|t:|1682478408\n|move|p1b: Flutter Mane|Protect|p1b: Flutter Mane\n|-singleturn|p1b: Flutter Mane|Protect\n|move|p2b: Flutter Mane|Protect|p2b: Flutter Mane\n|-singleturn|p2b: Flutter Mane|Protect\n|move|p1a: Tinkaton|Gigaton Hammer|p2a: Scizor\n|-resisted|p2a: Scizor\n|-crit|p2a: Scizor\n|-damage|p2a: Scizor|9\/100\n|move|p2a: Scizor|Close Combat|p1a: Tinkaton\n|-damage|p1a: Tinkaton|60\/100\n|-unboost|p2a: Scizor|def|1\n|-unboost|p2a: Scizor|spd|1\n|\n|upkeep\n|turn|6\n|\n|t:|1682478436\n|move|p1b: Flutter Mane|Protect||[still]\n|-fail|p1b: Flutter Mane\n|move|p2a: Scizor|Bullet Punch|p1b: Flutter Mane\n|-supereffective|p1b: Flutter Mane\n|-damage|p1b: Flutter Mane|0 fnt\n|faint|p1b: Flutter Mane\n|-end|p1b: Flutter Mane|Protosynthesis|[silent]\n|move|p2b: Flutter Mane|Shadow Ball|p1a: Tinkaton\n|-damage|p1a: Tinkaton|17\/100\n|-enditem|p1a: Tinkaton|Figy Berry|[eat]\n|-heal|p1a: Tinkaton|50\/100|[from] item: Figy Berry\n|-damage|p2b: Flutter Mane|47\/100|[from] item: Life Orb\n|move|p1a: Tinkaton|Play Rough|p2a: Scizor|[miss]\n|-miss|p1a: Tinkaton|p2a: Scizor\n|\n|upkeep\n|\n|t:|1682478450\n|switch|p1b: Dragonite|Dragonite, L50, F, shiny|100\/100\n|turn|7\n|\n|t:|1682478480\n|move|p2b: Flutter Mane|Dazzling Gleam|p1a: Tinkaton|[spread] p1a,p1b\n|-resisted|p1a: Tinkaton\n|-supereffective|p1b: Dragonite\n|-damage|p1a: Tinkaton|36\/100\n|-damage|p1b: Dragonite|63\/100\n|-damage|p2b: Flutter Mane|38\/100|[from] item: Life Orb\n|move|p1a: Tinkaton|Gigaton Hammer|p2b: Flutter Mane\n|-supereffective|p2b: Flutter Mane\n|-crit|p2b: Flutter Mane\n|-damage|p2b: Flutter Mane|0 fnt\n|faint|p2b: Flutter Mane\n|-end|p2b: Flutter Mane|Protosynthesis|[silent]\n|move|p1b: Dragonite|Iron Head|p2a: Scizor\n|-resisted|p2a: Scizor\n|-damage|p2a: Scizor|0 fnt\n|faint|p2a: Scizor\n|\n|upkeep\n|\n|t:|1682478488\n|switch|p2a: Chien-Pao|Chien-Pao, L50|1\/100\n|-ability|p2a: Chien-Pao|Sword of Ruin\n|turn|8\n|c|\u2606MLGmushroom|ggs\n|\n|t:|1682478496\n|move|p2a: Chien-Pao|Ice Spinner|p1b: Dragonite\n|-supereffective|p1b: Dragonite\n|-damage|p1b: Dragonite|0 fnt\n|faint|p1b: Dragonite\n|move|p1a: Tinkaton|Play Rough|p2a: Chien-Pao\n|-supereffective|p2a: Chien-Pao\n|-damage|p2a: Chien-Pao|0 fnt\n|faint|p2a: Chien-Pao\n|\n|win|JavierTheFox\n|raw|JavierTheFox's rating: 1208 → 1235<\/strong> (+27 for winning)\n|raw|MLGmushroom's rating: 1238 → 1211<\/strong> (-27 for losing)\n|c|\u2606JavierTheFox|gg\n","uploadtime":1682478501,"views":9,"p1id":"javierthefox","p2id":"mlgmushroom","formatid":"gen9vgc2023regulationc","rating":1211,"private":0,"password":""}