{"id":"gen9vgc2023regulationc-1863108823","p1":"Mino907","p2":"haha you rage quit","format":"[Gen 9] VGC 2023 Regulation C","log":"|j|\u2606Mino907\n|j|\u2606haha you rage quit\n|t:|1683971781\n|gametype|doubles\n|player|p1|Mino907|richboy|1269\n|player|p2|haha you rage quit|pokemaniac|1205\n|teamsize|p1|6\n|teamsize|p2|6\n|gen|9\n|tier|[Gen 9] VGC 2023 Regulation C\n|rated|\n|rule|Species Clause: Limit one of each Pok\u00e9mon\n|rule|Item Clause: Limit one of each item\n|clearpoke\n|poke|p1|Kingambit, L50, F|\n|poke|p1|Annihilape, L50, M|\n|poke|p1|Ting-Lu, L50|\n|poke|p1|Maushold-Four, L50|\n|poke|p1|Arcanine, L50, F|\n|poke|p1|Chien-Pao, L50|\n|poke|p2|Hatterene, L50, F|\n|poke|p2|Armarouge, L50, M|\n|poke|p2|Indeedee-F, L50, F|\n|poke|p2|Torkoal, L50, M|\n|poke|p2|Kingambit, L50, M|\n|poke|p2|Annihilape, L50, M|\n|teampreview|4\n|inactive|Battle timer is ON: inactive players will automatically lose when time's up. (requested by haha you rage quit)\n|\n|t:|1683971829\n|start\n|switch|p1a: Ting-Lu|Ting-Lu, L50|100\/100\n|switch|p1b: Arcanine|Arcanine, L50, F|100\/100\n|switch|p2a: Indeedee|Indeedee-F, L50, F, shiny|100\/100\n|switch|p2b: Annihilape|Annihilape, L50, M|100\/100\n|-ability|p1b: Arcanine|Intimidate|boost\n|-unboost|p2a: Indeedee|atk|1\n|-unboost|p2b: Annihilape|atk|1\n|-ability|p2b: Annihilape|Defiant|boost\n|-boost|p2b: Annihilape|atk|2\n|-fieldstart|move: Psychic Terrain|[from] ability: Psychic Surge|[of] p2a: Indeedee\n|-enditem|p2a: Indeedee|Psychic Seed\n|-boost|p2a: Indeedee|spd|1|[from] item: Psychic Seed\n|-ability|p1a: Ting-Lu|Vessel of Ruin\n|turn|1\n|\n|t:|1683971852\n|move|p2a: Indeedee|Protect|p2a: Indeedee\n|-singleturn|p2a: Indeedee|Protect\n|move|p2b: Annihilape|Close Combat|p1a: Ting-Lu\n|-supereffective|p1a: Ting-Lu\n|-damage|p1a: Ting-Lu|19\/100\n|-unboost|p2b: Annihilape|def|1\n|-unboost|p2b: Annihilape|spd|1\n|-enditem|p1a: Ting-Lu|Aguav Berry|[eat]\n|-heal|p1a: Ting-Lu|52\/100|[from] item: Aguav Berry\n|move|p1b: Arcanine|Will-O-Wisp|p2b: Annihilape\n|-status|p2b: Annihilape|brn\n|move|p1a: Ting-Lu|Rock Slide|p2a: Indeedee|[spread] p2b\n|-activate|p2a: Indeedee|move: Protect\n|-resisted|p2b: Annihilape\n|-damage|p2b: Annihilape|88\/100 brn\n|\n|-damage|p2b: Annihilape|82\/100 brn|[from] brn\n|upkeep\n|turn|2\n|inactive|Mino907 has 30 seconds left.\n|inactive|Mino907 has 20 seconds left.\n|inactive|Mino907 has 15 seconds left.\n|inactive|Mino907 has 10 seconds left.\n|\n|t:|1683971899\n|-terastallize|p1b: Arcanine|Flying\n|move|p2b: Annihilape|Close Combat|p1a: Ting-Lu\n|-supereffective|p1a: Ting-Lu\n|-damage|p1a: Ting-Lu|13\/100\n|-unboost|p2b: Annihilape|def|1\n|-unboost|p2b: Annihilape|spd|1\n|move|p1b: Arcanine|Snarl|p2b: Annihilape|[spread] p2a,p2b\n|-supereffective|p2a: Indeedee\n|-damage|p2a: Indeedee|94\/100\n|-damage|p2b: Annihilape|70\/100 brn\n|-unboost|p2a: Indeedee|spa|1\n|-unboost|p2b: Annihilape|spa|1\n|-ability|p2b: Annihilape|Defiant|boost\n|-boost|p2b: Annihilape|atk|2\n|move|p1a: Ting-Lu|Earthquake|p2a: Indeedee|[spread] p2a,p2b\n|-immune|p1b: Arcanine\n|-crit|p2b: Annihilape\n|-damage|p2a: Indeedee|55\/100\n|-damage|p2b: Annihilape|0 fnt\n|faint|p2b: Annihilape\n|move|p2a: Indeedee|Trick Room|p2a: Indeedee\n|-fieldstart|move: Trick Room|[of] p2a: Indeedee\n|\n|upkeep\n|\n|t:|1683971919\n|switch|p2b: Hatterene|Hatterene, L50, F|100\/100\n|turn|3\n|\n|t:|1683971927\n|move|p2a: Indeedee|Helping Hand|p2b: Hatterene\n|-singleturn|p2b: Hatterene|Helping Hand|[of] p2a: Indeedee\n|move|p2b: Hatterene|Dazzling Gleam|p1b: Arcanine|[spread] p1a,p1b\n|-supereffective|p1a: Ting-Lu\n|-damage|p1a: Ting-Lu|0 fnt\n|-damage|p1b: Arcanine|40\/100\n|-enditem|p1b: Arcanine|Sitrus Berry|[eat]\n|-heal|p1b: Arcanine|65\/100|[from] item: Sitrus Berry\n|faint|p1a: Ting-Lu\n|-damage|p2b: Hatterene|91\/100|[from] item: Life Orb\n|move|p1b: Arcanine|Snarl|p2b: Hatterene|[spread] p2a,p2b\n|-supereffective|p2a: Indeedee\n|-damage|p2a: Indeedee|45\/100\n|-damage|p2b: Hatterene|82\/100\n|-unboost|p2a: Indeedee|spa|1\n|-unboost|p2b: Hatterene|spa|1\n|\n|upkeep\n|\n|t:|1683971942\n|switch|p1a: Kingambit|Kingambit, L50, F|100\/100\n|turn|4\n|\n|t:|1683971952\n|move|p2a: Indeedee|Helping Hand|p2b: Hatterene\n|-singleturn|p2b: Hatterene|Helping Hand|[of] p2a: Indeedee\n|move|p2b: Hatterene|Psychic|p1b: Arcanine\n|-damage|p1b: Arcanine|0 fnt\n|faint|p1b: Arcanine\n|-damage|p2b: Hatterene|72\/100|[from] item: Life Orb\n|move|p1a: Kingambit|Iron Head|p2b: Hatterene\n|-supereffective|p2b: Hatterene\n|-damage|p2b: Hatterene|0 fnt\n|faint|p2b: Hatterene\n|\n|upkeep\n|\n|t:|1683971962\n|switch|p2b: Kingambit|Kingambit, L50, M, shiny|100\/100\n|switch|p1b: Chien-Pao|Chien-Pao, L50|100\/100\n|-ability|p1b: Chien-Pao|Sword of Ruin\n|turn|5\n|\n|t:|1683971976\n|-terastallize|p2b: Kingambit|Flying\n|move|p2b: Kingambit|Low Kick|p1a: Kingambit\n|-supereffective|p1a: Kingambit\n|-damage|p1a: Kingambit|0 fnt\n|faint|p1a: Kingambit\n|move|p2a: Indeedee|Dazzling Gleam|p1b: Chien-Pao\n|-supereffective|p1b: Chien-Pao\n|-crit|p1b: Chien-Pao\n|-damage|p1b: Chien-Pao|20\/100\n|move|p1b: Chien-Pao|Sacred Sword|p2b: Kingambit\n|-resisted|p2b: Kingambit\n|-damage|p2b: Kingambit|85\/100\n|\n|-fieldend|move: Psychic Terrain\n|upkeep\n|turn|6\n|-message|Mino907 forfeited.\n|\n|win|haha you rage quit\n|raw|Mino907's rating: 1269 → 1239<\/strong> (-30 for losing)\n|raw|haha you rage quit's rating: 1205 → 1235<\/strong> (+30 for winning)\n|l|\u2606Mino907\n","uploadtime":1683972004,"views":6,"p1id":"mino907","p2id":"hahayouragequit","formatid":"gen9vgc2023regulationc","rating":1235,"private":0,"password":""}