{"id":"gen9vgc2023regulationc-1858836140","p1":"mufengvgc","p2":"RedsilverFR","format":"[Gen 9] VGC 2023 Regulation C","log":"|j|\u2606mufengvgc\n|j|\u2606RedsilverFR\n|t:|1683370803\n|gametype|doubles\n|player|p1|mufengvgc|266|\n|player|p2|RedsilverFR|red|\n|teamsize|p1|6\n|teamsize|p2|6\n|gen|9\n|tier|[Gen 9] VGC 2023 Regulation C\n|rule|Species Clause: Limit one of each Pok\u00e9mon\n|rule|Item Clause: Limit one of each item\n|clearpoke\n|poke|p1|Palafin, L50, M|\n|poke|p1|Amoonguss, L50, M|\n|poke|p1|Arcanine, L50, M|\n|poke|p1|Ting-Lu, L50|\n|poke|p1|Flutter Mane, L50|\n|poke|p1|Baxcalibur, L50, M|\n|poke|p2|Arcanine, L50, F|\n|poke|p2|Gholdengo, L50|\n|poke|p2|Amoonguss, L50, F|\n|poke|p2|Grimmsnarl, L50, M|\n|poke|p2|Rotom-Wash, L50|\n|poke|p2|Flutter Mane, L50|\n|teampreview|4\n|c|\u2606RedsilverFR|oops\n|c|\u2606RedsilverFR|forgot to open room\nmufengvgc has agreed to open team sheets.\n|c|\u2606RedsilverFR|\/log RedsilverFR made this room public.\nRedsilverFR has agreed to open team sheets.\n|c|\u2606mufengvgc|g1\n|j| baaaaat_\n|c|\u2606RedsilverFR|glhf\n|c|\u2606mufengvgc|glhf\n|l| baaaaat_\n|j| baaaaat_\n|j| UberVylit\n|\n|t:|1683371096\n|start\n|switch|p1a: Arcanine|Arcanine, L50, M|100\/100\n|switch|p1b: Ting-Lu|Ting-Lu, L50|100\/100\n|switch|p2a: Gholdengo|Gholdengo, L50|100\/100\n|switch|p2b: Grimmsnarl|Grimmsnarl, L50, M|100\/100\n|-ability|p1a: Arcanine|Intimidate|boost\n|-unboost|p2a: Gholdengo|atk|1\n|-unboost|p2b: Grimmsnarl|atk|1\n|-ability|p1b: Ting-Lu|Vessel of Ruin\n|turn|1\n|l| UberVylit\n|j| UberVylit\n|\n|t:|1683371127\n|-terastallize|p2a: Gholdengo|Water\n|move|p2b: Grimmsnarl|Reflect|p2b: Grimmsnarl\n|-sidestart|p2: RedsilverFR|Reflect\n|move|p1a: Arcanine|Howl|p1a: Arcanine|[spread] p1a,p1b\n|-boost|p1a: Arcanine|atk|1\n|-boost|p1b: Ting-Lu|atk|1\n|move|p2a: Gholdengo|Nasty Plot|p2a: Gholdengo\n|-boost|p2a: Gholdengo|spa|2\n|move|p1b: Ting-Lu|Fissure|p2a: Gholdengo|[miss]\n|-miss|p1b: Ting-Lu|p2a: Gholdengo\n|\n|upkeep\n|turn|2\n|\n|t:|1683371152\n|move|p2a: Gholdengo|Protect|p2a: Gholdengo\n|-singleturn|p2a: Gholdengo|Protect\n|move|p2b: Grimmsnarl|Parting Shot|p1a: Arcanine\n|-unboost|p1a: Arcanine|atk|1\n|-unboost|p1a: Arcanine|spa|1\n|\n|t:|1683371156\n|switch|p2b: Rotom|Rotom-Wash, L50|100\/100|[from] Parting Shot\n|move|p1a: Arcanine|Flare Blitz|p2b: Rotom\n|-resisted|p2b: Rotom\n|-damage|p2b: Rotom|82\/100\n|-damage|p1a: Arcanine|96\/100|[from] Recoil\n|move|p1b: Ting-Lu|Heavy Slam|p2b: Rotom\n|-resisted|p2b: Rotom\n|-damage|p2b: Rotom|72\/100\n|\n|upkeep\n|turn|3\n|\n|t:|1683371182\n|switch|p1a: Amoonguss|Amoonguss, L50, M|100\/100\n|move|p2b: Rotom|Hydro Pump|p1b: Ting-Lu\n|-supereffective|p1b: Ting-Lu\n|-damage|p1b: Ting-Lu|67\/100\n|move|p2a: Gholdengo|Make It Rain|p1b: Ting-Lu|[spread] p1a,p1b\n|-damage|p1a: Amoonguss|42\/100\n|-damage|p1b: Ting-Lu|33\/100\n|-unboost|p2a: Gholdengo|spa|1\n|move|p1b: Ting-Lu|Fissure|p2a: Gholdengo\n|-damage|p2a: Gholdengo|0 fnt\n|faint|p2a: Gholdengo\n|-ohko\n|\n|upkeep\n|\n|t:|1683371198\n|switch|p2a: Amoonguss|Amoonguss, L50, F|100\/100\n|turn|4\n|\n|t:|1683371216\n|-terastallize|p1b: Ting-Lu|Poison\n|move|p2b: Rotom|Hydro Pump|p1b: Ting-Lu\n|-damage|p1b: Ting-Lu|16\/100\n|move|p1b: Ting-Lu|Fissure|p2a: Amoonguss|[miss]\n|-miss|p1b: Ting-Lu|p2a: Amoonguss\n|move|p1a: Amoonguss|Pollen Puff|p1b: Ting-Lu\n|-heal|p1b: Ting-Lu|66\/100\n|move|p2a: Amoonguss|Spore|p1b: Ting-Lu\n|-status|p1b: Ting-Lu|slp|[from] move: Spore\n|\n|upkeep\n|turn|5\n|\n|t:|1683371236\n|switch|p1a: Arcanine|Arcanine, L50, M|96\/100\n|-ability|p1a: Arcanine|Intimidate|boost\n|-unboost|p2a: Amoonguss|atk|1\n|-unboost|p2b: Rotom|atk|1\n|move|p2b: Rotom|Will-O-Wisp|p1a: Arcanine\n|-immune|p1a: Arcanine\n|cant|p1b: Ting-Lu|slp\n|move|p2a: Amoonguss|Pollen Puff|p1a: Arcanine\n|-resisted|p1a: Arcanine\n|-damage|p1a: Arcanine|89\/100\n|\n|upkeep\n|turn|6\n|\n|t:|1683371260\n|switch|p1a: Amoonguss|Amoonguss, L50, M|75\/100\n|switch|p2a: Grimmsnarl|Grimmsnarl, L50, M|100\/100\n|move|p2b: Rotom|Hydro Pump|p1b: Ting-Lu\n|-damage|p1b: Ting-Lu|49\/100 slp\n|-curestatus|p1b: Ting-Lu|slp|[msg]\n|move|p1b: Ting-Lu|Stomping Tantrum|p2a: Grimmsnarl\n|-damage|p2a: Grimmsnarl|28\/100\n|\n|upkeep\n|turn|7\n|c|\u2606RedsilverFR|gg\n|-message|RedsilverFR forfeited.\n|\n|win|mufengvgc\n","uploadtime":1683371276,"views":42,"p1id":"mufengvgc","p2id":"redsilverfr","formatid":"gen9vgc2023regulationc","rating":0,"private":0,"password":""}