{"id":"gen9vgc2023regulationc-1857187855","p1":"TrendanBrendan","p2":"GruffuddH","format":"[Gen 9] VGC 2023 Regulation C","log":"|j|\u2606TrendanBrendan\n|j|\u2606GruffuddH\n|t:|1683155640\n|gametype|doubles\n|player|p1|TrendanBrendan|elio|\n|player|p2|GruffuddH|rika|\n|teamsize|p1|6\n|teamsize|p2|6\n|gen|9\n|tier|[Gen 9] VGC 2023 Regulation C\n|rule|Species Clause: Limit one of each Pok\u00e9mon\n|rule|Item Clause: Limit one of each item\n|clearpoke\n|poke|p1|Crocalor, L50, M|\n|poke|p1|Palafin, L50, F|\n|poke|p1|Amoonguss, L50, F|\n|poke|p1|Flutter Mane, L50|\n|poke|p1|Ting-Lu, L50|\n|poke|p1|Corviknight, L50, F|\n|poke|p2|Orthworm, L50, M|\n|poke|p2|Gastrodon, L50, F|\n|poke|p2|Flutter Mane, L50|\n|poke|p2|Wo-Chien, L50|\n|poke|p2|Arcanine, L50, M|\n|poke|p2|Iron Bundle, L50|\n|teampreview|4\nTrendanBrendan rejected open team sheets.\n|inactive|Battle timer is ON: inactive players will automatically lose when time's up. (requested by GruffuddH)\n|inactive|TrendanBrendan has 60 seconds left.\n|\n|t:|1683155735\n|start\n|switch|p1a: Wispa|Flutter Mane, L50|100\/100\n|switch|p1b: Brieze|Palafin, L50, F, shiny|100\/100\n|switch|p2a: Iron FUMBLE|Iron Bundle, L50|100\/100\n|switch|p2b: BORthworm|Orthworm, L50, M|100\/100\n|-enditem|p2a: Iron FUMBLE|Booster Energy\n|-activate|p2a: Iron FUMBLE|ability: Quark Drive|[fromitem]\n|-start|p2a: Iron FUMBLE|quarkdrivespe\n|turn|1\n|inactive|TrendanBrendan has 30 seconds left.\n|inactive|GruffuddH has 30 seconds left.\n|\n|t:|1683155766\n|-end|p1a: Wispa|Protosynthesis|[silent]\n|switch|p1a: Crocalor|Crocalor, L50, M|100\/100\n|move|p2a: Iron FUMBLE|Icy Wind|p1a: Crocalor|[spread] p1a,p1b\n|-resisted|p1a: Crocalor\n|-resisted|p1b: Brieze\n|-damage|p1a: Crocalor|94\/100\n|-damage|p1b: Brieze|88\/100\n|-unboost|p1a: Crocalor|spe|1\n|-unboost|p1b: Brieze|spe|1\n|move|p2b: BORthworm|Iron Defense|p2b: BORthworm\n|-boost|p2b: BORthworm|def|2\n|move|p1b: Brieze|Close Combat|p2a: Iron FUMBLE\n|-supereffective|p2a: Iron FUMBLE\n|-damage|p2a: Iron FUMBLE|20\/100\n|-unboost|p1b: Brieze|def|1\n|-unboost|p1b: Brieze|spd|1\n|\n|upkeep\n|turn|2\n|inactive|GruffuddH has 30 seconds left.\n|\n|t:|1683155793\n|detailschange|p1b: Brieze|Palafin-Hero, L50, F, shiny\n|switch|p1b: Corviknight|Corviknight, L50, F, shiny|100\/100\n|move|p2a: Iron FUMBLE|Freeze-Dry|p1b: Corviknight\n|-damage|p1b: Corviknight|65\/100\n|move|p2b: BORthworm|Body Press|p1b: Corviknight\n|-damage|p1b: Corviknight|22\/100\n|move|p1a: Crocalor|Will-O-Wisp|p2b: BORthworm\n|-status|p2b: BORthworm|brn\n|\n|-damage|p2b: BORthworm|94\/100 brn|[from] brn\n|upkeep\n|turn|3\n|\n|t:|1683155817\n|move|p2a: Iron FUMBLE|Hydro Pump|p1a: Crocalor|[miss]\n|-miss|p2a: Iron FUMBLE|p1a: Crocalor\n|move|p1b: Corviknight|Roost|p1b: Corviknight\n|-heal|p1b: Corviknight|73\/100\n|-singleturn|p1b: Corviknight|move: Roost\n|move|p2b: BORthworm|Body Press|p1b: Corviknight\n|-supereffective|p1b: Corviknight\n|-damage|p1b: Corviknight|34\/100\n|move|p1a: Crocalor|Heat Wave|p2b: BORthworm|[spread] p2a\n|-miss|p1a: Crocalor|p2b: BORthworm\n|-damage|p2a: Iron FUMBLE|0 fnt\n|faint|p2a: Iron FUMBLE\n|-end|p2a: Iron FUMBLE|Quark Drive|[silent]\n|\n|-damage|p2b: BORthworm|88\/100 brn|[from] brn\n|upkeep\n|\n|t:|1683155832\n|switch|p2a: ASStrodon|Gastrodon, L50, F|100\/100\n|turn|4\n|inactive|GruffuddH has 30 seconds left.\n|\n|t:|1683155857\n|-terastallize|p1b: Corviknight|Flying\n|move|p1b: Corviknight|Roost|p1b: Corviknight\n|-heal|p1b: Corviknight|84\/100\n|-hint|If a Flying Terastallized Pokemon uses Roost, it remains Flying-type.\n|move|p2b: BORthworm|Body Press|p1a: Crocalor\n|-damage|p1a: Crocalor|83\/100\n|move|p2a: ASStrodon|Earth Power|p1a: Crocalor\n|-supereffective|p1a: Crocalor\n|-damage|p1a: Crocalor|48\/100\n|move|p1a: Crocalor|Snarl|p2a: ASStrodon|[spread] p2a\n|-miss|p1a: Crocalor|p2b: BORthworm\n|-damage|p2a: ASStrodon|94\/100\n|\n|-damage|p2b: BORthworm|82\/100 brn|[from] brn\n|upkeep\n|turn|5\n|inactive|GruffuddH has 30 seconds left.\n|\n|t:|1683155889\n|move|p1b: Corviknight|Bulk Up|p1b: Corviknight\n|-boost|p1b: Corviknight|atk|1\n|-boost|p1b: Corviknight|def|1\n|move|p2b: BORthworm|Shed Tail|p2b: BORthworm\n|-start|p2b: BORthworm|Substitute|[from] move: Shed Tail\n|-damage|p2b: BORthworm|32\/100 brn\n|-enditem|p2b: BORthworm|Sitrus Berry|[eat]\n|-heal|p2b: BORthworm|57\/100 brn|[from] item: Sitrus Berry\n|\n|t:|1683155896\n|switch|p2b: BLOW-chien|Wo-Chien, L50|100\/100|[from] Shed Tail\n|-ability|p2b: BLOW-chien|Tablets of Ruin\n|move|p2a: ASStrodon|Yawn|p1a: Crocalor\n|-start|p1a: Crocalor|move: Yawn|[of] p2a: ASStrodon\n|move|p1a: Crocalor|Heat Wave|p2a: ASStrodon|[spread] p2a,p2b\n|-supereffective|p2b: BLOW-chien\n|-end|p2b: BLOW-chien|Substitute\n|-resisted|p2a: ASStrodon\n|-damage|p2a: ASStrodon|87\/100\n|\n|upkeep\n|turn|6\n|inactive|TrendanBrendan has 30 seconds left.\n|inactive|GruffuddH has 30 seconds left.\n|inactive|GruffuddH has 20 seconds left.\n|inactive|TrendanBrendan has 20 seconds left.\n|inactive|GruffuddH has 15 seconds left.\n|\n|t:|1683155938\n|-terastallize|p2b: BLOW-chien|Poison\n|move|p2b: BLOW-chien|Leech Seed|p1b: Corviknight\n|-start|p1b: Corviknight|move: Leech Seed\n|move|p1b: Corviknight|Brave Bird|p2b: BLOW-chien\n|-damage|p2b: BLOW-chien|45\/100\n|-damage|p1b: Corviknight|67\/100|[from] Recoil\n|move|p2a: ASStrodon|Clear Smog|p1a: Crocalor\n|-damage|p1a: Crocalor|42\/100\n|-clearboost|p1a: Crocalor\n|move|p1a: Crocalor|Heat Wave|p2b: BLOW-chien|[spread] p2a,p2b\n|-resisted|p2a: ASStrodon\n|-damage|p2a: ASStrodon|78\/100\n|-damage|p2b: BLOW-chien|31\/100\n|\n|-heal|p2b: BLOW-chien|37\/100|[from] item: Leftovers\n|-damage|p1b: Corviknight|55\/100|[from] Leech Seed|[of] p2b: BLOW-chien\n|-heal|p2b: BLOW-chien|50\/100|[silent]\n|-end|p1a: Crocalor|move: Yawn|[silent]\n|-status|p1a: Crocalor|slp\n|upkeep\n|turn|7\n|\n|t:|1683155960\n|move|p2b: BLOW-chien|Protect|p2b: BLOW-chien\n|-singleturn|p2b: BLOW-chien|Protect\n|move|p1b: Corviknight|Roost|p1b: Corviknight\n|-heal|p1b: Corviknight|100\/100\n|-hint|If a Flying Terastallized Pokemon uses Roost, it remains Flying-type.\n|cant|p1a: Crocalor|slp\n|move|p2a: ASStrodon|Yawn|p1b: Corviknight\n|-start|p1b: Corviknight|move: Yawn|[of] p2a: ASStrodon\n|\n|-heal|p2b: BLOW-chien|57\/100|[from] item: Leftovers\n|-damage|p1b: Corviknight|88\/100|[from] Leech Seed|[of] p2b: BLOW-chien\n|-heal|p2b: BLOW-chien|70\/100|[silent]\n|upkeep\n|turn|8\n|inactive|TrendanBrendan has 30 seconds left.\n|\n|t:|1683155988\n|switch|p1b: Brieze|Palafin-Hero, L50, F, shiny|88\/100\n|-activate|p1b: Brieze|ability: Zero to Hero\n|move|p2b: BLOW-chien|Ruination|p1b: Brieze\n|-damage|p1b: Brieze|45\/100\n|-curestatus|p1a: Crocalor|slp|[msg]\n|move|p1a: Crocalor|Snarl|p2a: ASStrodon|[spread] p2a,p2b\n|-crit|p2a: ASStrodon\n|-damage|p2a: ASStrodon|70\/100\n|-damage|p2b: BLOW-chien|64\/100\n|-unboost|p2b: BLOW-chien|spa|1\n|move|p2a: ASStrodon|Earth Power|p1a: Crocalor\n|-supereffective|p1a: Crocalor\n|-damage|p1a: Crocalor|5\/100\n|\n|-heal|p2b: BLOW-chien|70\/100|[from] item: Leftovers\n|upkeep\n|turn|9\n|inactive|GruffuddH has 30 seconds left.\n|\n|t:|1683156016\n|move|p1b: Brieze|Protect|p1b: Brieze\n|-singleturn|p1b: Brieze|Protect\n|move|p2b: BLOW-chien|Pollen Puff|p1b: Brieze\n|-activate|p1b: Brieze|move: Protect\n|move|p1a: Crocalor|Heat Wave|p2a: ASStrodon|[spread] p2a\n|-miss|p1a: Crocalor|p2b: BLOW-chien\n|-resisted|p2a: ASStrodon\n|-damage|p2a: ASStrodon|62\/100\n|move|p2a: ASStrodon|Clear Smog|p1b: Brieze\n|-activate|p1b: Brieze|move: Protect\n|\n|-heal|p2b: BLOW-chien|77\/100|[from] item: Leftovers\n|upkeep\n|turn|10\n|\n|t:|1683156039\n|switch|p1b: Corviknight|Corviknight, L50, F, shiny, tera:Flying|88\/100\n|move|p2b: BLOW-chien|Leech Seed|p1b: Corviknight\n|-start|p1b: Corviknight|move: Leech Seed\n|move|p1a: Crocalor|Heat Wave|p2a: ASStrodon|[spread] p2a,p2b\n|-resisted|p2a: ASStrodon\n|-damage|p2a: ASStrodon|54\/100\n|-damage|p2b: BLOW-chien|64\/100\n|move|p2a: ASStrodon|Clear Smog|p1a: Crocalor\n|-damage|p1a: Crocalor|0 fnt\n|-clearboost|p1a: Crocalor\n|faint|p1a: Crocalor\n|\n|-heal|p2b: BLOW-chien|70\/100|[from] item: Leftovers\n|-damage|p1b: Corviknight|76\/100|[from] Leech Seed|[of] p2b: BLOW-chien\n|-heal|p2b: BLOW-chien|83\/100|[silent]\n|upkeep\n|\n|t:|1683156050\n|switch|p1a: Wispa|Flutter Mane, L50|100\/100\n|turn|11\n|\n|t:|1683156074\n|switch|p2b: BORthworm|Orthworm, L50, M|57\/100 brn\n|move|p1a: Wispa|Moonblast|p2a: ASStrodon\n|-damage|p2a: ASStrodon|5\/100\n|move|p1b: Corviknight|Brave Bird|p2a: ASStrodon\n|-damage|p2a: ASStrodon|0 fnt\n|faint|p2a: ASStrodon\n|-damage|p1b: Corviknight|75\/100|[from] Recoil\n|\n|-damage|p1b: Corviknight|62\/100|[from] Leech Seed|[of] p2b: BORthworm\n|-heal|p2b: BORthworm|71\/100 brn|[silent]\n|-damage|p2b: BORthworm|65\/100 brn|[from] brn\n|upkeep\n|\n|t:|1683156087\n|switch|p2a: BLOW-chien|Wo-Chien, L50, tera:Poison|83\/100\n|-ability|p2a: BLOW-chien|Tablets of Ruin\n|turn|12\n|\n|t:|1683156107\n|move|p2a: BLOW-chien|Protect|p2a: BLOW-chien\n|-singleturn|p2a: BLOW-chien|Protect\n|move|p1a: Wispa|Moonblast|p2a: BLOW-chien\n|-activate|p2a: BLOW-chien|move: Protect\n|move|p1b: Corviknight|Brave Bird|p2a: BLOW-chien\n|-activate|p2a: BLOW-chien|move: Protect\n|move|p2b: BORthworm|Heavy Slam|p1a: Wispa\n|-supereffective|p1a: Wispa\n|-damage|p1a: Wispa|60\/100\n|\n|-heal|p2a: BLOW-chien|90\/100|[from] item: Leftovers\n|-damage|p1b: Corviknight|50\/100|[from] Leech Seed|[of] p2b: BORthworm\n|-heal|p2b: BORthworm|79\/100 brn|[silent]\n|-damage|p2b: BORthworm|73\/100 brn|[from] brn\n|upkeep\n|turn|13\n|inactive|GruffuddH has 30 seconds left.\n|\n|t:|1683156141\n|move|p1a: Wispa|Moonblast|p2a: BLOW-chien\n|-resisted|p2a: BLOW-chien\n|-damage|p2a: BLOW-chien|68\/100\n|move|p2a: BLOW-chien|Pollen Puff|p2b: BORthworm\n|-heal|p2b: BORthworm|100\/100 brn\n|move|p1b: Corviknight|Roost|p1b: Corviknight\n|-heal|p1b: Corviknight|100\/100\n|-hint|If a Flying Terastallized Pokemon uses Roost, it remains Flying-type.\n|move|p2b: BORthworm|Heavy Slam|p1a: Wispa\n|-supereffective|p1a: Wispa\n|-damage|p1a: Wispa|20\/100\n|\n|-heal|p2a: BLOW-chien|74\/100|[from] item: Leftovers\n|-damage|p1b: Corviknight|88\/100|[from] Leech Seed|[of] p2b: BORthworm\n|-damage|p2b: BORthworm|94\/100 brn|[from] brn\n|upkeep\n|turn|14\n|\n|t:|1683156164\n|move|p1a: Wispa|Moonblast|p2a: BLOW-chien\n|-resisted|p2a: BLOW-chien\n|-damage|p2a: BLOW-chien|52\/100\n|move|p2a: BLOW-chien|Ruination|p1b: Corviknight\n|-damage|p1b: Corviknight|44\/100\n|move|p1b: Corviknight|Bulk Up|p1b: Corviknight\n|-boost|p1b: Corviknight|atk|1\n|-boost|p1b: Corviknight|def|1\n|move|p2b: BORthworm|Heavy Slam|p1a: Wispa\n|-supereffective|p1a: Wispa\n|-damage|p1a: Wispa|0 fnt\n|faint|p1a: Wispa\n|-end|p1a: Wispa|Protosynthesis|[silent]\n|\n|-heal|p2a: BLOW-chien|58\/100|[from] item: Leftovers\n|-damage|p1b: Corviknight|32\/100|[from] Leech Seed|[of] p2b: BORthworm\n|-heal|p2b: BORthworm|100\/100 brn|[silent]\n|-damage|p2b: BORthworm|94\/100 brn|[from] brn\n|upkeep\n|\n|t:|1683156174\n|switch|p1a: Brieze|Palafin-Hero, L50, F, shiny|45\/100\n|turn|15\n|\n|t:|1683156195\n|move|p2a: BLOW-chien|Protect|p2a: BLOW-chien\n|-singleturn|p2a: BLOW-chien|Protect\n|move|p1a: Brieze|Wave Crash|p2a: BLOW-chien\n|-activate|p2a: BLOW-chien|move: Protect\n|move|p1b: Corviknight|Roost|p1b: Corviknight\n|-heal|p1b: Corviknight|82\/100\n|-hint|If a Flying Terastallized Pokemon uses Roost, it remains Flying-type.\n|move|p2b: BORthworm|Iron Defense|p2b: BORthworm\n|-boost|p2b: BORthworm|def|2\n|\n|-heal|p2a: BLOW-chien|65\/100|[from] item: Leftovers\n|-damage|p1b: Corviknight|70\/100|[from] Leech Seed|[of] p2b: BORthworm\n|-heal|p2b: BORthworm|100\/100 brn|[silent]\n|-damage|p2b: BORthworm|94\/100 brn|[from] brn\n|upkeep\n|turn|16\n|inactive|GruffuddH has 30 seconds left.\n|inactive|GruffuddH has 20 seconds left.\n|inactive|GruffuddH has 15 seconds left.\n|\n|t:|1683156217\n|move|p1a: Brieze|Wave Crash|p2a: BLOW-chien\n|-damage|p2a: BLOW-chien|8\/100\n|-damage|p1a: Brieze|27\/100|[from] Recoil\n|move|p2a: BLOW-chien|Pollen Puff|p1a: Brieze\n|-damage|p1a: Brieze|9\/100\n|move|p1b: Corviknight|Brave Bird|p2a: BLOW-chien\n|-damage|p2a: BLOW-chien|0 fnt\n|faint|p2a: BLOW-chien\n|-damage|p1b: Corviknight|68\/100|[from] Recoil\n|move|p2b: BORthworm|Iron Defense|p2b: BORthworm\n|-boost|p2b: BORthworm|def|2\n|\n|-damage|p1b: Corviknight|56\/100|[from] Leech Seed|[of] p2b: BORthworm\n|-heal|p2b: BORthworm|100\/100 brn|[silent]\n|-damage|p2b: BORthworm|94\/100 brn|[from] brn\n|upkeep\n|turn|17\n|inactive|GruffuddH has 15 seconds left this turn.\n|inactive|GruffuddH has 10 seconds left.\n|inactive|GruffuddH has 5 seconds left.\n|-message|GruffuddH lost due to inactivity.\n|\n|win|TrendanBrendan\n","uploadtime":1683156275,"views":9,"p1id":"trendanbrendan","p2id":"gruffuddh","formatid":"gen9vgc2023regulationc","rating":0,"private":0,"password":""}