{"id":"gen9vgc2023regulationc-1861509041","p1":"adrpen","p2":"Funniname.jpg","format":"[Gen 9] VGC 2023 Regulation C","log":"|j|\u2606adrpen\n|j|\u2606Funniname.jpg\n|t:|1683766635\n|gametype|doubles\n|player|p1|adrpen|preschooler|1174\n|player|p2|Funniname.jpg|clown|1148\n|teamsize|p1|6\n|teamsize|p2|6\n|gen|9\n|tier|[Gen 9] VGC 2023 Regulation C\n|rated|\n|rule|Species Clause: Limit one of each Pok\u00e9mon\n|rule|Item Clause: Limit one of each item\n|clearpoke\n|poke|p1|Amoonguss, L50, M|\n|poke|p1|Palafin, L50, M|\n|poke|p1|Iron Hands, L50|\n|poke|p1|Arcanine, L50, M|\n|poke|p1|Flutter Mane, L50|\n|poke|p1|Dragonite, L50, M|\n|poke|p2|Annihilape, L50, F|\n|poke|p2|Baxcalibur, L50, F|\n|poke|p2|Chi-Yu, L50|\n|poke|p2|Dragapult, L50, F|\n|poke|p2|Espathra, L50, M|\n|poke|p2|Flutter Mane, L50|\n|teampreview|4\n|inactive|Battle timer is ON: inactive players will automatically lose when time's up. (requested by Funniname.jpg)\n|inactive|adrpen has 60 seconds left.\n|\n|t:|1683766749\n|start\n|switch|p1a: Flutter Mane|Flutter Mane, L50|100\/100\n|switch|p1b: Iron Hands|Iron Hands, L50, shiny|100\/100\n|switch|p2a: A is for|Annihilape, L50, F, shiny|100\/100\n|switch|p2b: E is for|Espathra, L50, M, shiny|100\/100\n|-enditem|p1a: Flutter Mane|Booster Energy\n|-activate|p1a: Flutter Mane|ability: Protosynthesis|[fromitem]\n|-start|p1a: Flutter Mane|protosynthesisspa\n|turn|1\n|inactive|adrpen has 30 seconds left.\n|inactive|adrpen has 20 seconds left.\n|inactive|adrpen has 15 seconds left.\n|inactive|adrpen has 10 seconds left.\n|\n|t:|1683766799\n|-terastallize|p2a: A is for|Poison\n|move|p2b: E is for|Protect|p2b: E is for\n|-singleturn|p2b: E is for|Protect\n|move|p1b: Iron Hands|Fake Out|p2b: E is for\n|-activate|p2b: E is for|move: Protect\n|move|p1a: Flutter Mane|Substitute|p1a: Flutter Mane\n|-start|p1a: Flutter Mane|Substitute\n|-damage|p1a: Flutter Mane|76\/100\n|move|p2a: A is for|Gunk Shot|p1a: Flutter Mane\n|-end|p1a: Flutter Mane|Substitute\n|\n|-ability|p2b: E is for|Speed Boost|boost\n|-boost|p2b: E is for|spe|1\n|upkeep\n|turn|2\n|inactive|adrpen has 30 seconds left.\n|inactive|adrpen has 20 seconds left.\n|inactive|adrpen has 15 seconds left.\n|inactive|adrpen has 10 seconds left.\n|inactive|adrpen has 5 seconds left.\n|\n|t:|1683766851\n|move|p2b: E is for|Substitute|p2b: E is for\n|-start|p2b: E is for|Substitute\n|-damage|p2b: E is for|76\/100\n|move|p1a: Flutter Mane|Shadow Ball|p2b: E is for\n|-supereffective|p2b: E is for\n|-end|p2b: E is for|Substitute\n|move|p2a: A is for|Gunk Shot|p1a: Flutter Mane\n|-damage|p1a: Flutter Mane|0 fnt\n|faint|p1a: Flutter Mane\n|-end|p1a: Flutter Mane|Protosynthesis|[silent]\n|move|p1b: Iron Hands|Heavy Slam|p2a: A is for\n|-damage|p2a: A is for|61\/100\n|\n|-heal|p2b: E is for|82\/100|[from] item: Leftovers\n|-ability|p2b: E is for|Speed Boost|boost\n|-boost|p2b: E is for|spe|1\n|upkeep\n|\n|t:|1683766865\n|switch|p1a: Palafin|Palafin, L50, M, shiny|100\/100\n|turn|3\n|\n|t:|1683766883\n|detailschange|p1a: Palafin|Palafin-Hero, L50, M, shiny\n|switch|p1a: Arcanine|Arcanine, L50, M|100\/100\n|-ability|p1a: Arcanine|Intimidate|boost\n|-unboost|p2a: A is for|atk|1\n|-ability|p2a: A is for|Defiant|boost\n|-boost|p2a: A is for|atk|2\n|-unboost|p2b: E is for|atk|1\n|move|p2b: E is for|Lumina Crash|p1a: Arcanine\n|-damage|p1a: Arcanine|65\/100\n|-unboost|p1a: Arcanine|spd|2\n|move|p2a: A is for|Drain Punch|p1b: Iron Hands\n|-damage|p1b: Iron Hands|58\/100\n|-heal|p2a: A is for|84\/100|[from] drain|[of] p1b: Iron Hands\n|move|p1b: Iron Hands|Wild Charge|p2b: E is for\n|-damage|p2b: E is for|4\/100\n|-damage|p1b: Iron Hands|44\/100|[from] Recoil\n|\n|-heal|p2b: E is for|10\/100|[from] item: Leftovers\n|-ability|p2b: E is for|Speed Boost|boost\n|-boost|p2b: E is for|spe|1\n|upkeep\n|turn|4\n|inactive|adrpen has 30 seconds left.\n|inactive|Funniname.jpg has 30 seconds left.\n|inactive|adrpen has 20 seconds left.\n|inactive|Funniname.jpg has 20 seconds left.\n|inactive|adrpen has 15 seconds left.\n|\n|t:|1683766927\n|-end|p1b: Iron Hands|Quark Drive|[silent]\n|switch|p1b: Palafin|Palafin-Hero, L50, M, shiny|100\/100\n|-activate|p1b: Palafin|ability: Zero to Hero\n|move|p2b: E is for|Lumina Crash|p1a: Arcanine\n|-damage|p1a: Arcanine|0 fnt\n|faint|p1a: Arcanine\n|move|p2a: A is for|Rage Fist|p1b: Palafin\n|-damage|p1b: Palafin|28\/100\n|\n|-heal|p2b: E is for|16\/100|[from] item: Leftovers\n|-ability|p2b: E is for|Speed Boost|boost\n|-boost|p2b: E is for|spe|1\n|upkeep\n|\n|t:|1683766938\n|switch|p1a: Iron Hands|Iron Hands, L50, shiny|44\/100\n|turn|5\n|\n|t:|1683766952\n|move|p1a: Iron Hands|Fake Out|p2a: A is for\n|-damage|p2a: A is for|69\/100\n|move|p1b: Palafin|Jet Punch|p2b: E is for\n|-damage|p2b: E is for|0 fnt\n|faint|p2b: E is for\n|cant|p2a: A is for|flinch\n|\n|upkeep\n|\n|t:|1683766962\n|switch|p2b: B is for|Baxcalibur, L50, F|100\/100\n|turn|6\n|\n|t:|1683766971\n|move|p1b: Palafin|Protect|p1b: Palafin\n|-singleturn|p1b: Palafin|Protect\n|move|p2b: B is for|Glaive Rush|p1a: Iron Hands\n|-damage|p1a: Iron Hands|0 fnt\n|-singlemove|p2b: B is for|Glaive Rush|[silent]\n|faint|p1a: Iron Hands\n|-end|p1a: Iron Hands|Quark Drive|[silent]\n|move|p2a: A is for|Rage Fist|p1b: Palafin\n|-activate|p1b: Palafin|move: Protect\n|\n|upkeep\n|turn|7\n|\n|t:|1683766994\n|-terastallize|p1b: Palafin|Fire\n|move|p2b: B is for|Helping Hand|p2a: A is for\n|-singleturn|p2a: A is for|Helping Hand|[of] p2b: B is for\n|move|p1b: Palafin|Wave Crash|p2a: A is for\n|-damage|p2a: A is for|0 fnt\n|faint|p2a: A is for\n|-damage|p1b: Palafin|4\/100|[from] Recoil\n|\n|upkeep\n|\n|t:|1683767005\n|switch|p2a: C is for|Chi-Yu, L50|100\/100\n|-ability|p2a: C is for|Beads of Ruin\n|turn|8\n|\n|t:|1683767015\n|move|p2b: B is for|Ice Shard|p1b: Palafin\n|-resisted|p1b: Palafin\n|-damage|p1b: Palafin|0 fnt\n|faint|p1b: Palafin\n|\n|win|Funniname.jpg\n|raw|adrpen's rating: 1174 → 1147<\/strong> (-27 for losing)\n|raw|Funniname.jpg's rating: 1148 → 1175<\/strong> (+27 for winning)\n","uploadtime":1683767034,"views":10,"p1id":"adrpen","p2id":"funninamejpg","formatid":"gen9vgc2023regulationc","rating":1147,"private":0,"password":""}