{"id":"gen9vgc2023regulationc-1846315595","p1":"JamStunna","p2":"hancec","format":"[Gen 9] VGC 2023 Regulation C","log":"|j|\u2606JamStunna\n|j|\u2606hancec\n|t:|1681830991\n|gametype|doubles\n|player|p1|JamStunna|266|1314\n|player|p2|hancec|gentleman-gen4dp|1412\n|teamsize|p1|6\n|teamsize|p2|6\n|gen|9\n|tier|[Gen 9] VGC 2023 Regulation C\n|rated|\n|rule|Species Clause: Limit one of each Pok\u00e9mon\n|rule|Item Clause: Limit one of each item\n|clearpoke\n|poke|p1|Gothitelle, L50, F|\n|poke|p1|Sylveon, L50, M|\n|poke|p1|Roaring Moon, L50|\n|poke|p1|Gengar, L50, M|\n|poke|p1|Azumarill, L50, M|\n|poke|p1|Gothorita, L50, F|\n|poke|p2|Murkrow, L50, F|\n|poke|p2|Iron Bundle, L50|\n|poke|p2|Chi-Yu, L50|\n|poke|p2|Gholdengo, L50|\n|poke|p2|Great Tusk, L50|\n|poke|p2|Farigiraf, L50, F|\n|teampreview|4\nhancec has agreed to open team sheets.\nJamStunna has agreed to open team sheets.\n|inactive|Battle timer is ON: inactive players will automatically lose when time's up. (requested by JamStunna)\n|\n|t:|1681831014\n|start\n|switch|p1a: Roaring Moon|Roaring Moon, L50|100\/100\n|switch|p1b: Gengar|Gengar, L50, M|100\/100\n|switch|p2a: Chi-Yu|Chi-Yu, L50|100\/100\n|switch|p2b: Gholdengo|Gholdengo, L50|100\/100\n|-ability|p2a: Chi-Yu|Beads of Ruin\n|-enditem|p1a: Roaring Moon|Booster Energy\n|-activate|p1a: Roaring Moon|ability: Protosynthesis|[fromitem]\n|-start|p1a: Roaring Moon|protosynthesisatk\n|turn|1\n|inactive|JamStunna has 30 seconds left.\n|inactive|JamStunna has 20 seconds left.\n|inactive|JamStunna has 15 seconds left.\n|\n|t:|1681831055\n|-terastallize|p2b: Gholdengo|Steel\n|move|p1a: Roaring Moon|Throat Chop|p2b: Gholdengo\n|-damage|p2b: Gholdengo|35\/100\n|-start|p2b: Gholdengo|Throat Chop|[silent]\n|move|p1b: Gengar|Shadow Ball|p2b: Gholdengo\n|-damage|p2b: Gholdengo|0 fnt\n|faint|p2b: Gholdengo\n|move|p2a: Chi-Yu|Heat Wave|p1b: Gengar|[spread] p1a,p1b\n|-resisted|p1a: Roaring Moon\n|-damage|p1a: Roaring Moon|77\/100\n|-damage|p1b: Gengar|25\/100\n|\n|upkeep\n|\n|t:|1681831066\n|switch|p2b: Iron Bundle|Iron Bundle, L50|100\/100\n|-enditem|p2b: Iron Bundle|Booster Energy\n|-activate|p2b: Iron Bundle|ability: Quark Drive|[fromitem]\n|-start|p2b: Iron Bundle|quarkdrivespe\n|turn|2\n|\n|t:|1681831077\n|move|p2b: Iron Bundle|Icy Wind|p1b: Gengar|[spread] p1a,p1b\n|-supereffective|p1a: Roaring Moon\n|-damage|p1a: Roaring Moon|21\/100\n|-damage|p1b: Gengar|0 fnt\n|-unboost|p1a: Roaring Moon|spe|1\n|faint|p1b: Gengar\n|move|p2a: Chi-Yu|Heat Wave|p1a: Roaring Moon\n|-resisted|p1a: Roaring Moon\n|-damage|p1a: Roaring Moon|0 fnt\n|faint|p1a: Roaring Moon\n|-end|p1a: Roaring Moon|Protosynthesis|[silent]\n|\n|upkeep\n|\n|t:|1681831087\n|switch|p1a: Sylveon|Sylveon, L50, M|100\/100\n|switch|p1b: Azumarill|Azumarill, L50, M|100\/100\n|turn|3\n|\n|t:|1681831106\n|-terastallize|p1a: Sylveon|Fairy\n|move|p2b: Iron Bundle|Protect|p2b: Iron Bundle\n|-singleturn|p2b: Iron Bundle|Protect\n|move|p2a: Chi-Yu|Protect|p2a: Chi-Yu\n|-singleturn|p2a: Chi-Yu|Protect\n|move|p1b: Azumarill|Aqua Jet|p2a: Chi-Yu\n|-activate|p2a: Chi-Yu|move: Protect\n|move|p1a: Sylveon|Hyper Voice|p2a: Chi-Yu|[spread] \n|-activate|p2a: Chi-Yu|move: Protect\n|-activate|p2b: Iron Bundle|move: Protect\n|\n|upkeep\n|turn|4\n|\n|t:|1681831123\n|move|p1a: Sylveon|Protect|p1a: Sylveon\n|-singleturn|p1a: Sylveon|Protect\n|move|p1b: Azumarill|Protect|p1b: Azumarill\n|-singleturn|p1b: Azumarill|Protect\n|move|p2b: Iron Bundle|Freeze-Dry|p1b: Azumarill\n|-activate|p1b: Azumarill|move: Protect\n|move|p2a: Chi-Yu|Heat Wave|p1b: Azumarill|[spread] \n|-activate|p1a: Sylveon|move: Protect\n|-activate|p1b: Azumarill|move: Protect\n|\n|upkeep\n|turn|5\n|\n|t:|1681831137\n|move|p1b: Azumarill|Aqua Jet|p2a: Chi-Yu\n|-supereffective|p2a: Chi-Yu\n|-damage|p2a: Chi-Yu|0 fnt\n|faint|p2a: Chi-Yu\n|-damage|p1b: Azumarill|91\/100|[from] item: Life Orb\n|move|p2b: Iron Bundle|Freeze-Dry|p1b: Azumarill\n|-supereffective|p1b: Azumarill\n|-damage|p1b: Azumarill|21\/100\n|move|p1a: Sylveon|Hyper Voice|p2b: Iron Bundle\n|-damage|p2b: Iron Bundle|0 fnt\n|faint|p2b: Iron Bundle\n|-end|p2b: Iron Bundle|Quark Drive|[silent]\n|-enditem|p1a: Sylveon|Throat Spray\n|-boost|p1a: Sylveon|spa|1|[from] item: Throat Spray\n|\n|upkeep\n|\n|t:|1681831148\n|switch|p2b: Great Tusk|Great Tusk, L50|100\/100\n|turn|6\n|\n|t:|1681831153\n|move|p1b: Azumarill|Aqua Jet|p2b: Great Tusk\n|-supereffective|p2b: Great Tusk\n|-damage|p2b: Great Tusk|51\/100\n|-damage|p1b: Azumarill|12\/100|[from] item: Life Orb\n|move|p2b: Great Tusk|Headlong Rush|p1a: Sylveon\n|-damage|p1a: Sylveon|22\/100\n|-unboost|p2b: Great Tusk|def|1\n|-unboost|p2b: Great Tusk|spd|1\n|move|p1a: Sylveon|Hyper Voice|p2b: Great Tusk\n|-supereffective|p2b: Great Tusk\n|-damage|p2b: Great Tusk|0 fnt\n|faint|p2b: Great Tusk\n|-end|p2b: Great Tusk|Protosynthesis|[silent]\n|\n|win|JamStunna\n|raw|JamStunna's rating: 1314 → 1339<\/strong> (+25 for winning)\n|raw|hancec's rating: 1412 → 1387<\/strong> (-25 for losing)\n","uploadtime":1681831162,"views":11,"p1id":"jamstunna","p2id":"hancec","formatid":"gen9vgc2023regulationc","rating":1339,"private":0,"password":""}