{"id":"gen9vgc2023regulationc-1860589568","p1":"mauvellous","p2":"zippLapZapper","format":"[Gen 9] VGC 2023 Regulation C","log":"|j|\u2606mauvellous\n|j|\u2606zippLapZapper\n|t:|1683657021\n|gametype|doubles\n|player|p1|mauvellous|lady|\n|player|p2|zippLapZapper|hilbert-wonderlauncher|\n|teamsize|p1|6\n|teamsize|p2|6\n|gen|9\n|tier|[Gen 9] VGC 2023 Regulation C\n|rule|Species Clause: Limit one of each Pok\u00e9mon\n|rule|Item Clause: Limit one of each item\n|clearpoke\n|poke|p1|Scream Tail, L50|\n|poke|p1|Scizor, L50, M|\n|poke|p1|Palafin, L50, M|\n|poke|p1|Chi-Yu, L50|\n|poke|p1|Flutter Mane, L50|\n|poke|p1|Glimmora, L50, F|\n|poke|p2|Garchomp, L50, F|\n|poke|p2|Talonflame, L50, F|\n|poke|p2|Flutter Mane, L50|\n|poke|p2|Iron Bundle, L50|\n|poke|p2|Chien-Pao, L50|\n|poke|p2|Tyranitar, L50, M|\n|teampreview|4\n|inactive|Battle timer is ON: inactive players will automatically lose when time's up. (requested by mauvellous)\nmauvellous has agreed to open team sheets.\nzippLapZapper has agreed to open team sheets.\n|inactive|mauvellous has 60 seconds left.\n|\n|t:|1683657053\n|start\n|switch|p1a: Scream Tail|Scream Tail, L50, shiny|100\/100\n|switch|p1b: Palafin|Palafin, L50, M, shiny|100\/100\n|switch|p2a: Talonflame|Talonflame, L50, F|100\/100\n|switch|p2b: Garchomp|Garchomp, L50, F|100\/100\n|-enditem|p1a: Scream Tail|Booster Energy\n|-activate|p1a: Scream Tail|ability: Protosynthesis|[fromitem]\n|-start|p1a: Scream Tail|protosynthesisspe\n|turn|1\n|inactive|zippLapZapper has 30 seconds left.\n|inactive|zippLapZapper has 20 seconds left.\n|\n|t:|1683657093\n|move|p1b: Palafin|Protect|p1b: Palafin\n|-singleturn|p1b: Palafin|Protect\n|move|p1a: Scream Tail|Thunder Wave|p2a: Talonflame\n|-status|p2a: Talonflame|par\n|move|p2b: Garchomp|Earthquake|p1b: Palafin|[spread] p1a\n|-activate|p1b: Palafin|move: Protect\n|-immune|p2a: Talonflame\n|-damage|p1a: Scream Tail|72\/100\n|move|p2a: Talonflame|Taunt|p1a: Scream Tail\n|-start|p1a: Scream Tail|move: Taunt\n|\n|upkeep\n|turn|2\n|\n|t:|1683657113\n|detailschange|p1b: Palafin|Palafin-Hero, L50, M, shiny\n|switch|p1b: Chi-Yu|Chi-Yu, L50|100\/100\n|-ability|p1b: Chi-Yu|Beads of Ruin\n|-item|p1b: Chi-Yu|Air Balloon\n|move|p2a: Talonflame|Tailwind|p2a: Talonflame\n|-sidestart|p2: zippLapZapper|move: Tailwind\n|move|p2b: Garchomp|Earthquake|p1b: Chi-Yu|[spread] p1a\n|-immune|p2a: Talonflame\n|-immune|p1b: Chi-Yu\n|-damage|p1a: Scream Tail|44\/100\n|move|p1a: Scream Tail|Play Rough|p2b: Garchomp\n|-supereffective|p2b: Garchomp\n|-damage|p2b: Garchomp|52\/100\n|-damage|p1a: Scream Tail|32\/100|[from] ability: Rough Skin|[of] p2b: Garchomp\n|\n|upkeep\n|turn|3\n|inactive|mauvellous has 30 seconds left.\n|\n|t:|1683657140\n|move|p1b: Chi-Yu|Protect|p1b: Chi-Yu\n|-singleturn|p1b: Chi-Yu|Protect\n|move|p2a: Talonflame|Brave Bird|p1b: Chi-Yu\n|-activate|p1b: Chi-Yu|move: Protect\n|move|p2b: Garchomp|Earthquake|p1b: Chi-Yu|[spread] p1a\n|-activate|p1b: Chi-Yu|move: Protect\n|-immune|p2a: Talonflame\n|-damage|p1a: Scream Tail|5\/100\n|move|p1a: Scream Tail|Play Rough|p2b: Garchomp\n|-supereffective|p2b: Garchomp\n|-damage|p2b: Garchomp|5\/100\n|-damage|p1a: Scream Tail|0 fnt|[from] ability: Rough Skin|[of] p2b: Garchomp\n|faint|p1a: Scream Tail\n|-end|p1a: Scream Tail|Protosynthesis|[silent]\n|\n|upkeep\n|\n|t:|1683657160\n|switch|p1a: Palafin|Palafin-Hero, L50, M, shiny|100\/100\n|-activate|p1a: Palafin|ability: Zero to Hero\n|turn|4\n|\n|t:|1683657181\n|move|p2a: Talonflame|Brave Bird|p1b: Chi-Yu\n|-damage|p1b: Chi-Yu|56\/100\n|-enditem|p1b: Chi-Yu|Air Balloon\n|-damage|p2a: Talonflame|88\/100 par|[from] Recoil\n|move|p1a: Palafin|Jet Punch|p2a: Talonflame\n|-supereffective|p2a: Talonflame\n|-damage|p2a: Talonflame|0 fnt\n|faint|p2a: Talonflame\n|move|p2b: Garchomp|Earthquake|p1b: Chi-Yu|[spread] p1a,p1b\n|-supereffective|p1b: Chi-Yu\n|-damage|p1a: Palafin|64\/100\n|-damage|p1b: Chi-Yu|0 fnt\n|faint|p1b: Chi-Yu\n|\n|upkeep\n|\n|t:|1683657193\n|switch|p2a: Iron Bundle|Iron Bundle, L50|100\/100\n|switch|p1b: Flutter Mane|Flutter Mane, L50, shiny|100\/100\n|-enditem|p2a: Iron Bundle|Booster Energy\n|-activate|p2a: Iron Bundle|ability: Quark Drive|[fromitem]\n|-start|p2a: Iron Bundle|quarkdrivespe\n|turn|5\n|inactive|mauvellous has 30 seconds left.\n|\n|t:|1683657223\n|move|p2a: Iron Bundle|Protect|p2a: Iron Bundle\n|-singleturn|p2a: Iron Bundle|Protect\n|move|p1a: Palafin|Jet Punch|p2b: Garchomp\n|-damage|p2b: Garchomp|0 fnt\n|-damage|p1a: Palafin|52\/100|[from] ability: Rough Skin|[of] p2b: Garchomp\n|faint|p2b: Garchomp\n|move|p1b: Flutter Mane|Dazzling Gleam|p2a: Iron Bundle\n|-activate|p2a: Iron Bundle|move: Protect\n|\n|-sideend|p2: zippLapZapper|move: Tailwind\n|upkeep\n|\n|t:|1683657230\n|switch|p2b: Tyranitar|Tyranitar, L50, M|100\/100\n|-weather|Sandstorm|[from] ability: Sand Stream|[of] p2b: Tyranitar\n|turn|6\n|\n|t:|1683657248\n|-terastallize|p1a: Palafin|Water\n|-terastallize|p2b: Tyranitar|Grass\n|move|p1a: Palafin|Jet Punch|p2b: Tyranitar\n|-resisted|p2b: Tyranitar\n|-damage|p2b: Tyranitar|72\/100\n|move|p2a: Iron Bundle|Icy Wind|p1b: Flutter Mane|[spread] p1a,p1b\n|-resisted|p1a: Palafin\n|-damage|p1a: Palafin|43\/100\n|-damage|p1b: Flutter Mane|83\/100\n|-unboost|p1a: Palafin|spe|1\n|-unboost|p1b: Flutter Mane|spe|1\n|move|p1b: Flutter Mane|Dazzling Gleam|p2b: Tyranitar|[spread] p2a,p2b\n|-damage|p2a: Iron Bundle|18\/100\n|-damage|p2b: Tyranitar|43\/100\n|move|p2b: Tyranitar|Assurance|p1b: Flutter Mane\n|-damage|p1b: Flutter Mane|0 fnt\n|faint|p1b: Flutter Mane\n|-end|p1b: Flutter Mane|Protosynthesis|[silent]\n|\n|-weather|Sandstorm|[upkeep]\n|-damage|p2a: Iron Bundle|12\/100|[from] Sandstorm\n|-damage|p2b: Tyranitar|37\/100|[from] Sandstorm\n|-damage|p1a: Palafin|37\/100|[from] Sandstorm\n|upkeep\n|turn|7\n|\n|t:|1683657271\n|move|p1a: Palafin|Jet Punch|p2a: Iron Bundle\n|-resisted|p2a: Iron Bundle\n|-damage|p2a: Iron Bundle|0 fnt\n|faint|p2a: Iron Bundle\n|-end|p2a: Iron Bundle|Quark Drive|[silent]\n|move|p2b: Tyranitar|Assurance|p1a: Palafin\n|-damage|p1a: Palafin|5\/100\n|\n|-weather|Sandstorm|[upkeep]\n|-damage|p2b: Tyranitar|32\/100|[from] Sandstorm\n|-damage|p1a: Palafin|0 fnt|[from] Sandstorm\n|faint|p1a: Palafin\n|\n|win|zippLapZapper\n|upkeep\n|c|\u2606zippLapZapper|gg\n","uploadtime":1683657281,"views":18,"p1id":"mauvellous","p2id":"zipplapzapper","formatid":"gen9vgc2023regulationc","rating":0,"private":0,"password":""}