{"id":"gen9vgc2023regulationc-1862825680","p1":"LordBennyG","p2":"Tazza wells","format":"[Gen 9] VGC 2023 Regulation C","log":"|j|\u2606LordBennyG\n|j|\u2606Tazza wells\n|t:|1683926203\n|gametype|doubles\n|player|p1|LordBennyG|karen|\n|player|p2|Tazza wells|will|\n|teamsize|p1|6\n|teamsize|p2|6\n|gen|9\n|tier|[Gen 9] VGC 2023 Regulation C\n|rated|Tournament battle\n|rule|Species Clause: Limit one of each Pok\u00e9mon\n|rule|Item Clause: Limit one of each item\n|clearpoke\n|poke|p1|Dondozo, L50, F|\n|poke|p1|Baxcalibur, L50, F|\n|poke|p1|Flutter Mane, L50|\n|poke|p1|Corviknight, L50, M|\n|poke|p1|Arcanine, L50, F|\n|poke|p1|Hariyama, L50, F|\n|poke|p2|Farigiraf, L50, F|\n|poke|p2|Iron Hands, L50|\n|poke|p2|Amoonguss, L50, F|\n|poke|p2|Kingambit, L50, F|\n|poke|p2|Chien-Pao, L50|\n|poke|p2|Tauros-Paldea-Aqua, L50, M|\n|teampreview|4\n|raw| Open Team Sheet for LordBennyG<\/summary>Dondozo @ Leftovers Ability: Unaware Level: 50 Tera Type: Grass - Liquidation - Yawn - Fissure - Protect Baxcalibur @ Clear Amulet Ability: Thermal Exchange Level: 50 Tera Type: Poison - Protect - Glaive Rush - Icicle Crash - Ice Shard Flutter Mane @ Booster Energy Ability: Protosynthesis Level: 50 Tera Type: Steel - Protect - Substitute - Moonblast - Shadow Ball Corviknight @ Sitrus Berry Ability: Mirror Armor Level: 50 Tera Type: Dragon - Tailwind - Iron Head - Brave Bird - Roost Arcanine @ Safety Goggles Ability: Intimidate Level: 50 Tera Type: Water - Flare Blitz - Extreme Speed - Will-O-Wisp - Howl Hariyama @ Assault Vest Ability: Thick Fat Level: 50 Tera Type: Steel - Fake Out - Drain Punch - Bullet Punch - Knock Off <\/details><\/div> Open Team Sheet for Tazza wells<\/summary>Farigiraf @ Throat Spray Ability: Armor Tail Level: 50 Tera Type: Fairy - Hyper Voice - Shadow Ball - Trick Room - Protect Iron Hands @ Assault Vest Ability: Quark Drive Level: 50 Tera Type: Grass - Drain Punch - Wild Charge - Play Rough - Fake Out Amoonguss @ Sitrus Berry Ability: Regenerator Level: 50 Tera Type: Water - Pollen Puff - Spore - Rage Powder - Protect Kingambit @ Life Orb Ability: Defiant Level: 50 Tera Type: Dark - Kowtow Cleave - Iron Head - Sucker Punch - Protect Chien-Pao @ Focus Sash Ability: Sword of Ruin Level: 50 Tera Type: Dark - Ice Spinner - Sucker Punch - Sacred Sword - Protect Tautod (Tauros-Paldea-Aqua) (M) @ Choice Band Ability: Intimidate Level: 50 Tera Type: Water - Raging Bull - Close Combat - Aqua Jet - Drill Run <\/details><\/div>\n|inactive|Battle timer is ON: inactive players will automatically lose when time's up. (requested by Tazza wells)\n|j| Voidbunny123\n|inactive|LordBennyG has 60 seconds left.\n|inactive|Tazza wells has 60 seconds left.\n|j| maria ward\n|inactive|LordBennyG has 30 seconds left.\n|inactive|Tazza wells has 30 seconds left.\n|inactive|Tazza wells has 20 seconds left.\n|\n|t:|1683926278\n|start\n|switch|p1a: Hariyama|Hariyama, L50, F|100\/100\n|switch|p1b: Baxcalibur|Baxcalibur, L50, F|100\/100\n|switch|p2a: Iron Hands|Iron Hands, L50|100\/100\n|switch|p2b: Amoonguss|Amoonguss, L50, F|100\/100\n|turn|1\n|inactive|LordBennyG has 30 seconds left.\n|inactive|LordBennyG has 20 seconds left.\n|inactive|LordBennyG has 15 seconds left.\n|\n|t:|1683926321\n|-terastallize|p2b: Amoonguss|Water\n|move|p1a: Hariyama|Fake Out|p2b: Amoonguss\n|-damage|p2b: Amoonguss|90\/100\n|move|p2a: Iron Hands|Fake Out|p1a: Hariyama\n|-damage|p1a: Hariyama|87\/100\n|move|p1b: Baxcalibur|Icicle Crash|p2b: Amoonguss\n|-resisted|p2b: Amoonguss\n|-damage|p2b: Amoonguss|67\/100\n|cant|p2b: Amoonguss|flinch\n|\n|upkeep\n|turn|2\n|inactive|Tazza wells has 30 seconds left.\n|inactive|Tazza wells has 20 seconds left.\n|inactive|LordBennyG has 30 seconds left.\n|\n|t:|1683926367\n|switch|p2b: Tautod|Tauros-Paldea-Aqua, L50, M|100\/100\n|-ability|p2b: Tautod|Intimidate|boost\n|-unboost|p1a: Hariyama|atk|1\n|-fail|p1b: Baxcalibur|unboost|[from] item: Clear Amulet|[of] p1b: Baxcalibur\n|-terastallize|p1a: Hariyama|Steel\n|move|p1b: Baxcalibur|Glaive Rush|p2b: Tautod\n|-damage|p2b: Tautod|10\/100\n|-singlemove|p1b: Baxcalibur|Glaive Rush|[silent]\n|move|p1a: Hariyama|Drain Punch|p2b: Tautod\n|-damage|p2b: Tautod|0 fnt\n|-heal|p1a: Hariyama|90\/100|[from] drain|[of] p2b: Tautod\n|faint|p2b: Tautod\n|move|p2a: Iron Hands|Play Rough|p1a: Hariyama\n|-resisted|p1a: Hariyama\n|-damage|p1a: Hariyama|73\/100\n|\n|upkeep\n|\n|t:|1683926384\n|switch|p2b: Amoonguss|Amoonguss, L50, F, tera:Water|99\/100\n|turn|3\n|inactive|Tazza wells has 30 seconds left.\n|\n|t:|1683926419\n|switch|p1a: Dondozo|Dondozo, L50, F|100\/100\n|move|p1b: Baxcalibur|Protect|p1b: Baxcalibur\n|-singleturn|p1b: Baxcalibur|Protect\n|move|p2b: Amoonguss|Rage Powder|p2b: Amoonguss\n|-singleturn|p2b: Amoonguss|move: Rage Powder\n|move|p2a: Iron Hands|Drain Punch|p1a: Dondozo\n|-damage|p1a: Dondozo|75\/100\n|\n|-heal|p1a: Dondozo|81\/100|[from] item: Leftovers\n|upkeep\n|turn|4\n|inactive|LordBennyG has 30 seconds left.\n|inactive|Tazza wells has 30 seconds left.\n|inactive|LordBennyG has 20 seconds left.\n|inactive|LordBennyG has 15 seconds left.\n|inactive|LordBennyG has 10 seconds left.\n|inactive|LordBennyG has 5 seconds left.\n|\n|t:|1683926469\n|move|p1b: Baxcalibur|Glaive Rush|p2a: Iron Hands\n|-damage|p2a: Iron Hands|53\/100\n|-singlemove|p1b: Baxcalibur|Glaive Rush|[silent]\n|move|p2a: Iron Hands|Drain Punch|p1b: Baxcalibur\n|-supereffective|p1b: Baxcalibur\n|-damage|p1b: Baxcalibur|0 fnt\n|-heal|p2a: Iron Hands|98\/100|[from] drain|[of] p1b: Baxcalibur\n|faint|p1b: Baxcalibur\n|move|p1a: Dondozo|Liquidation|p2a: Iron Hands\n|-damage|p2a: Iron Hands|77\/100\n|-unboost|p2a: Iron Hands|def|1\n|move|p2b: Amoonguss|Spore|p1a: Dondozo\n|-status|p1a: Dondozo|slp|[from] move: Spore\n|\n|-heal|p1a: Dondozo|88\/100 slp|[from] item: Leftovers\n|upkeep\n|\n|t:|1683926484\n|switch|p1b: Flutter Mane|Flutter Mane, L50|100\/100\n|-enditem|p1b: Flutter Mane|Booster Energy\n|-activate|p1b: Flutter Mane|ability: Protosynthesis|[fromitem]\n|-start|p1b: Flutter Mane|protosynthesisspa\n|turn|5\n|\n|t:|1683926491\n|-end|p2a: Iron Hands|Quark Drive|[silent]\n|switch|p2a: Kingambit|Kingambit, L50, F|100\/100\n|move|p1b: Flutter Mane|Substitute|p1b: Flutter Mane\n|-start|p1b: Flutter Mane|Substitute\n|-damage|p1b: Flutter Mane|76\/100\n|cant|p1a: Dondozo|slp\n|move|p2b: Amoonguss|Spore||[still]\n|-fail|p2b: Amoonguss\n|\n|-heal|p1a: Dondozo|94\/100 slp|[from] item: Leftovers\n|upkeep\n|turn|6\n|j| Draxolotl\n|l| Draxolotl\n|\n|t:|1683926508\n|move|p1b: Flutter Mane|Protect|p1b: Flutter Mane\n|-singleturn|p1b: Flutter Mane|Protect\n|move|p2a: Kingambit|Iron Head|p1b: Flutter Mane\n|-activate|p1b: Flutter Mane|move: Protect\n|-curestatus|p1a: Dondozo|slp|[msg]\n|move|p1a: Dondozo|Yawn|p2b: Amoonguss\n|-start|p2b: Amoonguss|move: Yawn|[of] p1a: Dondozo\n|move|p2b: Amoonguss|Spore|p1b: Flutter Mane\n|-activate|p1b: Flutter Mane|move: Protect\n|\n|-heal|p1a: Dondozo|99\/100|[from] item: Leftovers\n|upkeep\n|turn|7\n|inactive|LordBennyG has 30 seconds left.\n|\n|t:|1683926543\n|move|p1b: Flutter Mane|Moonblast|p2a: Kingambit\n|-damage|p2a: Kingambit|44\/100\n|move|p2a: Kingambit|Iron Head|p1b: Flutter Mane\n|-supereffective|p1b: Flutter Mane\n|-end|p1b: Flutter Mane|Substitute\n|-damage|p2a: Kingambit|34\/100|[from] item: Life Orb\n|move|p1a: Dondozo|Yawn|p2a: Kingambit\n|-start|p2a: Kingambit|move: Yawn|[of] p1a: Dondozo\n|move|p2b: Amoonguss|Spore|p1b: Flutter Mane\n|-status|p1b: Flutter Mane|slp|[from] move: Spore\n|\n|-heal|p1a: Dondozo|100\/100|[from] item: Leftovers\n|-end|p2b: Amoonguss|move: Yawn|[silent]\n|-status|p2b: Amoonguss|slp\n|upkeep\n|turn|8\n|inactive|LordBennyG has 30 seconds left.\n|inactive|Tazza wells has 30 seconds left.\n|inactive|LordBennyG has 20 seconds left.\n|inactive|LordBennyG has 15 seconds left.\n|inactive|LordBennyG has 10 seconds left.\n|\n|t:|1683926590\n|switch|p2a: Iron Hands|Iron Hands, L50|77\/100\n|cant|p1b: Flutter Mane|slp\n|move|p1a: Dondozo|Yawn|p2a: Iron Hands\n|-start|p2a: Iron Hands|move: Yawn|[of] p1a: Dondozo\n|cant|p2b: Amoonguss|slp\n|\n|upkeep\n|turn|9\n|\n|t:|1683926607\n|-curestatus|p1b: Flutter Mane|slp|[msg]\n|move|p1b: Flutter Mane|Moonblast|p2a: Iron Hands\n|-supereffective|p2a: Iron Hands\n|-damage|p2a: Iron Hands|0 fnt\n|faint|p2a: Iron Hands\n|-end|p2a: Iron Hands|Quark Drive|[silent]\n|move|p1a: Dondozo|Yawn||[still]\n|-fail|p1a: Dondozo\n|-curestatus|p2b: Amoonguss|slp|[msg]\n|move|p2b: Amoonguss|Spore|p1a: Dondozo\n|-status|p1a: Dondozo|slp|[from] move: Spore\n|\n|upkeep\n|\n|t:|1683926612\n|switch|p2a: Kingambit|Kingambit, L50, F|34\/100\n|turn|10\n|\n|t:|1683926620\n|switch|p1a: Hariyama|Hariyama, L50, F, tera:Steel|73\/100\n|move|p1b: Flutter Mane|Protect|p1b: Flutter Mane\n|-singleturn|p1b: Flutter Mane|Protect\n|move|p2a: Kingambit|Sucker Punch||[still]\n|-fail|p2a: Kingambit\n|move|p2b: Amoonguss|Pollen Puff|p2a: Kingambit\n|-heal|p2a: Kingambit|84\/100\n|\n|upkeep\n|turn|11\n|\n|t:|1683926642\n|move|p1a: Hariyama|Fake Out|p2b: Amoonguss\n|-damage|p2b: Amoonguss|88\/100\n|cant|p2b: Amoonguss|flinch\n|move|p1b: Flutter Mane|Substitute|p1b: Flutter Mane\n|-start|p1b: Flutter Mane|Substitute\n|-damage|p1b: Flutter Mane|51\/100\n|move|p2a: Kingambit|Kowtow Cleave|p1b: Flutter Mane\n|-end|p1b: Flutter Mane|Substitute\n|-damage|p2a: Kingambit|74\/100|[from] item: Life Orb\n|\n|upkeep\n|turn|12\n|\n|t:|1683926655\n|move|p1b: Flutter Mane|Protect|p1b: Flutter Mane\n|-singleturn|p1b: Flutter Mane|Protect\n|move|p2b: Amoonguss|Rage Powder|p2b: Amoonguss\n|-singleturn|p2b: Amoonguss|move: Rage Powder\n|move|p1a: Hariyama|Drain Punch|p2b: Amoonguss\n|-damage|p2b: Amoonguss|57\/100\n|-heal|p1a: Hariyama|87\/100|[from] drain|[of] p2b: Amoonguss\n|move|p2a: Kingambit|Kowtow Cleave|p1a: Hariyama\n|-damage|p1a: Hariyama|23\/100\n|-damage|p2a: Kingambit|64\/100|[from] item: Life Orb\n|\n|upkeep\n|turn|13\n|\n|t:|1683926678\n|move|p2b: Amoonguss|Rage Powder|p2b: Amoonguss\n|-singleturn|p2b: Amoonguss|move: Rage Powder\n|move|p2a: Kingambit|Sucker Punch|p1a: Hariyama\n|-damage|p1a: Hariyama|0 fnt\n|faint|p1a: Hariyama\n|-damage|p2a: Kingambit|54\/100|[from] item: Life Orb\n|move|p1b: Flutter Mane|Substitute|p1b: Flutter Mane\n|-start|p1b: Flutter Mane|Substitute\n|-damage|p1b: Flutter Mane|26\/100\n|\n|upkeep\n|\n|t:|1683926682\n|switch|p1a: Dondozo|Dondozo, L50, F|100\/100 slp\n|turn|14\n|\n|t:|1683926705\n|move|p2b: Amoonguss|Rage Powder|p2b: Amoonguss\n|-singleturn|p2b: Amoonguss|move: Rage Powder\n|move|p1b: Flutter Mane|Moonblast|p2b: Amoonguss\n|-damage|p2b: Amoonguss|4\/100\n|-enditem|p2b: Amoonguss|Sitrus Berry|[eat]\n|-heal|p2b: Amoonguss|29\/100|[from] item: Sitrus Berry\n|move|p2a: Kingambit|Iron Head|p1b: Flutter Mane\n|-supereffective|p1b: Flutter Mane\n|-end|p1b: Flutter Mane|Substitute\n|-damage|p2a: Kingambit|44\/100|[from] item: Life Orb\n|cant|p1a: Dondozo|slp\n|\n|upkeep\n|turn|15\n|\n|t:|1683926718\n|move|p2b: Amoonguss|Rage Powder|p2b: Amoonguss\n|-singleturn|p2b: Amoonguss|move: Rage Powder\n|move|p1b: Flutter Mane|Substitute|p1b: Flutter Mane\n|-start|p1b: Flutter Mane|Substitute\n|-damage|p1b: Flutter Mane|1\/100\n|move|p2a: Kingambit|Kowtow Cleave|p1a: Dondozo\n|-damage|p1a: Dondozo|63\/100 slp\n|-damage|p2a: Kingambit|34\/100|[from] item: Life Orb\n|-curestatus|p1a: Dondozo|slp|[msg]\n|move|p1a: Dondozo|Yawn|p2b: Amoonguss\n|-start|p2b: Amoonguss|move: Yawn|[of] p1a: Dondozo\n|\n|-heal|p1a: Dondozo|69\/100|[from] item: Leftovers\n|upkeep\n|turn|16\n|\n|t:|1683926738\n|move|p1b: Flutter Mane|Protect|p1b: Flutter Mane\n|-singleturn|p1b: Flutter Mane|Protect\n|move|p1a: Dondozo|Protect|p1a: Dondozo\n|-singleturn|p1a: Dondozo|Protect\n|move|p2b: Amoonguss|Rage Powder|p2b: Amoonguss\n|-singleturn|p2b: Amoonguss|move: Rage Powder\n|move|p2a: Kingambit|Iron Head|p1b: Flutter Mane\n|-activate|p1b: Flutter Mane|move: Protect\n|\n|-heal|p1a: Dondozo|75\/100|[from] item: Leftovers\n|-end|p2b: Amoonguss|move: Yawn|[silent]\n|-status|p2b: Amoonguss|slp\n|upkeep\n|turn|17\n|\n|t:|1683926756\n|move|p2a: Kingambit|Protect|p2a: Kingambit\n|-singleturn|p2a: Kingambit|Protect\n|cant|p2b: Amoonguss|slp\n|move|p1b: Flutter Mane|Moonblast|p2b: Amoonguss\n|-damage|p2b: Amoonguss|0 fnt\n|faint|p2b: Amoonguss\n|move|p1a: Dondozo|Yawn|p2a: Kingambit\n|-activate|p2a: Kingambit|move: Protect\n|\n|-heal|p1a: Dondozo|82\/100|[from] item: Leftovers\n|upkeep\n|turn|18\n|\n|t:|1683926765\n|move|p2a: Kingambit|Sucker Punch|p1b: Flutter Mane\n|-end|p1b: Flutter Mane|Substitute\n|-damage|p2a: Kingambit|24\/100|[from] item: Life Orb\n|move|p1b: Flutter Mane|Moonblast|p2a: Kingambit\n|-damage|p2a: Kingambit|0 fnt\n|faint|p2a: Kingambit\n|\n|win|LordBennyG\n|n|\u2606LordBennyG|lordbennyg\n|n|\u2606Tazza wells|tazzawells\n|n| Voidbunny123|voidbunny123\n|n| maria ward|mariaward\n|l|\u2606Tazza wells\n|l| maria ward\n|l| Voidbunny123\n","uploadtime":1683927465,"views":6,"p1id":"lordbennyg","p2id":"tazzawells","formatid":"gen9vgc2023regulationc","rating":0,"private":0,"password":""}