{"id":"gen9vgc2023regulationc-1863498261","p1":"ClessCL","p2":"mathtass","format":"[Gen 9] VGC 2023 Regulation C","log":"|j|\u2606ClessCL\n|j|\u2606mathtass\n|t:|1684025589\n|gametype|doubles\n|player|p1|ClessCL|lance|1515\n|player|p2|mathtass|1|1414\n|teamsize|p1|6\n|teamsize|p2|6\n|gen|9\n|tier|[Gen 9] VGC 2023 Regulation C\n|rated|\n|rule|Species Clause: Limit one of each Pok\u00e9mon\n|rule|Item Clause: Limit one of each item\n|clearpoke\n|poke|p1|Gyarados, L50, M|\n|poke|p1|Tinkaton, L50, F|\n|poke|p1|Iron Bundle, L50|\n|poke|p1|Mudsdale, L50, M|\n|poke|p1|Iron Moth, L50|\n|poke|p1|Wo-Chien, L50|\n|poke|p2|Amoonguss, L50, F|\n|poke|p2|Chi-Yu, L50|\n|poke|p2|Arcanine, L50, M|\n|poke|p2|Dragonite, L50, M|\n|poke|p2|Flutter Mane, L50|\n|poke|p2|Iron Hands, L50|\n|teampreview|4\n|inactive|Battle timer is ON: inactive players will automatically lose when time's up. (requested by ClessCL)\nmathtass has agreed to open team sheets.\nClessCL has agreed to open team sheets.\n|inactive|ClessCL has 60 seconds left.\n|inactive|mathtass has 60 seconds left.\n|\n|t:|1684025633\n|start\n|switch|p1a: Iron Bundle|Iron Bundle, L50|100\/100\n|switch|p1b: Wo-Chien|Wo-Chien, L50|100\/100\n|switch|p2a: Simba|Arcanine, L50, M, shiny|100\/100\n|switch|p2b: Iron Man|Iron Hands, L50, shiny|100\/100\n|-ability|p2a: Simba|Intimidate|boost\n|-unboost|p1a: Iron Bundle|atk|1\n|-unboost|p1b: Wo-Chien|atk|1\n|-ability|p1b: Wo-Chien|Tablets of Ruin\n|-enditem|p1a: Iron Bundle|Booster Energy\n|-activate|p1a: Iron Bundle|ability: Quark Drive|[fromitem]\n|-start|p1a: Iron Bundle|quarkdrivespe\n|turn|1\n|inactive|ClessCL has 30 seconds left.\n|inactive|mathtass has 30 seconds left.\n|inactive|ClessCL has 20 seconds left.\n|inactive|mathtass has 20 seconds left.\n|inactive|ClessCL has 15 seconds left.\n|inactive|ClessCL has 10 seconds left.\n|\n|t:|1684025681\n|switch|p1b: Tinkaton|Tinkaton, L50, F|100\/100\n|-ability|p1b: Tinkaton|Mold Breaker\n|move|p1a: Iron Bundle|Protect|p1a: Iron Bundle\n|-singleturn|p1a: Iron Bundle|Protect\n|move|p2a: Simba|Howl|p2a: Simba|[spread] p2a,p2b\n|-boost|p2a: Simba|atk|1\n|-boost|p2b: Iron Man|atk|1\n|move|p2b: Iron Man|Wild Charge|p1a: Iron Bundle\n|-activate|p1a: Iron Bundle|move: Protect\n|\n|upkeep\n|turn|2\n|\n|t:|1684025695\n|move|p2a: Simba|Protect|p2a: Simba\n|-singleturn|p2a: Simba|Protect\n|move|p2b: Iron Man|Protect|p2b: Iron Man\n|-singleturn|p2b: Iron Man|Protect\n|move|p1b: Tinkaton|Fake Out|p2b: Iron Man\n|-activate|p2b: Iron Man|move: Protect\n|move|p1a: Iron Bundle|Hydro Pump|p2a: Simba\n|-activate|p2a: Simba|move: Protect\n|\n|upkeep\n|turn|3\n|\n|t:|1684025719\n|-terastallize|p2a: Simba|Grass\n|move|p1a: Iron Bundle|Hydro Pump|p2a: Simba\n|-resisted|p2a: Simba\n|-damage|p2a: Simba|73\/100\n|move|p1b: Tinkaton|Encore|p2b: Iron Man\n|-start|p2b: Iron Man|Encore\n|move|p2a: Simba|Flare Blitz|p1b: Tinkaton\n|-supereffective|p1b: Tinkaton\n|-damage|p1b: Tinkaton|0 fnt\n|faint|p1b: Tinkaton\n|-damage|p2a: Simba|41\/100|[from] Recoil\n|-enditem|p2a: Simba|Sitrus Berry|[eat]\n|-heal|p2a: Simba|65\/100|[from] item: Sitrus Berry\n|move|p2b: Iron Man|Protect||[still]\n|-fail|p2b: Iron Man\n|\n|upkeep\n|\n|t:|1684025733\n|switch|p1b: Iron Moth|Iron Moth, L50|100\/100\n|turn|4\n|\n|t:|1684025748\n|-end|p2b: Iron Man|Quark Drive|[silent]\n|switch|p2b: Lady Mane|Flutter Mane, L50, shiny|100\/100\n|move|p2a: Simba|Protect|p2a: Simba\n|-singleturn|p2a: Simba|Protect\n|move|p1a: Iron Bundle|Icy Wind|p2a: Simba|[spread] p2b\n|-activate|p2a: Simba|move: Protect\n|-damage|p2b: Lady Mane|79\/100\n|-unboost|p2b: Lady Mane|spe|1\n|move|p1b: Iron Moth|Heat Wave|p2b: Lady Mane|[spread] p2b\n|-activate|p2a: Simba|move: Protect\n|-damage|p2b: Lady Mane|27\/100\n|-damage|p1b: Iron Moth|91\/100|[from] item: Life Orb\n|\n|upkeep\n|turn|5\n|\n|t:|1684025766\n|move|p1a: Iron Bundle|Icy Wind|p2b: Lady Mane|[spread] p2a,p2b\n|-supereffective|p2a: Simba\n|-damage|p2a: Simba|22\/100\n|-damage|p2b: Lady Mane|4\/100\n|-unboost|p2a: Simba|spe|1\n|-unboost|p2b: Lady Mane|spe|1\n|move|p1b: Iron Moth|Heat Wave|p2b: Lady Mane|[spread] p2a,p2b\n|-supereffective|p2a: Simba\n|-damage|p2a: Simba|0 fnt\n|-damage|p2b: Lady Mane|0 fnt\n|faint|p2a: Simba\n|faint|p2b: Lady Mane\n|-end|p2b: Lady Mane|Protosynthesis|[silent]\n|-damage|p1b: Iron Moth|82\/100|[from] item: Life Orb\n|\n|upkeep\n|\n|t:|1684025772\n|switch|p2b: Blaze|Chi-Yu, L50|100\/100\n|switch|p2a: Iron Man|Iron Hands, L50, shiny|100\/100\n|-ability|p2b: Blaze|Beads of Ruin\n|turn|6\n|inactive|ClessCL has 30 seconds left.\n|\n|t:|1684025798\n|move|p1a: Iron Bundle|Protect|p1a: Iron Bundle\n|-singleturn|p1a: Iron Bundle|Protect\n|move|p1b: Iron Moth|Protect|p1b: Iron Moth\n|-singleturn|p1b: Iron Moth|Protect\n|move|p2a: Iron Man|Fake Out|p1a: Iron Bundle\n|-activate|p1a: Iron Bundle|move: Protect\n|move|p2b: Blaze|Heat Wave|p1a: Iron Bundle|[spread] \n|-activate|p1a: Iron Bundle|move: Protect\n|-activate|p1b: Iron Moth|move: Protect\n|\n|upkeep\n|turn|7\n|inactive|ClessCL has 30 seconds left.\n|\n|t:|1684025831\n|move|p2a: Iron Man|Protect|p2a: Iron Man\n|-singleturn|p2a: Iron Man|Protect\n|move|p1a: Iron Bundle|Icy Wind|p2a: Iron Man|[spread] p2b\n|-activate|p2a: Iron Man|move: Protect\n|-resisted|p2b: Blaze\n|-damage|p2b: Blaze|89\/100\n|-unboost|p2b: Blaze|spe|1\n|move|p1b: Iron Moth|Heat Wave|p2b: Blaze|[spread] \n|-activate|p2a: Iron Man|move: Protect\n|-miss|p1b: Iron Moth|p2b: Blaze\n|move|p2b: Blaze|Heat Wave|p1a: Iron Bundle|[spread] p1a,p1b\n|-resisted|p1b: Iron Moth\n|-damage|p1a: Iron Bundle|0 fnt\n|-damage|p1b: Iron Moth|47\/100\n|faint|p1a: Iron Bundle\n|-end|p1a: Iron Bundle|Quark Drive|[silent]\n|-damage|p2b: Blaze|79\/100|[from] item: Life Orb\n|\n|upkeep\n|\n|t:|1684025848\n|switch|p1a: Wo-Chien|Wo-Chien, L50|100\/100\n|-ability|p1a: Wo-Chien|Tablets of Ruin\n|turn|8\n|\n|t:|1684025866\n|-terastallize|p1a: Wo-Chien|Fire\n|move|p1b: Iron Moth|Protect|p1b: Iron Moth\n|-singleturn|p1b: Iron Moth|Protect\n|move|p2b: Blaze|Protect|p2b: Blaze\n|-singleturn|p2b: Blaze|Protect\n|move|p1a: Wo-Chien|Leech Seed|p2a: Iron Man|[miss]\n|-miss|p1a: Wo-Chien|p2a: Iron Man\n|move|p2a: Iron Man|Wild Charge|p1b: Iron Moth\n|-activate|p1b: Iron Moth|move: Protect\n|\n|upkeep\n|turn|9\n|\n|t:|1684025883\n|move|p1b: Iron Moth|Heat Wave|p2a: Iron Man|[spread] p2a,p2b\n|-resisted|p2b: Blaze\n|-damage|p2a: Iron Man|50\/100\n|-damage|p2b: Blaze|52\/100\n|-damage|p1b: Iron Moth|38\/100|[from] item: Life Orb\n|move|p1a: Wo-Chien|Leech Seed|p2b: Blaze\n|-start|p2b: Blaze|move: Leech Seed\n|move|p2b: Blaze|Dark Pulse|p1a: Wo-Chien\n|-damage|p1a: Wo-Chien|50\/100\n|-damage|p2b: Blaze|42\/100|[from] item: Life Orb\n|move|p2a: Iron Man|Wild Charge|p1b: Iron Moth\n|-damage|p1b: Iron Moth|0 fnt\n|faint|p1b: Iron Moth\n|-end|p1b: Iron Moth|Quark Drive|[silent]\n|-damage|p2a: Iron Man|44\/100|[from] Recoil\n|\n|-heal|p1a: Wo-Chien|56\/100|[from] item: Leftovers\n|-damage|p2b: Blaze|30\/100|[from] Leech Seed|[of] p1a: Wo-Chien\n|-heal|p1a: Wo-Chien|65\/100|[silent]\n|upkeep\n|turn|10\n|\n|t:|1684025899\n|move|p1a: Wo-Chien|Protect|p1a: Wo-Chien\n|-singleturn|p1a: Wo-Chien|Protect\n|move|p2b: Blaze|Dark Pulse|p1a: Wo-Chien\n|-activate|p1a: Wo-Chien|move: Protect\n|move|p2a: Iron Man|Wild Charge|p1a: Wo-Chien\n|-activate|p1a: Wo-Chien|move: Protect\n|\n|-heal|p1a: Wo-Chien|71\/100|[from] item: Leftovers\n|-damage|p2b: Blaze|17\/100|[from] Leech Seed|[of] p1a: Wo-Chien\n|-heal|p1a: Wo-Chien|79\/100|[silent]\n|upkeep\n|turn|11\n|\n|t:|1684025917\n|move|p1a: Wo-Chien|Snarl|p2b: Blaze|[spread] p2a,p2b\n|-resisted|p2a: Iron Man\n|-resisted|p2b: Blaze\n|-damage|p2a: Iron Man|38\/100\n|-damage|p2b: Blaze|9\/100\n|-unboost|p2a: Iron Man|spa|1\n|-unboost|p2b: Blaze|spa|1\n|move|p2b: Blaze|Dark Pulse|p1a: Wo-Chien\n|-damage|p1a: Wo-Chien|48\/100\n|-damage|p2b: Blaze|0 fnt|[from] item: Life Orb\n|faint|p2b: Blaze\n|move|p2a: Iron Man|Wild Charge|p1a: Wo-Chien\n|-damage|p1a: Wo-Chien|13\/100\n|-damage|p2a: Iron Man|30\/100|[from] Recoil\n|\n|-heal|p1a: Wo-Chien|19\/100|[from] item: Leftovers\n|upkeep\n|turn|12\n|\n|t:|1684025931\n|move|p1a: Wo-Chien|Protect|p1a: Wo-Chien\n|-singleturn|p1a: Wo-Chien|Protect\n|move|p2a: Iron Man|Wild Charge|p1a: Wo-Chien\n|-activate|p1a: Wo-Chien|move: Protect\n|\n|-heal|p1a: Wo-Chien|24\/100|[from] item: Leftovers\n|upkeep\n|turn|13\n|\n|t:|1684025938\n|move|p1a: Wo-Chien|Leech Seed|p2a: Iron Man|[miss]\n|-miss|p1a: Wo-Chien|p2a: Iron Man\n|move|p2a: Iron Man|Wild Charge|p1a: Wo-Chien\n|-damage|p1a: Wo-Chien|0 fnt\n|faint|p1a: Wo-Chien\n|-damage|p2a: Iron Man|26\/100|[from] Recoil\n|\n|win|mathtass\n|raw|ClessCL's rating: 1515 → 1489<\/strong> (-26 for losing)\n|raw|mathtass's rating: 1414 → 1440<\/strong> (+26 for winning)\n","uploadtime":1684025941,"views":10,"p1id":"clesscl","p2id":"mathtass","formatid":"gen9vgc2023regulationc","rating":1440,"private":0,"password":""}