{"id":"gen9vgc2023regulationc-1855222620","p1":"HDVision","p2":"TFT Boomer2","format":"[Gen 9] VGC 2023 Regulation C","log":"|j|\u2606HDVision\n|j|\u2606TFT Boomer2\n|t:|1682917685\n|gametype|doubles\n|player|p1|HDVision|blue-masters|\n|player|p2|TFT Boomer2|burgh|\n|teamsize|p1|6\n|teamsize|p2|6\n|gen|9\n|tier|[Gen 9] VGC 2023 Regulation C\n|rated|Tournament battle\n|rule|Species Clause: Limit one of each Pok\u00e9mon\n|rule|Item Clause: Limit one of each item\n|clearpoke\n|poke|p1|Flutter Mane, L50|\n|poke|p1|Chi-Yu, L50|\n|poke|p1|Iron Hands, L50|\n|poke|p1|Amoonguss, L50, M|\n|poke|p1|Gyarados, L50, F|\n|poke|p1|Kingambit, L50, M|\n|poke|p2|Chi-Yu, L50|\n|poke|p2|Flutter Mane, L50|\n|poke|p2|Espathra, L50, M|\n|poke|p2|Sandy Shocks, L50|\n|poke|p2|Iron Jugulis, L50|\n|poke|p2|Wo-Chien, L50|\n|teampreview|4\n|raw| Open Team Sheet for HDVision<\/summary>Flutter Mane @ Booster Energy Ability: Protosynthesis Level: 50 Tera Type: Fairy - Protect - Moonblast - Shadow Ball - Icy Wind Chi-Yu @ Focus Sash Ability: Beads of Ruin Level: 50 Tera Type: Fire - Protect - Dark Pulse - Heat Wave - Nasty Plot Iron Hands @ Assault Vest Ability: Quark Drive Level: 50 Tera Type: Grass - Wild Charge - Drain Punch - Fake Out - Volt Switch Amoonguss @ Sitrus Berry Ability: Regenerator Level: 50 Tera Type: Water - Clear Smog - Pollen Puff - Spore - Rage Powder Gyarados @ Safety Goggles Ability: Intimidate Level: 50 Tera Type: Fire - Protect - Waterfall - Taunt - Thunder Wave Kingambit @ Lum Berry Ability: Defiant Level: 50 Tera Type: Dark - Protect - Kowtow Cleave - Swords Dance - Sucker Punch <\/details><\/div> Open Team Sheet for TFT Boomer2<\/summary>Chi-Yu @ Choice Scarf Ability: Beads of Ruin Level: 50 Tera Type: Grass - Heat Wave - Flamethrower - Dark Pulse - Tera Blast Flutter Mane @ Choice Specs Ability: Protosynthesis Level: 50 Tera Type: Fairy - Dazzling Gleam - Moonblast - Shadow Ball - Power Gem Espathra @ Focus Sash Ability: Speed Boost Level: 50 Tera Type: Fairy - Dazzling Gleam - Lumina Crash - Hypnosis - Protect Sandy Shocks @ Sitrus Berry Ability: Protosynthesis Level: 50 Tera Type: Grass - Thunderbolt - Earth Power - Gravity - Protect Iron Jugulis @ Booster Energy Ability: Quark Drive Level: 50 Tera Type: Steel - Air Slash - Sunny Day - Tailwind - Protect Wo-Chien @ Leftovers Ability: Tablets of Ruin Level: 50 Tera Type: Poison - Leaf Storm - Ruination - Leech Seed - Protect <\/details><\/div>\n|inactive|Battle timer is ON: inactive players will automatically lose when time's up. (requested by HDVision)\n|c|\u2606HDVision|that turn 1 in ur last game\n|c|\u2606HDVision|was hilarious\n|j| omgitsquon\n|inactive|HDVision has 60 seconds left.\n|inactive|TFT Boomer2 has 60 seconds left.\n|inactive|TFT Boomer2 has 30 seconds left.\n|inactive|TFT Boomer2 has 20 seconds left.\n|inactive|TFT Boomer2 has 15 seconds left.\n|inactive|TFT Boomer2 has 10 seconds left.\n|inactive|TFT Boomer2 has 5 seconds left.\n|\n|t:|1682917775\n|start\n|switch|p1a: Kingambit|Kingambit, L50, M|100\/100\n|switch|p1b: Amoonguss|Amoonguss, L50, M|100\/100\n|switch|p2a: Iron Jugulis|Iron Jugulis, L50|100\/100\n|switch|p2b: Chi-Yu|Chi-Yu, L50|100\/100\n|-ability|p2b: Chi-Yu|Beads of Ruin\n|-enditem|p2a: Iron Jugulis|Booster Energy\n|-activate|p2a: Iron Jugulis|ability: Quark Drive|[fromitem]\n|-start|p2a: Iron Jugulis|quarkdrivespe\n|turn|1\n|inactive|TFT Boomer2 has 30 seconds left.\n|inactive|TFT Boomer2 has 20 seconds left.\n|j| Lori Ori\n|inactive|TFT Boomer2 has 15 seconds left.\n|inactive|TFT Boomer2 has 10 seconds left.\n|inactive|TFT Boomer2 has 5 seconds left.\n|\n|t:|1682917827\n|-terastallize|p2b: Chi-Yu|Grass\n|-terastallize|p1b: Amoonguss|Water\n|move|p1a: Kingambit|Protect|p1a: Kingambit\n|-singleturn|p1a: Kingambit|Protect\n|move|p2a: Iron Jugulis|Sunny Day|p2a: Iron Jugulis\n|-weather|SunnyDay\n|move|p2b: Chi-Yu|Flamethrower|p1a: Kingambit\n|-activate|p1a: Kingambit|move: Protect\n|move|p1b: Amoonguss|Spore|p2b: Chi-Yu\n|-immune|p2b: Chi-Yu\n|\n|-weather|SunnyDay|[upkeep]\n|upkeep\n|turn|2\n|\n|t:|1682917851\n|switch|p1a: Gyarados|Gyarados, L50, F|100\/100\n|-ability|p1a: Gyarados|Intimidate|boost\n|-unboost|p2a: Iron Jugulis|atk|1\n|-unboost|p2b: Chi-Yu|atk|1\n|move|p2a: Iron Jugulis|Air Slash|p1b: Amoonguss\n|-damage|p1b: Amoonguss|57\/100\n|move|p2b: Chi-Yu|Flamethrower|p1a: Gyarados\n|-resisted|p1a: Gyarados\n|-damage|p1a: Gyarados|64\/100\n|move|p1b: Amoonguss|Spore|p2a: Iron Jugulis\n|-status|p2a: Iron Jugulis|slp|[from] move: Spore\n|\n|-weather|SunnyDay|[upkeep]\n|upkeep\n|turn|3\n|\n|t:|1682917875\n|cant|p2a: Iron Jugulis|slp\n|move|p2b: Chi-Yu|Flamethrower|p1b: Amoonguss\n|-resisted|p1b: Amoonguss\n|-damage|p1b: Amoonguss|7\/100\n|-status|p1b: Amoonguss|brn\n|-enditem|p1b: Amoonguss|Sitrus Berry|[eat]\n|-heal|p1b: Amoonguss|32\/100 brn|[from] item: Sitrus Berry\n|move|p1a: Gyarados|Thunder Wave|p2b: Chi-Yu\n|-status|p2b: Chi-Yu|par\n|move|p1b: Amoonguss|Pollen Puff|p1a: Gyarados\n|-heal|p1a: Gyarados|100\/100\n|\n|-weather|SunnyDay|[upkeep]\n|-damage|p1b: Amoonguss|26\/100 brn|[from] brn\n|upkeep\n|turn|4\n|\n|t:|1682917900\n|switch|p1b: Chi-Yu|Chi-Yu, L50|100\/100\n|-ability|p1b: Chi-Yu|Beads of Ruin\n|cant|p2a: Iron Jugulis|slp\n|cant|p2b: Chi-Yu|par\n|move|p1a: Gyarados|Taunt|p2a: Iron Jugulis\n|-start|p2a: Iron Jugulis|move: Taunt\n|\n|-weather|SunnyDay|[upkeep]\n|upkeep\n|turn|5\n|\n|t:|1682917915\n|cant|p2a: Iron Jugulis|slp\n|move|p1b: Chi-Yu|Heat Wave|p2a: Iron Jugulis|[spread] p2a,p2b\n|-supereffective|p2b: Chi-Yu\n|-damage|p2a: Iron Jugulis|24\/100 slp\n|-damage|p2b: Chi-Yu|0 fnt\n|faint|p2b: Chi-Yu\n|move|p1a: Gyarados|Thunder Wave||[still]\n|-fail|p1a: Gyarados\n|\n|-weather|none\n|upkeep\n|inactive|TFT Boomer2 has 30 seconds left.\n|inactive|TFT Boomer2 has 20 seconds left.\n|\n|t:|1682917950\n|switch|p2b: Sandy Shocks|Sandy Shocks, L50|100\/100\n|turn|6\n|\n|t:|1682917969\n|move|p1b: Chi-Yu|Protect|p1b: Chi-Yu\n|-singleturn|p1b: Chi-Yu|Protect\n|-curestatus|p2a: Iron Jugulis|slp|[msg]\n|move|p2a: Iron Jugulis|Air Slash|p1b: Chi-Yu\n|-activate|p1b: Chi-Yu|move: Protect\n|move|p2b: Sandy Shocks|Earth Power|p1b: Chi-Yu\n|-activate|p1b: Chi-Yu|move: Protect\n|move|p1a: Gyarados|Waterfall|p2a: Iron Jugulis\n|-damage|p2a: Iron Jugulis|0 fnt\n|faint|p2a: Iron Jugulis\n|-end|p2a: Iron Jugulis|Quark Drive|[silent]\n|\n|upkeep\n|c|\u2606TFT Boomer2|wp\n|\n|t:|1682917980\n|switch|p2a: Espathra|Espathra, L50, M|100\/100\n|turn|7\n|\n|t:|1682917996\n|move|p2a: Espathra|Protect|p2a: Espathra\n|-singleturn|p2a: Espathra|Protect\n|move|p1b: Chi-Yu|Heat Wave|p2b: Sandy Shocks|[spread] p2b\n|-activate|p2a: Espathra|move: Protect\n|-damage|p2b: Sandy Shocks|48\/100\n|-enditem|p2b: Sandy Shocks|Sitrus Berry|[eat]\n|-heal|p2b: Sandy Shocks|73\/100|[from] item: Sitrus Berry\n|move|p2b: Sandy Shocks|Thunderbolt|p1a: Gyarados\n|-supereffective|p1a: Gyarados\n|-damage|p1a: Gyarados|0 fnt\n|faint|p1a: Gyarados\n|\n|-ability|p2a: Espathra|Speed Boost|boost\n|-boost|p2a: Espathra|spe|1\n|upkeep\n|c|\u2606HDVision|ty\n|\n|t:|1682918004\n|switch|p1a: Kingambit|Kingambit, L50, M|100\/100\n|turn|8\n|j|%Bright Size\n|l|%Bright Size\n|inactive|TFT Boomer2 has 30 seconds left.\n|\n|t:|1682918036\n|move|p2a: Espathra|Dazzling Gleam|p1a: Kingambit|[spread] p1a,p1b\n|-damage|p1a: Kingambit|75\/100\n|-damage|p1b: Chi-Yu|78\/100\n|move|p1b: Chi-Yu|Heat Wave|p2b: Sandy Shocks|[spread] p2a,p2b\n|-damage|p2a: Espathra|22\/100\n|-damage|p2b: Sandy Shocks|23\/100\n|move|p2b: Sandy Shocks|Earth Power|p1a: Kingambit\n|-supereffective|p1a: Kingambit\n|-damage|p1a: Kingambit|0 fnt\n|faint|p1a: Kingambit\n|\n|-ability|p2a: Espathra|Speed Boost|boost\n|-boost|p2a: Espathra|spe|1\n|upkeep\n|\n|t:|1682918039\n|switch|p1a: Amoonguss|Amoonguss, L50, M, tera:Water|60\/100 brn\n|turn|9\n|inactive|TFT Boomer2 has 30 seconds left.\n|inactive|TFT Boomer2 has 20 seconds left.\n|inactive|TFT Boomer2 has 15 seconds left.\n|\n|t:|1682918082\n|move|p1a: Amoonguss|Rage Powder|p1a: Amoonguss\n|-singleturn|p1a: Amoonguss|move: Rage Powder\n|move|p2a: Espathra|Hypnosis||[still]\n|-fail|p2a: Espathra\n|move|p1b: Chi-Yu|Dark Pulse|p2b: Sandy Shocks\n|-crit|p2b: Sandy Shocks\n|-damage|p2b: Sandy Shocks|0 fnt\n|faint|p2b: Sandy Shocks\n|-end|p2b: Sandy Shocks|Protosynthesis|[silent]\n|\n|-damage|p1a: Amoonguss|54\/100 brn|[from] brn\n|-ability|p2a: Espathra|Speed Boost|boost\n|-boost|p2a: Espathra|spe|1\n|upkeep\n|turn|10\n|\n|t:|1682918092\n|move|p1a: Amoonguss|Rage Powder|p1a: Amoonguss\n|-singleturn|p1a: Amoonguss|move: Rage Powder\n|move|p2a: Espathra|Dazzling Gleam|p1a: Amoonguss|[spread] p1a,p1b\n|-damage|p1a: Amoonguss|30\/100 brn\n|-damage|p1b: Chi-Yu|55\/100\n|move|p1b: Chi-Yu|Dark Pulse|p2a: Espathra\n|-supereffective|p2a: Espathra\n|-damage|p2a: Espathra|0 fnt\n|faint|p2a: Espathra\n|\n|win|HDVision\n|n|\u2606HDVision|hdvision\n|n|\u2606TFT Boomer2|tftboomer2\n|n| omgitsquon|omgitsquon\n|n| Lori Ori|loriori\n|c|\u2606TFT Boomer2|gg\n|c|\u2606HDVision|gg\n|l|\u2606TFT Boomer2\n|l| Lori Ori\n","uploadtime":1682918452,"views":22,"p1id":"hdvision","p2id":"tftboomer2","formatid":"gen9vgc2023regulationc","rating":0,"private":0,"password":""}