{"id":"gen9vgc2023regulationc-1859800136","p1":"superseriousboi","p2":"masteribubblegum","format":"[Gen 9] VGC 2023 Regulation C","log":"|j|\u2606superseriousboi\n|j|\u2606masteribubblegum\n|t:|1683565586\n|gametype|doubles\n|player|p1|superseriousboi|101|1145\n|player|p2|masteribubblegum|unknown|1055\n|teamsize|p1|6\n|teamsize|p2|6\n|gen|9\n|tier|[Gen 9] VGC 2023 Regulation C\n|rated|\n|rule|Species Clause: Limit one of each Pok\u00e9mon\n|rule|Item Clause: Limit one of each item\n|clearpoke\n|poke|p1|Kilowattrel, L50, F|\n|poke|p1|Murkrow, L50, F|\n|poke|p1|Scizor, L50, M|\n|poke|p1|Ting-Lu, L50|\n|poke|p1|Maushold, L50|\n|poke|p1|Annihilape, L50, M|\n|poke|p2|Chien-Pao, L50|\n|poke|p2|Dragapult, L50, F|\n|poke|p2|Ting-Lu, L50|\n|poke|p2|Amoonguss, L50, M|\n|poke|p2|Flutter Mane, L50|\n|poke|p2|Volcarona, L50, M|\n|teampreview|4\n|\n|t:|1683565617\n|start\n|switch|p1a: Murkrow|Murkrow, L50, F|100\/100\n|switch|p1b: Scizor|Scizor, L50, M|100\/100\n|switch|p2a: Kool Kold Kit Kat|Chien-Pao, L50|100\/100\n|switch|p2b: Baby Thrower|Dragapult, L50, F|100\/100\n|-ability|p2a: Kool Kold Kit Kat|Sword of Ruin\n|turn|1\n|\n|t:|1683565650\n|move|p1a: Murkrow|Tailwind|p1a: Murkrow\n|-sidestart|p1: superseriousboi|move: Tailwind\n|move|p1b: Scizor|Bullet Punch|p2a: Kool Kold Kit Kat\n|-supereffective|p2a: Kool Kold Kit Kat\n|-enditem|p2a: Kool Kold Kit Kat|Focus Sash\n|-damage|p2a: Kool Kold Kit Kat|1\/100\n|move|p2a: Kool Kold Kit Kat|Ice Spinner|p1b: Scizor\n|-resisted|p1b: Scizor\n|-damage|p1b: Scizor|68\/100\n|move|p2b: Baby Thrower|Dragon Darts|p1a: Murkrow\n|-damage|p1a: Murkrow|38\/100\n|-anim|p2b: Baby Thrower|Dragon Darts|p1b: Scizor\n|-resisted|p1b: Scizor\n|-damage|p1b: Scizor|38\/100\n|\n|upkeep\n|turn|2\n|\n|t:|1683565675\n|switch|p1b: Annihilape|Annihilape, L50, M|100\/100\n|move|p2a: Kool Kold Kit Kat|Sucker Punch||[still]\n|-fail|p2a: Kool Kold Kit Kat\n|move|p1a: Murkrow|Foul Play|p2b: Baby Thrower\n|-supereffective|p2b: Baby Thrower\n|-crit|p2b: Baby Thrower\n|-damage|p2b: Baby Thrower|0 fnt\n|faint|p2b: Baby Thrower\n|\n|upkeep\n|\n|t:|1683565687\n|switch|p2b: Cup head|Ting-Lu, L50|100\/100\n|-ability|p2b: Cup head|Vessel of Ruin\n|turn|3\n|\n|t:|1683565709\n|move|p1b: Annihilape|Protect|p1b: Annihilape\n|-singleturn|p1b: Annihilape|Protect\n|move|p2a: Kool Kold Kit Kat|Protect|p2a: Kool Kold Kit Kat\n|-singleturn|p2a: Kool Kold Kit Kat|Protect\n|move|p1a: Murkrow|Foul Play|p2a: Kool Kold Kit Kat\n|-activate|p2a: Kool Kold Kit Kat|move: Protect\n|move|p2b: Cup head|Fissure|p1b: Annihilape\n|-activate|p1b: Annihilape|move: Protect\n|\n|upkeep\n|turn|4\n|\n|t:|1683565731\n|move|p2a: Kool Kold Kit Kat|Sucker Punch||[still]\n|-fail|p2a: Kool Kold Kit Kat\n|move|p1b: Annihilape|Bulk Up|p1b: Annihilape\n|-boost|p1b: Annihilape|atk|1\n|-boost|p1b: Annihilape|def|1\n|move|p1a: Murkrow|Foul Play|p2a: Kool Kold Kit Kat\n|-resisted|p2a: Kool Kold Kit Kat\n|-damage|p2a: Kool Kold Kit Kat|0 fnt\n|faint|p2a: Kool Kold Kit Kat\n|move|p2b: Cup head|Stomping Tantrum|p1b: Annihilape\n|-damage|p1b: Annihilape|80\/100\n|\n|-heal|p1b: Annihilape|86\/100|[from] item: Leftovers\n|-sideend|p1: superseriousboi|move: Tailwind\n|upkeep\n|\n|t:|1683565743\n|switch|p2a: Among Us|Amoonguss, L50, M|100\/100\n|turn|5\n|\n|t:|1683565755\n|move|p1a: Murkrow|Screech|p2a: Among Us|[miss]\n|-miss|p1a: Murkrow|p2a: Among Us\n|move|p1b: Annihilape|Rage Fist|p2a: Among Us\n|-damage|p2a: Among Us|55\/100\n|move|p2b: Cup head|Fissure|p1b: Annihilape\n|-damage|p1b: Annihilape|0 fnt\n|faint|p1b: Annihilape\n|-ohko\n|move|p2a: Among Us|Spore|p1a: Murkrow\n|-status|p1a: Murkrow|slp|[from] move: Spore\n|\n|upkeep\n|\n|t:|1683565770\n|switch|p1b: Scizor|Scizor, L50, M|38\/100\n|turn|6\n|\n|t:|1683565791\n|cant|p1a: Murkrow|slp\n|move|p1b: Scizor|U-turn|p2a: Among Us\n|-damage|p2a: Among Us|5\/100\n|-enditem|p2a: Among Us|Sitrus Berry|[eat]\n|-heal|p2a: Among Us|30\/100|[from] item: Sitrus Berry\n|\n|t:|1683565797\n|switch|p1b: Maushold|Maushold, L50|100\/100|[from] U-turn\n|move|p2a: Among Us|Spore|p1b: Maushold\n|-activate|p1b: Maushold|item: Safety Goggles|Spore\n|move|p2b: Cup head|Fissure|p1b: Maushold|[miss]\n|-miss|p2b: Cup head|p1b: Maushold\n|\n|upkeep\n|turn|7\n|\n|t:|1683565812\n|move|p1b: Maushold|Protect|p1b: Maushold\n|-singleturn|p1b: Maushold|Protect\n|move|p2a: Among Us|Protect|p2a: Among Us\n|-singleturn|p2a: Among Us|Protect\n|cant|p1a: Murkrow|slp\n|move|p2b: Cup head|Stomping Tantrum|p1b: Maushold\n|-activate|p1b: Maushold|move: Protect\n|\n|upkeep\n|turn|8\n|\n|t:|1683565840\n|move|p1b: Maushold|Super Fang|p2b: Cup head\n|-damage|p2b: Cup head|50\/100\n|-curestatus|p1a: Murkrow|slp|[msg]\n|move|p1a: Murkrow|Foul Play|p2b: Cup head\n|-resisted|p2b: Cup head\n|-damage|p2b: Cup head|40\/100\n|move|p2a: Among Us|Spore|p1b: Maushold\n|-activate|p1b: Maushold|item: Safety Goggles|Spore\n|move|p2b: Cup head|Stomping Tantrum|p1b: Maushold\n|-damage|p1b: Maushold|60\/100\n|\n|upkeep\n|turn|9\n|\n|t:|1683565860\n|move|p1a: Murkrow|Screech|p2a: Among Us\n|-unboost|p2a: Among Us|def|2\n|move|p1b: Maushold|Super Fang|p2b: Cup head\n|-damage|p2b: Cup head|20\/100\n|move|p2b: Cup head|Fissure|p1b: Maushold|[miss]\n|-miss|p2b: Cup head|p1b: Maushold\n|move|p2a: Among Us|Pollen Puff|p2b: Cup head\n|-heal|p2b: Cup head|70\/100\n|\n|upkeep\n|turn|10\n|\n|t:|1683565880\n|move|p1a: Murkrow|Screech|p2a: Among Us\n|-unboost|p2a: Among Us|def|2\n|move|p1b: Maushold|Super Fang|p2b: Cup head|[miss]\n|-miss|p1b: Maushold|p2b: Cup head\n|move|p2a: Among Us|Spore|p1a: Murkrow\n|-status|p1a: Murkrow|slp|[from] move: Spore\n|move|p2b: Cup head|Fissure|p1b: Maushold|[miss]\n|-miss|p2b: Cup head|p1b: Maushold\n|\n|upkeep\n|turn|11\n|\n|t:|1683565901\n|move|p1b: Maushold|Super Fang|p2b: Cup head\n|-damage|p2b: Cup head|36\/100\n|cant|p1a: Murkrow|slp\n|move|p2a: Among Us|Pollen Puff|p2b: Cup head\n|-heal|p2b: Cup head|86\/100\n|move|p2b: Cup head|Fissure|p1b: Maushold|[miss]\n|-miss|p2b: Cup head|p1b: Maushold\n|\n|upkeep\n|turn|12\n|\n|t:|1683565932\n|move|p1b: Maushold|Super Fang|p2b: Cup head\n|-damage|p2b: Cup head|43\/100\n|-curestatus|p1a: Murkrow|slp|[msg]\n|move|p1a: Murkrow|Foul Play|p2a: Among Us\n|-damage|p2a: Among Us|0 fnt\n|faint|p2a: Among Us\n|move|p2b: Cup head|Fissure|p1b: Maushold|[miss]\n|-miss|p2b: Cup head|p1b: Maushold\n|\n|upkeep\n|turn|13\n|\n|t:|1683565946\n|move|p1b: Maushold|Protect|p1b: Maushold\n|-singleturn|p1b: Maushold|Protect\n|move|p1a: Murkrow|Foul Play|p2b: Cup head\n|-resisted|p2b: Cup head\n|-damage|p2b: Cup head|32\/100\n|move|p2b: Cup head|Stomping Tantrum|p1b: Maushold\n|-activate|p1b: Maushold|move: Protect\n|\n|upkeep\n|turn|14\n|\n|t:|1683565962\n|move|p1b: Maushold|Super Fang|p2b: Cup head\n|-damage|p2b: Cup head|17\/100\n|move|p1a: Murkrow|Foul Play|p2b: Cup head\n|-resisted|p2b: Cup head\n|-damage|p2b: Cup head|6\/100\n|move|p2b: Cup head|Stomping Tantrum|p1b: Maushold\n|-damage|p1b: Maushold|21\/100\n|\n|upkeep\n|turn|15\n|-message|masteribubblegum forfeited.\n|\n|win|superseriousboi\n|raw|superseriousboi's rating: 1145 → 1164<\/strong> (+19 for winning)\n|raw|masteribubblegum's rating: 1055 → 1041<\/strong> (-14 for losing)\n|l|\u2606masteribubblegum\n","uploadtime":1683565976,"views":5,"p1id":"superseriousboi","p2id":"masteribubblegum","formatid":"gen9vgc2023regulationc","rating":1041,"private":0,"password":""}