{"id":"gen9vgc2023regulationc-1862371276","p1":"i beed my ped","p2":"Artic1e 13","format":"[Gen 9] VGC 2023 Regulation C","log":"|j|\u2606i beed my ped\n|j|\u2606Artic1e 13\n|t:|1683874774\n|gametype|doubles\n|player|p1|i beed my ped|102|1438\n|player|p2|Artic1e 13|steven|1348\n|teamsize|p1|6\n|teamsize|p2|6\n|gen|9\n|tier|[Gen 9] VGC 2023 Regulation C\n|rated|\n|rule|Species Clause: Limit one of each Pok\u00e9mon\n|rule|Item Clause: Limit one of each item\n|clearpoke\n|poke|p1|Chi-Yu, L50|\n|poke|p1|Talonflame, L50, M|\n|poke|p1|Garchomp, L50, M|\n|poke|p1|Flutter Mane, L50|\n|poke|p1|Breloom, L50, M|\n|poke|p1|Iron Bundle, L50|\n|poke|p2|Pelipper, L50, F|\n|poke|p2|Palafin, L50, M|\n|poke|p2|Gholdengo, L50|\n|poke|p2|Meowscarada, L50, M|\n|poke|p2|Amoonguss, L50, M|\n|poke|p2|Kilowattrel, L50, F|\n|teampreview|4\n|inactive|Battle timer is ON: inactive players will automatically lose when time's up. (requested by Artic1e 13)\n|inactive|i beed my ped has 60 seconds left.\n|\n|t:|1683874837\n|start\n|switch|p1a: Talonflame|Talonflame, L50, M|100\/100\n|switch|p1b: Flutter Mane|Flutter Mane, L50|100\/100\n|switch|p2a: Pelipper|Pelipper, L50, F|100\/100\n|switch|p2b: Palafin|Palafin, L50, M|100\/100\n|-weather|RainDance|[from] ability: Drizzle|[of] p2a: Pelipper\n|turn|1\n|inactive|Artic1e 13 has 30 seconds left.\n|\n|t:|1683874862\n|move|p2a: Pelipper|Wide Guard|p2a: Pelipper\n|-singleturn|p2a: Pelipper|Wide Guard\n|move|p1a: Talonflame|Tailwind|p1a: Talonflame\n|-sidestart|p1: i beed my ped|move: Tailwind\n|move|p1b: Flutter Mane|Dazzling Gleam|p2b: Palafin|[spread] \n|-activate|p2a: Pelipper|move: Wide Guard\n|-activate|p2b: Palafin|move: Wide Guard\n|move|p2b: Palafin|Flip Turn|p1a: Talonflame\n|-supereffective|p1a: Talonflame\n|-damage|p1a: Talonflame|0 fnt\n|-damage|p2b: Palafin|84\/100|[from] item: Rocky Helmet|[of] p1a: Talonflame\n|faint|p1a: Talonflame\n|\n|t:|1683874876\n|detailschange|p2b: Palafin|Palafin-Hero, L50, M\n|switch|p2b: Kilowattrel|Kilowattrel, L50, F|100\/100|[from] Flip Turn\n|\n|-weather|RainDance|[upkeep]\n|upkeep\n|\n|t:|1683874894\n|switch|p1a: Iron Bundle|Iron Bundle, L50|100\/100\n|-enditem|p1a: Iron Bundle|Booster Energy\n|-activate|p1a: Iron Bundle|ability: Quark Drive|[fromitem]\n|-start|p1a: Iron Bundle|quarkdrivespe\n|turn|2\n|\n|t:|1683874912\n|-end|p1b: Flutter Mane|Protosynthesis|[silent]\n|switch|p1b: Chi-Yu|Chi-Yu, L50|100\/100\n|-ability|p1b: Chi-Yu|Beads of Ruin\n|move|p2b: Kilowattrel|Protect|p2b: Kilowattrel\n|-singleturn|p2b: Kilowattrel|Protect\n|move|p1a: Iron Bundle|Encore|p2a: Pelipper\n|-start|p2a: Pelipper|Encore\n|move|p2a: Pelipper|Wide Guard||[still]\n|-fail|p2a: Pelipper\n|\n|-weather|RainDance|[upkeep]\n|upkeep\n|turn|3\n|\n|t:|1683874934\n|switch|p2a: Gholdengo|Gholdengo, L50|100\/100\n|-terastallize|p2b: Kilowattrel|Steel\n|move|p1a: Iron Bundle|Encore|p2b: Kilowattrel\n|-start|p2b: Kilowattrel|Encore\n|move|p1b: Chi-Yu|Dark Pulse|p2a: Gholdengo\n|-supereffective|p2a: Gholdengo\n|-damage|p2a: Gholdengo|0 fnt\n|faint|p2a: Gholdengo\n|-damage|p1b: Chi-Yu|90\/100|[from] item: Life Orb\n|move|p2b: Kilowattrel|Protect||[still]\n|-fail|p2b: Kilowattrel\n|\n|-weather|RainDance|[upkeep]\n|upkeep\n|\n|t:|1683874948\n|switch|p2a: Pelipper|Pelipper, L50, F|100\/100\n|turn|4\n|\n|t:|1683874960\n|switch|p2b: Palafin|Palafin-Hero, L50, M|84\/100\n|-activate|p2b: Palafin|ability: Zero to Hero\n|move|p1a: Iron Bundle|Freeze-Dry|p2a: Pelipper\n|-supereffective|p2a: Pelipper\n|-damage|p2a: Pelipper|0 fnt\n|faint|p2a: Pelipper\n|move|p1b: Chi-Yu|Overheat|p2b: Palafin\n|-resisted|p2b: Palafin\n|-damage|p2b: Palafin|44\/100\n|-unboost|p1b: Chi-Yu|spa|2\n|-damage|p1b: Chi-Yu|80\/100|[from] item: Life Orb\n|\n|-weather|RainDance|[upkeep]\n|-sideend|p1: i beed my ped|move: Tailwind\n|upkeep\n|\n|t:|1683874969\n|switch|p2a: Kilowattrel|Kilowattrel, L50, F, tera:Steel|100\/100\n|turn|5\n|inactive|i beed my ped has 30 seconds left.\n|inactive|Artic1e 13 has 30 seconds left.\n|\n|t:|1683874996\n|move|p2b: Palafin|Jet Punch|p1b: Chi-Yu\n|-supereffective|p1b: Chi-Yu\n|-damage|p1b: Chi-Yu|0 fnt\n|faint|p1b: Chi-Yu\n|move|p1a: Iron Bundle|Freeze-Dry|p2b: Palafin\n|-supereffective|p2b: Palafin\n|-damage|p2b: Palafin|0 fnt\n|faint|p2b: Palafin\n|move|p2a: Kilowattrel|Thunder|p1a: Iron Bundle\n|-supereffective|p1a: Iron Bundle\n|-crit|p1a: Iron Bundle\n|-damage|p1a: Iron Bundle|0 fnt\n|faint|p1a: Iron Bundle\n|-end|p1a: Iron Bundle|Quark Drive|[silent]\n|-damage|p2a: Kilowattrel|91\/100|[from] item: Life Orb\n|\n|-weather|RainDance|[upkeep]\n|upkeep\n|\n|t:|1683875006\n|switch|p1b: Flutter Mane|Flutter Mane, L50|100\/100\n|turn|6\n|\n|t:|1683875022\n|move|p2a: Kilowattrel|Protect|p2a: Kilowattrel\n|-singleturn|p2a: Kilowattrel|Protect\n|move|p1b: Flutter Mane|Shadow Ball|p2a: Kilowattrel\n|-activate|p2a: Kilowattrel|move: Protect\n|\n|-weather|RainDance|[upkeep]\n|upkeep\n|turn|7\n|\n|t:|1683875029\n|move|p2a: Kilowattrel|Thunder|p1b: Flutter Mane\n|-damage|p1b: Flutter Mane|37\/100\n|-damage|p2a: Kilowattrel|81\/100|[from] item: Life Orb\n|move|p1b: Flutter Mane|Shadow Ball|p2a: Kilowattrel\n|-damage|p2a: Kilowattrel|0 fnt\n|faint|p2a: Kilowattrel\n|\n|win|i beed my ped\n|raw|i beed my ped's rating: 1438 → 1453<\/strong> (+15 for winning)\n|raw|Artic1e 13's rating: 1348 → 1333<\/strong> (-15 for losing)\n|l|\u2606Artic1e 13\n","uploadtime":1683875040,"views":10,"p1id":"ibeedmyped","p2id":"artic1e13","formatid":"gen9vgc2023regulationc","rating":1333,"private":0,"password":""}