{"id":"gen9vgc2023regulationc-1857265539","p1":"BlnglF","p2":"TGH_sr","format":"[Gen 9] VGC 2023 Regulation C","log":"|j|\u2606BlnglF\n|j|\u2606TGH_sr\n|t:|1683165317\n|gametype|doubles\n|player|p1|BlnglF|2|1236\n|player|p2|TGH_sr|steven|1287\n|teamsize|p1|6\n|teamsize|p2|6\n|gen|9\n|tier|[Gen 9] VGC 2023 Regulation C\n|rated|\n|rule|Species Clause: Limit one of each Pok\u00e9mon\n|rule|Item Clause: Limit one of each item\n|clearpoke\n|poke|p1|Torkoal, L50, F|\n|poke|p1|Jumpluff, L50, M|\n|poke|p1|Flutter Mane, L50|\n|poke|p1|Chi-Yu, L50|\n|poke|p1|Gastrodon, L50, F|\n|poke|p1|Rotom-Wash, L50|\n|poke|p2|Talonflame, L50, M|\n|poke|p2|Garchomp, L50, M|\n|poke|p2|Gholdengo, L50|\n|poke|p2|Gyarados, L50, M|\n|poke|p2|Flutter Mane, L50|\n|poke|p2|Chi-Yu, L50|\n|teampreview|4\nTGH_sr has agreed to open team sheets.\n|inactive|Battle timer is ON: inactive players will automatically lose when time's up. (requested by BlnglF)\n|\n|t:|1683165389\n|start\n|switch|p1a: Torkoal|Torkoal, L50, F|100\/100\n|switch|p1b: Jumpluff|Jumpluff, L50, M|100\/100\n|switch|p2a: Gholdengo|Gholdengo, L50|100\/100\n|switch|p2b: Gyarados|Gyarados, L50, M|100\/100\n|-ability|p2b: Gyarados|Intimidate|boost\n|-unboost|p1a: Torkoal|atk|1\n|-enditem|p1a: Torkoal|Eject Pack\n|-unboost|p1b: Jumpluff|atk|1\n|\n|t:|1683165403\n|switch|p1a: Chi-Yu|Chi-Yu, L50|100\/100\n|-ability|p1a: Chi-Yu|Beads of Ruin\n|turn|1\n|inactive|TGH_sr has 30 seconds left.\n|inactive|TGH_sr has 20 seconds left.\n|\n|t:|1683165440\n|switch|p1b: Gastrodon|Gastrodon, L50, F|100\/100\n|-terastallize|p2a: Gholdengo|Water\n|move|p1a: Chi-Yu|Dark Pulse|p2a: Gholdengo\n|-damage|p2a: Gholdengo|42\/100\n|move|p2a: Gholdengo|Thunderbolt|p1b: Gastrodon\n|-immune|p1b: Gastrodon\n|move|p2b: Gyarados|Waterfall|p1b: Gastrodon\n|-activate|p1b: Gastrodon|ability: Storm Drain\n|-ability|p1b: Gastrodon|Storm Drain|boost\n|-boost|p1b: Gastrodon|spa|1\n|\n|-heal|p2a: Gholdengo|48\/100|[from] item: Leftovers\n|upkeep\n|turn|2\n|inactive|BlnglF has 30 seconds left.\n|inactive|TGH_sr has 30 seconds left.\n|inactive|TGH_sr has 20 seconds left.\n|\n|t:|1683165480\n|switch|p2b: Talonflame|Talonflame, L50, M|100\/100\n|-terastallize|p1a: Chi-Yu|Dark\n|move|p2a: Gholdengo|Protect|p2a: Gholdengo\n|-singleturn|p2a: Gholdengo|Protect\n|move|p1a: Chi-Yu|Dark Pulse|p2a: Gholdengo\n|-activate|p2a: Gholdengo|move: Protect\n|move|p1b: Gastrodon|Acid Armor|p1b: Gastrodon\n|-boost|p1b: Gastrodon|def|2\n|\n|-heal|p2a: Gholdengo|53\/100|[from] item: Leftovers\n|upkeep\n|turn|3\n|inactive|TGH_sr has 30 seconds left.\n|inactive|TGH_sr has 20 seconds left.\n|inactive|TGH_sr has 15 seconds left.\n|inactive|TGH_sr has 10 seconds left.\n|inactive|TGH_sr has 5 seconds left.\n|\n|t:|1683165532\n|switch|p1a: Torkoal|Torkoal, L50, F|100\/100\n|-weather|SunnyDay|[from] ability: Drought|[of] p1a: Torkoal\n|move|p2b: Talonflame|Tailwind|p2b: Talonflame\n|-sidestart|p2: TGH_sr|move: Tailwind\n|move|p2a: Gholdengo|Thunderbolt|p1a: Torkoal\n|-damage|p1a: Torkoal|60\/100\n|move|p1b: Gastrodon|Clear Smog|p2b: Talonflame\n|-damage|p2b: Talonflame|79\/100\n|-clearboost|p2b: Talonflame\n|\n|-weather|SunnyDay|[upkeep]\n|-heal|p2a: Gholdengo|59\/100|[from] item: Leftovers\n|upkeep\n|turn|4\n|inactive|TGH_sr has 30 seconds left.\n|inactive|TGH_sr has 20 seconds left.\n|inactive|TGH_sr has 15 seconds left.\n|\n|t:|1683165574\n|move|p2a: Gholdengo|Protect|p2a: Gholdengo\n|-singleturn|p2a: Gholdengo|Protect\n|move|p2b: Talonflame|Brave Bird|p1a: Torkoal\n|-damage|p1a: Torkoal|33\/100\n|-damage|p2b: Talonflame|70\/100|[from] Recoil\n|move|p1b: Gastrodon|Earth Power|p2a: Gholdengo\n|-activate|p2a: Gholdengo|move: Protect\n|move|p1a: Torkoal|Heat Wave|p2b: Talonflame|[spread] p2b\n|-activate|p2a: Gholdengo|move: Protect\n|-resisted|p2b: Talonflame\n|-damage|p2b: Talonflame|41\/100\n|\n|-weather|SunnyDay|[upkeep]\n|-heal|p2a: Gholdengo|65\/100|[from] item: Leftovers\n|upkeep\n|turn|5\n|inactive|BlnglF has 30 seconds left.\n|inactive|TGH_sr has 30 seconds left.\n|inactive|BlnglF has 20 seconds left.\n|inactive|TGH_sr has 20 seconds left.\n|inactive|TGH_sr has 15 seconds left.\n|\n|t:|1683165618\n|move|p1a: Torkoal|Protect|p1a: Torkoal\n|-singleturn|p1a: Torkoal|Protect\n|move|p2b: Talonflame|Will-O-Wisp|p1b: Gastrodon\n|-status|p1b: Gastrodon|brn\n|move|p2a: Gholdengo|Nasty Plot|p2a: Gholdengo\n|-boost|p2a: Gholdengo|spa|2\n|move|p1b: Gastrodon|Earth Power|p2a: Gholdengo\n|-damage|p2a: Gholdengo|19\/100\n|\n|-weather|SunnyDay|[upkeep]\n|-heal|p2a: Gholdengo|25\/100|[from] item: Leftovers\n|-damage|p1b: Gastrodon|95\/100 brn|[from] brn\n|upkeep\n|turn|6\n|inactive|TGH_sr has 30 seconds left.\n|inactive|BlnglF has 30 seconds left.\n|inactive|TGH_sr has 20 seconds left.\n|inactive|TGH_sr has 15 seconds left.\n|\n|t:|1683165659\n|move|p2a: Gholdengo|Protect|p2a: Gholdengo\n|-singleturn|p2a: Gholdengo|Protect\n|move|p2b: Talonflame|Brave Bird|p1a: Torkoal\n|-damage|p1a: Torkoal|0 fnt\n|faint|p1a: Torkoal\n|-damage|p2b: Talonflame|30\/100|[from] Recoil\n|move|p1b: Gastrodon|Clear Smog|p2b: Talonflame\n|-damage|p2b: Talonflame|7\/100\n|-clearboost|p2b: Talonflame\n|\n|-weather|SunnyDay|[upkeep]\n|-heal|p2a: Gholdengo|31\/100|[from] item: Leftovers\n|-heal|p1b: Gastrodon|100\/100 brn|[from] item: Leftovers\n|-damage|p1b: Gastrodon|95\/100 brn|[from] brn\n|-sideend|p2: TGH_sr|move: Tailwind\n|upkeep\n|\n|t:|1683165666\n|switch|p1a: Chi-Yu|Chi-Yu, L50, tera:Dark|100\/100\n|-ability|p1a: Chi-Yu|Beads of Ruin\n|turn|7\n|\n|t:|1683165685\n|move|p1a: Chi-Yu|Heat Wave|p2b: Talonflame|[spread] p2b\n|-miss|p1a: Chi-Yu|p2a: Gholdengo\n|-resisted|p2b: Talonflame\n|-damage|p2b: Talonflame|0 fnt\n|faint|p2b: Talonflame\n|move|p2a: Gholdengo|Make It Rain|p1a: Chi-Yu|[spread] p1a,p1b\n|-resisted|p1b: Gastrodon\n|-damage|p1a: Chi-Yu|0 fnt\n|-damage|p1b: Gastrodon|51\/100 brn\n|-unboost|p2a: Gholdengo|spa|1\n|faint|p1a: Chi-Yu\n|move|p1b: Gastrodon|Earth Power|p2a: Gholdengo\n|-damage|p2a: Gholdengo|0 fnt\n|faint|p2a: Gholdengo\n|\n|-weather|none\n|-heal|p1b: Gastrodon|57\/100 brn|[from] item: Leftovers\n|-damage|p1b: Gastrodon|51\/100 brn|[from] brn\n|upkeep\n|\n|t:|1683165706\n|switch|p2b: Flutter Mane|Flutter Mane, L50|100\/100\n|switch|p1a: Jumpluff|Jumpluff, L50, M|100\/100\n|switch|p2a: Gyarados|Gyarados, L50, M|100\/100\n|-ability|p2a: Gyarados|Intimidate|boost\n|-unboost|p1a: Jumpluff|atk|1\n|-unboost|p1b: Gastrodon|atk|1\n|turn|8\n|inactive|TGH_sr has 30 seconds left.\n|inactive|TGH_sr has 20 seconds left.\n|\n|t:|1683165743\n|move|p2a: Gyarados|Protect|p2a: Gyarados\n|-singleturn|p2a: Gyarados|Protect\n|move|p2b: Flutter Mane|Energy Ball|p1b: Gastrodon\n|-supereffective|p1b: Gastrodon\n|-damage|p1b: Gastrodon|0 fnt\n|faint|p1b: Gastrodon\n|move|p1a: Jumpluff|Sleep Powder|p2b: Flutter Mane\n|-status|p2b: Flutter Mane|slp|[from] move: Sleep Powder\n|\n|upkeep\n|turn|9\n|-message|BlnglF forfeited.\n|\n|win|TGH_sr\n|raw|BlnglF's rating: 1236 → 1215<\/strong> (-21 for losing)\n|raw|TGH_sr's rating: 1287 → 1308<\/strong> (+21 for winning)\n|l|\u2606BlnglF\n","uploadtime":1683165758,"views":8,"p1id":"blnglf","p2id":"tghsr","formatid":"gen9vgc2023regulationc","rating":1215,"private":0,"password":""}