{"id":"gen9vgc2023regulationc-1846537042","p1":"De98","p2":"Herbas corinthians","format":"[Gen 9] VGC 2023 Regulation C","log":"|j|\u2606De98\n|j|\u2606Herbas corinthians\n|t:|1681849447\n|gametype|doubles\n|player|p1|De98|pokemonbreeder|1115\n|player|p2|Herbas corinthians|1|1131\n|teamsize|p1|6\n|teamsize|p2|6\n|gen|9\n|tier|[Gen 9] VGC 2023 Regulation C\n|rated|\n|rule|Species Clause: Limit one of each Pok\u00e9mon\n|rule|Item Clause: Limit one of each item\n|clearpoke\n|poke|p1|Palafin, L50, M|\n|poke|p1|Arcanine, L50, F|\n|poke|p1|Amoonguss, L50, M|\n|poke|p1|Ting-Lu, L50|\n|poke|p1|Kingambit, L50, M|\n|poke|p1|Flutter Mane, L50|\n|poke|p2|Palafin, L50, M|\n|poke|p2|Flutter Mane, L50|\n|poke|p2|Arcanine, L50, F|\n|poke|p2|Ting-Lu, L50|\n|poke|p2|Amoonguss, L50, M|\n|poke|p2|Kingambit, L50, F|\n|teampreview|4\n|inactive|Battle timer is ON: inactive players will automatically lose when time's up. (requested by De98)\n|inactive|De98 has 60 seconds left.\n|inactive|Herbas corinthians has 60 seconds left.\nDe98 has agreed to open team sheets.\n|inactive|Herbas corinthians has 30 seconds left.\n|inactive|Herbas corinthians has 20 seconds left.\n|\n|t:|1681849532\n|start\n|switch|p1a: Amoonguss|Amoonguss, L50, M|100\/100\n|switch|p1b: Kingambit|Kingambit, L50, M|100\/100\n|switch|p2a: Arcanine|Arcanine, L50, F|100\/100\n|switch|p2b: Palafin|Palafin, L50, M|100\/100\n|-ability|p2a: Arcanine|Intimidate|boost\n|-unboost|p1a: Amoonguss|atk|1\n|-unboost|p1b: Kingambit|atk|1\n|-ability|p1b: Kingambit|Defiant|boost\n|-boost|p1b: Kingambit|atk|2\n|turn|1\n|inactive|De98 has 30 seconds left.\n|inactive|Herbas corinthians has 30 seconds left.\n|c|\u2606De98|Where can i find the team sheets?\n|inactive|De98 has 20 seconds left.\n|inactive|De98 has 15 seconds left.\n|inactive|De98 has 10 seconds left.\n|\n|t:|1681849578\n|move|p2b: Palafin|Protect|p2b: Palafin\n|-singleturn|p2b: Palafin|Protect\n|move|p1b: Kingambit|Protect|p1b: Kingambit\n|-singleturn|p1b: Kingambit|Protect\n|move|p2a: Arcanine|Flare Blitz|p1a: Amoonguss\n|-supereffective|p1a: Amoonguss\n|-damage|p1a: Amoonguss|6\/100\n|-enditem|p1a: Amoonguss|Sitrus Berry|[eat]\n|-heal|p1a: Amoonguss|31\/100|[from] item: Sitrus Berry\n|-damage|p2a: Arcanine|66\/100|[from] Recoil\n|move|p1a: Amoonguss|Spore|p2b: Palafin\n|-activate|p2b: Palafin|move: Protect\n|\n|upkeep\n|turn|2\n|\n|t:|1681849599\n|detailschange|p2b: Palafin|Palafin-Hero, L50, M\n|switch|p2b: Ting-Lu|Ting-Lu, L50|100\/100\n|-ability|p2b: Ting-Lu|Vessel of Ruin\n|switch|p1a: Arcanine|Arcanine, L50, F, shiny|100\/100\n|-ability|p1a: Arcanine|Intimidate|boost\n|-unboost|p2a: Arcanine|atk|1\n|-unboost|p2b: Ting-Lu|atk|1\n|-terastallize|p1b: Kingambit|Dark\n|move|p2a: Arcanine|Flare Blitz|p1a: Arcanine\n|-resisted|p1a: Arcanine\n|-damage|p1a: Arcanine|82\/100\n|-damage|p2a: Arcanine|60\/100|[from] Recoil\n|move|p1b: Kingambit|Swords Dance|p1b: Kingambit\n|-boost|p1b: Kingambit|atk|2\n|\n|upkeep\n|turn|3\n|inactive|De98 has 30 seconds left.\n|inactive|Herbas corinthians has 30 seconds left.\n|inactive|De98 has 20 seconds left.\n|inactive|De98 has 15 seconds left.\n|\n|t:|1681849642\n|move|p1b: Kingambit|Sucker Punch||[still]\n|-fail|p1b: Kingambit\n|move|p1a: Arcanine|Will-O-Wisp|p2b: Ting-Lu\n|-status|p2b: Ting-Lu|brn\n|move|p2a: Arcanine|Will-O-Wisp|p1b: Kingambit\n|-status|p1b: Kingambit|brn\n|-enditem|p1b: Kingambit|Lum Berry|[eat]\n|-curestatus|p1b: Kingambit|brn|[msg]\n|move|p2b: Ting-Lu|Ruination|p1b: Kingambit\n|-damage|p1b: Kingambit|51\/100\n|\n|-damage|p2b: Ting-Lu|94\/100 brn|[from] brn\n|upkeep\n|turn|4\n|inactive|Herbas corinthians has 30 seconds left.\n|\n|t:|1681849673\n|switch|p1a: Ting-Lu|Ting-Lu, L50|100\/100\n|-ability|p1a: Ting-Lu|Vessel of Ruin\n|move|p1b: Kingambit|Protect|p1b: Kingambit\n|-singleturn|p1b: Kingambit|Protect\n|move|p2a: Arcanine|Will-O-Wisp|p1b: Kingambit\n|-activate|p1b: Kingambit|move: Protect\n|move|p2b: Ting-Lu|Earthquake|p1a: Ting-Lu|[spread] p2a,p1a\n|-activate|p1b: Kingambit|move: Protect\n|-supereffective|p2a: Arcanine\n|-damage|p2a: Arcanine|36\/100\n|-damage|p1a: Ting-Lu|93\/100\n|\n|-damage|p2b: Ting-Lu|88\/100 brn|[from] brn\n|upkeep\n|turn|5\n|\n|t:|1681849693\n|switch|p1b: Arcanine|Arcanine, L50, F, shiny|82\/100\n|-ability|p1b: Arcanine|Intimidate|boost\n|-unboost|p2a: Arcanine|atk|1\n|-unboost|p2b: Ting-Lu|atk|1\n|move|p2a: Arcanine|Flare Blitz|p1b: Arcanine\n|-resisted|p1b: Arcanine\n|-damage|p1b: Arcanine|68\/100\n|-damage|p2a: Arcanine|32\/100|[from] Recoil\n|move|p2b: Ting-Lu|Ruination|p1a: Ting-Lu|[miss]\n|-miss|p2b: Ting-Lu|p1a: Ting-Lu\n|move|p1a: Ting-Lu|Stomping Tantrum|p2a: Arcanine\n|-supereffective|p2a: Arcanine\n|-damage|p2a: Arcanine|0 fnt\n|faint|p2a: Arcanine\n|\n|-damage|p2b: Ting-Lu|82\/100 brn|[from] brn\n|upkeep\n|\n|t:|1681849709\n|switch|p2a: Palafin|Palafin-Hero, L50, M|100\/100\n|-activate|p2a: Palafin|ability: Zero to Hero\n|turn|6\n|\n|t:|1681849720\n|switch|p1a: Amoonguss|Amoonguss, L50, M|64\/100\n|move|p1b: Arcanine|Protect|p1b: Arcanine\n|-singleturn|p1b: Arcanine|Protect\n|move|p2a: Palafin|Jet Punch|p1b: Arcanine\n|-activate|p1b: Arcanine|move: Protect\n|move|p2b: Ting-Lu|Ruination|p1a: Amoonguss\n|-damage|p1a: Amoonguss|32\/100\n|\n|-damage|p2b: Ting-Lu|76\/100 brn|[from] brn\n|upkeep\n|turn|7\n|inactive|Herbas corinthians has 30 seconds left.\n|\n|t:|1681849748\n|move|p1a: Amoonguss|Rage Powder|p1a: Amoonguss\n|-singleturn|p1a: Amoonguss|move: Rage Powder\n|move|p1b: Arcanine|Will-O-Wisp|p2a: Palafin\n|-status|p2a: Palafin|brn\n|move|p2a: Palafin|Wave Crash|p1a: Amoonguss\n|-resisted|p1a: Amoonguss\n|-damage|p1a: Amoonguss|11\/100\n|-damage|p2a: Palafin|93\/100 brn|[from] Recoil\n|move|p2b: Ting-Lu|Stomping Tantrum|p1a: Amoonguss\n|-damage|p1a: Amoonguss|1\/100\n|\n|-damage|p2a: Palafin|87\/100 brn|[from] brn\n|-damage|p2b: Ting-Lu|70\/100 brn|[from] brn\n|upkeep\n|turn|8\n|inactive|De98 has 30 seconds left.\n|\n|t:|1681849781\n|switch|p1a: Ting-Lu|Ting-Lu, L50|93\/100\n|-ability|p1a: Ting-Lu|Vessel of Ruin\n|move|p1b: Arcanine|Protect|p1b: Arcanine\n|-singleturn|p1b: Arcanine|Protect\n|move|p2a: Palafin|Jet Punch|p1a: Ting-Lu\n|-supereffective|p1a: Ting-Lu\n|-damage|p1a: Ting-Lu|62\/100\n|move|p2b: Ting-Lu|Ruination|p1b: Arcanine\n|-activate|p1b: Arcanine|move: Protect\n|\n|-damage|p2a: Palafin|81\/100 brn|[from] brn\n|-damage|p2b: Ting-Lu|64\/100 brn|[from] brn\n|upkeep\n|turn|9\n|inactive|De98 has 30 seconds left.\n|inactive|Herbas corinthians has 30 seconds left.\n|inactive|Herbas corinthians has 20 seconds left.\n|\n|t:|1681849820\n|move|p2a: Palafin|Jet Punch|p1a: Ting-Lu\n|-supereffective|p1a: Ting-Lu\n|-damage|p1a: Ting-Lu|34\/100\n|move|p1b: Arcanine|Flare Blitz|p2b: Ting-Lu\n|-damage|p2b: Ting-Lu|33\/100 brn\n|-damage|p1b: Arcanine|55\/100|[from] Recoil\n|move|p2b: Ting-Lu|Ruination|p1a: Ting-Lu\n|-damage|p1a: Ting-Lu|17\/100\n|move|p1a: Ting-Lu|Sand Tomb|p2a: Palafin\n|-damage|p2a: Palafin|68\/100 brn\n|-activate|p2a: Palafin|move: Sand Tomb|[of] p1a: Ting-Lu\n|\n|-damage|p2a: Palafin|62\/100 brn|[from] brn\n|-damage|p2b: Ting-Lu|27\/100 brn|[from] brn\n|-damage|p2a: Palafin|50\/100 brn|[from] move: Sand Tomb|[partiallytrapped]\n|upkeep\n|turn|10\n|\n|t:|1681849842\n|switch|p1a: Amoonguss|Amoonguss, L50, M|35\/100\n|move|p1b: Arcanine|Protect|p1b: Arcanine\n|-singleturn|p1b: Arcanine|Protect\n|move|p2a: Palafin|Jet Punch|p1a: Amoonguss\n|-resisted|p1a: Amoonguss\n|-damage|p1a: Amoonguss|23\/100\n|move|p2b: Ting-Lu|Ruination|p1b: Arcanine\n|-activate|p1b: Arcanine|move: Protect\n|\n|-damage|p2a: Palafin|44\/100 brn|[from] brn\n|-damage|p2b: Ting-Lu|21\/100 brn|[from] brn\n|-end|p2a: Palafin|Sand Tomb|[partiallytrapped]|[silent]\n|upkeep\n|turn|11\n|-message|Herbas corinthians forfeited.\n|\n|win|De98\n|raw|De98's rating: 1115 → 1141<\/strong> (+26 for winning)\n|raw|Herbas corinthians's rating: 1131 → 1105<\/strong> (-26 for losing)\n|l|\u2606Herbas corinthians\n","uploadtime":1681849887,"views":4,"p1id":"de98","p2id":"herbascorinthians","formatid":"gen9vgc2023regulationc","rating":1105,"private":0,"password":""}