{"id":"gen9vgc2023regulationc-1856169324","p1":"Bambambi","p2":"MightyMudsdale","format":"[Gen 9] VGC 2023 Regulation C","log":"|j|\u2606Bambambi\n|j|\u2606MightyMudsdale\n|t:|1683037127\n|gametype|doubles\n|player|p1|Bambambi|wallace-gen6|\n|player|p2|MightyMudsdale|nessa-masters|\n|teamsize|p1|6\n|teamsize|p2|6\n|gen|9\n|tier|[Gen 9] VGC 2023 Regulation C\n|rule|Species Clause: Limit one of each Pok\u00e9mon\n|rule|Item Clause: Limit one of each item\n|clearpoke\n|poke|p1|Flutter Mane, L50|\n|poke|p1|Gothitelle, L50, F|\n|poke|p1|Scream Tail, L50|\n|poke|p1|Chi-Yu, L50|\n|poke|p1|Amoonguss, L50, M|\n|poke|p1|Palafin, L50, M|\n|poke|p2|Flutter Mane, L50|\n|poke|p2|Chi-Yu, L50|\n|poke|p2|Gyarados, L50, F|\n|poke|p2|Orthworm, L50, F|\n|poke|p2|Glimmora, L50, M|\n|poke|p2|Iron Hands, L50|\n|teampreview|4\n|c|\u2606MightyMudsdale|gl hf\nBambambi has agreed to open team sheets.\nMightyMudsdale has agreed to open team sheets.\n|c|\u2606Bambambi|U2!\n|\n|t:|1683037147\n|start\n|switch|p1a: Pearls|Flutter Mane, L50|100\/100\n|switch|p1b: AllMight|Palafin, L50, M|100\/100\n|switch|p2a: Unagi|Gyarados, L50, F|100\/100\n|switch|p2b: Flutter Mane|Flutter Mane, L50|100\/100\n|-ability|p2a: Unagi|Intimidate|boost\n|-unboost|p1a: Pearls|atk|1\n|-unboost|p1b: AllMight|atk|1\n|turn|1\n|\n|t:|1683037166\n|-terastallize|p1b: AllMight|Water\n|move|p1b: AllMight|Jet Punch|p2b: Flutter Mane\n|-damage|p2b: Flutter Mane|53\/100\n|move|p1a: Pearls|Shadow Ball|p2b: Flutter Mane\n|-supereffective|p2b: Flutter Mane\n|-damage|p2b: Flutter Mane|0 fnt\n|faint|p2b: Flutter Mane\n|-end|p2b: Flutter Mane|Protosynthesis|[silent]\n|move|p2a: Unagi|Thunder Wave|p1a: Pearls\n|-status|p1a: Pearls|par\n|\n|upkeep\n|\n|t:|1683037180\n|switch|p2b: Orchidiris|Glimmora, L50, M|100\/100\n|turn|2\n|\n|t:|1683037195\n|move|p1b: AllMight|Protect|p1b: AllMight\n|-singleturn|p1b: AllMight|Protect\n|move|p2a: Unagi|Waterfall|p1a: Pearls\n|-damage|p1a: Pearls|30\/100 par\n|move|p2b: Orchidiris|Mortal Spin|p1b: AllMight|[spread] p1a\n|-activate|p1b: AllMight|move: Protect\n|-damage|p1a: Pearls|18\/100 par\n|move|p1a: Pearls|Perish Song|p1a: Pearls\n|-start|p1a: Pearls|perish3|[silent]\n|-start|p1b: AllMight|perish3|[silent]\n|-start|p2a: Unagi|perish3|[silent]\n|-start|p2b: Orchidiris|perish3|[silent]\n|-fieldactivate|move: Perish Song\n|\n|-start|p1b: AllMight|perish3\n|-start|p2a: Unagi|perish3\n|-start|p2b: Orchidiris|perish3\n|-start|p1a: Pearls|perish3\n|upkeep\n|turn|3\n|\n|t:|1683037213\n|detailschange|p1b: AllMight|Palafin-Hero, L50, M, tera:Water\n|switch|p1b: Ironmouse|Gothitelle, L50, F, shiny|100\/100\n|move|p1a: Pearls|Protect|p1a: Pearls\n|-singleturn|p1a: Pearls|Protect\n|move|p2a: Unagi|Waterfall|p1a: Pearls\n|-activate|p1a: Pearls|move: Protect\n|move|p2b: Orchidiris|Mortal Spin|p1b: Ironmouse|[spread] p1b\n|-activate|p1a: Pearls|move: Protect\n|-damage|p1b: Ironmouse|97\/100\n|-status|p1b: Ironmouse|psn\n|\n|-damage|p1b: Ironmouse|84\/100 psn|[from] psn\n|-start|p2a: Unagi|perish2\n|-start|p2b: Orchidiris|perish2\n|-start|p1a: Pearls|perish2\n|upkeep\n|turn|4\n|\n|t:|1683037229\n|move|p1a: Pearls|Protect||[still]\n|-fail|p1a: Pearls\n|move|p1b: Ironmouse|Fake Out|p2a: Unagi\n|-damage|p2a: Unagi|95\/100\n|cant|p2a: Unagi|flinch\n|move|p2b: Orchidiris|Venoshock|p1b: Ironmouse\n|-damage|p1b: Ironmouse|36\/100 psn\n|-enditem|p1b: Ironmouse|Sitrus Berry|[eat]\n|-heal|p1b: Ironmouse|61\/100 psn|[from] item: Sitrus Berry\n|\n|-damage|p1b: Ironmouse|49\/100 psn|[from] psn\n|-start|p2a: Unagi|perish1\n|-start|p2b: Orchidiris|perish1\n|-start|p1a: Pearls|perish1\n|upkeep\n|turn|5\n|\n|t:|1683037251\n|move|p1b: Ironmouse|Protect|p1b: Ironmouse\n|-singleturn|p1b: Ironmouse|Protect\n|move|p2a: Unagi|Waterfall|p1a: Pearls\n|-damage|p1a: Pearls|0 fnt\n|faint|p1a: Pearls\n|-end|p1a: Pearls|Protosynthesis|[silent]\n|move|p2b: Orchidiris|Venoshock|p1b: Ironmouse\n|-activate|p1b: Ironmouse|move: Protect\n|\n|-damage|p1b: Ironmouse|36\/100 psn|[from] psn\n|-start|p2a: Unagi|perish0\n|-start|p2b: Orchidiris|perish0\n|faint|p2a: Unagi\n|faint|p2b: Orchidiris\n|upkeep\n|\n|t:|1683037263\n|switch|p1a: Chi-Chi|Chi-Yu, L50|100\/100\n|switch|p2b: Chi-Yu|Chi-Yu, L50|100\/100\n|-ability|p2b: Chi-Yu|Beads of Ruin\n|-ability|p1a: Chi-Chi|Beads of Ruin\n|turn|6\n|\n|t:|1683037275\n|-terastallize|p2b: Chi-Yu|Water\n|move|p2b: Chi-Yu|Tera Blast|p1b: Ironmouse\n|-damage|p1b: Ironmouse|0 fnt\n|faint|p1b: Ironmouse\n|move|p1a: Chi-Chi|Nasty Plot|p1a: Chi-Chi\n|-boost|p1a: Chi-Chi|spa|2\n|\n|upkeep\n|\n|t:|1683037281\n|switch|p1b: AllMight|Palafin-Hero, L50, M, tera:Water|100\/100\n|-activate|p1b: AllMight|ability: Zero to Hero\n|turn|7\n|\n|t:|1683037290\n|move|p1b: AllMight|Protect|p1b: AllMight\n|-singleturn|p1b: AllMight|Protect\n|move|p2b: Chi-Yu|Tera Blast|p1a: Chi-Chi\n|-supereffective|p1a: Chi-Chi\n|-damage|p1a: Chi-Chi|21\/100\n|move|p1a: Chi-Chi|Snarl|p2b: Chi-Yu\n|-damage|p2b: Chi-Yu|47\/100\n|-unboost|p2b: Chi-Yu|spa|1\n|\n|upkeep\n|turn|8\n|\n|t:|1683037302\n|move|p1a: Chi-Chi|Protect|p1a: Chi-Chi\n|-singleturn|p1a: Chi-Chi|Protect\n|move|p1b: AllMight|Jet Punch|p2b: Chi-Yu\n|-resisted|p2b: Chi-Yu\n|-damage|p2b: Chi-Yu|0 fnt\n|faint|p2b: Chi-Yu\n|\n|win|Bambambi\n|c|\u2606MightyMudsdale|gg wp\n|c|\u2606Bambambi|Gg wp\n","uploadtime":1683037332,"views":7,"p1id":"bambambi","p2id":"mightymudsdale","formatid":"gen9vgc2023regulationc","rating":0,"private":0,"password":""}