{"id":"gen9vgc2023regulationc-1862583771","p1":"SlowHomie","p2":"Ze Banded","format":"[Gen 9] VGC 2023 Regulation C","log":"|j|\u2606SlowHomie\n|j|\u2606Ze Banded\n|t:|1683902945\n|gametype|doubles\n|player|p1|SlowHomie|lucas|\n|player|p2|Ze Banded|zinzolin|\n|teamsize|p1|6\n|teamsize|p2|6\n|gen|9\n|tier|[Gen 9] VGC 2023 Regulation C\n|rated|Tournament battle\n|rule|Species Clause: Limit one of each Pok\u00e9mon\n|rule|Item Clause: Limit one of each item\n|clearpoke\n|poke|p1|Orthworm, L50, M|\n|poke|p1|Dragonite, L50, F|\n|poke|p1|Ting-Lu, L50|\n|poke|p1|Gyarados, L50, F|\n|poke|p1|Flutter Mane, L50|\n|poke|p1|Chien-Pao, L50|\n|poke|p2|Kingambit, L50, M|\n|poke|p2|Amoonguss, L50, F|\n|poke|p2|Farigiraf, L50, F|\n|poke|p2|Hatterene, L50, F|\n|poke|p2|Pelipper, L50, M|\n|poke|p2|Palafin, L50, M|\n|teampreview|4\n|raw| Open Team Sheet for SlowHomie<\/summary>UnlormTheWorm (Orthworm) @ Sitrus Berry Ability: Earth Eater Level: 50 Tera Type: Fire - Shed Tail - Body Press - Iron Defense - Heavy Slam UnlagonTheDragon (Dragonite) @ Lum Berry Ability: Multiscale Level: 50 Tera Type: Flying - Dragon Dance - Aerial Ace - Thunder Punch - Extreme Speed UnlooseTheMoose (Ting-Lu) @ Choice Band Ability: Vessel of Ruin Level: 50 Tera Type: Poison - Earthquake - Rock Slide - Throat Chop - Bulldoze UnlishTheFish (Gyarados) @ Safety Goggles Ability: Intimidate Level: 50 Tera Type: Poison - Taunt - Helping Hand - Waterfall - Bulldoze UnlhostTheGhost (Flutter Mane) @ Life Orb Ability: Protosynthesis Level: 50 Tera Type: Fairy - Shadow Ball - Dazzling Gleam - Moonblast - Protect UnleaselTheWeasel (Chien-Pao) @ Focus Sash Ability: Sword of Ruin Level: 50 Tera Type: Ghost - Ice Spinner - Sucker Punch - Haze - Protect <\/details><\/div> Open Team Sheet for Ze Banded<\/summary>King Minos (Kingambit) @ Black Glasses Ability: Defiant Level: 50 Tera Type: Dark - Protect - Swords Dance - Kowtow Cleave - Sucker Punch Maurice (Amoonguss) @ Sitrus Berry Ability: Regenerator Level: 50 Tera Type: Water - Protect - Rage Powder - Spore - Pollen Puff Flesh Panopticon (Farigiraf) @ Safety Goggles Ability: Armor Tail Level: 50 Tera Type: Water - Trick Room - Tera Blast - Uproar - Psyshock Inssurectionist (Hatterene) (F) @ Life Orb Ability: Magic Bounce Level: 50 Tera Type: Steel - Trick Room - Psychic - Dazzling Gleam - Shadow Ball Ferryman (Pelipper) @ Damp Rock Ability: Drizzle Level: 50 Tera Type: Grass - Protect - Wide Guard - Hurricane - Hydro Pump Gabriel (Palafin) @ Mystic Water Ability: Zero to Hero Level: 50 Tera Type: Water - Protect - Close Combat - Jet Punch - Wave Crash <\/details><\/div>\n|inactive|Battle timer is ON: inactive players will automatically lose when time's up. (requested by Ze Banded)\n|c|\u2606Ze Banded|glhf\n|c|\u2606SlowHomie|Glhf\n|inactive|SlowHomie has 60 seconds left.\n|j| Draxolotl\n|\n|t:|1683902981\n|start\n|switch|p1a: UnlishTheFish|Gyarados, L50, F|100\/100\n|switch|p1b: UnlooseTheMoose|Ting-Lu, L50|100\/100\n|switch|p2a: King Minos|Kingambit, L50, M|100\/100\n|switch|p2b: Flesh Panopticon|Farigiraf, L50, F|100\/100\n|-ability|p1a: UnlishTheFish|Intimidate|boost\n|-unboost|p2a: King Minos|atk|1\n|-ability|p2a: King Minos|Defiant|boost\n|-boost|p2a: King Minos|atk|2\n|-unboost|p2b: Flesh Panopticon|atk|1\n|-ability|p1b: UnlooseTheMoose|Vessel of Ruin\n|turn|1\n|l| Draxolotl\n|\n|t:|1683903005\n|switch|p2b: Inssurectionist|Hatterene, L50, F|100\/100\n|-terastallize|p2a: King Minos|Dark\n|move|p1a: UnlishTheFish|Taunt|p2b: Inssurectionist\n|move|p2b: Inssurectionist|Taunt|p1a: UnlishTheFish|[from]ability: Magic Bounce\n|-start|p1a: UnlishTheFish|move: Taunt\n|move|p1b: UnlooseTheMoose|Earthquake|p2b: Inssurectionist|[spread] p2a,p2b\n|-immune|p1a: UnlishTheFish\n|-damage|p2a: King Minos|66\/100\n|-damage|p2b: Inssurectionist|40\/100\n|move|p2a: King Minos|Swords Dance|p2a: King Minos\n|-boost|p2a: King Minos|atk|2\n|\n|upkeep\n|turn|2\n|c|\u2606SlowHomie|Lol love the magic bounce\n|inactive|SlowHomie has 30 seconds left.\n|\n|t:|1683903033\n|switch|p2b: Flesh Panopticon|Farigiraf, L50, F|100\/100\n|move|p2a: King Minos|Sucker Punch|p1b: UnlooseTheMoose\n|-resisted|p1b: UnlooseTheMoose\n|-damage|p1b: UnlooseTheMoose|46\/100\n|move|p1a: UnlishTheFish|Waterfall|p2a: King Minos\n|-damage|p2a: King Minos|40\/100\n|move|p1b: UnlooseTheMoose|Earthquake|p2a: King Minos|[spread] p2a,p2b\n|-immune|p1a: UnlishTheFish\n|-damage|p2a: King Minos|3\/100\n|-damage|p2b: Flesh Panopticon|46\/100\n|\n|upkeep\n|turn|3\n|inactive|SlowHomie has 30 seconds left.\n|\n|t:|1683903065\n|switch|p1b: UnlormTheWorm|Orthworm, L50, M|100\/100\n|move|p2a: King Minos|Protect|p2a: King Minos\n|-singleturn|p2a: King Minos|Protect\n|move|p1a: UnlishTheFish|Waterfall|p2a: King Minos\n|-activate|p2a: King Minos|move: Protect\n|move|p2b: Flesh Panopticon|Trick Room|p2b: Flesh Panopticon\n|-fieldstart|move: Trick Room|[of] p2b: Flesh Panopticon\n|\n|upkeep\n|turn|4\n|\n|t:|1683903082\n|move|p2b: Flesh Panopticon|Psyshock|p1a: UnlishTheFish\n|-damage|p1a: UnlishTheFish|61\/100\n|move|p2a: King Minos|Kowtow Cleave|p1b: UnlormTheWorm\n|-damage|p1b: UnlormTheWorm|0 fnt\n|faint|p1b: UnlormTheWorm\n|move|p1a: UnlishTheFish|Waterfall|p2a: King Minos\n|-damage|p2a: King Minos|0 fnt\n|faint|p2a: King Minos\n|\n|-end|p1a: UnlishTheFish|move: Taunt\n|upkeep\n|\n|t:|1683903094\n|switch|p2a: Inssurectionist|Hatterene, L50, F|40\/100\n|switch|p1b: UnlagonTheDragon|Dragonite, L50, F|100\/100\n|turn|5\n|\n|t:|1683903113\n|-terastallize|p1b: UnlagonTheDragon|Flying\n|move|p1a: UnlishTheFish|Helping Hand|p1b: UnlagonTheDragon\n|-singleturn|p1b: UnlagonTheDragon|Helping Hand|[of] p1a: UnlishTheFish\n|move|p2a: Inssurectionist|Dazzling Gleam|p1a: UnlishTheFish|[spread] p1a,p1b\n|-damage|p1a: UnlishTheFish|26\/100\n|-damage|p1b: UnlagonTheDragon|79\/100\n|-damage|p2a: Inssurectionist|30\/100|[from] item: Life Orb\n|move|p2b: Flesh Panopticon|Psyshock|p1b: UnlagonTheDragon\n|-damage|p1b: UnlagonTheDragon|36\/100\n|move|p1b: UnlagonTheDragon|Aerial Ace|p2a: Inssurectionist\n|-damage|p2a: Inssurectionist|0 fnt\n|faint|p2a: Inssurectionist\n|\n|upkeep\n|\n|t:|1683903119\n|switch|p2a: Maurice|Amoonguss, L50, F|100\/100\n|turn|6\n|j| krangune\u2764\n|\n|t:|1683903136\n|switch|p1b: UnlooseTheMoose|Ting-Lu, L50|46\/100\n|-ability|p1b: UnlooseTheMoose|Vessel of Ruin\n|move|p2a: Maurice|Pollen Puff|p2b: Flesh Panopticon\n|-heal|p2b: Flesh Panopticon|96\/100\n|move|p2b: Flesh Panopticon|Psyshock|p1b: UnlooseTheMoose\n|-immune|p1b: UnlooseTheMoose\n|move|p1a: UnlishTheFish|Taunt|p2a: Maurice\n|-start|p2a: Maurice|move: Taunt\n|\n|upkeep\n|turn|7\n|inactive|SlowHomie has 30 seconds left.\n|\n|t:|1683903165\n|move|p2a: Maurice|Pollen Puff|p1b: UnlooseTheMoose\n|-supereffective|p1b: UnlooseTheMoose\n|-damage|p1b: UnlooseTheMoose|24\/100\n|move|p2b: Flesh Panopticon|Tera Blast|p1b: UnlooseTheMoose\n|-damage|p1b: UnlooseTheMoose|0 fnt\n|faint|p1b: UnlooseTheMoose\n|move|p1a: UnlishTheFish|Taunt|p2b: Flesh Panopticon\n|-start|p2b: Flesh Panopticon|move: Taunt\n|\n|-fieldend|move: Trick Room\n|upkeep\n|\n|t:|1683903177\n|switch|p1b: UnlagonTheDragon|Dragonite, L50, F, tera:Flying|36\/100\n|turn|8\n|j|+TheLoanRanger\n|\n|t:|1683903197\n|move|p1a: UnlishTheFish|Helping Hand|p1b: UnlagonTheDragon\n|-singleturn|p1b: UnlagonTheDragon|Helping Hand|[of] p1a: UnlishTheFish\n|move|p1b: UnlagonTheDragon|Aerial Ace|p2a: Maurice\n|-supereffective|p2a: Maurice\n|-damage|p2a: Maurice|15\/100\n|-enditem|p2a: Maurice|Sitrus Berry|[eat]\n|-heal|p2a: Maurice|40\/100|[from] item: Sitrus Berry\n|move|p2b: Flesh Panopticon|Psyshock|p1b: UnlagonTheDragon\n|-damage|p1b: UnlagonTheDragon|0 fnt\n|faint|p1b: UnlagonTheDragon\n|move|p2a: Maurice|Pollen Puff|p2b: Flesh Panopticon\n|-heal|p2b: Flesh Panopticon|100\/100\n|\n|upkeep\n|turn|9\n|j| dileVGC\n|c|\u2606Ze Banded|gg\n|c|\u2606Ze Banded|aerial ace is so ass lol\n|l| krangune\u2764\n|j| PoppyPearly\n|c|\u2606SlowHomie|Dang. Gg\n|inactive|SlowHomie has 30 seconds left.\n|inactive|SlowHomie has 20 seconds left.\n|inactive|SlowHomie has 15 seconds left.\n|inactive|SlowHomie has 10 seconds left.\n|l|+TheLoanRanger\n|inactive|SlowHomie has 5 seconds left.\n|\n|t:|1683903252\n|move|p1a: UnlishTheFish|Taunt||[still]\n|-fail|p1a: UnlishTheFish\n|move|p2b: Flesh Panopticon|Psyshock|p1a: UnlishTheFish\n|-damage|p1a: UnlishTheFish|0 fnt\n|faint|p1a: UnlishTheFish\n|\n|win|Ze Banded\n|n|\u2606SlowHomie|slowhomie\n|n|\u2606Ze Banded|zebanded\n|n| dileVGC|dilevgc\n|n| PoppyPearly|poppypearly\n|l| PoppyPearly\n|c|\u2606SlowHomie|yeah but It sucks when you have to tera something else and have a useless dragon\n|j| PoppyPearly\n|c|\u2606SlowHomie|gg wp\n|l| dileVGC\n|l| PoppyPearly\n|l|\u2606SlowHomie\n|j|\u2606SlowHomie\n|player|p1|SlowHomie|lucas\n","uploadtime":1683903253,"views":14,"p1id":"slowhomie","p2id":"zebanded","formatid":"gen9vgc2023regulationc","rating":0,"private":0,"password":""}