{"id":"gen9vgc2023regulationc-1863171694","p1":"fuckmetodeath","p2":"CAUSEIMJP","format":"[Gen 9] VGC 2023 Regulation C","log":"|j|\u2606fuckmetodeath\n|j|\u2606CAUSEIMJP\n|t:|1683983389\n|gametype|doubles\n|player|p1|fuckmetodeath|youngster-gen4dp|1040\n|player|p2|CAUSEIMJP|265|1043\n|teamsize|p1|6\n|teamsize|p2|6\n|gen|9\n|tier|[Gen 9] VGC 2023 Regulation C\n|rated|\n|rule|Species Clause: Limit one of each Pok\u00e9mon\n|rule|Item Clause: Limit one of each item\n|clearpoke\n|poke|p1|Scream Tail, L50|\n|poke|p1|Ceruledge, L50, F|\n|poke|p1|Dragonite, L50, F|\n|poke|p1|Amoonguss, L50, F|\n|poke|p1|Gholdengo, L50|\n|poke|p1|Palafin, L50, F|\n|poke|p2|Riolu, L50, M|\n|poke|p2|Salamence, L50, F|\n|poke|p2|Flutter Mane, L50|\n|poke|p2|Farigiraf, L50, M|\n|poke|p2|Amoonguss, L50, F|\n|poke|p2|Salazzle, L50, F|\n|teampreview|4\n|\n|t:|1683983430\n|start\n|switch|p1a: Scream Tail|Scream Tail, L50|100\/100\n|switch|p1b: Palafin|Palafin, L50, F|100\/100\n|switch|p2a: Riolu|Riolu, L50, M|100\/100\n|switch|p2b: Salamence|Salamence, L50, F|100\/100\n|-ability|p2b: Salamence|Intimidate|boost\n|-unboost|p1a: Scream Tail|atk|1\n|-fail|p1b: Palafin|unboost|[from] item: Clear Amulet|[of] p1b: Palafin\n|-enditem|p1a: Scream Tail|Booster Energy\n|-activate|p1a: Scream Tail|ability: Protosynthesis|[fromitem]\n|-start|p1a: Scream Tail|protosynthesisspe\n|turn|1\n|\n|t:|1683983459\n|-terastallize|p1b: Palafin|Water\n|move|p2a: Riolu|Howl|p2a: Riolu|[spread] p2a,p2b\n|-boost|p2a: Riolu|atk|1\n|-boost|p2b: Salamence|atk|1\n|move|p2b: Salamence|Iron Head|p1a: Scream Tail\n|-supereffective|p1a: Scream Tail\n|-damage|p1a: Scream Tail|40\/100\n|move|p1a: Scream Tail|Play Rough|p2a: Riolu\n|-supereffective|p2a: Riolu\n|-damage|p2a: Riolu|6\/100\n|move|p1b: Palafin|Wave Crash|p2a: Riolu\n|-damage|p2a: Riolu|0 fnt\n|faint|p2a: Riolu\n|-damage|p1b: Palafin|99\/100|[from] Recoil\n|\n|upkeep\n|\n|t:|1683983475\n|switch|p2a: Flutter Mane|Flutter Mane, L50|100\/100\n|turn|2\n|\n|t:|1683983483\n|move|p1a: Scream Tail|Protect|p1a: Scream Tail\n|-singleturn|p1a: Scream Tail|Protect\n|move|p1b: Palafin|Jet Punch|p2a: Flutter Mane\n|-damage|p2a: Flutter Mane|60\/100\n|move|p2b: Salamence|Iron Head|p1a: Scream Tail\n|-activate|p1a: Scream Tail|move: Protect\n|move|p2a: Flutter Mane|Thunderbolt|p1b: Palafin\n|-supereffective|p1b: Palafin\n|-damage|p1b: Palafin|0 fnt\n|faint|p1b: Palafin\n|\n|upkeep\n|\n|t:|1683983498\n|switch|p1b: Ceruledge|Ceruledge, L50, F|100\/100\n|turn|3\n|\n|t:|1683983504\n|-end|p1a: Scream Tail|Protosynthesis|[silent]\n|switch|p1a: Gholdengo|Gholdengo, L50|100\/100\n|-end|p2a: Flutter Mane|Protosynthesis|[silent]\n|switch|p2a: Farigiraf|Farigiraf, L50, M|100\/100\n|move|p1b: Ceruledge|Shadow Sneak||[still]\n|cant|p2a: Farigiraf|ability: Armor Tail|Shadow Sneak|[of] p1b: Ceruledge\n|move|p2b: Salamence|Iron Head|p1a: Gholdengo\n|-resisted|p1a: Gholdengo\n|-damage|p1a: Gholdengo|80\/100\n|\n|-heal|p1a: Gholdengo|86\/100|[from] item: Leftovers\n|upkeep\n|turn|4\n|\n|t:|1683983527\n|move|p2b: Salamence|Iron Head|p1b: Ceruledge\n|-resisted|p1b: Ceruledge\n|-damage|p1b: Ceruledge|75\/100\n|move|p1b: Ceruledge|Bulk Up|p1b: Ceruledge\n|-boost|p1b: Ceruledge|atk|1\n|-boost|p1b: Ceruledge|def|1\n|move|p1a: Gholdengo|Nasty Plot|p1a: Gholdengo\n|-boost|p1a: Gholdengo|spa|2\n|move|p2a: Farigiraf|Psychic|p1a: Gholdengo\n|-resisted|p1a: Gholdengo\n|-damage|p1a: Gholdengo|68\/100\n|\n|-heal|p1a: Gholdengo|74\/100|[from] item: Leftovers\n|upkeep\n|turn|5\n|\n|t:|1683983557\n|move|p2b: Salamence|Iron Head|p1a: Gholdengo\n|-resisted|p1a: Gholdengo\n|-damage|p1a: Gholdengo|53\/100\n|move|p1b: Ceruledge|Bitter Blade|p2a: Farigiraf\n|-damage|p2a: Farigiraf|16\/100\n|-heal|p1b: Ceruledge|100\/100|[from] drain|[of] p2a: Farigiraf\n|-damage|p1b: Ceruledge|91\/100|[from] item: Life Orb\n|move|p1a: Gholdengo|Make It Rain|p2b: Salamence|[spread] p2a,p2b\n|-damage|p2a: Farigiraf|0 fnt\n|-damage|p2b: Salamence|0 fnt\n|-unboost|p1a: Gholdengo|spa|1\n|faint|p2a: Farigiraf\n|faint|p2b: Salamence\n|\n|-heal|p1a: Gholdengo|59\/100|[from] item: Leftovers\n|upkeep\n|\n|t:|1683983571\n|switch|p2a: Flutter Mane|Flutter Mane, L50|60\/100\n|turn|6\n|\n|t:|1683983580\n|move|p1b: Ceruledge|Shadow Sneak|p2a: Flutter Mane\n|-supereffective|p2a: Flutter Mane\n|-damage|p2a: Flutter Mane|0 fnt\n|faint|p2a: Flutter Mane\n|-end|p2a: Flutter Mane|Protosynthesis|[silent]\n|-damage|p1b: Ceruledge|81\/100|[from] item: Life Orb\n|\n|win|fuckmetodeath\n|raw|fuckmetodeath's rating: 1040 → 1074<\/strong> (+34 for winning)\n|raw|CAUSEIMJP's rating: 1043 → 1026<\/strong> (-17 for losing)\n","uploadtime":1683983587,"views":16,"p1id":"fuckmetodeath","p2id":"causeimjp","formatid":"gen9vgc2023regulationc","rating":1026,"private":0,"password":""}