{"id":"gen9vgc2023regulationc-1860124747","p1":"OneStrangeOnion","p2":"Xaytiggy","format":"[Gen 9] VGC 2023 Regulation C","log":"|j|\u2606OneStrangeOnion\n|j|\u2606Xaytiggy\n|t:|1683598129\n|gametype|doubles\n|player|p1|OneStrangeOnion|rosa|1000\n|player|p2|Xaytiggy|170|1004\n|teamsize|p1|6\n|teamsize|p2|6\n|gen|9\n|tier|[Gen 9] VGC 2023 Regulation C\n|rated|\n|rule|Species Clause: Limit one of each Pok\u00e9mon\n|rule|Item Clause: Limit one of each item\n|clearpoke\n|poke|p1|Azumarill, L50, F|\n|poke|p1|Pelipper, L50, M|\n|poke|p1|Clodsire, L50, M|\n|poke|p1|Tatsugiri, L50, M|\n|poke|p1|Beartic, L50, M|\n|poke|p1|Slowking, L50, F|\n|poke|p2|Skeledirge, L50, F|\n|poke|p2|Great Tusk, L50|\n|poke|p2|Flutter Mane, L50|\n|poke|p2|Cetitan, L50, M|\n|poke|p2|Murkrow, L50, M|\n|poke|p2|Espathra, L50, M|\n|teampreview|4\n|\n|t:|1683598175\n|start\n|switch|p1a: Clodsire|Clodsire, L50, M|100\/100\n|switch|p1b: Slowking|Slowking, L50, F|100\/100\n|switch|p2a: Murkrow|Murkrow, L50, M|100\/100\n|switch|p2b: Espathra|Espathra, L50, M|100\/100\n|turn|1\n|\n|t:|1683598204\n|move|p2b: Espathra|Light Screen|p2b: Espathra\n|-sidestart|p2: Xaytiggy|move: Light Screen\n|move|p1b: Slowking|Disable||[still]\n|-fail|p1b: Slowking\n|move|p1a: Clodsire|Toxic Spikes|p2a: Murkrow\n|-sidestart|p2: Xaytiggy|move: Toxic Spikes\n|move|p2a: Murkrow|Whirlwind|p1b: Slowking\n|drag|p1b: Beartic|Beartic, L50, M|100\/100\n|\n|-ability|p2b: Espathra|Speed Boost|boost\n|-boost|p2b: Espathra|spe|1\n|upkeep\n|turn|2\n|\n|t:|1683598232\n|move|p2a: Murkrow|Taunt|p1a: Clodsire\n|-start|p1a: Clodsire|move: Taunt\n|-enditem|p1a: Clodsire|Mental Herb\n|-end|p1a: Clodsire|move: Taunt\n|move|p2b: Espathra|Reflect|p2b: Espathra\n|-sidestart|p2: Xaytiggy|Reflect\n|move|p1b: Beartic|Encore|p2a: Murkrow\n|-start|p2a: Murkrow|Encore\n|move|p1a: Clodsire|Yawn|p2b: Espathra\n|-start|p2b: Espathra|move: Yawn|[of] p1a: Clodsire\n|\n|-ability|p2b: Espathra|Speed Boost|boost\n|-boost|p2b: Espathra|spe|1\n|upkeep\n|turn|3\n|\n|t:|1683598273\n|switch|p1b: Slowking|Slowking, L50, F|100\/100\n|move|p2a: Murkrow|Taunt|p1a: Clodsire\n|-start|p1a: Clodsire|move: Taunt\n|move|p2b: Espathra|Baton Pass|p2b: Espathra\n|\n|t:|1683598291\n|switch|p2b: Cetitan|Cetitan, L50, M|100\/100|[from] Baton Pass\n|-status|p2b: Cetitan|psn\n|cant|p1a: Clodsire|move: Taunt|Toxic Spikes\n|\n|-damage|p2b: Cetitan|88\/100 psn|[from] psn\n|upkeep\n|turn|4\n|\n|t:|1683598313\n|move|p2a: Murkrow|Taunt|p1b: Slowking\n|-start|p1b: Slowking|move: Taunt\n|move|p2b: Cetitan|Icicle Crash|p1a: Clodsire\n|-supereffective|p1a: Clodsire\n|-damage|p1a: Clodsire|0 fnt\n|faint|p1a: Clodsire\n|move|p1b: Slowking|Surf|p2b: Cetitan|[spread] p2a,p2b\n|-damage|p2a: Murkrow|72\/100\n|-damage|p2b: Cetitan|71\/100 psn\n|\n|-damage|p2b: Cetitan|58\/100 psn|[from] psn\n|upkeep\n|\n|t:|1683598334\n|switch|p1a: Beartic|Beartic, L50, M|100\/100\n|turn|5\n|\n|t:|1683598370\n|move|p2a: Murkrow|Taunt|p1a: Beartic\n|-start|p1a: Beartic|move: Taunt\n|move|p2b: Cetitan|Icicle Crash|p1b: Slowking\n|-resisted|p1b: Slowking\n|-damage|p1b: Slowking|64\/100\n|move|p1a: Beartic|Blizzard|p2b: Cetitan|[spread] \n|-miss|p1a: Beartic|p2a: Murkrow\n|-miss|p1a: Beartic|p2b: Cetitan\n|move|p1b: Slowking|Future Sight|p2a: Murkrow\n|-start|p1b: Slowking|move: Future Sight\n|\n|-damage|p2b: Cetitan|46\/100 psn|[from] psn\n|-end|p2a: Murkrow|Encore\n|-sideend|p2: Xaytiggy|move: Light Screen\n|upkeep\n|turn|6\n|\n|t:|1683598406\n|move|p2b: Cetitan|Icicle Crash|p1b: Slowking\n|-resisted|p1b: Slowking\n|-damage|p1b: Slowking|30\/100\n|move|p1a: Beartic|Blizzard|p2a: Murkrow|[spread] p2a,p2b\n|-supereffective|p2a: Murkrow\n|-resisted|p2b: Cetitan\n|-damage|p2a: Murkrow|14\/100\n|-damage|p2b: Cetitan|38\/100 psn\n|move|p1b: Slowking|Surf|p2b: Cetitan|[spread] p1a,p2a,p2b\n|-damage|p1a: Beartic|67\/100\n|-damage|p2a: Murkrow|0 fnt\n|-damage|p2b: Cetitan|14\/100 psn\n|faint|p2a: Murkrow\n|\n|-damage|p2b: Cetitan|2\/100 psn|[from] psn\n|-end|p1b: Slowking|move: Taunt\n|-sideend|p2: Xaytiggy|Reflect\n|upkeep\n|\n|t:|1683598425\n|switch|p2a: Skeledirge|Skeledirge, L50, F|100\/100\n|-status|p2a: Skeledirge|psn\n|turn|7\n|\n|t:|1683598440\n|switch|p1a: Azumarill|Azumarill, L50, F|100\/100\n|-terastallize|p2a: Skeledirge|Normal\n|move|p2b: Cetitan|Icicle Crash|p1b: Slowking\n|-resisted|p1b: Slowking\n|-damage|p1b: Slowking|0 fnt\n|faint|p1b: Slowking\n|move|p2a: Skeledirge|Earth Power|p1a: Azumarill\n|-damage|p1a: Azumarill|79\/100\n|\n|-end|p2a: Skeledirge|move: Future Sight\n|-damage|p2a: Skeledirge|57\/100 psn\n|-damage|p2b: Cetitan|0 fnt|[from] psn\n|faint|p2b: Cetitan\n|-damage|p2a: Skeledirge|45\/100 psn|[from] psn\n|upkeep\n|\n|t:|1683598458\n|switch|p2b: Espathra|Espathra, L50, M|100\/100\n|switch|p1b: Beartic|Beartic, L50, M|67\/100\n|-status|p2b: Espathra|psn\n|turn|8\n|\n|t:|1683598507\n|move|p2b: Espathra|Reflect|p2b: Espathra\n|-sidestart|p2: Xaytiggy|Reflect\n|move|p1b: Beartic|Encore|p2b: Espathra\n|-start|p2b: Espathra|Encore\n|move|p2a: Skeledirge|Torch Song|p1b: Beartic\n|-supereffective|p1b: Beartic\n|-damage|p1b: Beartic|0 fnt\n|-boost|p2a: Skeledirge|spa|1\n|faint|p1b: Beartic\n|move|p1a: Azumarill|Superpower|p2a: Skeledirge\n|-supereffective|p2a: Skeledirge\n|-damage|p2a: Skeledirge|0 fnt\n|-unboost|p1a: Azumarill|atk|1\n|-unboost|p1a: Azumarill|def|1\n|faint|p2a: Skeledirge\n|\n|-damage|p2b: Espathra|88\/100 psn|[from] psn\n|-ability|p2b: Espathra|Speed Boost|boost\n|-boost|p2b: Espathra|spe|1\n|upkeep\n|turn|9\n|c|\u2606Xaytiggy|Well played\n|\n|t:|1683598540\n|move|p2b: Espathra|Reflect||[still]\n|-fail|p2b: Espathra\n|move|p1a: Azumarill|Play Rough|p2b: Espathra\n|-damage|p2b: Espathra|59\/100 psn\n|\n|-damage|p2b: Espathra|46\/100 psn|[from] psn\n|-ability|p2b: Espathra|Speed Boost|boost\n|-boost|p2b: Espathra|spe|1\n|upkeep\n|turn|10\n|\n|t:|1683598552\n|move|p2b: Espathra|Reflect||[still]\n|-fail|p2b: Espathra\n|move|p1a: Azumarill|Play Rough|p2b: Espathra\n|-damage|p2b: Espathra|15\/100 psn\n|-enditem|p2b: Espathra|Aguav Berry|[eat]\n|-heal|p2b: Espathra|48\/100 psn|[from] item: Aguav Berry\n|\n|-damage|p2b: Espathra|35\/100 psn|[from] psn\n|-ability|p2b: Espathra|Speed Boost|boost\n|-boost|p2b: Espathra|spe|1\n|upkeep\n|turn|11\n|\n|t:|1683598565\n|move|p2b: Espathra|Reflect||[still]\n|-fail|p2b: Espathra\n|move|p1a: Azumarill|Play Rough|p2b: Espathra\n|-damage|p2b: Espathra|5\/100 psn\n|\n|-damage|p2b: Espathra|0 fnt|[from] psn\n|faint|p2b: Espathra\n|\n|win|OneStrangeOnion\n|upkeep\n|raw|OneStrangeOnion's rating: 1000 → 1040<\/strong> (+40 for winning)\n|raw|Xaytiggy's rating: 1004 → 1000<\/strong> (-4 for losing)\n|l|\u2606Xaytiggy\n|c|\u2606OneStrangeOnion|gg\n","uploadtime":1683598584,"views":13,"p1id":"onestrangeonion","p2id":"xaytiggy","formatid":"gen9vgc2023regulationc","rating":1000,"private":0,"password":""}