{"id":"gen9vgc2023regulationc-1849894136","p1":"immortaldragon999","p2":"cap4816","format":"[Gen 9] VGC 2023 Regulation C","log":"|j|\u2606immortaldragon999\n|j|\u2606cap4816\n|t:|1682265420\n|gametype|doubles\n|player|p1|immortaldragon999|red|1324\n|player|p2|cap4816|pokekid|1386\n|teamsize|p1|6\n|teamsize|p2|6\n|gen|9\n|tier|[Gen 9] VGC 2023 Regulation C\n|rated|\n|rule|Species Clause: Limit one of each Pok\u00e9mon\n|rule|Item Clause: Limit one of each item\n|clearpoke\n|poke|p1|Dragonite, L50, M|\n|poke|p1|Chien-Pao, L50|\n|poke|p1|Kingambit, L50, M|\n|poke|p1|Rotom-Wash, L50|\n|poke|p1|Flutter Mane, L50|\n|poke|p1|Arcanine, L50, M|\n|poke|p2|Great Tusk, L50|\n|poke|p2|Flutter Mane, L50|\n|poke|p2|Iron Bundle, L50|\n|poke|p2|Chi-Yu, L50|\n|poke|p2|Chien-Pao, L50|\n|poke|p2|Murkrow, L50, F|\n|teampreview|4\nimmortaldragon999 rejected open team sheets.\n|inactive|Battle timer is ON: inactive players will automatically lose when time's up. (requested by immortaldragon999)\n|inactive|cap4816 has 60 seconds left.\n|\n|t:|1682265482\n|start\n|switch|p1a: Dragonite|Dragonite, L50, M|100\/100\n|switch|p1b: Chien-Pao|Chien-Pao, L50|100\/100\n|switch|p2a: \u9019\u662f\u96ea\u8c79|Chien-Pao, L50|100\/100\n|switch|p2b: \u5d91\u5dbc|Great Tusk, L50|100\/100\n|-ability|p2a: \u9019\u662f\u96ea\u8c79|Sword of Ruin\n|-ability|p1b: Chien-Pao|Sword of Ruin\n|turn|1\n|inactive|immortaldragon999 has 30 seconds left.\n|inactive|cap4816 has 30 seconds left.\n|inactive|immortaldragon999 has 20 seconds left.\n|inactive|cap4816 has 20 seconds left.\n|inactive|cap4816 has 15 seconds left.\n|inactive|cap4816 has 10 seconds left.\n|\n|t:|1682265528\n|-terastallize|p1a: Dragonite|Normal\n|move|p2b: \u5d91\u5dbc|Protect|p2b: \u5d91\u5dbc\n|-singleturn|p2b: \u5d91\u5dbc|Protect\n|move|p1a: Dragonite|Extreme Speed|p2b: \u5d91\u5dbc\n|-activate|p2b: \u5d91\u5dbc|move: Protect\n|move|p1b: Chien-Pao|Sacred Sword|p2a: \u9019\u662f\u96ea\u8c79\n|-supereffective|p2a: \u9019\u662f\u96ea\u8c79\n|-enditem|p2a: \u9019\u662f\u96ea\u8c79|Focus Sash\n|-damage|p2a: \u9019\u662f\u96ea\u8c79|1\/100\n|move|p2a: \u9019\u662f\u96ea\u8c79|Icy Wind|p1a: Dragonite|[spread] p1a,p1b\n|-resisted|p1b: Chien-Pao\n|-damage|p1a: Dragonite|95\/100\n|-damage|p1b: Chien-Pao|91\/100\n|-unboost|p1a: Dragonite|spe|1\n|-unboost|p1b: Chien-Pao|spe|1\n|\n|upkeep\n|turn|2\n|\n|t:|1682265545\n|-terastallize|p2b: \u5d91\u5dbc|Ground\n|move|p2a: \u9019\u662f\u96ea\u8c79|Protect|p2a: \u9019\u662f\u96ea\u8c79\n|-singleturn|p2a: \u9019\u662f\u96ea\u8c79|Protect\n|move|p1a: Dragonite|Extreme Speed|p2b: \u5d91\u5dbc\n|-damage|p2b: \u5d91\u5dbc|33\/100\n|move|p1b: Chien-Pao|Sucker Punch||[still]\n|-fail|p1b: Chien-Pao\n|move|p2b: \u5d91\u5dbc|Earthquake|p1a: Dragonite|[spread] p1a,p1b\n|-activate|p2a: \u9019\u662f\u96ea\u8c79|move: Protect\n|-damage|p1a: Dragonite|30\/100\n|-damage|p1b: Chien-Pao|18\/100\n|\n|upkeep\n|turn|3\n|\n|t:|1682265564\n|switch|p2a: \u8acb\u8a02\u95b1\u99ac\u5361\u6d1b\u59ae|Iron Bundle, L50|100\/100\n|-end|p2b: \u5d91\u5dbc|Protosynthesis|[silent]\n|switch|p2b: \u7956\u6bcd\u7da0|Flutter Mane, L50|100\/100\n|-enditem|p2b: \u7956\u6bcd\u7da0|Booster Energy\n|-activate|p2b: \u7956\u6bcd\u7da0|ability: Protosynthesis|[fromitem]\n|-start|p2b: \u7956\u6bcd\u7da0|protosynthesisspa\n|move|p1a: Dragonite|Extreme Speed|p2a: \u8acb\u8a02\u95b1\u99ac\u5361\u6d1b\u59ae\n|-damage|p2a: \u8acb\u8a02\u95b1\u99ac\u5361\u6d1b\u59ae|0 fnt\n|faint|p2a: \u8acb\u8a02\u95b1\u99ac\u5361\u6d1b\u59ae\n|-end|p2a: \u8acb\u8a02\u95b1\u99ac\u5361\u6d1b\u59ae|Quark Drive|[silent]\n|move|p1b: Chien-Pao|Sucker Punch||[still]\n|-fail|p1b: Chien-Pao\n|\n|upkeep\n|\n|t:|1682265585\n|switch|p2a: \u9019\u662f\u96ea\u8c79|Chien-Pao, L50|1\/100\n|-ability|p2a: \u9019\u662f\u96ea\u8c79|Sword of Ruin\n|turn|4\n|\n|t:|1682265597\n|move|p2a: \u9019\u662f\u96ea\u8c79|Protect|p2a: \u9019\u662f\u96ea\u8c79\n|-singleturn|p2a: \u9019\u662f\u96ea\u8c79|Protect\n|move|p1a: Dragonite|Extreme Speed|p2a: \u9019\u662f\u96ea\u8c79\n|-activate|p2a: \u9019\u662f\u96ea\u8c79|move: Protect\n|move|p1b: Chien-Pao|Sucker Punch|p2b: \u7956\u6bcd\u7da0\n|-damage|p2b: \u7956\u6bcd\u7da0|31\/100\n|move|p2b: \u7956\u6bcd\u7da0|Icy Wind|p1b: Chien-Pao|[spread] p1a,p1b\n|-resisted|p1b: Chien-Pao\n|-damage|p1a: Dragonite|13\/100\n|-damage|p1b: Chien-Pao|4\/100\n|-unboost|p1a: Dragonite|spe|1\n|-unboost|p1b: Chien-Pao|spe|1\n|\n|upkeep\n|turn|5\n|c|\u2606immortaldragon999|why?\n|\n|t:|1682265618\n|move|p2b: \u7956\u6bcd\u7da0|Protect|p2b: \u7956\u6bcd\u7da0\n|-singleturn|p2b: \u7956\u6bcd\u7da0|Protect\n|move|p1a: Dragonite|Extreme Speed|p2a: \u9019\u662f\u96ea\u8c79\n|-damage|p2a: \u9019\u662f\u96ea\u8c79|0 fnt\n|faint|p2a: \u9019\u662f\u96ea\u8c79\n|move|p1b: Chien-Pao|Sucker Punch||[still]\n|-fail|p1b: Chien-Pao\n|\n|upkeep\n|c|\u2606immortaldragon999|i have priority\n|\n|t:|1682265622\n|switch|p2a: \u5d91\u5dbc|Great Tusk, L50, tera:Ground|33\/100\n|turn|6\n|c|\u2606immortaldragon999|this is dumb check mate\n|inactive|cap4816 has 30 seconds left.\n|c|\u2606cap4816|i thought i can icy wind double kill\n|c|\u2606cap4816|sad\n|\n|t:|1682265656\n|move|p1a: Dragonite|Extreme Speed|p2a: \u5d91\u5dbc\n|-damage|p2a: \u5d91\u5dbc|0 fnt\n|faint|p2a: \u5d91\u5dbc\n|-end|p2a: \u5d91\u5dbc|Protosynthesis|[silent]\n|move|p1b: Chien-Pao|Sucker Punch|p2b: \u7956\u6bcd\u7da0\n|-damage|p2b: \u7956\u6bcd\u7da0|0 fnt\n|faint|p2b: \u7956\u6bcd\u7da0\n|-end|p2b: \u7956\u6bcd\u7da0|Protosynthesis|[silent]\n|\n|win|immortaldragon999\n|raw|immortaldragon999's rating: 1324 → 1348<\/strong> (+24 for winning)\n|raw|cap4816's rating: 1386 → 1362<\/strong> (-24 for losing)\n|c|\u2606immortaldragon999|oh ok\n|c|\u2606immortaldragon999|lol\n|c|\u2606cap4816|gg\n|c|\u2606immortaldragon999|get dazziling gleam for that\n|l|\u2606immortaldragon999\n|c|\u2606cap4816|I dont have dazziling gleam\n","uploadtime":1682265715,"views":12,"p1id":"immortaldragon999","p2id":"cap4816","formatid":"gen9vgc2023regulationc","rating":1348,"private":0,"password":""}