{"id":"gen9vgc2023regulationc-1846887888","p1":"zfbzcgb","p2":"Adeitsuna","format":"[Gen 9] VGC 2023 Regulation C","log":"|j|\u2606zfbzcgb\n|j|\u203dAdeitsuna\n|t:|1681896238\n|gametype|doubles\n|player|p1|zfbzcgb|170|1042\n|player|p2|Adeitsuna|169|1000\n|teamsize|p1|6\n|teamsize|p2|6\n|gen|9\n|tier|[Gen 9] VGC 2023 Regulation C\n|rated|\n|rule|Species Clause: Limit one of each Pok\u00e9mon\n|rule|Item Clause: Limit one of each item\n|clearpoke\n|poke|p1|Torkoal, L50, F|\n|poke|p1|Chi-Yu, L50|\n|poke|p1|Bronzong, L50|\n|poke|p1|Gastrodon, L50, F|\n|poke|p1|Grimmsnarl, L50, M|\n|poke|p1|Skeledirge, L50, F|\n|poke|p2|Arcanine, L50, M|\n|poke|p2|Amoonguss, L50, M|\n|poke|p2|Roaring Moon, L50|\n|poke|p2|Iron Bundle, L50|\n|poke|p2|Gholdengo, L50|\n|poke|p2|Iron Hands, L50|\n|teampreview|4\n|inactive|Battle timer is ON: inactive players will automatically lose when time's up. (requested by zfbzcgb)\n|\n|t:|1681896283\n|start\n|switch|p1a: Grimmsnarl|Grimmsnarl, L50, M|100\/100\n|switch|p1b: Gastrodon|Gastrodon, L50, F|100\/100\n|switch|p2a: Arcanine|Arcanine, L50, M|100\/100\n|switch|p2b: Iron Bundle|Iron Bundle, L50|100\/100\n|-ability|p2a: Arcanine|Intimidate|boost\n|-unboost|p1a: Grimmsnarl|atk|1\n|-unboost|p1b: Gastrodon|atk|1\n|turn|1\n|\n|t:|1681896307\n|-end|p2b: Iron Bundle|Quark Drive|[silent]\n|switch|p2b: Iron Hands|Iron Hands, L50|100\/100\n|move|p1b: Gastrodon|Protect|p1b: Gastrodon\n|-singleturn|p1b: Gastrodon|Protect\n|move|p1a: Grimmsnarl|Trick|p2a: Arcanine\n|-activate|p1a: Grimmsnarl|move: Trick|[of] p2a: Arcanine\n|-item|p2a: Arcanine|Lagging Tail|[from] move: Trick\n|-item|p1a: Grimmsnarl|Aguav Berry|[from] move: Trick\n|move|p2a: Arcanine|Will-O-Wisp|p1a: Grimmsnarl|[miss]\n|-miss|p2a: Arcanine|p1a: Grimmsnarl\n|\n|upkeep\n|turn|2\n|inactive|zfbzcgb has 30 seconds left.\n|inactive|Adeitsuna has 30 seconds left.\n|inactive|Adeitsuna has 20 seconds left.\n|inactive|Adeitsuna has 15 seconds left.\n|inactive|Adeitsuna has 10 seconds left.\n|inactive|Adeitsuna has 5 seconds left.\n|\n|t:|1681896362\n|switch|p1a: Chi-Yu|Chi-Yu, L50|100\/100\n|-ability|p1a: Chi-Yu|Beads of Ruin\n|switch|p1b: Skeledirge|Skeledirge, L50, F|100\/100\n|move|p2a: Arcanine|Protect|p2a: Arcanine\n|-singleturn|p2a: Arcanine|Protect\n|move|p2b: Iron Hands|Volt Switch|p1b: Skeledirge\n|-damage|p1b: Skeledirge|80\/100\n|\n|t:|1681896383\n|-end|p2b: Iron Hands|Quark Drive|[silent]\n|switch|p2b: Iron Bundle|Iron Bundle, L50|100\/100|[from] Volt Switch\n|\n|-heal|p1b: Skeledirge|86\/100|[from] item: Leftovers\n|upkeep\n|turn|3\n|inactive|Adeitsuna has 30 seconds left.\n|inactive|Adeitsuna has 20 seconds left.\n|inactive|Adeitsuna has 15 seconds left.\n|inactive|Adeitsuna has 10 seconds left.\n|inactive|Adeitsuna has 5 seconds left.\n|\n|t:|1681896434\n|switch|p1a: Gastrodon|Gastrodon, L50, F|100\/100\n|move|p2b: Iron Bundle|Freeze-Dry|p1a: Gastrodon\n|-supereffective|p1a: Gastrodon\n|-damage|p1a: Gastrodon|0 fnt\n|faint|p1a: Gastrodon\n|move|p1b: Skeledirge|Encore|p2a: Arcanine\n|-start|p2a: Arcanine|Encore\n|move|p2a: Arcanine|Protect||[still]\n|-fail|p2a: Arcanine\n|\n|-heal|p1b: Skeledirge|92\/100|[from] item: Leftovers\n|upkeep\n|\n|t:|1681896440\n|switch|p1a: Grimmsnarl|Grimmsnarl, L50, M|100\/100\n|turn|4\n|\n|t:|1681896462\n|move|p2a: Arcanine|Protect|p2a: Arcanine\n|-singleturn|p2a: Arcanine|Protect\n|move|p1a: Grimmsnarl|Fake Out|p2b: Iron Bundle\n|-damage|p2b: Iron Bundle|83\/100\n|cant|p2b: Iron Bundle|flinch\n|move|p1b: Skeledirge|Torch Song|p2b: Iron Bundle\n|-damage|p2b: Iron Bundle|6\/100\n|-boost|p1b: Skeledirge|spa|1\n|\n|-heal|p1b: Skeledirge|98\/100|[from] item: Leftovers\n|upkeep\n|turn|5\n|inactive|Adeitsuna has 30 seconds left.\n|\n|t:|1681896497\n|move|p2a: Arcanine|Protect|p2a: Arcanine\n|-singleturn|p2a: Arcanine|Protect\n|move|p1a: Grimmsnarl|Sucker Punch||[still]\n|-fail|p1a: Grimmsnarl\n|move|p2b: Iron Bundle|Encore|p1a: Grimmsnarl\n|-start|p1a: Grimmsnarl|Encore\n|move|p1b: Skeledirge|Torch Song|p2a: Arcanine\n|-activate|p2a: Arcanine|move: Protect\n|\n|-heal|p1b: Skeledirge|100\/100|[from] item: Leftovers\n|-end|p2a: Arcanine|Encore\n|upkeep\n|turn|6\n|\n|t:|1681896516\n|move|p2b: Iron Bundle|Protect|p2b: Iron Bundle\n|-singleturn|p2b: Iron Bundle|Protect\n|move|p2a: Arcanine|Protect||[still]\n|-fail|p2a: Arcanine\n|move|p1a: Grimmsnarl|Sucker Punch||[still]\n|-fail|p1a: Grimmsnarl\n|move|p1b: Skeledirge|Encore|p2a: Arcanine\n|-start|p2a: Arcanine|Encore\n|\n|upkeep\n|turn|7\n|inactive|Adeitsuna has 30 seconds left.\n|inactive|Adeitsuna has 20 seconds left.\n|inactive|Adeitsuna has 15 seconds left.\n|inactive|Adeitsuna has 10 seconds left.\n|inactive|Adeitsuna has 5 seconds left.\n|\n|t:|1681896571\n|switch|p1b: Chi-Yu|Chi-Yu, L50|100\/100\n|-ability|p1b: Chi-Yu|Beads of Ruin\n|move|p2b: Iron Bundle|Protect||[still]\n|-fail|p2b: Iron Bundle\n|move|p2a: Arcanine|Protect|p2a: Arcanine\n|-singleturn|p2a: Arcanine|Protect\n|move|p1a: Grimmsnarl|Sucker Punch||[still]\n|-fail|p1a: Grimmsnarl\n|\n|upkeep\n|turn|8\n|inactive|Adeitsuna has 30 seconds left.\n|inactive|Adeitsuna has 20 seconds left.\n|inactive|Adeitsuna has 15 seconds left.\n|inactive|Adeitsuna has 10 seconds left.\n|inactive|Adeitsuna has 5 seconds left.\n|\n|t:|1681896626\n|move|p2b: Iron Bundle|Protect|p2b: Iron Bundle\n|-singleturn|p2b: Iron Bundle|Protect\n|move|p2a: Arcanine|Protect||[still]\n|-fail|p2a: Arcanine\n|move|p1a: Grimmsnarl|Sucker Punch||[still]\n|-fail|p1a: Grimmsnarl\n|move|p1b: Chi-Yu|Substitute|p1b: Chi-Yu\n|-start|p1b: Chi-Yu|Substitute\n|-damage|p1b: Chi-Yu|76\/100\n|\n|-end|p1a: Grimmsnarl|Encore\n|upkeep\n|turn|9\n|inactive|Adeitsuna has 30 seconds left.\n|inactive|Adeitsuna has 20 seconds left.\n|inactive|Adeitsuna has 15 seconds left.\n|inactive|Adeitsuna has 10 seconds left.\n|inactive|Adeitsuna has 5 seconds left.\n|\n|t:|1681896681\n|move|p2b: Iron Bundle|Protect|p2b: Iron Bundle\n|-singleturn|p2b: Iron Bundle|Protect\n|move|p1b: Chi-Yu|Protect|p1b: Chi-Yu\n|-singleturn|p1b: Chi-Yu|Protect\n|move|p2a: Arcanine|Protect|p2a: Arcanine\n|-singleturn|p2a: Arcanine|Protect\n|move|p1a: Grimmsnarl|Spirit Break|p2b: Iron Bundle\n|-activate|p2b: Iron Bundle|move: Protect\n|\n|-end|p2a: Arcanine|Encore\n|upkeep\n|turn|10\n|inactive|Adeitsuna has 30 seconds left.\n|inactive|Adeitsuna has 20 seconds left.\n|inactive|Adeitsuna has 15 seconds left.\n|inactive|Adeitsuna has 10 seconds left.\n|inactive|Adeitsuna has 5 seconds left.\n|-message|Adeitsuna lost due to inactivity.\n|\n|win|zfbzcgb\n|raw|zfbzcgb's rating: 1042 → 1072<\/strong> (+30 for winning)\n|raw|Adeitsuna's rating: 1000 → 1000<\/strong> (+0 for losing)\n","uploadtime":1681896729,"views":12,"p1id":"zfbzcgb","p2id":"adeitsuna","formatid":"gen9vgc2023regulationc","rating":1000,"private":0,"password":""}