{"id":"gen9vgc2023regulationc-1858996360","p1":"aylart","p2":"Windows11Goated","format":"[Gen 9] VGC 2023 Regulation C","log":"|j|\u2606aylart\n|j|\u2606Windows11Goated\n|t:|1683392344\n|gametype|doubles\n|player|p1|aylart|cyclist-gen4|1300\n|player|p2|Windows11Goated|102|1304\n|teamsize|p1|6\n|teamsize|p2|6\n|gen|9\n|tier|[Gen 9] VGC 2023 Regulation C\n|rated|\n|rule|Species Clause: Limit one of each Pok\u00e9mon\n|rule|Item Clause: Limit one of each item\n|clearpoke\n|poke|p1|Chi-Yu, L50|\n|poke|p1|Flutter Mane, L50|\n|poke|p1|Baxcalibur, L50, F|\n|poke|p1|Dachsbun, L50, F|\n|poke|p1|Chien-Pao, L50|\n|poke|p1|Palafin, L50, F|\n|poke|p2|Iron Bundle, L50|\n|poke|p2|Abomasnow, L50, F|\n|poke|p2|Talonflame, L50, M|\n|poke|p2|Great Tusk, L50|\n|poke|p2|Flutter Mane, L50|\n|poke|p2|Arcanine, L50, F|\n|teampreview|4\n|inactive|Battle timer is ON: inactive players will automatically lose when time's up. (requested by aylart)\n|inactive|Windows11Goated has 60 seconds left.\n|inactive|Windows11Goated has 30 seconds left.\n|inactive|Windows11Goated has 20 seconds left.\n|inactive|Windows11Goated has 15 seconds left.\n|\n|t:|1683392420\n|start\n|switch|p1a: Chi-Yu|Chi-Yu, L50|100\/100\n|switch|p1b: Dachsbun|Dachsbun, L50, F|100\/100\n|switch|p2a: Iron Bundle|Iron Bundle, L50|100\/100\n|switch|p2b: Flutter Mane|Flutter Mane, L50|100\/100\n|-ability|p1a: Chi-Yu|Beads of Ruin\n|-enditem|p2a: Iron Bundle|Booster Energy\n|-activate|p2a: Iron Bundle|ability: Quark Drive|[fromitem]\n|-start|p2a: Iron Bundle|quarkdrivespe\n|turn|1\n|inactive|Windows11Goated has 30 seconds left.\n|\n|t:|1683392449\n|-terastallize|p1a: Chi-Yu|Ghost\n|move|p2a: Iron Bundle|Protect|p2a: Iron Bundle\n|-singleturn|p2a: Iron Bundle|Protect\n|move|p1a: Chi-Yu|Lava Plume|p2b: Flutter Mane|[spread] p2b\n|-activate|p2a: Iron Bundle|move: Protect\n|-ability|p1b: Dachsbun|Well-Baked Body|boost\n|-boost|p1b: Dachsbun|def|2\n|-damage|p2b: Flutter Mane|61\/100\n|move|p2b: Flutter Mane|Moonblast|p1a: Chi-Yu\n|-damage|p1a: Chi-Yu|15\/100\n|move|p1b: Dachsbun|Body Press|p2a: Iron Bundle\n|-activate|p2a: Iron Bundle|move: Protect\n|\n|upkeep\n|turn|2\n|inactive|Windows11Goated has 30 seconds left.\n|\n|t:|1683392483\n|-terastallize|p2a: Iron Bundle|Ghost\n|move|p2a: Iron Bundle|Blizzard|p1a: Chi-Yu|[spread] \n|-miss|p2a: Iron Bundle|p1a: Chi-Yu\n|-miss|p2a: Iron Bundle|p1b: Dachsbun\n|move|p1a: Chi-Yu|Lava Plume|p2b: Flutter Mane|[spread] p2a,p2b\n|-ability|p1b: Dachsbun|Well-Baked Body|boost\n|-boost|p1b: Dachsbun|def|2\n|-damage|p2a: Iron Bundle|9\/100\n|-damage|p2b: Flutter Mane|16\/100\n|-status|p2a: Iron Bundle|brn\n|move|p2b: Flutter Mane|Moonblast|p1b: Dachsbun\n|-damage|p1b: Dachsbun|5\/100\n|-unboost|p1b: Dachsbun|spa|1\n|move|p1b: Dachsbun|Body Press|p2a: Iron Bundle\n|-immune|p2a: Iron Bundle\n|\n|-heal|p1b: Dachsbun|11\/100|[from] item: Leftovers\n|-damage|p2a: Iron Bundle|3\/100 brn|[from] brn\n|upkeep\n|turn|3\n|\n|t:|1683392507\n|move|p1b: Dachsbun|Protect|p1b: Dachsbun\n|-singleturn|p1b: Dachsbun|Protect\n|move|p2a: Iron Bundle|Freeze-Dry|p1a: Chi-Yu\n|-damage|p1a: Chi-Yu|0 fnt\n|faint|p1a: Chi-Yu\n|move|p2b: Flutter Mane|Moonblast|p1b: Dachsbun\n|-activate|p1b: Dachsbun|move: Protect\n|\n|-heal|p1b: Dachsbun|17\/100|[from] item: Leftovers\n|-damage|p2a: Iron Bundle|0 fnt|[from] brn\n|faint|p2a: Iron Bundle\n|-end|p2a: Iron Bundle|Quark Drive|[silent]\n|upkeep\n|\n|t:|1683392516\n|switch|p2a: Great Tusk|Great Tusk, L50|100\/100\n|switch|p1a: Flutter Mane|Flutter Mane, L50|100\/100\n|-enditem|p1a: Flutter Mane|Booster Energy\n|-activate|p1a: Flutter Mane|ability: Protosynthesis|[fromitem]\n|-start|p1a: Flutter Mane|protosynthesisspe\n|turn|4\n|\n|t:|1683392530\n|move|p1a: Flutter Mane|Dazzling Gleam|p2a: Great Tusk|[spread] p2a,p2b\n|-supereffective|p2a: Great Tusk\n|-damage|p2a: Great Tusk|10\/100\n|-damage|p2b: Flutter Mane|0 fnt\n|faint|p2b: Flutter Mane\n|-end|p2b: Flutter Mane|Protosynthesis|[silent]\n|move|p2a: Great Tusk|Earthquake|p1b: Dachsbun|[spread] p1a,p1b\n|-damage|p1a: Flutter Mane|0 fnt\n|-damage|p1b: Dachsbun|0 fnt\n|faint|p1a: Flutter Mane\n|-end|p1a: Flutter Mane|Protosynthesis|[silent]\n|faint|p1b: Dachsbun\n|-damage|p2a: Great Tusk|0 fnt|[from] item: Life Orb\n|faint|p2a: Great Tusk\n|-end|p2a: Great Tusk|Protosynthesis|[silent]\n|\n|upkeep\n|\n|t:|1683392543\n|switch|p2b: Arcanine|Arcanine, L50, F|100\/100\n|switch|p1b: Chien-Pao|Chien-Pao, L50|100\/100\n|-ability|p1b: Chien-Pao|Sword of Ruin\n|-ability|p2b: Arcanine|Intimidate|boost\n|-unboost|p1b: Chien-Pao|atk|1\n|turn|5\n|\n|t:|1683392550\n|move|p1b: Chien-Pao|Protect|p1b: Chien-Pao\n|-singleturn|p1b: Chien-Pao|Protect\n|move|p2b: Arcanine|Will-O-Wisp|p1b: Chien-Pao\n|-activate|p1b: Chien-Pao|move: Protect\n|\n|upkeep\n|turn|6\n|\n|t:|1683392557\n|move|p1b: Chien-Pao|Sacred Sword|p2b: Arcanine\n|-damage|p2b: Arcanine|67\/100\n|move|p2b: Arcanine|Will-O-Wisp|p1b: Chien-Pao\n|-status|p1b: Chien-Pao|brn\n|\n|-damage|p1b: Chien-Pao|95\/100 brn|[from] brn\n|upkeep\n|turn|7\n|\n|t:|1683392563\n|move|p1b: Chien-Pao|Sacred Sword|p2b: Arcanine\n|-damage|p2b: Arcanine|51\/100\n|move|p2b: Arcanine|Flare Blitz|p1b: Chien-Pao\n|-supereffective|p1b: Chien-Pao\n|-damage|p1b: Chien-Pao|0 fnt\n|faint|p1b: Chien-Pao\n|-damage|p2b: Arcanine|25\/100|[from] Recoil\n|\n|win|Windows11Goated\n|raw|aylart's rating: 1300 → 1275<\/strong> (-25 for losing)\n|raw|Windows11Goated's rating: 1304 → 1324<\/strong> (+20 for winning)\n|c|\u2606Windows11Goated|gg\n|l|\u2606aylart\n","uploadtime":1683392572,"views":11,"p1id":"aylart","p2id":"windows11goated","formatid":"gen9vgc2023regulationc","rating":1275,"private":0,"password":""}