{"id":"gen9vgc2023regulationc-1851733540","p1":"Japaziliandkd","p2":"LasermanZ111","format":"[Gen 9] VGC 2023 Regulation C","log":"|j|\u2606Japaziliandkd\n|j|\u2606LasermanZ111\n|t:|1682475731\n|gametype|doubles\n|player|p1|Japaziliandkd|hilbert|1225\n|player|p2|LasermanZ111|ash|1294\n|teamsize|p1|6\n|teamsize|p2|6\n|gen|9\n|tier|[Gen 9] VGC 2023 Regulation C\n|rated|\n|rule|Species Clause: Limit one of each Pok\u00e9mon\n|rule|Item Clause: Limit one of each item\n|clearpoke\n|poke|p1|Annihilape, L50, M|\n|poke|p1|Maushold-Four, L50|\n|poke|p1|Baxcalibur, L50, F|\n|poke|p1|Ting-Lu, L50|\n|poke|p1|Flutter Mane, L50|\n|poke|p1|Talonflame, L50, M|\n|poke|p2|Flutter Mane, L50|\n|poke|p2|Chi-Yu, L50|\n|poke|p2|Gyarados, L50, M|\n|poke|p2|Amoonguss, L50, M|\n|poke|p2|Baxcalibur, L50, M|\n|poke|p2|Iron Hands, L50|\n|teampreview|4\n|inactive|Battle timer is ON: inactive players will automatically lose when time's up. (requested by Japaziliandkd)\nLasermanZ111 has agreed to open team sheets.\n|inactive|LasermanZ111 has 60 seconds left.\n|inactive|LasermanZ111 has 30 seconds left.\n|inactive|LasermanZ111 has 20 seconds left.\n|inactive|LasermanZ111 has 15 seconds left.\n|inactive|LasermanZ111 has 10 seconds left.\n|\n|t:|1682475816\n|start\n|switch|p1a: Annihilape|Annihilape, L50, M, shiny|100\/100\n|switch|p1b: Maushold|Maushold-Four, L50|100\/100\n|switch|p2a: Chi-Yu|Chi-Yu, L50|100\/100\n|switch|p2b: Amoonguss|Amoonguss, L50, M|100\/100\n|-ability|p2a: Chi-Yu|Beads of Ruin\n|turn|1\n|inactive|LasermanZ111 has 30 seconds left.\n|\n|t:|1682475851\n|-terastallize|p1a: Annihilape|Water\n|move|p2b: Amoonguss|Rage Powder|p2b: Amoonguss\n|-singleturn|p2b: Amoonguss|move: Rage Powder\n|move|p2a: Chi-Yu|Dark Pulse|p1a: Annihilape\n|-damage|p1a: Annihilape|60\/100\n|move|p1b: Maushold|Beat Up|p1a: Annihilape\n|-damage|p1a: Annihilape|58\/100\n|-damage|p1a: Annihilape|56\/100\n|-damage|p1a: Annihilape|54\/100\n|-damage|p1a: Annihilape|52\/100\n|-hitcount|p1a: Annihilape|4\n|move|p1a: Annihilape|Rage Fist|p2b: Amoonguss\n|-damage|p2b: Amoonguss|0 fnt\n|faint|p2b: Amoonguss\n|\n|upkeep\n|\n|t:|1682475867\n|switch|p2b: Flutter Mane|Flutter Mane, L50|100\/100\n|-enditem|p2b: Flutter Mane|Booster Energy\n|-activate|p2b: Flutter Mane|ability: Protosynthesis|[fromitem]\n|-start|p2b: Flutter Mane|protosynthesisspe\n|turn|2\n|\n|t:|1682475887\n|-terastallize|p2b: Flutter Mane|Fairy\n|move|p1b: Maushold|Follow Me|p1b: Maushold\n|-singleturn|p1b: Maushold|move: Follow Me\n|move|p2b: Flutter Mane|Moonblast|p1b: Maushold\n|-damage|p1b: Maushold|15\/100\n|move|p2a: Chi-Yu|Dark Pulse|p1b: Maushold\n|-damage|p1b: Maushold|0 fnt\n|faint|p1b: Maushold\n|move|p1a: Annihilape|Rage Fist|p2b: Flutter Mane\n|-damage|p2b: Flutter Mane|0 fnt\n|faint|p2b: Flutter Mane\n|-end|p2b: Flutter Mane|Protosynthesis|[silent]\n|\n|upkeep\n|\n|t:|1682475902\n|switch|p2b: Gyarados|Gyarados, L50, M, shiny|100\/100\n|switch|p1b: Talonflame|Talonflame, L50, M|100\/100\n|-ability|p2b: Gyarados|Intimidate|boost\n|-unboost|p1a: Annihilape|atk|1\n|-ability|p1a: Annihilape|Defiant|boost\n|-boost|p1a: Annihilape|atk|2\n|-unboost|p1b: Talonflame|atk|1\n|turn|3\n|\n|t:|1682475920\n|move|p2a: Chi-Yu|Protect|p2a: Chi-Yu\n|-singleturn|p2a: Chi-Yu|Protect\n|move|p1b: Talonflame|Tailwind|p1b: Talonflame\n|-sidestart|p1: Japaziliandkd|move: Tailwind\n|move|p1a: Annihilape|Drain Punch|p2a: Chi-Yu\n|-activate|p2a: Chi-Yu|move: Protect\n|move|p2b: Gyarados|Thunder Wave|p1a: Annihilape\n|-status|p1a: Annihilape|par\n|\n|upkeep\n|turn|4\n|\n|t:|1682475943\n|move|p1b: Talonflame|Brave Bird|p2a: Chi-Yu\n|-damage|p2a: Chi-Yu|34\/100\n|-damage|p1b: Talonflame|82\/100|[from] Recoil\n|-damage|p1b: Talonflame|72\/100|[from] item: Life Orb\n|move|p2a: Chi-Yu|Dark Pulse|p1a: Annihilape\n|-damage|p1a: Annihilape|0 fnt\n|faint|p1a: Annihilape\n|move|p2b: Gyarados|Waterfall|p1b: Talonflame\n|-supereffective|p1b: Talonflame\n|-damage|p1b: Talonflame|0 fnt\n|faint|p1b: Talonflame\n|\n|upkeep\n|\n|t:|1682475956\n|switch|p1a: Ting-Lu|Ting-Lu, L50|100\/100\n|-ability|p1a: Ting-Lu|Vessel of Ruin\n|turn|5\n|\n|t:|1682475966\n|move|p2a: Chi-Yu|Protect|p2a: Chi-Yu\n|-singleturn|p2a: Chi-Yu|Protect\n|move|p1a: Ting-Lu|Stone Edge|p2b: Gyarados\n|-supereffective|p2b: Gyarados\n|-damage|p2b: Gyarados|20\/100\n|move|p2b: Gyarados|Waterfall|p1a: Ting-Lu\n|-supereffective|p1a: Ting-Lu\n|-damage|p1a: Ting-Lu|47\/100\n|\n|upkeep\n|turn|6\n|\n|t:|1682475977\n|move|p1a: Ting-Lu|Protect|p1a: Ting-Lu\n|-singleturn|p1a: Ting-Lu|Protect\n|move|p2a: Chi-Yu|Heat Wave|p1a: Ting-Lu\n|-activate|p1a: Ting-Lu|move: Protect\n|move|p2b: Gyarados|Waterfall|p1a: Ting-Lu\n|-activate|p1a: Ting-Lu|move: Protect\n|\n|-sideend|p1: Japaziliandkd|move: Tailwind\n|upkeep\n|turn|7\n|\n|t:|1682475987\n|move|p2a: Chi-Yu|Heat Wave|p1a: Ting-Lu\n|-damage|p1a: Ting-Lu|4\/100\n|move|p2b: Gyarados|Waterfall|p1a: Ting-Lu\n|-supereffective|p1a: Ting-Lu\n|-damage|p1a: Ting-Lu|0 fnt\n|faint|p1a: Ting-Lu\n|\n|win|LasermanZ111\n|raw|Japaziliandkd's rating: 1225 → 1205<\/strong> (-20 for losing)\n|raw|LasermanZ111's rating: 1294 → 1314<\/strong> (+20 for winning)\n|l|\u2606Japaziliandkd\n","uploadtime":1682475998,"views":7,"p1id":"japaziliandkd","p2id":"lasermanz111","formatid":"gen9vgc2023regulationc","rating":1205,"private":0,"password":""}