{"id":"gen9vgc2023regulationc-1853477806","p1":"hardtr is my life","p2":"PainInTheS","format":"[Gen 9] VGC 2023 Regulation C","log":"|j|\u2606hardtr is my life\n|j|\u2606PainInTheS\n|t:|1682689149\n|gametype|doubles\n|player|p1|hardtr is my life|170|1137\n|player|p2|PainInTheS|gentleman-gen4|1207\n|teamsize|p1|6\n|teamsize|p2|6\n|gen|9\n|tier|[Gen 9] VGC 2023 Regulation C\n|rated|\n|rule|Species Clause: Limit one of each Pok\u00e9mon\n|rule|Item Clause: Limit one of each item\n|clearpoke\n|poke|p1|Indeedee-F, L50, F|\n|poke|p1|Torkoal, L50, M|\n|poke|p1|Brute Bonnet, L50|\n|poke|p1|Bronzong, L50|\n|poke|p1|Ting-Lu, L50|\n|poke|p1|Iron Hands, L50|\n|poke|p2|Orthworm, L50, F|\n|poke|p2|Flutter Mane, L50|\n|poke|p2|Talonflame, L50, F|\n|poke|p2|Glimmora, L50, F|\n|poke|p2|Garchomp, L50, F|\n|poke|p2|Chien-Pao, L50|\n|teampreview|4\nPainInTheS has agreed to open team sheets.\n|inactive|Battle timer is ON: inactive players will automatically lose when time's up. (requested by PainInTheS)\nhardtr is my life has agreed to open team sheets.\n|inactive|hardtr is my life has 60 seconds left.\n|\n|t:|1682689212\n|start\n|switch|p1a: Indeedee|Indeedee-F, L50, F|100\/100\n|switch|p1b: Bronzong|Bronzong, L50|100\/100\n|switch|p2a: Cachorro P\u00e3o|Chien-Pao, L50|100\/100\n|switch|p2b: Tubach\u00e3o|Garchomp, L50, F|100\/100\n|-ability|p2a: Cachorro P\u00e3o|Sword of Ruin\n|-fieldstart|move: Psychic Terrain|[from] ability: Psychic Surge|[of] p1a: Indeedee\n|turn|1\n|inactive|PainInTheS has 30 seconds left.\n|inactive|PainInTheS has 20 seconds left.\n|inactive|PainInTheS has 15 seconds left.\n|inactive|PainInTheS has 10 seconds left.\n|\n|t:|1682689261\n|move|p2a: Cachorro P\u00e3o|Sacred Sword|p1b: Bronzong\n|-damage|p1b: Bronzong|70\/100\n|move|p2b: Tubach\u00e3o|Rock Slide|p1a: Indeedee|[spread] p1a,p1b\n|-resisted|p1b: Bronzong\n|-damage|p1a: Indeedee|58\/100\n|-damage|p1b: Bronzong|56\/100\n|cant|p1a: Indeedee|flinch\n|cant|p1b: Bronzong|flinch\n|\n|-heal|p1b: Bronzong|62\/100|[from] item: Leftovers\n|upkeep\n|turn|2\n|\n|t:|1682689285\n|move|p1a: Indeedee|Follow Me|p1a: Indeedee\n|-singleturn|p1a: Indeedee|move: Follow Me\n|move|p2a: Cachorro P\u00e3o|Sacred Sword|p1a: Indeedee\n|-damage|p1a: Indeedee|17\/100\n|move|p2b: Tubach\u00e3o|Rock Slide|p1a: Indeedee|[spread] p1a,p1b\n|-resisted|p1b: Bronzong\n|-damage|p1a: Indeedee|0 fnt\n|-damage|p1b: Bronzong|47\/100\n|faint|p1a: Indeedee\n|cant|p1b: Bronzong|flinch\n|\n|-heal|p1b: Bronzong|53\/100|[from] item: Leftovers\n|upkeep\n|\n|t:|1682689298\n|switch|p1a: Iron Hands|Iron Hands, L50|100\/100\n|turn|3\n|\n|t:|1682689318\n|move|p2a: Cachorro P\u00e3o|Sacred Sword|p1b: Bronzong\n|-damage|p1b: Bronzong|22\/100\n|move|p2b: Tubach\u00e3o|Rock Slide|p1a: Iron Hands|[spread] p1a,p1b\n|-resisted|p1a: Iron Hands\n|-resisted|p1b: Bronzong\n|-damage|p1a: Iron Hands|87\/100\n|-damage|p1b: Bronzong|7\/100\n|move|p1a: Iron Hands|Swords Dance|p1a: Iron Hands\n|-boost|p1a: Iron Hands|atk|2\n|move|p1b: Bronzong|Trick Room|p1b: Bronzong\n|-fieldstart|move: Trick Room|[of] p1b: Bronzong\n|\n|-heal|p1b: Bronzong|13\/100|[from] item: Leftovers\n|upkeep\n|turn|4\n|inactive|PainInTheS has 30 seconds left.\n|inactive|hardtr is my life has 30 seconds left.\n|inactive|PainInTheS has 20 seconds left.\n|inactive|PainInTheS has 15 seconds left.\n|\n|t:|1682689363\n|switch|p2b: Jim|Orthworm, L50, F|100\/100\n|move|p1b: Bronzong|Heavy Slam|p2b: Jim\n|-resisted|p2b: Jim\n|-damage|p2b: Jim|94\/100\n|move|p1a: Iron Hands|Drain Punch|p2a: Cachorro P\u00e3o\n|-supereffective|p2a: Cachorro P\u00e3o\n|-enditem|p2a: Cachorro P\u00e3o|Focus Sash\n|-damage|p2a: Cachorro P\u00e3o|1\/100\n|-heal|p1a: Iron Hands|100\/100|[from] drain|[of] p2a: Cachorro P\u00e3o\n|move|p2a: Cachorro P\u00e3o|Haze|p2a: Cachorro P\u00e3o\n|-clearallboost\n|\n|-heal|p1b: Bronzong|18\/100|[from] item: Leftovers\n|-heal|p2b: Jim|99\/100|[from] item: Leftovers\n|upkeep\n|turn|5\n|inactive|hardtr is my life has 30 seconds left.\n|inactive|PainInTheS has 30 seconds left.\n|inactive|hardtr is my life has 20 seconds left.\n|\n|t:|1682689398\n|switch|p2a: Gamora|Glimmora, L50, F|100\/100\n|-terastallize|p2b: Jim|Poison\n|move|p1b: Bronzong|Body Press|p2a: Gamora\n|-damage|p2a: Gamora|79\/100\n|-activate|p2a: Gamora|ability: Toxic Debris\n|-sidestart|p1: hardtr is my life|move: Toxic Spikes\n|move|p1a: Iron Hands|Swords Dance|p1a: Iron Hands\n|-boost|p1a: Iron Hands|atk|2\n|move|p2b: Jim|Iron Defense|p2b: Jim\n|-boost|p2b: Jim|def|2\n|\n|-heal|p1b: Bronzong|24\/100|[from] item: Leftovers\n|-heal|p2b: Jim|100\/100|[from] item: Leftovers\n|-fieldend|move: Psychic Terrain\n|upkeep\n|turn|6\n|inactive|PainInTheS has 30 seconds left.\n|inactive|PainInTheS has 20 seconds left.\n|inactive|PainInTheS has 15 seconds left.\n|\n|t:|1682689439\n|move|p1b: Bronzong|Heavy Slam|p2a: Gamora\n|-supereffective|p2a: Gamora\n|-damage|p2a: Gamora|15\/100\n|-activate|p2a: Gamora|ability: Toxic Debris\n|-sidestart|p1: hardtr is my life|move: Toxic Spikes\n|move|p1a: Iron Hands|Drain Punch|p2a: Gamora\n|-damage|p2a: Gamora|0 fnt\n|faint|p2a: Gamora\n|move|p2b: Jim|Iron Defense|p2b: Jim\n|-boost|p2b: Jim|def|2\n|\n|-heal|p1b: Bronzong|30\/100|[from] item: Leftovers\n|upkeep\n|\n|t:|1682689455\n|switch|p2a: Cachorro P\u00e3o|Chien-Pao, L50|1\/100\n|-ability|p2a: Cachorro P\u00e3o|Sword of Ruin\n|turn|7\n|\n|t:|1682689472\n|move|p2a: Cachorro P\u00e3o|Sucker Punch||[still]\n|-fail|p2a: Cachorro P\u00e3o\n|move|p1b: Bronzong|Iron Defense|p1b: Bronzong\n|-boost|p1b: Bronzong|def|2\n|move|p1a: Iron Hands|Drain Punch|p2a: Cachorro P\u00e3o\n|-supereffective|p2a: Cachorro P\u00e3o\n|-damage|p2a: Cachorro P\u00e3o|0 fnt\n|faint|p2a: Cachorro P\u00e3o\n|move|p2b: Jim|Body Press|p1b: Bronzong\n|-damage|p1b: Bronzong|0 fnt\n|faint|p1b: Bronzong\n|\n|-fieldend|move: Trick Room\n|upkeep\n|\n|t:|1682689483\n|switch|p2a: Tubach\u00e3o|Garchomp, L50, F|100\/100\n|switch|p1b: Torkoal|Torkoal, L50, M|100\/100\n|-status|p1b: Torkoal|tox\n|-weather|SunnyDay|[from] ability: Drought|[of] p1b: Torkoal\n|turn|8\n|\n|t:|1682689506\n|move|p1b: Torkoal|Protect|p1b: Torkoal\n|-singleturn|p1b: Torkoal|Protect\n|move|p2a: Tubach\u00e3o|Earthquake|p1a: Iron Hands|[spread] p1a\n|-activate|p1b: Torkoal|move: Protect\n|-immune|p2b: Jim|[from] ability: Earth Eater\n|-supereffective|p1a: Iron Hands\n|-damage|p1a: Iron Hands|25\/100\n|-enditem|p1a: Iron Hands|Sitrus Berry|[eat]\n|-heal|p1a: Iron Hands|50\/100|[from] item: Sitrus Berry\n|move|p2b: Jim|Body Press|p1b: Torkoal\n|-activate|p1b: Torkoal|move: Protect\n|move|p1a: Iron Hands|Drain Punch|p2a: Tubach\u00e3o\n|-damage|p2a: Tubach\u00e3o|10\/100\n|-heal|p1a: Iron Hands|84\/100|[from] drain|[of] p2a: Tubach\u00e3o\n|-damage|p1a: Iron Hands|72\/100|[from] ability: Rough Skin|[of] p2a: Tubach\u00e3o\n|\n|-weather|SunnyDay|[upkeep]\n|-damage|p1b: Torkoal|94\/100 tox|[from] psn\n|upkeep\n|turn|9\n|\n|t:|1682689531\n|move|p1b: Torkoal|Protect||[still]\n|-fail|p1b: Torkoal\n|move|p2a: Tubach\u00e3o|Earthquake|p1b: Torkoal|[spread] p1a,p1b\n|-immune|p2b: Jim|[from] ability: Earth Eater\n|-supereffective|p1a: Iron Hands\n|-supereffective|p1b: Torkoal\n|-damage|p1a: Iron Hands|0 fnt\n|-damage|p1b: Torkoal|10\/100 tox\n|faint|p1a: Iron Hands\n|-end|p1a: Iron Hands|Quark Drive|[silent]\n|move|p2b: Jim|Body Press|p1b: Torkoal\n|-damage|p1b: Torkoal|0 fnt\n|faint|p1b: Torkoal\n|\n|win|PainInTheS\n|raw|hardtr is my life's rating: 1137 → 1117<\/strong> (-20 for losing)\n|raw|PainInTheS's rating: 1207 → 1227<\/strong> (+20 for winning)\n|l|\u2606hardtr is my life\n","uploadtime":1682689544,"views":16,"p1id":"hardtrismylife","p2id":"paininthes","formatid":"gen9vgc2023regulationc","rating":1117,"private":0,"password":""}