{"id":"gen9vgc2023regulationc-1854508800","p1":"thelittlehobo1","p2":"Tatortot311","format":"[Gen 9] VGC 2023 Regulation C","log":"|j|\u2606thelittlehobo1\n|j|\u2606Tatortot311\n|t:|1682820078\n|gametype|doubles\n|player|p1|thelittlehobo1|266|1075\n|player|p2|Tatortot311|hilbert|1042\n|teamsize|p1|6\n|teamsize|p2|6\n|gen|9\n|tier|[Gen 9] VGC 2023 Regulation C\n|rated|\n|rule|Species Clause: Limit one of each Pok\u00e9mon\n|rule|Item Clause: Limit one of each item\n|clearpoke\n|poke|p1|Scizor, L50, M|\n|poke|p1|Dragonite, L50, M|\n|poke|p1|Palafin, L50, F|\n|poke|p1|Umbreon, L50, M|\n|poke|p1|Iron Hands, L50|\n|poke|p1|Chien-Pao, L50|\n|poke|p2|Dudunsparce-*, L50, M|\n|poke|p2|Jolteon, L50, F|\n|poke|p2|Flamigo, L50, F|\n|poke|p2|Flutter Mane, L50|\n|poke|p2|Armarouge, L50, F|\n|poke|p2|Indeedee-F, L50, F|\n|teampreview|4\n|inactive|Battle timer is ON: inactive players will automatically lose when time's up. (requested by Tatortot311)\n|\n|t:|1682820140\n|start\n|switch|p1a: Umbreon|Umbreon, L50, M|100\/100\n|switch|p1b: Palafin|Palafin, L50, F|100\/100\n|switch|p2a: Dudunsparce|Dudunsparce-Three-Segment, L50, M|100\/100\n|switch|p2b: Jolteon|Jolteon, L50, F|100\/100\n|turn|1\n|inactive|thelittlehobo1 has 30 seconds left.\n|inactive|Tatortot311 has 30 seconds left.\n|\n|t:|1682820170\n|detailschange|p1b: Palafin|Palafin-Hero, L50, F\n|switch|p1b: Dragonite|Dragonite, L50, M|100\/100\n|-terastallize|p2a: Dudunsparce|Psychic\n|move|p2b: Jolteon|Pin Missile|p2a: Dudunsparce\n|-supereffective|p2a: Dudunsparce\n|-damage|p2a: Dudunsparce|94\/100\n|-ability|p2a: Dudunsparce|Rattled|boost\n|-boost|p2a: Dudunsparce|spe|1\n|-enditem|p2a: Dudunsparce|Weakness Policy\n|-boost|p2a: Dudunsparce|atk|2|[from] item: Weakness Policy\n|-boost|p2a: Dudunsparce|spa|2|[from] item: Weakness Policy\n|-supereffective|p2a: Dudunsparce\n|-crit|p2a: Dudunsparce\n|-damage|p2a: Dudunsparce|82\/100\n|-ability|p2a: Dudunsparce|Rattled|boost\n|-boost|p2a: Dudunsparce|spe|1\n|-supereffective|p2a: Dudunsparce\n|-damage|p2a: Dudunsparce|75\/100\n|-ability|p2a: Dudunsparce|Rattled|boost\n|-boost|p2a: Dudunsparce|spe|1\n|-supereffective|p2a: Dudunsparce\n|-damage|p2a: Dudunsparce|67\/100\n|-ability|p2a: Dudunsparce|Rattled|boost\n|-boost|p2a: Dudunsparce|spe|1\n|-supereffective|p2a: Dudunsparce\n|-damage|p2a: Dudunsparce|60\/100\n|-ability|p2a: Dudunsparce|Rattled|boost\n|-boost|p2a: Dudunsparce|spe|1\n|-hitcount|p2a: Dudunsparce|5\n|move|p2a: Dudunsparce|Boomburst|p1a: Umbreon|[spread] p2b,p1a,p1b\n|-damage|p2b: Jolteon|0 fnt\n|-damage|p1a: Umbreon|47\/100\n|-damage|p1b: Dragonite|27\/100\n|faint|p2b: Jolteon\n|move|p1a: Umbreon|Skill Swap|p2a: Dudunsparce\n|-activate|p1a: Umbreon|move: Skill Swap|Rattled|Inner Focus|[of] p2a: Dudunsparce\n|\n|-heal|p1a: Umbreon|54\/100|[from] item: Leftovers\n|upkeep\n|inactive|Tatortot311 has 30 seconds left.\n|\n|t:|1682820202\n|switch|p2b: Flamigo|Flamigo, L50, F|100\/100\n|-copyboost|p2b: Flamigo|p2a: Dudunsparce|[from] ability: Costar\n|turn|2\n|inactive|thelittlehobo1 has 30 seconds left.\n|\n|t:|1682820228\n|-terastallize|p1b: Dragonite|Normal\n|move|p2a: Dudunsparce|Protect|p2a: Dudunsparce\n|-singleturn|p2a: Dudunsparce|Protect\n|move|p1b: Dragonite|Extreme Speed|p2b: Flamigo\n|-damage|p2b: Flamigo|34\/100\n|move|p2b: Flamigo|Acrobatics|p1b: Dragonite\n|-damage|p1b: Dragonite|0 fnt\n|faint|p1b: Dragonite\n|move|p1a: Umbreon|Foul Play|p2a: Dudunsparce\n|-activate|p2a: Dudunsparce|move: Protect\n|\n|-heal|p1a: Umbreon|60\/100|[from] item: Leftovers\n|upkeep\n|\n|t:|1682820243\n|switch|p1b: Palafin|Palafin-Hero, L50, F|100\/100\n|-activate|p1b: Palafin|ability: Zero to Hero\n|turn|3\n|\n|t:|1682820263\n|move|p1b: Palafin|Protect|p1b: Palafin\n|-singleturn|p1b: Palafin|Protect\n|move|p2b: Flamigo|Close Combat|p1b: Palafin\n|-activate|p1b: Palafin|move: Protect\n|move|p2a: Dudunsparce|Stored Power|p1b: Palafin\n|-activate|p1b: Palafin|move: Protect\n|move|p1a: Umbreon|Foul Play|p2b: Flamigo\n|-resisted|p2b: Flamigo\n|-damage|p2b: Flamigo|0 fnt\n|faint|p2b: Flamigo\n|\n|-heal|p1a: Umbreon|66\/100|[from] item: Leftovers\n|upkeep\n|\n|t:|1682820278\n|switch|p2b: Flutter Mane|Flutter Mane, L50|100\/100\n|-enditem|p2b: Flutter Mane|Booster Energy\n|-activate|p2b: Flutter Mane|ability: Protosynthesis|[fromitem]\n|-start|p2b: Flutter Mane|protosynthesisspa\n|turn|4\n|\n|t:|1682820298\n|move|p2a: Dudunsparce|Stored Power|p1b: Palafin\n|-damage|p1b: Palafin|0 fnt\n|faint|p1b: Palafin\n|move|p2b: Flutter Mane|Dazzling Gleam|p1a: Umbreon\n|-supereffective|p1a: Umbreon\n|-damage|p1a: Umbreon|0 fnt\n|faint|p1a: Umbreon\n|\n|upkeep\n|\n|t:|1682820306\n|switch|p1b: Scizor|Scizor, L50, M|100\/100\n|turn|5\n|\n|t:|1682820324\n|move|p1b: Scizor|Bullet Punch|p2b: Flutter Mane\n|-supereffective|p2b: Flutter Mane\n|-damage|p2b: Flutter Mane|0 fnt\n|faint|p2b: Flutter Mane\n|-end|p2b: Flutter Mane|Protosynthesis|[silent]\n|move|p2a: Dudunsparce|Stored Power|p1b: Scizor\n|-resisted|p1b: Scizor\n|-damage|p1b: Scizor|5\/100\n|\n|upkeep\n|turn|6\n|\n|t:|1682820336\n|move|p1b: Scizor|Bullet Punch|p2a: Dudunsparce\n|-damage|p2a: Dudunsparce|13\/100\n|move|p2a: Dudunsparce|Hyper Drill|p1b: Scizor\n|-resisted|p1b: Scizor\n|-damage|p1b: Scizor|0 fnt\n|faint|p1b: Scizor\n|\n|win|Tatortot311\n|raw|thelittlehobo1's rating: 1075 → 1052<\/strong> (-23 for losing)\n|raw|Tatortot311's rating: 1042 → 1079<\/strong> (+37 for winning)\n|c|\u2606thelittlehobo1|gg\n|c|\u2606thelittlehobo1|close\n","uploadtime":1682820347,"views":8,"p1id":"thelittlehobo1","p2id":"tatortot311","formatid":"gen9vgc2023regulationc","rating":1052,"private":0,"password":""}