{"id":"gen9vgc2023regulationc-1856088286","p1":"Shepherd181","p2":"Sugarmaru","format":"[Gen 9] VGC 2023 Regulation C","log":"|j|\u2606Shepherd181\n|j|\u2606Sugarmaru\n|t:|1683028672\n|gametype|doubles\n|player|p1|Shepherd181|hilbert|1329\n|player|p2|Sugarmaru|dawn|1310\n|teamsize|p1|6\n|teamsize|p2|6\n|gen|9\n|tier|[Gen 9] VGC 2023 Regulation C\n|rated|\n|rule|Species Clause: Limit one of each Pok\u00e9mon\n|rule|Item Clause: Limit one of each item\n|clearpoke\n|poke|p1|Orthworm, L50, M|\n|poke|p1|Gyarados, L50, F|\n|poke|p1|Dragonite, L50, M|\n|poke|p1|Ting-Lu, L50|\n|poke|p1|Flutter Mane, L50|\n|poke|p1|Chien-Pao, L50|\n|poke|p2|Vivillon-Ocean, L50, F|\n|poke|p2|Chi-Yu, L50|\n|poke|p2|Flutter Mane, L50|\n|poke|p2|Brute Bonnet, L50|\n|poke|p2|Iron Hands, L50|\n|poke|p2|Garchomp, L50, M|\n|teampreview|4\n|inactive|Battle timer is ON: inactive players will automatically lose when time's up. (requested by Shepherd181)\n|\n|t:|1683028736\n|start\n|switch|p1a: Orthworm|Orthworm, L50, M|100\/100\n|switch|p1b: Chien-Pao|Chien-Pao, L50|100\/100\n|switch|p2a: Vivillon|Vivillon-Ocean, L50, F|100\/100\n|switch|p2b: Iron Hands|Iron Hands, L50|100\/100\n|-ability|p1b: Chien-Pao|Sword of Ruin\n|turn|1\n|inactive|Shepherd181 has 30 seconds left.\n|inactive|Sugarmaru has 30 seconds left.\n|inactive|Sugarmaru has 20 seconds left.\n|\n|t:|1683028772\n|-terastallize|p1b: Chien-Pao|Ghost\n|move|p2b: Iron Hands|Fake Out|p1b: Chien-Pao\n|-immune|p1b: Chien-Pao\n|move|p1b: Chien-Pao|Ice Spinner|p2a: Vivillon\n|-supereffective|p2a: Vivillon\n|-enditem|p2a: Vivillon|Focus Sash\n|-damage|p2a: Vivillon|1\/100\n|move|p2a: Vivillon|Tailwind|p2a: Vivillon\n|-sidestart|p2: Sugarmaru|move: Tailwind\n|move|p1a: Orthworm|Shed Tail|p1a: Orthworm\n|-start|p1a: Orthworm|Substitute|[from] move: Shed Tail\n|-damage|p1a: Orthworm|50\/100\n|-enditem|p1a: Orthworm|Sitrus Berry|[eat]\n|-heal|p1a: Orthworm|75\/100|[from] item: Sitrus Berry\n|\n|t:|1683028787\n|switch|p1a: Dragonite|Dragonite, L50, M|100\/100|[from] Shed Tail\n|\n|upkeep\n|turn|2\n|inactive|Sugarmaru has 30 seconds left.\n|inactive|Sugarmaru has 20 seconds left.\n|inactive|Shepherd181 has 30 seconds left.\n|inactive|Shepherd181 has 20 seconds left.\n|\n|t:|1683028844\n|move|p2a: Vivillon|Protect|p2a: Vivillon\n|-singleturn|p2a: Vivillon|Protect\n|move|p1b: Chien-Pao|Protect|p1b: Chien-Pao\n|-singleturn|p1b: Chien-Pao|Protect\n|move|p1a: Dragonite|Extreme Speed|p2a: Vivillon\n|-activate|p2a: Vivillon|move: Protect\n|move|p2b: Iron Hands|Play Rough|p1a: Dragonite\n|-supereffective|p1a: Dragonite\n|-end|p1a: Dragonite|Substitute\n|\n|upkeep\n|turn|3\n|\n|t:|1683028867\n|switch|p1b: Orthworm|Orthworm, L50, M|75\/100\n|move|p2a: Vivillon|Pollen Puff|p1a: Dragonite\n|-resisted|p1a: Dragonite\n|-damage|p1a: Dragonite|91\/100\n|move|p2b: Iron Hands|Play Rough|p1a: Dragonite\n|-supereffective|p1a: Dragonite\n|-damage|p1a: Dragonite|16\/100\n|move|p1a: Dragonite|Earthquake|p2a: Vivillon|[spread] p2b\n|-heal|p1b: Orthworm|100\/100|[from] ability: Earth Eater|[of] p1a: Dragonite\n|-immune|p2a: Vivillon\n|-supereffective|p2b: Iron Hands\n|-damage|p2b: Iron Hands|72\/100\n|\n|upkeep\n|turn|4\n|inactive|Shepherd181 has 30 seconds left.\n|inactive|Sugarmaru has 30 seconds left.\n|inactive|Shepherd181 has 20 seconds left.\n|\n|t:|1683028906\n|move|p2a: Vivillon|Protect|p2a: Vivillon\n|-singleturn|p2a: Vivillon|Protect\n|move|p1a: Dragonite|Extreme Speed|p2a: Vivillon\n|-activate|p2a: Vivillon|move: Protect\n|move|p2b: Iron Hands|Drain Punch|p1b: Orthworm\n|-supereffective|p1b: Orthworm\n|-damage|p1b: Orthworm|41\/100\n|-heal|p2b: Iron Hands|94\/100|[from] drain|[of] p1b: Orthworm\n|move|p1b: Orthworm|Iron Defense|p1b: Orthworm\n|-boost|p1b: Orthworm|def|2\n|\n|-sideend|p2: Sugarmaru|move: Tailwind\n|upkeep\n|turn|5\n|\n|t:|1683028926\n|move|p1a: Dragonite|Extreme Speed|p2a: Vivillon\n|-damage|p2a: Vivillon|0 fnt\n|faint|p2a: Vivillon\n|move|p1b: Orthworm|Iron Defense|p1b: Orthworm\n|-boost|p1b: Orthworm|def|2\n|move|p2b: Iron Hands|Thunder Punch|p1a: Dragonite\n|-damage|p1a: Dragonite|0 fnt\n|faint|p1a: Dragonite\n|\n|upkeep\n|\n|t:|1683028946\n|switch|p2a: Garchomp|Garchomp, L50, M|100\/100\n|switch|p1a: Ting-Lu|Ting-Lu, L50|100\/100\n|-ability|p1a: Ting-Lu|Vessel of Ruin\n|turn|6\n|inactive|Shepherd181 has 30 seconds left.\n|\n|t:|1683028981\n|move|p2a: Garchomp|Rock Slide|p1b: Orthworm|[spread] p1a,p1b\n|-resisted|p1a: Ting-Lu\n|-resisted|p1b: Orthworm\n|-damage|p1a: Ting-Lu|95\/100\n|-damage|p1b: Orthworm|39\/100\n|move|p1a: Ting-Lu|Bulldoze|p2a: Garchomp|[spread] p2a,p2b\n|-heal|p1b: Orthworm|64\/100|[from] ability: Earth Eater|[of] p1a: Ting-Lu\n|-supereffective|p2b: Iron Hands\n|-damage|p2a: Garchomp|82\/100\n|-damage|p2b: Iron Hands|70\/100\n|-unboost|p2a: Garchomp|spe|1\n|-unboost|p2b: Iron Hands|spe|1\n|cant|p1b: Orthworm|flinch\n|move|p2b: Iron Hands|Drain Punch|p1a: Ting-Lu\n|-supereffective|p1a: Ting-Lu\n|-damage|p1a: Ting-Lu|42\/100\n|-heal|p2b: Iron Hands|97\/100|[from] drain|[of] p1a: Ting-Lu\n|\n|upkeep\n|turn|7\n|inactive|Sugarmaru has 30 seconds left.\n|\n|t:|1683029010\n|move|p2a: Garchomp|Iron Head|p1a: Ting-Lu\n|-damage|p1a: Ting-Lu|27\/100\n|move|p1a: Ting-Lu|Bulldoze|p2b: Iron Hands|[spread] p2a,p2b\n|-heal|p1b: Orthworm|89\/100|[from] ability: Earth Eater|[of] p1a: Ting-Lu\n|-supereffective|p2b: Iron Hands\n|-damage|p2a: Garchomp|66\/100\n|-damage|p2b: Iron Hands|73\/100\n|-unboost|p2a: Garchomp|spe|1\n|-unboost|p2b: Iron Hands|spe|1\n|move|p1b: Orthworm|Iron Defense|p1b: Orthworm\n|-boost|p1b: Orthworm|def|2\n|move|p2b: Iron Hands|Drain Punch|p1a: Ting-Lu\n|-supereffective|p1a: Ting-Lu\n|-damage|p1a: Ting-Lu|0 fnt\n|-heal|p2b: Iron Hands|86\/100|[from] drain|[of] p1a: Ting-Lu\n|faint|p1a: Ting-Lu\n|\n|upkeep\n|\n|t:|1683029021\n|switch|p1a: Chien-Pao|Chien-Pao, L50, tera:Ghost|100\/100\n|-ability|p1a: Chien-Pao|Sword of Ruin\n|turn|8\n|\n|t:|1683029042\n|-terastallize|p2a: Garchomp|Steel\n|move|p1a: Chien-Pao|Ice Spinner|p2b: Iron Hands\n|-damage|p2b: Iron Hands|49\/100\n|move|p1b: Orthworm|Body Press|p2b: Iron Hands\n|-damage|p2b: Iron Hands|0 fnt\n|faint|p2b: Iron Hands\n|-end|p2b: Iron Hands|Quark Drive|[silent]\n|move|p2a: Garchomp|Iron Head|p1a: Chien-Pao\n|-damage|p1a: Chien-Pao|47\/100\n|\n|upkeep\n|\n|t:|1683029054\n|switch|p2b: Flutter Mane|Flutter Mane, L50|100\/100\n|-enditem|p2b: Flutter Mane|Booster Energy\n|-activate|p2b: Flutter Mane|ability: Protosynthesis|[fromitem]\n|-start|p2b: Flutter Mane|protosynthesisspe\n|turn|9\n|\n|t:|1683029071\n|move|p2b: Flutter Mane|Protect|p2b: Flutter Mane\n|-singleturn|p2b: Flutter Mane|Protect\n|move|p1a: Chien-Pao|Protect|p1a: Chien-Pao\n|-singleturn|p1a: Chien-Pao|Protect\n|move|p1b: Orthworm|Heavy Slam|p2b: Flutter Mane\n|-activate|p2b: Flutter Mane|move: Protect\n|move|p2a: Garchomp|Iron Head|p1a: Chien-Pao\n|-activate|p1a: Chien-Pao|move: Protect\n|\n|upkeep\n|turn|10\n|inactive|Sugarmaru has 30 seconds left.\n|\n|t:|1683029102\n|move|p1a: Chien-Pao|Sucker Punch|p2b: Flutter Mane\n|-damage|p2b: Flutter Mane|23\/100\n|move|p2b: Flutter Mane|Shadow Ball|p1b: Orthworm\n|-damage|p1b: Orthworm|39\/100\n|move|p1b: Orthworm|Heavy Slam|p2b: Flutter Mane\n|-supereffective|p2b: Flutter Mane\n|-damage|p2b: Flutter Mane|0 fnt\n|faint|p2b: Flutter Mane\n|-end|p2b: Flutter Mane|Protosynthesis|[silent]\n|move|p2a: Garchomp|Iron Head|p1a: Chien-Pao\n|-damage|p1a: Chien-Pao|0 fnt\n|faint|p1a: Chien-Pao\n|\n|upkeep\n|turn|11\n|\n|t:|1683029119\n|move|p1b: Orthworm|Body Press|p2a: Garchomp\n|-supereffective|p2a: Garchomp\n|-damage|p2a: Garchomp|0 fnt\n|-damage|p1b: Orthworm|27\/100|[from] ability: Rough Skin|[of] p2a: Garchomp\n|faint|p2a: Garchomp\n|\n|win|Shepherd181\n|raw|Shepherd181's rating: 1329 → 1348<\/strong> (+19 for winning)\n|raw|Sugarmaru's rating: 1310 → 1291<\/strong> (-19 for losing)\n|l|\u2606Shepherd181\n","uploadtime":1683029128,"views":6,"p1id":"shepherd181","p2id":"sugarmaru","formatid":"gen9vgc2023regulationc","rating":1291,"private":0,"password":""}