{"id":"gen9vgc2023regulationc-1854470265","p1":"Darkress(CR)","p2":"chipp zanuff 7","format":"[Gen 9] VGC 2023 Regulation C","log":"|j|\u2606Darkress(CR)\n|j|\u2606chipp zanuff 7\n|t:|1682815042\n|gametype|doubles\n|player|p1|Darkress(CR)|266|\n|player|p2|chipp zanuff 7|266|\n|teamsize|p1|6\n|teamsize|p2|6\n|gen|9\n|tier|[Gen 9] VGC 2023 Regulation C\n|rule|Species Clause: Limit one of each Pok\u00e9mon\n|rule|Item Clause: Limit one of each item\n|clearpoke\n|poke|p1|Ting-Lu, L50|\n|poke|p1|Scizor, L50, M|\n|poke|p1|Garganacl, L50, M|\n|poke|p1|Tauros-Paldea-Blaze, L50, M|\n|poke|p1|Appletun, L50, F|\n|poke|p1|Gyarados, L50, M|\n|poke|p2|Garganacl, L50, F|\n|poke|p2|Gyarados, L50, F|\n|poke|p2|Amoonguss, L50, M|\n|poke|p2|Ting-Lu, L50|\n|poke|p2|Flutter Mane, L50|\n|poke|p2|Orthworm, L50, F|\n|teampreview|4\n|c|\u2606chipp zanuff 7|g1\n|c|\u2606Darkress(CR)|g1\nDarkress(CR) has agreed to open team sheets.\n|c|\u2606Darkress(CR)|gl hf\n|c|\u2606chipp zanuff 7|gl\n|\n|t:|1682815148\n|start\n|switch|p1a: Tauros|Tauros-Paldea-Blaze, L50, M|100\/100\n|switch|p1b: Scizor|Scizor, L50, M|100\/100\n|switch|p2a: Luck|Garganacl, L50, F, shiny|100\/100\n|switch|p2b: Magna|Gyarados, L50, F, shiny|100\/100\n|-ability|p1a: Tauros|Intimidate|boost\n|-unboost|p2a: Luck|atk|1\n|-unboost|p2b: Magna|atk|1\n|-ability|p2b: Magna|Intimidate|boost\n|-unboost|p1a: Tauros|atk|1\n|-fail|p1b: Scizor|unboost|[from] item: Clear Amulet|[of] p1b: Scizor\n|turn|1\n|inactive|Battle timer is ON: inactive players will automatically lose when time's up. (requested by chipp zanuff 7)\n|\n|t:|1682815172\n|-terastallize|p2a: Luck|Ghost\n|move|p1a: Tauros|Will-O-Wisp|p2b: Magna|[miss]\n|-miss|p1a: Tauros|p2b: Magna\n|move|p2b: Magna|Thunder Wave|p1b: Scizor\n|-status|p1b: Scizor|par\n|move|p2a: Luck|Stealth Rock|p1b: Scizor\n|-sidestart|p1: Darkress(CR)|move: Stealth Rock\n|move|p1b: Scizor|U-turn|p2a: Luck\n|-resisted|p2a: Luck\n|-damage|p2a: Luck|87\/100\n|\n|t:|1682815182\n|switch|p1b: Garganacl|Garganacl, L50, M, shiny|100\/100|[from] U-turn\n|-damage|p1b: Garganacl|88\/100|[from] Stealth Rock\n|\n|-heal|p2a: Luck|93\/100|[from] item: Leftovers\n|upkeep\n|turn|2\n|\n|t:|1682815205\n|switch|p2b: Finral|Amoonguss, L50, M|100\/100\n|move|p1a: Tauros|Will-O-Wisp|p2b: Finral\n|-status|p2b: Finral|brn\n|move|p1b: Garganacl|Salt Cure|p2a: Luck\n|-damage|p2a: Luck|84\/100\n|-start|p2a: Luck|Salt Cure\n|move|p2a: Luck|Salt Cure|p1a: Tauros\n|-damage|p1a: Tauros|89\/100\n|-start|p1a: Tauros|Salt Cure\n|\n|-heal|p2a: Luck|89\/100|[from] item: Leftovers\n|-damage|p2b: Finral|95\/100 brn|[from] brn\n|-damage|p1a: Tauros|77\/100|[from] Salt Cure\n|-damage|p2a: Luck|77\/100|[from] Salt Cure\n|upkeep\n|turn|3\n|\n|t:|1682815229\n|move|p1a: Tauros|Raging Bull|p2b: Finral\n|-supereffective|p2b: Finral\n|-damage|p2b: Finral|47\/100 brn\n|-enditem|p2b: Finral|Sitrus Berry|[eat]\n|-heal|p2b: Finral|72\/100 brn|[from] item: Sitrus Berry\n|move|p1b: Garganacl|Salt Cure|p2b: Finral\n|-damage|p2b: Finral|57\/100 brn\n|-start|p2b: Finral|Salt Cure\n|move|p2a: Luck|Salt Cure|p1a: Tauros\n|-damage|p1a: Tauros|67\/100\n|move|p2b: Finral|Spore|p1a: Tauros\n|-activate|p1a: Tauros|item: Safety Goggles|Spore\n|\n|-heal|p2a: Luck|83\/100|[from] item: Leftovers\n|-damage|p2b: Finral|51\/100 brn|[from] brn\n|-damage|p1a: Tauros|55\/100|[from] Salt Cure\n|-damage|p2a: Luck|71\/100|[from] Salt Cure\n|-damage|p2b: Finral|39\/100 brn|[from] Salt Cure\n|upkeep\n|turn|4\n|\n|t:|1682815254\n|switch|p1a: Scizor|Scizor, L50, M|100\/100 par\n|-damage|p1a: Scizor|88\/100 par|[from] Stealth Rock\n|switch|p2b: Magna|Gyarados, L50, F, shiny|100\/100\n|-ability|p2b: Magna|Intimidate|boost\n|-fail|p1a: Scizor|unboost|[from] item: Clear Amulet|[of] p1a: Scizor\n|-unboost|p1b: Garganacl|atk|1\n|move|p2a: Luck|Salt Cure|p1b: Garganacl\n|-damage|p1b: Garganacl|81\/100\n|move|p1b: Garganacl|Salt Cure|p2b: Magna\n|-supereffective|p2b: Magna\n|-damage|p2b: Magna|85\/100\n|-start|p2b: Magna|Salt Cure\n|\n|-heal|p2a: Luck|77\/100|[from] item: Leftovers\n|-damage|p2b: Magna|60\/100|[from] Salt Cure\n|-damage|p2a: Luck|65\/100|[from] Salt Cure\n|upkeep\n|turn|5\n|\n|t:|1682815278\n|move|p1a: Scizor|Protect|p1a: Scizor\n|-singleturn|p1a: Scizor|Protect\n|move|p2b: Magna|Waterfall|p1b: Garganacl\n|-supereffective|p1b: Garganacl\n|-damage|p1b: Garganacl|36\/100\n|move|p1b: Garganacl|Salt Cure|p2b: Magna\n|-supereffective|p2b: Magna\n|-crit|p2b: Magna\n|-damage|p2b: Magna|20\/100\n|move|p2a: Luck|Salt Cure|p1a: Scizor\n|-activate|p1a: Scizor|move: Protect\n|\n|-heal|p2a: Luck|70\/100|[from] item: Leftovers\n|-damage|p2b: Magna|0 fnt|[from] Salt Cure\n|faint|p2b: Magna\n|-damage|p2a: Luck|58\/100|[from] Salt Cure\n|upkeep\n|\n|t:|1682815288\n|switch|p2b: Vanessa|Flutter Mane, L50|100\/100\n|-enditem|p2b: Vanessa|Booster Energy\n|-activate|p2b: Vanessa|ability: Protosynthesis|[fromitem]\n|-start|p2b: Vanessa|protosynthesisspa\n|turn|6\n|\n|t:|1682815304\n|move|p1a: Scizor|Bullet Punch|p2b: Vanessa\n|-supereffective|p2b: Vanessa\n|-damage|p2b: Vanessa|0 fnt\n|faint|p2b: Vanessa\n|-end|p2b: Vanessa|Protosynthesis|[silent]\n|move|p2a: Luck|Salt Cure|p1a: Scizor\n|-damage|p1a: Scizor|78\/100 par\n|-start|p1a: Scizor|Salt Cure\n|move|p1b: Garganacl|Recover|p1b: Garganacl\n|-heal|p1b: Garganacl|86\/100\n|\n|-heal|p2a: Luck|64\/100|[from] item: Leftovers\n|-damage|p2a: Luck|52\/100|[from] Salt Cure\n|-damage|p1a: Scizor|53\/100 par|[from] Salt Cure\n|upkeep\n|c|\u2606chipp zanuff 7|gg\n|-message|chipp zanuff 7 forfeited.\n|\n|win|Darkress(CR)\n|l|\u2606chipp zanuff 7\n|c|\u2606Darkress(CR)|gg\n|l|\u2606Darkress(CR)\n|j|\u2606Darkress(CR)\n|player|p1|Darkress(CR)|266\n","uploadtime":1682816288,"views":9,"p1id":"darkresscr","p2id":"chippzanuff7","formatid":"gen9vgc2023regulationc","rating":0,"private":0,"password":""}