{"id":"gen9vgc2023regulationc-1863873759","p1":"k3ksmann","p2":"beastista","format":"[Gen 9] VGC 2023 Regulation C","log":"|j|\u2606k3ksmann\n|j|\u2606beastista\n|t:|1684088022\n|gametype|doubles\n|player|p1|k3ksmann|grusha|\n|player|p2|beastista|265|\n|teamsize|p1|6\n|teamsize|p2|6\n|gen|9\n|tier|[Gen 9] VGC 2023 Regulation C\n|rule|Species Clause: Limit one of each Pok\u00e9mon\n|rule|Item Clause: Limit one of each item\n|clearpoke\n|poke|p1|Maushold, L50|\n|poke|p1|Frosmoth, L50, F|\n|poke|p1|Tropius, L50, F|\n|poke|p1|Klefki, L50, F|\n|poke|p1|Qwilfish, L50, M|\n|poke|p1|Pawmot, L50, F|\n|poke|p2|Squawkabilly, L50, M|\n|poke|p2|Brambleghast, L50, F|\n|poke|p2|Rabsca, L50, M|\n|poke|p2|Pachirisu, L50, F|\n|poke|p2|Rotom-Fan, L50|\n|poke|p2|Mimikyu, L50, F|\n|teampreview|4\n|\n|t:|1684088086\n|start\n|switch|p1a: Maushold|Maushold, L50|100\/100\n|switch|p1b: Frosmoth|Frosmoth, L50, F|100\/100\n|switch|p2a: Mimikyu|Mimikyu, L50, F|100\/100\n|switch|p2b: Rotom|Rotom-Fan, L50|100\/100\n|turn|1\n|\n|t:|1684088127\n|-terastallize|p2b: Rotom|Electric\n|move|p1a: Maushold|Crunch|p2a: Mimikyu\n|-activate|p2a: Mimikyu|ability: Disguise\n|-damage|p2a: Mimikyu|100\/100\n|detailschange|p2a: Mimikyu|Mimikyu-Busted, L50, F\n|-damage|p2a: Mimikyu|88\/100|[from] pokemon: Mimikyu-Busted\n|move|p2a: Mimikyu|Taunt|p1b: Frosmoth\n|-start|p1b: Frosmoth|move: Taunt\n|move|p2b: Rotom|Thunderbolt|p1a: Maushold\n|-damage|p1a: Maushold|38\/100\n|cant|p1b: Frosmoth|move: Taunt|Quiver Dance\n|\n|upkeep\n|turn|2\n|c|\u2606k3ksmann|omg i forgot to write down mimikyu had taunt. im so sad\n|\n|t:|1684088167\n|move|p1a: Maushold|Protect|p1a: Maushold\n|-singleturn|p1a: Maushold|Protect\n|move|p2a: Mimikyu|Play Rough|p1a: Maushold\n|-activate|p1a: Maushold|move: Protect\n|move|p2b: Rotom|Eerie Impulse|p1b: Frosmoth\n|-unboost|p1b: Frosmoth|spa|2\n|move|p1b: Frosmoth|Ice Beam|p2b: Rotom\n|-damage|p2b: Rotom|71\/100\n|-damage|p1b: Frosmoth|91\/100|[from] item: Life Orb\n|\n|upkeep\n|turn|3\n|\n|t:|1684088195\n|switch|p1a: Pawmot|Pawmot, L50, F|100\/100\n|move|p2a: Mimikyu|Play Rough|p1b: Frosmoth\n|-damage|p1b: Frosmoth|43\/100\n|move|p2b: Rotom|Thunderbolt|p1a: Pawmot\n|-resisted|p1a: Pawmot\n|-damage|p1a: Pawmot|64\/100\n|move|p1b: Frosmoth|Ice Beam|p2b: Rotom\n|-damage|p2b: Rotom|38\/100\n|-damage|p1b: Frosmoth|34\/100|[from] item: Life Orb\n|\n|-end|p1b: Frosmoth|move: Taunt\n|upkeep\n|turn|4\n|\n|t:|1684088227\n|switch|p1b: Maushold|Maushold, L50|38\/100\n|move|p1a: Pawmot|Ice Punch|p2a: Mimikyu\n|-damage|p2a: Mimikyu|52\/100\n|move|p2a: Mimikyu|Play Rough|p1a: Pawmot\n|-supereffective|p1a: Pawmot\n|-damage|p1a: Pawmot|0 fnt\n|faint|p1a: Pawmot\n|move|p2b: Rotom|Thunderbolt|p1b: Maushold\n|-crit|p1b: Maushold\n|-damage|p1b: Maushold|0 fnt\n|faint|p1b: Maushold\n|\n|upkeep\n|\n|t:|1684088239\n|switch|p1b: Frosmoth|Frosmoth, L50, F|34\/100\n|switch|p1a: Qwilfish|Qwilfish, L50, M|100\/100\n|-ability|p1a: Qwilfish|Intimidate|boost\n|-unboost|p2a: Mimikyu|atk|1\n|-unboost|p2b: Rotom|atk|1\n|turn|5\n|c|\u2606k3ksmann|ggs\n|\n|t:|1684088255\n|move|p1a: Qwilfish|Gunk Shot|p2a: Mimikyu|[miss]\n|-miss|p1a: Qwilfish|p2a: Mimikyu\n|move|p2a: Mimikyu|Taunt|p1b: Frosmoth\n|-start|p1b: Frosmoth|move: Taunt\n|move|p2b: Rotom|Thunderbolt|p1a: Qwilfish\n|-supereffective|p1a: Qwilfish\n|-damage|p1a: Qwilfish|0 fnt\n|faint|p1a: Qwilfish\n|move|p1b: Frosmoth|Ice Beam|p2b: Rotom\n|-damage|p2b: Rotom|0 fnt\n|faint|p2b: Rotom\n|-damage|p1b: Frosmoth|24\/100|[from] item: Life Orb\n|\n|upkeep\n|\n|t:|1684088270\n|switch|p2b: Squawkabilly|Squawkabilly, L50, M|100\/100\n|-ability|p2b: Squawkabilly|Intimidate|boost\n|-unboost|p1b: Frosmoth|atk|1\n|turn|6\n|\n|t:|1684088276\n|move|p2b: Squawkabilly|Brave Bird|p1b: Frosmoth\n|-supereffective|p1b: Frosmoth\n|-damage|p1b: Frosmoth|0 fnt\n|faint|p1b: Frosmoth\n|-damage|p2b: Squawkabilly|93\/100|[from] Recoil\n|\n|win|beastista\n","uploadtime":1684088279,"views":16,"p1id":"k3ksmann","p2id":"beastista","formatid":"gen9vgc2023regulationc","rating":0,"private":0,"password":""}