{"id":"gen9vgc2023regulationc-1848044147","p1":"Atc13","p2":"TNTBlowzUp","format":"[Gen 9] VGC 2023 Regulation C","log":"|j|\u2606Atc13\n|j|\u2606TNTBlowzUp\n|t:|1682023636\n|gametype|doubles\n|player|p1|Atc13|169|\n|player|p2|TNTBlowzUp|harlequin|\n|teamsize|p1|6\n|teamsize|p2|6\n|gen|9\n|tier|[Gen 9] VGC 2023 Regulation C\n|rule|Species Clause: Limit one of each Pok\u00e9mon\n|rule|Item Clause: Limit one of each item\n|clearpoke\n|poke|p1|Jumpluff, L50, M|\n|poke|p1|Bronzong, L50|\n|poke|p1|Maushold-Four, L50|\n|poke|p1|Ceruledge, L50, M|\n|poke|p1|Corviknight, L50, F|\n|poke|p1|Baxcalibur, L50, F|\n|poke|p2|Electrode, L50|\n|poke|p2|Iron Bundle, L50|\n|poke|p2|Armarouge, L50, M|\n|poke|p2|Palafin, L50, M|\n|poke|p2|Amoonguss, L50, M|\n|poke|p2|Scizor, L50, F|\n|teampreview|4\n|\n|t:|1682023667\n|start\n|switch|p1a: Maushold|Maushold-Four, L50|100\/100\n|switch|p1b: Jumpluff|Jumpluff, L50, M|100\/100\n|switch|p2a: Amoonguss|Amoonguss, L50, M, shiny|100\/100\n|switch|p2b: Palafin|Palafin, L50, M, shiny|100\/100\n|turn|1\n|\n|t:|1682023688\n|move|p2b: Palafin|Protect|p2b: Palafin\n|-singleturn|p2b: Palafin|Protect\n|move|p1a: Maushold|Super Fang|p2a: Amoonguss\n|-damage|p2a: Amoonguss|51\/100\n|move|p1b: Jumpluff|Sleep Powder|p2b: Palafin\n|-activate|p2b: Palafin|move: Protect\n|move|p2a: Amoonguss|Spore|p1a: Maushold\n|-activate|p1a: Maushold|item: Safety Goggles|Spore\n|\n|upkeep\n|turn|2\n|c|\u2606TNTBlowzUp|lol I forgor\n|\n|t:|1682023730\n|detailschange|p2b: Palafin|Palafin-Hero, L50, M, shiny\n|switch|p2b: Del\u0456bird|Iron Bundle, L50, shiny|100\/100\n|-enditem|p2b: Del\u0456bird|Booster Energy\n|-activate|p2b: Del\u0456bird|ability: Quark Drive|[fromitem]\n|-start|p2b: Del\u0456bird|quarkdrivespa\n|switch|p2a: Armarouge|Armarouge, L50, M, shiny|100\/100\n|move|p1a: Maushold|Follow Me|p1a: Maushold\n|-singleturn|p1a: Maushold|move: Follow Me\n|move|p1b: Jumpluff|Sleep Powder|p2b: Del\u0456bird|[miss]\n|-miss|p1b: Jumpluff|p2b: Del\u0456bird\n|\n|upkeep\n|turn|3\n|\n|t:|1682023756\n|switch|p1a: Bronzong|Bronzong, L50|100\/100\n|switch|p1b: Ceruledge|Ceruledge, L50, M|100\/100\n|-terastallize|p2a: Armarouge|Grass\n|move|p2b: Del\u0456bird|Freeze-Dry|p1b: Ceruledge\n|-resisted|p1b: Ceruledge\n|-damage|p1b: Ceruledge|72\/100\n|move|p2a: Armarouge|Expanding Force|p1b: Ceruledge\n|-damage|p1b: Ceruledge|30\/100\n|\n|upkeep\n|turn|4\n|\n|t:|1682023789\n|-terastallize|p1b: Ceruledge|Steel\n|move|p2b: Del\u0456bird|Hydro Pump|p1b: Ceruledge\n|-damage|p1b: Ceruledge|0 fnt\n|faint|p1b: Ceruledge\n|move|p2a: Armarouge|Armor Cannon|p1a: Bronzong\n|-supereffective|p1a: Bronzong\n|-damage|p1a: Bronzong|27\/100\n|-unboost|p2a: Armarouge|def|1\n|-unboost|p2a: Armarouge|spd|1\n|move|p1a: Bronzong|Sunny Day|p1a: Bronzong\n|-weather|SunnyDay\n|\n|-weather|SunnyDay|[upkeep]\n|upkeep\n|\n|t:|1682023802\n|switch|p1b: Jumpluff|Jumpluff, L50, M|100\/100\n|turn|5\n|\n|t:|1682023828\n|move|p1b: Jumpluff|Sleep Powder|p2b: Del\u0456bird|[miss]\n|-miss|p1b: Jumpluff|p2b: Del\u0456bird\n|move|p2b: Del\u0456bird|Freeze-Dry|p1b: Jumpluff\n|-supereffective|p1b: Jumpluff\n|-enditem|p1b: Jumpluff|Focus Sash\n|-damage|p1b: Jumpluff|1\/100\n|move|p2a: Armarouge|Armor Cannon|p1b: Jumpluff\n|-supereffective|p1b: Jumpluff\n|-damage|p1b: Jumpluff|0 fnt\n|-unboost|p2a: Armarouge|def|1\n|-unboost|p2a: Armarouge|spd|1\n|faint|p1b: Jumpluff\n|move|p1a: Bronzong|Body Press|p2b: Del\u0456bird\n|-supereffective|p2b: Del\u0456bird\n|-damage|p2b: Del\u0456bird|46\/100\n|\n|-weather|SunnyDay|[upkeep]\n|upkeep\n|-message|Atc13 forfeited.\n|\n|win|TNTBlowzUp\n|l|\u2606Atc13\n","uploadtime":1682023846,"views":14,"p1id":"atc13","p2id":"tntblowzup","formatid":"gen9vgc2023regulationc","rating":0,"private":0,"password":""}