{"id":"gen9vgc2023regulationc-1847265531","p1":"vyxl","p2":"Yoyoyogogogo","format":"[Gen 9] VGC 2023 Regulation C","log":"|j|\u2606vyxl\n|j|\u2606Yoyoyogogogo\n|t:|1681932881\n|gametype|doubles\n|player|p1|vyxl|170|1313\n|player|p2|Yoyoyogogogo|170|1326\n|teamsize|p1|6\n|teamsize|p2|6\n|gen|9\n|tier|[Gen 9] VGC 2023 Regulation C\n|rated|\n|rule|Species Clause: Limit one of each Pok\u00e9mon\n|rule|Item Clause: Limit one of each item\n|clearpoke\n|poke|p1|Dragonite, L50, M|\n|poke|p1|Orthworm, L50, M|\n|poke|p1|Ting-Lu, L50|\n|poke|p1|Dondozo, L50, F|\n|poke|p1|Tatsugiri, L50, M|\n|poke|p1|Flutter Mane, L50|\n|poke|p2|Chi-Yu, L50|\n|poke|p2|Torkoal, L50, F|\n|poke|p2|Lilligant, L50, F|\n|poke|p2|Flutter Mane, L50|\n|poke|p2|Tatsugiri, L50, F|\n|poke|p2|Dondozo, L50, M|\n|teampreview|4\n|inactive|Battle timer is ON: inactive players will automatically lose when time's up. (requested by Yoyoyogogogo)\n|inactive|vyxl has 60 seconds left.\n|inactive|Yoyoyogogogo has 60 seconds left.\n|\n|t:|1681932929\n|start\n|switch|p1a: Orthworm|Orthworm, L50, M|100\/100\n|switch|p1b: Dragonite|Dragonite, L50, M|100\/100\n|switch|p2a: Tatsugiri|Tatsugiri, L50, F|100\/100\n|switch|p2b: Dondozo|Dondozo, L50, M|100\/100\n|-activate|p2a: Tatsugiri|ability: Commander|[of] p2b: Dondozo\n|-boost|p2b: Dondozo|atk|2\n|-boost|p2b: Dondozo|spa|2\n|-boost|p2b: Dondozo|spe|2\n|-boost|p2b: Dondozo|def|2\n|-boost|p2b: Dondozo|spd|2\n|turn|1\n|\n|t:|1681932953\n|move|p1b: Dragonite|Earthquake|p2a: Tatsugiri|[spread] p2b\n|-miss|p1b: Dragonite|p2a: Tatsugiri\n|-immune|p1a: Orthworm|[from] ability: Earth Eater\n|-damage|p2b: Dondozo|93\/100\n|move|p2b: Dondozo|Order Up|p1b: Dragonite\n|-supereffective|p1b: Dragonite\n|-damage|p1b: Dragonite|50\/100\n|-boost|p2b: Dondozo|atk|1\n|move|p1a: Orthworm|Shed Tail|p1a: Orthworm\n|-start|p1a: Orthworm|Substitute|[from] move: Shed Tail\n|-damage|p1a: Orthworm|50\/100\n|-enditem|p1a: Orthworm|Sitrus Berry|[eat]\n|-heal|p1a: Orthworm|75\/100|[from] item: Sitrus Berry\n|\n|t:|1681932966\n|switch|p1a: Dondozo|Dondozo, L50, F|100\/100|[from] Shed Tail\n|\n|upkeep\n|turn|2\n|\n|t:|1681932990\n|switch|p1b: Tatsugiri|Tatsugiri, L50, M|100\/100\n|-activate|p1b: Tatsugiri|ability: Commander|[of] p1a: Dondozo\n|-boost|p1a: Dondozo|atk|2\n|-boost|p1a: Dondozo|spa|2\n|-boost|p1a: Dondozo|spe|2\n|-boost|p1a: Dondozo|def|2\n|-boost|p1a: Dondozo|spd|2\n|move|p1a: Dondozo|Order Up|p2b: Dondozo\n|-damage|p2b: Dondozo|84\/100\n|-boost|p1a: Dondozo|atk|1\n|move|p2b: Dondozo|Order Up|p1b: Tatsugiri|[miss]\n|-miss|p2b: Dondozo|p1b: Tatsugiri\n|\n|upkeep\n|turn|3\n|\n|t:|1681933004\n|move|p2b: Dondozo|Order Up|p1a: Dondozo\n|-end|p1a: Dondozo|Substitute\n|-boost|p2b: Dondozo|atk|1\n|move|p1a: Dondozo|Order Up|p2b: Dondozo\n|-damage|p2b: Dondozo|76\/100\n|-boost|p1a: Dondozo|atk|1\n|\n|upkeep\n|turn|4\n|inactive|Yoyoyogogogo has 30 seconds left.\n|\n|t:|1681933034\n|move|p1a: Dondozo|Order Up|p2b: Dondozo\n|-damage|p2b: Dondozo|67\/100\n|-boost|p1a: Dondozo|atk|1\n|move|p2b: Dondozo|Order Up|p1a: Dondozo\n|-damage|p1a: Dondozo|50\/100\n|-boost|p2b: Dondozo|atk|1\n|\n|-heal|p1a: Dondozo|56\/100|[from] item: Leftovers\n|upkeep\n|turn|5\n|\n|t:|1681933045\n|move|p1a: Dondozo|Protect|p1a: Dondozo\n|-singleturn|p1a: Dondozo|Protect\n|move|p2b: Dondozo|Order Up|p1a: Dondozo\n|-activate|p1a: Dondozo|move: Protect\n|\n|-heal|p1a: Dondozo|62\/100|[from] item: Leftovers\n|upkeep\n|turn|6\n|inactive|Yoyoyogogogo has 30 seconds left.\n|inactive|Yoyoyogogogo has 20 seconds left.\n|inactive|Yoyoyogogogo has 15 seconds left.\n|\n|t:|1681933085\n|move|p1a: Dondozo|Order Up|p2b: Dondozo\n|-damage|p2b: Dondozo|59\/100\n|-boost|p1a: Dondozo|atk|1\n|move|p2b: Dondozo|Order Up|p1a: Dondozo\n|-damage|p1a: Dondozo|4\/100\n|-boost|p2b: Dondozo|atk|1\n|\n|-heal|p1a: Dondozo|10\/100|[from] item: Leftovers\n|upkeep\n|turn|7\n|\n|t:|1681933103\n|move|p1a: Dondozo|Order Up|p2b: Dondozo\n|-damage|p2b: Dondozo|52\/100\n|-boost|p1a: Dondozo|atk|0\n|move|p2b: Dondozo|Earthquake|p1a: Dondozo|[spread] p1a\n|-miss|p2b: Dondozo|p2a: Tatsugiri\n|-miss|p2b: Dondozo|p1b: Tatsugiri\n|-damage|p1a: Dondozo|0 fnt\n|faint|p1a: Dondozo\n|\n|upkeep\n|\n|t:|1681933119\n|switch|p1a: Dragonite|Dragonite, L50, M|50\/100\n|turn|8\n|\n|t:|1681933137\n|-terastallize|p1a: Dragonite|Flying\n|move|p1b: Tatsugiri|Draco Meteor|p2b: Dondozo\n|-crit|p2b: Dondozo\n|-damage|p2b: Dondozo|0 fnt\n|-unboost|p1b: Tatsugiri|spa|2\n|faint|p2b: Dondozo\n|move|p1a: Dragonite|Tera Blast|p2a: Tatsugiri\n|-damage|p2a: Tatsugiri|1\/100\n|\n|upkeep\n|\n|t:|1681933160\n|switch|p2b: Torkoal|Torkoal, L50, F|100\/100\n|-weather|SunnyDay|[from] ability: Drought|[of] p2b: Torkoal\n|turn|9\n|\n|t:|1681933166\n|switch|p1b: Orthworm|Orthworm, L50, M|75\/100\n|move|p2b: Torkoal|Protect|p2b: Torkoal\n|-singleturn|p2b: Torkoal|Protect\n|move|p1a: Dragonite|Earthquake|p2a: Tatsugiri|[spread] p2a\n|-activate|p2b: Torkoal|move: Protect\n|-heal|p1b: Orthworm|100\/100|[from] ability: Earth Eater|[of] p1a: Dragonite\n|-damage|p2a: Tatsugiri|0 fnt\n|faint|p2a: Tatsugiri\n|\n|-weather|SunnyDay|[upkeep]\n|upkeep\n|\n|t:|1681933173\n|switch|p2a: Lilligant|Lilligant, L50, F|100\/100\n|turn|10\n|\n|t:|1681933187\n|switch|p1b: Tatsugiri|Tatsugiri, L50, M|100\/100\n|-terastallize|p2b: Torkoal|Fire\n|move|p2a: Lilligant|After You|p2b: Torkoal\n|-activate|p2b: Torkoal|move: After You\n|move|p2b: Torkoal|Eruption|p1b: Tatsugiri|[spread] p1a,p1b\n|-resisted|p1b: Tatsugiri\n|-damage|p1a: Dragonite|0 fnt\n|-damage|p1b: Tatsugiri|61\/100\n|faint|p1a: Dragonite\n|\n|-weather|SunnyDay|[upkeep]\n|upkeep\n|\n|t:|1681933197\n|switch|p1a: Orthworm|Orthworm, L50, M|100\/100\n|turn|11\n|\n|t:|1681933219\n|move|p2a: Lilligant|After You|p2b: Torkoal\n|-activate|p2b: Torkoal|move: After You\n|move|p2b: Torkoal|Eruption|p1a: Orthworm|[spread] p1a,p1b\n|-supereffective|p1a: Orthworm\n|-resisted|p1b: Tatsugiri\n|-damage|p1a: Orthworm|0 fnt\n|-damage|p1b: Tatsugiri|24\/100\n|faint|p1a: Orthworm\n|move|p1b: Tatsugiri|Muddy Water|p2a: Lilligant|[spread] p2a,p2b\n|-resisted|p2a: Lilligant\n|-supereffective|p2b: Torkoal\n|-damage|p2a: Lilligant|87\/100\n|-damage|p2b: Torkoal|56\/100\n|\n|-weather|SunnyDay|[upkeep]\n|upkeep\n|turn|12\n|\n|t:|1681933229\n|move|p2a: Lilligant|Leaf Storm|p1b: Tatsugiri\n|-damage|p1b: Tatsugiri|0 fnt\n|-unboost|p2a: Lilligant|spa|2\n|faint|p1b: Tatsugiri\n|\n|win|Yoyoyogogogo\n|raw|vyxl's rating: 1313 → 1294<\/strong> (-19 for losing)\n|raw|Yoyoyogogogo's rating: 1326 → 1345<\/strong> (+19 for winning)\n|c|\u2606vyxl|gg wp\n","uploadtime":1681933237,"views":42,"p1id":"vyxl","p2id":"yoyoyogogogo","formatid":"gen9vgc2023regulationc","rating":1294,"private":0,"password":""}