{"id":"gen9vgc2023regulationc-1849492355","p1":"drewilliams10","p2":"Xepher008","format":"[Gen 9] VGC 2023 Regulation C","log":"|j|\u2606drewilliams10\n|j|\u2606Xepher008\n|t:|1682204880\n|gametype|doubles\n|player|p1|drewilliams10|dancer|1208\n|player|p2|Xepher008|101|1134\n|teamsize|p1|6\n|teamsize|p2|6\n|gen|9\n|tier|[Gen 9] VGC 2023 Regulation C\n|rated|\n|rule|Species Clause: Limit one of each Pok\u00e9mon\n|rule|Item Clause: Limit one of each item\n|clearpoke\n|poke|p1|Roaring Moon, L50|\n|poke|p1|Talonflame, L50, M|\n|poke|p1|Indeedee-F, L50, F|\n|poke|p1|Armarouge, L50, M|\n|poke|p1|Palafin, L50, M|\n|poke|p1|Garganacl, L50, F|\n|poke|p2|Flutter Mane, L50|\n|poke|p2|Gastrodon, L50, F|\n|poke|p2|Chi-Yu, L50|\n|poke|p2|Chien-Pao, L50|\n|poke|p2|Dragonite, L50, F|\n|poke|p2|Amoonguss, L50, F|\n|teampreview|4\n|\n|t:|1682204898\n|start\n|switch|p1a: Talonflame|Talonflame, L50, M|100\/100\n|switch|p1b: Roaring Moon|Roaring Moon, L50|100\/100\n|switch|p2a: Chi-Yu|Chi-Yu, L50|100\/100\n|switch|p2b: Flutter Mane|Flutter Mane, L50|100\/100\n|-ability|p2a: Chi-Yu|Beads of Ruin\n|turn|1\n|\n|t:|1682204919\n|-terastallize|p1b: Roaring Moon|Fire\n|move|p1a: Talonflame|Tailwind|p1a: Talonflame\n|-sidestart|p1: drewilliams10|move: Tailwind\n|move|p1b: Roaring Moon|Iron Head|p2b: Flutter Mane\n|-supereffective|p2b: Flutter Mane\n|-damage|p2b: Flutter Mane|0 fnt\n|faint|p2b: Flutter Mane\n|-end|p2b: Flutter Mane|Protosynthesis|[silent]\n|move|p2a: Chi-Yu|Heat Wave|p1b: Roaring Moon|[spread] p1a,p1b\n|-resisted|p1a: Talonflame\n|-resisted|p1b: Roaring Moon\n|-damage|p1a: Talonflame|68\/100\n|-damage|p1b: Roaring Moon|75\/100\n|\n|upkeep\n|\n|t:|1682204932\n|switch|p2b: Gastrodon|Gastrodon, L50, F|100\/100\n|turn|2\n|\n|t:|1682204952\n|switch|p1a: Palafin|Palafin, L50, M|100\/100\n|move|p1b: Roaring Moon|Throat Chop|p2b: Gastrodon\n|-damage|p2b: Gastrodon|56\/100\n|-start|p2b: Gastrodon|Throat Chop|[silent]\n|move|p2a: Chi-Yu|Snarl|p1b: Roaring Moon|[spread] p1a,p1b\n|-damage|p1a: Palafin|66\/100\n|-damage|p1b: Roaring Moon|46\/100\n|-unboost|p1a: Palafin|spa|1\n|move|p2b: Gastrodon|Muddy Water|p1b: Roaring Moon|[spread] p1a,p1b\n|-resisted|p1a: Palafin\n|-supereffective|p1b: Roaring Moon\n|-damage|p1a: Palafin|42\/100\n|-damage|p1b: Roaring Moon|0 fnt\n|-unboost|p1a: Palafin|accuracy|1\n|faint|p1b: Roaring Moon\n|-end|p1b: Roaring Moon|Protosynthesis|[silent]\n|\n|upkeep\n|\n|t:|1682204969\n|switch|p1b: Garganacl|Garganacl, L50, F|100\/100\n|turn|3\n|\n|t:|1682204987\n|detailschange|p1a: Palafin|Palafin-Hero, L50, M\n|switch|p1a: Talonflame|Talonflame, L50, M|68\/100\n|move|p2a: Chi-Yu|Dark Pulse|p1b: Garganacl\n|-damage|p1b: Garganacl|59\/100\n|move|p1b: Garganacl|Salt Cure|p2b: Gastrodon\n|-resisted|p2b: Gastrodon\n|-damage|p2b: Gastrodon|47\/100\n|-start|p2b: Gastrodon|Salt Cure\n|move|p2b: Gastrodon|Earth Power|p1b: Garganacl\n|-supereffective|p1b: Garganacl\n|-damage|p1b: Garganacl|0 fnt\n|faint|p1b: Garganacl\n|\n|-damage|p2b: Gastrodon|23\/100|[from] Salt Cure\n|-end|p2b: Gastrodon|Throat Chop|[silent]\n|upkeep\n|\n|t:|1682205004\n|switch|p1b: Palafin|Palafin-Hero, L50, M|42\/100\n|-activate|p1b: Palafin|ability: Zero to Hero\n|turn|4\n|\n|t:|1682205033\n|-terastallize|p2b: Gastrodon|Fire\n|move|p1a: Talonflame|Protect|p1a: Talonflame\n|-singleturn|p1a: Talonflame|Protect\n|move|p1b: Palafin|Protect|p1b: Palafin\n|-singleturn|p1b: Palafin|Protect\n|move|p2b: Gastrodon|Protect|p2b: Gastrodon\n|-singleturn|p2b: Gastrodon|Protect\n|move|p2a: Chi-Yu|Dark Pulse|p1b: Palafin\n|-activate|p1b: Palafin|move: Protect\n|\n|-damage|p2b: Gastrodon|10\/100|[from] Salt Cure\n|-sideend|p1: drewilliams10|move: Tailwind\n|upkeep\n|turn|5\n|\n|t:|1682205067\n|switch|p2b: Amoonguss|Amoonguss, L50, F|100\/100\n|move|p2a: Chi-Yu|Protect|p2a: Chi-Yu\n|-singleturn|p2a: Chi-Yu|Protect\n|move|p1b: Palafin|Protect||[still]\n|-fail|p1b: Palafin\n|move|p1a: Talonflame|Brave Bird|p2b: Amoonguss\n|-supereffective|p2b: Amoonguss\n|-damage|p2b: Amoonguss|40\/100\n|-damage|p1a: Talonflame|52\/100|[from] item: Rocky Helmet|[of] p2b: Amoonguss\n|-damage|p1a: Talonflame|28\/100|[from] Recoil\n|\n|upkeep\n|turn|6\n|\n|t:|1682205097\n|move|p2b: Amoonguss|Rage Powder|p2b: Amoonguss\n|-singleturn|p2b: Amoonguss|move: Rage Powder\n|move|p1b: Palafin|Jet Punch|p2a: Chi-Yu\n|-supereffective|p2a: Chi-Yu\n|-damage|p2a: Chi-Yu|0 fnt\n|faint|p2a: Chi-Yu\n|move|p1a: Talonflame|Brave Bird|p2b: Amoonguss\n|-supereffective|p2b: Amoonguss\n|-damage|p2b: Amoonguss|0 fnt\n|-damage|p1a: Talonflame|12\/100|[from] item: Rocky Helmet|[of] p2b: Amoonguss\n|faint|p2b: Amoonguss\n|-damage|p1a: Talonflame|0 fnt|[from] Recoil\n|faint|p1a: Talonflame\n|\n|upkeep\n|\n|t:|1682205115\n|switch|p2b: Gastrodon|Gastrodon, L50, F, tera:Fire|10\/100\n|turn|7\n|\n|t:|1682205121\n|move|p1b: Palafin|Protect|p1b: Palafin\n|-singleturn|p1b: Palafin|Protect\n|move|p2b: Gastrodon|Recover|p2b: Gastrodon\n|-heal|p2b: Gastrodon|60\/100\n|\n|upkeep\n|turn|8\n|-message|drewilliams10 forfeited.\n|\n|win|Xepher008\n|raw|drewilliams10's rating: 1208 → 1178<\/strong> (-30 for losing)\n|raw|Xepher008's rating: 1134 → 1164<\/strong> (+30 for winning)\n|l|\u2606drewilliams10\n","uploadtime":1682205139,"views":4,"p1id":"drewilliams10","p2id":"xepher008","formatid":"gen9vgc2023regulationc","rating":1164,"private":0,"password":""}