{"id":"gen9vgc2023regulationc-1845872312","p1":"Disobedient_vgc","p2":"R34LCOSMO","format":"[Gen 9] VGC 2023 Regulation C","log":"|j|\u2606Disobedient_vgc\n|j|\u2606R34LCOSMO\n|t:|1681773780\n|gametype|doubles\n|player|p1|Disobedient_vgc|palmer|1094\n|player|p2|R34LCOSMO|doubleteam|1105\n|teamsize|p1|6\n|teamsize|p2|6\n|gen|9\n|tier|[Gen 9] VGC 2023 Regulation C\n|rated|\n|rule|Species Clause: Limit one of each Pok\u00e9mon\n|rule|Item Clause: Limit one of each item\n|clearpoke\n|poke|p1|Haxorus, L50, M|\n|poke|p1|Ting-Lu, L50|\n|poke|p1|Palafin, L50, F|\n|poke|p1|Amoonguss, L50, F|\n|poke|p1|Arcanine, L50, M|\n|poke|p1|Flutter Mane, L50|\n|poke|p2|Great Tusk, L50|\n|poke|p2|Grimmsnarl, L50, M|\n|poke|p2|Flutter Mane, L50|\n|poke|p2|Rotom-Wash, L50|\n|poke|p2|Kingambit, L50, F|\n|poke|p2|Arcanine, L50, M|\n|teampreview|4\n|\n|t:|1681773816\n|start\n|switch|p1a: Palafin|Palafin, L50, F, shiny|100\/100\n|switch|p1b: Arcanine|Arcanine, L50, M, shiny|100\/100\n|switch|p2a: Rotom|Rotom-Wash, L50, shiny|100\/100\n|switch|p2b: Great Tusk|Great Tusk, L50|100\/100\n|-ability|p1b: Arcanine|Intimidate|boost\n|-unboost|p2a: Rotom|atk|1\n|-unboost|p2b: Great Tusk|atk|1\n|turn|1\n|\n|t:|1681773839\n|move|p1a: Palafin|Flip Turn|p2b: Great Tusk\n|-supereffective|p2b: Great Tusk\n|-damage|p2b: Great Tusk|60\/100\n|\n|t:|1681773844\n|detailschange|p1a: Palafin|Palafin-Hero, L50, F, shiny\n|switch|p1a: Flutter Mane|Flutter Mane, L50, shiny|100\/100|[from] Flip Turn\n|move|p1b: Arcanine|Snarl|p2b: Great Tusk|[spread] p2a,p2b\n|-resisted|p2b: Great Tusk\n|-damage|p2a: Rotom|89\/100\n|-damage|p2b: Great Tusk|56\/100\n|-unboost|p2a: Rotom|spa|1\n|-unboost|p2b: Great Tusk|spa|1\n|move|p2b: Great Tusk|Headlong Rush|p1b: Arcanine\n|-supereffective|p1b: Arcanine\n|-damage|p1b: Arcanine|6\/100\n|-unboost|p2b: Great Tusk|def|1\n|-unboost|p2b: Great Tusk|spd|1\n|move|p2a: Rotom|Volt Switch|p1a: Flutter Mane\n|-damage|p1a: Flutter Mane|77\/100\n|\n|t:|1681773861\n|switch|p2a: Kingambit|Kingambit, L50, F|100\/100|[from] Volt Switch\n|\n|upkeep\n|turn|2\n|\n|t:|1681773884\n|-end|p2b: Great Tusk|Protosynthesis|[silent]\n|switch|p2b: Flutter Mane|Flutter Mane, L50|100\/100\n|-terastallize|p2a: Kingambit|Fire\n|move|p1a: Flutter Mane|Protect|p1a: Flutter Mane\n|-singleturn|p1a: Flutter Mane|Protect\n|move|p1b: Arcanine|Will-O-Wisp|p2a: Kingambit\n|-immune|p2a: Kingambit\n|move|p2a: Kingambit|Iron Head|p1a: Flutter Mane\n|-activate|p1a: Flutter Mane|move: Protect\n|\n|upkeep\n|turn|3\n|\n|t:|1681773903\n|move|p1b: Arcanine|Helping Hand|p1a: Flutter Mane\n|-singleturn|p1a: Flutter Mane|Helping Hand|[of] p1b: Arcanine\n|move|p1a: Flutter Mane|Shadow Ball|p2a: Kingambit\n|-damage|p2a: Kingambit|40\/100\n|move|p2b: Flutter Mane|Dazzling Gleam|p1a: Flutter Mane|[spread] p1a,p1b\n|-resisted|p1b: Arcanine\n|-crit|p1b: Arcanine\n|-damage|p1a: Flutter Mane|41\/100\n|-damage|p1b: Arcanine|0 fnt\n|faint|p1b: Arcanine\n|move|p2a: Kingambit|Iron Head|p1a: Flutter Mane\n|-supereffective|p1a: Flutter Mane\n|-damage|p1a: Flutter Mane|0 fnt\n|faint|p1a: Flutter Mane\n|-end|p1a: Flutter Mane|Protosynthesis|[silent]\n|\n|-heal|p2a: Kingambit|45\/100|[from] item: Leftovers\n|upkeep\n|\n|t:|1681773918\n|switch|p1a: Haxorus|Haxorus, L50, M, shiny|100\/100\n|switch|p1b: Palafin|Palafin-Hero, L50, F, shiny|100\/100\n|-activate|p1b: Palafin|ability: Zero to Hero\n|-ability|p1a: Haxorus|Mold Breaker\n|turn|4\n|\n|t:|1681773933\n|-terastallize|p1a: Haxorus|Fire\n|move|p2a: Kingambit|Protect|p2a: Kingambit\n|-singleturn|p2a: Kingambit|Protect\n|move|p1b: Palafin|Jet Punch|p2a: Kingambit\n|-activate|p2a: Kingambit|move: Protect\n|move|p2b: Flutter Mane|Dazzling Gleam|p1b: Palafin|[spread] p1a,p1b\n|-resisted|p1a: Haxorus\n|-damage|p1a: Haxorus|77\/100\n|-damage|p1b: Palafin|63\/100\n|move|p1a: Haxorus|Dragon Dance|p1a: Haxorus\n|-boost|p1a: Haxorus|atk|1\n|-boost|p1a: Haxorus|spe|1\n|\n|-heal|p2a: Kingambit|51\/100|[from] item: Leftovers\n|upkeep\n|turn|5\n|\n|t:|1681773961\n|switch|p2a: Rotom|Rotom-Wash, L50, shiny|89\/100\n|move|p1b: Palafin|Jet Punch|p2b: Flutter Mane\n|-enditem|p2b: Flutter Mane|Focus Sash\n|-damage|p2b: Flutter Mane|1\/100\n|move|p2b: Flutter Mane|Dazzling Gleam|p1a: Haxorus|[spread] p1a,p1b\n|-resisted|p1a: Haxorus\n|-damage|p1a: Haxorus|56\/100\n|-damage|p1b: Palafin|28\/100\n|move|p1a: Haxorus|Rock Slide|p2a: Rotom|[spread] p2a,p2b\n|-damage|p2a: Rotom|31\/100\n|-damage|p2b: Flutter Mane|0 fnt\n|-enditem|p2a: Rotom|Sitrus Berry|[eat]\n|-heal|p2a: Rotom|55\/100|[from] item: Sitrus Berry\n|faint|p2b: Flutter Mane\n|-end|p2b: Flutter Mane|Protosynthesis|[silent]\n|-damage|p1a: Haxorus|46\/100|[from] item: Life Orb\n|\n|upkeep\n|\n|t:|1681773981\n|switch|p2b: Great Tusk|Great Tusk, L50|56\/100\n|turn|6\n|\n|t:|1681773995\n|move|p1b: Palafin|Jet Punch|p2b: Great Tusk\n|-supereffective|p2b: Great Tusk\n|-damage|p2b: Great Tusk|0 fnt\n|faint|p2b: Great Tusk\n|-end|p2b: Great Tusk|Protosynthesis|[silent]\n|move|p1a: Haxorus|Tera Blast|p2a: Rotom\n|-resisted|p2a: Rotom\n|-damage|p2a: Rotom|0 fnt\n|faint|p2a: Rotom\n|-damage|p1a: Haxorus|37\/100|[from] item: Life Orb\n|\n|upkeep\n|\n|t:|1681774006\n|switch|p2b: Kingambit|Kingambit, L50, F, tera:Fire|51\/100\n|turn|7\n|\n|t:|1681774013\n|move|p2b: Kingambit|Protect|p2b: Kingambit\n|-singleturn|p2b: Kingambit|Protect\n|move|p1b: Palafin|Jet Punch|p2b: Kingambit\n|-activate|p2b: Kingambit|move: Protect\n|move|p1a: Haxorus|Rock Slide|p2b: Kingambit\n|-activate|p2b: Kingambit|move: Protect\n|\n|-heal|p2b: Kingambit|57\/100|[from] item: Leftovers\n|upkeep\n|turn|8\n|\n|t:|1681774027\n|move|p1b: Palafin|Jet Punch|p2b: Kingambit\n|-supereffective|p2b: Kingambit\n|-damage|p2b: Kingambit|0 fnt\n|faint|p2b: Kingambit\n|\n|win|Disobedient_vgc\n|raw|Disobedient_vgc's rating: 1094 → 1121<\/strong> (+27 for winning)\n|raw|R34LCOSMO's rating: 1105 → 1079<\/strong> (-26 for losing)\n|l|\u2606R34LCOSMO\n","uploadtime":1681774040,"views":13,"p1id":"disobedientvgc","p2id":"r34lcosmo","formatid":"gen9vgc2023regulationc","rating":1079,"private":0,"password":""}