{"id":"gen9vgc2023regulationc-1860943267","p1":"NoodleDude2355","p2":"VillainValiant","format":"[Gen 9] VGC 2023 Regulation C","log":"|j|\u2606NoodleDude2355\n|j|\u2606VillainValiant\n|t:|1683700404\n|gametype|doubles\n|player|p1|NoodleDude2355|bruno|1177\n|player|p2|VillainValiant|clair|1245\n|teamsize|p1|6\n|teamsize|p2|6\n|gen|9\n|tier|[Gen 9] VGC 2023 Regulation C\n|rated|\n|rule|Species Clause: Limit one of each Pok\u00e9mon\n|rule|Item Clause: Limit one of each item\n|clearpoke\n|poke|p1|Haxorus, L50, F|\n|poke|p1|Talonflame, L50, M|\n|poke|p1|Ting-Lu, L50|\n|poke|p1|Gyarados, L50, F|\n|poke|p1|Flutter Mane, L50|\n|poke|p1|Roaring Moon, L50|\n|poke|p2|Chien-Pao, L50|\n|poke|p2|Amoonguss, L50, F|\n|poke|p2|Iron Valiant, L50|\n|poke|p2|Arcanine, L50, F|\n|poke|p2|Iron Bundle, L50|\n|poke|p2|Chi-Yu, L50|\n|teampreview|4\n|inactive|Battle timer is ON: inactive players will automatically lose when time's up. (requested by VillainValiant)\nVillainValiant has agreed to open team sheets.\n|inactive|NoodleDude2355 has 60 seconds left.\n|inactive|VillainValiant has 60 seconds left.\n|\n|t:|1683700457\n|start\n|switch|p1a: Talonflame|Talonflame, L50, M|100\/100\n|switch|p1b: Haxorus|Haxorus, L50, F|100\/100\n|switch|p2a: Iron Bundle|Iron Bundle, L50|100\/100\n|switch|p2b: Chi-Yu|Chi-Yu, L50|100\/100\n|-ability|p2b: Chi-Yu|Beads of Ruin\n|-enditem|p2a: Iron Bundle|Booster Energy\n|-activate|p2a: Iron Bundle|ability: Quark Drive|[fromitem]\n|-start|p2a: Iron Bundle|quarkdrivespe\n|turn|1\n|inactive|VillainValiant has 30 seconds left.\n|\n|t:|1683700486\n|move|p1a: Talonflame|Tailwind|p1a: Talonflame\n|-sidestart|p1: NoodleDude2355|move: Tailwind\n|move|p1b: Haxorus|Earthquake|p2a: Iron Bundle|[spread] p2a,p2b\n|-immune|p1a: Talonflame\n|-supereffective|p2b: Chi-Yu\n|-damage|p2a: Iron Bundle|52\/100\n|-damage|p2b: Chi-Yu|0 fnt\n|faint|p2b: Chi-Yu\n|move|p2a: Iron Bundle|Freeze-Dry|p1b: Haxorus\n|-supereffective|p1b: Haxorus\n|-damage|p1b: Haxorus|0 fnt\n|faint|p1b: Haxorus\n|\n|upkeep\n|\n|t:|1683700502\n|switch|p1b: Gyarados|Gyarados, L50, F|100\/100\n|switch|p2b: Amoonguss|Amoonguss, L50, F|100\/100\n|-ability|p1b: Gyarados|Intimidate|boost\n|-unboost|p2a: Iron Bundle|atk|1\n|-unboost|p2b: Amoonguss|atk|1\n|turn|2\n|\n|t:|1683700524\n|move|p2a: Iron Bundle|Protect|p2a: Iron Bundle\n|-singleturn|p2a: Iron Bundle|Protect\n|move|p2b: Amoonguss|Protect|p2b: Amoonguss\n|-singleturn|p2b: Amoonguss|Protect\n|move|p1a: Talonflame|Brave Bird|p2a: Iron Bundle\n|-activate|p2a: Iron Bundle|move: Protect\n|move|p1b: Gyarados|Taunt|p2b: Amoonguss\n|-activate|p2b: Amoonguss|move: Protect\n|\n|upkeep\n|turn|3\n|\n|t:|1683700544\n|-terastallize|p2b: Amoonguss|Water\n|move|p2b: Amoonguss|Rage Powder|p2b: Amoonguss\n|-singleturn|p2b: Amoonguss|move: Rage Powder\n|move|p1a: Talonflame|Brave Bird|p2b: Amoonguss\n|-damage|p2b: Amoonguss|53\/100\n|-damage|p1a: Talonflame|79\/100|[from] Recoil\n|-damage|p1a: Talonflame|69\/100|[from] item: Life Orb\n|move|p2a: Iron Bundle|Freeze-Dry|p1b: Gyarados\n|-supereffective|p1b: Gyarados\n|-enditem|p1b: Gyarados|Yache Berry|[eat]\n|-enditem|p1b: Gyarados|Yache Berry|[weaken]\n|-damage|p1b: Gyarados|55\/100\n|move|p1b: Gyarados|Taunt|p2b: Amoonguss\n|-start|p2b: Amoonguss|move: Taunt\n|\n|upkeep\n|turn|4\n|inactive|NoodleDude2355 has 30 seconds left.\n|\n|t:|1683700573\n|move|p1b: Gyarados|Protect|p1b: Gyarados\n|-singleturn|p1b: Gyarados|Protect\n|move|p1a: Talonflame|Brave Bird|p2b: Amoonguss\n|-damage|p2b: Amoonguss|4\/100\n|-enditem|p2b: Amoonguss|Wiki Berry|[eat]\n|-heal|p2b: Amoonguss|37\/100|[from] item: Wiki Berry\n|-damage|p1a: Talonflame|48\/100|[from] Recoil\n|-damage|p1a: Talonflame|38\/100|[from] item: Life Orb\n|move|p2a: Iron Bundle|Freeze-Dry|p1b: Gyarados\n|-activate|p1b: Gyarados|move: Protect\n|move|p2b: Amoonguss|Pollen Puff|p2a: Iron Bundle\n|-heal|p2a: Iron Bundle|100\/100\n|\n|-sideend|p1: NoodleDude2355|move: Tailwind\n|upkeep\n|turn|5\n|\n|t:|1683700593\n|move|p2a: Iron Bundle|Hydro Pump|p1a: Talonflame\n|-supereffective|p1a: Talonflame\n|-damage|p1a: Talonflame|0 fnt\n|faint|p1a: Talonflame\n|move|p1b: Gyarados|Thunder Wave|p2a: Iron Bundle\n|-status|p2a: Iron Bundle|par\n|move|p2b: Amoonguss|Pollen Puff|p2a: Iron Bundle\n|-immune|p2a: Iron Bundle\n|\n|upkeep\n|\n|t:|1683700604\n|switch|p1a: Ting-Lu|Ting-Lu, L50|100\/100\n|-ability|p1a: Ting-Lu|Vessel of Ruin\n|turn|6\n|\n|t:|1683700618\n|switch|p2b: Iron Valiant|Iron Valiant, L50|100\/100\n|-terastallize|p1a: Ting-Lu|Fairy\n|move|p2a: Iron Bundle|Freeze-Dry|p1b: Gyarados\n|-supereffective|p1b: Gyarados\n|-damage|p1b: Gyarados|0 fnt\n|faint|p1b: Gyarados\n|move|p1a: Ting-Lu|Fissure|p2a: Iron Bundle|[miss]\n|-miss|p1a: Ting-Lu|p2a: Iron Bundle\n|\n|upkeep\n|turn|7\n|c|\u2606VillainValiant|man\n|inactive|VillainValiant has 30 seconds left.\n|c|\u2606NoodleDude2355|?\n|\n|t:|1683700648\n|move|p2b: Iron Valiant|Moonblast|p1a: Ting-Lu\n|-damage|p1a: Ting-Lu|88\/100\n|move|p2a: Iron Bundle|Icy Wind|p1a: Ting-Lu\n|-damage|p1a: Ting-Lu|80\/100\n|-unboost|p1a: Ting-Lu|spe|1\n|move|p1a: Ting-Lu|Fissure|p2b: Iron Valiant\n|-damage|p2b: Iron Valiant|0 fnt\n|faint|p2b: Iron Valiant\n|-end|p2b: Iron Valiant|Quark Drive|[silent]\n|-ohko\n|\n|upkeep\n|c|\u2606VillainValiant|not much\n|c|\u2606NoodleDude2355|boi\n|c|\u2606VillainValiant|just a little irritating to face fissure\n|\n|t:|1683700664\n|switch|p2b: Amoonguss|Amoonguss, L50, F, tera:Water|71\/100\n|turn|8\n|\n|t:|1683700678\n|cant|p2a: Iron Bundle|par\n|move|p1a: Ting-Lu|Fissure|p2a: Iron Bundle\n|-damage|p2a: Iron Bundle|0 fnt\n|faint|p2a: Iron Bundle\n|-end|p2a: Iron Bundle|Quark Drive|[silent]\n|-ohko\n|move|p2b: Amoonguss|Spore|p1a: Ting-Lu\n|-status|p1a: Ting-Lu|slp|[from] move: Spore\n|\n|upkeep\n|turn|9\n|c|\u2606NoodleDude2355|o the k to the o\n|\n|t:|1683700690\n|cant|p1a: Ting-Lu|slp\n|move|p2b: Amoonguss|Pollen Puff|p1a: Ting-Lu\n|-resisted|p1a: Ting-Lu\n|-damage|p1a: Ting-Lu|77\/100 slp\n|\n|upkeep\n|turn|10\n|\n|t:|1683700697\n|cant|p1a: Ting-Lu|slp\n|move|p2b: Amoonguss|Pollen Puff|p1a: Ting-Lu\n|-resisted|p1a: Ting-Lu\n|-damage|p1a: Ting-Lu|74\/100 slp\n|\n|upkeep\n|turn|11\n|\n|t:|1683700704\n|cant|p1a: Ting-Lu|slp\n|move|p2b: Amoonguss|Pollen Puff|p1a: Ting-Lu\n|-resisted|p1a: Ting-Lu\n|-damage|p1a: Ting-Lu|71\/100 slp\n|\n|upkeep\n|turn|12\n|\n|t:|1683700711\n|-curestatus|p1a: Ting-Lu|slp|[msg]\n|move|p1a: Ting-Lu|Fissure|p2b: Amoonguss|[miss]\n|-miss|p1a: Ting-Lu|p2b: Amoonguss\n|move|p2b: Amoonguss|Pollen Puff|p1a: Ting-Lu\n|-resisted|p1a: Ting-Lu\n|-damage|p1a: Ting-Lu|69\/100\n|\n|upkeep\n|turn|13\n|\n|t:|1683700721\n|move|p1a: Ting-Lu|Fissure|p2b: Amoonguss|[miss]\n|-miss|p1a: Ting-Lu|p2b: Amoonguss\n|move|p2b: Amoonguss|Spore|p1a: Ting-Lu\n|-status|p1a: Ting-Lu|slp|[from] move: Spore\n|\n|upkeep\n|turn|14\n|\n|t:|1683700725\n|cant|p1a: Ting-Lu|slp\n|move|p2b: Amoonguss|Pollen Puff|p1a: Ting-Lu\n|-resisted|p1a: Ting-Lu\n|-damage|p1a: Ting-Lu|66\/100 slp\n|\n|upkeep\n|turn|15\n|\n|t:|1683700732\n|cant|p1a: Ting-Lu|slp\n|move|p2b: Amoonguss|Pollen Puff|p1a: Ting-Lu\n|-resisted|p1a: Ting-Lu\n|-damage|p1a: Ting-Lu|63\/100 slp\n|\n|upkeep\n|turn|16\n|\n|t:|1683700735\n|cant|p1a: Ting-Lu|slp\n|move|p2b: Amoonguss|Pollen Puff|p1a: Ting-Lu\n|-resisted|p1a: Ting-Lu\n|-damage|p1a: Ting-Lu|61\/100 slp\n|\n|upkeep\n|turn|17\n|\n|t:|1683700747\n|-curestatus|p1a: Ting-Lu|slp|[msg]\n|move|p1a: Ting-Lu|Fissure|p2b: Amoonguss|[miss]\n|-miss|p1a: Ting-Lu|p2b: Amoonguss\n|move|p2b: Amoonguss|Spore|p1a: Ting-Lu\n|-status|p1a: Ting-Lu|slp|[from] move: Spore\n|\n|upkeep\n|turn|18\n|\n|t:|1683700755\n|cant|p1a: Ting-Lu|slp\n|move|p2b: Amoonguss|Pollen Puff|p1a: Ting-Lu\n|-resisted|p1a: Ting-Lu\n|-damage|p1a: Ting-Lu|58\/100 slp\n|\n|upkeep\n|turn|19\n|\n|t:|1683700761\n|-curestatus|p1a: Ting-Lu|slp|[msg]\n|move|p1a: Ting-Lu|Fissure|p2b: Amoonguss\n|-damage|p2b: Amoonguss|0 fnt\n|faint|p2b: Amoonguss\n|-ohko\n|\n|win|NoodleDude2355\n|raw|NoodleDude2355's rating: 1177 → 1207<\/strong> (+30 for winning)\n|raw|VillainValiant's rating: 1245 → 1215<\/strong> (-30 for losing)\n|c|\u2606NoodleDude2355|gg\n|c|\u2606VillainValiant|gg\n","uploadtime":1683700774,"views":13,"p1id":"noodledude2355","p2id":"villainvaliant","formatid":"gen9vgc2023regulationc","rating":1207,"private":0,"password":""}