{"id":"gen9vgc2023regulationc-1853238483","p1":"dgdslkgjdskljg","p2":"mathtass","format":"[Gen 9] VGC 2023 Regulation C","log":"|j|\u2606dgdslkgjdskljg\n|j|\u2606mathtass\n|t:|1682653052\n|gametype|doubles\n|player|p1|dgdslkgjdskljg|101|1442\n|player|p2|mathtass|101|1380\n|teamsize|p1|6\n|teamsize|p2|6\n|gen|9\n|tier|[Gen 9] VGC 2023 Regulation C\n|rated|\n|rule|Species Clause: Limit one of each Pok\u00e9mon\n|rule|Item Clause: Limit one of each item\n|clearpoke\n|poke|p1|Orthworm, L50, F|\n|poke|p1|Dragonite, L50, F|\n|poke|p1|Ting-Lu, L50|\n|poke|p1|Gyarados, L50, M|\n|poke|p1|Flutter Mane, L50|\n|poke|p1|Chien-Pao, L50|\n|poke|p2|Ting-Lu, L50|\n|poke|p2|Iron Bundle, L50|\n|poke|p2|Baxcalibur, L50, M|\n|poke|p2|Flutter Mane, L50|\n|poke|p2|Orthworm, L50, M|\n|poke|p2|Amoonguss, L50, F|\n|teampreview|4\nmathtass has agreed to open team sheets.\ndgdslkgjdskljg has agreed to open team sheets.\n|inactive|Battle timer is ON: inactive players will automatically lose when time's up. (requested by dgdslkgjdskljg)\n|\n|t:|1682653105\n|start\n|switch|p1a: Ting-Lu|Ting-Lu, L50|100\/100\n|switch|p1b: Orthworm|Orthworm, L50, F|100\/100\n|switch|p2a: Ting-Lu|Ting-Lu, L50|100\/100\n|switch|p2b: Orthworm|Orthworm, L50, M, shiny|100\/100\n|-ability|p1a: Ting-Lu|Vessel of Ruin\n|-ability|p2a: Ting-Lu|Vessel of Ruin\n|turn|1\n|\n|t:|1682653120\n|switch|p1a: Gyarados|Gyarados, L50, M|100\/100\n|-ability|p1a: Gyarados|Intimidate|boost\n|-unboost|p2a: Ting-Lu|atk|1\n|-unboost|p2b: Orthworm|atk|1\n|move|p1b: Orthworm|Iron Defense|p1b: Orthworm\n|-boost|p1b: Orthworm|def|2\n|move|p2b: Orthworm|Iron Defense|p2b: Orthworm\n|-boost|p2b: Orthworm|def|2\n|move|p2a: Ting-Lu|Fissure|p1b: Orthworm\n|-immune|p1b: Orthworm|[from] ability: Earth Eater\n|\n|upkeep\n|turn|2\n|\n|t:|1682653143\n|-terastallize|p2a: Ting-Lu|Poison\n|move|p1a: Gyarados|Waterfall|p2a: Ting-Lu\n|-damage|p2a: Ting-Lu|81\/100\n|move|p1b: Orthworm|Body Press|p2a: Ting-Lu\n|-resisted|p2a: Ting-Lu\n|-damage|p2a: Ting-Lu|65\/100\n|move|p2b: Orthworm|Iron Defense|p2b: Orthworm\n|-boost|p2b: Orthworm|def|2\n|move|p2a: Ting-Lu|Fissure|p1b: Orthworm\n|-immune|p1b: Orthworm|[from] ability: Earth Eater\n|\n|upkeep\n|turn|3\n|\n|t:|1682653165\n|move|p1a: Gyarados|Thunder Wave|p2b: Orthworm\n|-status|p2b: Orthworm|par\n|move|p1b: Orthworm|Iron Defense|p1b: Orthworm\n|-boost|p1b: Orthworm|def|2\n|move|p2a: Ting-Lu|Rock Slide|p1a: Gyarados|[spread] p1b\n|-miss|p2a: Ting-Lu|p1a: Gyarados\n|-resisted|p1b: Orthworm\n|-damage|p1b: Orthworm|99\/100\n|move|p2b: Orthworm|Body Press|p1a: Gyarados\n|-resisted|p1a: Gyarados\n|-damage|p1a: Gyarados|58\/100\n|\n|upkeep\n|turn|4\n|inactive|dgdslkgjdskljg has 30 seconds left.\n|\n|t:|1682653194\n|move|p1a: Gyarados|Waterfall|p2b: Orthworm\n|-damage|p2b: Orthworm|93\/100 par\n|move|p1b: Orthworm|Body Press|p2a: Ting-Lu\n|-resisted|p2a: Ting-Lu\n|-damage|p2a: Ting-Lu|40\/100\n|move|p2a: Ting-Lu|Rock Slide|p1a: Gyarados|[spread] p1a,p1b\n|-supereffective|p1a: Gyarados\n|-resisted|p1b: Orthworm\n|-damage|p1a: Gyarados|38\/100\n|-damage|p1b: Orthworm|98\/100\n|move|p2b: Orthworm|Body Press|p1a: Gyarados\n|-resisted|p1a: Gyarados\n|-damage|p1a: Gyarados|1\/100\n|\n|upkeep\n|turn|5\n|\n|t:|1682653215\n|move|p1a: Gyarados|Thunder Wave|p2a: Ting-Lu\n|-status|p2a: Ting-Lu|par\n|move|p1b: Orthworm|Iron Defense|p1b: Orthworm\n|-boost|p1b: Orthworm|def|2\n|move|p2b: Orthworm|Body Press|p1b: Orthworm\n|-supereffective|p1b: Orthworm\n|-damage|p1b: Orthworm|69\/100\n|cant|p2a: Ting-Lu|par\n|\n|upkeep\n|turn|6\n|\n|t:|1682653237\n|move|p1a: Gyarados|Bulldoze|p2b: Orthworm|[spread] p2a\n|-heal|p1b: Orthworm|94\/100|[from] ability: Earth Eater|[of] p1a: Gyarados\n|-heal|p2b: Orthworm|100\/100 par|[from] ability: Earth Eater|[of] p1a: Gyarados\n|-supereffective|p2a: Ting-Lu\n|-damage|p2a: Ting-Lu|25\/100 par\n|-unboost|p2a: Ting-Lu|spe|1\n|move|p1b: Orthworm|Body Press|p2a: Ting-Lu\n|-resisted|p2a: Ting-Lu\n|-damage|p2a: Ting-Lu|0 fnt\n|faint|p2a: Ting-Lu\n|move|p2b: Orthworm|Body Press|p1b: Orthworm\n|-supereffective|p1b: Orthworm\n|-damage|p1b: Orthworm|69\/100\n|\n|upkeep\n|\n|t:|1682653258\n|switch|p2a: Flutter Mane|Flutter Mane, L50, shiny|100\/100\n|turn|7\n|\n|t:|1682653277\n|move|p2a: Flutter Mane|Protect|p2a: Flutter Mane\n|-singleturn|p2a: Flutter Mane|Protect\n|move|p1a: Gyarados|Bulldoze|p2b: Orthworm|[spread] \n|-activate|p2a: Flutter Mane|move: Protect\n|-heal|p1b: Orthworm|94\/100|[from] ability: Earth Eater|[of] p1a: Gyarados\n|-immune|p2b: Orthworm|[from] ability: Earth Eater\n|move|p1b: Orthworm|Heavy Slam|p2a: Flutter Mane\n|-activate|p2a: Flutter Mane|move: Protect\n|move|p2b: Orthworm|Heavy Slam|p1a: Gyarados\n|-resisted|p1a: Gyarados\n|-damage|p1a: Gyarados|0 fnt\n|faint|p1a: Gyarados\n|\n|upkeep\n|\n|t:|1682653290\n|switch|p1a: Ting-Lu|Ting-Lu, L50|100\/100\n|-ability|p1a: Ting-Lu|Vessel of Ruin\n|turn|8\n|\n|t:|1682653307\n|move|p2a: Flutter Mane|Moonblast|p1a: Ting-Lu\n|-supereffective|p1a: Ting-Lu\n|-damage|p1a: Ting-Lu|45\/100\n|move|p1a: Ting-Lu|Rock Slide|p2a: Flutter Mane|[spread] p2a,p2b\n|-crit|p2a: Flutter Mane\n|-resisted|p2b: Orthworm\n|-damage|p2a: Flutter Mane|23\/100\n|-damage|p2b: Orthworm|98\/100 par\n|move|p1b: Orthworm|Heavy Slam|p2a: Flutter Mane\n|-supereffective|p2a: Flutter Mane\n|-damage|p2a: Flutter Mane|0 fnt\n|faint|p2a: Flutter Mane\n|-end|p2a: Flutter Mane|Protosynthesis|[silent]\n|cant|p2b: Orthworm|par\n|\n|upkeep\n|\n|t:|1682653313\n|switch|p2a: Iron Bundle|Iron Bundle, L50, shiny|100\/100\n|-enditem|p2a: Iron Bundle|Booster Energy\n|-activate|p2a: Iron Bundle|ability: Quark Drive|[fromitem]\n|-start|p2a: Iron Bundle|quarkdrivespe\n|turn|9\n|\n|t:|1682653334\n|move|p2a: Iron Bundle|Protect|p2a: Iron Bundle\n|-singleturn|p2a: Iron Bundle|Protect\n|move|p1a: Ting-Lu|Rock Slide|p2a: Iron Bundle|[spread] p2b\n|-activate|p2a: Iron Bundle|move: Protect\n|-resisted|p2b: Orthworm\n|-damage|p2b: Orthworm|95\/100 par\n|move|p1b: Orthworm|Body Press|p2a: Iron Bundle\n|-activate|p2a: Iron Bundle|move: Protect\n|move|p2b: Orthworm|Body Press|p1a: Ting-Lu\n|-supereffective|p1a: Ting-Lu\n|-damage|p1a: Ting-Lu|0 fnt\n|faint|p1a: Ting-Lu\n|\n|upkeep\n|\n|t:|1682653336\n|switch|p1a: Flutter Mane|Flutter Mane, L50|100\/100\n|turn|10\n|\n|t:|1682653352\n|move|p2a: Iron Bundle|Hydro Pump|p1b: Orthworm\n|-damage|p1b: Orthworm|27\/100\n|-enditem|p1b: Orthworm|Sitrus Berry|[eat]\n|-heal|p1b: Orthworm|52\/100|[from] item: Sitrus Berry\n|move|p1a: Flutter Mane|Hex|p2b: Orthworm\n|-crit|p2b: Orthworm\n|-damage|p2b: Orthworm|0 fnt\n|faint|p2b: Orthworm\n|move|p1b: Orthworm|Body Press|p2a: Iron Bundle\n|-supereffective|p2a: Iron Bundle\n|-damage|p2a: Iron Bundle|0 fnt\n|faint|p2a: Iron Bundle\n|-end|p2a: Iron Bundle|Quark Drive|[silent]\n|\n|win|dgdslkgjdskljg\n|raw|dgdslkgjdskljg's rating: 1425 → 1442<\/strong> (+17 for winning)\n|raw|mathtass's rating: 1380 → 1363<\/strong> (-17 for losing)\n","uploadtime":1682653362,"views":10,"p1id":"dgdslkgjdskljg","p2id":"mathtass","formatid":"gen9vgc2023regulationc","rating":1363,"private":0,"password":""}