{"id":"gen9vgc2023regulationc-1847034319","p1":"xxxlop","p2":"Chest","format":"[Gen 9] VGC 2023 Regulation C","log":"|j|\u2606xxxlop\n|j|\u2606Chest\n|t:|1681913551\n|gametype|doubles\n|player|p1|xxxlop|red|1287\n|player|p2|Chest|266|1225\n|teamsize|p1|6\n|teamsize|p2|6\n|gen|9\n|tier|[Gen 9] VGC 2023 Regulation C\n|rated|\n|rule|Species Clause: Limit one of each Pok\u00e9mon\n|rule|Item Clause: Limit one of each item\n|clearpoke\n|poke|p1|Garganacl, L50, M|\n|poke|p1|Flutter Mane, L50|\n|poke|p1|Iron Hands, L50|\n|poke|p1|Baxcalibur, L50, F|\n|poke|p1|Murkrow, L50, M|\n|poke|p1|Corviknight, L50, F|\n|poke|p2|Gyarados, L50, F|\n|poke|p2|Chi-Yu, L50|\n|poke|p2|Amoonguss, L50, M|\n|poke|p2|Annihilape, L50, F|\n|poke|p2|Ting-Lu, L50|\n|poke|p2|Flutter Mane, L50|\n|teampreview|4\n|inactive|Battle timer is ON: inactive players will automatically lose when time's up. (requested by xxxlop)\n|inactive|Chest has 60 seconds left.\n|\n|t:|1681913604\n|start\n|switch|p1a: Baxcalibur|Baxcalibur, L50, F|100\/100\n|switch|p1b: Garganacl|Garganacl, L50, M|100\/100\n|switch|p2a: Superlelo|Annihilape, L50, F|100\/100\n|switch|p2b: Melameneo|Flutter Mane, L50|100\/100\n|-enditem|p2b: Melameneo|Booster Energy\n|-activate|p2b: Melameneo|ability: Protosynthesis|[fromitem]\n|-start|p2b: Melameneo|protosynthesisspa\n|turn|1\n|\n|t:|1681913629\n|-terastallize|p1a: Baxcalibur|Ground\n|move|p1b: Garganacl|Wide Guard|p1b: Garganacl\n|-singleturn|p1b: Garganacl|Wide Guard\n|move|p2b: Melameneo|Shadow Ball|p1a: Baxcalibur\n|-damage|p1a: Baxcalibur|58\/100\n|move|p1a: Baxcalibur|Earthquake|p2b: Melameneo|[spread] p2a,p2b\n|-activate|p1b: Garganacl|move: Wide Guard\n|-damage|p2a: Superlelo|59\/100\n|-damage|p2b: Melameneo|17\/100\n|move|p2a: Superlelo|Bulk Up|p2a: Superlelo\n|-boost|p2a: Superlelo|atk|1\n|-boost|p2a: Superlelo|def|1\n|\n|-heal|p2a: Superlelo|65\/100|[from] item: Leftovers\n|upkeep\n|turn|2\n|inactive|Chest has 30 seconds left.\n|\n|t:|1681913657\n|move|p2b: Melameneo|Protect|p2b: Melameneo\n|-singleturn|p2b: Melameneo|Protect\n|move|p1a: Baxcalibur|Ice Shard|p2b: Melameneo\n|-activate|p2b: Melameneo|move: Protect\n|move|p2a: Superlelo|Rage Fist|p1a: Baxcalibur\n|-damage|p1a: Baxcalibur|0 fnt\n|faint|p1a: Baxcalibur\n|move|p1b: Garganacl|Salt Cure|p2a: Superlelo\n|-resisted|p2a: Superlelo\n|-damage|p2a: Superlelo|61\/100\n|-start|p2a: Superlelo|Salt Cure\n|\n|-heal|p2a: Superlelo|67\/100|[from] item: Leftovers\n|-damage|p2a: Superlelo|54\/100|[from] Salt Cure\n|upkeep\n|\n|t:|1681913678\n|switch|p1a: Corviknight|Corviknight, L50, F|100\/100\n|turn|3\n|inactive|Chest has 30 seconds left.\n|\n|t:|1681913704\n|-terastallize|p2a: Superlelo|Fire\n|move|p2b: Melameneo|Moonblast|p1b: Garganacl\n|-crit|p1b: Garganacl\n|-damage|p1b: Garganacl|28\/100\n|move|p1a: Corviknight|Brave Bird|p2a: Superlelo\n|-damage|p2a: Superlelo|29\/100\n|-damage|p1a: Corviknight|92\/100|[from] Recoil\n|move|p2a: Superlelo|Drain Punch|p1b: Garganacl\n|-supereffective|p1b: Garganacl\n|-damage|p1b: Garganacl|0 fnt\n|-heal|p2a: Superlelo|43\/100|[from] drain|[of] p1b: Garganacl\n|faint|p1b: Garganacl\n|\n|-heal|p2a: Superlelo|49\/100|[from] item: Leftovers\n|-damage|p2a: Superlelo|37\/100|[from] Salt Cure\n|upkeep\n|\n|t:|1681913723\n|switch|p1b: Iron Hands|Iron Hands, L50|100\/100\n|-enditem|p1b: Iron Hands|Booster Energy\n|-activate|p1b: Iron Hands|ability: Quark Drive|[fromitem]\n|-start|p1b: Iron Hands|quarkdriveatk\n|turn|4\n|\n|t:|1681913738\n|move|p2a: Superlelo|Protect|p2a: Superlelo\n|-singleturn|p2a: Superlelo|Protect\n|move|p1b: Iron Hands|Fake Out|p2a: Superlelo\n|-activate|p2a: Superlelo|move: Protect\n|move|p2b: Melameneo|Moonblast|p1b: Iron Hands\n|-supereffective|p1b: Iron Hands\n|-damage|p1b: Iron Hands|0 fnt\n|faint|p1b: Iron Hands\n|-end|p1b: Iron Hands|Quark Drive|[silent]\n|move|p1a: Corviknight|Tailwind|p1a: Corviknight\n|-sidestart|p1: xxxlop|move: Tailwind\n|\n|-heal|p2a: Superlelo|43\/100|[from] item: Leftovers\n|-damage|p2a: Superlelo|30\/100|[from] Salt Cure\n|upkeep\n|turn|5\n|\n|t:|1681913756\n|move|p1a: Corviknight|Brave Bird|p2a: Superlelo\n|-damage|p2a: Superlelo|5\/100\n|-damage|p1a: Corviknight|84\/100|[from] Recoil\n|move|p2b: Melameneo|Thunderbolt|p1a: Corviknight\n|-supereffective|p1a: Corviknight\n|-damage|p1a: Corviknight|1\/100\n|-enditem|p1a: Corviknight|Sitrus Berry|[eat]\n|-heal|p1a: Corviknight|26\/100|[from] item: Sitrus Berry\n|move|p2a: Superlelo|Rage Fist|p1a: Corviknight\n|-damage|p1a: Corviknight|0 fnt\n|faint|p1a: Corviknight\n|\n|win|Chest\n|raw|xxxlop's rating: 1287 → 1258<\/strong> (-29 for losing)\n|raw|Chest's rating: 1225 → 1254<\/strong> (+29 for winning)\n|l|\u2606xxxlop\n","uploadtime":1681913774,"views":8,"p1id":"xxxlop","p2id":"chest","formatid":"gen9vgc2023regulationc","rating":1254,"private":0,"password":""}