{"id":"gen9vgc2023regulationc-1846493138","p1":"Echo Rose#9471","p2":"Blod1","format":"[Gen 9] VGC 2023 Regulation C","log":"|j|\u2606Echo Rose#9471\n|j|\u2606Blod1\n|t:|1681845488\n|gametype|doubles\n|player|p1|Echo Rose#9471|169|1138\n|player|p2|Blod1|alder|1196\n|teamsize|p1|6\n|teamsize|p2|6\n|gen|9\n|tier|[Gen 9] VGC 2023 Regulation C\n|rated|\n|rule|Species Clause: Limit one of each Pok\u00e9mon\n|rule|Item Clause: Limit one of each item\n|clearpoke\n|poke|p1|Glimmora, L50, F|\n|poke|p1|Wo-Chien, L50|\n|poke|p1|Flutter Mane, L50|\n|poke|p1|Palafin, L50, M|\n|poke|p1|Iron Hands, L50|\n|poke|p1|Talonflame, L50, F|\n|poke|p2|Amoonguss, L50, F|\n|poke|p2|Chi-Yu, L50|\n|poke|p2|Dragonite, L50, F|\n|poke|p2|Palafin, L50, F|\n|poke|p2|Gholdengo, L50|\n|poke|p2|Magnezone, L50|\n|teampreview|4\n|inactive|Battle timer is ON: inactive players will automatically lose when time's up. (requested by Blod1)\nBlod1 has agreed to open team sheets.\n|c|\u2606Blod1|glhf\n|inactive|Echo Rose#9471 has 60 seconds left.\n|inactive|Blod1 has 60 seconds left.\n|\n|t:|1681845528\n|start\n|switch|p1a: Glimmora|Glimmora, L50, F|100\/100\n|switch|p1b: Talonflame|Talonflame, L50, F|100\/100\n|switch|p2a: Chi-Yu|Chi-Yu, L50|100\/100\n|switch|p2b: Magnezone|Magnezone, L50|100\/100\n|-ability|p2a: Chi-Yu|Beads of Ruin\n|turn|1\n|\n|t:|1681845547\n|switch|p2b: Dragonite|Dragonite, L50, F|100\/100\n|move|p1b: Talonflame|Tailwind|p1b: Talonflame\n|-sidestart|p1: Echo Rose#9471|move: Tailwind\n|move|p1a: Glimmora|Earth Power|p2b: Dragonite\n|-immune|p2b: Dragonite\n|move|p2a: Chi-Yu|Dark Pulse|p1a: Glimmora\n|-damage|p1a: Glimmora|16\/100\n|-enditem|p1a: Glimmora|Sitrus Berry|[eat]\n|-heal|p1a: Glimmora|41\/100|[from] item: Sitrus Berry\n|-damage|p2a: Chi-Yu|91\/100|[from] item: Life Orb\n|\n|upkeep\n|turn|2\n|inactive|Blod1 has 30 seconds left.\n|\n|t:|1681845580\n|-terastallize|p2b: Dragonite|Flying\n|move|p1b: Talonflame|Brave Bird|p2a: Chi-Yu\n|-damage|p2a: Chi-Yu|29\/100\n|-damage|p1b: Talonflame|85\/100|[from] Recoil\n|move|p1a: Glimmora|Power Gem|p2a: Chi-Yu\n|-supereffective|p2a: Chi-Yu\n|-damage|p2a: Chi-Yu|0 fnt\n|faint|p2a: Chi-Yu\n|move|p2b: Dragonite|Tera Blast|p1b: Talonflame\n|-damage|p1b: Talonflame|21\/100\n|\n|upkeep\n|\n|t:|1681845589\n|switch|p2a: Magnezone|Magnezone, L50|100\/100\n|turn|3\n|\n|t:|1681845612\n|switch|p2a: Amoonguss|Amoonguss, L50, F|100\/100\n|move|p1b: Talonflame|Quick Guard|p1b: Talonflame\n|-singleturn|p1b: Talonflame|Quick Guard\n|move|p1a: Glimmora|Power Gem|p2b: Dragonite\n|-supereffective|p2b: Dragonite\n|-damage|p2b: Dragonite|65\/100\n|move|p2b: Dragonite|Earthquake|p1b: Talonflame|[spread] p2a,p1a\n|-immune|p1b: Talonflame\n|-supereffective|p1a: Glimmora\n|-damage|p2a: Amoonguss|76\/100\n|-damage|p1a: Glimmora|0 fnt\n|-activate|p1a: Glimmora|ability: Toxic Debris\n|-sidestart|p2: Blod1|move: Toxic Spikes\n|faint|p1a: Glimmora\n|\n|upkeep\n|\n|t:|1681845621\n|switch|p1a: Flutter Mane|Flutter Mane, L50|100\/100\n|-enditem|p1a: Flutter Mane|Booster Energy\n|-activate|p1a: Flutter Mane|ability: Protosynthesis|[fromitem]\n|-start|p1a: Flutter Mane|protosynthesisspa\n|turn|4\n|inactive|Echo Rose#9471 has 30 seconds left.\n|\n|t:|1681845651\n|-terastallize|p1a: Flutter Mane|Fire\n|move|p2b: Dragonite|Extreme Speed|p1b: Talonflame\n|-damage|p1b: Talonflame|0 fnt\n|faint|p1b: Talonflame\n|move|p1a: Flutter Mane|Mystical Fire|p2a: Amoonguss\n|-supereffective|p2a: Amoonguss\n|-damage|p2a: Amoonguss|0 fnt\n|faint|p2a: Amoonguss\n|\n|-sideend|p1: Echo Rose#9471|move: Tailwind\n|upkeep\n|\n|t:|1681845660\n|switch|p1b: Wo-Chien|Wo-Chien, L50|100\/100\n|switch|p2a: Magnezone|Magnezone, L50|100\/100\n|-ability|p1b: Wo-Chien|Tablets of Ruin\n|turn|5\n|\n|t:|1681845680\n|move|p1a: Flutter Mane|Shadow Ball|p2b: Dragonite\n|-damage|p2b: Dragonite|18\/100\n|move|p2b: Dragonite|Tera Blast|p1a: Flutter Mane\n|-damage|p1a: Flutter Mane|37\/100\n|move|p1b: Wo-Chien|Leech Seed|p2a: Magnezone|[miss]\n|-miss|p1b: Wo-Chien|p2a: Magnezone\n|move|p2a: Magnezone|Electroweb|p1b: Wo-Chien|[spread] p1a,p1b\n|-resisted|p1b: Wo-Chien\n|-damage|p1a: Flutter Mane|11\/100\n|-damage|p1b: Wo-Chien|92\/100\n|-unboost|p1a: Flutter Mane|spe|1\n|-unboost|p1b: Wo-Chien|spe|1\n|\n|upkeep\n|turn|6\n|\n|t:|1681845691\n|move|p1a: Flutter Mane|Protect|p1a: Flutter Mane\n|-singleturn|p1a: Flutter Mane|Protect\n|move|p2b: Dragonite|Extreme Speed|p1a: Flutter Mane\n|-activate|p1a: Flutter Mane|move: Protect\n|move|p1b: Wo-Chien|Leech Seed|p2b: Dragonite\n|-start|p2b: Dragonite|move: Leech Seed\n|move|p2a: Magnezone|Flash Cannon|p1b: Wo-Chien\n|-damage|p1b: Wo-Chien|56\/100\n|\n|-damage|p2b: Dragonite|6\/100|[from] Leech Seed|[of] p1b: Wo-Chien\n|-heal|p1b: Wo-Chien|68\/100|[silent]\n|upkeep\n|turn|7\n|\n|t:|1681845706\n|move|p1a: Flutter Mane|Protect||[still]\n|-fail|p1a: Flutter Mane\n|move|p2b: Dragonite|Extreme Speed|p1a: Flutter Mane\n|-damage|p1a: Flutter Mane|0 fnt\n|faint|p1a: Flutter Mane\n|-end|p1a: Flutter Mane|Protosynthesis|[silent]\n|move|p1b: Wo-Chien|Leech Seed|p2a: Magnezone\n|-start|p2a: Magnezone|move: Leech Seed\n|move|p2a: Magnezone|Flash Cannon|p1b: Wo-Chien\n|-damage|p1b: Wo-Chien|38\/100\n|\n|-damage|p2b: Dragonite|0 fnt|[from] Leech Seed|[of] p1b: Wo-Chien\n|-heal|p1b: Wo-Chien|44\/100|[silent]\n|faint|p2b: Dragonite\n|-damage|p2a: Magnezone|88\/100|[from] Leech Seed|[of] p1b: Wo-Chien\n|-heal|p1b: Wo-Chien|55\/100|[silent]\n|upkeep\n|turn|8\n|\n|t:|1681845712\n|move|p1b: Wo-Chien|Protect|p1b: Wo-Chien\n|-singleturn|p1b: Wo-Chien|Protect\n|move|p2a: Magnezone|Flash Cannon|p1b: Wo-Chien\n|-activate|p1b: Wo-Chien|move: Protect\n|\n|-damage|p2a: Magnezone|76\/100|[from] Leech Seed|[of] p1b: Wo-Chien\n|-heal|p1b: Wo-Chien|67\/100|[silent]\n|upkeep\n|turn|9\n|\n|t:|1681845716\n|move|p1b: Wo-Chien|Snarl|p2a: Magnezone|[miss]\n|-miss|p1b: Wo-Chien|p2a: Magnezone\n|move|p2a: Magnezone|Flash Cannon|p1b: Wo-Chien\n|-damage|p1b: Wo-Chien|36\/100\n|\n|-damage|p2a: Magnezone|63\/100|[from] Leech Seed|[of] p1b: Wo-Chien\n|-heal|p1b: Wo-Chien|48\/100|[silent]\n|upkeep\n|turn|10\n|\n|t:|1681845720\n|move|p1b: Wo-Chien|Protect|p1b: Wo-Chien\n|-singleturn|p1b: Wo-Chien|Protect\n|move|p2a: Magnezone|Flash Cannon|p1b: Wo-Chien\n|-activate|p1b: Wo-Chien|move: Protect\n|\n|-damage|p2a: Magnezone|51\/100|[from] Leech Seed|[of] p1b: Wo-Chien\n|-heal|p1b: Wo-Chien|59\/100|[silent]\n|upkeep\n|turn|11\n|\n|t:|1681845723\n|move|p1b: Wo-Chien|Snarl|p2a: Magnezone\n|-damage|p2a: Magnezone|37\/100\n|-unboost|p2a: Magnezone|spa|1\n|move|p2a: Magnezone|Flash Cannon|p1b: Wo-Chien\n|-damage|p1b: Wo-Chien|39\/100\n|\n|-damage|p2a: Magnezone|25\/100|[from] Leech Seed|[of] p1b: Wo-Chien\n|-heal|p1b: Wo-Chien|50\/100|[silent]\n|upkeep\n|turn|12\n|\n|t:|1681845729\n|move|p1b: Wo-Chien|Protect|p1b: Wo-Chien\n|-singleturn|p1b: Wo-Chien|Protect\n|move|p2a: Magnezone|Flash Cannon|p1b: Wo-Chien\n|-activate|p1b: Wo-Chien|move: Protect\n|\n|-damage|p2a: Magnezone|12\/100|[from] Leech Seed|[of] p1b: Wo-Chien\n|-heal|p1b: Wo-Chien|61\/100|[silent]\n|upkeep\n|turn|13\n|-message|Blod1 forfeited.\n|\n|win|Echo Rose#9471\n|raw|Echo Rose#9471's rating: 1138 → 1167<\/strong> (+29 for winning)\n|raw|Blod1's rating: 1196 → 1167<\/strong> (-29 for losing)\n|l|\u2606Blod1\n","uploadtime":1681845738,"views":13,"p1id":"echorose9471","p2id":"blod1","formatid":"gen9vgc2023regulationc","rating":1167,"private":0,"password":""}