{"id":"gen9vgc2023regulationc-1845336375","p1":"zeropiccolo","p2":"SteffiVTatWork","format":"[Gen 9] VGC 2023 Regulation C","log":"|j|\u2606zeropiccolo\n|j|\u2606SteffiVTatWork\n|t:|1681717209\n|gametype|doubles\n|player|p1|zeropiccolo|2|1095\n|player|p2|SteffiVTatWork|265|1040\n|teamsize|p1|6\n|teamsize|p2|6\n|gen|9\n|tier|[Gen 9] VGC 2023 Regulation C\n|rated|\n|rule|Species Clause: Limit one of each Pok\u00e9mon\n|rule|Item Clause: Limit one of each item\n|clearpoke\n|poke|p1|Ceruledge, L50, F|\n|poke|p1|Tinkaton, L50, F|\n|poke|p1|Chien-Pao, L50|\n|poke|p1|Scizor, L50, M|\n|poke|p1|Iron Bundle, L50|\n|poke|p1|Amoonguss, L50, M|\n|poke|p2|Chi-Yu, L50|\n|poke|p2|Wo-Chien, L50|\n|poke|p2|Iron Hands, L50|\n|poke|p2|Gyarados, L50, F|\n|poke|p2|Flutter Mane, L50|\n|poke|p2|Ting-Lu, L50|\n|teampreview|4\n|inactive|Battle timer is ON: inactive players will automatically lose when time's up. (requested by SteffiVTatWork)\n|inactive|zeropiccolo has 60 seconds left.\n|inactive|SteffiVTatWork has 60 seconds left.\n|inactive|zeropiccolo has 30 seconds left.\n|\n|t:|1681717271\n|start\n|switch|p1a: Iron Bundle|Iron Bundle, L50|100\/100\n|switch|p1b: Chien-Pao|Chien-Pao, L50|100\/100\n|switch|p2a: Chi-Yu|Chi-Yu, L50|100\/100\n|switch|p2b: Iron Hands|Iron Hands, L50|100\/100\n|-ability|p1b: Chien-Pao|Sword of Ruin\n|-ability|p2a: Chi-Yu|Beads of Ruin\n|-enditem|p1a: Iron Bundle|Booster Energy\n|-activate|p1a: Iron Bundle|ability: Quark Drive|[fromitem]\n|-start|p1a: Iron Bundle|quarkdrivespe\n|turn|1\n|\n|t:|1681717294\n|move|p1a: Iron Bundle|Protect|p1a: Iron Bundle\n|-singleturn|p1a: Iron Bundle|Protect\n|move|p1b: Chien-Pao|Protect|p1b: Chien-Pao\n|-singleturn|p1b: Chien-Pao|Protect\n|move|p2b: Iron Hands|Fake Out|p1b: Chien-Pao\n|-activate|p1b: Chien-Pao|move: Protect\n|move|p2a: Chi-Yu|Substitute|p2a: Chi-Yu\n|-start|p2a: Chi-Yu|Substitute\n|-damage|p2a: Chi-Yu|75\/100\n|\n|upkeep\n|turn|2\n|inactive|zeropiccolo has 30 seconds left.\n|\n|t:|1681717328\n|switch|p1b: Ceruledge|Ceruledge, L50, F|100\/100\n|-terastallize|p1a: Iron Bundle|Ghost\n|move|p1a: Iron Bundle|Encore|p2a: Chi-Yu\n|-start|p2a: Chi-Yu|Encore\n|move|p2a: Chi-Yu|Substitute|p2a: Chi-Yu\n|-fail|p2a: Chi-Yu|move: Substitute\n|move|p2b: Iron Hands|Drain Punch|p1b: Ceruledge\n|-immune|p1b: Ceruledge\n|\n|upkeep\n|turn|3\n|inactive|zeropiccolo has 30 seconds left.\n|\n|t:|1681717355\n|move|p1a: Iron Bundle|Encore|p2b: Iron Hands\n|-start|p2b: Iron Hands|Encore\n|move|p2a: Chi-Yu|Substitute|p2a: Chi-Yu\n|-fail|p2a: Chi-Yu|move: Substitute\n|move|p1b: Ceruledge|Bitter Blade|p2b: Iron Hands\n|-damage|p2b: Iron Hands|65\/100\n|move|p2b: Iron Hands|Drain Punch|p1a: Iron Bundle\n|-immune|p1a: Iron Bundle\n|\n|upkeep\n|turn|4\n|\n|t:|1681717379\n|-end|p2b: Iron Hands|Quark Drive|[silent]\n|switch|p2b: Gyarados|Gyarados, L50, F|100\/100\n|-ability|p2b: Gyarados|Intimidate|boost\n|-unboost|p1a: Iron Bundle|atk|1\n|-unboost|p1b: Ceruledge|atk|1\n|move|p1a: Iron Bundle|Hydro Pump|p2a: Chi-Yu\n|-supereffective|p2a: Chi-Yu\n|-end|p2a: Chi-Yu|Substitute\n|move|p2a: Chi-Yu|Substitute|p2a: Chi-Yu\n|-start|p2a: Chi-Yu|Substitute\n|-damage|p2a: Chi-Yu|50\/100\n|-enditem|p2a: Chi-Yu|Sitrus Berry|[eat]\n|-heal|p2a: Chi-Yu|75\/100|[from] item: Sitrus Berry\n|move|p1b: Ceruledge|Bitter Blade|p2b: Gyarados\n|-resisted|p2b: Gyarados\n|-damage|p2b: Gyarados|84\/100\n|\n|-end|p2a: Chi-Yu|Encore\n|upkeep\n|turn|5\n|inactive|zeropiccolo has 30 seconds left.\n|inactive|zeropiccolo has 20 seconds left.\n|inactive|zeropiccolo has 15 seconds left.\n|inactive|zeropiccolo has 10 seconds left.\n|\n|t:|1681717427\n|switch|p1b: Tinkaton|Tinkaton, L50, F|100\/100\n|-item|p1b: Tinkaton|Air Balloon\n|move|p2a: Chi-Yu|Protect|p2a: Chi-Yu\n|-singleturn|p2a: Chi-Yu|Protect\n|move|p1a: Iron Bundle|Freeze-Dry|p2b: Gyarados\n|-supereffective|p2b: Gyarados\n|-damage|p2b: Gyarados|0 fnt\n|faint|p2b: Gyarados\n|\n|upkeep\n|\n|t:|1681717441\n|switch|p2b: Wo-Chien|Wo-Chien, L50|100\/100\n|-ability|p2b: Wo-Chien|Tablets of Ruin\n|turn|6\n|\n|t:|1681717456\n|move|p1b: Tinkaton|Fake Out|p2b: Wo-Chien\n|-damage|p2b: Wo-Chien|92\/100\n|move|p1a: Iron Bundle|Encore|p2a: Chi-Yu\n|-start|p2a: Chi-Yu|Encore\n|move|p2a: Chi-Yu|Protect|p2a: Chi-Yu\n|-singleturn|p2a: Chi-Yu|Protect\n|cant|p2b: Wo-Chien|flinch\n|\n|upkeep\n|turn|7\n|\n|t:|1681717472\n|move|p2a: Chi-Yu|Protect||[still]\n|-fail|p2a: Chi-Yu\n|move|p1a: Iron Bundle|Freeze-Dry|p2b: Wo-Chien\n|-supereffective|p2b: Wo-Chien\n|-damage|p2b: Wo-Chien|29\/100\n|move|p1b: Tinkaton|Play Rough|p2b: Wo-Chien\n|-supereffective|p2b: Wo-Chien\n|-damage|p2b: Wo-Chien|0 fnt\n|faint|p2b: Wo-Chien\n|\n|upkeep\n|\n|t:|1681717482\n|switch|p2b: Iron Hands|Iron Hands, L50|65\/100\n|turn|8\n|inactive|zeropiccolo has 30 seconds left.\n|\n|t:|1681717511\n|move|p2a: Chi-Yu|Protect|p2a: Chi-Yu\n|-singleturn|p2a: Chi-Yu|Protect\n|move|p1a: Iron Bundle|Hydro Pump|p2b: Iron Hands|[miss]\n|-miss|p1a: Iron Bundle|p2b: Iron Hands\n|move|p1b: Tinkaton|Play Rough|p2b: Iron Hands\n|-supereffective|p2b: Iron Hands\n|-damage|p2b: Iron Hands|17\/100\n|move|p2b: Iron Hands|Wild Charge|p1a: Iron Bundle\n|-damage|p1a: Iron Bundle|50\/100\n|-damage|p2b: Iron Hands|10\/100|[from] Recoil\n|\n|-end|p2a: Chi-Yu|Encore\n|upkeep\n|turn|9\n|inactive|zeropiccolo has 30 seconds left.\n|inactive|SteffiVTatWork has 30 seconds left.\n|\n|t:|1681717538\n|move|p1a: Iron Bundle|Encore|p2a: Chi-Yu\n|-start|p2a: Chi-Yu|Encore\n|move|p2a: Chi-Yu|Protect|p2a: Chi-Yu\n|-singleturn|p2a: Chi-Yu|Protect\n|move|p1b: Tinkaton|Play Rough|p2b: Iron Hands\n|-supereffective|p2b: Iron Hands\n|-damage|p2b: Iron Hands|0 fnt\n|faint|p2b: Iron Hands\n|-end|p2b: Iron Hands|Quark Drive|[silent]\n|\n|upkeep\n|turn|10\n|-message|SteffiVTatWork forfeited.\n|\n|win|zeropiccolo\n|raw|zeropiccolo's rating: 1095 → 1117<\/strong> (+22 for winning)\n|raw|SteffiVTatWork's rating: 1040 → 1027<\/strong> (-13 for losing)\n|l|\u2606SteffiVTatWork\n","uploadtime":1681717554,"views":15,"p1id":"zeropiccolo","p2id":"steffivtatwork","formatid":"gen9vgc2023regulationc","rating":1027,"private":0,"password":""}