{"id":"gen9vgc2023regulationc-1851696674","p1":"tUb_jEnkins1","p2":"mugiwaraLux","format":"[Gen 9] VGC 2023 Regulation C","log":"|j|\u2606tUb_jEnkins1\n|j|\u2606mugiwaraLux\n|t:|1682471158\n|gametype|doubles\n|player|p1|tUb_jEnkins1|drayden|1220\n|player|p2|mugiwaraLux|102|1295\n|teamsize|p1|6\n|teamsize|p2|6\n|gen|9\n|tier|[Gen 9] VGC 2023 Regulation C\n|rated|\n|rule|Species Clause: Limit one of each Pok\u00e9mon\n|rule|Item Clause: Limit one of each item\n|clearpoke\n|poke|p1|Talonflame, L50, F|\n|poke|p1|Kingambit, L50, M|\n|poke|p1|Chien-Pao, L50|\n|poke|p1|Palafin, L50, F|\n|poke|p1|Flutter Mane, L50|\n|poke|p1|Iron Bundle, L50|\n|poke|p2|Palafin, L50, M|\n|poke|p2|Amoonguss, L50, M|\n|poke|p2|Flutter Mane, L50|\n|poke|p2|Arcanine, L50, M|\n|poke|p2|Roaring Moon, L50|\n|poke|p2|Chien-Pao, L50|\n|teampreview|4\n|inactive|Battle timer is ON: inactive players will automatically lose when time's up. (requested by mugiwaraLux)\n|inactive|tUb_jEnkins1 also wants the timer to be on.\ntUb_jEnkins1 rejected open team sheets.\n|inactive|tUb_jEnkins1 has 60 seconds left.\n|inactive|mugiwaraLux has 60 seconds left.\n|\n|t:|1682471206\n|start\n|switch|p1a: Stab Kitty|Chien-Pao, L50|100\/100\n|switch|p1b: Ahoy Hoy|Palafin, L50, F|100\/100\n|switch|p2a: Palafin|Palafin, L50, M|100\/100\n|switch|p2b: Amoonguss|Amoonguss, L50, M|100\/100\n|-ability|p1a: Stab Kitty|Sword of Ruin\n|turn|1\n|\n|t:|1682471221\n|move|p2a: Palafin|Jet Punch|p1a: Stab Kitty\n|-damage|p1a: Stab Kitty|68\/100\n|move|p1a: Stab Kitty|Ice Spinner|p2b: Amoonguss\n|-supereffective|p2b: Amoonguss\n|-damage|p2b: Amoonguss|14\/100\n|-enditem|p2b: Amoonguss|Sitrus Berry|[eat]\n|-heal|p2b: Amoonguss|39\/100|[from] item: Sitrus Berry\n|move|p1b: Ahoy Hoy|Flip Turn|p2a: Palafin\n|-resisted|p2a: Palafin\n|-damage|p2a: Palafin|79\/100\n|\n|t:|1682471230\n|detailschange|p1b: Ahoy Hoy|Palafin-Hero, L50, F\n|switch|p1b: Santa|Iron Bundle, L50|100\/100|[from] Flip Turn\n|move|p2b: Amoonguss|Spore|p1b: Santa\n|-status|p1b: Santa|slp|[from] move: Spore\n|\n|upkeep\n|turn|2\n|\n|t:|1682471243\n|detailschange|p2a: Palafin|Palafin-Hero, L50, M\n|switch|p2a: Mimi|Flutter Mane, L50|100\/100\n|-terastallize|p2b: Amoonguss|Water\n|cant|p1b: Santa|slp\n|move|p1a: Stab Kitty|Ice Spinner|p2b: Amoonguss\n|-resisted|p2b: Amoonguss\n|-damage|p2b: Amoonguss|15\/100\n|move|p2b: Amoonguss|Spore|p1a: Stab Kitty\n|-status|p1a: Stab Kitty|slp|[from] move: Spore\n|\n|upkeep\n|turn|3\n|inactive|tUb_jEnkins1 has 30 seconds left.\n|inactive|tUb_jEnkins1 has 20 seconds left.\n|inactive|tUb_jEnkins1 has 15 seconds left.\n|\n|t:|1682471287\n|switch|p2b: Palafin|Palafin-Hero, L50, M|79\/100\n|-activate|p2b: Palafin|ability: Zero to Hero\n|cant|p1b: Santa|slp\n|move|p2a: Mimi|Dazzling Gleam|p1a: Stab Kitty|[spread] p1a,p1b\n|-supereffective|p1a: Stab Kitty\n|-damage|p1a: Stab Kitty|0 fnt\n|-damage|p1b: Santa|9\/100 slp\n|faint|p1a: Stab Kitty\n|\n|upkeep\n|\n|t:|1682471300\n|switch|p1a: Ahoy Hoy|Palafin-Hero, L50, F|100\/100\n|-activate|p1a: Ahoy Hoy|ability: Zero to Hero\n|turn|4\n|\n|t:|1682471316\n|-end|p2a: Mimi|Protosynthesis|[silent]\n|switch|p2a: Amoonguss|Amoonguss, L50, M, tera:Water|48\/100\n|-terastallize|p1a: Ahoy Hoy|Water\n|cant|p1b: Santa|slp\n|move|p1a: Ahoy Hoy|Jet Punch|p2a: Amoonguss\n|-resisted|p2a: Amoonguss\n|-damage|p2a: Amoonguss|23\/100\n|move|p2b: Palafin|Jet Punch|p1b: Santa\n|-resisted|p1b: Santa\n|-damage|p1b: Santa|0 fnt\n|faint|p1b: Santa\n|-end|p1b: Santa|Quark Drive|[silent]\n|\n|upkeep\n|\n|t:|1682471322\n|switch|p1b: BEEG damage|Flutter Mane, L50, shiny|100\/100\n|turn|5\n|\n|t:|1682471332\n|switch|p2a: Roaring Moon|Roaring Moon, L50|100\/100\n|-enditem|p2a: Roaring Moon|Booster Energy\n|-activate|p2a: Roaring Moon|ability: Protosynthesis|[fromitem]\n|-start|p2a: Roaring Moon|protosynthesisatk\n|move|p2b: Palafin|Jet Punch|p1b: BEEG damage\n|-damage|p1b: BEEG damage|25\/100\n|move|p1b: BEEG damage|Dazzling Gleam|p2a: Roaring Moon|[spread] p2a,p2b\n|-supereffective|p2a: Roaring Moon\n|-damage|p2a: Roaring Moon|0 fnt\n|-damage|p2b: Palafin|37\/100\n|faint|p2a: Roaring Moon\n|-end|p2a: Roaring Moon|Protosynthesis|[silent]\n|move|p1a: Ahoy Hoy|Wave Crash|p2b: Palafin\n|-resisted|p2b: Palafin\n|-damage|p2b: Palafin|0 fnt\n|faint|p2b: Palafin\n|-damage|p1a: Ahoy Hoy|88\/100|[from] Recoil\n|\n|upkeep\n|\n|t:|1682471338\n|switch|p2a: Amoonguss|Amoonguss, L50, M, tera:Water|56\/100\n|switch|p2b: Mimi|Flutter Mane, L50|100\/100\n|turn|6\n|\n|t:|1682471346\n|move|p2a: Amoonguss|Rage Powder|p2a: Amoonguss\n|-singleturn|p2a: Amoonguss|move: Rage Powder\n|move|p1a: Ahoy Hoy|Jet Punch|p2a: Amoonguss\n|-resisted|p2a: Amoonguss\n|-damage|p2a: Amoonguss|29\/100\n|move|p2b: Mimi|Dazzling Gleam|p1b: BEEG damage|[spread] p1a,p1b\n|-damage|p1a: Ahoy Hoy|38\/100\n|-damage|p1b: BEEG damage|0 fnt\n|faint|p1b: BEEG damage\n|-end|p1b: BEEG damage|Protosynthesis|[silent]\n|\n|upkeep\n|turn|7\n|\n|t:|1682471354\n|move|p2a: Amoonguss|Rage Powder|p2a: Amoonguss\n|-singleturn|p2a: Amoonguss|move: Rage Powder\n|move|p2b: Mimi|Dazzling Gleam|p1a: Ahoy Hoy\n|-crit|p1a: Ahoy Hoy\n|-damage|p1a: Ahoy Hoy|0 fnt\n|faint|p1a: Ahoy Hoy\n|\n|win|mugiwaraLux\n|raw|tUb_jEnkins1's rating: 1220 → 1200<\/strong> (-20 for losing)\n|raw|mugiwaraLux's rating: 1295 → 1315<\/strong> (+20 for winning)\n|l|\u2606tUb_jEnkins1\n","uploadtime":1682471358,"views":13,"p1id":"tubjenkins1","p2id":"mugiwaralux","formatid":"gen9vgc2023regulationc","rating":1200,"private":0,"password":""}