{"id":"gen9vgc2023regulationc-1846043429","p1":"Rauky","p2":"99jiuli","format":"[Gen 9] VGC 2023 Regulation C","log":"|j|\u2606Rauky\n|j|\u260699jiuli\n|t:|1681796513\n|gametype|doubles\n|player|p1|Rauky|102|1208\n|player|p2|99jiuli|169|1116\n|teamsize|p1|6\n|teamsize|p2|6\n|gen|9\n|tier|[Gen 9] VGC 2023 Regulation C\n|rated|\n|rule|Species Clause: Limit one of each Pok\u00e9mon\n|rule|Item Clause: Limit one of each item\n|clearpoke\n|poke|p1|Torkoal, L50, M|\n|poke|p1|Flutter Mane, L50|\n|poke|p1|Maushold, L50|\n|poke|p1|Dragonite, L50, M|\n|poke|p1|Brute Bonnet, L50|\n|poke|p1|Iron Bundle, L50|\n|poke|p2|Torkoal, L50, M|\n|poke|p2|Lilligant, L50, F|\n|poke|p2|Dragonite, L50, F|\n|poke|p2|Chien-Pao, L50|\n|poke|p2|Great Tusk, L50|\n|poke|p2|Flutter Mane, L50|\n|teampreview|4\n|inactive|Battle timer is ON: inactive players will automatically lose when time's up. (requested by 99jiuli)\n|inactive|Rauky has 60 seconds left.\n99jiuli rejected open team sheets.\n|\n|t:|1681796575\n|start\n|switch|p1a: Torkoal|Torkoal, L50, M|100\/100\n|switch|p1b: Dragonite|Dragonite, L50, M|100\/100\n|switch|p2a: Dragonite|Dragonite, L50, F|100\/100\n|switch|p2b: Lilligant|Lilligant, L50, F|100\/100\n|-weather|SunnyDay|[from] ability: Drought|[of] p1a: Torkoal\n|turn|1\n|\n|t:|1681796599\n|-terastallize|p2a: Dragonite|Flying\n|move|p2b: Lilligant|Sleep Powder|p1b: Dragonite\n|-status|p1b: Dragonite|slp|[from] move: Sleep Powder\n|move|p2a: Dragonite|Tera Blast|p1b: Dragonite\n|-damage|p1b: Dragonite|59\/100 slp\n|cant|p1b: Dragonite|slp\n|move|p1a: Torkoal|Overheat|p2b: Lilligant\n|-supereffective|p2b: Lilligant\n|-damage|p2b: Lilligant|0 fnt\n|-unboost|p1a: Torkoal|spa|2\n|-enditem|p1a: Torkoal|Eject Pack\n|faint|p2b: Lilligant\n|\n|t:|1681796613\n|switch|p1a: Iron Bundle|Iron Bundle, L50|100\/100\n|\n|-weather|SunnyDay|[upkeep]\n|upkeep\n|\n|t:|1681796620\n|switch|p2b: Chien-Pao|Chien-Pao, L50|100\/100\n|-ability|p2b: Chien-Pao|Sword of Ruin\n|turn|2\n|\n|t:|1681796645\n|move|p1a: Iron Bundle|Protect|p1a: Iron Bundle\n|-singleturn|p1a: Iron Bundle|Protect\n|move|p2b: Chien-Pao|Icicle Crash|p1b: Dragonite\n|-supereffective|p1b: Dragonite\n|-damage|p1b: Dragonite|0 fnt\n|faint|p1b: Dragonite\n|move|p2a: Dragonite|Tera Blast|p1a: Iron Bundle\n|-activate|p1a: Iron Bundle|move: Protect\n|\n|-weather|SunnyDay|[upkeep]\n|upkeep\n|\n|t:|1681796656\n|switch|p1b: Brute Bonnet|Brute Bonnet, L50|100\/100\n|-activate|p1b: Brute Bonnet|ability: Protosynthesis\n|-start|p1b: Brute Bonnet|protosynthesisatk\n|turn|3\n|\n|t:|1681796674\n|-terastallize|p1b: Brute Bonnet|Water\n|move|p1a: Iron Bundle|Icy Wind|p2b: Chien-Pao|[spread] p2a,p2b\n|-supereffective|p2a: Dragonite\n|-resisted|p2b: Chien-Pao\n|-damage|p2a: Dragonite|80\/100\n|-damage|p2b: Chien-Pao|83\/100\n|-unboost|p2a: Dragonite|spe|1\n|-unboost|p2b: Chien-Pao|spe|1\n|move|p2b: Chien-Pao|Sacred Sword|p1a: Iron Bundle\n|-supereffective|p1a: Iron Bundle\n|-enditem|p1a: Iron Bundle|Focus Sash\n|-damage|p1a: Iron Bundle|1\/100\n|move|p1b: Brute Bonnet|Close Combat|p2b: Chien-Pao\n|-supereffective|p2b: Chien-Pao\n|-damage|p2b: Chien-Pao|0 fnt\n|-unboost|p1b: Brute Bonnet|def|1\n|-unboost|p1b: Brute Bonnet|spd|1\n|faint|p2b: Chien-Pao\n|move|p2a: Dragonite|Tera Blast|p1b: Brute Bonnet\n|-damage|p1b: Brute Bonnet|0 fnt\n|faint|p1b: Brute Bonnet\n|-end|p1b: Brute Bonnet|Protosynthesis|[silent]\n|\n|-weather|SunnyDay|[upkeep]\n|upkeep\n|inactive|99jiuli has 30 seconds left.\n|\n|t:|1681796700\n|switch|p2b: Torkoal|Torkoal, L50, M|100\/100\n|switch|p1b: Torkoal|Torkoal, L50, M|100\/100\n|turn|4\n|inactive|Rauky has 30 seconds left.\n|\n|t:|1681796732\n|move|p1a: Iron Bundle|Freeze-Dry|p2a: Dragonite\n|-supereffective|p2a: Dragonite\n|-damage|p2a: Dragonite|5\/100\n|move|p2a: Dragonite|Tera Blast|p1b: Torkoal\n|-damage|p1b: Torkoal|34\/100\n|move|p2b: Torkoal|Heat Wave|p1a: Iron Bundle|[spread] p1b\n|-miss|p2b: Torkoal|p1a: Iron Bundle\n|-resisted|p1b: Torkoal\n|-damage|p1b: Torkoal|0 fnt\n|faint|p1b: Torkoal\n|\n|-weather|SunnyDay|[upkeep]\n|upkeep\n|turn|5\n|\n|t:|1681796748\n|move|p1a: Iron Bundle|Icy Wind|p2b: Torkoal|[spread] p2a,p2b\n|-supereffective|p2a: Dragonite\n|-resisted|p2b: Torkoal\n|-damage|p2a: Dragonite|0 fnt\n|-damage|p2b: Torkoal|86\/100\n|-unboost|p2b: Torkoal|spe|1\n|faint|p2a: Dragonite\n|move|p2b: Torkoal|Earth Power|p1a: Iron Bundle\n|-damage|p1a: Iron Bundle|0 fnt\n|faint|p1a: Iron Bundle\n|-end|p1a: Iron Bundle|Quark Drive|[silent]\n|\n|win|99jiuli\n|raw|Rauky's rating: 1208 → 1177<\/strong> (-31 for losing)\n|raw|99jiuli's rating: 1116 → 1147<\/strong> (+31 for winning)\n|l|\u2606Rauky\n","uploadtime":1681796790,"views":0,"p1id":"rauky","p2id":"99jiuli","formatid":"gen9vgc2023regulationc","rating":1147,"private":0,"password":""}