{"id":"gen9vgc2023regulationc-1859380529","p1":"xxxloop","p2":"LXF pokemon","format":"[Gen 9] VGC 2023 Regulation C","log":"|j|\u2606xxxloop\n|j|\u2606LXF pokemon\n|t:|1683452216\n|gametype|doubles\n|player|p1|xxxloop|red|1607\n|player|p2|LXF pokemon|hilbert|1583\n|teamsize|p1|6\n|teamsize|p2|6\n|gen|9\n|tier|[Gen 9] VGC 2023 Regulation C\n|rated|\n|rule|Species Clause: Limit one of each Pok\u00e9mon\n|rule|Item Clause: Limit one of each item\n|clearpoke\n|poke|p1|Garganacl, L50, M|\n|poke|p1|Flutter Mane, L50|\n|poke|p1|Iron Hands, L50|\n|poke|p1|Baxcalibur, L50, F|\n|poke|p1|Corviknight, L50, M|\n|poke|p1|Amoonguss, L50, M|\n|poke|p2|Chien-Pao, L50|\n|poke|p2|Dragonite, L50, M|\n|poke|p2|Flutter Mane, L50|\n|poke|p2|Great Tusk, L50|\n|poke|p2|Talonflame, L50, M|\n|poke|p2|Gyarados, L50, F|\n|teampreview|4\n|inactive|Battle timer is ON: inactive players will automatically lose when time's up. (requested by xxxloop)\n|\n|t:|1683452248\n|start\n|switch|p1a: Garganacl|Garganacl, L50, M|100\/100\n|switch|p1b: Baxcalibur|Baxcalibur, L50, F|100\/100\n|switch|p2a: Chien-Pao|Chien-Pao, L50|100\/100\n|switch|p2b: Flutter Mane|Flutter Mane, L50|100\/100\n|-ability|p2a: Chien-Pao|Sword of Ruin\n|-enditem|p2b: Flutter Mane|Booster Energy\n|-activate|p2b: Flutter Mane|ability: Protosynthesis|[fromitem]\n|-start|p2b: Flutter Mane|protosynthesisspa\n|turn|1\n|j| VGCLight\n|\n|t:|1683452267\n|-terastallize|p1b: Baxcalibur|Ground\n|move|p2a: Chien-Pao|Protect|p2a: Chien-Pao\n|-singleturn|p2a: Chien-Pao|Protect\n|move|p2b: Flutter Mane|Protect|p2b: Flutter Mane\n|-singleturn|p2b: Flutter Mane|Protect\n|move|p1a: Garganacl|Protect|p1a: Garganacl\n|-singleturn|p1a: Garganacl|Protect\n|move|p1b: Baxcalibur|Earthquake|p2a: Chien-Pao|[spread] \n|-activate|p1a: Garganacl|move: Protect\n|-activate|p2a: Chien-Pao|move: Protect\n|-activate|p2b: Flutter Mane|move: Protect\n|\n|upkeep\n|turn|2\n|j| trisew\n|\n|t:|1683452286\n|switch|p1b: Corviknight|Corviknight, L50, M|100\/100\n|move|p2a: Chien-Pao|Ice Spinner|p1b: Corviknight\n|-damage|p1b: Corviknight|47\/100\n|-enditem|p1b: Corviknight|Sitrus Berry|[eat]\n|-heal|p1b: Corviknight|72\/100|[from] item: Sitrus Berry\n|-damage|p2a: Chien-Pao|91\/100|[from] item: Life Orb\n|move|p2b: Flutter Mane|Dazzling Gleam|p1a: Garganacl|[spread] p1a,p1b\n|-resisted|p1b: Corviknight\n|-damage|p1a: Garganacl|70\/100\n|-damage|p1b: Corviknight|53\/100\n|move|p1a: Garganacl|Salt Cure|p2a: Chien-Pao\n|-supereffective|p2a: Chien-Pao\n|-damage|p2a: Chien-Pao|49\/100\n|-start|p2a: Chien-Pao|Salt Cure\n|\n|-heal|p1a: Garganacl|75\/100|[from] item: Leftovers\n|-damage|p2a: Chien-Pao|36\/100|[from] Salt Cure\n|upkeep\n|turn|3\n|inactive|LXF pokemon has 30 seconds left.\n|inactive|xxxloop has 30 seconds left.\n|\n|t:|1683452319\n|switch|p2a: Great Tusk|Great Tusk, L50|100\/100\n|move|p2b: Flutter Mane|Protect|p2b: Flutter Mane\n|-singleturn|p2b: Flutter Mane|Protect\n|move|p1a: Garganacl|Wide Guard|p1a: Garganacl\n|-singleturn|p1a: Garganacl|Wide Guard\n|move|p1b: Corviknight|Tailwind|p1b: Corviknight\n|-sidestart|p1: xxxloop|move: Tailwind\n|\n|-heal|p1a: Garganacl|81\/100|[from] item: Leftovers\n|upkeep\n|turn|4\n|\n|t:|1683452337\n|move|p1b: Corviknight|Iron Head|p2b: Flutter Mane\n|-supereffective|p2b: Flutter Mane\n|-damage|p2b: Flutter Mane|7\/100\n|move|p2a: Great Tusk|Close Combat|p1a: Garganacl\n|-supereffective|p1a: Garganacl\n|-damage|p1a: Garganacl|0 fnt\n|-unboost|p2a: Great Tusk|def|1\n|-unboost|p2a: Great Tusk|spd|1\n|faint|p1a: Garganacl\n|move|p2b: Flutter Mane|Thunderbolt|p1b: Corviknight\n|-supereffective|p1b: Corviknight\n|-damage|p1b: Corviknight|0 fnt\n|faint|p1b: Corviknight\n|\n|upkeep\n|\n|t:|1683452351\n|switch|p1b: Iron Hands|Iron Hands, L50|100\/100\n|switch|p1a: Baxcalibur|Baxcalibur, L50, F, tera:Ground|100\/100\n|-enditem|p1b: Iron Hands|Booster Energy\n|-activate|p1b: Iron Hands|ability: Quark Drive|[fromitem]\n|-start|p1b: Iron Hands|quarkdriveatk\n|turn|5\n|\n|t:|1683452366\n|-end|p2a: Great Tusk|Protosynthesis|[silent]\n|switch|p2a: Gyarados|Gyarados, L50, F|100\/100\n|-ability|p2a: Gyarados|Intimidate|boost\n|-unboost|p1a: Baxcalibur|atk|1\n|-unboost|p1b: Iron Hands|atk|1\n|move|p2b: Flutter Mane|Protect|p2b: Flutter Mane\n|-singleturn|p2b: Flutter Mane|Protect\n|move|p1b: Iron Hands|Protect|p1b: Iron Hands\n|-singleturn|p1b: Iron Hands|Protect\n|move|p1a: Baxcalibur|Icicle Crash|p2a: Gyarados\n|-damage|p2a: Gyarados|69\/100\n|\n|upkeep\n|turn|6\n|inactive|LXF pokemon has 30 seconds left.\n|inactive|LXF pokemon has 20 seconds left.\n|\n|t:|1683452403\n|move|p2b: Flutter Mane|Protect||[still]\n|-fail|p2b: Flutter Mane\n|move|p1a: Baxcalibur|Ice Shard|p2b: Flutter Mane\n|-damage|p2b: Flutter Mane|0 fnt\n|faint|p2b: Flutter Mane\n|-end|p2b: Flutter Mane|Protosynthesis|[silent]\n|move|p1b: Iron Hands|Wild Charge|p2a: Gyarados\n|-supereffective|p2a: Gyarados\n|-damage|p2a: Gyarados|0 fnt\n|faint|p2a: Gyarados\n|-damage|p1b: Iron Hands|87\/100|[from] Recoil\n|\n|-sideend|p1: xxxloop|move: Tailwind\n|upkeep\n|\n|t:|1683452418\n|switch|p2b: Great Tusk|Great Tusk, L50|100\/100\n|switch|p2a: Chien-Pao|Chien-Pao, L50|36\/100\n|-ability|p2a: Chien-Pao|Sword of Ruin\n|turn|7\n|\n|t:|1683452440\n|-terastallize|p2b: Great Tusk|Ground\n|move|p1a: Baxcalibur|Ice Shard|p2b: Great Tusk\n|-supereffective|p2b: Great Tusk\n|-damage|p2b: Great Tusk|68\/100\n|move|p2b: Great Tusk|Headlong Rush|p1b: Iron Hands\n|-supereffective|p1b: Iron Hands\n|-damage|p1b: Iron Hands|0 fnt\n|-unboost|p2b: Great Tusk|def|1\n|-unboost|p2b: Great Tusk|spd|1\n|faint|p1b: Iron Hands\n|-end|p1b: Iron Hands|Quark Drive|[silent]\n|move|p2a: Chien-Pao|Ice Spinner|p1a: Baxcalibur\n|-supereffective|p1a: Baxcalibur\n|-damage|p1a: Baxcalibur|0 fnt\n|faint|p1a: Baxcalibur\n|-damage|p2a: Chien-Pao|27\/100|[from] item: Life Orb\n|\n|win|LXF pokemon\n|raw|xxxloop's rating: 1607 → 1586<\/strong> (-21 for losing)\n|raw|LXF pokemon's rating: 1583 → 1604<\/strong> (+21 for winning)\n|l|\u2606xxxloop\n","uploadtime":1683452466,"views":11,"p1id":"xxxloop","p2id":"lxfpokemon","formatid":"gen9vgc2023regulationc","rating":1586,"private":0,"password":""}