{"id":"gen9vgc2023regulationc-1855692173","p1":"Xavico","p2":"Noonan2579","format":"[Gen 9] VGC 2023 Regulation C","log":"|j|\u2606Xavico\n|j|\u2606Noonan2579\n|t:|1682973756\n|gametype|doubles\n|player|p1|Xavico|roark|1035\n|player|p2|Noonan2579|101|1005\n|teamsize|p1|6\n|teamsize|p2|6\n|gen|9\n|tier|[Gen 9] VGC 2023 Regulation C\n|rated|\n|rule|Species Clause: Limit one of each Pok\u00e9mon\n|rule|Item Clause: Limit one of each item\n|clearpoke\n|poke|p1|Dugtrio, L50, M|\n|poke|p1|Camerupt, L50, F|\n|poke|p1|Ting-Lu, L50|\n|poke|p1|Garganacl, L50, F|\n|poke|p1|Chien-Pao, L50|\n|poke|p1|Kingambit, L50, M|\n|poke|p2|Farigiraf, L50, M|\n|poke|p2|Iron Hands, L50|\n|poke|p2|Flutter Mane, L50|\n|poke|p2|Palafin, L50, M|\n|poke|p2|Torkoal, L50, M|\n|poke|p2|Chien-Pao, L50|\n|teampreview|4\n|\n|t:|1682973765\n|start\n|switch|p1a: Camerupt|Camerupt, L50, F|100\/100\n|switch|p1b: Ting-Lu|Ting-Lu, L50|100\/100\n|switch|p2a: Farigiraf|Farigiraf, L50, M|100\/100\n|switch|p2b: Torkoal|Torkoal, L50, M|100\/100\n|-ability|p1b: Ting-Lu|Vessel of Ruin\n|-weather|SunnyDay|[from] ability: Drought|[of] p2b: Torkoal\n|turn|1\n|\n|t:|1682973789\n|move|p2b: Torkoal|Protect|p2b: Torkoal\n|-singleturn|p2b: Torkoal|Protect\n|move|p1b: Ting-Lu|Fissure|p2a: Farigiraf|[miss]\n|-miss|p1b: Ting-Lu|p2a: Farigiraf\n|move|p1a: Camerupt|Fissure|p2a: Farigiraf\n|-damage|p2a: Farigiraf|0 fnt\n|faint|p2a: Farigiraf\n|-ohko\n|\n|-weather|SunnyDay|[upkeep]\n|upkeep\n|\n|t:|1682973804\n|switch|p2a: Palafin|Palafin, L50, M|100\/100\n|turn|2\n|c|\u2606Xavico|syg6htuikojttygh m,\n|\n|t:|1682973820\n|detailschange|p2a: Palafin|Palafin-Hero, L50, M\n|switch|p2a: Flutter Mane|Flutter Mane, L50|100\/100\n|-activate|p2a: Flutter Mane|ability: Protosynthesis\n|-start|p2a: Flutter Mane|protosynthesisspe\n|-terastallize|p2b: Torkoal|Fire\n|move|p1b: Ting-Lu|Fissure|p2a: Flutter Mane|[miss]\n|-miss|p1b: Ting-Lu|p2a: Flutter Mane\n|move|p1a: Camerupt|Will-O-Wisp|p2a: Flutter Mane\n|-status|p2a: Flutter Mane|brn\n|move|p2b: Torkoal|Eruption|p1a: Camerupt|[spread] p1a,p1b\n|-resisted|p1a: Camerupt\n|-damage|p1a: Camerupt|65\/100\n|-damage|p1b: Ting-Lu|36\/100\n|\n|-weather|SunnyDay|[upkeep]\n|-damage|p2a: Flutter Mane|94\/100 brn|[from] brn\n|upkeep\n|turn|3\n|\n|t:|1682973845\n|move|p2a: Flutter Mane|Moonblast|p1b: Ting-Lu\n|-supereffective|p1b: Ting-Lu\n|-damage|p1b: Ting-Lu|0 fnt\n|faint|p1b: Ting-Lu\n|move|p1a: Camerupt|Fissure|p2a: Flutter Mane|[miss]\n|-miss|p1a: Camerupt|p2a: Flutter Mane\n|move|p2b: Torkoal|Eruption|p1a: Camerupt\n|-resisted|p1a: Camerupt\n|-damage|p1a: Camerupt|0 fnt\n|faint|p1a: Camerupt\n|\n|-weather|SunnyDay|[upkeep]\n|-damage|p2a: Flutter Mane|88\/100 brn|[from] brn\n|upkeep\n|\n|t:|1682973858\n|switch|p1b: guy|Kingambit, L50, M|100\/100\n|switch|p1a: Garganacl|Garganacl, L50, F|100\/100\n|turn|4\n|\n|t:|1682973880\n|move|p1a: Garganacl|Wide Guard|p1a: Garganacl\n|-singleturn|p1a: Garganacl|Wide Guard\n|move|p2a: Flutter Mane|Moonblast|p1b: guy\n|-damage|p1b: guy|47\/100\n|-unboost|p1b: guy|spa|1\n|-ability|p1b: guy|Defiant|boost\n|-boost|p1b: guy|atk|2\n|move|p1b: guy|Guillotine|p1a: Garganacl\n|-damage|p1a: Garganacl|0 fnt\n|faint|p1a: Garganacl\n|-ohko\n|move|p2b: Torkoal|Eruption|p1b: guy\n|-activate|p1b: guy|move: Wide Guard\n|\n|-weather|SunnyDay|[upkeep]\n|-damage|p2a: Flutter Mane|82\/100 brn|[from] brn\n|upkeep\n|turn|5\n|\n|t:|1682973906\n|move|p2a: Flutter Mane|Moonblast|p1b: guy\n|-damage|p1b: guy|0 fnt\n|faint|p1b: guy\n|\n|win|Noonan2579\n|raw|Xavico's rating: 1035 → 1018<\/strong> (-17 for losing)\n|raw|Noonan2579's rating: 1005 → 1048<\/strong> (+43 for winning)\n","uploadtime":1682973915,"views":15,"p1id":"xavico","p2id":"noonan2579","formatid":"gen9vgc2023regulationc","rating":1018,"private":0,"password":""}