{"id":"gen9vgc2023regulationc-1862545103","p1":"PureNeutral","p2":"MaxYoo","format":"[Gen 9] VGC 2023 Regulation C","log":"|j|\u2606PureNeutral\n|j|\u2606MaxYoo\n|t:|1683899387\n|gametype|doubles\n|player|p1|PureNeutral|elesa|1494\n|player|p2|MaxYoo|101|1530\n|teamsize|p1|6\n|teamsize|p2|6\n|gen|9\n|tier|[Gen 9] VGC 2023 Regulation C\n|rated|\n|rule|Species Clause: Limit one of each Pok\u00e9mon\n|rule|Item Clause: Limit one of each item\n|clearpoke\n|poke|p1|Maushold-Four, L50|\n|poke|p1|Annihilape, L50, M|\n|poke|p1|Flutter Mane, L50|\n|poke|p1|Talonflame, L50, F|\n|poke|p1|Chien-Pao, L50|\n|poke|p1|Garchomp, L50, M|\n|poke|p2|Dragonite, L50, M|\n|poke|p2|Chien-Pao, L50|\n|poke|p2|Murkrow, L50, F|\n|poke|p2|Gholdengo, L50|\n|poke|p2|Chi-Yu, L50|\n|poke|p2|Garganacl, L50, F|\n|teampreview|4\n|\n|t:|1683899438\n|start\n|switch|p1a: Maushold|Maushold-Four, L50|100\/100\n|switch|p1b: Flutter Mane|Flutter Mane, L50|100\/100\n|switch|p2a: Murkrow|Murkrow, L50, F|100\/100\n|switch|p2b: Gholdengo|Gholdengo, L50|100\/100\n|turn|1\n|\n|t:|1683899467\n|move|p1a: Maushold|Follow Me|p1a: Maushold\n|-singleturn|p1a: Maushold|move: Follow Me\n|move|p2a: Murkrow|Tailwind|p2a: Murkrow\n|-sidestart|p2: MaxYoo|move: Tailwind\n|move|p2b: Gholdengo|Make It Rain|p1b: Flutter Mane|[spread] p1a,p1b\n|-supereffective|p1b: Flutter Mane\n|-damage|p1a: Maushold|24\/100\n|-damage|p1b: Flutter Mane|6\/100\n|-unboost|p2b: Gholdengo|spa|1\n|move|p1b: Flutter Mane|Shadow Ball|p2b: Gholdengo\n|-supereffective|p2b: Gholdengo\n|-damage|p2b: Gholdengo|0 fnt\n|faint|p2b: Gholdengo\n|\n|upkeep\n|\n|t:|1683899486\n|switch|p2b: Chien-Pao|Chien-Pao, L50|100\/100\n|-ability|p2b: Chien-Pao|Sword of Ruin\n|turn|2\n|\n|t:|1683899500\n|-end|p1b: Flutter Mane|Protosynthesis|[silent]\n|switch|p1b: Garchomp|Garchomp, L50, M|100\/100\n|move|p1a: Maushold|Follow Me|p1a: Maushold\n|-singleturn|p1a: Maushold|move: Follow Me\n|move|p2b: Chien-Pao|Ice Spinner|p1a: Maushold\n|-damage|p1a: Maushold|0 fnt\n|faint|p1a: Maushold\n|move|p2a: Murkrow|Foul Play|p1b: Garchomp\n|-damage|p1b: Garchomp|27\/100\n|-damage|p2a: Murkrow|89\/100|[from] ability: Rough Skin|[of] p1b: Garchomp\n|\n|upkeep\n|\n|t:|1683899511\n|switch|p1a: Talonflame|Talonflame, L50, F|100\/100\n|turn|3\n|j| Skylark11\n|\n|t:|1683899525\n|move|p1b: Garchomp|Protect|p1b: Garchomp\n|-singleturn|p1b: Garchomp|Protect\n|move|p2a: Murkrow|Quash|p1a: Talonflame\n|-activate|p1a: Talonflame|move: Quash\n|move|p2b: Chien-Pao|Ice Spinner|p1a: Talonflame\n|-damage|p1a: Talonflame|12\/100\n|move|p1a: Talonflame|Tailwind|p1a: Talonflame\n|-sidestart|p1: PureNeutral|move: Tailwind\n|\n|upkeep\n|turn|4\n|\n|t:|1683899560\n|-terastallize|p1b: Garchomp|Fire\n|move|p2b: Chien-Pao|Ice Spinner|p1b: Garchomp\n|-resisted|p1b: Garchomp\n|-damage|p1b: Garchomp|0 fnt\n|-damage|p2b: Chien-Pao|88\/100|[from] ability: Rough Skin|[of] p1b: Garchomp\n|faint|p1b: Garchomp\n|move|p1a: Talonflame|Brave Bird|p2b: Chien-Pao\n|-damage|p2b: Chien-Pao|8\/100\n|-damage|p1a: Talonflame|0 fnt|[from] Recoil\n|faint|p1a: Talonflame\n|move|p2a: Murkrow|Foul Play|p1: Talonflame|[notarget]\n|-fail|p2a: Murkrow\n|\n|-sideend|p2: MaxYoo|move: Tailwind\n|upkeep\n|\n|t:|1683899566\n|switch|p1b: Flutter Mane|Flutter Mane, L50|6\/100\n|turn|5\n|\n|t:|1683899582\n|move|p1b: Flutter Mane|Dazzling Gleam|p2a: Murkrow|[spread] p2a,p2b\n|-supereffective|p2a: Murkrow\n|-supereffective|p2b: Chien-Pao\n|-damage|p2a: Murkrow|0 fnt\n|-damage|p2b: Chien-Pao|0 fnt\n|faint|p2a: Murkrow\n|faint|p2b: Chien-Pao\n|\n|upkeep\n|\n|t:|1683899589\n|switch|p2b: Garganacl|Garganacl, L50, F|100\/100\n|turn|6\n|\n|t:|1683899598\n|move|p1b: Flutter Mane|Dazzling Gleam|p2b: Garganacl\n|-damage|p2b: Garganacl|61\/100\n|move|p2b: Garganacl|Salt Cure|p1b: Flutter Mane\n|-damage|p1b: Flutter Mane|0 fnt\n|faint|p1b: Flutter Mane\n|-end|p1b: Flutter Mane|Protosynthesis|[silent]\n|\n|win|MaxYoo\n|raw|PureNeutral's rating: 1494 → 1476<\/strong> (-18 for losing)\n|raw|MaxYoo's rating: 1530 → 1548<\/strong> (+18 for winning)\n|l|\u2606PureNeutral\n","uploadtime":1683899608,"views":10,"p1id":"pureneutral","p2id":"maxyoo","formatid":"gen9vgc2023regulationc","rating":1476,"private":0,"password":""}