{"id":"gen9vgc2023regulationc-1864292645","p1":"Hvac goon","p2":"cydsdad","format":"[Gen 9] VGC 2023 Regulation C","log":"|j|\u2606Hvac goon\n|j|\u2606cydsdad\n|t:|1684151340\n|gametype|doubles\n|player|p1|Hvac goon|ninjaboy|1000\n|player|p2|cydsdad|2|1050\n|teamsize|p1|6\n|teamsize|p2|6\n|gen|9\n|tier|[Gen 9] VGC 2023 Regulation C\n|rated|\n|rule|Species Clause: Limit one of each Pok\u00e9mon\n|rule|Item Clause: Limit one of each item\n|clearpoke\n|poke|p1|Talonflame, L50, F|\n|poke|p1|Garchomp, L50, F|\n|poke|p1|Flutter Mane, L50|\n|poke|p1|Baxcalibur, L50, F|\n|poke|p1|Gyarados, L50, M|\n|poke|p1|Chien-Pao, L50|\n|poke|p2|Vivillon-Fancy, L50, M|\n|poke|p2|Hydreigon, L50, F|\n|poke|p2|Slither Wing, L50|\n|poke|p2|Murkrow, L50, F|\n|poke|p2|Lurantis, L50, F|\n|poke|p2|Dragonite, L50, M|\n|teampreview|4\n|inactive|Battle timer is ON: inactive players will automatically lose when time's up. (requested by Hvac goon)\ncydsdad rejected open team sheets.\n|inactive|Hvac goon has 60 seconds left.\n|c|\u2606cydsdad|u do hvac?\n|\n|t:|1684151386\n|start\n|switch|p1a: Talonflame|Talonflame, L50, F|100\/100\n|switch|p1b: Garchomp|Garchomp, L50, F|100\/100\n|switch|p2a: Lurantis|Lurantis, L50, F, shiny|100\/100\n|switch|p2b: Murkrow|Murkrow, L50, F, shiny|100\/100\n|turn|1\n|inactive|cydsdad has 30 seconds left.\n|\n|t:|1684151419\n|-terastallize|p2a: Lurantis|Steel\n|move|p2b: Murkrow|Tailwind|p2b: Murkrow\n|-sidestart|p2: cydsdad|move: Tailwind\n|move|p1a: Talonflame|Tailwind|p1a: Talonflame\n|-sidestart|p1: Hvac goon|move: Tailwind\n|move|p1b: Garchomp|Rock Slide|p2b: Murkrow|[spread] p2a,p2b\n|-resisted|p2a: Lurantis\n|-supereffective|p2b: Murkrow\n|-damage|p2a: Lurantis|90\/100\n|-damage|p2b: Murkrow|41\/100\n|cant|p2a: Lurantis|flinch\n|\n|-heal|p2a: Lurantis|96\/100|[from] item: Leftovers\n|upkeep\n|turn|2\n|c|\u2606Hvac goon|Yea foreman\n|inactive|Hvac goon has 30 seconds left.\n|inactive|Hvac goon has 20 seconds left.\n|\n|t:|1684151454\n|move|p2a: Lurantis|Protect|p2a: Lurantis\n|-singleturn|p2a: Lurantis|Protect\n|move|p2b: Murkrow|Sucker Punch|p1a: Talonflame\n|-damage|p1a: Talonflame|65\/100\n|move|p1a: Talonflame|Air Slash|p2b: Murkrow\n|-damage|p2b: Murkrow|16\/100\n|move|p1b: Garchomp|Stomping Tantrum|p2a: Lurantis\n|-activate|p2a: Lurantis|move: Protect\n|\n|-heal|p2a: Lurantis|100\/100|[from] item: Leftovers\n|upkeep\n|turn|3\n|c|\u2606cydsdad|thats awsome im a residential electrician\n|inactive|cydsdad has 30 seconds left.\n|\n|t:|1684151485\n|move|p1a: Talonflame|Air Slash|p2b: Murkrow\n|-damage|p2b: Murkrow|0 fnt\n|faint|p2b: Murkrow\n|move|p1b: Garchomp|Stomping Tantrum|p2a: Lurantis\n|-supereffective|p2a: Lurantis\n|-damage|p2a: Lurantis|8\/100\n|move|p2a: Lurantis|Leaf Storm|p1b: Garchomp\n|-damage|p1b: Garchomp|47\/100\n|-boost|p2a: Lurantis|spa|2\n|\n|-heal|p2a: Lurantis|14\/100|[from] item: Leftovers\n|upkeep\n|\n|t:|1684151496\n|switch|p2b: Vivillon|Vivillon-Fancy, L50, M, shiny|100\/100\n|turn|4\n|\n|t:|1684151508\n|move|p2b: Vivillon|Rage Powder|p2b: Vivillon\n|-singleturn|p2b: Vivillon|move: Rage Powder\n|move|p1a: Talonflame|Air Slash|p2b: Vivillon\n|-supereffective|p2b: Vivillon\n|-enditem|p2b: Vivillon|Focus Sash\n|-damage|p2b: Vivillon|1\/100\n|move|p1b: Garchomp|Rock Slide|p2b: Vivillon|[spread] p2b\n|-miss|p1b: Garchomp|p2a: Lurantis\n|-supereffective|p2b: Vivillon\n|-crit|p2b: Vivillon\n|-damage|p2b: Vivillon|0 fnt\n|faint|p2b: Vivillon\n|move|p2a: Lurantis|Giga Drain|p1b: Garchomp\n|-damage|p1b: Garchomp|0 fnt\n|-heal|p2a: Lurantis|38\/100|[from] drain|[of] p1b: Garchomp\n|faint|p1b: Garchomp\n|\n|-heal|p2a: Lurantis|45\/100|[from] item: Leftovers\n|-sideend|p1: Hvac goon|move: Tailwind\n|-sideend|p2: cydsdad|move: Tailwind\n|upkeep\n|c|\u2606Hvac goon|Heck yea. Gotta love tradesmen\n|inactive|Hvac goon has 30 seconds left.\n|\n|t:|1684151539\n|switch|p2b: Hydreigon|Hydreigon, L50, F, shiny|100\/100\n|switch|p1b: Baxcalibur|Baxcalibur, L50, F|100\/100\n|turn|5\n|c|\u2606cydsdad|yeah not enough around these days!\n|\n|t:|1684151556\n|-terastallize|p1b: Baxcalibur|Ground\n|move|p2a: Lurantis|Protect|p2a: Lurantis\n|-singleturn|p2a: Lurantis|Protect\n|move|p1a: Talonflame|Tailwind|p1a: Talonflame\n|-sidestart|p1: Hvac goon|move: Tailwind\n|move|p1b: Baxcalibur|Earthquake|p2a: Lurantis|[spread] \n|-activate|p2a: Lurantis|move: Protect\n|-immune|p1a: Talonflame\n|-immune|p2b: Hydreigon|[from] ability: Levitate\n|move|p2b: Hydreigon|Surf|p1a: Talonflame|[spread] p1a,p1b\n|-activate|p2a: Lurantis|move: Protect\n|-supereffective|p1a: Talonflame\n|-supereffective|p1b: Baxcalibur\n|-damage|p1a: Talonflame|0 fnt\n|-damage|p1b: Baxcalibur|74\/100\n|faint|p1a: Talonflame\n|\n|-heal|p2a: Lurantis|51\/100|[from] item: Leftovers\n|upkeep\n|\n|t:|1684151575\n|switch|p1a: Flutter Mane|Flutter Mane, L50|100\/100\n|turn|6\n|\n|t:|1684151587\n|move|p1b: Baxcalibur|Ice Shard|p2b: Hydreigon\n|-supereffective|p2b: Hydreigon\n|-damage|p2b: Hydreigon|42\/100\n|-enditem|p2b: Hydreigon|Sitrus Berry|[eat]\n|-heal|p2b: Hydreigon|66\/100|[from] item: Sitrus Berry\n|move|p1a: Flutter Mane|Moonblast|p2b: Hydreigon\n|-supereffective|p2b: Hydreigon\n|-damage|p2b: Hydreigon|0 fnt\n|faint|p2b: Hydreigon\n|move|p2a: Lurantis|Giga Drain|p1b: Baxcalibur\n|-supereffective|p1b: Baxcalibur\n|-damage|p1b: Baxcalibur|0 fnt\n|-heal|p2a: Lurantis|95\/100|[from] drain|[of] p1b: Baxcalibur\n|faint|p1b: Baxcalibur\n|\n|-heal|p2a: Lurantis|100\/100|[from] item: Leftovers\n|upkeep\n|turn|7\n|\n|t:|1684151606\n|move|p1a: Flutter Mane|Moonblast|p2a: Lurantis\n|-resisted|p2a: Lurantis\n|-damage|p2a: Lurantis|53\/100\n|move|p2a: Lurantis|Leaf Storm|p1a: Flutter Mane\n|-damage|p1a: Flutter Mane|0 fnt\n|-boost|p2a: Lurantis|spa|2\n|faint|p1a: Flutter Mane\n|-end|p1a: Flutter Mane|Protosynthesis|[silent]\n|\n|win|cydsdad\n|raw|Hvac goon's rating: 1000 → 1000<\/strong> (+0 for losing)\n|raw|cydsdad's rating: 1050 → 1078<\/strong> (+28 for winning)\n|l|\u2606Hvac goon\n|c|\u2606cydsdad|gg\n|j|\u2606Hvac goon\n|player|p1|Hvac goon|ninjaboy\n|l|\u2606Hvac goon\n|player|p1|\n","uploadtime":1684151722,"views":9,"p1id":"hvacgoon","p2id":"cydsdad","formatid":"gen9vgc2023regulationc","rating":1000,"private":0,"password":""}