{"id":"gen9vgc2023regulationc-1849461302","p1":"marioman6444","p2":"battlerealm","format":"[Gen 9] VGC 2023 Regulation C","log":"|j|\u2606marioman6444\n|j|\u2606battlerealm\n|t:|1682201147\n|gametype|doubles\n|player|p1|marioman6444|hoopster|1172\n|player|p2|battlerealm|169|1175\n|teamsize|p1|6\n|teamsize|p2|6\n|gen|9\n|tier|[Gen 9] VGC 2023 Regulation C\n|rated|\n|rule|Species Clause: Limit one of each Pok\u00e9mon\n|rule|Item Clause: Limit one of each item\n|clearpoke\n|poke|p1|Murkrow, L50, F|\n|poke|p1|Tsareena, L50, F|\n|poke|p1|Flutter Mane, L50|\n|poke|p1|Roaring Moon, L50|\n|poke|p1|Ting-Lu, L50|\n|poke|p1|Arcanine, L50, M|\n|poke|p2|Talonflame, L50, M|\n|poke|p2|Brute Bonnet, L50|\n|poke|p2|Iron Valiant, L50|\n|poke|p2|Iron Bundle, L50|\n|poke|p2|Garchomp, L50, F|\n|poke|p2|Chi-Yu, L50|\n|teampreview|4\n|inactive|Battle timer is ON: inactive players will automatically lose when time's up. (requested by marioman6444)\n|inactive|marioman6444 has 60 seconds left.\n|inactive|battlerealm has 60 seconds left.\n|inactive|marioman6444 has 30 seconds left.\n|inactive|marioman6444 has 20 seconds left.\n|inactive|marioman6444 has 15 seconds left.\n|inactive|marioman6444 has 10 seconds left.\n|inactive|marioman6444 has 5 seconds left.\n|\n|t:|1682201236\n|start\n|switch|p1a: Rook|Ting-Lu, L50|100\/100\n|switch|p1b: Knight|Arcanine, L50, M|100\/100\n|switch|p2a: Talonflame|Talonflame, L50, M|100\/100\n|switch|p2b: Iron Bundle|Iron Bundle, L50|100\/100\n|-ability|p1b: Knight|Intimidate|boost\n|-unboost|p2a: Talonflame|atk|1\n|-unboost|p2b: Iron Bundle|atk|1\n|-ability|p1a: Rook|Vessel of Ruin\n|-enditem|p2b: Iron Bundle|Booster Energy\n|-activate|p2b: Iron Bundle|ability: Quark Drive|[fromitem]\n|-start|p2b: Iron Bundle|quarkdrivespe\n|turn|1\n|inactive|battlerealm has 30 seconds left.\n|\n|t:|1682201262\n|move|p2b: Iron Bundle|Protect|p2b: Iron Bundle\n|-singleturn|p2b: Iron Bundle|Protect\n|move|p2a: Talonflame|Will-O-Wisp|p1a: Rook\n|-status|p1a: Rook|brn\n|move|p1b: Knight|Snarl|p2a: Talonflame|[spread] \n|-activate|p2b: Iron Bundle|move: Protect\n|-miss|p1b: Knight|p2a: Talonflame\n|move|p1a: Rook|Stealth Rock|p2a: Talonflame\n|-sidestart|p2: battlerealm|move: Stealth Rock\n|\n|-damage|p1a: Rook|94\/100 brn|[from] brn\n|upkeep\n|turn|2\n|\n|t:|1682201287\n|move|p2a: Talonflame|Brave Bird|p1b: Knight\n|-damage|p1b: Knight|70\/100\n|-damage|p2a: Talonflame|89\/100|[from] Recoil\n|move|p2b: Iron Bundle|Hydro Pump|p1b: Knight\n|-supereffective|p1b: Knight\n|-damage|p1b: Knight|0 fnt\n|faint|p1b: Knight\n|move|p1a: Rook|Stomping Tantrum|p2b: Iron Bundle\n|-damage|p2b: Iron Bundle|82\/100\n|\n|-damage|p1a: Rook|88\/100 brn|[from] brn\n|upkeep\n|\n|t:|1682201299\n|switch|p1b: Bishop|Flutter Mane, L50, shiny|100\/100\n|turn|3\n|\n|t:|1682201318\n|move|p2b: Iron Bundle|Freeze-Dry|p1b: Bishop\n|-damage|p1b: Bishop|75\/100\n|move|p2a: Talonflame|Tailwind|p2a: Talonflame\n|-sidestart|p2: battlerealm|move: Tailwind\n|move|p1b: Bishop|Power Gem|p2a: Talonflame\n|-supereffective|p2a: Talonflame\n|-damage|p2a: Talonflame|0 fnt\n|faint|p2a: Talonflame\n|move|p1a: Rook|Ruination|p2b: Iron Bundle\n|-damage|p2b: Iron Bundle|41\/100\n|\n|-damage|p1a: Rook|82\/100 brn|[from] brn\n|upkeep\n|\n|t:|1682201336\n|switch|p2a: Garchomp|Garchomp, L50, F|100\/100\n|-damage|p2a: Garchomp|95\/100|[from] Stealth Rock\n|turn|4\n|inactive|marioman6444 has 30 seconds left.\n|\n|t:|1682201362\n|-end|p1b: Bishop|Protosynthesis|[silent]\n|switch|p1b: King|Roaring Moon, L50|100\/100\n|-enditem|p1b: King|Booster Energy\n|-activate|p1b: King|ability: Protosynthesis|[fromitem]\n|-start|p1b: King|protosynthesisatk\n|-terastallize|p2a: Garchomp|Fire\n|move|p2b: Iron Bundle|Freeze-Dry|p1a: Rook\n|-supereffective|p1a: Rook\n|-damage|p1a: Rook|43\/100 brn\n|-enditem|p1a: Rook|Weakness Policy\n|-boost|p1a: Rook|atk|2|[from] item: Weakness Policy\n|-boost|p1a: Rook|spa|2|[from] item: Weakness Policy\n|move|p2a: Garchomp|Rock Slide|p1a: Rook|[spread] p1a,p1b\n|-resisted|p1a: Rook\n|-damage|p1a: Rook|39\/100 brn\n|-damage|p1b: King|83\/100\n|cant|p1a: Rook|flinch\n|\n|-damage|p1a: Rook|33\/100 brn|[from] brn\n|upkeep\n|turn|5\n|inactive|marioman6444 has 30 seconds left.\n|inactive|battlerealm has 30 seconds left.\n|inactive|battlerealm has 20 seconds left.\n|inactive|battlerealm has 15 seconds left.\n|\n|t:|1682201407\n|-terastallize|p1a: Rook|Poison\n|move|p2b: Iron Bundle|Freeze-Dry|p1a: Rook\n|-damage|p1a: Rook|10\/100 brn\n|move|p2a: Garchomp|Rock Slide|p1b: King|[spread] p1a,p1b\n|-damage|p1a: Rook|2\/100 brn\n|-damage|p1b: King|63\/100\n|cant|p1b: King|flinch\n|cant|p1a: Rook|flinch\n|\n|-damage|p1a: Rook|0 fnt|[from] brn\n|faint|p1a: Rook\n|upkeep\n|\n|t:|1682201421\n|switch|p1a: Bishop|Flutter Mane, L50, shiny|75\/100\n|turn|6\n|\n|t:|1682201430\n|move|p1b: King|Protect|p1b: King\n|-singleturn|p1b: King|Protect\n|move|p2b: Iron Bundle|Icy Wind|p1b: King|[spread] p1a\n|-activate|p1b: King|move: Protect\n|-damage|p1a: Bishop|54\/100\n|-unboost|p1a: Bishop|spe|1\n|move|p2a: Garchomp|Swords Dance|p2a: Garchomp\n|-boost|p2a: Garchomp|atk|2\n|move|p1a: Bishop|Power Gem|p2b: Iron Bundle\n|-supereffective|p2b: Iron Bundle\n|-damage|p2b: Iron Bundle|0 fnt\n|faint|p2b: Iron Bundle\n|-end|p2b: Iron Bundle|Quark Drive|[silent]\n|\n|-sideend|p2: battlerealm|move: Tailwind\n|upkeep\n|\n|t:|1682201443\n|switch|p2b: Iron Valiant|Iron Valiant, L50|100\/100\n|-damage|p2b: Iron Valiant|94\/100|[from] Stealth Rock\n|turn|7\n|\n|t:|1682201452\n|move|p2b: Iron Valiant|Shadow Sneak|p1a: Bishop\n|-supereffective|p1a: Bishop\n|-damage|p1a: Bishop|16\/100\n|move|p2a: Garchomp|Rock Slide|p1b: King|[spread] p1b\n|-miss|p2a: Garchomp|p1a: Bishop\n|-damage|p1b: King|25\/100\n|move|p1b: King|Acrobatics|p2b: Iron Valiant\n|-supereffective|p2b: Iron Valiant\n|-damage|p2b: Iron Valiant|0 fnt\n|faint|p2b: Iron Valiant\n|-end|p2b: Iron Valiant|Quark Drive|[silent]\n|move|p1a: Bishop|Power Gem|p2a: Garchomp\n|-supereffective|p2a: Garchomp\n|-damage|p2a: Garchomp|0 fnt\n|faint|p2a: Garchomp\n|\n|win|marioman6444\n|raw|marioman6444's rating: 1172 → 1197<\/strong> (+25 for winning)\n|raw|battlerealm's rating: 1175 → 1150<\/strong> (-25 for losing)\n|l|\u2606battlerealm\n|c|\u2606marioman6444|Ggwp\n","uploadtime":1682201475,"views":6,"p1id":"marioman6444","p2id":"battlerealm","formatid":"gen9vgc2023regulationc","rating":1150,"private":0,"password":""}