{"id":"gen9vgc2023regulationc-1850787508","p1":"themanparris","p2":"JadeJazmin","format":"[Gen 9] VGC 2023 Regulation C","log":"|j|\u2606themanparris\n|j|\u2606JadeJazmin\n|t:|1682367810\n|gametype|doubles\n|player|p1|themanparris|2|1299\n|player|p2|JadeJazmin|roxie|1316\n|teamsize|p1|6\n|teamsize|p2|6\n|gen|9\n|tier|[Gen 9] VGC 2023 Regulation C\n|rated|\n|rule|Species Clause: Limit one of each Pok\u00e9mon\n|rule|Item Clause: Limit one of each item\n|clearpoke\n|poke|p1|Palafin, L50, M|\n|poke|p1|Chien-Pao, L50|\n|poke|p1|Dragapult, L50, F|\n|poke|p1|Amoonguss, L50, F|\n|poke|p1|Arcanine, L50, M|\n|poke|p1|Flutter Mane, L50|\n|poke|p2|Amoonguss, L50, F|\n|poke|p2|Hatterene, L50, F|\n|poke|p2|Torkoal, L50, F|\n|poke|p2|Kingambit, L50, M|\n|poke|p2|Annihilape, L50, F|\n|poke|p2|Indeedee-F, L50, F|\n|teampreview|4\n|inactive|Battle timer is ON: inactive players will automatically lose when time's up. (requested by themanparris)\n|inactive|themanparris has 60 seconds left.\n|inactive|JadeJazmin has 60 seconds left.\n|inactive|JadeJazmin has 30 seconds left.\n|\n|t:|1682367879\n|start\n|switch|p1a: Chien-Pao|Chien-Pao, L50|100\/100\n|switch|p1b: Dragapult|Dragapult, L50, F|100\/100\n|switch|p2a: Indeedee|Indeedee-F, L50, F|100\/100\n|switch|p2b: Clarita|Hatterene, L50, F|100\/100\n|-ability|p1a: Chien-Pao|Sword of Ruin\n|-fieldstart|move: Psychic Terrain|[from] ability: Psychic Surge|[of] p2a: Indeedee\n|-enditem|p2a: Indeedee|Psychic Seed\n|-boost|p2a: Indeedee|spd|1|[from] item: Psychic Seed\n|turn|1\n|inactive|themanparris has 30 seconds left.\n|inactive|themanparris has 20 seconds left.\n|inactive|themanparris has 15 seconds left.\n|\n|t:|1682367923\n|switch|p2a: Cmon Guy|Kingambit, L50, M|100\/100\n|-terastallize|p2b: Clarita|Fire\n|move|p1b: Dragapult|U-turn|p2a: Cmon Guy\n|-damage|p2a: Cmon Guy|70\/100\n|\n|t:|1682367930\n|switch|p1b: Deontay Wilder|Palafin, L50, M|100\/100|[from] U-turn\n|move|p1a: Chien-Pao|Ice Spinner|p2a: Cmon Guy\n|-resisted|p2a: Cmon Guy\n|-damage|p2a: Cmon Guy|50\/100\n|-fieldend|move: Psychic Terrain\n|move|p2b: Clarita|Trick Room|p2b: Clarita\n|-fieldstart|move: Trick Room|[of] p2b: Clarita\n|\n|upkeep\n|turn|2\n|inactive|themanparris has 30 seconds left.\n|inactive|themanparris has 20 seconds left.\n|inactive|themanparris has 15 seconds left.\n|inactive|themanparris has 10 seconds left.\n|inactive|themanparris has 5 seconds left.\n|\n|t:|1682367983\n|switch|p2a: Indeedee|Indeedee-F, L50, F|100\/100\n|-fieldstart|move: Psychic Terrain|[from] ability: Psychic Surge|[of] p2a: Indeedee\n|move|p1b: Deontay Wilder|Protect|p1b: Deontay Wilder\n|-singleturn|p1b: Deontay Wilder|Protect\n|move|p1a: Chien-Pao|Sucker Punch|p2b: Clarita\n|-activate|p2b: Clarita|move: Psychic Terrain\n|move|p2b: Clarita|Psychic|p1b: Deontay Wilder\n|-activate|p1b: Deontay Wilder|move: Protect\n|\n|upkeep\n|turn|3\n|inactive|themanparris has 30 seconds left.\n|inactive|JadeJazmin has 30 seconds left.\n|inactive|themanparris has 20 seconds left.\n|inactive|themanparris has 15 seconds left.\n|inactive|JadeJazmin has 20 seconds left.\n|inactive|JadeJazmin has 15 seconds left.\n|\n|t:|1682368036\n|detailschange|p1b: Deontay Wilder|Palafin-Hero, L50, M\n|switch|p1b: Flutter Mane|Flutter Mane, L50|100\/100\n|-enditem|p1b: Flutter Mane|Booster Energy\n|-activate|p1b: Flutter Mane|ability: Protosynthesis|[fromitem]\n|-start|p1b: Flutter Mane|protosynthesisspa\n|move|p1a: Chien-Pao|Protect|p1a: Chien-Pao\n|-singleturn|p1a: Chien-Pao|Protect\n|move|p2b: Clarita|Dazzling Gleam|p1b: Flutter Mane|[spread] p1b\n|-activate|p1a: Chien-Pao|move: Protect\n|-damage|p1b: Flutter Mane|54\/100\n|-damage|p2b: Clarita|91\/100|[from] item: Life Orb\n|move|p2a: Indeedee|Dazzling Gleam|p1b: Flutter Mane|[spread] p1b\n|-activate|p1a: Chien-Pao|move: Protect\n|-damage|p1b: Flutter Mane|42\/100\n|\n|upkeep\n|turn|4\n|inactive|themanparris has 30 seconds left.\n|inactive|themanparris has 20 seconds left.\n|inactive|themanparris has 15 seconds left.\n|inactive|themanparris has 10 seconds left.\n|inactive|themanparris has 5 seconds left.\n|\n|t:|1682368090\n|switch|p1a: Deontay Wilder|Palafin-Hero, L50, M|100\/100\n|-activate|p1a: Deontay Wilder|ability: Zero to Hero\n|move|p1b: Flutter Mane|Protect|p1b: Flutter Mane\n|-singleturn|p1b: Flutter Mane|Protect\n|move|p2b: Clarita|Dazzling Gleam|p1b: Flutter Mane|[spread] p1a\n|-activate|p1b: Flutter Mane|move: Protect\n|-damage|p1a: Deontay Wilder|56\/100\n|-damage|p2b: Clarita|82\/100|[from] item: Life Orb\n|move|p2a: Indeedee|Dazzling Gleam|p1a: Deontay Wilder|[spread] p1a\n|-activate|p1b: Flutter Mane|move: Protect\n|-damage|p1a: Deontay Wilder|44\/100\n|\n|upkeep\n|turn|5\n|inactive|themanparris has 30 seconds left.\n|inactive|JadeJazmin has 30 seconds left.\n|inactive|themanparris has 20 seconds left.\n|inactive|themanparris has 15 seconds left.\n|\n|t:|1682368132\n|move|p2a: Indeedee|Helping Hand|p2b: Clarita\n|-singleturn|p2b: Clarita|Helping Hand|[of] p2a: Indeedee\n|move|p1a: Deontay Wilder|Protect|p1a: Deontay Wilder\n|-singleturn|p1a: Deontay Wilder|Protect\n|move|p1b: Flutter Mane|Protect||[still]\n|-fail|p1b: Flutter Mane\n|move|p2b: Clarita|Dazzling Gleam|p1a: Deontay Wilder|[spread] p1b\n|-activate|p1a: Deontay Wilder|move: Protect\n|-damage|p1b: Flutter Mane|0 fnt\n|faint|p1b: Flutter Mane\n|-end|p1b: Flutter Mane|Protosynthesis|[silent]\n|-damage|p2b: Clarita|72\/100|[from] item: Life Orb\n|\n|-fieldend|move: Trick Room\n|upkeep\n|\n|t:|1682368146\n|switch|p1b: Chien-Pao|Chien-Pao, L50|100\/100\n|-ability|p1b: Chien-Pao|Sword of Ruin\n|turn|6\n|\n|t:|1682368168\n|move|p2b: Clarita|Protect|p2b: Clarita\n|-singleturn|p2b: Clarita|Protect\n|move|p1b: Chien-Pao|Ice Spinner|p2a: Indeedee\n|-damage|p2a: Indeedee|49\/100\n|-fieldend|move: Psychic Terrain\n|move|p1a: Deontay Wilder|Wave Crash|p2b: Clarita\n|-activate|p2b: Clarita|move: Protect\n|move|p2a: Indeedee|Trick Room|p2a: Indeedee\n|-fieldstart|move: Trick Room|[of] p2a: Indeedee\n|\n|upkeep\n|turn|7\n|inactive|themanparris has 30 seconds left.\n|inactive|JadeJazmin has 30 seconds left.\n|\n|t:|1682368200\n|switch|p2a: Yayo palizas|Torkoal, L50, F|100\/100\n|-weather|SunnyDay|[from] ability: Drought|[of] p2a: Yayo palizas\n|move|p1a: Deontay Wilder|Jet Punch|p2b: Clarita\n|-supereffective|p2b: Clarita\n|-damage|p2b: Clarita|8\/100\n|move|p2b: Clarita|Dazzling Gleam|p1a: Deontay Wilder|[spread] p1a,p1b\n|-supereffective|p1b: Chien-Pao\n|-damage|p1a: Deontay Wilder|3\/100\n|-enditem|p1b: Chien-Pao|Focus Sash\n|-damage|p1b: Chien-Pao|1\/100\n|-damage|p2b: Clarita|0 fnt|[from] item: Life Orb\n|faint|p2b: Clarita\n|move|p1b: Chien-Pao|Sacred Sword|p2a: Yayo palizas\n|-damage|p2a: Yayo palizas|70\/100\n|\n|-weather|SunnyDay|[upkeep]\n|upkeep\n|\n|t:|1682368216\n|switch|p2b: Indeedee|Indeedee-F, L50, F|49\/100\n|-fieldstart|move: Psychic Terrain|[from] ability: Psychic Surge|[of] p2b: Indeedee\n|turn|8\n|inactive|themanparris has 30 seconds left.\n|inactive|themanparris has 20 seconds left.\n|inactive|themanparris has 15 seconds left.\n|\n|t:|1682368260\n|move|p1a: Deontay Wilder|Protect|p1a: Deontay Wilder\n|-singleturn|p1a: Deontay Wilder|Protect\n|move|p1b: Chien-Pao|Protect|p1b: Chien-Pao\n|-singleturn|p1b: Chien-Pao|Protect\n|move|p2a: Yayo palizas|Eruption|p1a: Deontay Wilder|[spread] \n|-activate|p1a: Deontay Wilder|move: Protect\n|-activate|p1b: Chien-Pao|move: Protect\n|move|p2b: Indeedee|Dazzling Gleam|p1b: Chien-Pao|[spread] \n|-activate|p1a: Deontay Wilder|move: Protect\n|-activate|p1b: Chien-Pao|move: Protect\n|\n|-weather|SunnyDay|[upkeep]\n|upkeep\n|turn|9\n|inactive|themanparris has 30 seconds left.\n|\n|t:|1682368288\n|switch|p1a: Dragapult|Dragapult, L50, F|100\/100\n|move|p1b: Chien-Pao|Protect||[still]\n|-fail|p1b: Chien-Pao\n|move|p2a: Yayo palizas|Eruption|p1b: Chien-Pao|[spread] p1a,p1b\n|-resisted|p1a: Dragapult\n|-supereffective|p1b: Chien-Pao\n|-damage|p1a: Dragapult|64\/100\n|-damage|p1b: Chien-Pao|0 fnt\n|faint|p1b: Chien-Pao\n|move|p2b: Indeedee|Dazzling Gleam|p1a: Dragapult\n|-supereffective|p1a: Dragapult\n|-damage|p1a: Dragapult|13\/100\n|\n|-weather|SunnyDay|[upkeep]\n|upkeep\n|\n|t:|1682368301\n|switch|p1b: Deontay Wilder|Palafin-Hero, L50, M|3\/100\n|turn|10\n|\n|t:|1682368311\n|move|p1b: Deontay Wilder|Protect|p1b: Deontay Wilder\n|-singleturn|p1b: Deontay Wilder|Protect\n|move|p2a: Yayo palizas|Eruption|p1b: Deontay Wilder|[spread] p1a\n|-activate|p1b: Deontay Wilder|move: Protect\n|-resisted|p1a: Dragapult\n|-damage|p1a: Dragapult|0 fnt\n|faint|p1a: Dragapult\n|move|p2b: Indeedee|Dazzling Gleam|p1b: Deontay Wilder\n|-activate|p1b: Deontay Wilder|move: Protect\n|\n|-weather|SunnyDay|[upkeep]\n|-fieldend|move: Trick Room\n|upkeep\n|turn|11\n|\n|t:|1682368328\n|move|p1b: Deontay Wilder|Wave Crash|p2a: Yayo palizas\n|-supereffective|p2a: Yayo palizas\n|-damage|p2a: Yayo palizas|4\/100\n|-damage|p1b: Deontay Wilder|0 fnt|[from] Recoil\n|faint|p1b: Deontay Wilder\n|\n|win|JadeJazmin\n|raw|themanparris's rating: 1299 → 1275<\/strong> (-24 for losing)\n|raw|JadeJazmin's rating: 1316 → 1335<\/strong> (+19 for winning)\n|l|\u2606JadeJazmin\n|c|\u2606themanparris|gg wp\n","uploadtime":1682368348,"views":19,"p1id":"themanparris","p2id":"jadejazmin","formatid":"gen9vgc2023regulationc","rating":1275,"private":0,"password":""}