{"id":"gen9vgc2023regulationc-1853308647","p1":"dibz10","p2":"mugiwaraLux","format":"[Gen 9] VGC 2023 Regulation C","log":"|j|\u2606dibz10\n|j|\u2606mugiwaraLux\n|t:|1682665360\n|gametype|doubles\n|player|p1|dibz10|dawn|1288\n|player|p2|mugiwaraLux|1|1417\n|teamsize|p1|6\n|teamsize|p2|6\n|gen|9\n|tier|[Gen 9] VGC 2023 Regulation C\n|rated|\n|rule|Species Clause: Limit one of each Pok\u00e9mon\n|rule|Item Clause: Limit one of each item\n|clearpoke\n|poke|p1|Palafin, L50, F|\n|poke|p1|Chien-Pao, L50|\n|poke|p1|Dragapult, L50, M|\n|poke|p1|Amoonguss, L50, M|\n|poke|p1|Arcanine, L50, F|\n|poke|p1|Flutter Mane, L50|\n|poke|p2|Palafin, L50, F|\n|poke|p2|Amoonguss, L50, M|\n|poke|p2|Flutter Mane, L50|\n|poke|p2|Arcanine, L50, F|\n|poke|p2|Chien-Pao, L50|\n|poke|p2|Roaring Moon, L50|\n|teampreview|4\n|inactive|Battle timer is ON: inactive players will automatically lose when time's up. (requested by mugiwaraLux)\nmugiwaraLux has agreed to open team sheets.\n|j| fhhfjffjr\n|inactive|dibz10 has 60 seconds left.\n|inactive|mugiwaraLux has 60 seconds left.\n|\n|t:|1682665393\n|start\n|switch|p1a: Bundle|Chien-Pao, L50|100\/100\n|switch|p1b: Dozo|Palafin, L50, F|100\/100\n|switch|p2a: Palafin|Palafin, L50, F|100\/100\n|switch|p2b: Mimi|Flutter Mane, L50|100\/100\n|-ability|p1a: Bundle|Sword of Ruin\n|turn|1\n|\n|t:|1682665405\n|-end|p2b: Mimi|Protosynthesis|[silent]\n|switch|p2b: Arcanine|Arcanine, L50, F|100\/100\n|-ability|p2b: Arcanine|Intimidate|boost\n|-unboost|p1a: Bundle|atk|1\n|-unboost|p1b: Dozo|atk|1\n|move|p2a: Palafin|Jet Punch|p1a: Bundle\n|-damage|p1a: Bundle|67\/100\n|move|p1b: Dozo|Jet Punch|p2b: Arcanine\n|-supereffective|p2b: Arcanine\n|-damage|p2b: Arcanine|48\/100\n|move|p1a: Bundle|Ice Spinner|p2b: Arcanine\n|-resisted|p2b: Arcanine\n|-damage|p2b: Arcanine|29\/100\n|\n|upkeep\n|turn|2\n|inactive|mugiwaraLux has 30 seconds left.\n|\n|t:|1682665434\n|-terastallize|p2b: Arcanine|Flying\n|move|p1a: Bundle|Protect|p1a: Bundle\n|-singleturn|p1a: Bundle|Protect\n|move|p1b: Dozo|Jet Punch|p2b: Arcanine\n|-damage|p2b: Arcanine|2\/100\n|move|p2a: Palafin|Wave Crash|p1a: Bundle\n|-activate|p1a: Bundle|move: Protect\n|move|p2b: Arcanine|Will-O-Wisp|p1b: Dozo\n|-status|p1b: Dozo|brn\n|\n|-damage|p1b: Dozo|95\/100 brn|[from] brn\n|upkeep\n|turn|3\n|inactive|dibz10 has 30 seconds left.\n|inactive|dibz10 has 20 seconds left.\n|\n|t:|1682665474\n|switch|p1a: Dnite|Dragapult, L50, M|100\/100\n|move|p1b: Dozo|Protect|p1b: Dozo\n|-singleturn|p1b: Dozo|Protect\n|move|p2b: Arcanine|Extreme Speed|p1b: Dozo\n|-activate|p1b: Dozo|move: Protect\n|move|p2a: Palafin|Wave Crash|p1a: Dnite\n|-resisted|p1a: Dnite\n|-damage|p1a: Dnite|66\/100\n|-damage|p2a: Palafin|90\/100|[from] Recoil\n|\n|-damage|p1b: Dozo|89\/100 brn|[from] brn\n|upkeep\n|turn|4\n|\n|t:|1682665493\n|detailschange|p1b: Dozo|Palafin-Hero, L50, F\n|switch|p1b: Bundle|Chien-Pao, L50|67\/100\n|-ability|p1b: Bundle|Sword of Ruin\n|move|p2b: Arcanine|Extreme Speed|p1b: Bundle\n|-damage|p1b: Bundle|38\/100\n|move|p1a: Dnite|Dragon Darts|p2a: Palafin\n|-damage|p2a: Palafin|33\/100\n|-anim|p1a: Dnite|Dragon Darts|p2b: Arcanine\n|-damage|p2b: Arcanine|0 fnt\n|faint|p2b: Arcanine\n|move|p2a: Palafin|Wave Crash|p1a: Dnite\n|-resisted|p1a: Dnite\n|-damage|p1a: Dnite|23\/100\n|-damage|p2a: Palafin|20\/100|[from] Recoil\n|\n|upkeep\n|l| fhhfjffjr\n|\n|t:|1682665507\n|switch|p2b: Mimi|Flutter Mane, L50|100\/100\n|turn|5\n|inactive|mugiwaraLux has 30 seconds left.\n|\n|t:|1682665535\n|switch|p1a: Dozo|Palafin-Hero, L50, F|89\/100 brn\n|-activate|p1a: Dozo|ability: Zero to Hero\n|detailschange|p2a: Palafin|Palafin-Hero, L50, F\n|switch|p2a: Roaring Moon|Roaring Moon, L50|100\/100\n|-enditem|p2a: Roaring Moon|Booster Energy\n|-activate|p2a: Roaring Moon|ability: Protosynthesis|[fromitem]\n|-start|p2a: Roaring Moon|protosynthesisatk\n|move|p1b: Bundle|Ice Spinner|p2b: Mimi\n|-damage|p2b: Mimi|36\/100\n|move|p2b: Mimi|Dazzling Gleam|p1a: Dozo|[spread] p1a,p1b\n|-supereffective|p1b: Bundle\n|-damage|p1a: Dozo|50\/100 brn\n|-damage|p1b: Bundle|0 fnt\n|faint|p1b: Bundle\n|\n|-damage|p1a: Dozo|44\/100 brn|[from] brn\n|upkeep\n|\n|t:|1682665555\n|switch|p1b: Dnite|Dragapult, L50, M|23\/100\n|turn|6\n|\n|t:|1682665564\n|-end|p2b: Mimi|Protosynthesis|[silent]\n|switch|p2b: Palafin|Palafin-Hero, L50, F|20\/100\n|-activate|p2b: Palafin|ability: Zero to Hero\n|move|p1a: Dozo|Jet Punch|p2b: Palafin\n|-resisted|p2b: Palafin\n|-damage|p2b: Palafin|8\/100\n|move|p1b: Dnite|Dragon Darts|p2a: Roaring Moon\n|-supereffective|p2a: Roaring Moon\n|-damage|p2a: Roaring Moon|9\/100\n|-anim|p1b: Dnite|Dragon Darts|p2b: Palafin\n|-damage|p2b: Palafin|0 fnt\n|faint|p2b: Palafin\n|move|p2a: Roaring Moon|Dragon Dance|p2a: Roaring Moon\n|-boost|p2a: Roaring Moon|atk|1\n|-boost|p2a: Roaring Moon|spe|1\n|\n|-damage|p1a: Dozo|38\/100 brn|[from] brn\n|upkeep\n|\n|t:|1682665574\n|switch|p2b: Mimi|Flutter Mane, L50|36\/100\n|turn|7\n|\n|t:|1682665594\n|switch|p1b: ChiYu|Arcanine, L50, F|100\/100\n|-ability|p1b: ChiYu|Intimidate|boost\n|-unboost|p2a: Roaring Moon|atk|1\n|-unboost|p2b: Mimi|atk|1\n|move|p1a: Dozo|Jet Punch|p2a: Roaring Moon\n|-resisted|p2a: Roaring Moon\n|-damage|p2a: Roaring Moon|0 fnt\n|faint|p2a: Roaring Moon\n|-end|p2a: Roaring Moon|Protosynthesis|[silent]\n|move|p2b: Mimi|Dazzling Gleam|p1b: ChiYu|[spread] p1a,p1b\n|-resisted|p1b: ChiYu\n|-damage|p1a: Dozo|0 fnt\n|-damage|p1b: ChiYu|79\/100\n|faint|p1a: Dozo\n|\n|upkeep\n|c|\u2606mugiwaraLux|gg\n|\n|t:|1682665604\n|switch|p1a: Dnite|Dragapult, L50, M|23\/100\n|turn|8\n|\n|t:|1682665610\n|-terastallize|p1a: Dnite|Steel\n|move|p1a: Dnite|Tera Blast|p2b: Mimi\n|-supereffective|p2b: Mimi\n|-damage|p2b: Mimi|0 fnt\n|faint|p2b: Mimi\n|-end|p2b: Mimi|Protosynthesis|[silent]\n|\n|win|dibz10\n|raw|dibz10's rating: 1288 → 1322<\/strong> (+34 for winning)\n|raw|mugiwaraLux's rating: 1417 → 1390<\/strong> (-27 for losing)\n","uploadtime":1682665616,"views":10,"p1id":"dibz10","p2id":"mugiwaralux","formatid":"gen9vgc2023regulationc","rating":1322,"private":0,"password":""}