{"id":"gen9vgc2023regulationc-1856042188","p1":"kkkdddsss","p2":"SeydouVGC","format":"[Gen 9] VGC 2023 Regulation C","log":"|j|\u2606kkkdddsss\n|j|\u2606SeydouVGC\n|t:|1683021970\n|gametype|doubles\n|player|p1|kkkdddsss|169|1169\n|player|p2|SeydouVGC|flint|1276\n|teamsize|p1|6\n|teamsize|p2|6\n|gen|9\n|tier|[Gen 9] VGC 2023 Regulation C\n|rated|\n|rule|Species Clause: Limit one of each Pok\u00e9mon\n|rule|Item Clause: Limit one of each item\n|clearpoke\n|poke|p1|Torkoal, L50, M|\n|poke|p1|Flutter Mane, L50|\n|poke|p1|Great Tusk, L50|\n|poke|p1|Jumpluff, L50, M|\n|poke|p1|Chien-Pao, L50|\n|poke|p1|Chi-Yu, L50|\n|poke|p2|Ting-Lu, L50|\n|poke|p2|Torkoal, L50, F|\n|poke|p2|Flutter Mane, L50|\n|poke|p2|Iron Hands, L50|\n|poke|p2|Bronzong, L50|\n|poke|p2|Gyarados, L50, F|\n|teampreview|4\n|\n|t:|1683022012\n|start\n|switch|p1a: Chi-Yu|Chi-Yu, L50|100\/100\n|switch|p1b: Jumpluff|Jumpluff, L50, M|100\/100\n|switch|p2a: Iron Hands|Iron Hands, L50, shiny|100\/100\n|switch|p2b: Bronzong|Bronzong, L50|100\/100\n|-ability|p1a: Chi-Yu|Beads of Ruin\n|turn|1\n|\n|t:|1683022025\n|-terastallize|p1b: Jumpluff|Ghost\n|-terastallize|p2a: Iron Hands|Grass\n|move|p2a: Iron Hands|Fake Out|p1a: Chi-Yu\n|-damage|p1a: Chi-Yu|76\/100\n|move|p1b: Jumpluff|Sleep Powder|p2b: Bronzong\n|-activate|p2b: Bronzong|item: Safety Goggles|Sleep Powder\n|cant|p1a: Chi-Yu|flinch\n|move|p2b: Bronzong|Trick Room|p2b: Bronzong\n|-fieldstart|move: Trick Room|[of] p2b: Bronzong\n|\n|upkeep\n|turn|2\n|\n|t:|1683022048\n|switch|p1a: Flutter Mane|Flutter Mane, L50|100\/100\n|move|p2b: Bronzong|Safeguard|p2b: Bronzong\n|-sidestart|p2: SeydouVGC|Safeguard\n|move|p2a: Iron Hands|Close Combat|p1a: Flutter Mane\n|-immune|p1a: Flutter Mane\n|move|p1b: Jumpluff|Encore|p2b: Bronzong\n|-start|p2b: Bronzong|Encore\n|\n|upkeep\n|turn|3\n|\n|t:|1683022065\n|switch|p2b: Ting-Lu|Ting-Lu, L50|100\/100\n|-ability|p2b: Ting-Lu|Vessel of Ruin\n|-end|p2a: Iron Hands|Quark Drive|[silent]\n|switch|p2a: Gyarados|Gyarados, L50, F|100\/100\n|-ability|p2a: Gyarados|Intimidate|boost\n|-unboost|p1a: Flutter Mane|atk|1\n|-unboost|p1b: Jumpluff|atk|1\n|move|p1b: Jumpluff|Encore||[still]\n|-fail|p1b: Jumpluff\n|move|p1a: Flutter Mane|Trick Room|p1a: Flutter Mane\n|-fieldend|move: Trick Room\n|\n|upkeep\n|turn|4\n|\n|t:|1683022096\n|-end|p1a: Flutter Mane|Protosynthesis|[silent]\n|switch|p1a: Torkoal|Torkoal, L50, M|100\/100\n|-weather|SunnyDay|[from] ability: Drought|[of] p1a: Torkoal\n|move|p1b: Jumpluff|Sleep Powder|p2b: Ting-Lu|[miss]\n|-miss|p1b: Jumpluff|p2b: Ting-Lu\n|move|p2a: Gyarados|Iron Head|p1a: Torkoal\n|-resisted|p1a: Torkoal\n|-damage|p1a: Torkoal|94\/100\n|move|p2b: Ting-Lu|Earthquake|p1b: Jumpluff|[spread] p1a,p1b\n|-immune|p2a: Gyarados\n|-supereffective|p1a: Torkoal\n|-damage|p1a: Torkoal|43\/100\n|-damage|p1b: Jumpluff|49\/100\n|\n|-weather|SunnyDay|[upkeep]\n|upkeep\n|turn|5\n|\n|t:|1683022118\n|move|p1b: Jumpluff|Sleep Powder|p2b: Ting-Lu\n|-activate|p2b: Ting-Lu|move: Safeguard\n|move|p2a: Gyarados|Taunt|p1b: Jumpluff\n|-start|p1b: Jumpluff|move: Taunt\n|move|p2b: Ting-Lu|Earthquake|p1a: Torkoal|[spread] p1a,p1b\n|-immune|p2a: Gyarados\n|-supereffective|p1a: Torkoal\n|-damage|p1a: Torkoal|0 fnt\n|-damage|p1b: Jumpluff|0 fnt\n|faint|p1a: Torkoal\n|faint|p1b: Jumpluff\n|\n|-weather|SunnyDay|[upkeep]\n|upkeep\n|\n|t:|1683022129\n|switch|p1b: Flutter Mane|Flutter Mane, L50|100\/100\n|switch|p1a: Chi-Yu|Chi-Yu, L50|76\/100\n|-activate|p1b: Flutter Mane|ability: Protosynthesis\n|-start|p1b: Flutter Mane|protosynthesisspa\n|-ability|p1a: Chi-Yu|Beads of Ruin\n|turn|6\n|\n|t:|1683022142\n|move|p1b: Flutter Mane|Dazzling Gleam|p2a: Gyarados|[spread] p2a,p2b\n|-supereffective|p2b: Ting-Lu\n|-damage|p2a: Gyarados|53\/100\n|-damage|p2b: Ting-Lu|17\/100\n|-enditem|p2b: Ting-Lu|Weakness Policy\n|-boost|p2b: Ting-Lu|atk|2|[from] item: Weakness Policy\n|-boost|p2b: Ting-Lu|spa|2|[from] item: Weakness Policy\n|-damage|p1b: Flutter Mane|91\/100|[from] item: Life Orb\n|move|p1a: Chi-Yu|Heat Wave|p2a: Gyarados|[spread] p2a,p2b\n|-resisted|p2a: Gyarados\n|-damage|p2a: Gyarados|26\/100\n|-damage|p2b: Ting-Lu|0 fnt\n|faint|p2b: Ting-Lu\n|move|p2a: Gyarados|Iron Head|p1b: Flutter Mane\n|-supereffective|p1b: Flutter Mane\n|-damage|p1b: Flutter Mane|0 fnt\n|faint|p1b: Flutter Mane\n|-end|p1b: Flutter Mane|Protosynthesis|[silent]\n|\n|-weather|SunnyDay|[upkeep]\n|-sideend|p2: SeydouVGC|Safeguard\n|upkeep\n|-message|kkkdddsss forfeited.\n|\n|win|SeydouVGC\n|raw|kkkdddsss's rating: 1169 → 1151<\/strong> (-18 for losing)\n|raw|SeydouVGC's rating: 1276 → 1294<\/strong> (+18 for winning)\n|l|\u2606kkkdddsss\n","uploadtime":1683022159,"views":8,"p1id":"kkkdddsss","p2id":"seydouvgc","formatid":"gen9vgc2023regulationc","rating":1151,"private":0,"password":""}