{"id":"gen9vgc2023regulationc-1854932192","p1":"nizlan","p2":"haha you rage quit","format":"[Gen 9] VGC 2023 Regulation C","log":"|j|\u2606nizlan\n|j|\u2606haha you rage quit\n|t:|1682882169\n|gametype|doubles\n|player|p1|nizlan|giovanni|1228\n|player|p2|haha you rage quit|pokemaniac|1208\n|teamsize|p1|6\n|teamsize|p2|6\n|gen|9\n|tier|[Gen 9] VGC 2023 Regulation C\n|rated|\n|rule|Species Clause: Limit one of each Pok\u00e9mon\n|rule|Item Clause: Limit one of each item\n|clearpoke\n|poke|p1|Palafin, L50, F|\n|poke|p1|Ting-Lu, L50|\n|poke|p1|Garganacl, L50, M|\n|poke|p1|Flutter Mane, L50|\n|poke|p1|Arcanine, L50, F|\n|poke|p1|Gothitelle, L50, F|\n|poke|p2|Pelipper, L50, M|\n|poke|p2|Indeedee-F, L50, F|\n|poke|p2|Armarouge, L50, M|\n|poke|p2|Gastrodon, L50, M|\n|poke|p2|Hatterene, L50, F|\n|poke|p2|Kingambit, L50, M|\n|teampreview|4\n|inactive|Battle timer is ON: inactive players will automatically lose when time's up. (requested by nizlan)\n|inactive|haha you rage quit has 60 seconds left.\n|\n|t:|1682882247\n|start\n|switch|p1a: Flutter Mane|Flutter Mane, L50|100\/100\n|switch|p1b: Trap|Gothitelle, L50, F, shiny|100\/100\n|switch|p2a: Kingambit|Kingambit, L50, M, shiny|100\/100\n|switch|p2b: Hatterene|Hatterene, L50, F|100\/100\n|turn|1\n|\n|t:|1682882272\n|-end|p1a: Flutter Mane|Protosynthesis|[silent]\n|switch|p1a: Garganacl|Garganacl, L50, M|100\/100\n|move|p2b: Hatterene|Protect|p2b: Hatterene\n|-singleturn|p2b: Hatterene|Protect\n|move|p1b: Trap|Fake Out|p2b: Hatterene\n|-activate|p2b: Hatterene|move: Protect\n|move|p2a: Kingambit|Swords Dance|p2a: Kingambit\n|-boost|p2a: Kingambit|atk|2\n|\n|upkeep\n|turn|2\n|inactive|haha you rage quit has 30 seconds left.\n|\n|t:|1682882303\n|switch|p1b: Ting-Lu|Ting-Lu, L50|100\/100\n|-ability|p1b: Ting-Lu|Vessel of Ruin\n|-terastallize|p1a: Garganacl|Poison\n|move|p1a: Garganacl|Salt Cure|p2a: Kingambit\n|-resisted|p2a: Kingambit\n|-damage|p2a: Kingambit|95\/100\n|-start|p2a: Kingambit|Salt Cure\n|move|p2a: Kingambit|Low Kick|p1a: Garganacl\n|-resisted|p1a: Garganacl\n|-damage|p1a: Garganacl|70\/100\n|move|p2b: Hatterene|Psychic|p1a: Garganacl\n|-supereffective|p1a: Garganacl\n|-damage|p1a: Garganacl|2\/100\n|-damage|p2b: Hatterene|91\/100|[from] item: Life Orb\n|\n|-heal|p1a: Garganacl|8\/100|[from] item: Leftovers\n|-damage|p2a: Kingambit|71\/100|[from] Salt Cure\n|upkeep\n|turn|3\n|inactive|haha you rage quit has 30 seconds left.\n|\n|t:|1682882335\n|-terastallize|p2a: Kingambit|Flying\n|move|p1a: Garganacl|Protect|p1a: Garganacl\n|-singleturn|p1a: Garganacl|Protect\n|move|p1b: Ting-Lu|Stomping Tantrum|p2a: Kingambit\n|-immune|p2a: Kingambit\n|move|p2a: Kingambit|Low Kick|p1b: Ting-Lu\n|-supereffective|p1b: Ting-Lu\n|-damage|p1b: Ting-Lu|11\/100\n|move|p2b: Hatterene|Trick Room|p2b: Hatterene\n|-fieldstart|move: Trick Room|[of] p2b: Hatterene\n|\n|-heal|p1a: Garganacl|14\/100|[from] item: Leftovers\n|-damage|p2a: Kingambit|58\/100|[from] Salt Cure\n|upkeep\n|turn|4\n|inactive|nizlan has 30 seconds left.\n|inactive|nizlan has 20 seconds left.\n|inactive|nizlan has 15 seconds left.\n|\n|t:|1682882375\n|switch|p1a: Trap|Gothitelle, L50, F, shiny|100\/100\n|move|p2b: Hatterene|Psychic|p1a: Trap\n|-resisted|p1a: Trap\n|-damage|p1a: Trap|81\/100\n|-damage|p2b: Hatterene|81\/100|[from] item: Life Orb\n|move|p2a: Kingambit|Kowtow Cleave|p1b: Ting-Lu\n|-resisted|p1b: Ting-Lu\n|-damage|p1b: Ting-Lu|0 fnt\n|faint|p1b: Ting-Lu\n|\n|-damage|p2a: Kingambit|46\/100|[from] Salt Cure\n|upkeep\n|\n|t:|1682882387\n|switch|p1b: Garganacl|Garganacl, L50, M, tera:Poison|14\/100\n|turn|5\n|\n|t:|1682882407\n|move|p1b: Garganacl|Protect|p1b: Garganacl\n|-singleturn|p1b: Garganacl|Protect\n|move|p1a: Trap|Protect|p1a: Trap\n|-singleturn|p1a: Trap|Protect\n|move|p2b: Hatterene|Psychic|p1b: Garganacl\n|-activate|p1b: Garganacl|move: Protect\n|move|p2a: Kingambit|Kowtow Cleave|p1b: Garganacl\n|-activate|p1b: Garganacl|move: Protect\n|\n|-heal|p1b: Garganacl|20\/100|[from] item: Leftovers\n|-damage|p2a: Kingambit|34\/100|[from] Salt Cure\n|upkeep\n|turn|6\n|inactive|nizlan has 30 seconds left.\n|inactive|nizlan has 20 seconds left.\n|inactive|nizlan has 15 seconds left.\n|inactive|nizlan has 10 seconds left.\n|inactive|nizlan has 5 seconds left.\n|\n|t:|1682882460\n|move|p2b: Hatterene|Psychic|p1b: Garganacl\n|-supereffective|p1b: Garganacl\n|-damage|p1b: Garganacl|0 fnt\n|faint|p1b: Garganacl\n|-damage|p2b: Hatterene|71\/100|[from] item: Life Orb\n|move|p2a: Kingambit|Kowtow Cleave|p1a: Trap\n|-supereffective|p1a: Trap\n|-damage|p1a: Trap|0 fnt\n|faint|p1a: Trap\n|\n|-damage|p2a: Kingambit|22\/100|[from] Salt Cure\n|upkeep\n|-message|nizlan forfeited.\n|\n|win|haha you rage quit\n|raw|nizlan's rating: 1228 → 1202<\/strong> (-26 for losing)\n|raw|haha you rage quit's rating: 1208 → 1234<\/strong> (+26 for winning)\n|l|\u2606nizlan\n","uploadtime":1682882480,"views":6,"p1id":"nizlan","p2id":"hahayouragequit","formatid":"gen9vgc2023regulationc","rating":1202,"private":0,"password":""}