{"id":"gen9vgc2023regulationc-1859352217","p1":"williayuchiyan","p2":"pupulovessixsheep","format":"[Gen 9] VGC 2023 Regulation C","log":"|j|\u2606williayuchiyan\n|j|\u2606pupulovessixsheep\n|t:|1683443803\n|gametype|doubles\n|player|p1|williayuchiyan|steven|1177\n|player|p2|pupulovessixsheep|265|1196\n|teamsize|p1|6\n|teamsize|p2|6\n|gen|9\n|tier|[Gen 9] VGC 2023 Regulation C\n|rated|\n|rule|Species Clause: Limit one of each Pok\u00e9mon\n|rule|Item Clause: Limit one of each item\n|clearpoke\n|poke|p1|Dragalge, L50, M|\n|poke|p1|Hatterene, L50, F|\n|poke|p1|Bronzong, L50|\n|poke|p1|Torkoal, L50, M|\n|poke|p1|Scovillain, L50, M|\n|poke|p1|Clawitzer, L50, M|\n|poke|p2|Talonflame, L50, M|\n|poke|p2|Chi-Yu, L50|\n|poke|p2|Flutter Mane, L50|\n|poke|p2|Amoonguss, L50, F|\n|poke|p2|Tyranitar, L50, F|\n|poke|p2|Houndstone, L50, M|\n|teampreview|4\n|\n|t:|1683443828\n|start\n|switch|p1a: Torkoal|Torkoal, L50, M, shiny|100\/100\n|switch|p1b: Scovillain|Scovillain, L50, M, shiny|100\/100\n|switch|p2a: Amoonguss|Amoonguss, L50, F|100\/100\n|switch|p2b: Chi-Yu|Chi-Yu, L50|100\/100\n|-ability|p2b: Chi-Yu|Beads of Ruin\n|-weather|SunnyDay|[from] ability: Drought|[of] p1a: Torkoal\n|turn|1\n|inactive|Battle timer is ON: inactive players will automatically lose when time's up. (requested by pupulovessixsheep)\n|\n|t:|1683443848\n|switch|p2a: Tyranitar|Tyranitar, L50, F, shiny|100\/100\n|-weather|Sandstorm|[from] ability: Sand Stream|[of] p2a: Tyranitar\n|move|p2b: Chi-Yu|Heat Wave|p1b: Scovillain|[spread] p1a,p1b\n|-resisted|p1a: Torkoal\n|-damage|p1a: Torkoal|65\/100\n|-enditem|p1b: Scovillain|Focus Sash\n|-damage|p1b: Scovillain|1\/100\n|move|p1b: Scovillain|Flamethrower|p2a: Tyranitar\n|-resisted|p2a: Tyranitar\n|-damage|p2a: Tyranitar|82\/100\n|move|p1a: Torkoal|Eruption|p2b: Chi-Yu|[spread] p2a,p2b\n|-resisted|p2a: Tyranitar\n|-resisted|p2b: Chi-Yu\n|-damage|p2a: Tyranitar|67\/100\n|-damage|p2b: Chi-Yu|79\/100\n|\n|-weather|Sandstorm|[upkeep]\n|-damage|p2b: Chi-Yu|73\/100|[from] Sandstorm\n|-damage|p1b: Scovillain|0 fnt|[from] Sandstorm\n|-damage|p1a: Torkoal|59\/100|[from] Sandstorm\n|faint|p1b: Scovillain\n|upkeep\n|\n|t:|1683443867\n|switch|p1b: Bronzong|Bronzong, L50, shiny|100\/100\n|turn|2\n|\n|t:|1683443887\n|switch|p1b: Dragalge|Dragalge, L50, M, shiny|100\/100\n|move|p2b: Chi-Yu|Heat Wave|p1a: Torkoal|[spread] p1a,p1b\n|-resisted|p1a: Torkoal\n|-resisted|p1b: Dragalge\n|-damage|p1a: Torkoal|20\/100\n|-damage|p1b: Dragalge|75\/100\n|move|p2a: Tyranitar|Fire Punch|p1b: Dragalge\n|-resisted|p1b: Dragalge\n|-damage|p1b: Dragalge|62\/100\n|move|p1a: Torkoal|Earth Power|p2b: Chi-Yu\n|-supereffective|p2b: Chi-Yu\n|-damage|p2b: Chi-Yu|15\/100\n|\n|-weather|Sandstorm|[upkeep]\n|-damage|p2b: Chi-Yu|9\/100|[from] Sandstorm\n|-damage|p1b: Dragalge|56\/100|[from] Sandstorm\n|-damage|p1a: Torkoal|13\/100|[from] Sandstorm\n|upkeep\n|turn|3\n|\n|t:|1683443905\n|-terastallize|p1b: Dragalge|Ground\n|move|p1b: Dragalge|Protect|p1b: Dragalge\n|-singleturn|p1b: Dragalge|Protect\n|move|p2b: Chi-Yu|Heat Wave|p1b: Dragalge|[spread] p1a\n|-activate|p1b: Dragalge|move: Protect\n|-resisted|p1a: Torkoal\n|-damage|p1a: Torkoal|0 fnt\n|faint|p1a: Torkoal\n|move|p2a: Tyranitar|Rock Slide|p1b: Dragalge\n|-activate|p1b: Dragalge|move: Protect\n|\n|-weather|Sandstorm|[upkeep]\n|-damage|p2b: Chi-Yu|3\/100|[from] Sandstorm\n|upkeep\n|\n|t:|1683443918\n|switch|p1a: Bronzong|Bronzong, L50, shiny|100\/100\n|turn|4\n|\n|t:|1683443928\n|move|p2b: Chi-Yu|Heat Wave|p1a: Bronzong|[spread] p1a,p1b\n|-supereffective|p1a: Bronzong\n|-damage|p1a: Bronzong|17\/100\n|-damage|p1b: Dragalge|9\/100\n|move|p2a: Tyranitar|Fire Punch|p1a: Bronzong\n|-supereffective|p1a: Bronzong\n|-damage|p1a: Bronzong|0 fnt\n|faint|p1a: Bronzong\n|move|p1b: Dragalge|Tera Blast|p2a: Tyranitar\n|-supereffective|p2a: Tyranitar\n|-damage|p2a: Tyranitar|0 fnt\n|faint|p2a: Tyranitar\n|\n|-weather|Sandstorm|[upkeep]\n|-damage|p2b: Chi-Yu|0 fnt|[from] Sandstorm\n|faint|p2b: Chi-Yu\n|upkeep\n|\n|t:|1683443944\n|switch|p2b: Amoonguss|Amoonguss, L50, F|100\/100\n|switch|p2a: \u5c0f\u767d|Houndstone, L50, M, shiny|100\/100\n|turn|5\n|-message|williayuchiyan forfeited.\n|\n|win|pupulovessixsheep\n|raw|williayuchiyan's rating: 1177 → 1153<\/strong> (-24 for losing)\n|raw|pupulovessixsheep's rating: 1196 → 1220<\/strong> (+24 for winning)\n|l|\u2606williayuchiyan\n","uploadtime":1683443961,"views":7,"p1id":"williayuchiyan","p2id":"pupulovessixsheep","formatid":"gen9vgc2023regulationc","rating":1153,"private":0,"password":""}