{"id":"gen9vgc2023regulationc-1860280452","p1":"TTVLilTiMmY","p2":"fgdfg54","format":"[Gen 9] VGC 2023 Regulation C","log":"|j|\u2606TTVLilTiMmY\n|j|\u2606fgdfg54\n|t:|1683624718\n|gametype|doubles\n|player|p1|TTVLilTiMmY|101|1036\n|player|p2|fgdfg54|169|1068\n|teamsize|p1|6\n|teamsize|p2|6\n|gen|9\n|tier|[Gen 9] VGC 2023 Regulation C\n|rated|\n|rule|Species Clause: Limit one of each Pok\u00e9mon\n|rule|Item Clause: Limit one of each item\n|clearpoke\n|poke|p1|Great Tusk, L50|\n|poke|p1|Flutter Mane, L50|\n|poke|p1|Corviknight, L50, F|\n|poke|p1|Chi-Yu, L50|\n|poke|p1|Murkrow, L50, M|\n|poke|p1|Brute Bonnet, L50|\n|poke|p2|Torkoal, L50, M|\n|poke|p2|Chi-Yu, L50|\n|poke|p2|Bronzong, L50|\n|poke|p2|Gastrodon, L50, M|\n|poke|p2|Grimmsnarl, L50, M|\n|poke|p2|Skeledirge, L50, F|\n|teampreview|4\n|inactive|Battle timer is ON: inactive players will automatically lose when time's up. (requested by TTVLilTiMmY)\n|\n|t:|1683624737\n|start\n|switch|p1a: Murkrow|Murkrow, L50, M|100\/100\n|switch|p1b: Corviknight|Corviknight, L50, F|100\/100\n|switch|p2a: Grimmsnarl|Grimmsnarl, L50, M|100\/100\n|switch|p2b: Chi-Yu|Chi-Yu, L50|100\/100\n|-ability|p2b: Chi-Yu|Beads of Ruin\n|turn|1\n|\n|t:|1683624760\n|-terastallize|p1b: Corviknight|Fire\n|move|p1a: Murkrow|Taunt|p2a: Grimmsnarl\n|-hint|Since gen 7, Dark is immune to Prankster moves.\n|-immune|p2a: Grimmsnarl\n|move|p2a: Grimmsnarl|Trick|p1b: Corviknight\n|-activate|p2a: Grimmsnarl|move: Trick|[of] p1b: Corviknight\n|-item|p1b: Corviknight|Lagging Tail|[from] move: Trick\n|-item|p2a: Grimmsnarl|Choice Band|[from] move: Trick\n|move|p2b: Chi-Yu|Substitute|p2b: Chi-Yu\n|-start|p2b: Chi-Yu|Substitute\n|-damage|p2b: Chi-Yu|76\/100\n|move|p1b: Corviknight|U-turn|p2b: Chi-Yu\n|-end|p2b: Chi-Yu|Substitute\n|\n|t:|1683624774\n|switch|p1b: Great Tusk|Great Tusk, L50|100\/100|[from] U-turn\n|\n|upkeep\n|turn|2\n|\n|t:|1683624782\n|-end|p1b: Great Tusk|Protosynthesis|[silent]\n|switch|p1b: Brute Bonnet|Brute Bonnet, L50|100\/100\n|move|p2b: Chi-Yu|Protect|p2b: Chi-Yu\n|-singleturn|p2b: Chi-Yu|Protect\n|move|p1a: Murkrow|Tailwind|p1a: Murkrow\n|-sidestart|p1: TTVLilTiMmY|move: Tailwind\n|move|p2a: Grimmsnarl|Spirit Break|p1b: Brute Bonnet\n|-supereffective|p1b: Brute Bonnet\n|-damage|p1b: Brute Bonnet|6\/100\n|-unboost|p1b: Brute Bonnet|spa|1\n|\n|upkeep\n|turn|3\n|\n|t:|1683624804\n|switch|p2b: Torkoal|Torkoal, L50, M|100\/100\n|-weather|SunnyDay|[from] ability: Drought|[of] p2b: Torkoal\n|-activate|p1b: Brute Bonnet|ability: Protosynthesis\n|-start|p1b: Brute Bonnet|protosynthesisspd\n|switch|p2a: Skeledirge|Skeledirge, L50, F|100\/100\n|move|p1a: Murkrow|Sunny Day||[still]\n|-fail|p1a: Murkrow\n|move|p1b: Brute Bonnet|Spore|p2b: Torkoal\n|-activate|p2b: Torkoal|item: Safety Goggles|Spore\n|\n|-weather|SunnyDay|[upkeep]\n|upkeep\n|turn|4\n|\n|t:|1683624826\n|move|p2a: Skeledirge|Protect|p2a: Skeledirge\n|-singleturn|p2a: Skeledirge|Protect\n|move|p1a: Murkrow|Taunt|p2a: Skeledirge\n|-activate|p2a: Skeledirge|move: Protect\n|move|p1b: Brute Bonnet|Spore|p2a: Skeledirge\n|-activate|p2a: Skeledirge|move: Protect\n|move|p2b: Torkoal|Eruption|p1a: Murkrow|[spread] p1a,p1b\n|-supereffective|p1b: Brute Bonnet\n|-damage|p1a: Murkrow|16\/100\n|-damage|p1b: Brute Bonnet|0 fnt\n|faint|p1b: Brute Bonnet\n|-end|p1b: Brute Bonnet|Protosynthesis|[silent]\n|\n|-weather|SunnyDay|[upkeep]\n|-heal|p1a: Murkrow|22\/100|[from] item: Leftovers\n|upkeep\n|\n|t:|1683624839\n|switch|p1b: Great Tusk|Great Tusk, L50|100\/100\n|-activate|p1b: Great Tusk|ability: Protosynthesis\n|-start|p1b: Great Tusk|protosynthesisatk\n|turn|5\n|\n|t:|1683624849\n|switch|p1a: Corviknight|Corviknight, L50, F, tera:Fire|100\/100\n|-terastallize|p2a: Skeledirge|Fairy\n|move|p2b: Torkoal|Protect|p2b: Torkoal\n|-singleturn|p2b: Torkoal|Protect\n|move|p1b: Great Tusk|Rock Slide|p2b: Torkoal|[spread] p2a\n|-activate|p2b: Torkoal|move: Protect\n|-damage|p2a: Skeledirge|79\/100\n|move|p2a: Skeledirge|Tera Blast|p1b: Great Tusk\n|-supereffective|p1b: Great Tusk\n|-damage|p1b: Great Tusk|0 fnt\n|faint|p1b: Great Tusk\n|-end|p1b: Great Tusk|Protosynthesis|[silent]\n|\n|-weather|SunnyDay|[upkeep]\n|-heal|p2a: Skeledirge|85\/100|[from] item: Leftovers\n|-sideend|p1: TTVLilTiMmY|move: Tailwind\n|upkeep\n|-message|TTVLilTiMmY forfeited.\n|\n|win|fgdfg54\n|raw|TTVLilTiMmY's rating: 1036 → 1022<\/strong> (-14 for losing)\n|raw|fgdfg54's rating: 1068 → 1095<\/strong> (+27 for winning)\n|l|\u2606TTVLilTiMmY\n","uploadtime":1683624869,"views":4,"p1id":"ttvliltimmy","p2id":"fgdfg54","formatid":"gen9vgc2023regulationc","rating":1022,"private":0,"password":""}