{"id":"gen9vgc2023regulationc-1847230906","p1":"dreamswgh","p2":"Betsie","format":"[Gen 9] VGC 2023 Regulation C","log":"|j|\u2606dreamswgh\n|j|\u2606Betsie\n|t:|1681929774\n|gametype|doubles\n|player|p1|dreamswgh|nate|1314\n|player|p2|Betsie|klara|1249\n|teamsize|p1|6\n|teamsize|p2|6\n|gen|9\n|tier|[Gen 9] VGC 2023 Regulation C\n|rated|\n|rule|Species Clause: Limit one of each Pok\u00e9mon\n|rule|Item Clause: Limit one of each item\n|clearpoke\n|poke|p1|Torkoal, L50, F|\n|poke|p1|Flutter Mane, L50|\n|poke|p1|Indeedee-F, L50, F|\n|poke|p1|Hatterene, L50, F|\n|poke|p1|Corviknight, L50, F|\n|poke|p1|Mudsdale, L50, M|\n|poke|p2|Ting-Lu, L50|\n|poke|p2|Palafin, L50, F|\n|poke|p2|Flutter Mane, L50|\n|poke|p2|Amoonguss, L50, F|\n|poke|p2|Dragonite, L50, M|\n|poke|p2|Chi-Yu, L50|\n|teampreview|4\n|inactive|Battle timer is ON: inactive players will automatically lose when time's up. (requested by Betsie)\ndreamswgh has agreed to open team sheets.\n|inactive|dreamswgh has 60 seconds left.\n|inactive|dreamswgh has 30 seconds left.\n|inactive|Betsie has 60 seconds left.\n|inactive|dreamswgh has 20 seconds left.\n|\n|t:|1681929846\n|start\n|switch|p1a: Nevada|Indeedee-F, L50, F|100\/100\n|switch|p1b: Okalahoma|Corviknight, L50, F|100\/100\n|switch|p2a: Chi-Yu|Chi-Yu, L50|100\/100\n|switch|p2b: Flutter Mane|Flutter Mane, L50|100\/100\n|-ability|p2a: Chi-Yu|Beads of Ruin\n|-fieldstart|move: Psychic Terrain|[from] ability: Psychic Surge|[of] p1a: Nevada\n|-enditem|p1a: Nevada|Psychic Seed\n|-boost|p1a: Nevada|spd|1|[from] item: Psychic Seed\n|-enditem|p2b: Flutter Mane|Booster Energy\n|-activate|p2b: Flutter Mane|ability: Protosynthesis|[fromitem]\n|-start|p2b: Flutter Mane|protosynthesisspe\n|turn|1\n|\n|t:|1681929863\n|-terastallize|p2a: Chi-Yu|Fire\n|-terastallize|p1b: Okalahoma|Fire\n|move|p2b: Flutter Mane|Dazzling Gleam|p1a: Nevada|[spread] p1a,p1b\n|-resisted|p1b: Okalahoma\n|-damage|p1a: Nevada|75\/100\n|-damage|p1b: Okalahoma|82\/100\n|move|p2a: Chi-Yu|Heat Wave|p1b: Okalahoma|[spread] p1a,p1b\n|-resisted|p1b: Okalahoma\n|-damage|p1a: Nevada|34\/100\n|-damage|p1b: Okalahoma|50\/100\n|move|p1b: Okalahoma|U-turn|p2a: Chi-Yu\n|-resisted|p2a: Chi-Yu\n|-damage|p2a: Chi-Yu|78\/100\n|inactive|dreamswgh has 30 seconds left.\n|\n|t:|1681929894\n|switch|p1b: Arizona|Torkoal, L50, F|100\/100|[from] U-turn\n|-weather|SunnyDay|[from] ability: Drought|[of] p1b: Arizona\n|move|p1a: Nevada|Trick Room|p1a: Nevada\n|-fieldstart|move: Trick Room|[of] p1a: Nevada\n|\n|-weather|SunnyDay|[upkeep]\n|upkeep\n|turn|2\n|\n|t:|1681929905\n|move|p1a: Nevada|Helping Hand|p1b: Arizona\n|-singleturn|p1b: Arizona|Helping Hand|[of] p1a: Nevada\n|move|p2a: Chi-Yu|Protect|p2a: Chi-Yu\n|-singleturn|p2a: Chi-Yu|Protect\n|move|p2b: Flutter Mane|Protect|p2b: Flutter Mane\n|-singleturn|p2b: Flutter Mane|Protect\n|move|p1b: Arizona|Eruption|p2a: Chi-Yu|[spread] \n|-activate|p2a: Chi-Yu|move: Protect\n|-activate|p2b: Flutter Mane|move: Protect\n|\n|-weather|SunnyDay|[upkeep]\n|upkeep\n|turn|3\n|\n|t:|1681929914\n|-end|p2b: Flutter Mane|Protosynthesis|[silent]\n|switch|p2b: Ting-Lu|Ting-Lu, L50|100\/100\n|-ability|p2b: Ting-Lu|Vessel of Ruin\n|move|p1a: Nevada|Helping Hand|p1b: Arizona\n|-singleturn|p1b: Arizona|Helping Hand|[of] p1a: Nevada\n|move|p1b: Arizona|Eruption|p2b: Ting-Lu|[spread] p2a,p2b\n|-resisted|p2a: Chi-Yu\n|-damage|p2a: Chi-Yu|24\/100\n|-damage|p2b: Ting-Lu|40\/100\n|move|p2a: Chi-Yu|Heat Wave|p1b: Arizona|[spread] p1a,p1b\n|-resisted|p1b: Arizona\n|-damage|p1a: Nevada|0 fnt\n|-damage|p1b: Arizona|52\/100\n|faint|p1a: Nevada\n|\n|-weather|SunnyDay|[upkeep]\n|upkeep\n|\n|t:|1681929928\n|switch|p1a: New Mexico|Hatterene, L50, F|100\/100\n|turn|4\n|\n|t:|1681929938\n|move|p2a: Chi-Yu|Protect|p2a: Chi-Yu\n|-singleturn|p2a: Chi-Yu|Protect\n|move|p1b: Arizona|Eruption|p2b: Ting-Lu|[spread] p2b\n|-activate|p2a: Chi-Yu|move: Protect\n|-damage|p2b: Ting-Lu|18\/100\n|move|p1a: New Mexico|Dazzling Gleam|p2a: Chi-Yu|[spread] p2b\n|-activate|p2a: Chi-Yu|move: Protect\n|-supereffective|p2b: Ting-Lu\n|-damage|p2b: Ting-Lu|0 fnt\n|faint|p2b: Ting-Lu\n|-damage|p1a: New Mexico|91\/100|[from] item: Life Orb\n|\n|-weather|SunnyDay|[upkeep]\n|upkeep\n|\n|t:|1681929950\n|switch|p2b: Flutter Mane|Flutter Mane, L50|100\/100\n|-activate|p2b: Flutter Mane|ability: Protosynthesis\n|-start|p2b: Flutter Mane|protosynthesisspe\n|turn|5\n|\n|t:|1681929957\n|switch|p2a: Amoonguss|Amoonguss, L50, F|100\/100\n|move|p2b: Flutter Mane|Protect|p2b: Flutter Mane\n|-singleturn|p2b: Flutter Mane|Protect\n|move|p1b: Arizona|Eruption|p2b: Flutter Mane|[spread] p2a\n|-activate|p2b: Flutter Mane|move: Protect\n|-supereffective|p2a: Amoonguss\n|-damage|p2a: Amoonguss|27\/100\n|-enditem|p2a: Amoonguss|Sitrus Berry|[eat]\n|-heal|p2a: Amoonguss|51\/100|[from] item: Sitrus Berry\n|move|p1a: New Mexico|Dazzling Gleam|p2a: Amoonguss|[spread] p2a\n|-activate|p2b: Flutter Mane|move: Protect\n|-resisted|p2a: Amoonguss\n|-damage|p2a: Amoonguss|32\/100\n|-damage|p1a: New Mexico|82\/100|[from] item: Life Orb\n|\n|-weather|none\n|-end|p2b: Flutter Mane|Protosynthesis\n|-fieldend|move: Trick Room\n|-fieldend|move: Psychic Terrain\n|upkeep\n|turn|6\n|\n|t:|1681929981\n|move|p1b: Arizona|Protect|p1b: Arizona\n|-singleturn|p1b: Arizona|Protect\n|move|p2b: Flutter Mane|Shadow Ball|p1a: New Mexico\n|-supereffective|p1a: New Mexico\n|-damage|p1a: New Mexico|0 fnt\n|faint|p1a: New Mexico\n|move|p2a: Amoonguss|Clear Smog|p1b: Arizona\n|-activate|p1b: Arizona|move: Protect\n|\n|upkeep\n|\n|t:|1681929989\n|switch|p1a: Okalahoma|Corviknight, L50, F, tera:Fire|50\/100\n|turn|7\n|\n|t:|1681930003\n|move|p2b: Flutter Mane|Shadow Ball|p1a: Okalahoma\n|-damage|p1a: Okalahoma|8\/100\n|-ability|p1a: Okalahoma|Mirror Armor\n|-unboost|p2b: Flutter Mane|spd|1\n|move|p1a: Okalahoma|Brave Bird|p2b: Flutter Mane\n|-damage|p2b: Flutter Mane|0 fnt\n|faint|p2b: Flutter Mane\n|-end|p2b: Flutter Mane|Protosynthesis|[silent]\n|-damage|p1a: Okalahoma|0 fnt|[from] Recoil\n|faint|p1a: Okalahoma\n|move|p2a: Amoonguss|Spore|p1b: Arizona\n|-status|p1b: Arizona|slp|[from] move: Spore\n|cant|p1b: Arizona|slp\n|\n|upkeep\n|\n|t:|1681930006\n|switch|p2b: Chi-Yu|Chi-Yu, L50, tera:Fire|24\/100\n|-ability|p2b: Chi-Yu|Beads of Ruin\n|turn|8\n|\n|t:|1681930029\n|move|p2b: Chi-Yu|Dark Pulse|p1b: Arizona\n|-damage|p1b: Arizona|0 fnt\n|faint|p1b: Arizona\n|\n|win|Betsie\n|raw|dreamswgh's rating: 1314 → 1290<\/strong> (-24 for losing)\n|raw|Betsie's rating: 1249 → 1279<\/strong> (+30 for winning)\n|c|\u2606dreamswgh|ggwp\n|c|\u2606Betsie|gg\n","uploadtime":1681930040,"views":14,"p1id":"dreamswgh","p2id":"betsie","formatid":"gen9vgc2023regulationc","rating":1279,"private":0,"password":""}