{"id":"gen9vgc2023regulationc-1860744193","p1":"RadiantBlue4552","p2":"tigeronyx","format":"[Gen 9] VGC 2023 Regulation C","log":"|j|\u2606RadiantBlue4552\n|j|\u2606tigeronyx\n|t:|1683672614\n|gametype|doubles\n|player|p1|RadiantBlue4552|266|1312\n|player|p2|tigeronyx|101|1413\n|teamsize|p1|6\n|teamsize|p2|6\n|gen|9\n|tier|[Gen 9] VGC 2023 Regulation C\n|rated|\n|rule|Species Clause: Limit one of each Pok\u00e9mon\n|rule|Item Clause: Limit one of each item\n|clearpoke\n|poke|p1|Kingambit, L50, M|\n|poke|p1|Hariyama, L50, F|\n|poke|p1|Garchomp, L50, F|\n|poke|p1|Torkoal, L50, M|\n|poke|p1|Brute Bonnet, L50|\n|poke|p1|Oranguru, L50, F|\n|poke|p2|Annihilape, L50, M|\n|poke|p2|Maushold, L50|\n|poke|p2|Flutter Mane, L50|\n|poke|p2|Tyranitar, L50, M|\n|poke|p2|Lycanroc, L50, F|\n|poke|p2|Ting-Lu, L50|\n|teampreview|4\n|\n|t:|1683672642\n|start\n|switch|p1a: Garchomp|Garchomp, L50, F|100\/100\n|switch|p1b: Kingambit|Kingambit, L50, M|100\/100\n|switch|p2a: Lycanroc|Lycanroc, L50, F|100\/100\n|switch|p2b: Flutter Mane|Flutter Mane, L50|100\/100\n|turn|1\n|\n|t:|1683672665\n|-end|p2b: Flutter Mane|Protosynthesis|[silent]\n|switch|p2b: Tyranitar|Tyranitar, L50, M|100\/100\n|-weather|Sandstorm|[from] ability: Sand Stream|[of] p2b: Tyranitar\n|-terastallize|p1b: Kingambit|Flying\n|move|p2a: Lycanroc|Close Combat|p1b: Kingambit\n|-resisted|p1b: Kingambit\n|-damage|p1b: Kingambit|86\/100\n|-unboost|p2a: Lycanroc|def|1\n|-unboost|p2a: Lycanroc|spd|1\n|move|p1a: Garchomp|Earthquake|p2a: Lycanroc|[spread] p2a,p2b\n|-immune|p1b: Kingambit\n|-supereffective|p2a: Lycanroc\n|-supereffective|p2b: Tyranitar\n|-enditem|p2a: Lycanroc|Focus Sash\n|-damage|p2a: Lycanroc|1\/100\n|-damage|p2b: Tyranitar|37\/100\n|move|p1b: Kingambit|Iron Head|p2b: Tyranitar\n|-supereffective|p2b: Tyranitar\n|-damage|p2b: Tyranitar|0 fnt\n|faint|p2b: Tyranitar\n|\n|-weather|Sandstorm|[upkeep]\n|-damage|p1b: Kingambit|81\/100|[from] Sandstorm\n|upkeep\n|\n|t:|1683672687\n|switch|p2b: Flutter Mane|Flutter Mane, L50|100\/100\n|turn|2\n|\n|t:|1683672703\n|move|p2a: Lycanroc|Endeavor|p1a: Garchomp\n|-damage|p1a: Garchomp|1\/100\n|-damage|p2a: Lycanroc|0 fnt|[from] ability: Rough Skin|[of] p1a: Garchomp\n|faint|p2a: Lycanroc\n|move|p1a: Garchomp|Earthquake|p2b: Flutter Mane|[spread] p2b\n|-immune|p1b: Kingambit\n|-damage|p2b: Flutter Mane|6\/100\n|move|p2b: Flutter Mane|Moonblast|p1b: Kingambit\n|-damage|p1b: Kingambit|21\/100\n|move|p1b: Kingambit|Iron Head|p2b: Flutter Mane\n|-supereffective|p2b: Flutter Mane\n|-damage|p2b: Flutter Mane|0 fnt\n|faint|p2b: Flutter Mane\n|-end|p2b: Flutter Mane|Protosynthesis|[silent]\n|\n|-weather|Sandstorm|[upkeep]\n|-damage|p1b: Kingambit|15\/100|[from] Sandstorm\n|upkeep\n|\n|t:|1683672720\n|switch|p2b: Ting-Lu|Ting-Lu, L50|100\/100\n|-ability|p2b: Ting-Lu|Vessel of Ruin\n|turn|3\n|\n|t:|1683672730\n|move|p1a: Garchomp|Earthquake|p2b: Ting-Lu|[spread] p2b\n|-immune|p1b: Kingambit\n|-damage|p2b: Ting-Lu|78\/100\n|move|p1b: Kingambit|Iron Head|p2b: Ting-Lu\n|-damage|p2b: Ting-Lu|52\/100\n|move|p2b: Ting-Lu|Stomping Tantrum|p1a: Garchomp\n|-damage|p1a: Garchomp|0 fnt\n|-damage|p2b: Ting-Lu|40\/100|[from] ability: Rough Skin|[of] p1a: Garchomp\n|faint|p1a: Garchomp\n|\n|-weather|Sandstorm|[upkeep]\n|-damage|p1b: Kingambit|9\/100|[from] Sandstorm\n|upkeep\n|\n|t:|1683672743\n|switch|p1a: Oranguru|Oranguru, L50, F|100\/100\n|turn|4\n|\n|t:|1683672750\n|move|p1b: Kingambit|Iron Head|p2b: Ting-Lu\n|-damage|p2b: Ting-Lu|12\/100\n|move|p2b: Ting-Lu|Fissure|p1a: Oranguru|[miss]\n|-miss|p2b: Ting-Lu|p1a: Oranguru\n|move|p1a: Oranguru|Trick Room|p1a: Oranguru\n|-fieldstart|move: Trick Room|[of] p1a: Oranguru\n|\n|-weather|Sandstorm|[upkeep]\n|-damage|p1a: Oranguru|94\/100|[from] Sandstorm\n|-damage|p1b: Kingambit|3\/100|[from] Sandstorm\n|upkeep\n|turn|5\n|\n|t:|1683672765\n|move|p2b: Ting-Lu|Protect|p2b: Ting-Lu\n|-singleturn|p2b: Ting-Lu|Protect\n|move|p1b: Kingambit|Sucker Punch||[still]\n|-fail|p1b: Kingambit\n|move|p1a: Oranguru|Yawn|p2b: Ting-Lu\n|-activate|p2b: Ting-Lu|move: Protect\n|\n|-weather|none\n|upkeep\n|turn|6\n|\n|t:|1683672778\n|move|p1b: Kingambit|Sucker Punch|p2b: Ting-Lu\n|-resisted|p2b: Ting-Lu\n|-damage|p2b: Ting-Lu|2\/100\n|move|p1a: Oranguru|Yawn|p2b: Ting-Lu\n|-start|p2b: Ting-Lu|move: Yawn|[of] p1a: Oranguru\n|move|p2b: Ting-Lu|Throat Chop|p1a: Oranguru\n|-supereffective|p1a: Oranguru\n|-damage|p1a: Oranguru|6\/100\n|-start|p1a: Oranguru|Throat Chop|[silent]\n|\n|upkeep\n|turn|7\n|-message|tigeronyx forfeited.\n|\n|win|RadiantBlue4552\n|raw|RadiantBlue4552's rating: 1312 → 1338<\/strong> (+26 for winning)\n|raw|tigeronyx's rating: 1413 → 1387<\/strong> (-26 for losing)\n|l|\u2606tigeronyx\n","uploadtime":1683672791,"views":8,"p1id":"radiantblue4552","p2id":"tigeronyx","formatid":"gen9vgc2023regulationc","rating":1338,"private":0,"password":""}