{"id":"gen9vgc2023regulationc-1847470670","p1":"Ricardo Randorez","p2":"WOLFIELIL","format":"[Gen 9] VGC 2023 Regulation C","log":"|j|\u2606Ricardo Randorez\n|j|\u2606WOLFIELIL\n|t:|1681959125\n|gametype|doubles\n|player|p1|Ricardo Randorez|265|1168\n|player|p2|WOLFIELIL|unknown|1194\n|teamsize|p1|6\n|teamsize|p2|6\n|gen|9\n|tier|[Gen 9] VGC 2023 Regulation C\n|rated|\n|rule|Species Clause: Limit one of each Pok\u00e9mon\n|rule|Item Clause: Limit one of each item\n|clearpoke\n|poke|p1|Iron Jugulis, L50|\n|poke|p1|Amoonguss, L50, F|\n|poke|p1|Chi-Yu, L50|\n|poke|p1|Palafin, L50, M|\n|poke|p1|Flutter Mane, L50|\n|poke|p1|Iron Hands, L50|\n|poke|p2|Indeedee-F, L50, F|\n|poke|p2|Hatterene, L50, F|\n|poke|p2|Hariyama, L50, M|\n|poke|p2|Oranguru, L50, M|\n|poke|p2|Torkoal, L50, F|\n|poke|p2|Mimikyu, L50, F|\n|teampreview|4\n|inactive|Battle timer is ON: inactive players will automatically lose when time's up. (requested by Ricardo Randorez)\n|\n|t:|1681959175\n|start\n|switch|p1a: Amoonguss|Amoonguss, L50, F|100\/100\n|switch|p1b: Iron Hands|Iron Hands, L50|100\/100\n|switch|p2a: Oranguru|Oranguru, L50, M|100\/100\n|switch|p2b: Torkoal|Torkoal, L50, F|100\/100\n|-weather|SunnyDay|[from] ability: Drought|[of] p2b: Torkoal\n|turn|1\n|\n|t:|1681959200\n|switch|p2a: Hatterene|Hatterene, L50, F|100\/100\n|switch|p2b: Hariyama|Hariyama, L50, M|100\/100\n|move|p1b: Iron Hands|Stomping Tantrum|p2b: Hariyama\n|-damage|p2b: Hariyama|75\/100\n|move|p1a: Amoonguss|Spore|p2b: Hariyama\n|-status|p2b: Hariyama|slp|[from] move: Spore\n|\n|-weather|SunnyDay|[upkeep]\n|upkeep\n|turn|2\n|inactive|Ricardo Randorez has 30 seconds left.\n|inactive|WOLFIELIL has 30 seconds left.\n|\n|t:|1681959236\n|cant|p2b: Hariyama|slp\n|move|p1b: Iron Hands|Wild Charge|p2a: Hatterene\n|-damage|p2a: Hatterene|44\/100\n|-damage|p1b: Iron Hands|91\/100|[from] Recoil\n|move|p2a: Hatterene|Psychic|p1a: Amoonguss\n|-supereffective|p1a: Amoonguss\n|-damage|p1a: Amoonguss|0 fnt\n|faint|p1a: Amoonguss\n|-damage|p2a: Hatterene|34\/100|[from] item: Life Orb\n|\n|-weather|SunnyDay|[upkeep]\n|upkeep\n|\n|t:|1681959250\n|switch|p1a: Palafin|Palafin, L50, M|100\/100\n|turn|3\n|\n|t:|1681959272\n|detailschange|p1a: Palafin|Palafin-Hero, L50, M\n|switch|p1a: Flutter Mane|Flutter Mane, L50|100\/100\n|-activate|p1a: Flutter Mane|ability: Protosynthesis\n|-start|p1a: Flutter Mane|protosynthesisspe\n|switch|p2a: Oranguru|Oranguru, L50, M|100\/100\n|move|p1b: Iron Hands|Wild Charge|p2a: Oranguru\n|-damage|p2a: Oranguru|44\/100\n|-enditem|p2a: Oranguru|Sitrus Berry|[eat]\n|-heal|p2a: Oranguru|69\/100|[from] item: Sitrus Berry\n|-damage|p1b: Iron Hands|78\/100|[from] Recoil\n|cant|p2b: Hariyama|slp\n|\n|-weather|SunnyDay|[upkeep]\n|upkeep\n|turn|4\n|inactive|Ricardo Randorez has 30 seconds left.\n|\n|t:|1681959301\n|cant|p2b: Hariyama|slp\n|move|p1a: Flutter Mane|Dazzling Gleam|p2a: Oranguru|[spread] p2a,p2b\n|-supereffective|p2b: Hariyama\n|-damage|p2a: Oranguru|42\/100\n|-damage|p2b: Hariyama|0 fnt\n|faint|p2b: Hariyama\n|-damage|p1a: Flutter Mane|91\/100|[from] item: Life Orb\n|move|p1b: Iron Hands|Stomping Tantrum|p2a: Oranguru\n|-damage|p2a: Oranguru|13\/100\n|move|p2a: Oranguru|Trick Room|p2a: Oranguru\n|-fieldstart|move: Trick Room|[of] p2a: Oranguru\n|\n|-weather|SunnyDay|[upkeep]\n|upkeep\n|\n|t:|1681959309\n|switch|p2b: Torkoal|Torkoal, L50, F|100\/100\n|turn|5\n|\n|t:|1681959324\n|-terastallize|p2b: Torkoal|Fire\n|move|p1a: Flutter Mane|Protect|p1a: Flutter Mane\n|-singleturn|p1a: Flutter Mane|Protect\n|move|p2b: Torkoal|Eruption|p1a: Flutter Mane|[spread] p1b\n|-activate|p1a: Flutter Mane|move: Protect\n|-damage|p1b: Iron Hands|24\/100\n|move|p1b: Iron Hands|Stomping Tantrum|p2b: Torkoal\n|-supereffective|p2b: Torkoal\n|-damage|p2b: Torkoal|56\/100\n|move|p2a: Oranguru|Instruct|p2b: Torkoal\n|-singleturn|p2b: Torkoal|move: Instruct|[of] p2a: Oranguru\n|move|p2b: Torkoal|Eruption|p1a: Flutter Mane|[spread] p1b\n|-activate|p1a: Flutter Mane|move: Protect\n|-damage|p1b: Iron Hands|0 fnt\n|faint|p1b: Iron Hands\n|-end|p1b: Iron Hands|Quark Drive|[silent]\n|\n|-weather|none\n|-end|p1a: Flutter Mane|Protosynthesis\n|upkeep\n|\n|t:|1681959346\n|switch|p1b: Palafin|Palafin-Hero, L50, M|100\/100\n|-activate|p1b: Palafin|ability: Zero to Hero\n|turn|6\n|\n|t:|1681959361\n|-terastallize|p1b: Palafin|Water\n|move|p1b: Palafin|Jet Punch|p2b: Torkoal\n|-supereffective|p2b: Torkoal\n|-damage|p2b: Torkoal|0 fnt\n|faint|p2b: Torkoal\n|move|p2a: Oranguru|Instruct|p2: Torkoal|[notarget]\n|-fail|p2a: Oranguru\n|move|p1a: Flutter Mane|Dazzling Gleam|p2a: Oranguru\n|-damage|p2a: Oranguru|0 fnt\n|faint|p2a: Oranguru\n|-damage|p1a: Flutter Mane|81\/100|[from] item: Life Orb\n|\n|upkeep\n|\n|t:|1681959366\n|switch|p2b: Hatterene|Hatterene, L50, F|34\/100\n|turn|7\n|-message|WOLFIELIL forfeited.\n|\n|win|Ricardo Randorez\n|raw|Ricardo Randorez's rating: 1168 → 1195<\/strong> (+27 for winning)\n|raw|WOLFIELIL's rating: 1194 → 1167<\/strong> (-27 for losing)\n|l|\u2606WOLFIELIL\n","uploadtime":1681959379,"views":3,"p1id":"ricardorandorez","p2id":"wolfielil","formatid":"gen9vgc2023regulationc","rating":1167,"private":0,"password":""}