{"id":"gen9vgc2023regulationc-1864061926","p1":"chipsandiggs","p2":"ly.vieira","format":"[Gen 9] VGC 2023 Regulation C","log":"|j|\u2606chipsandiggs\n|j|\u2606ly.vieira\n|t:|1684112047\n|gametype|doubles\n|player|p1|chipsandiggs|psychic-gen4|1002\n|player|p2|ly.vieira|cheren-gen5bw2|1005\n|teamsize|p1|6\n|teamsize|p2|6\n|gen|9\n|tier|[Gen 9] VGC 2023 Regulation C\n|rated|\n|rule|Species Clause: Limit one of each Pok\u00e9mon\n|rule|Item Clause: Limit one of each item\n|clearpoke\n|poke|p1|Chi-Yu, L50|\n|poke|p1|Gyarados, L50, F|\n|poke|p1|Tinkaton, L50, F|\n|poke|p1|Amoonguss, L50, M|\n|poke|p1|Annihilape, L50, F|\n|poke|p1|Maushold-Four, L50|\n|poke|p2|Bombirdier, L50, F|\n|poke|p2|Annihilape, L50, F|\n|poke|p2|Arboliva, L50, M|\n|poke|p2|Dragapult, L50, F|\n|poke|p2|Iron Bundle, L50|\n|poke|p2|Amoonguss, L50, M|\n|teampreview|4\n|inactive|Battle timer is ON: inactive players will automatically lose when time's up. (requested by chipsandiggs)\nchipsandiggs rejected open team sheets.\n|inactive|ly.vieira has 60 seconds left.\n|\n|t:|1684112085\n|start\n|switch|p1a: Annihilape|Annihilape, L50, F|100\/100\n|switch|p1b: Maushold|Maushold-Four, L50|100\/100\n|switch|p2a: Iron Bundle|Iron Bundle, L50|100\/100\n|switch|p2b: Dragapult|Dragapult, L50, F|100\/100\n|-enditem|p2a: Iron Bundle|Booster Energy\n|-activate|p2a: Iron Bundle|ability: Quark Drive|[fromitem]\n|-start|p2a: Iron Bundle|quarkdrivespe\n|turn|1\n|inactive|chipsandiggs has 30 seconds left.\n|\n|t:|1684112111\n|-terastallize|p1a: Annihilape|Fighting\n|move|p2a: Iron Bundle|Icy Wind|p1b: Maushold|[spread] p1a,p1b\n|-damage|p1a: Annihilape|85\/100\n|-damage|p1b: Maushold|70\/100\n|-unboost|p1a: Annihilape|spe|1\n|-ability|p1a: Annihilape|Defiant|boost\n|-boost|p1a: Annihilape|atk|2\n|-unboost|p1b: Maushold|spe|1\n|move|p2b: Dragapult|Dragon Dance|p2b: Dragapult\n|-boost|p2b: Dragapult|atk|1\n|-boost|p2b: Dragapult|spe|1\n|move|p1b: Maushold|Population Bomb|p1a: Annihilape\n|-damage|p1a: Annihilape|78\/100\n|-damage|p1a: Annihilape|71\/100\n|-damage|p1a: Annihilape|65\/100\n|-damage|p1a: Annihilape|58\/100\n|-hitcount|p1a: Annihilape|4\n|move|p1a: Annihilape|Rage Fist|p2a: Iron Bundle\n|-damage|p2a: Iron Bundle|0 fnt\n|faint|p2a: Iron Bundle\n|-end|p2a: Iron Bundle|Quark Drive|[silent]\n|-damage|p1a: Annihilape|49\/100|[from] item: Life Orb\n|\n|upkeep\n|\n|t:|1684112135\n|switch|p2a: Bombirdier|Bombirdier, L50, F|100\/100\n|turn|2\n|inactive|ly.vieira has 30 seconds left.\n|\n|t:|1684112165\n|move|p2b: Dragapult|Phantom Force||[still]\n|-prepare|p2b: Dragapult|Phantom Force\n|move|p2a: Bombirdier|Hurricane|p1a: Annihilape\n|-supereffective|p1a: Annihilape\n|-damage|p1a: Annihilape|10\/100\n|move|p1b: Maushold|Population Bomb|p1a: Annihilape\n|-damage|p1a: Annihilape|3\/100\n|-damage|p1a: Annihilape|0 fnt\n|faint|p1a: Annihilape\n|-hitcount|p1: Annihilape|2\n|\n|upkeep\n|\n|t:|1684112176\n|switch|p1a: Chi-Yu|Chi-Yu, L50|100\/100\n|-ability|p1a: Chi-Yu|Beads of Ruin\n|turn|3\n|\n|t:|1684112191\n|move|p1b: Maushold|Follow Me|p1b: Maushold\n|-singleturn|p1b: Maushold|move: Follow Me\n|move|p2b: Dragapult|Phantom Force|p1b: Maushold|[from]lockedmove\n|-immune|p1b: Maushold\n|move|p1a: Chi-Yu|Nasty Plot|p1a: Chi-Yu\n|-boost|p1a: Chi-Yu|spa|2\n|move|p2a: Bombirdier|Hurricane|p1b: Maushold\n|-damage|p1b: Maushold|23\/100\n|\n|upkeep\n|turn|4\n|\n|t:|1684112214\n|move|p1b: Maushold|Helping Hand|p1a: Chi-Yu\n|-singleturn|p1a: Chi-Yu|Helping Hand|[of] p1b: Maushold\n|move|p2b: Dragapult|Dragon Dance|p2b: Dragapult\n|-boost|p2b: Dragapult|atk|1\n|-boost|p2b: Dragapult|spe|1\n|move|p1a: Chi-Yu|Heat Wave|p2b: Dragapult|[spread] p2a,p2b\n|-resisted|p2b: Dragapult\n|-damage|p2a: Bombirdier|0 fnt\n|-damage|p2b: Dragapult|5\/100\n|faint|p2a: Bombirdier\n|\n|upkeep\n|\n|t:|1684112224\n|switch|p2a: Annihilape|Annihilape, L50, F|100\/100\n|turn|5\n|\n|t:|1684112246\n|move|p1b: Maushold|Helping Hand|p1a: Chi-Yu\n|-singleturn|p1a: Chi-Yu|Helping Hand|[of] p1b: Maushold\n|move|p2b: Dragapult|Phantom Force||[still]\n|-prepare|p2b: Dragapult|Phantom Force\n|move|p1a: Chi-Yu|Heat Wave|p2a: Annihilape|[spread] p2a\n|-miss|p1a: Chi-Yu|p2b: Dragapult\n|-damage|p2a: Annihilape|4\/100\n|move|p2a: Annihilape|Drain Punch|p1b: Maushold\n|-supereffective|p1b: Maushold\n|-damage|p1b: Maushold|0 fnt\n|-heal|p2a: Annihilape|12\/100|[from] drain|[of] p1b: Maushold\n|faint|p1b: Maushold\n|\n|-heal|p2a: Annihilape|18\/100|[from] item: Leftovers\n|upkeep\n|\n|t:|1684112260\n|switch|p1b: sussy baka|Amoonguss, L50, M|100\/100\n|turn|6\n|\n|t:|1684112275\n|move|p1b: sussy baka|Rage Powder|p1b: sussy baka\n|-singleturn|p1b: sussy baka|move: Rage Powder\n|move|p2b: Dragapult|Phantom Force|p1b: sussy baka|[from]lockedmove\n|-crit|p1b: sussy baka\n|-enditem|p1b: sussy baka|Focus Sash\n|-damage|p1b: sussy baka|1\/100\n|-damage|p2b: Dragapult|0 fnt|[from] item: Life Orb\n|faint|p2b: Dragapult\n|move|p1a: Chi-Yu|Heat Wave|p2a: Annihilape\n|-damage|p2a: Annihilape|0 fnt\n|faint|p2a: Annihilape\n|\n|win|chipsandiggs\n|raw|chipsandiggs's rating: 1002 → 1042<\/strong> (+40 for winning)\n|raw|ly.vieira's rating: 1005 → 1000<\/strong> (-5 for losing)\n|l|\u2606ly.vieira\n","uploadtime":1684112288,"views":12,"p1id":"chipsandiggs","p2id":"lyvieira","formatid":"gen9vgc2023regulationc","rating":1000,"private":0,"password":""}