{"id":"gen9vgc2023regulationc-1855455543","p1":"eccsg","p2":"paddokweker3b","format":"[Gen 9] VGC 2023 Regulation C","log":"|j|\u2606eccsg\n|j|\u2606paddokweker3b\n|t:|1682953056\n|gametype|doubles\n|player|p1|eccsg|102|1057\n|player|p2|paddokweker3b|clown|1019\n|teamsize|p1|6\n|teamsize|p2|6\n|gen|9\n|tier|[Gen 9] VGC 2023 Regulation C\n|rated|\n|rule|Species Clause: Limit one of each Pok\u00e9mon\n|rule|Item Clause: Limit one of each item\n|clearpoke\n|poke|p1|Flutter Mane, L50|\n|poke|p1|Scream Tail, L50|\n|poke|p1|Grumpig, L50, M|\n|poke|p1|Iron Treads, L50|\n|poke|p1|Braviary, L50, M|\n|poke|p1|Tauros-Paldea-Aqua, L50, M|\n|poke|p2|Greedent, L50, F|\n|poke|p2|Flamigo, L50, M|\n|poke|p2|Iron Hands, L50|\n|poke|p2|Ting-Lu, L50|\n|poke|p2|Toxapex, L50, M|\n|poke|p2|Flutter Mane, L50|\n|teampreview|4\neccsg has agreed to open team sheets.\n|inactive|Battle timer is ON: inactive players will automatically lose when time's up. (requested by paddokweker3b)\npaddokweker3b rejected open team sheets.\n|\n|t:|1682953117\n|start\n|switch|p1a: \u30c6\u30c4\u30ce\u30ef\u30c0\u30c1|Iron Treads, L50|100\/100\n|switch|p1b: \u30b5\u30b1\u30d6\u30b7\u30c3\u30dd|Scream Tail, L50|100\/100\n|switch|p2a: Flutter Mane|Flutter Mane, L50|100\/100\n|switch|p2b: Greedent|Greedent, L50, F|100\/100\n|-enditem|p1a: \u30c6\u30c4\u30ce\u30ef\u30c0\u30c1|Booster Energy\n|-activate|p1a: \u30c6\u30c4\u30ce\u30ef\u30c0\u30c1|ability: Quark Drive|[fromitem]\n|-start|p1a: \u30c6\u30c4\u30ce\u30ef\u30c0\u30c1|quarkdrivespe\n|turn|1\n|\n|t:|1682953142\n|move|p1a: \u30c6\u30c4\u30ce\u30ef\u30c0\u30c1|Iron Head|p2a: Flutter Mane\n|-supereffective|p2a: Flutter Mane\n|-damage|p2a: Flutter Mane|0 fnt\n|faint|p2a: Flutter Mane\n|-end|p2a: Flutter Mane|Protosynthesis|[silent]\n|move|p1b: \u30b5\u30b1\u30d6\u30b7\u30c3\u30dd|Flamethrower|p2b: Greedent\n|-damage|p2b: Greedent|80\/100\n|-status|p2b: Greedent|brn\n|move|p2b: Greedent|Belly Drum|p2b: Greedent\n|-damage|p2b: Greedent|30\/100 brn\n|-setboost|p2b: Greedent|atk|6|[from] move: Belly Drum\n|-enditem|p2b: Greedent|Sitrus Berry|[eat]\n|-heal|p2b: Greedent|55\/100 brn|[from] item: Sitrus Berry\n|-heal|p2b: Greedent|88\/100 brn|[from] ability: Cheek Pouch\n|\n|-damage|p2b: Greedent|82\/100 brn|[from] brn\n|upkeep\n|\n|t:|1682953164\n|switch|p2a: Ting-Lu|Ting-Lu, L50|100\/100\n|-ability|p2a: Ting-Lu|Vessel of Ruin\n|turn|2\n|\n|t:|1682953178\n|move|p1a: \u30c6\u30c4\u30ce\u30ef\u30c0\u30c1|Protect|p1a: \u30c6\u30c4\u30ce\u30ef\u30c0\u30c1\n|-singleturn|p1a: \u30c6\u30c4\u30ce\u30ef\u30c0\u30c1|Protect\n|move|p1b: \u30b5\u30b1\u30d6\u30b7\u30c3\u30dd|Encore|p2b: Greedent\n|-start|p2b: Greedent|Encore\n|move|p2a: Ting-Lu|Fissure|p1a: \u30c6\u30c4\u30ce\u30ef\u30c0\u30c1\n|-activate|p1a: \u30c6\u30c4\u30ce\u30ef\u30c0\u30c1|move: Protect\n|move|p2b: Greedent|Belly Drum||[still]\n|-fail|p2b: Greedent\n|\n|-damage|p2b: Greedent|75\/100 brn|[from] brn\n|upkeep\n|turn|3\n|\n|t:|1682953201\n|-end|p1a: \u30c6\u30c4\u30ce\u30ef\u30c0\u30c1|Quark Drive|[silent]\n|switch|p1a: \u30a6\u30a9\u30fc\u30b0\u30eb|Braviary, L50, M, shiny|100\/100\n|move|p1b: \u30b5\u30b1\u30d6\u30b7\u30c3\u30dd|Dazzling Gleam|p2a: Ting-Lu|[spread] p2a,p2b\n|-supereffective|p2a: Ting-Lu\n|-damage|p2a: Ting-Lu|81\/100\n|-damage|p2b: Greedent|60\/100 brn\n|move|p2a: Ting-Lu|Stomping Tantrum|p1a: \u30a6\u30a9\u30fc\u30b0\u30eb\n|-immune|p1a: \u30a6\u30a9\u30fc\u30b0\u30eb\n|move|p2b: Greedent|Belly Drum||[still]\n|-fail|p2b: Greedent\n|\n|-heal|p2a: Ting-Lu|87\/100|[from] item: Leftovers\n|-damage|p2b: Greedent|54\/100 brn|[from] brn\n|upkeep\n|turn|4\n|\n|t:|1682953219\n|move|p1b: \u30b5\u30b1\u30d6\u30b7\u30c3\u30dd|Encore|p2a: Ting-Lu\n|-start|p2a: Ting-Lu|Encore\n|move|p1a: \u30a6\u30a9\u30fc\u30b0\u30eb|Close Combat|p2a: Ting-Lu\n|-supereffective|p2a: Ting-Lu\n|-damage|p2a: Ting-Lu|42\/100\n|-unboost|p1a: \u30a6\u30a9\u30fc\u30b0\u30eb|def|1\n|-unboost|p1a: \u30a6\u30a9\u30fc\u30b0\u30eb|spd|1\n|move|p2a: Ting-Lu|Stomping Tantrum|p1a: \u30a6\u30a9\u30fc\u30b0\u30eb\n|-immune|p1a: \u30a6\u30a9\u30fc\u30b0\u30eb\n|move|p2b: Greedent|Belly Drum||[still]\n|-fail|p2b: Greedent\n|\n|-heal|p2a: Ting-Lu|48\/100|[from] item: Leftovers\n|-damage|p2b: Greedent|48\/100 brn|[from] brn\n|-end|p2b: Greedent|Encore\n|upkeep\n|turn|5\n|-message|paddokweker3b forfeited.\n|\n|win|eccsg\n|raw|eccsg's rating: 1057 → 1085<\/strong> (+28 for winning)\n|raw|paddokweker3b's rating: 1019 → 1008<\/strong> (-11 for losing)\n|l|\u2606paddokweker3b\n","uploadtime":1682953247,"views":22,"p1id":"eccsg","p2id":"paddokweker3b","formatid":"gen9vgc2023regulationc","rating":1008,"private":0,"password":""}