{"id":"gen9vgc2023regulationc-1863773545","p1":"Hactorgv_128","p2":"QuaxLink","format":"[Gen 9] VGC 2023 Regulation C","log":"|j|\u2606Hactorgv_128\n|j|\u2606QuaxLink\n|t:|1684074936\n|gametype|doubles\n|player|p1|Hactorgv_128|266|\n|player|p2|QuaxLink|blackbelt-gen4dp|\n|teamsize|p1|6\n|teamsize|p2|6\n|gen|9\n|tier|[Gen 9] VGC 2023 Regulation C\n|rule|Tera Type Preview: Tera Types are shown at Team Preview\n|rule|Species Clause: Limit one of each Pok\u00e9mon\n|rule|Item Clause: Limit one of each item\n|clearpoke\n|poke|p1|Farigiraf, L50, M|\n|poke|p1|Breloom, L50, M|\n|poke|p1|Iron Hands, L50|\n|poke|p1|Gastrodon, L50, M|\n|poke|p1|Mudsdale, L50, F|\n|poke|p1|Gengar, L50, F|\n|poke|p2|Flutter Mane, L50|\n|poke|p2|Vivillon, L50, F|\n|poke|p2|Torkoal, L50, M|\n|poke|p2|Lilligant, L50, F|\n|poke|p2|Gothitelle, L50, F|\n|poke|p2|Gyarados, L50, F|\n|teampreview|4\n|raw|Hactorgv_128's Tera Types: \/ \/ \/ \/ \/ \n|raw|QuaxLink's Tera Types: \/ \/ \/ \/ \/ \nQuaxLink rejected open team sheets.\n|c|\u2606Hactorgv_128|Do I send you the other challenges afterwards?\n|c|\u2606QuaxLink|yeah or send the challenge prompt and I'll send them\n|c|\u2606QuaxLink|sent g12\n|c|\u2606QuaxLink|g2\n|c|\u2606QuaxLink|ok\n|c|\u2606QuaxLink|glhf\n|c|\u2606Hactorgv_128|g1\n|c|\u2606Hactorgv_128|glhf\n|\n|t:|1684075181\n|start\n|switch|p1a: Farigiraf|Farigiraf, L50, M|100\/100\n|switch|p1b: Iron Hands|Iron Hands, L50|100\/100\n|switch|p2a: Flutter Mane|Flutter Mane, L50|100\/100\n|switch|p2b: Gothitelle|Gothitelle, L50, F, shiny|100\/100\n|turn|1\n|\n|t:|1684075209\n|move|p2b: Gothitelle|Fake Out|p1b: Iron Hands\n|-damage|p1b: Iron Hands|97\/100\n|move|p2a: Flutter Mane|Perish Song|p2a: Flutter Mane\n|-start|p1a: Farigiraf|perish3|[silent]\n|-start|p1b: Iron Hands|perish3|[silent]\n|-start|p2a: Flutter Mane|perish3|[silent]\n|-start|p2b: Gothitelle|perish3|[silent]\n|-fieldactivate|move: Perish Song\n|cant|p1b: Iron Hands|flinch\n|move|p1a: Farigiraf|Trick Room|p1a: Farigiraf\n|-fieldstart|move: Trick Room|[of] p1a: Farigiraf\n|\n|-start|p1b: Iron Hands|perish3\n|-start|p1a: Farigiraf|perish3\n|-start|p2b: Gothitelle|perish3\n|-start|p2a: Flutter Mane|perish3\n|upkeep\n|turn|2\n|\n|t:|1684075231\n|-end|p2a: Flutter Mane|Protosynthesis|[silent]\n|switch|p2a: Torkoal|Torkoal, L50, M|100\/100\n|-weather|SunnyDay|[from] ability: Drought|[of] p2a: Torkoal\n|move|p2b: Gothitelle|Protect|p2b: Gothitelle\n|-singleturn|p2b: Gothitelle|Protect\n|move|p1b: Iron Hands|Iron Head|p2a: Torkoal\n|-resisted|p2a: Torkoal\n|-damage|p2a: Torkoal|88\/100\n|move|p1a: Farigiraf|Rain Dance|p1a: Farigiraf\n|-weather|RainDance\n|\n|-weather|RainDance|[upkeep]\n|-start|p1b: Iron Hands|perish2\n|-start|p1a: Farigiraf|perish2\n|-start|p2b: Gothitelle|perish2\n|upkeep\n|turn|3\n|\n|t:|1684075252\n|move|p2a: Torkoal|Protect|p2a: Torkoal\n|-singleturn|p2a: Torkoal|Protect\n|move|p1b: Iron Hands|Drain Punch|p2a: Torkoal\n|-activate|p2a: Torkoal|move: Protect\n|move|p1a: Farigiraf|Psychic|p2a: Torkoal\n|-activate|p2a: Torkoal|move: Protect\n|move|p2b: Gothitelle|Psychic|p1b: Iron Hands\n|-supereffective|p1b: Iron Hands\n|-damage|p1b: Iron Hands|57\/100\n|\n|-weather|RainDance|[upkeep]\n|-start|p1b: Iron Hands|perish1\n|-start|p1a: Farigiraf|perish1\n|-start|p2b: Gothitelle|perish1\n|upkeep\n|turn|4\n|\n|t:|1684075313\n|switch|p2b: Gyarados|Gyarados, L50, F|100\/100\n|-ability|p2b: Gyarados|Intimidate|boost\n|-unboost|p1a: Farigiraf|atk|1\n|-unboost|p1b: Iron Hands|atk|1\n|move|p2a: Torkoal|Earth Power|p1b: Iron Hands\n|-supereffective|p1b: Iron Hands\n|-damage|p1b: Iron Hands|22\/100\n|move|p1b: Iron Hands|Drain Punch|p2a: Torkoal\n|-damage|p2a: Torkoal|66\/100\n|-heal|p1b: Iron Hands|29\/100|[from] drain|[of] p2a: Torkoal\n|move|p1a: Farigiraf|Psychic|p2a: Torkoal\n|-damage|p2a: Torkoal|8\/100\n|\n|-weather|RainDance|[upkeep]\n|-start|p1b: Iron Hands|perish0\n|-start|p1a: Farigiraf|perish0\n|faint|p1b: Iron Hands\n|-end|p1b: Iron Hands|Quark Drive|[silent]\n|faint|p1a: Farigiraf\n|upkeep\n|\n|t:|1684075329\n|switch|p1b: Breloom|Breloom, L50, M|100\/100\n|switch|p1a: Gastrodon|Gastrodon, L50, M|100\/100\n|turn|5\n|\n|t:|1684075344\n|move|p2b: Gyarados|Protect|p2b: Gyarados\n|-singleturn|p2b: Gyarados|Protect\n|move|p2a: Torkoal|Heat Wave|p1b: Breloom|[spread] p1a,p1b\n|-resisted|p1a: Gastrodon\n|-supereffective|p1b: Breloom\n|-damage|p1a: Gastrodon|92\/100\n|-damage|p1b: Breloom|37\/100\n|move|p1a: Gastrodon|Muddy Water|p2a: Torkoal|[spread] \n|-activate|p2b: Gyarados|move: Protect\n|-miss|p1a: Gastrodon|p2a: Torkoal\n|move|p1b: Breloom|Rock Tomb|p2b: Gyarados\n|-activate|p2b: Gyarados|move: Protect\n|\n|-weather|RainDance|[upkeep]\n|-heal|p1a: Gastrodon|98\/100|[from] item: Leftovers\n|-fieldend|move: Trick Room\n|upkeep\n|turn|6\n|\n|t:|1684075373\n|-terastallize|p2b: Gyarados|Flying\n|move|p1b: Breloom|Bullet Seed|p2b: Gyarados\n|-resisted|p2b: Gyarados\n|-damage|p2b: Gyarados|85\/100\n|-resisted|p2b: Gyarados\n|-damage|p2b: Gyarados|72\/100\n|-resisted|p2b: Gyarados\n|-crit|p2b: Gyarados\n|-damage|p2b: Gyarados|47\/100\n|-enditem|p2b: Gyarados|Sitrus Berry|[eat]\n|-heal|p2b: Gyarados|72\/100|[from] item: Sitrus Berry\n|-hitcount|p2b: Gyarados|3\n|-damage|p1b: Breloom|27\/100|[from] item: Life Orb\n|move|p2b: Gyarados|Tera Blast|p1b: Breloom\n|-supereffective|p1b: Breloom\n|-damage|p1b: Breloom|0 fnt\n|faint|p1b: Breloom\n|move|p1a: Gastrodon|Muddy Water|p2a: Torkoal|[spread] p2a,p2b\n|-supereffective|p2a: Torkoal\n|-damage|p2a: Torkoal|0 fnt\n|-damage|p2b: Gyarados|20\/100\n|faint|p2a: Torkoal\n|\n|-weather|none\n|-heal|p1a: Gastrodon|100\/100|[from] item: Leftovers\n|upkeep\n|\n|t:|1684075408\n|switch|p2a: Flutter Mane|Flutter Mane, L50|100\/100\n|turn|7\n|\n|t:|1684075417\n|-terastallize|p1a: Gastrodon|Fire\n|move|p2a: Flutter Mane|Perish Song|p2a: Flutter Mane\n|-start|p1a: Gastrodon|perish3|[silent]\n|-start|p2a: Flutter Mane|perish3|[silent]\n|-start|p2b: Gyarados|perish3|[silent]\n|-fieldactivate|move: Perish Song\n|move|p2b: Gyarados|Tera Blast|p1a: Gastrodon\n|-damage|p1a: Gastrodon|39\/100\n|move|p1a: Gastrodon|Muddy Water|p2b: Gyarados|[spread] p2b\n|-miss|p1a: Gastrodon|p2a: Flutter Mane\n|-damage|p2b: Gyarados|0 fnt\n|faint|p2b: Gyarados\n|\n|-heal|p1a: Gastrodon|45\/100|[from] item: Leftovers\n|-start|p2a: Flutter Mane|perish3\n|-start|p1a: Gastrodon|perish3\n|upkeep\n|\n|t:|1684075430\n|switch|p2b: Gothitelle|Gothitelle, L50, F, shiny|100\/100\n|turn|8\n|\n|t:|1684075439\n|move|p2a: Flutter Mane|Perish Song|p2a: Flutter Mane\n|-start|p2b: Gothitelle|perish3|[silent]\n|-fieldactivate|move: Perish Song\n|move|p2b: Gothitelle|Psychic|p1a: Gastrodon\n|-damage|p1a: Gastrodon|17\/100\n|move|p1a: Gastrodon|Muddy Water|p2a: Flutter Mane|[spread] p2a\n|-miss|p1a: Gastrodon|p2b: Gothitelle\n|-damage|p2a: Flutter Mane|70\/100\n|\n|-heal|p1a: Gastrodon|23\/100|[from] item: Leftovers\n|-start|p2a: Flutter Mane|perish2\n|-start|p2b: Gothitelle|perish3\n|-start|p1a: Gastrodon|perish2\n|upkeep\n|turn|9\n|\n|t:|1684075451\n|move|p2a: Flutter Mane|Perish Song||[still]\n|-fail|p2a: Flutter Mane\n|move|p2b: Gothitelle|Psychic|p1a: Gastrodon\n|-damage|p1a: Gastrodon|0 fnt\n|faint|p1a: Gastrodon\n|\n|win|QuaxLink\n|c|\u2606Hactorgv_128|gg\n|c|\u2606QuaxLink|gg\n|j| AlolanBob\n|l| AlolanBob\n","uploadtime":1684075463,"views":22,"p1id":"hactorgv128","p2id":"quaxlink","formatid":"gen9vgc2023regulationc","rating":0,"private":0,"password":""}