{"id":"gen9vgc2023regulationc-1861333631","p1":"Dajuicebar","p2":"wackomarko","format":"[Gen 9] VGC 2023 Regulation C","log":"|j|\u2606Dajuicebar\n|j|\u2606wackomarko\n|t:|1683746873\n|gametype|doubles\n|player|p1|Dajuicebar|1|1124\n|player|p2|wackomarko|hiker-gen4|1056\n|teamsize|p1|6\n|teamsize|p2|6\n|gen|9\n|tier|[Gen 9] VGC 2023 Regulation C\n|rated|\n|rule|Species Clause: Limit one of each Pok\u00e9mon\n|rule|Item Clause: Limit one of each item\n|clearpoke\n|poke|p1|Cyclizar, L50, F|\n|poke|p1|Flutter Mane, L50|\n|poke|p1|Toxapex, L50, M|\n|poke|p1|Gothitelle, L50, M|\n|poke|p1|Goodra, L50, F|\n|poke|p1|Meowscarada, L50, F|\n|poke|p2|Talonflame, L50, F|\n|poke|p2|Amoonguss, L50, F|\n|poke|p2|Flutter Mane, L50|\n|poke|p2|Chien-Pao, L50|\n|poke|p2|Gyarados, L50, M|\n|poke|p2|Dragapult, L50, M|\n|teampreview|4\n|inactive|Battle timer is ON: inactive players will automatically lose when time's up. (requested by Dajuicebar)\nwackomarko has agreed to open team sheets.\n|inactive|wackomarko has 60 seconds left.\n|\n|t:|1683746908\n|start\n|switch|p1a: Meowscarada|Meowscarada, L50, F|100\/100\n|switch|p1b: Goodra|Goodra, L50, F|100\/100\n|switch|p2a: Amoonguss|Amoonguss, L50, F|100\/100\n|switch|p2b: Talonflame|Talonflame, L50, F, shiny|100\/100\n|turn|1\n|inactive|wackomarko has 30 seconds left.\n|\n|t:|1683746939\n|-terastallize|p1b: Goodra|Water\n|move|p2b: Talonflame|Tailwind|p2b: Talonflame\n|-sidestart|p2: wackomarko|move: Tailwind\n|move|p1a: Meowscarada|Petal Blizzard|p2a: Amoonguss|[spread] p2a,p2b\n|-ability|p1b: Goodra|Sap Sipper|boost\n|-boost|p1b: Goodra|atk|1\n|-resisted|p2a: Amoonguss\n|-resisted|p2b: Talonflame\n|-damage|p2a: Amoonguss|94\/100\n|-damage|p2b: Talonflame|90\/100\n|move|p2a: Amoonguss|Spore|p1b: Goodra\n|-ability|p1b: Goodra|Sap Sipper|boost\n|-boost|p1b: Goodra|atk|1\n|move|p1b: Goodra|Rock Slide|p2a: Amoonguss|[spread] p2a\n|-miss|p1b: Goodra|p2b: Talonflame\n|-damage|p2a: Amoonguss|70\/100\n|\n|upkeep\n|turn|2\n|inactive|wackomarko has 30 seconds left.\n|\n|t:|1683746971\n|switch|p2a: Chien-Pao|Chien-Pao, L50|100\/100\n|-ability|p2a: Chien-Pao|Sword of Ruin\n|move|p1a: Meowscarada|Protect|p1a: Meowscarada\n|-singleturn|p1a: Meowscarada|Protect\n|move|p2b: Talonflame|Will-O-Wisp|p1a: Meowscarada\n|-activate|p1a: Meowscarada|move: Protect\n|move|p1b: Goodra|Rock Slide|p2a: Chien-Pao|[spread] \n|-miss|p1b: Goodra|p2a: Chien-Pao\n|-miss|p1b: Goodra|p2b: Talonflame\n|\n|upkeep\n|turn|3\n|\n|t:|1683746989\n|move|p2a: Chien-Pao|Sucker Punch|p1b: Goodra\n|-damage|p1b: Goodra|47\/100\n|move|p2b: Talonflame|Brave Bird|p1a: Meowscarada\n|-supereffective|p1a: Meowscarada\n|-enditem|p1a: Meowscarada|Focus Sash\n|-damage|p1a: Meowscarada|1\/100\n|-damage|p2b: Talonflame|60\/100|[from] Recoil\n|move|p1a: Meowscarada|Petal Blizzard|p2a: Chien-Pao|[spread] p2a,p2b\n|-ability|p1b: Goodra|Sap Sipper|boost\n|-boost|p1b: Goodra|atk|1\n|-resisted|p2b: Talonflame\n|-damage|p2a: Chien-Pao|30\/100\n|-damage|p2b: Talonflame|41\/100\n|move|p1b: Goodra|Rock Slide|p2b: Talonflame|[spread] p2a,p2b\n|-supereffective|p2a: Chien-Pao\n|-supereffective|p2b: Talonflame\n|-damage|p2a: Chien-Pao|0 fnt\n|-damage|p2b: Talonflame|0 fnt\n|faint|p2a: Chien-Pao\n|faint|p2b: Talonflame\n|\n|upkeep\n|\n|t:|1683747008\n|switch|p2a: Amoonguss|Amoonguss, L50, F|100\/100\n|switch|p2b: Dragapult|Dragapult, L50, M, shiny|100\/100\n|turn|4\n|\n|t:|1683747017\n|-terastallize|p2b: Dragapult|Dragon\n|move|p2a: Amoonguss|Protect|p2a: Amoonguss\n|-singleturn|p2a: Amoonguss|Protect\n|move|p2b: Dragapult|Dragon Darts|p1a: Meowscarada\n|-damage|p1a: Meowscarada|0 fnt\n|-anim|p2b: Dragapult|Dragon Darts|p1b: Goodra\n|-damage|p1b: Goodra|0 fnt\n|faint|p1a: Meowscarada\n|faint|p1b: Goodra\n|\n|-sideend|p2: wackomarko|move: Tailwind\n|upkeep\n|\n|t:|1683747026\n|switch|p1a: Flutter Mane|Flutter Mane, L50|100\/100\n|switch|p1b: Gothitelle|Gothitelle, L50, M|100\/100\n|-enditem|p1a: Flutter Mane|Booster Energy\n|-activate|p1a: Flutter Mane|ability: Protosynthesis|[fromitem]\n|-start|p1a: Flutter Mane|protosynthesisspe\n|turn|5\n|\n|t:|1683747035\n|move|p1a: Flutter Mane|Dazzling Gleam|p2a: Amoonguss|[spread] p2a,p2b\n|-resisted|p2a: Amoonguss\n|-supereffective|p2b: Dragapult\n|-damage|p2a: Amoonguss|91\/100\n|-damage|p2b: Dragapult|30\/100\n|move|p2b: Dragapult|Dragon Darts|p1b: Gothitelle\n|-damage|p1b: Gothitelle|45\/100\n|-anim|p2b: Dragapult|Dragon Darts|p1b: Gothitelle\n|-damage|p1b: Gothitelle|0 fnt\n|faint|p1b: Gothitelle\n|move|p2a: Amoonguss|Spore|p1a: Flutter Mane\n|-status|p1a: Flutter Mane|slp|[from] move: Spore\n|\n|upkeep\n|turn|6\n|\n|t:|1683747051\n|cant|p1a: Flutter Mane|slp\n|move|p2b: Dragapult|Dragon Darts|p1a: Flutter Mane\n|-immune|p1a: Flutter Mane\n|move|p2a: Amoonguss|Pollen Puff|p1a: Flutter Mane\n|-resisted|p1a: Flutter Mane\n|-damage|p1a: Flutter Mane|96\/100 slp\n|\n|upkeep\n|turn|7\n|\n|t:|1683747066\n|cant|p1a: Flutter Mane|slp\n|move|p2b: Dragapult|Dragon Darts|p1a: Flutter Mane\n|-immune|p1a: Flutter Mane\n|move|p2a: Amoonguss|Pollen Puff|p1a: Flutter Mane\n|-resisted|p1a: Flutter Mane\n|-damage|p1a: Flutter Mane|92\/100 slp\n|\n|upkeep\n|turn|8\n|\n|t:|1683747080\n|cant|p1a: Flutter Mane|slp\n|move|p2b: Dragapult|Dragon Darts|p1a: Flutter Mane\n|-immune|p1a: Flutter Mane\n|move|p2a: Amoonguss|Pollen Puff|p2b: Dragapult\n|-heal|p2b: Dragapult|80\/100\n|\n|upkeep\n|turn|9\n|c|\u2606Dajuicebar|Choice? That\u2019s unfortunate\n|\n|t:|1683747093\n|-curestatus|p1a: Flutter Mane|slp|[msg]\n|move|p1a: Flutter Mane|Dazzling Gleam|p2a: Amoonguss|[spread] p2a,p2b\n|-resisted|p2a: Amoonguss\n|-supereffective|p2b: Dragapult\n|-damage|p2a: Amoonguss|81\/100\n|-damage|p2b: Dragapult|2\/100\n|move|p2b: Dragapult|Dragon Darts|p1a: Flutter Mane\n|-immune|p1a: Flutter Mane\n|move|p2a: Amoonguss|Pollen Puff|p1a: Flutter Mane\n|-resisted|p1a: Flutter Mane\n|-damage|p1a: Flutter Mane|89\/100\n|\n|upkeep\n|turn|10\n|\n|t:|1683747108\n|move|p1a: Flutter Mane|Dazzling Gleam|p2a: Amoonguss|[spread] p2a,p2b\n|-resisted|p2a: Amoonguss\n|-supereffective|p2b: Dragapult\n|-damage|p2a: Amoonguss|71\/100\n|-damage|p2b: Dragapult|0 fnt\n|faint|p2b: Dragapult\n|move|p2a: Amoonguss|Spore|p1a: Flutter Mane\n|-status|p1a: Flutter Mane|slp|[from] move: Spore\n|\n|upkeep\n|turn|11\n|\n|t:|1683747116\n|cant|p1a: Flutter Mane|slp\n|move|p2a: Amoonguss|Pollen Puff|p1a: Flutter Mane\n|-resisted|p1a: Flutter Mane\n|-damage|p1a: Flutter Mane|85\/100 slp\n|\n|upkeep\n|turn|12\n|\n|t:|1683747122\n|cant|p1a: Flutter Mane|slp\n|move|p2a: Amoonguss|Pollen Puff|p1a: Flutter Mane\n|-resisted|p1a: Flutter Mane\n|-damage|p1a: Flutter Mane|81\/100 slp\n|\n|upkeep\n|turn|13\n|\n|t:|1683747129\n|-curestatus|p1a: Flutter Mane|slp|[msg]\n|move|p1a: Flutter Mane|Tera Blast|p2a: Amoonguss\n|-damage|p2a: Amoonguss|53\/100\n|move|p2a: Amoonguss|Pollen Puff|p1a: Flutter Mane\n|-resisted|p1a: Flutter Mane\n|-damage|p1a: Flutter Mane|78\/100\n|\n|upkeep\n|turn|14\n|\n|t:|1683747137\n|move|p1a: Flutter Mane|Tera Blast|p2a: Amoonguss\n|-damage|p2a: Amoonguss|34\/100\n|-enditem|p2a: Amoonguss|Sitrus Berry|[eat]\n|-heal|p2a: Amoonguss|59\/100|[from] item: Sitrus Berry\n|move|p2a: Amoonguss|Spore|p1a: Flutter Mane\n|-status|p1a: Flutter Mane|slp|[from] move: Spore\n|\n|upkeep\n|turn|15\n|\n|t:|1683747145\n|cant|p1a: Flutter Mane|slp\n|move|p2a: Amoonguss|Pollen Puff|p1a: Flutter Mane\n|-resisted|p1a: Flutter Mane\n|-damage|p1a: Flutter Mane|74\/100 slp\n|\n|upkeep\n|turn|16\n|\n|t:|1683747151\n|-curestatus|p1a: Flutter Mane|slp|[msg]\n|move|p1a: Flutter Mane|Tera Blast|p2a: Amoonguss\n|-damage|p2a: Amoonguss|42\/100\n|move|p2a: Amoonguss|Pollen Puff|p1a: Flutter Mane\n|-resisted|p1a: Flutter Mane\n|-damage|p1a: Flutter Mane|70\/100\n|\n|upkeep\n|turn|17\n|\n|t:|1683747160\n|move|p2a: Amoonguss|Rage Powder|p2a: Amoonguss\n|-singleturn|p2a: Amoonguss|move: Rage Powder\n|move|p1a: Flutter Mane|Tera Blast|p2a: Amoonguss\n|-damage|p2a: Amoonguss|25\/100\n|\n|upkeep\n|turn|18\n|\n|t:|1683747167\n|move|p1a: Flutter Mane|Tera Blast|p2a: Amoonguss\n|-damage|p2a: Amoonguss|6\/100\n|move|p2a: Amoonguss|Spore|p1a: Flutter Mane\n|-status|p1a: Flutter Mane|slp|[from] move: Spore\n|\n|upkeep\n|turn|19\n|\n|t:|1683747173\n|cant|p1a: Flutter Mane|slp\n|move|p2a: Amoonguss|Pollen Puff|p1a: Flutter Mane\n|-resisted|p1a: Flutter Mane\n|-damage|p1a: Flutter Mane|67\/100 slp\n|\n|upkeep\n|turn|20\n|\n|t:|1683747179\n|-curestatus|p1a: Flutter Mane|slp|[msg]\n|move|p1a: Flutter Mane|Tera Blast|p2a: Amoonguss\n|-damage|p2a: Amoonguss|0 fnt\n|faint|p2a: Amoonguss\n|\n|win|Dajuicebar\n|raw|Dajuicebar's rating: 1124 → 1144<\/strong> (+20 for winning)\n|raw|wackomarko's rating: 1056 → 1041<\/strong> (-15 for losing)\n","uploadtime":1683747187,"views":10,"p1id":"dajuicebar","p2id":"wackomarko","formatid":"gen9vgc2023regulationc","rating":1041,"private":0,"password":""}