{"id":"gen9vgc2023regulationc-1846725231","p1":"Kuriboh448","p2":"JayVGC YT","format":"[Gen 9] VGC 2023 Regulation C","log":"|j|\u2606Kuriboh448\n|j|\u2606JayVGC YT\n|t:|1681870546\n|gametype|doubles\n|player|p1|Kuriboh448|102|\n|player|p2|JayVGC YT|102|\n|teamsize|p1|6\n|teamsize|p2|6\n|gen|9\n|tier|[Gen 9] VGC 2023 Regulation C\n|rule|Species Clause: Limit one of each Pok\u00e9mon\n|rule|Item Clause: Limit one of each item\n|clearpoke\n|poke|p1|Iron Bundle, L50|\n|poke|p1|Corviknight, L50, F|\n|poke|p1|Abomasnow, L50, M|\n|poke|p1|Garchomp, L50, F|\n|poke|p1|Chi-Yu, L50|\n|poke|p1|Flutter Mane, L50|\n|poke|p2|Maushold-Four, L50|\n|poke|p2|Annihilape, L50, M|\n|poke|p2|Gholdengo, L50|\n|poke|p2|Iron Bundle, L50|\n|poke|p2|Arcanine, L50, F|\n|poke|p2|Roaring Moon, L50|\n|teampreview|4\n|c|\u2606Kuriboh448|G2\nKuriboh448 has agreed to open team sheets.\n|\n|t:|1681870785\n|start\n|switch|p1a: Garchomp|Garchomp, L50, F|100\/100\n|switch|p1b: Corviknight|Corviknight, L50, F|100\/100\n|switch|p2a: Iron Sack|Iron Bundle, L50|100\/100\n|switch|p2b: \"Incineroar\"|Arcanine, L50, F|100\/100\n|-ability|p2b: \"Incineroar\"|Intimidate|boost\n|-fail|p1a: Garchomp|unboost|[from] item: Clear Amulet|[of] p1a: Garchomp\n|-ability|p1b: Corviknight|Mirror Armor\n|-unboost|p2b: \"Incineroar\"|atk|1\n|turn|1\n|\n|t:|1681870810\n|move|p1a: Garchomp|Protect|p1a: Garchomp\n|-singleturn|p1a: Garchomp|Protect\n|move|p2a: Iron Sack|Hydro Pump|p1a: Garchomp\n|-activate|p1a: Garchomp|move: Protect\n|move|p2b: \"Incineroar\"|Flare Blitz|p1b: Corviknight\n|-supereffective|p1b: Corviknight\n|-damage|p1b: Corviknight|50\/100\n|-damage|p2b: \"Incineroar\"|83\/100|[from] Recoil\n|move|p1b: Corviknight|Tailwind|p1b: Corviknight\n|-sidestart|p1: Kuriboh448|move: Tailwind\n|\n|-heal|p1b: Corviknight|56\/100|[from] item: Leftovers\n|upkeep\n|turn|2\n|\n|t:|1681870837\n|move|p2a: Iron Sack|Protect|p2a: Iron Sack\n|-singleturn|p2a: Iron Sack|Protect\n|move|p1a: Garchomp|Earthquake|p2a: Iron Sack|[spread] p2b\n|-activate|p2a: Iron Sack|move: Protect\n|-immune|p1b: Corviknight\n|-supereffective|p2b: \"Incineroar\"\n|-damage|p2b: \"Incineroar\"|0 fnt\n|faint|p2b: \"Incineroar\"\n|move|p1b: Corviknight|Bulk Up|p1b: Corviknight\n|-boost|p1b: Corviknight|atk|1\n|-boost|p1b: Corviknight|def|1\n|\n|-heal|p1b: Corviknight|61\/100|[from] item: Leftovers\n|upkeep\n|\n|t:|1681870845\n|switch|p2b: Pancakes|Maushold-Four, L50|100\/100\n|turn|3\n|\n|t:|1681870861\n|-terastallize|p1a: Garchomp|Fire\n|move|p2b: Pancakes|Follow Me|p2b: Pancakes\n|-singleturn|p2b: Pancakes|move: Follow Me\n|move|p1a: Garchomp|Earthquake|p2a: Iron Sack|[spread] p2a,p2b\n|-immune|p1b: Corviknight\n|-damage|p2a: Iron Sack|68\/100\n|-damage|p2b: Pancakes|52\/100\n|move|p2a: Iron Sack|Hydro Pump|p1b: Corviknight\n|-damage|p1b: Corviknight|10\/100\n|move|p1b: Corviknight|Iron Head|p2b: Pancakes\n|-damage|p2b: Pancakes|8\/100\n|\n|-heal|p1b: Corviknight|16\/100|[from] item: Leftovers\n|upkeep\n|turn|4\n|\n|t:|1681870881\n|move|p1a: Garchomp|Earthquake|p2b: Pancakes|[spread] p2a,p2b\n|-immune|p1b: Corviknight\n|-damage|p2a: Iron Sack|33\/100\n|-damage|p2b: Pancakes|0 fnt\n|faint|p2b: Pancakes\n|move|p2a: Iron Sack|Freeze-Dry|p1b: Corviknight\n|-damage|p1b: Corviknight|0 fnt\n|faint|p1b: Corviknight\n|\n|-sideend|p1: Kuriboh448|move: Tailwind\n|upkeep\n|\n|t:|1681870891\n|switch|p2b: Monke Business|Annihilape, L50, M|100\/100\n|switch|p1b: Iron Bundle|Iron Bundle, L50|100\/100\n|-enditem|p1b: Iron Bundle|Booster Energy\n|-activate|p1b: Iron Bundle|ability: Quark Drive|[fromitem]\n|-start|p1b: Iron Bundle|quarkdrivespe\n|turn|5\n|\n|t:|1681870909\n|move|p1b: Iron Bundle|Freeze-Dry|p2a: Iron Sack\n|-damage|p2a: Iron Sack|0 fnt\n|faint|p2a: Iron Sack\n|-end|p2a: Iron Sack|Quark Drive|[silent]\n|move|p1a: Garchomp|Swords Dance|p1a: Garchomp\n|-boost|p1a: Garchomp|atk|2\n|move|p2b: Monke Business|Drain Punch|p1b: Iron Bundle\n|-supereffective|p1b: Iron Bundle\n|-damage|p1b: Iron Bundle|5\/100\n|\n|upkeep\n|turn|6\n|-message|JayVGC YT forfeited.\n|\n|win|Kuriboh448\n","uploadtime":1681870922,"views":14,"p1id":"kuriboh448","p2id":"jayvgcyt","formatid":"gen9vgc2023regulationc","rating":0,"private":0,"password":""}