{"id":"gen9vgc2023regulationc-1847233120","p1":"rodrijames014","p2":"haha u rage quit","format":"[Gen 9] VGC 2023 Regulation C","log":"|j|\u2606rodrijames014\n|j|\u2606haha u rage quit\n|t:|1681929959\n|gametype|doubles\n|player|p1|rodrijames014|1|1159\n|player|p2|haha u rage quit|pokemaniac|1142\n|teamsize|p1|6\n|teamsize|p2|6\n|gen|9\n|tier|[Gen 9] VGC 2023 Regulation C\n|rated|\n|rule|Species Clause: Limit one of each Pok\u00e9mon\n|rule|Item Clause: Limit one of each item\n|clearpoke\n|poke|p1|Palafin, L50, F|\n|poke|p1|Chien-Pao, L50|\n|poke|p1|Dragapult, L50, M|\n|poke|p1|Amoonguss, L50, M|\n|poke|p1|Arcanine, L50, F|\n|poke|p1|Flutter Mane, L50|\n|poke|p2|Garganacl, L50, M|\n|poke|p2|Wo-Chien, L50|\n|poke|p2|Amoonguss, L50, M|\n|poke|p2|Ting-Lu, L50|\n|poke|p2|Dondozo, L50, M|\n|poke|p2|Arcanine, L50, M|\n|teampreview|4\n|inactive|Battle timer is ON: inactive players will automatically lose when time's up. (requested by rodrijames014)\n|\n|t:|1681929987\n|start\n|switch|p1a: Dnite|Dragapult, L50, M|100\/100\n|switch|p1b: Dozo|Palafin, L50, F|100\/100\n|switch|p2a: Garganacl|Garganacl, L50, M|100\/100\n|switch|p2b: Dondozo|Dondozo, L50, M|100\/100\n|turn|1\n|inactive|rodrijames014 has 30 seconds left.\n|inactive|haha u rage quit has 30 seconds left.\n|\n|t:|1681930017\n|detailschange|p1b: Dozo|Palafin-Hero, L50, F\n|switch|p1b: Bundle|Chien-Pao, L50|100\/100\n|-ability|p1b: Bundle|Sword of Ruin\n|move|p1a: Dnite|Phantom Force||[still]\n|-prepare|p1a: Dnite|Phantom Force\n|move|p2b: Dondozo|Wave Crash|p1a: Dnite|[miss]\n|-miss|p2b: Dondozo|p1a: Dnite\n|move|p2a: Garganacl|Salt Cure|p1a: Dnite|[miss]\n|-miss|p2a: Garganacl|p1a: Dnite\n|\n|upkeep\n|turn|2\n|inactive|rodrijames014 has 30 seconds left.\n|inactive|rodrijames014 has 20 seconds left.\n|inactive|rodrijames014 has 15 seconds left.\n|inactive|haha u rage quit has 30 seconds left.\n|\n|t:|1681930065\n|-terastallize|p2a: Garganacl|Poison\n|move|p1a: Dnite|Phantom Force|p2a: Garganacl|[from]lockedmove\n|-damage|p2a: Garganacl|69\/100\n|move|p1b: Bundle|Sacred Sword|p2a: Garganacl\n|-resisted|p2a: Garganacl\n|-damage|p2a: Garganacl|55\/100\n|move|p2a: Garganacl|Salt Cure|p1a: Dnite\n|-damage|p1a: Dnite|75\/100\n|-start|p1a: Dnite|Salt Cure\n|move|p2b: Dondozo|Wave Crash|p1a: Dnite\n|-resisted|p1a: Dnite\n|-damage|p1a: Dnite|41\/100\n|-damage|p2b: Dondozo|93\/100|[from] Recoil\n|\n|-heal|p2a: Garganacl|61\/100|[from] item: Leftovers\n|-damage|p1a: Dnite|28\/100|[from] Salt Cure\n|upkeep\n|turn|3\n|inactive|rodrijames014 has 30 seconds left.\n|inactive|rodrijames014 has 20 seconds left.\n|\n|t:|1681930103\n|move|p1b: Bundle|Sucker Punch|p2b: Dondozo\n|-damage|p2b: Dondozo|66\/100\n|move|p1a: Dnite|Phantom Force||[still]\n|-prepare|p1a: Dnite|Phantom Force\n|move|p2a: Garganacl|Salt Cure|p1b: Bundle\n|-supereffective|p1b: Bundle\n|-damage|p1b: Bundle|61\/100\n|-start|p1b: Bundle|Salt Cure\n|move|p2b: Dondozo|Wave Crash|p1b: Bundle\n|-damage|p1b: Bundle|6\/100\n|-damage|p2b: Dondozo|55\/100|[from] Recoil\n|\n|-heal|p2a: Garganacl|67\/100|[from] item: Leftovers\n|-damage|p1a: Dnite|16\/100|[from] Salt Cure\n|-damage|p1b: Bundle|0 fnt|[from] Salt Cure\n|faint|p1b: Bundle\n|upkeep\n|\n|t:|1681930116\n|switch|p1b: Dozo|Palafin-Hero, L50, F|100\/100\n|-activate|p1b: Dozo|ability: Zero to Hero\n|turn|4\n|\n|t:|1681930138\n|-terastallize|p1b: Dozo|Water\n|move|p1a: Dnite|Phantom Force|p2b: Dondozo|[from]lockedmove\n|-damage|p2b: Dondozo|16\/100\n|-enditem|p2b: Dondozo|Aguav Berry|[eat]\n|-heal|p2b: Dondozo|49\/100|[from] item: Aguav Berry\n|move|p1b: Dozo|Wave Crash|p2a: Garganacl\n|-damage|p2a: Garganacl|0 fnt\n|faint|p2a: Garganacl\n|-damage|p1b: Dozo|78\/100|[from] Recoil\n|move|p2b: Dondozo|Yawn|p1b: Dozo\n|-start|p1b: Dozo|move: Yawn|[of] p2b: Dondozo\n|\n|-damage|p1a: Dnite|3\/100|[from] Salt Cure\n|upkeep\n|l|\u2606rodrijames014\n|inactive|rodrijames014 disconnected and has a minute to reconnect!\n|player|p1|\n|\n|t:|1681930160\n|switch|p2a: Ting-Lu|Ting-Lu, L50|100\/100\n|-ability|p2a: Ting-Lu|Vessel of Ruin\n|turn|5\n|inactive|rodrijames014 has 30 seconds left.\n|inactive|rodrijames014 has 20 seconds left.\n|inactive|haha u rage quit has 30 seconds left.\n|inactive|rodrijames014 has 15 seconds left.\n|inactive|rodrijames014 has 10 seconds left.\n|inactive|rodrijames014 has 5 seconds left.\n|-message|rodrijames014 lost due to inactivity.\n|\n|win|haha u rage quit\n|raw|rodrijames014's rating: 1159 → 1133<\/strong> (-26 for losing)\n|raw|haha u rage quit's rating: 1142 → 1168<\/strong> (+26 for winning)\n|l|\u2606haha u rage quit\n|j|\u2606haha u rage quit\n|player|p2|haha u rage quit|pokemaniac\n","uploadtime":1681930220,"views":12,"p1id":"rodrijames014","p2id":"hahauragequit","formatid":"gen9vgc2023regulationc","rating":1133,"private":0,"password":""}