{"id":"gen9vgc2023regulationc-1845608903","p1":"WDMichael","p2":"Supersuperscoops","format":"[Gen 9] VGC 2023 Regulation C","log":"|j|\u2606WDMichael\n|j|\u2606Supersuperscoops\n|t:|1681749121\n|gametype|doubles\n|player|p1|WDMichael|101|1399\n|player|p2|Supersuperscoops|169|1372\n|teamsize|p1|6\n|teamsize|p2|6\n|gen|9\n|tier|[Gen 9] VGC 2023 Regulation C\n|rated|\n|rule|Species Clause: Limit one of each Pok\u00e9mon\n|rule|Item Clause: Limit one of each item\n|clearpoke\n|poke|p1|Ting-Lu, L50|\n|poke|p1|Abomasnow, L50, M|\n|poke|p1|Beartic, L50, M|\n|poke|p1|Cryogonal, L50|\n|poke|p1|Garganacl, L50, F|\n|poke|p1|Kingambit, L50, F|\n|poke|p2|Ting-Lu, L50|\n|poke|p2|Chi-Yu, L50|\n|poke|p2|Amoonguss, L50, M|\n|poke|p2|Azumarill, L50, F|\n|poke|p2|Orthworm, L50, M|\n|poke|p2|Flutter Mane, L50|\n|teampreview|4\n|inactive|Battle timer is ON: inactive players will automatically lose when time's up. (requested by Supersuperscoops)\n|inactive|Supersuperscoops has 60 seconds left.\n|inactive|Supersuperscoops has 30 seconds left.\n|inactive|Supersuperscoops has 20 seconds left.\n|inactive|Supersuperscoops has 15 seconds left.\n|inactive|Supersuperscoops has 10 seconds left.\n|\n|t:|1681749206\n|start\n|switch|p1a: Beartic|Beartic, L50, M, shiny|100\/100\n|switch|p1b: Abomasnow|Abomasnow, L50, M, shiny|100\/100\n|switch|p2a: Flutter Mane|Flutter Mane, L50|100\/100\n|switch|p2b: Chi-Yu|Chi-Yu, L50|100\/100\n|-ability|p2b: Chi-Yu|Beads of Ruin\n|-weather|Snow|[from] ability: Snow Warning|[of] p1b: Abomasnow\n|-enditem|p2a: Flutter Mane|Booster Energy\n|-activate|p2a: Flutter Mane|ability: Protosynthesis|[fromitem]\n|-start|p2a: Flutter Mane|protosynthesisspe\n|turn|1\n|inactive|WDMichael has 30 seconds left.\n|inactive|Supersuperscoops has 30 seconds left.\n|inactive|WDMichael has 20 seconds left.\n|inactive|WDMichael has 15 seconds left.\n|inactive|WDMichael has 10 seconds left.\n|inactive|WDMichael has 5 seconds left.\n|\n|t:|1681749257\n|-terastallize|p1b: Abomasnow|Water\n|move|p2a: Flutter Mane|Dazzling Gleam|p1a: Beartic|[spread] p1a,p1b\n|-crit|p1b: Abomasnow\n|-damage|p1a: Beartic|57\/100\n|-damage|p1b: Abomasnow|44\/100\n|move|p1a: Beartic|Sheer Cold|p2b: Chi-Yu\n|-damage|p2b: Chi-Yu|0 fnt\n|faint|p2b: Chi-Yu\n|-ohko\n|move|p1b: Abomasnow|Aurora Veil|p1b: Abomasnow\n|-sidestart|p1: WDMichael|move: Aurora Veil\n|\n|-weather|Snow|[upkeep]\n|upkeep\n|\n|t:|1681749280\n|switch|p2b: Azumarill|Azumarill, L50, F|100\/100\n|turn|2\n|\n|t:|1681749301\n|-terastallize|p2a: Flutter Mane|Fairy\n|move|p2b: Azumarill|Aqua Jet|p1a: Beartic\n|-damage|p1a: Beartic|45\/100\n|move|p2a: Flutter Mane|Dazzling Gleam|p1a: Beartic|[spread] p1a,p1b\n|-damage|p1a: Beartic|15\/100\n|-damage|p1b: Abomasnow|18\/100\n|move|p1a: Beartic|Sheer Cold|p2a: Flutter Mane\n|-damage|p2a: Flutter Mane|0 fnt\n|faint|p2a: Flutter Mane\n|-end|p2a: Flutter Mane|Protosynthesis|[silent]\n|-ohko\n|move|p1b: Abomasnow|Rest|p1b: Abomasnow\n|-status|p1b: Abomasnow|slp|[from] move: Rest\n|-heal|p1b: Abomasnow|100\/100 slp|[silent]\n|\n|-weather|Snow|[upkeep]\n|upkeep\n|\n|t:|1681749316\n|switch|p2a: Amoonguss|Amoonguss, L50, M|100\/100\n|turn|3\n|\n|t:|1681749330\n|move|p2a: Amoonguss|Protect|p2a: Amoonguss\n|-singleturn|p2a: Amoonguss|Protect\n|move|p1a: Beartic|Rest|p1a: Beartic\n|-status|p1a: Beartic|slp|[from] move: Rest\n|-heal|p1a: Beartic|100\/100 slp|[silent]\n|cant|p1b: Abomasnow|slp\n|move|p2b: Azumarill|Play Rough|p1a: Beartic\n|-damage|p1a: Beartic|71\/100 slp\n|\n|-weather|Snow|[upkeep]\n|upkeep\n|turn|4\n|c|\u2606Supersuperscoops|lol okay\n|\n|t:|1681749345\n|cant|p1a: Beartic|slp\n|move|p1a: Beartic|Sleep Talk|p1a: Beartic\n|move|p1a: Beartic|Rest||[from]move: Sleep Talk|[still]\n|-fail|p1a: Beartic\n|cant|p1b: Abomasnow|slp\n|move|p1b: Abomasnow|Sleep Talk|p1b: Abomasnow\n|move|p1b: Abomasnow|Aurora Veil||[from]move: Sleep Talk|[still]\n|-fail|p1b: Abomasnow\n|move|p2b: Azumarill|Play Rough|p1a: Beartic\n|-damage|p1a: Beartic|42\/100 slp\n|move|p2a: Amoonguss|Pollen Puff|p1a: Beartic\n|-damage|p1a: Beartic|29\/100 slp\n|\n|-weather|Snow|[upkeep]\n|upkeep\n|turn|5\n|inactive|Supersuperscoops has 30 seconds left.\n|\n|t:|1681749378\n|cant|p1a: Beartic|slp\n|move|p1a: Beartic|Sleep Talk|p1a: Beartic\n|move|p1a: Beartic|Rest||[from]move: Sleep Talk|[still]\n|-fail|p1a: Beartic\n|-curestatus|p1b: Abomasnow|slp|[msg]\n|move|p1b: Abomasnow|Sheer Cold|p2a: Amoonguss\n|-damage|p2a: Amoonguss|0 fnt\n|faint|p2a: Amoonguss\n|-ohko\n|move|p2b: Azumarill|Play Rough|p1a: Beartic\n|-damage|p1a: Beartic|0 fnt\n|faint|p1a: Beartic\n|\n|-weather|none\n|upkeep\n|c|\u2606WDMichael|Rofl\n|\n|t:|1681749397\n|switch|p1a: Garganacl|Garganacl, L50, F, shiny|100\/100\n|turn|6\n|c|\u2606Supersuperscoops|There\u2019s no way\n|c|\u2606Supersuperscoops|How have you not missed a single sheer cold\n|-message|Supersuperscoops forfeited.\n|\n|win|WDMichael\n|raw|WDMichael's rating: 1399 → 1417<\/strong> (+18 for winning)\n|raw|Supersuperscoops's rating: 1372 → 1354<\/strong> (-18 for losing)\n|l|\u2606Supersuperscoops\n|c|\u2606WDMichael|Always a way when the OHKO is available!\n","uploadtime":1681749434,"views":24,"p1id":"wdmichael","p2id":"supersuperscoops","formatid":"gen9vgc2023regulationc","rating":1354,"private":0,"password":""}