{"id":"gen9vgc2023regulationc-1860218093","p1":"Kemaho","p2":"pchan1f","format":"[Gen 9] VGC 2023 Regulation C","log":"|j|\u2606Kemaho\n|j|\u2606pchan1f\n|t:|1683612240\n|gametype|doubles\n|player|p1|Kemaho|clerk|1046\n|player|p2|pchan1f|170|1132\n|teamsize|p1|6\n|teamsize|p2|6\n|gen|9\n|tier|[Gen 9] VGC 2023 Regulation C\n|rated|\n|rule|Species Clause: Limit one of each Pok\u00e9mon\n|rule|Item Clause: Limit one of each item\n|clearpoke\n|poke|p1|Arcanine, L50, F|\n|poke|p1|Palafin, L50, M|\n|poke|p1|Gholdengo, L50|\n|poke|p1|Chien-Pao, L50|\n|poke|p1|Dragonite, L50, F|\n|poke|p1|Amoonguss, L50, F|\n|poke|p2|Pincurchin, L50, M|\n|poke|p2|Iron Treads, L50|\n|poke|p2|Iron Bundle, L50|\n|poke|p2|Pelipper, L50, M|\n|poke|p2|Drifblim, L50, F|\n|poke|p2|Ting-Lu, L50|\n|teampreview|4\nKemaho has agreed to open team sheets.\n|inactive|Battle timer is ON: inactive players will automatically lose when time's up. (requested by pchan1f)\n|\n|t:|1683612349\n|start\n|switch|p1a: Arcanine|Arcanine, L50, F|100\/100\n|switch|p1b: Palafin|Palafin, L50, M|100\/100\n|switch|p2a: Pincurchin|Pincurchin, L50, M|100\/100\n|switch|p2b: Iron Bundle|Iron Bundle, L50|100\/100\n|-ability|p1a: Arcanine|Intimidate|boost\n|-unboost|p2a: Pincurchin|atk|1\n|-unboost|p2b: Iron Bundle|atk|1\n|-fieldstart|move: Electric Terrain|[from] ability: Electric Surge|[of] p2a: Pincurchin\n|-activate|p2b: Iron Bundle|ability: Quark Drive\n|-start|p2b: Iron Bundle|quarkdrivespe\n|turn|1\n|inactive|pchan1f has 30 seconds left.\n|inactive|pchan1f has 20 seconds left.\n|inactive|pchan1f has 15 seconds left.\n|\n|t:|1683612391\n|detailschange|p1b: Palafin|Palafin-Hero, L50, M\n|switch|p1b: Dragonite|Dragonite, L50, F|100\/100\n|-terastallize|p1a: Arcanine|Grass\n|move|p2b: Iron Bundle|Hydro Pump|p1a: Arcanine\n|-resisted|p1a: Arcanine\n|-damage|p1a: Arcanine|51\/100\n|move|p1a: Arcanine|Flare Blitz|p2b: Iron Bundle\n|-damage|p2b: Iron Bundle|29\/100\n|-damage|p1a: Arcanine|33\/100|[from] Recoil\n|move|p2a: Pincurchin|Spikes|p1a: Arcanine\n|-sidestart|p1: Kemaho|Spikes\n|\n|upkeep\n|turn|2\n|\n|t:|1683612411\n|-end|p2b: Iron Bundle|Quark Drive|[silent]\n|switch|p2b: Ting-Lu|Ting-Lu, L50|100\/100\n|-ability|p2b: Ting-Lu|Vessel of Ruin\n|move|p1a: Arcanine|Extreme Speed|p2b: Ting-Lu\n|-damage|p2b: Ting-Lu|88\/100\n|move|p1b: Dragonite|Stomping Tantrum|p2a: Pincurchin\n|-supereffective|p2a: Pincurchin\n|-damage|p2a: Pincurchin|24\/100\n|-enditem|p2a: Pincurchin|Eject Button\n|inactive|pchan1f has 30 seconds left.\n|\n|t:|1683612438\n|switch|p2a: Iron Treads|Iron Treads, L50|100\/100\n|-activate|p2a: Iron Treads|ability: Quark Drive\n|-start|p2a: Iron Treads|quarkdriveatk\n|\n|upkeep\n|turn|3\n|\n|t:|1683612462\n|move|p1a: Arcanine|Will-O-Wisp|p2b: Ting-Lu\n|-status|p2b: Ting-Lu|brn\n|move|p2a: Iron Treads|Iron Head|p1a: Arcanine\n|-damage|p1a: Arcanine|0 fnt\n|faint|p1a: Arcanine\n|move|p1b: Dragonite|Stomping Tantrum|p2a: Iron Treads\n|-supereffective|p2a: Iron Treads\n|-damage|p2a: Iron Treads|55\/100\n|move|p2b: Ting-Lu|Ruination|p1b: Dragonite\n|-damage|p1b: Dragonite|50\/100\n|\n|-damage|p2b: Ting-Lu|81\/100 brn|[from] brn\n|upkeep\n|\n|t:|1683612471\n|switch|p1a: Palafin|Palafin-Hero, L50, M|100\/100\n|-damage|p1a: Palafin|88\/100|[from] Spikes\n|-activate|p1a: Palafin|ability: Zero to Hero\n|turn|4\n|\n|t:|1683612495\n|-terastallize|p2a: Iron Treads|Flying\n|move|p1a: Palafin|Wave Crash|p2b: Ting-Lu\n|-supereffective|p2b: Ting-Lu\n|-damage|p2b: Ting-Lu|0 fnt\n|faint|p2b: Ting-Lu\n|-damage|p1a: Palafin|48\/100|[from] Recoil\n|move|p2a: Iron Treads|Iron Head|p1b: Dragonite\n|-damage|p1b: Dragonite|0 fnt\n|faint|p1b: Dragonite\n|\n|upkeep\n|\n|t:|1683612508\n|switch|p1b: Chien-Pao|Chien-Pao, L50|100\/100\n|switch|p2b: Iron Bundle|Iron Bundle, L50|29\/100\n|-activate|p2b: Iron Bundle|ability: Quark Drive\n|-start|p2b: Iron Bundle|quarkdrivespe\n|-damage|p1b: Chien-Pao|88\/100|[from] Spikes\n|-ability|p1b: Chien-Pao|Sword of Ruin\n|turn|5\n|inactive|pchan1f has 30 seconds left.\n|inactive|pchan1f has 20 seconds left.\n|inactive|pchan1f has 15 seconds left.\n|\n|t:|1683612549\n|move|p1a: Palafin|Jet Punch|p2b: Iron Bundle\n|-resisted|p2b: Iron Bundle\n|-damage|p2b: Iron Bundle|0 fnt\n|faint|p2b: Iron Bundle\n|-end|p2b: Iron Bundle|Quark Drive|[silent]\n|move|p1b: Chien-Pao|Ice Spinner|p2a: Iron Treads\n|-supereffective|p2a: Iron Treads\n|-damage|p2a: Iron Treads|0 fnt\n|-fieldend|move: Electric Terrain\n|faint|p2a: Iron Treads\n|-end|p2a: Iron Treads|Quark Drive|[silent]\n|\n|upkeep\n|\n|t:|1683612559\n|switch|p2b: Pincurchin|Pincurchin, L50, M|24\/100\n|-fieldstart|move: Electric Terrain|[from] ability: Electric Surge|[of] p2b: Pincurchin\n|turn|6\n|\n|t:|1683612567\n|move|p1b: Chien-Pao|Sucker Punch||[still]\n|-fail|p1b: Chien-Pao\n|move|p1a: Palafin|Jet Punch|p2b: Pincurchin\n|-damage|p2b: Pincurchin|0 fnt\n|faint|p2b: Pincurchin\n|\n|win|Kemaho\n|raw|Kemaho's rating: 1046 → 1087<\/strong> (+41 for winning)\n|raw|pchan1f's rating: 1132 → 1101<\/strong> (-31 for losing)\n|l|\u2606Kemaho\n","uploadtime":1683612576,"views":7,"p1id":"kemaho","p2id":"pchan1f","formatid":"gen9vgc2023regulationc","rating":1087,"private":0,"password":""}