{"id":"gen9vgc2023regulationc-1854324227","p1":"5wamp","p2":"pokemon_and_beer","format":"[Gen 9] VGC 2023 Regulation C","log":"|j|\u26065wamp\n|j|\u2606pokemon_and_beer\n|t:|1682797087\n|gametype|doubles\n|player|p1|5wamp|boarder|\n|player|p2|pokemon_and_beer|266|\n|teamsize|p1|6\n|teamsize|p2|6\n|gen|9\n|tier|[Gen 9] VGC 2023 Regulation C\n|rule|Species Clause: Limit one of each Pok\u00e9mon\n|rule|Item Clause: Limit one of each item\n|clearpoke\n|poke|p1|Flutter Mane, L50|\n|poke|p1|Arcanine, L50, F|\n|poke|p1|Amoonguss, L50, F|\n|poke|p1|Ting-Lu, L50|\n|poke|p1|Kingambit, L50, M|\n|poke|p1|Palafin, L50, M|\n|poke|p2|Arcanine, L50, F|\n|poke|p2|Amoonguss, L50, F|\n|poke|p2|Kingambit, L50, F|\n|poke|p2|Flutter Mane, L50|\n|poke|p2|Ting-Lu, L50|\n|poke|p2|Palafin, L50, F|\n|teampreview|4\n|c|\u2606pokemon_and_beer|g2, glhf!\npokemon_and_beer has agreed to open team sheets.\n|c|\u2606pokemon_and_beer|wait, wtf\n|c|\u26065wamp|lmao the teams not ready\n|c|\u26065wamp|it needs changes\n5wamp has agreed to open team sheets.\n|c|\u2606pokemon_and_beer|gotcha\n|c|\u26065wamp|glhf\n|c|\u26065wamp|tera ghost flutter is not it\n|c|\u2606pokemon_and_beer|I like this team you're using now\n|c|\u2606pokemon_and_beer|some off-meta mons\n|c|\u26065wamp|yeah i like yours\n|c|\u26065wamp|how did you think of the mons?\n|c|\u26065wamp|i havent seen flutter anywhere\n|c|\u26065wamp|wait whys your bitch tera grass\n|c|\u2606pokemon_and_beer|I figured I'd give it a shot\n|c|\u26065wamp|istg thrill\n|c|\u2606pokemon_and_beer|:shrug:\n|c|\u26065wamp|lmfao\n|c|\u26065wamp|i gotta make my amoonguss 12 spe to creep the 4 spe ones\n|\n|t:|1682797217\n|start\n|switch|p1a: DOGTOOTH|Arcanine, L50, F|100\/100\n|switch|p1b: LUMBERJACK|Kingambit, L50, M|100\/100\n|switch|p2a: Pal-El|Palafin, L50, F|100\/100\n|switch|p2b: Mugman|Ting-Lu, L50|100\/100\n|-ability|p1a: DOGTOOTH|Intimidate|boost\n|-unboost|p2a: Pal-El|atk|1\n|-unboost|p2b: Mugman|atk|1\n|-ability|p2b: Mugman|Vessel of Ruin\n|turn|1\n|j| MikeTitan\n|\n|t:|1682797263\n|detailschange|p2a: Pal-El|Palafin-Hero, L50, F\n|switch|p2a: Blueshido|Kingambit, L50, F, shiny|100\/100\n|move|p1a: DOGTOOTH|Will-O-Wisp|p2b: Mugman\n|-status|p2b: Mugman|brn\n|move|p2b: Mugman|Ruination|p1b: LUMBERJACK\n|-damage|p1b: LUMBERJACK|50\/100\n|move|p1b: LUMBERJACK|Swords Dance|p1b: LUMBERJACK\n|-boost|p1b: LUMBERJACK|atk|2\n|\n|-damage|p2b: Mugman|94\/100 brn|[from] brn\n|upkeep\n|turn|2\n|\n|t:|1682797291\n|move|p2a: Blueshido|Protect|p2a: Blueshido\n|-singleturn|p2a: Blueshido|Protect\n|move|p1a: DOGTOOTH|Will-O-Wisp|p2a: Blueshido\n|-activate|p2a: Blueshido|move: Protect\n|move|p2b: Mugman|Earthquake|p1a: DOGTOOTH|[spread] p1a,p1b\n|-activate|p2a: Blueshido|move: Protect\n|-supereffective|p1a: DOGTOOTH\n|-supereffective|p1b: LUMBERJACK\n|-damage|p1a: DOGTOOTH|76\/100\n|-damage|p1b: LUMBERJACK|33\/100\n|move|p1b: LUMBERJACK|Kowtow Cleave|p2b: Mugman\n|-resisted|p2b: Mugman\n|-damage|p2b: Mugman|56\/100 brn\n|\n|-damage|p2b: Mugman|50\/100 brn|[from] brn\n|upkeep\n|turn|3\n|j| beardie daddy\n|\n|t:|1682797336\n|switch|p2a: Spordyceps|Amoonguss, L50, F|100\/100\n|move|p1a: DOGTOOTH|Howl|p1a: DOGTOOTH|[spread] p1a,p1b\n|-boost|p1a: DOGTOOTH|atk|1\n|-boost|p1b: LUMBERJACK|atk|1\n|move|p2b: Mugman|Stomping Tantrum|p1b: LUMBERJACK\n|-supereffective|p1b: LUMBERJACK\n|-damage|p1b: LUMBERJACK|15\/100\n|move|p1b: LUMBERJACK|Kowtow Cleave|p2a: Spordyceps\n|-damage|p2a: Spordyceps|0 fnt\n|faint|p2a: Spordyceps\n|\n|-damage|p2b: Mugman|44\/100 brn|[from] brn\n|upkeep\n|\n|t:|1682797348\n|switch|p2a: Pal-El|Palafin-Hero, L50, F|100\/100\n|-activate|p2a: Pal-El|ability: Zero to Hero\n|turn|4\n|c| beardie daddy|nice, I'm also testing grass flut\n|l| MikeTitan\n|\n|t:|1682797392\n|-terastallize|p1a: DOGTOOTH|Flying\n|move|p2a: Pal-El|Protect|p2a: Pal-El\n|-singleturn|p2a: Pal-El|Protect\n|move|p1a: DOGTOOTH|Will-O-Wisp|p2a: Pal-El\n|-activate|p2a: Pal-El|move: Protect\n|move|p2b: Mugman|Earthquake|p1b: LUMBERJACK|[spread] p1b\n|-activate|p2a: Pal-El|move: Protect\n|-immune|p1a: DOGTOOTH\n|-supereffective|p1b: LUMBERJACK\n|-damage|p1b: LUMBERJACK|0 fnt\n|faint|p1b: LUMBERJACK\n|\n|-damage|p2b: Mugman|38\/100 brn|[from] brn\n|upkeep\n|c|\u26065wamp|i should look at speed tiers\n|\n|t:|1682797416\n|switch|p1b: OKRA|Amoonguss, L50, F|100\/100\n|turn|5\n|c|\u2606pokemon_and_beer|yeah, the fact that it's slower than Ting is shocking\n|\n|t:|1682797454\n|-terastallize|p2a: Pal-El|Grass\n|move|p1b: OKRA|Rage Powder|p1b: OKRA\n|-singleturn|p1b: OKRA|move: Rage Powder\n|move|p2a: Pal-El|Wave Crash|p1a: DOGTOOTH\n|-damage|p1a: DOGTOOTH|0 fnt\n|faint|p1a: DOGTOOTH\n|-damage|p2a: Pal-El|75\/100|[from] Recoil\n|move|p2b: Mugman|Ruination|p1b: OKRA\n|-damage|p1b: OKRA|50\/100\n|-enditem|p1b: OKRA|Sitrus Berry|[eat]\n|-heal|p1b: OKRA|75\/100|[from] item: Sitrus Berry\n|\n|-damage|p2b: Mugman|32\/100 brn|[from] brn\n|upkeep\n|\n|t:|1682797466\n|switch|p1a: PUPPET|Flutter Mane, L50, shiny|100\/100\n|-enditem|p1a: PUPPET|Booster Energy\n|-activate|p1a: PUPPET|ability: Protosynthesis|[fromitem]\n|-start|p1a: PUPPET|protosynthesisspa\n|turn|6\n|\n|t:|1682797481\n|move|p1a: PUPPET|Protect|p1a: PUPPET\n|-singleturn|p1a: PUPPET|Protect\n|move|p2a: Pal-El|Protect|p2a: Pal-El\n|-singleturn|p2a: Pal-El|Protect\n|move|p2b: Mugman|Earthquake|p1a: PUPPET|[spread] p1b\n|-activate|p2a: Pal-El|move: Protect\n|-activate|p1a: PUPPET|move: Protect\n|-damage|p1b: OKRA|67\/100\n|move|p1b: OKRA|Pollen Puff|p2a: Pal-El\n|-activate|p2a: Pal-El|move: Protect\n|\n|-damage|p2b: Mugman|26\/100 brn|[from] brn\n|upkeep\n|turn|7\n|c| beardie daddy|grass flut would be clutch rn\n|\n|t:|1682797530\n|move|p2a: Pal-El|Jet Punch|p1a: PUPPET\n|-damage|p1a: PUPPET|21\/100\n|move|p1a: PUPPET|Moonblast|p2a: Pal-El\n|-damage|p2a: Pal-El|29\/100\n|move|p2b: Mugman|Earthquake|p1a: PUPPET|[spread] p2a,p1a,p1b\n|-resisted|p2a: Pal-El\n|-damage|p2a: Pal-El|23\/100\n|-damage|p1a: PUPPET|0 fnt\n|-damage|p1b: OKRA|58\/100\n|faint|p1a: PUPPET\n|-end|p1a: PUPPET|Protosynthesis|[silent]\n|move|p1b: OKRA|Pollen Puff|p2a: Pal-El\n|-supereffective|p2a: Pal-El\n|-damage|p2a: Pal-El|0 fnt\n|faint|p2a: Pal-El\n|\n|-damage|p2b: Mugman|20\/100 brn|[from] brn\n|upkeep\n|c|\u26065wamp|rip i tried to read wave crash\n|\n|t:|1682797545\n|switch|p2a: Blueshido|Kingambit, L50, F, shiny|100\/100\n|turn|8\n|-message|5wamp forfeited.\n|\n|win|pokemon_and_beer\n|c|\u26065wamp|gg\n|c|\u2606pokemon_and_beer|gg\n|c|\u26065wamp|thought youd crash as crash killed\n|c|\u26065wamp|and i could never kill pala from that ranger\n|c|\u26065wamp|whereas gleam + pollen lost you the game\n|c|\u2606pokemon_and_beer|Yeah, I just wanted to deal damage\n|l| beardie daddy\n","uploadtime":1682797614,"views":15,"p1id":"5wamp","p2id":"pokemonandbeer","formatid":"gen9vgc2023regulationc","rating":0,"private":0,"password":""}