{"id":"gen9vgc2023regulationc-1861581259","p1":"capntusktooth420","p2":"Catv470","format":"[Gen 9] VGC 2023 Regulation C","log":"|j|\u2606capntusktooth420\n|j|\u2606Catv470\n|t:|1683776276\n|gametype|doubles\n|player|p1|capntusktooth420|266|1061\n|player|p2|Catv470|sonia-professor|1051\n|teamsize|p1|6\n|teamsize|p2|6\n|gen|9\n|tier|[Gen 9] VGC 2023 Regulation C\n|rated|\n|rule|Species Clause: Limit one of each Pok\u00e9mon\n|rule|Item Clause: Limit one of each item\n|clearpoke\n|poke|p1|Abomasnow, L50, M|\n|poke|p1|Iron Bundle, L50|\n|poke|p1|Dragonite, L50, F|\n|poke|p1|Volcarona, L50, F|\n|poke|p1|Bronzong, L50|\n|poke|p1|Ting-Lu, L50|\n|poke|p2|Chien-Pao, L50|\n|poke|p2|Dragonite, L50, M|\n|poke|p2|Farigiraf, L50, F|\n|poke|p2|Gyarados, L50, F|\n|poke|p2|Flutter Mane, L50|\n|poke|p2|Roaring Moon, L50|\n|teampreview|4\n|inactive|Battle timer is ON: inactive players will automatically lose when time's up. (requested by Catv470)\n|\n|t:|1683776303\n|start\n|switch|p1a: Abomasnow|Abomasnow, L50, M|100\/100\n|switch|p1b: Iron Bundle|Iron Bundle, L50|100\/100\n|switch|p2a: misdrevaus+|Flutter Mane, L50|100\/100\n|switch|p2b: huh|Dragonite, L50, M, shiny|100\/100\n|-weather|Snow|[from] ability: Snow Warning|[of] p1a: Abomasnow\n|turn|1\n|inactive|capntusktooth420 has 30 seconds left.\n|\n|t:|1683776332\n|-terastallize|p1b: Iron Bundle|Ice\n|-terastallize|p2b: huh|Normal\n|move|p1a: Abomasnow|Helping Hand|p1b: Iron Bundle\n|-singleturn|p1b: Iron Bundle|Helping Hand|[of] p1a: Abomasnow\n|move|p1b: Iron Bundle|Blizzard|p2b: huh|[spread] p2a,p2b\n|-enditem|p2a: misdrevaus+|Focus Sash\n|-damage|p2a: misdrevaus+|1\/100\n|-damage|p2b: huh|41\/100\n|move|p2a: misdrevaus+|Mystical Fire|p1a: Abomasnow\n|-supereffective|p1a: Abomasnow\n|-enditem|p1a: Abomasnow|Focus Sash\n|-damage|p1a: Abomasnow|1\/100\n|-unboost|p1a: Abomasnow|spa|1\n|move|p2b: huh|Iron Head|p1b: Iron Bundle\n|-supereffective|p1b: Iron Bundle\n|-damage|p1b: Iron Bundle|31\/100\n|\n|-weather|Snow|[upkeep]\n|upkeep\n|turn|2\n|inactive|Catv470 has 30 seconds left.\n|inactive|capntusktooth420 has 30 seconds left.\n|inactive|Catv470 has 20 seconds left.\n|\n|t:|1683776372\n|switch|p2b: !|Chien-Pao, L50|100\/100\n|-ability|p2b: !|Sword of Ruin\n|move|p1b: Iron Bundle|Blizzard|p2a: misdrevaus+|[spread] p2a,p2b\n|-resisted|p2b: !\n|-damage|p2a: misdrevaus+|0 fnt\n|-damage|p2b: !|31\/100\n|faint|p2a: misdrevaus+\n|-end|p2a: misdrevaus+|Protosynthesis|[silent]\n|move|p1a: Abomasnow|Blizzard|p2b: !\n|-resisted|p2b: !\n|-crit|p2b: !\n|-damage|p2b: !|0 fnt\n|faint|p2b: !\n|\n|-weather|Snow|[upkeep]\n|upkeep\n|\n|t:|1683776383\n|switch|p2a: flying worm|Gyarados, L50, F|100\/100\n|switch|p2b: huh|Dragonite, L50, M, shiny, tera:Normal|41\/100\n|-ability|p2a: flying worm|Intimidate|boost\n|-unboost|p1a: Abomasnow|atk|1\n|-unboost|p1b: Iron Bundle|atk|1\n|turn|3\n|\n|t:|1683776398\n|-end|p1b: Iron Bundle|Quark Drive|[silent]\n|switch|p1b: Ting-Lu|Ting-Lu, L50|100\/100\n|-ability|p1b: Ting-Lu|Vessel of Ruin\n|move|p2a: flying worm|Protect|p2a: flying worm\n|-singleturn|p2a: flying worm|Protect\n|move|p2b: huh|Extreme Speed|p1b: Ting-Lu\n|-damage|p1b: Ting-Lu|59\/100\n|move|p1a: Abomasnow|Blizzard|p2b: huh|[spread] p2b\n|-activate|p2a: flying worm|move: Protect\n|-damage|p2b: huh|23\/100\n|\n|-weather|Snow|[upkeep]\n|upkeep\n|turn|4\n|\n|t:|1683776417\n|switch|p1a: Dragonite|Dragonite, L50, F|100\/100\n|move|p2b: huh|Extreme Speed|p1a: Dragonite\n|-damage|p1a: Dragonite|71\/100\n|move|p2a: flying worm|Waterfall|p1b: Ting-Lu\n|-supereffective|p1b: Ting-Lu\n|-damage|p1b: Ting-Lu|16\/100\n|move|p1b: Ting-Lu|Rock Slide|p2b: huh|[spread] p2a,p2b\n|-supereffective|p2a: flying worm\n|-damage|p2a: flying worm|70\/100\n|-damage|p2b: huh|10\/100\n|\n|-weather|Snow|[upkeep]\n|upkeep\n|turn|5\n|inactive|capntusktooth420 has 30 seconds left.\n|\n|t:|1683776446\n|move|p1a: Dragonite|Extreme Speed|p2b: huh\n|-damage|p2b: huh|0 fnt\n|faint|p2b: huh\n|move|p2a: flying worm|Waterfall|p1b: Ting-Lu\n|-supereffective|p1b: Ting-Lu\n|-damage|p1b: Ting-Lu|0 fnt\n|faint|p1b: Ting-Lu\n|\n|-weather|none\n|upkeep\n|\n|t:|1683776457\n|switch|p1b: Abomasnow|Abomasnow, L50, M|1\/100\n|-weather|Snow|[from] ability: Snow Warning|[of] p1b: Abomasnow\n|turn|6\n|\n|t:|1683776465\n|move|p2a: flying worm|Waterfall|p1b: Abomasnow\n|-resisted|p1b: Abomasnow\n|-crit|p1b: Abomasnow\n|-damage|p1b: Abomasnow|0 fnt\n|faint|p1b: Abomasnow\n|move|p1a: Dragonite|Dragon Dance|p1a: Dragonite\n|-boost|p1a: Dragonite|atk|1\n|-boost|p1a: Dragonite|spe|1\n|\n|-weather|Snow|[upkeep]\n|upkeep\n|\n|t:|1683776470\n|switch|p1b: Iron Bundle|Iron Bundle, L50, tera:Ice|31\/100\n|turn|7\n|\n|t:|1683776478\n|move|p1a: Dragonite|Extreme Speed|p2a: flying worm\n|-crit|p2a: flying worm\n|-damage|p2a: flying worm|4\/100\n|-enditem|p2a: flying worm|Sitrus Berry|[eat]\n|-heal|p2a: flying worm|29\/100|[from] item: Sitrus Berry\n|move|p1b: Iron Bundle|Freeze-Dry|p2a: flying worm\n|-supereffective|p2a: flying worm\n|-damage|p2a: flying worm|0 fnt\n|faint|p2a: flying worm\n|\n|win|capntusktooth420\n|raw|capntusktooth420's rating: 1061 → 1091<\/strong> (+30 for winning)\n|raw|Catv470's rating: 1051 → 1034<\/strong> (-17 for losing)\n","uploadtime":1683776483,"views":17,"p1id":"capntusktooth420","p2id":"catv470","formatid":"gen9vgc2023regulationc","rating":1034,"private":0,"password":""}