{"id":"gen9vgc2023regulationc-1855526540","p1":"Luppuslamb","p2":"wtfgr","format":"[Gen 9] VGC 2023 Regulation C","log":"|j|\u2606Luppuslamb\n|j|\u2606wtfgr\n|t:|1682959254\n|gametype|doubles\n|player|p1|Luppuslamb|veteran|1150\n|player|p2|wtfgr|red|1143\n|teamsize|p1|6\n|teamsize|p2|6\n|gen|9\n|tier|[Gen 9] VGC 2023 Regulation C\n|rated|\n|rule|Species Clause: Limit one of each Pok\u00e9mon\n|rule|Item Clause: Limit one of each item\n|clearpoke\n|poke|p1|Chi-Yu, L50|\n|poke|p1|Flutter Mane, L50|\n|poke|p1|Maushold, L50|\n|poke|p1|Annihilape, L50, M|\n|poke|p1|Gyarados, L50, M|\n|poke|p1|Ting-Lu, L50|\n|poke|p2|Flutter Mane, L50|\n|poke|p2|Kingambit, L50, F|\n|poke|p2|Iron Bundle, L50|\n|poke|p2|Arcanine, L50, F|\n|poke|p2|Great Tusk, L50|\n|poke|p2|Corviknight, L50, F|\n|teampreview|4\n|inactive|Battle timer is ON: inactive players will automatically lose when time's up. (requested by wtfgr)\n|inactive|wtfgr has 60 seconds left.\n|inactive|wtfgr has 30 seconds left.\n|inactive|wtfgr has 20 seconds left.\n|inactive|wtfgr has 15 seconds left.\n|inactive|wtfgr has 10 seconds left.\n|inactive|wtfgr has 5 seconds left.\n|\n|t:|1682959341\n|start\n|switch|p1a: Maushold|Maushold, L50|100\/100\n|switch|p1b: Annihilape|Annihilape, L50, M|100\/100\n|switch|p2a: Boyle|Iron Bundle, L50|100\/100\n|switch|p2b: Santiago|Flutter Mane, L50|100\/100\n|-enditem|p2a: Boyle|Booster Energy\n|-activate|p2a: Boyle|ability: Quark Drive|[fromitem]\n|-start|p2a: Boyle|quarkdrivespe\n|turn|1\n|\n|t:|1682959354\n|-terastallize|p1b: Annihilape|Fire\n|move|p1a: Maushold|Follow Me|p1a: Maushold\n|-singleturn|p1a: Maushold|move: Follow Me\n|move|p2a: Boyle|Icy Wind|p1b: Annihilape|[spread] p1a,p1b\n|-resisted|p1b: Annihilape\n|-damage|p1a: Maushold|77\/100\n|-damage|p1b: Annihilape|94\/100\n|-unboost|p1a: Maushold|spe|1\n|-unboost|p1b: Annihilape|spe|1\n|-ability|p1b: Annihilape|Defiant|boost\n|-boost|p1b: Annihilape|atk|2\n|move|p2b: Santiago|Dazzling Gleam|p1b: Annihilape|[spread] p1a,p1b\n|-resisted|p1b: Annihilape\n|-damage|p1a: Maushold|17\/100\n|-damage|p1b: Annihilape|79\/100\n|move|p1b: Annihilape|Drain Punch|p2a: Boyle\n|-supereffective|p2a: Boyle\n|-damage|p2a: Boyle|0 fnt\n|-heal|p1b: Annihilape|100\/100|[from] drain|[of] p2a: Boyle\n|faint|p2a: Boyle\n|-end|p2a: Boyle|Quark Drive|[silent]\n|\n|upkeep\n|\n|t:|1682959373\n|switch|p2a: Scully|Great Tusk, L50|100\/100\n|turn|2\n|\n|t:|1682959386\n|-terastallize|p2b: Santiago|Grass\n|move|p1b: Annihilape|Protect|p1b: Annihilape\n|-singleturn|p1b: Annihilape|Protect\n|move|p2b: Santiago|Dazzling Gleam|p1b: Annihilape|[spread] p1a\n|-activate|p1b: Annihilape|move: Protect\n|-damage|p1a: Maushold|0 fnt\n|faint|p1a: Maushold\n|move|p2a: Scully|Earthquake|p1b: Annihilape|[spread] p2b\n|-activate|p1b: Annihilape|move: Protect\n|-resisted|p2b: Santiago\n|-damage|p2b: Santiago|68\/100\n|\n|upkeep\n|\n|t:|1682959398\n|switch|p1a: Flutter Mane|Flutter Mane, L50|100\/100\n|turn|3\n|\n|t:|1682959407\n|move|p2b: Santiago|Dazzling Gleam|p1b: Annihilape|[spread] p1a,p1b\n|-resisted|p1b: Annihilape\n|-damage|p1a: Flutter Mane|58\/100\n|-damage|p1b: Annihilape|80\/100\n|move|p1a: Flutter Mane|Moonblast|p2a: Scully\n|-supereffective|p2a: Scully\n|-enditem|p2a: Scully|Focus Sash\n|-damage|p2a: Scully|1\/100\n|move|p2a: Scully|Earthquake|p1b: Annihilape|[spread] p2b,p1a,p1b\n|-resisted|p2b: Santiago\n|-crit|p1a: Flutter Mane\n|-supereffective|p1b: Annihilape\n|-damage|p2b: Santiago|33\/100\n|-damage|p1a: Flutter Mane|0 fnt\n|-damage|p1b: Annihilape|0 fnt\n|faint|p1a: Flutter Mane\n|-end|p1a: Flutter Mane|Protosynthesis|[silent]\n|faint|p1b: Annihilape\n|\n|upkeep\n|\n|t:|1682959421\n|switch|p1b: Chi-Yu|Chi-Yu, L50|100\/100\n|-ability|p1b: Chi-Yu|Beads of Ruin\n|turn|4\n|\n|t:|1682959428\n|move|p1b: Chi-Yu|Heat Wave|p2a: Scully|[spread] p2a,p2b\n|-supereffective|p2b: Santiago\n|-damage|p2a: Scully|0 fnt\n|-damage|p2b: Santiago|0 fnt\n|faint|p2a: Scully\n|-end|p2a: Scully|Protosynthesis|[silent]\n|faint|p2b: Santiago\n|-end|p2b: Santiago|Protosynthesis|[silent]\n|\n|upkeep\n|\n|t:|1682959433\n|switch|p2b: Cheddar|Arcanine, L50, F|100\/100\n|-ability|p2b: Cheddar|Intimidate|boost\n|-unboost|p1b: Chi-Yu|atk|1\n|turn|5\n|\n|t:|1682959440\n|move|p1b: Chi-Yu|Heat Wave|p2b: Cheddar\n|-resisted|p2b: Cheddar\n|-damage|p2b: Cheddar|65\/100\n|move|p2b: Cheddar|Snarl|p1b: Chi-Yu\n|-resisted|p1b: Chi-Yu\n|-damage|p1b: Chi-Yu|95\/100\n|-unboost|p1b: Chi-Yu|spa|1\n|\n|upkeep\n|turn|6\n|\n|t:|1682959448\n|move|p1b: Chi-Yu|Heat Wave|p2b: Cheddar\n|-resisted|p2b: Cheddar\n|-damage|p2b: Cheddar|42\/100\n|-enditem|p2b: Cheddar|Sitrus Berry|[eat]\n|-heal|p2b: Cheddar|67\/100|[from] item: Sitrus Berry\n|move|p2b: Cheddar|Flare Blitz|p1b: Chi-Yu\n|-resisted|p1b: Chi-Yu\n|-damage|p1b: Chi-Yu|61\/100\n|-damage|p2b: Cheddar|57\/100|[from] Recoil\n|\n|upkeep\n|turn|7\n|\n|t:|1682959459\n|move|p1b: Chi-Yu|Heat Wave|p2b: Cheddar\n|-resisted|p2b: Cheddar\n|-damage|p2b: Cheddar|32\/100\n|move|p2b: Cheddar|Flare Blitz|p1b: Chi-Yu\n|-resisted|p1b: Chi-Yu\n|-damage|p1b: Chi-Yu|24\/100\n|-damage|p2b: Cheddar|22\/100|[from] Recoil\n|\n|upkeep\n|turn|8\n|\n|t:|1682959467\n|move|p1b: Chi-Yu|Heat Wave|p2b: Cheddar|[miss]\n|-miss|p1b: Chi-Yu|p2b: Cheddar\n|move|p2b: Cheddar|Flare Blitz|p1b: Chi-Yu\n|-resisted|p1b: Chi-Yu\n|-damage|p1b: Chi-Yu|0 fnt\n|faint|p1b: Chi-Yu\n|-damage|p2b: Cheddar|15\/100|[from] Recoil\n|\n|win|wtfgr\n|raw|Luppuslamb's rating: 1150 → 1124<\/strong> (-26 for losing)\n|raw|wtfgr's rating: 1143 → 1169<\/strong> (+26 for winning)\n|l|\u2606wtfgr\n","uploadtime":1682959486,"views":21,"p1id":"luppuslamb","p2id":"wtfgr","formatid":"gen9vgc2023regulationc","rating":1124,"private":0,"password":""}