{"id":"gen9vgc2023regulationc-1855006125","p1":"DinoMike130","p2":"R2vgc","format":"[Gen 9] VGC 2023 Regulation C","log":"|j|\u2606DinoMike130\n|j|\u2606R2vgc\n|t:|1682890159\n|gametype|doubles\n|player|p1|DinoMike130|veteran|1478\n|player|p2|R2vgc|1|1377\n|teamsize|p1|6\n|teamsize|p2|6\n|gen|9\n|tier|[Gen 9] VGC 2023 Regulation C\n|rated|\n|rule|Species Clause: Limit one of each Pok\u00e9mon\n|rule|Item Clause: Limit one of each item\n|clearpoke\n|poke|p1|Torkoal, L50, F|\n|poke|p1|Flutter Mane, L50|\n|poke|p1|Orthworm, L50, F|\n|poke|p1|Murkrow, L50, F|\n|poke|p1|Garchomp, L50, F|\n|poke|p1|Iron Hands, L50|\n|poke|p2|Maushold-Four, L50|\n|poke|p2|Gholdengo, L50|\n|poke|p2|Annihilape, L50, M|\n|poke|p2|Roaring Moon, L50|\n|poke|p2|Iron Bundle, L50|\n|poke|p2|Arcanine, L50, F|\n|teampreview|4\nDinoMike130 has agreed to open team sheets.\n|inactive|Battle timer is ON: inactive players will automatically lose when time's up. (requested by DinoMike130)\n|inactive|DinoMike130 has 60 seconds left.\n|\n|t:|1682890207\n|start\n|switch|p1a: Iron Hands|Iron Hands, L50|100\/100\n|switch|p1b: Flutter Mane|Flutter Mane, L50|100\/100\n|switch|p2a: Natters|Maushold-Four, L50|100\/100\n|switch|p2b: Panda|Annihilape, L50, M|100\/100\n|turn|1\n|\n|t:|1682890231\n|-terastallize|p1b: Flutter Mane|Fairy\n|move|p2a: Natters|Protect|p2a: Natters\n|-singleturn|p2a: Natters|Protect\n|move|p1a: Iron Hands|Fake Out|p2a: Natters\n|-activate|p2a: Natters|move: Protect\n|move|p1b: Flutter Mane|Moonblast|p2b: Panda\n|-supereffective|p2b: Panda\n|-damage|p2b: Panda|0 fnt\n|faint|p2b: Panda\n|\n|upkeep\n|\n|t:|1682890244\n|switch|p2b: Roaring Moon|Roaring Moon, L50|100\/100\n|-enditem|p2b: Roaring Moon|Booster Energy\n|-activate|p2b: Roaring Moon|ability: Protosynthesis|[fromitem]\n|-start|p2b: Roaring Moon|protosynthesisatk\n|turn|2\n|\n|t:|1682890253\n|-terastallize|p2b: Roaring Moon|Flying\n|move|p2a: Natters|Follow Me|p2a: Natters\n|-singleturn|p2a: Natters|move: Follow Me\n|move|p2b: Roaring Moon|Acrobatics|p1b: Flutter Mane\n|-damage|p1b: Flutter Mane|0 fnt\n|faint|p1b: Flutter Mane\n|-end|p1b: Flutter Mane|Protosynthesis|[silent]\n|move|p1a: Iron Hands|Drain Punch|p2a: Natters\n|-supereffective|p2a: Natters\n|-damage|p2a: Natters|0 fnt\n|faint|p2a: Natters\n|\n|upkeep\n|\n|t:|1682890274\n|switch|p2a: Iron Bundle|Iron Bundle, L50|100\/100\n|switch|p1b: Murkrow|Murkrow, L50, F|100\/100\n|turn|3\n|\n|t:|1682890288\n|move|p1b: Murkrow|Quash|p2b: Roaring Moon\n|-activate|p2b: Roaring Moon|move: Quash\n|move|p2a: Iron Bundle|Freeze-Dry|p1b: Murkrow\n|-supereffective|p1b: Murkrow\n|-damage|p1b: Murkrow|0 fnt\n|faint|p1b: Murkrow\n|move|p1a: Iron Hands|Wild Charge|p2b: Roaring Moon\n|-supereffective|p2b: Roaring Moon\n|-damage|p2b: Roaring Moon|0 fnt\n|faint|p2b: Roaring Moon\n|-end|p2b: Roaring Moon|Protosynthesis|[silent]\n|-damage|p1a: Iron Hands|82\/100|[from] Recoil\n|\n|upkeep\n|\n|t:|1682890298\n|switch|p1b: Garchomp|Garchomp, L50, F|100\/100\n|turn|4\n|\n|t:|1682890306\n|move|p2a: Iron Bundle|Freeze-Dry|p1b: Garchomp\n|-supereffective|p1b: Garchomp\n|-damage|p1b: Garchomp|0 fnt\n|faint|p1b: Garchomp\n|move|p1a: Iron Hands|Drain Punch|p2a: Iron Bundle\n|-supereffective|p2a: Iron Bundle\n|-enditem|p2a: Iron Bundle|Focus Sash\n|-damage|p2a: Iron Bundle|1\/100\n|-heal|p1a: Iron Hands|100\/100|[from] drain|[of] p2a: Iron Bundle\n|\n|upkeep\n|turn|5\n|\n|t:|1682890321\n|move|p2a: Iron Bundle|Hydro Pump|p1a: Iron Hands\n|-damage|p1a: Iron Hands|67\/100\n|move|p1a: Iron Hands|Drain Punch|p2a: Iron Bundle\n|-supereffective|p2a: Iron Bundle\n|-damage|p2a: Iron Bundle|0 fnt\n|-heal|p1a: Iron Hands|67\/100|[from] drain|[of] p2a: Iron Bundle\n|faint|p2a: Iron Bundle\n|-end|p2a: Iron Bundle|Quark Drive|[silent]\n|\n|win|DinoMike130\n|raw|DinoMike130's rating: 1478 → 1492<\/strong> (+14 for winning)\n|raw|R2vgc's rating: 1377 → 1363<\/strong> (-14 for losing)\n|l|\u2606R2vgc\n","uploadtime":1682890355,"views":8,"p1id":"dinomike130","p2id":"r2vgc","formatid":"gen9vgc2023regulationc","rating":1363,"private":0,"password":""}