{"id":"gen9vgc2023regulationc-1845916612","p1":"gankyburner","p2":"MtDrumr","format":"[Gen 9] VGC 2023 Regulation C","log":"|j|\u2606gankyburner\n|j|\u2606MtDrumr\n|t:|1681778952\n|gametype|doubles\n|player|p1|gankyburner|169|1144\n|player|p2|MtDrumr|burgh|1160\n|teamsize|p1|6\n|teamsize|p2|6\n|gen|9\n|tier|[Gen 9] VGC 2023 Regulation C\n|rated|\n|rule|Species Clause: Limit one of each Pok\u00e9mon\n|rule|Item Clause: Limit one of each item\n|clearpoke\n|poke|p1|Murkrow, L50, F|\n|poke|p1|Tyranitar, L50, M|\n|poke|p1|Houndstone, L50, F|\n|poke|p1|Chi-Yu, L50|\n|poke|p1|Corviknight, L50, M|\n|poke|p1|Leafeon, L50, M|\n|poke|p2|Torkoal, L50, F|\n|poke|p2|Scream Tail, L50|\n|poke|p2|Maushold, L50|\n|poke|p2|Annihilape, L50, F|\n|poke|p2|Ting-Lu, L50|\n|poke|p2|Electrode, L50|\n|teampreview|4\n|\n|t:|1681778985\n|start\n|switch|p1a: C'mon C'mon|Murkrow, L50, F|100\/100\n|switch|p1b: Mr. Jones|Corviknight, L50, M|100\/100\n|switch|p2a: Torkoal|Torkoal, L50, F|100\/100\n|switch|p2b: Scream Tail|Scream Tail, L50|100\/100\n|-weather|SunnyDay|[from] ability: Drought|[of] p2a: Torkoal\n|-activate|p2b: Scream Tail|ability: Protosynthesis\n|-start|p2b: Scream Tail|protosynthesisspd\n|turn|1\n|\n|t:|1681779012\n|switch|p1a: Godzilla|Tyranitar, L50, M, shiny|100\/100\n|-weather|Sandstorm|[from] ability: Sand Stream|[of] p1a: Godzilla\n|-end|p2b: Scream Tail|Protosynthesis\n|move|p2a: Torkoal|Protect|p2a: Torkoal\n|-singleturn|p2a: Torkoal|Protect\n|move|p1b: Mr. Jones|Iron Head|p2b: Scream Tail\n|-supereffective|p2b: Scream Tail\n|-damage|p2b: Scream Tail|25\/100\n|move|p2b: Scream Tail|Trick Room|p2b: Scream Tail\n|-fieldstart|move: Trick Room|[of] p2b: Scream Tail\n|\n|-weather|Sandstorm|[upkeep]\n|-damage|p2a: Torkoal|94\/100|[from] Sandstorm\n|-damage|p2b: Scream Tail|19\/100|[from] Sandstorm\n|upkeep\n|turn|2\n|inactive|Battle timer is ON: inactive players will automatically lose when time's up. (requested by MtDrumr)\n|\n|t:|1681779046\n|-terastallize|p1b: Mr. Jones|Fire\n|move|p2a: Torkoal|Flamethrower|p1b: Mr. Jones\n|-resisted|p1b: Mr. Jones\n|-crit|p1b: Mr. Jones\n|-damage|p1b: Mr. Jones|61\/100\n|move|p1a: Godzilla|Rock Slide|p2a: Torkoal|[spread] p2a,p2b\n|-supereffective|p2a: Torkoal\n|-damage|p2a: Torkoal|42\/100\n|-damage|p2b: Scream Tail|0 fnt\n|faint|p2b: Scream Tail\n|-end|p2b: Scream Tail|Protosynthesis|[silent]\n|move|p1b: Mr. Jones|Iron Head|p2a: Torkoal\n|-resisted|p2a: Torkoal\n|-damage|p2a: Torkoal|22\/100\n|\n|-weather|Sandstorm|[upkeep]\n|-damage|p2a: Torkoal|16\/100|[from] Sandstorm\n|-damage|p1b: Mr. Jones|55\/100|[from] Sandstorm\n|upkeep\n|\n|t:|1681779060\n|switch|p2b: Ting-Lu|Ting-Lu, L50|100\/100\n|-ability|p2b: Ting-Lu|Vessel of Ruin\n|turn|3\n|\n|t:|1681779068\n|move|p2a: Torkoal|Protect|p2a: Torkoal\n|-singleturn|p2a: Torkoal|Protect\n|move|p2b: Ting-Lu|Earthquake|p1a: Godzilla|[spread] p1a,p1b\n|-activate|p2a: Torkoal|move: Protect\n|-supereffective|p1a: Godzilla\n|-supereffective|p1b: Mr. Jones\n|-damage|p1a: Godzilla|43\/100\n|-damage|p1b: Mr. Jones|0 fnt\n|faint|p1b: Mr. Jones\n|move|p1a: Godzilla|Low Kick|p2b: Ting-Lu\n|-supereffective|p2b: Ting-Lu\n|-damage|p2b: Ting-Lu|45\/100\n|\n|-weather|Sandstorm|[upkeep]\n|-damage|p2a: Torkoal|10\/100|[from] Sandstorm\n|upkeep\n|inactive|gankyburner has 30 seconds left.\n|\n|t:|1681779094\n|switch|p1b: C'mon C'mon|Murkrow, L50, F|100\/100\n|turn|4\n|inactive|MtDrumr has 30 seconds left.\n|\n|t:|1681779119\n|switch|p1a: Dragula|Houndstone, L50, F, shiny|100\/100\n|move|p2a: Torkoal|Flamethrower|p1b: C'mon C'mon\n|-damage|p1b: C'mon C'mon|62\/100\n|move|p2b: Ting-Lu|Stomping Tantrum|p1a: Dragula\n|-damage|p1a: Dragula|64\/100\n|move|p1b: C'mon C'mon|Foul Play|p2b: Ting-Lu\n|-resisted|p2b: Ting-Lu\n|-damage|p2b: Ting-Lu|31\/100\n|\n|-weather|Sandstorm|[upkeep]\n|-damage|p2a: Torkoal|3\/100|[from] Sandstorm\n|-damage|p1b: C'mon C'mon|56\/100|[from] Sandstorm\n|upkeep\n|turn|5\n|inactive|gankyburner has 30 seconds left.\n|inactive|MtDrumr has 30 seconds left.\n|\n|t:|1681779146\n|move|p1b: C'mon C'mon|Tailwind|p1b: C'mon C'mon\n|-sidestart|p1: gankyburner|move: Tailwind\n|move|p2a: Torkoal|Flamethrower|p1b: C'mon C'mon\n|-damage|p1b: C'mon C'mon|20\/100\n|move|p2b: Ting-Lu|Fissure|p1a: Dragula\n|-damage|p1a: Dragula|0 fnt\n|faint|p1a: Dragula\n|-ohko\n|\n|-weather|none\n|-fieldend|move: Trick Room\n|upkeep\n|\n|t:|1681779155\n|switch|p1a: Godzilla|Tyranitar, L50, M, shiny|43\/100\n|-weather|Sandstorm|[from] ability: Sand Stream|[of] p1a: Godzilla\n|turn|6\n|\n|t:|1681779173\n|move|p2a: Torkoal|Protect|p2a: Torkoal\n|-singleturn|p2a: Torkoal|Protect\n|move|p1b: C'mon C'mon|Foul Play|p2a: Torkoal\n|-activate|p2a: Torkoal|move: Protect\n|move|p1a: Godzilla|Low Kick|p2b: Ting-Lu\n|-supereffective|p2b: Ting-Lu\n|-damage|p2b: Ting-Lu|0 fnt\n|faint|p2b: Ting-Lu\n|\n|-weather|Sandstorm|[upkeep]\n|-damage|p1b: C'mon C'mon|14\/100|[from] Sandstorm\n|-damage|p2a: Torkoal|0 fnt|[from] Sandstorm\n|faint|p2a: Torkoal\n|upkeep\n|\n|t:|1681779185\n|switch|p2b: Electrode|Electrode, L50, shiny|100\/100\n|turn|7\n|\n|t:|1681779199\n|-terastallize|p2b: Electrode|Electric\n|move|p1b: C'mon C'mon|Foul Play|p2b: Electrode\n|-damage|p2b: Electrode|76\/100\n|move|p2b: Electrode|Electro Ball|p1a: Godzilla\n|-damage|p1a: Godzilla|24\/100\n|move|p1a: Godzilla|Rock Slide|p2b: Electrode|[miss]\n|-miss|p1a: Godzilla|p2b: Electrode\n|\n|-weather|Sandstorm|[upkeep]\n|-damage|p1b: C'mon C'mon|8\/100|[from] Sandstorm\n|-damage|p2b: Electrode|70\/100|[from] Sandstorm\n|upkeep\n|turn|8\n|\n|t:|1681779214\n|move|p2b: Electrode|Electro Ball|p1a: Godzilla\n|-damage|p1a: Godzilla|4\/100\n|move|p1b: C'mon C'mon|Foul Play|p2b: Electrode\n|-damage|p2b: Electrode|47\/100\n|move|p1a: Godzilla|Assurance|p2b: Electrode\n|-damage|p2b: Electrode|0 fnt\n|-damage|p1a: Godzilla|0 fnt|[from] ability: Aftermath|[of] p2b: Electrode\n|faint|p2b: Electrode\n|faint|p1a: Godzilla\n|\n|win|gankyburner\n|raw|gankyburner's rating: 1144 → 1170<\/strong> (+26 for winning)\n|raw|MtDrumr's rating: 1160 → 1134<\/strong> (-26 for losing)\n|l|\u2606MtDrumr\n","uploadtime":1681779229,"views":10,"p1id":"gankyburner","p2id":"mtdrumr","formatid":"gen9vgc2023regulationc","rating":1134,"private":0,"password":""}