{"id":"gen9vgc2023regulationc-1855464460","p1":"BlindMagneton","p2":"wennoboi","format":"[Gen 9] VGC 2023 Regulation C","log":"|j|\u2606BlindMagneton\n|j|\u2606wennoboi\n|t:|1682953868\n|gametype|doubles\n|player|p1|BlindMagneton|169|1233\n|player|p2|wennoboi|hooligans|1311\n|teamsize|p1|6\n|teamsize|p2|6\n|gen|9\n|tier|[Gen 9] VGC 2023 Regulation C\n|rated|\n|rule|Species Clause: Limit one of each Pok\u00e9mon\n|rule|Item Clause: Limit one of each item\n|clearpoke\n|poke|p1|Iron Bundle, L50|\n|poke|p1|Sandy Shocks, L50|\n|poke|p1|Pelipper, L50, M|\n|poke|p1|Scizor, L50, M|\n|poke|p1|Clodsire, L50, M|\n|poke|p1|Ceruledge, L50, M|\n|poke|p2|Annihilape, L50, M|\n|poke|p2|Amoonguss, L50, M|\n|poke|p2|Flutter Mane, L50|\n|poke|p2|Ting-Lu, L50|\n|poke|p2|Dragonite, L50, M|\n|poke|p2|Chien-Pao, L50|\n|teampreview|4\n|\n|t:|1682953956\n|start\n|switch|p1a: Iron Bundle|Iron Bundle, L50|100\/100\n|switch|p1b: Sandy Shocks|Sandy Shocks, L50|100\/100\n|switch|p2a: Flutter Mane|Flutter Mane, L50|100\/100\n|switch|p2b: Amoonguss|Amoonguss, L50, M|100\/100\n|-enditem|p1b: Sandy Shocks|Booster Energy\n|-activate|p1b: Sandy Shocks|ability: Protosynthesis|[fromitem]\n|-start|p1b: Sandy Shocks|protosynthesisspe\n|turn|1\n|\n|t:|1682954004\n|switch|p2b: Annihilape|Annihilape, L50, M|100\/100\n|move|p1b: Sandy Shocks|Electric Terrain|p1b: Sandy Shocks\n|-fieldstart|move: Electric Terrain\n|-activate|p1a: Iron Bundle|ability: Quark Drive\n|-start|p1a: Iron Bundle|quarkdrivespe\n|move|p1a: Iron Bundle|Flip Turn|p2a: Flutter Mane\n|-damage|p2a: Flutter Mane|64\/100\n|\n|t:|1682954021\n|-end|p1a: Iron Bundle|Quark Drive|[silent]\n|switch|p1a: Ceruledge|Ceruledge, L50, M|100\/100|[from] Flip Turn\n|move|p2a: Flutter Mane|Thunderbolt|p1a: Ceruledge\n|-damage|p1a: Ceruledge|48\/100\n|\n|upkeep\n|turn|2\n|\n|t:|1682954073\n|-end|p2a: Flutter Mane|Protosynthesis|[silent]\n|switch|p2a: Dragonite|Dragonite, L50, M|100\/100\n|-terastallize|p2b: Annihilape|Fire\n|move|p1b: Sandy Shocks|Gravity|p1b: Sandy Shocks\n|-fieldstart|move: Gravity\n|move|p2b: Annihilape|Bulk Up|p2b: Annihilape\n|-boost|p2b: Annihilape|atk|1\n|-boost|p2b: Annihilape|def|1\n|move|p1a: Ceruledge|Will-O-Wisp|p2b: Annihilape\n|-immune|p2b: Annihilape\n|\n|upkeep\n|turn|3\n|\n|t:|1682954122\n|switch|p1a: Pelipper|Pelipper, L50, M|100\/100\n|-weather|RainDance|[from] ability: Drizzle|[of] p1a: Pelipper\n|move|p2a: Dragonite|Extreme Speed|p1b: Sandy Shocks\n|-damage|p1b: Sandy Shocks|67\/100\n|move|p1b: Sandy Shocks|Earth Power|p2b: Annihilape\n|-supereffective|p2b: Annihilape\n|-damage|p2b: Annihilape|29\/100\n|move|p2b: Annihilape|Drain Punch|p1b: Sandy Shocks\n|-damage|p1b: Sandy Shocks|3\/100\n|-heal|p2b: Annihilape|52\/100|[from] drain|[of] p1b: Sandy Shocks\n|\n|-weather|RainDance|[upkeep]\n|-heal|p2b: Annihilape|58\/100|[from] item: Leftovers\n|upkeep\n|turn|4\n|\n|t:|1682954171\n|-end|p1b: Sandy Shocks|Protosynthesis|[silent]\n|switch|p1b: Ceruledge|Ceruledge, L50, M|48\/100\n|switch|p1a: Iron Bundle|Iron Bundle, L50|100\/100\n|-activate|p1a: Iron Bundle|ability: Quark Drive\n|-start|p1a: Iron Bundle|quarkdrivespe\n|move|p2b: Annihilape|Protect|p2b: Annihilape\n|-singleturn|p2b: Annihilape|Protect\n|move|p2a: Dragonite|Extreme Speed|p1b: Ceruledge\n|-immune|p1b: Ceruledge\n|\n|-weather|RainDance|[upkeep]\n|-heal|p2b: Annihilape|64\/100|[from] item: Leftovers\n|upkeep\n|turn|5\n|\n|t:|1682954205\n|switch|p2b: Amoonguss|Amoonguss, L50, M|100\/100\n|-terastallize|p1a: Iron Bundle|Water\n|move|p2a: Dragonite|Extreme Speed|p1a: Iron Bundle\n|-damage|p1a: Iron Bundle|62\/100\n|move|p1a: Iron Bundle|Hydro Pump|p2b: Amoonguss\n|-resisted|p2b: Amoonguss\n|-damage|p2b: Amoonguss|19\/100\n|-enditem|p2b: Amoonguss|Sitrus Berry|[eat]\n|-heal|p2b: Amoonguss|44\/100|[from] item: Sitrus Berry\n|move|p1b: Ceruledge|Will-O-Wisp|p2a: Dragonite\n|-status|p2a: Dragonite|brn\n|-enditem|p2a: Dragonite|Lum Berry|[eat]\n|-curestatus|p2a: Dragonite|brn|[msg]\n|\n|-weather|RainDance|[upkeep]\n|-fieldend|move: Electric Terrain\n|-end|p1a: Iron Bundle|Quark Drive\n|upkeep\n|turn|6\n|\n|t:|1682954263\n|switch|p1b: Sandy Shocks|Sandy Shocks, L50|3\/100\n|move|p2a: Dragonite|Extreme Speed|p1a: Iron Bundle\n|-damage|p1a: Iron Bundle|24\/100\n|move|p1a: Iron Bundle|Hydro Pump|p2b: Amoonguss\n|-resisted|p2b: Amoonguss\n|-damage|p2b: Amoonguss|0 fnt\n|faint|p2b: Amoonguss\n|\n|-weather|RainDance|[upkeep]\n|-fieldend|move: Gravity\n|upkeep\n|\n|t:|1682954281\n|switch|p2b: Annihilape|Annihilape, L50, M, tera:Fire|64\/100\n|turn|7\n|\n|t:|1682954322\n|-end|p1a: Iron Bundle|Quark Drive|[silent]\n|switch|p1a: Pelipper|Pelipper, L50, M|100\/100\n|-end|p1b: Sandy Shocks|Protosynthesis|[silent]\n|switch|p1b: Ceruledge|Ceruledge, L50, M|48\/100\n|move|p2a: Dragonite|Extreme Speed|p1b: Ceruledge\n|-immune|p1b: Ceruledge\n|move|p2b: Annihilape|Rage Fist|p1a: Pelipper\n|-damage|p1a: Pelipper|33\/100\n|\n|-weather|none\n|-heal|p2b: Annihilape|70\/100|[from] item: Leftovers\n|upkeep\n|turn|8\n|\n|t:|1682954358\n|move|p2b: Annihilape|Protect|p2b: Annihilape\n|-singleturn|p2b: Annihilape|Protect\n|move|p2a: Dragonite|Extreme Speed|p1a: Pelipper\n|-damage|p1a: Pelipper|0 fnt\n|faint|p1a: Pelipper\n|move|p1b: Ceruledge|Will-O-Wisp|p2a: Dragonite\n|-status|p2a: Dragonite|brn\n|\n|-heal|p2b: Annihilape|76\/100|[from] item: Leftovers\n|-damage|p2a: Dragonite|94\/100 brn|[from] brn\n|upkeep\n|\n|t:|1682954380\n|switch|p1a: Iron Bundle|Iron Bundle, L50, tera:Water|24\/100\n|turn|9\n|\n|t:|1682954401\n|move|p2a: Dragonite|Extreme Speed|p1a: Iron Bundle\n|-damage|p1a: Iron Bundle|4\/100\n|move|p1a: Iron Bundle|Flip Turn|p1b: Ceruledge\n|-supereffective|p1b: Ceruledge\n|-damage|p1b: Ceruledge|6\/100\n|-ability|p1b: Ceruledge|Weak Armor|boost\n|-unboost|p1b: Ceruledge|def|1\n|-boost|p1b: Ceruledge|spe|2\n|-enditem|p1b: Ceruledge|Weakness Policy\n|-boost|p1b: Ceruledge|atk|2|[from] item: Weakness Policy\n|-boost|p1b: Ceruledge|spa|2|[from] item: Weakness Policy\n|\n|t:|1682954411\n|-end|p1a: Iron Bundle|Quark Drive|[silent]\n|switch|p1a: Sandy Shocks|Sandy Shocks, L50|3\/100|[from] Flip Turn\n|move|p1b: Ceruledge|Phantom Force||[still]\n|-prepare|p1b: Ceruledge|Phantom Force\n|move|p2b: Annihilape|Rage Fist|p1b: Ceruledge|[miss]\n|-miss|p2b: Annihilape|p1b: Ceruledge\n|\n|-heal|p2b: Annihilape|82\/100|[from] item: Leftovers\n|-damage|p2a: Dragonite|88\/100 brn|[from] brn\n|upkeep\n|turn|10\n|c|\u2606wennoboi|!dt phantom force\n|raw| Phantom Force<\/a><\/span> <\/span> Power<\/em> 90<\/span> Accuracy<\/em> 100%<\/span> PP<\/em> 16<\/span> Disappears turn 1. Hits turn 2. Breaks protection.<\/span> <\/li> <\/li><\/ul>\n|raw|Priority:<\/font> 0 |  Gen:<\/font> 6 |  ✓ Contact |  ✓ Bypasses Protect |  ✓ Two-turn move |  Z-Power:<\/font> 175 |  Dynamax Power:<\/font> 130 |  Target:<\/font> One Adjacent Pok\u00e9mon<\/font>\n\n|\n|t:|1682954452\n|move|p2a: Dragonite|Extreme Speed|p1a: Sandy Shocks\n|-damage|p1a: Sandy Shocks|0 fnt\n|faint|p1a: Sandy Shocks\n|-end|p1a: Sandy Shocks|Protosynthesis|[silent]\n|move|p1b: Ceruledge|Phantom Force|p2b: Annihilape|[from]lockedmove\n|-damage|p2b: Annihilape|0 fnt\n|faint|p2b: Annihilape\n|\n|-damage|p2a: Dragonite|82\/100 brn|[from] brn\n|upkeep\n|\n|t:|1682954462\n|switch|p1a: Iron Bundle|Iron Bundle, L50, tera:Water|4\/100\n|switch|p2b: Flutter Mane|Flutter Mane, L50|64\/100\n|turn|11\n|\n|t:|1682954480\n|move|p1b: Ceruledge|Phantom Force||[still]\n|-prepare|p1b: Ceruledge|Phantom Force\n|move|p1a: Iron Bundle|Freeze-Dry|p2a: Dragonite\n|-supereffective|p2a: Dragonite\n|-damage|p2a: Dragonite|0 fnt\n|faint|p2a: Dragonite\n|move|p2b: Flutter Mane|Shadow Ball|p1b: Ceruledge|[miss]\n|-miss|p2b: Flutter Mane|p1b: Ceruledge\n|\n|upkeep\n|turn|12\n|-message|wennoboi forfeited.\n|\n|win|BlindMagneton\n|raw|BlindMagneton's rating: 1233 → 1264<\/strong> (+31 for winning)\n|raw|wennoboi's rating: 1311 → 1287<\/strong> (-24 for losing)\n|l|\u2606wennoboi\n","uploadtime":1682954499,"views":22,"p1id":"blindmagneton","p2id":"wennoboi","formatid":"gen9vgc2023regulationc","rating":1264,"private":0,"password":""}