{"id":"gen9vgc2023regulationc-1849906489","p1":"GoodUnity-YT","p2":"Soosendosenv3","format":"[Gen 9] VGC 2023 Regulation C","log":"|j|\u2606GoodUnity-YT\n|j|\u2606Soosendosenv3\n|t:|1682266752\n|gametype|doubles\n|player|p1|GoodUnity-YT|101|\n|player|p2|Soosendosenv3|lass-gen4dp|\n|teamsize|p1|6\n|teamsize|p2|6\n|gen|9\n|tier|[Gen 9] VGC 2023 Regulation C\n|rule|Species Clause: Limit one of each Pok\u00e9mon\n|rule|Item Clause: Limit one of each item\n|clearpoke\n|poke|p1|Indeedee-F, L50, F|\n|poke|p1|Armarouge, L50, F|\n|poke|p1|Iron Bundle, L50|\n|poke|p1|Corviknight, L50, M|\n|poke|p1|Iron Hands, L50|\n|poke|p1|Ting-Lu, L50|\n|poke|p2|Ting-Lu, L50|\n|poke|p2|Amoonguss, L50, M|\n|poke|p2|Arcanine, L50, M|\n|poke|p2|Flutter Mane, L50|\n|poke|p2|Palafin, L50, F|\n|poke|p2|Kingambit, L50, M|\n|teampreview|4\nGoodUnity-YT has agreed to open team sheets.\nSoosendosenv3 has agreed to open team sheets.\n|\n|t:|1682266807\n|start\n|switch|p1a: Corviknight|Corviknight, L50, M|100\/100\n|switch|p1b: Ting-Lu|Ting-Lu, L50|100\/100\n|switch|p2a: Arcanine|Arcanine, L50, M|100\/100\n|switch|p2b: Ting-Lu|Ting-Lu, L50|100\/100\n|-ability|p2a: Arcanine|Intimidate|boost\n|-ability|p1a: Corviknight|Mirror Armor\n|-unboost|p2a: Arcanine|atk|1\n|-unboost|p1b: Ting-Lu|atk|1\n|-ability|p2b: Ting-Lu|Vessel of Ruin\n|-ability|p1b: Ting-Lu|Vessel of Ruin\n|turn|1\n|\n|t:|1682266832\n|-terastallize|p2a: Arcanine|Flying\n|move|p2a: Arcanine|Will-O-Wisp|p1a: Corviknight\n|-status|p1a: Corviknight|brn\n|move|p1a: Corviknight|Body Press|p2b: Ting-Lu\n|-supereffective|p2b: Ting-Lu\n|-damage|p2b: Ting-Lu|83\/100\n|move|p2b: Ting-Lu|Ruination|p1b: Ting-Lu\n|-damage|p1b: Ting-Lu|50\/100\n|move|p1b: Ting-Lu|Stomping Tantrum|p2b: Ting-Lu\n|-damage|p2b: Ting-Lu|63\/100\n|\n|-damage|p1a: Corviknight|95\/100 brn|[from] brn\n|upkeep\n|turn|2\n|\n|t:|1682266852\n|move|p2a: Arcanine|Flare Blitz|p1a: Corviknight\n|-supereffective|p1a: Corviknight\n|-damage|p1a: Corviknight|51\/100 brn\n|-damage|p2a: Arcanine|85\/100|[from] Recoil\n|move|p1a: Corviknight|Body Press|p2b: Ting-Lu\n|-supereffective|p2b: Ting-Lu\n|-damage|p2b: Ting-Lu|48\/100\n|move|p2b: Ting-Lu|Earthquake|p1a: Corviknight|[spread] p1b\n|-immune|p2a: Arcanine\n|-immune|p1a: Corviknight\n|-damage|p1b: Ting-Lu|29\/100\n|move|p1b: Ting-Lu|Stomping Tantrum|p2b: Ting-Lu\n|-damage|p2b: Ting-Lu|30\/100\n|\n|-damage|p1a: Corviknight|45\/100 brn|[from] brn\n|upkeep\n|turn|3\n|\n|t:|1682266888\n|-terastallize|p1a: Corviknight|Dragon\n|move|p2a: Arcanine|Flare Blitz|p1a: Corviknight\n|-resisted|p1a: Corviknight\n|-damage|p1a: Corviknight|34\/100 brn\n|-damage|p2a: Arcanine|82\/100|[from] Recoil\n|move|p1a: Corviknight|Roost|p1a: Corviknight\n|-heal|p1a: Corviknight|84\/100 brn\n|move|p2b: Ting-Lu|Earthquake|p1b: Ting-Lu|[spread] p1a,p1b\n|-immune|p2a: Arcanine\n|-damage|p1a: Corviknight|61\/100 brn\n|-damage|p1b: Ting-Lu|8\/100\n|move|p1b: Ting-Lu|Stomping Tantrum|p2b: Ting-Lu\n|-damage|p2b: Ting-Lu|11\/100\n|\n|-damage|p1a: Corviknight|55\/100 brn|[from] brn\n|upkeep\n|turn|4\n|\n|t:|1682266922\n|switch|p2b: Flutter Mane|Flutter Mane, L50|100\/100\n|-enditem|p2b: Flutter Mane|Booster Energy\n|-activate|p2b: Flutter Mane|ability: Protosynthesis|[fromitem]\n|-start|p2b: Flutter Mane|protosynthesisspa\n|move|p2a: Arcanine|Flare Blitz|p1b: Ting-Lu\n|-damage|p1b: Ting-Lu|0 fnt\n|faint|p1b: Ting-Lu\n|-damage|p2a: Arcanine|79\/100|[from] Recoil\n|move|p1a: Corviknight|Roost|p1a: Corviknight\n|-heal|p1a: Corviknight|100\/100 brn\n|\n|-damage|p1a: Corviknight|95\/100 brn|[from] brn\n|upkeep\n|\n|t:|1682266937\n|switch|p1b: Iron Bundle|Iron Bundle, L50|100\/100\n|-enditem|p1b: Iron Bundle|Booster Energy\n|-activate|p1b: Iron Bundle|ability: Quark Drive|[fromitem]\n|-start|p1b: Iron Bundle|quarkdrivespe\n|turn|5\n|\n|t:|1682266967\n|switch|p2a: Kingambit|Kingambit, L50, M|100\/100\n|move|p1b: Iron Bundle|Icy Wind|p2b: Flutter Mane|[spread] p2a,p2b\n|-resisted|p2a: Kingambit\n|-damage|p2a: Kingambit|90\/100\n|-damage|p2b: Flutter Mane|79\/100\n|-unboost|p2a: Kingambit|spe|1\n|-ability|p2a: Kingambit|Defiant|boost\n|-boost|p2a: Kingambit|atk|2\n|-unboost|p2b: Flutter Mane|spe|1\n|move|p2b: Flutter Mane|Dazzling Gleam|p1a: Corviknight|[spread] p1a,p1b\n|-supereffective|p1a: Corviknight\n|-damage|p1a: Corviknight|12\/100 brn\n|-damage|p1b: Iron Bundle|20\/100\n|move|p1a: Corviknight|Brave Bird|p2b: Flutter Mane\n|-damage|p2b: Flutter Mane|48\/100\n|-damage|p1a: Corviknight|4\/100 brn|[from] Recoil\n|\n|-damage|p1a: Corviknight|0 fnt|[from] brn\n|faint|p1a: Corviknight\n|upkeep\n|\n|t:|1682266982\n|switch|p1a: Iron Hands|Iron Hands, L50|100\/100\n|turn|6\n|\n|t:|1682267019\n|move|p1b: Iron Bundle|Protect|p1b: Iron Bundle\n|-singleturn|p1b: Iron Bundle|Protect\n|move|p2a: Kingambit|Protect|p2a: Kingambit\n|-singleturn|p2a: Kingambit|Protect\n|move|p2b: Flutter Mane|Moonblast|p1a: Iron Hands\n|-supereffective|p1a: Iron Hands\n|-damage|p1a: Iron Hands|0 fnt\n|faint|p1a: Iron Hands\n|-end|p1a: Iron Hands|Quark Drive|[silent]\n|\n|upkeep\n|turn|7\n|\n|t:|1682267031\n|move|p2a: Kingambit|Sucker Punch|p1b: Iron Bundle\n|-damage|p1b: Iron Bundle|0 fnt\n|faint|p1b: Iron Bundle\n|-end|p1b: Iron Bundle|Quark Drive|[silent]\n|\n|win|Soosendosenv3\n|c|\u2606Soosendosenv3|gg!\n|c|\u2606GoodUnity-YT|GGs\n|l|\u2606GoodUnity-YT\n","uploadtime":1682267037,"views":8,"p1id":"goodunityyt","p2id":"soosendosenv3","formatid":"gen9vgc2023regulationc","rating":0,"private":0,"password":""}