{"id":"gen9vgc2023regulationc-1848764258","p1":"dunsparcedingo","p2":"offensive birb","format":"[Gen 9] VGC 2023 Regulation C","log":"|j|\u2606dunsparcedingo\n|j|\u2606offensive birb\n|t:|1682108048\n|gametype|doubles\n|player|p1|dunsparcedingo|zinnia|1122\n|player|p2|offensive birb|skier|1218\n|teamsize|p1|6\n|teamsize|p2|6\n|gen|9\n|tier|[Gen 9] VGC 2023 Regulation C\n|rated|\n|rule|Species Clause: Limit one of each Pok\u00e9mon\n|rule|Item Clause: Limit one of each item\n|clearpoke\n|poke|p1|Torkoal, L50, M|\n|poke|p1|Jumpluff, L50, F|\n|poke|p1|Chi-Yu, L50|\n|poke|p1|Sandy Shocks, L50|\n|poke|p1|Iron Bundle, L50|\n|poke|p1|Slither Wing, L50|\n|poke|p2|Farigiraf, L50, M|\n|poke|p2|Azumarill, L50, M|\n|poke|p2|Torkoal, L50, M|\n|poke|p2|Corviknight, L50, F|\n|poke|p2|Iron Hands, L50|\n|poke|p2|Brute Bonnet, L50|\n|teampreview|4\n|inactive|Battle timer is ON: inactive players will automatically lose when time's up. (requested by offensive birb)\ndunsparcedingo has agreed to open team sheets.\noffensive birb rejected open team sheets.\n|inactive|offensive birb has 60 seconds left.\n|inactive|offensive birb has 30 seconds left.\n|inactive|offensive birb has 20 seconds left.\n|\n|t:|1682108123\n|start\n|switch|p1a: Jumpluff|Jumpluff, L50, F|100\/100\n|switch|p1b: Chi-Yu|Chi-Yu, L50|100\/100\n|switch|p2a: Corviknight|Corviknight, L50, F, shiny|100\/100\n|switch|p2b: Farigiraf|Farigiraf, L50, M, shiny|100\/100\n|-ability|p1b: Chi-Yu|Beads of Ruin\n|turn|1\n|inactive|dunsparcedingo has 30 seconds left.\n|inactive|dunsparcedingo has 20 seconds left.\n|inactive|offensive birb has 30 seconds left.\n|inactive|offensive birb has 20 seconds left.\n|inactive|offensive birb has 15 seconds left.\n|inactive|offensive birb has 10 seconds left.\n|inactive|offensive birb has 5 seconds left.\n|\n|t:|1682108196\n|switch|p2b: Brute Bonnet|Brute Bonnet, L50|100\/100\n|-terastallize|p2a: Corviknight|Ground\n|move|p1a: Jumpluff|Tailwind|p1a: Jumpluff\n|-sidestart|p1: dunsparcedingo|move: Tailwind\n|move|p1b: Chi-Yu|Overheat|p2a: Corviknight\n|-damage|p2a: Corviknight|0 fnt\n|-unboost|p1b: Chi-Yu|spa|2\n|faint|p2a: Corviknight\n|\n|upkeep\n|\n|t:|1682108206\n|switch|p2a: Farigiraf|Farigiraf, L50, M, shiny|100\/100\n|turn|2\n|inactive|dunsparcedingo has 30 seconds left.\n|inactive|dunsparcedingo has 20 seconds left.\n|\n|t:|1682108243\n|switch|p1b: Iron Bundle|Iron Bundle, L50|100\/100\n|move|p2b: Brute Bonnet|Protect|p2b: Brute Bonnet\n|-singleturn|p2b: Brute Bonnet|Protect\n|move|p1a: Jumpluff|Pollen Puff|p2b: Brute Bonnet\n|-activate|p2b: Brute Bonnet|move: Protect\n|move|p2a: Farigiraf|Trick Room|p2a: Farigiraf\n|-fieldstart|move: Trick Room|[of] p2a: Farigiraf\n|\n|upkeep\n|turn|3\n|inactive|dunsparcedingo has 30 seconds left.\n|\n|t:|1682108268\n|move|p1b: Iron Bundle|Protect|p1b: Iron Bundle\n|-singleturn|p1b: Iron Bundle|Protect\n|move|p2b: Brute Bonnet|Bullet Seed|p1b: Iron Bundle\n|-activate|p1b: Iron Bundle|move: Protect\n|move|p2a: Farigiraf|Nasty Plot|p2a: Farigiraf\n|-boost|p2a: Farigiraf|spa|2\n|move|p1a: Jumpluff|Encore|p2b: Brute Bonnet\n|-start|p2b: Brute Bonnet|Encore\n|\n|upkeep\n|turn|4\n|inactive|dunsparcedingo has 30 seconds left.\n|\n|t:|1682108297\n|-terastallize|p1b: Iron Bundle|Ice\n|move|p2b: Brute Bonnet|Bullet Seed|p1b: Iron Bundle\n|-damage|p1b: Iron Bundle|86\/100\n|-damage|p1b: Iron Bundle|72\/100\n|-damage|p1b: Iron Bundle|59\/100\n|-damage|p1b: Iron Bundle|44\/100\n|-damage|p1b: Iron Bundle|31\/100\n|-hitcount|p1b: Iron Bundle|5\n|move|p2a: Farigiraf|Hyper Voice|p1a: Jumpluff|[spread] p1a,p1b\n|-damage|p1a: Jumpluff|46\/100\n|-damage|p1b: Iron Bundle|0 fnt\n|faint|p1b: Iron Bundle\n|-end|p1b: Iron Bundle|Quark Drive|[silent]\n|move|p1a: Jumpluff|Sleep Powder|p2a: Farigiraf\n|-activate|p2a: Farigiraf|item: Safety Goggles|Sleep Powder\n|\n|-sideend|p1: dunsparcedingo|move: Tailwind\n|upkeep\n|\n|t:|1682108319\n|switch|p1b: Sandy Shocks|Sandy Shocks, L50|100\/100\n|turn|5\n|inactive|dunsparcedingo has 30 seconds left.\n|inactive|dunsparcedingo has 20 seconds left.\n|\n|t:|1682108355\n|move|p2b: Brute Bonnet|Bullet Seed|p1b: Sandy Shocks\n|-supereffective|p1b: Sandy Shocks\n|-damage|p1b: Sandy Shocks|71\/100\n|-supereffective|p1b: Sandy Shocks\n|-damage|p1b: Sandy Shocks|41\/100\n|-supereffective|p1b: Sandy Shocks\n|-damage|p1b: Sandy Shocks|5\/100\n|-supereffective|p1b: Sandy Shocks\n|-damage|p1b: Sandy Shocks|0 fnt\n|faint|p1b: Sandy Shocks\n|-end|p1b: Sandy Shocks|Protosynthesis|[silent]\n|-hitcount|p1: Sandy Shocks|4\n|move|p2a: Farigiraf|Hyper Voice|p1a: Jumpluff\n|-damage|p1a: Jumpluff|0 fnt\n|faint|p1a: Jumpluff\n|\n|upkeep\n|\n|t:|1682108367\n|switch|p1b: Chi-Yu|Chi-Yu, L50|100\/100\n|-ability|p1b: Chi-Yu|Beads of Ruin\n|turn|6\n|\n|t:|1682108374\n|move|p2b: Brute Bonnet|Bullet Seed|p1b: Chi-Yu\n|-resisted|p1b: Chi-Yu\n|-damage|p1b: Chi-Yu|92\/100\n|-resisted|p1b: Chi-Yu\n|-damage|p1b: Chi-Yu|82\/100\n|-resisted|p1b: Chi-Yu\n|-damage|p1b: Chi-Yu|73\/100\n|-resisted|p1b: Chi-Yu\n|-damage|p1b: Chi-Yu|64\/100\n|-resisted|p1b: Chi-Yu\n|-damage|p1b: Chi-Yu|55\/100\n|-hitcount|p1b: Chi-Yu|5\n|move|p2a: Farigiraf|Hyper Voice|p1b: Chi-Yu\n|-damage|p1b: Chi-Yu|0 fnt\n|faint|p1b: Chi-Yu\n|\n|win|offensive birb\n|raw|dunsparcedingo's rating: 1122 → 1104<\/strong> (-18 for losing)\n|raw|offensive birb's rating: 1218 → 1236<\/strong> (+18 for winning)\n","uploadtime":1682108382,"views":15,"p1id":"dunsparcedingo","p2id":"offensivebirb","formatid":"gen9vgc2023regulationc","rating":1104,"private":0,"password":""}