{"id":"gen9vgc2023regulationc-1863617175","p1":"Jnof","p2":"SoapierMage5794","format":"[Gen 9] VGC 2023 Regulation C","log":"|j|\u2606Jnof\n|j|\u2606SoapierMage5794\n|t:|1684044196\n|gametype|doubles\n|player|p1|Jnof|n|1209\n|player|p2|SoapierMage5794|waitress-gen4|1107\n|teamsize|p1|6\n|teamsize|p2|6\n|gen|9\n|tier|[Gen 9] VGC 2023 Regulation C\n|rated|\n|rule|Species Clause: Limit one of each Pok\u00e9mon\n|rule|Item Clause: Limit one of each item\n|clearpoke\n|poke|p1|Ceruledge, L50, M|\n|poke|p1|Salamence, L50, M|\n|poke|p1|Iron Bundle, L50|\n|poke|p1|Ting-Lu, L50|\n|poke|p1|Maushold, L50|\n|poke|p1|Corviknight, L50, M|\n|poke|p2|Tyranitar, L50, M|\n|poke|p2|Lycanroc, L50, F|\n|poke|p2|Corviknight, L50, M|\n|poke|p2|Iron Bundle, L50|\n|poke|p2|Garchomp, L50, F|\n|poke|p2|Flutter Mane, L50|\n|teampreview|4\n|inactive|Battle timer is ON: inactive players will automatically lose when time's up. (requested by SoapierMage5794)\n|inactive|Jnof has 60 seconds left.\n|inactive|SoapierMage5794 has 60 seconds left.\nSoapierMage5794 rejected open team sheets.\n|c|\u2606SoapierMage5794|glhf\n|inactive|Jnof has 30 seconds left.\n|inactive|Jnof has 20 seconds left.\n|inactive|Jnof has 15 seconds left.\n|inactive|Jnof has 10 seconds left.\n|\n|t:|1684044277\n|start\n|switch|p1a: Ting-Lu|Ting-Lu, L50|100\/100\n|switch|p1b: Maushold|Maushold, L50|100\/100\n|switch|p2a: Tyranitar|Tyranitar, L50, M|100\/100\n|switch|p2b: Lycanroc|Lycanroc, L50, F|100\/100\n|-weather|Sandstorm|[from] ability: Sand Stream|[of] p2a: Tyranitar\n|-ability|p1a: Ting-Lu|Vessel of Ruin\n|turn|1\n|\n|t:|1684044300\n|-terastallize|p2a: Tyranitar|Grass\n|move|p2b: Lycanroc|Close Combat|p1b: Maushold\n|-supereffective|p1b: Maushold\n|-damage|p1b: Maushold|22\/100\n|-unboost|p2b: Lycanroc|def|1\n|-unboost|p2b: Lycanroc|spd|1\n|move|p1b: Maushold|Super Fang|p2b: Lycanroc\n|-damage|p2b: Lycanroc|50\/100\n|move|p2a: Tyranitar|Low Kick|p1a: Ting-Lu\n|-supereffective|p1a: Ting-Lu\n|-damage|p1a: Ting-Lu|61\/100\n|move|p1a: Ting-Lu|Stomping Tantrum|p2b: Lycanroc\n|-supereffective|p2b: Lycanroc\n|-damage|p2b: Lycanroc|0 fnt\n|faint|p2b: Lycanroc\n|\n|-weather|Sandstorm|[upkeep]\n|-damage|p2a: Tyranitar|95\/100|[from] Sandstorm\n|upkeep\n|\n|t:|1684044314\n|switch|p2b: Flutter Mane|Flutter Mane, L50|100\/100\n|turn|2\n|\n|t:|1684044331\n|-terastallize|p1a: Ting-Lu|Poison\n|move|p1b: Maushold|Protect|p1b: Maushold\n|-singleturn|p1b: Maushold|Protect\n|move|p2b: Flutter Mane|Dazzling Gleam|p1a: Ting-Lu|[spread] p1a\n|-activate|p1b: Maushold|move: Protect\n|-resisted|p1a: Ting-Lu\n|-damage|p1a: Ting-Lu|56\/100\n|-damage|p2b: Flutter Mane|90\/100|[from] item: Life Orb\n|move|p2a: Tyranitar|Low Kick|p1a: Ting-Lu\n|-resisted|p1a: Ting-Lu\n|-damage|p1a: Ting-Lu|46\/100\n|move|p1a: Ting-Lu|Heavy Slam|p2b: Flutter Mane\n|-supereffective|p2b: Flutter Mane\n|-damage|p2b: Flutter Mane|0 fnt\n|faint|p2b: Flutter Mane\n|-end|p2b: Flutter Mane|Protosynthesis|[silent]\n|\n|-weather|Sandstorm|[upkeep]\n|-damage|p2a: Tyranitar|89\/100|[from] Sandstorm\n|-damage|p1a: Ting-Lu|40\/100|[from] Sandstorm\n|upkeep\n|\n|t:|1684044334\n|switch|p2b: Iron Bundle|Iron Bundle, L50|100\/100\n|-enditem|p2b: Iron Bundle|Booster Energy\n|-activate|p2b: Iron Bundle|ability: Quark Drive|[fromitem]\n|-start|p2b: Iron Bundle|quarkdrivespe\n|turn|3\n|inactive|Jnof has 30 seconds left.\n|inactive|Jnof has 20 seconds left.\n|inactive|Jnof has 15 seconds left.\n|inactive|Jnof has 10 seconds left.\n|\n|t:|1684044380\n|move|p2b: Iron Bundle|Protect|p2b: Iron Bundle\n|-singleturn|p2b: Iron Bundle|Protect\n|move|p1b: Maushold|Follow Me|p1b: Maushold\n|-singleturn|p1b: Maushold|move: Follow Me\n|move|p2a: Tyranitar|Rock Slide|p1a: Ting-Lu|[spread] p1a,p1b\n|-damage|p1a: Ting-Lu|26\/100\n|-damage|p1b: Maushold|0 fnt\n|faint|p1b: Maushold\n|move|p1a: Ting-Lu|Throat Chop|p2b: Iron Bundle\n|-activate|p2b: Iron Bundle|move: Protect\n|\n|-weather|Sandstorm|[upkeep]\n|-damage|p2b: Iron Bundle|94\/100|[from] Sandstorm\n|-damage|p2a: Tyranitar|83\/100|[from] Sandstorm\n|-damage|p1a: Ting-Lu|20\/100|[from] Sandstorm\n|upkeep\n|j| soraaaaaaa\n|\n|t:|1684044398\n|switch|p1b: Iron Bundle|Iron Bundle, L50|100\/100\n|-enditem|p1b: Iron Bundle|Booster Energy\n|-activate|p1b: Iron Bundle|ability: Quark Drive|[fromitem]\n|-start|p1b: Iron Bundle|quarkdrivespe\n|turn|4\n|c|\u2606Jnof|nah i lose this\n|inactive|Jnof has 30 seconds left.\n|\n|t:|1684044432\n|move|p1b: Iron Bundle|Freeze-Dry|p2a: Tyranitar\n|-supereffective|p2a: Tyranitar\n|-damage|p2a: Tyranitar|54\/100\n|move|p2b: Iron Bundle|Freeze-Dry|p1b: Iron Bundle\n|-damage|p1b: Iron Bundle|57\/100\n|move|p2a: Tyranitar|Rock Slide|p1b: Iron Bundle|[spread] \n|-miss|p2a: Tyranitar|p1a: Ting-Lu\n|-miss|p2a: Tyranitar|p1b: Iron Bundle\n|move|p1a: Ting-Lu|Throat Chop|p2a: Tyranitar\n|-damage|p2a: Tyranitar|22\/100\n|-start|p2a: Tyranitar|Throat Chop|[silent]\n|\n|-weather|Sandstorm|[upkeep]\n|-damage|p1b: Iron Bundle|51\/100|[from] Sandstorm\n|-damage|p2b: Iron Bundle|88\/100|[from] Sandstorm\n|-damage|p2a: Tyranitar|16\/100|[from] Sandstorm\n|-damage|p1a: Ting-Lu|14\/100|[from] Sandstorm\n|upkeep\n|turn|5\n|\n|t:|1684044452\n|move|p1b: Iron Bundle|Protect|p1b: Iron Bundle\n|-singleturn|p1b: Iron Bundle|Protect\n|move|p2b: Iron Bundle|Icy Wind|p1a: Ting-Lu|[spread] p1a\n|-activate|p1b: Iron Bundle|move: Protect\n|-damage|p1a: Ting-Lu|7\/100\n|-unboost|p1a: Ting-Lu|spe|1\n|move|p2a: Tyranitar|Rock Slide|p1a: Ting-Lu|[spread] p1a\n|-activate|p1b: Iron Bundle|move: Protect\n|-damage|p1a: Ting-Lu|0 fnt\n|faint|p1a: Ting-Lu\n|\n|-weather|none\n|-end|p2a: Tyranitar|Throat Chop|[silent]\n|upkeep\n|\n|t:|1684044462\n|switch|p1a: Salamence|Salamence, L50, M|100\/100\n|-ability|p1a: Salamence|Intimidate|boost\n|-unboost|p2a: Tyranitar|atk|1\n|-unboost|p2b: Iron Bundle|atk|1\n|turn|6\n|\n|t:|1684044472\n|move|p2b: Iron Bundle|Protect|p2b: Iron Bundle\n|-singleturn|p2b: Iron Bundle|Protect\n|move|p1a: Salamence|Protect|p1a: Salamence\n|-singleturn|p1a: Salamence|Protect\n|move|p1b: Iron Bundle|Icy Wind|p2a: Tyranitar|[spread] p2a\n|-activate|p2b: Iron Bundle|move: Protect\n|-supereffective|p2a: Tyranitar\n|-damage|p2a: Tyranitar|0 fnt\n|faint|p2a: Tyranitar\n|\n|upkeep\n|turn|7\n|\n|t:|1684044488\n|move|p1b: Iron Bundle|Icy Wind|p2b: Iron Bundle\n|-resisted|p2b: Iron Bundle\n|-damage|p2b: Iron Bundle|75\/100\n|-unboost|p2b: Iron Bundle|spe|1\n|move|p2b: Iron Bundle|Freeze-Dry|p1a: Salamence\n|-supereffective|p1a: Salamence\n|-damage|p1a: Salamence|0 fnt\n|faint|p1a: Salamence\n|\n|upkeep\n|turn|8\n|\n|t:|1684044501\n|move|p1b: Iron Bundle|Freeze-Dry|p2b: Iron Bundle\n|-damage|p2b: Iron Bundle|1\/100\n|move|p2b: Iron Bundle|Freeze-Dry|p1b: Iron Bundle\n|-damage|p1b: Iron Bundle|0 fnt\n|faint|p1b: Iron Bundle\n|-end|p1b: Iron Bundle|Quark Drive|[silent]\n|\n|win|SoapierMage5794\n|raw|Jnof's rating: 1209 → 1177<\/strong> (-32 for losing)\n|raw|SoapierMage5794's rating: 1107 → 1139<\/strong> (+32 for winning)\n|c|\u2606Jnof|damn\n|c|\u2606Jnof|gg\n|c|\u2606SoapierMage5794|omg Gg\n|l|\u2606Jnof\n|c|\u2606SoapierMage5794|I shouldn't have won that\n","uploadtime":1684044526,"views":13,"p1id":"jnof","p2id":"soapiermage5794","formatid":"gen9vgc2023regulationc","rating":1139,"private":0,"password":""}