{"id":"gen9vgc2023regulationc-1852169708","p1":"Doomtheboomkin","p2":"fenixaka","format":"[Gen 9] VGC 2023 Regulation C","log":"|j|\u2606Doomtheboomkin\n|j|\u2606fenixaka\n|t:|1682529871\n|gametype|doubles\n|player|p1|Doomtheboomkin|shadowtriad|1139\n|player|p2|fenixaka|265|1084\n|teamsize|p1|6\n|teamsize|p2|6\n|gen|9\n|tier|[Gen 9] VGC 2023 Regulation C\n|rated|\n|rule|Species Clause: Limit one of each Pok\u00e9mon\n|rule|Item Clause: Limit one of each item\n|clearpoke\n|poke|p1|Baxcalibur, L50, F|\n|poke|p1|Chien-Pao, L50|\n|poke|p1|Dragonite, L50, M|\n|poke|p1|Palafin, L50, M|\n|poke|p1|Pelipper, L50, F|\n|poke|p1|Amoonguss, L50, M|\n|poke|p2|Sylveon, L50, M|\n|poke|p2|Talonflame, L50, M|\n|poke|p2|Garchomp, L50, M|\n|poke|p2|Amoonguss, L50, F|\n|poke|p2|Palafin, L50, F|\n|poke|p2|Arcanine, L50, M|\n|teampreview|4\n|inactive|Battle timer is ON: inactive players will automatically lose when time's up. (requested by Doomtheboomkin)\n|\n|t:|1682529890\n|start\n|switch|p1a: Palafin|Palafin, L50, M|100\/100\n|switch|p1b: Chien-Pao|Chien-Pao, L50|100\/100\n|switch|p2a: Sylveon|Sylveon, L50, M, shiny|100\/100\n|switch|p2b: Palafin|Palafin, L50, F, shiny|100\/100\n|-ability|p1b: Chien-Pao|Sword of Ruin\n|turn|1\n|inactive|fenixaka has 30 seconds left.\n|\n|t:|1682529919\n|detailschange|p2b: Palafin|Palafin-Hero, L50, F, shiny\n|switch|p2b: Arcanine|Arcanine, L50, M, shiny|100\/100\n|-ability|p2b: Arcanine|Intimidate|boost\n|-unboost|p1a: Palafin|atk|1\n|-unboost|p1b: Chien-Pao|atk|1\n|-terastallize|p1a: Palafin|Water\n|-terastallize|p2a: Sylveon|Fairy\n|move|p1a: Palafin|Jet Punch|p2a: Sylveon\n|-damage|p2a: Sylveon|67\/100\n|move|p1b: Chien-Pao|Ice Spinner|p2a: Sylveon\n|-damage|p2a: Sylveon|34\/100\n|move|p2a: Sylveon|Hyper Voice|p1a: Palafin|[spread] p1a,p1b\n|-supereffective|p1b: Chien-Pao\n|-damage|p1a: Palafin|51\/100\n|-enditem|p1b: Chien-Pao|Focus Sash\n|-damage|p1b: Chien-Pao|1\/100\n|-enditem|p2a: Sylveon|Throat Spray\n|-boost|p2a: Sylveon|spa|1|[from] item: Throat Spray\n|\n|upkeep\n|turn|2\n|inactive|Doomtheboomkin has 30 seconds left.\n|inactive|fenixaka has 30 seconds left.\n|inactive|Doomtheboomkin has 20 seconds left.\n|inactive|fenixaka has 20 seconds left.\n|inactive|Doomtheboomkin has 15 seconds left.\n|inactive|fenixaka has 15 seconds left.\n|\n|t:|1682529962\n|detailschange|p1a: Palafin|Palafin-Hero, L50, M, tera:Water\n|switch|p1a: Pelipper|Pelipper, L50, F|100\/100\n|-weather|RainDance|[from] ability: Drizzle|[of] p1a: Pelipper\n|move|p2b: Arcanine|Extreme Speed|p1b: Chien-Pao\n|-damage|p1b: Chien-Pao|0 fnt\n|faint|p1b: Chien-Pao\n|move|p2a: Sylveon|Hyper Voice|p1a: Pelipper\n|-damage|p1a: Pelipper|0 fnt\n|faint|p1a: Pelipper\n|\n|-weather|RainDance|[upkeep]\n|upkeep\n|\n|t:|1682529976\n|switch|p1b: Palafin|Palafin-Hero, L50, M, tera:Water|51\/100\n|switch|p1a: Amoonguss|Amoonguss, L50, M|100\/100\n|-activate|p1b: Palafin|ability: Zero to Hero\n|turn|3\n|\n|t:|1682529989\n|switch|p2b: Palafin|Palafin-Hero, L50, F, shiny|100\/100\n|-activate|p2b: Palafin|ability: Zero to Hero\n|switch|p2a: Amoonguss|Amoonguss, L50, F, shiny|100\/100\n|move|p1b: Palafin|Jet Punch|p2a: Amoonguss\n|-resisted|p2a: Amoonguss\n|-damage|p2a: Amoonguss|64\/100\n|move|p1a: Amoonguss|Pollen Puff|p1b: Palafin\n|-heal|p1b: Palafin|100\/100\n|\n|-weather|RainDance|[upkeep]\n|upkeep\n|turn|4\n|\n|t:|1682530011\n|move|p1b: Palafin|Protect|p1b: Palafin\n|-singleturn|p1b: Palafin|Protect\n|move|p2b: Palafin|Wave Crash|p1b: Palafin\n|-activate|p1b: Palafin|move: Protect\n|move|p2a: Amoonguss|Spore|p1b: Palafin\n|-activate|p1b: Palafin|move: Protect\n|move|p1a: Amoonguss|Spore|p2b: Palafin\n|-status|p2b: Palafin|slp|[from] move: Spore\n|\n|-weather|RainDance|[upkeep]\n|upkeep\n|turn|5\n|\n|t:|1682530026\n|switch|p2b: Arcanine|Arcanine, L50, M, shiny|100\/100\n|-ability|p2b: Arcanine|Intimidate|boost\n|-unboost|p1a: Amoonguss|atk|1\n|-unboost|p1b: Palafin|atk|1\n|move|p2a: Amoonguss|Rage Powder|p2a: Amoonguss\n|-singleturn|p2a: Amoonguss|move: Rage Powder\n|move|p1b: Palafin|Substitute|p1b: Palafin\n|-start|p1b: Palafin|Substitute\n|-damage|p1b: Palafin|75\/100\n|move|p1a: Amoonguss|Pollen Puff|p1b: Palafin\n|-heal|p1b: Palafin|100\/100\n|\n|-weather|RainDance|[upkeep]\n|upkeep\n|turn|6\n|inactive|fenixaka has 30 seconds left.\n|inactive|fenixaka has 20 seconds left.\n|\n|t:|1682530063\n|switch|p2b: Sylveon|Sylveon, L50, M, shiny, tera:Fairy|34\/100\n|move|p1b: Palafin|Wave Crash|p2a: Amoonguss\n|-resisted|p2a: Amoonguss\n|-damage|p2a: Amoonguss|20\/100\n|-enditem|p2a: Amoonguss|Sitrus Berry|[eat]\n|-heal|p2a: Amoonguss|45\/100|[from] item: Sitrus Berry\n|-damage|p1b: Palafin|85\/100|[from] Recoil\n|move|p2a: Amoonguss|Pollen Puff|p2b: Sylveon\n|-heal|p2b: Sylveon|84\/100\n|move|p1a: Amoonguss|Spore|p2b: Sylveon\n|-status|p2b: Sylveon|slp|[from] move: Spore\n|\n|-weather|RainDance|[upkeep]\n|upkeep\n|turn|7\n|\n|t:|1682530086\n|switch|p2a: Arcanine|Arcanine, L50, M, shiny|100\/100\n|-ability|p2a: Arcanine|Intimidate|boost\n|-unboost|p1a: Amoonguss|atk|1\n|-immune|p1b: Palafin\n|move|p1b: Palafin|Wave Crash|p2b: Sylveon\n|-damage|p2b: Sylveon|0 fnt\n|faint|p2b: Sylveon\n|-damage|p1b: Palafin|62\/100|[from] Recoil\n|move|p1a: Amoonguss|Pollen Puff|p1b: Palafin\n|-heal|p1b: Palafin|100\/100\n|\n|-weather|RainDance|[upkeep]\n|upkeep\n|\n|t:|1682530103\n|switch|p2b: Palafin|Palafin-Hero, L50, F, shiny|100\/100 slp\n|turn|8\n|\n|t:|1682530116\n|move|p2a: Arcanine|Extreme Speed|p1b: Palafin\n|-activate|p1b: Palafin|move: Substitute|[damage]\n|cant|p2b: Palafin|slp\n|move|p1b: Palafin|Wave Crash|p2b: Palafin\n|-resisted|p2b: Palafin\n|-damage|p2b: Palafin|38\/100 slp\n|-damage|p1b: Palafin|83\/100|[from] Recoil\n|move|p1a: Amoonguss|Pollen Puff|p1b: Palafin\n|-heal|p1b: Palafin|100\/100\n|\n|-weather|RainDance|[upkeep]\n|upkeep\n|turn|9\n|\n|t:|1682530134\n|move|p2a: Arcanine|Extreme Speed|p1b: Palafin\n|-end|p1b: Palafin|Substitute\n|move|p1a: Amoonguss|Rage Powder|p1a: Amoonguss\n|-singleturn|p1a: Amoonguss|move: Rage Powder\n|-curestatus|p2b: Palafin|slp|[msg]\n|move|p2b: Palafin|Jet Punch|p1a: Amoonguss\n|-resisted|p1a: Amoonguss\n|-damage|p1a: Amoonguss|73\/100\n|move|p1b: Palafin|Wave Crash|p2b: Palafin\n|-resisted|p2b: Palafin\n|-damage|p2b: Palafin|0 fnt\n|faint|p2b: Palafin\n|-damage|p1b: Palafin|90\/100|[from] Recoil\n|\n|-weather|none\n|upkeep\n|\n|t:|1682530145\n|switch|p2b: Amoonguss|Amoonguss, L50, F, shiny|78\/100\n|turn|10\n|\n|t:|1682530163\n|move|p2a: Arcanine|Flare Blitz|p1a: Amoonguss\n|-supereffective|p1a: Amoonguss\n|-damage|p1a: Amoonguss|0 fnt\n|faint|p1a: Amoonguss\n|-damage|p2a: Arcanine|69\/100|[from] Recoil\n|move|p1b: Palafin|Substitute|p1b: Palafin\n|-start|p1b: Palafin|Substitute\n|-damage|p1b: Palafin|65\/100\n|move|p2b: Amoonguss|Spore||[still]\n|-fail|p2b: Amoonguss\n|\n|upkeep\n|turn|11\n|\n|t:|1682530181\n|move|p2a: Arcanine|Protect|p2a: Arcanine\n|-singleturn|p2a: Arcanine|Protect\n|move|p1b: Palafin|Jet Punch|p2a: Arcanine\n|-activate|p2a: Arcanine|move: Protect\n|move|p2b: Amoonguss|Pollen Puff|p1b: Palafin\n|-activate|p1b: Palafin|move: Substitute|[damage]\n|\n|upkeep\n|turn|12\n|inactive|fenixaka has 30 seconds left.\n|\n|t:|1682530206\n|move|p2a: Arcanine|Protect||[still]\n|-fail|p2a: Arcanine\n|move|p1b: Palafin|Wave Crash|p2a: Arcanine\n|-supereffective|p2a: Arcanine\n|-damage|p2a: Arcanine|0 fnt\n|faint|p2a: Arcanine\n|-damage|p1b: Palafin|47\/100|[from] Recoil\n|move|p2b: Amoonguss|Spore||[still]\n|-fail|p2b: Amoonguss\n|\n|upkeep\n|turn|13\n|\n|t:|1682530220\n|move|p1b: Palafin|Wave Crash|p2b: Amoonguss\n|-resisted|p2b: Amoonguss\n|-damage|p2b: Amoonguss|47\/100\n|-damage|p1b: Palafin|36\/100|[from] Recoil\n|move|p2b: Amoonguss|Pollen Puff|p1b: Palafin\n|-end|p1b: Palafin|Substitute\n|\n|upkeep\n|turn|14\n|\n|t:|1682530238\n|move|p1b: Palafin|Protect|p1b: Palafin\n|-singleturn|p1b: Palafin|Protect\n|move|p2b: Amoonguss|Pollen Puff|p1b: Palafin\n|-activate|p1b: Palafin|move: Protect\n|\n|upkeep\n|turn|15\n|\n|t:|1682530246\n|move|p1b: Palafin|Wave Crash|p2b: Amoonguss\n|-resisted|p2b: Amoonguss\n|-damage|p2b: Amoonguss|18\/100\n|-damage|p1b: Palafin|26\/100|[from] Recoil\n|move|p2b: Amoonguss|Spore|p1b: Palafin\n|-status|p1b: Palafin|slp|[from] move: Spore\n|\n|upkeep\n|turn|16\n|\n|t:|1682530254\n|cant|p1b: Palafin|slp\n|move|p2b: Amoonguss|Pollen Puff|p1b: Palafin\n|-damage|p1b: Palafin|7\/100 slp\n|\n|upkeep\n|turn|17\n|\n|t:|1682530261\n|-curestatus|p1b: Palafin|slp|[msg]\n|move|p1b: Palafin|Wave Crash|p2b: Amoonguss\n|-resisted|p2b: Amoonguss\n|-damage|p2b: Amoonguss|0 fnt\n|faint|p2b: Amoonguss\n|-damage|p1b: Palafin|1\/100|[from] Recoil\n|\n|win|Doomtheboomkin\n|raw|Doomtheboomkin's rating: 1139 → 1160<\/strong> (+21 for winning)\n|raw|fenixaka's rating: 1084 → 1065<\/strong> (-19 for losing)\n|l|\u2606fenixaka\n","uploadtime":1682530274,"views":16,"p1id":"doomtheboomkin","p2id":"fenixaka","formatid":"gen9vgc2023regulationc","rating":1065,"private":0,"password":""}