{"id":"gen9vgc2023regulationc-1852471082","p1":"SupernovaSZ8","p2":"foiledfeline","format":"[Gen 9] VGC 2023 Regulation C","log":"|j|\u2606SupernovaSZ8\n|j|\u2606foiledfeline\n|t:|1682561786\n|gametype|doubles\n|player|p1|SupernovaSZ8|iono|1227\n|player|p2|foiledfeline|102|1207\n|teamsize|p1|6\n|teamsize|p2|6\n|gen|9\n|tier|[Gen 9] VGC 2023 Regulation C\n|rated|\n|rule|Species Clause: Limit one of each Pok\u00e9mon\n|rule|Item Clause: Limit one of each item\n|clearpoke\n|poke|p1|Garchomp, L50, F|\n|poke|p1|Talonflame, L50, M|\n|poke|p1|Iron Bundle, L50|\n|poke|p1|Flutter Mane, L50|\n|poke|p1|Amoonguss, L50, F|\n|poke|p1|Kingambit, L50, F|\n|poke|p2|Flutter Mane, L50|\n|poke|p2|Talonflame, L50, M|\n|poke|p2|Baxcalibur, L50, M|\n|poke|p2|Ting-Lu, L50|\n|poke|p2|Gyarados, L50, M|\n|poke|p2|Breloom, L50, M|\n|teampreview|4\nfoiledfeline has agreed to open team sheets.\n|inactive|Battle timer is ON: inactive players will automatically lose when time's up. (requested by SupernovaSZ8)\n|\n|t:|1682561874\n|start\n|switch|p1a: Iron Bundle|Iron Bundle, L50, shiny|100\/100\n|switch|p1b: Flutter Mane|Flutter Mane, L50, shiny|100\/100\n|switch|p2a: Talonflame|Talonflame, L50, M|100\/100\n|switch|p2b: Baxcalibur|Baxcalibur, L50, M|100\/100\n|-enditem|p1a: Iron Bundle|Booster Energy\n|-activate|p1a: Iron Bundle|ability: Quark Drive|[fromitem]\n|-start|p1a: Iron Bundle|quarkdrivespe\n|turn|1\n|inactive|foiledfeline has 30 seconds left.\n|\n|t:|1682561901\n|-terastallize|p2b: Baxcalibur|Poison\n|move|p2a: Talonflame|Tailwind|p2a: Talonflame\n|-sidestart|p2: foiledfeline|move: Tailwind\n|move|p1a: Iron Bundle|Icy Wind|p2a: Talonflame|[spread] p2b\n|-miss|p1a: Iron Bundle|p2a: Talonflame\n|-damage|p2b: Baxcalibur|84\/100\n|move|p2b: Baxcalibur|Earthquake|p1b: Flutter Mane|[spread] p1a,p1b\n|-immune|p2a: Talonflame\n|-damage|p1a: Iron Bundle|66\/100\n|-damage|p1b: Flutter Mane|33\/100\n|move|p1b: Flutter Mane|Moonblast|p2b: Baxcalibur\n|-resisted|p2b: Baxcalibur\n|-damage|p2b: Baxcalibur|45\/100\n|\n|upkeep\n|turn|2\n|inactive|foiledfeline has 30 seconds left.\n|\n|t:|1682561929\n|-end|p1b: Flutter Mane|Protosynthesis|[silent]\n|switch|p1b: Kingambit|Kingambit, L50, F, shiny|100\/100\n|move|p2a: Talonflame|Brave Bird|p1b: Kingambit\n|-resisted|p1b: Kingambit\n|-damage|p1b: Kingambit|79\/100\n|-damage|p2a: Talonflame|91\/100|[from] Recoil\n|move|p1a: Iron Bundle|Hydro Pump|p2b: Baxcalibur\n|-damage|p2b: Baxcalibur|0 fnt\n|faint|p2b: Baxcalibur\n|\n|upkeep\n|\n|t:|1682561939\n|switch|p2b: Breloom|Breloom, L50, M|100\/100\n|turn|3\n|inactive|SupernovaSZ8 has 30 seconds left.\n|\n|t:|1682561967\n|move|p2a: Talonflame|Will-O-Wisp|p1b: Kingambit\n|-status|p1b: Kingambit|brn\n|move|p1a: Iron Bundle|Icy Wind|p2a: Talonflame|[spread] p2a,p2b\n|-supereffective|p2b: Breloom\n|-damage|p2a: Talonflame|57\/100\n|-damage|p2b: Breloom|19\/100\n|-unboost|p2a: Talonflame|spe|1\n|-unboost|p2b: Breloom|spe|1\n|move|p2b: Breloom|Bullet Seed|p1a: Iron Bundle\n|-supereffective|p1a: Iron Bundle\n|-damage|p1a: Iron Bundle|11\/100\n|-supereffective|p1a: Iron Bundle\n|-damage|p1a: Iron Bundle|0 fnt\n|faint|p1a: Iron Bundle\n|-end|p1a: Iron Bundle|Quark Drive|[silent]\n|-hitcount|p1: Iron Bundle|2\n|move|p1b: Kingambit|Kowtow Cleave|p2a: Talonflame\n|-crit|p2a: Talonflame\n|-damage|p2a: Talonflame|5\/100\n|\n|-damage|p1b: Kingambit|73\/100 brn|[from] brn\n|upkeep\n|\n|t:|1682561986\n|switch|p1a: Garchomp|Garchomp, L50, F|100\/100\n|turn|4\n|\n|t:|1682561994\n|move|p1a: Garchomp|Protect|p1a: Garchomp\n|-singleturn|p1a: Garchomp|Protect\n|move|p2b: Breloom|Mach Punch|p1b: Kingambit\n|-supereffective|p1b: Kingambit\n|-damage|p1b: Kingambit|0 fnt\n|faint|p1b: Kingambit\n|move|p2a: Talonflame|Will-O-Wisp|p1a: Garchomp\n|-activate|p1a: Garchomp|move: Protect\n|\n|-sideend|p2: foiledfeline|move: Tailwind\n|upkeep\n|\n|t:|1682562002\n|switch|p1b: Flutter Mane|Flutter Mane, L50, shiny|33\/100\n|turn|5\n|\n|t:|1682562017\n|move|p1b: Flutter Mane|Moonblast|p2a: Talonflame\n|-resisted|p2a: Talonflame\n|-damage|p2a: Talonflame|0 fnt\n|faint|p2a: Talonflame\n|move|p1a: Garchomp|Dragon Claw|p2b: Breloom\n|-damage|p2b: Breloom|0 fnt\n|faint|p2b: Breloom\n|-damage|p1a: Garchomp|91\/100|[from] item: Life Orb\n|\n|upkeep\n|\n|t:|1682562027\n|switch|p2b: Flutter Mane|Flutter Mane, L50|100\/100\n|-enditem|p2b: Flutter Mane|Booster Energy\n|-activate|p2b: Flutter Mane|ability: Protosynthesis|[fromitem]\n|-start|p2b: Flutter Mane|protosynthesisspa\n|turn|6\n|\n|t:|1682562034\n|-terastallize|p1a: Garchomp|Fire\n|move|p1b: Flutter Mane|Moonblast|p2b: Flutter Mane\n|-damage|p2b: Flutter Mane|19\/100\n|move|p2b: Flutter Mane|Dazzling Gleam|p1b: Flutter Mane|[spread] p1a,p1b\n|-resisted|p1a: Garchomp\n|-damage|p1a: Garchomp|69\/100\n|-damage|p1b: Flutter Mane|0 fnt\n|faint|p1b: Flutter Mane\n|-end|p1b: Flutter Mane|Protosynthesis|[silent]\n|move|p1a: Garchomp|Stomping Tantrum|p2b: Flutter Mane\n|-damage|p2b: Flutter Mane|0 fnt\n|faint|p2b: Flutter Mane\n|-end|p2b: Flutter Mane|Protosynthesis|[silent]\n|-damage|p1a: Garchomp|59\/100|[from] item: Life Orb\n|\n|win|SupernovaSZ8\n|raw|SupernovaSZ8's rating: 1227 → 1251<\/strong> (+24 for winning)\n|raw|foiledfeline's rating: 1207 → 1183<\/strong> (-24 for losing)\n","uploadtime":1682562048,"views":7,"p1id":"supernovasz8","p2id":"foiledfeline","formatid":"gen9vgc2023regulationc","rating":1183,"private":0,"password":""}