{"id":"gen9vgc2023regulationc-1852246970","p1":"Metallicmadness","p2":"MC_Conqueror","format":"[Gen 9] VGC 2023 Regulation C","log":"|j|\u2606Metallicmadness\n|j|\u2606MC_Conqueror\n|t:|1682536418\n|gametype|doubles\n|player|p1|Metallicmadness|102|1317\n|player|p2|MC_Conqueror|2|1301\n|teamsize|p1|6\n|teamsize|p2|6\n|gen|9\n|tier|[Gen 9] VGC 2023 Regulation C\n|rated|\n|rule|Species Clause: Limit one of each Pok\u00e9mon\n|rule|Item Clause: Limit one of each item\n|clearpoke\n|poke|p1|Ting-Lu, L50|\n|poke|p1|Palafin, L50, F|\n|poke|p1|Amoonguss, L50, F|\n|poke|p1|Arcanine, L50, F|\n|poke|p1|Iron Bundle, L50|\n|poke|p1|Chi-Yu, L50|\n|poke|p2|Palafin, L50, F|\n|poke|p2|Amoonguss, L50, F|\n|poke|p2|Ting-Lu, L50|\n|poke|p2|Annihilape, L50, M|\n|poke|p2|Flutter Mane, L50|\n|poke|p2|Stantler, L50, F|\n|teampreview|4\n|inactive|Battle timer is ON: inactive players will automatically lose when time's up. (requested by Metallicmadness)\n|\n|t:|1682536446\n|start\n|switch|p1a: Palafin|Palafin, L50, F|100\/100\n|switch|p1b: Amoonguss|Amoonguss, L50, F|100\/100\n|switch|p2a: Annihilape|Annihilape, L50, M|100\/100\n|switch|p2b: Stantler|Stantler, L50, F|100\/100\n|-ability|p2b: Stantler|Intimidate|boost\n|-unboost|p1a: Palafin|atk|1\n|-unboost|p1b: Amoonguss|atk|1\n|turn|1\n|\n|t:|1682536466\n|detailschange|p1a: Palafin|Palafin-Hero, L50, F\n|switch|p1a: Arcanine|Arcanine, L50, F|100\/100\n|-ability|p1a: Arcanine|Intimidate|boost\n|-unboost|p2a: Annihilape|atk|1\n|-ability|p2a: Annihilape|Defiant|boost\n|-boost|p2a: Annihilape|atk|2\n|-unboost|p2b: Stantler|atk|1\n|move|p2a: Annihilape|Bulk Up|p2a: Annihilape\n|-boost|p2a: Annihilape|atk|1\n|-boost|p2a: Annihilape|def|1\n|move|p2b: Stantler|Skill Swap|p1b: Amoonguss\n|-activate|p2b: Stantler|move: Skill Swap|Regenerator|Intimidate|[of] p1b: Amoonguss\n|-ability|p1b: Amoonguss|Intimidate|boost\n|-unboost|p2a: Annihilape|atk|1\n|-ability|p2a: Annihilape|Defiant|boost\n|-boost|p2a: Annihilape|atk|2\n|-unboost|p2b: Stantler|atk|1\n|move|p1b: Amoonguss|Spore|p2b: Stantler\n|-status|p2b: Stantler|slp|[from] move: Spore\n|\n|upkeep\n|turn|2\n|inactive|MC_Conqueror has 30 seconds left.\n|inactive|MC_Conqueror has 20 seconds left.\n|\n|t:|1682536505\n|switch|p2b: Amoonguss|Amoonguss, L50, F|100\/100\n|switch|p1b: Palafin|Palafin-Hero, L50, F|100\/100\n|-activate|p1b: Palafin|ability: Zero to Hero\n|-terastallize|p2a: Annihilape|Fire\n|move|p1a: Arcanine|Will-O-Wisp|p2a: Annihilape\n|-immune|p2a: Annihilape\n|move|p2a: Annihilape|Drain Punch|p1a: Arcanine\n|-damage|p1a: Arcanine|0 fnt\n|faint|p1a: Arcanine\n|\n|upkeep\n|\n|t:|1682536517\n|switch|p1a: Amoonguss|Amoonguss, L50, F|100\/100\n|turn|3\n|\n|t:|1682536522\n|move|p2a: Annihilape|Protect|p2a: Annihilape\n|-singleturn|p2a: Annihilape|Protect\n|move|p1b: Palafin|Haze|p1b: Palafin\n|-clearallboost\n|move|p2b: Amoonguss|Spore|p1b: Palafin\n|-status|p1b: Palafin|slp|[from] move: Spore\n|move|p1a: Amoonguss|Spore|p2a: Annihilape\n|-activate|p2a: Annihilape|move: Protect\n|\n|upkeep\n|turn|4\n|\n|t:|1682536545\n|cant|p1b: Palafin|slp\n|move|p2a: Annihilape|Drain Punch|p1b: Palafin\n|-damage|p1b: Palafin|66\/100 slp\n|move|p2b: Amoonguss|Pollen Puff|p1b: Palafin\n|-damage|p1b: Palafin|39\/100 slp\n|move|p1a: Amoonguss|Spore|p2a: Annihilape\n|-status|p2a: Annihilape|slp|[from] move: Spore\n|\n|upkeep\n|turn|5\n|inactive|Metallicmadness has 30 seconds left.\n|inactive|Metallicmadness has 20 seconds left.\n|inactive|Metallicmadness has 15 seconds left.\n|inactive|Metallicmadness has 10 seconds left.\n|\n|t:|1682536591\n|switch|p2a: Stantler|Stantler, L50, F|100\/100 slp\n|-ability|p2a: Stantler|Intimidate|boost\n|-unboost|p1a: Amoonguss|atk|1\n|-unboost|p1b: Palafin|atk|1\n|-curestatus|p1b: Palafin|slp|[msg]\n|move|p1b: Palafin|Wave Crash|p2b: Amoonguss\n|-resisted|p2b: Amoonguss\n|-damage|p2b: Amoonguss|72\/100\n|-damage|p1b: Palafin|30\/100|[from] Recoil\n|move|p2b: Amoonguss|Pollen Puff|p1b: Palafin\n|-damage|p1b: Palafin|6\/100\n|move|p1a: Amoonguss|Pollen Puff|p1b: Palafin\n|-heal|p1b: Palafin|56\/100\n|\n|upkeep\n|turn|6\n|inactive|Metallicmadness has 30 seconds left.\n|inactive|MC_Conqueror has 30 seconds left.\n|inactive|Metallicmadness has 20 seconds left.\n|inactive|MC_Conqueror has 20 seconds left.\n|inactive|Metallicmadness has 15 seconds left.\n|inactive|MC_Conqueror has 15 seconds left.\n|inactive|MC_Conqueror has 10 seconds left.\n|inactive|MC_Conqueror has 5 seconds left.\n|\n|t:|1682536646\n|move|p1b: Palafin|Wave Crash|p2a: Stantler\n|-damage|p2a: Stantler|42\/100 slp\n|-damage|p1b: Palafin|37\/100|[from] Recoil\n|cant|p2a: Stantler|slp\n|move|p2b: Amoonguss|Spore|p1b: Palafin\n|-status|p1b: Palafin|slp|[from] move: Spore\n|move|p1a: Amoonguss|Pollen Puff|p1b: Palafin\n|-heal|p1b: Palafin|87\/100 slp\n|\n|upkeep\n|turn|7\n|\n|t:|1682536666\n|cant|p1b: Palafin|slp\n|-curestatus|p2a: Stantler|slp|[msg]\n|move|p2a: Stantler|Skill Swap|p2b: Amoonguss\n|-activate|p2a: Stantler|move: Skill Swap|||[of] p2b: Amoonguss\n|-ability|p2b: Amoonguss|Intimidate|boost\n|-unboost|p1a: Amoonguss|atk|1\n|-unboost|p1b: Palafin|atk|1\n|move|p2b: Amoonguss|Spore|p1b: Palafin\n|-fail|p1b: Palafin|slp\n|move|p1a: Amoonguss|Spore|p2a: Stantler\n|-status|p2a: Stantler|slp|[from] move: Spore\n|\n|upkeep\n|turn|8\n|\n|t:|1682536678\n|cant|p1b: Palafin|slp\n|cant|p2a: Stantler|slp\n|move|p2b: Amoonguss|Spore|p1b: Palafin\n|-fail|p1b: Palafin|slp\n|move|p1a: Amoonguss|Pollen Puff|p1b: Palafin\n|-heal|p1b: Palafin|100\/100 slp\n|\n|upkeep\n|turn|9\n|\n|t:|1682536685\n|move|p2b: Amoonguss|Rage Powder|p2b: Amoonguss\n|-singleturn|p2b: Amoonguss|move: Rage Powder\n|cant|p1b: Palafin|slp\n|-curestatus|p2a: Stantler|slp|[msg]\n|move|p2a: Stantler|Thunderbolt|p1b: Palafin\n|-supereffective|p1b: Palafin\n|-damage|p1b: Palafin|52\/100 slp\n|move|p1a: Amoonguss|Pollen Puff|p2a: Stantler\n|-crit|p2a: Stantler\n|-damage|p2a: Stantler|17\/100\n|\n|upkeep\n|turn|10\n|\n|t:|1682536702\n|move|p2b: Amoonguss|Rage Powder|p2b: Amoonguss\n|-singleturn|p2b: Amoonguss|move: Rage Powder\n|-curestatus|p1b: Palafin|slp|[msg]\n|move|p1b: Palafin|Haze|p1b: Palafin\n|-clearallboost\n|move|p2a: Stantler|Thunderbolt|p1b: Palafin\n|-supereffective|p1b: Palafin\n|-damage|p1b: Palafin|4\/100\n|-status|p1b: Palafin|par\n|move|p1a: Amoonguss|Pollen Puff|p1b: Palafin\n|-heal|p1b: Palafin|54\/100 par\n|\n|upkeep\n|turn|11\n|\n|t:|1682536723\n|-terastallize|p1b: Palafin|Water\n|move|p1b: Palafin|Jet Punch|p2b: Amoonguss\n|-resisted|p2b: Amoonguss\n|-damage|p2b: Amoonguss|43\/100\n|move|p2a: Stantler|Thunderbolt|p1b: Palafin\n|-supereffective|p1b: Palafin\n|-damage|p1b: Palafin|7\/100 par\n|move|p2b: Amoonguss|Pollen Puff|p2a: Stantler\n|-heal|p2a: Stantler|67\/100\n|move|p1a: Amoonguss|Pollen Puff|p1b: Palafin\n|-heal|p1b: Palafin|57\/100 par\n|\n|upkeep\n|turn|12\n|\n|t:|1682536739\n|move|p1b: Palafin|Protect|p1b: Palafin\n|-singleturn|p1b: Palafin|Protect\n|move|p2a: Stantler|Thunderbolt|p1b: Palafin\n|-activate|p1b: Palafin|move: Protect\n|move|p2b: Amoonguss|Pollen Puff|p1b: Palafin\n|-activate|p1b: Palafin|move: Protect\n|move|p1a: Amoonguss|Spore|p2a: Stantler\n|-status|p2a: Stantler|slp|[from] move: Spore\n|\n|upkeep\n|turn|13\n|\n|t:|1682536755\n|move|p2b: Amoonguss|Protect|p2b: Amoonguss\n|-singleturn|p2b: Amoonguss|Protect\n|cant|p2a: Stantler|slp\n|move|p1b: Palafin|Wave Crash|p2b: Amoonguss\n|-activate|p2b: Amoonguss|move: Protect\n|move|p1a: Amoonguss|Pollen Puff|p1b: Palafin\n|-heal|p1b: Palafin|100\/100 par\n|\n|upkeep\n|turn|14\n|\n|t:|1682536778\n|switch|p2b: Ting-Lu|Ting-Lu, L50|100\/100\n|-ability|p2b: Ting-Lu|Vessel of Ruin\n|move|p1a: Amoonguss|Rage Powder|p1a: Amoonguss\n|-singleturn|p1a: Amoonguss|move: Rage Powder\n|cant|p2a: Stantler|slp\n|move|p1b: Palafin|Wave Crash|p2a: Stantler\n|-damage|p2a: Stantler|0 fnt\n|faint|p2a: Stantler\n|-damage|p1b: Palafin|79\/100 par|[from] Recoil\n|\n|upkeep\n|\n|t:|1682536789\n|switch|p2a: Amoonguss|Amoonguss, L50, F|43\/100\n|turn|15\n|\n|t:|1682536809\n|switch|p2a: Annihilape|Annihilape, L50, M, tera:Fire|100\/100 slp\n|move|p2b: Ting-Lu|Payback|p1b: Palafin\n|-damage|p1b: Palafin|56\/100 par\n|cant|p1b: Palafin|par\n|move|p1a: Amoonguss|Spore|p2b: Ting-Lu\n|-status|p2b: Ting-Lu|slp|[from] move: Spore\n|\n|upkeep\n|turn|16\n|\n|t:|1682536825\n|cant|p2a: Annihilape|slp\n|cant|p2b: Ting-Lu|slp\n|move|p1b: Palafin|Wave Crash|p2b: Ting-Lu\n|-supereffective|p2b: Ting-Lu\n|-damage|p2b: Ting-Lu|0 fnt\n|faint|p2b: Ting-Lu\n|-damage|p1b: Palafin|11\/100 par|[from] Recoil\n|move|p1a: Amoonguss|Pollen Puff|p1b: Palafin\n|-heal|p1b: Palafin|61\/100 par\n|\n|upkeep\n|\n|t:|1682536835\n|switch|p2b: Amoonguss|Amoonguss, L50, F|76\/100\n|turn|17\n|\n|t:|1682536847\n|move|p2b: Amoonguss|Rage Powder|p2b: Amoonguss\n|-singleturn|p2b: Amoonguss|move: Rage Powder\n|move|p1b: Palafin|Jet Punch|p2b: Amoonguss\n|-resisted|p2b: Amoonguss\n|-damage|p2b: Amoonguss|48\/100\n|cant|p2a: Annihilape|slp\n|move|p1a: Amoonguss|Pollen Puff|p1b: Palafin\n|-heal|p1b: Palafin|100\/100 par\n|\n|upkeep\n|turn|18\n|\n|t:|1682536859\n|move|p1b: Palafin|Protect|p1b: Palafin\n|-singleturn|p1b: Palafin|Protect\n|move|p2b: Amoonguss|Rage Powder|p2b: Amoonguss\n|-singleturn|p2b: Amoonguss|move: Rage Powder\n|cant|p2a: Annihilape|slp\n|move|p1a: Amoonguss|Spore|p2a: Annihilape\n|-fail|p2a: Annihilape|slp\n|\n|upkeep\n|turn|19\n|\n|t:|1682536869\n|move|p2b: Amoonguss|Protect|p2b: Amoonguss\n|-singleturn|p2b: Amoonguss|Protect\n|-curestatus|p2a: Annihilape|slp|[msg]\n|move|p2a: Annihilape|Rage Fist|p1b: Palafin\n|-damage|p1b: Palafin|79\/100 par\n|move|p1b: Palafin|Wave Crash|p2b: Amoonguss\n|-activate|p2b: Amoonguss|move: Protect\n|move|p1a: Amoonguss|Spore|p2a: Annihilape\n|-status|p2a: Annihilape|slp|[from] move: Spore\n|\n|upkeep\n|turn|20\n|inactive|MC_Conqueror has 30 seconds left.\n|\n|t:|1682536896\n|move|p2b: Amoonguss|Rage Powder|p2b: Amoonguss\n|-singleturn|p2b: Amoonguss|move: Rage Powder\n|cant|p2a: Annihilape|slp\n|cant|p1b: Palafin|par\n|move|p1a: Amoonguss|Pollen Puff|p1b: Palafin\n|-heal|p1b: Palafin|100\/100 par\n|\n|upkeep\n|turn|21\n|c|\u2606Metallicmadness|Lol this is a long vgc match\n|\n|t:|1682536913\n|move|p2b: Amoonguss|Protect|p2b: Amoonguss\n|-singleturn|p2b: Amoonguss|Protect\n|move|p1a: Amoonguss|Rage Powder|p1a: Amoonguss\n|-singleturn|p1a: Amoonguss|move: Rage Powder\n|cant|p2a: Annihilape|slp\n|move|p1b: Palafin|Wave Crash|p2b: Amoonguss\n|-activate|p2b: Amoonguss|move: Protect\n|\n|upkeep\n|turn|22\n|c|\u2606MC_Conqueror|longest ive had before is 50 turns\n|c|\u2606MC_Conqueror|dozo v dozo\n|c|\u2606MC_Conqueror|both with rest\n|c|\u2606Metallicmadness|Lol toxic\n|\n|t:|1682536934\n|move|p2b: Amoonguss|Rage Powder|p2b: Amoonguss\n|-singleturn|p2b: Amoonguss|move: Rage Powder\n|move|p1a: Amoonguss|Rage Powder|p1a: Amoonguss\n|-singleturn|p1a: Amoonguss|move: Rage Powder\n|-curestatus|p2a: Annihilape|slp|[msg]\n|move|p2a: Annihilape|Drain Punch|p1a: Amoonguss\n|-resisted|p1a: Amoonguss\n|-damage|p1a: Amoonguss|87\/100\n|move|p1b: Palafin|Wave Crash|p2b: Amoonguss\n|-resisted|p2b: Amoonguss\n|-damage|p2b: Amoonguss|0 fnt\n|faint|p2b: Amoonguss\n|-damage|p1b: Palafin|83\/100 par|[from] Recoil\n|\n|upkeep\n|turn|23\n|\n|t:|1682536947\n|cant|p1b: Palafin|par\n|move|p2a: Annihilape|Drain Punch|p1b: Palafin\n|-damage|p1b: Palafin|49\/100 par\n|move|p1a: Amoonguss|Spore|p2a: Annihilape\n|-status|p2a: Annihilape|slp|[from] move: Spore\n|\n|upkeep\n|turn|24\n|\n|t:|1682536955\n|cant|p2a: Annihilape|slp\n|move|p1b: Palafin|Wave Crash|p2a: Annihilape\n|-supereffective|p2a: Annihilape\n|-damage|p2a: Annihilape|0 fnt\n|faint|p2a: Annihilape\n|-damage|p1b: Palafin|11\/100 par|[from] Recoil\n|\n|win|Metallicmadness\n|raw|Metallicmadness's rating: 1317 → 1336<\/strong> (+19 for winning)\n|raw|MC_Conqueror's rating: 1301 → 1282<\/strong> (-19 for losing)\n|c|\u2606Metallicmadness|Gg\n","uploadtime":1682536965,"views":10,"p1id":"metallicmadness","p2id":"mcconqueror","formatid":"gen9vgc2023regulationc","rating":1282,"private":0,"password":""}