{"id":"gen9vgc2023regulationc-1862256475","p1":"jamez10","p2":"labmonjo1210","format":"[Gen 9] VGC 2023 Regulation C","log":"|j|\u2606jamez10\n|j|\u2606labmonjo1210\n|t:|1683855875\n|gametype|doubles\n|player|p1|jamez10|1|\n|player|p2|labmonjo1210|101|\n|teamsize|p1|6\n|teamsize|p2|6\n|gen|9\n|tier|[Gen 9] VGC 2023 Regulation C\n|rule|Species Clause: Limit one of each Pok\u00e9mon\n|rule|Item Clause: Limit one of each item\n|clearpoke\n|poke|p1|Palafin, L50, M|\n|poke|p1|Rabsca, L50, M|\n|poke|p1|Iron Bundle, L50|\n|poke|p1|Bronzong, L50|\n|poke|p1|Raichu, L50, F|\n|poke|p1|Iron Jugulis, L50|\n|poke|p2|Armarouge, L50, M|\n|poke|p2|Gastrodon, L50, M|\n|poke|p2|Roaring Moon, L50|\n|poke|p2|Iron Moth, L50|\n|poke|p2|Cetitan, L50, M|\n|poke|p2|Pelipper, L50, M|\n|teampreview|4\n|j| CluelessGamer18\n|j| lethalpilot\n|j| tomciv20\n|j| Fred122\n|j| SuperToad916\n|\n|t:|1683855907\n|start\n|switch|p1a: Palafin|Palafin, L50, M|100\/100\n|switch|p1b: Iron Bundle|Iron Bundle, L50|100\/100\n|switch|p2a: Pepe|Pelipper, L50, M|100\/100\n|switch|p2b: Glorpis|Gastrodon, L50, M, shiny|100\/100\n|-weather|RainDance|[from] ability: Drizzle|[of] p2a: Pepe\n|turn|1\n|j| JJ22FTW\n|c| lethalpilot|who are you fred112\n|c|\u2606labmonjo1210|I have no idea who that is\n|c| lethalpilot|go\n|\n|t:|1683855979\n|detailschange|p1a: Palafin|Palafin-Hero, L50, M\n|switch|p1a: Bronzong|Bronzong, L50|100\/100\n|move|p1b: Iron Bundle|Freeze-Dry|p2a: Pepe\n|-supereffective|p2a: Pepe\n|-damage|p2a: Pepe|0 fnt\n|faint|p2a: Pepe\n|-damage|p1b: Iron Bundle|91\/100|[from] item: Life Orb\n|move|p2b: Glorpis|Earthquake|p1a: Bronzong|[spread] p1b\n|-immune|p1a: Bronzong|[from] ability: Levitate\n|-damage|p1b: Iron Bundle|62\/100\n|\n|-weather|RainDance|[upkeep]\n|upkeep\n|c|\u2606jamez10|sup fred\n|\n|t:|1683855991\n|switch|p2a: Intigua|Roaring Moon, L50, shiny|100\/100\n|-enditem|p2a: Intigua|Booster Energy\n|-activate|p2a: Intigua|ability: Protosynthesis|[fromitem]\n|-start|p2a: Intigua|protosynthesisatk\n|turn|2\n|\n|t:|1683856044\n|switch|p2b: Phillip DeFranco|Iron Moth, L50|100\/100\n|move|p1b: Iron Bundle|Freeze-Dry|p2b: Phillip DeFranco\n|-resisted|p2b: Phillip DeFranco\n|-damage|p2b: Phillip DeFranco|75\/100\n|-damage|p1b: Iron Bundle|52\/100|[from] item: Life Orb\n|move|p2a: Intigua|Throat Chop|p1b: Iron Bundle\n|-damage|p1b: Iron Bundle|0 fnt\n|faint|p1b: Iron Bundle\n|-end|p1b: Iron Bundle|Quark Drive|[silent]\n|move|p1a: Bronzong|Trick Room|p1a: Bronzong\n|-fieldstart|move: Trick Room|[of] p1a: Bronzong\n|\n|-weather|RainDance|[upkeep]\n|upkeep\n|\n|t:|1683856058\n|switch|p1b: Palafin|Palafin-Hero, L50, M|100\/100\n|-activate|p1b: Palafin|ability: Zero to Hero\n|turn|3\n|\n|t:|1683856076\n|-end|p2b: Phillip DeFranco|Quark Drive|[silent]\n|switch|p2b: Glorpis|Gastrodon, L50, M, shiny|100\/100\n|-terastallize|p1b: Palafin|Water\n|move|p1b: Palafin|Jet Punch|p2b: Glorpis\n|-ability|p2b: Glorpis|Storm Drain|boost\n|-boost|p2b: Glorpis|spa|1\n|move|p1a: Bronzong|Ice Spinner|p2a: Intigua\n|-supereffective|p2a: Intigua\n|-damage|p2a: Intigua|55\/100\n|move|p2a: Intigua|Acrobatics|p1b: Palafin\n|-damage|p1b: Palafin|52\/100\n|\n|-weather|RainDance|[upkeep]\n|upkeep\n|turn|4\n|\n|t:|1683856111\n|move|p1a: Bronzong|Ice Spinner|p2b: Glorpis\n|-crit|p2b: Glorpis\n|-damage|p2b: Glorpis|76\/100\n|move|p2b: Glorpis|Ice Beam|p1b: Palafin\n|-resisted|p1b: Palafin\n|-damage|p1b: Palafin|38\/100\n|move|p1b: Palafin|Drain Punch|p2a: Intigua\n|-supereffective|p2a: Intigua\n|-damage|p2a: Intigua|0 fnt\n|-heal|p1b: Palafin|62\/100|[from] drain|[of] p2a: Intigua\n|faint|p2a: Intigua\n|-end|p2a: Intigua|Protosynthesis|[silent]\n|\n|-weather|RainDance|[upkeep]\n|upkeep\n|\n|t:|1683856119\n|switch|p2a: Phillip DeFranco|Iron Moth, L50|75\/100\n|turn|5\n|\n|t:|1683856152\n|switch|p1b: Rabsca|Rabsca, L50, M|100\/100\n|move|p1a: Bronzong|Protect|p1a: Bronzong\n|-singleturn|p1a: Bronzong|Protect\n|move|p2b: Glorpis|Ice Beam|p1b: Rabsca\n|-damage|p1b: Rabsca|76\/100\n|move|p2a: Phillip DeFranco|Air Slash|p1b: Rabsca\n|-supereffective|p1b: Rabsca\n|-crit|p1b: Rabsca\n|-damage|p1b: Rabsca|18\/100\n|\n|-weather|none\n|upkeep\n|turn|6\n|\n|t:|1683856170\n|move|p1a: Bronzong|Ice Spinner|p2b: Glorpis\n|-crit|p2b: Glorpis\n|-damage|p2b: Glorpis|52\/100\n|move|p2b: Glorpis|Ice Beam|p1b: Rabsca\n|-damage|p1b: Rabsca|0 fnt\n|faint|p1b: Rabsca\n|move|p2a: Phillip DeFranco|Heat Wave|p1a: Bronzong\n|-supereffective|p1a: Bronzong\n|-damage|p1a: Bronzong|17\/100\n|\n|-heal|p1a: Bronzong|22\/100|[from] item: Leftovers\n|-fieldend|move: Trick Room\n|upkeep\n|\n|t:|1683856183\n|switch|p1b: Palafin|Palafin-Hero, L50, M, tera:Water|62\/100\n|turn|7\n|\n|t:|1683856203\n|move|p1b: Palafin|Protect|p1b: Palafin\n|-singleturn|p1b: Palafin|Protect\n|move|p2a: Phillip DeFranco|Heat Wave|p1a: Bronzong|[spread] \n|-activate|p1b: Palafin|move: Protect\n|-miss|p2a: Phillip DeFranco|p1a: Bronzong\n|move|p2b: Glorpis|Ice Beam|p1b: Palafin\n|-activate|p1b: Palafin|move: Protect\n|move|p1a: Bronzong|Ice Spinner|p2b: Glorpis\n|-damage|p2b: Glorpis|35\/100\n|\n|-heal|p1a: Bronzong|28\/100|[from] item: Leftovers\n|upkeep\n|turn|8\n|\n|t:|1683856236\n|move|p1a: Bronzong|Protect|p1a: Bronzong\n|-singleturn|p1a: Bronzong|Protect\n|move|p2a: Phillip DeFranco|Heat Wave|p1a: Bronzong|[spread] p1b\n|-activate|p1a: Bronzong|move: Protect\n|-resisted|p1b: Palafin\n|-damage|p1b: Palafin|41\/100\n|move|p1b: Palafin|Drain Punch|p2b: Glorpis\n|-damage|p2b: Glorpis|6\/100\n|-heal|p1b: Palafin|57\/100|[from] drain|[of] p2b: Glorpis\n|-enditem|p2b: Glorpis|Figy Berry|[eat]\n|-heal|p2b: Glorpis|39\/100|[from] item: Figy Berry\n|move|p2b: Glorpis|Recover|p2b: Glorpis\n|-heal|p2b: Glorpis|89\/100\n|\n|-heal|p1a: Bronzong|34\/100|[from] item: Leftovers\n|upkeep\n|turn|9\n|inactive|Battle timer is ON: inactive players will automatically lose when time's up. (requested by jamez10)\n|\n|t:|1683856265\n|move|p2a: Phillip DeFranco|Heat Wave|p1a: Bronzong|[spread] p1a,p1b\n|-supereffective|p1a: Bronzong\n|-resisted|p1b: Palafin\n|-damage|p1a: Bronzong|0 fnt\n|-damage|p1b: Palafin|38\/100\n|faint|p1a: Bronzong\n|move|p1b: Palafin|Drain Punch|p2b: Glorpis\n|-damage|p2b: Glorpis|58\/100\n|-heal|p1b: Palafin|55\/100|[from] drain|[of] p2b: Glorpis\n|move|p2b: Glorpis|Ice Beam|p1b: Palafin\n|-resisted|p1b: Palafin\n|-damage|p1b: Palafin|40\/100\n|\n|upkeep\n|turn|10\n|inactive|labmonjo1210 has 30 seconds left.\n|inactive|labmonjo1210 has 20 seconds left.\n|inactive|labmonjo1210 has 15 seconds left.\n|inactive|labmonjo1210 has 10 seconds left.\n|inactive|labmonjo1210 has 5 seconds left.\n|c| JJ22FTW|bro just play\n|\n|t:|1683856320\n|move|p2a: Phillip DeFranco|Heat Wave|p1b: Palafin\n|-resisted|p1b: Palafin\n|-damage|p1b: Palafin|11\/100\n|move|p1b: Palafin|Drain Punch|p2b: Glorpis\n|-damage|p2b: Glorpis|29\/100\n|-heal|p1b: Palafin|27\/100|[from] drain|[of] p2b: Glorpis\n|move|p2b: Glorpis|Surf|p1b: Palafin|[spread] p2a,p1b\n|-supereffective|p2a: Phillip DeFranco\n|-resisted|p1b: Palafin\n|-damage|p2a: Phillip DeFranco|2\/100\n|-damage|p1b: Palafin|9\/100\n|\n|upkeep\n|turn|11\n|\n|t:|1683856336\n|move|p1b: Palafin|Protect|p1b: Palafin\n|-singleturn|p1b: Palafin|Protect\n|move|p2a: Phillip DeFranco|Bug Buzz|p1b: Palafin\n|-activate|p1b: Palafin|move: Protect\n|move|p2b: Glorpis|Ice Beam|p1b: Palafin\n|-activate|p1b: Palafin|move: Protect\n|\n|upkeep\n|turn|12\n|c|\u2606labmonjo1210|wife is here\n|c|\u2606labmonjo1210|have to tend to wife\n|c|\u2606labmonjo1210|busy\n|\n|t:|1683856355\n|move|p2a: Phillip DeFranco|Air Slash|p1b: Palafin\n|-damage|p1b: Palafin|0 fnt\n|faint|p1b: Palafin\n|\n|win|labmonjo1210\n|c| JJ22FTW|pokemon > wife\n|c| lethalpilot|almost threw\n|l| CluelessGamer18\n|l|\u2606jamez10\n|l| lethalpilot\n|l| Fred122\n|l|\u2606labmonjo1210\n|j|\u2606labmonjo1210\n|player|p2|labmonjo1210|101\n|l|\u2606labmonjo1210\n|player|p2|\n","uploadtime":1683856422,"views":11,"p1id":"jamez10","p2id":"labmonjo1210","formatid":"gen9vgc2023regulationc","rating":0,"private":0,"password":""}