{"id":"gen9vgc2023regulationc-1858755927","p1":"FFF213FFF","p2":"The Spicy Cigar","format":"[Gen 9] VGC 2023 Regulation C","log":"|j|\u203dFFF213FFF\n|j|\u2606The Spicy Cigar\n|t:|1683354660\n|gametype|doubles\n|player|p1|FFF213FFF|101|1038\n|player|p2|The Spicy Cigar|smasher|1022\n|teamsize|p1|6\n|teamsize|p2|6\n|gen|9\n|tier|[Gen 9] VGC 2023 Regulation C\n|rated|\n|rule|Species Clause: Limit one of each Pok\u00e9mon\n|rule|Item Clause: Limit one of each item\n|clearpoke\n|poke|p1|Iron Bundle, L50|\n|poke|p1|Kingambit, L50, M|\n|poke|p1|Maushold-Four, L50|\n|poke|p1|Gholdengo, L50|\n|poke|p1|Ceruledge, L50, F|\n|poke|p1|Gyarados, L50, F|\n|poke|p2|Chien-Pao, L50|\n|poke|p2|Scream Tail, L50|\n|poke|p2|Baxcalibur, L50, M|\n|poke|p2|Gholdengo, L50|\n|poke|p2|Annihilape, L50, F|\n|poke|p2|Talonflame, L50, M|\n|teampreview|4\n|inactive|Battle timer is ON: inactive players will automatically lose when time's up. (requested by FFF213FFF)\n|inactive|The Spicy Cigar has 60 seconds left.\n|\n|t:|1683354769\n|start\n|switch|p1a: Kingambit|Kingambit, L50, M, shiny|100\/100\n|switch|p1b: Iron Bundle|Iron Bundle, L50|100\/100\n|switch|p2a: Chien-Pao|Chien-Pao, L50|100\/100\n|switch|p2b: Talonflame|Talonflame, L50, M|100\/100\n|-ability|p2a: Chien-Pao|Sword of Ruin\n|-enditem|p1b: Iron Bundle|Booster Energy\n|-activate|p1b: Iron Bundle|ability: Quark Drive|[fromitem]\n|-start|p1b: Iron Bundle|quarkdrivespe\n|turn|1\n|inactive|The Spicy Cigar has 30 seconds left.\n|\n|t:|1683354797\n|switch|p1a: Ceruledge|Ceruledge, L50, F|100\/100\n|move|p2b: Talonflame|Tailwind|p2b: Talonflame\n|-sidestart|p2: The Spicy Cigar|move: Tailwind\n|move|p2a: Chien-Pao|Sacred Sword|p1a: Ceruledge\n|-immune|p1a: Ceruledge\n|move|p1b: Iron Bundle|Hydro Pump|p2a: Chien-Pao\n|-damage|p2a: Chien-Pao|13\/100\n|\n|upkeep\n|turn|2\n|\n|t:|1683354814\n|move|p2b: Talonflame|Brave Bird|p1a: Ceruledge\n|-damage|p1a: Ceruledge|0 fnt\n|faint|p1a: Ceruledge\n|-damage|p2b: Talonflame|62\/100|[from] Recoil\n|move|p2a: Chien-Pao|Sacred Sword|p1b: Iron Bundle\n|-supereffective|p1b: Iron Bundle\n|-damage|p1b: Iron Bundle|0 fnt\n|faint|p1b: Iron Bundle\n|-end|p1b: Iron Bundle|Quark Drive|[silent]\n|\n|upkeep\n|\n|t:|1683354824\n|switch|p1b: Kingambit|Kingambit, L50, M, shiny|100\/100\n|switch|p1a: Gyarados|Gyarados, L50, F|100\/100\n|-ability|p1a: Gyarados|Intimidate|boost\n|-unboost|p2a: Chien-Pao|atk|1\n|-unboost|p2b: Talonflame|atk|1\n|turn|3\n|\n|t:|1683354838\n|move|p2a: Chien-Pao|Protect|p2a: Chien-Pao\n|-singleturn|p2a: Chien-Pao|Protect\n|move|p1b: Kingambit|Protect|p1b: Kingambit\n|-singleturn|p1b: Kingambit|Protect\n|move|p2b: Talonflame|Will-O-Wisp|p1b: Kingambit\n|-activate|p1b: Kingambit|move: Protect\n|move|p1a: Gyarados|Waterfall|p2a: Chien-Pao\n|-activate|p2a: Chien-Pao|move: Protect\n|\n|upkeep\n|turn|4\n|\n|t:|1683354861\n|switch|p2a: Scream Tail|Scream Tail, L50|100\/100\n|-enditem|p2a: Scream Tail|Booster Energy\n|-activate|p2a: Scream Tail|ability: Protosynthesis|[fromitem]\n|-start|p2a: Scream Tail|protosynthesisspe\n|-terastallize|p1b: Kingambit|Flying\n|move|p2b: Talonflame|Protect|p2b: Talonflame\n|-singleturn|p2b: Talonflame|Protect\n|move|p1a: Gyarados|Waterfall|p2a: Scream Tail\n|-damage|p2a: Scream Tail|72\/100\n|move|p1b: Kingambit|Swords Dance|p1b: Kingambit\n|-boost|p1b: Kingambit|atk|2\n|\n|-sideend|p2: The Spicy Cigar|move: Tailwind\n|upkeep\n|turn|5\n|\n|t:|1683354881\n|move|p1b: Kingambit|Sucker Punch||[still]\n|-fail|p1b: Kingambit\n|move|p2a: Scream Tail|Encore|p1b: Kingambit\n|-start|p1b: Kingambit|Encore\n|move|p2b: Talonflame|Tailwind|p2b: Talonflame\n|-sidestart|p2: The Spicy Cigar|move: Tailwind\n|move|p1a: Gyarados|Thunder Wave|p2a: Scream Tail\n|-status|p2a: Scream Tail|par\n|\n|upkeep\n|turn|6\n|\n|t:|1683354893\n|move|p1b: Kingambit|Sucker Punch||[still]\n|-fail|p1b: Kingambit\n|move|p2b: Talonflame|Brave Bird|p1a: Gyarados\n|-damage|p1a: Gyarados|60\/100\n|-damage|p2b: Talonflame|46\/100|[from] Recoil\n|move|p2a: Scream Tail|Disable|p1b: Kingambit\n|-start|p1b: Kingambit|Disable|Sucker Punch\n|move|p1a: Gyarados|Thunder Wave|p2b: Talonflame\n|-status|p2b: Talonflame|par\n|\n|upkeep\n|turn|7\n|\n|t:|1683354909\n|move|p2a: Scream Tail|Encore|p1a: Gyarados\n|-start|p1a: Gyarados|Encore\n|move|p2b: Talonflame|Brave Bird|p1b: Kingambit\n|-damage|p1b: Kingambit|72\/100\n|-damage|p2b: Talonflame|34\/100 par|[from] Recoil\n|move|p1a: Gyarados|Thunder Wave|p2b: Talonflame\n|-fail|p2b: Talonflame|par\n|-activate|p1b: Kingambit|move: Struggle\n|move|p1b: Kingambit|Struggle|p2b: Talonflame\n|-damage|p2b: Talonflame|0 fnt\n|faint|p2b: Talonflame\n|-damage|p1b: Kingambit|47\/100|[from] recoil\n|\n|upkeep\n|\n|t:|1683354922\n|switch|p2b: Baxcalibur|Baxcalibur, L50, M|100\/100\n|turn|8\n|\n|t:|1683354935\n|cant|p2a: Scream Tail|par\n|move|p2b: Baxcalibur|Icicle Crash|p1b: Kingambit\n|-supereffective|p1b: Kingambit\n|-damage|p1b: Kingambit|0 fnt\n|faint|p1b: Kingambit\n|move|p1a: Gyarados|Thunder Wave|p2b: Baxcalibur\n|-status|p2b: Baxcalibur|par\n|\n|-sideend|p2: The Spicy Cigar|move: Tailwind\n|upkeep\n|turn|9\n|inactive|The Spicy Cigar has 30 seconds left.\n|\n|t:|1683354960\n|cant|p2a: Scream Tail|par\n|move|p1a: Gyarados|Thunder Wave|p2a: Scream Tail\n|-fail|p2a: Scream Tail|par\n|move|p2b: Baxcalibur|Icicle Crash|p1a: Gyarados\n|-damage|p1a: Gyarados|2\/100\n|-enditem|p1a: Gyarados|Sitrus Berry|[eat]\n|-heal|p1a: Gyarados|26\/100|[from] item: Sitrus Berry\n|\n|-end|p1a: Gyarados|Encore\n|upkeep\n|turn|10\n|\n|t:|1683354977\n|move|p2b: Baxcalibur|Ice Shard|p1a: Gyarados\n|-damage|p1a: Gyarados|0 fnt\n|faint|p1a: Gyarados\n|\n|win|The Spicy Cigar\n|raw|FFF213FFF's rating: 1038 → 1022<\/strong> (-16 for losing)\n|raw|The Spicy Cigar's rating: 1022 → 1060<\/strong> (+38 for winning)\n|l|\u203dFFF213FFF\n","uploadtime":1683354983,"views":9,"p1id":"fff213fff","p2id":"thespicycigar","formatid":"gen9vgc2023regulationc","rating":1022,"private":0,"password":""}