{"id":"gen9vgc2023regulationc-1849402319","p1":"Kush_Fairy_dust","p2":"TJRaynes","format":"[Gen 9] VGC 2023 Regulation C","log":"|j|\u2606Kush_Fairy_dust\n|j|\u2606TJRaynes\n|t:|1682194449\n|gametype|doubles\n|player|p1|Kush_Fairy_dust|grimsley|1106\n|player|p2|TJRaynes|marley|1158\n|teamsize|p1|6\n|teamsize|p2|6\n|gen|9\n|tier|[Gen 9] VGC 2023 Regulation C\n|rated|\n|rule|Species Clause: Limit one of each Pok\u00e9mon\n|rule|Item Clause: Limit one of each item\n|clearpoke\n|poke|p1|Chien-Pao, L50|\n|poke|p1|Roaring Moon, L50|\n|poke|p1|Iron Bundle, L50|\n|poke|p1|Chi-Yu, L50|\n|poke|p1|Ting-Lu, L50|\n|poke|p1|Great Tusk, L50|\n|poke|p2|Talonflame, L50, F|\n|poke|p2|Garchomp, L50, F|\n|poke|p2|Pachirisu, L50, M|\n|poke|p2|Gyarados, L50, F|\n|poke|p2|Breloom, L50, M|\n|poke|p2|Bronzong, L50|\n|teampreview|4\nTJRaynes has agreed to open team sheets.\n|\n|t:|1682194488\n|start\n|switch|p1a: Roaring Moon|Roaring Moon, L50|100\/100\n|switch|p1b: Chi-Yu|Chi-Yu, L50|100\/100\n|switch|p2a: Talonflame|Talonflame, L50, F|100\/100\n|switch|p2b: Breloom|Breloom, L50, M|100\/100\n|-ability|p1b: Chi-Yu|Beads of Ruin\n|turn|1\n|\n|t:|1682194513\n|move|p2b: Breloom|Protect|p2b: Breloom\n|-singleturn|p2b: Breloom|Protect\n|move|p2a: Talonflame|Will-O-Wisp|p1a: Roaring Moon\n|-status|p1a: Roaring Moon|brn\n|move|p1b: Chi-Yu|Heat Wave|p2a: Talonflame|[spread] p2a\n|-activate|p2b: Breloom|move: Protect\n|-resisted|p2a: Talonflame\n|-damage|p2a: Talonflame|41\/100\n|-damage|p1b: Chi-Yu|91\/100|[from] item: Life Orb\n|move|p1a: Roaring Moon|Rock Slide|p2a: Talonflame|[spread] p2a\n|-activate|p2b: Breloom|move: Protect\n|-supereffective|p2a: Talonflame\n|-damage|p2a: Talonflame|0 fnt\n|faint|p2a: Talonflame\n|\n|-damage|p1a: Roaring Moon|95\/100 brn|[from] brn\n|upkeep\n|\n|t:|1682194529\n|switch|p2a: Garchomp|Garchomp, L50, F|100\/100\n|turn|2\n|\n|t:|1682194537\n|move|p1b: Chi-Yu|Protect|p1b: Chi-Yu\n|-singleturn|p1b: Chi-Yu|Protect\n|move|p2b: Breloom|Mach Punch|p1b: Chi-Yu\n|-activate|p1b: Chi-Yu|move: Protect\n|move|p1a: Roaring Moon|Earthquake|p2a: Garchomp|[spread] p2a,p2b\n|-activate|p1b: Chi-Yu|move: Protect\n|-resisted|p2b: Breloom\n|-damage|p2a: Garchomp|87\/100\n|-damage|p2b: Breloom|91\/100\n|move|p2a: Garchomp|Swords Dance|p2a: Garchomp\n|-boost|p2a: Garchomp|atk|2\n|\n|-damage|p1a: Roaring Moon|89\/100 brn|[from] brn\n|upkeep\n|turn|3\n|\n|t:|1682194556\n|move|p2b: Breloom|Mach Punch|p1b: Chi-Yu\n|-supereffective|p1b: Chi-Yu\n|-damage|p1b: Chi-Yu|0 fnt\n|faint|p1b: Chi-Yu\n|-damage|p2b: Breloom|82\/100|[from] item: Life Orb\n|move|p1a: Roaring Moon|Iron Head|p2a: Garchomp\n|-damage|p2a: Garchomp|73\/100\n|-damage|p1a: Roaring Moon|77\/100 brn|[from] ability: Rough Skin|[of] p2a: Garchomp\n|cant|p2a: Garchomp|flinch\n|\n|-damage|p1a: Roaring Moon|71\/100 brn|[from] brn\n|upkeep\n|\n|t:|1682194571\n|switch|p1b: Iron Bundle|Iron Bundle, L50|100\/100\n|turn|4\n|\n|t:|1682194581\n|move|p2b: Breloom|Mach Punch|p1b: Iron Bundle\n|-supereffective|p1b: Iron Bundle\n|-damage|p1b: Iron Bundle|0 fnt\n|faint|p1b: Iron Bundle\n|-end|p1b: Iron Bundle|Quark Drive|[silent]\n|-damage|p2b: Breloom|72\/100|[from] item: Life Orb\n|move|p1a: Roaring Moon|Iron Head|p2a: Garchomp\n|-damage|p2a: Garchomp|59\/100\n|-damage|p1a: Roaring Moon|59\/100 brn|[from] ability: Rough Skin|[of] p2a: Garchomp\n|cant|p2a: Garchomp|flinch\n|\n|-damage|p1a: Roaring Moon|53\/100 brn|[from] brn\n|upkeep\n|\n|t:|1682194595\n|switch|p1b: Great Tusk|Great Tusk, L50|100\/100\n|turn|5\n|\n|t:|1682194610\n|move|p2b: Breloom|Mach Punch|p1a: Roaring Moon\n|-supereffective|p1a: Roaring Moon\n|-damage|p1a: Roaring Moon|0 fnt\n|faint|p1a: Roaring Moon\n|-end|p1a: Roaring Moon|Protosynthesis|[silent]\n|-damage|p2b: Breloom|63\/100|[from] item: Life Orb\n|move|p1b: Great Tusk|Ice Spinner|p2b: Breloom\n|-supereffective|p2b: Breloom\n|-damage|p2b: Breloom|0 fnt\n|faint|p2b: Breloom\n|move|p2a: Garchomp|Stomping Tantrum|p1b: Great Tusk\n|-damage|p1b: Great Tusk|0 fnt\n|faint|p1b: Great Tusk\n|-end|p1b: Great Tusk|Protosynthesis|[silent]\n|\n|win|TJRaynes\n|raw|Kush_Fairy_dust's rating: 1106 → 1085<\/strong> (-21 for losing)\n|raw|TJRaynes's rating: 1158 → 1179<\/strong> (+21 for winning)\n|l|\u2606Kush_Fairy_dust\n","uploadtime":1682194624,"views":8,"p1id":"kushfairydust","p2id":"tjraynes","formatid":"gen9vgc2023regulationc","rating":1085,"private":0,"password":""}