{"id":"gen9vgc2023regulationc-1846600230","p1":"t0rchlit","p2":"SavannahVGC","format":"[Gen 9] VGC 2023 Regulation C","log":"|j|\u2606t0rchlit\n|j|\u2606SavannahVGC\n|t:|1681855886\n|gametype|doubles\n|player|p1|t0rchlit|lady-gen4|1352\n|player|p2|SavannahVGC|bruno|1373\n|teamsize|p1|6\n|teamsize|p2|6\n|gen|9\n|tier|[Gen 9] VGC 2023 Regulation C\n|rated|\n|rule|Species Clause: Limit one of each Pok\u00e9mon\n|rule|Item Clause: Limit one of each item\n|clearpoke\n|poke|p1|Flutter Mane, L50|\n|poke|p1|Arcanine, L50, M|\n|poke|p1|Palafin, L50, F|\n|poke|p1|Amoonguss, L50, F|\n|poke|p1|Lycanroc, L50, M|\n|poke|p1|Tyranitar, L50, M|\n|poke|p2|Flutter Mane, L50|\n|poke|p2|Amoonguss, L50, M|\n|poke|p2|Arcanine, L50, M|\n|poke|p2|Palafin, L50, M|\n|poke|p2|Dragonite, L50, M|\n|poke|p2|Chien-Pao, L50|\n|teampreview|4\n|inactive|Battle timer is ON: inactive players will automatically lose when time's up. (requested by SavannahVGC)\nt0rchlit has agreed to open team sheets.\nSavannahVGC has agreed to open team sheets.\n|inactive|t0rchlit has 60 seconds left.\n|inactive|SavannahVGC has 60 seconds left.\n|\n|t:|1681855946\n|start\n|switch|p1a: Strength|Tyranitar, L50, M|100\/100\n|switch|p1b: Justice|Palafin, L50, F|100\/100\n|switch|p2a: Prince Haaland|Palafin, L50, M, shiny|100\/100\n|switch|p2b: INU|Arcanine, L50, M|100\/100\n|-ability|p2b: INU|Intimidate|boost\n|-unboost|p1a: Strength|atk|1\n|-unboost|p1b: Justice|atk|1\n|-weather|Sandstorm|[from] ability: Sand Stream|[of] p1a: Strength\n|turn|1\n|inactive|t0rchlit has 30 seconds left.\n|\n|t:|1681855972\n|-terastallize|p2a: Prince Haaland|Water\n|move|p1b: Justice|Wave Crash|p2b: INU\n|-supereffective|p2b: INU\n|-damage|p2b: INU|19\/100\n|-damage|p1b: Justice|73\/100|[from] Recoil\n|move|p2b: INU|Flare Blitz|p1a: Strength\n|-resisted|p1a: Strength\n|-damage|p1a: Strength|84\/100\n|-damage|p2b: INU|13\/100|[from] Recoil\n|move|p2a: Prince Haaland|Wave Crash|p1a: Strength\n|-supereffective|p1a: Strength\n|-damage|p1a: Strength|0 fnt\n|faint|p1a: Strength\n|-damage|p2a: Prince Haaland|72\/100|[from] Recoil\n|\n|-weather|Sandstorm|[upkeep]\n|-damage|p1b: Justice|67\/100|[from] Sandstorm\n|-damage|p2a: Prince Haaland|66\/100|[from] Sandstorm\n|upkeep\n|\n|t:|1681855992\n|switch|p1a: Flutter Mane|Flutter Mane, L50|100\/100\n|-enditem|p1a: Flutter Mane|Booster Energy\n|-activate|p1a: Flutter Mane|ability: Protosynthesis|[fromitem]\n|-start|p1a: Flutter Mane|protosynthesisspa\n|turn|2\n|\n|t:|1681856017\n|detailschange|p2a: Prince Haaland|Palafin-Hero, L50, M, shiny, tera:Water\n|switch|p2a: Jesse Gong|Amoonguss, L50, M, shiny|100\/100\n|move|p1a: Flutter Mane|Protect|p1a: Flutter Mane\n|-singleturn|p1a: Flutter Mane|Protect\n|move|p2b: INU|Protect|p2b: INU\n|-singleturn|p2b: INU|Protect\n|move|p1b: Justice|Jet Punch|p2b: INU\n|-activate|p2b: INU|move: Protect\n|\n|-weather|Sandstorm|[upkeep]\n|-damage|p1a: Flutter Mane|95\/100|[from] Sandstorm\n|-damage|p1b: Justice|61\/100|[from] Sandstorm\n|-damage|p2a: Jesse Gong|95\/100|[from] Sandstorm\n|upkeep\n|turn|3\n|\n|t:|1681856038\n|detailschange|p1b: Justice|Palafin-Hero, L50, F\n|switch|p1b: Amoongsus|Amoonguss, L50, F|100\/100\n|move|p2b: INU|Extreme Speed|p1b: Amoongsus\n|-damage|p1b: Amoongsus|78\/100\n|move|p1a: Flutter Mane|Dazzling Gleam|p2b: INU|[spread] p2a,p2b\n|-resisted|p2a: Jesse Gong\n|-resisted|p2b: INU\n|-damage|p2a: Jesse Gong|77\/100\n|-damage|p2b: INU|0 fnt\n|faint|p2b: INU\n|move|p2a: Jesse Gong|Spore|p1a: Flutter Mane\n|-status|p1a: Flutter Mane|slp|[from] move: Spore\n|\n|-weather|Sandstorm|[upkeep]\n|-damage|p1a: Flutter Mane|89\/100 slp|[from] Sandstorm\n|-damage|p2a: Jesse Gong|71\/100|[from] Sandstorm\n|-damage|p1b: Amoongsus|72\/100|[from] Sandstorm\n|upkeep\n|inactive|SavannahVGC has 30 seconds left.\n|\n|t:|1681856064\n|switch|p2b: Prince Haaland|Palafin-Hero, L50, M, shiny, tera:Water|66\/100\n|-activate|p2b: Prince Haaland|ability: Zero to Hero\n|turn|4\n|\n|t:|1681856081\n|-end|p1a: Flutter Mane|Protosynthesis|[silent]\n|switch|p1a: Justice|Palafin-Hero, L50, F|61\/100\n|-activate|p1a: Justice|ability: Zero to Hero\n|move|p2b: Prince Haaland|Wave Crash|p1a: Justice\n|-resisted|p1a: Justice\n|-damage|p1a: Justice|0 fnt\n|faint|p1a: Justice\n|-damage|p2b: Prince Haaland|48\/100|[from] Recoil\n|move|p2a: Jesse Gong|Pollen Puff|p2b: Prince Haaland\n|-heal|p2b: Prince Haaland|98\/100\n|move|p1b: Amoongsus|Spore|p2b: Prince Haaland\n|-status|p2b: Prince Haaland|slp|[from] move: Spore\n|\n|-weather|Sandstorm|[upkeep]\n|-damage|p2b: Prince Haaland|92\/100 slp|[from] Sandstorm\n|-damage|p2a: Jesse Gong|65\/100|[from] Sandstorm\n|-damage|p1b: Amoongsus|67\/100|[from] Sandstorm\n|upkeep\n|\n|t:|1681856089\n|switch|p1a: Flutter Mane|Flutter Mane, L50|89\/100 slp\n|turn|5\n|\n|t:|1681856110\n|cant|p2b: Prince Haaland|slp\n|cant|p1a: Flutter Mane|slp\n|move|p2a: Jesse Gong|Pollen Puff|p1a: Flutter Mane\n|-resisted|p1a: Flutter Mane\n|-damage|p1a: Flutter Mane|85\/100 slp\n|move|p1b: Amoongsus|Pollen Puff|p2b: Prince Haaland\n|-damage|p2b: Prince Haaland|74\/100 slp\n|\n|-weather|none\n|upkeep\n|turn|6\n|\n|t:|1681856126\n|move|p2a: Jesse Gong|Rage Powder|p2a: Jesse Gong\n|-singleturn|p2a: Jesse Gong|move: Rage Powder\n|cant|p2b: Prince Haaland|slp\n|cant|p1a: Flutter Mane|slp\n|move|p1b: Amoongsus|Pollen Puff|p1a: Flutter Mane\n|-heal|p1a: Flutter Mane|100\/100 slp\n|\n|upkeep\n|turn|7\n|inactive|t0rchlit has 30 seconds left.\n|\n|t:|1681856159\n|move|p2a: Jesse Gong|Rage Powder|p2a: Jesse Gong\n|-singleturn|p2a: Jesse Gong|move: Rage Powder\n|-curestatus|p1a: Flutter Mane|slp|[msg]\n|move|p1a: Flutter Mane|Shadow Ball|p2a: Jesse Gong\n|-damage|p2a: Jesse Gong|29\/100\n|-unboost|p2a: Jesse Gong|spd|1\n|-enditem|p2a: Jesse Gong|Sitrus Berry|[eat]\n|-heal|p2a: Jesse Gong|54\/100|[from] item: Sitrus Berry\n|cant|p2b: Prince Haaland|slp\n|move|p1b: Amoongsus|Spore|p2b: Prince Haaland\n|-fail|p2b: Prince Haaland|slp\n|\n|upkeep\n|turn|8\n|inactive|t0rchlit has 30 seconds left.\n|inactive|SavannahVGC has 30 seconds left.\n|\n|t:|1681856192\n|move|p1a: Flutter Mane|Protect|p1a: Flutter Mane\n|-singleturn|p1a: Flutter Mane|Protect\n|move|p2a: Jesse Gong|Protect|p2a: Jesse Gong\n|-singleturn|p2a: Jesse Gong|Protect\n|-curestatus|p2b: Prince Haaland|slp|[msg]\n|move|p2b: Prince Haaland|Jet Punch|p1a: Flutter Mane\n|-activate|p1a: Flutter Mane|move: Protect\n|move|p1b: Amoongsus|Spore|p2b: Prince Haaland\n|-status|p2b: Prince Haaland|slp|[from] move: Spore\n|\n|upkeep\n|turn|9\n|\n|t:|1681856210\n|switch|p2b: Rosey|Flutter Mane, L50|100\/100\n|move|p1a: Flutter Mane|Shadow Ball|p2a: Jesse Gong\n|-damage|p2a: Jesse Gong|0 fnt\n|faint|p2a: Jesse Gong\n|move|p1b: Amoongsus|Pollen Puff|p2b: Rosey\n|-resisted|p2b: Rosey\n|-damage|p2b: Rosey|96\/100\n|\n|upkeep\n|\n|t:|1681856219\n|switch|p2a: Prince Haaland|Palafin-Hero, L50, M, shiny, tera:Water|74\/100 slp\n|turn|10\n|\n|t:|1681856231\n|-terastallize|p1a: Flutter Mane|Fairy\n|move|p2b: Rosey|Shadow Ball|p1b: Amoongsus\n|-damage|p1b: Amoongsus|27\/100\n|-enditem|p1b: Amoongsus|Sitrus Berry|[eat]\n|-heal|p1b: Amoongsus|52\/100|[from] item: Sitrus Berry\n|move|p1a: Flutter Mane|Dazzling Gleam|p2a: Prince Haaland|[spread] p2a,p2b\n|-damage|p2a: Prince Haaland|34\/100 slp\n|-damage|p2b: Rosey|53\/100\n|cant|p2a: Prince Haaland|slp\n|move|p1b: Amoongsus|Spore|p2b: Rosey\n|-status|p2b: Rosey|slp|[from] move: Spore\n|\n|upkeep\n|turn|11\n|-message|SavannahVGC forfeited.\n|\n|win|t0rchlit\n|raw|t0rchlit's rating: 1352 → 1373<\/strong> (+21 for winning)\n|raw|SavannahVGC's rating: 1373 → 1352<\/strong> (-21 for losing)\n|l|\u2606SavannahVGC\n|c|\u2606t0rchlit|gg\n","uploadtime":1681856278,"views":9,"p1id":"t0rchlit","p2id":"savannahvgc","formatid":"gen9vgc2023regulationc","rating":1352,"private":0,"password":""}