{"id":"gen9vgc2023regulationc-1846641834","p1":"abacatemistico","p2":"Eggzn","format":"[Gen 9] VGC 2023 Regulation C","log":"|j|\u2606abacatemistico\n|j|\u2606Eggzn\n|t:|1681860577\n|gametype|doubles\n|player|p1|abacatemistico|hilbert|1089\n|player|p2|Eggzn|1|1000\n|teamsize|p1|6\n|teamsize|p2|6\n|gen|9\n|tier|[Gen 9] VGC 2023 Regulation C\n|rated|\n|rule|Species Clause: Limit one of each Pok\u00e9mon\n|rule|Item Clause: Limit one of each item\n|clearpoke\n|poke|p1|Gothitelle, L50, M|\n|poke|p1|Flutter Mane, L50|\n|poke|p1|Amoonguss, L50, F|\n|poke|p1|Gyarados, L50, M|\n|poke|p1|Scream Tail, L50|\n|poke|p1|Annihilape, L50, M|\n|poke|p2|Chansey, L50, F|\n|poke|p2|Sudowoodo, L50, F|\n|poke|p2|Toedscruel, L50, F|\n|poke|p2|Quaquaval, L50, F|\n|poke|p2|Greedent, L50, M|\n|poke|p2|Brute Bonnet, L50|\n|teampreview|4\n|\n|t:|1681860593\n|start\n|switch|p1a: Flutter Mane|Flutter Mane, L50|100\/100\n|switch|p1b: Annihilape|Annihilape, L50, M|100\/100\n|switch|p2a: Chansey|Chansey, L50, F|100\/100\n|switch|p2b: Toedscruel|Toedscruel, L50, F|100\/100\n|turn|1\n|inactive|Battle timer is ON: inactive players will automatically lose when time's up. (requested by Eggzn)\n|\n|t:|1681860626\n|move|p1a: Flutter Mane|Moonblast|p2b: Toedscruel\n|-damage|p2b: Toedscruel|60\/100\n|-unboost|p2b: Toedscruel|spa|1\n|move|p1b: Annihilape|Close Combat|p2a: Chansey\n|-supereffective|p2a: Chansey\n|-damage|p2a: Chansey|0 fnt\n|-unboost|p1b: Annihilape|def|1\n|-unboost|p1b: Annihilape|spd|1\n|faint|p2a: Chansey\n|-damage|p1b: Annihilape|91\/100|[from] item: Life Orb\n|move|p2b: Toedscruel|Trick Room|p2b: Toedscruel\n|-fieldstart|move: Trick Room|[of] p2b: Toedscruel\n|\n|upkeep\n|\n|t:|1681860641\n|switch|p2a: Sudowoodo|Sudowoodo, L50, F, shiny|100\/100\n|turn|2\n|\n|t:|1681860653\n|-terastallize|p2a: Sudowoodo|Ghost\n|move|p1a: Flutter Mane|Protect|p1a: Flutter Mane\n|-singleturn|p1a: Flutter Mane|Protect\n|move|p2a: Sudowoodo|Rock Slide|p1b: Annihilape|[spread] \n|-activate|p1a: Flutter Mane|move: Protect\n|-miss|p2a: Sudowoodo|p1b: Annihilape\n|move|p1b: Annihilape|Close Combat|p2a: Sudowoodo\n|-immune|p2a: Sudowoodo\n|move|p2b: Toedscruel|Spore|p1a: Flutter Mane\n|-activate|p1a: Flutter Mane|move: Protect\n|\n|upkeep\n|turn|3\n|\n|t:|1681860670\n|move|p2a: Sudowoodo|Rock Slide|p1a: Flutter Mane|[spread] p1a,p1b\n|-resisted|p1b: Annihilape\n|-damage|p1a: Flutter Mane|41\/100\n|-damage|p1b: Annihilape|68\/100\n|move|p1b: Annihilape|Close Combat|p2b: Toedscruel\n|-damage|p2b: Toedscruel|0 fnt\n|-unboost|p1b: Annihilape|def|1\n|-unboost|p1b: Annihilape|spd|1\n|faint|p2b: Toedscruel\n|-damage|p1b: Annihilape|58\/100|[from] item: Life Orb\n|move|p1a: Flutter Mane|Shadow Ball|p2a: Sudowoodo\n|-supereffective|p2a: Sudowoodo\n|-ability|p2a: Sudowoodo|Sturdy\n|-damage|p2a: Sudowoodo|1\/100\n|-enditem|p2a: Sudowoodo|Weakness Policy\n|-boost|p2a: Sudowoodo|atk|2|[from] item: Weakness Policy\n|-boost|p2a: Sudowoodo|spa|2|[from] item: Weakness Policy\n|\n|upkeep\n|\n|t:|1681860686\n|switch|p2b: Greedent|Greedent, L50, M|100\/100\n|turn|4\n|\n|t:|1681860693\n|move|p1b: Annihilape|Protect|p1b: Annihilape\n|-singleturn|p1b: Annihilape|Protect\n|move|p2b: Greedent|Belly Drum|p2b: Greedent\n|-damage|p2b: Greedent|51\/100\n|-setboost|p2b: Greedent|atk|6|[from] move: Belly Drum\n|move|p2a: Sudowoodo|Rock Slide|p1b: Annihilape|[spread] p1a\n|-activate|p1b: Annihilape|move: Protect\n|-damage|p1a: Flutter Mane|0 fnt\n|faint|p1a: Flutter Mane\n|-end|p1a: Flutter Mane|Protosynthesis|[silent]\n|\n|upkeep\n|\n|t:|1681860705\n|switch|p1a: Scream Tail|Scream Tail, L50|100\/100\n|-enditem|p1a: Scream Tail|Booster Energy\n|-activate|p1a: Scream Tail|ability: Protosynthesis|[fromitem]\n|-start|p1a: Scream Tail|protosynthesisspe\n|turn|5\n|\n|t:|1681860722\n|move|p2b: Greedent|Seed Bomb|p1a: Scream Tail\n|-damage|p1a: Scream Tail|20\/100\n|move|p2a: Sudowoodo|Rock Slide|p1a: Scream Tail|[spread] p1a,p1b\n|-resisted|p1b: Annihilape\n|-damage|p1a: Scream Tail|0 fnt\n|-damage|p1b: Annihilape|0 fnt\n|faint|p1a: Scream Tail\n|-end|p1a: Scream Tail|Protosynthesis|[silent]\n|faint|p1b: Annihilape\n|\n|-fieldend|move: Trick Room\n|upkeep\n|\n|t:|1681860734\n|switch|p1a: Gyarados|Gyarados, L50, M|100\/100\n|-ability|p1a: Gyarados|Intimidate|boost\n|-unboost|p2a: Sudowoodo|atk|1\n|-unboost|p2b: Greedent|atk|1\n|turn|6\n|\n|t:|1681860747\n|move|p2a: Sudowoodo|Sucker Punch|p1a: Gyarados\n|-damage|p1a: Gyarados|65\/100\n|move|p1a: Gyarados|Earthquake|p2b: Greedent|[spread] p2a,p2b\n|-damage|p2a: Sudowoodo|0 fnt\n|-damage|p2b: Greedent|27\/100\n|faint|p2a: Sudowoodo\n|move|p2b: Greedent|Seed Bomb|p1a: Gyarados\n|-damage|p1a: Gyarados|0 fnt\n|faint|p1a: Gyarados\n|\n|win|Eggzn\n|raw|abacatemistico's rating: 1089 → 1060<\/strong> (-29 for losing)\n|raw|Eggzn's rating: 1000 → 1050<\/strong> (+50 for winning)\n|c|\u2606Eggzn|GG@\n|l|\u2606abacatemistico\n","uploadtime":1681860916,"views":9,"p1id":"abacatemistico","p2id":"eggzn","formatid":"gen9vgc2023regulationc","rating":1050,"private":0,"password":""}