{"id":"gen9vgc2023regulationc-1846220913","p1":"kokonat58","p2":"Kojiiii","format":"[Gen 9] VGC 2023 Regulation C","log":"|j|\u2606kokonat58\n|j|\u2606Kojiiii\n|t:|1681822671\n|gametype|doubles\n|player|p1|kokonat58|170|1222\n|player|p2|Kojiiii|101|1166\n|teamsize|p1|6\n|teamsize|p2|6\n|gen|9\n|tier|[Gen 9] VGC 2023 Regulation C\n|rated|\n|rule|Species Clause: Limit one of each Pok\u00e9mon\n|rule|Item Clause: Limit one of each item\n|clearpoke\n|poke|p1|Ting-Lu, L50|\n|poke|p1|Baxcalibur, L50, M|\n|poke|p1|Amoonguss, L50, F|\n|poke|p1|Flutter Mane, L50|\n|poke|p1|Arcanine, L50, M|\n|poke|p1|Palafin, L50, M|\n|poke|p2|Palafin, L50, F|\n|poke|p2|Amoonguss, L50, M|\n|poke|p2|Arcanine, L50, F|\n|poke|p2|Flutter Mane, L50|\n|poke|p2|Baxcalibur, L50, M|\n|poke|p2|Ting-Lu, L50|\n|teampreview|4\n|inactive|Battle timer is ON: inactive players will automatically lose when time's up. (requested by kokonat58)\n|\n|t:|1681822725\n|start\n|switch|p1a: Flutter Mane|Flutter Mane, L50|100\/100\n|switch|p1b: Amoonguss|Amoonguss, L50, F|100\/100\n|switch|p2a: Baxcalibur|Baxcalibur, L50, M|100\/100\n|switch|p2b: Palafin|Palafin, L50, F|100\/100\n|turn|1\n|inactive|kokonat58 has 30 seconds left.\n|\n|t:|1681822754\n|detailschange|p2b: Palafin|Palafin-Hero, L50, F\n|switch|p2b: Amoonguss|Amoonguss, L50, M, shiny|100\/100\n|-terastallize|p2a: Baxcalibur|Poison\n|-terastallize|p1b: Amoonguss|Water\n|move|p1a: Flutter Mane|Dazzling Gleam|p2b: Amoonguss|[spread] p2a,p2b\n|-resisted|p2a: Baxcalibur\n|-resisted|p2b: Amoonguss\n|-damage|p2a: Baxcalibur|83\/100\n|-damage|p2b: Amoonguss|88\/100\n|move|p2a: Baxcalibur|Icicle Crash|p1a: Flutter Mane|[miss]\n|-miss|p2a: Baxcalibur|p1a: Flutter Mane\n|move|p1b: Amoonguss|Spore|p2a: Baxcalibur\n|-status|p2a: Baxcalibur|slp|[from] move: Spore\n|\n|upkeep\n|turn|2\n|inactive|kokonat58 has 30 seconds left.\n|inactive|Kojiiii has 30 seconds left.\n|inactive|kokonat58 has 20 seconds left.\n|inactive|kokonat58 has 15 seconds left.\n|inactive|kokonat58 has 10 seconds left.\n|\n|t:|1681822804\n|move|p1b: Amoonguss|Protect|p1b: Amoonguss\n|-singleturn|p1b: Amoonguss|Protect\n|move|p1a: Flutter Mane|Shadow Ball|p2a: Baxcalibur\n|-damage|p2a: Baxcalibur|38\/100 slp\n|cant|p2a: Baxcalibur|slp\n|move|p2b: Amoonguss|Spore|p1a: Flutter Mane\n|-status|p1a: Flutter Mane|slp|[from] move: Spore\n|\n|upkeep\n|turn|3\n|\n|t:|1681822827\n|-end|p1a: Flutter Mane|Protosynthesis|[silent]\n|switch|p1a: Arcanine|Arcanine, L50, M|100\/100\n|-ability|p1a: Arcanine|Intimidate|boost\n|-fail|p2a: Baxcalibur|unboost|[from] item: Clear Amulet|[of] p2a: Baxcalibur\n|-unboost|p2b: Amoonguss|atk|1\n|-curestatus|p2a: Baxcalibur|slp|[msg]\n|move|p2a: Baxcalibur|Icicle Crash|p1a: Arcanine\n|-resisted|p1a: Arcanine\n|-damage|p1a: Arcanine|76\/100\n|move|p1b: Amoonguss|Spore|p2a: Baxcalibur\n|-status|p2a: Baxcalibur|slp|[from] move: Spore\n|move|p2b: Amoonguss|Pollen Puff|p2a: Baxcalibur\n|-heal|p2a: Baxcalibur|88\/100 slp\n|\n|upkeep\n|turn|4\n|inactive|kokonat58 has 30 seconds left.\n|\n|t:|1681822859\n|switch|p1b: Baxcalibur|Baxcalibur, L50, M|100\/100\n|move|p2b: Amoonguss|Protect|p2b: Amoonguss\n|-singleturn|p2b: Amoonguss|Protect\n|cant|p2a: Baxcalibur|slp\n|move|p1a: Arcanine|Flare Blitz|p2b: Amoonguss\n|-activate|p2b: Amoonguss|move: Protect\n|\n|upkeep\n|turn|5\n|\n|t:|1681822878\n|switch|p2b: Palafin|Palafin-Hero, L50, F|100\/100\n|-activate|p2b: Palafin|ability: Zero to Hero\n|cant|p2a: Baxcalibur|slp\n|move|p1a: Arcanine|Flare Blitz|p2b: Palafin\n|-resisted|p2b: Palafin\n|-damage|p2b: Palafin|75\/100\n|-status|p2b: Palafin|brn\n|-damage|p1a: Arcanine|68\/100|[from] Recoil\n|move|p1b: Baxcalibur|Swords Dance|p1b: Baxcalibur\n|-boost|p1b: Baxcalibur|atk|2\n|\n|-damage|p2b: Palafin|69\/100 brn|[from] brn\n|upkeep\n|turn|6\n|c|\u2606Kojiiii|Lol\n|inactive|Kojiiii has 30 seconds left.\n|\n|t:|1681822907\n|switch|p1a: Amoonguss|Amoonguss, L50, F, tera:Water|100\/100\n|move|p2b: Palafin|Wave Crash|p1a: Amoonguss\n|-resisted|p1a: Amoonguss\n|-damage|p1a: Amoonguss|80\/100\n|-damage|p2b: Palafin|60\/100 brn|[from] Recoil\n|-curestatus|p2a: Baxcalibur|slp|[msg]\n|move|p2a: Baxcalibur|Glaive Rush|p1b: Baxcalibur\n|-supereffective|p1b: Baxcalibur\n|-damage|p1b: Baxcalibur|0 fnt\n|-singlemove|p2a: Baxcalibur|Glaive Rush|[silent]\n|faint|p1b: Baxcalibur\n|\n|-damage|p2b: Palafin|55\/100 brn|[from] brn\n|upkeep\n|\n|t:|1681822924\n|switch|p1b: Arcanine|Arcanine, L50, M|68\/100\n|-ability|p1b: Arcanine|Intimidate|boost\n|-fail|p2a: Baxcalibur|unboost|[from] item: Clear Amulet|[of] p2a: Baxcalibur\n|-unboost|p2b: Palafin|atk|1\n|turn|7\n|\n|t:|1681822944\n|switch|p1b: Flutter Mane|Flutter Mane, L50|100\/100 slp\n|move|p2b: Palafin|Wave Crash|p1b: Flutter Mane\n|-damage|p1b: Flutter Mane|33\/100 slp\n|-damage|p2b: Palafin|38\/100 brn|[from] Recoil\n|move|p2a: Baxcalibur|Glaive Rush|p1a: Amoonguss\n|-damage|p1a: Amoonguss|21\/100\n|-singlemove|p2a: Baxcalibur|Glaive Rush|[silent]\n|-enditem|p1a: Amoonguss|Sitrus Berry|[eat]\n|-heal|p1a: Amoonguss|46\/100|[from] item: Sitrus Berry\n|move|p1a: Amoonguss|Spore|p2a: Baxcalibur\n|-status|p2a: Baxcalibur|slp|[from] move: Spore\n|\n|-damage|p2b: Palafin|32\/100 brn|[from] brn\n|upkeep\n|turn|8\n|inactive|Kojiiii has 30 seconds left.\n|inactive|Kojiiii has 20 seconds left.\n|inactive|Kojiiii has 15 seconds left.\n|inactive|Kojiiii has 10 seconds left.\n|\n|t:|1681822992\n|switch|p2a: Amoonguss|Amoonguss, L50, M, shiny|100\/100\n|move|p1a: Amoonguss|Rage Powder|p1a: Amoonguss\n|-singleturn|p1a: Amoonguss|move: Rage Powder\n|cant|p1b: Flutter Mane|slp\n|move|p2b: Palafin|Wave Crash|p1a: Amoonguss\n|-resisted|p1a: Amoonguss\n|-damage|p1a: Amoonguss|32\/100\n|-damage|p2b: Palafin|27\/100 brn|[from] Recoil\n|\n|-damage|p2b: Palafin|21\/100 brn|[from] brn\n|upkeep\n|turn|9\n|\n|t:|1681823009\n|move|p1a: Amoonguss|Rage Powder|p1a: Amoonguss\n|-singleturn|p1a: Amoonguss|move: Rage Powder\n|-curestatus|p1b: Flutter Mane|slp|[msg]\n|move|p1b: Flutter Mane|Shadow Ball|p2b: Palafin\n|-crit|p2b: Palafin\n|-damage|p2b: Palafin|0 fnt\n|faint|p2b: Palafin\n|move|p2a: Amoonguss|Spore|p1a: Amoonguss\n|-status|p1a: Amoonguss|slp|[from] move: Spore\n|\n|upkeep\n|\n|t:|1681823020\n|switch|p2b: Flutter Mane|Flutter Mane, L50|100\/100\n|turn|10\n|\n|t:|1681823034\n|switch|p1a: Arcanine|Arcanine, L50, M|68\/100\n|-ability|p1a: Arcanine|Intimidate|boost\n|-unboost|p2a: Amoonguss|atk|1\n|-unboost|p2b: Flutter Mane|atk|1\n|move|p2a: Amoonguss|Rage Powder|p2a: Amoonguss\n|-singleturn|p2a: Amoonguss|move: Rage Powder\n|move|p1b: Flutter Mane|Shadow Ball|p2a: Amoonguss\n|-damage|p2a: Amoonguss|62\/100\n|move|p2b: Flutter Mane|Shadow Ball|p1b: Flutter Mane\n|-supereffective|p1b: Flutter Mane\n|-damage|p1b: Flutter Mane|0 fnt\n|faint|p1b: Flutter Mane\n|-end|p1b: Flutter Mane|Protosynthesis|[silent]\n|\n|upkeep\n|\n|t:|1681823048\n|switch|p1b: Amoonguss|Amoonguss, L50, F, tera:Water|65\/100 slp\n|turn|11\n|\n|t:|1681823059\n|switch|p2a: Baxcalibur|Baxcalibur, L50, M, tera:Poison|88\/100 slp\n|move|p2b: Flutter Mane|Shadow Ball|p1a: Arcanine\n|-damage|p1a: Arcanine|13\/100\n|-unboost|p1a: Arcanine|spd|1\n|move|p1a: Arcanine|Flare Blitz|p2b: Flutter Mane\n|-damage|p2b: Flutter Mane|0 fnt\n|faint|p2b: Flutter Mane\n|-end|p2b: Flutter Mane|Protosynthesis|[silent]\n|-damage|p1a: Arcanine|0 fnt|[from] Recoil\n|faint|p1a: Arcanine\n|cant|p1b: Amoonguss|slp\n|\n|upkeep\n|\n|t:|1681823073\n|switch|p2b: Amoonguss|Amoonguss, L50, M, shiny|95\/100\n|turn|12\n|-message|kokonat58 forfeited.\n|\n|win|Kojiiii\n|raw|kokonat58's rating: 1222 → 1193<\/strong> (-29 for losing)\n|raw|Kojiiii's rating: 1166 → 1195<\/strong> (+29 for winning)\n|l|\u2606kokonat58\n","uploadtime":1681823097,"views":9,"p1id":"kokonat58","p2id":"kojiiii","formatid":"gen9vgc2023regulationc","rating":1193,"private":0,"password":""}