{"id":"gen9vgc2023regulationc-1853143621","p1":"mathtass","p2":"Joeforit","format":"[Gen 9] VGC 2023 Regulation C","log":"|j|\u2606mathtass\n|j|\u2606Joeforit\n|t:|1682640474\n|gametype|doubles\n|player|p1|mathtass|101|1427\n|player|p2|Joeforit|170|1523\n|teamsize|p1|6\n|teamsize|p2|6\n|gen|9\n|tier|[Gen 9] VGC 2023 Regulation C\n|rated|\n|rule|Species Clause: Limit one of each Pok\u00e9mon\n|rule|Item Clause: Limit one of each item\n|clearpoke\n|poke|p1|Amoonguss, L50, F|\n|poke|p1|Chi-Yu, L50|\n|poke|p1|Arcanine, L50, M|\n|poke|p1|Dragonite, L50, M|\n|poke|p1|Flutter Mane, L50|\n|poke|p1|Iron Hands, L50|\n|poke|p2|Ting-Lu, L50|\n|poke|p2|Orthworm, L50, F|\n|poke|p2|Amoonguss, L50, F|\n|poke|p2|Chien-Pao, L50|\n|poke|p2|Talonflame, L50, M|\n|poke|p2|Azumarill, L50, F|\n|teampreview|4\nmathtass has agreed to open team sheets.\nJoeforit has agreed to open team sheets.\n|\n|t:|1682640508\n|start\n|switch|p1a: Dragonite|Dragonite, L50, M|100\/100\n|switch|p1b: Arcanine|Arcanine, L50, M|100\/100\n|switch|p2a: Ting-Lu|Ting-Lu, L50|100\/100\n|switch|p2b: Talonflame|Talonflame, L50, M|100\/100\n|-ability|p1b: Arcanine|Intimidate|boost\n|-unboost|p2a: Ting-Lu|atk|1\n|-unboost|p2b: Talonflame|atk|1\n|-ability|p2a: Ting-Lu|Vessel of Ruin\n|turn|1\n|\n|t:|1682640544\n|-terastallize|p2a: Ting-Lu|Ground\n|move|p2b: Talonflame|Will-O-Wisp|p1a: Dragonite\n|-status|p1a: Dragonite|brn\n|-enditem|p1a: Dragonite|Lum Berry|[eat]\n|-curestatus|p1a: Dragonite|brn|[msg]\n|move|p1b: Arcanine|Howl|p1b: Arcanine|[spread] p1a,p1b\n|-boost|p1a: Dragonite|atk|1\n|-boost|p1b: Arcanine|atk|1\n|move|p1a: Dragonite|Ice Spinner|p2a: Ting-Lu\n|-supereffective|p2a: Ting-Lu\n|-damage|p2a: Ting-Lu|41\/100\n|move|p2a: Ting-Lu|Earthquake|p1b: Arcanine|[spread] p1b\n|-immune|p2b: Talonflame\n|-immune|p1a: Dragonite\n|-supereffective|p1b: Arcanine\n|-damage|p1b: Arcanine|6\/100\n|-enditem|p1b: Arcanine|Sitrus Berry|[eat]\n|-heal|p1b: Arcanine|30\/100|[from] item: Sitrus Berry\n|-damage|p2a: Ting-Lu|31\/100|[from] item: Life Orb\n|\n|upkeep\n|turn|2\n|\n|t:|1682640576\n|move|p2b: Talonflame|Tailwind|p2b: Talonflame\n|-sidestart|p2: Joeforit|move: Tailwind\n|move|p2a: Ting-Lu|Rock Slide|p1b: Arcanine|[spread] p1a,p1b\n|-supereffective|p1a: Dragonite\n|-supereffective|p1b: Arcanine\n|-damage|p1a: Dragonite|85\/100\n|-damage|p1b: Arcanine|0 fnt\n|faint|p1b: Arcanine\n|-damage|p2a: Ting-Lu|21\/100|[from] item: Life Orb\n|move|p1a: Dragonite|Ice Spinner|p2a: Ting-Lu\n|-supereffective|p2a: Ting-Lu\n|-damage|p2a: Ting-Lu|0 fnt\n|faint|p2a: Ting-Lu\n|\n|upkeep\n|\n|t:|1682640596\n|switch|p1b: Iron Hands|Iron Hands, L50, shiny|100\/100\n|switch|p2a: Chien-Pao|Chien-Pao, L50|100\/100\n|-ability|p2a: Chien-Pao|Sword of Ruin\n|turn|3\n|\n|t:|1682640633\n|move|p1a: Dragonite|Extreme Speed|p2b: Talonflame\n|-damage|p2b: Talonflame|41\/100\n|move|p2a: Chien-Pao|Ice Spinner|p1a: Dragonite\n|-supereffective|p1a: Dragonite\n|-damage|p1a: Dragonite|0 fnt\n|faint|p1a: Dragonite\n|move|p2b: Talonflame|Will-O-Wisp|p1b: Iron Hands\n|-status|p1b: Iron Hands|brn\n|move|p1b: Iron Hands|Drain Punch|p2a: Chien-Pao\n|-supereffective|p2a: Chien-Pao\n|-damage|p2a: Chien-Pao|0 fnt\n|faint|p2a: Chien-Pao\n|\n|-damage|p1b: Iron Hands|94\/100 brn|[from] brn\n|upkeep\n|\n|t:|1682640650\n|switch|p2a: Azumarill|Azumarill, L50, F|100\/100\n|switch|p1a: Amoonguss|Amoonguss, L50, F, shiny|100\/100\n|turn|4\n|\n|t:|1682640663\n|-terastallize|p1a: Amoonguss|Water\n|move|p2b: Talonflame|Brave Bird|p1a: Amoonguss\n|-damage|p1a: Amoonguss|75\/100\n|-damage|p2b: Talonflame|31\/100|[from] Recoil\n|move|p2a: Azumarill|Play Rough|p1a: Amoonguss\n|-damage|p1a: Amoonguss|8\/100\n|move|p1b: Iron Hands|Wild Charge|p2b: Talonflame\n|-supereffective|p2b: Talonflame\n|-damage|p2b: Talonflame|0 fnt\n|faint|p2b: Talonflame\n|-damage|p1b: Iron Hands|88\/100 brn|[from] Recoil\n|move|p1a: Amoonguss|Spore|p2a: Azumarill\n|-status|p2a: Azumarill|slp|[from] move: Spore\n|-enditem|p2a: Azumarill|Lum Berry|[eat]\n|-curestatus|p2a: Azumarill|slp|[msg]\n|\n|-heal|p1a: Amoonguss|14\/100|[from] item: Leftovers\n|-damage|p1b: Iron Hands|82\/100 brn|[from] brn\n|upkeep\n|turn|5\n|\n|t:|1682640697\n|move|p2a: Azumarill|Play Rough|p1b: Iron Hands\n|-supereffective|p1b: Iron Hands\n|-damage|p1b: Iron Hands|2\/100 brn\n|move|p1b: Iron Hands|Swords Dance|p1b: Iron Hands\n|-boost|p1b: Iron Hands|atk|2\n|move|p1a: Amoonguss|Spore|p2a: Azumarill\n|-status|p2a: Azumarill|slp|[from] move: Spore\n|\n|-heal|p1a: Amoonguss|20\/100|[from] item: Leftovers\n|-damage|p1b: Iron Hands|0 fnt|[from] brn\n|faint|p1b: Iron Hands\n|-end|p1b: Iron Hands|Quark Drive|[silent]\n|-sideend|p2: Joeforit|move: Tailwind\n|upkeep\n|turn|6\n|\n|t:|1682640713\n|cant|p2a: Azumarill|slp\n|move|p1a: Amoonguss|Clear Smog|p2a: Azumarill\n|-supereffective|p2a: Azumarill\n|-damage|p2a: Azumarill|57\/100 slp\n|-clearboost|p2a: Azumarill\n|\n|-heal|p1a: Amoonguss|25\/100|[from] item: Leftovers\n|upkeep\n|turn|7\n|\n|t:|1682640723\n|cant|p2a: Azumarill|slp\n|move|p1a: Amoonguss|Clear Smog|p2a: Azumarill\n|-supereffective|p2a: Azumarill\n|-damage|p2a: Azumarill|13\/100 slp\n|-clearboost|p2a: Azumarill\n|\n|-heal|p1a: Amoonguss|31\/100|[from] item: Leftovers\n|upkeep\n|turn|8\n|\n|t:|1682640733\n|-curestatus|p2a: Azumarill|slp|[msg]\n|move|p2a: Azumarill|Play Rough|p1a: Amoonguss\n|-damage|p1a: Amoonguss|0 fnt\n|faint|p1a: Amoonguss\n|\n|win|Joeforit\n|raw|mathtass's rating: 1427 → 1412<\/strong> (-15 for losing)\n|raw|Joeforit's rating: 1523 → 1538<\/strong> (+15 for winning)\n","uploadtime":1682640738,"views":7,"p1id":"mathtass","p2id":"joeforit","formatid":"gen9vgc2023regulationc","rating":1412,"private":0,"password":""}