{"id":"gen9vgc2023regulationc-1848791378","p1":"felipeand_VGC","p2":"dunsparcedingo","format":"[Gen 9] VGC 2023 Regulation C","log":"|j|\u2606felipeand_VGC\n|j|\u2606dunsparcedingo\n|t:|1682110766\n|gametype|doubles\n|player|p1|felipeand_VGC|170|1194\n|player|p2|dunsparcedingo|zinnia|1088\n|teamsize|p1|6\n|teamsize|p2|6\n|gen|9\n|tier|[Gen 9] VGC 2023 Regulation C\n|rated|\n|rule|Species Clause: Limit one of each Pok\u00e9mon\n|rule|Item Clause: Limit one of each item\n|clearpoke\n|poke|p1|Flutter Mane, L50|\n|poke|p1|Chi-Yu, L50|\n|poke|p1|Talonflame, L50, M|\n|poke|p1|Gyarados, L50, M|\n|poke|p1|Gastrodon, L50, M|\n|poke|p1|Raichu, L50, M|\n|poke|p2|Torkoal, L50, F|\n|poke|p2|Jumpluff, L50, M|\n|poke|p2|Chi-Yu, L50|\n|poke|p2|Sandy Shocks, L50|\n|poke|p2|Iron Bundle, L50|\n|poke|p2|Slither Wing, L50|\n|teampreview|4\ndunsparcedingo has agreed to open team sheets.\nfelipeand_VGC has agreed to open team sheets.\n|inactive|Battle timer is ON: inactive players will automatically lose when time's up. (requested by dunsparcedingo)\n|\n|t:|1682110906\n|start\n|switch|p1a: Talonflame|Talonflame, L50, M|100\/100\n|switch|p1b: Flutter Mane|Flutter Mane, L50|100\/100\n|switch|p2a: Sandy Shocks|Sandy Shocks, L50|100\/100\n|switch|p2b: Jumpluff|Jumpluff, L50, M|100\/100\n|turn|1\n|inactive|dunsparcedingo has 30 seconds left.\n|inactive|dunsparcedingo has 20 seconds left.\n|inactive|dunsparcedingo has 15 seconds left.\n|\n|t:|1682110947\n|move|p1a: Talonflame|Tailwind|p1a: Talonflame\n|-sidestart|p1: felipeand_VGC|move: Tailwind\n|move|p1b: Flutter Mane|Dazzling Gleam|p2a: Sandy Shocks|[spread] p2a,p2b\n|-damage|p2a: Sandy Shocks|66\/100\n|-damage|p2b: Jumpluff|56\/100\n|move|p2b: Jumpluff|Encore|p1a: Talonflame\n|-start|p1a: Talonflame|Encore\n|move|p2a: Sandy Shocks|Earth Power|p1b: Flutter Mane\n|-damage|p1b: Flutter Mane|59\/100\n|\n|upkeep\n|turn|2\n|inactive|felipeand_VGC has 30 seconds left.\n|inactive|dunsparcedingo has 30 seconds left.\n|\n|t:|1682110973\n|switch|p1a: Raichu|Raichu, L50, M|100\/100\n|-terastallize|p1b: Flutter Mane|Fairy\n|move|p1b: Flutter Mane|Dazzling Gleam|p2a: Sandy Shocks|[spread] p2a,p2b\n|-damage|p2a: Sandy Shocks|19\/100\n|-damage|p2b: Jumpluff|0 fnt\n|faint|p2b: Jumpluff\n|move|p2a: Sandy Shocks|Flash Cannon|p1b: Flutter Mane\n|-supereffective|p1b: Flutter Mane\n|-damage|p1b: Flutter Mane|4\/100\n|\n|upkeep\n|\n|t:|1682110986\n|switch|p2b: Slither Wing|Slither Wing, L50|100\/100\n|turn|3\n|inactive|dunsparcedingo has 30 seconds left.\n|inactive|dunsparcedingo has 20 seconds left.\n|inactive|dunsparcedingo has 15 seconds left.\n|inactive|dunsparcedingo has 10 seconds left.\n|\n|t:|1682111031\n|-end|p2a: Sandy Shocks|Protosynthesis|[silent]\n|switch|p2a: Torkoal|Torkoal, L50, F|100\/100\n|-weather|SunnyDay|[from] ability: Drought|[of] p2a: Torkoal\n|-activate|p1b: Flutter Mane|ability: Protosynthesis\n|-start|p1b: Flutter Mane|protosynthesisspe\n|-activate|p2b: Slither Wing|ability: Protosynthesis\n|-start|p2b: Slither Wing|protosynthesisatk\n|-terastallize|p2b: Slither Wing|Fire\n|move|p1a: Raichu|Fake Out|p2b: Slither Wing\n|-damage|p2b: Slither Wing|91\/100\n|move|p1b: Flutter Mane|Dazzling Gleam|p2a: Torkoal|[spread] p2a,p2b\n|-resisted|p2a: Torkoal\n|-resisted|p2b: Slither Wing\n|-damage|p2a: Torkoal|64\/100\n|-damage|p2b: Slither Wing|67\/100\n|cant|p2b: Slither Wing|flinch\n|\n|-weather|SunnyDay|[upkeep]\n|-heal|p2a: Torkoal|70\/100|[from] item: Leftovers\n|upkeep\n|turn|4\n|inactive|felipeand_VGC has 30 seconds left.\n|inactive|dunsparcedingo has 30 seconds left.\n|inactive|felipeand_VGC has 20 seconds left.\n|inactive|dunsparcedingo has 20 seconds left.\n|inactive|felipeand_VGC has 15 seconds left.\n|inactive|felipeand_VGC has 10 seconds left.\n|\n|t:|1682111076\n|-end|p1b: Flutter Mane|Protosynthesis|[silent]\n|switch|p1b: Talonflame|Talonflame, L50, M|100\/100\n|move|p1a: Raichu|Nuzzle|p2b: Slither Wing\n|-damage|p2b: Slither Wing|60\/100\n|-status|p2b: Slither Wing|par\n|move|p2b: Slither Wing|Earthquake|p1b: Talonflame|[spread] p2a,p1a\n|-immune|p1b: Talonflame\n|-supereffective|p2a: Torkoal\n|-supereffective|p1a: Raichu\n|-damage|p2a: Torkoal|11\/100\n|-damage|p1a: Raichu|0 fnt\n|faint|p1a: Raichu\n|-damage|p2b: Slither Wing|50\/100 par|[from] item: Life Orb\n|move|p2a: Torkoal|Will-O-Wisp|p1b: Talonflame|[miss]\n|-miss|p2a: Torkoal|p1b: Talonflame\n|\n|-weather|SunnyDay|[upkeep]\n|-heal|p2a: Torkoal|17\/100|[from] item: Leftovers\n|-sideend|p1: felipeand_VGC|move: Tailwind\n|upkeep\n|inactive|felipeand_VGC has 30 seconds left.\n|inactive|felipeand_VGC has 20 seconds left.\n|\n|t:|1682111112\n|switch|p1a: Flutter Mane|Flutter Mane, L50, tera:Fairy|4\/100\n|-activate|p1a: Flutter Mane|ability: Protosynthesis\n|-start|p1a: Flutter Mane|protosynthesisspe\n|turn|5\n|inactive|dunsparcedingo has 30 seconds left.\n|\n|t:|1682111138\n|move|p1a: Flutter Mane|Power Gem|p2b: Slither Wing\n|-supereffective|p2b: Slither Wing\n|-damage|p2b: Slither Wing|0 fnt\n|faint|p2b: Slither Wing\n|-end|p2b: Slither Wing|Protosynthesis|[silent]\n|move|p1b: Talonflame|Flare Blitz|p2a: Torkoal\n|-resisted|p2a: Torkoal\n|-damage|p2a: Torkoal|0 fnt\n|faint|p2a: Torkoal\n|-damage|p1b: Talonflame|96\/100|[from] Recoil\n|\n|-weather|SunnyDay|[upkeep]\n|upkeep\n|-message|dunsparcedingo forfeited.\n|\n|win|felipeand_VGC\n|raw|felipeand_VGC's rating: 1194 → 1212<\/strong> (+18 for winning)\n|raw|dunsparcedingo's rating: 1088 → 1072<\/strong> (-16 for losing)\n","uploadtime":1682111151,"views":11,"p1id":"felipeandvgc","p2id":"dunsparcedingo","formatid":"gen9vgc2023regulationc","rating":1072,"private":0,"password":""}