{"id":"gen9vgc2023regulationc-1856232612","p1":"kricketot marx","p2":"mawilesarang","format":"[Gen 9] VGC 2023 Regulation C","log":"|j|\u2606kricketot marx\n|j|\u2606mawilesarang\n|t:|1683043060\n|gametype|doubles\n|player|p1|kricketot marx|may|1357\n|player|p2|mawilesarang|102|1405\n|teamsize|p1|6\n|teamsize|p2|6\n|gen|9\n|tier|[Gen 9] VGC 2023 Regulation C\n|rated|\n|rule|Species Clause: Limit one of each Pok\u00e9mon\n|rule|Item Clause: Limit one of each item\n|clearpoke\n|poke|p1|Abomasnow, L50, M|\n|poke|p1|Iron Bundle, L50|\n|poke|p1|Flutter Mane, L50|\n|poke|p1|Arcanine, L50, M|\n|poke|p1|Ting-Lu, L50|\n|poke|p1|Garganacl, L50, F|\n|poke|p2|Orthworm, L50, M|\n|poke|p2|Dragonite, L50, F|\n|poke|p2|Ting-Lu, L50|\n|poke|p2|Gyarados, L50, F|\n|poke|p2|Flutter Mane, L50|\n|poke|p2|Chien-Pao, L50|\n|teampreview|4\nmawilesarang rejected open team sheets.\n|inactive|Battle timer is ON: inactive players will automatically lose when time's up. (requested by mawilesarang)\n|inactive|kricketot marx has 60 seconds left.\n|\n|t:|1683043113\n|start\n|switch|p1a: Abomasnow|Abomasnow, L50, M|100\/100\n|switch|p1b: Arcanine|Arcanine, L50, M|100\/100\n|switch|p2a: Orthworm|Orthworm, L50, M|100\/100\n|switch|p2b: Ting-Lu|Ting-Lu, L50|100\/100\n|-ability|p1b: Arcanine|Intimidate|boost\n|-unboost|p2a: Orthworm|atk|1\n|-unboost|p2b: Ting-Lu|atk|1\n|-ability|p2b: Ting-Lu|Vessel of Ruin\n|-weather|Snow|[from] ability: Snow Warning|[of] p1a: Abomasnow\n|turn|1\n|inactive|kricketot marx has 30 seconds left.\n|inactive|mawilesarang has 30 seconds left.\n|inactive|kricketot marx has 20 seconds left.\n|inactive|mawilesarang has 20 seconds left.\n|inactive|mawilesarang has 15 seconds left.\n|inactive|mawilesarang has 10 seconds left.\n|inactive|mawilesarang has 5 seconds left.\n|\n|t:|1683043168\n|move|p1b: Arcanine|Flare Blitz|p2a: Orthworm\n|-supereffective|p2a: Orthworm\n|-crit|p2a: Orthworm\n|-damage|p2a: Orthworm|2\/100\n|-status|p2a: Orthworm|brn\n|-enditem|p2a: Orthworm|Sitrus Berry|[eat]\n|-heal|p2a: Orthworm|27\/100 brn|[from] item: Sitrus Berry\n|-damage|p1b: Arcanine|72\/100|[from] Recoil\n|move|p2b: Ting-Lu|Earthquake|p1b: Arcanine|[spread] p1a,p1b\n|-heal|p2a: Orthworm|52\/100 brn|[from] ability: Earth Eater|[of] p2b: Ting-Lu\n|-resisted|p1a: Abomasnow\n|-supereffective|p1b: Arcanine\n|-damage|p1a: Abomasnow|87\/100\n|-damage|p1b: Arcanine|0 fnt\n|faint|p1b: Arcanine\n|move|p1a: Abomasnow|Aurora Veil|p1a: Abomasnow\n|-sidestart|p1: kricketot marx|move: Aurora Veil\n|move|p2a: Orthworm|Shed Tail|p2a: Orthworm\n|-start|p2a: Orthworm|Substitute|[from] move: Shed Tail\n|-damage|p2a: Orthworm|2\/100 brn\n|inactive|mawilesarang has 30 seconds left.\n|inactive|mawilesarang has 20 seconds left.\n|inactive|mawilesarang has 15 seconds left.\n|inactive|mawilesarang has 10 seconds left.\n|inactive|mawilesarang has 5 seconds left.\n|\n|t:|1683043223\n|switch|p2a: Flutter Mane|Flutter Mane, L50|100\/100|[from] Shed Tail\n|\n|-weather|Snow|[upkeep]\n|upkeep\n|\n|t:|1683043233\n|switch|p1b: Garganacl|Garganacl, L50, F, shiny|100\/100\n|turn|2\n|inactive|mawilesarang has 30 seconds left.\n|inactive|mawilesarang has 20 seconds left.\n|inactive|mawilesarang has 15 seconds left.\n|inactive|mawilesarang has 10 seconds left.\n|inactive|mawilesarang has 5 seconds left.\n|\n|t:|1683043288\n|move|p1b: Garganacl|Protect|p1b: Garganacl\n|-singleturn|p1b: Garganacl|Protect\n|move|p2a: Flutter Mane|Hex|p1b: Garganacl\n|-activate|p1b: Garganacl|move: Protect\n|move|p2b: Ting-Lu|Earthquake|p1b: Garganacl|[spread] p2a,p1a\n|-activate|p1b: Garganacl|move: Protect\n|-end|p2a: Flutter Mane|Substitute\n|-resisted|p1a: Abomasnow\n|-damage|p1a: Abomasnow|79\/100\n|move|p1a: Abomasnow|Chilling Water|p2b: Ting-Lu\n|-supereffective|p2b: Ting-Lu\n|-damage|p2b: Ting-Lu|84\/100\n|-unboost|p2b: Ting-Lu|atk|1\n|\n|-weather|Snow|[upkeep]\n|upkeep\n|turn|3\n|inactive|kricketot marx has 30 seconds left.\n|inactive|mawilesarang has 30 seconds left.\n|inactive|mawilesarang has 20 seconds left.\n|inactive|mawilesarang has 15 seconds left.\n|inactive|kricketot marx has 20 seconds left.\n|inactive|mawilesarang has 10 seconds left.\n|inactive|mawilesarang has 5 seconds left.\n|\n|t:|1683043344\n|move|p2a: Flutter Mane|Hex|p1b: Garganacl\n|-damage|p1b: Garganacl|93\/100\n|move|p2b: Ting-Lu|Earthquake|p1b: Garganacl|[spread] p2a,p1a,p1b\n|-resisted|p1a: Abomasnow\n|-supereffective|p1b: Garganacl\n|-damage|p2a: Flutter Mane|62\/100\n|-damage|p1a: Abomasnow|72\/100\n|-damage|p1b: Garganacl|70\/100\n|move|p1a: Abomasnow|Blizzard|p2a: Flutter Mane|[spread] p2a,p2b\n|-supereffective|p2b: Ting-Lu\n|-damage|p2a: Flutter Mane|37\/100\n|-damage|p2b: Ting-Lu|42\/100\n|move|p1b: Garganacl|Salt Cure|p2b: Ting-Lu\n|-resisted|p2b: Ting-Lu\n|-damage|p2b: Ting-Lu|38\/100\n|-start|p2b: Ting-Lu|Salt Cure\n|\n|-weather|Snow|[upkeep]\n|-heal|p1b: Garganacl|75\/100|[from] item: Leftovers\n|-damage|p2b: Ting-Lu|26\/100|[from] Salt Cure\n|upkeep\n|turn|4\n|inactive|mawilesarang has 30 seconds left.\n|inactive|mawilesarang has 20 seconds left.\n|inactive|mawilesarang has 15 seconds left.\n|inactive|kricketot marx has 30 seconds left.\n|inactive|mawilesarang has 10 seconds left.\n|inactive|mawilesarang has 5 seconds left.\n|\n|t:|1683043399\n|move|p1b: Garganacl|Wide Guard|p1b: Garganacl\n|-singleturn|p1b: Garganacl|Wide Guard\n|move|p2a: Flutter Mane|Hex|p1b: Garganacl\n|-damage|p1b: Garganacl|67\/100\n|move|p2b: Ting-Lu|Earthquake|p1b: Garganacl|[spread] p2a\n|-activate|p1a: Abomasnow|move: Wide Guard\n|-activate|p1b: Garganacl|move: Wide Guard\n|-damage|p2a: Flutter Mane|0 fnt\n|faint|p2a: Flutter Mane\n|-end|p2a: Flutter Mane|Protosynthesis|[silent]\n|move|p1a: Abomasnow|Blizzard|p2b: Ting-Lu\n|-supereffective|p2b: Ting-Lu\n|-damage|p2b: Ting-Lu|0 fnt\n|faint|p2b: Ting-Lu\n|\n|-weather|Snow|[upkeep]\n|-heal|p1b: Garganacl|72\/100|[from] item: Leftovers\n|upkeep\n|inactive|mawilesarang has 30 seconds left.\n|inactive|mawilesarang has 20 seconds left.\n|inactive|mawilesarang has 15 seconds left.\n|inactive|mawilesarang has 10 seconds left.\n|inactive|mawilesarang has 5 seconds left.\n|\n|t:|1683043454\n|switch|p2a: Orthworm|Orthworm, L50, M|2\/100 brn\n|switch|p2b: Dragonite|Dragonite, L50, F|100\/100\n|turn|5\n|inactive|mawilesarang has 30 seconds left.\n|inactive|mawilesarang has 20 seconds left.\n|inactive|mawilesarang has 15 seconds left.\n|inactive|mawilesarang has 10 seconds left.\n|inactive|mawilesarang has 5 seconds left.\n|\n|t:|1683043509\n|move|p2b: Dragonite|Dragon Dance|p2b: Dragonite\n|-boost|p2b: Dragonite|atk|1\n|-boost|p2b: Dragonite|spe|1\n|move|p1a: Abomasnow|Blizzard|p2b: Dragonite|[spread] p2a,p2b\n|-resisted|p2a: Orthworm\n|-supereffective|p2b: Dragonite\n|-damage|p2a: Orthworm|0 fnt\n|-damage|p2b: Dragonite|22\/100\n|faint|p2a: Orthworm\n|move|p1b: Garganacl|Salt Cure|p2b: Dragonite\n|-supereffective|p2b: Dragonite\n|-damage|p2b: Dragonite|0 fnt\n|faint|p2b: Dragonite\n|\n|win|kricketot marx\n|raw|kricketot marx's rating: 1357 → 1380<\/strong> (+23 for winning)\n|raw|mawilesarang's rating: 1405 → 1382<\/strong> (-23 for losing)\n","uploadtime":1683043528,"views":9,"p1id":"kricketotmarx","p2id":"mawilesarang","formatid":"gen9vgc2023regulationc","rating":1380,"private":0,"password":""}