{"id":"gen9vgc2023regulationc-1863220726","p1":"slimejrlegit","p2":"Dhovsohcsihcshis","format":"[Gen 9] VGC 2023 Regulation C","log":"|j|\u2606slimejrlegit\n|j|\u2606Dhovsohcsihcshis\n|t:|1683990086\n|gametype|doubles\n|player|p1|slimejrlegit|1|1567\n|player|p2|Dhovsohcsihcshis|169|1514\n|teamsize|p1|6\n|teamsize|p2|6\n|gen|9\n|tier|[Gen 9] VGC 2023 Regulation C\n|rated|\n|rule|Species Clause: Limit one of each Pok\u00e9mon\n|rule|Item Clause: Limit one of each item\n|clearpoke\n|poke|p1|Abomasnow, L50, M|\n|poke|p1|Iron Bundle, L50|\n|poke|p1|Garchomp, L50, M|\n|poke|p1|Chien-Pao, L50|\n|poke|p1|Flutter Mane, L50|\n|poke|p1|Iron Valiant, L50|\n|poke|p2|Palafin, L50, F|\n|poke|p2|Maushold-Four, L50|\n|poke|p2|Annihilape, L50, F|\n|poke|p2|Pelipper, L50, M|\n|poke|p2|Chien-Pao, L50|\n|poke|p2|Baxcalibur, L50, M|\n|teampreview|4\n|\n|t:|1683990118\n|start\n|switch|p1a: Jet Jaguar|Iron Valiant, L50|100\/100\n|switch|p1b: GIGANNNNN|Garchomp, L50, M|100\/100\n|switch|p2a: Annihilape|Annihilape, L50, F|100\/100\n|switch|p2b: Maushold|Maushold-Four, L50|100\/100\n|turn|1\n|inactive|Battle timer is ON: inactive players will automatically lose when time's up. (requested by slimejrlegit)\n|\n|t:|1683990170\n|-terastallize|p1b: GIGANNNNN|Fire\n|move|p2b: Maushold|Protect|p2b: Maushold\n|-singleturn|p2b: Maushold|Protect\n|move|p2a: Annihilape|Protect|p2a: Annihilape\n|-singleturn|p2a: Annihilape|Protect\n|move|p1b: GIGANNNNN|Stomping Tantrum|p2b: Maushold\n|-activate|p2b: Maushold|move: Protect\n|move|p1a: Jet Jaguar|Destiny Bond|p1a: Jet Jaguar\n|-singlemove|p1a: Jet Jaguar|Destiny Bond\n|\n|upkeep\n|turn|2\n|\n|t:|1683990189\n|switch|p1b: Biollante|Abomasnow, L50, M|100\/100\n|-weather|Snow|[from] ability: Snow Warning|[of] p1b: Biollante\n|move|p2b: Maushold|Follow Me|p2b: Maushold\n|-singleturn|p2b: Maushold|move: Follow Me\n|move|p1a: Jet Jaguar|Close Combat|p2b: Maushold\n|-supereffective|p2b: Maushold\n|-damage|p2b: Maushold|0 fnt\n|-unboost|p1a: Jet Jaguar|def|1\n|-unboost|p1a: Jet Jaguar|spd|1\n|faint|p2b: Maushold\n|move|p2a: Annihilape|Bulk Up|p2a: Annihilape\n|-boost|p2a: Annihilape|atk|1\n|-boost|p2a: Annihilape|def|1\n|\n|-weather|Snow|[upkeep]\n|upkeep\n|\n|t:|1683990203\n|switch|p2b: Baxcalibur|Baxcalibur, L50, M|100\/100\n|turn|3\n|\n|t:|1683990215\n|-terastallize|p2b: Baxcalibur|Poison\n|move|p1a: Jet Jaguar|Moonblast|p2a: Annihilape\n|-supereffective|p2a: Annihilape\n|-crit|p2a: Annihilape\n|-damage|p2a: Annihilape|0 fnt\n|faint|p2a: Annihilape\n|move|p2b: Baxcalibur|Icicle Crash|p1a: Jet Jaguar\n|-damage|p1a: Jet Jaguar|5\/100\n|move|p1b: Biollante|Aurora Veil|p1b: Biollante\n|-sidestart|p1: slimejrlegit|move: Aurora Veil\n|\n|-weather|Snow|[upkeep]\n|upkeep\n|c|\u2606slimejrlegit|Gg\n|inactive|Dhovsohcsihcshis has 30 seconds left.\n|inactive|Dhovsohcsihcshis has 20 seconds left.\n|inactive|Dhovsohcsihcshis has 15 seconds left.\n|inactive|Dhovsohcsihcshis has 10 seconds left.\n|inactive|Dhovsohcsihcshis has 5 seconds left.\n|\n|t:|1683990270\n|switch|p2a: Pelipper|Pelipper, L50, M|100\/100\n|-weather|RainDance|[from] ability: Drizzle|[of] p2a: Pelipper\n|turn|4\n|inactive|Dhovsohcsihcshis has 30 seconds left.\n|inactive|slimejrlegit has 30 seconds left.\n|inactive|Dhovsohcsihcshis has 20 seconds left.\n|inactive|slimejrlegit has 20 seconds left.\n|inactive|Dhovsohcsihcshis has 15 seconds left.\n|inactive|Dhovsohcsihcshis has 10 seconds left.\n|inactive|Dhovsohcsihcshis has 5 seconds left.\n|\n|t:|1683990325\n|-end|p1a: Jet Jaguar|Quark Drive|[silent]\n|switch|p1a: Firing Maser\u2026|Iron Bundle, L50|100\/100\n|-enditem|p1a: Firing Maser\u2026|Booster Energy\n|-activate|p1a: Firing Maser\u2026|ability: Quark Drive|[fromitem]\n|-start|p1a: Firing Maser\u2026|quarkdrivespe\n|move|p1b: Biollante|Protect|p1b: Biollante\n|-singleturn|p1b: Biollante|Protect\n|move|p2b: Baxcalibur|Glaive Rush|p1a: Firing Maser\u2026\n|-damage|p1a: Firing Maser\u2026|34\/100\n|-singlemove|p2b: Baxcalibur|Glaive Rush|[silent]\n|move|p2a: Pelipper|Hurricane|p1a: Firing Maser\u2026\n|-damage|p1a: Firing Maser\u2026|0 fnt\n|faint|p1a: Firing Maser\u2026\n|-end|p1a: Firing Maser\u2026|Quark Drive|[silent]\n|\n|-weather|RainDance|[upkeep]\n|upkeep\n|\n|t:|1683990335\n|switch|p1a: Jet Jaguar|Iron Valiant, L50|5\/100\n|turn|5\n|j| Conquistatore\n|inactive|Dhovsohcsihcshis has 30 seconds left.\n|inactive|Dhovsohcsihcshis has 20 seconds left.\n|inactive|Dhovsohcsihcshis has 15 seconds left.\n|inactive|Dhovsohcsihcshis has 10 seconds left.\n|inactive|Dhovsohcsihcshis has 5 seconds left.\n|\n|t:|1683990390\n|switch|p1b: GIGANNNNN|Garchomp, L50, M, tera:Fire|100\/100\n|move|p1a: Jet Jaguar|Destiny Bond|p1a: Jet Jaguar\n|-singlemove|p1a: Jet Jaguar|Destiny Bond\n|move|p2b: Baxcalibur|Glaive Rush|p1a: Jet Jaguar\n|-immune|p1a: Jet Jaguar\n|move|p2a: Pelipper|Hurricane|p1a: Jet Jaguar\n|-supereffective|p1a: Jet Jaguar\n|-damage|p1a: Jet Jaguar|0 fnt\n|faint|p1a: Jet Jaguar\n|-activate|p1a: Jet Jaguar|move: Destiny Bond\n|-end|p1a: Jet Jaguar|Quark Drive|[silent]\n|faint|p2a: Pelipper\n|\n|-weather|RainDance|[upkeep]\n|upkeep\n|\n|t:|1683990401\n|switch|p1a: Biollante|Abomasnow, L50, M|100\/100\n|-weather|Snow|[from] ability: Snow Warning|[of] p1a: Biollante\n|turn|6\n|c|\u2606slimejrlegit|Sending the gigan\n|inactive|Dhovsohcsihcshis has 30 seconds left.\n|inactive|Dhovsohcsihcshis has 20 seconds left.\n|inactive|Dhovsohcsihcshis has 15 seconds left.\n|inactive|Dhovsohcsihcshis has 10 seconds left.\n|inactive|Dhovsohcsihcshis has 5 seconds left.\n|\n|t:|1683990456\n|move|p1b: GIGANNNNN|Earthquake|p2b: Baxcalibur|[spread] p1a,p2b\n|-resisted|p1a: Biollante\n|-supereffective|p2b: Baxcalibur\n|-damage|p1a: Biollante|91\/100\n|-damage|p2b: Baxcalibur|27\/100\n|move|p2b: Baxcalibur|Glaive Rush|p1b: GIGANNNNN\n|-damage|p1b: GIGANNNNN|44\/100\n|-singlemove|p2b: Baxcalibur|Glaive Rush|[silent]\n|-damage|p2b: Baxcalibur|15\/100|[from] ability: Rough Skin|[of] p1b: GIGANNNNN\n|move|p1a: Biollante|Blizzard|p2b: Baxcalibur\n|-damage|p2b: Baxcalibur|0 fnt\n|faint|p2b: Baxcalibur\n|\n|win|slimejrlegit\n|raw|slimejrlegit's rating: 1567 → 1585<\/strong> (+18 for winning)\n|raw|Dhovsohcsihcshis's rating: 1529 → 1511<\/strong> (-18 for losing)\n","uploadtime":1683990474,"views":4,"p1id":"slimejrlegit","p2id":"dhovsohcsihcshis","formatid":"gen9vgc2023regulationc","rating":1511,"private":0,"password":""}