{"id":"gen9vgc2023regulationc-1852266217","p1":"DozingDozo","p2":"b(R)2","format":"[Gen 9] VGC 2023 Regulation C","log":"|j|\u2606DozingDozo\n|j|\u2606b(R)2\n|t:|1682538251\n|gametype|doubles\n|player|p1|DozingDozo|serena|1119\n|player|p2|b(R)2|266|1089\n|teamsize|p1|6\n|teamsize|p2|6\n|gen|9\n|tier|[Gen 9] VGC 2023 Regulation C\n|rated|\n|rule|Species Clause: Limit one of each Pok\u00e9mon\n|rule|Item Clause: Limit one of each item\n|clearpoke\n|poke|p1|Scovillain, L50, M|\n|poke|p1|Dragapult, L50, F|\n|poke|p1|Torkoal, L50, M|\n|poke|p1|Baxcalibur, L50, F|\n|poke|p1|Ting-Lu, L50|\n|poke|p1|Palafin, L50, M|\n|poke|p2|Ting-Lu, L50|\n|poke|p2|Amoonguss, L50, M|\n|poke|p2|Garganacl, L50, M|\n|poke|p2|Arcanine, L50, M|\n|poke|p2|Roaring Moon, L50|\n|poke|p2|Iron Bundle, L50|\n|teampreview|4\n|inactive|Battle timer is ON: inactive players will automatically lose when time's up. (requested by DozingDozo)\nb(R)2 has agreed to open team sheets.\n|inactive|DozingDozo has 60 seconds left.\n|inactive|b(R)2 has 60 seconds left.\n|\n|t:|1682538292\n|start\n|switch|p1a: Scovillain|Scovillain, L50, M|100\/100\n|switch|p1b: Baxcalibur|Baxcalibur, L50, F|100\/100\n|switch|p2a: Garganacl|Garganacl, L50, M|100\/100\n|switch|p2b: Ting-Lu|Ting-Lu, L50|100\/100\n|-ability|p2b: Ting-Lu|Vessel of Ruin\n|turn|1\n|inactive|b(R)2 has 30 seconds left.\n|\n|t:|1682538324\n|-terastallize|p2b: Ting-Lu|Poison\n|move|p1a: Scovillain|Spicy Extract|p1b: Baxcalibur\n|-fail|p1b: Baxcalibur|unboost|[from] item: Clear Amulet|[of] p1b: Baxcalibur\n|-boost|p1b: Baxcalibur|atk|2\n|move|p1b: Baxcalibur|Icicle Crash|p2b: Ting-Lu\n|-damage|p2b: Ting-Lu|45\/100\n|move|p2b: Ting-Lu|Heavy Slam|p1b: Baxcalibur\n|-supereffective|p1b: Baxcalibur\n|-damage|p1b: Baxcalibur|59\/100\n|move|p2a: Garganacl|Stealth Rock|p1b: Baxcalibur\n|-sidestart|p1: DozingDozo|move: Stealth Rock\n|\n|upkeep\n|turn|2\n|\n|t:|1682538342\n|switch|p2b: Arcanine|Arcanine, L50, M|100\/100\n|-ability|p2b: Arcanine|Intimidate|boost\n|-unboost|p1a: Scovillain|atk|1\n|-fail|p1b: Baxcalibur|unboost|[from] item: Clear Amulet|[of] p1b: Baxcalibur\n|move|p1a: Scovillain|Spicy Extract|p1b: Baxcalibur\n|-fail|p1b: Baxcalibur|unboost|[from] item: Clear Amulet|[of] p1b: Baxcalibur\n|-boost|p1b: Baxcalibur|atk|2\n|move|p1b: Baxcalibur|Icicle Crash|p2b: Arcanine\n|-resisted|p2b: Arcanine\n|-damage|p2b: Arcanine|20\/100\n|-enditem|p2b: Arcanine|Iapapa Berry|[eat]\n|-heal|p2b: Arcanine|53\/100|[from] item: Iapapa Berry\n|move|p2a: Garganacl|Salt Cure|p1b: Baxcalibur\n|-supereffective|p1b: Baxcalibur\n|-damage|p1b: Baxcalibur|35\/100\n|-start|p1b: Baxcalibur|Salt Cure\n|\n|-damage|p1b: Baxcalibur|23\/100|[from] Salt Cure\n|upkeep\n|turn|3\n|\n|t:|1682538366\n|move|p2b: Arcanine|Extreme Speed|p1b: Baxcalibur\n|-damage|p1b: Baxcalibur|2\/100\n|move|p1b: Baxcalibur|Ice Shard|p2b: Arcanine\n|-resisted|p2b: Arcanine\n|-damage|p2b: Arcanine|17\/100\n|move|p1a: Scovillain|Spicy Extract|p1b: Baxcalibur\n|-fail|p1b: Baxcalibur|unboost|[from] item: Clear Amulet|[of] p1b: Baxcalibur\n|-boost|p1b: Baxcalibur|atk|2\n|move|p2a: Garganacl|Salt Cure|p1a: Scovillain\n|-supereffective|p1a: Scovillain\n|-damage|p1a: Scovillain|54\/100\n|-start|p1a: Scovillain|Salt Cure\n|\n|-damage|p1a: Scovillain|42\/100|[from] Salt Cure\n|-damage|p1b: Baxcalibur|0 fnt|[from] Salt Cure\n|faint|p1b: Baxcalibur\n|upkeep\n|\n|t:|1682538375\n|switch|p1b: Dragapult|Dragapult, L50, F|100\/100\n|-damage|p1b: Dragapult|88\/100|[from] Stealth Rock\n|turn|4\n|\n|t:|1682538398\n|switch|p2b: Amoonguss|Amoonguss, L50, M|100\/100\n|move|p1a: Scovillain|Spicy Extract|p1b: Dragapult\n|-fail|p1b: Dragapult|unboost|[from] ability: Clear Body|[of] p1b: Dragapult\n|-boost|p1b: Dragapult|atk|2\n|move|p1b: Dragapult|Dragon Darts|p2b: Amoonguss\n|-damage|p2b: Amoonguss|43\/100\n|-enditem|p2b: Amoonguss|Sitrus Berry|[eat]\n|-heal|p2b: Amoonguss|68\/100|[from] item: Sitrus Berry\n|-anim|p1b: Dragapult|Dragon Darts|p2a: Garganacl\n|-damage|p2a: Garganacl|48\/100\n|move|p2a: Garganacl|Salt Cure|p1b: Dragapult\n|-damage|p1b: Dragapult|67\/100\n|-start|p1b: Dragapult|Salt Cure\n|\n|-heal|p2a: Garganacl|54\/100|[from] item: Leftovers\n|-damage|p1a: Scovillain|30\/100|[from] Salt Cure\n|-damage|p1b: Dragapult|54\/100|[from] Salt Cure\n|upkeep\n|turn|5\n|inactive|b(R)2 has 30 seconds left.\n|inactive|b(R)2 has 20 seconds left.\n|\n|t:|1682538435\n|switch|p2b: Arcanine|Arcanine, L50, M|17\/100\n|-ability|p2b: Arcanine|Intimidate|boost\n|-unboost|p1a: Scovillain|atk|1\n|-fail|p1b: Dragapult|unboost|[from] ability: Clear Body|[of] p1b: Dragapult\n|move|p2a: Garganacl|Protect|p2a: Garganacl\n|-singleturn|p2a: Garganacl|Protect\n|move|p1a: Scovillain|Spicy Extract|p1b: Dragapult\n|-fail|p1b: Dragapult|unboost|[from] ability: Clear Body|[of] p1b: Dragapult\n|-boost|p1b: Dragapult|atk|2\n|move|p1b: Dragapult|Dragon Darts|p2b: Arcanine\n|-damage|p2b: Arcanine|0 fnt\n|faint|p2b: Arcanine\n|\n|-heal|p2a: Garganacl|60\/100|[from] item: Leftovers\n|-damage|p1a: Scovillain|18\/100|[from] Salt Cure\n|-damage|p1b: Dragapult|42\/100|[from] Salt Cure\n|upkeep\n|\n|t:|1682538454\n|switch|p2b: Amoonguss|Amoonguss, L50, M|100\/100\n|turn|6\n|\n|t:|1682538475\n|move|p2b: Amoonguss|Rage Powder|p2b: Amoonguss\n|-singleturn|p2b: Amoonguss|move: Rage Powder\n|move|p1a: Scovillain|Spicy Extract|p1b: Dragapult\n|-fail|p1b: Dragapult|unboost|[from] ability: Clear Body|[of] p1b: Dragapult\n|-boost|p1b: Dragapult|atk|2\n|move|p1b: Dragapult|Dragon Darts|p2b: Amoonguss\n|-damage|p2b: Amoonguss|0 fnt\n|faint|p2b: Amoonguss\n|move|p2a: Garganacl|Salt Cure|p1b: Dragapult\n|-damage|p1b: Dragapult|22\/100\n|\n|-heal|p2a: Garganacl|66\/100|[from] item: Leftovers\n|-damage|p1a: Scovillain|5\/100|[from] Salt Cure\n|-damage|p1b: Dragapult|9\/100|[from] Salt Cure\n|upkeep\n|\n|t:|1682538488\n|switch|p2b: Ting-Lu|Ting-Lu, L50, tera:Poison|45\/100\n|-ability|p2b: Ting-Lu|Vessel of Ruin\n|turn|7\n|\n|t:|1682538497\n|move|p2a: Garganacl|Protect|p2a: Garganacl\n|-singleturn|p2a: Garganacl|Protect\n|move|p1a: Scovillain|Spicy Extract|p1b: Dragapult\n|-fail|p1b: Dragapult|unboost|[from] ability: Clear Body|[of] p1b: Dragapult\n|-boost|p1b: Dragapult|atk|0\n|move|p1b: Dragapult|Dragon Darts|p2b: Ting-Lu\n|-damage|p2b: Ting-Lu|0 fnt\n|faint|p2b: Ting-Lu\n|\n|-heal|p2a: Garganacl|72\/100|[from] item: Leftovers\n|-damage|p1a: Scovillain|0 fnt|[from] Salt Cure\n|faint|p1a: Scovillain\n|-damage|p1b: Dragapult|0 fnt|[from] Salt Cure\n|faint|p1b: Dragapult\n|upkeep\n|\n|t:|1682538501\n|switch|p1b: Ting-Lu|Ting-Lu, L50|100\/100\n|-damage|p1b: Ting-Lu|94\/100|[from] Stealth Rock\n|-ability|p1b: Ting-Lu|Vessel of Ruin\n|turn|8\n|\n|t:|1682538520\n|move|p1b: Ting-Lu|Earthquake|p2a: Garganacl\n|-supereffective|p2a: Garganacl\n|-damage|p2a: Garganacl|1\/100\n|move|p2a: Garganacl|Recover|p2a: Garganacl\n|-heal|p2a: Garganacl|51\/100\n|\n|-heal|p2a: Garganacl|57\/100|[from] item: Leftovers\n|upkeep\n|turn|9\n|\n|t:|1682538537\n|move|p1b: Ting-Lu|Earthquake|p2a: Garganacl\n|-supereffective|p2a: Garganacl\n|-damage|p2a: Garganacl|0 fnt\n|faint|p2a: Garganacl\n|\n|win|DozingDozo\n|raw|DozingDozo's rating: 1119 → 1142<\/strong> (+23 for winning)\n|raw|b(R)2's rating: 1089 → 1068<\/strong> (-21 for losing)\n","uploadtime":1682538543,"views":21,"p1id":"dozingdozo","p2id":"br2","formatid":"gen9vgc2023regulationc","rating":1068,"private":0,"password":""}