{"id":"gen9vgc2023regulationc-1845956727","p1":"Keveloper","p2":"leonnov123","format":"[Gen 9] VGC 2023 Regulation C","log":"|j|\u2606Keveloper\n|j|\u2606leonnov123\n|t:|1681783688\n|gametype|doubles\n|player|p1|Keveloper|lucas|1516\n|player|p2|leonnov123|265|1479\n|teamsize|p1|6\n|teamsize|p2|6\n|gen|9\n|tier|[Gen 9] VGC 2023 Regulation C\n|rated|\n|rule|Species Clause: Limit one of each Pok\u00e9mon\n|rule|Item Clause: Limit one of each item\n|clearpoke\n|poke|p1|Orthworm, L50, M|\n|poke|p1|Dragonite, L50, M|\n|poke|p1|Ting-Lu, L50|\n|poke|p1|Gyarados, L50, M|\n|poke|p1|Flutter Mane, L50|\n|poke|p1|Chien-Pao, L50|\n|poke|p2|Glimmora, L50, M|\n|poke|p2|Dragonite, L50, F|\n|poke|p2|Chien-Pao, L50|\n|poke|p2|Ceruledge, L50, M|\n|poke|p2|Tatsugiri-Stretchy, L50, M|\n|poke|p2|Dondozo, L50, M|\n|teampreview|4\nleonnov123 has agreed to open team sheets.\n|c|\u2606Keveloper|Sorry, practicing for the closed team sheet global challenge\n|c|\u2606leonnov123|nw\n|c|\u2606leonnov123|good luck on that challenge\n|c|\u2606Keveloper|ty\n|c|\u2606Keveloper|glhf\n|c|\u2606leonnov123|tyu2\n|j| haoran zhou\n|\n|t:|1681783759\n|start\n|switch|p1a: Orthworm|Orthworm, L50, M|100\/100\n|switch|p1b: Gyarados|Gyarados, L50, M|100\/100\n|switch|p2a: Glimmora|Glimmora, L50, M|100\/100\n|switch|p2b: Dragonite|Dragonite, L50, F|100\/100\n|-ability|p1b: Gyarados|Intimidate|boost\n|-unboost|p2a: Glimmora|atk|1\n|-unboost|p2b: Dragonite|atk|1\n|turn|1\n|\n|t:|1681783803\n|move|p1b: Gyarados|Bulldoze|p2a: Glimmora|[spread] p2a\n|-immune|p1a: Orthworm|[from] ability: Earth Eater\n|-immune|p2b: Dragonite\n|-supereffective|p2a: Glimmora\n|-damage|p2a: Glimmora|50\/100\n|-unboost|p2a: Glimmora|spe|1\n|-activate|p2a: Glimmora|ability: Toxic Debris\n|-sidestart|p1: Keveloper|move: Toxic Spikes\n|move|p2b: Dragonite|Tailwind|p2b: Dragonite\n|-sidestart|p2: leonnov123|move: Tailwind\n|move|p2a: Glimmora|Power Gem|p1b: Gyarados\n|-supereffective|p1b: Gyarados\n|-damage|p1b: Gyarados|21\/100\n|move|p1a: Orthworm|Shed Tail|p1a: Orthworm\n|-start|p1a: Orthworm|Substitute|[from] move: Shed Tail\n|-damage|p1a: Orthworm|50\/100\n|-enditem|p1a: Orthworm|Sitrus Berry|[eat]\n|-heal|p1a: Orthworm|75\/100|[from] item: Sitrus Berry\n|\n|t:|1681783825\n|switch|p1a: Chien-Pao|Chien-Pao, L50|100\/100|[from] Shed Tail\n|-status|p1a: Chien-Pao|psn\n|-ability|p1a: Chien-Pao|Sword of Ruin\n|\n|-damage|p1a: Chien-Pao|88\/100 psn|[from] psn\n|upkeep\n|turn|2\n|\n|t:|1681783852\n|-terastallize|p2b: Dragonite|Normal\n|move|p2b: Dragonite|Extreme Speed|p1b: Gyarados\n|-damage|p1b: Gyarados|0 fnt\n|faint|p1b: Gyarados\n|move|p1a: Chien-Pao|Ice Spinner|p2b: Dragonite\n|-damage|p2b: Dragonite|75\/100\n|move|p2a: Glimmora|Power Gem|p1a: Chien-Pao\n|-supereffective|p1a: Chien-Pao\n|-end|p1a: Chien-Pao|Substitute\n|\n|-damage|p1a: Chien-Pao|76\/100 psn|[from] psn\n|upkeep\n|\n|t:|1681783866\n|switch|p1b: Dragonite|Dragonite, L50, M|100\/100\n|turn|3\n|\n|t:|1681783879\n|switch|p1a: Orthworm|Orthworm, L50, M|75\/100\n|move|p2b: Dragonite|Outrage|p1a: Orthworm\n|-resisted|p1a: Orthworm\n|-damage|p1a: Orthworm|60\/100\n|move|p1b: Dragonite|Earthquake|p2b: Dragonite|[spread] p2a,p2b\n|-heal|p1a: Orthworm|85\/100|[from] ability: Earth Eater|[of] p1b: Dragonite\n|-supereffective|p2a: Glimmora\n|-damage|p2a: Glimmora|0 fnt\n|-damage|p2b: Dragonite|50\/100\n|-activate|p2a: Glimmora|ability: Toxic Debris\n|-sidestart|p1: Keveloper|move: Toxic Spikes\n|faint|p2a: Glimmora\n|\n|upkeep\n|\n|t:|1681783892\n|switch|p2a: Chien-Pao|Chien-Pao, L50|100\/100\n|-ability|p2a: Chien-Pao|Sword of Ruin\n|turn|4\n|\n|t:|1681783910\n|switch|p1b: Chien-Pao|Chien-Pao, L50|76\/100 psn\n|-ability|p1b: Chien-Pao|Sword of Ruin\n|move|p2a: Chien-Pao|Ice Spinner|p1b: Chien-Pao\n|-resisted|p1b: Chien-Pao\n|-damage|p1b: Chien-Pao|47\/100 psn\n|move|p2b: Dragonite|Outrage|p1a: Orthworm|[from]lockedmove\n|-resisted|p1a: Orthworm\n|-damage|p1a: Orthworm|66\/100\n|move|p1a: Orthworm|Body Press|p2a: Chien-Pao\n|-supereffective|p2a: Chien-Pao\n|-enditem|p2a: Chien-Pao|Focus Sash\n|-damage|p2a: Chien-Pao|1\/100\n|\n|-damage|p1b: Chien-Pao|35\/100 psn|[from] psn\n|-sideend|p2: leonnov123|move: Tailwind\n|upkeep\n|turn|5\n|\n|t:|1681783954\n|move|p2a: Chien-Pao|Protect|p2a: Chien-Pao\n|-singleturn|p2a: Chien-Pao|Protect\n|move|p1b: Chien-Pao|Sucker Punch|p2b: Dragonite\n|-damage|p2b: Dragonite|7\/100\n|move|p2b: Dragonite|Outrage|p1b: Chien-Pao|[from]lockedmove\n|-crit|p1b: Chien-Pao\n|-damage|p1b: Chien-Pao|0 fnt\n|faint|p1b: Chien-Pao\n|-start|p2b: Dragonite|confusion|[fatigue]\n|-enditem|p2b: Dragonite|Lum Berry|[eat]\n|-end|p2b: Dragonite|confusion\n|move|p1a: Orthworm|Iron Defense|p1a: Orthworm\n|-boost|p1a: Orthworm|def|2\n|\n|upkeep\n|\n|t:|1681783964\n|switch|p1b: Dragonite|Dragonite, L50, M|100\/100\n|turn|6\n|\n|t:|1681783990\n|switch|p2a: Tatsugiri|Tatsugiri-Stretchy, L50, M|100\/100\n|-terastallize|p1b: Dragonite|Flying\n|move|p2b: Dragonite|Extreme Speed|p1b: Dragonite\n|-damage|p1b: Dragonite|84\/100\n|move|p1b: Dragonite|Earthquake|p2a: Tatsugiri|[spread] p2a,p2b\n|-heal|p1a: Orthworm|91\/100|[from] ability: Earth Eater|[of] p1b: Dragonite\n|-damage|p2a: Tatsugiri|51\/100\n|-damage|p2b: Dragonite|0 fnt\n|faint|p2b: Dragonite\n|move|p1a: Orthworm|Iron Defense|p1a: Orthworm\n|-boost|p1a: Orthworm|def|2\n|\n|upkeep\n|\n|t:|1681784003\n|switch|p2b: Chien-Pao|Chien-Pao, L50|1\/100\n|-ability|p2b: Chien-Pao|Sword of Ruin\n|turn|7\n|j| merahmerona\n|\n|t:|1681784024\n|move|p1b: Dragonite|Extreme Speed|p2b: Chien-Pao\n|-damage|p2b: Chien-Pao|0 fnt\n|faint|p2b: Chien-Pao\n|move|p2a: Tatsugiri|Icy Wind|p1b: Dragonite|[spread] p1a,p1b\n|-resisted|p1a: Orthworm\n|-supereffective|p1b: Dragonite\n|-damage|p1a: Orthworm|82\/100\n|-damage|p1b: Dragonite|55\/100\n|-unboost|p1a: Orthworm|spe|1\n|-unboost|p1b: Dragonite|spe|1\n|move|p1a: Orthworm|Body Press|p2a: Tatsugiri\n|-damage|p2a: Tatsugiri|0 fnt\n|faint|p2a: Tatsugiri\n|\n|win|Keveloper\n|raw|Keveloper's rating: 1516 → 1534<\/strong> (+18 for winning)\n|raw|leonnov123's rating: 1479 → 1461<\/strong> (-18 for losing)\n|l|\u2606leonnov123\n","uploadtime":1681784038,"views":4,"p1id":"keveloper","p2id":"leonnov123","formatid":"gen9vgc2023regulationc","rating":1461,"private":0,"password":""}