{"id":"gen9vgc2023regulationc-1849722815","p1":"Flytrapin","p2":"b4d3","format":"[Gen 9] VGC 2023 Regulation C","log":"|j|\u2606Flytrapin\n|j|\u2606b4d3\n|t:|1682239620\n|gametype|doubles\n|player|p1|Flytrapin|alder|1113\n|player|p2|b4d3|101|1000\n|teamsize|p1|6\n|teamsize|p2|6\n|gen|9\n|tier|[Gen 9] VGC 2023 Regulation C\n|rated|\n|rule|Species Clause: Limit one of each Pok\u00e9mon\n|rule|Item Clause: Limit one of each item\n|clearpoke\n|poke|p1|Arcanine, L50, M|\n|poke|p1|Sableye, L50, F|\n|poke|p1|Toedscruel, L50, F|\n|poke|p1|Slaking, L50, M|\n|poke|p1|Meowscarada, L50, F|\n|poke|p1|Grimmsnarl, L50, M|\n|poke|p2|Murkrow, L50, F|\n|poke|p2|Meowscarada, L50, M|\n|poke|p2|Garchomp, L50, F|\n|poke|p2|Scizor, L50, M|\n|poke|p2|Corviknight, L50, M|\n|poke|p2|Rotom-Heat, L50|\n|teampreview|4\n|inactive|Battle timer is ON: inactive players will automatically lose when time's up. (requested by Flytrapin)\n|\n|t:|1682239638\n|start\n|switch|p1a: Sableye|Sableye, L50, F|100\/100\n|switch|p1b: Toedscruel|Toedscruel, L50, F|100\/100\n|switch|p2a: Murkrow|Murkrow, L50, F, shiny|100\/100\n|switch|p2b: Meowscarada|Meowscarada, L50, M|100\/100\n|turn|1\n|inactive|b4d3 has 30 seconds left.\n|inactive|b4d3 has 20 seconds left.\n|\n|t:|1682239676\n|move|p2a: Murkrow|Protect|p2a: Murkrow\n|-singleturn|p2a: Murkrow|Protect\n|move|p1a: Sableye|Skill Swap|p1b: Toedscruel\n|-activate|p1a: Sableye|move: Skill Swap|||[of] p1b: Toedscruel\n|move|p1b: Toedscruel|Spore|p2a: Murkrow\n|-activate|p2a: Murkrow|move: Protect\n|move|p2b: Meowscarada|U-turn|p1a: Sableye\n|-start|p2b: Meowscarada|typechange|Bug|[from] ability: Protean\n|-damage|p1a: Sableye|45\/100\n|-enditem|p1a: Sableye|Eject Button\n|-damage|p2b: Meowscarada|91\/100|[from] item: Life Orb\n|\n|t:|1682239691\n|switch|p1a: Meowscarada|Meowscarada, L50, F|100\/100\n|\n|upkeep\n|turn|2\n|inactive|Flytrapin has 30 seconds left.\n|\n|t:|1682239718\n|move|p1b: Toedscruel|Spore|p2a: Murkrow\n|-hint|Since gen 7, Dark is immune to Prankster moves.\n|-immune|p2a: Murkrow\n|move|p2a: Murkrow|Taunt|p1b: Toedscruel\n|-start|p1b: Toedscruel|move: Taunt\n|move|p1a: Meowscarada|Pollen Puff|p2a: Murkrow\n|-start|p1a: Meowscarada|typechange|Bug|[from] ability: Protean\n|-damage|p2a: Murkrow|70\/100\n|move|p2b: Meowscarada|U-turn|p1a: Meowscarada\n|-damage|p1a: Meowscarada|25\/100\n|-damage|p2b: Meowscarada|81\/100|[from] item: Life Orb\n|\n|t:|1682239731\n|switch|p2b: Scizor|Scizor, L50, M, shiny|100\/100|[from] U-turn\n|\n|upkeep\n|turn|3\n|\n|t:|1682239745\n|switch|p1a: Sableye|Sableye, L50, F|45\/100\n|switch|p1b: Slaking|Slaking, L50, M|100\/100\n|move|p2a: Murkrow|Protect|p2a: Murkrow\n|-singleturn|p2a: Murkrow|Protect\n|move|p2b: Scizor|Bullet Punch|p1a: Sableye\n|-damage|p1a: Sableye|0 fnt\n|faint|p1a: Sableye\n|\n|upkeep\n|\n|t:|1682239748\n|switch|p1a: Meowscarada|Meowscarada, L50, F|25\/100\n|turn|4\n|inactive|b4d3 has 30 seconds left.\n|\n|t:|1682239780\n|move|p2a: Murkrow|Tailwind|p2a: Murkrow\n|-sidestart|p2: b4d3|move: Tailwind\n|move|p2b: Scizor|Bullet Punch|p1a: Meowscarada\n|-damage|p1a: Meowscarada|0 fnt\n|faint|p1a: Meowscarada\n|move|p1b: Slaking|Drain Punch|p2b: Scizor\n|-damage|p2b: Scizor|58\/100\n|-damage|p1b: Slaking|91\/100|[from] item: Life Orb\n|\n|upkeep\n|\n|t:|1682239788\n|switch|p1a: Toedscruel|Toedscruel, L50, F|100\/100\n|turn|5\n|\n|t:|1682239807\n|-terastallize|p2b: Scizor|Steel\n|move|p2a: Murkrow|Taunt|p1a: Toedscruel\n|-start|p1a: Toedscruel|move: Taunt\n|move|p2b: Scizor|Bullet Punch|p1a: Toedscruel\n|-damage|p1a: Toedscruel|21\/100\n|cant|p1b: Slaking|ability: Truant\n|cant|p1a: Toedscruel|move: Taunt|Spore\n|\n|upkeep\n|turn|6\n|inactive|Flytrapin has 30 seconds left.\n|inactive|Flytrapin has 20 seconds left.\n|inactive|Flytrapin has 15 seconds left.\n|-message|Flytrapin forfeited.\n|\n|win|b4d3\n|raw|Flytrapin's rating: 1113 → 1080<\/strong> (-33 for losing)\n|raw|b4d3's rating: 1000 → 1053<\/strong> (+53 for winning)\n|l|\u2606Flytrapin\n|c|\u2606b4d3|lolo\n","uploadtime":1682239864,"views":17,"p1id":"flytrapin","p2id":"b4d3","formatid":"gen9vgc2023regulationc","rating":1053,"private":0,"password":""}