{"id":"gen9vgc2023regulationc-1845699437","p1":"Nemaizels","p2":"fainfive","format":"[Gen 9] VGC 2023 Regulation C","log":"|j|\u2606Nemaizels\n|j|\u2606fainfive\n|t:|1681756614\n|gametype|doubles\n|player|p1|Nemaizels|170|1000\n|player|p2|fainfive|boarder|1000\n|teamsize|p1|6\n|teamsize|p2|6\n|gen|9\n|tier|[Gen 9] VGC 2023 Regulation C\n|rated|\n|rule|Species Clause: Limit one of each Pok\u00e9mon\n|rule|Item Clause: Limit one of each item\n|clearpoke\n|poke|p1|Palafin, L50, M|\n|poke|p1|Arcanine, L50, F|\n|poke|p1|Amoonguss, L50, F|\n|poke|p1|Ting-Lu, L50|\n|poke|p1|Baxcalibur, L50, F|\n|poke|p1|Flutter Mane, L50|\n|poke|p2|Maushold, L50|\n|poke|p2|Annihilape, L50, M|\n|poke|p2|Ting-Lu, L50|\n|poke|p2|Flutter Mane, L50|\n|poke|p2|Ceruledge, L50, M|\n|poke|p2|Amoonguss, L50, M|\n|teampreview|4\n|inactive|Battle timer is ON: inactive players will automatically lose when time's up. (requested by fainfive)\nNemaizels has agreed to open team sheets.\n|inactive|fainfive has 60 seconds left.\n|c|\u2606Nemaizels|Hf\n|c|\u2606fainfive|imma try im super rusty and threw this together\n|c|\u2606fainfive|1st reg c game\n|c|\u2606Nemaizels|It\u2019s my second lol\n|inactive|fainfive has 30 seconds left.\n|c|\u2606Nemaizels|hopefully first win\n|c|\u2606fainfive|nice\n|c|\u2606fainfive|gl\n|c|\u2606Nemaizels|Gl\n|inactive|fainfive has 20 seconds left.\n|inactive|fainfive has 15 seconds left.\n|inactive|fainfive has 10 seconds left.\n|\n|t:|1681756695\n|start\n|switch|p1a: Amoonguss|Amoonguss, L50, F|100\/100\n|switch|p1b: Palafin|Palafin, L50, M|100\/100\n|switch|p2a: Ting-Lu|Ting-Lu, L50|100\/100\n|switch|p2b: Flutter Mane|Flutter Mane, L50, shiny|100\/100\n|-ability|p2a: Ting-Lu|Vessel of Ruin\n|-enditem|p2b: Flutter Mane|Booster Energy\n|-activate|p2b: Flutter Mane|ability: Protosynthesis|[fromitem]\n|-start|p2b: Flutter Mane|protosynthesisspe\n|turn|1\n|inactive|fainfive has 30 seconds left.\n|\n|t:|1681756728\n|detailschange|p1b: Palafin|Palafin-Hero, L50, M\n|switch|p1b: Flutter Mane|Flutter Mane, L50|100\/100\n|move|p2b: Flutter Mane|Protect|p2b: Flutter Mane\n|-singleturn|p2b: Flutter Mane|Protect\n|move|p2a: Ting-Lu|Fissure|p1a: Amoonguss\n|-damage|p1a: Amoonguss|0 fnt\n|faint|p1a: Amoonguss\n|-ohko\n|\n|upkeep\n|c|\u2606fainfive|lol\n|c|\u2606fainfive|pogger\n|c|\u2606Nemaizels|I love pokemon\n|\n|t:|1681756749\n|switch|p1a: Palafin|Palafin-Hero, L50, M|100\/100\n|-activate|p1a: Palafin|ability: Zero to Hero\n|turn|2\n|c|\u2606fainfive|same\n|inactive|fainfive has 30 seconds left.\n|c|\u2606Nemaizels|Lol\n|\n|t:|1681756782\n|move|p2b: Flutter Mane|Dazzling Gleam|p1a: Palafin|[spread] p1a,p1b\n|-damage|p1a: Palafin|76\/100\n|-damage|p1b: Flutter Mane|77\/100\n|move|p1b: Flutter Mane|Moonblast|p2b: Flutter Mane\n|-damage|p2b: Flutter Mane|38\/100\n|-unboost|p2b: Flutter Mane|spa|1\n|move|p1a: Palafin|Wave Crash|p2a: Ting-Lu\n|-supereffective|p2a: Ting-Lu\n|-damage|p2a: Ting-Lu|0 fnt\n|faint|p2a: Ting-Lu\n|-damage|p1a: Palafin|39\/100|[from] Recoil\n|\n|upkeep\n|\n|t:|1681756794\n|switch|p2a: Amoonguss|Amoonguss, L50, M, shiny|100\/100\n|turn|3\n|inactive|fainfive has 30 seconds left.\n|inactive|fainfive has 20 seconds left.\n|\n|t:|1681756831\n|-end|p1b: Flutter Mane|Protosynthesis|[silent]\n|switch|p1b: Ting-Lu|Ting-Lu, L50|100\/100\n|-ability|p1b: Ting-Lu|Vessel of Ruin\n|-terastallize|p2a: Amoonguss|Water\n|move|p2b: Flutter Mane|Protect|p2b: Flutter Mane\n|-singleturn|p2b: Flutter Mane|Protect\n|move|p1a: Palafin|Jet Punch|p2b: Flutter Mane\n|-activate|p2b: Flutter Mane|move: Protect\n|move|p2a: Amoonguss|Spore|p1a: Palafin\n|-status|p1a: Palafin|slp|[from] move: Spore\n|\n|upkeep\n|turn|4\n|inactive|Nemaizels has 30 seconds left.\n|inactive|fainfive has 30 seconds left.\n|\n|t:|1681756862\n|-end|p2b: Flutter Mane|Protosynthesis|[silent]\n|switch|p2b: Ceruledge|Ceruledge, L50, M, shiny|100\/100\n|cant|p1a: Palafin|slp\n|move|p1b: Ting-Lu|Heavy Slam|p2b: Ceruledge\n|-resisted|p2b: Ceruledge\n|-damage|p2b: Ceruledge|72\/100\n|move|p2a: Amoonguss|Spore|p1b: Ting-Lu\n|-status|p1b: Ting-Lu|slp|[from] move: Spore\n|\n|upkeep\n|turn|5\n|\n|t:|1681756885\n|move|p2a: Amoonguss|Rage Powder|p2a: Amoonguss\n|-singleturn|p2a: Amoonguss|move: Rage Powder\n|-curestatus|p1a: Palafin|slp|[msg]\n|move|p1a: Palafin|Jet Punch|p2a: Amoonguss\n|-resisted|p2a: Amoonguss\n|-damage|p2a: Amoonguss|82\/100\n|move|p2b: Ceruledge|Bulk Up|p2b: Ceruledge\n|-boost|p2b: Ceruledge|atk|1\n|-boost|p2b: Ceruledge|def|1\n|cant|p1b: Ting-Lu|slp\n|\n|upkeep\n|turn|6\n|inactive|fainfive has 30 seconds left.\n|\n|t:|1681756918\n|move|p2a: Amoonguss|Rage Powder|p2a: Amoonguss\n|-singleturn|p2a: Amoonguss|move: Rage Powder\n|move|p2b: Ceruledge|Shadow Sneak|p1a: Palafin\n|-damage|p1a: Palafin|13\/100\n|move|p1a: Palafin|Substitute|p1a: Palafin\n|-fail|p1a: Palafin|move: Substitute|[weak]\n|cant|p1b: Ting-Lu|slp\n|\n|upkeep\n|turn|7\n|\n|t:|1681756942\n|move|p1a: Palafin|Protect|p1a: Palafin\n|-singleturn|p1a: Palafin|Protect\n|move|p2a: Amoonguss|Rage Powder|p2a: Amoonguss\n|-singleturn|p2a: Amoonguss|move: Rage Powder\n|move|p2b: Ceruledge|Shadow Sneak|p1a: Palafin\n|-activate|p1a: Palafin|move: Protect\n|-curestatus|p1b: Ting-Lu|slp|[msg]\n|move|p1b: Ting-Lu|Stomping Tantrum|p2a: Amoonguss\n|-damage|p2a: Amoonguss|22\/100\n|-enditem|p2a: Amoonguss|Sitrus Berry|[eat]\n|-heal|p2a: Amoonguss|47\/100|[from] item: Sitrus Berry\n|\n|upkeep\n|turn|8\n|inactive|Nemaizels has 30 seconds left.\n|inactive|fainfive has 30 seconds left.\n|\n|t:|1681756984\n|switch|p1a: Flutter Mane|Flutter Mane, L50|77\/100\n|move|p2b: Ceruledge|Shadow Sneak|p1a: Flutter Mane\n|-supereffective|p1a: Flutter Mane\n|-damage|p1a: Flutter Mane|0 fnt\n|faint|p1a: Flutter Mane\n|-end|p1a: Flutter Mane|Protosynthesis|[silent]\n|move|p1b: Ting-Lu|Stomping Tantrum|p2b: Ceruledge\n|-supereffective|p2b: Ceruledge\n|-damage|p2b: Ceruledge|0 fnt\n|faint|p2b: Ceruledge\n|move|p2a: Amoonguss|Spore|p1b: Ting-Lu\n|-status|p1b: Ting-Lu|slp|[from] move: Spore\n|\n|upkeep\n|\n|t:|1681756995\n|switch|p1a: Palafin|Palafin-Hero, L50, M|13\/100\n|switch|p2b: Flutter Mane|Flutter Mane, L50, shiny|38\/100\n|turn|9\n|\n|t:|1681757008\n|move|p2b: Flutter Mane|Protect|p2b: Flutter Mane\n|-singleturn|p2b: Flutter Mane|Protect\n|move|p1a: Palafin|Protect|p1a: Palafin\n|-singleturn|p1a: Palafin|Protect\n|cant|p1b: Ting-Lu|slp\n|move|p2a: Amoonguss|Pollen Puff|p1a: Palafin\n|-activate|p1a: Palafin|move: Protect\n|\n|upkeep\n|turn|10\n|\n|t:|1681757023\n|move|p2a: Amoonguss|Rage Powder|p2a: Amoonguss\n|-singleturn|p2a: Amoonguss|move: Rage Powder\n|move|p1a: Palafin|Jet Punch|p2a: Amoonguss\n|-resisted|p2a: Amoonguss\n|-damage|p2a: Amoonguss|28\/100\n|move|p2b: Flutter Mane|Dazzling Gleam|p1a: Palafin|[spread] p1a,p1b\n|-supereffective|p1b: Ting-Lu\n|-damage|p1a: Palafin|0 fnt\n|-damage|p1b: Ting-Lu|77\/100 slp\n|faint|p1a: Palafin\n|cant|p1b: Ting-Lu|slp\n|\n|upkeep\n|turn|11\n|inactive|fainfive has 30 seconds left.\n|inactive|fainfive has 20 seconds left.\n|c|\u2606fainfive|we are coin flip for speed yeah?\n|inactive|fainfive has 15 seconds left.\n|c|\u2606Nemaizels|I don\u2019t know\n|inactive|fainfive has 10 seconds left.\n|\n|t:|1681757072\n|-terastallize|p1b: Ting-Lu|Poison\n|move|p2b: Flutter Mane|Moonblast|p1b: Ting-Lu\n|-resisted|p1b: Ting-Lu\n|-damage|p1b: Ting-Lu|68\/100 slp\n|cant|p1b: Ting-Lu|slp\n|move|p2a: Amoonguss|Pollen Puff|p2b: Flutter Mane\n|-heal|p2b: Flutter Mane|88\/100\n|\n|upkeep\n|turn|12\n|c|\u2606Nemaizels|i thought Moongus was faster\n|\n|t:|1681757090\n|move|p2b: Flutter Mane|Protect|p2b: Flutter Mane\n|-singleturn|p2b: Flutter Mane|Protect\n|-curestatus|p1b: Ting-Lu|slp|[msg]\n|move|p1b: Ting-Lu|Heavy Slam|p2b: Flutter Mane\n|-activate|p2b: Flutter Mane|move: Protect\n|move|p2a: Amoonguss|Spore|p1b: Ting-Lu\n|-status|p1b: Ting-Lu|slp|[from] move: Spore\n|\n|upkeep\n|turn|13\n|\n|t:|1681757102\n|move|p2b: Flutter Mane|Shadow Ball|p1b: Ting-Lu\n|-damage|p1b: Ting-Lu|52\/100 slp\n|-unboost|p1b: Ting-Lu|spd|1\n|cant|p1b: Ting-Lu|slp\n|move|p2a: Amoonguss|Pollen Puff|p1b: Ting-Lu\n|-resisted|p1b: Ting-Lu\n|-damage|p1b: Ting-Lu|48\/100 slp\n|\n|upkeep\n|turn|14\n|c|\u2606Nemaizels|Woops\n|c|\u2606Nemaizels|guess I should\u2019ve stomped amoongus there?\n|inactive|fainfive has 30 seconds left.\n|\n|t:|1681757132\n|move|p2a: Amoonguss|Rage Powder|p2a: Amoonguss\n|-singleturn|p2a: Amoonguss|move: Rage Powder\n|move|p2b: Flutter Mane|Shadow Ball|p1b: Ting-Lu\n|-damage|p1b: Ting-Lu|24\/100 slp\n|-curestatus|p1b: Ting-Lu|slp|[msg]\n|move|p1b: Ting-Lu|Stomping Tantrum|p2a: Amoonguss\n|-damage|p2a: Amoonguss|0 fnt\n|faint|p2a: Amoonguss\n|\n|upkeep\n|turn|15\n|c|\u2606Nemaizels|Now it\u2019s rng\n|c|\u2606fainfive|idk i still cant kill i dont think\n|c|\u2606fainfive|oh true\n|inactive|fainfive has 30 seconds left.\n|c|\u2606Nemaizels|You might high roll\n|c|\u2606fainfive|i have to roll the kill\n|c|\u2606fainfive|lmao\n|c|\u2606fainfive|pokemon\n|inactive|fainfive has 20 seconds left.\n|\n|t:|1681757167\n|move|p2b: Flutter Mane|Shadow Ball|p1b: Ting-Lu\n|-damage|p1b: Ting-Lu|0 fnt\n|faint|p1b: Ting-Lu\n|\n|win|fainfive\n|inactive|fainfive has 30 seconds left this turn.\n|raw|Nemaizels's rating: 1000 → 1000<\/strong> (+0 for losing)\n|raw|fainfive's rating: 1000 → 1040<\/strong> (+40 for winning)\n|c|\u2606fainfive|gg\n|c|\u2606Nemaizels|You choice locked?\n|c|\u2606Nemaizels|gg\n|c|\u2606Nemaizels|!\n|c|\u2606fainfive|no\n|c|\u2606Nemaizels|that was fun\n|c|\u2606fainfive|i had fairy moves or shadow ball\n|c|\u2606Nemaizels|ohh wait I forgot I terad\n|c|\u2606fainfive|and shadow did the most. i used booster\n|c|\u2606Nemaizels|so no fairy moves\n|c|\u2606fainfive|yes\n|c|\u2606fainfive|gg tho. this reg is wild\n|c|\u2606Nemaizels|Word well gg\n|c|\u2606Nemaizels|best of luck going forward\n","uploadtime":1681757206,"views":11,"p1id":"nemaizels","p2id":"fainfive","formatid":"gen9vgc2023regulationc","rating":1000,"private":0,"password":""}