{"id":"gen9vgc2023regulationc-1854591291","p1":"infinitygroudon","p2":"yamaguronekuro","format":"[Gen 9] VGC 2023 Regulation C","log":"|j|\u2606infinitygroudon\n|j|\u2606yamaguronekuro\n|t:|1682832079\n|gametype|doubles\n|player|p1|infinitygroudon|170|1677\n|player|p2|yamaguronekuro|265|1740\n|teamsize|p1|6\n|teamsize|p2|6\n|gen|9\n|tier|[Gen 9] VGC 2023 Regulation C\n|rated|\n|rule|Species Clause: Limit one of each Pok\u00e9mon\n|rule|Item Clause: Limit one of each item\n|clearpoke\n|poke|p1|Ting-Lu, L50|\n|poke|p1|Amoonguss, L50, M|\n|poke|p1|Corviknight, L50, M|\n|poke|p1|Palafin, L50, F|\n|poke|p1|Farigiraf, L50, F|\n|poke|p1|Chi-Yu, L50|\n|poke|p2|Dragonite, L50, M|\n|poke|p2|Chi-Yu, L50|\n|poke|p2|Ting-Lu, L50|\n|poke|p2|Flutter Mane, L50|\n|poke|p2|Orthworm, L50, F|\n|poke|p2|Dondozo, L50, F|\n|teampreview|4\ninfinitygroudon has agreed to open team sheets.\n|\n|t:|1682832121\n|start\n|switch|p1a: Palafin|Palafin, L50, F, shiny|100\/100\n|switch|p1b: Chi-Yu|Chi-Yu, L50|100\/100\n|switch|p2a: Ting-Lu|Ting-Lu, L50|100\/100\n|switch|p2b: Orthworm|Orthworm, L50, F|100\/100\n|-ability|p1b: Chi-Yu|Beads of Ruin\n|-ability|p2a: Ting-Lu|Vessel of Ruin\n|turn|1\n|\n|t:|1682832142\n|switch|p2b: Chi-Yu|Chi-Yu, L50|100\/100\n|-ability|p2b: Chi-Yu|Beads of Ruin\n|-terastallize|p1b: Chi-Yu|Grass\n|move|p1b: Chi-Yu|Tera Blast|p2a: Ting-Lu\n|-supereffective|p2a: Ting-Lu\n|-damage|p2a: Ting-Lu|46\/100\n|-damage|p1b: Chi-Yu|91\/100|[from] item: Life Orb\n|move|p1a: Palafin|Wave Crash|p2a: Ting-Lu\n|-supereffective|p2a: Ting-Lu\n|-damage|p2a: Ting-Lu|0 fnt\n|faint|p2a: Ting-Lu\n|-damage|p1a: Palafin|79\/100|[from] Recoil\n|\n|upkeep\n|\n|t:|1682832159\n|switch|p2a: Dragonite|Dragonite, L50, M|100\/100\n|turn|2\n|\n|t:|1682832192\n|switch|p1b: Ting-Lu|Ting-Lu, L50|100\/100\n|-ability|p1b: Ting-Lu|Vessel of Ruin\n|-terastallize|p2a: Dragonite|Flying\n|move|p1a: Palafin|Wave Crash|p2b: Chi-Yu\n|-supereffective|p2b: Chi-Yu\n|-enditem|p2b: Chi-Yu|Passho Berry|[eat]\n|-enditem|p2b: Chi-Yu|Passho Berry|[weaken]\n|-damage|p2b: Chi-Yu|35\/100\n|-damage|p1a: Palafin|60\/100|[from] Recoil\n|move|p2b: Chi-Yu|Heat Wave|p1a: Palafin|[spread] p1a,p1b\n|-resisted|p1a: Palafin\n|-damage|p1a: Palafin|32\/100\n|-damage|p1b: Ting-Lu|75\/100\n|move|p2a: Dragonite|Tera Blast|p1a: Palafin\n|-damage|p1a: Palafin|0 fnt\n|faint|p1a: Palafin\n|\n|-heal|p1b: Ting-Lu|81\/100|[from] item: Leftovers\n|upkeep\n|\n|t:|1682832210\n|switch|p1a: Farigiraf|Farigiraf, L50, F|100\/100\n|turn|3\n|\n|t:|1682832224\n|move|p2b: Chi-Yu|Dark Pulse|p1a: Farigiraf\n|-supereffective|p1a: Farigiraf\n|-crit|p1a: Farigiraf\n|-damage|p1a: Farigiraf|0 fnt\n|faint|p1a: Farigiraf\n|move|p2a: Dragonite|Tera Blast|p1b: Ting-Lu\n|-damage|p1b: Ting-Lu|52\/100\n|move|p1b: Ting-Lu|Ruination|p2a: Dragonite\n|-damage|p2a: Dragonite|51\/100\n|\n|-heal|p1b: Ting-Lu|58\/100|[from] item: Leftovers\n|upkeep\n|\n|t:|1682832227\n|switch|p1a: Chi-Yu|Chi-Yu, L50, tera:Grass|91\/100\n|-ability|p1a: Chi-Yu|Beads of Ruin\n|turn|4\n|\n|t:|1682832244\n|move|p1a: Chi-Yu|Protect|p1a: Chi-Yu\n|-singleturn|p1a: Chi-Yu|Protect\n|move|p2b: Chi-Yu|Protect|p2b: Chi-Yu\n|-singleturn|p2b: Chi-Yu|Protect\n|move|p2a: Dragonite|Protect|p2a: Dragonite\n|-singleturn|p2a: Dragonite|Protect\n|move|p1b: Ting-Lu|Stomping Tantrum|p2b: Chi-Yu\n|-activate|p2b: Chi-Yu|move: Protect\n|\n|-heal|p1b: Ting-Lu|64\/100|[from] item: Leftovers\n|upkeep\n|turn|5\n|\n|t:|1682832259\n|move|p1a: Chi-Yu|Heat Wave|p2b: Chi-Yu|[spread] p2a,p2b\n|-crit|p2a: Dragonite\n|-resisted|p2b: Chi-Yu\n|-damage|p2a: Dragonite|0 fnt\n|-damage|p2b: Chi-Yu|18\/100\n|faint|p2a: Dragonite\n|-damage|p1a: Chi-Yu|81\/100|[from] item: Life Orb\n|move|p2b: Chi-Yu|Heat Wave|p1a: Chi-Yu|[spread] p1a,p1b\n|-supereffective|p1a: Chi-Yu\n|-damage|p1a: Chi-Yu|21\/100\n|-damage|p1b: Ting-Lu|40\/100\n|-status|p1b: Ting-Lu|brn\n|move|p1b: Ting-Lu|Stomping Tantrum|p2b: Chi-Yu\n|-supereffective|p2b: Chi-Yu\n|-damage|p2b: Chi-Yu|0 fnt\n|faint|p2b: Chi-Yu\n|\n|-heal|p1b: Ting-Lu|46\/100 brn|[from] item: Leftovers\n|-damage|p1b: Ting-Lu|40\/100 brn|[from] brn\n|upkeep\n|\n|t:|1682832272\n|switch|p2b: Orthworm|Orthworm, L50, F|100\/100\n|turn|6\n|\n|t:|1682832276\n|move|p1a: Chi-Yu|Protect|p1a: Chi-Yu\n|-singleturn|p1a: Chi-Yu|Protect\n|move|p2b: Orthworm|Body Press|p1a: Chi-Yu\n|-activate|p1a: Chi-Yu|move: Protect\n|move|p1b: Ting-Lu|Ruination|p2b: Orthworm\n|-damage|p2b: Orthworm|50\/100\n|\n|-heal|p2b: Orthworm|57\/100|[from] item: Leftovers\n|-heal|p1b: Ting-Lu|46\/100 brn|[from] item: Leftovers\n|-damage|p1b: Ting-Lu|40\/100 brn|[from] brn\n|upkeep\n|turn|7\n|\n|t:|1682832295\n|move|p1a: Chi-Yu|Heat Wave|p2b: Orthworm\n|-supereffective|p2b: Orthworm\n|-damage|p2b: Orthworm|0 fnt\n|faint|p2b: Orthworm\n|-damage|p1a: Chi-Yu|11\/100|[from] item: Life Orb\n|\n|win|infinitygroudon\n|raw|infinitygroudon's rating: 1677 → 1701<\/strong> (+24 for winning)\n|raw|yamaguronekuro's rating: 1740 → 1716<\/strong> (-24 for losing)\n|l|\u2606infinitygroudon\n|l|\u2606yamaguronekuro\n","uploadtime":1682832307,"views":25,"p1id":"infinitygroudon","p2id":"yamaguronekuro","formatid":"gen9vgc2023regulationc","rating":1701,"private":0,"password":""}