{"id":"gen9vgc2023regulationc-1849146339","p1":"kwankwan","p2":"VGCmento","format":"[Gen 9] VGC 2023 Regulation C","log":"|j|\u2606kwankwan\n|j|\u2606VGCmento\n|t:|1682163887\n|gametype|doubles\n|player|p1|kwankwan|1|1461\n|player|p2|VGCmento|clown|1409\n|teamsize|p1|6\n|teamsize|p2|6\n|gen|9\n|tier|[Gen 9] VGC 2023 Regulation C\n|rated|\n|rule|Species Clause: Limit one of each Pok\u00e9mon\n|rule|Item Clause: Limit one of each item\n|clearpoke\n|poke|p1|Tyranitar, L50, M|\n|poke|p1|Lycanroc, L50, F|\n|poke|p1|Corviknight, L50, F|\n|poke|p1|Garchomp, L50, M|\n|poke|p1|Chi-Yu, L50|\n|poke|p1|Iron Bundle, L50|\n|poke|p2|Dragonite, L50, F|\n|poke|p2|Chien-Pao, L50|\n|poke|p2|Amoonguss, L50, M|\n|poke|p2|Gholdengo, L50|\n|poke|p2|Arcanine, L50, F|\n|poke|p2|Flutter Mane, L50|\n|teampreview|4\nVGCmento has agreed to open team sheets.\n|inactive|Battle timer is ON: inactive players will automatically lose when time's up. (requested by VGCmento)\n|\n|t:|1682163921\n|start\n|switch|p1a: Corviknight|Corviknight, L50, F|100\/100\n|switch|p1b: Iron Bundle|Iron Bundle, L50|100\/100\n|switch|p2a: Arcanine|Arcanine, L50, F|100\/100\n|switch|p2b: Gholdengo|Gholdengo, L50|100\/100\n|-ability|p2a: Arcanine|Intimidate|boost\n|-ability|p1a: Corviknight|Mirror Armor\n|-unboost|p2a: Arcanine|atk|1\n|-unboost|p1b: Iron Bundle|atk|1\n|-enditem|p1b: Iron Bundle|Booster Energy\n|-activate|p1b: Iron Bundle|ability: Quark Drive|[fromitem]\n|-start|p1b: Iron Bundle|quarkdrivespe\n|turn|1\n|inactive|kwankwan has 30 seconds left.\n|\n|t:|1682163947\n|-end|p1b: Iron Bundle|Quark Drive|[silent]\n|switch|p1b: Tyranitar|Tyranitar, L50, M|100\/100\n|-weather|Sandstorm|[from] ability: Sand Stream|[of] p1b: Tyranitar\n|-terastallize|p1a: Corviknight|Fire\n|move|p2a: Arcanine|Will-O-Wisp|p1a: Corviknight|[miss]\n|-miss|p2a: Arcanine|p1a: Corviknight\n|move|p2b: Gholdengo|Nasty Plot|p2b: Gholdengo\n|-boost|p2b: Gholdengo|spa|2\n|move|p1a: Corviknight|Tera Blast|p2b: Gholdengo\n|-supereffective|p2b: Gholdengo\n|-damage|p2b: Gholdengo|3\/100\n|\n|-weather|Sandstorm|[upkeep]\n|-damage|p1a: Corviknight|95\/100|[from] Sandstorm\n|-heal|p2b: Gholdengo|9\/100|[from] item: Leftovers\n|upkeep\n|turn|2\n|inactive|kwankwan has 30 seconds left.\n|\n|t:|1682163975\n|switch|p1a: Lycanroc|Lycanroc, L50, F|100\/100\n|move|p1b: Tyranitar|Rock Slide|p2b: Gholdengo|[spread] p2a,p2b\n|-supereffective|p2a: Arcanine\n|-resisted|p2b: Gholdengo\n|-damage|p2a: Arcanine|36\/100\n|-damage|p2b: Gholdengo|0 fnt\n|faint|p2b: Gholdengo\n|move|p2a: Arcanine|Flare Blitz|p1a: Lycanroc\n|-resisted|p1a: Lycanroc\n|-damage|p1a: Lycanroc|74\/100\n|-damage|p2a: Arcanine|29\/100|[from] Recoil\n|\n|-weather|Sandstorm|[upkeep]\n|upkeep\n|\n|t:|1682163990\n|switch|p2b: Dragonite|Dragonite, L50, F|100\/100\n|turn|3\n|\n|t:|1682164001\n|move|p2b: Dragonite|Protect|p2b: Dragonite\n|-singleturn|p2b: Dragonite|Protect\n|move|p1a: Lycanroc|Rock Slide|p2b: Dragonite|[spread] p2a\n|-activate|p2b: Dragonite|move: Protect\n|-supereffective|p2a: Arcanine\n|-damage|p2a: Arcanine|0 fnt\n|faint|p2a: Arcanine\n|move|p1b: Tyranitar|Rock Slide|p2b: Dragonite\n|-activate|p2b: Dragonite|move: Protect\n|\n|-weather|Sandstorm|[upkeep]\n|-damage|p2b: Dragonite|94\/100|[from] Sandstorm\n|upkeep\n|\n|t:|1682164012\n|switch|p2a: Chien-Pao|Chien-Pao, L50|100\/100\n|-ability|p2a: Chien-Pao|Sword of Ruin\n|turn|4\n|\n|t:|1682164031\n|-terastallize|p2b: Dragonite|Normal\n|move|p2b: Dragonite|Extreme Speed|p1a: Lycanroc\n|-resisted|p1a: Lycanroc\n|-damage|p1a: Lycanroc|24\/100\n|move|p1a: Lycanroc|Rock Slide|p2b: Dragonite|[spread] p2a,p2b\n|-supereffective|p2a: Chien-Pao\n|-damage|p2a: Chien-Pao|31\/100\n|-damage|p2b: Dragonite|60\/100\n|move|p2a: Chien-Pao|Sacred Sword|p1b: Tyranitar\n|-supereffective|p1b: Tyranitar\n|-damage|p1b: Tyranitar|0 fnt\n|faint|p1b: Tyranitar\n|\n|-weather|Sandstorm|[upkeep]\n|-damage|p2a: Chien-Pao|25\/100|[from] Sandstorm\n|-damage|p2b: Dragonite|54\/100|[from] Sandstorm\n|upkeep\n|\n|t:|1682164050\n|switch|p1b: Corviknight|Corviknight, L50, F, tera:Fire|95\/100\n|turn|5\n|\n|t:|1682164062\n|move|p2b: Dragonite|Extreme Speed|p1b: Corviknight\n|-damage|p1b: Corviknight|34\/100\n|move|p2a: Chien-Pao|Sucker Punch||[still]\n|-fail|p2a: Chien-Pao\n|move|p1a: Lycanroc|Howl|p1a: Lycanroc|[spread] p1a,p1b\n|-boost|p1a: Lycanroc|atk|1\n|-boost|p1b: Corviknight|atk|1\n|move|p1b: Corviknight|Iron Head|p2a: Chien-Pao\n|-supereffective|p2a: Chien-Pao\n|-crit|p2a: Chien-Pao\n|-damage|p2a: Chien-Pao|0 fnt\n|faint|p2a: Chien-Pao\n|\n|-weather|none\n|upkeep\n|turn|6\n|inactive|kwankwan has 30 seconds left.\n|\n|t:|1682164088\n|move|p2b: Dragonite|Extreme Speed|p1a: Lycanroc\n|-resisted|p1a: Lycanroc\n|-damage|p1a: Lycanroc|0 fnt\n|faint|p1a: Lycanroc\n|move|p1b: Corviknight|Iron Head|p2b: Dragonite\n|-damage|p2b: Dragonite|0 fnt\n|faint|p2b: Dragonite\n|\n|win|kwankwan\n|raw|kwankwan's rating: 1461 → 1478<\/strong> (+17 for winning)\n|raw|VGCmento's rating: 1409 → 1392<\/strong> (-17 for losing)\n","uploadtime":1682164111,"views":12,"p1id":"kwankwan","p2id":"vgcmento","formatid":"gen9vgc2023regulationc","rating":1392,"private":0,"password":""}