{"id":"gen9vgc2023regulationc-1846671994","p1":"Valhala Alfa","p2":"onesatoshi","format":"[Gen 9] VGC 2023 Regulation C","log":"|j|\u2606Valhala Alfa\n|j|\u2606onesatoshi\n|t:|1681864122\n|gametype|doubles\n|player|p1|Valhala Alfa|101|1149\n|player|p2|onesatoshi|unknown|1086\n|teamsize|p1|6\n|teamsize|p2|6\n|gen|9\n|tier|[Gen 9] VGC 2023 Regulation C\n|rated|\n|rule|Species Clause: Limit one of each Pok\u00e9mon\n|rule|Item Clause: Limit one of each item\n|clearpoke\n|poke|p1|Farigiraf, L50, F|\n|poke|p1|Murkrow, L50, F|\n|poke|p1|Magnezone, L50|\n|poke|p1|Staraptor, L50, F|\n|poke|p1|Annihilape, L50, M|\n|poke|p1|Volcarona, L50, M|\n|poke|p2|Mimikyu, L50, M|\n|poke|p2|Iron Hands, L50|\n|poke|p2|Palafin, L50, M|\n|poke|p2|Amoonguss, L50, M|\n|poke|p2|Gastrodon-East, L50, M|\n|poke|p2|Orthworm, L50, M|\n|teampreview|4\n|inactive|Battle timer is ON: inactive players will automatically lose when time's up. (requested by onesatoshi)\nValhala Alfa rejected open team sheets.\n|inactive|Valhala Alfa has 60 seconds left.\n|\n|t:|1681864175\n|start\n|switch|p1a: Farigiraf|Farigiraf, L50, F, shiny|100\/100\n|switch|p1b: Volcarona|Volcarona, L50, M|100\/100\n|switch|p2a: Mimikyu|Mimikyu, L50, M, shiny|100\/100\n|switch|p2b: Palafin|Palafin, L50, M, shiny|100\/100\n|turn|1\n|inactive|Valhala Alfa has 30 seconds left.\n|\n|t:|1681864201\n|move|p1b: Volcarona|Giga Drain|p2a: Mimikyu\n|-activate|p2a: Mimikyu|ability: Disguise\n|-damage|p2a: Mimikyu|100\/100\n|detailschange|p2a: Mimikyu|Mimikyu-Busted, L50, M, shiny\n|-damage|p2a: Mimikyu|88\/100|[from] pokemon: Mimikyu-Busted\n|move|p2b: Palafin|Flip Turn|p1b: Volcarona\n|-supereffective|p1b: Volcarona\n|-damage|p1b: Volcarona|40\/100\n|-damage|p2b: Palafin|84\/100|[from] item: Rocky Helmet|[of] p1b: Volcarona\n|\n|t:|1681864214\n|detailschange|p2b: Palafin|Palafin-Hero, L50, M, shiny\n|switch|p2b: Iron Hands|Iron Hands, L50, shiny|100\/100|[from] Flip Turn\n|move|p1a: Farigiraf|Hyper Voice|p2b: Iron Hands|[spread] p2b\n|-immune|p2a: Mimikyu\n|-damage|p2b: Iron Hands|76\/100\n|-enditem|p1a: Farigiraf|Throat Spray\n|-boost|p1a: Farigiraf|spa|1|[from] item: Throat Spray\n|move|p2a: Mimikyu|Trick Room|p2a: Mimikyu\n|-fieldstart|move: Trick Room|[of] p2a: Mimikyu\n|\n|upkeep\n|turn|2\n|\n|t:|1681864237\n|move|p1b: Volcarona|Protect|p1b: Volcarona\n|-singleturn|p1b: Volcarona|Protect\n|move|p1a: Farigiraf|Shadow Ball|p2a: Mimikyu\n|-supereffective|p2a: Mimikyu\n|-damage|p2a: Mimikyu|0 fnt\n|faint|p2a: Mimikyu\n|move|p2b: Iron Hands|Rock Slide|p1b: Volcarona|[spread] p1a\n|-activate|p1b: Volcarona|move: Protect\n|-damage|p1a: Farigiraf|75\/100\n|\n|upkeep\n|\n|t:|1681864252\n|switch|p2a: Palafin|Palafin-Hero, L50, M, shiny|84\/100\n|-activate|p2a: Palafin|ability: Zero to Hero\n|turn|3\n|\n|t:|1681864262\n|-terastallize|p2a: Palafin|Water\n|-terastallize|p1b: Volcarona|Grass\n|move|p2a: Palafin|Jet Punch||[still]\n|cant|p1a: Farigiraf|ability: Armor Tail|Jet Punch|[of] p2a: Palafin\n|move|p1a: Farigiraf|Hyper Voice|p2a: Palafin|[spread] p2a,p2b\n|-damage|p2a: Palafin|39\/100\n|-damage|p2b: Iron Hands|40\/100\n|move|p2b: Iron Hands|Rock Slide|p1b: Volcarona|[spread] p1a,p1b\n|-damage|p1a: Farigiraf|53\/100\n|-damage|p1b: Volcarona|15\/100\n|cant|p1b: Volcarona|flinch\n|\n|upkeep\n|turn|4\n|\n|t:|1681864280\n|move|p2a: Palafin|Protect|p2a: Palafin\n|-singleturn|p2a: Palafin|Protect\n|move|p1b: Volcarona|Protect|p1b: Volcarona\n|-singleturn|p1b: Volcarona|Protect\n|move|p1a: Farigiraf|Hyper Voice|p2a: Palafin|[spread] p2b\n|-activate|p2a: Palafin|move: Protect\n|-crit|p2b: Iron Hands\n|-damage|p2b: Iron Hands|0 fnt\n|faint|p2b: Iron Hands\n|-end|p2b: Iron Hands|Quark Drive|[silent]\n|\n|upkeep\n|\n|t:|1681864289\n|switch|p2b: Amoonguss|Amoonguss, L50, M, shiny|100\/100\n|turn|5\n|\n|t:|1681864304\n|move|p1a: Farigiraf|Protect|p1a: Farigiraf\n|-singleturn|p1a: Farigiraf|Protect\n|move|p2b: Amoonguss|Spore|p1a: Farigiraf\n|-activate|p1a: Farigiraf|move: Protect\n|move|p2a: Palafin|Ice Punch|p1b: Volcarona\n|-supereffective|p1b: Volcarona\n|-damage|p1b: Volcarona|0 fnt\n|-damage|p2a: Palafin|23\/100|[from] item: Rocky Helmet|[of] p1b: Volcarona\n|faint|p1b: Volcarona\n|\n|-fieldend|move: Trick Room\n|upkeep\n|\n|t:|1681864318\n|switch|p1b: Annihilape|Annihilape, L50, M|100\/100\n|turn|6\n|\n|t:|1681864333\n|move|p2a: Palafin|Jet Punch||[still]\n|cant|p1a: Farigiraf|ability: Armor Tail|Jet Punch|[of] p2a: Palafin\n|move|p1b: Annihilape|Substitute|p1b: Annihilape\n|-start|p1b: Annihilape|Substitute\n|-damage|p1b: Annihilape|76\/100\n|move|p1a: Farigiraf|Psychic|p2b: Amoonguss\n|-supereffective|p2b: Amoonguss\n|-damage|p2b: Amoonguss|0 fnt\n|faint|p2b: Amoonguss\n|\n|-heal|p1b: Annihilape|82\/100|[from] item: Leftovers\n|upkeep\n|turn|7\n|-message|onesatoshi forfeited.\n|\n|win|Valhala Alfa\n|raw|Valhala Alfa's rating: 1149 → 1170<\/strong> (+21 for winning)\n|raw|onesatoshi's rating: 1086 → 1067<\/strong> (-19 for losing)\n|l|\u2606onesatoshi\n","uploadtime":1681865330,"views":15,"p1id":"valhalaalfa","p2id":"onesatoshi","formatid":"gen9vgc2023regulationc","rating":1067,"private":0,"password":""}