{"id":"gen9vgc2023regulationc-1852991172","p1":"wakojita","p2":"Gholdjunge","format":"[Gen 9] VGC 2023 Regulation C","log":"|j|\u2606wakojita\n|j|\u2606Gholdjunge\n|t:|1682623577\n|gametype|doubles\n|player|p1|wakojita|dragontamer|1470\n|player|p2|Gholdjunge|youngster-gen2|1535\n|teamsize|p1|6\n|teamsize|p2|6\n|gen|9\n|tier|[Gen 9] VGC 2023 Regulation C\n|rated|\n|rule|Species Clause: Limit one of each Pok\u00e9mon\n|rule|Item Clause: Limit one of each item\n|clearpoke\n|poke|p1|Dondozo, L50, M|\n|poke|p1|Tatsugiri, L50, F|\n|poke|p1|Dragonite, L50, F|\n|poke|p1|Glimmora, L50, F|\n|poke|p1|Iron Bundle, L50|\n|poke|p1|Chi-Yu, L50|\n|poke|p2|Azumarill, L50, F|\n|poke|p2|Pelipper, L50, M|\n|poke|p2|Chien-Pao, L50|\n|poke|p2|Amoonguss, L50, M|\n|poke|p2|Iron Hands, L50|\n|poke|p2|Flutter Mane, L50|\n|teampreview|4\nwakojita has agreed to open team sheets.\n|inactive|Battle timer is ON: inactive players will automatically lose when time's up. (requested by wakojita)\n|\n|t:|1682623674\n|start\n|switch|p1a: Glimmora|Glimmora, L50, F|100\/100\n|switch|p1b: Iron Bundle|Iron Bundle, L50|100\/100\n|switch|p2a: Flutter Mane|Flutter Mane, L50|100\/100\n|switch|p2b: Chien-Pao|Chien-Pao, L50|100\/100\n|-ability|p2b: Chien-Pao|Sword of Ruin\n|-enditem|p1b: Iron Bundle|Booster Energy\n|-activate|p1b: Iron Bundle|ability: Quark Drive|[fromitem]\n|-start|p1b: Iron Bundle|quarkdrivespe\n|turn|1\n|inactive|wakojita has 30 seconds left.\n|inactive|Gholdjunge has 30 seconds left.\n|inactive|wakojita has 20 seconds left.\n|inactive|Gholdjunge has 20 seconds left.\n|inactive|wakojita has 15 seconds left.\n|inactive|Gholdjunge has 15 seconds left.\n|inactive|Gholdjunge has 10 seconds left.\n|inactive|Gholdjunge has 5 seconds left.\n|inactive|wakojita has 10 seconds left.\n|\n|t:|1682623730\n|switch|p2b: Iron Hands|Iron Hands, L50|100\/100\n|move|p1b: Iron Bundle|Icy Wind|p2b: Iron Hands|[spread] p2a,p2b\n|-damage|p2a: Flutter Mane|79\/100\n|-damage|p2b: Iron Hands|85\/100\n|-unboost|p2a: Flutter Mane|spe|1\n|-unboost|p2b: Iron Hands|spe|1\n|move|p1a: Glimmora|Power Gem|p2a: Flutter Mane\n|-damage|p2a: Flutter Mane|34\/100\n|move|p2a: Flutter Mane|Dazzling Gleam|p1a: Glimmora|[spread] p1a,p1b\n|-resisted|p1a: Glimmora\n|-crit|p1a: Glimmora\n|-damage|p1a: Glimmora|74\/100\n|-damage|p1b: Iron Bundle|11\/100\n|\n|upkeep\n|turn|2\n|inactive|wakojita has 30 seconds left.\n|inactive|Gholdjunge has 30 seconds left.\n|inactive|Gholdjunge has 20 seconds left.\n|inactive|Gholdjunge has 15 seconds left.\n|inactive|Gholdjunge has 10 seconds left.\n|\n|t:|1682623777\n|-end|p2a: Flutter Mane|Protosynthesis|[silent]\n|switch|p2a: Azumarill|Azumarill, L50, F|100\/100\n|move|p1b: Iron Bundle|Protect|p1b: Iron Bundle\n|-singleturn|p1b: Iron Bundle|Protect\n|move|p2b: Iron Hands|Detect|p2b: Iron Hands\n|-singleturn|p2b: Iron Hands|Protect\n|move|p1a: Glimmora|Earth Power|p2b: Iron Hands\n|-activate|p2b: Iron Hands|move: Protect\n|\n|upkeep\n|turn|3\n|inactive|wakojita has 30 seconds left.\n|inactive|Gholdjunge has 30 seconds left.\n|inactive|wakojita has 20 seconds left.\n|inactive|Gholdjunge has 20 seconds left.\n|inactive|Gholdjunge has 15 seconds left.\n|inactive|Gholdjunge has 10 seconds left.\n|\n|t:|1682623825\n|move|p2a: Azumarill|Aqua Jet|p1b: Iron Bundle\n|-resisted|p1b: Iron Bundle\n|-damage|p1b: Iron Bundle|0 fnt\n|faint|p1b: Iron Bundle\n|-end|p1b: Iron Bundle|Quark Drive|[silent]\n|move|p1a: Glimmora|Energy Ball|p2a: Azumarill\n|-supereffective|p2a: Azumarill\n|-damage|p2a: Azumarill|30\/100\n|move|p2b: Iron Hands|Drain Punch|p1a: Glimmora\n|-damage|p1a: Glimmora|29\/100\n|-heal|p2b: Iron Hands|100\/100|[from] drain|[of] p1a: Glimmora\n|-activate|p1a: Glimmora|ability: Toxic Debris\n|-sidestart|p2: Gholdjunge|move: Toxic Spikes\n|\n|upkeep\n|\n|t:|1682623835\n|switch|p1b: Dondozo|Dondozo, L50, M|100\/100\n|turn|4\n|\n|t:|1682623852\n|switch|p1a: Tatsugiri|Tatsugiri, L50, F|100\/100\n|-activate|p1a: Tatsugiri|ability: Commander|[of] p1b: Dondozo\n|-boost|p1b: Dondozo|atk|2\n|-boost|p1b: Dondozo|spa|2\n|-boost|p1b: Dondozo|spe|2\n|-boost|p1b: Dondozo|def|2\n|-boost|p1b: Dondozo|spd|2\n|-terastallize|p1b: Dondozo|Grass\n|move|p2a: Azumarill|Aqua Jet|p1a: Tatsugiri|[miss]\n|-miss|p2a: Azumarill|p1a: Tatsugiri\n|move|p1b: Dondozo|Earthquake|p2b: Iron Hands|[spread] p2a,p2b\n|-miss|p1b: Dondozo|p1a: Tatsugiri\n|-supereffective|p2b: Iron Hands\n|-damage|p2a: Azumarill|0 fnt\n|-damage|p2b: Iron Hands|47\/100\n|faint|p2a: Azumarill\n|move|p2b: Iron Hands|Wild Charge|p1b: Dondozo\n|-resisted|p1b: Dondozo\n|-damage|p1b: Dondozo|93\/100\n|-damage|p2b: Iron Hands|45\/100|[from] Recoil\n|\n|-heal|p1b: Dondozo|99\/100|[from] item: Leftovers\n|upkeep\n|\n|t:|1682623862\n|switch|p2a: Chien-Pao|Chien-Pao, L50|100\/100\n|-status|p2a: Chien-Pao|psn\n|-ability|p2a: Chien-Pao|Sword of Ruin\n|turn|5\n|\n|t:|1682623878\n|move|p2a: Chien-Pao|Haze|p2a: Chien-Pao\n|-clearallboost\n|move|p1b: Dondozo|Earthquake|p2a: Chien-Pao|[spread] p2a,p2b\n|-miss|p1b: Dondozo|p1a: Tatsugiri\n|-supereffective|p2b: Iron Hands\n|-damage|p2a: Chien-Pao|72\/100 psn\n|-damage|p2b: Iron Hands|7\/100\n|move|p2b: Iron Hands|Drain Punch|p1b: Dondozo\n|-damage|p1b: Dondozo|68\/100\n|-heal|p2b: Iron Hands|24\/100|[from] drain|[of] p1b: Dondozo\n|\n|-heal|p1b: Dondozo|74\/100|[from] item: Leftovers\n|-damage|p2a: Chien-Pao|60\/100 psn|[from] psn\n|upkeep\n|turn|6\n|inactive|Gholdjunge has 30 seconds left.\n|\n|t:|1682623905\n|move|p1b: Dondozo|Protect|p1b: Dondozo\n|-singleturn|p1b: Dondozo|Protect\n|move|p2a: Chien-Pao|Ice Spinner|p1b: Dondozo\n|-activate|p1b: Dondozo|move: Protect\n|move|p2b: Iron Hands|Drain Punch|p1b: Dondozo\n|-activate|p1b: Dondozo|move: Protect\n|\n|-heal|p1b: Dondozo|80\/100|[from] item: Leftovers\n|-damage|p2a: Chien-Pao|48\/100 psn|[from] psn\n|upkeep\n|turn|7\n|inactive|wakojita has 30 seconds left.\n|\n|t:|1682623939\n|move|p2a: Chien-Pao|Ice Spinner|p1b: Dondozo\n|-supereffective|p1b: Dondozo\n|-damage|p1b: Dondozo|9\/100\n|move|p1b: Dondozo|Earthquake|p2a: Chien-Pao|[spread] p2a,p2b\n|-miss|p1b: Dondozo|p1a: Tatsugiri\n|-supereffective|p2b: Iron Hands\n|-damage|p2a: Chien-Pao|17\/100 psn\n|-damage|p2b: Iron Hands|0 fnt\n|faint|p2b: Iron Hands\n|-end|p2b: Iron Hands|Quark Drive|[silent]\n|\n|-heal|p1b: Dondozo|15\/100|[from] item: Leftovers\n|-damage|p2a: Chien-Pao|5\/100 psn|[from] psn\n|upkeep\n|\n|t:|1682623944\n|switch|p2b: Flutter Mane|Flutter Mane, L50|34\/100\n|-status|p2b: Flutter Mane|psn\n|turn|8\n|c|\u2606Gholdjunge|you gotta be joking\n|c|\u2606Gholdjunge|fucking lucky bitch\n|inactive|Gholdjunge has 30 seconds left.\n|inactive|Gholdjunge has 20 seconds left.\n|inactive|Gholdjunge has 15 seconds left.\n|inactive|Gholdjunge has 10 seconds left.\n|inactive|Gholdjunge has 5 seconds left.\n|\n|t:|1682623996\n|move|p1b: Dondozo|Protect|p1b: Dondozo\n|-singleturn|p1b: Dondozo|Protect\n|move|p2a: Chien-Pao|Ice Spinner|p1b: Dondozo\n|-activate|p1b: Dondozo|move: Protect\n|move|p2b: Flutter Mane|Dazzling Gleam|p1a: Tatsugiri|[spread] \n|-miss|p2b: Flutter Mane|p1a: Tatsugiri\n|-activate|p1b: Dondozo|move: Protect\n|\n|-heal|p1b: Dondozo|21\/100|[from] item: Leftovers\n|-damage|p2a: Chien-Pao|0 fnt|[from] psn\n|faint|p2a: Chien-Pao\n|-damage|p2b: Flutter Mane|22\/100 psn|[from] psn\n|upkeep\n|turn|9\n|\n|t:|1682624004\n|move|p2b: Flutter Mane|Dazzling Gleam|p1b: Dondozo|[spread] p1b\n|-miss|p2b: Flutter Mane|p1a: Tatsugiri\n|-damage|p1b: Dondozo|0 fnt\n|faint|p1b: Dondozo\n|\n|-damage|p2b: Flutter Mane|10\/100 psn|[from] psn\n|upkeep\n|\n|t:|1682624008\n|switch|p1b: Glimmora|Glimmora, L50, F|29\/100\n|turn|10\n|c|\u2606Gholdjunge|bg\n|\n|t:|1682624018\n|move|p1a: Tatsugiri|Icy Wind|p2b: Flutter Mane\n|-damage|p2b: Flutter Mane|0 fnt\n|faint|p2b: Flutter Mane\n|-end|p2b: Flutter Mane|Protosynthesis|[silent]\n|\n|win|wakojita\n|raw|wakojita's rating: 1470 → 1494<\/strong> (+24 for winning)\n|raw|Gholdjunge's rating: 1535 → 1511<\/strong> (-24 for losing)\n","uploadtime":1682624026,"views":20,"p1id":"wakojita","p2id":"gholdjunge","formatid":"gen9vgc2023regulationc","rating":1494,"private":0,"password":""}