{"id":"gen9vgc2023regulationc-1864125521","p1":"ShitTierPro","p2":"alexACM797","format":"[Gen 9] VGC 2023 Regulation C","log":"|j|\u2606ShitTierPro\n|j|\u2606alexACM797\n|t:|1684121152\n|gametype|doubles\n|player|p1|ShitTierPro|265|1164\n|player|p2|alexACM797|roxie|1105\n|teamsize|p1|6\n|teamsize|p2|6\n|gen|9\n|tier|[Gen 9] VGC 2023 Regulation C\n|rated|\n|rule|Species Clause: Limit one of each Pok\u00e9mon\n|rule|Item Clause: Limit one of each item\n|clearpoke\n|poke|p1|Palafin, L50, M|\n|poke|p1|Garganacl, L50, F|\n|poke|p1|Lycanroc-Dusk, L50, M|\n|poke|p1|Chien-Pao, L50|\n|poke|p1|Tauros-Paldea-Blaze, L50, M|\n|poke|p1|Grimmsnarl, L50, M|\n|poke|p2|Chi-Yu, L50|\n|poke|p2|Dachsbun, L50, M|\n|poke|p2|Dragonite, L50, M|\n|poke|p2|Flutter Mane, L50|\n|poke|p2|Azumarill, L50, M|\n|poke|p2|Chien-Pao, L50|\n|teampreview|4\n|inactive|Battle timer is ON: inactive players will automatically lose when time's up. (requested by ShitTierPro)\n|\n|t:|1684121180\n|start\n|switch|p1a: Grimmsnarl|Grimmsnarl, L50, M, shiny|100\/100\n|switch|p1b: Tauros|Tauros-Paldea-Blaze, L50, M|100\/100\n|switch|p2a: Chi-Yu|Chi-Yu, L50|100\/100\n|switch|p2b: Dachsbun|Dachsbun, L50, M|100\/100\n|-ability|p2a: Chi-Yu|Beads of Ruin\n|-ability|p1b: Tauros|Intimidate|boost\n|-unboost|p2a: Chi-Yu|atk|1\n|-unboost|p2b: Dachsbun|atk|1\n|turn|1\n|inactive|alexACM797 has 30 seconds left.\n|\n|t:|1684121208\n|-terastallize|p2a: Chi-Yu|Ghost\n|move|p1a: Grimmsnarl|Fake Out|p2a: Chi-Yu\n|-immune|p2a: Chi-Yu\n|move|p2a: Chi-Yu|Lava Plume|p1b: Tauros|[spread] p1a,p1b\n|-ability|p2b: Dachsbun|Well-Baked Body|boost\n|-boost|p2b: Dachsbun|def|2\n|-resisted|p1b: Tauros\n|-damage|p1a: Grimmsnarl|66\/100\n|-damage|p1b: Tauros|64\/100\n|move|p1b: Tauros|Close Combat|p2a: Chi-Yu\n|-immune|p2a: Chi-Yu\n|move|p2b: Dachsbun|Yawn|p1b: Tauros\n|-start|p1b: Tauros|move: Yawn|[of] p2b: Dachsbun\n|\n|upkeep\n|turn|2\n|inactive|ShitTierPro has 30 seconds left.\n|\n|t:|1684121237\n|move|p1a: Grimmsnarl|Parting Shot|p2a: Chi-Yu\n|-unboost|p2a: Chi-Yu|atk|1\n|-unboost|p2a: Chi-Yu|spa|1\n|\n|t:|1684121240\n|switch|p1a: Palafin|Palafin, L50, M|100\/100|[from] Parting Shot\n|move|p2a: Chi-Yu|Lava Plume|p1b: Tauros|[spread] p1a,p1b\n|-ability|p2b: Dachsbun|Well-Baked Body|boost\n|-boost|p2b: Dachsbun|def|2\n|-resisted|p1a: Palafin\n|-resisted|p1b: Tauros\n|-damage|p1a: Palafin|89\/100\n|-damage|p1b: Tauros|42\/100\n|move|p1b: Tauros|Close Combat|p2b: Dachsbun\n|-resisted|p2b: Dachsbun\n|-damage|p2b: Dachsbun|93\/100\n|-unboost|p1b: Tauros|def|1\n|-unboost|p1b: Tauros|spd|1\n|-enditem|p1b: Tauros|Eject Pack\n|\n|t:|1684121246\n|switch|p1b: Grimmsnarl|Grimmsnarl, L50, M, shiny|66\/100\n|move|p2b: Dachsbun|Body Press|p1a: Palafin\n|-damage|p1a: Palafin|24\/100\n|\n|-heal|p2b: Dachsbun|99\/100|[from] item: Leftovers\n|upkeep\n|turn|3\n|inactive|ShitTierPro has 30 seconds left.\n|inactive|alexACM797 has 30 seconds left.\n|\n|t:|1684121276\n|detailschange|p1a: Palafin|Palafin-Hero, L50, M\n|switch|p1a: Tauros|Tauros-Paldea-Blaze, L50, M|42\/100\n|-ability|p1a: Tauros|Intimidate|boost\n|-unboost|p2a: Chi-Yu|atk|1\n|-unboost|p2b: Dachsbun|atk|1\n|move|p1b: Grimmsnarl|Fake Out|p2b: Dachsbun\n|-damage|p2b: Dachsbun|94\/100\n|move|p2a: Chi-Yu|Lava Plume|p1a: Tauros|[spread] p1a,p1b\n|-ability|p2b: Dachsbun|Well-Baked Body|boost\n|-boost|p2b: Dachsbun|def|2\n|-resisted|p1a: Tauros\n|-damage|p1a: Tauros|20\/100\n|-damage|p1b: Grimmsnarl|39\/100\n|cant|p2b: Dachsbun|flinch\n|\n|-heal|p2b: Dachsbun|100\/100|[from] item: Leftovers\n|upkeep\n|turn|4\n|inactive|ShitTierPro has 30 seconds left.\n|\n|t:|1684121304\n|move|p1b: Grimmsnarl|Parting Shot|p2a: Chi-Yu\n|-unboost|p2a: Chi-Yu|atk|1\n|-unboost|p2a: Chi-Yu|spa|1\n|\n|t:|1684121317\n|switch|p1b: Chien-Pao|Chien-Pao, L50|100\/100|[from] Parting Shot\n|-ability|p1b: Chien-Pao|Sword of Ruin\n|move|p2a: Chi-Yu|Lava Plume|p1a: Tauros|[spread] p1a,p1b\n|-immune|p2b: Dachsbun|[from] ability: Well-Baked Body\n|-resisted|p1a: Tauros\n|-supereffective|p1b: Chien-Pao\n|-damage|p1a: Tauros|4\/100\n|-damage|p1b: Chien-Pao|33\/100\n|-status|p1b: Chien-Pao|brn\n|move|p1a: Tauros|Raging Bull|p2a: Chi-Yu\n|-damage|p2a: Chi-Yu|17\/100\n|move|p2b: Dachsbun|Body Press|p1b: Chien-Pao\n|-supereffective|p1b: Chien-Pao\n|-damage|p1b: Chien-Pao|0 fnt\n|faint|p1b: Chien-Pao\n|\n|upkeep\n|\n|t:|1684121342\n|switch|p1b: Palafin|Palafin-Hero, L50, M|24\/100\n|-activate|p1b: Palafin|ability: Zero to Hero\n|turn|5\n|inactive|ShitTierPro has 30 seconds left.\n|\n|t:|1684121371\n|move|p1b: Palafin|Jet Punch|p2a: Chi-Yu\n|-damage|p2a: Chi-Yu|0 fnt\n|faint|p2a: Chi-Yu\n|move|p1a: Tauros|Close Combat|p2b: Dachsbun\n|-resisted|p2b: Dachsbun\n|-damage|p2b: Dachsbun|94\/100\n|-unboost|p1a: Tauros|def|1\n|-unboost|p1a: Tauros|spd|1\n|move|p2b: Dachsbun|Body Press|p1b: Palafin\n|-damage|p1b: Palafin|0 fnt\n|faint|p1b: Palafin\n|\n|-heal|p2b: Dachsbun|100\/100|[from] item: Leftovers\n|upkeep\n|-message|ShitTierPro forfeited.\n|\n|win|alexACM797\n|raw|ShitTierPro's rating: 1164 → 1135<\/strong> (-29 for losing)\n|raw|alexACM797's rating: 1105 → 1134<\/strong> (+29 for winning)\n|l|\u2606ShitTierPro\n","uploadtime":1684121388,"views":7,"p1id":"shittierpro","p2id":"alexacm797","formatid":"gen9vgc2023regulationc","rating":1134,"private":0,"password":""}