{"id":"gen9vgc2023regulationc-1854929525","p1":"Quetzalo","p2":"odysseyshot","format":"[Gen 9] VGC 2023 Regulation C","log":"|j|\u2606Quetzalo\n|j|\u2606odysseyshot\n|t:|1682881875\n|gametype|doubles\n|player|p1|Quetzalo|169|1209\n|player|p2|odysseyshot|iris-gen5bw2|1152\n|teamsize|p1|6\n|teamsize|p2|6\n|gen|9\n|tier|[Gen 9] VGC 2023 Regulation C\n|rated|\n|rule|Species Clause: Limit one of each Pok\u00e9mon\n|rule|Item Clause: Limit one of each item\n|clearpoke\n|poke|p1|Annihilape, L50, M|\n|poke|p1|Maushold, L50|\n|poke|p1|Amoonguss, L50, F|\n|poke|p1|Gyarados, L50, F|\n|poke|p1|Chi-Yu, L50|\n|poke|p1|Gastrodon, L50, M|\n|poke|p2|Flutter Mane, L50|\n|poke|p2|Lilligant, L50, F|\n|poke|p2|Torkoal, L50, M|\n|poke|p2|Iron Hands, L50|\n|poke|p2|Ting-Lu, L50|\n|poke|p2|Farigiraf, L50, M|\n|teampreview|4\n|inactive|Battle timer is ON: inactive players will automatically lose when time's up. (requested by odysseyshot)\n|inactive|Quetzalo has 60 seconds left.\n|\n|t:|1682881930\n|start\n|switch|p1a: Gastrodon|Gastrodon, L50, M|100\/100\n|switch|p1b: Maushold|Maushold, L50|100\/100\n|switch|p2a: Lilligant|Lilligant, L50, F|100\/100\n|switch|p2b: Torkoal|Torkoal, L50, M|100\/100\n|-weather|SunnyDay|[from] ability: Drought|[of] p2b: Torkoal\n|turn|1\n|\n|t:|1682881950\n|move|p2b: Torkoal|Protect|p2b: Torkoal\n|-singleturn|p2b: Torkoal|Protect\n|move|p1b: Maushold|Follow Me|p1b: Maushold\n|-singleturn|p1b: Maushold|move: Follow Me\n|move|p2a: Lilligant|Leaf Storm|p1b: Maushold\n|-damage|p1b: Maushold|24\/100\n|-unboost|p2a: Lilligant|spa|2\n|move|p1a: Gastrodon|Earth Power|p2b: Torkoal\n|-activate|p2b: Torkoal|move: Protect\n|\n|-weather|SunnyDay|[upkeep]\n|upkeep\n|turn|2\n|\n|t:|1682881973\n|switch|p2b: Flutter Mane|Flutter Mane, L50|100\/100\n|-activate|p2b: Flutter Mane|ability: Protosynthesis\n|-start|p2b: Flutter Mane|protosynthesisspe\n|move|p1b: Maushold|Follow Me|p1b: Maushold\n|-singleturn|p1b: Maushold|move: Follow Me\n|move|p2a: Lilligant|Leaf Storm|p1b: Maushold\n|-damage|p1b: Maushold|0 fnt\n|-unboost|p2a: Lilligant|spa|2\n|faint|p1b: Maushold\n|move|p1a: Gastrodon|Earth Power|p2b: Flutter Mane\n|-damage|p2b: Flutter Mane|67\/100\n|\n|-weather|SunnyDay|[upkeep]\n|upkeep\n|\n|t:|1682881986\n|switch|p1b: Gyarados|Gyarados, L50, F|100\/100\n|-ability|p1b: Gyarados|Intimidate|boost\n|-unboost|p2a: Lilligant|atk|1\n|-unboost|p2b: Flutter Mane|atk|1\n|turn|3\n|inactive|odysseyshot has 30 seconds left.\n|\n|t:|1682882020\n|switch|p2a: Iron Hands|Iron Hands, L50|100\/100\n|switch|p1a: Amoonguss|Amoonguss, L50, F|100\/100\n|-terastallize|p1b: Gyarados|Flying\n|move|p2b: Flutter Mane|Moonblast|p1b: Gyarados\n|-damage|p1b: Gyarados|47\/100\n|-damage|p2b: Flutter Mane|58\/100|[from] item: Life Orb\n|move|p1b: Gyarados|Tera Blast|p2a: Iron Hands\n|-damage|p2a: Iron Hands|65\/100\n|\n|-weather|SunnyDay|[upkeep]\n|upkeep\n|turn|4\n|\n|t:|1682882042\n|move|p1b: Gyarados|Protect|p1b: Gyarados\n|-singleturn|p1b: Gyarados|Protect\n|move|p2a: Iron Hands|Fake Out|p1a: Amoonguss\n|-damage|p1a: Amoonguss|87\/100\n|move|p2b: Flutter Mane|Moonblast|p1b: Gyarados\n|-activate|p1b: Gyarados|move: Protect\n|cant|p1a: Amoonguss|flinch\n|\n|-weather|SunnyDay|[upkeep]\n|upkeep\n|turn|5\n|inactive|odysseyshot has 30 seconds left.\n|\n|t:|1682882074\n|-end|p2a: Iron Hands|Quark Drive|[silent]\n|switch|p2a: Lilligant|Lilligant, L50, F|100\/100\n|move|p1a: Amoonguss|Rage Powder|p1a: Amoonguss\n|-singleturn|p1a: Amoonguss|move: Rage Powder\n|move|p2b: Flutter Mane|Moonblast|p1a: Amoonguss\n|-resisted|p1a: Amoonguss\n|-damage|p1a: Amoonguss|62\/100\n|-unboost|p1a: Amoonguss|spa|1\n|-damage|p2b: Flutter Mane|48\/100|[from] item: Life Orb\n|move|p1b: Gyarados|Tera Blast|p2b: Flutter Mane\n|-damage|p2b: Flutter Mane|0 fnt\n|faint|p2b: Flutter Mane\n|-end|p2b: Flutter Mane|Protosynthesis|[silent]\n|\n|-weather|none\n|upkeep\n|\n|t:|1682882086\n|switch|p2b: Torkoal|Torkoal, L50, M|100\/100\n|-weather|SunnyDay|[from] ability: Drought|[of] p2b: Torkoal\n|turn|6\n|\n|t:|1682882099\n|move|p1a: Amoonguss|Rage Powder|p1a: Amoonguss\n|-singleturn|p1a: Amoonguss|move: Rage Powder\n|move|p2a: Lilligant|After You|p2b: Torkoal\n|-activate|p2b: Torkoal|move: After You\n|move|p2b: Torkoal|Eruption|p1b: Gyarados|[spread] p1a,p1b\n|-supereffective|p1a: Amoonguss\n|-damage|p1a: Amoonguss|0 fnt\n|-damage|p1b: Gyarados|0 fnt\n|faint|p1a: Amoonguss\n|faint|p1b: Gyarados\n|\n|-weather|SunnyDay|[upkeep]\n|upkeep\n|\n|t:|1682882109\n|switch|p1b: Gastrodon|Gastrodon, L50, M|100\/100\n|turn|7\n|\n|t:|1682882122\n|move|p2a: Lilligant|Leaf Storm|p1b: Gastrodon\n|-supereffective|p1b: Gastrodon\n|-damage|p1b: Gastrodon|0 fnt\n|-unboost|p2a: Lilligant|spa|2\n|faint|p1b: Gastrodon\n|\n|win|odysseyshot\n|raw|Quetzalo's rating: 1209 → 1180<\/strong> (-29 for losing)\n|raw|odysseyshot's rating: 1152 → 1181<\/strong> (+29 for winning)\n|l|\u2606Quetzalo\n","uploadtime":1682882131,"views":7,"p1id":"quetzalo","p2id":"odysseyshot","formatid":"gen9vgc2023regulationc","rating":1180,"private":0,"password":""}