{"id":"gen9vgc2023regulationc-1861508642","p1":"slaiton201","p2":"Cinderlace","format":"[Gen 9] VGC 2023 Regulation C","log":"|j|\u2606slaiton201\n|j|\u2606Cinderlace\n|t:|1683766582\n|gametype|doubles\n|player|p1|slaiton201|170|1059\n|player|p2|Cinderlace|pokemaniac|1148\n|teamsize|p1|6\n|teamsize|p2|6\n|gen|9\n|tier|[Gen 9] VGC 2023 Regulation C\n|rated|\n|rule|Species Clause: Limit one of each Pok\u00e9mon\n|rule|Item Clause: Limit one of each item\n|clearpoke\n|poke|p1|Indeedee-F, L50, F|\n|poke|p1|Armarouge, L50, F|\n|poke|p1|Torkoal, L50, M|\n|poke|p1|Hatterene, L50, F|\n|poke|p1|Kingambit, L50, M|\n|poke|p1|Annihilape, L50, M|\n|poke|p2|Kingambit, L50, F|\n|poke|p2|Maushold-Four, L50|\n|poke|p2|Amoonguss, L50, M|\n|poke|p2|Sandy Shocks, L50|\n|poke|p2|Dragonite, L50, M|\n|poke|p2|Flutter Mane, L50|\n|teampreview|4\n|inactive|Battle timer is ON: inactive players will automatically lose when time's up. (requested by slaiton201)\n|inactive|Cinderlace has 60 seconds left.\nslaiton201 rejected open team sheets.\n|inactive|Cinderlace has 30 seconds left.\n|inactive|Cinderlace has 20 seconds left.\n|inactive|Cinderlace has 15 seconds left.\n|inactive|Cinderlace has 10 seconds left.\n|inactive|Cinderlace has 5 seconds left.\n|\n|t:|1683766696\n|start\n|switch|p1a: Armarouge|Armarouge, L50, F|100\/100\n|switch|p1b: Indeedee|Indeedee-F, L50, F|100\/100\n|switch|p2a: Sapphire|Kingambit, L50, F, shiny|100\/100\n|switch|p2b: Maushold|Maushold-Four, L50, shiny|100\/100\n|-fieldstart|move: Psychic Terrain|[from] ability: Psychic Surge|[of] p1b: Indeedee\n|-enditem|p1b: Indeedee|Psychic Seed\n|-boost|p1b: Indeedee|spd|1|[from] item: Psychic Seed\n|turn|1\n|inactive|Cinderlace has 30 seconds left.\n|inactive|Cinderlace has 20 seconds left.\n|inactive|Cinderlace has 15 seconds left.\n|inactive|Cinderlace has 10 seconds left.\n|inactive|Cinderlace has 5 seconds left.\n|\n|t:|1683766751\n|move|p2b: Maushold|Follow Me|p2b: Maushold\n|-singleturn|p2b: Maushold|move: Follow Me\n|move|p1a: Armarouge|Armor Cannon|p2b: Maushold\n|-damage|p2b: Maushold|37\/100\n|-unboost|p1a: Armarouge|def|1\n|-unboost|p1a: Armarouge|spd|1\n|move|p2a: Sapphire|Iron Head|p1a: Armarouge\n|-resisted|p1a: Armarouge\n|-damage|p1a: Armarouge|70\/100\n|move|p1b: Indeedee|Trick Room|p1b: Indeedee\n|-fieldstart|move: Trick Room|[of] p1b: Indeedee\n|\n|upkeep\n|turn|2\n|inactive|Cinderlace has 30 seconds left.\n|\n|t:|1683766785\n|-terastallize|p2a: Sapphire|Dark\n|move|p2a: Sapphire|Kowtow Cleave|p1a: Armarouge\n|-supereffective|p1a: Armarouge\n|-damage|p1a: Armarouge|0 fnt\n|faint|p1a: Armarouge\n|move|p1b: Indeedee|Dazzling Gleam|p2b: Maushold|[spread] p2a,p2b\n|-supereffective|p2a: Sapphire\n|-damage|p2a: Sapphire|89\/100\n|-damage|p2b: Maushold|24\/100\n|move|p2b: Maushold|Population Bomb|p1b: Indeedee\n|-damage|p1b: Indeedee|95\/100\n|-damage|p1b: Indeedee|89\/100\n|-damage|p1b: Indeedee|84\/100\n|-damage|p1b: Indeedee|78\/100\n|-damage|p1b: Indeedee|72\/100\n|-damage|p1b: Indeedee|67\/100\n|-damage|p1b: Indeedee|61\/100\n|-damage|p1b: Indeedee|55\/100\n|-damage|p1b: Indeedee|50\/100\n|-damage|p1b: Indeedee|45\/100\n|-hitcount|p1b: Indeedee|10\n|\n|upkeep\n|\n|t:|1683766810\n|switch|p1a: Kingambit|Kingambit, L50, M|100\/100\n|turn|3\n|\n|t:|1683766832\n|-terastallize|p1a: Kingambit|Dark\n|move|p1b: Indeedee|Helping Hand|p1a: Kingambit\n|-singleturn|p1a: Kingambit|Helping Hand|[of] p1b: Indeedee\n|move|p2b: Maushold|Follow Me|p2b: Maushold\n|-singleturn|p2b: Maushold|move: Follow Me\n|move|p1a: Kingambit|Iron Head|p2b: Maushold\n|-damage|p2b: Maushold|0 fnt\n|faint|p2b: Maushold\n|move|p2a: Sapphire|Low Kick|p1a: Kingambit\n|-supereffective|p1a: Kingambit\n|-damage|p1a: Kingambit|45\/100\n|\n|upkeep\n|\n|t:|1683766848\n|switch|p2b: Hydrangea|Amoonguss, L50, M, shiny|100\/100\n|turn|4\n|\n|t:|1683766859\n|move|p1b: Indeedee|Helping Hand|p1a: Kingambit\n|-singleturn|p1a: Kingambit|Helping Hand|[of] p1b: Indeedee\n|move|p1a: Kingambit|Iron Head|p2a: Sapphire\n|-damage|p2a: Sapphire|36\/100\n|move|p2b: Hydrangea|Spore|p1b: Indeedee\n|-status|p1b: Indeedee|slp|[from] move: Spore\n|cant|p2a: Sapphire|flinch\n|\n|upkeep\n|turn|5\n|\n|t:|1683766875\n|move|p2b: Hydrangea|Rage Powder|p2b: Hydrangea\n|-singleturn|p2b: Hydrangea|move: Rage Powder\n|move|p1a: Kingambit|Iron Head|p2a: Sapphire\n|-damage|p2a: Sapphire|3\/100\n|cant|p2a: Sapphire|flinch\n|cant|p1b: Indeedee|slp\n|\n|-fieldend|move: Trick Room\n|-fieldend|move: Psychic Terrain\n|upkeep\n|turn|6\n|\n|t:|1683766891\n|move|p2a: Sapphire|Low Kick|p1a: Kingambit\n|-supereffective|p1a: Kingambit\n|-damage|p1a: Kingambit|0 fnt\n|faint|p1a: Kingambit\n|move|p2b: Hydrangea|Pollen Puff|p2a: Sapphire\n|-heal|p2a: Sapphire|53\/100\n|cant|p1b: Indeedee|slp\n|\n|upkeep\n|-message|slaiton201 forfeited.\n|\n|win|Cinderlace\n|raw|slaiton201's rating: 1059 → 1045<\/strong> (-14 for losing)\n|raw|Cinderlace's rating: 1148 → 1167<\/strong> (+19 for winning)\n|l|\u2606slaiton201\n","uploadtime":1683767016,"views":12,"p1id":"slaiton201","p2id":"cinderlace","formatid":"gen9vgc2023regulationc","rating":1045,"private":0,"password":""}