{"id":"gen9vgc2023regulationc-1858016291","p1":"OneStrangeOnion","p2":"Scarr X_VGC","format":"[Gen 9] VGC 2023 Regulation C","log":"|j|\u2606OneStrangeOnion\n|j|\u2606Scarr X_VGC\n|t:|1683260743\n|gametype|doubles\n|player|p1|OneStrangeOnion|rosa|1009\n|player|p2|Scarr X_VGC|2|1076\n|teamsize|p1|6\n|teamsize|p2|6\n|gen|9\n|tier|[Gen 9] VGC 2023 Regulation C\n|rated|\n|rule|Species Clause: Limit one of each Pok\u00e9mon\n|rule|Item Clause: Limit one of each item\n|clearpoke\n|poke|p1|Sableye, L50, F|\n|poke|p1|Mimikyu, L50, F|\n|poke|p1|Gengar, L50, F|\n|poke|p1|Flutter Mane, L50|\n|poke|p1|Annihilape, L50, M|\n|poke|p1|Gholdengo, L50|\n|poke|p2|Umbreon, L50, M|\n|poke|p2|Iron Moth, L50|\n|poke|p2|Chien-Pao, L50|\n|poke|p2|Murkrow, L50, F|\n|poke|p2|Amoonguss, L50, F|\n|poke|p2|Scizor, L50, F|\n|teampreview|4\n|\n|t:|1683260785\n|start\n|switch|p1a: Flutter Mane|Flutter Mane, L50|100\/100\n|switch|p1b: Gengar|Gengar, L50, F|100\/100\n|switch|p2a: Murkrow|Murkrow, L50, F|100\/100\n|switch|p2b: Chien-Pao|Chien-Pao, L50|100\/100\n|-ability|p2b: Chien-Pao|Sword of Ruin\n|-item|p1b: Gengar|Air Balloon\n|-enditem|p1a: Flutter Mane|Booster Energy\n|-activate|p1a: Flutter Mane|ability: Protosynthesis|[fromitem]\n|-start|p1a: Flutter Mane|protosynthesisspa\n|turn|1\n|\n|t:|1683260817\n|move|p2b: Chien-Pao|Protect|p2b: Chien-Pao\n|-singleturn|p2b: Chien-Pao|Protect\n|move|p2a: Murkrow|Taunt|p1a: Flutter Mane\n|-start|p1a: Flutter Mane|move: Taunt\n|move|p1b: Gengar|Toxic|p2b: Chien-Pao\n|-activate|p2b: Chien-Pao|move: Protect\n|move|p1a: Flutter Mane|Moonblast|p2a: Murkrow\n|-supereffective|p2a: Murkrow\n|-damage|p2a: Murkrow|0 fnt\n|faint|p2a: Murkrow\n|\n|upkeep\n|\n|t:|1683260832\n|switch|p2a: Umbreon|Umbreon, L50, M, shiny|100\/100\n|turn|2\n|\n|t:|1683260869\n|move|p2a: Umbreon|Helping Hand|p2b: Chien-Pao\n|-singleturn|p2b: Chien-Pao|Helping Hand|[of] p2a: Umbreon\n|move|p2b: Chien-Pao|Sucker Punch|p1a: Flutter Mane\n|-damage|p1a: Flutter Mane|0 fnt\n|faint|p1a: Flutter Mane\n|-end|p1a: Flutter Mane|Protosynthesis|[silent]\n|move|p1b: Gengar|Toxic|p2b: Chien-Pao\n|-status|p2b: Chien-Pao|tox\n|\n|-damage|p2b: Chien-Pao|95\/100 tox|[from] psn\n|upkeep\n|\n|t:|1683260883\n|switch|p1a: Sableye|Sableye, L50, F|100\/100\n|turn|3\n|\n|t:|1683260915\n|switch|p1a: Mimikyu|Mimikyu, L50, F|100\/100\n|move|p2b: Chien-Pao|Protect|p2b: Chien-Pao\n|-singleturn|p2b: Chien-Pao|Protect\n|move|p1b: Gengar|Hex|p2b: Chien-Pao\n|-activate|p2b: Chien-Pao|move: Protect\n|move|p2a: Umbreon|Yawn|p1b: Gengar\n|-start|p1b: Gengar|move: Yawn|[of] p2a: Umbreon\n|\n|-damage|p2b: Chien-Pao|83\/100 tox|[from] psn\n|upkeep\n|turn|4\n|\n|t:|1683260939\n|switch|p1b: Sableye|Sableye, L50, F|100\/100\n|-terastallize|p1a: Mimikyu|Fairy\n|move|p2b: Chien-Pao|Sucker Punch|p1a: Mimikyu\n|-activate|p1a: Mimikyu|ability: Disguise\n|-damage|p1a: Mimikyu|100\/100\n|detailschange|p1a: Mimikyu|Mimikyu-Busted, L50, F, tera:Fairy\n|-damage|p1a: Mimikyu|88\/100|[from] pokemon: Mimikyu-Busted\n|move|p1a: Mimikyu|Play Rough|p2a: Umbreon\n|-supereffective|p2a: Umbreon\n|-damage|p2a: Umbreon|0 fnt\n|faint|p2a: Umbreon\n|-damage|p1a: Mimikyu|78\/100|[from] item: Life Orb\n|\n|-damage|p2b: Chien-Pao|66\/100 tox|[from] psn\n|upkeep\n|\n|t:|1683260954\n|switch|p2a: Scizor|Scizor, L50, F, shiny|100\/100\n|turn|5\n|\n|t:|1683260970\n|switch|p1a: Gengar|Gengar, L50, F|100\/100\n|-item|p1a: Gengar|Air Balloon\n|-terastallize|p2a: Scizor|Steel\n|move|p1b: Sableye|Thunder Wave|p2a: Scizor\n|-status|p2a: Scizor|par\n|cant|p2a: Scizor|par\n|move|p2b: Chien-Pao|Sacred Sword|p1b: Sableye\n|-immune|p1b: Sableye\n|\n|-damage|p2b: Chien-Pao|43\/100 tox|[from] psn\n|upkeep\n|turn|6\n|-message|Scarr X_VGC forfeited.\n|\n|win|OneStrangeOnion\n|raw|OneStrangeOnion's rating: 1009 → 1055<\/strong> (+46 for winning)\n|raw|Scarr X_VGC's rating: 1076 → 1051<\/strong> (-25 for losing)\n|l|\u2606Scarr X_VGC\n|l|\u2606OneStrangeOnion\n|j|\u2606OneStrangeOnion\n|player|p1|OneStrangeOnion|rosa\n","uploadtime":1683261304,"views":7,"p1id":"onestrangeonion","p2id":"scarrxvgc","formatid":"gen9vgc2023regulationc","rating":1051,"private":0,"password":""}