{"id":"gen9vgc2023regulationc-1846868778","p1":"Spammm","p2":"sarcasmicc","format":"[Gen 9] VGC 2023 Regulation C","log":"|j|\u2606Spammm\n|j|\u2606sarcasmicc\n|t:|1681893286\n|gametype|doubles\n|player|p1|Spammm|ninjaboy|1269\n|player|p2|sarcasmicc|101|1186\n|teamsize|p1|6\n|teamsize|p2|6\n|gen|9\n|tier|[Gen 9] VGC 2023 Regulation C\n|rated|\n|rule|Species Clause: Limit one of each Pok\u00e9mon\n|rule|Item Clause: Limit one of each item\n|clearpoke\n|poke|p1|Iron Valiant, L50|\n|poke|p1|Palafin, L50, M|\n|poke|p1|Pelipper, L50, M|\n|poke|p1|Tsareena, L50, F|\n|poke|p1|Chien-Pao, L50|\n|poke|p1|Iron Hands, L50|\n|poke|p2|Iron Bundle, L50|\n|poke|p2|Abomasnow, L50, M|\n|poke|p2|Florges, L50, F|\n|poke|p2|Cryogonal, L50|\n|poke|p2|Cloyster, L50, F|\n|poke|p2|Grimmsnarl, L50, M|\n|teampreview|4\nsarcasmicc rejected open team sheets.\n|\n|t:|1681893316\n|start\n|switch|p1a: Iron Hands|Iron Hands, L50|100\/100\n|switch|p1b: Kenshi|Iron Valiant, L50, shiny|100\/100\n|switch|p2a: Iron Bundle|Iron Bundle, L50|100\/100\n|switch|p2b: Florges|Florges, L50, F|100\/100\n|-enditem|p2a: Iron Bundle|Booster Energy\n|-activate|p2b: Florges|ability: Symbiosis|Life Orb|[of] p2a: Iron Bundle\n|-activate|p2a: Iron Bundle|ability: Quark Drive|[fromitem]\n|-start|p2a: Iron Bundle|quarkdrivespe\n|-enditem|p1b: Kenshi|Booster Energy\n|-activate|p1b: Kenshi|ability: Quark Drive|[fromitem]\n|-start|p1b: Kenshi|quarkdrivespe\n|turn|1\n|\n|t:|1681893345\n|switch|p2b: Abomasnow|Abomasnow, L50, M|100\/100\n|-weather|Snow|[from] ability: Snow Warning|[of] p2b: Abomasnow\n|move|p1b: Kenshi|Protect|p1b: Kenshi\n|-singleturn|p1b: Kenshi|Protect\n|move|p2a: Iron Bundle|Aurora Veil|p2a: Iron Bundle\n|-sidestart|p2: sarcasmicc|move: Aurora Veil\n|move|p1a: Iron Hands|Drain Punch|p2a: Iron Bundle\n|-supereffective|p2a: Iron Bundle\n|-damage|p2a: Iron Bundle|54\/100\n|\n|-weather|Snow|[upkeep]\n|upkeep\n|turn|2\n|\n|t:|1681893384\n|-terastallize|p2a: Iron Bundle|Ice\n|-terastallize|p1a: Iron Hands|Fire\n|move|p2b: Abomasnow|Helping Hand|p2a: Iron Bundle\n|-singleturn|p2a: Iron Bundle|Helping Hand|[of] p2b: Abomasnow\n|move|p2a: Iron Bundle|Blizzard|p1a: Iron Hands|[spread] p1a,p1b\n|-resisted|p1a: Iron Hands\n|-crit|p1a: Iron Hands\n|-damage|p1a: Iron Hands|60\/100\n|-damage|p1b: Kenshi|0 fnt\n|faint|p1b: Kenshi\n|-end|p1b: Kenshi|Quark Drive|[silent]\n|-damage|p2a: Iron Bundle|44\/100|[from] item: Life Orb\n|move|p1a: Iron Hands|Thunder Punch|p2a: Iron Bundle\n|-damage|p2a: Iron Bundle|21\/100\n|\n|-weather|Snow|[upkeep]\n|upkeep\n|\n|t:|1681893395\n|switch|p1b: Frozone|Chien-Pao, L50|100\/100\n|-ability|p1b: Frozone|Sword of Ruin\n|turn|3\n|\n|t:|1681893412\n|move|p1b: Frozone|Sucker Punch|p2a: Iron Bundle\n|-damage|p2a: Iron Bundle|0 fnt\n|faint|p2a: Iron Bundle\n|-end|p2a: Iron Bundle|Quark Drive|[silent]\n|move|p2b: Abomasnow|Blizzard|p1a: Iron Hands|[spread] p1a,p1b\n|-resisted|p1a: Iron Hands\n|-resisted|p1b: Frozone\n|-damage|p1a: Iron Hands|52\/100\n|-damage|p1b: Frozone|78\/100\n|move|p1a: Iron Hands|Fire Punch|p2b: Abomasnow\n|-supereffective|p2b: Abomasnow\n|-damage|p2b: Abomasnow|0 fnt\n|faint|p2b: Abomasnow\n|\n|-weather|Snow|[upkeep]\n|upkeep\n|\n|t:|1681893423\n|switch|p2a: Florges|Florges, L50, F|100\/100\n|switch|p2b: Cryogonal|Cryogonal, L50|100\/100\n|turn|4\n|\n|t:|1681893448\n|move|p1b: Frozone|Protect|p1b: Frozone\n|-singleturn|p1b: Frozone|Protect\n|move|p2b: Cryogonal|Ancient Power|p1b: Frozone\n|-activate|p1b: Frozone|move: Protect\n|move|p2a: Florges|Dazzling Gleam|p1b: Frozone|[spread] p1a\n|-activate|p1b: Frozone|move: Protect\n|-resisted|p1a: Iron Hands\n|-damage|p1a: Iron Hands|44\/100\n|move|p1a: Iron Hands|Drain Punch|p2b: Cryogonal\n|-supereffective|p2b: Cryogonal\n|-enditem|p2b: Cryogonal|Focus Sash\n|-damage|p2b: Cryogonal|1\/100\n|-heal|p1a: Iron Hands|77\/100|[from] drain|[of] p2b: Cryogonal\n|\n|-weather|Snow|[upkeep]\n|upkeep\n|turn|5\n|\n|t:|1681893489\n|switch|p1b: Thotiana|Tsareena, L50, F|100\/100\n|move|p2b: Cryogonal|Haze|p2b: Cryogonal\n|-clearallboost\n|move|p2a: Florges|Dazzling Gleam|p1a: Iron Hands|[spread] p1a,p1b\n|-resisted|p1a: Iron Hands\n|-damage|p1a: Iron Hands|70\/100\n|-damage|p1b: Thotiana|75\/100\n|move|p1a: Iron Hands|Thunder Punch|p2b: Cryogonal\n|-damage|p2b: Cryogonal|0 fnt\n|faint|p2b: Cryogonal\n|\n|-weather|none\n|-sideend|p2: sarcasmicc|move: Aurora Veil\n|upkeep\n|turn|6\n|inactive|Battle timer is ON: inactive players will automatically lose when time's up. (requested by Spammm)\n|-message|sarcasmicc forfeited.\n|\n|win|Spammm\n|raw|Spammm's rating: 1269 → 1288<\/strong> (+19 for winning)\n|raw|sarcasmicc's rating: 1186 → 1167<\/strong> (-19 for losing)\n|l|\u2606sarcasmicc\n|l|\u2606Spammm\n|j|\u2606Spammm\n|player|p1|Spammm|ninjaboy\n|l|\u2606Spammm\n|player|p1|\n|j|\u2606Spammm\n|player|p1|Spammm|ninjaboy\n","uploadtime":1681893529,"views":14,"p1id":"spammm","p2id":"sarcasmicc","formatid":"gen9vgc2023regulationc","rating":1167,"private":0,"password":""}