{"id":"gen9vgc2023regulationc-1855343444","p1":"hadahada","p2":"zjwf","format":"[Gen 9] VGC 2023 Regulation C","log":"|j|\u2606hadahada\n|j|\u2606zjwf\n|t:|1682940387\n|gametype|doubles\n|player|p1|hadahada|gentleman-gen4dp|\n|player|p2|zjwf|irida|\n|teamsize|p1|6\n|teamsize|p2|6\n|gen|9\n|tier|[Gen 9] VGC 2023 Regulation C\n|rule|Species Clause: Limit one of each Pok\u00e9mon\n|rule|Item Clause: Limit one of each item\n|clearpoke\n|poke|p1|Arcanine, L50, F|\n|poke|p1|Ting-Lu, L50|\n|poke|p1|Amoonguss, L50, F|\n|poke|p1|Palafin, L50, F|\n|poke|p1|Gholdengo, L50|\n|poke|p1|Flutter Mane, L50|\n|poke|p2|Gholdengo, L50|\n|poke|p2|Iron Bundle, L50|\n|poke|p2|Iron Hands, L50|\n|poke|p2|Baxcalibur, L50, F|\n|poke|p2|Volcarona, L50, F|\n|poke|p2|Kingambit, L50, M|\n|teampreview|4\nzjwf has agreed to open team sheets.\n|inactive|Battle timer is ON: inactive players will automatically lose when time's up. (requested by hadahada)\nhadahada has agreed to open team sheets.\n|inactive|zjwf has 60 seconds left.\n|\n|t:|1682940442\n|start\n|switch|p1a: Gholdengo|Gholdengo, L50|100\/100\n|switch|p1b: Palafin|Palafin, L50, F|100\/100\n|switch|p2a: \u51bb\u98ce100%|Iron Bundle, L50|100\/100\n|switch|p2b: \u94c1\u6bd2\u86fe\u722c\u5730\u7fc5\u662f\u4ec0\u4e48\u4e1c\u897f|Volcarona, L50, F|100\/100\n|-enditem|p2a: \u51bb\u98ce100%|Booster Energy\n|-activate|p2a: \u51bb\u98ce100%|ability: Quark Drive|[fromitem]\n|-start|p2a: \u51bb\u98ce100%|quarkdrivespe\n|turn|1\n|\n|t:|1682940459\n|-terastallize|p1b: Palafin|Water\n|-terastallize|p2b: \u94c1\u6bd2\u86fe\u722c\u5730\u7fc5\u662f\u4ec0\u4e48\u4e1c\u897f|Water\n|move|p2a: \u51bb\u98ce100%|Protect|p2a: \u51bb\u98ce100%\n|-singleturn|p2a: \u51bb\u98ce100%|Protect\n|move|p1a: Gholdengo|Protect|p1a: Gholdengo\n|-singleturn|p1a: Gholdengo|Protect\n|move|p1b: Palafin|Jet Punch|p2b: \u94c1\u6bd2\u86fe\u722c\u5730\u7fc5\u662f\u4ec0\u4e48\u4e1c\u897f\n|-resisted|p2b: \u94c1\u6bd2\u86fe\u722c\u5730\u7fc5\u662f\u4ec0\u4e48\u4e1c\u897f\n|-damage|p2b: \u94c1\u6bd2\u86fe\u722c\u5730\u7fc5\u662f\u4ec0\u4e48\u4e1c\u897f|86\/100\n|-status|p1b: Palafin|brn|[from] ability: Flame Body|[of] p2b: \u94c1\u6bd2\u86fe\u722c\u5730\u7fc5\u662f\u4ec0\u4e48\u4e1c\u897f\n|move|p2b: \u94c1\u6bd2\u86fe\u722c\u5730\u7fc5\u662f\u4ec0\u4e48\u4e1c\u897f|Tailwind|p2b: \u94c1\u6bd2\u86fe\u722c\u5730\u7fc5\u662f\u4ec0\u4e48\u4e1c\u897f\n|-sidestart|p2: zjwf|move: Tailwind\n|\n|-damage|p1b: Palafin|95\/100 brn|[from] brn\n|upkeep\n|turn|2\n|inactive|zjwf has 30 seconds left.\n|c|\u2606hadahada|\u8fd9\u600e\u4e48\u6bcf\u6b21\u90fd\u70e7\u3002\u3002\u3002\n|\n|t:|1682940489\n|-end|p2a: \u51bb\u98ce100%|Quark Drive|[silent]\n|switch|p2a: \u9ed1\u5200|Kingambit, L50, M|100\/100\n|detailschange|p1b: Palafin|Palafin-Hero, L50, F, tera:Water\n|switch|p1b: Arcanine|Arcanine, L50, F|100\/100\n|-ability|p1b: Arcanine|Intimidate|boost\n|-unboost|p2a: \u9ed1\u5200|atk|1\n|-ability|p2a: \u9ed1\u5200|Defiant|boost\n|-boost|p2a: \u9ed1\u5200|atk|2\n|-unboost|p2b: \u94c1\u6bd2\u86fe\u722c\u5730\u7fc5\u662f\u4ec0\u4e48\u4e1c\u897f|atk|1\n|move|p2b: \u94c1\u6bd2\u86fe\u722c\u5730\u7fc5\u662f\u4ec0\u4e48\u4e1c\u897f|Struggle Bug|p1b: Arcanine|[spread] p1a,p1b\n|-resisted|p1a: Gholdengo\n|-resisted|p1b: Arcanine\n|-damage|p1a: Gholdengo|95\/100\n|-damage|p1b: Arcanine|94\/100\n|-unboost|p1a: Gholdengo|spa|1\n|-unboost|p1b: Arcanine|spa|1\n|move|p1a: Gholdengo|Make It Rain|p2a: \u9ed1\u5200|[spread] p2a,p2b\n|-resisted|p2a: \u9ed1\u5200\n|-resisted|p2b: \u94c1\u6bd2\u86fe\u722c\u5730\u7fc5\u662f\u4ec0\u4e48\u4e1c\u897f\n|-damage|p2a: \u9ed1\u5200|87\/100\n|-damage|p2b: \u94c1\u6bd2\u86fe\u722c\u5730\u7fc5\u662f\u4ec0\u4e48\u4e1c\u897f|72\/100\n|-unboost|p1a: Gholdengo|spa|1\n|\n|-heal|p1a: Gholdengo|100\/100|[from] item: Leftovers\n|upkeep\n|turn|3\n|inactive|zjwf has 30 seconds left.\n|\n|t:|1682940521\n|switch|p1a: Palafin|Palafin-Hero, L50, F, tera:Water|95\/100 brn\n|-activate|p1a: Palafin|ability: Zero to Hero\n|move|p2b: \u94c1\u6bd2\u86fe\u722c\u5730\u7fc5\u662f\u4ec0\u4e48\u4e1c\u897f|Heat Wave|p1a: Palafin|[spread] p1a,p1b\n|-resisted|p1a: Palafin\n|-resisted|p1b: Arcanine\n|-damage|p1a: Palafin|76\/100 brn\n|-damage|p1b: Arcanine|82\/100\n|move|p2a: \u9ed1\u5200|Kowtow Cleave|p1b: Arcanine\n|-damage|p1b: Arcanine|0 fnt\n|faint|p1b: Arcanine\n|\n|-damage|p1a: Palafin|71\/100 brn|[from] brn\n|upkeep\n|\n|t:|1682940539\n|switch|p1b: Ting-Lu|Ting-Lu, L50|100\/100\n|-ability|p1b: Ting-Lu|Vessel of Ruin\n|turn|4\n|inactive|zjwf has 30 seconds left.\n|inactive|zjwf has 20 seconds left.\n|\n|t:|1682940575\n|move|p2b: \u94c1\u6bd2\u86fe\u722c\u5730\u7fc5\u662f\u4ec0\u4e48\u4e1c\u897f|Rage Powder|p2b: \u94c1\u6bd2\u86fe\u722c\u5730\u7fc5\u662f\u4ec0\u4e48\u4e1c\u897f\n|-singleturn|p2b: \u94c1\u6bd2\u86fe\u722c\u5730\u7fc5\u662f\u4ec0\u4e48\u4e1c\u897f|move: Rage Powder\n|move|p1a: Palafin|Wave Crash|p2b: \u94c1\u6bd2\u86fe\u722c\u5730\u7fc5\u662f\u4ec0\u4e48\u4e1c\u897f\n|-resisted|p2b: \u94c1\u6bd2\u86fe\u722c\u5730\u7fc5\u662f\u4ec0\u4e48\u4e1c\u897f\n|-damage|p2b: \u94c1\u6bd2\u86fe\u722c\u5730\u7fc5\u662f\u4ec0\u4e48\u4e1c\u897f|47\/100\n|-damage|p1a: Palafin|62\/100 brn|[from] Recoil\n|move|p2a: \u9ed1\u5200|Kowtow Cleave|p1a: Palafin\n|-crit|p1a: Palafin\n|-damage|p1a: Palafin|0 fnt\n|faint|p1a: Palafin\n|move|p1b: Ting-Lu|Throat Chop|p2b: \u94c1\u6bd2\u86fe\u722c\u5730\u7fc5\u662f\u4ec0\u4e48\u4e1c\u897f\n|-damage|p2b: \u94c1\u6bd2\u86fe\u722c\u5730\u7fc5\u662f\u4ec0\u4e48\u4e1c\u897f|10\/100\n|-start|p2b: \u94c1\u6bd2\u86fe\u722c\u5730\u7fc5\u662f\u4ec0\u4e48\u4e1c\u897f|Throat Chop|[silent]\n|-enditem|p2b: \u94c1\u6bd2\u86fe\u722c\u5730\u7fc5\u662f\u4ec0\u4e48\u4e1c\u897f|Iapapa Berry|[eat]\n|-heal|p2b: \u94c1\u6bd2\u86fe\u722c\u5730\u7fc5\u662f\u4ec0\u4e48\u4e1c\u897f|43\/100|[from] item: Iapapa Berry\n|\n|-sideend|p2: zjwf|move: Tailwind\n|upkeep\n|\n|t:|1682940588\n|switch|p1a: Gholdengo|Gholdengo, L50|100\/100\n|turn|5\n|\n|t:|1682940596\n|move|p1a: Gholdengo|Protect|p1a: Gholdengo\n|-singleturn|p1a: Gholdengo|Protect\n|move|p2a: \u9ed1\u5200|Sucker Punch||[still]\n|-fail|p2a: \u9ed1\u5200\n|move|p2b: \u94c1\u6bd2\u86fe\u722c\u5730\u7fc5\u662f\u4ec0\u4e48\u4e1c\u897f|Tailwind|p2b: \u94c1\u6bd2\u86fe\u722c\u5730\u7fc5\u662f\u4ec0\u4e48\u4e1c\u897f\n|-sidestart|p2: zjwf|move: Tailwind\n|move|p1b: Ting-Lu|Fissure|p2a: \u9ed1\u5200\n|-damage|p2a: \u9ed1\u5200|0 fnt\n|faint|p2a: \u9ed1\u5200\n|-ohko\n|\n|-end|p2b: \u94c1\u6bd2\u86fe\u722c\u5730\u7fc5\u662f\u4ec0\u4e48\u4e1c\u897f|Throat Chop|[silent]\n|upkeep\n|\n|t:|1682940606\n|switch|p2a: \u51bb\u98ce100%|Iron Bundle, L50|100\/100\n|turn|6\n|\n|t:|1682940614\n|move|p2a: \u51bb\u98ce100%|Hydro Pump|p1a: Gholdengo\n|-damage|p1a: Gholdengo|47\/100\n|move|p2b: \u94c1\u6bd2\u86fe\u722c\u5730\u7fc5\u662f\u4ec0\u4e48\u4e1c\u897f|Heat Wave|p1b: Ting-Lu|[spread] p1a,p1b\n|-supereffective|p1a: Gholdengo\n|-damage|p1a: Gholdengo|0 fnt\n|-damage|p1b: Ting-Lu|86\/100\n|faint|p1a: Gholdengo\n|move|p1b: Ting-Lu|Stomping Tantrum|p2b: \u94c1\u6bd2\u86fe\u722c\u5730\u7fc5\u662f\u4ec0\u4e48\u4e1c\u897f\n|-damage|p2b: \u94c1\u6bd2\u86fe\u722c\u5730\u7fc5\u662f\u4ec0\u4e48\u4e1c\u897f|5\/100\n|-status|p1b: Ting-Lu|brn|[from] ability: Flame Body|[of] p2b: \u94c1\u6bd2\u86fe\u722c\u5730\u7fc5\u662f\u4ec0\u4e48\u4e1c\u897f\n|\n|-damage|p1b: Ting-Lu|80\/100 brn|[from] brn\n|upkeep\n|turn|7\n|-message|hadahada forfeited.\n|\n|win|zjwf\n|l|\u2606hadahada\n|c|\u2606zjwf|100\u70e7\u4f24\n","uploadtime":1682940633,"views":29,"p1id":"hadahada","p2id":"zjwf","formatid":"gen9vgc2023regulationc","rating":0,"private":0,"password":""}