{"id":"gen9vgc2023regulationc-1847393428","p1":"paokami","p2":"Kiryae","format":"[Gen 9] VGC 2023 Regulation C","log":"|j|\u2606paokami\n|j|\u2606Kiryae\n|t:|1681949881\n|gametype|doubles\n|player|p1|paokami|red|1266\n|player|p2|Kiryae|170|1334\n|teamsize|p1|6\n|teamsize|p2|6\n|gen|9\n|tier|[Gen 9] VGC 2023 Regulation C\n|rated|\n|rule|Species Clause: Limit one of each Pok\u00e9mon\n|rule|Item Clause: Limit one of each item\n|clearpoke\n|poke|p1|Flutter Mane, L50|\n|poke|p1|Chien-Pao, L50|\n|poke|p1|Dragonite, L50, M|\n|poke|p1|Amoonguss, L50, F|\n|poke|p1|Ting-Lu, L50|\n|poke|p1|Annihilape, L50, M|\n|poke|p2|Gholdengo, L50|\n|poke|p2|Arcanine, L50, F|\n|poke|p2|Palafin, L50, F|\n|poke|p2|Roaring Moon, L50|\n|poke|p2|Amoonguss, L50, M|\n|poke|p2|Ting-Lu, L50|\n|teampreview|4\n|inactive|Battle timer is ON: inactive players will automatically lose when time's up. (requested by Kiryae)\n|inactive|paokami has 60 seconds left.\n|inactive|paokami has 30 seconds left.\n|\n|t:|1681949951\n|start\n|switch|p1a: Flutter Mane|Flutter Mane, L50|100\/100\n|switch|p1b: Dragonite|Dragonite, L50, M|100\/100\n|switch|p2a: Palafin|Palafin, L50, F|100\/100\n|switch|p2b: Gholdengo|Gholdengo, L50|100\/100\n|-enditem|p1a: Flutter Mane|Booster Energy\n|-activate|p1a: Flutter Mane|ability: Protosynthesis|[fromitem]\n|-start|p1a: Flutter Mane|protosynthesisspe\n|turn|1\n|inactive|paokami has 30 seconds left.\n|inactive|Kiryae has 30 seconds left.\n|\n|t:|1681949984\n|detailschange|p2a: Palafin|Palafin-Hero, L50, F\n|switch|p2a: Arcanine|Arcanine, L50, F|100\/100\n|-ability|p2a: Arcanine|Intimidate|boost\n|-unboost|p1a: Flutter Mane|atk|1\n|-fail|p1b: Dragonite|unboost|Attack|[from] ability: Inner Focus|[of] p1b: Dragonite\n|-terastallize|p1a: Flutter Mane|Ghost\n|-terastallize|p2b: Gholdengo|Steel\n|move|p1a: Flutter Mane|Shadow Ball|p2b: Gholdengo\n|-damage|p2b: Gholdengo|41\/100\n|move|p1b: Dragonite|Dragon Claw|p2b: Gholdengo\n|-resisted|p2b: Gholdengo\n|-damage|p2b: Gholdengo|18\/100\n|move|p2b: Gholdengo|Make It Rain|p1b: Dragonite|[spread] p1a,p1b\n|-damage|p1a: Flutter Mane|41\/100\n|-damage|p1b: Dragonite|27\/100\n|-unboost|p2b: Gholdengo|spa|1\n|\n|-heal|p2b: Gholdengo|24\/100|[from] item: Leftovers\n|upkeep\n|turn|2\n|inactive|paokami has 30 seconds left.\n|inactive|Kiryae has 30 seconds left.\n|inactive|paokami has 20 seconds left.\n|inactive|Kiryae has 20 seconds left.\n|inactive|paokami has 15 seconds left.\n|inactive|Kiryae has 15 seconds left.\n|inactive|paokami has 10 seconds left.\n|\n|t:|1681950032\n|move|p2b: Gholdengo|Protect|p2b: Gholdengo\n|-singleturn|p2b: Gholdengo|Protect\n|move|p1a: Flutter Mane|Shadow Ball|p2a: Arcanine\n|-damage|p2a: Arcanine|35\/100\n|move|p2a: Arcanine|Flare Blitz|p1a: Flutter Mane\n|-damage|p1a: Flutter Mane|0 fnt\n|faint|p1a: Flutter Mane\n|-end|p1a: Flutter Mane|Protosynthesis|[silent]\n|-damage|p2a: Arcanine|25\/100|[from] Recoil\n|move|p1b: Dragonite|Dragon Claw|p2a: Arcanine\n|-damage|p2a: Arcanine|0 fnt\n|faint|p2a: Arcanine\n|\n|-heal|p2b: Gholdengo|30\/100|[from] item: Leftovers\n|upkeep\n|\n|t:|1681950050\n|switch|p1a: Annihilape|Annihilape, L50, M|100\/100\n|switch|p2a: Palafin|Palafin-Hero, L50, F|100\/100\n|-activate|p2a: Palafin|ability: Zero to Hero\n|turn|3\n|inactive|Kiryae has 30 seconds left.\n|\n|t:|1681950079\n|move|p2a: Palafin|Protect|p2a: Palafin\n|-singleturn|p2a: Palafin|Protect\n|move|p1a: Annihilape|Drain Punch|p2b: Gholdengo\n|-supereffective|p2b: Gholdengo\n|-damage|p2b: Gholdengo|0 fnt\n|faint|p2b: Gholdengo\n|move|p1b: Dragonite|Dragon Claw|p2a: Palafin\n|-activate|p2a: Palafin|move: Protect\n|\n|upkeep\n|\n|t:|1681950087\n|switch|p2b: Amoonguss|Amoonguss, L50, M|100\/100\n|turn|4\n|\n|t:|1681950111\n|move|p2b: Amoonguss|Rage Powder|p2b: Amoonguss\n|-singleturn|p2b: Amoonguss|move: Rage Powder\n|move|p1a: Annihilape|Bulk Up|p1a: Annihilape\n|-boost|p1a: Annihilape|atk|1\n|-boost|p1a: Annihilape|def|1\n|move|p1b: Dragonite|Dragon Claw|p2b: Amoonguss\n|-damage|p2b: Amoonguss|61\/100\n|move|p2a: Palafin|Wave Crash|p1a: Annihilape\n|-damage|p1a: Annihilape|33\/100\n|-damage|p2a: Palafin|78\/100|[from] Recoil\n|\n|-heal|p1a: Annihilape|39\/100|[from] item: Leftovers\n|upkeep\n|turn|5\n|inactive|Kiryae has 30 seconds left.\n|\n|t:|1681950144\n|move|p1a: Annihilape|Protect|p1a: Annihilape\n|-singleturn|p1a: Annihilape|Protect\n|move|p2a: Palafin|Protect|p2a: Palafin\n|-singleturn|p2a: Palafin|Protect\n|move|p1b: Dragonite|Dragon Claw|p2b: Amoonguss\n|-damage|p2b: Amoonguss|24\/100\n|-enditem|p2b: Amoonguss|Sitrus Berry|[eat]\n|-heal|p2b: Amoonguss|49\/100|[from] item: Sitrus Berry\n|move|p2b: Amoonguss|Spore|p1a: Annihilape\n|-activate|p1a: Annihilape|move: Protect\n|\n|-heal|p1a: Annihilape|45\/100|[from] item: Leftovers\n|upkeep\n|turn|6\n|\n|t:|1681950166\n|move|p2b: Amoonguss|Rage Powder|p2b: Amoonguss\n|-singleturn|p2b: Amoonguss|move: Rage Powder\n|move|p1a: Annihilape|Rage Fist|p2b: Amoonguss\n|-damage|p2b: Amoonguss|2\/100\n|move|p1b: Dragonite|Dragon Claw|p2b: Amoonguss\n|-damage|p2b: Amoonguss|0 fnt\n|faint|p2b: Amoonguss\n|move|p2a: Palafin|Wave Crash|p1a: Annihilape\n|-damage|p1a: Annihilape|0 fnt\n|faint|p1a: Annihilape\n|-damage|p2a: Palafin|63\/100|[from] Recoil\n|\n|upkeep\n|\n|t:|1681950180\n|switch|p1a: Amoonguss|Amoonguss, L50, F|100\/100\n|turn|7\n|\n|t:|1681950186\n|move|p1a: Amoonguss|Rage Powder|p1a: Amoonguss\n|-singleturn|p1a: Amoonguss|move: Rage Powder\n|move|p2a: Palafin|Jet Punch|p1a: Amoonguss\n|-resisted|p1a: Amoonguss\n|-damage|p1a: Amoonguss|82\/100\n|move|p1b: Dragonite|Dragon Claw|p2a: Palafin\n|-damage|p2a: Palafin|19\/100\n|\n|upkeep\n|turn|8\n|-message|Kiryae forfeited.\n|\n|win|paokami\n|raw|paokami's rating: 1266 → 1296<\/strong> (+30 for winning)\n|raw|Kiryae's rating: 1334 → 1310<\/strong> (-24 for losing)\n|l|\u2606paokami\n","uploadtime":1681950197,"views":5,"p1id":"paokami","p2id":"kiryae","formatid":"gen9vgc2023regulationc","rating":1296,"private":0,"password":""}