{"id":"gen9vgc2023regulationc-1854260118","p1":"getmelit","p2":"HazeOneTrick","format":"[Gen 9] VGC 2023 Regulation C","log":"|j|\u2606getmelit\n|j|\u2606HazeOneTrick\n|t:|1682789718\n|gametype|doubles\n|player|p1|getmelit|marlon|\n|player|p2|HazeOneTrick|acetrainer-gen6xy|\n|teamsize|p1|6\n|teamsize|p2|6\n|gen|9\n|tier|[Gen 9] VGC 2023 Regulation C\n|rule|Species Clause: Limit one of each Pok\u00e9mon\n|rule|Item Clause: Limit one of each item\n|clearpoke\n|poke|p1|Chi-Yu, L50|\n|poke|p1|Garchomp, L50, M|\n|poke|p1|Amoonguss, L50, M|\n|poke|p1|Gyarados, L50, F|\n|poke|p1|Flutter Mane, L50|\n|poke|p1|Kingambit, L50, F|\n|poke|p2|Iron Hands, L50|\n|poke|p2|Gyarados, L50, M|\n|poke|p2|Flutter Mane, L50|\n|poke|p2|Chi-Yu, L50|\n|poke|p2|Amoonguss, L50, F|\n|poke|p2|Bronzong, L50|\n|teampreview|4\nHazeOneTrick has agreed to open team sheets.\ngetmelit has agreed to open team sheets.\n|\n|t:|1682789815\n|start\n|switch|p1a: Flutter Mane|Flutter Mane, L50|100\/100\n|switch|p1b: Gyarados|Gyarados, L50, F|100\/100\n|switch|p2a: Bronzong|Bronzong, L50|100\/100\n|switch|p2b: Amoonguss|Amoonguss, L50, F|100\/100\n|-ability|p1b: Gyarados|Intimidate|boost\n|-unboost|p2a: Bronzong|atk|1\n|-unboost|p2b: Amoonguss|atk|1\n|-enditem|p1a: Flutter Mane|Booster Energy\n|-activate|p1a: Flutter Mane|ability: Protosynthesis|[fromitem]\n|-start|p1a: Flutter Mane|protosynthesisspa\n|turn|1\n|\n|t:|1682789853\n|-terastallize|p2a: Bronzong|Water\n|move|p1a: Flutter Mane|Substitute|p1a: Flutter Mane\n|-start|p1a: Flutter Mane|Substitute\n|-damage|p1a: Flutter Mane|76\/100\n|move|p1b: Gyarados|Taunt|p2b: Amoonguss\n|-start|p2b: Amoonguss|move: Taunt\n|cant|p2b: Amoonguss|move: Taunt|Spore\n|move|p2a: Bronzong|Iron Defense|p2a: Bronzong\n|-boost|p2a: Bronzong|def|2\n|\n|upkeep\n|turn|2\n|\n|t:|1682789904\n|switch|p1b: Amoonguss|Amoonguss, L50, M|100\/100\n|-terastallize|p1a: Flutter Mane|Fairy\n|move|p1a: Flutter Mane|Dazzling Gleam|p2b: Amoonguss|[spread] p2a,p2b\n|-resisted|p2b: Amoonguss\n|-damage|p2a: Bronzong|61\/100\n|-damage|p2b: Amoonguss|77\/100\n|move|p2b: Amoonguss|Clear Smog|p1a: Flutter Mane\n|-supereffective|p1a: Flutter Mane\n|-end|p1a: Flutter Mane|Substitute\n|move|p2a: Bronzong|Gyro Ball|p1a: Flutter Mane\n|-supereffective|p1a: Flutter Mane\n|-damage|p1a: Flutter Mane|0 fnt\n|faint|p1a: Flutter Mane\n|-end|p1a: Flutter Mane|Protosynthesis|[silent]\n|\n|upkeep\n|\n|t:|1682789921\n|switch|p1a: Chi-Yu|Chi-Yu, L50|100\/100\n|-ability|p1a: Chi-Yu|Beads of Ruin\n|turn|3\n|\n|t:|1682789957\n|move|p1a: Chi-Yu|Protect|p1a: Chi-Yu\n|-singleturn|p1a: Chi-Yu|Protect\n|move|p2b: Amoonguss|Pollen Puff|p2a: Bronzong\n|-heal|p2a: Bronzong|100\/100\n|move|p1b: Amoonguss|Pollen Puff|p2a: Bronzong\n|-damage|p2a: Bronzong|84\/100\n|move|p2a: Bronzong|Body Press|p1a: Chi-Yu\n|-activate|p1a: Chi-Yu|move: Protect\n|\n|-end|p2b: Amoonguss|move: Taunt\n|upkeep\n|turn|4\n|\n|t:|1682789986\n|move|p1a: Chi-Yu|Nasty Plot|p1a: Chi-Yu\n|-boost|p1a: Chi-Yu|spa|2\n|move|p2b: Amoonguss|Spore|p1a: Chi-Yu\n|-activate|p1a: Chi-Yu|item: Safety Goggles|Spore\n|move|p1b: Amoonguss|Pollen Puff|p1a: Chi-Yu\n|-immune|p1a: Chi-Yu\n|move|p2a: Bronzong|Body Press|p1a: Chi-Yu\n|-supereffective|p1a: Chi-Yu\n|-damage|p1a: Chi-Yu|0 fnt\n|faint|p1a: Chi-Yu\n|\n|upkeep\n|\n|t:|1682789997\n|switch|p1a: Gyarados|Gyarados, L50, F|100\/100\n|-ability|p1a: Gyarados|Intimidate|boost\n|-unboost|p2a: Bronzong|atk|1\n|-unboost|p2b: Amoonguss|atk|1\n|turn|5\n|-message|getmelit forfeited.\n|\n|win|HazeOneTrick\n","uploadtime":1682790008,"views":28,"p1id":"getmelit","p2id":"hazeonetrick","formatid":"gen9vgc2023regulationc","rating":0,"private":0,"password":""}