{"id":"gen9vgc2023regulationc-1856457102","p1":"HappyduckJJ","p2":"Keveloper","format":"[Gen 9] VGC 2023 Regulation C","log":"|j|\u2606HappyduckJJ\n|j|\u2606Keveloper\n|t:|1683063554\n|gametype|doubles\n|player|p1|HappyduckJJ|chase|\n|player|p2|Keveloper|lucas|\n|teamsize|p1|6\n|teamsize|p2|6\n|gen|9\n|tier|[Gen 9] VGC 2023 Regulation C\n|rule|Species Clause: Limit one of each Pok\u00e9mon\n|rule|Item Clause: Limit one of each item\n|clearpoke\n|poke|p1|Glimmora, L50, F|\n|poke|p1|Iron Bundle, L50|\n|poke|p1|Wo-Chien, L50|\n|poke|p1|Arcanine, L50, M|\n|poke|p1|Dondozo, L50, M|\n|poke|p1|Tatsugiri, L50, F|\n|poke|p2|Orthworm, L50, M|\n|poke|p2|Dragonite, L50, F|\n|poke|p2|Ting-Lu, L50|\n|poke|p2|Gyarados, L50, F|\n|poke|p2|Flutter Mane, L50|\n|poke|p2|Chien-Pao, L50|\n|teampreview|4\nKeveloper has agreed to open team sheets.\nHappyduckJJ has agreed to open team sheets.\n|\n|t:|1683063612\n|start\n|switch|p1a: Glimmora|Glimmora, L50, F|100\/100\n|switch|p1b: Woah-Chien|Wo-Chien, L50|100\/100\n|switch|p2a: Orthworm|Orthworm, L50, M|100\/100\n|switch|p2b: Ting-Lu|Ting-Lu, L50|100\/100\n|-ability|p2b: Ting-Lu|Vessel of Ruin\n|-ability|p1b: Woah-Chien|Tablets of Ruin\n|turn|1\n|\n|t:|1683063659\n|-terastallize|p1a: Glimmora|Grass\n|move|p1a: Glimmora|Mortal Spin|p2b: Ting-Lu|[spread] p2b\n|-immune|p2a: Orthworm\n|-resisted|p2b: Ting-Lu\n|-damage|p2b: Ting-Lu|99\/100\n|-status|p2b: Ting-Lu|psn\n|move|p2b: Ting-Lu|Bulldoze|p1a: Glimmora|[spread] p1a,p1b\n|-immune|p2a: Orthworm|[from] ability: Earth Eater\n|-resisted|p1a: Glimmora\n|-resisted|p1b: Woah-Chien\n|-damage|p1a: Glimmora|94\/100\n|-damage|p1b: Woah-Chien|94\/100\n|-unboost|p1a: Glimmora|spe|1\n|-unboost|p1b: Woah-Chien|spe|1\n|-activate|p1a: Glimmora|ability: Toxic Debris\n|-sidestart|p2: Keveloper|move: Toxic Spikes\n|move|p2a: Orthworm|Iron Defense|p2a: Orthworm\n|-boost|p2a: Orthworm|def|2\n|move|p1b: Woah-Chien|Leech Seed|p2b: Ting-Lu\n|-start|p2b: Ting-Lu|move: Leech Seed\n|\n|-damage|p2b: Ting-Lu|87\/100 psn|[from] Leech Seed|[of] p1b: Woah-Chien\n|-heal|p1b: Woah-Chien|100\/100|[silent]\n|-damage|p2b: Ting-Lu|75\/100 psn|[from] psn\n|upkeep\n|turn|2\n|\n|t:|1683063685\n|move|p1b: Woah-Chien|Protect|p1b: Woah-Chien\n|-singleturn|p1b: Woah-Chien|Protect\n|move|p2b: Ting-Lu|Rock Slide|p1a: Glimmora|[spread] p1a\n|-activate|p1b: Woah-Chien|move: Protect\n|-damage|p1a: Glimmora|82\/100\n|-activate|p1a: Glimmora|ability: Toxic Debris\n|-sidestart|p2: Keveloper|move: Toxic Spikes\n|move|p2a: Orthworm|Body Press|p1b: Woah-Chien\n|-activate|p1b: Woah-Chien|move: Protect\n|move|p1a: Glimmora|Energy Ball|p2b: Ting-Lu\n|-supereffective|p2b: Ting-Lu\n|-damage|p2b: Ting-Lu|41\/100 psn\n|\n|-damage|p2b: Ting-Lu|29\/100 psn|[from] Leech Seed|[of] p1b: Woah-Chien\n|-damage|p2b: Ting-Lu|16\/100 psn|[from] psn\n|upkeep\n|turn|3\n|\n|t:|1683063722\n|switch|p2b: Gyarados|Gyarados, L50, F|100\/100\n|-ability|p2b: Gyarados|Intimidate|boost\n|-unboost|p1a: Glimmora|atk|1\n|-unboost|p1b: Woah-Chien|atk|1\n|move|p2a: Orthworm|Body Press|p1b: Woah-Chien\n|-supereffective|p1b: Woah-Chien\n|-damage|p1b: Woah-Chien|35\/100\n|-enditem|p1b: Woah-Chien|Sitrus Berry|[eat]\n|-heal|p1b: Woah-Chien|60\/100|[from] item: Sitrus Berry\n|move|p1a: Glimmora|Energy Ball|p2b: Gyarados\n|-damage|p2b: Gyarados|70\/100\n|move|p1b: Woah-Chien|Leech Seed|p2a: Orthworm\n|-start|p2a: Orthworm|move: Leech Seed\n|\n|-damage|p2a: Orthworm|88\/100|[from] Leech Seed|[of] p1b: Woah-Chien\n|-heal|p1b: Woah-Chien|71\/100|[silent]\n|upkeep\n|turn|4\n|\n|t:|1683063754\n|switch|p2b: Ting-Lu|Ting-Lu, L50|16\/100 psn\n|-ability|p2b: Ting-Lu|Vessel of Ruin\n|move|p2a: Orthworm|Shed Tail|p2a: Orthworm\n|-start|p2a: Orthworm|Substitute|[from] move: Shed Tail\n|-damage|p2a: Orthworm|38\/100\n|-enditem|p2a: Orthworm|Sitrus Berry|[eat]\n|-heal|p2a: Orthworm|63\/100|[from] item: Sitrus Berry\n|\n|t:|1683063764\n|switch|p2a: Gyarados|Gyarados, L50, F|70\/100|[from] Shed Tail\n|-ability|p2a: Gyarados|Intimidate|boost\n|-unboost|p1a: Glimmora|atk|1\n|-unboost|p1b: Woah-Chien|atk|1\n|move|p1a: Glimmora|Power Gem|p2b: Ting-Lu\n|-resisted|p2b: Ting-Lu\n|-damage|p2b: Ting-Lu|8\/100 psn\n|move|p1b: Woah-Chien|Foul Play|p2b: Ting-Lu\n|-resisted|p2b: Ting-Lu\n|-damage|p2b: Ting-Lu|0 fnt\n|faint|p2b: Ting-Lu\n|\n|upkeep\n|\n|t:|1683063777\n|switch|p2b: Chien-Pao|Chien-Pao, L50|100\/100\n|-status|p2b: Chien-Pao|tox\n|-ability|p2b: Chien-Pao|Sword of Ruin\n|turn|5\n|\n|t:|1683063805\n|switch|p1a: Arcanine|Arcanine, L50, M|100\/100\n|-ability|p1a: Arcanine|Intimidate|boost\n|-immune|p2a: Gyarados\n|-unboost|p2b: Chien-Pao|atk|1\n|move|p2b: Chien-Pao|Ice Spinner|p1b: Woah-Chien\n|-supereffective|p1b: Woah-Chien\n|-damage|p1b: Woah-Chien|29\/100\n|move|p2a: Gyarados|Thunder Wave|p1a: Arcanine\n|-status|p1a: Arcanine|par\n|move|p1b: Woah-Chien|Foul Play|p2a: Gyarados\n|-end|p2a: Gyarados|Substitute\n|\n|-damage|p2b: Chien-Pao|95\/100 tox|[from] psn\n|upkeep\n|turn|6\n|\n|t:|1683063832\n|switch|p2b: Orthworm|Orthworm, L50, M|63\/100\n|switch|p1b: Glimmora|Glimmora, L50, F, tera:Grass|82\/100\n|move|p2a: Gyarados|Bulldoze|p1a: Arcanine|[spread] p1a,p1b\n|-heal|p2b: Orthworm|88\/100|[from] ability: Earth Eater|[of] p2a: Gyarados\n|-supereffective|p1a: Arcanine\n|-resisted|p1b: Glimmora\n|-damage|p1a: Arcanine|70\/100 par\n|-damage|p1b: Glimmora|77\/100\n|-unboost|p1a: Arcanine|spe|1\n|-unboost|p1b: Glimmora|spe|1\n|cant|p1a: Arcanine|par\n|\n|upkeep\n|turn|7\n|\n|t:|1683063859\n|move|p2a: Gyarados|Waterfall|p1a: Arcanine\n|-supereffective|p1a: Arcanine\n|-damage|p1a: Arcanine|0 fnt\n|faint|p1a: Arcanine\n|move|p2b: Orthworm|Iron Defense|p2b: Orthworm\n|-boost|p2b: Orthworm|def|2\n|move|p1b: Glimmora|Power Gem|p2a: Gyarados\n|-supereffective|p2a: Gyarados\n|-damage|p2a: Gyarados|10\/100\n|\n|upkeep\n|\n|t:|1683063876\n|switch|p1a: Iron Bundle|Iron Bundle, L50|100\/100\n|-enditem|p1a: Iron Bundle|Booster Energy\n|-activate|p1a: Iron Bundle|ability: Quark Drive|[fromitem]\n|-start|p1a: Iron Bundle|quarkdrivespe\n|turn|8\n|\n|t:|1683063901\n|move|p1a: Iron Bundle|Protect|p1a: Iron Bundle\n|-singleturn|p1a: Iron Bundle|Protect\n|move|p2a: Gyarados|Bulldoze|p1a: Iron Bundle|[spread] p1b\n|-activate|p1a: Iron Bundle|move: Protect\n|-heal|p2b: Orthworm|100\/100|[from] ability: Earth Eater|[of] p2a: Gyarados\n|-resisted|p1b: Glimmora\n|-damage|p1b: Glimmora|73\/100\n|-unboost|p1b: Glimmora|spe|1\n|move|p2b: Orthworm|Body Press|p1a: Iron Bundle\n|-activate|p1a: Iron Bundle|move: Protect\n|move|p1b: Glimmora|Power Gem|p2a: Gyarados\n|-supereffective|p2a: Gyarados\n|-damage|p2a: Gyarados|0 fnt\n|faint|p2a: Gyarados\n|\n|upkeep\n|\n|t:|1683063906\n|switch|p2a: Chien-Pao|Chien-Pao, L50|95\/100 tox\n|-ability|p2a: Chien-Pao|Sword of Ruin\n|turn|9\n|\n|t:|1683063924\n|switch|p1b: Woah-Chien|Wo-Chien, L50|29\/100\n|-ability|p1b: Woah-Chien|Tablets of Ruin\n|move|p1a: Iron Bundle|Hydro Pump|p2a: Chien-Pao\n|-damage|p2a: Chien-Pao|4\/100 tox\n|move|p2a: Chien-Pao|Ice Spinner|p1b: Woah-Chien\n|-supereffective|p1b: Woah-Chien\n|-damage|p1b: Woah-Chien|0 fnt\n|faint|p1b: Woah-Chien\n|move|p2b: Orthworm|Body Press|p1a: Iron Bundle\n|-supereffective|p1a: Iron Bundle\n|-damage|p1a: Iron Bundle|0 fnt\n|faint|p1a: Iron Bundle\n|-end|p1a: Iron Bundle|Quark Drive|[silent]\n|\n|-damage|p2a: Chien-Pao|0 fnt|[from] psn\n|faint|p2a: Chien-Pao\n|upkeep\n|\n|t:|1683063930\n|switch|p1b: Glimmora|Glimmora, L50, F, tera:Grass|73\/100\n|turn|10\n|-message|HappyduckJJ forfeited.\n|\n|win|Keveloper\n","uploadtime":1683063942,"views":6,"p1id":"happyduckjj","p2id":"keveloper","formatid":"gen9vgc2023regulationc","rating":0,"private":0,"password":""}