{"id":"gen9vgc2023regulationc-1851721203","p1":"antolin19","p2":"CblonVGC","format":"[Gen 9] VGC 2023 Regulation C","log":"|j|\u2606antolin19\n|j|\u2606CblonVGC\n|t:|1682474120\n|gametype|doubles\n|player|p1|antolin19|266|1346\n|player|p2|CblonVGC|preschooler|1379\n|teamsize|p1|6\n|teamsize|p2|6\n|gen|9\n|tier|[Gen 9] VGC 2023 Regulation C\n|rated|\n|rule|Species Clause: Limit one of each Pok\u00e9mon\n|rule|Item Clause: Limit one of each item\n|clearpoke\n|poke|p1|Arcanine, L50, M|\n|poke|p1|Palafin, L50, M|\n|poke|p1|Amoonguss, L50, M|\n|poke|p1|Flutter Mane, L50|\n|poke|p1|Baxcalibur, L50, M|\n|poke|p1|Iron Bundle, L50|\n|poke|p2|Amoonguss, L50, M|\n|poke|p2|Tyranitar, L50, F|\n|poke|p2|Garchomp, L50, F|\n|poke|p2|Palafin, L50, F|\n|poke|p2|Corviknight, L50, F|\n|poke|p2|Glimmora, L50, M|\n|teampreview|4\n|inactive|Battle timer is ON: inactive players will automatically lose when time's up. (requested by antolin19)\n|inactive|antolin19 has 60 seconds left.\n|inactive|CblonVGC has 60 seconds left.\n|\n|t:|1682474174\n|start\n|switch|p1a: Palafin|Palafin, L50, M|100\/100\n|switch|p1b: Baxcalibur|Baxcalibur, L50, M|100\/100\n|switch|p2a: Palafin|Palafin, L50, F|100\/100\n|switch|p2b: Glimmora|Glimmora, L50, M|100\/100\n|turn|1\n|\n|t:|1682474192\n|detailschange|p2a: Palafin|Palafin-Hero, L50, F\n|switch|p2a: Corviknight|Corviknight, L50, F|100\/100\n|move|p1a: Palafin|Protect|p1a: Palafin\n|-singleturn|p1a: Palafin|Protect\n|move|p2b: Glimmora|Power Gem|p1b: Baxcalibur\n|-supereffective|p1b: Baxcalibur\n|-damage|p1b: Baxcalibur|51\/100\n|move|p1b: Baxcalibur|Brick Break|p2b: Glimmora\n|-damage|p2b: Glimmora|62\/100\n|-activate|p2b: Glimmora|ability: Toxic Debris\n|-sidestart|p1: antolin19|move: Toxic Spikes\n|\n|upkeep\n|turn|2\n|\n|t:|1682474216\n|move|p2b: Glimmora|Spiky Shield|p2b: Glimmora\n|-singleturn|p2b: Glimmora|move: Protect\n|move|p1a: Palafin|Jet Punch|p2b: Glimmora\n|-activate|p2b: Glimmora|move: Protect\n|-damage|p1a: Palafin|88\/100|[from] Spiky Shield|[of] p2b: Glimmora\n|move|p1b: Baxcalibur|Icicle Crash|p2a: Corviknight\n|-damage|p2a: Corviknight|56\/100\n|move|p2a: Corviknight|Bulk Up|p2a: Corviknight\n|-boost|p2a: Corviknight|atk|1\n|-boost|p2a: Corviknight|def|1\n|\n|upkeep\n|turn|3\n|\n|t:|1682474234\n|-terastallize|p2b: Glimmora|Grass\n|-terastallize|p1a: Palafin|Water\n|move|p2b: Glimmora|Energy Ball|p1a: Palafin\n|-supereffective|p1a: Palafin\n|-damage|p1a: Palafin|0 fnt\n|faint|p1a: Palafin\n|move|p1b: Baxcalibur|Icicle Crash|p2a: Corviknight\n|-damage|p2a: Corviknight|26\/100\n|cant|p2a: Corviknight|flinch\n|\n|upkeep\n|\n|t:|1682474242\n|switch|p1a: Iron Bundle|Iron Bundle, L50|100\/100\n|-status|p1a: Iron Bundle|psn\n|-enditem|p1a: Iron Bundle|Booster Energy\n|-activate|p1a: Iron Bundle|ability: Quark Drive|[fromitem]\n|-start|p1a: Iron Bundle|quarkdrivespe\n|turn|4\n|\n|t:|1682474255\n|move|p1a: Iron Bundle|Freeze-Dry|p2b: Glimmora\n|-supereffective|p2b: Glimmora\n|-damage|p2b: Glimmora|0 fnt\n|faint|p2b: Glimmora\n|move|p1b: Baxcalibur|Icicle Crash|p2a: Corviknight|[miss]\n|-miss|p1b: Baxcalibur|p2a: Corviknight\n|move|p2a: Corviknight|Brave Bird|p1a: Iron Bundle\n|-damage|p1a: Iron Bundle|7\/100 psn\n|-damage|p2a: Corviknight|6\/100|[from] Recoil\n|\n|-damage|p1a: Iron Bundle|0 fnt|[from] psn\n|faint|p1a: Iron Bundle\n|-end|p1a: Iron Bundle|Quark Drive|[silent]\n|upkeep\n|\n|t:|1682474262\n|switch|p1a: Flutter Mane|Flutter Mane, L50|100\/100\n|switch|p2b: Tyranitar|Tyranitar, L50, F|100\/100\n|-status|p1a: Flutter Mane|psn\n|-weather|Sandstorm|[from] ability: Sand Stream|[of] p2b: Tyranitar\n|turn|5\n|\n|t:|1682474272\n|move|p1a: Flutter Mane|Dazzling Gleam|p2b: Tyranitar|[spread] p2a,p2b\n|-resisted|p2a: Corviknight\n|-supereffective|p2b: Tyranitar\n|-damage|p2a: Corviknight|0 fnt\n|-damage|p2b: Tyranitar|76\/100\n|faint|p2a: Corviknight\n|move|p1b: Baxcalibur|Brick Break|p2b: Tyranitar\n|-supereffective|p2b: Tyranitar\n|-damage|p2b: Tyranitar|0 fnt\n|faint|p2b: Tyranitar\n|\n|-weather|Sandstorm|[upkeep]\n|-damage|p1a: Flutter Mane|94\/100 psn|[from] Sandstorm\n|-damage|p1b: Baxcalibur|45\/100|[from] Sandstorm\n|-damage|p1a: Flutter Mane|82\/100 psn|[from] psn\n|upkeep\n|\n|t:|1682474278\n|switch|p2b: Palafin|Palafin-Hero, L50, F|100\/100\n|-activate|p2b: Palafin|ability: Zero to Hero\n|turn|6\n|\n|t:|1682474288\n|move|p1a: Flutter Mane|Protect|p1a: Flutter Mane\n|-singleturn|p1a: Flutter Mane|Protect\n|move|p2b: Palafin|Close Combat|p1b: Baxcalibur\n|-supereffective|p1b: Baxcalibur\n|-damage|p1b: Baxcalibur|0 fnt\n|-unboost|p2b: Palafin|def|1\n|-unboost|p2b: Palafin|spd|1\n|faint|p1b: Baxcalibur\n|\n|-weather|Sandstorm|[upkeep]\n|-damage|p1a: Flutter Mane|76\/100 psn|[from] Sandstorm\n|-damage|p2b: Palafin|95\/100|[from] Sandstorm\n|-damage|p1a: Flutter Mane|64\/100 psn|[from] psn\n|upkeep\n|turn|7\n|c|\u2606CblonVGC|ggez\n|\n|t:|1682474295\n|move|p2b: Palafin|Jet Punch|p1a: Flutter Mane\n|-damage|p1a: Flutter Mane|0 fnt\n|faint|p1a: Flutter Mane\n|-end|p1a: Flutter Mane|Protosynthesis|[silent]\n|\n|win|CblonVGC\n|raw|antolin19's rating: 1346 → 1328<\/strong> (-18 for losing)\n|raw|CblonVGC's rating: 1379 → 1397<\/strong> (+18 for winning)\n|l|\u2606CblonVGC\n|j|\u2606CblonVGC\n|player|p2|CblonVGC|preschooler\n|l|\u2606antolin19\n","uploadtime":1682474308,"views":17,"p1id":"antolin19","p2id":"cblonvgc","formatid":"gen9vgc2023regulationc","rating":1328,"private":0,"password":""}