{"id":"gen9vgc2023regulationc-1857179164","p1":"Al_The_Walrus","p2":"pelonromo","format":"[Gen 9] VGC 2023 Regulation C","log":"|j|\u203dAl_The_Walrus\n|j|\u2606pelonromo\n|t:|1683154577\n|gametype|doubles\n|player|p1|Al_The_Walrus|roxie|1042\n|player|p2|pelonromo|265|1000\n|teamsize|p1|6\n|teamsize|p2|6\n|gen|9\n|tier|[Gen 9] VGC 2023 Regulation C\n|rated|\n|rule|Species Clause: Limit one of each Pok\u00e9mon\n|rule|Item Clause: Limit one of each item\n|clearpoke\n|poke|p1|Houndstone, L50, M|\n|poke|p1|Annihilape, L50, F|\n|poke|p1|Drifblim, L50, M|\n|poke|p1|Gengar, L50, F|\n|poke|p1|Mimikyu, L50, M|\n|poke|p1|Tyranitar, L50, M|\n|poke|p2|Flutter Mane, L50|\n|poke|p2|Amoonguss, L50, M|\n|poke|p2|Arcanine, L50, F|\n|poke|p2|Palafin, L50, F|\n|poke|p2|Chien-Pao, L50|\n|poke|p2|Dragapult, L50, M|\n|teampreview|4\nAl_The_Walrus has agreed to open team sheets.\n|j| fheopjgaoijfaofjo\n|\n|t:|1683154630\n|start\n|switch|p1a: Annihilape|Annihilape, L50, F|100\/100\n|switch|p1b: Tyranitar|Tyranitar, L50, M|100\/100\n|switch|p2a: Palafin|Palafin, L50, F|100\/100\n|switch|p2b: Amoonguss|Amoonguss, L50, M|100\/100\n|-weather|Sandstorm|[from] ability: Sand Stream|[of] p1b: Tyranitar\n|turn|1\n|\n|t:|1683154659\n|-terastallize|p1b: Tyranitar|Flying\n|move|p2a: Palafin|Protect|p2a: Palafin\n|-singleturn|p2a: Palafin|Protect\n|move|p1a: Annihilape|U-turn|p2b: Amoonguss\n|-damage|p2b: Amoonguss|83\/100\n|\n|t:|1683154667\n|switch|p1a: Drifblim|Drifblim, L50, M|100\/100|[from] U-turn\n|move|p1b: Tyranitar|Tera Blast|p2b: Amoonguss\n|-supereffective|p2b: Amoonguss\n|-damage|p2b: Amoonguss|27\/100\n|-enditem|p2b: Amoonguss|Sitrus Berry|[eat]\n|-heal|p2b: Amoonguss|52\/100|[from] item: Sitrus Berry\n|move|p2b: Amoonguss|Spore|p1a: Drifblim\n|-status|p1a: Drifblim|slp|[from] move: Spore\n|\n|-weather|Sandstorm|[upkeep]\n|-damage|p2a: Palafin|95\/100|[from] Sandstorm\n|-damage|p1a: Drifblim|94\/100 slp|[from] Sandstorm\n|-damage|p1b: Tyranitar|95\/100|[from] Sandstorm\n|-damage|p2b: Amoonguss|46\/100|[from] Sandstorm\n|upkeep\n|turn|2\n|\n|t:|1683154694\n|detailschange|p2a: Palafin|Palafin-Hero, L50, F\n|switch|p2a: Arcanine|Arcanine, L50, F|100\/100\n|-ability|p2a: Arcanine|Intimidate|boost\n|-unboost|p1a: Drifblim|atk|1\n|-unboost|p1b: Tyranitar|atk|1\n|switch|p1a: Annihilape|Annihilape, L50, F|100\/100\n|move|p2b: Amoonguss|Protect|p2b: Amoonguss\n|-singleturn|p2b: Amoonguss|Protect\n|move|p1b: Tyranitar|Tera Blast|p2b: Amoonguss\n|-activate|p2b: Amoonguss|move: Protect\n|\n|-weather|Sandstorm|[upkeep]\n|-damage|p1a: Annihilape|95\/100|[from] Sandstorm\n|-damage|p1b: Tyranitar|89\/100|[from] Sandstorm\n|-damage|p2b: Amoonguss|40\/100|[from] Sandstorm\n|upkeep\n|turn|3\n|\n|t:|1683154717\n|move|p2b: Amoonguss|Rage Powder|p2b: Amoonguss\n|-singleturn|p2b: Amoonguss|move: Rage Powder\n|move|p1a: Annihilape|Final Gambit|p2b: Amoonguss\n|-damage|p2b: Amoonguss|0 fnt\n|faint|p1a: Annihilape\n|faint|p2b: Amoonguss\n|move|p2a: Arcanine|Will-O-Wisp|p1b: Tyranitar|[miss]\n|-miss|p2a: Arcanine|p1b: Tyranitar\n|move|p1b: Tyranitar|Rock Slide|p2a: Arcanine\n|-supereffective|p2a: Arcanine\n|-damage|p2a: Arcanine|44\/100\n|\n|-weather|Sandstorm|[upkeep]\n|-damage|p1b: Tyranitar|83\/100|[from] Sandstorm\n|upkeep\n|\n|t:|1683154734\n|switch|p1a: Houndstone|Houndstone, L50, M|100\/100\n|switch|p2b: Flutter Mane|Flutter Mane, L50|100\/100\n|-enditem|p2b: Flutter Mane|Booster Energy\n|-activate|p2b: Flutter Mane|ability: Protosynthesis|[fromitem]\n|-start|p2b: Flutter Mane|protosynthesisspa\n|turn|4\n|\n|t:|1683154768\n|-terastallize|p2b: Flutter Mane|Fairy\n|move|p1a: Houndstone|Last Respects|p2b: Flutter Mane\n|-damage|p2b: Flutter Mane|0 fnt\n|faint|p2b: Flutter Mane\n|-end|p2b: Flutter Mane|Protosynthesis|[silent]\n|-damage|p1a: Houndstone|91\/100|[from] item: Life Orb\n|move|p2a: Arcanine|Will-O-Wisp|p1b: Tyranitar\n|-status|p1b: Tyranitar|brn\n|move|p1b: Tyranitar|Rock Slide|p2a: Arcanine\n|-supereffective|p2a: Arcanine\n|-damage|p2a: Arcanine|13\/100\n|\n|-weather|Sandstorm|[upkeep]\n|-damage|p1b: Tyranitar|77\/100 brn|[from] Sandstorm\n|-damage|p1b: Tyranitar|71\/100 brn|[from] brn\n|upkeep\n|\n|t:|1683154785\n|switch|p2b: Palafin|Palafin-Hero, L50, F|95\/100\n|-activate|p2b: Palafin|ability: Zero to Hero\n|turn|5\n|\n|t:|1683154813\n|switch|p1b: Drifblim|Drifblim, L50, M|94\/100 slp\n|move|p1a: Houndstone|Ally Switch|p1a: Houndstone\n|swap|p1a: Houndstone|1|[from] move: Ally Switch\n|move|p2a: Arcanine|Extreme Speed|p1b: Houndstone\n|-immune|p1b: Houndstone\n|move|p2b: Palafin|Wave Crash|p1a: Drifblim\n|-damage|p1a: Drifblim|0 fnt\n|-damage|p2b: Palafin|70\/100|[from] ability: Aftermath|[of] p1a: Drifblim\n|faint|p1a: Drifblim\n|-damage|p2b: Palafin|31\/100|[from] Recoil\n|\n|-weather|none\n|upkeep\n|\n|t:|1683154825\n|switch|p1a: Tyranitar|Tyranitar, L50, M, tera:Flying|71\/100 brn\n|-weather|Sandstorm|[from] ability: Sand Stream|[of] p1a: Tyranitar\n|turn|6\n|\n|t:|1683154841\n|move|p1b: Houndstone|Last Respects|p2b: Palafin\n|-damage|p2b: Palafin|0 fnt\n|faint|p2b: Palafin\n|-damage|p1b: Houndstone|81\/100|[from] item: Life Orb\n|move|p2a: Arcanine|Flare Blitz|p1b: Houndstone\n|-damage|p1b: Houndstone|22\/100\n|-damage|p2a: Arcanine|0 fnt|[from] Recoil\n|faint|p2a: Arcanine\n|\n|win|Al_The_Walrus\n|raw|Al_The_Walrus's rating: 1042 → 1072<\/strong> (+30 for winning)\n|raw|pelonromo's rating: 1000 → 1000<\/strong> (+0 for losing)\n|l|\u2606pelonromo\n","uploadtime":1683154853,"views":10,"p1id":"althewalrus","p2id":"pelonromo","formatid":"gen9vgc2023regulationc","rating":1000,"private":0,"password":""}