{"id":"gen9vgc2023regulationc-1863474494","p1":"Rhoerner","p2":"rhydonmapines","format":"[Gen 9] VGC 2023 Regulation C","log":"|j|\u2606Rhoerner\n|j|\u2606rhydonmapines\n|t:|1684022228\n|gametype|doubles\n|player|p1|Rhoerner|artist-gen4|1088\n|player|p2|rhydonmapines|clay|1117\n|teamsize|p1|6\n|teamsize|p2|6\n|gen|9\n|tier|[Gen 9] VGC 2023 Regulation C\n|rated|\n|rule|Species Clause: Limit one of each Pok\u00e9mon\n|rule|Item Clause: Limit one of each item\n|clearpoke\n|poke|p1|Pelipper, L50, F|\n|poke|p1|Barraskewda, L50, F|\n|poke|p1|Vaporeon, L50, M|\n|poke|p1|Gastrodon, L50, M|\n|poke|p1|Drednaw, L50, F|\n|poke|p1|Amoonguss, L50, F|\n|poke|p2|Electrode, L50|\n|poke|p2|Palafin, L50, M|\n|poke|p2|Noivern, L50, M|\n|poke|p2|Brambleghast, L50, M|\n|poke|p2|Dragapult, L50, F|\n|poke|p2|Scizor, L50, M|\n|teampreview|4\n|inactive|Battle timer is ON: inactive players will automatically lose when time's up. (requested by Rhoerner)\n|inactive|rhydonmapines has 60 seconds left.\n|\n|t:|1684022268\n|start\n|switch|p1a: Pelipper|Pelipper, L50, F|100\/100\n|switch|p1b: Vaporeon|Vaporeon, L50, M|100\/100\n|switch|p2a: Electrode|Electrode, L50|100\/100\n|switch|p2b: Noivern|Noivern, L50, M|100\/100\n|-weather|RainDance|[from] ability: Drizzle|[of] p1a: Pelipper\n|turn|1\n|\n|t:|1684022283\n|switch|p1a: Gastrodon|Gastrodon, L50, M|100\/100\n|-terastallize|p1b: Vaporeon|Ice\n|move|p2a: Electrode|Taunt|p1a: Gastrodon\n|-start|p1a: Gastrodon|move: Taunt\n|move|p2b: Noivern|Tailwind|p2b: Noivern\n|-sidestart|p2: rhydonmapines|move: Tailwind\n|move|p1b: Vaporeon|Ice Beam|p2b: Noivern\n|-supereffective|p2b: Noivern\n|-enditem|p2b: Noivern|Focus Sash\n|-damage|p2b: Noivern|1\/100\n|\n|-weather|RainDance|[upkeep]\n|upkeep\n|turn|2\n|\n|t:|1684022298\n|move|p2a: Electrode|Helping Hand|p2b: Noivern\n|-singleturn|p2b: Noivern|Helping Hand|[of] p2a: Electrode\n|move|p2b: Noivern|Boomburst|p1a: Gastrodon|[spread] p1a,p1b\n|-immune|p2a: Electrode|[from] ability: Soundproof\n|-damage|p1a: Gastrodon|72\/100\n|-damage|p1b: Vaporeon|65\/100\n|move|p1b: Vaporeon|Surf|p2a: Electrode|[spread] p2a,p2b\n|-ability|p1a: Gastrodon|Storm Drain|boost\n|-boost|p1a: Gastrodon|spa|1\n|-resisted|p2b: Noivern\n|-damage|p2a: Electrode|28\/100\n|-damage|p2b: Noivern|0 fnt\n|faint|p2b: Noivern\n|move|p1a: Gastrodon|Surf|p2a: Electrode|[spread] p2a\n|-heal|p1b: Vaporeon|90\/100|[from] ability: Water Absorb|[of] p1a: Gastrodon\n|-damage|p2a: Electrode|0 fnt\n|faint|p2a: Electrode\n|\n|-weather|RainDance|[upkeep]\n|upkeep\n|\n|t:|1684022308\n|switch|p2a: Scizor|Scizor, L50, M|100\/100\n|switch|p2b: Brambleghast|Brambleghast, L50, M|100\/100\n|-ability|p2b: Brambleghast|Wind Rider|boost\n|-boost|p2b: Brambleghast|atk|1\n|turn|3\n|\n|t:|1684022331\n|switch|p1a: Pelipper|Pelipper, L50, F|100\/100\n|move|p2a: Scizor|Bullet Punch|p1b: Vaporeon\n|-supereffective|p1b: Vaporeon\n|-damage|p1b: Vaporeon|0 fnt\n|faint|p1b: Vaporeon\n|-damage|p2a: Scizor|91\/100|[from] item: Life Orb\n|move|p2b: Brambleghast|Seed Bomb|p1a: Pelipper\n|-damage|p1a: Pelipper|59\/100\n|\n|-weather|RainDance|[upkeep]\n|upkeep\n|\n|t:|1684022342\n|switch|p1b: Barraskewda|Barraskewda, L50, F, shiny|100\/100\n|turn|4\n|inactive|Rhoerner has 30 seconds left.\n|\n|t:|1684022369\n|-terastallize|p2b: Brambleghast|Ghost\n|move|p1b: Barraskewda|Liquidation|p2a: Scizor\n|-damage|p2a: Scizor|0 fnt\n|faint|p2a: Scizor\n|move|p2b: Brambleghast|Phantom Force||[still]\n|-prepare|p2b: Brambleghast|Phantom Force\n|move|p1a: Pelipper|Hurricane|p2b: Brambleghast|[miss]\n|-miss|p1a: Pelipper|p2b: Brambleghast\n|\n|-weather|RainDance|[upkeep]\n|-sideend|p2: rhydonmapines|move: Tailwind\n|upkeep\n|turn|5\n|\n|t:|1684022389\n|move|p1b: Barraskewda|Liquidation|p2b: Brambleghast|[miss]\n|-miss|p1b: Barraskewda|p2b: Brambleghast\n|move|p2b: Brambleghast|Phantom Force|p1a: Pelipper|[from]lockedmove\n|-damage|p1a: Pelipper|0 fnt\n|faint|p1a: Pelipper\n|\n|-weather|none\n|upkeep\n|\n|t:|1684022397\n|switch|p1a: Gastrodon|Gastrodon, L50, M|72\/100\n|turn|6\n|\n|t:|1684022406\n|move|p1b: Barraskewda|Liquidation|p1a: Gastrodon\n|-activate|p1a: Gastrodon|ability: Storm Drain\n|-ability|p1a: Gastrodon|Storm Drain|boost\n|-boost|p1a: Gastrodon|spa|1\n|move|p2b: Brambleghast|Seed Bomb|p1b: Barraskewda\n|-supereffective|p1b: Barraskewda\n|-damage|p1b: Barraskewda|0 fnt\n|faint|p1b: Barraskewda\n|move|p1a: Gastrodon|Clear Smog|p2b: Brambleghast\n|-resisted|p2b: Brambleghast\n|-damage|p2b: Brambleghast|86\/100\n|-clearboost|p2b: Brambleghast\n|\n|upkeep\n|turn|7\n|c|\u2606rhydonmapines|unfortunate\n|-message|Rhoerner forfeited.\n|\n|win|rhydonmapines\n|raw|Rhoerner's rating: 1088 → 1067<\/strong> (-21 for losing)\n|raw|rhydonmapines's rating: 1117 → 1140<\/strong> (+23 for winning)\n|l|\u2606Rhoerner\n","uploadtime":1684022428,"views":5,"p1id":"rhoerner","p2id":"rhydonmapines","formatid":"gen9vgc2023regulationc","rating":1067,"private":0,"password":""}