{"id":"gen9vgc2023regulationc-1861683567","p1":"PixelDupe1","p2":"GrifoneFolleVGC","format":"[Gen 9] VGC 2023 Regulation C","log":"|j|\u2606PixelDupe1\n|j|\u2606GrifoneFolleVGC\n|t:|1683793833\n|gametype|doubles\n|player|p1|PixelDupe1|palmer|1275\n|player|p2|GrifoneFolleVGC|cynthia-gen4|1342\n|teamsize|p1|6\n|teamsize|p2|6\n|gen|9\n|tier|[Gen 9] VGC 2023 Regulation C\n|rated|\n|rule|Species Clause: Limit one of each Pok\u00e9mon\n|rule|Item Clause: Limit one of each item\n|clearpoke\n|poke|p1|Iron Hands, L50|\n|poke|p1|Oranguru, L50, M|\n|poke|p1|Abomasnow, L50, F|\n|poke|p1|Iron Bundle, L50|\n|poke|p1|Flutter Mane, L50|\n|poke|p1|Amoonguss, L50, F|\n|poke|p2|Flutter Mane, L50|\n|poke|p2|Chi-Yu, L50|\n|poke|p2|Amoonguss, L50, F|\n|poke|p2|Iron Bundle, L50|\n|poke|p2|Gyarados, L50, F|\n|poke|p2|Iron Hands, L50|\n|teampreview|4\nPixelDupe1 has agreed to open team sheets.\n|\n|t:|1683793854\n|start\n|switch|p1a: Mr. Hands|Iron Hands, L50|100\/100\n|switch|p1b: Bell|Oranguru, L50, M|100\/100\n|switch|p2a: Iron Hands|Iron Hands, L50|100\/100\n|switch|p2b: Gyarados|Gyarados, L50, F|100\/100\n|-ability|p2b: Gyarados|Intimidate|boost\n|-unboost|p1a: Mr. Hands|atk|1\n|-fail|p1b: Bell|unboost|Attack|[from] ability: Inner Focus|[of] p1b: Bell\n|turn|1\n|inactive|Battle timer is ON: inactive players will automatically lose when time's up. (requested by GrifoneFolleVGC)\n|\n|t:|1683793875\n|-end|p1a: Mr. Hands|Quark Drive|[silent]\n|switch|p1a: Abomasnow|Abomasnow, L50, F|100\/100\n|-weather|Snow|[from] ability: Snow Warning|[of] p1a: Abomasnow\n|move|p2a: Iron Hands|Fake Out|p1a: Abomasnow\n|-damage|p1a: Abomasnow|89\/100\n|move|p2b: Gyarados|Taunt|p1b: Bell\n|-start|p1b: Bell|move: Taunt\n|move|p1b: Bell|Psychic|p2a: Iron Hands\n|-supereffective|p2a: Iron Hands\n|-damage|p2a: Iron Hands|68\/100\n|\n|-weather|Snow|[upkeep]\n|upkeep\n|turn|2\n|inactive|GrifoneFolleVGC has 30 seconds left.\n|\n|t:|1683793905\n|move|p1a: Abomasnow|Protect|p1a: Abomasnow\n|-singleturn|p1a: Abomasnow|Protect\n|move|p2b: Gyarados|Waterfall|p1b: Bell\n|-damage|p1b: Bell|68\/100\n|move|p2a: Iron Hands|Drain Punch|p1b: Bell\n|-damage|p1b: Bell|27\/100\n|-heal|p2a: Iron Hands|86\/100|[from] drain|[of] p1b: Bell\n|-enditem|p1b: Bell|Sitrus Berry|[eat]\n|-heal|p1b: Bell|52\/100|[from] item: Sitrus Berry\n|move|p1b: Bell|Psychic|p2a: Iron Hands\n|-supereffective|p2a: Iron Hands\n|-damage|p2a: Iron Hands|55\/100\n|-unboost|p2a: Iron Hands|spd|1\n|\n|-weather|Snow|[upkeep]\n|upkeep\n|turn|3\n|\n|t:|1683793925\n|-end|p2a: Iron Hands|Quark Drive|[silent]\n|switch|p2a: Chi-Yu|Chi-Yu, L50|100\/100\n|-ability|p2a: Chi-Yu|Beads of Ruin\n|switch|p1b: Flutter Mane|Flutter Mane, L50|100\/100\n|-enditem|p1b: Flutter Mane|Booster Energy\n|-activate|p1b: Flutter Mane|ability: Protosynthesis|[fromitem]\n|-start|p1b: Flutter Mane|protosynthesisspa\n|-terastallize|p1a: Abomasnow|Water\n|move|p2b: Gyarados|Waterfall|p1b: Flutter Mane\n|-damage|p1b: Flutter Mane|44\/100\n|move|p1a: Abomasnow|Earth Power|p2a: Chi-Yu\n|-supereffective|p2a: Chi-Yu\n|-damage|p2a: Chi-Yu|36\/100\n|-unboost|p2a: Chi-Yu|spd|1\n|\n|-weather|Snow|[upkeep]\n|upkeep\n|turn|4\n|inactive|GrifoneFolleVGC has 30 seconds left.\n|inactive|GrifoneFolleVGC has 20 seconds left.\n|inactive|GrifoneFolleVGC has 15 seconds left.\n|\n|t:|1683793969\n|switch|p2a: Iron Hands|Iron Hands, L50|55\/100\n|move|p1b: Flutter Mane|Dazzling Gleam|p2a: Iron Hands|[spread] p2a,p2b\n|-supereffective|p2a: Iron Hands\n|-damage|p2a: Iron Hands|10\/100\n|-damage|p2b: Gyarados|66\/100\n|move|p2b: Gyarados|Waterfall|p1b: Flutter Mane\n|-damage|p1b: Flutter Mane|0 fnt\n|faint|p1b: Flutter Mane\n|-end|p1b: Flutter Mane|Protosynthesis|[silent]\n|move|p1a: Abomasnow|Blizzard|p2a: Iron Hands|[spread] p2a,p2b\n|-damage|p2a: Iron Hands|0 fnt\n|-damage|p2b: Gyarados|39\/100\n|faint|p2a: Iron Hands\n|-end|p2a: Iron Hands|Quark Drive|[silent]\n|\n|-weather|Snow|[upkeep]\n|upkeep\n|\n|t:|1683793984\n|switch|p1b: Mr. Hands|Iron Hands, L50|100\/100\n|switch|p2a: Flutter Mane|Flutter Mane, L50|100\/100\n|turn|5\n|\n|t:|1683793993\n|move|p2a: Flutter Mane|Moonblast|p1b: Mr. Hands\n|-supereffective|p1b: Mr. Hands\n|-damage|p1b: Mr. Hands|21\/100\n|move|p2b: Gyarados|Waterfall|p1b: Mr. Hands\n|-damage|p1b: Mr. Hands|0 fnt\n|faint|p1b: Mr. Hands\n|-end|p1b: Mr. Hands|Quark Drive|[silent]\n|move|p1a: Abomasnow|Blizzard|p2a: Flutter Mane|[spread] p2a,p2b\n|-damage|p2a: Flutter Mane|72\/100\n|-damage|p2b: Gyarados|16\/100\n|-status|p2a: Flutter Mane|frz\n|\n|-weather|none\n|upkeep\n|\n|t:|1683794004\n|switch|p1b: Bell|Oranguru, L50, M|52\/100\n|turn|6\n|\n|t:|1683794014\n|cant|p2a: Flutter Mane|frz\n|move|p2b: Gyarados|Taunt|p1b: Bell\n|-start|p1b: Bell|move: Taunt\n|move|p1b: Bell|Psychic|p2b: Gyarados\n|-damage|p2b: Gyarados|0 fnt\n|faint|p2b: Gyarados\n|move|p1a: Abomasnow|Giga Drain|p2a: Flutter Mane\n|-damage|p2a: Flutter Mane|46\/100 frz\n|-heal|p1a: Abomasnow|99\/100|[from] drain|[of] p2a: Flutter Mane\n|\n|upkeep\n|\n|t:|1683794024\n|switch|p2b: Chi-Yu|Chi-Yu, L50|36\/100\n|-ability|p2b: Chi-Yu|Beads of Ruin\n|turn|7\n|\n|t:|1683794030\n|cant|p2a: Flutter Mane|frz\n|move|p2b: Chi-Yu|Dark Pulse|p1b: Bell\n|-supereffective|p1b: Bell\n|-damage|p1b: Bell|0 fnt\n|faint|p1b: Bell\n|move|p1a: Abomasnow|Earth Power|p2b: Chi-Yu\n|-supereffective|p2b: Chi-Yu\n|-crit|p2b: Chi-Yu\n|-damage|p2b: Chi-Yu|0 fnt\n|faint|p2b: Chi-Yu\n|\n|upkeep\n|turn|8\n|\n|t:|1683794041\n|cant|p2a: Flutter Mane|frz\n|move|p1a: Abomasnow|Giga Drain|p2a: Flutter Mane\n|-damage|p2a: Flutter Mane|22\/100 frz\n|-heal|p1a: Abomasnow|100\/100|[from] drain|[of] p2a: Flutter Mane\n|\n|upkeep\n|turn|9\n|\n|t:|1683794046\n|-curestatus|p2a: Flutter Mane|frz|[msg]\n|move|p2a: Flutter Mane|Moonblast|p1a: Abomasnow\n|-damage|p1a: Abomasnow|42\/100\n|-unboost|p1a: Abomasnow|spa|1\n|move|p1a: Abomasnow|Giga Drain|p2a: Flutter Mane\n|-damage|p2a: Flutter Mane|5\/100\n|-heal|p1a: Abomasnow|48\/100|[from] drain|[of] p2a: Flutter Mane\n|\n|upkeep\n|turn|10\n|\n|t:|1683794056\n|move|p2a: Flutter Mane|Moonblast|p1a: Abomasnow\n|-damage|p1a: Abomasnow|0 fnt\n|faint|p1a: Abomasnow\n|\n|win|GrifoneFolleVGC\n|raw|PixelDupe1's rating: 1275 → 1255<\/strong> (-20 for losing)\n|raw|GrifoneFolleVGC's rating: 1342 → 1358<\/strong> (+16 for winning)\n","uploadtime":1683794061,"views":15,"p1id":"pixeldupe1","p2id":"grifonefollevgc","formatid":"gen9vgc2023regulationc","rating":1255,"private":0,"password":""}