{"id":"gen9vgc2023regulationc-1851524571","p1":"portre","p2":"ThatFosterKid123","format":"[Gen 9] VGC 2023 Regulation C","log":"|j|\u2606portre\n|j|\u2606ThatFosterKid123\n|t:|1682452479\n|gametype|doubles\n|player|p1|portre|silver|1076\n|player|p2|ThatFosterKid123|red|1018\n|teamsize|p1|6\n|teamsize|p2|6\n|gen|9\n|tier|[Gen 9] VGC 2023 Regulation C\n|rated|\n|rule|Species Clause: Limit one of each Pok\u00e9mon\n|rule|Item Clause: Limit one of each item\n|clearpoke\n|poke|p1|Palafin, L50, F|\n|poke|p1|Chien-Pao, L50|\n|poke|p1|Dragapult, L50, M|\n|poke|p1|Amoonguss, L50, M|\n|poke|p1|Arcanine, L50, M|\n|poke|p1|Flutter Mane, L50|\n|poke|p2|Rotom-Wash, L50|\n|poke|p2|Garchomp, L50, F|\n|poke|p2|Meowscarada, L50, M|\n|poke|p2|Murkrow, L50, M|\n|poke|p2|Armarouge, L50, F|\n|poke|p2|Indeedee-F, L50, F|\n|teampreview|4\n|inactive|Battle timer is ON: inactive players will automatically lose when time's up. (requested by ThatFosterKid123)\n|inactive|portre has 60 seconds left.\n|\n|t:|1682452573\n|start\n|switch|p1a: Palafin|Palafin, L50, F|100\/100\n|switch|p1b: Chien-Pao|Chien-Pao, L50|100\/100\n|switch|p2a: Murkrow|Murkrow, L50, M|100\/100\n|switch|p2b: Rotom|Rotom-Wash, L50, shiny|100\/100\n|-ability|p1b: Chien-Pao|Sword of Ruin\n|turn|1\n|\n|t:|1682452597\n|detailschange|p1a: Palafin|Palafin-Hero, L50, F\n|switch|p1a: Amoonguss|Amoonguss, L50, M|100\/100\n|move|p2a: Murkrow|Tailwind|p2a: Murkrow\n|-sidestart|p2: ThatFosterKid123|move: Tailwind\n|move|p2b: Rotom|Volt Switch|p1a: Amoonguss\n|-resisted|p1a: Amoonguss\n|-damage|p1a: Amoonguss|88\/100\n|\n|t:|1682452603\n|switch|p2b: Armarouge|Armarouge, L50, F|100\/100|[from] Volt Switch\n|move|p1b: Chien-Pao|Ice Spinner|p2a: Murkrow\n|-supereffective|p2a: Murkrow\n|-damage|p2a: Murkrow|0 fnt\n|faint|p2a: Murkrow\n|\n|upkeep\n|\n|t:|1682452612\n|switch|p2a: Indeedee|Indeedee-F, L50, F|100\/100\n|-fieldstart|move: Psychic Terrain|[from] ability: Psychic Surge|[of] p2a: Indeedee\n|turn|2\n|\n|t:|1682452635\n|move|p2a: Indeedee|Helping Hand|p2b: Armarouge\n|-singleturn|p2b: Armarouge|Helping Hand|[of] p2a: Indeedee\n|move|p1a: Amoonguss|Rage Powder|p1a: Amoonguss\n|-singleturn|p1a: Amoonguss|move: Rage Powder\n|move|p1b: Chien-Pao|Ice Spinner|p2a: Indeedee\n|-damage|p2a: Indeedee|22\/100\n|-fieldend|move: Psychic Terrain\n|move|p2b: Armarouge|Armor Cannon|p1a: Amoonguss\n|-supereffective|p1a: Amoonguss\n|-damage|p1a: Amoonguss|0 fnt\n|-unboost|p2b: Armarouge|def|1\n|-unboost|p2b: Armarouge|spd|1\n|faint|p1a: Amoonguss\n|-damage|p2b: Armarouge|91\/100|[from] item: Life Orb\n|\n|-heal|p2a: Indeedee|28\/100|[from] item: Leftovers\n|upkeep\n|\n|t:|1682452646\n|switch|p1a: Palafin|Palafin-Hero, L50, F|100\/100\n|-activate|p1a: Palafin|ability: Zero to Hero\n|turn|3\n|\n|t:|1682452669\n|switch|p2b: Rotom|Rotom-Wash, L50, shiny|100\/100\n|move|p2a: Indeedee|Protect|p2a: Indeedee\n|-singleturn|p2a: Indeedee|Protect\n|move|p1b: Chien-Pao|Sucker Punch||[still]\n|-fail|p1b: Chien-Pao\n|move|p1a: Palafin|Jet Punch|p2a: Indeedee\n|-activate|p2a: Indeedee|move: Protect\n|\n|-heal|p2a: Indeedee|34\/100|[from] item: Leftovers\n|upkeep\n|turn|4\n|inactive|portre has 30 seconds left.\n|\n|t:|1682452697\n|move|p2a: Indeedee|Follow Me|p2a: Indeedee\n|-singleturn|p2a: Indeedee|move: Follow Me\n|move|p1b: Chien-Pao|Sucker Punch||[still]\n|-fail|p1b: Chien-Pao\n|move|p1a: Palafin|Jet Punch|p2a: Indeedee\n|-damage|p2a: Indeedee|0 fnt\n|faint|p2a: Indeedee\n|move|p2b: Rotom|Discharge|p1a: Palafin|[spread] p1a,p1b\n|-supereffective|p1a: Palafin\n|-crit|p1b: Chien-Pao\n|-damage|p1a: Palafin|45\/100\n|-damage|p1b: Chien-Pao|33\/100\n|-status|p1a: Palafin|par\n|\n|-sideend|p2: ThatFosterKid123|move: Tailwind\n|upkeep\n|\n|t:|1682452711\n|switch|p2a: Armarouge|Armarouge, L50, F|91\/100\n|turn|5\n|inactive|ThatFosterKid123 has 30 seconds left.\n|\n|t:|1682452745\n|cant|p1a: Palafin|par\n|move|p1b: Chien-Pao|Sacred Sword|p2b: Rotom\n|-crit|p2b: Rotom\n|-damage|p2b: Rotom|27\/100\n|-enditem|p2b: Rotom|Sitrus Berry|[eat]\n|-heal|p2b: Rotom|52\/100|[from] item: Sitrus Berry\n|move|p2b: Rotom|Discharge|p1a: Palafin|[spread] p2a,p1a,p1b\n|-supereffective|p1a: Palafin\n|-damage|p2a: Armarouge|62\/100\n|-damage|p1a: Palafin|0 fnt\n|-damage|p1b: Chien-Pao|0 fnt\n|faint|p1a: Palafin\n|faint|p1b: Chien-Pao\n|move|p2a: Armarouge|Armor Cannon|p1: Palafin|[notarget]\n|-fail|p2a: Armarouge\n|\n|upkeep\n|\n|t:|1682452759\n|switch|p1a: Flutter Mane|Flutter Mane, L50|100\/100\n|-enditem|p1a: Flutter Mane|Booster Energy\n|-activate|p1a: Flutter Mane|ability: Protosynthesis|[fromitem]\n|-start|p1a: Flutter Mane|protosynthesisspa\n|turn|6\n|\n|t:|1682452773\n|move|p1a: Flutter Mane|Protect|p1a: Flutter Mane\n|-singleturn|p1a: Flutter Mane|Protect\n|move|p2b: Rotom|Hydro Pump|p1a: Flutter Mane\n|-activate|p1a: Flutter Mane|move: Protect\n|move|p2a: Armarouge|Armor Cannon|p1a: Flutter Mane\n|-activate|p1a: Flutter Mane|move: Protect\n|\n|upkeep\n|turn|7\n|\n|t:|1682452786\n|move|p1a: Flutter Mane|Shadow Ball|p2a: Armarouge\n|-supereffective|p2a: Armarouge\n|-damage|p2a: Armarouge|0 fnt\n|faint|p2a: Armarouge\n|move|p2b: Rotom|Hydro Pump|p1a: Flutter Mane\n|-damage|p1a: Flutter Mane|54\/100\n|\n|upkeep\n|turn|8\n|inactive|ThatFosterKid123 has 30 seconds left.\n|\n|t:|1682452817\n|-terastallize|p1a: Flutter Mane|Fairy\n|move|p1a: Flutter Mane|Moonblast|p2b: Rotom\n|-damage|p2b: Rotom|0 fnt\n|faint|p2b: Rotom\n|\n|win|portre\n|raw|portre's rating: 1076 → 1100<\/strong> (+24 for winning)\n|raw|ThatFosterKid123's rating: 1018 → 1007<\/strong> (-11 for losing)\n|l|\u2606ThatFosterKid123\n","uploadtime":1682452823,"views":6,"p1id":"portre","p2id":"thatfosterkid123","formatid":"gen9vgc2023regulationc","rating":1007,"private":0,"password":""}