{"id":"gen9vgc2023regulationc-1851987345","p1":"Ayabe0119","p2":"ttsui234","format":"[Gen 9] VGC 2023 Regulation C","log":"|j|\u2606Ayabe0119\n|j|\u2606ttsui234\n|t:|1682514217\n|gametype|doubles\n|player|p1|Ayabe0119|170|\n|player|p2|ttsui234|170|\n|teamsize|p1|6\n|teamsize|p2|6\n|gen|9\n|tier|[Gen 9] VGC 2023 Regulation C\n|rule|Species Clause: Limit one of each Pok\u00e9mon\n|rule|Item Clause: Limit one of each item\n|clearpoke\n|poke|p1|Glimmora, L50, M|\n|poke|p1|Dragonite, L50, M|\n|poke|p1|Dondozo, L50, M|\n|poke|p1|Tatsugiri, L50, F|\n|poke|p1|Chi-Yu, L50|\n|poke|p1|Iron Bundle, L50|\n|poke|p2|Talonflame, L50, F|\n|poke|p2|Gholdengo, L50|\n|poke|p2|Iron Bundle, L50|\n|poke|p2|Garchomp, L50, F|\n|poke|p2|Chien-Pao, L50|\n|poke|p2|Iron Hands, L50|\n|teampreview|4\nAyabe0119 has agreed to open team sheets.\nttsui234 has agreed to open team sheets.\n|\n|t:|1682514294\n|start\n|switch|p1a: Glimmora|Glimmora, L50, M, shiny|100\/100\n|switch|p1b: Iron Bundle|Iron Bundle, L50, shiny|100\/100\n|switch|p2a: Talonflame|Talonflame, L50, F|100\/100\n|switch|p2b: Iron Hands|Iron Hands, L50|100\/100\n|-enditem|p1b: Iron Bundle|Booster Energy\n|-activate|p1b: Iron Bundle|ability: Quark Drive|[fromitem]\n|-start|p1b: Iron Bundle|quarkdrivespe\n|turn|1\n|\n|t:|1682514325\n|switch|p2a: Garchomp|Garchomp, L50, F|100\/100\n|move|p1b: Iron Bundle|Hydro Pump|p2a: Garchomp\n|-damage|p2a: Garchomp|38\/100\n|move|p1a: Glimmora|Mortal Spin|p2a: Garchomp|[spread] p2a,p2b\n|-resisted|p2a: Garchomp\n|-damage|p2a: Garchomp|36\/100\n|-damage|p2b: Iron Hands|98\/100\n|-status|p2a: Garchomp|psn\n|-status|p2b: Iron Hands|psn\n|-damage|p1a: Glimmora|88\/100|[from] ability: Rough Skin|[of] p2a: Garchomp\n|move|p2b: Iron Hands|Close Combat|p1b: Iron Bundle\n|-supereffective|p1b: Iron Bundle\n|-damage|p1b: Iron Bundle|0 fnt\n|-unboost|p2b: Iron Hands|def|1\n|-unboost|p2b: Iron Hands|spd|1\n|faint|p1b: Iron Bundle\n|-end|p1b: Iron Bundle|Quark Drive|[silent]\n|\n|-damage|p2a: Garchomp|23\/100 psn|[from] psn\n|-damage|p2b: Iron Hands|85\/100 psn|[from] psn\n|upkeep\n|\n|t:|1682514336\n|switch|p1b: Dondozo|Dondozo, L50, M|100\/100\n|turn|2\n|\n|t:|1682514362\n|switch|p1a: Tatsugiri|Tatsugiri, L50, F|100\/100\n|-activate|p1a: Tatsugiri|ability: Commander|[of] p1b: Dondozo\n|-boost|p1b: Dondozo|atk|2\n|-boost|p1b: Dondozo|spa|2\n|-boost|p1b: Dondozo|spe|2\n|-boost|p1b: Dondozo|def|2\n|-boost|p1b: Dondozo|spd|2\n|-end|p2b: Iron Hands|Quark Drive|[silent]\n|switch|p2b: Talonflame|Talonflame, L50, F|100\/100\n|move|p1b: Dondozo|Wave Crash|p2b: Talonflame\n|-supereffective|p2b: Talonflame\n|-damage|p2b: Talonflame|0 fnt\n|faint|p2b: Talonflame\n|-damage|p1b: Dondozo|75\/100|[from] Recoil\n|move|p2a: Garchomp|Dragon Claw|p1b: Dondozo\n|-damage|p1b: Dondozo|58\/100\n|\n|-heal|p1b: Dondozo|65\/100|[from] item: Leftovers\n|-damage|p2a: Garchomp|11\/100 psn|[from] psn\n|upkeep\n|\n|t:|1682514376\n|switch|p2b: Iron Bundle|Iron Bundle, L50|100\/100\n|-enditem|p2b: Iron Bundle|Booster Energy\n|-activate|p2b: Iron Bundle|ability: Quark Drive|[fromitem]\n|-start|p2b: Iron Bundle|quarkdrivespe\n|turn|3\n|\n|t:|1682514399\n|move|p2b: Iron Bundle|Freeze-Dry|p1b: Dondozo\n|-supereffective|p1b: Dondozo\n|-damage|p1b: Dondozo|35\/100\n|-status|p1b: Dondozo|frz\n|cant|p1b: Dondozo|frz\n|move|p2a: Garchomp|Dragon Claw|p1b: Dondozo\n|-damage|p1b: Dondozo|20\/100 frz\n|\n|-heal|p1b: Dondozo|26\/100 frz|[from] item: Leftovers\n|-damage|p2a: Garchomp|0 fnt|[from] psn\n|faint|p2a: Garchomp\n|upkeep\n|c|\u2606ttsui234|Sorry\n|\n|t:|1682514410\n|switch|p2a: Iron Hands|Iron Hands, L50|85\/100 psn\n|turn|4\n|\n|t:|1682514431\n|cant|p1b: Dondozo|frz\n|move|p2a: Iron Hands|Fake Out|p1b: Dondozo\n|-damage|p1b: Dondozo|20\/100 frz\n|move|p2b: Iron Bundle|Icy Wind|p1b: Dondozo|[spread] p1b\n|-miss|p2b: Iron Bundle|p1a: Tatsugiri\n|-resisted|p1b: Dondozo\n|-damage|p1b: Dondozo|15\/100 frz\n|-unboost|p1b: Dondozo|spe|1\n|\n|-heal|p1b: Dondozo|21\/100 frz|[from] item: Leftovers\n|-damage|p2a: Iron Hands|73\/100 psn|[from] psn\n|upkeep\n|turn|5\n|\n|t:|1682514440\n|-curestatus|p1b: Dondozo|frz|[msg]\n|move|p1b: Dondozo|Protect|p1b: Dondozo\n|-singleturn|p1b: Dondozo|Protect\n|move|p2b: Iron Bundle|Freeze-Dry|p1b: Dondozo\n|-activate|p1b: Dondozo|move: Protect\n|move|p2a: Iron Hands|Wild Charge|p1b: Dondozo\n|-activate|p1b: Dondozo|move: Protect\n|\n|-heal|p1b: Dondozo|27\/100|[from] item: Leftovers\n|-damage|p2a: Iron Hands|61\/100 psn|[from] psn\n|upkeep\n|turn|6\n|c|\u2606ttsui234|\u7b49 \u6211\u7684\u8349\u8f49\u6c92\u653bww\n|\n|t:|1682514513\n|move|p1b: Dondozo|Protect||[still]\n|-fail|p1b: Dondozo\n|move|p2b: Iron Bundle|Freeze-Dry|p1b: Dondozo\n|-supereffective|p1b: Dondozo\n|-damage|p1b: Dondozo|0 fnt\n|faint|p1b: Dondozo\n|move|p2a: Iron Hands|Wild Charge|p1a: Tatsugiri\n|-damage|p1a: Tatsugiri|0 fnt\n|faint|p1a: Tatsugiri\n|-damage|p2a: Iron Hands|46\/100 psn|[from] Recoil\n|\n|-damage|p2a: Iron Hands|33\/100 psn|[from] psn\n|upkeep\n|\n|t:|1682514520\n|switch|p1b: Glimmora|Glimmora, L50, M, shiny|88\/100\n|turn|7\n|\n|t:|1682514548\n|-terastallize|p1b: Glimmora|Grass\n|move|p2b: Iron Bundle|Freeze-Dry|p1b: Glimmora\n|-supereffective|p1b: Glimmora\n|-damage|p1b: Glimmora|41\/100\n|move|p1b: Glimmora|Power Gem|p2b: Iron Bundle\n|-supereffective|p2b: Iron Bundle\n|-damage|p2b: Iron Bundle|0 fnt\n|faint|p2b: Iron Bundle\n|-end|p2b: Iron Bundle|Quark Drive|[silent]\n|move|p2a: Iron Hands|Close Combat|p1b: Glimmora\n|-damage|p1b: Glimmora|0 fnt\n|-unboost|p2a: Iron Hands|def|1\n|-unboost|p2a: Iron Hands|spd|1\n|-activate|p1b: Glimmora|ability: Toxic Debris\n|-sidestart|p2: ttsui234|move: Toxic Spikes\n|faint|p1b: Glimmora\n|\n|win|ttsui234\n","uploadtime":1682514558,"views":12,"p1id":"ayabe0119","p2id":"ttsui234","formatid":"gen9vgc2023regulationc","rating":0,"private":0,"password":""}