{"id":"gen9vgc2023regulationc-1855164079","p1":"19402u","p2":"Peculiar Caribou","format":"[Gen 9] VGC 2023 Regulation C","log":"|j|\u260619402u\n|j|\u2606Peculiar Caribou\n|t:|1682909177\n|gametype|doubles\n|player|p1|19402u|1|\n|player|p2|Peculiar Caribou|cyclist|\n|teamsize|p1|6\n|teamsize|p2|6\n|gen|9\n|tier|[Gen 9] VGC 2023 Regulation C\n|rule|Species Clause: Limit one of each Pok\u00e9mon\n|rule|Item Clause: Limit one of each item\n|clearpoke\n|poke|p1|Dondozo, L50, M|\n|poke|p1|Tatsugiri, L50, F|\n|poke|p1|Pelipper, L50, F|\n|poke|p1|Drednaw, L50, F|\n|poke|p1|Murkrow, L50, M|\n|poke|p1|Great Tusk, L50|\n|poke|p2|Glimmora, L50, M|\n|poke|p2|Dragonite, L50, F|\n|poke|p2|Dondozo, L50, F|\n|poke|p2|Tatsugiri, L50, F|\n|poke|p2|Chi-Yu, L50|\n|poke|p2|Iron Bundle, L50|\n|teampreview|4\n19402u has agreed to open team sheets.\nPeculiar Caribou has agreed to open team sheets.\n|c|\u2606Peculiar Caribou|gl hf\n|c|\u260619402u|glhf\n|\n|t:|1682909247\n|start\n|switch|p1a: Murkrow|Murkrow, L50, M|100\/100\n|switch|p1b: Drednaw|Drednaw, L50, F|100\/100\n|switch|p2a: Dondozo|Dondozo, L50, F|100\/100\n|switch|p2b: Dragonite|Dragonite, L50, F, shiny|100\/100\n|turn|1\n|\n|t:|1682909293\n|move|p1b: Drednaw|Protect|p1b: Drednaw\n|-singleturn|p1b: Drednaw|Protect\n|move|p2b: Dragonite|Extreme Speed|p1a: Murkrow\n|-damage|p1a: Murkrow|56\/100\n|move|p1a: Murkrow|Foul Play|p2b: Dragonite\n|-damage|p2b: Dragonite|71\/100\n|move|p2a: Dondozo|Earthquake|p1b: Drednaw|[spread] \n|-activate|p1b: Drednaw|move: Protect\n|-immune|p2b: Dragonite\n|-immune|p1a: Murkrow\n|\n|upkeep\n|turn|2\n|\n|t:|1682909345\n|-terastallize|p2b: Dragonite|Normal\n|-terastallize|p1b: Drednaw|Grass\n|move|p2b: Dragonite|Extreme Speed|p1a: Murkrow\n|-damage|p1a: Murkrow|0 fnt\n|faint|p1a: Murkrow\n|move|p1b: Drednaw|Rock Slide|p2a: Dondozo|[spread] p2b\n|-miss|p1b: Drednaw|p2a: Dondozo\n|-damage|p2b: Dragonite|32\/100\n|-damage|p1b: Drednaw|91\/100|[from] item: Life Orb\n|move|p2a: Dondozo|Wave Crash|p1b: Drednaw\n|-resisted|p1b: Drednaw\n|-damage|p1b: Drednaw|64\/100\n|-damage|p2a: Dondozo|94\/100|[from] Recoil\n|\n|-heal|p2a: Dondozo|99\/100|[from] item: Leftovers\n|upkeep\n|\n|t:|1682909353\n|switch|p1a: Pelipper|Pelipper, L50, F|100\/100\n|-weather|RainDance|[from] ability: Drizzle|[of] p1a: Pelipper\n|turn|3\n|\n|t:|1682909376\n|move|p1b: Drednaw|Protect|p1b: Drednaw\n|-singleturn|p1b: Drednaw|Protect\n|move|p2b: Dragonite|Extreme Speed|p1b: Drednaw\n|-activate|p1b: Drednaw|move: Protect\n|move|p1a: Pelipper|Hurricane|p2b: Dragonite\n|-damage|p2b: Dragonite|0 fnt\n|faint|p2b: Dragonite\n|move|p2a: Dondozo|Wave Crash|p1a: Pelipper\n|-resisted|p1a: Pelipper\n|-damage|p1a: Pelipper|54\/100\n|-damage|p2a: Dondozo|90\/100|[from] Recoil\n|\n|-weather|RainDance|[upkeep]\n|-heal|p2a: Dondozo|97\/100|[from] item: Leftovers\n|upkeep\n|\n|t:|1682909395\n|switch|p2b: Tatsugiri|Tatsugiri, L50, F|100\/100\n|-activate|p2b: Tatsugiri|ability: Commander|[of] p2a: Dondozo\n|-boost|p2a: Dondozo|atk|2\n|-boost|p2a: Dondozo|spa|2\n|-boost|p2a: Dondozo|spe|2\n|-boost|p2a: Dondozo|def|2\n|-boost|p2a: Dondozo|spd|2\n|turn|4\n|\n|t:|1682909413\n|move|p2a: Dondozo|Protect|p2a: Dondozo\n|-singleturn|p2a: Dondozo|Protect\n|move|p1b: Drednaw|Tera Blast|p2a: Dondozo\n|-activate|p2a: Dondozo|move: Protect\n|move|p1a: Pelipper|Hurricane|p2a: Dondozo\n|-activate|p2a: Dondozo|move: Protect\n|\n|-weather|RainDance|[upkeep]\n|-heal|p2a: Dondozo|100\/100|[from] item: Leftovers\n|upkeep\n|turn|5\n|\n|t:|1682909427\n|move|p1b: Drednaw|Tera Blast|p2a: Dondozo\n|-supereffective|p2a: Dondozo\n|-damage|p2a: Dondozo|59\/100\n|-damage|p1b: Drednaw|54\/100|[from] item: Life Orb\n|move|p2a: Dondozo|Wave Crash|p1b: Drednaw\n|-resisted|p1b: Drednaw\n|-damage|p1b: Drednaw|0 fnt\n|faint|p1b: Drednaw\n|-damage|p2a: Dondozo|46\/100|[from] Recoil\n|move|p1a: Pelipper|Hurricane|p2a: Dondozo\n|-damage|p2a: Dondozo|23\/100\n|\n|-weather|RainDance|[upkeep]\n|-heal|p2a: Dondozo|29\/100|[from] item: Leftovers\n|upkeep\n|\n|t:|1682909435\n|switch|p1b: Great Tusk|Great Tusk, L50|100\/100\n|turn|6\n|\n|t:|1682909449\n|move|p2a: Dondozo|Wave Crash|p1b: Great Tusk\n|-supereffective|p1b: Great Tusk\n|-enditem|p1b: Great Tusk|Focus Sash\n|-damage|p1b: Great Tusk|1\/100\n|-damage|p2a: Dondozo|1\/100|[from] Recoil\n|move|p1b: Great Tusk|Headlong Rush|p2a: Dondozo\n|-damage|p2a: Dondozo|0 fnt\n|-unboost|p1b: Great Tusk|def|1\n|-unboost|p1b: Great Tusk|spd|1\n|faint|p2a: Dondozo\n|move|p1a: Pelipper|Hurricane|p2b: Tatsugiri\n|-damage|p2b: Tatsugiri|38\/100\n|\n|-weather|RainDance|[upkeep]\n|upkeep\n|\n|t:|1682909451\n|switch|p2a: Iron Bundle|Iron Bundle, L50|100\/100\n|-enditem|p2a: Iron Bundle|Booster Energy\n|-activate|p2a: Iron Bundle|ability: Quark Drive|[fromitem]\n|-start|p2a: Iron Bundle|quarkdrivespe\n|turn|7\n|\n|t:|1682909460\n|move|p1a: Pelipper|Quick Attack|p2b: Tatsugiri\n|-damage|p2b: Tatsugiri|28\/100\n|move|p2a: Iron Bundle|Freeze-Dry|p1a: Pelipper\n|-supereffective|p1a: Pelipper\n|-damage|p1a: Pelipper|0 fnt\n|faint|p1a: Pelipper\n|move|p2b: Tatsugiri|Icy Wind|p1b: Great Tusk\n|-supereffective|p1b: Great Tusk\n|-damage|p1b: Great Tusk|0 fnt\n|faint|p1b: Great Tusk\n|-end|p1b: Great Tusk|Protosynthesis|[silent]\n|\n|win|Peculiar Caribou\n|c|\u260619402u|gg\n|c|\u2606Peculiar Caribou|gg\n","uploadtime":1682909467,"views":12,"p1id":"19402u","p2id":"peculiarcaribou","formatid":"gen9vgc2023regulationc","rating":0,"private":0,"password":""}