{"id":"gen9vgc2023regulationc-1856312549","p1":"Flipsicle","p2":"bronzongbroomsvgc","format":"[Gen 9] VGC 2023 Regulation C","log":"|j|\u2606Flipsicle\n|j|\u2606bronzongbroomsvgc\n|t:|1683049917\n|gametype|doubles\n|player|p1|Flipsicle|elesa-masters|\n|player|p2|bronzongbroomsvgc|1|\n|teamsize|p1|6\n|teamsize|p2|6\n|gen|9\n|tier|[Gen 9] VGC 2023 Regulation C\n|rule|Species Clause: Limit one of each Pok\u00e9mon\n|rule|Item Clause: Limit one of each item\n|clearpoke\n|poke|p1|Chi-Yu, L50|\n|poke|p1|Flutter Mane, L50|\n|poke|p1|Dragonite, L50, M|\n|poke|p1|Chien-Pao, L50|\n|poke|p1|Iron Bundle, L50|\n|poke|p1|Iron Hands, L50|\n|poke|p2|Tyranitar, L50, M|\n|poke|p2|Gyarados, L50, M|\n|poke|p2|Indeedee-F, L50, F|\n|poke|p2|Lycanroc, L50, F|\n|poke|p2|Iron Moth, L50|\n|poke|p2|Meowscarada, L50, F|\n|teampreview|4\n|c|\u2606Flipsicle|g1\nFlipsicle has agreed to open team sheets.\nbronzongbroomsvgc has agreed to open team sheets.\n|c|\u2606bronzongbroomsvgc|flip you wanna get clowned on by the cat on stream\n|j| DOUUS Octoto\n|c|\u2606bronzongbroomsvgc|wait nooo you have a cat too\n|c|\u2606Flipsicle|glhf\n|c|\u2606bronzongbroomsvgc|glhf\n|c|\u2606bronzongbroomsvgc|did you tell them you're cool with stream\n|c|\u2606Flipsicle|yeah\n|c|\u2606bronzongbroomsvgc|kk cool\n|c|\u2606bronzongbroomsvgc|is this a thing now where we play every maus tour lmao\n|c|\u2606Flipsicle|y3w\n|c|\u2606Flipsicle|now stop talking and play\n|c|\u2606bronzongbroomsvgc|ok\n|c|\u2606Flipsicle|we love casters\n|c|\u2606bronzongbroomsvgc|<3 casters\n|c| DOUUS Octoto|hahaha\n|inactive|Battle timer is ON: inactive players will automatically lose when time's up. (requested by Flipsicle)\n|c| DOUUS Octoto|you can start whenever you're ready\n|\n|t:|1683050108\n|start\n|switch|p1a: Iron Hands|Iron Hands, L50|100\/100\n|switch|p1b: Iron Bundle|Iron Bundle, L50|100\/100\n|switch|p2a: Lycanroc|Lycanroc, L50, F|100\/100\n|switch|p2b: Tyranitar|Tyranitar, L50, M|100\/100\n|-weather|Sandstorm|[from] ability: Sand Stream|[of] p2b: Tyranitar\n|-enditem|p1b: Iron Bundle|Booster Energy\n|-activate|p1b: Iron Bundle|ability: Quark Drive|[fromitem]\n|-start|p1b: Iron Bundle|quarkdrivespe\n|turn|1\n|inactive|Flipsicle has 30 seconds left.\n|\n|t:|1683050135\n|switch|p2b: Indeedee|Indeedee-F, L50, F|100\/100\n|-fieldstart|move: Psychic Terrain|[from] ability: Psychic Surge|[of] p2b: Indeedee\n|-enditem|p2b: Indeedee|Psychic Seed\n|-boost|p2b: Indeedee|spd|1|[from] item: Psychic Seed\n|move|p1a: Iron Hands|Fake Out|p2b: Indeedee\n|-activate|p2b: Indeedee|move: Psychic Terrain\n|move|p2a: Lycanroc|Close Combat|p1b: Iron Bundle\n|-supereffective|p1b: Iron Bundle\n|-damage|p1b: Iron Bundle|2\/100\n|-unboost|p2a: Lycanroc|def|1\n|-unboost|p2a: Lycanroc|spd|1\n|move|p1b: Iron Bundle|Hydro Pump|p2b: Indeedee\n|-damage|p2b: Indeedee|62\/100\n|\n|-weather|Sandstorm|[upkeep]\n|-damage|p1b: Iron Bundle|0 fnt|[from] Sandstorm\n|-damage|p2b: Indeedee|55\/100|[from] Sandstorm\n|-damage|p1a: Iron Hands|94\/100|[from] Sandstorm\n|faint|p1b: Iron Bundle\n|-end|p1b: Iron Bundle|Quark Drive|[silent]\n|upkeep\n|\n|t:|1683050149\n|switch|p1b: Chien-Pao|Chien-Pao, L50|100\/100\n|-ability|p1b: Chien-Pao|Sword of Ruin\n|turn|2\n|\n|t:|1683050172\n|move|p2a: Lycanroc|Rock Slide|p1b: Chien-Pao|[spread] p1a,p1b\n|-resisted|p1a: Iron Hands\n|-supereffective|p1b: Chien-Pao\n|-damage|p1a: Iron Hands|80\/100\n|-damage|p1b: Chien-Pao|15\/100\n|move|p1b: Chien-Pao|Sacred Sword|p2a: Lycanroc\n|-supereffective|p2a: Lycanroc\n|-enditem|p2a: Lycanroc|Focus Sash\n|-damage|p2a: Lycanroc|1\/100\n|move|p2b: Indeedee|Psyshock|p1a: Iron Hands\n|-supereffective|p1a: Iron Hands\n|-damage|p1a: Iron Hands|23\/100\n|cant|p1a: Iron Hands|flinch\n|\n|-weather|Sandstorm|[upkeep]\n|-damage|p1b: Chien-Pao|9\/100|[from] Sandstorm\n|-damage|p2b: Indeedee|49\/100|[from] Sandstorm\n|-damage|p1a: Iron Hands|16\/100|[from] Sandstorm\n|upkeep\n|turn|3\n|inactive|bronzongbroomsvgc has 30 seconds left.\n|inactive|Flipsicle has 30 seconds left.\n|\n|t:|1683050204\n|move|p2b: Indeedee|Helping Hand|p2a: Lycanroc\n|-singleturn|p2a: Lycanroc|Helping Hand|[of] p2b: Indeedee\n|move|p2a: Lycanroc|Rock Slide|p1b: Chien-Pao|[spread] p1b\n|-miss|p2a: Lycanroc|p1a: Iron Hands\n|-supereffective|p1b: Chien-Pao\n|-damage|p1b: Chien-Pao|0 fnt\n|faint|p1b: Chien-Pao\n|move|p1a: Iron Hands|Volt Switch|p2b: Indeedee\n|-damage|p2b: Indeedee|40\/100\n|c|\u2606bronzongbroomsvgc|that was a throw\n|\n|t:|1683050213\n|-end|p1a: Iron Hands|Quark Drive|[silent]\n|switch|p1a: Chi-Yu|Chi-Yu, L50|100\/100|[from] Volt Switch\n|-ability|p1a: Chi-Yu|Beads of Ruin\n|\n|-weather|Sandstorm|[upkeep]\n|-damage|p1a: Chi-Yu|95\/100|[from] Sandstorm\n|-damage|p2b: Indeedee|34\/100|[from] Sandstorm\n|upkeep\n|c|\u2606bronzongbroomsvgc|nvmc\n|c|\u2606bronzongbroomsvgc|mvnd\n|\n|t:|1683050215\n|switch|p1b: Iron Hands|Iron Hands, L50|16\/100\n|turn|4\n|c|\u2606bronzongbroomsvgc|nvmd\n|c|\u2606Flipsicle|gg\n|c|\u2606bronzongbroomsvgc|gg\n|\n|t:|1683050239\n|-terastallize|p1a: Chi-Yu|Ghost\n|move|p2b: Indeedee|Follow Me|p2b: Indeedee\n|-singleturn|p2b: Indeedee|move: Follow Me\n|move|p2a: Lycanroc|Rock Slide|p1a: Chi-Yu|[spread] p1a,p1b\n|-resisted|p1b: Iron Hands\n|-damage|p1a: Chi-Yu|49\/100\n|-damage|p1b: Iron Hands|8\/100\n|cant|p1a: Chi-Yu|flinch\n|move|p1b: Iron Hands|Volt Switch|p2b: Indeedee\n|-damage|p2b: Indeedee|22\/100\n|\n|-weather|Sandstorm|[upkeep]\n|-damage|p1a: Chi-Yu|44\/100|[from] Sandstorm\n|-damage|p2b: Indeedee|16\/100|[from] Sandstorm\n|-damage|p1b: Iron Hands|2\/100|[from] Sandstorm\n|upkeep\n|turn|5\n|inactive|Flipsicle has 30 seconds left.\n|\n|t:|1683050265\n|move|p2b: Indeedee|Follow Me|p2b: Indeedee\n|-singleturn|p2b: Indeedee|move: Follow Me\n|move|p2a: Lycanroc|Rock Slide|p1b: Iron Hands|[spread] p1a,p1b\n|-resisted|p1b: Iron Hands\n|-damage|p1a: Chi-Yu|3\/100\n|-damage|p1b: Iron Hands|0 fnt\n|faint|p1b: Iron Hands\n|-end|p1b: Iron Hands|Quark Drive|[silent]\n|cant|p1a: Chi-Yu|flinch\n|\n|-weather|none\n|-fieldend|move: Psychic Terrain\n|upkeep\n|turn|6\n|c|\u2606Flipsicle|gg\n|c|\u2606bronzongbroomsvgc|gg\n|\n|t:|1683050283\n|-terastallize|p2a: Lycanroc|Grass\n|move|p2b: Indeedee|Follow Me|p2b: Indeedee\n|-singleturn|p2b: Indeedee|move: Follow Me\n|move|p1a: Chi-Yu|Heat Wave|p2b: Indeedee|[spread] p2a,p2b\n|-supereffective|p2a: Lycanroc\n|-damage|p2a: Lycanroc|0 fnt\n|-damage|p2b: Indeedee|0 fnt\n|faint|p2a: Lycanroc\n|faint|p2b: Indeedee\n|\n|upkeep\n|\n|t:|1683050290\n|switch|p2a: Tyranitar|Tyranitar, L50, M|100\/100\n|switch|p2b: Iron Moth|Iron Moth, L50|100\/100\n|-weather|Sandstorm|[from] ability: Sand Stream|[of] p2a: Tyranitar\n|-enditem|p2b: Iron Moth|Booster Energy\n|-activate|p2b: Iron Moth|ability: Quark Drive|[fromitem]\n|-start|p2b: Iron Moth|quarkdrivespa\n|turn|7\n|\n|t:|1683050298\n|move|p1a: Chi-Yu|Heat Wave|p2b: Iron Moth|[spread] p2a,p2b\n|-resisted|p2a: Tyranitar\n|-resisted|p2b: Iron Moth\n|-damage|p2a: Tyranitar|88\/100\n|-damage|p2b: Iron Moth|71\/100\n|move|p2b: Iron Moth|Energy Ball|p1a: Chi-Yu\n|-crit|p1a: Chi-Yu\n|-damage|p1a: Chi-Yu|0 fnt\n|faint|p1a: Chi-Yu\n|\n|win|bronzongbroomsvgc\n","uploadtime":1683050528,"views":14,"p1id":"flipsicle","p2id":"bronzongbroomsvgc","formatid":"gen9vgc2023regulationc","rating":0,"private":0,"password":""}