{"id":"gen9vgc2023regulationc-1862300374","p1":"Txranger25","p2":"GB Seraphix","format":"[Gen 9] VGC 2023 Regulation C","log":"|j|\u2606Txranger25\n|j|\u2606GB Seraphix\n|t:|1683861928\n|gametype|doubles\n|player|p1|Txranger25|101|1139\n|player|p2|GB Seraphix|102|1089\n|teamsize|p1|6\n|teamsize|p2|6\n|gen|9\n|tier|[Gen 9] VGC 2023 Regulation C\n|rated|\n|rule|Species Clause: Limit one of each Pok\u00e9mon\n|rule|Item Clause: Limit one of each item\n|clearpoke\n|poke|p1|Tinkaton, L50, F|\n|poke|p1|Gholdengo, L50|\n|poke|p1|Cyclizar, L50, M|\n|poke|p1|Ting-Lu, L50|\n|poke|p1|Pelipper, L50, M|\n|poke|p1|Iron Moth, L50|\n|poke|p2|Chi-Yu, L50|\n|poke|p2|Dachsbun, L50, F|\n|poke|p2|Flutter Mane, L50|\n|poke|p2|Rotom-Wash, L50|\n|poke|p2|Torkoal, L50, M|\n|poke|p2|Jumpluff, L50, M|\n|teampreview|4\n|inactive|Battle timer is ON: inactive players will automatically lose when time's up. (requested by Txranger25)\nTxranger25 has agreed to open team sheets.\n|inactive|Txranger25 has 60 seconds left.\n|\n|t:|1683861967\n|start\n|switch|p1a: Tinkaton|Tinkaton, L50, F|100\/100\n|switch|p1b: Pelipper|Pelipper, L50, M|100\/100\n|switch|p2a: Nemo|Chi-Yu, L50|100\/100\n|switch|p2b: Gardenia|Dachsbun, L50, F|100\/100\n|-ability|p2a: Nemo|Beads of Ruin\n|-ability|p1a: Tinkaton|Mold Breaker\n|-weather|RainDance|[from] ability: Drizzle|[of] p1b: Pelipper\n|turn|1\n|inactive|GB Seraphix has 30 seconds left.\n|\n|t:|1683861994\n|switch|p2a: BB|Flutter Mane, L50|100\/100\n|-enditem|p2a: BB|Booster Energy\n|-activate|p2a: BB|ability: Protosynthesis|[fromitem]\n|-start|p2a: BB|protosynthesisspe\n|switch|p2b: Hanabishi|Rotom-Wash, L50|100\/100\n|move|p1a: Tinkaton|Fake Out|p2b: Hanabishi\n|-damage|p2b: Hanabishi|92\/100\n|move|p1b: Pelipper|Tailwind|p1b: Pelipper\n|-sidestart|p1: Txranger25|move: Tailwind\n|\n|-weather|RainDance|[upkeep]\n|upkeep\n|turn|2\n|inactive|Txranger25 has 30 seconds left.\n|\n|t:|1683862022\n|switch|p1b: Gholdengo|Gholdengo, L50|100\/100\n|move|p2a: BB|Protect|p2a: BB\n|-singleturn|p2a: BB|Protect\n|move|p1a: Tinkaton|Gigaton Hammer|p2a: BB\n|-activate|p2a: BB|move: Protect\n|move|p2b: Hanabishi|Will-O-Wisp|p1a: Tinkaton\n|-status|p1a: Tinkaton|brn\n|\n|-weather|RainDance|[upkeep]\n|-damage|p1a: Tinkaton|94\/100 brn|[from] brn\n|upkeep\n|turn|3\n|inactive|GB Seraphix has 30 seconds left.\n|\n|t:|1683862049\n|-terastallize|p2a: BB|Grass\n|move|p1a: Tinkaton|Helping Hand|p1b: Gholdengo\n|-singleturn|p1b: Gholdengo|Helping Hand|[of] p1a: Tinkaton\n|move|p1b: Gholdengo|Make It Rain|p2a: BB|[spread] p2a,p2b\n|-resisted|p2b: Hanabishi\n|-damage|p2a: BB|2\/100\n|-damage|p2b: Hanabishi|61\/100\n|-unboost|p1b: Gholdengo|spa|1\n|move|p2a: BB|Shadow Ball|p1b: Gholdengo\n|-supereffective|p1b: Gholdengo\n|-crit|p1b: Gholdengo\n|-damage|p1b: Gholdengo|0 fnt\n|faint|p1b: Gholdengo\n|move|p2b: Hanabishi|Hydro Pump|p1a: Tinkaton\n|-damage|p1a: Tinkaton|38\/100 brn\n|\n|-weather|RainDance|[upkeep]\n|-heal|p1a: Tinkaton|44\/100 brn|[from] item: Leftovers\n|-damage|p1a: Tinkaton|38\/100 brn|[from] brn\n|upkeep\n|\n|t:|1683862061\n|switch|p1b: Ting-Lu|Ting-Lu, L50|100\/100\n|-ability|p1b: Ting-Lu|Vessel of Ruin\n|turn|4\n|\n|t:|1683862076\n|move|p2a: BB|Protect|p2a: BB\n|-singleturn|p2a: BB|Protect\n|move|p1a: Tinkaton|Feint|p2a: BB\n|-activate|p2a: BB|move: Feint\n|-damage|p2a: BB|0 fnt\n|faint|p2a: BB\n|-end|p2a: BB|Protosynthesis|[silent]\n|move|p1b: Ting-Lu|Body Press|p2b: Hanabishi\n|-damage|p2b: Hanabishi|34\/100\n|move|p2b: Hanabishi|Will-O-Wisp|p1b: Ting-Lu\n|-status|p1b: Ting-Lu|brn\n|\n|-weather|RainDance|[upkeep]\n|-heal|p1a: Tinkaton|44\/100 brn|[from] item: Leftovers\n|-damage|p1a: Tinkaton|38\/100 brn|[from] brn\n|-damage|p1b: Ting-Lu|94\/100 brn|[from] brn\n|-sideend|p1: Txranger25|move: Tailwind\n|upkeep\n|\n|t:|1683862093\n|switch|p2a: Nemo|Chi-Yu, L50|100\/100\n|-ability|p2a: Nemo|Beads of Ruin\n|turn|5\n|\n|t:|1683862105\n|switch|p2b: Gardenia|Dachsbun, L50, F|100\/100\n|switch|p1a: Pelipper|Pelipper, L50, M|100\/100\n|move|p2a: Nemo|Lava Plume|p1a: Pelipper|[spread] p1a,p1b\n|-ability|p2b: Gardenia|Well-Baked Body|boost\n|-boost|p2b: Gardenia|def|2\n|-resisted|p1a: Pelipper\n|-damage|p1a: Pelipper|93\/100\n|-damage|p1b: Ting-Lu|88\/100 brn\n|move|p1b: Ting-Lu|Fissure|p2a: Nemo|[miss]\n|-miss|p1b: Ting-Lu|p2a: Nemo\n|\n|-weather|none\n|-damage|p1b: Ting-Lu|82\/100 brn|[from] brn\n|upkeep\n|turn|6\n|\n|t:|1683862125\n|move|p1a: Pelipper|Wide Guard|p1a: Pelipper\n|-singleturn|p1a: Pelipper|Wide Guard\n|move|p2a: Nemo|Lava Plume|p1a: Pelipper|[spread] \n|-activate|p1a: Pelipper|move: Wide Guard\n|-activate|p1b: Ting-Lu|move: Wide Guard\n|-ability|p2b: Gardenia|Well-Baked Body|boost\n|-boost|p2b: Gardenia|def|2\n|move|p2b: Gardenia|Body Press|p1b: Ting-Lu\n|-supereffective|p1b: Ting-Lu\n|-damage|p1b: Ting-Lu|20\/100 brn\n|move|p1b: Ting-Lu|Stomping Tantrum|p2a: Nemo\n|-supereffective|p2a: Nemo\n|-damage|p2a: Nemo|10\/100\n|\n|-damage|p1b: Ting-Lu|13\/100 brn|[from] brn\n|upkeep\n|turn|7\n|inactive|Txranger25 has 30 seconds left.\n|\n|t:|1683862155\n|move|p2a: Nemo|Lava Plume|p1b: Ting-Lu|[spread] p1a,p1b\n|-ability|p2b: Gardenia|Well-Baked Body|boost\n|-boost|p2b: Gardenia|def|2\n|-resisted|p1a: Pelipper\n|-crit|p1a: Pelipper\n|-damage|p1a: Pelipper|68\/100\n|-damage|p1b: Ting-Lu|0 fnt\n|-status|p1a: Pelipper|brn\n|-enditem|p1a: Pelipper|Lum Berry|[eat]\n|-curestatus|p1a: Pelipper|brn|[msg]\n|faint|p1b: Ting-Lu\n|move|p2b: Gardenia|Substitute|p2b: Gardenia\n|-start|p2b: Gardenia|Substitute\n|-damage|p2b: Gardenia|75\/100\n|move|p1a: Pelipper|Hurricane|p2b: Gardenia|[miss]\n|-miss|p1a: Pelipper|p2b: Gardenia\n|\n|-heal|p2b: Gardenia|82\/100|[from] item: Leftovers\n|upkeep\n|\n|t:|1683862168\n|switch|p1b: Tinkaton|Tinkaton, L50, F|38\/100 brn\n|-ability|p1b: Tinkaton|Mold Breaker\n|turn|8\n|\n|t:|1683862183\n|switch|p2a: Hanabishi|Rotom-Wash, L50|34\/100\n|move|p1b: Tinkaton|Fake Out|p2a: Hanabishi\n|-damage|p2a: Hanabishi|29\/100\n|move|p2b: Gardenia|Body Press|p1b: Tinkaton\n|-damage|p1b: Tinkaton|0 fnt\n|faint|p1b: Tinkaton\n|move|p1a: Pelipper|Ice Beam|p2b: Gardenia\n|-activate|p2b: Gardenia|move: Substitute|[damage]\n|\n|-heal|p2b: Gardenia|88\/100|[from] item: Leftovers\n|upkeep\n|turn|9\n|-message|Txranger25 forfeited.\n|\n|win|GB Seraphix\n|raw|Txranger25's rating: 1139 → 1110<\/strong> (-29 for losing)\n|raw|GB Seraphix's rating: 1089 → 1119<\/strong> (+30 for winning)\n|l|\u2606Txranger25\n","uploadtime":1683862198,"views":16,"p1id":"txranger25","p2id":"gbseraphix","formatid":"gen9vgc2023regulationc","rating":1110,"private":0,"password":""}