{"id":"gen9vgc2023regulationc-1861564136","p1":"Foxchalk","p2":"RonJohn","format":"[Gen 9] VGC 2023 Regulation C","log":"|j|\u2606Foxchalk\n|j|\u2606RonJohn\n|t:|1683773820\n|gametype|doubles\n|player|p1|Foxchalk|cameraman|1187\n|player|p2|RonJohn|266|1117\n|teamsize|p1|6\n|teamsize|p2|6\n|gen|9\n|tier|[Gen 9] VGC 2023 Regulation C\n|rated|\n|rule|Species Clause: Limit one of each Pok\u00e9mon\n|rule|Item Clause: Limit one of each item\n|clearpoke\n|poke|p1|Palafin, L50, M|\n|poke|p1|Flutter Mane, L50|\n|poke|p1|Arcanine, L50, M|\n|poke|p1|Amoonguss, L50, M|\n|poke|p1|Gholdengo, L50|\n|poke|p1|Ting-Lu, L50|\n|poke|p2|Flutter Mane, L50|\n|poke|p2|Orthworm, L50, M|\n|poke|p2|Dragonite, L50, M|\n|poke|p2|Amoonguss, L50, M|\n|poke|p2|Gyarados, L50, F|\n|poke|p2|Ting-Lu, L50|\n|teampreview|4\nFoxchalk rejected open team sheets.\n|c|\u2606RonJohn|No OTS?\n|\n|t:|1683773868\n|start\n|switch|p1a: Palafin|Palafin, L50, M|100\/100\n|switch|p1b: Flutter Mane|Flutter Mane, L50|100\/100\n|switch|p2a: Ting-Lu|Ting-Lu, L50|100\/100\n|switch|p2b: Orthworm|Orthworm, L50, M|100\/100\n|-ability|p2a: Ting-Lu|Vessel of Ruin\n|turn|1\n|\n|t:|1683773894\n|detailschange|p1a: Palafin|Palafin-Hero, L50, M\n|switch|p1a: Amoonguss|Amoonguss, L50, M|100\/100\n|-terastallize|p1b: Flutter Mane|Fairy\n|move|p1b: Flutter Mane|Dazzling Gleam|p2b: Orthworm|[spread] p2a,p2b\n|-supereffective|p2a: Ting-Lu\n|-resisted|p2b: Orthworm\n|-damage|p2a: Ting-Lu|59\/100\n|-damage|p2b: Orthworm|69\/100\n|-damage|p1b: Flutter Mane|90\/100|[from] item: Life Orb\n|move|p2a: Ting-Lu|Heavy Slam|p1b: Flutter Mane\n|-supereffective|p1b: Flutter Mane\n|-damage|p1b: Flutter Mane|0 fnt\n|faint|p1b: Flutter Mane\n|-end|p1b: Flutter Mane|Protosynthesis|[silent]\n|move|p2b: Orthworm|Shed Tail|p2b: Orthworm\n|-start|p2b: Orthworm|Substitute|[from] move: Shed Tail\n|-damage|p2b: Orthworm|19\/100\n|-enditem|p2b: Orthworm|Sitrus Berry|[eat]\n|-heal|p2b: Orthworm|44\/100|[from] item: Sitrus Berry\n|\n|t:|1683773912\n|switch|p2b: Dragonite|Dragonite, L50, M|100\/100|[from] Shed Tail\n|\n|upkeep\n|\n|t:|1683773922\n|switch|p1b: Palafin|Palafin-Hero, L50, M|100\/100\n|-activate|p1b: Palafin|ability: Zero to Hero\n|turn|2\n|\n|t:|1683773946\n|move|p1b: Palafin|Wave Crash|p2b: Dragonite\n|-resisted|p2b: Dragonite\n|-end|p2b: Dragonite|Substitute\n|-damage|p1b: Palafin|92\/100|[from] Recoil|[of] p2b: Dragonite\n|move|p2b: Dragonite|Dragon Dance|p2b: Dragonite\n|-boost|p2b: Dragonite|atk|1\n|-boost|p2b: Dragonite|spe|1\n|move|p2a: Ting-Lu|Earthquake|p1b: Palafin|[spread] p1a,p1b\n|-immune|p2b: Dragonite\n|-crit|p1b: Palafin\n|-damage|p1a: Amoonguss|65\/100\n|-damage|p1b: Palafin|31\/100\n|move|p1a: Amoonguss|Spore|p2a: Ting-Lu\n|-status|p2a: Ting-Lu|slp|[from] move: Spore\n|\n|upkeep\n|turn|3\n|\n|t:|1683773973\n|switch|p1b: Gholdengo|Gholdengo, L50|100\/100\n|switch|p2a: Orthworm|Orthworm, L50, M|44\/100\n|move|p2b: Dragonite|Earthquake|p1a: Amoonguss|[spread] p1a,p1b\n|-heal|p2a: Orthworm|69\/100|[from] ability: Earth Eater|[of] p2b: Dragonite\n|-supereffective|p1b: Gholdengo\n|-damage|p1a: Amoonguss|19\/100\n|-damage|p1b: Gholdengo|2\/100\n|-enditem|p1a: Amoonguss|Sitrus Berry|[eat]\n|-heal|p1a: Amoonguss|44\/100|[from] item: Sitrus Berry\n|move|p1a: Amoonguss|Spore|p2b: Dragonite\n|-status|p2b: Dragonite|slp|[from] move: Spore\n|-enditem|p2b: Dragonite|Lum Berry|[eat]\n|-curestatus|p2b: Dragonite|slp|[msg]\n|\n|upkeep\n|turn|4\n|\n|t:|1683773998\n|move|p1b: Gholdengo|Protect|p1b: Gholdengo\n|-singleturn|p1b: Gholdengo|Protect\n|move|p2b: Dragonite|Earthquake|p1a: Amoonguss|[spread] p1a\n|-activate|p1b: Gholdengo|move: Protect\n|-heal|p2a: Orthworm|94\/100|[from] ability: Earth Eater|[of] p2b: Dragonite\n|-crit|p1a: Amoonguss\n|-damage|p1a: Amoonguss|0 fnt\n|faint|p1a: Amoonguss\n|move|p2a: Orthworm|Shed Tail|p2a: Orthworm\n|-start|p2a: Orthworm|Substitute|[from] move: Shed Tail\n|-damage|p2a: Orthworm|44\/100\n|\n|t:|1683774011\n|switch|p2a: Flutter Mane|Flutter Mane, L50|100\/100|[from] Shed Tail\n|\n|upkeep\n|\n|t:|1683774014\n|switch|p1a: Palafin|Palafin-Hero, L50, M|31\/100\n|turn|5\n|\n|t:|1683774037\n|move|p1b: Gholdengo|Protect||[still]\n|-fail|p1b: Gholdengo\n|move|p1a: Palafin|Jet Punch|p2a: Flutter Mane\n|-end|p2a: Flutter Mane|Substitute\n|move|p2a: Flutter Mane|Thunderbolt|p1a: Palafin\n|-supereffective|p1a: Palafin\n|-damage|p1a: Palafin|0 fnt\n|faint|p1a: Palafin\n|move|p2b: Dragonite|Ice Spinner|p1b: Gholdengo\n|-resisted|p1b: Gholdengo\n|-damage|p1b: Gholdengo|0 fnt\n|faint|p1b: Gholdengo\n|\n|win|RonJohn\n|raw|Foxchalk's rating: 1187 → 1157<\/strong> (-30 for losing)\n|raw|RonJohn's rating: 1117 → 1147<\/strong> (+30 for winning)\n|l|\u2606Foxchalk\n","uploadtime":1683774053,"views":19,"p1id":"foxchalk","p2id":"ronjohn","formatid":"gen9vgc2023regulationc","rating":1147,"private":0,"password":""}