{"id":"gen9vgc2023regulationc-1855481568","p1":"appokalypstik","p2":"BlindMagneton","format":"[Gen 9] VGC 2023 Regulation C","log":"|j|\u2606appokalypstik\n|j|\u2606BlindMagneton\n|t:|1682955392\n|gametype|doubles\n|player|p1|appokalypstik|roxie|1334\n|player|p2|BlindMagneton|169|1266\n|teamsize|p1|6\n|teamsize|p2|6\n|gen|9\n|tier|[Gen 9] VGC 2023 Regulation C\n|rated|\n|rule|Species Clause: Limit one of each Pok\u00e9mon\n|rule|Item Clause: Limit one of each item\n|clearpoke\n|poke|p1|Wo-Chien, L50|\n|poke|p1|Glimmora, L50, M|\n|poke|p1|Murkrow, L50, F|\n|poke|p1|Rotom-Wash, L50|\n|poke|p1|Great Tusk, L50|\n|poke|p1|Chi-Yu, L50|\n|poke|p2|Iron Bundle, L50|\n|poke|p2|Sandy Shocks, L50|\n|poke|p2|Pelipper, L50, M|\n|poke|p2|Scizor, L50, M|\n|poke|p2|Chien-Pao, L50|\n|poke|p2|Ceruledge, L50, M|\n|teampreview|4\n|inactive|Battle timer is ON: inactive players will automatically lose when time's up. (requested by appokalypstik)\n|inactive|BlindMagneton has 60 seconds left.\n|inactive|BlindMagneton has 30 seconds left.\n|\n|t:|1682955500\n|start\n|switch|p1a: Goobrow|Murkrow, L50, F|100\/100\n|switch|p1b: Great Goob|Great Tusk, L50|100\/100\n|switch|p2a: Pelipper|Pelipper, L50, M|100\/100\n|switch|p2b: Sandy Shocks|Sandy Shocks, L50|100\/100\n|-weather|RainDance|[from] ability: Drizzle|[of] p2a: Pelipper\n|-enditem|p2b: Sandy Shocks|Booster Energy\n|-activate|p2b: Sandy Shocks|ability: Protosynthesis|[fromitem]\n|-start|p2b: Sandy Shocks|protosynthesisspe\n|turn|1\n|inactive|appokalypstik has 30 seconds left.\n|inactive|BlindMagneton has 30 seconds left.\n|\n|t:|1682955530\n|-terastallize|p2b: Sandy Shocks|Grass\n|move|p1a: Goobrow|Quash|p2b: Sandy Shocks\n|-activate|p2b: Sandy Shocks|move: Quash\n|move|p1b: Great Goob|Headlong Rush|p2b: Sandy Shocks\n|-resisted|p2b: Sandy Shocks\n|-damage|p2b: Sandy Shocks|42\/100\n|-unboost|p1b: Great Goob|def|1\n|-unboost|p1b: Great Goob|spd|1\n|move|p2a: Pelipper|Tailwind|p2a: Pelipper\n|-sidestart|p2: BlindMagneton|move: Tailwind\n|move|p2b: Sandy Shocks|Thunder|p1a: Goobrow\n|-supereffective|p1a: Goobrow\n|-enditem|p1a: Goobrow|Focus Sash\n|-damage|p1a: Goobrow|1\/100\n|\n|-weather|RainDance|[upkeep]\n|upkeep\n|turn|2\n|\n|t:|1682955551\n|-terastallize|p1b: Great Goob|Steel\n|move|p1a: Goobrow|Quash|p2b: Sandy Shocks\n|-activate|p2b: Sandy Shocks|move: Quash\n|move|p2a: Pelipper|Hydro Pump|p1b: Great Goob\n|-damage|p1b: Great Goob|0 fnt\n|faint|p1b: Great Goob\n|-end|p1b: Great Goob|Protosynthesis|[silent]\n|move|p2b: Sandy Shocks|Gravity|p2b: Sandy Shocks\n|-fieldstart|move: Gravity\n|\n|-weather|RainDance|[upkeep]\n|upkeep\n|\n|t:|1682955561\n|switch|p1b: Chi-Yu|Chi-Yu, L50|100\/100\n|-ability|p1b: Chi-Yu|Beads of Ruin\n|turn|3\n|inactive|BlindMagneton has 30 seconds left.\n|\n|t:|1682955592\n|move|p1a: Goobrow|Quash|p2a: Pelipper\n|-activate|p2a: Pelipper|move: Quash\n|move|p2b: Sandy Shocks|Earth Power|p1b: Chi-Yu\n|-supereffective|p1b: Chi-Yu\n|-damage|p1b: Chi-Yu|51\/100\n|-unboost|p1b: Chi-Yu|spd|1\n|move|p1b: Chi-Yu|Snarl|p2b: Sandy Shocks|[spread] p2a,p2b\n|-damage|p2a: Pelipper|56\/100\n|-damage|p2b: Sandy Shocks|12\/100\n|-unboost|p2a: Pelipper|spa|1\n|-unboost|p2b: Sandy Shocks|spa|1\n|move|p2a: Pelipper|Hurricane|p1a: Goobrow\n|-damage|p1a: Goobrow|0 fnt\n|faint|p1a: Goobrow\n|\n|-weather|RainDance|[upkeep]\n|upkeep\n|\n|t:|1682955603\n|switch|p1a: Rotom-Goob|Rotom-Wash, L50|100\/100\n|turn|4\n|inactive|BlindMagneton has 30 seconds left.\n|inactive|BlindMagneton has 20 seconds left.\n|inactive|BlindMagneton has 15 seconds left.\n|inactive|BlindMagneton has 10 seconds left.\n|inactive|BlindMagneton has 5 seconds left.\n|\n|t:|1682955654\n|move|p2a: Pelipper|Wide Guard|p2a: Pelipper\n|-singleturn|p2a: Pelipper|Wide Guard\n|move|p2b: Sandy Shocks|Earth Power|p1b: Chi-Yu\n|-supereffective|p1b: Chi-Yu\n|-damage|p1b: Chi-Yu|0 fnt\n|faint|p1b: Chi-Yu\n|move|p1a: Rotom-Goob|Discharge|p2a: Pelipper|[spread] \n|-activate|p2a: Pelipper|move: Wide Guard\n|-activate|p2b: Sandy Shocks|move: Wide Guard\n|\n|-weather|RainDance|[upkeep]\n|-sideend|p2: BlindMagneton|move: Tailwind\n|upkeep\n|turn|5\n|-message|appokalypstik forfeited.\n|\n|win|BlindMagneton\n|raw|appokalypstik's rating: 1334 → 1310<\/strong> (-24 for losing)\n|raw|BlindMagneton's rating: 1266 → 1296<\/strong> (+30 for winning)\n|l|\u2606appokalypstik\n","uploadtime":1682955668,"views":21,"p1id":"appokalypstik","p2id":"blindmagneton","formatid":"gen9vgc2023regulationc","rating":1296,"private":0,"password":""}