{"id":"gen9vgc2023regulationc-1860895710","p1":"nttung762000","p2":"GymLeader Avery","format":"[Gen 9] VGC 2023 Regulation C","log":"|j|\u2606nttung762000\n|j|\u2606GymLeader Avery\n|t:|1683691975\n|gametype|doubles\n|player|p1|nttung762000|dawn|1031\n|player|p2|GymLeader Avery|rocketexecutive-gen2|1112\n|teamsize|p1|6\n|teamsize|p2|6\n|gen|9\n|tier|[Gen 9] VGC 2023 Regulation C\n|rated|\n|rule|Species Clause: Limit one of each Pok\u00e9mon\n|rule|Item Clause: Limit one of each item\n|clearpoke\n|poke|p1|Dondozo, L50, M|\n|poke|p1|Tatsugiri, L50, F|\n|poke|p1|Chi-Yu, L50|\n|poke|p1|Iron Bundle, L50|\n|poke|p1|Flutter Mane, L50|\n|poke|p1|Glimmora, L50, M|\n|poke|p2|Dudunsparce-*, L50, M|\n|poke|p2|Oranguru, L50, M|\n|poke|p2|Amoonguss, L50, F|\n|poke|p2|Iron Hands, L50|\n|poke|p2|Annihilape, L50, M|\n|poke|p2|Dragalge, L50, M|\n|teampreview|4\n|inactive|Battle timer is ON: inactive players will automatically lose when time's up. (requested by nttung762000)\n|inactive|nttung762000 has 60 seconds left.\n|inactive|GymLeader Avery has 60 seconds left.\n|inactive|GymLeader Avery has 30 seconds left.\nnttung762000 has agreed to open team sheets.\n|inactive|GymLeader Avery has 20 seconds left.\n|\n|t:|1683692045\n|start\n|switch|p1a: Glimmora|Glimmora, L50, M, shiny|100\/100\n|switch|p1b: Flutter Mane|Flutter Mane, L50, shiny|100\/100\n|switch|p2a: Iron Hands|Iron Hands, L50|100\/100\n|switch|p2b: Oranguru|Oranguru, L50, M|100\/100\n|turn|1\n|inactive|nttung762000 has 30 seconds left.\n|\n|t:|1683692075\n|-terastallize|p2a: Iron Hands|Steel\n|move|p2a: Iron Hands|Fake Out|p1a: Glimmora\n|-resisted|p1a: Glimmora\n|-damage|p1a: Glimmora|94\/100\n|-activate|p1a: Glimmora|ability: Toxic Debris\n|-sidestart|p2: GymLeader Avery|move: Toxic Spikes\n|move|p1b: Flutter Mane|Moonblast|p2a: Iron Hands\n|-resisted|p2a: Iron Hands\n|-damage|p2a: Iron Hands|73\/100\n|cant|p1a: Glimmora|flinch\n|move|p2b: Oranguru|Trick Room|p2b: Oranguru\n|-fieldstart|move: Trick Room|[of] p2b: Oranguru\n|\n|upkeep\n|turn|2\n|\n|t:|1683692100\n|-end|p1b: Flutter Mane|Protosynthesis|[silent]\n|switch|p1b: Dondozo|Dondozo, L50, M|100\/100\n|move|p2b: Oranguru|Psychic|p1a: Glimmora\n|-supereffective|p1a: Glimmora\n|-damage|p1a: Glimmora|55\/100\n|move|p2a: Iron Hands|Rock Slide|p1b: Dondozo|[spread] p1a,p1b\n|-damage|p1a: Glimmora|40\/100\n|-damage|p1b: Dondozo|85\/100\n|-activate|p1a: Glimmora|ability: Toxic Debris\n|-sidestart|p2: GymLeader Avery|move: Toxic Spikes\n|cant|p1a: Glimmora|flinch\n|\n|-heal|p1b: Dondozo|92\/100|[from] item: Leftovers\n|upkeep\n|turn|3\n|\n|t:|1683692120\n|-end|p2a: Iron Hands|Quark Drive|[silent]\n|switch|p2a: Amoonguss|Amoonguss, L50, F|100\/100\n|-sideend|p2: GymLeader Avery|move: Toxic Spikes|[of] p2a: Amoonguss\n|switch|p1a: Tatsugiri|Tatsugiri, L50, F|100\/100\n|-activate|p1a: Tatsugiri|ability: Commander|[of] p1b: Dondozo\n|-boost|p1b: Dondozo|atk|2\n|-boost|p1b: Dondozo|spa|2\n|-boost|p1b: Dondozo|spe|2\n|-boost|p1b: Dondozo|def|2\n|-boost|p1b: Dondozo|spd|2\n|move|p2b: Oranguru|Psychic|p1a: Tatsugiri|[miss]\n|-miss|p2b: Oranguru|p1a: Tatsugiri\n|move|p1b: Dondozo|Earthquake|p2b: Oranguru|[spread] p2a,p2b\n|-miss|p1b: Dondozo|p1a: Tatsugiri\n|-damage|p2a: Amoonguss|60\/100\n|-damage|p2b: Oranguru|69\/100\n|\n|-heal|p1b: Dondozo|98\/100|[from] item: Leftovers\n|upkeep\n|turn|4\n|\n|t:|1683692140\n|move|p2a: Amoonguss|Clear Smog|p1b: Dondozo\n|-damage|p1b: Dondozo|91\/100\n|-clearboost|p1b: Dondozo\n|move|p2b: Oranguru|Psychic|p1b: Dondozo\n|-damage|p1b: Dondozo|66\/100\n|move|p1b: Dondozo|Wave Crash|p2b: Oranguru\n|-damage|p2b: Oranguru|25\/100\n|-damage|p1b: Dondozo|53\/100|[from] Recoil\n|\n|-heal|p1b: Dondozo|59\/100|[from] item: Leftovers\n|upkeep\n|turn|5\n|\n|t:|1683692155\n|move|p2a: Amoonguss|Energy Ball|p1b: Dondozo\n|-supereffective|p1b: Dondozo\n|-damage|p1b: Dondozo|12\/100\n|move|p2b: Oranguru|Instruct|p2a: Amoonguss\n|-singleturn|p2a: Amoonguss|move: Instruct|[of] p2b: Oranguru\n|move|p2a: Amoonguss|Energy Ball|p1b: Dondozo\n|-supereffective|p1b: Dondozo\n|-damage|p1b: Dondozo|0 fnt\n|faint|p1b: Dondozo\n|\n|-fieldend|move: Trick Room\n|upkeep\n|\n|t:|1683692173\n|switch|p1b: Glimmora|Glimmora, L50, M, shiny|40\/100\n|turn|6\n|\n|t:|1683692192\n|move|p2a: Amoonguss|Rage Powder|p2a: Amoonguss\n|-singleturn|p2a: Amoonguss|move: Rage Powder\n|move|p1a: Tatsugiri|Icy Wind|p2a: Amoonguss|[spread] p2a,p2b\n|-supereffective|p2a: Amoonguss\n|-damage|p2a: Amoonguss|38\/100\n|-damage|p2b: Oranguru|14\/100\n|-unboost|p2b: Oranguru|spe|1\n|move|p1b: Glimmora|Mortal Spin|p2a: Amoonguss|[spread] p2a,p2b\n|-damage|p2a: Amoonguss|35\/100\n|-damage|p2b: Oranguru|11\/100\n|-status|p2b: Oranguru|psn\n|move|p2b: Oranguru|Trick Room|p2b: Oranguru\n|-fieldstart|move: Trick Room|[of] p2b: Oranguru\n|\n|-damage|p2b: Oranguru|0 fnt|[from] psn\n|faint|p2b: Oranguru\n|upkeep\n|\n|t:|1683692215\n|switch|p2b: Dudunsparce|Dudunsparce, L50, M|100\/100\n|turn|7\n|\n|t:|1683692230\n|move|p2a: Amoonguss|Spore|p1a: Tatsugiri\n|-status|p1a: Tatsugiri|slp|[from] move: Spore\n|move|p2b: Dudunsparce|Earth Power|p1b: Glimmora\n|-supereffective|p1b: Glimmora\n|-damage|p1b: Glimmora|0 fnt\n|faint|p1b: Glimmora\n|cant|p1a: Tatsugiri|slp\n|\n|upkeep\n|\n|t:|1683692238\n|switch|p1b: Flutter Mane|Flutter Mane, L50, shiny|100\/100\n|turn|8\n|\n|t:|1683692251\n|move|p2a: Amoonguss|Spore|p1b: Flutter Mane\n|-status|p1b: Flutter Mane|slp|[from] move: Spore\n|move|p2b: Dudunsparce|Boomburst|p1b: Flutter Mane|[spread] p2a,p1a\n|-immune|p1b: Flutter Mane\n|-damage|p2a: Amoonguss|2\/100\n|-damage|p1a: Tatsugiri|43\/100 slp\n|cant|p1b: Flutter Mane|slp\n|cant|p1a: Tatsugiri|slp\n|\n|upkeep\n|turn|9\n|\n|t:|1683692266\n|move|p2a: Amoonguss|Energy Ball|p1b: Flutter Mane\n|-damage|p1b: Flutter Mane|75\/100 slp\n|move|p2b: Dudunsparce|Boomburst|p1a: Tatsugiri|[spread] p2a,p1a\n|-immune|p1b: Flutter Mane\n|-damage|p2a: Amoonguss|0 fnt\n|-damage|p1a: Tatsugiri|0 fnt\n|faint|p2a: Amoonguss\n|faint|p1a: Tatsugiri\n|cant|p1b: Flutter Mane|slp\n|\n|upkeep\n|\n|t:|1683692269\n|switch|p2a: Iron Hands|Iron Hands, L50, tera:Steel|73\/100\n|turn|10\n|\n|t:|1683692282\n|move|p2b: Dudunsparce|Earth Power|p1b: Flutter Mane\n|-damage|p1b: Flutter Mane|48\/100 slp\n|move|p2a: Iron Hands|Rock Slide|p1b: Flutter Mane\n|-crit|p1b: Flutter Mane\n|-damage|p1b: Flutter Mane|0 fnt\n|faint|p1b: Flutter Mane\n|-end|p1b: Flutter Mane|Protosynthesis|[silent]\n|\n|win|GymLeader Avery\n|raw|nttung762000's rating: 1031 → 1020<\/strong> (-11 for losing)\n|raw|GymLeader Avery's rating: 1112 → 1131<\/strong> (+19 for winning)\n|c|\u2606nttung762000|gg\n|l|\u2606nttung762000\n|c|\u2606GymLeader Avery|gg\n","uploadtime":1683692290,"views":18,"p1id":"nttung762000","p2id":"gymleaderavery","formatid":"gen9vgc2023regulationc","rating":1020,"private":0,"password":""}