{"id":"gen9vgc2023regulationc-1856751605","p1":"Smolbren","p2":"CORE!lysta","format":"[Gen 9] VGC 2023 Regulation C","log":"|j|\u2606Smolbren\n|j|\u2606CORE!lysta\n|t:|1683105709\n|gametype|doubles\n|player|p1|Smolbren|aromalady|1165\n|player|p2|CORE!lysta|dawn|1224\n|teamsize|p1|6\n|teamsize|p2|6\n|gen|9\n|tier|[Gen 9] VGC 2023 Regulation C\n|rated|\n|rule|Species Clause: Limit one of each Pok\u00e9mon\n|rule|Item Clause: Limit one of each item\n|clearpoke\n|poke|p1|Talonflame, L50, F|\n|poke|p1|Quaquaval, L50, M|\n|poke|p1|Garchomp, L50, M|\n|poke|p1|Kingambit, L50, M|\n|poke|p1|Rotom-Wash, L50|\n|poke|p1|Palafin, L50, F|\n|poke|p2|Wo-Chien, L50|\n|poke|p2|Chi-Yu, L50|\n|poke|p2|Arcanine, L50, M|\n|poke|p2|Gothitelle, L50, F|\n|poke|p2|Flutter Mane, L50|\n|poke|p2|Scizor, L50, M|\n|teampreview|4\n|inactive|Battle timer is ON: inactive players will automatically lose when time's up. (requested by CORE!lysta)\n|\n|t:|1683105760\n|start\n|switch|p1a: Talonflame|Talonflame, L50, F|100\/100\n|switch|p1b: Quaquaval|Quaquaval, L50, M|100\/100\n|switch|p2a: Flutter Mane|Flutter Mane, L50|100\/100\n|switch|p2b: Gothitelle|Gothitelle, L50, F|100\/100\n|turn|1\n|\n|t:|1683105783\n|move|p1a: Talonflame|Protect|p1a: Talonflame\n|-singleturn|p1a: Talonflame|Protect\n|move|p1b: Quaquaval|Detect|p1b: Quaquaval\n|-singleturn|p1b: Quaquaval|Protect\n|move|p2b: Gothitelle|Fake Out|p1b: Quaquaval\n|-activate|p1b: Quaquaval|move: Protect\n|move|p2a: Flutter Mane|Perish Song|p2a: Flutter Mane\n|-start|p1a: Talonflame|perish3|[silent]\n|-start|p1b: Quaquaval|perish3|[silent]\n|-start|p2a: Flutter Mane|perish3|[silent]\n|-start|p2b: Gothitelle|perish3|[silent]\n|-fieldactivate|move: Perish Song\n|\n|-start|p2a: Flutter Mane|perish3\n|-start|p1a: Talonflame|perish3\n|-start|p1b: Quaquaval|perish3\n|-start|p2b: Gothitelle|perish3\n|upkeep\n|turn|2\n|\n|t:|1683105807\n|-end|p2a: Flutter Mane|Protosynthesis|[silent]\n|switch|p2a: Wo-Chien|Wo-Chien, L50|100\/100\n|-ability|p2a: Wo-Chien|Tablets of Ruin\n|move|p1a: Talonflame|Will-O-Wisp|p2a: Wo-Chien\n|-status|p2a: Wo-Chien|brn\n|move|p1b: Quaquaval|Aqua Step|p2a: Wo-Chien\n|-resisted|p2a: Wo-Chien\n|-damage|p2a: Wo-Chien|84\/100 brn\n|-boost|p1b: Quaquaval|spe|1\n|move|p2b: Gothitelle|Heal Pulse|p2a: Wo-Chien\n|-heal|p2a: Wo-Chien|100\/100 brn\n|\n|-damage|p2a: Wo-Chien|94\/100 brn|[from] brn\n|-start|p1a: Talonflame|perish2\n|-start|p1b: Quaquaval|perish2\n|-start|p2b: Gothitelle|perish2\n|upkeep\n|turn|3\n|inactive|CORE!lysta has 30 seconds left.\n|\n|t:|1683105841\n|-terastallize|p1b: Quaquaval|Flying\n|move|p2b: Gothitelle|Protect|p2b: Gothitelle\n|-singleturn|p2b: Gothitelle|Protect\n|move|p2a: Wo-Chien|Protect|p2a: Wo-Chien\n|-singleturn|p2a: Wo-Chien|Protect\n|move|p1a: Talonflame|Flare Blitz|p2a: Wo-Chien\n|-activate|p2a: Wo-Chien|move: Protect\n|move|p1b: Quaquaval|Brave Bird|p2a: Wo-Chien\n|-activate|p2a: Wo-Chien|move: Protect\n|\n|-heal|p2a: Wo-Chien|100\/100 brn|[from] item: Leftovers\n|-damage|p2a: Wo-Chien|94\/100 brn|[from] brn\n|-start|p1a: Talonflame|perish1\n|-start|p1b: Quaquaval|perish1\n|-start|p2b: Gothitelle|perish1\n|upkeep\n|turn|4\n|\n|t:|1683105861\n|switch|p2b: Flutter Mane|Flutter Mane, L50|100\/100\n|switch|p2a: Arcanine|Arcanine, L50, M|100\/100\n|-ability|p2a: Arcanine|Intimidate|boost\n|-unboost|p1a: Talonflame|atk|1\n|-unboost|p1b: Quaquaval|atk|1\n|move|p1a: Talonflame|Flare Blitz|p2a: Arcanine\n|-resisted|p2a: Arcanine\n|-damage|p2a: Arcanine|83\/100\n|-damage|p1a: Talonflame|93\/100|[from] Recoil\n|move|p1b: Quaquaval|Brave Bird|p2a: Arcanine\n|-damage|p2a: Arcanine|33\/100\n|-damage|p1b: Quaquaval|84\/100|[from] Recoil\n|\n|-start|p1a: Talonflame|perish0\n|-start|p1b: Quaquaval|perish0\n|upkeep\n|faint|p1a: Talonflame\n|faint|p1b: Quaquaval\n|\n|t:|1683105876\n|switch|p1a: Kingambit|Kingambit, L50, M|100\/100\n|switch|p1b: Garchomp|Garchomp, L50, M|100\/100\n|turn|5\n|\n|t:|1683105900\n|move|p2a: Arcanine|Protect|p2a: Arcanine\n|-singleturn|p2a: Arcanine|Protect\n|move|p2b: Flutter Mane|Perish Song|p2b: Flutter Mane\n|-start|p1a: Kingambit|perish3|[silent]\n|-start|p1b: Garchomp|perish3|[silent]\n|-start|p2a: Arcanine|perish3|[silent]\n|-start|p2b: Flutter Mane|perish3|[silent]\n|-fieldactivate|move: Perish Song\n|move|p1b: Garchomp|Rock Slide|p2a: Arcanine|[spread] p2b\n|-activate|p2a: Arcanine|move: Protect\n|-damage|p2b: Flutter Mane|37\/100\n|-damage|p1b: Garchomp|91\/100|[from] item: Life Orb\n|move|p1a: Kingambit|Swords Dance|p1a: Kingambit\n|-boost|p1a: Kingambit|atk|2\n|\n|-start|p2b: Flutter Mane|perish3\n|-start|p1b: Garchomp|perish3\n|-start|p2a: Arcanine|perish3\n|-start|p1a: Kingambit|perish3\n|upkeep\n|turn|6\n|inactive|CORE!lysta has 30 seconds left.\n|\n|t:|1683105927\n|-terastallize|p2b: Flutter Mane|Fairy\n|move|p1a: Kingambit|Sucker Punch||[still]\n|-fail|p1a: Kingambit\n|move|p2b: Flutter Mane|Moonblast|p1b: Garchomp\n|-supereffective|p1b: Garchomp\n|-damage|p1b: Garchomp|0 fnt\n|faint|p1b: Garchomp\n|move|p2a: Arcanine|Will-O-Wisp|p1a: Kingambit\n|-status|p1a: Kingambit|brn\n|\n|-damage|p1a: Kingambit|95\/100 brn|[from] brn\n|-start|p2b: Flutter Mane|perish2\n|-start|p2a: Arcanine|perish2\n|-start|p1a: Kingambit|perish2\n|upkeep\n|turn|7\n|-message|Smolbren forfeited.\n|\n|win|CORE!lysta\n|raw|Smolbren's rating: 1165 → 1144<\/strong> (-21 for losing)\n|raw|CORE!lysta's rating: 1224 → 1245<\/strong> (+21 for winning)\n|l|\u2606Smolbren\n","uploadtime":1683105945,"views":15,"p1id":"smolbren","p2id":"corelysta","formatid":"gen9vgc2023regulationc","rating":1144,"private":0,"password":""}