{"id":"gen9vgc2023regulationc-1858798675","p1":"ImActuallyAzz","p2":"XJ09","format":"[Gen 9] VGC 2023 Regulation C","log":"|j|\u203dImActuallyAzz\n|j|\u2606XJ09\n|t:|1683363430\n|gametype|doubles\n|player|p1|ImActuallyAzz|2|1279\n|player|p2|XJ09|cynthia|1309\n|teamsize|p1|6\n|teamsize|p2|6\n|gen|9\n|tier|[Gen 9] VGC 2023 Regulation C\n|rated|\n|rule|Species Clause: Limit one of each Pok\u00e9mon\n|rule|Item Clause: Limit one of each item\n|clearpoke\n|poke|p1|Tauros-Paldea-Aqua, L50, M|\n|poke|p1|Amoonguss, L50, M|\n|poke|p1|Ceruledge, L50, F|\n|poke|p1|Chien-Pao, L50|\n|poke|p1|Gholdengo, L50|\n|poke|p1|Baxcalibur, L50, M|\n|poke|p2|Roaring Moon, L50|\n|poke|p2|Garganacl, L50, M|\n|poke|p2|Ting-Lu, L50|\n|poke|p2|Gyarados, L50, M|\n|poke|p2|Annihilape, L50, F|\n|poke|p2|Grimmsnarl, L50, M|\n|teampreview|4\n|inactive|Battle timer is ON: inactive players will automatically lose when time's up. (requested by XJ09)\n|\n|t:|1683363481\n|start\n|switch|p1a: Gholdengo|Gholdengo, L50|100\/100\n|switch|p1b: Amoonguss|Amoonguss, L50, M|100\/100\n|switch|p2a: Grimmsnarl|Grimmsnarl, L50, M|100\/100\n|switch|p2b: Ting-Lu|Ting-Lu, L50|100\/100\n|-ability|p2b: Ting-Lu|Vessel of Ruin\n|turn|1\n|\n|t:|1683363502\n|-terastallize|p2b: Ting-Lu|Grass\n|move|p1a: Gholdengo|Protect|p1a: Gholdengo\n|-singleturn|p1a: Gholdengo|Protect\n|move|p2a: Grimmsnarl|Trick|p1a: Gholdengo\n|-activate|p1a: Gholdengo|move: Protect\n|move|p2b: Ting-Lu|Fissure|p1b: Amoonguss|[miss]\n|-miss|p2b: Ting-Lu|p1b: Amoonguss\n|move|p1b: Amoonguss|Spore|p2b: Ting-Lu\n|-immune|p2b: Ting-Lu\n|\n|upkeep\n|turn|2\n|inactive|ImActuallyAzz has 30 seconds left.\n|\n|t:|1683363533\n|switch|p1a: Tauros|Tauros-Paldea-Aqua, L50, M|100\/100\n|-ability|p1a: Tauros|Intimidate|boost\n|-unboost|p2a: Grimmsnarl|atk|1\n|-unboost|p2b: Ting-Lu|atk|1\n|move|p2a: Grimmsnarl|Parting Shot|p1a: Tauros\n|-unboost|p1a: Tauros|atk|1\n|-unboost|p1a: Tauros|spa|1\n|\n|t:|1683363543\n|switch|p2a: Gyarados|Gyarados, L50, M|100\/100|[from] Parting Shot\n|-ability|p2a: Gyarados|Intimidate|boost\n|-unboost|p1a: Tauros|atk|1\n|-unboost|p1b: Amoonguss|atk|1\n|move|p2b: Ting-Lu|Stomping Tantrum|p1a: Tauros\n|-damage|p1a: Tauros|51\/100\n|move|p1b: Amoonguss|Spore|p2a: Gyarados\n|-status|p2a: Gyarados|slp|[from] move: Spore\n|\n|upkeep\n|turn|3\n|inactive|ImActuallyAzz has 30 seconds left.\n|inactive|ImActuallyAzz has 20 seconds left.\n|\n|t:|1683363581\n|switch|p1a: Baxcalibur|Baxcalibur, L50, M|100\/100\n|cant|p2a: Gyarados|slp\n|move|p2b: Ting-Lu|Fissure|p1b: Amoonguss\n|-damage|p1b: Amoonguss|0 fnt\n|faint|p1b: Amoonguss\n|-ohko\n|\n|upkeep\n|\n|t:|1683363592\n|switch|p1b: Gholdengo|Gholdengo, L50|100\/100\n|turn|4\n|\n|t:|1683363615\n|switch|p2a: Grimmsnarl|Grimmsnarl, L50, M|100\/100\n|move|p1a: Baxcalibur|Icicle Crash|p2b: Ting-Lu\n|-supereffective|p2b: Ting-Lu\n|-damage|p2b: Ting-Lu|53\/100\n|move|p1b: Gholdengo|Nasty Plot|p1b: Gholdengo\n|-boost|p1b: Gholdengo|spa|2\n|move|p2b: Ting-Lu|Fissure|p1a: Baxcalibur|[miss]\n|-miss|p2b: Ting-Lu|p1a: Baxcalibur\n|\n|upkeep\n|turn|5\n|\n|t:|1683363634\n|move|p2a: Grimmsnarl|Trick|p1b: Gholdengo\n|-immune|p1b: Gholdengo|[from] ability: Good as Gold\n|move|p1a: Baxcalibur|Icicle Crash|p2b: Ting-Lu|[miss]\n|-miss|p1a: Baxcalibur|p2b: Ting-Lu\n|move|p1b: Gholdengo|Make It Rain|p2b: Ting-Lu|[spread] p2a,p2b\n|-supereffective|p2a: Grimmsnarl\n|-damage|p2a: Grimmsnarl|0 fnt\n|-damage|p2b: Ting-Lu|13\/100\n|-unboost|p1b: Gholdengo|spa|1\n|faint|p2a: Grimmsnarl\n|move|p2b: Ting-Lu|Stomping Tantrum|p1b: Gholdengo\n|-supereffective|p1b: Gholdengo\n|-damage|p1b: Gholdengo|17\/100\n|\n|-heal|p1b: Gholdengo|23\/100|[from] item: Leftovers\n|upkeep\n|\n|t:|1683363654\n|switch|p2a: Annihilape|Annihilape, L50, F|100\/100\n|turn|6\n|\n|t:|1683363687\n|-terastallize|p1a: Baxcalibur|Poison\n|move|p1a: Baxcalibur|Glaive Rush|p2a: Annihilape\n|-damage|p2a: Annihilape|32\/100\n|-singlemove|p1a: Baxcalibur|Glaive Rush|[silent]\n|-enditem|p2a: Annihilape|Sitrus Berry|[eat]\n|-heal|p2a: Annihilape|57\/100|[from] item: Sitrus Berry\n|move|p2a: Annihilape|Rage Fist|p1b: Gholdengo\n|-supereffective|p1b: Gholdengo\n|-damage|p1b: Gholdengo|0 fnt\n|faint|p1b: Gholdengo\n|move|p2b: Ting-Lu|Stomping Tantrum|p1a: Baxcalibur\n|-supereffective|p1a: Baxcalibur\n|-damage|p1a: Baxcalibur|21\/100\n|\n|upkeep\n|\n|t:|1683363691\n|switch|p1b: Tauros|Tauros-Paldea-Aqua, L50, M|51\/100\n|-ability|p1b: Tauros|Intimidate|boost\n|-unboost|p2a: Annihilape|atk|1\n|-ability|p2a: Annihilape|Defiant|boost\n|-boost|p2a: Annihilape|atk|2\n|-unboost|p2b: Ting-Lu|atk|1\n|turn|7\n|\n|t:|1683363709\n|switch|p2b: Gyarados|Gyarados, L50, M|100\/100 slp\n|-ability|p2b: Gyarados|Intimidate|boost\n|-unboost|p1a: Baxcalibur|atk|1\n|-unboost|p1b: Tauros|atk|1\n|move|p2a: Annihilape|Protect|p2a: Annihilape\n|-singleturn|p2a: Annihilape|Protect\n|move|p1a: Baxcalibur|Ice Shard|p2b: Gyarados\n|-damage|p2b: Gyarados|81\/100 slp\n|move|p1b: Tauros|Wave Crash|p2a: Annihilape\n|-activate|p2a: Annihilape|move: Protect\n|\n|upkeep\n|turn|8\n|inactive|ImActuallyAzz has 30 seconds left.\n|\n|t:|1683363742\n|switch|p2b: Ting-Lu|Ting-Lu, L50, tera:Grass|13\/100\n|-ability|p2b: Ting-Lu|Vessel of Ruin\n|move|p1b: Tauros|Wave Crash|p2a: Annihilape\n|-damage|p2a: Annihilape|23\/100\n|-damage|p1b: Tauros|35\/100|[from] Recoil\n|move|p1a: Baxcalibur|Glaive Rush|p2a: Annihilape\n|-damage|p2a: Annihilape|0 fnt\n|-singlemove|p1a: Baxcalibur|Glaive Rush|[silent]\n|faint|p2a: Annihilape\n|\n|upkeep\n|\n|t:|1683363755\n|switch|p2a: Gyarados|Gyarados, L50, M|81\/100 slp\n|-ability|p2a: Gyarados|Intimidate|boost\n|-unboost|p1a: Baxcalibur|atk|1\n|-unboost|p1b: Tauros|atk|1\n|turn|9\n|\n|t:|1683363777\n|-curestatus|p2a: Gyarados|slp|[msg]\n|move|p2a: Gyarados|Waterfall|p1a: Baxcalibur\n|-damage|p1a: Baxcalibur|0 fnt\n|faint|p1a: Baxcalibur\n|move|p1b: Tauros|Close Combat|p2b: Ting-Lu\n|-damage|p2b: Ting-Lu|0 fnt\n|-unboost|p1b: Tauros|def|1\n|-unboost|p1b: Tauros|spd|1\n|faint|p2b: Ting-Lu\n|\n|upkeep\n|turn|10\n|-message|ImActuallyAzz forfeited.\n|\n|win|XJ09\n|raw|ImActuallyAzz's rating: 1279 → 1256<\/strong> (-23 for losing)\n|raw|XJ09's rating: 1309 → 1327<\/strong> (+18 for winning)\n|l|\u203dImActuallyAzz\n","uploadtime":1683363808,"views":13,"p1id":"imactuallyazz","p2id":"xj09","formatid":"gen9vgc2023regulationc","rating":1256,"private":0,"password":""}