{"id":"gen9vgc2023regulationc-1852368299","p1":"Thoth567","p2":"anshar_training","format":"[Gen 9] VGC 2023 Regulation C","log":"|j|\u2606Thoth567\n|j|\u2606anshar_training\n|t:|1682549048\n|gametype|doubles\n|player|p1|Thoth567|drake-gen3|1131\n|player|p2|anshar_training|colress|1007\n|teamsize|p1|6\n|teamsize|p2|6\n|gen|9\n|tier|[Gen 9] VGC 2023 Regulation C\n|rated|\n|rule|Species Clause: Limit one of each Pok\u00e9mon\n|rule|Item Clause: Limit one of each item\n|clearpoke\n|poke|p1|Lucario, L50, F|\n|poke|p1|Vaporeon, L50, M|\n|poke|p1|Raichu, L50, F|\n|poke|p1|Maushold, L50|\n|poke|p1|Pelipper, L50, M|\n|poke|p1|Baxcalibur, L50, F|\n|poke|p2|Palafin, L50, F|\n|poke|p2|Flutter Mane, L50|\n|poke|p2|Arcanine, L50, F|\n|poke|p2|Amoonguss, L50, M|\n|poke|p2|Ting-Lu, L50|\n|poke|p2|Roaring Moon, L50|\n|teampreview|4\n|inactive|Battle timer is ON: inactive players will automatically lose when time's up. (requested by Thoth567)\nThoth567 rejected open team sheets.\n|\n|t:|1682549096\n|start\n|switch|p1a: Raichu|Raichu, L50, F|100\/100\n|switch|p1b: Pelipper|Pelipper, L50, M|100\/100\n|switch|p2a: Cornelia|Flutter Mane, L50|100\/100\n|switch|p2b: Good Soup|Ting-Lu, L50|100\/100\n|-weather|RainDance|[from] ability: Drizzle|[of] p1b: Pelipper\n|-ability|p2b: Good Soup|Vessel of Ruin\n|turn|1\n|inactive|Thoth567 has 30 seconds left.\n|\n|t:|1682549128\n|move|p1b: Pelipper|Wide Guard|p1b: Pelipper\n|-singleturn|p1b: Pelipper|Wide Guard\n|move|p2a: Cornelia|Thunderbolt|p1a: Raichu\n|-activate|p1a: Raichu|ability: Lightning Rod\n|-ability|p1a: Raichu|Lightning Rod|boost\n|-boost|p1a: Raichu|spa|1\n|move|p1a: Raichu|Nuzzle|p2a: Cornelia\n|-damage|p2a: Cornelia|90\/100\n|-status|p2a: Cornelia|par\n|move|p2b: Good Soup|Stomping Tantrum|p1a: Raichu\n|-supereffective|p1a: Raichu\n|-enditem|p1a: Raichu|Focus Sash\n|-damage|p1a: Raichu|1\/100\n|\n|-weather|RainDance|[upkeep]\n|upkeep\n|turn|2\n|inactive|Thoth567 has 30 seconds left.\n|inactive|anshar_training has 30 seconds left.\n|\n|t:|1682549159\n|-end|p2a: Cornelia|Protosynthesis|[silent]\n|switch|p2a: Susy|Amoonguss, L50, M|100\/100\n|-terastallize|p1a: Raichu|Fairy\n|move|p1a: Raichu|Tera Blast|p2b: Good Soup\n|-supereffective|p2b: Good Soup\n|-damage|p2b: Good Soup|63\/100\n|move|p1b: Pelipper|Hydro Pump|p2b: Good Soup|[miss]\n|-miss|p1b: Pelipper|p2b: Good Soup\n|move|p2b: Good Soup|Stomping Tantrum|p1a: Raichu\n|-damage|p1a: Raichu|0 fnt\n|faint|p1a: Raichu\n|\n|-weather|RainDance|[upkeep]\n|upkeep\n|\n|t:|1682549173\n|switch|p1a: Maushold|Maushold, L50|100\/100\n|turn|3\n|\n|t:|1682549182\n|switch|p1b: Lucario|Lucario, L50, F|100\/100\n|switch|p2b: PlusUltra|Palafin, L50, F|100\/100\n|switch|p2a: Cornelia|Flutter Mane, L50|90\/100 par\n|move|p1a: Maushold|Beat Up|p1b: Lucario\n|-resisted|p1b: Lucario\n|-damage|p1b: Lucario|99\/100\n|-ability|p1b: Lucario|Justified|boost\n|-boost|p1b: Lucario|atk|1\n|-resisted|p1b: Lucario\n|-damage|p1b: Lucario|98\/100\n|-ability|p1b: Lucario|Justified|boost\n|-boost|p1b: Lucario|atk|1\n|-resisted|p1b: Lucario\n|-damage|p1b: Lucario|97\/100\n|-ability|p1b: Lucario|Justified|boost\n|-boost|p1b: Lucario|atk|1\n|-hitcount|p1b: Lucario|3\n|\n|-weather|RainDance|[upkeep]\n|upkeep\n|turn|4\n|inactive|Thoth567 has 30 seconds left.\n|\n|t:|1682549209\n|-end|p2a: Cornelia|Protosynthesis|[silent]\n|switch|p2a: Susy|Amoonguss, L50, M|100\/100\n|move|p1a: Maushold|Follow Me|p1a: Maushold\n|-singleturn|p1a: Maushold|move: Follow Me\n|move|p1b: Lucario|Extreme Speed|p2b: PlusUltra\n|-damage|p2b: PlusUltra|24\/100\n|move|p2b: PlusUltra|Haze|p2b: PlusUltra\n|-clearallboost\n|\n|-weather|RainDance|[upkeep]\n|upkeep\n|turn|5\n|\n|t:|1682549232\n|detailschange|p2b: PlusUltra|Palafin-Hero, L50, F\n|switch|p2b: Cornelia|Flutter Mane, L50|90\/100 par\n|move|p1b: Lucario|Extreme Speed|p2b: Cornelia\n|-immune|p2b: Cornelia\n|move|p1a: Maushold|Beat Up|p1b: Lucario\n|-resisted|p1b: Lucario\n|-damage|p1b: Lucario|96\/100\n|-ability|p1b: Lucario|Justified|boost\n|-boost|p1b: Lucario|atk|1\n|-resisted|p1b: Lucario\n|-damage|p1b: Lucario|95\/100\n|-ability|p1b: Lucario|Justified|boost\n|-boost|p1b: Lucario|atk|1\n|-resisted|p1b: Lucario\n|-damage|p1b: Lucario|94\/100\n|-ability|p1b: Lucario|Justified|boost\n|-boost|p1b: Lucario|atk|1\n|-hitcount|p1b: Lucario|3\n|move|p2a: Susy|Spore|p1b: Lucario\n|-status|p1b: Lucario|slp|[from] move: Spore\n|-enditem|p1b: Lucario|Lum Berry|[eat]\n|-curestatus|p1b: Lucario|slp|[msg]\n|\n|-weather|none\n|upkeep\n|turn|6\n|inactive|anshar_training has 30 seconds left.\n|\n|t:|1682549261\n|move|p1a: Maushold|Follow Me|p1a: Maushold\n|-singleturn|p1a: Maushold|move: Follow Me\n|move|p1b: Lucario|Bullet Punch|p2b: Cornelia\n|-supereffective|p2b: Cornelia\n|-damage|p2b: Cornelia|0 fnt\n|faint|p2b: Cornelia\n|-end|p2b: Cornelia|Protosynthesis|[silent]\n|move|p2a: Susy|Spore|p1a: Maushold\n|-status|p1a: Maushold|slp|[from] move: Spore\n|\n|upkeep\n|\n|t:|1682549270\n|switch|p2b: Good Soup|Ting-Lu, L50|63\/100\n|-ability|p2b: Good Soup|Vessel of Ruin\n|turn|7\n|\n|t:|1682549287\n|switch|p1a: Pelipper|Pelipper, L50, M|100\/100\n|-weather|RainDance|[from] ability: Drizzle|[of] p1a: Pelipper\n|-terastallize|p2b: Good Soup|Poison\n|move|p1b: Lucario|Drain Punch|p2b: Good Soup\n|-resisted|p2b: Good Soup\n|-damage|p2b: Good Soup|36\/100\n|-heal|p1b: Lucario|100\/100|[from] drain|[of] p2b: Good Soup\n|move|p2b: Good Soup|Ruination|p1b: Lucario\n|-damage|p1b: Lucario|51\/100\n|-ability|p1b: Lucario|Justified|boost\n|-boost|p1b: Lucario|atk|1\n|move|p2a: Susy|Spore|p1b: Lucario\n|-status|p1b: Lucario|slp|[from] move: Spore\n|\n|-weather|RainDance|[upkeep]\n|upkeep\n|turn|8\n|inactive|Thoth567 has 30 seconds left.\n|inactive|anshar_training has 30 seconds left.\n|\n|t:|1682549317\n|switch|p1b: Maushold|Maushold, L50|100\/100 slp\n|move|p1a: Pelipper|Hurricane|p2a: Susy\n|-supereffective|p2a: Susy\n|-damage|p2a: Susy|53\/100\n|move|p2b: Good Soup|Heavy Slam|p1b: Maushold\n|-crit|p1b: Maushold\n|-damage|p1b: Maushold|55\/100 slp\n|-enditem|p1b: Maushold|Red Card|[of] p2b: Good Soup\n|drag|p2b: PlusUltra|Palafin-Hero, L50, F|24\/100\n|-activate|p2b: PlusUltra|ability: Zero to Hero\n|move|p2a: Susy|Pollen Puff|p2b: PlusUltra\n|-heal|p2b: PlusUltra|74\/100\n|\n|-weather|RainDance|[upkeep]\n|upkeep\n|turn|9\n|inactive|anshar_training has 30 seconds left.\n|\n|t:|1682549346\n|cant|p1b: Maushold|slp\n|move|p2b: PlusUltra|Wave Crash|p1b: Maushold\n|-damage|p1b: Maushold|0 fnt\n|faint|p1b: Maushold\n|-damage|p2b: PlusUltra|58\/100|[from] Recoil\n|move|p1a: Pelipper|Hurricane|p2b: PlusUltra\n|-damage|p2b: PlusUltra|18\/100\n|move|p2a: Susy|Spore|p1a: Pelipper\n|-activate|p1a: Pelipper|item: Safety Goggles|Spore\n|\n|-weather|RainDance|[upkeep]\n|upkeep\n|\n|t:|1682549349\n|switch|p1b: Lucario|Lucario, L50, F|51\/100 slp\n|turn|10\n|\n|t:|1682549368\n|cant|p1b: Lucario|slp\n|move|p2b: PlusUltra|Jet Punch|p1b: Lucario\n|-damage|p1b: Lucario|0 fnt\n|faint|p1b: Lucario\n|move|p1a: Pelipper|Hurricane|p2b: PlusUltra\n|-damage|p2b: PlusUltra|0 fnt\n|faint|p2b: PlusUltra\n|move|p2a: Susy|Pollen Puff|p2: PlusUltra|[notarget]\n|-fail|p2a: Susy\n|\n|-weather|RainDance|[upkeep]\n|upkeep\n|\n|t:|1682549378\n|switch|p2b: Good Soup|Ting-Lu, L50, tera:Poison|36\/100\n|-ability|p2b: Good Soup|Vessel of Ruin\n|turn|11\n|\n|t:|1682549402\n|move|p2a: Susy|Rage Powder|p2a: Susy\n|-singleturn|p2a: Susy|move: Rage Powder\n|move|p1a: Pelipper|Hurricane|p2a: Susy\n|-supereffective|p2a: Susy\n|-damage|p2a: Susy|0 fnt\n|faint|p2a: Susy\n|move|p2b: Good Soup|Heavy Slam|p1a: Pelipper\n|-resisted|p1a: Pelipper\n|-damage|p1a: Pelipper|87\/100\n|\n|-weather|none\n|upkeep\n|turn|12\n|inactive|anshar_training has 30 seconds left.\n|\n|t:|1682549433\n|move|p1a: Pelipper|Hydro Pump|p2b: Good Soup\n|-damage|p2b: Good Soup|23\/100\n|move|p2b: Good Soup|Stomping Tantrum|p1a: Pelipper\n|-immune|p1a: Pelipper\n|\n|upkeep\n|turn|13\n|\n|t:|1682549447\n|move|p1a: Pelipper|Hydro Pump|p2b: Good Soup\n|-damage|p2b: Good Soup|8\/100\n|move|p2b: Good Soup|Ruination|p1a: Pelipper\n|-damage|p1a: Pelipper|44\/100\n|\n|upkeep\n|turn|14\n|c|\u2606Thoth567|gg\n|\n|t:|1682549455\n|move|p1a: Pelipper|Hydro Pump|p2b: Good Soup\n|-damage|p2b: Good Soup|0 fnt\n|faint|p2b: Good Soup\n|\n|win|Thoth567\n|raw|Thoth567's rating: 1131 → 1147<\/strong> (+16 for winning)\n|raw|anshar_training's rating: 1007 → 1000<\/strong> (-7 for losing)\n|l|\u2606Thoth567\n","uploadtime":1682549462,"views":12,"p1id":"thoth567","p2id":"anshartraining","formatid":"gen9vgc2023regulationc","rating":1000,"private":0,"password":""}