{"id":"gen9vgc2023regulationc-1862122606","p1":"Aster Lyons","p2":"Sgt_Beans_0_0","format":"[Gen 9] VGC 2023 Regulation C","log":"|j|\u2606Aster Lyons\n|j|\u2606Sgt_Beans_0_0\n|t:|1683839313\n|gametype|doubles\n|player|p1|Aster Lyons|2|1229\n|player|p2|Sgt_Beans_0_0|roxie|1242\n|teamsize|p1|6\n|teamsize|p2|6\n|gen|9\n|tier|[Gen 9] VGC 2023 Regulation C\n|rated|\n|rule|Species Clause: Limit one of each Pok\u00e9mon\n|rule|Item Clause: Limit one of each item\n|clearpoke\n|poke|p1|Gyarados, L50, M|\n|poke|p1|Flutter Mane, L50|\n|poke|p1|Iron Hands, L50|\n|poke|p1|Volcarona, L50, F|\n|poke|p1|Roaring Moon, L50|\n|poke|p1|Amoonguss, L50, F|\n|poke|p2|Hatterene, L50, F|\n|poke|p2|Torkoal, L50, M|\n|poke|p2|Arboliva, L50, M|\n|poke|p2|Iron Hands, L50|\n|poke|p2|Kingambit, L50, M|\n|poke|p2|Flareon, L50, M|\n|teampreview|4\nAster Lyons has agreed to open team sheets.\n|inactive|Battle timer is ON: inactive players will automatically lose when time's up. (requested by Aster Lyons)\n|\n|t:|1683839402\n|start\n|switch|p1a: Iron Hands|Iron Hands, L50|100\/100\n|switch|p1b: Roaring Moon|Roaring Moon, L50|100\/100\n|switch|p2a: Wanda|Hatterene, L50, F, shiny|100\/100\n|switch|p2b: The Stitcher|Kingambit, L50, M|100\/100\n|-enditem|p1b: Roaring Moon|Booster Energy\n|-activate|p1b: Roaring Moon|ability: Protosynthesis|[fromitem]\n|-start|p1b: Roaring Moon|protosynthesisatk\n|turn|1\n|inactive|Aster Lyons has 30 seconds left.\n|inactive|Sgt_Beans_0_0 has 30 seconds left.\n|inactive|Sgt_Beans_0_0 has 20 seconds left.\n|inactive|Sgt_Beans_0_0 has 15 seconds left.\n|inactive|Sgt_Beans_0_0 has 10 seconds left.\n|\n|t:|1683839449\n|switch|p2b: Papa Hands|Iron Hands, L50, shiny|100\/100\n|move|p2a: Wanda|Protect|p2a: Wanda\n|-singleturn|p2a: Wanda|Protect\n|move|p1a: Iron Hands|Fake Out|p2a: Wanda\n|-activate|p2a: Wanda|move: Protect\n|move|p1b: Roaring Moon|Throat Chop|p2a: Wanda\n|-activate|p2a: Wanda|move: Protect\n|\n|upkeep\n|turn|2\n|\n|t:|1683839469\n|-end|p1b: Roaring Moon|Protosynthesis|[silent]\n|switch|p1b: Amoonguss|Amoonguss, L50, F, shiny|100\/100\n|move|p2b: Papa Hands|Fake Out|p1b: Amoonguss\n|-damage|p1b: Amoonguss|88\/100\n|move|p1a: Iron Hands|Heavy Slam|p2a: Wanda\n|-supereffective|p2a: Wanda\n|-damage|p2a: Wanda|0 fnt\n|faint|p2a: Wanda\n|\n|upkeep\n|\n|t:|1683839481\n|switch|p2a: House Plant|Arboliva, L50, M|100\/100\n|turn|3\n|inactive|Sgt_Beans_0_0 has 30 seconds left.\n|\n|t:|1683839516\n|move|p2a: House Plant|Protect|p2a: House Plant\n|-singleturn|p2a: House Plant|Protect\n|move|p1a: Iron Hands|Drain Punch|p2a: House Plant\n|-activate|p2a: House Plant|move: Protect\n|move|p2b: Papa Hands|Swords Dance|p2b: Papa Hands\n|-boost|p2b: Papa Hands|atk|2\n|move|p1b: Amoonguss|Spore|p2b: Papa Hands\n|-activate|p2b: Papa Hands|item: Safety Goggles|Spore\n|\n|upkeep\n|turn|4\n|inactive|Sgt_Beans_0_0 has 30 seconds left.\n|\n|t:|1683839546\n|-terastallize|p2a: House Plant|Water\n|move|p1a: Iron Hands|Drain Punch|p2a: House Plant\n|-damage|p2a: House Plant|57\/100\n|move|p2b: Papa Hands|Drain Punch|p1a: Iron Hands\n|-damage|p1a: Iron Hands|42\/100\n|move|p1b: Amoonguss|Clear Smog|p2b: Papa Hands\n|-damage|p2b: Papa Hands|88\/100\n|-clearboost|p2b: Papa Hands\n|move|p2a: House Plant|Earth Power|p1a: Iron Hands\n|-supereffective|p1a: Iron Hands\n|-damage|p1a: Iron Hands|6\/100\n|\n|upkeep\n|turn|5\n|inactive|Aster Lyons has 30 seconds left.\n|inactive|Sgt_Beans_0_0 has 30 seconds left.\n|inactive|Sgt_Beans_0_0 has 20 seconds left.\n|inactive|Sgt_Beans_0_0 has 15 seconds left.\n|\n|t:|1683839587\n|-end|p1a: Iron Hands|Quark Drive|[silent]\n|switch|p1a: Volcarona|Volcarona, L50, F, shiny|100\/100\n|-end|p2b: Papa Hands|Quark Drive|[silent]\n|switch|p2b: The Stitcher|Kingambit, L50, M|100\/100\n|move|p2a: House Plant|Protect|p2a: House Plant\n|-singleturn|p2a: House Plant|Protect\n|move|p1b: Amoonguss|Spore|p2a: House Plant\n|-activate|p2a: House Plant|move: Protect\n|\n|upkeep\n|turn|6\n|inactive|Sgt_Beans_0_0 has 30 seconds left.\n|\n|t:|1683839617\n|switch|p2a: Papa Hands|Iron Hands, L50, shiny|88\/100\n|move|p1b: Amoonguss|Rage Powder|p1b: Amoonguss\n|-singleturn|p1b: Amoonguss|move: Rage Powder\n|move|p1a: Volcarona|Quiver Dance|p1a: Volcarona\n|-boost|p1a: Volcarona|spa|1\n|-boost|p1a: Volcarona|spd|1\n|-boost|p1a: Volcarona|spe|1\n|move|p2b: The Stitcher|Iron Head|p1b: Amoonguss\n|-damage|p1b: Amoonguss|52\/100\n|\n|upkeep\n|turn|7\n|\n|t:|1683839638\n|move|p2a: Papa Hands|Fake Out|p1a: Volcarona\n|-damage|p1a: Volcarona|83\/100\n|cant|p1a: Volcarona|flinch\n|move|p1b: Amoonguss|Spore|p2b: The Stitcher\n|-status|p2b: The Stitcher|slp|[from] move: Spore\n|cant|p2b: The Stitcher|slp\n|\n|upkeep\n|turn|8\n|\n|t:|1683839661\n|switch|p1b: Iron Hands|Iron Hands, L50|6\/100\n|switch|p2b: House Plant|Arboliva, L50, M, tera:Water|57\/100\n|move|p1a: Volcarona|Heat Wave|p2b: House Plant|[spread] p2a,p2b\n|-resisted|p2b: House Plant\n|-damage|p2a: Papa Hands|45\/100\n|-damage|p2b: House Plant|29\/100\n|-enditem|p2b: House Plant|Sitrus Berry|[eat]\n|-heal|p2b: House Plant|54\/100|[from] item: Sitrus Berry\n|move|p2a: Papa Hands|Swords Dance|p2a: Papa Hands\n|-boost|p2a: Papa Hands|atk|2\n|\n|-item|p2b: House Plant|Sitrus Berry|[from] ability: Harvest\n|upkeep\n|turn|9\n|inactive|Sgt_Beans_0_0 has 30 seconds left.\n|\n|t:|1683839690\n|move|p2b: House Plant|Protect|p2b: House Plant\n|-singleturn|p2b: House Plant|Protect\n|move|p1b: Iron Hands|Fake Out|p2a: Papa Hands\n|-damage|p2a: Papa Hands|34\/100\n|move|p1a: Volcarona|Giga Drain|p2b: House Plant\n|-activate|p2b: House Plant|move: Protect\n|cant|p2a: Papa Hands|flinch\n|\n|upkeep\n|turn|10\n|inactive|Sgt_Beans_0_0 has 30 seconds left.\n|inactive|Sgt_Beans_0_0 has 20 seconds left.\n|\n|t:|1683839725\n|-end|p1b: Iron Hands|Quark Drive|[silent]\n|switch|p1b: Amoonguss|Amoonguss, L50, F, shiny|52\/100\n|switch|p2b: The Stitcher|Kingambit, L50, M|100\/100 slp\n|move|p1a: Volcarona|Giga Drain|p2a: Papa Hands\n|-damage|p2a: Papa Hands|4\/100\n|-heal|p1a: Volcarona|100\/100|[from] drain|[of] p2a: Papa Hands\n|move|p2a: Papa Hands|Drain Punch|p1b: Amoonguss\n|-resisted|p1b: Amoonguss\n|-damage|p1b: Amoonguss|20\/100\n|-heal|p2a: Papa Hands|19\/100|[from] drain|[of] p1b: Amoonguss\n|-enditem|p1b: Amoonguss|Wiki Berry|[eat]\n|-heal|p1b: Amoonguss|53\/100|[from] item: Wiki Berry\n|\n|upkeep\n|turn|11\n|inactive|Aster Lyons has 30 seconds left.\n|inactive|Sgt_Beans_0_0 has 30 seconds left.\n|inactive|Sgt_Beans_0_0 has 20 seconds left.\n|inactive|Sgt_Beans_0_0 has 15 seconds left.\n|\n|t:|1683839768\n|move|p1a: Volcarona|Heat Wave|p2b: The Stitcher|[spread] p2a,p2b\n|-supereffective|p2b: The Stitcher\n|-damage|p2a: Papa Hands|0 fnt\n|-damage|p2b: The Stitcher|11\/100 slp\n|faint|p2a: Papa Hands\n|-end|p2a: Papa Hands|Quark Drive|[silent]\n|move|p1b: Amoonguss|Clear Smog|p2b: The Stitcher\n|-immune|p2b: The Stitcher\n|cant|p2b: The Stitcher|slp\n|\n|upkeep\n|\n|t:|1683839778\n|switch|p2a: House Plant|Arboliva, L50, M, tera:Water|54\/100\n|turn|12\n|inactive|Sgt_Beans_0_0 has 30 seconds left.\n|\n|t:|1683839810\n|move|p1a: Volcarona|Heat Wave|p2a: House Plant|[spread] p2a,p2b\n|-resisted|p2a: House Plant\n|-supereffective|p2b: The Stitcher\n|-damage|p2a: House Plant|23\/100\n|-damage|p2b: The Stitcher|0 fnt\n|-enditem|p2a: House Plant|Sitrus Berry|[eat]\n|-heal|p2a: House Plant|48\/100|[from] item: Sitrus Berry\n|faint|p2b: The Stitcher\n|move|p1b: Amoonguss|Spore|p2a: House Plant\n|-status|p2a: House Plant|slp|[from] move: Spore\n|cant|p2a: House Plant|slp\n|\n|upkeep\n|turn|13\n|\n|t:|1683839834\n|move|p1a: Volcarona|Giga Drain|p2a: House Plant\n|-supereffective|p2a: House Plant\n|-damage|p2a: House Plant|0 fnt\n|faint|p2a: House Plant\n|\n|win|Aster Lyons\n|raw|Aster Lyons's rating: 1229 → 1255<\/strong> (+26 for winning)\n|raw|Sgt_Beans_0_0's rating: 1242 → 1216<\/strong> (-26 for losing)\n","uploadtime":1683839843,"views":14,"p1id":"asterlyons","p2id":"sgtbeans00","formatid":"gen9vgc2023regulationc","rating":1216,"private":0,"password":""}