{"id":"gen9vgc2023regulationc-1852269426","p1":"b(R)2","p2":"Theblopppppppp","format":"[Gen 9] VGC 2023 Regulation C","log":"|j|\u2606b(R)2\n|j|\u2606Theblopppppppp\n|t:|1682538559\n|gametype|doubles\n|player|p1|b(R)2|266|1068\n|player|p2|Theblopppppppp|steven|1000\n|teamsize|p1|6\n|teamsize|p2|6\n|gen|9\n|tier|[Gen 9] VGC 2023 Regulation C\n|rated|\n|rule|Species Clause: Limit one of each Pok\u00e9mon\n|rule|Item Clause: Limit one of each item\n|clearpoke\n|poke|p1|Ting-Lu, L50|\n|poke|p1|Amoonguss, L50, F|\n|poke|p1|Garganacl, L50, M|\n|poke|p1|Arcanine, L50, M|\n|poke|p1|Roaring Moon, L50|\n|poke|p1|Iron Bundle, L50|\n|poke|p2|Tyranitar, L50, M|\n|poke|p2|Arcanine, L50, M|\n|poke|p2|Gastrodon, L50, F|\n|poke|p2|Wo-Chien, L50|\n|poke|p2|Maushold-Four, L50|\n|poke|p2|Roaring Moon, L50|\n|teampreview|4\nb(R)2 has agreed to open team sheets.\n|inactive|Battle timer is ON: inactive players will automatically lose when time's up. (requested by b(R)2)\n|inactive|Theblopppppppp has 60 seconds left.\n|inactive|Theblopppppppp has 30 seconds left.\n|inactive|Theblopppppppp has 20 seconds left.\n|\n|t:|1682538712\n|start\n|switch|p1a: Garganacl|Garganacl, L50, M|100\/100\n|switch|p1b: Arcanine|Arcanine, L50, M|100\/100\n|switch|p2a: Tyranitar|Tyranitar, L50, M|100\/100\n|switch|p2b: Maushold|Maushold-Four, L50|100\/100\n|-ability|p1b: Arcanine|Intimidate|boost\n|-unboost|p2a: Tyranitar|atk|1\n|-unboost|p2b: Maushold|atk|1\n|-weather|Sandstorm|[from] ability: Sand Stream|[of] p2a: Tyranitar\n|turn|1\n|inactive|Theblopppppppp has 30 seconds left.\n|inactive|Theblopppppppp has 20 seconds left.\n|\n|t:|1682538750\n|-terastallize|p1a: Garganacl|Ghost\n|move|p1b: Arcanine|Protect|p1b: Arcanine\n|-singleturn|p1b: Arcanine|Protect\n|move|p2b: Maushold|Follow Me|p2b: Maushold\n|-singleturn|p2b: Maushold|move: Follow Me\n|move|p2a: Tyranitar|Dragon Dance|p2a: Tyranitar\n|-boost|p2a: Tyranitar|atk|1\n|-boost|p2a: Tyranitar|spe|1\n|move|p1a: Garganacl|Salt Cure|p2b: Maushold\n|-damage|p2b: Maushold|83\/100\n|-start|p2b: Maushold|Salt Cure\n|\n|-weather|Sandstorm|[upkeep]\n|-damage|p1b: Arcanine|94\/100|[from] Sandstorm\n|-damage|p1a: Garganacl|95\/100|[from] Sandstorm\n|-heal|p1a: Garganacl|100\/100|[from] item: Leftovers\n|-damage|p2b: Maushold|71\/100|[from] Salt Cure\n|upkeep\n|turn|2\n|inactive|b(R)2 has 30 seconds left.\n|inactive|Theblopppppppp has 30 seconds left.\n|\n|t:|1682538776\n|move|p2b: Maushold|Follow Me|p2b: Maushold\n|-singleturn|p2b: Maushold|move: Follow Me\n|move|p2a: Tyranitar|Rock Slide|p1b: Arcanine|[spread] p1a\n|-miss|p2a: Tyranitar|p1b: Arcanine\n|-damage|p1a: Garganacl|80\/100\n|move|p1b: Arcanine|Flare Blitz|p2b: Maushold\n|-damage|p2b: Maushold|2\/100\n|-damage|p1b: Arcanine|73\/100|[from] Recoil\n|move|p1a: Garganacl|Salt Cure|p2b: Maushold\n|-damage|p2b: Maushold|0 fnt\n|faint|p2b: Maushold\n|\n|-weather|Sandstorm|[upkeep]\n|-damage|p1b: Arcanine|67\/100|[from] Sandstorm\n|-damage|p1a: Garganacl|74\/100|[from] Sandstorm\n|-heal|p1a: Garganacl|80\/100|[from] item: Leftovers\n|upkeep\n|\n|t:|1682538800\n|switch|p2b: Arcanine|Arcanine, L50, M|100\/100\n|-ability|p2b: Arcanine|Intimidate|boost\n|-unboost|p1a: Garganacl|atk|1\n|-unboost|p1b: Arcanine|atk|1\n|turn|3\n|\n|t:|1682538821\n|move|p2b: Arcanine|Helping Hand|p2a: Tyranitar\n|-singleturn|p2a: Tyranitar|Helping Hand|[of] p2b: Arcanine\n|move|p2a: Tyranitar|Crunch|p1a: Garganacl\n|-supereffective|p1a: Garganacl\n|-damage|p1a: Garganacl|0 fnt\n|faint|p1a: Garganacl\n|move|p1b: Arcanine|Will-O-Wisp|p2a: Tyranitar\n|-status|p2a: Tyranitar|brn\n|-enditem|p2a: Tyranitar|Lum Berry|[eat]\n|-curestatus|p2a: Tyranitar|brn|[msg]\n|\n|-weather|Sandstorm|[upkeep]\n|-damage|p1b: Arcanine|61\/100|[from] Sandstorm\n|-damage|p2b: Arcanine|94\/100|[from] Sandstorm\n|upkeep\n|\n|t:|1682538834\n|switch|p1a: Ting-Lu|Ting-Lu, L50|100\/100\n|-ability|p1a: Ting-Lu|Vessel of Ruin\n|turn|4\n|\n|t:|1682538848\n|switch|p1b: Amoonguss|Amoonguss, L50, F|100\/100\n|move|p2a: Tyranitar|Protect|p2a: Tyranitar\n|-singleturn|p2a: Tyranitar|Protect\n|move|p2b: Arcanine|Will-O-Wisp|p1a: Ting-Lu\n|-status|p1a: Ting-Lu|brn\n|move|p1a: Ting-Lu|Sand Tomb|p2b: Arcanine\n|-supereffective|p2b: Arcanine\n|-damage|p2b: Arcanine|77\/100\n|-activate|p2b: Arcanine|move: Sand Tomb|[of] p1a: Ting-Lu\n|\n|-weather|Sandstorm|[upkeep]\n|-damage|p2b: Arcanine|71\/100|[from] Sandstorm\n|-damage|p1b: Amoonguss|95\/100|[from] Sandstorm\n|-damage|p1a: Ting-Lu|94\/100 brn|[from] brn\n|-damage|p2b: Arcanine|59\/100|[from] move: Sand Tomb|[partiallytrapped]\n|upkeep\n|turn|5\n|inactive|b(R)2 has 30 seconds left.\n|inactive|Theblopppppppp has 30 seconds left.\n|inactive|Theblopppppppp has 20 seconds left.\n|\n|t:|1682538888\n|-terastallize|p2a: Tyranitar|Grass\n|move|p2a: Tyranitar|Dragon Dance|p2a: Tyranitar\n|-boost|p2a: Tyranitar|atk|1\n|-boost|p2a: Tyranitar|spe|1\n|move|p2b: Arcanine|Flare Blitz|p1b: Amoonguss\n|-supereffective|p1b: Amoonguss\n|-damage|p1b: Amoonguss|28\/100\n|-enditem|p1b: Amoonguss|Sitrus Berry|[eat]\n|-heal|p1b: Amoonguss|53\/100|[from] item: Sitrus Berry\n|-damage|p2b: Arcanine|35\/100|[from] Recoil\n|-enditem|p2b: Arcanine|Sitrus Berry|[eat]\n|-heal|p2b: Arcanine|59\/100|[from] item: Sitrus Berry\n|move|p1a: Ting-Lu|Ruination|p2a: Tyranitar\n|-damage|p2a: Tyranitar|51\/100\n|move|p1b: Amoonguss|Spore|p2a: Tyranitar\n|-immune|p2a: Tyranitar\n|\n|-weather|none\n|-damage|p1a: Ting-Lu|88\/100 brn|[from] brn\n|-damage|p2b: Arcanine|47\/100|[from] move: Sand Tomb|[partiallytrapped]\n|upkeep\n|turn|6\n|inactive|b(R)2 has 30 seconds left.\n|inactive|Theblopppppppp has 30 seconds left.\n|inactive|b(R)2 has 20 seconds left.\n|inactive|Theblopppppppp has 20 seconds left.\n|inactive|b(R)2 has 15 seconds left.\n|inactive|Theblopppppppp has 15 seconds left.\n|inactive|b(R)2 has 10 seconds left.\n|inactive|Theblopppppppp has 10 seconds left.\n|\n|t:|1682538936\n|switch|p1b: Arcanine|Arcanine, L50, M|61\/100\n|-ability|p1b: Arcanine|Intimidate|boost\n|-unboost|p2a: Tyranitar|atk|1\n|-unboost|p2b: Arcanine|atk|1\n|move|p2a: Tyranitar|Rock Slide|p1a: Ting-Lu|[spread] p1b\n|-miss|p2a: Tyranitar|p1a: Ting-Lu\n|-supereffective|p1b: Arcanine\n|-damage|p1b: Arcanine|2\/100\n|-enditem|p1b: Arcanine|Iapapa Berry|[eat]\n|-heal|p1b: Arcanine|35\/100|[from] item: Iapapa Berry\n|move|p2b: Arcanine|Flare Blitz|p1b: Arcanine\n|-resisted|p1b: Arcanine\n|-damage|p1b: Arcanine|20\/100\n|-damage|p2b: Arcanine|42\/100|[from] Recoil\n|move|p1a: Ting-Lu|Stomping Tantrum|p2b: Arcanine\n|-supereffective|p2b: Arcanine\n|-damage|p2b: Arcanine|4\/100\n|\n|-damage|p1a: Ting-Lu|82\/100 brn|[from] brn\n|-damage|p2b: Arcanine|0 fnt|[from] move: Sand Tomb|[partiallytrapped]\n|faint|p2b: Arcanine\n|upkeep\n|\n|t:|1682538955\n|switch|p2b: Wo-Chien|Wo-Chien, L50|100\/100\n|-ability|p2b: Wo-Chien|Tablets of Ruin\n|turn|7\n|\n|t:|1682538968\n|move|p1b: Arcanine|Protect|p1b: Arcanine\n|-singleturn|p1b: Arcanine|Protect\n|move|p2a: Tyranitar|Rock Slide|p1b: Arcanine|[spread] p1a\n|-activate|p1b: Arcanine|move: Protect\n|-resisted|p1a: Ting-Lu\n|-damage|p1a: Ting-Lu|76\/100 brn\n|move|p2b: Wo-Chien|Pollen Puff|p2a: Tyranitar\n|-heal|p2a: Tyranitar|100\/100\n|cant|p1a: Ting-Lu|flinch\n|\n|-damage|p1a: Ting-Lu|69\/100 brn|[from] brn\n|upkeep\n|turn|8\n|\n|t:|1682538984\n|move|p2a: Tyranitar|Rock Slide|p1a: Ting-Lu|[spread] p1a,p1b\n|-resisted|p1a: Ting-Lu\n|-supereffective|p1b: Arcanine\n|-damage|p1a: Ting-Lu|63\/100 brn\n|-damage|p1b: Arcanine|0 fnt\n|faint|p1b: Arcanine\n|move|p2b: Wo-Chien|Leech Seed|p1a: Ting-Lu\n|-start|p1a: Ting-Lu|move: Leech Seed\n|move|p1a: Ting-Lu|Ruination|p2a: Tyranitar\n|-damage|p2a: Tyranitar|51\/100\n|\n|-damage|p1a: Ting-Lu|50\/100 brn|[from] Leech Seed|[of] p2b: Wo-Chien\n|-damage|p1a: Ting-Lu|44\/100 brn|[from] brn\n|upkeep\n|\n|t:|1682538995\n|switch|p1b: Amoonguss|Amoonguss, L50, F|86\/100\n|turn|9\n|\n|t:|1682539017\n|move|p2a: Tyranitar|Rock Slide|p1b: Amoonguss|[spread] p1a,p1b\n|-resisted|p1a: Ting-Lu\n|-damage|p1a: Ting-Lu|38\/100 brn\n|-damage|p1b: Amoonguss|69\/100\n|move|p2b: Wo-Chien|Pollen Puff|p2a: Tyranitar\n|-heal|p2a: Tyranitar|100\/100\n|cant|p1a: Ting-Lu|flinch\n|move|p1b: Amoonguss|Pollen Puff|p2b: Wo-Chien\n|-supereffective|p2b: Wo-Chien\n|-damage|p2b: Wo-Chien|67\/100\n|\n|-damage|p1a: Ting-Lu|26\/100 brn|[from] Leech Seed|[of] p2b: Wo-Chien\n|-heal|p2b: Wo-Chien|84\/100|[silent]\n|-damage|p1a: Ting-Lu|20\/100 brn|[from] brn\n|upkeep\n|turn|10\n|\n|t:|1682539040\n|move|p2a: Tyranitar|Rock Slide|p1b: Amoonguss|[spread] p1a,p1b\n|-resisted|p1a: Ting-Lu\n|-damage|p1a: Ting-Lu|12\/100 brn\n|-damage|p1b: Amoonguss|49\/100\n|move|p2b: Wo-Chien|Taunt|p1b: Amoonguss\n|-start|p1b: Amoonguss|move: Taunt\n|move|p1a: Ting-Lu|Ruination|p2b: Wo-Chien\n|-damage|p2b: Wo-Chien|42\/100\n|move|p1b: Amoonguss|Pollen Puff|p2b: Wo-Chien\n|-supereffective|p2b: Wo-Chien\n|-crit|p2b: Wo-Chien\n|-damage|p2b: Wo-Chien|0 fnt\n|faint|p2b: Wo-Chien\n|\n|-damage|p1a: Ting-Lu|6\/100 brn|[from] brn\n|upkeep\n|turn|11\n|inactive|Theblopppppppp has 30 seconds left.\n|\n|t:|1682539067\n|move|p2a: Tyranitar|Crunch|p1b: Amoonguss\n|-damage|p1b: Amoonguss|15\/100\n|move|p1a: Ting-Lu|Ruination|p2a: Tyranitar\n|-damage|p2a: Tyranitar|51\/100\n|move|p1b: Amoonguss|Pollen Puff|p2a: Tyranitar\n|-supereffective|p2a: Tyranitar\n|-damage|p2a: Tyranitar|23\/100\n|\n|-damage|p1a: Ting-Lu|0 fnt|[from] brn\n|faint|p1a: Ting-Lu\n|upkeep\n|turn|12\n|\n|t:|1682539079\n|move|p2a: Tyranitar|Crunch|p1b: Amoonguss\n|-damage|p1b: Amoonguss|0 fnt\n|faint|p1b: Amoonguss\n|\n|win|Theblopppppppp\n|raw|b(R)2's rating: 1068 → 1044<\/strong> (-24 for losing)\n|raw|Theblopppppppp's rating: 1000 → 1048<\/strong> (+48 for winning)\n","uploadtime":1682539085,"views":22,"p1id":"br2","p2id":"theblopppppppp","formatid":"gen9vgc2023regulationc","rating":1044,"private":0,"password":""}