{"id":"gen9vgc2023regulationc-1847318689","p1":"techromancer","p2":"Ricardo Randorez","format":"[Gen 9] VGC 2023 Regulation C","log":"|j|\u2606techromancer\n|j|\u2606Ricardo Randorez\n|t:|1681937960\n|gametype|doubles\n|player|p1|techromancer|ethan|1099\n|player|p2|Ricardo Randorez|1|1109\n|teamsize|p1|6\n|teamsize|p2|6\n|gen|9\n|tier|[Gen 9] VGC 2023 Regulation C\n|rated|\n|rule|Species Clause: Limit one of each Pok\u00e9mon\n|rule|Item Clause: Limit one of each item\n|clearpoke\n|poke|p1|Grimmsnarl, L50, M|\n|poke|p1|Slaking, L50, M|\n|poke|p1|Chien-Pao, L50|\n|poke|p1|Chi-Yu, L50|\n|poke|p1|Roaring Moon, L50|\n|poke|p1|Flutter Mane, L50|\n|poke|p2|Flutter Mane, L50|\n|poke|p2|Chi-Yu, L50|\n|poke|p2|Iron Bundle, L50|\n|poke|p2|Amoonguss, L50, M|\n|poke|p2|Palafin, L50, M|\n|poke|p2|Iron Hands, L50|\n|teampreview|4\n|inactive|Battle timer is ON: inactive players will automatically lose when time's up. (requested by techromancer)\n|inactive|Ricardo Randorez has 60 seconds left.\n|\n|t:|1681937991\n|start\n|switch|p1a: Grimmsnarl|Grimmsnarl, L50, M|100\/100\n|switch|p1b: Slaking|Slaking, L50, M|100\/100\n|switch|p2a: catch these hands|Iron Hands, L50|100\/100\n|switch|p2b: BANKAI|Palafin, L50, M|100\/100\n|turn|1\n|inactive|Ricardo Randorez has 30 seconds left.\n|inactive|Ricardo Randorez has 20 seconds left.\n|\n|t:|1681938029\n|detailschange|p2b: BANKAI|Palafin-Hero, L50, M\n|switch|p2b: LOVE BETRAYAL|Chi-Yu, L50|100\/100\n|-ability|p2b: LOVE BETRAYAL|Beads of Ruin\n|move|p1b: Slaking|Giga Impact|p2a: catch these hands\n|-damage|p2a: catch these hands|20\/100\n|-mustrecharge|p1b: Slaking\n|move|p1a: Grimmsnarl|Spirit Break|p2a: catch these hands\n|-supereffective|p2a: catch these hands\n|-damage|p2a: catch these hands|0 fnt\n|faint|p2a: catch these hands\n|-end|p2a: catch these hands|Quark Drive|[silent]\n|\n|upkeep\n|\n|t:|1681938046\n|switch|p2a: BANKAI|Palafin-Hero, L50, M|100\/100\n|-activate|p2a: BANKAI|ability: Zero to Hero\n|turn|2\n|\n|t:|1681938059\n|-terastallize|p2a: BANKAI|Water\n|cant|p1b: Slaking|recharge\n|move|p2b: LOVE BETRAYAL|Nasty Plot|p2b: LOVE BETRAYAL\n|-boost|p2b: LOVE BETRAYAL|spa|2\n|move|p2a: BANKAI|Wave Crash|p1b: Slaking\n|-damage|p1b: Slaking|2\/100\n|-damage|p2a: BANKAI|64\/100|[from] Recoil\n|move|p1a: Grimmsnarl|Spirit Break|p2b: LOVE BETRAYAL\n|-damage|p2b: LOVE BETRAYAL|37\/100\n|-unboost|p2b: LOVE BETRAYAL|spa|1\n|\n|upkeep\n|turn|3\n|\n|t:|1681938085\n|move|p2b: LOVE BETRAYAL|Protect|p2b: LOVE BETRAYAL\n|-singleturn|p2b: LOVE BETRAYAL|Protect\n|move|p2a: BANKAI|Jet Punch|p1b: Slaking\n|-damage|p1b: Slaking|0 fnt\n|faint|p1b: Slaking\n|move|p1a: Grimmsnarl|Sucker Punch||[still]\n|-fail|p1a: Grimmsnarl\n|\n|upkeep\n|\n|t:|1681938092\n|switch|p1b: Chien-Pao|Chien-Pao, L50|100\/100\n|-ability|p1b: Chien-Pao|Sword of Ruin\n|turn|4\n|\n|t:|1681938104\n|move|p2a: BANKAI|Jet Punch|p1b: Chien-Pao\n|-damage|p1b: Chien-Pao|19\/100\n|move|p1b: Chien-Pao|Sacred Sword|p2b: LOVE BETRAYAL\n|-supereffective|p2b: LOVE BETRAYAL\n|-damage|p2b: LOVE BETRAYAL|0 fnt\n|faint|p2b: LOVE BETRAYAL\n|-damage|p1b: Chien-Pao|10\/100|[from] item: Life Orb\n|move|p1a: Grimmsnarl|Spirit Break|p2a: BANKAI\n|-damage|p2a: BANKAI|17\/100\n|-unboost|p2a: BANKAI|spa|1\n|\n|upkeep\n|\n|t:|1681938118\n|switch|p2b: bundle of bitches|Iron Bundle, L50|100\/100\n|-enditem|p2b: bundle of bitches|Booster Energy\n|-activate|p2b: bundle of bitches|ability: Quark Drive|[fromitem]\n|-start|p2b: bundle of bitches|quarkdrivespe\n|turn|5\n|\n|t:|1681938127\n|move|p2a: BANKAI|Protect|p2a: BANKAI\n|-singleturn|p2a: BANKAI|Protect\n|move|p1b: Chien-Pao|Sucker Punch||[still]\n|-fail|p1b: Chien-Pao\n|move|p2b: bundle of bitches|Icy Wind|p1b: Chien-Pao|[spread] p1a,p1b\n|-resisted|p1b: Chien-Pao\n|-damage|p1a: Grimmsnarl|78\/100\n|-damage|p1b: Chien-Pao|0 fnt\n|-unboost|p1a: Grimmsnarl|spe|1\n|faint|p1b: Chien-Pao\n|move|p1a: Grimmsnarl|Spirit Break|p2b: bundle of bitches\n|-damage|p2b: bundle of bitches|50\/100\n|-unboost|p2b: bundle of bitches|spa|1\n|\n|upkeep\n|\n|t:|1681938130\n|switch|p1b: Chi-Yu|Chi-Yu, L50|100\/100\n|-ability|p1b: Chi-Yu|Beads of Ruin\n|turn|6\n|inactive|techromancer has 30 seconds left.\n|\n|t:|1681938156\n|-terastallize|p1b: Chi-Yu|Fighting\n|move|p2a: BANKAI|Jet Punch|p1b: Chi-Yu\n|-damage|p1b: Chi-Yu|0 fnt\n|faint|p1b: Chi-Yu\n|move|p2b: bundle of bitches|Freeze-Dry|p1a: Grimmsnarl\n|-damage|p1a: Grimmsnarl|50\/100\n|move|p1a: Grimmsnarl|Spirit Break|p2b: bundle of bitches\n|-damage|p2b: bundle of bitches|4\/100\n|-unboost|p2b: bundle of bitches|spa|1\n|\n|upkeep\n|turn|7\n|\n|t:|1681938174\n|move|p1a: Grimmsnarl|Sucker Punch|p2b: bundle of bitches\n|-damage|p2b: bundle of bitches|0 fnt\n|faint|p2b: bundle of bitches\n|-end|p2b: bundle of bitches|Quark Drive|[silent]\n|move|p2a: BANKAI|Wave Crash|p1a: Grimmsnarl\n|-damage|p1a: Grimmsnarl|0 fnt\n|faint|p1a: Grimmsnarl\n|-damage|p2a: BANKAI|0 fnt|[from] Recoil\n|faint|p2a: BANKAI\n|\n|win|Ricardo Randorez\n|raw|techromancer's rating: 1099 → 1075<\/strong> (-24 for losing)\n|raw|Ricardo Randorez's rating: 1109 → 1133<\/strong> (+24 for winning)\n|l|\u2606techromancer\n","uploadtime":1681938186,"views":7,"p1id":"techromancer","p2id":"ricardorandorez","formatid":"gen9vgc2023regulationc","rating":1075,"private":0,"password":""}