{"id":"gen9vgc2023regulationc-1848593027","p1":"sauceconnoisseur","p2":"Morit0josclar0s","format":"[Gen 9] VGC 2023 Regulation C","log":"|j|\u2606sauceconnoisseur\n|j|\u2606Morit0josclar0s\n|t:|1682092804\n|gametype|doubles\n|player|p1|sauceconnoisseur|swimmer|1343\n|player|p2|Morit0josclar0s|ash-kalos|1430\n|teamsize|p1|6\n|teamsize|p2|6\n|gen|9\n|tier|[Gen 9] VGC 2023 Regulation C\n|rated|\n|rule|Species Clause: Limit one of each Pok\u00e9mon\n|rule|Item Clause: Limit one of each item\n|clearpoke\n|poke|p1|Maushold, L50|\n|poke|p1|Annihilape, L50, F|\n|poke|p1|Amoonguss, L50, M|\n|poke|p1|Flutter Mane, L50|\n|poke|p1|Talonflame, L50, F|\n|poke|p1|Palafin, L50, F|\n|poke|p2|Flutter Mane, L50|\n|poke|p2|Maushold-Four, L50|\n|poke|p2|Annihilape, L50, F|\n|poke|p2|Ting-Lu, L50|\n|poke|p2|Gyarados, L50, F|\n|poke|p2|Baxcalibur, L50, F|\n|teampreview|4\nsauceconnoisseur has agreed to open team sheets.\nMorit0josclar0s has agreed to open team sheets.\n|\n|t:|1682092887\n|start\n|switch|p1a: Talonflame|Talonflame, L50, F|100\/100\n|switch|p1b: Amoonguss|Amoonguss, L50, M|100\/100\n|switch|p2a: Gyarados|Gyarados, L50, F|100\/100\n|switch|p2b: Flutter Mane|Flutter Mane, L50|100\/100\n|-ability|p2a: Gyarados|Intimidate|boost\n|-unboost|p1a: Talonflame|atk|1\n|-unboost|p1b: Amoonguss|atk|1\n|-enditem|p2b: Flutter Mane|Booster Energy\n|-activate|p2b: Flutter Mane|ability: Protosynthesis|[fromitem]\n|-start|p2b: Flutter Mane|protosynthesisspa\n|turn|1\n|\n|t:|1682092926\n|move|p1b: Amoonguss|Rage Powder|p1b: Amoonguss\n|-singleturn|p1b: Amoonguss|move: Rage Powder\n|move|p2b: Flutter Mane|Substitute|p2b: Flutter Mane\n|-start|p2b: Flutter Mane|Substitute\n|-damage|p2b: Flutter Mane|76\/100\n|move|p1a: Talonflame|Taunt|p2a: Gyarados\n|-start|p2a: Gyarados|move: Taunt\n|cant|p2a: Gyarados|move: Taunt|Taunt\n|\n|upkeep\n|turn|2\n|\n|t:|1682092965\n|switch|p1a: Palafin|Palafin, L50, F|100\/100\n|move|p2b: Flutter Mane|Shadow Ball|p1b: Amoonguss\n|-damage|p1b: Amoonguss|55\/100\n|move|p2a: Gyarados|Waterfall|p1a: Palafin\n|-resisted|p1a: Palafin\n|-damage|p1a: Palafin|83\/100\n|move|p1b: Amoonguss|Spore|p2a: Gyarados\n|-status|p2a: Gyarados|slp|[from] move: Spore\n|\n|upkeep\n|turn|3\n|\n|t:|1682093003\n|detailschange|p1a: Palafin|Palafin-Hero, L50, F\n|switch|p1a: Mane 2.0|Flutter Mane, L50|100\/100\n|move|p1b: Amoonguss|Rage Powder|p1b: Amoonguss\n|-singleturn|p1b: Amoonguss|move: Rage Powder\n|move|p2b: Flutter Mane|Dazzling Gleam|p1a: Mane 2.0|[spread] p1a,p1b\n|-resisted|p1b: Amoonguss\n|-damage|p1a: Mane 2.0|65\/100\n|-damage|p1b: Amoonguss|39\/100\n|-enditem|p1b: Amoonguss|Sitrus Berry|[eat]\n|-heal|p1b: Amoonguss|64\/100|[from] item: Sitrus Berry\n|cant|p2a: Gyarados|slp\n|\n|-end|p2a: Gyarados|move: Taunt\n|upkeep\n|turn|4\n|\n|t:|1682093020\n|move|p1b: Amoonguss|Rage Powder|p1b: Amoonguss\n|-singleturn|p1b: Amoonguss|move: Rage Powder\n|move|p2b: Flutter Mane|Shadow Ball|p1b: Amoonguss\n|-damage|p1b: Amoonguss|19\/100\n|move|p1a: Mane 2.0|Dazzling Gleam|p2b: Flutter Mane|[spread] p2a,p2b\n|-end|p2b: Flutter Mane|Substitute\n|-damage|p2a: Gyarados|72\/100 slp\n|-damage|p1a: Mane 2.0|55\/100|[from] item: Life Orb\n|cant|p2a: Gyarados|slp\n|\n|upkeep\n|turn|5\n|\n|t:|1682093059\n|switch|p2a: Ting-Lu|Ting-Lu, L50|100\/100\n|-ability|p2a: Ting-Lu|Vessel of Ruin\n|-terastallize|p2b: Flutter Mane|Steel\n|move|p1b: Amoonguss|Rage Powder|p1b: Amoonguss\n|-singleturn|p1b: Amoonguss|move: Rage Powder\n|move|p2b: Flutter Mane|Shadow Ball|p1b: Amoonguss\n|-damage|p1b: Amoonguss|0 fnt\n|faint|p1b: Amoonguss\n|move|p1a: Mane 2.0|Thunderbolt|p2a: Ting-Lu\n|-immune|p2a: Ting-Lu\n|\n|upkeep\n|\n|t:|1682093073\n|switch|p1b: Talonflame|Talonflame, L50, F|100\/100\n|turn|6\n|\n|t:|1682093140\n|move|p1a: Mane 2.0|Protect|p1a: Mane 2.0\n|-singleturn|p1a: Mane 2.0|Protect\n|move|p2b: Flutter Mane|Dazzling Gleam|p1b: Talonflame|[spread] p1b\n|-activate|p1a: Mane 2.0|move: Protect\n|-resisted|p1b: Talonflame\n|-damage|p1b: Talonflame|82\/100\n|move|p1b: Talonflame|Will-O-Wisp|p2a: Ting-Lu\n|-status|p2a: Ting-Lu|brn\n|move|p2a: Ting-Lu|Throat Chop|p1b: Talonflame\n|-damage|p1b: Talonflame|64\/100\n|\n|-damage|p2a: Ting-Lu|94\/100 brn|[from] brn\n|upkeep\n|turn|7\n|\n|t:|1682093167\n|-terastallize|p1a: Mane 2.0|Fairy\n|move|p2b: Flutter Mane|Protect|p2b: Flutter Mane\n|-singleturn|p2b: Flutter Mane|Protect\n|move|p1b: Talonflame|Tailwind|p1b: Talonflame\n|-sidestart|p1: sauceconnoisseur|move: Tailwind\n|move|p1a: Mane 2.0|Shadow Ball|p2b: Flutter Mane\n|-activate|p2b: Flutter Mane|move: Protect\n|move|p2a: Ting-Lu|Heavy Slam|p1a: Mane 2.0\n|-supereffective|p1a: Mane 2.0\n|-damage|p1a: Mane 2.0|0 fnt\n|faint|p1a: Mane 2.0\n|-end|p1a: Mane 2.0|Protosynthesis|[silent]\n|\n|-damage|p2a: Ting-Lu|88\/100 brn|[from] brn\n|upkeep\n|\n|t:|1682093173\n|switch|p1a: Palafin|Palafin-Hero, L50, F|83\/100\n|-activate|p1a: Palafin|ability: Zero to Hero\n|turn|8\n|\n|t:|1682093213\n|-end|p2b: Flutter Mane|Protosynthesis|[silent]\n|switch|p2b: Baxcalibur|Baxcalibur, L50, F|100\/100\n|switch|p2a: Gyarados|Gyarados, L50, F|72\/100 slp\n|-ability|p2a: Gyarados|Intimidate|boost\n|-unboost|p1a: Palafin|atk|1\n|-unboost|p1b: Talonflame|atk|1\n|move|p1b: Talonflame|Taunt|p2b: Baxcalibur\n|-start|p2b: Baxcalibur|move: Taunt\n|move|p1a: Palafin|Wave Crash|p2b: Baxcalibur\n|-resisted|p2b: Baxcalibur\n|-damage|p2b: Baxcalibur|70\/100\n|-damage|p1a: Palafin|73\/100|[from] Recoil\n|\n|upkeep\n|turn|9\n|inactive|Battle timer is ON: inactive players will automatically lose when time's up. (requested by Morit0josclar0s)\n|c|\u2606Morit0josclar0s|gg\n|\n|t:|1682093256\n|move|p1b: Talonflame|Brave Bird|p2b: Baxcalibur\n|-damage|p2b: Baxcalibur|48\/100\n|-damage|p1b: Talonflame|56\/100|[from] Recoil\n|move|p1a: Palafin|Wave Crash|p2b: Baxcalibur\n|-resisted|p2b: Baxcalibur\n|-damage|p2b: Baxcalibur|18\/100\n|-damage|p1a: Palafin|65\/100|[from] Recoil\n|move|p2b: Baxcalibur|Glaive Rush|p1a: Palafin\n|-damage|p1a: Palafin|0 fnt\n|-singlemove|p2b: Baxcalibur|Glaive Rush|[silent]\n|faint|p1a: Palafin\n|cant|p2a: Gyarados|slp\n|\n|upkeep\n|turn|10\n|\n|t:|1682093266\n|move|p2b: Baxcalibur|Ice Shard|p1b: Talonflame\n|-damage|p1b: Talonflame|28\/100\n|move|p1b: Talonflame|Brave Bird|p2b: Baxcalibur\n|-damage|p2b: Baxcalibur|0 fnt\n|faint|p2b: Baxcalibur\n|-damage|p1b: Talonflame|22\/100|[from] Recoil\n|-curestatus|p2a: Gyarados|slp|[msg]\n|move|p2a: Gyarados|Waterfall|p1b: Talonflame\n|-supereffective|p1b: Talonflame\n|-damage|p1b: Talonflame|0 fnt\n|faint|p1b: Talonflame\n|\n|win|Morit0josclar0s\n|raw|sauceconnoisseur's rating: 1343 → 1328<\/strong> (-15 for losing)\n|raw|Morit0josclar0s's rating: 1430 → 1445<\/strong> (+15 for winning)\n","uploadtime":1682093275,"views":5,"p1id":"sauceconnoisseur","p2id":"morit0josclar0s","formatid":"gen9vgc2023regulationc","rating":1328,"private":0,"password":""}