{"id":"gen9vgc2023regulationc-1856587144","p1":"Cilan123","p2":"dekukraken","format":"[Gen 9] VGC 2023 Regulation C","log":"|j|\u2606Cilan123\n|j|\u2606dekukraken\n|t:|1683079111\n|gametype|doubles\n|player|p1|Cilan123|cilan|\n|player|p2|dekukraken|burglar|\n|teamsize|p1|6\n|teamsize|p2|6\n|gen|9\n|tier|[Gen 9] VGC 2023 Regulation C\n|rule|Species Clause: Limit one of each Pok\u00e9mon\n|rule|Item Clause: Limit one of each item\n|clearpoke\n|poke|p1|Maushold-Four, L50|\n|poke|p1|Armarouge, L50, M|\n|poke|p1|Annihilape, L50, M|\n|poke|p1|Arboliva, L50, F|\n|poke|p1|Dragapult, L50, M|\n|poke|p1|Dragonite, L50, F|\n|poke|p2|Maushold-Four, L50|\n|poke|p2|Iron Bundle, L50|\n|poke|p2|Abomasnow, L50, M|\n|poke|p2|Talonflame, L50, M|\n|poke|p2|Pincurchin, L50, F|\n|poke|p2|Chi-Yu, L50|\n|teampreview|4\nCilan123 has agreed to open team sheets.\ndekukraken has agreed to open team sheets.\n|\n|t:|1683079189\n|start\n|switch|p1a: Dragapult|Dragapult, L50, M|100\/100\n|switch|p1b: Annihilape|Annihilape, L50, M|100\/100\n|switch|p2a: Chi-Yu|Chi-Yu, L50|100\/100\n|switch|p2b: Pincurchin|Pincurchin, L50, F|100\/100\n|-ability|p2a: Chi-Yu|Beads of Ruin\n|-fieldstart|move: Electric Terrain|[from] ability: Electric Surge|[of] p2b: Pincurchin\n|turn|1\n|\n|t:|1683079221\n|move|p2a: Chi-Yu|Protect|p2a: Chi-Yu\n|-singleturn|p2a: Chi-Yu|Protect\n|move|p1a: Dragapult|U-turn|p2b: Pincurchin\n|-damage|p2b: Pincurchin|77\/100\n|\n|t:|1683079226\n|switch|p1a: Maushold|Maushold-Four, L50|100\/100|[from] U-turn\n|move|p1b: Annihilape|Drain Punch|p2a: Chi-Yu\n|-activate|p2a: Chi-Yu|move: Protect\n|move|p2b: Pincurchin|Acupressure|p2a: Chi-Yu\n|-boost|p2a: Chi-Yu|spa|2\n|\n|upkeep\n|turn|2\n|\n|t:|1683079273\n|move|p1a: Maushold|Encore|p2a: Chi-Yu\n|-start|p2a: Chi-Yu|Encore\n|move|p2a: Chi-Yu|Protect||[still]\n|-fail|p2a: Chi-Yu\n|move|p1b: Annihilape|Drain Punch|p2a: Chi-Yu\n|-supereffective|p2a: Chi-Yu\n|-damage|p2a: Chi-Yu|25\/100\n|move|p2b: Pincurchin|Acupressure|p2a: Chi-Yu\n|-boost|p2a: Chi-Yu|spd|2\n|\n|upkeep\n|turn|3\n|\n|t:|1683079340\n|switch|p2a: Maushold|Maushold-Four, L50|100\/100\n|move|p1a: Maushold|Encore|p2b: Pincurchin\n|-start|p2b: Pincurchin|Encore\n|move|p1b: Annihilape|Drain Punch|p2a: Maushold\n|-supereffective|p2a: Maushold\n|-damage|p2a: Maushold|0 fnt\n|faint|p2a: Maushold\n|move|p2b: Pincurchin|Acupressure|p2b: Pincurchin\n|-boost|p2b: Pincurchin|spe|2\n|\n|upkeep\n|\n|t:|1683079349\n|switch|p2a: Iron Bundle|Iron Bundle, L50|100\/100\n|-activate|p2a: Iron Bundle|ability: Quark Drive\n|-start|p2a: Iron Bundle|quarkdrivespe\n|turn|4\n|\n|t:|1683079375\n|-terastallize|p2a: Iron Bundle|Ice\n|move|p1a: Maushold|Protect|p1a: Maushold\n|-singleturn|p1a: Maushold|Protect\n|move|p2a: Iron Bundle|Blizzard|p1a: Maushold|[spread] \n|-activate|p1a: Maushold|move: Protect\n|-miss|p2a: Iron Bundle|p1b: Annihilape\n|move|p1b: Annihilape|Drain Punch|p2a: Iron Bundle\n|-supereffective|p2a: Iron Bundle\n|-damage|p2a: Iron Bundle|18\/100\n|move|p2b: Pincurchin|Acupressure|p2a: Iron Bundle\n|-boost|p2a: Iron Bundle|spd|2\n|\n|upkeep\n|turn|5\n|\n|t:|1683079408\n|-terastallize|p1b: Annihilape|Fire\n|move|p1a: Maushold|Protect|p1a: Maushold\n|-singleturn|p1a: Maushold|Protect\n|move|p2a: Iron Bundle|Blizzard|p1b: Annihilape|[spread] \n|-activate|p1a: Maushold|move: Protect\n|-miss|p2a: Iron Bundle|p1b: Annihilape\n|move|p1b: Annihilape|Drain Punch|p2a: Iron Bundle\n|-supereffective|p2a: Iron Bundle\n|-damage|p2a: Iron Bundle|0 fnt\n|faint|p2a: Iron Bundle\n|-end|p2a: Iron Bundle|Quark Drive|[silent]\n|move|p2b: Pincurchin|Acupressure|p2: Iron Bundle|[notarget]\n|-fail|p2b: Pincurchin\n|\n|-end|p2b: Pincurchin|Encore\n|-fieldend|move: Electric Terrain\n|upkeep\n|\n|t:|1683079423\n|switch|p2a: Chi-Yu|Chi-Yu, L50|25\/100\n|-ability|p2a: Chi-Yu|Beads of Ruin\n|turn|6\n|\n|t:|1683079443\n|move|p2b: Pincurchin|Sucker Punch|p1b: Annihilape\n|-damage|p1b: Annihilape|88\/100\n|move|p1a: Maushold|Encore|p2b: Pincurchin\n|-start|p2b: Pincurchin|Encore\n|move|p2a: Chi-Yu|Dark Pulse|p1b: Annihilape\n|-damage|p1b: Annihilape|55\/100\n|move|p1b: Annihilape|Drain Punch|p2a: Chi-Yu\n|-supereffective|p2a: Chi-Yu\n|-damage|p2a: Chi-Yu|0 fnt\n|-heal|p1b: Annihilape|64\/100|[from] drain|[of] p2a: Chi-Yu\n|faint|p2a: Chi-Yu\n|\n|-heal|p1b: Annihilape|70\/100|[from] item: Leftovers\n|upkeep\n|turn|7\n|\n|t:|1683079461\n|move|p1a: Maushold|Follow Me|p1a: Maushold\n|-singleturn|p1a: Maushold|move: Follow Me\n|move|p2b: Pincurchin|Sucker Punch||[still]\n|-fail|p2b: Pincurchin\n|move|p1b: Annihilape|Rage Fist|p2b: Pincurchin\n|-damage|p2b: Pincurchin|8\/100\n|-enditem|p2b: Pincurchin|Sitrus Berry|[eat]\n|-heal|p2b: Pincurchin|32\/100|[from] item: Sitrus Berry\n|\n|-heal|p1b: Annihilape|76\/100|[from] item: Leftovers\n|upkeep\n|turn|8\n|inactive|Battle timer is ON: inactive players will automatically lose when time's up. (requested by Cilan123)\n|\n|t:|1683079473\n|move|p1a: Maushold|Follow Me|p1a: Maushold\n|-singleturn|p1a: Maushold|move: Follow Me\n|move|p2b: Pincurchin|Sucker Punch||[still]\n|-fail|p2b: Pincurchin\n|move|p1b: Annihilape|Rage Fist|p2b: Pincurchin\n|-damage|p2b: Pincurchin|0 fnt\n|faint|p2b: Pincurchin\n|\n|win|Cilan123\n|l|\u2606dekukraken\n","uploadtime":1683079745,"views":12,"p1id":"cilan123","p2id":"dekukraken","formatid":"gen9vgc2023regulationc","rating":0,"private":0,"password":""}