{"id":"gen9vgc2023regulationc-1854692435","p1":"Betty23333","p2":"Beignet-Sama","format":"[Gen 9] VGC 2023 Regulation C","log":"|j|\u2606Betty23333\n|j|\u2606Beignet-Sama\n|t:|1682851444\n|gametype|doubles\n|player|p1|Betty23333|lass-gen4dp|1040\n|player|p2|Beignet-Sama|101|1050\n|teamsize|p1|6\n|teamsize|p2|6\n|gen|9\n|tier|[Gen 9] VGC 2023 Regulation C\n|rated|\n|rule|Species Clause: Limit one of each Pok\u00e9mon\n|rule|Item Clause: Limit one of each item\n|clearpoke\n|poke|p1|Slowking, L50, F|\n|poke|p1|Glaceon, L50, F|\n|poke|p1|Amoonguss, L50, F|\n|poke|p1|Abomasnow, L50, F|\n|poke|p1|Mimikyu, L50, F|\n|poke|p1|Volcarona, L50, F|\n|poke|p2|Dondozo, L50, F|\n|poke|p2|Tatsugiri-Droopy, L50, M|\n|poke|p2|Pelipper, L50, M|\n|poke|p2|Drednaw, L50, M|\n|poke|p2|Dragonite, L50, M|\n|poke|p2|Chien-Pao, L50|\n|teampreview|4\n|\n|t:|1682851463\n|start\n|switch|p1a: Glaceon|Glaceon, L50, F|100\/100\n|switch|p1b: Abomasnow|Abomasnow, L50, F|100\/100\n|switch|p2a: Dondozo|Dondozo, L50, F|100\/100\n|switch|p2b: Pelipper|Pelipper, L50, M|100\/100\n|-weather|RainDance|[from] ability: Drizzle|[of] p2b: Pelipper\n|-weather|Snow|[from] ability: Snow Warning|[of] p1b: Abomasnow\n|turn|1\n|\n|t:|1682851482\n|switch|p2b: Tatsugiri|Tatsugiri-Droopy, L50, M, shiny|100\/100\n|-activate|p2b: Tatsugiri|ability: Commander|[of] p2a: Dondozo\n|-boost|p2a: Dondozo|atk|2\n|-boost|p2a: Dondozo|spa|2\n|-boost|p2a: Dondozo|spe|2\n|-boost|p2a: Dondozo|def|2\n|-boost|p2a: Dondozo|spd|2\n|-terastallize|p2a: Dondozo|Water\n|move|p1a: Glaceon|Protect|p1a: Glaceon\n|-singleturn|p1a: Glaceon|Protect\n|move|p2a: Dondozo|Surf|p1b: Abomasnow|[spread] p1b\n|-miss|p2a: Dondozo|p2b: Tatsugiri\n|-activate|p1a: Glaceon|move: Protect\n|-resisted|p1b: Abomasnow\n|-damage|p1b: Abomasnow|64\/100\n|-damage|p2a: Dondozo|91\/100|[from] item: Life Orb\n|move|p1b: Abomasnow|Aurora Veil|p1b: Abomasnow\n|-sidestart|p1: Betty23333|move: Aurora Veil\n|\n|-weather|Snow|[upkeep]\n|upkeep\n|turn|2\n|\n|t:|1682851502\n|-terastallize|p1a: Glaceon|Ice\n|move|p2a: Dondozo|Surf|p1b: Abomasnow|[spread] p1a,p1b\n|-miss|p2a: Dondozo|p2b: Tatsugiri\n|-resisted|p1b: Abomasnow\n|-damage|p1a: Glaceon|41\/100\n|-damage|p1b: Abomasnow|40\/100\n|-damage|p2a: Dondozo|81\/100|[from] item: Life Orb\n|move|p1a: Glaceon|Freeze-Dry|p2a: Dondozo\n|-supereffective|p2a: Dondozo\n|-damage|p2a: Dondozo|14\/100\n|move|p1b: Abomasnow|Leech Seed|p2a: Dondozo\n|-start|p2a: Dondozo|move: Leech Seed\n|\n|-weather|Snow|[upkeep]\n|-heal|p1a: Glaceon|47\/100|[from] ability: Ice Body\n|-heal|p1a: Glaceon|53\/100|[from] item: Leftovers\n|-damage|p2a: Dondozo|1\/100|[from] Leech Seed|[of] p1b: Abomasnow\n|-heal|p1b: Abomasnow|54\/100|[silent]\n|upkeep\n|turn|3\n|\n|t:|1682851529\n|move|p1a: Glaceon|Protect|p1a: Glaceon\n|-singleturn|p1a: Glaceon|Protect\n|move|p2a: Dondozo|Surf|p1b: Abomasnow|[spread] p1b\n|-miss|p2a: Dondozo|p2b: Tatsugiri\n|-activate|p1a: Glaceon|move: Protect\n|-resisted|p1b: Abomasnow\n|-damage|p1b: Abomasnow|31\/100\n|-damage|p2a: Dondozo|0 fnt|[from] item: Life Orb\n|faint|p2a: Dondozo\n|move|p1b: Abomasnow|Blizzard|p2b: Tatsugiri\n|-damage|p2b: Tatsugiri|53\/100\n|\n|-weather|Snow|[upkeep]\n|-heal|p1a: Glaceon|59\/100|[from] ability: Ice Body\n|-heal|p1a: Glaceon|64\/100|[from] item: Leftovers\n|upkeep\n|\n|t:|1682851537\n|switch|p2a: Chien-Pao|Chien-Pao, L50|100\/100\n|-ability|p2a: Chien-Pao|Sword of Ruin\n|turn|4\n|\n|t:|1682851551\n|move|p2b: Tatsugiri|Muddy Water|p1a: Glaceon|[spread] p1a,p1b\n|-resisted|p1b: Abomasnow\n|-damage|p1a: Glaceon|39\/100\n|-damage|p1b: Abomasnow|21\/100\n|-unboost|p1b: Abomasnow|accuracy|1\n|move|p2a: Chien-Pao|Sacred Sword|p1a: Glaceon\n|-supereffective|p1a: Glaceon\n|-damage|p1a: Glaceon|5\/100\n|move|p1a: Glaceon|Blizzard|p2b: Tatsugiri|[spread] p2a,p2b\n|-resisted|p2a: Chien-Pao\n|-crit|p2b: Tatsugiri\n|-damage|p2a: Chien-Pao|47\/100\n|-damage|p2b: Tatsugiri|0 fnt\n|faint|p2b: Tatsugiri\n|move|p1b: Abomasnow|Leech Seed|p2a: Chien-Pao\n|-start|p2a: Chien-Pao|move: Leech Seed\n|\n|-weather|Snow|[upkeep]\n|-heal|p1a: Glaceon|10\/100|[from] ability: Ice Body\n|-heal|p1a: Glaceon|16\/100|[from] item: Leftovers\n|-damage|p2a: Chien-Pao|35\/100|[from] Leech Seed|[of] p1b: Abomasnow\n|-heal|p1b: Abomasnow|30\/100|[silent]\n|upkeep\n|\n|t:|1682851565\n|switch|p2b: Pelipper|Pelipper, L50, M|100\/100\n|-weather|RainDance|[from] ability: Drizzle|[of] p2b: Pelipper\n|turn|5\n|\n|t:|1682851581\n|move|p1a: Glaceon|Protect|p1a: Glaceon\n|-singleturn|p1a: Glaceon|Protect\n|move|p2a: Chien-Pao|Sacred Sword|p1b: Abomasnow\n|-supereffective|p1b: Abomasnow\n|-crit|p1b: Abomasnow\n|-damage|p1b: Abomasnow|0 fnt\n|faint|p1b: Abomasnow\n|move|p2b: Pelipper|Hurricane|p1a: Glaceon\n|-activate|p1a: Glaceon|move: Protect\n|\n|-weather|RainDance|[upkeep]\n|-heal|p1a: Glaceon|22\/100|[from] item: Leftovers\n|-sideend|p1: Betty23333|move: Aurora Veil\n|upkeep\n|\n|t:|1682851591\n|switch|p1b: Amoonguss|Amoonguss, L50, F|100\/100\n|turn|6\n|\n|t:|1682851606\n|move|p2a: Chien-Pao|Sacred Sword|p1a: Glaceon\n|-supereffective|p1a: Glaceon\n|-damage|p1a: Glaceon|0 fnt\n|faint|p1a: Glaceon\n|move|p2b: Pelipper|Hurricane|p1b: Amoonguss\n|-supereffective|p1b: Amoonguss\n|-damage|p1b: Amoonguss|10\/100\n|-start|p1b: Amoonguss|confusion\n|-enditem|p1b: Amoonguss|Lum Berry|[eat]\n|-end|p1b: Amoonguss|confusion\n|move|p1b: Amoonguss|Pollen Puff|p1: Glaceon|[notarget]\n|-fail|p1b: Amoonguss\n|\n|-weather|RainDance|[upkeep]\n|-damage|p2a: Chien-Pao|23\/100|[from] Leech Seed|[of] p1b: Amoonguss\n|-heal|p1b: Amoonguss|19\/100|[silent]\n|upkeep\n|\n|t:|1682851609\n|switch|p1a: Mimikyu|Mimikyu, L50, F|100\/100\n|turn|7\n|\n|t:|1682851637\n|move|p1b: Amoonguss|Protect|p1b: Amoonguss\n|-singleturn|p1b: Amoonguss|Protect\n|move|p1a: Mimikyu|Shadow Sneak|p2a: Chien-Pao\n|-resisted|p2a: Chien-Pao\n|-damage|p2a: Chien-Pao|7\/100\n|-damage|p1a: Mimikyu|91\/100|[from] item: Life Orb\n|move|p2a: Chien-Pao|Ice Spinner|p1a: Mimikyu\n|-activate|p1a: Mimikyu|ability: Disguise\n|-damage|p1a: Mimikyu|91\/100\n|detailschange|p1a: Mimikyu|Mimikyu-Busted, L50, F\n|-damage|p1a: Mimikyu|78\/100|[from] pokemon: Mimikyu-Busted\n|move|p2b: Pelipper|Hurricane|p1a: Mimikyu\n|-damage|p1a: Mimikyu|24\/100\n|-start|p1a: Mimikyu|confusion\n|\n|-weather|RainDance|[upkeep]\n|-damage|p2a: Chien-Pao|0 fnt|[from] Leech Seed|[of] p1b: Amoonguss\n|-heal|p1b: Amoonguss|23\/100|[silent]\n|faint|p2a: Chien-Pao\n|upkeep\n|turn|8\n|\n|t:|1682851661\n|-activate|p1a: Mimikyu|confusion\n|move|p1a: Mimikyu|Wood Hammer|p2b: Pelipper\n|-damage|p2b: Pelipper|54\/100\n|-damage|p1a: Mimikyu|8\/100|[from] Recoil\n|-damage|p1a: Mimikyu|0 fnt|[from] item: Life Orb\n|faint|p1a: Mimikyu\n|move|p2b: Pelipper|Hurricane|p1b: Amoonguss\n|-supereffective|p1b: Amoonguss\n|-damage|p1b: Amoonguss|0 fnt\n|faint|p1b: Amoonguss\n|\n|win|Beignet-Sama\n|raw|Betty23333's rating: 1040 → 1024<\/strong> (-16 for losing)\n|raw|Beignet-Sama's rating: 1050 → 1082<\/strong> (+32 for winning)\n|l|\u2606Beignet-Sama\n","uploadtime":1682851682,"views":15,"p1id":"betty23333","p2id":"beignetsama","formatid":"gen9vgc2023regulationc","rating":1024,"private":0,"password":""}