{"id":"gen9vgc2023regulationc-1862659910","p1":"0TestingAC0","p2":"CharyVGC","format":"[Gen 9] VGC 2023 Regulation C","log":"|j|\u26060TestingAC0\n|j|\u2606CharyVGC\n|t:|1683909777\n|gametype|doubles\n|player|p1|0TestingAC0|shadowtriad|1348\n|player|p2|CharyVGC|2|1327\n|teamsize|p1|6\n|teamsize|p2|6\n|gen|9\n|tier|[Gen 9] VGC 2023 Regulation C\n|rated|\n|rule|Species Clause: Limit one of each Pok\u00e9mon\n|rule|Item Clause: Limit one of each item\n|clearpoke\n|poke|p1|Iron Bundle, L50|\n|poke|p1|Dondozo, L50, M|\n|poke|p1|Tatsugiri, L50, M|\n|poke|p1|Glimmora, L50, F|\n|poke|p1|Dragonite, L50, F|\n|poke|p1|Chi-Yu, L50|\n|poke|p2|Garchomp, L50, F|\n|poke|p2|Murkrow, L50, M|\n|poke|p2|Flutter Mane, L50|\n|poke|p2|Volcarona, L50, F|\n|poke|p2|Gyarados, L50, M|\n|poke|p2|Chi-Yu, L50|\n|teampreview|4\n|\n|t:|1683909823\n|start\n|switch|p1a: Iron Bundle|Iron Bundle, L50|100\/100\n|switch|p1b: Glimmora|Glimmora, L50, F|100\/100\n|switch|p2a: Murkrow|Murkrow, L50, M|100\/100\n|switch|p2b: Flutter Mane|Flutter Mane, L50|100\/100\n|-enditem|p1a: Iron Bundle|Booster Energy\n|-activate|p1a: Iron Bundle|ability: Quark Drive|[fromitem]\n|-start|p1a: Iron Bundle|quarkdrivespe\n|turn|1\n|inactive|Battle timer is ON: inactive players will automatically lose when time's up. (requested by CharyVGC)\n|\n|t:|1683909854\n|-terastallize|p2b: Flutter Mane|Fairy\n|move|p1a: Iron Bundle|Protect|p1a: Iron Bundle\n|-singleturn|p1a: Iron Bundle|Protect\n|move|p2a: Murkrow|Tailwind|p2a: Murkrow\n|-sidestart|p2: CharyVGC|move: Tailwind\n|move|p2b: Flutter Mane|Moonblast|p1a: Iron Bundle\n|-activate|p1a: Iron Bundle|move: Protect\n|move|p1b: Glimmora|Mortal Spin|p2a: Murkrow|[spread] p2a,p2b\n|-crit|p2a: Murkrow\n|-supereffective|p2b: Flutter Mane\n|-damage|p2a: Murkrow|93\/100\n|-damage|p2b: Flutter Mane|80\/100\n|-status|p2a: Murkrow|psn\n|-status|p2b: Flutter Mane|psn\n|\n|-damage|p2b: Flutter Mane|68\/100 psn|[from] psn\n|-damage|p2a: Murkrow|81\/100 psn|[from] psn\n|upkeep\n|turn|2\n|inactive|0TestingAC0 has 30 seconds left.\n|inactive|0TestingAC0 has 20 seconds left.\n|inactive|0TestingAC0 has 15 seconds left.\n|inactive|0TestingAC0 has 10 seconds left.\n|\n|t:|1683909902\n|-terastallize|p1a: Iron Bundle|Ice\n|move|p2a: Murkrow|Sunny Day|p2a: Murkrow\n|-weather|SunnyDay\n|-activate|p2b: Flutter Mane|ability: Protosynthesis\n|-start|p2b: Flutter Mane|protosynthesisspe\n|move|p2b: Flutter Mane|Moonblast|p1a: Iron Bundle\n|-damage|p1a: Iron Bundle|0 fnt\n|faint|p1a: Iron Bundle\n|-end|p1a: Iron Bundle|Quark Drive|[silent]\n|-damage|p2b: Flutter Mane|58\/100 psn|[from] item: Life Orb\n|move|p1b: Glimmora|Power Gem|p2b: Flutter Mane\n|-damage|p2b: Flutter Mane|16\/100 psn\n|\n|-weather|SunnyDay|[upkeep]\n|-damage|p2b: Flutter Mane|4\/100 psn|[from] psn\n|-damage|p2a: Murkrow|69\/100 psn|[from] psn\n|upkeep\n|\n|t:|1683909918\n|switch|p1a: Dondozo|Dondozo, L50, M|100\/100\n|turn|3\n|\n|t:|1683909940\n|-end|p2b: Flutter Mane|Protosynthesis|[silent]\n|switch|p2b: Chi-Yu|Chi-Yu, L50|100\/100\n|-ability|p2b: Chi-Yu|Beads of Ruin\n|move|p1a: Dondozo|Protect|p1a: Dondozo\n|-singleturn|p1a: Dondozo|Protect\n|move|p2a: Murkrow|Taunt|p1a: Dondozo\n|-activate|p1a: Dondozo|move: Protect\n|move|p1b: Glimmora|Power Gem|p2a: Murkrow\n|-supereffective|p2a: Murkrow\n|-damage|p2a: Murkrow|0 fnt\n|faint|p2a: Murkrow\n|\n|-weather|SunnyDay|[upkeep]\n|upkeep\n|\n|t:|1683909957\n|switch|p2a: Flutter Mane|Flutter Mane, L50, tera:Fairy|4\/100 psn\n|-activate|p2a: Flutter Mane|ability: Protosynthesis\n|-start|p2a: Flutter Mane|protosynthesisspe\n|turn|4\n|\n|t:|1683909980\n|move|p2a: Flutter Mane|Dazzling Gleam|p1b: Glimmora|[spread] p1a,p1b\n|-resisted|p1b: Glimmora\n|-damage|p1a: Dondozo|41\/100\n|-damage|p1b: Glimmora|80\/100\n|-damage|p2a: Flutter Mane|0 fnt|[from] item: Life Orb\n|faint|p2a: Flutter Mane\n|-end|p2a: Flutter Mane|Protosynthesis|[silent]\n|move|p2b: Chi-Yu|Psychic|p1b: Glimmora\n|-supereffective|p1b: Glimmora\n|-damage|p1b: Glimmora|9\/100\n|-unboost|p1b: Glimmora|spd|1\n|move|p1b: Glimmora|Mortal Spin|p2b: Chi-Yu\n|-damage|p2b: Chi-Yu|90\/100\n|-status|p2b: Chi-Yu|psn\n|move|p1a: Dondozo|Wave Crash|p2b: Chi-Yu\n|-supereffective|p2b: Chi-Yu\n|-damage|p2b: Chi-Yu|0 fnt\n|faint|p2b: Chi-Yu\n|-damage|p1a: Dondozo|24\/100|[from] Recoil\n|\n|-weather|SunnyDay|[upkeep]\n|-heal|p1a: Dondozo|30\/100|[from] item: Leftovers\n|-sideend|p2: CharyVGC|move: Tailwind\n|upkeep\n|\n|t:|1683910003\n|switch|p2a: Volcarona|Volcarona, L50, F|100\/100\n|turn|5\n|\n|t:|1683910015\n|move|p2a: Volcarona|Heat Wave|p1b: Glimmora|[spread] p1a,p1b\n|-resisted|p1a: Dondozo\n|-resisted|p1b: Glimmora\n|-damage|p1a: Dondozo|8\/100\n|-damage|p1b: Glimmora|0 fnt\n|faint|p1b: Glimmora\n|move|p1a: Dondozo|Earthquake|p2a: Volcarona\n|-damage|p2a: Volcarona|67\/100\n|\n|-weather|SunnyDay|[upkeep]\n|-heal|p2a: Volcarona|73\/100|[from] item: Leftovers\n|-heal|p1a: Dondozo|15\/100|[from] item: Leftovers\n|upkeep\n|\n|t:|1683910026\n|switch|p1b: Dragonite|Dragonite, L50, F|100\/100\n|turn|6\n|\n|t:|1683910033\n|move|p1a: Dondozo|Protect|p1a: Dondozo\n|-singleturn|p1a: Dondozo|Protect\n|move|p1b: Dragonite|Extreme Speed|p2a: Volcarona\n|-damage|p2a: Volcarona|33\/100\n|move|p2a: Volcarona|Heat Wave|p1b: Dragonite|[spread] p1b\n|-activate|p1a: Dondozo|move: Protect\n|-resisted|p1b: Dragonite\n|-damage|p1b: Dragonite|88\/100\n|\n|-weather|none\n|-heal|p2a: Volcarona|40\/100|[from] item: Leftovers\n|-heal|p1a: Dondozo|21\/100|[from] item: Leftovers\n|upkeep\n|turn|7\n|-message|CharyVGC forfeited.\n|\n|win|0TestingAC0\n|raw|0TestingAC0's rating: 1348 → 1367<\/strong> (+19 for winning)\n|raw|CharyVGC's rating: 1327 → 1308<\/strong> (-19 for losing)\n|l|\u2606CharyVGC\n","uploadtime":1683910056,"views":9,"p1id":"0testingac0","p2id":"charyvgc","formatid":"gen9vgc2023regulationc","rating":1308,"private":0,"password":""}