{"id":"gen9vgc2023regulationc-1850469219","p1":"ScrubShadedPurple","p2":"dansdh","format":"[Gen 9] VGC 2023 Regulation C","log":"|j|\u2606ScrubShadedPurple\n|j|\u2606dansdh\n|t:|1682340275\n|gametype|doubles\n|player|p1|ScrubShadedPurple|2|1086\n|player|p2|dansdh|170|1028\n|teamsize|p1|6\n|teamsize|p2|6\n|gen|9\n|tier|[Gen 9] VGC 2023 Regulation C\n|rated|\n|rule|Species Clause: Limit one of each Pok\u00e9mon\n|rule|Item Clause: Limit one of each item\n|clearpoke\n|poke|p1|Grafaiai, L50, F|\n|poke|p1|Palafin, L50, M|\n|poke|p1|Chi-Yu, L50|\n|poke|p1|Baxcalibur, L50, F|\n|poke|p1|Amoonguss, L50, F|\n|poke|p1|Flutter Mane, L50|\n|poke|p2|Chien-Pao, L50|\n|poke|p2|Garchomp, L50, F|\n|poke|p2|Kilowattrel, L50, M|\n|poke|p2|Ceruledge, L50, M|\n|poke|p2|Indeedee-F, L50, F|\n|poke|p2|Murkrow, L50, M|\n|teampreview|4\n|\n|t:|1682340306\n|start\n|switch|p1a: Grafaiai|Grafaiai, L50, F|100\/100\n|switch|p1b: Flutter Mane|Flutter Mane, L50|100\/100\n|switch|p2a: Murkrow|Murkrow, L50, M, shiny|100\/100\n|switch|p2b: Ceruledge|Ceruledge, L50, M, shiny|100\/100\n|turn|1\n|inactive|Battle timer is ON: inactive players will automatically lose when time's up. (requested by ScrubShadedPurple)\n|\n|t:|1682340333\n|move|p2b: Ceruledge|Protect|p2b: Ceruledge\n|-singleturn|p2b: Ceruledge|Protect\n|move|p1a: Grafaiai|Parting Shot|p2b: Ceruledge\n|-activate|p2b: Ceruledge|move: Protect\n|move|p1b: Flutter Mane|Dazzling Gleam|p2b: Ceruledge|[spread] p2a\n|-activate|p2b: Ceruledge|move: Protect\n|-supereffective|p2a: Murkrow\n|-damage|p2a: Murkrow|0 fnt\n|faint|p2a: Murkrow\n|\n|upkeep\n|\n|t:|1682340342\n|switch|p2a: Chien-Pao|Chien-Pao, L50|100\/100\n|-ability|p2a: Chien-Pao|Sword of Ruin\n|turn|2\n|\n|t:|1682340359\n|move|p2a: Chien-Pao|Sucker Punch|p1b: Flutter Mane\n|-damage|p1b: Flutter Mane|0 fnt\n|faint|p1b: Flutter Mane\n|-end|p1b: Flutter Mane|Protosynthesis|[silent]\n|-damage|p2a: Chien-Pao|91\/100|[from] item: Life Orb\n|move|p1a: Grafaiai|Parting Shot|p2a: Chien-Pao\n|-hint|Since gen 7, Dark is immune to Prankster moves.\n|-immune|p2a: Chien-Pao\n|move|p2b: Ceruledge|Shadow Sneak|p1a: Grafaiai\n|-immune|p1a: Grafaiai\n|\n|upkeep\n|\n|t:|1682340377\n|switch|p1b: Baxcalibur|Baxcalibur, L50, F|100\/100\n|turn|3\n|\n|t:|1682340396\n|move|p1b: Baxcalibur|Protect|p1b: Baxcalibur\n|-singleturn|p1b: Baxcalibur|Protect\n|move|p1a: Grafaiai|Encore|p2b: Ceruledge\n|-start|p2b: Ceruledge|Encore\n|move|p2a: Chien-Pao|Sacred Sword|p1b: Baxcalibur\n|-activate|p1b: Baxcalibur|move: Protect\n|move|p2b: Ceruledge|Shadow Sneak|p1b: Baxcalibur\n|-activate|p1b: Baxcalibur|move: Protect\n|\n|upkeep\n|turn|4\n|inactive|ScrubShadedPurple has 30 seconds left.\n|\n|t:|1682340430\n|-terastallize|p1b: Baxcalibur|Water\n|move|p2b: Ceruledge|Shadow Sneak|p1b: Baxcalibur\n|-damage|p1b: Baxcalibur|74\/100\n|move|p1a: Grafaiai|Encore|p2a: Chien-Pao\n|-hint|Since gen 7, Dark is immune to Prankster moves.\n|-immune|p2a: Chien-Pao\n|move|p2a: Chien-Pao|Sacred Sword|p1b: Baxcalibur\n|-damage|p1b: Baxcalibur|29\/100\n|-damage|p2a: Chien-Pao|81\/100|[from] item: Life Orb\n|move|p1b: Baxcalibur|Glaive Rush|p2a: Chien-Pao\n|-damage|p2a: Chien-Pao|0 fnt\n|-singlemove|p1b: Baxcalibur|Glaive Rush|[silent]\n|faint|p2a: Chien-Pao\n|\n|upkeep\n|\n|t:|1682340444\n|switch|p2a: Indeedee|Indeedee-F, L50, F|100\/100\n|-fieldstart|move: Psychic Terrain|[from] ability: Psychic Surge|[of] p2a: Indeedee\n|-enditem|p2a: Indeedee|Psychic Seed\n|-boost|p2a: Indeedee|spd|1|[from] item: Psychic Seed\n|turn|5\n|\n|t:|1682340461\n|move|p1b: Baxcalibur|Protect|p1b: Baxcalibur\n|-singleturn|p1b: Baxcalibur|Protect\n|move|p2a: Indeedee|Protect|p2a: Indeedee\n|-singleturn|p2a: Indeedee|Protect\n|move|p1a: Grafaiai|Taunt|p2a: Indeedee\n|-activate|p2a: Indeedee|move: Psychic Terrain\n|move|p2b: Ceruledge|Shadow Sneak|p1b: Baxcalibur\n|-activate|p1b: Baxcalibur|move: Psychic Terrain\n|\n|-end|p2b: Ceruledge|Encore\n|upkeep\n|turn|6\n|inactive|ScrubShadedPurple has 30 seconds left.\n|inactive|dansdh has 30 seconds left.\n|inactive|ScrubShadedPurple has 20 seconds left.\n|inactive|ScrubShadedPurple has 15 seconds left.\n|inactive|ScrubShadedPurple has 10 seconds left.\n|inactive|ScrubShadedPurple has 5 seconds left.\n|\n|t:|1682340514\n|move|p2a: Indeedee|Follow Me|p2a: Indeedee\n|-singleturn|p2a: Indeedee|move: Follow Me\n|move|p1a: Grafaiai|Taunt|p2a: Indeedee\n|-activate|p2a: Indeedee|move: Psychic Terrain\n|move|p2b: Ceruledge|Bitter Blade|p1a: Grafaiai\n|-damage|p1a: Grafaiai|37\/100\n|-enditem|p1a: Grafaiai|Eject Button\n|\n|t:|1682340521\n|switch|p1a: Chi-Yu|Chi-Yu, L50|100\/100\n|-ability|p1a: Chi-Yu|Beads of Ruin\n|move|p1b: Baxcalibur|Glaive Rush|p2a: Indeedee\n|-damage|p2a: Indeedee|0 fnt\n|-singlemove|p1b: Baxcalibur|Glaive Rush|[silent]\n|faint|p2a: Indeedee\n|\n|upkeep\n|turn|7\n|-message|dansdh forfeited.\n|\n|win|ScrubShadedPurple\n|raw|ScrubShadedPurple's rating: 1086 → 1109<\/strong> (+23 for winning)\n|raw|dansdh's rating: 1028 → 1016<\/strong> (-12 for losing)\n|l|\u2606dansdh\n","uploadtime":1682340536,"views":20,"p1id":"scrubshadedpurple","p2id":"dansdh","formatid":"gen9vgc2023regulationc","rating":1016,"private":0,"password":""}