{"id":"gen9vgc2023regulationc-1847777257","p1":"Tonnoman","p2":"Yamill","format":"[Gen 9] VGC 2023 Regulation C","log":"|j|\u2606Tonnoman\n|j|\u2606Yamill\n|t:|1682001107\n|gametype|doubles\n|player|p1|Tonnoman|pryce|1023\n|player|p2|Yamill|102|1000\n|teamsize|p1|6\n|teamsize|p2|6\n|gen|9\n|tier|[Gen 9] VGC 2023 Regulation C\n|rated|\n|rule|Species Clause: Limit one of each Pok\u00e9mon\n|rule|Item Clause: Limit one of each item\n|clearpoke\n|poke|p1|Wo-Chien, L50|\n|poke|p1|Gothitelle, L50, F|\n|poke|p1|Glimmora, L50, F|\n|poke|p1|Flutter Mane, L50|\n|poke|p1|Dragonite, L50, M|\n|poke|p1|Gyarados, L50, M|\n|poke|p2|Lilligant, L50, F|\n|poke|p2|Torkoal, L50, F|\n|poke|p2|Flutter Mane, L50|\n|poke|p2|Kingambit, L50, F|\n|poke|p2|Dragonite, L50, F|\n|poke|p2|Great Tusk, L50|\n|teampreview|4\n|inactive|Battle timer is ON: inactive players will automatically lose when time's up. (requested by Tonnoman)\n|inactive|Yamill has 60 seconds left.\n|\n|t:|1682001147\n|start\n|switch|p1a: Gothitelle|Gothitelle, L50, F|100\/100\n|switch|p1b: Flutter Mane|Flutter Mane, L50|100\/100\n|switch|p2a: HOT|Kingambit, L50, F, shiny|100\/100\n|switch|p2b: FANCY|Flutter Mane, L50, shiny|100\/100\n|turn|1\n|inactive|Yamill has 30 seconds left.\n|\n|t:|1682001173\n|move|p1a: Gothitelle|Fake Out|p2a: HOT\n|-resisted|p2a: HOT\n|-crit|p2a: HOT\n|-damage|p2a: HOT|97\/100\n|move|p1b: Flutter Mane|Perish Song|p1b: Flutter Mane\n|-start|p1a: Gothitelle|perish3|[silent]\n|-start|p1b: Flutter Mane|perish3|[silent]\n|-start|p2a: HOT|perish3|[silent]\n|-start|p2b: FANCY|perish3|[silent]\n|-fieldactivate|move: Perish Song\n|move|p2b: FANCY|Dazzling Gleam|p1a: Gothitelle|[spread] p1a,p1b\n|-damage|p1a: Gothitelle|52\/100\n|-damage|p1b: Flutter Mane|43\/100\n|cant|p2a: HOT|flinch\n|\n|-start|p1b: Flutter Mane|perish3\n|-start|p2b: FANCY|perish3\n|-start|p1a: Gothitelle|perish3\n|-start|p2a: HOT|perish3\n|upkeep\n|turn|2\n|inactive|Yamill has 30 seconds left.\n|\n|t:|1682001203\n|move|p1a: Gothitelle|Protect|p1a: Gothitelle\n|-singleturn|p1a: Gothitelle|Protect\n|move|p1b: Flutter Mane|Shadow Ball|p2b: FANCY\n|-supereffective|p2b: FANCY\n|-damage|p2b: FANCY|9\/100\n|move|p2b: FANCY|Dazzling Gleam|p1b: Flutter Mane|[spread] p1b\n|-activate|p1a: Gothitelle|move: Protect\n|-damage|p1b: Flutter Mane|0 fnt\n|faint|p1b: Flutter Mane\n|-end|p1b: Flutter Mane|Protosynthesis|[silent]\n|move|p2a: HOT|Iron Head|p1a: Gothitelle\n|-activate|p1a: Gothitelle|move: Protect\n|\n|-start|p2b: FANCY|perish2\n|-start|p1a: Gothitelle|perish2\n|-start|p2a: HOT|perish2\n|upkeep\n|\n|t:|1682001215\n|switch|p1b: Wo-Chien|Wo-Chien, L50|100\/100\n|-ability|p1b: Wo-Chien|Tablets of Ruin\n|turn|3\n|\n|t:|1682001227\n|move|p2b: FANCY|Dazzling Gleam|p1b: Wo-Chien|[spread] p1a,p1b\n|-supereffective|p1b: Wo-Chien\n|-damage|p1a: Gothitelle|4\/100\n|-damage|p1b: Wo-Chien|40\/100\n|move|p1b: Wo-Chien|Leech Seed|p2a: HOT\n|-start|p2a: HOT|move: Leech Seed\n|move|p1a: Gothitelle|Psychic|p2b: FANCY\n|-damage|p2b: FANCY|0 fnt\n|faint|p2b: FANCY\n|-end|p2b: FANCY|Protosynthesis|[silent]\n|move|p2a: HOT|Kowtow Cleave|p1a: Gothitelle\n|-supereffective|p1a: Gothitelle\n|-damage|p1a: Gothitelle|0 fnt\n|faint|p1a: Gothitelle\n|\n|-heal|p1b: Wo-Chien|46\/100|[from] item: Leftovers\n|-damage|p2a: HOT|85\/100|[from] Leech Seed|[of] p1b: Wo-Chien\n|-heal|p1b: Wo-Chien|59\/100|[silent]\n|-start|p2a: HOT|perish1\n|upkeep\n|\n|t:|1682001248\n|switch|p2b: Trouble|Great Tusk, L50, shiny|100\/100\n|switch|p1a: Glimmora|Glimmora, L50, F|100\/100\n|turn|4\n|\n|t:|1682001271\n|switch|p2a: Breakthrough|Torkoal, L50, F, shiny|100\/100\n|-weather|SunnyDay|[from] ability: Drought|[of] p2a: Breakthrough\n|-activate|p2b: Trouble|ability: Protosynthesis\n|-start|p2b: Trouble|protosynthesisatk\n|-terastallize|p1a: Glimmora|Grass\n|move|p2b: Trouble|Close Combat|p1b: Wo-Chien\n|-supereffective|p1b: Wo-Chien\n|-damage|p1b: Wo-Chien|0 fnt\n|-unboost|p2b: Trouble|def|1\n|-unboost|p2b: Trouble|spd|1\n|faint|p1b: Wo-Chien\n|move|p1a: Glimmora|Mortal Spin|p2a: Breakthrough|[spread] p2a,p2b\n|-resisted|p2b: Trouble\n|-damage|p2a: Breakthrough|97\/100\n|-damage|p2b: Trouble|99\/100\n|-status|p2a: Breakthrough|psn\n|-status|p2b: Trouble|psn\n|\n|-weather|SunnyDay|[upkeep]\n|-damage|p2b: Trouble|87\/100 psn|[from] psn\n|-damage|p2a: Breakthrough|85\/100 psn|[from] psn\n|upkeep\n|turn|5\n|\n|t:|1682001289\n|-terastallize|p2a: Breakthrough|Fire\n|move|p2b: Trouble|Close Combat|p1a: Glimmora\n|-damage|p1a: Glimmora|15\/100\n|-unboost|p2b: Trouble|def|1\n|-unboost|p2b: Trouble|spd|1\n|-activate|p1a: Glimmora|ability: Toxic Debris\n|-sidestart|p2: Yamill|move: Toxic Spikes\n|move|p1a: Glimmora|Power Gem|p2a: Breakthrough\n|-supereffective|p2a: Breakthrough\n|-damage|p2a: Breakthrough|0 fnt\n|faint|p2a: Breakthrough\n|\n|-weather|SunnyDay|[upkeep]\n|-damage|p2b: Trouble|75\/100 psn|[from] psn\n|upkeep\n|\n|t:|1682001299\n|switch|p2a: HOT|Kingambit, L50, F, shiny|85\/100\n|turn|6\n|-message|Tonnoman forfeited.\n|\n|win|Yamill\n|raw|Tonnoman's rating: 1023 → 1009<\/strong> (-14 for losing)\n|raw|Yamill's rating: 1000 → 1043<\/strong> (+43 for winning)\n|l|\u2606Tonnoman\n","uploadtime":1682001309,"views":4,"p1id":"tonnoman","p2id":"yamill","formatid":"gen9vgc2023regulationc","rating":1009,"private":0,"password":""}