{"id":"gen9vgc2023regulationc-1849035564","p1":"kinohara","p2":"leafyarrow","format":"[Gen 9] VGC 2023 Regulation C","log":"|j|\u2606kinohara\n|j|\u2606leafyarrow\n|t:|1682142742\n|gametype|doubles\n|player|p1|kinohara|acetrainerf|\n|player|p2|leafyarrow|leaf-masters|\n|teamsize|p1|6\n|teamsize|p2|6\n|gen|9\n|tier|[Gen 9] VGC 2023 Regulation C\n|rule|Species Clause: Limit one of each Pok\u00e9mon\n|rule|Item Clause: Limit one of each item\n|clearpoke\n|poke|p1|Iron Hands, L50|\n|poke|p1|Amoonguss, L50, F|\n|poke|p1|Pelipper, L50, F|\n|poke|p1|Palafin, L50, F|\n|poke|p1|Baxcalibur, L50, F|\n|poke|p1|Dragonite, L50, F|\n|poke|p2|Flutter Mane, L50|\n|poke|p2|Palafin, L50, F|\n|poke|p2|Amoonguss, L50, M|\n|poke|p2|Ting-Lu, L50|\n|poke|p2|Arcanine, L50, M|\n|poke|p2|Jolteon, L50, M|\n|teampreview|4\nleafyarrow has agreed to open team sheets.\nkinohara has agreed to open team sheets.\n|\n|t:|1682142785\n|start\n|switch|p1a: Maradona|Iron Hands, L50, shiny|100\/100\n|switch|p1b: Shrom41Mor|Amoonguss, L50, F|100\/100\n|switch|p2a: Palafin|Palafin, L50, F|100\/100\n|switch|p2b: Flutter Mane|Flutter Mane, L50|100\/100\n|turn|1\n|\n|t:|1682142803\n|detailschange|p2a: Palafin|Palafin-Hero, L50, F\n|switch|p2a: Arcanine|Arcanine, L50, M|100\/100\n|-ability|p2a: Arcanine|Intimidate|boost\n|-unboost|p1a: Maradona|atk|1\n|-unboost|p1b: Shrom41Mor|atk|1\n|move|p2b: Flutter Mane|Moonblast|p1a: Maradona\n|-supereffective|p1a: Maradona\n|-damage|p1a: Maradona|29\/100\n|-unboost|p1a: Maradona|spa|1\n|move|p1a: Maradona|Volt Switch|p2b: Flutter Mane\n|-damage|p2b: Flutter Mane|91\/100\n|\n|t:|1682142813\n|-end|p1a: Maradona|Quark Drive|[silent]\n|switch|p1a: Torqoise|Palafin, L50, F|100\/100|[from] Volt Switch\n|move|p1b: Shrom41Mor|Spore|p2b: Flutter Mane\n|-status|p2b: Flutter Mane|slp|[from] move: Spore\n|\n|upkeep\n|turn|2\n|\n|t:|1682142838\n|-end|p2b: Flutter Mane|Protosynthesis|[silent]\n|switch|p2b: Palafin|Palafin-Hero, L50, F|100\/100\n|-activate|p2b: Palafin|ability: Zero to Hero\n|detailschange|p1a: Torqoise|Palafin-Hero, L50, F\n|switch|p1a: Maradona|Iron Hands, L50, shiny|29\/100\n|-terastallize|p2a: Arcanine|Grass\n|move|p2a: Arcanine|Will-O-Wisp|p1a: Maradona\n|-status|p1a: Maradona|brn\n|move|p1b: Shrom41Mor|Pollen Puff|p1a: Maradona\n|-heal|p1a: Maradona|79\/100 brn\n|\n|-damage|p1a: Maradona|73\/100 brn|[from] brn\n|upkeep\n|turn|3\n|\n|t:|1682142864\n|switch|p2b: Flutter Mane|Flutter Mane, L50|91\/100 slp\n|move|p2a: Arcanine|Flare Blitz|p1b: Shrom41Mor\n|-supereffective|p1b: Shrom41Mor\n|-damage|p1b: Shrom41Mor|10\/100\n|-enditem|p1b: Shrom41Mor|Sitrus Berry|[eat]\n|-heal|p1b: Shrom41Mor|35\/100|[from] item: Sitrus Berry\n|-damage|p2a: Arcanine|67\/100|[from] Recoil\n|move|p1a: Maradona|Wild Charge|p2b: Flutter Mane\n|-crit|p2b: Flutter Mane\n|-damage|p2b: Flutter Mane|29\/100 slp\n|-damage|p1a: Maradona|64\/100 brn|[from] Recoil\n|move|p1b: Shrom41Mor|Spore|p2b: Flutter Mane\n|-fail|p2b: Flutter Mane|slp\n|\n|-damage|p1a: Maradona|58\/100 brn|[from] brn\n|upkeep\n|turn|4\n|\n|t:|1682142885\n|move|p1b: Shrom41Mor|Protect|p1b: Shrom41Mor\n|-singleturn|p1b: Shrom41Mor|Protect\n|cant|p2b: Flutter Mane|slp\n|move|p2a: Arcanine|Will-O-Wisp|p1b: Shrom41Mor\n|-activate|p1b: Shrom41Mor|move: Protect\n|move|p1a: Maradona|Wild Charge|p2b: Flutter Mane\n|-damage|p2b: Flutter Mane|0 fnt\n|faint|p2b: Flutter Mane\n|-end|p2b: Flutter Mane|Protosynthesis|[silent]\n|-damage|p1a: Maradona|54\/100 brn|[from] Recoil\n|\n|-damage|p1a: Maradona|48\/100 brn|[from] brn\n|upkeep\n|\n|t:|1682142900\n|switch|p2b: Palafin|Palafin-Hero, L50, F|100\/100\n|turn|5\n|\n|t:|1682142910\n|move|p1b: Shrom41Mor|Rage Powder|p1b: Shrom41Mor\n|-singleturn|p1b: Shrom41Mor|move: Rage Powder\n|move|p2b: Palafin|Jet Punch|p1b: Shrom41Mor\n|-resisted|p1b: Shrom41Mor\n|-damage|p1b: Shrom41Mor|11\/100\n|move|p2a: Arcanine|Flare Blitz|p1b: Shrom41Mor\n|-supereffective|p1b: Shrom41Mor\n|-damage|p1b: Shrom41Mor|0 fnt\n|faint|p1b: Shrom41Mor\n|-damage|p2a: Arcanine|63\/100|[from] Recoil\n|move|p1a: Maradona|Volt Switch|p2b: Palafin\n|-supereffective|p2b: Palafin\n|-damage|p2b: Palafin|77\/100\n|\n|t:|1682142927\n|-end|p1a: Maradona|Quark Drive|[silent]\n|switch|p1a: Torqoise|Palafin-Hero, L50, F|100\/100|[from] Volt Switch\n|-activate|p1a: Torqoise|ability: Zero to Hero\n|\n|upkeep\n|\n|t:|1682142932\n|switch|p1b: Beaker|Pelipper, L50, F|100\/100\n|-weather|RainDance|[from] ability: Drizzle|[of] p1b: Beaker\n|turn|6\n|\n|t:|1682142946\n|switch|p1a: Maradona|Iron Hands, L50, shiny|48\/100 brn\n|move|p2a: Arcanine|Extreme Speed|p1b: Beaker\n|-damage|p1b: Beaker|73\/100\n|move|p2b: Palafin|Wave Crash|p1b: Beaker\n|-resisted|p1b: Beaker\n|-damage|p1b: Beaker|0 fnt\n|faint|p1b: Beaker\n|-damage|p2b: Palafin|60\/100|[from] Recoil\n|\n|-weather|RainDance|[upkeep]\n|-damage|p1a: Maradona|42\/100 brn|[from] brn\n|upkeep\n|\n|t:|1682142954\n|switch|p1b: Torqoise|Palafin-Hero, L50, F|100\/100\n|turn|7\n|\n|t:|1682142988\n|-terastallize|p1b: Torqoise|Water\n|move|p2a: Arcanine|Protect|p2a: Arcanine\n|-singleturn|p2a: Arcanine|Protect\n|move|p2b: Palafin|Protect|p2b: Palafin\n|-singleturn|p2b: Palafin|Protect\n|move|p1a: Maradona|Fake Out|p2b: Palafin\n|-activate|p2b: Palafin|move: Protect\n|move|p1b: Torqoise|Wave Crash|p2b: Palafin\n|-activate|p2b: Palafin|move: Protect\n|\n|-weather|RainDance|[upkeep]\n|-damage|p1a: Maradona|36\/100 brn|[from] brn\n|upkeep\n|turn|8\n|\n|t:|1682143006\n|move|p2b: Palafin|Jet Punch|p1a: Maradona\n|-damage|p1a: Maradona|0 fnt\n|faint|p1a: Maradona\n|-end|p1a: Maradona|Quark Drive|[silent]\n|move|p2a: Arcanine|Will-O-Wisp|p1b: Torqoise|[miss]\n|-miss|p2a: Arcanine|p1b: Torqoise\n|move|p1b: Torqoise|Wave Crash|p2b: Palafin\n|-resisted|p2b: Palafin\n|-damage|p2b: Palafin|0 fnt\n|faint|p2b: Palafin\n|-damage|p1b: Torqoise|81\/100|[from] Recoil\n|\n|-weather|RainDance|[upkeep]\n|upkeep\n|\n|t:|1682143016\n|switch|p2b: Jolteon|Jolteon, L50, M|100\/100\n|turn|9\n|\n|t:|1682143025\n|move|p1b: Torqoise|Protect|p1b: Torqoise\n|-singleturn|p1b: Torqoise|Protect\n|move|p2b: Jolteon|Thunderbolt|p1b: Torqoise\n|-activate|p1b: Torqoise|move: Protect\n|move|p2a: Arcanine|Will-O-Wisp|p1b: Torqoise\n|-activate|p1b: Torqoise|move: Protect\n|\n|-weather|RainDance|[upkeep]\n|upkeep\n|turn|10\n|\n|t:|1682143031\n|move|p2b: Jolteon|Thunderbolt|p1b: Torqoise\n|-supereffective|p1b: Torqoise\n|-damage|p1b: Torqoise|3\/100\n|-status|p1b: Torqoise|par\n|move|p2a: Arcanine|Will-O-Wisp||[still]\n|-fail|p2a: Arcanine\n|move|p1b: Torqoise|Wave Crash|p2a: Arcanine\n|-resisted|p2a: Arcanine\n|-damage|p2a: Arcanine|0 fnt\n|faint|p2a: Arcanine\n|-damage|p1b: Torqoise|0 fnt|[from] Recoil\n|faint|p1b: Torqoise\n|\n|win|leafyarrow\n","uploadtime":1682143045,"views":10,"p1id":"kinohara","p2id":"leafyarrow","formatid":"gen9vgc2023regulationc","rating":0,"private":0,"password":""}