{"id":"gen9vgc2023regulationc-1862247417","p1":"delicedeprout","p2":"stack of pancake","format":"[Gen 9] VGC 2023 Regulation C","log":"|j|\u2606delicedeprout\n|j|\u2606stack of pancake\n|t:|1683854659\n|gametype|doubles\n|player|p1|delicedeprout|170|1089\n|player|p2|stack of pancake|steven|1181\n|teamsize|p1|6\n|teamsize|p2|6\n|gen|9\n|tier|[Gen 9] VGC 2023 Regulation C\n|rated|\n|rule|Species Clause: Limit one of each Pok\u00e9mon\n|rule|Item Clause: Limit one of each item\n|clearpoke\n|poke|p1|Kingambit, L50, M|\n|poke|p1|Iron Bundle, L50|\n|poke|p1|Flutter Mane, L50|\n|poke|p1|Chi-Yu, L50|\n|poke|p1|Gyarados, L50, F|\n|poke|p1|Klefki, L50, F|\n|poke|p2|Murkrow, L50, M|\n|poke|p2|Flutter Mane, L50|\n|poke|p2|Great Tusk, L50|\n|poke|p2|Amoonguss, L50, M|\n|poke|p2|Kingambit, L50, F|\n|poke|p2|Chien-Pao, L50|\n|teampreview|4\nstack of pancake has agreed to open team sheets.\n|\n|t:|1683854724\n|start\n|switch|p1a: F-M|Flutter Mane, L50|100\/100\n|switch|p1b: C-Y|Chi-Yu, L50|100\/100\n|switch|p2a: Flutter Mane|Flutter Mane, L50|100\/100\n|switch|p2b: Murkrow|Murkrow, L50, M|100\/100\n|-ability|p1b: C-Y|Beads of Ruin\n|turn|1\n|\n|t:|1683854765\n|-terastallize|p2a: Flutter Mane|Fairy\n|move|p2b: Murkrow|Sunny Day|p2b: Murkrow\n|-weather|SunnyDay\n|-activate|p1a: F-M|ability: Protosynthesis\n|-start|p1a: F-M|protosynthesisspe\n|-activate|p2a: Flutter Mane|ability: Protosynthesis\n|-start|p2a: Flutter Mane|protosynthesisspa\n|move|p1a: F-M|Dazzling Gleam|p2b: Murkrow|[spread] p2a,p2b\n|-supereffective|p2b: Murkrow\n|-damage|p2a: Flutter Mane|43\/100\n|-enditem|p2b: Murkrow|Focus Sash\n|-damage|p2b: Murkrow|1\/100\n|move|p2a: Flutter Mane|Dazzling Gleam|p1b: C-Y|[spread] p1a,p1b\n|-damage|p1a: F-M|3\/100\n|-damage|p1b: C-Y|1\/100\n|move|p1b: C-Y|Heat Wave|p2b: Murkrow|[spread] p2a\n|-miss|p1b: C-Y|p2b: Murkrow\n|-damage|p2a: Flutter Mane|0 fnt\n|faint|p2a: Flutter Mane\n|-end|p2a: Flutter Mane|Protosynthesis|[silent]\n|\n|-weather|SunnyDay|[upkeep]\n|upkeep\n|\n|t:|1683854778\n|switch|p2a: Great Tusk|Great Tusk, L50|100\/100\n|-activate|p2a: Great Tusk|ability: Protosynthesis\n|-start|p2a: Great Tusk|protosynthesisatk\n|turn|2\n|\n|t:|1683854799\n|move|p1b: C-Y|Protect|p1b: C-Y\n|-singleturn|p1b: C-Y|Protect\n|move|p2b: Murkrow|Tailwind|p2b: Murkrow\n|-sidestart|p2: stack of pancake|move: Tailwind\n|move|p2a: Great Tusk|Earthquake|p1b: C-Y|[spread] p1a\n|-activate|p1b: C-Y|move: Protect\n|-immune|p2b: Murkrow\n|-damage|p1a: F-M|0 fnt\n|faint|p1a: F-M\n|-end|p1a: F-M|Protosynthesis|[silent]\n|\n|-weather|SunnyDay|[upkeep]\n|upkeep\n|\n|t:|1683854808\n|switch|p1a: Grds|Gyarados, L50, F|100\/100\n|-ability|p1a: Grds|Intimidate|boost\n|-unboost|p2a: Great Tusk|atk|1\n|-unboost|p2b: Murkrow|atk|1\n|turn|3\n|\n|t:|1683854821\n|-end|p2a: Great Tusk|Protosynthesis|[silent]\n|switch|p2a: Chien-Pao|Chien-Pao, L50|100\/100\n|-ability|p2a: Chien-Pao|Sword of Ruin\n|move|p2b: Murkrow|Brave Bird|p1b: C-Y\n|-damage|p1b: C-Y|0 fnt\n|faint|p1b: C-Y\n|-damage|p2b: Murkrow|0 fnt|[from] Recoil\n|faint|p2b: Murkrow\n|move|p1a: Grds|Waterfall|p2a: Chien-Pao\n|-damage|p2a: Chien-Pao|79\/100\n|\n|-weather|SunnyDay|[upkeep]\n|upkeep\n|\n|t:|1683854833\n|switch|p1b: I-B|Iron Bundle, L50|100\/100\n|switch|p2b: Great Tusk|Great Tusk, L50|100\/100\n|-activate|p2b: Great Tusk|ability: Protosynthesis\n|-start|p2b: Great Tusk|protosynthesisatk\n|-enditem|p1b: I-B|Booster Energy\n|-activate|p1b: I-B|ability: Quark Drive|[fromitem]\n|-start|p1b: I-B|quarkdrivespe\n|turn|4\n|\n|t:|1683854849\n|move|p2b: Great Tusk|Rock Slide|p1a: Grds|[spread] \n|-miss|p2b: Great Tusk|p1a: Grds\n|-miss|p2b: Great Tusk|p1b: I-B\n|move|p2a: Chien-Pao|Sacred Sword|p1b: I-B\n|-supereffective|p1b: I-B\n|-damage|p1b: I-B|0 fnt\n|faint|p1b: I-B\n|-end|p1b: I-B|Quark Drive|[silent]\n|-damage|p2a: Chien-Pao|69\/100|[from] item: Life Orb\n|move|p1a: Grds|Thunder Wave|p2a: Chien-Pao\n|-status|p2a: Chien-Pao|par\n|\n|-weather|SunnyDay|[upkeep]\n|upkeep\n|turn|5\n|-message|delicedeprout forfeited.\n|\n|win|stack of pancake\n|raw|delicedeprout's rating: 1089 → 1072<\/strong> (-17 for losing)\n|raw|stack of pancake's rating: 1181 → 1200<\/strong> (+19 for winning)\n|l|\u2606delicedeprout\n","uploadtime":1683854866,"views":6,"p1id":"delicedeprout","p2id":"stackofpancake","formatid":"gen9vgc2023regulationc","rating":1072,"private":0,"password":""}