{"id":"gen9vgc2023regulationc-1857314978","p1":"DarkPine60","p2":"CblonVGC","format":"[Gen 9] VGC 2023 Regulation C","log":"|j|\u2606DarkPine60\n|j|\u2606CblonVGC\n|t:|1683171988\n|gametype|doubles\n|player|p1|DarkPine60|drayden|1393\n|player|p2|CblonVGC|preschooler|1478\n|teamsize|p1|6\n|teamsize|p2|6\n|gen|9\n|tier|[Gen 9] VGC 2023 Regulation C\n|rated|\n|rule|Species Clause: Limit one of each Pok\u00e9mon\n|rule|Item Clause: Limit one of each item\n|clearpoke\n|poke|p1|Chien-Pao, L50|\n|poke|p1|Palafin, L50, M|\n|poke|p1|Corviknight, L50, M|\n|poke|p1|Volcarona, L50, F|\n|poke|p1|Gothitelle, L50, F|\n|poke|p1|Iron Hands, L50|\n|poke|p2|Tyranitar, L50, F|\n|poke|p2|Garchomp, L50, M|\n|poke|p2|Corviknight, L50, M|\n|poke|p2|Glimmora, L50, F|\n|poke|p2|Amoonguss, L50, M|\n|poke|p2|Chien-Pao, L50|\n|teampreview|4\n|inactive|Battle timer is ON: inactive players will automatically lose when time's up. (requested by DarkPine60)\nDarkPine60 has agreed to open team sheets.\nCblonVGC has agreed to open team sheets.\n|inactive|DarkPine60 has 60 seconds left.\n|inactive|CblonVGC has 60 seconds left.\n|inactive|DarkPine60 has 30 seconds left.\n|\n|t:|1683172050\n|start\n|switch|p1a: Corviknight|Corviknight, L50, M, shiny|100\/100\n|switch|p1b: Palafin|Palafin, L50, M, shiny|100\/100\n|switch|p2a: Chien-Pao|Chien-Pao, L50|100\/100\n|switch|p2b: Garchomp|Garchomp, L50, M|100\/100\n|-ability|p2a: Chien-Pao|Sword of Ruin\n|turn|1\n|\n|t:|1683172065\n|switch|p2a: Tyranitar|Tyranitar, L50, F|100\/100\n|-weather|Sandstorm|[from] ability: Sand Stream|[of] p2a: Tyranitar\n|detailschange|p1b: Palafin|Palafin-Hero, L50, M, shiny\n|switch|p1b: Iron Hands|Iron Hands, L50|100\/100\n|move|p2b: Garchomp|Swords Dance|p2b: Garchomp\n|-boost|p2b: Garchomp|atk|2\n|move|p1a: Corviknight|Bulk Up|p1a: Corviknight\n|-boost|p1a: Corviknight|atk|1\n|-boost|p1a: Corviknight|def|1\n|\n|-weather|Sandstorm|[upkeep]\n|-damage|p1b: Iron Hands|94\/100|[from] Sandstorm\n|upkeep\n|turn|2\n|inactive|CblonVGC has 30 seconds left.\n|\n|t:|1683172100\n|-terastallize|p2a: Tyranitar|Flying\n|move|p2b: Garchomp|Protect|p2b: Garchomp\n|-singleturn|p2b: Garchomp|Protect\n|move|p1b: Iron Hands|Fake Out|p2b: Garchomp\n|-activate|p2b: Garchomp|move: Protect\n|move|p1a: Corviknight|Bulk Up|p1a: Corviknight\n|-boost|p1a: Corviknight|atk|1\n|-boost|p1a: Corviknight|def|1\n|move|p2a: Tyranitar|Brick Break|p1a: Corviknight\n|-damage|p1a: Corviknight|87\/100\n|\n|-weather|Sandstorm|[upkeep]\n|-damage|p2a: Tyranitar|95\/100|[from] Sandstorm\n|-damage|p1b: Iron Hands|88\/100|[from] Sandstorm\n|upkeep\n|turn|3\n|inactive|DarkPine60 has 30 seconds left.\n|inactive|DarkPine60 has 20 seconds left.\n|\n|t:|1683172141\n|move|p2b: Garchomp|Earthquake|p1b: Iron Hands|[spread] p1b\n|-immune|p2a: Tyranitar\n|-immune|p1a: Corviknight\n|-supereffective|p1b: Iron Hands\n|-damage|p1b: Iron Hands|0 fnt\n|faint|p1b: Iron Hands\n|-end|p1b: Iron Hands|Quark Drive|[silent]\n|move|p1a: Corviknight|Brave Bird|p2b: Garchomp|[miss]\n|-miss|p1a: Corviknight|p2b: Garchomp\n|move|p2a: Tyranitar|Rock Slide|p1a: Corviknight|[miss]\n|-miss|p2a: Tyranitar|p1a: Corviknight\n|\n|-weather|Sandstorm|[upkeep]\n|-damage|p2a: Tyranitar|89\/100|[from] Sandstorm\n|upkeep\n|\n|t:|1683172158\n|switch|p1b: Palafin|Palafin-Hero, L50, M, shiny|100\/100\n|-activate|p1b: Palafin|ability: Zero to Hero\n|turn|4\n|\n|t:|1683172172\n|move|p1b: Palafin|Protect|p1b: Palafin\n|-singleturn|p1b: Palafin|Protect\n|move|p2b: Garchomp|Earthquake|p1a: Corviknight|[spread] \n|-activate|p1b: Palafin|move: Protect\n|-immune|p2a: Tyranitar\n|-immune|p1a: Corviknight\n|move|p1a: Corviknight|Brave Bird|p2b: Garchomp|[miss]\n|-miss|p1a: Corviknight|p2b: Garchomp\n|move|p2a: Tyranitar|Rock Slide|p1a: Corviknight|[spread] p1a\n|-activate|p1b: Palafin|move: Protect\n|-damage|p1a: Corviknight|74\/100\n|\n|-weather|Sandstorm|[upkeep]\n|-damage|p1b: Palafin|95\/100|[from] Sandstorm\n|-damage|p2a: Tyranitar|83\/100|[from] Sandstorm\n|upkeep\n|turn|5\n|\n|t:|1683172195\n|move|p1b: Palafin|Jet Punch|p2b: Garchomp|[miss]\n|-miss|p1b: Palafin|p2b: Garchomp\n|move|p2b: Garchomp|Earthquake|p1a: Corviknight|[spread] p1b\n|-immune|p2a: Tyranitar\n|-immune|p1a: Corviknight\n|-damage|p1b: Palafin|20\/100\n|move|p1a: Corviknight|Brave Bird|p2b: Garchomp|[miss]\n|-miss|p1a: Corviknight|p2b: Garchomp\n|move|p2a: Tyranitar|Rock Slide|p1b: Palafin|[spread] p1a,p1b\n|-damage|p1a: Corviknight|59\/100\n|-damage|p1b: Palafin|0 fnt\n|faint|p1b: Palafin\n|\n|-weather|none\n|upkeep\n|\n|t:|1683172211\n|switch|p1b: Chien-Pao|Chien-Pao, L50|100\/100\n|-ability|p1b: Chien-Pao|Sword of Ruin\n|turn|6\n|inactive|DarkPine60 has 30 seconds left.\n|\n|t:|1683172241\n|move|p1b: Chien-Pao|Protect|p1b: Chien-Pao\n|-singleturn|p1b: Chien-Pao|Protect\n|move|p2b: Garchomp|Rock Slide|p1a: Corviknight|[spread] p1a\n|-activate|p1b: Chien-Pao|move: Protect\n|-damage|p1a: Corviknight|38\/100\n|cant|p1a: Corviknight|flinch\n|move|p2a: Tyranitar|Brick Break|p1b: Chien-Pao\n|-activate|p1b: Chien-Pao|move: Protect\n|\n|upkeep\n|turn|7\n|\n|t:|1683172262\n|switch|p2a: Chien-Pao|Chien-Pao, L50|100\/100\n|-ability|p2a: Chien-Pao|Sword of Ruin\n|move|p1b: Chien-Pao|Ice Spinner|p2a: Chien-Pao\n|-resisted|p2a: Chien-Pao\n|-damage|p2a: Chien-Pao|72\/100\n|move|p2b: Garchomp|Rock Slide|p1b: Chien-Pao|[spread] p1a,p1b\n|-supereffective|p1b: Chien-Pao\n|-damage|p1a: Corviknight|18\/100\n|-enditem|p1b: Chien-Pao|Focus Sash\n|-damage|p1b: Chien-Pao|1\/100\n|cant|p1a: Corviknight|flinch\n|\n|upkeep\n|turn|8\n|inactive|DarkPine60 has 30 seconds left.\n|\n|t:|1683172293\n|move|p1b: Chien-Pao|Protect|p1b: Chien-Pao\n|-singleturn|p1b: Chien-Pao|Protect\n|move|p2a: Chien-Pao|Sacred Sword|p1a: Corviknight\n|-damage|p1a: Corviknight|0 fnt\n|faint|p1a: Corviknight\n|-damage|p2a: Chien-Pao|63\/100|[from] item: Life Orb\n|move|p2b: Garchomp|Rock Slide|p1b: Chien-Pao\n|-activate|p1b: Chien-Pao|move: Protect\n|\n|upkeep\n|turn|9\n|\n|t:|1683172302\n|switch|p2a: Tyranitar|Tyranitar, L50, F, tera:Flying|83\/100\n|-weather|Sandstorm|[from] ability: Sand Stream|[of] p2a: Tyranitar\n|move|p2b: Garchomp|Protect|p2b: Garchomp\n|-singleturn|p2b: Garchomp|Protect\n|move|p1b: Chien-Pao|Ice Spinner|p2b: Garchomp\n|-activate|p2b: Garchomp|move: Protect\n|\n|-weather|Sandstorm|[upkeep]\n|-damage|p1b: Chien-Pao|0 fnt|[from] Sandstorm\n|-damage|p2a: Tyranitar|77\/100|[from] Sandstorm\n|faint|p1b: Chien-Pao\n|\n|win|CblonVGC\n|upkeep\n|raw|DarkPine60's rating: 1393 → 1378<\/strong> (-15 for losing)\n|raw|CblonVGC's rating: 1478 → 1493<\/strong> (+15 for winning)\n","uploadtime":1683172311,"views":7,"p1id":"darkpine60","p2id":"cblonvgc","formatid":"gen9vgc2023regulationc","rating":1378,"private":0,"password":""}