{"id":"gen9vgc2023regulationc-1847193589","p1":"tukeydukey","p2":"Mandrokor94","format":"[Gen 9] VGC 2023 Regulation C","log":"|j|\u2606tukeydukey\n|j|\u2606Mandrokor94\n|t:|1681926718\n|gametype|doubles\n|player|p1|tukeydukey|elesa|1116\n|player|p2|Mandrokor94|ghetsis-gen5bw|1189\n|teamsize|p1|6\n|teamsize|p2|6\n|gen|9\n|tier|[Gen 9] VGC 2023 Regulation C\n|rated|\n|rule|Species Clause: Limit one of each Pok\u00e9mon\n|rule|Item Clause: Limit one of each item\n|clearpoke\n|poke|p1|Pelipper, L50, M|\n|poke|p1|Palafin, L50, M|\n|poke|p1|Glimmora, L50, F|\n|poke|p1|Wo-Chien, L50|\n|poke|p1|Flutter Mane, L50|\n|poke|p1|Iron Hands, L50|\n|poke|p2|Gyarados, L50, M|\n|poke|p2|Ting-Lu, L50|\n|poke|p2|Iron Hands, L50|\n|poke|p2|Mimikyu, L50, M|\n|poke|p2|Tyranitar, L50, F|\n|poke|p2|Iron Moth, L50|\n|teampreview|4\n|inactive|Battle timer is ON: inactive players will automatically lose when time's up. (requested by tukeydukey)\n|inactive|tukeydukey has 60 seconds left.\n|inactive|Mandrokor94 has 60 seconds left.\n|\n|t:|1681926767\n|start\n|switch|p1a: Iron Hands|Iron Hands, L50|100\/100\n|switch|p1b: Palafin|Palafin, L50, M|100\/100\n|switch|p2a: Ting-Lu|Ting-Lu, L50|100\/100\n|switch|p2b: Iron Hands|Iron Hands, L50|100\/100\n|-ability|p2a: Ting-Lu|Vessel of Ruin\n|turn|1\n|inactive|Mandrokor94 has 30 seconds left.\n|\n|t:|1681926799\n|detailschange|p1b: Palafin|Palafin-Hero, L50, M\n|switch|p1b: Wo-Chien|Wo-Chien, L50|100\/100\n|-ability|p1b: Wo-Chien|Tablets of Ruin\n|switch|p2a: Gyarados|Gyarados, L50, M, shiny|100\/100\n|-ability|p2a: Gyarados|Intimidate|boost\n|-unboost|p1a: Iron Hands|atk|1\n|-unboost|p1b: Wo-Chien|atk|1\n|move|p1a: Iron Hands|Fake Out|p2a: Gyarados\n|-damage|p2a: Gyarados|92\/100\n|move|p2b: Iron Hands|Wild Charge|p1b: Wo-Chien\n|-resisted|p1b: Wo-Chien\n|-crit|p1b: Wo-Chien\n|-damage|p1b: Wo-Chien|79\/100\n|-damage|p2b: Iron Hands|97\/100|[from] Recoil\n|\n|-heal|p1b: Wo-Chien|85\/100|[from] item: Leftovers\n|upkeep\n|turn|2\n|inactive|tukeydukey has 30 seconds left.\n|inactive|Mandrokor94 has 30 seconds left.\n|inactive|tukeydukey has 20 seconds left.\n|inactive|Mandrokor94 has 20 seconds left.\n|\n|t:|1681926839\n|switch|p1b: Glimmora|Glimmora, L50, F|100\/100\n|-terastallize|p2a: Gyarados|Steel\n|move|p2a: Gyarados|Taunt|p1b: Glimmora\n|-start|p1b: Glimmora|move: Taunt\n|move|p2b: Iron Hands|Drain Punch|p1b: Glimmora\n|-damage|p1b: Glimmora|47\/100\n|-heal|p2b: Iron Hands|100\/100|[from] drain|[of] p1b: Glimmora\n|-activate|p1b: Glimmora|ability: Toxic Debris\n|-sidestart|p2: Mandrokor94|move: Toxic Spikes\n|move|p1a: Iron Hands|Wild Charge|p2a: Gyarados\n|-damage|p2a: Gyarados|53\/100\n|-damage|p1a: Iron Hands|94\/100|[from] Recoil\n|\n|upkeep\n|turn|3\n|inactive|tukeydukey has 30 seconds left.\n|inactive|Mandrokor94 has 30 seconds left.\n|inactive|Mandrokor94 has 20 seconds left.\n|inactive|Mandrokor94 has 15 seconds left.\n|\n|t:|1681926880\n|switch|p2a: Iron Moth|Iron Moth, L50|100\/100\n|-enditem|p2a: Iron Moth|Booster Energy\n|-activate|p2a: Iron Moth|ability: Quark Drive|[fromitem]\n|-start|p2a: Iron Moth|quarkdrivespa\n|-sideend|p2: Mandrokor94|move: Toxic Spikes|[of] p2a: Iron Moth\n|move|p1b: Glimmora|Mortal Spin|p2b: Iron Hands|[spread] p2a,p2b\n|-resisted|p2a: Iron Moth\n|-damage|p2a: Iron Moth|97\/100\n|-damage|p2b: Iron Hands|98\/100\n|-status|p2b: Iron Hands|psn\n|move|p2b: Iron Hands|Drain Punch|p1b: Glimmora\n|-damage|p1b: Glimmora|0 fnt\n|-heal|p2b: Iron Hands|100\/100 psn|[from] drain|[of] p1b: Glimmora\n|-activate|p1b: Glimmora|ability: Toxic Debris\n|-sidestart|p2: Mandrokor94|move: Toxic Spikes\n|faint|p1b: Glimmora\n|move|p1a: Iron Hands|Drain Punch|p2a: Iron Moth\n|-resisted|p2a: Iron Moth\n|-damage|p2a: Iron Moth|73\/100\n|-heal|p1a: Iron Hands|100\/100|[from] drain|[of] p2a: Iron Moth\n|\n|-damage|p2b: Iron Hands|88\/100 psn|[from] psn\n|upkeep\n|\n|t:|1681926892\n|switch|p1b: Palafin|Palafin-Hero, L50, M|100\/100\n|-activate|p1b: Palafin|ability: Zero to Hero\n|turn|4\n|\n|t:|1681926915\n|switch|p1b: Wo-Chien|Wo-Chien, L50|85\/100\n|-ability|p1b: Wo-Chien|Tablets of Ruin\n|move|p2a: Iron Moth|Protect|p2a: Iron Moth\n|-singleturn|p2a: Iron Moth|Protect\n|move|p2b: Iron Hands|Wild Charge|p1b: Wo-Chien\n|-resisted|p1b: Wo-Chien\n|-damage|p1b: Wo-Chien|72\/100\n|-damage|p2b: Iron Hands|85\/100 psn|[from] Recoil\n|move|p1a: Iron Hands|Drain Punch|p2b: Iron Hands\n|-damage|p2b: Iron Hands|72\/100 psn\n|\n|-heal|p1b: Wo-Chien|78\/100|[from] item: Leftovers\n|-damage|p2b: Iron Hands|60\/100 psn|[from] psn\n|upkeep\n|turn|5\n|\n|t:|1681926938\n|-terastallize|p1b: Wo-Chien|Poison\n|move|p2a: Iron Moth|Dazzling Gleam|p1a: Iron Hands|[spread] p1a,p1b\n|-supereffective|p1a: Iron Hands\n|-resisted|p1b: Wo-Chien\n|-damage|p1a: Iron Hands|71\/100\n|-damage|p1b: Wo-Chien|68\/100\n|move|p1b: Wo-Chien|Leech Seed|p2a: Iron Moth\n|-start|p2a: Iron Moth|move: Leech Seed\n|move|p2b: Iron Hands|Drain Punch|p1b: Wo-Chien\n|-resisted|p1b: Wo-Chien\n|-damage|p1b: Wo-Chien|57\/100\n|-heal|p2b: Iron Hands|64\/100 psn|[from] drain|[of] p1b: Wo-Chien\n|move|p1a: Iron Hands|Volt Switch|p2b: Iron Hands\n|-resisted|p2b: Iron Hands\n|-damage|p2b: Iron Hands|59\/100 psn\n|\n|t:|1681926951\n|-end|p1a: Iron Hands|Quark Drive|[silent]\n|switch|p1a: Palafin|Palafin-Hero, L50, M|100\/100|[from] Volt Switch\n|\n|-heal|p1b: Wo-Chien|63\/100|[from] item: Leftovers\n|-damage|p2a: Iron Moth|61\/100|[from] Leech Seed|[of] p1b: Wo-Chien\n|-heal|p1b: Wo-Chien|73\/100|[silent]\n|-damage|p2b: Iron Hands|46\/100 psn|[from] psn\n|upkeep\n|turn|6\n|inactive|tukeydukey has 30 seconds left.\n|inactive|Mandrokor94 has 30 seconds left.\n|\n|t:|1681926977\n|-end|p2a: Iron Moth|Quark Drive|[silent]\n|switch|p2a: Gyarados|Gyarados, L50, M, shiny, tera:Steel|53\/100\n|-ability|p2a: Gyarados|Intimidate|boost\n|-unboost|p1a: Palafin|atk|1\n|-unboost|p1b: Wo-Chien|atk|1\n|move|p1a: Palafin|Protect|p1a: Palafin\n|-singleturn|p1a: Palafin|Protect\n|move|p1b: Wo-Chien|Leech Seed|p2b: Iron Hands\n|-start|p2b: Iron Hands|move: Leech Seed\n|move|p2b: Iron Hands|Wild Charge|p1a: Palafin\n|-activate|p1a: Palafin|move: Protect\n|\n|-heal|p1b: Wo-Chien|79\/100|[from] item: Leftovers\n|-damage|p2b: Iron Hands|34\/100 psn|[from] Leech Seed|[of] p1b: Wo-Chien\n|-heal|p1b: Wo-Chien|96\/100|[silent]\n|-damage|p2b: Iron Hands|22\/100 psn|[from] psn\n|upkeep\n|turn|7\n|inactive|Mandrokor94 has 30 seconds left.\n|inactive|Mandrokor94 has 20 seconds left.\n|inactive|Mandrokor94 has 15 seconds left.\n|\n|t:|1681927018\n|switch|p1a: Iron Hands|Iron Hands, L50|71\/100\n|-end|p2b: Iron Hands|Quark Drive|[silent]\n|switch|p2b: Ting-Lu|Ting-Lu, L50|100\/100\n|-status|p2b: Ting-Lu|psn\n|-ability|p2b: Ting-Lu|Vessel of Ruin\n|move|p2a: Gyarados|Taunt|p1b: Wo-Chien\n|-start|p1b: Wo-Chien|move: Taunt\n|move|p1b: Wo-Chien|Pollen Puff|p1a: Iron Hands\n|-heal|p1a: Iron Hands|100\/100\n|\n|-heal|p1b: Wo-Chien|100\/100|[from] item: Leftovers\n|-damage|p2b: Ting-Lu|88\/100 psn|[from] psn\n|upkeep\n|turn|8\n|inactive|Mandrokor94 has 30 seconds left.\n|\n|t:|1681927052\n|switch|p2a: Iron Moth|Iron Moth, L50|61\/100\n|-sideend|p2: Mandrokor94|move: Toxic Spikes|[of] p2a: Iron Moth\n|move|p1b: Wo-Chien|Pollen Puff|p2b: Ting-Lu\n|-supereffective|p2b: Ting-Lu\n|-damage|p2b: Ting-Lu|71\/100 psn\n|move|p1a: Iron Hands|Drain Punch|p2b: Ting-Lu\n|-supereffective|p2b: Ting-Lu\n|-damage|p2b: Ting-Lu|43\/100 psn\n|move|p2b: Ting-Lu|Stomping Tantrum|p1a: Iron Hands\n|-supereffective|p1a: Iron Hands\n|-damage|p1a: Iron Hands|74\/100\n|\n|-damage|p2b: Ting-Lu|30\/100 psn|[from] psn\n|upkeep\n|turn|9\n|inactive|tukeydukey has 30 seconds left.\n|inactive|Mandrokor94 has 30 seconds left.\n|\n|t:|1681927084\n|switch|p2b: Gyarados|Gyarados, L50, M, shiny, tera:Steel|53\/100\n|-ability|p2b: Gyarados|Intimidate|boost\n|-unboost|p1a: Iron Hands|atk|1\n|-unboost|p1b: Wo-Chien|atk|1\n|move|p2a: Iron Moth|Dazzling Gleam|p1a: Iron Hands|[spread] p1a,p1b\n|-supereffective|p1a: Iron Hands\n|-resisted|p1b: Wo-Chien\n|-crit|p1b: Wo-Chien\n|-damage|p1a: Iron Hands|51\/100\n|-damage|p1b: Wo-Chien|89\/100\n|move|p1b: Wo-Chien|Pollen Puff|p2b: Gyarados\n|-resisted|p2b: Gyarados\n|-damage|p2b: Gyarados|42\/100\n|-enditem|p2b: Gyarados|Sitrus Berry|[eat]\n|-heal|p2b: Gyarados|66\/100|[from] item: Sitrus Berry\n|move|p1a: Iron Hands|Wild Charge|p2a: Iron Moth\n|-damage|p2a: Iron Moth|19\/100\n|-damage|p1a: Iron Hands|44\/100|[from] Recoil\n|\n|-heal|p1b: Wo-Chien|95\/100|[from] item: Leftovers\n|-end|p1b: Wo-Chien|move: Taunt\n|upkeep\n|turn|10\n|inactive|tukeydukey has 30 seconds left.\n|inactive|Mandrokor94 has 30 seconds left.\n|\n|t:|1681927115\n|move|p2a: Iron Moth|Dazzling Gleam|p1b: Wo-Chien|[spread] p1a,p1b\n|-supereffective|p1a: Iron Hands\n|-resisted|p1b: Wo-Chien\n|-damage|p1a: Iron Hands|20\/100\n|-damage|p1b: Wo-Chien|86\/100\n|move|p2b: Gyarados|Taunt|p1b: Wo-Chien\n|-start|p1b: Wo-Chien|move: Taunt\n|move|p1b: Wo-Chien|Foul Play|p2a: Iron Moth\n|-damage|p2a: Iron Moth|0 fnt\n|faint|p2a: Iron Moth\n|-end|p2a: Iron Moth|Quark Drive|[silent]\n|move|p1a: Iron Hands|Drain Punch|p2b: Gyarados\n|-supereffective|p2b: Gyarados\n|-crit|p2b: Gyarados\n|-damage|p2b: Gyarados|0 fnt\n|-heal|p1a: Iron Hands|42\/100|[from] drain|[of] p2b: Gyarados\n|faint|p2b: Gyarados\n|\n|-heal|p1b: Wo-Chien|93\/100|[from] item: Leftovers\n|upkeep\n|\n|t:|1681927131\n|switch|p2a: Iron Hands|Iron Hands, L50|22\/100 psn\n|switch|p2b: Ting-Lu|Ting-Lu, L50|30\/100 psn\n|-ability|p2b: Ting-Lu|Vessel of Ruin\n|turn|11\n|\n|t:|1681927149\n|move|p1b: Wo-Chien|Pollen Puff|p1a: Iron Hands\n|-heal|p1a: Iron Hands|92\/100\n|move|p2a: Iron Hands|Drain Punch|p1a: Iron Hands\n|-damage|p1a: Iron Hands|69\/100\n|-heal|p2a: Iron Hands|33\/100 psn|[from] drain|[of] p1a: Iron Hands\n|move|p1a: Iron Hands|Drain Punch|p2b: Ting-Lu\n|-supereffective|p2b: Ting-Lu\n|-damage|p2b: Ting-Lu|11\/100 psn\n|-heal|p1a: Iron Hands|78\/100|[from] drain|[of] p2b: Ting-Lu\n|move|p2b: Ting-Lu|Stomping Tantrum|p1b: Wo-Chien\n|-supereffective|p1b: Wo-Chien\n|-damage|p1b: Wo-Chien|64\/100\n|\n|-heal|p1b: Wo-Chien|70\/100|[from] item: Leftovers\n|-damage|p2a: Iron Hands|21\/100 psn|[from] psn\n|-damage|p2b: Ting-Lu|0 fnt|[from] psn\n|faint|p2b: Ting-Lu\n|upkeep\n|turn|12\n|\n|t:|1681927171\n|move|p1b: Wo-Chien|Foul Play|p2a: Iron Hands\n|-resisted|p2a: Iron Hands\n|-damage|p2a: Iron Hands|1\/100 psn\n|move|p2a: Iron Hands|Drain Punch|p1a: Iron Hands\n|-damage|p1a: Iron Hands|57\/100\n|-heal|p2a: Iron Hands|12\/100 psn|[from] drain|[of] p1a: Iron Hands\n|move|p1a: Iron Hands|Drain Punch|p2a: Iron Hands\n|-damage|p2a: Iron Hands|0 fnt\n|-heal|p1a: Iron Hands|63\/100|[from] drain|[of] p2a: Iron Hands\n|faint|p2a: Iron Hands\n|-end|p2a: Iron Hands|Quark Drive|[silent]\n|\n|win|tukeydukey\n|raw|tukeydukey's rating: 1116 → 1146<\/strong> (+30 for winning)\n|raw|Mandrokor94's rating: 1189 → 1159<\/strong> (-30 for losing)\n","uploadtime":1681927184,"views":15,"p1id":"tukeydukey","p2id":"mandrokor94","formatid":"gen9vgc2023regulationc","rating":1146,"private":0,"password":""}