{"id":"gen9vgc2023regulationc-1846634392","p1":"DashingHat321","p2":"LokiMouse","format":"[Gen 9] VGC 2023 Regulation C","log":"|j|\u2606DashingHat321\n|j|\u2606LokiMouse\n|t:|1681859704\n|gametype|doubles\n|player|p1|DashingHat321|giovanni|1109\n|player|p2|LokiMouse|102|1070\n|teamsize|p1|6\n|teamsize|p2|6\n|gen|9\n|tier|[Gen 9] VGC 2023 Regulation C\n|rated|\n|rule|Species Clause: Limit one of each Pok\u00e9mon\n|rule|Item Clause: Limit one of each item\n|clearpoke\n|poke|p1|Arcanine, L50, M|\n|poke|p1|Iron Bundle, L50|\n|poke|p1|Great Tusk, L50|\n|poke|p1|Flutter Mane, L50|\n|poke|p1|Chien-Pao, L50|\n|poke|p1|Tsareena, L50, F|\n|poke|p2|Armarouge, L50, M|\n|poke|p2|Tatsugiri, L50, M|\n|poke|p2|Indeedee-F, L50, F|\n|poke|p2|Chien-Pao, L50|\n|poke|p2|Great Tusk, L50|\n|poke|p2|Flutter Mane, L50|\n|teampreview|4\nLokiMouse has agreed to open team sheets.\n|inactive|Battle timer is ON: inactive players will automatically lose when time's up. (requested by DashingHat321)\n|inactive|LokiMouse has 60 seconds left.\n|inactive|LokiMouse has 30 seconds left.\n|\n|t:|1681859783\n|start\n|switch|p1a: Great Tusk|Great Tusk, L50|100\/100\n|switch|p1b: Chien-Pao|Chien-Pao, L50|100\/100\n|switch|p2a: Tatsugiri|Tatsugiri, L50, M|100\/100\n|switch|p2b: Flutter Mane|Flutter Mane, L50|100\/100\n|-ability|p1b: Chien-Pao|Sword of Ruin\n|-enditem|p2b: Flutter Mane|Booster Energy\n|-activate|p2b: Flutter Mane|ability: Protosynthesis|[fromitem]\n|-start|p2b: Flutter Mane|protosynthesisspa\n|turn|1\n|inactive|LokiMouse has 30 seconds left.\n|\n|t:|1681859816\n|switch|p1b: Tsareena|Tsareena, L50, F|100\/100\n|-terastallize|p1a: Great Tusk|Steel\n|move|p2a: Tatsugiri|Muddy Water|p1b: Tsareena|[spread] p1a,p1b\n|-resisted|p1b: Tsareena\n|-crit|p1b: Tsareena\n|-damage|p1a: Great Tusk|52\/100\n|-damage|p1b: Tsareena|70\/100\n|move|p2b: Flutter Mane|Dazzling Gleam|p1b: Tsareena|[spread] p1a,p1b\n|-resisted|p1a: Great Tusk\n|-damage|p1a: Great Tusk|16\/100\n|-damage|p1b: Tsareena|13\/100\n|-enditem|p1b: Tsareena|Sitrus Berry|[eat]\n|-heal|p1b: Tsareena|38\/100|[from] item: Sitrus Berry\n|move|p1a: Great Tusk|Iron Head|p2b: Flutter Mane\n|-supereffective|p2b: Flutter Mane\n|-damage|p2b: Flutter Mane|0 fnt\n|faint|p2b: Flutter Mane\n|-end|p2b: Flutter Mane|Protosynthesis|[silent]\n|\n|upkeep\n|\n|t:|1681859836\n|switch|p2b: Great Tusk|Great Tusk, L50|100\/100\n|turn|2\n|inactive|LokiMouse has 30 seconds left.\n|\n|t:|1681859871\n|-end|p1a: Great Tusk|Protosynthesis|[silent]\n|switch|p1a: Chien-Pao|Chien-Pao, L50|100\/100\n|-ability|p1a: Chien-Pao|Sword of Ruin\n|move|p2a: Tatsugiri|Muddy Water|p1b: Tsareena|[spread] p1a,p1b\n|-resisted|p1b: Tsareena\n|-damage|p1a: Chien-Pao|67\/100\n|-damage|p1b: Tsareena|19\/100\n|-unboost|p1a: Chien-Pao|accuracy|1\n|move|p1b: Tsareena|Trop Kick|p2a: Tatsugiri\n|-damage|p2a: Tatsugiri|1\/100\n|-unboost|p2a: Tatsugiri|atk|1\n|move|p2b: Great Tusk|Headlong Rush|p1a: Chien-Pao\n|-damage|p1a: Chien-Pao|0 fnt\n|-unboost|p2b: Great Tusk|def|1\n|-unboost|p2b: Great Tusk|spd|1\n|faint|p1a: Chien-Pao\n|\n|upkeep\n|\n|t:|1681859888\n|switch|p1a: Flutter Mane|Flutter Mane, L50|100\/100\n|turn|3\n|inactive|LokiMouse has 30 seconds left.\n|inactive|LokiMouse has 20 seconds left.\n|\n|t:|1681859924\n|-terastallize|p2b: Great Tusk|Ground\n|move|p1b: Tsareena|Protect|p1b: Tsareena\n|-singleturn|p1b: Tsareena|Protect\n|move|p2a: Tatsugiri|Muddy Water|p1a: Flutter Mane|[spread] p1a\n|-activate|p1b: Tsareena|move: Protect\n|-damage|p1a: Flutter Mane|64\/100\n|-unboost|p1a: Flutter Mane|accuracy|1\n|move|p1a: Flutter Mane|Dazzling Gleam|p2a: Tatsugiri|[spread] p2a,p2b\n|-supereffective|p2a: Tatsugiri\n|-damage|p2a: Tatsugiri|0 fnt\n|-damage|p2b: Great Tusk|47\/100\n|faint|p2a: Tatsugiri\n|move|p2b: Great Tusk|Headlong Rush|p1a: Flutter Mane\n|-damage|p1a: Flutter Mane|0 fnt\n|-unboost|p2b: Great Tusk|def|1\n|-unboost|p2b: Great Tusk|spd|1\n|faint|p1a: Flutter Mane\n|-end|p1a: Flutter Mane|Protosynthesis|[silent]\n|\n|upkeep\n|\n|t:|1681859941\n|switch|p1a: Great Tusk|Great Tusk, L50, tera:Steel|16\/100\n|switch|p2a: Armarouge|Armarouge, L50, M|100\/100\n|turn|4\n|inactive|LokiMouse has 30 seconds left.\n|inactive|LokiMouse has 20 seconds left.\n|inactive|LokiMouse has 15 seconds left.\n|\n|t:|1681859985\n|move|p1a: Great Tusk|Protect|p1a: Great Tusk\n|-singleturn|p1a: Great Tusk|Protect\n|move|p1b: Tsareena|Trop Kick|p2b: Great Tusk\n|-supereffective|p2b: Great Tusk\n|-crit|p2b: Great Tusk\n|-damage|p2b: Great Tusk|0 fnt\n|faint|p2b: Great Tusk\n|-end|p2b: Great Tusk|Protosynthesis|[silent]\n|move|p2a: Armarouge|Armor Cannon|p1a: Great Tusk\n|-activate|p1a: Great Tusk|move: Protect\n|\n|upkeep\n|turn|5\n|\n|t:|1681860000\n|move|p1a: Great Tusk|Earthquake|p2a: Armarouge|[spread] p1b,p2a\n|-resisted|p1b: Tsareena\n|-supereffective|p2a: Armarouge\n|-damage|p1b: Tsareena|0 fnt\n|-damage|p2a: Armarouge|22\/100\n|faint|p1b: Tsareena\n|move|p2a: Armarouge|Armor Cannon|p1a: Great Tusk\n|-supereffective|p1a: Great Tusk\n|-damage|p1a: Great Tusk|0 fnt\n|-unboost|p2a: Armarouge|def|1\n|-unboost|p2a: Armarouge|spd|1\n|faint|p1a: Great Tusk\n|-end|p1a: Great Tusk|Protosynthesis|[silent]\n|-damage|p2a: Armarouge|12\/100|[from] item: Life Orb\n|\n|win|LokiMouse\n|raw|DashingHat321's rating: 1109 → 1081<\/strong> (-28 for losing)\n|raw|LokiMouse's rating: 1070 → 1103<\/strong> (+33 for winning)\n|c|\u2606LokiMouse|gg\n|l|\u2606DashingHat321\n","uploadtime":1681860019,"views":10,"p1id":"dashinghat321","p2id":"lokimouse","formatid":"gen9vgc2023regulationc","rating":1081,"private":0,"password":""}