{"id":"gen9vgc2023regulationc-1846886558","p1":"zfbzcgb","p2":"lightning killer","format":"[Gen 9] VGC 2023 Regulation C","log":"|j|\u2606zfbzcgb\n|j|\u2606lightning killer\n|t:|1681896036\n|gametype|doubles\n|player|p1|zfbzcgb|170|1000\n|player|p2|lightning killer|266|1019\n|teamsize|p1|6\n|teamsize|p2|6\n|gen|9\n|tier|[Gen 9] VGC 2023 Regulation C\n|rated|\n|rule|Species Clause: Limit one of each Pok\u00e9mon\n|rule|Item Clause: Limit one of each item\n|clearpoke\n|poke|p1|Torkoal, L50, M|\n|poke|p1|Chi-Yu, L50|\n|poke|p1|Bronzong, L50|\n|poke|p1|Gastrodon, L50, F|\n|poke|p1|Grimmsnarl, L50, M|\n|poke|p1|Skeledirge, L50, M|\n|poke|p2|Dragapult, L50, F|\n|poke|p2|Coalossal, L50, F|\n|poke|p2|Tauros-Paldea-Aqua, L50, M|\n|poke|p2|Hydreigon, L50, F|\n|poke|p2|Brute Bonnet, L50|\n|poke|p2|Iron Hands, L50|\n|teampreview|4\n|inactive|Battle timer is ON: inactive players will automatically lose when time's up. (requested by zfbzcgb)\nlightning killer has agreed to open team sheets.\n|\n|t:|1681896072\n|start\n|switch|p1a: Grimmsnarl|Grimmsnarl, L50, M|100\/100\n|switch|p1b: Chi-Yu|Chi-Yu, L50|100\/100\n|switch|p2a: Dragapult|Dragapult, L50, F, shiny|100\/100\n|switch|p2b: Coalossal|Coalossal, L50, F|100\/100\n|-ability|p1b: Chi-Yu|Beads of Ruin\n|turn|1\n|\n|t:|1681896092\n|switch|p1b: Gastrodon|Gastrodon, L50, F|100\/100\n|move|p1a: Grimmsnarl|Trick|p2b: Coalossal\n|-activate|p1a: Grimmsnarl|move: Trick|[of] p2b: Coalossal\n|-item|p2b: Coalossal|Lagging Tail|[from] move: Trick\n|-item|p1a: Grimmsnarl|Weakness Policy|[from] move: Trick\n|move|p2a: Dragapult|Surf|p1a: Grimmsnarl|[spread] p2b,p1a\n|-ability|p1b: Gastrodon|Storm Drain|boost\n|-boost|p1b: Gastrodon|spa|1\n|-supereffective|p2b: Coalossal\n|-damage|p2b: Coalossal|48\/100\n|-damage|p1a: Grimmsnarl|87\/100\n|-ability|p2b: Coalossal|Steam Engine|boost\n|-boost|p2b: Coalossal|spe|6\n|move|p2b: Coalossal|Explosion|p1b: Gastrodon|[spread] p1a,p1b\n|-immune|p2a: Dragapult\n|-crit|p1b: Gastrodon\n|-damage|p1a: Grimmsnarl|26\/100\n|-damage|p1b: Gastrodon|16\/100\n|faint|p2b: Coalossal\n|\n|upkeep\n|\n|t:|1681896108\n|switch|p2b: Iron Hands|Iron Hands, L50, shiny|100\/100\n|turn|2\n|\n|t:|1681896125\n|-terastallize|p2a: Dragapult|Steel\n|move|p1b: Gastrodon|Protect|p1b: Gastrodon\n|-singleturn|p1b: Gastrodon|Protect\n|move|p2b: Iron Hands|Fake Out|p1b: Gastrodon\n|-activate|p1b: Gastrodon|move: Protect\n|move|p1a: Grimmsnarl|Sucker Punch||[still]\n|-fail|p1a: Grimmsnarl\n|move|p2a: Dragapult|Dragon Dance|p2a: Dragapult\n|-boost|p2a: Dragapult|atk|1\n|-boost|p2a: Dragapult|spe|1\n|\n|upkeep\n|turn|3\n|inactive|lightning killer has 30 seconds left.\n|\n|t:|1681896154\n|move|p1a: Grimmsnarl|Trick|p2b: Iron Hands\n|-activate|p1a: Grimmsnarl|move: Trick|[of] p2b: Iron Hands\n|-item|p2b: Iron Hands|Weakness Policy|[from] move: Trick\n|-item|p1a: Grimmsnarl|Assault Vest|[from] move: Trick\n|move|p2a: Dragapult|Tera Blast|p1a: Grimmsnarl\n|-supereffective|p1a: Grimmsnarl\n|-damage|p1a: Grimmsnarl|0 fnt\n|faint|p1a: Grimmsnarl\n|move|p2b: Iron Hands|Drain Punch|p1b: Gastrodon\n|-damage|p1b: Gastrodon|0 fnt\n|faint|p1b: Gastrodon\n|\n|upkeep\n|\n|t:|1681896160\n|switch|p1a: Skeledirge|Skeledirge, L50, M|100\/100\n|switch|p1b: Chi-Yu|Chi-Yu, L50|100\/100\n|-ability|p1b: Chi-Yu|Beads of Ruin\n|turn|4\n|\n|t:|1681896176\n|-terastallize|p1a: Skeledirge|Fairy\n|move|p1b: Chi-Yu|Protect|p1b: Chi-Yu\n|-singleturn|p1b: Chi-Yu|Protect\n|move|p2a: Dragapult|Dragon Darts|p1b: Chi-Yu\n|-immune|p1a: Skeledirge\n|move|p1a: Skeledirge|Torch Song|p2a: Dragapult\n|-supereffective|p2a: Dragapult\n|-enditem|p2a: Dragapult|Focus Sash\n|-damage|p2a: Dragapult|1\/100\n|-boost|p1a: Skeledirge|spa|1\n|move|p2b: Iron Hands|Wild Charge|p1b: Chi-Yu\n|-activate|p1b: Chi-Yu|move: Protect\n|\n|upkeep\n|turn|5\n|\n|t:|1681896197\n|move|p1a: Skeledirge|Protect|p1a: Skeledirge\n|-singleturn|p1a: Skeledirge|Protect\n|move|p2a: Dragapult|Tera Blast|p1a: Skeledirge\n|-activate|p1a: Skeledirge|move: Protect\n|move|p1b: Chi-Yu|Snarl|p2a: Dragapult|[spread] p2a,p2b\n|-resisted|p2b: Iron Hands\n|-damage|p2a: Dragapult|0 fnt\n|-damage|p2b: Iron Hands|92\/100\n|-unboost|p2b: Iron Hands|spa|1\n|faint|p2a: Dragapult\n|move|p2b: Iron Hands|Wild Charge|p1a: Skeledirge\n|-activate|p1a: Skeledirge|move: Protect\n|\n|upkeep\n|\n|t:|1681896208\n|switch|p2a: Brute Bonnet|Brute Bonnet, L50|100\/100\n|turn|6\n|\n|t:|1681896217\n|move|p2a: Brute Bonnet|Rage Powder|p2a: Brute Bonnet\n|-singleturn|p2a: Brute Bonnet|move: Rage Powder\n|move|p1b: Chi-Yu|Substitute|p1b: Chi-Yu\n|-start|p1b: Chi-Yu|Substitute\n|-damage|p1b: Chi-Yu|76\/100\n|move|p1a: Skeledirge|Tera Blast|p2a: Brute Bonnet\n|-supereffective|p2a: Brute Bonnet\n|-damage|p2a: Brute Bonnet|0 fnt\n|faint|p2a: Brute Bonnet\n|-end|p2a: Brute Bonnet|Protosynthesis|[silent]\n|move|p2b: Iron Hands|Wild Charge|p1b: Chi-Yu\n|-end|p1b: Chi-Yu|Substitute\n|-damage|p2b: Iron Hands|87\/100|[from] Recoil|[of] p1b: Chi-Yu\n|\n|upkeep\n|turn|7\n|-message|lightning killer forfeited.\n|\n|win|zfbzcgb\n|raw|zfbzcgb's rating: 1000 → 1042<\/strong> (+42 for winning)\n|raw|lightning killer's rating: 1019 → 1005<\/strong> (-14 for losing)\n|l|\u2606lightning killer\n","uploadtime":1681896229,"views":14,"p1id":"zfbzcgb","p2id":"lightningkiller","formatid":"gen9vgc2023regulationc","rating":1005,"private":0,"password":""}