{"id":"gen9vgc2023regulationc-1846686358","p1":"Ferndere","p2":"uhoh I poopd","format":"[Gen 9] VGC 2023 Regulation C","log":"|j|\u2606Ferndere\n|j|\u2606uhoh I poopd\n|t:|1681865810\n|gametype|doubles\n|player|p1|Ferndere|doctor|1316\n|player|p2|uhoh I poopd|colress|1337\n|teamsize|p1|6\n|teamsize|p2|6\n|gen|9\n|tier|[Gen 9] VGC 2023 Regulation C\n|rated|\n|rule|Species Clause: Limit one of each Pok\u00e9mon\n|rule|Item Clause: Limit one of each item\n|clearpoke\n|poke|p1|Sylveon, L50, M|\n|poke|p1|Volcarona, L50, F|\n|poke|p1|Mimikyu, L50, F|\n|poke|p1|Kingambit, L50, F|\n|poke|p1|Palafin, L50, F|\n|poke|p1|Chien-Pao, L50|\n|poke|p2|Masquerain, L50, F|\n|poke|p2|Coalossal, L50, M|\n|poke|p2|Amoonguss, L50, M|\n|poke|p2|Arcanine, L50, M|\n|poke|p2|Annihilape, L50, M|\n|poke|p2|Azumarill, L50, F|\n|teampreview|4\n|\n|t:|1681865840\n|start\n|switch|p1a: Kinga|Kingambit, L50, F, shiny|100\/100\n|switch|p1b: Pikatwo|Mimikyu, L50, F|100\/100\n|switch|p2a: Angy|Annihilape, L50, M|100\/100\n|switch|p2b: Judy|Azumarill, L50, F, shiny|100\/100\n|turn|1\n|\n|t:|1681865860\n|-terastallize|p2a: Angy|Fire\n|-terastallize|p1a: Kinga|Flying\n|move|p2a: Angy|Bulk Up|p2a: Angy\n|-boost|p2a: Angy|atk|1\n|-boost|p2a: Angy|def|1\n|move|p2b: Judy|Belly Drum|p2b: Judy\n|-damage|p2b: Judy|50\/100\n|-setboost|p2b: Judy|atk|6|[from] move: Belly Drum\n|-enditem|p2b: Judy|Sitrus Berry|[eat]\n|-heal|p2b: Judy|75\/100|[from] item: Sitrus Berry\n|move|p1a: Kinga|Iron Head|p2b: Judy\n|-damage|p2b: Judy|27\/100\n|move|p1b: Pikatwo|Trick Room|p1b: Pikatwo\n|-fieldstart|move: Trick Room|[of] p1b: Pikatwo\n|\n|upkeep\n|turn|2\n|\n|t:|1681865886\n|move|p1a: Kinga|Sucker Punch|p2b: Judy\n|-resisted|p2b: Judy\n|-damage|p2b: Judy|8\/100\n|move|p2b: Judy|Aqua Jet|p1a: Kinga\n|-damage|p1a: Kinga|32\/100\n|move|p2a: Angy|Bulk Up|p2a: Angy\n|-boost|p2a: Angy|atk|1\n|-boost|p2a: Angy|def|1\n|move|p1b: Pikatwo|Curse|p2a: Angy\n|-start|p2a: Angy|Curse|[of] p1b: Pikatwo\n|-damage|p1b: Pikatwo|50\/100\n|\n|-damage|p2a: Angy|76\/100|[from] Curse\n|upkeep\n|turn|3\n|\n|t:|1681865903\n|move|p2b: Judy|Protect|p2b: Judy\n|-singleturn|p2b: Judy|Protect\n|move|p1a: Kinga|Sucker Punch||[still]\n|-fail|p1a: Kinga\n|move|p2a: Angy|Rage Fist|p1a: Kinga\n|-damage|p1a: Kinga|0 fnt\n|faint|p1a: Kinga\n|move|p1b: Pikatwo|Play Rough|p2b: Judy\n|-activate|p2b: Judy|move: Protect\n|\n|-heal|p2a: Angy|82\/100|[from] item: Leftovers\n|-damage|p2a: Angy|57\/100|[from] Curse\n|upkeep\n|\n|t:|1681865917\n|switch|p1a: Scream Ribbon|Sylveon, L50, M|100\/100\n|turn|4\n|\n|t:|1681865929\n|move|p1a: Scream Ribbon|Detect|p1a: Scream Ribbon\n|-singleturn|p1a: Scream Ribbon|Protect\n|move|p2b: Judy|Aqua Jet|p1b: Pikatwo\n|-activate|p1b: Pikatwo|ability: Disguise\n|-damage|p1b: Pikatwo|50\/100\n|detailschange|p1b: Pikatwo|Mimikyu-Busted, L50, F\n|-damage|p1b: Pikatwo|38\/100|[from] pokemon: Mimikyu-Busted\n|move|p2a: Angy|Rage Fist|p1b: Pikatwo\n|-supereffective|p1b: Pikatwo\n|-damage|p1b: Pikatwo|0 fnt\n|faint|p1b: Pikatwo\n|\n|-heal|p2a: Angy|63\/100|[from] item: Leftovers\n|-damage|p2a: Angy|38\/100|[from] Curse\n|upkeep\n|\n|t:|1681865943\n|switch|p1b: Meat moth|Volcarona, L50, F|100\/100\n|turn|5\n|\n|t:|1681865954\n|move|p1b: Meat moth|Rage Powder|p1b: Meat moth\n|-singleturn|p1b: Meat moth|move: Rage Powder\n|move|p2b: Judy|Aqua Jet|p1b: Meat moth\n|-supereffective|p1b: Meat moth\n|-damage|p1b: Meat moth|0 fnt\n|faint|p1b: Meat moth\n|move|p1a: Scream Ribbon|Hyper Voice|p2a: Angy|[spread] p2a,p2b\n|-resisted|p2a: Angy\n|-damage|p2a: Angy|18\/100\n|-damage|p2b: Judy|0 fnt\n|faint|p2b: Judy\n|-enditem|p1a: Scream Ribbon|Throat Spray\n|-boost|p1a: Scream Ribbon|spa|1|[from] item: Throat Spray\n|move|p2a: Angy|Rage Fist|p1a: Scream Ribbon\n|-damage|p1a: Scream Ribbon|0 fnt\n|faint|p1a: Scream Ribbon\n|\n|win|uhoh I poopd\n|raw|Ferndere's rating: 1316 → 1297<\/strong> (-19 for losing)\n|raw|uhoh I poopd's rating: 1337 → 1356<\/strong> (+19 for winning)\n","uploadtime":1681865964,"views":10,"p1id":"ferndere","p2id":"uhohipoopd","formatid":"gen9vgc2023regulationc","rating":1297,"private":0,"password":""}