{"id":"gen9vgc2023regulationc-1846859368","p1":"Valency GL","p2":"Mauvellous","format":"[Gen 9] VGC 2023 Regulation C","log":"|j|\u2606Valency GL\n|j|\u2606Mauvellous\n|t:|1681891775\n|gametype|doubles\n|player|p1|Valency GL|266|1091\n|player|p2|Mauvellous|hilda-wonderlauncher|1072\n|teamsize|p1|6\n|teamsize|p2|6\n|gen|9\n|tier|[Gen 9] VGC 2023 Regulation C\n|rated|\n|rule|Species Clause: Limit one of each Pok\u00e9mon\n|rule|Item Clause: Limit one of each item\n|clearpoke\n|poke|p1|Dondozo, L50, M|\n|poke|p1|Tatsugiri-Droopy, L50, M|\n|poke|p1|Maushold-Four, L50|\n|poke|p1|Chien-Pao, L50|\n|poke|p1|Kingambit, L50, M|\n|poke|p1|Volcarona, L50, F|\n|poke|p2|Talonflame, L50, M|\n|poke|p2|Maushold, L50|\n|poke|p2|Palafin, L50, M|\n|poke|p2|Chi-Yu, L50|\n|poke|p2|Flutter Mane, L50|\n|poke|p2|Glimmora, L50, F|\n|teampreview|4\n|\n|t:|1681891809\n|start\n|switch|p1a: Tatsugiri|Tatsugiri-Droopy, L50, M|100\/100\n|switch|p1b: Volcarona|Volcarona, L50, F|100\/100\n|switch|p2a: Maushold|Maushold, L50|100\/100\n|switch|p2b: Palafin|Palafin, L50, M, shiny|100\/100\n|turn|1\n|inactive|Battle timer is ON: inactive players will automatically lose when time's up. (requested by Valency GL)\n|\n|t:|1681891824\n|switch|p1b: Dondozo|Dondozo, L50, M, shiny|100\/100\n|-activate|p1a: Tatsugiri|ability: Commander|[of] p1b: Dondozo\n|-boost|p1b: Dondozo|atk|2\n|-boost|p1b: Dondozo|spa|2\n|-boost|p1b: Dondozo|spe|2\n|-boost|p1b: Dondozo|def|2\n|-boost|p1b: Dondozo|spd|2\n|detailschange|p2b: Palafin|Palafin-Hero, L50, M, shiny\n|switch|p2b: Glimmora|Glimmora, L50, F, shiny|100\/100\n|move|p2a: Maushold|Super Fang|p1b: Dondozo|[miss]\n|-miss|p2a: Maushold|p1b: Dondozo\n|\n|upkeep\n|turn|2\n|\n|t:|1681891842\n|move|p1b: Dondozo|Wave Crash|p2a: Maushold\n|-damage|p2a: Maushold|12\/100\n|-damage|p1b: Dondozo|78\/100|[from] Recoil\n|move|p2a: Maushold|Super Fang|p1b: Dondozo\n|-damage|p1b: Dondozo|39\/100\n|move|p2b: Glimmora|Energy Ball|p1b: Dondozo\n|-supereffective|p1b: Dondozo\n|-damage|p1b: Dondozo|9\/100\n|\n|-heal|p1b: Dondozo|15\/100|[from] item: Leftovers\n|upkeep\n|turn|3\n|\n|t:|1681891860\n|move|p2a: Maushold|Follow Me|p2a: Maushold\n|-singleturn|p2a: Maushold|move: Follow Me\n|move|p1b: Dondozo|Earthquake|p2a: Maushold|[spread] p2a,p2b\n|-miss|p1b: Dondozo|p1a: Tatsugiri\n|-supereffective|p2b: Glimmora\n|-damage|p2a: Maushold|0 fnt\n|-damage|p2b: Glimmora|0 fnt\n|-activate|p2b: Glimmora|ability: Toxic Debris\n|-sidestart|p1: Valency GL|move: Toxic Spikes\n|faint|p2a: Maushold\n|faint|p2b: Glimmora\n|\n|-heal|p1b: Dondozo|21\/100|[from] item: Leftovers\n|upkeep\n|\n|t:|1681891872\n|switch|p2a: Chi-Yu|Chi-Yu, L50|100\/100\n|switch|p2b: Palafin|Palafin-Hero, L50, M, shiny|100\/100\n|-activate|p2b: Palafin|ability: Zero to Hero\n|-ability|p2a: Chi-Yu|Beads of Ruin\n|-item|p2a: Chi-Yu|Air Balloon\n|turn|4\n|\n|t:|1681891888\n|move|p1b: Dondozo|Wave Crash|p2a: Chi-Yu\n|-supereffective|p2a: Chi-Yu\n|-damage|p2a: Chi-Yu|0 fnt\n|-enditem|p2a: Chi-Yu|Air Balloon\n|faint|p2a: Chi-Yu\n|-damage|p1b: Dondozo|0 fnt|[from] Recoil\n|faint|p1b: Dondozo\n|move|p2b: Palafin|Wave Crash|p1a: Tatsugiri\n|-resisted|p1a: Tatsugiri\n|-damage|p1a: Tatsugiri|66\/100\n|-damage|p2b: Palafin|92\/100|[from] Recoil\n|\n|upkeep\n|\n|t:|1681891901\n|switch|p1b: Volcarona|Volcarona, L50, F|100\/100\n|-status|p1b: Volcarona|psn\n|-enditem|p1b: Volcarona|Lum Berry|[eat]\n|-curestatus|p1b: Volcarona|psn|[msg]\n|turn|5\n|\n|t:|1681891916\n|-terastallize|p1b: Volcarona|Water\n|-terastallize|p2b: Palafin|Water\n|move|p2b: Palafin|Jet Punch|p1b: Volcarona\n|-resisted|p1b: Volcarona\n|-crit|p1b: Volcarona\n|-damage|p1b: Volcarona|49\/100\n|move|p1a: Tatsugiri|Draco Meteor|p2b: Palafin\n|-damage|p2b: Palafin|31\/100\n|-unboost|p1a: Tatsugiri|spa|2\n|move|p1b: Volcarona|Giga Drain|p2b: Palafin\n|-supereffective|p2b: Palafin\n|-damage|p2b: Palafin|0 fnt\n|-heal|p1b: Volcarona|67\/100|[from] drain|[of] p2b: Palafin\n|faint|p2b: Palafin\n|\n|win|Valency GL\n|raw|Valency GL's rating: 1091 → 1116<\/strong> (+25 for winning)\n|raw|Mauvellous's rating: 1072 → 1052<\/strong> (-20 for losing)\n|l|\u2606Mauvellous\n","uploadtime":1681891941,"views":11,"p1id":"valencygl","p2id":"mauvellous","formatid":"gen9vgc2023regulationc","rating":1052,"private":0,"password":""}