{"id":"gen9vgc2023regulationc-1847567400","p1":"twist22","p2":"Dervish91","format":"[Gen 9] VGC 2023 Regulation C","log":"|j|\u2606twist22\n|j|\u203dDervish91\n|t:|1681974768\n|gametype|doubles\n|player|p1|twist22|bellelba|1166\n|player|p2|Dervish91|169|1109\n|teamsize|p1|6\n|teamsize|p2|6\n|gen|9\n|tier|[Gen 9] VGC 2023 Regulation C\n|rated|\n|rule|Species Clause: Limit one of each Pok\u00e9mon\n|rule|Item Clause: Limit one of each item\n|clearpoke\n|poke|p1|Bronzong, L50|\n|poke|p1|Arcanine, L50, M|\n|poke|p1|Amoonguss, L50, F|\n|poke|p1|Flutter Mane, L50|\n|poke|p1|Chi-Yu, L50|\n|poke|p1|Torkoal, L50, F|\n|poke|p2|Volcarona, L50, M|\n|poke|p2|Ting-Lu, L50|\n|poke|p2|Gyarados, L50, F|\n|poke|p2|Kingambit, L50, M|\n|poke|p2|Iron Hands, L50|\n|poke|p2|Corviknight, L50, F|\n|teampreview|4\n|inactive|Battle timer is ON: inactive players will automatically lose when time's up. (requested by twist22)\n|inactive|Dervish91 has 60 seconds left.\n|\n|t:|1681974816\n|start\n|switch|p1a: Flutter Mane|Flutter Mane, L50|100\/100\n|switch|p1b: Torkoal|Torkoal, L50, F|100\/100\n|switch|p2a: Ting-Lu|Ting-Lu, L50|100\/100\n|switch|p2b: Iron Hands|Iron Hands, L50|100\/100\n|-ability|p2a: Ting-Lu|Vessel of Ruin\n|-weather|SunnyDay|[from] ability: Drought|[of] p1b: Torkoal\n|-activate|p1a: Flutter Mane|ability: Protosynthesis\n|-start|p1a: Flutter Mane|protosynthesisspe\n|-enditem|p2b: Iron Hands|Booster Energy\n|-activate|p2b: Iron Hands|ability: Quark Drive|[fromitem]\n|-start|p2b: Iron Hands|quarkdriveatk\n|turn|1\n|inactive|twist22 has 30 seconds left.\n|inactive|twist22 has 20 seconds left.\n|\n|t:|1681974856\n|switch|p1b: Arcanine|Arcanine, L50, M|100\/100\n|-ability|p1b: Arcanine|Intimidate|boost\n|-unboost|p2a: Ting-Lu|atk|1\n|-unboost|p2b: Iron Hands|atk|1\n|move|p2b: Iron Hands|Fake Out|p1b: Arcanine\n|-damage|p1b: Arcanine|84\/100\n|move|p1a: Flutter Mane|Moonblast|p2b: Iron Hands\n|-supereffective|p2b: Iron Hands\n|-damage|p2b: Iron Hands|43\/100\n|move|p2a: Ting-Lu|Heavy Slam|p1a: Flutter Mane\n|-supereffective|p1a: Flutter Mane\n|-enditem|p1a: Flutter Mane|Focus Sash\n|-damage|p1a: Flutter Mane|1\/100\n|\n|-weather|SunnyDay|[upkeep]\n|upkeep\n|turn|2\n|inactive|Dervish91 has 30 seconds left.\n|\n|t:|1681974887\n|-end|p2b: Iron Hands|Quark Drive|[silent]\n|switch|p2b: Gyarados|Gyarados, L50, F|100\/100\n|-ability|p2b: Gyarados|Intimidate|boost\n|-unboost|p1a: Flutter Mane|atk|1\n|-unboost|p1b: Arcanine|atk|1\n|move|p1a: Flutter Mane|Moonblast|p2b: Gyarados\n|-damage|p2b: Gyarados|63\/100\n|move|p1b: Arcanine|Will-O-Wisp|p2a: Ting-Lu\n|-status|p2a: Ting-Lu|brn\n|move|p2a: Ting-Lu|Heavy Slam|p1a: Flutter Mane\n|-supereffective|p1a: Flutter Mane\n|-damage|p1a: Flutter Mane|0 fnt\n|faint|p1a: Flutter Mane\n|-end|p1a: Flutter Mane|Protosynthesis|[silent]\n|\n|-weather|SunnyDay|[upkeep]\n|-damage|p2a: Ting-Lu|95\/100 brn|[from] brn\n|upkeep\n|\n|t:|1681974908\n|switch|p1a: Bronzong|Bronzong, L50|100\/100\n|turn|3\n|\n|t:|1681974927\n|move|p1b: Arcanine|Will-O-Wisp|p2b: Gyarados\n|-status|p2b: Gyarados|brn\n|-enditem|p2b: Gyarados|Lum Berry|[eat]\n|-curestatus|p2b: Gyarados|brn|[msg]\n|move|p2b: Gyarados|Thunder Wave|p1a: Bronzong\n|-status|p1a: Bronzong|par\n|move|p2a: Ting-Lu|Stomping Tantrum|p1b: Arcanine\n|-supereffective|p1b: Arcanine\n|-damage|p1b: Arcanine|57\/100\n|cant|p1a: Bronzong|par\n|\n|-weather|SunnyDay|[upkeep]\n|-damage|p2a: Ting-Lu|89\/100 brn|[from] brn\n|upkeep\n|turn|4\n|inactive|Dervish91 has 30 seconds left.\n|\n|t:|1681974953\n|switch|p2b: Iron Hands|Iron Hands, L50|43\/100\n|move|p1b: Arcanine|Will-O-Wisp|p2b: Iron Hands\n|-status|p2b: Iron Hands|brn\n|move|p2a: Ting-Lu|Fissure|p1b: Arcanine|[miss]\n|-miss|p2a: Ting-Lu|p1b: Arcanine\n|move|p1a: Bronzong|Iron Defense|p1a: Bronzong\n|-boost|p1a: Bronzong|def|2\n|\n|-weather|SunnyDay|[upkeep]\n|-damage|p2b: Iron Hands|37\/100 brn|[from] brn\n|-damage|p2a: Ting-Lu|83\/100 brn|[from] brn\n|upkeep\n|turn|5\n|\n|t:|1681974973\n|move|p1b: Arcanine|Protect|p1b: Arcanine\n|-singleturn|p1b: Arcanine|Protect\n|move|p2b: Iron Hands|Fake Out|p1b: Arcanine\n|-activate|p1b: Arcanine|move: Protect\n|move|p2a: Ting-Lu|Stomping Tantrum|p1b: Arcanine\n|-activate|p1b: Arcanine|move: Protect\n|move|p1a: Bronzong|Iron Defense|p1a: Bronzong\n|-boost|p1a: Bronzong|def|2\n|\n|-weather|none\n|-damage|p2b: Iron Hands|31\/100 brn|[from] brn\n|-damage|p2a: Ting-Lu|77\/100 brn|[from] brn\n|upkeep\n|turn|6\n|\n|t:|1681974991\n|move|p1b: Arcanine|Flare Blitz|p2b: Iron Hands\n|-damage|p2b: Iron Hands|10\/100 brn\n|-damage|p1b: Arcanine|49\/100|[from] Recoil\n|move|p2b: Iron Hands|Drain Punch|p1a: Bronzong\n|-damage|p1a: Bronzong|95\/100 par\n|-heal|p2b: Iron Hands|12\/100 brn|[from] drain|[of] p1a: Bronzong\n|move|p2a: Ting-Lu|Stomping Tantrum|p1b: Arcanine\n|-supereffective|p1b: Arcanine\n|-damage|p1b: Arcanine|19\/100\n|move|p1a: Bronzong|Body Press|p2a: Ting-Lu\n|-supereffective|p2a: Ting-Lu\n|-damage|p2a: Ting-Lu|0 fnt\n|faint|p2a: Ting-Lu\n|\n|-heal|p1a: Bronzong|100\/100 par|[from] item: Leftovers\n|-damage|p2b: Iron Hands|6\/100 brn|[from] brn\n|upkeep\n|\n|t:|1681975006\n|switch|p2a: Corviknight|Corviknight, L50, F|100\/100\n|turn|7\n|inactive|twist22 has 30 seconds left.\n|inactive|Dervish91 has 30 seconds left.\n|\n|t:|1681975038\n|-terastallize|p2a: Corviknight|Poison\n|move|p1b: Arcanine|Will-O-Wisp|p2a: Corviknight\n|-status|p2a: Corviknight|brn\n|move|p2a: Corviknight|Brave Bird|p1b: Arcanine\n|-crit|p1b: Arcanine\n|-damage|p1b: Arcanine|0 fnt\n|faint|p1b: Arcanine\n|-damage|p2a: Corviknight|95\/100 brn|[from] Recoil\n|move|p2b: Iron Hands|Wild Charge|p1a: Bronzong\n|-damage|p1a: Bronzong|93\/100 par\n|-damage|p2b: Iron Hands|5\/100 brn|[from] Recoil\n|cant|p1a: Bronzong|par\n|\n|-heal|p1a: Bronzong|99\/100 par|[from] item: Leftovers\n|-damage|p2a: Corviknight|89\/100 brn|[from] brn\n|-damage|p2b: Iron Hands|0 fnt|[from] brn\n|faint|p2b: Iron Hands\n|-end|p2b: Iron Hands|Quark Drive|[silent]\n|upkeep\n|\n|t:|1681975061\n|switch|p1b: Torkoal|Torkoal, L50, F|100\/100\n|switch|p2b: Gyarados|Gyarados, L50, F|63\/100\n|-ability|p2b: Gyarados|Intimidate|boost\n|-unboost|p1a: Bronzong|atk|1\n|-unboost|p1b: Torkoal|atk|1\n|-weather|SunnyDay|[from] ability: Drought|[of] p1b: Torkoal\n|turn|8\n|\n|t:|1681975082\n|move|p1b: Torkoal|Protect|p1b: Torkoal\n|-singleturn|p1b: Torkoal|Protect\n|move|p2b: Gyarados|Waterfall|p1a: Bronzong\n|-damage|p1a: Bronzong|94\/100 par\n|move|p2a: Corviknight|Brave Bird|p1b: Torkoal\n|-activate|p1b: Torkoal|move: Protect\n|cant|p1a: Bronzong|par\n|\n|-weather|SunnyDay|[upkeep]\n|-heal|p1a: Bronzong|99\/100 par|[from] item: Leftovers\n|-damage|p2a: Corviknight|83\/100 brn|[from] brn\n|upkeep\n|turn|9\n|\n|t:|1681975103\n|move|p2b: Gyarados|Thunder Wave|p1b: Torkoal\n|-status|p1b: Torkoal|par\n|move|p2a: Corviknight|Bulk Up|p2a: Corviknight\n|-boost|p2a: Corviknight|atk|1\n|-boost|p2a: Corviknight|def|1\n|move|p1a: Bronzong|Body Press|p2b: Gyarados\n|-resisted|p2b: Gyarados\n|-damage|p2b: Gyarados|20\/100\n|move|p1b: Torkoal|Flamethrower|p2a: Corviknight\n|-damage|p2a: Corviknight|18\/100 brn\n|\n|-weather|SunnyDay|[upkeep]\n|-heal|p1a: Bronzong|100\/100 par|[from] item: Leftovers\n|-damage|p2a: Corviknight|12\/100 brn|[from] brn\n|upkeep\n|turn|10\n|\n|t:|1681975124\n|move|p2b: Gyarados|Waterfall|p1a: Bronzong\n|-damage|p1a: Bronzong|95\/100 par\n|move|p2a: Corviknight|Body Press|p1b: Torkoal\n|-crit|p1b: Torkoal\n|-damage|p1b: Torkoal|85\/100 par\n|move|p1a: Bronzong|Body Press|p2b: Gyarados\n|-resisted|p2b: Gyarados\n|-damage|p2b: Gyarados|0 fnt\n|faint|p2b: Gyarados\n|move|p1b: Torkoal|Flamethrower|p2a: Corviknight\n|-damage|p2a: Corviknight|0 fnt\n|faint|p2a: Corviknight\n|\n|win|twist22\n|raw|twist22's rating: 1166 → 1187<\/strong> (+21 for winning)\n|raw|Dervish91's rating: 1109 → 1088<\/strong> (-21 for losing)\n|l|\u203dDervish91\n","uploadtime":1681975647,"views":18,"p1id":"twist22","p2id":"dervish91","formatid":"gen9vgc2023regulationc","rating":1088,"private":0,"password":""}