{"id":"gen9vgc2023regulationc-1852401974","p1":"Jopweakturnupagain","p2":"jackkkkkkh02","format":"[Gen 9] VGC 2023 Regulation C","log":"|j|\u2606Jopweakturnupagain\n|j|\u2606jackkkkkkh02\n|t:|1682553155\n|gametype|doubles\n|player|p1|Jopweakturnupagain|lillie|1000\n|player|p2|jackkkkkkh02|benga|1087\n|teamsize|p1|6\n|teamsize|p2|6\n|gen|9\n|tier|[Gen 9] VGC 2023 Regulation C\n|rated|\n|rule|Species Clause: Limit one of each Pok\u00e9mon\n|rule|Item Clause: Limit one of each item\n|clearpoke\n|poke|p1|Palafin, L50, M|\n|poke|p1|Flutter Mane, L50|\n|poke|p1|Arcanine, L50, F|\n|poke|p1|Ting-Lu, L50|\n|poke|p1|Amoonguss, L50, M|\n|poke|p1|Kingambit, L50, F|\n|poke|p2|Flutter Mane, L50|\n|poke|p2|Kingambit, L50, F|\n|poke|p2|Dragonite, L50, F|\n|poke|p2|Great Tusk, L50|\n|poke|p2|Greedent, L50, F|\n|poke|p2|Whiscash, L50, F|\n|teampreview|4\n|c|\u2606jackkkkkkh02|glhf\n|n|\u2606Jopweakturnupagain|jopweakturnupagain\njackkkkkkh02 rejected open team sheets.\n|\n|t:|1682553206\n|start\n|switch|p1a: Palafin|Palafin, L50, M, shiny|100\/100\n|switch|p1b: Amoonguss|Amoonguss, L50, M, shiny|100\/100\n|switch|p2a: Gree DONT|Greedent, L50, F, shiny|100\/100\n|switch|p2b: Trouble|Great Tusk, L50, shiny|100\/100\n|turn|1\n|inactive|Battle timer is ON: inactive players will automatically lose when time's up. (requested by Jopweakturnupagain)\n|\n|t:|1682553227\n|-end|p2b: Trouble|Protosynthesis|[silent]\n|switch|p2b: HOT|Kingambit, L50, F, shiny|100\/100\n|move|p1a: Palafin|Protect|p1a: Palafin\n|-singleturn|p1a: Palafin|Protect\n|move|p1b: Amoonguss|Spore|p2b: HOT\n|-status|p2b: HOT|slp|[from] move: Spore\n|move|p2a: Gree DONT|Super Fang|p1b: Amoonguss\n|-damage|p1b: Amoonguss|51\/100\n|-damage|p2a: Gree DONT|84\/100|[from] item: Rocky Helmet|[of] p1b: Amoonguss\n|\n|upkeep\n|turn|2\n|inactive|jackkkkkkh02 has 30 seconds left.\n|\n|t:|1682553258\n|detailschange|p1a: Palafin|Palafin-Hero, L50, M, shiny\n|switch|p1a: Kingambit|Kingambit, L50, F, shiny|100\/100\n|move|p2a: Gree DONT|Protect|p2a: Gree DONT\n|-singleturn|p2a: Gree DONT|Protect\n|cant|p2b: HOT|slp\n|move|p1b: Amoonguss|Spore|p2a: Gree DONT\n|-activate|p2a: Gree DONT|move: Protect\n|\n|upkeep\n|turn|3\n|inactive|jackkkkkkh02 has 30 seconds left.\n|\n|t:|1682553285\n|cant|p2b: HOT|slp\n|move|p1a: Kingambit|Swords Dance|p1a: Kingambit\n|-boost|p1a: Kingambit|atk|2\n|move|p1b: Amoonguss|Spore|p2a: Gree DONT\n|-status|p2a: Gree DONT|slp|[from] move: Spore\n|cant|p2a: Gree DONT|slp\n|\n|upkeep\n|turn|4\n|\n|t:|1682553298\n|cant|p2b: HOT|slp\n|move|p1a: Kingambit|Kowtow Cleave|p2a: Gree DONT\n|-damage|p2a: Gree DONT|0 fnt\n|faint|p2a: Gree DONT\n|move|p1b: Amoonguss|Spore|p2b: HOT\n|-fail|p2b: HOT|slp\n|\n|upkeep\n|\n|t:|1682553305\n|switch|p2a: Trouble|Great Tusk, L50, shiny|100\/100\n|turn|5\n|\n|t:|1682553323\n|-terastallize|p2b: HOT|Fire\n|-terastallize|p1a: Kingambit|Dark\n|move|p2a: Trouble|Close Combat|p1a: Kingambit\n|-supereffective|p1a: Kingambit\n|-damage|p1a: Kingambit|13\/100\n|-unboost|p2a: Trouble|def|1\n|-unboost|p2a: Trouble|spd|1\n|-curestatus|p2b: HOT|slp|[msg]\n|move|p2b: HOT|Tera Blast|p1b: Amoonguss\n|-supereffective|p1b: Amoonguss\n|-damage|p1b: Amoonguss|0 fnt\n|faint|p1b: Amoonguss\n|move|p1a: Kingambit|Kowtow Cleave|p2b: HOT\n|-crit|p2b: HOT\n|-damage|p2b: HOT|0 fnt\n|faint|p2b: HOT\n|\n|upkeep\n|\n|t:|1682553342\n|switch|p2b: FANCY|Flutter Mane, L50, shiny|100\/100\n|switch|p1b: Palafin|Palafin-Hero, L50, M, shiny|100\/100\n|-activate|p1b: Palafin|ability: Zero to Hero\n|turn|6\n|\n|t:|1682553353\n|move|p1b: Palafin|Jet Punch|p2a: Trouble\n|-supereffective|p2a: Trouble\n|-damage|p2a: Trouble|0 fnt\n|faint|p2a: Trouble\n|-end|p2a: Trouble|Protosynthesis|[silent]\n|move|p1a: Kingambit|Sucker Punch|p2b: FANCY\n|-damage|p2b: FANCY|0 fnt\n|faint|p2b: FANCY\n|-end|p2b: FANCY|Protosynthesis|[silent]\n|\n|win|Jopweakturnupagain\n|raw|Jopweakturnupagain's rating: 1000 → 1050<\/strong> (+50 for winning)\n|raw|jackkkkkkh02's rating: 1087 → 1058<\/strong> (-29 for losing)\n|l|\u2606jackkkkkkh02\n","uploadtime":1682553362,"views":16,"p1id":"jopweakturnupagain","p2id":"jackkkkkkh02","formatid":"gen9vgc2023regulationc","rating":1050,"private":0,"password":""}