{"id":"gen9vgc2023regulationc-1848767728","p1":"dunsparcedingo","p2":"Munjah10","format":"[Gen 9] VGC 2023 Regulation C","log":"|j|\u2606dunsparcedingo\n|j|\u2606Munjah10\n|t:|1682108393\n|gametype|doubles\n|player|p1|dunsparcedingo|zinnia|1104\n|player|p2|Munjah10|170|1149\n|teamsize|p1|6\n|teamsize|p2|6\n|gen|9\n|tier|[Gen 9] VGC 2023 Regulation C\n|rated|\n|rule|Species Clause: Limit one of each Pok\u00e9mon\n|rule|Item Clause: Limit one of each item\n|clearpoke\n|poke|p1|Torkoal, L50, M|\n|poke|p1|Jumpluff, L50, M|\n|poke|p1|Chi-Yu, L50|\n|poke|p1|Sandy Shocks, L50|\n|poke|p1|Iron Bundle, L50|\n|poke|p1|Slither Wing, L50|\n|poke|p2|Tatsugiri, L50, F|\n|poke|p2|Chien-Pao, L50|\n|poke|p2|Talonflame, L50, F|\n|poke|p2|Flutter Mane, L50|\n|poke|p2|Gyarados, L50, M|\n|poke|p2|Brute Bonnet, L50|\n|teampreview|4\ndunsparcedingo has agreed to open team sheets.\n|inactive|Battle timer is ON: inactive players will automatically lose when time's up. (requested by Munjah10)\n|\n|t:|1682108434\n|start\n|switch|p1a: Sandy Shocks|Sandy Shocks, L50|100\/100\n|switch|p1b: Slither Wing|Slither Wing, L50|100\/100\n|switch|p2a: Talonflame|Talonflame, L50, F, shiny|100\/100\n|switch|p2b: Tatsugiri|Tatsugiri, L50, F, shiny|100\/100\n|turn|1\n|\n|t:|1682108458\n|-end|p1b: Slither Wing|Protosynthesis|[silent]\n|switch|p1b: Torkoal|Torkoal, L50, M|100\/100\n|-weather|SunnyDay|[from] ability: Drought|[of] p1b: Torkoal\n|-activate|p1a: Sandy Shocks|ability: Protosynthesis\n|-start|p1a: Sandy Shocks|protosynthesisspe\n|move|p2a: Talonflame|Tailwind|p2a: Talonflame\n|-sidestart|p2: Munjah10|move: Tailwind\n|move|p2b: Tatsugiri|Muddy Water|p1b: Torkoal|[spread] p1a,p1b\n|-supereffective|p1a: Sandy Shocks\n|-supereffective|p1b: Torkoal\n|-damage|p1a: Sandy Shocks|72\/100\n|-damage|p1b: Torkoal|65\/100\n|-unboost|p1b: Torkoal|accuracy|1\n|move|p1a: Sandy Shocks|Thunderbolt|p2a: Talonflame\n|-supereffective|p2a: Talonflame\n|-damage|p2a: Talonflame|0 fnt\n|faint|p2a: Talonflame\n|\n|-weather|SunnyDay|[upkeep]\n|-heal|p1b: Torkoal|71\/100|[from] item: Leftovers\n|upkeep\n|\n|t:|1682108476\n|switch|p2a: Flutter Mane|Flutter Mane, L50, shiny|100\/100\n|-activate|p2a: Flutter Mane|ability: Protosynthesis\n|-start|p2a: Flutter Mane|protosynthesisspe\n|turn|2\n|\n|t:|1682108493\n|-terastallize|p2a: Flutter Mane|Ground\n|move|p1b: Torkoal|Helping Hand|p1a: Sandy Shocks\n|-singleturn|p1a: Sandy Shocks|Helping Hand|[of] p1b: Torkoal\n|move|p2a: Flutter Mane|Tera Blast|p1a: Sandy Shocks\n|-supereffective|p1a: Sandy Shocks\n|-damage|p1a: Sandy Shocks|0 fnt\n|faint|p1a: Sandy Shocks\n|-end|p1a: Sandy Shocks|Protosynthesis|[silent]\n|-damage|p2a: Flutter Mane|91\/100|[from] item: Life Orb\n|move|p2b: Tatsugiri|Muddy Water|p1b: Torkoal\n|-supereffective|p1b: Torkoal\n|-damage|p1b: Torkoal|23\/100\n|\n|-weather|SunnyDay|[upkeep]\n|-heal|p1b: Torkoal|29\/100|[from] item: Leftovers\n|upkeep\n|\n|t:|1682108513\n|switch|p1a: Slither Wing|Slither Wing, L50|100\/100\n|-activate|p1a: Slither Wing|ability: Protosynthesis\n|-start|p1a: Slither Wing|protosynthesisatk\n|turn|3\n|\n|t:|1682108535\n|switch|p1b: Iron Bundle|Iron Bundle, L50|100\/100\n|move|p2a: Flutter Mane|Protect|p2a: Flutter Mane\n|-singleturn|p2a: Flutter Mane|Protect\n|move|p1a: Slither Wing|First Impression|p2a: Flutter Mane\n|-activate|p2a: Flutter Mane|move: Protect\n|move|p2b: Tatsugiri|Muddy Water|p1b: Iron Bundle|[spread] p1a,p1b\n|-crit|p1a: Slither Wing\n|-resisted|p1b: Iron Bundle\n|-damage|p1a: Slither Wing|78\/100\n|-damage|p1b: Iron Bundle|88\/100\n|\n|-weather|SunnyDay|[upkeep]\n|upkeep\n|turn|4\n|inactive|Munjah10 has 30 seconds left.\n|\n|t:|1682108567\n|switch|p2b: Gyarados|Gyarados, L50, M, shiny|100\/100\n|-ability|p2b: Gyarados|Intimidate|boost\n|-unboost|p1a: Slither Wing|atk|1\n|-unboost|p1b: Iron Bundle|atk|1\n|-terastallize|p1a: Slither Wing|Fire\n|move|p1b: Iron Bundle|Protect|p1b: Iron Bundle\n|-singleturn|p1b: Iron Bundle|Protect\n|move|p2a: Flutter Mane|Moonblast|p1b: Iron Bundle\n|-activate|p1b: Iron Bundle|move: Protect\n|move|p1a: Slither Wing|Earthquake|p2b: Gyarados|[spread] p2a\n|-activate|p1b: Iron Bundle|move: Protect\n|-immune|p2b: Gyarados\n|-crit|p2a: Flutter Mane\n|-damage|p2a: Flutter Mane|0 fnt\n|faint|p2a: Flutter Mane\n|-end|p2a: Flutter Mane|Protosynthesis|[silent]\n|-damage|p1a: Slither Wing|68\/100|[from] item: Life Orb\n|\n|-weather|SunnyDay|[upkeep]\n|-sideend|p2: Munjah10|move: Tailwind\n|upkeep\n|\n|t:|1682108584\n|switch|p2a: Tatsugiri|Tatsugiri, L50, F, shiny|100\/100\n|turn|5\n|inactive|dunsparcedingo has 30 seconds left.\n|\n|t:|1682108611\n|-end|p1a: Slither Wing|Protosynthesis|[silent]\n|switch|p1a: Torkoal|Torkoal, L50, M|29\/100\n|move|p2a: Tatsugiri|Muddy Water|p1a: Torkoal|[spread] p1b\n|-miss|p2a: Tatsugiri|p1a: Torkoal\n|-resisted|p1b: Iron Bundle\n|-damage|p1b: Iron Bundle|73\/100\n|move|p1b: Iron Bundle|Freeze-Dry|p2a: Tatsugiri\n|-supereffective|p2a: Tatsugiri\n|-damage|p2a: Tatsugiri|0 fnt\n|faint|p2a: Tatsugiri\n|move|p2b: Gyarados|Dragon Dance|p2b: Gyarados\n|-boost|p2b: Gyarados|atk|1\n|-boost|p2b: Gyarados|spe|1\n|\n|-weather|none\n|-heal|p1a: Torkoal|35\/100|[from] item: Leftovers\n|upkeep\n|turn|6\n|\n|t:|1682108632\n|move|p2b: Gyarados|Waterfall|p1a: Torkoal\n|-supereffective|p1a: Torkoal\n|-damage|p1a: Torkoal|0 fnt\n|faint|p1a: Torkoal\n|move|p1b: Iron Bundle|Freeze-Dry|p2b: Gyarados\n|-supereffective|p2b: Gyarados\n|-crit|p2b: Gyarados\n|-damage|p2b: Gyarados|0 fnt\n|faint|p2b: Gyarados\n|\n|win|dunsparcedingo\n|raw|dunsparcedingo's rating: 1104 → 1132<\/strong> (+28 for winning)\n|raw|Munjah10's rating: 1149 → 1121<\/strong> (-28 for losing)\n|l|\u2606Munjah10\n","uploadtime":1682108641,"views":8,"p1id":"dunsparcedingo","p2id":"munjah10","formatid":"gen9vgc2023regulationc","rating":1121,"private":0,"password":""}