{"id":"gen9vgc2023regulationc-1860118112","p1":"dtownbrown447","p2":"Beef Slippers","format":"[Gen 9] VGC 2023 Regulation C","log":"|j|\u2606dtownbrown447\n|j|\u2606Beef Slippers\n|t:|1683597310\n|gametype|doubles\n|player|p1|dtownbrown447|swimmer-gen4dp|1318\n|player|p2|Beef Slippers|boarder|1357\n|teamsize|p1|6\n|teamsize|p2|6\n|gen|9\n|tier|[Gen 9] VGC 2023 Regulation C\n|rated|\n|rule|Species Clause: Limit one of each Pok\u00e9mon\n|rule|Item Clause: Limit one of each item\n|clearpoke\n|poke|p1|Iron Bundle, L50|\n|poke|p1|Gyarados, L50, F|\n|poke|p1|Flutter Mane, L50|\n|poke|p1|Chi-Yu, L50|\n|poke|p1|Meowscarada, L50, M|\n|poke|p1|Iron Hands, L50|\n|poke|p2|Brute Bonnet, L50|\n|poke|p2|Arcanine, L50, M|\n|poke|p2|Chi-Yu, L50|\n|poke|p2|Corviknight, L50, M|\n|poke|p2|Sandy Shocks, L50|\n|poke|p2|Grimmsnarl, L50, M|\n|teampreview|4\n|inactive|Battle timer is ON: inactive players will automatically lose when time's up. (requested by dtownbrown447)\n|inactive|dtownbrown447 has 60 seconds left.\n|inactive|Beef Slippers has 60 seconds left.\n|\n|t:|1683597364\n|start\n|switch|p1a: Flutter Mane|Flutter Mane, L50|100\/100\n|switch|p1b: Iron Bundle|Iron Bundle, L50|100\/100\n|switch|p2a: Sandy Shocks|Sandy Shocks, L50|100\/100\n|switch|p2b: Corviknight|Corviknight, L50, M|100\/100\n|-enditem|p1b: Iron Bundle|Booster Energy\n|-activate|p1b: Iron Bundle|ability: Quark Drive|[fromitem]\n|-start|p1b: Iron Bundle|quarkdrivespe\n|-enditem|p2a: Sandy Shocks|Booster Energy\n|-activate|p2a: Sandy Shocks|ability: Protosynthesis|[fromitem]\n|-start|p2a: Sandy Shocks|protosynthesisspe\n|turn|1\n|inactive|Beef Slippers has 30 seconds left.\n|\n|t:|1683597399\n|switch|p2b: Brute Bonnet|Brute Bonnet, L50|100\/100\n|-terastallize|p2a: Sandy Shocks|Fairy\n|move|p1b: Iron Bundle|Hydro Pump|p2a: Sandy Shocks\n|-damage|p2a: Sandy Shocks|43\/100\n|move|p2a: Sandy Shocks|Thunderbolt|p1b: Iron Bundle\n|-supereffective|p1b: Iron Bundle\n|-damage|p1b: Iron Bundle|0 fnt\n|faint|p1b: Iron Bundle\n|-end|p1b: Iron Bundle|Quark Drive|[silent]\n|move|p1a: Flutter Mane|Thunderbolt|p2b: Brute Bonnet\n|-resisted|p2b: Brute Bonnet\n|-crit|p2b: Brute Bonnet\n|-damage|p2b: Brute Bonnet|69\/100\n|\n|upkeep\n|j| XL Twin Mattress\n|\n|t:|1683597415\n|switch|p1b: Meowscarada|Meowscarada, L50, M|100\/100\n|turn|2\n|inactive|Beef Slippers has 30 seconds left.\n|\n|t:|1683597450\n|-end|p1a: Flutter Mane|Protosynthesis|[silent]\n|switch|p1a: Chi-Yu|Chi-Yu, L50|100\/100\n|-ability|p1a: Chi-Yu|Beads of Ruin\n|move|p2b: Brute Bonnet|Sucker Punch|p1b: Meowscarada\n|-resisted|p1b: Meowscarada\n|-damage|p1b: Meowscarada|70\/100\n|move|p2a: Sandy Shocks|Tera Blast|p1b: Meowscarada\n|-supereffective|p1b: Meowscarada\n|-damage|p1b: Meowscarada|0 fnt\n|faint|p1b: Meowscarada\n|\n|upkeep\n|\n|t:|1683597459\n|switch|p1b: Flutter Mane|Flutter Mane, L50|100\/100\n|turn|3\n|\n|t:|1683597484\n|-terastallize|p1a: Chi-Yu|Water\n|move|p2a: Sandy Shocks|Earth Power|p1a: Chi-Yu\n|-damage|p1a: Chi-Yu|59\/100\n|move|p1b: Flutter Mane|Dazzling Gleam|p2a: Sandy Shocks|[spread] p2a,p2b\n|-supereffective|p2b: Brute Bonnet\n|-damage|p2a: Sandy Shocks|0 fnt\n|-damage|p2b: Brute Bonnet|0 fnt\n|faint|p2a: Sandy Shocks\n|-end|p2a: Sandy Shocks|Protosynthesis|[silent]\n|faint|p2b: Brute Bonnet\n|-end|p2b: Brute Bonnet|Protosynthesis|[silent]\n|move|p1a: Chi-Yu|Heat Wave|p2: Sandy Shocks|[notarget]\n|-fail|p1a: Chi-Yu\n|\n|upkeep\n|\n|t:|1683597487\n|switch|p2a: Chi-Yu|Chi-Yu, L50|100\/100\n|switch|p2b: Corviknight|Corviknight, L50, M|100\/100\n|-ability|p2a: Chi-Yu|Beads of Ruin\n|turn|4\n|\n|t:|1683597504\n|move|p1a: Chi-Yu|Protect|p1a: Chi-Yu\n|-singleturn|p1a: Chi-Yu|Protect\n|move|p1b: Flutter Mane|Dazzling Gleam|p2a: Chi-Yu|[spread] p2a,p2b\n|-resisted|p2b: Corviknight\n|-damage|p2a: Chi-Yu|65\/100\n|-damage|p2b: Corviknight|68\/100\n|move|p2a: Chi-Yu|Snarl|p1b: Flutter Mane|[spread] p1b\n|-activate|p1a: Chi-Yu|move: Protect\n|-damage|p1b: Flutter Mane|70\/100\n|-unboost|p1b: Flutter Mane|spa|1\n|move|p2b: Corviknight|Tailwind|p2b: Corviknight\n|-sidestart|p2: Beef Slippers|move: Tailwind\n|\n|upkeep\n|turn|5\n|\n|t:|1683597527\n|move|p2a: Chi-Yu|Dark Pulse|p1a: Chi-Yu\n|-damage|p1a: Chi-Yu|21\/100\n|-enditem|p1a: Chi-Yu|Sitrus Berry|[eat]\n|-heal|p1a: Chi-Yu|46\/100|[from] item: Sitrus Berry\n|move|p2b: Corviknight|Roost|p2b: Corviknight\n|-heal|p2b: Corviknight|100\/100\n|-singleturn|p2b: Corviknight|move: Roost\n|move|p1b: Flutter Mane|Dazzling Gleam|p2b: Corviknight|[spread] p2a,p2b\n|-resisted|p2b: Corviknight\n|-damage|p2a: Chi-Yu|40\/100\n|-damage|p2b: Corviknight|78\/100\n|move|p1a: Chi-Yu|Heat Wave|p2a: Chi-Yu|[spread] p2a,p2b\n|-resisted|p2a: Chi-Yu\n|-supereffective|p2b: Corviknight\n|-damage|p2a: Chi-Yu|27\/100\n|-damage|p2b: Corviknight|0 fnt\n|faint|p2b: Corviknight\n|\n|upkeep\n|turn|6\n|\n|t:|1683597550\n|move|p2a: Chi-Yu|Heat Wave|p1b: Flutter Mane|[spread] p1a\n|-miss|p2a: Chi-Yu|p1b: Flutter Mane\n|-resisted|p1a: Chi-Yu\n|-damage|p1a: Chi-Yu|28\/100\n|move|p1b: Flutter Mane|Dazzling Gleam|p2a: Chi-Yu\n|-damage|p2a: Chi-Yu|0 fnt\n|faint|p2a: Chi-Yu\n|\n|win|dtownbrown447\n|raw|dtownbrown447's rating: 1318 → 1340<\/strong> (+22 for winning)\n|raw|Beef Slippers's rating: 1357 → 1335<\/strong> (-22 for losing)\n|l|\u2606Beef Slippers\n","uploadtime":1683597559,"views":11,"p1id":"dtownbrown447","p2id":"beefslippers","formatid":"gen9vgc2023regulationc","rating":1335,"private":0,"password":""}