{"id":"gen9vgc2023regulationc-1845100197","p1":"t4vr","p2":"SpiritualBiscuit","format":"[Gen 9] VGC 2023 Regulation C","log":"|j|\u2606t4vr\n|j|\u2606SpiritualBiscuit\n|t:|1681683535\n|gametype|doubles\n|player|p1|t4vr|101|1175\n|player|p2|SpiritualBiscuit|pokemaniac|1107\n|teamsize|p1|6\n|teamsize|p2|6\n|gen|9\n|tier|[Gen 9] VGC 2023 Regulation C\n|rated|\n|rule|Species Clause: Limit one of each Pok\u00e9mon\n|rule|Item Clause: Limit one of each item\n|clearpoke\n|poke|p1|Wo-Chien, L50|\n|poke|p1|Gothitelle, L50, F|\n|poke|p1|Arcanine, L50, M|\n|poke|p1|Great Tusk, L50|\n|poke|p1|Palafin, L50, F|\n|poke|p1|Flutter Mane, L50|\n|poke|p2|Palafin, L50, M|\n|poke|p2|Scream Tail, L50|\n|poke|p2|Flutter Mane, L50|\n|poke|p2|Amoonguss, L50, M|\n|poke|p2|Arcanine, L50, F|\n|poke|p2|Gothitelle, L50, F|\n|teampreview|4\nSpiritualBiscuit rejected open team sheets.\n|\n|t:|1681683572\n|start\n|switch|p1a: Gothitelle|Gothitelle, L50, F|100\/100\n|switch|p1b: Great Tusk|Great Tusk, L50|100\/100\n|switch|p2a: Siguanaba|Gothitelle, L50, F, shiny|100\/100\n|switch|p2b: JoseJose|Scream Tail, L50, shiny|100\/100\n|-enditem|p2b: JoseJose|Booster Energy\n|-activate|p2b: JoseJose|ability: Protosynthesis|[fromitem]\n|-start|p2b: JoseJose|protosynthesisspe\n|turn|1\n|inactive|Battle timer is ON: inactive players will automatically lose when time's up. (requested by t4vr)\n|inactive|SpiritualBiscuit has 60 seconds left.\n|\n|t:|1681683608\n|-terastallize|p1b: Great Tusk|Steel\n|move|p1a: Gothitelle|Fake Out|p2a: Siguanaba\n|-damage|p2a: Siguanaba|95\/100\n|cant|p2a: Siguanaba|flinch\n|move|p2b: JoseJose|Perish Song|p2b: JoseJose\n|-start|p1a: Gothitelle|perish3|[silent]\n|-start|p1b: Great Tusk|perish3|[silent]\n|-start|p2a: Siguanaba|perish3|[silent]\n|-start|p2b: JoseJose|perish3|[silent]\n|-fieldactivate|move: Perish Song\n|move|p1b: Great Tusk|Iron Head|p2b: JoseJose\n|-supereffective|p2b: JoseJose\n|-damage|p2b: JoseJose|44\/100\n|\n|-start|p2b: JoseJose|perish3\n|-start|p1b: Great Tusk|perish3\n|-start|p1a: Gothitelle|perish3\n|-start|p2a: Siguanaba|perish3\n|upkeep\n|turn|2\n|inactive|t4vr has 30 seconds left.\n|inactive|t4vr has 20 seconds left.\n|inactive|t4vr has 15 seconds left.\n|inactive|t4vr has 10 seconds left.\n|\n|t:|1681683658\n|move|p2b: JoseJose|Protect|p2b: JoseJose\n|-singleturn|p2b: JoseJose|Protect\n|move|p2a: Siguanaba|Protect|p2a: Siguanaba\n|-singleturn|p2a: Siguanaba|Protect\n|move|p1b: Great Tusk|Close Combat|p2b: JoseJose\n|-activate|p2b: JoseJose|move: Protect\n|move|p1a: Gothitelle|Psychic|p2b: JoseJose\n|-activate|p2b: JoseJose|move: Protect\n|\n|-start|p2b: JoseJose|perish2\n|-start|p1b: Great Tusk|perish2\n|-start|p1a: Gothitelle|perish2\n|-start|p2a: Siguanaba|perish2\n|upkeep\n|turn|3\n|\n|t:|1681683679\n|move|p2b: JoseJose|Disable|p1b: Great Tusk\n|-start|p1b: Great Tusk|Disable|Close Combat\n|move|p1b: Great Tusk|Headlong Rush|p2b: JoseJose\n|-damage|p2b: JoseJose|0 fnt\n|-unboost|p1b: Great Tusk|def|1\n|-unboost|p1b: Great Tusk|spd|1\n|faint|p2b: JoseJose\n|-end|p2b: JoseJose|Protosynthesis|[silent]\n|move|p1a: Gothitelle|Psychic|p2a: Siguanaba\n|-resisted|p2a: Siguanaba\n|-damage|p2a: Siguanaba|84\/100\n|move|p2a: Siguanaba|Heal Pulse|p2: JoseJose|[notarget]\n|-fail|p2a: Siguanaba\n|\n|-start|p1b: Great Tusk|perish1\n|-start|p1a: Gothitelle|perish1\n|-start|p2a: Siguanaba|perish1\n|upkeep\n|\n|t:|1681683698\n|switch|p2b: FunGuy|Amoonguss, L50, M, shiny|100\/100\n|turn|4\n|\n|t:|1681683709\n|switch|p1a: Arcanine|Arcanine, L50, M|100\/100\n|-ability|p1a: Arcanine|Intimidate|boost\n|-unboost|p2a: Siguanaba|atk|1\n|-unboost|p2b: FunGuy|atk|1\n|move|p2a: Siguanaba|Protect|p2a: Siguanaba\n|-singleturn|p2a: Siguanaba|Protect\n|move|p2b: FunGuy|Protect|p2b: FunGuy\n|-singleturn|p2b: FunGuy|Protect\n|move|p1b: Great Tusk|Ice Spinner|p2b: FunGuy\n|-activate|p2b: FunGuy|move: Protect\n|\n|-start|p1b: Great Tusk|perish0\n|-start|p2a: Siguanaba|perish0\n|faint|p1b: Great Tusk\n|-end|p1b: Great Tusk|Protosynthesis|[silent]\n|faint|p2a: Siguanaba\n|upkeep\n|\n|t:|1681683728\n|switch|p1b: Gothitelle|Gothitelle, L50, F|100\/100\n|switch|p2a: Brujij\u00ed|Flutter Mane, L50, shiny|100\/100\n|turn|5\n|\n|t:|1681683744\n|-terastallize|p2b: FunGuy|Dark\n|move|p1b: Gothitelle|Fake Out|p2b: FunGuy\n|-damage|p2b: FunGuy|95\/100\n|move|p2a: Brujij\u00ed|Shadow Ball|p1b: Gothitelle\n|-supereffective|p1b: Gothitelle\n|-damage|p1b: Gothitelle|42\/100\n|-enditem|p1b: Gothitelle|Sitrus Berry|[eat]\n|-heal|p1b: Gothitelle|67\/100|[from] item: Sitrus Berry\n|move|p1a: Arcanine|Flare Blitz|p2b: FunGuy\n|-damage|p2b: FunGuy|54\/100\n|-damage|p1a: Arcanine|84\/100|[from] Recoil\n|cant|p2b: FunGuy|flinch\n|\n|upkeep\n|turn|6\n|inactive|t4vr has 30 seconds left.\n|inactive|t4vr has 20 seconds left.\n|\n|t:|1681683783\n|move|p2b: FunGuy|Protect|p2b: FunGuy\n|-singleturn|p2b: FunGuy|Protect\n|move|p2a: Brujij\u00ed|Shadow Ball|p1b: Gothitelle\n|-supereffective|p1b: Gothitelle\n|-damage|p1b: Gothitelle|5\/100\n|move|p1a: Arcanine|Flare Blitz|p2a: Brujij\u00ed\n|-damage|p2a: Brujij\u00ed|1\/100\n|-damage|p1a: Arcanine|60\/100|[from] Recoil\n|move|p1b: Gothitelle|Taunt|p2a: Brujij\u00ed\n|-start|p2a: Brujij\u00ed|move: Taunt\n|\n|upkeep\n|turn|7\n|\n|t:|1681683805\n|move|p2b: FunGuy|Rage Powder|p2b: FunGuy\n|-singleturn|p2b: FunGuy|move: Rage Powder\n|move|p2a: Brujij\u00ed|Shadow Ball|p1b: Gothitelle\n|-supereffective|p1b: Gothitelle\n|-damage|p1b: Gothitelle|0 fnt\n|faint|p1b: Gothitelle\n|move|p1a: Arcanine|Snarl|p2a: Brujij\u00ed|[spread] p2a,p2b\n|-resisted|p2b: FunGuy\n|-damage|p2a: Brujij\u00ed|0 fnt\n|-damage|p2b: FunGuy|50\/100\n|-unboost|p2b: FunGuy|spa|1\n|faint|p2a: Brujij\u00ed\n|-end|p2a: Brujij\u00ed|Protosynthesis|[silent]\n|\n|upkeep\n|\n|t:|1681683817\n|switch|p1b: Palafin|Palafin, L50, F, shiny|100\/100\n|turn|8\n|-message|SpiritualBiscuit forfeited.\n|\n|win|t4vr\n|raw|t4vr's rating: 1175 → 1195<\/strong> (+20 for winning)\n|raw|SpiritualBiscuit's rating: 1107 → 1087<\/strong> (-20 for losing)\n|l|\u2606SpiritualBiscuit\n","uploadtime":1681683826,"views":8,"p1id":"t4vr","p2id":"spiritualbiscuit","formatid":"gen9vgc2023regulationc","rating":1087,"private":0,"password":""}