{"id":"gen9vgc2023regulationc-1847724277","p1":"ether21","p2":"Capitan smoker","format":"[Gen 9] VGC 2023 Regulation C","log":"|j|\u2606ether21\n|j|\u2606Capitan smoker\n|t:|1681996391\n|gametype|doubles\n|player|p1|ether21|twins-gen4dp|1221\n|player|p2|Capitan smoker|170|1229\n|teamsize|p1|6\n|teamsize|p2|6\n|gen|9\n|tier|[Gen 9] VGC 2023 Regulation C\n|rated|\n|rule|Species Clause: Limit one of each Pok\u00e9mon\n|rule|Item Clause: Limit one of each item\n|clearpoke\n|poke|p1|Torkoal, L50, F|\n|poke|p1|Kingambit, L50, F|\n|poke|p1|Lilligant, L50, F|\n|poke|p1|Chi-Yu, L50|\n|poke|p1|Dachsbun, L50, F|\n|poke|p1|Flutter Mane, L50|\n|poke|p2|Braviary, L50, M|\n|poke|p2|Dragonite, L50, F|\n|poke|p2|Flutter Mane, L50|\n|poke|p2|Torkoal, L50, F|\n|poke|p2|Lilligant, L50, F|\n|poke|p2|Great Tusk, L50|\n|teampreview|4\n|\n|t:|1681996407\n|start\n|switch|p1a: GroudonJr|Torkoal, L50, F|100\/100\n|switch|p1b: PresserOfBodies|Dachsbun, L50, F|100\/100\n|switch|p2a: Braviary|Braviary, L50, M|100\/100\n|switch|p2b: Dragonite|Dragonite, L50, F, shiny|100\/100\n|-weather|SunnyDay|[from] ability: Drought|[of] p1a: GroudonJr\n|turn|1\n|\n|t:|1681996422\n|move|p2b: Dragonite|Earthquake|p1a: GroudonJr|[spread] p1a,p1b\n|-immune|p2a: Braviary\n|-supereffective|p1a: GroudonJr\n|-crit|p1a: GroudonJr\n|-damage|p1a: GroudonJr|8\/100\n|-damage|p1b: PresserOfBodies|60\/100\n|move|p2a: Braviary|Tailwind|p2a: Braviary\n|-sidestart|p2: Capitan smoker|move: Tailwind\n|move|p1b: PresserOfBodies|Wish|p1b: PresserOfBodies\n|move|p1a: GroudonJr|Lava Plume|p2a: Braviary|[spread] p2a,p2b\n|-ability|p1b: PresserOfBodies|Well-Baked Body|boost\n|-boost|p1b: PresserOfBodies|def|2\n|-resisted|p2b: Dragonite\n|-damage|p2a: Braviary|19\/100\n|-damage|p2b: Dragonite|86\/100\n|-status|p2b: Dragonite|brn\n|\n|-weather|SunnyDay|[upkeep]\n|-heal|p2a: Braviary|25\/100|[from] item: Leftovers\n|-heal|p1b: PresserOfBodies|66\/100|[from] item: Leftovers\n|-damage|p2b: Dragonite|80\/100 brn|[from] brn\n|upkeep\n|turn|2\n|\n|t:|1681996434\n|move|p2a: Braviary|Brave Bird|p1b: PresserOfBodies\n|-damage|p1b: PresserOfBodies|38\/100\n|-damage|p2a: Braviary|16\/100|[from] Recoil\n|move|p2b: Dragonite|Earthquake|p1a: GroudonJr|[spread] p1a,p1b\n|-immune|p2a: Braviary\n|-supereffective|p1a: GroudonJr\n|-damage|p1a: GroudonJr|0 fnt\n|-damage|p1b: PresserOfBodies|29\/100\n|faint|p1a: GroudonJr\n|move|p1b: PresserOfBodies|Yawn|p2a: Braviary\n|-start|p2a: Braviary|move: Yawn|[of] p1b: PresserOfBodies\n|\n|-weather|SunnyDay|[upkeep]\n|-heal|p1b: PresserOfBodies|79\/100|[from] move: Wish|[wisher] PresserOfBodies\n|-heal|p2a: Braviary|23\/100|[from] item: Leftovers\n|-heal|p1b: PresserOfBodies|85\/100|[from] item: Leftovers\n|-damage|p2b: Dragonite|74\/100 brn|[from] brn\n|upkeep\n|\n|t:|1681996451\n|switch|p1a: SuperSpecs|Flutter Mane, L50|100\/100\n|-activate|p1a: SuperSpecs|ability: Protosynthesis\n|-start|p1a: SuperSpecs|protosynthesisspe\n|turn|3\n|\n|t:|1681996458\n|move|p1a: SuperSpecs|Protect|p1a: SuperSpecs\n|-singleturn|p1a: SuperSpecs|Protect\n|move|p2b: Dragonite|Earthquake|p1a: SuperSpecs|[spread] p1b\n|-activate|p1a: SuperSpecs|move: Protect\n|-immune|p2a: Braviary\n|-damage|p1b: PresserOfBodies|75\/100\n|move|p2a: Braviary|Brave Bird|p1a: SuperSpecs\n|-activate|p1a: SuperSpecs|move: Protect\n|move|p1b: PresserOfBodies|Wish|p1b: PresserOfBodies\n|\n|-weather|SunnyDay|[upkeep]\n|-heal|p2a: Braviary|29\/100|[from] item: Leftovers\n|-heal|p1b: PresserOfBodies|81\/100|[from] item: Leftovers\n|-damage|p2b: Dragonite|68\/100 brn|[from] brn\n|-end|p2a: Braviary|move: Yawn|[silent]\n|-status|p2a: Braviary|slp\n|upkeep\n|turn|4\n|\n|t:|1681996468\n|move|p1a: SuperSpecs|Calm Mind|p1a: SuperSpecs\n|-boost|p1a: SuperSpecs|spa|1\n|-boost|p1a: SuperSpecs|spd|1\n|move|p2b: Dragonite|Earthquake|p1a: SuperSpecs|[spread] p1a,p1b\n|-immune|p2a: Braviary\n|-damage|p1a: SuperSpecs|62\/100\n|-damage|p1b: PresserOfBodies|72\/100\n|cant|p2a: Braviary|slp\n|move|p1b: PresserOfBodies|Body Press|p2b: Dragonite\n|-resisted|p2b: Dragonite\n|-damage|p2b: Dragonite|47\/100 brn\n|\n|-weather|SunnyDay|[upkeep]\n|-heal|p1b: PresserOfBodies|100\/100|[from] move: Wish|[wisher] PresserOfBodies\n|-heal|p2a: Braviary|35\/100 slp|[from] item: Leftovers\n|-damage|p2b: Dragonite|41\/100 brn|[from] brn\n|-sideend|p2: Capitan smoker|move: Tailwind\n|upkeep\n|turn|5\n|\n|t:|1681996485\n|move|p1a: SuperSpecs|Dazzling Gleam|p2a: Braviary|[spread] p2a,p2b\n|-supereffective|p2b: Dragonite\n|-crit|p2b: Dragonite\n|-damage|p2a: Braviary|0 fnt\n|-damage|p2b: Dragonite|0 fnt\n|faint|p2a: Braviary\n|faint|p2b: Dragonite\n|move|p1b: PresserOfBodies|Body Press|p2: Braviary|[notarget]\n|-fail|p1b: PresserOfBodies\n|\n|-weather|none\n|-end|p1a: SuperSpecs|Protosynthesis\n|upkeep\n|\n|t:|1681996488\n|switch|p2a: Flutter Mane|Flutter Mane, L50|100\/100\n|switch|p2b: Great Tusk|Great Tusk, L50|100\/100\n|turn|6\n|\n|t:|1681996500\n|-terastallize|p2a: Flutter Mane|Ghost\n|move|p2b: Great Tusk|Headlong Rush|p1a: SuperSpecs\n|-damage|p1a: SuperSpecs|0 fnt\n|-unboost|p2b: Great Tusk|def|1\n|-unboost|p2b: Great Tusk|spd|1\n|faint|p1a: SuperSpecs\n|-end|p1a: SuperSpecs|Protosynthesis|[silent]\n|move|p2a: Flutter Mane|Shadow Ball|p1b: PresserOfBodies\n|-damage|p1b: PresserOfBodies|34\/100\n|-damage|p2a: Flutter Mane|91\/100|[from] item: Life Orb\n|move|p1b: PresserOfBodies|Yawn|p2b: Great Tusk\n|-start|p2b: Great Tusk|move: Yawn|[of] p1b: PresserOfBodies\n|\n|-heal|p1b: PresserOfBodies|40\/100|[from] item: Leftovers\n|upkeep\n|\n|t:|1681996506\n|switch|p1a: IfOmlyYveltal|Kingambit, L50, F|100\/100\n|turn|7\n|\n|t:|1681996522\n|move|p1a: IfOmlyYveltal|Sucker Punch|p2a: Flutter Mane\n|-supereffective|p2a: Flutter Mane\n|-damage|p2a: Flutter Mane|0 fnt\n|faint|p2a: Flutter Mane\n|-end|p2a: Flutter Mane|Protosynthesis|[silent]\n|move|p2b: Great Tusk|Headlong Rush|p1a: IfOmlyYveltal\n|-supereffective|p1a: IfOmlyYveltal\n|-crit|p1a: IfOmlyYveltal\n|-damage|p1a: IfOmlyYveltal|0 fnt\n|-unboost|p2b: Great Tusk|def|1\n|-unboost|p2b: Great Tusk|spd|1\n|faint|p1a: IfOmlyYveltal\n|move|p1b: PresserOfBodies|Wish|p1b: PresserOfBodies\n|\n|-heal|p1b: PresserOfBodies|46\/100|[from] item: Leftovers\n|-end|p2b: Great Tusk|move: Yawn|[silent]\n|-status|p2b: Great Tusk|slp\n|upkeep\n|turn|8\n|\n|t:|1681996529\n|cant|p2b: Great Tusk|slp\n|move|p1b: PresserOfBodies|Body Press|p2b: Great Tusk\n|-damage|p2b: Great Tusk|35\/100 slp\n|\n|-heal|p1b: PresserOfBodies|96\/100|[from] move: Wish|[wisher] PresserOfBodies\n|-heal|p1b: PresserOfBodies|100\/100|[from] item: Leftovers\n|upkeep\n|turn|9\n|\n|t:|1681996533\n|cant|p2b: Great Tusk|slp\n|move|p1b: PresserOfBodies|Body Press|p2b: Great Tusk\n|-damage|p2b: Great Tusk|0 fnt\n|faint|p2b: Great Tusk\n|-end|p2b: Great Tusk|Protosynthesis|[silent]\n|\n|win|ether21\n|raw|ether21's rating: 1221 → 1247<\/strong> (+26 for winning)\n|raw|Capitan smoker's rating: 1229 → 1203<\/strong> (-26 for losing)\n|l|\u2606Capitan smoker\n","uploadtime":1681996545,"views":9,"p1id":"ether21","p2id":"capitansmoker","formatid":"gen9vgc2023regulationc","rating":1203,"private":0,"password":""}