{"id":"gen9vgc2023regulationc-1848804291","p1":"walkin.steele","p2":"Alaskan_fisher","format":"[Gen 9] VGC 2023 Regulation C","log":"|j|\u2606walkin.steele\n|j|\u2606Alaskan_fisher\n|t:|1682112150\n|gametype|doubles\n|player|p1|walkin.steele|blue|1298\n|player|p2|Alaskan_fisher|fisherman-gen4|1292\n|teamsize|p1|6\n|teamsize|p2|6\n|gen|9\n|tier|[Gen 9] VGC 2023 Regulation C\n|rated|\n|rule|Species Clause: Limit one of each Pok\u00e9mon\n|rule|Item Clause: Limit one of each item\n|clearpoke\n|poke|p1|Chi-Yu, L50|\n|poke|p1|Ceruledge, L50, F|\n|poke|p1|Kingambit, L50, M|\n|poke|p1|Corviknight, L50, M|\n|poke|p1|Scream Tail, L50|\n|poke|p1|Iron Bundle, L50|\n|poke|p2|Baxcalibur, L50, M|\n|poke|p2|Palafin, L50, F|\n|poke|p2|Arcanine, L50, M|\n|poke|p2|Flutter Mane, L50|\n|poke|p2|Chi-Yu, L50|\n|poke|p2|Amoonguss, L50, F|\n|teampreview|4\nAlaskan_fisher has agreed to open team sheets.\nwalkin.steele has agreed to open team sheets.\n|\n|t:|1682112181\n|start\n|switch|p1a: Shi En|Kingambit, L50, M|100\/100\n|switch|p1b: Ariana|Scream Tail, L50|100\/100\n|switch|p2a: Palafin|Palafin, L50, F|100\/100\n|switch|p2b: Amoonguss|Amoonguss, L50, F|100\/100\n|-enditem|p1b: Ariana|Booster Energy\n|-activate|p1b: Ariana|ability: Protosynthesis|[fromitem]\n|-start|p1b: Ariana|protosynthesisspe\n|turn|1\n|inactive|Battle timer is ON: inactive players will automatically lose when time's up. (requested by walkin.steele)\n|inactive|Alaskan_fisher has 60 seconds left.\n|\n|t:|1682112277\n|detailschange|p2a: Palafin|Palafin-Hero, L50, F\n|switch|p2a: Chi-Yu|Chi-Yu, L50|100\/100\n|-ability|p2a: Chi-Yu|Beads of Ruin\n|move|p1a: Shi En|Protect|p1a: Shi En\n|-singleturn|p1a: Shi En|Protect\n|move|p1b: Ariana|Howl|p1b: Ariana|[spread] p1a,p1b\n|-boost|p1a: Shi En|atk|1\n|-boost|p1b: Ariana|atk|1\n|move|p2b: Amoonguss|Spore|p1b: Ariana\n|-status|p1b: Ariana|slp|[from] move: Spore\n|\n|upkeep\n|turn|2\n|inactive|walkin.steele has 30 seconds left.\n|inactive|Alaskan_fisher has 30 seconds left.\n|inactive|walkin.steele has 20 seconds left.\n|inactive|walkin.steele has 15 seconds left.\n|\n|t:|1682112321\n|switch|p2b: Palafin|Palafin-Hero, L50, F|100\/100\n|-activate|p2b: Palafin|ability: Zero to Hero\n|-terastallize|p1a: Shi En|Flying\n|cant|p1b: Ariana|slp\n|move|p2a: Chi-Yu|Flamethrower|p1a: Shi En\n|-damage|p1a: Shi En|26\/100\n|move|p1a: Shi En|Assurance|p2b: Palafin\n|-damage|p2b: Palafin|51\/100\n|\n|upkeep\n|turn|3\n|inactive|Alaskan_fisher has 30 seconds left.\n|inactive|Alaskan_fisher has 20 seconds left.\n|\n|t:|1682112357\n|move|p1a: Shi En|Protect|p1a: Shi En\n|-singleturn|p1a: Shi En|Protect\n|cant|p1b: Ariana|slp\n|move|p2a: Chi-Yu|Flamethrower|p1a: Shi En\n|-activate|p1a: Shi En|move: Protect\n|move|p2b: Palafin|Haze|p2b: Palafin\n|-clearallboost\n|\n|upkeep\n|turn|4\n|inactive|Alaskan_fisher has 30 seconds left.\n|inactive|Alaskan_fisher has 20 seconds left.\n|inactive|Alaskan_fisher has 15 seconds left.\n|inactive|Alaskan_fisher has 10 seconds left.\n|\n|t:|1682112407\n|switch|p2b: Amoonguss|Amoonguss, L50, F|100\/100\n|switch|p1a: Ceruledge|Ceruledge, L50, F|100\/100\n|-curestatus|p1b: Ariana|slp|[msg]\n|move|p1b: Ariana|Disable|p2a: Chi-Yu\n|-start|p2a: Chi-Yu|Disable|Flamethrower\n|cant|p2a: Chi-Yu|Disable|Flamethrower\n|\n|upkeep\n|turn|5\n|\n|t:|1682112423\n|switch|p2a: Palafin|Palafin-Hero, L50, F|51\/100\n|-terastallize|p2b: Amoonguss|Water\n|move|p1b: Ariana|Howl|p1b: Ariana|[spread] p1a,p1b\n|-boost|p1a: Ceruledge|atk|1\n|-boost|p1b: Ariana|atk|1\n|move|p1a: Ceruledge|Bitter Blade|p2b: Amoonguss\n|-resisted|p2b: Amoonguss\n|-damage|p2b: Amoonguss|72\/100\n|move|p2b: Amoonguss|Spore|p1a: Ceruledge\n|-status|p1a: Ceruledge|slp|[from] move: Spore\n|\n|upkeep\n|turn|6\n|inactive|Alaskan_fisher has 30 seconds left.\n|inactive|Alaskan_fisher has 20 seconds left.\n|inactive|Alaskan_fisher has 15 seconds left.\n|inactive|Alaskan_fisher has 10 seconds left.\n|inactive|Alaskan_fisher has 5 seconds left.\n|\n|t:|1682112473\n|switch|p1a: Iron Bundle|Iron Bundle, L50|100\/100\n|move|p1b: Ariana|Disable|p2b: Amoonguss\n|-start|p2b: Amoonguss|Disable|Spore\n|move|p2a: Palafin|Wave Crash|p1b: Ariana\n|-damage|p1b: Ariana|26\/100\n|-damage|p2a: Palafin|25\/100|[from] Recoil\n|cant|p2b: Amoonguss|Disable|Spore\n|\n|upkeep\n|turn|7\n|inactive|walkin.steele has 30 seconds left.\n|inactive|Alaskan_fisher has 30 seconds left.\n|\n|t:|1682112501\n|move|p2b: Amoonguss|Rage Powder|p2b: Amoonguss\n|-singleturn|p2b: Amoonguss|move: Rage Powder\n|move|p2a: Palafin|Jet Punch|p1b: Ariana\n|-damage|p1b: Ariana|0 fnt\n|faint|p1b: Ariana\n|-end|p1b: Ariana|Protosynthesis|[silent]\n|move|p1a: Iron Bundle|Freeze-Dry|p2b: Amoonguss\n|-supereffective|p2b: Amoonguss\n|-damage|p2b: Amoonguss|0 fnt\n|faint|p2b: Amoonguss\n|\n|upkeep\n|\n|t:|1682112514\n|switch|p1b: Shi En|Kingambit, L50, M, tera:Flying|26\/100\n|switch|p2b: Flutter Mane|Flutter Mane, L50|100\/100\n|turn|8\n|\n|t:|1682112538\n|move|p1b: Shi En|Protect|p1b: Shi En\n|-singleturn|p1b: Shi En|Protect\n|move|p2a: Palafin|Jet Punch|p1a: Iron Bundle\n|-resisted|p1a: Iron Bundle\n|-damage|p1a: Iron Bundle|72\/100\n|move|p1a: Iron Bundle|Icy Wind|p2b: Flutter Mane|[spread] p2a,p2b\n|-resisted|p2a: Palafin\n|-damage|p2a: Palafin|16\/100\n|-damage|p2b: Flutter Mane|82\/100\n|-unboost|p2a: Palafin|spe|1\n|-unboost|p2b: Flutter Mane|spe|1\n|move|p2b: Flutter Mane|Moonblast|p1a: Iron Bundle\n|-damage|p1a: Iron Bundle|0 fnt\n|faint|p1a: Iron Bundle\n|-end|p1a: Iron Bundle|Quark Drive|[silent]\n|\n|upkeep\n|\n|t:|1682112551\n|switch|p1a: Ceruledge|Ceruledge, L50, F|100\/100 slp\n|turn|9\n|\n|t:|1682112572\n|move|p1b: Shi En|Sucker Punch|p2a: Palafin\n|-damage|p2a: Palafin|0 fnt\n|faint|p2a: Palafin\n|move|p2b: Flutter Mane|Moonblast|p1b: Shi En\n|-crit|p1b: Shi En\n|-damage|p1b: Shi En|0 fnt\n|faint|p1b: Shi En\n|cant|p1a: Ceruledge|slp\n|\n|upkeep\n|\n|t:|1682112577\n|switch|p2a: Chi-Yu|Chi-Yu, L50|100\/100\n|-ability|p2a: Chi-Yu|Beads of Ruin\n|turn|10\n|\n|t:|1682112586\n|move|p2a: Chi-Yu|Dark Pulse|p1a: Ceruledge\n|-supereffective|p1a: Ceruledge\n|-damage|p1a: Ceruledge|18\/100 slp\n|move|p2b: Flutter Mane|Moonblast|p1a: Ceruledge\n|-resisted|p1a: Ceruledge\n|-damage|p1a: Ceruledge|0 fnt\n|faint|p1a: Ceruledge\n|\n|win|Alaskan_fisher\n|raw|walkin.steele's rating: 1298 → 1271<\/strong> (-27 for losing)\n|raw|Alaskan_fisher's rating: 1272 → 1299<\/strong> (+27 for winning)\n|l|\u2606walkin.steele\n","uploadtime":1682112621,"views":13,"p1id":"walkinsteele","p2id":"alaskanfisher","formatid":"gen9vgc2023regulationc","rating":1271,"private":0,"password":""}