{"id":"gen9vgc2023regulationc-1863930243","p1":"dartsvg","p2":"apronvgc","format":"[Gen 9] VGC 2023 Regulation C","log":"|j|\u2606dartsvg\n|j|\u2606apronvgc\n|t:|1684094592\n|gametype|doubles\n|player|p1|dartsvg|artist-gen4|\n|player|p2|apronvgc|lucas|\n|teamsize|p1|6\n|teamsize|p2|6\n|gen|9\n|tier|[Gen 9] VGC 2023 Regulation C\n|rule|Species Clause: Limit one of each Pok\u00e9mon\n|rule|Item Clause: Limit one of each item\n|clearpoke\n|poke|p1|Kingambit, L50, M|\n|poke|p1|Flutter Mane, L50|\n|poke|p1|Amoonguss, L50, M|\n|poke|p1|Arcanine, L50, F|\n|poke|p1|Baxcalibur, L50, F|\n|poke|p1|Chi-Yu, L50|\n|poke|p2|Flutter Mane, L50|\n|poke|p2|Palafin, L50, F|\n|poke|p2|Iron Bundle, L50|\n|poke|p2|Chi-Yu, L50|\n|poke|p2|Arcanine, L50, M|\n|poke|p2|Amoonguss, L50, M|\n|teampreview|4\n|inactive|Battle timer is ON: inactive players will automatically lose when time's up. (requested by dartsvg)\n|inactiveoff|Battle timer is now OFF.\n|c|\u2606dartsvg|g1\ndartsvg has agreed to open team sheets.\n|c|\u2606apronvgc|\/log apronvgc made this room public.\napronvgc has agreed to open team sheets.\n|j| DomarpVGC\n|j| SvenVGC\n|j| Deemo Hyouryou\n|c|\u2606apronvgc|glhf\n|j| NJ11VGC\n|j| FloodMeHarderDaddy\n|j| Bertigo\n|j| WH ceree\n|l| NJ11VGC\n|l| FloodMeHarderDaddy\n|j| UberVylit\n|j| NJ11VGC\n|l| NJ11VGC\n|c|\u2606apronvgc|all g?\n|j| IchigoZangeCorner\n|c| Deemo Hyouryou|VAMOS APRONVGC AAAAAAAAAAAA\n|c| SvenVGC|VAMOS APRONVGC AAAAAAAAAAAA\n|c| IchigoZangeCorner|LETS Go DARTS\n|\n|t:|1684094972\n|start\n|switch|p1a: Chi-Yu|Chi-Yu, L50|100\/100\n|switch|p1b: Flutter Mane|Flutter Mane, L50|100\/100\n|switch|p2a: Chi-Yu|Chi-Yu, L50|100\/100\n|switch|p2b: Palafin|Palafin, L50, F|100\/100\n|-ability|p1a: Chi-Yu|Beads of Ruin\n|-ability|p2a: Chi-Yu|Beads of Ruin\n|-enditem|p1b: Flutter Mane|Booster Energy\n|-activate|p1b: Flutter Mane|ability: Protosynthesis|[fromitem]\n|-start|p1b: Flutter Mane|protosynthesisspa\n|turn|1\n|c|\u2606dartsvg|glhf\n|c|\u2606apronvgc|u2\n|inactive|Battle timer is ON: inactive players will automatically lose when time's up. (requested by apronvgc)\n|\n|t:|1684095059\n|detailschange|p2b: Palafin|Palafin-Hero, L50, F\n|switch|p2b: Amoonguss|Amoonguss, L50, M|100\/100\n|-terastallize|p1a: Chi-Yu|Water\n|-terastallize|p2a: Chi-Yu|Water\n|move|p1b: Flutter Mane|Protect|p1b: Flutter Mane\n|-singleturn|p1b: Flutter Mane|Protect\n|move|p1a: Chi-Yu|Tera Blast|p2a: Chi-Yu\n|-resisted|p2a: Chi-Yu\n|-damage|p2a: Chi-Yu|78\/100\n|move|p2a: Chi-Yu|Overheat|p1b: Flutter Mane\n|-activate|p1b: Flutter Mane|move: Protect\n|\n|upkeep\n|turn|2\n|inactive|dartsvg has 30 seconds left.\n|\n|t:|1684095088\n|switch|p1a: Amoonguss|Amoonguss, L50, M|100\/100\n|move|p2b: Amoonguss|Rage Powder|p2b: Amoonguss\n|-singleturn|p2b: Amoonguss|move: Rage Powder\n|move|p1b: Flutter Mane|Moonblast|p2b: Amoonguss\n|-resisted|p2b: Amoonguss\n|-damage|p2b: Amoonguss|61\/100\n|move|p2a: Chi-Yu|Overheat|p1b: Flutter Mane\n|-damage|p1b: Flutter Mane|0 fnt\n|-unboost|p2a: Chi-Yu|spa|2\n|faint|p1b: Flutter Mane\n|-end|p1b: Flutter Mane|Protosynthesis|[silent]\n|\n|upkeep\n|\n|t:|1684095096\n|switch|p1b: Chi-Yu|Chi-Yu, L50, tera:Water|100\/100\n|-ability|p1b: Chi-Yu|Beads of Ruin\n|turn|3\n|\n|t:|1684095105\n|switch|p2b: Arcanine|Arcanine, L50, M|100\/100\n|-ability|p2b: Arcanine|Intimidate|boost\n|-unboost|p1a: Amoonguss|atk|1\n|-unboost|p1b: Chi-Yu|atk|1\n|move|p1a: Amoonguss|Protect|p1a: Amoonguss\n|-singleturn|p1a: Amoonguss|Protect\n|move|p1b: Chi-Yu|Heat Wave|p2b: Arcanine|[spread] p2a\n|-miss|p1b: Chi-Yu|p2b: Arcanine\n|-resisted|p2a: Chi-Yu\n|-crit|p2a: Chi-Yu\n|-damage|p2a: Chi-Yu|52\/100\n|move|p2a: Chi-Yu|Overheat|p1a: Amoonguss\n|-activate|p1a: Amoonguss|move: Protect\n|\n|upkeep\n|turn|4\n|j| danny aarons\n|inactive|apronvgc has 30 seconds left.\n|\n|t:|1684095133\n|switch|p2a: Palafin|Palafin-Hero, L50, F|100\/100\n|-activate|p2a: Palafin|ability: Zero to Hero\n|switch|p1a: Baxcalibur|Baxcalibur, L50, F|100\/100\n|move|p1b: Chi-Yu|Heat Wave|p2b: Arcanine|[spread] p2a,p2b\n|-resisted|p2a: Palafin\n|-resisted|p2b: Arcanine\n|-damage|p2a: Palafin|74\/100\n|-damage|p2b: Arcanine|73\/100\n|move|p2b: Arcanine|Flare Blitz|p1a: Baxcalibur\n|-damage|p1a: Baxcalibur|60\/100\n|-ability|p1a: Baxcalibur|Thermal Exchange|boost\n|-boost|p1a: Baxcalibur|atk|1\n|-damage|p2b: Arcanine|59\/100|[from] Recoil\n|\n|upkeep\n|turn|5\n|inactive|apronvgc has 30 seconds left.\n|inactive|apronvgc has 20 seconds left.\n|\n|t:|1684095171\n|switch|p1b: Amoonguss|Amoonguss, L50, M|100\/100\n|move|p1a: Baxcalibur|Protect|p1a: Baxcalibur\n|-singleturn|p1a: Baxcalibur|Protect\n|move|p2b: Arcanine|Flare Blitz|p1b: Amoonguss\n|-supereffective|p1b: Amoonguss\n|-crit|p1b: Amoonguss\n|-damage|p1b: Amoonguss|2\/100\n|-enditem|p1b: Amoonguss|Sitrus Berry|[eat]\n|-heal|p1b: Amoonguss|27\/100|[from] item: Sitrus Berry\n|-damage|p2b: Arcanine|23\/100|[from] Recoil\n|move|p2a: Palafin|Wave Crash|p1b: Amoonguss\n|-resisted|p1b: Amoonguss\n|-damage|p1b: Amoonguss|0 fnt\n|faint|p1b: Amoonguss\n|-damage|p2a: Palafin|65\/100|[from] Recoil\n|\n|upkeep\n|l| WH ceree\n|\n|t:|1684095182\n|switch|p1b: Chi-Yu|Chi-Yu, L50, tera:Water|100\/100\n|-ability|p1b: Chi-Yu|Beads of Ruin\n|turn|6\n|j| WH ceree\n|inactive|dartsvg has 30 seconds left.\n|inactive|apronvgc has 30 seconds left.\n|inactive|dartsvg has 20 seconds left.\n|inactive|apronvgc has 20 seconds left.\n|inactive|dartsvg has 15 seconds left.\n|inactive|apronvgc has 15 seconds left.\n|inactive|dartsvg has 10 seconds left.\n|inactive|apronvgc has 10 seconds left.\n|inactive|dartsvg has 5 seconds left.\n|\n|t:|1684095235\n|move|p2a: Palafin|Protect|p2a: Palafin\n|-singleturn|p2a: Palafin|Protect\n|move|p2b: Arcanine|Extreme Speed|p1a: Baxcalibur\n|-damage|p1a: Baxcalibur|40\/100\n|move|p1b: Chi-Yu|Dark Pulse|p2a: Palafin\n|-activate|p2a: Palafin|move: Protect\n|move|p1a: Baxcalibur|Glaive Rush|p2b: Arcanine\n|-damage|p2b: Arcanine|0 fnt\n|-singlemove|p1a: Baxcalibur|Glaive Rush|[silent]\n|faint|p2b: Arcanine\n|\n|upkeep\n|\n|t:|1684095257\n|switch|p2b: Amoonguss|Amoonguss, L50, M|94\/100\n|turn|7\n|\n|t:|1684095269\n|move|p2a: Palafin|Jet Punch|p1a: Baxcalibur\n|-resisted|p1a: Baxcalibur\n|-damage|p1a: Baxcalibur|0 fnt\n|faint|p1a: Baxcalibur\n|move|p1b: Chi-Yu|Dark Pulse|p2b: Amoonguss\n|-damage|p2b: Amoonguss|36\/100\n|-enditem|p2b: Amoonguss|Sitrus Berry|[eat]\n|-heal|p2b: Amoonguss|61\/100|[from] item: Sitrus Berry\n|cant|p2b: Amoonguss|flinch\n|\n|upkeep\n|turn|8\n|\n|t:|1684095284\n|move|p1b: Chi-Yu|Dark Pulse|p2b: Amoonguss\n|-damage|p2b: Amoonguss|9\/100\n|move|p2a: Palafin|Wave Crash|p1b: Chi-Yu\n|-resisted|p1b: Chi-Yu\n|-damage|p1b: Chi-Yu|27\/100\n|-damage|p2a: Palafin|48\/100|[from] Recoil\n|move|p2b: Amoonguss|Spore|p1b: Chi-Yu\n|-status|p1b: Chi-Yu|slp|[from] move: Spore\n|\n|upkeep\n|turn|9\n|c|\u2606dartsvg|gg\n|-message|dartsvg forfeited.\n|\n|win|apronvgc\n|l| danny aarons\n|c|\u2606apronvgc|gg\n|l| WH ceree\n|j| Orangex733\n|l| Bertigo\n|l| Orangex733\n|l| Deemo Hyouryou\n|j| alderbw\n|j| NJ11VGC\n|l| IchigoZangeCorner\n|l| NJ11VGC\n|l| UberVylit\n","uploadtime":1684095294,"views":23,"p1id":"dartsvg","p2id":"apronvgc","formatid":"gen9vgc2023regulationc","rating":0,"private":0,"password":""}