{"id":"gen9vgc2023regulationc-1861646875","p1":"Caterpillar24\/1","p2":"haha you rage quit","format":"[Gen 9] VGC 2023 Regulation C","log":"|j|\u2606Caterpillar24\/1\n|j|\u2606haha you rage quit\n|t:|1683787668\n|gametype|doubles\n|player|p1|Caterpillar24\/1|emmet|1171\n|player|p2|haha you rage quit|pokemaniac|1131\n|teamsize|p1|6\n|teamsize|p2|6\n|gen|9\n|tier|[Gen 9] VGC 2023 Regulation C\n|rated|\n|rule|Species Clause: Limit one of each Pok\u00e9mon\n|rule|Item Clause: Limit one of each item\n|clearpoke\n|poke|p1|Wo-Chien, L50|\n|poke|p1|Mudsdale, L50, M|\n|poke|p1|Salazzle, L50, F|\n|poke|p1|Azumarill, L50, M|\n|poke|p1|Annihilape, L50, M|\n|poke|p1|Indeedee-F, L50, F|\n|poke|p2|Murkrow, L50, M|\n|poke|p2|Great Tusk, L50|\n|poke|p2|Flutter Mane, L50|\n|poke|p2|Jumpluff, L50, M|\n|poke|p2|Torkoal, L50, M|\n|poke|p2|Kingambit, L50, M|\n|teampreview|4\n|inactive|Battle timer is ON: inactive players will automatically lose when time's up. (requested by Caterpillar24\/1)\n|inactive|Caterpillar24\/1 has 60 seconds left.\n|\n|t:|1683787714\n|start\n|switch|p1a: Annihilape|Annihilape, L50, M, shiny|100\/100\n|switch|p1b: Salazzle|Salazzle, L50, F, shiny|100\/100\n|switch|p2a: Flutter Mane|Flutter Mane, L50, shiny|100\/100\n|switch|p2b: Murkrow|Murkrow, L50, M|100\/100\n|turn|1\n|inactive|haha you rage quit has 30 seconds left.\n|inactive|haha you rage quit has 20 seconds left.\n|\n|t:|1683787753\n|-terastallize|p2b: Murkrow|Ghost\n|move|p1b: Salazzle|Fake Out|p2b: Murkrow\n|-immune|p2b: Murkrow\n|move|p1a: Annihilape|Final Gambit|p2b: Murkrow\n|-immune|p2b: Murkrow\n|move|p2a: Flutter Mane|Dazzling Gleam|p1a: Annihilape|[spread] p1a,p1b\n|-supereffective|p1a: Annihilape\n|-resisted|p1b: Salazzle\n|-damage|p1a: Annihilape|0 fnt\n|-damage|p1b: Salazzle|79\/100\n|faint|p1a: Annihilape\n|-damage|p2a: Flutter Mane|91\/100|[from] item: Life Orb\n|move|p2b: Murkrow|Brave Bird|p1b: Salazzle\n|-damage|p1b: Salazzle|0 fnt\n|faint|p1b: Salazzle\n|-damage|p2b: Murkrow|78\/100|[from] Recoil\n|\n|upkeep\n|\n|t:|1683787758\n|switch|p1b: Mudsdale|Mudsdale, L50, M, shiny|100\/100\n|switch|p1a: Wo-Chien|Wo-Chien, L50|100\/100\n|-ability|p1a: Wo-Chien|Tablets of Ruin\n|turn|2\n|\n|t:|1683787780\n|-terastallize|p1a: Wo-Chien|Poison\n|move|p2b: Murkrow|Protect|p2b: Murkrow\n|-singleturn|p2b: Murkrow|Protect\n|move|p2a: Flutter Mane|Protect|p2a: Flutter Mane\n|-singleturn|p2a: Flutter Mane|Protect\n|move|p1a: Wo-Chien|Leech Seed|p2b: Murkrow\n|-activate|p2b: Murkrow|move: Protect\n|move|p1b: Mudsdale|Heavy Slam|p2a: Flutter Mane\n|-activate|p2a: Flutter Mane|move: Protect\n|\n|upkeep\n|turn|3\n|inactive|haha you rage quit has 30 seconds left.\n|inactive|haha you rage quit has 20 seconds left.\n|inactive|haha you rage quit has 15 seconds left.\n|\n|t:|1683787820\n|move|p1a: Wo-Chien|Protect|p1a: Wo-Chien\n|-singleturn|p1a: Wo-Chien|Protect\n|move|p2a: Flutter Mane|Moonblast|p1b: Mudsdale\n|-damage|p1b: Mudsdale|50\/100\n|-damage|p2a: Flutter Mane|81\/100|[from] item: Life Orb\n|move|p2b: Murkrow|Brave Bird|p1b: Mudsdale\n|-damage|p1b: Mudsdale|16\/100\n|-damage|p2b: Murkrow|65\/100|[from] Recoil\n|move|p1b: Mudsdale|Earthquake|p2a: Flutter Mane|[spread] p2a,p2b\n|-activate|p1a: Wo-Chien|move: Protect\n|-damage|p2a: Flutter Mane|12\/100\n|-damage|p2b: Murkrow|1\/100\n|\n|upkeep\n|turn|4\n|\n|t:|1683787840\n|move|p2a: Flutter Mane|Dazzling Gleam|p1b: Mudsdale|[spread] p1a,p1b\n|-resisted|p1a: Wo-Chien\n|-damage|p1a: Wo-Chien|89\/100\n|-damage|p1b: Mudsdale|0 fnt\n|faint|p1b: Mudsdale\n|-damage|p2a: Flutter Mane|2\/100|[from] item: Life Orb\n|move|p2b: Murkrow|Brave Bird|p1a: Wo-Chien\n|-damage|p1a: Wo-Chien|55\/100\n|-damage|p2b: Murkrow|0 fnt|[from] Recoil\n|faint|p2b: Murkrow\n|move|p1a: Wo-Chien|Foul Play|p2a: Flutter Mane\n|-damage|p2a: Flutter Mane|0 fnt\n|faint|p2a: Flutter Mane\n|-end|p2a: Flutter Mane|Protosynthesis|[silent]\n|\n|-heal|p1a: Wo-Chien|61\/100|[from] item: Leftovers\n|upkeep\n|\n|t:|1683787847\n|switch|p2a: Kingambit|Kingambit, L50, M, shiny|100\/100\n|switch|p2b: Torkoal|Torkoal, L50, M|100\/100\n|-weather|SunnyDay|[from] ability: Drought|[of] p2b: Torkoal\n|turn|5\n|\n|t:|1683787861\n|move|p1a: Wo-Chien|Leech Seed|p2a: Kingambit|[miss]\n|-miss|p1a: Wo-Chien|p2a: Kingambit\n|move|p2a: Kingambit|Kowtow Cleave|p1a: Wo-Chien\n|-damage|p1a: Wo-Chien|28\/100\n|move|p2b: Torkoal|Fissure|p1a: Wo-Chien\n|-damage|p1a: Wo-Chien|0 fnt\n|faint|p1a: Wo-Chien\n|-ohko\n|\n|win|haha you rage quit\n|raw|Caterpillar24/1's rating: 1171 → 1143<\/strong> (-28 for losing)\n|raw|haha you rage quit's rating: 1131 → 1159<\/strong> (+28 for winning)\n|l|\u2606Caterpillar24\/1\n","uploadtime":1683787880,"views":12,"p1id":"caterpillar241","p2id":"hahayouragequit","formatid":"gen9vgc2023regulationc","rating":1143,"private":0,"password":""}