{"id":"gen9vgc2023regulationc-1851906796","p1":"Malfous","p2":"haha u rage quit","format":"[Gen 9] VGC 2023 Regulation C","log":"|j|\u2606Malfous\n|j|\u2606haha u rage quit\n|t:|1682503973\n|gametype|doubles\n|player|p1|Malfous|101|1357\n|player|p2|haha u rage quit|pokemaniac|1414\n|teamsize|p1|6\n|teamsize|p2|6\n|gen|9\n|tier|[Gen 9] VGC 2023 Regulation C\n|rated|\n|rule|Species Clause: Limit one of each Pok\u00e9mon\n|rule|Item Clause: Limit one of each item\n|clearpoke\n|poke|p1|Murkrow, L50, M|\n|poke|p1|Chi-Yu, L50|\n|poke|p1|Flutter Mane, L50|\n|poke|p1|Great Tusk, L50|\n|poke|p1|Brute Bonnet, L50|\n|poke|p1|Corviknight, L50, M|\n|poke|p2|Glimmora, L50, M|\n|poke|p2|Iron Bundle, L50|\n|poke|p2|Dondozo, L50, M|\n|poke|p2|Dragonite, L50, M|\n|poke|p2|Tatsugiri-Droopy, L50, M|\n|poke|p2|Chi-Yu, L50|\n|teampreview|4\n|inactive|Battle timer is ON: inactive players will automatically lose when time's up. (requested by Malfous)\n|\n|t:|1682504006\n|start\n|switch|p1a: Murkrow|Murkrow, L50, M, shiny|100\/100\n|switch|p1b: Flutter Mane|Flutter Mane, L50|100\/100\n|switch|p2a: Iron Bundle|Iron Bundle, L50, shiny|100\/100\n|switch|p2b: Chi-Yu|Chi-Yu, L50|100\/100\n|-ability|p2b: Chi-Yu|Beads of Ruin\n|-enditem|p2a: Iron Bundle|Booster Energy\n|-activate|p2a: Iron Bundle|ability: Quark Drive|[fromitem]\n|-start|p2a: Iron Bundle|quarkdrivespe\n|turn|1\n|inactive|Malfous has 30 seconds left.\n|inactive|Malfous has 20 seconds left.\n|inactive|Malfous has 15 seconds left.\n|inactive|Malfous has 10 seconds left.\n|\n|t:|1682504052\n|-terastallize|p1b: Flutter Mane|Fairy\n|move|p2b: Chi-Yu|Protect|p2b: Chi-Yu\n|-singleturn|p2b: Chi-Yu|Protect\n|move|p1a: Murkrow|Sunny Day|p1a: Murkrow\n|-weather|SunnyDay\n|-activate|p1b: Flutter Mane|ability: Protosynthesis\n|-start|p1b: Flutter Mane|protosynthesisspa\n|move|p2a: Iron Bundle|Freeze-Dry|p1a: Murkrow\n|-supereffective|p1a: Murkrow\n|-damage|p1a: Murkrow|0 fnt\n|faint|p1a: Murkrow\n|move|p1b: Flutter Mane|Dazzling Gleam|p2b: Chi-Yu|[spread] p2a\n|-activate|p2b: Chi-Yu|move: Protect\n|-damage|p2a: Iron Bundle|0 fnt\n|faint|p2a: Iron Bundle\n|-end|p2a: Iron Bundle|Quark Drive|[silent]\n|\n|-weather|SunnyDay|[upkeep]\n|upkeep\n|\n|t:|1682504071\n|switch|p2a: Dondozo|Dondozo, L50, M|100\/100\n|switch|p1a: Great Tusk|Great Tusk, L50|100\/100\n|-activate|p1a: Great Tusk|ability: Protosynthesis\n|-start|p1a: Great Tusk|protosynthesisatk\n|turn|2\n|\n|t:|1682504089\n|move|p2a: Dondozo|Protect|p2a: Dondozo\n|-singleturn|p2a: Dondozo|Protect\n|move|p1a: Great Tusk|Headlong Rush|p2a: Dondozo\n|-activate|p2a: Dondozo|move: Protect\n|move|p1b: Flutter Mane|Dazzling Gleam|p2b: Chi-Yu|[spread] p2b\n|-activate|p2a: Dondozo|move: Protect\n|-damage|p2b: Chi-Yu|6\/100\n|move|p2b: Chi-Yu|Overheat|p1b: Flutter Mane\n|-crit|p1b: Flutter Mane\n|-damage|p1b: Flutter Mane|0 fnt\n|-unboost|p2b: Chi-Yu|spa|2\n|faint|p1b: Flutter Mane\n|-end|p1b: Flutter Mane|Protosynthesis|[silent]\n|\n|-weather|SunnyDay|[upkeep]\n|upkeep\n|\n|t:|1682504102\n|switch|p1b: Brute Bonnet|Brute Bonnet, L50|100\/100\n|-activate|p1b: Brute Bonnet|ability: Protosynthesis\n|-start|p1b: Brute Bonnet|protosynthesisatk\n|turn|3\n|\n|t:|1682504122\n|switch|p2b: Tatsugiri|Tatsugiri-Droopy, L50, M|100\/100\n|-activate|p2b: Tatsugiri|ability: Commander|[of] p2a: Dondozo\n|-boost|p2a: Dondozo|atk|2\n|-boost|p2a: Dondozo|spa|2\n|-boost|p2a: Dondozo|spe|2\n|-boost|p2a: Dondozo|def|2\n|-boost|p2a: Dondozo|spd|2\n|-terastallize|p2a: Dondozo|Grass\n|move|p1a: Great Tusk|Headlong Rush|p2b: Tatsugiri|[miss]\n|-miss|p1a: Great Tusk|p2b: Tatsugiri\n|move|p2a: Dondozo|Tera Blast|p1a: Great Tusk\n|-supereffective|p1a: Great Tusk\n|-damage|p1a: Great Tusk|2\/100\n|move|p1b: Brute Bonnet|Spore|p2a: Dondozo\n|-immune|p2a: Dondozo\n|\n|-weather|SunnyDay|[upkeep]\n|upkeep\n|turn|4\n|\n|t:|1682504144\n|move|p1a: Great Tusk|Headlong Rush|p2a: Dondozo\n|-resisted|p2a: Dondozo\n|-damage|p2a: Dondozo|84\/100\n|-unboost|p1a: Great Tusk|def|1\n|-unboost|p1a: Great Tusk|spd|1\n|move|p2a: Dondozo|Tera Blast|p1a: Great Tusk\n|-supereffective|p1a: Great Tusk\n|-damage|p1a: Great Tusk|0 fnt\n|faint|p1a: Great Tusk\n|-end|p1a: Great Tusk|Protosynthesis|[silent]\n|move|p1b: Brute Bonnet|Bullet Seed|p2a: Dondozo\n|-resisted|p2a: Dondozo\n|-damage|p2a: Dondozo|81\/100\n|-resisted|p2a: Dondozo\n|-damage|p2a: Dondozo|77\/100\n|-resisted|p2a: Dondozo\n|-damage|p2a: Dondozo|74\/100\n|-resisted|p2a: Dondozo\n|-damage|p2a: Dondozo|70\/100\n|-resisted|p2a: Dondozo\n|-damage|p2a: Dondozo|66\/100\n|-hitcount|p2a: Dondozo|5\n|\n|-weather|SunnyDay|[upkeep]\n|-heal|p2a: Dondozo|73\/100|[from] item: Leftovers\n|upkeep\n|turn|5\n|\n|t:|1682504164\n|move|p2a: Dondozo|Protect|p2a: Dondozo\n|-singleturn|p2a: Dondozo|Protect\n|move|p1b: Brute Bonnet|Bullet Seed|p2a: Dondozo\n|-activate|p2a: Dondozo|move: Protect\n|\n|-weather|none\n|-end|p1b: Brute Bonnet|Protosynthesis\n|-heal|p2a: Dondozo|79\/100|[from] item: Leftovers\n|upkeep\n|turn|6\n|\n|t:|1682504172\n|move|p2a: Dondozo|Wave Crash|p1b: Brute Bonnet\n|-resisted|p1b: Brute Bonnet\n|-damage|p1b: Brute Bonnet|55\/100\n|-damage|p2a: Dondozo|66\/100|[from] Recoil\n|move|p1b: Brute Bonnet|Bullet Seed|p2a: Dondozo\n|-resisted|p2a: Dondozo\n|-damage|p2a: Dondozo|63\/100\n|-resisted|p2a: Dondozo\n|-damage|p2a: Dondozo|61\/100\n|-resisted|p2a: Dondozo\n|-damage|p2a: Dondozo|58\/100\n|-resisted|p2a: Dondozo\n|-damage|p2a: Dondozo|56\/100\n|-resisted|p2a: Dondozo\n|-damage|p2a: Dondozo|53\/100\n|-hitcount|p2a: Dondozo|5\n|\n|-heal|p2a: Dondozo|59\/100|[from] item: Leftovers\n|upkeep\n|turn|7\n|-message|Malfous forfeited.\n|\n|win|haha u rage quit\n|raw|Malfous's rating: 1357 → 1340<\/strong> (-17 for losing)\n|raw|haha u rage quit's rating: 1414 → 1431<\/strong> (+17 for winning)\n|l|\u2606Malfous\n","uploadtime":1682504197,"views":10,"p1id":"malfous","p2id":"hahauragequit","formatid":"gen9vgc2023regulationc","rating":1340,"private":0,"password":""}