{"id":"gen9vgc2023regulationc-1846514854","p1":"Taca y Taca","p2":"greninjacash","format":"[Gen 9] VGC 2023 Regulation C","log":"|j|\u2606Taca y Taca\n|j|\u2606greninjacash\n|t:|1681847448\n|gametype|doubles\n|player|p1|Taca y Taca|lucas-gen4pt|1185\n|player|p2|greninjacash|blackbelt-gen4dp|1164\n|teamsize|p1|6\n|teamsize|p2|6\n|gen|9\n|tier|[Gen 9] VGC 2023 Regulation C\n|rated|\n|rule|Species Clause: Limit one of each Pok\u00e9mon\n|rule|Item Clause: Limit one of each item\n|clearpoke\n|poke|p1|Flutter Mane, L50|\n|poke|p1|Palafin, L50, F|\n|poke|p1|Amoonguss, L50, M|\n|poke|p1|Arcanine, L50, M|\n|poke|p1|Dragonite, L50, M|\n|poke|p1|Chien-Pao, L50|\n|poke|p2|Hydreigon, L50, M|\n|poke|p2|Gastrodon-East, L50, M|\n|poke|p2|Flutter Mane, L50|\n|poke|p2|Amoonguss, L50, M|\n|poke|p2|Chi-Yu, L50|\n|poke|p2|Iron Valiant, L50|\n|teampreview|4\n|inactive|Battle timer is ON: inactive players will automatically lose when time's up. (requested by greninjacash)\n|\n|t:|1681847487\n|start\n|switch|p1a: Dragonite|Dragonite, L50, M|100\/100\n|switch|p1b: Palafin|Palafin, L50, F|100\/100\n|switch|p2a: Flutter Mane|Flutter Mane, L50|100\/100\n|switch|p2b: Chi-Yu|Chi-Yu, L50|100\/100\n|-ability|p2b: Chi-Yu|Beads of Ruin\n|turn|1\n|inactive|greninjacash has 30 seconds left.\n|\n|t:|1681847519\n|-end|p2a: Flutter Mane|Protosynthesis|[silent]\n|switch|p2a: Gastrodon|Gastrodon-East, L50, M|100\/100\n|-terastallize|p1a: Dragonite|Flying\n|move|p1b: Palafin|Protect|p1b: Palafin\n|-singleturn|p1b: Palafin|Protect\n|move|p2b: Chi-Yu|Dark Pulse|p1a: Dragonite\n|-damage|p1a: Dragonite|74\/100\n|move|p1a: Dragonite|Tera Blast|p2a: Gastrodon\n|-damage|p2a: Gastrodon|42\/100\n|\n|-heal|p2a: Gastrodon|47\/100|[from] item: Leftovers\n|upkeep\n|turn|2\n|\n|t:|1681847539\n|detailschange|p1b: Palafin|Palafin-Hero, L50, F\n|switch|p1b: Arcanine|Arcanine, L50, M|100\/100\n|-ability|p1b: Arcanine|Intimidate|boost\n|-unboost|p2a: Gastrodon|atk|1\n|-unboost|p2b: Chi-Yu|atk|1\n|move|p2a: Gastrodon|Protect|p2a: Gastrodon\n|-singleturn|p2a: Gastrodon|Protect\n|move|p2b: Chi-Yu|Dark Pulse|p1a: Dragonite\n|-damage|p1a: Dragonite|21\/100\n|move|p1a: Dragonite|Tera Blast|p2b: Chi-Yu\n|-damage|p2b: Chi-Yu|9\/100\n|\n|-heal|p2a: Gastrodon|53\/100|[from] item: Leftovers\n|upkeep\n|turn|3\n|inactive|greninjacash has 30 seconds left.\n|inactive|greninjacash has 20 seconds left.\n|inactive|greninjacash has 15 seconds left.\n|inactive|greninjacash has 10 seconds left.\n|inactive|greninjacash has 5 seconds left.\n|\n|t:|1681847589\n|move|p1b: Arcanine|Extreme Speed|p2b: Chi-Yu\n|-damage|p2b: Chi-Yu|0 fnt\n|faint|p2b: Chi-Yu\n|move|p1a: Dragonite|Tera Blast|p2a: Gastrodon\n|-damage|p2a: Gastrodon|0 fnt\n|faint|p2a: Gastrodon\n|\n|upkeep\n|\n|t:|1681847597\n|switch|p2b: Iron Valiant|Iron Valiant, L50|100\/100\n|switch|p2a: Flutter Mane|Flutter Mane, L50|100\/100\n|-enditem|p2b: Iron Valiant|Booster Energy\n|-activate|p2b: Iron Valiant|ability: Quark Drive|[fromitem]\n|-start|p2b: Iron Valiant|quarkdrivespe\n|turn|4\n|inactive|greninjacash has 30 seconds left.\n|\n|t:|1681847630\n|move|p1a: Dragonite|Protect|p1a: Dragonite\n|-singleturn|p1a: Dragonite|Protect\n|move|p2b: Iron Valiant|Close Combat|p1b: Arcanine\n|-damage|p1b: Arcanine|31\/100\n|-unboost|p2b: Iron Valiant|def|1\n|-unboost|p2b: Iron Valiant|spd|1\n|move|p2a: Flutter Mane|Shadow Ball|p1a: Dragonite\n|-activate|p1a: Dragonite|move: Protect\n|move|p1b: Arcanine|Howl|p1b: Arcanine|[spread] p1a,p1b\n|-boost|p1a: Dragonite|atk|1\n|-boost|p1b: Arcanine|atk|1\n|\n|upkeep\n|turn|5\n|inactive|greninjacash has 30 seconds left.\n|\n|t:|1681847660\n|move|p1a: Dragonite|Extreme Speed|p2b: Iron Valiant\n|-damage|p2b: Iron Valiant|13\/100\n|move|p2b: Iron Valiant|Close Combat|p1b: Arcanine\n|-damage|p1b: Arcanine|0 fnt\n|-unboost|p2b: Iron Valiant|def|1\n|-unboost|p2b: Iron Valiant|spd|1\n|faint|p1b: Arcanine\n|move|p2a: Flutter Mane|Shadow Ball|p1a: Dragonite\n|-damage|p1a: Dragonite|0 fnt\n|faint|p1a: Dragonite\n|\n|upkeep\n|\n|t:|1681847667\n|switch|p1b: Cabe\u00e7a de Borracha|Flutter Mane, L50|100\/100\n|switch|p1a: Palafin|Palafin-Hero, L50, F|100\/100\n|-activate|p1a: Palafin|ability: Zero to Hero\n|-enditem|p1b: Cabe\u00e7a de Borracha|Booster Energy\n|-activate|p1b: Cabe\u00e7a de Borracha|ability: Protosynthesis|[fromitem]\n|-start|p1b: Cabe\u00e7a de Borracha|protosynthesisspa\n|turn|6\n|inactive|greninjacash has 30 seconds left.\n|\n|t:|1681847695\n|-terastallize|p2a: Flutter Mane|Fairy\n|move|p1a: Palafin|Jet Punch|p2b: Iron Valiant\n|-damage|p2b: Iron Valiant|0 fnt\n|faint|p2b: Iron Valiant\n|-end|p2b: Iron Valiant|Quark Drive|[silent]\n|move|p2a: Flutter Mane|Shadow Ball|p1a: Palafin\n|-damage|p1a: Palafin|35\/100\n|-unboost|p1a: Palafin|spd|1\n|move|p1b: Cabe\u00e7a de Borracha|Shadow Ball|p2a: Flutter Mane\n|-damage|p2a: Flutter Mane|48\/100\n|\n|upkeep\n|turn|7\n|\n|t:|1681847711\n|move|p1a: Palafin|Jet Punch|p2a: Flutter Mane\n|-damage|p2a: Flutter Mane|0 fnt\n|faint|p2a: Flutter Mane\n|-end|p2a: Flutter Mane|Protosynthesis|[silent]\n|\n|win|Taca y Taca\n|raw|Taca y Taca's rating: 1185 → 1208<\/strong> (+23 for winning)\n|raw|greninjacash's rating: 1164 → 1141<\/strong> (-23 for losing)\n|l|\u2606greninjacash\n","uploadtime":1681847718,"views":14,"p1id":"tacaytaca","p2id":"greninjacash","formatid":"gen9vgc2023regulationc","rating":1141,"private":0,"password":""}