{"id":"gen9vgc2023regulationc-1846419878","p1":"Matteo0605","p2":"riddlingcrib","format":"[Gen 9] VGC 2023 Regulation C","log":"|j|\u2606Matteo0605\n|j|\u2606riddlingcrib\n|t:|1681839415\n|gametype|doubles\n|player|p1|Matteo0605|n|1352\n|player|p2|riddlingcrib|2|1413\n|teamsize|p1|6\n|teamsize|p2|6\n|gen|9\n|tier|[Gen 9] VGC 2023 Regulation C\n|rated|\n|rule|Species Clause: Limit one of each Pok\u00e9mon\n|rule|Item Clause: Limit one of each item\n|clearpoke\n|poke|p1|Wo-Chien, L50|\n|poke|p1|Palafin, L50, M|\n|poke|p1|Arcanine, L50, F|\n|poke|p1|Flutter Mane, L50|\n|poke|p1|Gothitelle, L50, F|\n|poke|p1|Iron Hands, L50|\n|poke|p2|Palafin, L50, F|\n|poke|p2|Iron Hands, L50|\n|poke|p2|Amoonguss, L50, M|\n|poke|p2|Arcanine, L50, M|\n|poke|p2|Chien-Pao, L50|\n|poke|p2|Dragonite, L50, M|\n|teampreview|4\n|inactive|Battle timer is ON: inactive players will automatically lose when time's up. (requested by Matteo0605)\nriddlingcrib has agreed to open team sheets.\n|inactive|Matteo0605 has 60 seconds left.\n|inactive|riddlingcrib has 60 seconds left.\n|j| nik993\nMatteo0605 has agreed to open team sheets.\n|inactive|Matteo0605 has 30 seconds left.\n|inactive|Matteo0605 has 20 seconds left.\n|inactive|Matteo0605 has 15 seconds left.\n|inactive|Matteo0605 has 10 seconds left.\n|\n|t:|1681839498\n|start\n|switch|p1a: Flutter Mane|Flutter Mane, L50|100\/100\n|switch|p1b: Arcanine|Arcanine, L50, F|100\/100\n|switch|p2a: Dragonite|Dragonite, L50, M|100\/100\n|switch|p2b: Iron Hands|Iron Hands, L50|100\/100\n|-ability|p1b: Arcanine|Intimidate|boost\n|-fail|p2a: Dragonite|unboost|Attack|[from] ability: Inner Focus|[of] p2a: Dragonite\n|-unboost|p2b: Iron Hands|atk|1\n|turn|1\n|\n|t:|1681839521\n|-terastallize|p2a: Dragonite|Flying\n|move|p1a: Flutter Mane|Protect|p1a: Flutter Mane\n|-singleturn|p1a: Flutter Mane|Protect\n|move|p2a: Dragonite|Dragon Dance|p2a: Dragonite\n|-boost|p2a: Dragonite|atk|1\n|-boost|p2a: Dragonite|spe|1\n|move|p1b: Arcanine|Will-O-Wisp|p2b: Iron Hands\n|-status|p2b: Iron Hands|brn\n|move|p2b: Iron Hands|Heavy Slam|p1a: Flutter Mane\n|-activate|p1a: Flutter Mane|move: Protect\n|\n|-damage|p2b: Iron Hands|94\/100 brn|[from] brn\n|upkeep\n|turn|2\n|\n|t:|1681839542\n|switch|p1b: Gothitelle|Gothitelle, L50, F|100\/100\n|-end|p2b: Iron Hands|Quark Drive|[silent]\n|switch|p2b: Chien-Pao|Chien-Pao, L50|100\/100\n|-ability|p2b: Chien-Pao|Sword of Ruin\n|move|p2a: Dragonite|Tera Blast|p1b: Gothitelle\n|-damage|p1b: Gothitelle|0 fnt\n|faint|p1b: Gothitelle\n|move|p1a: Flutter Mane|Perish Song|p1a: Flutter Mane\n|-start|p1a: Flutter Mane|perish3|[silent]\n|-start|p2a: Dragonite|perish3|[silent]\n|-start|p2b: Chien-Pao|perish3|[silent]\n|-fieldactivate|move: Perish Song\n|\n|-start|p2b: Chien-Pao|perish3\n|-start|p2a: Dragonite|perish3\n|-start|p1a: Flutter Mane|perish3\n|upkeep\n|\n|t:|1681839554\n|switch|p1b: Iron Hands|Iron Hands, L50|100\/100\n|turn|3\n|\n|t:|1681839563\n|move|p2b: Chien-Pao|Protect|p2b: Chien-Pao\n|-singleturn|p2b: Chien-Pao|Protect\n|move|p2a: Dragonite|Dragon Dance|p2a: Dragonite\n|-boost|p2a: Dragonite|atk|1\n|-boost|p2a: Dragonite|spe|1\n|move|p1a: Flutter Mane|Moonblast|p2b: Chien-Pao\n|-activate|p2b: Chien-Pao|move: Protect\n|move|p1b: Iron Hands|Thunder Punch|p2a: Dragonite\n|-supereffective|p2a: Dragonite\n|-damage|p2a: Dragonite|0 fnt\n|faint|p2a: Dragonite\n|\n|-start|p2b: Chien-Pao|perish2\n|-start|p1a: Flutter Mane|perish2\n|upkeep\n|\n|t:|1681839583\n|switch|p2a: Arcanine|Arcanine, L50, M|100\/100\n|-ability|p2a: Arcanine|Intimidate|boost\n|-unboost|p1a: Flutter Mane|atk|1\n|-unboost|p1b: Iron Hands|atk|1\n|turn|4\n|\n|t:|1681839606\n|switch|p2b: Iron Hands|Iron Hands, L50|94\/100 brn\n|move|p1a: Flutter Mane|Perish Song|p1a: Flutter Mane\n|-start|p1b: Iron Hands|perish3|[silent]\n|-start|p2a: Arcanine|perish3|[silent]\n|-start|p2b: Iron Hands|perish3|[silent]\n|-fieldactivate|move: Perish Song\n|move|p2a: Arcanine|Howl|p2a: Arcanine|[spread] p2a,p2b\n|-boost|p2a: Arcanine|atk|1\n|-boost|p2b: Iron Hands|atk|1\n|move|p1b: Iron Hands|Volt Switch|p2a: Arcanine\n|-damage|p2a: Arcanine|91\/100\n|\n|t:|1681839613\n|-end|p1b: Iron Hands|Quark Drive|[silent]\n|switch|p1b: Arcanine|Arcanine, L50, F|100\/100|[from] Volt Switch\n|-ability|p1b: Arcanine|Intimidate|boost\n|-unboost|p2a: Arcanine|atk|1\n|-unboost|p2b: Iron Hands|atk|1\n|\n|-damage|p2b: Iron Hands|88\/100 brn|[from] brn\n|-start|p1a: Flutter Mane|perish1\n|-start|p2a: Arcanine|perish3\n|-start|p2b: Iron Hands|perish3\n|upkeep\n|turn|5\n|\n|t:|1681839631\n|-end|p1a: Flutter Mane|Protosynthesis|[silent]\n|switch|p1a: Iron Hands|Iron Hands, L50|100\/100\n|move|p2a: Arcanine|Howl|p2a: Arcanine|[spread] p2a,p2b\n|-boost|p2a: Arcanine|atk|1\n|-boost|p2b: Iron Hands|atk|1\n|move|p1b: Arcanine|Flare Blitz|p2a: Arcanine\n|-resisted|p2a: Arcanine\n|-damage|p2a: Arcanine|69\/100\n|-damage|p1b: Arcanine|93\/100|[from] Recoil\n|move|p2b: Iron Hands|Drain Punch|p1b: Arcanine\n|-damage|p1b: Arcanine|60\/100\n|-heal|p2b: Iron Hands|100\/100 brn|[from] drain|[of] p1b: Arcanine\n|\n|-damage|p2b: Iron Hands|94\/100 brn|[from] brn\n|-start|p2a: Arcanine|perish2\n|-start|p2b: Iron Hands|perish2\n|upkeep\n|turn|6\n|\n|t:|1681839650\n|move|p2a: Arcanine|Howl|p2a: Arcanine|[spread] p2a,p2b\n|-boost|p2a: Arcanine|atk|1\n|-boost|p2b: Iron Hands|atk|1\n|move|p1b: Arcanine|Flare Blitz|p2b: Iron Hands\n|-damage|p2b: Iron Hands|61\/100 brn\n|-damage|p1b: Arcanine|47\/100|[from] Recoil\n|move|p2b: Iron Hands|Drain Punch|p1b: Arcanine\n|-damage|p1b: Arcanine|2\/100\n|-heal|p2b: Iron Hands|80\/100 brn|[from] drain|[of] p1b: Arcanine\n|move|p1a: Iron Hands|Drain Punch|p2a: Arcanine\n|-damage|p2a: Arcanine|30\/100\n|\n|-damage|p2b: Iron Hands|74\/100 brn|[from] brn\n|-start|p2a: Arcanine|perish1\n|-start|p2b: Iron Hands|perish1\n|upkeep\n|turn|7\n|inactive|Matteo0605 has 30 seconds left.\n|inactive|riddlingcrib has 30 seconds left.\n|\n|t:|1681839684\n|-end|p2b: Iron Hands|Quark Drive|[silent]\n|switch|p2b: Chien-Pao|Chien-Pao, L50|100\/100\n|-ability|p2b: Chien-Pao|Sword of Ruin\n|move|p1b: Arcanine|Protect|p1b: Arcanine\n|-singleturn|p1b: Arcanine|Protect\n|move|p2a: Arcanine|Flare Blitz|p1b: Arcanine\n|-activate|p1b: Arcanine|move: Protect\n|move|p1a: Iron Hands|Drain Punch|p2a: Arcanine\n|-damage|p2a: Arcanine|0 fnt\n|faint|p2a: Arcanine\n|\n|upkeep\n|\n|t:|1681839694\n|switch|p2a: Iron Hands|Iron Hands, L50|74\/100 brn\n|turn|8\n|\n|t:|1681839709\n|move|p2a: Iron Hands|Fake Out|p1b: Arcanine\n|-damage|p1b: Arcanine|0 fnt\n|faint|p1b: Arcanine\n|move|p2b: Chien-Pao|Ice Spinner|p1a: Iron Hands\n|-damage|p1a: Iron Hands|67\/100\n|move|p1a: Iron Hands|Drain Punch|p2b: Chien-Pao\n|-supereffective|p2b: Chien-Pao\n|-enditem|p2b: Chien-Pao|Focus Sash\n|-damage|p2b: Chien-Pao|1\/100\n|-heal|p1a: Iron Hands|97\/100|[from] drain|[of] p2b: Chien-Pao\n|\n|-damage|p2a: Iron Hands|68\/100 brn|[from] brn\n|upkeep\n|\n|t:|1681839713\n|switch|p1b: Flutter Mane|Flutter Mane, L50|100\/100\n|turn|9\n|\n|t:|1681839721\n|move|p2b: Chien-Pao|Sucker Punch|p1b: Flutter Mane\n|-damage|p1b: Flutter Mane|21\/100\n|move|p1b: Flutter Mane|Moonblast|p2a: Iron Hands\n|-supereffective|p2a: Iron Hands\n|-damage|p2a: Iron Hands|16\/100 brn\n|move|p2a: Iron Hands|Heavy Slam|p1b: Flutter Mane\n|-supereffective|p1b: Flutter Mane\n|-crit|p1b: Flutter Mane\n|-damage|p1b: Flutter Mane|0 fnt\n|faint|p1b: Flutter Mane\n|-end|p1b: Flutter Mane|Protosynthesis|[silent]\n|move|p1a: Iron Hands|Thunder Punch|p2b: Chien-Pao\n|-damage|p2b: Chien-Pao|0 fnt\n|faint|p2b: Chien-Pao\n|\n|-damage|p2a: Iron Hands|10\/100 brn|[from] brn\n|upkeep\n|turn|10\n|\n|t:|1681839734\n|move|p2a: Iron Hands|Drain Punch|p1a: Iron Hands\n|-damage|p1a: Iron Hands|83\/100\n|-heal|p2a: Iron Hands|18\/100 brn|[from] drain|[of] p1a: Iron Hands\n|move|p1a: Iron Hands|Drain Punch|p2a: Iron Hands\n|-damage|p2a: Iron Hands|0 fnt\n|-heal|p1a: Iron Hands|91\/100|[from] drain|[of] p2a: Iron Hands\n|faint|p2a: Iron Hands\n|-end|p2a: Iron Hands|Quark Drive|[silent]\n|\n|win|Matteo0605\n|raw|Matteo0605's rating: 1352 → 1375<\/strong> (+23 for winning)\n|raw|riddlingcrib's rating: 1413 → 1390<\/strong> (-23 for losing)\n","uploadtime":1681839739,"views":16,"p1id":"matteo0605","p2id":"riddlingcrib","formatid":"gen9vgc2023regulationc","rating":1375,"private":0,"password":""}