{"id":"gen9vgc2023regulationc-1863006697","p1":"Boony Lim","p2":"zake 93","format":"[Gen 9] VGC 2023 Regulation C","log":"|j|\u2606Boony Lim\n|j|\u2606zake 93\n|t:|1683951200\n|gametype|doubles\n|player|p1|Boony Lim|170|1194\n|player|p2|zake 93|169|1109\n|teamsize|p1|6\n|teamsize|p2|6\n|gen|9\n|tier|[Gen 9] VGC 2023 Regulation C\n|rated|\n|rule|Species Clause: Limit one of each Pok\u00e9mon\n|rule|Item Clause: Limit one of each item\n|clearpoke\n|poke|p1|Pelipper, L50, F|\n|poke|p1|Dondozo, L50, M|\n|poke|p1|Tatsugiri, L50, M|\n|poke|p1|Drednaw, L50, M|\n|poke|p1|Iron Hands, L50|\n|poke|p1|Amoonguss, L50, M|\n|poke|p2|Orthworm, L50, F|\n|poke|p2|Ting-Lu, L50|\n|poke|p2|Flutter Mane, L50|\n|poke|p2|Dragonite, L50, F|\n|poke|p2|Amoonguss, L50, M|\n|poke|p2|Arcanine, L50, F|\n|teampreview|4\n|\n|t:|1683951250\n|start\n|switch|p1a: Drednaw|Drednaw, L50, M|100\/100\n|switch|p1b: Pelipper|Pelipper, L50, F|100\/100\n|switch|p2a: Orthworm|Orthworm, L50, F|100\/100\n|switch|p2b: Ting-Lu|Ting-Lu, L50|100\/100\n|-weather|RainDance|[from] ability: Drizzle|[of] p1b: Pelipper\n|-ability|p2b: Ting-Lu|Vessel of Ruin\n|turn|1\n|\n|t:|1683951278\n|move|p1a: Drednaw|Waterfall|p2a: Orthworm\n|-damage|p2a: Orthworm|26\/100\n|-enditem|p2a: Orthworm|Sitrus Berry|[eat]\n|-heal|p2a: Orthworm|51\/100|[from] item: Sitrus Berry\n|move|p1b: Pelipper|Hydro Pump|p2a: Orthworm|[miss]\n|-miss|p1b: Pelipper|p2a: Orthworm\n|move|p2a: Orthworm|Iron Defense|p2a: Orthworm\n|-boost|p2a: Orthworm|def|2\n|move|p2b: Ting-Lu|Earthquake|p1a: Drednaw|[spread] p1a\n|-heal|p2a: Orthworm|76\/100|[from] ability: Earth Eater|[of] p2b: Ting-Lu\n|-immune|p1b: Pelipper\n|-supereffective|p1a: Drednaw\n|-damage|p1a: Drednaw|25\/100\n|\n|-weather|RainDance|[upkeep]\n|upkeep\n|turn|2\n|\n|t:|1683951298\n|move|p1a: Drednaw|Waterfall|p2b: Ting-Lu\n|-supereffective|p2b: Ting-Lu\n|-damage|p2b: Ting-Lu|0 fnt\n|faint|p2b: Ting-Lu\n|move|p2a: Orthworm|Iron Defense|p2a: Orthworm\n|-boost|p2a: Orthworm|def|2\n|move|p1b: Pelipper|Hydro Pump|p2a: Orthworm\n|-damage|p2a: Orthworm|0 fnt\n|faint|p2a: Orthworm\n|\n|-weather|RainDance|[upkeep]\n|upkeep\n|c|\u2606zake 93|gg\n|\n|t:|1683951313\n|switch|p2a: Flutter Mane|Flutter Mane, L50|100\/100\n|switch|p2b: Dragonite|Dragonite, L50, F|100\/100\n|-enditem|p2a: Flutter Mane|Booster Energy\n|-activate|p2a: Flutter Mane|ability: Protosynthesis|[fromitem]\n|-start|p2a: Flutter Mane|protosynthesisspe\n|turn|3\n|c|\u2606Boony Lim|gg\n|\n|t:|1683951325\n|move|p2a: Flutter Mane|Dazzling Gleam|p1a: Drednaw|[spread] p1a,p1b\n|-damage|p1a: Drednaw|0 fnt\n|-damage|p1b: Pelipper|55\/100\n|faint|p1a: Drednaw\n|move|p2b: Dragonite|Dragon Dance|p2b: Dragonite\n|-boost|p2b: Dragonite|atk|1\n|-boost|p2b: Dragonite|spe|1\n|move|p1b: Pelipper|Tailwind|p1b: Pelipper\n|-sidestart|p1: Boony Lim|move: Tailwind\n|\n|-weather|RainDance|[upkeep]\n|upkeep\n|\n|t:|1683951334\n|switch|p1a: Dondozo|Dondozo, L50, M|100\/100\n|turn|4\n|\n|t:|1683951349\n|switch|p1b: Tatsugiri|Tatsugiri, L50, M|100\/100\n|-activate|p1b: Tatsugiri|ability: Commander|[of] p1a: Dondozo\n|-boost|p1a: Dondozo|atk|2\n|-boost|p1a: Dondozo|spa|2\n|-boost|p1a: Dondozo|spe|2\n|-boost|p1a: Dondozo|def|2\n|-boost|p1a: Dondozo|spd|2\n|move|p1a: Dondozo|Surf|p2a: Flutter Mane|[spread] p2a,p2b\n|-miss|p1a: Dondozo|p1b: Tatsugiri\n|-resisted|p2b: Dragonite\n|-crit|p2b: Dragonite\n|-damage|p2a: Flutter Mane|0 fnt\n|-damage|p2b: Dragonite|69\/100\n|faint|p2a: Flutter Mane\n|-end|p2a: Flutter Mane|Protosynthesis|[silent]\n|-damage|p1a: Dondozo|91\/100|[from] item: Life Orb\n|move|p2b: Dragonite|Dragon Dance|p2b: Dragonite\n|-boost|p2b: Dragonite|atk|1\n|-boost|p2b: Dragonite|spe|1\n|\n|-weather|RainDance|[upkeep]\n|upkeep\n|turn|5\n|c|\u2606Boony Lim|unaware bro\n|\n|t:|1683951375\n|move|p2b: Dragonite|Extreme Speed|p1a: Dondozo\n|-crit|p1a: Dondozo\n|-damage|p1a: Dondozo|57\/100\n|move|p1a: Dondozo|Surf|p2b: Dragonite|[spread] p2b\n|-miss|p1a: Dondozo|p1b: Tatsugiri\n|-resisted|p2b: Dragonite\n|-damage|p2b: Dragonite|25\/100\n|-damage|p1a: Dondozo|47\/100|[from] item: Life Orb\n|\n|-weather|RainDance|[upkeep]\n|upkeep\n|turn|6\n|\n|t:|1683951401\n|-terastallize|p2b: Dragonite|Normal\n|move|p2b: Dragonite|Extreme Speed|p1a: Dondozo\n|-damage|p1a: Dondozo|28\/100\n|move|p1a: Dondozo|Surf|p2b: Dragonite|[spread] p2b\n|-miss|p1a: Dondozo|p1b: Tatsugiri\n|-damage|p2b: Dragonite|0 fnt\n|faint|p2b: Dragonite\n|-damage|p1a: Dondozo|19\/100|[from] item: Life Orb\n|\n|win|Boony Lim\n|raw|Boony Lim's rating: 1194 → 1213<\/strong> (+19 for winning)\n|raw|zake 93's rating: 1109 → 1090<\/strong> (-19 for losing)\n|c|\u2606Boony Lim|gg\n|c|\u2606zake 93|gg\n|c|\u2606zake 93|lo olvide\n|l|\u2606zake 93\n","uploadtime":1683951434,"views":10,"p1id":"boonylim","p2id":"zake93","formatid":"gen9vgc2023regulationc","rating":1090,"private":0,"password":""}