{"id":"gen9vgc2023regulationc-1857892621","p1":"esotilin123456","p2":"clovehitch","format":"[Gen 9] VGC 2023 Regulation C","log":"|j|\u2606esotilin123456\n|j|\u2606clovehitch\n|t:|1683243956\n|gametype|doubles\n|player|p1|esotilin123456|hilbert-wonderlauncher|\n|player|p2|clovehitch|iris-gen5bw2|\n|teamsize|p1|6\n|teamsize|p2|6\n|gen|9\n|tier|[Gen 9] VGC 2023 Regulation C\n|rated|Tournament battle\n|rule|Species Clause: Limit one of each Pok\u00e9mon\n|rule|Item Clause: Limit one of each item\n|clearpoke\n|poke|p1|Tyranitar, L50, M|\n|poke|p1|Corviknight, L50, M|\n|poke|p1|Salamence, L50, M|\n|poke|p1|Arcanine, L50, M|\n|poke|p1|Gastrodon, L50, F|\n|poke|p1|Rotom-Mow, L50|\n|poke|p2|Glimmora, L50, M|\n|poke|p2|Dragonite, L50, M|\n|poke|p2|Dondozo, L50, M|\n|poke|p2|Tatsugiri, L50, F|\n|poke|p2|Chi-Yu, L50|\n|poke|p2|Iron Bundle, L50|\n|teampreview|4\n|raw| Open Team Sheet for esotilin123456<\/summary>Great Tyrant (Tyranitar) (M) @ Chople Berry Ability: Sand Stream Level: 50 Shiny: Yes Tera Type: Rock - Protect - Rock Slide - Crunch - Ice Punch IRON BIRD (Corviknight) @ Aguav Berry Ability: Mirror Armor Level: 50 Tera Type: Grass - Protect - Bulk Up - Brave Bird - Roost RORAAAHOHHHH (Salamence) @ Life Orb Ability: Intimidate Level: 50 Tera Type: Fire - Protect - Tailwind - Draco Meteor - Flamethrower good boi (Arcanine) (M) @ Assault Vest Ability: Intimidate Level: 50 Tera Type: Grass - Flare Blitz - Extreme Speed - Snarl - Close Combat GROHAHSHSHSH (Gastrodon) (F) @ Leftovers Ability: Storm Drain Level: 50 Tera Type: Fire - Protect - Yawn - Ice Beam - Earth Power IRON MUGULIS (Rotom-Mow) @ Sitrus Berry Ability: Levitate Level: 50 Tera Type: Electric - Protect - Will-O-Wisp - Thunderbolt - Leaf Storm <\/details><\/div> Open Team Sheet for clovehitch<\/summary>Glimmora (M) @ Assault Vest Ability: Toxic Debris Level: 50 Shiny: Yes Tera Type: Grass - Mortal Spin - Power Gem - Earth Power - Energy Ball Dragonite (M) @ Choice Band Ability: Multiscale Level: 50 Shiny: Yes Tera Type: Normal - Outrage - Ice Spinner - Extreme Speed - Earthquake Dondozo (M) @ Leftovers Ability: Oblivious Level: 50 Tera Type: Grass - Wave Crash - Earthquake - Tera Blast - Protect Tatsugiri (F) @ Choice Scarf Ability: Commander Level: 50 Tera Type: Steel - Draco Meteor - Muddy Water - Icy Wind - Sleep Talk Chi-Yu @ Focus Sash Ability: Beads of Ruin Level: 50 Tera Type: Ghost - Overheat - Heat Wave - Dark Pulse - Protect Iron Bundle @ Booster Energy Ability: Quark Drive Level: 50 Shiny: Yes Tera Type: Ice - Hydro Pump - Icy Wind - Freeze-Dry - Protect <\/details><\/div>\n|j| Pic1070\n|j| chicagolocaltop16\n|\n|t:|1683243990\n|start\n|switch|p1a: good boi|Arcanine, L50, M|100\/100\n|switch|p1b: Great Tyrant|Tyranitar, L50, M, shiny|100\/100\n|switch|p2a: Chi-Yu|Chi-Yu, L50|100\/100\n|switch|p2b: Iron Bundle|Iron Bundle, L50, shiny|100\/100\n|-ability|p2a: Chi-Yu|Beads of Ruin\n|-ability|p1a: good boi|Intimidate|boost\n|-unboost|p2a: Chi-Yu|atk|1\n|-unboost|p2b: Iron Bundle|atk|1\n|-weather|Sandstorm|[from] ability: Sand Stream|[of] p1b: Great Tyrant\n|-enditem|p2b: Iron Bundle|Booster Energy\n|-activate|p2b: Iron Bundle|ability: Quark Drive|[fromitem]\n|-start|p2b: Iron Bundle|quarkdrivespe\n|turn|1\n|j| EsterPesto\n|j| stinkyton\n|inactive|Battle timer is ON: inactive players will automatically lose when time's up. (requested by clovehitch)\n|\n|t:|1683244035\n|-terastallize|p1b: Great Tyrant|Rock\n|move|p2b: Iron Bundle|Hydro Pump|p1a: good boi\n|-supereffective|p1a: good boi\n|-damage|p1a: good boi|0 fnt\n|faint|p1a: good boi\n|move|p2a: Chi-Yu|Dark Pulse|p1b: Great Tyrant\n|-damage|p1b: Great Tyrant|70\/100\n|move|p1b: Great Tyrant|Rock Slide|p2b: Iron Bundle|[spread] p2a,p2b\n|-supereffective|p2a: Chi-Yu\n|-crit|p2a: Chi-Yu\n|-supereffective|p2b: Iron Bundle\n|-enditem|p2a: Chi-Yu|Focus Sash\n|-damage|p2a: Chi-Yu|1\/100\n|-damage|p2b: Iron Bundle|0 fnt\n|faint|p2b: Iron Bundle\n|-end|p2b: Iron Bundle|Quark Drive|[silent]\n|\n|-weather|Sandstorm|[upkeep]\n|-damage|p2a: Chi-Yu|0 fnt|[from] Sandstorm\n|faint|p2a: Chi-Yu\n|upkeep\n|j|+ToastNoButter\n|\n|t:|1683244051\n|switch|p2b: Tatsugiri|Tatsugiri, L50, F|100\/100\n|switch|p2a: Dondozo|Dondozo, L50, M|100\/100\n|switch|p1a: GROHAHSHSHSH|Gastrodon, L50, F|100\/100\n|-activate|p2b: Tatsugiri|ability: Commander|[of] p2a: Dondozo\n|-boost|p2a: Dondozo|atk|2\n|-boost|p2a: Dondozo|spa|2\n|-boost|p2a: Dondozo|spe|2\n|-boost|p2a: Dondozo|def|2\n|-boost|p2a: Dondozo|spd|2\n|turn|2\n|\n|t:|1683244075\n|switch|p1b: IRON MUGULIS|Rotom-Mow, L50|100\/100\n|-terastallize|p2a: Dondozo|Grass\n|move|p2a: Dondozo|Tera Blast|p1a: GROHAHSHSHSH\n|-supereffective|p1a: GROHAHSHSHSH\n|-damage|p1a: GROHAHSHSHSH|0 fnt\n|faint|p1a: GROHAHSHSHSH\n|\n|-weather|Sandstorm|[upkeep]\n|-damage|p2b: Tatsugiri|95\/100|[from] Sandstorm\n|-damage|p2a: Dondozo|94\/100|[from] Sandstorm\n|-damage|p1b: IRON MUGULIS|95\/100|[from] Sandstorm\n|-heal|p2a: Dondozo|100\/100|[from] item: Leftovers\n|upkeep\n|\n|t:|1683244081\n|switch|p1a: Great Tyrant|Tyranitar, L50, M, shiny, tera:Rock|70\/100\n|turn|3\n|\n|t:|1683244093\n|move|p1a: Great Tyrant|Protect|p1a: Great Tyrant\n|-singleturn|p1a: Great Tyrant|Protect\n|move|p2a: Dondozo|Tera Blast|p1a: Great Tyrant\n|-activate|p1a: Great Tyrant|move: Protect\n|move|p1b: IRON MUGULIS|Will-O-Wisp|p2a: Dondozo\n|-status|p2a: Dondozo|brn\n|\n|-weather|Sandstorm|[upkeep]\n|-damage|p2b: Tatsugiri|89\/100|[from] Sandstorm\n|-damage|p2a: Dondozo|94\/100 brn|[from] Sandstorm\n|-damage|p1b: IRON MUGULIS|89\/100|[from] Sandstorm\n|-heal|p2a: Dondozo|100\/100 brn|[from] item: Leftovers\n|-damage|p2a: Dondozo|94\/100 brn|[from] brn\n|upkeep\n|turn|4\n|\n|t:|1683244108\n|move|p2a: Dondozo|Wave Crash|p1a: Great Tyrant\n|-supereffective|p1a: Great Tyrant\n|-damage|p1a: Great Tyrant|0 fnt\n|faint|p1a: Great Tyrant\n|-damage|p2a: Dondozo|75\/100 brn|[from] Recoil\n|move|p1b: IRON MUGULIS|Thunderbolt|p2a: Dondozo\n|-resisted|p2a: Dondozo\n|-damage|p2a: Dondozo|66\/100 brn\n|\n|-weather|Sandstorm|[upkeep]\n|-damage|p2b: Tatsugiri|84\/100|[from] Sandstorm\n|-damage|p2a: Dondozo|60\/100 brn|[from] Sandstorm\n|-damage|p1b: IRON MUGULIS|83\/100|[from] Sandstorm\n|-heal|p2a: Dondozo|66\/100 brn|[from] item: Leftovers\n|-damage|p2a: Dondozo|60\/100 brn|[from] brn\n|upkeep\n|turn|5\n|c|\u2606esotilin123456|donbozo\n|\n|t:|1683244126\n|move|p2a: Dondozo|Tera Blast|p1b: IRON MUGULIS\n|-resisted|p1b: IRON MUGULIS\n|-damage|p1b: IRON MUGULIS|67\/100\n|move|p1b: IRON MUGULIS|Thunderbolt|p2a: Dondozo\n|-resisted|p2a: Dondozo\n|-damage|p2a: Dondozo|51\/100 brn\n|\n|-weather|none\n|-heal|p2a: Dondozo|57\/100 brn|[from] item: Leftovers\n|-damage|p2a: Dondozo|51\/100 brn|[from] brn\n|upkeep\n|turn|6\n|\n|t:|1683244136\n|move|p2a: Dondozo|Tera Blast|p1b: IRON MUGULIS\n|-resisted|p1b: IRON MUGULIS\n|-damage|p1b: IRON MUGULIS|51\/100\n|move|p1b: IRON MUGULIS|Thunderbolt|p2a: Dondozo\n|-resisted|p2a: Dondozo\n|-damage|p2a: Dondozo|42\/100 brn\n|\n|-heal|p2a: Dondozo|48\/100 brn|[from] item: Leftovers\n|-damage|p2a: Dondozo|42\/100 brn|[from] brn\n|upkeep\n|turn|7\n|\n|t:|1683244143\n|move|p2a: Dondozo|Tera Blast|p1b: IRON MUGULIS\n|-resisted|p1b: IRON MUGULIS\n|-crit|p1b: IRON MUGULIS\n|-damage|p1b: IRON MUGULIS|27\/100\n|-enditem|p1b: IRON MUGULIS|Sitrus Berry|[eat]\n|-heal|p1b: IRON MUGULIS|52\/100|[from] item: Sitrus Berry\n|move|p1b: IRON MUGULIS|Thunderbolt|p2a: Dondozo\n|-resisted|p2a: Dondozo\n|-damage|p2a: Dondozo|32\/100 brn\n|\n|-heal|p2a: Dondozo|39\/100 brn|[from] item: Leftovers\n|-damage|p2a: Dondozo|32\/100 brn|[from] brn\n|upkeep\n|turn|8\n|\n|t:|1683244148\n|move|p1b: IRON MUGULIS|Protect|p1b: IRON MUGULIS\n|-singleturn|p1b: IRON MUGULIS|Protect\n|move|p2a: Dondozo|Tera Blast|p1b: IRON MUGULIS\n|-activate|p1b: IRON MUGULIS|move: Protect\n|\n|-heal|p2a: Dondozo|39\/100 brn|[from] item: Leftovers\n|-damage|p2a: Dondozo|32\/100 brn|[from] brn\n|upkeep\n|turn|9\n|\n|t:|1683244153\n|move|p2a: Dondozo|Tera Blast|p1b: IRON MUGULIS\n|-resisted|p1b: IRON MUGULIS\n|-damage|p1b: IRON MUGULIS|35\/100\n|move|p1b: IRON MUGULIS|Thunderbolt|p2a: Dondozo\n|-resisted|p2a: Dondozo\n|-damage|p2a: Dondozo|24\/100 brn\n|\n|-heal|p2a: Dondozo|30\/100 brn|[from] item: Leftovers\n|-damage|p2a: Dondozo|24\/100 brn|[from] brn\n|upkeep\n|turn|10\n|c|\u2606clovehitch|gg\n|\n|t:|1683244157\n|move|p1b: IRON MUGULIS|Protect|p1b: IRON MUGULIS\n|-singleturn|p1b: IRON MUGULIS|Protect\n|move|p2a: Dondozo|Tera Blast|p1b: IRON MUGULIS\n|-activate|p1b: IRON MUGULIS|move: Protect\n|\n|-heal|p2a: Dondozo|30\/100 brn|[from] item: Leftovers\n|-damage|p2a: Dondozo|24\/100 brn|[from] brn\n|upkeep\n|turn|11\n|\n|t:|1683244160\n|move|p2a: Dondozo|Tera Blast|p1b: IRON MUGULIS\n|-resisted|p1b: IRON MUGULIS\n|-damage|p1b: IRON MUGULIS|19\/100\n|move|p1b: IRON MUGULIS|Thunderbolt|p2a: Dondozo\n|-resisted|p2a: Dondozo\n|-damage|p2a: Dondozo|16\/100 brn\n|\n|-heal|p2a: Dondozo|22\/100 brn|[from] item: Leftovers\n|-damage|p2a: Dondozo|16\/100 brn|[from] brn\n|upkeep\n|turn|12\n|\n|t:|1683244166\n|move|p2a: Dondozo|Tera Blast|p1b: IRON MUGULIS\n|-resisted|p1b: IRON MUGULIS\n|-damage|p1b: IRON MUGULIS|4\/100\n|move|p1b: IRON MUGULIS|Thunderbolt|p2a: Dondozo\n|-resisted|p2a: Dondozo\n|-damage|p2a: Dondozo|8\/100 brn\n|\n|-heal|p2a: Dondozo|14\/100 brn|[from] item: Leftovers\n|-damage|p2a: Dondozo|8\/100 brn|[from] brn\n|upkeep\n|turn|13\n|\n|t:|1683244170\n|move|p2a: Dondozo|Tera Blast|p1b: IRON MUGULIS\n|-resisted|p1b: IRON MUGULIS\n|-damage|p1b: IRON MUGULIS|0 fnt\n|faint|p1b: IRON MUGULIS\n|\n|win|clovehitch\n|n|\u2606esotilin123456|esotilin123456\n|n|\u2606clovehitch|clovehitch\n|n| Pic1070|pic1070\n|n| chicagolocaltop16|chicagolocaltop16\n|n| EsterPesto|esterpesto\n|n| stinkyton|stinkyton\n|n| ToastNoButter|toastnobutter\n","uploadtime":1683244171,"views":6,"p1id":"esotilin123456","p2id":"clovehitch","formatid":"gen9vgc2023regulationc","rating":0,"private":0,"password":""}