{"id":"gen9vgc2023regulationc-1853020457","p1":"nightmrep4nda","p2":"codyjamesfs","format":"[Gen 9] VGC 2023 Regulation C","log":"|j|\u2606nightmrep4nda\n|j|\u2606codyjamesfs\n|t:|1682626393\n|gametype|doubles\n|player|p1|nightmrep4nda|102|1040\n|player|p2|codyjamesfs|1|1130\n|teamsize|p1|5\n|teamsize|p2|6\n|gen|9\n|tier|[Gen 9] VGC 2023 Regulation C\n|rated|\n|rule|Species Clause: Limit one of each Pok\u00e9mon\n|rule|Item Clause: Limit one of each item\n|clearpoke\n|poke|p1|Breloom, L50, M|\n|poke|p1|Talonflame, L50, M|\n|poke|p1|Gardevoir, L50, F|\n|poke|p1|Iron Bundle, L50|\n|poke|p1|Ceruledge, L50, F|\n|poke|p2|Ting-Lu, L50|\n|poke|p2|Abomasnow, L50, F|\n|poke|p2|Flutter Mane, L50|\n|poke|p2|Iron Hands, L50|\n|poke|p2|Bronzong, L50|\n|poke|p2|Arcanine, L50, F|\n|teampreview|4\n|inactive|Battle timer is ON: inactive players will automatically lose when time's up. (requested by codyjamesfs)\n|\n|t:|1682626409\n|start\n|switch|p1a: Breloom|Breloom, L50, M|100\/100\n|switch|p1b: Talonflame|Talonflame, L50, M|100\/100\n|switch|p2a: Iron Hands|Iron Hands, L50, shiny|100\/100\n|switch|p2b: Bronzong|Bronzong, L50|100\/100\n|turn|1\n|inactive|codyjamesfs has 30 seconds left.\n|\n|t:|1682626441\n|-terastallize|p2b: Bronzong|Fire\n|move|p2a: Iron Hands|Fake Out|p1b: Talonflame\n|-damage|p1b: Talonflame|76\/100\n|move|p1b: Talonflame|Tailwind|p1b: Talonflame\n|-sidestart|p1: nightmrep4nda|move: Tailwind\n|move|p1a: Breloom|Spore|p2a: Iron Hands\n|-status|p2a: Iron Hands|slp|[from] move: Spore\n|move|p2b: Bronzong|Trick Room|p2b: Bronzong\n|-fieldstart|move: Trick Room|[of] p2b: Bronzong\n|\n|upkeep\n|turn|2\n|inactive|codyjamesfs has 30 seconds left.\n|\n|t:|1682626472\n|switch|p1b: Iron Bundle|Iron Bundle, L50|100\/100\n|-enditem|p1b: Iron Bundle|Booster Energy\n|-activate|p1b: Iron Bundle|ability: Quark Drive|[fromitem]\n|-start|p1b: Iron Bundle|quarkdrivespe\n|move|p2b: Bronzong|Gyro Ball|p1a: Breloom\n|-damage|p1a: Breloom|32\/100\n|cant|p2a: Iron Hands|slp\n|move|p1a: Breloom|Spore|p2b: Bronzong\n|-activate|p2b: Bronzong|item: Safety Goggles|Spore\n|\n|upkeep\n|turn|3\n|\n|t:|1682626492\n|switch|p1a: Talonflame|Talonflame, L50, M|76\/100\n|move|p2b: Bronzong|Gyro Ball|p1b: Iron Bundle\n|-damage|p1b: Iron Bundle|41\/100\n|cant|p2a: Iron Hands|slp\n|move|p1b: Iron Bundle|Hydro Pump|p2b: Bronzong\n|-supereffective|p2b: Bronzong\n|-damage|p2b: Bronzong|20\/100\n|\n|upkeep\n|turn|4\n|\n|t:|1682626510\n|-end|p1b: Iron Bundle|Quark Drive|[silent]\n|switch|p1b: Breloom|Breloom, L50, M|32\/100\n|move|p2b: Bronzong|Gyro Ball|p1b: Breloom\n|-damage|p1b: Breloom|0 fnt\n|faint|p1b: Breloom\n|cant|p2a: Iron Hands|slp\n|move|p1a: Talonflame|Air Slash|p2b: Bronzong\n|-damage|p2b: Bronzong|0 fnt\n|faint|p2b: Bronzong\n|\n|-sideend|p1: nightmrep4nda|move: Tailwind\n|upkeep\n|\n|t:|1682626527\n|switch|p2b: Abomasnow|Abomasnow, L50, F, shiny|100\/100\n|switch|p1b: Iron Bundle|Iron Bundle, L50|41\/100\n|-weather|Snow|[from] ability: Snow Warning|[of] p2b: Abomasnow\n|turn|5\n|\n|t:|1682626543\n|move|p1b: Iron Bundle|Protect|p1b: Iron Bundle\n|-singleturn|p1b: Iron Bundle|Protect\n|-curestatus|p2a: Iron Hands|slp|[msg]\n|move|p2a: Iron Hands|Volt Switch|p1b: Iron Bundle\n|-activate|p1b: Iron Bundle|move: Protect\n|move|p2b: Abomasnow|Blizzard|p1b: Iron Bundle|[spread] p1a\n|-activate|p1b: Iron Bundle|move: Protect\n|-damage|p1a: Talonflame|18\/100\n|move|p1a: Talonflame|Tailwind|p1a: Talonflame\n|-sidestart|p1: nightmrep4nda|move: Tailwind\n|\n|-weather|Snow|[upkeep]\n|-fieldend|move: Trick Room\n|upkeep\n|turn|6\n|inactive|nightmrep4nda has 30 seconds left.\n|inactive|nightmrep4nda has 20 seconds left.\n|inactive|nightmrep4nda has 15 seconds left.\n|inactive|nightmrep4nda has 10 seconds left.\n|inactive|nightmrep4nda has 5 seconds left.\n|\n|t:|1682626595\n|-end|p1b: Iron Bundle|Quark Drive|[silent]\n|switch|p1b: Gardevoir|Gardevoir, L50, F|100\/100\n|move|p2b: Abomasnow|Protect|p2b: Abomasnow\n|-singleturn|p2b: Abomasnow|Protect\n|move|p1a: Talonflame|Fire Blast|p2b: Abomasnow\n|-activate|p2b: Abomasnow|move: Protect\n|move|p2a: Iron Hands|Volt Switch|p1b: Gardevoir\n|-damage|p1b: Gardevoir|86\/100\n|\n|t:|1682626607\n|-end|p2a: Iron Hands|Quark Drive|[silent]\n|switch|p2a: Ting-Lu|Ting-Lu, L50|100\/100|[from] Volt Switch\n|-ability|p2a: Ting-Lu|Vessel of Ruin\n|\n|-weather|Snow|[upkeep]\n|upkeep\n|turn|7\n|\n|t:|1682626628\n|switch|p2b: Iron Hands|Iron Hands, L50, shiny|100\/100\n|move|p1a: Talonflame|Fire Blast|p2b: Iron Hands\n|-damage|p2b: Iron Hands|87\/100\n|move|p1b: Gardevoir|Hypnosis|p2a: Ting-Lu\n|-status|p2a: Ting-Lu|slp|[from] move: Hypnosis\n|cant|p2a: Ting-Lu|slp\n|\n|-weather|Snow|[upkeep]\n|upkeep\n|turn|8\n|\n|t:|1682626648\n|move|p2b: Iron Hands|Fake Out|p1b: Gardevoir\n|-damage|p1b: Gardevoir|56\/100\n|move|p1a: Talonflame|Air Slash|p2a: Ting-Lu\n|-damage|p2a: Ting-Lu|87\/100 slp\n|cant|p1b: Gardevoir|flinch\n|cant|p2a: Ting-Lu|slp\n|\n|-weather|Snow|[upkeep]\n|-sideend|p1: nightmrep4nda|move: Tailwind\n|upkeep\n|turn|9\n|\n|t:|1682626671\n|move|p1a: Talonflame|Fire Blast|p2b: Iron Hands\n|-damage|p2b: Iron Hands|70\/100\n|move|p1b: Gardevoir|Dazzling Gleam|p2b: Iron Hands|[spread] p2a,p2b\n|-supereffective|p2a: Ting-Lu\n|-supereffective|p2b: Iron Hands\n|-damage|p2a: Ting-Lu|56\/100 slp\n|-damage|p2b: Iron Hands|50\/100\n|move|p2b: Iron Hands|Volt Switch|p1a: Talonflame\n|-supereffective|p1a: Talonflame\n|-damage|p1a: Talonflame|0 fnt\n|faint|p1a: Talonflame\n|\n|t:|1682626683\n|-end|p2b: Iron Hands|Quark Drive|[silent]\n|switch|p2b: Abomasnow|Abomasnow, L50, F, shiny|100\/100|[from] Volt Switch\n|cant|p2a: Ting-Lu|slp\n|\n|-weather|none\n|upkeep\n|\n|t:|1682626691\n|switch|p1a: Iron Bundle|Iron Bundle, L50|41\/100\n|turn|10\n|\n|t:|1682626707\n|switch|p2b: Iron Hands|Iron Hands, L50, shiny|50\/100\n|-terastallize|p1a: Iron Bundle|Steel\n|move|p1a: Iron Bundle|Tera Blast|p2b: Iron Hands\n|-resisted|p2b: Iron Hands\n|-damage|p2b: Iron Hands|42\/100\n|move|p1b: Gardevoir|Dazzling Gleam|p2b: Iron Hands|[spread] p2a,p2b\n|-supereffective|p2a: Ting-Lu\n|-supereffective|p2b: Iron Hands\n|-damage|p2a: Ting-Lu|24\/100 slp\n|-damage|p2b: Iron Hands|21\/100\n|-curestatus|p2a: Ting-Lu|slp|[msg]\n|move|p2a: Ting-Lu|Stone Edge|p1b: Gardevoir|[miss]\n|-miss|p2a: Ting-Lu|p1b: Gardevoir\n|\n|upkeep\n|turn|11\n|inactive|nightmrep4nda has 30 seconds left.\n|inactive|codyjamesfs has 30 seconds left.\n|\n|t:|1682626736\n|move|p2b: Iron Hands|Fake Out|p1a: Iron Bundle\n|-resisted|p1a: Iron Bundle\n|-damage|p1a: Iron Bundle|31\/100\n|cant|p1a: Iron Bundle|flinch\n|move|p1b: Gardevoir|Dazzling Gleam|p2b: Iron Hands|[spread] p2a,p2b\n|-supereffective|p2a: Ting-Lu\n|-supereffective|p2b: Iron Hands\n|-damage|p2a: Ting-Lu|0 fnt\n|-damage|p2b: Iron Hands|0 fnt\n|faint|p2a: Ting-Lu\n|faint|p2b: Iron Hands\n|-end|p2b: Iron Hands|Quark Drive|[silent]\n|\n|upkeep\n|\n|t:|1682626748\n|switch|p2a: Abomasnow|Abomasnow, L50, F, shiny|100\/100\n|-weather|Snow|[from] ability: Snow Warning|[of] p2a: Abomasnow\n|turn|12\n|\n|t:|1682626760\n|move|p1a: Iron Bundle|Tera Blast|p2a: Abomasnow\n|-supereffective|p2a: Abomasnow\n|-damage|p2a: Abomasnow|9\/100\n|-enditem|p2a: Abomasnow|Weakness Policy\n|-boost|p2a: Abomasnow|atk|2|[from] item: Weakness Policy\n|-boost|p2a: Abomasnow|spa|2|[from] item: Weakness Policy\n|move|p1b: Gardevoir|Hypnosis|p2a: Abomasnow\n|-status|p2a: Abomasnow|slp|[from] move: Hypnosis\n|cant|p2a: Abomasnow|slp\n|\n|-weather|Snow|[upkeep]\n|upkeep\n|turn|13\n|-message|codyjamesfs forfeited.\n|\n|win|nightmrep4nda\n|raw|nightmrep4nda's rating: 1040 → 1083<\/strong> (+43 for winning)\n|raw|codyjamesfs's rating: 1130 → 1099<\/strong> (-31 for losing)\n|l|\u2606codyjamesfs\n","uploadtime":1682626786,"views":16,"p1id":"nightmrep4nda","p2id":"codyjamesfs","formatid":"gen9vgc2023regulationc","rating":1083,"private":0,"password":""}