{"id":"gen9vgc2023regulationc-1850819603","p1":"temerence","p2":"Protecties","format":"[Gen 9] VGC 2023 Regulation C","log":"|j|\u2606temerence\n|j|\u2606Protecties\n|t:|1682370939\n|gametype|doubles\n|player|p1|temerence|hilbert|1099\n|player|p2|Protecties|bugcatcher-gen4dp|1086\n|teamsize|p1|6\n|teamsize|p2|6\n|gen|9\n|tier|[Gen 9] VGC 2023 Regulation C\n|rated|\n|rule|Species Clause: Limit one of each Pok\u00e9mon\n|rule|Item Clause: Limit one of each item\n|clearpoke\n|poke|p1|Flutter Mane, L50|\n|poke|p1|Amoonguss, L50, F|\n|poke|p1|Palafin, L50, M|\n|poke|p1|Chien-Pao, L50|\n|poke|p1|Arcanine, L50, F|\n|poke|p1|Dragapult, L50, M|\n|poke|p2|Murkrow, L50, M|\n|poke|p2|Gholdengo, L50|\n|poke|p2|Hydreigon, L50, M|\n|poke|p2|Iron Moth, L50|\n|poke|p2|Palafin, L50, F|\n|poke|p2|Amoonguss, L50, F|\n|teampreview|4\n|inactive|Battle timer is ON: inactive players will automatically lose when time's up. (requested by Protecties)\ntemerence has agreed to open team sheets.\n|inactive|temerence has 60 seconds left.\n|inactive|Protecties has 60 seconds left.\n|\n|t:|1682370973\n|start\n|switch|p1a: Palafin|Palafin, L50, M|100\/100\n|switch|p1b: Arcanine|Arcanine, L50, F|100\/100\n|switch|p2a: Murkrow|Murkrow, L50, M|100\/100\n|switch|p2b: Iron Moth|Iron Moth, L50|100\/100\n|-ability|p1b: Arcanine|Intimidate|boost\n|-unboost|p2a: Murkrow|atk|1\n|-unboost|p2b: Iron Moth|atk|1\n|-enditem|p2b: Iron Moth|Booster Energy\n|-activate|p2b: Iron Moth|ability: Quark Drive|[fromitem]\n|-start|p2b: Iron Moth|quarkdrivespa\n|turn|1\n|inactive|temerence has 30 seconds left.\n|inactive|Protecties has 30 seconds left.\n|\n|t:|1682371003\n|detailschange|p1a: Palafin|Palafin-Hero, L50, M\n|switch|p1a: Amoonguss|Amoonguss, L50, F|100\/100\n|move|p2a: Murkrow|Tailwind|p2a: Murkrow\n|-sidestart|p2: Protecties|move: Tailwind\n|move|p2b: Iron Moth|Energy Ball|p1a: Amoonguss\n|-resisted|p1a: Amoonguss\n|-damage|p1a: Amoonguss|93\/100\n|move|p1b: Arcanine|Flare Blitz|p2a: Murkrow\n|-damage|p2a: Murkrow|58\/100\n|-damage|p1b: Arcanine|91\/100|[from] Recoil\n|\n|upkeep\n|turn|2\n|inactive|Protecties has 30 seconds left.\n|\n|t:|1682371029\n|move|p1b: Arcanine|Extreme Speed|p2a: Murkrow\n|-damage|p2a: Murkrow|35\/100\n|move|p2b: Iron Moth|Overheat|p1a: Amoonguss\n|-supereffective|p1a: Amoonguss\n|-damage|p1a: Amoonguss|0 fnt\n|-unboost|p2b: Iron Moth|spa|2\n|faint|p1a: Amoonguss\n|move|p2a: Murkrow|Foul Play|p1b: Arcanine\n|-damage|p1b: Arcanine|55\/100\n|\n|upkeep\n|\n|t:|1682371044\n|switch|p1a: Palafin|Palafin-Hero, L50, M|100\/100\n|-activate|p1a: Palafin|ability: Zero to Hero\n|turn|3\n|\n|t:|1682371068\n|-terastallize|p2b: Iron Moth|Grass\n|-terastallize|p1a: Palafin|Water\n|move|p1b: Arcanine|Protect|p1b: Arcanine\n|-singleturn|p1b: Arcanine|Protect\n|move|p2a: Murkrow|Haze|p2a: Murkrow\n|-clearallboost\n|move|p2b: Iron Moth|Energy Ball|p1a: Palafin\n|-supereffective|p1a: Palafin\n|-damage|p1a: Palafin|0 fnt\n|faint|p1a: Palafin\n|\n|upkeep\n|\n|t:|1682371080\n|switch|p1a: Flutter Mane|Flutter Mane, L50|100\/100\n|-enditem|p1a: Flutter Mane|Booster Energy\n|-activate|p1a: Flutter Mane|ability: Protosynthesis|[fromitem]\n|-start|p1a: Flutter Mane|protosynthesisspe\n|turn|4\n|\n|t:|1682371104\n|move|p2a: Murkrow|Protect|p2a: Murkrow\n|-singleturn|p2a: Murkrow|Protect\n|move|p2b: Iron Moth|Sludge Wave|p1b: Arcanine|[spread] p1a,p1b\n|-activate|p2a: Murkrow|move: Protect\n|-crit|p1b: Arcanine\n|-damage|p1a: Flutter Mane|51\/100\n|-damage|p1b: Arcanine|0 fnt\n|faint|p1b: Arcanine\n|move|p1a: Flutter Mane|Moonblast|p2a: Murkrow\n|-activate|p2a: Murkrow|move: Protect\n|\n|-sideend|p2: Protecties|move: Tailwind\n|upkeep\n|turn|5\n|\n|t:|1682371122\n|move|p1a: Flutter Mane|Protect|p1a: Flutter Mane\n|-singleturn|p1a: Flutter Mane|Protect\n|move|p2a: Murkrow|Tailwind|p2a: Murkrow\n|-sidestart|p2: Protecties|move: Tailwind\n|move|p2b: Iron Moth|Overheat|p1a: Flutter Mane\n|-activate|p1a: Flutter Mane|move: Protect\n|\n|upkeep\n|turn|6\n|\n|t:|1682371137\n|move|p2b: Iron Moth|Overheat|p1a: Flutter Mane\n|-damage|p1a: Flutter Mane|0 fnt\n|-unboost|p2b: Iron Moth|spa|2\n|faint|p1a: Flutter Mane\n|-end|p1a: Flutter Mane|Protosynthesis|[silent]\n|\n|win|Protecties\n|raw|temerence's rating: 1099 → 1073<\/strong> (-26 for losing)\n|raw|Protecties's rating: 1086 → 1114<\/strong> (+28 for winning)\n|l|\u2606Protecties\n","uploadtime":1682371152,"views":18,"p1id":"temerence","p2id":"protecties","formatid":"gen9vgc2023regulationc","rating":1073,"private":0,"password":""}