{"id":"gen9vgc2023regulationc-1861359084","p1":"JollyRogers40","p2":"Ryokin Suna","format":"[Gen 9] VGC 2023 Regulation C","log":"|j|\u2606JollyRogers40\n|j|\u2606Ryokin Suna\n|t:|1683749338\n|gametype|doubles\n|player|p1|JollyRogers40|266|1057\n|player|p2|Ryokin Suna|265|1054\n|teamsize|p1|6\n|teamsize|p2|6\n|gen|9\n|tier|[Gen 9] VGC 2023 Regulation C\n|rated|\n|rule|Species Clause: Limit one of each Pok\u00e9mon\n|rule|Item Clause: Limit one of each item\n|clearpoke\n|poke|p1|Arcanine, L50, M|\n|poke|p1|Palafin, L50, F|\n|poke|p1|Wo-Chien, L50|\n|poke|p1|Amoonguss, L50, F|\n|poke|p1|Gothitelle, L50, F|\n|poke|p1|Glimmora, L50, M|\n|poke|p2|Lycanroc, L50, M|\n|poke|p2|Corviknight, L50, M|\n|poke|p2|Iron Bundle, L50|\n|poke|p2|Tyranitar, L50, F|\n|poke|p2|Garchomp, L50, F|\n|poke|p2|Flutter Mane, L50|\n|teampreview|4\nRyokin Suna has agreed to open team sheets.\nJollyRogers40 rejected open team sheets.\n|\n|t:|1683749379\n|start\n|switch|p1a: Wo-Chien|Wo-Chien, L50|100\/100\n|switch|p1b: Palafin|Palafin, L50, F|100\/100\n|switch|p2a: Corviknight|Corviknight, L50, M|100\/100\n|switch|p2b: Flutter Mane|Flutter Mane, L50|100\/100\n|-ability|p1a: Wo-Chien|Tablets of Ruin\n|turn|1\n|\n|t:|1683749403\n|detailschange|p1b: Palafin|Palafin-Hero, L50, F\n|switch|p1b: Amoonguss|Amoonguss, L50, F|100\/100\n|move|p2b: Flutter Mane|Protect|p2b: Flutter Mane\n|-singleturn|p2b: Flutter Mane|Protect\n|move|p2a: Corviknight|Tailwind|p2a: Corviknight\n|-sidestart|p2: Ryokin Suna|move: Tailwind\n|move|p1a: Wo-Chien|Leech Seed|p2a: Corviknight\n|-start|p2a: Corviknight|move: Leech Seed\n|\n|-damage|p2a: Corviknight|88\/100|[from] Leech Seed|[of] p1a: Wo-Chien\n|upkeep\n|turn|2\n|inactive|Battle timer is ON: inactive players will automatically lose when time's up. (requested by JollyRogers40)\n|\n|t:|1683749446\n|-terastallize|p2b: Flutter Mane|Fairy\n|move|p2b: Flutter Mane|Dazzling Gleam|p1b: Amoonguss|[spread] p1a,p1b\n|-supereffective|p1a: Wo-Chien\n|-resisted|p1b: Amoonguss\n|-damage|p1a: Wo-Chien|35\/100\n|-damage|p1b: Amoonguss|72\/100\n|-damage|p2b: Flutter Mane|90\/100|[from] item: Life Orb\n|move|p2a: Corviknight|Brave Bird|p1b: Amoonguss\n|-supereffective|p1b: Amoonguss\n|-damage|p1b: Amoonguss|31\/100\n|-damage|p2a: Corviknight|72\/100|[from] item: Rocky Helmet|[of] p1b: Amoonguss\n|-damage|p2a: Corviknight|57\/100|[from] Recoil\n|move|p1a: Wo-Chien|Knock Off|p2a: Corviknight\n|-damage|p2a: Corviknight|38\/100\n|-enditem|p2a: Corviknight|Sitrus Berry|[from] move: Knock Off|[of] p1a: Wo-Chien\n|move|p1b: Amoonguss|Spore|p2b: Flutter Mane\n|-status|p2b: Flutter Mane|slp|[from] move: Spore\n|\n|-heal|p1a: Wo-Chien|42\/100|[from] item: Leftovers\n|-damage|p2a: Corviknight|26\/100|[from] Leech Seed|[of] p1a: Wo-Chien\n|-heal|p1a: Wo-Chien|55\/100|[silent]\n|upkeep\n|turn|3\n|inactive|JollyRogers40 has 30 seconds left.\n|inactive|Ryokin Suna has 30 seconds left.\n|\n|t:|1683749475\n|cant|p2b: Flutter Mane|slp\n|move|p2a: Corviknight|Brave Bird|p1b: Amoonguss\n|-supereffective|p1b: Amoonguss\n|-damage|p1b: Amoonguss|0 fnt\n|-damage|p2a: Corviknight|9\/100|[from] item: Rocky Helmet|[of] p1b: Amoonguss\n|faint|p1b: Amoonguss\n|-damage|p2a: Corviknight|0 fnt|[from] Recoil\n|faint|p2a: Corviknight\n|move|p1a: Wo-Chien|Leech Seed|p2b: Flutter Mane\n|-start|p2b: Flutter Mane|move: Leech Seed\n|\n|-heal|p1a: Wo-Chien|61\/100|[from] item: Leftovers\n|-damage|p2b: Flutter Mane|78\/100 slp|[from] Leech Seed|[of] p1a: Wo-Chien\n|-heal|p1a: Wo-Chien|69\/100|[silent]\n|upkeep\n|\n|t:|1683749488\n|switch|p2a: Tyranitar|Tyranitar, L50, F|100\/100\n|switch|p1b: Arcanine|Arcanine, L50, M|100\/100\n|-weather|Sandstorm|[from] ability: Sand Stream|[of] p2a: Tyranitar\n|-ability|p1b: Arcanine|Intimidate|boost\n|-unboost|p2a: Tyranitar|atk|1\n|-unboost|p2b: Flutter Mane|atk|1\n|turn|4\n|inactive|Ryokin Suna has 30 seconds left.\n|\n|t:|1683749515\n|-end|p2b: Flutter Mane|Protosynthesis|[silent]\n|switch|p2b: Iron Bundle|Iron Bundle, L50|100\/100\n|-enditem|p2b: Iron Bundle|Booster Energy\n|-activate|p2b: Iron Bundle|ability: Quark Drive|[fromitem]\n|-start|p2b: Iron Bundle|quarkdrivespe\n|move|p2a: Tyranitar|Rock Slide|p1b: Arcanine|[spread] p1a,p1b\n|-supereffective|p1b: Arcanine\n|-damage|p1a: Wo-Chien|53\/100\n|-damage|p1b: Arcanine|58\/100\n|move|p1b: Arcanine|Will-O-Wisp|p2a: Tyranitar|[miss]\n|-miss|p1b: Arcanine|p2a: Tyranitar\n|move|p1a: Wo-Chien|Leech Seed|p2a: Tyranitar\n|-start|p2a: Tyranitar|move: Leech Seed\n|\n|-weather|Sandstorm|[upkeep]\n|-damage|p2b: Iron Bundle|94\/100|[from] Sandstorm\n|-damage|p1a: Wo-Chien|47\/100|[from] Sandstorm\n|-heal|p1a: Wo-Chien|53\/100|[from] item: Leftovers\n|-damage|p2a: Tyranitar|88\/100|[from] Leech Seed|[of] p1a: Wo-Chien\n|-heal|p1a: Wo-Chien|66\/100|[silent]\n|-sideend|p2: Ryokin Suna|move: Tailwind\n|upkeep\n|turn|5\n|inactive|JollyRogers40 has 30 seconds left.\n|\n|t:|1683749544\n|move|p1a: Wo-Chien|Protect|p1a: Wo-Chien\n|-singleturn|p1a: Wo-Chien|Protect\n|move|p2b: Iron Bundle|Hydro Pump|p1b: Arcanine\n|-supereffective|p1b: Arcanine\n|-damage|p1b: Arcanine|0 fnt\n|faint|p1b: Arcanine\n|move|p2a: Tyranitar|Low Kick|p1a: Wo-Chien\n|-activate|p1a: Wo-Chien|move: Protect\n|\n|-weather|Sandstorm|[upkeep]\n|-damage|p2b: Iron Bundle|88\/100|[from] Sandstorm\n|-damage|p1a: Wo-Chien|60\/100|[from] Sandstorm\n|-heal|p1a: Wo-Chien|66\/100|[from] item: Leftovers\n|-damage|p2a: Tyranitar|76\/100|[from] Leech Seed|[of] p1a: Wo-Chien\n|-heal|p1a: Wo-Chien|79\/100|[silent]\n|upkeep\n|\n|t:|1683749557\n|switch|p1b: Palafin|Palafin-Hero, L50, F|100\/100\n|-activate|p1b: Palafin|ability: Zero to Hero\n|turn|6\n|\n|t:|1683749570\n|switch|p2a: Flutter Mane|Flutter Mane, L50, tera:Fairy|78\/100 slp\n|move|p2b: Iron Bundle|Freeze-Dry|p1b: Palafin\n|-supereffective|p1b: Palafin\n|-damage|p1b: Palafin|14\/100\n|move|p1b: Palafin|Drain Punch|p2a: Flutter Mane\n|-resisted|p2a: Flutter Mane\n|-damage|p2a: Flutter Mane|54\/100 slp\n|-heal|p1b: Palafin|23\/100|[from] drain|[of] p2a: Flutter Mane\n|move|p1a: Wo-Chien|Giga Drain|p2b: Iron Bundle\n|-supereffective|p2b: Iron Bundle\n|-damage|p2b: Iron Bundle|0 fnt\n|-heal|p1a: Wo-Chien|100\/100|[from] drain|[of] p2b: Iron Bundle\n|faint|p2b: Iron Bundle\n|-end|p2b: Iron Bundle|Quark Drive|[silent]\n|\n|-weather|Sandstorm|[upkeep]\n|-damage|p2a: Flutter Mane|48\/100 slp|[from] Sandstorm\n|-damage|p1b: Palafin|17\/100|[from] Sandstorm\n|-damage|p1a: Wo-Chien|94\/100|[from] Sandstorm\n|-heal|p1a: Wo-Chien|100\/100|[from] item: Leftovers\n|upkeep\n|\n|t:|1683749586\n|switch|p2b: Tyranitar|Tyranitar, L50, F|76\/100\n|turn|7\n|\n|t:|1683749600\n|move|p1b: Palafin|Jet Punch|p2a: Flutter Mane\n|-damage|p2a: Flutter Mane|0 fnt\n|faint|p2a: Flutter Mane\n|-end|p2a: Flutter Mane|Protosynthesis|[silent]\n|move|p1a: Wo-Chien|Giga Drain|p2b: Tyranitar\n|-supereffective|p2b: Tyranitar\n|-damage|p2b: Tyranitar|55\/100\n|move|p2b: Tyranitar|Rock Slide|p1a: Wo-Chien|[spread] p1a,p1b\n|-damage|p1a: Wo-Chien|77\/100\n|-damage|p1b: Palafin|0 fnt\n|faint|p1b: Palafin\n|\n|-weather|Sandstorm|[upkeep]\n|-damage|p1a: Wo-Chien|71\/100|[from] Sandstorm\n|-heal|p1a: Wo-Chien|77\/100|[from] item: Leftovers\n|upkeep\n|turn|8\n|\n|t:|1683749615\n|move|p1a: Wo-Chien|Leech Seed|p2b: Tyranitar\n|-start|p2b: Tyranitar|move: Leech Seed\n|move|p2b: Tyranitar|Low Kick|p1a: Wo-Chien\n|-supereffective|p1a: Wo-Chien\n|-damage|p1a: Wo-Chien|30\/100\n|\n|-weather|none\n|-heal|p1a: Wo-Chien|36\/100|[from] item: Leftovers\n|-damage|p2b: Tyranitar|43\/100|[from] Leech Seed|[of] p1a: Wo-Chien\n|-heal|p1a: Wo-Chien|49\/100|[silent]\n|upkeep\n|turn|9\n|\n|t:|1683749631\n|move|p1a: Wo-Chien|Giga Drain|p2b: Tyranitar\n|-supereffective|p2b: Tyranitar\n|-damage|p2b: Tyranitar|11\/100\n|-heal|p1a: Wo-Chien|67\/100|[from] drain|[of] p2b: Tyranitar\n|move|p2b: Tyranitar|Low Kick|p1a: Wo-Chien\n|-supereffective|p1a: Wo-Chien\n|-crit|p1a: Wo-Chien\n|-damage|p1a: Wo-Chien|0 fnt\n|faint|p1a: Wo-Chien\n|\n|win|Ryokin Suna\n|raw|JollyRogers40's rating: 1057 → 1038<\/strong> (-19 for losing)\n|raw|Ryokin Suna's rating: 1054 → 1086<\/strong> (+32 for winning)\n|c|\u2606JollyRogers40|OOOF\n|c|\u2606JollyRogers40|GG\n|l|\u2606JollyRogers40\n|n|\u2606Ryokin Suna|ryokinsuna\n","uploadtime":1683749702,"views":11,"p1id":"jollyrogers40","p2id":"ryokinsuna","formatid":"gen9vgc2023regulationc","rating":1038,"private":0,"password":""}