{"id":"gen9vgc2023regulationc-1864214198","p1":"derreek","p2":"Minimugs","format":"[Gen 9] VGC 2023 Regulation C","log":"|j|\u2606derreek\n|j|\u2606Minimugs\n|t:|1684138086\n|gametype|doubles\n|player|p1|derreek|170|1052\n|player|p2|Minimugs|steven|1107\n|teamsize|p1|6\n|teamsize|p2|6\n|gen|9\n|tier|[Gen 9] VGC 2023 Regulation C\n|rated|\n|rule|Species Clause: Limit one of each Pok\u00e9mon\n|rule|Item Clause: Limit one of each item\n|clearpoke\n|poke|p1|Honchkrow, L50, M|\n|poke|p1|Gothitelle, L50, M|\n|poke|p1|Glimmora, L50, F|\n|poke|p1|Gholdengo, L50|\n|poke|p1|Iron Bundle, L50|\n|poke|p1|Indeedee-F, L50, F|\n|poke|p2|Annihilape, L50, M|\n|poke|p2|Amoonguss, L50, M|\n|poke|p2|Indeedee-F, L50, F|\n|poke|p2|Armarouge, L50, F|\n|poke|p2|Great Tusk, L50|\n|poke|p2|Torkoal, L50, F|\n|teampreview|4\n|inactive|Battle timer is ON: inactive players will automatically lose when time's up. (requested by Minimugs)\nderreek rejected open team sheets.\n|\n|t:|1684138109\n|start\n|switch|p1a: Glimmora|Glimmora, L50, F|100\/100\n|switch|p1b: Iron Bundle|Iron Bundle, L50|100\/100\n|switch|p2a: Annihilape|Annihilape, L50, M|100\/100\n|switch|p2b: Amoonguss|Amoonguss, L50, M|100\/100\n|turn|1\n|l|\u2606derreek\n|inactive|derreek disconnected and has a minute to reconnect!\n|player|p1|\n|j|\u2606derreek\n|inactive|derreek reconnected and has 35 seconds left.\n|player|p1|derreek|170\n|inactive|derreek has 30 seconds left.\n|\n|t:|1684138135\n|move|p2a: Annihilape|Final Gambit|p1b: Iron Bundle\n|-damage|p1b: Iron Bundle|0 fnt\n|faint|p2a: Annihilape\n|faint|p1b: Iron Bundle\n|-end|p1b: Iron Bundle|Quark Drive|[silent]\n|move|p1a: Glimmora|Mortal Spin|p2b: Amoonguss\n|-damage|p2b: Amoonguss|95\/100\n|-status|p2b: Amoonguss|psn\n|move|p2b: Amoonguss|Spore|p1a: Glimmora\n|-status|p1a: Glimmora|slp|[from] move: Spore\n|\n|-heal|p2b: Amoonguss|100\/100 psn|[from] item: Black Sludge\n|-damage|p2b: Amoonguss|88\/100 psn|[from] psn\n|upkeep\n|l|\u2606derreek\n|inactive|derreek disconnected and has a minute to reconnect!\n|player|p1|\n|j|\u2606derreek\n|inactive|derreek reconnected and has 35 seconds left.\n|player|p1|derreek|170\n|\n|t:|1684138158\n|switch|p1b: Gholdengo|Gholdengo, L50|100\/100\n|switch|p2a: Indeedee|Indeedee-F, L50, F|100\/100\n|-fieldstart|move: Psychic Terrain|[from] ability: Psychic Surge|[of] p2a: Indeedee\n|turn|2\n|l|\u2606derreek\n|inactive|derreek disconnected and has a minute to reconnect!\n|player|p1|\n|j|\u2606derreek\n|inactive|derreek reconnected and has 35 seconds left.\n|player|p1|derreek|170\n|inactive|derreek has 30 seconds left.\n|\n|t:|1684138185\n|move|p1b: Gholdengo|Make It Rain|p2a: Indeedee|[spread] p2a,p2b\n|-damage|p2a: Indeedee|40\/100\n|-damage|p2b: Amoonguss|41\/100 psn\n|-unboost|p1b: Gholdengo|spa|1\n|-enditem|p2a: Indeedee|Sitrus Berry|[eat]\n|-heal|p2a: Indeedee|65\/100|[from] item: Sitrus Berry\n|-damage|p1b: Gholdengo|91\/100|[from] item: Life Orb\n|cant|p1a: Glimmora|slp\n|move|p2b: Amoonguss|Spore|p1b: Gholdengo\n|-immune|p1b: Gholdengo|[from] ability: Good as Gold\n|move|p2a: Indeedee|Trick Room|p2a: Indeedee\n|-fieldstart|move: Trick Room|[of] p2a: Indeedee\n|\n|-heal|p2b: Amoonguss|46\/100 psn|[from] item: Black Sludge\n|-damage|p2b: Amoonguss|34\/100 psn|[from] psn\n|upkeep\n|turn|3\n|l|\u2606derreek\n|inactive|derreek disconnected and has a minute to reconnect!\n|player|p1|\n|j|\u2606derreek\n|inactive|derreek reconnected and has 35 seconds left.\n|player|p1|derreek|170\n|inactive|derreek has 30 seconds left.\n|inactive|Minimugs has 30 seconds left.\n|\n|t:|1684138217\n|move|p2a: Indeedee|Protect|p2a: Indeedee\n|-singleturn|p2a: Indeedee|Protect\n|cant|p1a: Glimmora|slp\n|move|p2b: Amoonguss|Pollen Puff|p2a: Indeedee\n|-activate|p2a: Indeedee|move: Protect\n|move|p1b: Gholdengo|Make It Rain|p2b: Amoonguss|[spread] p2b\n|-activate|p2a: Indeedee|move: Protect\n|-damage|p2b: Amoonguss|0 fnt\n|-unboost|p1b: Gholdengo|spa|1\n|faint|p2b: Amoonguss\n|-damage|p1b: Gholdengo|81\/100|[from] item: Life Orb\n|\n|upkeep\n|\n|t:|1684138227\n|switch|p2b: Armarouge|Armarouge, L50, F|100\/100\n|turn|4\n|\n|t:|1684138243\n|move|p2a: Indeedee|Follow Me|p2a: Indeedee\n|-singleturn|p2a: Indeedee|move: Follow Me\n|move|p2b: Armarouge|Armor Cannon|p1b: Gholdengo\n|-supereffective|p1b: Gholdengo\n|-damage|p1b: Gholdengo|0 fnt\n|-unboost|p2b: Armarouge|def|1\n|-unboost|p2b: Armarouge|spd|1\n|faint|p1b: Gholdengo\n|-damage|p2b: Armarouge|91\/100|[from] item: Life Orb\n|-curestatus|p1a: Glimmora|slp|[msg]\n|move|p1a: Glimmora|Power Gem|p2a: Indeedee\n|-damage|p2a: Indeedee|28\/100\n|\n|upkeep\n|\n|t:|1684138258\n|switch|p1b: Indeedee|Indeedee-F, L50, F|100\/100\n|turn|5\n|\n|t:|1684138267\n|move|p1b: Indeedee|Helping Hand|p1a: Glimmora\n|-singleturn|p1a: Glimmora|Helping Hand|[of] p1b: Indeedee\n|move|p2b: Armarouge|Expanding Force|p1b: Indeedee|[spread] p1a,p1b\n|-supereffective|p1a: Glimmora\n|-resisted|p1b: Indeedee\n|-crit|p1b: Indeedee\n|-damage|p1a: Glimmora|0 fnt\n|-damage|p1b: Indeedee|42\/100\n|faint|p1a: Glimmora\n|-damage|p2b: Armarouge|81\/100|[from] item: Life Orb\n|move|p2a: Indeedee|Dazzling Gleam|p1b: Indeedee\n|-damage|p1b: Indeedee|20\/100\n|\n|-heal|p1b: Indeedee|26\/100|[from] item: Leftovers\n|upkeep\n|turn|6\n|-message|derreek forfeited.\n|\n|win|Minimugs\n|raw|derreek's rating: 1052 → 1037<\/strong> (-15 for losing)\n|raw|Minimugs's rating: 1107 → 1128<\/strong> (+21 for winning)\n|l|\u2606derreek\n","uploadtime":1684138282,"views":16,"p1id":"derreek","p2id":"minimugs","formatid":"gen9vgc2023regulationc","rating":1037,"private":0,"password":""}