{"id":"gen9vgc2023regulationc-1852715439","p1":"Nauticles","p2":"Vikx_VGC","format":"[Gen 9] VGC 2023 Regulation C","log":"|j|\u203dNauticles\n|j|\u2606Vikx_VGC\n|t:|1682599629\n|gametype|doubles\n|player|p1|Nauticles|101|1089\n|player|p2|Vikx_VGC|benga|1050\n|teamsize|p1|6\n|teamsize|p2|6\n|gen|9\n|tier|[Gen 9] VGC 2023 Regulation C\n|rated|\n|rule|Species Clause: Limit one of each Pok\u00e9mon\n|rule|Item Clause: Limit one of each item\n|clearpoke\n|poke|p1|Armarouge, L50, M|\n|poke|p1|Maushold-Four, L50|\n|poke|p1|Indeedee-F, L50, F|\n|poke|p1|Flamigo, L50, F|\n|poke|p1|Chi-Yu, L50|\n|poke|p1|Amoonguss, L50, M|\n|poke|p2|Flutter Mane, L50|\n|poke|p2|Amoonguss, L50, F|\n|poke|p2|Gyarados, L50, M|\n|poke|p2|Murkrow, L50, F|\n|poke|p2|Mimikyu, L50, F|\n|poke|p2|Iron Hands, L50|\n|teampreview|4\n|inactive|Battle timer is ON: inactive players will automatically lose when time's up. (requested by Vikx_VGC)\n|inactive|Vikx_VGC has 60 seconds left.\n|\n|t:|1682599663\n|start\n|switch|p1a: Maushold|Maushold-Four, L50|100\/100\n|switch|p1b: Armarouge|Armarouge, L50, M|100\/100\n|switch|p2a: Gyarados|Gyarados, L50, M, shiny|100\/100\n|switch|p2b: Murkrow|Murkrow, L50, F, shiny|100\/100\n|-ability|p2a: Gyarados|Intimidate|boost\n|-unboost|p1a: Maushold|atk|1\n|-unboost|p1b: Armarouge|atk|1\n|turn|1\n|\n|t:|1682599684\n|-terastallize|p1b: Armarouge|Psychic\n|move|p2b: Murkrow|Tailwind|p2b: Murkrow\n|-sidestart|p2: Vikx_VGC|move: Tailwind\n|move|p1a: Maushold|U-turn|p1b: Armarouge\n|-supereffective|p1b: Armarouge\n|-damage|p1b: Armarouge|83\/100\n|-ability|p1b: Armarouge|Weak Armor|boost\n|-unboost|p1b: Armarouge|def|1\n|-boost|p1b: Armarouge|spe|2\n|-enditem|p1b: Armarouge|Weakness Policy\n|-boost|p1b: Armarouge|atk|2|[from] item: Weakness Policy\n|-boost|p1b: Armarouge|spa|2|[from] item: Weakness Policy\n|\n|t:|1682599690\n|switch|p1a: Indeedee|Indeedee-F, L50, F|100\/100|[from] U-turn\n|-fieldstart|move: Psychic Terrain|[from] ability: Psychic Surge|[of] p1a: Indeedee\n|move|p1b: Armarouge|Expanding Force|p2b: Murkrow|[spread] p2a\n|-immune|p2b: Murkrow\n|-damage|p2a: Gyarados|0 fnt\n|faint|p2a: Gyarados\n|\n|upkeep\n|\n|t:|1682599700\n|switch|p2a: Mimikyu|Mimikyu, L50, F, shiny|100\/100\n|turn|2\n|\n|t:|1682599709\n|move|p1b: Armarouge|Protect|p1b: Armarouge\n|-singleturn|p1b: Armarouge|Protect\n|move|p2b: Murkrow|Haze|p2b: Murkrow\n|-clearallboost\n|move|p2a: Mimikyu|Swords Dance|p2a: Mimikyu\n|-boost|p2a: Mimikyu|atk|2\n|move|p1a: Indeedee|Psych Up|p1b: Armarouge\n|-copyboost|p1a: Indeedee|p1b: Armarouge|[from] move: Psych Up\n|\n|upkeep\n|turn|3\n|inactiveoff|Battle timer is now OFF.\n|inactive|Battle timer is ON: inactive players will automatically lose when time's up. (requested by Nauticles)\n|inactive|Vikx_VGC has 30 seconds left.\n|inactiveoff|Battle timer is now OFF.\n|inactive|Battle timer is ON: inactive players will automatically lose when time's up. (requested by Nauticles)\n|inactive|Vikx_VGC has 30 seconds left.\n|inactive|Vikx_VGC has 20 seconds left.\n|inactive|Vikx_VGC has 15 seconds left.\n|inactive|Vikx_VGC has 10 seconds left.\n|inactive|Vikx_VGC has 5 seconds left.\n|\n|t:|1682599862\n|move|p2b: Murkrow|Haze|p2b: Murkrow\n|-clearallboost\n|move|p2a: Mimikyu|Play Rough|p1a: Indeedee|[miss]\n|-miss|p2a: Mimikyu|p1a: Indeedee\n|move|p1a: Indeedee|Dazzling Gleam|p2b: Murkrow|[spread] p2a,p2b\n|-supereffective|p2b: Murkrow\n|-activate|p2a: Mimikyu|ability: Disguise\n|-damage|p2a: Mimikyu|100\/100\n|-damage|p2b: Murkrow|72\/100\n|detailschange|p2a: Mimikyu|Mimikyu-Busted, L50, F, shiny\n|-damage|p2a: Mimikyu|88\/100|[from] pokemon: Mimikyu-Busted\n|move|p1b: Armarouge|Heat Wave|p2b: Murkrow|[spread] p2a,p2b\n|-damage|p2a: Mimikyu|43\/100\n|-damage|p2b: Murkrow|39\/100\n|\n|upkeep\n|turn|4\n|inactive|Vikx_VGC has 30 seconds left.\n|inactive|Vikx_VGC has 20 seconds left.\n|inactive|Vikx_VGC has 15 seconds left.\n|inactive|Vikx_VGC has 10 seconds left.\n|inactive|Vikx_VGC has 5 seconds left.\n|\n|t:|1682599917\n|move|p2b: Murkrow|Haze|p2b: Murkrow\n|-clearallboost\n|move|p2a: Mimikyu|Play Rough|p1a: Indeedee\n|-damage|p1a: Indeedee|35\/100\n|move|p1a: Indeedee|Dazzling Gleam|p2b: Murkrow|[spread] p2a,p2b\n|-supereffective|p2b: Murkrow\n|-damage|p2a: Mimikyu|24\/100\n|-damage|p2b: Murkrow|8\/100\n|move|p1b: Armarouge|Heat Wave|p2a: Mimikyu|[spread] p2b\n|-miss|p1b: Armarouge|p2a: Mimikyu\n|-damage|p2b: Murkrow|0 fnt\n|faint|p2b: Murkrow\n|\n|-sideend|p2: Vikx_VGC|move: Tailwind\n|upkeep\n|inactive|Vikx_VGC has 30 seconds left.\n|inactive|Vikx_VGC has 20 seconds left.\n|inactive|Vikx_VGC has 15 seconds left.\n|inactive|Vikx_VGC has 10 seconds left.\n|inactive|Vikx_VGC has 5 seconds left.\n|\n|t:|1682599972\n|switch|p2b: Flutter Mane|Flutter Mane, L50, shiny|100\/100\n|turn|5\n|inactive|Vikx_VGC has 30 seconds left.\n|inactive|Vikx_VGC has 20 seconds left.\n|inactive|Vikx_VGC has 15 seconds left.\n|inactive|Vikx_VGC has 10 seconds left.\n|inactive|Vikx_VGC has 5 seconds left.\n|\n|t:|1682600027\n|move|p1a: Indeedee|Follow Me|p1a: Indeedee\n|-singleturn|p1a: Indeedee|move: Follow Me\n|move|p2b: Flutter Mane|Dazzling Gleam|p1b: Armarouge|[spread] p1a,p1b\n|-damage|p1a: Indeedee|0 fnt\n|-damage|p1b: Armarouge|27\/100\n|faint|p1a: Indeedee\n|move|p1b: Armarouge|Expanding Force|p2a: Mimikyu|[spread] p2a,p2b\n|-damage|p2a: Mimikyu|0 fnt\n|-damage|p2b: Flutter Mane|12\/100\n|faint|p2a: Mimikyu\n|\n|upkeep\n|\n|t:|1682600035\n|switch|p1a: Maushold|Maushold-Four, L50|100\/100\n|turn|6\n|inactive|Vikx_VGC has 30 seconds left.\n|inactive|Vikx_VGC has 20 seconds left.\n|inactive|Vikx_VGC has 15 seconds left.\n|inactive|Vikx_VGC has 10 seconds left.\n|inactive|Vikx_VGC has 5 seconds left.\n|\n|t:|1682600094\n|move|p1a: Maushold|U-turn|p2b: Flutter Mane\n|-resisted|p2b: Flutter Mane\n|-damage|p2b: Flutter Mane|7\/100\n|\n|t:|1682600096\n|switch|p1a: Flamigo|Flamigo, L50, F|100\/100|[from] U-turn\n|-copyboost|p1a: Flamigo|p1b: Armarouge|[from] ability: Costar\n|-enditem|p1a: Flamigo|Psychic Seed\n|-boost|p1a: Flamigo|spd|1|[from] item: Psychic Seed\n|move|p2b: Flutter Mane|Dazzling Gleam|p1a: Flamigo|[spread] p1a,p1b\n|-supereffective|p1a: Flamigo\n|-crit|p1b: Armarouge\n|-damage|p1a: Flamigo|5\/100\n|-damage|p1b: Armarouge|0 fnt\n|faint|p1b: Armarouge\n|\n|upkeep\n|\n|t:|1682600098\n|switch|p1b: Maushold|Maushold-Four, L50|100\/100\n|turn|7\n|inactive|Vikx_VGC has 30 seconds left.\n|inactive|Vikx_VGC has 20 seconds left.\n|inactive|Vikx_VGC has 15 seconds left.\n|inactive|Vikx_VGC has 10 seconds left.\n|inactive|Vikx_VGC has 5 seconds left.\n|\n|t:|1682600153\n|move|p1b: Maushold|U-turn|p2b: Flutter Mane\n|-resisted|p2b: Flutter Mane\n|-damage|p2b: Flutter Mane|1\/100\n|move|p2b: Flutter Mane|Dazzling Gleam|p1b: Maushold|[spread] p1a,p1b\n|-supereffective|p1a: Flamigo\n|-damage|p1a: Flamigo|0 fnt\n|-damage|p1b: Maushold|42\/100\n|faint|p1a: Flamigo\n|\n|upkeep\n|turn|8\n|inactive|Vikx_VGC has 30 seconds left this turn.\n|inactive|Vikx_VGC has 20 seconds left.\n|inactive|Vikx_VGC has 15 seconds left.\n|inactive|Vikx_VGC has 10 seconds left.\n|inactive|Vikx_VGC has 5 seconds left.\n|-message|Vikx_VGC lost due to inactivity.\n|\n|win|Nauticles\n|raw|Nauticles's rating: 1089 → 1113<\/strong> (+24 for winning)\n|raw|Vikx_VGC's rating: 1050 → 1034<\/strong> (-16 for losing)\n","uploadtime":1682600187,"views":11,"p1id":"nauticles","p2id":"vikxvgc","formatid":"gen9vgc2023regulationc","rating":1034,"private":0,"password":""}