{"id":"gen9vgc2023regulationc-1851262490","p1":"icedragonkid105","p2":"Morton cologne","format":"[Gen 9] VGC 2023 Regulation C","log":"|j|\u2606icedragonkid105\n|j|\u2606Morton cologne\n|t:|1682430632\n|gametype|doubles\n|player|p1|icedragonkid105|101|1219\n|player|p2|Morton cologne|pokemonrangerf|1231\n|teamsize|p1|6\n|teamsize|p2|6\n|gen|9\n|tier|[Gen 9] VGC 2023 Regulation C\n|rated|\n|rule|Species Clause: Limit one of each Pok\u00e9mon\n|rule|Item Clause: Limit one of each item\n|clearpoke\n|poke|p1|Baxcalibur, L50, M|\n|poke|p1|Flutter Mane, L50|\n|poke|p1|Chi-Yu, L50|\n|poke|p1|Gastrodon-East, L50, F|\n|poke|p1|Iron Bundle, L50|\n|poke|p1|Arcanine, L50, M|\n|poke|p2|Scizor, L50, F|\n|poke|p2|Garchomp, L50, M|\n|poke|p2|Rotom-Fan, L50|\n|poke|p2|Iron Bundle, L50|\n|poke|p2|Annihilape, L50, F|\n|poke|p2|Murkrow, L50, F|\n|teampreview|4\n|l|\u2606Morton cologne\n|player|p2|\n|inactive|Battle timer is ON: inactive players will automatically lose when time's up. (requested by icedragonkid105)\n|j|\u2606Morton cologne\n|inactive|Morton cologne reconnected and has 90 seconds left.\n|player|p2|Morton cologne|pokemonrangerf\n|inactive|Morton cologne has 60 seconds left.\n|\n|t:|1682430712\n|start\n|switch|p1a: Wreckingball|Chi-Yu, L50|100\/100\n|switch|p1b: Rouge|Flutter Mane, L50, shiny|100\/100\n|switch|p2a: Annihilape|Annihilape, L50, F|100\/100\n|switch|p2b: Garchomp|Garchomp, L50, M|100\/100\n|-ability|p1a: Wreckingball|Beads of Ruin\n|-enditem|p1b: Rouge|Booster Energy\n|-activate|p1b: Rouge|ability: Protosynthesis|[fromitem]\n|-start|p1b: Rouge|protosynthesisspe\n|turn|1\n|\n|t:|1682430730\n|-terastallize|p2a: Annihilape|Fire\n|move|p2b: Garchomp|Protect|p2b: Garchomp\n|-singleturn|p2b: Garchomp|Protect\n|move|p1b: Rouge|Dazzling Gleam|p2a: Annihilape|[spread] p2a\n|-activate|p2b: Garchomp|move: Protect\n|-resisted|p2a: Annihilape\n|-damage|p2a: Annihilape|82\/100\n|move|p1a: Wreckingball|Heat Wave|p2a: Annihilape|[spread] p2a\n|-activate|p2b: Garchomp|move: Protect\n|-resisted|p2a: Annihilape\n|-damage|p2a: Annihilape|61\/100\n|move|p2a: Annihilape|Rage Fist|p1b: Rouge\n|-supereffective|p1b: Rouge\n|-damage|p1b: Rouge|0 fnt\n|faint|p1b: Rouge\n|-end|p1b: Rouge|Protosynthesis|[silent]\n|\n|upkeep\n|\n|t:|1682430749\n|switch|p1b: Glitch|Iron Bundle, L50|100\/100\n|turn|2\n|\n|t:|1682430765\n|move|p2a: Annihilape|Protect|p2a: Annihilape\n|-singleturn|p2a: Annihilape|Protect\n|move|p1a: Wreckingball|Heat Wave|p2a: Annihilape|[spread] p2b\n|-activate|p2a: Annihilape|move: Protect\n|-resisted|p2b: Garchomp\n|-damage|p2b: Garchomp|70\/100\n|move|p1b: Glitch|Encore|p2b: Garchomp\n|-start|p2b: Garchomp|Encore\n|move|p2b: Garchomp|Protect||[still]\n|-fail|p2b: Garchomp\n|\n|upkeep\n|turn|3\n|\n|t:|1682430787\n|switch|p2b: Scizor|Scizor, L50, F|100\/100\n|move|p1a: Wreckingball|Heat Wave|p2a: Annihilape|[spread] p2a,p2b\n|-resisted|p2a: Annihilape\n|-supereffective|p2b: Scizor\n|-damage|p2a: Annihilape|39\/100\n|-damage|p2b: Scizor|0 fnt\n|faint|p2b: Scizor\n|move|p1b: Glitch|Encore|p2a: Annihilape\n|-start|p2a: Annihilape|Encore\n|move|p2a: Annihilape|Protect||[still]\n|-fail|p2a: Annihilape\n|\n|upkeep\n|\n|t:|1682430799\n|switch|p2b: Garchomp|Garchomp, L50, M|70\/100\n|turn|4\n|\n|t:|1682430806\n|move|p2a: Annihilape|Protect|p2a: Annihilape\n|-singleturn|p2a: Annihilape|Protect\n|move|p1a: Wreckingball|Heat Wave|p2a: Annihilape|[spread] p2b\n|-activate|p2a: Annihilape|move: Protect\n|-resisted|p2b: Garchomp\n|-damage|p2b: Garchomp|40\/100\n|move|p1b: Glitch|Freeze-Dry|p2b: Garchomp\n|-supereffective|p2b: Garchomp\n|-damage|p2b: Garchomp|0 fnt\n|faint|p2b: Garchomp\n|\n|upkeep\n|\n|t:|1682430814\n|switch|p2b: Rotom|Rotom-Fan, L50|100\/100\n|turn|5\n|-message|Morton cologne forfeited.\n|\n|win|icedragonkid105\n|raw|icedragonkid105's rating: 1219 → 1245<\/strong> (+26 for winning)\n|raw|Morton cologne's rating: 1231 → 1205<\/strong> (-26 for losing)\n|l|\u2606Morton cologne\n","uploadtime":1682430825,"views":12,"p1id":"icedragonkid105","p2id":"mortoncologne","formatid":"gen9vgc2023regulationc","rating":1205,"private":0,"password":""}