{"id":"gen9vgc2023regulationc-1845842360","p1":"Slowjow","p2":"Keveloper","format":"[Gen 9] VGC 2023 Regulation C","log":"|j|\u2606Slowjow\n|j|\u2606Keveloper\n|t:|1681770317\n|gametype|doubles\n|player|p1|Slowjow|169|1252\n|player|p2|Keveloper|ash|1342\n|teamsize|p1|6\n|teamsize|p2|6\n|gen|9\n|tier|[Gen 9] VGC 2023 Regulation C\n|rated|\n|rule|Species Clause: Limit one of each Pok\u00e9mon\n|rule|Item Clause: Limit one of each item\n|clearpoke\n|poke|p1|Chien-Pao, L50|\n|poke|p1|Palafin, L50, M|\n|poke|p1|Tsareena, L50, F|\n|poke|p1|Amoonguss, L50, F|\n|poke|p1|Kingambit, L50, F|\n|poke|p1|Volcarona, L50, F|\n|poke|p2|Orthworm, L50, M|\n|poke|p2|Dragonite, L50, F|\n|poke|p2|Ting-Lu, L50|\n|poke|p2|Gyarados, L50, M|\n|poke|p2|Flutter Mane, L50|\n|poke|p2|Chien-Pao, L50|\n|teampreview|4\n|\n|t:|1681770358\n|start\n|switch|p1a: Palafin|Palafin, L50, M|100\/100\n|switch|p1b: Volcarona|Volcarona, L50, F|100\/100\n|switch|p2a: Orthworm|Orthworm, L50, M|100\/100\n|switch|p2b: Ting-Lu|Ting-Lu, L50|100\/100\n|-ability|p2b: Ting-Lu|Vessel of Ruin\n|turn|1\n|\n|t:|1681770399\n|move|p1a: Palafin|Taunt|p2a: Orthworm\n|-start|p2a: Orthworm|move: Taunt\n|move|p1b: Volcarona|Quiver Dance|p1b: Volcarona\n|-boost|p1b: Volcarona|spa|1\n|-boost|p1b: Volcarona|spd|1\n|-boost|p1b: Volcarona|spe|1\n|move|p2b: Ting-Lu|Rock Slide|p1a: Palafin|[spread] p1a,p1b\n|-supereffective|p1b: Volcarona\n|-damage|p1a: Palafin|64\/100\n|-damage|p1b: Volcarona|0 fnt\n|faint|p1b: Volcarona\n|cant|p2a: Orthworm|move: Taunt|Iron Defense\n|\n|upkeep\n|\n|t:|1681770417\n|switch|p1b: Chien-Pao|Chien-Pao, L50|100\/100\n|-ability|p1b: Chien-Pao|Sword of Ruin\n|turn|2\n|\n|t:|1681770431\n|switch|p2b: Gyarados|Gyarados, L50, M|100\/100\n|-ability|p2b: Gyarados|Intimidate|boost\n|-fail|p1a: Palafin|unboost|[from] item: Clear Amulet|[of] p1a: Palafin\n|-unboost|p1b: Chien-Pao|atk|1\n|-terastallize|p1a: Palafin|Water\n|move|p1b: Chien-Pao|Ice Spinner|p2b: Gyarados\n|-damage|p2b: Gyarados|63\/100\n|move|p1a: Palafin|Wave Crash|p2b: Gyarados\n|-resisted|p2b: Gyarados\n|-damage|p2b: Gyarados|25\/100\n|-damage|p1a: Palafin|50\/100|[from] Recoil\n|move|p2a: Orthworm|Body Press|p1b: Chien-Pao\n|-supereffective|p1b: Chien-Pao\n|-enditem|p1b: Chien-Pao|Focus Sash\n|-damage|p1b: Chien-Pao|1\/100\n|\n|upkeep\n|turn|3\n|\n|t:|1681770458\n|detailschange|p1a: Palafin|Palafin-Hero, L50, M, tera:Water\n|switch|p1a: Tsareena|Tsareena, L50, F|100\/100\n|move|p1b: Chien-Pao|Protect|p1b: Chien-Pao\n|-singleturn|p1b: Chien-Pao|Protect\n|move|p2b: Gyarados|Bulldoze|p1b: Chien-Pao|[spread] p1a\n|-activate|p1b: Chien-Pao|move: Protect\n|-immune|p2a: Orthworm|[from] ability: Earth Eater\n|-resisted|p1a: Tsareena\n|-damage|p1a: Tsareena|92\/100\n|-unboost|p1a: Tsareena|spe|1\n|move|p2a: Orthworm|Body Press|p1a: Tsareena\n|-damage|p1a: Tsareena|56\/100\n|\n|-end|p2a: Orthworm|move: Taunt\n|upkeep\n|turn|4\n|\n|t:|1681770483\n|move|p1b: Chien-Pao|Ice Spinner|p2b: Gyarados\n|-damage|p2b: Gyarados|0 fnt\n|faint|p2b: Gyarados\n|move|p2a: Orthworm|Iron Defense|p2a: Orthworm\n|-boost|p2a: Orthworm|def|2\n|move|p1a: Tsareena|Low Kick|p2a: Orthworm\n|-supereffective|p2a: Orthworm\n|-damage|p2a: Orthworm|66\/100\n|\n|upkeep\n|\n|t:|1681770496\n|switch|p2b: Dragonite|Dragonite, L50, F|100\/100\n|turn|5\n|\n|t:|1681770527\n|-terastallize|p2b: Dragonite|Flying\n|move|p1b: Chien-Pao|Protect|p1b: Chien-Pao\n|-singleturn|p1b: Chien-Pao|Protect\n|move|p2b: Dragonite|Earthquake|p1a: Tsareena|[spread] p1a\n|-activate|p1b: Chien-Pao|move: Protect\n|-heal|p2a: Orthworm|91\/100|[from] ability: Earth Eater|[of] p2b: Dragonite\n|-resisted|p1a: Tsareena\n|-damage|p1a: Tsareena|40\/100\n|move|p2a: Orthworm|Body Press|p1b: Chien-Pao\n|-activate|p1b: Chien-Pao|move: Protect\n|move|p1a: Tsareena|U-turn|p2b: Dragonite\n|-resisted|p2b: Dragonite\n|-damage|p2b: Dragonite|93\/100\n|\n|t:|1681770543\n|switch|p1a: Palafin|Palafin-Hero, L50, M, tera:Water|50\/100|[from] U-turn\n|-activate|p1a: Palafin|ability: Zero to Hero\n|\n|upkeep\n|turn|6\n|\n|t:|1681770583\n|move|p2b: Dragonite|Extreme Speed|p1b: Chien-Pao\n|-damage|p1b: Chien-Pao|0 fnt\n|faint|p1b: Chien-Pao\n|move|p1a: Palafin|Wave Crash|p2a: Orthworm\n|-damage|p2a: Orthworm|59\/100\n|-damage|p1a: Palafin|40\/100|[from] Recoil\n|move|p2a: Orthworm|Body Press|p1a: Palafin\n|-damage|p1a: Palafin|0 fnt\n|faint|p1a: Palafin\n|\n|upkeep\n|-message|Slowjow forfeited.\n|\n|win|Keveloper\n|raw|Slowjow's rating: 1252 → 1233<\/strong> (-19 for losing)\n|raw|Keveloper's rating: 1342 → 1357<\/strong> (+15 for winning)\n|l|\u2606Slowjow\n","uploadtime":1681770594,"views":8,"p1id":"slowjow","p2id":"keveloper","formatid":"gen9vgc2023regulationc","rating":1233,"private":0,"password":""}