{"id":"gen9vgc2023regulationc-1859309452","p1":"Patagonia Fleece","p2":"jaymac11","format":"[Gen 9] VGC 2023 Regulation C","log":"|j|\u2606Patagonia Fleece\n|j|\u2606jaymac11\n|t:|1683432269\n|gametype|doubles\n|player|p1|Patagonia Fleece|wattson|1265\n|player|p2|jaymac11|lucas|1328\n|teamsize|p1|6\n|teamsize|p2|6\n|gen|9\n|tier|[Gen 9] VGC 2023 Regulation C\n|rated|\n|rule|Species Clause: Limit one of each Pok\u00e9mon\n|rule|Item Clause: Limit one of each item\n|clearpoke\n|poke|p1|Murkrow, L50, M|\n|poke|p1|Chi-Yu, L50|\n|poke|p1|Flutter Mane, L50|\n|poke|p1|Great Tusk, L50|\n|poke|p1|Brute Bonnet, L50|\n|poke|p1|Corviknight, L50, F|\n|poke|p2|Murkrow, L50, F|\n|poke|p2|Garchomp, L50, F|\n|poke|p2|Maushold, L50|\n|poke|p2|Gholdengo, L50|\n|poke|p2|Glimmora, L50, F|\n|poke|p2|Annihilape, L50, M|\n|teampreview|4\n|\n|t:|1683432294\n|start\n|switch|p1a: Murkrow|Murkrow, L50, M, shiny|100\/100\n|switch|p1b: Corviknight|Corviknight, L50, F|100\/100\n|switch|p2a: Murkrow|Murkrow, L50, F|100\/100\n|switch|p2b: Glimmora|Glimmora, L50, F|100\/100\n|turn|1\n|inactive|Battle timer is ON: inactive players will automatically lose when time's up. (requested by jaymac11)\n|\n|t:|1683432312\n|move|p2a: Murkrow|Tailwind|p2a: Murkrow\n|-sidestart|p2: jaymac11|move: Tailwind\n|move|p1a: Murkrow|Tailwind|p1a: Murkrow\n|-sidestart|p1: Patagonia Fleece|move: Tailwind\n|move|p2b: Glimmora|Power Gem|p1b: Corviknight\n|-damage|p1b: Corviknight|54\/100\n|move|p1b: Corviknight|Iron Head|p2b: Glimmora\n|-supereffective|p2b: Glimmora\n|-damage|p2b: Glimmora|0 fnt\n|-activate|p2b: Glimmora|ability: Toxic Debris\n|-sidestart|p1: Patagonia Fleece|move: Toxic Spikes\n|faint|p2b: Glimmora\n|\n|upkeep\n|\n|t:|1683432326\n|switch|p2b: Annihilape|Annihilape, L50, M|100\/100\n|turn|2\n|\n|t:|1683432348\n|-terastallize|p2b: Annihilape|Fire\n|move|p2a: Murkrow|Brave Bird|p1a: Murkrow\n|-damage|p1a: Murkrow|53\/100\n|-damage|p2a: Murkrow|81\/100|[from] Recoil\n|move|p2b: Annihilape|Drain Punch|p1b: Corviknight\n|-crit|p1b: Corviknight\n|-damage|p1b: Corviknight|6\/100\n|move|p1a: Murkrow|Foul Play|p2a: Murkrow\n|-resisted|p2a: Murkrow\n|-crit|p2a: Murkrow\n|-damage|p2a: Murkrow|37\/100\n|move|p1b: Corviknight|Iron Head|p2a: Murkrow\n|-damage|p2a: Murkrow|0 fnt\n|faint|p2a: Murkrow\n|\n|upkeep\n|\n|t:|1683432365\n|switch|p2a: Gholdengo|Gholdengo, L50|100\/100\n|turn|3\n|inactive|jaymac11 has 30 seconds left.\n|\n|t:|1683432397\n|move|p2b: Annihilape|Protect|p2b: Annihilape\n|-singleturn|p2b: Annihilape|Protect\n|move|p2a: Gholdengo|Trick|p1b: Corviknight\n|-activate|p2a: Gholdengo|move: Trick|[of] p1b: Corviknight\n|-item|p1b: Corviknight|Choice Scarf|[from] move: Trick\n|-item|p2a: Gholdengo|Choice Band|[from] move: Trick\n|move|p1b: Corviknight|Iron Head|p2b: Annihilape\n|-activate|p2b: Annihilape|move: Protect\n|move|p1a: Murkrow|Foul Play|p2a: Gholdengo\n|-supereffective|p2a: Gholdengo\n|-damage|p2a: Gholdengo|63\/100\n|\n|upkeep\n|turn|4\n|\n|t:|1683432420\n|move|p1b: Corviknight|Iron Head|p2a: Gholdengo\n|-resisted|p2a: Gholdengo\n|-damage|p2a: Gholdengo|43\/100\n|cant|p2a: Gholdengo|flinch\n|move|p2b: Annihilape|Drain Punch|p1b: Corviknight\n|-damage|p1b: Corviknight|0 fnt\n|faint|p1b: Corviknight\n|move|p1a: Murkrow|Foul Play|p2a: Gholdengo\n|-supereffective|p2a: Gholdengo\n|-damage|p2a: Gholdengo|9\/100\n|\n|-sideend|p2: jaymac11|move: Tailwind\n|-sideend|p1: Patagonia Fleece|move: Tailwind\n|upkeep\n|\n|t:|1683432433\n|switch|p1b: Great Tusk|Great Tusk, L50|100\/100\n|-status|p1b: Great Tusk|psn\n|turn|5\n|\n|t:|1683432451\n|move|p1a: Murkrow|Tailwind|p1a: Murkrow\n|-sidestart|p1: Patagonia Fleece|move: Tailwind\n|move|p1b: Great Tusk|Earthquake|p2b: Annihilape|[spread] p2a,p2b\n|-immune|p1a: Murkrow\n|-supereffective|p2a: Gholdengo\n|-supereffective|p2b: Annihilape\n|-damage|p2a: Gholdengo|0 fnt\n|-damage|p2b: Annihilape|15\/100\n|faint|p2a: Gholdengo\n|move|p2b: Annihilape|Bulk Up|p2b: Annihilape\n|-boost|p2b: Annihilape|atk|1\n|-boost|p2b: Annihilape|def|1\n|\n|-heal|p2b: Annihilape|21\/100|[from] item: Leftovers\n|-damage|p1b: Great Tusk|88\/100 psn|[from] psn\n|upkeep\n|turn|6\n|c|\u2606jaymac11|Luck\n|c|\u2606jaymac11|Ypu aint good dude\n|-message|jaymac11 forfeited.\n|\n|win|Patagonia Fleece\n|raw|Patagonia Fleece's rating: 1265 → 1294<\/strong> (+29 for winning)\n|raw|jaymac11's rating: 1328 → 1304<\/strong> (-24 for losing)\n|c|\u2606Patagonia Fleece|lol\n|l|\u2606jaymac11\n|c|\u2606Patagonia Fleece|lolol\n","uploadtime":1683432521,"views":13,"p1id":"patagoniafleece","p2id":"jaymac11","formatid":"gen9vgc2023regulationc","rating":1294,"private":0,"password":""}