{"id":"gen9vgc2023regulationc-1857045737","p1":"zarderino","p2":"nororivgc","format":"[Gen 9] VGC 2023 Regulation C","log":"|j|\u2606zarderino\n|j|\u2606nororivgc\n|t:|1683140339\n|gametype|doubles\n|player|p1|zarderino|steven|1493\n|player|p2|nororivgc|giovanni|1475\n|teamsize|p1|6\n|teamsize|p2|6\n|gen|9\n|tier|[Gen 9] VGC 2023 Regulation C\n|rated|\n|rule|Species Clause: Limit one of each Pok\u00e9mon\n|rule|Item Clause: Limit one of each item\n|clearpoke\n|poke|p1|Ting-Lu, L50|\n|poke|p1|Annihilape, L50, M|\n|poke|p1|Corviknight, L50, M|\n|poke|p1|Iron Moth, L50|\n|poke|p1|Grimmsnarl, L50, M|\n|poke|p1|Gholdengo, L50|\n|poke|p2|Amoonguss, L50, F|\n|poke|p2|Flutter Mane, L50|\n|poke|p2|Kingambit, L50, M|\n|poke|p2|Dragonite, L50, M|\n|poke|p2|Chien-Pao, L50|\n|poke|p2|Chi-Yu, L50|\n|teampreview|4\n|inactive|Battle timer is ON: inactive players will automatically lose when time's up. (requested by nororivgc)\n|inactive|nororivgc has 60 seconds left.\n|\n|t:|1683140372\n|start\n|switch|p1a: Annihilape|Annihilape, L50, M|100\/100\n|switch|p1b: Grimmsnarl|Grimmsnarl, L50, M|100\/100\n|switch|p2a: Dragonite|Dragonite, L50, M|100\/100\n|switch|p2b: Chien-Pao|Chien-Pao, L50|100\/100\n|-ability|p2b: Chien-Pao|Sword of Ruin\n|turn|1\n|inactive|zarderino has 30 seconds left.\n|inactive|nororivgc has 30 seconds left.\n|\n|t:|1683140410\n|-terastallize|p1a: Annihilape|Fire\n|-terastallize|p2a: Dragonite|Flying\n|move|p1b: Grimmsnarl|Reflect|p1b: Grimmsnarl\n|-sidestart|p1: zarderino|Reflect\n|move|p2b: Chien-Pao|Ice Spinner|p1b: Grimmsnarl\n|-damage|p1b: Grimmsnarl|67\/100\n|move|p1a: Annihilape|Rage Fist|p2a: Dragonite\n|-damage|p2a: Dragonite|86\/100\n|move|p2a: Dragonite|Tera Blast|p1a: Annihilape\n|-damage|p1a: Annihilape|14\/100\n|-enditem|p1a: Annihilape|Sitrus Berry|[eat]\n|-heal|p1a: Annihilape|39\/100|[from] item: Sitrus Berry\n|\n|upkeep\n|turn|2\n|\n|t:|1683140430\n|move|p1a: Annihilape|Protect|p1a: Annihilape\n|-singleturn|p1a: Annihilape|Protect\n|move|p2b: Chien-Pao|Sucker Punch||[still]\n|-fail|p2b: Chien-Pao\n|move|p2a: Dragonite|Tera Blast|p1b: Grimmsnarl\n|-damage|p1b: Grimmsnarl|0 fnt\n|faint|p1b: Grimmsnarl\n|\n|upkeep\n|\n|t:|1683140443\n|switch|p1b: Iron Moth|Iron Moth, L50|100\/100\n|-enditem|p1b: Iron Moth|Booster Energy\n|-activate|p1b: Iron Moth|ability: Quark Drive|[fromitem]\n|-start|p1b: Iron Moth|quarkdrivespa\n|turn|3\n|\n|t:|1683140467\n|move|p1b: Iron Moth|Protect|p1b: Iron Moth\n|-singleturn|p1b: Iron Moth|Protect\n|move|p2b: Chien-Pao|Sucker Punch||[still]\n|-fail|p2b: Chien-Pao\n|move|p1a: Annihilape|Drain Punch|p2b: Chien-Pao\n|-supereffective|p2b: Chien-Pao\n|-enditem|p2b: Chien-Pao|Focus Sash\n|-damage|p2b: Chien-Pao|1\/100\n|-heal|p1a: Annihilape|76\/100|[from] drain|[of] p2b: Chien-Pao\n|move|p2a: Dragonite|Tera Blast|p1b: Iron Moth\n|-activate|p1b: Iron Moth|move: Protect\n|\n|upkeep\n|turn|4\n|\n|t:|1683140490\n|switch|p1a: Corviknight|Corviknight, L50, M|100\/100\n|move|p2b: Chien-Pao|Sucker Punch|p1b: Iron Moth\n|-damage|p1b: Iron Moth|50\/100\n|move|p1b: Iron Moth|Sludge Wave|p2a: Dragonite|[spread] p2a,p2b\n|-immune|p1a: Corviknight\n|-damage|p2a: Dragonite|37\/100\n|-damage|p2b: Chien-Pao|0 fnt\n|faint|p2b: Chien-Pao\n|move|p2a: Dragonite|Tera Blast|p1b: Iron Moth\n|-damage|p1b: Iron Moth|0 fnt\n|faint|p1b: Iron Moth\n|-end|p1b: Iron Moth|Quark Drive|[silent]\n|\n|upkeep\n|\n|t:|1683140509\n|switch|p2b: Flutter Mane|Flutter Mane, L50|100\/100\n|switch|p1b: Annihilape|Annihilape, L50, M, tera:Fire|76\/100\n|-enditem|p2b: Flutter Mane|Booster Energy\n|-activate|p2b: Flutter Mane|ability: Protosynthesis|[fromitem]\n|-start|p2b: Flutter Mane|protosynthesisspa\n|turn|5\n|\n|t:|1683140526\n|move|p2b: Flutter Mane|Protect|p2b: Flutter Mane\n|-singleturn|p2b: Flutter Mane|Protect\n|move|p1b: Annihilape|Rage Fist|p2a: Dragonite\n|-damage|p2a: Dragonite|0 fnt\n|faint|p2a: Dragonite\n|move|p1a: Corviknight|Iron Head|p2b: Flutter Mane\n|-activate|p2b: Flutter Mane|move: Protect\n|\n|upkeep\n|\n|t:|1683140534\n|switch|p2a: Chi-Yu|Chi-Yu, L50|100\/100\n|-ability|p2a: Chi-Yu|Beads of Ruin\n|turn|6\n|\n|t:|1683140548\n|move|p2b: Flutter Mane|Shadow Ball|p1b: Annihilape\n|-damage|p1b: Annihilape|9\/100\n|move|p2a: Chi-Yu|Heat Wave|p1b: Annihilape|[spread] p1a,p1b\n|-supereffective|p1a: Corviknight\n|-resisted|p1b: Annihilape\n|-damage|p1a: Corviknight|10\/100\n|-damage|p1b: Annihilape|0 fnt\n|faint|p1b: Annihilape\n|move|p1a: Corviknight|Tailwind|p1a: Corviknight\n|-sidestart|p1: zarderino|move: Tailwind\n|\n|upkeep\n|turn|7\n|\n|t:|1683140562\n|move|p1a: Corviknight|Iron Head|p2b: Flutter Mane\n|-supereffective|p2b: Flutter Mane\n|-damage|p2b: Flutter Mane|0 fnt\n|faint|p2b: Flutter Mane\n|-end|p2b: Flutter Mane|Protosynthesis|[silent]\n|move|p2a: Chi-Yu|Dark Pulse|p1a: Corviknight\n|-damage|p1a: Corviknight|0 fnt\n|faint|p1a: Corviknight\n|\n|win|nororivgc\n|raw|zarderino's rating: 1493 → 1472<\/strong> (-21 for losing)\n|raw|nororivgc's rating: 1475 → 1496<\/strong> (+21 for winning)\n","uploadtime":1683140570,"views":13,"p1id":"zarderino","p2id":"nororivgc","formatid":"gen9vgc2023regulationc","rating":1472,"private":0,"password":""}