{"id":"gen9vgc2023regulationc-1854079653","p1":"Ricardo Randorez","p2":"ShadowRose_RQ","format":"[Gen 9] VGC 2023 Regulation C","log":"|j|\u2606Ricardo Randorez\n|j|\u2606ShadowRose_RQ\n|t:|1682765518\n|gametype|doubles\n|player|p1|Ricardo Randorez|170|1094\n|player|p2|ShadowRose_RQ|2|1163\n|teamsize|p1|6\n|teamsize|p2|6\n|gen|9\n|tier|[Gen 9] VGC 2023 Regulation C\n|rated|\n|rule|Species Clause: Limit one of each Pok\u00e9mon\n|rule|Item Clause: Limit one of each item\n|clearpoke\n|poke|p1|Lycanroc-Midnight, L50, F|\n|poke|p1|Medicham, L50, M|\n|poke|p1|Dondozo, L50, M|\n|poke|p1|Tatsugiri-Stretchy, L50, F|\n|poke|p1|Mimikyu, L50, F|\n|poke|p1|Ting-Lu, L50|\n|poke|p2|Amoonguss, L50, M|\n|poke|p2|Annihilape, L50, M|\n|poke|p2|Ting-Lu, L50|\n|poke|p2|Skeledirge, L50, F|\n|poke|p2|Dondozo, L50, F|\n|poke|p2|Tatsugiri, L50, M|\n|teampreview|4\n|\n|t:|1682765573\n|start\n|switch|p1a: Medicham|Medicham, L50, M|100\/100\n|switch|p1b: Lycanroc|Lycanroc-Midnight, L50, F|100\/100\n|switch|p2a: Amoonguss|Amoonguss, L50, M|100\/100\n|switch|p2b: Ting-Lu|Ting-Lu, L50|100\/100\n|-ability|p2b: Ting-Lu|Vessel of Ruin\n|turn|1\n|inactive|Battle timer is ON: inactive players will automatically lose when time's up. (requested by Ricardo Randorez)\n|inactive|Ricardo Randorez has 60 seconds left.\n|\n|t:|1682765613\n|move|p1a: Medicham|Fake Out|p2a: Amoonguss\n|-damage|p2a: Amoonguss|81\/100\n|cant|p2a: Amoonguss|flinch\n|move|p1b: Lycanroc|Rock Slide|p2b: Ting-Lu|[spread] p2a,p2b\n|-resisted|p2b: Ting-Lu\n|-damage|p2a: Amoonguss|48\/100\n|-damage|p2b: Ting-Lu|94\/100\n|move|p2b: Ting-Lu|Fissure|p1a: Medicham|[miss]\n|-miss|p2b: Ting-Lu|p1a: Medicham\n|\n|upkeep\n|turn|2\n|\n|t:|1682765634\n|move|p2a: Amoonguss|Protect|p2a: Amoonguss\n|-singleturn|p2a: Amoonguss|Protect\n|move|p1a: Medicham|Close Combat|p2a: Amoonguss\n|-activate|p2a: Amoonguss|move: Protect\n|move|p1b: Lycanroc|Stone Edge|p2a: Amoonguss\n|-activate|p2a: Amoonguss|move: Protect\n|move|p2b: Ting-Lu|Stomping Tantrum|p1b: Lycanroc\n|-supereffective|p1b: Lycanroc\n|-damage|p1b: Lycanroc|0 fnt\n|faint|p1b: Lycanroc\n|\n|upkeep\n|\n|t:|1682765638\n|switch|p1b: Dondozo|Dondozo, L50, M|100\/100\n|turn|3\n|inactive|ShadowRose_RQ has 30 seconds left.\n|\n|t:|1682765669\n|move|p1a: Medicham|Skill Swap|p1b: Dondozo\n|-activate|p1a: Medicham|move: Skill Swap|||[of] p1b: Dondozo\n|move|p1b: Dondozo|Substitute|p1b: Dondozo\n|-start|p1b: Dondozo|Substitute\n|-damage|p1b: Dondozo|76\/100\n|move|p2b: Ting-Lu|Fissure|p1a: Medicham|[miss]\n|-miss|p2b: Ting-Lu|p1a: Medicham\n|move|p2a: Amoonguss|Spore||[still]\n|-fail|p2a: Amoonguss\n|\n|-heal|p1b: Dondozo|82\/100|[from] item: Leftovers\n|upkeep\n|turn|4\n|\n|t:|1682765689\n|switch|p1a: Tatsugiri|Tatsugiri-Stretchy, L50, F|100\/100\n|-activate|p1a: Tatsugiri|ability: Commander|[of] p1b: Dondozo\n|-boost|p1b: Dondozo|atk|2\n|-boost|p1b: Dondozo|spa|2\n|-boost|p1b: Dondozo|spe|2\n|-boost|p1b: Dondozo|def|2\n|-boost|p1b: Dondozo|spd|2\n|move|p2a: Amoonguss|Protect|p2a: Amoonguss\n|-singleturn|p2a: Amoonguss|Protect\n|move|p1b: Dondozo|Wave Crash|p2b: Ting-Lu\n|-supereffective|p2b: Ting-Lu\n|-crit|p2b: Ting-Lu\n|-damage|p2b: Ting-Lu|0 fnt\n|faint|p2b: Ting-Lu\n|-damage|p1b: Dondozo|48\/100|[from] Recoil\n|\n|-heal|p1b: Dondozo|54\/100|[from] item: Leftovers\n|upkeep\n|inactive|ShadowRose_RQ has 30 seconds left.\n|\n|t:|1682765720\n|switch|p2b: Tatsugiri|Tatsugiri, L50, M|100\/100\n|turn|5\n|\n|t:|1682765730\n|move|p1b: Dondozo|Protect|p1b: Dondozo\n|-singleturn|p1b: Dondozo|Protect\n|move|p2a: Amoonguss|Rage Powder|p2a: Amoonguss\n|-singleturn|p2a: Amoonguss|move: Rage Powder\n|move|p2b: Tatsugiri|Chilling Water|p1b: Dondozo\n|-activate|p1b: Dondozo|move: Protect\n|\n|-heal|p1b: Dondozo|61\/100|[from] item: Leftovers\n|upkeep\n|turn|6\n|\n|t:|1682765743\n|move|p2a: Amoonguss|Rage Powder|p2a: Amoonguss\n|-singleturn|p2a: Amoonguss|move: Rage Powder\n|move|p1b: Dondozo|Wave Crash|p2a: Amoonguss\n|-resisted|p2a: Amoonguss\n|-damage|p2a: Amoonguss|0 fnt\n|faint|p2a: Amoonguss\n|-damage|p1b: Dondozo|47\/100|[from] Recoil\n|move|p2b: Tatsugiri|Chilling Water|p1b: Dondozo\n|-resisted|p1b: Dondozo\n|-activate|p1b: Dondozo|move: Substitute|[damage]\n|\n|-heal|p1b: Dondozo|53\/100|[from] item: Leftovers\n|upkeep\n|\n|t:|1682765756\n|switch|p2a: Dondozo|Dondozo, L50, F|100\/100\n|-activate|p2b: Tatsugiri|ability: Commander|[of] p2a: Dondozo\n|-boost|p2a: Dondozo|atk|2\n|-boost|p2a: Dondozo|spa|2\n|-boost|p2a: Dondozo|spe|2\n|-boost|p2a: Dondozo|def|2\n|-boost|p2a: Dondozo|spd|2\n|turn|7\n|\n|t:|1682765777\n|-terastallize|p2a: Dondozo|Grass\n|move|p1b: Dondozo|Protect|p1b: Dondozo\n|-singleturn|p1b: Dondozo|Protect\n|move|p2a: Dondozo|Order Up|p1b: Dondozo\n|-activate|p1b: Dondozo|move: Protect\n|\n|-heal|p1b: Dondozo|59\/100|[from] item: Leftovers\n|upkeep\n|turn|8\n|\n|t:|1682765793\n|-terastallize|p1b: Dondozo|Steel\n|move|p1b: Dondozo|Fissure|p2a: Dondozo|[miss]\n|-miss|p1b: Dondozo|p2a: Dondozo\n|move|p2a: Dondozo|Order Up|p1b: Dondozo\n|-resisted|p1b: Dondozo\n|-activate|p1b: Dondozo|move: Substitute|[damage]\n|-boost|p2a: Dondozo|atk|1\n|\n|-heal|p1b: Dondozo|65\/100|[from] item: Leftovers\n|upkeep\n|turn|9\n|\n|t:|1682765809\n|move|p1b: Dondozo|Protect|p1b: Dondozo\n|-singleturn|p1b: Dondozo|Protect\n|move|p2a: Dondozo|Body Press|p1b: Dondozo\n|-activate|p1b: Dondozo|move: Protect\n|\n|-heal|p1b: Dondozo|71\/100|[from] item: Leftovers\n|upkeep\n|turn|10\n|\n|t:|1682765819\n|move|p1b: Dondozo|Fissure|p2a: Dondozo\n|-damage|p2a: Dondozo|0 fnt\n|faint|p2a: Dondozo\n|-ohko\n|\n|-heal|p1b: Dondozo|78\/100|[from] item: Leftovers\n|upkeep\n|turn|11\n|\n|t:|1682765829\n|move|p1b: Dondozo|Wave Crash|p2b: Tatsugiri\n|-resisted|p2b: Tatsugiri\n|-damage|p2b: Tatsugiri|21\/100\n|-damage|p1b: Dondozo|62\/100|[from] Recoil\n|move|p2b: Tatsugiri|Draco Meteor|p1b: Dondozo\n|-resisted|p1b: Dondozo\n|-end|p1b: Dondozo|Substitute\n|-unboost|p2b: Tatsugiri|spa|2\n|\n|-heal|p1b: Dondozo|68\/100|[from] item: Leftovers\n|upkeep\n|turn|12\n|\n|t:|1682765842\n|move|p2b: Tatsugiri|Protect|p2b: Tatsugiri\n|-singleturn|p2b: Tatsugiri|Protect\n|move|p1b: Dondozo|Wave Crash|p2b: Tatsugiri\n|-activate|p2b: Tatsugiri|move: Protect\n|\n|-heal|p1b: Dondozo|74\/100|[from] item: Leftovers\n|upkeep\n|turn|13\n|\n|t:|1682765851\n|move|p1b: Dondozo|Protect|p1b: Dondozo\n|-singleturn|p1b: Dondozo|Protect\n|move|p2b: Tatsugiri|Draco Meteor|p1b: Dondozo\n|-activate|p1b: Dondozo|move: Protect\n|\n|-heal|p1b: Dondozo|81\/100|[from] item: Leftovers\n|upkeep\n|turn|14\n|\n|t:|1682765861\n|move|p2b: Tatsugiri|Protect|p2b: Tatsugiri\n|-singleturn|p2b: Tatsugiri|Protect\n|move|p1b: Dondozo|Wave Crash|p2b: Tatsugiri\n|-activate|p2b: Tatsugiri|move: Protect\n|\n|-heal|p1b: Dondozo|87\/100|[from] item: Leftovers\n|upkeep\n|turn|15\n|\n|t:|1682765870\n|move|p1b: Dondozo|Wave Crash|p2b: Tatsugiri\n|-resisted|p2b: Tatsugiri\n|-damage|p2b: Tatsugiri|0 fnt\n|faint|p2b: Tatsugiri\n|-damage|p1b: Dondozo|83\/100|[from] Recoil\n|\n|win|Ricardo Randorez\n|raw|Ricardo Randorez's rating: 1094 → 1125<\/strong> (+31 for winning)\n|raw|ShadowRose_RQ's rating: 1163 → 1133<\/strong> (-30 for losing)\n","uploadtime":1682765879,"views":15,"p1id":"ricardorandorez","p2id":"shadowroserq","formatid":"gen9vgc2023regulationc","rating":1125,"private":0,"password":""}