{"id":"gen9vgc2023regulationc-1853236323","p1":"DJGrooves213","p2":"Mr.PatchSSB","format":"[Gen 9] VGC 2023 Regulation C","log":"|j|\u2606DJGrooves213\n|j|\u2606Mr.PatchSSB\n|t:|1682652723\n|gametype|doubles\n|player|p1|DJGrooves213|roark|\n|player|p2|Mr.PatchSSB|steven|\n|teamsize|p1|6\n|teamsize|p2|6\n|gen|9\n|tier|[Gen 9] VGC 2023 Regulation C\n|rule|Species Clause: Limit one of each Pok\u00e9mon\n|rule|Item Clause: Limit one of each item\n|clearpoke\n|poke|p1|Murkrow, L50, M|\n|poke|p1|Chien-Pao, L50|\n|poke|p1|Ting-Lu, L50|\n|poke|p1|Meowscarada, L50, M|\n|poke|p1|Quaquaval, L50, M|\n|poke|p1|Skeledirge, L50, M|\n|poke|p2|Flutter Mane, L50|\n|poke|p2|Lilligant, L50, F|\n|poke|p2|Maushold-Four, L50|\n|poke|p2|Torkoal, L50, F|\n|poke|p2|Chi-Yu, L50|\n|poke|p2|Farigiraf, L50, F|\n|teampreview|4\n|c|\u2606Mr.PatchSSB|glhf!\nMr.PatchSSB has agreed to open team sheets.\n|c|\u2606DJGrooves213|glhf!\nDJGrooves213 has agreed to open team sheets.\n|\n|t:|1682652861\n|start\n|switch|p1a: Ting-Lu|Ting-Lu, L50|100\/100\n|switch|p1b: Chien-Pao|Chien-Pao, L50|100\/100\n|switch|p2a: Lilligant|Lilligant, L50, F|100\/100\n|switch|p2b: Torkoal|Torkoal, L50, F|100\/100\n|-ability|p1b: Chien-Pao|Sword of Ruin\n|-ability|p1a: Ting-Lu|Vessel of Ruin\n|-weather|SunnyDay|[from] ability: Drought|[of] p2b: Torkoal\n|turn|1\n|\n|t:|1682652930\n|move|p1a: Ting-Lu|Protect|p1a: Ting-Lu\n|-singleturn|p1a: Ting-Lu|Protect\n|move|p2a: Lilligant|Sleep Powder|p1b: Chien-Pao\n|-status|p1b: Chien-Pao|slp|[from] move: Sleep Powder\n|cant|p1b: Chien-Pao|slp\n|move|p2b: Torkoal|Flamethrower|p1a: Ting-Lu\n|-activate|p1a: Ting-Lu|move: Protect\n|\n|-weather|SunnyDay|[upkeep]\n|upkeep\n|turn|2\n|c|\u2606DJGrooves213|niiice read\n|\n|t:|1682652965\n|-terastallize|p2b: Torkoal|Fire\n|move|p2a: Lilligant|After You|p2b: Torkoal\n|-activate|p2b: Torkoal|move: After You\n|move|p2b: Torkoal|Eruption|p1b: Chien-Pao|[spread] p1a,p1b\n|-crit|p1a: Ting-Lu\n|-supereffective|p1b: Chien-Pao\n|-damage|p1a: Ting-Lu|23\/100\n|-enditem|p1b: Chien-Pao|Focus Sash\n|-damage|p1b: Chien-Pao|1\/100 slp\n|cant|p1b: Chien-Pao|slp\n|move|p1a: Ting-Lu|Heavy Slam|p2a: Lilligant\n|-damage|p2a: Lilligant|40\/100\n|\n|-weather|SunnyDay|[upkeep]\n|-heal|p1a: Ting-Lu|29\/100|[from] item: Leftovers\n|upkeep\n|turn|3\n|c|\u2606Mr.PatchSSB|thanks!\n|c|\u2606Mr.PatchSSB|big crit there tbh\n|c|\u2606DJGrooves213|trueeee\n|\n|t:|1682652990\n|move|p1a: Ting-Lu|Protect|p1a: Ting-Lu\n|-singleturn|p1a: Ting-Lu|Protect\n|cant|p1b: Chien-Pao|slp\n|move|p2a: Lilligant|After You|p2b: Torkoal\n|-activate|p2b: Torkoal|move: After You\n|move|p2b: Torkoal|Eruption|p1b: Chien-Pao|[spread] p1b\n|-activate|p1a: Ting-Lu|move: Protect\n|-supereffective|p1b: Chien-Pao\n|-damage|p1b: Chien-Pao|0 fnt\n|faint|p1b: Chien-Pao\n|\n|-weather|SunnyDay|[upkeep]\n|-heal|p1a: Ting-Lu|35\/100|[from] item: Leftovers\n|upkeep\n|c|\u2606Mr.PatchSSB|good sucker punch attempt\n|c|\u2606DJGrooves213|ye\n|\n|t:|1682653013\n|switch|p1b: Quaquaval|Quaquaval, L50, M, shiny|100\/100\n|turn|4\n|\n|t:|1682653067\n|-terastallize|p1b: Quaquaval|Grass\n|move|p2a: Lilligant|After You|p2b: Torkoal\n|-activate|p2b: Torkoal|move: After You\n|move|p2b: Torkoal|Eruption|p1a: Ting-Lu|[spread] p1a,p1b\n|-supereffective|p1b: Quaquaval\n|-damage|p1a: Ting-Lu|0 fnt\n|-damage|p1b: Quaquaval|0 fnt\n|faint|p1a: Ting-Lu\n|faint|p1b: Quaquaval\n|\n|-weather|SunnyDay|[upkeep]\n|upkeep\n|c|\u2606DJGrooves213|he got the reeeead\n|c|\u2606Mr.PatchSSB|oh no not the grass teraaaaa\n|\n|t:|1682653085\n|switch|p1a: Meowscarada|Meowscarada, L50, M, shiny|100\/100\n|turn|5\n|c|\u2606DJGrooves213|gg\n|c|\u2606Mr.PatchSSB|I'm just mashing funny turtle time hahaha\n|c|\u2606DJGrooves213|haha\n|\n|t:|1682653104\n|move|p2a: Lilligant|After You|p2b: Torkoal\n|-activate|p2b: Torkoal|move: After You\n|move|p2b: Torkoal|Eruption|p1a: Meowscarada\n|-supereffective|p1a: Meowscarada\n|-damage|p1a: Meowscarada|0 fnt\n|faint|p1a: Meowscarada\n|\n|win|Mr.PatchSSB\n|c|\u2606Mr.PatchSSB|gg\n|c|\u2606DJGrooves213|the turtle squad wins again!\n|c|\u2606DJGrooves213|gg!\n|c|\u2606Mr.PatchSSB|TORT\n|c|\u2606Mr.PatchSSB|I need to actually fill out this team in game\n","uploadtime":1682653131,"views":5,"p1id":"djgrooves213","p2id":"mrpatchssb","formatid":"gen9vgc2023regulationc","rating":0,"private":0,"password":""}