{"id":"gen9vgc2023regulationc-1848189995","p1":"mait27","p2":"Dom testes","format":"[Gen 9] VGC 2023 Regulation C","log":"|j|\u2606mait27\n|j|\u2606Dom testes\n|t:|1682040393\n|gametype|doubles\n|player|p1|mait27|170|1093\n|player|p2|Dom testes|lance|1050\n|teamsize|p1|6\n|teamsize|p2|6\n|gen|9\n|tier|[Gen 9] VGC 2023 Regulation C\n|rated|\n|rule|Species Clause: Limit one of each Pok\u00e9mon\n|rule|Item Clause: Limit one of each item\n|clearpoke\n|poke|p1|Ceruledge, L50, F|\n|poke|p1|Misdreavus, L50, F|\n|poke|p1|Maushold-Four, L50|\n|poke|p1|Flamigo, L50, F|\n|poke|p1|Torkoal, L50, M|\n|poke|p1|Iron Bundle, L50|\n|poke|p2|Florges, L50, F|\n|poke|p2|Wo-Chien, L50|\n|poke|p2|Volcarona, L50, M|\n|poke|p2|Gholdengo, L50|\n|poke|p2|Talonflame, L50, M|\n|poke|p2|Great Tusk, L50|\n|teampreview|4\n|\n|t:|1682040440\n|start\n|switch|p1a: Maushold|Maushold-Four, L50|100\/100\n|switch|p1b: Iron Bundle|Iron Bundle, L50|100\/100\n|switch|p2a: Wo-Chien|Wo-Chien, L50|100\/100\n|switch|p2b: Great Tusk|Great Tusk, L50|100\/100\n|-ability|p2a: Wo-Chien|Tablets of Ruin\n|-enditem|p1b: Iron Bundle|Booster Energy\n|-activate|p1b: Iron Bundle|ability: Quark Drive|[fromitem]\n|-start|p1b: Iron Bundle|quarkdrivespe\n|turn|1\n|\n|t:|1682040478\n|move|p1b: Iron Bundle|Icy Wind|p2b: Great Tusk|[spread] p2a,p2b\n|-supereffective|p2a: Wo-Chien\n|-supereffective|p2b: Great Tusk\n|-damage|p2a: Wo-Chien|75\/100\n|-damage|p2b: Great Tusk|31\/100\n|-unboost|p2a: Wo-Chien|spe|1\n|-unboost|p2b: Great Tusk|spe|1\n|move|p1a: Maushold|Super Fang|p2b: Great Tusk\n|-damage|p2b: Great Tusk|16\/100\n|move|p2b: Great Tusk|Close Combat|p1b: Iron Bundle\n|-supereffective|p1b: Iron Bundle\n|-damage|p1b: Iron Bundle|18\/100\n|-unboost|p2b: Great Tusk|def|1\n|-unboost|p2b: Great Tusk|spd|1\n|move|p2a: Wo-Chien|Leech Seed|p1a: Maushold|[miss]\n|-miss|p2a: Wo-Chien|p1a: Maushold\n|\n|upkeep\n|turn|2\n|\n|t:|1682040512\n|move|p1a: Maushold|Protect|p1a: Maushold\n|-singleturn|p1a: Maushold|Protect\n|move|p2b: Great Tusk|Protect|p2b: Great Tusk\n|-singleturn|p2b: Great Tusk|Protect\n|move|p1b: Iron Bundle|Freeze-Dry|p2a: Wo-Chien\n|-supereffective|p2a: Wo-Chien\n|-damage|p2a: Wo-Chien|28\/100\n|move|p2a: Wo-Chien|Leech Seed|p1a: Maushold\n|-activate|p1a: Maushold|move: Protect\n|\n|upkeep\n|turn|3\n|\n|t:|1682040527\n|-end|p2b: Great Tusk|Protosynthesis|[silent]\n|switch|p2b: Gholdengo|Gholdengo, L50|100\/100\n|move|p1a: Maushold|Follow Me|p1a: Maushold\n|-singleturn|p1a: Maushold|move: Follow Me\n|move|p1b: Iron Bundle|Icy Wind|p2b: Gholdengo|[spread] p2a,p2b\n|-supereffective|p2a: Wo-Chien\n|-resisted|p2b: Gholdengo\n|-damage|p2a: Wo-Chien|2\/100\n|-damage|p2b: Gholdengo|91\/100\n|-unboost|p2a: Wo-Chien|spe|1\n|-unboost|p2b: Gholdengo|spe|1\n|move|p2a: Wo-Chien|Leech Seed|p1a: Maushold\n|-start|p1a: Maushold|move: Leech Seed\n|\n|-damage|p1a: Maushold|88\/100|[from] Leech Seed|[of] p2a: Wo-Chien\n|-heal|p2a: Wo-Chien|14\/100|[silent]\n|upkeep\n|turn|4\n|\n|t:|1682040552\n|move|p2a: Wo-Chien|Protect|p2a: Wo-Chien\n|-singleturn|p2a: Wo-Chien|Protect\n|move|p1b: Iron Bundle|Hydro Pump|p2b: Gholdengo\n|-damage|p2b: Gholdengo|40\/100\n|move|p1a: Maushold|Play Rough|p2a: Wo-Chien\n|-activate|p2a: Wo-Chien|move: Protect\n|move|p2b: Gholdengo|Make It Rain|p1a: Maushold|[spread] p1a,p1b\n|-damage|p1a: Maushold|0 fnt\n|-damage|p1b: Iron Bundle|0 fnt\n|-unboost|p2b: Gholdengo|spa|1\n|faint|p1a: Maushold\n|faint|p1b: Iron Bundle\n|-end|p1b: Iron Bundle|Quark Drive|[silent]\n|\n|upkeep\n|\n|t:|1682040570\n|switch|p1b: Ceruledge|Ceruledge, L50, F|100\/100\n|switch|p1a: Mega Flutter Mane|Misdreavus, L50, F|100\/100\n|turn|5\n|\n|t:|1682040607\n|switch|p2b: Volcarona|Volcarona, L50, M|100\/100\n|move|p1a: Mega Flutter Mane|Shadow Sneak|p1b: Ceruledge\n|-supereffective|p1b: Ceruledge\n|-damage|p1b: Ceruledge|81\/100\n|-ability|p1b: Ceruledge|Weak Armor|boost\n|-unboost|p1b: Ceruledge|def|1\n|-boost|p1b: Ceruledge|spe|2\n|-enditem|p1b: Ceruledge|Weakness Policy\n|-boost|p1b: Ceruledge|atk|2|[from] item: Weakness Policy\n|-boost|p1b: Ceruledge|spa|2|[from] item: Weakness Policy\n|move|p1b: Ceruledge|Substitute|p1b: Ceruledge\n|-start|p1b: Ceruledge|Substitute\n|-damage|p1b: Ceruledge|56\/100\n|move|p2a: Wo-Chien|Leech Seed|p1a: Mega Flutter Mane\n|-start|p1a: Mega Flutter Mane|move: Leech Seed\n|\n|-damage|p1a: Mega Flutter Mane|89\/100|[from] Leech Seed|[of] p2a: Wo-Chien\n|-heal|p2a: Wo-Chien|28\/100|[silent]\n|upkeep\n|turn|6\n|\n|t:|1682040673\n|switch|p2a: Gholdengo|Gholdengo, L50|40\/100\n|move|p1a: Mega Flutter Mane|Helping Hand|p1b: Ceruledge\n|-singleturn|p1b: Ceruledge|Helping Hand|[of] p1a: Mega Flutter Mane\n|move|p1b: Ceruledge|Bitter Blade|p2b: Volcarona\n|-damage|p2b: Volcarona|0 fnt\n|-heal|p1b: Ceruledge|100\/100|[from] drain|[of] p2b: Volcarona\n|faint|p2b: Volcarona\n|\n|-damage|p1a: Mega Flutter Mane|77\/100|[from] Leech Seed|[of] p2a: Gholdengo\n|-heal|p2a: Gholdengo|51\/100|[silent]\n|upkeep\n|\n|t:|1682040688\n|switch|p2b: Great Tusk|Great Tusk, L50|16\/100\n|turn|7\n|\n|t:|1682040739\n|-terastallize|p2a: Gholdengo|Water\n|move|p1a: Mega Flutter Mane|Shadow Sneak|p2b: Great Tusk\n|-damage|p2b: Great Tusk|8\/100\n|move|p1b: Ceruledge|Bitter Blade|p2a: Gholdengo\n|-resisted|p2a: Gholdengo\n|-damage|p2a: Gholdengo|0 fnt\n|faint|p2a: Gholdengo\n|move|p2b: Great Tusk|Headlong Rush|p1b: Ceruledge\n|-supereffective|p1b: Ceruledge\n|-end|p1b: Ceruledge|Substitute\n|-unboost|p2b: Great Tusk|def|1\n|-unboost|p2b: Great Tusk|spd|1\n|\n|upkeep\n|-message|Dom testes forfeited.\n|\n|win|mait27\n|raw|mait27's rating: 1093 → 1116<\/strong> (+23 for winning)\n|raw|Dom testes's rating: 1050 → 1035<\/strong> (-15 for losing)\n|l|\u2606Dom testes\n","uploadtime":1682040766,"views":10,"p1id":"mait27","p2id":"domtestes","formatid":"gen9vgc2023regulationc","rating":1035,"private":0,"password":""}