{"id":"gen9vgc2023regulationc-1851255376","p1":"AnthonyL","p2":"Kelenar","format":"[Gen 9] VGC 2023 Regulation C","log":"|j|\u2606AnthonyL\n|j|\u2606Kelenar\n|t:|1682429978\n|gametype|doubles\n|player|p1|AnthonyL|265|1338\n|player|p2|Kelenar|benga|1350\n|teamsize|p1|6\n|teamsize|p2|6\n|gen|9\n|tier|[Gen 9] VGC 2023 Regulation C\n|rated|\n|rule|Species Clause: Limit one of each Pok\u00e9mon\n|rule|Item Clause: Limit one of each item\n|clearpoke\n|poke|p1|Garchomp, L50, F|\n|poke|p1|Gyarados, L50, M|\n|poke|p1|Amoonguss, L50, F|\n|poke|p1|Corviknight, L50, M|\n|poke|p1|Chi-Yu, L50|\n|poke|p1|Flutter Mane, L50|\n|poke|p2|Maushold-Four, L50|\n|poke|p2|Annihilape, L50, F|\n|poke|p2|Iron Bundle, L50|\n|poke|p2|Amoonguss, L50, F|\n|poke|p2|Arcanine, L50, M|\n|poke|p2|Grimmsnarl, L50, M|\n|teampreview|4\n|inactive|Battle timer is ON: inactive players will automatically lose when time's up. (requested by AnthonyL)\nAnthonyL has agreed to open team sheets.\n|\n|t:|1682430030\n|start\n|switch|p1a: Garchomp|Garchomp, L50, F|100\/100\n|switch|p1b: Corviknight|Corviknight, L50, M|100\/100\n|switch|p2a: Grimmsnarl|Grimmsnarl, L50, M|100\/100\n|switch|p2b: Arcanine|Arcanine, L50, M|100\/100\n|-ability|p2b: Arcanine|Intimidate|boost\n|-fail|p1a: Garchomp|unboost|[from] item: Clear Amulet|[of] p1a: Garchomp\n|-ability|p1b: Corviknight|Mirror Armor\n|-unboost|p2b: Arcanine|atk|1\n|turn|1\n|inactive|Kelenar has 30 seconds left.\n|inactive|Kelenar has 20 seconds left.\n|\n|t:|1682430069\n|switch|p1a: Chi-Yu|Chi-Yu, L50|100\/100\n|-ability|p1a: Chi-Yu|Beads of Ruin\n|-terastallize|p2b: Arcanine|Normal\n|move|p2a: Grimmsnarl|Reflect|p2a: Grimmsnarl\n|-sidestart|p2: Kelenar|Reflect\n|move|p2b: Arcanine|Will-O-Wisp|p1a: Chi-Yu\n|-immune|p1a: Chi-Yu\n|move|p1b: Corviknight|Tailwind|p1b: Corviknight\n|-sidestart|p1: AnthonyL|move: Tailwind\n|\n|upkeep\n|turn|2\n|\n|t:|1682430090\n|move|p2a: Grimmsnarl|Light Screen|p2a: Grimmsnarl\n|-sidestart|p2: Kelenar|move: Light Screen\n|move|p1a: Chi-Yu|Heat Wave|p2b: Arcanine|[spread] p2a,p2b\n|-damage|p2a: Grimmsnarl|68\/100\n|-damage|p2b: Arcanine|63\/100\n|move|p1b: Corviknight|Body Press|p2b: Arcanine\n|-supereffective|p2b: Arcanine\n|-damage|p2b: Arcanine|33\/100\n|move|p2b: Arcanine|Will-O-Wisp|p1b: Corviknight|[miss]\n|-miss|p2b: Arcanine|p1b: Corviknight\n|\n|upkeep\n|turn|3\n|\n|t:|1682430107\n|move|p2b: Arcanine|Protect|p2b: Arcanine\n|-singleturn|p2b: Arcanine|Protect\n|move|p1a: Chi-Yu|Heat Wave|p2a: Grimmsnarl|[spread] p2a\n|-activate|p2b: Arcanine|move: Protect\n|-damage|p2a: Grimmsnarl|35\/100\n|move|p1b: Corviknight|Body Press|p2b: Arcanine\n|-activate|p2b: Arcanine|move: Protect\n|move|p2a: Grimmsnarl|Spirit Break|p1a: Chi-Yu\n|-crit|p1a: Chi-Yu\n|-damage|p1a: Chi-Yu|20\/100\n|-unboost|p1a: Chi-Yu|spa|1\n|\n|upkeep\n|turn|4\n|\n|t:|1682430126\n|move|p2b: Arcanine|Extreme Speed|p1a: Chi-Yu\n|-damage|p1a: Chi-Yu|0 fnt\n|faint|p1a: Chi-Yu\n|move|p1b: Corviknight|Body Press|p2b: Arcanine\n|-supereffective|p2b: Arcanine\n|-damage|p2b: Arcanine|5\/100\n|move|p2a: Grimmsnarl|Spirit Break|p1b: Corviknight\n|-resisted|p1b: Corviknight\n|-damage|p1b: Corviknight|89\/100\n|-ability|p1b: Corviknight|Mirror Armor\n|-unboost|p2a: Grimmsnarl|spa|1\n|\n|-sideend|p1: AnthonyL|move: Tailwind\n|upkeep\n|\n|t:|1682430130\n|switch|p1a: Garchomp|Garchomp, L50, F|100\/100\n|turn|5\n|\n|t:|1682430149\n|-terastallize|p1a: Garchomp|Steel\n|move|p1a: Garchomp|Earthquake|p2a: Grimmsnarl|[spread] p2a,p2b\n|-immune|p1b: Corviknight\n|-damage|p2a: Grimmsnarl|8\/100\n|-damage|p2b: Arcanine|0 fnt\n|faint|p2b: Arcanine\n|move|p1b: Corviknight|Tailwind|p1b: Corviknight\n|-sidestart|p1: AnthonyL|move: Tailwind\n|move|p2a: Grimmsnarl|Spirit Break|p1a: Garchomp\n|-resisted|p1a: Garchomp\n|-damage|p1a: Garchomp|86\/100\n|\n|upkeep\n|\n|t:|1682430164\n|switch|p2b: Iron Bundle|Iron Bundle, L50|100\/100\n|-enditem|p2b: Iron Bundle|Booster Energy\n|-activate|p2b: Iron Bundle|ability: Quark Drive|[fromitem]\n|-start|p2b: Iron Bundle|quarkdrivespe\n|turn|6\n|\n|t:|1682430186\n|move|p2b: Iron Bundle|Protect|p2b: Iron Bundle\n|-singleturn|p2b: Iron Bundle|Protect\n|move|p1a: Garchomp|Swords Dance|p1a: Garchomp\n|-boost|p1a: Garchomp|atk|2\n|move|p1b: Corviknight|Body Press|p2b: Iron Bundle\n|-activate|p2b: Iron Bundle|move: Protect\n|move|p2a: Grimmsnarl|Spirit Break|p1a: Garchomp\n|-resisted|p1a: Garchomp\n|-damage|p1a: Garchomp|71\/100\n|\n|upkeep\n|turn|7\n|\n|t:|1682430207\n|move|p1a: Garchomp|Rock Slide|p2a: Grimmsnarl|[spread] p2b\n|-miss|p1a: Garchomp|p2a: Grimmsnarl\n|-supereffective|p2b: Iron Bundle\n|-damage|p2b: Iron Bundle|40\/100\n|move|p2b: Iron Bundle|Hydro Pump|p1a: Garchomp\n|-damage|p1a: Garchomp|8\/100\n|move|p1b: Corviknight|Body Press|p2b: Iron Bundle\n|-supereffective|p2b: Iron Bundle\n|-damage|p2b: Iron Bundle|9\/100\n|move|p2a: Grimmsnarl|Spirit Break|p1a: Garchomp\n|-resisted|p1a: Garchomp\n|-damage|p1a: Garchomp|0 fnt\n|faint|p1a: Garchomp\n|\n|upkeep\n|\n|t:|1682430217\n|switch|p1a: Flutter Mane|Flutter Mane, L50|100\/100\n|-enditem|p1a: Flutter Mane|Booster Energy\n|-activate|p1a: Flutter Mane|ability: Protosynthesis|[fromitem]\n|-start|p1a: Flutter Mane|protosynthesisspe\n|turn|8\n|\n|t:|1682430235\n|move|p1a: Flutter Mane|Dazzling Gleam|p2a: Grimmsnarl|[spread] p2a,p2b\n|-supereffective|p2a: Grimmsnarl\n|-damage|p2a: Grimmsnarl|0 fnt\n|-damage|p2b: Iron Bundle|0 fnt\n|faint|p2a: Grimmsnarl\n|faint|p2b: Iron Bundle\n|-end|p2b: Iron Bundle|Quark Drive|[silent]\n|move|p1b: Corviknight|Brave Bird|p2: Grimmsnarl|[notarget]\n|-fail|p1b: Corviknight\n|\n|-sideend|p2: Kelenar|Reflect\n|-sideend|p1: AnthonyL|move: Tailwind\n|upkeep\n|-message|Kelenar forfeited.\n|\n|win|AnthonyL\n|raw|AnthonyL's rating: 1338 → 1359<\/strong> (+21 for winning)\n|raw|Kelenar's rating: 1350 → 1329<\/strong> (-21 for losing)\n|l|\u2606Kelenar\n","uploadtime":1682430249,"views":9,"p1id":"anthonyl","p2id":"kelenar","formatid":"gen9vgc2023regulationc","rating":1329,"private":0,"password":""}