{"id":"gen9vgc2023regulationc-1851575307","p1":"Charliesdomain","p2":"AbsoluteChaos89","format":"[Gen 9] VGC 2023 Regulation C","log":"|j|\u2606Charliesdomain\n|j|\u2606AbsoluteChaos89\n|t:|1682457235\n|gametype|doubles\n|player|p1|Charliesdomain|harlequin|1047\n|player|p2|AbsoluteChaos89|102|1077\n|teamsize|p1|6\n|teamsize|p2|6\n|gen|9\n|tier|[Gen 9] VGC 2023 Regulation C\n|rated|\n|rule|Species Clause: Limit one of each Pok\u00e9mon\n|rule|Item Clause: Limit one of each item\n|clearpoke\n|poke|p1|Garchomp, L50, M|\n|poke|p1|Gholdengo, L50|\n|poke|p1|Amoonguss, L50, M|\n|poke|p1|Grimmsnarl, L50, M|\n|poke|p1|Orthworm, L50, F|\n|poke|p1|Kilowattrel, L50, M|\n|poke|p2|Orthworm, L50, F|\n|poke|p2|Torkoal, L50, F|\n|poke|p2|Ceruledge, L50, F|\n|poke|p2|Great Tusk, L50|\n|poke|p2|Maushold-Four, L50|\n|poke|p2|Chien-Pao, L50|\n|teampreview|4\n|inactive|Battle timer is ON: inactive players will automatically lose when time's up. (requested by AbsoluteChaos89)\n|\n|t:|1682457314\n|start\n|switch|p1a: Kilowattrel|Kilowattrel, L50, M|100\/100\n|switch|p1b: Amoonguss|Amoonguss, L50, M|100\/100\n|switch|p2a: Ceruledge|Ceruledge, L50, F|100\/100\n|switch|p2b: Maushold|Maushold-Four, L50|100\/100\n|turn|1\n|\n|t:|1682457333\n|move|p1a: Kilowattrel|Tailwind|p1a: Kilowattrel\n|-sidestart|p1: Charliesdomain|move: Tailwind\n|move|p2b: Maushold|U-turn|p2a: Ceruledge\n|-resisted|p2a: Ceruledge\n|-crit|p2a: Ceruledge\n|-damage|p2a: Ceruledge|97\/100\n|-ability|p2a: Ceruledge|Weak Armor|boost\n|-unboost|p2a: Ceruledge|def|1\n|-boost|p2a: Ceruledge|spe|2\n|\n|t:|1682457348\n|switch|p2b: Torkoal|Torkoal, L50, F|100\/100|[from] U-turn\n|-weather|SunnyDay|[from] ability: Drought|[of] p2b: Torkoal\n|move|p2a: Ceruledge|Phantom Force||[still]\n|-prepare|p2a: Ceruledge|Phantom Force\n|move|p1b: Amoonguss|Spore|p2b: Torkoal\n|-status|p2b: Torkoal|slp|[from] move: Spore\n|\n|-weather|SunnyDay|[upkeep]\n|upkeep\n|turn|2\n|inactive|AbsoluteChaos89 has 30 seconds left.\n|\n|t:|1682457373\n|move|p1b: Amoonguss|Protect|p1b: Amoonguss\n|-singleturn|p1b: Amoonguss|Protect\n|move|p1a: Kilowattrel|Volt Switch|p2b: Torkoal\n|-damage|p2b: Torkoal|71\/100 slp\n|\n|t:|1682457378\n|switch|p1a: Garchomp|Garchomp, L50, M|100\/100|[from] Volt Switch\n|move|p2a: Ceruledge|Phantom Force|p1a: Garchomp|[from]lockedmove\n|-damage|p1a: Garchomp|48\/100\n|-damage|p2a: Ceruledge|85\/100|[from] ability: Rough Skin|[of] p1a: Garchomp\n|cant|p2b: Torkoal|slp\n|\n|-weather|SunnyDay|[upkeep]\n|upkeep\n|turn|3\n|\n|t:|1682457401\n|-terastallize|p2a: Ceruledge|Grass\n|move|p1b: Amoonguss|Rage Powder|p1b: Amoonguss\n|-singleturn|p1b: Amoonguss|move: Rage Powder\n|move|p1a: Garchomp|Earthquake|p2a: Ceruledge|[spread] p1b,p2a,p2b\n|-resisted|p2a: Ceruledge\n|-supereffective|p2b: Torkoal\n|-damage|p1b: Amoonguss|53\/100\n|-damage|p2a: Ceruledge|26\/100\n|-damage|p2b: Torkoal|0 fnt\n|-ability|p2a: Ceruledge|Weak Armor|boost\n|-unboost|p2a: Ceruledge|def|1\n|-boost|p2a: Ceruledge|spe|2\n|faint|p2b: Torkoal\n|-damage|p1a: Garchomp|39\/100|[from] item: Life Orb\n|move|p2a: Ceruledge|Solar Blade||[still]\n|-prepare|p2a: Ceruledge|Solar Blade\n|-anim|p2a: Ceruledge|Solar Blade|p1a: Garchomp\n|-damage|p1a: Garchomp|0 fnt\n|-damage|p2a: Ceruledge|14\/100|[from] ability: Rough Skin|[of] p1a: Garchomp\n|faint|p1a: Garchomp\n|\n|-weather|SunnyDay|[upkeep]\n|upkeep\n|\n|t:|1682457423\n|switch|p1a: Kilowattrel|Kilowattrel, L50, M|100\/100\n|switch|p2b: Great Tusk|Great Tusk, L50|100\/100\n|-activate|p2b: Great Tusk|ability: Protosynthesis\n|-start|p2b: Great Tusk|protosynthesisatk\n|turn|4\n|\n|t:|1682457441\n|move|p1b: Amoonguss|Protect|p1b: Amoonguss\n|-singleturn|p1b: Amoonguss|Protect\n|move|p2a: Ceruledge|Bitter Blade|p1a: Kilowattrel\n|-crit|p1a: Kilowattrel\n|-damage|p1a: Kilowattrel|0 fnt\n|-heal|p2a: Ceruledge|73\/100|[from] drain|[of] p1a: Kilowattrel\n|faint|p1a: Kilowattrel\n|move|p2b: Great Tusk|Rock Slide|p1b: Amoonguss\n|-activate|p1b: Amoonguss|move: Protect\n|\n|-weather|SunnyDay|[upkeep]\n|-sideend|p1: Charliesdomain|move: Tailwind\n|upkeep\n|\n|t:|1682457450\n|switch|p1a: Gholdengo|Gholdengo, L50|100\/100\n|-item|p1a: Gholdengo|Air Balloon\n|turn|5\n|\n|t:|1682457465\n|move|p1b: Amoonguss|Rage Powder|p1b: Amoonguss\n|-singleturn|p1b: Amoonguss|move: Rage Powder\n|move|p2a: Ceruledge|Phantom Force||[still]\n|-prepare|p2a: Ceruledge|Phantom Force\n|move|p1a: Gholdengo|Make It Rain|p2a: Ceruledge|[spread] p2b\n|-miss|p1a: Gholdengo|p2a: Ceruledge\n|-damage|p2b: Great Tusk|63\/100\n|-unboost|p1a: Gholdengo|spa|1\n|move|p2b: Great Tusk|Rock Slide|p1b: Amoonguss|[spread] p1a,p1b\n|-resisted|p1a: Gholdengo\n|-damage|p1a: Gholdengo|85\/100\n|-damage|p1b: Amoonguss|28\/100\n|-enditem|p1a: Gholdengo|Air Balloon\n|\n|-weather|none\n|-end|p2b: Great Tusk|Protosynthesis\n|upkeep\n|turn|6\n|\n|t:|1682457490\n|move|p1a: Gholdengo|Protect|p1a: Gholdengo\n|-singleturn|p1a: Gholdengo|Protect\n|move|p2a: Ceruledge|Phantom Force|p1a: Gholdengo|[from]lockedmove\n|-activate|p1a: Gholdengo|move: Phantom Force|[broken]\n|-supereffective|p1a: Gholdengo\n|-damage|p1a: Gholdengo|0 fnt\n|faint|p1a: Gholdengo\n|move|p2b: Great Tusk|Earthquake|p1b: Amoonguss|[spread] p2a,p1b\n|-resisted|p2a: Ceruledge\n|-damage|p2a: Ceruledge|10\/100\n|-damage|p1b: Amoonguss|0 fnt\n|-ability|p2a: Ceruledge|Weak Armor|boost\n|-unboost|p2a: Ceruledge|def|1\n|-boost|p2a: Ceruledge|spe|2\n|faint|p1b: Amoonguss\n|\n|win|AbsoluteChaos89\n|raw|Charliesdomain's rating: 1047 → 1031<\/strong> (-16 for losing)\n|raw|AbsoluteChaos89's rating: 1077 → 1103<\/strong> (+26 for winning)\n|l|\u2606Charliesdomain\n","uploadtime":1682457527,"views":15,"p1id":"charliesdomain","p2id":"absolutechaos89","formatid":"gen9vgc2023regulationc","rating":1031,"private":0,"password":""}