{"id":"gen9vgc2023regulationc-1850296739","p1":"ILoveFurryOvO","p2":"agron gron","format":"[Gen 9] VGC 2023 Regulation C","log":"|j|\u2606ILoveFurryOvO\n|j|\u2606agron gron\n|t:|1682313101\n|gametype|doubles\n|player|p1|ILoveFurryOvO|dawn-gen4pt|1272\n|player|p2|agron gron|ingo|1297\n|teamsize|p1|6\n|teamsize|p2|6\n|gen|9\n|tier|[Gen 9] VGC 2023 Regulation C\n|rated|\n|rule|Species Clause: Limit one of each Pok\u00e9mon\n|rule|Item Clause: Limit one of each item\n|clearpoke\n|poke|p1|Amoonguss, L50, M|\n|poke|p1|Arcanine, L50, F|\n|poke|p1|Flutter Mane, L50|\n|poke|p1|Palafin, L50, F|\n|poke|p1|Chien-Pao, L50|\n|poke|p1|Dragonite, L50, F|\n|poke|p2|Ting-Lu, L50|\n|poke|p2|Meowscarada, L50, M|\n|poke|p2|Arcanine, L50, M|\n|poke|p2|Chien-Pao, L50|\n|poke|p2|Iron Hands, L50|\n|poke|p2|Gyarados, L50, F|\n|teampreview|4\n|inactive|Battle timer is ON: inactive players will automatically lose when time's up. (requested by agron gron)\nagron gron has agreed to open team sheets.\n|inactive|ILoveFurryOvO has 60 seconds left.\n|inactive|agron gron has 60 seconds left.\n|\n|t:|1682313139\n|start\n|switch|p1a: \u30a4\u30eb\u30ab\u30de\u30f3|Palafin, L50, F, shiny|100\/100\n|switch|p1b: \u30a6\u30a4\u30f3\u30c7\u30a3|Arcanine, L50, F|100\/100\n|switch|p2a: Gyarados|Gyarados, L50, F|100\/100\n|switch|p2b: Meowscarada|Meowscarada, L50, M|100\/100\n|-ability|p1b: \u30a6\u30a4\u30f3\u30c7\u30a3|Intimidate|boost\n|-unboost|p2a: Gyarados|atk|1\n|-unboost|p2b: Meowscarada|atk|1\n|-ability|p2a: Gyarados|Intimidate|boost\n|-unboost|p1a: \u30a4\u30eb\u30ab\u30de\u30f3|atk|1\n|-unboost|p1b: \u30a6\u30a4\u30f3\u30c7\u30a3|atk|1\n|turn|1\n|inactive|agron gron has 30 seconds left.\n|\n|t:|1682313170\n|detailschange|p1a: \u30a4\u30eb\u30ab\u30de\u30f3|Palafin-Hero, L50, F, shiny\n|switch|p1a: \u30e2\u30ed\u30d0\u30ec\u30eb|Amoonguss, L50, M|100\/100\n|switch|p2a: Arcanine|Arcanine, L50, M|100\/100\n|-ability|p2a: Arcanine|Intimidate|boost\n|-unboost|p1a: \u30e2\u30ed\u30d0\u30ec\u30eb|atk|1\n|-unboost|p1b: \u30a6\u30a4\u30f3\u30c7\u30a3|atk|1\n|move|p1b: \u30a6\u30a4\u30f3\u30c7\u30a3|Protect|p1b: \u30a6\u30a4\u30f3\u30c7\u30a3\n|-singleturn|p1b: \u30a6\u30a4\u30f3\u30c7\u30a3|Protect\n|move|p2b: Meowscarada|U-turn|p1a: \u30e2\u30ed\u30d0\u30ec\u30eb\n|-damage|p1a: \u30e2\u30ed\u30d0\u30ec\u30eb|85\/100\n|\n|t:|1682313186\n|switch|p2b: Iron Hands|Iron Hands, L50|100\/100|[from] U-turn\n|\n|upkeep\n|turn|2\n|\n|t:|1682313208\n|switch|p1a: \u30a4\u30eb\u30ab\u30de\u30f3|Palafin-Hero, L50, F, shiny|100\/100\n|-activate|p1a: \u30a4\u30eb\u30ab\u30de\u30f3|ability: Zero to Hero\n|move|p1b: \u30a6\u30a4\u30f3\u30c7\u30a3|Will-O-Wisp|p2b: Iron Hands\n|-status|p2b: Iron Hands|brn\n|move|p2a: Arcanine|Will-O-Wisp|p1a: \u30a4\u30eb\u30ab\u30de\u30f3|[miss]\n|-miss|p2a: Arcanine|p1a: \u30a4\u30eb\u30ab\u30de\u30f3\n|move|p2b: Iron Hands|Volt Switch|p1b: \u30a6\u30a4\u30f3\u30c7\u30a3\n|-damage|p1b: \u30a6\u30a4\u30f3\u30c7\u30a3|88\/100\n|\n|t:|1682313219\n|-end|p2b: Iron Hands|Quark Drive|[silent]\n|switch|p2b: Gyarados|Gyarados, L50, F|100\/100|[from] Volt Switch\n|-ability|p2b: Gyarados|Intimidate|boost\n|-unboost|p1a: \u30a4\u30eb\u30ab\u30de\u30f3|atk|1\n|-unboost|p1b: \u30a6\u30a4\u30f3\u30c7\u30a3|atk|1\n|\n|upkeep\n|turn|3\n|inactive|agron gron has 30 seconds left.\n|inactive|agron gron has 20 seconds left.\n|\n|t:|1682313254\n|switch|p1a: \u30e2\u30ed\u30d0\u30ec\u30eb|Amoonguss, L50, M|100\/100\n|move|p1b: \u30a6\u30a4\u30f3\u30c7\u30a3|Protect|p1b: \u30a6\u30a4\u30f3\u30c7\u30a3\n|-singleturn|p1b: \u30a6\u30a4\u30f3\u30c7\u30a3|Protect\n|move|p2a: Arcanine|Will-O-Wisp|p1a: \u30e2\u30ed\u30d0\u30ec\u30eb\n|-status|p1a: \u30e2\u30ed\u30d0\u30ec\u30eb|brn\n|move|p2b: Gyarados|Thunder Wave|p1b: \u30a6\u30a4\u30f3\u30c7\u30a3\n|-activate|p1b: \u30a6\u30a4\u30f3\u30c7\u30a3|move: Protect\n|\n|-damage|p1a: \u30e2\u30ed\u30d0\u30ec\u30eb|95\/100 brn|[from] brn\n|upkeep\n|turn|4\n|\n|t:|1682313282\n|switch|p2a: Iron Hands|Iron Hands, L50|100\/100 brn\n|-terastallize|p1a: \u30e2\u30ed\u30d0\u30ec\u30eb|Water\n|move|p1a: \u30e2\u30ed\u30d0\u30ec\u30eb|Rage Powder|p1a: \u30e2\u30ed\u30d0\u30ec\u30eb\n|-singleturn|p1a: \u30e2\u30ed\u30d0\u30ec\u30eb|move: Rage Powder\n|move|p1b: \u30a6\u30a4\u30f3\u30c7\u30a3|Will-O-Wisp|p2b: Gyarados\n|-status|p2b: Gyarados|brn\n|move|p2b: Gyarados|Waterfall|p1a: \u30e2\u30ed\u30d0\u30ec\u30eb\n|-resisted|p1a: \u30e2\u30ed\u30d0\u30ec\u30eb\n|-damage|p1a: \u30e2\u30ed\u30d0\u30ec\u30eb|86\/100 brn\n|\n|-damage|p2b: Gyarados|95\/100 brn|[from] brn\n|-damage|p2a: Iron Hands|94\/100 brn|[from] brn\n|-damage|p1a: \u30e2\u30ed\u30d0\u30ec\u30eb|80\/100 brn|[from] brn\n|upkeep\n|turn|5\n|inactive|ILoveFurryOvO has 30 seconds left.\n|inactive|agron gron has 30 seconds left.\n|\n|t:|1682313310\n|switch|p1b: \u30ab\u30a4\u30ea\u30e5\u30fc|Dragonite, L50, F|100\/100\n|move|p1a: \u30e2\u30ed\u30d0\u30ec\u30eb|Rage Powder|p1a: \u30e2\u30ed\u30d0\u30ec\u30eb\n|-singleturn|p1a: \u30e2\u30ed\u30d0\u30ec\u30eb|move: Rage Powder\n|move|p2b: Gyarados|Taunt|p1a: \u30e2\u30ed\u30d0\u30ec\u30eb\n|-start|p1a: \u30e2\u30ed\u30d0\u30ec\u30eb|move: Taunt\n|move|p2a: Iron Hands|Volt Switch|p1a: \u30e2\u30ed\u30d0\u30ec\u30eb\n|-supereffective|p1a: \u30e2\u30ed\u30d0\u30ec\u30eb\n|-damage|p1a: \u30e2\u30ed\u30d0\u30ec\u30eb|61\/100 brn\n|\n|t:|1682313320\n|-end|p2a: Iron Hands|Quark Drive|[silent]\n|switch|p2a: Arcanine|Arcanine, L50, M|100\/100|[from] Volt Switch\n|-ability|p2a: Arcanine|Intimidate|boost\n|-unboost|p1a: \u30e2\u30ed\u30d0\u30ec\u30eb|atk|1\n|-unboost|p1b: \u30ab\u30a4\u30ea\u30e5\u30fc|atk|1\n|\n|-damage|p2b: Gyarados|89\/100 brn|[from] brn\n|-damage|p1a: \u30e2\u30ed\u30d0\u30ec\u30eb|55\/100 brn|[from] brn\n|upkeep\n|turn|6\n|\n|t:|1682313335\n|switch|p1b: \u30a6\u30a4\u30f3\u30c7\u30a3|Arcanine, L50, F|88\/100\n|-ability|p1b: \u30a6\u30a4\u30f3\u30c7\u30a3|Intimidate|boost\n|-unboost|p2a: Arcanine|atk|1\n|-unboost|p2b: Gyarados|atk|1\n|switch|p1a: \u30a4\u30eb\u30ab\u30de\u30f3|Palafin-Hero, L50, F, shiny|100\/100\n|move|p2b: Gyarados|Waterfall|p1a: \u30a4\u30eb\u30ab\u30de\u30f3\n|-resisted|p1a: \u30a4\u30eb\u30ab\u30de\u30f3\n|-damage|p1a: \u30a4\u30eb\u30ab\u30de\u30f3|95\/100\n|move|p2a: Arcanine|Will-O-Wisp|p1b: \u30a6\u30a4\u30f3\u30c7\u30a3|[miss]\n|-miss|p2a: Arcanine|p1b: \u30a6\u30a4\u30f3\u30c7\u30a3\n|\n|-damage|p2b: Gyarados|83\/100 brn|[from] brn\n|upkeep\n|turn|7\n|\n|t:|1682313357\n|move|p2a: Arcanine|Protect|p2a: Arcanine\n|-singleturn|p2a: Arcanine|Protect\n|move|p1a: \u30a4\u30eb\u30ab\u30de\u30f3|Jet Punch|p2a: Arcanine\n|-activate|p2a: Arcanine|move: Protect\n|move|p1b: \u30a6\u30a4\u30f3\u30c7\u30a3|Flare Blitz|p2a: Arcanine\n|-activate|p2a: Arcanine|move: Protect\n|move|p2b: Gyarados|Thunder Wave|p1a: \u30a4\u30eb\u30ab\u30de\u30f3\n|-status|p1a: \u30a4\u30eb\u30ab\u30de\u30f3|par\n|\n|-damage|p2b: Gyarados|77\/100 brn|[from] brn\n|upkeep\n|turn|8\n|inactive|agron gron has 30 seconds left.\n|\n|t:|1682313383\n|switch|p2a: Iron Hands|Iron Hands, L50|94\/100 brn\n|switch|p2b: Meowscarada|Meowscarada, L50, M|100\/100\n|move|p1a: \u30a4\u30eb\u30ab\u30de\u30f3|Jet Punch|p2a: Iron Hands\n|-damage|p2a: Iron Hands|67\/100 brn\n|move|p1b: \u30a6\u30a4\u30f3\u30c7\u30a3|Flare Blitz|p2a: Iron Hands\n|-damage|p2a: Iron Hands|38\/100 brn\n|-damage|p1b: \u30a6\u30a4\u30f3\u30c7\u30a3|75\/100|[from] Recoil\n|\n|-damage|p2a: Iron Hands|32\/100 brn|[from] brn\n|upkeep\n|turn|9\n|inactive|ILoveFurryOvO has 30 seconds left.\n|inactive|agron gron has 30 seconds left.\n|inactive|ILoveFurryOvO has 20 seconds left.\n|\n|t:|1682313418\n|move|p1a: \u30a4\u30eb\u30ab\u30de\u30f3|Protect|p1a: \u30a4\u30eb\u30ab\u30de\u30f3\n|-singleturn|p1a: \u30a4\u30eb\u30ab\u30de\u30f3|Protect\n|move|p2b: Meowscarada|U-turn|p1a: \u30a4\u30eb\u30ab\u30de\u30f3\n|-activate|p1a: \u30a4\u30eb\u30ab\u30de\u30f3|move: Protect\n|move|p1b: \u30a6\u30a4\u30f3\u30c7\u30a3|Will-O-Wisp|p2b: Meowscarada\n|-status|p2b: Meowscarada|brn\n|move|p2a: Iron Hands|Volt Switch|p1b: \u30a6\u30a4\u30f3\u30c7\u30a3\n|-damage|p1b: \u30a6\u30a4\u30f3\u30c7\u30a3|61\/100\n|\n|t:|1682313429\n|-end|p2a: Iron Hands|Quark Drive|[silent]\n|switch|p2a: Gyarados|Gyarados, L50, F|77\/100 brn|[from] Volt Switch\n|-ability|p2a: Gyarados|Intimidate|boost\n|-unboost|p1a: \u30a4\u30eb\u30ab\u30de\u30f3|atk|1\n|-unboost|p1b: \u30a6\u30a4\u30f3\u30c7\u30a3|atk|1\n|\n|-damage|p2b: Meowscarada|95\/100 brn|[from] brn\n|-damage|p2a: Gyarados|71\/100 brn|[from] brn\n|upkeep\n|turn|10\n|inactive|agron gron has 30 seconds left.\n|\n|t:|1682313460\n|switch|p1a: \u30e2\u30ed\u30d0\u30ec\u30eb|Amoonguss, L50, M, tera:Water|88\/100 brn\n|move|p1b: \u30a6\u30a4\u30f3\u30c7\u30a3|Protect|p1b: \u30a6\u30a4\u30f3\u30c7\u30a3\n|-singleturn|p1b: \u30a6\u30a4\u30f3\u30c7\u30a3|Protect\n|move|p2b: Meowscarada|U-turn|p1a: \u30e2\u30ed\u30d0\u30ec\u30eb\n|-damage|p1a: \u30e2\u30ed\u30d0\u30ec\u30eb|78\/100 brn\n|\n|t:|1682313471\n|switch|p2b: Iron Hands|Iron Hands, L50|32\/100 brn|[from] U-turn\n|move|p2a: Gyarados|Waterfall|p1b: \u30a6\u30a4\u30f3\u30c7\u30a3\n|-activate|p1b: \u30a6\u30a4\u30f3\u30c7\u30a3|move: Protect\n|\n|-damage|p2a: Gyarados|65\/100 brn|[from] brn\n|-damage|p2b: Iron Hands|26\/100 brn|[from] brn\n|-damage|p1a: \u30e2\u30ed\u30d0\u30ec\u30eb|72\/100 brn|[from] brn\n|upkeep\n|turn|11\n|\n|t:|1682313485\n|move|p1b: \u30a6\u30a4\u30f3\u30c7\u30a3|Flare Blitz|p2b: Iron Hands\n|-damage|p2b: Iron Hands|4\/100 brn\n|-damage|p1b: \u30a6\u30a4\u30f3\u30c7\u30a3|51\/100|[from] Recoil\n|move|p2a: Gyarados|Waterfall|p1b: \u30a6\u30a4\u30f3\u30c7\u30a3\n|-supereffective|p1b: \u30a6\u30a4\u30f3\u30c7\u30a3\n|-damage|p1b: \u30a6\u30a4\u30f3\u30c7\u30a3|17\/100\n|move|p2b: Iron Hands|Wild Charge|p1a: \u30e2\u30ed\u30d0\u30ec\u30eb\n|-supereffective|p1a: \u30e2\u30ed\u30d0\u30ec\u30eb\n|-damage|p1a: \u30e2\u30ed\u30d0\u30ec\u30eb|24\/100 brn\n|-enditem|p1a: \u30e2\u30ed\u30d0\u30ec\u30eb|Sitrus Berry|[eat]\n|-heal|p1a: \u30e2\u30ed\u30d0\u30ec\u30eb|49\/100 brn|[from] item: Sitrus Berry\n|-damage|p2b: Iron Hands|0 fnt|[from] Recoil\n|faint|p2b: Iron Hands\n|-end|p2b: Iron Hands|Quark Drive|[silent]\n|move|p1a: \u30e2\u30ed\u30d0\u30ec\u30eb|Pollen Puff|p1b: \u30a6\u30a4\u30f3\u30c7\u30a3\n|-heal|p1b: \u30a6\u30a4\u30f3\u30c7\u30a3|67\/100\n|\n|-damage|p2a: Gyarados|59\/100 brn|[from] brn\n|-damage|p1a: \u30e2\u30ed\u30d0\u30ec\u30eb|43\/100 brn|[from] brn\n|upkeep\n|\n|t:|1682313503\n|switch|p2b: Meowscarada|Meowscarada, L50, M|95\/100 brn\n|turn|12\n|\n|t:|1682313520\n|switch|p1b: \u30ab\u30a4\u30ea\u30e5\u30fc|Dragonite, L50, F|100\/100\n|move|p2b: Meowscarada|Protect|p2b: Meowscarada\n|-singleturn|p2b: Meowscarada|Protect\n|move|p1a: \u30e2\u30ed\u30d0\u30ec\u30eb|Protect|p1a: \u30e2\u30ed\u30d0\u30ec\u30eb\n|-singleturn|p1a: \u30e2\u30ed\u30d0\u30ec\u30eb|Protect\n|move|p2a: Gyarados|Waterfall|p1b: \u30ab\u30a4\u30ea\u30e5\u30fc\n|-resisted|p1b: \u30ab\u30a4\u30ea\u30e5\u30fc\n|-damage|p1b: \u30ab\u30a4\u30ea\u30e5\u30fc|96\/100\n|\n|-damage|p2b: Meowscarada|89\/100 brn|[from] brn\n|-damage|p2a: Gyarados|53\/100 brn|[from] brn\n|-damage|p1a: \u30e2\u30ed\u30d0\u30ec\u30eb|37\/100 brn|[from] brn\n|upkeep\n|turn|13\n|inactive|ILoveFurryOvO has 30 seconds left.\n|\n|t:|1682313546\n|switch|p1a: \u30a6\u30a4\u30f3\u30c7\u30a3|Arcanine, L50, F|67\/100\n|-ability|p1a: \u30a6\u30a4\u30f3\u30c7\u30a3|Intimidate|boost\n|-unboost|p2a: Gyarados|atk|1\n|-unboost|p2b: Meowscarada|atk|1\n|move|p1b: \u30ab\u30a4\u30ea\u30e5\u30fc|Extreme Speed|p2b: Meowscarada\n|-damage|p2b: Meowscarada|13\/100 brn\n|move|p2b: Meowscarada|U-turn|p1a: \u30a6\u30a4\u30f3\u30c7\u30a3\n|-resisted|p1a: \u30a6\u30a4\u30f3\u30c7\u30a3\n|-damage|p1a: \u30a6\u30a4\u30f3\u30c7\u30a3|63\/100\n|\n|t:|1682313555\n|switch|p2b: Arcanine|Arcanine, L50, M|100\/100|[from] U-turn\n|-ability|p2b: Arcanine|Intimidate|boost\n|-unboost|p1a: \u30a6\u30a4\u30f3\u30c7\u30a3|atk|1\n|-unboost|p1b: \u30ab\u30a4\u30ea\u30e5\u30fc|atk|1\n|move|p2a: Gyarados|Thunder Wave|p1b: \u30ab\u30a4\u30ea\u30e5\u30fc\n|-status|p1b: \u30ab\u30a4\u30ea\u30e5\u30fc|par\n|\n|-damage|p2a: Gyarados|47\/100 brn|[from] brn\n|upkeep\n|-enditem|p2a: Gyarados|Sitrus Berry|[eat]\n|-heal|p2a: Gyarados|72\/100 brn|[from] item: Sitrus Berry\n|turn|14\n|-message|agron gron forfeited.\n|\n|win|ILoveFurryOvO\n|raw|ILoveFurryOvO's rating: 1272 → 1299<\/strong> (+27 for winning)\n|raw|agron gron's rating: 1297 → 1270<\/strong> (-27 for losing)\n|l|\u2606agron gron\n","uploadtime":1682313585,"views":34,"p1id":"ilovefurryovo","p2id":"agrongron","formatid":"gen9vgc2023regulationc","rating":1270,"private":0,"password":""}