{"id":"gen9vgc2023regulationc-1845876867","p1":"okokapi","p2":"KoramTrainer","format":"[Gen 9] VGC 2023 Regulation C","log":"|j|\u2606okokapi\n|j|\u2606KoramTrainer\n|t:|1681774312\n|gametype|doubles\n|player|p1|okokapi|striker|1191\n|player|p2|KoramTrainer|hilbert|1223\n|teamsize|p1|6\n|teamsize|p2|4\n|gen|9\n|tier|[Gen 9] VGC 2023 Regulation C\n|rated|\n|rule|Species Clause: Limit one of each Pok\u00e9mon\n|rule|Item Clause: Limit one of each item\n|clearpoke\n|poke|p1|Chi-Yu, L50|\n|poke|p1|Wo-Chien, L50|\n|poke|p1|Iron Bundle, L50|\n|poke|p1|Pawmot, L50, M|\n|poke|p1|Indeedee-F, L50, F|\n|poke|p1|Corviknight, L50, M|\n|poke|p2|Corviknight, L50, F|\n|poke|p2|Rotom-Wash, L50|\n|poke|p2|Ting-Lu, L50|\n|poke|p2|Flutter Mane, L50|\n|teampreview|4\n|inactive|Battle timer is ON: inactive players will automatically lose when time's up. (requested by KoramTrainer)\n|inactive|KoramTrainer has 60 seconds left.\n|\n|t:|1681774347\n|start\n|switch|p1a: Wo-Chien|Wo-Chien, L50|100\/100\n|switch|p1b: Iron Bundle|Iron Bundle, L50|100\/100\n|switch|p2a: Rotom|Rotom-Wash, L50|100\/100\n|switch|p2b: Ting-Lu|Ting-Lu, L50|100\/100\n|-ability|p1a: Wo-Chien|Tablets of Ruin\n|-ability|p2b: Ting-Lu|Vessel of Ruin\n|-enditem|p1b: Iron Bundle|Booster Energy\n|-activate|p1b: Iron Bundle|ability: Quark Drive|[fromitem]\n|-start|p1b: Iron Bundle|quarkdrivespe\n|turn|1\n|inactive|KoramTrainer has 30 seconds left.\n|inactive|KoramTrainer has 20 seconds left.\n|inactive|KoramTrainer has 15 seconds left.\n|inactive|KoramTrainer has 10 seconds left.\n|\n|t:|1681774396\n|switch|p2b: Flutter Mane|Flutter Mane, L50|100\/100\n|-enditem|p2b: Flutter Mane|Booster Energy\n|-activate|p2b: Flutter Mane|ability: Protosynthesis|[fromitem]\n|-start|p2b: Flutter Mane|protosynthesisspe\n|-terastallize|p2a: Rotom|Electric\n|move|p1b: Iron Bundle|Freeze-Dry|p2a: Rotom\n|-damage|p2a: Rotom|66\/100\n|move|p2a: Rotom|Thunderbolt|p1b: Iron Bundle\n|-supereffective|p1b: Iron Bundle\n|-damage|p1b: Iron Bundle|0 fnt\n|faint|p1b: Iron Bundle\n|-end|p1b: Iron Bundle|Quark Drive|[silent]\n|move|p1a: Wo-Chien|Giga Drain|p2a: Rotom\n|-damage|p2a: Rotom|32\/100\n|\n|upkeep\n|\n|t:|1681774414\n|switch|p1b: Pawmot|Pawmot, L50, M|100\/100\n|turn|2\n|\n|t:|1681774435\n|switch|p2a: Corviknight|Corviknight, L50, F|100\/100\n|-terastallize|p1a: Wo-Chien|Fire\n|move|p2b: Flutter Mane|Moonblast|p1b: Pawmot\n|-supereffective|p1b: Pawmot\n|-enditem|p1b: Pawmot|Focus Sash\n|-damage|p1b: Pawmot|1\/100\n|move|p1b: Pawmot|Nuzzle|p2b: Flutter Mane\n|-damage|p2b: Flutter Mane|84\/100\n|-status|p2b: Flutter Mane|par\n|move|p1a: Wo-Chien|Giga Drain|p2a: Corviknight\n|-resisted|p2a: Corviknight\n|-damage|p2a: Corviknight|92\/100\n|\n|-heal|p2a: Corviknight|98\/100|[from] item: Leftovers\n|upkeep\n|turn|3\n|\n|t:|1681774457\n|move|p1b: Pawmot|Revival Blessing|p1b: Pawmot\n|\n|t:|1681774459\n|-heal|p1: Iron Bundle|50\/100|[from] move: Revival Blessing\n|move|p2b: Flutter Mane|Dazzling Gleam|p1a: Wo-Chien|[spread] p1a,p1b\n|-resisted|p1a: Wo-Chien\n|-supereffective|p1b: Pawmot\n|-damage|p1a: Wo-Chien|90\/100\n|-damage|p1b: Pawmot|0 fnt\n|faint|p1b: Pawmot\n|move|p1a: Wo-Chien|Leech Seed|p2a: Corviknight\n|-start|p2a: Corviknight|move: Leech Seed\n|move|p2a: Corviknight|Bulk Up|p2a: Corviknight\n|-boost|p2a: Corviknight|atk|1\n|-boost|p2a: Corviknight|def|1\n|\n|-heal|p1a: Wo-Chien|96\/100|[from] item: Leftovers\n|-heal|p2a: Corviknight|100\/100|[from] item: Leftovers\n|-damage|p2a: Corviknight|88\/100|[from] Leech Seed|[of] p1a: Wo-Chien\n|-heal|p1a: Wo-Chien|100\/100|[silent]\n|upkeep\n|\n|t:|1681774467\n|switch|p1b: Chi-Yu|Chi-Yu, L50|100\/100\n|-ability|p1b: Chi-Yu|Beads of Ruin\n|turn|4\n|inactive|KoramTrainer has 30 seconds left.\n|\n|t:|1681774494\n|move|p1b: Chi-Yu|Heat Wave|p2a: Corviknight|[spread] p2a,p2b\n|-supereffective|p2a: Corviknight\n|-damage|p2a: Corviknight|0 fnt\n|-damage|p2b: Flutter Mane|13\/100 par\n|faint|p2a: Corviknight\n|-damage|p1b: Chi-Yu|91\/100|[from] item: Life Orb\n|cant|p2b: Flutter Mane|par\n|move|p1a: Wo-Chien|Giga Drain|p2b: Flutter Mane\n|-damage|p2b: Flutter Mane|0 fnt\n|faint|p2b: Flutter Mane\n|-end|p2b: Flutter Mane|Protosynthesis|[silent]\n|\n|upkeep\n|\n|t:|1681774504\n|switch|p2b: Rotom|Rotom-Wash, L50, tera:Electric|32\/100\n|switch|p2a: Ting-Lu|Ting-Lu, L50|100\/100\n|-ability|p2a: Ting-Lu|Vessel of Ruin\n|turn|5\n|\n|t:|1681774521\n|move|p1a: Wo-Chien|Protect|p1a: Wo-Chien\n|-singleturn|p1a: Wo-Chien|Protect\n|move|p1b: Chi-Yu|Dark Pulse|p2b: Rotom\n|-damage|p2b: Rotom|0 fnt\n|faint|p2b: Rotom\n|-damage|p1b: Chi-Yu|81\/100|[from] item: Life Orb\n|move|p2a: Ting-Lu|Stomping Tantrum|p1a: Wo-Chien\n|-activate|p1a: Wo-Chien|move: Protect\n|\n|upkeep\n|turn|6\n|\n|t:|1681774535\n|move|p1b: Chi-Yu|Heat Wave|p2a: Ting-Lu|[miss]\n|-miss|p1b: Chi-Yu|p2a: Ting-Lu\n|move|p1a: Wo-Chien|Leech Seed|p2a: Ting-Lu\n|-start|p2a: Ting-Lu|move: Leech Seed\n|move|p2a: Ting-Lu|Stomping Tantrum|p1b: Chi-Yu\n|-supereffective|p1b: Chi-Yu\n|-damage|p1b: Chi-Yu|0 fnt\n|faint|p1b: Chi-Yu\n|\n|-damage|p2a: Ting-Lu|88\/100|[from] Leech Seed|[of] p1a: Wo-Chien\n|upkeep\n|\n|t:|1681774542\n|switch|p1b: Iron Bundle|Iron Bundle, L50|50\/100\n|turn|7\n|\n|t:|1681774557\n|move|p1b: Iron Bundle|Freeze-Dry|p2a: Ting-Lu\n|-supereffective|p2a: Ting-Lu\n|-damage|p2a: Ting-Lu|62\/100\n|move|p1a: Wo-Chien|Giga Drain|p2a: Ting-Lu\n|-supereffective|p2a: Ting-Lu\n|-damage|p2a: Ting-Lu|37\/100\n|move|p2a: Ting-Lu|Body Press|p1b: Iron Bundle\n|-supereffective|p1b: Iron Bundle\n|-damage|p1b: Iron Bundle|9\/100\n|\n|-damage|p2a: Ting-Lu|24\/100|[from] Leech Seed|[of] p1a: Wo-Chien\n|upkeep\n|turn|8\n|\n|t:|1681774569\n|move|p1b: Iron Bundle|Freeze-Dry|p2a: Ting-Lu\n|-supereffective|p2a: Ting-Lu\n|-damage|p2a: Ting-Lu|0 fnt\n|faint|p2a: Ting-Lu\n|\n|win|okokapi\n|raw|okokapi's rating: 1191 → 1218<\/strong> (+27 for winning)\n|raw|KoramTrainer's rating: 1223 → 1196<\/strong> (-27 for losing)\n","uploadtime":1681774573,"views":15,"p1id":"okokapi","p2id":"koramtrainer","formatid":"gen9vgc2023regulationc","rating":1196,"private":0,"password":""}