{"id":"gen9vgc2023regulationc-1863419104","p1":"MasterPusher","p2":"WorldPlayerYT","format":"[Gen 9] VGC 2023 Regulation C","log":"|j|\u2606MasterPusher\n|j|\u2606WorldPlayerYT\n|t:|1684014602\n|gametype|doubles\n|player|p1|MasterPusher|ghetsis-gen5bw|1103\n|player|p2|WorldPlayerYT|101|1127\n|teamsize|p1|6\n|teamsize|p2|6\n|gen|9\n|tier|[Gen 9] VGC 2023 Regulation C\n|rated|\n|rule|Species Clause: Limit one of each Pok\u00e9mon\n|rule|Item Clause: Limit one of each item\n|clearpoke\n|poke|p1|Ting-Lu, L50|\n|poke|p1|Orthworm, L50, F|\n|poke|p1|Scizor, L50, M|\n|poke|p1|Slowking, L50, M|\n|poke|p1|Amoonguss, L50, M|\n|poke|p1|Annihilape, L50, F|\n|poke|p2|Palafin, L50, F|\n|poke|p2|Chien-Pao, L50|\n|poke|p2|Dragapult, L50, M|\n|poke|p2|Amoonguss, L50, M|\n|poke|p2|Arcanine, L50, F|\n|poke|p2|Flutter Mane, L50|\n|teampreview|4\n|inactive|Battle timer is ON: inactive players will automatically lose when time's up. (requested by WorldPlayerYT)\n|\n|t:|1684014651\n|start\n|switch|p1a: Slowking|Slowking, L50, M|100\/100\n|switch|p1b: Amoonguss|Amoonguss, L50, M|100\/100\n|switch|p2a: Amoonguss|Amoonguss, L50, M, shiny|100\/100\n|switch|p2b: Dragapult|Dragapult, L50, M, shiny|100\/100\n|turn|1\n|inactive|WorldPlayerYT has 30 seconds left.\n|\n|t:|1684014682\n|move|p1b: Amoonguss|Rage Powder|p1b: Amoonguss\n|-singleturn|p1b: Amoonguss|move: Rage Powder\n|move|p2b: Dragapult|U-turn|p1b: Amoonguss\n|-damage|p1b: Amoonguss|69\/100\n|-damage|p2b: Dragapult|84\/100|[from] item: Rocky Helmet|[of] p1b: Amoonguss\n|\n|t:|1684014692\n|switch|p2b: Chien-Pao|Chien-Pao, L50|100\/100|[from] U-turn\n|-ability|p2b: Chien-Pao|Sword of Ruin\n|move|p2a: Amoonguss|Spore|p1a: Slowking\n|-activate|p1a: Slowking|item: Safety Goggles|Spore\n|move|p1a: Slowking|Trick Room|p1a: Slowking\n|-fieldstart|move: Trick Room|[of] p1a: Slowking\n|\n|upkeep\n|turn|2\n|inactive|MasterPusher has 30 seconds left.\n|inactive|WorldPlayerYT has 30 seconds left.\n|inactive|MasterPusher has 20 seconds left.\n|\n|t:|1684014728\n|move|p1a: Slowking|Foul Play|p2b: Chien-Pao\n|-resisted|p2b: Chien-Pao\n|-damage|p2b: Chien-Pao|79\/100\n|move|p2a: Amoonguss|Pollen Puff|p1a: Slowking\n|-supereffective|p1a: Slowking\n|-damage|p1a: Slowking|71\/100\n|move|p1b: Amoonguss|Spore|p2b: Chien-Pao\n|-status|p2b: Chien-Pao|slp|[from] move: Spore\n|cant|p2b: Chien-Pao|slp\n|\n|upkeep\n|turn|3\n|inactive|MasterPusher has 30 seconds left.\n|\n|t:|1684014756\n|move|p1a: Slowking|Foul Play|p2b: Chien-Pao\n|-resisted|p2b: Chien-Pao\n|-damage|p2b: Chien-Pao|59\/100 slp\n|move|p2a: Amoonguss|Pollen Puff|p1a: Slowking\n|-supereffective|p1a: Slowking\n|-damage|p1a: Slowking|44\/100\n|move|p1b: Amoonguss|Pollen Puff|p2b: Chien-Pao\n|-supereffective|p2b: Chien-Pao\n|-damage|p2b: Chien-Pao|4\/100 slp\n|cant|p2b: Chien-Pao|slp\n|\n|upkeep\n|turn|4\n|inactive|WorldPlayerYT has 30 seconds left.\n|\n|t:|1684014782\n|cant|p2b: Chien-Pao|slp\n|move|p2a: Amoonguss|Pollen Puff|p1a: Slowking\n|-supereffective|p1a: Slowking\n|-damage|p1a: Slowking|15\/100\n|move|p1a: Slowking|Foul Play|p2b: Chien-Pao\n|-resisted|p2b: Chien-Pao\n|-damage|p2b: Chien-Pao|0 fnt\n|faint|p2b: Chien-Pao\n|move|p1b: Amoonguss|Pollen Puff|p1a: Slowking\n|-heal|p1a: Slowking|65\/100\n|\n|upkeep\n|\n|t:|1684014788\n|switch|p2b: Flutter Mane|Flutter Mane, L50, shiny|100\/100\n|-enditem|p2b: Flutter Mane|Booster Energy\n|-activate|p2b: Flutter Mane|ability: Protosynthesis|[fromitem]\n|-start|p2b: Flutter Mane|protosynthesisspa\n|turn|5\n|\n|t:|1684014807\n|move|p1a: Slowking|Protect|p1a: Slowking\n|-singleturn|p1a: Slowking|Protect\n|move|p1b: Amoonguss|Protect|p1b: Amoonguss\n|-singleturn|p1b: Amoonguss|Protect\n|move|p2b: Flutter Mane|Protect|p2b: Flutter Mane\n|-singleturn|p2b: Flutter Mane|Protect\n|move|p2a: Amoonguss|Pollen Puff|p1a: Slowking\n|-activate|p1a: Slowking|move: Protect\n|\n|-fieldend|move: Trick Room\n|upkeep\n|turn|6\n|inactive|WorldPlayerYT has 30 seconds left.\n|\n|t:|1684014839\n|move|p1b: Amoonguss|Rage Powder|p1b: Amoonguss\n|-singleturn|p1b: Amoonguss|move: Rage Powder\n|move|p2b: Flutter Mane|Shadow Ball|p1b: Amoonguss\n|-damage|p1b: Amoonguss|24\/100\n|move|p2a: Amoonguss|Pollen Puff|p1b: Amoonguss\n|-damage|p1b: Amoonguss|7\/100\n|move|p1a: Slowking|Trick Room|p1a: Slowking\n|-fieldstart|move: Trick Room|[of] p1a: Slowking\n|\n|upkeep\n|turn|7\n|\n|t:|1684014856\n|move|p1a: Slowking|Protect|p1a: Slowking\n|-singleturn|p1a: Slowking|Protect\n|move|p2b: Flutter Mane|Protect|p2b: Flutter Mane\n|-singleturn|p2b: Flutter Mane|Protect\n|move|p2a: Amoonguss|Pollen Puff|p1b: Amoonguss\n|-damage|p1b: Amoonguss|0 fnt\n|faint|p1b: Amoonguss\n|\n|upkeep\n|\n|t:|1684014868\n|switch|p1b: Scizor|Scizor, L50, M|100\/100\n|turn|8\n|inactive|WorldPlayerYT has 30 seconds left.\n|\n|t:|1684014894\n|-end|p2b: Flutter Mane|Protosynthesis|[silent]\n|switch|p2b: Dragapult|Dragapult, L50, M, shiny|84\/100\n|move|p1b: Scizor|Bullet Punch|p2b: Dragapult\n|-damage|p2b: Dragapult|17\/100\n|move|p2a: Amoonguss|Spore|p1b: Scizor\n|-status|p1b: Scizor|slp|[from] move: Spore\n|move|p1a: Slowking|Slack Off|p1a: Slowking\n|-heal|p1a: Slowking|100\/100\n|\n|upkeep\n|turn|9\n|inactive|MasterPusher has 30 seconds left.\n|inactive|WorldPlayerYT has 30 seconds left.\n|inactive|MasterPusher has 20 seconds left.\n|\n|t:|1684014931\n|move|p2a: Amoonguss|Rage Powder|p2a: Amoonguss\n|-singleturn|p2a: Amoonguss|move: Rage Powder\n|cant|p1b: Scizor|slp\n|move|p1a: Slowking|Foul Play|p2b: Dragapult\n|-supereffective|p2b: Dragapult\n|-damage|p2b: Dragapult|0 fnt\n|faint|p2b: Dragapult\n|\n|upkeep\n|\n|t:|1684014939\n|switch|p2b: Flutter Mane|Flutter Mane, L50, shiny|100\/100\n|turn|10\n|\n|t:|1684014956\n|-terastallize|p2a: Amoonguss|Water\n|move|p1a: Slowking|Protect|p1a: Slowking\n|-singleturn|p1a: Slowking|Protect\n|move|p2a: Amoonguss|Rage Powder|p2a: Amoonguss\n|-singleturn|p2a: Amoonguss|move: Rage Powder\n|cant|p1b: Scizor|slp\n|move|p2b: Flutter Mane|Shadow Ball|p1a: Slowking\n|-activate|p1a: Slowking|move: Protect\n|\n|-fieldend|move: Trick Room\n|upkeep\n|turn|11\n|\n|t:|1684014970\n|move|p2a: Amoonguss|Rage Powder|p2a: Amoonguss\n|-singleturn|p2a: Amoonguss|move: Rage Powder\n|cant|p1b: Scizor|slp\n|move|p2b: Flutter Mane|Shadow Ball|p1a: Slowking\n|-supereffective|p1a: Slowking\n|-damage|p1a: Slowking|41\/100\n|move|p1a: Slowking|Trick Room|p1a: Slowking\n|-fieldstart|move: Trick Room|[of] p1a: Slowking\n|\n|upkeep\n|turn|12\n|inactive|MasterPusher has 30 seconds left.\n|\n|t:|1684014997\n|move|p2a: Amoonguss|Rage Powder|p2a: Amoonguss\n|-singleturn|p2a: Amoonguss|move: Rage Powder\n|-curestatus|p1b: Scizor|slp|[msg]\n|move|p1b: Scizor|Bullet Punch|p2a: Amoonguss\n|-resisted|p2a: Amoonguss\n|-damage|p2a: Amoonguss|77\/100\n|move|p1a: Slowking|Foul Play|p2a: Amoonguss\n|-damage|p2a: Amoonguss|61\/100\n|move|p2b: Flutter Mane|Shadow Ball|p1a: Slowking\n|-supereffective|p1a: Slowking\n|-damage|p1a: Slowking|0 fnt\n|faint|p1a: Slowking\n|\n|upkeep\n|\n|t:|1684015009\n|switch|p1a: Annihilape|Annihilape, L50, F|100\/100\n|turn|13\n|inactive|MasterPusher has 30 seconds left.\n|inactive|WorldPlayerYT has 30 seconds left.\n|\n|t:|1684015043\n|move|p1a: Annihilape|Protect|p1a: Annihilape\n|-singleturn|p1a: Annihilape|Protect\n|move|p2b: Flutter Mane|Protect|p2b: Flutter Mane\n|-singleturn|p2b: Flutter Mane|Protect\n|move|p1b: Scizor|Bullet Punch|p2b: Flutter Mane\n|-activate|p2b: Flutter Mane|move: Protect\n|move|p2a: Amoonguss|Spore|p1b: Scizor\n|-status|p1b: Scizor|slp|[from] move: Spore\n|\n|upkeep\n|turn|14\n|inactive|MasterPusher has 30 seconds left.\n|\n|t:|1684015071\n|-terastallize|p1a: Annihilape|Fighting\n|move|p2a: Amoonguss|Rage Powder|p2a: Amoonguss\n|-singleturn|p2a: Amoonguss|move: Rage Powder\n|cant|p1b: Scizor|slp\n|move|p1a: Annihilape|Rage Fist|p2a: Amoonguss\n|-damage|p2a: Amoonguss|40\/100\n|-enditem|p2a: Amoonguss|Sitrus Berry|[eat]\n|-heal|p2a: Amoonguss|65\/100|[from] item: Sitrus Berry\n|move|p2b: Flutter Mane|Moonblast|p1a: Annihilape\n|-supereffective|p1a: Annihilape\n|-damage|p1a: Annihilape|9\/100\n|-unboost|p1a: Annihilape|spa|1\n|-ability|p1a: Annihilape|Defiant|boost\n|-boost|p1a: Annihilape|atk|2\n|-enditem|p1a: Annihilape|Aguav Berry|[eat]\n|-heal|p1a: Annihilape|42\/100|[from] item: Aguav Berry\n|\n|upkeep\n|turn|15\n|inactive|MasterPusher has 30 seconds left.\n|\n|t:|1684015097\n|move|p2a: Amoonguss|Protect|p2a: Amoonguss\n|-singleturn|p2a: Amoonguss|Protect\n|move|p2b: Flutter Mane|Protect|p2b: Flutter Mane\n|-singleturn|p2b: Flutter Mane|Protect\n|-curestatus|p1b: Scizor|slp|[msg]\n|move|p1b: Scizor|Bullet Punch|p2b: Flutter Mane\n|-activate|p2b: Flutter Mane|move: Protect\n|move|p1a: Annihilape|Rage Fist|p2b: Flutter Mane\n|-activate|p2b: Flutter Mane|move: Protect\n|\n|-fieldend|move: Trick Room\n|upkeep\n|turn|16\n|\n|t:|1684015114\n|move|p2a: Amoonguss|Rage Powder|p2a: Amoonguss\n|-singleturn|p2a: Amoonguss|move: Rage Powder\n|move|p1b: Scizor|Bullet Punch|p2a: Amoonguss\n|-resisted|p2a: Amoonguss\n|-damage|p2a: Amoonguss|42\/100\n|move|p2b: Flutter Mane|Moonblast|p1a: Annihilape\n|-supereffective|p1a: Annihilape\n|-damage|p1a: Annihilape|0 fnt\n|faint|p1a: Annihilape\n|\n|upkeep\n|turn|17\n|\n|t:|1684015129\n|move|p2a: Amoonguss|Rage Powder|p2a: Amoonguss\n|-singleturn|p2a: Amoonguss|move: Rage Powder\n|move|p1b: Scizor|Bullet Punch|p2a: Amoonguss\n|-resisted|p2a: Amoonguss\n|-damage|p2a: Amoonguss|20\/100\n|move|p2b: Flutter Mane|Shadow Ball|p1b: Scizor\n|-damage|p1b: Scizor|47\/100\n|\n|upkeep\n|turn|18\n|\n|t:|1684015140\n|move|p2a: Amoonguss|Rage Powder|p2a: Amoonguss\n|-singleturn|p2a: Amoonguss|move: Rage Powder\n|move|p1b: Scizor|Bullet Punch|p2a: Amoonguss\n|-resisted|p2a: Amoonguss\n|-damage|p2a: Amoonguss|0 fnt\n|faint|p2a: Amoonguss\n|move|p2b: Flutter Mane|Shadow Ball|p1b: Scizor\n|-damage|p1b: Scizor|0 fnt\n|faint|p1b: Scizor\n|\n|win|WorldPlayerYT\n|raw|MasterPusher's rating: 1103 → 1080<\/strong> (-23 for losing)\n|raw|WorldPlayerYT's rating: 1127 → 1150<\/strong> (+23 for winning)\n|c|\u2606MasterPusher|ggwp\n|c|\u2606WorldPlayerYT|GG\n|c|\u2606WorldPlayerYT|wp\n|l|\u2606MasterPusher\n","uploadtime":1684015164,"views":15,"p1id":"masterpusher","p2id":"worldplayeryt","formatid":"gen9vgc2023regulationc","rating":1080,"private":0,"password":""}