{"id":"gen9vgc2023regulationc-1856378824","p1":"Inwaves22","p2":"Depaola","format":"[Gen 9] VGC 2023 Regulation C","log":"|j|\u2606Inwaves22\n|j|\u2606Depaola\n|t:|1683055795\n|gametype|doubles\n|player|p1|Inwaves22|falkner|1245\n|player|p2|Depaola|flannery|1256\n|teamsize|p1|6\n|teamsize|p2|6\n|gen|9\n|tier|[Gen 9] VGC 2023 Regulation C\n|rated|\n|rule|Species Clause: Limit one of each Pok\u00e9mon\n|rule|Item Clause: Limit one of each item\n|clearpoke\n|poke|p1|Glimmora, L50, M|\n|poke|p1|Chi-Yu, L50|\n|poke|p1|Flutter Mane, L50|\n|poke|p1|Dragonite, L50, M|\n|poke|p1|Dondozo, L50, F|\n|poke|p1|Tatsugiri, L50, M|\n|poke|p2|Flutter Mane, L50|\n|poke|p2|Amoonguss, L50, M|\n|poke|p2|Ting-Lu, L50|\n|poke|p2|Arcanine, L50, F|\n|poke|p2|Annihilape, L50, F|\n|poke|p2|Maushold, L50|\n|teampreview|4\n|inactive|Battle timer is ON: inactive players will automatically lose when time's up. (requested by Depaola)\n|\n|t:|1683055818\n|start\n|switch|p1a: Glimmora|Glimmora, L50, M|100\/100\n|switch|p1b: Dondozo|Dondozo, L50, F|100\/100\n|switch|p2a: Annihilape|Annihilape, L50, F|100\/100\n|switch|p2b: Maushold|Maushold, L50|100\/100\n|turn|1\n|\n|t:|1683055836\n|-terastallize|p2a: Annihilape|Water\n|move|p1a: Glimmora|Toxic|p2a: Annihilape\n|-status|p2a: Annihilape|tox\n|move|p2b: Maushold|Beat Up|p2a: Annihilape\n|-damage|p2a: Annihilape|99\/100 tox\n|-damage|p2a: Annihilape|97\/100 tox\n|-damage|p2a: Annihilape|94\/100 tox\n|-hitcount|p2a: Annihilape|3\n|move|p2a: Annihilape|Bulk Up|p2a: Annihilape\n|-boost|p2a: Annihilape|atk|1\n|-boost|p2a: Annihilape|def|1\n|move|p1b: Dondozo|Yawn|p2b: Maushold\n|-start|p2b: Maushold|move: Yawn|[of] p1b: Dondozo\n|\n|-heal|p2a: Annihilape|100\/100 tox|[from] item: Leftovers\n|-damage|p2a: Annihilape|94\/100 tox|[from] psn\n|upkeep\n|turn|2\n|inactive|Inwaves22 has 30 seconds left.\n|\n|t:|1683055864\n|switch|p2b: Arcanine|Arcanine, L50, F|100\/100\n|-ability|p2b: Arcanine|Intimidate|boost\n|-unboost|p1a: Glimmora|atk|1\n|-unboost|p1b: Dondozo|atk|1\n|move|p1a: Glimmora|Spiky Shield|p1a: Glimmora\n|-singleturn|p1a: Glimmora|move: Protect\n|move|p2a: Annihilape|Rage Fist|p1b: Dondozo\n|-damage|p1b: Dondozo|46\/100\n|-enditem|p1b: Dondozo|Sitrus Berry|[eat]\n|-heal|p1b: Dondozo|71\/100|[from] item: Sitrus Berry\n|move|p1b: Dondozo|Wave Crash|p2b: Arcanine\n|-supereffective|p2b: Arcanine\n|-damage|p2b: Arcanine|45\/100\n|-damage|p1b: Dondozo|57\/100|[from] Recoil\n|\n|-heal|p2a: Annihilape|100\/100 tox|[from] item: Leftovers\n|-damage|p2a: Annihilape|88\/100 tox|[from] psn\n|upkeep\n|turn|3\n|\n|t:|1683055888\n|move|p1b: Dondozo|Protect|p1b: Dondozo\n|-singleturn|p1b: Dondozo|Protect\n|move|p1a: Glimmora|Power Gem|p2b: Arcanine\n|-supereffective|p2b: Arcanine\n|-crit|p2b: Arcanine\n|-damage|p2b: Arcanine|0 fnt\n|faint|p2b: Arcanine\n|move|p2a: Annihilape|Rage Fist|p1b: Dondozo\n|-activate|p1b: Dondozo|move: Protect\n|\n|-heal|p2a: Annihilape|94\/100 tox|[from] item: Leftovers\n|-damage|p2a: Annihilape|75\/100 tox|[from] psn\n|upkeep\n|\n|t:|1683055892\n|switch|p2b: Maushold|Maushold, L50|100\/100\n|turn|4\n|\n|t:|1683055915\n|move|p2b: Maushold|Protect|p2b: Maushold\n|-singleturn|p2b: Maushold|Protect\n|move|p1a: Glimmora|Toxic|p2b: Maushold\n|-activate|p2b: Maushold|move: Protect\n|move|p2a: Annihilape|Drain Punch|p1a: Glimmora\n|-damage|p1a: Glimmora|40\/100\n|-heal|p2a: Annihilape|99\/100 tox|[from] drain|[of] p1a: Glimmora\n|-activate|p1a: Glimmora|ability: Toxic Debris\n|-sidestart|p2: Depaola|move: Toxic Spikes\n|move|p1b: Dondozo|Wave Crash|p2b: Maushold\n|-activate|p2b: Maushold|move: Protect\n|\n|-heal|p2a: Annihilape|100\/100 tox|[from] item: Leftovers\n|-damage|p2a: Annihilape|75\/100 tox|[from] psn\n|upkeep\n|turn|5\n|inactive|Inwaves22 has 30 seconds left.\n|\n|t:|1683055943\n|move|p1a: Glimmora|Spiky Shield|p1a: Glimmora\n|-singleturn|p1a: Glimmora|move: Protect\n|move|p2b: Maushold|Beat Up|p2a: Annihilape\n|-damage|p2a: Annihilape|74\/100 tox\n|-damage|p2a: Annihilape|73\/100 tox\n|-hitcount|p2a: Annihilape|2\n|move|p2a: Annihilape|Rage Fist|p1b: Dondozo\n|-damage|p1b: Dondozo|0 fnt\n|faint|p1b: Dondozo\n|\n|-heal|p2a: Annihilape|79\/100 tox|[from] item: Leftovers\n|-damage|p2a: Annihilape|48\/100 tox|[from] psn\n|upkeep\n|\n|t:|1683055954\n|switch|p1b: Dragonite|Dragonite, L50, M|100\/100\n|turn|6\n|\n|t:|1683055963\n|-terastallize|p1b: Dragonite|Flying\n|move|p2b: Maushold|Follow Me|p2b: Maushold\n|-singleturn|p2b: Maushold|move: Follow Me\n|move|p1a: Glimmora|Power Gem|p2b: Maushold\n|-damage|p2b: Maushold|55\/100\n|move|p1b: Dragonite|Tera Blast|p2b: Maushold\n|-damage|p2b: Maushold|0 fnt\n|faint|p2b: Maushold\n|move|p2a: Annihilape|Drain Punch|p1b: Dragonite\n|-resisted|p1b: Dragonite\n|-damage|p1b: Dragonite|87\/100\n|-heal|p2a: Annihilape|53\/100 tox|[from] drain|[of] p1b: Dragonite\n|\n|-heal|p2a: Annihilape|60\/100 tox|[from] item: Leftovers\n|-damage|p2a: Annihilape|22\/100 tox|[from] psn\n|upkeep\n|-message|Depaola forfeited.\n|\n|win|Inwaves22\n|raw|Inwaves22's rating: 1245 → 1271<\/strong> (+26 for winning)\n|raw|Depaola's rating: 1256 → 1230<\/strong> (-26 for losing)\n|l|\u2606Depaola\n","uploadtime":1683055990,"views":11,"p1id":"inwaves22","p2id":"depaola","formatid":"gen9vgc2023regulationc","rating":1230,"private":0,"password":""}