{"id":"gen9vgc2023regulationc-1851844577","p1":"haha u rage quit","p2":"hit2000gun","format":"[Gen 9] VGC 2023 Regulation C","log":"|j|\u2606haha u rage quit\n|j|\u2606hit2000gun\n|t:|1682493943\n|gametype|doubles\n|player|p1|haha u rage quit|pokemaniac|1391\n|player|p2|hit2000gun|2|1416\n|teamsize|p1|6\n|teamsize|p2|6\n|gen|9\n|tier|[Gen 9] VGC 2023 Regulation C\n|rated|\n|rule|Species Clause: Limit one of each Pok\u00e9mon\n|rule|Item Clause: Limit one of each item\n|clearpoke\n|poke|p1|Glimmora, L50, M|\n|poke|p1|Iron Bundle, L50|\n|poke|p1|Dondozo, L50, M|\n|poke|p1|Dragonite, L50, M|\n|poke|p1|Tatsugiri-Droopy, L50, M|\n|poke|p1|Chi-Yu, L50|\n|poke|p2|Dondozo, L50, M|\n|poke|p2|Arcanine, L50, M|\n|poke|p2|Tatsugiri, L50, F|\n|poke|p2|Wo-Chien, L50|\n|poke|p2|Gholdengo, L50|\n|poke|p2|Chien-Pao, L50|\n|teampreview|4\n|inactive|Battle timer is ON: inactive players will automatically lose when time's up. (requested by hit2000gun)\n|inactive|haha u rage quit has 60 seconds left.\n|\n|t:|1682494004\n|start\n|switch|p1a: Glimmora|Glimmora, L50, M, shiny|100\/100\n|switch|p1b: Chi-Yu|Chi-Yu, L50|100\/100\n|switch|p2a: Dondozo|Dondozo, L50, M|100\/100\n|switch|p2b: Arcanine|Arcanine, L50, M|100\/100\n|-ability|p1b: Chi-Yu|Beads of Ruin\n|-ability|p2b: Arcanine|Intimidate|boost\n|-unboost|p1a: Glimmora|atk|1\n|-unboost|p1b: Chi-Yu|atk|1\n|turn|1\n|\n|t:|1682494025\n|switch|p2b: Tatsugiri|Tatsugiri, L50, F|100\/100\n|-activate|p2b: Tatsugiri|ability: Commander|[of] p2a: Dondozo\n|-boost|p2a: Dondozo|atk|2\n|-boost|p2a: Dondozo|spa|2\n|-boost|p2a: Dondozo|spe|2\n|-boost|p2a: Dondozo|def|2\n|-boost|p2a: Dondozo|spd|2\n|move|p1b: Chi-Yu|Protect|p1b: Chi-Yu\n|-singleturn|p1b: Chi-Yu|Protect\n|move|p2a: Dondozo|Earthquake|p1a: Glimmora|[spread] p1a\n|-miss|p2a: Dondozo|p2b: Tatsugiri\n|-activate|p1b: Chi-Yu|move: Protect\n|-supereffective|p1a: Glimmora\n|-damage|p1a: Glimmora|0 fnt\n|-activate|p1a: Glimmora|ability: Toxic Debris\n|-sidestart|p2: hit2000gun|move: Toxic Spikes\n|faint|p1a: Glimmora\n|-damage|p2a: Dondozo|91\/100|[from] item: Life Orb\n|\n|upkeep\n|\n|t:|1682494046\n|switch|p1a: Dondozo|Dondozo, L50, M|100\/100\n|turn|2\n|\n|t:|1682494059\n|switch|p1b: Tatsugiri|Tatsugiri-Droopy, L50, M|100\/100\n|-activate|p1b: Tatsugiri|ability: Commander|[of] p1a: Dondozo\n|-boost|p1a: Dondozo|atk|2\n|-boost|p1a: Dondozo|spa|2\n|-boost|p1a: Dondozo|spe|2\n|-boost|p1a: Dondozo|def|2\n|-boost|p1a: Dondozo|spd|2\n|move|p1a: Dondozo|Protect|p1a: Dondozo\n|-singleturn|p1a: Dondozo|Protect\n|move|p2a: Dondozo|Earthquake|p1b: Tatsugiri|[spread] \n|-miss|p2a: Dondozo|p2b: Tatsugiri\n|-miss|p2a: Dondozo|p1b: Tatsugiri\n|-activate|p1a: Dondozo|move: Protect\n|\n|upkeep\n|turn|3\n|\n|t:|1682494067\n|-terastallize|p1a: Dondozo|Grass\n|move|p1a: Dondozo|Tera Blast|p2a: Dondozo\n|-supereffective|p2a: Dondozo\n|-damage|p2a: Dondozo|46\/100\n|move|p2a: Dondozo|Wave Crash|p1a: Dondozo\n|-resisted|p1a: Dondozo\n|-damage|p1a: Dondozo|74\/100\n|-damage|p2a: Dondozo|37\/100|[from] Recoil\n|-damage|p2a: Dondozo|27\/100|[from] item: Life Orb\n|\n|-heal|p1a: Dondozo|80\/100|[from] item: Leftovers\n|upkeep\n|turn|4\n|\n|t:|1682494086\n|-terastallize|p2a: Dondozo|Fire\n|move|p1a: Dondozo|Tera Blast|p2a: Dondozo\n|-resisted|p2a: Dondozo\n|-damage|p2a: Dondozo|15\/100\n|move|p2a: Dondozo|Tera Blast|p1a: Dondozo\n|-supereffective|p1a: Dondozo\n|-damage|p1a: Dondozo|4\/100\n|-damage|p2a: Dondozo|5\/100|[from] item: Life Orb\n|\n|-heal|p1a: Dondozo|10\/100|[from] item: Leftovers\n|upkeep\n|turn|5\n|\n|t:|1682494101\n|move|p1a: Dondozo|Wave Crash|p2a: Dondozo\n|-supereffective|p2a: Dondozo\n|-damage|p2a: Dondozo|0 fnt\n|faint|p2a: Dondozo\n|-damage|p1a: Dondozo|8\/100|[from] Recoil\n|\n|-heal|p1a: Dondozo|15\/100|[from] item: Leftovers\n|upkeep\n|\n|t:|1682494109\n|switch|p2a: Arcanine|Arcanine, L50, M|100\/100\n|-status|p2a: Arcanine|psn\n|-ability|p2a: Arcanine|Intimidate|boost\n|-fail|p1a: Dondozo|unboost|Attack|[from] ability: Oblivious|[of] p1a: Dondozo\n|-unboost|p1b: Tatsugiri|atk|1\n|turn|6\n|inactive|hit2000gun has 30 seconds left.\n|\n|t:|1682494142\n|move|p1a: Dondozo|Protect|p1a: Dondozo\n|-singleturn|p1a: Dondozo|Protect\n|move|p2b: Tatsugiri|Draco Meteor|p1a: Dondozo\n|-activate|p1a: Dondozo|move: Protect\n|move|p2a: Arcanine|Flare Blitz|p1a: Dondozo\n|-activate|p1a: Dondozo|move: Protect\n|\n|-heal|p1a: Dondozo|21\/100|[from] item: Leftovers\n|-damage|p2a: Arcanine|88\/100 psn|[from] psn\n|upkeep\n|turn|7\n|\n|t:|1682494153\n|move|p2b: Tatsugiri|Draco Meteor|p1a: Dondozo|[miss]\n|-miss|p2b: Tatsugiri|p1a: Dondozo\n|move|p1a: Dondozo|Wave Crash|p2a: Arcanine\n|-supereffective|p2a: Arcanine\n|-damage|p2a: Arcanine|0 fnt\n|faint|p2a: Arcanine\n|-damage|p1a: Dondozo|0 fnt|[from] Recoil\n|faint|p1a: Dondozo\n|\n|upkeep\n|l|\u2606hit2000gun\n|inactive|hit2000gun disconnected and has a minute to reconnect!\n|player|p2|\n|inactive|hit2000gun has 30 seconds left.\n|inactive|hit2000gun has 20 seconds left.\n|inactive|hit2000gun has 15 seconds left.\n|inactive|hit2000gun has 10 seconds left.\n|inactive|hit2000gun has 5 seconds left.\n|-message|hit2000gun lost due to inactivity.\n|\n|win|haha u rage quit\n|raw|haha u rage quit's rating: 1391 → 1412<\/strong> (+21 for winning)\n|raw|hit2000gun's rating: 1416 → 1395<\/strong> (-21 for losing)\n","uploadtime":1682494211,"views":17,"p1id":"hahauragequit","p2id":"hit2000gun","formatid":"gen9vgc2023regulationc","rating":1395,"private":0,"password":""}