{"id":"gen9vgc2023regulationc-1854326021","p1":"titannexus","p2":"AndyLaVGC","format":"[Gen 9] VGC 2023 Regulation C","log":"|j|\u2606titannexus\n|j|\u2606AndyLaVGC\n|t:|1682797294\n|gametype|doubles\n|player|p1|titannexus|acetrainer-gen4|1470\n|player|p2|AndyLaVGC|101|1401\n|teamsize|p1|6\n|teamsize|p2|6\n|gen|9\n|tier|[Gen 9] VGC 2023 Regulation C\n|rated|\n|rule|Species Clause: Limit one of each Pok\u00e9mon\n|rule|Item Clause: Limit one of each item\n|clearpoke\n|poke|p1|Dondozo, L50, F|\n|poke|p1|Tatsugiri, L50, F|\n|poke|p1|Flutter Mane, L50|\n|poke|p1|Glimmora, L50, M|\n|poke|p1|Arcanine, L50, M|\n|poke|p1|Corviknight, L50, M|\n|poke|p2|Pincurchin, L50, M|\n|poke|p2|Iron Treads, L50|\n|poke|p2|Iron Bundle, L50|\n|poke|p2|Iron Hands, L50|\n|poke|p2|Iron Jugulis, L50|\n|poke|p2|Iron Moth, L50|\n|teampreview|4\n|j| Braindeadmeta\n|inactive|Battle timer is ON: inactive players will automatically lose when time's up. (requested by titannexus)\n|\n|t:|1682797332\n|start\n|switch|p1a: Glimmora|Glimmora, L50, M|100\/100\n|switch|p1b: Flutter Mane|Flutter Mane, L50|100\/100\n|switch|p2a: Pincurchin|Pincurchin, L50, M|100\/100\n|switch|p2b: Iron Moth|Iron Moth, L50|100\/100\n|-fieldstart|move: Electric Terrain|[from] ability: Electric Surge|[of] p2a: Pincurchin\n|-activate|p2b: Iron Moth|ability: Quark Drive\n|-start|p2b: Iron Moth|quarkdrivespa\n|-enditem|p1b: Flutter Mane|Booster Energy\n|-activate|p1b: Flutter Mane|ability: Protosynthesis|[fromitem]\n|-start|p1b: Flutter Mane|protosynthesisspa\n|turn|1\n|\n|t:|1682797349\n|move|p2b: Iron Moth|Protect|p2b: Iron Moth\n|-singleturn|p2b: Iron Moth|Protect\n|move|p1b: Flutter Mane|Protect|p1b: Flutter Mane\n|-singleturn|p1b: Flutter Mane|Protect\n|move|p1a: Glimmora|Earth Power|p2b: Iron Moth\n|-activate|p2b: Iron Moth|move: Protect\n|move|p2a: Pincurchin|Discharge|p1b: Flutter Mane|[spread] p1a\n|-activate|p2b: Iron Moth|move: Protect\n|-activate|p1b: Flutter Mane|move: Protect\n|-damage|p1a: Glimmora|68\/100\n|\n|upkeep\n|turn|2\n|inactive|titannexus has 30 seconds left.\n|inactive|AndyLaVGC has 30 seconds left.\n|inactive|titannexus has 20 seconds left.\n|inactive|AndyLaVGC has 20 seconds left.\n|inactive|AndyLaVGC has 15 seconds left.\n|inactive|AndyLaVGC has 10 seconds left.\n|inactive|AndyLaVGC has 5 seconds left.\n|\n|t:|1682797404\n|move|p2b: Iron Moth|Heat Wave|p1a: Glimmora|[spread] p1a,p1b\n|-resisted|p1a: Glimmora\n|-damage|p1a: Glimmora|34\/100\n|-damage|p1b: Flutter Mane|47\/100\n|move|p1b: Flutter Mane|Shadow Ball|p2b: Iron Moth\n|-damage|p2b: Iron Moth|41\/100\n|move|p1a: Glimmora|Earth Power|p2b: Iron Moth\n|-supereffective|p2b: Iron Moth\n|-damage|p2b: Iron Moth|0 fnt\n|faint|p2b: Iron Moth\n|-end|p2b: Iron Moth|Quark Drive|[silent]\n|move|p2a: Pincurchin|Acupressure|p2a: Pincurchin\n|-boost|p2a: Pincurchin|def|2\n|\n|upkeep\n|\n|t:|1682797418\n|switch|p2b: Iron Bundle|Iron Bundle, L50|100\/100\n|-activate|p2b: Iron Bundle|ability: Quark Drive\n|-start|p2b: Iron Bundle|quarkdrivespe\n|turn|3\n|-activate|p2a: Pincurchin|item: Quick Claw\n|\n|t:|1682797429\n|-end|p1b: Flutter Mane|Protosynthesis|[silent]\n|switch|p1b: Dondozo|Dondozo, L50, F|100\/100\n|switch|p1a: Tatsugiri|Tatsugiri, L50, F|100\/100\n|-activate|p1a: Tatsugiri|ability: Commander|[of] p1b: Dondozo\n|-boost|p1b: Dondozo|atk|2\n|-boost|p1b: Dondozo|spa|2\n|-boost|p1b: Dondozo|spe|2\n|-boost|p1b: Dondozo|def|2\n|-boost|p1b: Dondozo|spd|2\n|move|p2b: Iron Bundle|Protect|p2b: Iron Bundle\n|-singleturn|p2b: Iron Bundle|Protect\n|move|p2a: Pincurchin|Discharge|p1b: Dondozo|[spread] p1b\n|-miss|p2a: Pincurchin|p1a: Tatsugiri\n|-activate|p2b: Iron Bundle|move: Protect\n|-supereffective|p1b: Dondozo\n|-damage|p1b: Dondozo|75\/100\n|\n|upkeep\n|turn|4\n|-activate|p2a: Pincurchin|item: Quick Claw\n|\n|t:|1682797443\n|-terastallize|p1b: Dondozo|Grass\n|move|p2a: Pincurchin|Chilling Water|p1b: Dondozo\n|-resisted|p1b: Dondozo\n|-damage|p1b: Dondozo|72\/100\n|-unboost|p1b: Dondozo|atk|1\n|move|p2b: Iron Bundle|Freeze-Dry|p1b: Dondozo\n|-supereffective|p1b: Dondozo\n|-damage|p1b: Dondozo|39\/100\n|move|p1b: Dondozo|Tera Blast|p2b: Iron Bundle\n|-supereffective|p2b: Iron Bundle\n|-damage|p2b: Iron Bundle|0 fnt\n|faint|p2b: Iron Bundle\n|-end|p2b: Iron Bundle|Quark Drive|[silent]\n|\n|upkeep\n|\n|t:|1682797451\n|switch|p2b: Iron Hands|Iron Hands, L50|100\/100\n|-activate|p2b: Iron Hands|ability: Quark Drive\n|-start|p2b: Iron Hands|quarkdriveatk\n|turn|5\n|\n|t:|1682797458\n|move|p2b: Iron Hands|Fake Out|p1b: Dondozo\n|-damage|p1b: Dondozo|33\/100\n|cant|p1b: Dondozo|flinch\n|move|p2a: Pincurchin|Acupressure|p2b: Iron Hands\n|-boost|p2b: Iron Hands|spe|2\n|\n|-fieldend|move: Electric Terrain\n|-end|p2b: Iron Hands|Quark Drive\n|upkeep\n|turn|6\n|inactive|AndyLaVGC has 30 seconds left.\n|-activate|p2a: Pincurchin|item: Quick Claw\n|\n|t:|1682797485\n|move|p2a: Pincurchin|Acupressure|p2b: Iron Hands\n|-boost|p2b: Iron Hands|evasion|2\n|move|p1b: Dondozo|Rest|p1b: Dondozo\n|-status|p1b: Dondozo|slp|[from] move: Rest\n|-heal|p1b: Dondozo|100\/100 slp|[silent]\n|-enditem|p1b: Dondozo|Chesto Berry|[eat]\n|-curestatus|p1b: Dondozo|slp|[msg]\n|move|p2b: Iron Hands|Drain Punch|p1b: Dondozo\n|-damage|p1b: Dondozo|89\/100\n|\n|upkeep\n|turn|7\n|c|\u2606titannexus|I\u2019munaware\n|\n|t:|1682797502\n|move|p2b: Iron Hands|Protect|p2b: Iron Hands\n|-singleturn|p2b: Iron Hands|Protect\n|move|p1b: Dondozo|Earthquake|p2a: Pincurchin|[spread] p2a\n|-miss|p1b: Dondozo|p1a: Tatsugiri\n|-activate|p2b: Iron Hands|move: Protect\n|-supereffective|p2a: Pincurchin\n|-damage|p2a: Pincurchin|36\/100\n|move|p2a: Pincurchin|Acupressure|p2b: Iron Hands\n|-boost|p2b: Iron Hands|evasion|2\n|\n|upkeep\n|turn|8\n|inactive|AndyLaVGC has 30 seconds left.\n|c|\u2606AndyLaVGC|me too\n|inactive|AndyLaVGC has 20 seconds left.\n|-activate|p2a: Pincurchin|item: Quick Claw\n|\n|t:|1682797542\n|-terastallize|p2b: Iron Hands|Grass\n|move|p2a: Pincurchin|Chilling Water|p1b: Dondozo\n|-resisted|p1b: Dondozo\n|-damage|p1b: Dondozo|87\/100\n|-unboost|p1b: Dondozo|atk|1\n|move|p1b: Dondozo|Earthquake|p2b: Iron Hands|[spread] p2a,p2b\n|-miss|p1b: Dondozo|p1a: Tatsugiri\n|-supereffective|p2a: Pincurchin\n|-resisted|p2b: Iron Hands\n|-damage|p2a: Pincurchin|0 fnt\n|-damage|p2b: Iron Hands|95\/100\n|faint|p2a: Pincurchin\n|move|p2b: Iron Hands|Drain Punch|p1b: Dondozo\n|-damage|p1b: Dondozo|75\/100\n|-heal|p2b: Iron Hands|100\/100|[from] drain|[of] p1b: Dondozo\n|\n|upkeep\n|turn|9\n|\n|t:|1682797552\n|move|p1b: Dondozo|Tera Blast|p2b: Iron Hands\n|-resisted|p2b: Iron Hands\n|-crit|p2b: Iron Hands\n|-damage|p2b: Iron Hands|82\/100\n|move|p2b: Iron Hands|Drain Punch|p1b: Dondozo\n|-damage|p1b: Dondozo|64\/100\n|-heal|p2b: Iron Hands|88\/100|[from] drain|[of] p1b: Dondozo\n|\n|-heal|p2b: Iron Hands|94\/100|[from] item: Leftovers\n|upkeep\n|turn|10\n|\n|t:|1682797568\n|move|p1b: Dondozo|Wave Crash|p2b: Iron Hands\n|-resisted|p2b: Iron Hands\n|-damage|p2b: Iron Hands|80\/100\n|-damage|p1b: Dondozo|59\/100|[from] Recoil\n|move|p2b: Iron Hands|Drain Punch|p1b: Dondozo\n|-damage|p1b: Dondozo|48\/100\n|-heal|p2b: Iron Hands|86\/100|[from] drain|[of] p1b: Dondozo\n|\n|-heal|p2b: Iron Hands|92\/100|[from] item: Leftovers\n|upkeep\n|turn|11\n|\n|t:|1682797591\n|move|p1b: Dondozo|Earthquake|p2b: Iron Hands|[spread] p2b\n|-miss|p1b: Dondozo|p1a: Tatsugiri\n|-resisted|p2b: Iron Hands\n|-damage|p2b: Iron Hands|86\/100\n|move|p2b: Iron Hands|Drain Punch|p1b: Dondozo\n|-damage|p1b: Dondozo|37\/100\n|-heal|p2b: Iron Hands|92\/100|[from] drain|[of] p1b: Dondozo\n|\n|-heal|p2b: Iron Hands|98\/100|[from] item: Leftovers\n|upkeep\n|turn|12\n|\n|t:|1682797612\n|move|p2b: Iron Hands|Fake Out||[still]\n|-hint|Fake Out only works on your first turn out.\n|-fail|p2b: Iron Hands\n|move|p1b: Dondozo|Tera Blast|p2b: Iron Hands\n|-resisted|p2b: Iron Hands\n|-damage|p2b: Iron Hands|86\/100\n|\n|-heal|p2b: Iron Hands|92\/100|[from] item: Leftovers\n|upkeep\n|turn|13\n|\n|t:|1682797627\n|move|p2b: Iron Hands|Protect|p2b: Iron Hands\n|-singleturn|p2b: Iron Hands|Protect\n|move|p1b: Dondozo|Wave Crash|p2b: Iron Hands\n|-activate|p2b: Iron Hands|move: Protect\n|\n|-heal|p2b: Iron Hands|98\/100|[from] item: Leftovers\n|upkeep\n|turn|14\n|\n|t:|1682797638\n|move|p2b: Iron Hands|Fake Out||[still]\n|-hint|Fake Out only works on your first turn out.\n|-fail|p2b: Iron Hands\n|move|p1b: Dondozo|Wave Crash|p2b: Iron Hands\n|-resisted|p2b: Iron Hands\n|-damage|p2b: Iron Hands|85\/100\n|-damage|p1b: Dondozo|33\/100|[from] Recoil\n|\n|-heal|p2b: Iron Hands|91\/100|[from] item: Leftovers\n|upkeep\n|turn|15\n|\n|t:|1682797652\n|move|p1b: Dondozo|Tera Blast|p2b: Iron Hands\n|-resisted|p2b: Iron Hands\n|-damage|p2b: Iron Hands|78\/100\n|move|p2b: Iron Hands|Drain Punch|p1b: Dondozo\n|-damage|p1b: Dondozo|22\/100\n|-heal|p2b: Iron Hands|84\/100|[from] drain|[of] p1b: Dondozo\n|\n|-heal|p2b: Iron Hands|90\/100|[from] item: Leftovers\n|upkeep\n|turn|16\n|inactive|AndyLaVGC has 30 seconds left.\n|inactive|AndyLaVGC has 20 seconds left.\n|inactive|AndyLaVGC has 15 seconds left.\n|inactive|AndyLaVGC has 10 seconds left.\n|j| checas\n|inactive|AndyLaVGC has 5 seconds left.\n|\n|t:|1682797703\n|move|p1b: Dondozo|Rest|p1b: Dondozo\n|-status|p1b: Dondozo|slp|[from] move: Rest\n|-heal|p1b: Dondozo|100\/100 slp|[silent]\n|move|p2b: Iron Hands|Drain Punch|p1b: Dondozo\n|-damage|p1b: Dondozo|89\/100 slp\n|-heal|p2b: Iron Hands|96\/100|[from] drain|[of] p1b: Dondozo\n|\n|-heal|p2b: Iron Hands|100\/100|[from] item: Leftovers\n|upkeep\n|turn|17\n|\n|t:|1682797727\n|move|p2b: Iron Hands|Fake Out||[still]\n|-hint|Fake Out only works on your first turn out.\n|-fail|p2b: Iron Hands\n|cant|p1b: Dondozo|slp\n|\n|upkeep\n|turn|18\n|\n|t:|1682797732\n|move|p2b: Iron Hands|Fake Out||[still]\n|-hint|Fake Out only works on your first turn out.\n|-fail|p2b: Iron Hands\n|cant|p1b: Dondozo|slp\n|\n|upkeep\n|turn|19\n|\n|t:|1682797737\n|move|p2b: Iron Hands|Fake Out||[still]\n|-hint|Fake Out only works on your first turn out.\n|-fail|p2b: Iron Hands\n|-curestatus|p1b: Dondozo|slp|[msg]\n|move|p1b: Dondozo|Earthquake|p2b: Iron Hands|[spread] p2b\n|-miss|p1b: Dondozo|p1a: Tatsugiri\n|-resisted|p2b: Iron Hands\n|-damage|p2b: Iron Hands|95\/100\n|\n|-heal|p2b: Iron Hands|100\/100|[from] item: Leftovers\n|upkeep\n|turn|20\n|\n|t:|1682797744\n|move|p2b: Iron Hands|Fake Out||[still]\n|-hint|Fake Out only works on your first turn out.\n|-fail|p2b: Iron Hands\n|move|p1b: Dondozo|Earthquake|p2b: Iron Hands|[spread] p2b\n|-miss|p1b: Dondozo|p1a: Tatsugiri\n|-resisted|p2b: Iron Hands\n|-damage|p2b: Iron Hands|95\/100\n|\n|-heal|p2b: Iron Hands|100\/100|[from] item: Leftovers\n|upkeep\n|turn|21\n|\n|t:|1682797746\n|move|p2b: Iron Hands|Fake Out||[still]\n|-hint|Fake Out only works on your first turn out.\n|-fail|p2b: Iron Hands\n|move|p1b: Dondozo|Earthquake|p2b: Iron Hands|[spread] p2b\n|-miss|p1b: Dondozo|p1a: Tatsugiri\n|-resisted|p2b: Iron Hands\n|-damage|p2b: Iron Hands|94\/100\n|\n|-heal|p2b: Iron Hands|100\/100|[from] item: Leftovers\n|upkeep\n|turn|22\n|\n|t:|1682797751\n|move|p2b: Iron Hands|Fake Out||[still]\n|-hint|Fake Out only works on your first turn out.\n|-fail|p2b: Iron Hands\n|move|p1b: Dondozo|Earthquake|p2b: Iron Hands|[spread] p2b\n|-miss|p1b: Dondozo|p1a: Tatsugiri\n|-resisted|p2b: Iron Hands\n|-damage|p2b: Iron Hands|95\/100\n|\n|-heal|p2b: Iron Hands|100\/100|[from] item: Leftovers\n|upkeep\n|turn|23\n|\n|t:|1682797753\n|move|p2b: Iron Hands|Fake Out||[still]\n|-hint|Fake Out only works on your first turn out.\n|-fail|p2b: Iron Hands\n|move|p1b: Dondozo|Earthquake|p2b: Iron Hands|[spread] p2b\n|-miss|p1b: Dondozo|p1a: Tatsugiri\n|-resisted|p2b: Iron Hands\n|-damage|p2b: Iron Hands|94\/100\n|\n|-heal|p2b: Iron Hands|99\/100|[from] item: Leftovers\n|upkeep\n|turn|24\n|\n|t:|1682797755\n|move|p2b: Iron Hands|Fake Out||[still]\n|-hint|Fake Out only works on your first turn out.\n|-fail|p2b: Iron Hands\n|move|p1b: Dondozo|Earthquake|p2b: Iron Hands|[spread] p2b\n|-miss|p1b: Dondozo|p1a: Tatsugiri\n|-resisted|p2b: Iron Hands\n|-damage|p2b: Iron Hands|94\/100\n|\n|-heal|p2b: Iron Hands|99\/100|[from] item: Leftovers\n|upkeep\n|turn|25\n|\n|t:|1682797758\n|move|p2b: Iron Hands|Fake Out||[still]\n|-hint|Fake Out only works on your first turn out.\n|-fail|p2b: Iron Hands\n|move|p1b: Dondozo|Earthquake|p2b: Iron Hands|[spread] p2b\n|-miss|p1b: Dondozo|p1a: Tatsugiri\n|-resisted|p2b: Iron Hands\n|-damage|p2b: Iron Hands|94\/100\n|\n|-heal|p2b: Iron Hands|99\/100|[from] item: Leftovers\n|upkeep\n|turn|26\n|\n|t:|1682797761\n|move|p2b: Iron Hands|Fake Out||[still]\n|-hint|Fake Out only works on your first turn out.\n|-fail|p2b: Iron Hands\n|move|p1b: Dondozo|Wave Crash|p2b: Iron Hands\n|-resisted|p2b: Iron Hands\n|-damage|p2b: Iron Hands|86\/100\n|-damage|p1b: Dondozo|84\/100|[from] Recoil\n|\n|-heal|p2b: Iron Hands|92\/100|[from] item: Leftovers\n|upkeep\n|turn|27\n|\n|t:|1682797766\n|move|p2b: Iron Hands|Protect|p2b: Iron Hands\n|-singleturn|p2b: Iron Hands|Protect\n|move|p1b: Dondozo|Wave Crash|p2b: Iron Hands\n|-activate|p2b: Iron Hands|move: Protect\n|\n|-heal|p2b: Iron Hands|98\/100|[from] item: Leftovers\n|upkeep\n|turn|28\n|\n|t:|1682797771\n|move|p2b: Iron Hands|Fake Out||[still]\n|-hint|Fake Out only works on your first turn out.\n|-fail|p2b: Iron Hands\n|move|p1b: Dondozo|Wave Crash|p2b: Iron Hands\n|-resisted|p2b: Iron Hands\n|-damage|p2b: Iron Hands|84\/100\n|-damage|p1b: Dondozo|80\/100|[from] Recoil\n|\n|-heal|p2b: Iron Hands|90\/100|[from] item: Leftovers\n|upkeep\n|turn|29\n|\n|t:|1682797776\n|move|p2b: Iron Hands|Protect|p2b: Iron Hands\n|-singleturn|p2b: Iron Hands|Protect\n|move|p1b: Dondozo|Wave Crash|p2b: Iron Hands\n|-activate|p2b: Iron Hands|move: Protect\n|\n|-heal|p2b: Iron Hands|96\/100|[from] item: Leftovers\n|upkeep\n|turn|30\n|\n|t:|1682797779\n|move|p2b: Iron Hands|Fake Out||[still]\n|-hint|Fake Out only works on your first turn out.\n|-fail|p2b: Iron Hands\n|move|p1b: Dondozo|Wave Crash|p2b: Iron Hands\n|-resisted|p2b: Iron Hands\n|-damage|p2b: Iron Hands|82\/100\n|-damage|p1b: Dondozo|75\/100|[from] Recoil\n|\n|-heal|p2b: Iron Hands|88\/100|[from] item: Leftovers\n|upkeep\n|turn|31\n|\n|t:|1682797782\n|move|p2b: Iron Hands|Protect|p2b: Iron Hands\n|-singleturn|p2b: Iron Hands|Protect\n|move|p1b: Dondozo|Wave Crash|p2b: Iron Hands\n|-activate|p2b: Iron Hands|move: Protect\n|\n|-heal|p2b: Iron Hands|94\/100|[from] item: Leftovers\n|upkeep\n|turn|32\n|\n|t:|1682797784\n|move|p2b: Iron Hands|Fake Out||[still]\n|-hint|Fake Out only works on your first turn out.\n|-fail|p2b: Iron Hands\n|move|p1b: Dondozo|Wave Crash|p2b: Iron Hands\n|-resisted|p2b: Iron Hands\n|-damage|p2b: Iron Hands|78\/100\n|-damage|p1b: Dondozo|70\/100|[from] Recoil\n|\n|-heal|p2b: Iron Hands|84\/100|[from] item: Leftovers\n|upkeep\n|turn|33\n|j| HolyStallion\n|\n|t:|1682797792\n|move|p2b: Iron Hands|Protect|p2b: Iron Hands\n|-singleturn|p2b: Iron Hands|Protect\n|move|p1b: Dondozo|Wave Crash|p2b: Iron Hands\n|-activate|p2b: Iron Hands|move: Protect\n|\n|-heal|p2b: Iron Hands|91\/100|[from] item: Leftovers\n|upkeep\n|turn|34\n|\n|t:|1682797798\n|move|p1b: Dondozo|Wave Crash|p2b: Iron Hands\n|-resisted|p2b: Iron Hands\n|-damage|p2b: Iron Hands|77\/100\n|-damage|p1b: Dondozo|66\/100|[from] Recoil\n|move|p2b: Iron Hands|Wild Charge|p1b: Dondozo\n|-resisted|p1b: Dondozo\n|-damage|p1b: Dondozo|59\/100\n|-damage|p2b: Iron Hands|75\/100|[from] Recoil\n|\n|-heal|p2b: Iron Hands|81\/100|[from] item: Leftovers\n|upkeep\n|turn|35\n|\n|t:|1682797805\n|move|p2b: Iron Hands|Protect|p2b: Iron Hands\n|-singleturn|p2b: Iron Hands|Protect\n|move|p1b: Dondozo|Wave Crash|p2b: Iron Hands\n|-activate|p2b: Iron Hands|move: Protect\n|\n|-heal|p2b: Iron Hands|87\/100|[from] item: Leftovers\n|upkeep\n|turn|36\n|\n|t:|1682797808\n|move|p1b: Dondozo|Wave Crash|p2b: Iron Hands\n|-resisted|p2b: Iron Hands\n|-damage|p2b: Iron Hands|74\/100\n|-damage|p1b: Dondozo|54\/100|[from] Recoil\n|move|p2b: Iron Hands|Wild Charge|p1b: Dondozo\n|-resisted|p1b: Dondozo\n|-crit|p1b: Dondozo\n|-damage|p1b: Dondozo|35\/100\n|-damage|p2b: Iron Hands|69\/100|[from] Recoil\n|\n|-heal|p2b: Iron Hands|75\/100|[from] item: Leftovers\n|upkeep\n|turn|37\n|\n|t:|1682797817\n|move|p2b: Iron Hands|Protect|p2b: Iron Hands\n|-singleturn|p2b: Iron Hands|Protect\n|move|p1b: Dondozo|Wave Crash|p2b: Iron Hands\n|-activate|p2b: Iron Hands|move: Protect\n|\n|-heal|p2b: Iron Hands|81\/100|[from] item: Leftovers\n|upkeep\n|turn|38\n|\n|t:|1682797822\n|move|p1b: Dondozo|Tera Blast|p2b: Iron Hands\n|-resisted|p2b: Iron Hands\n|-damage|p2b: Iron Hands|69\/100\n|move|p2b: Iron Hands|Wild Charge|p1b: Dondozo\n|-resisted|p1b: Dondozo\n|-crit|p1b: Dondozo\n|-damage|p1b: Dondozo|13\/100\n|-damage|p2b: Iron Hands|63\/100|[from] Recoil\n|\n|-heal|p2b: Iron Hands|69\/100|[from] item: Leftovers\n|upkeep\n|turn|39\n|\n|t:|1682797829\n|move|p1b: Dondozo|Tera Blast|p2b: Iron Hands\n|-resisted|p2b: Iron Hands\n|-damage|p2b: Iron Hands|57\/100\n|move|p2b: Iron Hands|Drain Punch|p1b: Dondozo\n|-damage|p1b: Dondozo|1\/100\n|-heal|p2b: Iron Hands|63\/100|[from] drain|[of] p1b: Dondozo\n|\n|-heal|p2b: Iron Hands|69\/100|[from] item: Leftovers\n|upkeep\n|turn|40\n|\n|t:|1682797844\n|move|p1b: Dondozo|Tera Blast|p2b: Iron Hands\n|-resisted|p2b: Iron Hands\n|-damage|p2b: Iron Hands|56\/100\n|move|p2b: Iron Hands|Wild Charge|p1b: Dondozo\n|-resisted|p1b: Dondozo\n|-damage|p1b: Dondozo|0 fnt\n|faint|p1b: Dondozo\n|-damage|p2b: Iron Hands|56\/100|[from] Recoil\n|\n|-heal|p2b: Iron Hands|62\/100|[from] item: Leftovers\n|upkeep\n|\n|t:|1682797858\n|switch|p1b: Glimmora|Glimmora, L50, M|34\/100\n|turn|41\n|\n|t:|1682797870\n|move|p2b: Iron Hands|Protect|p2b: Iron Hands\n|-singleturn|p2b: Iron Hands|Protect\n|move|p1a: Tatsugiri|Draco Meteor|p2b: Iron Hands\n|-activate|p2b: Iron Hands|move: Protect\n|move|p1b: Glimmora|Mortal Spin|p2b: Iron Hands\n|-activate|p2b: Iron Hands|move: Protect\n|\n|-heal|p2b: Iron Hands|68\/100|[from] item: Leftovers\n|upkeep\n|turn|42\n|\n|t:|1682797878\n|move|p1a: Tatsugiri|Draco Meteor|p2b: Iron Hands|[miss]\n|-miss|p1a: Tatsugiri|p2b: Iron Hands\n|move|p2b: Iron Hands|Drain Punch|p1a: Tatsugiri\n|-damage|p1a: Tatsugiri|35\/100\n|-heal|p2b: Iron Hands|88\/100|[from] drain|[of] p1a: Tatsugiri\n|move|p1b: Glimmora|Mortal Spin|p2b: Iron Hands|[miss]\n|-miss|p1b: Glimmora|p2b: Iron Hands\n|\n|-heal|p2b: Iron Hands|94\/100|[from] item: Leftovers\n|upkeep\n|turn|43\n|\n|t:|1682797888\n|move|p1a: Tatsugiri|Draco Meteor|p2b: Iron Hands|[miss]\n|-miss|p1a: Tatsugiri|p2b: Iron Hands\n|move|p2b: Iron Hands|Drain Punch|p1b: Glimmora\n|-damage|p1b: Glimmora|0 fnt\n|-heal|p2b: Iron Hands|100\/100|[from] drain|[of] p1b: Glimmora\n|-activate|p1b: Glimmora|ability: Toxic Debris\n|-sidestart|p2: AndyLaVGC|move: Toxic Spikes\n|faint|p1b: Glimmora\n|\n|upkeep\n|\n|t:|1682797894\n|switch|p1b: Flutter Mane|Flutter Mane, L50|47\/100\n|turn|44\n|\n|t:|1682797898\n|move|p2b: Iron Hands|Protect|p2b: Iron Hands\n|-singleturn|p2b: Iron Hands|Protect\n|move|p1a: Tatsugiri|Draco Meteor|p2b: Iron Hands\n|-activate|p2b: Iron Hands|move: Protect\n|move|p1b: Flutter Mane|Moonblast|p2b: Iron Hands\n|-activate|p2b: Iron Hands|move: Protect\n|\n|upkeep\n|turn|45\n|\n|t:|1682797901\n|move|p1a: Tatsugiri|Draco Meteor|p2b: Iron Hands|[miss]\n|-miss|p1a: Tatsugiri|p2b: Iron Hands\n|move|p1b: Flutter Mane|Moonblast|p2b: Iron Hands|[miss]\n|-miss|p1b: Flutter Mane|p2b: Iron Hands\n|move|p2b: Iron Hands|Wild Charge|p1b: Flutter Mane\n|-damage|p1b: Flutter Mane|0 fnt\n|faint|p1b: Flutter Mane\n|-end|p1b: Flutter Mane|Protosynthesis|[silent]\n|-damage|p2b: Iron Hands|93\/100|[from] Recoil\n|\n|-heal|p2b: Iron Hands|99\/100|[from] item: Leftovers\n|upkeep\n|turn|46\n|-message|titannexus forfeited.\n|\n|win|AndyLaVGC\n|raw|titannexus's rating: 1470 → 1446<\/strong> (-24 for losing)\n|raw|AndyLaVGC's rating: 1401 → 1425<\/strong> (+24 for winning)\n","uploadtime":1682797922,"views":59,"p1id":"titannexus","p2id":"andylavgc","formatid":"gen9vgc2023regulationc","rating":1425,"private":0,"password":""}