{"id":"gen9vgc2023regulationc-1856867254","p1":"LadyTurnaboutBT<3","p2":"scoliPEDs 3.0","format":"[Gen 9] VGC 2023 Regulation C","log":"|j|\u2606LadyTurnaboutBT<3\n|j|\u2606scoliPEDs 3.0\n|t:|1683120960\n|gametype|doubles\n|player|p1|LadyTurnaboutBT<3|madame-gen4|\n|player|p2|scoliPEDs 3.0|volkner|\n|teamsize|p1|6\n|teamsize|p2|6\n|gen|9\n|tier|[Gen 9] VGC 2023 Regulation C\n|rated|Tournament battle\n|rule|Species Clause: Limit one of each Pok\u00e9mon\n|rule|Item Clause: Limit one of each item\n|clearpoke\n|poke|p1|Meowscarada, L50, M|\n|poke|p1|Flutter Mane, L50|\n|poke|p1|Torkoal, L50, F|\n|poke|p1|Tyranitar, L50, F|\n|poke|p1|Slowbro, L50, F|\n|poke|p1|Hatterene, L50, F|\n|poke|p2|Glimmora, L50, M|\n|poke|p2|Tyranitar, L50, M|\n|poke|p2|Amoonguss, L50, F|\n|poke|p2|Gyarados, L50, F|\n|poke|p2|Chi-Yu, L50|\n|poke|p2|Flutter Mane, L50|\n|teampreview|4\n|inactive|Battle timer is ON: inactive players will automatically lose when time's up. (requested by LadyTurnaboutBT<3)\n|c|\u2606LadyTurnaboutBT<3|Glhf!~\n|c|\u2606scoliPEDs 3.0|u2\n|j|#DaWoblefet\n|j| ale cog\n|inactive|LadyTurnaboutBT<3 has 60 seconds left.\n|inactive|scoliPEDs 3.0 has 60 seconds left.\n|inactive|LadyTurnaboutBT<3 has 30 seconds left.\n|\n|t:|1683121024\n|start\n|switch|p1a: Torks|Torkoal, L50, F|100\/100\n|switch|p1b: huh?|Slowbro, L50, F|100\/100\n|switch|p2a: Glimmora|Glimmora, L50, M|100\/100\n|switch|p2b: Tyranitar|Tyranitar, L50, M|100\/100\n|-weather|Sandstorm|[from] ability: Sand Stream|[of] p2b: Tyranitar\n|-weather|SunnyDay|[from] ability: Drought|[of] p1a: Torks\n|turn|1\n|inactive|scoliPEDs 3.0 has 30 seconds left.\n|j| Eldegoss32\n|inactive|scoliPEDs 3.0 has 20 seconds left.\n|\n|t:|1683121064\n|-terastallize|p1b: huh?|Dark\n|move|p2a: Glimmora|Mortal Spin|p1b: huh?|[spread] p1a,p1b\n|-damage|p1a: Torks|97\/100\n|-damage|p1b: huh?|97\/100\n|-status|p1a: Torks|psn\n|-status|p1b: huh?|psn\n|move|p2b: Tyranitar|Assurance|p1b: huh?\n|-resisted|p1b: huh?\n|-damage|p1b: huh?|72\/100 psn\n|move|p1a: Torks|Solar Beam||[still]\n|-prepare|p1a: Torks|Solar Beam\n|-anim|p1a: Torks|Solar Beam|p2b: Tyranitar\n|-supereffective|p2b: Tyranitar\n|-damage|p2b: Tyranitar|64\/100\n|move|p1b: huh?|Trick Room|p1b: huh?\n|-fieldstart|move: Trick Room|[of] p1b: huh?\n|\n|-weather|SunnyDay|[upkeep]\n|-damage|p1a: Torks|85\/100 psn|[from] psn\n|-damage|p1b: huh?|60\/100 psn|[from] psn\n|upkeep\n|turn|2\n|\n|t:|1683121085\n|switch|p2b: Gyarados|Gyarados, L50, F|100\/100\n|-ability|p2b: Gyarados|Intimidate|boost\n|-unboost|p1a: Torks|atk|1\n|-fail|p1b: huh?|unboost|Attack|[from] ability: Oblivious|[of] p1b: huh?\n|move|p2a: Glimmora|Spiky Shield|p2a: Glimmora\n|-singleturn|p2a: Glimmora|move: Protect\n|move|p1a: Torks|Heat Wave|p2a: Glimmora|[spread] p2b\n|-activate|p2a: Glimmora|move: Protect\n|-resisted|p2b: Gyarados\n|-damage|p2b: Gyarados|83\/100\n|move|p1b: huh?|Psyshock|p2a: Glimmora\n|-activate|p2a: Glimmora|move: Protect\n|\n|-weather|SunnyDay|[upkeep]\n|-damage|p1a: Torks|72\/100 psn|[from] psn\n|-damage|p1b: huh?|47\/100 psn|[from] psn\n|upkeep\n|turn|3\n|inactive|LadyTurnaboutBT<3 has 30 seconds left.\n|\n|t:|1683121116\n|switch|p2a: Tyranitar|Tyranitar, L50, M|64\/100\n|-weather|Sandstorm|[from] ability: Sand Stream|[of] p2a: Tyranitar\n|move|p1a: Torks|Solar Beam||[still]\n|-prepare|p1a: Torks|Solar Beam\n|move|p1b: huh?|Slack Off|p1b: huh?\n|-heal|p1b: huh?|97\/100 psn\n|move|p2b: Gyarados|Waterfall|p1a: Torks\n|-supereffective|p1a: Torks\n|-damage|p1a: Torks|21\/100 psn\n|\n|-weather|Sandstorm|[upkeep]\n|-damage|p1a: Torks|15\/100 psn|[from] Sandstorm\n|-damage|p1a: Torks|3\/100 psn|[from] psn\n|-damage|p1b: huh?|85\/100 psn|[from] psn\n|upkeep\n|turn|4\n|l| Eldegoss32\n|inactive|scoliPEDs 3.0 has 30 seconds left.\n|\n|t:|1683121145\n|switch|p1b: Toph|Tyranitar, L50, F|100\/100\n|move|p1a: Torks|Solar Beam|p2b: Gyarados|[from]lockedmove\n|-damage|p2b: Gyarados|71\/100\n|move|p2a: Tyranitar|Rock Slide|p1a: Torks|[spread] p1a,p1b\n|-supereffective|p1a: Torks\n|-damage|p1a: Torks|0 fnt\n|-damage|p1b: Toph|75\/100\n|faint|p1a: Torks\n|move|p2b: Gyarados|Waterfall|p1b: Toph\n|-supereffective|p1b: Toph\n|-damage|p1b: Toph|21\/100\n|\n|-weather|Sandstorm|[upkeep]\n|upkeep\n|\n|t:|1683121157\n|switch|p1a: trixie|Flutter Mane, L50|100\/100\n|turn|5\n|\n|t:|1683121174\n|switch|p2b: Glimmora|Glimmora, L50, M|100\/100\n|-terastallize|p2a: Tyranitar|Flying\n|move|p1a: trixie|Moonblast|p2a: Tyranitar\n|-damage|p2a: Tyranitar|30\/100\n|-unboost|p2a: Tyranitar|spa|1\n|move|p2a: Tyranitar|Heavy Slam|p1a: trixie\n|-supereffective|p1a: trixie\n|-damage|p1a: trixie|0 fnt\n|faint|p1a: trixie\n|-end|p1a: trixie|Protosynthesis|[silent]\n|move|p1b: Toph|Rock Slide|p2a: Tyranitar|[spread] p2a,p2b\n|-supereffective|p2a: Tyranitar\n|-damage|p2a: Tyranitar|0 fnt\n|-damage|p2b: Glimmora|65\/100\n|-activate|p2b: Glimmora|ability: Toxic Debris\n|-sidestart|p1: LadyTurnaboutBT<3|move: Toxic Spikes\n|faint|p2a: Tyranitar\n|\n|-weather|Sandstorm|[upkeep]\n|-fieldend|move: Trick Room\n|upkeep\n|\n|t:|1683121193\n|switch|p1a: huh?|Slowbro, L50, F, tera:Dark|85\/100 psn\n|switch|p2a: Flutter Mane|Flutter Mane, L50|100\/100\n|-enditem|p2a: Flutter Mane|Booster Energy\n|-activate|p2a: Flutter Mane|ability: Protosynthesis|[fromitem]\n|-start|p2a: Flutter Mane|protosynthesisspe\n|turn|6\n|\n|t:|1683121209\n|move|p2a: Flutter Mane|Moonblast|p1a: huh?\n|-supereffective|p1a: huh?\n|-damage|p1a: huh?|10\/100 psn\n|move|p2b: Glimmora|Mortal Spin|p1b: Toph|[spread] p1a,p1b\n|-resisted|p1b: Toph\n|-crit|p1b: Toph\n|-damage|p1a: huh?|7\/100 psn\n|-damage|p1b: Toph|19\/100\n|-status|p1b: Toph|psn\n|move|p1b: Toph|Rock Slide|p2b: Glimmora|[spread] p2a\n|-miss|p1b: Toph|p2b: Glimmora\n|-damage|p2a: Flutter Mane|41\/100\n|move|p1a: huh?|Psyshock|p2b: Glimmora\n|-supereffective|p2b: Glimmora\n|-damage|p2b: Glimmora|2\/100\n|\n|-weather|Sandstorm|[upkeep]\n|-damage|p2a: Flutter Mane|36\/100|[from] Sandstorm\n|-damage|p1b: Toph|6\/100 psn|[from] psn\n|-damage|p1a: huh?|0 fnt|[from] psn\n|faint|p1a: huh?\n|upkeep\n|turn|7\n|c|\u2606LadyTurnaboutBT<3|lol gg!~\n|c|\u2606scoliPEDs 3.0|gg\n|inactive|LadyTurnaboutBT<3 has 30 seconds left.\n|c|\u2606LadyTurnaboutBT<3|gz\n|\n|t:|1683121241\n|move|p2a: Flutter Mane|Protect|p2a: Flutter Mane\n|-singleturn|p2a: Flutter Mane|Protect\n|move|p2b: Glimmora|Spiky Shield|p2b: Glimmora\n|-singleturn|p2b: Glimmora|move: Protect\n|move|p1b: Toph|Rock Slide|p2b: Glimmora|[spread] \n|-activate|p2a: Flutter Mane|move: Protect\n|-activate|p2b: Glimmora|move: Protect\n|\n|-weather|none\n|-damage|p1b: Toph|0 fnt|[from] psn\n|faint|p1b: Toph\n|\n|win|scoliPEDs 3.0\n|upkeep\n|n|\u2606LadyTurnaboutBT<3|ladyturnaboutbt3\n|n|\u2606scoliPEDs 3.0|scolipeds30\n|n|&DaWoblefet|dawoblefet\n|n| ale cog|alecog\n","uploadtime":1683121242,"views":10,"p1id":"ladyturnaboutbt3","p2id":"scolipeds30","formatid":"gen9vgc2023regulationc","rating":0,"private":0,"password":""}