{"id":"gen9vgc2023regulationc-1853056922","p1":"CaptainEricVGC","p2":"surubinga","format":"[Gen 9] VGC 2023 Regulation C","log":"|j|\u2606CaptainEricVGC\n|j|\u2606surubinga\n|t:|1682630202\n|gametype|doubles\n|player|p1|CaptainEricVGC|170|1108\n|player|p2|surubinga|1|1008\n|teamsize|p1|6\n|teamsize|p2|6\n|gen|9\n|tier|[Gen 9] VGC 2023 Regulation C\n|rated|\n|rule|Species Clause: Limit one of each Pok\u00e9mon\n|rule|Item Clause: Limit one of each item\n|clearpoke\n|poke|p1|Arcanine, L50, M|\n|poke|p1|Baxcalibur, L50, F|\n|poke|p1|Brute Bonnet, L50|\n|poke|p1|Flutter Mane, L50|\n|poke|p1|Palafin, L50, M|\n|poke|p1|Ting-Lu, L50|\n|poke|p2|Wo-Chien, L50|\n|poke|p2|Flutter Mane, L50|\n|poke|p2|Iron Bundle, L50|\n|poke|p2|Arcanine, L50, F|\n|poke|p2|Alomomola, L50, F|\n|poke|p2|Amoonguss, L50, F|\n|teampreview|4\nCaptainEricVGC has agreed to open team sheets.\n|\n|t:|1682630265\n|start\n|switch|p1a: Baxcalibur|Baxcalibur, L50, F|100\/100\n|switch|p1b: Brute Bonnet|Brute Bonnet, L50|100\/100\n|switch|p2a: Flutter Mane|Flutter Mane, L50|100\/100\n|switch|p2b: Arcanine|Arcanine, L50, F|100\/100\n|-ability|p2b: Arcanine|Intimidate|boost\n|-unboost|p1a: Baxcalibur|atk|1\n|-unboost|p1b: Brute Bonnet|atk|1\n|turn|1\n|\n|t:|1682630289\n|move|p1a: Baxcalibur|Protect|p1a: Baxcalibur\n|-singleturn|p1a: Baxcalibur|Protect\n|move|p1b: Brute Bonnet|Protect|p1b: Brute Bonnet\n|-singleturn|p1b: Brute Bonnet|Protect\n|move|p2a: Flutter Mane|Dazzling Gleam|p1b: Brute Bonnet|[spread] \n|-activate|p1a: Baxcalibur|move: Protect\n|-activate|p1b: Brute Bonnet|move: Protect\n|move|p2b: Arcanine|Flare Blitz|p1b: Brute Bonnet\n|-activate|p1b: Brute Bonnet|move: Protect\n|\n|upkeep\n|turn|2\n|\n|t:|1682630306\n|switch|p2b: Amoonguss|Amoonguss, L50, F|100\/100\n|-end|p1b: Brute Bonnet|Protosynthesis|[silent]\n|switch|p1b: Ting-Lu|Ting-Lu, L50|100\/100\n|-ability|p1b: Ting-Lu|Vessel of Ruin\n|-terastallize|p1a: Baxcalibur|Water\n|move|p2a: Flutter Mane|Dazzling Gleam|p1b: Ting-Lu|[spread] p1a,p1b\n|-supereffective|p1b: Ting-Lu\n|-damage|p1a: Baxcalibur|74\/100\n|-damage|p1b: Ting-Lu|72\/100\n|-damage|p2a: Flutter Mane|91\/100|[from] item: Life Orb\n|move|p1a: Baxcalibur|Icicle Spear|p2a: Flutter Mane\n|-damage|p2a: Flutter Mane|65\/100\n|-damage|p2a: Flutter Mane|40\/100\n|-damage|p2a: Flutter Mane|17\/100\n|-damage|p2a: Flutter Mane|0 fnt\n|faint|p2a: Flutter Mane\n|-end|p2a: Flutter Mane|Protosynthesis|[silent]\n|-hitcount|p2: Flutter Mane|4\n|\n|upkeep\n|\n|t:|1682630325\n|switch|p2a: Arcanine|Arcanine, L50, F|100\/100\n|-ability|p2a: Arcanine|Intimidate|boost\n|-unboost|p1a: Baxcalibur|atk|1\n|-unboost|p1b: Ting-Lu|atk|1\n|turn|3\n|\n|t:|1682630349\n|switch|p1a: Brute Bonnet|Brute Bonnet, L50|100\/100\n|switch|p1b: Flutter Mane|Flutter Mane, L50|100\/100\n|-enditem|p1b: Flutter Mane|Booster Energy\n|-activate|p1b: Flutter Mane|ability: Protosynthesis|[fromitem]\n|-start|p1b: Flutter Mane|protosynthesisspa\n|move|p2b: Amoonguss|Protect|p2b: Amoonguss\n|-singleturn|p2b: Amoonguss|Protect\n|move|p2a: Arcanine|Will-O-Wisp|p1b: Flutter Mane\n|-status|p1b: Flutter Mane|brn\n|\n|-damage|p1b: Flutter Mane|95\/100 brn|[from] brn\n|upkeep\n|turn|4\n|\n|t:|1682630367\n|switch|p2b: Wo-Chien|Wo-Chien, L50|100\/100\n|-ability|p2b: Wo-Chien|Tablets of Ruin\n|move|p1a: Brute Bonnet|Sucker Punch|p2a: Arcanine\n|-damage|p2a: Arcanine|68\/100\n|move|p1b: Flutter Mane|Substitute|p1b: Flutter Mane\n|-start|p1b: Flutter Mane|Substitute\n|-damage|p1b: Flutter Mane|70\/100 brn\n|move|p2a: Arcanine|Flare Blitz|p1b: Flutter Mane\n|-end|p1b: Flutter Mane|Substitute\n|-damage|p2a: Arcanine|62\/100|[from] Recoil|[of] p1b: Flutter Mane\n|\n|-damage|p1b: Flutter Mane|64\/100 brn|[from] brn\n|upkeep\n|turn|5\n|\n|t:|1682630391\n|move|p1b: Flutter Mane|Protect|p1b: Flutter Mane\n|-singleturn|p1b: Flutter Mane|Protect\n|move|p1a: Brute Bonnet|Sucker Punch|p2a: Arcanine\n|-damage|p2a: Arcanine|30\/100\n|move|p2a: Arcanine|Flare Blitz|p1b: Flutter Mane\n|-activate|p1b: Flutter Mane|move: Protect\n|move|p2b: Wo-Chien|Snarl|p1a: Brute Bonnet|[spread] p1a\n|-activate|p1b: Flutter Mane|move: Protect\n|-resisted|p1a: Brute Bonnet\n|-damage|p1a: Brute Bonnet|95\/100\n|-unboost|p1a: Brute Bonnet|spa|1\n|\n|-damage|p1b: Flutter Mane|59\/100 brn|[from] brn\n|upkeep\n|turn|6\n|\n|t:|1682630407\n|move|p1a: Brute Bonnet|Sucker Punch||[still]\n|-fail|p1a: Brute Bonnet\n|move|p1b: Flutter Mane|Moonblast|p2b: Wo-Chien\n|-supereffective|p2b: Wo-Chien\n|-damage|p2b: Wo-Chien|20\/100\n|-unboost|p2b: Wo-Chien|spa|1\n|move|p2a: Arcanine|Will-O-Wisp|p1a: Brute Bonnet\n|-status|p1a: Brute Bonnet|brn\n|move|p2b: Wo-Chien|Snarl|p1a: Brute Bonnet|[spread] p1a,p1b\n|-resisted|p1a: Brute Bonnet\n|-crit|p1b: Flutter Mane\n|-damage|p1a: Brute Bonnet|91\/100 brn\n|-damage|p1b: Flutter Mane|37\/100 brn\n|-unboost|p1a: Brute Bonnet|spa|1\n|-unboost|p1b: Flutter Mane|spa|1\n|\n|-damage|p1b: Flutter Mane|32\/100 brn|[from] brn\n|-damage|p1a: Brute Bonnet|85\/100 brn|[from] brn\n|upkeep\n|turn|7\n|\n|t:|1682630443\n|switch|p2b: Amoonguss|Amoonguss, L50, F|100\/100\n|move|p2a: Arcanine|Protect|p2a: Arcanine\n|-singleturn|p2a: Arcanine|Protect\n|move|p1a: Brute Bonnet|Sucker Punch||[still]\n|-fail|p1a: Brute Bonnet\n|move|p1b: Flutter Mane|Substitute|p1b: Flutter Mane\n|-start|p1b: Flutter Mane|Substitute\n|-damage|p1b: Flutter Mane|7\/100 brn\n|\n|-damage|p1b: Flutter Mane|1\/100 brn|[from] brn\n|-damage|p1a: Brute Bonnet|79\/100 brn|[from] brn\n|upkeep\n|turn|8\n|\n|t:|1682630464\n|switch|p2a: Wo-Chien|Wo-Chien, L50|20\/100\n|-ability|p2a: Wo-Chien|Tablets of Ruin\n|move|p1b: Flutter Mane|Shadow Ball|p2a: Wo-Chien\n|-resisted|p2a: Wo-Chien\n|-damage|p2a: Wo-Chien|7\/100\n|move|p1a: Brute Bonnet|Seed Bomb|p2a: Wo-Chien\n|-resisted|p2a: Wo-Chien\n|-damage|p2a: Wo-Chien|0 fnt\n|faint|p2a: Wo-Chien\n|move|p2b: Amoonguss|Pollen Puff|p2: Wo-Chien|[notarget]\n|-fail|p2b: Amoonguss\n|\n|-damage|p1b: Flutter Mane|0 fnt|[from] brn\n|faint|p1b: Flutter Mane\n|-end|p1b: Flutter Mane|Protosynthesis|[silent]\n|-damage|p1a: Brute Bonnet|73\/100 brn|[from] brn\n|upkeep\n|\n|t:|1682630480\n|switch|p1b: Ting-Lu|Ting-Lu, L50|72\/100\n|switch|p2a: Arcanine|Arcanine, L50, F|30\/100\n|-ability|p2a: Arcanine|Intimidate|boost\n|-unboost|p1a: Brute Bonnet|atk|1\n|-unboost|p1b: Ting-Lu|atk|1\n|-ability|p1b: Ting-Lu|Vessel of Ruin\n|turn|9\n|\n|t:|1682630497\n|move|p2b: Amoonguss|Protect|p2b: Amoonguss\n|-singleturn|p2b: Amoonguss|Protect\n|move|p1a: Brute Bonnet|Rage Powder|p1a: Brute Bonnet\n|-singleturn|p1a: Brute Bonnet|move: Rage Powder\n|move|p2a: Arcanine|Will-O-Wisp|p1b: Ting-Lu|[miss]\n|-miss|p2a: Arcanine|p1b: Ting-Lu\n|move|p1b: Ting-Lu|Stomping Tantrum|p2a: Arcanine\n|-supereffective|p2a: Arcanine\n|-damage|p2a: Arcanine|0 fnt\n|faint|p2a: Arcanine\n|\n|-damage|p1a: Brute Bonnet|67\/100 brn|[from] brn\n|upkeep\n|turn|10\n|c|\u2606surubinga|gg\n|c|\u2606CaptainEricVGC|gg\n|-message|surubinga forfeited.\n|\n|win|CaptainEricVGC\n|raw|CaptainEricVGC's rating: 1108 → 1126<\/strong> (+18 for winning)\n|raw|surubinga's rating: 1008 → 1000<\/strong> (-8 for losing)\n|l|\u2606surubinga\n","uploadtime":1682630528,"views":14,"p1id":"captainericvgc","p2id":"surubinga","formatid":"gen9vgc2023regulationc","rating":1000,"private":0,"password":""}