{"id":"gen9vgc2023regulationc-1856934588","p1":"Jukken","p2":"Windows11Goated","format":"[Gen 9] VGC 2023 Regulation C","log":"|j|\u2606Jukken\n|j|\u2606Windows11Goated\n|t:|1683127102\n|gametype|doubles\n|player|p1|Jukken|265|1170\n|player|p2|Windows11Goated|265|1073\n|teamsize|p1|6\n|teamsize|p2|6\n|gen|9\n|tier|[Gen 9] VGC 2023 Regulation C\n|rated|\n|rule|Species Clause: Limit one of each Pok\u00e9mon\n|rule|Item Clause: Limit one of each item\n|clearpoke\n|poke|p1|Slowbro, L50, M|\n|poke|p1|Arboliva, L50, F|\n|poke|p1|Grumpig, L50, M|\n|poke|p1|Kingambit, L50, F|\n|poke|p1|Ting-Lu, L50|\n|poke|p1|Hatterene, L50, F|\n|poke|p2|Iron Bundle, L50|\n|poke|p2|Abomasnow, L50, M|\n|poke|p2|Maushold-Four, L50|\n|poke|p2|Annihilape, L50, F|\n|poke|p2|Ting-Lu, L50|\n|poke|p2|Chi-Yu, L50|\n|teampreview|4\n|inactive|Battle timer is ON: inactive players will automatically lose when time's up. (requested by Windows11Goated)\nWindows11Goated has agreed to open team sheets.\n|\n|t:|1683127127\n|start\n|switch|p1a: Slowbro|Slowbro, L50, M|100\/100\n|switch|p1b: Grumpig|Grumpig, L50, M|100\/100\n|switch|p2a: Chi-Yu|Chi-Yu, L50|100\/100\n|switch|p2b: Annihilape|Annihilape, L50, F|100\/100\n|-ability|p2a: Chi-Yu|Beads of Ruin\n|turn|1\n|inactive|Jukken has 30 seconds left.\n|inactive|Windows11Goated has 30 seconds left.\n|inactive|Windows11Goated has 20 seconds left.\n|\n|t:|1683127163\n|switch|p2b: Ting-Lu|Ting-Lu, L50|100\/100\n|-ability|p2b: Ting-Lu|Vessel of Ruin\n|-terastallize|p1b: Grumpig|Dark\n|move|p2a: Chi-Yu|Snarl|p1a: Slowbro|[spread] p1a,p1b\n|-supereffective|p1a: Slowbro\n|-resisted|p1b: Grumpig\n|-crit|p1b: Grumpig\n|-damage|p1a: Slowbro|62\/100\n|-damage|p1b: Grumpig|86\/100\n|-unboost|p1a: Slowbro|spa|1\n|move|p1b: Grumpig|Snarl|p2a: Chi-Yu|[spread] p2a,p2b\n|-resisted|p2a: Chi-Yu\n|-resisted|p2b: Ting-Lu\n|-damage|p2a: Chi-Yu|94\/100\n|-damage|p2b: Ting-Lu|97\/100\n|-unboost|p2a: Chi-Yu|spa|1\n|-unboost|p2b: Ting-Lu|spa|1\n|move|p1a: Slowbro|Trick Room|p1a: Slowbro\n|-fieldstart|move: Trick Room|[of] p1a: Slowbro\n|\n|upkeep\n|turn|2\n|inactive|Windows11Goated has 30 seconds left.\n|\n|t:|1683127189\n|switch|p2a: Annihilape|Annihilape, L50, F|100\/100\n|move|p1a: Slowbro|Iron Defense|p1a: Slowbro\n|-boost|p1a: Slowbro|def|2\n|move|p2b: Ting-Lu|Fissure|p1a: Slowbro|[miss]\n|-miss|p2b: Ting-Lu|p1a: Slowbro\n|move|p1b: Grumpig|Snarl|p2b: Ting-Lu|[spread] p2a,p2b\n|-resisted|p2b: Ting-Lu\n|-crit|p2b: Ting-Lu\n|-damage|p2a: Annihilape|89\/100\n|-damage|p2b: Ting-Lu|92\/100\n|-unboost|p2a: Annihilape|spa|1\n|-ability|p2a: Annihilape|Defiant|boost\n|-boost|p2a: Annihilape|atk|2\n|-unboost|p2b: Ting-Lu|spa|1\n|\n|-heal|p2a: Annihilape|95\/100|[from] item: Leftovers\n|upkeep\n|turn|3\n|\n|t:|1683127209\n|move|p1a: Slowbro|Body Press|p2b: Ting-Lu\n|-supereffective|p2b: Ting-Lu\n|-damage|p2b: Ting-Lu|39\/100\n|move|p2b: Ting-Lu|Fissure|p1a: Slowbro\n|-damage|p1a: Slowbro|0 fnt\n|faint|p1a: Slowbro\n|-ohko\n|move|p1b: Grumpig|Shadow Ball|p2a: Annihilape\n|-supereffective|p2a: Annihilape\n|-damage|p2a: Annihilape|70\/100\n|move|p2a: Annihilape|Bulk Up|p2a: Annihilape\n|-boost|p2a: Annihilape|atk|1\n|-boost|p2a: Annihilape|def|1\n|\n|-heal|p2a: Annihilape|76\/100|[from] item: Leftovers\n|upkeep\n|\n|t:|1683127227\n|switch|p1a: Arboliva|Arboliva, L50, F|100\/100\n|turn|4\n|inactive|Windows11Goated has 30 seconds left.\n|\n|t:|1683127253\n|-terastallize|p2a: Annihilape|Fire\n|move|p2b: Ting-Lu|Fissure|p1b: Grumpig\n|-damage|p1b: Grumpig|0 fnt\n|faint|p1b: Grumpig\n|-ohko\n|move|p1a: Arboliva|Dazzling Gleam|p2b: Ting-Lu|[spread] p2a,p2b\n|-resisted|p2a: Annihilape\n|-supereffective|p2b: Ting-Lu\n|-damage|p2a: Annihilape|70\/100\n|-damage|p2b: Ting-Lu|26\/100\n|move|p2a: Annihilape|Drain Punch|p1a: Arboliva\n|-supereffective|p1a: Arboliva\n|-damage|p1a: Arboliva|0 fnt\n|-heal|p2a: Annihilape|100\/100|[from] drain|[of] p1a: Arboliva\n|-fieldstart|move: Grassy Terrain|[from] ability: Seed Sower|[of] p1a: Arboliva\n|faint|p1a: Arboliva\n|\n|-heal|p2b: Ting-Lu|32\/100|[from] Grassy Terrain\n|upkeep\n|\n|t:|1683127267\n|switch|p1a: Kingambit|Kingambit, L50, F|100\/100\n|turn|5\n|\n|t:|1683127281\n|move|p2b: Ting-Lu|Fissure|p1a: Kingambit|[miss]\n|-miss|p2b: Ting-Lu|p1a: Kingambit\n|move|p1a: Kingambit|Kowtow Cleave|p2b: Ting-Lu\n|-resisted|p2b: Ting-Lu\n|-damage|p2b: Ting-Lu|17\/100\n|move|p2a: Annihilape|Drain Punch|p1a: Kingambit\n|-supereffective|p1a: Kingambit\n|-damage|p1a: Kingambit|0 fnt\n|faint|p1a: Kingambit\n|\n|win|Windows11Goated\n|raw|Jukken's rating: 1170 → 1138<\/strong> (-32 for losing)\n|raw|Windows11Goated's rating: 1073 → 1110<\/strong> (+37 for winning)\n|c|\u2606Windows11Goated|gg\n|l|\u2606Jukken\n","uploadtime":1683127292,"views":17,"p1id":"jukken","p2id":"windows11goated","formatid":"gen9vgc2023regulationc","rating":1110,"private":0,"password":""}