{"id":"gen9vgc2023regulationc-1845210799","p1":"freenbayb","p2":"Kbvskydg0893","format":"[Gen 9] VGC 2023 Regulation C","log":"|j|\u2606freenbayb\n|j|\u2606Kbvskydg0893\n|t:|1681696841\n|gametype|doubles\n|player|p1|freenbayb|bruno|1219\n|player|p2|Kbvskydg0893|2|1330\n|teamsize|p1|6\n|teamsize|p2|6\n|gen|9\n|tier|[Gen 9] VGC 2023 Regulation C\n|rated|\n|rule|Species Clause: Limit one of each Pok\u00e9mon\n|rule|Item Clause: Limit one of each item\n|clearpoke\n|poke|p1|Espathra, L50, F|\n|poke|p1|Gholdengo, L50|\n|poke|p1|Iron Hands, L50|\n|poke|p1|Sylveon, L50, M|\n|poke|p1|Ting-Lu, L50|\n|poke|p1|Roaring Moon, L50|\n|poke|p2|Iron Bundle, L50|\n|poke|p2|Mimikyu, L50, F|\n|poke|p2|Glimmora, L50, M|\n|poke|p2|Wo-Chien, L50|\n|poke|p2|Ting-Lu, L50|\n|poke|p2|Volcarona, L50, F|\n|teampreview|4\n|inactive|Battle timer is ON: inactive players will automatically lose when time's up. (requested by Kbvskydg0893)\nfreenbayb rejected open team sheets.\n|\n|t:|1681696874\n|start\n|switch|p1a: Iron Hands|Iron Hands, L50|100\/100\n|switch|p1b: Roaring Moon|Roaring Moon, L50|100\/100\n|switch|p2a: Glimmora|Glimmora, L50, M|100\/100\n|switch|p2b: Mimikyu|Mimikyu, L50, F|100\/100\n|-enditem|p1b: Roaring Moon|Booster Energy\n|-activate|p1b: Roaring Moon|ability: Protosynthesis|[fromitem]\n|-start|p1b: Roaring Moon|protosynthesisatk\n|turn|1\n|\n|t:|1681696897\n|move|p2a: Glimmora|Spiky Shield|p2a: Glimmora\n|-singleturn|p2a: Glimmora|move: Protect\n|move|p1a: Iron Hands|Fake Out|p2a: Glimmora\n|-activate|p2a: Glimmora|move: Protect\n|-damage|p1a: Iron Hands|88\/100|[from] Spiky Shield|[of] p2a: Glimmora\n|move|p1b: Roaring Moon|Dragon Dance|p1b: Roaring Moon\n|-boost|p1b: Roaring Moon|atk|1\n|-boost|p1b: Roaring Moon|spe|1\n|move|p2b: Mimikyu|Will-O-Wisp|p1b: Roaring Moon\n|-status|p1b: Roaring Moon|brn\n|\n|-damage|p1b: Roaring Moon|94\/100 brn|[from] brn\n|upkeep\n|turn|2\n|inactive|freenbayb has 30 seconds left.\n|\n|t:|1681696927\n|-terastallize|p1b: Roaring Moon|Flying\n|move|p1b: Roaring Moon|Acrobatics|p2b: Mimikyu\n|-activate|p2b: Mimikyu|ability: Disguise\n|-damage|p2b: Mimikyu|100\/100\n|detailschange|p2b: Mimikyu|Mimikyu-Busted, L50, F\n|-damage|p2b: Mimikyu|88\/100|[from] pokemon: Mimikyu-Busted\n|move|p2a: Glimmora|Mortal Spin|p1b: Roaring Moon|[spread] p1a,p1b\n|-damage|p1a: Iron Hands|86\/100\n|-damage|p1b: Roaring Moon|89\/100 brn\n|-status|p1a: Iron Hands|psn\n|move|p2b: Mimikyu|Play Rough|p1b: Roaring Moon\n|-damage|p1b: Roaring Moon|22\/100 brn\n|-damage|p2b: Mimikyu|78\/100|[from] item: Life Orb\n|move|p1a: Iron Hands|Drain Punch|p2a: Glimmora\n|-damage|p2a: Glimmora|51\/100\n|-heal|p1a: Iron Hands|100\/100 psn|[from] drain|[of] p2a: Glimmora\n|-activate|p2a: Glimmora|ability: Toxic Debris\n|-sidestart|p1: freenbayb|move: Toxic Spikes\n|\n|-damage|p1a: Iron Hands|88\/100 psn|[from] psn\n|-damage|p1b: Roaring Moon|15\/100 brn|[from] brn\n|upkeep\n|turn|3\n|inactive|freenbayb has 30 seconds left.\n|inactive|Kbvskydg0893 has 30 seconds left.\n|inactive|freenbayb has 20 seconds left.\n|inactive|freenbayb has 15 seconds left.\n|inactive|freenbayb has 10 seconds left.\n|\n|t:|1681696973\n|move|p2a: Glimmora|Spiky Shield|p2a: Glimmora\n|-singleturn|p2a: Glimmora|move: Protect\n|move|p2b: Mimikyu|Protect|p2b: Mimikyu\n|-singleturn|p2b: Mimikyu|Protect\n|move|p1b: Roaring Moon|Acrobatics|p2b: Mimikyu\n|-activate|p2b: Mimikyu|move: Protect\n|move|p1a: Iron Hands|Volt Switch|p2b: Mimikyu\n|-activate|p2b: Mimikyu|move: Protect\n|\n|-damage|p1a: Iron Hands|76\/100 psn|[from] psn\n|-damage|p1b: Roaring Moon|9\/100 brn|[from] brn\n|upkeep\n|turn|4\n|\n|t:|1681696994\n|switch|p2a: Wo-Chien|Wo-Chien, L50|100\/100\n|-ability|p2a: Wo-Chien|Tablets of Ruin\n|move|p1b: Roaring Moon|Acrobatics|p2b: Mimikyu\n|-damage|p2b: Mimikyu|12\/100\n|move|p2b: Mimikyu|Play Rough|p1a: Iron Hands\n|-supereffective|p1a: Iron Hands\n|-damage|p1a: Iron Hands|27\/100 psn\n|-damage|p2b: Mimikyu|2\/100|[from] item: Life Orb\n|move|p1a: Iron Hands|Drain Punch|p2a: Wo-Chien\n|-supereffective|p2a: Wo-Chien\n|-damage|p2a: Wo-Chien|44\/100\n|-heal|p1a: Iron Hands|48\/100 psn|[from] drain|[of] p2a: Wo-Chien\n|\n|-heal|p2a: Wo-Chien|50\/100|[from] item: Leftovers\n|-damage|p1a: Iron Hands|36\/100 psn|[from] psn\n|-damage|p1b: Roaring Moon|3\/100 brn|[from] brn\n|upkeep\n|turn|5\n|inactive|freenbayb has 30 seconds left.\n|\n|t:|1681697021\n|move|p2b: Mimikyu|Protect|p2b: Mimikyu\n|-singleturn|p2b: Mimikyu|Protect\n|move|p2a: Wo-Chien|Protect|p2a: Wo-Chien\n|-singleturn|p2a: Wo-Chien|Protect\n|move|p1b: Roaring Moon|Acrobatics|p2a: Wo-Chien\n|-activate|p2a: Wo-Chien|move: Protect\n|move|p1a: Iron Hands|Volt Switch|p2b: Mimikyu\n|-activate|p2b: Mimikyu|move: Protect\n|\n|-heal|p2a: Wo-Chien|57\/100|[from] item: Leftovers\n|-damage|p1a: Iron Hands|23\/100 psn|[from] psn\n|-damage|p1b: Roaring Moon|0 fnt|[from] brn\n|faint|p1b: Roaring Moon\n|-end|p1b: Roaring Moon|Protosynthesis|[silent]\n|upkeep\n|\n|t:|1681697031\n|switch|p1b: Sylveon|Sylveon, L50, M|100\/100\n|-status|p1b: Sylveon|psn\n|turn|6\n|\n|t:|1681697051\n|-terastallize|p2a: Wo-Chien|Poison\n|move|p2b: Mimikyu|Shadow Sneak|p1a: Iron Hands\n|-damage|p1a: Iron Hands|12\/100 psn\n|-damage|p2b: Mimikyu|0 fnt|[from] item: Life Orb\n|faint|p2b: Mimikyu\n|move|p2a: Wo-Chien|Leech Seed|p1b: Sylveon\n|-start|p1b: Sylveon|move: Leech Seed\n|move|p1b: Sylveon|Hyper Voice|p2a: Wo-Chien\n|-resisted|p2a: Wo-Chien\n|-damage|p2a: Wo-Chien|44\/100\n|-enditem|p1b: Sylveon|Throat Spray\n|-boost|p1b: Sylveon|spa|1|[from] item: Throat Spray\n|move|p1a: Iron Hands|Volt Switch|p2a: Wo-Chien\n|-crit|p2a: Wo-Chien\n|-damage|p2a: Wo-Chien|30\/100\n|\n|t:|1681697064\n|-end|p1a: Iron Hands|Quark Drive|[silent]\n|switch|p1a: Ting-Lu|Ting-Lu, L50|100\/100|[from] Volt Switch\n|-status|p1a: Ting-Lu|psn\n|-ability|p1a: Ting-Lu|Vessel of Ruin\n|\n|-heal|p2a: Wo-Chien|36\/100|[from] item: Leftovers\n|-damage|p1b: Sylveon|88\/100 psn|[from] Leech Seed|[of] p2a: Wo-Chien\n|-heal|p2a: Wo-Chien|49\/100|[silent]\n|-damage|p1b: Sylveon|76\/100 psn|[from] psn\n|-damage|p1a: Ting-Lu|88\/100 psn|[from] psn\n|upkeep\n|\n|t:|1681697083\n|switch|p2b: Volcarona|Volcarona, L50, F|100\/100\n|turn|7\n|\n|t:|1681697093\n|move|p2a: Wo-Chien|Protect|p2a: Wo-Chien\n|-singleturn|p2a: Wo-Chien|Protect\n|move|p2b: Volcarona|Fiery Dance|p1a: Ting-Lu\n|-damage|p1a: Ting-Lu|63\/100 psn\n|move|p1b: Sylveon|Yawn|p2b: Volcarona\n|-start|p2b: Volcarona|move: Yawn|[of] p1b: Sylveon\n|move|p1a: Ting-Lu|Stomping Tantrum|p2a: Wo-Chien\n|-activate|p2a: Wo-Chien|move: Protect\n|\n|-heal|p2a: Wo-Chien|56\/100|[from] item: Leftovers\n|-damage|p1b: Sylveon|63\/100 psn|[from] Leech Seed|[of] p2a: Wo-Chien\n|-heal|p2a: Wo-Chien|69\/100|[silent]\n|-damage|p1b: Sylveon|51\/100 psn|[from] psn\n|-damage|p1a: Ting-Lu|50\/100 psn|[from] psn\n|upkeep\n|-enditem|p1a: Ting-Lu|Sitrus Berry|[eat]\n|-heal|p1a: Ting-Lu|75\/100 psn|[from] item: Sitrus Berry\n|turn|8\n|inactive|freenbayb has 30 seconds left.\n|\n|t:|1681697126\n|switch|p2b: Glimmora|Glimmora, L50, M|51\/100\n|move|p2a: Wo-Chien|Leech Seed|p1a: Ting-Lu\n|-start|p1a: Ting-Lu|move: Leech Seed\n|move|p1b: Sylveon|Hyper Voice|p2b: Glimmora|[spread] p2a,p2b\n|-resisted|p2a: Wo-Chien\n|-resisted|p2b: Glimmora\n|-damage|p2a: Wo-Chien|58\/100\n|-damage|p2b: Glimmora|30\/100\n|move|p1a: Ting-Lu|Stomping Tantrum|p2a: Wo-Chien\n|-supereffective|p2a: Wo-Chien\n|-damage|p2a: Wo-Chien|10\/100\n|\n|-heal|p2a: Wo-Chien|16\/100|[from] item: Leftovers\n|-damage|p1b: Sylveon|39\/100 psn|[from] Leech Seed|[of] p2a: Wo-Chien\n|-heal|p2a: Wo-Chien|29\/100|[silent]\n|-damage|p1a: Ting-Lu|63\/100 psn|[from] Leech Seed|[of] p2a: Wo-Chien\n|-heal|p2a: Wo-Chien|46\/100|[silent]\n|-damage|p1b: Sylveon|26\/100 psn|[from] psn\n|-damage|p1a: Ting-Lu|51\/100 psn|[from] psn\n|upkeep\n|turn|9\n|\n|t:|1681697144\n|move|p2b: Glimmora|Spiky Shield|p2b: Glimmora\n|-singleturn|p2b: Glimmora|move: Protect\n|move|p2a: Wo-Chien|Protect|p2a: Wo-Chien\n|-singleturn|p2a: Wo-Chien|Protect\n|move|p1b: Sylveon|Yawn|p2b: Glimmora\n|-activate|p2b: Glimmora|move: Protect\n|move|p1a: Ting-Lu|Stomping Tantrum|p2a: Wo-Chien\n|-activate|p2a: Wo-Chien|move: Protect\n|\n|-heal|p2a: Wo-Chien|52\/100|[from] item: Leftovers\n|-damage|p1b: Sylveon|14\/100 psn|[from] Leech Seed|[of] p2a: Wo-Chien\n|-heal|p2a: Wo-Chien|65\/100|[silent]\n|-damage|p1a: Ting-Lu|39\/100 psn|[from] Leech Seed|[of] p2a: Wo-Chien\n|-heal|p2a: Wo-Chien|82\/100|[silent]\n|-damage|p1b: Sylveon|1\/100 psn|[from] psn\n|-damage|p1a: Ting-Lu|26\/100 psn|[from] psn\n|upkeep\n|turn|10\n|inactive|Kbvskydg0893 has 30 seconds left.\n|\n|t:|1681697176\n|switch|p2a: Volcarona|Volcarona, L50, F|100\/100\n|move|p2b: Glimmora|Mortal Spin|p1b: Sylveon|[spread] p1a,p1b\n|-resisted|p1a: Ting-Lu\n|-supereffective|p1b: Sylveon\n|-damage|p1a: Ting-Lu|25\/100 psn\n|-damage|p1b: Sylveon|0 fnt\n|faint|p1b: Sylveon\n|move|p1a: Ting-Lu|Fissure|p2a: Volcarona\n|-damage|p2a: Volcarona|0 fnt\n|faint|p2a: Volcarona\n|-ohko\n|\n|-damage|p1a: Ting-Lu|13\/100 psn|[from] psn\n|upkeep\n|\n|t:|1681697190\n|switch|p2a: Wo-Chien|Wo-Chien, L50, tera:Poison|82\/100\n|switch|p1b: Iron Hands|Iron Hands, L50|12\/100 psn\n|-ability|p2a: Wo-Chien|Tablets of Ruin\n|turn|11\n|\n|t:|1681697218\n|move|p2b: Glimmora|Spiky Shield|p2b: Glimmora\n|-singleturn|p2b: Glimmora|move: Protect\n|move|p2a: Wo-Chien|Protect|p2a: Wo-Chien\n|-singleturn|p2a: Wo-Chien|Protect\n|move|p1b: Iron Hands|Drain Punch|p2a: Wo-Chien\n|-activate|p2a: Wo-Chien|move: Protect\n|move|p1a: Ting-Lu|Fissure|p2a: Wo-Chien\n|-activate|p2a: Wo-Chien|move: Protect\n|\n|-heal|p2a: Wo-Chien|88\/100|[from] item: Leftovers\n|-damage|p1a: Ting-Lu|1\/100 psn|[from] Leech Seed|[of] p2a: Wo-Chien\n|-heal|p2a: Wo-Chien|100\/100|[silent]\n|-damage|p1b: Iron Hands|0 fnt|[from] psn\n|faint|p1b: Iron Hands\n|-end|p1b: Iron Hands|Quark Drive|[silent]\n|-damage|p1a: Ting-Lu|0 fnt|[from] psn\n|faint|p1a: Ting-Lu\n|\n|win|Kbvskydg0893\n|upkeep\n|raw|freenbayb's rating: 1219 → 1202<\/strong> (-17 for losing)\n|raw|Kbvskydg0893's rating: 1330 → 1344<\/strong> (+14 for winning)\n|c|\u2606Kbvskydg0893|Gg\n|l|\u2606freenbayb\n","uploadtime":1681697465,"views":6,"p1id":"freenbayb","p2id":"kbvskydg0893","formatid":"gen9vgc2023regulationc","rating":1202,"private":0,"password":""}