{"id":"gen9vgc2023regulationc-1850775157","p1":"Uncreative_Name7","p2":"Nehzzy","format":"[Gen 9] VGC 2023 Regulation C","log":"|j|\u2606Uncreative_Name7\n|j|\u2606Nehzzy\n|t:|1682366683\n|gametype|doubles\n|player|p1|Uncreative_Name7|riley|1249\n|player|p2|Nehzzy|steven|1251\n|teamsize|p1|6\n|teamsize|p2|6\n|gen|9\n|tier|[Gen 9] VGC 2023 Regulation C\n|rated|\n|rule|Species Clause: Limit one of each Pok\u00e9mon\n|rule|Item Clause: Limit one of each item\n|clearpoke\n|poke|p1|Kingambit, L50, F|\n|poke|p1|Gyarados, L50, F|\n|poke|p1|Flutter Mane, L50|\n|poke|p1|Chi-Yu, L50|\n|poke|p1|Amoonguss, L50, F|\n|poke|p1|Baxcalibur, L50, F|\n|poke|p2|Arcanine, L50, M|\n|poke|p2|Palafin, L50, M|\n|poke|p2|Amoonguss, L50, F|\n|poke|p2|Flutter Mane, L50|\n|poke|p2|Chien-Pao, L50|\n|poke|p2|Dragonite, L50, F|\n|teampreview|4\n|inactive|Battle timer is ON: inactive players will automatically lose when time's up. (requested by Nehzzy)\nNehzzy has agreed to open team sheets.\nUncreative_Name7 has agreed to open team sheets.\n|\n|t:|1682366725\n|start\n|switch|p1a: Kingambit|Kingambit, L50, F|100\/100\n|switch|p1b: Chi-Yu|Chi-Yu, L50|100\/100\n|switch|p2a: Mossdeep|Palafin, L50, M, shiny|100\/100\n|switch|p2b: Lilycove|Flutter Mane, L50, shiny|100\/100\n|-ability|p1b: Chi-Yu|Beads of Ruin\n|turn|1\n|\n|t:|1682366747\n|-terastallize|p2b: Lilycove|Fairy\n|move|p1b: Chi-Yu|Protect|p1b: Chi-Yu\n|-singleturn|p1b: Chi-Yu|Protect\n|move|p2a: Mossdeep|Jet Punch|p1b: Chi-Yu\n|-activate|p1b: Chi-Yu|move: Protect\n|move|p2b: Lilycove|Dazzling Gleam|p1a: Kingambit|[spread] p1a\n|-activate|p1b: Chi-Yu|move: Protect\n|-damage|p1a: Kingambit|49\/100\n|move|p1a: Kingambit|Iron Head|p2b: Lilycove\n|-supereffective|p2b: Lilycove\n|-damage|p2b: Lilycove|0 fnt\n|faint|p2b: Lilycove\n|-end|p2b: Lilycove|Protosynthesis|[silent]\n|\n|upkeep\n|\n|t:|1682366761\n|switch|p2b: Ever Grande|Dragonite, L50, F, shiny|100\/100\n|turn|2\n|\n|t:|1682366776\n|switch|p1b: Gyarados|Gyarados, L50, F|100\/100\n|-ability|p1b: Gyarados|Intimidate|boost\n|-unboost|p2a: Mossdeep|atk|1\n|-unboost|p2b: Ever Grande|atk|1\n|move|p2a: Mossdeep|Protect|p2a: Mossdeep\n|-singleturn|p2a: Mossdeep|Protect\n|move|p2b: Ever Grande|Low Kick|p1a: Kingambit\n|-supereffective|p1a: Kingambit\n|-damage|p1a: Kingambit|0 fnt\n|faint|p1a: Kingambit\n|\n|upkeep\n|\n|t:|1682366786\n|switch|p1a: Flutter Mane|Flutter Mane, L50|100\/100\n|turn|3\n|\n|t:|1682366798\n|detailschange|p2a: Mossdeep|Palafin-Hero, L50, M, shiny\n|switch|p2a: Lavaridge|Arcanine, L50, M, shiny|100\/100\n|-ability|p2a: Lavaridge|Intimidate|boost\n|-unboost|p1a: Flutter Mane|atk|1\n|-unboost|p1b: Gyarados|atk|1\n|move|p2b: Ever Grande|Extreme Speed|p1b: Gyarados\n|-damage|p1b: Gyarados|80\/100\n|move|p1a: Flutter Mane|Dazzling Gleam|p2a: Lavaridge|[spread] p2a,p2b\n|-resisted|p2a: Lavaridge\n|-crit|p2a: Lavaridge\n|-supereffective|p2b: Ever Grande\n|-damage|p2a: Lavaridge|77\/100\n|-damage|p2b: Ever Grande|82\/100\n|move|p1b: Gyarados|Icy Wind|p2b: Ever Grande|[spread] p2a,p2b\n|-resisted|p2a: Lavaridge\n|-supereffective|p2b: Ever Grande\n|-damage|p2a: Lavaridge|74\/100\n|-damage|p2b: Ever Grande|68\/100\n|-unboost|p2a: Lavaridge|spe|1\n|-unboost|p2b: Ever Grande|spe|1\n|\n|upkeep\n|turn|4\n|inactive|Uncreative_Name7 has 30 seconds left.\n|\n|t:|1682366824\n|-terastallize|p1a: Flutter Mane|Fairy\n|move|p2b: Ever Grande|Extreme Speed|p1b: Gyarados\n|-damage|p1b: Gyarados|60\/100\n|move|p1a: Flutter Mane|Moonblast|p2b: Ever Grande\n|-supereffective|p2b: Ever Grande\n|-damage|p2b: Ever Grande|0 fnt\n|faint|p2b: Ever Grande\n|move|p1b: Gyarados|Waterfall|p2a: Lavaridge\n|-supereffective|p2a: Lavaridge\n|-damage|p2a: Lavaridge|22\/100\n|move|p2a: Lavaridge|Flare Blitz|p1a: Flutter Mane\n|-enditem|p1a: Flutter Mane|Focus Sash\n|-damage|p1a: Flutter Mane|1\/100\n|-damage|p2a: Lavaridge|0 fnt|[from] Recoil\n|faint|p2a: Lavaridge\n|\n|upkeep\n|\n|t:|1682366839\n|switch|p2b: Mossdeep|Palafin-Hero, L50, M, shiny|100\/100\n|-activate|p2b: Mossdeep|ability: Zero to Hero\n|turn|5\n|\n|t:|1682366845\n|move|p1a: Flutter Mane|Protect|p1a: Flutter Mane\n|-singleturn|p1a: Flutter Mane|Protect\n|move|p2b: Mossdeep|Protect|p2b: Mossdeep\n|-singleturn|p2b: Mossdeep|Protect\n|move|p1b: Gyarados|Thunder Wave|p2b: Mossdeep\n|-activate|p2b: Mossdeep|move: Protect\n|\n|upkeep\n|turn|6\n|\n|t:|1682366863\n|-end|p1a: Flutter Mane|Protosynthesis|[silent]\n|switch|p1a: Chi-Yu|Chi-Yu, L50|100\/100\n|-ability|p1a: Chi-Yu|Beads of Ruin\n|move|p2b: Mossdeep|Jet Punch|p1a: Chi-Yu\n|-supereffective|p1a: Chi-Yu\n|-damage|p1a: Chi-Yu|0 fnt\n|faint|p1a: Chi-Yu\n|move|p1b: Gyarados|Thunder Wave|p2b: Mossdeep\n|-status|p2b: Mossdeep|par\n|\n|upkeep\n|\n|t:|1682366872\n|switch|p1a: Flutter Mane|Flutter Mane, L50, tera:Fairy|1\/100\n|turn|7\n|\n|t:|1682366881\n|move|p1a: Flutter Mane|Protect|p1a: Flutter Mane\n|-singleturn|p1a: Flutter Mane|Protect\n|move|p2b: Mossdeep|Protect|p2b: Mossdeep\n|-singleturn|p2b: Mossdeep|Protect\n|move|p1b: Gyarados|Waterfall|p2b: Mossdeep\n|-activate|p2b: Mossdeep|move: Protect\n|\n|upkeep\n|turn|8\n|\n|t:|1682366888\n|cant|p2b: Mossdeep|par\n|move|p1a: Flutter Mane|Moonblast|p2b: Mossdeep\n|-damage|p2b: Mossdeep|35\/100 par\n|move|p1b: Gyarados|Waterfall|p2b: Mossdeep\n|-resisted|p2b: Mossdeep\n|-damage|p2b: Mossdeep|25\/100 par\n|\n|upkeep\n|turn|9\n|\n|t:|1682366901\n|move|p1a: Flutter Mane|Protect|p1a: Flutter Mane\n|-singleturn|p1a: Flutter Mane|Protect\n|move|p2b: Mossdeep|Jet Punch|p1a: Flutter Mane\n|-activate|p1a: Flutter Mane|move: Protect\n|move|p1b: Gyarados|Taunt|p2b: Mossdeep\n|-start|p2b: Mossdeep|move: Taunt\n|\n|upkeep\n|turn|10\n|c|\u2606Nehzzy|Unreal looool\n|c|\u2606Nehzzy|gg\n|\n|t:|1682366917\n|move|p2b: Mossdeep|Jet Punch|p1a: Flutter Mane\n|-damage|p1a: Flutter Mane|0 fnt\n|faint|p1a: Flutter Mane\n|-end|p1a: Flutter Mane|Protosynthesis|[silent]\n|move|p1b: Gyarados|Waterfall|p2b: Mossdeep\n|-resisted|p2b: Mossdeep\n|-damage|p2b: Mossdeep|15\/100 par\n|\n|upkeep\n|turn|11\n|\n|t:|1682366925\n|move|p1b: Gyarados|Waterfall|p2b: Mossdeep\n|-resisted|p2b: Mossdeep\n|-damage|p2b: Mossdeep|3\/100 par\n|move|p2b: Mossdeep|Wave Crash|p1b: Gyarados\n|-resisted|p1b: Gyarados\n|-damage|p1b: Gyarados|14\/100\n|-damage|p2b: Mossdeep|0 fnt|[from] Recoil\n|faint|p2b: Mossdeep\n|\n|win|Uncreative_Name7\n|raw|Uncreative_Name7's rating: 1249 → 1274<\/strong> (+25 for winning)\n|raw|Nehzzy's rating: 1251 → 1226<\/strong> (-25 for losing)\n|c|\u2606Uncreative_Name7|gg\n","uploadtime":1682366940,"views":12,"p1id":"uncreativename7","p2id":"nehzzy","formatid":"gen9vgc2023regulationc","rating":1226,"private":0,"password":""}