{"id":"gen9vgc2023regulationc-1860762515","p1":"cm kg tu kg g un x","p2":"vari1","format":"[Gen 9] VGC 2023 Regulation C","log":"|j|\u2606cm kg tu kg g un x\n|j|\u2606vari1\n|t:|1683674854\n|gametype|doubles\n|player|p1|cm kg tu kg g un x|101|1224\n|player|p2|vari1|266|1183\n|teamsize|p1|6\n|teamsize|p2|6\n|gen|9\n|tier|[Gen 9] VGC 2023 Regulation C\n|rated|\n|rule|Species Clause: Limit one of each Pok\u00e9mon\n|rule|Item Clause: Limit one of each item\n|clearpoke\n|poke|p1|Dachsbun, L50, M|\n|poke|p1|Torkoal, L50, M|\n|poke|p1|Maushold, L50|\n|poke|p1|Lilligant, L50, F|\n|poke|p1|Chi-Yu, L50|\n|poke|p1|Murkrow, L50, F|\n|poke|p2|Cyclizar, L50, M|\n|poke|p2|Maushold, L50|\n|poke|p2|Arcanine, L50, F|\n|poke|p2|Roaring Moon, L50|\n|poke|p2|Dragonite, L50, M|\n|poke|p2|Ting-Lu, L50|\n|teampreview|4\n|inactive|Battle timer is ON: inactive players will automatically lose when time's up. (requested by vari1)\n|inactive|cm kg tu kg g un x has 60 seconds left.\n|inactive|vari1 has 60 seconds left.\n|\n|t:|1683674900\n|start\n|switch|p1a: Torkoal|Torkoal, L50, M|100\/100\n|switch|p1b: Chi-Yu|Chi-Yu, L50|100\/100\n|switch|p2a: Cyclizar|Cyclizar, L50, M|100\/100\n|switch|p2b: Maushold|Maushold, L50|100\/100\n|-ability|p1b: Chi-Yu|Beads of Ruin\n|-weather|SunnyDay|[from] ability: Drought|[of] p1a: Torkoal\n|turn|1\n|\n|t:|1683674911\n|switch|p1a: Dachsbun|Dachsbun, L50, M|100\/100\n|-terastallize|p1b: Chi-Yu|Ghost\n|move|p1b: Chi-Yu|Lava Plume|p2a: Cyclizar|[spread] p2a,p2b\n|-ability|p1a: Dachsbun|Well-Baked Body|boost\n|-boost|p1a: Dachsbun|def|2\n|-resisted|p2a: Cyclizar\n|-damage|p2a: Cyclizar|65\/100\n|-damage|p2b: Maushold|19\/100\n|-enditem|p2b: Maushold|Figy Berry|[eat]\n|-heal|p2b: Maushold|52\/100|[from] item: Figy Berry\n|move|p2a: Cyclizar|Shed Tail|p2a: Cyclizar\n|-start|p2a: Cyclizar|Substitute|[from] move: Shed Tail\n|-damage|p2a: Cyclizar|15\/100\n|-enditem|p2a: Cyclizar|Sitrus Berry|[eat]\n|-heal|p2a: Cyclizar|40\/100|[from] item: Sitrus Berry\n|\n|t:|1683674928\n|switch|p2a: Ting-Lu|Ting-Lu, L50|100\/100|[from] Shed Tail\n|-ability|p2a: Ting-Lu|Vessel of Ruin\n|move|p2b: Maushold|Copycat|p2b: Maushold\n|move|p2b: Maushold|Shed Tail|p2b: Maushold|[from]move: Copycat\n|-start|p2b: Maushold|Substitute|[from] move: Shed Tail\n|-damage|p2b: Maushold|2\/100\n|inactive|vari1 has 30 seconds left.\n|\n|t:|1683674959\n|switch|p2b: Dragonite|Dragonite, L50, M|100\/100|[from] Shed Tail\n|\n|-weather|SunnyDay|[upkeep]\n|upkeep\n|turn|2\n|\n|t:|1683674973\n|switch|p1b: Lilligant|Lilligant, L50, F|100\/100\n|move|p2b: Dragonite|Dragon Dance|p2b: Dragonite\n|-boost|p2b: Dragonite|atk|1\n|-boost|p2b: Dragonite|spe|1\n|move|p1a: Dachsbun|Body Press|p2a: Ting-Lu\n|-supereffective|p2a: Ting-Lu\n|-end|p2a: Ting-Lu|Substitute\n|move|p2a: Ting-Lu|Throat Chop|p1b: Lilligant\n|-damage|p1b: Lilligant|36\/100\n|-start|p1b: Lilligant|Throat Chop|[silent]\n|\n|-weather|SunnyDay|[upkeep]\n|upkeep\n|turn|3\n|\n|t:|1683674992\n|switch|p2a: Maushold|Maushold, L50|2\/100\n|move|p1b: Lilligant|Protect|p1b: Lilligant\n|-singleturn|p1b: Lilligant|Protect\n|move|p2b: Dragonite|Dragon Dance|p2b: Dragonite\n|-boost|p2b: Dragonite|atk|1\n|-boost|p2b: Dragonite|spe|1\n|move|p1a: Dachsbun|Play Rough|p2b: Dragonite\n|-supereffective|p2b: Dragonite\n|-activate|p2b: Dragonite|move: Substitute|[damage]\n|\n|-weather|SunnyDay|[upkeep]\n|-end|p1b: Lilligant|Throat Chop|[silent]\n|upkeep\n|turn|4\n|inactive|vari1 has 30 seconds left.\n|\n|t:|1683675018\n|move|p2a: Maushold|Follow Me|p2a: Maushold\n|-singleturn|p2a: Maushold|move: Follow Me\n|move|p1b: Lilligant|Energy Ball|p2a: Maushold\n|-damage|p2a: Maushold|0 fnt\n|faint|p2a: Maushold\n|move|p2b: Dragonite|Dragon Dance|p2b: Dragonite\n|-boost|p2b: Dragonite|atk|1\n|-boost|p2b: Dragonite|spe|1\n|move|p1a: Dachsbun|Play Rough|p2b: Dragonite\n|-supereffective|p2b: Dragonite\n|-end|p2b: Dragonite|Substitute\n|\n|-weather|SunnyDay|[upkeep]\n|upkeep\n|inactive|vari1 has 30 seconds left.\n|\n|t:|1683675047\n|switch|p2a: Ting-Lu|Ting-Lu, L50|100\/100\n|-ability|p2a: Ting-Lu|Vessel of Ruin\n|turn|5\n|inactive|cm kg tu kg g un x has 30 seconds left.\n|inactive|cm kg tu kg g un x has 20 seconds left.\n|inactive|cm kg tu kg g un x has 15 seconds left.\n|inactive|vari1 has 30 seconds left.\n|\n|t:|1683675090\n|-terastallize|p2b: Dragonite|Flying\n|move|p2b: Dragonite|Tera Blast|p1b: Lilligant\n|-supereffective|p1b: Lilligant\n|-damage|p1b: Lilligant|0 fnt\n|faint|p1b: Lilligant\n|move|p1a: Dachsbun|Play Rough|p2b: Dragonite\n|-damage|p2b: Dragonite|86\/100\n|move|p2a: Ting-Lu|Earthquake|p1a: Dachsbun|[spread] p1a\n|-immune|p2b: Dragonite\n|-damage|p1a: Dachsbun|78\/100\n|\n|-weather|none\n|upkeep\n|\n|t:|1683675112\n|switch|p1b: Chi-Yu|Chi-Yu, L50, tera:Ghost|100\/100\n|-ability|p1b: Chi-Yu|Beads of Ruin\n|turn|6\n|\n|t:|1683675131\n|move|p2b: Dragonite|Tera Blast|p1a: Dachsbun\n|-damage|p1a: Dachsbun|21\/100\n|move|p1b: Chi-Yu|Lava Plume|p2b: Dragonite|[spread] p2a,p2b\n|-ability|p1a: Dachsbun|Well-Baked Body|boost\n|-boost|p1a: Dachsbun|def|2\n|-damage|p2a: Ting-Lu|78\/100\n|-damage|p2b: Dragonite|52\/100\n|move|p1a: Dachsbun|Body Press|p2a: Ting-Lu\n|-supereffective|p2a: Ting-Lu\n|-damage|p2a: Ting-Lu|0 fnt\n|faint|p2a: Ting-Lu\n|\n|upkeep\n|\n|t:|1683675142\n|switch|p2a: Cyclizar|Cyclizar, L50, M|73\/100\n|turn|7\n|inactive|cm kg tu kg g un x has 30 seconds left.\n|c|\u2606vari1|Ugh I need a strong special attacker in this team\n|inactive|cm kg tu kg g un x has 20 seconds left.\n|\n|t:|1683675178\n|move|p2b: Dragonite|Tera Blast|p1a: Dachsbun\n|-damage|p1a: Dachsbun|0 fnt\n|faint|p1a: Dachsbun\n|move|p1b: Chi-Yu|Lava Plume|p2a: Cyclizar|[spread] p2a,p2b\n|-resisted|p2a: Cyclizar\n|-damage|p2a: Cyclizar|41\/100\n|-damage|p2b: Dragonite|9\/100\n|move|p2a: Cyclizar|Knock Off|p1b: Chi-Yu\n|-supereffective|p1b: Chi-Yu\n|-damage|p1b: Chi-Yu|25\/100\n|-enditem|p1b: Chi-Yu|Choice Scarf|[from] move: Knock Off|[of] p2a: Cyclizar\n|\n|upkeep\n|c|\u2606vari1|Physical walls well, wall me hard\n|inactive|cm kg tu kg g un x has 30 seconds left.\n|l|\u2606cm kg tu kg g un x\n|inactive|cm kg tu kg g un x disconnected and has a minute to reconnect!\n|player|p1|\n|inactive|cm kg tu kg g un x has 20 seconds left.\n|inactive|cm kg tu kg g un x has 15 seconds left.\n|inactive|cm kg tu kg g un x has 10 seconds left.\n|inactive|cm kg tu kg g un x has 5 seconds left.\n|-message|cm kg tu kg g un x lost due to inactivity.\n|\n|win|vari1\n|raw|cm kg tu kg g un x's rating: 1224 → 1196<\/strong> (-28 for losing)\n|raw|vari1's rating: 1183 → 1211<\/strong> (+28 for winning)\n","uploadtime":1683675238,"views":19,"p1id":"cmkgtukggunx","p2id":"vari1","formatid":"gen9vgc2023regulationc","rating":1196,"private":0,"password":""}