{"id":"gen9vgc2023regulationc-1845946090","p1":"POKEKDS222","p2":"gankyburner","format":"[Gen 9] VGC 2023 Regulation C","log":"|j|\u2606POKEKDS222\n|j|\u2606gankyburner\n|t:|1681782412\n|gametype|doubles\n|player|p1|POKEKDS222|101|1184\n|player|p2|gankyburner|169|1201\n|teamsize|p1|6\n|teamsize|p2|6\n|gen|9\n|tier|[Gen 9] VGC 2023 Regulation C\n|rated|\n|rule|Species Clause: Limit one of each Pok\u00e9mon\n|rule|Item Clause: Limit one of each item\n|clearpoke\n|poke|p1|Torkoal, L50, F|\n|poke|p1|Flutter Mane, L50|\n|poke|p1|Great Tusk, L50|\n|poke|p1|Jumpluff, L50, M|\n|poke|p1|Chi-Yu, L50|\n|poke|p1|Glimmora, L50, F|\n|poke|p2|Murkrow, L50, F|\n|poke|p2|Tyranitar, L50, M|\n|poke|p2|Houndstone, L50, F|\n|poke|p2|Chi-Yu, L50|\n|poke|p2|Corviknight, L50, M|\n|poke|p2|Leafeon, L50, M|\n|teampreview|4\n|\n|t:|1681782450\n|start\n|switch|p1a: Torkoal|Torkoal, L50, F|100\/100\n|switch|p1b: Jumpluff|Jumpluff, L50, M|100\/100\n|switch|p2a: C'mon C'mon|Murkrow, L50, F|100\/100\n|switch|p2b: Mr. Jones|Corviknight, L50, M|100\/100\n|-weather|SunnyDay|[from] ability: Drought|[of] p1a: Torkoal\n|turn|1\n|\n|t:|1681782469\n|switch|p1b: Glimmora|Glimmora, L50, F|100\/100\n|switch|p2a: Godzilla|Tyranitar, L50, M, shiny|100\/100\n|-weather|Sandstorm|[from] ability: Sand Stream|[of] p2a: Godzilla\n|move|p2b: Mr. Jones|Brave Bird|p1b: Glimmora\n|-resisted|p1b: Glimmora\n|-damage|p1b: Glimmora|48\/100\n|-activate|p1b: Glimmora|ability: Toxic Debris\n|-sidestart|p2: gankyburner|move: Toxic Spikes\n|-damage|p2b: Mr. Jones|85\/100|[from] Recoil\n|move|p1a: Torkoal|Overheat|p2b: Mr. Jones\n|-supereffective|p2b: Mr. Jones\n|-damage|p2b: Mr. Jones|0 fnt\n|-unboost|p1a: Torkoal|spa|2\n|-enditem|p1a: Torkoal|Eject Pack\n|faint|p2b: Mr. Jones\n|\n|t:|1681782486\n|switch|p1a: Flutter Mane|Flutter Mane, L50|100\/100\n|\n|-weather|Sandstorm|[upkeep]\n|-damage|p1a: Flutter Mane|94\/100|[from] Sandstorm\n|upkeep\n|\n|t:|1681782493\n|switch|p2b: C'mon C'mon|Murkrow, L50, F|100\/100\n|turn|2\n|\n|t:|1681782505\n|-terastallize|p1a: Flutter Mane|Fairy\n|-terastallize|p2a: Godzilla|Flying\n|move|p2b: C'mon C'mon|Tailwind|p2b: C'mon C'mon\n|-sidestart|p2: gankyburner|move: Tailwind\n|move|p1a: Flutter Mane|Moonblast|p2a: Godzilla\n|-damage|p2a: Godzilla|36\/100\n|move|p2a: Godzilla|Rock Slide|p1a: Flutter Mane|[spread] p1a,p1b\n|-crit|p1b: Glimmora\n|-damage|p1a: Flutter Mane|27\/100\n|-damage|p1b: Glimmora|0 fnt\n|-activate|p1b: Glimmora|ability: Toxic Debris\n|-sidestart|p2: gankyburner|move: Toxic Spikes\n|faint|p1b: Glimmora\n|\n|-weather|Sandstorm|[upkeep]\n|-damage|p2b: C'mon C'mon|94\/100|[from] Sandstorm\n|-damage|p1a: Flutter Mane|21\/100|[from] Sandstorm\n|-damage|p2a: Godzilla|29\/100|[from] Sandstorm\n|upkeep\n|\n|t:|1681782521\n|switch|p1b: Jumpluff|Jumpluff, L50, M|100\/100\n|turn|3\n|\n|t:|1681782533\n|-end|p1a: Flutter Mane|Protosynthesis|[silent]\n|switch|p1a: Torkoal|Torkoal, L50, F|100\/100\n|-weather|SunnyDay|[from] ability: Drought|[of] p1a: Torkoal\n|move|p1b: Jumpluff|Tailwind|p1b: Jumpluff\n|-sidestart|p1: POKEKDS222|move: Tailwind\n|move|p2b: C'mon C'mon|Foul Play|p1a: Torkoal\n|-crit|p1a: Torkoal\n|-damage|p1a: Torkoal|71\/100\n|move|p2a: Godzilla|Rock Slide|p1b: Jumpluff|[spread] p1a,p1b\n|-supereffective|p1a: Torkoal\n|-supereffective|p1b: Jumpluff\n|-damage|p1a: Torkoal|17\/100\n|-damage|p1b: Jumpluff|21\/100\n|\n|-weather|SunnyDay|[upkeep]\n|upkeep\n|turn|4\n|\n|t:|1681782555\n|switch|p2a: Dragula|Houndstone, L50, F, shiny|100\/100\n|-status|p2a: Dragula|tox\n|move|p1b: Jumpluff|Sleep Powder|p2a: Dragula|[miss]\n|-miss|p1b: Jumpluff|p2a: Dragula\n|move|p2b: C'mon C'mon|Foul Play|p1a: Torkoal\n|-damage|p1a: Torkoal|0 fnt\n|faint|p1a: Torkoal\n|\n|-weather|SunnyDay|[upkeep]\n|-damage|p2a: Dragula|94\/100 tox|[from] psn\n|upkeep\n|\n|t:|1681782566\n|switch|p1a: Flutter Mane|Flutter Mane, L50, tera:Fairy|21\/100\n|-activate|p1a: Flutter Mane|ability: Protosynthesis\n|-start|p1a: Flutter Mane|protosynthesisspa\n|turn|5\n|\n|t:|1681782594\n|move|p1b: Jumpluff|Rage Powder|p1b: Jumpluff\n|-singleturn|p1b: Jumpluff|move: Rage Powder\n|move|p1a: Flutter Mane|Dazzling Gleam|p2a: Dragula|[spread] p2a,p2b\n|-supereffective|p2b: C'mon C'mon\n|-damage|p2a: Dragula|0 fnt\n|-damage|p2b: C'mon C'mon|0 fnt\n|faint|p2a: Dragula\n|faint|p2b: C'mon C'mon\n|\n|-weather|SunnyDay|[upkeep]\n|-sideend|p2: gankyburner|move: Tailwind\n|upkeep\n|\n|t:|1681782602\n|switch|p2a: Godzilla|Tyranitar, L50, M, shiny, tera:Flying|29\/100\n|-weather|Sandstorm|[from] ability: Sand Stream|[of] p2a: Godzilla\n|-end|p1a: Flutter Mane|Protosynthesis\n|turn|6\n|c|\u2606gankyburner|gg\n|\n|t:|1681782611\n|move|p1a: Flutter Mane|Dazzling Gleam|p2a: Godzilla\n|-damage|p2a: Godzilla|0 fnt\n|faint|p2a: Godzilla\n|\n|win|POKEKDS222\n|raw|POKEKDS222's rating: 1184 → 1210<\/strong> (+26 for winning)\n|raw|gankyburner's rating: 1201 → 1175<\/strong> (-26 for losing)\n|l|\u2606POKEKDS222\n","uploadtime":1681782628,"views":8,"p1id":"pokekds222","p2id":"gankyburner","formatid":"gen9vgc2023regulationc","rating":1175,"private":0,"password":""}