{"id":"gen9vgc2023regulationc-1854230372","p1":"MasteriusL","p2":"Tamejo","format":"[Gen 9] VGC 2023 Regulation C","log":"|j|\u2606MasteriusL\n|j|\u2606Tamejo\n|t:|1682786304\n|gametype|doubles\n|player|p1|MasteriusL|n|\n|player|p2|Tamejo|rood|\n|teamsize|p1|6\n|teamsize|p2|6\n|gen|9\n|tier|[Gen 9] VGC 2023 Regulation C\n|rule|Species Clause: Limit one of each Pok\u00e9mon\n|rule|Item Clause: Limit one of each item\n|clearpoke\n|poke|p1|Sableye, L50, M|\n|poke|p1|Flutter Mane, L50|\n|poke|p1|Chien-Pao, L50|\n|poke|p1|Dragonite, L50, M|\n|poke|p1|Arcanine, L50, M|\n|poke|p1|Great Tusk, L50|\n|poke|p2|Murkrow, L50, F|\n|poke|p2|Great Tusk, L50|\n|poke|p2|Iron Bundle, L50|\n|poke|p2|Chi-Yu, L50|\n|poke|p2|Iron Hands, L50|\n|poke|p2|Amoonguss, L50, M|\n|teampreview|4\n|inactive|Battle timer is ON: inactive players will automatically lose when time's up. (requested by MasteriusL)\nTamejo has agreed to open team sheets.\nMasteriusL has agreed to open team sheets.\n|c|\u2606Tamejo|Levi il timer pls? >.<\n|c|\u2606Tamejo|sono lento a leggere la lista ahahaha\n|inactive|MasteriusL has 60 seconds left.\n|inactive|Tamejo has 60 seconds left.\n|inactiveoff|Battle timer is now OFF.\n|c|\u2606MasteriusL|okk\n|c|\u2606MasteriusL|dopo lo rimetto\n|\n|t:|1682786461\n|start\n|switch|p1a: Chien-Pao|Chien-Pao, L50|100\/100\n|switch|p1b: Dragonite|Dragonite, L50, M|100\/100\n|switch|p2a: Iron Bundle|Iron Bundle, L50|100\/100\n|switch|p2b: Chi-Yu|Chi-Yu, L50|100\/100\n|-ability|p1a: Chien-Pao|Sword of Ruin\n|-ability|p2b: Chi-Yu|Beads of Ruin\n|-enditem|p2a: Iron Bundle|Booster Energy\n|-activate|p2a: Iron Bundle|ability: Quark Drive|[fromitem]\n|-start|p2a: Iron Bundle|quarkdrivespe\n|turn|1\n|\n|t:|1682786517\n|switch|p2b: Amoonguss|Amoonguss, L50, M|100\/100\n|-terastallize|p1b: Dragonite|Normal\n|move|p2a: Iron Bundle|Protect|p2a: Iron Bundle\n|-singleturn|p2a: Iron Bundle|Protect\n|move|p1b: Dragonite|Extreme Speed|p2b: Amoonguss\n|-damage|p2b: Amoonguss|26\/100\n|-enditem|p2b: Amoonguss|Sitrus Berry|[eat]\n|-heal|p2b: Amoonguss|51\/100|[from] item: Sitrus Berry\n|move|p1a: Chien-Pao|Sucker Punch||[still]\n|-fail|p1a: Chien-Pao\n|\n|upkeep\n|turn|2\n|\n|t:|1682786561\n|move|p1b: Dragonite|Extreme Speed|p2b: Amoonguss\n|-damage|p2b: Amoonguss|0 fnt\n|faint|p2b: Amoonguss\n|move|p2a: Iron Bundle|Icy Wind|p1b: Dragonite|[spread] p1a,p1b\n|-resisted|p1a: Chien-Pao\n|-damage|p1a: Chien-Pao|84\/100\n|-damage|p1b: Dragonite|84\/100\n|-unboost|p1a: Chien-Pao|spe|1\n|-unboost|p1b: Dragonite|spe|1\n|move|p1a: Chien-Pao|Ice Spinner|p2a: Iron Bundle\n|-resisted|p2a: Iron Bundle\n|-damage|p2a: Iron Bundle|84\/100\n|\n|upkeep\n|\n|t:|1682786572\n|switch|p2b: Great Tusk|Great Tusk, L50|100\/100\n|turn|3\n|\n|t:|1682786606\n|-terastallize|p2b: Great Tusk|Rock\n|move|p1b: Dragonite|Extreme Speed|p2b: Great Tusk\n|-resisted|p2b: Great Tusk\n|-damage|p2b: Great Tusk|64\/100\n|move|p1a: Chien-Pao|Sucker Punch|p2b: Great Tusk\n|-damage|p2b: Great Tusk|27\/100\n|move|p2a: Iron Bundle|Hydro Pump|p1b: Dragonite\n|-damage|p1b: Dragonite|35\/100\n|move|p2b: Great Tusk|Rock Slide|p1b: Dragonite|[spread] p1a,p1b\n|-supereffective|p1a: Chien-Pao\n|-damage|p1a: Chien-Pao|0 fnt\n|-damage|p1b: Dragonite|0 fnt\n|faint|p1a: Chien-Pao\n|faint|p1b: Dragonite\n|\n|upkeep\n|\n|t:|1682786618\n|switch|p1a: Great Tusk|Great Tusk, L50, shiny|100\/100\n|switch|p1b: Flutter Mane|Flutter Mane, L50, shiny|100\/100\n|turn|4\n|inactive|Battle timer is ON: inactive players will automatically lose when time's up. (requested by MasteriusL)\n|\n|t:|1682786649\n|move|p2a: Iron Bundle|Icy Wind|p1b: Flutter Mane|[spread] p1a,p1b\n|-supereffective|p1a: Great Tusk\n|-damage|p1a: Great Tusk|44\/100\n|-damage|p1b: Flutter Mane|80\/100\n|-unboost|p1a: Great Tusk|spe|1\n|-unboost|p1b: Flutter Mane|spe|1\n|move|p2b: Great Tusk|Headlong Rush|p1b: Flutter Mane\n|-damage|p1b: Flutter Mane|0 fnt\n|-unboost|p2b: Great Tusk|def|1\n|-unboost|p2b: Great Tusk|spd|1\n|faint|p1b: Flutter Mane\n|-end|p1b: Flutter Mane|Protosynthesis|[silent]\n|move|p1a: Great Tusk|Headlong Rush|p2a: Iron Bundle\n|-damage|p2a: Iron Bundle|10\/100\n|-unboost|p1a: Great Tusk|def|1\n|-unboost|p1a: Great Tusk|spd|1\n|\n|upkeep\n|turn|5\n|c|\u2606MasteriusL|gg\n|c|\u2606Tamejo|Gg\n|-message|MasteriusL forfeited.\n|\n|win|Tamejo\n|l|\u2606MasteriusL\n","uploadtime":1682786676,"views":23,"p1id":"masteriusl","p2id":"tamejo","formatid":"gen9vgc2023regulationc","rating":0,"private":0,"password":""}