{"id":"gen9vgc2023regulationc-1852191434","p1":"Reuselation","p2":"ChosenOrange","format":"[Gen 9] VGC 2023 Regulation C","log":"|j|\u2606Reuselation\n|j|\u2606ChosenOrange\n|t:|1682531667\n|gametype|doubles\n|player|p1|Reuselation|red|1182\n|player|p2|ChosenOrange|101|1112\n|teamsize|p1|6\n|teamsize|p2|6\n|gen|9\n|tier|[Gen 9] VGC 2023 Regulation C\n|rated|\n|rule|Species Clause: Limit one of each Pok\u00e9mon\n|rule|Item Clause: Limit one of each item\n|clearpoke\n|poke|p1|Pelipper, L50, F|\n|poke|p1|Palafin, L50, M|\n|poke|p1|Amoonguss, L50, M|\n|poke|p1|Iron Hands, L50|\n|poke|p1|Salamence, L50, F|\n|poke|p1|Chien-Pao, L50|\n|poke|p2|Amoonguss, L50, M|\n|poke|p2|Gyarados, L50, F|\n|poke|p2|Chien-Pao, L50|\n|poke|p2|Ting-Lu, L50|\n|poke|p2|Great Tusk, L50|\n|poke|p2|Flutter Mane, L50|\n|teampreview|4\n|inactive|Battle timer is ON: inactive players will automatically lose when time's up. (requested by ChosenOrange)\nChosenOrange rejected open team sheets.\n|\n|t:|1682531698\n|start\n|switch|p1a: Iron Hands|Iron Hands, L50|100\/100\n|switch|p1b: Amoonguss|Amoonguss, L50, M|100\/100\n|switch|p2a: Great Tusk|Great Tusk, L50|100\/100\n|switch|p2b: Chien-Pao|Chien-Pao, L50|100\/100\n|-ability|p2b: Chien-Pao|Sword of Ruin\n|turn|1\n|inactive|Reuselation has 30 seconds left.\n|\n|t:|1682531724\n|-end|p2a: Great Tusk|Protosynthesis|[silent]\n|switch|p2a: Gyarados|Gyarados, L50, F|100\/100\n|-ability|p2a: Gyarados|Intimidate|boost\n|-unboost|p1a: Iron Hands|atk|1\n|-unboost|p1b: Amoonguss|atk|1\n|-terastallize|p1a: Iron Hands|Grass\n|move|p2b: Chien-Pao|Protect|p2b: Chien-Pao\n|-singleturn|p2b: Chien-Pao|Protect\n|move|p1a: Iron Hands|Fake Out|p2b: Chien-Pao\n|-activate|p2b: Chien-Pao|move: Protect\n|move|p1b: Amoonguss|Spore|p2a: Gyarados\n|-status|p2a: Gyarados|slp|[from] move: Spore\n|-enditem|p2a: Gyarados|Lum Berry|[eat]\n|-curestatus|p2a: Gyarados|slp|[msg]\n|\n|upkeep\n|turn|2\n|\n|t:|1682531745\n|switch|p2a: Great Tusk|Great Tusk, L50|100\/100\n|move|p2b: Chien-Pao|Ice Spinner|p1b: Amoonguss\n|-supereffective|p1b: Amoonguss\n|-damage|p1b: Amoonguss|16\/100\n|-enditem|p1b: Amoonguss|Sitrus Berry|[eat]\n|-heal|p1b: Amoonguss|41\/100|[from] item: Sitrus Berry\n|move|p1a: Iron Hands|Drain Punch|p2b: Chien-Pao\n|-supereffective|p2b: Chien-Pao\n|-enditem|p2b: Chien-Pao|Focus Sash\n|-damage|p2b: Chien-Pao|1\/100\n|move|p1b: Amoonguss|Spore|p2a: Great Tusk\n|-status|p2a: Great Tusk|slp|[from] move: Spore\n|\n|upkeep\n|turn|3\n|\n|t:|1682531766\n|switch|p2b: Gyarados|Gyarados, L50, F|100\/100\n|-ability|p2b: Gyarados|Intimidate|boost\n|-unboost|p1a: Iron Hands|atk|1\n|-unboost|p1b: Amoonguss|atk|1\n|move|p1b: Amoonguss|Protect|p1b: Amoonguss\n|-singleturn|p1b: Amoonguss|Protect\n|cant|p2a: Great Tusk|slp\n|move|p1a: Iron Hands|Drain Punch|p2b: Gyarados\n|-resisted|p2b: Gyarados\n|-damage|p2b: Gyarados|87\/100\n|\n|upkeep\n|turn|4\n|\n|t:|1682531788\n|switch|p1b: Salamence|Salamence, L50, F|100\/100\n|-ability|p1b: Salamence|Intimidate|boost\n|-unboost|p2a: Great Tusk|atk|1\n|-unboost|p2b: Gyarados|atk|1\n|move|p2b: Gyarados|Protect|p2b: Gyarados\n|-singleturn|p2b: Gyarados|Protect\n|-curestatus|p2a: Great Tusk|slp|[msg]\n|move|p2a: Great Tusk|Close Combat|p1a: Iron Hands\n|-damage|p1a: Iron Hands|72\/100\n|-unboost|p2a: Great Tusk|def|1\n|-unboost|p2a: Great Tusk|spd|1\n|move|p1a: Iron Hands|Wild Charge|p2b: Gyarados\n|-activate|p2b: Gyarados|move: Protect\n|\n|upkeep\n|turn|5\n|\n|t:|1682531807\n|-end|p2a: Great Tusk|Protosynthesis|[silent]\n|switch|p2a: Chien-Pao|Chien-Pao, L50|1\/100\n|-ability|p2a: Chien-Pao|Sword of Ruin\n|switch|p2b: Ting-Lu|Ting-Lu, L50|100\/100\n|-ability|p2b: Ting-Lu|Vessel of Ruin\n|move|p1b: Salamence|Tailwind|p1b: Salamence\n|-sidestart|p1: Reuselation|move: Tailwind\n|move|p1a: Iron Hands|Wild Charge|p2b: Ting-Lu\n|-immune|p2b: Ting-Lu\n|\n|upkeep\n|turn|6\n|inactive|ChosenOrange has 30 seconds left.\n|\n|t:|1682531833\n|-end|p1a: Iron Hands|Quark Drive|[silent]\n|switch|p1a: Chien-Pao|Chien-Pao, L50|100\/100\n|-ability|p1a: Chien-Pao|Sword of Ruin\n|move|p1b: Salamence|Protect|p1b: Salamence\n|-singleturn|p1b: Salamence|Protect\n|move|p2a: Chien-Pao|Protect|p2a: Chien-Pao\n|-singleturn|p2a: Chien-Pao|Protect\n|move|p2b: Ting-Lu|Ruination|p1b: Salamence\n|-activate|p1b: Salamence|move: Protect\n|\n|upkeep\n|turn|7\n|inactive|ChosenOrange has 30 seconds left.\n|\n|t:|1682531860\n|switch|p2a: Gyarados|Gyarados, L50, F|87\/100\n|-ability|p2a: Gyarados|Intimidate|boost\n|-unboost|p1a: Chien-Pao|atk|1\n|-unboost|p1b: Salamence|atk|1\n|move|p1a: Chien-Pao|Ice Spinner|p2b: Ting-Lu\n|-supereffective|p2b: Ting-Lu\n|-damage|p2b: Ting-Lu|65\/100\n|move|p1b: Salamence|Hurricane|p2a: Gyarados\n|-crit|p2a: Gyarados\n|-damage|p2a: Gyarados|17\/100\n|-damage|p1b: Salamence|91\/100|[from] item: Life Orb\n|move|p2b: Ting-Lu|Fissure|p1a: Chien-Pao|[miss]\n|-miss|p2b: Ting-Lu|p1a: Chien-Pao\n|\n|upkeep\n|turn|8\n|\n|t:|1682531881\n|switch|p2a: Chien-Pao|Chien-Pao, L50|1\/100\n|-ability|p2a: Chien-Pao|Sword of Ruin\n|move|p1a: Chien-Pao|Ice Spinner|p2b: Ting-Lu\n|-supereffective|p2b: Ting-Lu\n|-damage|p2b: Ting-Lu|31\/100\n|move|p1b: Salamence|Hurricane|p2a: Chien-Pao\n|-damage|p2a: Chien-Pao|0 fnt\n|faint|p2a: Chien-Pao\n|-damage|p1b: Salamence|82\/100|[from] item: Life Orb\n|move|p2b: Ting-Lu|Fissure|p1a: Chien-Pao|[miss]\n|-miss|p2b: Ting-Lu|p1a: Chien-Pao\n|\n|-sideend|p1: Reuselation|move: Tailwind\n|upkeep\n|\n|t:|1682531893\n|switch|p2a: Gyarados|Gyarados, L50, F|17\/100\n|-ability|p2a: Gyarados|Intimidate|boost\n|-unboost|p1a: Chien-Pao|atk|1\n|-unboost|p1b: Salamence|atk|1\n|turn|9\n|\n|t:|1682531904\n|move|p1a: Chien-Pao|Ice Spinner|p2b: Ting-Lu\n|-supereffective|p2b: Ting-Lu\n|-crit|p2b: Ting-Lu\n|-damage|p2b: Ting-Lu|0 fnt\n|faint|p2b: Ting-Lu\n|move|p1b: Salamence|Hurricane|p2a: Gyarados|[miss]\n|-miss|p1b: Salamence|p2a: Gyarados\n|move|p2a: Gyarados|Waterfall|p1a: Chien-Pao\n|-damage|p1a: Chien-Pao|37\/100\n|\n|upkeep\n|\n|t:|1682531911\n|switch|p2b: Great Tusk|Great Tusk, L50|100\/100\n|turn|10\n|\n|t:|1682531921\n|move|p2a: Gyarados|Protect|p2a: Gyarados\n|-singleturn|p2a: Gyarados|Protect\n|move|p2b: Great Tusk|Rock Slide|p1a: Chien-Pao|[spread] p1a,p1b\n|-supereffective|p1a: Chien-Pao\n|-supereffective|p1b: Salamence\n|-damage|p1a: Chien-Pao|0 fnt\n|-damage|p1b: Salamence|17\/100\n|faint|p1a: Chien-Pao\n|move|p1b: Salamence|Tailwind|p1b: Salamence\n|-sidestart|p1: Reuselation|move: Tailwind\n|\n|upkeep\n|\n|t:|1682531932\n|switch|p1a: Amoonguss|Amoonguss, L50, M|74\/100\n|turn|11\n|l|\u2606ChosenOrange\n|inactive|ChosenOrange disconnected and has a minute to reconnect!\n|player|p2|\n|inactive|ChosenOrange has 30 seconds left.\n|inactive|ChosenOrange has 20 seconds left.\n|inactive|ChosenOrange has 15 seconds left.\n|inactive|ChosenOrange has 10 seconds left.\n|inactive|ChosenOrange has 5 seconds left.\n|-message|ChosenOrange lost due to inactivity.\n|\n|win|Reuselation\n|raw|Reuselation's rating: 1182 → 1202<\/strong> (+20 for winning)\n|raw|ChosenOrange's rating: 1112 → 1092<\/strong> (-20 for losing)\n","uploadtime":1682531998,"views":11,"p1id":"reuselation","p2id":"chosenorange","formatid":"gen9vgc2023regulationc","rating":1092,"private":0,"password":""}