{"id":"gen9vgc2023regulationc-1852116160","p1":"Just_SamueIe","p2":"woho","format":"[Gen 9] VGC 2023 Regulation C","log":"|j|\u2606Just_SamueIe\n|j|\u2606woho\n|t:|1682525441\n|gametype|doubles\n|player|p1|Just_SamueIe|chase|1265\n|player|p2|woho|alder|1220\n|teamsize|p1|6\n|teamsize|p2|6\n|gen|9\n|tier|[Gen 9] VGC 2023 Regulation C\n|rated|\n|rule|Species Clause: Limit one of each Pok\u00e9mon\n|rule|Item Clause: Limit one of each item\n|clearpoke\n|poke|p1|Ceruledge, L50, F|\n|poke|p1|Flutter Mane, L50|\n|poke|p1|Dragapult, L50, M|\n|poke|p1|Klefki, L50, M|\n|poke|p1|Chien-Pao, L50|\n|poke|p1|Arcanine, L50, M|\n|poke|p2|Arboliva, L50, M|\n|poke|p2|Orthworm, L50, F|\n|poke|p2|Haxorus, L50, M|\n|poke|p2|Glimmora, L50, F|\n|poke|p2|Hariyama, L50, M|\n|poke|p2|Gholdengo, L50|\n|teampreview|4\n|\n|t:|1682525459\n|start\n|switch|p1a: Arcanine|Arcanine, L50, M|100\/100\n|switch|p1b: Dragapult|Dragapult, L50, M|100\/100\n|switch|p2a: Rikishi|Hariyama, L50, M, shiny|100\/100\n|switch|p2b: Moranca|Glimmora, L50, F|100\/100\n|-ability|p1a: Arcanine|Intimidate|boost\n|-unboost|p2a: Rikishi|atk|1\n|-unboost|p2b: Moranca|atk|1\n|turn|1\n|\n|t:|1682525486\n|switch|p1b: Klefki|Klefki, L50, M|100\/100\n|-terastallize|p2a: Rikishi|Dark\n|move|p1a: Arcanine|Protect|p1a: Arcanine\n|-singleturn|p1a: Arcanine|Protect\n|move|p2b: Moranca|Power Gem|p1a: Arcanine\n|-activate|p1a: Arcanine|move: Protect\n|move|p2a: Rikishi|Knock Off|p1b: Klefki\n|-resisted|p1b: Klefki\n|-damage|p1b: Klefki|87\/100\n|-enditem|p1b: Klefki|Light Clay|[from] move: Knock Off|[of] p2a: Rikishi\n|\n|-status|p2a: Rikishi|brn|[from] item: Flame Orb\n|upkeep\n|turn|2\n|inactive|Battle timer is ON: inactive players will automatically lose when time's up. (requested by woho)\n|\n|t:|1682525529\n|switch|p1a: Dragapult|Dragapult, L50, M|100\/100\n|move|p1b: Klefki|Thunder Wave|p2b: Moranca\n|-status|p2b: Moranca|par\n|move|p2a: Rikishi|Drain Punch|p1b: Klefki\n|-damage|p1b: Klefki|56\/100\n|cant|p2b: Moranca|par\n|\n|-damage|p2a: Rikishi|95\/100 brn|[from] brn\n|upkeep\n|turn|3\n|inactive|Just_SamueIe has 30 seconds left.\n|\n|t:|1682525562\n|move|p1b: Klefki|Light Screen|p1b: Klefki\n|-sidestart|p1: Just_SamueIe|move: Light Screen\n|move|p1a: Dragapult|U-turn|p2a: Rikishi\n|-supereffective|p2a: Rikishi\n|-damage|p2a: Rikishi|20\/100 brn\n|\n|t:|1682525566\n|switch|p1a: Arcanine|Arcanine, L50, M|100\/100|[from] U-turn\n|-ability|p1a: Arcanine|Intimidate|boost\n|-unboost|p2a: Rikishi|atk|1\n|-unboost|p2b: Moranca|atk|1\n|move|p2a: Rikishi|Knock Off|p1a: Arcanine\n|-damage|p1a: Arcanine|68\/100\n|-enditem|p1a: Arcanine|Safety Goggles|[from] move: Knock Off|[of] p2a: Rikishi\n|move|p2b: Moranca|Earth Power|p1b: Klefki\n|-supereffective|p1b: Klefki\n|-damage|p1b: Klefki|0 fnt\n|faint|p1b: Klefki\n|\n|-damage|p2a: Rikishi|14\/100 brn|[from] brn\n|upkeep\n|\n|t:|1682525580\n|switch|p1b: Ceruledge|Ceruledge, L50, F, shiny|100\/100\n|turn|4\n|inactive|Just_SamueIe has 30 seconds left.\n|inactive|Just_SamueIe has 20 seconds left.\n|inactive|Just_SamueIe has 15 seconds left.\n|\n|t:|1682525621\n|switch|p2a: Luthien|Arboliva, L50, M|100\/100\n|-terastallize|p1b: Ceruledge|Grass\n|move|p1a: Arcanine|Howl|p1a: Arcanine|[spread] p1a,p1b\n|-boost|p1a: Arcanine|atk|1\n|-boost|p1b: Ceruledge|atk|1\n|move|p1b: Ceruledge|Bitter Blade|p2a: Luthien\n|-supereffective|p2a: Luthien\n|-damage|p2a: Luthien|0 fnt\n|-fieldstart|move: Grassy Terrain|[from] ability: Seed Sower|[of] p2a: Luthien\n|faint|p2a: Luthien\n|move|p2b: Moranca|Power Gem|p1a: Arcanine\n|-supereffective|p1a: Arcanine\n|-crit|p1a: Arcanine\n|-damage|p1a: Arcanine|0 fnt\n|faint|p1a: Arcanine\n|\n|upkeep\n|\n|t:|1682525637\n|switch|p1a: Dragapult|Dragapult, L50, M|100\/100\n|switch|p2a: Rikishi|Hariyama, L50, M, shiny, tera:Dark|14\/100 brn\n|turn|5\n|\n|t:|1682525648\n|move|p2a: Rikishi|Fake Out|p1b: Ceruledge\n|-damage|p1b: Ceruledge|76\/100\n|cant|p1b: Ceruledge|flinch\n|move|p1a: Dragapult|Dragon Darts|p2a: Rikishi\n|-damage|p2a: Rikishi|0 fnt\n|-anim|p1a: Dragapult|Dragon Darts|p2b: Moranca\n|-damage|p2b: Moranca|63\/100 par\n|-activate|p2b: Moranca|ability: Toxic Debris\n|-sidestart|p1: Just_SamueIe|move: Toxic Spikes\n|faint|p2a: Rikishi\n|cant|p2b: Moranca|par\n|\n|-heal|p1b: Ceruledge|82\/100|[from] Grassy Terrain\n|-heal|p2b: Moranca|68\/100 par|[from] Grassy Terrain\n|upkeep\n|\n|t:|1682525666\n|switch|p2a: Florino|Gholdengo, L50|100\/100\n|turn|6\n|\n|t:|1682525681\n|move|p1a: Dragapult|Dragon Darts|p2b: Moranca\n|-damage|p2b: Moranca|32\/100 par\n|-activate|p2b: Moranca|ability: Toxic Debris\n|-sidestart|p1: Just_SamueIe|move: Toxic Spikes\n|-anim|p1a: Dragapult|Dragon Darts|p2a: Florino\n|-resisted|p2a: Florino\n|-damage|p2a: Florino|79\/100\n|move|p2a: Florino|Shadow Ball|p1a: Dragapult\n|-supereffective|p1a: Dragapult\n|-crit|p1a: Dragapult\n|-damage|p1a: Dragapult|0 fnt\n|faint|p1a: Dragapult\n|move|p1b: Ceruledge|Bitter Blade|p2a: Florino\n|-supereffective|p2a: Florino\n|-damage|p2a: Florino|0 fnt\n|-heal|p1b: Ceruledge|100\/100|[from] drain|[of] p2a: Florino\n|faint|p2a: Florino\n|move|p2b: Moranca|Venoshock|p1b: Ceruledge\n|-supereffective|p1b: Ceruledge\n|-damage|p1b: Ceruledge|49\/100\n|\n|-heal|p1b: Ceruledge|55\/100|[from] Grassy Terrain\n|-heal|p2b: Moranca|37\/100 par|[from] Grassy Terrain\n|upkeep\n|turn|7\n|\n|t:|1682525706\n|move|p1b: Ceruledge|Bitter Blade|p2b: Moranca\n|-resisted|p2b: Moranca\n|-damage|p2b: Moranca|0 fnt\n|-heal|p1b: Ceruledge|75\/100|[from] drain|[of] p2b: Moranca\n|faint|p2b: Moranca\n|\n|win|Just_SamueIe\n|raw|Just_SamueIe's rating: 1265 → 1287<\/strong> (+22 for winning)\n|raw|woho's rating: 1220 → 1198<\/strong> (-22 for losing)\n|l|\u2606woho\n|c|\u2606Just_SamueIe|gg\n","uploadtime":1682525716,"views":13,"p1id":"justsamueie","p2id":"woho","formatid":"gen9vgc2023regulationc","rating":1198,"private":0,"password":""}