{"id":"gen9vgc2023regulationc-1851722614","p1":"Pasodoble","p2":"AgumonVGC","format":"[Gen 9] VGC 2023 Regulation C","log":"|j|\u2606Pasodoble\n|j|\u203dAgumonVGC\n|t:|1682474297\n|gametype|doubles\n|player|p1|Pasodoble|266|1629\n|player|p2|AgumonVGC|102|1677\n|teamsize|p1|6\n|teamsize|p2|6\n|gen|9\n|tier|[Gen 9] VGC 2023 Regulation C\n|rated|\n|rule|Species Clause: Limit one of each Pok\u00e9mon\n|rule|Item Clause: Limit one of each item\n|clearpoke\n|poke|p1|Abomasnow, L50, F|\n|poke|p1|Ceruledge, L50, M|\n|poke|p1|Gyarados, L50, F|\n|poke|p1|Ting-Lu, L50|\n|poke|p1|Flutter Mane, L50|\n|poke|p1|Iron Bundle, L50|\n|poke|p2|Gothitelle, L50, M|\n|poke|p2|Iron Hands, L50|\n|poke|p2|Flutter Mane, L50|\n|poke|p2|Ting-Lu, L50|\n|poke|p2|Arcanine, L50, M|\n|poke|p2|Palafin, L50, F|\n|teampreview|4\nPasodoble has agreed to open team sheets.\n|inactive|Battle timer is ON: inactive players will automatically lose when time's up. (requested by AgumonVGC)\n|j| MrMoneyBags100\n|l| MrMoneyBags100\n|j| zurneus\n|inactive|Pasodoble has 60 seconds left.\n|\n|t:|1682474342\n|start\n|switch|p1a: Leviathan|Gyarados, L50, F, shiny|100\/100\n|switch|p1b: Roxas|Ceruledge, L50, M, shiny|100\/100\n|switch|p2a: Flutter Mane|Flutter Mane, L50|100\/100\n|switch|p2b: Palafin|Palafin, L50, F|100\/100\n|-ability|p1a: Leviathan|Intimidate|boost\n|-unboost|p2a: Flutter Mane|atk|1\n|-unboost|p2b: Palafin|atk|1\n|turn|1\n|\n|t:|1682474361\n|detailschange|p2b: Palafin|Palafin-Hero, L50, F\n|switch|p2b: Iron Hands|Iron Hands, L50, shiny|100\/100\n|-terastallize|p1b: Roxas|Grass\n|move|p2a: Flutter Mane|Substitute|p2a: Flutter Mane\n|-start|p2a: Flutter Mane|Substitute\n|-damage|p2a: Flutter Mane|76\/100\n|move|p1b: Roxas|Bulk Up|p1b: Roxas\n|-boost|p1b: Roxas|atk|1\n|-boost|p1b: Roxas|def|1\n|move|p1a: Leviathan|Thunder Wave||[still]\n|-fail|p1a: Leviathan\n|\n|upkeep\n|turn|2\n|\n|t:|1682474383\n|switch|p1a: Activision|Abomasnow, L50, F|100\/100\n|-weather|Snow|[from] ability: Snow Warning|[of] p1a: Activision\n|move|p2a: Flutter Mane|Protect|p2a: Flutter Mane\n|-singleturn|p2a: Flutter Mane|Protect\n|move|p1b: Roxas|Protect|p1b: Roxas\n|-singleturn|p1b: Roxas|Protect\n|move|p2b: Iron Hands|Swords Dance|p2b: Iron Hands\n|-boost|p2b: Iron Hands|atk|2\n|\n|-weather|Snow|[upkeep]\n|upkeep\n|turn|3\n|\n|t:|1682474404\n|move|p2a: Flutter Mane|Moonblast|p1b: Roxas\n|-damage|p1b: Roxas|38\/100\n|-damage|p2a: Flutter Mane|66\/100|[from] item: Life Orb\n|move|p1b: Roxas|Bitter Blade|p2b: Iron Hands\n|-damage|p2b: Iron Hands|60\/100\n|-heal|p1b: Roxas|67\/100|[from] drain|[of] p2b: Iron Hands\n|move|p1a: Activision|Aurora Veil|p1a: Activision\n|-sidestart|p1: Pasodoble|move: Aurora Veil\n|move|p2b: Iron Hands|Drain Punch|p1b: Roxas\n|-damage|p1b: Roxas|28\/100\n|-heal|p2b: Iron Hands|74\/100|[from] drain|[of] p1b: Roxas\n|\n|-weather|Snow|[upkeep]\n|upkeep\n|turn|4\n|inactive|Pasodoble has 30 seconds left.\n|inactive|Pasodoble has 20 seconds left.\n|inactive|Pasodoble has 15 seconds left.\n|\n|t:|1682474447\n|switch|p1a: Bifrost|Iron Bundle, L50|100\/100\n|-enditem|p1a: Bifrost|Booster Energy\n|-activate|p1a: Bifrost|ability: Quark Drive|[fromitem]\n|-start|p1a: Bifrost|quarkdrivespe\n|-terastallize|p2a: Flutter Mane|Fairy\n|move|p1b: Roxas|Protect|p1b: Roxas\n|-singleturn|p1b: Roxas|Protect\n|move|p2a: Flutter Mane|Moonblast|p1b: Roxas\n|-activate|p1b: Roxas|move: Protect\n|move|p2b: Iron Hands|Drain Punch|p1a: Bifrost\n|-supereffective|p1a: Bifrost\n|-damage|p1a: Bifrost|6\/100\n|-heal|p2b: Iron Hands|99\/100|[from] drain|[of] p1a: Bifrost\n|\n|-weather|Snow|[upkeep]\n|upkeep\n|turn|5\n|inactive|Pasodoble has 30 seconds left.\n|\n|t:|1682474476\n|move|p1b: Roxas|Shadow Sneak|p2a: Flutter Mane\n|-end|p2a: Flutter Mane|Substitute\n|move|p1a: Bifrost|Blizzard|p2b: Iron Hands|[spread] p2a,p2b\n|-damage|p2a: Flutter Mane|20\/100\n|-damage|p2b: Iron Hands|65\/100\n|move|p2a: Flutter Mane|Moonblast|p1b: Roxas\n|-damage|p1b: Roxas|0 fnt\n|faint|p1b: Roxas\n|-damage|p2a: Flutter Mane|10\/100|[from] item: Life Orb\n|move|p2b: Iron Hands|Drain Punch|p1a: Bifrost\n|-supereffective|p1a: Bifrost\n|-damage|p1a: Bifrost|0 fnt\n|-heal|p2b: Iron Hands|67\/100|[from] drain|[of] p1a: Bifrost\n|faint|p1a: Bifrost\n|-end|p1a: Bifrost|Quark Drive|[silent]\n|\n|-weather|Snow|[upkeep]\n|upkeep\n|-message|Pasodoble forfeited.\n|\n|win|AgumonVGC\n|raw|Pasodoble's rating: 1629 → 1612<\/strong> (-17 for losing)\n|raw|AgumonVGC's rating: 1677 → 1694<\/strong> (+17 for winning)\n|l|\u2606Pasodoble\n|l|\u203dAgumonVGC\n|j|\u203dAgumonVGC\n|player|p2|AgumonVGC|102\n","uploadtime":1682476084,"views":7,"p1id":"pasodoble","p2id":"agumonvgc","formatid":"gen9vgc2023regulationc","rating":1612,"private":0,"password":""}