{"id":"gen9vgc2023regulationc-1861937693","p1":"revocolombia","p2":"Frooda","format":"[Gen 9] VGC 2023 Regulation C","log":"|j|\u2606revocolombia\n|j|\u2606Frooda\n|t:|1683822368\n|gametype|doubles\n|player|p1|revocolombia|pokemonranger-gen4|1313\n|player|p2|Frooda|cynthia|1343\n|teamsize|p1|6\n|teamsize|p2|6\n|gen|9\n|tier|[Gen 9] VGC 2023 Regulation C\n|rated|\n|rule|Species Clause: Limit one of each Pok\u00e9mon\n|rule|Item Clause: Limit one of each item\n|clearpoke\n|poke|p1|Flutter Mane, L50|\n|poke|p1|Great Tusk, L50|\n|poke|p1|Gholdengo, L50|\n|poke|p1|Chien-Pao, L50|\n|poke|p1|Murkrow, L50, M|\n|poke|p1|Annihilape, L50, F|\n|poke|p2|Torkoal, L50, F|\n|poke|p2|Annihilape, L50, F|\n|poke|p2|Indeedee-F, L50, F|\n|poke|p2|Great Tusk, L50|\n|poke|p2|Iron Hands, L50|\n|poke|p2|Armarouge, L50, F|\n|teampreview|4\n|inactive|Battle timer is ON: inactive players will automatically lose when time's up. (requested by Frooda)\n|c|\u2606Frooda|glhf\n|inactive|revocolombia has 60 seconds left.\n|\n|t:|1683822409\n|start\n|switch|p1a: Chien-Pao|Chien-Pao, L50|100\/100\n|switch|p1b: Great Tusk|Great Tusk, L50|100\/100\n|switch|p2a: Indeed|Indeedee-F, L50, F, shiny|100\/100\n|switch|p2b: Annihilape|Annihilape, L50, F|100\/100\n|-ability|p1a: Chien-Pao|Sword of Ruin\n|-fieldstart|move: Psychic Terrain|[from] ability: Psychic Surge|[of] p2a: Indeed\n|turn|1\n|\n|t:|1683822430\n|move|p2b: Annihilape|Final Gambit|p1b: Great Tusk\n|-damage|p1b: Great Tusk|0 fnt\n|faint|p2b: Annihilape\n|faint|p1b: Great Tusk\n|-end|p1b: Great Tusk|Protosynthesis|[silent]\n|move|p1a: Chien-Pao|Ice Spinner|p2a: Indeed\n|-damage|p2a: Indeed|17\/100\n|-fieldend|move: Psychic Terrain\n|move|p2a: Indeed|Trick Room|p2a: Indeed\n|-fieldstart|move: Trick Room|[of] p2a: Indeed\n|\n|upkeep\n|\n|t:|1683822442\n|switch|p1b: Annihilape|Annihilape, L50, F|100\/100\n|switch|p2b: little fellow|Torkoal, L50, F|100\/100\n|-weather|SunnyDay|[from] ability: Drought|[of] p2b: little fellow\n|turn|2\n|inactive|revocolombia has 30 seconds left.\n|\n|t:|1683822471\n|-terastallize|p2b: little fellow|Fire\n|move|p2a: Indeed|Helping Hand|p2b: little fellow\n|-singleturn|p2b: little fellow|Helping Hand|[of] p2a: Indeed\n|move|p2b: little fellow|Eruption|p1b: Annihilape|[spread] p1a,p1b\n|-supereffective|p1a: Chien-Pao\n|-crit|p1a: Chien-Pao\n|-enditem|p1a: Chien-Pao|Focus Sash\n|-damage|p1a: Chien-Pao|1\/100\n|-damage|p1b: Annihilape|0 fnt\n|faint|p1b: Annihilape\n|move|p1a: Chien-Pao|Sacred Sword|p2b: little fellow\n|-damage|p2b: little fellow|68\/100\n|\n|-weather|SunnyDay|[upkeep]\n|upkeep\n|\n|t:|1683822486\n|switch|p1b: Flutter Mane|Flutter Mane, L50|100\/100\n|-activate|p1b: Flutter Mane|ability: Protosynthesis\n|-start|p1b: Flutter Mane|protosynthesisspa\n|turn|3\n|\n|t:|1683822497\n|move|p2a: Indeed|Helping Hand|p2b: little fellow\n|-singleturn|p2b: little fellow|Helping Hand|[of] p2a: Indeed\n|move|p1b: Flutter Mane|Protect|p1b: Flutter Mane\n|-singleturn|p1b: Flutter Mane|Protect\n|move|p1a: Chien-Pao|Sucker Punch|p2b: little fellow\n|-damage|p2b: little fellow|29\/100\n|move|p2b: little fellow|Eruption|p1a: Chien-Pao|[spread] p1a\n|-activate|p1b: Flutter Mane|move: Protect\n|-supereffective|p1a: Chien-Pao\n|-damage|p1a: Chien-Pao|0 fnt\n|faint|p1a: Chien-Pao\n|\n|-weather|SunnyDay|[upkeep]\n|upkeep\n|turn|4\n|\n|t:|1683822515\n|switch|p2b: Iron Hands|Iron Hands, L50|100\/100\n|-terastallize|p1b: Flutter Mane|Fairy\n|move|p2a: Indeed|Psychic|p1b: Flutter Mane\n|-damage|p1b: Flutter Mane|71\/100\n|move|p1b: Flutter Mane|Dazzling Gleam|p2a: Indeed|[spread] p2a,p2b\n|-supereffective|p2b: Iron Hands\n|-damage|p2a: Indeed|0 fnt\n|-damage|p2b: Iron Hands|28\/100\n|faint|p2a: Indeed\n|\n|-weather|SunnyDay|[upkeep]\n|upkeep\n|\n|t:|1683822526\n|switch|p2a: little fellow|Torkoal, L50, F, tera:Fire|29\/100\n|turn|5\n|\n|t:|1683822532\n|move|p1b: Flutter Mane|Protect|p1b: Flutter Mane\n|-singleturn|p1b: Flutter Mane|Protect\n|move|p2a: little fellow|Flamethrower|p1b: Flutter Mane\n|-activate|p1b: Flutter Mane|move: Protect\n|move|p2b: Iron Hands|Iron Head|p1b: Flutter Mane\n|-activate|p1b: Flutter Mane|move: Protect\n|\n|-weather|SunnyDay|[upkeep]\n|-fieldend|move: Trick Room\n|upkeep\n|turn|6\n|\n|t:|1683822543\n|move|p1b: Flutter Mane|Dazzling Gleam|p2a: little fellow|[spread] p2a,p2b\n|-resisted|p2a: little fellow\n|-supereffective|p2b: Iron Hands\n|-damage|p2a: little fellow|0 fnt\n|-damage|p2b: Iron Hands|0 fnt\n|faint|p2a: little fellow\n|faint|p2b: Iron Hands\n|-end|p2b: Iron Hands|Quark Drive|[silent]\n|\n|win|revocolombia\n|raw|revocolombia's rating: 1313 → 1335<\/strong> (+22 for winning)\n|raw|Frooda's rating: 1343 → 1321<\/strong> (-22 for losing)\n|l|\u2606Frooda\n","uploadtime":1683822555,"views":6,"p1id":"revocolombia","p2id":"frooda","formatid":"gen9vgc2023regulationc","rating":1321,"private":0,"password":""}