{"id":"gen9vgc2023regulationc-1855123543","p1":"Seabear2112","p2":"Terran Weeds","format":"[Gen 9] VGC 2023 Regulation C","log":"|j|\u2606Seabear2112\n|j|\u2606Terran Weeds\n|t:|1682904135\n|gametype|doubles\n|player|p1|Seabear2112|guitarist|1280\n|player|p2|Terran Weeds|bellelba|1250\n|teamsize|p1|6\n|teamsize|p2|6\n|gen|9\n|tier|[Gen 9] VGC 2023 Regulation C\n|rated|\n|rule|Species Clause: Limit one of each Pok\u00e9mon\n|rule|Item Clause: Limit one of each item\n|clearpoke\n|poke|p1|Iron Bundle, L50|\n|poke|p1|Kingambit, L50, M|\n|poke|p1|Wo-Chien, L50|\n|poke|p1|Glimmora, L50, F|\n|poke|p1|Arcanine, L50, M|\n|poke|p1|Flutter Mane, L50|\n|poke|p2|Tropius, L50, F|\n|poke|p2|Torkoal, L50, M|\n|poke|p2|Flutter Mane, L50|\n|poke|p2|Great Tusk, L50|\n|poke|p2|Chi-Yu, L50|\n|poke|p2|Iron Hands, L50|\n|teampreview|4\n|inactive|Battle timer is ON: inactive players will automatically lose when time's up. (requested by Seabear2112)\n|\n|t:|1682904189\n|start\n|switch|p1a: Flutter Mane|Flutter Mane, L50|100\/100\n|switch|p1b: Glimmora|Glimmora, L50, F|100\/100\n|switch|p2a: Flutter Mane|Flutter Mane, L50|100\/100\n|switch|p2b: Iron Hands|Iron Hands, L50|100\/100\n|turn|1\n|inactive|Terran Weeds has 30 seconds left.\n|inactive|Terran Weeds has 20 seconds left.\n|inactive|Terran Weeds has 15 seconds left.\n|\n|t:|1682904230\n|-terastallize|p2b: Iron Hands|Water\n|move|p1a: Flutter Mane|Protect|p1a: Flutter Mane\n|-singleturn|p1a: Flutter Mane|Protect\n|move|p2a: Flutter Mane|Shadow Ball|p1a: Flutter Mane\n|-activate|p1a: Flutter Mane|move: Protect\n|move|p1b: Glimmora|Mortal Spin|p2b: Iron Hands|[spread] p2a,p2b\n|-damage|p2a: Flutter Mane|94\/100\n|-damage|p2b: Iron Hands|97\/100\n|-status|p2a: Flutter Mane|psn\n|-status|p2b: Iron Hands|psn\n|move|p2b: Iron Hands|Wild Charge|p1a: Flutter Mane\n|-activate|p1a: Flutter Mane|move: Protect\n|\n|-damage|p2a: Flutter Mane|82\/100 psn|[from] psn\n|-damage|p2b: Iron Hands|85\/100 psn|[from] psn\n|upkeep\n|turn|2\n|inactive|Seabear2112 has 30 seconds left.\n|inactive|Seabear2112 has 20 seconds left.\n|inactive|Seabear2112 has 15 seconds left.\n|\n|t:|1682904272\n|move|p1a: Flutter Mane|Dazzling Gleam|p2a: Flutter Mane|[spread] p2a,p2b\n|-damage|p2a: Flutter Mane|39\/100 psn\n|-damage|p2b: Iron Hands|58\/100 psn\n|-damage|p1a: Flutter Mane|90\/100|[from] item: Life Orb\n|move|p2a: Flutter Mane|Shadow Ball|p1a: Flutter Mane\n|-supereffective|p1a: Flutter Mane\n|-damage|p1a: Flutter Mane|0 fnt\n|faint|p1a: Flutter Mane\n|-end|p1a: Flutter Mane|Protosynthesis|[silent]\n|move|p1b: Glimmora|Sludge Bomb|p2a: Flutter Mane\n|-damage|p2a: Flutter Mane|0 fnt\n|faint|p2a: Flutter Mane\n|-end|p2a: Flutter Mane|Protosynthesis|[silent]\n|move|p2b: Iron Hands|Wild Charge|p1b: Glimmora\n|-damage|p1b: Glimmora|32\/100\n|-activate|p1b: Glimmora|ability: Toxic Debris\n|-sidestart|p2: Terran Weeds|move: Toxic Spikes\n|-damage|p2b: Iron Hands|48\/100 psn|[from] Recoil\n|\n|-damage|p2b: Iron Hands|35\/100 psn|[from] psn\n|upkeep\n|\n|t:|1682904297\n|switch|p1a: Iron Bundle|Iron Bundle, L50|100\/100\n|switch|p2a: Torkoal|Torkoal, L50, M|100\/100\n|-status|p2a: Torkoal|psn\n|-weather|SunnyDay|[from] ability: Drought|[of] p2a: Torkoal\n|-enditem|p1a: Iron Bundle|Booster Energy\n|-activate|p1a: Iron Bundle|ability: Quark Drive|[fromitem]\n|-start|p1a: Iron Bundle|quarkdrivespe\n|turn|3\n|\n|t:|1682904315\n|-end|p1a: Iron Bundle|Quark Drive|[silent]\n|switch|p1a: Arcanine|Arcanine, L50, M|100\/100\n|-ability|p1a: Arcanine|Intimidate|boost\n|-unboost|p2a: Torkoal|atk|1\n|-enditem|p2a: Torkoal|Eject Pack\n|-unboost|p2b: Iron Hands|atk|1\n|\n|t:|1682904322\n|switch|p2a: Great Tusk|Great Tusk, L50|100\/100\n|-status|p2a: Great Tusk|psn\n|-activate|p2a: Great Tusk|ability: Protosynthesis\n|-start|p2a: Great Tusk|protosynthesisatk\n|move|p1b: Glimmora|Power Gem|p2a: Great Tusk\n|-resisted|p2a: Great Tusk\n|-damage|p2a: Great Tusk|83\/100 psn\n|move|p2b: Iron Hands|Drain Punch|p1b: Glimmora\n|-damage|p1b: Glimmora|0 fnt\n|-heal|p2b: Iron Hands|45\/100 psn|[from] drain|[of] p1b: Glimmora\n|-activate|p1b: Glimmora|ability: Toxic Debris\n|-sidestart|p2: Terran Weeds|move: Toxic Spikes\n|faint|p1b: Glimmora\n|\n|-weather|SunnyDay|[upkeep]\n|-damage|p2a: Great Tusk|71\/100 psn|[from] psn\n|-damage|p2b: Iron Hands|33\/100 psn|[from] psn\n|upkeep\n|\n|t:|1682904338\n|switch|p1b: Iron Bundle|Iron Bundle, L50|100\/100\n|turn|4\n|inactive|Seabear2112 has 30 seconds left.\n|inactive|Terran Weeds has 30 seconds left.\n|inactive|Terran Weeds has 20 seconds left.\n|\n|t:|1682904373\n|-terastallize|p1b: Iron Bundle|Ice\n|move|p2a: Great Tusk|Close Combat|p1b: Iron Bundle\n|-supereffective|p1b: Iron Bundle\n|-damage|p1b: Iron Bundle|0 fnt\n|-unboost|p2a: Great Tusk|def|1\n|-unboost|p2a: Great Tusk|spd|1\n|faint|p1b: Iron Bundle\n|-end|p1b: Iron Bundle|Quark Drive|[silent]\n|move|p1a: Arcanine|Flare Blitz|p2b: Iron Hands\n|-resisted|p2b: Iron Hands\n|-damage|p2b: Iron Hands|5\/100 psn\n|-damage|p1a: Arcanine|86\/100|[from] Recoil\n|move|p2b: Iron Hands|Drain Punch|p1a: Arcanine\n|-damage|p1a: Arcanine|45\/100\n|-heal|p2b: Iron Hands|18\/100 psn|[from] drain|[of] p1a: Arcanine\n|-enditem|p1a: Arcanine|Sitrus Berry|[eat]\n|-heal|p1a: Arcanine|70\/100|[from] item: Sitrus Berry\n|\n|-weather|SunnyDay|[upkeep]\n|-damage|p2a: Great Tusk|59\/100 psn|[from] psn\n|-damage|p2b: Iron Hands|6\/100 psn|[from] psn\n|upkeep\n|turn|5\n|inactive|Seabear2112 has 30 seconds left.\n|inactive|Seabear2112 has 20 seconds left.\n|-message|Seabear2112 forfeited.\n|\n|win|Terran Weeds\n|raw|Seabear2112's rating: 1280 → 1253<\/strong> (-27 for losing)\n|raw|Terran Weeds's rating: 1250 → 1277<\/strong> (+27 for winning)\n|l|\u2606Seabear2112\n","uploadtime":1682904413,"views":12,"p1id":"seabear2112","p2id":"terranweeds","formatid":"gen9vgc2023regulationc","rating":1253,"private":0,"password":""}