{"id":"gen9vgc2023regulationc-1861482239","p1":"kenyuhhh0602","p2":"pieflamebelt","format":"[Gen 9] VGC 2023 Regulation C","log":"|j|\u2606kenyuhhh0602\n|j|\u2606pieflamebelt\n|t:|1683763290\n|gametype|doubles\n|player|p1|kenyuhhh0602|102|1066\n|player|p2|pieflamebelt|2|1131\n|teamsize|p1|6\n|teamsize|p2|6\n|gen|9\n|tier|[Gen 9] VGC 2023 Regulation C\n|rated|\n|rule|Species Clause: Limit one of each Pok\u00e9mon\n|rule|Item Clause: Limit one of each item\n|clearpoke\n|poke|p1|Ting-Lu, L50|\n|poke|p1|Arcanine, L50, F|\n|poke|p1|Palafin, L50, M|\n|poke|p1|Amoonguss, L50, F|\n|poke|p1|Flutter Mane, L50|\n|poke|p1|Kingambit, L50, F|\n|poke|p2|Torkoal, L50, F|\n|poke|p2|Flutter Mane, L50|\n|poke|p2|Baxcalibur, L50, F|\n|poke|p2|Farigiraf, L50, F|\n|poke|p2|Clodsire, L50, F|\n|poke|p2|Tauros-Paldea-Aqua, L50, M|\n|teampreview|4\n|inactive|Battle timer is ON: inactive players will automatically lose when time's up. (requested by kenyuhhh0602)\n|\n|t:|1683763325\n|start\n|switch|p1a: Palafin|Palafin, L50, M|100\/100\n|switch|p1b: Amoonguss|Amoonguss, L50, F|100\/100\n|switch|p2a: Farigiraf|Farigiraf, L50, F|100\/100\n|switch|p2b: Torkoal|Torkoal, L50, F|100\/100\n|-weather|SunnyDay|[from] ability: Drought|[of] p2b: Torkoal\n|turn|1\n|inactive|kenyuhhh0602 has 30 seconds left.\n|\n|t:|1683763357\n|-terastallize|p2b: Torkoal|Fire\n|move|p1a: Palafin|Taunt|p2a: Farigiraf\n|-start|p2a: Farigiraf|move: Taunt\n|move|p1b: Amoonguss|Spore|p2b: Torkoal\n|-status|p2b: Torkoal|slp|[from] move: Spore\n|cant|p2b: Torkoal|slp\n|cant|p2a: Farigiraf|move: Taunt|Trick Room\n|\n|-weather|SunnyDay|[upkeep]\n|upkeep\n|turn|2\n|inactive|kenyuhhh0602 has 30 seconds left.\n|\n|t:|1683763389\n|detailschange|p1a: Palafin|Palafin-Hero, L50, M\n|switch|p1a: Ting-Lu|Ting-Lu, L50|100\/100\n|-ability|p1a: Ting-Lu|Vessel of Ruin\n|switch|p2b: Baxcalibur|Baxcalibur, L50, F|100\/100\n|move|p2a: Farigiraf|Grass Knot|p1a: Ting-Lu\n|-supereffective|p1a: Ting-Lu\n|-damage|p1a: Ting-Lu|78\/100\n|move|p1b: Amoonguss|Spore|p2a: Farigiraf\n|-status|p2a: Farigiraf|slp|[from] move: Spore\n|\n|-weather|SunnyDay|[upkeep]\n|upkeep\n|turn|3\n|inactive|kenyuhhh0602 has 30 seconds left.\n|\n|t:|1683763420\n|-terastallize|p1a: Ting-Lu|Water\n|move|p2b: Baxcalibur|Icicle Crash|p1a: Ting-Lu|[miss]\n|-miss|p2b: Baxcalibur|p1a: Ting-Lu\n|move|p1a: Ting-Lu|Heavy Slam|p2b: Baxcalibur\n|-supereffective|p2b: Baxcalibur\n|-damage|p2b: Baxcalibur|56\/100\n|cant|p2a: Farigiraf|slp\n|move|p1b: Amoonguss|Spore|p2b: Baxcalibur\n|-status|p2b: Baxcalibur|slp|[from] move: Spore\n|\n|-weather|SunnyDay|[upkeep]\n|-end|p2a: Farigiraf|move: Taunt\n|upkeep\n|turn|4\n|inactive|kenyuhhh0602 has 30 seconds left.\n|\n|t:|1683763454\n|cant|p2b: Baxcalibur|slp\n|move|p1a: Ting-Lu|Heavy Slam|p2b: Baxcalibur\n|-supereffective|p2b: Baxcalibur\n|-damage|p2b: Baxcalibur|17\/100 slp\n|-curestatus|p2a: Farigiraf|slp|[msg]\n|move|p2a: Farigiraf|Grass Knot|p1a: Ting-Lu\n|-supereffective|p1a: Ting-Lu\n|-damage|p1a: Ting-Lu|60\/100\n|move|p1b: Amoonguss|Pollen Puff|p2a: Farigiraf\n|-supereffective|p2a: Farigiraf\n|-damage|p2a: Farigiraf|78\/100\n|\n|-weather|SunnyDay|[upkeep]\n|-heal|p2a: Farigiraf|84\/100|[from] item: Leftovers\n|upkeep\n|turn|5\n|inactive|kenyuhhh0602 has 30 seconds left.\n|\n|t:|1683763488\n|cant|p2b: Baxcalibur|slp\n|move|p1a: Ting-Lu|Earthquake|p2b: Baxcalibur|[spread] p1b,p2a,p2b\n|-damage|p1b: Amoonguss|71\/100\n|-damage|p2a: Farigiraf|52\/100\n|-damage|p2b: Baxcalibur|0 fnt\n|faint|p2b: Baxcalibur\n|move|p2a: Farigiraf|Baton Pass|p2a: Farigiraf\n|\n|t:|1683763496\n|switch|p2a: Flutter Mane|Flutter Mane, L50|100\/100|[from] Baton Pass\n|-activate|p2a: Flutter Mane|ability: Protosynthesis\n|-start|p2a: Flutter Mane|protosynthesisspa\n|move|p1b: Amoonguss|Spore|p2a: Flutter Mane\n|-status|p2a: Flutter Mane|slp|[from] move: Spore\n|\n|-weather|none\n|-end|p2a: Flutter Mane|Protosynthesis\n|-heal|p1b: Amoonguss|77\/100|[from] item: Leftovers\n|upkeep\n|\n|t:|1683763509\n|switch|p2b: Torkoal|Torkoal, L50, F, tera:Fire|100\/100 slp\n|-weather|SunnyDay|[from] ability: Drought|[of] p2b: Torkoal\n|-activate|p2a: Flutter Mane|ability: Protosynthesis\n|-start|p2a: Flutter Mane|protosynthesisspa\n|turn|6\n|\n|t:|1683763524\n|move|p1a: Ting-Lu|Earthquake|p2b: Torkoal|[spread] p1b,p2a,p2b\n|-supereffective|p2b: Torkoal\n|-damage|p1b: Amoonguss|48\/100\n|-damage|p2a: Flutter Mane|41\/100 slp\n|-damage|p2b: Torkoal|46\/100 slp\n|cant|p2a: Flutter Mane|slp\n|move|p1b: Amoonguss|Pollen Puff|p1a: Ting-Lu\n|-heal|p1a: Ting-Lu|100\/100\n|cant|p2b: Torkoal|slp\n|\n|-weather|SunnyDay|[upkeep]\n|-heal|p1b: Amoonguss|54\/100|[from] item: Leftovers\n|upkeep\n|turn|7\n|\n|t:|1683763542\n|switch|p2b: Farigiraf|Farigiraf, L50, F|52\/100\n|move|p1b: Amoonguss|Protect|p1b: Amoonguss\n|-singleturn|p1b: Amoonguss|Protect\n|move|p1a: Ting-Lu|Earthquake|p2a: Flutter Mane|[spread] p2a,p2b\n|-activate|p1b: Amoonguss|move: Protect\n|-damage|p2a: Flutter Mane|0 fnt\n|-damage|p2b: Farigiraf|23\/100\n|faint|p2a: Flutter Mane\n|-end|p2a: Flutter Mane|Protosynthesis|[silent]\n|\n|-weather|SunnyDay|[upkeep]\n|-heal|p2b: Farigiraf|30\/100|[from] item: Leftovers\n|-heal|p1b: Amoonguss|60\/100|[from] item: Leftovers\n|upkeep\n|-message|pieflamebelt forfeited.\n|\n|win|kenyuhhh0602\n|raw|kenyuhhh0602's rating: 1066 → 1102<\/strong> (+36 for winning)\n|raw|pieflamebelt's rating: 1131 → 1101<\/strong> (-30 for losing)\n|l|\u2606pieflamebelt\n","uploadtime":1683763566,"views":6,"p1id":"kenyuhhh0602","p2id":"pieflamebelt","formatid":"gen9vgc2023regulationc","rating":1101,"private":0,"password":""}