{"id":"gen9vgc2023regulationc-1846500183","p1":"Kojiiii","p2":"Drop a Dunsparce","format":"[Gen 9] VGC 2023 Regulation C","log":"|j|\u2606Kojiiii\n|j|\u2606Drop a Dunsparce\n|t:|1681846116\n|gametype|doubles\n|player|p1|Kojiiii|101|1251\n|player|p2|Drop a Dunsparce|swimmer|1347\n|teamsize|p1|6\n|teamsize|p2|6\n|gen|9\n|tier|[Gen 9] VGC 2023 Regulation C\n|rated|\n|rule|Species Clause: Limit one of each Pok\u00e9mon\n|rule|Item Clause: Limit one of each item\n|clearpoke\n|poke|p1|Palafin, L50, F|\n|poke|p1|Amoonguss, L50, M|\n|poke|p1|Arcanine, L50, F|\n|poke|p1|Flutter Mane, L50|\n|poke|p1|Baxcalibur, L50, F|\n|poke|p1|Ting-Lu, L50|\n|poke|p2|Chi-Yu, L50|\n|poke|p2|Gyarados, L50, M|\n|poke|p2|Talonflame, L50, M|\n|poke|p2|Iron Treads, L50|\n|poke|p2|Flutter Mane, L50|\n|poke|p2|Baxcalibur, L50, M|\n|teampreview|4\nDrop a Dunsparce rejected open team sheets.\n|inactive|Battle timer is ON: inactive players will automatically lose when time's up. (requested by Drop a Dunsparce)\n|inactive|Kojiiii has 60 seconds left.\n|inactive|Kojiiii has 30 seconds left.\n|inactive|Kojiiii has 20 seconds left.\n|inactive|Kojiiii has 15 seconds left.\n|inactive|Kojiiii has 10 seconds left.\n|inactive|Kojiiii has 5 seconds left.\n|\n|t:|1681846227\n|start\n|switch|p1a: Palafin|Palafin, L50, F|100\/100\n|switch|p1b: Flutter Mane|Flutter Mane, L50|100\/100\n|switch|p2a: Talonflame|Talonflame, L50, M|100\/100\n|switch|p2b: Baxcalibur|Baxcalibur, L50, M|100\/100\n|turn|1\n|inactive|Kojiiii has 30 seconds left.\n|inactive|Kojiiii has 20 seconds left.\n|inactive|Kojiiii has 15 seconds left.\n|inactive|Kojiiii has 10 seconds left.\n|inactive|Kojiiii has 5 seconds left.\n|\n|t:|1681846280\n|detailschange|p1a: Palafin|Palafin-Hero, L50, F\n|switch|p1a: Amoonguss|Amoonguss, L50, M, shiny|100\/100\n|move|p2a: Talonflame|Tailwind|p2a: Talonflame\n|-sidestart|p2: Drop a Dunsparce|move: Tailwind\n|move|p2b: Baxcalibur|Icicle Spear|p1b: Flutter Mane\n|-damage|p1b: Flutter Mane|68\/100\n|-damage|p1b: Flutter Mane|30\/100\n|-damage|p1b: Flutter Mane|0 fnt\n|faint|p1b: Flutter Mane\n|-end|p1b: Flutter Mane|Protosynthesis|[silent]\n|-hitcount|p1: Flutter Mane|3\n|\n|upkeep\n|\n|t:|1681846302\n|switch|p1b: Palafin|Palafin-Hero, L50, F|100\/100\n|-activate|p1b: Palafin|ability: Zero to Hero\n|turn|2\n|\n|t:|1681846314\n|-terastallize|p1a: Amoonguss|Water\n|move|p2a: Talonflame|Quick Guard|p2a: Talonflame\n|-singleturn|p2a: Talonflame|Quick Guard\n|move|p1b: Palafin|Jet Punch|p2a: Talonflame\n|-activate|p2a: Talonflame|move: Quick Guard\n|move|p2b: Baxcalibur|Icicle Spear|p1a: Amoonguss\n|-resisted|p1a: Amoonguss\n|-damage|p1a: Amoonguss|94\/100\n|-resisted|p1a: Amoonguss\n|-damage|p1a: Amoonguss|88\/100\n|-resisted|p1a: Amoonguss\n|-damage|p1a: Amoonguss|82\/100\n|-resisted|p1a: Amoonguss\n|-damage|p1a: Amoonguss|76\/100\n|-hitcount|p1a: Amoonguss|4\n|move|p1a: Amoonguss|Spore|p2b: Baxcalibur\n|-status|p2b: Baxcalibur|slp|[from] move: Spore\n|\n|upkeep\n|turn|3\n|inactive|Kojiiii has 30 seconds left.\n|\n|t:|1681846345\n|move|p2a: Talonflame|Will-O-Wisp|p1b: Palafin|[miss]\n|-miss|p2a: Talonflame|p1b: Palafin\n|cant|p2b: Baxcalibur|slp\n|move|p1b: Palafin|Wave Crash|p2b: Baxcalibur\n|-resisted|p2b: Baxcalibur\n|-damage|p2b: Baxcalibur|53\/100 slp\n|-damage|p1b: Palafin|83\/100|[from] Recoil\n|move|p1a: Amoonguss|Pollen Puff|p1b: Palafin\n|-heal|p1b: Palafin|100\/100\n|\n|upkeep\n|turn|4\n|inactive|Kojiiii has 30 seconds left.\n|\n|t:|1681846377\n|move|p2a: Talonflame|Quick Guard|p2a: Talonflame\n|-singleturn|p2a: Talonflame|Quick Guard\n|move|p1b: Palafin|Jet Punch|p2a: Talonflame\n|-activate|p2a: Talonflame|move: Quick Guard\n|cant|p2b: Baxcalibur|slp\n|move|p1a: Amoonguss|Pollen Puff|p2b: Baxcalibur\n|-damage|p2b: Baxcalibur|34\/100 slp\n|\n|-sideend|p2: Drop a Dunsparce|move: Tailwind\n|upkeep\n|turn|5\n|\n|t:|1681846397\n|move|p1b: Palafin|Jet Punch|p2a: Talonflame\n|-supereffective|p2a: Talonflame\n|-damage|p2a: Talonflame|0 fnt\n|faint|p2a: Talonflame\n|-curestatus|p2b: Baxcalibur|slp|[msg]\n|move|p2b: Baxcalibur|Glaive Rush|p1b: Palafin\n|-damage|p1b: Palafin|18\/100\n|-singlemove|p2b: Baxcalibur|Glaive Rush|[silent]\n|move|p1a: Amoonguss|Spore|p2b: Baxcalibur\n|-status|p2b: Baxcalibur|slp|[from] move: Spore\n|\n|upkeep\n|\n|t:|1681846407\n|switch|p2a: Flutter Mane|Flutter Mane, L50|100\/100\n|turn|6\n|\n|t:|1681846426\n|-terastallize|p2a: Flutter Mane|Fairy\n|move|p1b: Palafin|Protect|p1b: Palafin\n|-singleturn|p1b: Palafin|Protect\n|move|p2a: Flutter Mane|Dazzling Gleam|p1a: Amoonguss|[spread] p1a\n|-activate|p1b: Palafin|move: Protect\n|-damage|p1a: Amoonguss|31\/100\n|-enditem|p1a: Amoonguss|Sitrus Berry|[eat]\n|-heal|p1a: Amoonguss|56\/100|[from] item: Sitrus Berry\n|-damage|p2a: Flutter Mane|90\/100|[from] item: Life Orb\n|cant|p2b: Baxcalibur|slp\n|move|p1a: Amoonguss|Spore|p2a: Flutter Mane\n|-status|p2a: Flutter Mane|slp|[from] move: Spore\n|\n|upkeep\n|turn|7\n|\n|t:|1681846447\n|move|p1b: Palafin|Jet Punch|p2a: Flutter Mane\n|-damage|p2a: Flutter Mane|0 fnt\n|faint|p2a: Flutter Mane\n|-end|p2a: Flutter Mane|Protosynthesis|[silent]\n|cant|p2b: Baxcalibur|slp\n|move|p1a: Amoonguss|Pollen Puff|p1b: Palafin\n|-heal|p1b: Palafin|67\/100\n|\n|upkeep\n|\n|t:|1681846456\n|switch|p2a: Chi-Yu|Chi-Yu, L50|100\/100\n|-ability|p2a: Chi-Yu|Beads of Ruin\n|turn|8\n|\n|t:|1681846466\n|move|p1b: Palafin|Jet Punch|p2a: Chi-Yu\n|-supereffective|p2a: Chi-Yu\n|-damage|p2a: Chi-Yu|0 fnt\n|faint|p2a: Chi-Yu\n|-curestatus|p2b: Baxcalibur|slp|[msg]\n|move|p2b: Baxcalibur|Glaive Rush|p1a: Amoonguss\n|-damage|p1a: Amoonguss|0 fnt\n|-singlemove|p2b: Baxcalibur|Glaive Rush|[silent]\n|faint|p1a: Amoonguss\n|\n|upkeep\n|\n|t:|1681846477\n|switch|p1a: Ting-Lu|Ting-Lu, L50|100\/100\n|-ability|p1a: Ting-Lu|Vessel of Ruin\n|turn|9\n|\n|t:|1681846487\n|move|p2b: Baxcalibur|Protect|p2b: Baxcalibur\n|-singleturn|p2b: Baxcalibur|Protect\n|move|p1b: Palafin|Wave Crash|p2b: Baxcalibur\n|-activate|p2b: Baxcalibur|move: Protect\n|move|p1a: Ting-Lu|Heavy Slam|p2b: Baxcalibur\n|-activate|p2b: Baxcalibur|move: Protect\n|\n|upkeep\n|turn|10\n|inactive|Kojiiii has 30 seconds left.\n|\n|t:|1681846515\n|move|p1b: Palafin|Protect|p1b: Palafin\n|-singleturn|p1b: Palafin|Protect\n|move|p2b: Baxcalibur|Icicle Spear|p1a: Ting-Lu\n|-supereffective|p1a: Ting-Lu\n|-damage|p1a: Ting-Lu|81\/100\n|-supereffective|p1a: Ting-Lu\n|-damage|p1a: Ting-Lu|63\/100\n|-supereffective|p1a: Ting-Lu\n|-damage|p1a: Ting-Lu|46\/100\n|-supereffective|p1a: Ting-Lu\n|-damage|p1a: Ting-Lu|26\/100\n|-supereffective|p1a: Ting-Lu\n|-crit|p1a: Ting-Lu\n|-damage|p1a: Ting-Lu|0 fnt\n|faint|p1a: Ting-Lu\n|-hitcount|p1: Ting-Lu|5\n|\n|upkeep\n|turn|11\n|\n|t:|1681846537\n|move|p1b: Palafin|Wave Crash|p2b: Baxcalibur\n|-resisted|p2b: Baxcalibur\n|-damage|p2b: Baxcalibur|0 fnt\n|faint|p2b: Baxcalibur\n|-damage|p1b: Palafin|55\/100|[from] Recoil\n|\n|win|Kojiiii\n|raw|Kojiiii's rating: 1251 → 1283<\/strong> (+32 for winning)\n|raw|Drop a Dunsparce's rating: 1347 → 1322<\/strong> (-25 for losing)\n|l|\u2606Drop a Dunsparce\n","uploadtime":1681846554,"views":8,"p1id":"kojiiii","p2id":"dropadunsparce","formatid":"gen9vgc2023regulationc","rating":1283,"private":0,"password":""}