{"id":"gen9vgc2023regulationc-1858352476","p1":"KendrixG6","p2":"Ragnar92","format":"[Gen 9] VGC 2023 Regulation C","log":"|j|\u2606KendrixG6\n|j|\u2606Ragnar92\n|t:|1683304531\n|gametype|doubles\n|player|p1|KendrixG6|misty|1214\n|player|p2|Ragnar92|101|1193\n|teamsize|p1|6\n|teamsize|p2|6\n|gen|9\n|tier|[Gen 9] VGC 2023 Regulation C\n|rated|\n|rule|Species Clause: Limit one of each Pok\u00e9mon\n|rule|Item Clause: Limit one of each item\n|clearpoke\n|poke|p1|Gyarados, L50, M|\n|poke|p1|Amoonguss, L50, M|\n|poke|p1|Flutter Mane, L50|\n|poke|p1|Roaring Moon, L50|\n|poke|p1|Iron Hands, L50|\n|poke|p1|Chi-Yu, L50|\n|poke|p2|Gengar, L50, M|\n|poke|p2|Tyranitar, L50, M|\n|poke|p2|Azumarill, L50, F|\n|poke|p2|Baxcalibur, L50, F|\n|poke|p2|Sandy Shocks, L50|\n|poke|p2|Chi-Yu, L50|\n|teampreview|4\n|inactive|Battle timer is ON: inactive players will automatically lose when time's up. (requested by KendrixG6)\n|inactive|Ragnar92 has 60 seconds left.\n|\n|t:|1683304588\n|start\n|switch|p1a: Iron Hands|Iron Hands, L50|100\/100\n|switch|p1b: Amoonguss|Amoonguss, L50, M|100\/100\n|switch|p2a: Sandy Shocks|Sandy Shocks, L50|100\/100\n|switch|p2b: Chi-Yu|Chi-Yu, L50|100\/100\n|-ability|p2b: Chi-Yu|Beads of Ruin\n|-enditem|p2a: Sandy Shocks|Booster Energy\n|-activate|p2a: Sandy Shocks|ability: Protosynthesis|[fromitem]\n|-start|p2a: Sandy Shocks|protosynthesisspe\n|turn|1\n|\n|t:|1683304613\n|-terastallize|p1b: Amoonguss|Water\n|move|p2a: Sandy Shocks|Earth Power|p1a: Iron Hands\n|-supereffective|p1a: Iron Hands\n|-damage|p1a: Iron Hands|40\/100\n|move|p2b: Chi-Yu|Heat Wave|p1a: Iron Hands|[spread] p1a\n|-miss|p2b: Chi-Yu|p1b: Amoonguss\n|-damage|p1a: Iron Hands|13\/100\n|move|p1a: Iron Hands|Drain Punch|p2b: Chi-Yu\n|-supereffective|p2b: Chi-Yu\n|-damage|p2b: Chi-Yu|0 fnt\n|-heal|p1a: Iron Hands|41\/100|[from] drain|[of] p2b: Chi-Yu\n|faint|p2b: Chi-Yu\n|move|p1b: Amoonguss|Spore|p2a: Sandy Shocks\n|-status|p2a: Sandy Shocks|slp|[from] move: Spore\n|\n|upkeep\n|\n|t:|1683304632\n|switch|p2b: Gengar|Gengar, L50, M|100\/100\n|turn|2\n|\n|t:|1683304646\n|cant|p2a: Sandy Shocks|slp\n|move|p2b: Gengar|Sludge Bomb|p1a: Iron Hands\n|-damage|p1a: Iron Hands|18\/100\n|-status|p1a: Iron Hands|psn\n|move|p1a: Iron Hands|Drain Punch|p2a: Sandy Shocks\n|-damage|p2a: Sandy Shocks|53\/100 slp\n|-heal|p1a: Iron Hands|34\/100 psn|[from] drain|[of] p2a: Sandy Shocks\n|move|p1b: Amoonguss|Spore|p2b: Gengar\n|-status|p2b: Gengar|slp|[from] move: Spore\n|\n|-damage|p1a: Iron Hands|22\/100 psn|[from] psn\n|upkeep\n|turn|3\n|\n|t:|1683304664\n|cant|p2a: Sandy Shocks|slp\n|cant|p2b: Gengar|slp\n|move|p1a: Iron Hands|Drain Punch|p2a: Sandy Shocks\n|-damage|p2a: Sandy Shocks|0 fnt\n|-heal|p1a: Iron Hands|40\/100 psn|[from] drain|[of] p2a: Sandy Shocks\n|faint|p2a: Sandy Shocks\n|-end|p2a: Sandy Shocks|Protosynthesis|[silent]\n|move|p1b: Amoonguss|Pollen Puff|p1a: Iron Hands\n|-heal|p1a: Iron Hands|90\/100 psn\n|\n|-damage|p1a: Iron Hands|78\/100 psn|[from] psn\n|upkeep\n|\n|t:|1683304668\n|switch|p2a: Baxcalibur|Baxcalibur, L50, F|100\/100\n|turn|4\n|\n|t:|1683304686\n|-terastallize|p2a: Baxcalibur|Dragon\n|move|p1b: Amoonguss|Rage Powder|p1b: Amoonguss\n|-singleturn|p1b: Amoonguss|move: Rage Powder\n|cant|p2b: Gengar|slp\n|move|p2a: Baxcalibur|Dragon Dance|p2a: Baxcalibur\n|-boost|p2a: Baxcalibur|atk|1\n|-boost|p2a: Baxcalibur|spe|1\n|move|p1a: Iron Hands|Drain Punch|p2a: Baxcalibur\n|-damage|p2a: Baxcalibur|62\/100\n|-heal|p1a: Iron Hands|95\/100 psn|[from] drain|[of] p2a: Baxcalibur\n|\n|-damage|p1a: Iron Hands|83\/100 psn|[from] psn\n|upkeep\n|turn|5\n|\n|t:|1683304707\n|move|p2a: Baxcalibur|Glaive Rush|p1b: Amoonguss\n|-damage|p1b: Amoonguss|5\/100\n|-singlemove|p2a: Baxcalibur|Glaive Rush|[silent]\n|-damage|p2a: Baxcalibur|45\/100|[from] item: Rocky Helmet|[of] p1b: Amoonguss\n|cant|p2b: Gengar|slp\n|move|p1a: Iron Hands|Drain Punch|p2a: Baxcalibur\n|-damage|p2a: Baxcalibur|0 fnt\n|-heal|p1a: Iron Hands|100\/100 psn|[from] drain|[of] p2a: Baxcalibur\n|faint|p2a: Baxcalibur\n|move|p1b: Amoonguss|Spore|p2b: Gengar\n|-fail|p2b: Gengar|slp\n|\n|-damage|p1a: Iron Hands|88\/100 psn|[from] psn\n|upkeep\n|turn|6\n|\n|t:|1683304726\n|switch|p1b: Chi-Yu|Chi-Yu, L50|100\/100\n|-ability|p1b: Chi-Yu|Beads of Ruin\n|-curestatus|p2b: Gengar|slp|[msg]\n|move|p2b: Gengar|Thunderbolt|p1b: Chi-Yu\n|-damage|p1b: Chi-Yu|63\/100\n|move|p1a: Iron Hands|Heavy Slam|p2b: Gengar\n|-damage|p2b: Gengar|12\/100\n|-start|p1a: Iron Hands|Disable|Heavy Slam|[from] ability: Cursed Body|[of] p2b: Gengar\n|\n|-damage|p1a: Iron Hands|76\/100 psn|[from] psn\n|upkeep\n|turn|7\n|\n|t:|1683304744\n|move|p2b: Gengar|Sludge Bomb|p1b: Chi-Yu\n|-damage|p1b: Chi-Yu|8\/100\n|-status|p1b: Chi-Yu|psn\n|move|p1b: Chi-Yu|Dark Pulse|p2b: Gengar\n|-supereffective|p2b: Gengar\n|-damage|p2b: Gengar|0 fnt\n|faint|p2b: Gengar\n|\n|win|KendrixG6\n|raw|KendrixG6's rating: 1214 → 1237<\/strong> (+23 for winning)\n|raw|Ragnar92's rating: 1193 → 1170<\/strong> (-23 for losing)\n|l|\u2606Ragnar92\n","uploadtime":1683304773,"views":9,"p1id":"kendrixg6","p2id":"ragnar92","formatid":"gen9vgc2023regulationc","rating":1170,"private":0,"password":""}