{"id":"gen9vgc2023regulationc-1857163093","p1":"Zifle76","p2":"FlockOfDeagles","format":"[Gen 9] VGC 2023 Regulation C","log":"|j|\u2606Zifle76\n|j|\u2606FlockOfDeagles\n|t:|1683152639\n|gametype|doubles\n|player|p1|Zifle76|1|1036\n|player|p2|FlockOfDeagles|chuck|1119\n|teamsize|p1|6\n|teamsize|p2|6\n|gen|9\n|tier|[Gen 9] VGC 2023 Regulation C\n|rated|\n|rule|Species Clause: Limit one of each Pok\u00e9mon\n|rule|Item Clause: Limit one of each item\n|clearpoke\n|poke|p1|Armarouge, L50, M|\n|poke|p1|Ceruledge, L50, F|\n|poke|p1|Torkoal, L50, M|\n|poke|p1|Bronzong, L50|\n|poke|p1|Garchomp, L50, F|\n|poke|p1|Zoroark, L50, M|\n|poke|p2|Abomasnow, L50, M|\n|poke|p2|Iron Bundle, L50|\n|poke|p2|Chi-Yu, L50|\n|poke|p2|Flutter Mane, L50|\n|poke|p2|Gyarados, L50, M|\n|poke|p2|Garchomp, L50, F|\n|teampreview|4\n|inactive|Battle timer is ON: inactive players will automatically lose when time's up. (requested by FlockOfDeagles)\n|inactive|FlockOfDeagles has 60 seconds left.\n|\n|t:|1683152674\n|start\n|switch|p1a: Torkoal|Torkoal, L50, M|100\/100\n|switch|p1b: Ceruledge|Ceruledge, L50, F, shiny|100\/100\n|switch|p2a: Flutter Mane|Flutter Mane, L50|100\/100\n|switch|p2b: Got In My Eyes|Chi-Yu, L50|100\/100\n|-ability|p2b: Got In My Eyes|Beads of Ruin\n|-weather|SunnyDay|[from] ability: Drought|[of] p1a: Torkoal\n|-activate|p2a: Flutter Mane|ability: Protosynthesis\n|-start|p2a: Flutter Mane|protosynthesisspa\n|turn|1\n|inactive|Zifle76 has 30 seconds left.\n|inactive|FlockOfDeagles has 30 seconds left.\n|inactive|FlockOfDeagles has 20 seconds left.\n|inactive|FlockOfDeagles has 15 seconds left.\n|\n|t:|1683152715\n|-terastallize|p1b: Ceruledge|Grass\n|move|p1b: Ceruledge|Shadow Sneak|p2a: Flutter Mane\n|-supereffective|p2a: Flutter Mane\n|-damage|p2a: Flutter Mane|40\/100\n|move|p2b: Got In My Eyes|Dark Pulse|p1b: Ceruledge\n|-damage|p1b: Ceruledge|72\/100\n|move|p2a: Flutter Mane|Shadow Ball|p1b: Ceruledge\n|-damage|p1b: Ceruledge|11\/100\n|-unboost|p1b: Ceruledge|spd|1\n|move|p1a: Torkoal|Lava Plume|p2b: Got In My Eyes|[spread] p2a,p2b\n|-start|p1b: Ceruledge|ability: Flash Fire\n|-resisted|p2b: Got In My Eyes\n|-damage|p2a: Flutter Mane|8\/100\n|-damage|p2b: Got In My Eyes|87\/100\n|-status|p2a: Flutter Mane|brn\n|\n|-weather|SunnyDay|[upkeep]\n|-damage|p2a: Flutter Mane|2\/100 brn|[from] brn\n|upkeep\n|turn|2\n|inactive|FlockOfDeagles has 30 seconds left.\n|\n|t:|1683152742\n|-end|p2a: Flutter Mane|Protosynthesis|[silent]\n|switch|p2a: OlBamaSnowden|Abomasnow, L50, M|100\/100\n|-weather|Snow|[from] ability: Snow Warning|[of] p2a: OlBamaSnowden\n|move|p2b: Got In My Eyes|Dark Pulse|p1a: Torkoal\n|-damage|p1a: Torkoal|26\/100\n|move|p1b: Ceruledge|Bitter Blade|p2b: Got In My Eyes\n|-resisted|p2b: Got In My Eyes\n|-damage|p2b: Got In My Eyes|34\/100\n|-heal|p1b: Ceruledge|31\/100|[from] drain|[of] p2b: Got In My Eyes\n|move|p1a: Torkoal|Body Press|p2b: Got In My Eyes\n|-supereffective|p2b: Got In My Eyes\n|-damage|p2b: Got In My Eyes|0 fnt\n|faint|p2b: Got In My Eyes\n|\n|-weather|Snow|[upkeep]\n|upkeep\n|\n|t:|1683152760\n|switch|p2b: MyBallsCold|Iron Bundle, L50|100\/100\n|-enditem|p2b: MyBallsCold|Booster Energy\n|-activate|p2b: MyBallsCold|ability: Quark Drive|[fromitem]\n|-start|p2b: MyBallsCold|quarkdrivespe\n|turn|3\n|\n|t:|1683152784\n|-terastallize|p2b: MyBallsCold|Ice\n|move|p2a: OlBamaSnowden|Helping Hand|p2b: MyBallsCold\n|-singleturn|p2b: MyBallsCold|Helping Hand|[of] p2a: OlBamaSnowden\n|move|p1a: Torkoal|Protect|p1a: Torkoal\n|-singleturn|p1a: Torkoal|Protect\n|move|p2b: MyBallsCold|Blizzard|p1b: Ceruledge|[spread] p1b\n|-activate|p1a: Torkoal|move: Protect\n|-supereffective|p1b: Ceruledge\n|-damage|p1b: Ceruledge|0 fnt\n|faint|p1b: Ceruledge\n|\n|-weather|Snow|[upkeep]\n|upkeep\n|\n|t:|1683152798\n|switch|p1b: Armarouge|Armarouge, L50, M|100\/100\n|turn|4\n|inactive|Zifle76 has 30 seconds left.\n|\n|t:|1683152830\n|move|p2b: MyBallsCold|Blizzard|p1a: Torkoal|[spread] p1a,p1b\n|-resisted|p1a: Torkoal\n|-resisted|p1b: Armarouge\n|-damage|p1a: Torkoal|0 fnt\n|-damage|p1b: Armarouge|62\/100\n|faint|p1a: Torkoal\n|move|p1b: Armarouge|Lava Plume|p2a: OlBamaSnowden|[spread] p2a,p2b\n|-supereffective|p2a: OlBamaSnowden\n|-supereffective|p2b: MyBallsCold\n|-damage|p2a: OlBamaSnowden|0 fnt\n|-damage|p2b: MyBallsCold|0 fnt\n|faint|p2a: OlBamaSnowden\n|faint|p2b: MyBallsCold\n|-end|p2b: MyBallsCold|Quark Drive|[silent]\n|\n|-weather|Snow|[upkeep]\n|upkeep\n|\n|t:|1683152847\n|switch|p2b: Flutter Mane|Flutter Mane, L50|2\/100 brn\n|switch|p1a: Garchomp|Garchomp, L50, F|100\/100\n|turn|5\n|\n|t:|1683152853\n|move|p1a: Garchomp|Protect|p1a: Garchomp\n|-singleturn|p1a: Garchomp|Protect\n|move|p1b: Armarouge|Protect|p1b: Armarouge\n|-singleturn|p1b: Armarouge|Protect\n|move|p2b: Flutter Mane|Dazzling Gleam|p1b: Armarouge|[spread] \n|-activate|p1a: Garchomp|move: Protect\n|-activate|p1b: Armarouge|move: Protect\n|\n|-weather|Snow|[upkeep]\n|-damage|p2b: Flutter Mane|0 fnt|[from] brn\n|faint|p2b: Flutter Mane\n|-end|p2b: Flutter Mane|Protosynthesis|[silent]\n|\n|win|Zifle76\n|upkeep\n|raw|Zifle76's rating: 1036 → 1079<\/strong> (+43 for winning)\n|raw|FlockOfDeagles's rating: 1119 → 1088<\/strong> (-31 for losing)\n|c|\u2606FlockOfDeagles|Im so bad against TR\n","uploadtime":1683152873,"views":17,"p1id":"zifle76","p2id":"flockofdeagles","formatid":"gen9vgc2023regulationc","rating":1079,"private":0,"password":""}