{"id":"gen9vgc2023regulationc-1858133858","p1":"kanotakekanotake","p2":"anotherworldVGC","format":"[Gen 9] VGC 2023 Regulation C","log":"|j|\u2606kanotakekanotake\n|j|\u2606anotherworldVGC\n|t:|1683281140\n|gametype|doubles\n|player|p1|kanotakekanotake|smasher|1676\n|player|p2|anotherworldVGC|265|1656\n|teamsize|p1|6\n|teamsize|p2|6\n|gen|9\n|tier|[Gen 9] VGC 2023 Regulation C\n|rated|\n|rule|Species Clause: Limit one of each Pok\u00e9mon\n|rule|Item Clause: Limit one of each item\n|clearpoke\n|poke|p1|Amoonguss, L50, F|\n|poke|p1|Iron Hands, L50|\n|poke|p1|Garganacl, L50, F|\n|poke|p1|Grimmsnarl, L50, M|\n|poke|p1|Gyarados, L50, M|\n|poke|p1|Flutter Mane, L50|\n|poke|p2|Chien-Pao, L50|\n|poke|p2|Dragonite, L50, F|\n|poke|p2|Flutter Mane, L50|\n|poke|p2|Wo-Chien, L50|\n|poke|p2|Arcanine, L50, F|\n|poke|p2|Glimmora, L50, F|\n|teampreview|4\n|inactive|Battle timer is ON: inactive players will automatically lose when time's up. (requested by kanotakekanotake)\n|\n|t:|1683281183\n|start\n|switch|p1a: Flutter Mane|Flutter Mane, L50|100\/100\n|switch|p1b: Gyarados|Gyarados, L50, M, shiny|100\/100\n|switch|p2a: Arcanine|Arcanine, L50, F, shiny|100\/100\n|switch|p2b: Glimmora|Glimmora, L50, F, shiny|100\/100\n|-ability|p1b: Gyarados|Intimidate|boost\n|-unboost|p2a: Arcanine|atk|1\n|-unboost|p2b: Glimmora|atk|1\n|-ability|p2a: Arcanine|Intimidate|boost\n|-unboost|p1a: Flutter Mane|atk|1\n|-unboost|p1b: Gyarados|atk|1\n|-enditem|p1a: Flutter Mane|Booster Energy\n|-activate|p1a: Flutter Mane|ability: Protosynthesis|[fromitem]\n|-start|p1a: Flutter Mane|protosynthesisspe\n|turn|1\n|inactive|anotherworldVGC has 30 seconds left.\n|\n|t:|1683281213\n|switch|p1b: Amoonguss|Amoonguss, L50, F, shiny|100\/100\n|switch|p2a: Wo-Chien|Wo-Chien, L50|100\/100\n|-ability|p2a: Wo-Chien|Tablets of Ruin\n|move|p1a: Flutter Mane|Substitute|p1a: Flutter Mane\n|-start|p1a: Flutter Mane|Substitute\n|-damage|p1a: Flutter Mane|76\/100\n|move|p2b: Glimmora|Mortal Spin|p1b: Amoonguss|[spread] p1a,p1b\n|-activate|p1a: Flutter Mane|move: Substitute|[damage]\n|-damage|p1b: Amoonguss|99\/100\n|\n|upkeep\n|turn|2\n|\n|t:|1683281231\n|switch|p2a: Arcanine|Arcanine, L50, F, shiny|100\/100\n|-ability|p2a: Arcanine|Intimidate|boost\n|-immune|p1a: Flutter Mane\n|-unboost|p1b: Amoonguss|atk|1\n|-terastallize|p2b: Glimmora|Grass\n|move|p1a: Flutter Mane|Protect|p1a: Flutter Mane\n|-singleturn|p1a: Flutter Mane|Protect\n|move|p2b: Glimmora|Energy Ball|p1a: Flutter Mane\n|-activate|p1a: Flutter Mane|move: Protect\n|move|p1b: Amoonguss|Spore|p2b: Glimmora\n|-immune|p2b: Glimmora\n|\n|upkeep\n|turn|3\n|\n|t:|1683281252\n|switch|p1b: Gyarados|Gyarados, L50, M, shiny|100\/100\n|-ability|p1b: Gyarados|Intimidate|boost\n|-unboost|p2a: Arcanine|atk|1\n|-unboost|p2b: Glimmora|atk|1\n|move|p1a: Flutter Mane|Moonblast|p2b: Glimmora\n|-damage|p2b: Glimmora|61\/100\n|-unboost|p2b: Glimmora|spa|1\n|move|p2b: Glimmora|Power Gem|p1a: Flutter Mane\n|-end|p1a: Flutter Mane|Substitute\n|move|p2a: Arcanine|Flare Blitz|p1a: Flutter Mane\n|-damage|p1a: Flutter Mane|27\/100\n|-damage|p2a: Arcanine|88\/100|[from] Recoil\n|\n|upkeep\n|turn|4\n|inactive|kanotakekanotake has 30 seconds left.\n|inactive|anotherworldVGC has 30 seconds left.\n|\n|t:|1683281285\n|switch|p2a: Wo-Chien|Wo-Chien, L50|100\/100\n|-ability|p2a: Wo-Chien|Tablets of Ruin\n|move|p1a: Flutter Mane|Substitute|p1a: Flutter Mane\n|-start|p1a: Flutter Mane|Substitute\n|-damage|p1a: Flutter Mane|3\/100\n|move|p1b: Gyarados|Ice Fang|p2b: Glimmora\n|-supereffective|p2b: Glimmora\n|-damage|p2b: Glimmora|35\/100\n|-activate|p2b: Glimmora|ability: Toxic Debris\n|-sidestart|p1: kanotakekanotake|move: Toxic Spikes\n|move|p2b: Glimmora|Mortal Spin|p1b: Gyarados|[spread] p1a,p1b\n|-activate|p1a: Flutter Mane|move: Substitute|[damage]\n|-damage|p1b: Gyarados|97\/100\n|-status|p1b: Gyarados|psn\n|\n|-damage|p1b: Gyarados|85\/100 psn|[from] psn\n|upkeep\n|turn|5\n|inactive|anotherworldVGC has 30 seconds left.\n|inactive|anotherworldVGC has 20 seconds left.\n|\n|t:|1683281320\n|switch|p1b: Amoonguss|Amoonguss, L50, F, shiny|100\/100\n|-sideend|p1: kanotakekanotake|move: Toxic Spikes|[of] p1b: Amoonguss\n|switch|p2b: Arcanine|Arcanine, L50, F, shiny|88\/100\n|-ability|p2b: Arcanine|Intimidate|boost\n|-immune|p1a: Flutter Mane\n|-unboost|p1b: Amoonguss|atk|1\n|move|p1a: Flutter Mane|Moonblast|p2b: Arcanine\n|-resisted|p2b: Arcanine\n|-damage|p2b: Arcanine|65\/100\n|move|p2a: Wo-Chien|Pollen Puff|p2b: Arcanine\n|-heal|p2b: Arcanine|100\/100\n|\n|upkeep\n|turn|6\n|\n|t:|1683281345\n|move|p1a: Flutter Mane|Moonblast|p2a: Wo-Chien\n|-supereffective|p2a: Wo-Chien\n|-damage|p2a: Wo-Chien|41\/100\n|move|p2b: Arcanine|Flare Blitz|p1a: Flutter Mane\n|-end|p1a: Flutter Mane|Substitute\n|-damage|p2b: Arcanine|95\/100|[from] Recoil|[of] p1a: Flutter Mane\n|move|p2a: Wo-Chien|Pollen Puff|p1a: Flutter Mane\n|-resisted|p1a: Flutter Mane\n|-damage|p1a: Flutter Mane|0 fnt\n|faint|p1a: Flutter Mane\n|-end|p1a: Flutter Mane|Protosynthesis|[silent]\n|move|p1b: Amoonguss|Pollen Puff|p2a: Wo-Chien\n|-supereffective|p2a: Wo-Chien\n|-damage|p2a: Wo-Chien|0 fnt\n|faint|p2a: Wo-Chien\n|\n|upkeep\n|inactive|kanotakekanotake has 30 seconds left.\n|\n|t:|1683281375\n|switch|p1a: Iron Hands|Iron Hands, L50|100\/100\n|switch|p2a: Flutter Mane|Flutter Mane, L50, shiny|100\/100\n|-enditem|p2a: Flutter Mane|Booster Energy\n|-activate|p2a: Flutter Mane|ability: Protosynthesis|[fromitem]\n|-start|p2a: Flutter Mane|protosynthesisspa\n|turn|7\n|\n|t:|1683281388\n|-terastallize|p1a: Iron Hands|Fire\n|move|p2a: Flutter Mane|Protect|p2a: Flutter Mane\n|-singleturn|p2a: Flutter Mane|Protect\n|move|p2b: Arcanine|Protect|p2b: Arcanine\n|-singleturn|p2b: Arcanine|Protect\n|move|p1b: Amoonguss|Protect|p1b: Amoonguss\n|-singleturn|p1b: Amoonguss|Protect\n|move|p1a: Iron Hands|Heavy Slam|p2a: Flutter Mane\n|-activate|p2a: Flutter Mane|move: Protect\n|\n|upkeep\n|turn|8\n|inactive|anotherworldVGC has 30 seconds left.\n|inactive|kanotakekanotake has 30 seconds left.\n|inactive|anotherworldVGC has 20 seconds left.\n|\n|t:|1683281431\n|switch|p1b: Gyarados|Gyarados, L50, M, shiny|85\/100 psn\n|-ability|p1b: Gyarados|Intimidate|boost\n|-unboost|p2a: Flutter Mane|atk|1\n|-unboost|p2b: Arcanine|atk|1\n|move|p2a: Flutter Mane|Substitute|p2a: Flutter Mane\n|-start|p2a: Flutter Mane|Substitute\n|-damage|p2a: Flutter Mane|76\/100\n|move|p2b: Arcanine|Flare Blitz|p1b: Gyarados\n|-resisted|p1b: Gyarados\n|-damage|p1b: Gyarados|70\/100 psn\n|-damage|p2b: Arcanine|90\/100|[from] Recoil\n|move|p1a: Iron Hands|Heavy Slam|p2a: Flutter Mane\n|-supereffective|p2a: Flutter Mane\n|-end|p2a: Flutter Mane|Substitute\n|\n|-damage|p1b: Gyarados|57\/100 psn|[from] psn\n|upkeep\n|turn|9\n|j| Rabbihorn\n|\n|t:|1683281451\n|switch|p2b: Glimmora|Glimmora, L50, F, shiny, tera:Grass|35\/100\n|move|p2a: Flutter Mane|Protect|p2a: Flutter Mane\n|-singleturn|p2a: Flutter Mane|Protect\n|move|p1b: Gyarados|Waterfall|p2b: Glimmora\n|-resisted|p2b: Glimmora\n|-damage|p2b: Glimmora|17\/100\n|-activate|p2b: Glimmora|ability: Toxic Debris\n|-sidestart|p1: kanotakekanotake|move: Toxic Spikes\n|move|p1a: Iron Hands|Heavy Slam|p2a: Flutter Mane\n|-activate|p2a: Flutter Mane|move: Protect\n|\n|-damage|p1b: Gyarados|45\/100 psn|[from] psn\n|upkeep\n|turn|10\n|inactive|kanotakekanotake has 30 seconds left.\n|inactive|anotherworldVGC has 30 seconds left.\n|inactive|anotherworldVGC has 20 seconds left.\n|\n|t:|1683281488\n|move|p2a: Flutter Mane|Shadow Ball|p1a: Iron Hands\n|-damage|p1a: Iron Hands|71\/100\n|move|p1b: Gyarados|Waterfall|p2b: Glimmora\n|-resisted|p2b: Glimmora\n|-damage|p2b: Glimmora|0 fnt\n|-activate|p2b: Glimmora|ability: Toxic Debris\n|-sidestart|p1: kanotakekanotake|move: Toxic Spikes\n|faint|p2b: Glimmora\n|move|p1a: Iron Hands|Heavy Slam|p2a: Flutter Mane\n|-supereffective|p2a: Flutter Mane\n|-crit|p2a: Flutter Mane\n|-damage|p2a: Flutter Mane|0 fnt\n|faint|p2a: Flutter Mane\n|-end|p2a: Flutter Mane|Protosynthesis|[silent]\n|\n|-damage|p1b: Gyarados|32\/100 psn|[from] psn\n|upkeep\n|-message|anotherworldVGC forfeited.\n|\n|win|kanotakekanotake\n|raw|kanotakekanotake's rating: 1655 → 1675<\/strong> (+20 for winning)\n|raw|anotherworldVGC's rating: 1656 → 1636<\/strong> (-20 for losing)\n|l|\u2606anotherworldVGC\n","uploadtime":1683281514,"views":15,"p1id":"kanotakekanotake","p2id":"anotherworldvgc","formatid":"gen9vgc2023regulationc","rating":1636,"private":0,"password":""}