{"id":"gen9vgc2023regulationc-1853174277","p1":"CraftyPuddle","p2":"panth413","format":"[Gen 9] VGC 2023 Regulation C","log":"|j|\u2606CraftyPuddle\n|j|\u2606panth413\n|t:|1682644316\n|gametype|doubles\n|player|p1|CraftyPuddle|hilda|1178\n|player|p2|panth413|169|1183\n|teamsize|p1|6\n|teamsize|p2|6\n|gen|9\n|tier|[Gen 9] VGC 2023 Regulation C\n|rated|\n|rule|Species Clause: Limit one of each Pok\u00e9mon\n|rule|Item Clause: Limit one of each item\n|clearpoke\n|poke|p1|Zangoose, L50, F|\n|poke|p1|Amoonguss, L50, F|\n|poke|p1|Maushold-Four, L50|\n|poke|p1|Dragapult, L50, F|\n|poke|p1|Flamigo, L50, F|\n|poke|p1|Haxorus, L50, M|\n|poke|p2|Tyranitar, L50, F|\n|poke|p2|Lycanroc, L50, M|\n|poke|p2|Amoonguss, L50, M|\n|poke|p2|Garchomp, L50, M|\n|poke|p2|Iron Bundle, L50|\n|poke|p2|Talonflame, L50, F|\n|teampreview|4\n|inactive|Battle timer is ON: inactive players will automatically lose when time's up. (requested by CraftyPuddle)\n|\n|t:|1682644339\n|start\n|switch|p1a: Zangoose|Zangoose, L50, F|100\/100\n|switch|p1b: Maushold|Maushold-Four, L50|100\/100\n|switch|p2a: Talonflame|Talonflame, L50, F|100\/100\n|switch|p2b: Iron Bundle|Iron Bundle, L50|100\/100\n|-enditem|p2b: Iron Bundle|Booster Energy\n|-activate|p2b: Iron Bundle|ability: Quark Drive|[fromitem]\n|-start|p2b: Iron Bundle|quarkdrivespe\n|turn|1\n|\n|t:|1682644360\n|move|p1b: Maushold|Follow Me|p1b: Maushold\n|-singleturn|p1b: Maushold|move: Follow Me\n|move|p2b: Iron Bundle|Freeze-Dry|p1b: Maushold\n|-damage|p1b: Maushold|57\/100\n|move|p2a: Talonflame|Taunt|p1b: Maushold\n|-start|p1b: Maushold|move: Taunt\n|-enditem|p1b: Maushold|Mental Herb\n|-end|p1b: Maushold|move: Taunt\n|move|p1a: Zangoose|Belly Drum|p1a: Zangoose\n|-damage|p1a: Zangoose|50\/100\n|-setboost|p1a: Zangoose|atk|6|[from] move: Belly Drum\n|-enditem|p1a: Zangoose|Sitrus Berry|[eat]\n|-heal|p1a: Zangoose|75\/100|[from] item: Sitrus Berry\n|\n|upkeep\n|turn|2\n|inactive|panth413 has 30 seconds left.\n|\n|t:|1682644389\n|move|p2b: Iron Bundle|Protect|p2b: Iron Bundle\n|-singleturn|p2b: Iron Bundle|Protect\n|move|p1b: Maushold|Follow Me|p1b: Maushold\n|-singleturn|p1b: Maushold|move: Follow Me\n|move|p2a: Talonflame|Taunt|p1b: Maushold\n|-start|p1b: Maushold|move: Taunt\n|move|p1a: Zangoose|Baton Pass|p1a: Zangoose\n|\n|t:|1682644398\n|switch|p1a: Dragapult|Dragapult, L50, F|100\/100|[from] Baton Pass\n|\n|upkeep\n|turn|3\n|\n|t:|1682644415\n|switch|p1b: Flamigo|Flamigo, L50, F|100\/100\n|-copyboost|p1b: Flamigo|p1a: Dragapult|[from] ability: Costar\n|-terastallize|p2b: Iron Bundle|Ice\n|move|p1a: Dragapult|Sucker Punch|p2b: Iron Bundle\n|-damage|p2b: Iron Bundle|1\/100\n|move|p2b: Iron Bundle|Freeze-Dry|p1a: Dragapult\n|-supereffective|p1a: Dragapult\n|-enditem|p1a: Dragapult|Focus Sash\n|-damage|p1a: Dragapult|1\/100\n|move|p2a: Talonflame|Will-O-Wisp|p1b: Flamigo\n|-status|p1b: Flamigo|brn\n|\n|-damage|p1b: Flamigo|95\/100 brn|[from] brn\n|upkeep\n|turn|4\n|inactive|CraftyPuddle has 30 seconds left.\n|\n|t:|1682644444\n|-terastallize|p1b: Flamigo|Water\n|move|p2b: Iron Bundle|Protect|p2b: Iron Bundle\n|-singleturn|p2b: Iron Bundle|Protect\n|move|p1a: Dragapult|Sucker Punch||[still]\n|-fail|p1a: Dragapult\n|move|p2a: Talonflame|Brave Bird|p1b: Flamigo\n|-damage|p1b: Flamigo|39\/100 brn\n|-damage|p2a: Talonflame|80\/100|[from] Recoil\n|move|p1b: Flamigo|Liquidation|p2a: Talonflame\n|-supereffective|p2a: Talonflame\n|-damage|p2a: Talonflame|0 fnt\n|faint|p2a: Talonflame\n|\n|-damage|p1b: Flamigo|33\/100 brn|[from] brn\n|upkeep\n|\n|t:|1682644466\n|switch|p2a: Amoonguss|Amoonguss, L50, M|100\/100\n|turn|5\n|inactive|CraftyPuddle has 30 seconds left.\n|\n|t:|1682644493\n|move|p2a: Amoonguss|Rage Powder|p2a: Amoonguss\n|-singleturn|p2a: Amoonguss|move: Rage Powder\n|move|p1a: Dragapult|Sucker Punch||[still]\n|-fail|p1a: Dragapult\n|move|p2b: Iron Bundle|Icy Wind|p1b: Flamigo|[spread] p1a,p1b\n|-supereffective|p1a: Dragapult\n|-resisted|p1b: Flamigo\n|-damage|p1a: Dragapult|0 fnt\n|-damage|p1b: Flamigo|11\/100 brn\n|-unboost|p1b: Flamigo|spe|1\n|faint|p1a: Dragapult\n|move|p1b: Flamigo|Liquidation|p2a: Amoonguss\n|-resisted|p2a: Amoonguss\n|-damage|p2a: Amoonguss|76\/100\n|\n|-damage|p1b: Flamigo|6\/100 brn|[from] brn\n|upkeep\n|\n|t:|1682644504\n|switch|p1a: Zangoose|Zangoose, L50, F|75\/100\n|turn|6\n|\n|t:|1682644513\n|move|p2a: Amoonguss|Rage Powder|p2a: Amoonguss\n|-singleturn|p2a: Amoonguss|move: Rage Powder\n|move|p1a: Zangoose|Quick Attack|p2a: Amoonguss\n|-damage|p2a: Amoonguss|64\/100\n|move|p2b: Iron Bundle|Icy Wind|p1a: Zangoose|[spread] p1a,p1b\n|-resisted|p1b: Flamigo\n|-damage|p1a: Zangoose|47\/100\n|-damage|p1b: Flamigo|0 fnt\n|-unboost|p1a: Zangoose|spe|1\n|faint|p1b: Flamigo\n|\n|upkeep\n|-message|CraftyPuddle forfeited.\n|\n|win|panth413\n|raw|CraftyPuddle's rating: 1178 → 1153<\/strong> (-25 for losing)\n|raw|panth413's rating: 1183 → 1208<\/strong> (+25 for winning)\n|l|\u2606CraftyPuddle\n","uploadtime":1682644532,"views":13,"p1id":"craftypuddle","p2id":"panth413","formatid":"gen9vgc2023regulationc","rating":1153,"private":0,"password":""}