{"id":"gen9vgc2023regulationc-1858728341","p1":"Pugwah","p2":"Sakpex","format":"[Gen 9] VGC 2023 Regulation C","log":"|j|\u2606Pugwah\n|j|\u2606Sakpex\n|t:|1683349358\n|gametype|doubles\n|player|p1|Pugwah|170|1289\n|player|p2|Sakpex|lucas|1198\n|teamsize|p1|6\n|teamsize|p2|6\n|gen|9\n|tier|[Gen 9] VGC 2023 Regulation C\n|rated|\n|rule|Species Clause: Limit one of each Pok\u00e9mon\n|rule|Item Clause: Limit one of each item\n|clearpoke\n|poke|p1|Ting-Lu, L50|\n|poke|p1|Arcanine, L50, F|\n|poke|p1|Dondozo, L50, F|\n|poke|p1|Tatsugiri, L50, M|\n|poke|p1|Ceruledge, L50, F|\n|poke|p1|Annihilape, L50, F|\n|poke|p2|Lilligant, L50, F|\n|poke|p2|Torkoal, L50, F|\n|poke|p2|Flutter Mane, L50|\n|poke|p2|Chien-Pao, L50|\n|poke|p2|Dragonite, L50, F|\n|poke|p2|Great Tusk, L50|\n|teampreview|4\n|inactive|Battle timer is ON: inactive players will automatically lose when time's up. (requested by Pugwah)\nPugwah rejected open team sheets.\n|\n|t:|1683349381\n|start\n|switch|p1a: Arcanine|Arcanine, L50, F|100\/100\n|switch|p1b: Ceruledge|Ceruledge, L50, F|100\/100\n|switch|p2a: FANCY|Flutter Mane, L50|100\/100\n|switch|p2b: Espresso|Dragonite, L50, F|100\/100\n|-ability|p1a: Arcanine|Intimidate|boost\n|-unboost|p2a: FANCY|atk|1\n|-unboost|p2b: Espresso|atk|1\n|turn|1\n|\n|t:|1683349406\n|move|p1b: Ceruledge|Shadow Sneak|p2a: FANCY\n|-supereffective|p2a: FANCY\n|-damage|p2a: FANCY|17\/100\n|move|p2a: FANCY|Power Gem|p1b: Ceruledge\n|-supereffective|p1b: Ceruledge\n|-damage|p1b: Ceruledge|3\/100\n|-enditem|p1b: Ceruledge|Sitrus Berry|[eat]\n|-heal|p1b: Ceruledge|28\/100|[from] item: Sitrus Berry\n|move|p1a: Arcanine|Will-O-Wisp|p2b: Espresso\n|-status|p2b: Espresso|brn\n|-enditem|p2b: Espresso|Lum Berry|[eat]\n|-curestatus|p2b: Espresso|brn|[msg]\n|move|p2b: Espresso|Stomping Tantrum|p1b: Ceruledge\n|-supereffective|p1b: Ceruledge\n|-damage|p1b: Ceruledge|0 fnt\n|faint|p1b: Ceruledge\n|\n|upkeep\n|\n|t:|1683349424\n|switch|p1b: Ting-Lu|Ting-Lu, L50|100\/100\n|-ability|p1b: Ting-Lu|Vessel of Ruin\n|turn|2\n|inactive|Sakpex has 30 seconds left.\n|\n|t:|1683349452\n|move|p2a: FANCY|Power Gem|p1a: Arcanine\n|-supereffective|p1a: Arcanine\n|-damage|p1a: Arcanine|40\/100\n|move|p1a: Arcanine|Will-O-Wisp|p2b: Espresso\n|-status|p2b: Espresso|brn\n|move|p2b: Espresso|Tailwind|p2b: Espresso\n|-sidestart|p2: Sakpex|move: Tailwind\n|move|p1b: Ting-Lu|Throat Chop|p2a: FANCY\n|-damage|p2a: FANCY|0 fnt\n|faint|p2a: FANCY\n|-end|p2a: FANCY|Protosynthesis|[silent]\n|\n|-damage|p2b: Espresso|94\/100 brn|[from] brn\n|upkeep\n|\n|t:|1683349472\n|switch|p2a: Trouble|Great Tusk, L50|100\/100\n|turn|3\n|\n|t:|1683349487\n|move|p1a: Arcanine|Protect|p1a: Arcanine\n|-singleturn|p1a: Arcanine|Protect\n|move|p2b: Espresso|Extreme Speed|p1b: Ting-Lu\n|-damage|p1b: Ting-Lu|94\/100\n|move|p2a: Trouble|Close Combat|p1b: Ting-Lu\n|-supereffective|p1b: Ting-Lu\n|-damage|p1b: Ting-Lu|12\/100\n|-unboost|p2a: Trouble|def|1\n|-unboost|p2a: Trouble|spd|1\n|move|p1b: Ting-Lu|Fissure|p2a: Trouble|[miss]\n|-miss|p1b: Ting-Lu|p2a: Trouble\n|\n|-damage|p2b: Espresso|88\/100 brn|[from] brn\n|upkeep\n|turn|4\n|inactive|Pugwah has 30 seconds left.\n|\n|t:|1683349519\n|switch|p1b: Annihilape|Annihilape, L50, F|100\/100\n|move|p2b: Espresso|Extreme Speed|p1b: Annihilape\n|-immune|p1b: Annihilape\n|move|p2a: Trouble|Close Combat|p1a: Arcanine\n|-damage|p1a: Arcanine|0 fnt\n|-unboost|p2a: Trouble|def|1\n|-unboost|p2a: Trouble|spd|1\n|faint|p1a: Arcanine\n|\n|-damage|p2b: Espresso|82\/100 brn|[from] brn\n|upkeep\n|\n|t:|1683349526\n|switch|p1a: Ting-Lu|Ting-Lu, L50|12\/100\n|-ability|p1a: Ting-Lu|Vessel of Ruin\n|turn|5\n|inactive|Sakpex has 30 seconds left.\n|\n|t:|1683349556\n|-end|p2a: Trouble|Protosynthesis|[silent]\n|switch|p2a: Chien-Pao|Chien-Pao, L50|100\/100\n|-ability|p2a: Chien-Pao|Sword of Ruin\n|move|p2b: Espresso|Extreme Speed|p1a: Ting-Lu\n|-damage|p1a: Ting-Lu|4\/100\n|move|p1b: Annihilape|Bulk Up|p1b: Annihilape\n|-boost|p1b: Annihilape|atk|1\n|-boost|p1b: Annihilape|def|1\n|move|p1a: Ting-Lu|Fissure|p2a: Chien-Pao\n|-enditem|p2a: Chien-Pao|Focus Sash\n|-damage|p2a: Chien-Pao|1\/100\n|\n|-damage|p2b: Espresso|76\/100 brn|[from] brn\n|-sideend|p2: Sakpex|move: Tailwind\n|upkeep\n|turn|6\n|inactive|Pugwah has 30 seconds left.\n|inactive|Pugwah has 20 seconds left.\n|\n|t:|1683349595\n|move|p2a: Chien-Pao|Protect|p2a: Chien-Pao\n|-singleturn|p2a: Chien-Pao|Protect\n|move|p2b: Espresso|Extreme Speed|p1a: Ting-Lu\n|-damage|p1a: Ting-Lu|0 fnt\n|faint|p1a: Ting-Lu\n|move|p1b: Annihilape|Drain Punch|p2a: Chien-Pao\n|-activate|p2a: Chien-Pao|move: Protect\n|\n|-damage|p2b: Espresso|69\/100 brn|[from] brn\n|upkeep\n|turn|7\n|inactive|Sakpex has 30 seconds left.\n|inactive|Sakpex has 20 seconds left.\n|inactive|Sakpex has 15 seconds left.\n|\n|t:|1683349637\n|-terastallize|p2b: Espresso|Normal\n|move|p2a: Chien-Pao|Sucker Punch|p1b: Annihilape\n|-damage|p1b: Annihilape|69\/100\n|move|p1b: Annihilape|Drain Punch|p2a: Chien-Pao\n|-supereffective|p2a: Chien-Pao\n|-damage|p2a: Chien-Pao|0 fnt\n|-heal|p1b: Annihilape|69\/100|[from] drain|[of] p2a: Chien-Pao\n|faint|p2a: Chien-Pao\n|-damage|p1b: Annihilape|59\/100|[from] item: Life Orb\n|move|p2b: Espresso|Tailwind|p2b: Espresso\n|-sidestart|p2: Sakpex|move: Tailwind\n|\n|-damage|p2b: Espresso|63\/100 brn|[from] brn\n|upkeep\n|\n|t:|1683349640\n|switch|p2a: Trouble|Great Tusk, L50|100\/100\n|turn|8\n|\n|t:|1683349660\n|-terastallize|p1b: Annihilape|Flying\n|move|p2a: Trouble|Headlong Rush|p1b: Annihilape\n|-immune|p1b: Annihilape\n|move|p2b: Espresso|Stomping Tantrum|p1b: Annihilape\n|-immune|p1b: Annihilape\n|move|p1b: Annihilape|Drain Punch|p2a: Trouble\n|-damage|p2a: Trouble|43\/100\n|-heal|p1b: Annihilape|85\/100|[from] drain|[of] p2a: Trouble\n|-damage|p1b: Annihilape|75\/100|[from] item: Life Orb\n|\n|-damage|p2b: Espresso|57\/100 brn|[from] brn\n|upkeep\n|turn|9\n|\n|t:|1683349676\n|move|p2b: Espresso|Extreme Speed|p1b: Annihilape\n|-damage|p1b: Annihilape|65\/100\n|move|p2a: Trouble|Headlong Rush|p1b: Annihilape\n|-immune|p1b: Annihilape\n|move|p1b: Annihilape|Drain Punch|p2a: Trouble\n|-damage|p2a: Trouble|0 fnt\n|-heal|p1b: Annihilape|84\/100|[from] drain|[of] p2a: Trouble\n|faint|p2a: Trouble\n|-end|p2a: Trouble|Protosynthesis|[silent]\n|-damage|p1b: Annihilape|75\/100|[from] item: Life Orb\n|\n|-damage|p2b: Espresso|51\/100 brn|[from] brn\n|upkeep\n|turn|10\n|\n|t:|1683349684\n|move|p2b: Espresso|Extreme Speed|p1b: Annihilape\n|-damage|p1b: Annihilape|64\/100\n|move|p1b: Annihilape|Drain Punch|p2b: Espresso\n|-supereffective|p2b: Espresso\n|-damage|p2b: Espresso|0 fnt\n|-heal|p1b: Annihilape|87\/100|[from] drain|[of] p2b: Espresso\n|faint|p2b: Espresso\n|-damage|p1b: Annihilape|77\/100|[from] item: Life Orb\n|\n|win|Pugwah\n|raw|Pugwah's rating: 1289 → 1308<\/strong> (+19 for winning)\n|raw|Sakpex's rating: 1198 → 1179<\/strong> (-19 for losing)\n|c|\u2606Pugwah|lmao\n|c|\u2606Pugwah|xD\n","uploadtime":1683349697,"views":7,"p1id":"pugwah","p2id":"sakpex","formatid":"gen9vgc2023regulationc","rating":1179,"private":0,"password":""}