{"id":"gen9vgc2023regulationc-1845033599","p1":"SilverMKW","p2":"xXYourMomGa3Xx","format":"[Gen 9] VGC 2023 Regulation C","log":"|j|\u2606SilverMKW\n|j|\u2606xXYourMomGa3Xx\n|t:|1681676183\n|gametype|doubles\n|player|p1|SilverMKW|bellelba|1068\n|player|p2|xXYourMomGa3Xx|169|1085\n|teamsize|p1|6\n|teamsize|p2|6\n|gen|9\n|tier|[Gen 9] VGC 2023 Regulation C\n|rated|\n|rule|Species Clause: Limit one of each Pok\u00e9mon\n|rule|Item Clause: Limit one of each item\n|clearpoke\n|poke|p1|Flutter Mane, L50|\n|poke|p1|Lycanroc, L50, F|\n|poke|p1|Tyranitar, L50, M|\n|poke|p1|Indeedee-F, L50, F|\n|poke|p1|Iron Bundle, L50|\n|poke|p1|Chi-Yu, L50|\n|poke|p2|Amoonguss, L50, F|\n|poke|p2|Armarouge, L50, F|\n|poke|p2|Indeedee-F, L50, F|\n|poke|p2|Iron Hands, L50|\n|poke|p2|Murkrow, L50, M|\n|poke|p2|Meowscarada, L50, F|\n|teampreview|4\n|inactive|Battle timer is ON: inactive players will automatically lose when time's up. (requested by SilverMKW)\n|\n|t:|1681676258\n|start\n|switch|p1a: Tyranitar|Tyranitar, L50, M, shiny|100\/100\n|switch|p1b: Lycanroc|Lycanroc, L50, F, shiny|100\/100\n|switch|p2a: Murkrow|Murkrow, L50, M|100\/100\n|switch|p2b: Armarouge|Armarouge, L50, F|100\/100\n|-weather|Sandstorm|[from] ability: Sand Stream|[of] p1a: Tyranitar\n|turn|1\n|\n|t:|1681676282\n|-terastallize|p2b: Armarouge|Fighting\n|move|p2a: Murkrow|Tailwind|p2a: Murkrow\n|-sidestart|p2: xXYourMomGa3Xx|move: Tailwind\n|move|p1b: Lycanroc|Rock Slide|p2a: Murkrow|[spread] \n|-miss|p1b: Lycanroc|p2a: Murkrow\n|-miss|p1b: Lycanroc|p2b: Armarouge\n|move|p2b: Armarouge|Aura Sphere|p1a: Tyranitar\n|-supereffective|p1a: Tyranitar\n|-damage|p1a: Tyranitar|13\/100\n|-damage|p2b: Armarouge|91\/100|[from] item: Life Orb\n|move|p1a: Tyranitar|Rock Slide|p2a: Murkrow|[spread] p2a,p2b\n|-supereffective|p2a: Murkrow\n|-resisted|p2b: Armarouge\n|-enditem|p2a: Murkrow|Focus Sash\n|-damage|p2a: Murkrow|1\/100\n|-damage|p2b: Armarouge|71\/100\n|-ability|p2b: Armarouge|Weak Armor|boost\n|-unboost|p2b: Armarouge|def|1\n|-boost|p2b: Armarouge|spe|2\n|\n|-weather|Sandstorm|[upkeep]\n|-damage|p2b: Armarouge|64\/100|[from] Sandstorm\n|-damage|p2a: Murkrow|0 fnt|[from] Sandstorm\n|faint|p2a: Murkrow\n|upkeep\n|inactive|xXYourMomGa3Xx has 30 seconds left.\n|\n|t:|1681676312\n|switch|p2a: Iron Hands|Iron Hands, L50|100\/100\n|turn|2\n|\n|t:|1681676325\n|switch|p1a: Flutter Mane|Flutter Mane, L50|100\/100\n|-terastallize|p1b: Lycanroc|Ghost\n|move|p2b: Armarouge|Aura Sphere|p1a: Flutter Mane\n|-immune|p1a: Flutter Mane\n|move|p1b: Lycanroc|Rock Slide|p2a: Iron Hands|[spread] p2a,p2b\n|-resisted|p2a: Iron Hands\n|-resisted|p2b: Armarouge\n|-damage|p2a: Iron Hands|91\/100\n|-damage|p2b: Armarouge|42\/100\n|-ability|p2b: Armarouge|Weak Armor|boost\n|-unboost|p2b: Armarouge|def|1\n|-boost|p2b: Armarouge|spe|2\n|move|p2a: Iron Hands|Drain Punch|p1b: Lycanroc\n|-immune|p1b: Lycanroc\n|\n|-weather|Sandstorm|[upkeep]\n|-damage|p2b: Armarouge|36\/100|[from] Sandstorm\n|-damage|p1a: Flutter Mane|95\/100|[from] Sandstorm\n|-damage|p2a: Iron Hands|85\/100|[from] Sandstorm\n|upkeep\n|turn|3\n|inactive|SilverMKW has 30 seconds left.\n|\n|t:|1681676352\n|move|p2b: Armarouge|Armor Cannon|p1b: Lycanroc\n|-enditem|p1b: Lycanroc|Focus Sash\n|-damage|p1b: Lycanroc|1\/100\n|-unboost|p2b: Armarouge|def|1\n|-unboost|p2b: Armarouge|spd|1\n|-damage|p2b: Armarouge|26\/100|[from] item: Life Orb\n|move|p1b: Lycanroc|Close Combat|p2b: Armarouge\n|-damage|p2b: Armarouge|0 fnt\n|-unboost|p1b: Lycanroc|def|1\n|-unboost|p1b: Lycanroc|spd|1\n|faint|p2b: Armarouge\n|move|p1a: Flutter Mane|Dazzling Gleam|p2a: Iron Hands\n|-supereffective|p2a: Iron Hands\n|-damage|p2a: Iron Hands|13\/100\n|move|p2a: Iron Hands|Rock Slide|p1b: Lycanroc|[spread] p1a,p1b\n|-damage|p1a: Flutter Mane|62\/100\n|-damage|p1b: Lycanroc|0 fnt\n|faint|p1b: Lycanroc\n|\n|-weather|Sandstorm|[upkeep]\n|-damage|p1a: Flutter Mane|56\/100|[from] Sandstorm\n|-damage|p2a: Iron Hands|7\/100|[from] Sandstorm\n|upkeep\n|inactive|SilverMKW has 30 seconds left.\n|\n|t:|1681676377\n|switch|p1b: Iron Bundle|Iron Bundle, L50|100\/100\n|switch|p2b: Amoonguss|Amoonguss, L50, F|100\/100\n|-enditem|p1b: Iron Bundle|Booster Energy\n|-activate|p1b: Iron Bundle|ability: Quark Drive|[fromitem]\n|-start|p1b: Iron Bundle|quarkdrivespe\n|turn|4\n|\n|t:|1681676392\n|move|p2b: Amoonguss|Rage Powder|p2b: Amoonguss\n|-singleturn|p2b: Amoonguss|move: Rage Powder\n|move|p1b: Iron Bundle|Freeze-Dry|p2b: Amoonguss\n|-supereffective|p2b: Amoonguss\n|-damage|p2b: Amoonguss|43\/100\n|-status|p2b: Amoonguss|frz\n|move|p1a: Flutter Mane|Dazzling Gleam|p2a: Iron Hands|[spread] p2a,p2b\n|-supereffective|p2a: Iron Hands\n|-resisted|p2b: Amoonguss\n|-damage|p2a: Iron Hands|0 fnt\n|-damage|p2b: Amoonguss|25\/100 frz\n|faint|p2a: Iron Hands\n|-end|p2a: Iron Hands|Quark Drive|[silent]\n|\n|-weather|Sandstorm|[upkeep]\n|-damage|p1b: Iron Bundle|94\/100|[from] Sandstorm\n|-damage|p1a: Flutter Mane|50\/100|[from] Sandstorm\n|-damage|p2b: Amoonguss|20\/100 frz|[from] Sandstorm\n|-heal|p2b: Amoonguss|25\/100 frz|[from] item: Black Sludge\n|-sideend|p2: xXYourMomGa3Xx|move: Tailwind\n|upkeep\n|turn|5\n|-message|xXYourMomGa3Xx forfeited.\n|\n|win|SilverMKW\n|raw|SilverMKW's rating: 1068 → 1099<\/strong> (+31 for winning)\n|raw|xXYourMomGa3Xx's rating: 1085 → 1061<\/strong> (-24 for losing)\n|l|\u2606xXYourMomGa3Xx\n|c|\u2606SilverMKW|gg\n","uploadtime":1681676415,"views":47,"p1id":"silvermkw","p2id":"xxyourmomga3xx","formatid":"gen9vgc2023regulationc","rating":1061,"private":0,"password":""}