{"id":"gen9vgc2023regulationc-1845898202","p1":"Bigolron","p2":"Keveloper","format":"[Gen 9] VGC 2023 Regulation C","log":"|j|\u2606Bigolron\n|j|\u2606Keveloper\n|t:|1681776820\n|gametype|doubles\n|player|p1|Bigolron|101|1521\n|player|p2|Keveloper|lucas|1502\n|teamsize|p1|6\n|teamsize|p2|6\n|gen|9\n|tier|[Gen 9] VGC 2023 Regulation C\n|rated|\n|rule|Species Clause: Limit one of each Pok\u00e9mon\n|rule|Item Clause: Limit one of each item\n|clearpoke\n|poke|p1|Iron Bundle, L50|\n|poke|p1|Flutter Mane, L50|\n|poke|p1|Chien-Pao, L50|\n|poke|p1|Dragapult, L50, M|\n|poke|p1|Tauros-Paldea-Aqua, L50, M|\n|poke|p1|Corviknight, L50, M|\n|poke|p2|Orthworm, L50, F|\n|poke|p2|Dragonite, L50, M|\n|poke|p2|Ting-Lu, L50|\n|poke|p2|Gyarados, L50, F|\n|poke|p2|Flutter Mane, L50|\n|poke|p2|Chien-Pao, L50|\n|teampreview|4\nBigolron has agreed to open team sheets.\n|\n|t:|1681776858\n|start\n|switch|p1a: Iron Bundle|Iron Bundle, L50|100\/100\n|switch|p1b: Tauros|Tauros-Paldea-Aqua, L50, M|100\/100\n|switch|p2a: Orthworm|Orthworm, L50, F|100\/100\n|switch|p2b: Ting-Lu|Ting-Lu, L50|100\/100\n|-ability|p1b: Tauros|Intimidate|boost\n|-unboost|p2a: Orthworm|atk|1\n|-unboost|p2b: Ting-Lu|atk|1\n|-ability|p2b: Ting-Lu|Vessel of Ruin\n|-enditem|p1a: Iron Bundle|Booster Energy\n|-activate|p1a: Iron Bundle|ability: Quark Drive|[fromitem]\n|-start|p1a: Iron Bundle|quarkdrivespe\n|turn|1\n|\n|t:|1681776878\n|-terastallize|p2b: Ting-Lu|Water\n|move|p1a: Iron Bundle|Hydro Pump|p2a: Orthworm\n|-damage|p2a: Orthworm|51\/100\n|move|p1b: Tauros|Close Combat|p2a: Orthworm\n|-supereffective|p2a: Orthworm\n|-damage|p2a: Orthworm|0 fnt\n|-unboost|p1b: Tauros|def|1\n|-unboost|p1b: Tauros|spd|1\n|faint|p2a: Orthworm\n|move|p2b: Ting-Lu|Bulldoze|p1b: Tauros|[spread] p1a,p1b\n|-damage|p1a: Iron Bundle|77\/100\n|-damage|p1b: Tauros|67\/100\n|-unboost|p1a: Iron Bundle|spe|1\n|-unboost|p1b: Tauros|spe|1\n|\n|upkeep\n|\n|t:|1681776893\n|switch|p2a: Gyarados|Gyarados, L50, F|100\/100\n|-ability|p2a: Gyarados|Intimidate|boost\n|-unboost|p1a: Iron Bundle|atk|1\n|-unboost|p1b: Tauros|atk|1\n|turn|2\n|\n|t:|1681776911\n|switch|p1b: Flutter Mane|Flutter Mane, L50|100\/100\n|-terastallize|p1a: Iron Bundle|Ice\n|move|p1a: Iron Bundle|Freeze-Dry|p2a: Gyarados\n|-supereffective|p2a: Gyarados\n|-damage|p2a: Gyarados|0 fnt\n|faint|p2a: Gyarados\n|move|p2b: Ting-Lu|Bulldoze|p1a: Iron Bundle|[spread] p1a,p1b\n|-damage|p1a: Iron Bundle|54\/100\n|-damage|p1b: Flutter Mane|57\/100\n|-unboost|p1a: Iron Bundle|spe|1\n|-unboost|p1b: Flutter Mane|spe|1\n|\n|upkeep\n|\n|t:|1681776919\n|switch|p2a: Dragonite|Dragonite, L50, M|100\/100\n|turn|3\n|\n|t:|1681776932\n|-end|p1a: Iron Bundle|Quark Drive|[silent]\n|switch|p1a: Tauros|Tauros-Paldea-Aqua, L50, M|67\/100\n|-ability|p1a: Tauros|Intimidate|boost\n|-unboost|p2a: Dragonite|atk|1\n|-unboost|p2b: Ting-Lu|atk|1\n|move|p2a: Dragonite|Earthquake|p1b: Flutter Mane|[spread] p2b,p1a,p1b\n|-damage|p2b: Ting-Lu|89\/100\n|-damage|p1a: Tauros|47\/100\n|-damage|p1b: Flutter Mane|20\/100\n|move|p1b: Flutter Mane|Dazzling Gleam|p2a: Dragonite|[spread] p2a,p2b\n|-supereffective|p2a: Dragonite\n|-damage|p2a: Dragonite|74\/100\n|-damage|p2b: Ting-Lu|71\/100\n|move|p2b: Ting-Lu|Bulldoze|p1b: Flutter Mane|[spread] p1a,p1b\n|-immune|p2a: Dragonite\n|-damage|p1a: Tauros|30\/100\n|-damage|p1b: Flutter Mane|0 fnt\n|-unboost|p1a: Tauros|spe|1\n|faint|p1b: Flutter Mane\n|-end|p1b: Flutter Mane|Protosynthesis|[silent]\n|\n|upkeep\n|\n|t:|1681776944\n|switch|p1b: Chien-Pao|Chien-Pao, L50|100\/100\n|-ability|p1b: Chien-Pao|Sword of Ruin\n|turn|4\n|\n|t:|1681776963\n|move|p1b: Chien-Pao|Ice Shard|p2a: Dragonite\n|-supereffective|p2a: Dragonite\n|-damage|p2a: Dragonite|0 fnt\n|faint|p2a: Dragonite\n|-damage|p1b: Chien-Pao|91\/100|[from] item: Life Orb\n|move|p1a: Tauros|Close Combat|p2b: Ting-Lu\n|-damage|p2b: Ting-Lu|23\/100\n|-unboost|p1a: Tauros|def|1\n|-unboost|p1a: Tauros|spd|1\n|move|p2b: Ting-Lu|Bulldoze|p1b: Chien-Pao|[spread] p1a,p1b\n|-damage|p1a: Tauros|0 fnt\n|-damage|p1b: Chien-Pao|70\/100\n|-unboost|p1b: Chien-Pao|spe|1\n|faint|p1a: Tauros\n|\n|upkeep\n|\n|t:|1681776966\n|switch|p1a: Iron Bundle|Iron Bundle, L50, tera:Ice|54\/100\n|turn|5\n|\n|t:|1681776972\n|move|p1a: Iron Bundle|Freeze-Dry|p2b: Ting-Lu\n|-supereffective|p2b: Ting-Lu\n|-damage|p2b: Ting-Lu|0 fnt\n|faint|p2b: Ting-Lu\n|\n|win|Bigolron\n|raw|Bigolron's rating: 1521 → 1540<\/strong> (+19 for winning)\n|raw|Keveloper's rating: 1502 → 1483<\/strong> (-19 for losing)\n","uploadtime":1681776976,"views":13,"p1id":"bigolron","p2id":"keveloper","formatid":"gen9vgc2023regulationc","rating":1483,"private":0,"password":""}