{"id":"gen9vgc2023regulationc-1853315945","p1":"Mitsunaga","p2":"Chaisuke","format":"[Gen 9] VGC 2023 Regulation C","log":"|j|\u2606Mitsunaga\n|j|\u2606Chaisuke\n|t:|1682666642\n|gametype|doubles\n|player|p1|Mitsunaga|lady-gen4|1343\n|player|p2|Chaisuke|170|1328\n|teamsize|p1|6\n|teamsize|p2|6\n|gen|9\n|tier|[Gen 9] VGC 2023 Regulation C\n|rated|\n|rule|Species Clause: Limit one of each Pok\u00e9mon\n|rule|Item Clause: Limit one of each item\n|clearpoke\n|poke|p1|Annihilape, L50, F|\n|poke|p1|Sandy Shocks, L50|\n|poke|p1|Flutter Mane, L50|\n|poke|p1|Armarouge, L50, M|\n|poke|p1|Indeedee-F, L50, F|\n|poke|p1|Talonflame, L50, M|\n|poke|p2|Flutter Mane, L50|\n|poke|p2|Dragonite, L50, M|\n|poke|p2|Ting-Lu, L50|\n|poke|p2|Chien-Pao, L50|\n|poke|p2|Amoonguss, L50, M|\n|poke|p2|Dondozo, L50, M|\n|teampreview|4\n|\n|t:|1682666658\n|start\n|switch|p1a: Annihilape|Annihilape, L50, F|100\/100\n|switch|p1b: Armarouge|Armarouge, L50, M|100\/100\n|switch|p2a: Dragonite|Dragonite, L50, M|100\/100\n|switch|p2b: Ting-Lu|Ting-Lu, L50|100\/100\n|-ability|p2b: Ting-Lu|Vessel of Ruin\n|turn|1\n|\n|t:|1682666683\n|-terastallize|p2a: Dragonite|Flying\n|move|p1a: Annihilape|Final Gambit|p2b: Ting-Lu\n|-damage|p2b: Ting-Lu|16\/100\n|faint|p1a: Annihilape\n|move|p1b: Armarouge|Heat Wave|p2a: Dragonite|[spread] p2a,p2b\n|-crit|p2b: Ting-Lu\n|-damage|p2a: Dragonite|88\/100\n|-damage|p2b: Ting-Lu|0 fnt\n|faint|p2b: Ting-Lu\n|move|p2a: Dragonite|Tera Blast|p1b: Armarouge\n|-damage|p1b: Armarouge|5\/100\n|-ability|p1b: Armarouge|Weak Armor|boost\n|-unboost|p1b: Armarouge|def|1\n|-boost|p1b: Armarouge|spe|2\n|\n|upkeep\n|\n|t:|1682666703\n|switch|p1a: Sandy Shocks|Sandy Shocks, L50|100\/100\n|switch|p2b: Chien-Pao|Chien-Pao, L50|100\/100\n|-ability|p2b: Chien-Pao|Sword of Ruin\n|-enditem|p1a: Sandy Shocks|Booster Energy\n|-activate|p1a: Sandy Shocks|ability: Protosynthesis|[fromitem]\n|-start|p1a: Sandy Shocks|protosynthesisspe\n|turn|2\n|\n|t:|1682666729\n|move|p1b: Armarouge|Protect|p1b: Armarouge\n|-singleturn|p1b: Armarouge|Protect\n|move|p1a: Sandy Shocks|Thunderbolt|p2a: Dragonite\n|-supereffective|p2a: Dragonite\n|-damage|p2a: Dragonite|12\/100\n|move|p2b: Chien-Pao|Sacred Sword|p1a: Sandy Shocks\n|-damage|p1a: Sandy Shocks|57\/100\n|move|p2a: Dragonite|Tera Blast|p1b: Armarouge\n|-activate|p1b: Armarouge|move: Protect\n|\n|upkeep\n|turn|3\n|\n|t:|1682666768\n|-end|p1a: Sandy Shocks|Protosynthesis|[silent]\n|switch|p1a: Indeedee|Indeedee-F, L50, F|100\/100\n|-fieldstart|move: Psychic Terrain|[from] ability: Psychic Surge|[of] p1a: Indeedee\n|-enditem|p1a: Indeedee|Psychic Seed\n|-boost|p1a: Indeedee|spd|1|[from] item: Psychic Seed\n|move|p1b: Armarouge|Heat Wave|p2b: Chien-Pao|[spread] p2a,p2b\n|-supereffective|p2b: Chien-Pao\n|-damage|p2a: Dragonite|0 fnt\n|-enditem|p2b: Chien-Pao|Focus Sash\n|-damage|p2b: Chien-Pao|1\/100\n|faint|p2a: Dragonite\n|move|p2b: Chien-Pao|Ice Spinner|p1a: Indeedee\n|-damage|p1a: Indeedee|47\/100\n|-fieldend|move: Psychic Terrain\n|\n|upkeep\n|\n|t:|1682666783\n|switch|p2a: Flutter Mane|Flutter Mane, L50|100\/100\n|turn|4\n|\n|t:|1682666826\n|move|p1a: Indeedee|Follow Me|p1a: Indeedee\n|-singleturn|p1a: Indeedee|move: Follow Me\n|move|p1b: Armarouge|Heat Wave|p2b: Chien-Pao|[spread] p2a,p2b\n|-supereffective|p2b: Chien-Pao\n|-damage|p2a: Flutter Mane|59\/100\n|-damage|p2b: Chien-Pao|0 fnt\n|-status|p2a: Flutter Mane|brn\n|faint|p2b: Chien-Pao\n|move|p2a: Flutter Mane|Dazzling Gleam|p1b: Armarouge|[spread] p1a,p1b\n|-resisted|p1b: Armarouge\n|-damage|p1a: Indeedee|27\/100\n|-damage|p1b: Armarouge|0 fnt\n|faint|p1b: Armarouge\n|\n|-damage|p2a: Flutter Mane|53\/100 brn|[from] brn\n|upkeep\n|\n|t:|1682666834\n|switch|p1b: Sandy Shocks|Sandy Shocks, L50|57\/100\n|turn|5\n|\n|t:|1682666849\n|-terastallize|p1a: Indeedee|Ghost\n|move|p2a: Flutter Mane|Dazzling Gleam|p1a: Indeedee|[spread] p1a,p1b\n|-damage|p1a: Indeedee|8\/100\n|-damage|p1b: Sandy Shocks|19\/100\n|move|p1b: Sandy Shocks|Thunderbolt|p2a: Flutter Mane\n|-damage|p2a: Flutter Mane|11\/100 brn\n|move|p1a: Indeedee|Tera Blast|p2a: Flutter Mane\n|-supereffective|p2a: Flutter Mane\n|-damage|p2a: Flutter Mane|0 fnt\n|faint|p2a: Flutter Mane\n|-end|p2a: Flutter Mane|Protosynthesis|[silent]\n|\n|win|Mitsunaga\n|raw|Mitsunaga's rating: 1343 → 1362<\/strong> (+19 for winning)\n|raw|Chaisuke's rating: 1328 → 1309<\/strong> (-19 for losing)\n","uploadtime":1682666859,"views":6,"p1id":"mitsunaga","p2id":"chaisuke","formatid":"gen9vgc2023regulationc","rating":1309,"private":0,"password":""}