{"id":"gen9vgc2023regulationc-1856584377","p1":"NicoHaxVGC","p2":"huoqiushu233","format":"[Gen 9] VGC 2023 Regulation C","log":"|j|\u2606NicoHaxVGC\n|j|\u2606huoqiushu233\n|t:|1683078763\n|gametype|doubles\n|player|p1|NicoHaxVGC|red|1326\n|player|p2|huoqiushu233|265|1426\n|teamsize|p1|6\n|teamsize|p2|6\n|gen|9\n|tier|[Gen 9] VGC 2023 Regulation C\n|rated|\n|rule|Species Clause: Limit one of each Pok\u00e9mon\n|rule|Item Clause: Limit one of each item\n|clearpoke\n|poke|p1|Roaring Moon, L50|\n|poke|p1|Ting-Lu, L50|\n|poke|p1|Annihilape, L50, M|\n|poke|p1|Maushold, L50|\n|poke|p1|Iron Bundle, L50|\n|poke|p1|Gholdengo, L50|\n|poke|p2|Iron Valiant, L50|\n|poke|p2|Iron Bundle, L50|\n|poke|p2|Iron Hands, L50|\n|poke|p2|Iron Jugulis, L50|\n|poke|p2|Iron Moth, L50|\n|poke|p2|Iron Thorns, L50|\n|teampreview|4\n|inactive|Battle timer is ON: inactive players will automatically lose when time's up. (requested by NicoHaxVGC)\n|inactive|NicoHaxVGC has 60 seconds left.\n|inactive|huoqiushu233 has 60 seconds left.\n|\n|t:|1683078812\n|start\n|switch|p1a: Robin|Annihilape, L50, M|100\/100\n|switch|p1b: Maushold|Maushold, L50|100\/100\n|switch|p2a: Iron Valiant|Iron Valiant, L50|100\/100\n|switch|p2b: Iron Hands|Iron Hands, L50|100\/100\n|turn|1\n|inactive|NicoHaxVGC has 30 seconds left.\n|\n|t:|1683078840\n|-terastallize|p1a: Robin|Fire\n|move|p2b: Iron Hands|Fake Out|p1b: Maushold\n|-damage|p1b: Maushold|85\/100\n|move|p1a: Robin|Rage Fist|p2a: Iron Valiant\n|-damage|p2a: Iron Valiant|78\/100\n|cant|p1b: Maushold|flinch\n|move|p2a: Iron Valiant|Trick Room|p2a: Iron Valiant\n|-fieldstart|move: Trick Room|[of] p2a: Iron Valiant\n|\n|upkeep\n|turn|2\n|\n|t:|1683078857\n|move|p1b: Maushold|Follow Me|p1b: Maushold\n|-singleturn|p1b: Maushold|move: Follow Me\n|move|p2b: Iron Hands|Volt Switch|p1b: Maushold\n|-damage|p1b: Maushold|72\/100\n|\n|t:|1683078867\n|-end|p2b: Iron Hands|Quark Drive|[silent]\n|switch|p2b: Iron Thorns|Iron Thorns, L50|100\/100|[from] Volt Switch\n|move|p1a: Robin|Bulk Up|p1a: Robin\n|-boost|p1a: Robin|atk|1\n|-boost|p1a: Robin|def|1\n|move|p2a: Iron Valiant|Close Combat|p1b: Maushold\n|-supereffective|p1b: Maushold\n|-damage|p1b: Maushold|0 fnt\n|-unboost|p2a: Iron Valiant|def|1\n|-unboost|p2a: Iron Valiant|spd|1\n|faint|p1b: Maushold\n|\n|upkeep\n|\n|t:|1683078881\n|switch|p1b: Cyborg|Iron Bundle, L50|100\/100\n|turn|3\n|\n|t:|1683078904\n|-terastallize|p2b: Iron Thorns|Bug\n|move|p1a: Robin|Rage Fist|p2a: Iron Valiant\n|-damage|p2a: Iron Valiant|27\/100\n|move|p2a: Iron Valiant|Spirit Break|p1b: Cyborg\n|-damage|p1b: Cyborg|52\/100\n|-unboost|p1b: Cyborg|spa|1\n|move|p2b: Iron Thorns|Rock Slide|p1b: Cyborg|[spread] p1a,p1b\n|-supereffective|p1a: Robin\n|-supereffective|p1b: Cyborg\n|-damage|p1a: Robin|62\/100\n|-damage|p1b: Cyborg|0 fnt\n|faint|p1b: Cyborg\n|-end|p1b: Cyborg|Quark Drive|[silent]\n|\n|upkeep\n|\n|t:|1683078916\n|switch|p1b: Roaring Moon|Roaring Moon, L50|100\/100\n|-enditem|p1b: Roaring Moon|Booster Energy\n|-activate|p1b: Roaring Moon|ability: Protosynthesis|[fromitem]\n|-start|p1b: Roaring Moon|protosynthesisspe\n|turn|4\n|\n|t:|1683078933\n|-end|p2a: Iron Valiant|Quark Drive|[silent]\n|switch|p2a: Iron Hands|Iron Hands, L50|100\/100\n|move|p1b: Roaring Moon|Protect|p1b: Roaring Moon\n|-singleturn|p1b: Roaring Moon|Protect\n|move|p1a: Robin|Rage Fist|p2b: Iron Thorns\n|-damage|p2b: Iron Thorns|32\/100\n|move|p2b: Iron Thorns|Ice Punch|p1b: Roaring Moon\n|-activate|p1b: Roaring Moon|move: Protect\n|\n|upkeep\n|turn|5\n|\n|t:|1683078956\n|move|p2a: Iron Hands|Fake Out|p1a: Robin\n|-damage|p1a: Robin|50\/100\n|-enditem|p1a: Robin|Sitrus Berry|[eat]\n|-heal|p1a: Robin|75\/100|[from] item: Sitrus Berry\n|cant|p1a: Robin|flinch\n|move|p2b: Iron Thorns|Dragon Dance|p2b: Iron Thorns\n|-boost|p2b: Iron Thorns|atk|1\n|-boost|p2b: Iron Thorns|spe|1\n|move|p1b: Roaring Moon|Breaking Swipe|p2a: Iron Hands|[spread] p2a,p2b\n|-damage|p2a: Iron Hands|83\/100\n|-damage|p2b: Iron Thorns|10\/100\n|-unboost|p2a: Iron Hands|atk|1\n|\n|-fieldend|move: Trick Room\n|upkeep\n|turn|6\n|\n|t:|1683078975\n|move|p1b: Roaring Moon|Breaking Swipe|p2b: Iron Thorns|[spread] p2a,p2b\n|-damage|p2a: Iron Hands|64\/100\n|-damage|p2b: Iron Thorns|0 fnt\n|-unboost|p2a: Iron Hands|atk|1\n|faint|p2b: Iron Thorns\n|-end|p2b: Iron Thorns|Quark Drive|[silent]\n|move|p1a: Robin|Rage Fist|p2a: Iron Hands\n|-damage|p2a: Iron Hands|0 fnt\n|faint|p2a: Iron Hands\n|-end|p2a: Iron Hands|Quark Drive|[silent]\n|\n|upkeep\n|\n|t:|1683078984\n|switch|p2b: Iron Valiant|Iron Valiant, L50|27\/100\n|switch|p2a: Iron Bundle|Iron Bundle, L50|100\/100\n|-enditem|p2a: Iron Bundle|Booster Energy\n|-activate|p2a: Iron Bundle|ability: Quark Drive|[fromitem]\n|-start|p2a: Iron Bundle|quarkdrivespe\n|turn|7\n|inactive|NicoHaxVGC has 30 seconds left.\n|\n|t:|1683079015\n|move|p1a: Robin|Protect|p1a: Robin\n|-singleturn|p1a: Robin|Protect\n|move|p2a: Iron Bundle|Hydro Pump|p1a: Robin\n|-activate|p1a: Robin|move: Protect\n|move|p1b: Roaring Moon|Acrobatics|p2b: Iron Valiant\n|-supereffective|p2b: Iron Valiant\n|-damage|p2b: Iron Valiant|0 fnt\n|faint|p2b: Iron Valiant\n|-end|p2b: Iron Valiant|Quark Drive|[silent]\n|\n|upkeep\n|turn|8\n|\n|t:|1683079029\n|move|p2a: Iron Bundle|Hydro Pump|p1a: Robin\n|-supereffective|p1a: Robin\n|-damage|p1a: Robin|0 fnt\n|faint|p1a: Robin\n|move|p1b: Roaring Moon|Acrobatics|p2a: Iron Bundle\n|-damage|p2a: Iron Bundle|50\/100\n|\n|upkeep\n|turn|9\n|\n|t:|1683079036\n|move|p2a: Iron Bundle|Freeze-Dry|p1b: Roaring Moon\n|-supereffective|p1b: Roaring Moon\n|-damage|p1b: Roaring Moon|24\/100\n|move|p1b: Roaring Moon|Acrobatics|p2a: Iron Bundle\n|-damage|p2a: Iron Bundle|7\/100\n|\n|upkeep\n|turn|10\n|\n|t:|1683079047\n|move|p2a: Iron Bundle|Freeze-Dry|p1b: Roaring Moon\n|-supereffective|p1b: Roaring Moon\n|-damage|p1b: Roaring Moon|0 fnt\n|faint|p1b: Roaring Moon\n|-end|p1b: Roaring Moon|Protosynthesis|[silent]\n|\n|win|huoqiushu233\n|raw|NicoHaxVGC's rating: 1326 → 1312<\/strong> (-14 for losing)\n|raw|huoqiushu233's rating: 1426 → 1440<\/strong> (+14 for winning)\n|l|\u2606huoqiushu233\n","uploadtime":1683079770,"views":11,"p1id":"nicohaxvgc","p2id":"huoqiushu233","formatid":"gen9vgc2023regulationc","rating":1312,"private":0,"password":""}