{"id":"gen9vgc2023regulationc-1846447688","p1":"zDanisty","p2":"SakiVGC","format":"[Gen 9] VGC 2023 Regulation C","log":"|j|\u2606zDanisty\n|j|\u2606SakiVGC\n|t:|1681841638\n|gametype|doubles\n|player|p1|zDanisty|roxie|1094\n|player|p2|SakiVGC|rosa|1068\n|teamsize|p1|6\n|teamsize|p2|6\n|gen|9\n|tier|[Gen 9] VGC 2023 Regulation C\n|rated|\n|rule|Species Clause: Limit one of each Pok\u00e9mon\n|rule|Item Clause: Limit one of each item\n|clearpoke\n|poke|p1|Chi-Yu, L50|\n|poke|p1|Dachsbun, L50, F|\n|poke|p1|Dragonite, L50, F|\n|poke|p1|Flutter Mane, L50|\n|poke|p1|Azumarill, L50, M|\n|poke|p1|Chien-Pao, L50|\n|poke|p2|Gastrodon, L50, F|\n|poke|p2|Dragonite, L50, M|\n|poke|p2|Dondozo, L50, M|\n|poke|p2|Arcanine, L50, M|\n|poke|p2|Chien-Pao, L50|\n|poke|p2|Tatsugiri, L50, F|\n|teampreview|4\n|inactive|Battle timer is ON: inactive players will automatically lose when time's up. (requested by SakiVGC)\n|\n|t:|1681841663\n|start\n|switch|p1a: Chi-Yu|Chi-Yu, L50|100\/100\n|switch|p1b: Dachsbun|Dachsbun, L50, F|100\/100\n|switch|p2a: Dragonite|Dragonite, L50, M|100\/100\n|switch|p2b: Arcanine|Arcanine, L50, M|100\/100\n|-ability|p1a: Chi-Yu|Beads of Ruin\n|-ability|p2b: Arcanine|Intimidate|boost\n|-unboost|p1a: Chi-Yu|atk|1\n|-unboost|p1b: Dachsbun|atk|1\n|turn|1\n|\n|t:|1681841686\n|move|p2b: Arcanine|Protect|p2b: Arcanine\n|-singleturn|p2b: Arcanine|Protect\n|move|p1a: Chi-Yu|Lava Plume|p2a: Dragonite|[spread] p2a\n|-activate|p2b: Arcanine|move: Protect\n|-ability|p1b: Dachsbun|Well-Baked Body|boost\n|-boost|p1b: Dachsbun|def|2\n|-resisted|p2a: Dragonite\n|-damage|p2a: Dragonite|81\/100\n|-status|p2a: Dragonite|brn\n|move|p2a: Dragonite|Earthquake|p1a: Chi-Yu|[spread] p1a,p1b\n|-activate|p2b: Arcanine|move: Protect\n|-supereffective|p1a: Chi-Yu\n|-damage|p1a: Chi-Yu|35\/100\n|-damage|p1b: Dachsbun|91\/100\n|move|p1b: Dachsbun|Yawn|p2b: Arcanine\n|-activate|p2b: Arcanine|move: Protect\n|\n|-heal|p1b: Dachsbun|97\/100|[from] item: Leftovers\n|-damage|p2a: Dragonite|75\/100 brn|[from] brn\n|upkeep\n|turn|2\n|\n|t:|1681841710\n|switch|p2a: Dondozo|Dondozo, L50, M|100\/100\n|move|p2b: Arcanine|Extreme Speed|p1a: Chi-Yu\n|-damage|p1a: Chi-Yu|2\/100\n|move|p1a: Chi-Yu|Lava Plume|p2a: Dondozo|[spread] p2a,p2b\n|-ability|p1b: Dachsbun|Well-Baked Body|boost\n|-boost|p1b: Dachsbun|def|2\n|-resisted|p2a: Dondozo\n|-resisted|p2b: Arcanine\n|-damage|p2a: Dondozo|81\/100\n|-damage|p2b: Arcanine|77\/100\n|move|p1b: Dachsbun|Body Press|p2a: Dondozo\n|-damage|p2a: Dondozo|68\/100\n|\n|-heal|p1b: Dachsbun|100\/100|[from] item: Leftovers\n|upkeep\n|turn|3\n|c|\u2606SakiVGC|you cant be serious rn\n|inactive|SakiVGC has 30 seconds left.\n|c|\u2606zDanisty|hm?\n|c|\u2606zDanisty|about what\n|inactive|SakiVGC has 20 seconds left.\n|c|\u2606SakiVGC|chi yu resisting on 2%\n|inactive|SakiVGC has 15 seconds left.\n|\n|t:|1681841753\n|switch|p2b: Tatsugiri|Tatsugiri, L50, F|100\/100\n|-activate|p2b: Tatsugiri|ability: Commander|[of] p2a: Dondozo\n|-boost|p2a: Dondozo|atk|2\n|-boost|p2a: Dondozo|spa|2\n|-boost|p2a: Dondozo|spe|2\n|-boost|p2a: Dondozo|def|2\n|-boost|p2a: Dondozo|spd|2\n|move|p1a: Chi-Yu|Lava Plume|p2a: Dondozo|[spread] p2a\n|-miss|p1a: Chi-Yu|p2b: Tatsugiri\n|-ability|p1b: Dachsbun|Well-Baked Body|boost\n|-boost|p1b: Dachsbun|def|2\n|-resisted|p2a: Dondozo\n|-crit|p2a: Dondozo\n|-damage|p2a: Dondozo|37\/100\n|-status|p2a: Dondozo|brn\n|-enditem|p2a: Dondozo|Lum Berry|[eat]\n|-curestatus|p2a: Dondozo|brn|[msg]\n|move|p2a: Dondozo|Surf|p1b: Dachsbun|[spread] p1a,p1b\n|-miss|p2a: Dondozo|p2b: Tatsugiri\n|-supereffective|p1a: Chi-Yu\n|-damage|p1a: Chi-Yu|0 fnt\n|-damage|p1b: Dachsbun|43\/100\n|faint|p1a: Chi-Yu\n|move|p1b: Dachsbun|Yawn|p2a: Dondozo\n|-start|p2a: Dondozo|move: Yawn|[of] p1b: Dachsbun\n|\n|-heal|p1b: Dachsbun|49\/100|[from] item: Leftovers\n|upkeep\n|c|\u2606zDanisty|happens\n|c|\u2606zDanisty|low rolls\n|\n|t:|1681841775\n|switch|p1a: Flutter Mane|Flutter Mane, L50|100\/100\n|-enditem|p1a: Flutter Mane|Booster Energy\n|-activate|p1a: Flutter Mane|ability: Protosynthesis|[fromitem]\n|-start|p1a: Flutter Mane|protosynthesisspe\n|turn|4\n|inactive|SakiVGC has 30 seconds left.\n|inactive|SakiVGC has 20 seconds left.\n|inactive|SakiVGC has 15 seconds left.\n|c|\u2606SakiVGC|It's the 5th game in a row I get \"low rolls\" while getting crits, burns, paras etc.\n|inactive|SakiVGC has 10 seconds left.\n|\n|t:|1681841822\n|switch|p1b: Dragonite|Dragonite, L50, F|100\/100\n|move|p1a: Flutter Mane|Perish Song|p1a: Flutter Mane\n|-start|p1a: Flutter Mane|perish3|[silent]\n|-start|p1b: Dragonite|perish3|[silent]\n|-start|p2a: Dondozo|perish3|[silent]\n|-miss|p1a: Flutter Mane|p2b: Tatsugiri\n|-fieldactivate|move: Perish Song\n|move|p2a: Dondozo|Rest|p2a: Dondozo\n|-status|p2a: Dondozo|slp|[from] move: Rest\n|-heal|p2a: Dondozo|100\/100 slp|[silent]\n|\n|-end|p2a: Dondozo|move: Yawn|[silent]\n|-start|p1a: Flutter Mane|perish3\n|-start|p2a: Dondozo|perish3\n|-start|p1b: Dragonite|perish3\n|upkeep\n|turn|5\n|\n|t:|1681841843\n|-end|p1a: Flutter Mane|Protosynthesis|[silent]\n|switch|p1a: Dachsbun|Dachsbun, L50, F|49\/100\n|move|p1b: Dragonite|Extreme Speed|p2a: Dondozo\n|-damage|p2a: Dondozo|90\/100 slp\n|cant|p2a: Dondozo|slp\n|move|p2a: Dondozo|Sleep Talk|p2a: Dondozo\n|move|p2a: Dondozo|Rest||[from]move: Sleep Talk|[still]\n|-fail|p2a: Dondozo\n|\n|-heal|p1a: Dachsbun|55\/100|[from] item: Leftovers\n|-start|p2a: Dondozo|perish2\n|-start|p1b: Dragonite|perish2\n|upkeep\n|turn|6\n|\n|t:|1681841857\n|switch|p1b: Flutter Mane|Flutter Mane, L50|100\/100\n|cant|p2a: Dondozo|slp\n|move|p2a: Dondozo|Sleep Talk|p2a: Dondozo\n|move|p2a: Dondozo|Rest||[from]move: Sleep Talk|[still]\n|-fail|p2a: Dondozo\n|move|p1a: Dachsbun|Wish|p1a: Dachsbun\n|\n|-heal|p1a: Dachsbun|61\/100|[from] item: Leftovers\n|-start|p2a: Dondozo|perish1\n|upkeep\n|turn|7\n|c|\u2606SakiVGC|BRO CMON\n|\n|t:|1681841870\n|move|p1b: Flutter Mane|Protect|p1b: Flutter Mane\n|-singleturn|p1b: Flutter Mane|Protect\n|move|p1a: Dachsbun|Protect|p1a: Dachsbun\n|-singleturn|p1a: Dachsbun|Protect\n|-curestatus|p2a: Dondozo|slp|[msg]\n|move|p2a: Dondozo|Sleep Talk||[still]\n|-fail|p2a: Dondozo\n|\n|-heal|p1a: Dachsbun|100\/100|[from] move: Wish|[wisher] Dachsbun\n|-start|p2a: Dondozo|perish0\n|faint|p2a: Dondozo\n|upkeep\n|c|\u2606zDanisty|unlucky\n|c|\u2606SakiVGC|af\n|c|\u2606zDanisty|but you still have 3 mons\n|inactive|SakiVGC has 30 seconds left.\n|c|\u2606zDanisty|3v3\n|\n|t:|1681841896\n|switch|p2a: Arcanine|Arcanine, L50, M|77\/100\n|-ability|p2a: Arcanine|Intimidate|boost\n|-unboost|p1a: Dachsbun|atk|1\n|-unboost|p1b: Flutter Mane|atk|1\n|turn|8\n|inactive|zDanisty has 30 seconds left.\n|\n|t:|1681841923\n|-end|p1b: Flutter Mane|Protosynthesis|[silent]\n|switch|p1b: Dragonite|Dragonite, L50, F|100\/100\n|move|p2a: Arcanine|Extreme Speed|p1a: Dachsbun\n|-damage|p1a: Dachsbun|81\/100\n|move|p2b: Tatsugiri|Muddy Water|p1a: Dachsbun|[spread] p1a,p1b\n|-resisted|p1b: Dragonite\n|-damage|p1a: Dachsbun|50\/100\n|-damage|p1b: Dragonite|93\/100\n|move|p1a: Dachsbun|Body Press|p2a: Arcanine\n|-damage|p2a: Arcanine|54\/100\n|\n|-heal|p1a: Dachsbun|56\/100|[from] item: Leftovers\n|upkeep\n|turn|9\n|c|\u2606SakiVGC|that's why I didnt quit already\n|inactive|SakiVGC has 30 seconds left.\n|\n|t:|1681841954\n|-terastallize|p2b: Tatsugiri|Water\n|move|p1b: Dragonite|Protect|p1b: Dragonite\n|-singleturn|p1b: Dragonite|Protect\n|move|p2a: Arcanine|Extreme Speed|p1b: Dragonite\n|-activate|p1b: Dragonite|move: Protect\n|move|p2b: Tatsugiri|Muddy Water|p1b: Dragonite|[spread] p1a\n|-activate|p1b: Dragonite|move: Protect\n|-damage|p1a: Dachsbun|19\/100\n|move|p1a: Dachsbun|Yawn|p2b: Tatsugiri\n|-start|p2b: Tatsugiri|move: Yawn|[of] p1a: Dachsbun\n|\n|-heal|p1a: Dachsbun|25\/100|[from] item: Leftovers\n|upkeep\n|turn|10\n|\n|t:|1681841978\n|switch|p1a: Flutter Mane|Flutter Mane, L50|100\/100\n|move|p1b: Dragonite|Extreme Speed|p2a: Arcanine\n|-damage|p2a: Arcanine|19\/100\n|-enditem|p2a: Arcanine|Sitrus Berry|[eat]\n|-heal|p2a: Arcanine|44\/100|[from] item: Sitrus Berry\n|move|p2b: Tatsugiri|Muddy Water|p1b: Dragonite|[spread] p1a,p1b\n|-resisted|p1b: Dragonite\n|-damage|p1a: Flutter Mane|55\/100\n|-damage|p1b: Dragonite|71\/100\n|move|p2a: Arcanine|Will-O-Wisp|p1b: Dragonite\n|-status|p1b: Dragonite|brn\n|\n|-damage|p1b: Dragonite|65\/100 brn|[from] brn\n|-end|p2b: Tatsugiri|move: Yawn|[silent]\n|-status|p2b: Tatsugiri|slp\n|upkeep\n|turn|11\n|c|\u2606SakiVGC|cant drop acc\n|inactive|zDanisty has 30 seconds left.\n|\n|t:|1681842003\n|move|p2a: Arcanine|Protect|p2a: Arcanine\n|-singleturn|p2a: Arcanine|Protect\n|move|p1b: Dragonite|Extreme Speed|p2b: Tatsugiri\n|-damage|p2b: Tatsugiri|70\/100 slp\n|cant|p2b: Tatsugiri|slp\n|move|p1a: Flutter Mane|Perish Song|p1a: Flutter Mane\n|-start|p1a: Flutter Mane|perish3|[silent]\n|-start|p1b: Dragonite|perish3|[silent]\n|-start|p2a: Arcanine|perish3|[silent]\n|-start|p2b: Tatsugiri|perish3|[silent]\n|-fieldactivate|move: Perish Song\n|\n|-damage|p1b: Dragonite|59\/100 brn|[from] brn\n|-start|p2b: Tatsugiri|perish3\n|-start|p1a: Flutter Mane|perish3\n|-start|p2a: Arcanine|perish3\n|-start|p1b: Dragonite|perish3\n|upkeep\n|turn|12\n|\n|t:|1681842021\n|move|p2a: Arcanine|Extreme Speed|p1b: Dragonite\n|-damage|p1b: Dragonite|40\/100 brn\n|move|p1b: Dragonite|Extreme Speed|p2a: Arcanine\n|-damage|p2a: Arcanine|29\/100\n|-curestatus|p2b: Tatsugiri|slp|[msg]\n|move|p2b: Tatsugiri|Muddy Water|p1b: Dragonite|[spread] p1a,p1b\n|-resisted|p1b: Dragonite\n|-damage|p1a: Flutter Mane|11\/100\n|-damage|p1b: Dragonite|19\/100 brn\n|-unboost|p1a: Flutter Mane|accuracy|1\n|move|p1a: Flutter Mane|Dazzling Gleam|p2a: Arcanine|[spread] p2a,p2b\n|-resisted|p2a: Arcanine\n|-damage|p2a: Arcanine|11\/100\n|-damage|p2b: Tatsugiri|30\/100\n|\n|-damage|p1b: Dragonite|14\/100 brn|[from] brn\n|-start|p2b: Tatsugiri|perish2\n|-start|p1a: Flutter Mane|perish2\n|-start|p2a: Arcanine|perish2\n|-start|p1b: Dragonite|perish2\n|upkeep\n|turn|13\n|inactive|zDanisty has 30 seconds left.\n|inactive|SakiVGC has 30 seconds left.\n|inactive|zDanisty has 20 seconds left.\n|inactive|SakiVGC has 20 seconds left.\n|\n|t:|1681842061\n|switch|p2b: Dragonite|Dragonite, L50, M|75\/100 brn\n|-end|p1a: Flutter Mane|Protosynthesis|[silent]\n|switch|p1a: Dachsbun|Dachsbun, L50, F|25\/100\n|move|p2a: Arcanine|Protect|p2a: Arcanine\n|-singleturn|p2a: Arcanine|Protect\n|move|p1b: Dragonite|Protect||[still]\n|-fail|p1b: Dragonite\n|\n|-heal|p1a: Dachsbun|32\/100|[from] item: Leftovers\n|-damage|p2b: Dragonite|69\/100 brn|[from] brn\n|-damage|p1b: Dragonite|8\/100 brn|[from] brn\n|-start|p2a: Arcanine|perish1\n|-start|p1b: Dragonite|perish1\n|upkeep\n|turn|14\n|\n|t:|1681842082\n|switch|p2a: Tatsugiri|Tatsugiri, L50, F, tera:Water|30\/100\n|switch|p1b: Flutter Mane|Flutter Mane, L50|11\/100\n|move|p2b: Dragonite|Iron Head|p1a: Dachsbun\n|-supereffective|p1a: Dachsbun\n|-damage|p1a: Dachsbun|0 fnt\n|faint|p1a: Dachsbun\n|\n|-damage|p2b: Dragonite|63\/100 brn|[from] brn\n|upkeep\n|\n|t:|1681842091\n|switch|p1a: Dragonite|Dragonite, L50, F|8\/100 brn\n|turn|15\n|\n|t:|1681842097\n|move|p1a: Dragonite|Extreme Speed|p2a: Tatsugiri\n|-damage|p2a: Tatsugiri|1\/100\n|move|p2a: Tatsugiri|Muddy Water|p1a: Dragonite|[spread] p1a,p1b\n|-resisted|p1a: Dragonite\n|-damage|p1a: Dragonite|0 fnt\n|-damage|p1b: Flutter Mane|0 fnt\n|faint|p1a: Dragonite\n|faint|p1b: Flutter Mane\n|-end|p1b: Flutter Mane|Protosynthesis|[silent]\n|\n|win|SakiVGC\n|raw|zDanisty's rating: 1094 → 1068<\/strong> (-26 for losing)\n|raw|SakiVGC's rating: 1068 → 1100<\/strong> (+32 for winning)\n|c|\u2606zDanisty|pff\n|c|\u2606zDanisty|1%\n|c|\u2606zDanisty|guess i lucked out\n|c|\u2606SakiVGC|that's ironic\n|c|\u2606zDanisty|gg\n|c|\u2606SakiVGC|well played tho\n|c|\u2606SakiVGC|gg\n|l|\u2606zDanisty\n","uploadtime":1681842122,"views":11,"p1id":"zdanisty","p2id":"sakivgc","formatid":"gen9vgc2023regulationc","rating":1068,"private":0,"password":""}