{"id":"gen9vgc2023regulationc-1852397794","p1":"b(R)2","p2":"JLFalcon","format":"[Gen 9] VGC 2023 Regulation C","log":"|j|\u2606b(R)2\n|j|\u2606JLFalcon\n|t:|1682552651\n|gametype|doubles\n|player|p1|b(R)2|266|1283\n|player|p2|JLFalcon|larry|1326\n|teamsize|p1|6\n|teamsize|p2|6\n|gen|9\n|tier|[Gen 9] VGC 2023 Regulation C\n|rated|\n|rule|Species Clause: Limit one of each Pok\u00e9mon\n|rule|Item Clause: Limit one of each item\n|clearpoke\n|poke|p1|Ting-Lu, L50|\n|poke|p1|Amoonguss, L50, F|\n|poke|p1|Garganacl, L50, M|\n|poke|p1|Arcanine, L50, F|\n|poke|p1|Roaring Moon, L50|\n|poke|p1|Iron Bundle, L50|\n|poke|p2|Gallade, L50, M|\n|poke|p2|Chien-Pao, L50|\n|poke|p2|Dragonite, L50, F|\n|poke|p2|Amoonguss, L50, F|\n|poke|p2|Flutter Mane, L50|\n|poke|p2|Iron Bundle, L50|\n|teampreview|4\nb(R)2 has agreed to open team sheets.\n|c|\u2606JLFalcon|glhf\n|inactive|Battle timer is ON: inactive players will automatically lose when time's up. (requested by JLFalcon)\nJLFalcon has agreed to open team sheets.\n|inactive|b(R)2 has 60 seconds left.\n|\n|t:|1682552706\n|start\n|switch|p1a: Garganacl|Garganacl, L50, M|100\/100\n|switch|p1b: Arcanine|Arcanine, L50, F|100\/100\n|switch|p2a: Flutter Mane|Flutter Mane, L50|100\/100\n|switch|p2b: Iron Bundle|Iron Bundle, L50|100\/100\n|-ability|p1b: Arcanine|Intimidate|boost\n|-unboost|p2a: Flutter Mane|atk|1\n|-unboost|p2b: Iron Bundle|atk|1\n|-enditem|p2b: Iron Bundle|Booster Energy\n|-activate|p2b: Iron Bundle|ability: Quark Drive|[fromitem]\n|-start|p2b: Iron Bundle|quarkdrivespe\n|turn|1\n|\n|t:|1682552731\n|switch|p1b: Ting-Lu|Ting-Lu, L50|100\/100\n|-ability|p1b: Ting-Lu|Vessel of Ruin\n|move|p2b: Iron Bundle|Hydro Pump|p1b: Ting-Lu\n|-supereffective|p1b: Ting-Lu\n|-damage|p1b: Ting-Lu|61\/100\n|move|p2a: Flutter Mane|Moonblast|p1a: Garganacl\n|-damage|p1a: Garganacl|63\/100\n|-unboost|p1a: Garganacl|spa|1\n|move|p1a: Garganacl|Salt Cure|p2b: Iron Bundle\n|-supereffective|p2b: Iron Bundle\n|-damage|p2b: Iron Bundle|67\/100\n|-start|p2b: Iron Bundle|Salt Cure\n|\n|-heal|p1a: Garganacl|69\/100|[from] item: Leftovers\n|-damage|p2b: Iron Bundle|42\/100|[from] Salt Cure\n|upkeep\n|turn|2\n|\n|t:|1682552755\n|-terastallize|p1b: Ting-Lu|Poison\n|move|p2b: Iron Bundle|Hydro Pump|p1b: Ting-Lu|[miss]\n|-miss|p2b: Iron Bundle|p1b: Ting-Lu\n|move|p2a: Flutter Mane|Moonblast|p1b: Ting-Lu\n|-resisted|p1b: Ting-Lu\n|-damage|p1b: Ting-Lu|48\/100\n|move|p1b: Ting-Lu|Heavy Slam|p2a: Flutter Mane\n|-supereffective|p2a: Flutter Mane\n|-damage|p2a: Flutter Mane|0 fnt\n|faint|p2a: Flutter Mane\n|-end|p2a: Flutter Mane|Protosynthesis|[silent]\n|move|p1a: Garganacl|Salt Cure|p2b: Iron Bundle\n|-supereffective|p2b: Iron Bundle\n|-damage|p2b: Iron Bundle|9\/100\n|\n|-heal|p1a: Garganacl|74\/100|[from] item: Leftovers\n|-damage|p2b: Iron Bundle|0 fnt|[from] Salt Cure\n|faint|p2b: Iron Bundle\n|-end|p2b: Iron Bundle|Quark Drive|[silent]\n|upkeep\n|\n|t:|1682552760\n|switch|p2b: Gallade|Gallade, L50, M, shiny|100\/100\n|switch|p2a: Chien-Pao|Chien-Pao, L50|100\/100\n|-ability|p2a: Chien-Pao|Sword of Ruin\n|turn|3\n|\n|t:|1682552778\n|switch|p1b: Arcanine|Arcanine, L50, F|100\/100\n|-ability|p1b: Arcanine|Intimidate|boost\n|-unboost|p2a: Chien-Pao|atk|1\n|-unboost|p2b: Gallade|atk|1\n|move|p1a: Garganacl|Protect|p1a: Garganacl\n|-singleturn|p1a: Garganacl|Protect\n|move|p2b: Gallade|Sacred Sword|p1a: Garganacl\n|-activate|p1a: Garganacl|move: Protect\n|move|p2a: Chien-Pao|Ice Spinner|p1b: Arcanine\n|-resisted|p1b: Arcanine\n|-damage|p1b: Arcanine|83\/100\n|\n|-heal|p1a: Garganacl|80\/100|[from] item: Leftovers\n|upkeep\n|turn|4\n|\n|t:|1682552796\n|switch|p1a: Amoonguss|Amoonguss, L50, F|100\/100\n|move|p2b: Gallade|Sacred Sword|p1b: Arcanine\n|-damage|p1b: Arcanine|27\/100\n|move|p2a: Chien-Pao|Ice Spinner|p1b: Arcanine\n|-resisted|p1b: Arcanine\n|-damage|p1b: Arcanine|10\/100\n|-enditem|p1b: Arcanine|Iapapa Berry|[eat]\n|-heal|p1b: Arcanine|43\/100|[from] item: Iapapa Berry\n|move|p1b: Arcanine|Will-O-Wisp|p2b: Gallade\n|-status|p2b: Gallade|brn\n|\n|-damage|p2b: Gallade|94\/100 brn|[from] brn\n|upkeep\n|turn|5\n|-message|JLFalcon forfeited.\n|\n|win|b(R)2\n|raw|b(R)2's rating: 1283 → 1311<\/strong> (+28 for winning)\n|raw|JLFalcon's rating: 1326 → 1304<\/strong> (-22 for losing)\n|l|\u2606JLFalcon\n","uploadtime":1682552809,"views":21,"p1id":"br2","p2id":"jlfalcon","formatid":"gen9vgc2023regulationc","rating":1304,"private":0,"password":""}