{"id":"gen9vgc2023regulationc-1847132480","p1":"rent_b0i","p2":"haha u rage quit","format":"[Gen 9] VGC 2023 Regulation C","log":"|j|\u2606rent_b0i\n|j|\u2606haha u rage quit\n|t:|1681921741\n|gametype|doubles\n|player|p1|rent_b0i|rood|1147\n|player|p2|haha u rage quit|pokemaniac|1246\n|teamsize|p1|6\n|teamsize|p2|6\n|gen|9\n|tier|[Gen 9] VGC 2023 Regulation C\n|rated|\n|rule|Species Clause: Limit one of each Pok\u00e9mon\n|rule|Item Clause: Limit one of each item\n|clearpoke\n|poke|p1|Wo-Chien, L50|\n|poke|p1|Ting-Lu, L50|\n|poke|p1|Arcanine, L50, F|\n|poke|p1|Garganacl, L50, F|\n|poke|p1|Scream Tail, L50|\n|poke|p1|Gothitelle, L50, F|\n|poke|p2|Garganacl, L50, M|\n|poke|p2|Wo-Chien, L50|\n|poke|p2|Amoonguss, L50, M|\n|poke|p2|Ting-Lu, L50|\n|poke|p2|Dondozo, L50, M|\n|poke|p2|Arcanine, L50, M|\n|teampreview|4\n|c|\u2606rent_b0i|Wow\n|inactive|Battle timer is ON: inactive players will automatically lose when time's up. (requested by rent_b0i)\n|\n|t:|1681921792\n|start\n|switch|p1a: Wo-Chien|Wo-Chien, L50|100\/100\n|switch|p1b: Arcanine|Arcanine, L50, F|100\/100\n|switch|p2a: Dondozo|Dondozo, L50, M|100\/100\n|switch|p2b: Wo-Chien|Wo-Chien, L50|100\/100\n|-ability|p1b: Arcanine|Intimidate|boost\n|-unboost|p2a: Dondozo|atk|1\n|-unboost|p2b: Wo-Chien|atk|1\n|-ability|p1a: Wo-Chien|Tablets of Ruin\n|-ability|p2b: Wo-Chien|Tablets of Ruin\n|turn|1\n|\n|t:|1681921809\n|move|p2b: Wo-Chien|Protect|p2b: Wo-Chien\n|-singleturn|p2b: Wo-Chien|Protect\n|move|p1b: Arcanine|Will-O-Wisp|p2a: Dondozo\n|-status|p2a: Dondozo|brn\n|move|p1a: Wo-Chien|Leech Seed|p2a: Dondozo\n|-start|p2a: Dondozo|move: Leech Seed\n|move|p2a: Dondozo|Fissure|p1a: Wo-Chien\n|-damage|p1a: Wo-Chien|0 fnt\n|faint|p1a: Wo-Chien\n|-ohko\n|\n|-damage|p2a: Dondozo|94\/100 brn|[from] brn\n|upkeep\n|\n|t:|1681921824\n|switch|p1a: Gothitelle|Gothitelle, L50, F|100\/100\n|turn|2\n|\n|t:|1681921842\n|-terastallize|p2b: Wo-Chien|Water\n|move|p1a: Gothitelle|Fake Out|p2b: Wo-Chien\n|-damage|p2b: Wo-Chien|98\/100\n|move|p1b: Arcanine|Will-O-Wisp|p2b: Wo-Chien|[miss]\n|-miss|p1b: Arcanine|p2b: Wo-Chien\n|cant|p2b: Wo-Chien|flinch\n|move|p2a: Dondozo|Fissure|p1b: Arcanine\n|-damage|p1b: Arcanine|0 fnt\n|faint|p1b: Arcanine\n|-ohko\n|\n|-damage|p2a: Dondozo|82\/100 brn|[from] Leech Seed|[of] p1a: Gothitelle\n|-damage|p2a: Dondozo|76\/100 brn|[from] brn\n|upkeep\n|c|\u2606rent_b0i|Um what is happening?\n|\n|t:|1681921864\n|switch|p1b: Scream Tail|Scream Tail, L50|100\/100\n|turn|3\n|\n|t:|1681921870\n|move|p1b: Scream Tail|Disable|p2a: Dondozo\n|-start|p2a: Dondozo|Disable|Fissure\n|move|p2b: Wo-Chien|Pollen Puff|p2a: Dondozo\n|-heal|p2a: Dondozo|100\/100 brn\n|move|p1a: Gothitelle|Hypnosis|p2b: Wo-Chien\n|-status|p2b: Wo-Chien|slp|[from] move: Hypnosis\n|cant|p2a: Dondozo|Disable|Fissure\n|\n|-damage|p2a: Dondozo|88\/100 brn|[from] Leech Seed|[of] p1a: Gothitelle\n|-damage|p2a: Dondozo|82\/100 brn|[from] brn\n|upkeep\n|turn|4\n|inactive|haha u rage quit has 30 seconds left.\n|\n|t:|1681921900\n|move|p1a: Gothitelle|Protect|p1a: Gothitelle\n|-singleturn|p1a: Gothitelle|Protect\n|move|p1b: Scream Tail|Encore|p2a: Dondozo\n|-start|p2a: Dondozo|Encore\n|cant|p2b: Wo-Chien|slp\n|cant|p2a: Dondozo|Disable|Fissure\n|\n|-damage|p2a: Dondozo|69\/100 brn|[from] Leech Seed|[of] p1a: Gothitelle\n|-damage|p2a: Dondozo|63\/100 brn|[from] brn\n|upkeep\n|turn|5\n|c|\u2606rent_b0i|Was that just super lucky or is there some cheese here?\n|inactive|rent_b0i has 30 seconds left.\n|inactive|rent_b0i has 20 seconds left.\n|inactive|rent_b0i has 15 seconds left.\n|inactive|rent_b0i has 10 seconds left.\n|\n|t:|1681921949\n|move|p1b: Scream Tail|Play Rough|p2a: Dondozo\n|-damage|p2a: Dondozo|52\/100 brn\n|-curestatus|p2b: Wo-Chien|slp|[msg]\n|move|p2b: Wo-Chien|Leech Seed|p1b: Scream Tail\n|-start|p1b: Scream Tail|move: Leech Seed\n|-activate|p2a: Dondozo|move: Struggle\n|move|p2a: Dondozo|Struggle|p1a: Gothitelle\n|-damage|p1a: Gothitelle|98\/100\n|-damage|p2a: Dondozo|27\/100 brn|[from] recoil\n|move|p1a: Gothitelle|Trick Room|p1a: Gothitelle\n|-fieldstart|move: Trick Room|[of] p1a: Gothitelle\n|\n|-damage|p2a: Dondozo|15\/100 brn|[from] Leech Seed|[of] p1a: Gothitelle\n|-heal|p1a: Gothitelle|100\/100|[silent]\n|-damage|p1b: Scream Tail|88\/100|[from] Leech Seed|[of] p2b: Wo-Chien\n|-heal|p2b: Wo-Chien|100\/100|[silent]\n|-damage|p2a: Dondozo|9\/100 brn|[from] brn\n|upkeep\n|-enditem|p2a: Dondozo|Aguav Berry|[eat]\n|-heal|p2a: Dondozo|42\/100 brn|[from] item: Aguav Berry\n|turn|6\n|inactive|rent_b0i has 30 seconds left.\n|\n|t:|1681921976\n|-activate|p2a: Dondozo|move: Struggle\n|move|p2a: Dondozo|Struggle|p1a: Gothitelle\n|-damage|p1a: Gothitelle|98\/100\n|-damage|p2a: Dondozo|17\/100 brn|[from] recoil\n|move|p1a: Gothitelle|Hypnosis|p2b: Wo-Chien\n|-status|p2b: Wo-Chien|slp|[from] move: Hypnosis\n|cant|p2b: Wo-Chien|slp\n|move|p1b: Scream Tail|Encore|p2b: Wo-Chien\n|-start|p2b: Wo-Chien|Encore\n|\n|-damage|p2a: Dondozo|4\/100 brn|[from] Leech Seed|[of] p1a: Gothitelle\n|-heal|p1a: Gothitelle|100\/100|[silent]\n|-damage|p1b: Scream Tail|76\/100|[from] Leech Seed|[of] p2b: Wo-Chien\n|-damage|p2a: Dondozo|0 fnt|[from] brn\n|faint|p2a: Dondozo\n|upkeep\n|inactive|haha u rage quit has 30 seconds left.\n|\n|t:|1681922006\n|switch|p2a: Ting-Lu|Ting-Lu, L50|100\/100\n|-ability|p2a: Ting-Lu|Vessel of Ruin\n|turn|7\n|\n|t:|1681922017\n|move|p2a: Ting-Lu|Heavy Slam|p1b: Scream Tail\n|-supereffective|p1b: Scream Tail\n|-damage|p1b: Scream Tail|45\/100\n|move|p1a: Gothitelle|Hypnosis|p2a: Ting-Lu\n|-status|p2a: Ting-Lu|slp|[from] move: Hypnosis\n|-curestatus|p2b: Wo-Chien|slp|[msg]\n|move|p2b: Wo-Chien|Leech Seed|p1a: Gothitelle\n|-start|p1a: Gothitelle|move: Leech Seed\n|move|p1b: Scream Tail|Play Rough|p2a: Ting-Lu\n|-supereffective|p2a: Ting-Lu\n|-damage|p2a: Ting-Lu|81\/100 slp\n|\n|-damage|p1a: Gothitelle|88\/100|[from] Leech Seed|[of] p2b: Wo-Chien\n|-damage|p1b: Scream Tail|32\/100|[from] Leech Seed|[of] p2b: Wo-Chien\n|upkeep\n|turn|8\n|inactive|haha u rage quit has 30 seconds left.\n|\n|t:|1681922049\n|cant|p2a: Ting-Lu|slp\n|move|p1a: Gothitelle|Hypnosis|p2b: Wo-Chien\n|-status|p2b: Wo-Chien|slp|[from] move: Hypnosis\n|cant|p2b: Wo-Chien|slp\n|move|p1b: Scream Tail|Disable|p2b: Wo-Chien\n|-start|p2b: Wo-Chien|Disable|Leech Seed\n|\n|-damage|p1a: Gothitelle|76\/100|[from] Leech Seed|[of] p2b: Wo-Chien\n|-damage|p1b: Scream Tail|20\/100|[from] Leech Seed|[of] p2b: Wo-Chien\n|upkeep\n|turn|9\n|inactive|rent_b0i has 30 seconds left.\n|inactive|rent_b0i has 20 seconds left.\n|inactive|rent_b0i has 15 seconds left.\n|inactive|rent_b0i has 10 seconds left.\n|inactive|rent_b0i has 5 seconds left.\n|\n|t:|1681922104\n|move|p1a: Gothitelle|Fake Out||[still]\n|-hint|Fake Out only works on your first turn out.\n|-fail|p1a: Gothitelle\n|-curestatus|p2a: Ting-Lu|slp|[msg]\n|move|p2a: Ting-Lu|Sand Tomb|p1b: Scream Tail\n|-damage|p1b: Scream Tail|12\/100\n|-activate|p1b: Scream Tail|move: Sand Tomb|[of] p2a: Ting-Lu\n|cant|p2b: Wo-Chien|slp\n|move|p1b: Scream Tail|Disable||[still]\n|-fail|p1b: Scream Tail\n|\n|-damage|p1a: Gothitelle|63\/100|[from] Leech Seed|[of] p2b: Wo-Chien\n|-damage|p1b: Scream Tail|0 fnt|[from] Leech Seed|[of] p2b: Wo-Chien\n|faint|p1b: Scream Tail\n|-end|p1b: Scream Tail|Protosynthesis|[silent]\n|-end|p2b: Wo-Chien|Encore\n|-fieldend|move: Trick Room\n|upkeep\n|turn|10\n|inactive|rent_b0i has 30 seconds left.\n|inactive|rent_b0i has 20 seconds left.\n|inactive|rent_b0i has 15 seconds left.\n|inactive|rent_b0i has 10 seconds left.\n|inactive|rent_b0i has 5 seconds left.\n|\n|t:|1681922160\n|move|p1a: Gothitelle|Fake Out||[still]\n|-hint|Fake Out only works on your first turn out.\n|-fail|p1a: Gothitelle\n|-curestatus|p2b: Wo-Chien|slp|[msg]\n|move|p2b: Wo-Chien|Pollen Puff|p2a: Ting-Lu\n|-heal|p2a: Ting-Lu|100\/100\n|move|p2a: Ting-Lu|Sand Tomb|p1a: Gothitelle\n|-damage|p1a: Gothitelle|55\/100\n|-activate|p1a: Gothitelle|move: Sand Tomb|[of] p2a: Ting-Lu\n|\n|-damage|p1a: Gothitelle|42\/100|[from] Leech Seed|[of] p2b: Wo-Chien\n|-damage|p1a: Gothitelle|30\/100|[from] move: Sand Tomb|[partiallytrapped]\n|upkeep\n|-enditem|p1a: Gothitelle|Sitrus Berry|[eat]\n|-heal|p1a: Gothitelle|55\/100|[from] item: Sitrus Berry\n|turn|11\n|inactive|rent_b0i has 30 seconds left.\n|inactive|rent_b0i has 20 seconds left.\n|inactive|rent_b0i has 15 seconds left.\n|inactive|rent_b0i has 10 seconds left.\n|inactive|rent_b0i has 5 seconds left.\n|\n|t:|1681922215\n|move|p1a: Gothitelle|Fake Out||[still]\n|-hint|Fake Out only works on your first turn out.\n|-fail|p1a: Gothitelle\n|move|p2b: Wo-Chien|Ruination|p1a: Gothitelle\n|-damage|p1a: Gothitelle|28\/100\n|move|p2a: Ting-Lu|Fissure|p1a: Gothitelle|[miss]\n|-miss|p2a: Ting-Lu|p1a: Gothitelle\n|\n|-damage|p1a: Gothitelle|15\/100|[from] Leech Seed|[of] p2b: Wo-Chien\n|-damage|p1a: Gothitelle|3\/100|[from] move: Sand Tomb|[partiallytrapped]\n|upkeep\n|turn|12\n|inactive|rent_b0i has 30 seconds left.\n|inactive|rent_b0i has 20 seconds left.\n|inactive|rent_b0i has 15 seconds left.\n|inactive|rent_b0i has 10 seconds left.\n|inactive|rent_b0i has 5 seconds left.\n|\n|t:|1681922270\n|move|p1a: Gothitelle|Fake Out||[still]\n|-hint|Fake Out only works on your first turn out.\n|-fail|p1a: Gothitelle\n|move|p2b: Wo-Chien|Pollen Puff|p1a: Gothitelle\n|-supereffective|p1a: Gothitelle\n|-damage|p1a: Gothitelle|0 fnt\n|faint|p1a: Gothitelle\n|\n|win|haha u rage quit\n|inactive|rent_b0i has 25 seconds left this turn.\n|raw|rent_b0i's rating: 1147 → 1129<\/strong> (-18 for losing)\n|raw|haha u rage quit's rating: 1246 → 1264<\/strong> (+18 for winning)\n","uploadtime":1681922286,"views":9,"p1id":"rentb0i","p2id":"hahauragequit","formatid":"gen9vgc2023regulationc","rating":1129,"private":0,"password":""}