{"id":"gen9vgc2023regulationc-1851379394","p1":"FerdiVGC","p2":"mythical weavile","format":"[Gen 9] VGC 2023 Regulation C","log":"|j|\u2606FerdiVGC\n|j|\u2606mythical weavile\n|t:|1682440392\n|gametype|doubles\n|player|p1|FerdiVGC|169|1325\n|player|p2|mythical weavile|169|1392\n|teamsize|p1|6\n|teamsize|p2|6\n|gen|9\n|tier|[Gen 9] VGC 2023 Regulation C\n|rated|\n|rule|Species Clause: Limit one of each Pok\u00e9mon\n|rule|Item Clause: Limit one of each item\n|clearpoke\n|poke|p1|Vivillon, L50, F|\n|poke|p1|Cetitan, L50, F|\n|poke|p1|Flutter Mane, L50|\n|poke|p1|Klefki, L50, F|\n|poke|p1|Hydreigon, L50, F|\n|poke|p1|Kingambit, L50, M|\n|poke|p2|Dondozo, L50, F|\n|poke|p2|Tatsugiri, L50, F|\n|poke|p2|Flutter Mane, L50|\n|poke|p2|Glimmora, L50, F|\n|poke|p2|Chi-Yu, L50|\n|poke|p2|Iron Bundle, L50|\n|teampreview|4\n|inactive|Battle timer is ON: inactive players will automatically lose when time's up. (requested by mythical weavile)\n|\n|t:|1682440423\n|start\n|switch|p1a: Hydreigon|Hydreigon, L50, F|100\/100\n|switch|p1b: Klefki|Klefki, L50, F|100\/100\n|switch|p2a: Chi-Yu|Chi-Yu, L50|100\/100\n|switch|p2b: Iron Bundle|Iron Bundle, L50|100\/100\n|-ability|p2a: Chi-Yu|Beads of Ruin\n|-enditem|p2b: Iron Bundle|Booster Energy\n|-activate|p2b: Iron Bundle|ability: Quark Drive|[fromitem]\n|-start|p2b: Iron Bundle|quarkdrivespe\n|turn|1\n|\n|t:|1682440439\n|-terastallize|p1a: Hydreigon|Poison\n|move|p1b: Klefki|Light Screen|p1b: Klefki\n|-sidestart|p1: FerdiVGC|move: Light Screen\n|move|p2b: Iron Bundle|Freeze-Dry|p1a: Hydreigon\n|-damage|p1a: Hydreigon|67\/100\n|-status|p1a: Hydreigon|frz\n|move|p2a: Chi-Yu|Heat Wave|p1b: Klefki|[spread] p1a,p1b\n|-supereffective|p1b: Klefki\n|-damage|p1a: Hydreigon|33\/100 frz\n|-damage|p1b: Klefki|32\/100\n|-status|p1b: Klefki|brn\n|-curestatus|p1a: Hydreigon|frz|[msg]\n|move|p1a: Hydreigon|Focus Energy|p1a: Hydreigon\n|-start|p1a: Hydreigon|move: Focus Energy\n|\n|-damage|p1b: Klefki|26\/100 brn|[from] brn\n|upkeep\n|turn|2\n|inactive|FerdiVGC has 30 seconds left.\n|\n|t:|1682440465\n|move|p1a: Hydreigon|Protect|p1a: Hydreigon\n|-singleturn|p1a: Hydreigon|Protect\n|move|p1b: Klefki|Reflect|p1b: Klefki\n|-sidestart|p1: FerdiVGC|Reflect\n|move|p2b: Iron Bundle|Freeze-Dry|p1a: Hydreigon\n|-activate|p1a: Hydreigon|move: Protect\n|move|p2a: Chi-Yu|Heat Wave|p1a: Hydreigon|[spread] p1b\n|-activate|p1a: Hydreigon|move: Protect\n|-supereffective|p1b: Klefki\n|-damage|p1b: Klefki|0 fnt\n|faint|p1b: Klefki\n|\n|upkeep\n|\n|t:|1682440481\n|switch|p1b: Vivillon|Vivillon, L50, F|100\/100\n|turn|3\n|\n|t:|1682440492\n|move|p1b: Vivillon|Protect|p1b: Vivillon\n|-singleturn|p1b: Vivillon|Protect\n|move|p2b: Iron Bundle|Icy Wind|p1b: Vivillon|[spread] p1a\n|-activate|p1b: Vivillon|move: Protect\n|-damage|p1a: Hydreigon|18\/100\n|-unboost|p1a: Hydreigon|spe|1\n|move|p2a: Chi-Yu|Heat Wave|p1a: Hydreigon|[spread] p1a\n|-activate|p1b: Vivillon|move: Protect\n|-damage|p1a: Hydreigon|0 fnt\n|faint|p1a: Hydreigon\n|\n|upkeep\n|\n|t:|1682440504\n|switch|p1a: Flutter Mane|Flutter Mane, L50|100\/100\n|-enditem|p1a: Flutter Mane|Booster Energy\n|-activate|p1a: Flutter Mane|ability: Protosynthesis|[fromitem]\n|-start|p1a: Flutter Mane|protosynthesisspa\n|turn|4\n|\n|t:|1682440513\n|move|p2b: Iron Bundle|Icy Wind|p1a: Flutter Mane|[spread] p1a,p1b\n|-supereffective|p1b: Vivillon\n|-damage|p1a: Flutter Mane|88\/100\n|-damage|p1b: Vivillon|26\/100\n|-unboost|p1a: Flutter Mane|spe|1\n|-unboost|p1b: Vivillon|spe|1\n|move|p2a: Chi-Yu|Heat Wave|p1a: Flutter Mane|[spread] p1a,p1b\n|-supereffective|p1b: Vivillon\n|-damage|p1a: Flutter Mane|65\/100\n|-damage|p1b: Vivillon|0 fnt\n|faint|p1b: Vivillon\n|move|p1a: Flutter Mane|Dazzling Gleam|p2a: Chi-Yu|[spread] p2a,p2b\n|-damage|p2a: Chi-Yu|51\/100\n|-damage|p2b: Iron Bundle|0 fnt\n|faint|p2b: Iron Bundle\n|-end|p2b: Iron Bundle|Quark Drive|[silent]\n|\n|upkeep\n|\n|t:|1682440525\n|switch|p2b: Dondozo|Dondozo, L50, F|100\/100\n|turn|5\n|\n|t:|1682440532\n|switch|p2a: Tatsugiri|Tatsugiri, L50, F|100\/100\n|-activate|p2a: Tatsugiri|ability: Commander|[of] p2b: Dondozo\n|-boost|p2b: Dondozo|atk|2\n|-boost|p2b: Dondozo|spa|2\n|-boost|p2b: Dondozo|spe|2\n|-boost|p2b: Dondozo|def|2\n|-boost|p2b: Dondozo|spd|2\n|move|p2b: Dondozo|Wave Crash|p1a: Flutter Mane\n|-damage|p1a: Flutter Mane|0 fnt\n|faint|p1a: Flutter Mane\n|-end|p1a: Flutter Mane|Protosynthesis|[silent]\n|-damage|p2b: Dondozo|86\/100|[from] Recoil\n|\n|win|mythical weavile\n|raw|FerdiVGC's rating: 1325 → 1309<\/strong> (-16 for losing)\n|raw|mythical weavile's rating: 1392 → 1408<\/strong> (+16 for winning)\n|l|\u2606FerdiVGC\n","uploadtime":1682440621,"views":10,"p1id":"ferdivgc","p2id":"mythicalweavile","formatid":"gen9vgc2023regulationc","rating":1309,"private":0,"password":""}