{"id":"gen9vgc2023regulationc-1860039830","p1":"nwaggie","p2":"glitchy_potat","format":"[Gen 9] VGC 2023 Regulation C","log":"|j|\u2606nwaggie\n|j|\u2606glitchy_potat\n|t:|1683588168\n|gametype|doubles\n|player|p1|nwaggie|101|1337\n|player|p2|glitchy_potat|nate|1348\n|teamsize|p1|6\n|teamsize|p2|6\n|gen|9\n|tier|[Gen 9] VGC 2023 Regulation C\n|rated|\n|rule|Species Clause: Limit one of each Pok\u00e9mon\n|rule|Item Clause: Limit one of each item\n|clearpoke\n|poke|p1|Garchomp, L50, F|\n|poke|p1|Murkrow, L50, F|\n|poke|p1|Gholdengo, L50|\n|poke|p1|Glimmora, L50, M|\n|poke|p1|Maushold, L50|\n|poke|p1|Annihilape, L50, F|\n|poke|p2|Palafin, L50, M|\n|poke|p2|Dragonite, L50, M|\n|poke|p2|Arcanine, L50, M|\n|poke|p2|Brute Bonnet, L50|\n|poke|p2|Flutter Mane, L50|\n|poke|p2|Chien-Pao, L50|\n|teampreview|4\n|inactive|Battle timer is ON: inactive players will automatically lose when time's up. (requested by glitchy_potat)\nnwaggie has agreed to open team sheets.\nglitchy_potat has agreed to open team sheets.\n|\n|t:|1683588187\n|start\n|switch|p1a: Maushold|Maushold, L50|100\/100\n|switch|p1b: Annihilape|Annihilape, L50, F|100\/100\n|switch|p2a: Flutter Mane|Flutter Mane, L50|100\/100\n|switch|p2b: Brute Bonnet|Brute Bonnet, L50|100\/100\n|-enditem|p2a: Flutter Mane|Booster Energy\n|-activate|p2a: Flutter Mane|ability: Protosynthesis|[fromitem]\n|-start|p2a: Flutter Mane|protosynthesisspe\n|turn|1\n|inactive|nwaggie has 30 seconds left.\n|inactive|glitchy_potat has 30 seconds left.\n|\n|t:|1683588214\n|-terastallize|p1b: Annihilape|Steel\n|move|p1a: Maushold|Follow Me|p1a: Maushold\n|-singleturn|p1a: Maushold|move: Follow Me\n|move|p2a: Flutter Mane|Substitute|p2a: Flutter Mane\n|-start|p2a: Flutter Mane|Substitute\n|-damage|p2a: Flutter Mane|76\/100\n|move|p1b: Annihilape|Drain Punch|p2b: Brute Bonnet\n|-supereffective|p2b: Brute Bonnet\n|-damage|p2b: Brute Bonnet|45\/100\n|-damage|p1b: Annihilape|84\/100|[from] item: Rocky Helmet|[of] p2b: Brute Bonnet\n|move|p2b: Brute Bonnet|Seed Bomb|p1a: Maushold\n|-damage|p1a: Maushold|42\/100\n|\n|-heal|p1b: Annihilape|90\/100|[from] item: Leftovers\n|upkeep\n|turn|2\n|inactive|nwaggie has 30 seconds left.\n|inactive|glitchy_potat has 30 seconds left.\n|inactive|glitchy_potat has 20 seconds left.\n|\n|t:|1683588253\n|move|p2a: Flutter Mane|Dazzling Gleam|p1b: Annihilape|[spread] p1a,p1b\n|-resisted|p1b: Annihilape\n|-damage|p1a: Maushold|14\/100\n|-damage|p1b: Annihilape|80\/100\n|move|p1a: Maushold|Beat Up|p1b: Annihilape\n|-damage|p1b: Annihilape|78\/100\n|-damage|p1b: Annihilape|76\/100\n|-damage|p1b: Annihilape|74\/100\n|-damage|p1b: Annihilape|73\/100\n|-hitcount|p1b: Annihilape|4\n|move|p1b: Annihilape|Rage Fist|p2a: Flutter Mane\n|-supereffective|p2a: Flutter Mane\n|-end|p2a: Flutter Mane|Substitute\n|move|p2b: Brute Bonnet|Spore|p1b: Annihilape\n|-status|p1b: Annihilape|slp|[from] move: Spore\n|\n|-heal|p1b: Annihilape|79\/100 slp|[from] item: Leftovers\n|upkeep\n|turn|3\n|\n|t:|1683588278\n|switch|p1a: Gholdengo|Gholdengo, L50|100\/100\n|move|p2b: Brute Bonnet|Sucker Punch|p1b: Annihilape\n|-damage|p1b: Annihilape|37\/100 slp\n|move|p2a: Flutter Mane|Dazzling Gleam|p1b: Annihilape|[spread] p1a,p1b\n|-resisted|p1a: Gholdengo\n|-resisted|p1b: Annihilape\n|-damage|p1a: Gholdengo|83\/100\n|-damage|p1b: Annihilape|25\/100 slp\n|cant|p1b: Annihilape|slp\n|\n|-heal|p1b: Annihilape|31\/100 slp|[from] item: Leftovers\n|upkeep\n|turn|4\n|\n|t:|1683588299\n|-curestatus|p1b: Annihilape|slp|[msg]\n|move|p1b: Annihilape|Protect|p1b: Annihilape\n|-singleturn|p1b: Annihilape|Protect\n|move|p2b: Brute Bonnet|Sucker Punch|p1a: Gholdengo\n|-supereffective|p1a: Gholdengo\n|-damage|p1a: Gholdengo|0 fnt\n|faint|p1a: Gholdengo\n|move|p2a: Flutter Mane|Shadow Ball|p1b: Annihilape\n|-activate|p1b: Annihilape|move: Protect\n|\n|-heal|p1b: Annihilape|37\/100|[from] item: Leftovers\n|upkeep\n|\n|t:|1683588307\n|switch|p1a: Maushold|Maushold, L50|14\/100\n|turn|5\n|inactive|glitchy_potat has 30 seconds left.\n|\n|t:|1683588333\n|-terastallize|p2b: Brute Bonnet|Fire\n|move|p1a: Maushold|Follow Me|p1a: Maushold\n|-singleturn|p1a: Maushold|move: Follow Me\n|move|p2a: Flutter Mane|Dazzling Gleam|p1b: Annihilape|[spread] p1a,p1b\n|-resisted|p1b: Annihilape\n|-damage|p1a: Maushold|0 fnt\n|-damage|p1b: Annihilape|27\/100\n|faint|p1a: Maushold\n|move|p1b: Annihilape|Drain Punch|p2b: Brute Bonnet\n|-damage|p2b: Brute Bonnet|15\/100\n|-heal|p1b: Annihilape|43\/100|[from] drain|[of] p2b: Brute Bonnet\n|-damage|p1b: Annihilape|26\/100|[from] item: Rocky Helmet|[of] p2b: Brute Bonnet\n|move|p2b: Brute Bonnet|Spore|p1b: Annihilape\n|-status|p1b: Annihilape|slp|[from] move: Spore\n|\n|-heal|p1b: Annihilape|32\/100 slp|[from] item: Leftovers\n|upkeep\n|\n|t:|1683588345\n|switch|p1a: Glimmora|Glimmora, L50, M|100\/100\n|turn|6\n|\n|t:|1683588363\n|cant|p1b: Annihilape|slp\n|move|p2b: Brute Bonnet|Sucker Punch|p1a: Glimmora\n|-damage|p1a: Glimmora|55\/100\n|-activate|p1a: Glimmora|ability: Toxic Debris\n|-sidestart|p2: glitchy_potat|move: Toxic Spikes\n|move|p2a: Flutter Mane|Shadow Ball|p1a: Glimmora\n|-crit|p1a: Glimmora\n|-damage|p1a: Glimmora|0 fnt\n|faint|p1a: Glimmora\n|\n|-heal|p1b: Annihilape|38\/100 slp|[from] item: Leftovers\n|upkeep\n|turn|7\n|\n|t:|1683588383\n|move|p2b: Brute Bonnet|Sucker Punch|p1b: Annihilape\n|-damage|p1b: Annihilape|0 fnt\n|faint|p1b: Annihilape\n|\n|win|glitchy_potat\n|raw|nwaggie's rating: 1337 → 1318<\/strong> (-19 for losing)\n|raw|glitchy_potat's rating: 1348 → 1367<\/strong> (+19 for winning)\n","uploadtime":1683588393,"views":12,"p1id":"nwaggie","p2id":"glitchypotat","formatid":"gen9vgc2023regulationc","rating":1318,"private":0,"password":""}