{"id":"gen9vgc2023regulationc-1858492221","p1":"DarthIgnus","p2":"walkin.steele","format":"[Gen 9] VGC 2023 Regulation C","log":"|j|\u2606DarthIgnus\n|j|\u2606walkin.steele\n|t:|1683317711\n|gametype|doubles\n|player|p1|DarthIgnus|dragontamer|1307\n|player|p2|walkin.steele|blue|1245\n|teamsize|p1|6\n|teamsize|p2|6\n|gen|9\n|tier|[Gen 9] VGC 2023 Regulation C\n|rated|\n|rule|Species Clause: Limit one of each Pok\u00e9mon\n|rule|Item Clause: Limit one of each item\n|clearpoke\n|poke|p1|Arcanine, L50, F|\n|poke|p1|Amoonguss, L50, M|\n|poke|p1|Palafin, L50, M|\n|poke|p1|Kingambit, L50, M|\n|poke|p1|Dragonite, L50, M|\n|poke|p1|Flutter Mane, L50|\n|poke|p2|Chien-Pao, L50|\n|poke|p2|Dragapult, L50, M|\n|poke|p2|Scream Tail, L50|\n|poke|p2|Slither Wing, L50|\n|poke|p2|Tatsugiri, L50, M|\n|poke|p2|Dondozo, L50, M|\n|teampreview|4\nDarthIgnus has agreed to open team sheets.\n|inactive|Battle timer is ON: inactive players will automatically lose when time's up. (requested by walkin.steele)\nwalkin.steele rejected open team sheets.\n|\n|t:|1683317768\n|start\n|switch|p1a: Arcanine|Arcanine, L50, F|100\/100\n|switch|p1b: Kingambit|Kingambit, L50, M|100\/100\n|switch|p2a: Ariana|Scream Tail, L50|100\/100\n|switch|p2b: Nighthawk|Dragapult, L50, M|100\/100\n|-ability|p1a: Arcanine|Intimidate|boost\n|-unboost|p2a: Ariana|atk|1\n|-fail|p2b: Nighthawk|unboost|[from] ability: Clear Body|[of] p2b: Nighthawk\n|-enditem|p2a: Ariana|Booster Energy\n|-activate|p2a: Ariana|ability: Protosynthesis|[fromitem]\n|-start|p2a: Ariana|protosynthesisspe\n|turn|1\n|inactive|DarthIgnus has 30 seconds left.\n|inactive|walkin.steele has 30 seconds left.\n|\n|t:|1683317799\n|move|p1b: Kingambit|Protect|p1b: Kingambit\n|-singleturn|p1b: Kingambit|Protect\n|move|p2a: Ariana|Howl|p2a: Ariana|[spread] p2a,p2b\n|-boost|p2a: Ariana|atk|1\n|-boost|p2b: Nighthawk|atk|1\n|move|p2b: Nighthawk|Phantom Force||[still]\n|-prepare|p2b: Nighthawk|Phantom Force\n|move|p1a: Arcanine|Howl|p1a: Arcanine|[spread] p1a,p1b\n|-boost|p1a: Arcanine|atk|1\n|-boost|p1b: Kingambit|atk|1\n|\n|upkeep\n|turn|2\n|\n|t:|1683317812\n|switch|p1a: Amoonguss|Amoonguss, L50, M|100\/100\n|move|p2a: Ariana|Encore|p1b: Kingambit\n|-start|p1b: Kingambit|Encore\n|move|p2b: Nighthawk|Phantom Force|p1a: Amoonguss|[from]lockedmove\n|-damage|p1a: Amoonguss|11\/100\n|-enditem|p1a: Amoonguss|Sitrus Berry|[eat]\n|-heal|p1a: Amoonguss|36\/100|[from] item: Sitrus Berry\n|move|p1b: Kingambit|Protect||[still]\n|-fail|p1b: Kingambit\n|\n|upkeep\n|turn|3\n|inactive|DarthIgnus has 30 seconds left.\n|inactive|DarthIgnus has 20 seconds left.\n|\n|t:|1683317851\n|switch|p1b: Arcanine|Arcanine, L50, F|100\/100\n|-ability|p1b: Arcanine|Intimidate|boost\n|-unboost|p2a: Ariana|atk|1\n|-fail|p2b: Nighthawk|unboost|[from] ability: Clear Body|[of] p2b: Nighthawk\n|switch|p1a: Flutter Mane|Flutter Mane, L50|100\/100\n|-enditem|p1a: Flutter Mane|Booster Energy\n|-activate|p1a: Flutter Mane|ability: Protosynthesis|[fromitem]\n|-start|p1a: Flutter Mane|protosynthesisspa\n|move|p2a: Ariana|Howl|p2a: Ariana|[spread] p2a,p2b\n|-boost|p2a: Ariana|atk|1\n|-boost|p2b: Nighthawk|atk|1\n|move|p2b: Nighthawk|Phantom Force||[still]\n|-prepare|p2b: Nighthawk|Phantom Force\n|\n|upkeep\n|turn|4\n|\n|t:|1683317871\n|-end|p1a: Flutter Mane|Protosynthesis|[silent]\n|switch|p1a: Kingambit|Kingambit, L50, M|100\/100\n|move|p2a: Ariana|Howl|p2a: Ariana|[spread] p2a\n|-miss|p2a: Ariana|p2b: Nighthawk\n|-boost|p2a: Ariana|atk|1\n|move|p2b: Nighthawk|Phantom Force|p1a: Kingambit|[from]lockedmove\n|-resisted|p1a: Kingambit\n|-damage|p1a: Kingambit|55\/100\n|move|p1b: Arcanine|Will-O-Wisp|p2b: Nighthawk\n|-status|p2b: Nighthawk|brn\n|\n|-damage|p2b: Nighthawk|94\/100 brn|[from] brn\n|upkeep\n|turn|5\n|inactive|walkin.steele has 30 seconds left.\n|\n|t:|1683317897\n|switch|p2b: Tatsugiri|Tatsugiri, L50, M|100\/100\n|move|p1b: Arcanine|Extreme Speed|p2a: Ariana\n|-damage|p2a: Ariana|84\/100\n|move|p1a: Kingambit|Sucker Punch||[still]\n|-fail|p1a: Kingambit\n|move|p2a: Ariana|Play Rough|p1a: Kingambit\n|-damage|p1a: Kingambit|30\/100\n|\n|upkeep\n|turn|6\n|\n|t:|1683317924\n|switch|p2b: Nighthawk|Dragapult, L50, M|94\/100 brn\n|switch|p1a: Amoonguss|Amoonguss, L50, M|69\/100\n|-terastallize|p1b: Arcanine|Water\n|move|p2a: Ariana|Disable||[still]\n|-fail|p2a: Ariana\n|move|p1b: Arcanine|Will-O-Wisp|p2a: Ariana\n|-status|p2a: Ariana|brn\n|\n|-damage|p2a: Ariana|78\/100 brn|[from] brn\n|-damage|p2b: Nighthawk|88\/100 brn|[from] brn\n|upkeep\n|turn|7\n|\n|t:|1683317949\n|switch|p1b: Kingambit|Kingambit, L50, M|30\/100\n|move|p2a: Ariana|Howl|p2a: Ariana|[spread] p2a,p2b\n|-boost|p2a: Ariana|atk|1\n|-boost|p2b: Nighthawk|atk|1\n|move|p2b: Nighthawk|Dragon Darts|p1a: Amoonguss\n|-damage|p1a: Amoonguss|45\/100\n|-anim|p2b: Nighthawk|Dragon Darts|p1b: Kingambit\n|-resisted|p1b: Kingambit\n|-damage|p1b: Kingambit|19\/100\n|move|p1a: Amoonguss|Pollen Puff|p1b: Kingambit\n|-heal|p1b: Kingambit|69\/100\n|\n|-damage|p2a: Ariana|72\/100 brn|[from] brn\n|-damage|p2b: Nighthawk|82\/100 brn|[from] brn\n|upkeep\n|turn|8\n|inactive|DarthIgnus has 30 seconds left.\n|inactive|walkin.steele has 30 seconds left.\n|\n|t:|1683317983\n|switch|p1a: Flutter Mane|Flutter Mane, L50|100\/100\n|-terastallize|p2b: Nighthawk|Steel\n|move|p1b: Kingambit|Sucker Punch|p2b: Nighthawk\n|-damage|p2b: Nighthawk|26\/100 brn\n|move|p2a: Ariana|Howl|p2a: Ariana|[spread] p2a,p2b\n|-boost|p2a: Ariana|atk|1\n|-boost|p2b: Nighthawk|atk|1\n|move|p2b: Nighthawk|Dragon Darts|p1b: Kingambit\n|-resisted|p1b: Kingambit\n|-damage|p1b: Kingambit|56\/100\n|-anim|p2b: Nighthawk|Dragon Darts|p1b: Kingambit\n|-resisted|p1b: Kingambit\n|-damage|p1b: Kingambit|43\/100\n|\n|-damage|p2a: Ariana|66\/100 brn|[from] brn\n|-damage|p2b: Nighthawk|20\/100 brn|[from] brn\n|upkeep\n|turn|9\n|inactive|DarthIgnus has 30 seconds left.\n|\n|t:|1683318012\n|move|p1b: Kingambit|Sucker Punch|p2b: Nighthawk\n|-damage|p2b: Nighthawk|0 fnt\n|faint|p2b: Nighthawk\n|move|p2a: Ariana|Disable|p1b: Kingambit\n|-start|p1b: Kingambit|Disable|Sucker Punch\n|move|p1a: Flutter Mane|Shadow Ball|p2a: Ariana\n|-supereffective|p2a: Ariana\n|-damage|p2a: Ariana|7\/100 brn\n|\n|-damage|p2a: Ariana|1\/100 brn|[from] brn\n|upkeep\n|\n|t:|1683318021\n|switch|p2b: Chien-Pao|Chien-Pao, L50|100\/100\n|-ability|p2b: Chien-Pao|Sword of Ruin\n|turn|10\n|inactive|walkin.steele has 30 seconds left.\n|inactive|walkin.steele has 20 seconds left.\n|inactive|walkin.steele has 15 seconds left.\n|\n|t:|1683318063\n|switch|p1b: Arcanine|Arcanine, L50, F, tera:Water|100\/100\n|-ability|p1b: Arcanine|Intimidate|boost\n|-unboost|p2a: Ariana|atk|1\n|-unboost|p2b: Chien-Pao|atk|1\n|move|p2b: Chien-Pao|Protect|p2b: Chien-Pao\n|-singleturn|p2b: Chien-Pao|Protect\n|move|p1a: Flutter Mane|Protect|p1a: Flutter Mane\n|-singleturn|p1a: Flutter Mane|Protect\n|move|p2a: Ariana|Play Rough|p1b: Arcanine\n|-damage|p1b: Arcanine|68\/100\n|\n|-damage|p2a: Ariana|0 fnt|[from] brn\n|faint|p2a: Ariana\n|-end|p2a: Ariana|Protosynthesis|[silent]\n|upkeep\n|\n|t:|1683318066\n|switch|p2a: Tatsugiri|Tatsugiri, L50, M|100\/100\n|turn|11\n|\n|t:|1683318087\n|-end|p1a: Flutter Mane|Protosynthesis|[silent]\n|switch|p1a: Amoonguss|Amoonguss, L50, M|78\/100\n|move|p1b: Arcanine|Extreme Speed|p2b: Chien-Pao\n|-damage|p2b: Chien-Pao|73\/100\n|move|p2a: Tatsugiri|Muddy Water|p1b: Arcanine|[spread] p1a,p1b\n|-resisted|p1a: Amoonguss\n|-resisted|p1b: Arcanine\n|-damage|p1a: Amoonguss|65\/100\n|-damage|p1b: Arcanine|50\/100\n|move|p2b: Chien-Pao|Ice Spinner|p1a: Amoonguss\n|-supereffective|p1a: Amoonguss\n|-damage|p1a: Amoonguss|5\/100\n|\n|upkeep\n|turn|12\n|inactive|DarthIgnus has 30 seconds left.\n|inactive|DarthIgnus has 20 seconds left.\n|inactive|DarthIgnus has 15 seconds left.\n|\n|t:|1683318127\n|move|p1a: Amoonguss|Rage Powder|p1a: Amoonguss\n|-singleturn|p1a: Amoonguss|move: Rage Powder\n|move|p2a: Tatsugiri|Muddy Water|p1b: Arcanine|[spread] \n|-miss|p2a: Tatsugiri|p1a: Amoonguss\n|-miss|p2a: Tatsugiri|p1b: Arcanine\n|move|p2b: Chien-Pao|Sacred Sword|p1a: Amoonguss\n|-resisted|p1a: Amoonguss\n|-damage|p1a: Amoonguss|0 fnt\n|faint|p1a: Amoonguss\n|move|p1b: Arcanine|Flare Blitz|p2b: Chien-Pao\n|-supereffective|p2b: Chien-Pao\n|-damage|p2b: Chien-Pao|0 fnt\n|faint|p2b: Chien-Pao\n|-damage|p1b: Arcanine|31\/100|[from] Recoil\n|\n|upkeep\n|\n|t:|1683318142\n|switch|p1a: Kingambit|Kingambit, L50, M|43\/100\n|turn|13\n|\n|t:|1683318157\n|move|p1b: Arcanine|Extreme Speed|p2a: Tatsugiri\n|-damage|p2a: Tatsugiri|60\/100\n|move|p1a: Kingambit|Sucker Punch|p2a: Tatsugiri\n|-damage|p2a: Tatsugiri|0 fnt\n|faint|p2a: Tatsugiri\n|\n|win|DarthIgnus\n|raw|DarthIgnus's rating: 1307 → 1323<\/strong> (+16 for winning)\n|raw|walkin.steele's rating: 1245 → 1224<\/strong> (-21 for losing)\n|l|\u2606walkin.steele\n","uploadtime":1683318171,"views":11,"p1id":"darthignus","p2id":"walkinsteele","formatid":"gen9vgc2023regulationc","rating":1224,"private":0,"password":""}