{"id":"gen9vgc2023regulationc-1848903009","p1":"kamusito98","p2":"BrazBR","format":"[Gen 9] VGC 2023 Regulation C","log":"|j|\u2606kamusito98\n|j|\u2606BrazBR\n|t:|1682124062\n|gametype|doubles\n|player|p1|kamusito98|hugh|\n|player|p2|BrazBR|red|\n|teamsize|p1|6\n|teamsize|p2|6\n|gen|9\n|tier|[Gen 9] VGC 2023 Regulation C\n|rule|Species Clause: Limit one of each Pok\u00e9mon\n|rule|Item Clause: Limit one of each item\n|clearpoke\n|poke|p1|Corviknight, L50, M|\n|poke|p1|Ting-Lu, L50|\n|poke|p1|Garchomp, L50, F|\n|poke|p1|Amoonguss, L50, M|\n|poke|p1|Flutter Mane, L50|\n|poke|p1|Gyarados, L50, F|\n|poke|p2|Amoonguss, L50, F|\n|poke|p2|Arcanine, L50, M|\n|poke|p2|Palafin, L50, M|\n|poke|p2|Baxcalibur, L50, M|\n|poke|p2|Flutter Mane, L50|\n|poke|p2|Ting-Lu, L50|\n|teampreview|4\n|c|\u2606BrazBR|G2\nkamusito98 has agreed to open team sheets.\n|l|\u2606BrazBR\n|player|p2|\n|j|\u2606BrazBR\n|player|p2|BrazBR|red\n|c|\u2606kamusito98|??\n|c|\u2606BrazBR|Internet se bloque\u00f3 en G1\n|c|\u2606kamusito98|Va le damos en esta como G1 , con el mismo lead\n|c|\u2606BrazBR|\u00bfPodemos empezar de nuevo con los mismos Lead?\n|c|\u2606kamusito98|Si viejo vamos\n|c|\u2606BrazBR|si gracias\n|c|\u2606BrazBR|listo?\nBrazBR has agreed to open team sheets.\n|c|\u2606kamusito98|Listo\n|\n|t:|1682125024\n|start\n|switch|p1a: Corviknight|Corviknight, L50, M, shiny|100\/100\n|switch|p1b: Flutter Mane|Flutter Mane, L50|100\/100\n|switch|p2a: Toadette|Amoonguss, L50, F, shiny|100\/100\n|switch|p2b: Caioba|Palafin, L50, M, shiny|100\/100\n|turn|1\n|\n|t:|1682125082\n|switch|p2a: Apolo|Arcanine, L50, M|100\/100\n|-ability|p2a: Apolo|Intimidate|boost\n|-ability|p1a: Corviknight|Mirror Armor\n|-unboost|p2a: Apolo|atk|1\n|-unboost|p1b: Flutter Mane|atk|1\n|-terastallize|p2b: Caioba|Water\n|move|p1b: Flutter Mane|Taunt|p2a: Apolo\n|-start|p2a: Apolo|move: Taunt\n|move|p2b: Caioba|Wave Crash|p1b: Flutter Mane\n|-enditem|p1b: Flutter Mane|Focus Sash\n|-damage|p1b: Flutter Mane|1\/100\n|-damage|p2b: Caioba|80\/100|[from] Recoil\n|move|p1a: Corviknight|Bulk Up|p1a: Corviknight\n|-boost|p1a: Corviknight|atk|1\n|-boost|p1a: Corviknight|def|1\n|\n|upkeep\n|turn|2\n|inactive|Battle timer is ON: inactive players will automatically lose when time's up. (requested by BrazBR)\n|inactive|kamusito98 has 60 seconds left.\n|inactive|BrazBR has 60 seconds left.\n|\n|t:|1682125117\n|-end|p1b: Flutter Mane|Protosynthesis|[silent]\n|switch|p1b: Gyarados|Gyarados, L50, F|100\/100\n|-ability|p1b: Gyarados|Intimidate|boost\n|-unboost|p2a: Apolo|atk|1\n|-unboost|p2b: Caioba|atk|1\n|switch|p2a: Toadette|Amoonguss, L50, F, shiny|100\/100\n|move|p2b: Caioba|Haze|p2b: Caioba\n|-clearallboost\n|move|p1a: Corviknight|Brave Bird|p2b: Caioba\n|-damage|p2b: Caioba|39\/100\n|-damage|p1a: Corviknight|87\/100|[from] Recoil\n|\n|-heal|p1a: Corviknight|93\/100|[from] item: Leftovers\n|upkeep\n|turn|3\n|inactive|BrazBR has 30 seconds left.\n|inactive|BrazBR has 20 seconds left.\n|\n|t:|1682125157\n|detailschange|p2b: Caioba|Palafin-Hero, L50, M, shiny, tera:Water\n|switch|p2b: Godzilla|Baxcalibur, L50, M|100\/100\n|move|p1b: Gyarados|Dragon Dance|p1b: Gyarados\n|-boost|p1b: Gyarados|atk|1\n|-boost|p1b: Gyarados|spe|1\n|move|p1a: Corviknight|Brave Bird|p2a: Toadette\n|-supereffective|p2a: Toadette\n|-damage|p2a: Toadette|27\/100\n|-enditem|p2a: Toadette|Sitrus Berry|[eat]\n|-heal|p2a: Toadette|52\/100|[from] item: Sitrus Berry\n|-damage|p1a: Corviknight|67\/100|[from] Recoil\n|move|p2a: Toadette|Spore|p1a: Corviknight\n|-status|p1a: Corviknight|slp|[from] move: Spore\n|\n|-heal|p1a: Corviknight|73\/100 slp|[from] item: Leftovers\n|upkeep\n|turn|4\n|inactive|kamusito98 has 30 seconds left.\n|inactive|BrazBR has 30 seconds left.\n|inactive|BrazBR has 20 seconds left.\n|inactive|kamusito98 has 20 seconds left.\n|inactive|BrazBR has 15 seconds left.\n|inactive|kamusito98 has 15 seconds left.\n|inactive|kamusito98 has 10 seconds left.\n|inactive|BrazBR has 10 seconds left.\n|\n|t:|1682125210\n|move|p1b: Gyarados|Protect|p1b: Gyarados\n|-singleturn|p1b: Gyarados|Protect\n|move|p2a: Toadette|Rage Powder|p2a: Toadette\n|-singleturn|p2a: Toadette|move: Rage Powder\n|move|p2b: Godzilla|Icicle Crash|p1b: Gyarados\n|-activate|p1b: Gyarados|move: Protect\n|cant|p1a: Corviknight|slp\n|\n|-heal|p1a: Corviknight|79\/100 slp|[from] item: Leftovers\n|upkeep\n|turn|5\n|inactive|kamusito98 has 30 seconds left.\n|inactive|kamusito98 has 20 seconds left.\n|inactive|kamusito98 has 15 seconds left.\n|\n|t:|1682125250\n|switch|p1b: Flutter Mane|Flutter Mane, L50|1\/100\n|move|p2a: Toadette|Rage Powder|p2a: Toadette\n|-singleturn|p2a: Toadette|move: Rage Powder\n|move|p2b: Godzilla|Icicle Crash|p1a: Corviknight\n|-damage|p1a: Corviknight|38\/100 slp\n|cant|p1a: Corviknight|slp\n|\n|-heal|p1a: Corviknight|43\/100 slp|[from] item: Leftovers\n|upkeep\n|turn|6\n|inactive|BrazBR has 30 seconds left.\n|\n|t:|1682125276\n|move|p1b: Flutter Mane|Protect|p1b: Flutter Mane\n|-singleturn|p1b: Flutter Mane|Protect\n|move|p2b: Godzilla|Ice Shard|p1b: Flutter Mane\n|-activate|p1b: Flutter Mane|move: Protect\n|-curestatus|p1a: Corviknight|slp|[msg]\n|move|p1a: Corviknight|Brave Bird|p2a: Toadette\n|-supereffective|p2a: Toadette\n|-damage|p2a: Toadette|0 fnt\n|faint|p2a: Toadette\n|-damage|p1a: Corviknight|25\/100|[from] Recoil\n|\n|-heal|p1a: Corviknight|31\/100|[from] item: Leftovers\n|upkeep\n|\n|t:|1682125289\n|switch|p2a: Caioba|Palafin-Hero, L50, M, shiny, tera:Water|39\/100\n|-activate|p2a: Caioba|ability: Zero to Hero\n|turn|7\n|\n|t:|1682125306\n|switch|p1a: Gyarados|Gyarados, L50, F|100\/100\n|-ability|p1a: Gyarados|Intimidate|boost\n|-unboost|p2a: Caioba|atk|1\n|-fail|p2b: Godzilla|unboost|[from] item: Clear Amulet|[of] p2b: Godzilla\n|move|p2b: Godzilla|Ice Shard|p1b: Flutter Mane\n|-damage|p1b: Flutter Mane|0 fnt\n|faint|p1b: Flutter Mane\n|-end|p1b: Flutter Mane|Protosynthesis|[silent]\n|move|p2a: Caioba|Jet Punch|p1a: Gyarados\n|-resisted|p1a: Gyarados\n|-damage|p1a: Gyarados|70\/100\n|\n|upkeep\n|\n|t:|1682125321\n|switch|p1b: Amoonguss|Amoonguss, L50, M, shiny|100\/100\n|turn|8\n|\n|t:|1682125339\n|switch|p2a: Apolo|Arcanine, L50, M|100\/100\n|-ability|p2a: Apolo|Intimidate|boost\n|-unboost|p1a: Gyarados|atk|1\n|-unboost|p1b: Amoonguss|atk|1\n|move|p1b: Amoonguss|Protect|p1b: Amoonguss\n|-singleturn|p1b: Amoonguss|Protect\n|move|p2b: Godzilla|Icicle Crash|p1b: Amoonguss\n|-activate|p1b: Amoonguss|move: Protect\n|move|p1a: Gyarados|Dragon Dance|p1a: Gyarados\n|-boost|p1a: Gyarados|atk|1\n|-boost|p1a: Gyarados|spe|1\n|\n|upkeep\n|turn|9\n|inactive|BrazBR has 30 seconds left.\n|inactive|BrazBR has 20 seconds left.\n|\n|t:|1682125375\n|switch|p1b: Corviknight|Corviknight, L50, M, shiny|31\/100\n|move|p1a: Gyarados|Waterfall|p2a: Apolo\n|-supereffective|p2a: Apolo\n|-damage|p2a: Apolo|8\/100\n|cant|p2a: Apolo|flinch\n|move|p2b: Godzilla|Glaive Rush|p1a: Gyarados\n|-damage|p1a: Gyarados|0 fnt\n|-singlemove|p2b: Godzilla|Glaive Rush|[silent]\n|faint|p1a: Gyarados\n|\n|-heal|p1b: Corviknight|37\/100|[from] item: Leftovers\n|upkeep\n|\n|t:|1682125385\n|switch|p1a: Amoonguss|Amoonguss, L50, M, shiny|100\/100\n|turn|10\n|\n|t:|1682125405\n|-terastallize|p1a: Amoonguss|Water\n|move|p1a: Amoonguss|Rage Powder|p1a: Amoonguss\n|-singleturn|p1a: Amoonguss|move: Rage Powder\n|move|p2a: Apolo|Flare Blitz|p1b: Corviknight\n|-supereffective|p1b: Corviknight\n|-damage|p1b: Corviknight|0 fnt\n|faint|p1b: Corviknight\n|-damage|p2a: Apolo|0 fnt|[from] Recoil\n|faint|p2a: Apolo\n|move|p2b: Godzilla|Icicle Crash|p1a: Amoonguss\n|-resisted|p1a: Amoonguss\n|-damage|p1a: Amoonguss|78\/100\n|\n|upkeep\n|-message|kamusito98 forfeited.\n|\n|win|BrazBR\n|c|\u2606kamusito98|Gg\n|c|\u2606BrazBR|gg\n|l|\u2606kamusito98\n","uploadtime":1682125544,"views":9,"p1id":"kamusito98","p2id":"brazbr","formatid":"gen9vgc2023regulationc","rating":0,"private":0,"password":""}