{"id":"gen9vgc2023regulationc-1846994839","p1":"ImDaNii","p2":"Zoono","format":"[Gen 9] VGC 2023 Regulation C","log":"|j|\u2606ImDaNii\n|j|\u2606Zoono\n|t:|1681909957\n|gametype|doubles\n|player|p1|ImDaNii|170|1120\n|player|p2|Zoono|ghetsis-gen5bw|1117\n|teamsize|p1|6\n|teamsize|p2|6\n|gen|9\n|tier|[Gen 9] VGC 2023 Regulation C\n|rated|\n|rule|Species Clause: Limit one of each Pok\u00e9mon\n|rule|Item Clause: Limit one of each item\n|clearpoke\n|poke|p1|Flutter Mane, L50|\n|poke|p1|Iron Bundle, L50|\n|poke|p1|Palafin, L50, M|\n|poke|p1|Arcanine, L50, M|\n|poke|p1|Amoonguss, L50, M|\n|poke|p1|Ting-Lu, L50|\n|poke|p2|Flutter Mane, L50|\n|poke|p2|Amoonguss, L50, M|\n|poke|p2|Arcanine, L50, F|\n|poke|p2|Palafin, L50, F|\n|poke|p2|Ting-Lu, L50|\n|poke|p2|Dragonite, L50, F|\n|teampreview|4\nZoono has agreed to open team sheets.\n|\n|t:|1681910007\n|start\n|switch|p1a: Iron Bundle|Iron Bundle, L50|100\/100\n|switch|p1b: Flutter Mane|Flutter Mane, L50|100\/100\n|switch|p2a: Amogus|Amoonguss, L50, M, shiny|100\/100\n|switch|p2b: EEEEEEEEEEE|Flutter Mane, L50, shiny|100\/100\n|-enditem|p1a: Iron Bundle|Booster Energy\n|-activate|p1a: Iron Bundle|ability: Quark Drive|[fromitem]\n|-start|p1a: Iron Bundle|quarkdrivespe\n|turn|1\n|\n|t:|1681910032\n|-terastallize|p2b: EEEEEEEEEEE|Fairy\n|move|p1a: Iron Bundle|Icy Wind|p2b: EEEEEEEEEEE|[spread] p2a,p2b\n|-supereffective|p2a: Amogus\n|-damage|p2a: Amogus|67\/100\n|-damage|p2b: EEEEEEEEEEE|83\/100\n|-unboost|p2a: Amogus|spe|1\n|-unboost|p2b: EEEEEEEEEEE|spe|1\n|move|p1b: Flutter Mane|Shadow Ball|p2b: EEEEEEEEEEE\n|-damage|p2b: EEEEEEEEEEE|30\/100\n|move|p2b: EEEEEEEEEEE|Dazzling Gleam|p1b: Flutter Mane|[spread] p1a,p1b\n|-damage|p1a: Iron Bundle|26\/100\n|-damage|p1b: Flutter Mane|59\/100\n|move|p2a: Amogus|Spore|p1a: Iron Bundle\n|-status|p1a: Iron Bundle|slp|[from] move: Spore\n|\n|-heal|p2b: EEEEEEEEEEE|36\/100|[from] item: Leftovers\n|upkeep\n|turn|2\n|\n|t:|1681910064\n|-end|p1a: Iron Bundle|Quark Drive|[silent]\n|switch|p1a: Amoonguss|Amoonguss, L50, M, shiny|100\/100\n|move|p2b: EEEEEEEEEEE|Protect|p2b: EEEEEEEEEEE\n|-singleturn|p2b: EEEEEEEEEEE|Protect\n|move|p1b: Flutter Mane|Shadow Ball|p2b: EEEEEEEEEEE\n|-activate|p2b: EEEEEEEEEEE|move: Protect\n|move|p2a: Amogus|Spore|p1b: Flutter Mane\n|-status|p1b: Flutter Mane|slp|[from] move: Spore\n|\n|-heal|p2b: EEEEEEEEEEE|42\/100|[from] item: Leftovers\n|upkeep\n|turn|3\n|inactive|Battle timer is ON: inactive players will automatically lose when time's up. (requested by ImDaNii)\n|\n|t:|1681910087\n|-end|p1b: Flutter Mane|Protosynthesis|[silent]\n|switch|p1b: Iron Bundle|Iron Bundle, L50|26\/100 slp\n|move|p2b: EEEEEEEEEEE|Shadow Ball|p1b: Iron Bundle\n|-damage|p1b: Iron Bundle|0 fnt\n|faint|p1b: Iron Bundle\n|-end|p1b: Iron Bundle|Quark Drive|[silent]\n|move|p1a: Amoonguss|Spore|p2b: EEEEEEEEEEE\n|-status|p2b: EEEEEEEEEEE|slp|[from] move: Spore\n|move|p2a: Amogus|Pollen Puff|p2b: EEEEEEEEEEE\n|-heal|p2b: EEEEEEEEEEE|92\/100 slp\n|\n|-heal|p2b: EEEEEEEEEEE|99\/100 slp|[from] item: Leftovers\n|upkeep\n|inactive|ImDaNii has 30 seconds left.\n|\n|t:|1681910115\n|switch|p1b: Flutter Mane|Flutter Mane, L50|59\/100 slp\n|turn|4\n|\n|t:|1681910134\n|cant|p1b: Flutter Mane|slp\n|cant|p2b: EEEEEEEEEEE|slp\n|move|p1a: Amoonguss|Pollen Puff|p1b: Flutter Mane\n|-heal|p1b: Flutter Mane|100\/100 slp\n|move|p2a: Amogus|Pollen Puff|p1b: Flutter Mane\n|-resisted|p1b: Flutter Mane\n|-damage|p1b: Flutter Mane|96\/100 slp\n|\n|-heal|p2b: EEEEEEEEEEE|100\/100 slp|[from] item: Leftovers\n|upkeep\n|turn|5\n|inactive|Zoono has 30 seconds left.\n|\n|t:|1681910160\n|-end|p1b: Flutter Mane|Protosynthesis|[silent]\n|switch|p1b: Arcanine|Arcanine, L50, M|100\/100\n|-ability|p1b: Arcanine|Intimidate|boost\n|-unboost|p2a: Amogus|atk|1\n|-unboost|p2b: EEEEEEEEEEE|atk|1\n|switch|p2a: My man|Dragonite, L50, F, shiny|100\/100\n|cant|p2b: EEEEEEEEEEE|slp\n|move|p1a: Amoonguss|Spore|p2b: EEEEEEEEEEE\n|-fail|p2b: EEEEEEEEEEE|slp\n|\n|upkeep\n|turn|6\n|inactive|Zoono has 30 seconds left.\n|\n|t:|1681910186\n|move|p1a: Amoonguss|Rage Powder|p1a: Amoonguss\n|-singleturn|p1a: Amoonguss|move: Rage Powder\n|move|p1b: Arcanine|Will-O-Wisp|p2a: My man\n|-status|p2a: My man|brn\n|-enditem|p2a: My man|Lum Berry|[eat]\n|-curestatus|p2a: My man|brn|[msg]\n|move|p2a: My man|Fire Punch|p1a: Amoonguss\n|-supereffective|p1a: Amoonguss\n|-damage|p1a: Amoonguss|52\/100\n|-damage|p2a: My man|84\/100|[from] item: Rocky Helmet|[of] p1a: Amoonguss\n|-curestatus|p2b: EEEEEEEEEEE|slp|[msg]\n|move|p2b: EEEEEEEEEEE|Shadow Ball|p1a: Amoonguss\n|-damage|p1a: Amoonguss|23\/100\n|\n|upkeep\n|turn|7\n|inactive|ImDaNii has 30 seconds left.\n|inactive|Zoono has 30 seconds left.\n|\n|t:|1681910220\n|switch|p2a: Amogus|Amoonguss, L50, M, shiny|99\/100\n|-terastallize|p1a: Amoonguss|Fire\n|move|p1b: Arcanine|Flare Blitz|p2b: EEEEEEEEEEE\n|-damage|p2b: EEEEEEEEEEE|32\/100\n|-status|p2b: EEEEEEEEEEE|brn\n|-damage|p1b: Arcanine|82\/100|[from] Recoil\n|move|p2b: EEEEEEEEEEE|Substitute|p2b: EEEEEEEEEEE\n|-start|p2b: EEEEEEEEEEE|Substitute\n|-damage|p2b: EEEEEEEEEEE|7\/100 brn\n|move|p1a: Amoonguss|Spore||[still]\n|-fail|p1a: Amoonguss\n|\n|-heal|p2b: EEEEEEEEEEE|14\/100 brn|[from] item: Leftovers\n|-damage|p2b: EEEEEEEEEEE|7\/100 brn|[from] brn\n|upkeep\n|turn|8\n|\n|t:|1681910241\n|switch|p1a: Flutter Mane|Flutter Mane, L50|96\/100 slp\n|move|p1b: Arcanine|Flare Blitz|p2a: Amogus\n|-supereffective|p2a: Amogus\n|-damage|p2a: Amogus|4\/100\n|-damage|p1b: Arcanine|66\/100|[from] item: Rocky Helmet|[of] p2a: Amogus\n|-damage|p1b: Arcanine|30\/100|[from] Recoil\n|move|p2b: EEEEEEEEEEE|Dazzling Gleam|p1b: Arcanine|[spread] p1a,p1b\n|-resisted|p1b: Arcanine\n|-damage|p1a: Flutter Mane|53\/100 slp\n|-damage|p1b: Arcanine|10\/100\n|move|p2a: Amogus|Pollen Puff|p2b: EEEEEEEEEEE\n|-heal|p2b: EEEEEEEEEEE|57\/100 brn\n|\n|-heal|p2b: EEEEEEEEEEE|64\/100 brn|[from] item: Leftovers\n|-damage|p2b: EEEEEEEEEEE|57\/100 brn|[from] brn\n|upkeep\n|turn|9\n|inactive|Zoono has 30 seconds left.\n|\n|t:|1681910271\n|-end|p1a: Flutter Mane|Protosynthesis|[silent]\n|switch|p1a: Amoonguss|Amoonguss, L50, M, shiny, tera:Fire|56\/100\n|switch|p2a: My man|Dragonite, L50, F, shiny|84\/100\n|move|p1b: Arcanine|Extreme Speed|p2a: My man\n|-damage|p2a: My man|59\/100\n|move|p2b: EEEEEEEEEEE|Shadow Ball|p1a: Amoonguss\n|-damage|p1a: Amoonguss|23\/100\n|\n|-heal|p2b: EEEEEEEEEEE|64\/100 brn|[from] item: Leftovers\n|-damage|p2b: EEEEEEEEEEE|57\/100 brn|[from] brn\n|upkeep\n|turn|10\n|\n|t:|1681910291\n|move|p2a: My man|Extreme Speed|p1b: Arcanine\n|-damage|p1b: Arcanine|0 fnt\n|faint|p1b: Arcanine\n|move|p2b: EEEEEEEEEEE|Shadow Ball|p1a: Amoonguss\n|-damage|p1a: Amoonguss|0 fnt\n|faint|p1a: Amoonguss\n|\n|-heal|p2b: EEEEEEEEEEE|64\/100 brn|[from] item: Leftovers\n|-damage|p2b: EEEEEEEEEEE|57\/100 brn|[from] brn\n|upkeep\n|-message|ImDaNii forfeited.\n|\n|win|Zoono\n|raw|ImDaNii's rating: 1120 → 1095<\/strong> (-25 for losing)\n|raw|Zoono's rating: 1117 → 1142<\/strong> (+25 for winning)\n|l|\u2606ImDaNii\n","uploadtime":1681910307,"views":10,"p1id":"imdanii","p2id":"zoono","formatid":"gen9vgc2023regulationc","rating":1095,"private":0,"password":""}