{"id":"gen9vgc2023regulationc-1855634285","p1":"Mike2811","p2":"JJpozz","format":"[Gen 9] VGC 2023 Regulation C","log":"|j|\u2606Mike2811\n|j|\u2606JJpozz\n|t:|1682968378\n|gametype|doubles\n|player|p1|Mike2811|2|1085\n|player|p2|JJpozz|102|1071\n|teamsize|p1|6\n|teamsize|p2|6\n|gen|9\n|tier|[Gen 9] VGC 2023 Regulation C\n|rated|\n|rule|Species Clause: Limit one of each Pok\u00e9mon\n|rule|Item Clause: Limit one of each item\n|clearpoke\n|poke|p1|Chi-Yu, L50|\n|poke|p1|Garchomp, L50, M|\n|poke|p1|Klefki, L50, M|\n|poke|p1|Breloom, L50, M|\n|poke|p1|Froslass, L50, F|\n|poke|p1|Palafin, L50, M|\n|poke|p2|Chien-Pao, L50|\n|poke|p2|Ceruledge, L50, F|\n|poke|p2|Amoonguss, L50, F|\n|poke|p2|Palafin, L50, M|\n|poke|p2|Ting-Lu, L50|\n|poke|p2|Scizor, L50, F|\n|teampreview|4\n|inactive|Battle timer is ON: inactive players will automatically lose when time's up. (requested by JJpozz)\n|\n|t:|1682968418\n|start\n|switch|p1a: Palafin|Palafin, L50, M|100\/100\n|switch|p1b: Klefki|Klefki, L50, M|100\/100\n|switch|p2a: Scizor|Scizor, L50, F, shiny|100\/100\n|switch|p2b: Chien-Pao|Chien-Pao, L50|100\/100\n|-ability|p2b: Chien-Pao|Sword of Ruin\n|-item|p1b: Klefki|Air Balloon\n|turn|1\n|inactive|Mike2811 has 30 seconds left.\n|inactive|JJpozz has 30 seconds left.\n|inactive|JJpozz has 20 seconds left.\n|\n|t:|1682968453\n|-terastallize|p2a: Scizor|Steel\n|move|p1a: Palafin|Jet Punch|p2b: Chien-Pao\n|-crit|p2b: Chien-Pao\n|-damage|p2b: Chien-Pao|43\/100\n|move|p1b: Klefki|Thunder Wave|p2a: Scizor\n|-status|p2a: Scizor|par\n|move|p2a: Scizor|Bullet Punch|p1a: Palafin\n|-resisted|p1a: Palafin\n|-damage|p1a: Palafin|42\/100\n|move|p2b: Chien-Pao|Sacred Sword|p1b: Klefki\n|-damage|p1b: Klefki|55\/100\n|-enditem|p1b: Klefki|Air Balloon\n|-damage|p2b: Chien-Pao|33\/100|[from] item: Life Orb\n|\n|upkeep\n|turn|2\n|inactive|Mike2811 has 30 seconds left.\n|inactive|JJpozz has 30 seconds left.\n|\n|t:|1682968487\n|detailschange|p1a: Palafin|Palafin-Hero, L50, M\n|switch|p1a: Chi-Yu|Chi-Yu, L50|100\/100\n|-ability|p1a: Chi-Yu|Beads of Ruin\n|move|p2b: Chien-Pao|Protect|p2b: Chien-Pao\n|-singleturn|p2b: Chien-Pao|Protect\n|move|p1b: Klefki|Rain Dance|p1b: Klefki\n|-weather|RainDance\n|move|p2a: Scizor|Bullet Punch|p1a: Chi-Yu\n|-resisted|p1a: Chi-Yu\n|-damage|p1a: Chi-Yu|31\/100\n|\n|-weather|RainDance|[upkeep]\n|upkeep\n|turn|3\n|\n|t:|1682968512\n|move|p1a: Chi-Yu|Protect|p1a: Chi-Yu\n|-singleturn|p1a: Chi-Yu|Protect\n|move|p2b: Chien-Pao|Sucker Punch||[still]\n|-fail|p2b: Chien-Pao\n|move|p2a: Scizor|Bullet Punch|p1b: Klefki\n|-damage|p1b: Klefki|0 fnt\n|faint|p1b: Klefki\n|\n|-weather|RainDance|[upkeep]\n|upkeep\n|\n|t:|1682968525\n|switch|p1b: Palafin|Palafin-Hero, L50, M|42\/100\n|-activate|p1b: Palafin|ability: Zero to Hero\n|turn|4\n|\n|t:|1682968542\n|switch|p1a: Breloom|Breloom, L50, M|100\/100\n|-terastallize|p1b: Palafin|Water\n|move|p2b: Chien-Pao|Sucker Punch||[still]\n|-fail|p2b: Chien-Pao\n|move|p1b: Palafin|Jet Punch|p2a: Scizor\n|-damage|p2a: Scizor|0 fnt\n|faint|p2a: Scizor\n|\n|-weather|RainDance|[upkeep]\n|upkeep\n|\n|t:|1682968557\n|switch|p2a: Amoonguss|Amoonguss, L50, F|100\/100\n|turn|5\n|\n|t:|1682968571\n|move|p2a: Amoonguss|Rage Powder|p2a: Amoonguss\n|-singleturn|p2a: Amoonguss|move: Rage Powder\n|move|p1a: Breloom|Mach Punch|p2b: Chien-Pao\n|-supereffective|p2b: Chien-Pao\n|-damage|p2b: Chien-Pao|0 fnt\n|faint|p2b: Chien-Pao\n|move|p1b: Palafin|Ice Punch|p2a: Amoonguss\n|-supereffective|p2a: Amoonguss\n|-damage|p2a: Amoonguss|30\/100\n|-damage|p1b: Palafin|26\/100|[from] item: Rocky Helmet|[of] p2a: Amoonguss\n|-status|p1b: Palafin|slp|[from] ability: Effect Spore|[of] p2a: Amoonguss\n|\n|-weather|RainDance|[upkeep]\n|upkeep\n|\n|t:|1682968583\n|switch|p2b: Ting-Lu|Ting-Lu, L50|100\/100\n|-ability|p2b: Ting-Lu|Vessel of Ruin\n|turn|6\n|inactive|JJpozz has 30 seconds left.\n|\n|t:|1682968609\n|cant|p1b: Palafin|slp\n|move|p1a: Breloom|Bullet Seed|p2b: Ting-Lu\n|-supereffective|p2b: Ting-Lu\n|-damage|p2b: Ting-Lu|80\/100\n|-supereffective|p2b: Ting-Lu\n|-damage|p2b: Ting-Lu|59\/100\n|-supereffective|p2b: Ting-Lu\n|-damage|p2b: Ting-Lu|36\/100\n|-supereffective|p2b: Ting-Lu\n|-damage|p2b: Ting-Lu|16\/100\n|-supereffective|p2b: Ting-Lu\n|-damage|p2b: Ting-Lu|0 fnt\n|faint|p2b: Ting-Lu\n|-hitcount|p2: Ting-Lu|5\n|move|p2a: Amoonguss|Foul Play|p1b: Palafin\n|-damage|p1b: Palafin|0 fnt\n|faint|p1b: Palafin\n|\n|-weather|none\n|upkeep\n|\n|t:|1682968628\n|switch|p1b: Chi-Yu|Chi-Yu, L50|31\/100\n|-ability|p1b: Chi-Yu|Beads of Ruin\n|turn|7\n|\n|t:|1682968640\n|move|p1a: Breloom|Mach Punch|p2a: Amoonguss\n|-resisted|p2a: Amoonguss\n|-damage|p2a: Amoonguss|13\/100\n|-damage|p1a: Breloom|84\/100|[from] item: Rocky Helmet|[of] p2a: Amoonguss\n|move|p1b: Chi-Yu|Flamethrower|p2a: Amoonguss\n|-supereffective|p2a: Amoonguss\n|-crit|p2a: Amoonguss\n|-damage|p2a: Amoonguss|0 fnt\n|faint|p2a: Amoonguss\n|-damage|p1b: Chi-Yu|21\/100|[from] item: Life Orb\n|\n|win|Mike2811\n|raw|Mike2811's rating: 1085 → 1111<\/strong> (+26 for winning)\n|raw|JJpozz's rating: 1071 → 1051<\/strong> (-20 for losing)\n","uploadtime":1682968653,"views":26,"p1id":"mike2811","p2id":"jjpozz","formatid":"gen9vgc2023regulationc","rating":1051,"private":0,"password":""}