{"id":"gen9vgc2023regulationc-1858726251","p1":"Inv2021","p2":"hysaaron","format":"[Gen 9] VGC 2023 Regulation C","log":"|j|\u2606Inv2021\n|j|\u2606hysaaron\n|t:|1683348982\n|gametype|doubles\n|player|p1|Inv2021|lucas|1105\n|player|p2|hysaaron|2|1115\n|teamsize|p1|6\n|teamsize|p2|6\n|gen|9\n|tier|[Gen 9] VGC 2023 Regulation C\n|rated|\n|rule|Species Clause: Limit one of each Pok\u00e9mon\n|rule|Item Clause: Limit one of each item\n|clearpoke\n|poke|p1|Palafin, L50, F|\n|poke|p1|Chien-Pao, L50|\n|poke|p1|Iron Hands, L50|\n|poke|p1|Amoonguss, L50, M|\n|poke|p1|Arcanine, L50, M|\n|poke|p1|Flutter Mane, L50|\n|poke|p2|Chi-Yu, L50|\n|poke|p2|Flutter Mane, L50|\n|poke|p2|Palafin, L50, M|\n|poke|p2|Pelipper, L50, M|\n|poke|p2|Arcanine, L50, M|\n|poke|p2|Amoonguss, L50, F|\n|teampreview|4\n|inactive|Battle timer is ON: inactive players will automatically lose when time's up. (requested by Inv2021)\n|inactive|hysaaron has 60 seconds left.\n|\n|t:|1683349019\n|start\n|switch|p1a: Mimi|Flutter Mane, L50|100\/100\n|switch|p1b: Iron Hands|Iron Hands, L50|100\/100\n|switch|p2a: Palafin|Palafin, L50, M|100\/100\n|switch|p2b: Flutter Mane|Flutter Mane, L50|100\/100\n|-enditem|p1a: Mimi|Booster Energy\n|-activate|p1a: Mimi|ability: Protosynthesis|[fromitem]\n|-start|p1a: Mimi|protosynthesisspa\n|turn|1\n|inactive|hysaaron has 30 seconds left.\n|inactive|hysaaron has 20 seconds left.\n|inactive|hysaaron has 15 seconds left.\n|inactive|hysaaron has 10 seconds left.\n|\n|t:|1683349068\n|-terastallize|p1a: Mimi|Fairy\n|-terastallize|p2b: Flutter Mane|Steel\n|move|p2a: Palafin|Protect|p2a: Palafin\n|-singleturn|p2a: Palafin|Protect\n|move|p1a: Mimi|Shadow Ball|p2b: Flutter Mane\n|-damage|p2b: Flutter Mane|53\/100\n|move|p2b: Flutter Mane|Shadow Ball|p1a: Mimi\n|-damage|p1a: Mimi|39\/100\n|move|p1b: Iron Hands|Volt Switch|p2b: Flutter Mane\n|-damage|p2b: Flutter Mane|42\/100\n|\n|t:|1683349084\n|-end|p1b: Iron Hands|Quark Drive|[silent]\n|switch|p1b: Dozo|Palafin, L50, F|100\/100|[from] Volt Switch\n|\n|upkeep\n|turn|2\n|\n|t:|1683349101\n|-end|p2b: Flutter Mane|Protosynthesis|[silent]\n|switch|p2b: Amoonguss|Amoonguss, L50, F, shiny|100\/100\n|detailschange|p1b: Dozo|Palafin-Hero, L50, F\n|switch|p1b: WoChien|Amoonguss, L50, M|100\/100\n|detailschange|p2a: Palafin|Palafin-Hero, L50, M\n|switch|p2a: Arcanine|Arcanine, L50, M, shiny|100\/100\n|-ability|p2a: Arcanine|Intimidate|boost\n|-unboost|p1a: Mimi|atk|1\n|-unboost|p1b: WoChien|atk|1\n|move|p1a: Mimi|Protect||[still]\n|-fail|p1a: Mimi\n|\n|upkeep\n|turn|3\n|inactive|Inv2021 has 30 seconds left.\n|inactive|Inv2021 has 20 seconds left.\n|inactive|Inv2021 has 15 seconds left.\n|\n|t:|1683349144\n|switch|p1b: Iron Hands|Iron Hands, L50|100\/100\n|move|p1a: Mimi|Protect|p1a: Mimi\n|-singleturn|p1a: Mimi|Protect\n|move|p2a: Arcanine|Flare Blitz|p1b: Iron Hands\n|-damage|p1b: Iron Hands|61\/100\n|-damage|p2a: Arcanine|84\/100|[from] Recoil\n|move|p2b: Amoonguss|Spore|p1a: Mimi\n|-activate|p1a: Mimi|move: Protect\n|\n|upkeep\n|turn|4\n|\n|t:|1683349162\n|move|p1b: Iron Hands|Fake Out|p2a: Arcanine\n|-damage|p2a: Arcanine|69\/100\n|move|p1a: Mimi|Shadow Ball|p2a: Arcanine\n|-damage|p2a: Arcanine|13\/100\n|-unboost|p2a: Arcanine|spd|1\n|-enditem|p2a: Arcanine|Sitrus Berry|[eat]\n|-heal|p2a: Arcanine|38\/100|[from] item: Sitrus Berry\n|cant|p2a: Arcanine|flinch\n|move|p2b: Amoonguss|Spore|p1a: Mimi\n|-status|p1a: Mimi|slp|[from] move: Spore\n|\n|upkeep\n|turn|5\n|inactive|hysaaron has 30 seconds left.\n|\n|t:|1683349188\n|-end|p1a: Mimi|Protosynthesis|[silent]\n|switch|p1a: Dozo|Palafin-Hero, L50, F|100\/100\n|-activate|p1a: Dozo|ability: Zero to Hero\n|move|p2a: Arcanine|Flare Blitz|p1a: Dozo\n|-resisted|p1a: Dozo\n|-damage|p1a: Dozo|75\/100\n|-damage|p2a: Arcanine|29\/100|[from] Recoil\n|move|p1b: Iron Hands|Wild Charge|p2a: Arcanine\n|-damage|p2a: Arcanine|0 fnt\n|faint|p2a: Arcanine\n|-damage|p1b: Iron Hands|56\/100|[from] Recoil\n|move|p2b: Amoonguss|Pollen Puff|p2: Arcanine|[notarget]\n|-fail|p2b: Amoonguss\n|\n|upkeep\n|\n|t:|1683349204\n|switch|p2a: Flutter Mane|Flutter Mane, L50, tera:Steel|42\/100\n|turn|6\n|\n|t:|1683349225\n|-end|p1b: Iron Hands|Quark Drive|[silent]\n|switch|p1b: WoChien|Amoonguss, L50, M|100\/100\n|move|p1a: Dozo|Protect|p1a: Dozo\n|-singleturn|p1a: Dozo|Protect\n|move|p2b: Amoonguss|Rage Powder|p2b: Amoonguss\n|-singleturn|p2b: Amoonguss|move: Rage Powder\n|move|p2a: Flutter Mane|Dazzling Gleam|p1a: Dozo|[spread] p1b\n|-activate|p1a: Dozo|move: Protect\n|-resisted|p1b: WoChien\n|-damage|p1b: WoChien|82\/100\n|\n|upkeep\n|turn|7\n|inactive|hysaaron has 30 seconds left.\n|\n|t:|1683349255\n|switch|p1a: Mimi|Flutter Mane, L50, tera:Fairy|39\/100 slp\n|move|p2a: Flutter Mane|Dazzling Gleam|p1b: WoChien|[spread] p1a,p1b\n|-resisted|p1b: WoChien\n|-damage|p1a: Mimi|0 fnt\n|-damage|p1b: WoChien|65\/100\n|faint|p1a: Mimi\n|-end|p1a: Mimi|Protosynthesis|[silent]\n|move|p2b: Amoonguss|Pollen Puff|p2a: Flutter Mane\n|-heal|p2a: Flutter Mane|92\/100\n|move|p1b: WoChien|Spore|p2a: Flutter Mane\n|-status|p2a: Flutter Mane|slp|[from] move: Spore\n|\n|upkeep\n|\n|t:|1683349269\n|switch|p1a: Dozo|Palafin-Hero, L50, F|75\/100\n|turn|8\n|\n|t:|1683349280\n|cant|p2a: Flutter Mane|slp\n|move|p1a: Dozo|Wave Crash|p2a: Flutter Mane\n|-damage|p2a: Flutter Mane|0 fnt\n|faint|p2a: Flutter Mane\n|-end|p2a: Flutter Mane|Protosynthesis|[silent]\n|-damage|p1a: Dozo|52\/100|[from] Recoil\n|move|p2b: Amoonguss|Pollen Puff|p2: Flutter Mane|[notarget]\n|-fail|p2b: Amoonguss\n|move|p1b: WoChien|Pollen Puff|p1a: Dozo\n|-heal|p1a: Dozo|100\/100\n|\n|upkeep\n|\n|t:|1683349287\n|switch|p2a: Palafin|Palafin-Hero, L50, M|100\/100\n|-activate|p2a: Palafin|ability: Zero to Hero\n|turn|9\n|\n|t:|1683349305\n|move|p2b: Amoonguss|Rage Powder|p2b: Amoonguss\n|-singleturn|p2b: Amoonguss|move: Rage Powder\n|move|p1a: Dozo|Wave Crash|p2b: Amoonguss\n|-resisted|p2b: Amoonguss\n|-damage|p2b: Amoonguss|65\/100\n|-damage|p1a: Dozo|84\/100|[from] item: Rocky Helmet|[of] p2b: Amoonguss\n|-damage|p1a: Dozo|71\/100|[from] Recoil\n|move|p2a: Palafin|Wave Crash|p1b: WoChien\n|-resisted|p1b: WoChien\n|-damage|p1b: WoChien|25\/100\n|-enditem|p1b: WoChien|Sitrus Berry|[eat]\n|-heal|p1b: WoChien|50\/100|[from] item: Sitrus Berry\n|-damage|p2a: Palafin|86\/100|[from] Recoil\n|move|p1b: WoChien|Spore|p2a: Palafin\n|-status|p2a: Palafin|slp|[from] move: Spore\n|\n|upkeep\n|turn|10\n|\n|t:|1683349329\n|move|p1a: Dozo|Wave Crash|p2a: Palafin\n|-resisted|p2a: Palafin\n|-damage|p2a: Palafin|46\/100 slp\n|-damage|p1a: Dozo|58\/100|[from] Recoil\n|cant|p2a: Palafin|slp\n|move|p2b: Amoonguss|Spore|p1a: Dozo\n|-status|p1a: Dozo|slp|[from] move: Spore\n|move|p1b: WoChien|Pollen Puff|p1a: Dozo\n|-heal|p1a: Dozo|100\/100 slp\n|\n|upkeep\n|turn|11\n|\n|t:|1683349344\n|switch|p1b: Iron Hands|Iron Hands, L50|56\/100\n|cant|p1a: Dozo|slp\n|cant|p2a: Palafin|slp\n|move|p2b: Amoonguss|Pollen Puff|p2a: Palafin\n|-heal|p2a: Palafin|96\/100 slp\n|\n|upkeep\n|turn|12\n|\n|t:|1683349361\n|cant|p2a: Palafin|slp\n|move|p2b: Amoonguss|Protect|p2b: Amoonguss\n|-singleturn|p2b: Amoonguss|Protect\n|-curestatus|p1a: Dozo|slp|[msg]\n|move|p1a: Dozo|Wave Crash|p2b: Amoonguss\n|-activate|p2b: Amoonguss|move: Protect\n|move|p1b: Iron Hands|Wild Charge|p2a: Palafin\n|-supereffective|p2a: Palafin\n|-damage|p2a: Palafin|9\/100 slp\n|-damage|p1b: Iron Hands|37\/100|[from] Recoil\n|\n|upkeep\n|turn|13\n|\n|t:|1683349383\n|-end|p1b: Iron Hands|Quark Drive|[silent]\n|switch|p1b: WoChien|Amoonguss, L50, M|83\/100\n|move|p2b: Amoonguss|Rage Powder|p2b: Amoonguss\n|-singleturn|p2b: Amoonguss|move: Rage Powder\n|move|p1a: Dozo|Jet Punch|p2b: Amoonguss\n|-resisted|p2b: Amoonguss\n|-damage|p2b: Amoonguss|48\/100\n|-damage|p1a: Dozo|84\/100|[from] item: Rocky Helmet|[of] p2b: Amoonguss\n|-curestatus|p2a: Palafin|slp|[msg]\n|move|p2a: Palafin|Jet Punch|p1b: WoChien\n|-resisted|p1b: WoChien\n|-damage|p1b: WoChien|61\/100\n|\n|upkeep\n|turn|14\n|\n|t:|1683349402\n|move|p2a: Palafin|Protect|p2a: Palafin\n|-singleturn|p2a: Palafin|Protect\n|move|p1a: Dozo|Wave Crash|p2b: Amoonguss\n|-resisted|p2b: Amoonguss\n|-damage|p2b: Amoonguss|11\/100\n|-damage|p1a: Dozo|67\/100|[from] item: Rocky Helmet|[of] p2b: Amoonguss\n|-damage|p1a: Dozo|54\/100|[from] Recoil\n|move|p2b: Amoonguss|Spore|p1a: Dozo\n|-status|p1a: Dozo|slp|[from] move: Spore\n|move|p1b: WoChien|Spore|p2a: Palafin\n|-activate|p2a: Palafin|move: Protect\n|\n|upkeep\n|turn|15\n|\n|t:|1683349422\n|move|p2a: Palafin|Jet Punch|p1a: Dozo\n|-resisted|p1a: Dozo\n|-crit|p1a: Dozo\n|-damage|p1a: Dozo|20\/100 slp\n|cant|p1a: Dozo|slp\n|move|p2b: Amoonguss|Pollen Puff|p2a: Palafin\n|-heal|p2a: Palafin|59\/100\n|move|p1b: WoChien|Pollen Puff|p1a: Dozo\n|-heal|p1a: Dozo|70\/100 slp\n|\n|upkeep\n|turn|16\n|inactive|hysaaron has 30 seconds left.\n|\n|t:|1683349455\n|move|p2b: Amoonguss|Protect|p2b: Amoonguss\n|-singleturn|p2b: Amoonguss|Protect\n|cant|p1a: Dozo|slp\n|move|p2a: Palafin|Wave Crash|p1a: Dozo\n|-resisted|p1a: Dozo\n|-damage|p1a: Dozo|29\/100 slp\n|-damage|p2a: Palafin|46\/100|[from] Recoil\n|move|p1b: WoChien|Spore|p2a: Palafin\n|-status|p2a: Palafin|slp|[from] move: Spore\n|\n|upkeep\n|turn|17\n|\n|t:|1683349469\n|cant|p2a: Palafin|slp\n|-curestatus|p1a: Dozo|slp|[msg]\n|move|p1a: Dozo|Wave Crash|p2b: Amoonguss\n|-resisted|p2b: Amoonguss\n|-damage|p2b: Amoonguss|0 fnt\n|-damage|p1a: Dozo|13\/100|[from] item: Rocky Helmet|[of] p2b: Amoonguss\n|faint|p2b: Amoonguss\n|-damage|p1a: Dozo|9\/100|[from] Recoil\n|move|p1b: WoChien|Pollen Puff|p1a: Dozo\n|-heal|p1a: Dozo|59\/100\n|\n|upkeep\n|turn|18\n|\n|t:|1683349484\n|cant|p2a: Palafin|slp\n|move|p1a: Dozo|Wave Crash|p2a: Palafin\n|-resisted|p2a: Palafin\n|-damage|p2a: Palafin|3\/100 slp\n|-damage|p1a: Dozo|45\/100|[from] Recoil\n|move|p1b: WoChien|Pollen Puff|p1a: Dozo\n|-heal|p1a: Dozo|95\/100\n|\n|upkeep\n|turn|19\n|\n|t:|1683349492\n|-curestatus|p2a: Palafin|slp|[msg]\n|move|p2a: Palafin|Protect|p2a: Palafin\n|-singleturn|p2a: Palafin|Protect\n|move|p1b: WoChien|Rage Powder|p1b: WoChien\n|-singleturn|p1b: WoChien|move: Rage Powder\n|move|p1a: Dozo|Jet Punch|p2a: Palafin\n|-activate|p2a: Palafin|move: Protect\n|\n|upkeep\n|turn|20\n|\n|t:|1683349503\n|move|p1a: Dozo|Jet Punch|p2a: Palafin\n|-resisted|p2a: Palafin\n|-damage|p2a: Palafin|0 fnt\n|faint|p2a: Palafin\n|\n|win|Inv2021\n|raw|Inv2021's rating: 1105 → 1131<\/strong> (+26 for winning)\n|raw|hysaaron's rating: 1115 → 1089<\/strong> (-26 for losing)\n","uploadtime":1683349506,"views":11,"p1id":"inv2021","p2id":"hysaaron","formatid":"gen9vgc2023regulationc","rating":1089,"private":0,"password":""}