{"id":"gen9vgc2023regulationc-1845894366","p1":"KoramTrainer","p2":"MogulMonke","format":"[Gen 9] VGC 2023 Regulation C","log":"|j|\u2606KoramTrainer\n|j|\u2606MogulMonke\n|t:|1681776365\n|gametype|doubles\n|player|p1|KoramTrainer|hilbert|\n|player|p2|MogulMonke|burglar|\n|teamsize|p1|4\n|teamsize|p2|6\n|gen|9\n|tier|[Gen 9] VGC 2023 Regulation C\n|rule|Species Clause: Limit one of each Pok\u00e9mon\n|rule|Item Clause: Limit one of each item\n|clearpoke\n|poke|p1|Corviknight, L50, F|\n|poke|p1|Rotom-Wash, L50|\n|poke|p1|Ting-Lu, L50|\n|poke|p1|Flutter Mane, L50|\n|poke|p2|Ting-Lu, L50|\n|poke|p2|Kingambit, L50, M|\n|poke|p2|Arcanine, L50, M|\n|poke|p2|Amoonguss, L50, M|\n|poke|p2|Palafin, L50, M|\n|poke|p2|Flutter Mane, L50|\n|teampreview|4\n|inactive|Battle timer is ON: inactive players will automatically lose when time's up. (requested by KoramTrainer)\n|c|\u2606KoramTrainer|Thanks :D\nKoramTrainer has agreed to open team sheets.\nMogulMonke has agreed to open team sheets.\n|inactive|KoramTrainer has 60 seconds left.\n|c|\u2606MogulMonke|screens rotom is deffo something else XD\n|inactive|KoramTrainer has 30 seconds left.\n|inactive|KoramTrainer has 20 seconds left.\n|\n|t:|1681776440\n|start\n|switch|p1a: Flutter Mane|Flutter Mane, L50|100\/100\n|switch|p1b: Rotom|Rotom-Wash, L50|100\/100\n|switch|p2a: Flutter Mane|Flutter Mane, L50|100\/100\n|switch|p2b: Palafin|Palafin, L50, M|100\/100\n|-enditem|p1a: Flutter Mane|Booster Energy\n|-activate|p1a: Flutter Mane|ability: Protosynthesis|[fromitem]\n|-start|p1a: Flutter Mane|protosynthesisspe\n|turn|1\n|inactive|KoramTrainer has 30 seconds left.\n|inactive|MogulMonke has 30 seconds left.\n|\n|t:|1681776475\n|detailschange|p2b: Palafin|Palafin-Hero, L50, M\n|switch|p2b: Ting-Lu|Ting-Lu, L50|100\/100\n|-ability|p2b: Ting-Lu|Vessel of Ruin\n|-terastallize|p2a: Flutter Mane|Fairy\n|move|p1a: Flutter Mane|Shadow Ball|p2a: Flutter Mane\n|-damage|p2a: Flutter Mane|70\/100\n|move|p2a: Flutter Mane|Moonblast|p1b: Rotom\n|-damage|p1b: Rotom|24\/100\n|move|p1b: Rotom|Reflect|p1b: Rotom\n|-sidestart|p1: KoramTrainer|Reflect\n|\n|upkeep\n|turn|2\n|inactive|KoramTrainer has 30 seconds left.\n|inactive|KoramTrainer has 20 seconds left.\n|\n|t:|1681776514\n|switch|p1b: Corviknight|Corviknight, L50, F|100\/100\n|-terastallize|p1a: Flutter Mane|Fairy\n|move|p1a: Flutter Mane|Shadow Ball|p2a: Flutter Mane\n|-damage|p2a: Flutter Mane|42\/100\n|move|p2a: Flutter Mane|Moonblast|p1b: Corviknight\n|-resisted|p1b: Corviknight\n|-damage|p1b: Corviknight|63\/100\n|-ability|p1b: Corviknight|Mirror Armor\n|-unboost|p2a: Flutter Mane|spa|1\n|move|p2b: Ting-Lu|Heavy Slam|p1a: Flutter Mane\n|-supereffective|p1a: Flutter Mane\n|-damage|p1a: Flutter Mane|0 fnt\n|faint|p1a: Flutter Mane\n|-end|p1a: Flutter Mane|Protosynthesis|[silent]\n|\n|-heal|p1b: Corviknight|69\/100|[from] item: Leftovers\n|upkeep\n|\n|t:|1681776533\n|switch|p1a: Ting-Lu|Ting-Lu, L50|100\/100\n|-ability|p1a: Ting-Lu|Vessel of Ruin\n|turn|3\n|c|\u2606MogulMonke|Adamant max attack ting lu moment\n|\n|t:|1681776545\n|-end|p2a: Flutter Mane|Protosynthesis|[silent]\n|switch|p2a: Palafin|Palafin-Hero, L50, M|100\/100\n|-activate|p2a: Palafin|ability: Zero to Hero\n|switch|p1a: Rotom|Rotom-Wash, L50|24\/100\n|move|p1b: Corviknight|Iron Head|p2a: Palafin\n|-resisted|p2a: Palafin\n|-damage|p2a: Palafin|86\/100\n|move|p2b: Ting-Lu|Ruination|p1a: Rotom\n|-damage|p1a: Rotom|12\/100\n|\n|-heal|p1b: Corviknight|75\/100|[from] item: Leftovers\n|upkeep\n|turn|4\n|inactive|KoramTrainer has 30 seconds left.\n|\n|t:|1681776573\n|move|p2a: Palafin|Wave Crash|p1a: Rotom\n|-resisted|p1a: Rotom\n|-damage|p1a: Rotom|0 fnt\n|faint|p1a: Rotom\n|-damage|p2a: Palafin|83\/100|[from] Recoil\n|move|p1b: Corviknight|Bulk Up|p1b: Corviknight\n|-boost|p1b: Corviknight|atk|1\n|-boost|p1b: Corviknight|def|1\n|move|p2b: Ting-Lu|Ruination|p1b: Corviknight\n|-damage|p1b: Corviknight|38\/100\n|\n|-heal|p1b: Corviknight|44\/100|[from] item: Leftovers\n|upkeep\n|\n|t:|1681776584\n|switch|p1a: Ting-Lu|Ting-Lu, L50|100\/100\n|-ability|p1a: Ting-Lu|Vessel of Ruin\n|turn|5\n|\n|t:|1681776605\n|move|p2a: Palafin|Haze|p2a: Palafin\n|-clearallboost\n|move|p1b: Corviknight|Roost|p1b: Corviknight\n|-heal|p1b: Corviknight|94\/100\n|-singleturn|p1b: Corviknight|move: Roost\n|move|p2b: Ting-Lu|Ruination|p1a: Ting-Lu\n|-damage|p1a: Ting-Lu|50\/100\n|move|p1a: Ting-Lu|Fissure|p2a: Palafin|[miss]\n|-miss|p1a: Ting-Lu|p2a: Palafin\n|\n|-heal|p1b: Corviknight|99\/100|[from] item: Leftovers\n|upkeep\n|turn|6\n|inactive|KoramTrainer has 30 seconds left.\n|inactive|KoramTrainer has 20 seconds left.\n|inactive|KoramTrainer has 15 seconds left.\n|\n|t:|1681776650\n|move|p2a: Palafin|Wave Crash|p1a: Ting-Lu\n|-supereffective|p1a: Ting-Lu\n|-damage|p1a: Ting-Lu|0 fnt\n|faint|p1a: Ting-Lu\n|-damage|p2a: Palafin|64\/100|[from] Recoil\n|move|p1b: Corviknight|Brave Bird|p2a: Palafin\n|-crit|p2a: Palafin\n|-damage|p2a: Palafin|2\/100\n|-damage|p1b: Corviknight|80\/100|[from] Recoil\n|move|p2b: Ting-Lu|Ruination|p1b: Corviknight\n|-damage|p1b: Corviknight|40\/100\n|\n|-heal|p1b: Corviknight|46\/100|[from] item: Leftovers\n|upkeep\n|turn|7\n|\n|t:|1681776669\n|switch|p2a: Flutter Mane|Flutter Mane, L50, tera:Fairy|42\/100\n|move|p1b: Corviknight|Roost|p1b: Corviknight\n|-heal|p1b: Corviknight|96\/100\n|-singleturn|p1b: Corviknight|move: Roost\n|move|p2b: Ting-Lu|Ruination|p1b: Corviknight\n|-damage|p1b: Corviknight|48\/100\n|\n|-heal|p1b: Corviknight|54\/100|[from] item: Leftovers\n|upkeep\n|turn|8\n|\n|t:|1681776690\n|move|p2a: Flutter Mane|Shadow Ball|p1b: Corviknight\n|-damage|p1b: Corviknight|13\/100\n|move|p1b: Corviknight|Iron Head|p2a: Flutter Mane\n|-supereffective|p2a: Flutter Mane\n|-damage|p2a: Flutter Mane|0 fnt\n|faint|p2a: Flutter Mane\n|-end|p2a: Flutter Mane|Protosynthesis|[silent]\n|move|p2b: Ting-Lu|Stomping Tantrum|p1b: Corviknight\n|-immune|p1b: Corviknight\n|\n|-heal|p1b: Corviknight|19\/100|[from] item: Leftovers\n|-sideend|p1: KoramTrainer|Reflect\n|upkeep\n|\n|t:|1681776696\n|switch|p2a: Palafin|Palafin-Hero, L50, M|2\/100\n|turn|9\n|\n|t:|1681776703\n|move|p2a: Palafin|Wave Crash|p1b: Corviknight\n|-damage|p1b: Corviknight|0 fnt\n|faint|p1b: Corviknight\n|-damage|p2a: Palafin|0 fnt|[from] Recoil\n|faint|p2a: Palafin\n|\n|win|MogulMonke\n","uploadtime":1681776707,"views":18,"p1id":"koramtrainer","p2id":"mogulmonke","formatid":"gen9vgc2023regulationc","rating":0,"private":0,"password":""}