{"id":"gen9vgc2023regulationc-1848660664","p1":"Baudry","p2":"Xcdc9182","format":"[Gen 9] VGC 2023 Regulation C","log":"|j|\u2606Baudry\n|j|\u203dXcdc9182\n|t:|1682098558\n|gametype|doubles\n|player|p1|Baudry|1|1288\n|player|p2|Xcdc9182|2|1276\n|teamsize|p1|6\n|teamsize|p2|6\n|gen|9\n|tier|[Gen 9] VGC 2023 Regulation C\n|rated|\n|rule|Species Clause: Limit one of each Pok\u00e9mon\n|rule|Item Clause: Limit one of each item\n|clearpoke\n|poke|p1|Glimmora, L50, M|\n|poke|p1|Wo-Chien, L50|\n|poke|p1|Ting-Lu, L50|\n|poke|p1|Gyarados, L50, F|\n|poke|p1|Talonflame, L50, F|\n|poke|p1|Annihilape, L50, M|\n|poke|p2|Brute Bonnet, L50|\n|poke|p2|Indeedee-F, L50, F|\n|poke|p2|Armarouge, L50, M|\n|poke|p2|Kingambit, L50, M|\n|poke|p2|Hatterene, L50, F|\n|poke|p2|Annihilape, L50, F|\n|teampreview|4\n|inactive|Battle timer is ON: inactive players will automatically lose when time's up. (requested by Baudry)\nXcdc9182 rejected open team sheets.\n|inactive|Baudry has 60 seconds left.\n|inactive|Baudry has 30 seconds left.\n|\n|t:|1682098627\n|start\n|switch|p1a: Gyarados|Gyarados, L50, F|100\/100\n|switch|p1b: Annihilape|Annihilape, L50, M|100\/100\n|switch|p2a: Indeedee|Indeedee-F, L50, F|100\/100\n|switch|p2b: Hatterene|Hatterene, L50, F|100\/100\n|-ability|p1a: Gyarados|Intimidate|boost\n|-unboost|p2a: Indeedee|atk|1\n|-unboost|p2b: Hatterene|atk|1\n|-fieldstart|move: Psychic Terrain|[from] ability: Psychic Surge|[of] p2a: Indeedee\n|turn|1\n|inactive|Baudry has 30 seconds left.\n|\n|t:|1682098659\n|switch|p1b: Ting-Lu|Ting-Lu, L50|100\/100\n|-ability|p1b: Ting-Lu|Vessel of Ruin\n|move|p2a: Indeedee|Follow Me|p2a: Indeedee\n|-singleturn|p2a: Indeedee|move: Follow Me\n|move|p1a: Gyarados|Taunt|p2a: Indeedee\n|-start|p2a: Indeedee|move: Taunt\n|move|p2b: Hatterene|Trick Room|p2b: Hatterene\n|-fieldstart|move: Trick Room|[of] p2b: Hatterene\n|\n|upkeep\n|turn|2\n|inactive|Baudry has 30 seconds left.\n|inactive|Xcdc9182 has 30 seconds left.\n|inactive|Baudry has 20 seconds left.\n|inactive|Xcdc9182 has 20 seconds left.\n|\n|t:|1682098699\n|switch|p2a: Kingambit|Kingambit, L50, M|100\/100\n|move|p2b: Hatterene|Dazzling Gleam|p1a: Gyarados|[spread] p1a,p1b\n|-supereffective|p1b: Ting-Lu\n|-damage|p1a: Gyarados|80\/100\n|-damage|p1b: Ting-Lu|79\/100\n|move|p1b: Ting-Lu|Snarl|p2b: Hatterene|[spread] p2a,p2b\n|-resisted|p2a: Kingambit\n|-damage|p2a: Kingambit|98\/100\n|-damage|p2b: Hatterene|91\/100\n|-unboost|p2a: Kingambit|spa|1\n|-ability|p2a: Kingambit|Defiant|boost\n|-boost|p2a: Kingambit|atk|2\n|-unboost|p2b: Hatterene|spa|1\n|move|p1a: Gyarados|Waterfall|p2b: Hatterene\n|-damage|p2b: Hatterene|49\/100\n|\n|upkeep\n|turn|3\n|inactive|Baudry has 30 seconds left.\n|\n|t:|1682098726\n|-terastallize|p2a: Kingambit|Flying\n|move|p2b: Hatterene|Psychic|p1a: Gyarados\n|-damage|p1a: Gyarados|52\/100\n|move|p2a: Kingambit|Low Kick|p1b: Ting-Lu\n|-supereffective|p1b: Ting-Lu\n|-damage|p1b: Ting-Lu|0 fnt\n|faint|p1b: Ting-Lu\n|move|p1a: Gyarados|Thunder Wave|p2a: Kingambit\n|-status|p2a: Kingambit|par\n|\n|upkeep\n|\n|t:|1682098744\n|switch|p1b: Wo-Chien|Wo-Chien, L50|100\/100\n|-ability|p1b: Wo-Chien|Tablets of Ruin\n|turn|4\n|inactive|Baudry has 30 seconds left.\n|inactive|Xcdc9182 has 30 seconds left.\n|inactive|Baudry has 20 seconds left.\n|\n|t:|1682098780\n|-terastallize|p1b: Wo-Chien|Poison\n|move|p2a: Kingambit|Low Kick|p1b: Wo-Chien\n|-resisted|p1b: Wo-Chien\n|-damage|p1b: Wo-Chien|82\/100\n|move|p2b: Hatterene|Dazzling Gleam|p1a: Gyarados|[spread] p1a,p1b\n|-resisted|p1b: Wo-Chien\n|-damage|p1a: Gyarados|33\/100\n|-damage|p1b: Wo-Chien|75\/100\n|-enditem|p1a: Gyarados|Sitrus Berry|[eat]\n|-heal|p1a: Gyarados|58\/100|[from] item: Sitrus Berry\n|move|p1b: Wo-Chien|Knock Off|p2b: Hatterene\n|-damage|p2b: Hatterene|23\/100\n|-enditem|p2b: Hatterene|Focus Sash|[from] move: Knock Off|[of] p1b: Wo-Chien\n|move|p1a: Gyarados|Taunt|p2a: Kingambit\n|-start|p2a: Kingambit|move: Taunt\n|\n|-heal|p1b: Wo-Chien|82\/100|[from] item: Leftovers\n|upkeep\n|turn|5\n|inactive|Baudry has 30 seconds left.\n|inactive|Baudry has 20 seconds left.\n|inactive|Baudry has 15 seconds left.\n|\n|t:|1682098822\n|move|p2a: Kingambit|Kowtow Cleave|p1a: Gyarados\n|-damage|p1a: Gyarados|0 fnt\n|faint|p1a: Gyarados\n|move|p2b: Hatterene|Psychic|p1b: Wo-Chien\n|-supereffective|p1b: Wo-Chien\n|-damage|p1b: Wo-Chien|21\/100\n|move|p1b: Wo-Chien|Leech Seed|p2a: Kingambit|[miss]\n|-miss|p1b: Wo-Chien|p2a: Kingambit\n|\n|-heal|p1b: Wo-Chien|28\/100|[from] item: Leftovers\n|-fieldend|move: Trick Room\n|upkeep\n|\n|t:|1682098835\n|switch|p1a: Annihilape|Annihilape, L50, M|100\/100\n|turn|6\n|inactive|Baudry has 30 seconds left.\n|\n|t:|1682098864\n|move|p1b: Wo-Chien|Protect|p1b: Wo-Chien\n|-singleturn|p1b: Wo-Chien|Protect\n|move|p1a: Annihilape|Rage Fist|p2b: Hatterene\n|-supereffective|p2b: Hatterene\n|-damage|p2b: Hatterene|0 fnt\n|faint|p2b: Hatterene\n|move|p2a: Kingambit|Kowtow Cleave|p1a: Annihilape\n|-damage|p1a: Annihilape|29\/100\n|\n|-heal|p1b: Wo-Chien|34\/100|[from] item: Leftovers\n|upkeep\n|\n|t:|1682098877\n|switch|p2b: Indeedee|Indeedee-F, L50, F|100\/100\n|turn|7\n|\n|t:|1682098895\n|move|p1a: Annihilape|Rage Fist|p2a: Kingambit\n|-damage|p2a: Kingambit|74\/100 par\n|move|p1b: Wo-Chien|Pollen Puff|p1a: Annihilape\n|-heal|p1a: Annihilape|78\/100\n|cant|p2a: Kingambit|par\n|move|p2b: Indeedee|Trick Room|p2b: Indeedee\n|-fieldstart|move: Trick Room|[of] p2b: Indeedee\n|\n|-heal|p1b: Wo-Chien|40\/100|[from] item: Leftovers\n|-end|p2a: Kingambit|move: Taunt\n|upkeep\n|turn|8\n|inactive|Baudry has 30 seconds left.\n|inactive|Xcdc9182 has 30 seconds left.\n|inactive|Xcdc9182 has 20 seconds left.\n|\n|t:|1682098934\n|switch|p2a: Armarouge|Armarouge, L50, M|100\/100\n|move|p2b: Indeedee|Follow Me|p2b: Indeedee\n|-singleturn|p2b: Indeedee|move: Follow Me\n|move|p1b: Wo-Chien|Leech Seed|p2b: Indeedee\n|-start|p2b: Indeedee|move: Leech Seed\n|move|p1a: Annihilape|Bulk Up|p1a: Annihilape\n|-boost|p1a: Annihilape|atk|1\n|-boost|p1a: Annihilape|def|1\n|\n|-heal|p1b: Wo-Chien|46\/100|[from] item: Leftovers\n|-damage|p2b: Indeedee|88\/100|[from] Leech Seed|[of] p1b: Wo-Chien\n|-heal|p1b: Wo-Chien|58\/100|[silent]\n|-fieldend|move: Psychic Terrain\n|upkeep\n|turn|9\n|inactive|Baudry has 30 seconds left.\n|\n|t:|1682098963\n|switch|p2b: Kingambit|Kingambit, L50, M, tera:Flying|74\/100 par\n|move|p1b: Wo-Chien|Protect|p1b: Wo-Chien\n|-singleturn|p1b: Wo-Chien|Protect\n|move|p1a: Annihilape|Protect|p1a: Annihilape\n|-singleturn|p1a: Annihilape|Protect\n|move|p2a: Armarouge|Expanding Force|p1a: Annihilape\n|-activate|p1a: Annihilape|move: Protect\n|\n|-heal|p1b: Wo-Chien|64\/100|[from] item: Leftovers\n|upkeep\n|turn|10\n|inactive|Baudry has 30 seconds left.\n|inactive|Xcdc9182 has 30 seconds left.\n|inactive|Xcdc9182 has 20 seconds left.\n|\n|t:|1682099001\n|switch|p2a: Indeedee|Indeedee-F, L50, F|88\/100\n|-fieldstart|move: Psychic Terrain|[from] ability: Psychic Surge|[of] p2a: Indeedee\n|move|p2b: Kingambit|Kowtow Cleave|p1a: Annihilape\n|-damage|p1a: Annihilape|53\/100\n|move|p1b: Wo-Chien|Leech Seed|p2b: Kingambit\n|-start|p2b: Kingambit|move: Leech Seed\n|move|p1a: Annihilape|Rage Fist|p2a: Indeedee\n|-immune|p2a: Indeedee\n|\n|-heal|p1b: Wo-Chien|70\/100|[from] item: Leftovers\n|-damage|p2b: Kingambit|62\/100 par|[from] Leech Seed|[of] p1b: Wo-Chien\n|-heal|p1b: Wo-Chien|83\/100|[silent]\n|upkeep\n|turn|11\n|inactive|Xcdc9182 has 30 seconds left.\n|\n|t:|1682099029\n|cant|p2b: Kingambit|par\n|move|p2a: Indeedee|Dazzling Gleam|p1a: Annihilape|[spread] p1a,p1b\n|-supereffective|p1a: Annihilape\n|-resisted|p1b: Wo-Chien\n|-damage|p1a: Annihilape|32\/100\n|-damage|p1b: Wo-Chien|79\/100\n|move|p1b: Wo-Chien|Pollen Puff|p1a: Annihilape\n|-heal|p1a: Annihilape|82\/100\n|move|p1a: Annihilape|Drain Punch|p2a: Indeedee\n|-damage|p2a: Indeedee|52\/100\n|-heal|p1a: Annihilape|97\/100|[from] drain|[of] p2a: Indeedee\n|\n|-heal|p1b: Wo-Chien|85\/100|[from] item: Leftovers\n|-damage|p2b: Kingambit|50\/100 par|[from] Leech Seed|[of] p1b: Wo-Chien\n|-heal|p1b: Wo-Chien|98\/100|[silent]\n|-fieldend|move: Trick Room\n|upkeep\n|turn|12\n|inactive|Baudry has 30 seconds left.\n|inactive|Baudry has 20 seconds left.\n|inactive|Baudry has 15 seconds left.\n|inactive|Baudry has 10 seconds left.\n|inactive|Baudry has 5 seconds left.\n|\n|t:|1682099082\n|move|p1a: Annihilape|Drain Punch|p2a: Indeedee\n|-damage|p2a: Indeedee|17\/100\n|-heal|p1a: Annihilape|100\/100|[from] drain|[of] p2a: Indeedee\n|move|p1b: Wo-Chien|Knock Off|p2a: Indeedee\n|-supereffective|p2a: Indeedee\n|-damage|p2a: Indeedee|0 fnt\n|-enditem|p2a: Indeedee|Terrain Extender|[from] move: Knock Off|[of] p1b: Wo-Chien\n|faint|p2a: Indeedee\n|cant|p2b: Kingambit|par\n|\n|-heal|p1b: Wo-Chien|100\/100|[from] item: Leftovers\n|-damage|p2b: Kingambit|38\/100 par|[from] Leech Seed|[of] p1b: Wo-Chien\n|upkeep\n|\n|t:|1682099096\n|switch|p2a: Armarouge|Armarouge, L50, M|100\/100\n|turn|13\n|inactive|Baudry has 30 seconds left.\n|\n|t:|1682099107\n|move|p1a: Annihilape|Protect|p1a: Annihilape\n|-singleturn|p1a: Annihilape|Protect\n|move|p1b: Wo-Chien|Protect|p1b: Wo-Chien\n|-singleturn|p1b: Wo-Chien|Protect\n|move|p2a: Armarouge|Expanding Force|p1a: Annihilape|[spread] \n|-activate|p1a: Annihilape|move: Protect\n|-activate|p1b: Wo-Chien|move: Protect\n|move|p2b: Kingambit|Kowtow Cleave|p1a: Annihilape\n|-activate|p1a: Annihilape|move: Protect\n|\n|-damage|p2b: Kingambit|26\/100 par|[from] Leech Seed|[of] p1b: Wo-Chien\n|upkeep\n|turn|14\n|inactive|Baudry has 30 seconds left this turn.\n|inactive|Baudry has 20 seconds left.\n|inactive|Baudry has 15 seconds left.\n|\n|t:|1682099127\n|move|p1a: Annihilape|Rage Fist|p2a: Armarouge\n|-supereffective|p2a: Armarouge\n|-crit|p2a: Armarouge\n|-damage|p2a: Armarouge|0 fnt\n|faint|p2a: Armarouge\n|move|p1b: Wo-Chien|Knock Off|p2b: Kingambit\n|-damage|p2b: Kingambit|10\/100 par\n|-enditem|p2b: Kingambit|Assault Vest|[from] move: Knock Off|[of] p1b: Wo-Chien\n|move|p2b: Kingambit|Kowtow Cleave|p1a: Annihilape\n|-damage|p1a: Annihilape|78\/100\n|\n|-damage|p2b: Kingambit|0 fnt|[from] Leech Seed|[of] p1b: Wo-Chien\n|faint|p2b: Kingambit\n|\n|win|Baudry\n|upkeep\n|inactive|Baudry has 15 seconds left this turn.\n|raw|Baudry's rating: 1288 → 1312<\/strong> (+24 for winning)\n|raw|Xcdc9182's rating: 1276 → 1252<\/strong> (-24 for losing)\n|l|\u203dXcdc9182\n","uploadtime":1682099145,"views":7,"p1id":"baudry","p2id":"xcdc9182","formatid":"gen9vgc2023regulationc","rating":1252,"private":0,"password":""}