{"id":"gen9vgc2023regulationc-1850837968","p1":"ICCR","p2":"Trainerblk","format":"[Gen 9] VGC 2023 Regulation C","log":"|j|\u2606ICCR\n|j|\u2606Trainerblk\n|t:|1682372878\n|gametype|doubles\n|player|p1|ICCR|266|1326\n|player|p2|Trainerblk|265|1308\n|teamsize|p1|6\n|teamsize|p2|6\n|gen|9\n|tier|[Gen 9] VGC 2023 Regulation C\n|rated|\n|rule|Species Clause: Limit one of each Pok\u00e9mon\n|rule|Item Clause: Limit one of each item\n|clearpoke\n|poke|p1|Arcanine, L50, M|\n|poke|p1|Palafin, L50, F|\n|poke|p1|Baxcalibur, L50, F|\n|poke|p1|Amoonguss, L50, M|\n|poke|p1|Ting-Lu, L50|\n|poke|p1|Flutter Mane, L50|\n|poke|p2|Amoonguss, L50, F|\n|poke|p2|Flutter Mane, L50|\n|poke|p2|Ting-Lu, L50|\n|poke|p2|Arcanine, L50, M|\n|poke|p2|Iron Bundle, L50|\n|poke|p2|Glimmora, L50, M|\n|teampreview|4\n|inactive|Battle timer is ON: inactive players will automatically lose when time's up. (requested by ICCR)\n|inactive|Trainerblk has 60 seconds left.\n|\n|t:|1682372925\n|start\n|switch|p1a: Arcanine|Arcanine, L50, M|100\/100\n|switch|p1b: Palafin|Palafin, L50, F|100\/100\n|switch|p2a: Amoonguss|Amoonguss, L50, F|100\/100\n|switch|p2b: Glimmora|Glimmora, L50, M|100\/100\n|-ability|p1a: Arcanine|Intimidate|boost\n|-unboost|p2a: Amoonguss|atk|1\n|-unboost|p2b: Glimmora|atk|1\n|turn|1\n|\n|t:|1682372943\n|detailschange|p1b: Palafin|Palafin-Hero, L50, F\n|switch|p1b: Amoonguss|Amoonguss, L50, M|100\/100\n|-terastallize|p2a: Amoonguss|Poison\n|move|p2a: Amoonguss|Rage Powder|p2a: Amoonguss\n|-singleturn|p2a: Amoonguss|move: Rage Powder\n|move|p1a: Arcanine|Flare Blitz|p2a: Amoonguss\n|-damage|p2a: Amoonguss|52\/100\n|-damage|p1a: Arcanine|82\/100|[from] Recoil\n|move|p2b: Glimmora|Mortal Spin|p1a: Arcanine|[spread] p1a,p1b\n|-damage|p1a: Arcanine|79\/100\n|-damage|p1b: Amoonguss|98\/100\n|-status|p1a: Arcanine|psn\n|-status|p1b: Amoonguss|psn\n|\n|-heal|p2a: Amoonguss|58\/100|[from] item: Black Sludge\n|-damage|p1a: Arcanine|67\/100 psn|[from] psn\n|-damage|p1b: Amoonguss|85\/100 psn|[from] psn\n|upkeep\n|turn|2\n|inactive|Trainerblk has 30 seconds left.\n|\n|t:|1682372970\n|switch|p2a: Arcanine|Arcanine, L50, M|100\/100\n|-ability|p2a: Arcanine|Intimidate|boost\n|-unboost|p1a: Arcanine|atk|1\n|-unboost|p1b: Amoonguss|atk|1\n|move|p1a: Arcanine|Protect|p1a: Arcanine\n|-singleturn|p1a: Arcanine|Protect\n|move|p2b: Glimmora|Power Gem|p1a: Arcanine\n|-activate|p1a: Arcanine|move: Protect\n|move|p1b: Amoonguss|Spore|p2a: Arcanine\n|-activate|p2a: Arcanine|item: Safety Goggles|Spore\n|\n|-damage|p1a: Arcanine|54\/100 psn|[from] psn\n|-damage|p1b: Amoonguss|73\/100 psn|[from] psn\n|upkeep\n|turn|3\n|\n|t:|1682372992\n|switch|p1b: Palafin|Palafin-Hero, L50, F|100\/100\n|-activate|p1b: Palafin|ability: Zero to Hero\n|move|p1a: Arcanine|Will-O-Wisp|p2b: Glimmora\n|-status|p2b: Glimmora|brn\n|move|p2b: Glimmora|Stealth Rock|p1a: Arcanine\n|-sidestart|p1: ICCR|move: Stealth Rock\n|move|p2a: Arcanine|Flare Blitz|p1b: Palafin\n|-resisted|p1b: Palafin\n|-damage|p1b: Palafin|73\/100\n|-damage|p2a: Arcanine|91\/100|[from] Recoil\n|\n|-damage|p1a: Arcanine|42\/100 psn|[from] psn\n|-damage|p2b: Glimmora|95\/100 brn|[from] brn\n|upkeep\n|turn|4\n|inactive|Trainerblk has 30 seconds left.\n|\n|t:|1682373020\n|switch|p1a: Amoonguss|Amoonguss, L50, M|100\/100 psn\n|-damage|p1a: Amoonguss|88\/100 psn|[from] Stealth Rock\n|move|p1b: Palafin|Protect|p1b: Palafin\n|-singleturn|p1b: Palafin|Protect\n|move|p2a: Arcanine|Protect|p2a: Arcanine\n|-singleturn|p2a: Arcanine|Protect\n|move|p2b: Glimmora|Mortal Spin|p1a: Amoonguss|[spread] p1a\n|-activate|p1b: Palafin|move: Protect\n|-damage|p1a: Amoonguss|87\/100 psn\n|\n|-damage|p1a: Amoonguss|75\/100 psn|[from] psn\n|-damage|p2b: Glimmora|89\/100 brn|[from] brn\n|upkeep\n|turn|5\n|inactive|ICCR has 30 seconds left.\n|\n|t:|1682373048\n|switch|p2a: Amoonguss|Amoonguss, L50, F, tera:Poison|91\/100\n|move|p2b: Glimmora|Spiky Shield|p2b: Glimmora\n|-singleturn|p2b: Glimmora|move: Protect\n|move|p1b: Palafin|Jet Punch|p2b: Glimmora\n|-activate|p2b: Glimmora|move: Protect\n|-damage|p1b: Palafin|61\/100|[from] Spiky Shield|[of] p2b: Glimmora\n|move|p1a: Amoonguss|Pollen Puff|p1b: Palafin\n|-heal|p1b: Palafin|100\/100\n|\n|-heal|p2a: Amoonguss|96\/100|[from] item: Black Sludge\n|-damage|p1a: Amoonguss|62\/100 psn|[from] psn\n|-damage|p2b: Glimmora|83\/100 brn|[from] brn\n|upkeep\n|turn|6\n|inactive|ICCR has 30 seconds left.\n|\n|t:|1682373075\n|switch|p2a: Arcanine|Arcanine, L50, M|91\/100\n|-ability|p2a: Arcanine|Intimidate|boost\n|-unboost|p1a: Amoonguss|atk|1\n|-unboost|p1b: Palafin|atk|1\n|move|p2b: Glimmora|Mortal Spin|p1a: Amoonguss|[spread] p1a,p1b\n|-damage|p1a: Amoonguss|61\/100 psn\n|-damage|p1b: Palafin|99\/100\n|-status|p1b: Palafin|psn\n|move|p1b: Palafin|Wave Crash|p2b: Glimmora\n|-supereffective|p2b: Glimmora\n|-damage|p2b: Glimmora|0 fnt\n|faint|p2b: Glimmora\n|-damage|p1b: Palafin|78\/100 psn|[from] Recoil\n|move|p1a: Amoonguss|Pollen Puff|p2a: Arcanine\n|-resisted|p2a: Arcanine\n|-damage|p2a: Arcanine|82\/100\n|\n|-damage|p1b: Palafin|66\/100 psn|[from] psn\n|-damage|p1a: Amoonguss|49\/100 psn|[from] psn\n|upkeep\n|-enditem|p1a: Amoonguss|Sitrus Berry|[eat]\n|-heal|p1a: Amoonguss|74\/100 psn|[from] item: Sitrus Berry\n|inactive|Trainerblk has 30 seconds left.\n|\n|t:|1682373103\n|switch|p2b: Iron Bundle|Iron Bundle, L50|100\/100\n|-enditem|p2b: Iron Bundle|Booster Energy\n|-activate|p2b: Iron Bundle|ability: Quark Drive|[fromitem]\n|-start|p2b: Iron Bundle|quarkdrivespe\n|turn|7\n|\n|t:|1682373120\n|-terastallize|p1a: Amoonguss|Water\n|move|p1b: Palafin|Protect|p1b: Palafin\n|-singleturn|p1b: Palafin|Protect\n|move|p2b: Iron Bundle|Freeze-Dry|p1b: Palafin\n|-activate|p1b: Palafin|move: Protect\n|move|p2a: Arcanine|Flare Blitz|p1a: Amoonguss\n|-resisted|p1a: Amoonguss\n|-damage|p1a: Amoonguss|50\/100 psn\n|-damage|p2a: Arcanine|73\/100|[from] Recoil\n|move|p1a: Amoonguss|Spore|p2b: Iron Bundle\n|-status|p2b: Iron Bundle|slp|[from] move: Spore\n|\n|-damage|p1b: Palafin|54\/100 psn|[from] psn\n|-damage|p1a: Amoonguss|37\/100 psn|[from] psn\n|upkeep\n|turn|8\n|\n|t:|1682373143\n|move|p2a: Arcanine|Protect|p2a: Arcanine\n|-singleturn|p2a: Arcanine|Protect\n|cant|p2b: Iron Bundle|slp\n|move|p1b: Palafin|Wave Crash|p2a: Arcanine\n|-activate|p2a: Arcanine|move: Protect\n|move|p1a: Amoonguss|Pollen Puff|p1b: Palafin\n|-heal|p1b: Palafin|100\/100 psn\n|\n|-damage|p1b: Palafin|88\/100 psn|[from] psn\n|-damage|p1a: Amoonguss|25\/100 psn|[from] psn\n|upkeep\n|turn|9\n|inactive|Trainerblk has 30 seconds left.\n|\n|t:|1682373172\n|switch|p2a: Amoonguss|Amoonguss, L50, F, tera:Poison|100\/100\n|switch|p1a: Baxcalibur|Baxcalibur, L50, F|100\/100\n|-damage|p1a: Baxcalibur|76\/100|[from] Stealth Rock\n|cant|p2b: Iron Bundle|slp\n|move|p1b: Palafin|Close Combat|p2b: Iron Bundle\n|-supereffective|p2b: Iron Bundle\n|-damage|p2b: Iron Bundle|31\/100 slp\n|-unboost|p1b: Palafin|def|1\n|-unboost|p1b: Palafin|spd|1\n|\n|-damage|p1b: Palafin|76\/100 psn|[from] psn\n|upkeep\n|turn|10\n|\n|t:|1682373194\n|switch|p1b: Arcanine|Arcanine, L50, M|42\/100 psn\n|-damage|p1b: Arcanine|17\/100 psn|[from] Stealth Rock\n|-ability|p1b: Arcanine|Intimidate|boost\n|-unboost|p2a: Amoonguss|atk|1\n|-unboost|p2b: Iron Bundle|atk|1\n|cant|p2b: Iron Bundle|slp\n|move|p1a: Baxcalibur|Icicle Crash|p2a: Amoonguss|[miss]\n|-miss|p1a: Baxcalibur|p2a: Amoonguss\n|move|p2a: Amoonguss|Spore|p1a: Baxcalibur\n|-status|p1a: Baxcalibur|slp|[from] move: Spore\n|\n|-damage|p1b: Arcanine|5\/100 psn|[from] psn\n|upkeep\n|turn|11\n|\n|t:|1682373213\n|-curestatus|p2b: Iron Bundle|slp|[msg]\n|move|p2b: Iron Bundle|Protect|p2b: Iron Bundle\n|-singleturn|p2b: Iron Bundle|Protect\n|move|p2a: Amoonguss|Protect|p2a: Amoonguss\n|-singleturn|p2a: Amoonguss|Protect\n|move|p1b: Arcanine|Flare Blitz|p2b: Iron Bundle\n|-activate|p2b: Iron Bundle|move: Protect\n|cant|p1a: Baxcalibur|slp\n|\n|-damage|p1b: Arcanine|0 fnt|[from] psn\n|faint|p1b: Arcanine\n|upkeep\n|\n|t:|1682373225\n|switch|p1b: Palafin|Palafin-Hero, L50, F|76\/100 psn\n|-damage|p1b: Palafin|64\/100 psn|[from] Stealth Rock\n|turn|12\n|\n|t:|1682373242\n|move|p1b: Palafin|Jet Punch|p2b: Iron Bundle\n|-resisted|p2b: Iron Bundle\n|-damage|p2b: Iron Bundle|8\/100\n|move|p2b: Iron Bundle|Icy Wind|p1b: Palafin|[spread] p1a,p1b\n|-resisted|p1b: Palafin\n|-damage|p1a: Baxcalibur|59\/100 slp\n|-damage|p1b: Palafin|56\/100 psn\n|-unboost|p1b: Palafin|spe|1\n|-curestatus|p1a: Baxcalibur|slp|[msg]\n|move|p1a: Baxcalibur|Icicle Crash|p2a: Amoonguss\n|-damage|p2a: Amoonguss|48\/100\n|move|p2a: Amoonguss|Pollen Puff|p2b: Iron Bundle\n|-heal|p2b: Iron Bundle|58\/100\n|\n|-heal|p2a: Amoonguss|54\/100|[from] item: Black Sludge\n|-damage|p1b: Palafin|44\/100 psn|[from] psn\n|upkeep\n|turn|13\n|\n|t:|1682373263\n|switch|p2a: Arcanine|Arcanine, L50, M|73\/100\n|-ability|p2a: Arcanine|Intimidate|boost\n|-fail|p1a: Baxcalibur|unboost|[from] item: Clear Amulet|[of] p1a: Baxcalibur\n|-unboost|p1b: Palafin|atk|1\n|move|p1b: Palafin|Protect|p1b: Palafin\n|-singleturn|p1b: Palafin|Protect\n|move|p2b: Iron Bundle|Freeze-Dry|p1b: Palafin\n|-activate|p1b: Palafin|move: Protect\n|move|p1a: Baxcalibur|Icicle Crash|p2b: Iron Bundle\n|-resisted|p2b: Iron Bundle\n|-damage|p2b: Iron Bundle|47\/100\n|\n|-damage|p1b: Palafin|31\/100 psn|[from] psn\n|upkeep\n|turn|14\n|inactive|Trainerblk has 30 seconds left.\n|inactive|Trainerblk has 20 seconds left.\n|inactive|Trainerblk has 15 seconds left.\n|inactive|Trainerblk has 10 seconds left.\n|\n|t:|1682373312\n|switch|p1b: Amoonguss|Amoonguss, L50, M, tera:Water|58\/100 psn\n|-damage|p1b: Amoonguss|46\/100 psn|[from] Stealth Rock\n|move|p2b: Iron Bundle|Freeze-Dry|p1b: Amoonguss\n|-supereffective|p1b: Amoonguss\n|-damage|p1b: Amoonguss|0 fnt\n|faint|p1b: Amoonguss\n|move|p2a: Arcanine|Flare Blitz|p1a: Baxcalibur\n|-damage|p1a: Baxcalibur|7\/100\n|-ability|p1a: Baxcalibur|Thermal Exchange|boost\n|-boost|p1a: Baxcalibur|atk|1\n|-damage|p2a: Arcanine|54\/100|[from] Recoil\n|move|p1a: Baxcalibur|Glaive Rush|p2a: Arcanine\n|-damage|p2a: Arcanine|0 fnt\n|-singlemove|p1a: Baxcalibur|Glaive Rush|[silent]\n|faint|p2a: Arcanine\n|\n|upkeep\n|\n|t:|1682373330\n|switch|p2a: Amoonguss|Amoonguss, L50, F, tera:Poison|87\/100\n|switch|p1b: Palafin|Palafin-Hero, L50, F|31\/100 psn\n|-damage|p1b: Palafin|19\/100 psn|[from] Stealth Rock\n|turn|15\n|\n|t:|1682373341\n|move|p1a: Baxcalibur|Protect|p1a: Baxcalibur\n|-singleturn|p1a: Baxcalibur|Protect\n|move|p2a: Amoonguss|Rage Powder|p2a: Amoonguss\n|-singleturn|p2a: Amoonguss|move: Rage Powder\n|move|p1b: Palafin|Jet Punch|p2a: Amoonguss\n|-damage|p2a: Amoonguss|39\/100\n|move|p2b: Iron Bundle|Icy Wind|p1b: Palafin|[spread] p1b\n|-activate|p1a: Baxcalibur|move: Protect\n|-resisted|p1b: Palafin\n|-damage|p1b: Palafin|10\/100 psn\n|-unboost|p1b: Palafin|spe|1\n|\n|-heal|p2a: Amoonguss|45\/100|[from] item: Black Sludge\n|-damage|p1b: Palafin|0 fnt|[from] psn\n|faint|p1b: Palafin\n|upkeep\n|turn|16\n|inactive|Trainerblk has 30 seconds left.\n|\n|t:|1682373366\n|move|p1a: Baxcalibur|Ice Shard|p2b: Iron Bundle\n|-resisted|p2b: Iron Bundle\n|-damage|p2b: Iron Bundle|39\/100\n|move|p2b: Iron Bundle|Freeze-Dry|p1a: Baxcalibur\n|-crit|p1a: Baxcalibur\n|-damage|p1a: Baxcalibur|0 fnt\n|faint|p1a: Baxcalibur\n|\n|win|Trainerblk\n|raw|ICCR's rating: 1326 → 1305<\/strong> (-21 for losing)\n|raw|Trainerblk's rating: 1308 → 1329<\/strong> (+21 for winning)\n","uploadtime":1682373375,"views":11,"p1id":"iccr","p2id":"trainerblk","formatid":"gen9vgc2023regulationc","rating":1305,"private":0,"password":""}