{"id":"gen9vgc2023regulationc-1856148631","p1":"Trullisimo","p2":"Tubtuca","format":"[Gen 9] VGC 2023 Regulation C","log":"|j|\u2606Trullisimo\n|j|\u2606Tubtuca\n|t:|1683035134\n|gametype|doubles\n|player|p1|Trullisimo|265|1430\n|player|p2|Tubtuca|brawly|1352\n|teamsize|p1|6\n|teamsize|p2|6\n|gen|9\n|tier|[Gen 9] VGC 2023 Regulation C\n|rated|\n|rule|Species Clause: Limit one of each Pok\u00e9mon\n|rule|Item Clause: Limit one of each item\n|clearpoke\n|poke|p1|Glimmora, L50, M|\n|poke|p1|Dragonite, L50, M|\n|poke|p1|Dondozo, L50, M|\n|poke|p1|Tatsugiri, L50, F|\n|poke|p1|Chi-Yu, L50|\n|poke|p1|Iron Bundle, L50|\n|poke|p2|Tyranitar, L50, M|\n|poke|p2|Gyarados, L50, M|\n|poke|p2|Baxcalibur, L50, M|\n|poke|p2|Amoonguss, L50, M|\n|poke|p2|Great Tusk, L50|\n|poke|p2|Iron Jugulis, L50|\n|teampreview|4\n|inactive|Battle timer is ON: inactive players will automatically lose when time's up. (requested by Tubtuca)\nTrullisimo has agreed to open team sheets.\n|c|\u2606Trullisimo|OTS please\nTubtuca has agreed to open team sheets.\n|inactive|Trullisimo has 60 seconds left.\n|inactive|Tubtuca has 60 seconds left.\n|inactive|Tubtuca has 30 seconds left.\n|inactive|Tubtuca has 20 seconds left.\n|inactive|Tubtuca has 15 seconds left.\n|inactive|Tubtuca has 10 seconds left.\n|inactive|Tubtuca has 5 seconds left.\n|\n|t:|1683035229\n|start\n|switch|p1a: Iron Bundle|Iron Bundle, L50, shiny|100\/100\n|switch|p1b: Chi-Yu|Chi-Yu, L50|100\/100\n|switch|p2a: Iron Jugulis|Iron Jugulis, L50|100\/100\n|switch|p2b: Tyranitar|Tyranitar, L50, M|100\/100\n|-ability|p1b: Chi-Yu|Beads of Ruin\n|-weather|Sandstorm|[from] ability: Sand Stream|[of] p2b: Tyranitar\n|-enditem|p1a: Iron Bundle|Booster Energy\n|-activate|p1a: Iron Bundle|ability: Quark Drive|[fromitem]\n|-start|p1a: Iron Bundle|quarkdrivespe\n|-enditem|p2a: Iron Jugulis|Booster Energy\n|-activate|p2a: Iron Jugulis|ability: Quark Drive|[fromitem]\n|-start|p2a: Iron Jugulis|quarkdrivespe\n|turn|1\n|inactive|Trullisimo has 30 seconds left.\n|inactive|Tubtuca has 30 seconds left.\n|inactive|Trullisimo has 20 seconds left.\n|inactive|Trullisimo has 15 seconds left.\n|inactive|Trullisimo has 10 seconds left.\n|inactive|Trullisimo has 5 seconds left.\n|\n|t:|1683035284\n|-terastallize|p1b: Chi-Yu|Ghost\n|move|p1a: Iron Bundle|Freeze-Dry|p2a: Iron Jugulis\n|-supereffective|p2a: Iron Jugulis\n|-damage|p2a: Iron Jugulis|0 fnt\n|faint|p2a: Iron Jugulis\n|-end|p2a: Iron Jugulis|Quark Drive|[silent]\n|move|p1b: Chi-Yu|Heat Wave|p2b: Tyranitar|[miss]\n|-miss|p1b: Chi-Yu|p2b: Tyranitar\n|move|p2b: Tyranitar|Rock Slide|p1a: Iron Bundle|[spread] p1a,p1b\n|-supereffective|p1a: Iron Bundle\n|-damage|p1a: Iron Bundle|19\/100\n|-damage|p1b: Chi-Yu|52\/100\n|\n|-weather|Sandstorm|[upkeep]\n|-damage|p1a: Iron Bundle|13\/100|[from] Sandstorm\n|-damage|p1b: Chi-Yu|46\/100|[from] Sandstorm\n|upkeep\n|\n|t:|1683035301\n|switch|p2a: Baxcalibur|Baxcalibur, L50, M|100\/100\n|turn|2\n|\n|t:|1683035320\n|move|p2a: Baxcalibur|Ice Shard|p1a: Iron Bundle\n|-resisted|p1a: Iron Bundle\n|-damage|p1a: Iron Bundle|4\/100\n|-damage|p2a: Baxcalibur|91\/100|[from] item: Life Orb\n|move|p1a: Iron Bundle|Icy Wind|p2a: Baxcalibur|[spread] p2a,p2b\n|-damage|p2a: Baxcalibur|66\/100\n|-damage|p2b: Tyranitar|85\/100\n|-unboost|p2a: Baxcalibur|spe|1\n|-unboost|p2b: Tyranitar|spe|1\n|move|p1b: Chi-Yu|Heat Wave|p2a: Baxcalibur|[spread] p2a,p2b\n|-resisted|p2b: Tyranitar\n|-damage|p2a: Baxcalibur|24\/100\n|-damage|p2b: Tyranitar|71\/100\n|-ability|p2a: Baxcalibur|Thermal Exchange|boost\n|-boost|p2a: Baxcalibur|atk|1\n|move|p2b: Tyranitar|Rock Slide|p1a: Iron Bundle|[spread] p1a\n|-miss|p2b: Tyranitar|p1b: Chi-Yu\n|-supereffective|p1a: Iron Bundle\n|-damage|p1a: Iron Bundle|0 fnt\n|faint|p1a: Iron Bundle\n|-end|p1a: Iron Bundle|Quark Drive|[silent]\n|\n|-weather|Sandstorm|[upkeep]\n|-damage|p1b: Chi-Yu|40\/100|[from] Sandstorm\n|-damage|p2a: Baxcalibur|18\/100|[from] Sandstorm\n|upkeep\n|\n|t:|1683035335\n|switch|p1a: Dondozo|Dondozo, L50, M|100\/100\n|turn|3\n|inactive|Tubtuca has 30 seconds left.\n|\n|t:|1683035366\n|switch|p2b: Gyarados|Gyarados, L50, M|100\/100\n|-ability|p2b: Gyarados|Intimidate|boost\n|-fail|p1a: Dondozo|unboost|Attack|[from] ability: Oblivious|[of] p1a: Dondozo\n|-unboost|p1b: Chi-Yu|atk|1\n|move|p1a: Dondozo|Protect|p1a: Dondozo\n|-singleturn|p1a: Dondozo|Protect\n|move|p1b: Chi-Yu|Dark Pulse|p2b: Gyarados\n|-damage|p2b: Gyarados|51\/100\n|move|p2a: Baxcalibur|Earthquake|p1a: Dondozo|[spread] p1b\n|-activate|p1a: Dondozo|move: Protect\n|-immune|p2b: Gyarados\n|-damage|p1b: Chi-Yu|0 fnt\n|faint|p1b: Chi-Yu\n|-damage|p2a: Baxcalibur|8\/100|[from] item: Life Orb\n|\n|-weather|Sandstorm|[upkeep]\n|-damage|p1a: Dondozo|94\/100|[from] Sandstorm\n|-damage|p2a: Baxcalibur|2\/100|[from] Sandstorm\n|-heal|p1a: Dondozo|100\/100|[from] item: Leftovers\n|upkeep\n|\n|t:|1683035382\n|switch|p1b: Tatsugiri|Tatsugiri, L50, F|100\/100\n|-activate|p1b: Tatsugiri|ability: Commander|[of] p1a: Dondozo\n|-boost|p1a: Dondozo|atk|2\n|-boost|p1a: Dondozo|spa|2\n|-boost|p1a: Dondozo|spe|2\n|-boost|p1a: Dondozo|def|2\n|-boost|p1a: Dondozo|spd|2\n|turn|4\n|\n|t:|1683035401\n|move|p1a: Dondozo|Wave Crash|p2b: Gyarados\n|-resisted|p2b: Gyarados\n|-damage|p2b: Gyarados|0 fnt\n|faint|p2b: Gyarados\n|-damage|p1a: Dondozo|87\/100|[from] Recoil\n|move|p2a: Baxcalibur|Earthquake|p1b: Tatsugiri|[spread] p1a\n|-miss|p2a: Baxcalibur|p1b: Tatsugiri\n|-crit|p1a: Dondozo\n|-damage|p1a: Dondozo|24\/100\n|-damage|p2a: Baxcalibur|0 fnt|[from] item: Life Orb\n|faint|p2a: Baxcalibur\n|\n|-weather|Sandstorm|[upkeep]\n|-damage|p1b: Tatsugiri|95\/100|[from] Sandstorm\n|-damage|p1a: Dondozo|18\/100|[from] Sandstorm\n|-heal|p1a: Dondozo|24\/100|[from] item: Leftovers\n|upkeep\n|\n|t:|1683035410\n|switch|p2a: Tyranitar|Tyranitar, L50, M|71\/100\n|turn|5\n|\n|t:|1683035421\n|-terastallize|p2a: Tyranitar|Flying\n|move|p1a: Dondozo|Protect|p1a: Dondozo\n|-singleturn|p1a: Dondozo|Protect\n|move|p2a: Tyranitar|Rock Slide|p1a: Dondozo|[spread] \n|-miss|p2a: Tyranitar|p1b: Tatsugiri\n|-activate|p1a: Dondozo|move: Protect\n|\n|-weather|none\n|-heal|p1a: Dondozo|30\/100|[from] item: Leftovers\n|upkeep\n|turn|6\n|\n|t:|1683035428\n|move|p1a: Dondozo|Wave Crash|p2a: Tyranitar\n|-damage|p2a: Tyranitar|0 fnt\n|faint|p2a: Tyranitar\n|-damage|p1a: Dondozo|9\/100|[from] Recoil\n|\n|win|Trullisimo\n|raw|Trullisimo's rating: 1430 → 1446<\/strong> (+16 for winning)\n|raw|Tubtuca's rating: 1352 → 1336<\/strong> (-16 for losing)\n","uploadtime":1683035434,"views":3,"p1id":"trullisimo","p2id":"tubtuca","formatid":"gen9vgc2023regulationc","rating":1336,"private":0,"password":""}