{"id":"gen9vgc2023regulationc-1845477588","p1":"Carlceus","p2":"NayeonPopbestidol","format":"[Gen 9] VGC 2023 Regulation C","log":"|j|\u2606Carlceus\n|j|\u2606NayeonPopbestidol\n|t:|1681737622\n|gametype|doubles\n|player|p1|Carlceus|brycen|1308\n|player|p2|NayeonPopbestidol|acetrainerf|1261\n|teamsize|p1|6\n|teamsize|p2|6\n|gen|9\n|tier|[Gen 9] VGC 2023 Regulation C\n|rated|\n|rule|Species Clause: Limit one of each Pok\u00e9mon\n|rule|Item Clause: Limit one of each item\n|clearpoke\n|poke|p1|Ting-Lu, L50|\n|poke|p1|Maushold, L50|\n|poke|p1|Annihilape, L50, F|\n|poke|p1|Arcanine, L50, F|\n|poke|p1|Amoonguss, L50, F|\n|poke|p1|Iron Bundle, L50|\n|poke|p2|Talonflame, L50, F|\n|poke|p2|Garchomp, L50, F|\n|poke|p2|Gyarados, L50, M|\n|poke|p2|Kingambit, L50, F|\n|poke|p2|Amoonguss, L50, F|\n|poke|p2|Flutter Mane, L50|\n|teampreview|4\n|\n|t:|1681737684\n|start\n|switch|p1a: MouseFam|Maushold, L50|100\/100\n|switch|p1b: MonkeyPig|Annihilape, L50, F, shiny|100\/100\n|switch|p2a: Talonflame|Talonflame, L50, F|100\/100\n|switch|p2b: Garchomp|Garchomp, L50, F|100\/100\n|turn|1\n|\n|t:|1681737723\n|move|p2a: Talonflame|Taunt|p1b: MonkeyPig\n|-start|p1b: MonkeyPig|move: Taunt\n|move|p2b: Garchomp|Earthquake|p1b: MonkeyPig|[spread] p1a,p1b\n|-immune|p2a: Talonflame\n|-damage|p1a: MouseFam|52\/100\n|-damage|p1b: MonkeyPig|69\/100\n|move|p1a: MouseFam|Beat Up|p1b: MonkeyPig\n|-damage|p1b: MonkeyPig|67\/100\n|-damage|p1b: MonkeyPig|64\/100\n|-damage|p1b: MonkeyPig|62\/100\n|-damage|p1b: MonkeyPig|60\/100\n|-hitcount|p1b: MonkeyPig|4\n|move|p1b: MonkeyPig|Rage Fist|p2a: Talonflame\n|-damage|p2a: Talonflame|0 fnt\n|faint|p2a: Talonflame\n|\n|-heal|p1b: MonkeyPig|66\/100|[from] item: Leftovers\n|upkeep\n|\n|t:|1681737744\n|switch|p2a: Flutter Mane|Flutter Mane, L50|100\/100\n|-enditem|p2a: Flutter Mane|Booster Energy\n|-activate|p2a: Flutter Mane|ability: Protosynthesis|[fromitem]\n|-start|p2a: Flutter Mane|protosynthesisspe\n|turn|2\n|\n|t:|1681737773\n|switch|p1b: SusShroom|Amoonguss, L50, F|100\/100\n|move|p1a: MouseFam|Follow Me|p1a: MouseFam\n|-singleturn|p1a: MouseFam|move: Follow Me\n|move|p2a: Flutter Mane|Dazzling Gleam|p1b: SusShroom|[spread] p1a,p1b\n|-resisted|p1b: SusShroom\n|-damage|p1a: MouseFam|16\/100\n|-damage|p1b: SusShroom|91\/100\n|move|p2b: Garchomp|Dragon Claw|p1a: MouseFam\n|-damage|p1a: MouseFam|0 fnt\n|faint|p1a: MouseFam\n|\n|upkeep\n|\n|t:|1681737796\n|switch|p1a: Iron Bundle|Iron Bundle, L50|100\/100\n|-enditem|p1a: Iron Bundle|Booster Energy\n|-activate|p1a: Iron Bundle|ability: Quark Drive|[fromitem]\n|-start|p1a: Iron Bundle|quarkdrivespe\n|turn|3\n|\n|t:|1681737823\n|-terastallize|p2b: Garchomp|Fire\n|move|p2a: Flutter Mane|Protect|p2a: Flutter Mane\n|-singleturn|p2a: Flutter Mane|Protect\n|move|p1a: Iron Bundle|Icy Wind|p2a: Flutter Mane|[spread] p2b\n|-activate|p2a: Flutter Mane|move: Protect\n|-resisted|p2b: Garchomp\n|-damage|p2b: Garchomp|89\/100\n|move|p2b: Garchomp|Rock Slide|p1a: Iron Bundle|[spread] p1a,p1b\n|-supereffective|p1a: Iron Bundle\n|-damage|p1a: Iron Bundle|52\/100\n|-damage|p1b: SusShroom|76\/100\n|cant|p1b: SusShroom|flinch\n|\n|upkeep\n|turn|4\n|\n|t:|1681737856\n|move|p1a: Iron Bundle|Icy Wind|p2a: Flutter Mane|[spread] \n|-miss|p1a: Iron Bundle|p2a: Flutter Mane\n|-miss|p1a: Iron Bundle|p2b: Garchomp\n|move|p2a: Flutter Mane|Shadow Ball|p1a: Iron Bundle\n|-damage|p1a: Iron Bundle|0 fnt\n|faint|p1a: Iron Bundle\n|-end|p1a: Iron Bundle|Quark Drive|[silent]\n|move|p2b: Garchomp|Rock Slide|p1b: SusShroom\n|-damage|p1b: SusShroom|55\/100\n|cant|p1b: SusShroom|flinch\n|\n|upkeep\n|\n|t:|1681737871\n|switch|p1a: MonkeyPig|Annihilape, L50, F, shiny|66\/100\n|turn|5\n|\n|t:|1681737887\n|move|p1a: MonkeyPig|Protect|p1a: MonkeyPig\n|-singleturn|p1a: MonkeyPig|Protect\n|move|p2a: Flutter Mane|Shadow Ball|p1b: SusShroom\n|-crit|p1b: SusShroom\n|-damage|p1b: SusShroom|3\/100\n|-unboost|p1b: SusShroom|spd|1\n|-enditem|p1b: SusShroom|Sitrus Berry|[eat]\n|-heal|p1b: SusShroom|28\/100|[from] item: Sitrus Berry\n|move|p2b: Garchomp|Dragon Claw|p1b: SusShroom\n|-damage|p1b: SusShroom|0 fnt\n|faint|p1b: SusShroom\n|\n|-heal|p1a: MonkeyPig|72\/100|[from] item: Leftovers\n|upkeep\n|turn|6\n|\n|t:|1681737911\n|-terastallize|p1a: MonkeyPig|Fire\n|move|p2a: Flutter Mane|Moonblast|p1a: MonkeyPig\n|-resisted|p1a: MonkeyPig\n|-damage|p1a: MonkeyPig|47\/100\n|-unboost|p1a: MonkeyPig|spa|1\n|-ability|p1a: MonkeyPig|Defiant|boost\n|-boost|p1a: MonkeyPig|atk|2\n|move|p2b: Garchomp|Rock Slide|p1a: MonkeyPig\n|-supereffective|p1a: MonkeyPig\n|-damage|p1a: MonkeyPig|0 fnt\n|faint|p1a: MonkeyPig\n|\n|win|NayeonPopbestidol\n|raw|Carlceus's rating: 1308 → 1285<\/strong> (-23 for losing)\n|raw|NayeonPopbestidol's rating: 1261 → 1289<\/strong> (+28 for winning)\n|l|\u2606Carlceus\n","uploadtime":1681737932,"views":8,"p1id":"carlceus","p2id":"nayeonpopbestidol","formatid":"gen9vgc2023regulationc","rating":1285,"private":0,"password":""}