{"id":"gen9vgc2023regulationc-1856666081","p1":"ts02942461","p2":"Zerowen","format":"[Gen 9] VGC 2023 Regulation C","log":"|j|\u2606ts02942461\n|j|\u2606Zerowen\n|t:|1683090765\n|gametype|doubles\n|player|p1|ts02942461|170|1245\n|player|p2|Zerowen|ingo|1347\n|teamsize|p1|6\n|teamsize|p2|6\n|gen|9\n|tier|[Gen 9] VGC 2023 Regulation C\n|rated|\n|rule|Species Clause: Limit one of each Pok\u00e9mon\n|rule|Item Clause: Limit one of each item\n|clearpoke\n|poke|p1|Corviknight, L50, F|\n|poke|p1|Ceruledge, L50, F|\n|poke|p1|Dudunsparce-*, L50, M|\n|poke|p1|Gastrodon, L50, M|\n|poke|p1|Scizor, L50, M|\n|poke|p1|Farigiraf, L50, M|\n|poke|p2|Palafin, L50, M|\n|poke|p2|Arcanine, L50, M|\n|poke|p2|Iron Bundle, L50|\n|poke|p2|Amoonguss, L50, F|\n|poke|p2|Flutter Mane, L50|\n|poke|p2|Great Tusk, L50|\n|teampreview|4\n|\n|t:|1683090795\n|start\n|switch|p1a: Corviknight|Corviknight, L50, F|100\/100\n|switch|p1b: Dudunsparce|Dudunsparce, L50, M|100\/100\n|switch|p2a: WALTER WHITE!??|Iron Bundle, L50|100\/100\n|switch|p2b: BATMAN?!?!|Palafin, L50, M|100\/100\n|turn|1\n|\n|t:|1683090820\n|detailschange|p2b: BATMAN?!?!|Palafin-Hero, L50, M\n|switch|p2b: Tuskothy|Great Tusk, L50|100\/100\n|move|p2a: WALTER WHITE!??|Freeze-Dry|p1b: Dudunsparce\n|-damage|p1b: Dudunsparce|62\/100\n|move|p1b: Dudunsparce|Coil|p1b: Dudunsparce\n|-boost|p1b: Dudunsparce|atk|1\n|-boost|p1b: Dudunsparce|def|1\n|-boost|p1b: Dudunsparce|accuracy|1\n|move|p1a: Corviknight|Tailwind|p1a: Corviknight\n|-sidestart|p1: ts02942461|move: Tailwind\n|\n|upkeep\n|turn|2\n|\n|t:|1683090850\n|move|p2b: Tuskothy|Protect|p2b: Tuskothy\n|-singleturn|p2b: Tuskothy|Protect\n|move|p1b: Dudunsparce|Rock Slide|p2b: Tuskothy|[spread] p2a\n|-activate|p2b: Tuskothy|move: Protect\n|-supereffective|p2a: WALTER WHITE!??\n|-damage|p2a: WALTER WHITE!??|49\/100\n|move|p1a: Corviknight|Brave Bird|p2b: Tuskothy\n|-activate|p2b: Tuskothy|move: Protect\n|cant|p2a: WALTER WHITE!??|flinch\n|\n|upkeep\n|turn|3\n|\n|t:|1683090865\n|-end|p2a: WALTER WHITE!??|Quark Drive|[silent]\n|switch|p2a: BATMAN?!?!|Palafin-Hero, L50, M|100\/100\n|-activate|p2a: BATMAN?!?!|ability: Zero to Hero\n|-terastallize|p2b: Tuskothy|Fire\n|move|p1b: Dudunsparce|Rock Slide|p2b: Tuskothy|[spread] p2a,p2b\n|-supereffective|p2b: Tuskothy\n|-damage|p2a: BATMAN?!?!|79\/100\n|-damage|p2b: Tuskothy|69\/100\n|move|p1a: Corviknight|Brave Bird|p2b: Tuskothy\n|-damage|p2b: Tuskothy|33\/100\n|-damage|p1a: Corviknight|88\/100|[from] Recoil\n|cant|p2b: Tuskothy|flinch\n|\n|-heal|p1a: Corviknight|94\/100|[from] item: Leftovers\n|upkeep\n|turn|4\n|\n|t:|1683090889\n|switch|p1a: Gastrodon|Gastrodon, L50, M|100\/100\n|move|p2b: Tuskothy|Protect|p2b: Tuskothy\n|-singleturn|p2b: Tuskothy|Protect\n|move|p2a: BATMAN?!?!|Jet Punch|p1a: Gastrodon\n|-activate|p1a: Gastrodon|ability: Storm Drain\n|-ability|p1a: Gastrodon|Storm Drain|boost\n|-boost|p1a: Gastrodon|spa|1\n|move|p1b: Dudunsparce|Hyper Drill|p2b: Tuskothy\n|-damage|p2b: Tuskothy|0 fnt\n|faint|p2b: Tuskothy\n|-end|p2b: Tuskothy|Protosynthesis|[silent]\n|\n|-sideend|p1: ts02942461|move: Tailwind\n|upkeep\n|\n|t:|1683090896\n|switch|p2b: WALTER WHITE!??|Iron Bundle, L50|49\/100\n|turn|5\n|\n|t:|1683090914\n|-terastallize|p1a: Gastrodon|Fire\n|move|p2b: WALTER WHITE!??|Freeze-Dry|p1b: Dudunsparce\n|-damage|p1b: Dudunsparce|22\/100\n|move|p2a: BATMAN?!?!|Haze|p2a: BATMAN?!?!\n|-clearallboost\n|move|p1b: Dudunsparce|Rock Slide|p2b: WALTER WHITE!??|[spread] p2a\n|-miss|p1b: Dudunsparce|p2b: WALTER WHITE!??\n|-damage|p2a: BATMAN?!?!|65\/100\n|move|p1a: Gastrodon|Earth Power|p2b: WALTER WHITE!??\n|-damage|p2b: WALTER WHITE!??|23\/100\n|\n|upkeep\n|turn|6\n|\n|t:|1683090939\n|switch|p2a: RK9|Arcanine, L50, M|100\/100\n|-ability|p2a: RK9|Intimidate|boost\n|-unboost|p1a: Gastrodon|atk|1\n|-unboost|p1b: Dudunsparce|atk|1\n|move|p2b: WALTER WHITE!??|Freeze-Dry|p1b: Dudunsparce\n|-damage|p1b: Dudunsparce|0 fnt\n|faint|p1b: Dudunsparce\n|move|p1a: Gastrodon|Chilling Water|p2a: RK9\n|-supereffective|p2a: RK9\n|-damage|p2a: RK9|64\/100\n|-unboost|p2a: RK9|atk|1\n|\n|upkeep\n|\n|t:|1683090947\n|switch|p1b: Corviknight|Corviknight, L50, F|94\/100\n|turn|7\n|inactive|Battle timer is ON: inactive players will automatically lose when time's up. (requested by Zerowen)\n|\n|t:|1683090971\n|switch|p1a: Scizor|Scizor, L50, M|100\/100\n|move|p2b: WALTER WHITE!??|Freeze-Dry|p1a: Scizor\n|-resisted|p1a: Scizor\n|-damage|p1a: Scizor|81\/100\n|move|p2a: RK9|Will-O-Wisp|p1b: Corviknight\n|-status|p1b: Corviknight|brn\n|move|p1b: Corviknight|Tailwind|p1b: Corviknight\n|-sidestart|p1: ts02942461|move: Tailwind\n|\n|-heal|p1b: Corviknight|100\/100 brn|[from] item: Leftovers\n|-damage|p1b: Corviknight|94\/100 brn|[from] brn\n|upkeep\n|turn|8\n|\n|t:|1683090990\n|-end|p2b: WALTER WHITE!??|Quark Drive|[silent]\n|switch|p2b: BATMAN?!?!|Palafin-Hero, L50, M|65\/100\n|move|p1a: Scizor|U-turn|p2a: RK9\n|-resisted|p2a: RK9\n|-damage|p2a: RK9|42\/100\n|\n|t:|1683090996\n|switch|p1a: Gastrodon|Gastrodon, L50, M, tera:Fire|100\/100|[from] U-turn\n|move|p1b: Corviknight|Brave Bird|p2a: RK9\n|-damage|p2a: RK9|12\/100\n|-damage|p1b: Corviknight|84\/100 brn|[from] Recoil\n|move|p2a: RK9|Will-O-Wisp|p1a: Gastrodon\n|-immune|p1a: Gastrodon\n|\n|-heal|p1b: Corviknight|90\/100 brn|[from] item: Leftovers\n|-damage|p1b: Corviknight|84\/100 brn|[from] brn\n|upkeep\n|turn|9\n|-message|Zerowen forfeited.\n|\n|win|ts02942461\n|raw|ts02942461's rating: 1245 → 1277<\/strong> (+32 for winning)\n|raw|Zerowen's rating: 1347 → 1321<\/strong> (-26 for losing)\n|l|\u2606Zerowen\n","uploadtime":1683091149,"views":13,"p1id":"ts02942461","p2id":"zerowen","formatid":"gen9vgc2023regulationc","rating":1277,"private":0,"password":""}