{"id":"gen9vgc2023regulationc-1852923901","p1":"etoubia18","p2":"assprinatschool","format":"[Gen 9] VGC 2023 Regulation C","log":"|j|\u2606etoubia18\n|j|\u2606assprinatschool\n|t:|1682617688\n|gametype|doubles\n|player|p1|etoubia18|1|1093\n|player|p2|assprinatschool|266|1201\n|teamsize|p1|6\n|teamsize|p2|6\n|gen|9\n|tier|[Gen 9] VGC 2023 Regulation C\n|rated|\n|rule|Species Clause: Limit one of each Pok\u00e9mon\n|rule|Item Clause: Limit one of each item\n|clearpoke\n|poke|p1|Gothitelle, L50, F|\n|poke|p1|Garganacl, L50, F|\n|poke|p1|Wo-Chien, L50|\n|poke|p1|Palafin, L50, F|\n|poke|p1|Arcanine, L50, F|\n|poke|p1|Flutter Mane, L50|\n|poke|p2|Dondozo, L50, M|\n|poke|p2|Tatsugiri, L50, F|\n|poke|p2|Glimmora, L50, F|\n|poke|p2|Maushold-Four, L50|\n|poke|p2|Chien-Pao, L50|\n|poke|p2|Roaring Moon, L50|\n|teampreview|4\netoubia18 has agreed to open team sheets.\nassprinatschool has agreed to open team sheets.\n|\n|t:|1682617745\n|start\n|switch|p1a: Gothitelle|Gothitelle, L50, F|100\/100\n|switch|p1b: Arcanine|Arcanine, L50, F|100\/100\n|switch|p2a: Chien-Pao|Chien-Pao, L50|100\/100\n|switch|p2b: Glimmora|Glimmora, L50, F|100\/100\n|-ability|p2a: Chien-Pao|Sword of Ruin\n|-ability|p1b: Arcanine|Intimidate|boost\n|-unboost|p2a: Chien-Pao|atk|1\n|-unboost|p2b: Glimmora|atk|1\n|turn|1\n|\n|t:|1682617755\n|move|p2a: Chien-Pao|Protect|p2a: Chien-Pao\n|-singleturn|p2a: Chien-Pao|Protect\n|move|p1a: Gothitelle|Fake Out|p2b: Glimmora\n|-resisted|p2b: Glimmora\n|-damage|p2b: Glimmora|97\/100\n|-activate|p2b: Glimmora|ability: Toxic Debris\n|-sidestart|p1: etoubia18|move: Toxic Spikes\n|move|p1b: Arcanine|Flare Blitz|p2a: Chien-Pao\n|-activate|p2a: Chien-Pao|move: Protect\n|cant|p2b: Glimmora|flinch\n|\n|upkeep\n|turn|2\n|\n|t:|1682617779\n|move|p2a: Chien-Pao|Sucker Punch|p1b: Arcanine\n|-damage|p1b: Arcanine|62\/100\n|move|p1b: Arcanine|Flare Blitz|p2a: Chien-Pao\n|-supereffective|p2a: Chien-Pao\n|-enditem|p2a: Chien-Pao|Focus Sash\n|-damage|p2a: Chien-Pao|1\/100\n|-damage|p1b: Arcanine|31\/100|[from] Recoil\n|-damage|p1b: Arcanine|21\/100|[from] item: Life Orb\n|move|p2b: Glimmora|Mortal Spin|p1a: Gothitelle|[spread] p1a,p1b\n|-damage|p1a: Gothitelle|97\/100\n|-damage|p1b: Arcanine|16\/100\n|-status|p1a: Gothitelle|psn\n|-status|p1b: Arcanine|psn\n|move|p1a: Gothitelle|Psychic|p2b: Glimmora\n|-supereffective|p2b: Glimmora\n|-damage|p2b: Glimmora|56\/100\n|\n|-damage|p1b: Arcanine|4\/100 psn|[from] psn\n|-damage|p1a: Gothitelle|84\/100 psn|[from] psn\n|upkeep\n|turn|3\n|\n|t:|1682617815\n|move|p2a: Chien-Pao|Protect|p2a: Chien-Pao\n|-singleturn|p2a: Chien-Pao|Protect\n|move|p1b: Arcanine|Flare Blitz|p2a: Chien-Pao\n|-activate|p2a: Chien-Pao|move: Protect\n|move|p2b: Glimmora|Sludge Bomb|p1a: Gothitelle\n|-damage|p1a: Gothitelle|52\/100 psn\n|move|p1a: Gothitelle|Psychic|p2b: Glimmora\n|-supereffective|p2b: Glimmora\n|-damage|p2b: Glimmora|18\/100\n|-unboost|p2b: Glimmora|spd|1\n|\n|-damage|p1b: Arcanine|0 fnt|[from] psn\n|faint|p1b: Arcanine\n|-damage|p1a: Gothitelle|39\/100 psn|[from] psn\n|upkeep\n|-enditem|p1a: Gothitelle|Sitrus Berry|[eat]\n|-heal|p1a: Gothitelle|64\/100 psn|[from] item: Sitrus Berry\n|\n|t:|1682617825\n|switch|p1b: Flutter Mane|Flutter Mane, L50|100\/100\n|-status|p1b: Flutter Mane|psn\n|-enditem|p1b: Flutter Mane|Booster Energy\n|-activate|p1b: Flutter Mane|ability: Protosynthesis|[fromitem]\n|-start|p1b: Flutter Mane|protosynthesisspe\n|turn|4\n|\n|t:|1682617844\n|move|p2a: Chien-Pao|Sucker Punch|p1b: Flutter Mane\n|-damage|p1b: Flutter Mane|37\/100 psn\n|move|p1b: Flutter Mane|Moonblast|p2a: Chien-Pao\n|-supereffective|p2a: Chien-Pao\n|-damage|p2a: Chien-Pao|0 fnt\n|faint|p2a: Chien-Pao\n|move|p2b: Glimmora|Sludge Bomb|p1a: Gothitelle\n|-damage|p1a: Gothitelle|33\/100 psn\n|move|p1a: Gothitelle|Psychic|p2b: Glimmora\n|-supereffective|p2b: Glimmora\n|-damage|p2b: Glimmora|0 fnt\n|faint|p2b: Glimmora\n|\n|-damage|p1b: Flutter Mane|25\/100 psn|[from] psn\n|-damage|p1a: Gothitelle|21\/100 psn|[from] psn\n|upkeep\n|\n|t:|1682617853\n|switch|p2a: Maushold|Maushold-Four, L50|100\/100\n|switch|p2b: Roaring Moon|Roaring Moon, L50|100\/100\n|-enditem|p2b: Roaring Moon|Booster Energy\n|-activate|p2b: Roaring Moon|ability: Protosynthesis|[fromitem]\n|-start|p2b: Roaring Moon|protosynthesisspe\n|turn|5\n|\n|t:|1682617883\n|-terastallize|p1b: Flutter Mane|Fairy\n|-terastallize|p2b: Roaring Moon|Flying\n|move|p2a: Maushold|Follow Me|p2a: Maushold\n|-singleturn|p2a: Maushold|move: Follow Me\n|move|p1b: Flutter Mane|Moonblast|p2a: Maushold\n|-damage|p2a: Maushold|31\/100\n|-unboost|p2a: Maushold|spa|1\n|move|p2b: Roaring Moon|Acrobatics|p1b: Flutter Mane\n|-damage|p1b: Flutter Mane|0 fnt\n|faint|p1b: Flutter Mane\n|-end|p1b: Flutter Mane|Protosynthesis|[silent]\n|move|p1a: Gothitelle|Taunt|p2a: Maushold\n|-start|p2a: Maushold|move: Taunt\n|\n|-damage|p1a: Gothitelle|8\/100 psn|[from] psn\n|upkeep\n|\n|t:|1682617898\n|switch|p1b: Garganacl|Garganacl, L50, F|100\/100\n|turn|6\n|\n|t:|1682617908\n|move|p2b: Roaring Moon|Acrobatics|p1a: Gothitelle\n|-damage|p1a: Gothitelle|0 fnt\n|faint|p1a: Gothitelle\n|move|p2a: Maushold|Super Fang|p1b: Garganacl|[miss]\n|-miss|p2a: Maushold|p1b: Garganacl\n|move|p1b: Garganacl|Salt Cure|p2b: Roaring Moon\n|-supereffective|p2b: Roaring Moon\n|-damage|p2b: Roaring Moon|74\/100\n|-start|p2b: Roaring Moon|Salt Cure\n|\n|-damage|p2b: Roaring Moon|62\/100|[from] Salt Cure\n|upkeep\n|turn|7\n|\n|t:|1682617921\n|move|p2b: Roaring Moon|Acrobatics|p1b: Garganacl\n|-resisted|p1b: Garganacl\n|-damage|p1b: Garganacl|81\/100\n|move|p2a: Maushold|Super Fang|p1b: Garganacl\n|-damage|p1b: Garganacl|41\/100\n|move|p1b: Garganacl|Salt Cure|p2a: Maushold\n|-damage|p2a: Maushold|14\/100\n|-start|p2a: Maushold|Salt Cure\n|\n|-damage|p2b: Roaring Moon|50\/100|[from] Salt Cure\n|-damage|p2a: Maushold|2\/100|[from] Salt Cure\n|upkeep\n|turn|8\n|\n|t:|1682617937\n|move|p2a: Maushold|Feint|p1b: Garganacl\n|-resisted|p1b: Garganacl\n|-damage|p1b: Garganacl|38\/100\n|move|p2b: Roaring Moon|Acrobatics|p1b: Garganacl\n|-resisted|p1b: Garganacl\n|-damage|p1b: Garganacl|17\/100\n|move|p1b: Garganacl|Recover|p1b: Garganacl\n|-heal|p1b: Garganacl|68\/100\n|\n|-damage|p2b: Roaring Moon|38\/100|[from] Salt Cure\n|-damage|p2a: Maushold|0 fnt|[from] Salt Cure\n|faint|p2a: Maushold\n|upkeep\n|turn|9\n|\n|t:|1682617954\n|move|p2b: Roaring Moon|Acrobatics|p1b: Garganacl\n|-resisted|p1b: Garganacl\n|-damage|p1b: Garganacl|47\/100\n|move|p1b: Garganacl|Salt Cure|p2b: Roaring Moon\n|-supereffective|p2b: Roaring Moon\n|-damage|p2b: Roaring Moon|0 fnt\n|faint|p2b: Roaring Moon\n|-end|p2b: Roaring Moon|Protosynthesis|[silent]\n|\n|win|etoubia18\n|raw|etoubia18's rating: 1093 → 1125<\/strong> (+32 for winning)\n|raw|assprinatschool's rating: 1180 → 1149<\/strong> (-31 for losing)\n","uploadtime":1682617966,"views":6,"p1id":"etoubia18","p2id":"assprinatschool","formatid":"gen9vgc2023regulationc","rating":1125,"private":0,"password":""}