{"id":"gen9vgc2023regulationc-1851391498","p1":"mythical weavile","p2":"ee123","format":"[Gen 9] VGC 2023 Regulation C","log":"|j|\u2606mythical weavile\n|j|\u2606ee123\n|t:|1682441375\n|gametype|doubles\n|player|p1|mythical weavile|169|1408\n|player|p2|ee123|lady|1426\n|teamsize|p1|6\n|teamsize|p2|6\n|gen|9\n|tier|[Gen 9] VGC 2023 Regulation C\n|rated|\n|rule|Species Clause: Limit one of each Pok\u00e9mon\n|rule|Item Clause: Limit one of each item\n|clearpoke\n|poke|p1|Dondozo, L50, F|\n|poke|p1|Tatsugiri, L50, F|\n|poke|p1|Flutter Mane, L50|\n|poke|p1|Glimmora, L50, M|\n|poke|p1|Chi-Yu, L50|\n|poke|p1|Iron Bundle, L50|\n|poke|p2|Chien-Pao, L50|\n|poke|p2|Dondozo, L50, F|\n|poke|p2|Tatsugiri, L50, F|\n|poke|p2|Gholdengo, L50|\n|poke|p2|Dragonite, L50, F|\n|poke|p2|Gardevoir, L50, F|\n|teampreview|4\n|inactive|Battle timer is ON: inactive players will automatically lose when time's up. (requested by ee123)\n|\n|t:|1682441401\n|start\n|switch|p1a: Dondozo|Dondozo, L50, F|100\/100\n|switch|p1b: Tatsugiri|Tatsugiri, L50, F|100\/100\n|switch|p2a: \u5bcc\u54e5|Gholdengo, L50|100\/100\n|switch|p2b: \u57fa\u62c9\u5927\u548c|Tatsugiri, L50, F|100\/100\n|-activate|p1b: Tatsugiri|ability: Commander|[of] p1a: Dondozo\n|-boost|p1a: Dondozo|atk|2\n|-boost|p1a: Dondozo|spa|2\n|-boost|p1a: Dondozo|spe|2\n|-boost|p1a: Dondozo|def|2\n|-boost|p1a: Dondozo|spd|2\n|turn|1\n|\n|t:|1682441409\n|switch|p2a: \u80a5\u5927|Dragonite, L50, F|100\/100\n|move|p2b: \u57fa\u62c9\u5927\u548c|Icy Wind|p1b: Tatsugiri|[spread] p1a\n|-miss|p2b: \u57fa\u62c9\u5927\u548c|p1b: Tatsugiri\n|-resisted|p1a: Dondozo\n|-damage|p1a: Dondozo|97\/100\n|-unboost|p1a: Dondozo|spe|1\n|move|p1a: Dondozo|Earthquake|p2a: \u80a5\u5927|[spread] p2b\n|-miss|p1a: Dondozo|p1b: Tatsugiri\n|-immune|p2a: \u80a5\u5927\n|-damage|p2b: \u57fa\u62c9\u5927\u548c|21\/100\n|\n|-heal|p1a: Dondozo|100\/100|[from] item: Leftovers\n|upkeep\n|turn|2\n|\n|t:|1682441432\n|switch|p2b: \u6c99\u591c\u517d|Gardevoir, L50, F|100\/100\n|-ability|p2b: \u6c99\u591c\u517d|Unaware|[from] ability: Trace|[of] p1a: Dondozo\n|move|p1a: Dondozo|Earthquake|p2b: \u6c99\u591c\u517d|[spread] p2b\n|-miss|p1a: Dondozo|p1b: Tatsugiri\n|-immune|p2a: \u80a5\u5927\n|-damage|p2b: \u6c99\u591c\u517d|79\/100\n|move|p2a: \u80a5\u5927|Outrage|p1b: Tatsugiri|[miss]\n|-miss|p2a: \u80a5\u5927|p1b: Tatsugiri\n|\n|upkeep\n|turn|3\n|\n|t:|1682441443\n|move|p1a: Dondozo|Wave Crash|p2b: \u6c99\u591c\u517d\n|-damage|p2b: \u6c99\u591c\u517d|20\/100\n|-enditem|p2b: \u6c99\u591c\u517d|Sitrus Berry|[eat]\n|-heal|p2b: \u6c99\u591c\u517d|45\/100|[from] item: Sitrus Berry\n|-damage|p1a: Dondozo|85\/100|[from] Recoil\n|move|p2a: \u80a5\u5927|Outrage|p1a: Dondozo\n|-damage|p1a: Dondozo|50\/100\n|move|p2b: \u6c99\u591c\u517d|Moonblast|p1a: Dondozo\n|-damage|p1a: Dondozo|12\/100\n|\n|-heal|p1a: Dondozo|18\/100|[from] item: Leftovers\n|upkeep\n|turn|4\n|\n|t:|1682441452\n|move|p2b: \u6c99\u591c\u517d|Protect|p2b: \u6c99\u591c\u517d\n|-singleturn|p2b: \u6c99\u591c\u517d|Protect\n|move|p1a: Dondozo|Wave Crash|p2b: \u6c99\u591c\u517d\n|-activate|p2b: \u6c99\u591c\u517d|move: Protect\n|move|p2a: \u80a5\u5927|Outrage|p1b: Tatsugiri|[from]lockedmove|[miss]\n|-miss|p2a: \u80a5\u5927|p1b: Tatsugiri\n|-start|p2a: \u80a5\u5927|confusion|[fatigue]\n|\n|-heal|p1a: Dondozo|24\/100|[from] item: Leftovers\n|upkeep\n|turn|5\n|\n|t:|1682441473\n|switch|p2b: \u57fa\u62c9\u5927\u548c|Tatsugiri, L50, F|21\/100\n|move|p1a: Dondozo|Wave Crash|p2b: \u57fa\u62c9\u5927\u548c\n|-ability|p2b: \u57fa\u62c9\u5927\u548c|Storm Drain|boost\n|-boost|p2b: \u57fa\u62c9\u5927\u548c|spa|1\n|-activate|p2a: \u80a5\u5927|confusion\n|move|p2a: \u80a5\u5927|Outrage|p1b: Tatsugiri|[miss]\n|-miss|p2a: \u80a5\u5927|p1b: Tatsugiri\n|\n|-heal|p1a: Dondozo|31\/100|[from] item: Leftovers\n|upkeep\n|turn|6\n|\n|t:|1682441486\n|switch|p2b: \u6c99\u591c\u517d|Gardevoir, L50, F|45\/100\n|-ability|p2b: \u6c99\u591c\u517d|Unaware|[from] ability: Trace|[of] p1a: Dondozo\n|move|p1a: Dondozo|Earthquake|p2a: \u80a5\u5927|[spread] p2b\n|-miss|p1a: Dondozo|p1b: Tatsugiri\n|-immune|p2a: \u80a5\u5927\n|-damage|p2b: \u6c99\u591c\u517d|23\/100\n|-end|p2a: \u80a5\u5927|confusion\n|move|p2a: \u80a5\u5927|Outrage|p1a: Dondozo\n|-damage|p1a: Dondozo|0 fnt\n|faint|p1a: Dondozo\n|\n|upkeep\n|\n|t:|1682441499\n|switch|p1a: Iron Bundle|Iron Bundle, L50|100\/100\n|-enditem|p1a: Iron Bundle|Booster Energy\n|-activate|p1a: Iron Bundle|ability: Quark Drive|[fromitem]\n|-start|p1a: Iron Bundle|quarkdrivespe\n|turn|7\n|inactive|ee123 has 30 seconds left.\n|\n|t:|1682441525\n|move|p1a: Iron Bundle|Freeze-Dry|p2a: \u80a5\u5927\n|-supereffective|p2a: \u80a5\u5927\n|-damage|p2a: \u80a5\u5927|39\/100\n|move|p1b: Tatsugiri|Muddy Water|p2a: \u80a5\u5927|[spread] p2a\n|-miss|p1b: Tatsugiri|p2b: \u6c99\u591c\u517d\n|-resisted|p2a: \u80a5\u5927\n|-damage|p2a: \u80a5\u5927|23\/100\n|-unboost|p2a: \u80a5\u5927|accuracy|1\n|move|p2a: \u80a5\u5927|Outrage|p1b: Tatsugiri|[from]lockedmove\n|-supereffective|p1b: Tatsugiri\n|-damage|p1b: Tatsugiri|0 fnt\n|faint|p1b: Tatsugiri\n|-start|p2a: \u80a5\u5927|confusion|[fatigue]\n|move|p2b: \u6c99\u591c\u517d|Dazzling Gleam|p1a: Iron Bundle\n|-damage|p1a: Iron Bundle|20\/100\n|\n|upkeep\n|\n|t:|1682441535\n|switch|p1b: Glimmora|Glimmora, L50, M|100\/100\n|turn|8\n|\n|t:|1682441546\n|switch|p2a: \u57fa\u62c9\u5927\u548c|Tatsugiri, L50, F|21\/100\n|move|p1a: Iron Bundle|Icy Wind|p2a: \u57fa\u62c9\u5927\u548c|[spread] p2a,p2b\n|-damage|p2a: \u57fa\u62c9\u5927\u548c|0 fnt\n|-damage|p2b: \u6c99\u591c\u517d|2\/100\n|-unboost|p2b: \u6c99\u591c\u517d|spe|1\n|faint|p2a: \u57fa\u62c9\u5927\u548c\n|move|p1b: Glimmora|Sludge Bomb|p2b: \u6c99\u591c\u517d\n|-supereffective|p2b: \u6c99\u591c\u517d\n|-damage|p2b: \u6c99\u591c\u517d|0 fnt\n|faint|p2b: \u6c99\u591c\u517d\n|\n|upkeep\n|\n|t:|1682441557\n|switch|p2a: \u5bcc\u54e5|Gholdengo, L50|100\/100\n|switch|p2b: \u80a5\u5927|Dragonite, L50, F|23\/100\n|turn|9\n|\n|t:|1682441573\n|-terastallize|p2a: \u5bcc\u54e5|Steel\n|move|p2b: \u80a5\u5927|Extreme Speed|p1a: Iron Bundle\n|-damage|p1a: Iron Bundle|0 fnt\n|faint|p1a: Iron Bundle\n|-end|p1a: Iron Bundle|Quark Drive|[silent]\n|move|p2a: \u5bcc\u54e5|Make It Rain|p1b: Glimmora\n|-supereffective|p1b: Glimmora\n|-damage|p1b: Glimmora|0 fnt\n|-unboost|p2a: \u5bcc\u54e5|spa|1\n|faint|p1b: Glimmora\n|\n|win|ee123\n|raw|mythical weavile's rating: 1408 → 1389<\/strong> (-19 for losing)\n|raw|ee123's rating: 1426 → 1445<\/strong> (+19 for winning)\n","uploadtime":1682441584,"views":9,"p1id":"mythicalweavile","p2id":"ee123","formatid":"gen9vgc2023regulationc","rating":1389,"private":0,"password":""}