{"id":"gen9vgc2023regulationc-1856145378","p1":"AndyLaVGC","p2":"bsentinel","format":"[Gen 9] VGC 2023 Regulation C","log":"|j|\u2606AndyLaVGC\n|j|\u2606bsentinel\n|t:|1683034819\n|gametype|doubles\n|player|p1|AndyLaVGC|1|1339\n|player|p2|bsentinel|265|1354\n|teamsize|p1|6\n|teamsize|p2|6\n|gen|9\n|tier|[Gen 9] VGC 2023 Regulation C\n|rated|\n|rule|Species Clause: Limit one of each Pok\u00e9mon\n|rule|Item Clause: Limit one of each item\n|clearpoke\n|poke|p1|Slowpoke, L50, M|\n|poke|p1|Torkoal, L50, M|\n|poke|p1|Chi-Yu, L50|\n|poke|p1|Gastrodon, L50, F|\n|poke|p1|Hariyama, L50, M|\n|poke|p1|Brute Bonnet, L50|\n|poke|p2|Gastrodon, L50, F|\n|poke|p2|Iron Hands, L50|\n|poke|p2|Scream Tail, L50|\n|poke|p2|Amoonguss, L50, F|\n|poke|p2|Dragapult, L50, M|\n|poke|p2|Braviary, L50, M|\n|teampreview|4\n|\n|t:|1683034850\n|start\n|switch|p1a: Slowpoke|Slowpoke, L50, M|100\/100\n|switch|p1b: Torkoal|Torkoal, L50, M|100\/100\n|switch|p2a: Iron Hands|Iron Hands, L50|100\/100\n|switch|p2b: Scream Tail|Scream Tail, L50|100\/100\n|-weather|SunnyDay|[from] ability: Drought|[of] p1b: Torkoal\n|-activate|p2b: Scream Tail|ability: Protosynthesis\n|-start|p2b: Scream Tail|protosynthesisspe\n|turn|1\n|inactive|Battle timer is ON: inactive players will automatically lose when time's up. (requested by bsentinel)\n|\n|t:|1683034872\n|-terastallize|p2a: Iron Hands|Fire\n|move|p2b: Scream Tail|Howl|p2b: Scream Tail|[spread] p2a,p2b\n|-boost|p2a: Iron Hands|atk|1\n|-boost|p2b: Scream Tail|atk|1\n|move|p2a: Iron Hands|Earthquake|p1a: Slowpoke|[spread] p2b,p1a,p1b\n|-supereffective|p1b: Torkoal\n|-damage|p2b: Scream Tail|64\/100\n|-damage|p1a: Slowpoke|64\/100\n|-damage|p1b: Torkoal|28\/100\n|-enditem|p1b: Torkoal|Weakness Policy\n|-boost|p1b: Torkoal|atk|2|[from] item: Weakness Policy\n|-boost|p1b: Torkoal|spa|2|[from] item: Weakness Policy\n|move|p1b: Torkoal|Eruption|p2b: Scream Tail|[spread] p2a,p2b\n|-resisted|p2a: Iron Hands\n|-damage|p2a: Iron Hands|88\/100\n|-damage|p2b: Scream Tail|37\/100\n|move|p1a: Slowpoke|Trick Room|p1a: Slowpoke\n|-fieldstart|move: Trick Room|[of] p1a: Slowpoke\n|\n|-weather|SunnyDay|[upkeep]\n|upkeep\n|turn|2\n|inactive|bsentinel has 30 seconds left.\n|\n|t:|1683034900\n|-end|p2b: Scream Tail|Protosynthesis|[silent]\n|switch|p2b: Braviary|Braviary, L50, M|100\/100\n|move|p1a: Slowpoke|Heal Pulse|p1b: Torkoal\n|-heal|p1b: Torkoal|78\/100\n|move|p1b: Torkoal|Earth Power|p2a: Iron Hands\n|-supereffective|p2a: Iron Hands\n|-damage|p2a: Iron Hands|24\/100\n|-unboost|p2a: Iron Hands|spd|1\n|move|p2a: Iron Hands|Earthquake|p1a: Slowpoke|[spread] p1a,p1b\n|-immune|p2b: Braviary\n|-crit|p1a: Slowpoke\n|-supereffective|p1b: Torkoal\n|-damage|p1a: Slowpoke|9\/100\n|-damage|p1b: Torkoal|5\/100\n|\n|-weather|SunnyDay|[upkeep]\n|upkeep\n|turn|3\n|inactive|AndyLaVGC has 30 seconds left.\n|\n|t:|1683034932\n|-end|p2a: Iron Hands|Quark Drive|[silent]\n|switch|p2a: Gastrodon|Gastrodon, L50, F|100\/100\n|move|p1a: Slowpoke|Heal Pulse|p1b: Torkoal\n|-heal|p1b: Torkoal|55\/100\n|move|p1b: Torkoal|Eruption|p2a: Gastrodon|[spread] p2a,p2b\n|-resisted|p2a: Gastrodon\n|-damage|p2a: Gastrodon|63\/100\n|-damage|p2b: Braviary|1\/100\n|move|p2b: Braviary|Brave Bird|p1b: Torkoal\n|-damage|p1b: Torkoal|4\/100\n|-damage|p2b: Braviary|0 fnt|[from] Recoil\n|faint|p2b: Braviary\n|\n|-weather|SunnyDay|[upkeep]\n|upkeep\n|\n|t:|1683034940\n|switch|p2b: Iron Hands|Iron Hands, L50, tera:Fire|24\/100\n|turn|4\n|\n|t:|1683034961\n|move|p1b: Torkoal|Protect|p1b: Torkoal\n|-singleturn|p1b: Torkoal|Protect\n|move|p2b: Iron Hands|Fake Out|p1b: Torkoal\n|-activate|p1b: Torkoal|move: Protect\n|move|p1a: Slowpoke|Slack Off|p1a: Slowpoke\n|-heal|p1a: Slowpoke|59\/100\n|move|p2a: Gastrodon|Earth Power|p1a: Slowpoke\n|-damage|p1a: Slowpoke|31\/100\n|\n|-weather|SunnyDay|[upkeep]\n|upkeep\n|turn|5\n|\n|t:|1683034975\n|-terastallize|p1b: Torkoal|Fire\n|move|p1a: Slowpoke|Heal Pulse|p1b: Torkoal\n|-heal|p1b: Torkoal|54\/100\n|move|p1b: Torkoal|Eruption|p2b: Iron Hands|[spread] p2a,p2b\n|-resisted|p2a: Gastrodon\n|-resisted|p2b: Iron Hands\n|-damage|p2a: Gastrodon|15\/100\n|-damage|p2b: Iron Hands|0 fnt\n|faint|p2b: Iron Hands\n|-end|p2b: Iron Hands|Quark Drive|[silent]\n|move|p2a: Gastrodon|Earth Power|p1b: Torkoal\n|-supereffective|p1b: Torkoal\n|-damage|p1b: Torkoal|0 fnt\n|faint|p1b: Torkoal\n|\n|-weather|none\n|-fieldend|move: Trick Room\n|upkeep\n|\n|t:|1683034989\n|switch|p2b: Scream Tail|Scream Tail, L50|37\/100\n|switch|p1b: Chi-Yu|Chi-Yu, L50|100\/100\n|-ability|p1b: Chi-Yu|Beads of Ruin\n|-enditem|p2b: Scream Tail|Booster Energy\n|-activate|p2b: Scream Tail|ability: Protosynthesis|[fromitem]\n|-start|p2b: Scream Tail|protosynthesisspe\n|turn|6\n|\n|t:|1683035005\n|move|p2b: Scream Tail|Play Rough|p1b: Chi-Yu\n|-damage|p1b: Chi-Yu|71\/100\n|move|p1b: Chi-Yu|Heat Wave|p2a: Gastrodon|[spread] p2a,p2b\n|-resisted|p2a: Gastrodon\n|-crit|p2a: Gastrodon\n|-damage|p2a: Gastrodon|0 fnt\n|-damage|p2b: Scream Tail|0 fnt\n|faint|p2a: Gastrodon\n|faint|p2b: Scream Tail\n|-end|p2b: Scream Tail|Protosynthesis|[silent]\n|\n|win|AndyLaVGC\n|raw|AndyLaVGC's rating: 1339 → 1360<\/strong> (+21 for winning)\n|raw|bsentinel's rating: 1354 → 1333<\/strong> (-21 for losing)\n|l|\u2606bsentinel\n","uploadtime":1683035019,"views":8,"p1id":"andylavgc","p2id":"bsentinel","formatid":"gen9vgc2023regulationc","rating":1333,"private":0,"password":""}