{"id":"gen9vgc2023regulationc-1852809870","p1":"OSWA129","p2":"Magiplop","format":"[Gen 9] VGC 2023 Regulation C","log":"|j|\u2606OSWA129\n|j|\u2606Magiplop\n|t:|1682608167\n|gametype|doubles\n|player|p1|OSWA129|steven|1150\n|player|p2|Magiplop|2|1065\n|teamsize|p1|6\n|teamsize|p2|6\n|gen|9\n|tier|[Gen 9] VGC 2023 Regulation C\n|rated|\n|rule|Species Clause: Limit one of each Pok\u00e9mon\n|rule|Item Clause: Limit one of each item\n|clearpoke\n|poke|p1|Scream Tail, L50|\n|poke|p1|Kingambit, L50, F|\n|poke|p1|Arcanine, L50, F|\n|poke|p1|Chien-Pao, L50|\n|poke|p1|Dragonite, L50, F|\n|poke|p1|Palafin, L50, M|\n|poke|p2|Lokix, L50, M|\n|poke|p2|Gyarados, L50, M|\n|poke|p2|Flutter Mane, L50|\n|poke|p2|Amoonguss, L50, M|\n|poke|p2|Arcanine, L50, M|\n|poke|p2|Ting-Lu, L50|\n|teampreview|4\n|\n|t:|1682608246\n|start\n|switch|p1a: Dragonite|Dragonite, L50, F|100\/100\n|switch|p1b: Scream Tail|Scream Tail, L50|100\/100\n|switch|p2a: Lokix|Lokix, L50, M, shiny|100\/100\n|switch|p2b: Ting-Lu|Ting-Lu, L50|100\/100\n|-ability|p2b: Ting-Lu|Vessel of Ruin\n|-enditem|p1b: Scream Tail|Booster Energy\n|-activate|p1b: Scream Tail|ability: Protosynthesis|[fromitem]\n|-start|p1b: Scream Tail|protosynthesisspe\n|turn|1\n|\n|t:|1682608266\n|-terastallize|p2a: Lokix|Steel\n|-terastallize|p1a: Dragonite|Flying\n|move|p2a: Lokix|First Impression|p1b: Scream Tail\n|-damage|p1b: Scream Tail|65\/100\n|move|p1b: Scream Tail|Howl|p1b: Scream Tail|[spread] p1a,p1b\n|-boost|p1a: Dragonite|atk|1\n|-boost|p1b: Scream Tail|atk|1\n|move|p1a: Dragonite|Tera Blast|p2a: Lokix\n|-resisted|p2a: Lokix\n|-damage|p2a: Lokix|47\/100\n|move|p2b: Ting-Lu|Stealth Rock|p1b: Scream Tail\n|-sidestart|p1: OSWA129|move: Stealth Rock\n|\n|upkeep\n|turn|2\n|\n|t:|1682608302\n|move|p2a: Lokix|Sucker Punch|p1a: Dragonite\n|-damage|p1a: Dragonite|85\/100\n|move|p1b: Scream Tail|Encore|p2a: Lokix\n|-start|p2a: Lokix|Encore\n|move|p1a: Dragonite|Tera Blast|p2b: Ting-Lu\n|-damage|p2b: Ting-Lu|50\/100\n|move|p2b: Ting-Lu|Whirlwind|p1b: Scream Tail\n|-end|p1b: Scream Tail|Protosynthesis|[silent]\n|drag|p1b: Kingambit|Kingambit, L50, F|100\/100\n|-damage|p1b: Kingambit|95\/100|[from] Stealth Rock\n|\n|-heal|p2b: Ting-Lu|56\/100|[from] item: Leftovers\n|upkeep\n|turn|3\n|\n|t:|1682608322\n|move|p2a: Lokix|Sucker Punch|p1a: Dragonite\n|-damage|p1a: Dragonite|49\/100\n|move|p1a: Dragonite|Tera Blast|p2b: Ting-Lu\n|-crit|p2b: Ting-Lu\n|-damage|p2b: Ting-Lu|0 fnt\n|faint|p2b: Ting-Lu\n|move|p1b: Kingambit|Iron Head|p2a: Lokix\n|-resisted|p2a: Lokix\n|-damage|p2a: Lokix|19\/100\n|\n|upkeep\n|\n|t:|1682608336\n|switch|p2b: Sada|Flutter Mane, L50|100\/100\n|turn|4\n|\n|t:|1682608344\n|switch|p2a: Amoonguss|Amoonguss, L50, M|100\/100\n|switch|p1b: Chien-Pao|Chien-Pao, L50|100\/100\n|-damage|p1b: Chien-Pao|76\/100|[from] Stealth Rock\n|-ability|p1b: Chien-Pao|Sword of Ruin\n|move|p1a: Dragonite|Extreme Speed|p2a: Amoonguss\n|-damage|p2a: Amoonguss|52\/100\n|move|p2b: Sada|Moonblast|p1b: Chien-Pao\n|-supereffective|p1b: Chien-Pao\n|-damage|p1b: Chien-Pao|0 fnt\n|faint|p1b: Chien-Pao\n|\n|upkeep\n|\n|t:|1682608362\n|switch|p1b: Scream Tail|Scream Tail, L50|65\/100\n|-damage|p1b: Scream Tail|53\/100|[from] Stealth Rock\n|turn|5\n|\n|t:|1682608374\n|move|p2a: Amoonguss|Rage Powder|p2a: Amoonguss\n|-singleturn|p2a: Amoonguss|move: Rage Powder\n|move|p2b: Sada|Moonblast|p1a: Dragonite\n|-damage|p1a: Dragonite|0 fnt\n|faint|p1a: Dragonite\n|move|p1b: Scream Tail|Howl|p1b: Scream Tail\n|-boost|p1b: Scream Tail|atk|1\n|\n|upkeep\n|\n|t:|1682608380\n|switch|p1a: Kingambit|Kingambit, L50, F|95\/100\n|-damage|p1a: Kingambit|89\/100|[from] Stealth Rock\n|turn|6\n|\n|t:|1682608392\n|move|p2a: Amoonguss|Rage Powder|p2a: Amoonguss\n|-singleturn|p2a: Amoonguss|move: Rage Powder\n|move|p2b: Sada|Moonblast|p1a: Kingambit\n|-damage|p1a: Kingambit|36\/100\n|move|p1b: Scream Tail|Play Rough|p2a: Amoonguss\n|-resisted|p2a: Amoonguss\n|-damage|p2a: Amoonguss|39\/100\n|move|p1a: Kingambit|Assurance|p2a: Amoonguss\n|-damage|p2a: Amoonguss|0 fnt\n|faint|p2a: Amoonguss\n|\n|upkeep\n|\n|t:|1682608402\n|switch|p2a: Lokix|Lokix, L50, M, shiny, tera:Steel|19\/100\n|turn|7\n|\n|t:|1682608409\n|move|p2a: Lokix|First Impression|p1a: Kingambit\n|-damage|p1a: Kingambit|2\/100\n|move|p1a: Kingambit|Sucker Punch||[still]\n|-fail|p1a: Kingambit\n|move|p2b: Sada|Moonblast|p1b: Scream Tail\n|-damage|p1b: Scream Tail|0 fnt\n|faint|p1b: Scream Tail\n|-end|p1b: Scream Tail|Protosynthesis|[silent]\n|\n|upkeep\n|turn|8\n|-message|OSWA129 forfeited.\n|\n|win|Magiplop\n|raw|OSWA129's rating: 1150 → 1119<\/strong> (-31 for losing)\n|raw|Magiplop's rating: 1065 → 1103<\/strong> (+38 for winning)\n|l|\u2606OSWA129\n|l|\u2606Magiplop\n|j|\u2606Magiplop\n|player|p2|Magiplop|2\n","uploadtime":1682608442,"views":7,"p1id":"oswa129","p2id":"magiplop","formatid":"gen9vgc2023regulationc","rating":1103,"private":0,"password":""}