{"id":"gen9vgc2023regulationc-1850396596","p1":"M4tty02","p2":"lateralvs","format":"[Gen 9] VGC 2023 Regulation C","log":"|j|\u2606M4tty02\n|j|\u2606lateralvs\n|t:|1682330609\n|gametype|doubles\n|player|p1|M4tty02|emmet|1457\n|player|p2|lateralvs|giovanni|1457\n|teamsize|p1|6\n|teamsize|p2|6\n|gen|9\n|tier|[Gen 9] VGC 2023 Regulation C\n|rated|\n|rule|Species Clause: Limit one of each Pok\u00e9mon\n|rule|Item Clause: Limit one of each item\n|clearpoke\n|poke|p1|Chi-Yu, L50|\n|poke|p1|Flutter Mane, L50|\n|poke|p1|Amoonguss, L50, F|\n|poke|p1|Iron Hands, L50|\n|poke|p1|Palafin, L50, F|\n|poke|p1|Arcanine, L50, M|\n|poke|p2|Iron Jugulis, L50|\n|poke|p2|Garchomp, L50, M|\n|poke|p2|Gholdengo, L50|\n|poke|p2|Chien-Pao, L50|\n|poke|p2|Gyarados, L50, M|\n|poke|p2|Kingambit, L50, F|\n|teampreview|4\nlateralvs has agreed to open team sheets.\nM4tty02 has agreed to open team sheets.\n|inactive|Battle timer is ON: inactive players will automatically lose when time's up. (requested by lateralvs)\n|inactive|M4tty02 has 60 seconds left.\n|\n|t:|1682330675\n|start\n|switch|p1a: Palafin|Palafin, L50, F, shiny|100\/100\n|switch|p1b: Chi-Yu|Chi-Yu, L50|100\/100\n|switch|p2a: Iron Jugulis|Iron Jugulis, L50|100\/100\n|switch|p2b: Garchomp|Garchomp, L50, M|100\/100\n|-ability|p1b: Chi-Yu|Beads of Ruin\n|-enditem|p2a: Iron Jugulis|Booster Energy\n|-activate|p2a: Iron Jugulis|ability: Quark Drive|[fromitem]\n|-start|p2a: Iron Jugulis|quarkdrivespe\n|turn|1\n|inactive|M4tty02 has 30 seconds left.\n|inactive|M4tty02 has 20 seconds left.\n|\n|t:|1682330714\n|detailschange|p1a: Palafin|Palafin-Hero, L50, F, shiny\n|switch|p1a: Amoonguss|Amoonguss, L50, F, shiny|100\/100\n|move|p2a: Iron Jugulis|Air Slash|p1b: Chi-Yu\n|-crit|p1b: Chi-Yu\n|-damage|p1b: Chi-Yu|49\/100\n|move|p1b: Chi-Yu|Heat Wave|p2b: Garchomp|[spread] p2a,p2b\n|-resisted|p2b: Garchomp\n|-damage|p2a: Iron Jugulis|53\/100\n|-damage|p2b: Garchomp|71\/100\n|move|p2b: Garchomp|Earthquake|p1a: Amoonguss|[spread] p1a,p1b\n|-immune|p2a: Iron Jugulis\n|-supereffective|p1b: Chi-Yu\n|-damage|p1a: Amoonguss|57\/100\n|-damage|p1b: Chi-Yu|0 fnt\n|faint|p1b: Chi-Yu\n|-damage|p2b: Garchomp|61\/100|[from] item: Life Orb\n|\n|upkeep\n|\n|t:|1682330728\n|switch|p1b: Arcanine|Arcanine, L50, M, shiny|100\/100\n|-ability|p1b: Arcanine|Intimidate|boost\n|-unboost|p2a: Iron Jugulis|atk|1\n|-unboost|p2b: Garchomp|atk|1\n|turn|2\n|j| Trullisimo\n|l| Trullisimo\n|j| ylmao\n|inactive|lateralvs has 30 seconds left.\n|inactive|lateralvs has 20 seconds left.\n|inactive|lateralvs has 15 seconds left.\n|inactive|lateralvs has 10 seconds left.\n|\n|t:|1682330774\n|switch|p2b: Gholdengo|Gholdengo, L50|100\/100\n|-terastallize|p1a: Amoonguss|Water\n|move|p1b: Arcanine|Protect|p1b: Arcanine\n|-singleturn|p1b: Arcanine|Protect\n|move|p2a: Iron Jugulis|Air Slash|p1a: Amoonguss\n|-damage|p1a: Amoonguss|31\/100\n|-enditem|p1a: Amoonguss|Sitrus Berry|[eat]\n|-heal|p1a: Amoonguss|56\/100|[from] item: Sitrus Berry\n|move|p1a: Amoonguss|Spore|p2b: Gholdengo\n|-immune|p2b: Gholdengo|[from] ability: Good as Gold\n|\n|upkeep\n|turn|3\n|inactive|lateralvs has 30 seconds left.\n|inactive|lateralvs has 20 seconds left.\n|inactive|lateralvs has 15 seconds left.\n|inactive|lateralvs has 10 seconds left.\n|inactive|lateralvs has 5 seconds left.\n|\n|t:|1682330827\n|move|p2a: Iron Jugulis|Air Slash|p1b: Arcanine\n|-damage|p1b: Arcanine|68\/100\n|cant|p1b: Arcanine|flinch\n|move|p2b: Gholdengo|Shadow Ball|p1b: Arcanine\n|-damage|p1b: Arcanine|0 fnt\n|faint|p1b: Arcanine\n|move|p1a: Amoonguss|Spore|p2a: Iron Jugulis\n|-status|p2a: Iron Jugulis|slp|[from] move: Spore\n|\n|upkeep\n|\n|t:|1682330841\n|switch|p1b: Palafin|Palafin-Hero, L50, F, shiny|100\/100\n|-activate|p1b: Palafin|ability: Zero to Hero\n|turn|4\n|j| menherabbit\n|\n|t:|1682330865\n|switch|p2b: Kingambit|Kingambit, L50, F|100\/100\n|move|p1a: Amoonguss|Protect|p1a: Amoonguss\n|-singleturn|p1a: Amoonguss|Protect\n|cant|p2a: Iron Jugulis|slp\n|move|p1b: Palafin|Wave Crash|p2b: Kingambit\n|-damage|p2b: Kingambit|22\/100\n|-damage|p1b: Palafin|76\/100|[from] Recoil\n|\n|upkeep\n|turn|5\n|j| SerseCosmiVGC\n|inactive|M4tty02 has 30 seconds left.\n|\n|t:|1682330892\n|move|p1b: Palafin|Jet Punch|p2a: Iron Jugulis\n|-damage|p2a: Iron Jugulis|6\/100 slp\n|-curestatus|p2a: Iron Jugulis|slp|[msg]\n|move|p2a: Iron Jugulis|Air Slash|p1a: Amoonguss\n|-damage|p1a: Amoonguss|27\/100\n|move|p2b: Kingambit|Assurance|p1a: Amoonguss\n|-damage|p1a: Amoonguss|0 fnt\n|faint|p1a: Amoonguss\n|\n|upkeep\n|turn|6\n|\n|t:|1682330914\n|move|p2a: Iron Jugulis|Protect|p2a: Iron Jugulis\n|-singleturn|p2a: Iron Jugulis|Protect\n|move|p1b: Palafin|Jet Punch|p2a: Iron Jugulis\n|-activate|p2a: Iron Jugulis|move: Protect\n|move|p2b: Kingambit|Sucker Punch||[still]\n|-fail|p2b: Kingambit\n|\n|upkeep\n|turn|7\n|\n|t:|1682330929\n|move|p1b: Palafin|Jet Punch|p2b: Kingambit\n|-damage|p2b: Kingambit|0 fnt\n|faint|p2b: Kingambit\n|move|p2a: Iron Jugulis|Tailwind|p2a: Iron Jugulis\n|-sidestart|p2: lateralvs|move: Tailwind\n|\n|upkeep\n|\n|t:|1682330933\n|switch|p2b: Gholdengo|Gholdengo, L50|100\/100\n|turn|8\n|\n|t:|1682330943\n|move|p2a: Iron Jugulis|Air Slash|p1b: Palafin\n|-damage|p1b: Palafin|44\/100\n|move|p2b: Gholdengo|Thunderbolt|p1b: Palafin\n|-supereffective|p1b: Palafin\n|-damage|p1b: Palafin|0 fnt\n|faint|p1b: Palafin\n|\n|win|lateralvs\n|raw|M4tty02's rating: 1457 → 1437<\/strong> (-20 for losing)\n|raw|lateralvs's rating: 1457 → 1477<\/strong> (+20 for winning)\n","uploadtime":1682330949,"views":27,"p1id":"m4tty02","p2id":"lateralvs","formatid":"gen9vgc2023regulationc","rating":1437,"private":0,"password":""}