{"id":"gen9vgc2023regulationc-1850757149","p1":"Juliogu10","p2":"19402u","format":"[Gen 9] VGC 2023 Regulation C","log":"|j|\u2606Juliogu10\n|j|\u260619402u\n|t:|1682365077\n|gametype|doubles\n|player|p1|Juliogu10|170|1345\n|player|p2|19402u|265|1438\n|teamsize|p1|6\n|teamsize|p2|6\n|gen|9\n|tier|[Gen 9] VGC 2023 Regulation C\n|rated|\n|rule|Species Clause: Limit one of each Pok\u00e9mon\n|rule|Item Clause: Limit one of each item\n|clearpoke\n|poke|p1|Palafin, L50, F|\n|poke|p1|Amoonguss, L50, F|\n|poke|p1|Dragapult, L50, F|\n|poke|p1|Flutter Mane, L50|\n|poke|p1|Chien-Pao, L50|\n|poke|p1|Great Tusk, L50|\n|poke|p2|Palafin, L50, F|\n|poke|p2|Arcanine, L50, M|\n|poke|p2|Amoonguss, L50, F|\n|poke|p2|Kingambit, L50, F|\n|poke|p2|Flutter Mane, L50|\n|poke|p2|Dragonite, L50, M|\n|teampreview|4\n19402u has agreed to open team sheets.\n|inactive|Battle timer is ON: inactive players will automatically lose when time's up. (requested by Juliogu10)\n|inactive|Juliogu10 has 60 seconds left.\n|inactive|19402u has 60 seconds left.\n|inactive|Juliogu10 has 30 seconds left.\n|inactive|Juliogu10 has 20 seconds left.\n|inactive|Juliogu10 has 15 seconds left.\n|\n|t:|1682365159\n|start\n|switch|p1a: Dragapult|Dragapult, L50, F|100\/100\n|switch|p1b: Chien-Pao|Chien-Pao, L50|100\/100\n|switch|p2a: Arcanine|Arcanine, L50, M|100\/100\n|switch|p2b: Kingambit|Kingambit, L50, F|100\/100\n|-ability|p1b: Chien-Pao|Sword of Ruin\n|-ability|p2a: Arcanine|Intimidate|boost\n|-fail|p1a: Dragapult|unboost|[from] ability: Clear Body|[of] p1a: Dragapult\n|-unboost|p1b: Chien-Pao|atk|1\n|turn|1\n|inactive|Juliogu10 has 30 seconds left.\n|\n|t:|1682365190\n|-terastallize|p1a: Dragapult|Dragon\n|-terastallize|p2b: Kingambit|Dark\n|move|p1a: Dragapult|Dragon Darts|p2a: Arcanine\n|-damage|p2a: Arcanine|44\/100\n|-anim|p1a: Dragapult|Dragon Darts|p2b: Kingambit\n|-damage|p2b: Kingambit|51\/100\n|move|p1b: Chien-Pao|Sacred Sword|p2b: Kingambit\n|-supereffective|p2b: Kingambit\n|-damage|p2b: Kingambit|11\/100\n|move|p2a: Arcanine|Howl|p2a: Arcanine|[spread] p2a,p2b\n|-boost|p2a: Arcanine|atk|1\n|-boost|p2b: Kingambit|atk|1\n|move|p2b: Kingambit|Kowtow Cleave|p1a: Dragapult\n|-damage|p1a: Dragapult|0 fnt\n|faint|p1a: Dragapult\n|\n|upkeep\n|\n|t:|1682365210\n|switch|p1a: Flutter Mane|Flutter Mane, L50|100\/100\n|turn|2\n|\n|t:|1682365233\n|move|p2b: Kingambit|Protect|p2b: Kingambit\n|-singleturn|p2b: Kingambit|Protect\n|move|p2a: Arcanine|Extreme Speed|p1b: Chien-Pao\n|-damage|p1b: Chien-Pao|58\/100\n|move|p1b: Chien-Pao|Sucker Punch||[still]\n|-fail|p1b: Chien-Pao\n|move|p1a: Flutter Mane|Moonblast|p2a: Arcanine\n|-resisted|p2a: Arcanine\n|-damage|p2a: Arcanine|5\/100\n|\n|upkeep\n|turn|3\n|\n|t:|1682365255\n|move|p2a: Arcanine|Extreme Speed|p1b: Chien-Pao\n|-damage|p1b: Chien-Pao|15\/100\n|move|p1b: Chien-Pao|Sucker Punch|p2b: Kingambit\n|-resisted|p2b: Kingambit\n|-damage|p2b: Kingambit|0 fnt\n|faint|p2b: Kingambit\n|move|p1a: Flutter Mane|Moonblast|p2a: Arcanine\n|-resisted|p2a: Arcanine\n|-crit|p2a: Arcanine\n|-damage|p2a: Arcanine|0 fnt\n|faint|p2a: Arcanine\n|\n|upkeep\n|\n|t:|1682365260\n|switch|p2a: Flutter Mane|Flutter Mane, L50|100\/100\n|switch|p2b: Dragonite|Dragonite, L50, M|100\/100\n|-enditem|p2a: Flutter Mane|Booster Energy\n|-activate|p2a: Flutter Mane|ability: Protosynthesis|[fromitem]\n|-start|p2a: Flutter Mane|protosynthesisspa\n|turn|4\n|\n|t:|1682365273\n|move|p1b: Chien-Pao|Protect|p1b: Chien-Pao\n|-singleturn|p1b: Chien-Pao|Protect\n|move|p2b: Dragonite|Extreme Speed|p1b: Chien-Pao\n|-activate|p1b: Chien-Pao|move: Protect\n|move|p2a: Flutter Mane|Shadow Ball|p1a: Flutter Mane\n|-supereffective|p1a: Flutter Mane\n|-damage|p1a: Flutter Mane|2\/100\n|move|p1a: Flutter Mane|Moonblast|p2b: Dragonite\n|-supereffective|p2b: Dragonite\n|-damage|p2b: Dragonite|50\/100\n|\n|upkeep\n|turn|5\n|inactive|Juliogu10 has 30 seconds left.\n|inactive|Juliogu10 has 20 seconds left.\n|inactive|Juliogu10 has 15 seconds left.\n|inactive|Juliogu10 has 10 seconds left.\n|inactive|Juliogu10 has 5 seconds left.\n|\n|t:|1682365328\n|move|p2b: Dragonite|Extreme Speed|p1b: Chien-Pao\n|-damage|p1b: Chien-Pao|0 fnt\n|faint|p1b: Chien-Pao\n|move|p2a: Flutter Mane|Dazzling Gleam|p1a: Flutter Mane\n|-damage|p1a: Flutter Mane|0 fnt\n|faint|p1a: Flutter Mane\n|-end|p1a: Flutter Mane|Protosynthesis|[silent]\n|\n|upkeep\n|\n|t:|1682365336\n|switch|p1b: Great Tusk|Great Tusk, L50|100\/100\n|turn|6\n|\n|t:|1682365348\n|move|p1b: Great Tusk|Iron Head|p2a: Flutter Mane\n|-supereffective|p2a: Flutter Mane\n|-crit|p2a: Flutter Mane\n|-damage|p2a: Flutter Mane|0 fnt\n|faint|p2a: Flutter Mane\n|-end|p2a: Flutter Mane|Protosynthesis|[silent]\n|move|p2b: Dragonite|Low Kick|p1b: Great Tusk\n|-damage|p1b: Great Tusk|65\/100\n|\n|upkeep\n|turn|7\n|\n|t:|1682365359\n|move|p1b: Great Tusk|Iron Head|p2b: Dragonite\n|-damage|p2b: Dragonite|17\/100\n|move|p2b: Dragonite|Low Kick|p1b: Great Tusk\n|-damage|p1b: Great Tusk|29\/100\n|\n|upkeep\n|turn|8\n|\n|t:|1682365367\n|move|p2b: Dragonite|Extreme Speed|p1b: Great Tusk\n|-damage|p1b: Great Tusk|7\/100\n|move|p1b: Great Tusk|Iron Head|p2b: Dragonite\n|-damage|p2b: Dragonite|0 fnt\n|faint|p2b: Dragonite\n|\n|win|Juliogu10\n|raw|Juliogu10's rating: 1345 → 1370<\/strong> (+25 for winning)\n|raw|19402u's rating: 1438 → 1413<\/strong> (-25 for losing)\n|l|\u260619402u\n","uploadtime":1682365377,"views":14,"p1id":"juliogu10","p2id":"19402u","formatid":"gen9vgc2023regulationc","rating":1370,"private":0,"password":""}