{"id":"gen9vgc2023regulationc-1844935077","p1":"flameingpigey2","p2":"Keveloper","format":"[Gen 9] VGC 2023 Regulation C","log":"|j|\u2606flameingpigey2\n|j|\u2606Keveloper\n|t:|1681665791\n|gametype|doubles\n|player|p1|flameingpigey2|hilbert-wonderlauncher|\n|player|p2|Keveloper|lusamine-nihilego|\n|teamsize|p1|6\n|teamsize|p2|6\n|gen|9\n|tier|[Gen 9] VGC 2023 Regulation C\n|rule|Species Clause: Limit one of each Pok\u00e9mon\n|rule|Item Clause: Limit one of each item\n|clearpoke\n|poke|p1|Brute Bonnet, L50|\n|poke|p1|Chi-Yu, L50|\n|poke|p1|Great Tusk, L50|\n|poke|p1|Flutter Mane, L50|\n|poke|p1|Gastrodon-East, L50, F|\n|poke|p1|Murkrow, L50, M|\n|poke|p2|Salamence, L50, F|\n|poke|p2|Amoonguss, L50, M|\n|poke|p2|Palafin, L50, M|\n|poke|p2|Ceruledge, L50, M|\n|poke|p2|Flutter Mane, L50|\n|poke|p2|Ting-Lu, L50|\n|teampreview|4\n|c|\u2606Keveloper|G1\nflameingpigey2 has agreed to open team sheets.\nKeveloper has agreed to open team sheets.\n|c|\u2606Keveloper|I wish I was running AV Tera Blast Ceruledge so bad rn\n|c|\u2606Keveloper|It would do so well into this\n|\n|t:|1681665930\n|start\n|switch|p1a: Murkrow|Murkrow, L50, M|100\/100\n|switch|p1b: Chi-Yu|Chi-Yu, L50|100\/100\n|switch|p2a: Salamence|Salamence, L50, F|100\/100\n|switch|p2b: Flutter Mane|Flutter Mane, L50|100\/100\n|-ability|p2a: Salamence|Intimidate|boost\n|-unboost|p1a: Murkrow|atk|1\n|-unboost|p1b: Chi-Yu|atk|1\n|-ability|p1b: Chi-Yu|Beads of Ruin\n|-enditem|p2b: Flutter Mane|Booster Energy\n|-activate|p2b: Flutter Mane|ability: Protosynthesis|[fromitem]\n|-start|p2b: Flutter Mane|protosynthesisspe\n|turn|1\n|inactive|Battle timer is ON: inactive players will automatically lose when time's up. (requested by Keveloper)\n|\n|t:|1681665976\n|move|p1a: Murkrow|Tailwind|p1a: Murkrow\n|-sidestart|p1: flameingpigey2|move: Tailwind\n|move|p1b: Chi-Yu|Heat Wave|p2a: Salamence|[spread] p2a,p2b\n|-resisted|p2a: Salamence\n|-damage|p2a: Salamence|57\/100\n|-damage|p2b: Flutter Mane|20\/100\n|move|p2b: Flutter Mane|Dazzling Gleam|p1a: Murkrow|[spread] p1a,p1b\n|-supereffective|p1a: Murkrow\n|-damage|p1a: Murkrow|28\/100\n|-damage|p1b: Chi-Yu|67\/100\n|move|p2a: Salamence|Draco Meteor|p1b: Chi-Yu|[miss]\n|-miss|p2a: Salamence|p1b: Chi-Yu\n|\n|upkeep\n|turn|2\n|inactive|flameingpigey2 has 30 seconds left.\n|inactive|flameingpigey2 has 20 seconds left.\n|inactive|flameingpigey2 has 15 seconds left.\n|\n|t:|1681666019\n|-end|p2b: Flutter Mane|Protosynthesis|[silent]\n|switch|p2b: Ceruledge|Ceruledge, L50, M|100\/100\n|move|p1a: Murkrow|Sunny Day|p1a: Murkrow\n|-weather|SunnyDay\n|move|p1b: Chi-Yu|Heat Wave|p2a: Salamence|[spread] p2a\n|-start|p2b: Ceruledge|ability: Flash Fire\n|-resisted|p2a: Salamence\n|-damage|p2a: Salamence|0 fnt\n|faint|p2a: Salamence\n|\n|-weather|SunnyDay|[upkeep]\n|upkeep\n|\n|t:|1681666040\n|switch|p2a: Ting-Lu|Ting-Lu, L50|100\/100\n|-ability|p2a: Ting-Lu|Vessel of Ruin\n|turn|3\n|\n|t:|1681666065\n|switch|p1b: Gastrodon|Gastrodon-East, L50, F|100\/100\n|move|p1a: Murkrow|Brave Bird|p2b: Ceruledge\n|-damage|p2b: Ceruledge|65\/100\n|-damage|p1a: Murkrow|15\/100|[from] Recoil\n|move|p2b: Ceruledge|Bitter Blade|p1b: Gastrodon\n|-resisted|p1b: Gastrodon\n|-damage|p1b: Gastrodon|33\/100\n|-heal|p2b: Ceruledge|100\/100|[from] drain|[of] p1b: Gastrodon\n|-damage|p2b: Ceruledge|91\/100|[from] item: Life Orb\n|move|p2a: Ting-Lu|Stomping Tantrum|p1b: Gastrodon\n|-damage|p1b: Gastrodon|3\/100\n|\n|-weather|SunnyDay|[upkeep]\n|-heal|p1b: Gastrodon|9\/100|[from] item: Leftovers\n|upkeep\n|turn|4\n|inactive|flameingpigey2 has 30 seconds left.\n|inactive|Keveloper has 30 seconds left.\n|c|\u2606flameingpigey2|geez i need to run more def\n|inactive|flameingpigey2 has 20 seconds left.\n|c|\u2606Keveloper|Ceruledge is just built different\n|\n|t:|1681666103\n|move|p1a: Murkrow|Protect|p1a: Murkrow\n|-singleturn|p1a: Murkrow|Protect\n|move|p2b: Ceruledge|Bitter Blade|p1b: Gastrodon\n|-resisted|p1b: Gastrodon\n|-damage|p1b: Gastrodon|0 fnt\n|-heal|p2b: Ceruledge|97\/100|[from] drain|[of] p1b: Gastrodon\n|faint|p1b: Gastrodon\n|-damage|p2b: Ceruledge|87\/100|[from] item: Life Orb\n|move|p2a: Ting-Lu|Heavy Slam|p1a: Murkrow\n|-activate|p1a: Murkrow|move: Protect\n|\n|-weather|SunnyDay|[upkeep]\n|-sideend|p1: flameingpigey2|move: Tailwind\n|upkeep\n|\n|t:|1681666118\n|switch|p1b: Flutter Mane|Flutter Mane, L50|100\/100\n|-activate|p1b: Flutter Mane|ability: Protosynthesis\n|-start|p1b: Flutter Mane|protosynthesisspa\n|turn|5\n|inactive|flameingpigey2 has 30 seconds left.\n|inactive|Keveloper has 30 seconds left.\n|\n|t:|1681666150\n|-terastallize|p2b: Ceruledge|Grass\n|move|p1a: Murkrow|Tailwind|p1a: Murkrow\n|-sidestart|p1: flameingpigey2|move: Tailwind\n|move|p1b: Flutter Mane|Shadow Ball|p2b: Ceruledge\n|-damage|p2b: Ceruledge|37\/100\n|move|p2b: Ceruledge|Bitter Blade|p1b: Flutter Mane\n|-enditem|p1b: Flutter Mane|Focus Sash\n|-damage|p1b: Flutter Mane|1\/100\n|-heal|p2b: Ceruledge|80\/100|[from] drain|[of] p1b: Flutter Mane\n|-damage|p2b: Ceruledge|70\/100|[from] item: Life Orb\n|move|p2a: Ting-Lu|Heavy Slam|p1b: Flutter Mane\n|-supereffective|p1b: Flutter Mane\n|-damage|p1b: Flutter Mane|0 fnt\n|faint|p1b: Flutter Mane\n|-end|p1b: Flutter Mane|Protosynthesis|[silent]\n|\n|-weather|SunnyDay|[upkeep]\n|upkeep\n|\n|t:|1681666163\n|switch|p1b: Chi-Yu|Chi-Yu, L50|67\/100\n|-ability|p1b: Chi-Yu|Beads of Ruin\n|turn|6\n|inactive|flameingpigey2 has 30 seconds left.\n|inactive|flameingpigey2 has 20 seconds left.\n|inactive|flameingpigey2 has 15 seconds left.\n|\n|t:|1681666203\n|-end|p2b: Ceruledge|ability: Flash Fire|[silent]\n|switch|p2b: Flutter Mane|Flutter Mane, L50|20\/100\n|-activate|p2b: Flutter Mane|ability: Protosynthesis\n|-start|p2b: Flutter Mane|protosynthesisspe\n|-terastallize|p1b: Chi-Yu|Fire\n|move|p1b: Chi-Yu|Flamethrower|p2a: Ting-Lu\n|-damage|p2a: Ting-Lu|42\/100\n|move|p1a: Murkrow|Brave Bird|p2b: Flutter Mane\n|-damage|p2b: Flutter Mane|0 fnt\n|faint|p2b: Flutter Mane\n|-end|p2b: Flutter Mane|Protosynthesis|[silent]\n|-damage|p1a: Murkrow|9\/100|[from] Recoil\n|move|p2a: Ting-Lu|Stomping Tantrum|p1b: Chi-Yu\n|-supereffective|p1b: Chi-Yu\n|-damage|p1b: Chi-Yu|0 fnt\n|faint|p1b: Chi-Yu\n|\n|-weather|none\n|upkeep\n|c|\u2606flameingpigey2|gg\n|c|\u2606Keveloper|trying to ohko ting lu was definitely the only out, gg\n|\n|t:|1681666228\n|switch|p2b: Ceruledge|Ceruledge, L50, M, tera:Grass|70\/100\n|turn|7\n|\n|t:|1681666239\n|move|p2b: Ceruledge|Shadow Sneak|p1a: Murkrow\n|-resisted|p1a: Murkrow\n|-damage|p1a: Murkrow|0 fnt\n|faint|p1a: Murkrow\n|-damage|p2b: Ceruledge|60\/100|[from] item: Life Orb\n|\n|win|Keveloper\n|l|\u2606flameingpigey2\n","uploadtime":1681666245,"views":13,"p1id":"flameingpigey2","p2id":"keveloper","formatid":"gen9vgc2023regulationc","rating":0,"private":0,"password":""}