{"id":"gen9vgc2023regulationc-1862966708","p1":"Igpvala","p2":"snorlax215.2","format":"[Gen 9] VGC 2023 Regulation C","log":"|j|\u2606Igpvala\n|j|\u2606snorlax215.2\n|t:|1683945124\n|gametype|doubles\n|player|p1|Igpvala|hugh|1284\n|player|p2|snorlax215.2|hilbert-wonderlauncher|1307\n|teamsize|p1|6\n|teamsize|p2|6\n|gen|9\n|tier|[Gen 9] VGC 2023 Regulation C\n|rated|\n|rule|Species Clause: Limit one of each Pok\u00e9mon\n|rule|Item Clause: Limit one of each item\n|clearpoke\n|poke|p1|Vaporeon, L50, F|\n|poke|p1|Garganacl, L50, M|\n|poke|p1|Flutter Mane, L50|\n|poke|p1|Iron Bundle, L50|\n|poke|p1|Iron Hands, L50|\n|poke|p1|Great Tusk, L50|\n|poke|p2|Talonflame, L50, F|\n|poke|p2|Gholdengo, L50|\n|poke|p2|Gyarados, L50, M|\n|poke|p2|Amoonguss, L50, F|\n|poke|p2|Chi-Yu, L50|\n|poke|p2|Baxcalibur, L50, M|\n|teampreview|4\n|inactive|Battle timer is ON: inactive players will automatically lose when time's up. (requested by snorlax215.2)\nIgpvala has agreed to open team sheets.\nsnorlax215.2 has agreed to open team sheets.\n|inactive|Igpvala has 60 seconds left.\n|inactive|snorlax215.2 has 60 seconds left.\n|inactive|Igpvala has 30 seconds left.\n|inactive|snorlax215.2 has 30 seconds left.\n|inactive|snorlax215.2 has 20 seconds left.\n|\n|t:|1683945198\n|start\n|switch|p1a: Garganacl|Garganacl, L50, M, shiny|100\/100\n|switch|p1b: Great Tusk|Great Tusk, L50, shiny|100\/100\n|switch|p2a: Gholdengo|Gholdengo, L50|100\/100\n|switch|p2b: Gyarados|Gyarados, L50, M|100\/100\n|-ability|p2b: Gyarados|Intimidate|boost\n|-unboost|p1a: Garganacl|atk|1\n|-fail|p1b: Great Tusk|unboost|[from] item: Clear Amulet|[of] p1b: Great Tusk\n|turn|1\n|c|\u2606snorlax215.2|glhf\n|inactive|snorlax215.2 has 30 seconds left.\n|inactive|snorlax215.2 has 20 seconds left.\n|inactive|snorlax215.2 has 15 seconds left.\n|inactive|snorlax215.2 has 10 seconds left.\n|inactive|snorlax215.2 has 5 seconds left.\n|\n|t:|1683945251\n|-terastallize|p1a: Garganacl|Flying\n|move|p1b: Great Tusk|Protect|p1b: Great Tusk\n|-singleturn|p1b: Great Tusk|Protect\n|move|p2a: Gholdengo|Protect|p2a: Gholdengo\n|-singleturn|p2a: Gholdengo|Protect\n|move|p2b: Gyarados|Waterfall|p1b: Great Tusk\n|-activate|p1b: Great Tusk|move: Protect\n|move|p1a: Garganacl|Salt Cure|p2a: Gholdengo\n|-activate|p2a: Gholdengo|move: Protect\n|\n|upkeep\n|turn|2\n|inactive|snorlax215.2 has 30 seconds left.\n|\n|t:|1683945282\n|-end|p1b: Great Tusk|Protosynthesis|[silent]\n|switch|p1b: Iron Hands|Iron Hands, L50, shiny|100\/100\n|-terastallize|p2a: Gholdengo|Water\n|move|p2b: Gyarados|Waterfall|p1b: Iron Hands\n|-crit|p1b: Iron Hands\n|-damage|p1b: Iron Hands|52\/100\n|move|p2a: Gholdengo|Nasty Plot|p2a: Gholdengo\n|-boost|p2a: Gholdengo|spa|2\n|move|p1a: Garganacl|Salt Cure|p2a: Gholdengo\n|-damage|p2a: Gholdengo|92\/100\n|-start|p2a: Gholdengo|Salt Cure\n|\n|-heal|p2a: Gholdengo|98\/100|[from] item: Leftovers\n|-damage|p2a: Gholdengo|74\/100|[from] Salt Cure\n|upkeep\n|turn|3\n|inactive|snorlax215.2 has 30 seconds left.\n|inactive|snorlax215.2 has 20 seconds left.\n|inactive|snorlax215.2 has 15 seconds left.\n|inactive|snorlax215.2 has 10 seconds left.\n|\n|t:|1683945327\n|move|p1a: Garganacl|Wide Guard|p1a: Garganacl\n|-singleturn|p1a: Garganacl|Wide Guard\n|move|p2b: Gyarados|Waterfall|p1a: Garganacl\n|-damage|p1a: Garganacl|70\/100\n|move|p2a: Gholdengo|Make It Rain|p1a: Garganacl|[spread] \n|-activate|p1a: Garganacl|move: Wide Guard\n|-activate|p1b: Iron Hands|move: Wide Guard\n|move|p1b: Iron Hands|Wild Charge|p2b: Gyarados\n|-supereffective|p2b: Gyarados\n|-damage|p2b: Gyarados|0 fnt\n|faint|p2b: Gyarados\n|-damage|p1b: Iron Hands|32\/100|[from] Recoil\n|\n|-heal|p2a: Gholdengo|80\/100|[from] item: Leftovers\n|-damage|p2a: Gholdengo|55\/100|[from] Salt Cure\n|upkeep\n|inactive|snorlax215.2 has 30 seconds left.\n|\n|t:|1683945355\n|switch|p2b: Baxcalibur|Baxcalibur, L50, M|100\/100\n|turn|4\n|\n|t:|1683945372\n|move|p1a: Garganacl|Wide Guard|p1a: Garganacl\n|-singleturn|p1a: Garganacl|Wide Guard\n|move|p2b: Baxcalibur|Icicle Crash|p1a: Garganacl\n|-supereffective|p1a: Garganacl\n|-damage|p1a: Garganacl|0 fnt\n|faint|p1a: Garganacl\n|move|p2a: Gholdengo|Shadow Ball|p1b: Iron Hands\n|-damage|p1b: Iron Hands|0 fnt\n|faint|p1b: Iron Hands\n|-end|p1b: Iron Hands|Quark Drive|[silent]\n|\n|-heal|p2a: Gholdengo|61\/100|[from] item: Leftovers\n|-damage|p2a: Gholdengo|37\/100|[from] Salt Cure\n|upkeep\n|\n|t:|1683945384\n|switch|p1b: Great Tusk|Great Tusk, L50, shiny|100\/100\n|switch|p1a: Iron Bundle|Iron Bundle, L50, shiny|100\/100\n|turn|5\n|\n|t:|1683945409\n|move|p1a: Iron Bundle|Freeze-Dry|p2b: Baxcalibur\n|-damage|p2b: Baxcalibur|80\/100\n|move|p1b: Great Tusk|Close Combat|p2b: Baxcalibur\n|-supereffective|p2b: Baxcalibur\n|-damage|p2b: Baxcalibur|0 fnt\n|-unboost|p1b: Great Tusk|def|1\n|-unboost|p1b: Great Tusk|spd|1\n|faint|p2b: Baxcalibur\n|move|p2a: Gholdengo|Make It Rain|p1b: Great Tusk|[spread] p1a,p1b\n|-enditem|p1a: Iron Bundle|Focus Sash\n|-damage|p1a: Iron Bundle|1\/100\n|-damage|p1b: Great Tusk|0 fnt\n|-unboost|p2a: Gholdengo|spa|1\n|faint|p1b: Great Tusk\n|-end|p1b: Great Tusk|Protosynthesis|[silent]\n|\n|-heal|p2a: Gholdengo|43\/100|[from] item: Leftovers\n|-damage|p2a: Gholdengo|18\/100|[from] Salt Cure\n|upkeep\n|c|\u2606snorlax215.2|gg\n|\n|t:|1683945426\n|switch|p2b: Chi-Yu|Chi-Yu, L50|100\/100\n|-ability|p2b: Chi-Yu|Beads of Ruin\n|turn|6\n|\n|t:|1683945434\n|move|p1a: Iron Bundle|Protect|p1a: Iron Bundle\n|-singleturn|p1a: Iron Bundle|Protect\n|move|p2b: Chi-Yu|Dark Pulse|p1a: Iron Bundle\n|-activate|p1a: Iron Bundle|move: Protect\n|move|p2a: Gholdengo|Shadow Ball|p1a: Iron Bundle\n|-activate|p1a: Iron Bundle|move: Protect\n|\n|-heal|p2a: Gholdengo|24\/100|[from] item: Leftovers\n|-damage|p2a: Gholdengo|0 fnt|[from] Salt Cure\n|faint|p2a: Gholdengo\n|upkeep\n|turn|7\n|\n|t:|1683945447\n|move|p1a: Iron Bundle|Freeze-Dry|p2b: Chi-Yu\n|-resisted|p2b: Chi-Yu\n|-damage|p2b: Chi-Yu|84\/100\n|move|p2b: Chi-Yu|Dark Pulse|p1a: Iron Bundle\n|-damage|p1a: Iron Bundle|0 fnt\n|faint|p1a: Iron Bundle\n|-end|p1a: Iron Bundle|Quark Drive|[silent]\n|\n|win|snorlax215.2\n|raw|Igpvala's rating: 1284 → 1261<\/strong> (-23 for losing)\n|raw|snorlax215.2's rating: 1307 → 1326<\/strong> (+19 for winning)\n|c|\u2606snorlax215.2|no hydro?\n","uploadtime":1683945457,"views":4,"p1id":"igpvala","p2id":"snorlax2152","formatid":"gen9vgc2023regulationc","rating":1261,"private":0,"password":""}