{"id":"gen9vgc2023regulationc-1853087226","p1":"WonkyWill","p2":"PEEPEEPOOPOO72","format":"[Gen 9] VGC 2023 Regulation C","log":"|j|\u2606WonkyWill\n|j|\u2606PEEPEEPOOPOO72\n|t:|1682633582\n|gametype|doubles\n|player|p1|WonkyWill|101|1242\n|player|p2|PEEPEEPOOPOO72|266|1260\n|teamsize|p1|6\n|teamsize|p2|6\n|gen|9\n|tier|[Gen 9] VGC 2023 Regulation C\n|rated|\n|rule|Species Clause: Limit one of each Pok\u00e9mon\n|rule|Item Clause: Limit one of each item\n|clearpoke\n|poke|p1|Ting-Lu, L50|\n|poke|p1|Chien-Pao, L50|\n|poke|p1|Garganacl, L50, M|\n|poke|p1|Palafin, L50, F|\n|poke|p1|Hydreigon, L50, F|\n|poke|p1|Amoonguss, L50, M|\n|poke|p2|Torkoal, L50, M|\n|poke|p2|Chi-Yu, L50|\n|poke|p2|Flutter Mane, L50|\n|poke|p2|Roaring Moon, L50|\n|poke|p2|Brute Bonnet, L50|\n|poke|p2|Scovillain, L50, M|\n|teampreview|4\n|inactive|Battle timer is ON: inactive players will automatically lose when time's up. (requested by WonkyWill)\nPEEPEEPOOPOO72 rejected open team sheets.\n|inactive|WonkyWill has 60 seconds left.\n|\n|t:|1682633640\n|start\n|switch|p1a: Palafin|Palafin, L50, F|100\/100\n|switch|p1b: Garganacl|Garganacl, L50, M|100\/100\n|switch|p2a: Torkoal|Torkoal, L50, M|100\/100\n|switch|p2b: Chi-Yu|Chi-Yu, L50|100\/100\n|-ability|p2b: Chi-Yu|Beads of Ruin\n|-weather|SunnyDay|[from] ability: Drought|[of] p2a: Torkoal\n|turn|1\n|inactive|WonkyWill has 30 seconds left.\n|inactive|PEEPEEPOOPOO72 has 30 seconds left.\n|\n|t:|1682633670\n|detailschange|p1a: Palafin|Palafin-Hero, L50, F\n|switch|p1a: Ting-Lu|Ting-Lu, L50|100\/100\n|-ability|p1a: Ting-Lu|Vessel of Ruin\n|move|p2a: Torkoal|Helping Hand|p2b: Chi-Yu\n|-singleturn|p2b: Chi-Yu|Helping Hand|[of] p2a: Torkoal\n|move|p1b: Garganacl|Wide Guard|p1b: Garganacl\n|-singleturn|p1b: Garganacl|Wide Guard\n|move|p2b: Chi-Yu|Heat Wave|p1a: Ting-Lu|[spread] \n|-activate|p1a: Ting-Lu|move: Wide Guard\n|-activate|p1b: Garganacl|move: Wide Guard\n|\n|-weather|SunnyDay|[upkeep]\n|upkeep\n|turn|2\n|inactive|WonkyWill has 30 seconds left.\n|inactive|WonkyWill has 20 seconds left.\n|\n|t:|1682633705\n|switch|p2b: Brute Bonnet|Brute Bonnet, L50|100\/100\n|-activate|p2b: Brute Bonnet|ability: Protosynthesis\n|-start|p2b: Brute Bonnet|protosynthesisspd\n|switch|p2a: Scovillain|Scovillain, L50, M|100\/100\n|move|p1a: Ting-Lu|Rock Slide|p2b: Brute Bonnet|[spread] p2a\n|-miss|p1a: Ting-Lu|p2b: Brute Bonnet\n|-supereffective|p2a: Scovillain\n|-damage|p2a: Scovillain|60\/100\n|move|p1b: Garganacl|Salt Cure|p2b: Brute Bonnet\n|-damage|p2b: Brute Bonnet|88\/100\n|-start|p2b: Brute Bonnet|Salt Cure\n|\n|-weather|SunnyDay|[upkeep]\n|-heal|p2a: Scovillain|66\/100|[from] item: Leftovers\n|-damage|p2b: Brute Bonnet|76\/100|[from] Salt Cure\n|upkeep\n|turn|3\n|inactive|WonkyWill has 30 seconds left.\n|inactive|WonkyWill has 20 seconds left.\n|inactive|WonkyWill has 15 seconds left.\n|inactive|WonkyWill has 10 seconds left.\n|inactive|WonkyWill has 5 seconds left.\n|\n|t:|1682633760\n|move|p2a: Scovillain|Giga Drain|p1b: Garganacl\n|-supereffective|p1b: Garganacl\n|-damage|p1b: Garganacl|72\/100\n|-heal|p2a: Scovillain|83\/100|[from] drain|[of] p1b: Garganacl\n|move|p2b: Brute Bonnet|Spore|p1a: Ting-Lu\n|-status|p1a: Ting-Lu|slp|[from] move: Spore\n|cant|p1a: Ting-Lu|slp\n|move|p1b: Garganacl|Salt Cure|p2a: Scovillain\n|-supereffective|p2a: Scovillain\n|-damage|p2a: Scovillain|40\/100\n|-start|p2a: Scovillain|Salt Cure\n|\n|-weather|SunnyDay|[upkeep]\n|-heal|p2a: Scovillain|46\/100|[from] item: Leftovers\n|-heal|p1b: Garganacl|77\/100|[from] item: Leftovers\n|-damage|p2a: Scovillain|34\/100|[from] Salt Cure\n|-damage|p2b: Brute Bonnet|63\/100|[from] Salt Cure\n|upkeep\n|turn|4\n|inactive|WonkyWill has 30 seconds left.\n|inactive|WonkyWill has 20 seconds left.\n|\n|t:|1682633798\n|switch|p2a: Torkoal|Torkoal, L50, M|100\/100\n|move|p2b: Brute Bonnet|Seed Bomb|p1b: Garganacl\n|-supereffective|p1b: Garganacl\n|-damage|p1b: Garganacl|25\/100\n|cant|p1a: Ting-Lu|slp\n|move|p1b: Garganacl|Salt Cure|p2a: Torkoal\n|-supereffective|p2a: Torkoal\n|-damage|p2a: Torkoal|77\/100\n|-start|p2a: Torkoal|Salt Cure\n|\n|-weather|SunnyDay|[upkeep]\n|-heal|p1b: Garganacl|31\/100|[from] item: Leftovers\n|-damage|p2b: Brute Bonnet|51\/100|[from] Salt Cure\n|-damage|p2a: Torkoal|64\/100|[from] Salt Cure\n|upkeep\n|turn|5\n|inactive|WonkyWill has 30 seconds left.\n|inactive|PEEPEEPOOPOO72 has 30 seconds left.\n|inactive|WonkyWill has 20 seconds left.\n|inactive|WonkyWill has 15 seconds left.\n|inactive|WonkyWill has 10 seconds left.\n|inactive|WonkyWill has 5 seconds left.\n|\n|t:|1682633849\n|move|p2b: Brute Bonnet|Seed Bomb|p1a: Ting-Lu\n|-supereffective|p1a: Ting-Lu\n|-crit|p1a: Ting-Lu\n|-damage|p1a: Ting-Lu|52\/100 slp\n|-curestatus|p1a: Ting-Lu|slp|[msg]\n|move|p1a: Ting-Lu|Stomping Tantrum|p2a: Torkoal\n|-supereffective|p2a: Torkoal\n|-damage|p2a: Torkoal|0 fnt\n|faint|p2a: Torkoal\n|move|p1b: Garganacl|Recover|p1b: Garganacl\n|-heal|p1b: Garganacl|81\/100\n|\n|-weather|SunnyDay|[upkeep]\n|-heal|p1b: Garganacl|87\/100|[from] item: Leftovers\n|-damage|p2b: Brute Bonnet|39\/100|[from] Salt Cure\n|upkeep\n|\n|t:|1682633859\n|switch|p2a: Chi-Yu|Chi-Yu, L50|100\/100\n|-ability|p2a: Chi-Yu|Beads of Ruin\n|turn|6\n|inactive|WonkyWill has 30 seconds left.\n|inactive|WonkyWill has 20 seconds left.\n|\n|t:|1682633894\n|-terastallize|p2a: Chi-Yu|Fire\n|move|p2a: Chi-Yu|Overheat|p1b: Garganacl\n|-resisted|p1b: Garganacl\n|-damage|p1b: Garganacl|44\/100\n|-unboost|p2a: Chi-Yu|spa|2\n|move|p2b: Brute Bonnet|Spore|p1a: Ting-Lu\n|-status|p1a: Ting-Lu|slp|[from] move: Spore\n|cant|p1a: Ting-Lu|slp\n|move|p1b: Garganacl|Salt Cure|p2a: Chi-Yu\n|-supereffective|p2a: Chi-Yu\n|-damage|p2a: Chi-Yu|53\/100\n|-start|p2a: Chi-Yu|Salt Cure\n|\n|-weather|SunnyDay|[upkeep]\n|-heal|p1b: Garganacl|50\/100|[from] item: Leftovers\n|-damage|p2a: Chi-Yu|40\/100|[from] Salt Cure\n|-damage|p2b: Brute Bonnet|26\/100|[from] Salt Cure\n|upkeep\n|turn|7\n|inactive|WonkyWill has 30 seconds left.\n|\n|t:|1682633927\n|switch|p2a: Scovillain|Scovillain, L50, M|34\/100\n|move|p2b: Brute Bonnet|Seed Bomb|p1b: Garganacl\n|-supereffective|p1b: Garganacl\n|-damage|p1b: Garganacl|2\/100\n|cant|p1a: Ting-Lu|slp\n|move|p1b: Garganacl|Recover|p1b: Garganacl\n|-heal|p1b: Garganacl|53\/100\n|\n|-weather|SunnyDay|[upkeep]\n|-heal|p2a: Scovillain|39\/100|[from] item: Leftovers\n|-heal|p1b: Garganacl|58\/100|[from] item: Leftovers\n|-damage|p2b: Brute Bonnet|14\/100|[from] Salt Cure\n|upkeep\n|turn|8\n|\n|t:|1682633949\n|move|p2a: Scovillain|Giga Drain|p1b: Garganacl\n|-supereffective|p1b: Garganacl\n|-damage|p1b: Garganacl|32\/100\n|-heal|p2a: Scovillain|55\/100|[from] drain|[of] p1b: Garganacl\n|move|p2b: Brute Bonnet|Seed Bomb|p1b: Garganacl\n|-supereffective|p1b: Garganacl\n|-damage|p1b: Garganacl|0 fnt\n|faint|p1b: Garganacl\n|cant|p1a: Ting-Lu|slp\n|\n|-weather|none\n|-end|p2b: Brute Bonnet|Protosynthesis\n|-heal|p2a: Scovillain|61\/100|[from] item: Leftovers\n|-damage|p2b: Brute Bonnet|1\/100|[from] Salt Cure\n|upkeep\n|\n|t:|1682633969\n|switch|p1b: Chien-Pao|Chien-Pao, L50|100\/100\n|-ability|p1b: Chien-Pao|Sword of Ruin\n|turn|9\n|\n|t:|1682633993\n|move|p1b: Chien-Pao|Ice Spinner|p2a: Scovillain\n|-damage|p2a: Scovillain|0 fnt\n|faint|p2a: Scovillain\n|move|p2b: Brute Bonnet|Seed Bomb|p1a: Ting-Lu\n|-supereffective|p1a: Ting-Lu\n|-damage|p1a: Ting-Lu|8\/100 slp\n|-curestatus|p1a: Ting-Lu|slp|[msg]\n|move|p1a: Ting-Lu|Rock Slide|p2b: Brute Bonnet\n|-damage|p2b: Brute Bonnet|0 fnt\n|faint|p2b: Brute Bonnet\n|-end|p2b: Brute Bonnet|Protosynthesis|[silent]\n|\n|upkeep\n|\n|t:|1682633997\n|switch|p2b: Chi-Yu|Chi-Yu, L50, tera:Fire|40\/100\n|-ability|p2b: Chi-Yu|Beads of Ruin\n|turn|10\n|-message|PEEPEEPOOPOO72 forfeited.\n|\n|win|WonkyWill\n|raw|WonkyWill's rating: 1242 → 1268<\/strong> (+26 for winning)\n|raw|PEEPEEPOOPOO72's rating: 1260 → 1234<\/strong> (-26 for losing)\n|l|\u2606PEEPEEPOOPOO72\n","uploadtime":1682634017,"views":15,"p1id":"wonkywill","p2id":"peepeepoopoo72","formatid":"gen9vgc2023regulationc","rating":1234,"private":0,"password":""}