{"id":"gen9vgc2023regulationc-1847243314","p1":"OmegaAlpha01","p2":"b(R)2","format":"[Gen 9] VGC 2023 Regulation C","log":"|j|\u2606OmegaAlpha01\n|j|\u2606b(R)2\n|t:|1681930837\n|gametype|doubles\n|player|p1|OmegaAlpha01|rosa|1317\n|player|p2|b(R)2|2|1311\n|teamsize|p1|6\n|teamsize|p2|6\n|gen|9\n|tier|[Gen 9] VGC 2023 Regulation C\n|rated|\n|rule|Species Clause: Limit one of each Pok\u00e9mon\n|rule|Item Clause: Limit one of each item\n|clearpoke\n|poke|p1|Arcanine, L50, F|\n|poke|p1|Flutter Mane, L50|\n|poke|p1|Slither Wing, L50|\n|poke|p1|Kingambit, L50, M|\n|poke|p1|Rotom-Wash, L50|\n|poke|p1|Amoonguss, L50, M|\n|poke|p2|Flutter Mane, L50|\n|poke|p2|Amoonguss, L50, M|\n|poke|p2|Dondozo, L50, F|\n|poke|p2|Tatsugiri, L50, M|\n|poke|p2|Annihilape, L50, M|\n|poke|p2|Arcanine, L50, F|\n|teampreview|4\nb(R)2 rejected open team sheets.\n|\n|t:|1681930867\n|start\n|switch|p1a: Worse Nephew|Amoonguss, L50, M|100\/100\n|switch|p1b: Its Joever|Kingambit, L50, M|100\/100\n|switch|p2a: BigBozo|Dondozo, L50, F|100\/100\n|switch|p2b: Monke|Annihilape, L50, M|100\/100\n|turn|1\n|\n|t:|1681930895\n|-terastallize|p2a: BigBozo|Grass\n|move|p2b: Monke|Protect|p2b: Monke\n|-singleturn|p2b: Monke|Protect\n|move|p1a: Worse Nephew|Rage Powder|p1a: Worse Nephew\n|-singleturn|p1a: Worse Nephew|move: Rage Powder\n|move|p1b: Its Joever|Kowtow Cleave|p2a: BigBozo\n|-damage|p2a: BigBozo|61\/100\n|move|p2a: BigBozo|Yawn|p1a: Worse Nephew\n|-start|p1a: Worse Nephew|move: Yawn|[of] p2a: BigBozo\n|\n|-heal|p2a: BigBozo|67\/100|[from] item: Leftovers\n|upkeep\n|turn|2\n|\n|t:|1681930920\n|switch|p1a: Tide|Rotom-Wash, L50|100\/100\n|move|p1b: Its Joever|Protect|p1b: Its Joever\n|-singleturn|p1b: Its Joever|Protect\n|move|p2b: Monke|Drain Punch|p1b: Its Joever\n|-activate|p1b: Its Joever|move: Protect\n|move|p2a: BigBozo|Fissure|p1a: Tide\n|-immune|p1a: Tide|[from] ability: Levitate\n|\n|-heal|p2a: BigBozo|73\/100|[from] item: Leftovers\n|upkeep\n|turn|3\n|\n|t:|1681930943\n|switch|p1b: Nephew|Slither Wing, L50|100\/100\n|move|p2b: Monke|Drain Punch|p1b: Nephew\n|-resisted|p1b: Nephew\n|-damage|p1b: Nephew|85\/100\n|move|p1a: Tide|Thunderbolt|p2b: Monke\n|-damage|p2b: Monke|70\/100\n|move|p2a: BigBozo|Yawn|p1a: Tide\n|-start|p1a: Tide|move: Yawn|[of] p2a: BigBozo\n|\n|-heal|p2a: BigBozo|79\/100|[from] item: Leftovers\n|upkeep\n|turn|4\n|\n|t:|1681930977\n|switch|p1a: Worse Nephew|Amoonguss, L50, M|100\/100\n|move|p2a: BigBozo|Protect|p2a: BigBozo\n|-singleturn|p2a: BigBozo|Protect\n|move|p2b: Monke|Drain Punch|p1a: Worse Nephew\n|-resisted|p1a: Worse Nephew\n|-damage|p1a: Worse Nephew|87\/100\n|-heal|p2b: Monke|77\/100|[from] drain|[of] p1a: Worse Nephew\n|move|p1b: Nephew|Leech Life|p2a: BigBozo\n|-activate|p2a: BigBozo|move: Protect\n|\n|-heal|p2a: BigBozo|86\/100|[from] item: Leftovers\n|upkeep\n|turn|5\n|\n|t:|1681931011\n|move|p2b: Monke|Rage Fist|p1b: Nephew\n|-damage|p1b: Nephew|48\/100\n|move|p1b: Nephew|Leech Life|p2a: BigBozo\n|-supereffective|p2a: BigBozo\n|-damage|p2a: BigBozo|29\/100\n|-heal|p1b: Nephew|86\/100|[from] drain|[of] p2a: BigBozo\n|move|p2a: BigBozo|Fissure|p1a: Worse Nephew\n|-damage|p1a: Worse Nephew|0 fnt\n|faint|p1a: Worse Nephew\n|-ohko\n|\n|-heal|p2a: BigBozo|35\/100|[from] item: Leftovers\n|upkeep\n|\n|t:|1681931025\n|switch|p1a: Tide|Rotom-Wash, L50|100\/100\n|turn|6\n|\n|t:|1681931035\n|move|p1b: Nephew|Protect|p1b: Nephew\n|-singleturn|p1b: Nephew|Protect\n|move|p2a: BigBozo|Protect|p2a: BigBozo\n|-singleturn|p2a: BigBozo|Protect\n|move|p2b: Monke|Bulk Up|p2b: Monke\n|-boost|p2b: Monke|atk|1\n|-boost|p2b: Monke|def|1\n|move|p1a: Tide|Nasty Plot|p1a: Tide\n|-boost|p1a: Tide|spa|2\n|\n|-heal|p2a: BigBozo|41\/100|[from] item: Leftovers\n|upkeep\n|turn|7\n|\n|t:|1681931059\n|switch|p2a: LilBozo|Tatsugiri, L50, M|100\/100\n|move|p2b: Monke|Rage Fist|p1a: Tide\n|-damage|p1a: Tide|31\/100\n|move|p1a: Tide|Hydro Pump|p2a: LilBozo\n|-activate|p2a: LilBozo|ability: Storm Drain\n|-ability|p2a: LilBozo|Storm Drain|boost\n|-boost|p2a: LilBozo|spa|1\n|move|p1b: Nephew|Leech Life|p2a: LilBozo\n|-damage|p2a: LilBozo|49\/100\n|-heal|p1b: Nephew|100\/100|[from] drain|[of] p2a: LilBozo\n|-enditem|p2a: LilBozo|Sitrus Berry|[eat]\n|-heal|p2a: LilBozo|74\/100|[from] item: Sitrus Berry\n|\n|upkeep\n|turn|8\n|\n|t:|1681931090\n|move|p2a: LilBozo|Protect|p2a: LilBozo\n|-singleturn|p2a: LilBozo|Protect\n|move|p1a: Tide|Protect|p1a: Tide\n|-singleturn|p1a: Tide|Protect\n|move|p2b: Monke|Rage Fist|p1a: Tide\n|-activate|p1a: Tide|move: Protect\n|move|p1b: Nephew|Flare Blitz|p2b: Monke\n|-damage|p2b: Monke|47\/100\n|-damage|p1b: Nephew|90\/100|[from] Recoil\n|\n|upkeep\n|turn|9\n|\n|t:|1681931116\n|switch|p1a: Its Joever|Kingambit, L50, M|100\/100\n|-terastallize|p1b: Nephew|Fire\n|move|p2a: LilBozo|Draco Meteor|p1b: Nephew\n|-damage|p1b: Nephew|16\/100\n|-unboost|p2a: LilBozo|spa|2\n|move|p2b: Monke|Rage Fist|p1a: Its Joever\n|-resisted|p1a: Its Joever\n|-damage|p1a: Its Joever|68\/100\n|move|p1b: Nephew|Flare Blitz|p2b: Monke\n|-damage|p2b: Monke|8\/100\n|-damage|p1b: Nephew|2\/100|[from] Recoil\n|\n|upkeep\n|turn|10\n|\n|t:|1681931133\n|move|p2b: Monke|Protect|p2b: Monke\n|-singleturn|p2b: Monke|Protect\n|move|p1a: Its Joever|Sucker Punch||[still]\n|-fail|p1a: Its Joever\n|move|p2a: LilBozo|Muddy Water|p1b: Nephew|[spread] p1a,p1b\n|-supereffective|p1b: Nephew\n|-crit|p1b: Nephew\n|-damage|p1a: Its Joever|49\/100\n|-damage|p1b: Nephew|0 fnt\n|-unboost|p1a: Its Joever|accuracy|1\n|-ability|p1a: Its Joever|Defiant|boost\n|-boost|p1a: Its Joever|atk|2\n|faint|p1b: Nephew\n|-end|p1b: Nephew|Protosynthesis|[silent]\n|\n|upkeep\n|\n|t:|1681931140\n|switch|p1b: Tide|Rotom-Wash, L50|31\/100\n|turn|11\n|\n|t:|1681931157\n|switch|p2b: BigBozo|Dondozo, L50, F, tera:Grass|41\/100\n|move|p2a: LilBozo|Protect|p2a: LilBozo\n|-singleturn|p2a: LilBozo|Protect\n|move|p1a: Its Joever|Sucker Punch||[still]\n|-fail|p1a: Its Joever\n|move|p1b: Tide|Thunderbolt|p2a: LilBozo\n|-activate|p2a: LilBozo|move: Protect\n|\n|-heal|p2b: BigBozo|47\/100|[from] item: Leftovers\n|upkeep\n|turn|12\n|\n|t:|1681931178\n|move|p1a: Its Joever|Sucker Punch|p2a: LilBozo|[miss]\n|-miss|p1a: Its Joever|p2a: LilBozo\n|move|p2a: LilBozo|Muddy Water|p1b: Tide|[spread] p1a\n|-miss|p2a: LilBozo|p1b: Tide\n|-damage|p1a: Its Joever|32\/100\n|-unboost|p1a: Its Joever|accuracy|1\n|-ability|p1a: Its Joever|Defiant|boost\n|-boost|p1a: Its Joever|atk|2\n|move|p1b: Tide|Thunderbolt|p2b: BigBozo\n|-resisted|p2b: BigBozo\n|-damage|p2b: BigBozo|33\/100\n|move|p2b: BigBozo|Yawn|p1b: Tide\n|-start|p1b: Tide|move: Yawn|[of] p2b: BigBozo\n|\n|-heal|p2b: BigBozo|39\/100|[from] item: Leftovers\n|upkeep\n|turn|13\n|\n|t:|1681931200\n|move|p2a: LilBozo|Muddy Water|p1a: Its Joever|[spread] p1a,p1b\n|-resisted|p1b: Tide\n|-damage|p1a: Its Joever|11\/100\n|-damage|p1b: Tide|22\/100\n|move|p1b: Tide|Thunderbolt|p2b: BigBozo\n|-resisted|p2b: BigBozo\n|-damage|p2b: BigBozo|26\/100\n|move|p1a: Its Joever|Kowtow Cleave|p2a: LilBozo\n|-damage|p2a: LilBozo|0 fnt\n|faint|p2a: LilBozo\n|move|p2b: BigBozo|Fissure|p1a: Its Joever|[miss]\n|-miss|p2b: BigBozo|p1a: Its Joever\n|\n|-heal|p2b: BigBozo|32\/100|[from] item: Leftovers\n|-end|p1b: Tide|move: Yawn|[silent]\n|-status|p1b: Tide|slp\n|upkeep\n|\n|t:|1681931220\n|switch|p2a: Monke|Annihilape, L50, M|8\/100\n|turn|14\n|\n|t:|1681931232\n|move|p1a: Its Joever|Sucker Punch|p2a: Monke|[miss]\n|-miss|p1a: Its Joever|p2a: Monke\n|move|p2a: Monke|Rage Fist|p1a: Its Joever\n|-resisted|p1a: Its Joever\n|-damage|p1a: Its Joever|0 fnt\n|faint|p1a: Its Joever\n|cant|p1b: Tide|slp\n|move|p2b: BigBozo|Wave Crash|p1b: Tide\n|-resisted|p1b: Tide\n|-damage|p1b: Tide|0 fnt\n|faint|p1b: Tide\n|-damage|p2b: BigBozo|28\/100|[from] Recoil\n|\n|win|b(R)2\n|raw|OmegaAlpha01's rating: 1317 → 1297<\/strong> (-20 for losing)\n|raw|b(R)2's rating: 1311 → 1331<\/strong> (+20 for winning)\n|l|\u2606OmegaAlpha01\n","uploadtime":1681931248,"views":14,"p1id":"omegaalpha01","p2id":"br2","formatid":"gen9vgc2023regulationc","rating":1297,"private":0,"password":""}