{"id":"gen9vgc2023regulationc-1856291554","p1":"tefgr2","p2":"WOLFIELIL","format":"[Gen 9] VGC 2023 Regulation C","log":"|j|\u2606tefgr2\n|j|\u2606WOLFIELIL\n|t:|1683048128\n|gametype|doubles\n|player|p1|tefgr2|lucas-gen4pt|1347\n|player|p2|WOLFIELIL|brycenman|1313\n|teamsize|p1|6\n|teamsize|p2|6\n|gen|9\n|tier|[Gen 9] VGC 2023 Regulation C\n|rated|\n|rule|Species Clause: Limit one of each Pok\u00e9mon\n|rule|Item Clause: Limit one of each item\n|clearpoke\n|poke|p1|Garchomp, L50, F|\n|poke|p1|Orthworm, L50, M|\n|poke|p1|Talonflame, L50, M|\n|poke|p1|Gholdengo, L50|\n|poke|p1|Ting-Lu, L50|\n|poke|p1|Azumarill, L50, M|\n|poke|p2|Kingambit, L50, F|\n|poke|p2|Grimmsnarl, L50, M|\n|poke|p2|Amoonguss, L50, M|\n|poke|p2|Chi-Yu, L50|\n|poke|p2|Gyarados, L50, F|\n|poke|p2|Flutter Mane, L50|\n|teampreview|4\n|inactive|Battle timer is ON: inactive players will automatically lose when time's up. (requested by tefgr2)\n|\n|t:|1683048169\n|start\n|switch|p1a: Ting-Lu|Ting-Lu, L50|100\/100\n|switch|p1b: Orthworm|Orthworm, L50, M|100\/100\n|switch|p2a: Grimmsnarl|Grimmsnarl, L50, M|100\/100\n|switch|p2b: Gyarados|Gyarados, L50, F|100\/100\n|-ability|p2b: Gyarados|Intimidate|boost\n|-unboost|p1a: Ting-Lu|atk|1\n|-unboost|p1b: Orthworm|atk|1\n|-ability|p1a: Ting-Lu|Vessel of Ruin\n|turn|1\n|\n|t:|1683048180\n|move|p2a: Grimmsnarl|Reflect|p2a: Grimmsnarl\n|-sidestart|p2: WOLFIELIL|Reflect\n|move|p2b: Gyarados|Taunt|p1b: Orthworm\n|-start|p1b: Orthworm|move: Taunt\n|cant|p1b: Orthworm|move: Taunt|Iron Defense\n|move|p1a: Ting-Lu|Ruination|p2b: Gyarados\n|-damage|p2b: Gyarados|50\/100\n|-enditem|p2b: Gyarados|Sitrus Berry|[eat]\n|-heal|p2b: Gyarados|75\/100|[from] item: Sitrus Berry\n|\n|upkeep\n|turn|2\n|\n|t:|1683048202\n|switch|p1b: Garchomp|Garchomp, L50, F|100\/100\n|move|p2b: Gyarados|Thunder Wave|p1b: Garchomp\n|-immune|p1b: Garchomp\n|move|p2a: Grimmsnarl|Spirit Break|p1a: Ting-Lu\n|-supereffective|p1a: Ting-Lu\n|-damage|p1a: Ting-Lu|68\/100\n|-unboost|p1a: Ting-Lu|spa|1\n|move|p1a: Ting-Lu|Ruination|p2b: Gyarados\n|-damage|p2b: Gyarados|38\/100\n|\n|upkeep\n|turn|3\n|inactive|tefgr2 has 30 seconds left.\n|\n|t:|1683048229\n|move|p1b: Garchomp|Rock Slide|p2a: Grimmsnarl|[spread] p2a,p2b\n|-supereffective|p2b: Gyarados\n|-damage|p2a: Grimmsnarl|85\/100\n|-damage|p2b: Gyarados|16\/100\n|cant|p2b: Gyarados|flinch\n|cant|p2a: Grimmsnarl|flinch\n|move|p1a: Ting-Lu|Ruination|p2b: Gyarados\n|-damage|p2b: Gyarados|8\/100\n|\n|upkeep\n|turn|4\n|c|\u2606WOLFIELIL|...\n|inactive|WOLFIELIL has 30 seconds left.\n|\n|t:|1683048261\n|switch|p1a: Orthworm|Orthworm, L50, M|100\/100\n|move|p1b: Garchomp|Rock Slide|p2b: Gyarados|[spread] p2a,p2b\n|-supereffective|p2b: Gyarados\n|-damage|p2a: Grimmsnarl|69\/100\n|-damage|p2b: Gyarados|0 fnt\n|faint|p2b: Gyarados\n|cant|p2a: Grimmsnarl|flinch\n|\n|upkeep\n|c|\u2606WOLFIELIL|...\n|\n|t:|1683048276\n|switch|p2b: Chi-Yu|Chi-Yu, L50|100\/100\n|-ability|p2b: Chi-Yu|Beads of Ruin\n|turn|5\n|\n|t:|1683048290\n|switch|p1b: Ting-Lu|Ting-Lu, L50|68\/100\n|-ability|p1b: Ting-Lu|Vessel of Ruin\n|move|p1a: Orthworm|Protect|p1a: Orthworm\n|-singleturn|p1a: Orthworm|Protect\n|move|p2a: Grimmsnarl|Fake Tears|p1b: Ting-Lu\n|-hint|Since gen 7, Dark is immune to Prankster moves.\n|-immune|p1b: Ting-Lu\n|move|p2b: Chi-Yu|Heat Wave|p1b: Ting-Lu|[spread] p1b\n|-activate|p1a: Orthworm|move: Protect\n|-damage|p1b: Ting-Lu|49\/100\n|-damage|p2b: Chi-Yu|91\/100|[from] item: Life Orb\n|\n|upkeep\n|turn|6\n|inactive|tefgr2 has 30 seconds left.\n|\n|t:|1683048321\n|-terastallize|p2b: Chi-Yu|Ghost\n|move|p2a: Grimmsnarl|Fake Tears|p1a: Orthworm\n|-unboost|p1a: Orthworm|spd|2\n|move|p2b: Chi-Yu|Heat Wave|p1b: Ting-Lu|[spread] \n|-miss|p2b: Chi-Yu|p1a: Orthworm\n|-miss|p2b: Chi-Yu|p1b: Ting-Lu\n|move|p1a: Orthworm|Body Press|p2b: Chi-Yu\n|-immune|p2b: Chi-Yu\n|move|p1b: Ting-Lu|Stomping Tantrum|p2b: Chi-Yu\n|-damage|p2b: Chi-Yu|62\/100\n|\n|upkeep\n|turn|7\n|c|\u2606WOLFIELIL|...\n|\n|t:|1683048335\n|move|p1a: Orthworm|Protect|p1a: Orthworm\n|-singleturn|p1a: Orthworm|Protect\n|move|p2b: Chi-Yu|Heat Wave|p1a: Orthworm|[spread] p1b\n|-activate|p1a: Orthworm|move: Protect\n|-damage|p1b: Ting-Lu|26\/100\n|-damage|p2b: Chi-Yu|52\/100|[from] item: Life Orb\n|move|p2a: Grimmsnarl|Spirit Break|p1b: Ting-Lu\n|-supereffective|p1b: Ting-Lu\n|-damage|p1b: Ting-Lu|0 fnt\n|faint|p1b: Ting-Lu\n|\n|upkeep\n|\n|t:|1683048357\n|switch|p1b: Garchomp|Garchomp, L50, F|100\/100\n|turn|8\n|\n|t:|1683048377\n|switch|p1a: Azumarill|Azumarill, L50, M|100\/100\n|move|p2a: Grimmsnarl|Fake Tears|p1b: Garchomp\n|-unboost|p1b: Garchomp|spd|2\n|move|p1b: Garchomp|Stomping Tantrum|p2b: Chi-Yu\n|-damage|p2b: Chi-Yu|11\/100\n|move|p2b: Chi-Yu|Heat Wave|p1a: Azumarill|[spread] p1a,p1b\n|-resisted|p1a: Azumarill\n|-resisted|p1b: Garchomp\n|-damage|p1a: Azumarill|68\/100\n|-damage|p1b: Garchomp|40\/100\n|-damage|p2b: Chi-Yu|2\/100|[from] item: Life Orb\n|\n|-sideend|p2: WOLFIELIL|Reflect\n|upkeep\n|turn|9\n|inactive|WOLFIELIL has 30 seconds left.\n|\n|t:|1683048408\n|move|p2b: Chi-Yu|Protect|p2b: Chi-Yu\n|-singleturn|p2b: Chi-Yu|Protect\n|move|p2a: Grimmsnarl|Reflect|p2a: Grimmsnarl\n|-sidestart|p2: WOLFIELIL|Reflect\n|move|p1b: Garchomp|Stomping Tantrum|p2b: Chi-Yu\n|-activate|p2b: Chi-Yu|move: Protect\n|move|p1a: Azumarill|Play Rough|p2a: Grimmsnarl\n|-supereffective|p2a: Grimmsnarl\n|-damage|p2a: Grimmsnarl|0 fnt\n|faint|p2a: Grimmsnarl\n|\n|upkeep\n|\n|t:|1683048415\n|switch|p2a: Flutter Mane|Flutter Mane, L50|100\/100\n|-enditem|p2a: Flutter Mane|Booster Energy\n|-activate|p2a: Flutter Mane|ability: Protosynthesis|[fromitem]\n|-start|p2a: Flutter Mane|protosynthesisspa\n|turn|10\n|\n|t:|1683048435\n|move|p2b: Chi-Yu|Protect||[still]\n|-fail|p2b: Chi-Yu\n|move|p1b: Garchomp|Stomping Tantrum|p2b: Chi-Yu\n|-damage|p2b: Chi-Yu|0 fnt\n|faint|p2b: Chi-Yu\n|move|p2a: Flutter Mane|Thunderbolt|p1a: Azumarill\n|-supereffective|p1a: Azumarill\n|-damage|p1a: Azumarill|0 fnt\n|faint|p1a: Azumarill\n|\n|upkeep\n|\n|t:|1683048445\n|switch|p1a: Orthworm|Orthworm, L50, M|100\/100\n|turn|11\n|\n|t:|1683048453\n|move|p1b: Garchomp|Stomping Tantrum|p2a: Flutter Mane\n|-damage|p2a: Flutter Mane|54\/100\n|move|p2a: Flutter Mane|Dazzling Gleam|p1a: Orthworm|[spread] p1a,p1b\n|-resisted|p1a: Orthworm\n|-supereffective|p1b: Garchomp\n|-damage|p1a: Orthworm|74\/100\n|-damage|p1b: Garchomp|0 fnt\n|faint|p1b: Garchomp\n|move|p1a: Orthworm|Heavy Slam|p2a: Flutter Mane\n|-supereffective|p2a: Flutter Mane\n|-damage|p2a: Flutter Mane|0 fnt\n|faint|p2a: Flutter Mane\n|-end|p2a: Flutter Mane|Protosynthesis|[silent]\n|\n|win|tefgr2\n|raw|tefgr2's rating: 1347 → 1365<\/strong> (+18 for winning)\n|raw|WOLFIELIL's rating: 1313 → 1295<\/strong> (-18 for losing)\n|l|\u2606tefgr2\n","uploadtime":1683048467,"views":11,"p1id":"tefgr2","p2id":"wolfielil","formatid":"gen9vgc2023regulationc","rating":1295,"private":0,"password":""}