{"id":"gen9vgc2023regulationc-1859698316","p1":"BMDL_Champ_Phenix","p2":"jennjarrett","format":"[Gen 9] VGC 2023 Regulation C","log":"|j|\u2606BMDL_Champ_Phenix\n|j|\u2606jennjarrett\n|t:|1683557068\n|gametype|doubles\n|player|p1|BMDL_Champ_Phenix|steven|\n|player|p2|jennjarrett|266|\n|teamsize|p1|6\n|teamsize|p2|6\n|gen|9\n|tier|[Gen 9] VGC 2023 Regulation C\n|rule|Species Clause: Limit one of each Pok\u00e9mon\n|rule|Item Clause: Limit one of each item\n|clearpoke\n|poke|p1|Iron Valiant, L50|\n|poke|p1|Tinkaton, L50, F|\n|poke|p1|Morgrem, L50, M|\n|poke|p1|Dudunsparce-*, L50, F|\n|poke|p1|Scovillain, L50, F|\n|poke|p1|Murkrow, L50, F|\n|poke|p2|Scream Tail, L50|\n|poke|p2|Hariyama, L50, M|\n|poke|p2|Hatterene, L50, F|\n|poke|p2|Toedscruel, L50, F|\n|poke|p2|Rotom-Fan, L50|\n|poke|p2|Cryogonal, L50|\n|teampreview|4\n|c|\u2606BMDL_Champ_Phenix|Game 2\n|c|\u2606BMDL_Champ_Phenix|GLHF!\n|c|\u2606jennjarrett|GLHF!!!!\n|c|\u2606jennjarrett|i didn't know you were going to bring an ACTUAL built mon lol\n|\n|t:|1683557556\n|start\n|switch|p1a: Harley Quinn|Tinkaton, L50, F|100\/100\n|switch|p1b: Leonardo|Iron Valiant, L50|100\/100\n|switch|p2a: Rotund|Scream Tail, L50|100\/100\n|switch|p2b: Millinery|Hatterene, L50, F|100\/100\n|-enditem|p1b: Leonardo|Booster Energy\n|-activate|p1b: Leonardo|ability: Quark Drive|[fromitem]\n|-start|p1b: Leonardo|quarkdriveatk\n|turn|1\n|\n|t:|1683557572\n|move|p2a: Rotund|Metronome|p2a: Rotund\n|move|p2a: Rotund|Rock Slide|p1b: Leonardo|[from]move: Metronome|[spread] p1a,p1b\n|-resisted|p1a: Harley Quinn\n|-resisted|p1b: Leonardo\n|-damage|p1a: Harley Quinn|95\/100\n|-damage|p1b: Leonardo|94\/100\n|cant|p1a: Harley Quinn|flinch\n|move|p1b: Leonardo|Metronome|p1b: Leonardo\n|move|p1b: Leonardo|Rock Blast|p2b: Millinery|[from]move: Metronome\n|-crit|p2b: Millinery\n|-damage|p2b: Millinery|83\/100\n|-damage|p2b: Millinery|74\/100\n|-damage|p2b: Millinery|63\/100\n|-hitcount|p2b: Millinery|3\n|move|p2b: Millinery|Metronome|p2b: Millinery\n|move|p2b: Millinery|Nasty Plot|p2b: Millinery|[from]move: Metronome\n|-boost|p2b: Millinery|spa|2\n|\n|-heal|p2b: Millinery|69\/100|[from] item: Leftovers\n|upkeep\n|turn|2\n|\n|t:|1683557597\n|move|p2a: Rotund|Metronome|p2a: Rotund\n|move|p2a: Rotund|Eruption|p1b: Leonardo|[from]move: Metronome|[spread] p1a,p1b\n|-supereffective|p1a: Harley Quinn\n|-damage|p1a: Harley Quinn|63\/100\n|-damage|p1b: Leonardo|60\/100\n|move|p1a: Harley Quinn|Metronome|p1a: Harley Quinn\n|move|p1a: Harley Quinn|Scald|p2a: Rotund|[from]move: Metronome\n|-damage|p2a: Rotund|91\/100\n|move|p1b: Leonardo|Metronome|p1b: Leonardo\n|move|p1b: Leonardo|Seed Bomb|p2b: Millinery|[from]move: Metronome\n|-damage|p2b: Millinery|37\/100\n|move|p2b: Millinery|Metronome|p2b: Millinery\n|move|p2b: Millinery|Speed Swap|p1b: Leonardo|[from]move: Metronome\n|-activate|p2b: Millinery|move: Speed Swap|[of] p1b: Leonardo\n|\n|-heal|p2b: Millinery|43\/100|[from] item: Leftovers\n|upkeep\n|turn|3\n|\n|t:|1683557614\n|move|p2a: Rotund|Metronome|p2a: Rotund\n|move|p2a: Rotund|Nasty Plot|p2a: Rotund|[from]move: Metronome\n|-boost|p2a: Rotund|spa|2\n|move|p1a: Harley Quinn|Metronome|p1a: Harley Quinn\n|move|p1a: Harley Quinn|Dual Wingbeat|p2b: Millinery|[from]move: Metronome\n|-damage|p2b: Millinery|36\/100\n|-damage|p2b: Millinery|29\/100\n|-hitcount|p2b: Millinery|2\n|move|p2b: Millinery|Metronome|p2b: Millinery\n|move|p2b: Millinery|Slack Off|p2b: Millinery|[from]move: Metronome\n|-heal|p2b: Millinery|79\/100\n|move|p1b: Leonardo|Metronome|p1b: Leonardo\n|move|p1b: Leonardo|Ceaseless Edge|p2a: Rotund|[from]move: Metronome\n|-damage|p2a: Rotund|70\/100\n|-sidestart|p2: jennjarrett|Spikes\n|\n|-heal|p2b: Millinery|85\/100|[from] item: Leftovers\n|upkeep\n|turn|4\n|\n|t:|1683557637\n|move|p2a: Rotund|Metronome|p2a: Rotund\n|move|p2a: Rotund|Trop Kick|p1b: Leonardo|[from]move: Metronome\n|-damage|p1b: Leonardo|43\/100\n|-unboost|p1b: Leonardo|atk|1\n|move|p1a: Harley Quinn|Metronome|p1a: Harley Quinn\n|move|p1a: Harley Quinn|Rising Voltage|p2b: Millinery|[from]move: Metronome\n|-crit|p2b: Millinery\n|-damage|p2b: Millinery|68\/100\n|move|p2b: Millinery|Metronome|p2b: Millinery\n|move|p2b: Millinery|Lunar Blessing|p2b: Millinery|[from]move: Metronome|[spread] p2a,p2b\n|-heal|p2a: Rotund|95\/100\n|-heal|p2b: Millinery|93\/100\n|move|p1b: Leonardo|Metronome|p1b: Leonardo\n|move|p1b: Leonardo|Thunder Fang|p2a: Rotund|[from]move: Metronome\n|-damage|p2a: Rotund|80\/100\n|\n|-heal|p2b: Millinery|99\/100|[from] item: Leftovers\n|upkeep\n|turn|5\n|\n|t:|1683557659\n|move|p2a: Rotund|Metronome|p2a: Rotund\n|move|p2a: Rotund|Aurora Veil||[from]move: Metronome|[still]\n|-fail|p2a: Rotund\n|move|p1a: Harley Quinn|Metronome|p1a: Harley Quinn\n|move|p1a: Harley Quinn|Torment|p2b: Millinery|[from]move: Metronome\n|move|p2b: Millinery|Torment|p1a: Harley Quinn|[from]ability: Magic Bounce\n|-start|p1a: Harley Quinn|Torment\n|move|p2b: Millinery|Metronome|p2b: Millinery\n|move|p2b: Millinery|Lava Plume|p1a: Harley Quinn|[from]move: Metronome|[spread] p2a,p1a,p1b\n|-supereffective|p1a: Harley Quinn\n|-damage|p2a: Rotund|56\/100\n|-damage|p1a: Harley Quinn|0 fnt\n|-damage|p1b: Leonardo|0 fnt\n|-status|p2a: Rotund|brn\n|faint|p1a: Harley Quinn\n|faint|p1b: Leonardo\n|-end|p1b: Leonardo|Quark Drive|[silent]\n|\n|-heal|p2b: Millinery|100\/100|[from] item: Leftovers\n|-damage|p2a: Rotund|50\/100 brn|[from] brn\n|upkeep\n|c|\u2606jennjarrett|lava plume :O\n|\n|t:|1683557678\n|switch|p1a: Nevermore|Murkrow, L50, F|100\/100\n|switch|p1b: Jalapeno|Scovillain, L50, F|100\/100\n|turn|6\n|\n|t:|1683557696\n|-terastallize|p1b: Jalapeno|Fire\n|move|p1a: Nevermore|Sunny Day|p1a: Nevermore\n|-weather|SunnyDay\n|-activate|p2a: Rotund|ability: Protosynthesis\n|-start|p2a: Rotund|protosynthesisspa\n|move|p1b: Jalapeno|Flamethrower|p2b: Millinery\n|-damage|p2b: Millinery|0 fnt\n|faint|p2b: Millinery\n|-damage|p1b: Jalapeno|91\/100|[from] item: Life Orb\n|move|p2a: Rotund|Metronome|p2a: Rotund\n|move|p2a: Rotund|Healing Wish|p2a: Rotund|[from]move: Metronome\n|faint|p2a: Rotund\n|-end|p2a: Rotund|Protosynthesis|[silent]\n|\n|-weather|SunnyDay|[upkeep]\n|upkeep\n|\n|t:|1683557709\n|switch|p2a: Booper|Hariyama, L50, M|100\/100\n|switch|p2b: Goosebumps|Cryogonal, L50|100\/100\n|-damage|p2a: Booper|88\/100|[from] Spikes\n|turn|7\n|c|\u2606jennjarrett|oh we weren't bringing all 3 metronomers?\n|\n|t:|1683557733\n|move|p1a: Nevermore|Taunt|p2a: Booper\n|-start|p2a: Booper|move: Taunt\n|move|p1b: Jalapeno|Flamethrower|p2b: Goosebumps\n|-supereffective|p2b: Goosebumps\n|-damage|p2b: Goosebumps|0 fnt\n|faint|p2b: Goosebumps\n|-damage|p1b: Jalapeno|81\/100|[from] item: Life Orb\n|cant|p2a: Booper|move: Taunt|Metronome\n|\n|-weather|SunnyDay|[upkeep]\n|upkeep\n|turn|8\n|c|\u2606BMDL_Champ_Phenix|I said start with 2 I didn't say Use all 3 XD\n|\n|t:|1683557757\n|move|p1b: Jalapeno|Flamethrower|p2a: Booper\n|-damage|p2a: Booper|20\/100\n|-damage|p1b: Jalapeno|71\/100|[from] item: Life Orb\n|move|p1a: Nevermore|Foul Play|p2a: Booper\n|-resisted|p2a: Booper\n|-damage|p2a: Booper|0 fnt\n|faint|p2a: Booper\n|\n|win|BMDL_Champ_Phenix\n|c|\u2606BMDL_Champ_Phenix|gg\n|l|\u2606jennjarrett\n","uploadtime":1683557825,"views":5,"p1id":"bmdlchampphenix","p2id":"jennjarrett","formatid":"gen9vgc2023regulationc","rating":0,"private":0,"password":""}