{"id":"gen9vgc2023regulationc-1849882263","p1":"momajun","p2":"DisneyLando","format":"[Gen 9] VGC 2023 Regulation C","log":"|j|\u2606momajun\n|j|\u2606DisneyLando\n|t:|1682264120\n|gametype|doubles\n|player|p1|momajun|169|\n|player|p2|DisneyLando|102|\n|teamsize|p1|6\n|teamsize|p2|6\n|gen|9\n|tier|[Gen 9] VGC 2023 Regulation C\n|rule|Species Clause: Limit one of each Pok\u00e9mon\n|rule|Item Clause: Limit one of each item\n|clearpoke\n|poke|p1|Flutter Mane, L50|\n|poke|p1|Palafin, L50, M|\n|poke|p1|Arcanine, L50, M|\n|poke|p1|Amoonguss, L50, M|\n|poke|p1|Ting-Lu, L50|\n|poke|p1|Baxcalibur, L50, M|\n|poke|p2|Arcanine, L50, F|\n|poke|p2|Gholdengo, L50|\n|poke|p2|Amoonguss, L50, M|\n|poke|p2|Chien-Pao, L50|\n|poke|p2|Palafin, L50, F|\n|poke|p2|Dragonite, L50, F|\n|teampreview|4\n|c|\u2606DisneyLando|G3\n|c|\u2606momajun|g3\nDisneyLando has agreed to open team sheets.\n|j| MSI2023\n|j| Aldrich\n|j| templevgc\n|j| duckpond\n|j| cyan_vg\n|j| Pd0nZ\n|j| Orangex337\n|c|\u2606DisneyLando|Glhf\n|j| JeanMarc\n|j| Tito Sprigs\n|j| StrawberryPawmot\nmomajun has agreed to open team sheets.\n|j| baaaaat_\n|\n|t:|1682266287\n|start\n|switch|p1a: Arcanine|Arcanine, L50, M|100\/100\n|switch|p1b: Baxcalibur|Baxcalibur, L50, M|100\/100\n|switch|p2a: Gholdengo|Gholdengo, L50|100\/100\n|switch|p2b: Palafin|Palafin, L50, F|100\/100\n|-ability|p1a: Arcanine|Intimidate|boost\n|-unboost|p2a: Gholdengo|atk|1\n|-unboost|p2b: Palafin|atk|1\n|turn|1\n|j| rkd272\n|\n|t:|1682266393\n|detailschange|p2b: Palafin|Palafin-Hero, L50, F\n|switch|p2b: Amoonguss|Amoonguss, L50, M|100\/100\n|-terastallize|p1b: Baxcalibur|Poison\n|move|p1a: Arcanine|Howl|p1a: Arcanine|[spread] p1a,p1b\n|-boost|p1a: Arcanine|atk|1\n|-boost|p1b: Baxcalibur|atk|1\n|move|p2a: Gholdengo|Nasty Plot|p2a: Gholdengo\n|-boost|p2a: Gholdengo|spa|2\n|move|p1b: Baxcalibur|Glaive Rush|p2a: Gholdengo\n|-resisted|p2a: Gholdengo\n|-damage|p2a: Gholdengo|43\/100\n|-singlemove|p1b: Baxcalibur|Glaive Rush|[silent]\n|\n|-heal|p2a: Gholdengo|49\/100|[from] item: Leftovers\n|upkeep\n|turn|2\n|j| toilet friend\n|j|+Eeveon7 \u2764\ufe0f\n|l| rkd272\n|\n|t:|1682266450\n|-terastallize|p2a: Gholdengo|Water\n|move|p1b: Baxcalibur|Protect|p1b: Baxcalibur\n|-singleturn|p1b: Baxcalibur|Protect\n|move|p1a: Arcanine|Flare Blitz|p2b: Amoonguss\n|-supereffective|p2b: Amoonguss\n|-damage|p2b: Amoonguss|0 fnt\n|faint|p2b: Amoonguss\n|-damage|p1a: Arcanine|63\/100|[from] Recoil\n|move|p2a: Gholdengo|Make It Rain|p1b: Baxcalibur|[spread] p1a\n|-activate|p1b: Baxcalibur|move: Protect\n|-resisted|p1a: Arcanine\n|-damage|p1a: Arcanine|14\/100\n|-unboost|p2a: Gholdengo|spa|1\n|\n|-heal|p2a: Gholdengo|54\/100|[from] item: Leftovers\n|upkeep\n|j| rkd272\n|\n|t:|1682266475\n|switch|p2b: Palafin|Palafin-Hero, L50, F|100\/100\n|-activate|p2b: Palafin|ability: Zero to Hero\n|turn|3\n|j| Toxic Infidel\n|l| baaaaat_\n|j| Tekagt\n|\n|t:|1682266612\n|switch|p2b: Arcanine|Arcanine, L50, F|100\/100\n|-ability|p2b: Arcanine|Intimidate|boost\n|-unboost|p1a: Arcanine|atk|1\n|-fail|p1b: Baxcalibur|unboost|[from] item: Clear Amulet|[of] p1b: Baxcalibur\n|move|p1a: Arcanine|Extreme Speed|p2a: Gholdengo\n|-damage|p2a: Gholdengo|30\/100\n|move|p1b: Baxcalibur|Ice Shard|p2a: Gholdengo\n|-resisted|p2a: Gholdengo\n|-damage|p2a: Gholdengo|13\/100\n|move|p2a: Gholdengo|Make It Rain|p1a: Arcanine|[spread] p1a,p1b\n|-resisted|p1a: Arcanine\n|-damage|p1a: Arcanine|0 fnt\n|-damage|p1b: Baxcalibur|40\/100\n|-unboost|p2a: Gholdengo|spa|1\n|faint|p1a: Arcanine\n|\n|-heal|p2a: Gholdengo|19\/100|[from] item: Leftovers\n|upkeep\n|\n|t:|1682266633\n|switch|p1a: Flutter Mane|Flutter Mane, L50|100\/100\n|-enditem|p1a: Flutter Mane|Booster Energy\n|-activate|p1a: Flutter Mane|ability: Protosynthesis|[fromitem]\n|-start|p1a: Flutter Mane|protosynthesisspa\n|turn|4\n|l| duckpond\n|\n|t:|1682266806\n|move|p2b: Arcanine|Protect|p2b: Arcanine\n|-singleturn|p2b: Arcanine|Protect\n|move|p1b: Baxcalibur|Ice Shard|p2b: Arcanine\n|-activate|p2b: Arcanine|move: Protect\n|move|p1a: Flutter Mane|Dazzling Gleam|p2b: Arcanine|[spread] p2a\n|-activate|p2b: Arcanine|move: Protect\n|-damage|p2a: Gholdengo|0 fnt\n|faint|p2a: Gholdengo\n|\n|upkeep\n|j| Svenvgc\n|\n|t:|1682266814\n|switch|p2a: Palafin|Palafin-Hero, L50, F|100\/100\n|turn|5\n|j| Akram Hamdi\n|l|+Eeveon7 \u2764\ufe0f\n|j|+Eeveon7 \u2764\ufe0f\n|\n|t:|1682266969\n|switch|p1b: Amoonguss|Amoonguss, L50, M|100\/100\n|move|p1a: Flutter Mane|Shadow Ball|p2b: Arcanine\n|-damage|p2b: Arcanine|53\/100\n|-unboost|p2b: Arcanine|spd|1\n|move|p2a: Palafin|Wave Crash|p1a: Flutter Mane\n|-damage|p1a: Flutter Mane|0 fnt\n|faint|p1a: Flutter Mane\n|-end|p1a: Flutter Mane|Protosynthesis|[silent]\n|-damage|p2a: Palafin|78\/100|[from] Recoil\n|move|p2b: Arcanine|Flare Blitz|p1b: Amoonguss\n|-supereffective|p1b: Amoonguss\n|-damage|p1b: Amoonguss|13\/100\n|-enditem|p1b: Amoonguss|Sitrus Berry|[eat]\n|-heal|p1b: Amoonguss|37\/100|[from] item: Sitrus Berry\n|-damage|p2b: Arcanine|21\/100|[from] Recoil\n|\n|upkeep\n|\n|t:|1682266985\n|switch|p1a: Baxcalibur|Baxcalibur, L50, M, tera:Poison|40\/100\n|turn|6\n|j| FrostVG\n|l| Svenvgc\n|j| Svenvgc\n|\n|t:|1682267057\n|move|p1b: Amoonguss|Rage Powder|p1b: Amoonguss\n|-singleturn|p1b: Amoonguss|move: Rage Powder\n|move|p1a: Baxcalibur|Ice Shard|p2b: Arcanine\n|-resisted|p2b: Arcanine\n|-damage|p2b: Arcanine|8\/100\n|move|p2a: Palafin|Wave Crash|p1b: Amoonguss\n|-resisted|p1b: Amoonguss\n|-damage|p1b: Amoonguss|0 fnt\n|faint|p1b: Amoonguss\n|-damage|p2a: Palafin|64\/100|[from] Recoil\n|move|p2b: Arcanine|Flare Blitz|p1a: Baxcalibur\n|-damage|p1a: Baxcalibur|0 fnt\n|faint|p1a: Baxcalibur\n|-damage|p2b: Arcanine|0 fnt|[from] Recoil\n|faint|p2b: Arcanine\n|\n|win|DisneyLando\n|l| Pd0nZ\n|l|+Eeveon7 \u2764\ufe0f\n|c|\u2606DisneyLando|ggs\n|l| Akram Hamdi\n|l| FrostVG\n|l| rkd272\n|l| Orangex337\n|l| Svenvgc\n|l| MSI2023\n|l| StrawberryPawmot\n|l| Aldrich\n|j| FrostVG\n|l| JeanMarc\n","uploadtime":1682267071,"views":25,"p1id":"momajun","p2id":"disneylando","formatid":"gen9vgc2023regulationc","rating":0,"private":0,"password":""}