{"id":"gen9vgc2023regulationc-1848270709","p1":"Can'tStopFalling","p2":"gaymarriage3k","format":"[Gen 9] VGC 2023 Regulation C","log":"|j|\u2606Can'tStopFalling\n|j|\u2606gaymarriage3k\n|t:|1682051187\n|gametype|doubles\n|player|p1|Can'tStopFalling|clair|1349\n|player|p2|gaymarriage3k|pokemaniac|1414\n|teamsize|p1|5\n|teamsize|p2|6\n|gen|9\n|tier|[Gen 9] VGC 2023 Regulation C\n|rated|\n|rule|Species Clause: Limit one of each Pok\u00e9mon\n|rule|Item Clause: Limit one of each item\n|clearpoke\n|poke|p1|Tatsugiri-Droopy, L50, M|\n|poke|p1|Maushold-Four, L50|\n|poke|p1|Scream Tail, L50|\n|poke|p1|Gholdengo, L50|\n|poke|p1|Dragonite, L50, F|\n|poke|p2|Vivillon-Sun, L50, M|\n|poke|p2|Chi-Yu, L50|\n|poke|p2|Torkoal, L50, F|\n|poke|p2|Azumarill, L50, M|\n|poke|p2|Flutter Mane, L50|\n|poke|p2|Corviknight, L50, F|\n|teampreview|4\n|\n|t:|1682051230\n|start\n|switch|p1a: Tatsugiri|Tatsugiri-Droopy, L50, M|100\/100\n|switch|p1b: Dragonite|Dragonite, L50, F|100\/100\n|switch|p2a: Torkoal|Torkoal, L50, F|100\/100\n|switch|p2b: Flutter Mane|Flutter Mane, L50|100\/100\n|-weather|SunnyDay|[from] ability: Drought|[of] p2a: Torkoal\n|-activate|p2b: Flutter Mane|ability: Protosynthesis\n|-start|p2b: Flutter Mane|protosynthesisspa\n|turn|1\n|\n|t:|1682051276\n|-terastallize|p1a: Tatsugiri|Fire\n|move|p2a: Torkoal|Helping Hand|p2b: Flutter Mane\n|-singleturn|p2b: Flutter Mane|Helping Hand|[of] p2a: Torkoal\n|move|p2b: Flutter Mane|Dazzling Gleam|p1a: Tatsugiri|[spread] p1a,p1b\n|-resisted|p1a: Tatsugiri\n|-supereffective|p1b: Dragonite\n|-damage|p1a: Tatsugiri|40\/100\n|-damage|p1b: Dragonite|0 fnt\n|faint|p1b: Dragonite\n|-damage|p2b: Flutter Mane|91\/100|[from] item: Life Orb\n|move|p1a: Tatsugiri|Nasty Plot|p1a: Tatsugiri\n|-boost|p1a: Tatsugiri|spa|2\n|\n|-weather|SunnyDay|[upkeep]\n|upkeep\n|\n|t:|1682051286\n|switch|p1b: Scream Tail|Scream Tail, L50|100\/100\n|-activate|p1b: Scream Tail|ability: Protosynthesis\n|-start|p1b: Scream Tail|protosynthesisspe\n|turn|2\n|\n|t:|1682051306\n|-terastallize|p2b: Flutter Mane|Fairy\n|move|p2a: Torkoal|Helping Hand|p2b: Flutter Mane\n|-singleturn|p2b: Flutter Mane|Helping Hand|[of] p2a: Torkoal\n|move|p1b: Scream Tail|Disable|p2b: Flutter Mane\n|-start|p2b: Flutter Mane|Disable|Dazzling Gleam\n|cant|p2b: Flutter Mane|Disable|Dazzling Gleam\n|move|p1a: Tatsugiri|Draco Meteor|p2a: Torkoal|[miss]\n|-miss|p1a: Tatsugiri|p2a: Torkoal\n|\n|-weather|SunnyDay|[upkeep]\n|upkeep\n|turn|3\n|\n|t:|1682051336\n|move|p1b: Scream Tail|Thunder Wave|p2b: Flutter Mane\n|-status|p2b: Flutter Mane|par\n|move|p1a: Tatsugiri|Tera Blast|p2b: Flutter Mane\n|-damage|p2b: Flutter Mane|0 fnt\n|faint|p2b: Flutter Mane\n|-end|p2b: Flutter Mane|Protosynthesis|[silent]\n|move|p2a: Torkoal|Yawn|p1b: Scream Tail\n|-start|p1b: Scream Tail|move: Yawn|[of] p2a: Torkoal\n|\n|-weather|SunnyDay|[upkeep]\n|upkeep\n|\n|t:|1682051349\n|switch|p2b: Chi-Yu|Chi-Yu, L50|100\/100\n|-ability|p2b: Chi-Yu|Beads of Ruin\n|turn|4\n|\n|t:|1682051380\n|move|p1b: Scream Tail|Thunder Wave|p2b: Chi-Yu\n|-status|p2b: Chi-Yu|par\n|move|p1a: Tatsugiri|Surf|p2b: Chi-Yu|[spread] p1b,p2a,p2b\n|-supereffective|p2a: Torkoal\n|-supereffective|p2b: Chi-Yu\n|-damage|p1b: Scream Tail|70\/100\n|-damage|p2a: Torkoal|9\/100\n|-damage|p2b: Chi-Yu|34\/100 par\n|move|p2b: Chi-Yu|Dark Pulse|p1a: Tatsugiri\n|-damage|p1a: Tatsugiri|0 fnt\n|faint|p1a: Tatsugiri\n|move|p2a: Torkoal|Heat Wave|p1b: Scream Tail|[miss]\n|-miss|p2a: Torkoal|p1b: Scream Tail\n|\n|-weather|SunnyDay|[upkeep]\n|-heal|p2a: Torkoal|15\/100|[from] item: Leftovers\n|-end|p1b: Scream Tail|move: Yawn|[silent]\n|-status|p1b: Scream Tail|slp\n|upkeep\n|\n|t:|1682051386\n|switch|p1a: Maushold|Maushold-Four, L50|100\/100\n|turn|5\n|\n|t:|1682051413\n|move|p1a: Maushold|Protect|p1a: Maushold\n|-singleturn|p1a: Maushold|Protect\n|cant|p1b: Scream Tail|slp\n|move|p2b: Chi-Yu|Dark Pulse|p1a: Maushold\n|-activate|p1a: Maushold|move: Protect\n|move|p2a: Torkoal|Yawn|p1a: Maushold\n|-activate|p1a: Maushold|move: Protect\n|\n|-weather|none\n|-end|p1b: Scream Tail|Protosynthesis\n|-heal|p2a: Torkoal|21\/100|[from] item: Leftovers\n|upkeep\n|-enditem|p1b: Scream Tail|Booster Energy\n|-activate|p1b: Scream Tail|ability: Protosynthesis|[fromitem]\n|-start|p1b: Scream Tail|protosynthesisspe\n|turn|6\n|\n|t:|1682051432\n|move|p1a: Maushold|Helping Hand|p1b: Scream Tail\n|-singleturn|p1b: Scream Tail|Helping Hand|[of] p1a: Maushold\n|-curestatus|p1b: Scream Tail|slp|[msg]\n|move|p1b: Scream Tail|Dazzling Gleam|p2a: Torkoal|[spread] p2a,p2b\n|-resisted|p2a: Torkoal\n|-damage|p2a: Torkoal|6\/100\n|-damage|p2b: Chi-Yu|8\/100 par\n|cant|p2b: Chi-Yu|par\n|move|p2a: Torkoal|Yawn|p1a: Maushold\n|-start|p1a: Maushold|move: Yawn|[of] p2a: Torkoal\n|\n|-heal|p2a: Torkoal|12\/100|[from] item: Leftovers\n|upkeep\n|turn|7\n|\n|t:|1682051452\n|move|p1a: Maushold|Helping Hand|p1b: Scream Tail\n|-singleturn|p1b: Scream Tail|Helping Hand|[of] p1a: Maushold\n|move|p1b: Scream Tail|Dazzling Gleam|p2a: Torkoal|[spread] p2a,p2b\n|-resisted|p2a: Torkoal\n|-damage|p2a: Torkoal|0 fnt\n|-damage|p2b: Chi-Yu|0 fnt\n|faint|p2a: Torkoal\n|faint|p2b: Chi-Yu\n|\n|-end|p1a: Maushold|move: Yawn|[silent]\n|-status|p1a: Maushold|slp\n|upkeep\n|\n|t:|1682051463\n|switch|p2b: Corviknight|Corviknight, L50, F|100\/100\n|turn|8\n|\n|t:|1682051499\n|move|p1b: Scream Tail|Thunder Wave|p2b: Corviknight\n|-status|p2b: Corviknight|par\n|cant|p1a: Maushold|slp\n|cant|p2b: Corviknight|par\n|\n|upkeep\n|turn|9\n|\n|t:|1682051513\n|-curestatus|p1a: Maushold|slp|[msg]\n|move|p1a: Maushold|Follow Me|p1a: Maushold\n|-singleturn|p1a: Maushold|move: Follow Me\n|move|p1b: Scream Tail|Dazzling Gleam|p2b: Corviknight\n|-resisted|p2b: Corviknight\n|-damage|p2b: Corviknight|93\/100 par\n|move|p2b: Corviknight|Brave Bird|p1a: Maushold\n|-damage|p1a: Maushold|49\/100\n|-enditem|p1a: Maushold|Sitrus Berry|[eat]\n|-heal|p1a: Maushold|73\/100|[from] item: Sitrus Berry\n|-damage|p2b: Corviknight|78\/100 par|[from] Recoil\n|\n|upkeep\n|turn|10\n|\n|t:|1682051532\n|move|p1a: Maushold|Protect|p1a: Maushold\n|-singleturn|p1a: Maushold|Protect\n|move|p1b: Scream Tail|Encore|p2b: Corviknight\n|-start|p2b: Corviknight|Encore\n|move|p2b: Corviknight|Brave Bird|p1b: Scream Tail\n|-damage|p1b: Scream Tail|46\/100\n|-damage|p2b: Corviknight|69\/100 par|[from] Recoil\n|\n|upkeep\n|turn|11\n|\n|t:|1682051546\n|move|p1b: Scream Tail|Disable|p2b: Corviknight\n|-start|p2b: Corviknight|Disable|Brave Bird\n|move|p1a: Maushold|Super Fang|p2b: Corviknight\n|-damage|p2b: Corviknight|35\/100 par\n|-enditem|p2b: Corviknight|Sitrus Berry|[eat]\n|-heal|p2b: Corviknight|60\/100 par|[from] item: Sitrus Berry\n|cant|p2b: Corviknight|Disable|Brave Bird\n|\n|upkeep\n|turn|12\n|-message|gaymarriage3k forfeited.\n|\n|win|Can'tStopFalling\n|raw|Can'tStopFalling's rating: 1349 → 1373<\/strong> (+24 for winning)\n|raw|gaymarriage3k's rating: 1414 → 1390<\/strong> (-24 for losing)\n|l|\u2606gaymarriage3k\n","uploadtime":1682051565,"views":18,"p1id":"cantstopfalling","p2id":"gaymarriage3k","formatid":"gen9vgc2023regulationc","rating":1373,"private":0,"password":""}