{"id":"gen9vgc2023regulationc-1863162271","p1":"R2VGC","p2":"assoassoassod","format":"[Gen 9] VGC 2023 Regulation C","log":"|j|\u2606R2VGC\n|j|\u2606assoassoassod\n|t:|1683981940\n|gametype|doubles\n|player|p1|R2VGC|102|1138\n|player|p2|assoassoassod|palmer|1215\n|teamsize|p1|6\n|teamsize|p2|6\n|gen|9\n|tier|[Gen 9] VGC 2023 Regulation C\n|rated|\n|rule|Species Clause: Limit one of each Pok\u00e9mon\n|rule|Item Clause: Limit one of each item\n|clearpoke\n|poke|p1|Amoonguss, L50, F|\n|poke|p1|Arcanine, L50, M|\n|poke|p1|Flutter Mane, L50|\n|poke|p1|Kingambit, L50, M|\n|poke|p1|Palafin, L50, M|\n|poke|p1|Baxcalibur, L50, M|\n|poke|p2|Grimmsnarl, L50, M|\n|poke|p2|Salamence, L50, M|\n|poke|p2|Iron Hands, L50|\n|poke|p2|Hydreigon, L50, M|\n|poke|p2|Arcanine, L50, M|\n|poke|p2|Iron Treads, L50|\n|teampreview|4\nR2VGC has agreed to open team sheets.\n|inactive|Battle timer is ON: inactive players will automatically lose when time's up. (requested by assoassoassod)\n|\n|t:|1683981991\n|start\n|switch|p1a: Flutter Mane|Flutter Mane, L50|100\/100\n|switch|p1b: Kingambit|Kingambit, L50, M|100\/100\n|switch|p2a: Grimmsnarl|Grimmsnarl, L50, M|100\/100\n|switch|p2b: Salamence|Salamence, L50, M|100\/100\n|-ability|p2b: Salamence|Intimidate|boost\n|-unboost|p1a: Flutter Mane|atk|1\n|-unboost|p1b: Kingambit|atk|1\n|-ability|p1b: Kingambit|Defiant|boost\n|-boost|p1b: Kingambit|atk|2\n|-enditem|p1a: Flutter Mane|Booster Energy\n|-activate|p1a: Flutter Mane|ability: Protosynthesis|[fromitem]\n|-start|p1a: Flutter Mane|protosynthesisspe\n|turn|1\n|\n|t:|1683982012\n|-terastallize|p2b: Salamence|Steel\n|-terastallize|p1b: Kingambit|Dark\n|move|p1b: Kingambit|Protect|p1b: Kingambit\n|-singleturn|p1b: Kingambit|Protect\n|move|p2a: Grimmsnarl|Light Screen|p2a: Grimmsnarl\n|-sidestart|p2: assoassoassod|move: Light Screen\n|move|p1a: Flutter Mane|Icy Wind|p2a: Grimmsnarl|[spread] p2a\n|-miss|p1a: Flutter Mane|p2b: Salamence\n|-damage|p2a: Grimmsnarl|92\/100\n|-unboost|p2a: Grimmsnarl|spe|1\n|move|p2b: Salamence|Heat Wave|p1b: Kingambit|[spread] p1a\n|-activate|p1b: Kingambit|move: Protect\n|-damage|p1a: Flutter Mane|62\/100\n|\n|upkeep\n|turn|2\n|\n|t:|1683982037\n|move|p1a: Flutter Mane|Icy Wind|p2b: Salamence|[spread] p2a,p2b\n|-resisted|p2b: Salamence\n|-damage|p2a: Grimmsnarl|84\/100\n|-damage|p2b: Salamence|95\/100\n|-unboost|p2a: Grimmsnarl|spe|1\n|-unboost|p2b: Salamence|spe|1\n|move|p2b: Salamence|Heat Wave|p1b: Kingambit|[spread] p1b\n|-miss|p2b: Salamence|p1a: Flutter Mane\n|-damage|p1b: Kingambit|61\/100\n|move|p1b: Kingambit|Assurance|p2b: Salamence\n|-damage|p2b: Salamence|0 fnt\n|faint|p2b: Salamence\n|move|p2a: Grimmsnarl|Spirit Break|p1b: Kingambit\n|-supereffective|p1b: Kingambit\n|-damage|p1b: Kingambit|14\/100\n|-unboost|p1b: Kingambit|spa|1\n|-ability|p1b: Kingambit|Defiant|boost\n|-boost|p1b: Kingambit|atk|2\n|\n|upkeep\n|\n|t:|1683982057\n|switch|p2b: Iron Hands|Iron Hands, L50|100\/100\n|turn|3\n|\n|t:|1683982072\n|move|p1b: Kingambit|Protect|p1b: Kingambit\n|-singleturn|p1b: Kingambit|Protect\n|move|p2a: Grimmsnarl|Reflect|p2a: Grimmsnarl\n|-sidestart|p2: assoassoassod|Reflect\n|move|p1a: Flutter Mane|Moonblast|p2a: Grimmsnarl\n|-supereffective|p2a: Grimmsnarl\n|-damage|p2a: Grimmsnarl|32\/100\n|-unboost|p2a: Grimmsnarl|spa|1\n|move|p2b: Iron Hands|Earthquake|p1a: Flutter Mane|[spread] p2a,p1a\n|-activate|p1b: Kingambit|move: Protect\n|-damage|p2a: Grimmsnarl|7\/100\n|-damage|p1a: Flutter Mane|0 fnt\n|faint|p1a: Flutter Mane\n|-end|p1a: Flutter Mane|Protosynthesis|[silent]\n|\n|upkeep\n|\n|t:|1683982087\n|switch|p1a: Baxcalibur|Baxcalibur, L50, M|100\/100\n|turn|4\n|inactive|R2VGC has 30 seconds left.\n|inactive|assoassoassod has 30 seconds left.\n|inactive|R2VGC has 20 seconds left.\n|inactive|R2VGC has 15 seconds left.\n|\n|t:|1683982128\n|move|p1a: Baxcalibur|Ice Shard|p2a: Grimmsnarl\n|-damage|p2a: Grimmsnarl|0 fnt\n|faint|p2a: Grimmsnarl\n|move|p1b: Kingambit|Sucker Punch|p2b: Iron Hands\n|-resisted|p2b: Iron Hands\n|-damage|p2b: Iron Hands|68\/100\n|move|p2b: Iron Hands|Drain Punch|p1b: Kingambit\n|-supereffective|p1b: Kingambit\n|-damage|p1b: Kingambit|0 fnt\n|-heal|p2b: Iron Hands|73\/100|[from] drain|[of] p1b: Kingambit\n|faint|p1b: Kingambit\n|\n|upkeep\n|\n|t:|1683982140\n|switch|p1b: Natters|Amoonguss, L50, F, shiny|100\/100\n|switch|p2a: Hydreigon|Hydreigon, L50, M|100\/100\n|turn|5\n|\n|t:|1683982154\n|move|p2a: Hydreigon|Heat Wave|p1a: Baxcalibur|[spread] p1b\n|-miss|p2a: Hydreigon|p1a: Baxcalibur\n|-supereffective|p1b: Natters\n|-damage|p1b: Natters|43\/100\n|-damage|p2a: Hydreigon|91\/100|[from] item: Life Orb\n|move|p1a: Baxcalibur|Breaking Swipe|p2a: Hydreigon|[spread] p2a,p2b\n|-supereffective|p2a: Hydreigon\n|-damage|p2a: Hydreigon|50\/100\n|-damage|p2b: Iron Hands|60\/100\n|-unboost|p2a: Hydreigon|atk|1\n|-unboost|p2b: Iron Hands|atk|1\n|move|p2b: Iron Hands|Drain Punch|p1a: Baxcalibur\n|-supereffective|p1a: Baxcalibur\n|-damage|p1a: Baxcalibur|46\/100\n|-heal|p2b: Iron Hands|82\/100|[from] drain|[of] p1a: Baxcalibur\n|move|p1b: Natters|Spore|p2a: Hydreigon\n|-status|p2a: Hydreigon|slp|[from] move: Spore\n|\n|upkeep\n|turn|6\n|inactive|R2VGC has 30 seconds left.\n|\n|t:|1683982183\n|move|p1b: Natters|Rage Powder|p1b: Natters\n|-singleturn|p1b: Natters|move: Rage Powder\n|cant|p2a: Hydreigon|slp\n|move|p1a: Baxcalibur|Glaive Rush|p2b: Iron Hands\n|-damage|p2b: Iron Hands|52\/100\n|-singlemove|p1a: Baxcalibur|Glaive Rush|[silent]\n|move|p2b: Iron Hands|Drain Punch|p1b: Natters\n|-resisted|p1b: Natters\n|-damage|p1b: Natters|32\/100\n|-heal|p2b: Iron Hands|57\/100|[from] drain|[of] p1b: Natters\n|-damage|p2b: Iron Hands|40\/100|[from] item: Rocky Helmet|[of] p1b: Natters\n|\n|upkeep\n|turn|7\n|\n|t:|1683982201\n|move|p1b: Natters|Rage Powder|p1b: Natters\n|-singleturn|p1b: Natters|move: Rage Powder\n|cant|p2a: Hydreigon|slp\n|move|p1a: Baxcalibur|Glaive Rush|p2a: Hydreigon\n|-supereffective|p2a: Hydreigon\n|-damage|p2a: Hydreigon|0 fnt\n|-singlemove|p1a: Baxcalibur|Glaive Rush|[silent]\n|faint|p2a: Hydreigon\n|move|p2b: Iron Hands|Earthquake|p1a: Baxcalibur|[spread] p1a,p1b\n|-damage|p1a: Baxcalibur|10\/100\n|-damage|p1b: Natters|16\/100\n|\n|upkeep\n|turn|8\n|\n|t:|1683982221\n|move|p1a: Baxcalibur|Glaive Rush|p2b: Iron Hands\n|-damage|p2b: Iron Hands|6\/100\n|-singlemove|p1a: Baxcalibur|Glaive Rush|[silent]\n|move|p2b: Iron Hands|Earthquake|p1a: Baxcalibur|[spread] p1a,p1b\n|-damage|p1a: Baxcalibur|0 fnt\n|-damage|p1b: Natters|0 fnt\n|faint|p1a: Baxcalibur\n|faint|p1b: Natters\n|\n|win|assoassoassod\n|raw|R2VGC's rating: 1138 → 1118<\/strong> (-20 for losing)\n|raw|assoassoassod's rating: 1215 → 1235<\/strong> (+20 for winning)\n|l|\u2606assoassoassod\n","uploadtime":1683982247,"views":20,"p1id":"r2vgc","p2id":"assoassoassod","formatid":"gen9vgc2023regulationc","rating":1118,"private":0,"password":""}