{"id":"gen9vgc2023regulationc-1858062782","p1":"Rean412","p2":"Nadoof","format":"[Gen 9] VGC 2023 Regulation C","log":"|j|\u2606Rean412\n|j|\u2606Nadoof\n|t:|1683269208\n|gametype|doubles\n|player|p1|Rean412|265|1283\n|player|p2|Nadoof|266|1198\n|teamsize|p1|6\n|teamsize|p2|6\n|gen|9\n|tier|[Gen 9] VGC 2023 Regulation C\n|rated|\n|rule|Species Clause: Limit one of each Pok\u00e9mon\n|rule|Item Clause: Limit one of each item\n|clearpoke\n|poke|p1|Slaking, L50, M|\n|poke|p1|Grafaiai, L50, M|\n|poke|p1|Talonflame, L50, F|\n|poke|p1|Indeedee-F, L50, F|\n|poke|p1|Flutter Mane, L50|\n|poke|p1|Armarouge, L50, M|\n|poke|p2|Palafin, L50, F|\n|poke|p2|Flutter Mane, L50|\n|poke|p2|Chi-Yu, L50|\n|poke|p2|Arcanine, L50, M|\n|poke|p2|Iron Hands, L50|\n|poke|p2|Wo-Chien, L50|\n|teampreview|4\nRean412 has agreed to open team sheets.\n|c|\u2606Rean412|GLHF\n|\n|t:|1683269240\n|start\n|switch|p1a: Slaking|Slaking, L50, M|100\/100\n|switch|p1b: Grafaiai|Grafaiai, L50, M|100\/100\n|switch|p2a: Wo-Chien|Wo-Chien, L50|100\/100\n|switch|p2b: Arcanine|Arcanine, L50, M|100\/100\n|-ability|p2b: Arcanine|Intimidate|boost\n|-unboost|p1a: Slaking|atk|1\n|-unboost|p1b: Grafaiai|atk|1\n|-ability|p2a: Wo-Chien|Tablets of Ruin\n|turn|1\n|\n|t:|1683269257\n|switch|p2b: Chi-Yu|Chi-Yu, L50|100\/100\n|-ability|p2b: Chi-Yu|Beads of Ruin\n|move|p1b: Grafaiai|Doodle|p2b: Chi-Yu\n|-hint|Since gen 7, Dark is immune to Prankster moves.\n|-immune|p2b: Chi-Yu\n|move|p1a: Slaking|Yawn|p2b: Chi-Yu\n|-start|p2b: Chi-Yu|move: Yawn|[of] p1a: Slaking\n|move|p2a: Wo-Chien|Leech Seed|p1a: Slaking\n|-start|p1a: Slaking|move: Leech Seed\n|\n|-damage|p1a: Slaking|88\/100|[from] Leech Seed|[of] p2a: Wo-Chien\n|upkeep\n|turn|2\n|\n|t:|1683269282\n|switch|p1a: Armarouge|Armarouge, L50, M, shiny|100\/100\n|move|p1b: Grafaiai|Toxic|p2a: Wo-Chien\n|-hint|Since gen 7, Dark is immune to Prankster moves.\n|-immune|p2a: Wo-Chien\n|move|p2b: Chi-Yu|Heat Wave|p1a: Armarouge|[spread] p1b\n|-start|p1a: Armarouge|ability: Flash Fire\n|-damage|p1b: Grafaiai|20\/100\n|move|p2a: Wo-Chien|Ruination|p1a: Armarouge\n|-damage|p1a: Armarouge|50\/100\n|\n|-heal|p1a: Armarouge|57\/100|[from] item: Leftovers\n|-end|p2b: Chi-Yu|move: Yawn|[silent]\n|-status|p2b: Chi-Yu|slp\n|upkeep\n|turn|3\n|\n|t:|1683269310\n|switch|p2b: Arcanine|Arcanine, L50, M|100\/100\n|-ability|p2b: Arcanine|Intimidate|boost\n|-unboost|p1a: Armarouge|atk|1\n|-unboost|p1b: Grafaiai|atk|1\n|-terastallize|p2a: Wo-Chien|Poison\n|move|p1b: Grafaiai|Gunk Shot|p2b: Arcanine\n|-damage|p2b: Arcanine|82\/100\n|move|p1a: Armarouge|Armor Cannon|p2a: Wo-Chien\n|-damage|p2a: Wo-Chien|49\/100\n|-unboost|p1a: Armarouge|def|1\n|-unboost|p1a: Armarouge|spd|1\n|move|p2a: Wo-Chien|Leech Seed|p1a: Armarouge\n|-start|p1a: Armarouge|move: Leech Seed\n|\n|-heal|p1a: Armarouge|63\/100|[from] item: Leftovers\n|-heal|p2a: Wo-Chien|54\/100|[from] item: Leftovers\n|-damage|p1a: Armarouge|50\/100|[from] Leech Seed|[of] p2a: Wo-Chien\n|-heal|p2a: Wo-Chien|67\/100|[silent]\n|upkeep\n|turn|4\n|\n|t:|1683269330\n|-end|p1a: Armarouge|ability: Flash Fire|[silent]\n|switch|p1a: Slaking|Slaking, L50, M|88\/100\n|move|p2a: Wo-Chien|Protect|p2a: Wo-Chien\n|-singleturn|p2a: Wo-Chien|Protect\n|move|p1b: Grafaiai|Doodle|p2a: Wo-Chien\n|-endability|p1a: Slaking|Truant|[from] move: Doodle\n|-ability|p1a: Slaking|Tablets of Ruin\n|-ability|p1a: Slaking|Tablets of Ruin|[from] move: Doodle\n|-endability|p1b: Grafaiai|Prankster|[from] move: Doodle\n|-ability|p1b: Grafaiai|Tablets of Ruin\n|-ability|p1b: Grafaiai|Tablets of Ruin|[from] move: Doodle\n|move|p2b: Arcanine|Snarl|p1a: Slaking|[spread] p1a,p1b\n|-damage|p1a: Slaking|81\/100\n|-damage|p1b: Grafaiai|5\/100\n|-unboost|p1a: Slaking|spa|1\n|-unboost|p1b: Grafaiai|spa|1\n|\n|-heal|p2a: Wo-Chien|73\/100|[from] item: Leftovers\n|upkeep\n|turn|5\n|\n|t:|1683269374\n|move|p1b: Grafaiai|Parting Shot|p2b: Arcanine\n|-unboost|p2b: Arcanine|atk|1\n|-unboost|p2b: Arcanine|spa|1\n|\n|t:|1683269378\n|switch|p1b: Armarouge|Armarouge, L50, M, shiny|50\/100|[from] Parting Shot\n|move|p2b: Arcanine|Will-O-Wisp|p1a: Slaking|[miss]\n|-miss|p2b: Arcanine|p1a: Slaking\n|move|p1a: Slaking|Substitute|p1a: Slaking\n|-start|p1a: Slaking|Substitute\n|-damage|p1a: Slaking|57\/100\n|move|p2a: Wo-Chien|Leech Seed||[still]\n|-fail|p2a: Wo-Chien\n|\n|-heal|p1b: Armarouge|57\/100|[from] item: Leftovers\n|-heal|p2a: Wo-Chien|79\/100|[from] item: Leftovers\n|upkeep\n|turn|6\n|\n|t:|1683269400\n|move|p2a: Wo-Chien|Protect|p2a: Wo-Chien\n|-singleturn|p2a: Wo-Chien|Protect\n|move|p2b: Arcanine|Snarl|p1a: Slaking|[spread] p1a,p1b\n|-supereffective|p1b: Armarouge\n|-damage|p1a: Slaking|52\/100\n|-damage|p1b: Armarouge|43\/100\n|-unboost|p1a: Slaking|spa|1\n|-unboost|p1b: Armarouge|spa|1\n|move|p1a: Slaking|Giga Impact|p2a: Wo-Chien\n|-activate|p2a: Wo-Chien|move: Protect\n|move|p1b: Armarouge|Trick||[still]\n|-fail|p1b: Armarouge\n|\n|-heal|p1b: Armarouge|49\/100|[from] item: Leftovers\n|-heal|p2a: Wo-Chien|84\/100|[from] item: Leftovers\n|upkeep\n|turn|7\n|c|\u2606Nadoof|Worst case scenario\n|\n|t:|1683269426\n|switch|p2a: Chi-Yu|Chi-Yu, L50|100\/100 slp\n|-ability|p2a: Chi-Yu|Beads of Ruin\n|move|p2b: Arcanine|Snarl|p1a: Slaking|[spread] p1a,p1b\n|-supereffective|p1b: Armarouge\n|-damage|p1a: Slaking|47\/100\n|-damage|p1b: Armarouge|32\/100\n|-unboost|p1a: Slaking|spa|1\n|-unboost|p1b: Armarouge|spa|1\n|move|p1a: Slaking|Giga Impact|p2a: Chi-Yu\n|-enditem|p2a: Chi-Yu|Focus Sash\n|-damage|p2a: Chi-Yu|1\/100 slp\n|-mustrecharge|p1a: Slaking\n|move|p1b: Armarouge|Expanding Force|p2b: Arcanine\n|-damage|p2b: Arcanine|53\/100\n|\n|-heal|p1b: Armarouge|38\/100|[from] item: Leftovers\n|upkeep\n|turn|8\n|\n|t:|1683269445\n|cant|p2a: Chi-Yu|slp\n|move|p2b: Arcanine|Flare Blitz|p1a: Slaking\n|-activate|p1a: Slaking|move: Substitute|[damage]\n|-damage|p2b: Arcanine|46\/100|[from] Recoil|[of] p1a: Slaking\n|cant|p1a: Slaking|recharge\n|move|p1b: Armarouge|Armor Cannon|p2a: Chi-Yu\n|-resisted|p2a: Chi-Yu\n|-damage|p2a: Chi-Yu|0 fnt\n|-unboost|p1b: Armarouge|def|1\n|-unboost|p1b: Armarouge|spd|1\n|faint|p2a: Chi-Yu\n|\n|-heal|p1b: Armarouge|44\/100|[from] item: Leftovers\n|upkeep\n|\n|t:|1683269453\n|switch|p2a: Flutter Mane|Flutter Mane, L50|100\/100\n|-enditem|p2a: Flutter Mane|Booster Energy\n|-activate|p2a: Flutter Mane|ability: Protosynthesis|[fromitem]\n|-start|p2a: Flutter Mane|protosynthesisspa\n|turn|9\n|\n|t:|1683269467\n|move|p2a: Flutter Mane|Dazzling Gleam|p1b: Armarouge|[spread] p1a,p1b\n|-end|p1a: Slaking|Substitute\n|-resisted|p1b: Armarouge\n|-damage|p1b: Armarouge|3\/100\n|move|p2b: Arcanine|Will-O-Wisp|p1a: Slaking|[miss]\n|-miss|p2b: Arcanine|p1a: Slaking\n|move|p1a: Slaking|Shadow Claw|p2a: Flutter Mane\n|-supereffective|p2a: Flutter Mane\n|-damage|p2a: Flutter Mane|0 fnt\n|faint|p2a: Flutter Mane\n|-end|p2a: Flutter Mane|Protosynthesis|[silent]\n|move|p1b: Armarouge|Trick|p1a: Slaking\n|-activate|p1b: Armarouge|move: Trick|[of] p1a: Slaking\n|-item|p1a: Slaking|Leftovers|[from] move: Trick\n|-item|p1b: Armarouge|Rocky Helmet|[from] move: Trick\n|\n|-heal|p1a: Slaking|53\/100|[from] item: Leftovers\n|upkeep\n|\n|t:|1683269472\n|switch|p2a: Wo-Chien|Wo-Chien, L50, tera:Poison|84\/100\n|-ability|p2a: Wo-Chien|Tablets of Ruin\n|turn|10\n|\n|t:|1683269522\n|switch|p1b: Grafaiai|Grafaiai, L50, M|5\/100\n|move|p2b: Arcanine|Flare Blitz|p1a: Slaking\n|-damage|p1a: Slaking|35\/100\n|-damage|p2b: Arcanine|40\/100|[from] Recoil\n|move|p1a: Slaking|Substitute|p1a: Slaking\n|-start|p1a: Slaking|Substitute\n|-damage|p1a: Slaking|10\/100\n|move|p2a: Wo-Chien|Pollen Puff|p2b: Arcanine\n|-heal|p2b: Arcanine|89\/100\n|\n|-heal|p1a: Slaking|16\/100|[from] item: Leftovers\n|-heal|p2a: Wo-Chien|90\/100|[from] item: Leftovers\n|upkeep\n|turn|11\n|\n|t:|1683269543\n|move|p1b: Grafaiai|Parting Shot|p2b: Arcanine\n|-unboost|p2b: Arcanine|atk|1\n|-unboost|p2b: Arcanine|spa|1\n|\n|t:|1683269548\n|switch|p1b: Armarouge|Armarouge, L50, M, shiny|3\/100|[from] Parting Shot\n|move|p2b: Arcanine|Flare Blitz|p1b: Armarouge\n|-start|p1b: Armarouge|ability: Flash Fire\n|move|p1a: Slaking|Yawn|p2a: Wo-Chien\n|-start|p2a: Wo-Chien|move: Yawn|[of] p1a: Slaking\n|move|p2a: Wo-Chien|Ruination|p1a: Slaking\n|-activate|p1a: Slaking|move: Substitute|[damage]\n|\n|-heal|p1a: Slaking|23\/100|[from] item: Leftovers\n|-heal|p2a: Wo-Chien|96\/100|[from] item: Leftovers\n|upkeep\n|turn|12\n|\n|t:|1683269569\n|move|p2b: Arcanine|Flare Blitz|p1a: Slaking\n|-activate|p1a: Slaking|move: Substitute|[damage]\n|-damage|p2b: Arcanine|84\/100|[from] Recoil|[of] p1a: Slaking\n|move|p1a: Slaking|Yawn|p2b: Arcanine\n|-start|p2b: Arcanine|move: Yawn|[of] p1a: Slaking\n|move|p1b: Armarouge|Expanding Force|p2a: Wo-Chien\n|-supereffective|p2a: Wo-Chien\n|-damage|p2a: Wo-Chien|46\/100\n|move|p2a: Wo-Chien|Pollen Puff|p1b: Armarouge\n|-crit|p1b: Armarouge\n|-damage|p1b: Armarouge|0 fnt\n|faint|p1b: Armarouge\n|\n|-heal|p1a: Slaking|29\/100|[from] item: Leftovers\n|-heal|p2a: Wo-Chien|51\/100|[from] item: Leftovers\n|-end|p2a: Wo-Chien|move: Yawn|[silent]\n|-status|p2a: Wo-Chien|slp\n|upkeep\n|j| Snowstorm brute\n|c|\u2606Nadoof|This is torture\n|\n|t:|1683269586\n|switch|p1b: Grafaiai|Grafaiai, L50, M|5\/100\n|turn|13\n|\n|t:|1683269603\n|move|p1b: Grafaiai|Parting Shot|p2b: Arcanine\n|-unboost|p2b: Arcanine|atk|1\n|-unboost|p2b: Arcanine|spa|1\n|\n|t:|1683269607\n|switch|p1b: Flutter Mane|Flutter Mane, L50|100\/100|[from] Parting Shot\n|-enditem|p1b: Flutter Mane|Booster Energy\n|-activate|p1b: Flutter Mane|ability: Protosynthesis|[fromitem]\n|-start|p1b: Flutter Mane|protosynthesisspa\n|move|p2b: Arcanine|Flare Blitz|p1b: Flutter Mane\n|-damage|p1b: Flutter Mane|83\/100\n|-damage|p2b: Arcanine|80\/100|[from] Recoil\n|move|p1a: Slaking|Yawn||[still]\n|-fail|p1a: Slaking\n|cant|p2a: Wo-Chien|slp\n|\n|-heal|p1a: Slaking|35\/100|[from] item: Leftovers\n|-heal|p2a: Wo-Chien|57\/100 slp|[from] item: Leftovers\n|-end|p2b: Arcanine|move: Yawn|[silent]\n|-status|p2b: Arcanine|slp\n|upkeep\n|turn|14\n|c|\u2606Rean412|I\u2019m sorry\n|\n|t:|1683269643\n|move|p1b: Flutter Mane|Calm Mind|p1b: Flutter Mane\n|-boost|p1b: Flutter Mane|spa|1\n|-boost|p1b: Flutter Mane|spd|1\n|cant|p2b: Arcanine|slp\n|move|p1a: Slaking|Giga Impact|p2a: Wo-Chien\n|-damage|p2a: Wo-Chien|0 fnt\n|-mustrecharge|p1a: Slaking\n|faint|p2a: Wo-Chien\n|\n|-heal|p1a: Slaking|41\/100|[from] item: Leftovers\n|upkeep\n|turn|15\n|-message|Nadoof forfeited.\n|\n|win|Rean412\n|raw|Rean412's rating: 1283 → 1302<\/strong> (+19 for winning)\n|raw|Nadoof's rating: 1198 → 1179<\/strong> (-19 for losing)\n|l|\u2606Nadoof\n","uploadtime":1683269656,"views":7,"p1id":"rean412","p2id":"nadoof","formatid":"gen9vgc2023regulationc","rating":1179,"private":0,"password":""}