{"id":"gen9vgc2023regulationc-1848239611","p1":"Doomtheboomkin","p2":"RubyScarletC","format":"[Gen 9] VGC 2023 Regulation C","log":"|j|\u2606Doomtheboomkin\n|j|\u2606RubyScarletC\n|t:|1682046639\n|gametype|doubles\n|player|p1|Doomtheboomkin|shadowtriad|1289\n|player|p2|RubyScarletC|clerkf|1404\n|teamsize|p1|6\n|teamsize|p2|6\n|gen|9\n|tier|[Gen 9] VGC 2023 Regulation C\n|rated|\n|rule|Species Clause: Limit one of each Pok\u00e9mon\n|rule|Item Clause: Limit one of each item\n|clearpoke\n|poke|p1|Baxcalibur, L50, M|\n|poke|p1|Chien-Pao, L50|\n|poke|p1|Dragonite, L50, M|\n|poke|p1|Palafin, L50, M|\n|poke|p1|Pelipper, L50, F|\n|poke|p1|Amoonguss, L50, F|\n|poke|p2|Torkoal, L50, M|\n|poke|p2|Jumpluff, L50, F|\n|poke|p2|Flutter Mane, L50|\n|poke|p2|Great Tusk, L50|\n|poke|p2|Kingambit, L50, M|\n|poke|p2|Chien-Pao, L50|\n|teampreview|4\n|inactive|Battle timer is ON: inactive players will automatically lose when time's up. (requested by Doomtheboomkin)\n|inactive|RubyScarletC has 60 seconds left.\n|\n|t:|1682046694\n|start\n|switch|p1a: Palafin|Palafin, L50, M|100\/100\n|switch|p1b: Chien-Pao|Chien-Pao, L50|100\/100\n|switch|p2a: Flutter Mane|Flutter Mane, L50|100\/100\n|switch|p2b: Chien-Pao|Chien-Pao, L50|100\/100\n|-ability|p2b: Chien-Pao|Sword of Ruin\n|-ability|p1b: Chien-Pao|Sword of Ruin\n|turn|1\n|inactive|RubyScarletC has 30 seconds left.\n|inactive|RubyScarletC has 20 seconds left.\n|inactive|RubyScarletC has 15 seconds left.\n|inactive|RubyScarletC has 10 seconds left.\n|\n|t:|1682046739\n|switch|p2b: Great Tusk|Great Tusk, L50, shiny|100\/100\n|-terastallize|p2a: Flutter Mane|Water\n|move|p1b: Chien-Pao|Sucker Punch|p2a: Flutter Mane\n|-damage|p2a: Flutter Mane|15\/100\n|move|p1a: Palafin|Jet Punch|p2a: Flutter Mane\n|-resisted|p2a: Flutter Mane\n|-damage|p2a: Flutter Mane|0 fnt\n|faint|p2a: Flutter Mane\n|-end|p2a: Flutter Mane|Protosynthesis|[silent]\n|\n|upkeep\n|\n|t:|1682046749\n|switch|p2a: Chien-Pao|Chien-Pao, L50|100\/100\n|-ability|p2a: Chien-Pao|Sword of Ruin\n|turn|2\n|\n|t:|1682046772\n|detailschange|p1a: Palafin|Palafin-Hero, L50, M\n|switch|p1a: Pelipper|Pelipper, L50, F|100\/100\n|-weather|RainDance|[from] ability: Drizzle|[of] p1a: Pelipper\n|move|p1b: Chien-Pao|Protect|p1b: Chien-Pao\n|-singleturn|p1b: Chien-Pao|Protect\n|move|p2b: Great Tusk|Rock Slide|p1b: Chien-Pao|[spread] p1a\n|-activate|p1b: Chien-Pao|move: Protect\n|-supereffective|p1a: Pelipper\n|-damage|p1a: Pelipper|48\/100\n|move|p2a: Chien-Pao|Ice Spinner|p1a: Pelipper\n|-damage|p1a: Pelipper|0 fnt\n|faint|p1a: Pelipper\n|\n|-weather|RainDance|[upkeep]\n|upkeep\n|\n|t:|1682046789\n|switch|p1a: Palafin|Palafin-Hero, L50, M|100\/100\n|-activate|p1a: Palafin|ability: Zero to Hero\n|turn|3\n|\n|t:|1682046806\n|switch|p2a: Torkoal|Torkoal, L50, M|100\/100\n|-weather|SunnyDay|[from] ability: Drought|[of] p2a: Torkoal\n|-activate|p2b: Great Tusk|ability: Protosynthesis\n|-start|p2b: Great Tusk|protosynthesisatk\n|move|p2b: Great Tusk|Rock Slide|p1b: Chien-Pao|[spread] p1a,p1b\n|-supereffective|p1b: Chien-Pao\n|-damage|p1a: Palafin|72\/100\n|-damage|p1b: Chien-Pao|24\/100\n|move|p1b: Chien-Pao|Sacred Sword|p2a: Torkoal\n|-damage|p2a: Torkoal|73\/100\n|move|p1a: Palafin|Wave Crash|p2b: Great Tusk\n|-supereffective|p2b: Great Tusk\n|-damage|p2b: Great Tusk|6\/100\n|-damage|p1a: Palafin|43\/100|[from] Recoil\n|\n|-weather|SunnyDay|[upkeep]\n|upkeep\n|turn|4\n|inactive|RubyScarletC has 30 seconds left.\n|\n|t:|1682046837\n|-end|p2b: Great Tusk|Protosynthesis|[silent]\n|switch|p2b: Chien-Pao|Chien-Pao, L50|100\/100\n|-ability|p2b: Chien-Pao|Sword of Ruin\n|-terastallize|p1a: Palafin|Water\n|move|p1b: Chien-Pao|Sucker Punch||[still]\n|-fail|p1b: Chien-Pao\n|move|p1a: Palafin|Wave Crash|p2a: Torkoal\n|-supereffective|p2a: Torkoal\n|-damage|p2a: Torkoal|0 fnt\n|faint|p2a: Torkoal\n|-damage|p1a: Palafin|22\/100|[from] Recoil\n|\n|-weather|SunnyDay|[upkeep]\n|upkeep\n|\n|t:|1682046848\n|switch|p2a: Great Tusk|Great Tusk, L50, shiny|6\/100\n|-activate|p2a: Great Tusk|ability: Protosynthesis\n|-start|p2a: Great Tusk|protosynthesisatk\n|turn|5\n|inactive|RubyScarletC has 30 seconds left.\n|\n|t:|1682046874\n|move|p1a: Palafin|Protect|p1a: Palafin\n|-singleturn|p1a: Palafin|Protect\n|move|p2b: Chien-Pao|Sucker Punch|p1b: Chien-Pao\n|-resisted|p1b: Chien-Pao\n|-damage|p1b: Chien-Pao|0 fnt\n|faint|p1b: Chien-Pao\n|move|p2a: Great Tusk|Headlong Rush|p1a: Palafin\n|-activate|p1a: Palafin|move: Protect\n|\n|-weather|SunnyDay|[upkeep]\n|upkeep\n|\n|t:|1682046885\n|switch|p1b: Amoonguss|Amoonguss, L50, F|100\/100\n|turn|6\n|\n|t:|1682046905\n|move|p1b: Amoonguss|Rage Powder|p1b: Amoonguss\n|-singleturn|p1b: Amoonguss|move: Rage Powder\n|move|p2b: Chien-Pao|Sucker Punch||[still]\n|-fail|p2b: Chien-Pao\n|move|p1a: Palafin|Jet Punch|p2b: Chien-Pao\n|-damage|p2b: Chien-Pao|59\/100\n|move|p2a: Great Tusk|Headlong Rush|p1b: Amoonguss\n|-damage|p1b: Amoonguss|10\/100\n|-unboost|p2a: Great Tusk|def|1\n|-unboost|p2a: Great Tusk|spd|1\n|\n|-weather|SunnyDay|[upkeep]\n|upkeep\n|turn|7\n|\n|t:|1682046929\n|move|p1b: Amoonguss|Rage Powder|p1b: Amoonguss\n|-singleturn|p1b: Amoonguss|move: Rage Powder\n|move|p1a: Palafin|Jet Punch|p2a: Great Tusk\n|-supereffective|p2a: Great Tusk\n|-damage|p2a: Great Tusk|0 fnt\n|faint|p2a: Great Tusk\n|-end|p2a: Great Tusk|Protosynthesis|[silent]\n|move|p2b: Chien-Pao|Taunt|p1b: Amoonguss\n|-start|p1b: Amoonguss|move: Taunt\n|-enditem|p1b: Amoonguss|Mental Herb\n|-end|p1b: Amoonguss|move: Taunt\n|\n|-weather|none\n|upkeep\n|turn|8\n|\n|t:|1682046943\n|move|p1b: Amoonguss|Rage Powder|p1b: Amoonguss\n|-singleturn|p1b: Amoonguss|move: Rage Powder\n|move|p2b: Chien-Pao|Ice Spinner|p1b: Amoonguss\n|-supereffective|p1b: Amoonguss\n|-damage|p1b: Amoonguss|0 fnt\n|faint|p1b: Amoonguss\n|move|p1a: Palafin|Wave Crash|p2b: Chien-Pao\n|-damage|p2b: Chien-Pao|0 fnt\n|faint|p2b: Chien-Pao\n|-damage|p1a: Palafin|7\/100|[from] Recoil\n|\n|win|Doomtheboomkin\n|raw|Doomtheboomkin's rating: 1289 → 1322<\/strong> (+33 for winning)\n|raw|RubyScarletC's rating: 1404 → 1378<\/strong> (-26 for losing)\n|l|\u2606RubyScarletC\n","uploadtime":1682046985,"views":18,"p1id":"doomtheboomkin","p2id":"rubyscarletc","formatid":"gen9vgc2023regulationc","rating":1322,"private":0,"password":""}