{"id":"gen9vgc2023regulationc-1850450466","p1":"Bambambi","p2":"Moonlight Flutter","format":"[Gen 9] VGC 2023 Regulation C","log":"|j|\u2606Bambambi\n|j|\u2606Moonlight Flutter\n|t:|1682338214\n|gametype|doubles\n|player|p1|Bambambi|wallace-gen6|\n|player|p2|Moonlight Flutter|dawn-masters2|\n|teamsize|p1|6\n|teamsize|p2|6\n|gen|9\n|tier|[Gen 9] VGC 2023 Regulation C\n|rule|Species Clause: Limit one of each Pok\u00e9mon\n|rule|Item Clause: Limit one of each item\n|clearpoke\n|poke|p1|Flutter Mane, L50|\n|poke|p1|Gothitelle, L50, F|\n|poke|p1|Scream Tail, L50|\n|poke|p1|Chi-Yu, L50|\n|poke|p1|Amoonguss, L50, M|\n|poke|p1|Palafin, L50, M|\n|poke|p2|Flutter Mane, L50|\n|poke|p2|Chi-Yu, L50|\n|poke|p2|Meowscarada, L50, M|\n|poke|p2|Gyarados, L50, M|\n|poke|p2|Baxcalibur, L50, M|\n|poke|p2|Corviknight, L50, M|\n|teampreview|4\nBambambi has agreed to open team sheets.\nMoonlight Flutter has agreed to open team sheets.\n|c|\u2606Moonlight Flutter|glhf\n|c|\u2606Bambambi|u2!\n|\n|t:|1682338278\n|start\n|switch|p1a: SSJ3 Jiggly|Scream Tail, L50, shiny|100\/100\n|switch|p1b: Ironmouse|Gothitelle, L50, F, shiny|100\/100\n|switch|p2a: Meowscarada|Meowscarada, L50, M|100\/100\n|switch|p2b: Flutter Mane|Flutter Mane, L50|100\/100\n|-enditem|p2b: Flutter Mane|Booster Energy\n|-activate|p2b: Flutter Mane|ability: Protosynthesis|[fromitem]\n|-start|p2b: Flutter Mane|protosynthesisspa\n|-enditem|p1a: SSJ3 Jiggly|Booster Energy\n|-activate|p1a: SSJ3 Jiggly|ability: Protosynthesis|[fromitem]\n|-start|p1a: SSJ3 Jiggly|protosynthesisspe\n|turn|1\n|\n|t:|1682338314\n|-terastallize|p1b: Ironmouse|Steel\n|move|p1a: SSJ3 Jiggly|Play Rough|p2a: Meowscarada\n|-supereffective|p2a: Meowscarada\n|-damage|p2a: Meowscarada|33\/100\n|move|p2a: Meowscarada|U-turn|p1a: SSJ3 Jiggly\n|-start|p2a: Meowscarada|typechange|Bug|[from] ability: Protean\n|-damage|p1a: SSJ3 Jiggly|73\/100\n|\n|t:|1682338322\n|switch|p2a: Chi-Yu|Chi-Yu, L50|100\/100|[from] U-turn\n|-ability|p2a: Chi-Yu|Beads of Ruin\n|move|p2b: Flutter Mane|Shadow Ball|p1b: Ironmouse\n|-damage|p1b: Ironmouse|44\/100\n|-enditem|p1b: Ironmouse|Sitrus Berry|[eat]\n|-heal|p1b: Ironmouse|69\/100|[from] item: Sitrus Berry\n|move|p1b: Ironmouse|Light Screen|p1b: Ironmouse\n|-sidestart|p1: Bambambi|move: Light Screen\n|\n|upkeep\n|turn|2\n|\n|t:|1682338346\n|move|p1b: Ironmouse|Protect|p1b: Ironmouse\n|-singleturn|p1b: Ironmouse|Protect\n|move|p1a: SSJ3 Jiggly|Play Rough|p2b: Flutter Mane\n|-damage|p2b: Flutter Mane|62\/100\n|move|p2b: Flutter Mane|Shadow Ball|p1a: SSJ3 Jiggly\n|-supereffective|p1a: SSJ3 Jiggly\n|-damage|p1a: SSJ3 Jiggly|4\/100\n|move|p2a: Chi-Yu|Heat Wave|p1a: SSJ3 Jiggly|[spread] p1a\n|-activate|p1b: Ironmouse|move: Protect\n|-damage|p1a: SSJ3 Jiggly|0 fnt\n|faint|p1a: SSJ3 Jiggly\n|-end|p1a: SSJ3 Jiggly|Protosynthesis|[silent]\n|\n|upkeep\n|\n|t:|1682338362\n|switch|p1a: Pearls|Flutter Mane, L50|100\/100\n|turn|3\n|\n|t:|1682338386\n|switch|p1b: Chi-Chi|Chi-Yu, L50|100\/100\n|-ability|p1b: Chi-Chi|Beads of Ruin\n|-terastallize|p2b: Flutter Mane|Fairy\n|move|p1a: Pearls|Dazzling Gleam|p2a: Chi-Yu|[spread] p2a,p2b\n|-damage|p2a: Chi-Yu|54\/100\n|-damage|p2b: Flutter Mane|21\/100\n|move|p2b: Flutter Mane|Shadow Ball|p1a: Pearls\n|-supereffective|p1a: Pearls\n|-enditem|p1a: Pearls|Focus Sash\n|-damage|p1a: Pearls|1\/100\n|move|p2a: Chi-Yu|Heat Wave|p1a: Pearls|[spread] p1a,p1b\n|-resisted|p1b: Chi-Chi\n|-damage|p1a: Pearls|0 fnt\n|-damage|p1b: Chi-Chi|88\/100\n|faint|p1a: Pearls\n|-end|p1a: Pearls|Protosynthesis|[silent]\n|\n|upkeep\n|\n|t:|1682338402\n|switch|p1a: Ironmouse|Gothitelle, L50, F, shiny, tera:Steel|69\/100\n|turn|4\n|\n|t:|1682338440\n|move|p2b: Flutter Mane|Protect|p2b: Flutter Mane\n|-singleturn|p2b: Flutter Mane|Protect\n|move|p2a: Chi-Yu|Protect|p2a: Chi-Yu\n|-singleturn|p2a: Chi-Yu|Protect\n|move|p1a: Ironmouse|Fake Out|p2b: Flutter Mane\n|-activate|p2b: Flutter Mane|move: Protect\n|move|p1b: Chi-Chi|Nasty Plot|p1b: Chi-Chi\n|-boost|p1b: Chi-Chi|spa|2\n|\n|upkeep\n|turn|5\n|\n|t:|1682338462\n|move|p1a: Ironmouse|Protect|p1a: Ironmouse\n|-singleturn|p1a: Ironmouse|Protect\n|move|p2b: Flutter Mane|Moonblast|p1b: Chi-Chi\n|-damage|p1b: Chi-Chi|31\/100\n|move|p2a: Chi-Yu|Overheat|p1a: Ironmouse\n|-activate|p1a: Ironmouse|move: Protect\n|move|p1b: Chi-Chi|Snarl|p2b: Flutter Mane|[spread] p2b\n|-miss|p1b: Chi-Chi|p2a: Chi-Yu\n|-resisted|p2b: Flutter Mane\n|-damage|p2b: Flutter Mane|0 fnt\n|faint|p2b: Flutter Mane\n|-end|p2b: Flutter Mane|Protosynthesis|[silent]\n|\n|-sideend|p1: Bambambi|move: Light Screen\n|upkeep\n|\n|t:|1682338475\n|switch|p2b: Meowscarada|Meowscarada, L50, M|33\/100\n|turn|6\n|\n|t:|1682338496\n|move|p1a: Ironmouse|Protect||[still]\n|-fail|p1a: Ironmouse\n|move|p2b: Meowscarada|U-turn|p1b: Chi-Chi\n|-start|p2b: Meowscarada|typechange|Bug|[from] ability: Protean\n|-damage|p1b: Chi-Chi|0 fnt\n|faint|p1b: Chi-Chi\n|\n|t:|1682338504\n|switch|p2b: Baxcalibur|Baxcalibur, L50, M|100\/100|[from] U-turn\n|move|p2a: Chi-Yu|Overheat|p1a: Ironmouse\n|-supereffective|p1a: Ironmouse\n|-damage|p1a: Ironmouse|0 fnt\n|-unboost|p2a: Chi-Yu|spa|2\n|faint|p1a: Ironmouse\n|\n|win|Moonlight Flutter\n|c|\u2606Bambambi|Gg\n|c|\u2606Moonlight Flutter|gg\n|l|\u2606Moonlight Flutter\n|j|\u2606Moonlight Flutter\n|player|p2|Moonlight Flutter|dawn-masters2\n","uploadtime":1682338995,"views":27,"p1id":"bambambi","p2id":"moonlightflutter","formatid":"gen9vgc2023regulationc","rating":0,"private":0,"password":""}