{"id":"gen9vgc2023regulationc-1848637271","p1":"nastyman21","p2":"Francy03","format":"[Gen 9] VGC 2023 Regulation C","log":"|j|\u2606nastyman21\n|j|\u2606Francy03\n|t:|1682096565\n|gametype|doubles\n|player|p1|nastyman21|gentleman|1213\n|player|p2|Francy03|volkner-masters|1251\n|teamsize|p1|6\n|teamsize|p2|6\n|gen|9\n|tier|[Gen 9] VGC 2023 Regulation C\n|rated|\n|rule|Species Clause: Limit one of each Pok\u00e9mon\n|rule|Item Clause: Limit one of each item\n|clearpoke\n|poke|p1|Ting-Lu, L50|\n|poke|p1|Flutter Mane, L50|\n|poke|p1|Amoonguss, L50, F|\n|poke|p1|Baxcalibur, L50, F|\n|poke|p1|Gholdengo, L50|\n|poke|p1|Gyarados, L50, M|\n|poke|p2|Corviknight, L50, M|\n|poke|p2|Garchomp, L50, M|\n|poke|p2|Flutter Mane, L50|\n|poke|p2|Chi-Yu, L50|\n|poke|p2|Ting-Lu, L50|\n|poke|p2|Amoonguss, L50, M|\n|teampreview|4\n|inactive|Battle timer is ON: inactive players will automatically lose when time's up. (requested by Francy03)\n|inactive|Francy03 has 60 seconds left.\n|\n|t:|1682096609\n|start\n|switch|p1a: Gyarados|Gyarados, L50, M, shiny|100\/100\n|switch|p1b: Ting-Lu|Ting-Lu, L50|100\/100\n|switch|p2a: Oberon|Amoonguss, L50, M, shiny|100\/100\n|switch|p2b: Medea|Flutter Mane, L50, shiny|100\/100\n|-ability|p1a: Gyarados|Intimidate|boost\n|-unboost|p2a: Oberon|atk|1\n|-unboost|p2b: Medea|atk|1\n|-ability|p1b: Ting-Lu|Vessel of Ruin\n|turn|1\n|\n|t:|1682096633\n|move|p2b: Medea|Protect|p2b: Medea\n|-singleturn|p2b: Medea|Protect\n|move|p1a: Gyarados|Thunder Wave|p2b: Medea\n|-activate|p2b: Medea|move: Protect\n|move|p1b: Ting-Lu|Fissure|p2a: Oberon\n|-damage|p2a: Oberon|0 fnt\n|faint|p2a: Oberon\n|-ohko\n|\n|upkeep\n|\n|t:|1682096647\n|switch|p2a: Lancelot|Corviknight, L50, M, shiny|100\/100\n|turn|2\n|\n|t:|1682096660\n|move|p2b: Medea|Moonblast|p1b: Ting-Lu\n|-supereffective|p1b: Ting-Lu\n|-damage|p1b: Ting-Lu|61\/100\n|-unboost|p1b: Ting-Lu|spa|1\n|move|p1a: Gyarados|Thunder Wave|p2b: Medea\n|-status|p2b: Medea|par\n|move|p2a: Lancelot|Bulk Up|p2a: Lancelot\n|-boost|p2a: Lancelot|atk|1\n|-boost|p2a: Lancelot|def|1\n|move|p1b: Ting-Lu|Throat Chop|p2a: Lancelot\n|-damage|p2a: Lancelot|80\/100\n|-start|p2a: Lancelot|Throat Chop|[silent]\n|\n|upkeep\n|turn|3\n|\n|t:|1682096683\n|move|p1a: Gyarados|Thunder Wave|p2a: Lancelot\n|-status|p2a: Lancelot|par\n|move|p2b: Medea|Moonblast|p1b: Ting-Lu\n|-supereffective|p1b: Ting-Lu\n|-damage|p1b: Ting-Lu|21\/100\n|move|p1b: Ting-Lu|Heavy Slam|p2b: Medea\n|-supereffective|p2b: Medea\n|-enditem|p2b: Medea|Focus Sash\n|-damage|p2b: Medea|1\/100 par\n|move|p2a: Lancelot|Bulk Up|p2a: Lancelot\n|-boost|p2a: Lancelot|atk|1\n|-boost|p2a: Lancelot|def|1\n|\n|-end|p2a: Lancelot|Throat Chop|[silent]\n|upkeep\n|turn|4\n|\n|t:|1682096703\n|move|p1a: Gyarados|Dragon Dance|p1a: Gyarados\n|-boost|p1a: Gyarados|atk|1\n|-boost|p1a: Gyarados|spe|1\n|cant|p2b: Medea|par\n|move|p1b: Ting-Lu|Throat Chop|p2a: Lancelot\n|-damage|p2a: Lancelot|64\/100 par\n|-start|p2a: Lancelot|Throat Chop|[silent]\n|cant|p2a: Lancelot|par\n|\n|upkeep\n|turn|5\n|\n|t:|1682096726\n|move|p1a: Gyarados|Dragon Dance|p1a: Gyarados\n|-boost|p1a: Gyarados|atk|1\n|-boost|p1a: Gyarados|spe|1\n|cant|p2b: Medea|par\n|move|p1b: Ting-Lu|Heavy Slam|p2a: Lancelot\n|-resisted|p2a: Lancelot\n|-damage|p2a: Lancelot|55\/100 par\n|cant|p2a: Lancelot|par\n|\n|-end|p2a: Lancelot|Throat Chop|[silent]\n|upkeep\n|turn|6\n|n|!Francy03|francy03\n|-message|Francy03 forfeited.\n|\n|win|nastyman21\n|raw|nastyman21's rating: 1213 → 1241<\/strong> (+28 for winning)\n|raw|Francy03's rating: 1251 → 1223<\/strong> (-28 for losing)\n|l|!Francy03\n","uploadtime":1682096740,"views":9,"p1id":"nastyman21","p2id":"francy03","formatid":"gen9vgc2023regulationc","rating":1223,"private":0,"password":""}