{"id":"gen9vgc2023regulationc-1852803842","p1":"ZootZootCaboot","p2":"kd-vgc711","format":"[Gen 9] VGC 2023 Regulation C","log":"|j|\u2606ZootZootCaboot\n|j|\u2606kd-vgc711\n|t:|1682607668\n|gametype|doubles\n|player|p1|ZootZootCaboot|265|1650\n|player|p2|kd-vgc711|169|1610\n|teamsize|p1|6\n|teamsize|p2|6\n|gen|9\n|tier|[Gen 9] VGC 2023 Regulation C\n|rated|\n|rule|Species Clause: Limit one of each Pok\u00e9mon\n|rule|Item Clause: Limit one of each item\n|clearpoke\n|poke|p1|Dondozo, L50, F|\n|poke|p1|Tatsugiri-Stretchy, L50, F|\n|poke|p1|Glimmora, L50, M|\n|poke|p1|Iron Bundle, L50|\n|poke|p1|Chi-Yu, L50|\n|poke|p1|Pelipper, L50, M|\n|poke|p2|Palafin, L50, M|\n|poke|p2|Brute Bonnet, L50|\n|poke|p2|Scizor, L50, M|\n|poke|p2|Chien-Pao, L50|\n|poke|p2|Salamence, L50, M|\n|poke|p2|Pelipper, L50, F|\n|teampreview|4\nkd-vgc711 has agreed to open team sheets.\n|j| jdarcan\n|j| Rabbihorn\n|\n|t:|1682607698\n|start\n|switch|p1a: Dondozo|Dondozo, L50, F, shiny|100\/100\n|switch|p1b: Pelipper|Pelipper, L50, M, shiny|100\/100\n|switch|p2a: Scizor|Scizor, L50, M|100\/100\n|switch|p2b: Chien-Pao|Chien-Pao, L50|100\/100\n|-ability|p2b: Chien-Pao|Sword of Ruin\n|-weather|RainDance|[from] ability: Drizzle|[of] p1b: Pelipper\n|turn|1\n|inactive|Battle timer is ON: inactive players will automatically lose when time's up. (requested by kd-vgc711)\n|\n|t:|1682607717\n|switch|p2a: Salamence|Salamence, L50, M|100\/100\n|-ability|p2a: Salamence|Intimidate|boost\n|-unboost|p1a: Dondozo|atk|1\n|-unboost|p1b: Pelipper|atk|1\n|-terastallize|p1a: Dondozo|Water\n|move|p2b: Chien-Pao|Protect|p2b: Chien-Pao\n|-singleturn|p2b: Chien-Pao|Protect\n|move|p1b: Pelipper|Tailwind|p1b: Pelipper\n|-sidestart|p1: ZootZootCaboot|move: Tailwind\n|move|p1a: Dondozo|Surf|p2b: Chien-Pao|[spread] p1b,p2a\n|-activate|p2b: Chien-Pao|move: Protect\n|-resisted|p1b: Pelipper\n|-resisted|p2a: Salamence\n|-damage|p1b: Pelipper|43\/100\n|-damage|p2a: Salamence|66\/100\n|-damage|p1a: Dondozo|91\/100|[from] item: Life Orb\n|\n|-weather|RainDance|[upkeep]\n|upkeep\n|turn|2\n|\n|t:|1682607736\n|move|p1a: Dondozo|Protect|p1a: Dondozo\n|-singleturn|p1a: Dondozo|Protect\n|move|p2a: Salamence|Protect|p2a: Salamence\n|-singleturn|p2a: Salamence|Protect\n|move|p1b: Pelipper|Hurricane|p2b: Chien-Pao\n|-damage|p2b: Chien-Pao|22\/100\n|move|p2b: Chien-Pao|Haze|p2b: Chien-Pao\n|-clearallboost\n|\n|-weather|RainDance|[upkeep]\n|upkeep\n|turn|3\n|\n|t:|1682607753\n|switch|p1b: Tatsugiri|Tatsugiri-Stretchy, L50, F|100\/100\n|-activate|p1b: Tatsugiri|ability: Commander|[of] p1a: Dondozo\n|-boost|p1a: Dondozo|atk|2\n|-boost|p1a: Dondozo|spa|2\n|-boost|p1a: Dondozo|spe|2\n|-boost|p1a: Dondozo|def|2\n|-boost|p1a: Dondozo|spd|2\n|switch|p2b: Palafin|Palafin, L50, M|100\/100\n|move|p1a: Dondozo|Surf|p2a: Salamence|[spread] p2a,p2b\n|-miss|p1a: Dondozo|p1b: Tatsugiri\n|-resisted|p2a: Salamence\n|-resisted|p2b: Palafin\n|-damage|p2a: Salamence|7\/100\n|-damage|p2b: Palafin|25\/100\n|-damage|p1a: Dondozo|81\/100|[from] item: Life Orb\n|move|p2a: Salamence|Tailwind|p2a: Salamence\n|-sidestart|p2: kd-vgc711|move: Tailwind\n|\n|-weather|RainDance|[upkeep]\n|upkeep\n|turn|4\n|inactive|kd-vgc711 has 30 seconds left.\n|inactive|kd-vgc711 has 20 seconds left.\n|inactive|kd-vgc711 has 15 seconds left.\n|inactive|kd-vgc711 has 10 seconds left.\n|\n|t:|1682607799\n|-terastallize|p2b: Palafin|Water\n|move|p1a: Dondozo|Surf|p2a: Salamence|[spread] p2a,p2b\n|-miss|p1a: Dondozo|p1b: Tatsugiri\n|-resisted|p2a: Salamence\n|-resisted|p2b: Palafin\n|-damage|p2a: Salamence|0 fnt\n|-damage|p2b: Palafin|0 fnt\n|faint|p2a: Salamence\n|faint|p2b: Palafin\n|-damage|p1a: Dondozo|71\/100|[from] item: Life Orb\n|\n|-weather|RainDance|[upkeep]\n|-sideend|p1: ZootZootCaboot|move: Tailwind\n|upkeep\n|\n|t:|1682607809\n|switch|p2a: Chien-Pao|Chien-Pao, L50|22\/100\n|switch|p2b: Scizor|Scizor, L50, M|100\/100\n|-ability|p2a: Chien-Pao|Sword of Ruin\n|turn|5\n|\n|t:|1682607819\n|move|p2a: Chien-Pao|Haze|p2a: Chien-Pao\n|-clearallboost\n|move|p2b: Scizor|U-turn|p1a: Dondozo\n|-damage|p1a: Dondozo|27\/100\n|move|p1a: Dondozo|Surf|p2a: Chien-Pao|[spread] p2a,p2b\n|-miss|p1a: Dondozo|p1b: Tatsugiri\n|-damage|p2a: Chien-Pao|0 fnt\n|-damage|p2b: Scizor|51\/100\n|faint|p2a: Chien-Pao\n|-damage|p1a: Dondozo|17\/100|[from] item: Life Orb\n|\n|-weather|none\n|upkeep\n|turn|6\n|-message|kd-vgc711 forfeited.\n|\n|win|ZootZootCaboot\n|raw|ZootZootCaboot's rating: 1650 → 1668<\/strong> (+18 for winning)\n|raw|kd-vgc711's rating: 1610 → 1592<\/strong> (-18 for losing)\n|l|\u2606kd-vgc711\n","uploadtime":1682607834,"views":4,"p1id":"zootzootcaboot","p2id":"kdvgc711","formatid":"gen9vgc2023regulationc","rating":1592,"private":0,"password":""}