{"id":"gen9vgc2023regulationc-1862973315","p1":"sahabatGOMBA\u2714\ufe0f","p2":"Aldrich DL","format":"[Gen 9] VGC 2023 Regulation C","log":"|j|\u2606sahabatGOMBA\u2714\ufe0f\n|j|\u2606Aldrich DL\n|t:|1683946083\n|gametype|doubles\n|player|p1|sahabatGOMBA\u2714\ufe0f|acetrainercouple|\n|player|p2|Aldrich DL|richboy-gen3|\n|teamsize|p1|6\n|teamsize|p2|6\n|gen|9\n|tier|[Gen 9] VGC 2023 Regulation C\n|rule|Species Clause: Limit one of each Pok\u00e9mon\n|rule|Item Clause: Limit one of each item\n|clearpoke\n|poke|p1|Gholdengo, L50|\n|poke|p1|Azumarill, L50, M|\n|poke|p1|Armarouge, L50, F|\n|poke|p1|Ceruledge, L50, F|\n|poke|p1|Arcanine, L50, M|\n|poke|p1|Indeedee-F, L50, F|\n|poke|p2|Armarouge, L50, F|\n|poke|p2|Dragapult, L50, F|\n|poke|p2|Rotom-Wash, L50|\n|poke|p2|Indeedee-F, L50, F|\n|poke|p2|Ceruledge, L50, F|\n|poke|p2|Hawlucha, L50, M|\n|teampreview|4\nsahabatGOMBA\u2714\ufe0f has agreed to open team sheets.\nAldrich DL has agreed to open team sheets.\n|\n|t:|1683946504\n|start\n|switch|p1a: Indeedee|Indeedee-F, L50, F|100\/100\n|switch|p1b: Gholdengo|Gholdengo, L50|100\/100\n|switch|p2a: i|Indeedee-F, L50, F|100\/100\n|switch|p2b: a|Armarouge, L50, F|100\/100\n|-fieldstart|move: Psychic Terrain|[from] ability: Psychic Surge|[of] p2a: i\n|-enditem|p1a: Indeedee|Psychic Seed\n|-boost|p1a: Indeedee|spd|1|[from] item: Psychic Seed\n|turn|1\n|\n|t:|1683946518\n|move|p2a: i|Helping Hand|p2b: a\n|-singleturn|p2b: a|Helping Hand|[of] p2a: i\n|move|p1a: Indeedee|Follow Me|p1a: Indeedee\n|-singleturn|p1a: Indeedee|move: Follow Me\n|move|p2b: a|Expanding Force|p1a: Indeedee|[spread] p1a,p1b\n|-resisted|p1a: Indeedee\n|-resisted|p1b: Gholdengo\n|-damage|p1a: Indeedee|69\/100\n|-damage|p1b: Gholdengo|52\/100\n|move|p1b: Gholdengo|Nasty Plot|p1b: Gholdengo\n|-boost|p1b: Gholdengo|spa|2\n|\n|upkeep\n|turn|2\n|\n|t:|1683946542\n|-terastallize|p2b: a|Psychic\n|-terastallize|p1b: Gholdengo|Steel\n|move|p2a: i|Helping Hand|p2b: a\n|-singleturn|p2b: a|Helping Hand|[of] p2a: i\n|move|p2b: a|Expanding Force|p1b: Gholdengo|[spread] p1a,p1b\n|-resisted|p1a: Indeedee\n|-resisted|p1b: Gholdengo\n|-damage|p1a: Indeedee|30\/100\n|-damage|p1b: Gholdengo|0 fnt\n|faint|p1b: Gholdengo\n|move|p1a: Indeedee|Trick Room|p1a: Indeedee\n|-fieldstart|move: Trick Room|[of] p1a: Indeedee\n|\n|upkeep\n|c|\u2606sahabatGOMBA\u2714\ufe0f|yah kalah donk\n|\n|t:|1683946553\n|switch|p1b: Azumarill|Azumarill, L50, M|100\/100\n|turn|3\n|c|\u2606Aldrich DL|azek\n|c|\u2606sahabatGOMBA\u2714\ufe0f|gagal dapat goban\n|\n|t:|1683946574\n|move|p2a: i|Follow Me|p2a: i\n|-singleturn|p2a: i|move: Follow Me\n|move|p1b: Azumarill|Play Rough|p2a: i\n|-damage|p2a: i|43\/100\n|move|p1a: Indeedee|Psyshock|p2a: i\n|-resisted|p2a: i\n|-damage|p2a: i|25\/100\n|-enditem|p2a: i|Aguav Berry|[eat]\n|-heal|p2a: i|58\/100|[from] item: Aguav Berry\n|move|p2b: a|Expanding Force|p1b: Azumarill|[spread] p1a,p1b\n|-resisted|p1a: Indeedee\n|-damage|p1a: Indeedee|3\/100\n|-damage|p1b: Azumarill|42\/100\n|\n|upkeep\n|turn|4\n|\n|t:|1683946589\n|move|p2a: i|Follow Me|p2a: i\n|-singleturn|p2a: i|move: Follow Me\n|move|p1b: Azumarill|Play Rough|p2a: i\n|-damage|p2a: i|2\/100\n|move|p1a: Indeedee|Psyshock|p2a: i\n|-resisted|p2a: i\n|-damage|p2a: i|0 fnt\n|faint|p2a: i\n|move|p2b: a|Expanding Force|p1a: Indeedee|[spread] p1a,p1b\n|-resisted|p1a: Indeedee\n|-damage|p1a: Indeedee|0 fnt\n|-damage|p1b: Azumarill|0 fnt\n|faint|p1a: Indeedee\n|faint|p1b: Azumarill\n|\n|upkeep\n|\n|t:|1683946599\n|switch|p1b: Armarouge|Armarouge, L50, F|100\/100\n|switch|p2a: c|Ceruledge, L50, F|100\/100\n|turn|5\n|\n|t:|1683946609\n|move|p2a: c|Bulk Up|p2a: c\n|-boost|p2a: c|atk|1\n|-boost|p2a: c|def|1\n|move|p2b: a|Expanding Force|p1b: Armarouge\n|-resisted|p1b: Armarouge\n|-damage|p1b: Armarouge|25\/100\n|move|p1b: Armarouge|Heat Wave|p2b: a|[spread] p2b\n|-start|p2a: c|ability: Flash Fire\n|-damage|p2b: a|50\/100\n|\n|-fieldend|move: Psychic Terrain\n|upkeep\n|turn|6\n|c|\u2606sahabatGOMBA\u2714\ufe0f|GGWP\n|c|\u2606sahabatGOMBA\u2714\ufe0f|selamat\n|\n|t:|1683946621\n|move|p2a: c|Shadow Sneak|p1b: Armarouge\n|-supereffective|p1b: Armarouge\n|-damage|p1b: Armarouge|0 fnt\n|faint|p1b: Armarouge\n|\n|win|Aldrich DL\n|c|\u2606sahabatGOMBA\u2714\ufe0f|dua kali runner up\n|c|\u2606Aldrich DL|gg kamsia bang\n|c|\u2606sahabatGOMBA\u2714\ufe0f|T_T\n|c|\u2606sahabatGOMBA\u2714\ufe0f|oke enjoy 50rebu\n|l|\u2606sahabatGOMBA\u2714\ufe0f\n","uploadtime":1683946731,"views":7,"p1id":"sahabatgomba","p2id":"aldrichdl","formatid":"gen9vgc2023regulationc","rating":0,"private":0,"password":""}