{"id":"gen9vgc2023regulationc-1862288321","p1":"NakedPsyduck","p2":"rartetreatrea","format":"[Gen 9] VGC 2023 Regulation C","log":"|j|\u2606NakedPsyduck\n|j|\u2606rartetreatrea\n|t:|1683860173\n|gametype|doubles\n|player|p1|NakedPsyduck|baker|1248\n|player|p2|rartetreatrea|1|1366\n|teamsize|p1|6\n|teamsize|p2|6\n|gen|9\n|tier|[Gen 9] VGC 2023 Regulation C\n|rated|\n|rule|Species Clause: Limit one of each Pok\u00e9mon\n|rule|Item Clause: Limit one of each item\n|clearpoke\n|poke|p1|Ting-Lu, L50|\n|poke|p1|Abomasnow, L50, F|\n|poke|p1|Flutter Mane, L50|\n|poke|p1|Iron Hands, L50|\n|poke|p1|Bronzong, L50|\n|poke|p1|Arcanine, L50, F|\n|poke|p2|Klefki, L50, M|\n|poke|p2|Roaring Moon, L50|\n|poke|p2|Jumpluff, L50, F|\n|poke|p2|Torkoal, L50, F|\n|poke|p2|Flutter Mane, L50|\n|poke|p2|Chien-Pao, L50|\n|teampreview|4\n|\n|t:|1683860212\n|start\n|switch|p1a: Bronzong|Bronzong, L50|100\/100\n|switch|p1b: Iron Hands|Iron Hands, L50|100\/100\n|switch|p2a: Jumpluff|Jumpluff, L50, F, shiny|100\/100\n|switch|p2b: Flutter Mane|Flutter Mane, L50|100\/100\n|turn|1\n|\n|t:|1683860245\n|-terastallize|p1b: Iron Hands|Grass\n|move|p2a: Jumpluff|Sleep Powder|p1a: Bronzong\n|-activate|p1a: Bronzong|item: Safety Goggles|Sleep Powder\n|move|p2b: Flutter Mane|Moonblast|p1b: Iron Hands\n|-damage|p1b: Iron Hands|65\/100\n|move|p1b: Iron Hands|Wild Charge|p2a: Jumpluff\n|-damage|p2a: Jumpluff|36\/100\n|-damage|p1b: Iron Hands|53\/100|[from] Recoil\n|move|p1a: Bronzong|Trick Room|p1a: Bronzong\n|-fieldstart|move: Trick Room|[of] p1a: Bronzong\n|\n|upkeep\n|turn|2\n|\n|t:|1683860267\n|switch|p2a: Klefki|Klefki, L50, M, shiny|100\/100\n|-item|p2a: Klefki|Air Balloon\n|-terastallize|p2b: Flutter Mane|Steel\n|move|p1a: Bronzong|Safeguard|p1a: Bronzong\n|-sidestart|p1: NakedPsyduck|Safeguard\n|move|p1b: Iron Hands|Wild Charge|p2b: Flutter Mane\n|-damage|p2b: Flutter Mane|33\/100\n|-damage|p1b: Iron Hands|41\/100|[from] Recoil\n|move|p2b: Flutter Mane|Moonblast|p1b: Iron Hands\n|-damage|p1b: Iron Hands|7\/100\n|\n|upkeep\n|turn|3\n|\n|t:|1683860286\n|-end|p2b: Flutter Mane|Protosynthesis|[silent]\n|switch|p2b: Jumpluff|Jumpluff, L50, F, shiny|36\/100\n|move|p1a: Bronzong|Gyro Ball|p2a: Klefki\n|-damage|p2a: Klefki|81\/100\n|-enditem|p2a: Klefki|Air Balloon\n|move|p1b: Iron Hands|Close Combat|p2b: Jumpluff\n|-resisted|p2b: Jumpluff\n|-damage|p2b: Jumpluff|0 fnt\n|-unboost|p1b: Iron Hands|def|1\n|-unboost|p1b: Iron Hands|spd|1\n|faint|p2b: Jumpluff\n|move|p2a: Klefki|Play Rough|p1b: Iron Hands|[miss]\n|-miss|p2a: Klefki|p1b: Iron Hands\n|\n|upkeep\n|\n|t:|1683860300\n|switch|p2b: Roaring Moon|Roaring Moon, L50|100\/100\n|turn|4\n|\n|t:|1683860315\n|-end|p2b: Roaring Moon|Protosynthesis|[silent]\n|switch|p2b: Flutter Mane|Flutter Mane, L50, tera:Steel|33\/100\n|move|p1a: Bronzong|Gyro Ball|p2b: Flutter Mane\n|-resisted|p2b: Flutter Mane\n|-damage|p2b: Flutter Mane|13\/100\n|move|p1b: Iron Hands|Close Combat|p2b: Flutter Mane\n|-supereffective|p2b: Flutter Mane\n|-damage|p2b: Flutter Mane|0 fnt\n|-unboost|p1b: Iron Hands|def|1\n|-unboost|p1b: Iron Hands|spd|1\n|faint|p2b: Flutter Mane\n|-end|p2b: Flutter Mane|Protosynthesis|[silent]\n|move|p2a: Klefki|Play Rough|p1b: Iron Hands\n|-damage|p1b: Iron Hands|0 fnt\n|faint|p1b: Iron Hands\n|-end|p1b: Iron Hands|Quark Drive|[silent]\n|\n|upkeep\n|\n|t:|1683860334\n|switch|p1b: Arcanine|Arcanine, L50, F|100\/100\n|switch|p2b: Roaring Moon|Roaring Moon, L50|100\/100\n|-ability|p1b: Arcanine|Intimidate|boost\n|-unboost|p2a: Klefki|atk|1\n|-unboost|p2b: Roaring Moon|atk|1\n|turn|5\n|\n|t:|1683860346\n|move|p2a: Klefki|Reflect|p2a: Klefki\n|-sidestart|p2: rartetreatrea|Reflect\n|move|p1a: Bronzong|Gyro Ball|p2b: Roaring Moon\n|-damage|p2b: Roaring Moon|75\/100\n|move|p1b: Arcanine|Flare Blitz|p2a: Klefki\n|-supereffective|p2a: Klefki\n|-damage|p2a: Klefki|12\/100\n|-damage|p1b: Arcanine|82\/100|[from] Recoil\n|move|p2b: Roaring Moon|Crunch|p1a: Bronzong\n|-supereffective|p1a: Bronzong\n|-damage|p1a: Bronzong|17\/100\n|\n|-fieldend|move: Trick Room\n|upkeep\n|turn|6\n|\n|t:|1683860362\n|move|p1a: Bronzong|Protect|p1a: Bronzong\n|-singleturn|p1a: Bronzong|Protect\n|move|p2a: Klefki|Sunny Day|p2a: Klefki\n|-weather|SunnyDay\n|-activate|p2b: Roaring Moon|ability: Protosynthesis\n|-start|p2b: Roaring Moon|protosynthesisspe\n|move|p2b: Roaring Moon|Crunch|p1a: Bronzong\n|-activate|p1a: Bronzong|move: Protect\n|move|p1b: Arcanine|Will-O-Wisp|p2b: Roaring Moon\n|-status|p2b: Roaring Moon|brn\n|\n|-weather|SunnyDay|[upkeep]\n|-damage|p2b: Roaring Moon|69\/100 brn|[from] brn\n|-sideend|p1: NakedPsyduck|Safeguard\n|upkeep\n|turn|7\n|\n|t:|1683860387\n|switch|p1b: Ting-Lu|Ting-Lu, L50|100\/100\n|-ability|p1b: Ting-Lu|Vessel of Ruin\n|move|p2b: Roaring Moon|Crunch|p1a: Bronzong\n|-supereffective|p1a: Bronzong\n|-damage|p1a: Bronzong|0 fnt\n|faint|p1a: Bronzong\n|move|p2a: Klefki|Play Rough|p1b: Ting-Lu\n|-supereffective|p1b: Ting-Lu\n|-damage|p1b: Ting-Lu|80\/100\n|\n|-weather|SunnyDay|[upkeep]\n|-damage|p2b: Roaring Moon|63\/100 brn|[from] brn\n|upkeep\n|\n|t:|1683860399\n|switch|p1a: Arcanine|Arcanine, L50, F|82\/100\n|-ability|p1a: Arcanine|Intimidate|boost\n|-unboost|p2a: Klefki|atk|1\n|-unboost|p2b: Roaring Moon|atk|1\n|turn|8\n|\n|t:|1683860407\n|move|p1a: Arcanine|Extreme Speed|p2a: Klefki\n|-resisted|p2a: Klefki\n|-damage|p2a: Klefki|4\/100\n|move|p2b: Roaring Moon|Crunch|p1a: Arcanine\n|-damage|p1a: Arcanine|63\/100\n|-unboost|p1a: Arcanine|def|1\n|move|p2a: Klefki|Play Rough|p1b: Ting-Lu\n|-supereffective|p1b: Ting-Lu\n|-damage|p1b: Ting-Lu|65\/100\n|-unboost|p1b: Ting-Lu|atk|1\n|move|p1b: Ting-Lu|Stone Edge|p2b: Roaring Moon\n|-damage|p2b: Roaring Moon|39\/100 brn\n|\n|-weather|SunnyDay|[upkeep]\n|-damage|p2b: Roaring Moon|33\/100 brn|[from] brn\n|upkeep\n|turn|9\n|\n|t:|1683860425\n|move|p2b: Roaring Moon|Crunch|p1a: Arcanine\n|-damage|p1a: Arcanine|34\/100\n|move|p1a: Arcanine|Flare Blitz|p2b: Roaring Moon\n|-resisted|p2b: Roaring Moon\n|-damage|p2b: Roaring Moon|0 fnt\n|faint|p2b: Roaring Moon\n|-end|p2b: Roaring Moon|Protosynthesis|[silent]\n|-damage|p1a: Arcanine|22\/100|[from] Recoil\n|move|p2a: Klefki|Play Rough|p1b: Ting-Lu\n|-supereffective|p1b: Ting-Lu\n|-damage|p1b: Ting-Lu|49\/100\n|move|p1b: Ting-Lu|Stone Edge|p2a: Klefki\n|-resisted|p2a: Klefki\n|-damage|p2a: Klefki|0 fnt\n|faint|p2a: Klefki\n|\n|win|NakedPsyduck\n|raw|NakedPsyduck's rating: 1248 → 1281<\/strong> (+33 for winning)\n|raw|rartetreatrea's rating: 1366 → 1339<\/strong> (-27 for losing)\n|l|\u2606rartetreatrea\n","uploadtime":1683860463,"views":15,"p1id":"nakedpsyduck","p2id":"rartetreatrea","formatid":"gen9vgc2023regulationc","rating":1281,"private":0,"password":""}