{"id":"gen9vgc2023regulationc-1851558729","p1":"N3rdSl4y3r","p2":"5wamp","format":"[Gen 9] VGC 2023 Regulation C","log":"|j|\u2606N3rdSl4y3r\n|j|\u26065wamp\n|t:|1682455606\n|gametype|doubles\n|player|p1|N3rdSl4y3r|rika|\n|player|p2|5wamp|265|\n|teamsize|p1|6\n|teamsize|p2|6\n|gen|9\n|tier|[Gen 9] VGC 2023 Regulation C\n|rule|Species Clause: Limit one of each Pok\u00e9mon\n|rule|Item Clause: Limit one of each item\n|clearpoke\n|poke|p1|Breloom, L50, F|\n|poke|p1|Chi-Yu, L50|\n|poke|p1|Azumarill, L50, F|\n|poke|p1|Baxcalibur, L50, M|\n|poke|p1|Flutter Mane, L50|\n|poke|p1|Maushold-Four, L50|\n|poke|p2|Flutter Mane, L50|\n|poke|p2|Arcanine, L50, M|\n|poke|p2|Amoonguss, L50, F|\n|poke|p2|Ting-Lu, L50|\n|poke|p2|Kingambit, L50, F|\n|poke|p2|Palafin, L50, F|\n|teampreview|4\n|inactive|Battle timer is ON: inactive players will automatically lose when time's up. (requested by 5wamp)\n|inactiveoff|Battle timer is now OFF.\n5wamp has agreed to open team sheets.\n|c|\u26065wamp|glhf\nN3rdSl4y3r has agreed to open team sheets.\n|c|\u2606N3rdSl4y3r|glhf!\n|\n|t:|1682455671\n|start\n|switch|p1a: GOAT|Breloom, L50, F, shiny|100\/100\n|switch|p1b: Cryolophosaurus|Baxcalibur, L50, M|100\/100\n|switch|p2a: PUPPET|Flutter Mane, L50, shiny|100\/100\n|switch|p2b: SAFARI|Palafin, L50, F, shiny|100\/100\n|-enditem|p2a: PUPPET|Booster Energy\n|-activate|p2a: PUPPET|ability: Protosynthesis|[fromitem]\n|-start|p2a: PUPPET|protosynthesisspa\n|turn|1\n|\n|t:|1682455725\n|-terastallize|p1b: Cryolophosaurus|Poison\n|move|p1a: GOAT|Protect|p1a: GOAT\n|-singleturn|p1a: GOAT|Protect\n|move|p2b: SAFARI|Jet Punch|p1a: GOAT\n|-activate|p1a: GOAT|move: Protect\n|move|p2a: PUPPET|Dazzling Gleam|p1a: GOAT|[spread] p1b\n|-activate|p1a: GOAT|move: Protect\n|-resisted|p1b: Cryolophosaurus\n|-damage|p1b: Cryolophosaurus|77\/100\n|move|p1b: Cryolophosaurus|Icicle Crash|p2a: PUPPET\n|-damage|p2a: PUPPET|14\/100\n|\n|upkeep\n|turn|2\n|\n|t:|1682455772\n|move|p2a: PUPPET|Protect|p2a: PUPPET\n|-singleturn|p2a: PUPPET|Protect\n|move|p1b: Cryolophosaurus|Ice Shard|p2a: PUPPET\n|-activate|p2a: PUPPET|move: Protect\n|move|p2b: SAFARI|Wave Crash|p1b: Cryolophosaurus\n|-damage|p1b: Cryolophosaurus|17\/100\n|-damage|p2b: SAFARI|81\/100|[from] Recoil\n|move|p1a: GOAT|Bullet Seed|p2b: SAFARI\n|-supereffective|p2b: SAFARI\n|-crit|p2b: SAFARI\n|-damage|p2b: SAFARI|3\/100\n|-supereffective|p2b: SAFARI\n|-damage|p2b: SAFARI|0 fnt\n|faint|p2b: SAFARI\n|-hitcount|p2: SAFARI|2\n|\n|upkeep\n|\n|t:|1682455782\n|switch|p2b: DOGTOOTH|Arcanine, L50, M|100\/100\n|-ability|p2b: DOGTOOTH|Intimidate|boost\n|-unboost|p1a: GOAT|atk|1\n|-fail|p1b: Cryolophosaurus|unboost|[from] item: Clear Amulet|[of] p1b: Cryolophosaurus\n|turn|3\n|\n|t:|1682455800\n|switch|p1b: Jorunna Parva|Azumarill, L50, F, shiny|100\/100\n|move|p2b: DOGTOOTH|Extreme Speed|p1b: Jorunna Parva\n|-damage|p1b: Jorunna Parva|76\/100\n|move|p2a: PUPPET|Dazzling Gleam|p1b: Jorunna Parva|[spread] p1a,p1b\n|-supereffective|p1a: GOAT\n|-damage|p1a: GOAT|0 fnt\n|-damage|p1b: Jorunna Parva|36\/100\n|-enditem|p1b: Jorunna Parva|Sitrus Berry|[eat]\n|-heal|p1b: Jorunna Parva|61\/100|[from] item: Sitrus Berry\n|faint|p1a: GOAT\n|\n|upkeep\n|\n|t:|1682455812\n|switch|p1a: Chi-Nuke|Chi-Yu, L50|100\/100\n|-ability|p1a: Chi-Nuke|Beads of Ruin\n|turn|4\n|\n|t:|1682455862\n|move|p1b: Jorunna Parva|Protect|p1b: Jorunna Parva\n|-singleturn|p1b: Jorunna Parva|Protect\n|move|p2b: DOGTOOTH|Extreme Speed|p1a: Chi-Nuke\n|-damage|p1a: Chi-Nuke|64\/100\n|move|p2a: PUPPET|Moonblast|p1a: Chi-Nuke\n|-damage|p1a: Chi-Nuke|0 fnt\n|faint|p1a: Chi-Nuke\n|\n|upkeep\n|\n|t:|1682455871\n|switch|p1a: Cryolophosaurus|Baxcalibur, L50, M, tera:Poison|17\/100\n|turn|5\n|\n|t:|1682455877\n|move|p2a: PUPPET|Protect|p2a: PUPPET\n|-singleturn|p2a: PUPPET|Protect\n|move|p1a: Cryolophosaurus|Ice Shard|p2a: PUPPET\n|-activate|p2a: PUPPET|move: Protect\n|move|p2b: DOGTOOTH|Will-O-Wisp|p1b: Jorunna Parva\n|-status|p1b: Jorunna Parva|brn\n|move|p1b: Jorunna Parva|Liquidation|p2b: DOGTOOTH\n|-supereffective|p2b: DOGTOOTH\n|-damage|p2b: DOGTOOTH|44\/100\n|\n|-damage|p1b: Jorunna Parva|55\/100 brn|[from] brn\n|upkeep\n|turn|6\n|\n|t:|1682455897\n|switch|p2b: OKRA|Amoonguss, L50, F|100\/100\n|move|p1a: Cryolophosaurus|Protect|p1a: Cryolophosaurus\n|-singleturn|p1a: Cryolophosaurus|Protect\n|move|p2a: PUPPET|Dazzling Gleam|p1a: Cryolophosaurus|[spread] p1b\n|-activate|p1a: Cryolophosaurus|move: Protect\n|-damage|p1b: Jorunna Parva|11\/100 brn\n|move|p1b: Jorunna Parva|Liquidation|p2b: OKRA\n|-resisted|p2b: OKRA\n|-damage|p2b: OKRA|90\/100\n|-unboost|p2b: OKRA|def|1\n|\n|-damage|p1b: Jorunna Parva|5\/100 brn|[from] brn\n|upkeep\n|turn|7\n|c|\u26065wamp|ggs\n|c|\u2606N3rdSl4y3r|gg\n|\n|t:|1682455917\n|-terastallize|p2b: OKRA|Water\n|move|p2b: OKRA|Rage Powder|p2b: OKRA\n|-singleturn|p2b: OKRA|move: Rage Powder\n|move|p1a: Cryolophosaurus|Ice Shard|p2b: OKRA\n|-resisted|p2b: OKRA\n|-damage|p2b: OKRA|74\/100\n|move|p2a: PUPPET|Dazzling Gleam|p1b: Jorunna Parva|[spread] p1a,p1b\n|-resisted|p1a: Cryolophosaurus\n|-damage|p1a: Cryolophosaurus|0 fnt\n|-damage|p1b: Jorunna Parva|0 fnt\n|faint|p1a: Cryolophosaurus\n|faint|p1b: Jorunna Parva\n|\n|win|5wamp\n|l|\u2606N3rdSl4y3r\n|j|\u2606N3rdSl4y3r\n|player|p1|N3rdSl4y3r|rika\n","uploadtime":1682455973,"views":5,"p1id":"n3rdsl4y3r","p2id":"5wamp","formatid":"gen9vgc2023regulationc","rating":0,"private":0,"password":""}