{"id":"gen9vgc2023regulationc-1856572219","p1":"karnisbroken","p2":"repeatt","format":"[Gen 9] VGC 2023 Regulation C","log":"|j|\u2606karnisbroken\n|j|\u2606repeatt\n|t:|1683077267\n|gametype|doubles\n|player|p1|karnisbroken|2|\n|player|p2|repeatt|boarder|\n|teamsize|p1|6\n|teamsize|p2|6\n|gen|9\n|tier|[Gen 9] VGC 2023 Regulation C\n|rated|Tournament battle\n|rule|Species Clause: Limit one of each Pok\u00e9mon\n|rule|Item Clause: Limit one of each item\n|clearpoke\n|poke|p1|Chien-Pao, L50|\n|poke|p1|Azumarill, L50, F|\n|poke|p1|Amoonguss, L50, M|\n|poke|p1|Flutter Mane, L50|\n|poke|p1|Arcanine, L50, M|\n|poke|p1|Dragonite, L50, F|\n|poke|p2|Gyarados, L50, F|\n|poke|p2|Ting-Lu, L50|\n|poke|p2|Amoonguss, L50, F|\n|poke|p2|Flutter Mane, L50|\n|poke|p2|Iron Hands, L50|\n|poke|p2|Chi-Yu, L50|\n|teampreview|4\n|raw| Open Team Sheet for karnisbroken<\/summary>Chien-Pao @ Focus Sash Ability: Sword of Ruin Level: 50 Tera Type: Fire - Ice Spinner - Sacred Sword - Sucker Punch - Protect Azumarill (F) @ Assault Vest Ability: Huge Power Level: 50 Tera Type: Water - Aqua Jet - Liquidation - Ice Spinner - Play Rough Amoonguss (M) @ Wiki Berry Ability: Regenerator Level: 50 Tera Type: Water - Spore - Rage Powder - Pollen Puff - Clear Smog Flutter Mane @ Booster Energy Ability: Protosynthesis Level: 50 Tera Type: Fairy - Shadow Ball - Dazzling Gleam - Calm Mind - Protect Arcanine (M) @ Sitrus Berry Ability: Intimidate Level: 50 Tera Type: Grass - Flare Blitz - Snarl - Will-O-Wisp - Protect Dragonite (F) @ Choice Band Ability: Multiscale Level: 50 Tera Type: Flying - Extreme Speed - Tera Blast - Stomping Tantrum - Dragon Claw <\/details><\/div> Open Team Sheet for repeatt<\/summary>Gyarados @ Sitrus Berry Ability: Intimidate Level: 50 Tera Type: Steel - Waterfall - Thunder Wave - Helping Hand - Protect Ting-Lu @ Assault Vest Ability: Vessel of Ruin Level: 50 Tera Type: Poison - Earthquake - Ruination - Heavy Slam - Stomping Tantrum Amoonguss @ Rocky Helmet Ability: Regenerator Level: 50 Tera Type: Normal - Spore - Rage Powder - Pollen Puff - Protect Flutter Mane @ Booster Energy Ability: Protosynthesis Level: 50 Tera Type: Fairy - Moonblast - Hex - Substitute - Protect Iron Hands @ Safety Goggles Ability: Quark Drive Level: 50 Tera Type: Fire - Thunder Punch - Drain Punch - Swords Dance - Protect Chi-Yu @ Focus Sash Ability: Beads of Ruin Level: 50 Tera Type: Ghost - Heat Wave - Overheat - Dark Pulse - Protect <\/details><\/div>\n|c|\u2606repeatt|hf\n|inactive|Battle timer is ON: inactive players will automatically lose when time's up. (requested by karnisbroken)\n|\n|t:|1683077326\n|start\n|switch|p1a: Chien-Pao|Chien-Pao, L50|100\/100\n|switch|p1b: Dragonite|Dragonite, L50, F|100\/100\n|switch|p2a: Gyarados|Gyarados, L50, F|100\/100\n|switch|p2b: Iron Hands|Iron Hands, L50|100\/100\n|-ability|p1a: Chien-Pao|Sword of Ruin\n|-ability|p2a: Gyarados|Intimidate|boost\n|-unboost|p1a: Chien-Pao|atk|1\n|-unboost|p1b: Dragonite|atk|1\n|turn|1\n|inactive|karnisbroken has 30 seconds left.\n|inactive|repeatt has 30 seconds left.\n|inactive|karnisbroken has 20 seconds left.\n|inactive|karnisbroken has 15 seconds left.\n|\n|t:|1683077366\n|switch|p1a: Flutter Mane|Flutter Mane, L50|100\/100\n|-enditem|p1a: Flutter Mane|Booster Energy\n|-activate|p1a: Flutter Mane|ability: Protosynthesis|[fromitem]\n|-start|p1a: Flutter Mane|protosynthesisspa\n|switch|p1b: Azumarill|Azumarill, L50, F|100\/100\n|move|p2a: Gyarados|Thunder Wave|p1b: Azumarill\n|-status|p1b: Azumarill|par\n|move|p2b: Iron Hands|Swords Dance|p2b: Iron Hands\n|-boost|p2b: Iron Hands|atk|2\n|\n|upkeep\n|turn|2\n|inactive|repeatt has 30 seconds left.\n|\n|t:|1683077391\n|-terastallize|p1a: Flutter Mane|Fairy\n|-terastallize|p2b: Iron Hands|Fire\n|move|p1b: Azumarill|Aqua Jet|p2b: Iron Hands\n|-supereffective|p2b: Iron Hands\n|-damage|p2b: Iron Hands|68\/100\n|move|p1a: Flutter Mane|Dazzling Gleam|p2b: Iron Hands|[spread] p2a,p2b\n|-resisted|p2b: Iron Hands\n|-damage|p2a: Gyarados|68\/100\n|-damage|p2b: Iron Hands|43\/100\n|move|p2a: Gyarados|Thunder Wave|p1a: Flutter Mane\n|-status|p1a: Flutter Mane|par\n|move|p2b: Iron Hands|Thunder Punch|p1b: Azumarill\n|-supereffective|p1b: Azumarill\n|-damage|p1b: Azumarill|0 fnt\n|faint|p1b: Azumarill\n|\n|upkeep\n|j| Radio Free C-Side\n|j| 19Marco27\n|inactive|karnisbroken has 30 seconds left.\n|inactive|karnisbroken has 20 seconds left.\n|inactive|karnisbroken has 15 seconds left.\n|inactive|karnisbroken has 10 seconds left.\n|\n|t:|1683077439\n|switch|p1b: Dragonite|Dragonite, L50, F|100\/100\n|turn|3\n|inactive|karnisbroken has 30 seconds left.\n|\n|t:|1683077466\n|switch|p2a: Amoonguss|Amoonguss, L50, F|100\/100\n|move|p2b: Iron Hands|Protect|p2b: Iron Hands\n|-singleturn|p2b: Iron Hands|Protect\n|move|p1b: Dragonite|Extreme Speed|p2a: Amoonguss\n|-damage|p2a: Amoonguss|63\/100\n|-damage|p1b: Dragonite|84\/100|[from] item: Rocky Helmet|[of] p2a: Amoonguss\n|move|p1a: Flutter Mane|Shadow Ball|p2b: Iron Hands\n|-activate|p2b: Iron Hands|move: Protect\n|\n|upkeep\n|turn|4\n|\n|t:|1683077484\n|-end|p2b: Iron Hands|Quark Drive|[silent]\n|switch|p2b: Gyarados|Gyarados, L50, F|68\/100\n|-ability|p2b: Gyarados|Intimidate|boost\n|-unboost|p1a: Flutter Mane|atk|1\n|-unboost|p1b: Dragonite|atk|1\n|move|p1b: Dragonite|Extreme Speed|p2b: Gyarados\n|-damage|p2b: Gyarados|39\/100\n|-enditem|p2b: Gyarados|Sitrus Berry|[eat]\n|-heal|p2b: Gyarados|64\/100|[from] item: Sitrus Berry\n|cant|p1a: Flutter Mane|par\n|move|p2a: Amoonguss|Spore|p1b: Dragonite\n|-status|p1b: Dragonite|slp|[from] move: Spore\n|\n|upkeep\n|turn|5\n|\n|t:|1683077501\n|cant|p1b: Dragonite|slp\n|move|p2b: Gyarados|Waterfall|p1a: Flutter Mane\n|-damage|p1a: Flutter Mane|59\/100 par\n|cant|p1a: Flutter Mane|par\n|move|p2a: Amoonguss|Pollen Puff|p2b: Gyarados\n|-heal|p2b: Gyarados|100\/100\n|\n|upkeep\n|turn|6\n|\n|t:|1683077519\n|cant|p1b: Dragonite|slp\n|move|p2b: Gyarados|Waterfall|p1a: Flutter Mane\n|-damage|p1a: Flutter Mane|19\/100 par\n|move|p1a: Flutter Mane|Dazzling Gleam|p2a: Amoonguss|[spread] p2a,p2b\n|-resisted|p2a: Amoonguss\n|-damage|p2a: Amoonguss|40\/100\n|-damage|p2b: Gyarados|68\/100\n|move|p2a: Amoonguss|Spore|p1b: Dragonite\n|-fail|p1b: Dragonite|slp\n|\n|upkeep\n|turn|7\n|\n|t:|1683077544\n|cant|p1b: Dragonite|slp\n|move|p2b: Gyarados|Waterfall|p1a: Flutter Mane\n|-damage|p1a: Flutter Mane|0 fnt\n|faint|p1a: Flutter Mane\n|-end|p1a: Flutter Mane|Protosynthesis|[silent]\n|move|p2a: Amoonguss|Spore|p1b: Dragonite\n|-fail|p1b: Dragonite|slp\n|\n|upkeep\n|\n|t:|1683077548\n|switch|p1a: Chien-Pao|Chien-Pao, L50|100\/100\n|-ability|p1a: Chien-Pao|Sword of Ruin\n|turn|8\n|\n|t:|1683077559\n|switch|p2a: Iron Hands|Iron Hands, L50, tera:Fire|43\/100\n|move|p2b: Gyarados|Protect|p2b: Gyarados\n|-singleturn|p2b: Gyarados|Protect\n|-curestatus|p1b: Dragonite|slp|[msg]\n|move|p1b: Dragonite|Extreme Speed|p2b: Gyarados\n|-activate|p2b: Gyarados|move: Protect\n|move|p1a: Chien-Pao|Ice Spinner|p2a: Iron Hands\n|-resisted|p2a: Iron Hands\n|-damage|p2a: Iron Hands|26\/100\n|\n|upkeep\n|turn|9\n|\n|t:|1683077578\n|move|p2a: Iron Hands|Protect|p2a: Iron Hands\n|-singleturn|p2a: Iron Hands|Protect\n|move|p1b: Dragonite|Extreme Speed|p2a: Iron Hands\n|-activate|p2a: Iron Hands|move: Protect\n|move|p1a: Chien-Pao|Ice Spinner|p2b: Gyarados\n|-damage|p2b: Gyarados|12\/100\n|move|p2b: Gyarados|Thunder Wave|p1a: Chien-Pao|[miss]\n|-miss|p2b: Gyarados|p1a: Chien-Pao\n|\n|upkeep\n|turn|10\n|\n|t:|1683077600\n|move|p1b: Dragonite|Extreme Speed|p2b: Gyarados\n|-damage|p2b: Gyarados|0 fnt\n|faint|p2b: Gyarados\n|move|p1a: Chien-Pao|Sacred Sword|p2a: Iron Hands\n|-damage|p2a: Iron Hands|2\/100\n|move|p2a: Iron Hands|Drain Punch|p1a: Chien-Pao\n|-supereffective|p1a: Chien-Pao\n|-enditem|p1a: Chien-Pao|Focus Sash\n|-damage|p1a: Chien-Pao|1\/100\n|-heal|p2a: Iron Hands|36\/100|[from] drain|[of] p1a: Chien-Pao\n|\n|upkeep\n|-message|karnisbroken forfeited.\n|\n|win|repeatt\n|n|\u2606karnisbroken|karnisbroken\n|n|\u2606repeatt|repeatt\n|n| Radio Free C-Side|radiofreecside\n|n| 19Marco27|19marco27\n|l|\u2606karnisbroken\n","uploadtime":1683077614,"views":11,"p1id":"karnisbroken","p2id":"repeatt","formatid":"gen9vgc2023regulationc","rating":0,"private":0,"password":""}