{"id":"gen9vgc2023regulationc-1852213351","p1":"pelukas","p2":"diamondmon551","format":"[Gen 9] VGC 2023 Regulation C","log":"|j|\u2606pelukas\n|j|\u2606diamondmon551\n|t:|1682533488\n|gametype|doubles\n|player|p1|pelukas|palmer|1163\n|player|p2|diamondmon551|penny|1207\n|teamsize|p1|6\n|teamsize|p2|6\n|gen|9\n|tier|[Gen 9] VGC 2023 Regulation C\n|rated|\n|rule|Species Clause: Limit one of each Pok\u00e9mon\n|rule|Item Clause: Limit one of each item\n|clearpoke\n|poke|p1|Iron Bundle, L50|\n|poke|p1|Mimikyu, L50, M|\n|poke|p1|Dachsbun, L50, F|\n|poke|p1|Klefki, L50, M|\n|poke|p1|Sylveon, L50, F|\n|poke|p1|Iron Valiant, L50|\n|poke|p2|Gholdengo, L50|\n|poke|p2|Talonflame, L50, M|\n|poke|p2|Garchomp, L50, M|\n|poke|p2|Iron Hands, L50|\n|poke|p2|Chien-Pao, L50|\n|poke|p2|Amoonguss, L50, M|\n|teampreview|4\npelukas has agreed to open team sheets.\n|inactive|Battle timer is ON: inactive players will automatically lose when time's up. (requested by diamondmon551)\ndiamondmon551 has agreed to open team sheets.\n|\n|t:|1682533542\n|start\n|switch|p1a: Klefki|Klefki, L50, M|100\/100\n|switch|p1b: Mimikyu|Mimikyu, L50, M|100\/100\n|switch|p2a: Gholdengo|Gholdengo, L50|100\/100\n|switch|p2b: Iron Hands|Iron Hands, L50|100\/100\n|-item|p2a: Gholdengo|Air Balloon\n|turn|1\n|\n|t:|1682533561\n|switch|p2a: Amoonguss|Amoonguss, L50, M|100\/100\n|move|p1a: Klefki|Light Screen|p1a: Klefki\n|-sidestart|p1: pelukas|move: Light Screen\n|move|p1b: Mimikyu|Swords Dance|p1b: Mimikyu\n|-boost|p1b: Mimikyu|atk|2\n|move|p2b: Iron Hands|Volt Switch|p1b: Mimikyu\n|-activate|p1b: Mimikyu|ability: Disguise\n|-damage|p1b: Mimikyu|100\/100\n|detailschange|p1b: Mimikyu|Mimikyu-Busted, L50, M\n|-damage|p1b: Mimikyu|88\/100|[from] pokemon: Mimikyu-Busted\n|\n|t:|1682533571\n|-end|p2b: Iron Hands|Quark Drive|[silent]\n|switch|p2b: Gholdengo|Gholdengo, L50|100\/100|[from] Volt Switch\n|-item|p2b: Gholdengo|Air Balloon\n|\n|upkeep\n|turn|2\n|inactive|diamondmon551 has 30 seconds left.\n|\n|t:|1682533603\n|move|p2a: Amoonguss|Rage Powder|p2a: Amoonguss\n|-singleturn|p2a: Amoonguss|move: Rage Powder\n|move|p1b: Mimikyu|Shadow Sneak|p2a: Amoonguss\n|-damage|p2a: Amoonguss|66\/100\n|-damage|p1b: Mimikyu|78\/100|[from] item: Life Orb\n|move|p1a: Klefki|Thunder Wave|p2a: Amoonguss\n|-status|p2a: Amoonguss|par\n|move|p2b: Gholdengo|Nasty Plot|p2b: Gholdengo\n|-boost|p2b: Gholdengo|spa|2\n|\n|upkeep\n|turn|3\n|\n|t:|1682533624\n|-terastallize|p2b: Gholdengo|Water\n|move|p2a: Amoonguss|Rage Powder|p2a: Amoonguss\n|-singleturn|p2a: Amoonguss|move: Rage Powder\n|move|p1b: Mimikyu|Leech Life|p2a: Amoonguss\n|-damage|p2a: Amoonguss|22\/100 par\n|-heal|p1b: Mimikyu|100\/100|[from] drain|[of] p2a: Amoonguss\n|-enditem|p2a: Amoonguss|Sitrus Berry|[eat]\n|-heal|p2a: Amoonguss|47\/100 par|[from] item: Sitrus Berry\n|-damage|p1b: Mimikyu|90\/100|[from] item: Life Orb\n|move|p2b: Gholdengo|Make It Rain|p1a: Klefki|[spread] p1a,p1b\n|-supereffective|p1b: Mimikyu\n|-damage|p1a: Klefki|19\/100\n|-damage|p1b: Mimikyu|0 fnt\n|-unboost|p2b: Gholdengo|spa|1\n|faint|p1b: Mimikyu\n|move|p1a: Klefki|Flash Cannon|p2a: Amoonguss\n|-crit|p2a: Amoonguss\n|-damage|p2a: Amoonguss|17\/100 par\n|\n|upkeep\n|\n|t:|1682533644\n|switch|p1b: Iron Bundle|Iron Bundle, L50|100\/100\n|-enditem|p1b: Iron Bundle|Booster Energy\n|-activate|p1b: Iron Bundle|ability: Quark Drive|[fromitem]\n|-start|p1b: Iron Bundle|quarkdrivespe\n|turn|4\n|inactive|diamondmon551 has 30 seconds left.\n|\n|t:|1682533676\n|switch|p2a: Iron Hands|Iron Hands, L50|100\/100\n|-terastallize|p1b: Iron Bundle|Fairy\n|move|p2b: Gholdengo|Protect|p2b: Gholdengo\n|-singleturn|p2b: Gholdengo|Protect\n|move|p1a: Klefki|Reflect|p1a: Klefki\n|-sidestart|p1: pelukas|Reflect\n|move|p1b: Iron Bundle|Freeze-Dry|p2b: Gholdengo\n|-activate|p2b: Gholdengo|move: Protect\n|\n|upkeep\n|turn|5\n|inactive|diamondmon551 has 30 seconds left.\n|\n|t:|1682533706\n|move|p1b: Iron Bundle|Protect|p1b: Iron Bundle\n|-singleturn|p1b: Iron Bundle|Protect\n|move|p2a: Iron Hands|Fake Out|p1b: Iron Bundle\n|-activate|p1b: Iron Bundle|move: Protect\n|move|p2b: Gholdengo|Shadow Ball|p1a: Klefki\n|-crit|p1a: Klefki\n|-damage|p1a: Klefki|0 fnt\n|faint|p1a: Klefki\n|\n|upkeep\n|\n|t:|1682533715\n|switch|p1a: Dachsbun|Dachsbun, L50, F, shiny|100\/100\n|turn|6\n|inactive|diamondmon551 has 30 seconds left.\n|\n|t:|1682533749\n|move|p2b: Gholdengo|Protect|p2b: Gholdengo\n|-singleturn|p2b: Gholdengo|Protect\n|move|p1b: Iron Bundle|Freeze-Dry|p2b: Gholdengo\n|-activate|p2b: Gholdengo|move: Protect\n|move|p1a: Dachsbun|Stomping Tantrum|p2a: Iron Hands\n|-supereffective|p2a: Iron Hands\n|-damage|p2a: Iron Hands|80\/100\n|move|p2a: Iron Hands|Wild Charge|p1b: Iron Bundle\n|-damage|p1b: Iron Bundle|56\/100\n|-damage|p2a: Iron Hands|74\/100|[from] Recoil\n|\n|upkeep\n|turn|7\n|\n|t:|1682533769\n|switch|p2b: Amoonguss|Amoonguss, L50, M|50\/100 par\n|move|p1b: Iron Bundle|Freeze-Dry|p2b: Amoonguss\n|-supereffective|p2b: Amoonguss\n|-damage|p2b: Amoonguss|0 fnt\n|faint|p2b: Amoonguss\n|move|p1a: Dachsbun|Play Rough|p2a: Iron Hands\n|-supereffective|p2a: Iron Hands\n|-damage|p2a: Iron Hands|34\/100\n|move|p2a: Iron Hands|Wild Charge|p1b: Iron Bundle\n|-damage|p1b: Iron Bundle|9\/100\n|-damage|p2a: Iron Hands|28\/100|[from] Recoil\n|\n|upkeep\n|\n|t:|1682533783\n|switch|p2b: Talonflame|Talonflame, L50, M|100\/100\n|turn|8\n|\n|t:|1682533797\n|move|p1b: Iron Bundle|Protect|p1b: Iron Bundle\n|-singleturn|p1b: Iron Bundle|Protect\n|move|p2b: Talonflame|Brave Bird|p1b: Iron Bundle\n|-activate|p1b: Iron Bundle|move: Protect\n|move|p1a: Dachsbun|Play Rough|p2b: Talonflame\n|-resisted|p2b: Talonflame\n|-damage|p2b: Talonflame|82\/100\n|move|p2a: Iron Hands|Wild Charge|p1a: Dachsbun\n|-damage|p1a: Dachsbun|66\/100\n|-damage|p2a: Iron Hands|12\/100|[from] item: Rocky Helmet|[of] p1a: Dachsbun\n|-damage|p2a: Iron Hands|7\/100|[from] Recoil\n|\n|-sideend|p1: pelukas|move: Light Screen\n|upkeep\n|turn|9\n|\n|t:|1682533817\n|move|p1b: Iron Bundle|Hydro Pump|p2b: Talonflame\n|-supereffective|p2b: Talonflame\n|-damage|p2b: Talonflame|0 fnt\n|faint|p2b: Talonflame\n|move|p1a: Dachsbun|Stomping Tantrum|p2a: Iron Hands\n|-supereffective|p2a: Iron Hands\n|-damage|p2a: Iron Hands|0 fnt\n|faint|p2a: Iron Hands\n|-end|p2a: Iron Hands|Quark Drive|[silent]\n|\n|upkeep\n|\n|t:|1682533820\n|switch|p2b: Gholdengo|Gholdengo, L50, tera:Water|100\/100\n|-item|p2b: Gholdengo|Air Balloon\n|turn|10\n|\n|t:|1682533829\n|move|p1b: Iron Bundle|Freeze-Dry|p2b: Gholdengo\n|-supereffective|p2b: Gholdengo\n|-damage|p2b: Gholdengo|23\/100\n|-enditem|p2b: Gholdengo|Air Balloon\n|move|p2b: Gholdengo|Make It Rain|p1b: Iron Bundle|[spread] p1a,p1b\n|-supereffective|p1a: Dachsbun\n|-supereffective|p1b: Iron Bundle\n|-damage|p1a: Dachsbun|0 fnt\n|-damage|p1b: Iron Bundle|0 fnt\n|-unboost|p2b: Gholdengo|spa|1\n|faint|p1a: Dachsbun\n|faint|p1b: Iron Bundle\n|-end|p1b: Iron Bundle|Quark Drive|[silent]\n|\n|win|diamondmon551\n|raw|pelukas's rating: 1163 → 1141<\/strong> (-22 for losing)\n|raw|diamondmon551's rating: 1207 → 1229<\/strong> (+22 for winning)\n|l|\u2606diamondmon551\n","uploadtime":1682533889,"views":12,"p1id":"pelukas","p2id":"diamondmon551","formatid":"gen9vgc2023regulationc","rating":1141,"private":0,"password":""}