{"id":"gen9vgc2023regulationc-1861157571","p1":"AnyeCarlo","p2":"salarypod","format":"[Gen 9] VGC 2023 Regulation C","log":"|j|\u2606AnyeCarlo\n|j|\u2606salarypod\n|t:|1683731617\n|gametype|doubles\n|player|p1|AnyeCarlo|steven|1000\n|player|p2|salarypod|biker-gen4|1061\n|teamsize|p1|6\n|teamsize|p2|6\n|gen|9\n|tier|[Gen 9] VGC 2023 Regulation C\n|rated|\n|rule|Species Clause: Limit one of each Pok\u00e9mon\n|rule|Item Clause: Limit one of each item\n|clearpoke\n|poke|p1|Krookodile, L50, M|\n|poke|p1|Meowscarada, L50, F|\n|poke|p1|Flamigo, L50, F|\n|poke|p1|Torkoal, L50, M|\n|poke|p1|Indeedee, L50, M|\n|poke|p1|Sableye, L50, M|\n|poke|p2|Mudsdale, L50, M|\n|poke|p2|Maushold, L50|\n|poke|p2|Sableye, L50, M|\n|poke|p2|Toxtricity, L50, M|\n|poke|p2|Tinkaton, L50, F|\n|poke|p2|Appletun, L50, F|\n|teampreview|4\n|inactive|Battle timer is ON: inactive players will automatically lose when time's up. (requested by salarypod)\n|c|\u2606salarypod|same hat\n|c|\u2606AnyeCarlo|Sombrero\n|c|\u2606salarypod|LOL\n|inactive|salarypod has 60 seconds left.\n|\n|t:|1683731666\n|start\n|switch|p1a: Krookodile|Krookodile, L50, M, shiny|100\/100\n|switch|p1b: Meowscarada|Meowscarada, L50, F, shiny|100\/100\n|switch|p2a: Dijon|Mudsdale, L50, M, shiny|100\/100\n|switch|p2b: Maushold|Maushold, L50|100\/100\n|turn|1\n|inactive|salarypod has 30 seconds left.\n|\n|t:|1683731693\n|-terastallize|p1a: Krookodile|Grass\n|move|p1b: Meowscarada|Protect|p1b: Meowscarada\n|-singleturn|p1b: Meowscarada|Protect\n|move|p1a: Krookodile|Protect|p1a: Krookodile\n|-singleturn|p1a: Krookodile|Protect\n|move|p2b: Maushold|Population Bomb|p2a: Dijon\n|-damage|p2a: Dijon|97\/100\n|-ability|p2a: Dijon|Stamina|boost\n|-boost|p2a: Dijon|def|1\n|-damage|p2a: Dijon|96\/100\n|-ability|p2a: Dijon|Stamina|boost\n|-boost|p2a: Dijon|def|1\n|-crit|p2a: Dijon\n|-damage|p2a: Dijon|91\/100\n|-ability|p2a: Dijon|Stamina|boost\n|-boost|p2a: Dijon|def|1\n|-damage|p2a: Dijon|90\/100\n|-ability|p2a: Dijon|Stamina|boost\n|-boost|p2a: Dijon|def|1\n|-damage|p2a: Dijon|89\/100\n|-ability|p2a: Dijon|Stamina|boost\n|-boost|p2a: Dijon|def|1\n|-damage|p2a: Dijon|88\/100\n|-ability|p2a: Dijon|Stamina|boost\n|-boost|p2a: Dijon|def|1\n|-damage|p2a: Dijon|87\/100\n|-damage|p2a: Dijon|86\/100\n|-damage|p2a: Dijon|85\/100\n|-damage|p2a: Dijon|84\/100\n|-hitcount|p2a: Dijon|10\n|move|p2a: Dijon|Body Press|p1b: Meowscarada\n|-activate|p1b: Meowscarada|move: Protect\n|\n|upkeep\n|turn|2\n|inactive|AnyeCarlo has 30 seconds left.\n|inactive|salarypod has 30 seconds left.\n|inactive|salarypod has 20 seconds left.\n|inactive|salarypod has 15 seconds left.\n|inactive|salarypod has 10 seconds left.\n|\n|t:|1683731742\n|move|p1b: Meowscarada|Flower Trick|p1a: Krookodile\n|-resisted|p1a: Krookodile\n|-crit|p1a: Krookodile\n|-damage|p1a: Krookodile|68\/100\n|-setboost|p1a: Krookodile|atk|6|[from] ability: Anger Point\n|move|p2b: Maushold|Encore|p1a: Krookodile\n|-start|p1a: Krookodile|Encore\n|move|p1a: Krookodile|Protect|p1a: Krookodile\n|-singleturn|p1a: Krookodile|Protect\n|move|p2a: Dijon|Body Press|p1b: Meowscarada\n|-supereffective|p1b: Meowscarada\n|-enditem|p1b: Meowscarada|Focus Sash\n|-damage|p1b: Meowscarada|1\/100\n|\n|upkeep\n|turn|3\n|inactive|AnyeCarlo has 30 seconds left.\n|inactive|salarypod has 30 seconds left.\n|\n|t:|1683731771\n|move|p1a: Krookodile|Protect||[still]\n|-fail|p1a: Krookodile\n|move|p2a: Dijon|Protect|p2a: Dijon\n|-singleturn|p2a: Dijon|Protect\n|move|p1b: Meowscarada|Flower Trick|p2a: Dijon\n|-activate|p2a: Dijon|move: Protect\n|move|p2b: Maushold|Population Bomb|p1b: Meowscarada\n|-damage|p1b: Meowscarada|0 fnt\n|faint|p1b: Meowscarada\n|-hitcount|p1: Meowscarada|1\n|\n|upkeep\n|\n|t:|1683731780\n|switch|p1b: Flamigo|Flamigo, L50, F, shiny|100\/100\n|-copyboost|p1b: Flamigo|p1a: Krookodile|[from] ability: Costar\n|turn|4\n|inactive|salarypod has 30 seconds left.\n|inactive|salarypod has 20 seconds left.\n|\n|t:|1683731818\n|move|p1a: Krookodile|Protect|p1a: Krookodile\n|-singleturn|p1a: Krookodile|Protect\n|move|p1b: Flamigo|Tailwind|p1b: Flamigo\n|-sidestart|p1: AnyeCarlo|move: Tailwind\n|move|p2b: Maushold|Taunt|p1b: Flamigo\n|-start|p1b: Flamigo|move: Taunt\n|move|p2a: Dijon|Body Press|p1a: Krookodile\n|-activate|p1a: Krookodile|move: Protect\n|\n|-end|p1a: Krookodile|Encore\n|upkeep\n|turn|5\n|\n|t:|1683731843\n|-activate|p1b: Flamigo|move: Struggle\n|move|p1b: Flamigo|Struggle|p2b: Maushold\n|-damage|p2b: Maushold|27\/100\n|-damage|p1b: Flamigo|76\/100|[from] recoil\n|move|p1a: Krookodile|Earthquake|p2b: Maushold|[spread] p2a,p2b\n|-immune|p1b: Flamigo\n|-damage|p2a: Dijon|65\/100\n|-damage|p2b: Maushold|0 fnt\n|faint|p2b: Maushold\n|move|p2a: Dijon|Body Press|p1a: Krookodile\n|-damage|p1a: Krookodile|0 fnt\n|faint|p1a: Krookodile\n|\n|upkeep\n|\n|t:|1683731856\n|switch|p2b: Granny Smith|Appletun, L50, F|100\/100\n|switch|p1a: Indeedee|Indeedee, L50, M, shiny|100\/100\n|-fieldstart|move: Psychic Terrain|[from] ability: Psychic Surge|[of] p1a: Indeedee\n|turn|6\n|\n|t:|1683731873\n|move|p1a: Indeedee|Helping Hand|p1b: Flamigo\n|-singleturn|p1b: Flamigo|Helping Hand|[of] p1a: Indeedee\n|-activate|p1b: Flamigo|move: Struggle\n|move|p1b: Flamigo|Struggle|p2a: Dijon\n|-damage|p2a: Dijon|49\/100\n|-damage|p1b: Flamigo|51\/100|[from] recoil\n|move|p2a: Dijon|Body Press|p1b: Flamigo\n|-resisted|p1b: Flamigo\n|-damage|p1b: Flamigo|0 fnt\n|faint|p1b: Flamigo\n|move|p2b: Granny Smith|Leech Seed|p1a: Indeedee\n|-start|p1a: Indeedee|move: Leech Seed\n|\n|-damage|p1a: Indeedee|89\/100|[from] Leech Seed|[of] p2b: Granny Smith\n|upkeep\n|turn|7\n|c|\u2606AnyeCarlo|fck u\n|inactive|AnyeCarlo has 30 seconds left.\n|inactive|salarypod has 30 seconds left.\n|-message|AnyeCarlo forfeited.\n|\n|win|salarypod\n|raw|AnyeCarlo's rating: 1000 → 1000<\/strong> (+0 for losing)\n|raw|salarypod's rating: 1061 → 1086<\/strong> (+25 for winning)\n|l|\u2606AnyeCarlo\n","uploadtime":1683731908,"views":13,"p1id":"anyecarlo","p2id":"salarypod","formatid":"gen9vgc2023regulationc","rating":1000,"private":0,"password":""}