{"id":"gen9vgc2023regulationc-1855566882","p1":"Kiriziomaro","p2":"Euskasskid99","format":"[Gen 9] VGC 2023 Regulation C","log":"|j|\u2606Kiriziomaro\n|j|\u2606Euskasskid99\n|t:|1682962638\n|gametype|doubles\n|player|p1|Kiriziomaro|lance|1060\n|player|p2|Euskasskid99|1|1029\n|teamsize|p1|6\n|teamsize|p2|6\n|gen|9\n|tier|[Gen 9] VGC 2023 Regulation C\n|rated|\n|rule|Species Clause: Limit one of each Pok\u00e9mon\n|rule|Item Clause: Limit one of each item\n|clearpoke\n|poke|p1|Dondozo, L50, F|\n|poke|p1|Tatsugiri-Stretchy, L50, M|\n|poke|p1|Chi-Yu, L50|\n|poke|p1|Flutter Mane, L50|\n|poke|p1|Dragonite, L50, F|\n|poke|p1|Glimmora, L50, F|\n|poke|p2|Flutter Mane, L50|\n|poke|p2|Chi-Yu, L50|\n|poke|p2|Amoonguss, L50, F|\n|poke|p2|Great Tusk, L50|\n|poke|p2|Gyarados, L50, F|\n|poke|p2|Garganacl, L50, M|\n|teampreview|4\n|inactive|Battle timer is ON: inactive players will automatically lose when time's up. (requested by Euskasskid99)\n|inactive|Euskasskid99 has 60 seconds left.\n|\n|t:|1682962696\n|start\n|switch|p1a: Glimmora|Glimmora, L50, F|100\/100\n|switch|p1b: Tatsugiri|Tatsugiri-Stretchy, L50, M|100\/100\n|switch|p2a: Amoonguss|Amoonguss, L50, F|100\/100\n|switch|p2b: Flutter Mane|Flutter Mane, L50|100\/100\n|turn|1\n|\n|t:|1682962712\n|-end|p2b: Flutter Mane|Protosynthesis|[silent]\n|switch|p2b: Gyarados|Gyarados, L50, F|100\/100\n|-ability|p2b: Gyarados|Intimidate|boost\n|-unboost|p1a: Glimmora|atk|1\n|-unboost|p1b: Tatsugiri|atk|1\n|-terastallize|p1b: Tatsugiri|Ghost\n|move|p1a: Glimmora|Earth Power|p2b: Gyarados\n|-immune|p2b: Gyarados\n|move|p1b: Tatsugiri|Muddy Water|p2b: Gyarados|[spread] p2b\n|-miss|p1b: Tatsugiri|p2a: Amoonguss\n|-resisted|p2b: Gyarados\n|-damage|p2b: Gyarados|75\/100\n|move|p2a: Amoonguss|Spore|p1a: Glimmora\n|-status|p1a: Glimmora|slp|[from] move: Spore\n|\n|upkeep\n|turn|2\n|\n|t:|1682962732\n|cant|p1a: Glimmora|slp\n|move|p2b: Gyarados|Waterfall|p1b: Tatsugiri\n|-activate|p1b: Tatsugiri|ability: Storm Drain\n|-ability|p1b: Tatsugiri|Storm Drain|boost\n|-boost|p1b: Tatsugiri|spa|1\n|move|p1b: Tatsugiri|Muddy Water|p2a: Amoonguss|[spread] p2a,p2b\n|-resisted|p2a: Amoonguss\n|-resisted|p2b: Gyarados\n|-damage|p2a: Amoonguss|68\/100\n|-damage|p2b: Gyarados|38\/100\n|move|p2a: Amoonguss|Spore|p1b: Tatsugiri\n|-status|p1b: Tatsugiri|slp|[from] move: Spore\n|\n|upkeep\n|turn|3\n|\n|t:|1682962754\n|cant|p1a: Glimmora|slp\n|move|p2b: Gyarados|Iron Head|p1a: Glimmora\n|-supereffective|p1a: Glimmora\n|-damage|p1a: Glimmora|36\/100 slp\n|-activate|p1a: Glimmora|ability: Toxic Debris\n|-sidestart|p2: Euskasskid99|move: Toxic Spikes\n|cant|p1b: Tatsugiri|slp\n|move|p2a: Amoonguss|Giga Drain|p1a: Glimmora\n|-damage|p1a: Glimmora|6\/100 slp\n|-heal|p2a: Amoonguss|80\/100|[from] drain|[of] p1a: Glimmora\n|\n|upkeep\n|turn|4\n|\n|t:|1682962770\n|-curestatus|p1a: Glimmora|slp|[msg]\n|move|p1a: Glimmora|Spiky Shield|p1a: Glimmora\n|-singleturn|p1a: Glimmora|move: Protect\n|move|p2b: Gyarados|Iron Head|p1b: Tatsugiri\n|-damage|p1b: Tatsugiri|60\/100 slp\n|-curestatus|p1b: Tatsugiri|slp|[msg]\n|cant|p1b: Tatsugiri|flinch\n|move|p2a: Amoonguss|Giga Drain|p1a: Glimmora\n|-activate|p1a: Glimmora|move: Protect\n|\n|upkeep\n|turn|5\n|\n|t:|1682962786\n|move|p1a: Glimmora|Power Gem|p2b: Gyarados\n|-supereffective|p2b: Gyarados\n|-damage|p2b: Gyarados|0 fnt\n|faint|p2b: Gyarados\n|move|p1b: Tatsugiri|Muddy Water|p2a: Amoonguss\n|-resisted|p2a: Amoonguss\n|-damage|p2a: Amoonguss|31\/100\n|-enditem|p2a: Amoonguss|Sitrus Berry|[eat]\n|-heal|p2a: Amoonguss|56\/100|[from] item: Sitrus Berry\n|move|p2a: Amoonguss|Giga Drain|p1a: Glimmora\n|-damage|p1a: Glimmora|0 fnt\n|-heal|p2a: Amoonguss|58\/100|[from] drain|[of] p1a: Glimmora\n|faint|p1a: Glimmora\n|\n|upkeep\n|inactive|Euskasskid99 has 30 seconds left.\n|\n|t:|1682962813\n|switch|p1a: Dondozo|Dondozo, L50, F|100\/100\n|switch|p2b: Great Tusk|Great Tusk, L50|100\/100\n|-status|p2b: Great Tusk|psn\n|turn|6\n|\n|t:|1682962822\n|move|p2b: Great Tusk|Protect|p2b: Great Tusk\n|-singleturn|p2b: Great Tusk|Protect\n|move|p1b: Tatsugiri|Muddy Water|p2b: Great Tusk|[spread] \n|-activate|p2b: Great Tusk|move: Protect\n|-miss|p1b: Tatsugiri|p2a: Amoonguss\n|move|p1a: Dondozo|Yawn|p2a: Amoonguss\n|-start|p2a: Amoonguss|move: Yawn|[of] p1a: Dondozo\n|move|p2a: Amoonguss|Spore|p1a: Dondozo\n|-status|p1a: Dondozo|slp|[from] move: Spore\n|\n|-damage|p2b: Great Tusk|88\/100 psn|[from] psn\n|upkeep\n|turn|7\n|\n|t:|1682962836\n|move|p2b: Great Tusk|Rock Slide|p1b: Tatsugiri|[spread] p1a,p1b\n|-damage|p1a: Dondozo|88\/100 slp\n|-damage|p1b: Tatsugiri|30\/100\n|move|p1b: Tatsugiri|Muddy Water|p2a: Amoonguss|[spread] p2a,p2b\n|-resisted|p2a: Amoonguss\n|-supereffective|p2b: Great Tusk\n|-damage|p2a: Amoonguss|20\/100\n|-damage|p2b: Great Tusk|0 fnt\n|faint|p2b: Great Tusk\n|-end|p2b: Great Tusk|Protosynthesis|[silent]\n|cant|p1a: Dondozo|slp\n|move|p2a: Amoonguss|Giga Drain|p1a: Dondozo\n|-supereffective|p1a: Dondozo\n|-damage|p1a: Dondozo|59\/100 slp\n|-heal|p2a: Amoonguss|36\/100|[from] drain|[of] p1a: Dondozo\n|\n|-end|p2a: Amoonguss|move: Yawn|[silent]\n|-status|p2a: Amoonguss|slp\n|upkeep\n|\n|t:|1682962853\n|switch|p2b: Flutter Mane|Flutter Mane, L50|100\/100\n|-status|p2b: Flutter Mane|psn\n|turn|8\n|\n|t:|1682962869\n|-terastallize|p2b: Flutter Mane|Fairy\n|cant|p1a: Dondozo|slp\n|cant|p2a: Amoonguss|slp\n|move|p2b: Flutter Mane|Dazzling Gleam|p1a: Dondozo|[spread] p1a,p1b\n|-damage|p1a: Dondozo|16\/100 slp\n|-damage|p1b: Tatsugiri|0 fnt\n|-enditem|p1a: Dondozo|Sitrus Berry|[eat]\n|-heal|p1a: Dondozo|41\/100 slp|[from] item: Sitrus Berry\n|faint|p1b: Tatsugiri\n|\n|-damage|p2b: Flutter Mane|88\/100 psn|[from] psn\n|upkeep\n|\n|t:|1682962879\n|switch|p1b: Flutter Mane|Flutter Mane, L50|100\/100\n|-enditem|p1b: Flutter Mane|Booster Energy\n|-activate|p1b: Flutter Mane|ability: Protosynthesis|[fromitem]\n|-start|p1b: Flutter Mane|protosynthesisspe\n|turn|9\n|inactive|Euskasskid99 has 30 seconds left.\n|inactive|Euskasskid99 has 20 seconds left.\n|\n|t:|1682962918\n|cant|p2a: Amoonguss|slp\n|move|p1b: Flutter Mane|Hex|p2b: Flutter Mane\n|-damage|p2b: Flutter Mane|16\/100 psn\n|move|p2b: Flutter Mane|Dazzling Gleam|p1a: Dondozo|[spread] p1a,p1b\n|-damage|p1a: Dondozo|0 fnt\n|-damage|p1b: Flutter Mane|34\/100\n|faint|p1a: Dondozo\n|\n|-damage|p2b: Flutter Mane|4\/100 psn|[from] psn\n|upkeep\n|turn|10\n|inactive|Euskasskid99 has 30 seconds left.\n|\n|t:|1682962946\n|move|p1b: Flutter Mane|Protect|p1b: Flutter Mane\n|-singleturn|p1b: Flutter Mane|Protect\n|-curestatus|p2a: Amoonguss|slp|[msg]\n|move|p2a: Amoonguss|Rage Powder|p2a: Amoonguss\n|-singleturn|p2a: Amoonguss|move: Rage Powder\n|move|p2b: Flutter Mane|Dazzling Gleam|p1b: Flutter Mane\n|-activate|p1b: Flutter Mane|move: Protect\n|\n|-damage|p2b: Flutter Mane|0 fnt|[from] psn\n|faint|p2b: Flutter Mane\n|-end|p2b: Flutter Mane|Protosynthesis|[silent]\n|upkeep\n|turn|11\n|\n|t:|1682962961\n|move|p1b: Flutter Mane|Substitute|p1b: Flutter Mane\n|-start|p1b: Flutter Mane|Substitute\n|-damage|p1b: Flutter Mane|9\/100\n|move|p2a: Amoonguss|Spore||[still]\n|-fail|p2a: Amoonguss\n|\n|upkeep\n|turn|12\n|\n|t:|1682962968\n|move|p1b: Flutter Mane|Hex|p2a: Amoonguss\n|-damage|p2a: Amoonguss|3\/100\n|move|p2a: Amoonguss|Giga Drain|p1b: Flutter Mane\n|-end|p1b: Flutter Mane|Substitute\n|-heal|p2a: Amoonguss|11\/100|[from] drain|[of] p1b: Flutter Mane\n|\n|upkeep\n|turn|13\n|\n|t:|1682962979\n|move|p1b: Flutter Mane|Hex|p2a: Amoonguss\n|-damage|p2a: Amoonguss|0 fnt\n|faint|p2a: Amoonguss\n|\n|win|Kiriziomaro\n|raw|Kiriziomaro's rating: 1060 → 1088<\/strong> (+28 for winning)\n|raw|Euskasskid99's rating: 1029 → 1016<\/strong> (-13 for losing)\n|l|\u2606Euskasskid99\n","uploadtime":1682962987,"views":17,"p1id":"kiriziomaro","p2id":"euskasskid99","formatid":"gen9vgc2023regulationc","rating":1016,"private":0,"password":""}