{"id":"gen9vgc2023regulationc-1850648588","p1":"710lyfe","p2":"jdanhyde","format":"[Gen 9] VGC 2023 Regulation C","log":"|j|\u2606710lyfe\n|j|\u2606jdanhyde\n|t:|1682355961\n|gametype|doubles\n|player|p1|710lyfe|265|1064\n|player|p2|jdanhyde|170|1157\n|teamsize|p1|6\n|teamsize|p2|6\n|gen|9\n|tier|[Gen 9] VGC 2023 Regulation C\n|rated|\n|rule|Species Clause: Limit one of each Pok\u00e9mon\n|rule|Item Clause: Limit one of each item\n|clearpoke\n|poke|p1|Meowscarada, L50, M|\n|poke|p1|Cetitan, L50, M|\n|poke|p1|Kilowattrel, L50, F|\n|poke|p1|Flutter Mane, L50|\n|poke|p1|Glimmora, L50, M|\n|poke|p1|Armarouge, L50, F|\n|poke|p2|Chien-Pao, L50|\n|poke|p2|Azumarill, L50, F|\n|poke|p2|Arcanine, L50, F|\n|poke|p2|Amoonguss, L50, F|\n|poke|p2|Corviknight, L50, F|\n|poke|p2|Annihilape, L50, F|\n|teampreview|4\n|inactive|Battle timer is ON: inactive players will automatically lose when time's up. (requested by jdanhyde)\n|\n|t:|1682355993\n|start\n|switch|p1a: Glimmora|Glimmora, L50, M|100\/100\n|switch|p1b: Armarouge|Armarouge, L50, F|100\/100\n|switch|p2a: Annihilape|Annihilape, L50, F|100\/100\n|switch|p2b: Amoonguss|Amoonguss, L50, F|100\/100\n|turn|1\n|inactive|710lyfe has 30 seconds left.\n|\n|t:|1682356018\n|switch|p1a: Flutter Mane|Flutter Mane, L50|100\/100\n|move|p2a: Annihilape|Final Gambit|p1b: Armarouge\n|-damage|p1b: Armarouge|0 fnt\n|faint|p2a: Annihilape\n|faint|p1b: Armarouge\n|move|p2b: Amoonguss|Spore|p1a: Flutter Mane\n|-status|p1a: Flutter Mane|slp|[from] move: Spore\n|\n|upkeep\n|\n|t:|1682356033\n|switch|p2a: Azumarill|Azumarill, L50, F|100\/100\n|switch|p1b: Glimmora|Glimmora, L50, M|100\/100\n|turn|2\n|\n|t:|1682356046\n|switch|p2b: Chien-Pao|Chien-Pao, L50|100\/100\n|-ability|p2b: Chien-Pao|Sword of Ruin\n|-terastallize|p1b: Glimmora|Flying\n|move|p2a: Azumarill|Aqua Jet|p1b: Glimmora\n|-damage|p1b: Glimmora|45\/100\n|-activate|p1b: Glimmora|ability: Toxic Debris\n|-sidestart|p2: jdanhyde|move: Toxic Spikes\n|-damage|p2a: Azumarill|91\/100|[from] item: Life Orb\n|cant|p1a: Flutter Mane|slp\n|move|p1b: Glimmora|Sludge Bomb|p2a: Azumarill\n|-supereffective|p2a: Azumarill\n|-damage|p2a: Azumarill|0 fnt\n|faint|p2a: Azumarill\n|\n|upkeep\n|\n|t:|1682356061\n|switch|p2a: Amoonguss|Amoonguss, L50, F|100\/100\n|-sideend|p2: jdanhyde|move: Toxic Spikes|[of] p2a: Amoonguss\n|turn|3\n|\n|t:|1682356083\n|move|p2a: Amoonguss|Rage Powder|p2a: Amoonguss\n|-singleturn|p2a: Amoonguss|move: Rage Powder\n|move|p2b: Chien-Pao|Ice Spinner|p1a: Flutter Mane\n|-damage|p1a: Flutter Mane|13\/100 slp\n|-curestatus|p1a: Flutter Mane|slp|[msg]\n|move|p1a: Flutter Mane|Dazzling Gleam|p2b: Chien-Pao|[spread] p2a,p2b\n|-resisted|p2a: Amoonguss\n|-supereffective|p2b: Chien-Pao\n|-damage|p2a: Amoonguss|87\/100\n|-enditem|p2b: Chien-Pao|Focus Sash\n|-damage|p2b: Chien-Pao|1\/100\n|move|p1b: Glimmora|Power Gem|p2a: Amoonguss\n|-damage|p2a: Amoonguss|53\/100\n|\n|-heal|p2a: Amoonguss|59\/100|[from] item: Leftovers\n|upkeep\n|turn|4\n|inactive|jdanhyde has 30 seconds left.\n|inactive|jdanhyde has 20 seconds left.\n|\n|t:|1682356121\n|move|p2b: Chien-Pao|Sucker Punch|p1a: Flutter Mane\n|-damage|p1a: Flutter Mane|0 fnt\n|faint|p1a: Flutter Mane\n|-end|p1a: Flutter Mane|Protosynthesis|[silent]\n|move|p1b: Glimmora|Flash Cannon|p2a: Amoonguss\n|-damage|p2a: Amoonguss|39\/100\n|move|p2a: Amoonguss|Pollen Puff|p2b: Chien-Pao\n|-heal|p2b: Chien-Pao|51\/100\n|\n|-heal|p2a: Amoonguss|45\/100|[from] item: Leftovers\n|upkeep\n|\n|t:|1682356132\n|switch|p1a: Meowscarada|Meowscarada, L50, M|100\/100\n|turn|5\n|\n|t:|1682356154\n|move|p2a: Amoonguss|Rage Powder|p2a: Amoonguss\n|-singleturn|p2a: Amoonguss|move: Rage Powder\n|move|p2b: Chien-Pao|Ice Spinner|p1a: Meowscarada\n|-supereffective|p1a: Meowscarada\n|-damage|p1a: Meowscarada|0 fnt\n|faint|p1a: Meowscarada\n|move|p1b: Glimmora|Earth Power|p2a: Amoonguss\n|-damage|p2a: Amoonguss|19\/100\n|\n|-heal|p2a: Amoonguss|25\/100|[from] item: Leftovers\n|upkeep\n|turn|6\n|-message|710lyfe forfeited.\n|\n|win|jdanhyde\n|raw|710lyfe's rating: 1064 → 1050<\/strong> (-14 for losing)\n|raw|jdanhyde's rating: 1157 → 1175<\/strong> (+18 for winning)\n|l|\u2606710lyfe\n","uploadtime":1682356173,"views":16,"p1id":"710lyfe","p2id":"jdanhyde","formatid":"gen9vgc2023regulationc","rating":1050,"private":0,"password":""}