{"id":"gen9vgc2023regulationc-1851909765","p1":"playtimedfg","p2":"jahshdgfyetr","format":"[Gen 9] VGC 2023 Regulation C","log":"|j|\u2606playtimedfg\n|j|\u2606jahshdgfyetr\n|t:|1682504432\n|gametype|doubles\n|player|p1|playtimedfg|leon|1040\n|player|p2|jahshdgfyetr|2|1000\n|teamsize|p1|6\n|teamsize|p2|6\n|gen|9\n|tier|[Gen 9] VGC 2023 Regulation C\n|rated|\n|rule|Species Clause: Limit one of each Pok\u00e9mon\n|rule|Item Clause: Limit one of each item\n|clearpoke\n|poke|p1|Ting-Lu, L50|\n|poke|p1|Skeledirge, L50, M|\n|poke|p1|Armarouge, L50, M|\n|poke|p1|Amoonguss, L50, F|\n|poke|p1|Indeedee-F, L50, F|\n|poke|p1|Iron Hands, L50|\n|poke|p2|Murkrow, L50, M|\n|poke|p2|Chi-Yu, L50|\n|poke|p2|Flutter Mane, L50|\n|poke|p2|Great Tusk, L50|\n|poke|p2|Brute Bonnet, L50|\n|poke|p2|Corviknight, L50, F|\n|teampreview|4\n|inactive|Battle timer is ON: inactive players will automatically lose when time's up. (requested by playtimedfg)\nplaytimedfg rejected open team sheets.\n|inactive|playtimedfg has 60 seconds left.\n|inactive|jahshdgfyetr has 60 seconds left.\n|\n|t:|1682504483\n|start\n|switch|p1a: Amoonguss|Amoonguss, L50, F|100\/100\n|switch|p1b: Armarouge|Armarouge, L50, M|100\/100\n|switch|p2a: Murkrow|Murkrow, L50, M, shiny|100\/100\n|switch|p2b: Chi-Yu|Chi-Yu, L50|100\/100\n|-ability|p2b: Chi-Yu|Beads of Ruin\n|turn|1\n|inactive|playtimedfg has 30 seconds left.\n|inactive|jahshdgfyetr has 30 seconds left.\n|inactive|jahshdgfyetr has 20 seconds left.\n|inactive|jahshdgfyetr has 15 seconds left.\n|\n|t:|1682504527\n|move|p1a: Amoonguss|Rage Powder|p1a: Amoonguss\n|-singleturn|p1a: Amoonguss|move: Rage Powder\n|move|p2a: Murkrow|Sunny Day|p2a: Murkrow\n|-weather|SunnyDay\n|move|p2b: Chi-Yu|Overheat|p1a: Amoonguss\n|-supereffective|p1a: Amoonguss\n|-damage|p1a: Amoonguss|0 fnt\n|-unboost|p2b: Chi-Yu|spa|2\n|faint|p1a: Amoonguss\n|-damage|p2b: Chi-Yu|90\/100|[from] item: Life Orb\n|move|p1b: Armarouge|Trick Room|p1b: Armarouge\n|-fieldstart|move: Trick Room|[of] p1b: Armarouge\n|\n|-weather|SunnyDay|[upkeep]\n|upkeep\n|\n|t:|1682504547\n|switch|p1a: Skeledirge|Skeledirge, L50, M|100\/100\n|turn|2\n|inactive|playtimedfg has 30 seconds left.\n|inactive|jahshdgfyetr has 30 seconds left.\n|inactive|playtimedfg has 20 seconds left.\n|inactive|playtimedfg has 15 seconds left.\n|inactive|jahshdgfyetr has 20 seconds left.\n|inactive|playtimedfg has 10 seconds left.\n|inactive|jahshdgfyetr has 15 seconds left.\n|inactive|jahshdgfyetr has 10 seconds left.\n|\n|t:|1682504600\n|switch|p2b: Flutter Mane|Flutter Mane, L50|100\/100\n|-activate|p2b: Flutter Mane|ability: Protosynthesis\n|-start|p2b: Flutter Mane|protosynthesisspa\n|-terastallize|p1a: Skeledirge|Ground\n|move|p1a: Skeledirge|Earth Power|p2b: Flutter Mane\n|-damage|p2b: Flutter Mane|56\/100\n|move|p1b: Armarouge|Armor Cannon|p2a: Murkrow\n|-damage|p2a: Murkrow|0 fnt\n|-unboost|p1b: Armarouge|def|1\n|-unboost|p1b: Armarouge|spd|1\n|faint|p2a: Murkrow\n|\n|-weather|SunnyDay|[upkeep]\n|upkeep\n|\n|t:|1682504615\n|switch|p2a: Chi-Yu|Chi-Yu, L50|90\/100\n|-ability|p2a: Chi-Yu|Beads of Ruin\n|turn|3\n|\n|t:|1682504639\n|move|p1b: Armarouge|Protect|p1b: Armarouge\n|-singleturn|p1b: Armarouge|Protect\n|move|p2a: Chi-Yu|Protect|p2a: Chi-Yu\n|-singleturn|p2a: Chi-Yu|Protect\n|move|p1a: Skeledirge|Earth Power|p2a: Chi-Yu\n|-activate|p2a: Chi-Yu|move: Protect\n|move|p2b: Flutter Mane|Moonblast|p1b: Armarouge\n|-activate|p1b: Armarouge|move: Protect\n|\n|-weather|SunnyDay|[upkeep]\n|upkeep\n|turn|4\n|inactive|playtimedfg has 30 seconds left.\n|\n|t:|1682504666\n|switch|p2a: Corviknight|Corviknight, L50, F|100\/100\n|move|p1a: Skeledirge|Earth Power|p2a: Corviknight\n|-immune|p2a: Corviknight\n|move|p1b: Armarouge|Armor Cannon|p2b: Flutter Mane\n|-damage|p2b: Flutter Mane|0 fnt\n|-unboost|p1b: Armarouge|def|1\n|-unboost|p1b: Armarouge|spd|1\n|faint|p2b: Flutter Mane\n|-end|p2b: Flutter Mane|Protosynthesis|[silent]\n|\n|-weather|SunnyDay|[upkeep]\n|upkeep\n|\n|t:|1682504679\n|switch|p2b: Chi-Yu|Chi-Yu, L50|90\/100\n|-ability|p2b: Chi-Yu|Beads of Ruin\n|turn|5\n|inactive|playtimedfg has 30 seconds left.\n|\n|t:|1682504712\n|-terastallize|p2a: Corviknight|Fire\n|move|p2b: Chi-Yu|Protect|p2b: Chi-Yu\n|-singleturn|p2b: Chi-Yu|Protect\n|move|p1a: Skeledirge|Earth Power|p2b: Chi-Yu\n|-activate|p2b: Chi-Yu|move: Protect\n|move|p1b: Armarouge|Armor Cannon|p2a: Corviknight\n|-resisted|p2a: Corviknight\n|-crit|p2a: Corviknight\n|-damage|p2a: Corviknight|0 fnt\n|-unboost|p1b: Armarouge|def|1\n|-unboost|p1b: Armarouge|spd|1\n|faint|p2a: Corviknight\n|\n|-weather|none\n|-fieldend|move: Trick Room\n|upkeep\n|turn|6\n|inactive|playtimedfg has 30 seconds left.\n|\n|t:|1682504739\n|move|p2b: Chi-Yu|Dark Pulse|p1a: Skeledirge\n|-damage|p1a: Skeledirge|8\/100\n|-damage|p2b: Chi-Yu|80\/100|[from] item: Life Orb\n|move|p1b: Armarouge|Armor Cannon|p2b: Chi-Yu\n|-resisted|p2b: Chi-Yu\n|-damage|p2b: Chi-Yu|42\/100\n|-unboost|p1b: Armarouge|def|1\n|-unboost|p1b: Armarouge|spd|1\n|cant|p1a: Skeledirge|flinch\n|\n|upkeep\n|turn|7\n|inactive|playtimedfg has 30 seconds left.\n|\n|t:|1682504773\n|move|p1a: Skeledirge|Protect|p1a: Skeledirge\n|-singleturn|p1a: Skeledirge|Protect\n|move|p2b: Chi-Yu|Dark Pulse|p1a: Skeledirge\n|-activate|p1a: Skeledirge|move: Protect\n|move|p1b: Armarouge|Armor Cannon|p2b: Chi-Yu\n|-resisted|p2b: Chi-Yu\n|-damage|p2b: Chi-Yu|0 fnt\n|-unboost|p1b: Armarouge|def|1\n|-unboost|p1b: Armarouge|spd|1\n|faint|p2b: Chi-Yu\n|\n|win|playtimedfg\n|raw|playtimedfg's rating: 1040 → 1070<\/strong> (+30 for winning)\n|raw|jahshdgfyetr's rating: 1000 → 1000<\/strong> (+0 for losing)\n|l|\u2606jahshdgfyetr\n","uploadtime":1682504788,"views":9,"p1id":"playtimedfg","p2id":"jahshdgfyetr","formatid":"gen9vgc2023regulationc","rating":1000,"private":0,"password":""}