{"id":"gen9vgc2023regulationc-1850517532","p1":"Drakeon55569","p2":"haha u rage quit","format":"[Gen 9] VGC 2023 Regulation C","log":"|j|\u203dDrakeon55569\n|j|\u2606haha u rage quit\n|t:|1682344998\n|gametype|doubles\n|player|p1|Drakeon55569|hilbert|1236\n|player|p2|haha u rage quit|pokemaniac|1158\n|teamsize|p1|6\n|teamsize|p2|6\n|gen|9\n|tier|[Gen 9] VGC 2023 Regulation C\n|rated|\n|rule|Species Clause: Limit one of each Pok\u00e9mon\n|rule|Item Clause: Limit one of each item\n|clearpoke\n|poke|p1|Chi-Yu, L50|\n|poke|p1|Torkoal, L50, M|\n|poke|p1|Flutter Mane, L50|\n|poke|p1|Pincurchin, L50, M|\n|poke|p1|Iron Hands, L50|\n|poke|p1|Iron Bundle, L50|\n|poke|p2|Torkoal, L50, M|\n|poke|p2|Dondozo, L50, M|\n|poke|p2|Indeedee-F, L50, F|\n|poke|p2|Kingambit, L50, M|\n|poke|p2|Hatterene, L50, F|\n|poke|p2|Armarouge, L50, M|\n|teampreview|4\n|\n|t:|1682345038\n|start\n|switch|p1a: Torkoal|Torkoal, L50, M|100\/100\n|switch|p1b: Chi-Yu|Chi-Yu, L50|100\/100\n|switch|p2a: Indeedee|Indeedee-F, L50, F, shiny|100\/100\n|switch|p2b: Hatterene|Hatterene, L50, F|100\/100\n|-ability|p1b: Chi-Yu|Beads of Ruin\n|-fieldstart|move: Psychic Terrain|[from] ability: Psychic Surge|[of] p2a: Indeedee\n|-enditem|p2a: Indeedee|Psychic Seed\n|-boost|p2a: Indeedee|spd|1|[from] item: Psychic Seed\n|-weather|SunnyDay|[from] ability: Drought|[of] p1a: Torkoal\n|turn|1\n|inactive|Battle timer is ON: inactive players will automatically lose when time's up. (requested by haha u rage quit)\n|\n|t:|1682345072\n|move|p1a: Torkoal|Helping Hand|p1b: Chi-Yu\n|-singleturn|p1b: Chi-Yu|Helping Hand|[of] p1a: Torkoal\n|move|p2a: Indeedee|Follow Me|p2a: Indeedee\n|-singleturn|p2a: Indeedee|move: Follow Me\n|move|p1b: Chi-Yu|Flamethrower|p2a: Indeedee\n|-damage|p2a: Indeedee|30\/100\n|move|p2b: Hatterene|Psychic|p1a: Torkoal\n|-damage|p1a: Torkoal|0 fnt\n|faint|p1a: Torkoal\n|-damage|p2b: Hatterene|91\/100|[from] item: Life Orb\n|\n|-weather|SunnyDay|[upkeep]\n|upkeep\n|\n|t:|1682345085\n|switch|p1a: Pincurchin|Pincurchin, L50, M|100\/100\n|-fieldstart|move: Electric Terrain|[from] ability: Electric Surge|[of] p1a: Pincurchin\n|turn|2\n|\n|t:|1682345099\n|move|p2a: Indeedee|Follow Me|p2a: Indeedee\n|-singleturn|p2a: Indeedee|move: Follow Me\n|move|p1b: Chi-Yu|Flamethrower|p2a: Indeedee\n|-damage|p2a: Indeedee|0 fnt\n|faint|p2a: Indeedee\n|move|p2b: Hatterene|Dazzling Gleam|p1b: Chi-Yu|[spread] p1a,p1b\n|-damage|p1a: Pincurchin|35\/100\n|-damage|p1b: Chi-Yu|40\/100\n|-damage|p2b: Hatterene|81\/100|[from] item: Life Orb\n|move|p1a: Pincurchin|Zing Zap|p2b: Hatterene\n|-damage|p2b: Hatterene|42\/100\n|\n|-weather|SunnyDay|[upkeep]\n|upkeep\n|\n|t:|1682345109\n|switch|p2a: Kingambit|Kingambit, L50, M, shiny|100\/100\n|turn|3\n|\n|t:|1682345126\n|-terastallize|p2a: Kingambit|Fire\n|move|p1b: Chi-Yu|Flamethrower|p2a: Kingambit\n|-resisted|p2a: Kingambit\n|-damage|p2a: Kingambit|55\/100\n|move|p2a: Kingambit|Low Kick|p1b: Chi-Yu\n|-supereffective|p1b: Chi-Yu\n|-damage|p1b: Chi-Yu|14\/100\n|move|p2b: Hatterene|Dazzling Gleam|p1b: Chi-Yu|[spread] p1a,p1b\n|-damage|p1a: Pincurchin|0 fnt\n|-damage|p1b: Chi-Yu|0 fnt\n|faint|p1a: Pincurchin\n|faint|p1b: Chi-Yu\n|-damage|p2b: Hatterene|32\/100|[from] item: Life Orb\n|\n|-weather|SunnyDay|[upkeep]\n|upkeep\n|\n|t:|1682345142\n|switch|p1b: Iron Hands|Iron Hands, L50|100\/100\n|-activate|p1b: Iron Hands|ability: Quark Drive\n|-start|p1b: Iron Hands|quarkdriveatk\n|turn|4\n|\n|t:|1682345160\n|-terastallize|p1b: Iron Hands|Grass\n|move|p1b: Iron Hands|Fake Out|p2b: Hatterene\n|-damage|p2b: Hatterene|7\/100\n|move|p2a: Kingambit|Swords Dance|p2a: Kingambit\n|-boost|p2a: Kingambit|atk|2\n|cant|p2b: Hatterene|flinch\n|\n|-weather|SunnyDay|[upkeep]\n|upkeep\n|turn|5\n|\n|t:|1682345180\n|move|p2a: Kingambit|Sucker Punch|p1b: Iron Hands\n|-damage|p1b: Iron Hands|42\/100\n|move|p1b: Iron Hands|Drain Punch|p2a: Kingambit\n|-damage|p2a: Kingambit|6\/100\n|-heal|p1b: Iron Hands|63\/100|[from] drain|[of] p2a: Kingambit\n|move|p2b: Hatterene|Psychic|p1b: Iron Hands\n|-damage|p1b: Iron Hands|25\/100\n|-damage|p2b: Hatterene|0 fnt|[from] item: Life Orb\n|faint|p2b: Hatterene\n|\n|-weather|SunnyDay|[upkeep]\n|upkeep\n|\n|t:|1682345186\n|switch|p2b: Torkoal|Torkoal, L50, M|100\/100\n|turn|6\n|\n|t:|1682345200\n|move|p2a: Kingambit|Sucker Punch|p1b: Iron Hands\n|-damage|p1b: Iron Hands|0 fnt\n|faint|p1b: Iron Hands\n|-end|p1b: Iron Hands|Quark Drive|[silent]\n|\n|win|haha u rage quit\n|raw|Drakeon55569's rating: 1236 → 1205<\/strong> (-31 for losing)\n|raw|haha u rage quit's rating: 1158 → 1189<\/strong> (+31 for winning)\n|l|\u203dDrakeon55569\n","uploadtime":1682345212,"views":23,"p1id":"drakeon55569","p2id":"hahauragequit","formatid":"gen9vgc2023regulationc","rating":1189,"private":0,"password":""}