{"id":"gen9vgc2023regulationc-1849782397","p1":"wynantvgc","p2":"snow-pokepoke","format":"[Gen 9] VGC 2023 Regulation C","log":"|j|\u2606wynantvgc\n|j|\u2606snow-pokepoke\n|t:|1682250791\n|gametype|doubles\n|player|p1|wynantvgc|102|\n|player|p2|snow-pokepoke|#vgcwliikilowattrels|\n|teamsize|p1|6\n|teamsize|p2|6\n|gen|9\n|tier|[Gen 9] VGC 2023 Regulation C\n|rule|Species Clause: Limit one of each Pok\u00e9mon\n|rule|Item Clause: Limit one of each item\n|clearpoke\n|poke|p1|Gholdengo, L50|\n|poke|p1|Amoonguss, L50, F|\n|poke|p1|Kingambit, L50, F|\n|poke|p1|Dragonite, L50, M|\n|poke|p1|Dondozo, L50, M|\n|poke|p1|Tatsugiri-Stretchy, L50, M|\n|poke|p2|Glimmora, L50, F|\n|poke|p2|Flutter Mane, L50|\n|poke|p2|Wo-Chien, L50|\n|poke|p2|Arcanine, L50, F|\n|poke|p2|Dragonite, L50, F|\n|poke|p2|Chien-Pao, L50|\n|teampreview|4\n|c|\u2606wynantvgc|2\n|c|\u2606snow-pokepoke|g2\nwynantvgc has agreed to open team sheets.\nsnow-pokepoke has agreed to open team sheets.\n|c|\u2606wynantvgc|\/log wynantvgc made this room public.\n|j| baaaaat_\n|j| FREEDOMFIGHTER28\n|l| FREEDOMFIGHTER28\n|j| FREEDOMFIGHTER28\n|j| sempr9\n|j| Finabas\n|j| TamtamNi\n|j| Svenvgc\n|j| duckpond\n|j| Aldrich\n|\n|t:|1682251578\n|start\n|switch|p1a: Dragonite|Dragonite, L50, M|100\/100\n|switch|p1b: Gholdengo|Gholdengo, L50|100\/100\n|switch|p2a: Flutter Mane|Flutter Mane, L50|100\/100\n|switch|p2b: Chien-Pao|Chien-Pao, L50|100\/100\n|-ability|p2b: Chien-Pao|Sword of Ruin\n|-enditem|p2a: Flutter Mane|Booster Energy\n|-activate|p2a: Flutter Mane|ability: Protosynthesis|[fromitem]\n|-start|p2a: Flutter Mane|protosynthesisspa\n|turn|1\n|j| Pasta e parmigiano\n|j| rollacostavgc\n|\n|t:|1682251651\n|-terastallize|p1a: Dragonite|Flying\n|move|p1b: Gholdengo|Protect|p1b: Gholdengo\n|-singleturn|p1b: Gholdengo|Protect\n|move|p2b: Chien-Pao|Ice Spinner|p1a: Dragonite\n|-supereffective|p1a: Dragonite\n|-damage|p1a: Dragonite|55\/100\n|move|p2a: Flutter Mane|Substitute|p2a: Flutter Mane\n|-start|p2a: Flutter Mane|Substitute\n|-damage|p2a: Flutter Mane|76\/100\n|move|p1a: Dragonite|Tera Blast|p2a: Flutter Mane\n|-end|p2a: Flutter Mane|Substitute\n|\n|upkeep\n|turn|2\n|\n|t:|1682251690\n|switch|p1b: Amoonguss|Amoonguss, L50, F|100\/100\n|switch|p1a: Kingambit|Kingambit, L50, F|100\/100\n|move|p2b: Chien-Pao|Sucker Punch||[still]\n|-fail|p2b: Chien-Pao\n|move|p2a: Flutter Mane|Substitute|p2a: Flutter Mane\n|-start|p2a: Flutter Mane|Substitute\n|-damage|p2a: Flutter Mane|51\/100\n|\n|upkeep\n|turn|3\n|j| Tito Sprigs\n|\n|t:|1682251717\n|move|p2b: Chien-Pao|Sacred Sword|p1a: Kingambit\n|-supereffective|p1a: Kingambit\n|-damage|p1a: Kingambit|0 fnt\n|faint|p1a: Kingambit\n|move|p2a: Flutter Mane|Shadow Ball|p1b: Amoonguss\n|-crit|p1b: Amoonguss\n|-damage|p1b: Amoonguss|43\/100\n|-unboost|p1b: Amoonguss|spd|1\n|-enditem|p1b: Amoonguss|Sitrus Berry|[eat]\n|-heal|p1b: Amoonguss|68\/100|[from] item: Sitrus Berry\n|move|p1b: Amoonguss|Pollen Puff|p2b: Chien-Pao\n|-supereffective|p2b: Chien-Pao\n|-damage|p2b: Chien-Pao|36\/100\n|\n|upkeep\n|\n|t:|1682251727\n|switch|p1a: Dragonite|Dragonite, L50, M, tera:Flying|55\/100\n|turn|4\n|\n|t:|1682251744\n|switch|p1a: Gholdengo|Gholdengo, L50|100\/100\n|-terastallize|p2a: Flutter Mane|Ghost\n|move|p2b: Chien-Pao|Ice Spinner|p1a: Gholdengo\n|-resisted|p1a: Gholdengo\n|-damage|p1a: Gholdengo|74\/100\n|move|p2a: Flutter Mane|Shadow Ball|p1b: Amoonguss\n|-damage|p1b: Amoonguss|0 fnt\n|faint|p1b: Amoonguss\n|\n|-heal|p1a: Gholdengo|80\/100|[from] item: Leftovers\n|upkeep\n|l| Svenvgc\n|l| Tito Sprigs\n|\n|t:|1682251766\n|switch|p1b: Dragonite|Dragonite, L50, M, tera:Flying|55\/100\n|turn|5\n|\n|t:|1682251773\n|move|p2b: Chien-Pao|Ice Spinner|p1b: Dragonite\n|-supereffective|p1b: Dragonite\n|-damage|p1b: Dragonite|0 fnt\n|faint|p1b: Dragonite\n|move|p2a: Flutter Mane|Shadow Ball|p1a: Gholdengo\n|-supereffective|p1a: Gholdengo\n|-damage|p1a: Gholdengo|0 fnt\n|faint|p1a: Gholdengo\n|\n|win|snow-pokepoke\n|j| yarudake\n|l| FREEDOMFIGHTER28\n|c|\u2606wynantvgc|gg\n|c|\u2606snow-pokepoke|ggs\n|l| sempr9\n|l| Pasta e parmigiano\n|l| rollacostavgc\n|l| TamtamNi\n|j| Pasta e parmigiano\n|l| Pasta e parmigiano\n|l| yarudake\n|l| duckpond\n|l|\u2606wynantvgc\n","uploadtime":1682251875,"views":42,"p1id":"wynantvgc","p2id":"snowpokepoke","formatid":"gen9vgc2023regulationc","rating":0,"private":0,"password":""}