{"id":"gen9vgc2023regulationc-1857946011","p1":"D-Wrecks","p2":"kanotakekanotake","format":"[Gen 9] VGC 2023 Regulation C","log":"|j|\u2606D-Wrecks\n|j|\u2606kanotakekanotake\n|t:|1683250737\n|gametype|doubles\n|player|p1|D-Wrecks|blackbelt-gen4dp|1619\n|player|p2|kanotakekanotake|smasher|1679\n|teamsize|p1|6\n|teamsize|p2|6\n|gen|9\n|tier|[Gen 9] VGC 2023 Regulation C\n|rated|\n|rule|Species Clause: Limit one of each Pok\u00e9mon\n|rule|Item Clause: Limit one of each item\n|clearpoke\n|poke|p1|Dondozo, L50, F|\n|poke|p1|Tatsugiri, L50, M|\n|poke|p1|Pawmot, L50, M|\n|poke|p1|Iron Bundle, L50|\n|poke|p1|Flutter Mane, L50|\n|poke|p1|Chi-Yu, L50|\n|poke|p2|Amoonguss, L50, F|\n|poke|p2|Iron Hands, L50|\n|poke|p2|Garganacl, L50, F|\n|poke|p2|Grimmsnarl, L50, M|\n|poke|p2|Gyarados, L50, M|\n|poke|p2|Flutter Mane, L50|\n|teampreview|4\n|inactive|Battle timer is ON: inactive players will automatically lose when time's up. (requested by kanotakekanotake)\n|\n|t:|1683250771\n|start\n|switch|p1a: Dondozo|Dondozo, L50, F, shiny|100\/100\n|switch|p1b: Wraith|Flutter Mane, L50, shiny|100\/100\n|switch|p2a: Iron Hands|Iron Hands, L50|100\/100\n|switch|p2b: Garganacl|Garganacl, L50, F, shiny|100\/100\n|turn|1\n|j| jodiocorner\n|inactive|D-Wrecks has 30 seconds left.\n|inactive|kanotakekanotake has 30 seconds left.\n|\n|t:|1683250798\n|-end|p1b: Wraith|Protosynthesis|[silent]\n|switch|p1b: Tatsugiri|Tatsugiri, L50, M, shiny|100\/100\n|-activate|p1b: Tatsugiri|ability: Commander|[of] p1a: Dondozo\n|-boost|p1a: Dondozo|atk|2\n|-boost|p1a: Dondozo|spa|2\n|-boost|p1a: Dondozo|spe|2\n|-boost|p1a: Dondozo|def|2\n|-boost|p1a: Dondozo|spd|2\n|-terastallize|p2b: Garganacl|Poison\n|move|p1a: Dondozo|Protect|p1a: Dondozo\n|-singleturn|p1a: Dondozo|Protect\n|move|p2a: Iron Hands|Heavy Slam|p1b: Tatsugiri|[miss]\n|-miss|p2a: Iron Hands|p1b: Tatsugiri\n|move|p2b: Garganacl|Salt Cure|p1a: Dondozo\n|-activate|p1a: Dondozo|move: Protect\n|\n|upkeep\n|turn|2\n|inactive|kanotakekanotake has 30 seconds left.\n|inactive|kanotakekanotake has 20 seconds left.\n|inactive|kanotakekanotake has 15 seconds left.\n|\n|t:|1683250841\n|-end|p2a: Iron Hands|Quark Drive|[silent]\n|switch|p2a: Amoonguss|Amoonguss, L50, F, shiny|100\/100\n|-terastallize|p1a: Dondozo|Grass\n|move|p2b: Garganacl|Protect|p2b: Garganacl\n|-singleturn|p2b: Garganacl|Protect\n|move|p1a: Dondozo|Earthquake|p2b: Garganacl|[spread] p2a\n|-miss|p1a: Dondozo|p1b: Tatsugiri\n|-activate|p2b: Garganacl|move: Protect\n|-damage|p2a: Amoonguss|63\/100\n|\n|upkeep\n|turn|3\n|\n|t:|1683250860\n|move|p1a: Dondozo|Order Up|p2a: Amoonguss\n|-damage|p2a: Amoonguss|22\/100\n|-enditem|p2a: Amoonguss|Sitrus Berry|[eat]\n|-heal|p2a: Amoonguss|47\/100|[from] item: Sitrus Berry\n|-boost|p1a: Dondozo|atk|1\n|move|p2b: Garganacl|Recover||[still]\n|-fail|p2b: Garganacl|heal\n|move|p2a: Amoonguss|Clear Smog|p1a: Dondozo\n|-supereffective|p1a: Dondozo\n|-damage|p1a: Dondozo|85\/100\n|-clearboost|p1a: Dondozo\n|\n|-heal|p1a: Dondozo|91\/100|[from] item: Leftovers\n|upkeep\n|turn|4\n|\n|t:|1683250878\n|switch|p2a: Iron Hands|Iron Hands, L50|100\/100\n|move|p1a: Dondozo|Order Up|p2b: Garganacl\n|-crit|p2b: Garganacl\n|-damage|p2b: Garganacl|79\/100\n|-boost|p1a: Dondozo|atk|1\n|move|p2b: Garganacl|Iron Defense|p2b: Garganacl\n|-boost|p2b: Garganacl|def|2\n|\n|-heal|p1a: Dondozo|97\/100|[from] item: Leftovers\n|-heal|p2b: Garganacl|85\/100|[from] item: Leftovers\n|upkeep\n|turn|5\n|\n|t:|1683250894\n|move|p1a: Dondozo|Protect|p1a: Dondozo\n|-singleturn|p1a: Dondozo|Protect\n|move|p2a: Iron Hands|Fake Out|p1a: Dondozo\n|-activate|p1a: Dondozo|move: Protect\n|move|p2b: Garganacl|Iron Defense|p2b: Garganacl\n|-boost|p2b: Garganacl|def|2\n|\n|-heal|p1a: Dondozo|100\/100|[from] item: Leftovers\n|-heal|p2b: Garganacl|90\/100|[from] item: Leftovers\n|upkeep\n|turn|6\n|\n|t:|1683250907\n|move|p1a: Dondozo|Order Up|p2a: Iron Hands\n|-damage|p2a: Iron Hands|73\/100\n|-boost|p1a: Dondozo|atk|1\n|move|p2a: Iron Hands|Volt Switch|p1a: Dondozo\n|-resisted|p1a: Dondozo\n|-damage|p1a: Dondozo|94\/100\n|\n|t:|1683250915\n|-end|p2a: Iron Hands|Quark Drive|[silent]\n|switch|p2a: Amoonguss|Amoonguss, L50, F, shiny|80\/100|[from] Volt Switch\n|move|p2b: Garganacl|Salt Cure|p1a: Dondozo\n|-damage|p1a: Dondozo|84\/100\n|-start|p1a: Dondozo|Salt Cure\n|\n|-heal|p1a: Dondozo|90\/100|[from] item: Leftovers\n|-heal|p2b: Garganacl|96\/100|[from] item: Leftovers\n|-damage|p1a: Dondozo|77\/100|[from] Salt Cure\n|upkeep\n|turn|7\n|\n|t:|1683250930\n|move|p2a: Amoonguss|Protect|p2a: Amoonguss\n|-singleturn|p2a: Amoonguss|Protect\n|move|p1a: Dondozo|Order Up|p2a: Amoonguss\n|-activate|p2a: Amoonguss|move: Protect\n|move|p2b: Garganacl|Salt Cure|p1a: Dondozo\n|-damage|p1a: Dondozo|68\/100\n|\n|-heal|p1a: Dondozo|74\/100|[from] item: Leftovers\n|-heal|p2b: Garganacl|100\/100|[from] item: Leftovers\n|-damage|p1a: Dondozo|62\/100|[from] Salt Cure\n|upkeep\n|turn|8\n|\n|t:|1683250948\n|move|p1a: Dondozo|Earthquake|p2a: Amoonguss|[spread] p2a,p2b\n|-miss|p1a: Dondozo|p1b: Tatsugiri\n|-supereffective|p2b: Garganacl\n|-damage|p2a: Amoonguss|46\/100\n|-damage|p2b: Garganacl|48\/100\n|move|p2b: Garganacl|Salt Cure|p1a: Dondozo\n|-damage|p1a: Dondozo|51\/100\n|move|p2a: Amoonguss|Clear Smog|p1a: Dondozo\n|-supereffective|p1a: Dondozo\n|-damage|p1a: Dondozo|21\/100\n|-clearboost|p1a: Dondozo\n|\n|-heal|p1a: Dondozo|27\/100|[from] item: Leftovers\n|-heal|p2b: Garganacl|54\/100|[from] item: Leftovers\n|-damage|p1a: Dondozo|15\/100|[from] Salt Cure\n|upkeep\n|turn|9\n|\n|t:|1683250969\n|move|p2a: Amoonguss|Protect|p2a: Amoonguss\n|-singleturn|p2a: Amoonguss|Protect\n|move|p1a: Dondozo|Order Up|p2a: Amoonguss\n|-activate|p2a: Amoonguss|move: Protect\n|move|p2b: Garganacl|Recover|p2b: Garganacl\n|-heal|p2b: Garganacl|100\/100\n|\n|-heal|p1a: Dondozo|21\/100|[from] item: Leftovers\n|-damage|p1a: Dondozo|8\/100|[from] Salt Cure\n|upkeep\n|turn|10\n|\n|t:|1683250983\n|move|p1a: Dondozo|Earthquake|p2a: Amoonguss|[spread] p2a,p2b\n|-miss|p1a: Dondozo|p1b: Tatsugiri\n|-supereffective|p2b: Garganacl\n|-damage|p2a: Amoonguss|27\/100\n|-damage|p2b: Garganacl|74\/100\n|move|p2b: Garganacl|Salt Cure|p1a: Dondozo\n|-damage|p1a: Dondozo|0 fnt\n|faint|p1a: Dondozo\n|move|p2a: Amoonguss|Spore|p1b: Tatsugiri\n|-status|p1b: Tatsugiri|slp|[from] move: Spore\n|\n|-heal|p2b: Garganacl|80\/100|[from] item: Leftovers\n|upkeep\n|\n|t:|1683250996\n|switch|p1a: Wraith|Flutter Mane, L50, shiny|100\/100\n|turn|11\n|\n|t:|1683251008\n|switch|p1b: Hanbei|Pawmot, L50, M, shiny|100\/100\n|switch|p2a: Iron Hands|Iron Hands, L50|73\/100\n|move|p1a: Wraith|Moonblast|p2a: Iron Hands\n|-supereffective|p2a: Iron Hands\n|-damage|p2a: Iron Hands|2\/100\n|move|p2b: Garganacl|Salt Cure|p1a: Wraith\n|-damage|p1a: Wraith|75\/100\n|-start|p1a: Wraith|Salt Cure\n|\n|-heal|p2b: Garganacl|86\/100|[from] item: Leftovers\n|-damage|p1a: Wraith|63\/100|[from] Salt Cure\n|upkeep\n|turn|12\n|l| jodiocorner\n|j| naughtygirl-chan\n|inactive|D-Wrecks has 30 seconds left.\n|\n|t:|1683251036\n|-end|p1a: Wraith|Protosynthesis|[silent]\n|switch|p1a: Tatsugiri|Tatsugiri, L50, M, shiny|100\/100 slp\n|move|p1b: Hanbei|Fake Out|p2a: Iron Hands\n|-crit|p2a: Iron Hands\n|-damage|p2a: Iron Hands|0 fnt\n|faint|p2a: Iron Hands\n|-end|p2a: Iron Hands|Quark Drive|[silent]\n|move|p2b: Garganacl|Salt Cure|p1b: Hanbei\n|-resisted|p1b: Hanbei\n|-damage|p1b: Hanbei|90\/100\n|-start|p1b: Hanbei|Salt Cure\n|\n|-heal|p2b: Garganacl|92\/100|[from] item: Leftovers\n|-damage|p1b: Hanbei|78\/100|[from] Salt Cure\n|upkeep\n|\n|t:|1683251051\n|switch|p2a: Flutter Mane|Flutter Mane, L50|100\/100\n|-enditem|p2a: Flutter Mane|Booster Energy\n|-activate|p2a: Flutter Mane|ability: Protosynthesis|[fromitem]\n|-start|p2a: Flutter Mane|protosynthesisspe\n|turn|13\n|-message|D-Wrecks forfeited.\n|\n|win|kanotakekanotake\n|raw|D-Wrecks's rating: 1619 → 1602<\/strong> (-17 for losing)\n|raw|kanotakekanotake's rating: 1679 → 1696<\/strong> (+17 for winning)\n|l|\u2606D-Wrecks\n","uploadtime":1683251075,"views":12,"p1id":"dwrecks","p2id":"kanotakekanotake","formatid":"gen9vgc2023regulationc","rating":1602,"private":0,"password":""}