{"id":"gen9vgc2023regulationc-1847215358","p1":"mortinf326","p2":"xlesvly","format":"[Gen 9] VGC 2023 Regulation C","log":"|j|\u2606mortinf326\n|j|\u2606xlesvly\n|t:|1681928473\n|gametype|doubles\n|player|p1|mortinf326|169|1054\n|player|p2|xlesvly|iris|1152\n|teamsize|p1|6\n|teamsize|p2|6\n|gen|9\n|tier|[Gen 9] VGC 2023 Regulation C\n|rated|\n|rule|Species Clause: Limit one of each Pok\u00e9mon\n|rule|Item Clause: Limit one of each item\n|clearpoke\n|poke|p1|Amoonguss, L50, M|\n|poke|p1|Arcanine, L50, F|\n|poke|p1|Roaring Moon, L50|\n|poke|p1|Gholdengo, L50|\n|poke|p1|Iron Hands, L50|\n|poke|p1|Iron Bundle, L50|\n|poke|p2|Flutter Mane, L50|\n|poke|p2|Talonflame, L50, M|\n|poke|p2|Great Tusk, L50|\n|poke|p2|Roaring Moon, L50|\n|poke|p2|Dragonite, L50, M|\n|poke|p2|Amoonguss, L50, F|\n|teampreview|4\n|\n|t:|1681928527\n|start\n|switch|p1a: Roaring Moon|Roaring Moon, L50|100\/100\n|switch|p1b: Amoonguss|Amoonguss, L50, M, shiny|100\/100\n|switch|p2a: Angrybird|Talonflame, L50, M|100\/100\n|switch|p2b: Rockrock|Great Tusk, L50|100\/100\n|-enditem|p1a: Roaring Moon|Booster Energy\n|-activate|p1a: Roaring Moon|ability: Protosynthesis|[fromitem]\n|-start|p1a: Roaring Moon|protosynthesisatk\n|turn|1\n|\n|t:|1681928560\n|-terastallize|p1b: Amoonguss|Water\n|move|p2b: Rockrock|Rock Slide|p1b: Amoonguss|[spread] p1a,p1b\n|-damage|p1a: Roaring Moon|77\/100\n|-damage|p1b: Amoonguss|84\/100\n|move|p2a: Angrybird|Taunt|p1b: Amoonguss\n|-start|p1b: Amoonguss|move: Taunt\n|cant|p1a: Roaring Moon|flinch\n|cant|p1b: Amoonguss|move: Taunt|Spore\n|\n|upkeep\n|turn|2\n|\n|t:|1681928589\n|switch|p1b: Iron Hands|Iron Hands, L50|100\/100\n|move|p2b: Rockrock|Rock Slide|p1b: Iron Hands|[spread] p1a,p1b\n|-resisted|p1b: Iron Hands\n|-damage|p1a: Roaring Moon|53\/100\n|-damage|p1b: Iron Hands|94\/100\n|move|p2a: Angrybird|Will-O-Wisp|p1a: Roaring Moon|[miss]\n|-miss|p2a: Angrybird|p1a: Roaring Moon\n|move|p1a: Roaring Moon|Acrobatics|p2b: Rockrock\n|-supereffective|p2b: Rockrock\n|-damage|p2b: Rockrock|25\/100\n|\n|upkeep\n|turn|3\n|\n|t:|1681928620\n|-end|p2b: Rockrock|Protosynthesis|[silent]\n|switch|p2b: Shroom|Amoonguss, L50, F|100\/100\n|move|p1b: Iron Hands|Fake Out|p2a: Angrybird\n|-damage|p2a: Angrybird|79\/100\n|cant|p2a: Angrybird|flinch\n|move|p1a: Roaring Moon|Acrobatics|p2b: Shroom\n|-supereffective|p2b: Shroom\n|-damage|p2b: Shroom|12\/100\n|-enditem|p2b: Shroom|Sitrus Berry|[eat]\n|-heal|p2b: Shroom|37\/100|[from] item: Sitrus Berry\n|\n|upkeep\n|turn|4\n|\n|t:|1681928642\n|move|p1a: Roaring Moon|Protect|p1a: Roaring Moon\n|-singleturn|p1a: Roaring Moon|Protect\n|move|p2b: Shroom|Protect|p2b: Shroom\n|-singleturn|p2b: Shroom|Protect\n|move|p2a: Angrybird|Brave Bird|p1b: Iron Hands\n|-damage|p1b: Iron Hands|72\/100\n|-damage|p2a: Angrybird|69\/100|[from] Recoil\n|move|p1b: Iron Hands|Wild Charge|p2a: Angrybird\n|-supereffective|p2a: Angrybird\n|-damage|p2a: Angrybird|0 fnt\n|faint|p2a: Angrybird\n|-damage|p1b: Iron Hands|60\/100|[from] Recoil\n|\n|upkeep\n|\n|t:|1681928659\n|switch|p2a: Dragonite|Dragonite, L50, M|100\/100\n|turn|5\n|\n|t:|1681928676\n|move|p1a: Roaring Moon|Acrobatics|p2b: Shroom\n|-supereffective|p2b: Shroom\n|-damage|p2b: Shroom|0 fnt\n|faint|p2b: Shroom\n|move|p2a: Dragonite|Outrage|p1b: Iron Hands\n|-damage|p1b: Iron Hands|0 fnt\n|faint|p1b: Iron Hands\n|-end|p1b: Iron Hands|Quark Drive|[silent]\n|\n|upkeep\n|\n|t:|1681928685\n|switch|p1b: Iron Bundle|Iron Bundle, L50|100\/100\n|switch|p2b: Rockrock|Great Tusk, L50|25\/100\n|turn|6\n|\n|t:|1681928703\n|-terastallize|p2b: Rockrock|Steel\n|move|p2b: Rockrock|Earthquake|p1a: Roaring Moon|[spread] p1a,p1b\n|-immune|p2a: Dragonite\n|-damage|p1a: Roaring Moon|0 fnt\n|-damage|p1b: Iron Bundle|55\/100\n|faint|p1a: Roaring Moon\n|-end|p1a: Roaring Moon|Protosynthesis|[silent]\n|move|p1b: Iron Bundle|Freeze-Dry|p2a: Dragonite\n|-supereffective|p2a: Dragonite\n|-damage|p2a: Dragonite|36\/100\n|move|p2a: Dragonite|Outrage|p1b: Iron Bundle|[from]lockedmove\n|-damage|p1b: Iron Bundle|0 fnt\n|faint|p1b: Iron Bundle\n|-end|p1b: Iron Bundle|Quark Drive|[silent]\n|\n|upkeep\n|\n|t:|1681928712\n|switch|p1b: Amoonguss|Amoonguss, L50, M, shiny, tera:Water|100\/100\n|turn|7\n|-message|mortinf326 forfeited.\n|\n|win|xlesvly\n|raw|mortinf326's rating: 1054 → 1041<\/strong> (-13 for losing)\n|raw|xlesvly's rating: 1152 → 1170<\/strong> (+18 for winning)\n|l|\u2606mortinf326\n","uploadtime":1681928742,"views":6,"p1id":"mortinf326","p2id":"xlesvly","formatid":"gen9vgc2023regulationc","rating":1041,"private":0,"password":""}