{"id":"gen9vgc2023regulationc-1846508777","p1":"Vesley","p2":"Roserade555","format":"[Gen 9] VGC 2023 Regulation C","log":"|j|\u2606Vesley\n|j|\u2606Roserade555\n|t:|1681846899\n|gametype|doubles\n|player|p1|Vesley|wallace|1252\n|player|p2|Roserade555|102|1173\n|teamsize|p1|6\n|teamsize|p2|6\n|gen|9\n|tier|[Gen 9] VGC 2023 Regulation C\n|rated|\n|rule|Species Clause: Limit one of each Pok\u00e9mon\n|rule|Item Clause: Limit one of each item\n|clearpoke\n|poke|p1|Dachsbun, L50, F|\n|poke|p1|Chi-Yu, L50|\n|poke|p1|Iron Moth, L50|\n|poke|p1|Kingambit, L50, M|\n|poke|p1|Azumarill, L50, F|\n|poke|p1|Arboliva, L50, F|\n|poke|p2|Amoonguss, L50, F|\n|poke|p2|Arcanine, L50, F|\n|poke|p2|Iron Bundle, L50|\n|poke|p2|Flutter Mane, L50|\n|poke|p2|Dragonite, L50, M|\n|poke|p2|Garchomp, L50, F|\n|teampreview|4\n|c|\u2606Vesley|glhf\n|c|\u2606Roserade555|gl hf\n|\n|t:|1681846943\n|start\n|switch|p1a: Chi-Yu|Chi-Yu, L50|100\/100\n|switch|p1b: Dachsbun|Dachsbun, L50, F|100\/100\n|switch|p2a: Amoonguss|Amoonguss, L50, F|100\/100\n|switch|p2b: Iron Bundle|Iron Bundle, L50|100\/100\n|-ability|p1a: Chi-Yu|Beads of Ruin\n|turn|1\n|\n|t:|1681846972\n|-terastallize|p1a: Chi-Yu|Grass\n|-terastallize|p2a: Amoonguss|Water\n|move|p2b: Iron Bundle|Hydro Pump|p1a: Chi-Yu\n|-resisted|p1a: Chi-Yu\n|-damage|p1a: Chi-Yu|67\/100\n|move|p1a: Chi-Yu|Lava Plume|p2b: Iron Bundle|[spread] p2a,p2b\n|-ability|p1b: Dachsbun|Well-Baked Body|boost\n|-boost|p1b: Dachsbun|def|2\n|-resisted|p2a: Amoonguss\n|-crit|p2a: Amoonguss\n|-damage|p2a: Amoonguss|75\/100\n|-damage|p2b: Iron Bundle|18\/100\n|move|p1b: Dachsbun|Substitute|p1b: Dachsbun\n|-start|p1b: Dachsbun|Substitute\n|-damage|p1b: Dachsbun|75\/100\n|move|p2a: Amoonguss|Spore||[still]\n|-fail|p2a: Amoonguss\n|\n|-heal|p1b: Dachsbun|82\/100|[from] item: Leftovers\n|upkeep\n|turn|2\n|\n|t:|1681847038\n|move|p1a: Chi-Yu|Protect|p1a: Chi-Yu\n|-singleturn|p1a: Chi-Yu|Protect\n|move|p2b: Iron Bundle|Encore|p1b: Dachsbun\n|-start|p1b: Dachsbun|Encore\n|move|p1b: Dachsbun|Substitute|p1b: Dachsbun\n|-fail|p1b: Dachsbun|move: Substitute\n|move|p2a: Amoonguss|Pollen Puff|p1a: Chi-Yu\n|-activate|p1a: Chi-Yu|move: Protect\n|\n|-heal|p1b: Dachsbun|88\/100|[from] item: Leftovers\n|upkeep\n|turn|3\n|\n|t:|1681847055\n|switch|p1a: Azumarill|Azumarill, L50, F|100\/100\n|move|p2b: Iron Bundle|Freeze-Dry|p1a: Azumarill\n|-supereffective|p1a: Azumarill\n|-damage|p1a: Azumarill|33\/100\n|-status|p1a: Azumarill|frz\n|-enditem|p1a: Azumarill|Sitrus Berry|[eat]\n|-heal|p1a: Azumarill|57\/100 frz|[from] item: Sitrus Berry\n|move|p1b: Dachsbun|Substitute|p1b: Dachsbun\n|-fail|p1b: Dachsbun|move: Substitute\n|move|p2a: Amoonguss|Pollen Puff|p2b: Iron Bundle\n|-heal|p2b: Iron Bundle|68\/100\n|\n|-heal|p1b: Dachsbun|94\/100|[from] item: Leftovers\n|upkeep\n|turn|4\n|\n|t:|1681847079\n|move|p2b: Iron Bundle|Freeze-Dry|p1a: Azumarill\n|-supereffective|p1a: Azumarill\n|-damage|p1a: Azumarill|0 fnt\n|faint|p1a: Azumarill\n|move|p1b: Dachsbun|Substitute|p1b: Dachsbun\n|-fail|p1b: Dachsbun|move: Substitute\n|move|p2a: Amoonguss|Pollen Puff|p2b: Iron Bundle\n|-heal|p2b: Iron Bundle|100\/100\n|\n|-heal|p1b: Dachsbun|99\/100|[from] item: Leftovers\n|-end|p1b: Dachsbun|Encore\n|upkeep\n|\n|t:|1681847091\n|switch|p1a: Iron Moth|Iron Moth, L50|100\/100\n|-enditem|p1a: Iron Moth|Booster Energy\n|-activate|p1a: Iron Moth|ability: Quark Drive|[fromitem]\n|-start|p1a: Iron Moth|quarkdrivespe\n|turn|5\n|\n|t:|1681847108\n|move|p1a: Iron Moth|Sludge Wave|p2b: Iron Bundle|[spread] p1b,p2a,p2b\n|-supereffective|p1b: Dachsbun\n|-end|p1b: Dachsbun|Substitute\n|-damage|p2a: Amoonguss|44\/100\n|-damage|p2b: Iron Bundle|34\/100\n|-enditem|p2a: Amoonguss|Sitrus Berry|[eat]\n|-heal|p2a: Amoonguss|69\/100|[from] item: Sitrus Berry\n|move|p2b: Iron Bundle|Encore|p1b: Dachsbun\n|-start|p1b: Dachsbun|Encore\n|move|p1b: Dachsbun|Substitute|p1b: Dachsbun\n|-start|p1b: Dachsbun|Substitute\n|-damage|p1b: Dachsbun|75\/100\n|move|p2a: Amoonguss|Spore|p1a: Iron Moth\n|-status|p1a: Iron Moth|slp|[from] move: Spore\n|\n|-heal|p1b: Dachsbun|81\/100|[from] item: Leftovers\n|upkeep\n|turn|6\n|\n|t:|1681847132\n|switch|p1b: Chi-Yu|Chi-Yu, L50, tera:Grass|67\/100\n|-ability|p1b: Chi-Yu|Beads of Ruin\n|cant|p1a: Iron Moth|slp\n|move|p2b: Iron Bundle|Hydro Pump|p1a: Iron Moth\n|-supereffective|p1a: Iron Moth\n|-damage|p1a: Iron Moth|0 fnt\n|faint|p1a: Iron Moth\n|-end|p1a: Iron Moth|Quark Drive|[silent]\n|move|p2a: Amoonguss|Pollen Puff|p2b: Iron Bundle\n|-heal|p2b: Iron Bundle|84\/100\n|\n|upkeep\n|\n|t:|1681847144\n|switch|p1a: Dachsbun|Dachsbun, L50, F|81\/100\n|turn|7\n|\n|t:|1681847163\n|move|p2b: Iron Bundle|Freeze-Dry|p1b: Chi-Yu\n|-supereffective|p1b: Chi-Yu\n|-damage|p1b: Chi-Yu|0 fnt\n|faint|p1b: Chi-Yu\n|move|p1a: Dachsbun|Body Press|p2b: Iron Bundle\n|-supereffective|p2b: Iron Bundle\n|-damage|p2b: Iron Bundle|31\/100\n|move|p2a: Amoonguss|Spore|p1a: Dachsbun\n|-status|p1a: Dachsbun|slp|[from] move: Spore\n|\n|-heal|p1a: Dachsbun|87\/100 slp|[from] item: Leftovers\n|upkeep\n|turn|8\n|-message|Vesley forfeited.\n|\n|win|Roserade555\n|raw|Vesley's rating: 1252 → 1221<\/strong> (-31 for losing)\n|raw|Roserade555's rating: 1173 → 1204<\/strong> (+31 for winning)\n|l|\u2606Vesley\n","uploadtime":1681848925,"views":7,"p1id":"vesley","p2id":"roserade555","formatid":"gen9vgc2023regulationc","rating":1204,"private":0,"password":""}