{"id":"gen9vgc2023regulationc-1861106704","p1":"ShitTierPro","p2":"AfuroVictini","format":"[Gen 9] VGC 2023 Regulation C","log":"|j|\u2606ShitTierPro\n|j|\u2606AfuroVictini\n|t:|1683727127\n|gametype|doubles\n|player|p1|ShitTierPro|170|1140\n|player|p2|AfuroVictini|miriam|1202\n|teamsize|p1|6\n|teamsize|p2|6\n|gen|9\n|tier|[Gen 9] VGC 2023 Regulation C\n|rated|\n|rule|Species Clause: Limit one of each Pok\u00e9mon\n|rule|Item Clause: Limit one of each item\n|clearpoke\n|poke|p1|Lycanroc-Dusk, L50, M|\n|poke|p1|Rotom-Wash, L50|\n|poke|p1|Sandaconda, L50, M|\n|poke|p1|Chien-Pao, L50|\n|poke|p1|Palafin, L50, F|\n|poke|p1|Pelipper, L50, F|\n|poke|p2|Meowscarada, L50, F|\n|poke|p2|Tauros-Paldea-Aqua, L50, M|\n|poke|p2|Amoonguss, L50, M|\n|poke|p2|Talonflame, L50, M|\n|poke|p2|Chien-Pao, L50|\n|poke|p2|Flutter Mane, L50|\n|teampreview|4\n|inactive|Battle timer is ON: inactive players will automatically lose when time's up. (requested by ShitTierPro)\n|inactive|ShitTierPro has 60 seconds left.\n|\n|t:|1683727186\n|start\n|switch|p1a: Rotom|Rotom-Wash, L50|100\/100\n|switch|p1b: Lycanroc|Lycanroc-Dusk, L50, M|100\/100\n|switch|p2a: Meowscarada|Meowscarada, L50, F|100\/100\n|switch|p2b: Tauros|Tauros-Paldea-Aqua, L50, M|100\/100\n|turn|1\n|\n|t:|1683727204\n|move|p1b: Lycanroc|Protect|p1b: Lycanroc\n|-singleturn|p1b: Lycanroc|Protect\n|move|p2a: Meowscarada|Flower Trick|p1a: Rotom\n|-start|p2a: Meowscarada|typechange|Grass|[from] ability: Protean\n|-supereffective|p1a: Rotom\n|-crit|p1a: Rotom\n|-damage|p1a: Rotom|1\/100\n|-enditem|p1a: Rotom|Sitrus Berry|[eat]\n|-heal|p1a: Rotom|26\/100|[from] item: Sitrus Berry\n|move|p2b: Tauros|Raging Bull|p1b: Lycanroc\n|-activate|p1b: Lycanroc|move: Protect\n|move|p1a: Rotom|Will-O-Wisp|p2a: Meowscarada\n|-status|p2a: Meowscarada|brn\n|\n|-damage|p2a: Meowscarada|95\/100 brn|[from] brn\n|upkeep\n|turn|2\n|inactive|ShitTierPro has 30 seconds left.\n|\n|t:|1683727234\n|switch|p1b: Chien-Pao|Chien-Pao, L50|100\/100\n|-ability|p1b: Chien-Pao|Sword of Ruin\n|-terastallize|p2b: Tauros|Steel\n|move|p2a: Meowscarada|Flower Trick|p2b: Tauros\n|-resisted|p2b: Tauros\n|-crit|p2b: Tauros\n|-damage|p2b: Tauros|82\/100\n|-setboost|p2b: Tauros|atk|6|[from] ability: Anger Point\n|move|p2b: Tauros|Raging Bull|p1b: Chien-Pao\n|-enditem|p1b: Chien-Pao|Focus Sash\n|-damage|p1b: Chien-Pao|1\/100\n|-damage|p2b: Tauros|72\/100|[from] item: Life Orb\n|move|p1a: Rotom|Will-O-Wisp|p2b: Tauros\n|-status|p2b: Tauros|brn\n|\n|-damage|p2a: Meowscarada|89\/100 brn|[from] brn\n|-damage|p2b: Tauros|66\/100 brn|[from] brn\n|upkeep\n|turn|3\n|inactive|ShitTierPro has 30 seconds left.\n|inactive|ShitTierPro has 20 seconds left.\n|\n|t:|1683727271\n|switch|p1a: Palafin|Palafin, L50, F|100\/100\n|move|p2a: Meowscarada|Flower Trick|p1b: Chien-Pao\n|-crit|p1b: Chien-Pao\n|-damage|p1b: Chien-Pao|0 fnt\n|faint|p1b: Chien-Pao\n|move|p2b: Tauros|Iron Head|p1a: Palafin\n|-resisted|p1a: Palafin\n|-damage|p1a: Palafin|45\/100\n|-damage|p2b: Tauros|56\/100 brn|[from] item: Life Orb\n|\n|-damage|p2a: Meowscarada|83\/100 brn|[from] brn\n|-damage|p2b: Tauros|50\/100 brn|[from] brn\n|upkeep\n|\n|t:|1683727283\n|switch|p1b: Lycanroc|Lycanroc-Dusk, L50, M|100\/100\n|turn|4\n|inactive|ShitTierPro has 30 seconds left.\n|\n|t:|1683727311\n|detailschange|p1a: Palafin|Palafin-Hero, L50, F\n|switch|p1a: Rotom|Rotom-Wash, L50|26\/100\n|-terastallize|p1b: Lycanroc|Grass\n|move|p2a: Meowscarada|Flower Trick|p1a: Rotom\n|-supereffective|p1a: Rotom\n|-crit|p1a: Rotom\n|-damage|p1a: Rotom|0 fnt\n|faint|p1a: Rotom\n|move|p1b: Lycanroc|Close Combat|p2b: Tauros\n|-supereffective|p2b: Tauros\n|-damage|p2b: Tauros|0 fnt\n|-unboost|p1b: Lycanroc|def|1\n|-unboost|p1b: Lycanroc|spd|1\n|faint|p2b: Tauros\n|\n|-damage|p2a: Meowscarada|77\/100 brn|[from] brn\n|upkeep\n|\n|t:|1683727321\n|switch|p2b: Talonflame|Talonflame, L50, M|100\/100\n|switch|p1a: Palafin|Palafin-Hero, L50, F|45\/100\n|-activate|p1a: Palafin|ability: Zero to Hero\n|turn|5\n|\n|t:|1683727345\n|move|p2b: Talonflame|Brave Bird|p1b: Lycanroc\n|-supereffective|p1b: Lycanroc\n|-damage|p1b: Lycanroc|0 fnt\n|faint|p1b: Lycanroc\n|-damage|p2b: Talonflame|68\/100|[from] Recoil\n|move|p1a: Palafin|Jet Punch|p2b: Talonflame\n|-supereffective|p2b: Talonflame\n|-damage|p2b: Talonflame|0 fnt\n|faint|p2b: Talonflame\n|move|p2a: Meowscarada|Flower Trick|p1a: Palafin\n|-supereffective|p1a: Palafin\n|-crit|p1a: Palafin\n|-damage|p1a: Palafin|3\/100\n|\n|-damage|p2a: Meowscarada|71\/100 brn|[from] brn\n|upkeep\n|\n|t:|1683727349\n|switch|p2b: Flutter Mane|Flutter Mane, L50|100\/100\n|-enditem|p2b: Flutter Mane|Booster Energy\n|-activate|p2b: Flutter Mane|ability: Protosynthesis|[fromitem]\n|-start|p2b: Flutter Mane|protosynthesisspe\n|turn|6\n|\n|t:|1683727355\n|move|p1a: Palafin|Jet Punch|p2b: Flutter Mane\n|-damage|p2b: Flutter Mane|24\/100\n|move|p2b: Flutter Mane|Shadow Ball|p1a: Palafin\n|-damage|p1a: Palafin|0 fnt\n|faint|p1a: Palafin\n|\n|win|AfuroVictini\n|raw|ShitTierPro's rating: 1140 → 1119<\/strong> (-21 for losing)\n|raw|AfuroVictini's rating: 1202 → 1223<\/strong> (+21 for winning)\n|l|\u2606ShitTierPro\n|j|\u2606ShitTierPro\n|player|p1|ShitTierPro|170\n|l|\u2606ShitTierPro\n|player|p1|\n","uploadtime":1683727361,"views":13,"p1id":"shittierpro","p2id":"afurovictini","formatid":"gen9vgc2023regulationc","rating":1119,"private":0,"password":""}