{"id":"gen9vgc2023regulationc-1849841844","p1":"Kenepa21","p2":"BlindMagneton","format":"[Gen 9] VGC 2023 Regulation C","log":"|j|\u2606Kenepa21\n|j|\u2606BlindMagneton\n|t:|1682259436\n|gametype|doubles\n|player|p1|Kenepa21|169|1407\n|player|p2|BlindMagneton|wattson|1360\n|teamsize|p1|6\n|teamsize|p2|6\n|gen|9\n|tier|[Gen 9] VGC 2023 Regulation C\n|rated|\n|rule|Species Clause: Limit one of each Pok\u00e9mon\n|rule|Item Clause: Limit one of each item\n|clearpoke\n|poke|p1|Ceruledge, L50, M|\n|poke|p1|Flutter Mane, L50|\n|poke|p1|Maushold-Four, L50|\n|poke|p1|Iron Hands, L50|\n|poke|p1|Palafin, L50, M|\n|poke|p1|Iron Jugulis, L50|\n|poke|p2|Iron Valiant, L50|\n|poke|p2|Wo-Chien, L50|\n|poke|p2|Maushold, L50|\n|poke|p2|Grimmsnarl, L50, M|\n|poke|p2|Chien-Pao, L50|\n|poke|p2|Dragapult, L50, M|\n|teampreview|4\nKenepa21 has agreed to open team sheets.\n|\n|t:|1682259480\n|start\n|switch|p1a: Flutter Mane|Flutter Mane, L50|100\/100\n|switch|p1b: Maushold|Maushold-Four, L50|100\/100\n|switch|p2a: Grimmsnarl|Grimmsnarl, L50, M|100\/100\n|switch|p2b: Wo-Chien|Wo-Chien, L50|100\/100\n|-ability|p2b: Wo-Chien|Tablets of Ruin\n|turn|1\n|\n|t:|1682259518\n|-terastallize|p1a: Flutter Mane|Fairy\n|-terastallize|p2b: Wo-Chien|Fire\n|move|p2a: Grimmsnarl|Fake Out|p1b: Maushold\n|-damage|p1b: Maushold|87\/100\n|cant|p1b: Maushold|flinch\n|move|p1a: Flutter Mane|Moonblast|p2a: Grimmsnarl\n|-supereffective|p2a: Grimmsnarl\n|-enditem|p2a: Grimmsnarl|Focus Sash\n|-damage|p2a: Grimmsnarl|1\/100\n|move|p2b: Wo-Chien|Leech Seed|p1a: Flutter Mane\n|-start|p1a: Flutter Mane|move: Leech Seed\n|\n|-damage|p1a: Flutter Mane|89\/100|[from] Leech Seed|[of] p2b: Wo-Chien\n|upkeep\n|turn|2\n|\n|t:|1682259548\n|move|p2a: Grimmsnarl|Thunder Wave|p1b: Maushold\n|-status|p1b: Maushold|par\n|move|p1a: Flutter Mane|Moonblast|p2a: Grimmsnarl\n|-supereffective|p2a: Grimmsnarl\n|-damage|p2a: Grimmsnarl|0 fnt\n|faint|p2a: Grimmsnarl\n|move|p2b: Wo-Chien|Leech Seed|p1b: Maushold|[miss]\n|-miss|p2b: Wo-Chien|p1b: Maushold\n|move|p1b: Maushold|Super Fang|p2b: Wo-Chien\n|-damage|p2b: Wo-Chien|50\/100\n|\n|-damage|p1a: Flutter Mane|77\/100|[from] Leech Seed|[of] p2b: Wo-Chien\n|-heal|p2b: Wo-Chien|64\/100|[silent]\n|upkeep\n|\n|t:|1682259565\n|switch|p2a: Iron Valiant|Iron Valiant, L50|100\/100\n|-enditem|p2a: Iron Valiant|Booster Energy\n|-activate|p2a: Iron Valiant|ability: Quark Drive|[fromitem]\n|-start|p2a: Iron Valiant|quarkdrivespe\n|turn|3\n|\n|t:|1682259574\n|cant|p1b: Maushold|par\n|move|p2a: Iron Valiant|Imprison|p2a: Iron Valiant\n|-start|p2a: Iron Valiant|move: Imprison\n|cant|p1a: Flutter Mane|move: Imprison|Moonblast\n|move|p2b: Wo-Chien|Leech Seed|p1b: Maushold|[miss]\n|-miss|p2b: Wo-Chien|p1b: Maushold\n|\n|-damage|p1a: Flutter Mane|65\/100|[from] Leech Seed|[of] p2b: Wo-Chien\n|-heal|p2b: Wo-Chien|77\/100|[silent]\n|upkeep\n|turn|4\n|\n|t:|1682259604\n|-end|p1a: Flutter Mane|Protosynthesis|[silent]\n|switch|p1a: Ceruledge|Ceruledge, L50, M|100\/100\n|move|p2a: Iron Valiant|Moonblast|p1a: Ceruledge\n|-resisted|p1a: Ceruledge\n|-damage|p1a: Ceruledge|86\/100\n|move|p2b: Wo-Chien|Giga Drain|p1a: Ceruledge\n|-resisted|p1a: Ceruledge\n|-damage|p1a: Ceruledge|77\/100\n|-heal|p2b: Wo-Chien|82\/100|[from] drain|[of] p1a: Ceruledge\n|move|p1b: Maushold|Super Fang|p2a: Iron Valiant|[miss]\n|-miss|p1b: Maushold|p2a: Iron Valiant\n|\n|upkeep\n|turn|5\n|\n|t:|1682259639\n|move|p1b: Maushold|Follow Me|p1b: Maushold\n|-singleturn|p1b: Maushold|move: Follow Me\n|move|p2a: Iron Valiant|Drain Punch|p1b: Maushold\n|-supereffective|p1b: Maushold\n|-damage|p1b: Maushold|23\/100 par\n|move|p1a: Ceruledge|Bulk Up|p1a: Ceruledge\n|-boost|p1a: Ceruledge|atk|1\n|-boost|p1a: Ceruledge|def|1\n|move|p2b: Wo-Chien|Foul Play|p1b: Maushold\n|-damage|p1b: Maushold|0 fnt\n|faint|p1b: Maushold\n|\n|upkeep\n|\n|t:|1682259653\n|switch|p1b: Iron Jugulis|Iron Jugulis, L50|100\/100\n|-enditem|p1b: Iron Jugulis|Booster Energy\n|-activate|p1b: Iron Jugulis|ability: Quark Drive|[fromitem]\n|-start|p1b: Iron Jugulis|quarkdrivespe\n|turn|6\n|\n|t:|1682259680\n|move|p1b: Iron Jugulis|Protect|p1b: Iron Jugulis\n|-singleturn|p1b: Iron Jugulis|Protect\n|move|p2a: Iron Valiant|Moonblast|p1b: Iron Jugulis\n|-activate|p1b: Iron Jugulis|move: Protect\n|move|p1a: Ceruledge|Bitter Blade|p2a: Iron Valiant\n|-damage|p2a: Iron Valiant|33\/100\n|-heal|p1a: Ceruledge|100\/100|[from] drain|[of] p2a: Iron Valiant\n|move|p2b: Wo-Chien|Foul Play|p1a: Ceruledge\n|-supereffective|p1a: Ceruledge\n|-damage|p1a: Ceruledge|0 fnt\n|faint|p1a: Ceruledge\n|\n|upkeep\n|\n|t:|1682259693\n|switch|p1a: Flutter Mane|Flutter Mane, L50, tera:Fairy|65\/100\n|turn|7\n|\n|t:|1682259711\n|move|p2a: Iron Valiant|Moonblast|p1b: Iron Jugulis\n|-supereffective|p1b: Iron Jugulis\n|-damage|p1b: Iron Jugulis|9\/100\n|move|p1b: Iron Jugulis|Air Slash|p2a: Iron Valiant\n|-supereffective|p2a: Iron Valiant\n|-damage|p2a: Iron Valiant|0 fnt\n|faint|p2a: Iron Valiant\n|-end|p2a: Iron Valiant|Quark Drive|[silent]\n|move|p1a: Flutter Mane|Shadow Ball|p2b: Wo-Chien\n|-damage|p2b: Wo-Chien|49\/100\n|move|p2b: Wo-Chien|Leech Seed|p1a: Flutter Mane|[miss]\n|-miss|p2b: Wo-Chien|p1a: Flutter Mane\n|\n|upkeep\n|\n|t:|1682259722\n|switch|p2a: Dragapult|Dragapult, L50, M|100\/100\n|turn|8\n|\n|t:|1682259738\n|move|p1b: Iron Jugulis|Tailwind|p1b: Iron Jugulis\n|-sidestart|p1: Kenepa21|move: Tailwind\n|move|p1a: Flutter Mane|Shadow Ball|p2a: Dragapult\n|-supereffective|p2a: Dragapult\n|-damage|p2a: Dragapult|0 fnt\n|faint|p2a: Dragapult\n|move|p2b: Wo-Chien|Foul Play|p1b: Iron Jugulis\n|-resisted|p1b: Iron Jugulis\n|-damage|p1b: Iron Jugulis|0 fnt\n|faint|p1b: Iron Jugulis\n|-end|p1b: Iron Jugulis|Quark Drive|[silent]\n|\n|upkeep\n|turn|9\n|\n|t:|1682259751\n|move|p1a: Flutter Mane|Shadow Ball|p2b: Wo-Chien\n|-damage|p2b: Wo-Chien|13\/100\n|move|p2b: Wo-Chien|Leech Seed|p1a: Flutter Mane\n|-start|p1a: Flutter Mane|move: Leech Seed\n|\n|-damage|p1a: Flutter Mane|53\/100|[from] Leech Seed|[of] p2b: Wo-Chien\n|-heal|p2b: Wo-Chien|26\/100|[silent]\n|upkeep\n|turn|10\n|\n|t:|1682259759\n|move|p2b: Wo-Chien|Protect|p2b: Wo-Chien\n|-singleturn|p2b: Wo-Chien|Protect\n|move|p1a: Flutter Mane|Shadow Ball|p2b: Wo-Chien\n|-activate|p2b: Wo-Chien|move: Protect\n|\n|-damage|p1a: Flutter Mane|41\/100|[from] Leech Seed|[of] p2b: Wo-Chien\n|-heal|p2b: Wo-Chien|39\/100|[silent]\n|upkeep\n|turn|11\n|\n|t:|1682259767\n|move|p1a: Flutter Mane|Shadow Ball|p2b: Wo-Chien\n|-damage|p2b: Wo-Chien|7\/100\n|move|p2b: Wo-Chien|Giga Drain|p1a: Flutter Mane\n|-damage|p1a: Flutter Mane|19\/100\n|-heal|p2b: Wo-Chien|19\/100|[from] drain|[of] p1a: Flutter Mane\n|\n|-damage|p1a: Flutter Mane|7\/100|[from] Leech Seed|[of] p2b: Wo-Chien\n|-heal|p2b: Wo-Chien|32\/100|[silent]\n|-sideend|p1: Kenepa21|move: Tailwind\n|upkeep\n|turn|12\n|\n|t:|1682259776\n|move|p2b: Wo-Chien|Protect|p2b: Wo-Chien\n|-singleturn|p2b: Wo-Chien|Protect\n|move|p1a: Flutter Mane|Shadow Ball|p2b: Wo-Chien\n|-activate|p2b: Wo-Chien|move: Protect\n|\n|-damage|p1a: Flutter Mane|0 fnt|[from] Leech Seed|[of] p2b: Wo-Chien\n|-heal|p2b: Wo-Chien|39\/100|[silent]\n|faint|p1a: Flutter Mane\n|-end|p1a: Flutter Mane|Protosynthesis|[silent]\n|\n|win|BlindMagneton\n|upkeep\n|raw|Kenepa21's rating: 1407 → 1384<\/strong> (-23 for losing)\n|raw|BlindMagneton's rating: 1360 → 1383<\/strong> (+23 for winning)\n","uploadtime":1682259786,"views":17,"p1id":"kenepa21","p2id":"blindmagneton","formatid":"gen9vgc2023regulationc","rating":1383,"private":0,"password":""}