{"id":"gen9vgc2023regulationc-1862538460","p1":"bpinela","p2":"yandanielX","format":"[Gen 9] VGC 2023 Regulation C","log":"|j|\u2606bpinela\n|j|\u2606yandanielX\n|t:|1683898750\n|gametype|doubles\n|player|p1|bpinela|kimonogirl|\n|player|p2|yandanielX|169|\n|teamsize|p1|6\n|teamsize|p2|6\n|gen|9\n|tier|[Gen 9] VGC 2023 Regulation C\n|rule|Species Clause: Limit one of each Pok\u00e9mon\n|rule|Item Clause: Limit one of each item\n|clearpoke\n|poke|p1|Ting-Lu, L50|\n|poke|p1|Annihilape, L50, M|\n|poke|p1|Corviknight, L50, M|\n|poke|p1|Iron Moth, L50|\n|poke|p1|Grimmsnarl, L50, M|\n|poke|p1|Gholdengo, L50|\n|poke|p2|Talonflame, L50, F|\n|poke|p2|Amoonguss, L50, M|\n|poke|p2|Iron Bundle, L50|\n|poke|p2|Iron Hands, L50|\n|poke|p2|Annihilape, L50, M|\n|poke|p2|Orthworm, L50, M|\n|teampreview|4\n|c|\u2606bpinela|g2\nyandanielX has agreed to open team sheets.\nbpinela has agreed to open team sheets.\n|\n|t:|1683898820\n|start\n|switch|p1a: grindelwald|Grimmsnarl, L50, M|100\/100\n|switch|p1b: simba|Annihilape, L50, M|100\/100\n|switch|p2a: Talonflame|Talonflame, L50, F|100\/100\n|switch|p2b: Iron Hands|Iron Hands, L50|100\/100\n|turn|1\n|\n|t:|1683898889\n|switch|p1b: rj|Iron Moth, L50|100\/100\n|-enditem|p1b: rj|Booster Energy\n|-activate|p1b: rj|ability: Quark Drive|[fromitem]\n|-start|p1b: rj|quarkdrivespa\n|move|p1a: grindelwald|Reflect|p1a: grindelwald\n|-sidestart|p1: bpinela|Reflect\n|move|p2a: Talonflame|Will-O-Wisp|p1b: rj\n|-immune|p1b: rj\n|move|p2b: Iron Hands|Drain Punch|p1a: grindelwald\n|-damage|p1a: grindelwald|66\/100\n|\n|upkeep\n|turn|2\n|\n|t:|1683898932\n|move|p1b: rj|Protect|p1b: rj\n|-singleturn|p1b: rj|Protect\n|move|p2a: Talonflame|Tailwind|p2a: Talonflame\n|-sidestart|p2: yandanielX|move: Tailwind\n|move|p2b: Iron Hands|Stomping Tantrum|p1b: rj\n|-activate|p1b: rj|move: Protect\n|move|p1a: grindelwald|Spirit Break|p2b: Iron Hands\n|-supereffective|p2b: Iron Hands\n|-damage|p2b: Iron Hands|61\/100\n|-unboost|p2b: Iron Hands|spa|1\n|\n|upkeep\n|turn|3\n|\n|t:|1683898969\n|-end|p1b: rj|Quark Drive|[silent]\n|switch|p1b: angrybird|Corviknight, L50, M|100\/100\n|move|p2a: Talonflame|Brave Bird|p1a: grindelwald\n|-damage|p1a: grindelwald|39\/100\n|-damage|p2a: Talonflame|91\/100|[from] Recoil\n|move|p2b: Iron Hands|Stomping Tantrum|p1b: angrybird\n|-immune|p1b: angrybird\n|move|p1a: grindelwald|Spirit Break|p2b: Iron Hands\n|-supereffective|p2b: Iron Hands\n|-damage|p2b: Iron Hands|22\/100\n|-unboost|p2b: Iron Hands|spa|1\n|\n|upkeep\n|turn|4\n|\n|t:|1683899005\n|-end|p2b: Iron Hands|Quark Drive|[silent]\n|switch|p2b: Iron Bundle|Iron Bundle, L50|100\/100\n|move|p1a: grindelwald|Light Screen|p1a: grindelwald\n|-sidestart|p1: bpinela|move: Light Screen\n|move|p2a: Talonflame|Will-O-Wisp|p1a: grindelwald\n|-status|p1a: grindelwald|brn\n|move|p1b: angrybird|Tailwind|p1b: angrybird\n|-sidestart|p1: bpinela|move: Tailwind\n|\n|-damage|p1a: grindelwald|33\/100 brn|[from] brn\n|upkeep\n|turn|5\n|\n|t:|1683899025\n|move|p2b: Iron Bundle|Protect|p2b: Iron Bundle\n|-singleturn|p2b: Iron Bundle|Protect\n|move|p1a: grindelwald|Thunder Wave|p2b: Iron Bundle\n|-activate|p2b: Iron Bundle|move: Protect\n|move|p2a: Talonflame|Will-O-Wisp|p1b: angrybird\n|-status|p1b: angrybird|brn\n|-enditem|p1b: angrybird|Lum Berry|[eat]\n|-curestatus|p1b: angrybird|brn|[msg]\n|move|p1b: angrybird|Brave Bird|p2a: Talonflame\n|-damage|p2a: Talonflame|33\/100\n|-damage|p1b: angrybird|83\/100|[from] Recoil\n|\n|-damage|p1a: grindelwald|27\/100 brn|[from] brn\n|-sideend|p2: yandanielX|move: Tailwind\n|upkeep\n|turn|6\n|\n|t:|1683899065\n|move|p2a: Talonflame|Quick Guard|p2a: Talonflame\n|-singleturn|p2a: Talonflame|Quick Guard\n|move|p1b: angrybird|Brave Bird|p2a: Talonflame\n|-damage|p2a: Talonflame|0 fnt\n|faint|p2a: Talonflame\n|-damage|p1b: angrybird|74\/100|[from] Recoil\n|move|p2b: Iron Bundle|Hydro Pump|p1b: angrybird|[miss]\n|-miss|p2b: Iron Bundle|p1b: angrybird\n|move|p1a: grindelwald|Spirit Break|p2b: Iron Bundle\n|-damage|p2b: Iron Bundle|81\/100\n|-unboost|p2b: Iron Bundle|spa|1\n|\n|-damage|p1a: grindelwald|21\/100 brn|[from] brn\n|upkeep\n|\n|t:|1683899084\n|switch|p2a: Iron Hands|Iron Hands, L50|22\/100\n|turn|7\n|\n|t:|1683899102\n|move|p2a: Iron Hands|Fake Out|p1b: angrybird\n|-resisted|p1b: angrybird\n|-damage|p1b: angrybird|69\/100\n|move|p1a: grindelwald|Thunder Wave|p2b: Iron Bundle\n|-status|p2b: Iron Bundle|par\n|cant|p1b: angrybird|flinch\n|move|p2b: Iron Bundle|Hydro Pump|p1a: grindelwald\n|-damage|p1a: grindelwald|0 fnt\n|faint|p1a: grindelwald\n|\n|-sideend|p1: bpinela|move: Tailwind\n|upkeep\n|\n|t:|1683899127\n|switch|p1a: simba|Annihilape, L50, M|100\/100\n|turn|8\n|\n|t:|1683899208\n|move|p1a: simba|Drain Punch|p2b: Iron Bundle\n|-supereffective|p2b: Iron Bundle\n|-damage|p2b: Iron Bundle|0 fnt\n|faint|p2b: Iron Bundle\n|-end|p2b: Iron Bundle|Quark Drive|[silent]\n|move|p1b: angrybird|Brave Bird|p2a: Iron Hands\n|-damage|p2a: Iron Hands|0 fnt\n|faint|p2a: Iron Hands\n|-end|p2a: Iron Hands|Quark Drive|[silent]\n|-damage|p1b: angrybird|60\/100|[from] Recoil\n|\n|-sideend|p1: bpinela|Reflect\n|upkeep\n|\n|t:|1683899219\n|switch|p2a: Annihilape|Annihilape, L50, M|100\/100\n|turn|9\n|\n|t:|1683899229\n|-terastallize|p2a: Annihilape|Fire\n|move|p2a: Annihilape|Rage Fist|p1a: simba\n|-supereffective|p1a: simba\n|-damage|p1a: simba|54\/100\n|move|p1a: simba|Bulk Up|p1a: simba\n|-boost|p1a: simba|atk|1\n|-boost|p1a: simba|def|1\n|move|p1b: angrybird|Tailwind|p1b: angrybird\n|-sidestart|p1: bpinela|move: Tailwind\n|\n|upkeep\n|turn|10\n|c|\u2606yandanielX|gg kkk\n|c|\u2606bpinela|gg\n|c|\u2606bpinela|:)\n|c|\u2606yandanielX|queria testar algumas coisas dessetime\n|c|\u2606yandanielX|mas parece q a sinergia n rolou kk\n|\n|t:|1683899257\n|-terastallize|p1a: simba|Water\n|move|p1a: simba|Rage Fist|p2a: Annihilape\n|-damage|p2a: Annihilape|24\/100\n|move|p1b: angrybird|Brave Bird|p2a: Annihilape\n|-damage|p2a: Annihilape|0 fnt\n|faint|p2a: Annihilape\n|-damage|p1b: angrybird|53\/100|[from] Recoil\n|\n|win|bpinela\n|c|\u2606yandanielX|iron hands com annihilape deixa mta porta aberta\n|c|\u2606bpinela|sim vdd\n|c|\u2606yandanielX|ainda mais com esse passarobravo kkk\n|c|\u2606yandanielX|*raivoso\n|c|\u2606yandanielX|kkk\n|c|\u2606bpinela|\u00e9 o trunfo do time haha\n|c|\u2606yandanielX|ele \u00e9 b\u00e3o demais\n|c|\u2606bpinela|esse time usei no regional\n","uploadtime":1683899328,"views":8,"p1id":"bpinela","p2id":"yandanielx","formatid":"gen9vgc2023regulationc","rating":0,"private":0,"password":""}