{"id":"gen9vgc2023regulationc-1863720697","p1":"WackoMarko","p2":"DONTBULLYMEPLZ","format":"[Gen 9] VGC 2023 Regulation C","log":"|j|\u2606WackoMarko\n|j|\u2606DONTBULLYMEPLZ\n|t:|1684066928\n|gametype|doubles\n|player|p1|WackoMarko|102|1199\n|player|p2|DONTBULLYMEPLZ|101|1139\n|teamsize|p1|6\n|teamsize|p2|6\n|gen|9\n|tier|[Gen 9] VGC 2023 Regulation C\n|rated|\n|rule|Species Clause: Limit one of each Pok\u00e9mon\n|rule|Item Clause: Limit one of each item\n|clearpoke\n|poke|p1|Talonflame, L50, M|\n|poke|p1|Amoonguss, L50, F|\n|poke|p1|Flutter Mane, L50|\n|poke|p1|Chien-Pao, L50|\n|poke|p1|Gyarados, L50, M|\n|poke|p1|Dragapult, L50, F|\n|poke|p2|Lilligant, L50, F|\n|poke|p2|Torkoal, L50, F|\n|poke|p2|Flutter Mane, L50|\n|poke|p2|Kingambit, L50, F|\n|poke|p2|Dragonite, L50, F|\n|poke|p2|Great Tusk, L50|\n|teampreview|4\n|inactive|Battle timer is ON: inactive players will automatically lose when time's up. (requested by DONTBULLYMEPLZ)\n|inactive|WackoMarko has 60 seconds left.\nWackoMarko has agreed to open team sheets.\nDONTBULLYMEPLZ has agreed to open team sheets.\n|\n|t:|1684066981\n|start\n|switch|p1a: Talonflame|Talonflame, L50, M, shiny|100\/100\n|switch|p1b: Flutter Mane|Flutter Mane, L50, shiny|100\/100\n|switch|p2a: TT|Lilligant, L50, F, shiny|100\/100\n|switch|p2b: Breakthrough|Torkoal, L50, F, shiny|100\/100\n|-weather|SunnyDay|[from] ability: Drought|[of] p2b: Breakthrough\n|-activate|p1b: Flutter Mane|ability: Protosynthesis\n|-start|p1b: Flutter Mane|protosynthesisspe\n|turn|1\n|\n|t:|1684067003\n|move|p1b: Flutter Mane|Protect|p1b: Flutter Mane\n|-singleturn|p1b: Flutter Mane|Protect\n|move|p1a: Talonflame|Tailwind|p1a: Talonflame\n|-sidestart|p1: WackoMarko|move: Tailwind\n|move|p2a: TT|After You|p2b: Breakthrough\n|-activate|p2b: Breakthrough|move: After You\n|move|p2b: Breakthrough|Eruption|p1b: Flutter Mane|[spread] p1a\n|-activate|p1b: Flutter Mane|move: Protect\n|-resisted|p1a: Talonflame\n|-damage|p1a: Talonflame|37\/100\n|\n|-weather|SunnyDay|[upkeep]\n|upkeep\n|turn|2\n|\n|t:|1684067026\n|move|p1b: Flutter Mane|Dazzling Gleam|p2a: TT|[spread] p2a,p2b\n|-resisted|p2b: Breakthrough\n|-damage|p2a: TT|42\/100\n|-damage|p2b: Breakthrough|72\/100\n|-damage|p1b: Flutter Mane|91\/100|[from] item: Life Orb\n|move|p1a: Talonflame|Brave Bird|p2a: TT\n|-supereffective|p2a: TT\n|-damage|p2a: TT|0 fnt\n|faint|p2a: TT\n|-damage|p1a: Talonflame|25\/100|[from] Recoil\n|move|p2b: Breakthrough|Eruption|p1a: Talonflame|[spread] p1a,p1b\n|-resisted|p1a: Talonflame\n|-damage|p1a: Talonflame|0 fnt\n|-damage|p1b: Flutter Mane|33\/100\n|faint|p1a: Talonflame\n|\n|-weather|SunnyDay|[upkeep]\n|upkeep\n|\n|t:|1684067048\n|switch|p1a: Gyarados|Gyarados, L50, M, shiny|100\/100\n|switch|p2a: FANCY|Flutter Mane, L50, shiny|100\/100\n|-ability|p1a: Gyarados|Intimidate|boost\n|-unboost|p2a: FANCY|atk|1\n|-unboost|p2b: Breakthrough|atk|1\n|-activate|p2a: FANCY|ability: Protosynthesis\n|-start|p2a: FANCY|protosynthesisspa\n|turn|3\n|\n|t:|1684067062\n|-terastallize|p2a: FANCY|Fairy\n|move|p1b: Flutter Mane|Shadow Ball|p2a: FANCY\n|-damage|p2a: FANCY|44\/100\n|-damage|p1b: Flutter Mane|24\/100|[from] item: Life Orb\n|move|p1a: Gyarados|Waterfall|p2b: Breakthrough\n|-supereffective|p2b: Breakthrough\n|-damage|p2b: Breakthrough|38\/100\n|move|p2a: FANCY|Dazzling Gleam|p1b: Flutter Mane|[spread] p1a,p1b\n|-crit|p1b: Flutter Mane\n|-damage|p1a: Gyarados|13\/100\n|-damage|p1b: Flutter Mane|0 fnt\n|faint|p1b: Flutter Mane\n|-end|p1b: Flutter Mane|Protosynthesis|[silent]\n|move|p2b: Breakthrough|Eruption|p1a: Gyarados\n|-resisted|p1a: Gyarados\n|-damage|p1a: Gyarados|0 fnt\n|faint|p1a: Gyarados\n|\n|-weather|SunnyDay|[upkeep]\n|upkeep\n|\n|t:|1684067081\n|switch|p1b: Dragapult|Dragapult, L50, F, shiny|100\/100\n|turn|4\n|\n|t:|1684067089\n|-terastallize|p1b: Dragapult|Dragon\n|move|p1b: Dragapult|Phantom Force||[still]\n|-prepare|p1b: Dragapult|Phantom Force\n|move|p2a: FANCY|Dazzling Gleam|p1b: Dragapult|[miss]\n|-miss|p2a: FANCY|p1b: Dragapult\n|move|p2b: Breakthrough|Earth Power|p1b: Dragapult|[miss]\n|-miss|p2b: Breakthrough|p1b: Dragapult\n|\n|-weather|SunnyDay|[upkeep]\n|-sideend|p1: WackoMarko|move: Tailwind\n|upkeep\n|turn|5\n|\n|t:|1684067100\n|-end|p2a: FANCY|Protosynthesis|[silent]\n|switch|p2a: HOT|Kingambit, L50, F, shiny|100\/100\n|move|p2b: Breakthrough|Protect|p2b: Breakthrough\n|-singleturn|p2b: Breakthrough|Protect\n|move|p1b: Dragapult|Phantom Force|p2a: HOT|[from]lockedmove\n|-resisted|p2a: HOT\n|-damage|p2a: HOT|74\/100\n|\n|-weather|none\n|upkeep\n|turn|6\n|\n|t:|1684067112\n|move|p2a: HOT|Sucker Punch|p1b: Dragapult\n|-damage|p1b: Dragapult|40\/100\n|move|p1b: Dragapult|Phantom Force||[still]\n|-prepare|p1b: Dragapult|Phantom Force\n|move|p2b: Breakthrough|Flamethrower|p1b: Dragapult|[miss]\n|-miss|p2b: Breakthrough|p1b: Dragapult\n|\n|upkeep\n|turn|7\n|\n|t:|1684067127\n|move|p1b: Dragapult|Phantom Force|p2b: Breakthrough|[from]lockedmove\n|-damage|p2b: Breakthrough|0 fnt\n|faint|p2b: Breakthrough\n|move|p2a: HOT|Kowtow Cleave|p1b: Dragapult\n|-damage|p1b: Dragapult|0 fnt\n|faint|p1b: Dragapult\n|\n|win|DONTBULLYMEPLZ\n|raw|WackoMarko's rating: 1199 → 1170<\/strong> (-29 for losing)\n|raw|DONTBULLYMEPLZ's rating: 1139 → 1168<\/strong> (+29 for winning)\n|c|\u2606DONTBULLYMEPLZ|gg\n|c|\u2606WackoMarko|gg\n","uploadtime":1684067137,"views":10,"p1id":"wackomarko","p2id":"dontbullymeplz","formatid":"gen9vgc2023regulationc","rating":1168,"private":0,"password":""}