{"id":"gen9vgc2023regulationc-1858867104","p1":"RRikudou","p2":"UserOmega","format":"[Gen 9] VGC 2023 Regulation C","log":"|j|\u2606RRikudou\n|j|\u2606UserOmega\n|t:|1683376155\n|gametype|doubles\n|player|p1|RRikudou|striker|1421\n|player|p2|UserOmega|youngcouple-gen4dp|1396\n|teamsize|p1|6\n|teamsize|p2|6\n|gen|9\n|tier|[Gen 9] VGC 2023 Regulation C\n|rated|\n|rule|Species Clause: Limit one of each Pok\u00e9mon\n|rule|Item Clause: Limit one of each item\n|clearpoke\n|poke|p1|Annihilape, L50, M|\n|poke|p1|Mimikyu, L50, M|\n|poke|p1|Kingambit, L50, F|\n|poke|p1|Goodra, L50, M|\n|poke|p1|Talonflame, L50, F|\n|poke|p1|Flutter Mane, L50|\n|poke|p2|Klefki, L50, F|\n|poke|p2|Glimmora, L50, M|\n|poke|p2|Annihilape, L50, M|\n|poke|p2|Scream Tail, L50|\n|poke|p2|Ting-Lu, L50|\n|poke|p2|Volcarona, L50, F|\n|teampreview|4\n|inactive|Battle timer is ON: inactive players will automatically lose when time's up. (requested by RRikudou)\nRRikudou has agreed to open team sheets.\n|\n|t:|1683376176\n|start\n|switch|p1a: Annihilape|Annihilape, L50, M|100\/100\n|switch|p1b: Mimikyu|Mimikyu, L50, M|100\/100\n|switch|p2a: Klefki|Klefki, L50, F|100\/100\n|switch|p2b: Glimmora|Glimmora, L50, M|100\/100\n|turn|1\n|\n|t:|1683376200\n|move|p2a: Klefki|Reflect|p2a: Klefki\n|-sidestart|p2: UserOmega|Reflect\n|move|p1a: Annihilape|Final Gambit|p2a: Klefki\n|-damage|p2a: Klefki|0 fnt\n|faint|p1a: Annihilape\n|faint|p2a: Klefki\n|move|p2b: Glimmora|Mortal Spin|p1b: Mimikyu\n|-activate|p1b: Mimikyu|ability: Disguise\n|-damage|p1b: Mimikyu|100\/100\n|-status|p1b: Mimikyu|psn\n|detailschange|p1b: Mimikyu|Mimikyu-Busted, L50, M\n|-damage|p1b: Mimikyu|88\/100 psn|[from] pokemon: Mimikyu-Busted\n|move|p1b: Mimikyu|Trick Room|p1b: Mimikyu\n|-fieldstart|move: Trick Room|[of] p1b: Mimikyu\n|\n|-damage|p1b: Mimikyu|76\/100 psn|[from] psn\n|upkeep\n|\n|t:|1683376214\n|switch|p2a: Ting-Lu|Ting-Lu, L50|100\/100\n|switch|p1a: Kingambit|Kingambit, L50, F|100\/100\n|-ability|p2a: Ting-Lu|Vessel of Ruin\n|turn|2\n|\n|t:|1683376233\n|-terastallize|p2a: Ting-Lu|Water\n|move|p2b: Glimmora|Spiky Shield|p2b: Glimmora\n|-singleturn|p2b: Glimmora|move: Protect\n|move|p2a: Ting-Lu|Stomping Tantrum|p1a: Kingambit\n|-supereffective|p1a: Kingambit\n|-damage|p1a: Kingambit|45\/100\n|move|p1a: Kingambit|Low Kick|p2a: Ting-Lu\n|-damage|p2a: Ting-Lu|82\/100\n|move|p1b: Mimikyu|Swords Dance|p1b: Mimikyu\n|-boost|p1b: Mimikyu|atk|2\n|\n|-damage|p1b: Mimikyu|63\/100 psn|[from] psn\n|upkeep\n|turn|3\n|inactive|RRikudou has 30 seconds left.\n|\n|t:|1683376260\n|move|p2a: Ting-Lu|Stomping Tantrum|p1a: Kingambit\n|-supereffective|p1a: Kingambit\n|-damage|p1a: Kingambit|0 fnt\n|faint|p1a: Kingambit\n|move|p1b: Mimikyu|Play Rough|p2b: Glimmora\n|-resisted|p2b: Glimmora\n|-damage|p2b: Glimmora|71\/100\n|-activate|p2b: Glimmora|ability: Toxic Debris\n|-sidestart|p1: RRikudou|move: Toxic Spikes\n|-enditem|p2b: Glimmora|Red Card|[of] p1b: Mimikyu\n|drag|p1b: Goodra|Goodra, L50, M|100\/100\n|-status|p1b: Goodra|psn\n|move|p2b: Glimmora|Sludge Bomb|p1b: Goodra\n|-damage|p1b: Goodra|80\/100 psn\n|\n|-damage|p1b: Goodra|68\/100 psn|[from] psn\n|upkeep\n|\n|t:|1683376275\n|switch|p1a: Mimikyu|Mimikyu-Busted, L50, M|63\/100 psn\n|turn|4\n|\n|t:|1683376283\n|-terastallize|p1b: Goodra|Water\n|move|p2a: Ting-Lu|Heavy Slam|p1a: Mimikyu\n|-supereffective|p1a: Mimikyu\n|-damage|p1a: Mimikyu|0 fnt\n|faint|p1a: Mimikyu\n|move|p1b: Goodra|Muddy Water|p2a: Ting-Lu|[spread] p2a\n|-miss|p1b: Goodra|p2b: Glimmora\n|-resisted|p2a: Ting-Lu\n|-damage|p2a: Ting-Lu|71\/100\n|move|p2b: Glimmora|Sludge Bomb|p1b: Goodra\n|-damage|p1b: Goodra|48\/100 psn\n|\n|-damage|p1b: Goodra|36\/100 psn|[from] psn\n|upkeep\n|turn|5\n|-message|RRikudou forfeited.\n|\n|win|UserOmega\n|raw|RRikudou's rating: 1421 → 1400<\/strong> (-21 for losing)\n|raw|UserOmega's rating: 1396 → 1417<\/strong> (+21 for winning)\n|l|\u2606RRikudou\n","uploadtime":1683376310,"views":11,"p1id":"rrikudou","p2id":"useromega","formatid":"gen9vgc2023regulationc","rating":1400,"private":0,"password":""}