{"id":"gen9vgc2023regulationc-1854092503","p1":"kuangfeng","p2":"JFACKE","format":"[Gen 9] VGC 2023 Regulation C","log":"|j|\u2606kuangfeng\n|j|\u2606JFACKE\n|t:|1682767882\n|gametype|doubles\n|player|p1|kuangfeng|caitlin|\n|player|p2|JFACKE|ethan|\n|teamsize|p1|6\n|teamsize|p2|6\n|gen|9\n|tier|[Gen 9] VGC 2023 Regulation C\n|rule|Species Clause: Limit one of each Pok\u00e9mon\n|rule|Item Clause: Limit one of each item\n|clearpoke\n|poke|p1|Arcanine, L50, F|\n|poke|p1|Chien-Pao, L50|\n|poke|p1|Flutter Mane, L50|\n|poke|p1|Rotom-Wash, L50|\n|poke|p1|Amoonguss, L50, M|\n|poke|p1|Great Tusk, L50|\n|poke|p2|Dondozo, L50, M|\n|poke|p2|Tatsugiri-Droopy, L50, F|\n|poke|p2|Abomasnow, L50, F|\n|poke|p2|Iron Bundle, L50|\n|poke|p2|Chien-Pao, L50|\n|poke|p2|Flutter Mane, L50|\n|teampreview|4\nkuangfeng has agreed to open team sheets.\nJFACKE has agreed to open team sheets.\n|\n|t:|1682767949\n|start\n|switch|p1a: Rotom|Rotom-Wash, L50|100\/100\n|switch|p1b: Great Tusk|Great Tusk, L50|100\/100\n|switch|p2a: \u53cc\u51b0\u51bb|Abomasnow, L50, F, shiny|100\/100\n|switch|p2b: \u9e21\u54e5|Iron Bundle, L50, shiny|100\/100\n|-weather|Snow|[from] ability: Snow Warning|[of] p2a: \u53cc\u51b0\u51bb\n|-enditem|p2b: \u9e21\u54e5|Booster Energy\n|-activate|p2b: \u9e21\u54e5|ability: Quark Drive|[fromitem]\n|-start|p2b: \u9e21\u54e5|quarkdrivespe\n|turn|1\n|\n|t:|1682767998\n|move|p2b: \u9e21\u54e5|Protect|p2b: \u9e21\u54e5\n|-singleturn|p2b: \u9e21\u54e5|Protect\n|move|p1b: Great Tusk|Protect|p1b: Great Tusk\n|-singleturn|p1b: Great Tusk|Protect\n|move|p1a: Rotom|Discharge|p2a: \u53cc\u51b0\u51bb|[spread] p2a\n|-activate|p1b: Great Tusk|move: Protect\n|-activate|p2b: \u9e21\u54e5|move: Protect\n|-resisted|p2a: \u53cc\u51b0\u51bb\n|-damage|p2a: \u53cc\u51b0\u51bb|92\/100\n|move|p2a: \u53cc\u51b0\u51bb|Giga Drain|p1a: Rotom\n|-supereffective|p1a: Rotom\n|-damage|p1a: Rotom|39\/100\n|-heal|p2a: \u53cc\u51b0\u51bb|100\/100|[from] drain|[of] p1a: Rotom\n|\n|-weather|Snow|[upkeep]\n|-heal|p1a: Rotom|45\/100|[from] item: Leftovers\n|upkeep\n|turn|2\n|\n|t:|1682768036\n|move|p2b: \u9e21\u54e5|Blizzard|p1a: Rotom|[spread] p1a,p1b\n|-resisted|p1a: Rotom\n|-supereffective|p1b: Great Tusk\n|-damage|p1a: Rotom|27\/100\n|-damage|p1b: Great Tusk|0 fnt\n|faint|p1b: Great Tusk\n|-end|p1b: Great Tusk|Protosynthesis|[silent]\n|move|p1a: Rotom|Discharge|p2a: \u53cc\u51b0\u51bb|[spread] p2a,p2b\n|-resisted|p2a: \u53cc\u51b0\u51bb\n|-supereffective|p2b: \u9e21\u54e5\n|-damage|p2a: \u53cc\u51b0\u51bb|92\/100\n|-damage|p2b: \u9e21\u54e5|5\/100\n|-status|p2a: \u53cc\u51b0\u51bb|par\n|cant|p2a: \u53cc\u51b0\u51bb|par\n|\n|-weather|Snow|[upkeep]\n|-heal|p1a: Rotom|33\/100|[from] item: Leftovers\n|upkeep\n|\n|t:|1682768052\n|switch|p1b: Amoonguss|Amoonguss, L50, M|100\/100\n|turn|3\n|\n|t:|1682768085\n|-terastallize|p1b: Amoonguss|Water\n|move|p2b: \u9e21\u54e5|Protect|p2b: \u9e21\u54e5\n|-singleturn|p2b: \u9e21\u54e5|Protect\n|move|p1a: Rotom|Protect|p1a: Rotom\n|-singleturn|p1a: Rotom|Protect\n|move|p1b: Amoonguss|Pollen Puff|p2b: \u9e21\u54e5\n|-activate|p2b: \u9e21\u54e5|move: Protect\n|move|p2a: \u53cc\u51b0\u51bb|Giga Drain|p1a: Rotom\n|-activate|p1a: Rotom|move: Protect\n|\n|-weather|Snow|[upkeep]\n|-heal|p1a: Rotom|39\/100|[from] item: Leftovers\n|upkeep\n|turn|4\n|\n|t:|1682768109\n|move|p1b: Amoonguss|Protect|p1b: Amoonguss\n|-singleturn|p1b: Amoonguss|Protect\n|move|p2b: \u9e21\u54e5|Blizzard|p1a: Rotom|[spread] p1a\n|-activate|p1b: Amoonguss|move: Protect\n|-resisted|p1a: Rotom\n|-damage|p1a: Rotom|22\/100\n|move|p1a: Rotom|Discharge|p2a: \u53cc\u51b0\u51bb|[spread] p2a,p2b\n|-activate|p1b: Amoonguss|move: Protect\n|-resisted|p2a: \u53cc\u51b0\u51bb\n|-crit|p2a: \u53cc\u51b0\u51bb\n|-supereffective|p2b: \u9e21\u54e5\n|-damage|p2a: \u53cc\u51b0\u51bb|79\/100 par\n|-damage|p2b: \u9e21\u54e5|0 fnt\n|faint|p2b: \u9e21\u54e5\n|-end|p2b: \u9e21\u54e5|Quark Drive|[silent]\n|move|p2a: \u53cc\u51b0\u51bb|Giga Drain|p1b: Amoonguss\n|-activate|p1b: Amoonguss|move: Protect\n|\n|-weather|Snow|[upkeep]\n|-heal|p1a: Rotom|27\/100|[from] item: Leftovers\n|upkeep\n|\n|t:|1682768118\n|switch|p2b: \u53d1\u59d0|Flutter Mane, L50, shiny|100\/100\n|turn|5\n|\n|t:|1682768133\n|-terastallize|p2b: \u53d1\u59d0|Electric\n|move|p1a: Rotom|Protect|p1a: Rotom\n|-singleturn|p1a: Rotom|Protect\n|move|p2b: \u53d1\u59d0|Thunderbolt|p1b: Amoonguss\n|-supereffective|p1b: Amoonguss\n|-damage|p1b: Amoonguss|0 fnt\n|faint|p1b: Amoonguss\n|-damage|p2b: \u53d1\u59d0|91\/100|[from] item: Life Orb\n|move|p2a: \u53cc\u51b0\u51bb|Giga Drain|p1a: Rotom\n|-activate|p1a: Rotom|move: Protect\n|\n|-weather|none\n|-heal|p1a: Rotom|33\/100|[from] item: Leftovers\n|upkeep\n|\n|t:|1682768144\n|switch|p1b: Chien-Pao|Chien-Pao, L50|100\/100\n|-ability|p1b: Chien-Pao|Sword of Ruin\n|turn|6\n|\n|t:|1682768161\n|move|p2b: \u53d1\u59d0|Protect|p2b: \u53d1\u59d0\n|-singleturn|p2b: \u53d1\u59d0|Protect\n|move|p1b: Chien-Pao|Ice Spinner|p2b: \u53d1\u59d0\n|-activate|p2b: \u53d1\u59d0|move: Protect\n|move|p1a: Rotom|Discharge|p2b: \u53d1\u59d0|[spread] p1b,p2a\n|-activate|p2b: \u53d1\u59d0|move: Protect\n|-resisted|p2a: \u53cc\u51b0\u51bb\n|-damage|p1b: Chien-Pao|62\/100\n|-damage|p2a: \u53cc\u51b0\u51bb|69\/100 par\n|-status|p1b: Chien-Pao|par\n|move|p2a: \u53cc\u51b0\u51bb|Giga Drain|p1a: Rotom\n|-supereffective|p1a: Rotom\n|-damage|p1a: Rotom|0 fnt\n|-heal|p2a: \u53cc\u51b0\u51bb|84\/100 par|[from] drain|[of] p1a: Rotom\n|faint|p1a: Rotom\n|\n|upkeep\n|turn|7\n|\n|t:|1682768181\n|move|p1b: Chien-Pao|Sucker Punch|p2b: \u53d1\u59d0\n|-damage|p2b: \u53d1\u59d0|4\/100\n|move|p2b: \u53d1\u59d0|Dazzling Gleam|p1b: Chien-Pao\n|-supereffective|p1b: Chien-Pao\n|-damage|p1b: Chien-Pao|0 fnt\n|faint|p1b: Chien-Pao\n|-damage|p2b: \u53d1\u59d0|0 fnt|[from] item: Life Orb\n|faint|p2b: \u53d1\u59d0\n|-end|p2b: \u53d1\u59d0|Protosynthesis|[silent]\n|\n|win|JFACKE\n","uploadtime":1682768199,"views":35,"p1id":"kuangfeng","p2id":"jfacke","formatid":"gen9vgc2023regulationc","rating":0,"private":0,"password":""}