{"id":"gen9vgc2023regulationc-1858607925","p1":"pchan1f","p2":"Jagannath","format":"[Gen 9] VGC 2023 Regulation C","log":"|j|\u2606pchan1f\n|j|\u2606Jagannath\n|t:|1683331565\n|gametype|doubles\n|player|p1|pchan1f|265|1100\n|player|p2|Jagannath|pokemonranger|1095\n|teamsize|p1|6\n|teamsize|p2|6\n|gen|9\n|tier|[Gen 9] VGC 2023 Regulation C\n|rated|\n|rule|Species Clause: Limit one of each Pok\u00e9mon\n|rule|Item Clause: Limit one of each item\n|clearpoke\n|poke|p1|Arboliva, L50, M|\n|poke|p1|Ceruledge, L50, F|\n|poke|p1|Meowscarada, L50, F|\n|poke|p1|Baxcalibur, L50, M|\n|poke|p1|Vaporeon, L50, M|\n|poke|p1|Iron Moth, L50|\n|poke|p2|Abomasnow, L50, M|\n|poke|p2|Iron Bundle, L50|\n|poke|p2|Chien-Pao, L50|\n|poke|p2|Amoonguss, L50, M|\n|poke|p2|Glimmora, L50, M|\n|poke|p2|Chi-Yu, L50|\n|teampreview|4\nJagannath rejected open team sheets.\n|\n|t:|1683331623\n|start\n|switch|p1a: Meowscarada|Meowscarada, L50, F|100\/100\n|switch|p1b: Vaporeon|Vaporeon, L50, M|100\/100\n|switch|p2a: Abomasnow|Abomasnow, L50, M|100\/100\n|switch|p2b: Iron Bundle|Iron Bundle, L50|100\/100\n|-weather|Snow|[from] ability: Snow Warning|[of] p2a: Abomasnow\n|-enditem|p2b: Iron Bundle|Booster Energy\n|-activate|p2b: Iron Bundle|ability: Quark Drive|[fromitem]\n|-start|p2b: Iron Bundle|quarkdrivespe\n|turn|1\n|\n|t:|1683331660\n|-terastallize|p1a: Meowscarada|Water\n|move|p2b: Iron Bundle|Aurora Veil|p2b: Iron Bundle\n|-sidestart|p2: Jagannath|move: Aurora Veil\n|move|p2a: Abomasnow|Blizzard|p1b: Vaporeon|[spread] p1a,p1b\n|-resisted|p1a: Meowscarada\n|-resisted|p1b: Vaporeon\n|-damage|p1a: Meowscarada|72\/100\n|-damage|p1b: Vaporeon|84\/100\n|-damage|p2a: Abomasnow|91\/100|[from] item: Life Orb\n|move|p1b: Vaporeon|Surf|p2a: Abomasnow|[spread] p1a,p2a,p2b\n|-resisted|p1a: Meowscarada\n|-resisted|p2a: Abomasnow\n|-resisted|p2b: Iron Bundle\n|-damage|p1a: Meowscarada|52\/100\n|-damage|p2a: Abomasnow|79\/100\n|-damage|p2b: Iron Bundle|84\/100\n|move|p1a: Meowscarada|Trick Room|p1a: Meowscarada\n|-fieldstart|move: Trick Room|[of] p1a: Meowscarada\n|\n|-weather|Snow|[upkeep]\n|-heal|p1b: Vaporeon|90\/100|[from] item: Leftovers\n|upkeep\n|turn|2\n|inactive|Battle timer is ON: inactive players will automatically lose when time's up. (requested by pchan1f)\n|\n|t:|1683331687\n|-end|p2b: Iron Bundle|Quark Drive|[silent]\n|switch|p2b: Amoonguss|Amoonguss, L50, M|100\/100\n|move|p1b: Vaporeon|Helping Hand|p1a: Meowscarada\n|-singleturn|p1a: Meowscarada|Helping Hand|[of] p1b: Vaporeon\n|move|p2a: Abomasnow|Energy Ball|p1a: Meowscarada\n|-supereffective|p1a: Meowscarada\n|-damage|p1a: Meowscarada|0 fnt\n|faint|p1a: Meowscarada\n|-damage|p2a: Abomasnow|69\/100|[from] item: Life Orb\n|\n|-weather|Snow|[upkeep]\n|-heal|p1b: Vaporeon|96\/100|[from] item: Leftovers\n|upkeep\n|\n|t:|1683331706\n|switch|p1a: Baxcalibur|Baxcalibur, L50, M|100\/100\n|turn|3\n|\n|t:|1683331718\n|move|p1a: Baxcalibur|Protect|p1a: Baxcalibur\n|-singleturn|p1a: Baxcalibur|Protect\n|move|p2b: Amoonguss|Spore|p1a: Baxcalibur\n|-activate|p1a: Baxcalibur|move: Protect\n|move|p1b: Vaporeon|Yawn|p2b: Amoonguss\n|-start|p2b: Amoonguss|move: Yawn|[of] p1b: Vaporeon\n|move|p2a: Abomasnow|Energy Ball|p1b: Vaporeon\n|-supereffective|p1b: Vaporeon\n|-damage|p1b: Vaporeon|27\/100\n|-damage|p2a: Abomasnow|60\/100|[from] item: Life Orb\n|\n|-weather|Snow|[upkeep]\n|-heal|p1b: Vaporeon|33\/100|[from] item: Leftovers\n|upkeep\n|turn|4\n|inactive|pchan1f has 30 seconds left.\n|inactive|Jagannath has 30 seconds left.\n|inactive|pchan1f has 20 seconds left.\n|\n|t:|1683331757\n|move|p1b: Vaporeon|Helping Hand|p1a: Baxcalibur\n|-singleturn|p1a: Baxcalibur|Helping Hand|[of] p1b: Vaporeon\n|move|p2b: Amoonguss|Spore|p1a: Baxcalibur\n|-status|p1a: Baxcalibur|slp|[from] move: Spore\n|move|p2a: Abomasnow|Energy Ball|p1b: Vaporeon\n|-supereffective|p1b: Vaporeon\n|-damage|p1b: Vaporeon|0 fnt\n|faint|p1b: Vaporeon\n|-damage|p2a: Abomasnow|50\/100|[from] item: Life Orb\n|cant|p1a: Baxcalibur|slp\n|\n|-weather|Snow|[upkeep]\n|-end|p2b: Amoonguss|move: Yawn|[silent]\n|-status|p2b: Amoonguss|slp\n|upkeep\n|\n|t:|1683331770\n|switch|p1b: Iron Moth|Iron Moth, L50|100\/100\n|turn|5\n|inactive|Jagannath has 30 seconds left.\n|\n|t:|1683331798\n|cant|p2b: Amoonguss|slp\n|move|p2a: Abomasnow|Blizzard|p1b: Iron Moth|[spread] p1a,p1b\n|-resisted|p1b: Iron Moth\n|-damage|p1a: Baxcalibur|65\/100 slp\n|-damage|p1b: Iron Moth|81\/100\n|-damage|p2a: Abomasnow|41\/100|[from] item: Life Orb\n|-curestatus|p1a: Baxcalibur|slp|[msg]\n|move|p1a: Baxcalibur|Glaive Rush|p2b: Amoonguss\n|-damage|p2b: Amoonguss|50\/100 slp\n|-singlemove|p1a: Baxcalibur|Glaive Rush|[silent]\n|-damage|p1a: Baxcalibur|48\/100|[from] item: Rocky Helmet|[of] p2b: Amoonguss\n|move|p1b: Iron Moth|Bug Buzz|p2a: Abomasnow\n|-supereffective|p2a: Abomasnow\n|-damage|p2a: Abomasnow|0 fnt\n|faint|p2a: Abomasnow\n|\n|-weather|none\n|-sideend|p2: Jagannath|move: Aurora Veil\n|-fieldend|move: Trick Room\n|upkeep\n|\n|t:|1683331816\n|switch|p2a: Iron Bundle|Iron Bundle, L50|84\/100\n|turn|6\n|inactive|Jagannath has 30 seconds left.\n|\n|t:|1683331845\n|move|p2a: Iron Bundle|Hydro Pump|p1b: Iron Moth\n|-supereffective|p1b: Iron Moth\n|-damage|p1b: Iron Moth|0 fnt\n|faint|p1b: Iron Moth\n|-end|p1b: Iron Moth|Quark Drive|[silent]\n|move|p1a: Baxcalibur|Glaive Rush|p2a: Iron Bundle\n|-damage|p2a: Iron Bundle|0 fnt\n|-singlemove|p1a: Baxcalibur|Glaive Rush|[silent]\n|faint|p2a: Iron Bundle\n|-end|p2a: Iron Bundle|Quark Drive|[silent]\n|cant|p2b: Amoonguss|slp\n|\n|upkeep\n|\n|t:|1683331854\n|switch|p2a: Chi-Yu|Chi-Yu, L50|100\/100\n|-ability|p2a: Chi-Yu|Beads of Ruin\n|turn|7\n|\n|t:|1683331870\n|-curestatus|p2b: Amoonguss|slp|[msg]\n|move|p2b: Amoonguss|Rage Powder|p2b: Amoonguss\n|-singleturn|p2b: Amoonguss|move: Rage Powder\n|move|p2a: Chi-Yu|Heat Wave|p1a: Baxcalibur\n|-damage|p1a: Baxcalibur|0 fnt\n|faint|p1a: Baxcalibur\n|\n|win|Jagannath\n|raw|pchan1f's rating: 1100 → 1075<\/strong> (-25 for losing)\n|raw|Jagannath's rating: 1095 → 1121<\/strong> (+26 for winning)\n","uploadtime":1683331884,"views":10,"p1id":"pchan1f","p2id":"jagannath","formatid":"gen9vgc2023regulationc","rating":1075,"private":0,"password":""}