{"id":"gen9vgc2023regulationc-1858393604","p1":"guerravictor","p2":"supaflytnt","format":"[Gen 9] VGC 2023 Regulation C","log":"|j|\u2606guerravictor\n|j|\u2606supaflytnt\n|t:|1683308189\n|gametype|doubles\n|player|p1|guerravictor|volkner|1211\n|player|p2|supaflytnt|102|1219\n|teamsize|p1|6\n|teamsize|p2|6\n|gen|9\n|tier|[Gen 9] VGC 2023 Regulation C\n|rated|\n|rule|Species Clause: Limit one of each Pok\u00e9mon\n|rule|Item Clause: Limit one of each item\n|clearpoke\n|poke|p1|Torkoal, L50, M|\n|poke|p1|Armarouge, L50, F|\n|poke|p1|Roaring Moon, L50|\n|poke|p1|Indeedee-F, L50, F|\n|poke|p1|Farigiraf, L50, F|\n|poke|p1|Hariyama, L50, F|\n|poke|p2|Florges, L50, F|\n|poke|p2|Iron Moth, L50|\n|poke|p2|Flutter Mane, L50|\n|poke|p2|Orthworm, L50, M|\n|poke|p2|Torkoal, L50, F|\n|poke|p2|Tatsugiri, L50, M|\n|teampreview|4\n|inactive|Battle timer is ON: inactive players will automatically lose when time's up. (requested by guerravictor)\n|inactive|guerravictor has 60 seconds left.\n|inactive|supaflytnt has 60 seconds left.\nguerravictor rejected open team sheets.\n|\n|t:|1683308242\n|start\n|switch|p1a: Deepweb Melman|Farigiraf, L50, F, shiny|100\/100\n|switch|p1b: Forte <> Gorda|Hariyama, L50, F, shiny|100\/100\n|switch|p2a: Gucci Mane|Flutter Mane, L50, shiny|100\/100\n|switch|p2b: Earthworm Jim|Orthworm, L50, M|100\/100\n|turn|1\n|inactive|supaflytnt has 30 seconds left.\n|inactive|supaflytnt has 20 seconds left.\n|inactive|supaflytnt has 15 seconds left.\n|inactive|supaflytnt has 10 seconds left.\n|\n|t:|1683308287\n|move|p2b: Earthworm Jim|Heavy Slam|p1a: Deepweb Melman\n|-damage|p1a: Deepweb Melman|89\/100\n|move|p1b: Forte <> Gorda|Knock Off|p2a: Gucci Mane\n|-damage|p2a: Gucci Mane|59\/100\n|-enditem|p2a: Gucci Mane|Iron Ball|[from] move: Knock Off|[of] p1b: Forte <> Gorda\n|move|p2a: Gucci Mane|Trick Room|p2a: Gucci Mane\n|-fieldstart|move: Trick Room|[of] p2a: Gucci Mane\n|move|p1a: Deepweb Melman|Trick Room|p1a: Deepweb Melman\n|-fieldend|move: Trick Room\n|\n|-status|p1b: Forte <> Gorda|brn|[from] item: Flame Orb\n|upkeep\n|turn|2\n|inactive|guerravictor has 30 seconds left.\n|inactive|supaflytnt has 30 seconds left.\n|\n|t:|1683308315\n|move|p1a: Deepweb Melman|Helping Hand|p1b: Forte <> Gorda\n|-singleturn|p1b: Forte <> Gorda|Helping Hand|[of] p1a: Deepweb Melman\n|move|p2a: Gucci Mane|Dazzling Gleam|p1b: Forte <> Gorda|[spread] p1a,p1b\n|-supereffective|p1b: Forte <> Gorda\n|-damage|p1a: Deepweb Melman|64\/100\n|-damage|p1b: Forte <> Gorda|45\/100 brn\n|move|p2b: Earthworm Jim|Body Press|p1b: Forte <> Gorda\n|-damage|p1b: Forte <> Gorda|16\/100 brn\n|move|p1b: Forte <> Gorda|Knock Off|p2a: Gucci Mane\n|-damage|p2a: Gucci Mane|3\/100\n|\n|-damage|p1b: Forte <> Gorda|10\/100 brn|[from] brn\n|upkeep\n|turn|3\n|\n|t:|1683308339\n|move|p1a: Deepweb Melman|Ally Switch|p1a: Deepweb Melman\n|swap|p1a: Deepweb Melman|1|[from] move: Ally Switch\n|move|p2a: Gucci Mane|Dazzling Gleam|p1a: Forte <> Gorda|[spread] p1a,p1b\n|-supereffective|p1a: Forte <> Gorda\n|-damage|p1a: Forte <> Gorda|0 fnt\n|-damage|p1b: Deepweb Melman|41\/100\n|faint|p1a: Forte <> Gorda\n|move|p2b: Earthworm Jim|Shed Tail|p2b: Earthworm Jim\n|-start|p2b: Earthworm Jim|Substitute|[from] move: Shed Tail\n|-damage|p2b: Earthworm Jim|50\/100\n|-enditem|p2b: Earthworm Jim|Sitrus Berry|[eat]\n|-heal|p2b: Earthworm Jim|75\/100|[from] item: Sitrus Berry\n|\n|t:|1683308348\n|switch|p2b: ADI|Iron Moth, L50|100\/100|[from] Shed Tail\n|-enditem|p2b: ADI|Booster Energy\n|-activate|p2b: ADI|ability: Quark Drive|[fromitem]\n|-start|p2b: ADI|quarkdrivespa\n|\n|upkeep\n|\n|t:|1683308357\n|switch|p1a: Tei\u00fa de Asa|Roaring Moon, L50, shiny|100\/100\n|turn|4\n|inactive|supaflytnt has 30 seconds left.\n|\n|t:|1683308383\n|-end|p2a: Gucci Mane|Protosynthesis|[silent]\n|switch|p2a: Earthworm Jim|Orthworm, L50, M|75\/100\n|move|p1b: Deepweb Melman|Helping Hand|p1a: Tei\u00fa de Asa\n|-singleturn|p1a: Tei\u00fa de Asa|Helping Hand|[of] p1b: Deepweb Melman\n|move|p1a: Tei\u00fa de Asa|Earthquake|p2a: Earthworm Jim|[spread] p1b,p2b\n|-heal|p2a: Earthworm Jim|100\/100|[from] ability: Earth Eater|[of] p1a: Tei\u00fa de Asa\n|-supereffective|p2b: ADI\n|-end|p2b: ADI|Substitute\n|-damage|p1b: Deepweb Melman|0 fnt\n|faint|p1b: Deepweb Melman\n|move|p2b: ADI|Bug Buzz|p1a: Tei\u00fa de Asa\n|-supereffective|p1a: Tei\u00fa de Asa\n|-damage|p1a: Tei\u00fa de Asa|10\/100\n|\n|upkeep\n|\n|t:|1683308396\n|switch|p1b: Fire Franklin|Torkoal, L50, M, shiny|100\/100\n|-weather|SunnyDay|[from] ability: Drought|[of] p1b: Fire Franklin\n|-activate|p1a: Tei\u00fa de Asa|ability: Protosynthesis\n|-start|p1a: Tei\u00fa de Asa|protosynthesisatk\n|-item|p1b: Fire Franklin|Air Balloon\n|turn|5\n|inactive|supaflytnt has 30 seconds left.\n|inactive|supaflytnt has 20 seconds left.\n|inactive|supaflytnt has 15 seconds left.\n|\n|t:|1683308440\n|-terastallize|p2b: ADI|Grass\n|-terastallize|p1b: Fire Franklin|Fire\n|move|p1a: Tei\u00fa de Asa|Earthquake|p2b: ADI|[spread] p2b\n|-immune|p2a: Earthworm Jim|[from] ability: Earth Eater\n|-immune|p1b: Fire Franklin\n|-resisted|p2b: ADI\n|-damage|p2b: ADI|72\/100\n|move|p2b: ADI|Psychic|p1b: Fire Franklin\n|-damage|p1b: Fire Franklin|39\/100\n|-enditem|p1b: Fire Franklin|Air Balloon\n|move|p2a: Earthworm Jim|Body Press|p1a: Tei\u00fa de Asa\n|-supereffective|p1a: Tei\u00fa de Asa\n|-damage|p1a: Tei\u00fa de Asa|0 fnt\n|faint|p1a: Tei\u00fa de Asa\n|-end|p1a: Tei\u00fa de Asa|Protosynthesis|[silent]\n|move|p1b: Fire Franklin|Eruption|p2a: Earthworm Jim|[spread] p2a,p2b\n|-supereffective|p2a: Earthworm Jim\n|-supereffective|p2b: ADI\n|-damage|p2a: Earthworm Jim|10\/100\n|-damage|p2b: ADI|0 fnt\n|faint|p2b: ADI\n|-end|p2b: ADI|Quark Drive|[silent]\n|\n|-weather|SunnyDay|[upkeep]\n|upkeep\n|\n|t:|1683308460\n|switch|p2b: Gucci Mane|Flutter Mane, L50, shiny|3\/100\n|-activate|p2b: Gucci Mane|ability: Protosynthesis\n|-start|p2b: Gucci Mane|protosynthesisspa\n|turn|6\n|\n|t:|1683308469\n|move|p1b: Fire Franklin|Protect|p1b: Fire Franklin\n|-singleturn|p1b: Fire Franklin|Protect\n|move|p2b: Gucci Mane|Shadow Ball|p1b: Fire Franklin\n|-activate|p1b: Fire Franklin|move: Protect\n|move|p2a: Earthworm Jim|Body Press|p1b: Fire Franklin\n|-activate|p1b: Fire Franklin|move: Protect\n|\n|-weather|SunnyDay|[upkeep]\n|upkeep\n|turn|7\n|c|\u2606supaflytnt|Gg\n|\n|t:|1683308481\n|move|p2b: Gucci Mane|Shadow Ball|p1b: Fire Franklin\n|-damage|p1b: Fire Franklin|0 fnt\n|faint|p1b: Fire Franklin\n|\n|win|supaflytnt\n|raw|guerravictor's rating: 1211 → 1187<\/strong> (-24 for losing)\n|raw|supaflytnt's rating: 1219 → 1243<\/strong> (+24 for winning)\n|l|\u2606guerravictor\n","uploadtime":1683308520,"views":10,"p1id":"guerravictor","p2id":"supaflytnt","formatid":"gen9vgc2023regulationc","rating":1187,"private":0,"password":""}