{"id":"gen9vgc2023regulationc-1845549369","p1":"SinosuperTV","p2":"jdj95","format":"[Gen 9] VGC 2023 Regulation C","log":"|j|\u2606SinosuperTV\n|j|\u2606jdj95\n|t:|1681744130\n|gametype|doubles\n|player|p1|SinosuperTV|brycen|1167\n|player|p2|jdj95|169|1179\n|teamsize|p1|6\n|teamsize|p2|6\n|gen|9\n|tier|[Gen 9] VGC 2023 Regulation C\n|rated|\n|rule|Species Clause: Limit one of each Pok\u00e9mon\n|rule|Item Clause: Limit one of each item\n|clearpoke\n|poke|p1|Iron Hands, L50|\n|poke|p1|Wo-Chien, L50|\n|poke|p1|Flutter Mane, L50|\n|poke|p1|Chien-Pao, L50|\n|poke|p1|Grimmsnarl, L50, M|\n|poke|p1|Rotom-Heat, L50|\n|poke|p2|Wo-Chien, L50|\n|poke|p2|Glimmora, L50, M|\n|poke|p2|Sableye, L50, M|\n|poke|p2|Flutter Mane, L50|\n|poke|p2|Iron Bundle, L50|\n|poke|p2|Arcanine, L50, F|\n|teampreview|4\n|inactive|Battle timer is ON: inactive players will automatically lose when time's up. (requested by jdj95)\n|\n|t:|1681744178\n|start\n|switch|p1a: Iron Hands|Iron Hands, L50|100\/100\n|switch|p1b: Grimmsnarl|Grimmsnarl, L50, M, shiny|100\/100\n|switch|p2a: Flutter Mane|Flutter Mane, L50|100\/100\n|switch|p2b: Iron Bundle|Iron Bundle, L50|100\/100\n|-enditem|p2b: Iron Bundle|Booster Energy\n|-activate|p2b: Iron Bundle|ability: Quark Drive|[fromitem]\n|-start|p2b: Iron Bundle|quarkdrivespe\n|turn|1\n|inactive|SinosuperTV has 30 seconds left.\n|inactive|SinosuperTV has 20 seconds left.\n|inactive|SinosuperTV has 15 seconds left.\n|\n|t:|1681744218\n|-terastallize|p1a: Iron Hands|Fairy\n|move|p2b: Iron Bundle|Protect|p2b: Iron Bundle\n|-singleturn|p2b: Iron Bundle|Protect\n|move|p1b: Grimmsnarl|Light Screen|p1b: Grimmsnarl\n|-sidestart|p1: SinosuperTV|move: Light Screen\n|move|p2a: Flutter Mane|Dazzling Gleam|p1b: Grimmsnarl|[spread] p1a,p1b\n|-supereffective|p1b: Grimmsnarl\n|-damage|p1a: Iron Hands|80\/100\n|-damage|p1b: Grimmsnarl|53\/100\n|-damage|p2a: Flutter Mane|90\/100|[from] item: Life Orb\n|move|p1a: Iron Hands|Play Rough|p2a: Flutter Mane\n|-damage|p2a: Flutter Mane|0 fnt\n|faint|p2a: Flutter Mane\n|-end|p2a: Flutter Mane|Protosynthesis|[silent]\n|\n|upkeep\n|\n|t:|1681744235\n|switch|p2a: Arcanine|Arcanine, L50, F|100\/100\n|-ability|p2a: Arcanine|Intimidate|boost\n|-unboost|p1a: Iron Hands|atk|1\n|-unboost|p1b: Grimmsnarl|atk|1\n|turn|2\n|\n|t:|1681744253\n|move|p1b: Grimmsnarl|Reflect|p1b: Grimmsnarl\n|-sidestart|p1: SinosuperTV|Reflect\n|move|p2b: Iron Bundle|Hydro Pump|p1a: Iron Hands\n|-damage|p1a: Iron Hands|50\/100\n|move|p2a: Arcanine|Will-O-Wisp|p1a: Iron Hands\n|-status|p1a: Iron Hands|brn\n|move|p1a: Iron Hands|Drain Punch|p2b: Iron Bundle\n|-supereffective|p2b: Iron Bundle\n|-damage|p2b: Iron Bundle|66\/100\n|-heal|p1a: Iron Hands|60\/100 brn|[from] drain|[of] p2b: Iron Bundle\n|\n|-damage|p1a: Iron Hands|54\/100 brn|[from] brn\n|upkeep\n|turn|3\n|inactive|SinosuperTV has 30 seconds left.\n|inactive|SinosuperTV has 20 seconds left.\n|inactive|SinosuperTV has 15 seconds left.\n|inactive|SinosuperTV has 10 seconds left.\n|\n|t:|1681744300\n|move|p2b: Iron Bundle|Protect|p2b: Iron Bundle\n|-singleturn|p2b: Iron Bundle|Protect\n|move|p2a: Arcanine|Will-O-Wisp|p1b: Grimmsnarl\n|-status|p1b: Grimmsnarl|brn\n|move|p1b: Grimmsnarl|Spirit Break|p2b: Iron Bundle\n|-activate|p2b: Iron Bundle|move: Protect\n|move|p1a: Iron Hands|Play Rough|p2a: Arcanine\n|-resisted|p2a: Arcanine\n|-damage|p2a: Arcanine|92\/100\n|\n|-damage|p1b: Grimmsnarl|48\/100 brn|[from] brn\n|-damage|p1a: Iron Hands|48\/100 brn|[from] brn\n|upkeep\n|turn|4\n|inactive|jdj95 has 30 seconds left.\n|\n|t:|1681744326\n|-end|p2b: Iron Bundle|Quark Drive|[silent]\n|switch|p2b: Wo-Chien|Wo-Chien, L50|100\/100\n|-ability|p2b: Wo-Chien|Tablets of Ruin\n|-end|p1a: Iron Hands|Quark Drive|[silent]\n|switch|p1a: Wo-Chien|Wo-Chien, L50|100\/100\n|-ability|p1a: Wo-Chien|Tablets of Ruin\n|move|p2a: Arcanine|Flare Blitz|p1a: Wo-Chien\n|-supereffective|p1a: Wo-Chien\n|-damage|p1a: Wo-Chien|64\/100\n|-damage|p2a: Arcanine|81\/100|[from] Recoil\n|move|p1b: Grimmsnarl|Spirit Break|p2b: Wo-Chien\n|-supereffective|p2b: Wo-Chien\n|-damage|p2b: Wo-Chien|86\/100\n|-unboost|p2b: Wo-Chien|spa|1\n|\n|-heal|p1a: Wo-Chien|70\/100|[from] item: Leftovers\n|-heal|p2b: Wo-Chien|93\/100|[from] item: Leftovers\n|-damage|p1b: Grimmsnarl|42\/100 brn|[from] brn\n|upkeep\n|turn|5\n|inactive|SinosuperTV has 30 seconds left.\n|inactive|SinosuperTV has 20 seconds left.\n|\n|t:|1681744364\n|switch|p1b: Rotom|Rotom-Heat, L50|100\/100\n|move|p2b: Wo-Chien|Protect|p2b: Wo-Chien\n|-singleturn|p2b: Wo-Chien|Protect\n|move|p2a: Arcanine|Will-O-Wisp|p1a: Wo-Chien\n|-status|p1a: Wo-Chien|brn\n|move|p1a: Wo-Chien|Leech Seed|p2a: Arcanine\n|-start|p2a: Arcanine|move: Leech Seed\n|\n|-heal|p1a: Wo-Chien|76\/100 brn|[from] item: Leftovers\n|-heal|p2b: Wo-Chien|99\/100|[from] item: Leftovers\n|-damage|p2a: Arcanine|68\/100|[from] Leech Seed|[of] p1a: Wo-Chien\n|-heal|p1a: Wo-Chien|89\/100 brn|[silent]\n|-damage|p1a: Wo-Chien|83\/100 brn|[from] brn\n|upkeep\n|turn|6\n|inactive|SinosuperTV has 30 seconds left.\n|inactive|jdj95 has 30 seconds left.\n|inactive|SinosuperTV has 20 seconds left.\n|inactive|jdj95 has 20 seconds left.\n|\n|t:|1681744403\n|switch|p2a: Iron Bundle|Iron Bundle, L50|66\/100\n|-terastallize|p2b: Wo-Chien|Water\n|move|p1b: Rotom|Overheat|p2b: Wo-Chien\n|-resisted|p2b: Wo-Chien\n|-damage|p2b: Wo-Chien|79\/100\n|-unboost|p1b: Rotom|spa|2\n|move|p1a: Wo-Chien|Pollen Puff|p2b: Wo-Chien\n|-damage|p2b: Wo-Chien|62\/100\n|move|p2b: Wo-Chien|Taunt|p1a: Wo-Chien\n|-start|p1a: Wo-Chien|move: Taunt\n|\n|-heal|p1a: Wo-Chien|89\/100 brn|[from] item: Leftovers\n|-heal|p2b: Wo-Chien|69\/100|[from] item: Leftovers\n|-damage|p1a: Wo-Chien|83\/100 brn|[from] brn\n|upkeep\n|turn|7\n|\n|t:|1681744427\n|switch|p1a: Grimmsnarl|Grimmsnarl, L50, M, shiny|42\/100 brn\n|move|p2a: Iron Bundle|Protect|p2a: Iron Bundle\n|-singleturn|p2a: Iron Bundle|Protect\n|move|p1b: Rotom|Electric Terrain|p1b: Rotom\n|-fieldstart|move: Electric Terrain\n|-activate|p2a: Iron Bundle|ability: Quark Drive\n|-start|p2a: Iron Bundle|quarkdrivespe\n|move|p2b: Wo-Chien|Leech Seed|p1b: Rotom\n|-start|p1b: Rotom|move: Leech Seed\n|\n|-heal|p2b: Wo-Chien|75\/100|[from] item: Leftovers\n|-damage|p1b: Rotom|88\/100|[from] Leech Seed|[of] p2b: Wo-Chien\n|-heal|p2b: Wo-Chien|85\/100|[silent]\n|-damage|p1a: Grimmsnarl|36\/100 brn|[from] brn\n|upkeep\n|turn|8\n|inactive|jdj95 has 30 seconds left.\n|inactive|jdj95 has 20 seconds left.\n|inactive|jdj95 has 15 seconds left.\n|inactive|jdj95 has 10 seconds left.\n|\n|t:|1681744475\n|-end|p2a: Iron Bundle|Quark Drive|[silent]\n|switch|p2a: Arcanine|Arcanine, L50, F|68\/100\n|-ability|p2a: Arcanine|Intimidate|boost\n|-unboost|p1a: Grimmsnarl|atk|1\n|-unboost|p1b: Rotom|atk|1\n|switch|p1b: Iron Hands|Iron Hands, L50, tera:Fairy|48\/100 brn\n|-activate|p1b: Iron Hands|ability: Quark Drive\n|-start|p1b: Iron Hands|quarkdriveatk\n|move|p1a: Grimmsnarl|Fake Out|p2a: Arcanine\n|-damage|p2a: Arcanine|66\/100\n|move|p2b: Wo-Chien|Leech Seed|p1a: Grimmsnarl\n|-start|p1a: Grimmsnarl|move: Leech Seed\n|\n|-heal|p2b: Wo-Chien|91\/100|[from] item: Leftovers\n|-damage|p1a: Grimmsnarl|23\/100 brn|[from] Leech Seed|[of] p2b: Wo-Chien\n|-heal|p2b: Wo-Chien|100\/100|[silent]\n|-damage|p1a: Grimmsnarl|17\/100 brn|[from] brn\n|-damage|p1b: Iron Hands|42\/100 brn|[from] brn\n|-sideend|p1: SinosuperTV|move: Light Screen\n|upkeep\n|turn|9\n|inactive|SinosuperTV has 30 seconds left.\n|inactive|jdj95 has 30 seconds left.\n|\n|t:|1681744507\n|move|p2b: Wo-Chien|Protect|p2b: Wo-Chien\n|-singleturn|p2b: Wo-Chien|Protect\n|move|p1a: Grimmsnarl|Light Screen|p1a: Grimmsnarl\n|-sidestart|p1: SinosuperTV|move: Light Screen\n|move|p2a: Arcanine|Flare Blitz|p1b: Iron Hands\n|-damage|p1b: Iron Hands|26\/100 brn\n|-damage|p2a: Arcanine|60\/100|[from] Recoil\n|move|p1b: Iron Hands|Drain Punch|p2a: Arcanine\n|-damage|p2a: Arcanine|41\/100\n|-heal|p1b: Iron Hands|34\/100 brn|[from] drain|[of] p2a: Arcanine\n|\n|-damage|p1a: Grimmsnarl|5\/100 brn|[from] Leech Seed|[of] p2b: Wo-Chien\n|-damage|p1a: Grimmsnarl|0 fnt|[from] brn\n|faint|p1a: Grimmsnarl\n|-damage|p1b: Iron Hands|28\/100 brn|[from] brn\n|-sideend|p1: SinosuperTV|Reflect\n|upkeep\n|\n|t:|1681744525\n|switch|p1a: Rotom|Rotom-Heat, L50|88\/100\n|turn|10\n|inactive|SinosuperTV has 30 seconds left.\n|\n|t:|1681744559\n|move|p1a: Rotom|Thunderbolt|p2b: Wo-Chien\n|-supereffective|p2b: Wo-Chien\n|-damage|p2b: Wo-Chien|49\/100\n|move|p2a: Arcanine|Flare Blitz|p1b: Iron Hands\n|-damage|p1b: Iron Hands|4\/100 brn\n|-damage|p2a: Arcanine|32\/100|[from] Recoil\n|move|p2b: Wo-Chien|Leech Seed|p1a: Rotom\n|-start|p1a: Rotom|move: Leech Seed\n|move|p1b: Iron Hands|Wild Charge|p2b: Wo-Chien\n|-supereffective|p2b: Wo-Chien\n|-damage|p2b: Wo-Chien|0 fnt\n|faint|p2b: Wo-Chien\n|-damage|p1b: Iron Hands|0 fnt|[from] Recoil\n|faint|p1b: Iron Hands\n|-end|p1b: Iron Hands|Quark Drive|[silent]\n|\n|upkeep\n|\n|t:|1681744572\n|switch|p2b: Iron Bundle|Iron Bundle, L50|66\/100\n|switch|p1b: Wo-Chien|Wo-Chien, L50|83\/100 brn\n|-activate|p2b: Iron Bundle|ability: Quark Drive\n|-start|p2b: Iron Bundle|quarkdrivespe\n|-ability|p1b: Wo-Chien|Tablets of Ruin\n|turn|11\n|inactive|SinosuperTV has 30 seconds left.\n|\n|t:|1681744598\n|move|p2b: Iron Bundle|Protect|p2b: Iron Bundle\n|-singleturn|p2b: Iron Bundle|Protect\n|move|p1a: Rotom|Thunderbolt|p2b: Iron Bundle\n|-activate|p2b: Iron Bundle|move: Protect\n|move|p2a: Arcanine|Flare Blitz|p1b: Wo-Chien\n|-supereffective|p1b: Wo-Chien\n|-damage|p1b: Wo-Chien|21\/100 brn\n|-damage|p2a: Arcanine|13\/100|[from] Recoil\n|move|p1b: Wo-Chien|Leech Seed|p2a: Arcanine\n|-start|p2a: Arcanine|move: Leech Seed\n|\n|-heal|p1b: Wo-Chien|27\/100 brn|[from] item: Leftovers\n|-damage|p1a: Rotom|76\/100|[from] Leech Seed|[of] p2b: Iron Bundle\n|-heal|p2b: Iron Bundle|81\/100|[silent]\n|-damage|p2a: Arcanine|0 fnt|[from] Leech Seed|[of] p1b: Wo-Chien\n|-heal|p1b: Wo-Chien|40\/100 brn|[silent]\n|faint|p2a: Arcanine\n|-damage|p1b: Wo-Chien|34\/100 brn|[from] brn\n|-fieldend|move: Electric Terrain\n|-end|p2b: Iron Bundle|Quark Drive\n|upkeep\n|turn|12\n|inactive|SinosuperTV has 30 seconds left.\n|inactive|jdj95 has 30 seconds left.\n|\n|t:|1681744623\n|move|p2b: Iron Bundle|Hydro Pump|p1a: Rotom|[miss]\n|-miss|p2b: Iron Bundle|p1a: Rotom\n|move|p1a: Rotom|Thunderbolt|p2b: Iron Bundle\n|-supereffective|p2b: Iron Bundle\n|-damage|p2b: Iron Bundle|0 fnt\n|faint|p2b: Iron Bundle\n|-end|p2b: Iron Bundle|Quark Drive|[silent]\n|\n|win|SinosuperTV\n|raw|SinosuperTV's rating: 1167 → 1193<\/strong> (+26 for winning)\n|raw|jdj95's rating: 1179 → 1153<\/strong> (-26 for losing)\n","uploadtime":1681744628,"views":15,"p1id":"sinosupertv","p2id":"jdj95","formatid":"gen9vgc2023regulationc","rating":1153,"private":0,"password":""}