{"id":"gen9vgc2023regulationc-1857279212","p1":"Porygonic-Z","p2":"shuijunjun","format":"[Gen 9] VGC 2023 Regulation C","log":"|j|\u2606Porygonic-Z\n|j|\u2606shuijunjun\n|t:|1683167075\n|gametype|doubles\n|player|p1|Porygonic-Z|grimsley|1208\n|player|p2|shuijunjun|iono|1263\n|teamsize|p1|6\n|teamsize|p2|6\n|gen|9\n|tier|[Gen 9] VGC 2023 Regulation C\n|rated|\n|rule|Species Clause: Limit one of each Pok\u00e9mon\n|rule|Item Clause: Limit one of each item\n|clearpoke\n|poke|p1|Hawlucha, L50, M|\n|poke|p1|Farigiraf, L50, F|\n|poke|p1|Magnezone, L50|\n|poke|p1|Sylveon, L50, F|\n|poke|p1|Dragapult, L50, M|\n|poke|p1|Palafin, L50, F|\n|poke|p2|Armarouge, L50, F|\n|poke|p2|Maushold-Four, L50|\n|poke|p2|Flutter Mane, L50|\n|poke|p2|Iron Bundle, L50|\n|poke|p2|Chien-Pao, L50|\n|poke|p2|Dragonite, L50, M|\n|teampreview|4\nshuijunjun rejected open team sheets.\n|\n|t:|1683167136\n|start\n|switch|p1a: Hawlucha|Hawlucha, L50, M|100\/100\n|switch|p1b: Palafin|Palafin, L50, F|100\/100\n|switch|p2a: Maushold|Maushold-Four, L50|100\/100\n|switch|p2b: Armarouge|Armarouge, L50, F|100\/100\n|turn|1\n|\n|t:|1683167159\n|detailschange|p1b: Palafin|Palafin-Hero, L50, F\n|switch|p1b: Sylveon|Sylveon, L50, F|100\/100\n|move|p1a: Hawlucha|Endure|p1a: Hawlucha\n|-singleturn|p1a: Hawlucha|move: Endure\n|move|p2a: Maushold|Beat Up|p2b: Armarouge\n|-supereffective|p2b: Armarouge\n|-damage|p2b: Armarouge|97\/100\n|-ability|p2b: Armarouge|Weak Armor|boost\n|-unboost|p2b: Armarouge|def|1\n|-boost|p2b: Armarouge|spe|2\n|-enditem|p2b: Armarouge|Weakness Policy\n|-boost|p2b: Armarouge|atk|2|[from] item: Weakness Policy\n|-boost|p2b: Armarouge|spa|2|[from] item: Weakness Policy\n|-supereffective|p2b: Armarouge\n|-damage|p2b: Armarouge|92\/100\n|-ability|p2b: Armarouge|Weak Armor|boost\n|-unboost|p2b: Armarouge|def|1\n|-boost|p2b: Armarouge|spe|2\n|-supereffective|p2b: Armarouge\n|-damage|p2b: Armarouge|83\/100\n|-ability|p2b: Armarouge|Weak Armor|boost\n|-unboost|p2b: Armarouge|def|1\n|-boost|p2b: Armarouge|spe|2\n|-supereffective|p2b: Armarouge\n|-damage|p2b: Armarouge|71\/100\n|-ability|p2b: Armarouge|Weak Armor|boost\n|-unboost|p2b: Armarouge|def|1\n|-hitcount|p2b: Armarouge|4\n|move|p2b: Armarouge|Stored Power|p1a: Hawlucha\n|-supereffective|p1a: Hawlucha\n|-activate|p1a: Hawlucha|move: Endure\n|-damage|p1a: Hawlucha|1\/100\n|-enditem|p1a: Hawlucha|Weakness Policy\n|-boost|p1a: Hawlucha|atk|2|[from] item: Weakness Policy\n|-boost|p1a: Hawlucha|spa|2|[from] item: Weakness Policy\n|\n|upkeep\n|turn|2\n|\n|t:|1683167194\n|move|p2b: Armarouge|Heat Wave|p1b: Sylveon|[spread] p1b\n|-miss|p2b: Armarouge|p1a: Hawlucha\n|-damage|p1b: Sylveon|48\/100\n|move|p1a: Hawlucha|Acrobatics|p2b: Armarouge\n|-crit|p2b: Armarouge\n|-damage|p2b: Armarouge|0 fnt\n|faint|p2b: Armarouge\n|move|p2a: Maushold|Population Bomb|p1b: Sylveon\n|-damage|p1b: Sylveon|42\/100\n|-damage|p1b: Sylveon|35\/100\n|-damage|p1b: Sylveon|28\/100\n|-damage|p1b: Sylveon|21\/100\n|-damage|p1b: Sylveon|14\/100\n|-damage|p1b: Sylveon|6\/100\n|-damage|p1b: Sylveon|0 fnt\n|faint|p1b: Sylveon\n|-hitcount|p1: Sylveon|7\n|\n|upkeep\n|c|\u2606shuijunjun|\u2026\u2026\n|\n|t:|1683167213\n|switch|p2b: Chien-Pao|Chien-Pao, L50|100\/100\n|switch|p1b: Dragapult|Dragapult, L50, M|100\/100\n|-ability|p2b: Chien-Pao|Sword of Ruin\n|turn|3\n|\n|t:|1683167234\n|-terastallize|p1b: Dragapult|Steel\n|move|p1a: Hawlucha|Endure|p1a: Hawlucha\n|-singleturn|p1a: Hawlucha|move: Endure\n|move|p2b: Chien-Pao|Sucker Punch|p1b: Dragapult\n|-damage|p1b: Dragapult|36\/100\n|move|p1b: Dragapult|Tera Blast|p2b: Chien-Pao\n|-supereffective|p2b: Chien-Pao\n|-enditem|p2b: Chien-Pao|Focus Sash\n|-damage|p2b: Chien-Pao|1\/100\n|-damage|p1b: Dragapult|26\/100|[from] item: Life Orb\n|move|p2a: Maushold|Encore|p1a: Hawlucha\n|-start|p1a: Hawlucha|Encore\n|\n|upkeep\n|turn|4\n|\n|t:|1683167278\n|switch|p1b: Palafin|Palafin-Hero, L50, F|100\/100\n|-activate|p1b: Palafin|ability: Zero to Hero\n|switch|p2a: Dragonite|Dragonite, L50, M|100\/100\n|move|p1a: Hawlucha|Endure||[still]\n|-fail|p1a: Hawlucha\n|move|p2b: Chien-Pao|Sacred Sword|p1b: Palafin\n|-damage|p1b: Palafin|62\/100\n|\n|upkeep\n|turn|5\n|\n|t:|1683167297\n|-terastallize|p2a: Dragonite|Normal\n|move|p1a: Hawlucha|Endure|p1a: Hawlucha\n|-singleturn|p1a: Hawlucha|move: Endure\n|move|p2a: Dragonite|Extreme Speed|p1b: Palafin\n|-damage|p1b: Palafin|0 fnt\n|faint|p1b: Palafin\n|-damage|p2a: Dragonite|91\/100|[from] item: Life Orb\n|move|p2b: Chien-Pao|Ice Shard|p1a: Hawlucha\n|-supereffective|p1a: Hawlucha\n|-activate|p1a: Hawlucha|move: Endure\n|-damage|p1a: Hawlucha|1\/100\n|\n|upkeep\n|\n|t:|1683167303\n|switch|p1b: Dragapult|Dragapult, L50, M, tera:Steel|26\/100\n|turn|6\n|\n|t:|1683167309\n|move|p1a: Hawlucha|Endure|p1a: Hawlucha\n|-singleturn|p1a: Hawlucha|move: Endure\n|move|p2a: Dragonite|Extreme Speed|p1a: Hawlucha\n|-activate|p1a: Hawlucha|move: Endure\n|-damage|p1a: Hawlucha|1\/100\n|-damage|p2a: Dragonite|81\/100|[from] item: Life Orb\n|move|p2b: Chien-Pao|Sucker Punch|p1b: Dragapult\n|-damage|p1b: Dragapult|0 fnt\n|faint|p1b: Dragapult\n|\n|-end|p1a: Hawlucha|Encore\n|upkeep\n|turn|7\n|\n|t:|1683167327\n|move|p2a: Dragonite|Extreme Speed|p1a: Hawlucha\n|-damage|p1a: Hawlucha|0 fnt\n|faint|p1a: Hawlucha\n|-damage|p2a: Dragonite|72\/100|[from] item: Life Orb\n|\n|win|shuijunjun\n|raw|Porygonic-Z's rating: 1208 → 1187<\/strong> (-21 for losing)\n|raw|shuijunjun's rating: 1263 → 1284<\/strong> (+21 for winning)\n","uploadtime":1683167332,"views":16,"p1id":"porygonicz","p2id":"shuijunjun","formatid":"gen9vgc2023regulationc","rating":1187,"private":0,"password":""}