{"id":"gen9vgc2023regulationc-1848276868","p1":"mx555","p2":"skraying","format":"[Gen 9] VGC 2023 Regulation C","log":"|j|\u2606mx555\n|j|\u2606skraying\n|t:|1682052219\n|gametype|doubles\n|player|p1|mx555|169|1346\n|player|p2|skraying|ethan|1410\n|teamsize|p1|6\n|teamsize|p2|6\n|gen|9\n|tier|[Gen 9] VGC 2023 Regulation C\n|rated|\n|rule|Species Clause: Limit one of each Pok\u00e9mon\n|rule|Item Clause: Limit one of each item\n|clearpoke\n|poke|p1|Indeedee-F, L50, F|\n|poke|p1|Gallade, L50, M|\n|poke|p1|Armarouge, L50, M|\n|poke|p1|Umbreon, L50, F|\n|poke|p1|Gastrodon, L50, F|\n|poke|p1|Iron Valiant, L50|\n|poke|p2|Abomasnow, L50, F|\n|poke|p2|Iron Bundle, L50|\n|poke|p2|Chien-Pao, L50|\n|poke|p2|Dragonite, L50, M|\n|poke|p2|Garchomp, L50, M|\n|poke|p2|Gyarados, L50, F|\n|teampreview|4\n|inactive|Battle timer is ON: inactive players will automatically lose when time's up. (requested by mx555)\n|inactive|skraying has 60 seconds left.\n|\n|t:|1682052280\n|start\n|switch|p1a: Indeedee|Indeedee-F, L50, F|100\/100\n|switch|p1b: Iron Valiant|Iron Valiant, L50|100\/100\n|switch|p2a: Chien-Pao|Chien-Pao, L50|100\/100\n|switch|p2b: Garchomp|Garchomp, L50, M|100\/100\n|-ability|p2a: Chien-Pao|Sword of Ruin\n|-fieldstart|move: Psychic Terrain|[from] ability: Psychic Surge|[of] p1a: Indeedee\n|turn|1\n|inactive|mx555 has 30 seconds left.\n|inactive|skraying has 30 seconds left.\n|inactive|mx555 has 20 seconds left.\n|inactive|mx555 has 15 seconds left.\n|\n|t:|1682052324\n|switch|p2b: Abomasnow|Abomasnow, L50, F|100\/100\n|-weather|Snow|[from] ability: Snow Warning|[of] p2b: Abomasnow\n|move|p2a: Chien-Pao|Ice Spinner|p1b: Iron Valiant\n|-damage|p1b: Iron Valiant|25\/100\n|-fieldend|move: Psychic Terrain\n|move|p1b: Iron Valiant|Dazzling Gleam|p2a: Chien-Pao|[spread] p2a,p2b\n|-supereffective|p2a: Chien-Pao\n|-damage|p2a: Chien-Pao|6\/100\n|-damage|p2b: Abomasnow|79\/100\n|move|p1a: Indeedee|Trick Room|p1a: Indeedee\n|-fieldstart|move: Trick Room|[of] p1a: Indeedee\n|\n|-weather|Snow|[upkeep]\n|upkeep\n|turn|2\n|\n|t:|1682052341\n|move|p2a: Chien-Pao|Protect|p2a: Chien-Pao\n|-singleturn|p2a: Chien-Pao|Protect\n|move|p2b: Abomasnow|Blizzard|p1a: Indeedee|[spread] p1a,p1b\n|-damage|p1a: Indeedee|61\/100\n|-damage|p1b: Iron Valiant|0 fnt\n|-status|p1a: Indeedee|frz\n|faint|p1b: Iron Valiant\n|-end|p1b: Iron Valiant|Quark Drive|[silent]\n|-curestatus|p1a: Indeedee|frz|[msg]\n|move|p1a: Indeedee|Dazzling Gleam|p2b: Abomasnow|[spread] p2b\n|-activate|p2a: Chien-Pao|move: Protect\n|-damage|p2b: Abomasnow|70\/100\n|\n|-weather|Snow|[upkeep]\n|upkeep\n|\n|t:|1682052346\n|switch|p1b: Gallade|Gallade, L50, M|100\/100\n|turn|3\n|inactive|skraying has 30 seconds left.\n|\n|t:|1682052380\n|move|p2b: Abomasnow|Blizzard|p1a: Indeedee|[spread] p1a,p1b\n|-damage|p1a: Indeedee|25\/100\n|-damage|p1b: Gallade|69\/100\n|move|p1a: Indeedee|Dazzling Gleam|p2a: Chien-Pao|[spread] p2a,p2b\n|-supereffective|p2a: Chien-Pao\n|-damage|p2a: Chien-Pao|0 fnt\n|-damage|p2b: Abomasnow|59\/100\n|faint|p2a: Chien-Pao\n|move|p1b: Gallade|Sacred Sword|p2b: Abomasnow\n|-supereffective|p2b: Abomasnow\n|-damage|p2b: Abomasnow|0 fnt\n|faint|p2b: Abomasnow\n|\n|-weather|Snow|[upkeep]\n|upkeep\n|\n|t:|1682052394\n|switch|p2b: Garchomp|Garchomp, L50, M|100\/100\n|switch|p2a: Iron Bundle|Iron Bundle, L50|100\/100\n|-enditem|p2a: Iron Bundle|Booster Energy\n|-activate|p2a: Iron Bundle|ability: Quark Drive|[fromitem]\n|-start|p2a: Iron Bundle|quarkdrivespe\n|turn|4\n|\n|t:|1682052408\n|-terastallize|p2b: Garchomp|Fire\n|move|p2a: Iron Bundle|Protect|p2a: Iron Bundle\n|-singleturn|p2a: Iron Bundle|Protect\n|move|p1b: Gallade|Wide Guard|p1b: Gallade\n|-singleturn|p1b: Gallade|Wide Guard\n|move|p1a: Indeedee|Dazzling Gleam|p2b: Garchomp|[spread] p2b\n|-activate|p2a: Iron Bundle|move: Protect\n|-resisted|p2b: Garchomp\n|-damage|p2b: Garchomp|93\/100\n|move|p2b: Garchomp|Earthquake|p1a: Indeedee|[spread] \n|-activate|p1a: Indeedee|move: Wide Guard\n|-activate|p1b: Gallade|move: Wide Guard\n|-activate|p2a: Iron Bundle|move: Protect\n|\n|-weather|Snow|[upkeep]\n|upkeep\n|turn|5\n|j| haoran zhou\n|inactive|mx555 has 30 seconds left.\n|inactive|skraying has 30 seconds left.\n|inactive|mx555 has 20 seconds left.\n|\n|t:|1682052445\n|move|p1a: Indeedee|Helping Hand|p1b: Gallade\n|-singleturn|p1b: Gallade|Helping Hand|[of] p1a: Indeedee\n|move|p2b: Garchomp|Protect|p2b: Garchomp\n|-singleturn|p2b: Garchomp|Protect\n|move|p1b: Gallade|Sacred Sword|p2a: Iron Bundle\n|-supereffective|p2a: Iron Bundle\n|-damage|p2a: Iron Bundle|0 fnt\n|faint|p2a: Iron Bundle\n|-end|p2a: Iron Bundle|Quark Drive|[silent]\n|\n|-weather|none\n|-fieldend|move: Trick Room\n|upkeep\n|turn|6\n|\n|t:|1682052461\n|move|p1a: Indeedee|Follow Me|p1a: Indeedee\n|-singleturn|p1a: Indeedee|move: Follow Me\n|move|p2b: Garchomp|Earthquake|p1b: Gallade|[spread] p1a,p1b\n|-damage|p1a: Indeedee|0 fnt\n|-damage|p1b: Gallade|14\/100\n|faint|p1a: Indeedee\n|move|p1b: Gallade|Trick Room|p1b: Gallade\n|-fieldstart|move: Trick Room|[of] p1b: Gallade\n|\n|upkeep\n|\n|t:|1682052464\n|switch|p1a: Armarouge|Armarouge, L50, M|100\/100\n|turn|7\n|\n|t:|1682052476\n|-terastallize|p1a: Armarouge|Grass\n|move|p1a: Armarouge|Expanding Force|p2b: Garchomp\n|-damage|p2b: Garchomp|28\/100\n|-damage|p1a: Armarouge|91\/100|[from] item: Life Orb\n|move|p1b: Gallade|Sacred Sword|p2b: Garchomp\n|-damage|p2b: Garchomp|0 fnt\n|-damage|p1b: Gallade|2\/100|[from] ability: Rough Skin|[of] p2b: Garchomp\n|faint|p2b: Garchomp\n|\n|win|mx555\n|raw|mx555's rating: 1346 → 1370<\/strong> (+24 for winning)\n|raw|skraying's rating: 1410 → 1386<\/strong> (-24 for losing)\n","uploadtime":1682052484,"views":14,"p1id":"mx555","p2id":"skraying","formatid":"gen9vgc2023regulationc","rating":1370,"private":0,"password":""}