{"id":"gen9vgc2023regulationc-1851123420","p1":"dondon_mushi","p2":"sk1191212","format":"[Gen 9] VGC 2023 Regulation C","log":"|j|\u2606dondon_mushi\n|j|\u2606sk1191212\n|t:|1682413091\n|gametype|doubles\n|player|p1|dondon_mushi|169|\n|player|p2|sk1191212|backpacker|\n|teamsize|p1|6\n|teamsize|p2|6\n|gen|9\n|tier|[Gen 9] VGC 2023 Regulation C\n|rated|Tournament battle\n|rule|Species Clause: Limit one of each Pok\u00e9mon\n|rule|Item Clause: Limit one of each item\n|clearpoke\n|poke|p1|Gyarados, L50, F|\n|poke|p1|Ceruledge, L50, M|\n|poke|p1|Amoonguss, L50, F|\n|poke|p1|Flutter Mane, L50|\n|poke|p1|Ting-Lu, L50|\n|poke|p1|Baxcalibur, L50, F|\n|poke|p2|Arcanine, L50, M|\n|poke|p2|Gallade, L50, M|\n|poke|p2|Brute Bonnet, L50|\n|poke|p2|Corviknight, L50, F|\n|poke|p2|Iron Bundle, L50|\n|poke|p2|Dragonite, L50, M|\n|teampreview|4\n|raw| Open Team Sheet for dondon_mushi<\/summary>Gyarados @ Safety Goggles Ability: Intimidate Level: 50 Tera Type: Steel - Waterfall - Protect - Thunder Wave - Taunt Ceruledge @ Clear Amulet Ability: Flash Fire Level: 50 Tera Type: Steel - Bitter Blade - Protect - Shadow Sneak - Bulk Up Amoonguss @ Sitrus Berry Ability: Regenerator Level: 50 Tera Type: Water - Pollen Puff - Protect - Spore - Rage Powder Flutter Mane @ Booster Energy Ability: Protosynthesis Level: 50 Tera Type: Fairy - Substitute - Hex - Moonblast - Protect Ting-Lu @ Choice Band Ability: Vessel of Ruin Level: 50 Tera Type: Poison - Earthquake - Stomping Tantrum - Heavy Slam - Throat Chop Baxcalibur @ Loaded Dice Ability: Thermal Exchange Level: 50 Tera Type: Poison - Icicle Spear - Protect - Ice Shard - Glaive Rush <\/details><\/div> Open Team Sheet for sk1191212<\/summary>Arcanine (M) @ Leftovers Ability: Flash Fire Level: 50 Tera Type: Water - Wild Charge - Will-O-Wisp - Flare Blitz - Protect Gallade (M) @ Focus Sash Ability: Sharpness Level: 50 Tera Type: Psychic - Sacred Sword - Shadow Sneak - Psycho Cut - Wide Guard Brute Bonnet @ Loaded Dice Ability: Protosynthesis Level: 50 Tera Type: Ghost - Sucker Punch - Bullet Seed - Spore - Protect Corviknight (F) @ Sharp Beak Ability: Mirror Armor Level: 50 Tera Type: Water - Brave Bird - Tailwind - Protect - Light Screen Iron Bundle @ Booster Energy Ability: Quark Drive Level: 50 Tera Type: Ghost - Icy Wind - Hydro Pump - Freeze-Dry - Protect Dragonite (M) @ Clear Amulet Ability: Multiscale Level: 50 Tera Type: Electric - Protect - Dragon Dance - Fire Punch - Thunder Punch <\/details><\/div>\n|inactive|Battle timer is ON: inactive players will automatically lose when time's up. (requested by dondon_mushi)\n|j| sunnyco\n|inactive|dondon_mushi has 60 seconds left.\n|inactive|sk1191212 has 60 seconds left.\n|j| Medi&friends\n|inactive|sk1191212 has 30 seconds left.\n|\n|t:|1682413151\n|start\n|switch|p1a: Amoonguss|Amoonguss, L50, F|100\/100\n|switch|p1b: Ceruledge|Ceruledge, L50, M|100\/100\n|switch|p2a: Corviknight|Corviknight, L50, F|100\/100\n|switch|p2b: Arcanine|Arcanine, L50, M|100\/100\n|turn|1\n|inactive|dondon_mushi has 30 seconds left.\n|inactive|sk1191212 has 30 seconds left.\n|inactive|sk1191212 has 20 seconds left.\n|\n|t:|1682413189\n|move|p1a: Amoonguss|Protect|p1a: Amoonguss\n|-singleturn|p1a: Amoonguss|Protect\n|move|p2b: Arcanine|Wild Charge|p1b: Ceruledge\n|-damage|p1b: Ceruledge|73\/100\n|-damage|p2b: Arcanine|93\/100|[from] Recoil\n|move|p1b: Ceruledge|Bulk Up|p1b: Ceruledge\n|-boost|p1b: Ceruledge|atk|1\n|-boost|p1b: Ceruledge|def|1\n|move|p2a: Corviknight|Brave Bird|p1b: Ceruledge\n|-damage|p1b: Ceruledge|36\/100\n|-damage|p2a: Corviknight|89\/100|[from] Recoil\n|\n|-heal|p2b: Arcanine|99\/100|[from] item: Leftovers\n|upkeep\n|turn|2\n|j| DefiAntVGC\n|\n|t:|1682413211\n|switch|p1a: Gyarados|Gyarados, L50, F|100\/100\n|-ability|p1a: Gyarados|Intimidate|boost\n|-ability|p2a: Corviknight|Mirror Armor\n|-unboost|p1a: Gyarados|atk|1\n|-unboost|p2b: Arcanine|atk|1\n|move|p2a: Corviknight|Protect|p2a: Corviknight\n|-singleturn|p2a: Corviknight|Protect\n|move|p2b: Arcanine|Flare Blitz|p1a: Gyarados\n|-resisted|p1a: Gyarados\n|-damage|p1a: Gyarados|83\/100\n|-damage|p2b: Arcanine|92\/100|[from] Recoil\n|move|p1b: Ceruledge|Bitter Blade|p2a: Corviknight\n|-activate|p2a: Corviknight|move: Protect\n|\n|-heal|p2b: Arcanine|98\/100|[from] item: Leftovers\n|upkeep\n|turn|3\n|\n|t:|1682413229\n|-terastallize|p2a: Corviknight|Water\n|move|p1a: Gyarados|Protect|p1a: Gyarados\n|-singleturn|p1a: Gyarados|Protect\n|move|p2b: Arcanine|Wild Charge|p1a: Gyarados\n|-activate|p1a: Gyarados|move: Protect\n|move|p1b: Ceruledge|Bitter Blade|p2a: Corviknight\n|-resisted|p2a: Corviknight\n|-damage|p2a: Corviknight|65\/100\n|-heal|p1b: Ceruledge|49\/100|[from] drain|[of] p2a: Corviknight\n|move|p2a: Corviknight|Tailwind|p2a: Corviknight\n|-sidestart|p2: sk1191212|move: Tailwind\n|\n|-heal|p2b: Arcanine|100\/100|[from] item: Leftovers\n|upkeep\n|turn|4\n|inactive|dondon_mushi has 30 seconds left.\n|\n|t:|1682413257\n|switch|p1a: Amoonguss|Amoonguss, L50, F|100\/100\n|move|p2b: Arcanine|Wild Charge|p1b: Ceruledge\n|-damage|p1b: Ceruledge|36\/100\n|-damage|p2b: Arcanine|97\/100|[from] Recoil\n|move|p2a: Corviknight|Brave Bird|p1b: Ceruledge\n|-damage|p1b: Ceruledge|0 fnt\n|faint|p1b: Ceruledge\n|-damage|p2a: Corviknight|55\/100|[from] Recoil\n|\n|-heal|p2b: Arcanine|100\/100|[from] item: Leftovers\n|upkeep\n|\n|t:|1682413271\n|switch|p1b: Flutter Mane|Flutter Mane, L50|100\/100\n|-enditem|p1b: Flutter Mane|Booster Energy\n|-activate|p1b: Flutter Mane|ability: Protosynthesis|[fromitem]\n|-start|p1b: Flutter Mane|protosynthesisspa\n|turn|5\n|\n|t:|1682413285\n|-terastallize|p1a: Amoonguss|Water\n|move|p1b: Flutter Mane|Protect|p1b: Flutter Mane\n|-singleturn|p1b: Flutter Mane|Protect\n|move|p2b: Arcanine|Flare Blitz|p1a: Amoonguss\n|-resisted|p1a: Amoonguss\n|-damage|p1a: Amoonguss|84\/100\n|-damage|p2b: Arcanine|93\/100|[from] Recoil\n|move|p2a: Corviknight|Brave Bird|p1b: Flutter Mane\n|-activate|p1b: Flutter Mane|move: Protect\n|move|p1a: Amoonguss|Spore|p2b: Arcanine\n|-status|p2b: Arcanine|slp|[from] move: Spore\n|\n|-heal|p2b: Arcanine|99\/100 slp|[from] item: Leftovers\n|upkeep\n|turn|6\n|\n|t:|1682413303\n|move|p1a: Amoonguss|Rage Powder|p1a: Amoonguss\n|-singleturn|p1a: Amoonguss|move: Rage Powder\n|cant|p2b: Arcanine|slp\n|move|p2a: Corviknight|Light Screen|p2a: Corviknight\n|-sidestart|p2: sk1191212|move: Light Screen\n|move|p1b: Flutter Mane|Hex|p2b: Arcanine\n|-damage|p2b: Arcanine|40\/100 slp\n|\n|-heal|p2b: Arcanine|46\/100 slp|[from] item: Leftovers\n|-sideend|p2: sk1191212|move: Tailwind\n|upkeep\n|turn|7\n|inactive|sk1191212 has 30 seconds left.\n|\n|t:|1682413330\n|-curestatus|p2b: Arcanine|slp|[msg]\n|move|p2b: Arcanine|Protect|p2b: Arcanine\n|-singleturn|p2b: Arcanine|Protect\n|move|p1b: Flutter Mane|Hex|p2b: Arcanine\n|-activate|p2b: Arcanine|move: Protect\n|move|p2a: Corviknight|Tailwind|p2a: Corviknight\n|-sidestart|p2: sk1191212|move: Tailwind\n|move|p1a: Amoonguss|Spore|p2a: Corviknight\n|-status|p2a: Corviknight|slp|[from] move: Spore\n|\n|-heal|p2b: Arcanine|52\/100|[from] item: Leftovers\n|upkeep\n|turn|8\n|\n|t:|1682413354\n|move|p2b: Arcanine|Wild Charge|p1a: Amoonguss\n|-supereffective|p1a: Amoonguss\n|-damage|p1a: Amoonguss|52\/100\n|-damage|p2b: Arcanine|41\/100|[from] Recoil\n|cant|p2a: Corviknight|slp\n|move|p1b: Flutter Mane|Hex|p2b: Arcanine\n|-damage|p2b: Arcanine|14\/100\n|move|p1a: Amoonguss|Pollen Puff|p1b: Flutter Mane\n|-immune|p1b: Flutter Mane\n|\n|-heal|p2b: Arcanine|20\/100|[from] item: Leftovers\n|upkeep\n|turn|9\n|\n|t:|1682413374\n|move|p2b: Arcanine|Protect|p2b: Arcanine\n|-singleturn|p2b: Arcanine|Protect\n|cant|p2a: Corviknight|slp\n|move|p1b: Flutter Mane|Hex|p2a: Corviknight\n|-damage|p2a: Corviknight|0 fnt\n|faint|p2a: Corviknight\n|move|p1a: Amoonguss|Spore|p2b: Arcanine\n|-activate|p2b: Arcanine|move: Protect\n|\n|-heal|p2b: Arcanine|26\/100|[from] item: Leftovers\n|upkeep\n|\n|t:|1682413390\n|switch|p2a: Brute Bonnet|Brute Bonnet, L50|100\/100\n|turn|10\n|inactive|sk1191212 has 30 seconds left.\n|\n|t:|1682413416\n|switch|p1a: Gyarados|Gyarados, L50, F|83\/100\n|-ability|p1a: Gyarados|Intimidate|boost\n|-unboost|p2a: Brute Bonnet|atk|1\n|-unboost|p2b: Arcanine|atk|1\n|move|p1b: Flutter Mane|Protect|p1b: Flutter Mane\n|-singleturn|p1b: Flutter Mane|Protect\n|move|p2b: Arcanine|Wild Charge|p1a: Gyarados\n|-supereffective|p1a: Gyarados\n|-damage|p1a: Gyarados|29\/100\n|-damage|p2b: Arcanine|10\/100|[from] Recoil\n|move|p2a: Brute Bonnet|Bullet Seed|p1b: Flutter Mane\n|-activate|p1b: Flutter Mane|move: Protect\n|\n|-heal|p2b: Arcanine|16\/100|[from] item: Leftovers\n|-sideend|p2: sk1191212|move: Light Screen\n|-sideend|p2: sk1191212|move: Tailwind\n|upkeep\n|turn|11\n|inactive|dondon_mushi has 30 seconds left.\n|inactive|sk1191212 has 30 seconds left.\n|l| Medi&friends\n|inactive|dondon_mushi has 20 seconds left.\n|inactive|sk1191212 has 20 seconds left.\n|inactive|dondon_mushi has 15 seconds left.\n|inactive|sk1191212 has 15 seconds left.\n|inactive|dondon_mushi has 10 seconds left.\n|inactive|sk1191212 has 10 seconds left.\n|\n|t:|1682413464\n|move|p2b: Arcanine|Protect|p2b: Arcanine\n|-singleturn|p2b: Arcanine|Protect\n|move|p2a: Brute Bonnet|Sucker Punch|p1a: Gyarados\n|-damage|p1a: Gyarados|5\/100\n|move|p1b: Flutter Mane|Moonblast|p2a: Brute Bonnet\n|-supereffective|p2a: Brute Bonnet\n|-damage|p2a: Brute Bonnet|0 fnt\n|faint|p2a: Brute Bonnet\n|-end|p2a: Brute Bonnet|Protosynthesis|[silent]\n|move|p1a: Gyarados|Waterfall|p2b: Arcanine\n|-activate|p2b: Arcanine|move: Protect\n|\n|-heal|p2b: Arcanine|22\/100|[from] item: Leftovers\n|upkeep\n|\n|t:|1682413479\n|switch|p2a: Gallade|Gallade, L50, M|100\/100\n|turn|12\n|inactive|sk1191212 has 30 seconds left.\n|\n|t:|1682413508\n|switch|p1a: Amoonguss|Amoonguss, L50, F, tera:Water|85\/100\n|move|p1b: Flutter Mane|Protect|p1b: Flutter Mane\n|-singleturn|p1b: Flutter Mane|Protect\n|move|p2a: Gallade|Psycho Cut|p1b: Flutter Mane\n|-activate|p1b: Flutter Mane|move: Protect\n|move|p2b: Arcanine|Wild Charge|p1a: Amoonguss\n|-supereffective|p1a: Amoonguss\n|-damage|p1a: Amoonguss|60\/100\n|-damage|p2b: Arcanine|14\/100|[from] Recoil\n|\n|-heal|p2b: Arcanine|20\/100|[from] item: Leftovers\n|upkeep\n|turn|13\n|inactive|dondon_mushi has 30 seconds left.\n|inactive|sk1191212 has 30 seconds left.\n|j| FunneeMonkee\n|\n|t:|1682413542\n|move|p1b: Flutter Mane|Hex|p2b: Arcanine\n|-damage|p2b: Arcanine|0 fnt\n|faint|p2b: Arcanine\n|move|p2a: Gallade|Psycho Cut|p1b: Flutter Mane\n|-damage|p1b: Flutter Mane|13\/100\n|move|p1a: Amoonguss|Spore|p2a: Gallade\n|-status|p2a: Gallade|slp|[from] move: Spore\n|\n|upkeep\n|turn|14\n|\n|t:|1682413551\n|cant|p2a: Gallade|slp\n|move|p1b: Flutter Mane|Hex|p2a: Gallade\n|-supereffective|p2a: Gallade\n|-enditem|p2a: Gallade|Focus Sash\n|-damage|p2a: Gallade|1\/100 slp\n|move|p1a: Amoonguss|Pollen Puff|p1b: Flutter Mane\n|-heal|p1b: Flutter Mane|63\/100\n|\n|upkeep\n|turn|15\n|c|\u2606dondon_mushi|wp\n|-message|sk1191212 forfeited.\n|\n|win|dondon_mushi\n|n|\u2606dondon_mushi|dondonmushi\n|n|\u2606sk1191212|sk1191212\n|n| sunnyco|sunnyco\n|n| DefiAntVGC|defiantvgc\n|n| FunneeMonkee|funneemonkee\n","uploadtime":1682413564,"views":11,"p1id":"dondonmushi","p2id":"sk1191212","formatid":"gen9vgc2023regulationc","rating":0,"private":0,"password":""}