{"id":"gen9vgc2023regulationc-1849483078","p1":"BolinFB","p2":"Jangia","format":"[Gen 9] VGC 2023 Regulation C","log":"|j|\u2606BolinFB\n|j|\u2606Jangia\n|t:|1682203738\n|gametype|doubles\n|player|p1|BolinFB|steven|1146\n|player|p2|Jangia|266|1089\n|teamsize|p1|6\n|teamsize|p2|6\n|gen|9\n|tier|[Gen 9] VGC 2023 Regulation C\n|rated|\n|rule|Species Clause: Limit one of each Pok\u00e9mon\n|rule|Item Clause: Limit one of each item\n|clearpoke\n|poke|p1|Arcanine, L50, F|\n|poke|p1|Palafin, L50, F|\n|poke|p1|Ting-Lu, L50|\n|poke|p1|Gardevoir, L50, F|\n|poke|p1|Chien-Pao, L50|\n|poke|p1|Amoonguss, L50, F|\n|poke|p2|Braviary, L50, M|\n|poke|p2|Rotom-Wash, L50|\n|poke|p2|Orthworm, L50, M|\n|poke|p2|Dragonite, L50, F|\n|poke|p2|Arcanine, L50, M|\n|poke|p2|Jumpluff, L50, F|\n|teampreview|4\n|inactive|Battle timer is ON: inactive players will automatically lose when time's up. (requested by Jangia)\nBolinFB rejected open team sheets.\n|\n|t:|1682203767\n|start\n|switch|p1a: Ting-Lu|Ting-Lu, L50|100\/100\n|switch|p1b: Arcanine|Arcanine, L50, F|100\/100\n|switch|p2a: Jumpluff|Jumpluff, L50, F|100\/100\n|switch|p2b: Arcanine|Arcanine, L50, M|100\/100\n|-ability|p2b: Arcanine|Intimidate|boost\n|-unboost|p1a: Ting-Lu|atk|1\n|-unboost|p1b: Arcanine|atk|1\n|-ability|p1b: Arcanine|Intimidate|boost\n|-unboost|p2a: Jumpluff|atk|1\n|-unboost|p2b: Arcanine|atk|1\n|-ability|p1a: Ting-Lu|Vessel of Ruin\n|turn|1\n|\n|t:|1682203792\n|-terastallize|p1b: Arcanine|Normal\n|move|p1b: Arcanine|Extreme Speed|p2b: Arcanine\n|-damage|p2b: Arcanine|60\/100\n|move|p2a: Jumpluff|Tailwind|p2a: Jumpluff\n|-sidestart|p2: Jangia|move: Tailwind\n|move|p2b: Arcanine|Will-O-Wisp|p1a: Ting-Lu\n|-status|p1a: Ting-Lu|brn\n|move|p1a: Ting-Lu|Stomping Tantrum|p2b: Arcanine\n|-supereffective|p2b: Arcanine\n|-damage|p2b: Arcanine|27\/100\n|-enditem|p2b: Arcanine|Sitrus Berry|[eat]\n|-heal|p2b: Arcanine|52\/100|[from] item: Sitrus Berry\n|\n|-damage|p1a: Ting-Lu|94\/100 brn|[from] brn\n|upkeep\n|turn|2\n|inactive|Jangia has 30 seconds left.\n|inactive|Jangia has 20 seconds left.\n|inactive|Jangia has 15 seconds left.\n|\n|t:|1682203833\n|move|p1b: Arcanine|Extreme Speed|p2b: Arcanine\n|-damage|p2b: Arcanine|12\/100\n|move|p2a: Jumpluff|Strength Sap|p1a: Ting-Lu\n|-unboost|p1a: Ting-Lu|atk|1\n|move|p2b: Arcanine|Snarl|p1b: Arcanine|[spread] p1a\n|-miss|p2b: Arcanine|p1b: Arcanine\n|-resisted|p1a: Ting-Lu\n|-damage|p1a: Ting-Lu|93\/100 brn\n|-unboost|p1a: Ting-Lu|spa|1\n|move|p1a: Ting-Lu|Stomping Tantrum|p2b: Arcanine\n|-supereffective|p2b: Arcanine\n|-damage|p2b: Arcanine|0 fnt\n|faint|p2b: Arcanine\n|\n|-damage|p1a: Ting-Lu|87\/100 brn|[from] brn\n|upkeep\n|\n|t:|1682203847\n|switch|p2b: Orthworm|Orthworm, L50, M|100\/100\n|turn|3\n|\n|t:|1682203859\n|-terastallize|p2b: Orthworm|Water\n|move|p2a: Jumpluff|Strength Sap|p1a: Ting-Lu\n|-unboost|p1a: Ting-Lu|atk|1\n|move|p2b: Orthworm|Iron Defense|p2b: Orthworm\n|-boost|p2b: Orthworm|def|2\n|move|p1b: Arcanine|Flare Blitz|p2b: Orthworm\n|-resisted|p2b: Orthworm\n|-damage|p2b: Orthworm|93\/100\n|-damage|p1b: Arcanine|98\/100|[from] Recoil\n|move|p1a: Ting-Lu|Body Press|p2b: Orthworm\n|-damage|p2b: Orthworm|88\/100\n|\n|-heal|p2b: Orthworm|94\/100|[from] item: Leftovers\n|-damage|p1a: Ting-Lu|81\/100 brn|[from] brn\n|upkeep\n|turn|4\n|\n|t:|1682203880\n|move|p2a: Jumpluff|Strength Sap|p1b: Arcanine\n|-unboost|p1b: Arcanine|atk|1\n|move|p2b: Orthworm|Substitute|p2b: Orthworm\n|-start|p2b: Orthworm|Substitute\n|-damage|p2b: Orthworm|69\/100\n|move|p1b: Arcanine|Will-O-Wisp||[still]\n|-fail|p1b: Arcanine\n|move|p1a: Ting-Lu|Rock Slide|p2b: Orthworm|[spread] p2a\n|-miss|p1a: Ting-Lu|p2b: Orthworm\n|-supereffective|p2a: Jumpluff\n|-damage|p2a: Jumpluff|92\/100\n|\n|-heal|p2b: Orthworm|75\/100|[from] item: Leftovers\n|-damage|p1a: Ting-Lu|75\/100 brn|[from] brn\n|-sideend|p2: Jangia|move: Tailwind\n|upkeep\n|turn|5\n|\n|t:|1682203902\n|switch|p1b: Chien-Pao|Chien-Pao, L50|100\/100\n|-ability|p1b: Chien-Pao|Sword of Ruin\n|switch|p1a: Gardevoir|Gardevoir, L50, F, shiny|100\/100\n|-ability|p1a: Gardevoir|Infiltrator|[from] ability: Trace|[of] p2a: Jumpluff\n|move|p2a: Jumpluff|Strength Sap|p1b: Chien-Pao\n|-unboost|p1b: Chien-Pao|atk|1\n|-heal|p2a: Jumpluff|100\/100\n|move|p2b: Orthworm|Iron Defense|p2b: Orthworm\n|-boost|p2b: Orthworm|def|2\n|\n|-heal|p2b: Orthworm|81\/100|[from] item: Leftovers\n|upkeep\n|turn|6\n|inactive|BolinFB has 30 seconds left.\n|inactive|Jangia has 30 seconds left.\n|inactive|BolinFB has 20 seconds left.\n|\n|t:|1682203938\n|move|p1a: Gardevoir|Trick|p2b: Orthworm\n|-activate|p1a: Gardevoir|move: Trick|[of] p2b: Orthworm\n|-item|p2b: Orthworm|Choice Scarf|[from] move: Trick\n|-item|p1a: Gardevoir|Leftovers|[from] move: Trick\n|move|p1b: Chien-Pao|Ice Spinner|p2a: Jumpluff\n|-supereffective|p2a: Jumpluff\n|-enditem|p2a: Jumpluff|Focus Sash\n|-damage|p2a: Jumpluff|1\/100\n|move|p2a: Jumpluff|Worry Seed|p1a: Gardevoir\n|-endability|p1a: Gardevoir|Infiltrator|[from] move: Worry Seed\n|-ability|p1a: Gardevoir|Insomnia|[from] move: Worry Seed\n|move|p2b: Orthworm|Body Press|p1b: Chien-Pao\n|-supereffective|p1b: Chien-Pao\n|-enditem|p1b: Chien-Pao|Focus Sash\n|-damage|p1b: Chien-Pao|1\/100\n|\n|upkeep\n|turn|7\n|inactive|BolinFB has 30 seconds left.\n|inactive|Jangia has 30 seconds left.\n|\n|t:|1682203970\n|move|p1b: Chien-Pao|Protect|p1b: Chien-Pao\n|-singleturn|p1b: Chien-Pao|Protect\n|move|p2a: Jumpluff|Rage Powder|p2a: Jumpluff\n|-singleturn|p2a: Jumpluff|move: Rage Powder\n|move|p1a: Gardevoir|Mystical Fire|p2a: Jumpluff\n|-supereffective|p2a: Jumpluff\n|-damage|p2a: Jumpluff|0 fnt\n|faint|p2a: Jumpluff\n|move|p2b: Orthworm|Body Press|p1b: Chien-Pao\n|-activate|p1b: Chien-Pao|move: Protect\n|\n|upkeep\n|\n|t:|1682203973\n|switch|p2a: Dragonite|Dragonite, L50, F|100\/100\n|turn|8\n|\n|t:|1682203993\n|move|p2a: Dragonite|Extreme Speed|p1b: Chien-Pao\n|-damage|p1b: Chien-Pao|0 fnt\n|faint|p1b: Chien-Pao\n|move|p1a: Gardevoir|Moonblast|p2a: Dragonite\n|-supereffective|p2a: Dragonite\n|-damage|p2a: Dragonite|59\/100\n|-unboost|p2a: Dragonite|spa|1\n|-enditem|p2a: Dragonite|Weakness Policy\n|-boost|p2a: Dragonite|atk|2|[from] item: Weakness Policy\n|-boost|p2a: Dragonite|spa|2|[from] item: Weakness Policy\n|move|p2b: Orthworm|Body Press|p1a: Gardevoir\n|-resisted|p1a: Gardevoir\n|-damage|p1a: Gardevoir|69\/100\n|\n|-heal|p1a: Gardevoir|75\/100|[from] item: Leftovers\n|upkeep\n|\n|t:|1682204008\n|switch|p1b: Ting-Lu|Ting-Lu, L50|75\/100 brn\n|-ability|p1b: Ting-Lu|Vessel of Ruin\n|turn|9\n|\n|t:|1682204023\n|move|p1a: Gardevoir|Moonblast|p2a: Dragonite\n|-supereffective|p2a: Dragonite\n|-damage|p2a: Dragonite|0 fnt\n|faint|p2a: Dragonite\n|move|p2b: Orthworm|Body Press|p1b: Ting-Lu\n|-supereffective|p1b: Ting-Lu\n|-damage|p1b: Ting-Lu|0 fnt\n|faint|p1b: Ting-Lu\n|\n|-heal|p1a: Gardevoir|81\/100|[from] item: Leftovers\n|upkeep\n|\n|t:|1682204032\n|switch|p1b: Arcanine|Arcanine, L50, F, tera:Normal|98\/100\n|-ability|p1b: Arcanine|Intimidate|boost\n|-immune|p2b: Orthworm\n|turn|10\n|\n|t:|1682204045\n|move|p1b: Arcanine|Extreme Speed|p2b: Orthworm\n|-activate|p2b: Orthworm|move: Substitute|[damage]\n|move|p1a: Gardevoir|Psyshock|p2b: Orthworm\n|-activate|p2b: Orthworm|move: Substitute|[damage]\n|move|p2b: Orthworm|Body Press|p1a: Gardevoir\n|-resisted|p1a: Gardevoir\n|-damage|p1a: Gardevoir|46\/100\n|\n|-heal|p1a: Gardevoir|52\/100|[from] item: Leftovers\n|upkeep\n|turn|11\n|\n|t:|1682204060\n|move|p1b: Arcanine|Extreme Speed|p2b: Orthworm\n|-end|p2b: Orthworm|Substitute\n|move|p1a: Gardevoir|Psyshock|p2b: Orthworm\n|-damage|p2b: Orthworm|69\/100\n|move|p2b: Orthworm|Body Press|p1a: Gardevoir\n|-resisted|p1a: Gardevoir\n|-damage|p1a: Gardevoir|18\/100\n|\n|-heal|p1a: Gardevoir|24\/100|[from] item: Leftovers\n|upkeep\n|turn|12\n|\n|t:|1682204077\n|move|p1a: Gardevoir|Psyshock|p2b: Orthworm\n|-damage|p2b: Orthworm|59\/100\n|move|p1b: Arcanine|Will-O-Wisp|p2b: Orthworm\n|-status|p2b: Orthworm|brn\n|move|p2b: Orthworm|Body Press|p1a: Gardevoir\n|-resisted|p1a: Gardevoir\n|-damage|p1a: Gardevoir|9\/100\n|\n|-heal|p1a: Gardevoir|15\/100|[from] item: Leftovers\n|-damage|p2b: Orthworm|53\/100 brn|[from] brn\n|upkeep\n|turn|13\n|\n|t:|1682204100\n|move|p1b: Arcanine|Extreme Speed|p2b: Orthworm\n|-damage|p2b: Orthworm|42\/100 brn\n|move|p1a: Gardevoir|Moonblast|p2b: Orthworm\n|-damage|p2b: Orthworm|0 fnt\n|faint|p2b: Orthworm\n|\n|win|BolinFB\n|raw|BolinFB's rating: 1146 → 1167<\/strong> (+21 for winning)\n|raw|Jangia's rating: 1089 → 1069<\/strong> (-20 for losing)\n|l|\u2606Jangia\n","uploadtime":1682204116,"views":5,"p1id":"bolinfb","p2id":"jangia","formatid":"gen9vgc2023regulationc","rating":1069,"private":0,"password":""}