{"id":"gen9vgc2023regulationc-1855508172","p1":"Ricardo Randorez","p2":"gogoboots","format":"[Gen 9] VGC 2023 Regulation C","log":"|j|\u2606Ricardo Randorez\n|j|\u2606gogoboots\n|t:|1682957689\n|gametype|doubles\n|player|p1|Ricardo Randorez|1|1135\n|player|p2|gogoboots|170|1220\n|teamsize|p1|6\n|teamsize|p2|6\n|gen|9\n|tier|[Gen 9] VGC 2023 Regulation C\n|rated|\n|rule|Species Clause: Limit one of each Pok\u00e9mon\n|rule|Item Clause: Limit one of each item\n|clearpoke\n|poke|p1|Glimmora, L50, M|\n|poke|p1|Maushold-Four, L50|\n|poke|p1|Dondozo, L50, M|\n|poke|p1|Tatsugiri, L50, F|\n|poke|p1|Garganacl, L50, M|\n|poke|p1|Wo-Chien, L50|\n|poke|p2|Amoonguss, L50, F|\n|poke|p2|Garganacl, L50, F|\n|poke|p2|Arcanine, L50, F|\n|poke|p2|Annihilape, L50, M|\n|poke|p2|Iron Hands, L50|\n|poke|p2|Maushold-Four, L50|\n|teampreview|4\n|inactive|Battle timer is ON: inactive players will automatically lose when time's up. (requested by Ricardo Randorez)\n|\n|t:|1682957733\n|start\n|switch|p1a: Glimmora|Glimmora, L50, M, shiny|100\/100\n|switch|p1b: Maushold|Maushold-Four, L50|100\/100\n|switch|p2a: Garganacl|Garganacl, L50, F|100\/100\n|switch|p2b: Arcanine|Arcanine, L50, F|100\/100\n|-ability|p2b: Arcanine|Intimidate|boost\n|-unboost|p1a: Glimmora|atk|1\n|-unboost|p1b: Maushold|atk|1\n|turn|1\n|\n|t:|1682957752\n|move|p1b: Maushold|Super Fang|p2a: Garganacl\n|-damage|p2a: Garganacl|51\/100\n|-damage|p1b: Maushold|84\/100|[from] item: Rocky Helmet|[of] p2a: Garganacl\n|move|p2b: Arcanine|Flame Charge|p1b: Maushold\n|-damage|p1b: Maushold|57\/100\n|-boost|p2b: Arcanine|spe|1\n|move|p1a: Glimmora|Mortal Spin|p2a: Garganacl|[spread] p2a,p2b\n|-resisted|p2a: Garganacl\n|-damage|p2a: Garganacl|50\/100\n|-damage|p2b: Arcanine|97\/100\n|-status|p2b: Arcanine|psn\n|-damage|p1a: Glimmora|84\/100|[from] item: Rocky Helmet|[of] p2a: Garganacl\n|move|p2a: Garganacl|Salt Cure|p1a: Glimmora\n|-damage|p1a: Glimmora|75\/100\n|-start|p1a: Glimmora|Salt Cure\n|-activate|p1a: Glimmora|ability: Toxic Debris\n|-sidestart|p2: gogoboots|move: Toxic Spikes\n|\n|-damage|p2b: Arcanine|85\/100 psn|[from] psn\n|-damage|p1a: Glimmora|63\/100|[from] Salt Cure\n|upkeep\n|turn|2\n|inactive|gogoboots has 30 seconds left.\n|\n|t:|1682957779\n|move|p2b: Arcanine|Close Combat|p1b: Maushold\n|-supereffective|p1b: Maushold\n|-damage|p1b: Maushold|0 fnt\n|-unboost|p2b: Arcanine|def|1\n|-unboost|p2b: Arcanine|spd|1\n|faint|p1b: Maushold\n|move|p1a: Glimmora|Earth Power|p2a: Garganacl\n|-supereffective|p2a: Garganacl\n|-damage|p2a: Garganacl|10\/100\n|move|p2a: Garganacl|Recover|p2a: Garganacl\n|-heal|p2a: Garganacl|60\/100\n|\n|-damage|p2b: Arcanine|73\/100 psn|[from] psn\n|-damage|p1a: Glimmora|50\/100|[from] Salt Cure\n|upkeep\n|\n|t:|1682957799\n|switch|p1b: Garganacl|Garganacl, L50, M|100\/100\n|turn|3\n|\n|t:|1682957815\n|move|p2b: Arcanine|Close Combat|p1a: Glimmora\n|-damage|p1a: Glimmora|24\/100\n|-unboost|p2b: Arcanine|def|1\n|-unboost|p2b: Arcanine|spd|1\n|-activate|p1a: Glimmora|ability: Toxic Debris\n|-sidestart|p2: gogoboots|move: Toxic Spikes\n|move|p1a: Glimmora|Earth Power|p2a: Garganacl\n|-supereffective|p2a: Garganacl\n|-damage|p2a: Garganacl|22\/100\n|move|p2a: Garganacl|Recover|p2a: Garganacl\n|-heal|p2a: Garganacl|72\/100\n|move|p1b: Garganacl|Body Press|p2a: Garganacl\n|-supereffective|p2a: Garganacl\n|-damage|p2a: Garganacl|29\/100\n|-damage|p1b: Garganacl|84\/100|[from] item: Rocky Helmet|[of] p2a: Garganacl\n|\n|-damage|p2b: Arcanine|61\/100 psn|[from] psn\n|-damage|p1a: Glimmora|12\/100|[from] Salt Cure\n|upkeep\n|turn|4\n|inactive|Ricardo Randorez has 30 seconds left.\n|\n|t:|1682957841\n|move|p2b: Arcanine|Close Combat|p1b: Garganacl\n|-supereffective|p1b: Garganacl\n|-damage|p1b: Garganacl|49\/100\n|-unboost|p2b: Arcanine|def|1\n|-unboost|p2b: Arcanine|spd|1\n|-enditem|p1b: Garganacl|Sitrus Berry|[eat]\n|-heal|p1b: Garganacl|74\/100|[from] item: Sitrus Berry\n|move|p1a: Glimmora|Earth Power|p2a: Garganacl\n|-supereffective|p2a: Garganacl\n|-damage|p2a: Garganacl|0 fnt\n|faint|p2a: Garganacl\n|move|p1b: Garganacl|Salt Cure|p2b: Arcanine\n|-supereffective|p2b: Arcanine\n|-damage|p2b: Arcanine|0 fnt\n|faint|p2b: Arcanine\n|\n|-damage|p1a: Glimmora|0 fnt|[from] Salt Cure\n|faint|p1a: Glimmora\n|upkeep\n|\n|t:|1682957859\n|switch|p2b: Annihilape|Annihilape, L50, M|100\/100\n|switch|p1a: Wo-Chien|Wo-Chien, L50|100\/100\n|switch|p2a: Amoonguss|Amoonguss, L50, F|100\/100\n|-status|p2b: Annihilape|tox\n|-ability|p1a: Wo-Chien|Tablets of Ruin\n|-sideend|p2: gogoboots|move: Toxic Spikes|[of] p2a: Amoonguss\n|turn|5\n|inactive|Ricardo Randorez has 30 seconds left.\n|\n|t:|1682957889\n|-terastallize|p1a: Wo-Chien|Fairy\n|move|p2b: Annihilape|Bulk Up|p2b: Annihilape\n|-boost|p2b: Annihilape|atk|1\n|-boost|p2b: Annihilape|def|1\n|move|p1a: Wo-Chien|Leech Seed|p2b: Annihilape\n|-start|p2b: Annihilape|move: Leech Seed\n|move|p2a: Amoonguss|Pollen Puff|p1a: Wo-Chien\n|-resisted|p1a: Wo-Chien\n|-damage|p1a: Wo-Chien|95\/100\n|move|p1b: Garganacl|Salt Cure|p2a: Amoonguss\n|-crit|p2a: Amoonguss\n|-damage|p2a: Amoonguss|88\/100\n|-start|p2a: Amoonguss|Salt Cure\n|\n|-heal|p1a: Wo-Chien|100\/100|[from] item: Leftovers\n|-heal|p2a: Amoonguss|94\/100|[from] item: Black Sludge\n|-damage|p2b: Annihilape|88\/100 tox|[from] Leech Seed|[of] p1a: Wo-Chien\n|-damage|p2b: Annihilape|82\/100 tox|[from] psn\n|-damage|p2a: Amoonguss|81\/100|[from] Salt Cure\n|upkeep\n|turn|6\n|inactive|Ricardo Randorez has 30 seconds left.\n|\n|t:|1682957916\n|move|p2b: Annihilape|Drain Punch|p1b: Garganacl\n|-supereffective|p1b: Garganacl\n|-damage|p1b: Garganacl|25\/100\n|-heal|p2b: Annihilape|100\/100 tox|[from] drain|[of] p1b: Garganacl\n|move|p1a: Wo-Chien|Pollen Puff|p1b: Garganacl\n|-heal|p1b: Garganacl|75\/100\n|move|p2a: Amoonguss|Spore|p1a: Wo-Chien\n|-status|p1a: Wo-Chien|slp|[from] move: Spore\n|move|p1b: Garganacl|Iron Defense|p1b: Garganacl\n|-boost|p1b: Garganacl|def|2\n|\n|-heal|p2a: Amoonguss|88\/100|[from] item: Black Sludge\n|-damage|p2b: Annihilape|88\/100 tox|[from] Leech Seed|[of] p1a: Wo-Chien\n|-damage|p2b: Annihilape|76\/100 tox|[from] psn\n|-damage|p2a: Amoonguss|75\/100|[from] Salt Cure\n|upkeep\n|turn|7\n|inactive|Ricardo Randorez has 30 seconds left.\n|inactive|gogoboots has 30 seconds left.\n|\n|t:|1682957944\n|cant|p1a: Wo-Chien|slp\n|move|p2b: Annihilape|Drain Punch|p1b: Garganacl\n|-supereffective|p1b: Garganacl\n|-damage|p1b: Garganacl|51\/100\n|-heal|p2b: Annihilape|89\/100 tox|[from] drain|[of] p1b: Garganacl\n|move|p2a: Amoonguss|Pollen Puff|p2b: Annihilape\n|-heal|p2b: Annihilape|100\/100 tox\n|move|p1b: Garganacl|Salt Cure|p2b: Annihilape\n|-resisted|p2b: Annihilape\n|-damage|p2b: Annihilape|97\/100 tox\n|-start|p2b: Annihilape|Salt Cure\n|\n|-heal|p2a: Amoonguss|81\/100|[from] item: Black Sludge\n|-damage|p2b: Annihilape|85\/100 tox|[from] Leech Seed|[of] p1a: Wo-Chien\n|-damage|p2b: Annihilape|67\/100 tox|[from] psn\n|-damage|p2b: Annihilape|55\/100 tox|[from] Salt Cure\n|-damage|p2a: Amoonguss|69\/100|[from] Salt Cure\n|upkeep\n|turn|8\n|\n|t:|1682957969\n|move|p2b: Annihilape|Drain Punch|p1b: Garganacl\n|-supereffective|p1b: Garganacl\n|-damage|p1b: Garganacl|27\/100\n|-heal|p2b: Annihilape|67\/100 tox|[from] drain|[of] p1b: Garganacl\n|cant|p1a: Wo-Chien|slp\n|move|p2a: Amoonguss|Pollen Puff|p2b: Annihilape\n|-heal|p2b: Annihilape|100\/100 tox\n|move|p1b: Garganacl|Recover|p1b: Garganacl\n|-heal|p1b: Garganacl|77\/100\n|\n|-heal|p2a: Amoonguss|75\/100|[from] item: Black Sludge\n|-damage|p2b: Annihilape|88\/100 tox|[from] Leech Seed|[of] p1a: Wo-Chien\n|-damage|p2b: Annihilape|64\/100 tox|[from] psn\n|-damage|p2b: Annihilape|52\/100 tox|[from] Salt Cure\n|-damage|p2a: Amoonguss|63\/100|[from] Salt Cure\n|upkeep\n|turn|9\n|\n|t:|1682957994\n|move|p2b: Annihilape|Rage Fist|p1a: Wo-Chien\n|-damage|p1a: Wo-Chien|61\/100 slp\n|cant|p1a: Wo-Chien|slp\n|move|p2a: Amoonguss|Pollen Puff|p2b: Annihilape\n|-heal|p2b: Annihilape|100\/100 tox\n|move|p1b: Garganacl|Iron Defense|p1b: Garganacl\n|-boost|p1b: Garganacl|def|2\n|\n|-heal|p1a: Wo-Chien|67\/100 slp|[from] item: Leftovers\n|-heal|p2a: Amoonguss|69\/100|[from] item: Black Sludge\n|-damage|p2b: Annihilape|88\/100 tox|[from] Leech Seed|[of] p1a: Wo-Chien\n|-heal|p1a: Wo-Chien|79\/100 slp|[silent]\n|-damage|p2b: Annihilape|58\/100 tox|[from] psn\n|-damage|p2b: Annihilape|45\/100 tox|[from] Salt Cure\n|-damage|p2a: Amoonguss|56\/100|[from] Salt Cure\n|upkeep\n|turn|10\n|\n|t:|1682958019\n|move|p2b: Annihilape|Rage Fist|p1a: Wo-Chien\n|-damage|p1a: Wo-Chien|41\/100 slp\n|-curestatus|p1a: Wo-Chien|slp|[msg]\n|move|p1a: Wo-Chien|Pollen Puff|p2a: Amoonguss\n|-damage|p2a: Amoonguss|38\/100\n|move|p2a: Amoonguss|Pollen Puff|p2b: Annihilape\n|-heal|p2b: Annihilape|95\/100 tox\n|move|p1b: Garganacl|Body Press|p2a: Amoonguss\n|-resisted|p2a: Amoonguss\n|-damage|p2a: Amoonguss|11\/100\n|\n|-heal|p1a: Wo-Chien|47\/100|[from] item: Leftovers\n|-heal|p2a: Amoonguss|17\/100|[from] item: Black Sludge\n|-damage|p2b: Annihilape|83\/100 tox|[from] Leech Seed|[of] p1a: Wo-Chien\n|-heal|p1a: Wo-Chien|59\/100|[silent]\n|-damage|p2b: Annihilape|46\/100 tox|[from] psn\n|-damage|p2b: Annihilape|34\/100 tox|[from] Salt Cure\n|-damage|p2a: Amoonguss|4\/100|[from] Salt Cure\n|upkeep\n|turn|11\n|inactive|Ricardo Randorez has 30 seconds left.\n|inactive|gogoboots has 30 seconds left.\n|\n|t:|1682958046\n|move|p1a: Wo-Chien|Protect|p1a: Wo-Chien\n|-singleturn|p1a: Wo-Chien|Protect\n|move|p2b: Annihilape|Rage Fist|p1a: Wo-Chien\n|-activate|p1a: Wo-Chien|move: Protect\n|move|p2a: Amoonguss|Pollen Puff|p2b: Annihilape\n|-heal|p2b: Annihilape|84\/100 tox\n|move|p1b: Garganacl|Recover|p1b: Garganacl\n|-heal|p1b: Garganacl|100\/100\n|\n|-heal|p1a: Wo-Chien|65\/100|[from] item: Leftovers\n|-heal|p2a: Amoonguss|11\/100|[from] item: Black Sludge\n|-damage|p2b: Annihilape|72\/100 tox|[from] Leech Seed|[of] p1a: Wo-Chien\n|-heal|p1a: Wo-Chien|78\/100|[silent]\n|-damage|p2b: Annihilape|29\/100 tox|[from] psn\n|-damage|p2b: Annihilape|17\/100 tox|[from] Salt Cure\n|-damage|p2a: Amoonguss|0 fnt|[from] Salt Cure\n|faint|p2a: Amoonguss\n|upkeep\n|turn|12\n|-message|gogoboots forfeited.\n|\n|win|Ricardo Randorez\n|raw|Ricardo Randorez's rating: 1135 → 1166<\/strong> (+31 for winning)\n|raw|gogoboots's rating: 1220 → 1189<\/strong> (-31 for losing)\n|l|\u2606gogoboots\n","uploadtime":1682958069,"views":20,"p1id":"ricardorandorez","p2id":"gogoboots","formatid":"gen9vgc2023regulationc","rating":1166,"private":0,"password":""}