{"id":"gen9vgc2023regulationc-1851913240","p1":"Balina18","p2":"haha u rage quit","format":"[Gen 9] VGC 2023 Regulation C","log":"|j|\u2606Balina18\n|j|\u2606haha u rage quit\n|t:|1682504964\n|gametype|doubles\n|player|p1|Balina18|giovanni|1370\n|player|p2|haha u rage quit|pokemaniac|1409\n|teamsize|p1|6\n|teamsize|p2|6\n|gen|9\n|tier|[Gen 9] VGC 2023 Regulation C\n|rated|\n|rule|Species Clause: Limit one of each Pok\u00e9mon\n|rule|Item Clause: Limit one of each item\n|clearpoke\n|poke|p1|Orthworm, L50, F|\n|poke|p1|Dragonite, L50, F|\n|poke|p1|Chien-Pao, L50|\n|poke|p1|Flutter Mane, L50|\n|poke|p1|Gyarados, L50, F|\n|poke|p1|Ting-Lu, L50|\n|poke|p2|Glimmora, L50, M|\n|poke|p2|Iron Bundle, L50|\n|poke|p2|Dondozo, L50, M|\n|poke|p2|Dragonite, L50, M|\n|poke|p2|Tatsugiri-Droopy, L50, M|\n|poke|p2|Chi-Yu, L50|\n|teampreview|4\n|inactive|Battle timer is ON: inactive players will automatically lose when time's up. (requested by Balina18)\nBalina18 has agreed to open team sheets.\n|\n|t:|1682504999\n|start\n|switch|p1a: Ting-Lu|Ting-Lu, L50|100\/100\n|switch|p1b: Orthworm|Orthworm, L50, F|100\/100\n|switch|p2a: Iron Bundle|Iron Bundle, L50, shiny|100\/100\n|switch|p2b: Chi-Yu|Chi-Yu, L50|100\/100\n|-ability|p2b: Chi-Yu|Beads of Ruin\n|-ability|p1a: Ting-Lu|Vessel of Ruin\n|-enditem|p2a: Iron Bundle|Booster Energy\n|-activate|p2a: Iron Bundle|ability: Quark Drive|[fromitem]\n|-start|p2a: Iron Bundle|quarkdrivespe\n|turn|1\n|\n|t:|1682505017\n|switch|p1b: Dragonite|Dragonite, L50, F|100\/100\n|move|p2b: Chi-Yu|Protect|p2b: Chi-Yu\n|-singleturn|p2b: Chi-Yu|Protect\n|move|p2a: Iron Bundle|Hydro Pump|p1a: Ting-Lu\n|-supereffective|p1a: Ting-Lu\n|-damage|p1a: Ting-Lu|42\/100\n|move|p1a: Ting-Lu|Bulldoze|p2a: Iron Bundle|[spread] p2a\n|-activate|p2b: Chi-Yu|move: Protect\n|-immune|p1b: Dragonite\n|-damage|p2a: Iron Bundle|77\/100\n|-unboost|p2a: Iron Bundle|spe|1\n|\n|upkeep\n|turn|2\n|inactive|haha u rage quit has 30 seconds left.\n|inactive|Balina18 has 30 seconds left.\n|\n|t:|1682505051\n|switch|p2b: Dondozo|Dondozo, L50, M|100\/100\n|-terastallize|p1b: Dragonite|Flying\n|move|p2a: Iron Bundle|Icy Wind|p1a: Ting-Lu|[spread] p1b\n|-miss|p2a: Iron Bundle|p1a: Ting-Lu\n|-supereffective|p1b: Dragonite\n|-damage|p1b: Dragonite|85\/100\n|-unboost|p1b: Dragonite|spe|1\n|move|p1b: Dragonite|Dragon Dance|p1b: Dragonite\n|-boost|p1b: Dragonite|atk|1\n|-boost|p1b: Dragonite|spe|1\n|move|p1a: Ting-Lu|Bulldoze|p2a: Iron Bundle|[spread] p2a,p2b\n|-immune|p1b: Dragonite\n|-damage|p2a: Iron Bundle|54\/100\n|-damage|p2b: Dondozo|88\/100\n|-unboost|p2a: Iron Bundle|spe|1\n|-unboost|p2b: Dondozo|spe|1\n|\n|-heal|p2b: Dondozo|94\/100|[from] item: Leftovers\n|upkeep\n|turn|3\n|\n|t:|1682505074\n|switch|p1a: Chien-Pao|Chien-Pao, L50|100\/100\n|-ability|p1a: Chien-Pao|Sword of Ruin\n|switch|p2b: Tatsugiri|Tatsugiri-Droopy, L50, M|100\/100\n|move|p2a: Iron Bundle|Freeze-Dry|p1b: Dragonite\n|-supereffective|p1b: Dragonite\n|-damage|p1b: Dragonite|22\/100\n|move|p1b: Dragonite|Tera Blast|p2b: Tatsugiri\n|-damage|p2b: Tatsugiri|0 fnt\n|faint|p2b: Tatsugiri\n|\n|upkeep\n|\n|t:|1682505097\n|switch|p2b: Chi-Yu|Chi-Yu, L50|100\/100\n|-ability|p2b: Chi-Yu|Beads of Ruin\n|turn|4\n|\n|t:|1682505115\n|move|p2b: Chi-Yu|Protect|p2b: Chi-Yu\n|-singleturn|p2b: Chi-Yu|Protect\n|move|p1b: Dragonite|Extreme Speed|p2b: Chi-Yu\n|-activate|p2b: Chi-Yu|move: Protect\n|move|p1a: Chien-Pao|Sucker Punch|p2a: Iron Bundle\n|-damage|p2a: Iron Bundle|2\/100\n|move|p2a: Iron Bundle|Icy Wind|p1b: Dragonite|[spread] p1a,p1b\n|-resisted|p1a: Chien-Pao\n|-supereffective|p1b: Dragonite\n|-damage|p1a: Chien-Pao|80\/100\n|-damage|p1b: Dragonite|0 fnt\n|-unboost|p1a: Chien-Pao|spe|1\n|faint|p1b: Dragonite\n|\n|upkeep\n|\n|t:|1682505127\n|switch|p1b: Ting-Lu|Ting-Lu, L50|42\/100\n|-ability|p1b: Ting-Lu|Vessel of Ruin\n|turn|5\n|inactive|haha u rage quit has 30 seconds left.\n|inactive|haha u rage quit has 20 seconds left.\n|inactive|haha u rage quit has 15 seconds left.\n|inactive|haha u rage quit has 10 seconds left.\n|\n|t:|1682505175\n|switch|p1a: Orthworm|Orthworm, L50, F|100\/100\n|move|p2a: Iron Bundle|Icy Wind|p1a: Orthworm|[spread] p1a,p1b\n|-resisted|p1a: Orthworm\n|-supereffective|p1b: Ting-Lu\n|-damage|p1a: Orthworm|87\/100\n|-damage|p1b: Ting-Lu|24\/100\n|-unboost|p1a: Orthworm|spe|1\n|-unboost|p1b: Ting-Lu|spe|1\n|move|p2b: Chi-Yu|Heat Wave|p1a: Orthworm|[spread] p1a,p1b\n|-supereffective|p1a: Orthworm\n|-damage|p1a: Orthworm|0 fnt\n|-damage|p1b: Ting-Lu|5\/100\n|faint|p1a: Orthworm\n|move|p1b: Ting-Lu|Earthquake|p2b: Chi-Yu|[spread] p2a,p2b\n|-supereffective|p2b: Chi-Yu\n|-damage|p2a: Iron Bundle|0 fnt\n|-enditem|p2b: Chi-Yu|Focus Sash\n|-damage|p2b: Chi-Yu|1\/100\n|faint|p2a: Iron Bundle\n|-end|p2a: Iron Bundle|Quark Drive|[silent]\n|\n|upkeep\n|\n|t:|1682505191\n|switch|p2a: Dondozo|Dondozo, L50, M|94\/100\n|switch|p1a: Chien-Pao|Chien-Pao, L50|80\/100\n|-ability|p1a: Chien-Pao|Sword of Ruin\n|turn|6\n|\n|t:|1682505216\n|move|p1a: Chien-Pao|Protect|p1a: Chien-Pao\n|-singleturn|p1a: Chien-Pao|Protect\n|move|p2b: Chi-Yu|Protect|p2b: Chi-Yu\n|-singleturn|p2b: Chi-Yu|Protect\n|move|p2a: Dondozo|Earthquake|p1a: Chien-Pao|[spread] p1b\n|-activate|p2b: Chi-Yu|move: Protect\n|-activate|p1a: Chien-Pao|move: Protect\n|-damage|p1b: Ting-Lu|0 fnt\n|faint|p1b: Ting-Lu\n|\n|-heal|p2a: Dondozo|100\/100|[from] item: Leftovers\n|upkeep\n|turn|7\n|\n|t:|1682505228\n|move|p1a: Chien-Pao|Sucker Punch|p2b: Chi-Yu\n|-resisted|p2b: Chi-Yu\n|-damage|p2b: Chi-Yu|0 fnt\n|faint|p2b: Chi-Yu\n|move|p2a: Dondozo|Wave Crash|p1a: Chien-Pao\n|-damage|p1a: Chien-Pao|9\/100\n|-damage|p2a: Dondozo|84\/100|[from] Recoil\n|\n|-heal|p2a: Dondozo|90\/100|[from] item: Leftovers\n|upkeep\n|turn|8\n|\n|t:|1682505236\n|move|p1a: Chien-Pao|Sucker Punch|p2a: Dondozo\n|-damage|p2a: Dondozo|58\/100\n|move|p2a: Dondozo|Wave Crash|p1a: Chien-Pao\n|-damage|p1a: Chien-Pao|0 fnt\n|faint|p1a: Chien-Pao\n|-damage|p2a: Dondozo|57\/100|[from] Recoil\n|\n|win|haha u rage quit\n|raw|Balina18's rating: 1370 → 1352<\/strong> (-18 for losing)\n|raw|haha u rage quit's rating: 1409 → 1427<\/strong> (+18 for winning)\n","uploadtime":1682505253,"views":10,"p1id":"balina18","p2id":"hahauragequit","formatid":"gen9vgc2023regulationc","rating":1352,"private":0,"password":""}