{"id":"gen9vgc2023regulationc-1864314419","p1":"ckierico","p2":"HakuCookie","format":"[Gen 9] VGC 2023 Regulation C","log":"|j|\u2606ckierico\n|j|\u2606HakuCookie\n|t:|1684154149\n|gametype|doubles\n|player|p1|ckierico|ninjaboy|1261\n|player|p2|HakuCookie|101|1347\n|teamsize|p1|6\n|teamsize|p2|6\n|gen|9\n|tier|[Gen 9] VGC 2023 Regulation C\n|rated|\n|rule|Species Clause: Limit one of each Pok\u00e9mon\n|rule|Item Clause: Limit one of each item\n|clearpoke\n|poke|p1|Lycanroc-Dusk, L50, M|\n|poke|p1|Chien-Pao, L50|\n|poke|p1|Palafin, L50, M|\n|poke|p1|Kingambit, L50, F|\n|poke|p1|Amoonguss, L50, M|\n|poke|p1|Flutter Mane, L50|\n|poke|p2|Flutter Mane, L50|\n|poke|p2|Chi-Yu, L50|\n|poke|p2|Roaring Moon, L50|\n|poke|p2|Jumpluff, L50, F|\n|poke|p2|Salamence, L50, F|\n|poke|p2|Torkoal, L50, M|\n|teampreview|4\n|inactive|Battle timer is ON: inactive players will automatically lose when time's up. (requested by ckierico)\nckierico has agreed to open team sheets.\n|\n|t:|1684154177\n|start\n|switch|p1a: Lycanroc|Lycanroc-Dusk, L50, M|100\/100\n|switch|p1b: Palafin|Palafin, L50, M|100\/100\n|switch|p2a: Flutter Mane|Flutter Mane, L50|100\/100\n|switch|p2b: Jumpluff|Jumpluff, L50, F|100\/100\n|turn|1\n|\n|t:|1684154198\n|detailschange|p1b: Palafin|Palafin-Hero, L50, M\n|switch|p1b: Chien-Pao|Chien-Pao, L50|100\/100\n|-ability|p1b: Chien-Pao|Sword of Ruin\n|move|p2b: Jumpluff|Rage Powder|p2b: Jumpluff\n|-singleturn|p2b: Jumpluff|move: Rage Powder\n|move|p1a: Lycanroc|Rock Slide|p2a: Flutter Mane|[spread] p2a,p2b\n|-supereffective|p2b: Jumpluff\n|-damage|p2a: Flutter Mane|38\/100\n|-enditem|p2b: Jumpluff|Focus Sash\n|-damage|p2b: Jumpluff|1\/100\n|move|p2a: Flutter Mane|Trick Room|p2a: Flutter Mane\n|-fieldstart|move: Trick Room|[of] p2a: Flutter Mane\n|\n|upkeep\n|turn|2\n|inactive|HakuCookie has 30 seconds left.\n|\n|t:|1684154227\n|-end|p2a: Flutter Mane|Protosynthesis|[silent]\n|switch|p2a: Torkoal|Torkoal, L50, M|100\/100\n|-weather|SunnyDay|[from] ability: Drought|[of] p2a: Torkoal\n|move|p1b: Chien-Pao|Sucker Punch||[still]\n|-fail|p1b: Chien-Pao\n|move|p1a: Lycanroc|Rock Slide|p2a: Torkoal|[spread] p2a,p2b\n|-supereffective|p2a: Torkoal\n|-supereffective|p2b: Jumpluff\n|-damage|p2a: Torkoal|15\/100\n|-damage|p2b: Jumpluff|0 fnt\n|faint|p2b: Jumpluff\n|\n|-weather|SunnyDay|[upkeep]\n|upkeep\n|\n|t:|1684154236\n|switch|p2b: Flutter Mane|Flutter Mane, L50|38\/100\n|-activate|p2b: Flutter Mane|ability: Protosynthesis\n|-start|p2b: Flutter Mane|protosynthesisspa\n|turn|3\n|\n|t:|1684154245\n|move|p1b: Chien-Pao|Sucker Punch|p1a: Lycanroc\n|-damage|p1a: Lycanroc|18\/100\n|move|p2a: Torkoal|Heat Wave|p1b: Chien-Pao|[spread] p1a,p1b\n|-resisted|p1a: Lycanroc\n|-supereffective|p1b: Chien-Pao\n|-damage|p1a: Lycanroc|0 fnt\n|-enditem|p1b: Chien-Pao|Focus Sash\n|-damage|p1b: Chien-Pao|1\/100\n|faint|p1a: Lycanroc\n|move|p2b: Flutter Mane|Dazzling Gleam|p1b: Chien-Pao\n|-supereffective|p1b: Chien-Pao\n|-damage|p1b: Chien-Pao|0 fnt\n|faint|p1b: Chien-Pao\n|\n|-weather|SunnyDay|[upkeep]\n|upkeep\n|c|\u2606ckierico|lol misclick\n|c|\u2606ckierico|lmao\n|\n|t:|1684154255\n|switch|p1a: Palafin|Palafin-Hero, L50, M|100\/100\n|switch|p1b: Flutter Mane|Flutter Mane, L50|100\/100\n|-activate|p1a: Palafin|ability: Zero to Hero\n|-activate|p1b: Flutter Mane|ability: Protosynthesis\n|-start|p1b: Flutter Mane|protosynthesisspa\n|turn|4\n|\n|t:|1684154271\n|-terastallize|p1b: Flutter Mane|Water\n|move|p1a: Palafin|Protect|p1a: Palafin\n|-singleturn|p1a: Palafin|Protect\n|move|p2a: Torkoal|Heat Wave|p1b: Flutter Mane|[spread] p1b\n|-activate|p1a: Palafin|move: Protect\n|-resisted|p1b: Flutter Mane\n|-damage|p1b: Flutter Mane|71\/100\n|move|p2b: Flutter Mane|Substitute|p2b: Flutter Mane\n|-start|p2b: Flutter Mane|Substitute\n|-damage|p2b: Flutter Mane|14\/100\n|move|p1b: Flutter Mane|Dazzling Gleam|p2b: Flutter Mane|[spread] p2a,p2b\n|-end|p2b: Flutter Mane|Substitute\n|-resisted|p2a: Torkoal\n|-damage|p2a: Torkoal|0 fnt\n|faint|p2a: Torkoal\n|\n|-weather|SunnyDay|[upkeep]\n|upkeep\n|\n|t:|1684154279\n|switch|p2a: Roaring Moon|Roaring Moon, L50|100\/100\n|-activate|p2a: Roaring Moon|ability: Protosynthesis\n|-start|p2a: Roaring Moon|protosynthesisatk\n|turn|5\n|\n|t:|1684154290\n|-terastallize|p2a: Roaring Moon|Ground\n|move|p1a: Palafin|Jet Punch|p2b: Flutter Mane\n|-damage|p2b: Flutter Mane|0 fnt\n|faint|p2b: Flutter Mane\n|-end|p2b: Flutter Mane|Protosynthesis|[silent]\n|move|p2a: Roaring Moon|Earthquake|p1b: Flutter Mane|[spread] p1a,p1b\n|-damage|p1a: Palafin|48\/100\n|-damage|p1b: Flutter Mane|0 fnt\n|faint|p1b: Flutter Mane\n|-end|p1b: Flutter Mane|Protosynthesis|[silent]\n|\n|-weather|SunnyDay|[upkeep]\n|-fieldend|move: Trick Room\n|upkeep\n|turn|6\n|\n|t:|1684154305\n|move|p1a: Palafin|Protect|p1a: Palafin\n|-singleturn|p1a: Palafin|Protect\n|move|p2a: Roaring Moon|Earthquake|p1a: Palafin\n|-activate|p1a: Palafin|move: Protect\n|\n|-weather|none\n|-end|p2a: Roaring Moon|Protosynthesis\n|upkeep\n|turn|7\n|\n|t:|1684154314\n|move|p1a: Palafin|Jet Punch|p2a: Roaring Moon\n|-supereffective|p2a: Roaring Moon\n|-damage|p2a: Roaring Moon|0 fnt\n|faint|p2a: Roaring Moon\n|-end|p2a: Roaring Moon|Protosynthesis|[silent]\n|\n|win|ckierico\n|raw|ckierico's rating: 1261 → 1292<\/strong> (+31 for winning)\n|raw|HakuCookie's rating: 1347 → 1322<\/strong> (-25 for losing)\n|c|\u2606ckierico|gg\n","uploadtime":1684154322,"views":11,"p1id":"ckierico","p2id":"hakucookie","formatid":"gen9vgc2023regulationc","rating":1292,"private":0,"password":""}