{"id":"gen9vgc2023regulationc-1854535610","p1":"Friendship_Z","p2":"mugiwaraLux","format":"[Gen 9] VGC 2023 Regulation C","log":"|j|\u2606Friendship_Z\n|j|\u2606mugiwaraLux\n|t:|1682823625\n|gametype|doubles\n|player|p1|Friendship_Z|dawn|1362\n|player|p2|mugiwaraLux|170|1270\n|teamsize|p1|6\n|teamsize|p2|6\n|gen|9\n|tier|[Gen 9] VGC 2023 Regulation C\n|rated|\n|rule|Species Clause: Limit one of each Pok\u00e9mon\n|rule|Item Clause: Limit one of each item\n|clearpoke\n|poke|p1|Glimmora, L50, M|\n|poke|p1|Grimmsnarl, L50, M|\n|poke|p1|Wo-Chien, L50|\n|poke|p1|Garganacl, L50, M|\n|poke|p1|Ting-Lu, L50|\n|poke|p1|Dragonite, L50, M|\n|poke|p2|Palafin, L50, F|\n|poke|p2|Amoonguss, L50, F|\n|poke|p2|Flutter Mane, L50|\n|poke|p2|Arcanine, L50, M|\n|poke|p2|Chien-Pao, L50|\n|poke|p2|Roaring Moon, L50|\n|teampreview|4\n|inactive|Battle timer is ON: inactive players will automatically lose when time's up. (requested by mugiwaraLux)\nmugiwaraLux has agreed to open team sheets.\n|inactive|mugiwaraLux has 60 seconds left.\n|\n|t:|1682823660\n|start\n|switch|p1a: Grimmsnarl|Grimmsnarl, L50, M|100\/100\n|switch|p1b: Glimmora|Glimmora, L50, M|100\/100\n|switch|p2a: Palafin|Palafin, L50, F|100\/100\n|switch|p2b: Arcanine|Arcanine, L50, M|100\/100\n|-ability|p2b: Arcanine|Intimidate|boost\n|-unboost|p1a: Grimmsnarl|atk|1\n|-unboost|p1b: Glimmora|atk|1\n|turn|1\n|\n|t:|1682823677\n|move|p1a: Grimmsnarl|Reflect|p1a: Grimmsnarl\n|-sidestart|p1: Friendship_Z|Reflect\n|move|p2a: Palafin|Wave Crash|p1b: Glimmora\n|-supereffective|p1b: Glimmora\n|-damage|p1b: Glimmora|29\/100\n|-activate|p1b: Glimmora|ability: Toxic Debris\n|-sidestart|p2: mugiwaraLux|move: Toxic Spikes\n|-damage|p2a: Palafin|76\/100|[from] Recoil\n|move|p2b: Arcanine|Flare Blitz|p1b: Glimmora\n|-resisted|p1b: Glimmora\n|-damage|p1b: Glimmora|14\/100\n|-activate|p1b: Glimmora|ability: Toxic Debris\n|-sidestart|p2: mugiwaraLux|move: Toxic Spikes\n|-damage|p2b: Arcanine|96\/100|[from] Recoil\n|move|p1b: Glimmora|Mortal Spin|p2a: Palafin|[spread] p2a,p2b\n|-damage|p2a: Palafin|73\/100\n|-damage|p2b: Arcanine|93\/100\n|-status|p2a: Palafin|psn\n|-status|p2b: Arcanine|psn\n|\n|-damage|p2a: Palafin|60\/100 psn|[from] psn\n|-damage|p2b: Arcanine|81\/100 psn|[from] psn\n|upkeep\n|turn|2\n|\n|t:|1682823698\n|detailschange|p2a: Palafin|Palafin-Hero, L50, F\n|switch|p2a: Amoonguss|Amoonguss, L50, F|100\/100\n|-sideend|p2: mugiwaraLux|move: Toxic Spikes|[of] p2a: Amoonguss\n|switch|p1b: Dragonite|Dragonite, L50, M|100\/100\n|move|p1a: Grimmsnarl|Light Screen|p1a: Grimmsnarl\n|-sidestart|p1: Friendship_Z|move: Light Screen\n|move|p2b: Arcanine|Flare Blitz|p1a: Grimmsnarl\n|-damage|p1a: Grimmsnarl|71\/100\n|-damage|p2b: Arcanine|71\/100 psn|[from] Recoil\n|\n|-damage|p2b: Arcanine|58\/100 psn|[from] psn\n|upkeep\n|turn|3\n|\n|t:|1682823717\n|move|p2a: Amoonguss|Protect|p2a: Amoonguss\n|-singleturn|p2a: Amoonguss|Protect\n|move|p2b: Arcanine|Will-O-Wisp|p1b: Dragonite\n|-status|p1b: Dragonite|brn\n|move|p1b: Dragonite|Fire Spin|p2a: Amoonguss\n|-activate|p2a: Amoonguss|move: Protect\n|move|p1a: Grimmsnarl|Spirit Break|p2a: Amoonguss\n|-activate|p2a: Amoonguss|move: Protect\n|\n|-damage|p2b: Arcanine|46\/100 psn|[from] psn\n|-damage|p1b: Dragonite|94\/100 brn|[from] brn\n|upkeep\n|turn|4\n|\n|t:|1682823739\n|switch|p2b: Palafin|Palafin-Hero, L50, F|60\/100 psn\n|-activate|p2b: Palafin|ability: Zero to Hero\n|move|p1b: Dragonite|Fire Spin|p2a: Amoonguss\n|-supereffective|p2a: Amoonguss\n|-damage|p2a: Amoonguss|85\/100\n|-activate|p2a: Amoonguss|move: Fire Spin|[of] p1b: Dragonite\n|move|p1a: Grimmsnarl|Spirit Break|p2a: Amoonguss\n|-resisted|p2a: Amoonguss\n|-damage|p2a: Amoonguss|76\/100\n|-unboost|p2a: Amoonguss|spa|1\n|move|p2a: Amoonguss|Pollen Puff|p2b: Palafin\n|-heal|p2b: Palafin|100\/100 psn\n|\n|-damage|p2b: Palafin|88\/100 psn|[from] psn\n|-damage|p1b: Dragonite|88\/100 brn|[from] brn\n|-damage|p2a: Amoonguss|64\/100|[from] move: Fire Spin|[partiallytrapped]\n|upkeep\n|turn|5\n|\n|t:|1682823761\n|switch|p2b: Mimi|Flutter Mane, L50|100\/100\n|move|p1a: Grimmsnarl|Parting Shot|p2b: Mimi\n|-unboost|p2b: Mimi|atk|1\n|-unboost|p2b: Mimi|spa|1\n|\n|t:|1682823767\n|switch|p1a: Glimmora|Glimmora, L50, M|14\/100|[from] Parting Shot\n|move|p1b: Dragonite|Fire Spin|p2b: Mimi\n|-damage|p2b: Mimi|93\/100\n|-activate|p2b: Mimi|move: Fire Spin|[of] p1b: Dragonite\n|move|p2a: Amoonguss|Pollen Puff|p2b: Mimi\n|-heal|p2b: Mimi|100\/100\n|\n|-damage|p1b: Dragonite|82\/100 brn|[from] brn\n|-damage|p2b: Mimi|88\/100|[from] move: Fire Spin|[partiallytrapped]\n|-damage|p2a: Amoonguss|51\/100|[from] move: Fire Spin|[partiallytrapped]\n|upkeep\n|turn|6\n|inactive|Friendship_Z has 30 seconds left.\n|\n|t:|1682823802\n|switch|p1b: Grimmsnarl|Grimmsnarl, L50, M|71\/100\n|-terastallize|p2b: Mimi|Fairy\n|move|p2b: Mimi|Dazzling Gleam|p1b: Grimmsnarl|[spread] p1a,p1b\n|-resisted|p1a: Glimmora\n|-supereffective|p1b: Grimmsnarl\n|-damage|p1a: Glimmora|5\/100\n|-damage|p1b: Grimmsnarl|27\/100\n|move|p1a: Glimmora|Mortal Spin|p2a: Amoonguss|[spread] p2a,p2b\n|-supereffective|p2b: Mimi\n|-damage|p2a: Amoonguss|47\/100\n|-damage|p2b: Mimi|76\/100\n|-status|p2b: Mimi|psn\n|-enditem|p2a: Amoonguss|Sitrus Berry|[eat]\n|-heal|p2a: Amoonguss|72\/100|[from] item: Sitrus Berry\n|move|p2a: Amoonguss|Pollen Puff|p2b: Mimi\n|-heal|p2b: Mimi|100\/100 psn\n|\n|-damage|p2b: Mimi|88\/100 psn|[from] psn\n|-end|p2b: Mimi|Fire Spin|[partiallytrapped]|[silent]\n|-end|p2a: Amoonguss|Fire Spin|[partiallytrapped]|[silent]\n|upkeep\n|turn|7\n|inactive|Friendship_Z has 30 seconds left.\n|\n|t:|1682823835\n|switch|p2a: Palafin|Palafin-Hero, L50, F|88\/100 psn\n|move|p1b: Grimmsnarl|Parting Shot|p2b: Mimi\n|-unboost|p2b: Mimi|atk|1\n|-unboost|p2b: Mimi|spa|1\n|\n|t:|1682823847\n|switch|p1b: Dragonite|Dragonite, L50, M|82\/100 brn|[from] Parting Shot\n|move|p2b: Mimi|Dazzling Gleam|p1b: Dragonite|[spread] p1a,p1b\n|-resisted|p1a: Glimmora\n|-supereffective|p1b: Dragonite\n|-damage|p1a: Glimmora|0 fnt\n|-damage|p1b: Dragonite|51\/100 brn\n|faint|p1a: Glimmora\n|\n|-damage|p2b: Mimi|76\/100 psn|[from] psn\n|-damage|p2a: Palafin|76\/100 psn|[from] psn\n|-damage|p1b: Dragonite|45\/100 brn|[from] brn\n|upkeep\n|\n|t:|1682823855\n|switch|p1a: Wo-Chien|Wo-Chien, L50|100\/100\n|-ability|p1a: Wo-Chien|Tablets of Ruin\n|turn|8\n|\n|t:|1682823873\n|-end|p2b: Mimi|Protosynthesis|[silent]\n|switch|p2b: Arcanine|Arcanine, L50, M|46\/100 psn\n|-ability|p2b: Arcanine|Intimidate|boost\n|-unboost|p1a: Wo-Chien|atk|1\n|-unboost|p1b: Dragonite|atk|1\n|switch|p2a: Amoonguss|Amoonguss, L50, F|100\/100\n|-terastallize|p1a: Wo-Chien|Poison\n|move|p1b: Dragonite|Fire Spin|p2b: Arcanine\n|-resisted|p2b: Arcanine\n|-damage|p2b: Arcanine|43\/100 psn\n|-activate|p2b: Arcanine|move: Fire Spin|[of] p1b: Dragonite\n|move|p1a: Wo-Chien|Pollen Puff|p1b: Dragonite\n|-heal|p1b: Dragonite|95\/100 brn\n|\n|-damage|p2b: Arcanine|30\/100 psn|[from] psn\n|-damage|p1b: Dragonite|89\/100 brn|[from] brn\n|-damage|p2b: Arcanine|18\/100 psn|[from] move: Fire Spin|[partiallytrapped]\n|-sideend|p1: Friendship_Z|Reflect\n|upkeep\n|turn|9\n|\n|t:|1682823896\n|move|p2b: Arcanine|Extreme Speed|p1b: Dragonite\n|-damage|p1b: Dragonite|78\/100 brn\n|-damage|p2b: Arcanine|2\/100 psn|[from] item: Rocky Helmet|[of] p1b: Dragonite\n|move|p1b: Dragonite|Fire Spin|p2a: Amoonguss\n|-supereffective|p2a: Amoonguss\n|-damage|p2a: Amoonguss|86\/100\n|-activate|p2a: Amoonguss|move: Fire Spin|[of] p1b: Dragonite\n|move|p1a: Wo-Chien|Leech Seed|p2b: Arcanine|[miss]\n|-miss|p1a: Wo-Chien|p2b: Arcanine\n|move|p2a: Amoonguss|Pollen Puff|p2b: Arcanine\n|-heal|p2b: Arcanine|52\/100 psn\n|\n|-damage|p2b: Arcanine|40\/100 psn|[from] psn\n|-damage|p1b: Dragonite|72\/100 brn|[from] brn\n|-damage|p2b: Arcanine|27\/100 psn|[from] move: Fire Spin|[partiallytrapped]\n|-damage|p2a: Amoonguss|74\/100|[from] move: Fire Spin|[partiallytrapped]\n|-sideend|p1: Friendship_Z|move: Light Screen\n|upkeep\n|turn|10\n|\n|t:|1682823921\n|move|p2b: Arcanine|Protect|p2b: Arcanine\n|-singleturn|p2b: Arcanine|Protect\n|move|p1b: Dragonite|Draco Meteor|p2a: Amoonguss|[miss]\n|-miss|p1b: Dragonite|p2a: Amoonguss\n|move|p1a: Wo-Chien|Leech Seed|p2b: Arcanine\n|-activate|p2b: Arcanine|move: Protect\n|move|p2a: Amoonguss|Spore|p1a: Wo-Chien\n|-status|p1a: Wo-Chien|slp|[from] move: Spore\n|\n|-damage|p2b: Arcanine|15\/100 psn|[from] psn\n|-damage|p1b: Dragonite|66\/100 brn|[from] brn\n|-damage|p2b: Arcanine|3\/100 psn|[from] move: Fire Spin|[partiallytrapped]\n|-damage|p2a: Amoonguss|61\/100|[from] move: Fire Spin|[partiallytrapped]\n|upkeep\n|turn|11\n|\n|t:|1682823941\n|move|p2b: Arcanine|Extreme Speed|p1a: Wo-Chien\n|-damage|p1a: Wo-Chien|87\/100 slp\n|move|p1b: Dragonite|Draco Meteor|p2a: Amoonguss\n|-damage|p2a: Amoonguss|27\/100\n|-unboost|p1b: Dragonite|spa|2\n|cant|p1a: Wo-Chien|slp\n|move|p2a: Amoonguss|Pollen Puff|p2b: Arcanine\n|-heal|p2b: Arcanine|53\/100 psn\n|\n|-heal|p1a: Wo-Chien|93\/100 slp|[from] item: Leftovers\n|-damage|p2b: Arcanine|41\/100 psn|[from] psn\n|-damage|p1b: Dragonite|60\/100 brn|[from] brn\n|-damage|p2b: Arcanine|28\/100 psn|[from] move: Fire Spin|[partiallytrapped]\n|-damage|p2a: Amoonguss|15\/100|[from] move: Fire Spin|[partiallytrapped]\n|upkeep\n|turn|12\n|\n|t:|1682823962\n|move|p2b: Arcanine|Extreme Speed|p1a: Wo-Chien\n|-damage|p1a: Wo-Chien|81\/100 slp\n|move|p1b: Dragonite|Fire Spin|p2a: Amoonguss\n|-supereffective|p2a: Amoonguss\n|-damage|p2a: Amoonguss|8\/100\n|-curestatus|p1a: Wo-Chien|slp|[msg]\n|move|p1a: Wo-Chien|Pollen Puff|p1b: Dragonite\n|-heal|p1b: Dragonite|100\/100 brn\n|move|p2a: Amoonguss|Pollen Puff|p2b: Arcanine\n|-heal|p2b: Arcanine|78\/100 psn\n|\n|-heal|p1a: Wo-Chien|87\/100|[from] item: Leftovers\n|-damage|p2b: Arcanine|66\/100 psn|[from] psn\n|-damage|p1b: Dragonite|94\/100 brn|[from] brn\n|-damage|p2b: Arcanine|54\/100 psn|[from] move: Fire Spin|[partiallytrapped]\n|-damage|p2a: Amoonguss|0 fnt|[from] move: Fire Spin|[partiallytrapped]\n|faint|p2a: Amoonguss\n|upkeep\n|\n|t:|1682823970\n|switch|p2a: Mimi|Flutter Mane, L50, tera:Fairy|76\/100 psn\n|turn|13\n|\n|t:|1682823983\n|move|p2a: Mimi|Moonblast|p1b: Dragonite\n|-supereffective|p1b: Dragonite\n|-damage|p1b: Dragonite|0 fnt\n|faint|p1b: Dragonite\n|move|p2b: Arcanine|Flare Blitz|p1a: Wo-Chien\n|-damage|p1a: Wo-Chien|60\/100\n|-damage|p2b: Arcanine|45\/100 psn|[from] Recoil\n|move|p1a: Wo-Chien|Leech Seed|p2a: Mimi|[miss]\n|-miss|p1a: Wo-Chien|p2a: Mimi\n|\n|-heal|p1a: Wo-Chien|67\/100|[from] item: Leftovers\n|-damage|p2a: Mimi|63\/100 psn|[from] psn\n|-damage|p2b: Arcanine|33\/100 psn|[from] psn\n|-end|p2b: Arcanine|Fire Spin|[partiallytrapped]\n|upkeep\n|\n|t:|1682823993\n|switch|p1b: Grimmsnarl|Grimmsnarl, L50, M|27\/100\n|turn|14\n|\n|t:|1682824015\n|move|p1b: Grimmsnarl|Light Screen|p1b: Grimmsnarl\n|-sidestart|p1: Friendship_Z|move: Light Screen\n|move|p2a: Mimi|Moonblast|p1b: Grimmsnarl\n|-supereffective|p1b: Grimmsnarl\n|-damage|p1b: Grimmsnarl|0 fnt\n|faint|p1b: Grimmsnarl\n|move|p2b: Arcanine|Flare Blitz|p1a: Wo-Chien\n|-damage|p1a: Wo-Chien|35\/100\n|-status|p1a: Wo-Chien|brn\n|-damage|p2b: Arcanine|23\/100 psn|[from] Recoil\n|move|p1a: Wo-Chien|Leech Seed|p2a: Mimi\n|-start|p2a: Mimi|move: Leech Seed\n|\n|-heal|p1a: Wo-Chien|42\/100 brn|[from] item: Leftovers\n|-damage|p2a: Mimi|51\/100 psn|[from] Leech Seed|[of] p1a: Wo-Chien\n|-heal|p1a: Wo-Chien|52\/100 brn|[silent]\n|-damage|p2a: Mimi|38\/100 psn|[from] psn\n|-damage|p2b: Arcanine|11\/100 psn|[from] psn\n|-damage|p1a: Wo-Chien|45\/100 brn|[from] brn\n|upkeep\n|turn|15\n|\n|t:|1682824029\n|-end|p2a: Mimi|Protosynthesis|[silent]\n|switch|p2a: Palafin|Palafin-Hero, L50, F|76\/100 psn\n|move|p2b: Arcanine|Protect|p2b: Arcanine\n|-singleturn|p2b: Arcanine|Protect\n|move|p1a: Wo-Chien|Protect||[still]\n|-fail|p1a: Wo-Chien\n|\n|-heal|p1a: Wo-Chien|52\/100 brn|[from] item: Leftovers\n|-damage|p2a: Palafin|63\/100 psn|[from] psn\n|-damage|p2b: Arcanine|0 fnt|[from] psn\n|faint|p2b: Arcanine\n|-damage|p1a: Wo-Chien|45\/100 brn|[from] brn\n|upkeep\n|\n|t:|1682824032\n|switch|p2b: Mimi|Flutter Mane, L50, tera:Fairy|38\/100 psn\n|turn|16\n|\n|t:|1682824037\n|move|p2b: Mimi|Shadow Ball|p1a: Wo-Chien\n|-damage|p1a: Wo-Chien|24\/100 brn\n|move|p2a: Palafin|Wave Crash|p1a: Wo-Chien\n|-damage|p1a: Wo-Chien|0 fnt\n|faint|p1a: Wo-Chien\n|-damage|p2a: Palafin|55\/100 psn|[from] Recoil\n|\n|win|mugiwaraLux\n|raw|Friendship_Z's rating: 1362 → 1337<\/strong> (-25 for losing)\n|raw|mugiwaraLux's rating: 1270 → 1301<\/strong> (+31 for winning)\n|l|\u2606Friendship_Z\n||Ladder isn't responding, score probably updated but might not have (Request timeout).\n","uploadtime":1682824258,"views":13,"p1id":"friendshipz","p2id":"mugiwaralux","formatid":"gen9vgc2023regulationc","rating":1301,"private":0,"password":""}