{"id":"gen9vgc2023regulationc-1860189928","p1":"mistah mistah 11","p2":"SweetSerenityGrace","format":"[Gen 9] VGC 2023 Regulation C","log":"|j|\u2606mistah mistah 11\n|j|\u2606SweetSerenityGrace\n|t:|1683607298\n|gametype|doubles\n|player|p1|mistah mistah 11|170|1105\n|player|p2|SweetSerenityGrace|iris-gen5bw2|1183\n|teamsize|p1|6\n|teamsize|p2|6\n|gen|9\n|tier|[Gen 9] VGC 2023 Regulation C\n|rated|\n|rule|Species Clause: Limit one of each Pok\u00e9mon\n|rule|Item Clause: Limit one of each item\n|clearpoke\n|poke|p1|Flamigo, L50, F|\n|poke|p1|Tsareena, L50, F|\n|poke|p1|Torkoal, L50, M|\n|poke|p1|Flutter Mane, L50|\n|poke|p1|Baxcalibur, L50, M|\n|poke|p1|Gyarados, L50, F|\n|poke|p2|Flutter Mane, L50|\n|poke|p2|Chi-Yu, L50|\n|poke|p2|Chien-Pao, L50|\n|poke|p2|Dragonite, L50, F|\n|poke|p2|Iron Hands, L50|\n|poke|p2|Amoonguss, L50, F|\n|teampreview|4\nSweetSerenityGrace rejected open team sheets.\n|\n|t:|1683607314\n|start\n|switch|p1a: Flamigo|Flamigo, L50, F|100\/100\n|switch|p1b: Flutter Mane|Flutter Mane, L50|100\/100\n|switch|p2a: Chi-Yu|Chi-Yu, L50|100\/100\n|switch|p2b: Big Missy|Flutter Mane, L50|100\/100\n|-ability|p2a: Chi-Yu|Beads of Ruin\n|-enditem|p2b: Big Missy|Booster Energy\n|-activate|p2b: Big Missy|ability: Protosynthesis|[fromitem]\n|-start|p2b: Big Missy|protosynthesisspe\n|turn|1\n|\n|t:|1683607344\n|move|p2b: Big Missy|Protect|p2b: Big Missy\n|-singleturn|p2b: Big Missy|Protect\n|move|p2a: Chi-Yu|Protect|p2a: Chi-Yu\n|-singleturn|p2a: Chi-Yu|Protect\n|move|p1a: Flamigo|Close Combat|p2a: Chi-Yu\n|-activate|p2a: Chi-Yu|move: Protect\n|move|p1b: Flutter Mane|Shadow Ball|p2b: Big Missy\n|-activate|p2b: Big Missy|move: Protect\n|\n|upkeep\n|turn|2\n|\n|t:|1683607374\n|switch|p1a: Gyarados|Gyarados, L50, F|100\/100\n|-ability|p1a: Gyarados|Intimidate|boost\n|-unboost|p2a: Chi-Yu|atk|1\n|-unboost|p2b: Big Missy|atk|1\n|move|p2b: Big Missy|Shadow Ball|p1b: Flutter Mane\n|-supereffective|p1b: Flutter Mane\n|-enditem|p1b: Flutter Mane|Focus Sash\n|-damage|p1b: Flutter Mane|1\/100\n|move|p1b: Flutter Mane|Shadow Ball|p2b: Big Missy\n|-supereffective|p2b: Big Missy\n|-damage|p2b: Big Missy|0 fnt\n|faint|p2b: Big Missy\n|-end|p2b: Big Missy|Protosynthesis|[silent]\n|move|p2a: Chi-Yu|Heat Wave|p1b: Flutter Mane|[spread] p1a,p1b\n|-resisted|p1a: Gyarados\n|-damage|p1a: Gyarados|77\/100\n|-damage|p1b: Flutter Mane|0 fnt\n|faint|p1b: Flutter Mane\n|-end|p1b: Flutter Mane|Protosynthesis|[silent]\n|-enditem|p1a: Gyarados|Red Card|[of] p2a: Chi-Yu\n|drag|p2a: Shroomie|Amoonguss, L50, F|100\/100\n|\n|upkeep\n|\n|t:|1683607400\n|switch|p2b: Dragonite|Dragonite, L50, F|100\/100\n|switch|p1b: Tsareena|Tsareena, L50, F|100\/100\n|turn|3\n|\n|t:|1683607415\n|-terastallize|p1b: Tsareena|Water\n|move|p2a: Shroomie|Rage Powder|p2a: Shroomie\n|-singleturn|p2a: Shroomie|move: Rage Powder\n|move|p1a: Gyarados|Thunder Wave|p2a: Shroomie\n|-status|p2a: Shroomie|par\n|move|p1b: Tsareena|Taunt|p2a: Shroomie\n|-start|p2a: Shroomie|move: Taunt\n|move|p2b: Dragonite|Dragon Dance|p2b: Dragonite\n|-boost|p2b: Dragonite|atk|1\n|-boost|p2b: Dragonite|spe|1\n|\n|upkeep\n|turn|4\n|\n|t:|1683607445\n|switch|p2a: Chi-Yu|Chi-Yu, L50|100\/100\n|-ability|p2a: Chi-Yu|Beads of Ruin\n|move|p1b: Tsareena|Protect|p1b: Tsareena\n|-singleturn|p1b: Tsareena|Protect\n|move|p2b: Dragonite|Outrage|p1b: Tsareena\n|-activate|p1b: Tsareena|move: Protect\n|move|p1a: Gyarados|Thunder Wave|p2b: Dragonite\n|-status|p2b: Dragonite|par\n|-enditem|p2b: Dragonite|Lum Berry|[eat]\n|-curestatus|p2b: Dragonite|par|[msg]\n|\n|upkeep\n|turn|5\n|\n|t:|1683607478\n|move|p2b: Dragonite|Outrage|p1b: Tsareena\n|-damage|p1b: Tsareena|0 fnt\n|faint|p1b: Tsareena\n|move|p1a: Gyarados|Thunder Wave|p2b: Dragonite\n|-status|p2b: Dragonite|par\n|move|p2a: Chi-Yu|Will-O-Wisp|p1a: Gyarados\n|-status|p1a: Gyarados|brn\n|\n|-damage|p1a: Gyarados|71\/100 brn|[from] brn\n|upkeep\n|\n|t:|1683607488\n|switch|p1b: Flamigo|Flamigo, L50, F|100\/100\n|turn|6\n|\n|t:|1683607498\n|move|p2a: Chi-Yu|Protect|p2a: Chi-Yu\n|-singleturn|p2a: Chi-Yu|Protect\n|move|p1b: Flamigo|Close Combat|p2a: Chi-Yu\n|-activate|p2a: Chi-Yu|move: Protect\n|move|p1a: Gyarados|Waterfall|p2b: Dragonite\n|-resisted|p2b: Dragonite\n|-damage|p2b: Dragonite|95\/100 par\n|move|p2b: Dragonite|Outrage|p1a: Gyarados|[from]lockedmove\n|-damage|p1a: Gyarados|0 fnt\n|faint|p1a: Gyarados\n|\n|upkeep\n|turn|7\n|\n|t:|1683607515\n|move|p1b: Flamigo|Close Combat|p2a: Chi-Yu\n|-supereffective|p2a: Chi-Yu\n|-damage|p2a: Chi-Yu|0 fnt\n|-unboost|p1b: Flamigo|def|1\n|-unboost|p1b: Flamigo|spd|1\n|faint|p2a: Chi-Yu\n|cant|p2b: Dragonite|par\n|\n|-start|p2b: Dragonite|confusion|[fatigue]\n|upkeep\n|\n|t:|1683607523\n|switch|p2a: Shroomie|Amoonguss, L50, F|100\/100 par\n|turn|8\n|-message|mistah mistah 11 forfeited.\n|\n|win|SweetSerenityGrace\n|raw|mistah mistah 11's rating: 1105 → 1086<\/strong> (-19 for losing)\n|raw|SweetSerenityGrace's rating: 1183 → 1202<\/strong> (+19 for winning)\n|l|\u2606mistah mistah 11\n","uploadtime":1683607532,"views":11,"p1id":"mistahmistah11","p2id":"sweetserenitygrace","formatid":"gen9vgc2023regulationc","rating":1086,"private":0,"password":""}