{"id":"gen9vgc2023regulationc-1864082395","p1":"Sadasa14","p2":"RonJohn","format":"[Gen 9] VGC 2023 Regulation C","log":"|j|\u2606Sadasa14\n|j|\u2606RonJohn\n|t:|1684114856\n|gametype|doubles\n|player|p1|Sadasa14|265|1223\n|player|p2|RonJohn|169|1312\n|teamsize|p1|6\n|teamsize|p2|6\n|gen|9\n|tier|[Gen 9] VGC 2023 Regulation C\n|rated|\n|rule|Species Clause: Limit one of each Pok\u00e9mon\n|rule|Item Clause: Limit one of each item\n|clearpoke\n|poke|p1|Corviknight, L50, M|\n|poke|p1|Iron Moth, L50|\n|poke|p1|Flutter Mane, L50|\n|poke|p1|Garchomp, L50, F|\n|poke|p1|Baxcalibur, L50, M|\n|poke|p1|Grimmsnarl, L50, M|\n|poke|p2|Flutter Mane, L50|\n|poke|p2|Orthworm, L50, M|\n|poke|p2|Dragonite, L50, F|\n|poke|p2|Amoonguss, L50, M|\n|poke|p2|Gyarados, L50, M|\n|poke|p2|Ting-Lu, L50|\n|teampreview|4\n|inactive|Battle timer is ON: inactive players will automatically lose when time's up. (requested by Sadasa14)\nRonJohn has agreed to open team sheets.\n|inactive|RonJohn has 60 seconds left.\n|\n|t:|1684114892\n|start\n|switch|p1a: Iron Moth|Iron Moth, L50|100\/100\n|switch|p1b: Flutter Mane|Flutter Mane, L50|100\/100\n|switch|p2a: Gyarados|Gyarados, L50, M|100\/100\n|switch|p2b: Ting-Lu|Ting-Lu, L50|100\/100\n|-ability|p2a: Gyarados|Intimidate|boost\n|-unboost|p1a: Iron Moth|atk|1\n|-unboost|p1b: Flutter Mane|atk|1\n|-ability|p2b: Ting-Lu|Vessel of Ruin\n|-enditem|p1a: Iron Moth|Booster Energy\n|-activate|p1a: Iron Moth|ability: Quark Drive|[fromitem]\n|-start|p1a: Iron Moth|quarkdrivespe\n|turn|1\n|inactive|Sadasa14 has 30 seconds left.\n|\n|t:|1684114925\n|switch|p2a: Orthworm|Orthworm, L50, M|100\/100\n|-terastallize|p1a: Iron Moth|Grass\n|move|p1a: Iron Moth|Acid Spray|p2b: Ting-Lu\n|-resisted|p2b: Ting-Lu\n|-damage|p2b: Ting-Lu|96\/100\n|-unboost|p2b: Ting-Lu|spd|2\n|move|p1b: Flutter Mane|Taunt|p2a: Orthworm\n|-start|p2a: Orthworm|move: Taunt\n|move|p2b: Ting-Lu|Earthquake|p1b: Flutter Mane|[spread] p1a,p1b\n|-immune|p2a: Orthworm|[from] ability: Earth Eater\n|-resisted|p1a: Iron Moth\n|-damage|p1a: Iron Moth|77\/100\n|-damage|p1b: Flutter Mane|42\/100\n|-enditem|p1b: Flutter Mane|Sitrus Berry|[eat]\n|-heal|p1b: Flutter Mane|66\/100|[from] item: Sitrus Berry\n|\n|upkeep\n|turn|2\n|inactive|Sadasa14 has 30 seconds left.\n|inactive|RonJohn has 30 seconds left.\n|\n|t:|1684114958\n|move|p1a: Iron Moth|Fiery Dance|p2a: Orthworm\n|-supereffective|p2a: Orthworm\n|-damage|p2a: Orthworm|39\/100\n|-enditem|p2a: Orthworm|Sitrus Berry|[eat]\n|-heal|p2a: Orthworm|64\/100|[from] item: Sitrus Berry\n|move|p1b: Flutter Mane|Dazzling Gleam|p2a: Orthworm|[spread] p2a,p2b\n|-resisted|p2a: Orthworm\n|-supereffective|p2b: Ting-Lu\n|-damage|p2a: Orthworm|52\/100\n|-damage|p2b: Ting-Lu|44\/100\n|move|p2b: Ting-Lu|Ruination|p1a: Iron Moth\n|-damage|p1a: Iron Moth|39\/100\n|move|p2a: Orthworm|Heavy Slam|p1b: Flutter Mane\n|-supereffective|p1b: Flutter Mane\n|-damage|p1b: Flutter Mane|0 fnt\n|faint|p1b: Flutter Mane\n|-end|p1b: Flutter Mane|Protosynthesis|[silent]\n|\n|upkeep\n|\n|t:|1684114976\n|switch|p1b: Baxcalibur|Baxcalibur, L50, M|100\/100\n|turn|3\n|inactive|RonJohn has 30 seconds left.\n|inactive|RonJohn has 20 seconds left.\n|\n|t:|1684115014\n|move|p1a: Iron Moth|Energy Ball|p2b: Ting-Lu\n|-supereffective|p2b: Ting-Lu\n|-crit|p2b: Ting-Lu\n|-damage|p2b: Ting-Lu|0 fnt\n|faint|p2b: Ting-Lu\n|move|p1b: Baxcalibur|Swords Dance|p1b: Baxcalibur\n|-boost|p1b: Baxcalibur|atk|2\n|move|p2a: Orthworm|Body Press|p1a: Iron Moth\n|-damage|p1a: Iron Moth|0 fnt\n|faint|p1a: Iron Moth\n|-end|p1a: Iron Moth|Quark Drive|[silent]\n|\n|-end|p2a: Orthworm|move: Taunt\n|upkeep\n|\n|t:|1684115030\n|switch|p1a: Corviknight|Corviknight, L50, M|100\/100\n|switch|p2b: Gyarados|Gyarados, L50, M|100\/100\n|-ability|p2b: Gyarados|Intimidate|boost\n|-ability|p1a: Corviknight|Mirror Armor\n|-unboost|p2b: Gyarados|atk|1\n|-fail|p1b: Baxcalibur|unboost|[from] item: Clear Amulet|[of] p1b: Baxcalibur\n|turn|4\n|\n|t:|1684115055\n|move|p2a: Orthworm|Protect|p2a: Orthworm\n|-singleturn|p2a: Orthworm|Protect\n|move|p2b: Gyarados|Thunder Wave|p1b: Baxcalibur\n|-status|p1b: Baxcalibur|par\n|move|p1a: Corviknight|Iron Defense|p1a: Corviknight\n|-boost|p1a: Corviknight|def|2\n|move|p1b: Baxcalibur|Icicle Spear|p2b: Gyarados\n|-damage|p2b: Gyarados|70\/100\n|-damage|p2b: Gyarados|41\/100\n|-damage|p2b: Gyarados|9\/100\n|-damage|p2b: Gyarados|0 fnt\n|faint|p2b: Gyarados\n|-hitcount|p2: Gyarados|4\n|\n|upkeep\n|\n|t:|1684115070\n|switch|p2b: Dragonite|Dragonite, L50, F|100\/100\n|turn|5\n|inactive|RonJohn has 30 seconds left.\n|\n|t:|1684115097\n|-terastallize|p2b: Dragonite|Normal\n|move|p2b: Dragonite|Earthquake|p1a: Corviknight|[spread] p1b\n|-heal|p2a: Orthworm|77\/100|[from] ability: Earth Eater|[of] p2b: Dragonite\n|-immune|p1a: Corviknight\n|-damage|p1b: Baxcalibur|77\/100 par\n|move|p1a: Corviknight|Body Press|p2a: Orthworm\n|-supereffective|p2a: Orthworm\n|-damage|p2a: Orthworm|11\/100\n|move|p2a: Orthworm|Body Press|p1b: Baxcalibur\n|-supereffective|p1b: Baxcalibur\n|-damage|p1b: Baxcalibur|39\/100 par\n|move|p1b: Baxcalibur|Icicle Spear|p2b: Dragonite\n|-damage|p2b: Dragonite|85\/100\n|-damage|p2b: Dragonite|50\/100\n|-damage|p2b: Dragonite|18\/100\n|-damage|p2b: Dragonite|0 fnt\n|faint|p2b: Dragonite\n|-hitcount|p2: Dragonite|4\n|\n|upkeep\n|turn|6\n|\n|t:|1684115121\n|move|p1a: Corviknight|Body Press|p2a: Orthworm\n|-supereffective|p2a: Orthworm\n|-damage|p2a: Orthworm|0 fnt\n|faint|p2a: Orthworm\n|\n|win|Sadasa14\n|raw|Sadasa14's rating: 1223 → 1254<\/strong> (+31 for winning)\n|raw|RonJohn's rating: 1312 → 1287<\/strong> (-25 for losing)\n|l|\u2606Sadasa14\n","uploadtime":1684115132,"views":37,"p1id":"sadasa14","p2id":"ronjohn","formatid":"gen9vgc2023regulationc","rating":1254,"private":0,"password":""}