{"id":"gen9vgc2023regulationc-1855940153","p1":"Cozy Snail","p2":"SpooBear","format":"[Gen 9] VGC 2023 Regulation C","log":"|j|\u2606Cozy Snail\n|j|\u2606SpooBear\n|t:|1683003965\n|gametype|doubles\n|player|p1|Cozy Snail|fisherman-gen4|\n|player|p2|SpooBear|hiker-gen4|\n|teamsize|p1|6\n|teamsize|p2|6\n|gen|9\n|tier|[Gen 9] VGC 2023 Regulation C\n|rule|Species Clause: Limit one of each Pok\u00e9mon\n|rule|Item Clause: Limit one of each item\n|clearpoke\n|poke|p1|Dragonite, L50, F|\n|poke|p1|Scream Tail, L50|\n|poke|p1|Rotom-Wash, L50|\n|poke|p1|Ting-Lu, L50|\n|poke|p1|Gholdengo, L50|\n|poke|p1|Palafin, L50, M|\n|poke|p2|Tyranitar, L50, M|\n|poke|p2|Lycanroc, L50, M|\n|poke|p2|Amoonguss, L50, M|\n|poke|p2|Volcarona, L50, F|\n|poke|p2|Gyarados, L50, M|\n|poke|p2|Flutter Mane, L50|\n|teampreview|4\nSpooBear has agreed to open team sheets.\nCozy Snail has agreed to open team sheets.\n|\n|t:|1683004002\n|start\n|switch|p1a: Scream Tail|Scream Tail, L50|100\/100\n|switch|p1b: Ting-Lu|Ting-Lu, L50|100\/100\n|switch|p2a: Tyranitar|Tyranitar, L50, M, shiny|100\/100\n|switch|p2b: Lycanroc|Lycanroc, L50, M, shiny|100\/100\n|-weather|Sandstorm|[from] ability: Sand Stream|[of] p2a: Tyranitar\n|-ability|p1b: Ting-Lu|Vessel of Ruin\n|-enditem|p1a: Scream Tail|Booster Energy\n|-activate|p1a: Scream Tail|ability: Protosynthesis|[fromitem]\n|-start|p1a: Scream Tail|protosynthesisspe\n|turn|1\n|\n|t:|1683004037\n|move|p2b: Lycanroc|Rock Slide|p1a: Scream Tail|[spread] p1a\n|-miss|p2b: Lycanroc|p1b: Ting-Lu\n|-damage|p1a: Scream Tail|77\/100\n|cant|p1a: Scream Tail|flinch\n|move|p2a: Tyranitar|Heavy Slam|p1a: Scream Tail\n|-supereffective|p1a: Scream Tail\n|-damage|p1a: Scream Tail|8\/100\n|move|p1b: Ting-Lu|Heavy Slam|p2a: Tyranitar\n|-supereffective|p2a: Tyranitar\n|-damage|p2a: Tyranitar|57\/100\n|\n|-weather|Sandstorm|[upkeep]\n|-damage|p1a: Scream Tail|2\/100|[from] Sandstorm\n|upkeep\n|turn|2\n|\n|t:|1683004054\n|-end|p1a: Scream Tail|Protosynthesis|[silent]\n|switch|p1a: Rotom|Rotom-Wash, L50, shiny|100\/100\n|move|p2b: Lycanroc|Protect|p2b: Lycanroc\n|-singleturn|p2b: Lycanroc|Protect\n|move|p2a: Tyranitar|Protect|p2a: Tyranitar\n|-singleturn|p2a: Tyranitar|Protect\n|move|p1b: Ting-Lu|Earthquake|p2b: Lycanroc|[spread] \n|-activate|p2a: Tyranitar|move: Protect\n|-activate|p2b: Lycanroc|move: Protect\n|-immune|p1a: Rotom|[from] ability: Levitate\n|\n|-weather|Sandstorm|[upkeep]\n|upkeep\n|turn|3\n|\n|t:|1683004078\n|move|p2b: Lycanroc|Close Combat|p1b: Ting-Lu\n|-supereffective|p1b: Ting-Lu\n|-damage|p1b: Ting-Lu|50\/100\n|-unboost|p2b: Lycanroc|def|1\n|-unboost|p2b: Lycanroc|spd|1\n|move|p1a: Rotom|Will-O-Wisp|p2b: Lycanroc\n|-status|p2b: Lycanroc|brn\n|move|p2a: Tyranitar|Rock Slide|p1a: Rotom|[spread] p1a,p1b\n|-resisted|p1b: Ting-Lu\n|-damage|p1a: Rotom|72\/100\n|-damage|p1b: Ting-Lu|42\/100\n|move|p1b: Ting-Lu|Earthquake|p2b: Lycanroc|[spread] p2a,p2b\n|-immune|p1a: Rotom|[from] ability: Levitate\n|-supereffective|p2a: Tyranitar\n|-supereffective|p2b: Lycanroc\n|-damage|p2a: Tyranitar|4\/100\n|-enditem|p2b: Lycanroc|Focus Sash\n|-damage|p2b: Lycanroc|1\/100 brn\n|\n|-weather|Sandstorm|[upkeep]\n|-damage|p2b: Lycanroc|0 fnt|[from] brn\n|faint|p2b: Lycanroc\n|upkeep\n|\n|t:|1683004107\n|switch|p2b: Flutter Mane|Flutter Mane, L50, shiny|100\/100\n|-enditem|p2b: Flutter Mane|Booster Energy\n|-activate|p2b: Flutter Mane|ability: Protosynthesis|[fromitem]\n|-start|p2b: Flutter Mane|protosynthesisspa\n|turn|4\n|\n|t:|1683004123\n|switch|p2a: Amoonguss|Amoonguss, L50, M, shiny|100\/100\n|-terastallize|p2b: Flutter Mane|Fairy\n|move|p1b: Ting-Lu|Protect|p1b: Ting-Lu\n|-singleturn|p1b: Ting-Lu|Protect\n|move|p2b: Flutter Mane|Moonblast|p1b: Ting-Lu\n|-activate|p1b: Ting-Lu|move: Protect\n|move|p1a: Rotom|Thunderbolt|p2a: Amoonguss\n|-resisted|p2a: Amoonguss\n|-damage|p2a: Amoonguss|90\/100\n|\n|-weather|Sandstorm|[upkeep]\n|-damage|p2b: Flutter Mane|95\/100|[from] Sandstorm\n|-damage|p2a: Amoonguss|84\/100|[from] Sandstorm\n|upkeep\n|turn|5\n|\n|t:|1683004149\n|switch|p1a: Gholdengo|Gholdengo, L50|100\/100\n|-terastallize|p1b: Ting-Lu|Poison\n|move|p2a: Amoonguss|Rage Powder|p2a: Amoonguss\n|-singleturn|p2a: Amoonguss|move: Rage Powder\n|move|p2b: Flutter Mane|Moonblast|p1b: Ting-Lu\n|-resisted|p1b: Ting-Lu\n|-damage|p1b: Ting-Lu|19\/100\n|move|p1b: Ting-Lu|Heavy Slam|p2a: Amoonguss\n|-damage|p2a: Amoonguss|52\/100\n|\n|-weather|none\n|upkeep\n|turn|6\n|\n|t:|1683004167\n|move|p2a: Amoonguss|Rage Powder|p2a: Amoonguss\n|-singleturn|p2a: Amoonguss|move: Rage Powder\n|move|p2b: Flutter Mane|Shadow Ball|p1a: Gholdengo\n|-supereffective|p1a: Gholdengo\n|-damage|p1a: Gholdengo|17\/100\n|-unboost|p1a: Gholdengo|spd|1\n|move|p1a: Gholdengo|Make It Rain|p2a: Amoonguss|[spread] p2a,p2b\n|-supereffective|p2b: Flutter Mane\n|-damage|p2a: Amoonguss|12\/100\n|-damage|p2b: Flutter Mane|0 fnt\n|-unboost|p1a: Gholdengo|spa|1\n|-enditem|p2a: Amoonguss|Sitrus Berry|[eat]\n|-heal|p2a: Amoonguss|37\/100|[from] item: Sitrus Berry\n|faint|p2b: Flutter Mane\n|-end|p2b: Flutter Mane|Protosynthesis|[silent]\n|move|p1b: Ting-Lu|Heavy Slam|p2a: Amoonguss\n|-damage|p2a: Amoonguss|4\/100\n|\n|upkeep\n|\n|t:|1683004183\n|switch|p2b: Tyranitar|Tyranitar, L50, M, shiny|4\/100\n|-weather|Sandstorm|[from] ability: Sand Stream|[of] p2b: Tyranitar\n|turn|7\n|\n|t:|1683004193\n|move|p1a: Gholdengo|Make It Rain|p2a: Amoonguss|[spread] p2a,p2b\n|-supereffective|p2b: Tyranitar\n|-damage|p2a: Amoonguss|0 fnt\n|-damage|p2b: Tyranitar|0 fnt\n|-unboost|p1a: Gholdengo|spa|1\n|faint|p2a: Amoonguss\n|faint|p2b: Tyranitar\n|\n|win|Cozy Snail\n","uploadtime":1683004206,"views":11,"p1id":"cozysnail","p2id":"spoobear","formatid":"gen9vgc2023regulationc","rating":0,"private":0,"password":""}