{"id":"gen9vgc2023regulationc-1857459561","p1":"Fayds","p2":"GarchompExVgc","format":"[Gen 9] VGC 2023 Regulation C","log":"|j|\u2606Fayds\n|j|\u2606GarchompExVgc\n|t:|1683196563\n|gametype|doubles\n|player|p1|Fayds|102|1296\n|player|p2|GarchompExVgc|iris|1362\n|teamsize|p1|6\n|teamsize|p2|6\n|gen|9\n|tier|[Gen 9] VGC 2023 Regulation C\n|rated|\n|rule|Species Clause: Limit one of each Pok\u00e9mon\n|rule|Item Clause: Limit one of each item\n|clearpoke\n|poke|p1|Torkoal, L50, M|\n|poke|p1|Armarouge, L50, F|\n|poke|p1|Hatterene, L50, F|\n|poke|p1|Indeedee-F, L50, F|\n|poke|p1|Scizor, L50, M|\n|poke|p1|Lilligant, L50, F|\n|poke|p2|Indeedee-F, L50, F|\n|poke|p2|Iron Hands, L50|\n|poke|p2|Brute Bonnet, L50|\n|poke|p2|Armarouge, L50, F|\n|poke|p2|Hatterene, L50, F|\n|poke|p2|Ting-Lu, L50|\n|teampreview|4\n|inactive|Battle timer is ON: inactive players will automatically lose when time's up. (requested by Fayds)\n|\n|t:|1683196597\n|start\n|switch|p1a: Armarouge|Armarouge, L50, F, shiny|100\/100\n|switch|p1b: Hatterene|Hatterene, L50, F, shiny|100\/100\n|switch|p2a: Brute Bonnet|Brute Bonnet, L50, shiny|100\/100\n|switch|p2b: Wickie|Ting-Lu, L50|100\/100\n|-ability|p2b: Wickie|Vessel of Ruin\n|-enditem|p2a: Brute Bonnet|Booster Energy\n|-activate|p2a: Brute Bonnet|ability: Protosynthesis|[fromitem]\n|-start|p2a: Brute Bonnet|protosynthesisatk\n|turn|1\n|inactive|Fayds has 30 seconds left.\n|inactive|GarchompExVgc has 30 seconds left.\n|\n|t:|1683196633\n|-terastallize|p2a: Brute Bonnet|Poison\n|-terastallize|p1b: Hatterene|Fire\n|move|p1a: Armarouge|Protect|p1a: Armarouge\n|-singleturn|p1a: Armarouge|Protect\n|move|p2a: Brute Bonnet|Spore|p1b: Hatterene\n|move|p1b: Hatterene|Spore|p2a: Brute Bonnet|[from]ability: Magic Bounce\n|-status|p2a: Brute Bonnet|slp|[from] move: Spore\n|move|p2b: Wickie|Fissure|p1a: Armarouge\n|-activate|p1a: Armarouge|move: Protect\n|move|p1b: Hatterene|Trick Room|p1b: Hatterene\n|-fieldstart|move: Trick Room|[of] p1b: Hatterene\n|\n|upkeep\n|turn|2\n|inactive|Fayds has 30 seconds left.\n|\n|t:|1683196665\n|switch|p1a: Scizor|Scizor, L50, M|100\/100\n|-end|p2a: Brute Bonnet|Protosynthesis|[silent]\n|switch|p2a: Armarouge|Armarouge, L50, F|100\/100\n|move|p1b: Hatterene|Dazzling Gleam|p2a: Armarouge|[spread] p2a,p2b\n|-resisted|p2a: Armarouge\n|-supereffective|p2b: Wickie\n|-damage|p2a: Armarouge|83\/100\n|-damage|p2b: Wickie|51\/100\n|-damage|p1b: Hatterene|91\/100|[from] item: Life Orb\n|move|p2b: Wickie|Stomping Tantrum|p1b: Hatterene\n|-supereffective|p1b: Hatterene\n|-damage|p1b: Hatterene|31\/100\n|\n|upkeep\n|turn|3\n|inactive|Fayds has 30 seconds left.\n|inactive|GarchompExVgc has 30 seconds left.\n|\n|t:|1683196696\n|move|p1a: Scizor|Bullet Punch|p2b: Wickie\n|-damage|p2b: Wickie|35\/100\n|-enditem|p2b: Wickie|Sitrus Berry|[eat]\n|-heal|p2b: Wickie|60\/100|[from] item: Sitrus Berry\n|move|p1b: Hatterene|Dazzling Gleam|p2b: Wickie|[spread] p2a,p2b\n|-resisted|p2a: Armarouge\n|-supereffective|p2b: Wickie\n|-damage|p2a: Armarouge|65\/100\n|-damage|p2b: Wickie|10\/100\n|-damage|p1b: Hatterene|21\/100|[from] item: Life Orb\n|move|p2b: Wickie|Fissure|p1a: Scizor|[miss]\n|-miss|p2b: Wickie|p1a: Scizor\n|move|p2a: Armarouge|Expanding Force|p1b: Hatterene\n|-damage|p1b: Hatterene|0 fnt\n|faint|p1b: Hatterene\n|-damage|p2a: Armarouge|56\/100|[from] item: Life Orb\n|\n|upkeep\n|\n|t:|1683196715\n|switch|p1b: Torkoal|Torkoal, L50, M, shiny|100\/100\n|-weather|SunnyDay|[from] ability: Drought|[of] p1b: Torkoal\n|turn|4\n|\n|t:|1683196726\n|move|p2b: Wickie|Protect|p2b: Wickie\n|-singleturn|p2b: Wickie|Protect\n|move|p1a: Scizor|Bullet Punch|p2b: Wickie\n|-activate|p2b: Wickie|move: Protect\n|move|p1b: Torkoal|Fissure|p2a: Armarouge|[miss]\n|-miss|p1b: Torkoal|p2a: Armarouge\n|move|p2a: Armarouge|Armor Cannon|p1a: Scizor\n|-supereffective|p1a: Scizor\n|-damage|p1a: Scizor|0 fnt\n|-unboost|p2a: Armarouge|def|1\n|-unboost|p2a: Armarouge|spd|1\n|faint|p1a: Scizor\n|-damage|p2a: Armarouge|46\/100|[from] item: Life Orb\n|\n|-weather|SunnyDay|[upkeep]\n|upkeep\n|\n|t:|1683196743\n|switch|p1a: Armarouge|Armarouge, L50, F, shiny|100\/100\n|turn|5\n|\n|t:|1683196755\n|move|p1b: Torkoal|Eruption|p2a: Armarouge|[spread] p2b\n|-start|p2a: Armarouge|ability: Flash Fire\n|-damage|p2b: Wickie|0 fnt\n|faint|p2b: Wickie\n|move|p1a: Armarouge|Expanding Force|p2a: Armarouge\n|-resisted|p2a: Armarouge\n|-damage|p2a: Armarouge|9\/100\n|move|p2a: Armarouge|Armor Cannon|p1b: Torkoal\n|-resisted|p1b: Torkoal\n|-damage|p1b: Torkoal|0 fnt\n|-unboost|p2a: Armarouge|def|1\n|-unboost|p2a: Armarouge|spd|1\n|faint|p1b: Torkoal\n|-damage|p2a: Armarouge|0 fnt|[from] item: Life Orb\n|faint|p2a: Armarouge\n|\n|-weather|SunnyDay|[upkeep]\n|-fieldend|move: Trick Room\n|upkeep\n|\n|t:|1683196774\n|switch|p2a: Iron Hands|Iron Hands, L50, shiny|100\/100\n|switch|p2b: Brute Bonnet|Brute Bonnet, L50, shiny, tera:Poison|100\/100 slp\n|-activate|p2b: Brute Bonnet|ability: Protosynthesis\n|-start|p2b: Brute Bonnet|protosynthesisatk\n|turn|6\n|\n|t:|1683196784\n|move|p1a: Armarouge|Protect|p1a: Armarouge\n|-singleturn|p1a: Armarouge|Protect\n|move|p2a: Iron Hands|Fake Out|p1a: Armarouge\n|-activate|p1a: Armarouge|move: Protect\n|cant|p2b: Brute Bonnet|slp\n|\n|-weather|SunnyDay|[upkeep]\n|upkeep\n|turn|7\n|\n|t:|1683196801\n|cant|p2b: Brute Bonnet|slp\n|move|p1a: Armarouge|Expanding Force|p2b: Brute Bonnet\n|-supereffective|p2b: Brute Bonnet\n|-damage|p2b: Brute Bonnet|37\/100 slp\n|move|p2a: Iron Hands|Thunder Punch|p1a: Armarouge\n|-damage|p1a: Armarouge|59\/100\n|\n|-weather|SunnyDay|[upkeep]\n|upkeep\n|turn|8\n|\n|t:|1683196819\n|cant|p2b: Brute Bonnet|slp\n|move|p1a: Armarouge|Armor Cannon|p2a: Iron Hands\n|-damage|p2a: Iron Hands|45\/100\n|-unboost|p1a: Armarouge|def|1\n|-unboost|p1a: Armarouge|spd|1\n|move|p2a: Iron Hands|Thunder Punch|p1a: Armarouge\n|-damage|p1a: Armarouge|2\/100\n|\n|-weather|none\n|-end|p2b: Brute Bonnet|Protosynthesis\n|upkeep\n|turn|9\n|-message|Fayds forfeited.\n|\n|win|GarchompExVgc\n|raw|Fayds's rating: 1296 → 1276<\/strong> (-20 for losing)\n|raw|GarchompExVgc's rating: 1362 → 1378<\/strong> (+16 for winning)\n|l|\u2606Fayds\n","uploadtime":1683196840,"views":15,"p1id":"fayds","p2id":"garchompexvgc","formatid":"gen9vgc2023regulationc","rating":1276,"private":0,"password":""}