{"id":"gen9vgc2023regulationc-1852439305","p1":"chalmander69","p2":"AccidentalHipster","format":"[Gen 9] VGC 2023 Regulation C","log":"|j|\u2606chalmander69\n|j|\u2606AccidentalHipster\n|t:|1682557763\n|gametype|doubles\n|player|p1|chalmander69|harlequin|\n|player|p2|AccidentalHipster|nurseryaide|\n|teamsize|p1|6\n|teamsize|p2|6\n|gen|9\n|tier|[Gen 9] VGC 2023 Regulation C\n|rated|Tournament battle\n|rule|Species Clause: Limit one of each Pok\u00e9mon\n|rule|Item Clause: Limit one of each item\n|clearpoke\n|poke|p1|Corviknight, L50, M|\n|poke|p1|Amoonguss, L50, F|\n|poke|p1|Chi-Yu, L50|\n|poke|p1|Arcanine, L50, F|\n|poke|p1|Flutter Mane, L50|\n|poke|p1|Ting-Lu, L50|\n|poke|p2|Maushold-Four, L50|\n|poke|p2|Gastrodon, L50, M|\n|poke|p2|Chien-Pao, L50|\n|poke|p2|Annihilape, L50, F|\n|poke|p2|Iron Valiant, L50|\n|poke|p2|Dragonite, L50, M|\n|teampreview|4\n|raw| Open Team Sheet for chalmander69<\/summary>Corviknight @ Safety Goggles Ability: Mirror Armor Level: 50 Shiny: Yes Tera Type: Fire - Iron Head - Brave Bird - Bulk Up - Tailwind Amoonguss @ Sitrus Berry Ability: Regenerator Level: 50 Tera Type: Water - Pollen Puff - Spore - Rage Powder - Clear Smog Chi-Yu @ Leftovers Ability: Beads of Ruin Level: 50 Tera Type: Grass - Dark Pulse - Heat Wave - Will-O-Wisp - Protect Arcanine @ Rocky Helmet Ability: Intimidate Level: 50 Tera Type: Water - Extreme Speed - Flare Blitz - Howl - Will-O-Wisp Flutter Mane @ Booster Energy Ability: Protosynthesis Level: 50 Tera Type: Water - Moonblast - Thunderbolt - Shadow Ball - Protect Ting-Lu @ Assault Vest Ability: Vessel of Ruin Level: 50 Tera Type: Poison - Earthquake - Heavy Slam - Ruination - Stomping Tantrum <\/details><\/div> Open Team Sheet for AccidentalHipster<\/summary>Maushold (Maushold-Four) @ Safety Goggles Ability: Friend Guard Level: 50 Tera Type: Ghost - Beat Up - Helping Hand - Follow Me - Protect Gastrodon @ Lum Berry Ability: Storm Drain Level: 50 Tera Type: Fairy - Recover - Earth Power - Ice Beam - Protect Chien-Pao @ Focus Sash Ability: Sword of Ruin Level: 50 Tera Type: Fire - Ice Spinner - Protect - Haze - Sucker Punch Annihilape @ Covert Cloak Ability: Vital Spirit Level: 50 Tera Type: Fire - Drain Punch - Rage Fist - Protect - Encore Iron Valiant @ Choice Scarf Ability: Quark Drive Level: 50 Tera Type: Ghost - Aura Sphere - Dazzling Gleam - X-Scissor - Trick Dragonite @ Assault Vest Ability: Inner Focus Level: 50 Tera Type: Normal - Extreme Speed - Rock Slide - Brick Break - Ice Spinner <\/details><\/div>\n|inactive|Battle timer is ON: inactive players will automatically lose when time's up. (requested by chalmander69)\n|j| cantpaymytaxes\n|inactive|chalmander69 has 60 seconds left.\n|inactive|chalmander69 has 30 seconds left.\n|inactive|chalmander69 has 20 seconds left.\n|inactive|chalmander69 has 15 seconds left.\n|\n|t:|1682557843\n|start\n|switch|p1a: Corviknight|Corviknight, L50, M, shiny|100\/100\n|switch|p1b: Amoonguss|Amoonguss, L50, F|100\/100\n|switch|p2a: Maushold|Maushold-Four, L50|100\/100\n|switch|p2b: Annihilape|Annihilape, L50, F|100\/100\n|turn|1\n|\n|t:|1682557863\n|move|p2a: Maushold|Beat Up|p2b: Annihilape\n|-damage|p2b: Annihilape|98\/100\n|-damage|p2b: Annihilape|96\/100\n|-damage|p2b: Annihilape|92\/100\n|-damage|p2b: Annihilape|89\/100\n|-hitcount|p2b: Annihilape|4\n|move|p2b: Annihilape|Rage Fist|p1b: Amoonguss\n|-damage|p1b: Amoonguss|13\/100\n|-enditem|p1b: Amoonguss|Sitrus Berry|[eat]\n|-heal|p1b: Amoonguss|38\/100|[from] item: Sitrus Berry\n|move|p1a: Corviknight|Tailwind|p1a: Corviknight\n|-sidestart|p1: chalmander69|move: Tailwind\n|move|p1b: Amoonguss|Spore|p2b: Annihilape\n|-immune|p2b: Annihilape|[from] ability: Vital Spirit\n|\n|upkeep\n|turn|2\n|inactive|chalmander69 has 30 seconds left.\n|inactive|AccidentalHipster has 30 seconds left.\n|inactive|chalmander69 has 20 seconds left.\n|\n|t:|1682557902\n|move|p1b: Amoonguss|Rage Powder|p1b: Amoonguss\n|-singleturn|p1b: Amoonguss|move: Rage Powder\n|move|p1a: Corviknight|Bulk Up|p1a: Corviknight\n|-boost|p1a: Corviknight|atk|1\n|-boost|p1a: Corviknight|def|1\n|move|p2a: Maushold|Beat Up|p2b: Annihilape\n|-damage|p2b: Annihilape|87\/100\n|-damage|p2b: Annihilape|84\/100\n|-damage|p2b: Annihilape|82\/100\n|-damage|p2b: Annihilape|79\/100\n|-hitcount|p2b: Annihilape|4\n|move|p2b: Annihilape|Encore|p1b: Amoonguss\n|-start|p1b: Amoonguss|Encore\n|\n|upkeep\n|turn|3\n|inactive|chalmander69 has 30 seconds left.\n|\n|t:|1682557929\n|switch|p2a: Chien-Pao|Chien-Pao, L50|100\/100\n|-ability|p2a: Chien-Pao|Sword of Ruin\n|switch|p1b: Ting-Lu|Ting-Lu, L50|100\/100\n|-ability|p1b: Ting-Lu|Vessel of Ruin\n|move|p1a: Corviknight|Brave Bird|p2b: Annihilape\n|-supereffective|p2b: Annihilape\n|-damage|p2b: Annihilape|0 fnt\n|faint|p2b: Annihilape\n|-damage|p1a: Corviknight|74\/100|[from] Recoil\n|\n|upkeep\n|\n|t:|1682557951\n|switch|p2b: Iron Valiant|Iron Valiant, L50|100\/100\n|turn|4\n|inactive|chalmander69 has 30 seconds left.\n|\n|t:|1682557984\n|-terastallize|p2b: Iron Valiant|Ghost\n|move|p2b: Iron Valiant|X-Scissor|p1b: Ting-Lu\n|-supereffective|p1b: Ting-Lu\n|-damage|p1b: Ting-Lu|68\/100\n|move|p1a: Corviknight|Brave Bird|p2b: Iron Valiant\n|-damage|p2b: Iron Valiant|0 fnt\n|faint|p2b: Iron Valiant\n|-end|p2b: Iron Valiant|Quark Drive|[silent]\n|-damage|p1a: Corviknight|47\/100|[from] Recoil\n|move|p2a: Chien-Pao|Haze|p2a: Chien-Pao\n|-clearallboost\n|move|p1b: Ting-Lu|Earthquake|p2a: Chien-Pao|[spread] p2a\n|-immune|p1a: Corviknight\n|-damage|p2a: Chien-Pao|50\/100\n|\n|-sideend|p1: chalmander69|move: Tailwind\n|upkeep\n|\n|t:|1682558003\n|switch|p2b: Maushold|Maushold-Four, L50|100\/100\n|turn|5\n|\n|t:|1682558018\n|move|p2b: Maushold|Helping Hand|p2a: Chien-Pao\n|-singleturn|p2a: Chien-Pao|Helping Hand|[of] p2b: Maushold\n|move|p2a: Chien-Pao|Ice Spinner|p1b: Ting-Lu\n|-supereffective|p1b: Ting-Lu\n|-damage|p1b: Ting-Lu|0 fnt\n|faint|p1b: Ting-Lu\n|move|p1a: Corviknight|Tailwind|p1a: Corviknight\n|-sidestart|p1: chalmander69|move: Tailwind\n|\n|upkeep\n|\n|t:|1682558026\n|switch|p1b: Amoonguss|Amoonguss, L50, F|71\/100\n|turn|6\n|\n|t:|1682558050\n|move|p2a: Chien-Pao|Protect|p2a: Chien-Pao\n|-singleturn|p2a: Chien-Pao|Protect\n|move|p2b: Maushold|Protect|p2b: Maushold\n|-singleturn|p2b: Maushold|Protect\n|move|p1a: Corviknight|Bulk Up|p1a: Corviknight\n|-boost|p1a: Corviknight|atk|1\n|-boost|p1a: Corviknight|def|1\n|move|p1b: Amoonguss|Pollen Puff|p1a: Corviknight\n|-heal|p1a: Corviknight|97\/100\n|\n|upkeep\n|turn|7\n|inactive|AccidentalHipster has 30 seconds left.\n|\n|t:|1682558078\n|move|p2b: Maushold|Follow Me|p2b: Maushold\n|-singleturn|p2b: Maushold|move: Follow Me\n|move|p1a: Corviknight|Iron Head|p2b: Maushold\n|-damage|p2b: Maushold|24\/100\n|move|p2a: Chien-Pao|Ice Spinner|p1b: Amoonguss\n|-supereffective|p1b: Amoonguss\n|-damage|p1b: Amoonguss|0 fnt\n|faint|p1b: Amoonguss\n|\n|upkeep\n|\n|t:|1682558086\n|switch|p1b: Flutter Mane|Flutter Mane, L50|100\/100\n|-enditem|p1b: Flutter Mane|Booster Energy\n|-activate|p1b: Flutter Mane|ability: Protosynthesis|[fromitem]\n|-start|p1b: Flutter Mane|protosynthesisspa\n|turn|8\n|inactive|chalmander69 has 30 seconds left.\n|\n|t:|1682558114\n|move|p2b: Maushold|Follow Me|p2b: Maushold\n|-singleturn|p2b: Maushold|move: Follow Me\n|move|p2a: Chien-Pao|Sucker Punch|p1b: Flutter Mane\n|-damage|p1b: Flutter Mane|28\/100\n|move|p1b: Flutter Mane|Moonblast|p2b: Maushold\n|-damage|p2b: Maushold|0 fnt\n|faint|p2b: Maushold\n|move|p1a: Corviknight|Bulk Up|p1a: Corviknight\n|-boost|p1a: Corviknight|atk|1\n|-boost|p1a: Corviknight|def|1\n|\n|-sideend|p1: chalmander69|move: Tailwind\n|upkeep\n|turn|9\n|\n|t:|1682558136\n|move|p2a: Chien-Pao|Protect|p2a: Chien-Pao\n|-singleturn|p2a: Chien-Pao|Protect\n|move|p1b: Flutter Mane|Moonblast|p2a: Chien-Pao\n|-activate|p2a: Chien-Pao|move: Protect\n|move|p1a: Corviknight|Iron Head|p2a: Chien-Pao\n|-activate|p2a: Chien-Pao|move: Protect\n|\n|upkeep\n|turn|10\n|j| Lori Ori\n|\n|t:|1682558147\n|move|p2a: Chien-Pao|Sucker Punch|p1b: Flutter Mane\n|-damage|p1b: Flutter Mane|0 fnt\n|faint|p1b: Flutter Mane\n|-end|p1b: Flutter Mane|Protosynthesis|[silent]\n|move|p1a: Corviknight|Iron Head|p2a: Chien-Pao\n|-supereffective|p2a: Chien-Pao\n|-damage|p2a: Chien-Pao|0 fnt\n|faint|p2a: Chien-Pao\n|\n|win|chalmander69\n|n|\u2606chalmander69|chalmander69\n|n|\u2606AccidentalHipster|accidentalhipster\n|n| cantpaymytaxes|cantpaymytaxes\n|n| Lori Ori|loriori\n|c|\u2606chalmander69|gg\n|c|\u2606AccidentalHipster|GG\n|l|\u2606AccidentalHipster\n","uploadtime":1682558166,"views":15,"p1id":"chalmander69","p2id":"accidentalhipster","formatid":"gen9vgc2023regulationc","rating":0,"private":0,"password":""}