{"id":"gen9vgc2023regulationc-1847632448","p1":"DimSim2","p2":"RezWest","format":"[Gen 9] VGC 2023 Regulation C","log":"|j|\u2606DimSim2\n|j|\u2606RezWest\n|t:|1681984979\n|gametype|doubles\n|player|p1|DimSim2|101|1133\n|player|p2|RezWest|fisherman-gen4|1072\n|teamsize|p1|6\n|teamsize|p2|6\n|gen|9\n|tier|[Gen 9] VGC 2023 Regulation C\n|rated|\n|rule|Species Clause: Limit one of each Pok\u00e9mon\n|rule|Item Clause: Limit one of each item\n|clearpoke\n|poke|p1|Dachsbun, L50, M|\n|poke|p1|Chi-Yu, L50|\n|poke|p1|Chien-Pao, L50|\n|poke|p1|Flutter Mane, L50|\n|poke|p1|Dragonite, L50, F|\n|poke|p1|Gyarados, L50, F|\n|poke|p2|Toxapex, L50, M|\n|poke|p2|Wo-Chien, L50|\n|poke|p2|Glimmora, L50, F|\n|poke|p2|Abomasnow, L50, M|\n|poke|p2|Arcanine, L50, M|\n|poke|p2|Flutter Mane, L50|\n|teampreview|4\n|inactive|Battle timer is ON: inactive players will automatically lose when time's up. (requested by DimSim2)\n|\n|t:|1681985008\n|start\n|switch|p1a: Chien-Pao|Chien-Pao, L50|100\/100\n|switch|p1b: Dragonite|Dragonite, L50, F|100\/100\n|switch|p2a: Glimmora|Glimmora, L50, F|100\/100\n|switch|p2b: MARE CACTUS|Toxapex, L50, M, shiny|100\/100\n|-ability|p1a: Chien-Pao|Sword of Ruin\n|turn|1\n|\n|t:|1681985033\n|move|p1a: Chien-Pao|Ice Spinner|p2a: Glimmora\n|-damage|p2a: Glimmora|40\/100\n|-activate|p2a: Glimmora|ability: Toxic Debris\n|-sidestart|p1: DimSim2|move: Toxic Spikes\n|move|p2a: Glimmora|Mortal Spin|p1a: Chien-Pao|[spread] p1a,p1b\n|-damage|p1a: Chien-Pao|94\/100\n|-damage|p1b: Dragonite|97\/100\n|-status|p1a: Chien-Pao|psn\n|-status|p1b: Dragonite|psn\n|-enditem|p1b: Dragonite|Lum Berry|[eat]\n|-curestatus|p1b: Dragonite|psn|[msg]\n|move|p1b: Dragonite|Iron Head|p2a: Glimmora\n|-supereffective|p2a: Glimmora\n|-damage|p2a: Glimmora|0 fnt\n|-activate|p2a: Glimmora|ability: Toxic Debris\n|-sidestart|p1: DimSim2|move: Toxic Spikes\n|faint|p2a: Glimmora\n|move|p2b: MARE CACTUS|Venoshock|p1a: Chien-Pao\n|-crit|p1a: Chien-Pao\n|-damage|p1a: Chien-Pao|15\/100 psn\n|\n|-damage|p1a: Chien-Pao|2\/100 psn|[from] psn\n|upkeep\n|\n|t:|1681985053\n|switch|p2a: Frutta n'mano|Flutter Mane, L50|100\/100\n|turn|2\n|inactive|DimSim2 has 30 seconds left.\n|inactive|RezWest has 30 seconds left.\n|\n|t:|1681985084\n|-terastallize|p1b: Dragonite|Flying\n|move|p2a: Frutta n'mano|Dazzling Gleam|p1a: Chien-Pao|[spread] p1a,p1b\n|-supereffective|p1a: Chien-Pao\n|-crit|p1a: Chien-Pao\n|-damage|p1a: Chien-Pao|0 fnt\n|-damage|p1b: Dragonite|56\/100\n|faint|p1a: Chien-Pao\n|move|p1b: Dragonite|Iron Head|p2a: Frutta n'mano\n|-supereffective|p2a: Frutta n'mano\n|-damage|p2a: Frutta n'mano|0 fnt\n|faint|p2a: Frutta n'mano\n|-end|p2a: Frutta n'mano|Protosynthesis|[silent]\n|move|p2b: MARE CACTUS|Toxic|p1b: Dragonite\n|-status|p1b: Dragonite|tox\n|\n|-damage|p1b: Dragonite|50\/100 tox|[from] psn\n|upkeep\n|\n|t:|1681985098\n|switch|p2a: Johnny barkini|Arcanine, L50, M|100\/100\n|switch|p1a: Chi-Yu|Chi-Yu, L50|100\/100\n|-status|p1a: Chi-Yu|tox\n|-ability|p1a: Chi-Yu|Beads of Ruin\n|-ability|p2a: Johnny barkini|Intimidate|boost\n|-unboost|p1a: Chi-Yu|atk|1\n|-unboost|p1b: Dragonite|atk|1\n|turn|3\n|\n|t:|1681985120\n|switch|p1b: Dachsbun|Dachsbun, L50, M|100\/100\n|-status|p1b: Dachsbun|tox\n|move|p1a: Chi-Yu|Lava Plume|p2b: MARE CACTUS|[spread] p2a,p2b\n|-ability|p1b: Dachsbun|Well-Baked Body|boost\n|-boost|p1b: Dachsbun|def|2\n|-resisted|p2a: Johnny barkini\n|-resisted|p2b: MARE CACTUS\n|-damage|p2a: Johnny barkini|75\/100\n|-damage|p2b: MARE CACTUS|86\/100\n|move|p2a: Johnny barkini|Flare Blitz|p1b: Dachsbun\n|-ability|p1b: Dachsbun|Well-Baked Body|boost\n|-boost|p1b: Dachsbun|def|2\n|move|p2b: MARE CACTUS|Venoshock|p1a: Chi-Yu\n|-crit|p1a: Chi-Yu\n|-damage|p1a: Chi-Yu|36\/100 tox\n|\n|-heal|p2b: MARE CACTUS|92\/100|[from] item: Black Sludge\n|-damage|p1a: Chi-Yu|30\/100 tox|[from] psn\n|-damage|p1b: Dachsbun|94\/100 tox|[from] psn\n|upkeep\n|turn|4\n|\n|t:|1681985144\n|move|p2a: Johnny barkini|Protect|p2a: Johnny barkini\n|-singleturn|p2a: Johnny barkini|Protect\n|move|p1a: Chi-Yu|Lava Plume|p2a: Johnny barkini|[spread] p2b\n|-activate|p2a: Johnny barkini|move: Protect\n|-ability|p1b: Dachsbun|Well-Baked Body|boost\n|-boost|p1b: Dachsbun|def|2\n|-resisted|p2b: MARE CACTUS\n|-damage|p2b: MARE CACTUS|76\/100\n|move|p1b: Dachsbun|Body Press|p2b: MARE CACTUS\n|-resisted|p2b: MARE CACTUS\n|-damage|p2b: MARE CACTUS|44\/100\n|move|p2b: MARE CACTUS|Venoshock|p1a: Chi-Yu\n|-crit|p1a: Chi-Yu\n|-damage|p1a: Chi-Yu|0 fnt\n|faint|p1a: Chi-Yu\n|\n|-heal|p1b: Dachsbun|100\/100 tox|[from] item: Leftovers\n|-heal|p2b: MARE CACTUS|50\/100|[from] item: Black Sludge\n|-damage|p1b: Dachsbun|88\/100 tox|[from] psn\n|upkeep\n|\n|t:|1681985161\n|switch|p1a: Dragonite|Dragonite, L50, F, tera:Flying|50\/100 tox\n|turn|5\n|\n|t:|1681985172\n|move|p2b: MARE CACTUS|Baneful Bunker|p2b: MARE CACTUS\n|-singleturn|p2b: MARE CACTUS|move: Protect\n|move|p2a: Johnny barkini|Flare Blitz|p1a: Dragonite\n|-damage|p1a: Dragonite|1\/100 tox\n|-damage|p2a: Johnny barkini|59\/100|[from] Recoil\n|move|p1b: Dachsbun|Body Press|p2a: Johnny barkini\n|-damage|p2a: Johnny barkini|0 fnt\n|faint|p2a: Johnny barkini\n|move|p1a: Dragonite|Iron Head|p2b: MARE CACTUS\n|-activate|p2b: MARE CACTUS|move: Protect\n|\n|-heal|p1b: Dachsbun|94\/100 tox|[from] item: Leftovers\n|-heal|p2b: MARE CACTUS|55\/100|[from] item: Black Sludge\n|-damage|p1b: Dachsbun|76\/100 tox|[from] psn\n|-damage|p1a: Dragonite|0 fnt|[from] psn\n|faint|p1a: Dragonite\n|upkeep\n|turn|6\n|\n|t:|1681985189\n|move|p1b: Dachsbun|Yawn|p2b: MARE CACTUS\n|-start|p2b: MARE CACTUS|move: Yawn|[of] p1b: Dachsbun\n|move|p2b: MARE CACTUS|Recover|p2b: MARE CACTUS\n|-heal|p2b: MARE CACTUS|100\/100\n|\n|-heal|p1b: Dachsbun|82\/100 tox|[from] item: Leftovers\n|-damage|p1b: Dachsbun|58\/100 tox|[from] psn\n|upkeep\n|turn|7\n|\n|t:|1681985198\n|move|p1b: Dachsbun|Body Press|p2b: MARE CACTUS\n|-resisted|p2b: MARE CACTUS\n|-damage|p2b: MARE CACTUS|69\/100\n|move|p2b: MARE CACTUS|Venoshock|p1b: Dachsbun\n|-supereffective|p1b: Dachsbun\n|-crit|p1b: Dachsbun\n|-damage|p1b: Dachsbun|0 fnt\n|faint|p1b: Dachsbun\n|\n|win|RezWest\n|raw|DimSim2's rating: 1133 → 1104<\/strong> (-29 for losing)\n|raw|RezWest's rating: 1072 → 1106<\/strong> (+34 for winning)\n|l|\u2606DimSim2\n","uploadtime":1681985216,"views":14,"p1id":"dimsim2","p2id":"rezwest","formatid":"gen9vgc2023regulationc","rating":1104,"private":0,"password":""}