{"id":"gen9vgc2023regulationc-1848342988","p1":"yollaxi","p2":"seedroll","format":"[Gen 9] VGC 2023 Regulation C","log":"|j|\u2606yollaxi\n|j|\u2606seedroll\n|t:|1682063777\n|gametype|doubles\n|player|p1|yollaxi|266|1092\n|player|p2|seedroll|1|1083\n|teamsize|p1|4\n|teamsize|p2|6\n|gen|9\n|tier|[Gen 9] VGC 2023 Regulation C\n|rated|\n|rule|Species Clause: Limit one of each Pok\u00e9mon\n|rule|Item Clause: Limit one of each item\n|clearpoke\n|poke|p1|Floette, L50, F|\n|poke|p1|Espathra, L50, M|\n|poke|p1|Florges-White, L50, F|\n|poke|p1|Farigiraf, L50, M|\n|poke|p2|Arcanine, L50, F|\n|poke|p2|Corviknight, L50, F|\n|poke|p2|Flutter Mane, L50|\n|poke|p2|Palafin, L50, M|\n|poke|p2|Amoonguss, L50, F|\n|poke|p2|Ting-Lu, L50|\n|teampreview|4\n|inactive|Battle timer is ON: inactive players will automatically lose when time's up. (requested by seedroll)\n|inactive|yollaxi also wants the timer to be on.\nseedroll has agreed to open team sheets.\n|inactive|seedroll has 60 seconds left.\n|inactive|seedroll has 30 seconds left.\n|inactive|seedroll has 20 seconds left.\n|inactive|seedroll has 15 seconds left.\n|inactive|seedroll has 10 seconds left.\nyollaxi rejected open team sheets.\n|\n|t:|1682063859\n|start\n|switch|p1a: Espathra|Espathra, L50, M|100\/100\n|switch|p1b: Florges|Florges-White, L50, F|100\/100\n|switch|p2a: Amoonguss|Amoonguss, L50, F|100\/100\n|switch|p2b: Ting-Lu|Ting-Lu, L50|100\/100\n|-ability|p2b: Ting-Lu|Vessel of Ruin\n|turn|1\n|inactive|seedroll has 30 seconds left.\n|\n|t:|1682063893\n|move|p1a: Espathra|Reflect|p1a: Espathra\n|-sidestart|p1: yollaxi|Reflect\n|move|p1b: Florges|Misty Terrain|p1b: Florges\n|-fieldstart|move: Misty Terrain\n|move|p2b: Ting-Lu|Heavy Slam|p1b: Florges\n|-supereffective|p1b: Florges\n|-crit|p1b: Florges\n|-damage|p1b: Florges|2\/100\n|move|p2a: Amoonguss|Spore|p1a: Espathra\n|-activate|p1a: Espathra|move: Misty Terrain\n|\n|-heal|p1b: Florges|8\/100|[from] item: Leftovers\n|-ability|p1a: Espathra|Speed Boost|boost\n|-boost|p1a: Espathra|spe|1\n|upkeep\n|turn|2\n|\n|t:|1682063916\n|move|p2a: Amoonguss|Protect|p2a: Amoonguss\n|-singleturn|p2a: Amoonguss|Protect\n|move|p1a: Espathra|Lumina Crash|p2a: Amoonguss\n|-activate|p2a: Amoonguss|move: Protect\n|move|p1b: Florges|Calm Mind|p1b: Florges\n|-boost|p1b: Florges|spa|1\n|-boost|p1b: Florges|spd|1\n|move|p2b: Ting-Lu|Heavy Slam|p1b: Florges\n|-supereffective|p1b: Florges\n|-damage|p1b: Florges|0 fnt\n|faint|p1b: Florges\n|\n|-ability|p1a: Espathra|Speed Boost|boost\n|-boost|p1a: Espathra|spe|1\n|upkeep\n|\n|t:|1682063923\n|switch|p1b: Farigiraf|Farigiraf, L50, M|100\/100\n|turn|3\n|\n|t:|1682063947\n|switch|p2a: Corviknight|Corviknight, L50, F|100\/100\n|move|p1a: Espathra|Skill Swap|p1b: Farigiraf\n|-activate|p1a: Espathra|move: Skill Swap|||[of] p1b: Farigiraf\n|move|p2b: Ting-Lu|Fissure|p1b: Farigiraf|[miss]\n|-miss|p2b: Ting-Lu|p1b: Farigiraf\n|move|p1b: Farigiraf|Nasty Plot|p1b: Farigiraf\n|-boost|p1b: Farigiraf|spa|2\n|\n|-ability|p1b: Farigiraf|Speed Boost|boost\n|-boost|p1b: Farigiraf|spe|1\n|upkeep\n|turn|4\n|inactive|yollaxi has 30 seconds left.\n|inactive|seedroll has 30 seconds left.\n|inactive|seedroll has 20 seconds left.\n|inactive|seedroll has 15 seconds left.\n|\n|t:|1682063987\n|-terastallize|p1b: Farigiraf|Normal\n|move|p1a: Espathra|Lumina Crash|p2a: Corviknight\n|-resisted|p2a: Corviknight\n|-damage|p2a: Corviknight|91\/100\n|-ability|p2a: Corviknight|Mirror Armor\n|-unboost|p1a: Espathra|spd|2\n|move|p2a: Corviknight|Brave Bird|p1b: Farigiraf\n|-crit|p1b: Farigiraf\n|-damage|p1b: Farigiraf|42\/100\n|-damage|p2a: Corviknight|69\/100|[from] Recoil\n|move|p1b: Farigiraf|Hyper Voice|p2a: Corviknight|[spread] p2a,p2b\n|-resisted|p2a: Corviknight\n|-damage|p2a: Corviknight|41\/100\n|-damage|p2b: Ting-Lu|70\/100\n|move|p2b: Ting-Lu|Stomping Tantrum|p1b: Farigiraf\n|-damage|p1b: Farigiraf|0 fnt\n|faint|p1b: Farigiraf\n|\n|upkeep\n|\n|t:|1682063999\n|switch|p1b: Floette|Floette, L50, F|100\/100\n|turn|5\n|\n|t:|1682064017\n|move|p1a: Espathra|Shadow Ball|p2a: Corviknight\n|-damage|p2a: Corviknight|27\/100\n|move|p2a: Corviknight|Roost|p2a: Corviknight\n|-heal|p2a: Corviknight|77\/100\n|-singleturn|p2a: Corviknight|move: Roost\n|move|p1b: Floette|Charm|p2b: Ting-Lu\n|-unboost|p2b: Ting-Lu|atk|2\n|move|p2b: Ting-Lu|Ruination|p1a: Espathra\n|-damage|p1a: Espathra|50\/100\n|\n|-fieldend|Misty Terrain\n|upkeep\n|turn|6\n|\n|t:|1682064037\n|move|p1a: Espathra|Shadow Ball|p2a: Corviknight\n|-damage|p2a: Corviknight|64\/100\n|move|p2a: Corviknight|Brave Bird|p1a: Espathra\n|-damage|p1a: Espathra|12\/100\n|-damage|p2a: Corviknight|53\/100|[from] Recoil\n|move|p1b: Floette|Charm|p2b: Ting-Lu\n|-unboost|p2b: Ting-Lu|atk|2\n|move|p2b: Ting-Lu|Ruination|p1b: Floette\n|-damage|p1b: Floette|51\/100\n|\n|upkeep\n|turn|7\n|\n|t:|1682064052\n|switch|p2b: Arcanine|Arcanine, L50, F|100\/100\n|-ability|p2b: Arcanine|Intimidate|boost\n|-unboost|p1a: Espathra|atk|1\n|-unboost|p1b: Floette|atk|1\n|move|p1b: Floette|Helping Hand|p1a: Espathra\n|-singleturn|p1a: Espathra|Helping Hand|[of] p1b: Floette\n|move|p1a: Espathra|Lumina Crash|p2a: Corviknight\n|-resisted|p2a: Corviknight\n|-damage|p2a: Corviknight|33\/100\n|-ability|p2a: Corviknight|Mirror Armor\n|-unboost|p1a: Espathra|spd|2\n|move|p2a: Corviknight|Brave Bird|p1a: Espathra\n|-damage|p1a: Espathra|0 fnt\n|faint|p1a: Espathra\n|-damage|p2a: Corviknight|29\/100|[from] Recoil\n|\n|upkeep\n|turn|8\n|\n|t:|1682064069\n|move|p2b: Arcanine|Flare Blitz|p1b: Floette\n|-damage|p1b: Floette|21\/100\n|-damage|p2b: Arcanine|92\/100|[from] Recoil\n|move|p2a: Corviknight|Roost|p2a: Corviknight\n|-heal|p2a: Corviknight|79\/100\n|-singleturn|p2a: Corviknight|move: Roost\n|move|p1b: Floette|Charm|p2b: Arcanine\n|-unboost|p2b: Arcanine|atk|2\n|\n|-sideend|p1: yollaxi|Reflect\n|upkeep\n|turn|9\n|\n|t:|1682064082\n|move|p2b: Arcanine|Extreme Speed|p1b: Floette\n|-damage|p1b: Floette|11\/100\n|move|p2a: Corviknight|Brave Bird|p1b: Floette\n|-damage|p1b: Floette|0 fnt\n|faint|p1b: Floette\n|-damage|p2a: Corviknight|76\/100|[from] Recoil\n|\n|win|seedroll\n|raw|yollaxi's rating: 1092 → 1068<\/strong> (-24 for losing)\n|raw|seedroll's rating: 1083 → 1111<\/strong> (+28 for winning)\n|l|\u2606yollaxi\n","uploadtime":1682064089,"views":7,"p1id":"yollaxi","p2id":"seedroll","formatid":"gen9vgc2023regulationc","rating":1068,"private":0,"password":""}