{"id":"gen9vgc2023regulationc-1851743869","p1":"hw0704","p2":"Mateo8009","format":"[Gen 9] VGC 2023 Regulation C","log":"|j|\u2606hw0704\n|j|\u2606Mateo8009\n|t:|1682477086\n|gametype|doubles\n|player|p1|hw0704|roxanne|1099\n|player|p2|Mateo8009|170|1175\n|teamsize|p1|6\n|teamsize|p2|6\n|gen|9\n|tier|[Gen 9] VGC 2023 Regulation C\n|rated|\n|rule|Species Clause: Limit one of each Pok\u00e9mon\n|rule|Item Clause: Limit one of each item\n|clearpoke\n|poke|p1|Grimmsnarl, L50, M|\n|poke|p1|Flutter Mane, L50|\n|poke|p1|Gholdengo, L50|\n|poke|p1|Iron Bundle, L50|\n|poke|p1|Chi-Yu, L50|\n|poke|p1|Amoonguss, L50, M|\n|poke|p2|Iron Thorns, L50|\n|poke|p2|Talonflame, L50, F|\n|poke|p2|Barraskewda, L50, M|\n|poke|p2|Chi-Yu, L50|\n|poke|p2|Flutter Mane, L50|\n|poke|p2|Breloom, L50, M|\n|teampreview|4\n|\n|t:|1682477118\n|start\n|switch|p1a: Grimmsnarl|Grimmsnarl, L50, M|100\/100\n|switch|p1b: Chi-Yu|Chi-Yu, L50|100\/100\n|switch|p2a: Talonflame|Talonflame, L50, F|100\/100\n|switch|p2b: Iron Thorns|Iron Thorns, L50|100\/100\n|-ability|p1b: Chi-Yu|Beads of Ruin\n|turn|1\n|\n|t:|1682477157\n|-terastallize|p1b: Chi-Yu|Grass\n|move|p2a: Talonflame|Tailwind|p2a: Talonflame\n|-sidestart|p2: Mateo8009|move: Tailwind\n|move|p1a: Grimmsnarl|Reflect|p1a: Grimmsnarl\n|-sidestart|p1: hw0704|Reflect\n|move|p2b: Iron Thorns|Earthquake|p1a: Grimmsnarl|[spread] p1a,p1b\n|-immune|p2a: Talonflame\n|-resisted|p1b: Chi-Yu\n|-damage|p1a: Grimmsnarl|82\/100\n|-damage|p1b: Chi-Yu|84\/100\n|move|p1b: Chi-Yu|Tera Blast|p2b: Iron Thorns\n|-supereffective|p2b: Iron Thorns\n|-damage|p2b: Iron Thorns|0 fnt\n|faint|p2b: Iron Thorns\n|-end|p2b: Iron Thorns|Quark Drive|[silent]\n|\n|upkeep\n|\n|t:|1682477171\n|switch|p2b: Flutter Mane|Flutter Mane, L50|100\/100\n|turn|2\n|\n|t:|1682477206\n|switch|p1b: Iron Bundle|Iron Bundle, L50|100\/100\n|-enditem|p1b: Iron Bundle|Booster Energy\n|-activate|p1b: Iron Bundle|ability: Quark Drive|[fromitem]\n|-start|p1b: Iron Bundle|quarkdrivespe\n|move|p1a: Grimmsnarl|Light Screen|p1a: Grimmsnarl\n|-sidestart|p1: hw0704|move: Light Screen\n|move|p2b: Flutter Mane|Shadow Ball|p1a: Grimmsnarl\n|-resisted|p1a: Grimmsnarl\n|-crit|p1a: Grimmsnarl\n|-damage|p1a: Grimmsnarl|53\/100\n|move|p2a: Talonflame|Flare Blitz|p1b: Iron Bundle\n|-damage|p1b: Iron Bundle|62\/100\n|-damage|p2a: Talonflame|89\/100|[from] Recoil\n|\n|upkeep\n|turn|3\n|\n|t:|1682477242\n|move|p2b: Flutter Mane|Dazzling Gleam|p1b: Iron Bundle|[spread] p1a,p1b\n|-supereffective|p1a: Grimmsnarl\n|-damage|p1a: Grimmsnarl|15\/100\n|-damage|p1b: Iron Bundle|16\/100\n|move|p2a: Talonflame|Brave Bird|p1b: Iron Bundle\n|-damage|p1b: Iron Bundle|0 fnt\n|faint|p1b: Iron Bundle\n|-end|p1b: Iron Bundle|Quark Drive|[silent]\n|-damage|p2a: Talonflame|85\/100|[from] Recoil\n|move|p1a: Grimmsnarl|Spirit Break|p2b: Flutter Mane\n|-damage|p2b: Flutter Mane|44\/100\n|-unboost|p2b: Flutter Mane|spa|1\n|\n|upkeep\n|\n|t:|1682477259\n|switch|p1b: Gholdengo|Gholdengo, L50|100\/100\n|turn|4\n|\n|t:|1682477275\n|move|p1b: Gholdengo|Protect|p1b: Gholdengo\n|-singleturn|p1b: Gholdengo|Protect\n|move|p1a: Grimmsnarl|Parting Shot|p2a: Talonflame\n|-unboost|p2a: Talonflame|atk|1\n|-unboost|p2a: Talonflame|spa|1\n|\n|t:|1682477281\n|switch|p1a: Chi-Yu|Chi-Yu, L50, tera:Grass|84\/100|[from] Parting Shot\n|-ability|p1a: Chi-Yu|Beads of Ruin\n|move|p2b: Flutter Mane|Dazzling Gleam|p1a: Chi-Yu|[spread] p1a\n|-activate|p1b: Gholdengo|move: Protect\n|-damage|p1a: Chi-Yu|67\/100\n|move|p2a: Talonflame|Flare Blitz|p1b: Gholdengo\n|-activate|p1b: Gholdengo|move: Protect\n|\n|-sideend|p2: Mateo8009|move: Tailwind\n|upkeep\n|turn|5\n|\n|t:|1682477327\n|move|p2b: Flutter Mane|Shadow Ball|p1a: Chi-Yu\n|-damage|p1a: Chi-Yu|42\/100\n|move|p2a: Talonflame|Flare Blitz|p1b: Gholdengo\n|-supereffective|p1b: Gholdengo\n|-damage|p1b: Gholdengo|60\/100\n|-damage|p2a: Talonflame|69\/100|[from] Recoil\n|move|p1a: Chi-Yu|Heat Wave|p2b: Flutter Mane|[spread] p2a,p2b\n|-resisted|p2a: Talonflame\n|-damage|p2a: Talonflame|8\/100\n|-damage|p2b: Flutter Mane|0 fnt\n|faint|p2b: Flutter Mane\n|-end|p2b: Flutter Mane|Protosynthesis|[silent]\n|move|p1b: Gholdengo|Shadow Ball|p2a: Talonflame\n|-damage|p2a: Talonflame|0 fnt\n|faint|p2a: Talonflame\n|\n|-heal|p1b: Gholdengo|67\/100|[from] item: Leftovers\n|upkeep\n|inactive|Battle timer is ON: inactive players will automatically lose when time's up. (requested by hw0704)\n|\n|t:|1682477388\n|switch|p2b: Breloom|Breloom, L50, M|100\/100\n|turn|6\n|c|\u2606Mateo8009|my bad sorry\n|\n|t:|1682477401\n|move|p1a: Chi-Yu|Heat Wave|p2b: Breloom\n|-supereffective|p2b: Breloom\n|-damage|p2b: Breloom|0 fnt\n|faint|p2b: Breloom\n|\n|win|hw0704\n|raw|hw0704's rating: 1099 → 1130<\/strong> (+31 for winning)\n|raw|Mateo8009's rating: 1175 → 1145<\/strong> (-30 for losing)\n|c|\u2606Mateo8009|gg\n","uploadtime":1682477410,"views":12,"p1id":"hw0704","p2id":"mateo8009","formatid":"gen9vgc2023regulationc","rating":1130,"private":0,"password":""}