{"id":"gen9vgc2023regulationc-1860030131","p1":"MyMamma","p2":"Alexmkk23","format":"[Gen 9] VGC 2023 Regulation C","log":"|j|\u2606MyMamma\n|j|\u2606Alexmkk23\n|t:|1683587033\n|gametype|doubles\n|player|p1|MyMamma|1|1395\n|player|p2|Alexmkk23|1|1413\n|teamsize|p1|6\n|teamsize|p2|6\n|gen|9\n|tier|[Gen 9] VGC 2023 Regulation C\n|rated|\n|rule|Species Clause: Limit one of each Pok\u00e9mon\n|rule|Item Clause: Limit one of each item\n|clearpoke\n|poke|p1|Iron Bundle, L50|\n|poke|p1|Amoonguss, L50, F|\n|poke|p1|Annihilape, L50, M|\n|poke|p1|Chi-Yu, L50|\n|poke|p1|Flutter Mane, L50|\n|poke|p1|Palafin, L50, F|\n|poke|p2|Chi-Yu, L50|\n|poke|p2|Flutter Mane, L50|\n|poke|p2|Azumarill, L50, M|\n|poke|p2|Amoonguss, L50, F|\n|poke|p2|Corviknight, L50, M|\n|poke|p2|Garchomp, L50, M|\n|teampreview|4\nAlexmkk23 rejected open team sheets.\n|inactive|Battle timer is ON: inactive players will automatically lose when time's up. (requested by Alexmkk23)\n|\n|t:|1683587062\n|start\n|switch|p1a: Amoonguss|Amoonguss, L50, F|100\/100\n|switch|p1b: Palafin|Palafin, L50, F|100\/100\n|switch|p2a: Corviknight|Corviknight, L50, M|100\/100\n|switch|p2b: Garchomp|Garchomp, L50, M|100\/100\n|turn|1\n|inactive|MyMamma has 30 seconds left.\n|inactive|MyMamma has 20 seconds left.\n|inactive|MyMamma has 15 seconds left.\n|\n|t:|1683587102\n|detailschange|p1b: Palafin|Palafin-Hero, L50, F\n|switch|p1b: Flutter Mane|Flutter Mane, L50|100\/100\n|-enditem|p1b: Flutter Mane|Booster Energy\n|-activate|p1b: Flutter Mane|ability: Protosynthesis|[fromitem]\n|-start|p1b: Flutter Mane|protosynthesisspe\n|-terastallize|p1a: Amoonguss|Water\n|move|p2b: Garchomp|Earthquake|p1b: Flutter Mane|[spread] p1a,p1b\n|-immune|p2a: Corviknight\n|-damage|p1a: Amoonguss|69\/100\n|-damage|p1b: Flutter Mane|46\/100\n|move|p2a: Corviknight|Taunt|p1a: Amoonguss\n|-start|p1a: Amoonguss|move: Taunt\n|cant|p1a: Amoonguss|move: Taunt|Spore\n|\n|upkeep\n|turn|2\n|inactive|MyMamma has 30 seconds left.\n|\n|t:|1683587129\n|switch|p1a: Annihilape|Annihilape, L50, M|100\/100\n|move|p2b: Garchomp|Protect|p2b: Garchomp\n|-singleturn|p2b: Garchomp|Protect\n|move|p1b: Flutter Mane|Dazzling Gleam|p2b: Garchomp|[spread] p2a\n|-activate|p2b: Garchomp|move: Protect\n|-resisted|p2a: Corviknight\n|-damage|p2a: Corviknight|90\/100\n|move|p2a: Corviknight|Tailwind|p2a: Corviknight\n|-sidestart|p2: Alexmkk23|move: Tailwind\n|\n|upkeep\n|turn|3\n|\n|t:|1683587148\n|move|p2b: Garchomp|Earthquake|p1a: Annihilape|[spread] p1a,p1b\n|-immune|p2a: Corviknight\n|-damage|p1a: Annihilape|59\/100\n|-damage|p1b: Flutter Mane|0 fnt\n|faint|p1b: Flutter Mane\n|-end|p1b: Flutter Mane|Protosynthesis|[silent]\n|move|p2a: Corviknight|Brave Bird|p1a: Annihilape\n|-supereffective|p1a: Annihilape\n|-damage|p1a: Annihilape|0 fnt\n|faint|p1a: Annihilape\n|-damage|p2a: Corviknight|69\/100|[from] Recoil\n|\n|upkeep\n|\n|t:|1683587168\n|switch|p1b: Amoonguss|Amoonguss, L50, F, tera:Water|100\/100\n|switch|p1a: Palafin|Palafin-Hero, L50, F|100\/100\n|-activate|p1a: Palafin|ability: Zero to Hero\n|turn|4\n|\n|t:|1683587187\n|move|p1b: Amoonguss|Protect|p1b: Amoonguss\n|-singleturn|p1b: Amoonguss|Protect\n|move|p2b: Garchomp|Rock Slide|p1a: Palafin|[spread] p1a\n|-activate|p1b: Amoonguss|move: Protect\n|-damage|p1a: Palafin|83\/100\n|move|p2a: Corviknight|Roost|p2a: Corviknight\n|-heal|p2a: Corviknight|100\/100\n|-singleturn|p2a: Corviknight|move: Roost\n|cant|p1a: Palafin|flinch\n|\n|upkeep\n|turn|5\n|inactive|MyMamma has 30 seconds left.\n|\n|t:|1683587217\n|move|p1a: Palafin|Jet Punch|p2b: Garchomp\n|-damage|p2b: Garchomp|51\/100\n|-damage|p1a: Palafin|71\/100|[from] ability: Rough Skin|[of] p2b: Garchomp\n|move|p2b: Garchomp|Earthquake|p1a: Palafin|[spread] p1a,p1b\n|-immune|p2a: Corviknight\n|-crit|p1a: Palafin\n|-damage|p1a: Palafin|23\/100\n|-damage|p1b: Amoonguss|68\/100\n|move|p2a: Corviknight|Taunt|p1b: Amoonguss\n|-start|p1b: Amoonguss|move: Taunt\n|cant|p1b: Amoonguss|move: Taunt|Spore\n|\n|-sideend|p2: Alexmkk23|move: Tailwind\n|upkeep\n|turn|6\n|\n|t:|1683587241\n|move|p2b: Garchomp|Earthquake|p1b: Amoonguss|[spread] p1a,p1b\n|-immune|p2a: Corviknight\n|-crit|p1b: Amoonguss\n|-damage|p1a: Palafin|0 fnt\n|-damage|p1b: Amoonguss|20\/100\n|faint|p1a: Palafin\n|move|p2a: Corviknight|Brave Bird|p1b: Amoonguss\n|-damage|p1b: Amoonguss|0 fnt\n|-damage|p2a: Corviknight|84\/100|[from] item: Rocky Helmet|[of] p1b: Amoonguss\n|faint|p1b: Amoonguss\n|-damage|p2a: Corviknight|76\/100|[from] Recoil\n|\n|win|Alexmkk23\n|raw|MyMamma's rating: 1395 → 1376<\/strong> (-19 for losing)\n|raw|Alexmkk23's rating: 1413 → 1432<\/strong> (+19 for winning)\n|l|\u2606MyMamma\n|l|\u2606Alexmkk23\n|j|\u2606Alexmkk23\n|player|p2|Alexmkk23|1\n","uploadtime":1683587588,"views":12,"p1id":"mymamma","p2id":"alexmkk23","formatid":"gen9vgc2023regulationc","rating":1376,"private":0,"password":""}