{"id":"gen9vgc2023regulationc-1859370588","p1":"pmal919","p2":"Arcacagne","format":"[Gen 9] VGC 2023 Regulation C","log":"|j|\u2606pmal919\n|j|\u2606Arcacagne\n|t:|1683449725\n|gametype|doubles\n|player|p1|pmal919|acetrainer-gen4dp|1035\n|player|p2|Arcacagne|2|1138\n|teamsize|p1|6\n|teamsize|p2|6\n|gen|9\n|tier|[Gen 9] VGC 2023 Regulation C\n|rated|\n|rule|Species Clause: Limit one of each Pok\u00e9mon\n|rule|Item Clause: Limit one of each item\n|clearpoke\n|poke|p1|Chien-Pao, L50|\n|poke|p1|Salamence, L50, M|\n|poke|p1|Iron Valiant, L50|\n|poke|p1|Ting-Lu, L50|\n|poke|p1|Iron Moth, L50|\n|poke|p1|Flutter Mane, L50|\n|poke|p2|Chi-Yu, L50|\n|poke|p2|Flutter Mane, L50|\n|poke|p2|Amoonguss, L50, F|\n|poke|p2|Palafin, L50, F|\n|poke|p2|Kingambit, L50, M|\n|poke|p2|Arcanine, L50, F|\n|teampreview|4\n|inactive|Battle timer is ON: inactive players will automatically lose when time's up. (requested by Arcacagne)\n|\n|t:|1683449764\n|start\n|switch|p1a: Ting-Lu|Ting-Lu, L50|100\/100\n|switch|p1b: Iron Valiant|Iron Valiant, L50, shiny|100\/100\n|switch|p2a: Chi-Yu|Chi-Yu, L50|100\/100\n|switch|p2b: Palafin|Palafin, L50, F|100\/100\n|-ability|p2a: Chi-Yu|Beads of Ruin\n|-ability|p1a: Ting-Lu|Vessel of Ruin\n|turn|1\n|inactive|Arcacagne has 30 seconds left.\n|\n|t:|1683449793\n|detailschange|p2b: Palafin|Palafin-Hero, L50, F\n|switch|p2b: Arcanine|Arcanine, L50, F|100\/100\n|-ability|p2b: Arcanine|Intimidate|boost\n|-unboost|p1a: Ting-Lu|atk|1\n|-unboost|p1b: Iron Valiant|atk|1\n|move|p2a: Chi-Yu|Protect|p2a: Chi-Yu\n|-singleturn|p2a: Chi-Yu|Protect\n|move|p1b: Iron Valiant|Thunderbolt|p2b: Arcanine\n|-damage|p2b: Arcanine|76\/100\n|move|p1a: Ting-Lu|Stomping Tantrum|p2a: Chi-Yu\n|-activate|p2a: Chi-Yu|move: Protect\n|\n|upkeep\n|turn|2\n|inactive|Arcacagne has 30 seconds left.\n|\n|t:|1683449819\n|-terastallize|p2a: Chi-Yu|Water\n|move|p1b: Iron Valiant|Moonblast|p2a: Chi-Yu\n|-damage|p2a: Chi-Yu|75\/100\n|move|p2a: Chi-Yu|Nasty Plot|p2a: Chi-Yu\n|-boost|p2a: Chi-Yu|spa|2\n|move|p2b: Arcanine|Will-O-Wisp|p1a: Ting-Lu\n|-status|p1a: Ting-Lu|brn\n|move|p1a: Ting-Lu|Rock Slide|p2a: Chi-Yu|[spread] p2a,p2b\n|-supereffective|p2b: Arcanine\n|-damage|p2a: Chi-Yu|68\/100\n|-damage|p2b: Arcanine|66\/100\n|\n|-damage|p1a: Ting-Lu|95\/100 brn|[from] brn\n|upkeep\n|turn|3\n|inactive|pmal919 has 30 seconds left.\n|\n|t:|1683449845\n|move|p2a: Chi-Yu|Protect|p2a: Chi-Yu\n|-singleturn|p2a: Chi-Yu|Protect\n|move|p1b: Iron Valiant|Thunderbolt|p2a: Chi-Yu\n|-activate|p2a: Chi-Yu|move: Protect\n|move|p2b: Arcanine|Flare Blitz|p1b: Iron Valiant\n|-damage|p1b: Iron Valiant|52\/100\n|-damage|p2b: Arcanine|52\/100|[from] Recoil\n|move|p1a: Ting-Lu|Payback|p2b: Arcanine\n|-damage|p2b: Arcanine|38\/100\n|\n|-damage|p1a: Ting-Lu|89\/100 brn|[from] brn\n|upkeep\n|turn|4\n|inactive|Arcacagne has 30 seconds left.\n|\n|t:|1683449879\n|move|p2b: Arcanine|Extreme Speed|p1b: Iron Valiant\n|-damage|p1b: Iron Valiant|33\/100\n|move|p1b: Iron Valiant|Thunderbolt|p2a: Chi-Yu\n|-supereffective|p2a: Chi-Yu\n|-damage|p2a: Chi-Yu|32\/100\n|move|p2a: Chi-Yu|Heat Wave|p1a: Ting-Lu|[spread] p1a\n|-miss|p2a: Chi-Yu|p1b: Iron Valiant\n|-damage|p1a: Ting-Lu|56\/100 brn\n|move|p1a: Ting-Lu|Rock Slide|p2b: Arcanine|[spread] p2a,p2b\n|-supereffective|p2b: Arcanine\n|-damage|p2a: Chi-Yu|24\/100\n|-damage|p2b: Arcanine|27\/100\n|\n|-damage|p1a: Ting-Lu|50\/100 brn|[from] brn\n|upkeep\n|turn|5\n|inactive|pmal919 has 30 seconds left.\n|\n|t:|1683449914\n|move|p1b: Iron Valiant|Protect|p1b: Iron Valiant\n|-singleturn|p1b: Iron Valiant|Protect\n|move|p2a: Chi-Yu|Protect|p2a: Chi-Yu\n|-singleturn|p2a: Chi-Yu|Protect\n|move|p2b: Arcanine|Flare Blitz|p1b: Iron Valiant\n|-activate|p1b: Iron Valiant|move: Protect\n|move|p1a: Ting-Lu|Payback|p2b: Arcanine\n|-damage|p2b: Arcanine|15\/100\n|-enditem|p2b: Arcanine|Aguav Berry|[eat]\n|-heal|p2b: Arcanine|48\/100|[from] item: Aguav Berry\n|\n|-damage|p1a: Ting-Lu|44\/100 brn|[from] brn\n|upkeep\n|turn|6\n|inactive|Arcacagne has 30 seconds left.\n|\n|t:|1683449939\n|switch|p2a: Flutter Mane|Flutter Mane, L50|100\/100\n|-enditem|p2a: Flutter Mane|Booster Energy\n|-activate|p2a: Flutter Mane|ability: Protosynthesis|[fromitem]\n|-start|p2a: Flutter Mane|protosynthesisspa\n|move|p1b: Iron Valiant|Thunderbolt|p2a: Flutter Mane\n|-damage|p2a: Flutter Mane|85\/100\n|-status|p2a: Flutter Mane|par\n|move|p2b: Arcanine|Flare Blitz|p1b: Iron Valiant\n|-damage|p1b: Iron Valiant|0 fnt\n|faint|p1b: Iron Valiant\n|-end|p1b: Iron Valiant|Quark Drive|[silent]\n|-damage|p2b: Arcanine|38\/100|[from] Recoil\n|move|p1a: Ting-Lu|Rock Slide|p2b: Arcanine|[spread] p2a,p2b\n|-supereffective|p2b: Arcanine\n|-damage|p2a: Flutter Mane|78\/100 par\n|-damage|p2b: Arcanine|29\/100\n|\n|-damage|p1a: Ting-Lu|39\/100 brn|[from] brn\n|upkeep\n|c|\u2606Arcacagne|nice\n|\n|t:|1683449962\n|switch|p1b: Iron Moth|Iron Moth, L50, shiny|100\/100\n|-enditem|p1b: Iron Moth|Booster Energy\n|-activate|p1b: Iron Moth|ability: Quark Drive|[fromitem]\n|-start|p1b: Iron Moth|quarkdrivespe\n|turn|7\n|inactive|Arcacagne has 30 seconds left.\n|\n|t:|1683449987\n|switch|p2b: Palafin|Palafin-Hero, L50, F|100\/100\n|-activate|p2b: Palafin|ability: Zero to Hero\n|move|p2a: Flutter Mane|Protect|p2a: Flutter Mane\n|-singleturn|p2a: Flutter Mane|Protect\n|move|p1b: Iron Moth|Acid Spray|p2a: Flutter Mane\n|-activate|p2a: Flutter Mane|move: Protect\n|move|p1a: Ting-Lu|Rock Slide|p2a: Flutter Mane|[spread] p2b\n|-activate|p2a: Flutter Mane|move: Protect\n|-damage|p2b: Palafin|95\/100\n|\n|-damage|p1a: Ting-Lu|33\/100 brn|[from] brn\n|upkeep\n|turn|8\n|inactive|pmal919 has 30 seconds left.\n|\n|t:|1683450014\n|-terastallize|p1b: Iron Moth|Grass\n|move|p2b: Palafin|Jet Punch|p1b: Iron Moth\n|-resisted|p1b: Iron Moth\n|-damage|p1b: Iron Moth|65\/100\n|move|p1b: Iron Moth|Energy Ball|p2b: Palafin\n|-supereffective|p2b: Palafin\n|-crit|p2b: Palafin\n|-damage|p2b: Palafin|0 fnt\n|faint|p2b: Palafin\n|move|p2a: Flutter Mane|Substitute|p2a: Flutter Mane\n|-start|p2a: Flutter Mane|Substitute\n|-damage|p2a: Flutter Mane|53\/100 par\n|move|p1a: Ting-Lu|Payback|p2a: Flutter Mane\n|-activate|p2a: Flutter Mane|move: Substitute|[damage]\n|\n|-damage|p1a: Ting-Lu|27\/100 brn|[from] brn\n|upkeep\n|\n|t:|1683450031\n|switch|p2b: Arcanine|Arcanine, L50, F|29\/100\n|-ability|p2b: Arcanine|Intimidate|boost\n|-unboost|p1a: Ting-Lu|atk|1\n|-unboost|p1b: Iron Moth|atk|1\n|turn|9\n|\n|t:|1683450049\n|move|p1b: Iron Moth|Protect|p1b: Iron Moth\n|-singleturn|p1b: Iron Moth|Protect\n|move|p2b: Arcanine|Protect|p2b: Arcanine\n|-singleturn|p2b: Arcanine|Protect\n|move|p2a: Flutter Mane|Moonblast|p1b: Iron Moth\n|-activate|p1b: Iron Moth|move: Protect\n|move|p1a: Ting-Lu|Rock Slide|p2b: Arcanine|[spread] p2a\n|-activate|p2b: Arcanine|move: Protect\n|-end|p2a: Flutter Mane|Substitute\n|\n|-damage|p1a: Ting-Lu|21\/100 brn|[from] brn\n|upkeep\n|turn|10\n|\n|t:|1683450074\n|move|p2a: Flutter Mane|Protect|p2a: Flutter Mane\n|-singleturn|p2a: Flutter Mane|Protect\n|move|p2b: Arcanine|Extreme Speed|p1b: Iron Moth\n|-damage|p1b: Iron Moth|33\/100\n|move|p1b: Iron Moth|Acid Spray|p2a: Flutter Mane\n|-activate|p2a: Flutter Mane|move: Protect\n|move|p1a: Ting-Lu|Rock Slide|p2a: Flutter Mane|[spread] p2b\n|-activate|p2a: Flutter Mane|move: Protect\n|-supereffective|p2b: Arcanine\n|-damage|p2b: Arcanine|22\/100\n|\n|-damage|p1a: Ting-Lu|15\/100 brn|[from] brn\n|upkeep\n|turn|11\n|\n|t:|1683450098\n|move|p1b: Iron Moth|Protect|p1b: Iron Moth\n|-singleturn|p1b: Iron Moth|Protect\n|move|p2b: Arcanine|Extreme Speed|p1b: Iron Moth\n|-activate|p1b: Iron Moth|move: Protect\n|move|p2a: Flutter Mane|Substitute|p2a: Flutter Mane\n|-start|p2a: Flutter Mane|Substitute\n|-damage|p2a: Flutter Mane|28\/100 par\n|move|p1a: Ting-Lu|Stomping Tantrum|p2b: Arcanine\n|-supereffective|p2b: Arcanine\n|-damage|p2b: Arcanine|7\/100\n|\n|-damage|p1a: Ting-Lu|9\/100 brn|[from] brn\n|upkeep\n|turn|12\n|inactive|pmal919 has 30 seconds left.\n|\n|t:|1683450125\n|-end|p1b: Iron Moth|Quark Drive|[silent]\n|switch|p1b: Flutter Mane|Flutter Mane, L50|100\/100\n|move|p2b: Arcanine|Extreme Speed|p1b: Flutter Mane\n|-immune|p1b: Flutter Mane\n|move|p2a: Flutter Mane|Moonblast|p1a: Ting-Lu\n|-supereffective|p1a: Ting-Lu\n|-damage|p1a: Ting-Lu|0 fnt\n|faint|p1a: Ting-Lu\n|\n|upkeep\n|\n|t:|1683450136\n|switch|p1a: Iron Moth|Iron Moth, L50, shiny, tera:Grass|33\/100\n|turn|13\n|\n|t:|1683450149\n|move|p2b: Arcanine|Protect|p2b: Arcanine\n|-singleturn|p2b: Arcanine|Protect\n|move|p1b: Flutter Mane|Power Gem|p2b: Arcanine\n|-activate|p2b: Arcanine|move: Protect\n|move|p1a: Iron Moth|Acid Spray|p2a: Flutter Mane\n|-activate|p2a: Flutter Mane|move: Substitute|[damage]\n|move|p2a: Flutter Mane|Shadow Ball|p1b: Flutter Mane\n|-supereffective|p1b: Flutter Mane\n|-damage|p1b: Flutter Mane|7\/100\n|\n|upkeep\n|turn|14\n|inactive|pmal919 has 30 seconds left.\n|\n|t:|1683450179\n|switch|p2b: Chi-Yu|Chi-Yu, L50, tera:Water|24\/100\n|-ability|p2b: Chi-Yu|Beads of Ruin\n|move|p1b: Flutter Mane|Power Gem|p2a: Flutter Mane\n|-end|p2a: Flutter Mane|Substitute\n|move|p1a: Iron Moth|Acid Spray|p2a: Flutter Mane\n|-damage|p2a: Flutter Mane|4\/100 par\n|-unboost|p2a: Flutter Mane|spd|2\n|move|p2a: Flutter Mane|Shadow Ball|p1b: Flutter Mane\n|-supereffective|p1b: Flutter Mane\n|-damage|p1b: Flutter Mane|0 fnt\n|faint|p1b: Flutter Mane\n|-end|p1b: Flutter Mane|Protosynthesis|[silent]\n|\n|upkeep\n|turn|15\n|\n|t:|1683450203\n|move|p1a: Iron Moth|Energy Ball|p2b: Chi-Yu\n|-supereffective|p2b: Chi-Yu\n|-damage|p2b: Chi-Yu|0 fnt\n|faint|p2b: Chi-Yu\n|cant|p2a: Flutter Mane|par\n|\n|upkeep\n|\n|t:|1683450209\n|switch|p2b: Arcanine|Arcanine, L50, F|7\/100\n|-ability|p2b: Arcanine|Intimidate|boost\n|-unboost|p1a: Iron Moth|atk|1\n|turn|16\n|\n|t:|1683450221\n|move|p2b: Arcanine|Extreme Speed|p1a: Iron Moth\n|-damage|p1a: Iron Moth|0 fnt\n|faint|p1a: Iron Moth\n|-end|p1a: Iron Moth|Quark Drive|[silent]\n|\n|win|Arcacagne\n|raw|pmal919's rating: 1035 → 1024<\/strong> (-11 for losing)\n|raw|Arcacagne's rating: 1138 → 1156<\/strong> (+18 for winning)\n|c|\u2606Arcacagne|gg\n|l|\u2606pmal919\n","uploadtime":1683450232,"views":12,"p1id":"pmal919","p2id":"arcacagne","formatid":"gen9vgc2023regulationc","rating":1024,"private":0,"password":""}