{"id":"gen9vgc2023regulationc-1849524393","p1":"Angelowos","p2":"Wkr Yaspo","format":"[Gen 9] VGC 2023 Regulation C","log":"|j|\u2606Angelowos\n|j|\u2606Wkr Yaspo\n|t:|1682208795\n|gametype|doubles\n|player|p1|Angelowos|red|\n|player|p2|Wkr Yaspo|backpacker|\n|teamsize|p1|6\n|teamsize|p2|6\n|gen|9\n|tier|[Gen 9] VGC 2023 Regulation C\n|rule|Species Clause: Limit one of each Pok\u00e9mon\n|rule|Item Clause: Limit one of each item\n|clearpoke\n|poke|p1|Flutter Mane, L50|\n|poke|p1|Arcanine, L50, M|\n|poke|p1|Palafin, L50, F|\n|poke|p1|Amoonguss, L50, M|\n|poke|p1|Gastrodon-East, L50, F|\n|poke|p1|Grimmsnarl, L50, M|\n|poke|p2|Palafin, L50, F|\n|poke|p2|Flutter Mane, L50|\n|poke|p2|Arcanine, L50, F|\n|poke|p2|Amoonguss, L50, F|\n|poke|p2|Ting-Lu, L50|\n|poke|p2|Roaring Moon, L50|\n|teampreview|4\n|\n|t:|1682208840\n|start\n|switch|p1a: Palafin|Palafin, L50, F|100\/100\n|switch|p1b: Grimmsnarl|Grimmsnarl, L50, M|100\/100\n|switch|p2a: Palafin|Palafin, L50, F|100\/100\n|switch|p2b: Arcanine|Arcanine, L50, F|100\/100\n|-ability|p2b: Arcanine|Intimidate|boost\n|-unboost|p1a: Palafin|atk|1\n|-unboost|p1b: Grimmsnarl|atk|1\n|turn|1\n|\n|t:|1682208897\n|detailschange|p1a: Palafin|Palafin-Hero, L50, F\n|switch|p1a: Arcanine|Arcanine, L50, M|100\/100\n|-ability|p1a: Arcanine|Intimidate|boost\n|-unboost|p2a: Palafin|atk|1\n|-unboost|p2b: Arcanine|atk|1\n|detailschange|p2a: Palafin|Palafin-Hero, L50, F\n|switch|p2a: Roaring Moon|Roaring Moon, L50|100\/100\n|-enditem|p2a: Roaring Moon|Booster Energy\n|-activate|p2a: Roaring Moon|ability: Protosynthesis|[fromitem]\n|-start|p2a: Roaring Moon|protosynthesisatk\n|move|p1b: Grimmsnarl|Reflect|p1b: Grimmsnarl\n|-sidestart|p1: Angelowos|Reflect\n|move|p2b: Arcanine|Will-O-Wisp|p1a: Arcanine\n|-immune|p1a: Arcanine\n|\n|upkeep\n|turn|2\n|\n|t:|1682208971\n|-terastallize|p2a: Roaring Moon|Flying\n|move|p2b: Arcanine|Protect|p2b: Arcanine\n|-singleturn|p2b: Arcanine|Protect\n|move|p2a: Roaring Moon|Acrobatics|p1a: Arcanine\n|-damage|p1a: Arcanine|49\/100\n|-enditem|p1a: Arcanine|Sitrus Berry|[eat]\n|-heal|p1a: Arcanine|74\/100|[from] item: Sitrus Berry\n|move|p1a: Arcanine|Will-O-Wisp|p2a: Roaring Moon\n|-status|p2a: Roaring Moon|brn\n|move|p1b: Grimmsnarl|Spirit Break|p2a: Roaring Moon\n|-damage|p2a: Roaring Moon|75\/100 brn\n|-unboost|p2a: Roaring Moon|spa|1\n|\n|-damage|p2a: Roaring Moon|69\/100 brn|[from] brn\n|upkeep\n|turn|3\n|\n|t:|1682209046\n|move|p2a: Roaring Moon|Protect|p2a: Roaring Moon\n|-singleturn|p2a: Roaring Moon|Protect\n|move|p1b: Grimmsnarl|Light Screen|p1b: Grimmsnarl\n|-sidestart|p1: Angelowos|move: Light Screen\n|move|p2b: Arcanine|Flare Blitz|p1b: Grimmsnarl\n|-crit|p1b: Grimmsnarl\n|-damage|p1b: Grimmsnarl|11\/100\n|-damage|p2b: Arcanine|65\/100|[from] Recoil\n|move|p1a: Arcanine|Flare Blitz|p2a: Roaring Moon\n|-activate|p2a: Roaring Moon|move: Protect\n|\n|-damage|p2a: Roaring Moon|63\/100 brn|[from] brn\n|upkeep\n|turn|4\n|\n|t:|1682209101\n|move|p2b: Arcanine|Protect|p2b: Arcanine\n|-singleturn|p2b: Arcanine|Protect\n|move|p1b: Grimmsnarl|Parting Shot|p2b: Arcanine\n|-activate|p2b: Arcanine|move: Protect\n|move|p2a: Roaring Moon|Acrobatics|p1b: Grimmsnarl\n|-damage|p1b: Grimmsnarl|0 fnt\n|faint|p1b: Grimmsnarl\n|move|p1a: Arcanine|Will-O-Wisp|p2a: Roaring Moon|[miss]\n|-miss|p1a: Arcanine|p2a: Roaring Moon\n|\n|-damage|p2a: Roaring Moon|57\/100 brn|[from] brn\n|upkeep\n|\n|t:|1682209129\n|switch|p1b: Palafin|Palafin-Hero, L50, F|100\/100\n|-activate|p1b: Palafin|ability: Zero to Hero\n|turn|5\n|\n|t:|1682209188\n|switch|p1b: Flutter Mane|Flutter Mane, L50|100\/100\n|move|p2a: Roaring Moon|Acrobatics|p1a: Arcanine\n|-damage|p1a: Arcanine|49\/100\n|move|p2b: Arcanine|Will-O-Wisp|p1b: Flutter Mane\n|-status|p1b: Flutter Mane|brn\n|move|p1a: Arcanine|Flare Blitz|p2b: Arcanine\n|-resisted|p2b: Arcanine\n|-damage|p2b: Arcanine|27\/100\n|-damage|p1a: Arcanine|38\/100|[from] Recoil\n|\n|-damage|p1b: Flutter Mane|94\/100 brn|[from] brn\n|-damage|p2a: Roaring Moon|51\/100 brn|[from] brn\n|upkeep\n|turn|6\n|\n|t:|1682209231\n|switch|p1a: Palafin|Palafin-Hero, L50, F|100\/100\n|move|p1b: Flutter Mane|Protect|p1b: Flutter Mane\n|-singleturn|p1b: Flutter Mane|Protect\n|move|p2b: Arcanine|Protect|p2b: Arcanine\n|-singleturn|p2b: Arcanine|Protect\n|move|p2a: Roaring Moon|Throat Chop|p1b: Flutter Mane\n|-activate|p1b: Flutter Mane|move: Protect\n|\n|-damage|p1b: Flutter Mane|88\/100 brn|[from] brn\n|-damage|p2a: Roaring Moon|45\/100 brn|[from] brn\n|upkeep\n|turn|7\n|\n|t:|1682209279\n|switch|p2b: Palafin|Palafin-Hero, L50, F|100\/100\n|-activate|p2b: Palafin|ability: Zero to Hero\n|move|p1a: Palafin|Jet Punch|p2b: Palafin\n|-resisted|p2b: Palafin\n|-damage|p2b: Palafin|82\/100\n|move|p1b: Flutter Mane|Shadow Ball|p2a: Roaring Moon\n|-damage|p2a: Roaring Moon|0 fnt\n|faint|p2a: Roaring Moon\n|-end|p2a: Roaring Moon|Protosynthesis|[silent]\n|-damage|p1b: Flutter Mane|78\/100 brn|[from] item: Life Orb\n|\n|-damage|p1b: Flutter Mane|72\/100 brn|[from] brn\n|upkeep\n|\n|t:|1682209292\n|switch|p2a: Arcanine|Arcanine, L50, F|27\/100\n|-ability|p2a: Arcanine|Intimidate|boost\n|-unboost|p1a: Palafin|atk|1\n|-unboost|p1b: Flutter Mane|atk|1\n|turn|8\n|\n|t:|1682209338\n|switch|p2a: Ting-Lu|Ting-Lu, L50|100\/100\n|-ability|p2a: Ting-Lu|Vessel of Ruin\n|move|p1a: Palafin|Jet Punch|p2a: Ting-Lu\n|-supereffective|p2a: Ting-Lu\n|-damage|p2a: Ting-Lu|75\/100\n|move|p1b: Flutter Mane|Energy Ball|p2b: Palafin\n|-supereffective|p2b: Palafin\n|-damage|p2b: Palafin|15\/100\n|-damage|p1b: Flutter Mane|62\/100 brn|[from] item: Life Orb\n|move|p2b: Palafin|Wave Crash|p1b: Flutter Mane\n|-damage|p1b: Flutter Mane|0 fnt\n|faint|p1b: Flutter Mane\n|-end|p1b: Flutter Mane|Protosynthesis|[silent]\n|-damage|p2b: Palafin|0 fnt|[from] Recoil\n|faint|p2b: Palafin\n|\n|-sideend|p1: Angelowos|Reflect\n|upkeep\n|\n|t:|1682209358\n|switch|p1b: Arcanine|Arcanine, L50, M|38\/100\n|switch|p2b: Arcanine|Arcanine, L50, F|27\/100\n|-ability|p2b: Arcanine|Intimidate|boost\n|-unboost|p1a: Palafin|atk|1\n|-unboost|p1b: Arcanine|atk|1\n|-ability|p1b: Arcanine|Intimidate|boost\n|-unboost|p2a: Ting-Lu|atk|1\n|-unboost|p2b: Arcanine|atk|1\n|turn|9\n|\n|t:|1682209424\n|-terastallize|p1a: Palafin|Water\n|move|p2b: Arcanine|Protect|p2b: Arcanine\n|-singleturn|p2b: Arcanine|Protect\n|move|p1b: Arcanine|Extreme Speed|p2b: Arcanine\n|-activate|p2b: Arcanine|move: Protect\n|move|p1a: Palafin|Jet Punch|p2b: Arcanine\n|-activate|p2b: Arcanine|move: Protect\n|move|p2a: Ting-Lu|Ruination|p1a: Palafin\n|-damage|p1a: Palafin|51\/100\n|\n|upkeep\n|turn|10\n|\n|t:|1682209476\n|move|p2b: Arcanine|Extreme Speed|p1b: Arcanine\n|-damage|p1b: Arcanine|18\/100\n|move|p1a: Palafin|Wave Crash|p2b: Arcanine\n|-supereffective|p2b: Arcanine\n|-damage|p2b: Arcanine|0 fnt\n|faint|p2b: Arcanine\n|-damage|p1a: Palafin|43\/100|[from] Recoil\n|move|p1b: Arcanine|Will-O-Wisp|p2a: Ting-Lu\n|-status|p2a: Ting-Lu|brn\n|move|p2a: Ting-Lu|Stomping Tantrum|p1b: Arcanine\n|-supereffective|p1b: Arcanine\n|-damage|p1b: Arcanine|0 fnt\n|faint|p1b: Arcanine\n|\n|-damage|p2a: Ting-Lu|70\/100 brn|[from] brn\n|-sideend|p1: Angelowos|move: Light Screen\n|upkeep\n|turn|11\n|\n|t:|1682209501\n|move|p1a: Palafin|Drain Punch|p2a: Ting-Lu\n|-supereffective|p2a: Ting-Lu\n|-damage|p2a: Ting-Lu|54\/100 brn\n|-heal|p1a: Palafin|54\/100|[from] drain|[of] p2a: Ting-Lu\n|move|p2a: Ting-Lu|Stomping Tantrum|p1a: Palafin\n|-damage|p1a: Palafin|40\/100\n|\n|-damage|p2a: Ting-Lu|48\/100 brn|[from] brn\n|upkeep\n|turn|12\n|c|\u2606Wkr Yaspo|xd\n|\n|t:|1682209523\n|move|p1a: Palafin|Jet Punch|p2a: Ting-Lu\n|-supereffective|p2a: Ting-Lu\n|-damage|p2a: Ting-Lu|21\/100 brn\n|move|p2a: Ting-Lu|Ruination|p1a: Palafin\n|-damage|p1a: Palafin|20\/100\n|\n|-damage|p2a: Ting-Lu|15\/100 brn|[from] brn\n|upkeep\n|turn|13\n|\n|t:|1682209533\n|move|p1a: Palafin|Jet Punch|p2a: Ting-Lu\n|-supereffective|p2a: Ting-Lu\n|-damage|p2a: Ting-Lu|0 fnt\n|faint|p2a: Ting-Lu\n|\n|win|Angelowos\n|c|\u2606Angelowos|Gg\n|c|\u2606Wkr Yaspo|gg wp\n|c|\u2606Angelowos|Xd\n","uploadtime":1682209543,"views":4,"p1id":"angelowos","p2id":"wkryaspo","formatid":"gen9vgc2023regulationc","rating":0,"private":0,"password":""}