{"id":"gen9vgc2023regulationc-1847967192","p1":"SiderisVGC","p2":"niteogard149","format":"[Gen 9] VGC 2023 Regulation C","log":"|j|\u2606SiderisVGC\n|j|\u2606niteogard149\n|t:|1682016583\n|gametype|doubles\n|player|p1|SiderisVGC|169|1220\n|player|p2|niteogard149|2|1256\n|teamsize|p1|6\n|teamsize|p2|6\n|gen|9\n|tier|[Gen 9] VGC 2023 Regulation C\n|rated|\n|rule|Species Clause: Limit one of each Pok\u00e9mon\n|rule|Item Clause: Limit one of each item\n|clearpoke\n|poke|p1|Iron Bundle, L50|\n|poke|p1|Arcanine, L50, F|\n|poke|p1|Kingambit, L50, M|\n|poke|p1|Amoonguss, L50, F|\n|poke|p1|Flutter Mane, L50|\n|poke|p1|Dragonite, L50, M|\n|poke|p2|Tatsugiri, L50, M|\n|poke|p2|Glimmora, L50, M|\n|poke|p2|Iron Bundle, L50|\n|poke|p2|Dondozo, L50, M|\n|poke|p2|Chi-Yu, L50|\n|poke|p2|Flutter Mane, L50|\n|teampreview|4\n|inactive|Battle timer is ON: inactive players will automatically lose when time's up. (requested by niteogard149)\nniteogard149 rejected open team sheets.\n|inactive|SiderisVGC has 60 seconds left.\n|inactive|SiderisVGC has 30 seconds left.\n|inactive|SiderisVGC has 20 seconds left.\n|inactive|SiderisVGC has 15 seconds left.\n|inactive|SiderisVGC has 10 seconds left.\n|inactive|SiderisVGC has 5 seconds left.\n|\n|t:|1682016673\n|start\n|switch|p1a: Arcanine|Arcanine, L50, F|100\/100\n|switch|p1b: Flutter Mane|Flutter Mane, L50|100\/100\n|switch|p2a: Glimmora|Glimmora, L50, M, shiny|100\/100\n|switch|p2b: Iron Bundle|Iron Bundle, L50, shiny|100\/100\n|-ability|p1a: Arcanine|Intimidate|boost\n|-unboost|p2a: Glimmora|atk|1\n|-unboost|p2b: Iron Bundle|atk|1\n|-enditem|p2b: Iron Bundle|Booster Energy\n|-activate|p2b: Iron Bundle|ability: Quark Drive|[fromitem]\n|-start|p2b: Iron Bundle|quarkdrivespe\n|turn|1\n|inactive|SiderisVGC has 30 seconds left.\n|\n|t:|1682016703\n|switch|p1a: Amoonguss|Amoonguss, L50, F|100\/100\n|move|p2b: Iron Bundle|Protect|p2b: Iron Bundle\n|-singleturn|p2b: Iron Bundle|Protect\n|move|p1b: Flutter Mane|Protect|p1b: Flutter Mane\n|-singleturn|p1b: Flutter Mane|Protect\n|move|p2a: Glimmora|Mortal Spin|p1a: Amoonguss|[spread] p1a\n|-activate|p1b: Flutter Mane|move: Protect\n|-damage|p1a: Amoonguss|98\/100\n|\n|upkeep\n|turn|2\n|inactive|SiderisVGC has 30 seconds left.\n|\n|t:|1682016733\n|move|p2b: Iron Bundle|Freeze-Dry|p1a: Amoonguss\n|-supereffective|p1a: Amoonguss\n|-damage|p1a: Amoonguss|48\/100\n|-enditem|p1a: Amoonguss|Sitrus Berry|[eat]\n|-heal|p1a: Amoonguss|73\/100|[from] item: Sitrus Berry\n|move|p1b: Flutter Mane|Shadow Ball|p2a: Glimmora\n|-damage|p2a: Glimmora|63\/100\n|-damage|p1b: Flutter Mane|91\/100|[from] item: Life Orb\n|move|p2a: Glimmora|Power Gem|p1a: Amoonguss\n|-damage|p1a: Amoonguss|50\/100\n|move|p1a: Amoonguss|Spore|p2b: Iron Bundle\n|-status|p2b: Iron Bundle|slp|[from] move: Spore\n|\n|upkeep\n|turn|3\n|\n|t:|1682016755\n|-terastallize|p1b: Flutter Mane|Fairy\n|-terastallize|p2a: Glimmora|Grass\n|move|p1a: Amoonguss|Rage Powder|p1a: Amoonguss\n|-singleturn|p1a: Amoonguss|move: Rage Powder\n|cant|p2b: Iron Bundle|slp\n|move|p1b: Flutter Mane|Dazzling Gleam|p2a: Glimmora|[spread] p2a,p2b\n|-damage|p2a: Glimmora|27\/100\n|-damage|p2b: Iron Bundle|0 fnt\n|faint|p2b: Iron Bundle\n|-end|p2b: Iron Bundle|Quark Drive|[silent]\n|-damage|p1b: Flutter Mane|81\/100|[from] item: Life Orb\n|move|p2a: Glimmora|Mortal Spin|p1a: Amoonguss|[spread] p1a,p1b\n|-supereffective|p1b: Flutter Mane\n|-damage|p1a: Amoonguss|47\/100\n|-damage|p1b: Flutter Mane|67\/100\n|-status|p1b: Flutter Mane|psn\n|\n|-damage|p1b: Flutter Mane|55\/100 psn|[from] psn\n|upkeep\n|\n|t:|1682016775\n|switch|p2b: Overheat|Chi-Yu, L50|100\/100\n|-ability|p2b: Overheat|Beads of Ruin\n|turn|4\n|\n|t:|1682016783\n|switch|p1a: Arcanine|Arcanine, L50, F|100\/100\n|-ability|p1a: Arcanine|Intimidate|boost\n|-unboost|p2a: Glimmora|atk|1\n|-unboost|p2b: Overheat|atk|1\n|move|p1b: Flutter Mane|Dazzling Gleam|p2b: Overheat|[spread] p2a,p2b\n|-damage|p2a: Glimmora|0 fnt\n|-damage|p2b: Overheat|29\/100\n|faint|p2a: Glimmora\n|-damage|p1b: Flutter Mane|45\/100 psn|[from] item: Life Orb\n|move|p2b: Overheat|Heat Wave|p1b: Flutter Mane|[spread] p1a,p1b\n|-resisted|p1a: Arcanine\n|-damage|p1a: Arcanine|74\/100\n|-damage|p1b: Flutter Mane|0 fnt\n|faint|p1b: Flutter Mane\n|-end|p1b: Flutter Mane|Protosynthesis|[silent]\n|\n|upkeep\n|\n|t:|1682016797\n|switch|p1b: Iron Bundle|Iron Bundle, L50|100\/100\n|switch|p2a: Flutter Mane|Flutter Mane, L50, shiny|100\/100\n|-enditem|p1b: Iron Bundle|Booster Energy\n|-activate|p1b: Iron Bundle|ability: Quark Drive|[fromitem]\n|-start|p1b: Iron Bundle|quarkdrivespe\n|turn|5\n|c|\u2606niteogard149|me cago en tu alma hijueputa\n|n|\u203dniteogard149|niteogard149\n|c|&|\/log niteogard149 was locked from talking by Artemis. (\u2606niteogard149: me cago en tu alma hijueputa)\n|c|&|\/raw This action was done automatically. Want to learn more about the AI? Visit the information thread<\/a>.<\/small>\n|inactive|niteogard149 has 30 seconds left.\n|\n|t:|1682016830\n|move|p1b: Iron Bundle|Protect|p1b: Iron Bundle\n|-singleturn|p1b: Iron Bundle|Protect\n|move|p1a: Arcanine|Extreme Speed|p2b: Overheat\n|-damage|p2b: Overheat|0 fnt\n|faint|p2b: Overheat\n|move|p2a: Flutter Mane|Thunderbolt|p1b: Iron Bundle\n|-activate|p1b: Iron Bundle|move: Protect\n|\n|upkeep\n|turn|6\n|-message|niteogard149 forfeited.\n|\n|win|SiderisVGC\n|raw|SiderisVGC's rating: 1220 → 1248<\/strong> (+28 for winning)\n|raw|niteogard149's rating: 1256 → 1228<\/strong> (-28 for losing)\n|l|\u203dniteogard149\n","uploadtime":1682016808,"views":14,"p1id":"siderisvgc","p2id":"niteogard149","formatid":"gen9vgc2023regulationc","rating":1228,"private":0,"password":""}