{"id":"gen9vgc2023regulationc-1856400004","p1":"ShoopDoDeeWap","p2":"Arcacagne","format":"[Gen 9] VGC 2023 Regulation C","log":"|j|\u2606ShoopDoDeeWap\n|j|\u2606Arcacagne\n|t:|1683057775\n|gametype|doubles\n|player|p1|ShoopDoDeeWap|170|1220\n|player|p2|Arcacagne|170|1163\n|teamsize|p1|6\n|teamsize|p2|6\n|gen|9\n|tier|[Gen 9] VGC 2023 Regulation C\n|rated|\n|rule|Species Clause: Limit one of each Pok\u00e9mon\n|rule|Item Clause: Limit one of each item\n|clearpoke\n|poke|p1|Iron Hands, L50|\n|poke|p1|Farigiraf, L50, F|\n|poke|p1|Gyarados, L50, F|\n|poke|p1|Amoonguss, L50, M|\n|poke|p1|Chi-Yu, L50|\n|poke|p1|Flutter Mane, L50|\n|poke|p2|Chi-Yu, L50|\n|poke|p2|Flutter Mane, L50|\n|poke|p2|Amoonguss, L50, F|\n|poke|p2|Palafin, L50, F|\n|poke|p2|Kingambit, L50, M|\n|poke|p2|Arcanine, L50, M|\n|teampreview|4\n|inactive|Battle timer is ON: inactive players will automatically lose when time's up. (requested by ShoopDoDeeWap)\n|inactive|Arcacagne has 60 seconds left.\n|inactive|Arcacagne has 30 seconds left.\n|inactive|Arcacagne has 20 seconds left.\n|\n|t:|1683057851\n|start\n|switch|p1a: Farigiraf|Farigiraf, L50, F|100\/100\n|switch|p1b: Chi-Yu|Chi-Yu, L50|100\/100\n|switch|p2a: Chi-Yu|Chi-Yu, L50|100\/100\n|switch|p2b: Amoonguss|Amoonguss, L50, F|100\/100\n|-ability|p1b: Chi-Yu|Beads of Ruin\n|-ability|p2a: Chi-Yu|Beads of Ruin\n|turn|1\n|\n|t:|1683057870\n|move|p1b: Chi-Yu|Overheat|p2b: Amoonguss\n|-supereffective|p2b: Amoonguss\n|-damage|p2b: Amoonguss|0 fnt\n|-unboost|p1b: Chi-Yu|spa|2\n|faint|p2b: Amoonguss\n|move|p2a: Chi-Yu|Nasty Plot|p2a: Chi-Yu\n|-boost|p2a: Chi-Yu|spa|2\n|move|p1a: Farigiraf|Trick Room|p1a: Farigiraf\n|-fieldstart|move: Trick Room|[of] p1a: Farigiraf\n|\n|upkeep\n|\n|t:|1683057879\n|switch|p2b: Arcanine|Arcanine, L50, M|100\/100\n|-ability|p2b: Arcanine|Intimidate|boost\n|-unboost|p1a: Farigiraf|atk|1\n|-unboost|p1b: Chi-Yu|atk|1\n|turn|2\n|\n|t:|1683057898\n|switch|p1b: Iron Hands|Iron Hands, L50|100\/100\n|move|p1a: Farigiraf|Nasty Plot|p1a: Farigiraf\n|-boost|p1a: Farigiraf|spa|2\n|move|p2b: Arcanine|Will-O-Wisp|p1b: Iron Hands\n|-status|p1b: Iron Hands|brn\n|move|p2a: Chi-Yu|Heat Wave|p1b: Iron Hands|[spread] p1a,p1b\n|-damage|p1a: Farigiraf|18\/100\n|-damage|p1b: Iron Hands|57\/100 brn\n|-status|p1a: Farigiraf|brn\n|\n|-damage|p1b: Iron Hands|50\/100 brn|[from] brn\n|-damage|p1a: Farigiraf|12\/100 brn|[from] brn\n|upkeep\n|turn|3\n|inactive|ShoopDoDeeWap has 30 seconds left.\n|inactive|Arcacagne has 30 seconds left.\n|inactive|Arcacagne has 20 seconds left.\n|inactive|ShoopDoDeeWap has 20 seconds left.\n|\n|t:|1683057939\n|move|p2a: Chi-Yu|Protect|p2a: Chi-Yu\n|-singleturn|p2a: Chi-Yu|Protect\n|move|p2b: Arcanine|Extreme Speed||[still]\n|cant|p1a: Farigiraf|ability: Armor Tail|Extreme Speed|[of] p2b: Arcanine\n|move|p1b: Iron Hands|Drain Punch|p2a: Chi-Yu\n|-activate|p2a: Chi-Yu|move: Protect\n|move|p1a: Farigiraf|Hyper Voice|p2b: Arcanine|[spread] p2b\n|-activate|p2a: Chi-Yu|move: Protect\n|-damage|p2b: Arcanine|21\/100\n|-enditem|p2b: Arcanine|Aguav Berry|[eat]\n|-heal|p2b: Arcanine|54\/100|[from] item: Aguav Berry\n|\n|-damage|p1b: Iron Hands|44\/100 brn|[from] brn\n|-damage|p1a: Farigiraf|6\/100 brn|[from] brn\n|upkeep\n|turn|4\n|inactive|Arcacagne has 30 seconds left.\n|inactive|Arcacagne has 20 seconds left.\n|inactive|Arcacagne has 15 seconds left.\n|\n|t:|1683057981\n|switch|p2a: Flutter Mane|Flutter Mane, L50|100\/100\n|-enditem|p2a: Flutter Mane|Booster Energy\n|-activate|p2a: Flutter Mane|ability: Protosynthesis|[fromitem]\n|-start|p2a: Flutter Mane|protosynthesisspa\n|move|p2b: Arcanine|Protect|p2b: Arcanine\n|-singleturn|p2b: Arcanine|Protect\n|move|p1b: Iron Hands|Drain Punch|p2a: Flutter Mane\n|-immune|p2a: Flutter Mane\n|move|p1a: Farigiraf|Hyper Voice|p2b: Arcanine|[spread] \n|-activate|p2b: Arcanine|move: Protect\n|-immune|p2a: Flutter Mane\n|\n|-damage|p1b: Iron Hands|38\/100 brn|[from] brn\n|-damage|p1a: Farigiraf|0 fnt|[from] brn\n|faint|p1a: Farigiraf\n|upkeep\n|\n|t:|1683057990\n|switch|p1a: Chi-Yu|Chi-Yu, L50|100\/100\n|-ability|p1a: Chi-Yu|Beads of Ruin\n|turn|5\n|inactive|Arcacagne has 30 seconds left.\n|\n|t:|1683058019\n|-terastallize|p2a: Flutter Mane|Fairy\n|-terastallize|p1a: Chi-Yu|Ghost\n|move|p2b: Arcanine|Extreme Speed|p1a: Chi-Yu\n|-immune|p1a: Chi-Yu\n|move|p1b: Iron Hands|Drain Punch|p2b: Arcanine\n|-damage|p2b: Arcanine|37\/100\n|-heal|p1b: Iron Hands|45\/100 brn|[from] drain|[of] p2b: Arcanine\n|move|p2a: Flutter Mane|Moonblast|p1b: Iron Hands\n|-supereffective|p1b: Iron Hands\n|-damage|p1b: Iron Hands|0 fnt\n|faint|p1b: Iron Hands\n|-end|p1b: Iron Hands|Quark Drive|[silent]\n|move|p1a: Chi-Yu|Tera Blast|p2a: Flutter Mane\n|-damage|p2a: Flutter Mane|46\/100\n|\n|-fieldend|move: Trick Room\n|upkeep\n|\n|t:|1683058032\n|switch|p1b: Amoonguss|Amoonguss, L50, M|100\/100\n|turn|6\n|\n|t:|1683058043\n|move|p1b: Amoonguss|Rage Powder|p1b: Amoonguss\n|-singleturn|p1b: Amoonguss|move: Rage Powder\n|move|p1a: Chi-Yu|Tera Blast|p2a: Flutter Mane\n|-damage|p2a: Flutter Mane|0 fnt\n|faint|p2a: Flutter Mane\n|-end|p2a: Flutter Mane|Protosynthesis|[silent]\n|move|p2b: Arcanine|Flare Blitz|p1b: Amoonguss\n|-supereffective|p1b: Amoonguss\n|-damage|p1b: Amoonguss|34\/100\n|-damage|p2b: Arcanine|12\/100|[from] Recoil\n|\n|upkeep\n|\n|t:|1683058052\n|switch|p2a: Chi-Yu|Chi-Yu, L50|100\/100\n|-ability|p2a: Chi-Yu|Beads of Ruin\n|turn|7\n|\n|t:|1683058070\n|move|p2b: Arcanine|Protect|p2b: Arcanine\n|-singleturn|p2b: Arcanine|Protect\n|move|p1a: Chi-Yu|Tera Blast|p2b: Arcanine\n|-activate|p2b: Arcanine|move: Protect\n|move|p2a: Chi-Yu|Heat Wave|p1a: Chi-Yu|[spread] p1a,p1b\n|-supereffective|p1b: Amoonguss\n|-damage|p1a: Chi-Yu|67\/100\n|-damage|p1b: Amoonguss|0 fnt\n|faint|p1b: Amoonguss\n|\n|upkeep\n|turn|8\n|\n|t:|1683058083\n|move|p1a: Chi-Yu|Tera Blast|p2b: Arcanine\n|-damage|p2b: Arcanine|0 fnt\n|faint|p2b: Arcanine\n|move|p2a: Chi-Yu|Dark Pulse|p1a: Chi-Yu\n|-supereffective|p1a: Chi-Yu\n|-damage|p1a: Chi-Yu|0 fnt\n|faint|p1a: Chi-Yu\n|\n|win|Arcacagne\n|raw|ShoopDoDeeWap's rating: 1220 → 1191<\/strong> (-29 for losing)\n|raw|Arcacagne's rating: 1163 → 1192<\/strong> (+29 for winning)\n|l|\u2606ShoopDoDeeWap\n","uploadtime":1683058096,"views":18,"p1id":"shoopdodeewap","p2id":"arcacagne","formatid":"gen9vgc2023regulationc","rating":1191,"private":0,"password":""}