{"id":"gen9vgc2023regulationc-1854818091","p1":"Heaven64","p2":"poppinphresh","format":"[Gen 9] VGC 2023 Regulation C","log":"|j|\u2606Heaven64\n|j|\u2606poppinphresh\n|t:|1682869631\n|gametype|doubles\n|player|p1|Heaven64|leaf-masters|\n|player|p2|poppinphresh|preschooler|\n|teamsize|p1|6\n|teamsize|p2|6\n|gen|9\n|tier|[Gen 9] VGC 2023 Regulation C\n|rule|Species Clause: Limit one of each Pok\u00e9mon\n|rule|Item Clause: Limit one of each item\n|clearpoke\n|poke|p1|Iron Jugulis, L50|\n|poke|p1|Klefki, L50, F|\n|poke|p1|Iron Thorns, L50|\n|poke|p1|Pelipper, L50, F|\n|poke|p1|Cryogonal, L50|\n|poke|p1|Muk, L50, M|\n|poke|p2|Farigiraf, L50, F|\n|poke|p2|Gastrodon, L50, F|\n|poke|p2|Wo-Chien, L50|\n|poke|p2|Glimmora, L50, M|\n|poke|p2|Grimmsnarl, L50, M|\n|poke|p2|Rotom-Fan, L50|\n|teampreview|4\n|c|\u2606Heaven64|g1\nHeaven64 rejected open team sheets.\n|c|\u2606poppinphresh|glhf!\n|c|\u2606Heaven64|you too\n|\n|t:|1682869767\n|start\n|switch|p1a: Black Mesa|Iron Jugulis, L50|100\/100\n|switch|p1b: Vault-TEC|Klefki, L50, F|100\/100\n|switch|p2a: Schr\u00f6dinger|Grimmsnarl, L50, M|100\/100\n|switch|p2b: Psycho Helmet|Farigiraf, L50, F|100\/100\n|-enditem|p1a: Black Mesa|Booster Energy\n|-activate|p1a: Black Mesa|ability: Quark Drive|[fromitem]\n|-start|p1a: Black Mesa|quarkdrivespa\n|turn|1\n|\n|t:|1682869838\n|move|p1a: Black Mesa|Protect|p1a: Black Mesa\n|-singleturn|p1a: Black Mesa|Protect\n|move|p2b: Psycho Helmet|Protect|p2b: Psycho Helmet\n|-singleturn|p2b: Psycho Helmet|Protect\n|move|p2a: Schr\u00f6dinger|Imprison|p2a: Schr\u00f6dinger\n|-start|p2a: Schr\u00f6dinger|move: Imprison\n|cant|p1b: Vault-TEC|move: Imprison|Imprison\n|\n|upkeep\n|turn|2\n|c|\u2606Heaven64|nah\n|c|\u2606poppinphresh|THE TECH WORKED\n|\n|t:|1682869895\n|switch|p1b: Soylent|Muk, L50, M, shiny|100\/100\n|move|p2a: Schr\u00f6dinger|Light Screen|p2a: Schr\u00f6dinger\n|-sidestart|p2: poppinphresh|move: Light Screen\n|move|p1a: Black Mesa|Hurricane|p2a: Schr\u00f6dinger|[miss]\n|-miss|p1a: Black Mesa|p2a: Schr\u00f6dinger\n|move|p2b: Psycho Helmet|Trick Room|p2b: Psycho Helmet\n|-fieldstart|move: Trick Room|[of] p2b: Psycho Helmet\n|\n|upkeep\n|turn|3\n|\n|t:|1682869994\n|switch|p2a: The Unshaven|Gastrodon, L50, F|100\/100\n|move|p1a: Black Mesa|Protect|p1a: Black Mesa\n|-singleturn|p1a: Black Mesa|Protect\n|move|p1b: Soylent|Gunk Shot|p2a: The Unshaven\n|-resisted|p2a: The Unshaven\n|-damage|p2a: The Unshaven|76\/100\n|move|p2b: Psycho Helmet|Psychic Fangs|p1b: Soylent\n|-supereffective|p1b: Soylent\n|-damage|p1b: Soylent|36\/100\n|\n|upkeep\n|turn|4\n|\n|t:|1682870080\n|-terastallize|p2a: The Unshaven|Steel\n|-terastallize|p1b: Soylent|Ground\n|move|p2a: The Unshaven|Ice Beam|p1a: Black Mesa\n|-supereffective|p1a: Black Mesa\n|-damage|p1a: Black Mesa|27\/100\n|move|p1b: Soylent|Giga Drain|p2a: The Unshaven\n|-resisted|p2a: The Unshaven\n|-damage|p2a: The Unshaven|71\/100\n|-heal|p1b: Soylent|39\/100|[from] drain|[of] p2a: The Unshaven\n|move|p2b: Psycho Helmet|Dazzling Gleam|p1a: Black Mesa|[spread] p1a,p1b\n|-supereffective|p1a: Black Mesa\n|-damage|p1a: Black Mesa|0 fnt\n|-damage|p1b: Soylent|31\/100\n|faint|p1a: Black Mesa\n|-end|p1a: Black Mesa|Quark Drive|[silent]\n|\n|upkeep\n|\n|t:|1682870097\n|switch|p1a: Vault-TEC|Klefki, L50, F|100\/100\n|turn|5\n|\n|t:|1682870171\n|move|p1a: Vault-TEC|Light Screen|p1a: Vault-TEC\n|-sidestart|p1: Heaven64|move: Light Screen\n|move|p2a: The Unshaven|Ice Beam|p1b: Soylent\n|-supereffective|p1b: Soylent\n|-damage|p1b: Soylent|12\/100\n|move|p1b: Soylent|Tera Blast|p2a: The Unshaven\n|-supereffective|p2a: The Unshaven\n|-damage|p2a: The Unshaven|12\/100\n|move|p2b: Psycho Helmet|Psychic Fangs|p1b: Soylent\n|-sideend|p1: Heaven64|move: Light Screen\n|-damage|p1b: Soylent|0 fnt\n|faint|p1b: Soylent\n|\n|upkeep\n|\n|t:|1682870180\n|switch|p1b: SCP-3799|Cryogonal, L50|100\/100\n|turn|6\n|\n|t:|1682870239\n|move|p1b: SCP-3799|Protect|p1b: SCP-3799\n|-singleturn|p1b: SCP-3799|Protect\n|move|p1a: Vault-TEC|Imprison|p1a: Vault-TEC\n|-start|p1a: Vault-TEC|move: Imprison\n|move|p2a: The Unshaven|Earth Power|p1a: Vault-TEC\n|-supereffective|p1a: Vault-TEC\n|-damage|p1a: Vault-TEC|0 fnt\n|faint|p1a: Vault-TEC\n|move|p2b: Psycho Helmet|Psychic Fangs|p1b: SCP-3799\n|-activate|p1b: SCP-3799|move: Protect\n|\n|-fieldend|move: Trick Room\n|upkeep\n|turn|7\n|c|\u2606Heaven64|GG\n|c|\u2606poppinphresh|gg!\n|\n|t:|1682870266\n|move|p1b: SCP-3799|Freeze-Dry|p2a: The Unshaven\n|-resisted|p2a: The Unshaven\n|-damage|p2a: The Unshaven|0 fnt\n|faint|p2a: The Unshaven\n|-damage|p1b: SCP-3799|90\/100|[from] item: Life Orb\n|move|p2b: Psycho Helmet|Psychic Fangs|p1b: SCP-3799\n|-damage|p1b: SCP-3799|40\/100\n|\n|upkeep\n|\n|t:|1682870274\n|switch|p2a: Schr\u00f6dinger|Grimmsnarl, L50, M|100\/100\n|turn|8\n|\n|t:|1682870283\n|move|p2a: Schr\u00f6dinger|Imprison|p2a: Schr\u00f6dinger\n|-start|p2a: Schr\u00f6dinger|move: Imprison\n|move|p1b: SCP-3799|Freeze-Dry|p2a: Schr\u00f6dinger\n|-damage|p2a: Schr\u00f6dinger|68\/100\n|-damage|p1b: SCP-3799|30\/100|[from] item: Life Orb\n|move|p2b: Psycho Helmet|Psychic Fangs|p1b: SCP-3799\n|-damage|p1b: SCP-3799|0 fnt\n|faint|p1b: SCP-3799\n|\n|win|poppinphresh\n","uploadtime":1682871534,"views":16,"p1id":"heaven64","p2id":"poppinphresh","formatid":"gen9vgc2023regulationc","rating":0,"private":0,"password":""}