{"id":"gen9vgc2023regulationc-1846065942","p1":"CowsParkedHere","p2":"Echo Rose#9471","format":"[Gen 9] VGC 2023 Regulation C","log":"|j|\u2606CowsParkedHere\n|j|\u2606Echo Rose#9471\n|t:|1681800525\n|gametype|doubles\n|player|p1|CowsParkedHere|266|1049\n|player|p2|Echo Rose#9471|1|1020\n|teamsize|p1|6\n|teamsize|p2|6\n|gen|9\n|tier|[Gen 9] VGC 2023 Regulation C\n|rated|\n|rule|Species Clause: Limit one of each Pok\u00e9mon\n|rule|Item Clause: Limit one of each item\n|clearpoke\n|poke|p1|Drednaw, L50, M|\n|poke|p1|Pelipper, L50, F|\n|poke|p1|Gallade, L50, M|\n|poke|p1|Amoonguss, L50, M|\n|poke|p1|Golduck, L50, F|\n|poke|p1|Breloom, L50, F|\n|poke|p2|Garganacl, L50, F|\n|poke|p2|Glimmora, L50, M|\n|poke|p2|Wo-Chien, L50|\n|poke|p2|Flutter Mane, L50|\n|poke|p2|Palafin, L50, M|\n|poke|p2|Corviknight, L50, F|\n|teampreview|4\n|inactive|Battle timer is ON: inactive players will automatically lose when time's up. (requested by CowsParkedHere)\nCowsParkedHere rejected open team sheets.\n|inactive|Echo Rose#9471 has 60 seconds left.\n|\n|t:|1681800556\n|start\n|switch|p1a: Pelipper|Pelipper, L50, F|100\/100\n|switch|p1b: Drednaw|Drednaw, L50, M|100\/100\n|switch|p2a: Flutter Mane|Flutter Mane, L50|100\/100\n|switch|p2b: Finn Fury|Palafin, L50, M|100\/100\n|-weather|RainDance|[from] ability: Drizzle|[of] p1a: Pelipper\n|-enditem|p2a: Flutter Mane|Booster Energy\n|-activate|p2a: Flutter Mane|ability: Protosynthesis|[fromitem]\n|-start|p2a: Flutter Mane|protosynthesisspa\n|turn|1\n|\n|t:|1681800571\n|detailschange|p2b: Finn Fury|Palafin-Hero, L50, M\n|switch|p2b: Wo-Chien|Wo-Chien, L50|100\/100\n|-ability|p2b: Wo-Chien|Tablets of Ruin\n|move|p2a: Flutter Mane|Protect|p2a: Flutter Mane\n|-singleturn|p2a: Flutter Mane|Protect\n|move|p1b: Drednaw|Rock Slide|p2b: Wo-Chien|[spread] p2b\n|-activate|p2a: Flutter Mane|move: Protect\n|-damage|p2b: Wo-Chien|72\/100\n|move|p1a: Pelipper|Knock Off|p2b: Wo-Chien\n|-resisted|p2b: Wo-Chien\n|-damage|p2b: Wo-Chien|68\/100\n|-enditem|p2b: Wo-Chien|Leftovers|[from] move: Knock Off|[of] p1a: Pelipper\n|\n|-weather|RainDance|[upkeep]\n|upkeep\n|turn|2\n|inactive|Echo Rose#9471 has 30 seconds left.\n|\n|t:|1681800602\n|move|p1b: Drednaw|Rock Slide|p2a: Flutter Mane|[spread] p2a,p2b\n|-damage|p2a: Flutter Mane|55\/100\n|-damage|p2b: Wo-Chien|38\/100\n|move|p2a: Flutter Mane|Substitute|p2a: Flutter Mane\n|-start|p2a: Flutter Mane|Substitute\n|-damage|p2a: Flutter Mane|30\/100\n|move|p1a: Pelipper|Hurricane|p2a: Flutter Mane\n|-end|p2a: Flutter Mane|Substitute\n|move|p2b: Wo-Chien|Leech Seed|p1b: Drednaw\n|-start|p1b: Drednaw|move: Leech Seed\n|\n|-weather|RainDance|[upkeep]\n|-damage|p1b: Drednaw|88\/100|[from] Leech Seed|[of] p2b: Wo-Chien\n|-heal|p2b: Wo-Chien|48\/100|[silent]\n|upkeep\n|turn|3\n|\n|t:|1681800618\n|move|p2a: Flutter Mane|Protect|p2a: Flutter Mane\n|-singleturn|p2a: Flutter Mane|Protect\n|move|p1b: Drednaw|Rock Slide|p2a: Flutter Mane|[spread] p2b\n|-activate|p2a: Flutter Mane|move: Protect\n|-crit|p2b: Wo-Chien\n|-damage|p2b: Wo-Chien|9\/100\n|move|p1a: Pelipper|Hurricane|p2b: Wo-Chien\n|-supereffective|p2b: Wo-Chien\n|-damage|p2b: Wo-Chien|0 fnt\n|faint|p2b: Wo-Chien\n|\n|-weather|RainDance|[upkeep]\n|upkeep\n|\n|t:|1681800626\n|switch|p2b: Mercury|Corviknight, L50, F, shiny|100\/100\n|turn|4\n|\n|t:|1681800638\n|-end|p2a: Flutter Mane|Protosynthesis|[silent]\n|switch|p2a: Finn Fury|Palafin-Hero, L50, M|100\/100\n|-activate|p2a: Finn Fury|ability: Zero to Hero\n|move|p1b: Drednaw|Rock Slide|p2b: Mercury|[spread] p2a\n|-miss|p1b: Drednaw|p2b: Mercury\n|-damage|p2a: Finn Fury|58\/100\n|move|p1a: Pelipper|Knock Off|p2b: Mercury\n|-damage|p2b: Mercury|90\/100\n|-damage|p1a: Pelipper|84\/100|[from] item: Rocky Helmet|[of] p2b: Mercury\n|-enditem|p2b: Mercury|Rocky Helmet|[from] move: Knock Off|[of] p1a: Pelipper\n|move|p2b: Mercury|Iron Head|p1b: Drednaw\n|-damage|p1b: Drednaw|50\/100\n|\n|-weather|RainDance|[upkeep]\n|-damage|p1b: Drednaw|38\/100|[from] Leech Seed|[of] p2b: Mercury\n|-heal|p2b: Mercury|99\/100|[silent]\n|upkeep\n|turn|5\n|\n|t:|1681800655\n|move|p2a: Finn Fury|Jet Punch|p1b: Drednaw\n|-damage|p1b: Drednaw|0 fnt\n|faint|p1b: Drednaw\n|move|p1a: Pelipper|Hurricane|p2a: Finn Fury\n|-damage|p2a: Finn Fury|22\/100\n|-start|p2a: Finn Fury|confusion\n|move|p2b: Mercury|Brave Bird|p1a: Pelipper\n|-damage|p1a: Pelipper|29\/100\n|-damage|p2b: Mercury|84\/100|[from] Recoil\n|\n|-weather|RainDance|[upkeep]\n|upkeep\n|\n|t:|1681800661\n|switch|p1b: Breloom|Breloom, L50, F|100\/100\n|turn|6\n|\n|t:|1681800682\n|-activate|p2a: Finn Fury|confusion\n|-damage|p2a: Finn Fury|6\/100|[from] confusion\n|move|p1b: Breloom|Mach Punch|p2a: Finn Fury\n|-damage|p2a: Finn Fury|0 fnt\n|faint|p2a: Finn Fury\n|move|p1a: Pelipper|Hurricane|p2b: Mercury\n|-resisted|p2b: Mercury\n|-damage|p2b: Mercury|66\/100\n|move|p2b: Mercury|Brave Bird|p1b: Breloom\n|-supereffective|p1b: Breloom\n|-damage|p1b: Breloom|0 fnt\n|faint|p1b: Breloom\n|-damage|p2b: Mercury|40\/100|[from] Recoil\n|\n|-weather|RainDance|[upkeep]\n|upkeep\n|\n|t:|1681800693\n|switch|p2a: Flutter Mane|Flutter Mane, L50|30\/100\n|switch|p1b: Amoonguss|Amoonguss, L50, M|100\/100\n|turn|7\n|\n|t:|1681800704\n|move|p1b: Amoonguss|Protect|p1b: Amoonguss\n|-singleturn|p1b: Amoonguss|Protect\n|move|p2a: Flutter Mane|Substitute|p2a: Flutter Mane\n|-start|p2a: Flutter Mane|Substitute\n|-damage|p2a: Flutter Mane|5\/100\n|move|p1a: Pelipper|Hurricane|p2a: Flutter Mane\n|-end|p2a: Flutter Mane|Substitute\n|move|p2b: Mercury|Brave Bird|p1a: Pelipper\n|-damage|p1a: Pelipper|0 fnt\n|faint|p1a: Pelipper\n|-damage|p2b: Mercury|32\/100|[from] Recoil\n|\n|-weather|RainDance|[upkeep]\n|upkeep\n|turn|8\n|-message|CowsParkedHere forfeited.\n|\n|win|Echo Rose#9471\n|raw|CowsParkedHere's rating: 1049 → 1030<\/strong> (-19 for losing)\n|raw|Echo Rose#9471's rating: 1020 → 1060<\/strong> (+40 for winning)\n|l|\u2606CowsParkedHere\n","uploadtime":1681800724,"views":7,"p1id":"cowsparkedhere","p2id":"echorose9471","formatid":"gen9vgc2023regulationc","rating":1030,"private":0,"password":""}