{"id":"gen9vgc2023regulationc-1860891374","p1":"FBomb09","p2":"windowsstartup","format":"[Gen 9] VGC 2023 Regulation C","log":"|j|\u2606FBomb09\n|j|\u2606windowsstartup\n|t:|1683691303\n|gametype|doubles\n|player|p1|FBomb09|101|1236\n|player|p2|windowsstartup|102|1242\n|teamsize|p1|6\n|teamsize|p2|6\n|gen|9\n|tier|[Gen 9] VGC 2023 Regulation C\n|rated|\n|rule|Species Clause: Limit one of each Pok\u00e9mon\n|rule|Item Clause: Limit one of each item\n|clearpoke\n|poke|p1|Armarouge, L50, F|\n|poke|p1|Garchomp, L50, F|\n|poke|p1|Eelektrik, L50, M|\n|poke|p1|Indeedee-F, L50, F|\n|poke|p1|Murkrow, L50, F|\n|poke|p1|Chi-Yu, L50|\n|poke|p2|Torkoal, L50, F|\n|poke|p2|Lilligant, L50, F|\n|poke|p2|Great Tusk, L50|\n|poke|p2|Flutter Mane, L50|\n|poke|p2|Talonflame, L50, F|\n|poke|p2|Chien-Pao, L50|\n|teampreview|4\n|inactive|Battle timer is ON: inactive players will automatically lose when time's up. (requested by windowsstartup)\nwindowsstartup has agreed to open team sheets.\n|inactive|FBomb09 has 60 seconds left.\n|inactive|FBomb09 has 30 seconds left.\n|inactive|FBomb09 has 20 seconds left.\n|inactive|FBomb09 has 15 seconds left.\n|inactive|FBomb09 has 10 seconds left.\n|inactive|FBomb09 has 5 seconds left.\n|\n|t:|1683691395\n|start\n|switch|p1a: Armarouge|Armarouge, L50, F|100\/100\n|switch|p1b: Indeedee|Indeedee-F, L50, F|100\/100\n|switch|p2a: Flutter Mane|Flutter Mane, L50|100\/100\n|switch|p2b: Talonflame|Talonflame, L50, F|100\/100\n|-fieldstart|move: Psychic Terrain|[from] ability: Psychic Surge|[of] p1b: Indeedee\n|turn|1\n|inactive|FBomb09 has 30 seconds left.\n|\n|t:|1683691422\n|move|p1b: Indeedee|Follow Me|p1b: Indeedee\n|-singleturn|p1b: Indeedee|move: Follow Me\n|move|p2b: Talonflame|Taunt|p1b: Indeedee\n|-start|p1b: Indeedee|move: Taunt\n|move|p2a: Flutter Mane|Power Gem|p1b: Indeedee\n|-damage|p1b: Indeedee|72\/100\n|move|p1a: Armarouge|Expanding Force|p2b: Talonflame|[spread] p2a,p2b\n|-damage|p2a: Flutter Mane|26\/100\n|-damage|p2b: Talonflame|0 fnt\n|faint|p2b: Talonflame\n|-damage|p1a: Armarouge|91\/100|[from] item: Life Orb\n|\n|upkeep\n|\n|t:|1683691431\n|switch|p2b: Chien-Pao|Chien-Pao, L50|100\/100\n|-ability|p2b: Chien-Pao|Sword of Ruin\n|turn|2\n|inactive|FBomb09 has 30 seconds left.\n|\n|t:|1683691465\n|switch|p1a: Eelektrik|Eelektrik, L50, M|100\/100\n|-terastallize|p1b: Indeedee|Fairy\n|move|p2b: Chien-Pao|Ice Spinner|p1b: Indeedee\n|-damage|p1b: Indeedee|0 fnt\n|-fieldend|move: Psychic Terrain\n|faint|p1b: Indeedee\n|move|p2a: Flutter Mane|Power Gem|p1a: Eelektrik\n|-damage|p1a: Eelektrik|73\/100\n|\n|upkeep\n|\n|t:|1683691490\n|switch|p1b: Garchomp|Garchomp, L50, F|100\/100\n|turn|3\n|\n|t:|1683691509\n|-end|p2a: Flutter Mane|Protosynthesis|[silent]\n|switch|p2a: Great Tusk|Great Tusk, L50|100\/100\n|move|p1b: Garchomp|Protect|p1b: Garchomp\n|-singleturn|p1b: Garchomp|Protect\n|move|p2b: Chien-Pao|Ice Spinner|p1b: Garchomp\n|-activate|p1b: Garchomp|move: Protect\n|move|p1a: Eelektrik|Scary Face|p2a: Great Tusk\n|-unboost|p2a: Great Tusk|spe|2\n|\n|upkeep\n|turn|4\n|inactive|FBomb09 has 30 seconds left.\n|inactive|FBomb09 has 20 seconds left.\n|inactive|FBomb09 has 15 seconds left.\n|inactive|FBomb09 has 10 seconds left.\n|\n|t:|1683691557\n|-end|p2a: Great Tusk|Protosynthesis|[silent]\n|switch|p2a: Flutter Mane|Flutter Mane, L50|26\/100\n|move|p2b: Chien-Pao|Ice Spinner|p1b: Garchomp\n|-supereffective|p1b: Garchomp\n|-damage|p1b: Garchomp|0 fnt\n|-damage|p2b: Chien-Pao|88\/100|[from] ability: Rough Skin|[of] p1b: Garchomp\n|faint|p1b: Garchomp\n|move|p1a: Eelektrik|Discharge|p2b: Chien-Pao|[spread] p2a,p2b\n|-damage|p2a: Flutter Mane|11\/100\n|-damage|p2b: Chien-Pao|61\/100\n|\n|upkeep\n|\n|t:|1683691569\n|switch|p1b: Armarouge|Armarouge, L50, F|91\/100\n|turn|5\n|inactive|FBomb09 has 30 seconds left.\n|\n|t:|1683691596\n|move|p2b: Chien-Pao|Ice Spinner|p1a: Eelektrik\n|-damage|p1a: Eelektrik|30\/100\n|move|p2a: Flutter Mane|Shadow Ball|p1b: Armarouge\n|-supereffective|p1b: Armarouge\n|-damage|p1b: Armarouge|0 fnt\n|faint|p1b: Armarouge\n|move|p1a: Eelektrik|Acid Spray|p2a: Flutter Mane\n|-damage|p2a: Flutter Mane|3\/100\n|-unboost|p2a: Flutter Mane|spd|2\n|\n|upkeep\n|turn|6\n|c|\u2606windowsstartup|gg\n|\n|t:|1683691610\n|move|p2b: Chien-Pao|Ice Spinner|p1a: Eelektrik\n|-damage|p1a: Eelektrik|0 fnt\n|faint|p1a: Eelektrik\n|\n|win|windowsstartup\n|raw|FBomb09's rating: 1236 → 1211<\/strong> (-25 for losing)\n|raw|windowsstartup's rating: 1242 → 1267<\/strong> (+25 for winning)\n|l|\u2606windowsstartup\n|j|\u2606windowsstartup\n|player|p2|windowsstartup|102\n","uploadtime":1683691636,"views":21,"p1id":"fbomb09","p2id":"windowsstartup","formatid":"gen9vgc2023regulationc","rating":1211,"private":0,"password":""}