{"id":"gen9vgc2023regulationc-1847118524","p1":"ZerotheFox","p2":"rowletbow","format":"[Gen 9] VGC 2023 Regulation C","log":"|j|\u2606ZerotheFox\n|j|\u2606rowletbow\n|t:|1681920588\n|gametype|doubles\n|player|p1|ZerotheFox|clair|1074\n|player|p2|rowletbow|170|1122\n|teamsize|p1|6\n|teamsize|p2|6\n|gen|9\n|tier|[Gen 9] VGC 2023 Regulation C\n|rated|\n|rule|Species Clause: Limit one of each Pok\u00e9mon\n|rule|Item Clause: Limit one of each item\n|clearpoke\n|poke|p1|Salandit, L50, M|\n|poke|p1|Flutter Mane, L50|\n|poke|p1|Indeedee-F, L50, F|\n|poke|p1|Armarouge, L50, F|\n|poke|p1|Hatterene, L50, F|\n|poke|p1|Chi-Yu, L50|\n|poke|p2|Armarouge, L50, F|\n|poke|p2|Indeedee-F, L50, F|\n|poke|p2|Iron Hands, L50|\n|poke|p2|Brute Bonnet, L50|\n|poke|p2|Kingambit, L50, M|\n|poke|p2|Annihilape, L50, M|\n|teampreview|4\n|inactive|Battle timer is ON: inactive players will automatically lose when time's up. (requested by ZerotheFox)\n|inactive|rowletbow has 60 seconds left.\n|inactive|ZerotheFox has 60 seconds left.\n|\n|t:|1681920634\n|start\n|switch|p1a: Armarouge|Armarouge, L50, F|100\/100\n|switch|p1b: Gremlin|Salandit, L50, M|100\/100\n|switch|p2a: Annihilape|Annihilape, L50, M|100\/100\n|switch|p2b: Brute Bonnet|Brute Bonnet, L50|100\/100\n|turn|1\n|inactive|rowletbow has 30 seconds left.\n|inactive|rowletbow has 20 seconds left.\n|\n|t:|1681920670\n|move|p1b: Gremlin|Fake Out|p2b: Brute Bonnet\n|-damage|p2b: Brute Bonnet|96\/100\n|move|p2a: Annihilape|Rage Fist|p1a: Armarouge\n|-supereffective|p1a: Armarouge\n|-damage|p1a: Armarouge|59\/100\n|cant|p2b: Brute Bonnet|flinch\n|move|p1a: Armarouge|Trick Room|p1a: Armarouge\n|-fieldstart|move: Trick Room|[of] p1a: Armarouge\n|\n|upkeep\n|turn|2\n|\n|t:|1681920695\n|move|p1a: Armarouge|Armor Cannon|p2b: Brute Bonnet\n|-supereffective|p2b: Brute Bonnet\n|-damage|p2b: Brute Bonnet|0 fnt\n|-unboost|p1a: Armarouge|def|1\n|-unboost|p1a: Armarouge|spd|1\n|faint|p2b: Brute Bonnet\n|-end|p2b: Brute Bonnet|Protosynthesis|[silent]\n|move|p1b: Gremlin|Toxic|p2a: Annihilape\n|-status|p2a: Annihilape|tox\n|move|p2a: Annihilape|Rage Fist|p1a: Armarouge\n|-supereffective|p1a: Armarouge\n|-crit|p1a: Armarouge\n|-damage|p1a: Armarouge|0 fnt\n|faint|p1a: Armarouge\n|\n|-damage|p2a: Annihilape|95\/100 tox|[from] psn\n|upkeep\n|\n|t:|1681920712\n|switch|p1a: Flutter Mane|Flutter Mane, L50|100\/100\n|switch|p2b: Armarouge|Armarouge, L50, F|100\/100\n|-enditem|p1a: Flutter Mane|Booster Energy\n|-activate|p1a: Flutter Mane|ability: Protosynthesis|[fromitem]\n|-start|p1a: Flutter Mane|protosynthesisspa\n|turn|3\n|inactive|rowletbow has 30 seconds left.\n|inactive|rowletbow has 20 seconds left.\n|inactive|rowletbow has 15 seconds left.\n|\n|t:|1681920754\n|switch|p2a: Kingambit|Kingambit, L50, M|100\/100\n|-terastallize|p2b: Armarouge|Grass\n|-terastallize|p1a: Flutter Mane|Steel\n|move|p1b: Gremlin|Toxic|p2b: Armarouge\n|-status|p2b: Armarouge|tox\n|move|p2b: Armarouge|Armor Cannon|p1a: Flutter Mane\n|-supereffective|p1a: Flutter Mane\n|-damage|p1a: Flutter Mane|0 fnt\n|-unboost|p2b: Armarouge|def|1\n|-unboost|p2b: Armarouge|spd|1\n|faint|p1a: Flutter Mane\n|-end|p1a: Flutter Mane|Protosynthesis|[silent]\n|-damage|p2b: Armarouge|91\/100 tox|[from] item: Life Orb\n|\n|-damage|p2b: Armarouge|85\/100 tox|[from] psn\n|upkeep\n|\n|t:|1681920766\n|switch|p1a: Chi-Yu|Chi-Yu, L50|100\/100\n|-ability|p1a: Chi-Yu|Beads of Ruin\n|turn|4\n|\n|t:|1681920790\n|move|p2a: Kingambit|Swords Dance|p2a: Kingambit\n|-boost|p2a: Kingambit|atk|2\n|move|p1b: Gremlin|Will-O-Wisp|p2a: Kingambit\n|-status|p2a: Kingambit|brn\n|move|p2b: Armarouge|Expanding Force|p1b: Gremlin\n|-supereffective|p1b: Gremlin\n|-enditem|p1b: Gremlin|Focus Sash\n|-damage|p1b: Gremlin|1\/100\n|-damage|p2b: Armarouge|75\/100 tox|[from] item: Life Orb\n|move|p1a: Chi-Yu|Hex|p2b: Armarouge\n|-damage|p2b: Armarouge|0 fnt\n|faint|p2b: Armarouge\n|-damage|p1a: Chi-Yu|90\/100|[from] item: Life Orb\n|\n|-damage|p2a: Kingambit|95\/100 brn|[from] brn\n|upkeep\n|\n|t:|1681920803\n|switch|p2b: Annihilape|Annihilape, L50, M|95\/100 tox\n|turn|5\n|\n|t:|1681920824\n|move|p2a: Kingambit|Kowtow Cleave|p1a: Chi-Yu\n|-resisted|p1a: Chi-Yu\n|-crit|p1a: Chi-Yu\n|-damage|p1a: Chi-Yu|27\/100\n|move|p1b: Gremlin|Endeavor|p2a: Kingambit\n|-damage|p2a: Kingambit|1\/100 brn\n|move|p1a: Chi-Yu|Psychic|p2b: Annihilape\n|-supereffective|p2b: Annihilape\n|-damage|p2b: Annihilape|0 fnt\n|faint|p2b: Annihilape\n|-damage|p1a: Chi-Yu|17\/100|[from] item: Life Orb\n|\n|-damage|p2a: Kingambit|0 fnt|[from] brn\n|faint|p2a: Kingambit\n|\n|win|ZerotheFox\n|upkeep\n|raw|ZerotheFox's rating: 1074 → 1107<\/strong> (+33 for winning)\n|raw|rowletbow's rating: 1122 → 1094<\/strong> (-28 for losing)\n|l|\u2606rowletbow\n","uploadtime":1681920845,"views":9,"p1id":"zerothefox","p2id":"rowletbow","formatid":"gen9vgc2023regulationc","rating":1094,"private":0,"password":""}