{"id":"gen9vgc2023regulationc-1861925810","p1":"RamonTheKiller","p2":"TheNutmeg33","format":"[Gen 9] VGC 2023 Regulation C","log":"|j|\u2606RamonTheKiller\n|j|\u2606TheNutmeg33\n|t:|1683821336\n|gametype|doubles\n|player|p1|RamonTheKiller|palmer|1249\n|player|p2|TheNutmeg33|101|1247\n|teamsize|p1|6\n|teamsize|p2|6\n|gen|9\n|tier|[Gen 9] VGC 2023 Regulation C\n|rated|\n|rule|Species Clause: Limit one of each Pok\u00e9mon\n|rule|Item Clause: Limit one of each item\n|clearpoke\n|poke|p1|Ting-Lu, L50|\n|poke|p1|Orthworm, L50, F|\n|poke|p1|Flutter Mane, L50|\n|poke|p1|Gyarados, L50, M|\n|poke|p1|Iron Hands, L50|\n|poke|p1|Amoonguss, L50, M|\n|poke|p2|Iron Bundle, L50|\n|poke|p2|Flutter Mane, L50|\n|poke|p2|Baxcalibur, L50, F|\n|poke|p2|Palafin, L50, M|\n|poke|p2|Abomasnow, L50, F|\n|poke|p2|Arcanine, L50, F|\n|teampreview|4\n|\n|t:|1683821358\n|start\n|switch|p1a: Ting-Lu|Ting-Lu, L50|100\/100\n|switch|p1b: Iron Hands|Iron Hands, L50, shiny|100\/100\n|switch|p2a: Palafin|Palafin, L50, M, shiny|100\/100\n|switch|p2b: Abomasnow|Abomasnow, L50, F, shiny|100\/100\n|-weather|Snow|[from] ability: Snow Warning|[of] p2b: Abomasnow\n|-ability|p1a: Ting-Lu|Vessel of Ruin\n|turn|1\n|inactive|Battle timer is ON: inactive players will automatically lose when time's up. (requested by TheNutmeg33)\n|\n|t:|1683821375\n|detailschange|p2a: Palafin|Palafin-Hero, L50, M, shiny\n|switch|p2a: Arcanine|Arcanine, L50, F, shiny|100\/100\n|-ability|p2a: Arcanine|Intimidate|boost\n|-unboost|p1a: Ting-Lu|atk|1\n|-unboost|p1b: Iron Hands|atk|1\n|-terastallize|p1a: Ting-Lu|Ghost\n|move|p2b: Abomasnow|Protect|p2b: Abomasnow\n|-singleturn|p2b: Abomasnow|Protect\n|move|p1b: Iron Hands|Fake Out|p2b: Abomasnow\n|-activate|p2b: Abomasnow|move: Protect\n|move|p1a: Ting-Lu|Rock Slide|p2b: Abomasnow|[spread] p2a\n|-activate|p2b: Abomasnow|move: Protect\n|-supereffective|p2a: Arcanine\n|-damage|p2a: Arcanine|79\/100\n|\n|-weather|Snow|[upkeep]\n|upkeep\n|turn|2\n|inactive|RamonTheKiller has 30 seconds left.\n|\n|t:|1683821401\n|-end|p1b: Iron Hands|Quark Drive|[silent]\n|switch|p1b: Gyarados|Gyarados, L50, M, shiny|100\/100\n|-ability|p1b: Gyarados|Intimidate|boost\n|-unboost|p2a: Arcanine|atk|1\n|-unboost|p2b: Abomasnow|atk|1\n|move|p2a: Arcanine|Will-O-Wisp|p1b: Gyarados\n|-status|p1b: Gyarados|brn\n|move|p2b: Abomasnow|Aurora Veil|p2b: Abomasnow\n|-sidestart|p2: TheNutmeg33|move: Aurora Veil\n|move|p1a: Ting-Lu|Heavy Slam|p2b: Abomasnow\n|-supereffective|p2b: Abomasnow\n|-damage|p2b: Abomasnow|72\/100\n|\n|-weather|Snow|[upkeep]\n|-heal|p2b: Abomasnow|78\/100|[from] item: Leftovers\n|-damage|p1b: Gyarados|95\/100 brn|[from] brn\n|upkeep\n|turn|3\n|\n|t:|1683821421\n|switch|p1a: Iron Hands|Iron Hands, L50, shiny|100\/100\n|move|p1b: Gyarados|Thunder Wave|p2a: Arcanine\n|-status|p2a: Arcanine|par\n|move|p2b: Abomasnow|Blizzard|p1b: Gyarados|[spread] p1a,p1b\n|-damage|p1a: Iron Hands|60\/100\n|-damage|p1b: Gyarados|58\/100 brn\n|move|p2a: Arcanine|Will-O-Wisp|p1a: Iron Hands\n|-status|p1a: Iron Hands|brn\n|-enditem|p1a: Iron Hands|Lum Berry|[eat]\n|-curestatus|p1a: Iron Hands|brn|[msg]\n|\n|-weather|Snow|[upkeep]\n|-heal|p2b: Abomasnow|84\/100|[from] item: Leftovers\n|-damage|p1b: Gyarados|52\/100 brn|[from] brn\n|upkeep\n|turn|4\n|\n|t:|1683821442\n|move|p1a: Iron Hands|Fake Out|p2a: Arcanine\n|-damage|p2a: Arcanine|68\/100 par\n|move|p1b: Gyarados|Thunder Wave|p2b: Abomasnow\n|-status|p2b: Abomasnow|par\n|cant|p2a: Arcanine|flinch\n|move|p2b: Abomasnow|Blizzard|p1b: Gyarados|[spread] p1a,p1b\n|-damage|p1a: Iron Hands|18\/100\n|-damage|p1b: Gyarados|12\/100 brn\n|\n|-weather|Snow|[upkeep]\n|-heal|p2b: Abomasnow|91\/100 par|[from] item: Leftovers\n|-damage|p1b: Gyarados|6\/100 brn|[from] brn\n|upkeep\n|turn|5\n|\n|t:|1683821459\n|move|p2a: Arcanine|Extreme Speed|p1a: Iron Hands\n|-damage|p1a: Iron Hands|9\/100\n|move|p1b: Gyarados|Waterfall|p2a: Arcanine\n|-supereffective|p2a: Arcanine\n|-damage|p2a: Arcanine|43\/100 par\n|move|p1a: Iron Hands|Drain Punch|p2b: Abomasnow\n|-supereffective|p2b: Abomasnow\n|-damage|p2b: Abomasnow|47\/100 par\n|-heal|p1a: Iron Hands|28\/100|[from] drain|[of] p2b: Abomasnow\n|move|p2b: Abomasnow|Blizzard|p1a: Iron Hands|[spread] p1a,p1b\n|-damage|p1a: Iron Hands|0 fnt\n|-damage|p1b: Gyarados|0 fnt\n|faint|p1a: Iron Hands\n|-end|p1a: Iron Hands|Quark Drive|[silent]\n|faint|p1b: Gyarados\n|\n|-weather|none\n|-heal|p2b: Abomasnow|53\/100 par|[from] item: Leftovers\n|upkeep\n|\n|t:|1683821474\n|switch|p1b: Flutter Mane|Flutter Mane, L50|100\/100\n|switch|p1a: Ting-Lu|Ting-Lu, L50, tera:Ghost|100\/100\n|-ability|p1a: Ting-Lu|Vessel of Ruin\n|turn|6\n|\n|t:|1683821495\n|switch|p2b: Palafin|Palafin-Hero, L50, M, shiny|100\/100\n|-activate|p2b: Palafin|ability: Zero to Hero\n|move|p1b: Flutter Mane|Moonblast|p2a: Arcanine\n|-resisted|p2a: Arcanine\n|-damage|p2a: Arcanine|26\/100 par\n|move|p1a: Ting-Lu|Rock Slide|p2a: Arcanine|[spread] p2a,p2b\n|-supereffective|p2a: Arcanine\n|-damage|p2a: Arcanine|1\/100 par\n|-damage|p2b: Palafin|90\/100\n|move|p2a: Arcanine|Flare Blitz|p1b: Flutter Mane\n|-damage|p1b: Flutter Mane|24\/100\n|-damage|p2a: Arcanine|0 fnt|[from] Recoil\n|faint|p2a: Arcanine\n|\n|-sideend|p2: TheNutmeg33|move: Aurora Veil\n|upkeep\n|\n|t:|1683821509\n|switch|p2a: Abomasnow|Abomasnow, L50, F, shiny|53\/100 par\n|-weather|Snow|[from] ability: Snow Warning|[of] p2a: Abomasnow\n|turn|7\n|\n|t:|1683821517\n|move|p2b: Palafin|Jet Punch|p1b: Flutter Mane\n|-damage|p1b: Flutter Mane|0 fnt\n|faint|p1b: Flutter Mane\n|-end|p1b: Flutter Mane|Protosynthesis|[silent]\n|move|p1a: Ting-Lu|Payback|p2b: Palafin\n|-damage|p2b: Palafin|47\/100\n|cant|p2a: Abomasnow|par\n|\n|-weather|Snow|[upkeep]\n|-heal|p2a: Abomasnow|59\/100 par|[from] item: Leftovers\n|upkeep\n|turn|8\n|\n|t:|1683821531\n|-terastallize|p2b: Palafin|Water\n|move|p2b: Palafin|Wave Crash|p1a: Ting-Lu\n|-damage|p1a: Ting-Lu|30\/100\n|-damage|p2b: Palafin|17\/100|[from] Recoil\n|move|p1a: Ting-Lu|Earthquake|p2a: Abomasnow|[spread] p2a,p2b\n|-resisted|p2a: Abomasnow\n|-damage|p2a: Abomasnow|45\/100 par\n|-damage|p2b: Palafin|0 fnt\n|faint|p2b: Palafin\n|cant|p2a: Abomasnow|par\n|\n|-weather|Snow|[upkeep]\n|-heal|p2a: Abomasnow|51\/100 par|[from] item: Leftovers\n|upkeep\n|\n|t:|1683821542\n|switch|p2b: Iron Bundle|Iron Bundle, L50, shiny|100\/100\n|turn|9\n|\n|t:|1683821548\n|move|p2b: Iron Bundle|Blizzard|p1a: Ting-Lu\n|-damage|p1a: Ting-Lu|5\/100\n|move|p1a: Ting-Lu|Heavy Slam|p2b: Iron Bundle\n|-crit|p2b: Iron Bundle\n|-damage|p2b: Iron Bundle|52\/100\n|move|p2a: Abomasnow|Blizzard|p1a: Ting-Lu\n|-damage|p1a: Ting-Lu|0 fnt\n|faint|p1a: Ting-Lu\n|\n|win|TheNutmeg33\n|raw|RamonTheKiller's rating: 1249 → 1224<\/strong> (-25 for losing)\n|raw|TheNutmeg33's rating: 1247 → 1272<\/strong> (+25 for winning)\n|l|\u2606RamonTheKiller\n","uploadtime":1683821576,"views":6,"p1id":"ramonthekiller","p2id":"thenutmeg33","formatid":"gen9vgc2023regulationc","rating":1224,"private":0,"password":""}