{"id":"gen9vgc2023regulationc-1847521889","p1":"onetwosri","p2":"GB Seraphix","format":"[Gen 9] VGC 2023 Regulation C","log":"|j|\u2606onetwosri\n|j|\u2606GB Seraphix\n|t:|1681966697\n|gametype|doubles\n|player|p1|onetwosri|170|1426\n|player|p2|GB Seraphix|rosa|1319\n|teamsize|p1|6\n|teamsize|p2|6\n|gen|9\n|tier|[Gen 9] VGC 2023 Regulation C\n|rated|\n|rule|Species Clause: Limit one of each Pok\u00e9mon\n|rule|Item Clause: Limit one of each item\n|clearpoke\n|poke|p1|Sylveon, L50, M|\n|poke|p1|Farigiraf, L50, M|\n|poke|p1|Iron Hands, L50|\n|poke|p1|Azumarill, L50, F|\n|poke|p1|Garganacl, L50, M|\n|poke|p1|Chi-Yu, L50|\n|poke|p2|Chi-Yu, L50|\n|poke|p2|Dachsbun, L50, F|\n|poke|p2|Flutter Mane, L50|\n|poke|p2|Baxcalibur, L50, M|\n|poke|p2|Amoonguss, L50, M|\n|poke|p2|Rotom-Wash, L50|\n|teampreview|4\n|inactive|Battle timer is ON: inactive players will automatically lose when time's up. (requested by onetwosri)\nonetwosri has agreed to open team sheets.\n|l|\u2606GB Seraphix\n|inactive|GB Seraphix disconnected and has a minute to reconnect!\n|player|p2|\n|inactive|GB Seraphix has 30 seconds to reconnect!\n|inactive|GB Seraphix has 20 seconds to reconnect!\n|inactive|GB Seraphix has 15 seconds to reconnect!\n|inactive|GB Seraphix has 10 seconds to reconnect!\n|inactive|GB Seraphix has 5 seconds to reconnect!\n|j|\u2606GB Seraphix\n|inactive|GB Seraphix reconnected and has 20 seconds left.\n|player|p2|GB Seraphix|rosa\n|inactive|GB Seraphix has 15 seconds left.\n|inactive|GB Seraphix has 10 seconds left.\n|\n|t:|1681966782\n|start\n|switch|p1a: Sylveon|Sylveon, L50, M|100\/100\n|switch|p1b: Azumarill|Azumarill, L50, F|100\/100\n|switch|p2a: Nemo|Chi-Yu, L50|100\/100\n|switch|p2b: Hanabishi|Rotom-Wash, L50|100\/100\n|-ability|p2a: Nemo|Beads of Ruin\n|turn|1\n|inactive|onetwosri has 30 seconds left.\n|\n|t:|1681966812\n|switch|p2a: Red Sus|Amoonguss, L50, M|100\/100\n|-terastallize|p1b: Azumarill|Grass\n|move|p1b: Azumarill|Aqua Jet|p2a: Red Sus\n|-resisted|p2a: Red Sus\n|-damage|p2a: Red Sus|91\/100\n|-damage|p1b: Azumarill|84\/100|[from] item: Rocky Helmet|[of] p2a: Red Sus\n|move|p2b: Hanabishi|Thunderbolt|p1b: Azumarill\n|-resisted|p1b: Azumarill\n|-damage|p1b: Azumarill|70\/100\n|move|p1a: Sylveon|Hyper Voice|p2b: Hanabishi|[spread] p2a,p2b\n|-resisted|p2a: Red Sus\n|-damage|p2a: Red Sus|69\/100\n|-damage|p2b: Hanabishi|39\/100\n|-enditem|p2b: Hanabishi|Sitrus Berry|[eat]\n|-heal|p2b: Hanabishi|64\/100|[from] item: Sitrus Berry\n|-damage|p1a: Sylveon|91\/100|[from] item: Life Orb\n|\n|upkeep\n|turn|2\n|inactive|onetwosri has 30 seconds left.\n|\n|t:|1681966843\n|move|p2b: Hanabishi|Will-O-Wisp|p1b: Azumarill\n|-status|p1b: Azumarill|brn\n|move|p1a: Sylveon|Hyper Voice|p2a: Red Sus|[spread] p2a,p2b\n|-resisted|p2a: Red Sus\n|-damage|p2a: Red Sus|48\/100\n|-damage|p2b: Hanabishi|6\/100\n|-damage|p1a: Sylveon|81\/100|[from] item: Life Orb\n|move|p1b: Azumarill|Ice Spinner|p2a: Red Sus\n|-supereffective|p2a: Red Sus\n|-damage|p2a: Red Sus|18\/100\n|-damage|p1b: Azumarill|54\/100 brn|[from] item: Rocky Helmet|[of] p2a: Red Sus\n|move|p2a: Red Sus|Spore|p1a: Sylveon\n|-status|p1a: Sylveon|slp|[from] move: Spore\n|\n|-damage|p1b: Azumarill|48\/100 brn|[from] brn\n|upkeep\n|turn|3\n|inactive|onetwosri has 30 seconds left.\n|inactive|GB Seraphix has 30 seconds left.\n|\n|t:|1681966869\n|switch|p2b: Nemo|Chi-Yu, L50|100\/100\n|-ability|p2b: Nemo|Beads of Ruin\n|move|p2a: Red Sus|Rage Powder|p2a: Red Sus\n|-singleturn|p2a: Red Sus|move: Rage Powder\n|cant|p1a: Sylveon|slp\n|move|p1b: Azumarill|Liquidation|p2a: Red Sus\n|-resisted|p2a: Red Sus\n|-damage|p2a: Red Sus|6\/100\n|-damage|p1b: Azumarill|31\/100 brn|[from] item: Rocky Helmet|[of] p2a: Red Sus\n|\n|-damage|p1b: Azumarill|26\/100 brn|[from] brn\n|upkeep\n|turn|4\n|\n|t:|1681966891\n|move|p2a: Red Sus|Rage Powder|p2a: Red Sus\n|-singleturn|p2a: Red Sus|move: Rage Powder\n|move|p1b: Azumarill|Aqua Jet|p2b: Nemo\n|-supereffective|p2b: Nemo\n|-damage|p2b: Nemo|62\/100\n|move|p2b: Nemo|Heat Wave|p1b: Azumarill|[spread] p1a,p1b\n|-supereffective|p1b: Azumarill\n|-crit|p1b: Azumarill\n|-damage|p1a: Sylveon|43\/100 slp\n|-damage|p1b: Azumarill|0 fnt\n|faint|p1b: Azumarill\n|cant|p1a: Sylveon|slp\n|\n|upkeep\n|\n|t:|1681966901\n|switch|p1b: Chi-Yu|Chi-Yu, L50|100\/100\n|-ability|p1b: Chi-Yu|Beads of Ruin\n|turn|5\n|\n|t:|1681966914\n|switch|p2a: Hanabishi|Rotom-Wash, L50|6\/100\n|move|p2b: Nemo|Heat Wave|p1a: Sylveon|[spread] p1a,p1b\n|-resisted|p1b: Chi-Yu\n|-damage|p1a: Sylveon|6\/100 slp\n|-damage|p1b: Chi-Yu|77\/100\n|move|p1b: Chi-Yu|Heat Wave|p2b: Nemo|[spread] p2a,p2b\n|-resisted|p2a: Hanabishi\n|-resisted|p2b: Nemo\n|-damage|p2a: Hanabishi|0 fnt\n|-damage|p2b: Nemo|40\/100\n|faint|p2a: Hanabishi\n|-curestatus|p1a: Sylveon|slp|[msg]\n|move|p1a: Sylveon|Hyper Voice|p2b: Nemo\n|-damage|p2b: Nemo|0 fnt\n|faint|p2b: Nemo\n|-damage|p1a: Sylveon|0 fnt|[from] item: Life Orb\n|faint|p1a: Sylveon\n|\n|upkeep\n|\n|t:|1681966931\n|switch|p2b: Red Sus|Amoonguss, L50, M|39\/100\n|switch|p2a: BB|Flutter Mane, L50|100\/100\n|switch|p1a: Garganacl|Garganacl, L50, M|100\/100\n|-enditem|p2a: BB|Booster Energy\n|-activate|p2a: BB|ability: Protosynthesis|[fromitem]\n|-start|p2a: BB|protosynthesisspe\n|turn|6\n|\n|t:|1681966952\n|-terastallize|p2b: Red Sus|Fire\n|move|p1b: Chi-Yu|Protect|p1b: Chi-Yu\n|-singleturn|p1b: Chi-Yu|Protect\n|move|p2a: BB|Moonblast|p1a: Garganacl\n|-damage|p1a: Garganacl|41\/100\n|-unboost|p1a: Garganacl|spa|1\n|move|p1a: Garganacl|Salt Cure|p2a: BB\n|-damage|p2a: BB|75\/100\n|-start|p2a: BB|Salt Cure\n|move|p2b: Red Sus|Spore|p1b: Chi-Yu\n|-activate|p1b: Chi-Yu|move: Protect\n|\n|-heal|p1a: Garganacl|47\/100|[from] item: Leftovers\n|-damage|p2a: BB|63\/100|[from] Salt Cure\n|upkeep\n|turn|7\n|inactive|onetwosri has 30 seconds left.\n|\n|t:|1681966986\n|move|p1a: Garganacl|Protect|p1a: Garganacl\n|-singleturn|p1a: Garganacl|Protect\n|move|p2b: Red Sus|Protect|p2b: Red Sus\n|-singleturn|p2b: Red Sus|Protect\n|move|p2a: BB|Moonblast|p1a: Garganacl\n|-activate|p1a: Garganacl|move: Protect\n|move|p1b: Chi-Yu|Overheat|p2a: BB\n|-damage|p2a: BB|0 fnt\n|-unboost|p1b: Chi-Yu|spa|2\n|faint|p2a: BB\n|-end|p2a: BB|Protosynthesis|[silent]\n|\n|-heal|p1a: Garganacl|53\/100|[from] item: Leftovers\n|upkeep\n|turn|8\n|\n|t:|1681967003\n|move|p1b: Chi-Yu|Dark Pulse|p2b: Red Sus\n|-damage|p2b: Red Sus|16\/100\n|move|p1a: Garganacl|Salt Cure|p2b: Red Sus\n|-supereffective|p2b: Red Sus\n|-damage|p2b: Red Sus|0 fnt\n|faint|p2b: Red Sus\n|\n|win|onetwosri\n|raw|onetwosri's rating: 1426 → 1440<\/strong> (+14 for winning)\n|raw|GB Seraphix's rating: 1319 → 1305<\/strong> (-14 for losing)\n","uploadtime":1681967011,"views":8,"p1id":"onetwosri","p2id":"gbseraphix","formatid":"gen9vgc2023regulationc","rating":1305,"private":0,"password":""}