{"id":"gen9vgc2023regulationc-1857992995","p1":"datoneman","p2":"Accidental","format":"[Gen 9] VGC 2023 Regulation C","log":"|j|\u2606datoneman\n|j|\u2606Accidental\n|t:|1683257100\n|gametype|doubles\n|player|p1|datoneman|sage|\n|player|p2|Accidental|ingo|\n|teamsize|p1|6\n|teamsize|p2|6\n|gen|9\n|tier|[Gen 9] VGC 2023 Regulation C\n|rule|Species Clause: Limit one of each Pok\u00e9mon\n|rule|Item Clause: Limit one of each item\n|clearpoke\n|poke|p1|Iron Bundle, L50|\n|poke|p1|Great Tusk, L50|\n|poke|p1|Wo-Chien, L50|\n|poke|p1|Talonflame, L50, F|\n|poke|p1|Sylveon, L50, M|\n|poke|p1|Luxray, L50, F|\n|poke|p2|Roaring Moon, L50|\n|poke|p2|Gholdengo, L50|\n|poke|p2|Arcanine, L50, M|\n|poke|p2|Grimmsnarl, L50, M|\n|poke|p2|Misdreavus, L50, F|\n|poke|p2|Hariyama, L50, F|\n|teampreview|4\n|c|\u2606Accidental|g1\n|c|\u2606Accidental|glhf\n|c|\u2606datoneman|hf\n|\n|t:|1683257218\n|start\n|switch|p1a: Sylveon|Sylveon, L50, M|100\/100\n|switch|p1b: Talonflame|Talonflame, L50, F|100\/100\n|switch|p2a: BLOODWING|Roaring Moon, L50|100\/100\n|switch|p2b: DEATHEATER|Grimmsnarl, L50, M|100\/100\n|-item|p1a: Sylveon|Throat Spray|[from] ability: Frisk|[of] p2b: DEATHEATER|[identify]\n|-item|p1b: Talonflame|Life Orb|[from] ability: Frisk|[of] p2b: DEATHEATER|[identify]\n|-enditem|p2a: BLOODWING|Booster Energy\n|-activate|p2a: BLOODWING|ability: Protosynthesis|[fromitem]\n|-start|p2a: BLOODWING|protosynthesisspe\n|turn|1\n|\n|t:|1683257277\n|-terastallize|p2a: BLOODWING|Flying\n|move|p1a: Sylveon|Protect|p1a: Sylveon\n|-singleturn|p1a: Sylveon|Protect\n|move|p2b: DEATHEATER|Fake Out|p1b: Talonflame\n|-damage|p1b: Talonflame|79\/100\n|move|p2a: BLOODWING|Tailwind|p2a: BLOODWING\n|-sidestart|p2: Accidental|move: Tailwind\n|cant|p1b: Talonflame|flinch\n|\n|upkeep\n|turn|2\n|j| DeskSmash\n|\n|t:|1683257341\n|-terastallize|p1a: Sylveon|Water\n|move|p2a: BLOODWING|Acrobatics|p1b: Talonflame\n|-damage|p1b: Talonflame|0 fnt\n|faint|p1b: Talonflame\n|move|p2b: DEATHEATER|Spirit Break|p1a: Sylveon\n|-damage|p1a: Sylveon|56\/100\n|-unboost|p1a: Sylveon|spa|1\n|move|p1a: Sylveon|Hyper Voice|p2a: BLOODWING|[spread] p2a,p2b\n|-supereffective|p2b: DEATHEATER\n|-damage|p2a: BLOODWING|70\/100\n|-damage|p2b: DEATHEATER|51\/100\n|-enditem|p1a: Sylveon|Throat Spray\n|-boost|p1a: Sylveon|spa|1|[from] item: Throat Spray\n|\n|upkeep\n|\n|t:|1683257349\n|switch|p1b: Wo-Chien|Wo-Chien, L50|100\/100\n|-ability|p1b: Wo-Chien|Tablets of Ruin\n|turn|3\n|l| DeskSmash\n|\n|t:|1683257419\n|move|p2a: BLOODWING|Acrobatics|p1a: Sylveon\n|-damage|p1a: Sylveon|0 fnt\n|faint|p1a: Sylveon\n|move|p2b: DEATHEATER|Assurance|p1b: Wo-Chien\n|-resisted|p1b: Wo-Chien\n|-damage|p1b: Wo-Chien|92\/100\n|move|p1b: Wo-Chien|Foul Play|p2a: BLOODWING\n|-damage|p2a: BLOODWING|10\/100\n|\n|-heal|p1b: Wo-Chien|98\/100|[from] item: Leftovers\n|upkeep\n|\n|t:|1683257425\n|switch|p1a: Iron Bundle|Iron Bundle, L50|100\/100\n|-enditem|p1a: Iron Bundle|Booster Energy\n|-activate|p1a: Iron Bundle|ability: Quark Drive|[fromitem]\n|-start|p1a: Iron Bundle|quarkdrivespe\n|turn|4\n|j| ThinkingSceptile\n|c| ThinkingSceptile|nah bro im dead bro got the stab tailwind\n|\n|t:|1683257483\n|switch|p2b: BORF|Arcanine, L50, M|100\/100\n|-ability|p2b: BORF|Intimidate|boost\n|-unboost|p1a: Iron Bundle|atk|1\n|-unboost|p1b: Wo-Chien|atk|1\n|move|p1a: Iron Bundle|Protect|p1a: Iron Bundle\n|-singleturn|p1a: Iron Bundle|Protect\n|move|p1b: Wo-Chien|Protect|p1b: Wo-Chien\n|-singleturn|p1b: Wo-Chien|Protect\n|move|p2a: BLOODWING|Acrobatics|p1a: Iron Bundle\n|-activate|p1a: Iron Bundle|move: Protect\n|\n|-heal|p1b: Wo-Chien|100\/100|[from] item: Leftovers\n|-sideend|p2: Accidental|move: Tailwind\n|upkeep\n|turn|5\n|\n|t:|1683257508\n|move|p1a: Iron Bundle|Icy Wind|p2a: BLOODWING|[spread] p2a,p2b\n|-supereffective|p2a: BLOODWING\n|-resisted|p2b: BORF\n|-damage|p2a: BLOODWING|0 fnt\n|-damage|p2b: BORF|92\/100\n|-unboost|p2b: BORF|spe|1\n|faint|p2a: BLOODWING\n|-end|p2a: BLOODWING|Protosynthesis|[silent]\n|move|p1b: Wo-Chien|Leech Seed|p2b: BORF\n|-start|p2b: BORF|move: Leech Seed\n|move|p2b: BORF|Heat Wave|p1a: Iron Bundle|[spread] p1a,p1b\n|-crit|p1a: Iron Bundle\n|-supereffective|p1b: Wo-Chien\n|-damage|p1a: Iron Bundle|30\/100\n|-damage|p1b: Wo-Chien|65\/100\n|\n|-heal|p1b: Wo-Chien|71\/100|[from] item: Leftovers\n|-damage|p2b: BORF|80\/100|[from] Leech Seed|[of] p1b: Wo-Chien\n|-heal|p1b: Wo-Chien|84\/100|[silent]\n|upkeep\n|\n|t:|1683257520\n|switch|p2a: DEATHEATER|Grimmsnarl, L50, M|51\/100\n|-item|p1b: Wo-Chien|Leftovers|[from] ability: Frisk|[of] p2a: DEATHEATER|[identify]\n|turn|6\n|j| sexy_Loki\n|\n|t:|1683257597\n|switch|p2b: BOOSTER|Gholdengo, L50|100\/100\n|move|p1a: Iron Bundle|Protect|p1a: Iron Bundle\n|-singleturn|p1a: Iron Bundle|Protect\n|move|p1b: Wo-Chien|Foul Play|p2b: BOOSTER\n|-supereffective|p2b: BOOSTER\n|-damage|p2b: BOOSTER|75\/100\n|move|p2a: DEATHEATER|Spirit Break|p1a: Iron Bundle\n|-activate|p1a: Iron Bundle|move: Protect\n|\n|-heal|p1b: Wo-Chien|90\/100|[from] item: Leftovers\n|upkeep\n|turn|7\n|\n|t:|1683257649\n|move|p1a: Iron Bundle|Hydro Pump|p2b: BOOSTER\n|-damage|p2b: BOOSTER|24\/100\n|move|p2b: BOOSTER|Make It Rain|p1a: Iron Bundle|[spread] p1a,p1b\n|-damage|p1a: Iron Bundle|0 fnt\n|-damage|p1b: Wo-Chien|57\/100\n|-unboost|p2b: BOOSTER|spa|1\n|faint|p1a: Iron Bundle\n|-end|p1a: Iron Bundle|Quark Drive|[silent]\n|move|p1b: Wo-Chien|Foul Play|p2b: BOOSTER\n|-supereffective|p2b: BOOSTER\n|-damage|p2b: BOOSTER|0 fnt\n|faint|p2b: BOOSTER\n|move|p2a: DEATHEATER|Spirit Break|p1b: Wo-Chien\n|-supereffective|p1b: Wo-Chien\n|-damage|p1b: Wo-Chien|16\/100\n|-unboost|p1b: Wo-Chien|spa|1\n|\n|-heal|p1b: Wo-Chien|22\/100|[from] item: Leftovers\n|upkeep\n|\n|t:|1683257656\n|switch|p2b: BORF|Arcanine, L50, M|80\/100\n|-ability|p2b: BORF|Intimidate|boost\n|-unboost|p1b: Wo-Chien|atk|1\n|turn|8\n|\n|t:|1683257659\n|move|p1b: Wo-Chien|Protect|p1b: Wo-Chien\n|-singleturn|p1b: Wo-Chien|Protect\n|move|p2b: BORF|Heat Wave|p1b: Wo-Chien\n|-activate|p1b: Wo-Chien|move: Protect\n|move|p2a: DEATHEATER|Spirit Break|p1b: Wo-Chien\n|-activate|p1b: Wo-Chien|move: Protect\n|\n|-heal|p1b: Wo-Chien|29\/100|[from] item: Leftovers\n|upkeep\n|turn|9\n|\n|t:|1683257663\n|move|p1b: Wo-Chien|Protect||[still]\n|-fail|p1b: Wo-Chien\n|move|p2b: BORF|Heat Wave|p1b: Wo-Chien\n|-supereffective|p1b: Wo-Chien\n|-damage|p1b: Wo-Chien|0 fnt\n|faint|p1b: Wo-Chien\n|\n|win|Accidental\n|c|\u2606Accidental|gr\n|c|\u2606datoneman|gr\n","uploadtime":1683257667,"views":18,"p1id":"datoneman","p2id":"accidental","formatid":"gen9vgc2023regulationc","rating":0,"private":0,"password":""}