{"id":"gen9vgc2023regulationc-1853094259","p1":"BolaDeHielo","p2":"Cyruno","format":"[Gen 9] VGC 2023 Regulation C","log":"|j|\u2606BolaDeHielo\n|j|\u2606Cyruno\n|t:|1682634409\n|gametype|doubles\n|player|p1|BolaDeHielo|2|1093\n|player|p2|Cyruno|blue|1155\n|teamsize|p1|6\n|teamsize|p2|6\n|gen|9\n|tier|[Gen 9] VGC 2023 Regulation C\n|rated|\n|rule|Species Clause: Limit one of each Pok\u00e9mon\n|rule|Item Clause: Limit one of each item\n|clearpoke\n|poke|p1|Murkrow, L50, F|\n|poke|p1|Gholdengo, L50|\n|poke|p1|Wo-Chien, L50|\n|poke|p1|Arcanine, L50, F|\n|poke|p1|Glimmora, L50, M|\n|poke|p1|Flutter Mane, L50|\n|poke|p2|Scizor, L50, F|\n|poke|p2|Flutter Mane, L50|\n|poke|p2|Chien-Pao, L50|\n|poke|p2|Arcanine, L50, F|\n|poke|p2|Azumarill, L50, F|\n|poke|p2|Amoonguss, L50, F|\n|teampreview|4\n|\n|t:|1682634482\n|start\n|switch|p1a: Murkrow|Murkrow, L50, F|100\/100\n|switch|p1b: Gholdengo|Gholdengo, L50|100\/100\n|switch|p2a: Scissors|Scizor, L50, F|100\/100\n|switch|p2b: Ice Weasel|Chien-Pao, L50|100\/100\n|-ability|p2b: Ice Weasel|Sword of Ruin\n|turn|1\n|\n|t:|1682634502\n|switch|p1b: Arcanine|Arcanine, L50, F|100\/100\n|-ability|p1b: Arcanine|Intimidate|boost\n|-fail|p2a: Scissors|unboost|[from] item: Clear Amulet|[of] p2a: Scissors\n|-unboost|p2b: Ice Weasel|atk|1\n|move|p1a: Murkrow|Tailwind|p1a: Murkrow\n|-sidestart|p1: BolaDeHielo|move: Tailwind\n|move|p2b: Ice Weasel|Ice Spinner|p1a: Murkrow\n|-supereffective|p1a: Murkrow\n|-damage|p1a: Murkrow|18\/100\n|move|p2a: Scissors|U-turn|p1b: Arcanine\n|-resisted|p1b: Arcanine\n|-damage|p1b: Arcanine|74\/100\n|\n|t:|1682634515\n|switch|p2a: Fido|Arcanine, L50, F|100\/100|[from] U-turn\n|-ability|p2a: Fido|Intimidate|boost\n|-unboost|p1a: Murkrow|atk|1\n|-unboost|p1b: Arcanine|atk|1\n|\n|upkeep\n|turn|2\n|\n|t:|1682634533\n|move|p1a: Murkrow|Protect|p1a: Murkrow\n|-singleturn|p1a: Murkrow|Protect\n|move|p2b: Ice Weasel|Protect|p2b: Ice Weasel\n|-singleturn|p2b: Ice Weasel|Protect\n|move|p2a: Fido|Extreme Speed|p1a: Murkrow\n|-activate|p1a: Murkrow|move: Protect\n|move|p1b: Arcanine|Will-O-Wisp|p2b: Ice Weasel\n|-activate|p2b: Ice Weasel|move: Protect\n|\n|upkeep\n|turn|3\n|\n|t:|1682634552\n|move|p2a: Fido|Extreme Speed|p1a: Murkrow\n|-crit|p1a: Murkrow\n|-damage|p1a: Murkrow|0 fnt\n|faint|p1a: Murkrow\n|move|p1b: Arcanine|Will-O-Wisp|p2b: Ice Weasel\n|-status|p2b: Ice Weasel|brn\n|move|p2b: Ice Weasel|Sacred Sword|p1b: Arcanine\n|-damage|p1b: Arcanine|57\/100\n|\n|-damage|p2b: Ice Weasel|95\/100 brn|[from] brn\n|upkeep\n|\n|t:|1682634563\n|switch|p1a: Flutter Mane|Flutter Mane, L50|100\/100\n|-enditem|p1a: Flutter Mane|Booster Energy\n|-activate|p1a: Flutter Mane|ability: Protosynthesis|[fromitem]\n|-start|p1a: Flutter Mane|protosynthesisspe\n|turn|4\n|\n|t:|1682634591\n|-terastallize|p1a: Flutter Mane|Water\n|move|p2b: Ice Weasel|Protect|p2b: Ice Weasel\n|-singleturn|p2b: Ice Weasel|Protect\n|move|p1a: Flutter Mane|Moonblast|p2a: Fido\n|-resisted|p2a: Fido\n|-damage|p2a: Fido|75\/100\n|move|p1b: Arcanine|Flare Blitz|p2b: Ice Weasel\n|-activate|p2b: Ice Weasel|move: Protect\n|move|p2a: Fido|Howl|p2a: Fido|[spread] p2a,p2b\n|-boost|p2a: Fido|atk|1\n|-boost|p2b: Ice Weasel|atk|1\n|\n|-damage|p2b: Ice Weasel|89\/100 brn|[from] brn\n|-sideend|p1: BolaDeHielo|move: Tailwind\n|upkeep\n|turn|5\n|\n|t:|1682634606\n|move|p2a: Fido|Extreme Speed|p1a: Flutter Mane\n|-damage|p1a: Flutter Mane|19\/100\n|move|p2b: Ice Weasel|Sucker Punch|p1a: Flutter Mane\n|-damage|p1a: Flutter Mane|0 fnt\n|faint|p1a: Flutter Mane\n|-end|p1a: Flutter Mane|Protosynthesis|[silent]\n|move|p1b: Arcanine|Flare Blitz|p2b: Ice Weasel\n|-supereffective|p2b: Ice Weasel\n|-damage|p2b: Ice Weasel|0 fnt\n|faint|p2b: Ice Weasel\n|-damage|p1b: Arcanine|33\/100|[from] Recoil\n|\n|upkeep\n|\n|t:|1682634613\n|switch|p1a: Gholdengo|Gholdengo, L50|100\/100\n|switch|p2b: Scissors|Scizor, L50, F|100\/100\n|turn|6\n|\n|t:|1682634627\n|move|p2b: Scissors|Protect|p2b: Scissors\n|-singleturn|p2b: Scissors|Protect\n|move|p1b: Arcanine|Flare Blitz|p2b: Scissors\n|-activate|p2b: Scissors|move: Protect\n|move|p2a: Fido|Flare Blitz|p1a: Gholdengo\n|-supereffective|p1a: Gholdengo\n|-crit|p1a: Gholdengo\n|-damage|p1a: Gholdengo|0 fnt\n|faint|p1a: Gholdengo\n|-damage|p2a: Fido|43\/100|[from] Recoil\n|\n|upkeep\n|turn|7\n|\n|t:|1682634636\n|move|p2a: Fido|Extreme Speed|p1b: Arcanine\n|-damage|p1b: Arcanine|0 fnt\n|faint|p1b: Arcanine\n|\n|win|Cyruno\n|raw|BolaDeHielo's rating: 1093 → 1073<\/strong> (-20 for losing)\n|raw|Cyruno's rating: 1155 → 1176<\/strong> (+21 for winning)\n|l|\u2606BolaDeHielo\n","uploadtime":1682634644,"views":11,"p1id":"boladehielo","p2id":"cyruno","formatid":"gen9vgc2023regulationc","rating":1073,"private":0,"password":""}