{"id":"gen9vgc2023regulationc-1855290435","p1":"roykeenkennedy","p2":"Cyberdevil","format":"[Gen 9] VGC 2023 Regulation C","log":"|j|\u2606roykeenkennedy\n|j|\u2606Cyberdevil\n|t:|1682930999\n|gametype|doubles\n|player|p1|roykeenkennedy|alder|1358\n|player|p2|Cyberdevil|pokekid|1268\n|teamsize|p1|6\n|teamsize|p2|6\n|gen|9\n|tier|[Gen 9] VGC 2023 Regulation C\n|rated|\n|rule|Species Clause: Limit one of each Pok\u00e9mon\n|rule|Item Clause: Limit one of each item\n|clearpoke\n|poke|p1|Garganacl, L50, M|\n|poke|p1|Glimmora, L50, F|\n|poke|p1|Abomasnow, L50, M|\n|poke|p1|Chi-Yu, L50|\n|poke|p1|Ting-Lu, L50|\n|poke|p1|Gyarados, L50, F|\n|poke|p2|Scream Tail, L50|\n|poke|p2|Flutter Mane, L50|\n|poke|p2|Gholdengo, L50|\n|poke|p2|Iron Bundle, L50|\n|poke|p2|Amoonguss, L50, M|\n|poke|p2|Arcanine, L50, F|\n|teampreview|4\n|inactive|Battle timer is ON: inactive players will automatically lose when time's up. (requested by Cyberdevil)\n|\n|t:|1682931039\n|start\n|switch|p1a: Gyarados|Gyarados, L50, F|100\/100\n|switch|p1b: Ting-Lu|Ting-Lu, L50|100\/100\n|switch|p2a: Scream Tail|Scream Tail, L50|100\/100\n|switch|p2b: Gholdengo|Gholdengo, L50|100\/100\n|-ability|p1a: Gyarados|Intimidate|boost\n|-unboost|p2a: Scream Tail|atk|1\n|-unboost|p2b: Gholdengo|atk|1\n|-ability|p1b: Ting-Lu|Vessel of Ruin\n|-enditem|p2a: Scream Tail|Booster Energy\n|-activate|p2a: Scream Tail|ability: Protosynthesis|[fromitem]\n|-start|p2a: Scream Tail|protosynthesisspe\n|turn|1\n|\n|t:|1682931060\n|-terastallize|p2b: Gholdengo|Water\n|move|p2a: Scream Tail|Reflect|p2a: Scream Tail\n|-sidestart|p2: Cyberdevil|Reflect\n|move|p2b: Gholdengo|Nasty Plot|p2b: Gholdengo\n|-boost|p2b: Gholdengo|spa|2\n|move|p1a: Gyarados|Whirlpool|p2b: Gholdengo\n|-resisted|p2b: Gholdengo\n|-crit|p2b: Gholdengo\n|-damage|p2b: Gholdengo|96\/100\n|-activate|p2b: Gholdengo|move: Whirlpool|[of] p1a: Gyarados\n|move|p1b: Ting-Lu|Sand Tomb|p2b: Gholdengo|[miss]\n|-miss|p1b: Ting-Lu|p2b: Gholdengo\n|\n|-heal|p2b: Gholdengo|100\/100|[from] item: Leftovers\n|-damage|p2b: Gholdengo|88\/100|[from] move: Whirlpool|[partiallytrapped]\n|upkeep\n|turn|2\n|\n|t:|1682931081\n|move|p2a: Scream Tail|Fake Tears|p1b: Ting-Lu\n|-unboost|p1b: Ting-Lu|spd|2\n|move|p2b: Gholdengo|Make It Rain|p1b: Ting-Lu|[spread] p1a,p1b\n|-resisted|p1a: Gyarados\n|-damage|p1a: Gyarados|75\/100\n|-damage|p1b: Ting-Lu|27\/100\n|-unboost|p2b: Gholdengo|spa|1\n|move|p1a: Gyarados|Whirlpool|p2a: Scream Tail\n|-damage|p2a: Scream Tail|96\/100\n|-activate|p2a: Scream Tail|move: Whirlpool|[of] p1a: Gyarados\n|move|p1b: Ting-Lu|Sand Tomb|p2b: Gholdengo\n|-damage|p2b: Gholdengo|79\/100\n|\n|-heal|p2b: Gholdengo|85\/100|[from] item: Leftovers\n|-heal|p1a: Gyarados|81\/100|[from] item: Leftovers\n|-damage|p2a: Scream Tail|84\/100|[from] move: Whirlpool|[partiallytrapped]\n|-damage|p2b: Gholdengo|72\/100|[from] move: Whirlpool|[partiallytrapped]\n|upkeep\n|turn|3\n|inactive|roykeenkennedy has 30 seconds left.\n|inactive|roykeenkennedy has 20 seconds left.\n|\n|t:|1682931119\n|move|p2a: Scream Tail|Fake Tears|p1a: Gyarados\n|-unboost|p1a: Gyarados|spd|2\n|move|p2b: Gholdengo|Make It Rain|p1a: Gyarados|[spread] p1a,p1b\n|-resisted|p1a: Gyarados\n|-damage|p1a: Gyarados|45\/100\n|-damage|p1b: Ting-Lu|0 fnt\n|-unboost|p2b: Gholdengo|spa|1\n|faint|p1b: Ting-Lu\n|move|p1a: Gyarados|Taunt|p2a: Scream Tail\n|-start|p2a: Scream Tail|move: Taunt\n|\n|-heal|p2b: Gholdengo|79\/100|[from] item: Leftovers\n|-heal|p1a: Gyarados|50\/100|[from] item: Leftovers\n|-damage|p2a: Scream Tail|72\/100|[from] move: Whirlpool|[partiallytrapped]\n|-damage|p2b: Gholdengo|66\/100|[from] move: Whirlpool|[partiallytrapped]\n|upkeep\n|c|\u2606Cyberdevil|you should use the binding band with this team if you don't already\n|\n|t:|1682931136\n|switch|p1b: Chi-Yu|Chi-Yu, L50|100\/100\n|-ability|p1b: Chi-Yu|Beads of Ruin\n|turn|4\n|\n|t:|1682931158\n|-terastallize|p1b: Chi-Yu|Grass\n|move|p2b: Gholdengo|Protect|p2b: Gholdengo\n|-singleturn|p2b: Gholdengo|Protect\n|move|p1a: Gyarados|Protect|p1a: Gyarados\n|-singleturn|p1a: Gyarados|Protect\n|move|p2a: Scream Tail|Dazzling Gleam|p1a: Gyarados|[spread] p1b\n|-activate|p1a: Gyarados|move: Protect\n|-damage|p1b: Chi-Yu|84\/100\n|move|p1b: Chi-Yu|Tera Blast|p2b: Gholdengo\n|-activate|p2b: Gholdengo|move: Protect\n|\n|-heal|p2b: Gholdengo|72\/100|[from] item: Leftovers\n|-heal|p1a: Gyarados|56\/100|[from] item: Leftovers\n|-damage|p2a: Scream Tail|60\/100|[from] move: Whirlpool|[partiallytrapped]\n|-damage|p2b: Gholdengo|60\/100|[from] move: Whirlpool|[partiallytrapped]\n|upkeep\n|turn|5\n|inactive|Cyberdevil has 30 seconds left.\n|\n|t:|1682931188\n|move|p2a: Scream Tail|Dazzling Gleam|p1b: Chi-Yu|[spread] p1a,p1b\n|-damage|p1a: Gyarados|30\/100\n|-damage|p1b: Chi-Yu|68\/100\n|move|p1b: Chi-Yu|Tera Blast|p2b: Gholdengo\n|-supereffective|p2b: Gholdengo\n|-damage|p2b: Gholdengo|0 fnt\n|faint|p2b: Gholdengo\n|move|p1a: Gyarados|Waterfall|p2a: Scream Tail\n|-damage|p2a: Scream Tail|44\/100\n|\n|-heal|p1a: Gyarados|36\/100|[from] item: Leftovers\n|-damage|p2a: Scream Tail|32\/100|[from] move: Whirlpool|[partiallytrapped]\n|-sideend|p2: Cyberdevil|Reflect\n|upkeep\n|\n|t:|1682931197\n|switch|p2b: Iron Bundle|Iron Bundle, L50|100\/100\n|turn|6\n|\n|t:|1682931215\n|move|p2a: Scream Tail|Dazzling Gleam|p1b: Chi-Yu|[spread] p1a,p1b\n|-damage|p1a: Gyarados|7\/100\n|-damage|p1b: Chi-Yu|52\/100\n|move|p1b: Chi-Yu|Tera Blast|p2b: Iron Bundle\n|-supereffective|p2b: Iron Bundle\n|-enditem|p2b: Iron Bundle|Focus Sash\n|-damage|p2b: Iron Bundle|1\/100\n|move|p2b: Iron Bundle|Freeze-Dry|p1b: Chi-Yu\n|-supereffective|p1b: Chi-Yu\n|-damage|p1b: Chi-Yu|0 fnt\n|faint|p1b: Chi-Yu\n|move|p1a: Gyarados|Whirlpool|p2b: Iron Bundle|[miss]\n|-miss|p1a: Gyarados|p2b: Iron Bundle\n|\n|-heal|p1a: Gyarados|13\/100|[from] item: Leftovers\n|-damage|p2a: Scream Tail|20\/100|[from] move: Whirlpool|[partiallytrapped]\n|-end|p2a: Scream Tail|move: Taunt\n|upkeep\n|\n|t:|1682931234\n|switch|p1b: Glimmora|Glimmora, L50, F|100\/100\n|turn|7\n|\n|t:|1682931246\n|move|p2b: Iron Bundle|Protect|p2b: Iron Bundle\n|-singleturn|p2b: Iron Bundle|Protect\n|move|p1b: Glimmora|Spiky Shield|p1b: Glimmora\n|-singleturn|p1b: Glimmora|move: Protect\n|move|p2a: Scream Tail|Light Screen|p2a: Scream Tail\n|-sidestart|p2: Cyberdevil|move: Light Screen\n|move|p1a: Gyarados|Waterfall|p2b: Iron Bundle\n|-activate|p2b: Iron Bundle|move: Protect\n|\n|-heal|p1a: Gyarados|19\/100|[from] item: Leftovers\n|-end|p2a: Scream Tail|Whirlpool|[partiallytrapped]\n|upkeep\n|turn|8\n|\n|t:|1682931267\n|move|p2a: Scream Tail|Dazzling Gleam|p1a: Gyarados|[spread] p1a,p1b\n|-resisted|p1b: Glimmora\n|-damage|p1a: Gyarados|0 fnt\n|-damage|p1b: Glimmora|94\/100\n|faint|p1a: Gyarados\n|move|p2b: Iron Bundle|Encore|p1b: Glimmora\n|-start|p1b: Glimmora|Encore\n|move|p1b: Glimmora|Spiky Shield|p1b: Glimmora\n|-singleturn|p1b: Glimmora|move: Protect\n|\n|upkeep\n|turn|9\n|\n|t:|1682931284\n|-end|p2a: Scream Tail|Protosynthesis|[silent]\n|switch|p2a: Amoonguss|Amoonguss, L50, M|100\/100\n|move|p1b: Glimmora|Spiky Shield||[still]\n|-fail|p1b: Glimmora\n|move|p2b: Iron Bundle|Freeze-Dry|p1b: Glimmora\n|-damage|p1b: Glimmora|60\/100\n|\n|upkeep\n|turn|10\n|-message|roykeenkennedy forfeited.\n|\n|win|Cyberdevil\n|raw|roykeenkennedy's rating: 1358 → 1333<\/strong> (-25 for losing)\n|raw|Cyberdevil's rating: 1268 → 1299<\/strong> (+31 for winning)\n|l|\u2606roykeenkennedy\n|c|\u2606Cyberdevil|gg\n","uploadtime":1682931298,"views":21,"p1id":"roykeenkennedy","p2id":"cyberdevil","formatid":"gen9vgc2023regulationc","rating":1299,"private":0,"password":""}