{"id":"gen9vgc2023regulationc-1860226137","p1":"kjtheguy","p2":"RaedenB","format":"[Gen 9] VGC 2023 Regulation C","log":"|j|\u2606kjtheguy\n|j|\u2606RaedenB\n|t:|1683613682\n|gametype|doubles\n|player|p1|kjtheguy|266|1112\n|player|p2|RaedenB|169|1085\n|teamsize|p1|6\n|teamsize|p2|6\n|gen|9\n|tier|[Gen 9] VGC 2023 Regulation C\n|rated|\n|rule|Species Clause: Limit one of each Pok\u00e9mon\n|rule|Item Clause: Limit one of each item\n|clearpoke\n|poke|p1|Torkoal, L50, M|\n|poke|p1|Skeledirge, L50, M|\n|poke|p1|Lilligant, L50, F|\n|poke|p1|Orthworm, L50, F|\n|poke|p1|Roaring Moon, L50|\n|poke|p1|Iron Bundle, L50|\n|poke|p2|Flutter Mane, L50|\n|poke|p2|Torkoal, L50, M|\n|poke|p2|Farigiraf, L50, F|\n|poke|p2|Luxray, L50, F|\n|poke|p2|Ceruledge, L50, M|\n|poke|p2|Wo-Chien, L50|\n|teampreview|4\n|\n|t:|1683613719\n|start\n|switch|p1a: Lilligant|Lilligant, L50, F|100\/100\n|switch|p1b: Skeledirge|Skeledirge, L50, M, shiny|100\/100\n|switch|p2a: Wo-Chien|Wo-Chien, L50|100\/100\n|switch|p2b: Sorto|Flutter Mane, L50|100\/100\n|-ability|p2a: Wo-Chien|Tablets of Ruin\n|turn|1\n|inactive|Battle timer is ON: inactive players will automatically lose when time's up. (requested by kjtheguy)\n|\n|t:|1683613761\n|-terastallize|p2a: Wo-Chien|Water\n|-terastallize|p1b: Skeledirge|Fairy\n|move|p1a: Lilligant|Pollen Puff|p2a: Wo-Chien\n|-damage|p2a: Wo-Chien|83\/100\n|move|p2b: Sorto|Phantom Force||[still]\n|-prepare|p2b: Sorto|Phantom Force\n|move|p2a: Wo-Chien|Pollen Puff|p1a: Lilligant\n|-supereffective|p1a: Lilligant\n|-damage|p1a: Lilligant|14\/100\n|move|p1b: Skeledirge|Torch Song|p2b: Sorto|[miss]\n|-miss|p1b: Skeledirge|p2b: Sorto\n|\n|upkeep\n|turn|2\n|inactive|RaedenB has 30 seconds left.\n|inactive|RaedenB has 20 seconds left.\n|\n|t:|1683613797\n|move|p1a: Lilligant|Sleep Powder|p2a: Wo-Chien\n|-status|p2a: Wo-Chien|slp|[from] move: Sleep Powder\n|move|p2b: Sorto|Phantom Force|p1b: Skeledirge|[from]lockedmove\n|-damage|p1b: Skeledirge|87\/100\n|cant|p2a: Wo-Chien|slp\n|move|p1b: Skeledirge|Shadow Ball|p2b: Sorto\n|-supereffective|p2b: Sorto\n|-damage|p2b: Sorto|36\/100\n|\n|upkeep\n|turn|3\n|inactive|kjtheguy has 30 seconds left.\n|inactive|RaedenB has 30 seconds left.\n|\n|t:|1683613830\n|move|p2b: Sorto|Protect|p2b: Sorto\n|-singleturn|p2b: Sorto|Protect\n|move|p1a: Lilligant|Light Screen|p1a: Lilligant\n|-sidestart|p1: kjtheguy|move: Light Screen\n|cant|p2a: Wo-Chien|slp\n|move|p1b: Skeledirge|Shadow Ball|p2b: Sorto\n|-activate|p2b: Sorto|move: Protect\n|\n|upkeep\n|turn|4\n|inactive|RaedenB has 30 seconds left.\n|inactive|RaedenB has 20 seconds left.\n|inactive|RaedenB has 15 seconds left.\n|\n|t:|1683613873\n|move|p1a: Lilligant|Pollen Puff|p1b: Skeledirge\n|-heal|p1b: Skeledirge|100\/100\n|move|p2b: Sorto|Draining Kiss|p1a: Lilligant\n|-damage|p1a: Lilligant|0 fnt\n|-heal|p2b: Sorto|46\/100|[from] drain|[of] p1a: Lilligant\n|faint|p1a: Lilligant\n|cant|p2a: Wo-Chien|slp\n|move|p1b: Skeledirge|Solar Beam||[still]\n|-prepare|p1b: Skeledirge|Solar Beam\n|\n|upkeep\n|\n|t:|1683613886\n|switch|p1a: rathalos|Roaring Moon, L50|100\/100\n|turn|5\n|inactive|RaedenB has 30 seconds left.\n|inactive|RaedenB has 20 seconds left.\n|inactive|RaedenB has 15 seconds left.\n|inactive|RaedenB has 10 seconds left.\n|\n|t:|1683613936\n|move|p1a: rathalos|Iron Head|p2b: Sorto\n|-supereffective|p2b: Sorto\n|-damage|p2b: Sorto|0 fnt\n|faint|p2b: Sorto\n|-end|p2b: Sorto|Protosynthesis|[silent]\n|-damage|p1a: rathalos|91\/100|[from] item: Life Orb\n|-curestatus|p2a: Wo-Chien|slp|[msg]\n|move|p2a: Wo-Chien|Pollen Puff|p1a: rathalos\n|-supereffective|p1a: rathalos\n|-damage|p1a: rathalos|55\/100\n|move|p1b: Skeledirge|Solar Beam|p2a: Wo-Chien|[from]lockedmove\n|-supereffective|p2a: Wo-Chien\n|-damage|p2a: Wo-Chien|36\/100\n|\n|upkeep\n|inactive|RaedenB has 30 seconds left.\n|\n|t:|1683613969\n|switch|p2b: Small Ant|Torkoal, L50, M|100\/100\n|-weather|SunnyDay|[from] ability: Drought|[of] p2b: Small Ant\n|-activate|p1a: rathalos|ability: Protosynthesis\n|-start|p1a: rathalos|protosynthesisspe\n|turn|6\n|\n|t:|1683613988\n|switch|p2a: Ceruledge|Ceruledge, L50, M|100\/100\n|-item|p2a: Ceruledge|Air Balloon\n|move|p1a: rathalos|Dragon Claw|p2a: Ceruledge\n|-damage|p2a: Ceruledge|41\/100\n|-enditem|p2a: Ceruledge|Air Balloon\n|-damage|p1a: rathalos|45\/100|[from] item: Life Orb\n|move|p1b: Skeledirge|Torch Song|p2a: Ceruledge\n|-start|p2a: Ceruledge|ability: Flash Fire\n|move|p2b: Small Ant|Lava Plume|p1b: Skeledirge|[spread] p1a,p1b\n|-immune|p2a: Ceruledge|[from] ability: Flash Fire\n|-resisted|p1a: rathalos\n|-damage|p1a: rathalos|35\/100\n|-damage|p1b: Skeledirge|83\/100\n|\n|-weather|SunnyDay|[upkeep]\n|upkeep\n|turn|7\n|inactive|RaedenB has 30 seconds left.\n|inactive|RaedenB has 20 seconds left.\n|inactive|RaedenB has 15 seconds left.\n|inactive|RaedenB has 10 seconds left.\n|inactive|RaedenB has 5 seconds left.\n|\n|t:|1683614042\n|move|p1a: rathalos|Throat Chop|p2a: Ceruledge\n|-supereffective|p2a: Ceruledge\n|-damage|p2a: Ceruledge|0 fnt\n|faint|p2a: Ceruledge\n|-damage|p1a: rathalos|25\/100|[from] item: Life Orb\n|move|p1b: Skeledirge|Torch Song|p2b: Small Ant\n|-resisted|p2b: Small Ant\n|-damage|p2b: Small Ant|62\/100\n|-boost|p1b: Skeledirge|spa|1\n|move|p2b: Small Ant|Lava Plume|p1b: Skeledirge|[spread] p1a,p1b\n|-resisted|p1a: rathalos\n|-damage|p1a: rathalos|15\/100\n|-damage|p1b: Skeledirge|67\/100\n|\n|-weather|SunnyDay|[upkeep]\n|-heal|p2b: Small Ant|68\/100|[from] item: Leftovers\n|-sideend|p1: kjtheguy|move: Light Screen\n|upkeep\n|\n|t:|1683614056\n|switch|p2a: Wo-Chien|Wo-Chien, L50, tera:Water|36\/100\n|-ability|p2a: Wo-Chien|Tablets of Ruin\n|turn|8\n|\n|t:|1683614078\n|move|p2b: Small Ant|Protect|p2b: Small Ant\n|-singleturn|p2b: Small Ant|Protect\n|move|p1a: rathalos|Throat Chop|p2a: Wo-Chien\n|-crit|p2a: Wo-Chien\n|-damage|p2a: Wo-Chien|0 fnt\n|faint|p2a: Wo-Chien\n|-damage|p1a: rathalos|5\/100|[from] item: Life Orb\n|move|p1b: Skeledirge|Shadow Ball|p2b: Small Ant\n|-activate|p2b: Small Ant|move: Protect\n|\n|-weather|SunnyDay|[upkeep]\n|-heal|p2b: Small Ant|73\/100|[from] item: Leftovers\n|upkeep\n|turn|9\n|c|\u2606kjtheguy|gg\n|c|\u2606RaedenB|gg\n|-message|RaedenB forfeited.\n|\n|win|kjtheguy\n|raw|kjtheguy's rating: 1112 → 1135<\/strong> (+23 for winning)\n|raw|RaedenB's rating: 1085 → 1064<\/strong> (-21 for losing)\n|l|\u2606RaedenB\n","uploadtime":1683614104,"views":6,"p1id":"kjtheguy","p2id":"raedenb","formatid":"gen9vgc2023regulationc","rating":1064,"private":0,"password":""}