{"id":"gen9vgc2023regulationc-1849319766","p1":"willcodeforwins","p2":"Kirizoaro","format":"[Gen 9] VGC 2023 Regulation C","log":"|j|\u2606willcodeforwins\n|j|\u2606Kirizoaro\n|t:|1682185471\n|gametype|doubles\n|player|p1|willcodeforwins|cowgirl|1356\n|player|p2|Kirizoaro|lance|1278\n|teamsize|p1|6\n|teamsize|p2|6\n|gen|9\n|tier|[Gen 9] VGC 2023 Regulation C\n|rated|\n|rule|Species Clause: Limit one of each Pok\u00e9mon\n|rule|Item Clause: Limit one of each item\n|clearpoke\n|poke|p1|Chi-Yu, L50|\n|poke|p1|Gholdengo, L50|\n|poke|p1|Indeedee-F, L50, F|\n|poke|p1|Gyarados, L50, M|\n|poke|p1|Iron Hands, L50|\n|poke|p1|Dragonite, L50, F|\n|poke|p2|Dondozo, L50, F|\n|poke|p2|Tatsugiri-Stretchy, L50, M|\n|poke|p2|Chi-Yu, L50|\n|poke|p2|Flutter Mane, L50|\n|poke|p2|Dragonite, L50, F|\n|poke|p2|Glimmora, L50, M|\n|teampreview|4\n|inactive|Battle timer is ON: inactive players will automatically lose when time's up. (requested by willcodeforwins)\n|\n|t:|1682185525\n|start\n|switch|p1a: Dragonite|Dragonite, L50, F|100\/100\n|switch|p1b: Gholdengo|Gholdengo, L50|100\/100\n|switch|p2a: Tatsugiri|Tatsugiri-Stretchy, L50, M|100\/100\n|switch|p2b: Flutter Mane|Flutter Mane, L50|100\/100\n|-enditem|p2b: Flutter Mane|Booster Energy\n|-activate|p2b: Flutter Mane|ability: Protosynthesis|[fromitem]\n|-start|p2b: Flutter Mane|protosynthesisspe\n|turn|1\n|inactive|willcodeforwins has 30 seconds left.\n|inactive|willcodeforwins has 20 seconds left.\n|inactive|willcodeforwins has 15 seconds left.\n|inactive|willcodeforwins has 10 seconds left.\n|\n|t:|1682185572\n|-terastallize|p2b: Flutter Mane|Steel\n|move|p2b: Flutter Mane|Hex|p1b: Gholdengo\n|-supereffective|p1b: Gholdengo\n|-damage|p1b: Gholdengo|29\/100\n|move|p1b: Gholdengo|Shadow Ball|p2b: Flutter Mane\n|-damage|p2b: Flutter Mane|56\/100\n|move|p1a: Dragonite|Tailwind|p1a: Dragonite\n|-sidestart|p1: willcodeforwins|move: Tailwind\n|move|p2a: Tatsugiri|Muddy Water|p1b: Gholdengo|[spread] p1a,p1b\n|-resisted|p1a: Dragonite\n|-damage|p1a: Dragonite|88\/100\n|-damage|p1b: Gholdengo|0 fnt\n|-unboost|p1a: Dragonite|accuracy|1\n|faint|p1b: Gholdengo\n|\n|upkeep\n|\n|t:|1682185585\n|switch|p1b: Chi-Yu|Chi-Yu, L50|100\/100\n|-ability|p1b: Chi-Yu|Beads of Ruin\n|turn|2\n|inactive|willcodeforwins has 30 seconds left.\n|\n|t:|1682185613\n|-terastallize|p1b: Chi-Yu|Ghost\n|move|p2b: Flutter Mane|Protect|p2b: Flutter Mane\n|-singleturn|p2b: Flutter Mane|Protect\n|move|p1b: Chi-Yu|Heat Wave|p2a: Tatsugiri|[spread] p2a\n|-activate|p2b: Flutter Mane|move: Protect\n|-resisted|p2a: Tatsugiri\n|-damage|p2a: Tatsugiri|86\/100\n|move|p1a: Dragonite|Ice Spinner|p2a: Tatsugiri\n|-damage|p2a: Tatsugiri|42\/100\n|move|p2a: Tatsugiri|Muddy Water|p1b: Chi-Yu|[spread] p1a,p1b\n|-resisted|p1a: Dragonite\n|-damage|p1a: Dragonite|53\/100\n|-damage|p1b: Chi-Yu|44\/100\n|\n|upkeep\n|turn|3\n|\n|t:|1682185633\n|-end|p2b: Flutter Mane|Protosynthesis|[silent]\n|switch|p2b: Dondozo|Dondozo, L50, F|100\/100\n|move|p1b: Chi-Yu|Heat Wave|p2a: Tatsugiri|[spread] p2a,p2b\n|-resisted|p2a: Tatsugiri\n|-resisted|p2b: Dondozo\n|-damage|p2a: Tatsugiri|29\/100\n|-damage|p2b: Dondozo|84\/100\n|move|p1a: Dragonite|Ice Spinner|p2a: Tatsugiri\n|-damage|p2a: Tatsugiri|0 fnt\n|faint|p2a: Tatsugiri\n|\n|upkeep\n|\n|t:|1682185645\n|switch|p2a: Flutter Mane|Flutter Mane, L50, tera:Steel|56\/100\n|turn|4\n|inactive|willcodeforwins has 30 seconds left.\n|\n|t:|1682185679\n|move|p2a: Flutter Mane|Protect|p2a: Flutter Mane\n|-singleturn|p2a: Flutter Mane|Protect\n|move|p1b: Chi-Yu|Nasty Plot|p1b: Chi-Yu\n|-boost|p1b: Chi-Yu|spa|2\n|move|p1a: Dragonite|Ice Spinner|p2a: Flutter Mane\n|-activate|p2a: Flutter Mane|move: Protect\n|move|p2b: Dondozo|Yawn|p1a: Dragonite\n|-start|p1a: Dragonite|move: Yawn|[of] p2b: Dondozo\n|\n|-sideend|p1: willcodeforwins|move: Tailwind\n|upkeep\n|turn|5\n|\n|t:|1682185694\n|move|p1b: Chi-Yu|Protect|p1b: Chi-Yu\n|-singleturn|p1b: Chi-Yu|Protect\n|move|p2a: Flutter Mane|Moonblast|p1b: Chi-Yu\n|-activate|p1b: Chi-Yu|move: Protect\n|move|p1a: Dragonite|Tailwind|p1a: Dragonite\n|-sidestart|p1: willcodeforwins|move: Tailwind\n|move|p2b: Dondozo|Wave Crash|p1b: Chi-Yu\n|-activate|p1b: Chi-Yu|move: Protect\n|\n|-end|p1a: Dragonite|move: Yawn|[silent]\n|-status|p1a: Dragonite|slp\n|upkeep\n|turn|6\n|inactive|willcodeforwins has 30 seconds left.\n|\n|t:|1682185722\n|move|p2a: Flutter Mane|Protect|p2a: Flutter Mane\n|-singleturn|p2a: Flutter Mane|Protect\n|cant|p1a: Dragonite|slp\n|move|p1b: Chi-Yu|Heat Wave|p2a: Flutter Mane|[spread] p2b\n|-activate|p2a: Flutter Mane|move: Protect\n|-resisted|p2b: Dondozo\n|-damage|p2b: Dondozo|64\/100\n|move|p2b: Dondozo|Wave Crash|p1b: Chi-Yu\n|-damage|p1b: Chi-Yu|0 fnt\n|faint|p1b: Chi-Yu\n|-damage|p2b: Dondozo|56\/100|[from] Recoil\n|\n|upkeep\n|\n|t:|1682185733\n|switch|p1b: Iron Hands|Iron Hands, L50|100\/100\n|turn|7\n|\n|t:|1682185740\n|move|p1b: Iron Hands|Fake Out|p2a: Flutter Mane\n|-resisted|p2a: Flutter Mane\n|-damage|p2a: Flutter Mane|41\/100\n|-curestatus|p1a: Dragonite|slp|[msg]\n|move|p1a: Dragonite|Extreme Speed|p2a: Flutter Mane|[miss]\n|-miss|p1a: Dragonite|p2a: Flutter Mane\n|cant|p2a: Flutter Mane|flinch\n|move|p2b: Dondozo|Yawn|p1b: Iron Hands\n|-start|p1b: Iron Hands|move: Yawn|[of] p2b: Dondozo\n|\n|upkeep\n|turn|8\n|-message|willcodeforwins forfeited.\n|\n|win|Kirizoaro\n|raw|willcodeforwins's rating: 1356 → 1332<\/strong> (-24 for losing)\n|raw|Kirizoaro's rating: 1278 → 1309<\/strong> (+31 for winning)\n|l|\u2606willcodeforwins\n","uploadtime":1682185755,"views":5,"p1id":"willcodeforwins","p2id":"kirizoaro","formatid":"gen9vgc2023regulationc","rating":1309,"private":0,"password":""}