{"id":"gen9vgc2023regulationc-1847628431","p1":"crinaft","p2":"Bullish21","format":"[Gen 9] VGC 2023 Regulation C","log":"|j|\u2606crinaft\n|j|\u2606Bullish21\n|t:|1681984361\n|gametype|doubles\n|player|p1|crinaft|170|1065\n|player|p2|Bullish21|rancher|1087\n|teamsize|p1|6\n|teamsize|p2|6\n|gen|9\n|tier|[Gen 9] VGC 2023 Regulation C\n|rated|\n|rule|Species Clause: Limit one of each Pok\u00e9mon\n|rule|Item Clause: Limit one of each item\n|clearpoke\n|poke|p1|Maushold, L50|\n|poke|p1|Dragapult, L50, M|\n|poke|p1|Tyranitar, L50, F|\n|poke|p1|Dragonite, L50, F|\n|poke|p1|Amoonguss, L50, F|\n|poke|p1|Gholdengo, L50|\n|poke|p2|Indeedee-F, L50, F|\n|poke|p2|Armarouge, L50, F|\n|poke|p2|Hariyama, L50, F|\n|poke|p2|Hatterene, L50, F|\n|poke|p2|Haunter, L50, M|\n|poke|p2|Lurantis, L50, M|\n|teampreview|4\nBullish21 rejected open team sheets.\n|inactive|Battle timer is ON: inactive players will automatically lose when time's up. (requested by Bullish21)\n|c|\u2606crinaft|Haunter levitate style pointssss\n|c|\u2606crinaft|Glhf\n|inactive|crinaft has 60 seconds left.\n|c|\u2606Bullish21|glhf\n|inactive|crinaft has 30 seconds left.\n|\n|t:|1681984443\n|start\n|switch|p1a: Maushold|Maushold, L50|100\/100\n|switch|p1b: Dragapult|Dragapult, L50, M|100\/100\n|switch|p2a: Indeedee|Indeedee-F, L50, F, shiny|100\/100\n|switch|p2b: Armarouge|Armarouge, L50, F, shiny|100\/100\n|-fieldstart|move: Psychic Terrain|[from] ability: Psychic Surge|[of] p2a: Indeedee\n|turn|1\n|inactive|crinaft has 30 seconds left.\n|inactive|crinaft has 20 seconds left.\n|inactive|crinaft has 15 seconds left.\n|\n|t:|1681984484\n|-terastallize|p2a: Indeedee|Steel\n|move|p1a: Maushold|Helping Hand|p1b: Dragapult\n|-singleturn|p1b: Dragapult|Helping Hand|[of] p1a: Maushold\n|move|p2b: Armarouge|Protect|p2b: Armarouge\n|-singleturn|p2b: Armarouge|Protect\n|move|p1b: Dragapult|Dragon Darts|p2a: Indeedee\n|-resisted|p2a: Indeedee\n|-damage|p2a: Indeedee|79\/100\n|-anim|p1b: Dragapult|Dragon Darts|p2a: Indeedee\n|-resisted|p2a: Indeedee\n|-damage|p2a: Indeedee|55\/100\n|-damage|p1b: Dragapult|91\/100|[from] item: Life Orb\n|move|p2a: Indeedee|Trick Room|p2a: Indeedee\n|-fieldstart|move: Trick Room|[of] p2a: Indeedee\n|\n|upkeep\n|turn|2\n|inactive|crinaft has 30 seconds left.\n|inactive|crinaft has 20 seconds left.\n|\n|t:|1681984523\n|move|p2a: Indeedee|Helping Hand|p2b: Armarouge\n|-singleturn|p2b: Armarouge|Helping Hand|[of] p2a: Indeedee\n|move|p1b: Dragapult|Protect|p1b: Dragapult\n|-singleturn|p1b: Dragapult|Protect\n|move|p2b: Armarouge|Expanding Force|p1b: Dragapult|[spread] p1a\n|-activate|p1b: Dragapult|move: Protect\n|-damage|p1a: Maushold|0 fnt\n|faint|p1a: Maushold\n|\n|upkeep\n|\n|t:|1681984540\n|switch|p1a: Gholdengo|Gholdengo, L50|100\/100\n|turn|3\n|\n|t:|1681984548\n|switch|p1b: Tyranitar|Tyranitar, L50, F|100\/100\n|-weather|Sandstorm|[from] ability: Sand Stream|[of] p1b: Tyranitar\n|move|p2a: Indeedee|Helping Hand|p2b: Armarouge\n|-singleturn|p2b: Armarouge|Helping Hand|[of] p2a: Indeedee\n|move|p1a: Gholdengo|Protect|p1a: Gholdengo\n|-singleturn|p1a: Gholdengo|Protect\n|move|p2b: Armarouge|Expanding Force|p1a: Gholdengo|[spread] \n|-activate|p1a: Gholdengo|move: Protect\n|-immune|p1b: Tyranitar\n|\n|-weather|Sandstorm|[upkeep]\n|-damage|p2b: Armarouge|94\/100|[from] Sandstorm\n|upkeep\n|turn|4\n|inactive|crinaft has 30 seconds left.\n|inactive|crinaft has 20 seconds left.\n|\n|t:|1681984585\n|switch|p1a: Dragapult|Dragapult, L50, M|91\/100\n|move|p2a: Indeedee|Helping Hand|p2b: Armarouge\n|-singleturn|p2b: Armarouge|Helping Hand|[of] p2a: Indeedee\n|move|p2b: Armarouge|Expanding Force|p1b: Tyranitar|[spread] p1a\n|-immune|p1b: Tyranitar\n|-damage|p1a: Dragapult|0 fnt\n|faint|p1a: Dragapult\n|move|p1b: Tyranitar|Rock Blast|p2b: Armarouge\n|-supereffective|p2b: Armarouge\n|-damage|p2b: Armarouge|71\/100\n|-supereffective|p2b: Armarouge\n|-damage|p2b: Armarouge|48\/100\n|-supereffective|p2b: Armarouge\n|-damage|p2b: Armarouge|25\/100\n|-supereffective|p2b: Armarouge\n|-damage|p2b: Armarouge|3\/100\n|-supereffective|p2b: Armarouge\n|-damage|p2b: Armarouge|0 fnt\n|faint|p2b: Armarouge\n|-hitcount|p2: Armarouge|5\n|\n|-weather|Sandstorm|[upkeep]\n|upkeep\n|\n|t:|1681984605\n|switch|p2b: Hatterene|Hatterene, L50, F, shiny|100\/100\n|switch|p1a: Gholdengo|Gholdengo, L50|100\/100\n|turn|5\n|\n|t:|1681984623\n|-terastallize|p1b: Tyranitar|Flying\n|move|p2a: Indeedee|Helping Hand|p2b: Hatterene\n|-singleturn|p2b: Hatterene|Helping Hand|[of] p2a: Indeedee\n|move|p2b: Hatterene|Dazzling Gleam|p1a: Gholdengo|[spread] p1a,p1b\n|-resisted|p1a: Gholdengo\n|-damage|p1a: Gholdengo|68\/100\n|-damage|p1b: Tyranitar|56\/100\n|move|p1b: Tyranitar|Dragon Dance|p1b: Tyranitar\n|-boost|p1b: Tyranitar|atk|1\n|-boost|p1b: Tyranitar|spe|1\n|move|p1a: Gholdengo|Make It Rain|p2b: Hatterene|[spread] p2a,p2b\n|-resisted|p2a: Indeedee\n|-supereffective|p2b: Hatterene\n|-damage|p2a: Indeedee|34\/100\n|-damage|p2b: Hatterene|0 fnt\n|-unboost|p1a: Gholdengo|spa|1\n|faint|p2b: Hatterene\n|\n|-weather|Sandstorm|[upkeep]\n|-damage|p1b: Tyranitar|49\/100|[from] Sandstorm\n|-fieldend|move: Trick Room\n|upkeep\n|\n|t:|1681984642\n|switch|p2b: Hariyama|Hariyama, L50, F, shiny|100\/100\n|turn|6\n|\n|t:|1681984661\n|move|p2b: Hariyama|Wide Guard|p2b: Hariyama\n|-singleturn|p2b: Hariyama|Wide Guard\n|move|p1a: Gholdengo|Make It Rain|p2b: Hariyama|[spread] \n|-activate|p2a: Indeedee|move: Wide Guard\n|-activate|p2b: Hariyama|move: Wide Guard\n|move|p1b: Tyranitar|Tera Blast|p2b: Hariyama\n|-supereffective|p2b: Hariyama\n|-crit|p2b: Hariyama\n|-damage|p2b: Hariyama|0 fnt\n|faint|p2b: Hariyama\n|move|p2a: Indeedee|Trick Room|p2a: Indeedee\n|-fieldstart|move: Trick Room|[of] p2a: Indeedee\n|\n|-weather|Sandstorm|[upkeep]\n|-damage|p1b: Tyranitar|43\/100|[from] Sandstorm\n|upkeep\n|turn|7\n|inactive|crinaft has 30 seconds left.\n|\n|t:|1681984686\n|move|p2a: Indeedee|Psyshock|p1b: Tyranitar\n|-damage|p1b: Tyranitar|15\/100\n|move|p1b: Tyranitar|Fire Punch|p2a: Indeedee\n|-supereffective|p2a: Indeedee\n|-damage|p2a: Indeedee|0 fnt\n|faint|p2a: Indeedee\n|\n|win|crinaft\n|raw|crinaft's rating: 1065 → 1097<\/strong> (+32 for winning)\n|raw|Bullish21's rating: 1087 → 1062<\/strong> (-25 for losing)\n|c|\u2606crinaft|Gg\n|c|\u2606Bullish21|gg\n|l|\u2606Bullish21\n|c|\u2606crinaft|F t room lol\n|c|\u2606crinaft|Thought i was d fd\n","uploadtime":1681984728,"views":15,"p1id":"crinaft","p2id":"bullish21","formatid":"gen9vgc2023regulationc","rating":1062,"private":0,"password":""}