{"id":"gen9vgc2023regulationc-1850377048","p1":"Icefanngs","p2":"magicalarcher57","format":"[Gen 9] VGC 2023 Regulation C","log":"|j|\u2606Icefanngs\n|j|\u2606magicalarcher57\n|t:|1682327426\n|gametype|doubles\n|player|p1|Icefanngs|2|1000\n|player|p2|magicalarcher57|cynthia-gen4|1000\n|teamsize|p1|6\n|teamsize|p2|6\n|gen|9\n|tier|[Gen 9] VGC 2023 Regulation C\n|rated|\n|rule|Species Clause: Limit one of each Pok\u00e9mon\n|rule|Item Clause: Limit one of each item\n|clearpoke\n|poke|p1|Umbreon, L50, M|\n|poke|p1|Sylveon, L50, F|\n|poke|p1|Vaporeon, L50, F|\n|poke|p1|Jolteon, L50, M|\n|poke|p1|Espeon, L50, F|\n|poke|p1|Leafeon, L50, F|\n|poke|p2|Armarouge, L50, F|\n|poke|p2|Indeedee-F, L50, F|\n|poke|p2|Torkoal, L50, M|\n|poke|p2|Garganacl, L50, M|\n|poke|p2|Meowscarada, L50, F|\n|poke|p2|Maushold-Four, L50|\n|teampreview|4\nmagicalarcher57 has agreed to open team sheets.\n|inactive|Battle timer is ON: inactive players will automatically lose when time's up. (requested by magicalarcher57)\n|\n|t:|1682327475\n|start\n|switch|p1a: Umbreon|Umbreon, L50, M, shiny|100\/100\n|switch|p1b: Sylveon|Sylveon, L50, F|100\/100\n|switch|p2a: Armarouge|Armarouge, L50, F|100\/100\n|switch|p2b: Indeedee|Indeedee-F, L50, F|100\/100\n|-fieldstart|move: Psychic Terrain|[from] ability: Psychic Surge|[of] p2b: Indeedee\n|-enditem|p2b: Indeedee|Psychic Seed\n|-boost|p2b: Indeedee|spd|1|[from] item: Psychic Seed\n|turn|1\n|\n|t:|1682327495\n|-terastallize|p2a: Armarouge|Steel\n|move|p2b: Indeedee|Follow Me|p2b: Indeedee\n|-singleturn|p2b: Indeedee|move: Follow Me\n|move|p2a: Armarouge|Expanding Force|p1a: Umbreon|[spread] p1b\n|-immune|p1a: Umbreon\n|-damage|p1b: Sylveon|48\/100\n|move|p1a: Umbreon|Foul Play|p2b: Indeedee\n|-supereffective|p2b: Indeedee\n|-damage|p2b: Indeedee|53\/100\n|move|p1b: Sylveon|Hyper Voice|p2b: Indeedee|[spread] p2a,p2b\n|-resisted|p2a: Armarouge\n|-damage|p2a: Armarouge|79\/100\n|-damage|p2b: Indeedee|25\/100\n|-enditem|p1b: Sylveon|Throat Spray\n|-boost|p1b: Sylveon|spa|1|[from] item: Throat Spray\n|\n|upkeep\n|turn|2\n|\n|t:|1682327512\n|move|p1b: Sylveon|Protect|p1b: Sylveon\n|-singleturn|p1b: Sylveon|Protect\n|move|p2b: Indeedee|Follow Me|p2b: Indeedee\n|-singleturn|p2b: Indeedee|move: Follow Me\n|move|p2a: Armarouge|Armor Cannon|p1a: Umbreon\n|-damage|p1a: Umbreon|61\/100\n|-unboost|p2a: Armarouge|def|1\n|-unboost|p2a: Armarouge|spd|1\n|move|p1a: Umbreon|Foul Play|p2b: Indeedee\n|-supereffective|p2b: Indeedee\n|-damage|p2b: Indeedee|0 fnt\n|faint|p2b: Indeedee\n|\n|upkeep\n|\n|t:|1682327528\n|switch|p2b: Torkoal|Torkoal, L50, M|100\/100\n|-weather|SunnyDay|[from] ability: Drought|[of] p2b: Torkoal\n|turn|3\n|inactive|Icefanngs has 30 seconds left.\n|inactive|Icefanngs has 20 seconds left.\n|inactive|Icefanngs has 15 seconds left.\n|inactive|Icefanngs has 10 seconds left.\n|inactive|Icefanngs has 5 seconds left.\n|\n|t:|1682327581\n|move|p1b: Sylveon|Protect||[still]\n|-fail|p1b: Sylveon\n|move|p2b: Torkoal|Protect|p2b: Torkoal\n|-singleturn|p2b: Torkoal|Protect\n|move|p1a: Umbreon|Foul Play|p2a: Armarouge\n|-damage|p2a: Armarouge|50\/100\n|move|p2a: Armarouge|Trick Room|p2a: Armarouge\n|-fieldstart|move: Trick Room|[of] p2a: Armarouge\n|\n|-weather|SunnyDay|[upkeep]\n|upkeep\n|turn|4\n|\n|t:|1682327605\n|move|p1a: Umbreon|Protect|p1a: Umbreon\n|-singleturn|p1a: Umbreon|Protect\n|move|p2a: Armarouge|Protect|p2a: Armarouge\n|-singleturn|p2a: Armarouge|Protect\n|move|p2b: Torkoal|Eruption|p1a: Umbreon|[spread] p1b\n|-activate|p1a: Umbreon|move: Protect\n|-damage|p1b: Sylveon|0 fnt\n|faint|p1b: Sylveon\n|\n|-weather|SunnyDay|[upkeep]\n|upkeep\n|\n|t:|1682327626\n|switch|p1b: Vaporeon|Vaporeon, L50, F|100\/100\n|turn|5\n|inactive|magicalarcher57 has 30 seconds left.\n|inactive|magicalarcher57 has 20 seconds left.\n|inactive|magicalarcher57 has 15 seconds left.\n|inactive|magicalarcher57 has 10 seconds left.\n|\n|t:|1682327674\n|move|p1a: Umbreon|Helping Hand|p1b: Vaporeon\n|-singleturn|p1b: Vaporeon|Helping Hand|[of] p1a: Umbreon\n|move|p2b: Torkoal|Eruption|p1a: Umbreon|[spread] p1a,p1b\n|-resisted|p1b: Vaporeon\n|-damage|p1a: Umbreon|15\/100\n|-damage|p1b: Vaporeon|66\/100\n|move|p1b: Vaporeon|Muddy Water|p2b: Torkoal|[spread] p2a,p2b\n|-supereffective|p2b: Torkoal\n|-damage|p2a: Armarouge|8\/100\n|-damage|p2b: Torkoal|35\/100\n|move|p2a: Armarouge|Expanding Force|p1b: Vaporeon|[spread] p1b\n|-immune|p1a: Umbreon\n|-damage|p1b: Vaporeon|15\/100\n|\n|-weather|SunnyDay|[upkeep]\n|-fieldend|move: Psychic Terrain\n|upkeep\n|turn|6\n|\n|t:|1682327693\n|move|p1a: Umbreon|Protect|p1a: Umbreon\n|-singleturn|p1a: Umbreon|Protect\n|move|p1b: Vaporeon|Protect|p1b: Vaporeon\n|-singleturn|p1b: Vaporeon|Protect\n|move|p2b: Torkoal|Eruption|p1b: Vaporeon|[spread] \n|-activate|p1a: Umbreon|move: Protect\n|-activate|p1b: Vaporeon|move: Protect\n|move|p2a: Armarouge|Expanding Force|p1b: Vaporeon\n|-activate|p1b: Vaporeon|move: Protect\n|\n|-weather|SunnyDay|[upkeep]\n|upkeep\n|turn|7\n|\n|t:|1682327716\n|move|p1a: Umbreon|Protect||[still]\n|-fail|p1a: Umbreon\n|move|p2a: Armarouge|Protect|p2a: Armarouge\n|-singleturn|p2a: Armarouge|Protect\n|move|p2b: Torkoal|Eruption|p1b: Vaporeon|[spread] p1a,p1b\n|-resisted|p1b: Vaporeon\n|-damage|p1a: Umbreon|0 fnt\n|-damage|p1b: Vaporeon|4\/100\n|faint|p1a: Umbreon\n|move|p1b: Vaporeon|Muddy Water|p2b: Torkoal|[spread] p2b\n|-activate|p2a: Armarouge|move: Protect\n|-supereffective|p2b: Torkoal\n|-damage|p2b: Torkoal|0 fnt\n|faint|p2b: Torkoal\n|\n|-weather|none\n|-fieldend|move: Trick Room\n|upkeep\n|\n|t:|1682327723\n|switch|p1a: Jolteon|Jolteon, L50, M|100\/100\n|switch|p2b: Meowscarada|Meowscarada, L50, F|100\/100\n|-item|p1a: Jolteon|Air Balloon\n|turn|8\n|inactive|Icefanngs has 30 seconds left.\n|\n|t:|1682327756\n|move|p1b: Vaporeon|Protect|p1b: Vaporeon\n|-singleturn|p1b: Vaporeon|Protect\n|move|p1a: Jolteon|Discharge|p2a: Armarouge|[spread] p2a,p2b\n|-activate|p1b: Vaporeon|move: Protect\n|-crit|p2a: Armarouge\n|-resisted|p2b: Meowscarada\n|-damage|p2a: Armarouge|0 fnt\n|-damage|p2b: Meowscarada|78\/100\n|faint|p2a: Armarouge\n|move|p2b: Meowscarada|Flower Trick|p1b: Vaporeon\n|-start|p2b: Meowscarada|typechange|Grass|[from] ability: Protean\n|-activate|p1b: Vaporeon|move: Protect\n|\n|upkeep\n|turn|9\n|inactive|Icefanngs has 30 seconds left.\n|\n|t:|1682327787\n|move|p2b: Meowscarada|Sucker Punch||[still]\n|-fail|p2b: Meowscarada\n|move|p1a: Jolteon|Shadow Ball|p2b: Meowscarada\n|-damage|p2b: Meowscarada|39\/100\n|move|p1b: Vaporeon|Yawn|p2b: Meowscarada\n|-start|p2b: Meowscarada|move: Yawn|[of] p1b: Vaporeon\n|\n|upkeep\n|turn|10\n|\n|t:|1682327806\n|move|p2b: Meowscarada|Sucker Punch|p1b: Vaporeon\n|-damage|p1b: Vaporeon|0 fnt\n|faint|p1b: Vaporeon\n|move|p1a: Jolteon|Shadow Ball|p2b: Meowscarada\n|-damage|p2b: Meowscarada|0 fnt\n|faint|p2b: Meowscarada\n|\n|win|Icefanngs\n|raw|Icefanngs's rating: 1000 → 1046<\/strong> (+46 for winning)\n|raw|magicalarcher57's rating: 1049 → 1029<\/strong> (-20 for losing)\n|l|\u2606magicalarcher57\n|c|\u2606Icefanngs|Gg\n","uploadtime":1682327821,"views":22,"p1id":"icefanngs","p2id":"magicalarcher57","formatid":"gen9vgc2023regulationc","rating":1029,"private":0,"password":""}