{"id":"gen9vgc2023regulationc-1848250175","p1":"Fruit456","p2":"MysticGremlin","format":"[Gen 9] VGC 2023 Regulation C","log":"|j|\u2606Fruit456\n|j|\u2606MysticGremlin\n|t:|1682048092\n|gametype|doubles\n|player|p1|Fruit456|1|1028\n|player|p2|MysticGremlin|lucas|1000\n|teamsize|p1|6\n|teamsize|p2|6\n|gen|9\n|tier|[Gen 9] VGC 2023 Regulation C\n|rated|\n|rule|Species Clause: Limit one of each Pok\u00e9mon\n|rule|Item Clause: Limit one of each item\n|clearpoke\n|poke|p1|Cyclizar, L50, F|\n|poke|p1|Glimmora, L50, F|\n|poke|p1|Ceruledge, L50, F|\n|poke|p1|Salamence, L50, F|\n|poke|p1|Tauros-Paldea-Aqua, L50, M|\n|poke|p1|Meowscarada, L50, F|\n|poke|p2|Scyther, L50, M|\n|poke|p2|Scizor, L50, M|\n|poke|p2|Heracross, L50, M|\n|poke|p2|Volcarona, L50, F|\n|poke|p2|Masquerain, L50, M|\n|poke|p2|Frosmoth, L50, F|\n|teampreview|4\n|\n|t:|1682048125\n|start\n|switch|p1a: Glimmora|Glimmora, L50, F|100\/100\n|switch|p1b: Ceruledge|Ceruledge, L50, F|100\/100\n|switch|p2a: Masquerain|Masquerain, L50, M|100\/100\n|switch|p2b: Scyther|Scyther, L50, M|100\/100\n|-ability|p2a: Masquerain|Intimidate|boost\n|-unboost|p1a: Glimmora|atk|1\n|-unboost|p1b: Ceruledge|atk|1\n|turn|1\n|\n|t:|1682048156\n|-terastallize|p1b: Ceruledge|Grass\n|move|p2b: Scyther|Protect|p2b: Scyther\n|-singleturn|p2b: Scyther|Protect\n|move|p2a: Masquerain|Icy Wind|p1a: Glimmora|[spread] p1a,p1b\n|-supereffective|p1b: Ceruledge\n|-damage|p1a: Glimmora|90\/100\n|-damage|p1b: Ceruledge|78\/100\n|-unboost|p1a: Glimmora|spe|1\n|-unboost|p1b: Ceruledge|spe|1\n|move|p1b: Ceruledge|Bitter Blade|p2b: Scyther\n|-activate|p2b: Scyther|move: Protect\n|move|p1a: Glimmora|Stealth Rock|p2a: Masquerain\n|-sidestart|p2: MysticGremlin|move: Stealth Rock\n|\n|-heal|p1b: Ceruledge|84\/100|[from] item: Leftovers\n|upkeep\n|turn|2\n|\n|t:|1682048178\n|switch|p1b: Tauros|Tauros-Paldea-Aqua, L50, M|100\/100\n|-ability|p1b: Tauros|Intimidate|boost\n|-unboost|p2a: Masquerain|atk|1\n|-unboost|p2b: Scyther|atk|1\n|move|p2a: Masquerain|Icy Wind|p1b: Tauros|[spread] p1a,p1b\n|-resisted|p1b: Tauros\n|-damage|p1a: Glimmora|81\/100\n|-damage|p1b: Tauros|94\/100\n|-unboost|p1a: Glimmora|spe|1\n|-unboost|p1b: Tauros|spe|1\n|move|p2b: Scyther|Aerial Ace|p1b: Tauros\n|-supereffective|p1b: Tauros\n|-damage|p1b: Tauros|41\/100\n|move|p1a: Glimmora|Dazzling Gleam|p2b: Scyther|[spread] p2a,p2b\n|-damage|p2a: Masquerain|81\/100\n|-damage|p2b: Scyther|83\/100\n|\n|upkeep\n|turn|3\n|\n|t:|1682048203\n|move|p1b: Tauros|Protect|p1b: Tauros\n|-singleturn|p1b: Tauros|Protect\n|move|p1a: Glimmora|Spiky Shield|p1a: Glimmora\n|-singleturn|p1a: Glimmora|move: Protect\n|move|p2a: Masquerain|Icy Wind|p1b: Tauros|[spread] \n|-activate|p1a: Glimmora|move: Protect\n|-activate|p1b: Tauros|move: Protect\n|move|p2b: Scyther|Aerial Ace|p1b: Tauros\n|-activate|p1b: Tauros|move: Protect\n|\n|upkeep\n|turn|4\n|\n|t:|1682048236\n|move|p1b: Tauros|Aqua Jet|p2b: Scyther\n|-damage|p2b: Scyther|64\/100\n|move|p2a: Masquerain|Icy Wind|p1a: Glimmora|[spread] p1a,p1b\n|-resisted|p1b: Tauros\n|-damage|p1a: Glimmora|72\/100\n|-damage|p1b: Tauros|35\/100\n|-unboost|p1a: Glimmora|spe|1\n|-unboost|p1b: Tauros|spe|1\n|move|p2b: Scyther|Aerial Ace|p1b: Tauros\n|-supereffective|p1b: Tauros\n|-damage|p1b: Tauros|0 fnt\n|faint|p1b: Tauros\n|move|p1a: Glimmora|Memento|p2b: Scyther\n|-unboost|p2b: Scyther|atk|2\n|-unboost|p2b: Scyther|spa|2\n|faint|p1a: Glimmora\n|\n|upkeep\n|j| ghostistheman\n|\n|t:|1682048254\n|switch|p1b: Salamence|Salamence, L50, F|100\/100\n|switch|p1a: Ceruledge|Ceruledge, L50, F, tera:Grass|84\/100\n|turn|5\n|\n|t:|1682048285\n|move|p2a: Masquerain|Icy Wind|p1b: Salamence|[spread] p1b\n|-miss|p2a: Masquerain|p1a: Ceruledge\n|-supereffective|p1b: Salamence\n|-damage|p1b: Salamence|49\/100\n|-unboost|p1b: Salamence|spe|1\n|move|p2b: Scyther|Tailwind|p2b: Scyther\n|-sidestart|p2: MysticGremlin|move: Tailwind\n|move|p1b: Salamence|Dual Wingbeat|p2a: Masquerain\n|-supereffective|p2a: Masquerain\n|-damage|p2a: Masquerain|13\/100\n|-supereffective|p2a: Masquerain\n|-damage|p2a: Masquerain|0 fnt\n|faint|p2a: Masquerain\n|-ability|p1b: Salamence|Moxie|boost\n|-boost|p1b: Salamence|atk|1\n|-hitcount|p2: Masquerain|2\n|-heal|p1b: Salamence|59\/100|[from] item: Shell Bell|[of] p2: Masquerain\n|move|p1a: Ceruledge|Destiny Bond|p1a: Ceruledge\n|-singlemove|p1a: Ceruledge|Destiny Bond\n|\n|-heal|p1a: Ceruledge|90\/100|[from] item: Leftovers\n|upkeep\n|\n|t:|1682048304\n|switch|p2a: Frosmoth|Frosmoth, L50, F|100\/100\n|-damage|p2a: Frosmoth|51\/100|[from] Stealth Rock\n|turn|6\n|\n|t:|1682048317\n|move|p2b: Scyther|Feint|p1b: Salamence\n|-damage|p1b: Salamence|51\/100\n|move|p2a: Frosmoth|Ice Beam|p1b: Salamence\n|-supereffective|p1b: Salamence\n|-damage|p1b: Salamence|0 fnt\n|faint|p1b: Salamence\n|move|p1a: Ceruledge|Bitter Blade|p2b: Scyther\n|-supereffective|p2b: Scyther\n|-damage|p2b: Scyther|0 fnt\n|-heal|p1a: Ceruledge|100\/100|[from] drain|[of] p2b: Scyther\n|faint|p2b: Scyther\n|\n|upkeep\n|\n|t:|1682048327\n|switch|p2b: Heracross|Heracross, L50, M|100\/100\n|-damage|p2b: Heracross|88\/100|[from] Stealth Rock\n|turn|7\n|\n|t:|1682048336\n|move|p2b: Heracross|Megahorn|p1a: Ceruledge\n|-supereffective|p1a: Ceruledge\n|-damage|p1a: Ceruledge|0 fnt\n|faint|p1a: Ceruledge\n|\n|win|MysticGremlin\n|raw|Fruit456's rating: 1028 → 1013<\/strong> (-15 for losing)\n|raw|MysticGremlin's rating: 1000 → 1043<\/strong> (+43 for winning)\n|l| ghostistheman\n|l|\u2606Fruit456\n","uploadtime":1682048348,"views":15,"p1id":"fruit456","p2id":"mysticgremlin","formatid":"gen9vgc2023regulationc","rating":1013,"private":0,"password":""}