{"id":"gen9vgc2023regulationc-1860684749","p1":"lkaku","p2":"taterstotz","format":"[Gen 9] VGC 2023 Regulation C","log":"|j|\u2606lkaku\n|j|\u2606taterstotz\n|t:|1683666020\n|gametype|doubles\n|player|p1|lkaku|pokekid|1151\n|player|p2|taterstotz|266|1218\n|teamsize|p1|6\n|teamsize|p2|6\n|gen|9\n|tier|[Gen 9] VGC 2023 Regulation C\n|rated|\n|rule|Species Clause: Limit one of each Pok\u00e9mon\n|rule|Item Clause: Limit one of each item\n|clearpoke\n|poke|p1|Iron Bundle, L50|\n|poke|p1|Abomasnow, L50, F|\n|poke|p1|Chi-Yu, L50|\n|poke|p1|Annihilape, L50, F|\n|poke|p1|Corviknight, L50, M|\n|poke|p1|Gastrodon, L50, F|\n|poke|p2|Palafin, L50, M|\n|poke|p2|Pelipper, L50, M|\n|poke|p2|Amoonguss, L50, F|\n|poke|p2|Scream Tail, L50|\n|poke|p2|Gothitelle, L50, M|\n|poke|p2|Dragonite, L50, F|\n|teampreview|4\ntaterstotz has agreed to open team sheets.\n|\n|t:|1683666052\n|start\n|switch|p1a: Chi-Yu|Chi-Yu, L50|100\/100\n|switch|p1b: Gastrodon|Gastrodon, L50, F|100\/100\n|switch|p2a: Dragonite|Dragonite, L50, F|100\/100\n|switch|p2b: Scream Tail|Scream Tail, L50|100\/100\n|-ability|p1a: Chi-Yu|Beads of Ruin\n|-enditem|p2b: Scream Tail|Booster Energy\n|-activate|p2b: Scream Tail|ability: Protosynthesis|[fromitem]\n|-start|p2b: Scream Tail|protosynthesisspe\n|turn|1\n|\n|t:|1683666077\n|switch|p2a: Gothitelle|Gothitelle, L50, M|100\/100\n|move|p2b: Scream Tail|Perish Song|p2b: Scream Tail\n|-start|p1a: Chi-Yu|perish3|[silent]\n|-start|p1b: Gastrodon|perish3|[silent]\n|-start|p2a: Gothitelle|perish3|[silent]\n|-start|p2b: Scream Tail|perish3|[silent]\n|-fieldactivate|move: Perish Song\n|move|p1a: Chi-Yu|Taunt|p2b: Scream Tail\n|-start|p2b: Scream Tail|move: Taunt\n|move|p1b: Gastrodon|Yawn|p2a: Gothitelle\n|-start|p2a: Gothitelle|move: Yawn|[of] p1b: Gastrodon\n|\n|-start|p2b: Scream Tail|perish3\n|-start|p1a: Chi-Yu|perish3\n|-start|p2a: Gothitelle|perish3\n|-start|p1b: Gastrodon|perish3\n|upkeep\n|turn|2\n|\n|t:|1683666105\n|move|p1a: Chi-Yu|Protect|p1a: Chi-Yu\n|-singleturn|p1a: Chi-Yu|Protect\n|move|p1b: Gastrodon|Protect|p1b: Gastrodon\n|-singleturn|p1b: Gastrodon|Protect\n|move|p2a: Gothitelle|Fake Out|p1a: Chi-Yu\n|-activate|p1a: Chi-Yu|move: Protect\n|move|p2b: Scream Tail|Play Rough|p1a: Chi-Yu\n|-activate|p1a: Chi-Yu|move: Protect\n|\n|-end|p2a: Gothitelle|move: Yawn|[silent]\n|-status|p2a: Gothitelle|slp\n|-start|p2b: Scream Tail|perish2\n|-start|p1a: Chi-Yu|perish2\n|-start|p2a: Gothitelle|perish2\n|-start|p1b: Gastrodon|perish2\n|upkeep\n|turn|3\n|inactive|Battle timer is ON: inactive players will automatically lose when time's up. (requested by taterstotz)\n|\n|t:|1683666124\n|-end|p2b: Scream Tail|Protosynthesis|[silent]\n|switch|p2b: Amoonguss|Amoonguss, L50, F|100\/100\n|-terastallize|p1a: Chi-Yu|Dark\n|-terastallize|p2a: Gothitelle|Dark\n|cant|p2a: Gothitelle|slp\n|move|p1a: Chi-Yu|Dark Pulse|p2a: Gothitelle\n|-resisted|p2a: Gothitelle\n|-damage|p2a: Gothitelle|64\/100 slp\n|move|p1b: Gastrodon|Hydro Pump|p2a: Gothitelle|[miss]\n|-miss|p1b: Gastrodon|p2a: Gothitelle\n|\n|-start|p1a: Chi-Yu|perish1\n|-start|p2a: Gothitelle|perish1\n|-start|p1b: Gastrodon|perish1\n|upkeep\n|turn|4\n|\n|t:|1683666148\n|switch|p2a: Scream Tail|Scream Tail, L50|100\/100\n|switch|p2b: Dragonite|Dragonite, L50, F|100\/100\n|move|p1a: Chi-Yu|Taunt|p2b: Dragonite\n|-start|p2b: Dragonite|move: Taunt\n|move|p1b: Gastrodon|Yawn|p2b: Dragonite\n|-start|p2b: Dragonite|move: Yawn|[of] p1b: Gastrodon\n|\n|-start|p1a: Chi-Yu|perish0\n|-start|p1b: Gastrodon|perish0\n|upkeep\n|faint|p1a: Chi-Yu\n|faint|p1b: Gastrodon\n|\n|t:|1683666150\n|switch|p1a: Abomasnow|Abomasnow, L50, F|100\/100\n|switch|p1b: Iron Bundle|Iron Bundle, L50, shiny|100\/100\n|-weather|Snow|[from] ability: Snow Warning|[of] p1a: Abomasnow\n|-enditem|p1b: Iron Bundle|Booster Energy\n|-activate|p1b: Iron Bundle|ability: Quark Drive|[fromitem]\n|-start|p1b: Iron Bundle|quarkdrivespe\n|turn|5\n|\n|t:|1683666167\n|switch|p2b: Gothitelle|Gothitelle, L50, M, tera:Dark|64\/100 slp\n|move|p1b: Iron Bundle|Blizzard|p2a: Scream Tail|[spread] p2a,p2b\n|-damage|p2a: Scream Tail|71\/100\n|-damage|p2b: Gothitelle|26\/100 slp\n|move|p2a: Scream Tail|Perish Song|p2a: Scream Tail\n|-start|p1a: Abomasnow|perish3|[silent]\n|-start|p1b: Iron Bundle|perish3|[silent]\n|-start|p2a: Scream Tail|perish3|[silent]\n|-start|p2b: Gothitelle|perish3|[silent]\n|-fieldactivate|move: Perish Song\n|move|p1a: Abomasnow|Blizzard|p2a: Scream Tail|[spread] p2a,p2b\n|-damage|p2a: Scream Tail|46\/100\n|-damage|p2b: Gothitelle|0 fnt\n|faint|p2b: Gothitelle\n|\n|-weather|Snow|[upkeep]\n|-start|p1b: Iron Bundle|perish3\n|-start|p2a: Scream Tail|perish3\n|-start|p1a: Abomasnow|perish3\n|upkeep\n|\n|t:|1683666182\n|switch|p2b: Dragonite|Dragonite, L50, F|100\/100\n|turn|6\n|\n|t:|1683666196\n|move|p2b: Dragonite|Extreme Speed|p1b: Iron Bundle\n|-damage|p1b: Iron Bundle|76\/100\n|move|p1b: Iron Bundle|Blizzard|p2b: Dragonite|[spread] p2a,p2b\n|-supereffective|p2b: Dragonite\n|-damage|p2a: Scream Tail|15\/100\n|-damage|p2b: Dragonite|52\/100\n|move|p2a: Scream Tail|Disable|p1a: Abomasnow\n|-start|p1a: Abomasnow|Disable|Blizzard\n|cant|p1a: Abomasnow|Disable|Blizzard\n|\n|-weather|Snow|[upkeep]\n|-start|p1b: Iron Bundle|perish2\n|-start|p2a: Scream Tail|perish2\n|-start|p1a: Abomasnow|perish2\n|upkeep\n|turn|7\n|inactive|taterstotz has 30 seconds left.\n|inactive|taterstotz has 20 seconds left.\n|\n|t:|1683666234\n|move|p2b: Dragonite|Extreme Speed|p1b: Iron Bundle\n|-damage|p1b: Iron Bundle|51\/100\n|move|p1b: Iron Bundle|Blizzard|p2a: Scream Tail|[spread] p2a,p2b\n|-supereffective|p2b: Dragonite\n|-damage|p2a: Scream Tail|0 fnt\n|-damage|p2b: Dragonite|0 fnt\n|faint|p2a: Scream Tail\n|-end|p2a: Scream Tail|Protosynthesis|[silent]\n|faint|p2b: Dragonite\n|move|p1a: Abomasnow|Aurora Veil|p1a: Abomasnow\n|-sidestart|p1: lkaku|move: Aurora Veil\n|\n|-weather|Snow|[upkeep]\n|-start|p1b: Iron Bundle|perish1\n|-start|p1a: Abomasnow|perish1\n|upkeep\n|\n|t:|1683666244\n|switch|p2b: Amoonguss|Amoonguss, L50, F|100\/100\n|turn|8\n|\n|t:|1683666253\n|move|p1b: Iron Bundle|Blizzard|p2b: Amoonguss\n|-supereffective|p2b: Amoonguss\n|-damage|p2b: Amoonguss|19\/100\n|-enditem|p2b: Amoonguss|Sitrus Berry|[eat]\n|-heal|p2b: Amoonguss|44\/100|[from] item: Sitrus Berry\n|move|p1a: Abomasnow|Earth Power|p2b: Amoonguss\n|-damage|p2b: Amoonguss|26\/100\n|move|p2b: Amoonguss|Spore|p1b: Iron Bundle\n|-status|p1b: Iron Bundle|slp|[from] move: Spore\n|\n|-weather|Snow|[upkeep]\n|-start|p1b: Iron Bundle|perish0\n|-start|p1a: Abomasnow|perish0\n|faint|p1b: Iron Bundle\n|-end|p1b: Iron Bundle|Quark Drive|[silent]\n|faint|p1a: Abomasnow\n|\n|win|taterstotz\n|upkeep\n|raw|lkaku's rating: 1151 → 1131<\/strong> (-20 for losing)\n|raw|taterstotz's rating: 1218 → 1238<\/strong> (+20 for winning)\n|c|\u2606taterstotz|can you do it?\n|l|\u2606lkaku\n","uploadtime":1683666270,"views":16,"p1id":"lkaku","p2id":"taterstotz","formatid":"gen9vgc2023regulationc","rating":1131,"private":0,"password":""}