{"id":"gen9vgc2023regulationc-1844898524","p1":"xiaoyang2004","p2":"nose1490","format":"[Gen 9] VGC 2023 Regulation C","log":"|j|\u2606xiaoyang2004\n|j|\u2606nose1490\n|t:|1681661856\n|gametype|doubles\n|player|p1|xiaoyang2004|lyra|1279\n|player|p2|nose1490|byron|1308\n|teamsize|p1|6\n|teamsize|p2|6\n|gen|9\n|tier|[Gen 9] VGC 2023 Regulation C\n|rated|\n|rule|Species Clause: Limit one of each Pok\u00e9mon\n|rule|Item Clause: Limit one of each item\n|clearpoke\n|poke|p1|Chi-Yu, L50|\n|poke|p1|Flutter Mane, L50|\n|poke|p1|Iron Bundle, L50|\n|poke|p1|Gholdengo, L50|\n|poke|p1|Talonflame, L50, M|\n|poke|p1|Amoonguss, L50, M|\n|poke|p2|Dondozo, L50, M|\n|poke|p2|Tatsugiri, L50, F|\n|poke|p2|Torkoal, L50, F|\n|poke|p2|Lilligant, L50, F|\n|poke|p2|Roaring Moon, L50|\n|poke|p2|Flutter Mane, L50|\n|teampreview|4\n|inactive|Battle timer is ON: inactive players will automatically lose when time's up. (requested by nose1490)\n|\n|t:|1681661886\n|start\n|switch|p1a: Talonflame|Talonflame, L50, M, shiny|100\/100\n|switch|p1b: Flutter Mane|Flutter Mane, L50, shiny|100\/100\n|switch|p2a: Torkoal|Torkoal, L50, F|100\/100\n|switch|p2b: Roaring Moon|Roaring Moon, L50|100\/100\n|-weather|SunnyDay|[from] ability: Drought|[of] p2a: Torkoal\n|-activate|p1b: Flutter Mane|ability: Protosynthesis\n|-start|p1b: Flutter Mane|protosynthesisspe\n|-activate|p2b: Roaring Moon|ability: Protosynthesis\n|-start|p2b: Roaring Moon|protosynthesisatk\n|turn|1\n|\n|t:|1681661910\n|-terastallize|p2b: Roaring Moon|Fire\n|move|p2a: Torkoal|Protect|p2a: Torkoal\n|-singleturn|p2a: Torkoal|Protect\n|move|p1b: Flutter Mane|Shadow Ball|p2a: Torkoal\n|-activate|p2a: Torkoal|move: Protect\n|move|p1a: Talonflame|Will-O-Wisp|p2b: Roaring Moon\n|-immune|p2b: Roaring Moon\n|move|p2b: Roaring Moon|Crunch|p1b: Flutter Mane\n|-enditem|p1b: Flutter Mane|Focus Sash\n|-damage|p1b: Flutter Mane|1\/100\n|\n|-weather|SunnyDay|[upkeep]\n|upkeep\n|turn|2\n|\n|t:|1681661934\n|move|p1a: Talonflame|Tailwind|p1a: Talonflame\n|-sidestart|p1: xiaoyang2004|move: Tailwind\n|move|p1b: Flutter Mane|Shadow Ball|p2a: Torkoal\n|-damage|p2a: Torkoal|41\/100\n|move|p2b: Roaring Moon|Crunch|p1a: Talonflame\n|-damage|p1a: Talonflame|0 fnt\n|faint|p1a: Talonflame\n|move|p2a: Torkoal|Eruption|p1b: Flutter Mane\n|-damage|p1b: Flutter Mane|0 fnt\n|faint|p1b: Flutter Mane\n|-end|p1b: Flutter Mane|Protosynthesis|[silent]\n|\n|-weather|SunnyDay|[upkeep]\n|upkeep\n|\n|t:|1681661947\n|switch|p1b: Chi-Yu|Chi-Yu, L50|100\/100\n|switch|p1a: Iron Bundle|Iron Bundle, L50, shiny|100\/100\n|-ability|p1b: Chi-Yu|Beads of Ruin\n|-enditem|p1a: Iron Bundle|Booster Energy\n|-activate|p1a: Iron Bundle|ability: Quark Drive|[fromitem]\n|-start|p1a: Iron Bundle|quarkdrivespe\n|turn|3\n|inactive|xiaoyang2004 has 30 seconds left.\n|inactive|xiaoyang2004 has 20 seconds left.\n|inactive|xiaoyang2004 has 15 seconds left.\n|\n|t:|1681661991\n|move|p1a: Iron Bundle|Hydro Pump|p2b: Roaring Moon\n|-supereffective|p2b: Roaring Moon\n|-damage|p2b: Roaring Moon|30\/100\n|move|p1b: Chi-Yu|Heat Wave|p2b: Roaring Moon|[spread] p2a,p2b\n|-resisted|p2a: Torkoal\n|-resisted|p2b: Roaring Moon\n|-damage|p2a: Torkoal|0 fnt\n|-damage|p2b: Roaring Moon|0 fnt\n|faint|p2a: Torkoal\n|faint|p2b: Roaring Moon\n|-end|p2b: Roaring Moon|Protosynthesis|[silent]\n|\n|-weather|SunnyDay|[upkeep]\n|upkeep\n|\n|t:|1681661997\n|switch|p2b: Tatsugiri|Tatsugiri, L50, F|100\/100\n|switch|p2a: Dondozo|Dondozo, L50, M|100\/100\n|-activate|p2b: Tatsugiri|ability: Commander|[of] p2a: Dondozo\n|-boost|p2a: Dondozo|atk|2\n|-boost|p2a: Dondozo|spa|2\n|-boost|p2a: Dondozo|spe|2\n|-boost|p2a: Dondozo|def|2\n|-boost|p2a: Dondozo|spd|2\n|turn|4\n|\n|t:|1681662018\n|-terastallize|p1b: Chi-Yu|Ghost\n|move|p2a: Dondozo|Protect|p2a: Dondozo\n|-singleturn|p2a: Dondozo|Protect\n|move|p1a: Iron Bundle|Freeze-Dry|p2a: Dondozo\n|-activate|p2a: Dondozo|move: Protect\n|move|p1b: Chi-Yu|Heat Wave|p2a: Dondozo|[spread] \n|-miss|p1b: Chi-Yu|p2b: Tatsugiri\n|-activate|p2a: Dondozo|move: Protect\n|\n|-weather|SunnyDay|[upkeep]\n|upkeep\n|turn|5\n|\n|t:|1681662039\n|move|p1a: Iron Bundle|Freeze-Dry|p2a: Dondozo\n|-supereffective|p2a: Dondozo\n|-damage|p2a: Dondozo|44\/100\n|move|p1b: Chi-Yu|Heat Wave|p2b: Tatsugiri|[spread] p2a\n|-miss|p1b: Chi-Yu|p2b: Tatsugiri\n|-resisted|p2a: Dondozo\n|-damage|p2a: Dondozo|14\/100\n|move|p2a: Dondozo|Wave Crash|p1b: Chi-Yu\n|-damage|p1b: Chi-Yu|13\/100\n|-damage|p2a: Dondozo|0 fnt|[from] Recoil\n|faint|p2a: Dondozo\n|\n|-weather|none\n|-sideend|p1: xiaoyang2004|move: Tailwind\n|upkeep\n|turn|6\n|\n|t:|1681662056\n|move|p1a: Iron Bundle|Freeze-Dry|p2b: Tatsugiri\n|-supereffective|p2b: Tatsugiri\n|-enditem|p2b: Tatsugiri|Yache Berry|[eat]\n|-enditem|p2b: Tatsugiri|Yache Berry|[weaken]\n|-damage|p2b: Tatsugiri|8\/100\n|move|p1b: Chi-Yu|Heat Wave|p2b: Tatsugiri\n|-resisted|p2b: Tatsugiri\n|-damage|p2b: Tatsugiri|0 fnt\n|faint|p2b: Tatsugiri\n|\n|win|xiaoyang2004\n|raw|xiaoyang2004's rating: 1279 → 1306<\/strong> (+27 for winning)\n|raw|nose1490's rating: 1308 → 1286<\/strong> (-22 for losing)\n|l|\u2606nose1490\n","uploadtime":1681662072,"views":13,"p1id":"xiaoyang2004","p2id":"nose1490","formatid":"gen9vgc2023regulationc","rating":1286,"private":0,"password":""}