{"id":"gen9vgc2023regulationc-1857235802","p1":"Al_The_Walrus","p2":"acklaus","format":"[Gen 9] VGC 2023 Regulation C","log":"|j|\u2606Al_The_Walrus\n|j|\u2606acklaus\n|t:|1683161605\n|gametype|doubles\n|player|p1|Al_The_Walrus|roxie|1060\n|player|p2|acklaus|102|1000\n|teamsize|p1|6\n|teamsize|p2|6\n|gen|9\n|tier|[Gen 9] VGC 2023 Regulation C\n|rated|\n|rule|Species Clause: Limit one of each Pok\u00e9mon\n|rule|Item Clause: Limit one of each item\n|clearpoke\n|poke|p1|Sylveon, L50, F|\n|poke|p1|Chi-Yu, L50|\n|poke|p1|Umbreon, L50, M|\n|poke|p1|Leafeon, L50, F|\n|poke|p1|Jolteon, L50, F|\n|poke|p1|Vaporeon, L50, F|\n|poke|p2|Dondozo, L50, M|\n|poke|p2|Tatsugiri-Stretchy, L50, M|\n|poke|p2|Dragonite, L50, M|\n|poke|p2|Arcanine, L50, F|\n|poke|p2|Iron Moth, L50|\n|poke|p2|Flutter Mane, L50|\n|teampreview|4\n|\n|t:|1683161647\n|start\n|switch|p1a: Sylveon|Sylveon, L50, F, shiny|100\/100\n|switch|p1b: Amogus|Chi-Yu, L50|100\/100\n|switch|p2a: Dondozo|Dondozo, L50, M|100\/100\n|switch|p2b: Tatsugiri|Tatsugiri-Stretchy, L50, M|100\/100\n|-activate|p2b: Tatsugiri|ability: Commander|[of] p2a: Dondozo\n|-boost|p2a: Dondozo|atk|2\n|-boost|p2a: Dondozo|spa|2\n|-boost|p2a: Dondozo|spe|2\n|-boost|p2a: Dondozo|def|2\n|-boost|p2a: Dondozo|spd|2\n|-ability|p1b: Amogus|Beads of Ruin\n|turn|1\n|\n|t:|1683161667\n|move|p1b: Amogus|Sunny Day|p1b: Amogus\n|-weather|SunnyDay\n|move|p2a: Dondozo|Earthquake|p1b: Amogus|[spread] p1a,p1b\n|-miss|p2a: Dondozo|p2b: Tatsugiri\n|-supereffective|p1b: Amogus\n|-damage|p1a: Sylveon|49\/100\n|-damage|p1b: Amogus|0 fnt\n|faint|p1b: Amogus\n|move|p1a: Sylveon|Yawn|p2a: Dondozo\n|-start|p2a: Dondozo|move: Yawn|[of] p1a: Sylveon\n|\n|-weather|SunnyDay|[upkeep]\n|upkeep\n|\n|t:|1683161687\n|switch|p1b: Leafeon|Leafeon, L50, F|100\/100\n|turn|2\n|\n|t:|1683161699\n|move|p1b: Leafeon|Leaf Blade|p2a: Dondozo\n|-supereffective|p2a: Dondozo\n|-crit|p2a: Dondozo\n|-damage|p2a: Dondozo|0 fnt\n|faint|p2a: Dondozo\n|-damage|p1b: Leafeon|90\/100|[from] item: Life Orb\n|move|p1a: Sylveon|Hyper Voice|p2b: Tatsugiri\n|-supereffective|p2b: Tatsugiri\n|-damage|p2b: Tatsugiri|0 fnt\n|faint|p2b: Tatsugiri\n|-enditem|p1a: Sylveon|Throat Spray\n|-boost|p1a: Sylveon|spa|1|[from] item: Throat Spray\n|\n|-weather|SunnyDay|[upkeep]\n|upkeep\n|\n|t:|1683161712\n|switch|p2b: Flutter Mane|Flutter Mane, L50|100\/100\n|switch|p2a: Iron Moth|Iron Moth, L50|100\/100\n|-activate|p2b: Flutter Mane|ability: Protosynthesis\n|-start|p2b: Flutter Mane|protosynthesisspa\n|-enditem|p2a: Iron Moth|Booster Energy\n|-activate|p2a: Iron Moth|ability: Quark Drive|[fromitem]\n|-start|p2a: Iron Moth|quarkdrivespe\n|turn|3\n|\n|t:|1683161763\n|move|p1b: Leafeon|Protect|p1b: Leafeon\n|-singleturn|p1b: Leafeon|Protect\n|move|p2b: Flutter Mane|Protect|p2b: Flutter Mane\n|-singleturn|p2b: Flutter Mane|Protect\n|move|p2a: Iron Moth|Acid Spray|p1a: Sylveon\n|-supereffective|p1a: Sylveon\n|-damage|p1a: Sylveon|28\/100\n|-unboost|p1a: Sylveon|spd|2\n|move|p1a: Sylveon|Yawn|p2a: Iron Moth\n|-start|p2a: Iron Moth|move: Yawn|[of] p1a: Sylveon\n|\n|-weather|SunnyDay|[upkeep]\n|upkeep\n|turn|4\n|\n|t:|1683161787\n|move|p1b: Leafeon|Leaf Blade|p2b: Flutter Mane\n|-damage|p2b: Flutter Mane|14\/100\n|-damage|p1b: Leafeon|80\/100|[from] item: Life Orb\n|move|p2a: Iron Moth|Toxic Spikes|p1a: Sylveon\n|-sidestart|p1: Al_The_Walrus|move: Toxic Spikes\n|move|p2b: Flutter Mane|Shadow Ball|p1a: Sylveon\n|-damage|p1a: Sylveon|0 fnt\n|faint|p1a: Sylveon\n|-damage|p2b: Flutter Mane|4\/100|[from] item: Life Orb\n|\n|-weather|SunnyDay|[upkeep]\n|-end|p2a: Iron Moth|move: Yawn|[silent]\n|-status|p2a: Iron Moth|slp\n|upkeep\n|\n|t:|1683161800\n|switch|p1a: Jolteon|Jolteon, L50, F|100\/100\n|-status|p1a: Jolteon|psn\n|turn|5\n|\n|t:|1683161814\n|move|p2b: Flutter Mane|Protect|p2b: Flutter Mane\n|-singleturn|p2b: Flutter Mane|Protect\n|move|p1b: Leafeon|Leaf Blade|p2b: Flutter Mane\n|-activate|p2b: Flutter Mane|move: Protect\n|cant|p2a: Iron Moth|slp\n|move|p1a: Jolteon|Thunder Wave||[still]\n|-fail|p1a: Jolteon\n|\n|-weather|none\n|-end|p2b: Flutter Mane|Protosynthesis\n|-damage|p1a: Jolteon|88\/100 psn|[from] psn\n|upkeep\n|turn|6\n|\n|t:|1683161837\n|move|p2b: Flutter Mane|Protect||[still]\n|-fail|p2b: Flutter Mane\n|cant|p2a: Iron Moth|slp\n|move|p1a: Jolteon|Thunderbolt|p2a: Iron Moth\n|-damage|p2a: Iron Moth|65\/100 slp\n|move|p1b: Leafeon|Leaf Blade|p2b: Flutter Mane\n|-damage|p2b: Flutter Mane|0 fnt\n|faint|p2b: Flutter Mane\n|-end|p2b: Flutter Mane|Protosynthesis|[silent]\n|-damage|p1b: Leafeon|70\/100|[from] item: Life Orb\n|\n|-damage|p1a: Jolteon|76\/100 psn|[from] psn\n|upkeep\n|turn|7\n|\n|t:|1683161854\n|-terastallize|p1b: Leafeon|Normal\n|-curestatus|p2a: Iron Moth|slp|[msg]\n|move|p2a: Iron Moth|Protect|p2a: Iron Moth\n|-singleturn|p2a: Iron Moth|Protect\n|move|p1a: Jolteon|Thunderbolt|p2a: Iron Moth\n|-activate|p2a: Iron Moth|move: Protect\n|move|p1b: Leafeon|Double-Edge|p2a: Iron Moth\n|-activate|p2a: Iron Moth|move: Protect\n|\n|-damage|p1a: Jolteon|64\/100 psn|[from] psn\n|upkeep\n|turn|8\n|\n|t:|1683161870\n|-terastallize|p2a: Iron Moth|Ghost\n|move|p1b: Leafeon|Quick Attack|p2a: Iron Moth\n|-immune|p2a: Iron Moth\n|move|p2a: Iron Moth|Overheat|p1b: Leafeon\n|-damage|p1b: Leafeon|0 fnt\n|-unboost|p2a: Iron Moth|spa|2\n|faint|p1b: Leafeon\n|move|p1a: Jolteon|Thunderbolt|p2a: Iron Moth\n|-damage|p2a: Iron Moth|32\/100\n|\n|-damage|p1a: Jolteon|52\/100 psn|[from] psn\n|upkeep\n|turn|9\n|\n|t:|1683161885\n|move|p2a: Iron Moth|Protect|p2a: Iron Moth\n|-singleturn|p2a: Iron Moth|Protect\n|move|p1a: Jolteon|Thunderbolt|p2a: Iron Moth\n|-activate|p2a: Iron Moth|move: Protect\n|\n|-damage|p1a: Jolteon|40\/100 psn|[from] psn\n|upkeep\n|turn|10\n|\n|t:|1683161901\n|move|p2a: Iron Moth|Acid Spray|p1a: Jolteon\n|-damage|p1a: Jolteon|25\/100 psn\n|-unboost|p1a: Jolteon|spd|2\n|move|p1a: Jolteon|Thunderbolt|p2a: Iron Moth\n|-damage|p2a: Iron Moth|0 fnt\n|faint|p2a: Iron Moth\n|-end|p2a: Iron Moth|Quark Drive|[silent]\n|\n|win|Al_The_Walrus\n|raw|Al_The_Walrus's rating: 1060 → 1086<\/strong> (+26 for winning)\n|raw|acklaus's rating: 1000 → 1000<\/strong> (+0 for losing)\n|l|\u2606acklaus\n","uploadtime":1683161915,"views":12,"p1id":"althewalrus","p2id":"acklaus","formatid":"gen9vgc2023regulationc","rating":1000,"private":0,"password":""}