{"id":"gen9vgc2023regulationc-1855418164","p1":"WillieDangerously","p2":"tbone603","format":"[Gen 9] VGC 2023 Regulation C","log":"|j|\u2606WillieDangerously\n|j|\u2606tbone603\n|t:|1682949509\n|gametype|doubles\n|player|p1|WillieDangerously|psychic-gen4|1298\n|player|p2|tbone603|265|1257\n|teamsize|p1|6\n|teamsize|p2|6\n|gen|9\n|tier|[Gen 9] VGC 2023 Regulation C\n|rated|\n|rule|Species Clause: Limit one of each Pok\u00e9mon\n|rule|Item Clause: Limit one of each item\n|clearpoke\n|poke|p1|Chien-Pao, L50|\n|poke|p1|Amoonguss, L50, M|\n|poke|p1|Palafin, L50, M|\n|poke|p1|Dragapult, L50, F|\n|poke|p1|Scream Tail, L50|\n|poke|p1|Arcanine, L50, M|\n|poke|p2|Iron Thorns, L50|\n|poke|p2|Talonflame, L50, F|\n|poke|p2|Indeedee-F, L50, F|\n|poke|p2|Breloom, L50, M|\n|poke|p2|Drifblim, L50, F|\n|poke|p2|Chi-Yu, L50|\n|teampreview|4\n|inactive|Battle timer is ON: inactive players will automatically lose when time's up. (requested by tbone603)\n|inactive|WillieDangerously has 60 seconds left.\n|inactive|WillieDangerously has 30 seconds left.\n|\n|t:|1682949579\n|start\n|switch|p1a: Chien-Pao|Chien-Pao, L50|100\/100\n|switch|p1b: Palafin|Palafin, L50, M|100\/100\n|switch|p2a: Iron Thorns|Iron Thorns, L50|100\/100\n|switch|p2b: Drifblim|Drifblim, L50, F|100\/100\n|-ability|p1a: Chien-Pao|Sword of Ruin\n|turn|1\n|inactive|WillieDangerously has 30 seconds left.\n|inactive|WillieDangerously has 20 seconds left.\n|inactive|WillieDangerously has 15 seconds left.\n|inactive|WillieDangerously has 10 seconds left.\n|\n|t:|1682949628\n|move|p1a: Chien-Pao|Protect|p1a: Chien-Pao\n|-singleturn|p1a: Chien-Pao|Protect\n|move|p1b: Palafin|Wave Crash|p2a: Iron Thorns\n|-supereffective|p2a: Iron Thorns\n|-damage|p2a: Iron Thorns|0 fnt\n|faint|p2a: Iron Thorns\n|-end|p2a: Iron Thorns|Quark Drive|[silent]\n|-damage|p1b: Palafin|67\/100|[from] Recoil\n|move|p2b: Drifblim|Tailwind|p2b: Drifblim\n|-sidestart|p2: tbone603|move: Tailwind\n|\n|-status|p2b: Drifblim|brn|[from] item: Flame Orb\n|upkeep\n|\n|t:|1682949646\n|switch|p2a: Breloom|Breloom, L50, M|100\/100\n|turn|2\n|inactive|WillieDangerously has 30 seconds left.\n|\n|t:|1682949677\n|switch|p1a: Arcanine|Arcanine, L50, M|100\/100\n|-ability|p1a: Arcanine|Intimidate|boost\n|-unboost|p2a: Breloom|atk|1\n|-unboost|p2b: Drifblim|atk|1\n|move|p2a: Breloom|Spore|p1a: Arcanine\n|-status|p1a: Arcanine|slp|[from] move: Spore\n|move|p2b: Drifblim|Shadow Ball|p1b: Palafin\n|-damage|p1b: Palafin|22\/100\n|move|p1b: Palafin|Ice Punch|p2a: Breloom\n|-supereffective|p2a: Breloom\n|-damage|p2a: Breloom|34\/100\n|\n|-damage|p2b: Drifblim|95\/100 brn|[from] brn\n|upkeep\n|turn|3\n|\n|t:|1682949699\n|detailschange|p1b: Palafin|Palafin-Hero, L50, M\n|switch|p1b: Chien-Pao|Chien-Pao, L50|100\/100\n|-ability|p1b: Chien-Pao|Sword of Ruin\n|cant|p1a: Arcanine|slp\n|move|p2a: Breloom|Mach Punch|p1b: Chien-Pao\n|-supereffective|p1b: Chien-Pao\n|-enditem|p1b: Chien-Pao|Focus Sash\n|-damage|p1b: Chien-Pao|1\/100\n|move|p2b: Drifblim|Shadow Ball|p1a: Arcanine\n|-damage|p1a: Arcanine|36\/100 slp\n|\n|-damage|p2b: Drifblim|89\/100 brn|[from] brn\n|upkeep\n|turn|4\n|\n|t:|1682949719\n|move|p1b: Chien-Pao|Protect|p1b: Chien-Pao\n|-singleturn|p1b: Chien-Pao|Protect\n|cant|p1a: Arcanine|slp\n|move|p2a: Breloom|Mach Punch|p1b: Chien-Pao\n|-activate|p1b: Chien-Pao|move: Protect\n|move|p2b: Drifblim|Shadow Ball|p1a: Arcanine\n|-damage|p1a: Arcanine|0 fnt\n|faint|p1a: Arcanine\n|\n|-damage|p2b: Drifblim|83\/100 brn|[from] brn\n|-sideend|p2: tbone603|move: Tailwind\n|upkeep\n|\n|t:|1682949728\n|switch|p1a: Palafin|Palafin-Hero, L50, M|22\/100\n|-activate|p1a: Palafin|ability: Zero to Hero\n|turn|5\n|\n|t:|1682949742\n|-terastallize|p1a: Palafin|Water\n|move|p1a: Palafin|Jet Punch|p2a: Breloom\n|-resisted|p2a: Breloom\n|-damage|p2a: Breloom|0 fnt\n|faint|p2a: Breloom\n|move|p1b: Chien-Pao|Crunch|p2b: Drifblim\n|-supereffective|p2b: Drifblim\n|-damage|p2b: Drifblim|0 fnt\n|faint|p2b: Drifblim\n|\n|upkeep\n|\n|t:|1682949746\n|switch|p2b: Chi-Yu|Chi-Yu, L50|100\/100\n|-ability|p2b: Chi-Yu|Beads of Ruin\n|turn|6\n|\n|t:|1682949768\n|-terastallize|p2b: Chi-Yu|Fire\n|move|p1a: Palafin|Jet Punch|p2b: Chi-Yu\n|-supereffective|p2b: Chi-Yu\n|-damage|p2b: Chi-Yu|0 fnt\n|faint|p2b: Chi-Yu\n|\n|win|WillieDangerously\n|raw|WillieDangerously's rating: 1298 → 1320<\/strong> (+22 for winning)\n|raw|tbone603's rating: 1257 → 1235<\/strong> (-22 for losing)\n|l|\u2606tbone603\n","uploadtime":1682949773,"views":15,"p1id":"williedangerously","p2id":"tbone603","formatid":"gen9vgc2023regulationc","rating":1235,"private":0,"password":""}