{"id":"gen9vgc2023regulationc-1855320037","p1":"Lankymobs","p2":"SisalVT","format":"[Gen 9] VGC 2023 Regulation C","log":"|j|\u2606Lankymobs\n|j|\u2606SisalVT\n|t:|1682936396\n|gametype|doubles\n|player|p1|Lankymobs|266|1613\n|player|p2|SisalVT|blue|1660\n|teamsize|p1|6\n|teamsize|p2|6\n|gen|9\n|tier|[Gen 9] VGC 2023 Regulation C\n|rated|\n|rule|Species Clause: Limit one of each Pok\u00e9mon\n|rule|Item Clause: Limit one of each item\n|clearpoke\n|poke|p1|Murkrow, L50, F|\n|poke|p1|Chi-Yu, L50|\n|poke|p1|Flutter Mane, L50|\n|poke|p1|Great Tusk, L50|\n|poke|p1|Brute Bonnet, L50|\n|poke|p1|Corviknight, L50, M|\n|poke|p2|Breloom, L50, F|\n|poke|p2|Chien-Pao, L50|\n|poke|p2|Flutter Mane, L50|\n|poke|p2|Chi-Yu, L50|\n|poke|p2|Dondozo, L50, F|\n|poke|p2|Tatsugiri-Stretchy, L50, M|\n|teampreview|4\n|inactive|Battle timer is ON: inactive players will automatically lose when time's up. (requested by Lankymobs)\nSisalVT has agreed to open team sheets.\n|inactive|Lankymobs has 60 seconds left.\n|j| AshML\n|\n|t:|1682936439\n|start\n|switch|p1a: Great Tusk|Great Tusk, L50|100\/100\n|switch|p1b: Corviknight|Corviknight, L50, M|100\/100\n|switch|p2a: Tattisaurus|Breloom, L50, F|100\/100\n|switch|p2b: Nivalis|Chien-Pao, L50|100\/100\n|-ability|p2b: Nivalis|Sword of Ruin\n|turn|1\n|\n|t:|1682936454\n|-terastallize|p1a: Great Tusk|Steel\n|move|p1a: Great Tusk|Rock Slide|p2a: Tattisaurus|[spread] p2b\n|-miss|p1a: Great Tusk|p2a: Tattisaurus\n|-supereffective|p2b: Nivalis\n|-damage|p2b: Nivalis|43\/100\n|cant|p2b: Nivalis|flinch\n|move|p2a: Tattisaurus|Spore|p1b: Corviknight\n|-status|p1b: Corviknight|slp|[from] move: Spore\n|cant|p1b: Corviknight|slp\n|\n|upkeep\n|turn|2\n|\n|t:|1682936469\n|move|p2b: Nivalis|Sucker Punch|p1a: Great Tusk\n|-damage|p1a: Great Tusk|51\/100\n|-damage|p2b: Nivalis|33\/100|[from] item: Life Orb\n|move|p2a: Tattisaurus|Mach Punch|p1a: Great Tusk\n|-supereffective|p1a: Great Tusk\n|-damage|p1a: Great Tusk|0 fnt\n|faint|p1a: Great Tusk\n|-end|p1a: Great Tusk|Protosynthesis|[silent]\n|-curestatus|p1b: Corviknight|slp|[msg]\n|move|p1b: Corviknight|Brave Bird|p2a: Tattisaurus\n|-supereffective|p2a: Tattisaurus\n|-enditem|p2a: Tattisaurus|Focus Sash\n|-damage|p2a: Tattisaurus|1\/100\n|-damage|p1b: Corviknight|77\/100|[from] Recoil\n|\n|upkeep\n|\n|t:|1682936483\n|switch|p1a: Brute Bonnet|Brute Bonnet, L50|100\/100\n|turn|3\n|inactive|Lankymobs has 30 seconds left.\n|\n|t:|1682936509\n|switch|p1b: Murkrow|Murkrow, L50, F, shiny|100\/100\n|move|p2b: Nivalis|Ice Spinner|p1a: Brute Bonnet\n|-supereffective|p1a: Brute Bonnet\n|-damage|p1a: Brute Bonnet|0 fnt\n|faint|p1a: Brute Bonnet\n|-end|p1a: Brute Bonnet|Protosynthesis|[silent]\n|-damage|p2b: Nivalis|24\/100|[from] item: Life Orb\n|move|p2a: Tattisaurus|Spore|p1b: Murkrow\n|-status|p1b: Murkrow|slp|[from] move: Spore\n|\n|upkeep\n|\n|t:|1682936516\n|switch|p1a: Corviknight|Corviknight, L50, M|77\/100\n|turn|4\n|\n|t:|1682936530\n|move|p2b: Nivalis|Ice Spinner|p1b: Murkrow\n|-supereffective|p1b: Murkrow\n|-damage|p1b: Murkrow|0 fnt\n|faint|p1b: Murkrow\n|-damage|p2b: Nivalis|14\/100|[from] item: Life Orb\n|move|p2a: Tattisaurus|Spore|p1a: Corviknight\n|-status|p1a: Corviknight|slp|[from] move: Spore\n|cant|p1a: Corviknight|slp\n|\n|upkeep\n|turn|5\n|-message|Lankymobs forfeited.\n|\n|win|SisalVT\n|raw|Lankymobs's rating: 1613 → 1596<\/strong> (-17 for losing)\n|raw|SisalVT's rating: 1660 → 1677<\/strong> (+17 for winning)\n|l|\u2606Lankymobs\n|l|\u2606SisalVT\n","uploadtime":1682936670,"views":20,"p1id":"lankymobs","p2id":"sisalvt","formatid":"gen9vgc2023regulationc","rating":1596,"private":0,"password":""}