{"id":"gen9vgc2023regulationc-1860670422","p1":"H0p5t3r","p2":"slothmish","format":"[Gen 9] VGC 2023 Regulation C","log":"|j|\u2606H0p5t3r\n|j|\u2606slothmish\n|t:|1683664541\n|gametype|doubles\n|player|p1|H0p5t3r|guitarist|\n|player|p2|slothmish|cynthia|\n|teamsize|p1|6\n|teamsize|p2|6\n|gen|9\n|tier|[Gen 9] VGC 2023 Regulation C\n|rule|Species Clause: Limit one of each Pok\u00e9mon\n|rule|Item Clause: Limit one of each item\n|clearpoke\n|poke|p1|Chewtle, L5, F|\n|poke|p1|Wattrel, L5, F|\n|poke|p1|Growlithe, L5, M|\n|poke|p1|Eevee, L5, M|\n|poke|p1|Croagunk, L5, M|\n|poke|p1|Spoink, L5, M|\n|poke|p2|Drifloon, L5, F|\n|poke|p2|Toedscool, L5, M|\n|poke|p2|Fuecoco, L5, M|\n|poke|p2|Azurill, L5, M|\n|poke|p2|Pawmi, L5, M|\n|poke|p2|Deino, L5, M|\n|teampreview|4\n|j| haydyg\n|j| mharidain\n|c| haydyg|glglglgllg\n|\n|t:|1683664619\n|start\n|switch|p1a: Hypno Toad|Croagunk, L5, M|100\/100\n|switch|p1b: Peppa|Spoink, L5, M|100\/100\n|switch|p2a: Azurill|Azurill, L5, M|100\/100\n|switch|p2b: Pawmi|Pawmi, L5, M|100\/100\n|turn|1\n|\n|t:|1683664651\n|move|p1a: Hypno Toad|Fake Out|p2a: Azurill\n|-damage|p2a: Azurill|82\/100\n|move|p2b: Pawmi|Fake Out|p1a: Hypno Toad\n|-damage|p1a: Hypno Toad|88\/100\n|move|p1b: Peppa|Psychic|p2a: Azurill\n|-damage|p2a: Azurill|0 fnt\n|faint|p2a: Azurill\n|\n|upkeep\n|\n|t:|1683664663\n|switch|p2a: Deino|Deino, L5, M|100\/100\n|turn|2\n|\n|t:|1683664692\n|switch|p1b: Clifford|Growlithe, L5, M|100\/100\n|-ability|p1b: Clifford|Intimidate|boost\n|-unboost|p2a: Deino|atk|1\n|-unboost|p2b: Pawmi|atk|1\n|move|p2b: Pawmi|Fake Out||[still]\n|-hint|Fake Out only works on your first turn out.\n|-fail|p2b: Pawmi\n|move|p2a: Deino|Head Smash|p1a: Hypno Toad|[miss]\n|-miss|p2a: Deino|p1a: Hypno Toad\n|move|p1a: Hypno Toad|Sludge Bomb|p2b: Pawmi\n|-damage|p2b: Pawmi|25\/100\n|\n|upkeep\n|turn|3\n|\n|t:|1683664720\n|move|p2a: Deino|Head Smash|p1a: Hypno Toad\n|-resisted|p1a: Hypno Toad\n|-damage|p1a: Hypno Toad|59\/100\n|-damage|p2a: Deino|81\/100|[from] Recoil\n|move|p1b: Clifford|Will-O-Wisp|p2a: Deino\n|-status|p2a: Deino|brn\n|move|p2b: Pawmi|Nuzzle|p1a: Hypno Toad\n|-damage|p1a: Hypno Toad|55\/100\n|-status|p1a: Hypno Toad|par\n|move|p1a: Hypno Toad|Sludge Bomb|p2b: Pawmi\n|-damage|p2b: Pawmi|0 fnt\n|faint|p2b: Pawmi\n|\n|-damage|p2a: Deino|77\/100 brn|[from] brn\n|upkeep\n|\n|t:|1683664737\n|switch|p2b: Fuecoco|Fuecoco, L5, M|100\/100\n|turn|4\n|\n|t:|1683664754\n|cant|p1a: Hypno Toad|par\n|move|p2a: Deino|Head Smash|p1a: Hypno Toad\n|-resisted|p1a: Hypno Toad\n|-damage|p1a: Hypno Toad|42\/100 par\n|-damage|p2a: Deino|67\/100 brn|[from] Recoil\n|move|p1b: Clifford|Close Combat|p2a: Deino\n|-supereffective|p2a: Deino\n|-damage|p2a: Deino|0 fnt\n|-unboost|p1b: Clifford|def|1\n|-unboost|p1b: Clifford|spd|1\n|faint|p2a: Deino\n|-damage|p1b: Clifford|92\/100|[from] item: Life Orb\n|move|p2b: Fuecoco|Flamethrower|p1a: Hypno Toad\n|-damage|p1a: Hypno Toad|0 fnt\n|faint|p1a: Hypno Toad\n|\n|upkeep\n|\n|t:|1683664778\n|switch|p1a: Peppa|Spoink, L5, M|100\/100\n|turn|5\n|\n|t:|1683664796\n|switch|p1b: Banjo-Kazooie|Wattrel, L5, F|100\/100\n|move|p1a: Peppa|Snarl|p2b: Fuecoco\n|-damage|p2b: Fuecoco|76\/100\n|-enditem|p1a: Peppa|Throat Spray\n|-boost|p1a: Peppa|spa|1|[from] item: Throat Spray\n|move|p2b: Fuecoco|Will-O-Wisp|p1a: Peppa\n|-status|p1a: Peppa|brn\n|\n|-damage|p1a: Peppa|96\/100 brn|[from] brn\n|upkeep\n|turn|6\n|\n|t:|1683664822\n|move|p1b: Banjo-Kazooie|Thunderbolt|p2b: Fuecoco\n|-damage|p2b: Fuecoco|36\/100\n|move|p1a: Peppa|Psychic|p2b: Fuecoco\n|-damage|p2b: Fuecoco|0 fnt\n|faint|p2b: Fuecoco\n|\n|win|H0p5t3r\n|c|\u2606H0p5t3r|GG\n|c|\u2606slothmish|gg\n|c| haydyg|ggg\n|l|\u2606slothmish\n|l| haydyg\n|l| mharidain\n","uploadtime":1683665343,"views":13,"p1id":"h0p5t3r","p2id":"slothmish","formatid":"gen9vgc2023regulationc","rating":0,"private":0,"password":""}