{"id":"gen9vgc2023regulationc-1853135358","p1":"NinjaTrain","p2":"kajashi","format":"[Gen 9] VGC 2023 Regulation C","log":"|j|\u2606NinjaTrain\n|j|\u2606kajashi\n|t:|1682639459\n|gametype|doubles\n|player|p1|NinjaTrain|169|1526\n|player|p2|kajashi|n|1580\n|teamsize|p1|6\n|teamsize|p2|6\n|gen|9\n|tier|[Gen 9] VGC 2023 Regulation C\n|rated|\n|rule|Species Clause: Limit one of each Pok\u00e9mon\n|rule|Item Clause: Limit one of each item\n|clearpoke\n|poke|p1|Flutter Mane, L50|\n|poke|p1|Gothitelle, L50, M|\n|poke|p1|Great Tusk, L50|\n|poke|p1|Chi-Yu, L50|\n|poke|p1|Azumarill, L50, F|\n|poke|p1|Torkoal, L50, M|\n|poke|p2|Gyarados, L50, M|\n|poke|p2|Chi-Yu, L50|\n|poke|p2|Iron Hands, L50|\n|poke|p2|Kingambit, L50, M|\n|poke|p2|Amoonguss, L50, M|\n|poke|p2|Flutter Mane, L50|\n|teampreview|4\n|j| ScV Gengar\nkajashi has agreed to open team sheets.\nNinjaTrain has agreed to open team sheets.\n|inactive|Battle timer is ON: inactive players will automatically lose when time's up. (requested by NinjaTrain)\n|inactive|kajashi has 60 seconds left.\n|\n|t:|1682639515\n|start\n|switch|p1a: Flutter Mane|Flutter Mane, L50|100\/100\n|switch|p1b: Great Tusk|Great Tusk, L50|100\/100\n|switch|p2a: Chi-Yu|Chi-Yu, L50|100\/100\n|switch|p2b: Flutter Mane|Flutter Mane, L50|100\/100\n|-ability|p2a: Chi-Yu|Beads of Ruin\n|-enditem|p2b: Flutter Mane|Booster Energy\n|-activate|p2b: Flutter Mane|ability: Protosynthesis|[fromitem]\n|-start|p2b: Flutter Mane|protosynthesisspa\n|turn|1\n|inactive|NinjaTrain has 30 seconds left.\n|inactive|kajashi has 30 seconds left.\n|\n|t:|1682639547\n|switch|p2a: Gyarados|Gyarados, L50, M|100\/100\n|-ability|p2a: Gyarados|Intimidate|boost\n|-unboost|p1a: Flutter Mane|atk|1\n|-unboost|p1b: Great Tusk|atk|1\n|-terastallize|p1b: Great Tusk|Fire\n|move|p1b: Great Tusk|Headlong Rush|p2b: Flutter Mane\n|-damage|p2b: Flutter Mane|38\/100\n|-unboost|p1b: Great Tusk|def|1\n|-unboost|p1b: Great Tusk|spd|1\n|move|p2b: Flutter Mane|Dazzling Gleam|p1b: Great Tusk|[spread] p1a,p1b\n|-resisted|p1b: Great Tusk\n|-damage|p1a: Flutter Mane|67\/100\n|-damage|p1b: Great Tusk|60\/100\n|move|p1a: Flutter Mane|Dazzling Gleam|p2a: Gyarados|[spread] p2a,p2b\n|-damage|p2a: Gyarados|73\/100\n|-damage|p2b: Flutter Mane|15\/100\n|\n|upkeep\n|turn|2\n|inactive|NinjaTrain has 30 seconds left.\n|inactive|kajashi has 30 seconds left.\n|\n|t:|1682639575\n|-end|p1b: Great Tusk|Protosynthesis|[silent]\n|switch|p1b: Gothitelle|Gothitelle, L50, M|100\/100\n|move|p2b: Flutter Mane|Protect|p2b: Flutter Mane\n|-singleturn|p2b: Flutter Mane|Protect\n|move|p1a: Flutter Mane|Dazzling Gleam|p2b: Flutter Mane|[spread] p2a\n|-activate|p2b: Flutter Mane|move: Protect\n|-damage|p2a: Gyarados|45\/100\n|-enditem|p2a: Gyarados|Sitrus Berry|[eat]\n|-heal|p2a: Gyarados|70\/100|[from] item: Sitrus Berry\n|move|p2a: Gyarados|Icy Wind|p1b: Gothitelle|[spread] p1a,p1b\n|-damage|p1a: Flutter Mane|62\/100\n|-damage|p1b: Gothitelle|95\/100\n|-unboost|p1a: Flutter Mane|spe|1\n|-unboost|p1b: Gothitelle|spe|1\n|\n|upkeep\n|turn|3\n|inactive|kajashi has 30 seconds left.\n|inactive|kajashi has 20 seconds left.\n|inactive|kajashi has 15 seconds left.\n|\n|t:|1682639618\n|move|p1b: Gothitelle|Fake Out|p2a: Gyarados\n|-damage|p2a: Gyarados|63\/100\n|move|p2b: Flutter Mane|Shadow Ball|p1a: Flutter Mane\n|-supereffective|p1a: Flutter Mane\n|-enditem|p1a: Flutter Mane|Kasib Berry|[eat]\n|-enditem|p1a: Flutter Mane|Kasib Berry|[weaken]\n|-damage|p1a: Flutter Mane|15\/100\n|cant|p2a: Gyarados|flinch\n|move|p1a: Flutter Mane|Dazzling Gleam|p2a: Gyarados|[spread] p2a,p2b\n|-damage|p2a: Gyarados|33\/100\n|-damage|p2b: Flutter Mane|0 fnt\n|faint|p2b: Flutter Mane\n|-end|p2b: Flutter Mane|Protosynthesis|[silent]\n|\n|upkeep\n|\n|t:|1682639636\n|switch|p2b: Chi-Yu|Chi-Yu, L50|100\/100\n|-ability|p2b: Chi-Yu|Beads of Ruin\n|turn|4\n|\n|t:|1682639652\n|-end|p1a: Flutter Mane|Protosynthesis|[silent]\n|switch|p1a: Azumarill|Azumarill, L50, F|100\/100\n|move|p1b: Gothitelle|Protect|p1b: Gothitelle\n|-singleturn|p1b: Gothitelle|Protect\n|move|p2b: Chi-Yu|Heat Wave|p1b: Gothitelle|[spread] p1a\n|-activate|p1b: Gothitelle|move: Protect\n|-resisted|p1a: Azumarill\n|-damage|p1a: Azumarill|80\/100\n|move|p2a: Gyarados|Taunt|p1b: Gothitelle\n|-activate|p1b: Gothitelle|move: Protect\n|\n|-heal|p1a: Azumarill|86\/100|[from] item: Leftovers\n|upkeep\n|turn|5\n|l| ScV Gengar\n|inactive|NinjaTrain has 30 seconds left.\n|inactive|kajashi has 30 seconds left.\n|\n|t:|1682639681\n|move|p1a: Azumarill|Protect|p1a: Azumarill\n|-singleturn|p1a: Azumarill|Protect\n|move|p2b: Chi-Yu|Dark Pulse|p1b: Gothitelle\n|-supereffective|p1b: Gothitelle\n|-damage|p1b: Gothitelle|2\/100\n|-enditem|p1b: Gothitelle|Sitrus Berry|[eat]\n|-heal|p1b: Gothitelle|27\/100|[from] item: Sitrus Berry\n|move|p2a: Gyarados|Thunder Wave|p1a: Azumarill\n|-activate|p1a: Azumarill|move: Protect\n|move|p1b: Gothitelle|Psychic|p2a: Gyarados\n|-damage|p2a: Gyarados|0 fnt\n|faint|p2a: Gyarados\n|\n|-heal|p1a: Azumarill|92\/100|[from] item: Leftovers\n|upkeep\n|\n|t:|1682639694\n|switch|p2a: Amoonguss|Amoonguss, L50, M|100\/100\n|turn|6\n|\n|t:|1682639713\n|switch|p1b: Flutter Mane|Flutter Mane, L50|15\/100\n|-terastallize|p2a: Amoonguss|Water\n|move|p2a: Amoonguss|Rage Powder|p2a: Amoonguss\n|-singleturn|p2a: Amoonguss|move: Rage Powder\n|move|p2b: Chi-Yu|Heat Wave|p1a: Azumarill|[spread] p1a,p1b\n|-resisted|p1a: Azumarill\n|-damage|p1a: Azumarill|70\/100\n|-damage|p1b: Flutter Mane|0 fnt\n|faint|p1b: Flutter Mane\n|-end|p1b: Flutter Mane|Protosynthesis|[silent]\n|move|p1a: Azumarill|Perish Song|p1a: Azumarill\n|-start|p1a: Azumarill|perish3|[silent]\n|-start|p2a: Amoonguss|perish3|[silent]\n|-start|p2b: Chi-Yu|perish3|[silent]\n|-fieldactivate|move: Perish Song\n|\n|-heal|p1a: Azumarill|76\/100|[from] item: Leftovers\n|-start|p2b: Chi-Yu|perish3\n|-start|p1a: Azumarill|perish3\n|-start|p2a: Amoonguss|perish3\n|upkeep\n|\n|t:|1682639723\n|switch|p1b: Gothitelle|Gothitelle, L50, M|27\/100\n|turn|7\n|c|\u2606kajashi|gg\n|\n|t:|1682639741\n|move|p1b: Gothitelle|Fake Out|p2b: Chi-Yu\n|-damage|p2b: Chi-Yu|92\/100\n|cant|p2b: Chi-Yu|flinch\n|move|p1a: Azumarill|Aqua Ring|p1a: Azumarill\n|-start|p1a: Azumarill|Aqua Ring\n|move|p2a: Amoonguss|Clear Smog|p1a: Azumarill\n|-supereffective|p1a: Azumarill\n|-damage|p1a: Azumarill|39\/100\n|-clearboost|p1a: Azumarill\n|\n|-heal|p1a: Azumarill|45\/100|[from] item: Leftovers\n|-heal|p1a: Azumarill|51\/100|[from] Aqua Ring\n|-start|p2b: Chi-Yu|perish2\n|-start|p1a: Azumarill|perish2\n|-start|p2a: Amoonguss|perish2\n|upkeep\n|turn|8\n|c|\u2606NinjaTrain|gg\n|c|\u2606kajashi|do you know how to forfeit without leaving the game?\n|inactive|kajashi has 30 seconds left.\n|c|\u2606kajashi|i wanna save the replay\n|inactive|kajashi has 20 seconds left.\n|\n|t:|1682639777\n|move|p1b: Gothitelle|Protect|p1b: Gothitelle\n|-singleturn|p1b: Gothitelle|Protect\n|move|p1a: Azumarill|Protect|p1a: Azumarill\n|-singleturn|p1a: Azumarill|Protect\n|move|p2b: Chi-Yu|Heat Wave|p1a: Azumarill|[spread] \n|-activate|p1a: Azumarill|move: Protect\n|-activate|p1b: Gothitelle|move: Protect\n|move|p2a: Amoonguss|Clear Smog|p1a: Azumarill\n|-activate|p1a: Azumarill|move: Protect\n|\n|-heal|p1a: Azumarill|57\/100|[from] item: Leftovers\n|-heal|p1a: Azumarill|64\/100|[from] Aqua Ring\n|-start|p2b: Chi-Yu|perish1\n|-start|p1a: Azumarill|perish1\n|-start|p2a: Amoonguss|perish1\n|upkeep\n|turn|9\n|c|\u2606kajashi|sorry\n|c|\u2606NinjaTrain|if you click the x you can opt to not close the game\n|-message|kajashi forfeited.\n|\n|win|NinjaTrain\n|raw|NinjaTrain's rating: 1526 → 1549<\/strong> (+23 for winning)\n|raw|kajashi's rating: 1580 → 1557<\/strong> (-23 for losing)\n|c|\u2606NinjaTrain|if you're on pc\n|c|\u2606kajashi|ohhhhh thanks\n|c|\u2606NinjaTrain|np\n|l|\u2606NinjaTrain\n","uploadtime":1682639817,"views":8,"p1id":"ninjatrain","p2id":"kajashi","formatid":"gen9vgc2023regulationc","rating":1549,"private":0,"password":""}