{"id":"gen9vgc2023regulationc-1854611669","p1":"timofy89","p2":"PontiffLachlan","format":"[Gen 9] VGC 2023 Regulation C","log":"|j|\u2606timofy89\n|j|\u2606PontiffLachlan\n|t:|1682835763\n|gametype|doubles\n|player|p1|timofy89|265|1100\n|player|p2|PontiffLachlan|170|1099\n|teamsize|p1|6\n|teamsize|p2|6\n|gen|9\n|tier|[Gen 9] VGC 2023 Regulation C\n|rated|\n|rule|Species Clause: Limit one of each Pok\u00e9mon\n|rule|Item Clause: Limit one of each item\n|clearpoke\n|poke|p1|Gholdengo, L50|\n|poke|p1|Meowscarada, L50, M|\n|poke|p1|Garchomp, L50, F|\n|poke|p1|Annihilape, L50, F|\n|poke|p1|Pelipper, L50, M|\n|poke|p1|Maushold-Four, L50|\n|poke|p2|Sableye, L50, M|\n|poke|p2|Houndstone, L50, M|\n|poke|p2|Hippowdon, L50, M|\n|poke|p2|Gyarados, L50, F|\n|poke|p2|Amoonguss, L50, F|\n|poke|p2|Kingambit, L50, M|\n|teampreview|4\n|inactive|Battle timer is ON: inactive players will automatically lose when time's up. (requested by timofy89)\n|\n|t:|1682835791\n|start\n|switch|p1a: Garchomp|Garchomp, L50, F|100\/100\n|switch|p1b: Pelipper|Pelipper, L50, M|100\/100\n|switch|p2a: Amoonguss|Amoonguss, L50, F|100\/100\n|switch|p2b: Gyarados|Gyarados, L50, F|100\/100\n|-ability|p2b: Gyarados|Intimidate|boost\n|-unboost|p1a: Garchomp|atk|1\n|-unboost|p1b: Pelipper|atk|1\n|-weather|RainDance|[from] ability: Drizzle|[of] p1b: Pelipper\n|turn|1\n|\n|t:|1682835816\n|move|p1a: Garchomp|Protect|p1a: Garchomp\n|-singleturn|p1a: Garchomp|Protect\n|move|p2b: Gyarados|Thunder Wave|p1b: Pelipper\n|-status|p1b: Pelipper|par\n|move|p2a: Amoonguss|Spore|p1a: Garchomp\n|-activate|p1a: Garchomp|move: Protect\n|cant|p1b: Pelipper|par\n|\n|-weather|RainDance|[upkeep]\n|upkeep\n|turn|2\n|inactive|PontiffLachlan has 30 seconds left.\n|\n|t:|1682835842\n|switch|p1a: Maushold|Maushold-Four, L50|100\/100\n|switch|p2b: Houndstone|Houndstone, L50, M|100\/100\n|move|p2a: Amoonguss|Spore|p1a: Maushold\n|-activate|p1a: Maushold|item: Safety Goggles|Spore\n|cant|p1b: Pelipper|par\n|\n|-weather|RainDance|[upkeep]\n|upkeep\n|turn|3\n|inactive|PontiffLachlan has 30 seconds left.\n|\n|t:|1682835870\n|switch|p1a: Garchomp|Garchomp, L50, F|100\/100\n|switch|p2a: Hippowdon|Hippowdon, L50, M|100\/100\n|-weather|Sandstorm|[from] ability: Sand Stream|[of] p2a: Hippowdon\n|move|p2b: Houndstone|Play Rough|p1a: Garchomp\n|-supereffective|p1a: Garchomp\n|-damage|p1a: Garchomp|29\/100\n|-damage|p2b: Houndstone|88\/100|[from] ability: Rough Skin|[of] p1a: Garchomp\n|move|p1b: Pelipper|Hurricane|p2a: Hippowdon|[miss]\n|-miss|p1b: Pelipper|p2a: Hippowdon\n|\n|-weather|Sandstorm|[upkeep]\n|-damage|p1b: Pelipper|95\/100 par|[from] Sandstorm\n|upkeep\n|turn|4\n|inactive|timofy89 has 30 seconds left.\n|inactive|PontiffLachlan has 30 seconds left.\n|\n|t:|1682835900\n|switch|p1a: Maushold|Maushold-Four, L50|100\/100\n|switch|p2a: Amoonguss|Amoonguss, L50, F|100\/100\n|switch|p1b: Meowscarada|Meowscarada, L50, M|100\/100\n|move|p2b: Houndstone|Play Rough|p1a: Maushold\n|-damage|p1a: Maushold|33\/100\n|\n|-weather|Sandstorm|[upkeep]\n|-damage|p1b: Meowscarada|95\/100|[from] Sandstorm\n|-damage|p2a: Amoonguss|95\/100|[from] Sandstorm\n|upkeep\n|turn|5\n|\n|t:|1682835923\n|switch|p1b: Pelipper|Pelipper, L50, M|95\/100 par\n|-weather|RainDance|[from] ability: Drizzle|[of] p1b: Pelipper\n|move|p2a: Amoonguss|Rage Powder|p2a: Amoonguss\n|-singleturn|p2a: Amoonguss|move: Rage Powder\n|move|p1a: Maushold|Population Bomb|p2a: Amoonguss\n|-damage|p2a: Amoonguss|86\/100\n|-damage|p2a: Amoonguss|77\/100\n|-damage|p2a: Amoonguss|69\/100\n|-damage|p2a: Amoonguss|60\/100\n|-damage|p2a: Amoonguss|52\/100\n|-damage|p2a: Amoonguss|44\/100\n|-enditem|p2a: Amoonguss|Sitrus Berry|[eat]\n|-heal|p2a: Amoonguss|69\/100|[from] item: Sitrus Berry\n|-damage|p2a: Amoonguss|61\/100\n|-damage|p2a: Amoonguss|53\/100\n|-damage|p2a: Amoonguss|43\/100\n|-hitcount|p2a: Amoonguss|9\n|move|p2b: Houndstone|Play Rough|p1a: Maushold\n|-damage|p1a: Maushold|0 fnt\n|faint|p1a: Maushold\n|\n|-weather|RainDance|[upkeep]\n|upkeep\n|\n|t:|1682835934\n|switch|p1a: Meowscarada|Meowscarada, L50, M|95\/100\n|turn|6\n|inactive|PontiffLachlan has 30 seconds left.\n|\n|t:|1682835959\n|-terastallize|p2b: Houndstone|Rock\n|move|p1a: Meowscarada|Ally Switch|p1a: Meowscarada\n|swap|p1a: Meowscarada|1|[from] move: Ally Switch\n|move|p2b: Houndstone|Play Rough|p1b: Meowscarada|[miss]\n|-miss|p2b: Houndstone|p1b: Meowscarada\n|move|p2a: Amoonguss|Spore||[still]\n|-fail|p2a: Amoonguss\n|move|p1a: Pelipper|Hurricane|p2a: Amoonguss\n|-supereffective|p2a: Amoonguss\n|-damage|p2a: Amoonguss|0 fnt\n|faint|p2a: Amoonguss\n|\n|-weather|RainDance|[upkeep]\n|upkeep\n|\n|t:|1682835973\n|switch|p2a: Hippowdon|Hippowdon, L50, M|100\/100\n|-weather|Sandstorm|[from] ability: Sand Stream|[of] p2a: Hippowdon\n|turn|7\n|\n|t:|1682835984\n|switch|p2b: Gyarados|Gyarados, L50, F|100\/100\n|-ability|p2b: Gyarados|Intimidate|boost\n|-unboost|p1a: Pelipper|atk|1\n|-unboost|p1b: Meowscarada|atk|1\n|switch|p1a: Garchomp|Garchomp, L50, F|29\/100\n|move|p1b: Meowscarada|Flower Trick|p2b: Gyarados\n|-crit|p2b: Gyarados\n|-damage|p2b: Gyarados|49\/100\n|move|p2a: Hippowdon|Thunder Fang|p1a: Garchomp\n|-immune|p1a: Garchomp\n|\n|-weather|Sandstorm|[upkeep]\n|-damage|p1b: Meowscarada|89\/100|[from] Sandstorm\n|upkeep\n|turn|8\n|inactive|timofy89 has 30 seconds left.\n|inactive|PontiffLachlan has 30 seconds left.\n|inactive|timofy89 has 20 seconds left.\n|\n|t:|1682836022\n|move|p2b: Gyarados|Protect|p2b: Gyarados\n|-singleturn|p2b: Gyarados|Protect\n|move|p1a: Garchomp|Rock Slide|p2a: Hippowdon|[spread] p2a\n|-activate|p2b: Gyarados|move: Protect\n|-resisted|p2a: Hippowdon\n|-damage|p2a: Hippowdon|92\/100\n|-damage|p1a: Garchomp|19\/100|[from] item: Life Orb\n|cant|p2a: Hippowdon|flinch\n|move|p1b: Meowscarada|Trick Room|p1b: Meowscarada\n|-fieldstart|move: Trick Room|[of] p1b: Meowscarada\n|\n|-weather|Sandstorm|[upkeep]\n|-damage|p1b: Meowscarada|83\/100|[from] Sandstorm\n|upkeep\n|turn|9\n|\n|t:|1682836043\n|move|p1a: Garchomp|Protect|p1a: Garchomp\n|-singleturn|p1a: Garchomp|Protect\n|move|p2a: Hippowdon|Stomping Tantrum|p1a: Garchomp\n|-activate|p1a: Garchomp|move: Protect\n|move|p2b: Gyarados|Thunder Wave|p1b: Meowscarada|[miss]\n|-miss|p2b: Gyarados|p1b: Meowscarada\n|move|p1b: Meowscarada|Flower Trick|p2a: Hippowdon\n|-supereffective|p2a: Hippowdon\n|-crit|p2a: Hippowdon\n|-damage|p2a: Hippowdon|31\/100\n|\n|-weather|Sandstorm|[upkeep]\n|-damage|p1b: Meowscarada|77\/100|[from] Sandstorm\n|upkeep\n|turn|10\n|\n|t:|1682836061\n|move|p1b: Meowscarada|Ally Switch|p1b: Meowscarada\n|swap|p1b: Meowscarada|0|[from] move: Ally Switch\n|move|p2a: Hippowdon|Stomping Tantrum|p1a: Meowscarada\n|-resisted|p1a: Meowscarada\n|-damage|p1a: Meowscarada|53\/100\n|move|p2b: Gyarados|Thunder Wave|p1b: Garchomp\n|-immune|p1b: Garchomp\n|move|p1b: Garchomp|Rock Slide|p2a: Hippowdon|[spread] p2a,p2b\n|-resisted|p2a: Hippowdon\n|-supereffective|p2b: Gyarados\n|-damage|p2a: Hippowdon|23\/100\n|-damage|p2b: Gyarados|0 fnt\n|faint|p2b: Gyarados\n|-damage|p1b: Garchomp|9\/100|[from] item: Life Orb\n|\n|-weather|Sandstorm|[upkeep]\n|-damage|p1a: Meowscarada|47\/100|[from] Sandstorm\n|upkeep\n|\n|t:|1682836074\n|switch|p2b: Houndstone|Houndstone, L50, M, tera:Rock|88\/100\n|turn|11\n|\n|t:|1682836091\n|move|p2a: Hippowdon|Protect|p2a: Hippowdon\n|-singleturn|p2a: Hippowdon|Protect\n|move|p1a: Meowscarada|Sucker Punch|p2b: Houndstone\n|-damage|p2b: Houndstone|63\/100\n|move|p1b: Garchomp|Earthquake|p2a: Hippowdon|[spread] p1a,p2b\n|-activate|p2a: Hippowdon|move: Protect\n|-resisted|p1a: Meowscarada\n|-supereffective|p2b: Houndstone\n|-damage|p1a: Meowscarada|5\/100\n|-damage|p2b: Houndstone|0 fnt\n|faint|p2b: Houndstone\n|-damage|p1b: Garchomp|0 fnt|[from] item: Life Orb\n|faint|p1b: Garchomp\n|\n|-weather|none\n|upkeep\n|\n|t:|1682836104\n|switch|p1b: Pelipper|Pelipper, L50, M|95\/100 par\n|-weather|RainDance|[from] ability: Drizzle|[of] p1b: Pelipper\n|turn|12\n|\n|t:|1682836120\n|-terastallize|p1b: Pelipper|Ground\n|cant|p1b: Pelipper|par\n|move|p2a: Hippowdon|Thunder Fang|p1a: Meowscarada\n|-resisted|p1a: Meowscarada\n|-damage|p1a: Meowscarada|0 fnt\n|faint|p1a: Meowscarada\n|\n|-weather|RainDance|[upkeep]\n|-fieldend|move: Trick Room\n|upkeep\n|turn|13\n|\n|t:|1682836138\n|move|p2a: Hippowdon|Protect|p2a: Hippowdon\n|-singleturn|p2a: Hippowdon|Protect\n|move|p1b: Pelipper|Hydro Pump|p2a: Hippowdon\n|-activate|p2a: Hippowdon|move: Protect\n|\n|-weather|RainDance|[upkeep]\n|upkeep\n|turn|14\n|\n|t:|1682836152\n|move|p2a: Hippowdon|Fissure|p1b: Pelipper|[miss]\n|-miss|p2a: Hippowdon|p1b: Pelipper\n|move|p1b: Pelipper|Hydro Pump|p2a: Hippowdon|[miss]\n|-miss|p1b: Pelipper|p2a: Hippowdon\n|\n|-weather|RainDance|[upkeep]\n|upkeep\n|turn|15\n|\n|t:|1682836164\n|move|p2a: Hippowdon|Stomping Tantrum|p1b: Pelipper\n|-damage|p1b: Pelipper|41\/100 par\n|move|p1b: Pelipper|Hydro Pump|p2a: Hippowdon\n|-supereffective|p2a: Hippowdon\n|-damage|p2a: Hippowdon|0 fnt\n|faint|p2a: Hippowdon\n|\n|win|timofy89\n|raw|timofy89's rating: 1073 → 1104<\/strong> (+31 for winning)\n|raw|PontiffLachlan's rating: 1099 → 1072<\/strong> (-27 for losing)\n|c|\u2606PontiffLachlan|ggggg\n|l|\u2606timofy89\n","uploadtime":1682836182,"views":16,"p1id":"timofy89","p2id":"pontifflachlan","formatid":"gen9vgc2023regulationc","rating":1072,"private":0,"password":""}