{"id":"gen9vgc2023regulationc-1846082963","p1":"Tony2810","p2":"oBDG","format":"[Gen 9] VGC 2023 Regulation C","log":"|j|\u2606Tony2810\n|j|\u2606oBDG\n|t:|1681803394\n|gametype|doubles\n|player|p1|Tony2810|iris-gen5bw2|1154\n|player|p2|oBDG|hilbert|1134\n|teamsize|p1|6\n|teamsize|p2|6\n|gen|9\n|tier|[Gen 9] VGC 2023 Regulation C\n|rated|\n|rule|Species Clause: Limit one of each Pok\u00e9mon\n|rule|Item Clause: Limit one of each item\n|clearpoke\n|poke|p1|Chi-Yu, L50|\n|poke|p1|Flutter Mane, L50|\n|poke|p1|Talonflame, L50, F|\n|poke|p1|Dachsbun, L50, F|\n|poke|p1|Great Tusk, L50|\n|poke|p1|Baxcalibur, L50, M|\n|poke|p2|Annihilape, L50, M|\n|poke|p2|Maushold, L50|\n|poke|p2|Flutter Mane, L50|\n|poke|p2|Arcanine, L50, M|\n|poke|p2|Amoonguss, L50, M|\n|poke|p2|Palafin, L50, F|\n|teampreview|4\n|inactive|Battle timer is ON: inactive players will automatically lose when time's up. (requested by Tony2810)\n|\n|t:|1681803433\n|start\n|switch|p1a: Chi-Yu|Chi-Yu, L50|100\/100\n|switch|p1b: Dachsbun|Dachsbun, L50, F|100\/100\n|switch|p2a: Kara|Palafin, L50, F|100\/100\n|switch|p2b: Myrtle|Flutter Mane, L50|100\/100\n|-ability|p1a: Chi-Yu|Beads of Ruin\n|-enditem|p2b: Myrtle|Booster Energy\n|-activate|p2b: Myrtle|ability: Protosynthesis|[fromitem]\n|-start|p2b: Myrtle|protosynthesisspe\n|turn|1\n|inactive|oBDG has 30 seconds left.\n|inactive|oBDG has 20 seconds left.\n|inactive|oBDG has 15 seconds left.\n|inactive|oBDG has 10 seconds left.\n|\n|t:|1681803480\n|detailschange|p2a: Kara|Palafin-Hero, L50, F\n|switch|p2a: The Littles|Maushold, L50|100\/100\n|move|p2b: Myrtle|Moonblast|p1b: Dachsbun\n|-damage|p1b: Dachsbun|8\/100\n|-unboost|p1b: Dachsbun|spa|1\n|-enditem|p1b: Dachsbun|Sitrus Berry|[eat]\n|-heal|p1b: Dachsbun|33\/100|[from] item: Sitrus Berry\n|move|p1a: Chi-Yu|Lava Plume|p2a: The Littles|[spread] p2a,p2b\n|-ability|p1b: Dachsbun|Well-Baked Body|boost\n|-boost|p1b: Dachsbun|def|2\n|-damage|p2a: The Littles|49\/100\n|-damage|p2b: Myrtle|65\/100\n|move|p1b: Dachsbun|Body Press|p2a: The Littles\n|-supereffective|p2a: The Littles\n|-damage|p2a: The Littles|0 fnt\n|faint|p2a: The Littles\n|\n|upkeep\n|\n|t:|1681803500\n|switch|p2a: Kara|Palafin-Hero, L50, F|100\/100\n|-activate|p2a: Kara|ability: Zero to Hero\n|turn|2\n|\n|t:|1681803521\n|switch|p1a: Baxcalibur|Baxcalibur, L50, M|100\/100\n|move|p2a: Kara|Jet Punch|p1a: Baxcalibur\n|-resisted|p1a: Baxcalibur\n|-damage|p1a: Baxcalibur|80\/100\n|move|p1b: Dachsbun|Baby-Doll Eyes|p2a: Kara\n|-unboost|p2a: Kara|atk|1\n|move|p2b: Myrtle|Moonblast|p1b: Dachsbun\n|-damage|p1b: Dachsbun|0 fnt\n|faint|p1b: Dachsbun\n|\n|upkeep\n|\n|t:|1681803533\n|switch|p1b: Flutter Mane|Flutter Mane, L50|100\/100\n|-enditem|p1b: Flutter Mane|Booster Energy\n|-activate|p1b: Flutter Mane|ability: Protosynthesis|[fromitem]\n|-start|p1b: Flutter Mane|protosynthesisspe\n|turn|3\n|\n|t:|1681803557\n|-terastallize|p1a: Baxcalibur|Water\n|move|p1b: Flutter Mane|Shadow Ball|p2b: Myrtle\n|-supereffective|p2b: Myrtle\n|-damage|p2b: Myrtle|0 fnt\n|faint|p2b: Myrtle\n|-end|p2b: Myrtle|Protosynthesis|[silent]\n|move|p2a: Kara|Wave Crash|p1b: Flutter Mane\n|-damage|p1b: Flutter Mane|0 fnt\n|faint|p1b: Flutter Mane\n|-end|p1b: Flutter Mane|Protosynthesis|[silent]\n|-damage|p2a: Kara|80\/100|[from] Recoil\n|move|p1a: Baxcalibur|Glaive Rush|p2a: Kara\n|-damage|p2a: Kara|10\/100\n|-singlemove|p1a: Baxcalibur|Glaive Rush|[silent]\n|\n|upkeep\n|\n|t:|1681803573\n|switch|p2b: Ty|Annihilape, L50, M|100\/100\n|switch|p1b: Chi-Yu|Chi-Yu, L50|100\/100\n|-ability|p1b: Chi-Yu|Beads of Ruin\n|turn|4\n|inactive|oBDG has 30 seconds left.\n|\n|t:|1681803601\n|move|p2a: Kara|Jet Punch|p1b: Chi-Yu\n|-supereffective|p1b: Chi-Yu\n|-damage|p1b: Chi-Yu|2\/100\n|move|p1a: Baxcalibur|Ice Shard|p2a: Kara\n|-resisted|p2a: Kara\n|-crit|p2a: Kara\n|-damage|p2a: Kara|0 fnt\n|faint|p2a: Kara\n|move|p1b: Chi-Yu|Lava Plume|p2b: Ty|[spread] p1a,p2b\n|-resisted|p1a: Baxcalibur\n|-damage|p1a: Baxcalibur|68\/100\n|-damage|p2b: Ty|65\/100\n|-status|p2b: Ty|brn\n|-ability|p1a: Baxcalibur|Thermal Exchange|boost\n|-boost|p1a: Baxcalibur|atk|1\n|move|p2b: Ty|Drain Punch|p1b: Chi-Yu\n|-supereffective|p1b: Chi-Yu\n|-crit|p1b: Chi-Yu\n|-damage|p1b: Chi-Yu|0 fnt\n|-heal|p2b: Ty|66\/100 brn|[from] drain|[of] p1b: Chi-Yu\n|faint|p1b: Chi-Yu\n|\n|-damage|p2b: Ty|60\/100 brn|[from] brn\n|upkeep\n|turn|5\n|inactive|oBDG has 30 seconds left.\n|\n|t:|1681803635\n|move|p2b: Ty|Rage Fist|p1a: Baxcalibur\n|-damage|p1a: Baxcalibur|48\/100\n|move|p1a: Baxcalibur|Aqua Tail|p2b: Ty\n|-damage|p2b: Ty|0 fnt\n|faint|p2b: Ty\n|\n|win|Tony2810\n|raw|Tony2810's rating: 1154 → 1178<\/strong> (+24 for winning)\n|raw|oBDG's rating: 1134 → 1110<\/strong> (-24 for losing)\n","uploadtime":1681803642,"views":11,"p1id":"tony2810","p2id":"obdg","formatid":"gen9vgc2023regulationc","rating":1110,"private":0,"password":""}