{"id":"gen9vgc2023regulationc-1845124609","p1":"DarthIgnus","p2":"perico09ml","format":"[Gen 9] VGC 2023 Regulation C","log":"|j|\u2606DarthIgnus\n|j|\u2606perico09ml\n|t:|1681686438\n|gametype|doubles\n|player|p1|DarthIgnus|266|1230\n|player|p2|perico09ml|cyrus|1252\n|teamsize|p1|6\n|teamsize|p2|6\n|gen|9\n|tier|[Gen 9] VGC 2023 Regulation C\n|rated|\n|rule|Species Clause: Limit one of each Pok\u00e9mon\n|rule|Item Clause: Limit one of each item\n|clearpoke\n|poke|p1|Arcanine, L50, M|\n|poke|p1|Amoonguss, L50, F|\n|poke|p1|Palafin, L50, M|\n|poke|p1|Flutter Mane, L50|\n|poke|p1|Chi-Yu, L50|\n|poke|p1|Glimmora, L50, M|\n|poke|p2|Brute Bonnet, L50|\n|poke|p2|Indeedee-F, L50, F|\n|poke|p2|Roaring Moon, L50|\n|poke|p2|Flutter Mane, L50|\n|poke|p2|Armarouge, L50, F|\n|poke|p2|Torkoal, L50, F|\n|teampreview|4\n|\n|t:|1681686475\n|start\n|switch|p1a: Chi-Yu|Chi-Yu, L50|100\/100\n|switch|p1b: Glimmora|Glimmora, L50, M|100\/100\n|switch|p2a: Indeedee|Indeedee-F, L50, F|100\/100\n|switch|p2b: Armarouge|Armarouge, L50, F|100\/100\n|-ability|p1a: Chi-Yu|Beads of Ruin\n|-fieldstart|move: Psychic Terrain|[from] ability: Psychic Surge|[of] p2a: Indeedee\n|-enditem|p2a: Indeedee|Psychic Seed\n|-boost|p2a: Indeedee|spd|1|[from] item: Psychic Seed\n|turn|1\n|\n|t:|1681686498\n|move|p2a: Indeedee|Follow Me|p2a: Indeedee\n|-singleturn|p2a: Indeedee|move: Follow Me\n|move|p1a: Chi-Yu|Dark Pulse|p2a: Indeedee\n|-supereffective|p2a: Indeedee\n|-damage|p2a: Indeedee|20\/100\n|move|p1b: Glimmora|Power Gem|p2a: Indeedee\n|-damage|p2a: Indeedee|0 fnt\n|faint|p2a: Indeedee\n|move|p2b: Armarouge|Trick Room|p2b: Armarouge\n|-fieldstart|move: Trick Room|[of] p2b: Armarouge\n|\n|upkeep\n|inactive|Battle timer is ON: inactive players will automatically lose when time's up. (requested by perico09ml)\n|\n|t:|1681686505\n|switch|p2a: Brute Bonnet|Brute Bonnet, L50|100\/100\n|turn|2\n|inactive|DarthIgnus has 30 seconds left.\n|inactive|DarthIgnus has 20 seconds left.\n|inactive|DarthIgnus has 15 seconds left.\n|inactive|DarthIgnus has 10 seconds left.\n|inactive|DarthIgnus has 5 seconds left.\n|\n|t:|1681686559\n|-terastallize|p2a: Brute Bonnet|Ground\n|move|p2a: Brute Bonnet|Stomping Tantrum|p1a: Chi-Yu\n|-supereffective|p1a: Chi-Yu\n|-damage|p1a: Chi-Yu|0 fnt\n|faint|p1a: Chi-Yu\n|move|p2b: Armarouge|Expanding Force|p1b: Glimmora\n|-supereffective|p1b: Glimmora\n|-damage|p1b: Glimmora|0 fnt\n|faint|p1b: Glimmora\n|-damage|p2b: Armarouge|90\/100|[from] item: Life Orb\n|\n|upkeep\n|\n|t:|1681686568\n|switch|p1b: Amoonguss|Amoonguss, L50, F|100\/100\n|switch|p1a: Flutter Mane|Flutter Mane, L50|100\/100\n|-enditem|p1a: Flutter Mane|Booster Energy\n|-activate|p1a: Flutter Mane|ability: Protosynthesis|[fromitem]\n|-start|p1a: Flutter Mane|protosynthesisspa\n|turn|3\n|inactive|perico09ml has 30 seconds left.\n|\n|t:|1681686594\n|move|p2b: Armarouge|Protect|p2b: Armarouge\n|-singleturn|p2b: Armarouge|Protect\n|move|p1a: Flutter Mane|Protect|p1a: Flutter Mane\n|-singleturn|p1a: Flutter Mane|Protect\n|move|p1b: Amoonguss|Spore|p2b: Armarouge\n|-activate|p2b: Armarouge|move: Protect\n|move|p2a: Brute Bonnet|Stomping Tantrum|p1a: Flutter Mane\n|-activate|p1a: Flutter Mane|move: Protect\n|\n|upkeep\n|turn|4\n|\n|t:|1681686618\n|move|p1a: Flutter Mane|Protect||[still]\n|-fail|p1a: Flutter Mane\n|move|p1b: Amoonguss|Spore|p2b: Armarouge\n|-status|p2b: Armarouge|slp|[from] move: Spore\n|move|p2a: Brute Bonnet|Stomping Tantrum|p1a: Flutter Mane\n|-damage|p1a: Flutter Mane|35\/100\n|cant|p2b: Armarouge|slp\n|\n|upkeep\n|turn|5\n|inactive|DarthIgnus has 30 seconds left.\n|\n|t:|1681686643\n|switch|p2b: Torkoal|Torkoal, L50, F|100\/100\n|-weather|SunnyDay|[from] ability: Drought|[of] p2b: Torkoal\n|-activate|p2a: Brute Bonnet|ability: Protosynthesis\n|-start|p2a: Brute Bonnet|protosynthesisatk\n|-terastallize|p1a: Flutter Mane|Fairy\n|move|p1b: Amoonguss|Spore|p2a: Brute Bonnet\n|-status|p2a: Brute Bonnet|slp|[from] move: Spore\n|cant|p2a: Brute Bonnet|slp\n|move|p1a: Flutter Mane|Shadow Ball|p2b: Torkoal\n|-damage|p2b: Torkoal|36\/100\n|-unboost|p2b: Torkoal|spd|1\n|\n|-weather|SunnyDay|[upkeep]\n|-heal|p2b: Torkoal|42\/100|[from] item: Leftovers\n|-fieldend|move: Trick Room\n|-fieldend|move: Psychic Terrain\n|upkeep\n|turn|6\n|\n|t:|1681686666\n|cant|p2a: Brute Bonnet|slp\n|move|p1a: Flutter Mane|Shadow Ball|p2b: Torkoal\n|-damage|p2b: Torkoal|0 fnt\n|faint|p2b: Torkoal\n|move|p1b: Amoonguss|Pollen Puff|p1a: Flutter Mane\n|-heal|p1a: Flutter Mane|84\/100\n|\n|-weather|SunnyDay|[upkeep]\n|upkeep\n|\n|t:|1681686669\n|switch|p2b: Armarouge|Armarouge, L50, F|90\/100 slp\n|turn|7\n|\n|t:|1681686688\n|move|p1a: Flutter Mane|Shadow Ball|p2b: Armarouge\n|-supereffective|p2b: Armarouge\n|-damage|p2b: Armarouge|0 fnt\n|faint|p2b: Armarouge\n|-curestatus|p2a: Brute Bonnet|slp|[msg]\n|move|p2a: Brute Bonnet|Bullet Seed|p1a: Flutter Mane\n|-damage|p1a: Flutter Mane|57\/100\n|-damage|p1a: Flutter Mane|30\/100\n|-damage|p1a: Flutter Mane|0 fnt\n|faint|p1a: Flutter Mane\n|-end|p1a: Flutter Mane|Protosynthesis|[silent]\n|-hitcount|p1: Flutter Mane|3\n|move|p1b: Amoonguss|Pollen Puff|p1: Flutter Mane|[notarget]\n|-fail|p1b: Amoonguss\n|\n|-weather|SunnyDay|[upkeep]\n|upkeep\n|turn|8\n|\n|t:|1681686708\n|move|p2a: Brute Bonnet|Stomping Tantrum|p1b: Amoonguss\n|-damage|p1b: Amoonguss|51\/100\n|move|p1b: Amoonguss|Spore|p2a: Brute Bonnet\n|-status|p2a: Brute Bonnet|slp|[from] move: Spore\n|\n|-weather|SunnyDay|[upkeep]\n|upkeep\n|turn|9\n|\n|t:|1681686716\n|cant|p2a: Brute Bonnet|slp\n|move|p1b: Amoonguss|Pollen Puff|p2a: Brute Bonnet\n|-damage|p2a: Brute Bonnet|85\/100 slp\n|\n|-weather|none\n|-end|p2a: Brute Bonnet|Protosynthesis\n|upkeep\n|turn|10\n|\n|t:|1681686725\n|cant|p2a: Brute Bonnet|slp\n|move|p1b: Amoonguss|Pollen Puff|p2a: Brute Bonnet\n|-damage|p2a: Brute Bonnet|70\/100 slp\n|\n|upkeep\n|turn|11\n|\n|t:|1681686736\n|cant|p2a: Brute Bonnet|slp\n|move|p1b: Amoonguss|Pollen Puff|p2a: Brute Bonnet\n|-damage|p2a: Brute Bonnet|54\/100 slp\n|\n|upkeep\n|turn|12\n|\n|t:|1681686744\n|-curestatus|p2a: Brute Bonnet|slp|[msg]\n|move|p2a: Brute Bonnet|Stomping Tantrum|p1b: Amoonguss\n|-damage|p1b: Amoonguss|0 fnt\n|faint|p1b: Amoonguss\n|\n|win|perico09ml\n|raw|DarthIgnus's rating: 1230 → 1207<\/strong> (-23 for losing)\n|raw|perico09ml's rating: 1252 → 1275<\/strong> (+23 for winning)\n","uploadtime":1681686753,"views":13,"p1id":"darthignus","p2id":"perico09ml","formatid":"gen9vgc2023regulationc","rating":1207,"private":0,"password":""}