{"id":"gen9vgc2023regulationc-1855061812","p1":"AtWorkPlaying","p2":"gorilnx","format":"[Gen 9] VGC 2023 Regulation C","log":"|j|\u2606AtWorkPlaying\n|j|\u2606gorilnx\n|t:|1682896646\n|gametype|doubles\n|player|p1|AtWorkPlaying|1|1087\n|player|p2|gorilnx|dawn-gen4pt|1166\n|teamsize|p1|6\n|teamsize|p2|6\n|gen|9\n|tier|[Gen 9] VGC 2023 Regulation C\n|rated|\n|rule|Species Clause: Limit one of each Pok\u00e9mon\n|rule|Item Clause: Limit one of each item\n|clearpoke\n|poke|p1|Tyranitar, L50, F|\n|poke|p1|Lycanroc, L50, M|\n|poke|p1|Indeedee-F, L50, F|\n|poke|p1|Armarouge, L50, M|\n|poke|p1|Dondozo, L50, F|\n|poke|p1|Tatsugiri, L50, F|\n|poke|p2|Palafin, L50, M|\n|poke|p2|Amoonguss, L50, M|\n|poke|p2|Flutter Mane, L50|\n|poke|p2|Arcanine, L50, F|\n|poke|p2|Ting-Lu, L50|\n|poke|p2|Baxcalibur, L50, M|\n|teampreview|4\n|inactive|Battle timer is ON: inactive players will automatically lose when time's up. (requested by gorilnx)\nAtWorkPlaying rejected open team sheets.\n|inactive|AtWorkPlaying has 60 seconds left.\n|\n|t:|1682896683\n|start\n|switch|p1a: Tyranitar|Tyranitar, L50, F|100\/100\n|switch|p1b: Lycanroc|Lycanroc, L50, M|100\/100\n|switch|p2a: Palafin|Palafin, L50, M|100\/100\n|switch|p2b: Amoonguss|Amoonguss, L50, M|100\/100\n|-weather|Sandstorm|[from] ability: Sand Stream|[of] p1a: Tyranitar\n|turn|1\n|inactive|AtWorkPlaying has 30 seconds left.\n|inactive|AtWorkPlaying has 20 seconds left.\n|\n|t:|1682896719\n|detailschange|p2a: Palafin|Palafin-Hero, L50, M\n|switch|p2a: Ting-Lu|Ting-Lu, L50|100\/100\n|-ability|p2a: Ting-Lu|Vessel of Ruin\n|move|p1b: Lycanroc|Rock Slide|p2a: Ting-Lu|[spread] p2a,p2b\n|-resisted|p2a: Ting-Lu\n|-damage|p2a: Ting-Lu|93\/100\n|-damage|p2b: Amoonguss|80\/100\n|move|p1a: Tyranitar|Rock Slide|p2a: Ting-Lu|[spread] p2a,p2b\n|-resisted|p2a: Ting-Lu\n|-damage|p2a: Ting-Lu|85\/100\n|-damage|p2b: Amoonguss|61\/100\n|move|p2b: Amoonguss|Spore|p1b: Lycanroc\n|-status|p1b: Lycanroc|slp|[from] move: Spore\n|\n|-weather|Sandstorm|[upkeep]\n|-damage|p2b: Amoonguss|55\/100|[from] Sandstorm\n|upkeep\n|turn|2\n|inactive|AtWorkPlaying has 30 seconds left.\n|inactive|gorilnx has 30 seconds left.\n|inactive|AtWorkPlaying has 20 seconds left.\n|\n|t:|1682896760\n|switch|p1b: Armarouge|Armarouge, L50, M|100\/100\n|move|p1a: Tyranitar|Protect|p1a: Tyranitar\n|-singleturn|p1a: Tyranitar|Protect\n|move|p2a: Ting-Lu|Fissure|p1b: Armarouge\n|-damage|p1b: Armarouge|0 fnt\n|faint|p1b: Armarouge\n|-ohko\n|move|p2b: Amoonguss|Spore|p1a: Tyranitar\n|-activate|p1a: Tyranitar|move: Protect\n|\n|-weather|Sandstorm|[upkeep]\n|-damage|p2b: Amoonguss|49\/100|[from] Sandstorm\n|-enditem|p2b: Amoonguss|Sitrus Berry|[eat]\n|-heal|p2b: Amoonguss|74\/100|[from] item: Sitrus Berry\n|upkeep\n|\n|t:|1682896777\n|switch|p1b: Indeedee|Indeedee-F, L50, F|100\/100\n|-fieldstart|move: Psychic Terrain|[from] ability: Psychic Surge|[of] p1b: Indeedee\n|turn|3\n|\n|t:|1682896794\n|move|p2b: Amoonguss|Protect|p2b: Amoonguss\n|-singleturn|p2b: Amoonguss|Protect\n|move|p1b: Indeedee|Follow Me|p1b: Indeedee\n|-singleturn|p1b: Indeedee|move: Follow Me\n|move|p1a: Tyranitar|Iron Defense|p1a: Tyranitar\n|-boost|p1a: Tyranitar|def|2\n|move|p2a: Ting-Lu|Fissure|p1b: Indeedee\n|-damage|p1b: Indeedee|0 fnt\n|faint|p1b: Indeedee\n|-ohko\n|\n|-weather|Sandstorm|[upkeep]\n|-damage|p2b: Amoonguss|68\/100|[from] Sandstorm\n|upkeep\n|\n|t:|1682896806\n|switch|p1b: Lycanroc|Lycanroc, L50, M|100\/100 slp\n|turn|4\n|\n|t:|1682896825\n|cant|p1b: Lycanroc|slp\n|move|p1a: Tyranitar|Body Press|p2a: Ting-Lu\n|-supereffective|p2a: Ting-Lu\n|-crit|p2a: Ting-Lu\n|-damage|p2a: Ting-Lu|16\/100\n|move|p2a: Ting-Lu|Heavy Slam|p1b: Lycanroc\n|-supereffective|p1b: Lycanroc\n|-enditem|p1b: Lycanroc|Focus Sash\n|-damage|p1b: Lycanroc|1\/100 slp\n|move|p2b: Amoonguss|Spore|p1a: Tyranitar\n|-status|p1a: Tyranitar|slp|[from] move: Spore\n|\n|-weather|Sandstorm|[upkeep]\n|-damage|p2b: Amoonguss|62\/100|[from] Sandstorm\n|upkeep\n|turn|5\n|\n|t:|1682896842\n|cant|p1b: Lycanroc|slp\n|cant|p1a: Tyranitar|slp\n|move|p2a: Ting-Lu|Stomping Tantrum|p1b: Lycanroc\n|-supereffective|p1b: Lycanroc\n|-damage|p1b: Lycanroc|0 fnt\n|faint|p1b: Lycanroc\n|move|p2b: Amoonguss|Pollen Puff|p2a: Ting-Lu\n|-heal|p2a: Ting-Lu|66\/100\n|\n|-weather|none\n|upkeep\n|turn|6\n|\n|t:|1682896854\n|move|p2b: Amoonguss|Rage Powder|p2b: Amoonguss\n|-singleturn|p2b: Amoonguss|move: Rage Powder\n|cant|p1a: Tyranitar|slp\n|move|p2a: Ting-Lu|Fissure|p1a: Tyranitar|[miss]\n|-miss|p2a: Ting-Lu|p1a: Tyranitar\n|\n|upkeep\n|turn|7\n|\n|t:|1682896862\n|move|p2b: Amoonguss|Rage Powder|p2b: Amoonguss\n|-singleturn|p2b: Amoonguss|move: Rage Powder\n|cant|p1a: Tyranitar|slp\n|move|p2a: Ting-Lu|Stomping Tantrum|p1a: Tyranitar\n|-supereffective|p1a: Tyranitar\n|-damage|p1a: Tyranitar|44\/100 slp\n|\n|-heal|p1a: Tyranitar|50\/100 slp|[from] item: Leftovers\n|-fieldend|move: Psychic Terrain\n|upkeep\n|turn|8\n|\n|t:|1682896875\n|-curestatus|p1a: Tyranitar|slp|[msg]\n|move|p1a: Tyranitar|Body Press|p2a: Ting-Lu\n|-supereffective|p2a: Ting-Lu\n|-damage|p2a: Ting-Lu|16\/100\n|move|p2a: Ting-Lu|Stomping Tantrum|p1a: Tyranitar\n|-supereffective|p1a: Tyranitar\n|-damage|p1a: Tyranitar|23\/100\n|move|p2b: Amoonguss|Spore|p1a: Tyranitar\n|-status|p1a: Tyranitar|slp|[from] move: Spore\n|\n|-heal|p1a: Tyranitar|29\/100 slp|[from] item: Leftovers\n|upkeep\n|turn|9\n|\n|t:|1682896887\n|cant|p1a: Tyranitar|slp\n|move|p2a: Ting-Lu|Heavy Slam|p1a: Tyranitar\n|-supereffective|p1a: Tyranitar\n|-damage|p1a: Tyranitar|9\/100 slp\n|move|p2b: Amoonguss|Pollen Puff|p2a: Ting-Lu\n|-heal|p2a: Ting-Lu|65\/100\n|\n|-heal|p1a: Tyranitar|15\/100 slp|[from] item: Leftovers\n|upkeep\n|turn|10\n|\n|t:|1682896903\n|cant|p1a: Tyranitar|slp\n|move|p2a: Ting-Lu|Stomping Tantrum|p1a: Tyranitar\n|-supereffective|p1a: Tyranitar\n|-damage|p1a: Tyranitar|0 fnt\n|faint|p1a: Tyranitar\n|\n|win|gorilnx\n|raw|AtWorkPlaying's rating: 1087 → 1069<\/strong> (-18 for losing)\n|raw|gorilnx's rating: 1166 → 1185<\/strong> (+19 for winning)\n","uploadtime":1682896910,"views":13,"p1id":"atworkplaying","p2id":"gorilnx","formatid":"gen9vgc2023regulationc","rating":1069,"private":0,"password":""}