{"id":"gen9vgc2023regulationc-1848557773","p1":"That_Leek","p2":"leolc0926","format":"[Gen 9] VGC 2023 Regulation C","log":"|j|\u2606That_Leek\n|j|\u2606leolc0926\n|t:|1682089883\n|gametype|doubles\n|player|p1|That_Leek|blue-masters|1101\n|player|p2|leolc0926|steven|1154\n|teamsize|p1|6\n|teamsize|p2|6\n|gen|9\n|tier|[Gen 9] VGC 2023 Regulation C\n|rated|\n|rule|Species Clause: Limit one of each Pok\u00e9mon\n|rule|Item Clause: Limit one of each item\n|clearpoke\n|poke|p1|Gholdengo, L50|\n|poke|p1|Gyarados, L50, F|\n|poke|p1|Tyranitar, L50, F|\n|poke|p1|Maushold-Four, L50|\n|poke|p1|Annihilape, L50, F|\n|poke|p1|Volcarona, L50, F|\n|poke|p2|Kingambit, L50, F|\n|poke|p2|Arcanine, L50, F|\n|poke|p2|Flutter Mane, L50|\n|poke|p2|Palafin, L50, F|\n|poke|p2|Ting-Lu, L50|\n|poke|p2|Amoonguss, L50, F|\n|teampreview|4\nThat_Leek has agreed to open team sheets.\nleolc0926 has agreed to open team sheets.\n|\n|t:|1682089940\n|start\n|switch|p1a: Maushold|Maushold-Four, L50|100\/100\n|switch|p1b: Gholdengo|Gholdengo, L50|100\/100\n|switch|p2a: \u632f\u7ffc\u4fa0|Flutter Mane, L50|100\/100\n|switch|p2b: Palafin|Palafin, L50, F|100\/100\n|-enditem|p2a: \u632f\u7ffc\u4fa0|Booster Energy\n|-activate|p2a: \u632f\u7ffc\u4fa0|ability: Protosynthesis|[fromitem]\n|-start|p2a: \u632f\u7ffc\u4fa0|protosynthesisspa\n|turn|1\n|\n|t:|1682089988\n|-terastallize|p2b: Palafin|Water\n|move|p1a: Maushold|Follow Me|p1a: Maushold\n|-singleturn|p1a: Maushold|move: Follow Me\n|move|p2a: \u632f\u7ffc\u4fa0|Moonblast|p1a: Maushold\n|-damage|p1a: Maushold|19\/100\n|move|p2b: Palafin|Wave Crash|p1a: Maushold\n|-damage|p1a: Maushold|0 fnt\n|faint|p1a: Maushold\n|-damage|p2b: Palafin|95\/100|[from] Recoil\n|move|p1b: Gholdengo|Nasty Plot|p1b: Gholdengo\n|-boost|p1b: Gholdengo|spa|2\n|\n|upkeep\n|\n|t:|1682089998\n|switch|p1a: Volcarona|Volcarona, L50, F|100\/100\n|turn|2\n|\n|t:|1682090019\n|move|p1a: Volcarona|Rage Powder|p1a: Volcarona\n|-singleturn|p1a: Volcarona|move: Rage Powder\n|move|p2b: Palafin|Jet Punch|p1a: Volcarona\n|-supereffective|p1a: Volcarona\n|-enditem|p1a: Volcarona|Passho Berry|[eat]\n|-enditem|p1a: Volcarona|Passho Berry|[weaken]\n|-damage|p1a: Volcarona|58\/100\n|-status|p2b: Palafin|brn|[from] ability: Flame Body|[of] p1a: Volcarona\n|move|p2a: \u632f\u7ffc\u4fa0|Shadow Ball|p1a: Volcarona\n|-damage|p1a: Volcarona|0 fnt\n|faint|p1a: Volcarona\n|move|p1b: Gholdengo|Make It Rain|p2a: \u632f\u7ffc\u4fa0|[spread] p2a,p2b\n|-supereffective|p2a: \u632f\u7ffc\u4fa0\n|-resisted|p2b: Palafin\n|-damage|p2a: \u632f\u7ffc\u4fa0|0 fnt\n|-damage|p2b: Palafin|15\/100 brn\n|-unboost|p1b: Gholdengo|spa|1\n|faint|p2a: \u632f\u7ffc\u4fa0\n|-end|p2a: \u632f\u7ffc\u4fa0|Protosynthesis|[silent]\n|-damage|p1b: Gholdengo|91\/100|[from] item: Life Orb\n|\n|-damage|p2b: Palafin|10\/100 brn|[from] brn\n|upkeep\n|\n|t:|1682090029\n|switch|p2a: \u5927\u9171\u4fa0|Kingambit, L50, F|100\/100\n|switch|p1a: Gyarados|Gyarados, L50, F|100\/100\n|-ability|p1a: Gyarados|Intimidate|boost\n|-unboost|p2a: \u5927\u9171\u4fa0|atk|1\n|-ability|p2a: \u5927\u9171\u4fa0|Defiant|boost\n|-boost|p2a: \u5927\u9171\u4fa0|atk|2\n|-unboost|p2b: Palafin|atk|1\n|turn|3\n|\n|t:|1682090045\n|detailschange|p2b: Palafin|Palafin-Hero, L50, F, tera:Water\n|switch|p2b: \u76fe\u83c7\u4fa0|Amoonguss, L50, F, shiny|100\/100\n|-terastallize|p1b: Gholdengo|Water\n|move|p1b: Gholdengo|Nasty Plot|p1b: Gholdengo\n|-boost|p1b: Gholdengo|spa|2\n|move|p1a: Gyarados|Dragon Dance|p1a: Gyarados\n|-boost|p1a: Gyarados|atk|1\n|-boost|p1a: Gyarados|spe|1\n|move|p2a: \u5927\u9171\u4fa0|Swords Dance|p2a: \u5927\u9171\u4fa0\n|-boost|p2a: \u5927\u9171\u4fa0|atk|2\n|\n|upkeep\n|turn|4\n|\n|t:|1682090079\n|move|p2a: \u5927\u9171\u4fa0|Sucker Punch|p1b: Gholdengo\n|-damage|p1b: Gholdengo|0 fnt\n|faint|p1b: Gholdengo\n|move|p1a: Gyarados|Thunder Wave|p2b: \u76fe\u83c7\u4fa0\n|-status|p2b: \u76fe\u83c7\u4fa0|par\n|move|p2b: \u76fe\u83c7\u4fa0|Spore|p1a: Gyarados\n|-status|p1a: Gyarados|slp|[from] move: Spore\n|\n|upkeep\n|turn|5\n|-message|That_Leek forfeited.\n|\n|win|leolc0926\n|raw|That_Leek's rating: 1101 → 1080<\/strong> (-21 for losing)\n|raw|leolc0926's rating: 1154 → 1175<\/strong> (+21 for winning)\n|l|\u2606That_Leek\n|c|\u2606leolc0926|gg\n","uploadtime":1682090144,"views":9,"p1id":"thatleek","p2id":"leolc0926","formatid":"gen9vgc2023regulationc","rating":1080,"private":0,"password":""}