{"id":"gen9vgc2023regulationc-1857991681","p1":"fakeplayer21","p2":"Behindyaa","format":"[Gen 9] VGC 2023 Regulation C","log":"|j|\u2606fakeplayer21\n|j|\u2606Behindyaa\n|t:|1683256917\n|gametype|doubles\n|player|p1|fakeplayer21|riley|\n|player|p2|Behindyaa|266|\n|teamsize|p1|6\n|teamsize|p2|6\n|gen|9\n|tier|[Gen 9] VGC 2023 Regulation C\n|rule|Species Clause: Limit one of each Pok\u00e9mon\n|rule|Item Clause: Limit one of each item\n|clearpoke\n|poke|p1|Chien-Pao, L50|\n|poke|p1|Dragapult, L50, M|\n|poke|p1|Garganacl, L50, F|\n|poke|p1|Meowscarada, L50, F|\n|poke|p1|Mabosstiff, L50, M|\n|poke|p1|Flareon, L50, M|\n|poke|p2|Iron Hands, L50|\n|poke|p2|Tyranitar, L50, M|\n|poke|p2|Houndstone, L50, F|\n|poke|p2|Arboliva, L50, M|\n|poke|p2|Corviknight, L50, F|\n|poke|p2|Clodsire, L50, F|\n|teampreview|4\n|c|\u2606fakeplayer21|G3\nBehindyaa has agreed to open team sheets.\n|\n|t:|1683257423\n|start\n|switch|p1a: Dragapult|Dragapult, L50, M|100\/100\n|switch|p1b: Meowscarada|Meowscarada, L50, F, shiny|100\/100\n|switch|p2a: Houndstone|Houndstone, L50, F|100\/100\n|switch|p2b: Tyranitar|Tyranitar, L50, M|100\/100\n|-weather|Sandstorm|[from] ability: Sand Stream|[of] p2b: Tyranitar\n|turn|1\n|\n|t:|1683257446\n|-terastallize|p2b: Tyranitar|Dark\n|move|p2a: Houndstone|Will-O-Wisp|p1b: Meowscarada\n|-status|p1b: Meowscarada|brn\n|move|p1a: Dragapult|Shadow Ball|p2a: Houndstone\n|-supereffective|p2a: Houndstone\n|-damage|p2a: Houndstone|12\/100\n|move|p1b: Meowscarada|Flower Trick|p2b: Tyranitar\n|-crit|p2b: Tyranitar\n|-damage|p2b: Tyranitar|81\/100\n|move|p2b: Tyranitar|Crunch|p1a: Dragapult\n|-supereffective|p1a: Dragapult\n|-damage|p1a: Dragapult|0 fnt\n|faint|p1a: Dragapult\n|\n|-weather|Sandstorm|[upkeep]\n|-damage|p1b: Meowscarada|95\/100 brn|[from] Sandstorm\n|-damage|p1b: Meowscarada|89\/100 brn|[from] brn\n|upkeep\n|\n|t:|1683257467\n|switch|p1a: Chien-Pao|Chien-Pao, L50|100\/100\n|-ability|p1a: Chien-Pao|Sword of Ruin\n|turn|2\n|\n|t:|1683257481\n|move|p2a: Houndstone|Will-O-Wisp|p1a: Chien-Pao|[miss]\n|-miss|p2a: Houndstone|p1a: Chien-Pao\n|move|p1a: Chien-Pao|Ice Spinner|p2a: Houndstone\n|-damage|p2a: Houndstone|0 fnt\n|faint|p2a: Houndstone\n|move|p1b: Meowscarada|Play Rough|p2b: Tyranitar\n|-supereffective|p2b: Tyranitar\n|-damage|p2b: Tyranitar|51\/100\n|move|p2b: Tyranitar|Fire Fang|p1a: Chien-Pao\n|-supereffective|p1a: Chien-Pao\n|-damage|p1a: Chien-Pao|33\/100\n|\n|-weather|Sandstorm|[upkeep]\n|-damage|p1a: Chien-Pao|28\/100|[from] Sandstorm\n|-damage|p1b: Meowscarada|83\/100 brn|[from] Sandstorm\n|-damage|p1b: Meowscarada|77\/100 brn|[from] brn\n|upkeep\n|\n|t:|1683257497\n|switch|p2a: Iron Hands|Iron Hands, L50|100\/100\n|-enditem|p2a: Iron Hands|Booster Energy\n|-activate|p2a: Iron Hands|ability: Quark Drive|[fromitem]\n|-start|p2a: Iron Hands|quarkdriveatk\n|turn|3\n|\n|t:|1683257517\n|move|p1a: Chien-Pao|Ruination|p2a: Iron Hands\n|-damage|p2a: Iron Hands|51\/100\n|move|p1b: Meowscarada|Play Rough|p2a: Iron Hands\n|-supereffective|p2a: Iron Hands\n|-damage|p2a: Iron Hands|27\/100\n|-unboost|p2a: Iron Hands|atk|1\n|move|p2b: Tyranitar|Fire Fang|p1a: Chien-Pao|[miss]\n|-miss|p2b: Tyranitar|p1a: Chien-Pao\n|move|p2a: Iron Hands|Drain Punch|p1a: Chien-Pao\n|-supereffective|p1a: Chien-Pao\n|-damage|p1a: Chien-Pao|0 fnt\n|-heal|p2a: Iron Hands|35\/100|[from] drain|[of] p1a: Chien-Pao\n|faint|p1a: Chien-Pao\n|\n|-weather|Sandstorm|[upkeep]\n|-damage|p1b: Meowscarada|71\/100 brn|[from] Sandstorm\n|-damage|p2a: Iron Hands|28\/100|[from] Sandstorm\n|-damage|p1b: Meowscarada|65\/100 brn|[from] brn\n|upkeep\n|\n|t:|1683257542\n|switch|p1a: Flareon|Flareon, L50, M, shiny|100\/100\n|turn|4\n|\n|t:|1683257551\n|move|p1a: Flareon|Protect|p1a: Flareon\n|-singleturn|p1a: Flareon|Protect\n|move|p1b: Meowscarada|Play Rough|p2a: Iron Hands\n|-supereffective|p2a: Iron Hands\n|-damage|p2a: Iron Hands|11\/100\n|move|p2b: Tyranitar|Fire Fang|p1b: Meowscarada\n|-supereffective|p1b: Meowscarada\n|-damage|p1b: Meowscarada|0 fnt\n|faint|p1b: Meowscarada\n|move|p2a: Iron Hands|Drain Punch|p1a: Flareon\n|-activate|p1a: Flareon|move: Protect\n|\n|-weather|Sandstorm|[upkeep]\n|-damage|p1a: Flareon|95\/100|[from] Sandstorm\n|-damage|p2a: Iron Hands|5\/100|[from] Sandstorm\n|-status|p1a: Flareon|tox|[from] item: Toxic Orb\n|upkeep\n|turn|5\n|\n|t:|1683257578\n|-terastallize|p1a: Flareon|Normal\n|move|p1a: Flareon|Quick Attack|p2a: Iron Hands\n|-damage|p2a: Iron Hands|0 fnt\n|faint|p2a: Iron Hands\n|-end|p2a: Iron Hands|Quark Drive|[silent]\n|move|p2b: Tyranitar|Crunch|p1a: Flareon\n|-damage|p1a: Flareon|0 fnt\n|faint|p1a: Flareon\n|\n|win|Behindyaa\n|c|\u2606Behindyaa|gg\n","uploadtime":1683257592,"views":12,"p1id":"fakeplayer21","p2id":"behindyaa","formatid":"gen9vgc2023regulationc","rating":0,"private":0,"password":""}