{"id":"gen9vgc2023regulationc-1856537208","p1":"Nauticles","p2":"cesconzzz","format":"[Gen 9] VGC 2023 Regulation C","log":"|j|\u203dNauticles\n|j|\u2606cesconzzz\n|t:|1683073028\n|gametype|doubles\n|player|p1|Nauticles|2|1041\n|player|p2|cesconzzz|1|1034\n|teamsize|p1|6\n|teamsize|p2|6\n|gen|9\n|tier|[Gen 9] VGC 2023 Regulation C\n|rated|\n|rule|Species Clause: Limit one of each Pok\u00e9mon\n|rule|Item Clause: Limit one of each item\n|clearpoke\n|poke|p1|Armarouge, L50, F|\n|poke|p1|Indeedee-F, L50, F|\n|poke|p1|Chi-Yu, L50|\n|poke|p1|Flutter Mane, L50|\n|poke|p1|Bisharp, L50, M|\n|poke|p1|Palafin, L50, M|\n|poke|p2|Torkoal, L50, M|\n|poke|p2|Roaring Moon, L50|\n|poke|p2|Great Tusk, L50|\n|poke|p2|Talonflame, L50, F|\n|poke|p2|Chien-Pao, L50|\n|poke|p2|Bronzong, L50|\n|teampreview|4\n|inactive|Battle timer is ON: inactive players will automatically lose when time's up. (requested by Nauticles)\n|\n|t:|1683073052\n|start\n|switch|p1a: Bisharp|Bisharp, L50, M|100\/100\n|switch|p1b: Chi-Yu|Chi-Yu, L50|100\/100\n|switch|p2a: Talonflame|Talonflame, L50, F|100\/100\n|switch|p2b: Great Tusk|Great Tusk, L50|100\/100\n|-ability|p1b: Chi-Yu|Beads of Ruin\n|-item|p1b: Chi-Yu|Air Balloon\n|turn|1\n|\n|t:|1683073075\n|move|p2b: Great Tusk|Protect|p2b: Great Tusk\n|-singleturn|p2b: Great Tusk|Protect\n|move|p2a: Talonflame|Tailwind|p2a: Talonflame\n|-sidestart|p2: cesconzzz|move: Tailwind\n|move|p1b: Chi-Yu|Dark Pulse|p2a: Talonflame\n|-damage|p2a: Talonflame|30\/100\n|move|p1a: Bisharp|Metal Burst||[still]\n|-fail|p1a: Bisharp\n|\n|upkeep\n|turn|2\n|\n|t:|1683073095\n|-terastallize|p2b: Great Tusk|Ground\n|move|p2a: Talonflame|Brave Bird|p1b: Chi-Yu\n|-damage|p1b: Chi-Yu|47\/100\n|-enditem|p1b: Chi-Yu|Air Balloon\n|-damage|p2a: Talonflame|18\/100|[from] Recoil\n|move|p2b: Great Tusk|Earthquake|p1a: Bisharp|[spread] p1a,p1b\n|-immune|p2a: Talonflame\n|-supereffective|p1a: Bisharp\n|-supereffective|p1b: Chi-Yu\n|-damage|p1a: Bisharp|34\/100\n|-damage|p1b: Chi-Yu|0 fnt\n|faint|p1b: Chi-Yu\n|-damage|p2b: Great Tusk|91\/100|[from] item: Life Orb\n|move|p1a: Bisharp|Metal Burst|p2b: Great Tusk\n|-damage|p2b: Great Tusk|1\/100\n|\n|upkeep\n|\n|t:|1683073106\n|switch|p1b: Palafin|Palafin, L50, M|100\/100\n|turn|3\n|inactive|cesconzzz has 30 seconds left.\n|\n|t:|1683073134\n|move|p2b: Great Tusk|Protect|p2b: Great Tusk\n|-singleturn|p2b: Great Tusk|Protect\n|move|p1b: Palafin|Jet Punch|p2a: Talonflame\n|-supereffective|p2a: Talonflame\n|-damage|p2a: Talonflame|0 fnt\n|faint|p2a: Talonflame\n|move|p1a: Bisharp|Sucker Punch||[still]\n|-fail|p1a: Bisharp\n|\n|upkeep\n|\n|t:|1683073147\n|switch|p2a: Roaring Moon|Roaring Moon, L50|100\/100\n|-enditem|p2a: Roaring Moon|Booster Energy\n|-activate|p2a: Roaring Moon|ability: Protosynthesis|[fromitem]\n|-start|p2a: Roaring Moon|protosynthesisatk\n|turn|4\n|\n|t:|1683073159\n|-end|p2b: Great Tusk|Protosynthesis|[silent]\n|switch|p2b: Torkoal|Torkoal, L50, M|100\/100\n|-weather|SunnyDay|[from] ability: Drought|[of] p2b: Torkoal\n|detailschange|p1b: Palafin|Palafin-Hero, L50, M\n|switch|p1b: Flutter Mane|Flutter Mane, L50|100\/100\n|-activate|p1b: Flutter Mane|ability: Protosynthesis\n|-start|p1b: Flutter Mane|protosynthesisspe\n|move|p1a: Bisharp|Sucker Punch||[still]\n|-fail|p1a: Bisharp\n|move|p2a: Roaring Moon|Earthquake|p1a: Bisharp|[spread] p2b,p1a,p1b\n|-supereffective|p2b: Torkoal\n|-supereffective|p1a: Bisharp\n|-damage|p2b: Torkoal|45\/100\n|-damage|p1a: Bisharp|0 fnt\n|-damage|p1b: Flutter Mane|10\/100\n|faint|p1a: Bisharp\n|\n|-weather|SunnyDay|[upkeep]\n|-sideend|p2: cesconzzz|move: Tailwind\n|upkeep\n|\n|t:|1683073163\n|switch|p1a: Palafin|Palafin-Hero, L50, M|100\/100\n|-activate|p1a: Palafin|ability: Zero to Hero\n|turn|5\n|inactive|cesconzzz has 30 seconds left.\n|\n|t:|1683073190\n|-terastallize|p1b: Flutter Mane|Fairy\n|move|p2b: Torkoal|Helping Hand|p2a: Roaring Moon\n|-singleturn|p2a: Roaring Moon|Helping Hand|[of] p2b: Torkoal\n|move|p1b: Flutter Mane|Dazzling Gleam|p2b: Torkoal|[spread] p2a,p2b\n|-supereffective|p2a: Roaring Moon\n|-resisted|p2b: Torkoal\n|-damage|p2a: Roaring Moon|0 fnt\n|-damage|p2b: Torkoal|24\/100\n|faint|p2a: Roaring Moon\n|-end|p2a: Roaring Moon|Protosynthesis|[silent]\n|move|p1a: Palafin|Wave Crash|p2b: Torkoal\n|-supereffective|p2b: Torkoal\n|-damage|p2b: Torkoal|0 fnt\n|faint|p2b: Torkoal\n|-damage|p1a: Palafin|92\/100|[from] Recoil\n|\n|-weather|SunnyDay|[upkeep]\n|upkeep\n|\n|t:|1683073211\n|switch|p2b: Great Tusk|Great Tusk, L50, tera:Ground|1\/100\n|-activate|p2b: Great Tusk|ability: Protosynthesis\n|-start|p2b: Great Tusk|protosynthesisatk\n|turn|6\n|\n|t:|1683073225\n|move|p1b: Flutter Mane|Dazzling Gleam|p2b: Great Tusk\n|-damage|p2b: Great Tusk|0 fnt\n|faint|p2b: Great Tusk\n|-end|p2b: Great Tusk|Protosynthesis|[silent]\n|\n|win|Nauticles\n|raw|Nauticles's rating: 1041 → 1074<\/strong> (+33 for winning)\n|raw|cesconzzz's rating: 1034 → 1019<\/strong> (-15 for losing)\n","uploadtime":1683073231,"views":12,"p1id":"nauticles","p2id":"cesconzzz","formatid":"gen9vgc2023regulationc","rating":1019,"private":0,"password":""}