{"id":"gen9vgc2023regulationc-1857270085","p1":"HocusPocusAlakazam","p2":"GB Seraphix","format":"[Gen 9] VGC 2023 Regulation C","log":"|j|\u2606HocusPocusAlakazam\n|j|\u2606GB Seraphix\n|t:|1683165903\n|gametype|doubles\n|player|p1|HocusPocusAlakazam|colress|1266\n|player|p2|GB Seraphix|rosa|1226\n|teamsize|p1|6\n|teamsize|p2|6\n|gen|9\n|tier|[Gen 9] VGC 2023 Regulation C\n|rated|\n|rule|Species Clause: Limit one of each Pok\u00e9mon\n|rule|Item Clause: Limit one of each item\n|clearpoke\n|poke|p1|Iron Hands, L50|\n|poke|p1|Bronzong, L50|\n|poke|p1|Ting-Lu, L50|\n|poke|p1|Abomasnow, L50, F|\n|poke|p1|Iron Bundle, L50|\n|poke|p1|Chi-Yu, L50|\n|poke|p2|Lurantis, L50, F|\n|poke|p2|Hatterene, L50, F|\n|poke|p2|Torkoal, L50, M|\n|poke|p2|Indeedee-F, L50, F|\n|poke|p2|Oranguru, L50, M|\n|poke|p2|Hariyama, L50, M|\n|teampreview|4\nHocusPocusAlakazam has agreed to open team sheets.\n|inactive|Battle timer is ON: inactive players will automatically lose when time's up. (requested by HocusPocusAlakazam)\n|inactive|HocusPocusAlakazam has 60 seconds left.\n|\n|t:|1683165999\n|start\n|switch|p1a: Bronzong|Bronzong, L50|100\/100\n|switch|p1b: Ting-Lu|Ting-Lu, L50|100\/100\n|switch|p2a: Pawikan|Torkoal, L50, M|100\/100\n|switch|p2b: Monke|Oranguru, L50, M|100\/100\n|-ability|p1b: Ting-Lu|Vessel of Ruin\n|-weather|SunnyDay|[from] ability: Drought|[of] p2a: Pawikan\n|turn|1\n|inactive|GB Seraphix has 30 seconds left.\n|\n|t:|1683166030\n|switch|p1a: Abomasnow|Abomasnow, L50, F|100\/100\n|-weather|Snow|[from] ability: Snow Warning|[of] p1a: Abomasnow\n|move|p2a: Pawikan|Protect|p2a: Pawikan\n|-singleturn|p2a: Pawikan|Protect\n|move|p2b: Monke|Foul Play|p1a: Abomasnow\n|-damage|p1a: Abomasnow|86\/100\n|move|p1b: Ting-Lu|Throat Chop|p2b: Monke\n|-supereffective|p2b: Monke\n|-damage|p2b: Monke|0 fnt\n|faint|p2b: Monke\n|\n|-weather|Snow|[upkeep]\n|upkeep\n|\n|t:|1683166043\n|switch|p2b: Preggy|Indeedee-F, L50, F|100\/100\n|-fieldstart|move: Psychic Terrain|[from] ability: Psychic Surge|[of] p2b: Preggy\n|-enditem|p2b: Preggy|Psychic Seed\n|-boost|p2b: Preggy|spd|1|[from] item: Psychic Seed\n|turn|2\n|inactive|HocusPocusAlakazam has 30 seconds left.\n|\n|t:|1683166072\n|switch|p2a: Ganryu|Hariyama, L50, M|100\/100\n|-terastallize|p1a: Abomasnow|Water\n|move|p1a: Abomasnow|Aurora Veil|p1a: Abomasnow\n|-sidestart|p1: HocusPocusAlakazam|move: Aurora Veil\n|move|p1b: Ting-Lu|Throat Chop|p2b: Preggy\n|-supereffective|p2b: Preggy\n|-damage|p2b: Preggy|0 fnt\n|faint|p2b: Preggy\n|\n|-weather|Snow|[upkeep]\n|-status|p2a: Ganryu|brn|[from] item: Flame Orb\n|upkeep\n|\n|t:|1683166083\n|switch|p2b: Pawikan|Torkoal, L50, M|100\/100\n|-weather|SunnyDay|[from] ability: Drought|[of] p2b: Pawikan\n|turn|3\n|inactive|HocusPocusAlakazam has 30 seconds left.\n|\n|t:|1683166115\n|switch|p1a: Bronzong|Bronzong, L50|100\/100\n|move|p2b: Pawikan|Protect|p2b: Pawikan\n|-singleturn|p2b: Pawikan|Protect\n|move|p2a: Ganryu|Close Combat|p1b: Ting-Lu\n|-supereffective|p1b: Ting-Lu\n|-damage|p1b: Ting-Lu|15\/100\n|-unboost|p2a: Ganryu|def|1\n|-unboost|p2a: Ganryu|spd|1\n|move|p1b: Ting-Lu|Throat Chop|p2b: Pawikan\n|-activate|p2b: Pawikan|move: Protect\n|\n|-weather|SunnyDay|[upkeep]\n|-damage|p2a: Ganryu|95\/100 brn|[from] brn\n|upkeep\n|turn|4\n|\n|t:|1683166139\n|switch|p1b: Abomasnow|Abomasnow, L50, F, tera:Water|86\/100\n|-weather|Snow|[from] ability: Snow Warning|[of] p1b: Abomasnow\n|-terastallize|p2a: Ganryu|Steel\n|move|p2a: Ganryu|Knock Off|p1b: Abomasnow\n|-damage|p1b: Abomasnow|48\/100\n|-enditem|p1b: Abomasnow|Light Clay|[from] move: Knock Off|[of] p2a: Ganryu\n|move|p1a: Bronzong|Iron Defense|p1a: Bronzong\n|-boost|p1a: Bronzong|def|2\n|move|p2b: Pawikan|Heat Wave|p1b: Abomasnow|[spread] p1a,p1b\n|-supereffective|p1a: Bronzong\n|-resisted|p1b: Abomasnow\n|-damage|p1a: Bronzong|70\/100\n|-damage|p1b: Abomasnow|40\/100\n|\n|-weather|Snow|[upkeep]\n|-heal|p1a: Bronzong|76\/100|[from] item: Leftovers\n|-damage|p2a: Ganryu|89\/100 brn|[from] brn\n|upkeep\n|turn|5\n|inactive|GB Seraphix has 30 seconds left.\n|\n|t:|1683166165\n|move|p1b: Abomasnow|Blizzard|p2a: Ganryu|[spread] p2a,p2b\n|-resisted|p2a: Ganryu\n|-resisted|p2b: Pawikan\n|-damage|p2a: Ganryu|65\/100 brn\n|-damage|p2b: Pawikan|75\/100\n|move|p2a: Ganryu|Knock Off|p1a: Bronzong\n|-supereffective|p1a: Bronzong\n|-damage|p1a: Bronzong|49\/100\n|-enditem|p1a: Bronzong|Leftovers|[from] move: Knock Off|[of] p2a: Ganryu\n|move|p1a: Bronzong|Body Press|p2a: Ganryu\n|-supereffective|p2a: Ganryu\n|-damage|p2a: Ganryu|0 fnt\n|faint|p2a: Ganryu\n|move|p2b: Pawikan|Heat Wave|p1b: Abomasnow|[spread] p1a,p1b\n|-supereffective|p1a: Bronzong\n|-resisted|p1b: Abomasnow\n|-damage|p1a: Bronzong|16\/100\n|-damage|p1b: Abomasnow|30\/100\n|\n|-weather|Snow|[upkeep]\n|upkeep\n|turn|6\n|\n|t:|1683166182\n|move|p1b: Abomasnow|Energy Ball|p2b: Pawikan\n|-resisted|p2b: Pawikan\n|-damage|p2b: Pawikan|50\/100\n|move|p1a: Bronzong|Body Press|p2b: Pawikan\n|-damage|p2b: Pawikan|4\/100\n|move|p2b: Pawikan|Heat Wave|p1a: Bronzong|[spread] p1a,p1b\n|-supereffective|p1a: Bronzong\n|-resisted|p1b: Abomasnow\n|-damage|p1a: Bronzong|0 fnt\n|-damage|p1b: Abomasnow|22\/100\n|faint|p1a: Bronzong\n|\n|-weather|Snow|[upkeep]\n|-fieldend|move: Psychic Terrain\n|upkeep\n|\n|t:|1683166189\n|switch|p1a: Ting-Lu|Ting-Lu, L50|15\/100\n|-ability|p1a: Ting-Lu|Vessel of Ruin\n|turn|7\n|\n|t:|1683166196\n|move|p1b: Abomasnow|Aurora Veil||[still]\n|-fail|p1b: Abomasnow\n|move|p1a: Ting-Lu|Earthquake|p2b: Pawikan|[spread] p1b,p2b\n|-supereffective|p2b: Pawikan\n|-damage|p1b: Abomasnow|0 fnt\n|-damage|p2b: Pawikan|0 fnt\n|faint|p1b: Abomasnow\n|faint|p2b: Pawikan\n|\n|win|HocusPocusAlakazam\n|raw|HocusPocusAlakazam's rating: 1266 → 1288<\/strong> (+22 for winning)\n|raw|GB Seraphix's rating: 1226 → 1204<\/strong> (-22 for losing)\n","uploadtime":1683166207,"views":5,"p1id":"hocuspocusalakazam","p2id":"gbseraphix","formatid":"gen9vgc2023regulationc","rating":1204,"private":0,"password":""}