{"id":"gen9vgc2023regulationc-1863437697","p1":"R2VGC","p2":"Cleiton_gamer","format":"[Gen 9] VGC 2023 Regulation C","log":"|j|\u2606R2VGC\n|j|\u2606Cleiton_gamer\n|t:|1684017098\n|gametype|doubles\n|player|p1|R2VGC|102|1331\n|player|p2|Cleiton_gamer|266|1313\n|teamsize|p1|6\n|teamsize|p2|6\n|gen|9\n|tier|[Gen 9] VGC 2023 Regulation C\n|rated|\n|rule|Species Clause: Limit one of each Pok\u00e9mon\n|rule|Item Clause: Limit one of each item\n|clearpoke\n|poke|p1|Amoonguss, L50, F|\n|poke|p1|Arcanine, L50, M|\n|poke|p1|Flutter Mane, L50|\n|poke|p1|Kingambit, L50, M|\n|poke|p1|Palafin, L50, M|\n|poke|p1|Baxcalibur, L50, F|\n|poke|p2|Amoonguss, L50, M|\n|poke|p2|Palafin, L50, F|\n|poke|p2|Orthworm, L50, F|\n|poke|p2|Tatsugiri, L50, M|\n|poke|p2|Arcanine, L50, F|\n|poke|p2|Ting-Lu, L50|\n|teampreview|4\nR2VGC has agreed to open team sheets.\n|inactive|Battle timer is ON: inactive players will automatically lose when time's up. (requested by Cleiton_gamer)\nCleiton_gamer has agreed to open team sheets.\n|\n|t:|1684017140\n|start\n|switch|p1a: Flutter Mane|Flutter Mane, L50|100\/100\n|switch|p1b: Kingambit|Kingambit, L50, M|100\/100\n|switch|p2a: Palafin|Palafin, L50, F|100\/100\n|switch|p2b: Amoonguss|Amoonguss, L50, M|100\/100\n|-enditem|p1a: Flutter Mane|Booster Energy\n|-activate|p1a: Flutter Mane|ability: Protosynthesis|[fromitem]\n|-start|p1a: Flutter Mane|protosynthesisspe\n|turn|1\n|\n|t:|1684017160\n|detailschange|p2a: Palafin|Palafin-Hero, L50, F\n|switch|p2a: Arcanine|Arcanine, L50, F|100\/100\n|-ability|p2a: Arcanine|Intimidate|boost\n|-unboost|p1a: Flutter Mane|atk|1\n|-unboost|p1b: Kingambit|atk|1\n|-ability|p1b: Kingambit|Defiant|boost\n|-boost|p1b: Kingambit|atk|2\n|-terastallize|p1b: Kingambit|Dark\n|move|p1a: Flutter Mane|Shadow Ball|p2b: Amoonguss\n|-damage|p2b: Amoonguss|62\/100\n|move|p1b: Kingambit|Assurance|p2b: Amoonguss\n|-damage|p2b: Amoonguss|0 fnt\n|faint|p2b: Amoonguss\n|\n|upkeep\n|\n|t:|1684017173\n|switch|p2b: Palafin|Palafin-Hero, L50, F|100\/100\n|-activate|p2b: Palafin|ability: Zero to Hero\n|turn|2\n|\n|t:|1684017196\n|move|p1a: Flutter Mane|Shadow Ball|p2a: Arcanine\n|-damage|p2a: Arcanine|62\/100\n|move|p2b: Palafin|Substitute|p2b: Palafin\n|-start|p2b: Palafin|Substitute\n|-damage|p2b: Palafin|76\/100\n|move|p2a: Arcanine|Will-O-Wisp|p1b: Kingambit\n|-status|p1b: Kingambit|brn\n|move|p1b: Kingambit|Assurance|p2a: Arcanine\n|-damage|p2a: Arcanine|0 fnt\n|faint|p2a: Arcanine\n|\n|-heal|p2b: Palafin|82\/100|[from] item: Leftovers\n|-damage|p1b: Kingambit|94\/100 brn|[from] brn\n|upkeep\n|\n|t:|1684017202\n|switch|p2a: Tatsugiri|Tatsugiri, L50, M|100\/100\n|turn|3\n|\n|t:|1684017222\n|move|p1b: Kingambit|Sucker Punch||[still]\n|-fail|p1b: Kingambit\n|move|p1a: Flutter Mane|Icy Wind|p2a: Tatsugiri|[spread] p2a,p2b\n|-resisted|p2b: Palafin\n|-activate|p2b: Palafin|move: Substitute|[damage]\n|-damage|p2a: Tatsugiri|81\/100\n|-unboost|p2a: Tatsugiri|spe|1\n|move|p2b: Palafin|Bulk Up|p2b: Palafin\n|-boost|p2b: Palafin|atk|1\n|-boost|p2b: Palafin|def|1\n|move|p2a: Tatsugiri|Icy Wind|p1a: Flutter Mane|[spread] p1a,p1b\n|-damage|p1a: Flutter Mane|87\/100\n|-damage|p1b: Kingambit|80\/100 brn\n|-unboost|p1a: Flutter Mane|spe|1\n|-unboost|p1b: Kingambit|spe|1\n|-ability|p1b: Kingambit|Defiant|boost\n|-boost|p1b: Kingambit|atk|2\n|\n|-heal|p2b: Palafin|87\/100|[from] item: Leftovers\n|-damage|p1b: Kingambit|74\/100 brn|[from] brn\n|upkeep\n|turn|4\n|inactive|R2VGC has 30 seconds left.\n|\n|t:|1684017254\n|move|p1b: Kingambit|Sucker Punch||[still]\n|-fail|p1b: Kingambit\n|move|p1a: Flutter Mane|Icy Wind|p2a: Tatsugiri|[spread] p2a,p2b\n|-resisted|p2b: Palafin\n|-activate|p2b: Palafin|move: Substitute|[damage]\n|-damage|p2a: Tatsugiri|62\/100\n|-unboost|p2a: Tatsugiri|spe|1\n|move|p2b: Palafin|Bulk Up|p2b: Palafin\n|-boost|p2b: Palafin|atk|1\n|-boost|p2b: Palafin|def|1\n|move|p2a: Tatsugiri|Icy Wind|p1b: Kingambit|[spread] p1a,p1b\n|-damage|p1a: Flutter Mane|71\/100\n|-damage|p1b: Kingambit|60\/100 brn\n|-unboost|p1a: Flutter Mane|spe|1\n|-unboost|p1b: Kingambit|spe|1\n|-ability|p1b: Kingambit|Defiant|boost\n|-boost|p1b: Kingambit|atk|2\n|\n|-heal|p2b: Palafin|93\/100|[from] item: Leftovers\n|-damage|p1b: Kingambit|54\/100 brn|[from] brn\n|upkeep\n|turn|5\n|\n|t:|1684017278\n|-terastallize|p2b: Palafin|Water\n|move|p2b: Palafin|Jet Punch|p1a: Flutter Mane\n|-damage|p1a: Flutter Mane|0 fnt\n|faint|p1a: Flutter Mane\n|-end|p1a: Flutter Mane|Protosynthesis|[silent]\n|move|p2a: Tatsugiri|Icy Wind|p1b: Kingambit\n|-damage|p1b: Kingambit|33\/100 brn\n|-unboost|p1b: Kingambit|spe|1\n|-ability|p1b: Kingambit|Defiant|boost\n|-boost|p1b: Kingambit|atk|1\n|move|p1b: Kingambit|Assurance|p2b: Palafin\n|-end|p2b: Palafin|Substitute\n|\n|-heal|p2b: Palafin|99\/100|[from] item: Leftovers\n|-damage|p1b: Kingambit|27\/100 brn|[from] brn\n|upkeep\n|\n|t:|1684017298\n|switch|p1a: Arcanine|Arcanine, L50, M|100\/100\n|-ability|p1a: Arcanine|Intimidate|boost\n|-unboost|p2a: Tatsugiri|atk|1\n|-unboost|p2b: Palafin|atk|1\n|turn|6\n|\n|t:|1684017320\n|move|p1a: Arcanine|Protect|p1a: Arcanine\n|-singleturn|p1a: Arcanine|Protect\n|move|p1b: Kingambit|Sucker Punch|p2a: Tatsugiri\n|-damage|p2a: Tatsugiri|0 fnt\n|faint|p2a: Tatsugiri\n|move|p2b: Palafin|Substitute|p2b: Palafin\n|-start|p2b: Palafin|Substitute\n|-damage|p2b: Palafin|74\/100\n|\n|-heal|p2b: Palafin|80\/100|[from] item: Leftovers\n|-damage|p1b: Kingambit|21\/100 brn|[from] brn\n|upkeep\n|turn|7\n|\n|t:|1684017338\n|move|p2b: Palafin|Jet Punch|p1b: Kingambit\n|-damage|p1b: Kingambit|0 fnt\n|faint|p1b: Kingambit\n|move|p1a: Arcanine|Howl|p1a: Arcanine\n|-boost|p1a: Arcanine|atk|1\n|\n|-heal|p2b: Palafin|86\/100|[from] item: Leftovers\n|upkeep\n|\n|t:|1684017345\n|switch|p1b: Baxcalibur|Baxcalibur, L50, F|100\/100\n|turn|8\n|\n|t:|1684017355\n|move|p2b: Palafin|Wave Crash|p1b: Baxcalibur\n|-resisted|p1b: Baxcalibur\n|-damage|p1b: Baxcalibur|31\/100\n|-damage|p2b: Palafin|58\/100|[from] Recoil\n|move|p1a: Arcanine|Howl|p1a: Arcanine|[spread] p1a,p1b\n|-boost|p1a: Arcanine|atk|1\n|-boost|p1b: Baxcalibur|atk|1\n|move|p1b: Baxcalibur|Breaking Swipe|p2b: Palafin\n|-end|p2b: Palafin|Substitute\n|\n|-heal|p2b: Palafin|63\/100|[from] item: Leftovers\n|upkeep\n|turn|9\n|inactive|R2VGC has 30 seconds left.\n|\n|t:|1684017388\n|move|p1a: Arcanine|Extreme Speed|p2b: Palafin\n|-damage|p2b: Palafin|36\/100\n|move|p2b: Palafin|Jet Punch|p1a: Arcanine\n|-supereffective|p1a: Arcanine\n|-damage|p1a: Arcanine|0 fnt\n|faint|p1a: Arcanine\n|move|p1b: Baxcalibur|Glaive Rush|p2b: Palafin\n|-damage|p2b: Palafin|0 fnt\n|-singlemove|p1b: Baxcalibur|Glaive Rush|[silent]\n|faint|p2b: Palafin\n|\n|win|R2VGC\n|raw|R2VGC's rating: 1331 → 1350<\/strong> (+19 for winning)\n|raw|Cleiton_gamer's rating: 1313 → 1294<\/strong> (-19 for losing)\n","uploadtime":1684017401,"views":5,"p1id":"r2vgc","p2id":"cleitongamer","formatid":"gen9vgc2023regulationc","rating":1294,"private":0,"password":""}