{"id":"gen9vgc2023regulationc-1862115231","p1":"kuki9","p2":"revocolombia","format":"[Gen 9] VGC 2023 Regulation C","log":"|j|\u2606kuki9\n|j|\u2606revocolombia\n|t:|1683838511\n|gametype|doubles\n|player|p1|kuki9|volkner|1290\n|player|p2|revocolombia|pokemonranger-gen4|1305\n|teamsize|p1|6\n|teamsize|p2|6\n|gen|9\n|tier|[Gen 9] VGC 2023 Regulation C\n|rated|\n|rule|Species Clause: Limit one of each Pok\u00e9mon\n|rule|Item Clause: Limit one of each item\n|clearpoke\n|poke|p1|Talonflame, L50, F|\n|poke|p1|Great Tusk, L50|\n|poke|p1|Rotom-Wash, L50|\n|poke|p1|Orthworm, L50, F|\n|poke|p1|Arcanine, L50, M|\n|poke|p1|Oranguru, L50, F|\n|poke|p2|Flutter Mane, L50|\n|poke|p2|Great Tusk, L50|\n|poke|p2|Dragonite, L50, M|\n|poke|p2|Chien-Pao, L50|\n|poke|p2|Murkrow, L50, F|\n|poke|p2|Sandy Shocks, L50|\n|teampreview|4\n|inactive|Battle timer is ON: inactive players will automatically lose when time's up. (requested by kuki9)\n|\n|t:|1683838542\n|start\n|switch|p1a: Talonflame|Talonflame, L50, F|100\/100\n|switch|p1b: Arcanine|Arcanine, L50, M|100\/100\n|switch|p2a: Murkrow|Murkrow, L50, F|100\/100\n|switch|p2b: Great Tusk|Great Tusk, L50|100\/100\n|-ability|p1b: Arcanine|Intimidate|boost\n|-unboost|p2a: Murkrow|atk|1\n|-fail|p2b: Great Tusk|unboost|[from] item: Clear Amulet|[of] p2b: Great Tusk\n|turn|1\n|\n|t:|1683838563\n|-terastallize|p2b: Great Tusk|Fire\n|move|p1a: Talonflame|Tailwind|p1a: Talonflame\n|-sidestart|p1: kuki9|move: Tailwind\n|move|p2a: Murkrow|Sunny Day|p2a: Murkrow\n|-weather|SunnyDay\n|-activate|p2b: Great Tusk|ability: Protosynthesis\n|-start|p2b: Great Tusk|protosynthesisatk\n|move|p1b: Arcanine|Will-O-Wisp|p2b: Great Tusk\n|-immune|p2b: Great Tusk\n|move|p2b: Great Tusk|Rock Slide|p1b: Arcanine|[spread] p1a,p1b\n|-supereffective|p1a: Talonflame\n|-supereffective|p1b: Arcanine\n|-damage|p1a: Talonflame|0 fnt\n|-damage|p1b: Arcanine|47\/100\n|faint|p1a: Talonflame\n|\n|-weather|SunnyDay|[upkeep]\n|upkeep\n|\n|t:|1683838568\n|switch|p1a: Orthworm|Orthworm, L50, F|100\/100\n|turn|2\n|inactive|revocolombia has 30 seconds left.\n|\n|t:|1683838596\n|-terastallize|p1a: Orthworm|Fire\n|move|p1b: Arcanine|Protect|p1b: Arcanine\n|-singleturn|p1b: Arcanine|Protect\n|move|p2a: Murkrow|Taunt|p1a: Orthworm\n|-start|p1a: Orthworm|move: Taunt\n|cant|p1a: Orthworm|move: Taunt|Iron Defense\n|move|p2b: Great Tusk|Brick Break|p1a: Orthworm\n|-damage|p1a: Orthworm|61\/100\n|\n|-weather|SunnyDay|[upkeep]\n|-heal|p1a: Orthworm|68\/100|[from] item: Leftovers\n|upkeep\n|turn|3\n|\n|t:|1683838612\n|move|p2a: Murkrow|Tailwind|p2a: Murkrow\n|-sidestart|p2: revocolombia|move: Tailwind\n|move|p1b: Arcanine|Flare Blitz|p2a: Murkrow\n|-damage|p2a: Murkrow|11\/100\n|-damage|p1b: Arcanine|21\/100|[from] Recoil\n|-enditem|p1b: Arcanine|Aguav Berry|[eat]\n|-heal|p1b: Arcanine|54\/100|[from] item: Aguav Berry\n|move|p2b: Great Tusk|Rock Slide|p1b: Arcanine|[spread] p1a,p1b\n|-supereffective|p1a: Orthworm\n|-supereffective|p1b: Arcanine\n|-damage|p1a: Orthworm|29\/100\n|-damage|p1b: Arcanine|0 fnt\n|faint|p1b: Arcanine\n|move|p1a: Orthworm|Body Press|p2b: Great Tusk\n|-damage|p2b: Great Tusk|80\/100\n|\n|-weather|SunnyDay|[upkeep]\n|-heal|p1a: Orthworm|35\/100|[from] item: Leftovers\n|upkeep\n|\n|t:|1683838628\n|switch|p1b: Rotom|Rotom-Wash, L50|100\/100\n|turn|4\n|\n|t:|1683838639\n|switch|p2a: Dragonite|Dragonite, L50, M|100\/100\n|move|p1b: Rotom|Discharge|p2a: Dragonite|[spread] p1a,p2a,p2b\n|-damage|p1a: Orthworm|0 fnt\n|-damage|p2a: Dragonite|80\/100\n|-damage|p2b: Great Tusk|16\/100\n|faint|p1a: Orthworm\n|move|p2b: Great Tusk|Rock Slide|p1b: Rotom\n|-damage|p1b: Rotom|52\/100\n|\n|-weather|SunnyDay|[upkeep]\n|-sideend|p1: kuki9|move: Tailwind\n|upkeep\n|turn|5\n|\n|t:|1683838658\n|move|p2a: Dragonite|Extreme Speed|p1b: Rotom\n|-damage|p1b: Rotom|0 fnt\n|faint|p1b: Rotom\n|\n|win|revocolombia\n|raw|kuki9's rating: 1290 → 1266<\/strong> (-24 for losing)\n|raw|revocolombia's rating: 1305 → 1324<\/strong> (+19 for winning)\n|l|\u2606kuki9\n","uploadtime":1683838707,"views":14,"p1id":"kuki9","p2id":"revocolombia","formatid":"gen9vgc2023regulationc","rating":1266,"private":0,"password":""}