{"id":"gen9vgc2023regulationc-1850415113","p1":"CbuttyVGC","p2":"Tilzy","format":"[Gen 9] VGC 2023 Regulation C","log":"|j|\u2606CbuttyVGC\n|j|\u2606Tilzy\n|t:|1682333468\n|gametype|doubles\n|player|p1|CbuttyVGC|acetrainer-gen4dp|1351\n|player|p2|Tilzy|morty|1417\n|teamsize|p1|6\n|teamsize|p2|6\n|gen|9\n|tier|[Gen 9] VGC 2023 Regulation C\n|rated|\n|rule|Species Clause: Limit one of each Pok\u00e9mon\n|rule|Item Clause: Limit one of each item\n|clearpoke\n|poke|p1|Flutter Mane, L50|\n|poke|p1|Chi-Yu, L50|\n|poke|p1|Murkrow, L50, F|\n|poke|p1|Farigiraf, L50, M|\n|poke|p1|Brute Bonnet, L50|\n|poke|p1|Torkoal, L50, M|\n|poke|p2|Dondozo, L50, M|\n|poke|p2|Tatsugiri, L50, F|\n|poke|p2|Pelipper, L50, M|\n|poke|p2|Drednaw, L50, M|\n|poke|p2|Chien-Pao, L50|\n|poke|p2|Dragonite, L50, F|\n|teampreview|4\n|inactive|Battle timer is ON: inactive players will automatically lose when time's up. (requested by CbuttyVGC)\nTilzy has agreed to open team sheets.\n|inactive|Tilzy has 60 seconds left.\n|inactive|Tilzy has 30 seconds left.\n|\n|t:|1682333531\n|start\n|switch|p1a: Farigiraf|Farigiraf, L50, M|100\/100\n|switch|p1b: Murkrow|Murkrow, L50, F|100\/100\n|switch|p2a: Pokemon Unite|Drednaw, L50, M|100\/100\n|switch|p2b: Surfin USA|Dondozo, L50, M|100\/100\n|turn|1\n|\n|t:|1682333546\n|switch|p2b: Finding Nemo Bird|Pelipper, L50, M|100\/100\n|-weather|RainDance|[from] ability: Drizzle|[of] p2b: Finding Nemo Bird\n|move|p1b: Murkrow|Sunny Day|p1b: Murkrow\n|-weather|SunnyDay\n|move|p2a: Pokemon Unite|Rock Slide|p1a: Farigiraf|[spread] p1a\n|-miss|p2a: Pokemon Unite|p1b: Murkrow\n|-damage|p1a: Farigiraf|58\/100\n|move|p1a: Farigiraf|Trick Room|p1a: Farigiraf\n|-fieldstart|move: Trick Room|[of] p1a: Farigiraf\n|\n|-weather|SunnyDay|[upkeep]\n|upkeep\n|turn|2\n|\n|t:|1682333565\n|switch|p2b: Surfin USA|Dondozo, L50, M|100\/100\n|move|p1a: Farigiraf|Hyper Voice|p2a: Pokemon Unite|[spread] p2a,p2b\n|-resisted|p2a: Pokemon Unite\n|-crit|p2b: Surfin USA\n|-damage|p2a: Pokemon Unite|77\/100\n|-damage|p2b: Surfin USA|51\/100\n|-enditem|p1a: Farigiraf|Throat Spray\n|-boost|p1a: Farigiraf|spa|1|[from] item: Throat Spray\n|move|p1b: Murkrow|Foul Play|p2a: Pokemon Unite\n|-damage|p2a: Pokemon Unite|15\/100\n|move|p2a: Pokemon Unite|Rock Slide|p1a: Farigiraf|[spread] p1a,p1b\n|-supereffective|p1b: Murkrow\n|-damage|p1a: Farigiraf|15\/100\n|-damage|p1b: Murkrow|13\/100\n|\n|-weather|SunnyDay|[upkeep]\n|upkeep\n|turn|3\n|\n|t:|1682333587\n|switch|p2a: Beach Boys|Tatsugiri, L50, F|100\/100\n|-activate|p2a: Beach Boys|ability: Commander|[of] p2b: Surfin USA\n|-boost|p2b: Surfin USA|atk|2\n|-boost|p2b: Surfin USA|spa|2\n|-boost|p2b: Surfin USA|spe|2\n|-boost|p2b: Surfin USA|def|2\n|-boost|p2b: Surfin USA|spd|2\n|move|p1a: Farigiraf|Hyper Voice|p2a: Beach Boys|[spread] p2b\n|-miss|p1a: Farigiraf|p2a: Beach Boys\n|-damage|p2b: Surfin USA|34\/100\n|move|p1b: Murkrow|Foul Play|p2b: Surfin USA\n|-damage|p2b: Surfin USA|22\/100\n|move|p2b: Surfin USA|Surf|p1a: Farigiraf|[spread] p1a,p1b\n|-miss|p2b: Surfin USA|p2a: Beach Boys\n|-damage|p1a: Farigiraf|0 fnt\n|-damage|p1b: Murkrow|0 fnt\n|faint|p1a: Farigiraf\n|faint|p1b: Murkrow\n|-damage|p2b: Surfin USA|12\/100|[from] item: Life Orb\n|\n|-weather|SunnyDay|[upkeep]\n|upkeep\n|\n|t:|1682333600\n|switch|p1a: Torkoal|Torkoal, L50, M|100\/100\n|switch|p1b: Brute Bonnet|Brute Bonnet, L50|100\/100\n|-activate|p1b: Brute Bonnet|ability: Protosynthesis\n|-start|p1b: Brute Bonnet|protosynthesisatk\n|turn|4\n|\n|t:|1682333620\n|-terastallize|p1a: Torkoal|Fire\n|move|p2b: Surfin USA|Protect|p2b: Surfin USA\n|-singleturn|p2b: Surfin USA|Protect\n|move|p1a: Torkoal|Eruption|p2a: Beach Boys|[spread] \n|-miss|p1a: Torkoal|p2a: Beach Boys\n|-activate|p2b: Surfin USA|move: Protect\n|move|p1b: Brute Bonnet|Spore|p2b: Surfin USA\n|-activate|p2b: Surfin USA|move: Protect\n|\n|-weather|SunnyDay|[upkeep]\n|upkeep\n|turn|5\n|\n|t:|1682333634\n|move|p2b: Surfin USA|Protect||[still]\n|-fail|p2b: Surfin USA\n|move|p1a: Torkoal|Eruption|p2a: Beach Boys|[spread] p2b\n|-miss|p1a: Torkoal|p2a: Beach Boys\n|-resisted|p2b: Surfin USA\n|-damage|p2b: Surfin USA|0 fnt\n|faint|p2b: Surfin USA\n|move|p1b: Brute Bonnet|Bullet Seed|p2a: Beach Boys\n|-crit|p2a: Beach Boys\n|-damage|p2a: Beach Boys|46\/100\n|-damage|p2a: Beach Boys|14\/100\n|-damage|p2a: Beach Boys|0 fnt\n|faint|p2a: Beach Boys\n|-hitcount|p2: Beach Boys|3\n|\n|-weather|none\n|-end|p1b: Brute Bonnet|Protosynthesis\n|-fieldend|move: Trick Room\n|upkeep\n|\n|t:|1682333637\n|switch|p2a: Finding Nemo Bird|Pelipper, L50, M|100\/100\n|switch|p2b: Pokemon Unite|Drednaw, L50, M|15\/100\n|-weather|RainDance|[from] ability: Drizzle|[of] p2a: Finding Nemo Bird\n|turn|6\n|\n|t:|1682333651\n|-terastallize|p2b: Pokemon Unite|Grass\n|move|p1a: Torkoal|Protect|p1a: Torkoal\n|-singleturn|p1a: Torkoal|Protect\n|move|p2b: Pokemon Unite|Rock Slide|p1b: Brute Bonnet|[spread] p1b\n|-activate|p1a: Torkoal|move: Protect\n|-damage|p1b: Brute Bonnet|60\/100\n|move|p2a: Finding Nemo Bird|Hydro Pump|p1a: Torkoal\n|-activate|p1a: Torkoal|move: Protect\n|move|p1b: Brute Bonnet|Bullet Seed|p2b: Pokemon Unite\n|-resisted|p2b: Pokemon Unite\n|-damage|p2b: Pokemon Unite|7\/100\n|-resisted|p2b: Pokemon Unite\n|-damage|p2b: Pokemon Unite|0 fnt\n|faint|p2b: Pokemon Unite\n|-hitcount|p2: Pokemon Unite|2\n|\n|-weather|RainDance|[upkeep]\n|upkeep\n|turn|7\n|\n|t:|1682333664\n|move|p2a: Finding Nemo Bird|Hurricane|p1b: Brute Bonnet\n|-supereffective|p1b: Brute Bonnet\n|-damage|p1b: Brute Bonnet|0 fnt\n|faint|p1b: Brute Bonnet\n|-end|p1b: Brute Bonnet|Protosynthesis|[silent]\n|move|p1a: Torkoal|Flamethrower|p2a: Finding Nemo Bird\n|-resisted|p2a: Finding Nemo Bird\n|-damage|p2a: Finding Nemo Bird|78\/100\n|-status|p2a: Finding Nemo Bird|brn\n|\n|-weather|RainDance|[upkeep]\n|-damage|p2a: Finding Nemo Bird|72\/100 brn|[from] brn\n|upkeep\n|turn|8\n|\n|t:|1682333671\n|move|p2a: Finding Nemo Bird|Hydro Pump|p1a: Torkoal\n|-supereffective|p1a: Torkoal\n|-damage|p1a: Torkoal|0 fnt\n|faint|p1a: Torkoal\n|\n|win|Tilzy\n|raw|CbuttyVGC's rating: 1351 → 1335<\/strong> (-16 for losing)\n|raw|Tilzy's rating: 1417 → 1433<\/strong> (+16 for winning)\n|c|\u2606CbuttyVGC|Gg\n|c|\u2606Tilzy|CTS :)\n|l|\u2606Tilzy\n","uploadtime":1682333685,"views":19,"p1id":"cbuttyvgc","p2id":"tilzy","formatid":"gen9vgc2023regulationc","rating":1335,"private":0,"password":""}