{"id":"gen9vgc2023regulationc-1845164645","p1":"Bitce","p2":"That_Leek","format":"[Gen 9] VGC 2023 Regulation C","log":"|j|\u2606Bitce\n|j|\u2606That_Leek\n|t:|1681691279\n|gametype|doubles\n|player|p1|Bitce|lucas|\n|player|p2|That_Leek|blue-masters|\n|teamsize|p1|6\n|teamsize|p2|6\n|gen|9\n|tier|[Gen 9] VGC 2023 Regulation C\n|rated|Tournament battle\n|rule|Species Clause: Limit one of each Pok\u00e9mon\n|rule|Item Clause: Limit one of each item\n|clearpoke\n|poke|p1|Meowscarada, L50, F|\n|poke|p1|Bisharp, L50, M|\n|poke|p1|Clawitzer, L50, M|\n|poke|p1|Armarouge, L50, M|\n|poke|p1|Dudunsparce-*, L50, M|\n|poke|p1|Grimmsnarl, L50, M|\n|poke|p2|Tyranitar, L50, M|\n|poke|p2|Gyarados, L50, F|\n|poke|p2|Scizor, L50, F|\n|poke|p2|Sandy Shocks, L50|\n|poke|p2|Amoonguss, L50, F|\n|poke|p2|Flutter Mane, L50|\n|teampreview|4\n|raw| Open Team Sheet for Bitce<\/summary>Meowscarada (F) @ Focus Sash Ability: Protean Level: 50 Tera Type: Grass - Flower Trick - Knock Off - Play Rough - Sucker Punch Bisharp (M) @ Eviolite Ability: Defiant Level: 50 Tera Type: Dark - Swords Dance - Night Slash - Iron Head - Sucker Punch Clawitzer (M) @ Assault Vest Ability: Mega Launcher Level: 50 Tera Type: Water - Water Pulse - Ice Beam - Dark Pulse - Aura Sphere Armarouge (M) @ Weakness Policy Ability: Weak Armor Level: 50 Tera Type: Fire - Armor Cannon - Psyshock - Aura Sphere - Wide Guard Dudunsparce (M) @ Leftovers Ability: Serene Grace Level: 50 Tera Type: Ghost - Coil - Hyper Drill - Glare - Rock Slide Grimmsnarl (M) @ Light Clay Ability: Prankster Level: 50 Tera Type: Fairy - Spirit Break - Reflect - Light Screen - Taunt <\/details><\/div> Open Team Sheet for That_Leek<\/summary>Tyranitar @ Assault Vest Ability: Sand Stream Level: 50 Tera Type: Flying - Rock Slide - Crunch - Brick Break - Tera Blast Gyarados @ Safety Goggles Ability: Intimidate Level: 50 Tera Type: Water - Waterfall - Dragon Dance - Protect - Thunder Wave Scizor @ Clear Amulet Ability: Technician Level: 50 Tera Type: Steel - Swords Dance - Bullet Punch - Pounce - Close Combat Sandy Shocks @ Life Orb Ability: Protosynthesis Level: 50 Tera Type: Ice - Thunderbolt - Earth Power - Tera Blast - Protect Amoonguss @ Covert Cloak Ability: Regenerator Level: 50 Tera Type: Rock - Spore - Rage Powder - Protect - Pollen Puff Flutter Mane @ Choice Specs Ability: Protosynthesis Level: 50 Tera Type: Fairy - Dazzling Gleam - Moonblast - Shadow Ball - Thunderbolt <\/details><\/div>\n|j| heyemoboy\n|\n|t:|1681691321\n|start\n|switch|p1a: Meowscarada|Meowscarada, L50, F|100\/100\n|switch|p1b: Armarouge|Armarouge, L50, M|100\/100\n|switch|p2a: Sandy Shocks|Sandy Shocks, L50|100\/100\n|switch|p2b: Scizor|Scizor, L50, F|100\/100\n|turn|1\n|inactive|Battle timer is ON: inactive players will automatically lose when time's up. (requested by Bitce)\n|inactive|That_Leek has 60 seconds left.\n|\n|t:|1681691361\n|switch|p2b: Tyranitar|Tyranitar, L50, M|100\/100\n|-weather|Sandstorm|[from] ability: Sand Stream|[of] p2b: Tyranitar\n|-terastallize|p1a: Meowscarada|Grass\n|move|p1a: Meowscarada|Flower Trick|p2a: Sandy Shocks\n|-supereffective|p2a: Sandy Shocks\n|-crit|p2a: Sandy Shocks\n|-damage|p2a: Sandy Shocks|0 fnt\n|faint|p2a: Sandy Shocks\n|-end|p2a: Sandy Shocks|Protosynthesis|[silent]\n|move|p1b: Armarouge|Armor Cannon|p2b: Tyranitar\n|-resisted|p2b: Tyranitar\n|-damage|p2b: Tyranitar|87\/100\n|-unboost|p1b: Armarouge|def|1\n|-unboost|p1b: Armarouge|spd|1\n|\n|-weather|Sandstorm|[upkeep]\n|-damage|p1a: Meowscarada|95\/100|[from] Sandstorm\n|-damage|p1b: Armarouge|95\/100|[from] Sandstorm\n|upkeep\n|\n|t:|1681691371\n|switch|p2a: Flutter Mane|Flutter Mane, L50|100\/100\n|turn|2\n|l| heyemoboy\n|\n|t:|1681691383\n|-terastallize|p2b: Tyranitar|Flying\n|move|p1b: Armarouge|Wide Guard|p1b: Armarouge\n|-singleturn|p1b: Armarouge|Wide Guard\n|move|p2a: Flutter Mane|Dazzling Gleam|p1b: Armarouge|[spread] \n|-activate|p1a: Meowscarada|move: Wide Guard\n|-activate|p1b: Armarouge|move: Wide Guard\n|move|p1a: Meowscarada|Flower Trick|p2a: Flutter Mane\n|-crit|p2a: Flutter Mane\n|-damage|p2a: Flutter Mane|0 fnt\n|faint|p2a: Flutter Mane\n|-end|p2a: Flutter Mane|Protosynthesis|[silent]\n|move|p2b: Tyranitar|Tera Blast|p1a: Meowscarada\n|-supereffective|p1a: Meowscarada\n|-damage|p1a: Meowscarada|0 fnt\n|faint|p1a: Meowscarada\n|\n|-weather|Sandstorm|[upkeep]\n|-damage|p1b: Armarouge|89\/100|[from] Sandstorm\n|-damage|p2b: Tyranitar|81\/100|[from] Sandstorm\n|upkeep\n|\n|t:|1681691399\n|switch|p2a: Scizor|Scizor, L50, F|100\/100\n|switch|p1a: Grimmsnarl|Grimmsnarl, L50, M|100\/100\n|turn|3\n|\n|t:|1681691410\n|switch|p1b: Dudunsparce|Dudunsparce, L50, M|100\/100\n|move|p1a: Grimmsnarl|Reflect|p1a: Grimmsnarl\n|-sidestart|p1: Bitce|Reflect\n|move|p2a: Scizor|Pounce|p1b: Dudunsparce\n|-damage|p1b: Dudunsparce|73\/100\n|-unboost|p1b: Dudunsparce|spe|1\n|move|p2b: Tyranitar|Crunch|p1b: Dudunsparce\n|-damage|p1b: Dudunsparce|46\/100\n|-unboost|p1b: Dudunsparce|def|1\n|\n|-weather|Sandstorm|[upkeep]\n|-damage|p2b: Tyranitar|75\/100|[from] Sandstorm\n|-damage|p1a: Grimmsnarl|95\/100|[from] Sandstorm\n|-damage|p1b: Dudunsparce|40\/100|[from] Sandstorm\n|-heal|p1b: Dudunsparce|46\/100|[from] item: Leftovers\n|upkeep\n|turn|4\n|\n|t:|1681691427\n|move|p2a: Scizor|Swords Dance|p2a: Scizor\n|-boost|p2a: Scizor|atk|2\n|move|p1a: Grimmsnarl|Spirit Break|p2b: Tyranitar\n|-damage|p2b: Tyranitar|52\/100\n|-unboost|p2b: Tyranitar|spa|1\n|move|p2b: Tyranitar|Crunch|p1b: Dudunsparce\n|-damage|p1b: Dudunsparce|2\/100\n|-unboost|p1b: Dudunsparce|def|1\n|move|p1b: Dudunsparce|Glare|p2b: Tyranitar\n|-status|p2b: Tyranitar|par\n|\n|-weather|Sandstorm|[upkeep]\n|-damage|p1a: Grimmsnarl|89\/100|[from] Sandstorm\n|-damage|p1b: Dudunsparce|0 fnt|[from] Sandstorm\n|-damage|p2b: Tyranitar|46\/100 par|[from] Sandstorm\n|faint|p1b: Dudunsparce\n|upkeep\n|\n|t:|1681691442\n|switch|p1b: Armarouge|Armarouge, L50, M|89\/100\n|turn|5\n|inactive|Bitce has 30 seconds left.\n|j| Privnoval016\n|\n|t:|1681691470\n|move|p2a: Scizor|Bullet Punch|p1a: Grimmsnarl\n|-supereffective|p1a: Grimmsnarl\n|-damage|p1a: Grimmsnarl|5\/100\n|move|p1b: Armarouge|Armor Cannon|p2b: Tyranitar\n|-damage|p2b: Tyranitar|5\/100 par\n|-unboost|p1b: Armarouge|def|1\n|-unboost|p1b: Armarouge|spd|1\n|move|p1a: Grimmsnarl|Spirit Break|p2a: Scizor\n|-resisted|p2a: Scizor\n|-damage|p2a: Scizor|84\/100\n|move|p2b: Tyranitar|Crunch|p1b: Armarouge\n|-supereffective|p1b: Armarouge\n|-damage|p1b: Armarouge|0 fnt\n|faint|p1b: Armarouge\n|\n|-weather|none\n|upkeep\n|turn|6\n|l| Privnoval016\n|\n|t:|1681691484\n|move|p2a: Scizor|Bullet Punch|p1a: Grimmsnarl\n|-supereffective|p1a: Grimmsnarl\n|-damage|p1a: Grimmsnarl|0 fnt\n|faint|p1a: Grimmsnarl\n|\n|win|That_Leek\n|n|\u2606Bitce|bitce\n|n|\u2606That_Leek|thatleek\n|l|\u2606Bitce\n","uploadtime":1681691488,"views":13,"p1id":"bitce","p2id":"thatleek","formatid":"gen9vgc2023regulationc","rating":0,"private":0,"password":""}