{"id":"gen9vgc2023regulationc-1846862028","p1":"FurretSucksVGC","p2":"HvLieF","format":"[Gen 9] VGC 2023 Regulation C","log":"|j|\u2606FurretSucksVGC\n|j|\u2606HvLieF\n|t:|1681892212\n|gametype|doubles\n|player|p1|FurretSucksVGC|hilbert|1458\n|player|p2|HvLieF|cynthia|1482\n|teamsize|p1|6\n|teamsize|p2|6\n|gen|9\n|tier|[Gen 9] VGC 2023 Regulation C\n|rated|\n|rule|Species Clause: Limit one of each Pok\u00e9mon\n|rule|Item Clause: Limit one of each item\n|clearpoke\n|poke|p1|Revavroom, L50, F|\n|poke|p1|Iron Hands, L50|\n|poke|p1|Vivillon, L50, M|\n|poke|p1|Baxcalibur, L50, F|\n|poke|p1|Chi-Yu, L50|\n|poke|p1|Vaporeon, L50, M|\n|poke|p2|Baxcalibur, L50, F|\n|poke|p2|Palafin, L50, M|\n|poke|p2|Arcanine, L50, F|\n|poke|p2|Amoonguss, L50, M|\n|poke|p2|Ting-Lu, L50|\n|poke|p2|Flutter Mane, L50|\n|teampreview|4\nFurretSucksVGC has agreed to open team sheets.\n|j| AlphaWolfBeast\n|\n|t:|1681892253\n|start\n|switch|p1a: Iron Hands|Iron Hands, L50|100\/100\n|switch|p1b: Vaporeon|Vaporeon, L50, M|100\/100\n|switch|p2a: Palafin|Palafin, L50, M|100\/100\n|switch|p2b: Flutter Mane|Flutter Mane, L50|100\/100\n|turn|1\n|\n|t:|1681892287\n|detailschange|p2a: Palafin|Palafin-Hero, L50, M\n|switch|p2a: Arcanine|Arcanine, L50, F|100\/100\n|-ability|p2a: Arcanine|Intimidate|boost\n|-unboost|p1a: Iron Hands|atk|1\n|-unboost|p1b: Vaporeon|atk|1\n|-terastallize|p2b: Flutter Mane|Grass\n|-terastallize|p1a: Iron Hands|Grass\n|move|p2b: Flutter Mane|Energy Ball|p1b: Vaporeon\n|-supereffective|p1b: Vaporeon\n|-damage|p1b: Vaporeon|1\/100\n|move|p1b: Vaporeon|Muddy Water|p2a: Arcanine|[spread] p2b\n|-miss|p1b: Vaporeon|p2a: Arcanine\n|-resisted|p2b: Flutter Mane\n|-damage|p2b: Flutter Mane|86\/100\n|move|p1a: Iron Hands|Wild Charge|p2b: Flutter Mane\n|-resisted|p2b: Flutter Mane\n|-damage|p2b: Flutter Mane|58\/100\n|-damage|p1a: Iron Hands|97\/100|[from] Recoil\n|\n|upkeep\n|turn|2\n|\n|t:|1681892314\n|-end|p2b: Flutter Mane|Protosynthesis|[silent]\n|switch|p2b: Amoonguss|Amoonguss, L50, M|100\/100\n|-end|p1a: Iron Hands|Quark Drive|[silent]\n|switch|p1a: Baxcalibur|Baxcalibur, L50, F|100\/100\n|move|p2a: Arcanine|Extreme Speed|p1b: Vaporeon\n|-damage|p1b: Vaporeon|0 fnt\n|faint|p1b: Vaporeon\n|\n|upkeep\n|\n|t:|1681892330\n|switch|p1b: Iron Hands|Iron Hands, L50, tera:Grass|97\/100\n|turn|3\n|\n|t:|1681892362\n|move|p2a: Arcanine|Protect|p2a: Arcanine\n|-singleturn|p2a: Arcanine|Protect\n|move|p2b: Amoonguss|Protect|p2b: Amoonguss\n|-singleturn|p2b: Amoonguss|Protect\n|move|p1a: Baxcalibur|Icicle Spear|p2b: Amoonguss\n|-activate|p2b: Amoonguss|move: Protect\n|move|p1b: Iron Hands|Wild Charge|p2b: Amoonguss\n|-activate|p2b: Amoonguss|move: Protect\n|\n|upkeep\n|turn|4\n|\n|t:|1681892389\n|move|p2a: Arcanine|Will-O-Wisp|p1b: Iron Hands\n|-status|p1b: Iron Hands|brn\n|move|p1a: Baxcalibur|Icicle Spear|p2b: Amoonguss\n|-supereffective|p2b: Amoonguss\n|-damage|p2b: Amoonguss|72\/100\n|-supereffective|p2b: Amoonguss\n|-damage|p2b: Amoonguss|48\/100\n|-enditem|p2b: Amoonguss|Sitrus Berry|[eat]\n|-heal|p2b: Amoonguss|73\/100|[from] item: Sitrus Berry\n|-supereffective|p2b: Amoonguss\n|-damage|p2b: Amoonguss|48\/100\n|-supereffective|p2b: Amoonguss\n|-damage|p2b: Amoonguss|22\/100\n|-hitcount|p2b: Amoonguss|4\n|move|p1b: Iron Hands|Wild Charge|p2b: Amoonguss\n|-resisted|p2b: Amoonguss\n|-damage|p2b: Amoonguss|13\/100\n|-damage|p1b: Iron Hands|95\/100 brn|[from] Recoil\n|move|p2b: Amoonguss|Spore|p1a: Baxcalibur\n|-status|p1a: Baxcalibur|slp|[from] move: Spore\n|\n|-damage|p1b: Iron Hands|88\/100 brn|[from] brn\n|upkeep\n|turn|5\n|\n|t:|1681892427\n|switch|p2b: Flutter Mane|Flutter Mane, L50, tera:Grass|58\/100\n|cant|p1a: Baxcalibur|slp\n|move|p2a: Arcanine|Flare Blitz|p1b: Iron Hands\n|-supereffective|p1b: Iron Hands\n|-damage|p1b: Iron Hands|34\/100 brn\n|-damage|p2a: Arcanine|77\/100|[from] Recoil\n|move|p1b: Iron Hands|Drain Punch|p2b: Flutter Mane\n|-damage|p2b: Flutter Mane|23\/100\n|-heal|p1b: Iron Hands|44\/100 brn|[from] drain|[of] p2b: Flutter Mane\n|\n|-damage|p1b: Iron Hands|38\/100 brn|[from] brn\n|upkeep\n|turn|6\n|\n|t:|1681892462\n|switch|p2a: Amoonguss|Amoonguss, L50, M|46\/100\n|cant|p1a: Baxcalibur|slp\n|move|p2b: Flutter Mane|Moonblast|p1a: Baxcalibur\n|-supereffective|p1a: Baxcalibur\n|-crit|p1a: Baxcalibur\n|-damage|p1a: Baxcalibur|0 fnt\n|faint|p1a: Baxcalibur\n|move|p1b: Iron Hands|Drain Punch|p2a: Amoonguss\n|-resisted|p2a: Amoonguss\n|-damage|p2a: Amoonguss|38\/100\n|-heal|p1b: Iron Hands|42\/100 brn|[from] drain|[of] p2a: Amoonguss\n|\n|-damage|p1b: Iron Hands|35\/100 brn|[from] brn\n|upkeep\n|\n|t:|1681892475\n|switch|p1a: Revavroom|Revavroom, L50, F|100\/100\n|turn|7\n|\n|t:|1681892488\n|-end|p2b: Flutter Mane|Protosynthesis|[silent]\n|switch|p2b: Arcanine|Arcanine, L50, F|77\/100\n|-ability|p2b: Arcanine|Intimidate|boost\n|-fail|p1a: Revavroom|unboost|[from] item: Clear Amulet|[of] p1a: Revavroom\n|-unboost|p1b: Iron Hands|atk|1\n|move|p1a: Revavroom|Shift Gear|p1a: Revavroom\n|-boost|p1a: Revavroom|spe|2\n|-boost|p1a: Revavroom|atk|1\n|move|p1b: Iron Hands|Drain Punch|p2b: Arcanine\n|-damage|p2b: Arcanine|63\/100\n|-heal|p1b: Iron Hands|41\/100 brn|[from] drain|[of] p2b: Arcanine\n|move|p2a: Amoonguss|Spore|p1a: Revavroom\n|-immune|p1a: Revavroom|[from] ability: Overcoat\n|\n|-damage|p1b: Iron Hands|35\/100 brn|[from] brn\n|upkeep\n|turn|8\n|\n|t:|1681892513\n|move|p1a: Revavroom|Poison Jab|p2b: Arcanine\n|-damage|p2b: Arcanine|9\/100\n|move|p2b: Arcanine|Flare Blitz|p1a: Revavroom\n|-supereffective|p1a: Revavroom\n|-crit|p1a: Revavroom\n|-damage|p1a: Revavroom|0 fnt\n|faint|p1a: Revavroom\n|-damage|p2b: Arcanine|0 fnt|[from] Recoil\n|faint|p2b: Arcanine\n|move|p1b: Iron Hands|Drain Punch|p2a: Amoonguss\n|-resisted|p2a: Amoonguss\n|-damage|p2a: Amoonguss|33\/100\n|-heal|p1b: Iron Hands|37\/100 brn|[from] drain|[of] p2a: Amoonguss\n|move|p2a: Amoonguss|Pollen Puff|p2: Arcanine|[notarget]\n|-fail|p2a: Amoonguss\n|\n|-damage|p1b: Iron Hands|31\/100 brn|[from] brn\n|upkeep\n|\n|t:|1681892531\n|switch|p2b: Palafin|Palafin-Hero, L50, M|100\/100\n|-activate|p2b: Palafin|ability: Zero to Hero\n|turn|9\n|\n|t:|1681892541\n|move|p2b: Palafin|Wave Crash|p1b: Iron Hands\n|-resisted|p1b: Iron Hands\n|-damage|p1b: Iron Hands|4\/100 brn\n|-damage|p2b: Palafin|90\/100|[from] Recoil\n|move|p1b: Iron Hands|Drain Punch|p2b: Palafin\n|-damage|p2b: Palafin|78\/100\n|-heal|p1b: Iron Hands|9\/100 brn|[from] drain|[of] p2b: Palafin\n|move|p2a: Amoonguss|Pollen Puff|p2b: Palafin\n|-heal|p2b: Palafin|100\/100\n|\n|-damage|p1b: Iron Hands|3\/100 brn|[from] brn\n|upkeep\n|turn|10\n|\n|t:|1681892559\n|move|p2b: Palafin|Jet Punch|p1b: Iron Hands\n|-resisted|p1b: Iron Hands\n|-damage|p1b: Iron Hands|0 fnt\n|faint|p1b: Iron Hands\n|-end|p1b: Iron Hands|Quark Drive|[silent]\n|\n|win|HvLieF\n|raw|FurretSucksVGC's rating: 1458 → 1439<\/strong> (-19 for losing)\n|raw|HvLieF's rating: 1482 → 1501<\/strong> (+19 for winning)\n|c|\u2606FurretSucksVGC|gg\n|l|\u2606HvLieF\n","uploadtime":1681892566,"views":13,"p1id":"furretsucksvgc","p2id":"hvlief","formatid":"gen9vgc2023regulationc","rating":1439,"private":0,"password":""}