{"id":"gen9vgc2023regulationc-1863925800","p1":"PotatoFoe11","p2":"leftyto27","format":"[Gen 9] VGC 2023 Regulation C","log":"|j|\u2606PotatoFoe11\n|j|\u2606leftyto27\n|t:|1684094062\n|gametype|doubles\n|player|p1|PotatoFoe11|2|1158\n|player|p2|leftyto27|102|1170\n|teamsize|p1|6\n|teamsize|p2|6\n|gen|9\n|tier|[Gen 9] VGC 2023 Regulation C\n|rated|\n|rule|Species Clause: Limit one of each Pok\u00e9mon\n|rule|Item Clause: Limit one of each item\n|clearpoke\n|poke|p1|Rotom-Heat, L50|\n|poke|p1|Dondozo, L50, F|\n|poke|p1|Tatsugiri, L50, F|\n|poke|p1|Glimmora, L50, M|\n|poke|p1|Flutter Mane, L50|\n|poke|p1|Dragonite, L50, F|\n|poke|p2|Gastrodon-East, L50, M|\n|poke|p2|Corviknight, L50, F|\n|poke|p2|Arcanine, L50, F|\n|poke|p2|Flutter Mane, L50|\n|poke|p2|Iron Bundle, L50|\n|poke|p2|Great Tusk, L50|\n|teampreview|4\nPotatoFoe11 has agreed to open team sheets.\n|inactive|Battle timer is ON: inactive players will automatically lose when time's up. (requested by PotatoFoe11)\n|inactive|PotatoFoe11 has 60 seconds left.\n|\n|t:|1684094109\n|start\n|switch|p1a: Glimmora|Glimmora, L50, M|100\/100\n|switch|p1b: Flutter Mane|Flutter Mane, L50|100\/100\n|switch|p2a: Corviknight|Corviknight, L50, F|100\/100\n|switch|p2b: Iron Bundle|Iron Bundle, L50|100\/100\n|-enditem|p2b: Iron Bundle|Booster Energy\n|-activate|p2b: Iron Bundle|ability: Quark Drive|[fromitem]\n|-start|p2b: Iron Bundle|quarkdrivespe\n|-enditem|p1b: Flutter Mane|Booster Energy\n|-activate|p1b: Flutter Mane|ability: Protosynthesis|[fromitem]\n|-start|p1b: Flutter Mane|protosynthesisspe\n|turn|1\n|inactive|PotatoFoe11 has 30 seconds left.\n|inactive|leftyto27 has 30 seconds left.\n|inactive|PotatoFoe11 has 20 seconds left.\n|inactive|PotatoFoe11 has 15 seconds left.\n|inactive|PotatoFoe11 has 10 seconds left.\n|\n|t:|1684094155\n|move|p2b: Iron Bundle|Hydro Pump|p1a: Glimmora\n|-supereffective|p1a: Glimmora\n|-damage|p1a: Glimmora|10\/100\n|move|p1b: Flutter Mane|Thunderbolt|p2a: Corviknight\n|-supereffective|p2a: Corviknight\n|-damage|p2a: Corviknight|52\/100\n|move|p1a: Glimmora|Mortal Spin|p2b: Iron Bundle|[spread] p2b\n|-immune|p2a: Corviknight\n|-damage|p2b: Iron Bundle|94\/100\n|-status|p2b: Iron Bundle|psn\n|move|p2a: Corviknight|Tailwind|p2a: Corviknight\n|-sidestart|p2: leftyto27|move: Tailwind\n|\n|-damage|p2b: Iron Bundle|81\/100 psn|[from] psn\n|upkeep\n|turn|2\n|inactive|PotatoFoe11 has 30 seconds left.\n|\n|t:|1684094184\n|move|p2a: Corviknight|Protect|p2a: Corviknight\n|-singleturn|p2a: Corviknight|Protect\n|move|p2b: Iron Bundle|Icy Wind|p1b: Flutter Mane|[spread] p1a,p1b\n|-damage|p1a: Glimmora|0 fnt\n|-damage|p1b: Flutter Mane|77\/100\n|-unboost|p1b: Flutter Mane|spe|1\n|faint|p1a: Glimmora\n|move|p1b: Flutter Mane|Thunderbolt|p2a: Corviknight\n|-activate|p2a: Corviknight|move: Protect\n|\n|-damage|p2b: Iron Bundle|69\/100 psn|[from] psn\n|upkeep\n|\n|t:|1684094190\n|switch|p1a: Tatsugiri|Tatsugiri, L50, F|100\/100\n|turn|3\n|inactive|leftyto27 has 30 seconds left.\n|\n|t:|1684094215\n|switch|p2a: Gastrodon|Gastrodon-East, L50, M|100\/100\n|move|p2b: Iron Bundle|Freeze-Dry|p1a: Tatsugiri\n|-supereffective|p1a: Tatsugiri\n|-damage|p1a: Tatsugiri|0 fnt\n|faint|p1a: Tatsugiri\n|move|p1b: Flutter Mane|Dazzling Gleam|p2a: Gastrodon|[spread] p2a,p2b\n|-damage|p2a: Gastrodon|74\/100\n|-damage|p2b: Iron Bundle|9\/100 psn\n|\n|-heal|p2a: Gastrodon|80\/100|[from] item: Leftovers\n|-damage|p2b: Iron Bundle|0 fnt|[from] psn\n|faint|p2b: Iron Bundle\n|-end|p2b: Iron Bundle|Quark Drive|[silent]\n|upkeep\n|\n|t:|1684094231\n|switch|p2b: Corviknight|Corviknight, L50, F|52\/100\n|switch|p1a: Dondozo|Dondozo, L50, F|100\/100\n|turn|4\n|\n|t:|1684094249\n|move|p2b: Corviknight|Protect|p2b: Corviknight\n|-singleturn|p2b: Corviknight|Protect\n|move|p1b: Flutter Mane|Shadow Ball|p2a: Gastrodon\n|-damage|p2a: Gastrodon|49\/100\n|move|p2a: Gastrodon|Acid Armor|p2a: Gastrodon\n|-boost|p2a: Gastrodon|def|2\n|move|p1a: Dondozo|Wave Crash|p2a: Gastrodon\n|-activate|p2a: Gastrodon|ability: Storm Drain\n|-ability|p2a: Gastrodon|Storm Drain|boost\n|-boost|p2a: Gastrodon|spa|1\n|\n|-heal|p2a: Gastrodon|55\/100|[from] item: Leftovers\n|-sideend|p2: leftyto27|move: Tailwind\n|upkeep\n|turn|5\n|c|\u2606PotatoFoe11|I hate that so much\n|inactive|PotatoFoe11 has 30 seconds left.\n|c|\u2606PotatoFoe11|it redirects to the storm drain user\n|inactive|PotatoFoe11 has 20 seconds left.\n|c|\u2606PotatoFoe11|fuckin stupid ass gimmick\n|inactive|PotatoFoe11 has 15 seconds left.\n|-message|PotatoFoe11 forfeited.\n|\n|win|leftyto27\n|raw|PotatoFoe11's rating: 1158 → 1134<\/strong> (-24 for losing)\n|raw|leftyto27's rating: 1170 → 1194<\/strong> (+24 for winning)\n","uploadtime":1684094288,"views":2,"p1id":"potatofoe11","p2id":"leftyto27","formatid":"gen9vgc2023regulationc","rating":1134,"private":0,"password":""}