{"id":"gen9vgc2023regulationc-1851007033","p1":"leafyarrow","p2":"BoyHachiiz","format":"[Gen 9] VGC 2023 Regulation C","log":"|j|\u2606leafyarrow\n|j|\u2606BoyHachiiz\n|t:|1682393163\n|gametype|doubles\n|player|p1|leafyarrow|leaf-gen3|1329\n|player|p2|BoyHachiiz|102|1415\n|teamsize|p1|6\n|teamsize|p2|6\n|gen|9\n|tier|[Gen 9] VGC 2023 Regulation C\n|rated|\n|rule|Species Clause: Limit one of each Pok\u00e9mon\n|rule|Item Clause: Limit one of each item\n|clearpoke\n|poke|p1|Flutter Mane, L50|\n|poke|p1|Palafin, L50, M|\n|poke|p1|Amoonguss, L50, M|\n|poke|p1|Ting-Lu, L50|\n|poke|p1|Arcanine, L50, F|\n|poke|p1|Jolteon, L50, M|\n|poke|p2|Garganacl, L50, M|\n|poke|p2|Roaring Moon, L50|\n|poke|p2|Wo-Chien, L50|\n|poke|p2|Annihilape, L50, F|\n|poke|p2|Iron Bundle, L50|\n|poke|p2|Arcanine, L50, F|\n|teampreview|4\nBoyHachiiz has agreed to open team sheets.\nleafyarrow has agreed to open team sheets.\n|\n|t:|1682393259\n|start\n|switch|p1a: Palafin|Palafin, L50, M|100\/100\n|switch|p1b: Flutter Mane|Flutter Mane, L50|100\/100\n|switch|p2a: Garganacl|Garganacl, L50, M|100\/100\n|switch|p2b: Arcanine|Arcanine, L50, F|100\/100\n|-ability|p2b: Arcanine|Intimidate|boost\n|-unboost|p1a: Palafin|atk|1\n|-unboost|p1b: Flutter Mane|atk|1\n|turn|1\n|\n|t:|1682393295\n|switch|p2b: Annihilape|Annihilape, L50, F|100\/100\n|detailschange|p1a: Palafin|Palafin-Hero, L50, M\n|switch|p1a: Arcanine|Arcanine, L50, F|100\/100\n|-ability|p1a: Arcanine|Intimidate|boost\n|-unboost|p2a: Garganacl|atk|1\n|-unboost|p2b: Annihilape|atk|1\n|-ability|p2b: Annihilape|Defiant|boost\n|-boost|p2b: Annihilape|atk|2\n|move|p1b: Flutter Mane|Moonblast|p2a: Garganacl\n|-damage|p2a: Garganacl|48\/100\n|move|p2a: Garganacl|Salt Cure|p1b: Flutter Mane\n|-damage|p1b: Flutter Mane|84\/100\n|-start|p1b: Flutter Mane|Salt Cure\n|\n|-heal|p2a: Garganacl|54\/100|[from] item: Leftovers\n|-damage|p1b: Flutter Mane|72\/100|[from] Salt Cure\n|upkeep\n|turn|2\n|\n|t:|1682393336\n|-terastallize|p1b: Flutter Mane|Fairy\n|-terastallize|p2b: Annihilape|Water\n|move|p1b: Flutter Mane|Moonblast|p2b: Annihilape\n|-damage|p2b: Annihilape|33\/100\n|-unboost|p2b: Annihilape|spa|1\n|-ability|p2b: Annihilape|Defiant|boost\n|-boost|p2b: Annihilape|atk|2\n|-enditem|p2b: Annihilape|Sitrus Berry|[eat]\n|-heal|p2b: Annihilape|58\/100|[from] item: Sitrus Berry\n|move|p1a: Arcanine|Flare Blitz|p2b: Annihilape\n|-resisted|p2b: Annihilape\n|-damage|p2b: Annihilape|38\/100\n|-damage|p1a: Arcanine|93\/100|[from] Recoil\n|move|p2b: Annihilape|Rage Fist|p1b: Flutter Mane\n|-damage|p1b: Flutter Mane|0 fnt\n|faint|p1b: Flutter Mane\n|-end|p1b: Flutter Mane|Protosynthesis|[silent]\n|move|p2a: Garganacl|Recover|p2a: Garganacl\n|-heal|p2a: Garganacl|100\/100\n|\n|upkeep\n|\n|t:|1682393355\n|switch|p1b: Jolteon|Jolteon, L50, M|100\/100\n|turn|3\n|\n|t:|1682393375\n|switch|p2b: Arcanine|Arcanine, L50, F|100\/100\n|-ability|p2b: Arcanine|Intimidate|boost\n|-unboost|p1a: Arcanine|atk|1\n|-unboost|p1b: Jolteon|atk|1\n|move|p1a: Arcanine|Protect|p1a: Arcanine\n|-singleturn|p1a: Arcanine|Protect\n|move|p1b: Jolteon|Thunderbolt|p2b: Arcanine\n|-crit|p2b: Arcanine\n|-damage|p2b: Arcanine|31\/100\n|move|p2a: Garganacl|Salt Cure|p1b: Jolteon\n|-damage|p1b: Jolteon|84\/100\n|-start|p1b: Jolteon|Salt Cure\n|\n|-damage|p1b: Jolteon|72\/100|[from] Salt Cure\n|upkeep\n|turn|4\n|\n|t:|1682393401\n|switch|p1b: Palafin|Palafin-Hero, L50, M|100\/100\n|-activate|p1b: Palafin|ability: Zero to Hero\n|move|p2b: Arcanine|Protect|p2b: Arcanine\n|-singleturn|p2b: Arcanine|Protect\n|move|p1a: Arcanine|Will-O-Wisp|p2b: Arcanine\n|-activate|p2b: Arcanine|move: Protect\n|move|p2a: Garganacl|Salt Cure|p1a: Arcanine\n|-supereffective|p1a: Arcanine\n|-damage|p1a: Arcanine|71\/100\n|-start|p1a: Arcanine|Salt Cure\n|\n|-damage|p1a: Arcanine|59\/100|[from] Salt Cure\n|upkeep\n|turn|5\n|\n|t:|1682393425\n|switch|p2b: Iron Bundle|Iron Bundle, L50|100\/100\n|move|p1a: Arcanine|Extreme Speed|p2b: Iron Bundle\n|-damage|p2b: Iron Bundle|83\/100\n|move|p1b: Palafin|Wave Crash|p2a: Garganacl\n|-supereffective|p2a: Garganacl\n|-damage|p2a: Garganacl|0 fnt\n|faint|p2a: Garganacl\n|-damage|p1b: Palafin|67\/100|[from] Recoil\n|\n|-damage|p1a: Arcanine|46\/100|[from] Salt Cure\n|upkeep\n|\n|t:|1682393446\n|switch|p2a: Annihilape|Annihilape, L50, F, tera:Water|38\/100\n|turn|6\n|\n|t:|1682393473\n|move|p1b: Palafin|Jet Punch|p2b: Iron Bundle\n|-resisted|p2b: Iron Bundle\n|-damage|p2b: Iron Bundle|51\/100\n|move|p2b: Iron Bundle|Icy Wind|p1b: Palafin|[spread] p1a,p1b\n|-resisted|p1a: Arcanine\n|-resisted|p1b: Palafin\n|-damage|p1a: Arcanine|36\/100\n|-damage|p1b: Palafin|56\/100\n|-unboost|p1a: Arcanine|spe|1\n|-unboost|p1b: Palafin|spe|1\n|move|p2a: Annihilape|Rage Fist|p1b: Palafin\n|-damage|p1b: Palafin|0 fnt\n|faint|p1b: Palafin\n|move|p1a: Arcanine|Flare Blitz|p2b: Iron Bundle\n|-damage|p2b: Iron Bundle|17\/100\n|-damage|p1a: Arcanine|28\/100|[from] Recoil\n|\n|-damage|p1a: Arcanine|16\/100|[from] Salt Cure\n|upkeep\n|\n|t:|1682393488\n|switch|p1b: Jolteon|Jolteon, L50, M|72\/100\n|turn|7\n|\n|t:|1682393512\n|move|p1a: Arcanine|Extreme Speed|p2b: Iron Bundle\n|-damage|p2b: Iron Bundle|0 fnt\n|faint|p2b: Iron Bundle\n|-end|p2b: Iron Bundle|Quark Drive|[silent]\n|move|p1b: Jolteon|Thunderbolt|p2a: Annihilape\n|-supereffective|p2a: Annihilape\n|-damage|p2a: Annihilape|0 fnt\n|faint|p2a: Annihilape\n|\n|-damage|p1a: Arcanine|4\/100|[from] Salt Cure\n|upkeep\n|\n|t:|1682393522\n|switch|p2b: Arcanine|Arcanine, L50, F|31\/100\n|-ability|p2b: Arcanine|Intimidate|boost\n|-unboost|p1a: Arcanine|atk|1\n|-unboost|p1b: Jolteon|atk|1\n|turn|8\n|-message|BoyHachiiz forfeited.\n|\n|win|leafyarrow\n|raw|leafyarrow's rating: 1329 → 1354<\/strong> (+25 for winning)\n|raw|BoyHachiiz's rating: 1415 → 1390<\/strong> (-25 for losing)\n","uploadtime":1682393536,"views":11,"p1id":"leafyarrow","p2id":"boyhachiiz","formatid":"gen9vgc2023regulationc","rating":1354,"private":0,"password":""}