{"id":"gen9vgc2023regulationc-1854321965","p1":"Wrath17","p2":"12donau","format":"[Gen 9] VGC 2023 Regulation C","log":"|j|\u2606Wrath17\n|j|\u260612donau\n|t:|1682796822\n|gametype|doubles\n|player|p1|Wrath17|265|1243\n|player|p2|12donau|harlequin|1168\n|teamsize|p1|6\n|teamsize|p2|6\n|gen|9\n|tier|[Gen 9] VGC 2023 Regulation C\n|rated|\n|rule|Species Clause: Limit one of each Pok\u00e9mon\n|rule|Item Clause: Limit one of each item\n|clearpoke\n|poke|p1|Garganacl, L50, F|\n|poke|p1|Ting-Lu, L50|\n|poke|p1|Dragonite, L50, M|\n|poke|p1|Annihilape, L50, F|\n|poke|p1|Volcarona, L50, M|\n|poke|p1|Hatterene, L50, F|\n|poke|p2|Kingambit, L50, F|\n|poke|p2|Hydreigon, L50, F|\n|poke|p2|Azumarill, L50, F|\n|poke|p2|Maushold, L50|\n|poke|p2|Annihilape, L50, F|\n|poke|p2|Flutter Mane, L50|\n|teampreview|4\n|inactive|Battle timer is ON: inactive players will automatically lose when time's up. (requested by Wrath17)\n|\n|t:|1682796840\n|start\n|switch|p1a: Hatterene|Hatterene, L50, F|100\/100\n|switch|p1b: Garganacl|Garganacl, L50, F, shiny|100\/100\n|switch|p2a: Azumarill|Azumarill, L50, F|100\/100\n|switch|p2b: Flutter Mane|Flutter Mane, L50|100\/100\n|-enditem|p2b: Flutter Mane|Booster Energy\n|-activate|p2b: Flutter Mane|ability: Protosynthesis|[fromitem]\n|-start|p2b: Flutter Mane|protosynthesisspe\n|turn|1\n|\n|t:|1682796861\n|-terastallize|p1b: Garganacl|Ghost\n|move|p2b: Flutter Mane|Shadow Ball|p1a: Hatterene\n|-supereffective|p1a: Hatterene\n|-damage|p1a: Hatterene|2\/100\n|move|p2a: Azumarill|Belly Drum|p2a: Azumarill\n|-damage|p2a: Azumarill|50\/100\n|-setboost|p2a: Azumarill|atk|6|[from] move: Belly Drum\n|-enditem|p2a: Azumarill|Sitrus Berry|[eat]\n|-heal|p2a: Azumarill|75\/100|[from] item: Sitrus Berry\n|move|p1b: Garganacl|Salt Cure|p2a: Azumarill\n|-damage|p2a: Azumarill|59\/100\n|-start|p2a: Azumarill|Salt Cure\n|move|p1a: Hatterene|Trick Room|p1a: Hatterene\n|-fieldstart|move: Trick Room|[of] p1a: Hatterene\n|\n|-damage|p2a: Azumarill|34\/100|[from] Salt Cure\n|upkeep\n|turn|2\n|n|!12donau|12donau\n|inactive|Wrath17 has 30 seconds left.\n|inactive|Wrath17 has 20 seconds left.\n|\n|t:|1682796897\n|switch|p1a: Dragonite|Dragonite, L50, M, shiny|100\/100\n|move|p2a: Azumarill|Aqua Jet|p1b: Garganacl\n|-damage|p1b: Garganacl|44\/100\n|move|p1b: Garganacl|Salt Cure|p2a: Azumarill\n|-damage|p2a: Azumarill|18\/100\n|move|p2b: Flutter Mane|Moonblast|p1a: Dragonite\n|-supereffective|p1a: Dragonite\n|-damage|p1a: Dragonite|56\/100\n|\n|-heal|p1b: Garganacl|50\/100|[from] item: Leftovers\n|-damage|p2a: Azumarill|0 fnt|[from] Salt Cure\n|faint|p2a: Azumarill\n|upkeep\n|\n|t:|1682796910\n|switch|p2a: Maushold|Maushold, L50|100\/100\n|turn|3\n|\n|t:|1682796931\n|move|p2a: Maushold|Follow Me|p2a: Maushold\n|-singleturn|p2a: Maushold|move: Follow Me\n|move|p1b: Garganacl|Salt Cure|p2a: Maushold\n|-damage|p2a: Maushold|82\/100\n|-start|p2a: Maushold|Salt Cure\n|move|p1a: Dragonite|Dragon Claw|p2a: Maushold\n|-damage|p2a: Maushold|22\/100\n|move|p2b: Flutter Mane|Icy Wind|p1a: Dragonite|[spread] p1a,p1b\n|-supereffective|p1a: Dragonite\n|-damage|p1a: Dragonite|3\/100\n|-damage|p1b: Garganacl|35\/100\n|-unboost|p1a: Dragonite|spe|1\n|-unboost|p1b: Garganacl|spe|1\n|\n|-heal|p1b: Garganacl|41\/100|[from] item: Leftovers\n|-damage|p2a: Maushold|10\/100|[from] Salt Cure\n|upkeep\n|turn|4\n|\n|t:|1682796947\n|move|p1a: Dragonite|Extreme Speed|p2a: Maushold\n|-damage|p2a: Maushold|0 fnt\n|faint|p2a: Maushold\n|move|p1b: Garganacl|Salt Cure|p2b: Flutter Mane\n|-damage|p2b: Flutter Mane|67\/100\n|-start|p2b: Flutter Mane|Salt Cure\n|move|p2b: Flutter Mane|Icy Wind|p1a: Dragonite|[spread] p1a,p1b\n|-supereffective|p1a: Dragonite\n|-damage|p1a: Dragonite|0 fnt\n|-damage|p1b: Garganacl|27\/100\n|-unboost|p1b: Garganacl|spe|1\n|faint|p1a: Dragonite\n|\n|-heal|p1b: Garganacl|32\/100|[from] item: Leftovers\n|-damage|p2b: Flutter Mane|55\/100|[from] Salt Cure\n|upkeep\n|\n|t:|1682796953\n|switch|p1a: Hatterene|Hatterene, L50, F|2\/100\n|switch|p2a: Annihilape|Annihilape, L50, F|100\/100\n|turn|5\n|\n|t:|1682796957\n|move|p2a: Annihilape|Protect|p2a: Annihilape\n|-singleturn|p2a: Annihilape|Protect\n|move|p2b: Flutter Mane|Protect|p2b: Flutter Mane\n|-singleturn|p2b: Flutter Mane|Protect\n|move|p1b: Garganacl|Recover|p1b: Garganacl\n|-heal|p1b: Garganacl|83\/100\n|move|p1a: Hatterene|Reflect|p1a: Hatterene\n|-sidestart|p1: Wrath17|Reflect\n|\n|-heal|p1b: Garganacl|88\/100|[from] item: Leftovers\n|-damage|p2b: Flutter Mane|43\/100|[from] Salt Cure\n|-fieldend|move: Trick Room\n|upkeep\n|turn|6\n|\n|t:|1682796977\n|move|p2b: Flutter Mane|Moonblast|p1b: Garganacl\n|-damage|p1b: Garganacl|39\/100\n|-unboost|p1b: Garganacl|spa|1\n|move|p2a: Annihilape|Drain Punch|p1a: Hatterene\n|-resisted|p1a: Hatterene\n|-damage|p1a: Hatterene|0 fnt\n|faint|p1a: Hatterene\n|move|p1b: Garganacl|Salt Cure|p2a: Annihilape\n|-resisted|p2a: Annihilape\n|-damage|p2a: Annihilape|92\/100\n|-start|p2a: Annihilape|Salt Cure\n|\n|-heal|p2a: Annihilape|97\/100|[from] item: Leftovers\n|-heal|p1b: Garganacl|44\/100|[from] item: Leftovers\n|-damage|p2b: Flutter Mane|30\/100|[from] Salt Cure\n|-damage|p2a: Annihilape|85\/100|[from] Salt Cure\n|upkeep\n|\n|t:|1682796984\n|switch|p1a: Volcarona|Volcarona, L50, M|100\/100\n|turn|7\n|\n|t:|1682796996\n|-terastallize|p2a: Annihilape|Fire\n|move|p2b: Flutter Mane|Moonblast|p1b: Garganacl\n|-damage|p1b: Garganacl|0 fnt\n|faint|p1b: Garganacl\n|move|p2a: Annihilape|Rage Fist|p1a: Volcarona\n|-damage|p1a: Volcarona|65\/100\n|move|p1a: Volcarona|Quiver Dance|p1a: Volcarona\n|-boost|p1a: Volcarona|spa|1\n|-boost|p1a: Volcarona|spd|1\n|-boost|p1a: Volcarona|spe|1\n|\n|-heal|p2a: Annihilape|91\/100|[from] item: Leftovers\n|-damage|p2b: Flutter Mane|18\/100|[from] Salt Cure\n|-damage|p2a: Annihilape|79\/100|[from] Salt Cure\n|upkeep\n|turn|8\n|\n|t:|1682797011\n|move|p2b: Flutter Mane|Shadow Ball|p1a: Volcarona\n|-damage|p1a: Volcarona|39\/100\n|move|p1a: Volcarona|Heat Wave|p2a: Annihilape|[spread] p2a,p2b\n|-resisted|p2a: Annihilape\n|-damage|p2a: Annihilape|52\/100\n|-damage|p2b: Flutter Mane|0 fnt\n|faint|p2b: Flutter Mane\n|-end|p2b: Flutter Mane|Protosynthesis|[silent]\n|move|p2a: Annihilape|Rage Fist|p1a: Volcarona\n|-damage|p1a: Volcarona|0 fnt\n|faint|p1a: Volcarona\n|\n|win|12donau\n|raw|Wrath17's rating: 1243 → 1213<\/strong> (-30 for losing)\n|raw|12donau's rating: 1168 → 1198<\/strong> (+30 for winning)\n","uploadtime":1682796875,"views":16,"p1id":"wrath17","p2id":"12donau","formatid":"gen9vgc2023regulationc","rating":1198,"private":0,"password":""}