{"id":"gen9vgc2023regulationc-1846114744","p1":"quqann1010","p2":"qzy1993","format":"[Gen 9] VGC 2023 Regulation C","log":"|j|\u2606quqann1010\n|j|\u2606qzy1993\n|t:|1681808599\n|gametype|doubles\n|player|p1|quqann1010|169|1110\n|player|p2|qzy1993|2|1116\n|teamsize|p1|6\n|teamsize|p2|6\n|gen|9\n|tier|[Gen 9] VGC 2023 Regulation C\n|rated|\n|rule|Species Clause: Limit one of each Pok\u00e9mon\n|rule|Item Clause: Limit one of each item\n|clearpoke\n|poke|p1|Maushold-Four, L50|\n|poke|p1|Wo-Chien, L50|\n|poke|p1|Annihilape, L50, M|\n|poke|p1|Ting-Lu, L50|\n|poke|p1|Palafin, L50, M|\n|poke|p1|Iron Bundle, L50|\n|poke|p2|Iron Valiant, L50|\n|poke|p2|Toxapex, L50, M|\n|poke|p2|Meowscarada, L50, F|\n|poke|p2|Kingambit, L50, M|\n|poke|p2|Chi-Yu, L50|\n|poke|p2|Talonflame, L50, M|\n|teampreview|4\n|\n|t:|1681808643\n|start\n|switch|p1a: Maushold|Maushold-Four, L50|100\/100\n|switch|p1b: Palafin|Palafin, L50, M|100\/100\n|switch|p2a: Talonflame|Talonflame, L50, M|100\/100\n|switch|p2b: Iron Valiant|Iron Valiant, L50|100\/100\n|-enditem|p2b: Iron Valiant|Booster Energy\n|-activate|p2b: Iron Valiant|ability: Quark Drive|[fromitem]\n|-start|p2b: Iron Valiant|quarkdrivespe\n|turn|1\n|\n|t:|1681808660\n|move|p1a: Maushold|Follow Me|p1a: Maushold\n|-singleturn|p1a: Maushold|move: Follow Me\n|move|p2a: Talonflame|Tailwind|p2a: Talonflame\n|-sidestart|p2: qzy1993|move: Tailwind\n|move|p1b: Palafin|Jet Punch|p2a: Talonflame\n|-supereffective|p2a: Talonflame\n|-damage|p2a: Talonflame|23\/100\n|-damage|p1b: Palafin|91\/100|[from] item: Life Orb\n|move|p2b: Iron Valiant|Close Combat|p1a: Maushold\n|-supereffective|p1a: Maushold\n|-enditem|p1a: Maushold|Focus Sash\n|-damage|p1a: Maushold|1\/100\n|-unboost|p2b: Iron Valiant|def|1\n|-unboost|p2b: Iron Valiant|spd|1\n|\n|upkeep\n|turn|2\n|\n|t:|1681808682\n|move|p1a: Maushold|Follow Me|p1a: Maushold\n|-singleturn|p1a: Maushold|move: Follow Me\n|move|p1b: Palafin|Jet Punch|p2b: Iron Valiant\n|-damage|p2b: Iron Valiant|50\/100\n|-damage|p1b: Palafin|81\/100|[from] item: Life Orb\n|move|p2b: Iron Valiant|Close Combat|p1a: Maushold\n|-supereffective|p1a: Maushold\n|-damage|p1a: Maushold|0 fnt\n|-unboost|p2b: Iron Valiant|def|1\n|-unboost|p2b: Iron Valiant|spd|1\n|faint|p1a: Maushold\n|move|p2a: Talonflame|Brave Bird|p1b: Palafin\n|-damage|p1b: Palafin|26\/100\n|-damage|p2a: Talonflame|0 fnt|[from] Recoil\n|faint|p2a: Talonflame\n|\n|upkeep\n|\n|t:|1681808699\n|switch|p2a: Kingambit|Kingambit, L50, M|100\/100\n|switch|p1a: Iron Bundle|Iron Bundle, L50|100\/100\n|-enditem|p1a: Iron Bundle|Booster Energy\n|-activate|p1a: Iron Bundle|ability: Quark Drive|[fromitem]\n|-start|p1a: Iron Bundle|quarkdrivespe\n|turn|3\n|\n|t:|1681808719\n|detailschange|p1b: Palafin|Palafin-Hero, L50, M\n|switch|p1b: Wo-Chien|Wo-Chien, L50|100\/100\n|-ability|p1b: Wo-Chien|Tablets of Ruin\n|-terastallize|p2a: Kingambit|Fairy\n|move|p2b: Iron Valiant|Protect|p2b: Iron Valiant\n|-singleturn|p2b: Iron Valiant|Protect\n|move|p1a: Iron Bundle|Freeze-Dry|p2b: Iron Valiant\n|-activate|p2b: Iron Valiant|move: Protect\n|move|p2a: Kingambit|Tera Blast|p1b: Wo-Chien\n|-supereffective|p1b: Wo-Chien\n|-damage|p1b: Wo-Chien|50\/100\n|\n|-heal|p1b: Wo-Chien|56\/100|[from] item: Leftovers\n|upkeep\n|turn|4\n|\n|t:|1681808743\n|move|p1b: Wo-Chien|Protect|p1b: Wo-Chien\n|-singleturn|p1b: Wo-Chien|Protect\n|move|p2b: Iron Valiant|Close Combat|p1a: Iron Bundle\n|-supereffective|p1a: Iron Bundle\n|-damage|p1a: Iron Bundle|0 fnt\n|-unboost|p2b: Iron Valiant|def|1\n|-unboost|p2b: Iron Valiant|spd|1\n|faint|p1a: Iron Bundle\n|-end|p1a: Iron Bundle|Quark Drive|[silent]\n|move|p2a: Kingambit|Tera Blast|p1b: Wo-Chien\n|-activate|p1b: Wo-Chien|move: Protect\n|\n|-heal|p1b: Wo-Chien|62\/100|[from] item: Leftovers\n|-sideend|p2: qzy1993|move: Tailwind\n|upkeep\n|\n|t:|1681808749\n|switch|p1a: Palafin|Palafin-Hero, L50, M|26\/100\n|-activate|p1a: Palafin|ability: Zero to Hero\n|turn|5\n|\n|t:|1681808769\n|move|p1a: Palafin|Jet Punch|p2b: Iron Valiant\n|-damage|p2b: Iron Valiant|0 fnt\n|faint|p2b: Iron Valiant\n|-end|p2b: Iron Valiant|Quark Drive|[silent]\n|-damage|p1a: Palafin|16\/100|[from] item: Life Orb\n|move|p2a: Kingambit|Sucker Punch||[still]\n|-fail|p2a: Kingambit\n|move|p1b: Wo-Chien|Leech Seed|p2a: Kingambit\n|-start|p2a: Kingambit|move: Leech Seed\n|\n|-heal|p1b: Wo-Chien|68\/100|[from] item: Leftovers\n|-damage|p2a: Kingambit|88\/100|[from] Leech Seed|[of] p1b: Wo-Chien\n|-heal|p1b: Wo-Chien|82\/100|[silent]\n|upkeep\n|\n|t:|1681808783\n|switch|p2b: Chi-Yu|Chi-Yu, L50|100\/100\n|-ability|p2b: Chi-Yu|Beads of Ruin\n|turn|6\n|\n|t:|1681808811\n|-terastallize|p1b: Wo-Chien|Dark\n|move|p2b: Chi-Yu|Protect|p2b: Chi-Yu\n|-singleturn|p2b: Chi-Yu|Protect\n|move|p1a: Palafin|Jet Punch|p2b: Chi-Yu\n|-activate|p2b: Chi-Yu|move: Protect\n|move|p1b: Wo-Chien|Snarl|p2b: Chi-Yu|[spread] p2a\n|-activate|p2b: Chi-Yu|move: Protect\n|-resisted|p2a: Kingambit\n|-damage|p2a: Kingambit|80\/100\n|-unboost|p2a: Kingambit|spa|1\n|-ability|p2a: Kingambit|Defiant|boost\n|-boost|p2a: Kingambit|atk|2\n|move|p2a: Kingambit|Tera Blast|p1a: Palafin\n|-damage|p1a: Palafin|0 fnt\n|faint|p1a: Palafin\n|\n|-heal|p1b: Wo-Chien|88\/100|[from] item: Leftovers\n|-damage|p2a: Kingambit|67\/100|[from] Leech Seed|[of] p1b: Wo-Chien\n|-heal|p1b: Wo-Chien|100\/100|[silent]\n|upkeep\n|turn|7\n|inactive|Battle timer is ON: inactive players will automatically lose when time's up. (requested by qzy1993)\n|\n|t:|1681808838\n|move|p2b: Chi-Yu|Flamethrower|p1b: Wo-Chien\n|-damage|p1b: Wo-Chien|46\/100\n|-damage|p2b: Chi-Yu|90\/100|[from] item: Life Orb\n|move|p1b: Wo-Chien|Snarl|p2a: Kingambit|[spread] p2a,p2b\n|-resisted|p2a: Kingambit\n|-resisted|p2b: Chi-Yu\n|-damage|p2a: Kingambit|58\/100\n|-damage|p2b: Chi-Yu|78\/100\n|-unboost|p2a: Kingambit|spa|1\n|-ability|p2a: Kingambit|Defiant|boost\n|-boost|p2a: Kingambit|atk|2\n|-unboost|p2b: Chi-Yu|spa|1\n|move|p2a: Kingambit|Tera Blast|p1b: Wo-Chien\n|-supereffective|p1b: Wo-Chien\n|-damage|p1b: Wo-Chien|0 fnt\n|faint|p1b: Wo-Chien\n|\n|win|qzy1993\n|raw|quqann1010's rating: 1110 → 1085<\/strong> (-25 for losing)\n|raw|qzy1993's rating: 1116 → 1141<\/strong> (+25 for winning)\n|l|\u2606quqann1010\n","uploadtime":1681808858,"views":13,"p1id":"quqann1010","p2id":"qzy1993","formatid":"gen9vgc2023regulationc","rating":1085,"private":0,"password":""}