{"id":"gen9vgc2023regulationc-1854291572","p1":"moratopablot","p2":"Ejequie","format":"[Gen 9] VGC 2023 Regulation C","log":"|j|\u2606moratopablot\n|j|\u203dEjequie\n|t:|1682793316\n|gametype|doubles\n|player|p1|moratopablot|lucas|\n|player|p2|Ejequie|2|\n|teamsize|p1|6\n|teamsize|p2|6\n|gen|9\n|tier|[Gen 9] VGC 2023 Regulation C\n|rule|Species Clause: Limit one of each Pok\u00e9mon\n|rule|Item Clause: Limit one of each item\n|clearpoke\n|poke|p1|Eelektross, L50, M|\n|poke|p1|Lycanroc-Dusk, L50, F|\n|poke|p1|Umbreon, L50, M|\n|poke|p1|Crocalor, L50, M|\n|poke|p1|Honchkrow, L50, M|\n|poke|p1|Toxicroak, L50, M|\n|poke|p2|Ursaring, L50, F|\n|poke|p2|Gothitelle, L50, F|\n|poke|p2|Spiritomb, L50, F|\n|poke|p2|Oranguru, L50, F|\n|poke|p2|Dudunsparce-*, L50, F|\n|poke|p2|Clawitzer, L50, M|\n|teampreview|4\n|\n|t:|1682793354\n|start\n|switch|p1a: Umbreon|Umbreon, L50, M|100\/100\n|switch|p1b: Eelektross|Eelektross, L50, M|100\/100\n|switch|p2a: Oranguru|Oranguru, L50, F|100\/100\n|switch|p2b: Dudunsparce|Dudunsparce, L50, F|100\/100\n|turn|1\n|j| chinemelu\n|\n|t:|1682793377\n|move|p2b: Dudunsparce|Protect|p2b: Dudunsparce\n|-singleturn|p2b: Dudunsparce|Protect\n|move|p1a: Umbreon|Snarl|p2a: Oranguru|[spread] p2a\n|-activate|p2b: Dudunsparce|move: Protect\n|-supereffective|p2a: Oranguru\n|-damage|p2a: Oranguru|90\/100\n|-unboost|p2a: Oranguru|spa|1\n|move|p1b: Eelektross|Coil|p1b: Eelektross\n|-boost|p1b: Eelektross|atk|1\n|-boost|p1b: Eelektross|def|1\n|-boost|p1b: Eelektross|accuracy|1\n|move|p2a: Oranguru|Trick Room|p2a: Oranguru\n|-fieldstart|move: Trick Room|[of] p2a: Oranguru\n|\n|upkeep\n|turn|2\n|\n|t:|1682793406\n|move|p2b: Dudunsparce|Hyper Drill|p1b: Eelektross\n|-damage|p1b: Eelektross|63\/100\n|move|p2a: Oranguru|Instruct|p2b: Dudunsparce\n|-singleturn|p2b: Dudunsparce|move: Instruct|[of] p2a: Oranguru\n|move|p2b: Dudunsparce|Hyper Drill|p1b: Eelektross\n|-damage|p1b: Eelektross|27\/100\n|-enditem|p1b: Eelektross|Sitrus Berry|[eat]\n|-heal|p1b: Eelektross|51\/100|[from] item: Sitrus Berry\n|move|p1b: Eelektross|Drain Punch|p2b: Dudunsparce\n|-supereffective|p2b: Dudunsparce\n|-damage|p2b: Dudunsparce|34\/100\n|-heal|p1b: Eelektross|92\/100|[from] drain|[of] p2b: Dudunsparce\n|move|p1a: Umbreon|Snarl|p2a: Oranguru|[spread] p2a,p2b\n|-supereffective|p2a: Oranguru\n|-damage|p2a: Oranguru|78\/100\n|-damage|p2b: Dudunsparce|25\/100\n|-unboost|p2a: Oranguru|spa|1\n|-unboost|p2b: Dudunsparce|spa|1\n|\n|upkeep\n|turn|3\n|\n|t:|1682793441\n|move|p1b: Eelektross|Protect|p1b: Eelektross\n|-singleturn|p1b: Eelektross|Protect\n|move|p2b: Dudunsparce|Rock Slide|p1b: Eelektross|[spread] p1a\n|-activate|p1b: Eelektross|move: Protect\n|-damage|p1a: Umbreon|86\/100\n|move|p2a: Oranguru|Instruct|p2b: Dudunsparce\n|-singleturn|p2b: Dudunsparce|move: Instruct|[of] p2a: Oranguru\n|move|p2b: Dudunsparce|Rock Slide|p1a: Umbreon|[spread] p1a\n|-activate|p1b: Eelektross|move: Protect\n|-damage|p1a: Umbreon|71\/100\n|cant|p1a: Umbreon|flinch\n|\n|-heal|p1a: Umbreon|77\/100|[from] item: Leftovers\n|upkeep\n|turn|4\n|\n|t:|1682793467\n|move|p2b: Dudunsparce|Protect|p2b: Dudunsparce\n|-singleturn|p2b: Dudunsparce|Protect\n|move|p2a: Oranguru|Psychic|p1b: Eelektross\n|-damage|p1b: Eelektross|77\/100\n|move|p1b: Eelektross|Drain Punch|p2b: Dudunsparce\n|-activate|p2b: Dudunsparce|move: Protect\n|move|p1a: Umbreon|Wish|p1a: Umbreon\n|\n|-heal|p1a: Umbreon|83\/100|[from] item: Leftovers\n|upkeep\n|turn|5\n|\n|t:|1682793483\n|move|p1b: Eelektross|Protect|p1b: Eelektross\n|-singleturn|p1b: Eelektross|Protect\n|move|p2b: Dudunsparce|Hyper Drill|p1b: Eelektross\n|-damage|p1b: Eelektross|42\/100\n|move|p2a: Oranguru|Instruct|p2b: Dudunsparce\n|-singleturn|p2b: Dudunsparce|move: Instruct|[of] p2a: Oranguru\n|move|p2b: Dudunsparce|Hyper Drill|p1b: Eelektross\n|-damage|p1b: Eelektross|9\/100\n|move|p1a: Umbreon|Snarl|p2a: Oranguru|[spread] p2a,p2b\n|-supereffective|p2a: Oranguru\n|-damage|p2a: Oranguru|68\/100\n|-damage|p2b: Dudunsparce|16\/100\n|-unboost|p2a: Oranguru|spa|1\n|-unboost|p2b: Dudunsparce|spa|1\n|\n|-heal|p1a: Umbreon|100\/100|[from] move: Wish|[wisher] Umbreon\n|-fieldend|move: Trick Room\n|upkeep\n|turn|6\n|c|\u2606moratopablot|a que eso atraviesa\n|\n|t:|1682793518\n|move|p1a: Umbreon|Helping Hand|p1b: Eelektross\n|-singleturn|p1b: Eelektross|Helping Hand|[of] p1a: Umbreon\n|move|p2b: Dudunsparce|Protect|p2b: Dudunsparce\n|-singleturn|p2b: Dudunsparce|Protect\n|move|p1b: Eelektross|Drain Punch|p2a: Oranguru\n|-damage|p2a: Oranguru|9\/100\n|-heal|p1b: Eelektross|40\/100|[from] drain|[of] p2a: Oranguru\n|-enditem|p2a: Oranguru|Aguav Berry|[eat]\n|-heal|p2a: Oranguru|42\/100|[from] item: Aguav Berry\n|move|p2a: Oranguru|Psychic|p1b: Eelektross\n|-damage|p1b: Eelektross|29\/100\n|\n|upkeep\n|turn|7\n|\n|t:|1682793545\n|move|p2b: Dudunsparce|Protect||[still]\n|-fail|p2b: Dudunsparce\n|move|p1a: Umbreon|Snarl|p2a: Oranguru|[spread] p2a,p2b\n|-supereffective|p2a: Oranguru\n|-damage|p2a: Oranguru|29\/100\n|-damage|p2b: Dudunsparce|6\/100\n|-unboost|p2a: Oranguru|spa|1\n|-unboost|p2b: Dudunsparce|spa|1\n|move|p1b: Eelektross|Drain Punch|p2b: Dudunsparce\n|-supereffective|p2b: Dudunsparce\n|-damage|p2b: Dudunsparce|0 fnt\n|-heal|p1b: Eelektross|33\/100|[from] drain|[of] p2b: Dudunsparce\n|faint|p2b: Dudunsparce\n|move|p2a: Oranguru|Trick Room|p2a: Oranguru\n|-fieldstart|move: Trick Room|[of] p2a: Oranguru\n|\n|upkeep\n|\n|t:|1682793560\n|switch|p2b: Clawitzer|Clawitzer, L50, M|100\/100\n|turn|8\n|\n|t:|1682793579\n|switch|p2a: Ursaring|Ursaring, L50, F|100\/100\n|move|p1b: Eelektross|Protect|p1b: Eelektross\n|-singleturn|p1b: Eelektross|Protect\n|move|p2b: Clawitzer|Water Pulse|p1b: Eelektross\n|-activate|p1b: Eelektross|move: Protect\n|move|p1a: Umbreon|Snarl|p2b: Clawitzer|[spread] p2a,p2b\n|-damage|p2a: Ursaring|93\/100\n|-damage|p2b: Clawitzer|90\/100\n|-unboost|p2a: Ursaring|spa|1\n|-unboost|p2b: Clawitzer|spa|1\n|\n|upkeep\n|turn|9\n|\n|t:|1682793624\n|move|p1a: Umbreon|Helping Hand|p1b: Eelektross\n|-singleturn|p1b: Eelektross|Helping Hand|[of] p1a: Umbreon\n|move|p1b: Eelektross|Wild Charge|p2b: Clawitzer\n|-supereffective|p2b: Clawitzer\n|-damage|p2b: Clawitzer|0 fnt\n|faint|p2b: Clawitzer\n|-damage|p1b: Eelektross|12\/100|[from] Recoil\n|move|p2a: Ursaring|Belly Drum|p2a: Ursaring\n|-damage|p2a: Ursaring|43\/100\n|-setboost|p2a: Ursaring|atk|6|[from] move: Belly Drum\n|\n|upkeep\n|\n|t:|1682793637\n|switch|p2b: Oranguru|Oranguru, L50, F|29\/100\n|turn|10\n|\n|t:|1682793652\n|move|p1a: Umbreon|Helping Hand|p1b: Eelektross\n|-singleturn|p1b: Eelektross|Helping Hand|[of] p1a: Umbreon\n|move|p2b: Oranguru|Psychic|p1b: Eelektross\n|-damage|p1b: Eelektross|0 fnt\n|faint|p1b: Eelektross\n|move|p2a: Ursaring|Facade|p1a: Umbreon\n|-damage|p1a: Umbreon|0 fnt\n|faint|p1a: Umbreon\n|\n|upkeep\n|\n|t:|1682793665\n|switch|p1b: Lycanroc|Lycanroc-Dusk, L50, F|100\/100\n|switch|p1a: Honchkrow|Honchkrow, L50, M|100\/100\n|turn|11\n|l|\u203dEjequie\n|player|p2|\n|c| chinemelu|Que pasa?\n|c|\u2606moratopablot|que se le salio a ejequie\n|c|\u2606moratopablot|pone ejequie left\n|c| chinemelu|Ya pero porque?\n|c|\u2606moratopablot|no se\n|c|\u2606moratopablot|creo que gano yo igualmente\n|c| chinemelu|Tienes prioridad con ursa?\n|c|\u2606moratopablot|soy el del lycanroc\n|c| chinemelu|aaaaa\n|c| chinemelu|Tienes abi\n|c| chinemelu|Abocajaro?\n|c|\u2606moratopablot|sip\n|l| chinemelu\n|j|\u203dEjequie\n|player|p2|Ejequie|2\n|n|\u203dEjequie|ejequie\n|j| chinemelu\n|\n|t:|1682794017\n|-terastallize|p2a: Ursaring|Grass\n|move|p1b: Lycanroc|Accelerock|p2a: Ursaring\n|-damage|p2a: Ursaring|23\/100\n|move|p2b: Oranguru|Psychic|p1b: Lycanroc\n|-damage|p1b: Lycanroc|50\/100\n|move|p2a: Ursaring|Facade|p1a: Honchkrow\n|-damage|p1a: Honchkrow|0 fnt\n|faint|p1a: Honchkrow\n|\n|-fieldend|move: Trick Room\n|upkeep\n|turn|12\n|c|\u2606moratopablot|vale soy tonto\n|\n|t:|1682794051\n|-terastallize|p1b: Lycanroc|Rock\n|move|p1b: Lycanroc|Rock Slide|p2b: Oranguru|[spread] p2a,p2b\n|-damage|p2a: Ursaring|0 fnt\n|-damage|p2b: Oranguru|0 fnt\n|faint|p2a: Ursaring\n|faint|p2b: Oranguru\n|\n|win|moratopablot\n|c|\u2606moratopablot|a\n","uploadtime":1682794094,"views":15,"p1id":"moratopablot","p2id":"ejequie","formatid":"gen9vgc2023regulationc","rating":0,"private":0,"password":""}