{"id":"gen9vgc2023regulationc-1862424027","p1":"ethan06","p2":"Roopydoopy","format":"[Gen 9] VGC 2023 Regulation C","log":"|j|\u2606ethan06\n|j|\u2606Roopydoopy\n|t:|1683883819\n|gametype|doubles\n|player|p1|ethan06|ninjaboy|\n|player|p2|Roopydoopy|102|\n|teamsize|p1|6\n|teamsize|p2|6\n|gen|9\n|tier|[Gen 9] VGC 2023 Regulation C\n|rule|Species Clause: Limit one of each Pok\u00e9mon\n|rule|Item Clause: Limit one of each item\n|clearpoke\n|poke|p1|Dondozo, L50, M|\n|poke|p1|Tatsugiri, L50, M|\n|poke|p1|Salamence, L50, F|\n|poke|p1|Kingambit, L50, F|\n|poke|p1|Iron Valiant, L50|\n|poke|p1|Persian, L50, M|\n|poke|p2|Muk, L50, F|\n|poke|p2|Pawmot, L50, M|\n|poke|p2|Wigglytuff, L50, F|\n|poke|p2|Wo-Chien, L50|\n|poke|p2|Arcanine, L50, M|\n|poke|p2|Gothorita, L50, M|\n|teampreview|4\nRoopydoopy has agreed to open team sheets.\nethan06 has agreed to open team sheets.\n|c|\u2606Roopydoopy|glhf\n|c|\u2606ethan06|g3 !\n|c|\u2606ethan06|hfhf\n|j| SlifVGC\n|\n|t:|1683883896\n|start\n|switch|p1a: Persian|Persian, L50, M|100\/100\n|switch|p1b: Salamence|Salamence, L50, F|100\/100\n|switch|p2a: Muk|Muk, L50, F|100\/100\n|switch|p2b: Wigglytuff|Wigglytuff, L50, F|100\/100\n|-ability|p1a: Persian|Unnerve\n|-ability|p1b: Salamence|Intimidate|boost\n|-unboost|p2a: Muk|atk|1\n|-unboost|p2b: Wigglytuff|atk|1\n|-ability|p2b: Wigglytuff|Competitive|boost\n|-boost|p2b: Wigglytuff|spa|2\n|turn|1\n|\n|t:|1683883918\n|-terastallize|p1b: Salamence|Steel\n|move|p2a: Muk|Protect|p2a: Muk\n|-singleturn|p2a: Muk|Protect\n|move|p1a: Persian|Taunt|p2a: Muk\n|-activate|p2a: Muk|move: Protect\n|move|p1b: Salamence|Tera Blast|p2b: Wigglytuff\n|-supereffective|p2b: Wigglytuff\n|-damage|p2b: Wigglytuff|0 fnt\n|faint|p2b: Wigglytuff\n|\n|upkeep\n|\n|t:|1683883930\n|switch|p2b: Pawmot|Pawmot, L50, M|100\/100\n|turn|2\n|\n|t:|1683883949\n|switch|p1b: Iron Valiant|Iron Valiant, L50|100\/100\n|-terastallize|p2a: Muk|Ghost\n|move|p2b: Pawmot|Mach Punch|p1a: Persian\n|-supereffective|p1a: Persian\n|-damage|p1a: Persian|34\/100\n|-enditem|p1a: Persian|Sitrus Berry|[eat]\n|-heal|p1a: Persian|59\/100|[from] item: Sitrus Berry\n|move|p1a: Persian|Fake Tears|p2b: Pawmot\n|-unboost|p2b: Pawmot|spd|2\n|move|p2a: Muk|Curse|p1a: Persian\n|-start|p1a: Persian|Curse|[of] p2a: Muk\n|-damage|p2a: Muk|50\/100\n|\n|-damage|p1a: Persian|34\/100|[from] Curse\n|upkeep\n|turn|3\n|\n|t:|1683883973\n|move|p1a: Persian|Feint|p2b: Pawmot\n|-crit|p2b: Pawmot\n|-damage|p2b: Pawmot|81\/100\n|move|p2b: Pawmot|Mach Punch|p1a: Persian\n|-supereffective|p1a: Persian\n|-damage|p1a: Persian|0 fnt\n|faint|p1a: Persian\n|move|p1b: Iron Valiant|Aura Sphere|p2b: Pawmot\n|-damage|p2b: Pawmot|0 fnt\n|faint|p2b: Pawmot\n|-damage|p1b: Iron Valiant|90\/100|[from] item: Life Orb\n|move|p2a: Muk|Poison Gas|p1b: Iron Valiant\n|-status|p1b: Iron Valiant|psn\n|\n|-damage|p1b: Iron Valiant|78\/100 psn|[from] psn\n|upkeep\n|\n|t:|1683883989\n|switch|p1a: Salamence|Salamence, L50, F, tera:Steel|100\/100\n|switch|p2b: Gothorita|Gothorita, L50, M|100\/100\n|-ability|p1a: Salamence|Intimidate|boost\n|-unboost|p2a: Muk|atk|1\n|-unboost|p2b: Gothorita|atk|1\n|turn|4\n|\n|t:|1683884013\n|move|p1b: Iron Valiant|Protect|p1b: Iron Valiant\n|-singleturn|p1b: Iron Valiant|Protect\n|move|p2b: Gothorita|Fake Out|p1a: Salamence\n|-resisted|p1a: Salamence\n|-damage|p1a: Salamence|99\/100\n|cant|p1a: Salamence|flinch\n|move|p2a: Muk|Curse|p1a: Salamence\n|-start|p1a: Salamence|Curse|[of] p2a: Muk\n|-damage|p2a: Muk|0 fnt\n|faint|p2a: Muk\n|\n|-damage|p1b: Iron Valiant|65\/100 psn|[from] psn\n|-damage|p1a: Salamence|74\/100|[from] Curse\n|upkeep\n|turn|5\n|\n|t:|1683884033\n|move|p2b: Gothorita|Protect|p2b: Gothorita\n|-singleturn|p2b: Gothorita|Protect\n|move|p1b: Iron Valiant|Thunderbolt|p2b: Gothorita\n|-activate|p2b: Gothorita|move: Protect\n|move|p1a: Salamence|Draco Meteor|p2b: Gothorita\n|-activate|p2b: Gothorita|move: Protect\n|\n|-damage|p1b: Iron Valiant|53\/100 psn|[from] psn\n|-damage|p1a: Salamence|49\/100|[from] Curse\n|upkeep\n|turn|6\n|\n|t:|1683884045\n|move|p1b: Iron Valiant|Thunderbolt|p2b: Gothorita\n|-damage|p2b: Gothorita|73\/100\n|-damage|p1b: Iron Valiant|43\/100 psn|[from] item: Life Orb\n|move|p1a: Salamence|Draco Meteor|p2b: Gothorita\n|-damage|p2b: Gothorita|11\/100\n|-unboost|p1a: Salamence|spa|2\n|move|p2b: Gothorita|Thunderbolt|p1b: Iron Valiant\n|-damage|p1b: Iron Valiant|14\/100 psn\n|\n|-damage|p1b: Iron Valiant|1\/100 psn|[from] psn\n|-damage|p1a: Salamence|25\/100|[from] Curse\n|upkeep\n|turn|7\n|\n|t:|1683884059\n|move|p2b: Gothorita|Protect|p2b: Gothorita\n|-singleturn|p2b: Gothorita|Protect\n|move|p1b: Iron Valiant|Thunderbolt|p2b: Gothorita\n|-activate|p2b: Gothorita|move: Protect\n|move|p1a: Salamence|Draco Meteor|p2b: Gothorita\n|-activate|p2b: Gothorita|move: Protect\n|\n|-damage|p1b: Iron Valiant|0 fnt|[from] psn\n|faint|p1b: Iron Valiant\n|-end|p1b: Iron Valiant|Quark Drive|[silent]\n|-damage|p1a: Salamence|0 fnt|[from] Curse\n|faint|p1a: Salamence\n|upkeep\n|\n|t:|1683884071\n|switch|p1b: Kingambit|Kingambit, L50, F|100\/100\n|turn|8\n|\n|t:|1683884083\n|move|p2b: Gothorita|Thunderbolt|p1b: Kingambit\n|-damage|p1b: Kingambit|84\/100\n|move|p1b: Kingambit|Assurance|p2b: Gothorita\n|-supereffective|p2b: Gothorita\n|-damage|p2b: Gothorita|0 fnt\n|faint|p2b: Gothorita\n|\n|win|ethan06\n|c|\u2606ethan06|gg\n|l| SlifVGC\n|c|\u2606Roopydoopy|gg\n","uploadtime":1683884095,"views":17,"p1id":"ethan06","p2id":"roopydoopy","formatid":"gen9vgc2023regulationc","rating":0,"private":0,"password":""}