{"id":"gen9vgc2023regulationc-1856338241","p1":"LittleGostos","p2":"carlospe1205","format":"[Gen 9] VGC 2023 Regulation C","log":"|j|\u2606LittleGostos\n|j|\u2606carlospe1205\n|t:|1683052109\n|gametype|doubles\n|player|p1|LittleGostos|veteran|1040\n|player|p2|carlospe1205|bugsy|1122\n|teamsize|p1|6\n|teamsize|p2|6\n|gen|9\n|tier|[Gen 9] VGC 2023 Regulation C\n|rated|\n|rule|Species Clause: Limit one of each Pok\u00e9mon\n|rule|Item Clause: Limit one of each item\n|clearpoke\n|poke|p1|Dragapult, L50, F|\n|poke|p1|Grimmsnarl, L50, M|\n|poke|p1|Zoroark, L50, M|\n|poke|p1|Veluza, L50, F|\n|poke|p1|Iron Moth, L50|\n|poke|p1|Pincurchin, L50, M|\n|poke|p2|Baxcalibur, L50, F|\n|poke|p2|Talonflame, L50, F|\n|poke|p2|Amoonguss, L50, F|\n|poke|p2|Grimmsnarl, L50, M|\n|poke|p2|Flutter Mane, L50|\n|poke|p2|Chi-Yu, L50|\n|teampreview|4\n|inactive|Battle timer is ON: inactive players will automatically lose when time's up. (requested by LittleGostos)\n|\n|t:|1683052130\n|start\n|switch|p1a: Grimmsnarl|Grimmsnarl, L50, M|100\/100\n|switch|p1b: Veluza|Veluza, L50, F, shiny|100\/100\n|switch|p2a: Krompus|Grimmsnarl, L50, M|100\/100\n|switch|p2b: Lourdes|Talonflame, L50, F|100\/100\n|turn|1\n|\n|t:|1683052147\n|move|p2a: Krompus|Fake Out|p1a: Grimmsnarl\n|-damage|p1a: Grimmsnarl|85\/100\n|cant|p1a: Grimmsnarl|flinch\n|move|p2b: Lourdes|Taunt|p1b: Veluza\n|-start|p1b: Veluza|move: Taunt\n|move|p1b: Veluza|Knock Off|p2a: Krompus\n|-resisted|p2a: Krompus\n|-damage|p2a: Krompus|85\/100\n|-enditem|p2a: Krompus|Light Clay|[from] move: Knock Off|[of] p1b: Veluza\n|\n|upkeep\n|turn|2\n|\n|t:|1683052162\n|move|p2a: Krompus|Reflect|p2a: Krompus\n|-sidestart|p2: carlospe1205|Reflect\n|move|p1a: Grimmsnarl|Reflect|p1a: Grimmsnarl\n|-sidestart|p1: LittleGostos|Reflect\n|move|p2b: Lourdes|Taunt|p1a: Grimmsnarl\n|-start|p1a: Grimmsnarl|move: Taunt\n|move|p1b: Veluza|Knock Off|p2b: Lourdes\n|-damage|p2b: Lourdes|56\/100\n|-enditem|p2b: Lourdes|Safety Goggles|[from] move: Knock Off|[of] p1b: Veluza\n|\n|upkeep\n|turn|3\n|\n|t:|1683052176\n|move|p2b: Lourdes|Tailwind|p2b: Lourdes\n|-sidestart|p2: carlospe1205|move: Tailwind\n|move|p2a: Krompus|Spirit Break|p1b: Veluza\n|-supereffective|p1b: Veluza\n|-damage|p1b: Veluza|0 fnt\n|replace|p1b: Zoroark|Zoroark, L50, M, shiny\n|-end|p1b: Zoroark|Illusion\n|faint|p1b: Zoroark\n|move|p1a: Grimmsnarl|Spirit Break|p2a: Krompus\n|-supereffective|p2a: Krompus\n|-damage|p2a: Krompus|33\/100\n|-unboost|p2a: Krompus|spa|1\n|\n|upkeep\n|\n|t:|1683052190\n|switch|p1b: Veluza|Veluza, L50, F, shiny|100\/100\n|-ability|p1b: Veluza|Mold Breaker\n|turn|4\n|\n|t:|1683052198\n|switch|p2a: AMOGUS|Amoonguss, L50, F|100\/100\n|move|p2b: Lourdes|Taunt|p1b: Veluza\n|-start|p1b: Veluza|move: Taunt\n|move|p1b: Veluza|Icy Wind|p2a: AMOGUS|[spread] p2a,p2b\n|-supereffective|p2a: AMOGUS\n|-damage|p2a: AMOGUS|84\/100\n|-damage|p2b: Lourdes|43\/100\n|-unboost|p2a: AMOGUS|spe|1\n|-unboost|p2b: Lourdes|spe|1\n|move|p1a: Grimmsnarl|Spirit Break|p2a: AMOGUS\n|-resisted|p2a: AMOGUS\n|-damage|p2a: AMOGUS|77\/100\n|-unboost|p2a: AMOGUS|spa|1\n|-damage|p1a: Grimmsnarl|69\/100|[from] item: Rocky Helmet|[of] p2a: AMOGUS\n|\n|upkeep\n|turn|5\n|inactive|LittleGostos has 30 seconds left.\n|\n|t:|1683052225\n|switch|p2b: Spiny|Baxcalibur, L50, F|100\/100\n|move|p1b: Veluza|Psychic Fangs|p2b: Spiny\n|-sideend|p2: carlospe1205|Reflect\n|-damage|p2b: Spiny|72\/100\n|move|p1a: Grimmsnarl|Spirit Break|p2b: Spiny\n|-supereffective|p2b: Spiny\n|-damage|p2b: Spiny|17\/100\n|-unboost|p2b: Spiny|spa|1\n|-enditem|p2b: Spiny|Weakness Policy\n|-boost|p2b: Spiny|atk|2|[from] item: Weakness Policy\n|-boost|p2b: Spiny|spa|2|[from] item: Weakness Policy\n|move|p2a: AMOGUS|Spore|p1a: Grimmsnarl\n|-status|p1a: Grimmsnarl|slp|[from] move: Spore\n|\n|-end|p1a: Grimmsnarl|move: Taunt\n|upkeep\n|turn|6\n|inactive|LittleGostos has 30 seconds left.\n|\n|t:|1683052256\n|-terastallize|p1b: Veluza|Psychic\n|move|p2b: Spiny|Protect|p2b: Spiny\n|-singleturn|p2b: Spiny|Protect\n|cant|p1a: Grimmsnarl|slp\n|move|p1b: Veluza|Psychic Fangs|p1a: Grimmsnarl\n|-immune|p1a: Grimmsnarl\n|move|p2a: AMOGUS|Spore|p1b: Veluza\n|-status|p1b: Veluza|slp|[from] move: Spore\n|\n|-end|p1b: Veluza|move: Taunt\n|-sideend|p2: carlospe1205|move: Tailwind\n|upkeep\n|turn|7\n|inactive|LittleGostos has 30 seconds left.\n|inactive|carlospe1205 has 30 seconds left.\n|inactive|LittleGostos has 20 seconds left.\n|inactive|carlospe1205 has 20 seconds left.\n|inactive|LittleGostos has 15 seconds left.\n|inactive|carlospe1205 has 15 seconds left.\n|inactive|LittleGostos has 10 seconds left.\n|\n|t:|1683052305\n|-terastallize|p2b: Spiny|Steel\n|cant|p1a: Grimmsnarl|slp\n|move|p2b: Spiny|Iron Head|p1b: Veluza\n|-damage|p1b: Veluza|50\/100 slp\n|cant|p1b: Veluza|slp\n|move|p2a: AMOGUS|Pollen Puff|p2b: Spiny\n|-heal|p2b: Spiny|67\/100\n|\n|-heal|p1b: Veluza|56\/100 slp|[from] item: Leftovers\n|upkeep\n|turn|8\n|inactive|carlospe1205 has 30 seconds left.\n|\n|t:|1683052331\n|switch|p2a: Lourdes|Talonflame, L50, F|43\/100\n|move|p2b: Spiny|Protect|p2b: Spiny\n|-singleturn|p2b: Spiny|Protect\n|cant|p1a: Grimmsnarl|slp\n|cant|p1b: Veluza|slp\n|\n|-heal|p1b: Veluza|62\/100 slp|[from] item: Leftovers\n|upkeep\n|turn|9\n|\n|t:|1683052349\n|-curestatus|p1a: Grimmsnarl|slp|[msg]\n|move|p1a: Grimmsnarl|Light Screen|p1a: Grimmsnarl\n|-sidestart|p1: LittleGostos|move: Light Screen\n|move|p2a: Lourdes|Tailwind|p2a: Lourdes\n|-sidestart|p2: carlospe1205|move: Tailwind\n|move|p2b: Spiny|Iron Head|p1a: Grimmsnarl\n|-supereffective|p1a: Grimmsnarl\n|-damage|p1a: Grimmsnarl|0 fnt\n|faint|p1a: Grimmsnarl\n|cant|p1b: Veluza|slp\n|\n|-heal|p1b: Veluza|69\/100 slp|[from] item: Leftovers\n|-sideend|p1: LittleGostos|Reflect\n|upkeep\n|\n|t:|1683052364\n|switch|p1a: Dragapult|Dragapult, L50, F|100\/100\n|turn|10\n|\n|t:|1683052373\n|move|p2a: Lourdes|Taunt|p1a: Dragapult\n|-start|p1a: Dragapult|move: Taunt\n|move|p2b: Spiny|Glaive Rush|p1a: Dragapult\n|-supereffective|p1a: Dragapult\n|-damage|p1a: Dragapult|0 fnt\n|-singlemove|p2b: Spiny|Glaive Rush|[silent]\n|faint|p1a: Dragapult\n|-curestatus|p1b: Veluza|slp|[msg]\n|move|p1b: Veluza|Psychic Fangs|p2a: Lourdes\n|-damage|p2a: Lourdes|0 fnt\n|faint|p2a: Lourdes\n|\n|-heal|p1b: Veluza|75\/100|[from] item: Leftovers\n|upkeep\n|\n|t:|1683052389\n|switch|p2a: AMOGUS|Amoonguss, L50, F|100\/100\n|turn|11\n|\n|t:|1683052407\n|move|p2b: Spiny|Protect|p2b: Spiny\n|-singleturn|p2b: Spiny|Protect\n|move|p2a: AMOGUS|Spore|p1b: Veluza\n|-status|p1b: Veluza|slp|[from] move: Spore\n|cant|p1b: Veluza|slp\n|\n|-heal|p1b: Veluza|81\/100 slp|[from] item: Leftovers\n|upkeep\n|turn|12\n|\n|t:|1683052430\n|move|p2b: Spiny|Glaive Rush|p1b: Veluza\n|-damage|p1b: Veluza|0 fnt\n|-singlemove|p2b: Spiny|Glaive Rush|[silent]\n|faint|p1b: Veluza\n|\n|win|carlospe1205\n|raw|LittleGostos's rating: 1040 → 1028<\/strong> (-12 for losing)\n|raw|carlospe1205's rating: 1122 → 1141<\/strong> (+19 for winning)\n","uploadtime":1683052439,"views":9,"p1id":"littlegostos","p2id":"carlospe1205","formatid":"gen9vgc2023regulationc","rating":1028,"private":0,"password":""}