{"id":"gen9vgc2023regulationc-1857251196","p1":"ShaytheFair","p2":"AGSilver935","format":"[Gen 9] VGC 2023 Regulation C","log":"|j|\u2606ShaytheFair\n|j|\u2606AGSilver935\n|t:|1683163554\n|gametype|doubles\n|player|p1|ShaytheFair|veteranf|\n|player|p2|AGSilver935|giovanni-masters|\n|teamsize|p1|6\n|teamsize|p2|6\n|gen|9\n|tier|[Gen 9] VGC 2023 Regulation C\n|rule|Species Clause: Limit one of each Pok\u00e9mon\n|rule|Item Clause: Limit one of each item\n|clearpoke\n|poke|p1|Palafin, L50, F|\n|poke|p1|Flutter Mane, L50|\n|poke|p1|Arcanine, L50, M|\n|poke|p1|Ting-Lu, L50|\n|poke|p1|Amoonguss, L50, M|\n|poke|p1|Kingambit, L50, F|\n|poke|p2|Baxcalibur, L50, F|\n|poke|p2|Flutter Mane, L50|\n|poke|p2|Chi-Yu, L50|\n|poke|p2|Iron Bundle, L50|\n|poke|p2|Amoonguss, L50, M|\n|poke|p2|Stonjourner, L50, F|\n|teampreview|4\nAGSilver935 has agreed to open team sheets.\nShaytheFair has agreed to open team sheets.\n|c|\u2606AGSilver935|Just gonna set up the three games for the set first lol\n|c|\u2606ShaytheFair|Hey, it's stony boy!\n|c|\u2606AGSilver935|Yeah I'm fiddling with it. Idk if it'll stick, but I'm intrigued by it since Kaguya's been performing well with it\n|c|\u2606ShaytheFair|Yeah, I've noticed. He's a pro with that mon\n|c|\u2606AGSilver935|Up to you whether you want timer on or not. I'm impartial either way\n|c|\u2606AGSilver935|Good luck!\n|c|\u2606ShaytheFair|I'm fine with the timer, I need to get accustomed to working under pressure anyway.\n|inactive|Battle timer is ON: inactive players will automatically lose when time's up. (requested by AGSilver935)\n|c|\u2606ShaytheFair|And Good luck as well\n|inactive|ShaytheFair has 60 seconds left.\n|\n|t:|1683163748\n|start\n|switch|p1a: Fish Food|Palafin, L50, F|100\/100\n|switch|p1b: Butter Pecan|Arcanine, L50, M|100\/100\n|switch|p2a: Baxcalibur|Baxcalibur, L50, F|100\/100\n|switch|p2b: Stonjourner|Stonjourner, L50, F|100\/100\n|-ability|p1b: Butter Pecan|Intimidate|boost\n|-fail|p2a: Baxcalibur|unboost|[from] item: Clear Amulet|[of] p2a: Baxcalibur\n|-unboost|p2b: Stonjourner|atk|1\n|turn|1\n|inactive|ShaytheFair has 30 seconds left.\n|\n|t:|1683163779\n|detailschange|p1a: Fish Food|Palafin-Hero, L50, F\n|switch|p1a: Fudge Swirl|Kingambit, L50, F|100\/100\n|move|p1b: Butter Pecan|Howl|p1b: Butter Pecan|[spread] p1a,p1b\n|-boost|p1a: Fudge Swirl|atk|1\n|-boost|p1b: Butter Pecan|atk|1\n|move|p2b: Stonjourner|Rock Slide|p1a: Fudge Swirl|[spread] p1a,p1b\n|-resisted|p1a: Fudge Swirl\n|-supereffective|p1b: Butter Pecan\n|-damage|p1a: Fudge Swirl|92\/100\n|-damage|p1b: Butter Pecan|60\/100\n|move|p2a: Baxcalibur|Glaive Rush|p1b: Butter Pecan\n|-damage|p1b: Butter Pecan|0 fnt\n|-singlemove|p2a: Baxcalibur|Glaive Rush|[silent]\n|faint|p1b: Butter Pecan\n|\n|upkeep\n|\n|t:|1683163793\n|switch|p1b: Fish Food|Palafin-Hero, L50, F|100\/100\n|-activate|p1b: Fish Food|ability: Zero to Hero\n|turn|2\n|\n|t:|1683163809\n|move|p1b: Fish Food|Protect|p1b: Fish Food\n|-singleturn|p1b: Fish Food|Protect\n|move|p2a: Baxcalibur|Ice Shard|p1a: Fudge Swirl\n|-resisted|p1a: Fudge Swirl\n|-damage|p1a: Fudge Swirl|80\/100\n|move|p1a: Fudge Swirl|Sucker Punch||[still]\n|-fail|p1a: Fudge Swirl\n|move|p2b: Stonjourner|Low Kick|p1a: Fudge Swirl\n|-supereffective|p1a: Fudge Swirl\n|-damage|p1a: Fudge Swirl|6\/100\n|\n|upkeep\n|turn|3\n|inactive|ShaytheFair has 30 seconds left.\n|\n|t:|1683163842\n|switch|p1a: Chocolate Cherry|Flutter Mane, L50|100\/100\n|-enditem|p1a: Chocolate Cherry|Booster Energy\n|-activate|p1a: Chocolate Cherry|ability: Protosynthesis|[fromitem]\n|-start|p1a: Chocolate Cherry|protosynthesisspa\n|-terastallize|p1b: Fish Food|Water\n|move|p2b: Stonjourner|Rock Slide|p1a: Chocolate Cherry|[spread] p1a\n|-miss|p2b: Stonjourner|p1b: Fish Food\n|-damage|p1a: Chocolate Cherry|66\/100\n|move|p1b: Fish Food|Wave Crash|p2b: Stonjourner\n|-supereffective|p2b: Stonjourner\n|-enditem|p2b: Stonjourner|Focus Sash\n|-damage|p2b: Stonjourner|1\/100\n|-damage|p1b: Fish Food|73\/100|[from] Recoil\n|move|p2a: Baxcalibur|Glaive Rush|p1b: Fish Food\n|-damage|p1b: Fish Food|0 fnt\n|-singlemove|p2a: Baxcalibur|Glaive Rush|[silent]\n|faint|p1b: Fish Food\n|\n|upkeep\n|\n|t:|1683163860\n|switch|p1b: Fudge Swirl|Kingambit, L50, F|6\/100\n|turn|4\n|\n|t:|1683163870\n|-terastallize|p2a: Baxcalibur|Poison\n|move|p2b: Stonjourner|Protect|p2b: Stonjourner\n|-singleturn|p2b: Stonjourner|Protect\n|move|p2a: Baxcalibur|Ice Shard|p1b: Fudge Swirl\n|-resisted|p1b: Fudge Swirl\n|-damage|p1b: Fudge Swirl|0 fnt\n|faint|p1b: Fudge Swirl\n|move|p1a: Chocolate Cherry|Dazzling Gleam|p2b: Stonjourner|[spread] p2a\n|-activate|p2b: Stonjourner|move: Protect\n|-resisted|p2a: Baxcalibur\n|-damage|p2a: Baxcalibur|83\/100\n|\n|upkeep\n|turn|5\n|\n|t:|1683163883\n|move|p1a: Chocolate Cherry|Protect|p1a: Chocolate Cherry\n|-singleturn|p1a: Chocolate Cherry|Protect\n|move|p2b: Stonjourner|Rock Slide|p1a: Chocolate Cherry\n|-activate|p1a: Chocolate Cherry|move: Protect\n|move|p2a: Baxcalibur|Icicle Crash|p1a: Chocolate Cherry\n|-activate|p1a: Chocolate Cherry|move: Protect\n|\n|upkeep\n|turn|6\n|\n|t:|1683163893\n|move|p1a: Chocolate Cherry|Dazzling Gleam|p2b: Stonjourner|[spread] p2a,p2b\n|-resisted|p2a: Baxcalibur\n|-damage|p2a: Baxcalibur|64\/100\n|-damage|p2b: Stonjourner|0 fnt\n|faint|p2b: Stonjourner\n|move|p2a: Baxcalibur|Icicle Crash|p1a: Chocolate Cherry\n|-damage|p1a: Chocolate Cherry|0 fnt\n|faint|p1a: Chocolate Cherry\n|-end|p1a: Chocolate Cherry|Protosynthesis|[silent]\n|\n|win|AGSilver935\n|c|\u2606AGSilver935|gg\n|c|\u2606ShaytheFair|gg\n|c|\u2606AGSilver935|I'll save comments for the end of the set\n|c|\u2606AGSilver935|To game 2!\n","uploadtime":1683163909,"views":20,"p1id":"shaythefair","p2id":"agsilver935","formatid":"gen9vgc2023regulationc","rating":0,"private":0,"password":""}