{"id":"gen9vgc2023regulationc-1846713253","p1":"lmorais","p2":"eatfood86","format":"[Gen 9] VGC 2023 Regulation C","log":"|j|\u2606lmorais\n|j|\u2606eatfood86\n|t:|1681869037\n|gametype|doubles\n|player|p1|lmorais|265|1108\n|player|p2|eatfood86|1|1055\n|teamsize|p1|6\n|teamsize|p2|6\n|gen|9\n|tier|[Gen 9] VGC 2023 Regulation C\n|rated|\n|rule|Species Clause: Limit one of each Pok\u00e9mon\n|rule|Item Clause: Limit one of each item\n|clearpoke\n|poke|p1|Baxcalibur, L50, F|\n|poke|p1|Tatsugiri, L50, F|\n|poke|p1|Arcanine, L50, M|\n|poke|p1|Flutter Mane, L50|\n|poke|p1|Amoonguss, L50, F|\n|poke|p1|Gholdengo, L50|\n|poke|p2|Palafin, L50, F|\n|poke|p2|Chien-Pao, L50|\n|poke|p2|Dragapult, L50, F|\n|poke|p2|Amoonguss, L50, F|\n|poke|p2|Arcanine, L50, F|\n|poke|p2|Flutter Mane, L50|\n|teampreview|4\n|inactive|Battle timer is ON: inactive players will automatically lose when time's up. (requested by eatfood86)\n|inactive|eatfood86 has 60 seconds left.\n|inactive|eatfood86 has 30 seconds left.\n|inactive|eatfood86 has 20 seconds left.\n|inactive|eatfood86 has 15 seconds left.\n|inactive|eatfood86 has 10 seconds left.\n|\n|t:|1681869121\n|start\n|switch|p1a: Baxcalibur|Baxcalibur, L50, F|100\/100\n|switch|p1b: Tatsugiri|Tatsugiri, L50, F|100\/100\n|switch|p2a: Dozo|Palafin, L50, F|100\/100\n|switch|p2b: ChiYu|Arcanine, L50, F|100\/100\n|-ability|p2b: ChiYu|Intimidate|boost\n|-unboost|p1a: Baxcalibur|atk|1\n|-unboost|p1b: Tatsugiri|atk|1\n|turn|1\n|inactive|lmorais has 30 seconds left.\n|\n|t:|1681869148\n|detailschange|p2a: Dozo|Palafin-Hero, L50, F\n|switch|p2a: Mimi|Flutter Mane, L50|100\/100\n|-enditem|p2a: Mimi|Booster Energy\n|-activate|p2a: Mimi|ability: Protosynthesis|[fromitem]\n|-start|p2a: Mimi|protosynthesisspa\n|move|p1b: Tatsugiri|Icy Wind|p2a: Mimi|[spread] p2a,p2b\n|-resisted|p2b: ChiYu\n|-damage|p2a: Mimi|90\/100\n|-damage|p2b: ChiYu|94\/100\n|-unboost|p2a: Mimi|spe|1\n|-unboost|p2b: ChiYu|spe|1\n|move|p1a: Baxcalibur|Glaive Rush|p2b: ChiYu\n|-damage|p2b: ChiYu|48\/100\n|-singlemove|p1a: Baxcalibur|Glaive Rush|[silent]\n|move|p2b: ChiYu|Will-O-Wisp|p1a: Baxcalibur\n|-immune|p1a: Baxcalibur|[from] ability: Thermal Exchange\n|\n|upkeep\n|turn|2\n|inactive|eatfood86 has 30 seconds left.\n|\n|t:|1681869173\n|switch|p1b: Gholdengo|Gholdengo, L50|100\/100\n|move|p1a: Baxcalibur|Protect|p1a: Baxcalibur\n|-singleturn|p1a: Baxcalibur|Protect\n|move|p2b: ChiYu|Extreme Speed|p1a: Baxcalibur\n|-activate|p1a: Baxcalibur|move: Protect\n|move|p2a: Mimi|Dazzling Gleam|p1a: Baxcalibur|[spread] p1b\n|-activate|p1a: Baxcalibur|move: Protect\n|-resisted|p1b: Gholdengo\n|-damage|p1b: Gholdengo|83\/100\n|\n|upkeep\n|turn|3\n|inactive|lmorais has 30 seconds left.\n|inactive|eatfood86 has 30 seconds left.\n|inactive|eatfood86 has 20 seconds left.\n|inactive|eatfood86 has 15 seconds left.\n|\n|t:|1681869218\n|-end|p2a: Mimi|Protosynthesis|[silent]\n|switch|p2a: Dozo|Palafin-Hero, L50, F|100\/100\n|-activate|p2a: Dozo|ability: Zero to Hero\n|-terastallize|p1a: Baxcalibur|Poison\n|move|p1b: Gholdengo|Protect|p1b: Gholdengo\n|-singleturn|p1b: Gholdengo|Protect\n|move|p1a: Baxcalibur|Icicle Spear|p2a: Dozo\n|-resisted|p2a: Dozo\n|-damage|p2a: Dozo|96\/100\n|-resisted|p2a: Dozo\n|-damage|p2a: Dozo|92\/100\n|-resisted|p2a: Dozo\n|-damage|p2a: Dozo|87\/100\n|-resisted|p2a: Dozo\n|-damage|p2a: Dozo|83\/100\n|-resisted|p2a: Dozo\n|-damage|p2a: Dozo|78\/100\n|-hitcount|p2a: Dozo|5\n|move|p2b: ChiYu|Flare Blitz|p1b: Gholdengo\n|-activate|p1b: Gholdengo|move: Protect\n|\n|upkeep\n|turn|4\n|inactive|eatfood86 has 30 seconds left.\n|inactive|eatfood86 has 20 seconds left.\n|\n|t:|1681869254\n|switch|p1b: Tatsugiri|Tatsugiri, L50, F|100\/100\n|move|p1a: Baxcalibur|Glaive Rush|p2b: ChiYu\n|-damage|p2b: ChiYu|4\/100\n|-singlemove|p1a: Baxcalibur|Glaive Rush|[silent]\n|move|p2a: Dozo|Wave Crash|p1b: Tatsugiri\n|-activate|p1b: Tatsugiri|ability: Storm Drain\n|-ability|p1b: Tatsugiri|Storm Drain|boost\n|-boost|p1b: Tatsugiri|spa|1\n|move|p2b: ChiYu|Flare Blitz|p1b: Tatsugiri\n|-resisted|p1b: Tatsugiri\n|-damage|p1b: Tatsugiri|82\/100\n|-damage|p2b: ChiYu|0 fnt|[from] Recoil\n|faint|p2b: ChiYu\n|\n|upkeep\n|inactive|eatfood86 has 30 seconds left.\n|\n|t:|1681869280\n|switch|p2b: Dnite|Dragapult, L50, F|100\/100\n|turn|5\n|inactive|lmorais has 30 seconds left.\n|\n|t:|1681869312\n|switch|p1b: Gholdengo|Gholdengo, L50|83\/100\n|-terastallize|p2b: Dnite|Steel\n|move|p2a: Dozo|Protect|p2a: Dozo\n|-singleturn|p2a: Dozo|Protect\n|move|p2b: Dnite|Dragon Darts|p1b: Gholdengo\n|-resisted|p1b: Gholdengo\n|-damage|p1b: Gholdengo|64\/100\n|-anim|p2b: Dnite|Dragon Darts|p1a: Baxcalibur\n|-damage|p1a: Baxcalibur|34\/100\n|move|p1a: Baxcalibur|Icicle Spear|p2b: Dnite\n|-resisted|p2b: Dnite\n|-damage|p2b: Dnite|94\/100\n|-resisted|p2b: Dnite\n|-crit|p2b: Dnite\n|-damage|p2b: Dnite|79\/100\n|-resisted|p2b: Dnite\n|-damage|p2b: Dnite|74\/100\n|-resisted|p2b: Dnite\n|-damage|p2b: Dnite|67\/100\n|-resisted|p2b: Dnite\n|-damage|p2b: Dnite|61\/100\n|-hitcount|p2b: Dnite|5\n|\n|upkeep\n|turn|6\n|inactive|lmorais has 30 seconds left.\n|\n|t:|1681869340\n|switch|p1a: Tatsugiri|Tatsugiri, L50, F|82\/100\n|switch|p2a: Mimi|Flutter Mane, L50|90\/100\n|move|p2b: Dnite|Dragon Darts|p1a: Tatsugiri\n|-supereffective|p1a: Tatsugiri\n|-damage|p1a: Tatsugiri|0 fnt\n|-anim|p2b: Dnite|Dragon Darts|p1b: Gholdengo\n|-resisted|p1b: Gholdengo\n|-damage|p1b: Gholdengo|47\/100\n|faint|p1a: Tatsugiri\n|move|p1b: Gholdengo|Shadow Ball|p2b: Dnite\n|-damage|p2b: Dnite|0 fnt\n|faint|p2b: Dnite\n|-damage|p1b: Gholdengo|37\/100|[from] item: Life Orb\n|\n|upkeep\n|\n|t:|1681869355\n|switch|p2b: Dozo|Palafin-Hero, L50, F|78\/100\n|switch|p1a: Baxcalibur|Baxcalibur, L50, F, tera:Poison|34\/100\n|turn|7\n|inactive|lmorais has 30 seconds left.\n|\n|t:|1681869383\n|move|p1a: Baxcalibur|Ice Shard|p2a: Mimi\n|-damage|p2a: Mimi|56\/100\n|move|p2b: Dozo|Jet Punch|p1a: Baxcalibur\n|-damage|p1a: Baxcalibur|0 fnt\n|faint|p1a: Baxcalibur\n|move|p2a: Mimi|Shadow Ball|p1b: Gholdengo\n|-supereffective|p1b: Gholdengo\n|-damage|p1b: Gholdengo|0 fnt\n|faint|p1b: Gholdengo\n|\n|upkeep\n|\n|t:|1681869397\n|switch|p1b: Flutter Mane|Flutter Mane, L50|100\/100\n|-enditem|p1b: Flutter Mane|Booster Energy\n|-activate|p1b: Flutter Mane|ability: Protosynthesis|[fromitem]\n|-start|p1b: Flutter Mane|protosynthesisspa\n|turn|8\n|\n|t:|1681869408\n|move|p2b: Dozo|Jet Punch|p1b: Flutter Mane\n|-damage|p1b: Flutter Mane|14\/100\n|move|p2a: Mimi|Shadow Ball|p1b: Flutter Mane\n|-supereffective|p1b: Flutter Mane\n|-damage|p1b: Flutter Mane|0 fnt\n|faint|p1b: Flutter Mane\n|-end|p1b: Flutter Mane|Protosynthesis|[silent]\n|\n|win|eatfood86\n|raw|lmorais's rating: 1108 → 1079<\/strong> (-29 for losing)\n|raw|eatfood86's rating: 1055 → 1092<\/strong> (+37 for winning)\n|l|\u2606eatfood86\n","uploadtime":1681869424,"views":14,"p1id":"lmorais","p2id":"eatfood86","formatid":"gen9vgc2023regulationc","rating":1079,"private":0,"password":""}