{"id":"gen9vgc2023regulationc-1850849329","p1":"OneWithTheSnom","p2":"doormattyy","format":"[Gen 9] VGC 2023 Regulation C","log":"|j|\u2606OneWithTheSnom\n|j|\u2606doormattyy\n|t:|1682374111\n|gametype|doubles\n|player|p1|OneWithTheSnom|gladion|1058\n|player|p2|doormattyy|lyra|1131\n|teamsize|p1|6\n|teamsize|p2|6\n|gen|9\n|tier|[Gen 9] VGC 2023 Regulation C\n|rated|\n|rule|Species Clause: Limit one of each Pok\u00e9mon\n|rule|Item Clause: Limit one of each item\n|clearpoke\n|poke|p1|Scizor, L50, M|\n|poke|p1|Ting-Lu, L50|\n|poke|p1|Sylveon, L50, M|\n|poke|p1|Iron Hands, L50|\n|poke|p1|Palafin, L50, F|\n|poke|p1|Skeledirge, L50, M|\n|poke|p2|Sylveon, L50, F|\n|poke|p2|Palafin, L50, M|\n|poke|p2|Arcanine, L50, M|\n|poke|p2|Kilowattrel, L50, F|\n|poke|p2|Orthworm, L50, M|\n|poke|p2|Ting-Lu, L50|\n|teampreview|4\n|inactive|Battle timer is ON: inactive players will automatically lose when time's up. (requested by OneWithTheSnom)\n|inactive|doormattyy has 60 seconds left.\n|\n|t:|1682374143\n|start\n|switch|p1a: Ting-Lu|Ting-Lu, L50|100\/100\n|switch|p1b: Iron Hands|Iron Hands, L50|100\/100\n|switch|p2a: Kilowattrel|Kilowattrel, L50, F|100\/100\n|switch|p2b: Sylveon|Sylveon, L50, F|100\/100\n|-ability|p1a: Ting-Lu|Vessel of Ruin\n|turn|1\n|inactive|doormattyy has 30 seconds left.\n|\n|t:|1682374178\n|-terastallize|p2b: Sylveon|Fire\n|move|p1b: Iron Hands|Fake Out|p2a: Kilowattrel\n|-damage|p2a: Kilowattrel|74\/100\n|cant|p2a: Kilowattrel|flinch\n|move|p2b: Sylveon|Hyper Voice|p1a: Ting-Lu|[spread] p1a,p1b\n|-supereffective|p1a: Ting-Lu\n|-supereffective|p1b: Iron Hands\n|-damage|p1a: Ting-Lu|75\/100\n|-damage|p1b: Iron Hands|64\/100\n|-enditem|p2b: Sylveon|Throat Spray\n|-boost|p2b: Sylveon|spa|1|[from] item: Throat Spray\n|move|p1a: Ting-Lu|Rock Slide|p2a: Kilowattrel|[spread] p2a,p2b\n|-supereffective|p2a: Kilowattrel\n|-supereffective|p2b: Sylveon\n|-damage|p2a: Kilowattrel|0 fnt\n|-damage|p2b: Sylveon|51\/100\n|faint|p2a: Kilowattrel\n|\n|upkeep\n|\n|t:|1682374195\n|switch|p2a: Arcanine|Arcanine, L50, M|100\/100\n|-ability|p2a: Arcanine|Intimidate|boost\n|-unboost|p1a: Ting-Lu|atk|1\n|-unboost|p1b: Iron Hands|atk|1\n|turn|2\n|\n|t:|1682374203\n|move|p1b: Iron Hands|Protect|p1b: Iron Hands\n|-singleturn|p1b: Iron Hands|Protect\n|move|p2a: Arcanine|Will-O-Wisp|p1b: Iron Hands\n|-activate|p1b: Iron Hands|move: Protect\n|move|p2b: Sylveon|Hyper Voice|p1b: Iron Hands|[spread] p1a\n|-activate|p1b: Iron Hands|move: Protect\n|-supereffective|p1a: Ting-Lu\n|-damage|p1a: Ting-Lu|39\/100\n|move|p1a: Ting-Lu|Earthquake|p2b: Sylveon|[spread] p2a,p2b\n|-activate|p1b: Iron Hands|move: Protect\n|-supereffective|p2a: Arcanine\n|-supereffective|p2b: Sylveon\n|-damage|p2a: Arcanine|42\/100\n|-damage|p2b: Sylveon|0 fnt\n|faint|p2b: Sylveon\n|\n|upkeep\n|\n|t:|1682374217\n|switch|p2b: Ting-Lu|Ting-Lu, L50|100\/100\n|-ability|p2b: Ting-Lu|Vessel of Ruin\n|turn|3\n|\n|t:|1682374228\n|-end|p1b: Iron Hands|Quark Drive|[silent]\n|switch|p1b: Skeledirge|Skeledirge, L50, M|100\/100\n|move|p2a: Arcanine|Protect|p2a: Arcanine\n|-singleturn|p2a: Arcanine|Protect\n|move|p1a: Ting-Lu|Rock Slide|p2a: Arcanine|[spread] p2b\n|-activate|p2a: Arcanine|move: Protect\n|-resisted|p2b: Ting-Lu\n|-damage|p2b: Ting-Lu|97\/100\n|cant|p2b: Ting-Lu|flinch\n|\n|-heal|p2b: Ting-Lu|100\/100|[from] item: Leftovers\n|upkeep\n|turn|4\n|inactive|doormattyy has 30 seconds left.\n|\n|t:|1682374258\n|switch|p1a: Iron Hands|Iron Hands, L50|64\/100\n|move|p1b: Skeledirge|Protect|p1b: Skeledirge\n|-singleturn|p1b: Skeledirge|Protect\n|move|p2a: Arcanine|Will-O-Wisp|p1a: Iron Hands\n|-status|p1a: Iron Hands|brn\n|move|p2b: Ting-Lu|Stomping Tantrum|p1b: Skeledirge\n|-activate|p1b: Skeledirge|move: Protect\n|\n|-damage|p1a: Iron Hands|58\/100 brn|[from] brn\n|upkeep\n|turn|5\n|\n|t:|1682374278\n|switch|p1b: Scizor|Scizor, L50, M|100\/100\n|move|p2a: Arcanine|Protect|p2a: Arcanine\n|-singleturn|p2a: Arcanine|Protect\n|move|p2b: Ting-Lu|Protect|p2b: Ting-Lu\n|-singleturn|p2b: Ting-Lu|Protect\n|move|p1a: Iron Hands|Fake Out|p2a: Arcanine\n|-activate|p2a: Arcanine|move: Protect\n|\n|-damage|p1a: Iron Hands|51\/100 brn|[from] brn\n|upkeep\n|turn|6\n|inactive|doormattyy has 30 seconds left.\n|\n|t:|1682374305\n|-terastallize|p1b: Scizor|Water\n|move|p2a: Arcanine|Flare Blitz|p1b: Scizor\n|-resisted|p1b: Scizor\n|-damage|p1b: Scizor|79\/100\n|-status|p1b: Scizor|brn\n|-damage|p2a: Arcanine|36\/100|[from] Recoil\n|move|p1b: Scizor|Close Combat|p2b: Ting-Lu\n|-supereffective|p2b: Ting-Lu\n|-damage|p2b: Ting-Lu|64\/100\n|-unboost|p1b: Scizor|def|1\n|-unboost|p1b: Scizor|spd|1\n|-damage|p1b: Scizor|69\/100 brn|[from] item: Life Orb\n|move|p1a: Iron Hands|Drain Punch|p2b: Ting-Lu\n|-supereffective|p2b: Ting-Lu\n|-damage|p2b: Ting-Lu|43\/100\n|-heal|p1a: Iron Hands|62\/100 brn|[from] drain|[of] p2b: Ting-Lu\n|move|p2b: Ting-Lu|Stomping Tantrum|p1a: Iron Hands\n|-supereffective|p1a: Iron Hands\n|-damage|p1a: Iron Hands|16\/100 brn\n|-enditem|p1a: Iron Hands|Sitrus Berry|[eat]\n|-heal|p1a: Iron Hands|41\/100 brn|[from] item: Sitrus Berry\n|\n|-heal|p2b: Ting-Lu|49\/100|[from] item: Leftovers\n|-damage|p1b: Scizor|64\/100 brn|[from] brn\n|-damage|p1a: Iron Hands|35\/100 brn|[from] brn\n|upkeep\n|turn|7\n|inactive|OneWithTheSnom has 30 seconds left.\n|\n|t:|1682374332\n|-end|p1a: Iron Hands|Quark Drive|[silent]\n|switch|p1a: Ting-Lu|Ting-Lu, L50|39\/100\n|-ability|p1a: Ting-Lu|Vessel of Ruin\n|move|p2a: Arcanine|Protect|p2a: Arcanine\n|-singleturn|p2a: Arcanine|Protect\n|move|p1b: Scizor|Pounce|p2b: Ting-Lu\n|-supereffective|p2b: Ting-Lu\n|-damage|p2b: Ting-Lu|18\/100\n|-unboost|p2b: Ting-Lu|spe|1\n|-damage|p1b: Scizor|54\/100 brn|[from] item: Life Orb\n|move|p2b: Ting-Lu|Earthquake|p1a: Ting-Lu|[spread] p1a,p1b\n|-activate|p2a: Arcanine|move: Protect\n|-damage|p1a: Ting-Lu|15\/100\n|-damage|p1b: Scizor|2\/100 brn\n|\n|-heal|p2b: Ting-Lu|24\/100|[from] item: Leftovers\n|-damage|p1b: Scizor|0 fnt|[from] brn\n|faint|p1b: Scizor\n|upkeep\n|\n|t:|1682374349\n|switch|p1b: Iron Hands|Iron Hands, L50|35\/100 brn\n|turn|8\n|inactive|doormattyy has 30 seconds left.\n|inactive|doormattyy has 20 seconds left.\n|inactive|doormattyy has 15 seconds left.\n|\n|t:|1682374392\n|move|p1b: Iron Hands|Fake Out|p2a: Arcanine\n|-damage|p2a: Arcanine|28\/100\n|cant|p2a: Arcanine|flinch\n|move|p1a: Ting-Lu|Rock Slide|p2a: Arcanine|[spread] p2a,p2b\n|-supereffective|p2a: Arcanine\n|-resisted|p2b: Ting-Lu\n|-damage|p2a: Arcanine|0 fnt\n|-damage|p2b: Ting-Lu|18\/100\n|faint|p2a: Arcanine\n|move|p2b: Ting-Lu|Stomping Tantrum|p1a: Ting-Lu\n|-damage|p1a: Ting-Lu|0 fnt\n|faint|p1a: Ting-Lu\n|\n|-heal|p2b: Ting-Lu|25\/100|[from] item: Leftovers\n|-damage|p1b: Iron Hands|29\/100 brn|[from] brn\n|upkeep\n|\n|t:|1682374402\n|switch|p1a: Skeledirge|Skeledirge, L50, M|100\/100\n|turn|9\n|\n|t:|1682374415\n|move|p2b: Ting-Lu|Protect|p2b: Ting-Lu\n|-singleturn|p2b: Ting-Lu|Protect\n|move|p1a: Skeledirge|Torch Song|p2b: Ting-Lu\n|-activate|p2b: Ting-Lu|move: Protect\n|move|p1b: Iron Hands|Drain Punch|p2b: Ting-Lu\n|-activate|p2b: Ting-Lu|move: Protect\n|\n|-heal|p2b: Ting-Lu|31\/100|[from] item: Leftovers\n|-damage|p1b: Iron Hands|23\/100 brn|[from] brn\n|upkeep\n|turn|10\n|\n|t:|1682374426\n|move|p1a: Skeledirge|Torch Song|p2b: Ting-Lu\n|-damage|p2b: Ting-Lu|8\/100\n|-boost|p1a: Skeledirge|spa|1\n|move|p1b: Iron Hands|Drain Punch|p2b: Ting-Lu\n|-supereffective|p2b: Ting-Lu\n|-damage|p2b: Ting-Lu|0 fnt\n|-heal|p1b: Iron Hands|27\/100 brn|[from] drain|[of] p2b: Ting-Lu\n|faint|p2b: Ting-Lu\n|\n|win|OneWithTheSnom\n|raw|OneWithTheSnom's rating: 1058 → 1096<\/strong> (+38 for winning)\n|raw|doormattyy's rating: 1131 → 1101<\/strong> (-30 for losing)\n|c|\u2606OneWithTheSnom|gg\n","uploadtime":1682374435,"views":11,"p1id":"onewiththesnom","p2id":"doormattyy","formatid":"gen9vgc2023regulationc","rating":1096,"private":0,"password":""}