{"id":"gen9vgc2023regulationc-1846547842","p1":"RalfRabisco","p2":"jonesy72","format":"[Gen 9] VGC 2023 Regulation C","log":"|j|\u2606RalfRabisco\n|j|\u2606jonesy72\n|t:|1681850471\n|gametype|doubles\n|player|p1|RalfRabisco|morty|1169\n|player|p2|jonesy72|101|1128\n|teamsize|p1|6\n|teamsize|p2|6\n|gen|9\n|tier|[Gen 9] VGC 2023 Regulation C\n|rated|\n|rule|Species Clause: Limit one of each Pok\u00e9mon\n|rule|Item Clause: Limit one of each item\n|clearpoke\n|poke|p1|Annihilape, L50, M|\n|poke|p1|Maushold, L50|\n|poke|p1|Ceruledge, L50, M|\n|poke|p1|Amoonguss, L50, M|\n|poke|p1|Dragapult, L50, F|\n|poke|p1|Chien-Pao, L50|\n|poke|p2|Palafin, L50, F|\n|poke|p2|Flutter Mane, L50|\n|poke|p2|Arcanine, L50, M|\n|poke|p2|Iron Hands, L50|\n|poke|p2|Chi-Yu, L50|\n|poke|p2|Amoonguss, L50, M|\n|teampreview|4\n|inactive|Battle timer is ON: inactive players will automatically lose when time's up. (requested by jonesy72)\nRalfRabisco has agreed to open team sheets.\n|inactive|RalfRabisco has 60 seconds left.\n|inactive|jonesy72 has 60 seconds left.\n|\n|t:|1681850522\n|start\n|switch|p1a: Annihilape|Annihilape, L50, M|100\/100\n|switch|p1b: Amoonguss|Amoonguss, L50, M|100\/100\n|switch|p2a: Palafin|Palafin, L50, F|100\/100\n|switch|p2b: Chi-Yu|Chi-Yu, L50|100\/100\n|-ability|p2b: Chi-Yu|Beads of Ruin\n|turn|1\n|inactive|RalfRabisco has 30 seconds left.\n|\n|t:|1681850548\n|detailschange|p2a: Palafin|Palafin-Hero, L50, F\n|switch|p2a: Flutter Mane|Flutter Mane, L50|100\/100\n|-terastallize|p1a: Annihilape|Fire\n|move|p2b: Chi-Yu|Heat Wave|p1b: Amoonguss|[spread] p1a\n|-miss|p2b: Chi-Yu|p1b: Amoonguss\n|-resisted|p1a: Annihilape\n|-damage|p1a: Annihilape|77\/100\n|-damage|p2b: Chi-Yu|91\/100|[from] item: Life Orb\n|move|p1a: Annihilape|Bulk Up|p1a: Annihilape\n|-boost|p1a: Annihilape|atk|1\n|-boost|p1a: Annihilape|def|1\n|move|p1b: Amoonguss|Spore|p2a: Flutter Mane\n|-status|p2a: Flutter Mane|slp|[from] move: Spore\n|\n|upkeep\n|turn|2\n|\n|t:|1681850571\n|switch|p1b: Ceruledge|Ceruledge, L50, M|100\/100\n|cant|p2a: Flutter Mane|slp\n|move|p2b: Chi-Yu|Flamethrower|p1b: Ceruledge\n|-start|p1b: Ceruledge|ability: Flash Fire\n|move|p1a: Annihilape|Rage Fist|p2a: Flutter Mane\n|-supereffective|p2a: Flutter Mane\n|-damage|p2a: Flutter Mane|0 fnt\n|faint|p2a: Flutter Mane\n|-end|p2a: Flutter Mane|Protosynthesis|[silent]\n|\n|upkeep\n|\n|t:|1681850582\n|switch|p2a: Palafin|Palafin-Hero, L50, F|100\/100\n|-activate|p2a: Palafin|ability: Zero to Hero\n|turn|3\n|\n|t:|1681850606\n|-end|p1b: Ceruledge|ability: Flash Fire|[silent]\n|switch|p1b: Amoonguss|Amoonguss, L50, M|100\/100\n|-terastallize|p2a: Palafin|Water\n|move|p2a: Palafin|Jet Punch|p1b: Amoonguss\n|-resisted|p1b: Amoonguss\n|-damage|p1b: Amoonguss|69\/100\n|-damage|p2a: Palafin|84\/100|[from] item: Rocky Helmet|[of] p1b: Amoonguss\n|move|p2b: Chi-Yu|Dark Pulse|p1a: Annihilape\n|-damage|p1a: Annihilape|24\/100\n|-damage|p2b: Chi-Yu|81\/100|[from] item: Life Orb\n|move|p1a: Annihilape|Drain Punch|p2b: Chi-Yu\n|-supereffective|p2b: Chi-Yu\n|-damage|p2b: Chi-Yu|0 fnt\n|-heal|p1a: Annihilape|49\/100|[from] drain|[of] p2b: Chi-Yu\n|faint|p2b: Chi-Yu\n|\n|upkeep\n|\n|t:|1681850622\n|switch|p2b: Arcanine|Arcanine, L50, M|100\/100\n|-ability|p2b: Arcanine|Intimidate|boost\n|-unboost|p1a: Annihilape|atk|1\n|-ability|p1a: Annihilape|Defiant|boost\n|-boost|p1a: Annihilape|atk|2\n|-unboost|p1b: Amoonguss|atk|1\n|turn|4\n|inactive|RalfRabisco has 30 seconds left.\n|inactive|RalfRabisco has 20 seconds left.\n|inactive|RalfRabisco has 15 seconds left.\n|inactive|RalfRabisco has 10 seconds left.\n|\n|t:|1681850669\n|switch|p1a: Maushold|Maushold, L50|100\/100\n|switch|p1b: Ceruledge|Ceruledge, L50, M|100\/100\n|move|p2a: Palafin|Jet Punch|p1a: Maushold\n|-damage|p1a: Maushold|9\/100\n|-enditem|p1a: Maushold|Aguav Berry|[eat]\n|-heal|p1a: Maushold|42\/100|[from] item: Aguav Berry\n|move|p2b: Arcanine|Flare Blitz|p1b: Ceruledge\n|-start|p1b: Ceruledge|ability: Flash Fire\n|\n|upkeep\n|turn|5\n|inactive|RalfRabisco has 30 seconds left.\n|\n|t:|1681850698\n|-end|p1b: Ceruledge|ability: Flash Fire|[silent]\n|switch|p1b: Amoonguss|Amoonguss, L50, M|100\/100\n|move|p1a: Maushold|Protect|p1a: Maushold\n|-singleturn|p1a: Maushold|Protect\n|move|p2b: Arcanine|Extreme Speed|p1a: Maushold\n|-activate|p1a: Maushold|move: Protect\n|move|p2a: Palafin|Wave Crash|p1b: Amoonguss\n|-resisted|p1b: Amoonguss\n|-damage|p1b: Amoonguss|56\/100\n|-damage|p2a: Palafin|68\/100|[from] item: Rocky Helmet|[of] p1b: Amoonguss\n|-damage|p2a: Palafin|51\/100|[from] Recoil\n|\n|upkeep\n|turn|6\n|inactive|jonesy72 has 30 seconds left.\n|\n|t:|1681850725\n|move|p1a: Maushold|Follow Me|p1a: Maushold\n|-singleturn|p1a: Maushold|move: Follow Me\n|move|p2a: Palafin|Wave Crash|p1a: Maushold\n|-damage|p1a: Maushold|0 fnt\n|faint|p1a: Maushold\n|-damage|p2a: Palafin|38\/100|[from] Recoil\n|move|p2b: Arcanine|Snarl|p1b: Amoonguss\n|-damage|p1b: Amoonguss|47\/100\n|-unboost|p1b: Amoonguss|spa|1\n|move|p1b: Amoonguss|Spore|p2a: Palafin\n|-status|p2a: Palafin|slp|[from] move: Spore\n|\n|upkeep\n|\n|t:|1681850742\n|switch|p1a: Annihilape|Annihilape, L50, M, tera:Fire|49\/100\n|turn|7\n|\n|t:|1681850758\n|switch|p1b: Ceruledge|Ceruledge, L50, M|100\/100\n|move|p2b: Arcanine|Extreme Speed|p1a: Annihilape\n|-damage|p1a: Annihilape|23\/100\n|cant|p2a: Palafin|slp\n|move|p1a: Annihilape|Rage Fist|p2a: Palafin\n|-damage|p2a: Palafin|0 fnt\n|faint|p2a: Palafin\n|\n|upkeep\n|turn|8\n|\n|t:|1681850773\n|move|p2b: Arcanine|Extreme Speed|p1a: Annihilape\n|-damage|p1a: Annihilape|0 fnt\n|faint|p1a: Annihilape\n|move|p1b: Ceruledge|Bulk Up|p1b: Ceruledge\n|-boost|p1b: Ceruledge|atk|1\n|-boost|p1b: Ceruledge|def|1\n|\n|upkeep\n|\n|t:|1681850780\n|switch|p1a: Amoonguss|Amoonguss, L50, M|80\/100\n|turn|9\n|\n|t:|1681850785\n|move|p1b: Ceruledge|Bulk Up|p1b: Ceruledge\n|-boost|p1b: Ceruledge|atk|1\n|-boost|p1b: Ceruledge|def|1\n|move|p2b: Arcanine|Flare Blitz|p1a: Amoonguss\n|-supereffective|p1a: Amoonguss\n|-damage|p1a: Amoonguss|0 fnt\n|-damage|p2b: Arcanine|84\/100|[from] item: Rocky Helmet|[of] p1a: Amoonguss\n|faint|p1a: Amoonguss\n|-damage|p2b: Arcanine|51\/100|[from] Recoil\n|\n|upkeep\n|turn|10\n|\n|t:|1681850803\n|move|p1b: Ceruledge|Bitter Blade|p2b: Arcanine\n|-resisted|p2b: Arcanine\n|-damage|p2b: Arcanine|10\/100\n|move|p2b: Arcanine|Snarl|p1b: Ceruledge\n|-supereffective|p1b: Ceruledge\n|-damage|p1b: Ceruledge|75\/100\n|\n|upkeep\n|turn|11\n|\n|t:|1681850812\n|move|p1b: Ceruledge|Shadow Sneak|p2b: Arcanine\n|-damage|p2b: Arcanine|0 fnt\n|faint|p2b: Arcanine\n|\n|win|RalfRabisco\n|raw|RalfRabisco's rating: 1169 → 1191<\/strong> (+22 for winning)\n|raw|jonesy72's rating: 1128 → 1106<\/strong> (-22 for losing)\n|c|\u2606RalfRabisco|GG\n|l|\u2606jonesy72\n","uploadtime":1681850821,"views":16,"p1id":"ralfrabisco","p2id":"jonesy72","formatid":"gen9vgc2023regulationc","rating":1106,"private":0,"password":""}