{"id":"gen9vgc2023regulationc-1847569281","p1":"TrainerDylan24","p2":"stunnaboypounder","format":"[Gen 9] VGC 2023 Regulation C","log":"|j|\u2606TrainerDylan24\n|j|\u2606stunnaboypounder\n|t:|1681975079\n|gametype|doubles\n|player|p1|TrainerDylan24|swimmerf|1103\n|player|p2|stunnaboypounder|swimmer|1009\n|teamsize|p1|6\n|teamsize|p2|6\n|gen|9\n|tier|[Gen 9] VGC 2023 Regulation C\n|rated|\n|rule|Species Clause: Limit one of each Pok\u00e9mon\n|rule|Item Clause: Limit one of each item\n|clearpoke\n|poke|p1|Annihilape, L50, F|\n|poke|p1|Armarouge, L50, M|\n|poke|p1|Indeedee-F, L50, F|\n|poke|p1|Bellibolt, L50, F|\n|poke|p1|Dondozo, L50, F|\n|poke|p1|Tatsugiri, L50, M|\n|poke|p2|Great Tusk, L50|\n|poke|p2|Flutter Mane, L50|\n|poke|p2|Torkoal, L50, M|\n|poke|p2|Annihilape, L50, M|\n|poke|p2|Kingambit, L50, F|\n|poke|p2|Murkrow, L50, F|\n|teampreview|4\n|\n|t:|1681975103\n|start\n|switch|p1a: Bellibolt|Bellibolt, L50, F|100\/100\n|switch|p1b: Annihilape|Annihilape, L50, F, shiny|100\/100\n|switch|p2a: Murkrow|Murkrow, L50, F|100\/100\n|switch|p2b: Torkoal|Torkoal, L50, M|100\/100\n|-weather|SunnyDay|[from] ability: Drought|[of] p2b: Torkoal\n|turn|1\n|\n|t:|1681975139\n|-terastallize|p1b: Annihilape|Water\n|move|p2a: Murkrow|Thunder Wave|p1b: Annihilape\n|-status|p1b: Annihilape|par\n|cant|p1b: Annihilape|par\n|move|p1a: Bellibolt|Thunderbolt|p2a: Murkrow\n|-supereffective|p2a: Murkrow\n|-enditem|p2a: Murkrow|Focus Sash\n|-damage|p2a: Murkrow|1\/100\n|move|p2b: Torkoal|Stealth Rock|p1b: Annihilape\n|-sidestart|p1: TrainerDylan24|move: Stealth Rock\n|\n|-weather|SunnyDay|[upkeep]\n|upkeep\n|turn|2\n|\n|t:|1681975176\n|move|p2a: Murkrow|Tailwind|p2a: Murkrow\n|-sidestart|p2: stunnaboypounder|move: Tailwind\n|move|p2b: Torkoal|Solar Beam||[still]\n|-prepare|p2b: Torkoal|Solar Beam\n|-anim|p2b: Torkoal|Solar Beam|p1b: Annihilape\n|-supereffective|p1b: Annihilape\n|-damage|p1b: Annihilape|30\/100 par\n|move|p1b: Annihilape|Bulk Up|p1b: Annihilape\n|-boost|p1b: Annihilape|atk|1\n|-boost|p1b: Annihilape|def|1\n|move|p1a: Bellibolt|Thunderbolt|p2b: Torkoal\n|-crit|p2b: Torkoal\n|-damage|p2b: Torkoal|19\/100\n|\n|-weather|SunnyDay|[upkeep]\n|upkeep\n|turn|3\n|\n|t:|1681975194\n|move|p1b: Annihilape|Protect|p1b: Annihilape\n|-singleturn|p1b: Annihilape|Protect\n|move|p2a: Murkrow|Taunt|p1a: Bellibolt\n|-start|p1a: Bellibolt|move: Taunt\n|move|p2b: Torkoal|Solar Beam||[still]\n|-prepare|p2b: Torkoal|Solar Beam\n|-anim|p2b: Torkoal|Solar Beam|p1b: Annihilape\n|-activate|p1b: Annihilape|move: Protect\n|move|p1a: Bellibolt|Thunderbolt|p2a: Murkrow\n|-supereffective|p2a: Murkrow\n|-damage|p2a: Murkrow|0 fnt\n|faint|p2a: Murkrow\n|\n|-weather|SunnyDay|[upkeep]\n|upkeep\n|\n|t:|1681975200\n|switch|p2a: Flutter Mane|Flutter Mane, L50|100\/100\n|-activate|p2a: Flutter Mane|ability: Protosynthesis\n|-start|p2a: Flutter Mane|protosynthesisspe\n|turn|4\n|\n|t:|1681975230\n|move|p2a: Flutter Mane|Moonblast|p1a: Bellibolt\n|-damage|p1a: Bellibolt|51\/100\n|-start|p1a: Bellibolt|Charge|Moonblast|[from] ability: Electromorphosis\n|move|p2b: Torkoal|Solar Beam||[still]\n|-prepare|p2b: Torkoal|Solar Beam\n|-anim|p2b: Torkoal|Solar Beam|p1b: Annihilape\n|-supereffective|p1b: Annihilape\n|-crit|p1b: Annihilape\n|-damage|p1b: Annihilape|0 fnt\n|faint|p1b: Annihilape\n|move|p1a: Bellibolt|Thunderbolt|p2b: Torkoal\n|-damage|p2b: Torkoal|0 fnt\n|faint|p2b: Torkoal\n|-end|p1a: Bellibolt|Charge|[silent]\n|\n|-weather|SunnyDay|[upkeep]\n|upkeep\n|\n|t:|1681975257\n|switch|p1b: Dondozo|Dondozo, L50, F|100\/100\n|switch|p2b: Kingambit|Kingambit, L50, F|100\/100\n|-activate|p2b: Kingambit|ability: Supreme Overlord\n|-start|p2b: Kingambit|fallen2|[silent]\n|-damage|p1b: Dondozo|88\/100|[from] Stealth Rock\n|turn|5\n|inactive|Battle timer is ON: inactive players will automatically lose when time's up. (requested by stunnaboypounder)\n|\n|t:|1681975273\n|switch|p1a: Tatsugiri|Tatsugiri, L50, M|100\/100\n|-activate|p1a: Tatsugiri|ability: Commander|[of] p1b: Dondozo\n|-boost|p1b: Dondozo|atk|2\n|-boost|p1b: Dondozo|spa|2\n|-boost|p1b: Dondozo|spe|2\n|-boost|p1b: Dondozo|def|2\n|-boost|p1b: Dondozo|spd|2\n|move|p2a: Flutter Mane|Energy Ball|p1b: Dondozo\n|-supereffective|p1b: Dondozo\n|-damage|p1b: Dondozo|66\/100\n|move|p2b: Kingambit|Kowtow Cleave|p1a: Tatsugiri|[miss]\n|-miss|p2b: Kingambit|p1a: Tatsugiri\n|move|p1b: Dondozo|Body Press|p2b: Kingambit\n|-supereffective|p2b: Kingambit\n|-damage|p2b: Kingambit|0 fnt\n|faint|p2b: Kingambit\n|-end|p2b: Kingambit|fallen2|[silent]\n|\n|-weather|none\n|-end|p2a: Flutter Mane|Protosynthesis\n|-heal|p1b: Dondozo|72\/100|[from] item: Leftovers\n|-sideend|p2: stunnaboypounder|move: Tailwind\n|upkeep\n|-enditem|p2a: Flutter Mane|Booster Energy\n|-activate|p2a: Flutter Mane|ability: Protosynthesis|[fromitem]\n|-start|p2a: Flutter Mane|protosynthesisspe\n|turn|6\n|inactive|TrainerDylan24 has 30 seconds left.\n|\n|t:|1681975300\n|move|p2a: Flutter Mane|Energy Ball|p1b: Dondozo\n|-supereffective|p1b: Dondozo\n|-damage|p1b: Dondozo|48\/100\n|-unboost|p1b: Dondozo|spd|1\n|move|p1b: Dondozo|Waterfall|p2a: Flutter Mane\n|-damage|p2a: Flutter Mane|0 fnt\n|faint|p2a: Flutter Mane\n|-end|p2a: Flutter Mane|Protosynthesis|[silent]\n|\n|win|TrainerDylan24\n|raw|TrainerDylan24's rating: 1103 → 1121<\/strong> (+18 for winning)\n|raw|stunnaboypounder's rating: 1009 → 1001<\/strong> (-8 for losing)\n|l|\u2606stunnaboypounder\n","uploadtime":1681975318,"views":7,"p1id":"trainerdylan24","p2id":"stunnaboypounder","formatid":"gen9vgc2023regulationc","rating":1001,"private":0,"password":""}