{"id":"gen9vgc2023regulationc-1856358911","p1":"Obvaltisobv","p2":"Kiwigal","format":"[Gen 9] VGC 2023 Regulation C","log":"|j|\u2606Obvaltisobv\n|j|\u2606Kiwigal\n|t:|1683053929\n|gametype|doubles\n|player|p1|Obvaltisobv|101|1445\n|player|p2|Kiwigal|emma|1542\n|teamsize|p1|6\n|teamsize|p2|6\n|gen|9\n|tier|[Gen 9] VGC 2023 Regulation C\n|rated|\n|rule|Species Clause: Limit one of each Pok\u00e9mon\n|rule|Item Clause: Limit one of each item\n|clearpoke\n|poke|p1|Ting-Lu, L50|\n|poke|p1|Grimmsnarl, L50, M|\n|poke|p1|Corviknight, L50, M|\n|poke|p1|Annihilape, L50, F|\n|poke|p1|Iron Moth, L50|\n|poke|p1|Gholdengo, L50|\n|poke|p2|Dragonite, L50, F|\n|poke|p2|Ting-Lu, L50|\n|poke|p2|Flutter Mane, L50|\n|poke|p2|Arcanine, L50, M|\n|poke|p2|Wo-Chien, L50|\n|poke|p2|Glimmora, L50, F|\n|teampreview|4\n|inactive|Battle timer is ON: inactive players will automatically lose when time's up. (requested by Obvaltisobv)\nKiwigal has agreed to open team sheets.\n|\n|t:|1683053959\n|start\n|switch|p1a: Corviknight|Corviknight, L50, M|100\/100\n|switch|p1b: Grimmsnarl|Grimmsnarl, L50, M|100\/100\n|switch|p2a: Dragonite|Dragonite, L50, F|100\/100\n|switch|p2b: Ting-Lu|Ting-Lu, L50|100\/100\n|-ability|p2b: Ting-Lu|Vessel of Ruin\n|turn|1\n|j| Xanex enthusiest\n|j| timber1313\n|\n|t:|1683053978\n|move|p1b: Grimmsnarl|Reflect|p1b: Grimmsnarl\n|-sidestart|p1: Obvaltisobv|Reflect\n|move|p2a: Dragonite|Low Kick|p1b: Grimmsnarl\n|-damage|p1b: Grimmsnarl|79\/100\n|move|p1a: Corviknight|Iron Head|p2a: Dragonite\n|-damage|p2a: Dragonite|85\/100\n|move|p2b: Ting-Lu|Heavy Slam|p1b: Grimmsnarl\n|-supereffective|p1b: Grimmsnarl\n|-damage|p1b: Grimmsnarl|19\/100\n|\n|upkeep\n|turn|2\n|l| Xanex enthusiest\n|\n|t:|1683053998\n|move|p2a: Dragonite|Extreme Speed|p1b: Grimmsnarl\n|-damage|p1b: Grimmsnarl|0 fnt\n|faint|p1b: Grimmsnarl\n|move|p1a: Corviknight|Tailwind|p1a: Corviknight\n|-sidestart|p1: Obvaltisobv|move: Tailwind\n|move|p2b: Ting-Lu|Rock Slide|p1a: Corviknight\n|-damage|p1a: Corviknight|86\/100\n|\n|upkeep\n|\n|t:|1683054003\n|switch|p1b: Annihilape|Annihilape, L50, F|100\/100\n|turn|3\n|\n|t:|1683054017\n|-terastallize|p2a: Dragonite|Flying\n|move|p1b: Annihilape|Bulk Up|p1b: Annihilape\n|-boost|p1b: Annihilape|atk|1\n|-boost|p1b: Annihilape|def|1\n|move|p1a: Corviknight|Brave Bird|p2a: Dragonite\n|-damage|p2a: Dragonite|37\/100\n|-damage|p1a: Corviknight|70\/100|[from] Recoil\n|move|p2a: Dragonite|Tera Blast|p1b: Annihilape\n|-supereffective|p1b: Annihilape\n|-damage|p1b: Annihilape|54\/100\n|move|p2b: Ting-Lu|Earthquake|p1b: Annihilape|[spread] p1b\n|-immune|p2a: Dragonite\n|-immune|p1a: Corviknight\n|-damage|p1b: Annihilape|38\/100\n|-enditem|p1b: Annihilape|Sitrus Berry|[eat]\n|-heal|p1b: Annihilape|63\/100|[from] item: Sitrus Berry\n|\n|upkeep\n|turn|4\n|\n|t:|1683054041\n|move|p2b: Ting-Lu|Protect|p2b: Ting-Lu\n|-singleturn|p2b: Ting-Lu|Protect\n|move|p1b: Annihilape|Drain Punch|p2b: Ting-Lu\n|-activate|p2b: Ting-Lu|move: Protect\n|move|p1a: Corviknight|Brave Bird|p2a: Dragonite\n|-damage|p2a: Dragonite|0 fnt\n|faint|p2a: Dragonite\n|-damage|p1a: Corviknight|59\/100|[from] Recoil\n|\n|upkeep\n|\n|t:|1683054055\n|switch|p2a: Arcanine|Arcanine, L50, M|100\/100\n|-ability|p2a: Arcanine|Intimidate|boost\n|-ability|p1a: Corviknight|Mirror Armor\n|-unboost|p2a: Arcanine|atk|1\n|-unboost|p1b: Annihilape|atk|1\n|-ability|p1b: Annihilape|Defiant|boost\n|-boost|p1b: Annihilape|atk|2\n|turn|5\n|\n|t:|1683054064\n|switch|p2b: Flutter Mane|Flutter Mane, L50|100\/100\n|move|p1b: Annihilape|Rage Fist|p2a: Arcanine\n|-damage|p2a: Arcanine|0 fnt\n|faint|p2a: Arcanine\n|move|p1a: Corviknight|Roost|p1a: Corviknight\n|-heal|p1a: Corviknight|100\/100\n|-singleturn|p1a: Corviknight|move: Roost\n|\n|-sideend|p1: Obvaltisobv|move: Tailwind\n|upkeep\n|\n|t:|1683054068\n|switch|p2a: Ting-Lu|Ting-Lu, L50|100\/100\n|-ability|p2a: Ting-Lu|Vessel of Ruin\n|turn|6\n|\n|t:|1683054080\n|move|p1b: Annihilape|Protect|p1b: Annihilape\n|-singleturn|p1b: Annihilape|Protect\n|move|p2b: Flutter Mane|Moonblast|p1b: Annihilape\n|-activate|p1b: Annihilape|move: Protect\n|move|p1a: Corviknight|Tailwind|p1a: Corviknight\n|-sidestart|p1: Obvaltisobv|move: Tailwind\n|move|p2a: Ting-Lu|Rock Slide|p1a: Corviknight|[spread] p1a\n|-activate|p1b: Annihilape|move: Protect\n|-damage|p1a: Corviknight|90\/100\n|\n|upkeep\n|turn|7\n|-message|Kiwigal forfeited.\n|\n|win|Obvaltisobv\n|raw|Obvaltisobv's rating: 1445 → 1470<\/strong> (+25 for winning)\n|raw|Kiwigal's rating: 1542 → 1517<\/strong> (-25 for losing)\n|l|\u2606Kiwigal\n","uploadtime":1683054098,"views":10,"p1id":"obvaltisobv","p2id":"kiwigal","formatid":"gen9vgc2023regulationc","rating":1470,"private":0,"password":""}