{"id":"gen9vgc2023regulationc-1863275585","p1":"nwaggie","p2":"RadiantBlue4552","format":"[Gen 9] VGC 2023 Regulation C","log":"|j|\u2606nwaggie\n|j|\u2606RadiantBlue4552\n|t:|1683996723\n|gametype|doubles\n|player|p1|nwaggie|170|1216\n|player|p2|RadiantBlue4552|266|1326\n|teamsize|p1|6\n|teamsize|p2|6\n|gen|9\n|tier|[Gen 9] VGC 2023 Regulation C\n|rated|\n|rule|Species Clause: Limit one of each Pok\u00e9mon\n|rule|Item Clause: Limit one of each item\n|clearpoke\n|poke|p1|Tyranitar, L50, M|\n|poke|p1|Ting-Lu, L50|\n|poke|p1|Lycanroc, L50, F|\n|poke|p1|Murkrow, L50, M|\n|poke|p1|Gholdengo, L50|\n|poke|p1|Volcarona, L50, F|\n|poke|p2|Kingambit, L50, F|\n|poke|p2|Hariyama, L50, F|\n|poke|p2|Garchomp, L50, M|\n|poke|p2|Torkoal, L50, M|\n|poke|p2|Brute Bonnet, L50|\n|poke|p2|Oranguru, L50, F|\n|teampreview|4\nnwaggie has agreed to open team sheets.\n|inactive|Battle timer is ON: inactive players will automatically lose when time's up. (requested by nwaggie)\n|j| ampboy\n|inactive|nwaggie has 60 seconds left.\n|\n|t:|1683996770\n|start\n|switch|p1a: Murkrow|Murkrow, L50, M|100\/100\n|switch|p1b: Gholdengo|Gholdengo, L50|100\/100\n|switch|p2a: Kingambit|Kingambit, L50, F|100\/100\n|switch|p2b: Garchomp|Garchomp, L50, M|100\/100\n|turn|1\n|\n|t:|1683996785\n|-terastallize|p1b: Gholdengo|Water\n|move|p1a: Murkrow|Tailwind|p1a: Murkrow\n|-sidestart|p1: nwaggie|move: Tailwind\n|move|p1b: Gholdengo|Nasty Plot|p1b: Gholdengo\n|-boost|p1b: Gholdengo|spa|2\n|move|p2b: Garchomp|Rock Slide|p1a: Murkrow|[spread] p1a,p1b\n|-supereffective|p1a: Murkrow\n|-damage|p1a: Murkrow|43\/100\n|-damage|p1b: Gholdengo|81\/100\n|move|p2a: Kingambit|Kowtow Cleave|p1b: Gholdengo\n|-damage|p1b: Gholdengo|30\/100\n|\n|-heal|p1b: Gholdengo|36\/100|[from] item: Leftovers\n|upkeep\n|turn|2\n|inactive|nwaggie has 30 seconds left.\n|\n|t:|1683996813\n|move|p2a: Kingambit|Sucker Punch|p1b: Gholdengo\n|-damage|p1b: Gholdengo|0 fnt\n|faint|p1b: Gholdengo\n|move|p2b: Garchomp|Rock Slide|p1a: Murkrow\n|-supereffective|p1a: Murkrow\n|-damage|p1a: Murkrow|0 fnt\n|faint|p1a: Murkrow\n|\n|upkeep\n|\n|t:|1683996817\n|switch|p1b: Ting-Lu|Ting-Lu, L50|100\/100\n|switch|p1a: Tyranitar|Tyranitar, L50, M|100\/100\n|-weather|Sandstorm|[from] ability: Sand Stream|[of] p1a: Tyranitar\n|-ability|p1b: Ting-Lu|Vessel of Ruin\n|turn|3\n|\n|t:|1683996837\n|-terastallize|p2a: Kingambit|Flying\n|move|p2b: Garchomp|Rock Slide|p1a: Tyranitar|[spread] p1a,p1b\n|-resisted|p1b: Ting-Lu\n|-damage|p1a: Tyranitar|84\/100\n|-damage|p1b: Ting-Lu|95\/100\n|cant|p1a: Tyranitar|flinch\n|move|p1b: Ting-Lu|Payback|p2b: Garchomp\n|-damage|p2b: Garchomp|53\/100\n|-damage|p1b: Ting-Lu|82\/100|[from] ability: Rough Skin|[of] p2b: Garchomp\n|move|p2a: Kingambit|Iron Head|p1a: Tyranitar\n|-supereffective|p1a: Tyranitar\n|-damage|p1a: Tyranitar|8\/100\n|\n|-weather|Sandstorm|[upkeep]\n|-damage|p2a: Kingambit|95\/100|[from] Sandstorm\n|upkeep\n|turn|4\n|\n|t:|1683996857\n|move|p2b: Garchomp|Rock Slide|p1a: Tyranitar|[spread] p1a,p1b\n|-resisted|p1b: Ting-Lu\n|-damage|p1a: Tyranitar|0 fnt\n|-damage|p1b: Ting-Lu|77\/100\n|faint|p1a: Tyranitar\n|move|p1b: Ting-Lu|Payback|p2b: Garchomp\n|-damage|p2b: Garchomp|4\/100\n|-damage|p1b: Ting-Lu|64\/100|[from] ability: Rough Skin|[of] p2b: Garchomp\n|move|p2a: Kingambit|Aerial Ace|p1b: Ting-Lu\n|-damage|p1b: Ting-Lu|43\/100\n|\n|-weather|Sandstorm|[upkeep]\n|-damage|p2a: Kingambit|89\/100|[from] Sandstorm\n|-sideend|p1: nwaggie|move: Tailwind\n|upkeep\n|turn|5\n|\n|t:|1683996878\n|switch|p2b: Oranguru|Oranguru, L50, F|100\/100\n|move|p2a: Kingambit|Aerial Ace|p1b: Ting-Lu\n|-damage|p1b: Ting-Lu|23\/100\n|move|p1b: Ting-Lu|Payback|p2b: Oranguru\n|-supereffective|p2b: Oranguru\n|-damage|p2b: Oranguru|49\/100\n|\n|-weather|Sandstorm|[upkeep]\n|-damage|p2a: Kingambit|83\/100|[from] Sandstorm\n|-damage|p2b: Oranguru|43\/100|[from] Sandstorm\n|upkeep\n|turn|6\n|-message|nwaggie forfeited.\n|\n|win|RadiantBlue4552\n|raw|nwaggie's rating: 1216 → 1199<\/strong> (-17 for losing)\n|raw|RadiantBlue4552's rating: 1326 → 1340<\/strong> (+14 for winning)\n|l|\u2606nwaggie\n","uploadtime":1683996893,"views":5,"p1id":"nwaggie","p2id":"radiantblue4552","formatid":"gen9vgc2023regulationc","rating":1199,"private":0,"password":""}