{"id":"gen9vgc2023regulationc-1845785876","p1":"chin8","p2":"confusedkfin","format":"[Gen 9] VGC 2023 Regulation C","log":"|j|\u2606chin8\n|j|\u2606confusedkfin\n|t:|1681764405\n|gametype|doubles\n|player|p1|chin8|gentleman-gen4dp|1443\n|player|p2|confusedkfin|265|1329\n|teamsize|p1|6\n|teamsize|p2|6\n|gen|9\n|tier|[Gen 9] VGC 2023 Regulation C\n|rated|\n|rule|Species Clause: Limit one of each Pok\u00e9mon\n|rule|Item Clause: Limit one of each item\n|clearpoke\n|poke|p1|Palafin, L50, F|\n|poke|p1|Pelipper, L50, M|\n|poke|p1|Barraskewda, L50, M|\n|poke|p1|Rotom-Wash, L50|\n|poke|p1|Tropius, L50, F|\n|poke|p1|Gholdengo, L50|\n|poke|p2|Grimmsnarl, L50, M|\n|poke|p2|Amoonguss, L50, F|\n|poke|p2|Annihilape, L50, F|\n|poke|p2|Arcanine, L50, F|\n|poke|p2|Ting-Lu, L50|\n|poke|p2|Flutter Mane, L50|\n|teampreview|4\nconfusedkfin has agreed to open team sheets.\n|\n|t:|1681764425\n|start\n|switch|p1a: Tropius|Tropius, L50, F|100\/100\n|switch|p1b: Barraskewda|Barraskewda, L50, M|100\/100\n|switch|p2a: Grimmsnarl|Grimmsnarl, L50, M|100\/100\n|switch|p2b: Annihilape|Annihilape, L50, F|100\/100\n|turn|1\n|inactive|Battle timer is ON: inactive players will automatically lose when time's up. (requested by confusedkfin)\n|\n|t:|1681764447\n|switch|p1b: Palafin|Palafin, L50, F|100\/100\n|move|p2b: Annihilape|Protect|p2b: Annihilape\n|-singleturn|p2b: Annihilape|Protect\n|move|p2a: Grimmsnarl|Reflect|p2a: Grimmsnarl\n|-sidestart|p2: confusedkfin|Reflect\n|move|p1a: Tropius|Leech Seed|p2b: Annihilape\n|-activate|p2b: Annihilape|move: Protect\n|\n|upkeep\n|turn|2\n|\n|t:|1681764463\n|move|p1b: Palafin|Protect|p1b: Palafin\n|-singleturn|p1b: Palafin|Protect\n|move|p2b: Annihilape|Bulk Up|p2b: Annihilape\n|-boost|p2b: Annihilape|atk|1\n|-boost|p2b: Annihilape|def|1\n|move|p2a: Grimmsnarl|Spirit Break|p1b: Palafin\n|-activate|p1b: Palafin|move: Protect\n|move|p1a: Tropius|Leech Seed|p2b: Annihilape\n|-start|p2b: Annihilape|move: Leech Seed\n|\n|-damage|p2b: Annihilape|88\/100|[from] Leech Seed|[of] p1a: Tropius\n|upkeep\n|turn|3\n|\n|t:|1681764484\n|move|p1b: Palafin|Haze|p1b: Palafin\n|-clearallboost\n|move|p2b: Annihilape|Bulk Up|p2b: Annihilape\n|-boost|p2b: Annihilape|atk|1\n|-boost|p2b: Annihilape|def|1\n|move|p2a: Grimmsnarl|Spirit Break|p1b: Palafin\n|-damage|p1b: Palafin|67\/100\n|-unboost|p1b: Palafin|spa|1\n|move|p1a: Tropius|Substitute|p1a: Tropius\n|-start|p1a: Tropius|Substitute\n|-damage|p1a: Tropius|75\/100\n|\n|-damage|p2b: Annihilape|76\/100|[from] Leech Seed|[of] p1a: Tropius\n|-heal|p1a: Tropius|89\/100|[silent]\n|upkeep\n|turn|4\n|\n|t:|1681764507\n|move|p1b: Palafin|Protect|p1b: Palafin\n|-singleturn|p1b: Palafin|Protect\n|move|p2b: Annihilape|Drain Punch|p1b: Palafin\n|-activate|p1b: Palafin|move: Protect\n|move|p2a: Grimmsnarl|Spirit Break|p1b: Palafin\n|-activate|p1b: Palafin|move: Protect\n|move|p1a: Tropius|Leech Seed|p2a: Grimmsnarl\n|-start|p2a: Grimmsnarl|move: Leech Seed\n|\n|-damage|p2b: Annihilape|63\/100|[from] Leech Seed|[of] p1a: Tropius\n|-heal|p1a: Tropius|100\/100|[silent]\n|-damage|p2a: Grimmsnarl|88\/100|[from] Leech Seed|[of] p1a: Tropius\n|upkeep\n|turn|5\n|\n|t:|1681764526\n|detailschange|p1b: Palafin|Palafin-Hero, L50, F\n|switch|p1b: Pelipper|Pelipper, L50, M|100\/100\n|-weather|RainDance|[from] ability: Drizzle|[of] p1b: Pelipper\n|move|p2a: Grimmsnarl|Parting Shot|p1b: Pelipper\n|-unboost|p1b: Pelipper|atk|1\n|-unboost|p1b: Pelipper|spa|1\n|\n|t:|1681764534\n|switch|p2a: Flutter Mane|Flutter Mane, L50|100\/100|[from] Parting Shot\n|move|p2b: Annihilape|Drain Punch|p1b: Pelipper\n|-resisted|p1b: Pelipper\n|-damage|p1b: Pelipper|78\/100\n|-heal|p2b: Annihilape|72\/100|[from] drain|[of] p1b: Pelipper\n|move|p1a: Tropius|Hurricane|p2b: Annihilape\n|-supereffective|p2b: Annihilape\n|-damage|p2b: Annihilape|32\/100\n|-start|p2b: Annihilape|confusion\n|-enditem|p2b: Annihilape|Sitrus Berry|[eat]\n|-heal|p2b: Annihilape|57\/100|[from] item: Sitrus Berry\n|\n|-weather|RainDance|[upkeep]\n|-damage|p2b: Annihilape|45\/100|[from] Leech Seed|[of] p1a: Tropius\n|upkeep\n|turn|6\n|\n|t:|1681764554\n|switch|p2b: Grimmsnarl|Grimmsnarl, L50, M|88\/100\n|-terastallize|p2a: Flutter Mane|Fairy\n|move|p2a: Flutter Mane|Dazzling Gleam|p1a: Tropius|[spread] p1a,p1b\n|-end|p1a: Tropius|Substitute\n|-damage|p1b: Pelipper|0 fnt\n|faint|p1b: Pelipper\n|move|p1a: Tropius|Hurricane|p2b: Grimmsnarl\n|-damage|p2b: Grimmsnarl|61\/100\n|-start|p2b: Grimmsnarl|confusion\n|\n|-weather|RainDance|[upkeep]\n|upkeep\n|\n|t:|1681764564\n|switch|p1b: Barraskewda|Barraskewda, L50, M|100\/100\n|turn|7\n|\n|t:|1681764575\n|move|p1a: Tropius|Protect|p1a: Tropius\n|-singleturn|p1a: Tropius|Protect\n|-activate|p2b: Grimmsnarl|confusion\n|move|p2b: Grimmsnarl|Parting Shot|p1b: Barraskewda\n|-unboost|p1b: Barraskewda|atk|1\n|-unboost|p1b: Barraskewda|spa|1\n|\n|t:|1681764581\n|switch|p2b: Amoonguss|Amoonguss, L50, F|100\/100|[from] Parting Shot\n|move|p1b: Barraskewda|Liquidation|p2a: Flutter Mane\n|-damage|p2a: Flutter Mane|40\/100\n|move|p2a: Flutter Mane|Dazzling Gleam|p1b: Barraskewda|[spread] p1b\n|-activate|p1a: Tropius|move: Protect\n|-enditem|p1b: Barraskewda|Focus Sash\n|-damage|p1b: Barraskewda|1\/100\n|\n|-weather|RainDance|[upkeep]\n|upkeep\n|turn|8\n|\n|t:|1681764598\n|-end|p2a: Flutter Mane|Protosynthesis|[silent]\n|switch|p2a: Grimmsnarl|Grimmsnarl, L50, M|61\/100\n|move|p1b: Barraskewda|Liquidation|p2a: Grimmsnarl\n|-damage|p2a: Grimmsnarl|26\/100\n|move|p1a: Tropius|Substitute|p1a: Tropius\n|-start|p1a: Tropius|Substitute\n|-damage|p1a: Tropius|75\/100\n|move|p2b: Amoonguss|Pollen Puff|p1b: Barraskewda\n|-damage|p1b: Barraskewda|0 fnt\n|faint|p1b: Barraskewda\n|\n|-weather|RainDance|[upkeep]\n|-sideend|p2: confusedkfin|Reflect\n|upkeep\n|\n|t:|1681764605\n|switch|p1b: Palafin|Palafin-Hero, L50, F|67\/100\n|-activate|p1b: Palafin|ability: Zero to Hero\n|turn|9\n|\n|t:|1681764628\n|move|p2b: Amoonguss|Rage Powder|p2b: Amoonguss\n|-singleturn|p2b: Amoonguss|move: Rage Powder\n|move|p1b: Palafin|Jet Punch|p2a: Grimmsnarl\n|-damage|p2a: Grimmsnarl|0 fnt\n|faint|p2a: Grimmsnarl\n|move|p1a: Tropius|Hurricane|p2b: Amoonguss\n|-supereffective|p2b: Amoonguss\n|-damage|p2b: Amoonguss|53\/100\n|\n|-weather|RainDance|[upkeep]\n|upkeep\n|\n|t:|1681764639\n|switch|p2a: Annihilape|Annihilape, L50, F|45\/100\n|turn|10\n|\n|t:|1681764648\n|move|p1b: Palafin|Wave Crash|p2a: Annihilape\n|-crit|p2a: Annihilape\n|-damage|p2a: Annihilape|0 fnt\n|faint|p2a: Annihilape\n|-damage|p1b: Palafin|51\/100|[from] Recoil\n|move|p1a: Tropius|Hurricane|p2b: Amoonguss\n|-supereffective|p2b: Amoonguss\n|-damage|p2b: Amoonguss|9\/100\n|move|p2b: Amoonguss|Pollen Puff|p2: Annihilape|[notarget]\n|-fail|p2b: Amoonguss\n|\n|-weather|RainDance|[upkeep]\n|upkeep\n|-message|confusedkfin forfeited.\n|\n|win|chin8\n|raw|chin8's rating: 1443 → 1457<\/strong> (+14 for winning)\n|raw|confusedkfin's rating: 1329 → 1315<\/strong> (-14 for losing)\n","uploadtime":1681764666,"views":9,"p1id":"chin8","p2id":"confusedkfin","formatid":"gen9vgc2023regulationc","rating":1315,"private":0,"password":""}