{"id":"gen9vgc2023regulationc-1848391422","p1":"dhhrooov","p2":"CindersMBG","format":"[Gen 9] VGC 2023 Regulation C","log":"|j|\u2606dhhrooov\n|j|\u2606CindersMBG\n|t:|1682071380\n|gametype|doubles\n|player|p1|dhhrooov|102|1104\n|player|p2|CindersMBG|volkner|1090\n|teamsize|p1|6\n|teamsize|p2|6\n|gen|9\n|tier|[Gen 9] VGC 2023 Regulation C\n|rated|\n|rule|Species Clause: Limit one of each Pok\u00e9mon\n|rule|Item Clause: Limit one of each item\n|clearpoke\n|poke|p1|Talonflame, L50, M|\n|poke|p1|Espathra, L50, F|\n|poke|p1|Iron Bundle, L50|\n|poke|p1|Hydreigon, L50, F|\n|poke|p1|Sandy Shocks, L50|\n|poke|p1|Tsareena, L50, F|\n|poke|p2|Amoonguss, L50, F|\n|poke|p2|Arcanine, L50, F|\n|poke|p2|Palafin, L50, F|\n|poke|p2|Chien-Pao, L50|\n|poke|p2|Flutter Mane, L50|\n|poke|p2|Coalossal, L50, M|\n|teampreview|4\n|inactive|Battle timer is ON: inactive players will automatically lose when time's up. (requested by CindersMBG)\n|inactive|dhhrooov has 60 seconds left.\n|\n|t:|1682071412\n|start\n|switch|p1a: Talonflame|Talonflame, L50, M, shiny|100\/100\n|switch|p1b: Sandy Shocks|Sandy Shocks, L50, shiny|100\/100\n|switch|p2a: Palafin|Palafin, L50, F|100\/100\n|switch|p2b: Coalossal|Coalossal, L50, M|100\/100\n|-enditem|p1b: Sandy Shocks|Booster Energy\n|-activate|p1b: Sandy Shocks|ability: Protosynthesis|[fromitem]\n|-start|p1b: Sandy Shocks|protosynthesisspe\n|turn|1\n|\n|t:|1682071433\n|-terastallize|p2b: Coalossal|Rock\n|move|p1a: Talonflame|Protect|p1a: Talonflame\n|-singleturn|p1a: Talonflame|Protect\n|move|p1b: Sandy Shocks|Gravity|p1b: Sandy Shocks\n|-fieldstart|move: Gravity\n|move|p2a: Palafin|Flip Turn|p2b: Coalossal\n|-supereffective|p2b: Coalossal\n|-damage|p2b: Coalossal|63\/100\n|-ability|p2b: Coalossal|Steam Engine|boost\n|-boost|p2b: Coalossal|spe|6\n|-enditem|p2b: Coalossal|Weakness Policy\n|-boost|p2b: Coalossal|atk|2|[from] item: Weakness Policy\n|-boost|p2b: Coalossal|spa|2|[from] item: Weakness Policy\n|\n|t:|1682071447\n|detailschange|p2a: Palafin|Palafin-Hero, L50, F\n|switch|p2a: Amoonguss|Amoonguss, L50, F|100\/100|[from] Flip Turn\n|move|p2b: Coalossal|Rock Slide|p1b: Sandy Shocks|[spread] p1b\n|-activate|p1a: Talonflame|move: Protect\n|-resisted|p1b: Sandy Shocks\n|-damage|p1b: Sandy Shocks|71\/100\n|\n|upkeep\n|turn|2\n|\n|t:|1682071462\n|move|p2a: Amoonguss|Rage Powder|p2a: Amoonguss\n|-singleturn|p2a: Amoonguss|move: Rage Powder\n|move|p1a: Talonflame|Brave Bird|p2a: Amoonguss\n|-supereffective|p2a: Amoonguss\n|-damage|p2a: Amoonguss|0 fnt\n|faint|p2a: Amoonguss\n|-damage|p1a: Talonflame|53\/100|[from] Recoil\n|-damage|p1a: Talonflame|43\/100|[from] item: Life Orb\n|move|p2b: Coalossal|Rock Slide|p1a: Talonflame|[spread] p1a,p1b\n|-supereffective|p1a: Talonflame\n|-resisted|p1b: Sandy Shocks\n|-damage|p1a: Talonflame|0 fnt\n|-damage|p1b: Sandy Shocks|41\/100\n|faint|p1a: Talonflame\n|cant|p1b: Sandy Shocks|flinch\n|\n|upkeep\n|\n|t:|1682071477\n|switch|p1a: Espathra|Espathra, L50, F, shiny|100\/100\n|switch|p2a: Palafin|Palafin-Hero, L50, F|100\/100\n|-activate|p2a: Palafin|ability: Zero to Hero\n|turn|3\n|inactive|CindersMBG has 30 seconds left.\n|inactive|CindersMBG has 20 seconds left.\n|\n|t:|1682071515\n|move|p1b: Sandy Shocks|Protect|p1b: Sandy Shocks\n|-singleturn|p1b: Sandy Shocks|Protect\n|move|p1a: Espathra|Protect|p1a: Espathra\n|-singleturn|p1a: Espathra|Protect\n|move|p2b: Coalossal|Heat Crash|p1a: Espathra\n|-activate|p1a: Espathra|move: Protect\n|move|p2a: Palafin|Wave Crash|p1b: Sandy Shocks\n|-activate|p1b: Sandy Shocks|move: Protect\n|\n|-ability|p1a: Espathra|Speed Boost|boost\n|-boost|p1a: Espathra|spe|1\n|upkeep\n|turn|4\n|inactive|dhhrooov has 30 seconds left.\n|inactive|dhhrooov has 20 seconds left.\n|\n|t:|1682071550\n|move|p1a: Espathra|Protect|p1a: Espathra\n|-singleturn|p1a: Espathra|Protect\n|move|p2b: Coalossal|Heat Crash|p1a: Espathra\n|-activate|p1a: Espathra|move: Protect\n|move|p1b: Sandy Shocks|Thunder|p2a: Palafin\n|-supereffective|p2a: Palafin\n|-damage|p2a: Palafin|0 fnt\n|faint|p2a: Palafin\n|\n|-ability|p1a: Espathra|Speed Boost|boost\n|-boost|p1a: Espathra|spe|1\n|upkeep\n|\n|t:|1682071571\n|switch|p2a: Chien-Pao|Chien-Pao, L50|100\/100\n|-ability|p2a: Chien-Pao|Sword of Ruin\n|turn|5\n|inactive|dhhrooov has 30 seconds left.\n|\n|t:|1682071599\n|move|p2b: Coalossal|Protect|p2b: Coalossal\n|-singleturn|p2b: Coalossal|Protect\n|move|p2a: Chien-Pao|Sucker Punch||[still]\n|-fail|p2a: Chien-Pao\n|move|p1a: Espathra|Hypnosis|p2b: Coalossal\n|-activate|p2b: Coalossal|move: Protect\n|move|p1b: Sandy Shocks|Earth Power|p2b: Coalossal\n|-activate|p2b: Coalossal|move: Protect\n|\n|-fieldend|move: Gravity\n|-ability|p1a: Espathra|Speed Boost|boost\n|-boost|p1a: Espathra|spe|1\n|upkeep\n|turn|6\n|\n|t:|1682071624\n|move|p1a: Espathra|Protect|p1a: Espathra\n|-singleturn|p1a: Espathra|Protect\n|move|p2a: Chien-Pao|Sucker Punch||[still]\n|-fail|p2a: Chien-Pao\n|move|p2b: Coalossal|Heat Crash|p1b: Sandy Shocks\n|-damage|p1b: Sandy Shocks|0 fnt\n|faint|p1b: Sandy Shocks\n|-end|p1b: Sandy Shocks|Protosynthesis|[silent]\n|\n|-ability|p1a: Espathra|Speed Boost|boost\n|-boost|p1a: Espathra|spe|1\n|upkeep\n|inactive|dhhrooov has 30 seconds left.\n|l|\u2606dhhrooov\n|inactive|dhhrooov disconnected and has a minute to reconnect!\n|player|p1|\n|inactive|dhhrooov has 20 seconds left.\n|inactive|dhhrooov has 15 seconds left.\n|j|\u2606dhhrooov\n|inactive|dhhrooov reconnected and has 15 seconds left.\n|player|p1|dhhrooov|102\n|\n|t:|1682071668\n|switch|p1b: Iron Bundle|Iron Bundle, L50, shiny|100\/100\n|turn|7\n|\n|t:|1682071685\n|-terastallize|p1a: Espathra|Fairy\n|move|p1b: Iron Bundle|Protect|p1b: Iron Bundle\n|-singleturn|p1b: Iron Bundle|Protect\n|move|p2a: Chien-Pao|Sucker Punch||[still]\n|-fail|p2a: Chien-Pao\n|move|p1a: Espathra|Hypnosis|p2b: Coalossal\n|-status|p2b: Coalossal|slp|[from] move: Hypnosis\n|cant|p2b: Coalossal|slp\n|\n|-ability|p1a: Espathra|Speed Boost|boost\n|-boost|p1a: Espathra|spe|1\n|upkeep\n|turn|8\n|inactive|CindersMBG has 30 seconds left.\n|c|\u2606CindersMBG|i hate this game. fucking hax\n|-message|CindersMBG forfeited.\n|\n|win|dhhrooov\n|raw|dhhrooov's rating: 1104 → 1128<\/strong> (+24 for winning)\n|raw|CindersMBG's rating: 1090 → 1067<\/strong> (-23 for losing)\n|l|\u2606CindersMBG\n","uploadtime":1682071714,"views":16,"p1id":"dhhrooov","p2id":"cindersmbg","formatid":"gen9vgc2023regulationc","rating":1067,"private":0,"password":""}