{"id":"gen9vgc2023regulationc-1863245238","p1":"revocolombia","p2":"ThisIsImho","format":"[Gen 9] VGC 2023 Regulation C","log":"|j|\u2606revocolombia\n|j|\u2606ThisIsImho\n|t:|1683993092\n|gametype|doubles\n|player|p1|revocolombia|pokemonranger-gen4|1186\n|player|p2|ThisIsImho|benga|1181\n|teamsize|p1|6\n|teamsize|p2|6\n|gen|9\n|tier|[Gen 9] VGC 2023 Regulation C\n|rated|\n|rule|Species Clause: Limit one of each Pok\u00e9mon\n|rule|Item Clause: Limit one of each item\n|clearpoke\n|poke|p1|Flutter Mane, L50|\n|poke|p1|Great Tusk, L50|\n|poke|p1|Dragonite, L50, F|\n|poke|p1|Chien-Pao, L50|\n|poke|p1|Murkrow, L50, M|\n|poke|p1|Gholdengo, L50|\n|poke|p2|Orthworm, L50, F|\n|poke|p2|Ting-Lu, L50|\n|poke|p2|Dragonite, L50, F|\n|poke|p2|Flutter Mane, L50|\n|poke|p2|Glimmora, L50, M|\n|poke|p2|Gyarados, L50, F|\n|teampreview|4\nThisIsImho rejected open team sheets.\n|inactive|Battle timer is ON: inactive players will automatically lose when time's up. (requested by ThisIsImho)\n|inactive|ThisIsImho has 60 seconds left.\n|\n|t:|1683993136\n|start\n|switch|p1a: Murkrow|Murkrow, L50, M|100\/100\n|switch|p1b: Dragonite|Dragonite, L50, F|100\/100\n|switch|p2a: Orthworm|Orthworm, L50, F|100\/100\n|switch|p2b: Gyarados|Gyarados, L50, F, shiny|100\/100\n|-ability|p2b: Gyarados|Intimidate|boost\n|-unboost|p1a: Murkrow|atk|1\n|-unboost|p1b: Dragonite|atk|1\n|turn|1\n|inactive|ThisIsImho has 30 seconds left.\n|inactive|ThisIsImho has 20 seconds left.\n|inactive|ThisIsImho has 15 seconds left.\n|inactive|ThisIsImho has 10 seconds left.\n|\n|t:|1683993181\n|move|p1a: Murkrow|Taunt|p2a: Orthworm\n|-start|p2a: Orthworm|move: Taunt\n|move|p1b: Dragonite|Dragon Dance|p1b: Dragonite\n|-boost|p1b: Dragonite|atk|1\n|-boost|p1b: Dragonite|spe|1\n|move|p2b: Gyarados|Taunt|p1a: Murkrow\n|-start|p1a: Murkrow|move: Taunt\n|cant|p2a: Orthworm|move: Taunt|Iron Defense\n|\n|upkeep\n|turn|2\n|inactive|revocolombia has 30 seconds left.\n|inactive|ThisIsImho has 30 seconds left.\n|\n|t:|1683993212\n|switch|p1a: Gholdengo|Gholdengo, L50|100\/100\n|switch|p2b: Dragonite|Dragonite, L50, F|100\/100\n|move|p1b: Dragonite|Low Kick|p2a: Orthworm\n|-supereffective|p2a: Orthworm\n|-damage|p2a: Orthworm|27\/100\n|-enditem|p2a: Orthworm|Sitrus Berry|[eat]\n|-heal|p2a: Orthworm|52\/100|[from] item: Sitrus Berry\n|move|p2a: Orthworm|Heavy Slam|p1a: Gholdengo\n|-resisted|p1a: Gholdengo\n|-damage|p1a: Gholdengo|81\/100\n|\n|upkeep\n|turn|3\n|inactive|revocolombia has 30 seconds left.\n|\n|t:|1683993239\n|switch|p2a: Gyarados|Gyarados, L50, F, shiny|100\/100\n|-ability|p2a: Gyarados|Intimidate|boost\n|-unboost|p1a: Gholdengo|atk|1\n|-unboost|p1b: Dragonite|atk|1\n|move|p1b: Dragonite|Extreme Speed|p2b: Dragonite\n|-damage|p2b: Dragonite|90\/100\n|move|p2b: Dragonite|Dragon Dance|p2b: Dragonite\n|-boost|p2b: Dragonite|atk|1\n|-boost|p2b: Dragonite|spe|1\n|move|p1a: Gholdengo|Thunderbolt|p2a: Gyarados\n|-supereffective|p2a: Gyarados\n|-damage|p2a: Gyarados|0 fnt\n|faint|p2a: Gyarados\n|-damage|p1a: Gholdengo|71\/100|[from] item: Life Orb\n|\n|upkeep\n|\n|t:|1683993253\n|switch|p2a: Ting-Lu|Ting-Lu, L50|100\/100\n|-ability|p2a: Ting-Lu|Vessel of Ruin\n|turn|4\n|\n|t:|1683993269\n|switch|p1a: Murkrow|Murkrow, L50, M|100\/100\n|switch|p2a: Orthworm|Orthworm, L50, F|52\/100\n|move|p2b: Dragonite|Earthquake|p1b: Dragonite|[spread] \n|-heal|p2a: Orthworm|77\/100|[from] ability: Earth Eater|[of] p2b: Dragonite\n|-immune|p1a: Murkrow\n|-immune|p1b: Dragonite\n|move|p1b: Dragonite|Low Kick|p2a: Orthworm\n|-supereffective|p2a: Orthworm\n|-damage|p2a: Orthworm|31\/100\n|\n|upkeep\n|turn|5\n|-message|ThisIsImho forfeited.\n|\n|win|revocolombia\n|raw|revocolombia's rating: 1186 → 1211<\/strong> (+25 for winning)\n|raw|ThisIsImho's rating: 1181 → 1156<\/strong> (-25 for losing)\n|l|\u2606ThisIsImho\n","uploadtime":1683993287,"views":4,"p1id":"revocolombia","p2id":"thisisimho","formatid":"gen9vgc2023regulationc","rating":1156,"private":0,"password":""}