{"id":"gen9vgc2023regulationc-1863503356","p1":"bananahammer74","p2":"johandk","format":"[Gen 9] VGC 2023 Regulation C","log":"|j|\u2606bananahammer74\n|j|\u2606johandk\n|t:|1684026311\n|gametype|doubles\n|player|p1|bananahammer74|swimmer-gen4dp|1446\n|player|p2|johandk|1|1456\n|teamsize|p1|6\n|teamsize|p2|6\n|gen|9\n|tier|[Gen 9] VGC 2023 Regulation C\n|rated|\n|rule|Species Clause: Limit one of each Pok\u00e9mon\n|rule|Item Clause: Limit one of each item\n|clearpoke\n|poke|p1|Chien-Pao, L50|\n|poke|p1|Scizor, L50, F|\n|poke|p1|Kilowattrel, L50, M|\n|poke|p1|Flutter Mane, L50|\n|poke|p1|Garchomp, L50, F|\n|poke|p1|Glimmora, L50, F|\n|poke|p2|Flutter Mane, L50|\n|poke|p2|Scream Tail, L50|\n|poke|p2|Chien-Pao, L50|\n|poke|p2|Gyarados, L50, M|\n|poke|p2|Ceruledge, L50, M|\n|poke|p2|Gastrodon-East, L50, F|\n|teampreview|4\n|inactive|Battle timer is ON: inactive players will automatically lose when time's up. (requested by bananahammer74)\nbananahammer74 has agreed to open team sheets.\n|j| THUNDERSND77\n|inactive|bananahammer74 has 60 seconds left.\n|inactive|johandk has 60 seconds left.\n|\n|t:|1684026363\n|start\n|switch|p1a: Kilowattrel|Kilowattrel, L50, M|100\/100\n|switch|p1b: Garchomp|Garchomp, L50, F|100\/100\n|switch|p2a: Scream Tail|Scream Tail, L50|100\/100\n|switch|p2b: Flutter Mane|Flutter Mane, L50, shiny|100\/100\n|-enditem|p2a: Scream Tail|Booster Energy\n|-activate|p2a: Scream Tail|ability: Protosynthesis|[fromitem]\n|-start|p2a: Scream Tail|protosynthesisspe\n|turn|1\n|\n|t:|1684026387\n|-terastallize|p1b: Garchomp|Fire\n|move|p2a: Scream Tail|Fake Tears|p1a: Kilowattrel\n|-unboost|p1a: Kilowattrel|spd|2\n|-ability|p1a: Kilowattrel|Competitive|boost\n|-boost|p1a: Kilowattrel|spa|2\n|move|p1a: Kilowattrel|Tailwind|p1a: Kilowattrel\n|-sidestart|p1: bananahammer74|move: Tailwind\n|move|p1b: Garchomp|Earthquake|p2b: Flutter Mane|[spread] p2a,p2b\n|-immune|p1a: Kilowattrel\n|-damage|p2a: Scream Tail|70\/100\n|-damage|p2b: Flutter Mane|52\/100\n|move|p2b: Flutter Mane|Dazzling Gleam|p1a: Kilowattrel|[spread] p1a,p1b\n|-resisted|p1b: Garchomp\n|-damage|p1a: Kilowattrel|0 fnt\n|-damage|p1b: Garchomp|84\/100\n|faint|p1a: Kilowattrel\n|\n|upkeep\n|\n|t:|1684026405\n|switch|p1a: Glimmora|Glimmora, L50, F|100\/100\n|turn|2\n|\n|t:|1684026421\n|-end|p2b: Flutter Mane|Protosynthesis|[silent]\n|switch|p2b: Gyarados|Gyarados, L50, M, shiny|100\/100\n|-ability|p2b: Gyarados|Intimidate|boost\n|-unboost|p1a: Glimmora|atk|1\n|-fail|p1b: Garchomp|unboost|[from] item: Clear Amulet|[of] p1b: Garchomp\n|move|p1b: Garchomp|Stomping Tantrum|p2b: Gyarados\n|-immune|p2b: Gyarados\n|move|p2a: Scream Tail|Thunder Wave|p1a: Glimmora\n|-status|p1a: Glimmora|par\n|move|p1a: Glimmora|Power Gem|p2a: Scream Tail\n|-damage|p2a: Scream Tail|45\/100\n|\n|upkeep\n|turn|3\n|\n|t:|1684026445\n|move|p1b: Garchomp|Rock Slide|p2a: Scream Tail|[spread] p2a,p2b\n|-supereffective|p2b: Gyarados\n|-damage|p2a: Scream Tail|28\/100\n|-damage|p2b: Gyarados|62\/100\n|move|p2a: Scream Tail|Disable|p1a: Glimmora\n|-start|p1a: Glimmora|Disable|Power Gem\n|move|p2b: Gyarados|Thunder Wave|p1b: Garchomp\n|-status|p1b: Garchomp|par\n|cant|p1a: Glimmora|Disable|Power Gem\n|\n|upkeep\n|turn|4\n|\n|t:|1684026463\n|move|p2a: Scream Tail|Encore|p1a: Glimmora\n|-start|p1a: Glimmora|Encore\n|move|p1b: Garchomp|Rock Slide|p2a: Scream Tail|[spread] p2b\n|-miss|p1b: Garchomp|p2a: Scream Tail\n|-supereffective|p2b: Gyarados\n|-damage|p2b: Gyarados|26\/100\n|cant|p2b: Gyarados|flinch\n|cant|p1a: Glimmora|Disable|Power Gem\n|\n|-sideend|p1: bananahammer74|move: Tailwind\n|upkeep\n|turn|5\n|j| Rabbihorn\n|\n|t:|1684026480\n|switch|p1a: Scizor|Scizor, L50, F|100\/100\n|move|p2a: Scream Tail|Disable|p1b: Garchomp\n|-start|p1b: Garchomp|Disable|Rock Slide\n|move|p2b: Gyarados|Waterfall|p1b: Garchomp\n|-supereffective|p1b: Garchomp\n|-damage|p1b: Garchomp|20\/100 par\n|-damage|p2b: Gyarados|14\/100|[from] ability: Rough Skin|[of] p1b: Garchomp\n|cant|p1b: Garchomp|Disable|Rock Slide\n|\n|upkeep\n|turn|6\n|\n|t:|1684026501\n|move|p1b: Garchomp|Protect|p1b: Garchomp\n|-singleturn|p1b: Garchomp|Protect\n|move|p1a: Scizor|Bullet Punch|p2a: Scream Tail\n|-supereffective|p2a: Scream Tail\n|-damage|p2a: Scream Tail|0 fnt\n|faint|p2a: Scream Tail\n|-end|p2a: Scream Tail|Protosynthesis|[silent]\n|move|p2b: Gyarados|Waterfall|p1a: Scizor\n|-damage|p1a: Scizor|64\/100\n|\n|upkeep\n|\n|t:|1684026514\n|switch|p2a: Chien-Pao|Chien-Pao, L50|100\/100\n|-ability|p2a: Chien-Pao|Sword of Ruin\n|turn|7\n|\n|t:|1684026537\n|switch|p1b: Glimmora|Glimmora, L50, F|100\/100 par\n|move|p1a: Scizor|Bullet Punch|p2b: Gyarados\n|-resisted|p2b: Gyarados\n|-damage|p2b: Gyarados|0 fnt\n|faint|p2b: Gyarados\n|move|p2a: Chien-Pao|Sacred Sword|p1a: Scizor\n|-damage|p1a: Scizor|24\/100\n|\n|upkeep\n|\n|t:|1684026547\n|switch|p2b: Flutter Mane|Flutter Mane, L50, shiny|52\/100\n|turn|8\n|\n|t:|1684026555\n|switch|p1a: Garchomp|Garchomp, L50, F, tera:Fire|20\/100 par\n|move|p2a: Chien-Pao|Sucker Punch||[still]\n|-fail|p2a: Chien-Pao\n|move|p2b: Flutter Mane|Hex|p1b: Glimmora\n|-damage|p1b: Glimmora|53\/100 par\n|move|p1b: Glimmora|Mortal Spin|p2a: Chien-Pao|[spread] p2a,p2b\n|-crit|p2a: Chien-Pao\n|-damage|p2a: Chien-Pao|93\/100\n|-damage|p2b: Flutter Mane|42\/100\n|-status|p2a: Chien-Pao|psn\n|-status|p2b: Flutter Mane|psn\n|\n|-damage|p2a: Chien-Pao|80\/100 psn|[from] psn\n|-damage|p2b: Flutter Mane|31\/100 psn|[from] psn\n|upkeep\n|turn|9\n|\n|t:|1684026577\n|move|p1a: Garchomp|Protect|p1a: Garchomp\n|-singleturn|p1a: Garchomp|Protect\n|move|p2a: Chien-Pao|Ice Spinner|p1b: Glimmora\n|-damage|p1b: Glimmora|9\/100 par\n|-activate|p1b: Glimmora|ability: Toxic Debris\n|-sidestart|p2: johandk|move: Toxic Spikes\n|move|p2b: Flutter Mane|Dazzling Gleam|p1b: Glimmora|[spread] p1b\n|-activate|p1a: Garchomp|move: Protect\n|-resisted|p1b: Glimmora\n|-damage|p1b: Glimmora|0 fnt\n|faint|p1b: Glimmora\n|\n|-damage|p2a: Chien-Pao|68\/100 psn|[from] psn\n|-damage|p2b: Flutter Mane|19\/100 psn|[from] psn\n|upkeep\n|-enditem|p2b: Flutter Mane|Wiki Berry|[eat]\n|-heal|p2b: Flutter Mane|52\/100 psn|[from] item: Wiki Berry\n|\n|t:|1684026592\n|switch|p1b: Scizor|Scizor, L50, F|24\/100\n|turn|10\n|\n|t:|1684026609\n|-terastallize|p2b: Flutter Mane|Fairy\n|move|p2a: Chien-Pao|Sucker Punch|p1b: Scizor\n|-damage|p1b: Scizor|0 fnt\n|faint|p1b: Scizor\n|move|p2b: Flutter Mane|Dazzling Gleam|p1a: Garchomp\n|-resisted|p1a: Garchomp\n|-damage|p1a: Garchomp|0 fnt\n|faint|p1a: Garchomp\n|\n|win|johandk\n|raw|bananahammer74's rating: 1446 → 1427<\/strong> (-19 for losing)\n|raw|johandk's rating: 1456 → 1475<\/strong> (+19 for winning)\n","uploadtime":1684026622,"views":9,"p1id":"bananahammer74","p2id":"johandk","formatid":"gen9vgc2023regulationc","rating":1427,"private":0,"password":""}