{"id":"gen9vgc2023regulationc-1862715783","p1":"ituyiytruyuiy","p2":"Arcacagne","format":"[Gen 9] VGC 2023 Regulation C","log":"|j|\u2606ituyiytruyuiy\n|j|\u2606Arcacagne\n|t:|1683914791\n|gametype|doubles\n|player|p1|ituyiytruyuiy|alder|1036\n|player|p2|Arcacagne|169|1108\n|teamsize|p1|6\n|teamsize|p2|6\n|gen|9\n|tier|[Gen 9] VGC 2023 Regulation C\n|rated|\n|rule|Species Clause: Limit one of each Pok\u00e9mon\n|rule|Item Clause: Limit one of each item\n|clearpoke\n|poke|p1|Sandy Shocks, L50|\n|poke|p1|Gholdengo, L50|\n|poke|p1|Talonflame, L50, F|\n|poke|p1|Brute Bonnet, L50|\n|poke|p1|Scream Tail, L50|\n|poke|p1|Iron Hands, L50|\n|poke|p2|Chi-Yu, L50|\n|poke|p2|Flutter Mane, L50|\n|poke|p2|Amoonguss, L50, M|\n|poke|p2|Ting-Lu, L50|\n|poke|p2|Iron Hands, L50|\n|poke|p2|Gyarados, L50, F|\n|teampreview|4\n|inactive|Battle timer is ON: inactive players will automatically lose when time's up. (requested by ituyiytruyuiy)\n|inactive|ituyiytruyuiy has 60 seconds left.\n|inactive|Arcacagne has 60 seconds left.\n|inactive|Arcacagne has 30 seconds left.\n|\n|t:|1683914858\n|start\n|switch|p1a: Gholdengo|Gholdengo, L50|100\/100\n|switch|p1b: Talonflame|Talonflame, L50, F|100\/100\n|switch|p2a: Chi-Yu|Chi-Yu, L50|100\/100\n|switch|p2b: Flutter Mane|Flutter Mane, L50|100\/100\n|-ability|p2a: Chi-Yu|Beads of Ruin\n|-enditem|p2b: Flutter Mane|Booster Energy\n|-activate|p2b: Flutter Mane|ability: Protosynthesis|[fromitem]\n|-start|p2b: Flutter Mane|protosynthesisspe\n|turn|1\n|\n|t:|1683914877\n|-end|p2b: Flutter Mane|Protosynthesis|[silent]\n|switch|p2b: Ting-Lu|Ting-Lu, L50|100\/100\n|-ability|p2b: Ting-Lu|Vessel of Ruin\n|move|p1a: Gholdengo|Protect|p1a: Gholdengo\n|-singleturn|p1a: Gholdengo|Protect\n|move|p1b: Talonflame|Tailwind|p1b: Talonflame\n|-sidestart|p1: ituyiytruyuiy|move: Tailwind\n|move|p2a: Chi-Yu|Heat Wave|p1a: Gholdengo|[spread] p1b\n|-activate|p1a: Gholdengo|move: Protect\n|-resisted|p1b: Talonflame\n|-damage|p1b: Talonflame|74\/100\n|\n|upkeep\n|turn|2\n|\n|t:|1683914898\n|switch|p1a: Scream Tail|Scream Tail, L50|100\/100\n|-enditem|p1a: Scream Tail|Booster Energy\n|-activate|p1a: Scream Tail|ability: Protosynthesis|[fromitem]\n|-start|p1a: Scream Tail|protosynthesisspe\n|move|p1b: Talonflame|Will-O-Wisp|p2b: Ting-Lu\n|-status|p2b: Ting-Lu|brn\n|move|p2a: Chi-Yu|Heat Wave|p1b: Talonflame|[spread] p1a\n|-miss|p2a: Chi-Yu|p1b: Talonflame\n|-damage|p1a: Scream Tail|71\/100\n|move|p2b: Ting-Lu|Stomping Tantrum|p1a: Scream Tail\n|-damage|p1a: Scream Tail|51\/100\n|\n|-damage|p2b: Ting-Lu|94\/100 brn|[from] brn\n|upkeep\n|turn|3\n|inactive|Arcacagne has 30 seconds left.\n|\n|t:|1683914930\n|switch|p1b: Brute Bonnet|Brute Bonnet, L50|100\/100\n|move|p1a: Scream Tail|Disable|p2a: Chi-Yu\n|-start|p2a: Chi-Yu|Disable|Heat Wave\n|move|p2a: Chi-Yu|Overheat|p1a: Scream Tail\n|-damage|p1a: Scream Tail|0 fnt\n|-unboost|p2a: Chi-Yu|spa|2\n|faint|p1a: Scream Tail\n|-end|p1a: Scream Tail|Protosynthesis|[silent]\n|move|p2b: Ting-Lu|Stomping Tantrum|p1b: Brute Bonnet\n|-resisted|p1b: Brute Bonnet\n|-damage|p1b: Brute Bonnet|91\/100\n|\n|-damage|p2b: Ting-Lu|88\/100 brn|[from] brn\n|upkeep\n|\n|t:|1683914952\n|switch|p1a: Talonflame|Talonflame, L50, F|74\/100\n|turn|4\n|\n|t:|1683914965\n|switch|p2b: Iron Hands|Iron Hands, L50|100\/100\n|move|p2a: Chi-Yu|Protect|p2a: Chi-Yu\n|-singleturn|p2a: Chi-Yu|Protect\n|move|p1a: Talonflame|Brave Bird|p2b: Iron Hands\n|-damage|p2b: Iron Hands|79\/100\n|-damage|p1a: Talonflame|64\/100|[from] Recoil\n|move|p1b: Brute Bonnet|Bullet Seed|p2b: Iron Hands\n|-damage|p2b: Iron Hands|69\/100\n|-damage|p2b: Iron Hands|60\/100\n|-damage|p2b: Iron Hands|51\/100\n|-damage|p2b: Iron Hands|41\/100\n|-hitcount|p2b: Iron Hands|4\n|\n|-sideend|p1: ituyiytruyuiy|move: Tailwind\n|upkeep\n|turn|5\n|inactive|ituyiytruyuiy has 30 seconds left.\n|\n|t:|1683914994\n|switch|p2a: Flutter Mane|Flutter Mane, L50|100\/100\n|-terastallize|p1b: Brute Bonnet|Fairy\n|move|p2b: Iron Hands|Fake Out|p1b: Brute Bonnet\n|-damage|p1b: Brute Bonnet|80\/100\n|move|p1a: Talonflame|Tailwind|p1a: Talonflame\n|-sidestart|p1: ituyiytruyuiy|move: Tailwind\n|cant|p1b: Brute Bonnet|flinch\n|\n|upkeep\n|turn|6\n|\n|t:|1683915015\n|-terastallize|p2b: Iron Hands|Fire\n|move|p2a: Flutter Mane|Protect|p2a: Flutter Mane\n|-singleturn|p2a: Flutter Mane|Protect\n|move|p1b: Brute Bonnet|Sucker Punch||[still]\n|-fail|p1b: Brute Bonnet\n|move|p1a: Talonflame|Will-O-Wisp|p2b: Iron Hands\n|-immune|p2b: Iron Hands\n|move|p2b: Iron Hands|Thunder Punch|p1a: Talonflame\n|-supereffective|p1a: Talonflame\n|-damage|p1a: Talonflame|0 fnt\n|faint|p1a: Talonflame\n|\n|upkeep\n|\n|t:|1683915019\n|switch|p1a: Gholdengo|Gholdengo, L50|100\/100\n|turn|7\n|\n|t:|1683915041\n|-end|p2a: Flutter Mane|Protosynthesis|[silent]\n|switch|p2a: Ting-Lu|Ting-Lu, L50|88\/100 brn\n|-ability|p2a: Ting-Lu|Vessel of Ruin\n|move|p1b: Brute Bonnet|Sucker Punch||[still]\n|-fail|p1b: Brute Bonnet\n|move|p1a: Gholdengo|Make It Rain|p2a: Ting-Lu|[spread] p2a,p2b\n|-resisted|p2b: Iron Hands\n|-damage|p2a: Ting-Lu|62\/100 brn\n|-damage|p2b: Iron Hands|29\/100\n|-unboost|p1a: Gholdengo|spa|1\n|-enditem|p1a: Gholdengo|White Herb\n|-clearnegativeboost|p1a: Gholdengo|[silent]\n|move|p2b: Iron Hands|Swords Dance|p2b: Iron Hands\n|-boost|p2b: Iron Hands|atk|2\n|\n|-damage|p2a: Ting-Lu|56\/100 brn|[from] brn\n|upkeep\n|turn|8\n|-message|ituyiytruyuiy forfeited.\n|\n|win|Arcacagne\n|raw|ituyiytruyuiy's rating: 1036 → 1024<\/strong> (-12 for losing)\n|raw|Arcacagne's rating: 1108 → 1128<\/strong> (+20 for winning)\n|l|\u2606ituyiytruyuiy\n","uploadtime":1683915063,"views":16,"p1id":"ituyiytruyuiy","p2id":"arcacagne","formatid":"gen9vgc2023regulationc","rating":1024,"private":0,"password":""}