{"id":"gen9vgc2023regulationc-1856527500","p1":"vrumvrumnatal","p2":"araganaraktus","format":"[Gen 9] VGC 2023 Regulation C","log":"|j|\u2606vrumvrumnatal\n|j|\u2606araganaraktus\n|t:|1683071837\n|gametype|doubles\n|player|p1|vrumvrumnatal|2|1241\n|player|p2|araganaraktus|wallace|1301\n|teamsize|p1|6\n|teamsize|p2|6\n|gen|9\n|tier|[Gen 9] VGC 2023 Regulation C\n|rated|\n|rule|Species Clause: Limit one of each Pok\u00e9mon\n|rule|Item Clause: Limit one of each item\n|clearpoke\n|poke|p1|Chien-Pao, L50|\n|poke|p1|Dragonite, L50, F|\n|poke|p1|Kingambit, L50, F|\n|poke|p1|Gyarados, L50, F|\n|poke|p1|Great Tusk, L50|\n|poke|p1|Flutter Mane, L50|\n|poke|p2|Murkrow, L50, M|\n|poke|p2|Dragonite, L50, M|\n|poke|p2|Great Tusk, L50|\n|poke|p2|Chi-Yu, L50|\n|poke|p2|Flutter Mane, L50|\n|poke|p2|Brambleghast, L50, M|\n|teampreview|4\n|inactive|Battle timer is ON: inactive players will automatically lose when time's up. (requested by araganaraktus)\n|inactive|araganaraktus has 60 seconds left.\n|\n|t:|1683071879\n|start\n|switch|p1a: Great Tusk|Great Tusk, L50|100\/100\n|switch|p1b: Flutter Mane|Flutter Mane, L50|100\/100\n|switch|p2a: Murkrow|Murkrow, L50, M|100\/100\n|switch|p2b: Chi-Yu|Chi-Yu, L50|100\/100\n|-ability|p2b: Chi-Yu|Beads of Ruin\n|-enditem|p1b: Flutter Mane|Booster Energy\n|-activate|p1b: Flutter Mane|ability: Protosynthesis|[fromitem]\n|-start|p1b: Flutter Mane|protosynthesisspa\n|turn|1\n|\n|t:|1683071896\n|move|p2b: Chi-Yu|Protect|p2b: Chi-Yu\n|-singleturn|p2b: Chi-Yu|Protect\n|move|p2a: Murkrow|Tailwind|p2a: Murkrow\n|-sidestart|p2: araganaraktus|move: Tailwind\n|move|p1a: Great Tusk|Rock Slide|p2b: Chi-Yu|[spread] p2a\n|-activate|p2b: Chi-Yu|move: Protect\n|-supereffective|p2a: Murkrow\n|-damage|p2a: Murkrow|59\/100\n|move|p1b: Flutter Mane|Dazzling Gleam|p2b: Chi-Yu|[spread] p2a\n|-activate|p2b: Chi-Yu|move: Protect\n|-supereffective|p2a: Murkrow\n|-damage|p2a: Murkrow|0 fnt\n|faint|p2a: Murkrow\n|\n|upkeep\n|\n|t:|1683071908\n|switch|p2a: Flutter Mane|Flutter Mane, L50|100\/100\n|turn|2\n|\n|t:|1683071926\n|-end|p1a: Great Tusk|Protosynthesis|[silent]\n|switch|p1a: Gyarados|Gyarados, L50, F, shiny|100\/100\n|-ability|p1a: Gyarados|Intimidate|boost\n|-unboost|p2a: Flutter Mane|atk|1\n|-unboost|p2b: Chi-Yu|atk|1\n|-terastallize|p1b: Flutter Mane|Fairy\n|move|p2a: Flutter Mane|Dazzling Gleam|p1a: Gyarados|[spread] p1a,p1b\n|-damage|p1a: Gyarados|49\/100\n|-damage|p1b: Flutter Mane|49\/100\n|move|p2b: Chi-Yu|Heat Wave|p1a: Gyarados|[spread] p1a,p1b\n|-resisted|p1a: Gyarados\n|-damage|p1a: Gyarados|30\/100\n|-damage|p1b: Flutter Mane|3\/100\n|move|p1b: Flutter Mane|Shadow Ball|p2a: Flutter Mane\n|-supereffective|p2a: Flutter Mane\n|-damage|p2a: Flutter Mane|0 fnt\n|faint|p2a: Flutter Mane\n|-end|p2a: Flutter Mane|Protosynthesis|[silent]\n|\n|-heal|p1a: Gyarados|36\/100|[from] item: Leftovers\n|upkeep\n|\n|t:|1683071940\n|switch|p2a: Great Tusk|Great Tusk, L50, shiny|100\/100\n|turn|3\n|\n|t:|1683071953\n|move|p1b: Flutter Mane|Protect|p1b: Flutter Mane\n|-singleturn|p1b: Flutter Mane|Protect\n|move|p1a: Gyarados|Protect|p1a: Gyarados\n|-singleturn|p1a: Gyarados|Protect\n|move|p2a: Great Tusk|Rock Slide|p1a: Gyarados|[spread] \n|-activate|p1a: Gyarados|move: Protect\n|-activate|p1b: Flutter Mane|move: Protect\n|move|p2b: Chi-Yu|Heat Wave|p1a: Gyarados|[spread] \n|-activate|p1a: Gyarados|move: Protect\n|-activate|p1b: Flutter Mane|move: Protect\n|\n|-heal|p1a: Gyarados|42\/100|[from] item: Leftovers\n|upkeep\n|turn|4\n|inactive|vrumvrumnatal has 30 seconds left.\n|inactive|vrumvrumnatal has 20 seconds left.\n|\n|t:|1683071992\n|-end|p1b: Flutter Mane|Protosynthesis|[silent]\n|switch|p1b: Kingambit|Kingambit, L50, F|100\/100\n|switch|p1a: Great Tusk|Great Tusk, L50|100\/100\n|move|p2a: Great Tusk|Rock Slide|p1a: Great Tusk|[spread] p1a,p1b\n|-resisted|p1a: Great Tusk\n|-resisted|p1b: Kingambit\n|-damage|p1a: Great Tusk|97\/100\n|-damage|p1b: Kingambit|93\/100\n|move|p2b: Chi-Yu|Heat Wave|p1a: Great Tusk|[spread] p1a,p1b\n|-supereffective|p1b: Kingambit\n|-damage|p1a: Great Tusk|15\/100\n|-damage|p1b: Kingambit|27\/100\n|\n|-sideend|p2: araganaraktus|move: Tailwind\n|upkeep\n|turn|5\n|\n|t:|1683072011\n|move|p1b: Kingambit|Sucker Punch|p2a: Great Tusk\n|-resisted|p2a: Great Tusk\n|-damage|p2a: Great Tusk|85\/100\n|move|p2a: Great Tusk|Rock Slide|p1a: Great Tusk|[spread] p1a,p1b\n|-resisted|p1a: Great Tusk\n|-resisted|p1b: Kingambit\n|-damage|p1a: Great Tusk|11\/100\n|-damage|p1b: Kingambit|19\/100\n|move|p1a: Great Tusk|Earthquake|p2b: Chi-Yu|[spread] p1b,p2a,p2b\n|-supereffective|p1b: Kingambit\n|-supereffective|p2b: Chi-Yu\n|-damage|p1b: Kingambit|0 fnt\n|-damage|p2a: Great Tusk|54\/100\n|-enditem|p2b: Chi-Yu|Focus Sash\n|-damage|p2b: Chi-Yu|1\/100\n|faint|p1b: Kingambit\n|move|p2b: Chi-Yu|Heat Wave|p1a: Great Tusk\n|-damage|p1a: Great Tusk|0 fnt\n|faint|p1a: Great Tusk\n|-end|p1a: Great Tusk|Protosynthesis|[silent]\n|\n|upkeep\n|\n|t:|1683072029\n|switch|p1a: Flutter Mane|Flutter Mane, L50, tera:Fairy|3\/100\n|switch|p1b: Gyarados|Gyarados, L50, F, shiny|42\/100\n|-ability|p1b: Gyarados|Intimidate|boost\n|-unboost|p2a: Great Tusk|atk|1\n|-unboost|p2b: Chi-Yu|atk|1\n|turn|6\n|\n|t:|1683072039\n|move|p2b: Chi-Yu|Protect|p2b: Chi-Yu\n|-singleturn|p2b: Chi-Yu|Protect\n|move|p2a: Great Tusk|Rock Slide|p1b: Gyarados|[spread] p1a,p1b\n|-supereffective|p1b: Gyarados\n|-damage|p1a: Flutter Mane|0 fnt\n|-damage|p1b: Gyarados|18\/100\n|faint|p1a: Flutter Mane\n|-end|p1a: Flutter Mane|Protosynthesis|[silent]\n|move|p1b: Gyarados|Waterfall|p2a: Great Tusk\n|-supereffective|p2a: Great Tusk\n|-crit|p2a: Great Tusk\n|-damage|p2a: Great Tusk|0 fnt\n|faint|p2a: Great Tusk\n|-end|p2a: Great Tusk|Protosynthesis|[silent]\n|\n|-heal|p1b: Gyarados|24\/100|[from] item: Leftovers\n|upkeep\n|turn|7\n|\n|t:|1683072054\n|move|p1b: Gyarados|Protect|p1b: Gyarados\n|-singleturn|p1b: Gyarados|Protect\n|move|p2b: Chi-Yu|Overheat|p1b: Gyarados\n|-activate|p1b: Gyarados|move: Protect\n|\n|-heal|p1b: Gyarados|30\/100|[from] item: Leftovers\n|upkeep\n|turn|8\n|\n|t:|1683072063\n|move|p2b: Chi-Yu|Overheat|p1b: Gyarados\n|-resisted|p1b: Gyarados\n|-damage|p1b: Gyarados|0 fnt\n|-unboost|p2b: Chi-Yu|spa|2\n|faint|p1b: Gyarados\n|\n|win|araganaraktus\n|raw|vrumvrumnatal's rating: 1241 → 1220<\/strong> (-21 for losing)\n|raw|araganaraktus's rating: 1301 → 1318<\/strong> (+17 for winning)\n","uploadtime":1683072071,"views":18,"p1id":"vrumvrumnatal","p2id":"araganaraktus","formatid":"gen9vgc2023regulationc","rating":1220,"private":0,"password":""}