{"id":"gen9vgc2023regulationc-1860024688","p1":"zlint","p2":"Saul Kekman","format":"[Gen 9] VGC 2023 Regulation C","log":"|j|\u2606zlint\n|j|\u2606Saul Kekman\n|t:|1683586402\n|gametype|doubles\n|player|p1|zlint|may|1040\n|player|p2|Saul Kekman|102|1089\n|teamsize|p1|6\n|teamsize|p2|6\n|gen|9\n|tier|[Gen 9] VGC 2023 Regulation C\n|rated|\n|rule|Species Clause: Limit one of each Pok\u00e9mon\n|rule|Item Clause: Limit one of each item\n|clearpoke\n|poke|p1|Scream Tail, L50|\n|poke|p1|Baxcalibur, L50, M|\n|poke|p1|Corviknight, L50, M|\n|poke|p1|Rotom-Wash, L50|\n|poke|p1|Flutter Mane, L50|\n|poke|p1|Tyranitar, L50, F|\n|poke|p2|Iron Valiant, L50|\n|poke|p2|Pincurchin, L50, M|\n|poke|p2|Ting-Lu, L50|\n|poke|p2|Toedscruel, L50, M|\n|poke|p2|Torkoal, L50, M|\n|poke|p2|Sandy Shocks, L50|\n|teampreview|4\nzlint has agreed to open team sheets.\n|inactive|Battle timer is ON: inactive players will automatically lose when time's up. (requested by Saul Kekman)\nSaul Kekman has agreed to open team sheets.\n|\n|t:|1683586457\n|start\n|switch|p1a: Scream Tail|Scream Tail, L50, shiny|100\/100\n|switch|p1b: Baxcalibur|Baxcalibur, L50, M|100\/100\n|switch|p2a: Toedscruel|Toedscruel, L50, M|100\/100\n|switch|p2b: Pincurchin|Pincurchin, L50, M|100\/100\n|-fieldstart|move: Electric Terrain|[from] ability: Electric Surge|[of] p2b: Pincurchin\n|-enditem|p2b: Pincurchin|Electric Seed\n|-boost|p2b: Pincurchin|def|1|[from] item: Electric Seed\n|-enditem|p1a: Scream Tail|Booster Energy\n|-activate|p1a: Scream Tail|ability: Protosynthesis|[fromitem]\n|-start|p1a: Scream Tail|protosynthesisspe\n|turn|1\n|inactive|zlint has 30 seconds left.\n|inactive|Saul Kekman has 30 seconds left.\n|\n|t:|1683586487\n|-terastallize|p2a: Toedscruel|Water\n|move|p1b: Baxcalibur|Protect|p1b: Baxcalibur\n|-singleturn|p1b: Baxcalibur|Protect\n|move|p1a: Scream Tail|Howl|p1a: Scream Tail|[spread] p1a,p1b\n|-boost|p1a: Scream Tail|atk|1\n|-boost|p1b: Baxcalibur|atk|1\n|move|p2b: Pincurchin|Thunder Wave|p1b: Baxcalibur\n|-activate|p1b: Baxcalibur|move: Protect\n|move|p2a: Toedscruel|Trick Room|p2a: Toedscruel\n|-fieldstart|move: Trick Room|[of] p2a: Toedscruel\n|\n|upkeep\n|turn|2\n|inactive|zlint has 30 seconds left.\n|inactive|zlint has 20 seconds left.\n|inactive|zlint has 15 seconds left.\n|inactive|zlint has 10 seconds left.\n|\n|t:|1683586535\n|-terastallize|p1b: Baxcalibur|Poison\n|move|p2b: Pincurchin|Thunder Wave|p1b: Baxcalibur\n|-status|p1b: Baxcalibur|par\n|move|p1b: Baxcalibur|Glaive Rush|p2a: Toedscruel\n|-damage|p2a: Toedscruel|0 fnt\n|-singlemove|p1b: Baxcalibur|Glaive Rush|[silent]\n|faint|p2a: Toedscruel\n|move|p1a: Scream Tail|Howl|p1a: Scream Tail|[spread] p1a,p1b\n|-boost|p1a: Scream Tail|atk|1\n|-boost|p1b: Baxcalibur|atk|1\n|\n|upkeep\n|\n|t:|1683586545\n|switch|p2a: Torkoal|Torkoal, L50, M|100\/100\n|-weather|SunnyDay|[from] ability: Drought|[of] p2a: Torkoal\n|turn|3\n|\n|t:|1683586558\n|cant|p1b: Baxcalibur|par\n|move|p2b: Pincurchin|Acupressure|p2a: Torkoal\n|-boost|p2a: Torkoal|spa|2\n|move|p2a: Torkoal|Eruption|p1b: Baxcalibur|[spread] p1a,p1b\n|-damage|p1a: Scream Tail|0 fnt\n|-damage|p1b: Baxcalibur|0 fnt\n|faint|p1a: Scream Tail\n|-end|p1a: Scream Tail|Protosynthesis|[silent]\n|faint|p1b: Baxcalibur\n|\n|-weather|SunnyDay|[upkeep]\n|upkeep\n|\n|t:|1683586567\n|switch|p1b: Flutter Mane|Flutter Mane, L50|100\/100\n|switch|p1a: Rotom|Rotom-Wash, L50, shiny|100\/100\n|-activate|p1b: Flutter Mane|ability: Protosynthesis\n|-start|p1b: Flutter Mane|protosynthesisspe\n|turn|4\n|\n|t:|1683586587\n|move|p1b: Flutter Mane|Protect|p1b: Flutter Mane\n|-singleturn|p1b: Flutter Mane|Protect\n|move|p2b: Pincurchin|Thunder Wave|p1b: Flutter Mane\n|-activate|p1b: Flutter Mane|move: Protect\n|move|p2a: Torkoal|Eruption|p1a: Rotom|[spread] p1a\n|-activate|p1b: Flutter Mane|move: Protect\n|-resisted|p1a: Rotom\n|-damage|p1a: Rotom|0 fnt\n|faint|p1a: Rotom\n|\n|-weather|SunnyDay|[upkeep]\n|upkeep\n|turn|5\n|\n|t:|1683586603\n|move|p1b: Flutter Mane|Protect||[still]\n|-fail|p1b: Flutter Mane\n|move|p2b: Pincurchin|Acupressure|p2a: Torkoal\n|-boost|p2a: Torkoal|atk|2\n|move|p2a: Torkoal|Eruption|p1b: Flutter Mane\n|-damage|p1b: Flutter Mane|0 fnt\n|faint|p1b: Flutter Mane\n|-end|p1b: Flutter Mane|Protosynthesis|[silent]\n|\n|win|Saul Kekman\n|raw|zlint's rating: 1040 → 1026<\/strong> (-14 for losing)\n|raw|Saul Kekman's rating: 1089 → 1112<\/strong> (+23 for winning)\n|l|\u2606Saul Kekman\n","uploadtime":1683586616,"views":7,"p1id":"zlint","p2id":"saulkekman","formatid":"gen9vgc2023regulationc","rating":1026,"private":0,"password":""}