{"id":"gen9vgc2023regulationc-1845719290","p1":"pelukas","p2":"Mercury_95","format":"[Gen 9] VGC 2023 Regulation C","log":"|j|\u2606pelukas\n|j|\u2606Mercury_95\n|t:|1681758317\n|gametype|doubles\n|player|p1|pelukas|palmer|1099\n|player|p2|Mercury_95|101|1132\n|teamsize|p1|6\n|teamsize|p2|6\n|gen|9\n|tier|[Gen 9] VGC 2023 Regulation C\n|rated|\n|rule|Species Clause: Limit one of each Pok\u00e9mon\n|rule|Item Clause: Limit one of each item\n|clearpoke\n|poke|p1|Klefki, L50, F|\n|poke|p1|Mimikyu, L50, M|\n|poke|p1|Flutter Mane, L50|\n|poke|p1|Garganacl, L50, M|\n|poke|p1|Iron Valiant, L50|\n|poke|p1|Gardevoir, L50, F|\n|poke|p2|Amoonguss, L50, F|\n|poke|p2|Azumarill, L50, F|\n|poke|p2|Flutter Mane, L50|\n|poke|p2|Baxcalibur, L50, F|\n|poke|p2|Chi-Yu, L50|\n|poke|p2|Espathra, L50, F|\n|teampreview|4\n|inactive|Battle timer is ON: inactive players will automatically lose when time's up. (requested by pelukas)\npelukas rejected open team sheets.\n|\n|t:|1681758379\n|start\n|switch|p1a: Garganacl|Garganacl, L50, M, shiny|100\/100\n|switch|p1b: Gardevoir|Gardevoir, L50, F, shiny|100\/100\n|switch|p2a: Baxcalibur|Baxcalibur, L50, F|100\/100\n|switch|p2b: Amoonguss|Amoonguss, L50, F, shiny|100\/100\n|-ability|p1b: Gardevoir|Thermal Exchange|[from] ability: Trace|[of] p2a: Baxcalibur\n|turn|1\n|inactive|pelukas has 30 seconds left.\n|inactive|Mercury_95 has 30 seconds left.\n|inactive|pelukas has 20 seconds left.\n|inactive|Mercury_95 has 20 seconds left.\n|inactive|pelukas has 15 seconds left.\n|inactive|Mercury_95 has 15 seconds left.\n|inactive|pelukas has 10 seconds left.\n|\n|t:|1681758428\n|switch|p1b: Klefki|Klefki, L50, F|100\/100\n|-terastallize|p2a: Baxcalibur|Poison\n|move|p2a: Baxcalibur|Swords Dance|p2a: Baxcalibur\n|-boost|p2a: Baxcalibur|atk|2\n|move|p1a: Garganacl|Salt Cure|p2a: Baxcalibur\n|-damage|p2a: Baxcalibur|88\/100\n|-start|p2a: Baxcalibur|Salt Cure\n|move|p2b: Amoonguss|Pollen Puff|p1b: Klefki\n|-resisted|p1b: Klefki\n|-crit|p1b: Klefki\n|-damage|p1b: Klefki|93\/100\n|\n|-damage|p2a: Baxcalibur|76\/100|[from] Salt Cure\n|upkeep\n|turn|2\n|inactive|Mercury_95 has 30 seconds left.\n|inactive|Mercury_95 has 20 seconds left.\n|\n|t:|1681758466\n|-terastallize|p1a: Garganacl|Fairy\n|move|p1b: Klefki|Reflect|p1b: Klefki\n|-sidestart|p1: pelukas|Reflect\n|move|p2a: Baxcalibur|Icicle Crash|p1b: Klefki\n|-resisted|p1b: Klefki\n|-damage|p1b: Klefki|68\/100\n|move|p1a: Garganacl|Salt Cure|p2b: Amoonguss\n|-damage|p2b: Amoonguss|88\/100\n|-start|p2b: Amoonguss|Salt Cure\n|move|p2b: Amoonguss|Pollen Puff|p2a: Baxcalibur\n|-heal|p2a: Baxcalibur|100\/100\n|\n|-damage|p2a: Baxcalibur|88\/100|[from] Salt Cure\n|-damage|p2b: Amoonguss|76\/100|[from] Salt Cure\n|upkeep\n|turn|3\n|\n|t:|1681758490\n|move|p1b: Klefki|Thunder Wave|p2b: Amoonguss\n|-status|p2b: Amoonguss|par\n|move|p2a: Baxcalibur|Swords Dance|p2a: Baxcalibur\n|-boost|p2a: Baxcalibur|atk|2\n|move|p2b: Amoonguss|Pollen Puff|p2a: Baxcalibur\n|-heal|p2a: Baxcalibur|100\/100\n|move|p1a: Garganacl|Avalanche|p2b: Amoonguss\n|-supereffective|p2b: Amoonguss\n|-damage|p2b: Amoonguss|54\/100 par\n|\n|-damage|p2a: Baxcalibur|88\/100|[from] Salt Cure\n|-damage|p2b: Amoonguss|42\/100 par|[from] Salt Cure\n|upkeep\n|-enditem|p2b: Amoonguss|Sitrus Berry|[eat]\n|-heal|p2b: Amoonguss|67\/100 par|[from] item: Sitrus Berry\n|turn|4\n|inactive|pelukas has 30 seconds left.\n|inactive|Mercury_95 has 30 seconds left.\n|\n|t:|1681758523\n|switch|p2b: Azumarill|Azumarill, L50, F, shiny|100\/100\n|move|p1b: Klefki|Thunder Wave|p2a: Baxcalibur\n|-status|p2a: Baxcalibur|par\n|move|p2a: Baxcalibur|Icicle Crash|p1a: Garganacl\n|-damage|p1a: Garganacl|53\/100\n|move|p1a: Garganacl|Avalanche|p2b: Azumarill\n|-resisted|p2b: Azumarill\n|-damage|p2b: Azumarill|94\/100\n|\n|-damage|p2a: Baxcalibur|76\/100 par|[from] Salt Cure\n|upkeep\n|turn|5\n|\n|t:|1681758545\n|switch|p1b: Flutter Mane|Flutter Mane, L50, shiny|100\/100\n|move|p2b: Azumarill|Liquidation|p1b: Flutter Mane\n|-damage|p1b: Flutter Mane|18\/100\n|move|p1a: Garganacl|Recover|p1a: Garganacl\n|-heal|p1a: Garganacl|100\/100\n|cant|p2a: Baxcalibur|par\n|\n|-damage|p2a: Baxcalibur|64\/100 par|[from] Salt Cure\n|upkeep\n|turn|6\n|\n|t:|1681758567\n|switch|p2a: Amoonguss|Amoonguss, L50, F, shiny|99\/100 par\n|move|p1b: Flutter Mane|Protect|p1b: Flutter Mane\n|-singleturn|p1b: Flutter Mane|Protect\n|move|p2b: Azumarill|Aqua Jet|p1b: Flutter Mane\n|-activate|p1b: Flutter Mane|move: Protect\n|move|p1a: Garganacl|Salt Cure|p2b: Azumarill\n|-damage|p2b: Azumarill|79\/100\n|-start|p2b: Azumarill|Salt Cure\n|\n|-damage|p2b: Azumarill|54\/100|[from] Salt Cure\n|upkeep\n|turn|7\n|\n|t:|1681758593\n|-end|p1b: Flutter Mane|Protosynthesis|[silent]\n|switch|p1b: Klefki|Klefki, L50, F|68\/100\n|move|p2b: Azumarill|Liquidation|p1a: Garganacl\n|-damage|p1a: Garganacl|81\/100\n|-damage|p2b: Azumarill|37\/100|[from] item: Rocky Helmet|[of] p1a: Garganacl\n|move|p1a: Garganacl|Salt Cure|p2a: Amoonguss\n|-damage|p2a: Amoonguss|89\/100 par\n|-start|p2a: Amoonguss|Salt Cure\n|cant|p2a: Amoonguss|par\n|\n|-damage|p2b: Azumarill|12\/100|[from] Salt Cure\n|-damage|p2a: Amoonguss|77\/100 par|[from] Salt Cure\n|upkeep\n|turn|8\n|inactive|Mercury_95 has 30 seconds left.\n|\n|t:|1681758619\n|move|p1b: Klefki|Flash Cannon|p2b: Azumarill\n|-damage|p2b: Azumarill|0 fnt\n|faint|p2b: Azumarill\n|move|p1a: Garganacl|Salt Cure|p2a: Amoonguss\n|-damage|p2a: Amoonguss|66\/100 par\n|cant|p2a: Amoonguss|par\n|\n|-damage|p2a: Amoonguss|54\/100 par|[from] Salt Cure\n|upkeep\n|-message|Mercury_95 forfeited.\n|\n|win|pelukas\n|raw|pelukas's rating: 1099 → 1127<\/strong> (+28 for winning)\n|raw|Mercury_95's rating: 1132 → 1105<\/strong> (-27 for losing)\n|l|\u2606Mercury_95\n","uploadtime":1681758659,"views":7,"p1id":"pelukas","p2id":"mercury95","formatid":"gen9vgc2023regulationc","rating":1105,"private":0,"password":""}