{"id":"gen9vgc2023regulationc-1855339904","p1":"JumpluffGoodCopium","p2":"uur7f7r7","format":"[Gen 9] VGC 2023 Regulation C","log":"|j|\u2606JumpluffGoodCopium\n|j|\u2606uur7f7r7\n|t:|1682939816\n|gametype|doubles\n|player|p1|JumpluffGoodCopium|dawn-gen4pt|1140\n|player|p2|uur7f7r7|dawn|1026\n|teamsize|p1|6\n|teamsize|p2|6\n|gen|9\n|tier|[Gen 9] VGC 2023 Regulation C\n|rated|\n|rule|Species Clause: Limit one of each Pok\u00e9mon\n|rule|Item Clause: Limit one of each item\n|clearpoke\n|poke|p1|Jumpluff, L50, F|\n|poke|p1|Torkoal, L50, F|\n|poke|p1|Flutter Mane, L50|\n|poke|p1|Amoonguss, L50, M|\n|poke|p1|Garganacl, L50, F|\n|poke|p1|Chi-Yu, L50|\n|poke|p2|Scream Tail, L50|\n|poke|p2|Flutter Mane, L50|\n|poke|p2|Gothitelle, L50, M|\n|poke|p2|Amoonguss, L50, M|\n|poke|p2|Palafin, L50, M|\n|poke|p2|Arcanine, L50, F|\n|teampreview|4\n|inactive|Battle timer is ON: inactive players will automatically lose when time's up. (requested by uur7f7r7)\nJumpluffGoodCopium has agreed to open team sheets.\n|inactive|uur7f7r7 has 60 seconds left.\n|\n|t:|1682939851\n|start\n|switch|p1a: Jumpluff|Jumpluff, L50, F|100\/100\n|switch|p1b: Torkoal|Torkoal, L50, F|100\/100\n|switch|p2a: Palafin|Palafin, L50, M|100\/100\n|switch|p2b: Flutter Mane|Flutter Mane, L50|100\/100\n|-weather|SunnyDay|[from] ability: Drought|[of] p1b: Torkoal\n|-activate|p2b: Flutter Mane|ability: Protosynthesis\n|-start|p2b: Flutter Mane|protosynthesisspe\n|turn|1\n|inactive|uur7f7r7 has 30 seconds left.\n|inactive|uur7f7r7 has 20 seconds left.\n|inactive|uur7f7r7 has 15 seconds left.\n|inactive|uur7f7r7 has 10 seconds left.\n|inactive|uur7f7r7 has 5 seconds left.\n|\n|t:|1682939902\n|-terastallize|p1b: Torkoal|Water\n|move|p2a: Palafin|Protect|p2a: Palafin\n|-singleturn|p2a: Palafin|Protect\n|move|p2b: Flutter Mane|Shadow Ball|p1b: Torkoal\n|-damage|p1b: Torkoal|28\/100\n|move|p1a: Jumpluff|Tailwind|p1a: Jumpluff\n|-sidestart|p1: JumpluffGoodCopium|move: Tailwind\n|move|p1b: Torkoal|Heat Wave|p2b: Flutter Mane|[spread] \n|-activate|p2a: Palafin|move: Protect\n|-miss|p1b: Torkoal|p2b: Flutter Mane\n|\n|-weather|SunnyDay|[upkeep]\n|upkeep\n|turn|2\n|inactive|uur7f7r7 has 30 seconds left.\n|\n|t:|1682939928\n|-terastallize|p2a: Palafin|Water\n|move|p2b: Flutter Mane|Protect|p2b: Flutter Mane\n|-singleturn|p2b: Flutter Mane|Protect\n|move|p2a: Palafin|Jet Punch|p1b: Torkoal\n|-resisted|p1b: Torkoal\n|-damage|p1b: Torkoal|19\/100\n|move|p1a: Jumpluff|Pollen Puff|p2a: Palafin\n|-damage|p2a: Palafin|82\/100\n|move|p1b: Torkoal|Heat Wave|p2a: Palafin|[spread] p2a\n|-activate|p2b: Flutter Mane|move: Protect\n|-resisted|p2a: Palafin\n|-damage|p2a: Palafin|49\/100\n|\n|-weather|SunnyDay|[upkeep]\n|upkeep\n|turn|3\n|\n|t:|1682939941\n|detailschange|p2a: Palafin|Palafin-Hero, L50, M, tera:Water\n|switch|p2a: Gothitelle|Gothitelle, L50, M|100\/100\n|move|p1a: Jumpluff|Pollen Puff|p1b: Torkoal\n|-heal|p1b: Torkoal|69\/100\n|move|p2b: Flutter Mane|Moonblast|p1b: Torkoal\n|-damage|p1b: Torkoal|0 fnt\n|faint|p1b: Torkoal\n|\n|-weather|SunnyDay|[upkeep]\n|upkeep\n|\n|t:|1682939952\n|switch|p1b: Chi-Yu|Chi-Yu, L50|100\/100\n|-ability|p1b: Chi-Yu|Beads of Ruin\n|turn|4\n|\n|t:|1682939970\n|-end|p2b: Flutter Mane|Protosynthesis|[silent]\n|switch|p2b: Palafin|Palafin-Hero, L50, M, tera:Water|49\/100\n|-activate|p2b: Palafin|ability: Zero to Hero\n|move|p2a: Gothitelle|Fake Out|p1b: Chi-Yu\n|-damage|p1b: Chi-Yu|91\/100\n|move|p1a: Jumpluff|Pollen Puff|p2a: Gothitelle\n|-supereffective|p2a: Gothitelle\n|-damage|p2a: Gothitelle|71\/100\n|cant|p1b: Chi-Yu|flinch\n|\n|-weather|SunnyDay|[upkeep]\n|-sideend|p1: JumpluffGoodCopium|move: Tailwind\n|upkeep\n|turn|5\n|inactive|uur7f7r7 has 30 seconds left.\n|\n|t:|1682939999\n|switch|p2a: Arcanine|Arcanine, L50, F|100\/100\n|-ability|p2a: Arcanine|Intimidate|boost\n|-unboost|p1a: Jumpluff|atk|1\n|-unboost|p1b: Chi-Yu|atk|1\n|move|p1a: Jumpluff|Helping Hand|p1b: Chi-Yu\n|-singleturn|p1b: Chi-Yu|Helping Hand|[of] p1a: Jumpluff\n|move|p2b: Palafin|Protect|p2b: Palafin\n|-singleturn|p2b: Palafin|Protect\n|move|p1b: Chi-Yu|Heat Wave|p2a: Arcanine|[spread] p2a\n|-activate|p2b: Palafin|move: Protect\n|-resisted|p2a: Arcanine\n|-damage|p2a: Arcanine|0 fnt\n|faint|p2a: Arcanine\n|\n|-weather|none\n|upkeep\n|\n|t:|1682940018\n|switch|p2a: Gothitelle|Gothitelle, L50, M|71\/100\n|turn|6\n|\n|t:|1682940031\n|move|p2a: Gothitelle|Fake Out|p1b: Chi-Yu\n|-damage|p1b: Chi-Yu|83\/100\n|cant|p1b: Chi-Yu|flinch\n|move|p1a: Jumpluff|Tailwind|p1a: Jumpluff\n|-sidestart|p1: JumpluffGoodCopium|move: Tailwind\n|move|p2b: Palafin|Wave Crash|p1b: Chi-Yu\n|-supereffective|p1b: Chi-Yu\n|-damage|p1b: Chi-Yu|0 fnt\n|faint|p1b: Chi-Yu\n|-damage|p2b: Palafin|32\/100|[from] Recoil\n|\n|upkeep\n|\n|t:|1682940033\n|switch|p1b: Flutter Mane|Flutter Mane, L50|100\/100\n|-enditem|p1b: Flutter Mane|Booster Energy\n|-activate|p1b: Flutter Mane|ability: Protosynthesis|[fromitem]\n|-start|p1b: Flutter Mane|protosynthesisspa\n|turn|7\n|\n|t:|1682940053\n|move|p2b: Palafin|Jet Punch|p1b: Flutter Mane\n|-crit|p1b: Flutter Mane\n|-damage|p1b: Flutter Mane|0 fnt\n|faint|p1b: Flutter Mane\n|-end|p1b: Flutter Mane|Protosynthesis|[silent]\n|move|p1a: Jumpluff|Pollen Puff|p2a: Gothitelle\n|-supereffective|p2a: Gothitelle\n|-damage|p2a: Gothitelle|51\/100\n|move|p2a: Gothitelle|Heal Pulse|p2b: Palafin\n|-heal|p2b: Palafin|82\/100\n|\n|upkeep\n|turn|8\n|\n|t:|1682940071\n|move|p1a: Jumpluff|Pollen Puff|p2a: Gothitelle\n|-supereffective|p2a: Gothitelle\n|-damage|p2a: Gothitelle|29\/100\n|-enditem|p2a: Gothitelle|Sitrus Berry|[eat]\n|-heal|p2a: Gothitelle|54\/100|[from] item: Sitrus Berry\n|move|p2b: Palafin|Wave Crash|p1a: Jumpluff\n|-resisted|p1a: Jumpluff\n|-damage|p1a: Jumpluff|21\/100\n|-damage|p2b: Palafin|58\/100|[from] Recoil\n|move|p2a: Gothitelle|Psychic|p1a: Jumpluff\n|-damage|p1a: Jumpluff|0 fnt\n|faint|p1a: Jumpluff\n|\n|win|uur7f7r7\n|raw|JumpluffGoodCopium's rating: 1140 → 1107<\/strong> (-33 for losing)\n|raw|uur7f7r7's rating: 1026 → 1074<\/strong> (+48 for winning)\n","uploadtime":1682940077,"views":24,"p1id":"jumpluffgoodcopium","p2id":"uur7f7r7","formatid":"gen9vgc2023regulationc","rating":1074,"private":0,"password":""}