{"id":"gen9vgc2023regulationc-1848237322","p1":"Kizarazar","p2":"GTheDon","format":"[Gen 9] VGC 2023 Regulation C","log":"|j|\u2606Kizarazar\n|j|\u2606GTheDon\n|t:|1682046323\n|gametype|doubles\n|player|p1|Kizarazar|lance|1048\n|player|p2|GTheDon|psychic|1147\n|teamsize|p1|6\n|teamsize|p2|6\n|gen|9\n|tier|[Gen 9] VGC 2023 Regulation C\n|rated|\n|rule|Species Clause: Limit one of each Pok\u00e9mon\n|rule|Item Clause: Limit one of each item\n|clearpoke\n|poke|p1|Dondozo, L50, F|\n|poke|p1|Tatsugiri-Stretchy, L50, F|\n|poke|p1|Chi-Yu, L50|\n|poke|p1|Flutter Mane, L50|\n|poke|p1|Dragonite, L50, M|\n|poke|p1|Glimmora, L50, M|\n|poke|p2|Dragapult, L50, F|\n|poke|p2|Coalossal, L50, F|\n|poke|p2|Chi-Yu, L50|\n|poke|p2|Ceruledge, L50, M|\n|poke|p2|Goodra, L50, M|\n|poke|p2|Gyarados, L50, F|\n|teampreview|4\n|inactive|Battle timer is ON: inactive players will automatically lose when time's up. (requested by GTheDon)\n|\n|t:|1682046354\n|start\n|switch|p1a: Glimmora|Glimmora, L50, M|100\/100\n|switch|p1b: Tatsugiri|Tatsugiri-Stretchy, L50, F|100\/100\n|switch|p2a: Ceruledge|Ceruledge, L50, M|100\/100\n|switch|p2b: Goodra|Goodra, L50, M|100\/100\n|turn|1\n|\n|t:|1682046374\n|move|p2a: Ceruledge|Protect|p2a: Ceruledge\n|-singleturn|p2a: Ceruledge|Protect\n|move|p1a: Glimmora|Toxic|p2a: Ceruledge\n|-activate|p2a: Ceruledge|move: Protect\n|move|p2b: Goodra|Muddy Water|p1b: Tatsugiri|[spread] p1a\n|-ability|p1b: Tatsugiri|Storm Drain|boost\n|-boost|p1b: Tatsugiri|spa|1\n|-supereffective|p1a: Glimmora\n|-damage|p1a: Glimmora|39\/100\n|move|p1b: Tatsugiri|Draco Meteor|p2b: Goodra\n|-supereffective|p2b: Goodra\n|-damage|p2b: Goodra|0 fnt\n|-unboost|p1b: Tatsugiri|spa|2\n|faint|p2b: Goodra\n|\n|upkeep\n|\n|t:|1682046390\n|switch|p2b: Dragapult|Dragapult, L50, F|100\/100\n|turn|2\n|\n|t:|1682046405\n|switch|p2a: Gyarados|Gyarados, L50, F|100\/100\n|-ability|p2a: Gyarados|Intimidate|boost\n|-unboost|p1a: Glimmora|atk|1\n|-unboost|p1b: Tatsugiri|atk|1\n|switch|p1b: Dondozo|Dondozo, L50, F|100\/100\n|move|p2b: Dragapult|Dragon Darts|p1b: Dondozo\n|-damage|p1b: Dondozo|84\/100\n|-anim|p2b: Dragapult|Dragon Darts|p1a: Glimmora\n|-damage|p1a: Glimmora|8\/100\n|-activate|p1a: Glimmora|ability: Toxic Debris\n|-sidestart|p2: GTheDon|move: Toxic Spikes\n|move|p1a: Glimmora|Toxic|p2a: Gyarados\n|-status|p2a: Gyarados|tox\n|\n|-damage|p2a: Gyarados|95\/100 tox|[from] psn\n|upkeep\n|turn|3\n|\n|t:|1682046429\n|move|p1a: Glimmora|Spiky Shield|p1a: Glimmora\n|-singleturn|p1a: Glimmora|move: Protect\n|move|p2b: Dragapult|Dragon Darts|p1b: Dondozo\n|-damage|p1b: Dondozo|68\/100\n|-anim|p2b: Dragapult|Dragon Darts|p1b: Dondozo\n|-damage|p1b: Dondozo|53\/100\n|move|p2a: Gyarados|Thunder Wave|p1b: Dondozo|[miss]\n|-miss|p2a: Gyarados|p1b: Dondozo\n|move|p1b: Dondozo|Yawn|p2b: Dragapult\n|-start|p2b: Dragapult|move: Yawn|[of] p1b: Dondozo\n|\n|-damage|p2a: Gyarados|83\/100 tox|[from] psn\n|upkeep\n|turn|4\n|\n|t:|1682046449\n|move|p1b: Dondozo|Protect|p1b: Dondozo\n|-singleturn|p1b: Dondozo|Protect\n|move|p2b: Dragapult|Dragon Darts|p1a: Glimmora\n|-damage|p1a: Glimmora|0 fnt\n|-activate|p1a: Glimmora|ability: Toxic Debris\n|-sidestart|p2: GTheDon|move: Toxic Spikes\n|faint|p1a: Glimmora\n|move|p2a: Gyarados|Dragon Dance|p2a: Gyarados\n|-boost|p2a: Gyarados|atk|1\n|-boost|p2a: Gyarados|spe|1\n|\n|-damage|p2a: Gyarados|65\/100 tox|[from] psn\n|-end|p2b: Dragapult|move: Yawn|[silent]\n|-status|p2b: Dragapult|slp\n|upkeep\n|\n|t:|1682046460\n|switch|p1a: Flutter Mane|Flutter Mane, L50|100\/100\n|-enditem|p1a: Flutter Mane|Booster Energy\n|-activate|p1a: Flutter Mane|ability: Protosynthesis|[fromitem]\n|-start|p1a: Flutter Mane|protosynthesisspe\n|turn|5\n|\n|t:|1682046471\n|switch|p2b: Ceruledge|Ceruledge, L50, M|100\/100\n|-status|p2b: Ceruledge|tox\n|move|p1a: Flutter Mane|Protect|p1a: Flutter Mane\n|-singleturn|p1a: Flutter Mane|Protect\n|move|p2a: Gyarados|Waterfall|p1a: Flutter Mane\n|-activate|p1a: Flutter Mane|move: Protect\n|move|p1b: Dondozo|Wave Crash|p2b: Ceruledge\n|-supereffective|p2b: Ceruledge\n|-damage|p2b: Ceruledge|17\/100 tox\n|-damage|p1b: Dondozo|34\/100|[from] Recoil\n|-enditem|p1b: Dondozo|Sitrus Berry|[eat]\n|-heal|p1b: Dondozo|59\/100|[from] item: Sitrus Berry\n|\n|-heal|p2b: Ceruledge|23\/100 tox|[from] item: Leftovers\n|-damage|p2a: Gyarados|41\/100 tox|[from] psn\n|-damage|p2b: Ceruledge|17\/100 tox|[from] psn\n|upkeep\n|turn|6\n|inactive|Kizarazar has 30 seconds left.\n|inactive|Kizarazar has 20 seconds left.\n|\n|t:|1682046510\n|-end|p1a: Flutter Mane|Protosynthesis|[silent]\n|switch|p1a: Tatsugiri|Tatsugiri-Stretchy, L50, F|100\/100\n|-terastallize|p2b: Ceruledge|Grass\n|move|p2a: Gyarados|Waterfall|p1a: Tatsugiri\n|-ability|p1a: Tatsugiri|Storm Drain|boost\n|-boost|p1a: Tatsugiri|spa|1\n|move|p2b: Ceruledge|Bitter Blade|p1b: Dondozo\n|-resisted|p1b: Dondozo\n|-damage|p1b: Dondozo|44\/100\n|-heal|p2b: Ceruledge|27\/100 tox|[from] drain|[of] p1b: Dondozo\n|move|p1b: Dondozo|Wave Crash|p1a: Tatsugiri\n|-activate|p1a: Tatsugiri|ability: Storm Drain\n|-ability|p1a: Tatsugiri|Storm Drain|boost\n|-boost|p1a: Tatsugiri|spa|1\n|\n|-heal|p2b: Ceruledge|33\/100 tox|[from] item: Leftovers\n|-damage|p2a: Gyarados|11\/100 tox|[from] psn\n|-damage|p2b: Ceruledge|21\/100 tox|[from] psn\n|upkeep\n|-enditem|p2a: Gyarados|Aguav Berry|[eat]\n|-heal|p2a: Gyarados|45\/100 tox|[from] item: Aguav Berry\n|turn|7\n|inactive|Kizarazar has 30 seconds left.\n|inactive|GTheDon has 30 seconds left.\n|\n|t:|1682046542\n|move|p1b: Dondozo|Protect|p1b: Dondozo\n|-singleturn|p1b: Dondozo|Protect\n|move|p2a: Gyarados|Thunder Wave|p1a: Tatsugiri\n|-status|p1a: Tatsugiri|par\n|move|p2b: Ceruledge|Clear Smog|p1a: Tatsugiri\n|-damage|p1a: Tatsugiri|92\/100 par\n|-clearboost|p1a: Tatsugiri\n|move|p1a: Tatsugiri|Muddy Water|p2b: Ceruledge|[spread] p2a,p2b\n|-resisted|p2a: Gyarados\n|-resisted|p2b: Ceruledge\n|-damage|p2a: Gyarados|27\/100 tox\n|-damage|p2b: Ceruledge|0 fnt\n|faint|p2b: Ceruledge\n|\n|-damage|p2a: Gyarados|0 fnt|[from] psn\n|faint|p2a: Gyarados\n|upkeep\n|\n|t:|1682046557\n|switch|p2a: Dragapult|Dragapult, L50, F|100\/100 slp\n|turn|8\n|c|\u2606GTheDon|well played\n|\n|t:|1682046567\n|cant|p2a: Dragapult|slp\n|move|p1b: Dondozo|Wave Crash|p1a: Tatsugiri\n|-activate|p1a: Tatsugiri|ability: Storm Drain\n|-ability|p1a: Tatsugiri|Storm Drain|boost\n|-boost|p1a: Tatsugiri|spa|1\n|move|p1a: Tatsugiri|Muddy Water|p2a: Dragapult\n|-resisted|p2a: Dragapult\n|-damage|p2a: Dragapult|29\/100 slp\n|\n|upkeep\n|turn|9\n|\n|t:|1682046577\n|-curestatus|p2a: Dragapult|slp|[msg]\n|move|p2a: Dragapult|Dragon Darts|p1a: Tatsugiri\n|-supereffective|p1a: Tatsugiri\n|-damage|p1a: Tatsugiri|17\/100 par\n|-anim|p2a: Dragapult|Dragon Darts|p1b: Dondozo\n|-damage|p1b: Dondozo|27\/100\n|move|p1b: Dondozo|Yawn|p2a: Dragapult\n|-start|p2a: Dragapult|move: Yawn|[of] p1b: Dondozo\n|cant|p1a: Tatsugiri|par\n|\n|upkeep\n|turn|10\n|\n|t:|1682046591\n|move|p1b: Dondozo|Protect|p1b: Dondozo\n|-singleturn|p1b: Dondozo|Protect\n|move|p2a: Dragapult|Dragon Darts|p1a: Tatsugiri\n|-supereffective|p1a: Tatsugiri\n|-damage|p1a: Tatsugiri|0 fnt\n|faint|p1a: Tatsugiri\n|\n|-end|p2a: Dragapult|move: Yawn|[silent]\n|-status|p2a: Dragapult|slp\n|upkeep\n|\n|t:|1682046596\n|switch|p1a: Flutter Mane|Flutter Mane, L50|100\/100\n|turn|11\n|\n|t:|1682046603\n|-terastallize|p1a: Flutter Mane|Steel\n|cant|p2a: Dragapult|slp\n|move|p1a: Flutter Mane|Moonblast|p2a: Dragapult\n|-supereffective|p2a: Dragapult\n|-damage|p2a: Dragapult|0 fnt\n|faint|p2a: Dragapult\n|\n|win|Kizarazar\n|raw|Kizarazar's rating: 1048 → 1090<\/strong> (+42 for winning)\n|raw|GTheDon's rating: 1147 → 1115<\/strong> (-32 for losing)\n|l|\u2606GTheDon\n|n|\u2606Kizarazar|kizarazar\n","uploadtime":1682046623,"views":14,"p1id":"kizarazar","p2id":"gthedon","formatid":"gen9vgc2023regulationc","rating":1090,"private":0,"password":""}