{"id":"gen9vgc2023regulationc-1857497037","p1":"Chosentolose","p2":"cervivon","format":"[Gen 9] VGC 2023 Regulation C","log":"|j|\u2606Chosentolose\n|j|\u2606cervivon\n|t:|1683201688\n|gametype|doubles\n|player|p1|Chosentolose|interviewers|1241\n|player|p2|cervivon|2|1291\n|teamsize|p1|6\n|teamsize|p2|6\n|gen|9\n|tier|[Gen 9] VGC 2023 Regulation C\n|rated|\n|rule|Species Clause: Limit one of each Pok\u00e9mon\n|rule|Item Clause: Limit one of each item\n|clearpoke\n|poke|p1|Annihilape, L50, F|\n|poke|p1|Maushold-Four, L50|\n|poke|p1|Amoonguss, L50, M|\n|poke|p1|Arcanine, L50, F|\n|poke|p1|Sylveon, L50, M|\n|poke|p1|Iron Bundle, L50|\n|poke|p2|Maushold-Four, L50|\n|poke|p2|Annihilape, L50, M|\n|poke|p2|Flutter Mane, L50|\n|poke|p2|Volcarona, L50, M|\n|poke|p2|Gyarados, L50, M|\n|poke|p2|Ting-Lu, L50|\n|teampreview|4\n|\n|t:|1683201734\n|start\n|switch|p1a: Amoonguss|Amoonguss, L50, M|100\/100\n|switch|p1b: Annihilape|Annihilape, L50, F|100\/100\n|switch|p2a: Maushold|Maushold-Four, L50|100\/100\n|switch|p2b: Flutter Mane|Flutter Mane, L50|100\/100\n|-enditem|p2b: Flutter Mane|Booster Energy\n|-activate|p2b: Flutter Mane|ability: Protosynthesis|[fromitem]\n|-start|p2b: Flutter Mane|protosynthesisspa\n|turn|1\n|inactive|Battle timer is ON: inactive players will automatically lose when time's up. (requested by Chosentolose)\n|\n|t:|1683201783\n|-terastallize|p2b: Flutter Mane|Fairy\n|move|p2a: Maushold|Follow Me|p2a: Maushold\n|-singleturn|p2a: Maushold|move: Follow Me\n|move|p1a: Amoonguss|Rage Powder|p1a: Amoonguss\n|-singleturn|p1a: Amoonguss|move: Rage Powder\n|move|p2b: Flutter Mane|Moonblast|p1a: Amoonguss\n|-resisted|p1a: Amoonguss\n|-crit|p1a: Amoonguss\n|-damage|p1a: Amoonguss|46\/100\n|-unboost|p1a: Amoonguss|spa|1\n|-enditem|p1a: Amoonguss|Sitrus Berry|[eat]\n|-heal|p1a: Amoonguss|71\/100|[from] item: Sitrus Berry\n|move|p1b: Annihilape|Drain Punch|p2a: Maushold\n|-supereffective|p2a: Maushold\n|-damage|p2a: Maushold|10\/100\n|\n|upkeep\n|turn|2\n|inactive|Chosentolose has 30 seconds left.\n|\n|t:|1683201811\n|switch|p2a: Volcarona|Volcarona, L50, M|100\/100\n|-terastallize|p1b: Annihilape|Steel\n|move|p2b: Flutter Mane|Moonblast|p1b: Annihilape\n|-resisted|p1b: Annihilape\n|-damage|p1b: Annihilape|63\/100\n|move|p1b: Annihilape|Rage Fist|p2b: Flutter Mane\n|-damage|p2b: Flutter Mane|17\/100\n|move|p1a: Amoonguss|Pollen Puff|p2a: Volcarona\n|-resisted|p2a: Volcarona\n|-crit|p2a: Volcarona\n|-damage|p2a: Volcarona|88\/100\n|\n|-heal|p1b: Annihilape|69\/100|[from] item: Leftovers\n|upkeep\n|turn|3\n|inactive|cervivon has 30 seconds left.\n|inactive|cervivon has 20 seconds left.\n|\n|t:|1683201849\n|move|p1b: Annihilape|Protect|p1b: Annihilape\n|-singleturn|p1b: Annihilape|Protect\n|move|p2b: Flutter Mane|Hex|p1a: Amoonguss\n|-damage|p1a: Amoonguss|34\/100\n|move|p2a: Volcarona|Heat Wave|p1a: Amoonguss|[spread] p1a\n|-activate|p1b: Annihilape|move: Protect\n|-supereffective|p1a: Amoonguss\n|-damage|p1a: Amoonguss|0 fnt\n|faint|p1a: Amoonguss\n|\n|-heal|p1b: Annihilape|75\/100|[from] item: Leftovers\n|upkeep\n|\n|t:|1683201862\n|switch|p1a: Iron Bundle|Iron Bundle, L50|100\/100\n|-enditem|p1a: Iron Bundle|Booster Energy\n|-activate|p1a: Iron Bundle|ability: Quark Drive|[fromitem]\n|-start|p1a: Iron Bundle|quarkdrivespe\n|turn|4\n|\n|t:|1683201881\n|-end|p2b: Flutter Mane|Protosynthesis|[silent]\n|switch|p2b: Gyarados|Gyarados, L50, M|100\/100\n|-ability|p2b: Gyarados|Intimidate|boost\n|-unboost|p1a: Iron Bundle|atk|1\n|-unboost|p1b: Annihilape|atk|1\n|-ability|p1b: Annihilape|Defiant|boost\n|-boost|p1b: Annihilape|atk|2\n|move|p2a: Volcarona|Protect|p2a: Volcarona\n|-singleturn|p2a: Volcarona|Protect\n|move|p1a: Iron Bundle|Hydro Pump|p2a: Volcarona\n|-activate|p2a: Volcarona|move: Protect\n|move|p1b: Annihilape|Rage Fist|p2b: Gyarados\n|-damage|p2b: Gyarados|17\/100\n|-enditem|p2b: Gyarados|Sitrus Berry|[eat]\n|-heal|p2b: Gyarados|41\/100|[from] item: Sitrus Berry\n|\n|-heal|p1b: Annihilape|81\/100|[from] item: Leftovers\n|upkeep\n|turn|5\n|\n|t:|1683201904\n|switch|p2a: Maushold|Maushold-Four, L50|10\/100\n|move|p1a: Iron Bundle|Hydro Pump|p2a: Maushold\n|-damage|p2a: Maushold|0 fnt\n|faint|p2a: Maushold\n|move|p2b: Gyarados|Thunder Wave|p1a: Iron Bundle\n|-status|p1a: Iron Bundle|par\n|move|p1b: Annihilape|Rage Fist|p2b: Gyarados\n|-damage|p2b: Gyarados|0 fnt\n|faint|p2b: Gyarados\n|\n|-heal|p1b: Annihilape|87\/100|[from] item: Leftovers\n|upkeep\n|\n|t:|1683201916\n|switch|p2a: Volcarona|Volcarona, L50, M|88\/100\n|switch|p2b: Flutter Mane|Flutter Mane, L50, tera:Fairy|17\/100\n|turn|6\n|inactive|cervivon has 30 seconds left.\n|\n|t:|1683201945\n|move|p1b: Annihilape|Protect|p1b: Annihilape\n|-singleturn|p1b: Annihilape|Protect\n|move|p2b: Flutter Mane|Dazzling Gleam|p1a: Iron Bundle|[spread] p1a\n|-activate|p1b: Annihilape|move: Protect\n|-damage|p1a: Iron Bundle|11\/100 par\n|move|p2a: Volcarona|Heat Wave|p1a: Iron Bundle|[spread] p1a\n|-activate|p1b: Annihilape|move: Protect\n|-damage|p1a: Iron Bundle|0 fnt\n|faint|p1a: Iron Bundle\n|-end|p1a: Iron Bundle|Quark Drive|[silent]\n|\n|-heal|p1b: Annihilape|93\/100|[from] item: Leftovers\n|upkeep\n|\n|t:|1683201954\n|switch|p1a: Sylveon|Sylveon, L50, M|100\/100\n|turn|7\n|\n|t:|1683201966\n|move|p2b: Flutter Mane|Hex|p1b: Annihilape\n|-damage|p1b: Annihilape|65\/100\n|move|p2a: Volcarona|Heat Wave|p1a: Sylveon|[spread] p1a\n|-miss|p2a: Volcarona|p1b: Annihilape\n|-damage|p1a: Sylveon|77\/100\n|move|p1b: Annihilape|Rage Fist|p2a: Volcarona\n|-damage|p2a: Volcarona|0 fnt\n|faint|p2a: Volcarona\n|move|p1a: Sylveon|Hyper Voice|p2b: Flutter Mane\n|-damage|p2b: Flutter Mane|0 fnt\n|faint|p2b: Flutter Mane\n|-end|p2b: Flutter Mane|Protosynthesis|[silent]\n|-enditem|p1a: Sylveon|Throat Spray\n|\n|win|Chosentolose\n|raw|Chosentolose's rating: 1241 → 1270<\/strong> (+29 for winning)\n|raw|cervivon's rating: 1291 → 1262<\/strong> (-29 for losing)\n|l|\u2606cervivon\n","uploadtime":1683201982,"views":7,"p1id":"chosentolose","p2id":"cervivon","formatid":"gen9vgc2023regulationc","rating":1262,"private":0,"password":""}