{"id":"gen9vgc2023regulationc-1860074122","p1":"BigSalta","p2":"InabaRin","format":"[Gen 9] VGC 2023 Regulation C","log":"|j|\u2606BigSalta\n|j|\u2606InabaRin\n|t:|1683592178\n|gametype|doubles\n|player|p1|BigSalta|cynthia|1518\n|player|p2|InabaRin|lass-gen4dp|1523\n|teamsize|p1|6\n|teamsize|p2|6\n|gen|9\n|tier|[Gen 9] VGC 2023 Regulation C\n|rated|\n|rule|Species Clause: Limit one of each Pok\u00e9mon\n|rule|Item Clause: Limit one of each item\n|clearpoke\n|poke|p1|Flutter Mane, L50|\n|poke|p1|Palafin, L50, F|\n|poke|p1|Arcanine, L50, M|\n|poke|p1|Gothitelle, L50, M|\n|poke|p1|Scream Tail, L50|\n|poke|p1|Ting-Lu, L50|\n|poke|p2|Murkrow, L50, M|\n|poke|p2|Flutter Mane, L50|\n|poke|p2|Chi-Yu, L50|\n|poke|p2|Iron Bundle, L50|\n|poke|p2|Meowscarada, L50, M|\n|poke|p2|Great Tusk, L50|\n|teampreview|4\n|inactive|Battle timer is ON: inactive players will automatically lose when time's up. (requested by InabaRin)\n|j| blind chef\nBigSalta has agreed to open team sheets.\n|l| blind chef\n|inactive|BigSalta has 60 seconds left.\n|inactive|BigSalta has 30 seconds left.\n|\n|t:|1683592246\n|start\n|switch|p1a: Flutter Mane|Flutter Mane, L50|100\/100\n|switch|p1b: Scream Tail|Scream Tail, L50|100\/100\n|switch|p2a: Murkrow|Murkrow, L50, M|100\/100\n|switch|p2b: Meowscarada|Meowscarada, L50, M|100\/100\n|-enditem|p1b: Scream Tail|Booster Energy\n|-activate|p1b: Scream Tail|ability: Protosynthesis|[fromitem]\n|-start|p1b: Scream Tail|protosynthesisspe\n|turn|1\n|j| TuP1cha\n|inactive|BigSalta has 30 seconds left.\n|inactive|InabaRin has 30 seconds left.\n|inactive|BigSalta has 20 seconds left.\n|inactive|BigSalta has 15 seconds left.\n|inactive|BigSalta has 10 seconds left.\n|inactive|BigSalta has 5 seconds left.\n|j| vdfgbfewfgrbe\n|\n|t:|1683592301\n|move|p2a: Murkrow|Tailwind|p2a: Murkrow\n|-sidestart|p2: InabaRin|move: Tailwind\n|move|p2b: Meowscarada|Flower Trick|p1a: Flutter Mane\n|-start|p2b: Meowscarada|typechange|Grass|[from] ability: Protean\n|-crit|p1a: Flutter Mane\n|-enditem|p1a: Flutter Mane|Focus Sash\n|-damage|p1a: Flutter Mane|1\/100\n|move|p1b: Scream Tail|Play Rough|p2b: Meowscarada\n|-damage|p2b: Meowscarada|62\/100\n|move|p1a: Flutter Mane|Moonblast|p2b: Meowscarada\n|-damage|p2b: Meowscarada|0 fnt\n|faint|p2b: Meowscarada\n|\n|upkeep\n|\n|t:|1683592320\n|switch|p2b: Flutter Mane|Flutter Mane, L50|100\/100\n|turn|2\n|inactive|BigSalta has 30 seconds left.\n|inactive|BigSalta has 20 seconds left.\n|inactive|BigSalta has 15 seconds left.\n|inactive|BigSalta has 10 seconds left.\n|\n|t:|1683592369\n|-end|p1b: Scream Tail|Protosynthesis|[silent]\n|switch|p1b: Ting-Lu|Ting-Lu, L50|100\/100\n|-ability|p1b: Ting-Lu|Vessel of Ruin\n|move|p2a: Murkrow|Sunny Day|p2a: Murkrow\n|-weather|SunnyDay\n|-activate|p2b: Flutter Mane|ability: Protosynthesis\n|-start|p2b: Flutter Mane|protosynthesisspe\n|-activate|p1a: Flutter Mane|ability: Protosynthesis\n|-start|p1a: Flutter Mane|protosynthesisspe\n|move|p2b: Flutter Mane|Shadow Ball|p1b: Ting-Lu\n|-resisted|p1b: Ting-Lu\n|-damage|p1b: Ting-Lu|89\/100\n|move|p1a: Flutter Mane|Moonblast|p2a: Murkrow\n|-supereffective|p2a: Murkrow\n|-damage|p2a: Murkrow|14\/100\n|\n|-weather|SunnyDay|[upkeep]\n|-heal|p1b: Ting-Lu|96\/100|[from] item: Leftovers\n|upkeep\n|turn|3\n|inactive|BigSalta has 30 seconds left.\n|inactive|InabaRin has 30 seconds left.\n|\n|t:|1683592397\n|move|p2b: Flutter Mane|Dazzling Gleam|p1a: Flutter Mane|[spread] p1a,p1b\n|-supereffective|p1b: Ting-Lu\n|-damage|p1a: Flutter Mane|0 fnt\n|-damage|p1b: Ting-Lu|66\/100\n|faint|p1a: Flutter Mane\n|-end|p1a: Flutter Mane|Protosynthesis|[silent]\n|move|p2a: Murkrow|Foul Play|p1b: Ting-Lu\n|-resisted|p1b: Ting-Lu\n|-damage|p1b: Ting-Lu|55\/100\n|move|p1b: Ting-Lu|Heavy Slam|p2b: Flutter Mane\n|-supereffective|p2b: Flutter Mane\n|-enditem|p2b: Flutter Mane|Focus Sash\n|-damage|p2b: Flutter Mane|1\/100\n|\n|-weather|SunnyDay|[upkeep]\n|-heal|p1b: Ting-Lu|62\/100|[from] item: Leftovers\n|upkeep\n|\n|t:|1683592418\n|switch|p1a: Gothitelle|Gothitelle, L50, M|100\/100\n|turn|4\n|\n|t:|1683592442\n|move|p1a: Gothitelle|Fake Out|p2a: Murkrow\n|-damage|p2a: Murkrow|9\/100\n|move|p2b: Flutter Mane|Shadow Ball|p1a: Gothitelle\n|-supereffective|p1a: Gothitelle\n|-damage|p1a: Gothitelle|52\/100\n|cant|p2a: Murkrow|flinch\n|move|p1b: Ting-Lu|Stomping Tantrum|p2b: Flutter Mane\n|-damage|p2b: Flutter Mane|0 fnt\n|faint|p2b: Flutter Mane\n|-end|p2b: Flutter Mane|Protosynthesis|[silent]\n|\n|-weather|SunnyDay|[upkeep]\n|-heal|p1b: Ting-Lu|68\/100|[from] item: Leftovers\n|-sideend|p2: InabaRin|move: Tailwind\n|upkeep\n|\n|t:|1683592452\n|switch|p2b: Great Tusk|Great Tusk, L50|100\/100\n|-activate|p2b: Great Tusk|ability: Protosynthesis\n|-start|p2b: Great Tusk|protosynthesisatk\n|turn|5\n|inactive|InabaRin has 30 seconds left.\n|inactive|InabaRin has 20 seconds left.\n|inactive|BigSalta has 30 seconds left.\n|inactive|InabaRin has 15 seconds left.\n|inactive|InabaRin has 10 seconds left.\n|\n|t:|1683592501\n|move|p2b: Great Tusk|Headlong Rush|p1a: Gothitelle\n|-damage|p1a: Gothitelle|0 fnt\n|-unboost|p2b: Great Tusk|def|1\n|-unboost|p2b: Great Tusk|spd|1\n|faint|p1a: Gothitelle\n|move|p2a: Murkrow|Foul Play|p1b: Ting-Lu\n|-resisted|p1b: Ting-Lu\n|-damage|p1b: Ting-Lu|57\/100\n|move|p1b: Ting-Lu|Stomping Tantrum|p2b: Great Tusk\n|-damage|p2b: Great Tusk|64\/100\n|\n|-weather|SunnyDay|[upkeep]\n|-heal|p1b: Ting-Lu|63\/100|[from] item: Leftovers\n|upkeep\n|\n|t:|1683592506\n|switch|p1a: Scream Tail|Scream Tail, L50|100\/100\n|-activate|p1a: Scream Tail|ability: Protosynthesis\n|-start|p1a: Scream Tail|protosynthesisspe\n|turn|6\n|\n|t:|1683592529\n|-terastallize|p2b: Great Tusk|Steel\n|move|p2a: Murkrow|Tailwind|p2a: Murkrow\n|-sidestart|p2: InabaRin|move: Tailwind\n|move|p2b: Great Tusk|Headlong Rush|p1b: Ting-Lu\n|-damage|p1b: Ting-Lu|17\/100\n|-unboost|p2b: Great Tusk|def|1\n|-unboost|p2b: Great Tusk|spd|1\n|move|p1a: Scream Tail|Disable|p2b: Great Tusk\n|-start|p2b: Great Tusk|Disable|Headlong Rush\n|move|p1b: Ting-Lu|Heavy Slam|p2a: Murkrow\n|-damage|p2a: Murkrow|0 fnt\n|faint|p2a: Murkrow\n|\n|-weather|none\n|-end|p2b: Great Tusk|Protosynthesis\n|-end|p1a: Scream Tail|Protosynthesis\n|-heal|p1b: Ting-Lu|23\/100|[from] item: Leftovers\n|upkeep\n|turn|7\n|inactive|BigSalta has 30 seconds left.\n|\n|t:|1683592556\n|-activate|p2b: Great Tusk|move: Struggle\n|move|p2b: Great Tusk|Struggle|p1b: Ting-Lu\n|-damage|p1b: Ting-Lu|13\/100\n|-damage|p2b: Great Tusk|39\/100|[from] recoil\n|move|p1a: Scream Tail|Play Rough|p2b: Great Tusk\n|-resisted|p2b: Great Tusk\n|-damage|p2b: Great Tusk|20\/100\n|move|p1b: Ting-Lu|Stomping Tantrum|p2b: Great Tusk\n|-supereffective|p2b: Great Tusk\n|-damage|p2b: Great Tusk|0 fnt\n|faint|p2b: Great Tusk\n|-end|p2b: Great Tusk|Protosynthesis|[silent]\n|\n|win|BigSalta\n|raw|BigSalta's rating: 1518 → 1538<\/strong> (+20 for winning)\n|raw|InabaRin's rating: 1523 → 1503<\/strong> (-20 for losing)\n|l|\u2606BigSalta\n","uploadtime":1683592577,"views":9,"p1id":"bigsalta","p2id":"inabarin","formatid":"gen9vgc2023regulationc","rating":1503,"private":0,"password":""}