{"id":"gen9vgc2023regulationc-1846006574","p1":"I LOVE STONJOURNER","p2":"HitFissureThenLose","format":"[Gen 9] VGC 2023 Regulation C","log":"|j|\u2606I LOVE STONJOURNER\n|j|\u2606HitFissureThenLose\n|t:|1681790356\n|gametype|doubles\n|player|p1|I LOVE STONJOURNER|cyrus|\n|player|p2|HitFissureThenLose|red|\n|teamsize|p1|6\n|teamsize|p2|6\n|gen|9\n|tier|[Gen 9] VGC 2023 Regulation C\n|rule|Species Clause: Limit one of each Pok\u00e9mon\n|rule|Item Clause: Limit one of each item\n|clearpoke\n|poke|p1|Palafin, L50, M|\n|poke|p1|Arcanine, L50, M|\n|poke|p1|Amoonguss, L50, F|\n|poke|p1|Flutter Mane, L50|\n|poke|p1|Baxcalibur, L50, F|\n|poke|p1|Ting-Lu, L50|\n|poke|p2|Toxapex, L50, M|\n|poke|p2|Ting-Lu, L50|\n|poke|p2|Grimmsnarl, L50, M|\n|poke|p2|Corviknight, L50, F|\n|poke|p2|Chi-Yu, L50|\n|poke|p2|Wo-Chien, L50|\n|teampreview|4\nHitFissureThenLose has agreed to open team sheets.\nI LOVE STONJOURNER has agreed to open team sheets.\n|\n|t:|1681790396\n|start\n|switch|p1a: Flutter Mane|Flutter Mane, L50|100\/100\n|switch|p1b: Palafin|Palafin, L50, M|100\/100\n|switch|p2a: Grimmsnarl|Grimmsnarl, L50, M|100\/100\n|switch|p2b: Toxapex|Toxapex, L50, M|100\/100\n|turn|1\n|\n|t:|1681790417\n|detailschange|p1b: Palafin|Palafin-Hero, L50, M\n|switch|p1b: Amoonguss|Amoonguss, L50, F|100\/100\n|-terastallize|p2a: Grimmsnarl|Steel\n|move|p1a: Flutter Mane|Moonblast|p2a: Grimmsnarl\n|-resisted|p2a: Grimmsnarl\n|-damage|p2a: Grimmsnarl|68\/100\n|move|p2a: Grimmsnarl|Spirit Break|p1a: Flutter Mane\n|-damage|p1a: Flutter Mane|50\/100\n|-unboost|p1a: Flutter Mane|spa|1\n|move|p2b: Toxapex|Toxic|p1a: Flutter Mane\n|-status|p1a: Flutter Mane|tox\n|\n|-damage|p1a: Flutter Mane|45\/100 tox|[from] psn\n|upkeep\n|turn|2\n|\n|t:|1681790454\n|-end|p1a: Flutter Mane|Protosynthesis|[silent]\n|switch|p1a: Palafin|Palafin-Hero, L50, M|100\/100\n|-activate|p1a: Palafin|ability: Zero to Hero\n|move|p1b: Amoonguss|Rage Powder|p1b: Amoonguss\n|-singleturn|p1b: Amoonguss|move: Rage Powder\n|move|p2a: Grimmsnarl|Taunt|p1b: Amoonguss\n|-start|p1b: Amoonguss|move: Taunt\n|-enditem|p1b: Amoonguss|Mental Herb\n|-end|p1b: Amoonguss|move: Taunt\n|move|p2b: Toxapex|Infestation|p1b: Amoonguss\n|-damage|p1b: Amoonguss|98\/100\n|-activate|p1b: Amoonguss|move: Infestation|[of] p2b: Toxapex\n|\n|-damage|p1b: Amoonguss|85\/100|[from] move: Infestation|[partiallytrapped]\n|upkeep\n|turn|3\n|\n|t:|1681790471\n|move|p2a: Grimmsnarl|Reflect|p2a: Grimmsnarl\n|-sidestart|p2: HitFissureThenLose|Reflect\n|move|p1a: Palafin|Wave Crash|p2a: Grimmsnarl\n|-damage|p2a: Grimmsnarl|8\/100\n|-damage|p1a: Palafin|79\/100|[from] Recoil\n|move|p2b: Toxapex|Infestation|p1a: Palafin\n|-damage|p1a: Palafin|75\/100\n|-activate|p1a: Palafin|move: Infestation|[of] p2b: Toxapex\n|move|p1b: Amoonguss|Spore|p2b: Toxapex\n|-status|p2b: Toxapex|slp|[from] move: Spore\n|\n|-damage|p1a: Palafin|62\/100|[from] move: Infestation|[partiallytrapped]\n|-damage|p1b: Amoonguss|73\/100|[from] move: Infestation|[partiallytrapped]\n|upkeep\n|turn|4\n|\n|t:|1681790495\n|move|p2a: Grimmsnarl|Taunt|p1a: Palafin\n|-start|p1a: Palafin|move: Taunt\n|cant|p1a: Palafin|move: Taunt|Substitute\n|cant|p2b: Toxapex|slp\n|move|p1b: Amoonguss|Pollen Puff|p1a: Palafin\n|-heal|p1a: Palafin|100\/100\n|\n|-damage|p1a: Palafin|88\/100|[from] move: Infestation|[partiallytrapped]\n|-damage|p1b: Amoonguss|61\/100|[from] move: Infestation|[partiallytrapped]\n|upkeep\n|turn|5\n|\n|t:|1681790519\n|switch|p2a: Wo-Chien|Wo-Chien, L50|100\/100\n|-ability|p2a: Wo-Chien|Tablets of Ruin\n|move|p1a: Palafin|Jet Punch|p2a: Wo-Chien\n|-resisted|p2a: Wo-Chien\n|-damage|p2a: Wo-Chien|89\/100\n|-curestatus|p2b: Toxapex|slp|[msg]\n|move|p2b: Toxapex|Toxic|p1a: Palafin\n|-status|p1a: Palafin|tox\n|move|p1b: Amoonguss|Spore|p2b: Toxapex\n|-status|p2b: Toxapex|slp|[from] move: Spore\n|\n|-damage|p1a: Palafin|82\/100 tox|[from] psn\n|-damage|p1a: Palafin|70\/100 tox|[from] move: Infestation|[partiallytrapped]\n|-damage|p1b: Amoonguss|48\/100|[from] move: Infestation|[partiallytrapped]\n|upkeep\n|turn|6\n|\n|t:|1681790558\n|move|p1a: Palafin|Wave Crash|p2a: Wo-Chien\n|-resisted|p2a: Wo-Chien\n|-damage|p2a: Wo-Chien|69\/100\n|-damage|p1a: Palafin|63\/100 tox|[from] Recoil\n|move|p2a: Wo-Chien|Foul Play|p1a: Palafin\n|-damage|p1a: Palafin|0 fnt\n|faint|p1a: Palafin\n|cant|p2b: Toxapex|slp\n|move|p1b: Amoonguss|Pollen Puff|p2a: Wo-Chien\n|-supereffective|p2a: Wo-Chien\n|-damage|p2a: Wo-Chien|20\/100\n|-enditem|p2a: Wo-Chien|Sitrus Berry|[eat]\n|-heal|p2a: Wo-Chien|45\/100|[from] item: Sitrus Berry\n|\n|-end|p1b: Amoonguss|Infestation|[partiallytrapped]\n|upkeep\n|\n|t:|1681790576\n|switch|p1a: Flutter Mane|Flutter Mane, L50|45\/100 tox\n|turn|7\n|\n|t:|1681790593\n|move|p1a: Flutter Mane|Thunderbolt|p2b: Toxapex\n|-supereffective|p2b: Toxapex\n|-damage|p2b: Toxapex|28\/100 slp\n|move|p2a: Wo-Chien|Leech Seed|p1a: Flutter Mane\n|-start|p1a: Flutter Mane|move: Leech Seed\n|cant|p2b: Toxapex|slp\n|move|p1b: Amoonguss|Pollen Puff|p1a: Flutter Mane\n|-heal|p1a: Flutter Mane|94\/100 tox\n|\n|-heal|p2b: Toxapex|34\/100 slp|[from] item: Leftovers\n|-damage|p1a: Flutter Mane|82\/100 tox|[from] Leech Seed|[of] p2a: Wo-Chien\n|-heal|p2a: Wo-Chien|54\/100|[silent]\n|-damage|p1a: Flutter Mane|77\/100 tox|[from] psn\n|upkeep\n|turn|8\n|\n|t:|1681790623\n|move|p2a: Wo-Chien|Protect|p2a: Wo-Chien\n|-singleturn|p2a: Wo-Chien|Protect\n|cant|p2b: Toxapex|slp\n|move|p1a: Flutter Mane|Thunderbolt|p2b: Toxapex\n|-supereffective|p2b: Toxapex\n|-damage|p2b: Toxapex|0 fnt\n|faint|p2b: Toxapex\n|move|p1b: Amoonguss|Pollen Puff|p2a: Wo-Chien\n|-activate|p2a: Wo-Chien|move: Protect\n|\n|-damage|p1a: Flutter Mane|65\/100 tox|[from] Leech Seed|[of] p2a: Wo-Chien\n|-heal|p2a: Wo-Chien|63\/100|[silent]\n|-damage|p1a: Flutter Mane|54\/100 tox|[from] psn\n|upkeep\n|\n|t:|1681790636\n|switch|p2b: Corviknight|Corviknight, L50, F|100\/100\n|turn|9\n|\n|t:|1681790671\n|-terastallize|p1b: Amoonguss|Water\n|move|p1b: Amoonguss|Rage Powder|p1b: Amoonguss\n|-singleturn|p1b: Amoonguss|move: Rage Powder\n|move|p1a: Flutter Mane|Thunderbolt|p2b: Corviknight\n|-supereffective|p2b: Corviknight\n|-damage|p2b: Corviknight|17\/100\n|-status|p2b: Corviknight|par\n|move|p2a: Wo-Chien|Foul Play|p1b: Amoonguss\n|-damage|p1b: Amoonguss|30\/100\n|move|p2b: Corviknight|Brave Bird|p1b: Amoonguss\n|-damage|p1b: Amoonguss|3\/100\n|-damage|p2b: Corviknight|7\/100 par|[from] Recoil\n|\n|-damage|p1a: Flutter Mane|42\/100 tox|[from] Leech Seed|[of] p2a: Wo-Chien\n|-heal|p2a: Wo-Chien|72\/100|[silent]\n|-damage|p1a: Flutter Mane|25\/100 tox|[from] psn\n|upkeep\n|turn|10\n|\n|t:|1681790698\n|switch|p1b: Baxcalibur|Baxcalibur, L50, F|100\/100\n|move|p1a: Flutter Mane|Thunderbolt|p2b: Corviknight\n|-supereffective|p2b: Corviknight\n|-damage|p2b: Corviknight|0 fnt\n|faint|p2b: Corviknight\n|move|p2a: Wo-Chien|Foul Play|p1b: Baxcalibur\n|-damage|p1b: Baxcalibur|44\/100\n|\n|-damage|p1a: Flutter Mane|13\/100 tox|[from] Leech Seed|[of] p2a: Wo-Chien\n|-heal|p2a: Wo-Chien|81\/100|[silent]\n|-damage|p1a: Flutter Mane|0 fnt|[from] psn\n|faint|p1a: Flutter Mane\n|-end|p1a: Flutter Mane|Protosynthesis|[silent]\n|-sideend|p2: HitFissureThenLose|Reflect\n|upkeep\n|\n|t:|1681790709\n|switch|p1a: Amoonguss|Amoonguss, L50, F, tera:Water|36\/100\n|switch|p2b: Grimmsnarl|Grimmsnarl, L50, M, tera:Steel|8\/100\n|turn|11\n|\n|t:|1681790732\n|move|p1b: Baxcalibur|Protect|p1b: Baxcalibur\n|-singleturn|p1b: Baxcalibur|Protect\n|move|p2b: Grimmsnarl|Reflect|p2b: Grimmsnarl\n|-sidestart|p2: HitFissureThenLose|Reflect\n|move|p2a: Wo-Chien|Foul Play|p1b: Baxcalibur\n|-activate|p1b: Baxcalibur|move: Protect\n|move|p1a: Amoonguss|Pollen Puff|p2a: Wo-Chien\n|-supereffective|p2a: Wo-Chien\n|-damage|p2a: Wo-Chien|38\/100\n|\n|upkeep\n|turn|12\n|\n|t:|1681790779\n|move|p1a: Amoonguss|Rage Powder|p1a: Amoonguss\n|-singleturn|p1a: Amoonguss|move: Rage Powder\n|move|p1b: Baxcalibur|Icicle Crash|p2a: Wo-Chien\n|-supereffective|p2a: Wo-Chien\n|-damage|p2a: Wo-Chien|0 fnt\n|faint|p2a: Wo-Chien\n|move|p2b: Grimmsnarl|Spirit Break|p1a: Amoonguss\n|-damage|p1a: Amoonguss|11\/100\n|-unboost|p1a: Amoonguss|spa|1\n|\n|upkeep\n|turn|13\n|c|\u2606HitFissureThenLose|ggwp\n|\n|t:|1681790794\n|move|p1b: Baxcalibur|Glaive Rush|p2b: Grimmsnarl\n|-resisted|p2b: Grimmsnarl\n|-damage|p2b: Grimmsnarl|0 fnt\n|-singlemove|p1b: Baxcalibur|Glaive Rush|[silent]\n|faint|p2b: Grimmsnarl\n|\n|win|I LOVE STONJOURNER\n|c|\u2606I LOVE STONJOURNER|ggs\n|l|\u2606HitFissureThenLose\n","uploadtime":1681790864,"views":10,"p1id":"ilovestonjourner","p2id":"hitfissurethenlose","formatid":"gen9vgc2023regulationc","rating":0,"private":0,"password":""}