{"id":"gen9vgc2023regulationc-1851470634","p1":"EverCoop","p2":"BroDontFuckWithMe","format":"[Gen 9] VGC 2023 Regulation C","log":"|j|\u2606EverCoop\n|j|\u2606BroDontFuckWithMe\n|t:|1682447777\n|gametype|doubles\n|player|p1|EverCoop|blue-gen1rbchampion|1548\n|player|p2|BroDontFuckWithMe|265|1563\n|teamsize|p1|6\n|teamsize|p2|6\n|gen|9\n|tier|[Gen 9] VGC 2023 Regulation C\n|rated|\n|rule|Species Clause: Limit one of each Pok\u00e9mon\n|rule|Item Clause: Limit one of each item\n|clearpoke\n|poke|p1|Dragonite, L50, M|\n|poke|p1|Chien-Pao, L50|\n|poke|p1|Orthworm, L50, M|\n|poke|p1|Iron Moth, L50|\n|poke|p1|Rotom-Wash, L50|\n|poke|p1|Corviknight, L50, M|\n|poke|p2|Great Tusk, L50|\n|poke|p2|Amoonguss, L50, M|\n|poke|p2|Tyranitar, L50, F|\n|poke|p2|Iron Bundle, L50|\n|poke|p2|Talonflame, L50, F|\n|poke|p2|Gholdengo, L50|\n|teampreview|4\n|inactive|Battle timer is ON: inactive players will automatically lose when time's up. (requested by EverCoop)\n|inactive|EverCoop has 60 seconds left.\n|\n|t:|1682447823\n|start\n|switch|p1a: Orthworm|Orthworm, L50, M|100\/100\n|switch|p1b: Iron Moth|Iron Moth, L50|100\/100\n|switch|p2a: Iron Bundle|Iron Bundle, L50|100\/100\n|switch|p2b: Gholdengo|Gholdengo, L50|100\/100\n|-enditem|p2a: Iron Bundle|Booster Energy\n|-activate|p2a: Iron Bundle|ability: Quark Drive|[fromitem]\n|-start|p2a: Iron Bundle|quarkdrivespe\n|-enditem|p1b: Iron Moth|Booster Energy\n|-activate|p1b: Iron Moth|ability: Quark Drive|[fromitem]\n|-start|p1b: Iron Moth|quarkdrivespa\n|turn|1\n|\n|t:|1682447839\n|-terastallize|p1b: Iron Moth|Water\n|-terastallize|p2b: Gholdengo|Water\n|move|p2a: Iron Bundle|Hydro Pump|p1a: Orthworm\n|-damage|p1a: Orthworm|44\/100\n|-enditem|p1a: Orthworm|Sitrus Berry|[eat]\n|-heal|p1a: Orthworm|69\/100|[from] item: Sitrus Berry\n|move|p1b: Iron Moth|Heat Wave|p2a: Iron Bundle|[spread] p2b\n|-miss|p1b: Iron Moth|p2a: Iron Bundle\n|-resisted|p2b: Gholdengo\n|-damage|p2b: Gholdengo|70\/100\n|move|p2b: Gholdengo|Shadow Ball|p1a: Orthworm\n|-damage|p1a: Orthworm|15\/100\n|move|p1a: Orthworm|Shed Tail|p1a: Orthworm\n|-fail|p1a: Orthworm|move: Shed Tail|[weak]\n|\n|-heal|p2b: Gholdengo|76\/100|[from] item: Leftovers\n|upkeep\n|turn|2\n|j| Rayo20\n|j| LC77777\n|\n|t:|1682447858\n|move|p2b: Gholdengo|Protect|p2b: Gholdengo\n|-singleturn|p2b: Gholdengo|Protect\n|move|p2a: Iron Bundle|Freeze-Dry|p1b: Iron Moth\n|-supereffective|p1b: Iron Moth\n|-damage|p1b: Iron Moth|24\/100\n|move|p1b: Iron Moth|Sludge Wave|p2b: Gholdengo|[spread] p2a\n|-activate|p2b: Gholdengo|move: Protect\n|-immune|p1a: Orthworm\n|-damage|p2a: Iron Bundle|0 fnt\n|faint|p2a: Iron Bundle\n|-end|p2a: Iron Bundle|Quark Drive|[silent]\n|move|p1a: Orthworm|Body Press|p2b: Gholdengo\n|-activate|p2b: Gholdengo|move: Protect\n|\n|-heal|p2b: Gholdengo|82\/100|[from] item: Leftovers\n|upkeep\n|j| BigGooner\n|\n|t:|1682447864\n|switch|p2a: Great Tusk|Great Tusk, L50|100\/100\n|turn|3\n|l| BigGooner\n|\n|t:|1682447877\n|move|p1a: Orthworm|Protect|p1a: Orthworm\n|-singleturn|p1a: Orthworm|Protect\n|move|p2a: Great Tusk|Rock Slide|p1b: Iron Moth|[spread] p1b\n|-activate|p1a: Orthworm|move: Protect\n|-damage|p1b: Iron Moth|0 fnt\n|faint|p1b: Iron Moth\n|-end|p1b: Iron Moth|Quark Drive|[silent]\n|move|p2b: Gholdengo|Nasty Plot|p2b: Gholdengo\n|-boost|p2b: Gholdengo|spa|2\n|\n|-heal|p2b: Gholdengo|88\/100|[from] item: Leftovers\n|upkeep\n|\n|t:|1682447890\n|switch|p1b: Dragonite|Dragonite, L50, M|100\/100\n|turn|4\n|\n|t:|1682447899\n|move|p2a: Great Tusk|Rock Slide|p1a: Orthworm|[spread] p1a,p1b\n|-resisted|p1a: Orthworm\n|-supereffective|p1b: Dragonite\n|-damage|p1a: Orthworm|8\/100\n|-damage|p1b: Dragonite|82\/100\n|move|p2b: Gholdengo|Make It Rain|p1b: Dragonite|[spread] p1a,p1b\n|-resisted|p1a: Orthworm\n|-damage|p1a: Orthworm|0 fnt\n|-damage|p1b: Dragonite|13\/100\n|-unboost|p2b: Gholdengo|spa|1\n|faint|p1a: Orthworm\n|move|p1b: Dragonite|Earthquake|p2b: Gholdengo|[spread] p2a,p2b\n|-damage|p2a: Great Tusk|79\/100\n|-damage|p2b: Gholdengo|61\/100\n|\n|-heal|p2b: Gholdengo|67\/100|[from] item: Leftovers\n|upkeep\n|\n|t:|1682447913\n|switch|p1a: Chien-Pao|Chien-Pao, L50|100\/100\n|-ability|p1a: Chien-Pao|Sword of Ruin\n|turn|5\n|\n|t:|1682447925\n|move|p1b: Dragonite|Extreme Speed|p2b: Gholdengo\n|-damage|p2b: Gholdengo|25\/100\n|move|p2a: Great Tusk|Rock Slide|p1a: Chien-Pao|[spread] p1a,p1b\n|-supereffective|p1a: Chien-Pao\n|-supereffective|p1b: Dragonite\n|-damage|p1a: Chien-Pao|44\/100\n|-damage|p1b: Dragonite|0 fnt\n|faint|p1b: Dragonite\n|move|p1a: Chien-Pao|Ice Spinner|p2a: Great Tusk\n|-supereffective|p2a: Great Tusk\n|-damage|p2a: Great Tusk|0 fnt\n|faint|p2a: Great Tusk\n|-end|p2a: Great Tusk|Protosynthesis|[silent]\n|move|p2b: Gholdengo|Make It Rain|p1a: Chien-Pao\n|-supereffective|p1a: Chien-Pao\n|-damage|p1a: Chien-Pao|0 fnt\n|-unboost|p2b: Gholdengo|spa|1\n|faint|p1a: Chien-Pao\n|\n|win|BroDontFuckWithMe\n|raw|EverCoop's rating: 1548 → 1529<\/strong> (-19 for losing)\n|raw|BroDontFuckWithMe's rating: 1563 → 1582<\/strong> (+19 for winning)\n|l|\u2606EverCoop\n","uploadtime":1682447938,"views":9,"p1id":"evercoop","p2id":"brodontfuckwithme","formatid":"gen9vgc2023regulationc","rating":1529,"private":0,"password":""}