{"id":"gen9vgc2023regulationc-1844906819","p1":"Keveloper","p2":"gahelar","format":"[Gen 9] VGC 2023 Regulation C","log":"|j|\u2606Keveloper\n|j|\u2606gahelar\n|t:|1681662766\n|gametype|doubles\n|player|p1|Keveloper|lusamine-nihilego|\n|player|p2|gahelar|2|\n|teamsize|p1|6\n|teamsize|p2|6\n|gen|9\n|tier|[Gen 9] VGC 2023 Regulation C\n|rule|Species Clause: Limit one of each Pok\u00e9mon\n|rule|Item Clause: Limit one of each item\n|clearpoke\n|poke|p1|Salamence, L50, F|\n|poke|p1|Amoonguss, L50, M|\n|poke|p1|Palafin, L50, M|\n|poke|p1|Ceruledge, L50, F|\n|poke|p1|Flutter Mane, L50|\n|poke|p1|Ting-Lu, L50|\n|poke|p2|Dondozo, L50, F|\n|poke|p2|Tatsugiri, L50, F|\n|poke|p2|Dragonite, L50, F|\n|poke|p2|Chi-Yu, L50|\n|poke|p2|Iron Bundle, L50|\n|poke|p2|Glimmora, L50, F|\n|teampreview|4\n|c|\u2606Keveloper|G2\n|c|\u2606Keveloper|Ready?\n|c|\u2606gahelar|when u are\n|c|\u2606Keveloper|Alright, glhf!\n|inactive|Battle timer is ON: inactive players will automatically lose when time's up. (requested by Keveloper)\n|c|\u2606gahelar|u2\n|j| SirSmokeVGC\n|inactive|Keveloper has 60 seconds left.\n|inactive|gahelar has 60 seconds left.\n|inactive|Keveloper has 30 seconds left.\n|inactive|gahelar has 30 seconds left.\n|inactive|Keveloper has 20 seconds left.\n|inactive|Keveloper has 15 seconds left.\n|\n|t:|1681663387\n|start\n|switch|p1a: Palafin|Palafin, L50, M|100\/100\n|switch|p1b: Amoonguss|Amoonguss, L50, M|100\/100\n|switch|p2a: alga|Glimmora, L50, F, shiny|100\/100\n|switch|p2b: pesce emo|Chi-Yu, L50|100\/100\n|-ability|p2b: pesce emo|Beads of Ruin\n|turn|1\n|inactive|Keveloper has 30 seconds left.\n|inactive|gahelar has 30 seconds left.\n|\n|t:|1681663419\n|detailschange|p1a: Palafin|Palafin-Hero, L50, M\n|switch|p1a: Ceruledge|Ceruledge, L50, F|100\/100\n|-terastallize|p2a: alga|Grass\n|move|p2b: pesce emo|Protect|p2b: pesce emo\n|-singleturn|p2b: pesce emo|Protect\n|move|p2a: alga|Sludge Bomb|p1b: Amoonguss\n|-damage|p1b: Amoonguss|52\/100\n|move|p1b: Amoonguss|Spore|p2b: pesce emo\n|-activate|p2b: pesce emo|move: Protect\n|\n|upkeep\n|turn|2\n|inactive|Keveloper has 30 seconds left.\n|inactive|gahelar has 30 seconds left.\n|inactive|gahelar has 20 seconds left.\n|\n|t:|1681663456\n|switch|p2a: strano pesce|Dragonite, L50, F|100\/100\n|switch|p1b: Ting-Lu|Ting-Lu, L50|100\/100\n|-ability|p1b: Ting-Lu|Vessel of Ruin\n|-terastallize|p1a: Ceruledge|Grass\n|move|p2b: pesce emo|Overheat|p1b: Ting-Lu|[miss]\n|-miss|p2b: pesce emo|p1b: Ting-Lu\n|move|p1a: Ceruledge|Bitter Blade|p2a: strano pesce\n|-resisted|p2a: strano pesce\n|-damage|p2a: strano pesce|86\/100\n|-damage|p1a: Ceruledge|91\/100|[from] item: Life Orb\n|\n|upkeep\n|turn|3\n|inactive|Keveloper has 30 seconds left.\n|inactive|Keveloper has 20 seconds left.\n|inactive|Keveloper has 15 seconds left.\n|inactive|gahelar has 30 seconds left.\n|\n|t:|1681663499\n|switch|p2b: alga|Glimmora, L50, F, shiny, tera:Grass|100\/100\n|switch|p1a: Palafin|Palafin-Hero, L50, M|100\/100\n|-activate|p1a: Palafin|ability: Zero to Hero\n|move|p2a: strano pesce|Ice Spinner|p1a: Palafin\n|-resisted|p1a: Palafin\n|-damage|p1a: Palafin|81\/100\n|move|p1b: Ting-Lu|Ruination|p2a: strano pesce\n|-damage|p2a: strano pesce|44\/100\n|\n|upkeep\n|turn|4\n|inactive|Keveloper has 30 seconds left.\n|inactive|Keveloper has 20 seconds left.\n|inactive|Keveloper has 15 seconds left.\n|inactive|Keveloper has 10 seconds left.\n|\n|t:|1681663545\n|switch|p1a: Amoonguss|Amoonguss, L50, M|85\/100\n|switch|p2a: mangio pesce|Iron Bundle, L50|100\/100\n|-enditem|p2a: mangio pesce|Booster Energy\n|-activate|p2a: mangio pesce|ability: Quark Drive|[fromitem]\n|-start|p2a: mangio pesce|quarkdrivespe\n|move|p2b: alga|Mortal Spin|p1b: Ting-Lu|[spread] p1a,p1b\n|-resisted|p1b: Ting-Lu\n|-damage|p1a: Amoonguss|81\/100\n|-damage|p1b: Ting-Lu|99\/100\n|-status|p1b: Ting-Lu|psn\n|move|p1b: Ting-Lu|Ruination|p2b: alga\n|-damage|p2b: alga|50\/100\n|\n|-damage|p1b: Ting-Lu|87\/100 psn|[from] psn\n|upkeep\n|turn|5\n|\n|t:|1681663569\n|switch|p2b: strano pesce|Dragonite, L50, F|44\/100\n|move|p2a: mangio pesce|Protect|p2a: mangio pesce\n|-singleturn|p2a: mangio pesce|Protect\n|move|p1b: Ting-Lu|Ruination|p2a: mangio pesce\n|-activate|p2a: mangio pesce|move: Protect\n|move|p1a: Amoonguss|Spore|p2a: mangio pesce\n|-activate|p2a: mangio pesce|move: Protect\n|\n|-damage|p1b: Ting-Lu|75\/100 psn|[from] psn\n|upkeep\n|turn|6\n|\n|t:|1681663591\n|-end|p2a: mangio pesce|Quark Drive|[silent]\n|switch|p2a: alga|Glimmora, L50, F, shiny, tera:Grass|50\/100\n|move|p1a: Amoonguss|Protect|p1a: Amoonguss\n|-singleturn|p1a: Amoonguss|Protect\n|move|p2b: strano pesce|Outrage|p1a: Amoonguss\n|-activate|p1a: Amoonguss|move: Protect\n|move|p1b: Ting-Lu|Ruination|p2a: alga\n|-damage|p2a: alga|26\/100\n|\n|-damage|p1b: Ting-Lu|63\/100 psn|[from] psn\n|upkeep\n|turn|7\n|inactive|Keveloper has 30 seconds left.\n|inactive|Keveloper has 20 seconds left.\n|\n|t:|1681663628\n|move|p2b: strano pesce|Outrage|p1a: Amoonguss\n|-damage|p1a: Amoonguss|0 fnt\n|faint|p1a: Amoonguss\n|move|p2a: alga|Sludge Bomb|p1b: Ting-Lu\n|-resisted|p1b: Ting-Lu\n|-damage|p1b: Ting-Lu|55\/100 psn\n|move|p1b: Ting-Lu|Heavy Slam|p2a: alga\n|-damage|p2a: alga|0 fnt\n|-activate|p2a: alga|ability: Toxic Debris\n|-sidestart|p1: Keveloper|move: Toxic Spikes\n|faint|p2a: alga\n|\n|-damage|p1b: Ting-Lu|43\/100 psn|[from] psn\n|upkeep\n|\n|t:|1681663649\n|switch|p2a: mangio pesce|Iron Bundle, L50|100\/100\n|switch|p1a: Palafin|Palafin-Hero, L50, M|81\/100\n|-status|p1a: Palafin|psn\n|turn|8\n|\n|t:|1681663661\n|move|p2a: mangio pesce|Protect|p2a: mangio pesce\n|-singleturn|p2a: mangio pesce|Protect\n|move|p1a: Palafin|Protect|p1a: Palafin\n|-singleturn|p1a: Palafin|Protect\n|move|p2b: strano pesce|Outrage|p1a: Palafin|[from]lockedmove\n|-activate|p1a: Palafin|move: Protect\n|move|p1b: Ting-Lu|Ruination|p2a: mangio pesce\n|-activate|p2a: mangio pesce|move: Protect\n|\n|-damage|p1a: Palafin|68\/100 psn|[from] psn\n|-damage|p1b: Ting-Lu|31\/100 psn|[from] psn\n|upkeep\n|turn|9\n|\n|t:|1681663671\n|-end|p2a: mangio pesce|Quark Drive|[silent]\n|switch|p2a: pesce emo|Chi-Yu, L50|100\/100\n|-ability|p2a: pesce emo|Beads of Ruin\n|move|p1a: Palafin|Wave Crash|p2b: strano pesce\n|-resisted|p2b: strano pesce\n|-damage|p2b: strano pesce|0 fnt\n|faint|p2b: strano pesce\n|-damage|p1a: Palafin|54\/100 psn|[from] Recoil\n|move|p1b: Ting-Lu|Ruination|p2a: pesce emo\n|-damage|p2a: pesce emo|51\/100\n|\n|-damage|p1a: Palafin|42\/100 psn|[from] psn\n|-damage|p1b: Ting-Lu|19\/100 psn|[from] psn\n|upkeep\n|\n|t:|1681663681\n|switch|p2b: mangio pesce|Iron Bundle, L50|100\/100\n|turn|10\n|inactive|Keveloper has 30 seconds left.\n|\n|t:|1681663708\n|move|p2b: mangio pesce|Freeze-Dry|p1a: Palafin\n|-supereffective|p1a: Palafin\n|-damage|p1a: Palafin|0 fnt\n|faint|p1a: Palafin\n|move|p2a: pesce emo|Heat Wave|p1b: Ting-Lu\n|-damage|p1b: Ting-Lu|0 fnt\n|faint|p1b: Ting-Lu\n|\n|upkeep\n|\n|t:|1681663718\n|switch|p1b: Ceruledge|Ceruledge, L50, F, tera:Grass|91\/100\n|-status|p1b: Ceruledge|psn\n|turn|11\n|\n|t:|1681663727\n|move|p2b: mangio pesce|Protect|p2b: mangio pesce\n|-singleturn|p2b: mangio pesce|Protect\n|move|p2a: pesce emo|Protect|p2a: pesce emo\n|-singleturn|p2a: pesce emo|Protect\n|move|p1b: Ceruledge|Close Combat|p2b: mangio pesce\n|-activate|p2b: mangio pesce|move: Protect\n|\n|-damage|p1b: Ceruledge|79\/100 psn|[from] psn\n|upkeep\n|turn|12\n|\n|t:|1681663746\n|move|p2b: mangio pesce|Freeze-Dry|p1b: Ceruledge\n|-supereffective|p1b: Ceruledge\n|-damage|p1b: Ceruledge|0 fnt\n|faint|p1b: Ceruledge\n|\n|win|gahelar\n|c|\u2606Keveloper|gg\n|c|\u2606gahelar|gg\n|l|\u2606gahelar\n|l| SirSmokeVGC\n","uploadtime":1681663749,"views":16,"p1id":"keveloper","p2id":"gahelar","formatid":"gen9vgc2023regulationc","rating":0,"private":0,"password":""}