{"id":"gen9vgc2023regulationc-1856916278","p1":"haha you rage quit","p2":"zRow","format":"[Gen 9] VGC 2023 Regulation C","log":"|j|\u2606haha you rage quit\n|j|\u2606zRow\n|t:|1683125499\n|gametype|doubles\n|player|p1|haha you rage quit|pokemaniac|1298\n|player|p2|zRow|265|1307\n|teamsize|p1|6\n|teamsize|p2|6\n|gen|9\n|tier|[Gen 9] VGC 2023 Regulation C\n|rated|\n|rule|Species Clause: Limit one of each Pok\u00e9mon\n|rule|Item Clause: Limit one of each item\n|clearpoke\n|poke|p1|Flutter Mane, L50|\n|poke|p1|Chi-Yu, L50|\n|poke|p1|Great Tusk, L50|\n|poke|p1|Gholdengo, L50|\n|poke|p1|Murkrow, L50, M|\n|poke|p1|Talonflame, L50, M|\n|poke|p2|Dondozo, L50, F|\n|poke|p2|Tatsugiri, L50, F|\n|poke|p2|Glimmora, L50, F|\n|poke|p2|Arcanine, L50, F|\n|poke|p2|Pawmot, L50, F|\n|poke|p2|Flutter Mane, L50|\n|teampreview|4\n|\n|t:|1683125554\n|start\n|switch|p1a: Talonflame|Talonflame, L50, M|100\/100\n|switch|p1b: Great Tusk|Great Tusk, L50, shiny|100\/100\n|switch|p2a: Arcanine|Arcanine, L50, F, shiny|100\/100\n|switch|p2b: Pawmot|Pawmot, L50, F, shiny|100\/100\n|-ability|p2a: Arcanine|Intimidate|boost\n|-unboost|p1a: Talonflame|atk|1\n|-unboost|p1b: Great Tusk|atk|1\n|turn|1\n|\n|t:|1683125570\n|-terastallize|p1b: Great Tusk|Ghost\n|move|p2a: Arcanine|Protect|p2a: Arcanine\n|-singleturn|p2a: Arcanine|Protect\n|move|p1a: Talonflame|Tailwind|p1a: Talonflame\n|-sidestart|p1: haha you rage quit|move: Tailwind\n|move|p1b: Great Tusk|Earthquake|p2a: Arcanine|[spread] p2b\n|-activate|p2a: Arcanine|move: Protect\n|-immune|p1a: Talonflame\n|-supereffective|p2b: Pawmot\n|-crit|p2b: Pawmot\n|-enditem|p2b: Pawmot|Focus Sash\n|-damage|p2b: Pawmot|1\/100\n|move|p2b: Pawmot|Close Combat|p1b: Great Tusk\n|-immune|p1b: Great Tusk\n|\n|upkeep\n|turn|2\n|\n|t:|1683125591\n|move|p1a: Talonflame|Sunny Day|p1a: Talonflame\n|-weather|SunnyDay\n|-activate|p1b: Great Tusk|ability: Protosynthesis\n|-start|p1b: Great Tusk|protosynthesisdef\n|move|p1b: Great Tusk|Earthquake|p2b: Pawmot|[spread] p2a,p2b\n|-immune|p1a: Talonflame\n|-supereffective|p2a: Arcanine\n|-crit|p2a: Arcanine\n|-supereffective|p2b: Pawmot\n|-damage|p2a: Arcanine|0 fnt\n|-damage|p2b: Pawmot|0 fnt\n|faint|p2a: Arcanine\n|faint|p2b: Pawmot\n|\n|-weather|SunnyDay|[upkeep]\n|upkeep\n|\n|t:|1683125601\n|switch|p2b: Tatsugiri|Tatsugiri, L50, F, shiny|100\/100\n|switch|p2a: Dondozo|Dondozo, L50, F, shiny|100\/100\n|-activate|p2b: Tatsugiri|ability: Commander|[of] p2a: Dondozo\n|-boost|p2a: Dondozo|atk|2\n|-boost|p2a: Dondozo|spa|2\n|-boost|p2a: Dondozo|spe|2\n|-boost|p2a: Dondozo|def|2\n|-boost|p2a: Dondozo|spd|2\n|turn|3\n|\n|t:|1683125615\n|move|p1a: Talonflame|Air Cutter|p2a: Dondozo|[spread] p2a\n|-miss|p1a: Talonflame|p2b: Tatsugiri\n|-damage|p2a: Dondozo|93\/100\n|move|p1b: Great Tusk|Earthquake|p2b: Tatsugiri|[spread] p2a\n|-miss|p1b: Great Tusk|p2b: Tatsugiri\n|-immune|p1a: Talonflame\n|-damage|p2a: Dondozo|72\/100\n|move|p2a: Dondozo|Order Up|p1b: Great Tusk\n|-damage|p1b: Great Tusk|80\/100\n|-boost|p2a: Dondozo|atk|1\n|\n|-weather|SunnyDay|[upkeep]\n|-heal|p2a: Dondozo|78\/100|[from] item: Leftovers\n|upkeep\n|turn|4\n|\n|t:|1683125633\n|switch|p1a: Murkrow|Murkrow, L50, M|100\/100\n|move|p1b: Great Tusk|Earthquake|p2a: Dondozo|[spread] p2a\n|-miss|p1b: Great Tusk|p2b: Tatsugiri\n|-immune|p1a: Murkrow\n|-damage|p2a: Dondozo|55\/100\n|move|p2a: Dondozo|Earthquake|p1b: Great Tusk|[spread] p1b\n|-miss|p2a: Dondozo|p2b: Tatsugiri\n|-immune|p1a: Murkrow\n|-damage|p1b: Great Tusk|54\/100\n|\n|-weather|SunnyDay|[upkeep]\n|-heal|p2a: Dondozo|61\/100|[from] item: Leftovers\n|-sideend|p1: haha you rage quit|move: Tailwind\n|upkeep\n|turn|5\n|\n|t:|1683125649\n|move|p1a: Murkrow|Haze|p1a: Murkrow\n|-clearallboost\n|move|p1b: Great Tusk|Earthquake|p2b: Tatsugiri|[spread] p2a\n|-miss|p1b: Great Tusk|p2b: Tatsugiri\n|-immune|p1a: Murkrow\n|-damage|p2a: Dondozo|13\/100\n|move|p2a: Dondozo|Order Up|p1b: Great Tusk\n|-damage|p1b: Great Tusk|44\/100\n|-boost|p2a: Dondozo|atk|1\n|\n|-weather|SunnyDay|[upkeep]\n|-heal|p2a: Dondozo|20\/100|[from] item: Leftovers\n|upkeep\n|turn|6\n|-message|zRow forfeited.\n|\n|win|haha you rage quit\n|raw|haha you rage quit's rating: 1298 → 1324<\/strong> (+26 for winning)\n|raw|zRow's rating: 1307 → 1286<\/strong> (-21 for losing)\n|l|\u2606zRow\n|l|\u2606haha you rage quit\n|j|\u2606haha you rage quit\n|player|p1|haha you rage quit|pokemaniac\n","uploadtime":1683125668,"views":12,"p1id":"hahayouragequit","p2id":"zrow","formatid":"gen9vgc2023regulationc","rating":1286,"private":0,"password":""}