{"id":"gen9vgc2023regulationc-1856909544","p1":"tezkanagwar2","p2":"Arcacagne","format":"[Gen 9] VGC 2023 Regulation C","log":"|j|\u2606tezkanagwar2\n|j|\u2606Arcacagne\n|t:|1683124889\n|gametype|doubles\n|player|p1|tezkanagwar2|1|1256\n|player|p2|Arcacagne|101|1311\n|teamsize|p1|6\n|teamsize|p2|6\n|gen|9\n|tier|[Gen 9] VGC 2023 Regulation C\n|rated|\n|rule|Species Clause: Limit one of each Pok\u00e9mon\n|rule|Item Clause: Limit one of each item\n|clearpoke\n|poke|p1|Flutter Mane, L50|\n|poke|p1|Amoonguss, L50, F|\n|poke|p1|Arcanine, L50, F|\n|poke|p1|Palafin, L50, F|\n|poke|p1|Ting-Lu, L50|\n|poke|p1|Baxcalibur, L50, F|\n|poke|p2|Chi-Yu, L50|\n|poke|p2|Flutter Mane, L50|\n|poke|p2|Amoonguss, L50, M|\n|poke|p2|Palafin, L50, M|\n|poke|p2|Kingambit, L50, M|\n|poke|p2|Arcanine, L50, M|\n|teampreview|4\ntezkanagwar2 has agreed to open team sheets.\n|inactive|Battle timer is ON: inactive players will automatically lose when time's up. (requested by Arcacagne)\n|inactive|tezkanagwar2 has 60 seconds left.\n|\n|t:|1683124968\n|start\n|switch|p1a: Ting-Lu|Ting-Lu, L50|100\/100\n|switch|p1b: Palafin|Palafin, L50, F|100\/100\n|switch|p2a: Chi-Yu|Chi-Yu, L50|100\/100\n|switch|p2b: Amoonguss|Amoonguss, L50, M|100\/100\n|-ability|p2a: Chi-Yu|Beads of Ruin\n|-ability|p1a: Ting-Lu|Vessel of Ruin\n|turn|1\n|inactive|tezkanagwar2 has 30 seconds left.\n|inactive|tezkanagwar2 has 20 seconds left.\n|\n|t:|1683125004\n|-terastallize|p2a: Chi-Yu|Water\n|move|p1b: Palafin|Jet Punch|p2a: Chi-Yu\n|-resisted|p2a: Chi-Yu\n|-damage|p2a: Chi-Yu|86\/100\n|move|p2a: Chi-Yu|Nasty Plot|p2a: Chi-Yu\n|-boost|p2a: Chi-Yu|spa|2\n|move|p1a: Ting-Lu|Fissure|p2b: Amoonguss|[miss]\n|-miss|p1a: Ting-Lu|p2b: Amoonguss\n|move|p2b: Amoonguss|Spore|p1a: Ting-Lu\n|-status|p1a: Ting-Lu|slp|[from] move: Spore\n|\n|upkeep\n|turn|2\n|inactive|tezkanagwar2 has 30 seconds left.\n|inactive|Arcacagne has 30 seconds left.\n|\n|t:|1683125036\n|move|p1b: Palafin|Protect|p1b: Palafin\n|-singleturn|p1b: Palafin|Protect\n|move|p2a: Chi-Yu|Heat Wave|p1a: Ting-Lu|[spread] p1a\n|-activate|p1b: Palafin|move: Protect\n|-damage|p1a: Ting-Lu|63\/100 slp\n|cant|p1a: Ting-Lu|slp\n|move|p2b: Amoonguss|Spore|p1b: Palafin\n|-activate|p1b: Palafin|move: Protect\n|\n|upkeep\n|turn|3\n|\n|t:|1683125057\n|detailschange|p1b: Palafin|Palafin-Hero, L50, F\n|switch|p1b: Arcanine|Arcanine, L50, F, shiny|100\/100\n|-ability|p1b: Arcanine|Intimidate|boost\n|-unboost|p2a: Chi-Yu|atk|1\n|-unboost|p2b: Amoonguss|atk|1\n|move|p2a: Chi-Yu|Heat Wave|p1b: Arcanine|[spread] p1a,p1b\n|-resisted|p1b: Arcanine\n|-damage|p1a: Ting-Lu|27\/100 slp\n|-damage|p1b: Arcanine|77\/100\n|cant|p1a: Ting-Lu|slp\n|move|p2b: Amoonguss|Spore|p1a: Ting-Lu\n|-fail|p1a: Ting-Lu|slp\n|\n|upkeep\n|turn|4\n|inactive|tezkanagwar2 has 30 seconds left.\n|inactive|tezkanagwar2 has 20 seconds left.\n|inactive|tezkanagwar2 has 15 seconds left.\n|inactive|tezkanagwar2 has 10 seconds left.\n|\n|t:|1683125105\n|move|p1b: Arcanine|Protect|p1b: Arcanine\n|-singleturn|p1b: Arcanine|Protect\n|move|p2b: Amoonguss|Protect|p2b: Amoonguss\n|-singleturn|p2b: Amoonguss|Protect\n|move|p2a: Chi-Yu|Heat Wave|p1a: Ting-Lu|[spread] \n|-activate|p1b: Arcanine|move: Protect\n|-miss|p2a: Chi-Yu|p1a: Ting-Lu\n|-curestatus|p1a: Ting-Lu|slp|[msg]\n|move|p1a: Ting-Lu|Fissure|p2a: Chi-Yu|[miss]\n|-miss|p1a: Ting-Lu|p2a: Chi-Yu\n|\n|upkeep\n|turn|5\n|inactive|tezkanagwar2 has 30 seconds left.\n|inactive|Arcacagne has 30 seconds left.\n|inactive|Arcacagne has 20 seconds left.\n|inactive|Arcacagne has 15 seconds left.\n|inactive|Arcacagne has 10 seconds left.\n|inactive|Arcacagne has 5 seconds left.\n|\n|t:|1683125158\n|move|p2a: Chi-Yu|Heat Wave|p1b: Arcanine|[spread] p1a,p1b\n|-resisted|p1b: Arcanine\n|-damage|p1a: Ting-Lu|0 fnt\n|-damage|p1b: Arcanine|51\/100\n|faint|p1a: Ting-Lu\n|move|p1b: Arcanine|Flare Blitz|p2b: Amoonguss\n|-supereffective|p2b: Amoonguss\n|-damage|p2b: Amoonguss|30\/100\n|-enditem|p2b: Amoonguss|Sitrus Berry|[eat]\n|-heal|p2b: Amoonguss|55\/100|[from] item: Sitrus Berry\n|-damage|p1b: Arcanine|25\/100|[from] Recoil\n|move|p2b: Amoonguss|Spore|p1b: Arcanine\n|-activate|p1b: Arcanine|item: Safety Goggles|Spore\n|\n|upkeep\n|\n|t:|1683125173\n|switch|p1a: Flutter Mane|Flutter Mane, L50|100\/100\n|turn|6\n|\n|t:|1683125187\n|move|p2b: Amoonguss|Rage Powder|p2b: Amoonguss\n|-singleturn|p2b: Amoonguss|move: Rage Powder\n|move|p1a: Flutter Mane|Thunderbolt|p2b: Amoonguss\n|-resisted|p2b: Amoonguss\n|-damage|p2b: Amoonguss|27\/100\n|move|p2a: Chi-Yu|Heat Wave|p1a: Flutter Mane|[spread] p1a,p1b\n|-resisted|p1b: Arcanine\n|-damage|p1a: Flutter Mane|10\/100\n|-damage|p1b: Arcanine|0 fnt\n|faint|p1b: Arcanine\n|\n|upkeep\n|-message|tezkanagwar2 forfeited.\n|\n|win|Arcacagne\n|raw|tezkanagwar2's rating: 1256 → 1235<\/strong> (-21 for losing)\n|raw|Arcacagne's rating: 1311 → 1328<\/strong> (+17 for winning)\n|l|\u2606tezkanagwar2\n","uploadtime":1683125224,"views":8,"p1id":"tezkanagwar2","p2id":"arcacagne","formatid":"gen9vgc2023regulationc","rating":1235,"private":0,"password":""}