{"id":"gen9vgc2023regulationc-1854122000","p1":"xqiht","p2":"pokemon homo","format":"[Gen 9] VGC 2023 Regulation C","log":"|j|\u2606xqiht\n|j|\u2606pokemon homo\n|t:|1682772764\n|gametype|doubles\n|player|p1|xqiht|elesa-masters|\n|player|p2|pokemon homo|rosa|\n|teamsize|p1|6\n|teamsize|p2|6\n|gen|9\n|tier|[Gen 9] VGC 2023 Regulation C\n|rule|Species Clause: Limit one of each Pok\u00e9mon\n|rule|Item Clause: Limit one of each item\n|clearpoke\n|poke|p1|Palafin, L50, M|\n|poke|p1|Chien-Pao, L50|\n|poke|p1|Dragapult, L50, M|\n|poke|p1|Amoonguss, L50, F|\n|poke|p1|Arcanine, L50, F|\n|poke|p1|Flutter Mane, L50|\n|poke|p2|Chien-Pao, L50|\n|poke|p2|Dragonite, L50, M|\n|poke|p2|Ting-Lu, L50|\n|poke|p2|Gyarados, L50, F|\n|poke|p2|Flutter Mane, L50|\n|poke|p2|Amoonguss, L50, M|\n|teampreview|4\npokemon homo has agreed to open team sheets.\nxqiht has agreed to open team sheets.\n|inactive|Battle timer is ON: inactive players will automatically lose when time's up. (requested by xqiht)\n|\n|t:|1682772852\n|start\n|switch|p1a: Dnite|Dragapult, L50, M|100\/100\n|switch|p1b: Mimi|Flutter Mane, L50|100\/100\n|switch|p2a: Dragonite|Dragonite, L50, M|100\/100\n|switch|p2b: Chien-Pao|Chien-Pao, L50|100\/100\n|-ability|p2b: Chien-Pao|Sword of Ruin\n|-enditem|p1b: Mimi|Booster Energy\n|-activate|p1b: Mimi|ability: Protosynthesis|[fromitem]\n|-start|p1b: Mimi|protosynthesisspa\n|turn|1\n|inactive|pokemon homo has 30 seconds left.\n|\n|t:|1682772882\n|-terastallize|p1a: Dnite|Steel\n|-terastallize|p2a: Dragonite|Normal\n|move|p2b: Chien-Pao|Sucker Punch|p1a: Dnite\n|-damage|p1a: Dnite|43\/100\n|move|p1a: Dnite|Dragon Darts|p2b: Chien-Pao\n|-damage|p2b: Chien-Pao|48\/100\n|-anim|p1a: Dnite|Dragon Darts|p2a: Dragonite\n|-damage|p2a: Dragonite|52\/100\n|move|p1b: Mimi|Dazzling Gleam|p2b: Chien-Pao|[spread] p2a,p2b\n|-supereffective|p2b: Chien-Pao\n|-damage|p2a: Dragonite|19\/100\n|-damage|p2b: Chien-Pao|0 fnt\n|faint|p2b: Chien-Pao\n|move|p2a: Dragonite|Aerial Ace|p1b: Mimi\n|-damage|p1b: Mimi|25\/100\n|\n|upkeep\n|\n|t:|1682772906\n|switch|p2b: Flutter Mane|Flutter Mane, L50|100\/100\n|turn|2\n|\n|t:|1682772928\n|switch|p2a: Amoonguss|Amoonguss, L50, M|100\/100\n|move|p1a: Dnite|Dragon Darts|p2a: Amoonguss\n|-damage|p2a: Amoonguss|71\/100\n|-anim|p1a: Dnite|Dragon Darts|p2a: Amoonguss\n|-damage|p2a: Amoonguss|42\/100\n|-enditem|p2a: Amoonguss|Sitrus Berry|[eat]\n|-heal|p2a: Amoonguss|67\/100|[from] item: Sitrus Berry\n|move|p2b: Flutter Mane|Dazzling Gleam|p1b: Mimi|[spread] p1a,p1b\n|-resisted|p1a: Dnite\n|-damage|p1a: Dnite|13\/100\n|-damage|p1b: Mimi|0 fnt\n|faint|p1b: Mimi\n|-end|p1b: Mimi|Protosynthesis|[silent]\n|\n|upkeep\n|\n|t:|1682772941\n|switch|p1b: Bundle|Chien-Pao, L50|100\/100\n|-ability|p1b: Bundle|Sword of Ruin\n|turn|3\n|inactive|pokemon homo has 30 seconds left.\n|\n|t:|1682772967\n|switch|p1a: ChiYu|Arcanine, L50, F|100\/100\n|-ability|p1a: ChiYu|Intimidate|boost\n|-unboost|p2a: Amoonguss|atk|1\n|-unboost|p2b: Flutter Mane|atk|1\n|move|p2a: Amoonguss|Protect|p2a: Amoonguss\n|-singleturn|p2a: Amoonguss|Protect\n|move|p1b: Bundle|Ice Spinner|p2a: Amoonguss\n|-activate|p2a: Amoonguss|move: Protect\n|move|p2b: Flutter Mane|Dazzling Gleam|p1b: Bundle|[spread] p1a,p1b\n|-resisted|p1a: ChiYu\n|-supereffective|p1b: Bundle\n|-damage|p1a: ChiYu|73\/100\n|-enditem|p1b: Bundle|Focus Sash\n|-damage|p1b: Bundle|1\/100\n|\n|upkeep\n|turn|4\n|\n|t:|1682772982\n|move|p1b: Bundle|Protect|p1b: Bundle\n|-singleturn|p1b: Bundle|Protect\n|move|p2a: Amoonguss|Rage Powder|p2a: Amoonguss\n|-singleturn|p2a: Amoonguss|move: Rage Powder\n|move|p2b: Flutter Mane|Dazzling Gleam|p1b: Bundle|[spread] p1a\n|-activate|p1b: Bundle|move: Protect\n|-resisted|p1a: ChiYu\n|-damage|p1a: ChiYu|47\/100\n|move|p1a: ChiYu|Flare Blitz|p2b: Flutter Mane\n|-damage|p2b: Flutter Mane|0 fnt\n|faint|p2b: Flutter Mane\n|-end|p2b: Flutter Mane|Protosynthesis|[silent]\n|-damage|p1a: ChiYu|21\/100|[from] Recoil\n|\n|upkeep\n|\n|t:|1682772989\n|switch|p2b: Dragonite|Dragonite, L50, M, tera:Normal|19\/100\n|turn|5\n|inactive|pokemon homo has 30 seconds left.\n|inactive|pokemon homo has 20 seconds left.\n|inactive|pokemon homo has 15 seconds left.\n|\n|t:|1682773029\n|move|p2b: Dragonite|Extreme Speed|p1a: ChiYu\n|-damage|p1a: ChiYu|0 fnt\n|faint|p1a: ChiYu\n|move|p1b: Bundle|Ice Spinner|p2b: Dragonite\n|-damage|p2b: Dragonite|0 fnt\n|faint|p2b: Dragonite\n|move|p2a: Amoonguss|Pollen Puff|p1b: Bundle\n|-supereffective|p1b: Bundle\n|-damage|p1b: Bundle|0 fnt\n|faint|p1b: Bundle\n|\n|upkeep\n|\n|t:|1682773034\n|switch|p1b: Dnite|Dragapult, L50, M, tera:Steel|13\/100\n|turn|6\n|c|\u2606xqiht|gg\n|c|\u2606xqiht|\u80fd\u4e0d\u80fd\u6765\u4e2act\n|\n|t:|1682773052\n|move|p1b: Dnite|Dragon Darts|p2a: Amoonguss\n|-damage|p2a: Amoonguss|36\/100\n|-anim|p1b: Dnite|Dragon Darts|p2a: Amoonguss\n|-damage|p2a: Amoonguss|7\/100\n|move|p2a: Amoonguss|Spore|p1b: Dnite\n|-status|p1b: Dnite|slp|[from] move: Spore\n|\n|upkeep\n|turn|7\n|\n|t:|1682773056\n|cant|p1b: Dnite|slp\n|move|p2a: Amoonguss|Pollen Puff|p1b: Dnite\n|-resisted|p1b: Dnite\n|-damage|p1b: Dnite|0 fnt\n|faint|p1b: Dnite\n|\n|win|pokemon homo\n","uploadtime":1682773062,"views":21,"p1id":"xqiht","p2id":"pokemonhomo","formatid":"gen9vgc2023regulationc","rating":0,"private":0,"password":""}