{"id":"gen9vgc2023regulationc-1848414346","p1":"la-scamorza","p2":"everycolour","format":"[Gen 9] VGC 2023 Regulation C","log":"|j|\u2606la-scamorza\n|j|\u2606everycolour\n|t:|1682074833\n|gametype|doubles\n|player|p1|la-scamorza|102|1144\n|player|p2|everycolour|265|1167\n|teamsize|p1|6\n|teamsize|p2|6\n|gen|9\n|tier|[Gen 9] VGC 2023 Regulation C\n|rated|\n|rule|Species Clause: Limit one of each Pok\u00e9mon\n|rule|Item Clause: Limit one of each item\n|clearpoke\n|poke|p1|Garganacl, L50, M|\n|poke|p1|Ting-Lu, L50|\n|poke|p1|Wo-Chien, L50|\n|poke|p1|Scovillain, L50, M|\n|poke|p1|Indeedee-F, L50, F|\n|poke|p1|Abomasnow, L50, F|\n|poke|p2|Palafin, L50, F|\n|poke|p2|Chien-Pao, L50|\n|poke|p2|Dragapult, L50, M|\n|poke|p2|Amoonguss, L50, M|\n|poke|p2|Arcanine, L50, M|\n|poke|p2|Flutter Mane, L50|\n|teampreview|4\n|inactive|Battle timer is ON: inactive players will automatically lose when time's up. (requested by everycolour)\nla-scamorza rejected open team sheets.\n|\n|t:|1682074861\n|start\n|switch|p1a: Wo-Chien|Wo-Chien, L50|100\/100\n|switch|p1b: Garganacl|Garganacl, L50, M|100\/100\n|switch|p2a: Dozo|Palafin, L50, F|100\/100\n|switch|p2b: ChiYu|Arcanine, L50, M|100\/100\n|-ability|p2b: ChiYu|Intimidate|boost\n|-unboost|p1a: Wo-Chien|atk|1\n|-unboost|p1b: Garganacl|atk|1\n|-ability|p1a: Wo-Chien|Tablets of Ruin\n|turn|1\n|\n|t:|1682074884\n|switch|p2b: Bundle|Chien-Pao, L50|100\/100\n|-ability|p2b: Bundle|Sword of Ruin\n|detailschange|p2a: Dozo|Palafin-Hero, L50, F\n|switch|p2a: Dnite|Dragapult, L50, M|100\/100\n|move|p1a: Wo-Chien|Leech Seed|p2a: Dnite\n|-start|p2a: Dnite|move: Leech Seed\n|move|p1b: Garganacl|Salt Cure|p2b: Bundle\n|-supereffective|p2b: Bundle\n|-damage|p2b: Bundle|80\/100\n|-start|p2b: Bundle|Salt Cure\n|\n|-damage|p2a: Dnite|88\/100|[from] Leech Seed|[of] p1a: Wo-Chien\n|-damage|p2b: Bundle|68\/100|[from] Salt Cure\n|upkeep\n|turn|2\n|inactive|la-scamorza has 30 seconds left.\n|\n|t:|1682074918\n|switch|p2a: ChiYu|Arcanine, L50, M|100\/100\n|-ability|p2a: ChiYu|Intimidate|boost\n|-unboost|p1a: Wo-Chien|atk|1\n|-unboost|p1b: Garganacl|atk|1\n|switch|p2b: Dozo|Palafin-Hero, L50, F|100\/100\n|-activate|p2b: Dozo|ability: Zero to Hero\n|-terastallize|p1a: Wo-Chien|Poison\n|move|p1a: Wo-Chien|Foul Play|p2a: ChiYu\n|-damage|p2a: ChiYu|62\/100\n|move|p1b: Garganacl|Body Press|p2b: Dozo\n|-damage|p2b: Dozo|81\/100\n|\n|upkeep\n|turn|3\n|inactive|la-scamorza has 30 seconds left.\n|inactive|everycolour has 30 seconds left.\n|\n|t:|1682074949\n|-terastallize|p2b: Dozo|Water\n|move|p2a: ChiYu|Will-O-Wisp|p1a: Wo-Chien\n|-status|p1a: Wo-Chien|brn\n|move|p2b: Dozo|Wave Crash|p1b: Garganacl\n|-supereffective|p1b: Garganacl\n|-damage|p1b: Garganacl|0 fnt\n|faint|p1b: Garganacl\n|-damage|p2b: Dozo|48\/100|[from] Recoil\n|move|p1a: Wo-Chien|Leech Seed|p2b: Dozo|[miss]\n|-miss|p1a: Wo-Chien|p2b: Dozo\n|\n|-damage|p1a: Wo-Chien|94\/100 brn|[from] brn\n|upkeep\n|\n|t:|1682074965\n|switch|p1b: Scovillain|Scovillain, L50, M|100\/100\n|turn|4\n|inactive|everycolour has 30 seconds left.\n|inactive|everycolour has 20 seconds left.\n|inactive|everycolour has 15 seconds left.\n|\n|t:|1682075008\n|switch|p2a: Dnite|Dragapult, L50, M|88\/100\n|move|p1b: Scovillain|Protect|p1b: Scovillain\n|-singleturn|p1b: Scovillain|Protect\n|move|p2b: Dozo|Protect|p2b: Dozo\n|-singleturn|p2b: Dozo|Protect\n|move|p1a: Wo-Chien|Leech Seed|p2a: Dnite\n|-start|p2a: Dnite|move: Leech Seed\n|\n|-heal|p1a: Wo-Chien|100\/100 brn|[from] item: Leftovers\n|-damage|p2a: Dnite|75\/100|[from] Leech Seed|[of] p1a: Wo-Chien\n|-damage|p1a: Wo-Chien|94\/100 brn|[from] brn\n|-ability|p1b: Scovillain|Moody|boost\n|-boost|p1b: Scovillain|def|2\n|-unboost|p1b: Scovillain|spd|1\n|upkeep\n|turn|5\n|inactive|la-scamorza has 30 seconds left.\n|\n|t:|1682075035\n|move|p2a: Dnite|Phantom Force||[still]\n|-prepare|p2a: Dnite|Phantom Force\n|move|p1b: Scovillain|Substitute|p1b: Scovillain\n|-start|p1b: Scovillain|Substitute\n|-damage|p1b: Scovillain|76\/100\n|move|p2b: Dozo|Wave Crash|p1b: Scovillain\n|-end|p1b: Scovillain|Substitute\n|-damage|p2b: Dozo|42\/100|[from] Recoil|[of] p1b: Scovillain\n|move|p1a: Wo-Chien|Leech Seed|p2b: Dozo\n|-start|p2b: Dozo|move: Leech Seed\n|\n|-heal|p1a: Wo-Chien|100\/100 brn|[from] item: Leftovers\n|-damage|p2a: Dnite|63\/100|[from] Leech Seed|[of] p1a: Wo-Chien\n|-damage|p2b: Dozo|29\/100|[from] Leech Seed|[of] p1a: Wo-Chien\n|-damage|p1a: Wo-Chien|94\/100 brn|[from] brn\n|-ability|p1b: Scovillain|Moody|boost\n|-boost|p1b: Scovillain|spd|2\n|-unboost|p1b: Scovillain|atk|1\n|upkeep\n|turn|6\n|inactive|la-scamorza has 30 seconds left.\n|\n|t:|1682075065\n|move|p1b: Scovillain|Protect|p1b: Scovillain\n|-singleturn|p1b: Scovillain|Protect\n|move|p2a: Dnite|Phantom Force|p1a: Wo-Chien|[from]lockedmove\n|-crit|p1a: Wo-Chien\n|-damage|p1a: Wo-Chien|43\/100 brn\n|move|p2b: Dozo|Wave Crash|p1a: Wo-Chien\n|-damage|p1a: Wo-Chien|0 fnt\n|faint|p1a: Wo-Chien\n|-damage|p2b: Dozo|16\/100|[from] Recoil\n|\n|-ability|p1b: Scovillain|Moody|boost\n|-boost|p1b: Scovillain|spa|2\n|-unboost|p1b: Scovillain|atk|1\n|upkeep\n|\n|t:|1682075077\n|switch|p1a: Abomasnow|Abomasnow, L50, F|100\/100\n|-weather|Snow|[from] ability: Snow Warning|[of] p1a: Abomasnow\n|turn|7\n|\n|t:|1682075095\n|switch|p2a: ChiYu|Arcanine, L50, M|62\/100\n|-ability|p2a: ChiYu|Intimidate|boost\n|-unboost|p1a: Abomasnow|atk|1\n|-unboost|p1b: Scovillain|atk|1\n|switch|p2b: Bundle|Chien-Pao, L50|68\/100\n|-ability|p2b: Bundle|Sword of Ruin\n|move|p1b: Scovillain|Giga Drain|p2b: Bundle\n|-damage|p2b: Bundle|0 fnt\n|-heal|p1b: Scovillain|100\/100|[from] drain|[of] p2b: Bundle\n|faint|p2b: Bundle\n|move|p1a: Abomasnow|Aurora Veil|p1a: Abomasnow\n|-sidestart|p1: la-scamorza|move: Aurora Veil\n|\n|-weather|Snow|[upkeep]\n|-ability|p1b: Scovillain|Moody|boost\n|-boost|p1b: Scovillain|spe|2\n|-unboost|p1b: Scovillain|spa|1\n|upkeep\n|\n|t:|1682075111\n|switch|p2b: Dozo|Palafin-Hero, L50, F, tera:Water|16\/100\n|turn|8\n|\n|t:|1682075123\n|move|p2a: ChiYu|Protect|p2a: ChiYu\n|-singleturn|p2a: ChiYu|Protect\n|move|p2b: Dozo|Protect|p2b: Dozo\n|-singleturn|p2b: Dozo|Protect\n|move|p1b: Scovillain|Giga Drain|p2b: Dozo\n|-activate|p2b: Dozo|move: Protect\n|move|p1a: Abomasnow|Leech Seed|p2a: ChiYu\n|-activate|p2a: ChiYu|move: Protect\n|\n|-weather|Snow|[upkeep]\n|-ability|p1b: Scovillain|Moody|boost\n|-boost|p1b: Scovillain|def|2\n|-unboost|p1b: Scovillain|spd|1\n|upkeep\n|turn|9\n|\n|t:|1682075138\n|move|p1b: Scovillain|Giga Drain|p2b: Dozo\n|-supereffective|p2b: Dozo\n|-damage|p2b: Dozo|0 fnt\n|faint|p2b: Dozo\n|move|p2a: ChiYu|Flare Blitz|p1a: Abomasnow\n|-supereffective|p1a: Abomasnow\n|-damage|p1a: Abomasnow|30\/100\n|-status|p1a: Abomasnow|brn\n|-damage|p2a: ChiYu|38\/100|[from] Recoil\n|move|p1a: Abomasnow|Leech Seed|p2a: ChiYu\n|-start|p2a: ChiYu|move: Leech Seed\n|\n|-weather|Snow|[upkeep]\n|-damage|p2a: ChiYu|26\/100|[from] Leech Seed|[of] p1a: Abomasnow\n|-heal|p1a: Abomasnow|42\/100 brn|[silent]\n|-damage|p1a: Abomasnow|36\/100 brn|[from] brn\n|-ability|p1b: Scovillain|Moody|boost\n|-boost|p1b: Scovillain|spe|2\n|-unboost|p1b: Scovillain|def|1\n|upkeep\n|\n|t:|1682075153\n|switch|p2b: Dnite|Dragapult, L50, M|63\/100\n|turn|10\n|inactive|everycolour has 30 seconds left.\n|\n|t:|1682075179\n|move|p2a: ChiYu|Protect|p2a: ChiYu\n|-singleturn|p2a: ChiYu|Protect\n|move|p1b: Scovillain|Giga Drain|p2b: Dnite\n|-resisted|p2b: Dnite\n|-damage|p2b: Dnite|30\/100\n|move|p2b: Dnite|U-turn|p1a: Abomasnow\n|-supereffective|p1a: Abomasnow\n|-damage|p1a: Abomasnow|10\/100 brn\n|move|p1a: Abomasnow|Blizzard|p2b: Dnite|[spread] p2b\n|-activate|p2a: ChiYu|move: Protect\n|-supereffective|p2b: Dnite\n|-damage|p2b: Dnite|0 fnt\n|faint|p2b: Dnite\n|\n|-weather|Snow|[upkeep]\n|-damage|p2a: ChiYu|14\/100|[from] Leech Seed|[of] p1a: Abomasnow\n|-heal|p1a: Abomasnow|22\/100 brn|[silent]\n|-damage|p1a: Abomasnow|16\/100 brn|[from] brn\n|-ability|p1b: Scovillain|Moody|boost\n|-boost|p1b: Scovillain|spe|2\n|-unboost|p1b: Scovillain|atk|1\n|upkeep\n|turn|11\n|-message|everycolour forfeited.\n|\n|win|la-scamorza\n|raw|la-scamorza's rating: 1144 → 1171<\/strong> (+27 for winning)\n|raw|everycolour's rating: 1167 → 1140<\/strong> (-27 for losing)\n|l|\u2606everycolour\n","uploadtime":1682075204,"views":16,"p1id":"lascamorza","p2id":"everycolour","formatid":"gen9vgc2023regulationc","rating":1140,"private":0,"password":""}