{"id":"gen9vgc2023regulationc-1846111224","p1":"looserdobest","p2":"Zero possibilita","format":"[Gen 9] VGC 2023 Regulation C","log":"|j|\u2606looserdobest\n|j|\u2606Zero possibilita\n|t:|1681808023\n|gametype|doubles\n|player|p1|looserdobest|li|1314\n|player|p2|Zero possibilita|266|1350\n|teamsize|p1|6\n|teamsize|p2|6\n|gen|9\n|tier|[Gen 9] VGC 2023 Regulation C\n|rated|\n|rule|Species Clause: Limit one of each Pok\u00e9mon\n|rule|Item Clause: Limit one of each item\n|clearpoke\n|poke|p1|Gholdengo, L50|\n|poke|p1|Amoonguss, L50, M|\n|poke|p1|Flutter Mane, L50|\n|poke|p1|Ting-Lu, L50|\n|poke|p1|Arcanine, L50, M|\n|poke|p1|Gyarados, L50, M|\n|poke|p2|Annihilape, L50, M|\n|poke|p2|Maushold-Four, L50|\n|poke|p2|Flutter Mane, L50|\n|poke|p2|Amoonguss, L50, M|\n|poke|p2|Scizor, L50, M|\n|poke|p2|Iron Bundle, L50|\n|teampreview|4\n|inactive|Battle timer is ON: inactive players will automatically lose when time's up. (requested by Zero possibilita)\n|\n|t:|1681808060\n|start\n|switch|p1a: Gholdengo|Gholdengo, L50|100\/100\n|switch|p1b: Flutter Mane|Flutter Mane, L50|100\/100\n|switch|p2a: Iron Bundle|Iron Bundle, L50|100\/100\n|switch|p2b: Amoonguss|Amoonguss, L50, M|100\/100\n|-enditem|p2a: Iron Bundle|Booster Energy\n|-activate|p2a: Iron Bundle|ability: Quark Drive|[fromitem]\n|-start|p2a: Iron Bundle|quarkdrivespe\n|-enditem|p1b: Flutter Mane|Booster Energy\n|-activate|p1b: Flutter Mane|ability: Protosynthesis|[fromitem]\n|-start|p1b: Flutter Mane|protosynthesisspe\n|turn|1\n|inactive|Zero possibilita has 30 seconds left.\n|inactive|Zero possibilita has 20 seconds left.\n|inactive|Zero possibilita has 15 seconds left.\n|\n|t:|1681808102\n|move|p2a: Iron Bundle|Protect|p2a: Iron Bundle\n|-singleturn|p2a: Iron Bundle|Protect\n|move|p1b: Flutter Mane|Shadow Ball|p2a: Iron Bundle\n|-activate|p2a: Iron Bundle|move: Protect\n|move|p1a: Gholdengo|Nasty Plot|p1a: Gholdengo\n|-boost|p1a: Gholdengo|spa|2\n|move|p2b: Amoonguss|Spore|p1b: Flutter Mane\n|-status|p1b: Flutter Mane|slp|[from] move: Spore\n|\n|upkeep\n|turn|2\n|inactive|Zero possibilita has 30 seconds left.\n|inactive|Zero possibilita has 20 seconds left.\n|\n|t:|1681808140\n|move|p2b: Amoonguss|Protect|p2b: Amoonguss\n|-singleturn|p2b: Amoonguss|Protect\n|move|p2a: Iron Bundle|Hydro Pump|p1a: Gholdengo\n|-damage|p1a: Gholdengo|46\/100\n|cant|p1b: Flutter Mane|slp\n|move|p1a: Gholdengo|Make It Rain|p2a: Iron Bundle|[spread] p2a\n|-activate|p2b: Amoonguss|move: Protect\n|-damage|p2a: Iron Bundle|0 fnt\n|-unboost|p1a: Gholdengo|spa|1\n|faint|p2a: Iron Bundle\n|-end|p2a: Iron Bundle|Quark Drive|[silent]\n|\n|-heal|p1a: Gholdengo|52\/100|[from] item: Leftovers\n|upkeep\n|\n|t:|1681808159\n|switch|p2a: Flutter Mane|Flutter Mane, L50|100\/100\n|turn|3\n|\n|t:|1681808185\n|-terastallize|p2a: Flutter Mane|Fairy\n|cant|p1b: Flutter Mane|slp\n|move|p2a: Flutter Mane|Shadow Ball|p1a: Gholdengo\n|-supereffective|p1a: Gholdengo\n|-damage|p1a: Gholdengo|0 fnt\n|faint|p1a: Gholdengo\n|move|p2b: Amoonguss|Pollen Puff|p1b: Flutter Mane\n|-resisted|p1b: Flutter Mane\n|-damage|p1b: Flutter Mane|96\/100 slp\n|\n|upkeep\n|\n|t:|1681808199\n|switch|p1a: Ting-Lu|Ting-Lu, L50|100\/100\n|-ability|p1a: Ting-Lu|Vessel of Ruin\n|turn|4\n|\n|t:|1681808213\n|-terastallize|p1a: Ting-Lu|Water\n|cant|p1b: Flutter Mane|slp\n|move|p2a: Flutter Mane|Moonblast|p1a: Ting-Lu\n|-damage|p1a: Ting-Lu|82\/100\n|move|p1a: Ting-Lu|Heavy Slam|p2a: Flutter Mane\n|-supereffective|p2a: Flutter Mane\n|-enditem|p2a: Flutter Mane|Focus Sash\n|-damage|p2a: Flutter Mane|1\/100\n|move|p2b: Amoonguss|Spore|p1b: Flutter Mane\n|-fail|p1b: Flutter Mane|slp\n|\n|upkeep\n|turn|5\n|inactive|Zero possibilita has 30 seconds left.\n|\n|t:|1681808243\n|move|p2a: Flutter Mane|Protect|p2a: Flutter Mane\n|-singleturn|p2a: Flutter Mane|Protect\n|-curestatus|p1b: Flutter Mane|slp|[msg]\n|move|p1b: Flutter Mane|Dazzling Gleam|p2b: Amoonguss|[spread] p2b\n|-activate|p2a: Flutter Mane|move: Protect\n|-resisted|p2b: Amoonguss\n|-damage|p2b: Amoonguss|91\/100\n|move|p1a: Ting-Lu|Ruination|p2b: Amoonguss\n|-damage|p2b: Amoonguss|46\/100\n|-enditem|p2b: Amoonguss|Sitrus Berry|[eat]\n|-heal|p2b: Amoonguss|70\/100|[from] item: Sitrus Berry\n|move|p2b: Amoonguss|Spore|p1b: Flutter Mane\n|-status|p1b: Flutter Mane|slp|[from] move: Spore\n|\n|upkeep\n|turn|6\n|inactive|Zero possibilita has 30 seconds left.\n|\n|t:|1681808270\n|cant|p1b: Flutter Mane|slp\n|move|p2a: Flutter Mane|Shadow Ball|p1b: Flutter Mane\n|-supereffective|p1b: Flutter Mane\n|-damage|p1b: Flutter Mane|36\/100 slp\n|move|p1a: Ting-Lu|Ruination|p2b: Amoonguss\n|-damage|p2b: Amoonguss|36\/100\n|move|p2b: Amoonguss|Spore|p1a: Ting-Lu\n|-status|p1a: Ting-Lu|slp|[from] move: Spore\n|\n|upkeep\n|turn|7\n|\n|t:|1681808290\n|switch|p1a: Amoonguss|Amoonguss, L50, M, shiny|100\/100\n|switch|p2b: Scizor|Scizor, L50, M|100\/100\n|cant|p1b: Flutter Mane|slp\n|move|p2a: Flutter Mane|Shadow Ball|p1b: Flutter Mane\n|-supereffective|p1b: Flutter Mane\n|-damage|p1b: Flutter Mane|0 fnt\n|faint|p1b: Flutter Mane\n|-end|p1b: Flutter Mane|Protosynthesis|[silent]\n|\n|upkeep\n|\n|t:|1681808298\n|switch|p1b: Ting-Lu|Ting-Lu, L50, tera:Water|82\/100 slp\n|-ability|p1b: Ting-Lu|Vessel of Ruin\n|turn|8\n|\n|t:|1681808316\n|move|p2a: Flutter Mane|Thunderbolt|p1b: Ting-Lu\n|-supereffective|p1b: Ting-Lu\n|-damage|p1b: Ting-Lu|64\/100 slp\n|move|p2b: Scizor|U-turn|p1a: Amoonguss\n|-damage|p1a: Amoonguss|61\/100\n|-damage|p2b: Scizor|91\/100|[from] item: Life Orb\n|\n|t:|1681808322\n|switch|p2b: Amoonguss|Amoonguss, L50, M|69\/100|[from] U-turn\n|cant|p1b: Ting-Lu|slp\n|move|p1a: Amoonguss|Spore|p2b: Amoonguss\n|-immune|p2b: Amoonguss\n|\n|upkeep\n|turn|9\n|\n|t:|1681808344\n|move|p2a: Flutter Mane|Shadow Ball|p1a: Amoonguss\n|-damage|p1a: Amoonguss|34\/100\n|cant|p1b: Ting-Lu|slp\n|move|p2b: Amoonguss|Pollen Puff|p2a: Flutter Mane\n|-heal|p2a: Flutter Mane|51\/100\n|move|p1a: Amoonguss|Pollen Puff|p1b: Ting-Lu\n|-heal|p1b: Ting-Lu|100\/100 slp\n|\n|upkeep\n|turn|10\n|-message|looserdobest forfeited.\n|\n|win|Zero possibilita\n|raw|looserdobest's rating: 1314 → 1296<\/strong> (-18 for losing)\n|raw|Zero possibilita's rating: 1350 → 1368<\/strong> (+18 for winning)\n|l|\u2606looserdobest\n","uploadtime":1681808361,"views":15,"p1id":"looserdobest","p2id":"zeropossibilita","formatid":"gen9vgc2023regulationc","rating":1296,"private":0,"password":""}