{"id":"gen9vgc2023regulationc-1847963320","p1":"Jonge","p2":"muddyswamppert","format":"[Gen 9] VGC 2023 Regulation C","log":"|j|\u2606Jonge\n|j|\u2606muddyswamppert\n|t:|1682016259\n|gametype|doubles\n|player|p1|Jonge|169|1166\n|player|p2|muddyswamppert|cynthia-gen4|1118\n|teamsize|p1|6\n|teamsize|p2|6\n|gen|9\n|tier|[Gen 9] VGC 2023 Regulation C\n|rated|\n|rule|Species Clause: Limit one of each Pok\u00e9mon\n|rule|Item Clause: Limit one of each item\n|clearpoke\n|poke|p1|Arcanine, L50, F|\n|poke|p1|Ting-Lu, L50|\n|poke|p1|Chien-Pao, L50|\n|poke|p1|Garganacl, L50, M|\n|poke|p1|Amoonguss, L50, F|\n|poke|p1|Palafin, L50, M|\n|poke|p2|Baxcalibur, L50, M|\n|poke|p2|Orthworm, L50, F|\n|poke|p2|Amoonguss, L50, F|\n|poke|p2|Ceruledge, L50, F|\n|poke|p2|Dondozo, L50, M|\n|poke|p2|Tatsugiri, L50, F|\n|teampreview|4\n|inactive|Battle timer is ON: inactive players will automatically lose when time's up. (requested by muddyswamppert)\n|inactive|Jonge has 60 seconds left.\n|\n|t:|1682016293\n|start\n|switch|p1a: Arcanine|Arcanine, L50, F|100\/100\n|switch|p1b: Palafin|Palafin, L50, M|100\/100\n|switch|p2a: Orthworm|Orthworm, L50, F|100\/100\n|switch|p2b: Amoonguss|Amoonguss, L50, F|100\/100\n|-ability|p1a: Arcanine|Intimidate|boost\n|-unboost|p2a: Orthworm|atk|1\n|-unboost|p2b: Amoonguss|atk|1\n|turn|1\n|\n|t:|1682016313\n|move|p1b: Palafin|Protect|p1b: Palafin\n|-singleturn|p1b: Palafin|Protect\n|move|p2b: Amoonguss|Rage Powder|p2b: Amoonguss\n|-singleturn|p2b: Amoonguss|move: Rage Powder\n|move|p1a: Arcanine|Flare Blitz|p2a: Orthworm\n|-supereffective|p2a: Orthworm\n|-damage|p2a: Orthworm|43\/100\n|-enditem|p2a: Orthworm|Sitrus Berry|[eat]\n|-heal|p2a: Orthworm|68\/100|[from] item: Sitrus Berry\n|-damage|p1a: Arcanine|83\/100|[from] Recoil\n|move|p2a: Orthworm|Shed Tail|p2a: Orthworm\n|-start|p2a: Orthworm|Substitute|[from] move: Shed Tail\n|-damage|p2a: Orthworm|17\/100\n|\n|t:|1682016329\n|switch|p2a: Baxcalibur|Baxcalibur, L50, M|100\/100|[from] Shed Tail\n|\n|upkeep\n|turn|2\n|\n|t:|1682016341\n|move|p1b: Palafin|Jet Punch|p2a: Baxcalibur\n|-resisted|p2a: Baxcalibur\n|-activate|p2a: Baxcalibur|move: Substitute|[damage]\n|move|p2a: Baxcalibur|Dragon Dance|p2a: Baxcalibur\n|-boost|p2a: Baxcalibur|atk|1\n|-boost|p2a: Baxcalibur|spe|1\n|move|p1a: Arcanine|Flare Blitz|p2b: Amoonguss\n|-supereffective|p2b: Amoonguss\n|-damage|p2b: Amoonguss|0 fnt\n|faint|p2b: Amoonguss\n|-damage|p1a: Arcanine|46\/100|[from] Recoil\n|\n|upkeep\n|\n|t:|1682016355\n|switch|p2b: Ceruledge|Ceruledge, L50, F|100\/100\n|turn|3\n|\n|t:|1682016364\n|detailschange|p1b: Palafin|Palafin-Hero, L50, M\n|switch|p1b: Ting-Lu|Ting-Lu, L50|100\/100\n|-ability|p1b: Ting-Lu|Vessel of Ruin\n|move|p2b: Ceruledge|Protect|p2b: Ceruledge\n|-singleturn|p2b: Ceruledge|Protect\n|move|p2a: Baxcalibur|Earthquake|p1a: Arcanine|[spread] p1a,p1b\n|-activate|p2b: Ceruledge|move: Protect\n|-supereffective|p1a: Arcanine\n|-damage|p1a: Arcanine|0 fnt\n|-damage|p1b: Ting-Lu|74\/100\n|faint|p1a: Arcanine\n|\n|upkeep\n|\n|t:|1682016379\n|switch|p1a: Palafin|Palafin-Hero, L50, M|100\/100\n|-activate|p1a: Palafin|ability: Zero to Hero\n|turn|4\n|inactive|Jonge has 30 seconds left.\n|\n|t:|1682016405\n|move|p1a: Palafin|Jet Punch|p2a: Baxcalibur\n|-resisted|p2a: Baxcalibur\n|-end|p2a: Baxcalibur|Substitute\n|move|p2a: Baxcalibur|Glaive Rush|p1a: Palafin\n|-damage|p1a: Palafin|0 fnt\n|-singlemove|p2a: Baxcalibur|Glaive Rush|[silent]\n|faint|p1a: Palafin\n|move|p2b: Ceruledge|Bulk Up|p2b: Ceruledge\n|-boost|p2b: Ceruledge|atk|1\n|-boost|p2b: Ceruledge|def|1\n|move|p1b: Ting-Lu|Stomping Tantrum|p2a: Baxcalibur\n|-damage|p2a: Baxcalibur|24\/100\n|\n|upkeep\n|\n|t:|1682016415\n|switch|p1a: Garganacl|Garganacl, L50, M|100\/100\n|turn|5\n|\n|t:|1682016433\n|move|p2a: Baxcalibur|Icicle Spear|p1b: Ting-Lu\n|-supereffective|p1b: Ting-Lu\n|-damage|p1b: Ting-Lu|45\/100\n|-supereffective|p1b: Ting-Lu\n|-damage|p1b: Ting-Lu|16\/100\n|-supereffective|p1b: Ting-Lu\n|-damage|p1b: Ting-Lu|0 fnt\n|faint|p1b: Ting-Lu\n|-hitcount|p1: Ting-Lu|3\n|move|p2b: Ceruledge|Bitter Blade|p1a: Garganacl\n|-resisted|p1a: Garganacl\n|-damage|p1a: Garganacl|76\/100\n|-damage|p2b: Ceruledge|91\/100|[from] item: Life Orb\n|move|p1a: Garganacl|Salt Cure|p2b: Ceruledge\n|-supereffective|p2b: Ceruledge\n|-damage|p2b: Ceruledge|68\/100\n|-start|p2b: Ceruledge|Salt Cure\n|\n|-heal|p1a: Garganacl|82\/100|[from] item: Leftovers\n|-damage|p2b: Ceruledge|55\/100|[from] Salt Cure\n|upkeep\n|turn|6\n|\n|t:|1682016453\n|-terastallize|p2a: Baxcalibur|Dragon\n|move|p2b: Ceruledge|Shadow Sneak|p1a: Garganacl\n|-damage|p1a: Garganacl|71\/100\n|-damage|p2b: Ceruledge|46\/100|[from] item: Life Orb\n|move|p2a: Baxcalibur|Glaive Rush|p1a: Garganacl\n|-crit|p1a: Garganacl\n|-damage|p1a: Garganacl|0 fnt\n|-singlemove|p2a: Baxcalibur|Glaive Rush|[silent]\n|faint|p1a: Garganacl\n|\n|win|muddyswamppert\n|raw|Jonge's rating: 1166 → 1138<\/strong> (-28 for losing)\n|raw|muddyswamppert's rating: 1118 → 1146<\/strong> (+28 for winning)\n|l|\u2606Jonge\n|c|\u2606muddyswamppert|gg\n","uploadtime":1682016473,"views":15,"p1id":"jonge","p2id":"muddyswamppert","formatid":"gen9vgc2023regulationc","rating":1138,"private":0,"password":""}