{"id":"gen9vgc2023regulationc-1855596781","p1":"nomis1","p2":"esotilin123456","format":"[Gen 9] VGC 2023 Regulation C","log":"|j|\u2606nomis1\n|j|\u2606esotilin123456\n|t:|1682965170\n|gametype|doubles\n|player|p1|nomis1|nate|\n|player|p2|esotilin123456|hilbert-wonderlauncher|\n|teamsize|p1|6\n|teamsize|p2|6\n|gen|9\n|tier|[Gen 9] VGC 2023 Regulation C\n|rated|Tournament battle\n|rule|Species Clause: Limit one of each Pok\u00e9mon\n|rule|Item Clause: Limit one of each item\n|clearpoke\n|poke|p1|Palafin, L50, M|\n|poke|p1|Arcanine, L50, M|\n|poke|p1|Amoonguss, L50, M|\n|poke|p1|Baxcalibur, L50, M|\n|poke|p1|Flutter Mane, L50|\n|poke|p1|Kingambit, L50, F|\n|poke|p2|Arcanine, L50, M|\n|poke|p2|Gastrodon, L50, F|\n|poke|p2|Rotom-Mow, L50|\n|poke|p2|Tyranitar, L50, M|\n|poke|p2|Corviknight, L50, M|\n|poke|p2|Salamence, L50, M|\n|teampreview|4\n|raw| Open Team Sheet for nomis1<\/summary>Palafin @ Mystic Water Ability: Zero to Hero Level: 50 Tera Type: Water - Protect - Wave Crash - Drain Punch - Jet Punch Arcanine @ Safety Goggles Ability: Intimidate Level: 50 Tera Type: Water - Extreme Speed - Flare Blitz - Howl - Will-O-Wisp Amoonguss @ Sitrus Berry Ability: Regenerator Level: 50 Tera Type: Water - Spore - Pollen Puff - Clear Smog - Rage Powder Baxcalibur @ Assault Vest Ability: Thermal Exchange Level: 50 Tera Type: Steel - Iron Head - Icicle Crash - Glaive Rush - Ice Shard Flutter Mane @ Choice Specs Ability: Protosynthesis Level: 50 Tera Type: Fairy - Dazzling Gleam - Shadow Ball - Moonblast - Thunderbolt Kingambit @ Lum Berry Ability: Defiant Level: 50 Tera Type: Flying - Kowtow Cleave - Sucker Punch - Swords Dance - Protect <\/details><\/div> Open Team Sheet for esotilin123456<\/summary>good boi (Arcanine) (M) @ Assault Vest Ability: Intimidate Level: 50 Tera Type: Grass - Flare Blitz - Extreme Speed - Snarl - Close Combat GROHAHSHSHSH (Gastrodon) (F) @ Leftovers Ability: Storm Drain Level: 50 Tera Type: Fire - Protect - Yawn - Ice Beam - Earth Power IRON MUGULIS (Rotom-Mow) @ Sitrus Berry Ability: Levitate Level: 50 Tera Type: Electric - Protect - Will-O-Wisp - Thunderbolt - Leaf Storm Great Tyrant (Tyranitar) (M) @ Chople Berry Ability: Sand Stream Level: 50 Shiny: Yes Tera Type: Rock - Protect - Rock Slide - Crunch - Ice Punch IRON BIRD (Corviknight) @ Aguav Berry Ability: Mirror Armor Level: 50 Tera Type: Fire - Protect - Bulk Up - Brave Bird - Roost RORAAAHOHHHH (Salamence) @ Life Orb Ability: Intimidate Level: 50 Tera Type: Fire - Protect - Tailwind - Draco Meteor - Flamethrower <\/details><\/div>\n|inactive|Battle timer is ON: inactive players will automatically lose when time's up. (requested by nomis1)\n|\n|t:|1682965245\n|start\n|switch|p1a: Baxcalibur|Baxcalibur, L50, M|100\/100\n|switch|p1b: Flutter Mane|Flutter Mane, L50|100\/100\n|switch|p2a: GROHAHSHSHSH|Gastrodon, L50, F|100\/100\n|switch|p2b: IRON MUGULIS|Rotom-Mow, L50|100\/100\n|turn|1\n|inactive|nomis1 has 30 seconds left.\n|inactive|esotilin123456 has 30 seconds left.\n|\n|t:|1682965280\n|switch|p2b: Great Tyrant|Tyranitar, L50, M, shiny|100\/100\n|-weather|Sandstorm|[from] ability: Sand Stream|[of] p2b: Great Tyrant\n|move|p2a: GROHAHSHSHSH|Protect|p2a: GROHAHSHSHSH\n|-singleturn|p2a: GROHAHSHSHSH|Protect\n|move|p1b: Flutter Mane|Dazzling Gleam|p2b: Great Tyrant|[spread] p2b\n|-activate|p2a: GROHAHSHSHSH|move: Protect\n|-supereffective|p2b: Great Tyrant\n|-damage|p2b: Great Tyrant|53\/100\n|move|p1a: Baxcalibur|Glaive Rush|p2a: GROHAHSHSHSH\n|-activate|p2a: GROHAHSHSHSH|move: Protect\n|\n|-weather|Sandstorm|[upkeep]\n|-damage|p1b: Flutter Mane|95\/100|[from] Sandstorm\n|-damage|p1a: Baxcalibur|95\/100|[from] Sandstorm\n|upkeep\n|turn|2\n|inactive|nomis1 has 30 seconds left.\n|inactive|nomis1 has 20 seconds left.\n|\n|t:|1682965317\n|-terastallize|p2b: Great Tyrant|Rock\n|move|p1a: Baxcalibur|Ice Shard|p2b: Great Tyrant\n|-damage|p2b: Great Tyrant|32\/100\n|move|p1b: Flutter Mane|Dazzling Gleam|p2a: GROHAHSHSHSH|[spread] p2a,p2b\n|-damage|p2a: GROHAHSHSHSH|60\/100\n|-damage|p2b: Great Tyrant|8\/100\n|move|p2b: Great Tyrant|Rock Slide|p1a: Baxcalibur|[spread] p1a,p1b\n|-supereffective|p1a: Baxcalibur\n|-damage|p1a: Baxcalibur|15\/100\n|-damage|p1b: Flutter Mane|39\/100\n|move|p2a: GROHAHSHSHSH|Earth Power|p1b: Flutter Mane\n|-damage|p1b: Flutter Mane|3\/100\n|\n|-weather|Sandstorm|[upkeep]\n|-damage|p1b: Flutter Mane|0 fnt|[from] Sandstorm\n|-damage|p1a: Baxcalibur|9\/100|[from] Sandstorm\n|faint|p1b: Flutter Mane\n|-end|p1b: Flutter Mane|Protosynthesis|[silent]\n|-heal|p2a: GROHAHSHSHSH|66\/100|[from] item: Leftovers\n|upkeep\n|\n|t:|1682965336\n|switch|p1b: Amoonguss|Amoonguss, L50, M|100\/100\n|turn|3\n|\n|t:|1682965359\n|move|p1a: Baxcalibur|Ice Shard|p2b: Great Tyrant\n|-damage|p2b: Great Tyrant|0 fnt\n|faint|p2b: Great Tyrant\n|move|p2a: GROHAHSHSHSH|Ice Beam|p1a: Baxcalibur\n|-damage|p1a: Baxcalibur|0 fnt\n|faint|p1a: Baxcalibur\n|move|p1b: Amoonguss|Spore|p2a: GROHAHSHSHSH\n|-status|p2a: GROHAHSHSHSH|slp|[from] move: Spore\n|\n|-weather|Sandstorm|[upkeep]\n|-damage|p1b: Amoonguss|95\/100|[from] Sandstorm\n|-heal|p2a: GROHAHSHSHSH|73\/100 slp|[from] item: Leftovers\n|upkeep\n|\n|t:|1682965370\n|switch|p1a: Arcanine|Arcanine, L50, M|100\/100\n|switch|p2b: IRON MUGULIS|Rotom-Mow, L50|100\/100\n|-ability|p1a: Arcanine|Intimidate|boost\n|-unboost|p2a: GROHAHSHSHSH|atk|1\n|-unboost|p2b: IRON MUGULIS|atk|1\n|turn|4\n|\n|t:|1682965391\n|switch|p2b: RORAAAHOHHHH|Salamence, L50, M|100\/100\n|-ability|p2b: RORAAAHOHHHH|Intimidate|boost\n|-unboost|p1a: Arcanine|atk|1\n|-unboost|p1b: Amoonguss|atk|1\n|move|p1b: Amoonguss|Rage Powder|p1b: Amoonguss\n|-singleturn|p1b: Amoonguss|move: Rage Powder\n|move|p1a: Arcanine|Flare Blitz|p2b: RORAAAHOHHHH\n|-resisted|p2b: RORAAAHOHHHH\n|-damage|p2b: RORAAAHOHHHH|76\/100\n|-damage|p1a: Arcanine|93\/100|[from] Recoil\n|cant|p2a: GROHAHSHSHSH|slp\n|\n|-weather|Sandstorm|[upkeep]\n|-damage|p2b: RORAAAHOHHHH|70\/100|[from] Sandstorm\n|-damage|p1b: Amoonguss|89\/100|[from] Sandstorm\n|-heal|p2a: GROHAHSHSHSH|79\/100 slp|[from] item: Leftovers\n|upkeep\n|turn|5\n|\n|t:|1682965414\n|move|p2b: RORAAAHOHHHH|Draco Meteor|p1a: Arcanine\n|-damage|p1a: Arcanine|16\/100\n|-unboost|p2b: RORAAAHOHHHH|spa|2\n|-damage|p2b: RORAAAHOHHHH|60\/100|[from] item: Life Orb\n|move|p1a: Arcanine|Flare Blitz|p2b: RORAAAHOHHHH\n|-resisted|p2b: RORAAAHOHHHH\n|-damage|p2b: RORAAAHOHHHH|39\/100\n|-damage|p1a: Arcanine|10\/100|[from] Recoil\n|cant|p2a: GROHAHSHSHSH|slp\n|move|p1b: Amoonguss|Pollen Puff|p2b: RORAAAHOHHHH\n|-resisted|p2b: RORAAAHOHHHH\n|-damage|p2b: RORAAAHOHHHH|30\/100\n|\n|-weather|none\n|-heal|p2a: GROHAHSHSHSH|85\/100 slp|[from] item: Leftovers\n|upkeep\n|turn|6\n|\n|t:|1682965438\n|move|p1a: Arcanine|Extreme Speed|p2b: RORAAAHOHHHH\n|-damage|p2b: RORAAAHOHHHH|9\/100\n|move|p2b: RORAAAHOHHHH|Draco Meteor|p1a: Arcanine\n|-damage|p1a: Arcanine|0 fnt\n|-unboost|p2b: RORAAAHOHHHH|spa|2\n|faint|p1a: Arcanine\n|-damage|p2b: RORAAAHOHHHH|0 fnt|[from] item: Life Orb\n|faint|p2b: RORAAAHOHHHH\n|-curestatus|p2a: GROHAHSHSHSH|slp|[msg]\n|move|p2a: GROHAHSHSHSH|Ice Beam|p1b: Amoonguss\n|-supereffective|p1b: Amoonguss\n|-damage|p1b: Amoonguss|48\/100\n|-enditem|p1b: Amoonguss|Sitrus Berry|[eat]\n|-heal|p1b: Amoonguss|73\/100|[from] item: Sitrus Berry\n|move|p1b: Amoonguss|Pollen Puff|p1: Arcanine|[notarget]\n|-fail|p1b: Amoonguss\n|\n|-heal|p2a: GROHAHSHSHSH|91\/100|[from] item: Leftovers\n|upkeep\n|\n|t:|1682965444\n|switch|p2b: IRON MUGULIS|Rotom-Mow, L50|100\/100\n|turn|7\n|\n|t:|1682965461\n|-terastallize|p1b: Amoonguss|Water\n|move|p2b: IRON MUGULIS|Will-O-Wisp|p1b: Amoonguss\n|-status|p1b: Amoonguss|brn\n|move|p2a: GROHAHSHSHSH|Ice Beam|p1b: Amoonguss\n|-resisted|p1b: Amoonguss\n|-damage|p1b: Amoonguss|62\/100 brn\n|move|p1b: Amoonguss|Pollen Puff|p2b: IRON MUGULIS\n|-supereffective|p2b: IRON MUGULIS\n|-damage|p2b: IRON MUGULIS|67\/100\n|\n|-heal|p2a: GROHAHSHSHSH|97\/100|[from] item: Leftovers\n|-damage|p1b: Amoonguss|57\/100 brn|[from] brn\n|upkeep\n|turn|8\n|inactive|nomis1 has 30 seconds left.\n|\n|t:|1682965488\n|move|p2b: IRON MUGULIS|Leaf Storm|p1b: Amoonguss\n|-supereffective|p1b: Amoonguss\n|-damage|p1b: Amoonguss|0 fnt\n|-unboost|p2b: IRON MUGULIS|spa|2\n|faint|p1b: Amoonguss\n|\n|win|esotilin123456\n|n|\u2606nomis1|nomis1\n|n|\u2606esotilin123456|esotilin123456\n","uploadtime":1682965493,"views":21,"p1id":"nomis1","p2id":"esotilin123456","formatid":"gen9vgc2023regulationc","rating":0,"private":0,"password":""}