{"id":"gen9vgc2023regulationc-1858601252","p1":"bruser23","p2":"Vengeful potato","format":"[Gen 9] VGC 2023 Regulation C","log":"|j|\u2606bruser23\n|j|\u2606Vengeful potato\n|t:|1683330655\n|gametype|doubles\n|player|p1|bruser23|101|1287\n|player|p2|Vengeful potato|swimmer-gen4|1309\n|teamsize|p1|6\n|teamsize|p2|6\n|gen|9\n|tier|[Gen 9] VGC 2023 Regulation C\n|rated|\n|rule|Species Clause: Limit one of each Pok\u00e9mon\n|rule|Item Clause: Limit one of each item\n|clearpoke\n|poke|p1|Maushold, L50|\n|poke|p1|Orthworm, L50, M|\n|poke|p1|Dragonite, L50, F|\n|poke|p1|Grimmsnarl, L50, M|\n|poke|p1|Ting-Lu, L50|\n|poke|p1|Annihilape, L50, F|\n|poke|p2|Dudunsparce-*, L50, M|\n|poke|p2|Hariyama, L50, M|\n|poke|p2|Gengar, L50, F|\n|poke|p2|Corviknight, L50, F|\n|poke|p2|Rotom-Wash, L50|\n|poke|p2|Ting-Lu, L50|\n|teampreview|4\n|inactive|Battle timer is ON: inactive players will automatically lose when time's up. (requested by bruser23)\n|inactive|bruser23 has 60 seconds left.\n|\n|t:|1683330689\n|start\n|switch|p1a: Maushold|Maushold, L50|100\/100\n|switch|p1b: Annihilape|Annihilape, L50, F|100\/100\n|switch|p2a: Double Trouble|Dudunsparce, L50, M|100\/100\n|switch|p2b: THICC|Hariyama, L50, M, shiny|100\/100\n|turn|1\n|\n|t:|1683330707\n|move|p1a: Maushold|Protect|p1a: Maushold\n|-singleturn|p1a: Maushold|Protect\n|move|p2b: THICC|Fake Out|p1a: Maushold\n|-activate|p1a: Maushold|move: Protect\n|move|p1b: Annihilape|Bulk Up|p1b: Annihilape\n|-boost|p1b: Annihilape|atk|1\n|-boost|p1b: Annihilape|def|1\n|move|p2a: Double Trouble|Glare|p1b: Annihilape\n|-status|p1b: Annihilape|par\n|\n|upkeep\n|turn|2\n|\n|t:|1683330729\n|move|p1a: Maushold|Encore|p2b: THICC\n|-start|p2b: THICC|Encore\n|move|p2a: Double Trouble|Rock Slide|p1b: Annihilape|[spread] p1a,p1b\n|-resisted|p1b: Annihilape\n|-damage|p1a: Maushold|87\/100\n|-damage|p1b: Annihilape|97\/100 par\n|move|p2b: THICC|Fake Out||[still]\n|-hint|Fake Out only works on your first turn out.\n|-fail|p2b: THICC\n|cant|p1b: Annihilape|flinch\n|\n|-heal|p1b: Annihilape|100\/100 par|[from] item: Leftovers\n|upkeep\n|turn|3\n|inactive|bruser23 has 30 seconds left.\n|\n|t:|1683330757\n|switch|p2b: Status Enjoyer|Gengar, L50, F, shiny|100\/100\n|move|p2a: Double Trouble|Protect|p2a: Double Trouble\n|-singleturn|p2a: Double Trouble|Protect\n|move|p1a: Maushold|Beat Up|p1b: Annihilape\n|-damage|p1b: Annihilape|99\/100 par\n|-damage|p1b: Annihilape|97\/100 par\n|-damage|p1b: Annihilape|96\/100 par\n|-hitcount|p1b: Annihilape|3\n|move|p1b: Annihilape|Rage Fist|p2b: Status Enjoyer\n|-supereffective|p2b: Status Enjoyer\n|-damage|p2b: Status Enjoyer|0 fnt\n|faint|p2b: Status Enjoyer\n|\n|-heal|p1b: Annihilape|100\/100 par|[from] item: Leftovers\n|upkeep\n|\n|t:|1683330772\n|switch|p2b: THICC|Hariyama, L50, M, shiny|100\/100\n|turn|4\n|\n|t:|1683330794\n|switch|p2a: Polished|Corviknight, L50, F, shiny|100\/100\n|move|p1a: Maushold|Protect|p1a: Maushold\n|-singleturn|p1a: Maushold|Protect\n|move|p2b: THICC|Drain Punch|p1a: Maushold\n|-activate|p1a: Maushold|move: Protect\n|move|p1b: Annihilape|Drain Punch|p2a: Polished\n|-damage|p2a: Polished|57\/100\n|\n|upkeep\n|turn|5\n|\n|t:|1683330811\n|switch|p2a: Double Trouble|Dudunsparce, L50, M|100\/100\n|move|p1a: Maushold|Encore|p2b: THICC\n|-start|p2b: THICC|Encore\n|move|p2b: THICC|Drain Punch|p1a: Maushold\n|-supereffective|p1a: Maushold\n|-damage|p1a: Maushold|23\/100\n|move|p1b: Annihilape|Rage Fist|p2a: Double Trouble\n|-immune|p2a: Double Trouble\n|\n|upkeep\n|turn|6\n|inactive|bruser23 has 30 seconds left.\n|\n|t:|1683330837\n|switch|p1a: Orthworm|Orthworm, L50, M|100\/100\n|switch|p2b: Polished|Corviknight, L50, F, shiny|57\/100\n|move|p2a: Double Trouble|Rock Slide|p1b: Annihilape|[spread] p1a,p1b\n|-resisted|p1a: Orthworm\n|-resisted|p1b: Annihilape\n|-damage|p1a: Orthworm|96\/100\n|-damage|p1b: Annihilape|96\/100 par\n|cant|p1b: Annihilape|flinch\n|\n|-heal|p1b: Annihilape|100\/100 par|[from] item: Leftovers\n|upkeep\n|turn|7\n|\n|t:|1683330852\n|move|p2a: Double Trouble|Glare|p1a: Orthworm\n|-status|p1a: Orthworm|par\n|move|p2b: Polished|Brave Bird|p1b: Annihilape\n|-supereffective|p1b: Annihilape\n|-damage|p1b: Annihilape|51\/100 par\n|-damage|p2b: Polished|41\/100|[from] Recoil\n|move|p1b: Annihilape|Drain Punch|p2a: Double Trouble\n|-supereffective|p2a: Double Trouble\n|-damage|p2a: Double Trouble|10\/100\n|-heal|p1b: Annihilape|95\/100 par|[from] drain|[of] p2a: Double Trouble\n|-enditem|p2a: Double Trouble|Sitrus Berry|[eat]\n|-heal|p2a: Double Trouble|35\/100|[from] item: Sitrus Berry\n|move|p1a: Orthworm|Iron Defense|p1a: Orthworm\n|-boost|p1a: Orthworm|def|2\n|\n|-heal|p1b: Annihilape|100\/100 par|[from] item: Leftovers\n|upkeep\n|turn|8\n|\n|t:|1683330875\n|-terastallize|p1b: Annihilape|Fire\n|move|p2a: Double Trouble|Rock Slide|p1b: Annihilape|[spread] p1a,p1b\n|-resisted|p1a: Orthworm\n|-supereffective|p1b: Annihilape\n|-damage|p1a: Orthworm|94\/100 par\n|-damage|p1b: Annihilape|83\/100 par\n|move|p2b: Polished|Bulk Up|p2b: Polished\n|-boost|p2b: Polished|atk|1\n|-boost|p2b: Polished|def|1\n|cant|p1b: Annihilape|flinch\n|cant|p1a: Orthworm|flinch\n|\n|-heal|p1b: Annihilape|89\/100 par|[from] item: Leftovers\n|upkeep\n|turn|9\n|\n|t:|1683330890\n|move|p2a: Double Trouble|Rock Slide|p1a: Orthworm|[spread] p1a,p1b\n|-resisted|p1a: Orthworm\n|-supereffective|p1b: Annihilape\n|-damage|p1a: Orthworm|91\/100 par\n|-damage|p1b: Annihilape|72\/100 par\n|move|p2b: Polished|Roost|p2b: Polished\n|-heal|p2b: Polished|91\/100\n|-singleturn|p2b: Polished|move: Roost\n|move|p1b: Annihilape|Rage Fist|p2b: Polished\n|-damage|p2b: Polished|0 fnt\n|faint|p2b: Polished\n|cant|p1a: Orthworm|flinch\n|\n|-heal|p1b: Annihilape|78\/100 par|[from] item: Leftovers\n|upkeep\n|\n|t:|1683330901\n|switch|p2b: THICC|Hariyama, L50, M, shiny|100\/100\n|turn|10\n|\n|t:|1683330914\n|move|p2a: Double Trouble|Rock Slide|p1b: Annihilape|[spread] p1a,p1b\n|-resisted|p1a: Orthworm\n|-supereffective|p1b: Annihilape\n|-damage|p1a: Orthworm|89\/100 par\n|-damage|p1b: Annihilape|61\/100 par\n|move|p2b: THICC|Drain Punch|p1a: Orthworm\n|-supereffective|p1a: Orthworm\n|-damage|p1a: Orthworm|62\/100 par\n|cant|p1b: Annihilape|flinch\n|cant|p1a: Orthworm|flinch\n|\n|-heal|p1b: Annihilape|67\/100 par|[from] item: Leftovers\n|upkeep\n|turn|11\n|\n|t:|1683330930\n|move|p2a: Double Trouble|Rock Slide|p1a: Orthworm|[spread] p1a,p1b\n|-resisted|p1a: Orthworm\n|-supereffective|p1b: Annihilape\n|-damage|p1a: Orthworm|60\/100 par\n|-damage|p1b: Annihilape|51\/100 par\n|move|p2b: THICC|Drain Punch|p1b: Annihilape\n|-damage|p1b: Annihilape|29\/100 par\n|cant|p1b: Annihilape|flinch\n|cant|p1a: Orthworm|flinch\n|\n|-heal|p1b: Annihilape|36\/100 par|[from] item: Leftovers\n|upkeep\n|turn|12\n|\n|t:|1683330948\n|move|p2a: Double Trouble|Rock Slide|p1b: Annihilape|[spread] p1a,p1b\n|-resisted|p1a: Orthworm\n|-supereffective|p1b: Annihilape\n|-damage|p1a: Orthworm|58\/100 par\n|-damage|p1b: Annihilape|18\/100 par\n|move|p2b: THICC|Drain Punch|p1b: Annihilape\n|-damage|p1b: Annihilape|0 fnt\n|faint|p1b: Annihilape\n|cant|p1a: Orthworm|flinch\n|\n|upkeep\n|\n|t:|1683330960\n|switch|p1b: Grimmsnarl|Grimmsnarl, L50, M|100\/100\n|turn|13\n|\n|t:|1683330977\n|move|p2a: Double Trouble|Rock Slide|p1b: Grimmsnarl|[spread] p1a,p1b\n|-resisted|p1a: Orthworm\n|-damage|p1a: Orthworm|55\/100 par\n|-damage|p1b: Grimmsnarl|86\/100\n|cant|p1b: Grimmsnarl|flinch\n|move|p2b: THICC|Drain Punch|p1a: Orthworm\n|-supereffective|p1a: Orthworm\n|-damage|p1a: Orthworm|28\/100 par\n|-enditem|p1a: Orthworm|Sitrus Berry|[eat]\n|-heal|p1a: Orthworm|53\/100 par|[from] item: Sitrus Berry\n|move|p1a: Orthworm|Shed Tail|p1a: Orthworm\n|-start|p1a: Orthworm|Substitute|[from] move: Shed Tail\n|-damage|p1a: Orthworm|3\/100 par\n|\n|t:|1683330986\n|switch|p1a: Maushold|Maushold, L50|23\/100|[from] Shed Tail\n|\n|upkeep\n|turn|14\n|inactive|bruser23 has 30 seconds left.\n|\n|t:|1683331017\n|-terastallize|p2b: THICC|Steel\n|move|p1a: Maushold|Protect|p1a: Maushold\n|-singleturn|p1a: Maushold|Protect\n|move|p1b: Grimmsnarl|Reflect|p1b: Grimmsnarl\n|-sidestart|p1: bruser23|Reflect\n|move|p2b: THICC|Bullet Punch|p1b: Grimmsnarl\n|-supereffective|p1b: Grimmsnarl\n|-damage|p1b: Grimmsnarl|66\/100\n|move|p2a: Double Trouble|Rock Slide|p1a: Maushold|[spread] p1b\n|-activate|p1a: Maushold|move: Protect\n|-damage|p1b: Grimmsnarl|58\/100\n|\n|upkeep\n|turn|15\n|\n|t:|1683331042\n|move|p1a: Maushold|Follow Me|p1a: Maushold\n|-singleturn|p1a: Maushold|move: Follow Me\n|move|p2a: Double Trouble|Rock Slide|p1b: Grimmsnarl|[spread] p1a,p1b\n|-activate|p1a: Maushold|move: Substitute|[damage]\n|-damage|p1b: Grimmsnarl|51\/100\n|move|p1b: Grimmsnarl|Spirit Break|p2a: Double Trouble\n|-damage|p2a: Double Trouble|12\/100\n|-unboost|p2a: Double Trouble|spa|1\n|move|p2b: THICC|Drain Punch|p1a: Maushold\n|-supereffective|p1a: Maushold\n|-end|p1a: Maushold|Substitute\n|\n|upkeep\n|turn|16\n|\n|t:|1683331060\n|move|p1a: Maushold|Protect|p1a: Maushold\n|-singleturn|p1a: Maushold|Protect\n|move|p2b: THICC|Bullet Punch|p1b: Grimmsnarl\n|-supereffective|p1b: Grimmsnarl\n|-damage|p1b: Grimmsnarl|32\/100\n|move|p2a: Double Trouble|Roost|p2a: Double Trouble\n|-heal|p2a: Double Trouble|62\/100\n|-singleturn|p2a: Double Trouble|move: Roost\n|move|p1b: Grimmsnarl|Spirit Break|p2a: Double Trouble\n|-damage|p2a: Double Trouble|35\/100\n|-unboost|p2a: Double Trouble|spa|1\n|\n|upkeep\n|turn|17\n|\n|t:|1683331079\n|move|p2b: THICC|Bullet Punch|p1b: Grimmsnarl\n|-supereffective|p1b: Grimmsnarl\n|-damage|p1b: Grimmsnarl|11\/100\n|move|p1a: Maushold|Encore|p2a: Double Trouble\n|-start|p2a: Double Trouble|Encore\n|move|p2a: Double Trouble|Roost|p2a: Double Trouble\n|-heal|p2a: Double Trouble|85\/100\n|-singleturn|p2a: Double Trouble|move: Roost\n|move|p1b: Grimmsnarl|Spirit Break|p2a: Double Trouble\n|-damage|p2a: Double Trouble|59\/100\n|-unboost|p2a: Double Trouble|spa|1\n|\n|upkeep\n|turn|18\n|inactive|bruser23 has 30 seconds left.\n|\n|t:|1683331108\n|move|p1a: Maushold|Follow Me|p1a: Maushold\n|-singleturn|p1a: Maushold|move: Follow Me\n|move|p1b: Grimmsnarl|Parting Shot|p2a: Double Trouble\n|-unboost|p2a: Double Trouble|atk|1\n|-unboost|p2a: Double Trouble|spa|1\n|\n|t:|1683331112\n|switch|p1b: Orthworm|Orthworm, L50, M|3\/100 par|[from] Parting Shot\n|move|p2a: Double Trouble|Roost|p2a: Double Trouble\n|-heal|p2a: Double Trouble|100\/100\n|-singleturn|p2a: Double Trouble|move: Roost\n|move|p2b: THICC|Drain Punch|p1a: Maushold\n|-supereffective|p1a: Maushold\n|-damage|p1a: Maushold|0 fnt\n|faint|p1a: Maushold\n|\n|upkeep\n|\n|t:|1683331114\n|switch|p1a: Grimmsnarl|Grimmsnarl, L50, M|11\/100\n|turn|19\n|\n|t:|1683331122\n|move|p1a: Grimmsnarl|Parting Shot|p2b: THICC\n|-unboost|p2b: THICC|atk|1\n|-unboost|p2b: THICC|spa|1\n|move|p2b: THICC|Bullet Punch|p1a: Grimmsnarl\n|-supereffective|p1a: Grimmsnarl\n|-damage|p1a: Grimmsnarl|0 fnt\n|faint|p1a: Grimmsnarl\n|move|p2a: Double Trouble|Roost||[still]\n|-fail|p2a: Double Trouble|heal\n|cant|p1b: Orthworm|par\n|\n|-end|p2a: Double Trouble|Encore\n|upkeep\n|turn|20\n|-message|bruser23 forfeited.\n|\n|win|Vengeful potato\n|raw|bruser23's rating: 1287 → 1264<\/strong> (-23 for losing)\n|raw|Vengeful potato's rating: 1309 → 1328<\/strong> (+19 for winning)\n|c|\u2606Vengeful potato|Ggs\n|l|\u2606bruser23\n","uploadtime":1683331140,"views":8,"p1id":"bruser23","p2id":"vengefulpotato","formatid":"gen9vgc2023regulationc","rating":1264,"private":0,"password":""}