{"id":"gen9vgc2023regulationc-1857972105","p1":"neukorn","p2":"gs wendigo","format":"[Gen 9] VGC 2023 Regulation C","log":"|j|\u2606neukorn\n|j|\u2606gs wendigo\n|t:|1683254190\n|gametype|doubles\n|player|p1|neukorn|flint|\n|player|p2|gs wendigo|266|\n|teamsize|p1|6\n|teamsize|p2|6\n|gen|9\n|tier|[Gen 9] VGC 2023 Regulation C\n|rule|Species Clause: Limit one of each Pok\u00e9mon\n|rule|Item Clause: Limit one of each item\n|clearpoke\n|poke|p1|Ting-Lu, L50|\n|poke|p1|Flutter Mane, L50|\n|poke|p1|Indeedee-F, L50, F|\n|poke|p1|Armarouge, L50, F|\n|poke|p1|Annihilape, L50, M|\n|poke|p1|Palafin, L50, F|\n|poke|p2|Annihilape, L50, M|\n|poke|p2|Maushold, L50|\n|poke|p2|Flutter Mane, L50|\n|poke|p2|Tyranitar, L50, M|\n|poke|p2|Lycanroc, L50, F|\n|poke|p2|Ting-Lu, L50|\n|teampreview|4\ngs wendigo has agreed to open team sheets.\n|\n|t:|1683254259\n|start\n|switch|p1a: Indeedee|Indeedee-F, L50, F|100\/100\n|switch|p1b: Armarouge|Armarouge, L50, F|100\/100\n|switch|p2a: Annihilape|Annihilape, L50, M|100\/100\n|switch|p2b: Tyranitar|Tyranitar, L50, M|100\/100\n|-fieldstart|move: Psychic Terrain|[from] ability: Psychic Surge|[of] p1a: Indeedee\n|-enditem|p1a: Indeedee|Psychic Seed\n|-boost|p1a: Indeedee|spd|1|[from] item: Psychic Seed\n|-weather|Sandstorm|[from] ability: Sand Stream|[of] p2b: Tyranitar\n|turn|1\n|\n|t:|1683254286\n|-terastallize|p2a: Annihilape|Water\n|move|p1a: Indeedee|Follow Me|p1a: Indeedee\n|-singleturn|p1a: Indeedee|move: Follow Me\n|move|p2a: Annihilape|Bulk Up|p2a: Annihilape\n|-boost|p2a: Annihilape|atk|1\n|-boost|p2a: Annihilape|def|1\n|move|p2b: Tyranitar|Rock Slide|p1b: Armarouge|[spread] p1a,p1b\n|-supereffective|p1b: Armarouge\n|-damage|p1a: Indeedee|71\/100\n|-damage|p1b: Armarouge|47\/100\n|move|p1b: Armarouge|Trick Room|p1b: Armarouge\n|-fieldstart|move: Trick Room|[of] p1b: Armarouge\n|\n|-weather|Sandstorm|[upkeep]\n|-damage|p1b: Armarouge|41\/100|[from] Sandstorm\n|-damage|p1a: Indeedee|65\/100|[from] Sandstorm\n|-damage|p2a: Annihilape|94\/100|[from] Sandstorm\n|-heal|p2a: Annihilape|100\/100|[from] item: Leftovers\n|upkeep\n|turn|2\n|j| IUXCelestialQueen\n|\n|t:|1683254311\n|move|p1a: Indeedee|Helping Hand|p1b: Armarouge\n|-singleturn|p1b: Armarouge|Helping Hand|[of] p1a: Indeedee\n|move|p1b: Armarouge|Expanding Force|p2b: Tyranitar|[spread] p2a\n|-immune|p2b: Tyranitar\n|-damage|p2a: Annihilape|30\/100\n|move|p2b: Tyranitar|Rock Slide|p1b: Armarouge|[spread] p1a,p1b\n|-supereffective|p1b: Armarouge\n|-damage|p1a: Indeedee|34\/100\n|-damage|p1b: Armarouge|0 fnt\n|faint|p1b: Armarouge\n|move|p2a: Annihilape|Drain Punch|p1a: Indeedee\n|-damage|p1a: Indeedee|0 fnt\n|-heal|p2a: Annihilape|44\/100|[from] drain|[of] p1a: Indeedee\n|faint|p1a: Indeedee\n|\n|-weather|Sandstorm|[upkeep]\n|-damage|p2a: Annihilape|38\/100|[from] Sandstorm\n|-heal|p2a: Annihilape|44\/100|[from] item: Leftovers\n|upkeep\n|\n|t:|1683254327\n|switch|p1b: Annihilape|Annihilape, L50, M|100\/100\n|switch|p1a: Palafin|Palafin, L50, F|100\/100\n|turn|3\n|\n|t:|1683254365\n|move|p1b: Annihilape|Protect|p1b: Annihilape\n|-singleturn|p1b: Annihilape|Protect\n|move|p2b: Tyranitar|Rock Slide|p1a: Palafin|[spread] p1a\n|-activate|p1b: Annihilape|move: Protect\n|-damage|p1a: Palafin|63\/100\n|move|p2a: Annihilape|Bulk Up|p2a: Annihilape\n|-boost|p2a: Annihilape|atk|1\n|-boost|p2a: Annihilape|def|1\n|move|p1a: Palafin|Close Combat|p2b: Tyranitar\n|-supereffective|p2b: Tyranitar\n|-damage|p2b: Tyranitar|0 fnt\n|-unboost|p1a: Palafin|def|1\n|-unboost|p1a: Palafin|spd|1\n|faint|p2b: Tyranitar\n|\n|-weather|Sandstorm|[upkeep]\n|-damage|p1b: Annihilape|95\/100|[from] Sandstorm\n|-damage|p2a: Annihilape|38\/100|[from] Sandstorm\n|-damage|p1a: Palafin|57\/100|[from] Sandstorm\n|-heal|p1b: Annihilape|100\/100|[from] item: Leftovers\n|-heal|p2a: Annihilape|44\/100|[from] item: Leftovers\n|upkeep\n|\n|t:|1683254390\n|switch|p2b: Flutter Mane|Flutter Mane, L50|100\/100\n|turn|4\n|\n|t:|1683254408\n|-terastallize|p1b: Annihilape|Poison\n|move|p2a: Annihilape|Protect|p2a: Annihilape\n|-singleturn|p2a: Annihilape|Protect\n|move|p1b: Annihilape|Rage Fist|p2b: Flutter Mane\n|-supereffective|p2b: Flutter Mane\n|-damage|p2b: Flutter Mane|17\/100\n|move|p1a: Palafin|Wave Crash|p2b: Flutter Mane\n|-crit|p2b: Flutter Mane\n|-damage|p2b: Flutter Mane|0 fnt\n|faint|p2b: Flutter Mane\n|-end|p2b: Flutter Mane|Protosynthesis|[silent]\n|-damage|p1a: Palafin|53\/100|[from] Recoil\n|\n|-weather|Sandstorm|[upkeep]\n|-damage|p1b: Annihilape|95\/100|[from] Sandstorm\n|-damage|p2a: Annihilape|38\/100|[from] Sandstorm\n|-damage|p1a: Palafin|48\/100|[from] Sandstorm\n|-heal|p1b: Annihilape|100\/100|[from] item: Leftovers\n|-heal|p2a: Annihilape|44\/100|[from] item: Leftovers\n|upkeep\n|\n|t:|1683254427\n|switch|p2b: Lycanroc|Lycanroc, L50, F|100\/100\n|turn|5\n|\n|t:|1683254449\n|move|p1a: Palafin|Protect|p1a: Palafin\n|-singleturn|p1a: Palafin|Protect\n|move|p1b: Annihilape|Bulk Up|p1b: Annihilape\n|-boost|p1b: Annihilape|atk|1\n|-boost|p1b: Annihilape|def|1\n|move|p2a: Annihilape|Drain Punch|p1a: Palafin\n|-activate|p1a: Palafin|move: Protect\n|move|p2b: Lycanroc|Endeavor|p1b: Annihilape\n|-damage|p1b: Annihilape|70\/100\n|\n|-weather|none\n|-heal|p1b: Annihilape|76\/100|[from] item: Leftovers\n|-heal|p2a: Annihilape|50\/100|[from] item: Leftovers\n|-fieldend|move: Trick Room\n|-fieldend|move: Psychic Terrain\n|upkeep\n|turn|6\n|\n|t:|1683254475\n|move|p1a: Palafin|Jet Punch|p2b: Lycanroc\n|-supereffective|p2b: Lycanroc\n|-damage|p2b: Lycanroc|16\/100\n|move|p2b: Lycanroc|Endeavor|p1b: Annihilape\n|-damage|p1b: Annihilape|11\/100\n|move|p2a: Annihilape|Drain Punch|p1a: Palafin\n|-damage|p1a: Palafin|0 fnt\n|-heal|p2a: Annihilape|74\/100|[from] drain|[of] p1a: Palafin\n|faint|p1a: Palafin\n|move|p1b: Annihilape|Drain Punch|p2b: Lycanroc\n|-supereffective|p2b: Lycanroc\n|-damage|p2b: Lycanroc|0 fnt\n|-heal|p1b: Annihilape|17\/100|[from] drain|[of] p2b: Lycanroc\n|faint|p2b: Lycanroc\n|\n|-heal|p2a: Annihilape|80\/100|[from] item: Leftovers\n|-heal|p1b: Annihilape|23\/100|[from] item: Leftovers\n|upkeep\n|turn|7\n|\n|t:|1683254497\n|move|p1b: Annihilape|Protect|p1b: Annihilape\n|-singleturn|p1b: Annihilape|Protect\n|move|p2a: Annihilape|Rage Fist|p1b: Annihilape\n|-activate|p1b: Annihilape|move: Protect\n|\n|-heal|p2a: Annihilape|86\/100|[from] item: Leftovers\n|-heal|p1b: Annihilape|29\/100|[from] item: Leftovers\n|upkeep\n|turn|8\n|\n|t:|1683254507\n|move|p2a: Annihilape|Rage Fist|p1b: Annihilape\n|-damage|p1b: Annihilape|0 fnt\n|faint|p1b: Annihilape\n|\n|win|gs wendigo\n","uploadtime":1683254518,"views":13,"p1id":"neukorn","p2id":"gswendigo","formatid":"gen9vgc2023regulationc","rating":0,"private":0,"password":""}