{"id":"gen9vgc2023regulationc-1850655388","p1":"cps annie","p2":"Jovenchano3103","format":"[Gen 9] VGC 2023 Regulation C","log":"|j|\u2606cps annie\n|j|\u2606Jovenchano3103\n|t:|1682356522\n|gametype|doubles\n|player|p1|cps annie|will|1066\n|player|p2|Jovenchano3103|bugcatcher-gen4dp|1129\n|teamsize|p1|6\n|teamsize|p2|6\n|gen|9\n|tier|[Gen 9] VGC 2023 Regulation C\n|rated|\n|rule|Species Clause: Limit one of each Pok\u00e9mon\n|rule|Item Clause: Limit one of each item\n|clearpoke\n|poke|p1|Dragonite, L50, M|\n|poke|p1|Chien-Pao, L50|\n|poke|p1|Gholdengo, L50|\n|poke|p1|Chi-Yu, L50|\n|poke|p1|Iron Bundle, L50|\n|poke|p1|Iron Hands, L50|\n|poke|p2|Magnezone, L50|\n|poke|p2|Gyarados, L50, M|\n|poke|p2|Annihilape, L50, M|\n|poke|p2|Ting-Lu, L50|\n|poke|p2|Armarouge, L50, F|\n|poke|p2|Dragapult, L50, M|\n|teampreview|4\n|\n|t:|1682356581\n|start\n|switch|p1a: Iron Hands|Iron Hands, L50, shiny|100\/100\n|switch|p1b: Chien-Pao|Chien-Pao, L50|100\/100\n|switch|p2a: Dragapult|Dragapult, L50, M, shiny|100\/100\n|switch|p2b: Ting-Lu|Ting-Lu, L50|100\/100\n|-ability|p1b: Chien-Pao|Sword of Ruin\n|-ability|p2b: Ting-Lu|Vessel of Ruin\n|turn|1\n|inactive|Battle timer is ON: inactive players will automatically lose when time's up. (requested by Jovenchano3103)\n|\n|t:|1682356611\n|move|p2a: Dragapult|Will-O-Wisp|p1a: Iron Hands\n|-status|p1a: Iron Hands|brn\n|move|p1b: Chien-Pao|Ice Spinner|p2b: Ting-Lu\n|-supereffective|p2b: Ting-Lu\n|-damage|p2b: Ting-Lu|41\/100\n|-enditem|p2b: Ting-Lu|Weakness Policy\n|-boost|p2b: Ting-Lu|atk|2|[from] item: Weakness Policy\n|-boost|p2b: Ting-Lu|spa|2|[from] item: Weakness Policy\n|move|p1a: Iron Hands|Drain Punch|p2b: Ting-Lu\n|-supereffective|p2b: Ting-Lu\n|-damage|p2b: Ting-Lu|8\/100\n|move|p2b: Ting-Lu|Stealth Rock|p1b: Chien-Pao\n|-sidestart|p1: cps annie|move: Stealth Rock\n|\n|-damage|p1a: Iron Hands|94\/100 brn|[from] brn\n|upkeep\n|turn|2\n|\n|t:|1682356635\n|move|p1b: Chien-Pao|Protect|p1b: Chien-Pao\n|-singleturn|p1b: Chien-Pao|Protect\n|move|p2a: Dragapult|Will-O-Wisp|p1b: Chien-Pao\n|-activate|p1b: Chien-Pao|move: Protect\n|move|p1a: Iron Hands|Drain Punch|p2b: Ting-Lu\n|-supereffective|p2b: Ting-Lu\n|-damage|p2b: Ting-Lu|0 fnt\n|-heal|p1a: Iron Hands|98\/100 brn|[from] drain|[of] p2b: Ting-Lu\n|faint|p2b: Ting-Lu\n|\n|-damage|p1a: Iron Hands|92\/100 brn|[from] brn\n|upkeep\n|\n|t:|1682356652\n|switch|p2b: Gyarados|Gyarados, L50, M|100\/100\n|-ability|p2b: Gyarados|Intimidate|boost\n|-unboost|p1a: Iron Hands|atk|1\n|-unboost|p1b: Chien-Pao|atk|1\n|turn|3\n|\n|t:|1682356674\n|switch|p1b: Gholdengo|Gholdengo, L50|100\/100\n|-damage|p1b: Gholdengo|94\/100|[from] Stealth Rock\n|move|p2b: Gyarados|Protect|p2b: Gyarados\n|-singleturn|p2b: Gyarados|Protect\n|move|p2a: Dragapult|U-turn|p1b: Gholdengo\n|-resisted|p1b: Gholdengo\n|-damage|p1b: Gholdengo|89\/100\n|\n|t:|1682356684\n|switch|p2a: Armarouge|Armarouge, L50, F|100\/100|[from] U-turn\n|move|p1a: Iron Hands|Wild Charge|p2b: Gyarados\n|-activate|p2b: Gyarados|move: Protect\n|\n|-heal|p1b: Gholdengo|95\/100|[from] item: Leftovers\n|-damage|p1a: Iron Hands|86\/100 brn|[from] brn\n|upkeep\n|turn|4\n|\n|t:|1682356705\n|-terastallize|p1b: Gholdengo|Water\n|move|p2a: Armarouge|Psychic|p1a: Iron Hands\n|-supereffective|p1a: Iron Hands\n|-damage|p1a: Iron Hands|25\/100 brn\n|-damage|p2a: Armarouge|91\/100|[from] item: Life Orb\n|move|p1b: Gholdengo|Nasty Plot|p1b: Gholdengo\n|-boost|p1b: Gholdengo|spa|2\n|move|p2b: Gyarados|Waterfall|p1a: Iron Hands\n|-damage|p1a: Iron Hands|2\/100 brn\n|cant|p1a: Iron Hands|flinch\n|\n|-heal|p1b: Gholdengo|100\/100|[from] item: Leftovers\n|-damage|p1a: Iron Hands|0 fnt|[from] brn\n|faint|p1a: Iron Hands\n|-end|p1a: Iron Hands|Quark Drive|[silent]\n|upkeep\n|\n|t:|1682356729\n|switch|p1a: Iron Bundle|Iron Bundle, L50, shiny|100\/100\n|-damage|p1a: Iron Bundle|76\/100|[from] Stealth Rock\n|-enditem|p1a: Iron Bundle|Booster Energy\n|-activate|p1a: Iron Bundle|ability: Quark Drive|[fromitem]\n|-start|p1a: Iron Bundle|quarkdrivespe\n|turn|5\n|\n|t:|1682356743\n|move|p2a: Armarouge|Wide Guard|p2a: Armarouge\n|-singleturn|p2a: Armarouge|Wide Guard\n|move|p1a: Iron Bundle|Freeze-Dry|p2b: Gyarados\n|-supereffective|p2b: Gyarados\n|-damage|p2b: Gyarados|0 fnt\n|faint|p2b: Gyarados\n|move|p1b: Gholdengo|Shadow Ball|p2a: Armarouge\n|-supereffective|p2a: Armarouge\n|-crit|p2a: Armarouge\n|-damage|p2a: Armarouge|0 fnt\n|faint|p2a: Armarouge\n|\n|upkeep\n|l|\u2606Jovenchano3103\n|inactive|Jovenchano3103 disconnected and has a minute to reconnect!\n|player|p2|\n|c|\u2606cps annie|Toma filho da puta\n|inactive|Jovenchano3103 has 30 seconds left.\n|inactive|Jovenchano3103 has 20 seconds left.\n|inactive|Jovenchano3103 has 15 seconds left.\n|inactive|Jovenchano3103 has 10 seconds left.\n|inactive|Jovenchano3103 has 5 seconds left.\n|-message|Jovenchano3103 lost due to inactivity.\n|\n|win|cps annie\n|raw|cps annie's rating: 1066 → 1101<\/strong> (+35 for winning)\n|raw|Jovenchano3103's rating: 1129 → 1100<\/strong> (-29 for losing)\n","uploadtime":1682356761,"views":15,"p1id":"cpsannie","p2id":"jovenchano3103","formatid":"gen9vgc2023regulationc","rating":1100,"private":0,"password":""}