{"id":"gen9vgc2023regulationc-1858183472","p1":"vrumvrumnatal","p2":"BrockLongbow","format":"[Gen 9] VGC 2023 Regulation C","log":"|j|\u2606vrumvrumnatal\n|j|\u2606BrockLongbow\n|t:|1683288295\n|gametype|doubles\n|player|p1|vrumvrumnatal|170|1386\n|player|p2|BrockLongbow|clay|1403\n|teamsize|p1|6\n|teamsize|p2|6\n|gen|9\n|tier|[Gen 9] VGC 2023 Regulation C\n|rated|\n|rule|Species Clause: Limit one of each Pok\u00e9mon\n|rule|Item Clause: Limit one of each item\n|clearpoke\n|poke|p1|Orthworm, L50, F|\n|poke|p1|Dragonite, L50, F|\n|poke|p1|Ting-Lu, L50|\n|poke|p1|Gyarados, L50, M|\n|poke|p1|Flutter Mane, L50|\n|poke|p1|Chien-Pao, L50|\n|poke|p2|Ceruledge, L50, M|\n|poke|p2|Gyarados, L50, F|\n|poke|p2|Wo-Chien, L50|\n|poke|p2|Flutter Mane, L50|\n|poke|p2|Glimmora, L50, M|\n|poke|p2|Ting-Lu, L50|\n|teampreview|4\n|inactive|Battle timer is ON: inactive players will automatically lose when time's up. (requested by vrumvrumnatal)\n|\n|t:|1683288364\n|start\n|switch|p1a: Gyarados|Gyarados, L50, M|100\/100\n|switch|p1b: Orthworm|Orthworm, L50, F|100\/100\n|switch|p2a: Ceruledge|Ceruledge, L50, M|100\/100\n|switch|p2b: Glimmora|Glimmora, L50, M, shiny|100\/100\n|-ability|p1a: Gyarados|Intimidate|boost\n|-unboost|p2a: Ceruledge|atk|1\n|-unboost|p2b: Glimmora|atk|1\n|turn|1\n|inactive|vrumvrumnatal has 30 seconds left.\n|inactive|BrockLongbow has 30 seconds left.\n|inactive|BrockLongbow has 20 seconds left.\n|inactive|BrockLongbow has 15 seconds left.\n|\n|t:|1683288408\n|-terastallize|p1b: Orthworm|Fire\n|move|p2b: Glimmora|Mortal Spin|p1b: Orthworm|[spread] p1a,p1b\n|-damage|p1a: Gyarados|97\/100\n|-damage|p1b: Orthworm|98\/100\n|-status|p1a: Gyarados|psn\n|-status|p1b: Orthworm|psn\n|move|p1a: Gyarados|Thunder Wave|p2a: Ceruledge\n|-status|p2a: Ceruledge|par\n|move|p1b: Orthworm|Iron Defense|p1b: Orthworm\n|-boost|p1b: Orthworm|def|2\n|move|p2a: Ceruledge|Bulk Up|p2a: Ceruledge\n|-boost|p2a: Ceruledge|atk|1\n|-boost|p2a: Ceruledge|def|1\n|\n|-damage|p1a: Gyarados|85\/100 psn|[from] psn\n|-damage|p1b: Orthworm|86\/100 psn|[from] psn\n|upkeep\n|turn|2\n|inactive|vrumvrumnatal has 30 seconds left.\n|inactive|BrockLongbow has 30 seconds left.\n|inactive|BrockLongbow has 20 seconds left.\n|inactive|BrockLongbow has 15 seconds left.\n|\n|t:|1683288451\n|move|p2b: Glimmora|Power Gem|p1b: Orthworm\n|-supereffective|p1b: Orthworm\n|-damage|p1b: Orthworm|0 fnt\n|faint|p1b: Orthworm\n|move|p1a: Gyarados|Taunt|p2a: Ceruledge\n|-start|p2a: Ceruledge|move: Taunt\n|cant|p2a: Ceruledge|move: Taunt|Bulk Up\n|\n|-damage|p1a: Gyarados|72\/100 psn|[from] psn\n|upkeep\n|\n|t:|1683288469\n|switch|p1b: Ting-Lu|Ting-Lu, L50|100\/100\n|-ability|p1b: Ting-Lu|Vessel of Ruin\n|turn|3\n|inactive|BrockLongbow has 30 seconds left.\n|\n|t:|1683288501\n|move|p2a: Ceruledge|Shadow Sneak|p1a: Gyarados\n|-damage|p1a: Gyarados|48\/100 psn\n|move|p2b: Glimmora|Mortal Spin|p1b: Ting-Lu|[spread] p1a,p1b\n|-resisted|p1b: Ting-Lu\n|-damage|p1a: Gyarados|45\/100 psn\n|-damage|p1b: Ting-Lu|99\/100\n|-status|p1b: Ting-Lu|psn\n|move|p1a: Gyarados|Thunder Wave|p2b: Glimmora\n|-status|p2b: Glimmora|par\n|move|p1b: Ting-Lu|Earthquake|p2b: Glimmora|[spread] p2a,p2b\n|-immune|p1a: Gyarados\n|-supereffective|p2a: Ceruledge\n|-supereffective|p2b: Glimmora\n|-damage|p2a: Ceruledge|21\/100 par\n|-enditem|p2b: Glimmora|Focus Sash\n|-damage|p2b: Glimmora|1\/100 par\n|-activate|p2b: Glimmora|ability: Toxic Debris\n|-sidestart|p1: vrumvrumnatal|move: Toxic Spikes\n|\n|-damage|p1a: Gyarados|33\/100 psn|[from] psn\n|-damage|p1b: Ting-Lu|87\/100 psn|[from] psn\n|upkeep\n|turn|4\n|inactive|vrumvrumnatal has 30 seconds left.\n|inactive|BrockLongbow has 30 seconds left.\n|inactive|BrockLongbow has 20 seconds left.\n|inactive|BrockLongbow has 15 seconds left.\n|inactive|vrumvrumnatal has 20 seconds left.\n|inactive|BrockLongbow has 10 seconds left.\n|\n|t:|1683288548\n|cant|p2a: Ceruledge|par\n|move|p1a: Gyarados|Waterfall|p2a: Ceruledge\n|-supereffective|p2a: Ceruledge\n|-damage|p2a: Ceruledge|0 fnt\n|faint|p2a: Ceruledge\n|move|p1b: Ting-Lu|Earthquake|p2b: Glimmora|[spread] p2b\n|-immune|p1a: Gyarados\n|-supereffective|p2b: Glimmora\n|-damage|p2b: Glimmora|0 fnt\n|-activate|p2b: Glimmora|ability: Toxic Debris\n|-sidestart|p1: vrumvrumnatal|move: Toxic Spikes\n|faint|p2b: Glimmora\n|\n|-damage|p1a: Gyarados|20\/100 psn|[from] psn\n|-damage|p1b: Ting-Lu|75\/100 psn|[from] psn\n|upkeep\n|inactive|BrockLongbow has 30 seconds left.\n|\n|t:|1683288580\n|switch|p2b: Gyarados|Gyarados, L50, F, shiny|100\/100\n|switch|p2a: Flutter Mane|Flutter Mane, L50|100\/100\n|-ability|p2b: Gyarados|Intimidate|boost\n|-unboost|p1a: Gyarados|atk|1\n|-unboost|p1b: Ting-Lu|atk|1\n|-enditem|p2a: Flutter Mane|Booster Energy\n|-activate|p2a: Flutter Mane|ability: Protosynthesis|[fromitem]\n|-start|p2a: Flutter Mane|protosynthesisspe\n|turn|5\n|inactive|BrockLongbow has 30 seconds left.\n|\n|t:|1683288610\n|-terastallize|p2a: Flutter Mane|Water\n|move|p2a: Flutter Mane|Substitute|p2a: Flutter Mane\n|-start|p2a: Flutter Mane|Substitute\n|-damage|p2a: Flutter Mane|76\/100\n|move|p2b: Gyarados|Waterfall|p1b: Ting-Lu\n|-supereffective|p1b: Ting-Lu\n|-damage|p1b: Ting-Lu|31\/100 psn\n|move|p1a: Gyarados|Thunder Wave||[still]\n|-fail|p1a: Gyarados\n|move|p1b: Ting-Lu|Earthquake|p2b: Gyarados|[spread] p2a\n|-immune|p1a: Gyarados\n|-immune|p2b: Gyarados\n|-end|p2a: Flutter Mane|Substitute\n|\n|-damage|p1a: Gyarados|8\/100 psn|[from] psn\n|-damage|p1b: Ting-Lu|19\/100 psn|[from] psn\n|upkeep\n|turn|6\n|\n|t:|1683288634\n|move|p2a: Flutter Mane|Substitute|p2a: Flutter Mane\n|-start|p2a: Flutter Mane|Substitute\n|-damage|p2a: Flutter Mane|51\/100\n|move|p2b: Gyarados|Waterfall|p1b: Ting-Lu\n|-supereffective|p1b: Ting-Lu\n|-damage|p1b: Ting-Lu|0 fnt\n|faint|p1b: Ting-Lu\n|move|p1a: Gyarados|Waterfall|p2a: Flutter Mane\n|-resisted|p2a: Flutter Mane\n|-activate|p2a: Flutter Mane|move: Substitute|[damage]\n|\n|-damage|p1a: Gyarados|0 fnt|[from] psn\n|faint|p1a: Gyarados\n|upkeep\n|\n|t:|1683288646\n|switch|p1b: Flutter Mane|Flutter Mane, L50|100\/100\n|-status|p1b: Flutter Mane|tox\n|turn|7\n|\n|t:|1683288657\n|move|p2a: Flutter Mane|Hex|p1b: Flutter Mane\n|-supereffective|p1b: Flutter Mane\n|-damage|p1b: Flutter Mane|0 fnt\n|faint|p1b: Flutter Mane\n|-end|p1b: Flutter Mane|Protosynthesis|[silent]\n|\n|win|BrockLongbow\n|raw|vrumvrumnatal's rating: 1386 → 1367<\/strong> (-19 for losing)\n|raw|BrockLongbow's rating: 1403 → 1422<\/strong> (+19 for winning)\n|l|\u2606BrockLongbow\n","uploadtime":1683288666,"views":15,"p1id":"vrumvrumnatal","p2id":"brocklongbow","formatid":"gen9vgc2023regulationc","rating":1367,"private":0,"password":""}