{"id":"gen9vgc2023regulationc-1850780507","p1":"Absinthe_XII","p2":"oopsycanyousee","format":"[Gen 9] VGC 2023 Regulation C","log":"|j|\u2606Absinthe_XII\n|j|\u2606oopsycanyousee\n|t:|1682367176\n|gametype|doubles\n|player|p1|Absinthe_XII|170|1088\n|player|p2|oopsycanyousee|beauty-gen5bw2|1152\n|teamsize|p1|6\n|teamsize|p2|6\n|gen|9\n|tier|[Gen 9] VGC 2023 Regulation C\n|rated|\n|rule|Species Clause: Limit one of each Pok\u00e9mon\n|rule|Item Clause: Limit one of each item\n|clearpoke\n|poke|p1|Ting-Lu, L50|\n|poke|p1|Roaring Moon, L50|\n|poke|p1|Arcanine, L50, F|\n|poke|p1|Orthworm, L50, M|\n|poke|p1|Maushold-Four, L50|\n|poke|p1|Annihilape, L50, F|\n|poke|p2|Amoonguss, L50, M|\n|poke|p2|Arcanine, L50, M|\n|poke|p2|Palafin, L50, M|\n|poke|p2|Flutter Mane, L50|\n|poke|p2|Ting-Lu, L50|\n|poke|p2|Orthworm, L50, M|\n|teampreview|4\nAbsinthe_XII rejected open team sheets.\n|\n|t:|1682367222\n|start\n|switch|p1a: Arcanine|Arcanine, L50, F|100\/100\n|switch|p1b: Annihilape|Annihilape, L50, F|100\/100\n|switch|p2a: Flutter Mane|Flutter Mane, L50|100\/100\n|switch|p2b: Palafin|Palafin, L50, M|100\/100\n|-ability|p1a: Arcanine|Intimidate|boost\n|-unboost|p2a: Flutter Mane|atk|1\n|-unboost|p2b: Palafin|atk|1\n|turn|1\n|\n|t:|1682367262\n|switch|p1a: Ting-Lu|Ting-Lu, L50|100\/100\n|-ability|p1a: Ting-Lu|Vessel of Ruin\n|-terastallize|p2a: Flutter Mane|Fairy\n|move|p2b: Palafin|Jet Punch|p1a: Ting-Lu\n|-supereffective|p1a: Ting-Lu\n|-damage|p1a: Ting-Lu|80\/100\n|move|p2a: Flutter Mane|Moonblast|p1a: Ting-Lu\n|-supereffective|p1a: Ting-Lu\n|-damage|p1a: Ting-Lu|26\/100\n|move|p1b: Annihilape|Bulk Up|p1b: Annihilape\n|-boost|p1b: Annihilape|atk|1\n|-boost|p1b: Annihilape|def|1\n|\n|upkeep\n|turn|2\n|\n|t:|1682367306\n|move|p2a: Flutter Mane|Moonblast|p1b: Annihilape\n|-supereffective|p1b: Annihilape\n|-damage|p1b: Annihilape|0 fnt\n|faint|p1b: Annihilape\n|move|p2b: Palafin|Wave Crash|p1a: Ting-Lu\n|-supereffective|p1a: Ting-Lu\n|-damage|p1a: Ting-Lu|0 fnt\n|faint|p1a: Ting-Lu\n|-damage|p2b: Palafin|90\/100|[from] Recoil\n|\n|upkeep\n|\n|t:|1682367314\n|switch|p1b: Maushold|Maushold-Four, L50|100\/100\n|switch|p1a: Arcanine|Arcanine, L50, F|100\/100\n|-ability|p1a: Arcanine|Intimidate|boost\n|-unboost|p2a: Flutter Mane|atk|1\n|-unboost|p2b: Palafin|atk|1\n|turn|3\n|\n|t:|1682367335\n|-end|p2a: Flutter Mane|Protosynthesis|[silent]\n|switch|p2a: Arcanine|Arcanine, L50, M|100\/100\n|-ability|p2a: Arcanine|Intimidate|boost\n|-unboost|p1a: Arcanine|atk|1\n|-unboost|p1b: Maushold|atk|1\n|detailschange|p2b: Palafin|Palafin-Hero, L50, M\n|switch|p2b: Amoonguss|Amoonguss, L50, M|100\/100\n|move|p1b: Maushold|Super Fang|p2a: Arcanine\n|-damage|p2a: Arcanine|51\/100\n|move|p1a: Arcanine|Flare Blitz|p2a: Arcanine\n|-resisted|p2a: Arcanine\n|-damage|p2a: Arcanine|36\/100\n|-damage|p1a: Arcanine|95\/100|[from] Recoil\n|\n|upkeep\n|turn|4\n|\n|t:|1682367378\n|-terastallize|p1a: Arcanine|Fire\n|move|p1b: Maushold|Population Bomb|p2a: Arcanine\n|-damage|p2a: Arcanine|31\/100\n|-damage|p2a: Arcanine|26\/100\n|-damage|p2a: Arcanine|22\/100\n|-damage|p2a: Arcanine|17\/100\n|-damage|p2a: Arcanine|13\/100\n|-damage|p2a: Arcanine|8\/100\n|-crit|p2a: Arcanine\n|-damage|p2a: Arcanine|0 fnt\n|faint|p2a: Arcanine\n|-hitcount|p2: Arcanine|7\n|move|p1a: Arcanine|Flare Blitz|p2b: Amoonguss\n|-supereffective|p2b: Amoonguss\n|-damage|p2b: Amoonguss|33\/100\n|-damage|p1a: Arcanine|71\/100|[from] Recoil\n|move|p2b: Amoonguss|Spore|p1a: Arcanine\n|-status|p1a: Arcanine|slp|[from] move: Spore\n|\n|upkeep\n|\n|t:|1682367390\n|switch|p2a: Flutter Mane|Flutter Mane, L50, tera:Fairy|100\/100\n|turn|5\n|\n|t:|1682367414\n|move|p1b: Maushold|Protect|p1b: Maushold\n|-singleturn|p1b: Maushold|Protect\n|move|p2b: Amoonguss|Rage Powder|p2b: Amoonguss\n|-singleturn|p2b: Amoonguss|move: Rage Powder\n|move|p2a: Flutter Mane|Moonblast|p1b: Maushold\n|-activate|p1b: Maushold|move: Protect\n|cant|p1a: Arcanine|slp\n|\n|upkeep\n|turn|6\n|\n|t:|1682367448\n|move|p2b: Amoonguss|Rage Powder|p2b: Amoonguss\n|-singleturn|p2b: Amoonguss|move: Rage Powder\n|move|p2a: Flutter Mane|Moonblast|p1b: Maushold\n|-damage|p1b: Maushold|0 fnt\n|faint|p1b: Maushold\n|cant|p1a: Arcanine|slp\n|\n|upkeep\n|turn|7\n|\n|t:|1682367458\n|move|p2b: Amoonguss|Rage Powder|p2b: Amoonguss\n|-singleturn|p2b: Amoonguss|move: Rage Powder\n|move|p2a: Flutter Mane|Moonblast|p1a: Arcanine\n|-resisted|p1a: Arcanine\n|-damage|p1a: Arcanine|23\/100 slp\n|-unboost|p1a: Arcanine|spa|1\n|-curestatus|p1a: Arcanine|slp|[msg]\n|move|p1a: Arcanine|Flare Blitz|p2b: Amoonguss\n|-supereffective|p2b: Amoonguss\n|-damage|p2b: Amoonguss|0 fnt\n|faint|p2b: Amoonguss\n|-damage|p1a: Arcanine|11\/100|[from] Recoil\n|\n|upkeep\n|\n|t:|1682367463\n|switch|p2b: Palafin|Palafin-Hero, L50, M|90\/100\n|-activate|p2b: Palafin|ability: Zero to Hero\n|turn|8\n|\n|t:|1682367475\n|move|p2b: Palafin|Jet Punch|p1a: Arcanine\n|-supereffective|p1a: Arcanine\n|-damage|p1a: Arcanine|0 fnt\n|faint|p1a: Arcanine\n|\n|win|oopsycanyousee\n|raw|Absinthe_XII's rating: 1088 → 1069<\/strong> (-19 for losing)\n|raw|oopsycanyousee's rating: 1152 → 1172<\/strong> (+20 for winning)\n|l|\u2606Absinthe_XII\n|l|\u2606oopsycanyousee\n|j|\u2606oopsycanyousee\n|player|p2|oopsycanyousee|beauty-gen5bw2\n","uploadtime":1682367978,"views":16,"p1id":"absinthexii","p2id":"oopsycanyousee","formatid":"gen9vgc2023regulationc","rating":1069,"private":0,"password":""}