{"id":"gen9vgc2023regulationc-1845820858","p1":"Capsubaru","p2":"lucmazz","format":"[Gen 9] VGC 2023 Regulation C","log":"|j|\u2606Capsubaru\n|j|\u2606lucmazz\n|t:|1681767959\n|gametype|doubles\n|player|p1|Capsubaru|colress|1109\n|player|p2|lucmazz|102|1060\n|teamsize|p1|6\n|teamsize|p2|6\n|gen|9\n|tier|[Gen 9] VGC 2023 Regulation C\n|rated|\n|rule|Species Clause: Limit one of each Pok\u00e9mon\n|rule|Item Clause: Limit one of each item\n|clearpoke\n|poke|p1|Wo-Chien, L50|\n|poke|p1|Chi-Yu, L50|\n|poke|p1|Glimmora, L50, M|\n|poke|p1|Ting-Lu, L50|\n|poke|p1|Iron Hands, L50|\n|poke|p1|Murkrow, L50, M|\n|poke|p2|Tyranitar, L50, M|\n|poke|p2|Arcanine, L50, F|\n|poke|p2|Gyarados, L50, M|\n|poke|p2|Gastrodon-East, L50, F|\n|poke|p2|Glimmora, L50, M|\n|poke|p2|Grimmsnarl, L50, M|\n|teampreview|4\n|inactive|Battle timer is ON: inactive players will automatically lose when time's up. (requested by Capsubaru)\n|inactive|Capsubaru has 60 seconds left.\n|inactive|lucmazz has 60 seconds left.\n|\n|t:|1681767996\n|start\n|switch|p1a: Glimmora|Glimmora, L50, M|100\/100\n|switch|p1b: Iron Hands|Iron Hands, L50|100\/100\n|switch|p2a: Tyranitar|Tyranitar, L50, M|100\/100\n|switch|p2b: Gyarados|Gyarados, L50, M|100\/100\n|-weather|Sandstorm|[from] ability: Sand Stream|[of] p2a: Tyranitar\n|-ability|p2b: Gyarados|Intimidate|boost\n|-unboost|p1a: Glimmora|atk|1\n|-unboost|p1b: Iron Hands|atk|1\n|turn|1\n|inactive|lucmazz has 30 seconds left.\n|inactive|lucmazz has 20 seconds left.\n|\n|t:|1681768032\n|-terastallize|p2a: Tyranitar|Flying\n|move|p1a: Glimmora|Mortal Spin|p2b: Gyarados|[spread] p2a,p2b\n|-damage|p2a: Tyranitar|99\/100\n|-damage|p2b: Gyarados|97\/100\n|-status|p2a: Tyranitar|psn\n|-status|p2b: Gyarados|psn\n|-enditem|p2b: Gyarados|Lum Berry|[eat]\n|-curestatus|p2b: Gyarados|psn|[msg]\n|move|p2a: Tyranitar|Tera Blast|p1b: Iron Hands\n|-damage|p1b: Iron Hands|75\/100\n|move|p2b: Gyarados|Waterfall|p1a: Glimmora\n|-supereffective|p1a: Glimmora\n|-enditem|p1a: Glimmora|Focus Sash\n|-damage|p1a: Glimmora|1\/100\n|-activate|p1a: Glimmora|ability: Toxic Debris\n|-sidestart|p2: lucmazz|move: Toxic Spikes\n|move|p1b: Iron Hands|Volt Switch|p2b: Gyarados\n|-supereffective|p2b: Gyarados\n|-damage|p2b: Gyarados|59\/100\n|\n|t:|1681768055\n|-end|p1b: Iron Hands|Quark Drive|[silent]\n|switch|p1b: Ting-Lu|Ting-Lu, L50|100\/100|[from] Volt Switch\n|-ability|p1b: Ting-Lu|Vessel of Ruin\n|\n|-weather|Sandstorm|[upkeep]\n|-damage|p2a: Tyranitar|93\/100 psn|[from] Sandstorm\n|-damage|p2b: Gyarados|53\/100|[from] Sandstorm\n|-damage|p2a: Tyranitar|80\/100 psn|[from] psn\n|upkeep\n|turn|2\n|\n|t:|1681768072\n|move|p1a: Glimmora|Power Gem|p2b: Gyarados\n|-supereffective|p2b: Gyarados\n|-damage|p2b: Gyarados|8\/100\n|move|p2a: Tyranitar|Earthquake|p1a: Glimmora|[spread] p1a,p1b\n|-immune|p2b: Gyarados\n|-supereffective|p1a: Glimmora\n|-damage|p1a: Glimmora|0 fnt\n|-damage|p1b: Ting-Lu|84\/100\n|-activate|p1a: Glimmora|ability: Toxic Debris\n|-sidestart|p2: lucmazz|move: Toxic Spikes\n|faint|p1a: Glimmora\n|move|p2b: Gyarados|Waterfall|p1b: Ting-Lu\n|-supereffective|p1b: Ting-Lu\n|-damage|p1b: Ting-Lu|30\/100\n|move|p1b: Ting-Lu|Earthquake|p2b: Gyarados|[spread] \n|-immune|p2a: Tyranitar\n|-immune|p2b: Gyarados\n|\n|-weather|Sandstorm|[upkeep]\n|-damage|p2a: Tyranitar|74\/100 psn|[from] Sandstorm\n|-damage|p2b: Gyarados|1\/100|[from] Sandstorm\n|-damage|p2a: Tyranitar|62\/100 psn|[from] psn\n|upkeep\n|\n|t:|1681768096\n|switch|p1a: Iron Hands|Iron Hands, L50|75\/100\n|turn|3\n|c|\u2606Capsubaru|Not my best work lmao\n|inactive|lucmazz has 30 seconds left.\n|\n|t:|1681768127\n|move|p2a: Tyranitar|Dragon Dance|p2a: Tyranitar\n|-boost|p2a: Tyranitar|atk|1\n|-boost|p2a: Tyranitar|spe|1\n|move|p2b: Gyarados|Iron Head|p1a: Iron Hands\n|-resisted|p1a: Iron Hands\n|-damage|p1a: Iron Hands|68\/100\n|move|p1a: Iron Hands|Wild Charge|p2a: Tyranitar\n|-supereffective|p2a: Tyranitar\n|-damage|p2a: Tyranitar|0 fnt\n|faint|p2a: Tyranitar\n|-damage|p1a: Iron Hands|56\/100|[from] Recoil\n|move|p1b: Ting-Lu|Heavy Slam|p2b: Gyarados\n|-resisted|p2b: Gyarados\n|-damage|p2b: Gyarados|0 fnt\n|faint|p2b: Gyarados\n|\n|-weather|Sandstorm|[upkeep]\n|-damage|p1a: Iron Hands|50\/100|[from] Sandstorm\n|-enditem|p1a: Iron Hands|Sitrus Berry|[eat]\n|-heal|p1a: Iron Hands|75\/100|[from] item: Sitrus Berry\n|upkeep\n|\n|t:|1681768150\n|switch|p2a: Arcanine|Arcanine, L50, F|100\/100\n|switch|p2b: Glimmora|Glimmora, L50, M|100\/100\n|-status|p2a: Arcanine|tox\n|-ability|p2a: Arcanine|Intimidate|boost\n|-unboost|p1a: Iron Hands|atk|1\n|-unboost|p1b: Ting-Lu|atk|1\n|-sideend|p2: lucmazz|move: Toxic Spikes|[of] p2b: Glimmora\n|turn|4\n|\n|t:|1681768168\n|move|p1a: Iron Hands|Protect|p1a: Iron Hands\n|-singleturn|p1a: Iron Hands|Protect\n|move|p2a: Arcanine|Will-O-Wisp|p1a: Iron Hands\n|-activate|p1a: Iron Hands|move: Protect\n|move|p2b: Glimmora|Energy Ball|p1b: Ting-Lu\n|-supereffective|p1b: Ting-Lu\n|-damage|p1b: Ting-Lu|7\/100\n|move|p1b: Ting-Lu|Earthquake|p2b: Glimmora|[spread] p2a,p2b\n|-activate|p1a: Iron Hands|move: Protect\n|-supereffective|p2a: Arcanine\n|-supereffective|p2b: Glimmora\n|-damage|p2a: Arcanine|59\/100 tox\n|-damage|p2b: Glimmora|0 fnt\n|faint|p2b: Glimmora\n|\n|-weather|Sandstorm|[upkeep]\n|-damage|p1a: Iron Hands|69\/100|[from] Sandstorm\n|-damage|p2a: Arcanine|53\/100 tox|[from] psn\n|upkeep\n|turn|5\n|-message|lucmazz forfeited.\n|\n|win|Capsubaru\n|raw|Capsubaru's rating: 1109 → 1130<\/strong> (+21 for winning)\n|raw|lucmazz's rating: 1060 → 1044<\/strong> (-16 for losing)\n|l|\u2606lucmazz\n","uploadtime":1681768193,"views":12,"p1id":"capsubaru","p2id":"lucmazz","formatid":"gen9vgc2023regulationc","rating":1044,"private":0,"password":""}