{"id":"gen9vgc2023regulationc-1850988663","p1":"PoGoboy","p2":"leafyarrow","format":"[Gen 9] VGC 2023 Regulation C","log":"|j|\u2606PoGoboy\n|j|\u2606leafyarrow\n|t:|1682390747\n|gametype|doubles\n|player|p1|PoGoboy|rika|\n|player|p2|leafyarrow|leaf-gen3|\n|teamsize|p1|6\n|teamsize|p2|6\n|gen|9\n|tier|[Gen 9] VGC 2023 Regulation C\n|rated|Tournament battle\n|rule|Species Clause: Limit one of each Pok\u00e9mon\n|rule|Item Clause: Limit one of each item\n|clearpoke\n|poke|p1|Lycanroc, L50, M|\n|poke|p1|Tyranitar, L50, M|\n|poke|p1|Houndstone, L50, M|\n|poke|p1|Gyarados, L50, M|\n|poke|p1|Vaporeon, L50, M|\n|poke|p1|Palossand, L50, M|\n|poke|p2|Flutter Mane, L50|\n|poke|p2|Palafin, L50, M|\n|poke|p2|Amoonguss, L50, F|\n|poke|p2|Ting-Lu, L50|\n|poke|p2|Arcanine, L50, M|\n|poke|p2|Kingambit, L50, F|\n|teampreview|4\n|raw| Open Team Sheet for PoGoboy<\/summary>Lycanroc @ Focus Sash Ability: Sand Rush Level: 50 Shiny: Yes Tera Type: Ghost - Protect - Endeavor - Rock Slide - Close Combat Tyranitar @ Weakness Policy Ability: Sand Stream Level: 50 Shiny: Yes Tera Type: Rock - Protect - Rock Slide - Assurance - Low Kick Houndstone @ Life Orb Ability: Sand Rush Level: 50 Shiny: Yes Tera Type: Ghost - Protect - Shadow Sneak - Last Respects - Play Rough Gyarados @ Safety Goggles Ability: Intimidate Level: 50 Tera Type: Steel - Protect - Waterfall - Iron Head - Taunt Vaporeon @ Leftovers Ability: Water Absorb Level: 50 Tera Type: Water - Protect - Wish - Surf - Haze Palossand @ Assault Vest Ability: Water Compaction Level: 50 Shiny: Yes Tera Type: Water - Shadow Ball - Earth Power - Giga Drain - Flash Cannon <\/details><\/div> Open Team Sheet for leafyarrow<\/summary>Flutter Mane @ Choice Specs Ability: Protosynthesis Level: 50 Tera Type: Fairy - Moonblast - Dazzling Gleam - Shadow Ball - Thunderbolt Palafin @ Mystic Water Ability: Zero to Hero Level: 50 Tera Type: Water - Jet Punch - Wave Crash - Haze - Protect Amoonguss @ Sitrus Berry Ability: Regenerator Level: 50 Tera Type: Flying - Pollen Puff - Protect - Spore - Rage Powder Ting-Lu @ Assault Vest Ability: Vessel of Ruin Level: 50 Tera Type: Poison - Ruination - Stomping Tantrum - Heavy Slam - Fissure Arcanine @ Safety Goggles Ability: Intimidate Level: 50 Tera Type: Grass - Flare Blitz - Will-O-Wisp - Protect - Extreme Speed Kingambit @ Lum Berry Ability: Defiant Level: 50 Tera Type: Grass - Iron Head - Protect - Sucker Punch - Tera Blast <\/details><\/div>\n|inactive|Battle timer is ON: inactive players will automatically lose when time's up. (requested by PoGoboy)\n|j| HisuianTestament\n|inactive|PoGoboy has 60 seconds left.\n|inactive|leafyarrow has 60 seconds left.\n|\n|t:|1682390788\n|start\n|switch|p1a: Lycanroc|Lycanroc, L50, M, shiny|100\/100\n|switch|p1b: Tyranitar|Tyranitar, L50, M, shiny|100\/100\n|switch|p2a: Kingambit|Kingambit, L50, F|100\/100\n|switch|p2b: Palafin|Palafin, L50, M|100\/100\n|-weather|Sandstorm|[from] ability: Sand Stream|[of] p1b: Tyranitar\n|turn|1\n|inactive|leafyarrow has 30 seconds left.\n|\n|t:|1682390822\n|detailschange|p2b: Palafin|Palafin-Hero, L50, M\n|switch|p2b: Arcanine|Arcanine, L50, M|100\/100\n|-ability|p2b: Arcanine|Intimidate|boost\n|-unboost|p1a: Lycanroc|atk|1\n|-unboost|p1b: Tyranitar|atk|1\n|move|p1a: Lycanroc|Protect|p1a: Lycanroc\n|-singleturn|p1a: Lycanroc|Protect\n|move|p1b: Tyranitar|Low Kick|p2a: Kingambit\n|-supereffective|p2a: Kingambit\n|-damage|p2a: Kingambit|20\/100\n|move|p2a: Kingambit|Iron Head|p1a: Lycanroc\n|-activate|p1a: Lycanroc|move: Protect\n|\n|-weather|Sandstorm|[upkeep]\n|upkeep\n|turn|2\n|inactive|PoGoboy has 30 seconds left.\n|inactive|leafyarrow has 30 seconds left.\n|\n|t:|1682390854\n|-terastallize|p2b: Arcanine|Grass\n|-terastallize|p1b: Tyranitar|Rock\n|move|p2a: Kingambit|Sucker Punch|p1a: Lycanroc\n|-damage|p1a: Lycanroc|36\/100\n|move|p1a: Lycanroc|Rock Slide|p2b: Arcanine|[spread] p2a\n|-miss|p1a: Lycanroc|p2b: Arcanine\n|-resisted|p2a: Kingambit\n|-damage|p2a: Kingambit|13\/100\n|move|p2b: Arcanine|Will-O-Wisp|p1b: Tyranitar\n|-status|p1b: Tyranitar|brn\n|move|p1b: Tyranitar|Rock Slide|p2b: Arcanine|[spread] p2a,p2b\n|-resisted|p2a: Kingambit\n|-damage|p2a: Kingambit|8\/100\n|-damage|p2b: Arcanine|85\/100\n|\n|-weather|Sandstorm|[upkeep]\n|-damage|p1b: Tyranitar|95\/100 brn|[from] brn\n|upkeep\n|turn|3\n|inactive|PoGoboy has 30 seconds left.\n|inactive|leafyarrow has 30 seconds left.\n|inactive|leafyarrow has 20 seconds left.\n|inactive|leafyarrow has 15 seconds left.\n|inactive|leafyarrow has 10 seconds left.\n|\n|t:|1682390900\n|switch|p2b: Amoonguss|Amoonguss, L50, F|100\/100\n|move|p2a: Kingambit|Sucker Punch|p1a: Lycanroc\n|-damage|p1a: Lycanroc|0 fnt\n|faint|p1a: Lycanroc\n|move|p1b: Tyranitar|Rock Slide|p2a: Kingambit|[spread] p2a,p2b\n|-resisted|p2a: Kingambit\n|-damage|p2a: Kingambit|2\/100\n|-damage|p2b: Amoonguss|88\/100\n|\n|-weather|Sandstorm|[upkeep]\n|-damage|p2b: Amoonguss|82\/100|[from] Sandstorm\n|-damage|p1b: Tyranitar|89\/100 brn|[from] brn\n|upkeep\n|\n|t:|1682390921\n|switch|p1a: Vaporeon|Vaporeon, L50, M|100\/100\n|turn|4\n|inactive|leafyarrow has 30 seconds left.\n|\n|t:|1682390957\n|switch|p2a: Arcanine|Arcanine, L50, M, tera:Grass|85\/100\n|-ability|p2a: Arcanine|Intimidate|boost\n|-unboost|p1a: Vaporeon|atk|1\n|-unboost|p1b: Tyranitar|atk|1\n|move|p1b: Tyranitar|Protect|p1b: Tyranitar\n|-singleturn|p1b: Tyranitar|Protect\n|move|p1a: Vaporeon|Surf|p2b: Amoonguss|[spread] p2a,p2b\n|-activate|p1b: Tyranitar|move: Protect\n|-resisted|p2a: Arcanine\n|-resisted|p2b: Amoonguss\n|-damage|p2a: Arcanine|72\/100\n|-damage|p2b: Amoonguss|72\/100\n|move|p2b: Amoonguss|Spore|p1a: Vaporeon\n|-status|p1a: Vaporeon|slp|[from] move: Spore\n|\n|-weather|Sandstorm|[upkeep]\n|-damage|p1a: Vaporeon|95\/100 slp|[from] Sandstorm\n|-damage|p2b: Amoonguss|66\/100|[from] Sandstorm\n|-heal|p1a: Vaporeon|100\/100 slp|[from] item: Leftovers\n|-damage|p1b: Tyranitar|83\/100 brn|[from] brn\n|upkeep\n|turn|5\n|j| Albino Pinecone\n|l| Albino Pinecone\n|\n|t:|1682390979\n|switch|p1b: Palossand|Palossand, L50, M, shiny|100\/100\n|move|p2a: Arcanine|Extreme Speed|p1a: Vaporeon\n|-damage|p1a: Vaporeon|85\/100 slp\n|cant|p1a: Vaporeon|slp\n|move|p2b: Amoonguss|Pollen Puff|p2a: Arcanine\n|-heal|p2a: Arcanine|100\/100\n|\n|-weather|none\n|-heal|p1a: Vaporeon|91\/100 slp|[from] item: Leftovers\n|upkeep\n|turn|6\n|\n|t:|1682391004\n|move|p2a: Arcanine|Extreme Speed|p1a: Vaporeon\n|-damage|p1a: Vaporeon|77\/100 slp\n|cant|p1a: Vaporeon|slp\n|move|p1b: Palossand|Shadow Ball|p2a: Arcanine\n|-damage|p2a: Arcanine|72\/100\n|move|p2b: Amoonguss|Spore|p1b: Palossand\n|-status|p1b: Palossand|slp|[from] move: Spore\n|\n|-heal|p1a: Vaporeon|83\/100 slp|[from] item: Leftovers\n|upkeep\n|turn|7\n|inactive|PoGoboy has 30 seconds left.\n|\n|t:|1682391034\n|switch|p2a: Palafin|Palafin-Hero, L50, M|100\/100\n|-activate|p2a: Palafin|ability: Zero to Hero\n|cant|p1a: Vaporeon|slp\n|cant|p1b: Palossand|slp\n|move|p2b: Amoonguss|Pollen Puff|p2a: Palafin\n|-immune|p2a: Palafin\n|\n|-heal|p1a: Vaporeon|89\/100 slp|[from] item: Leftovers\n|upkeep\n|turn|8\n|\n|t:|1682391049\n|move|p2a: Palafin|Wave Crash|p1b: Palossand\n|-supereffective|p1b: Palossand\n|-damage|p1b: Palossand|0 fnt\n|faint|p1b: Palossand\n|-damage|p2a: Palafin|69\/100|[from] Recoil\n|-curestatus|p1a: Vaporeon|slp|[msg]\n|move|p1a: Vaporeon|Surf|p2a: Palafin|[spread] p2a,p2b\n|-resisted|p2a: Palafin\n|-resisted|p2b: Amoonguss\n|-damage|p2a: Palafin|56\/100\n|-damage|p2b: Amoonguss|56\/100\n|move|p2b: Amoonguss|Spore|p1a: Vaporeon\n|-status|p1a: Vaporeon|slp|[from] move: Spore\n|\n|-heal|p1a: Vaporeon|95\/100 slp|[from] item: Leftovers\n|upkeep\n|inactive|PoGoboy has 30 seconds left.\n|inactive|PoGoboy has 20 seconds left.\n|l|\u2606PoGoboy\n|inactive|PoGoboy disconnected and has a minute to reconnect!\n|player|p1|\n|inactive|PoGoboy has 15 seconds left.\n|inactive|PoGoboy has 10 seconds left.\n|inactive|PoGoboy has 5 seconds left.\n|-message|PoGoboy lost due to inactivity.\n|\n|win|leafyarrow\n|n|\u2606leafyarrow|leafyarrow\n|n| HisuianTestament|hisuiantestament\n","uploadtime":1682391108,"views":18,"p1id":"pogoboy","p2id":"leafyarrow","formatid":"gen9vgc2023regulationc","rating":0,"private":0,"password":""}