{"id":"gen9vgc2023regulationc-1859884740","p1":"citrussnapple","p2":"HeroicPKMN","format":"[Gen 9] VGC 2023 Regulation C","log":"|j|\u2606citrussnapple\n|j|\u2606HeroicPKMN\n|t:|1683572691\n|gametype|doubles\n|player|p1|citrussnapple|liza|1107\n|player|p2|HeroicPKMN|2|1046\n|teamsize|p1|6\n|teamsize|p2|6\n|gen|9\n|tier|[Gen 9] VGC 2023 Regulation C\n|rated|\n|rule|Species Clause: Limit one of each Pok\u00e9mon\n|rule|Item Clause: Limit one of each item\n|clearpoke\n|poke|p1|Flutter Mane, L50|\n|poke|p1|Chi-Yu, L50|\n|poke|p1|Jumpluff, L50, F|\n|poke|p1|Roaring Moon, L50|\n|poke|p1|Wo-Chien, L50|\n|poke|p1|Torkoal, L50, F|\n|poke|p2|Annihilape, L50, M|\n|poke|p2|Maushold-Four, L50|\n|poke|p2|Ting-Lu, L50|\n|poke|p2|Gyarados, L50, M|\n|poke|p2|Dragonite, L50, F|\n|poke|p2|Volcarona, L50, F|\n|teampreview|4\n|inactive|Battle timer is ON: inactive players will automatically lose when time's up. (requested by HeroicPKMN)\nHeroicPKMN has agreed to open team sheets.\n|c|\u2606HeroicPKMN|L m a o\n|\n|t:|1683572731\n|start\n|switch|p1a: Flutter Mane|Flutter Mane, L50|100\/100\n|switch|p1b: Wo-Chien|Wo-Chien, L50|100\/100\n|switch|p2a: Orphanmaker|Annihilape, L50, M|100\/100\n|switch|p2b: Childhaver|Maushold-Four, L50|100\/100\n|-ability|p1b: Wo-Chien|Tablets of Ruin\n|turn|1\n|c|\u2606citrussnapple|glhf\n|c|\u2606HeroicPKMN|Glhf :D\n|inactive|citrussnapple has 30 seconds left.\n|\n|t:|1683572760\n|switch|p2b: Bullwinkle|Ting-Lu, L50|100\/100\n|-ability|p2b: Bullwinkle|Vessel of Ruin\n|-terastallize|p2a: Orphanmaker|Fire\n|move|p2a: Orphanmaker|Bulk Up|p2a: Orphanmaker\n|-boost|p2a: Orphanmaker|atk|1\n|-boost|p2a: Orphanmaker|def|1\n|move|p1b: Wo-Chien|Leaf Storm|p2b: Bullwinkle\n|-supereffective|p2b: Bullwinkle\n|-damage|p2b: Bullwinkle|55\/100\n|-unboost|p1b: Wo-Chien|spa|2\n|-enditem|p1b: Wo-Chien|Eject Pack\n|\n|t:|1683572772\n|switch|p1b: Torkoal|Torkoal, L50, F|100\/100\n|-weather|SunnyDay|[from] ability: Drought|[of] p1b: Torkoal\n|-activate|p1a: Flutter Mane|ability: Protosynthesis\n|-start|p1a: Flutter Mane|protosynthesisspa\n|move|p1a: Flutter Mane|Trick Room|p1a: Flutter Mane\n|-fieldstart|move: Trick Room|[of] p1a: Flutter Mane\n|\n|-weather|SunnyDay|[upkeep]\n|upkeep\n|turn|2\n|inactive|citrussnapple has 30 seconds left.\n|\n|t:|1683572801\n|-terastallize|p1b: Torkoal|Fire\n|move|p1a: Flutter Mane|Protect|p1a: Flutter Mane\n|-singleturn|p1a: Flutter Mane|Protect\n|move|p1b: Torkoal|Heat Wave|p2b: Bullwinkle|[spread] p2a\n|-miss|p1b: Torkoal|p2b: Bullwinkle\n|-resisted|p2a: Orphanmaker\n|-damage|p2a: Orphanmaker|74\/100\n|move|p2b: Bullwinkle|Stomping Tantrum|p1b: Torkoal\n|-supereffective|p1b: Torkoal\n|-damage|p1b: Torkoal|55\/100\n|move|p2a: Orphanmaker|Rage Fist|p1a: Flutter Mane\n|-activate|p1a: Flutter Mane|move: Protect\n|\n|-weather|SunnyDay|[upkeep]\n|-heal|p2a: Orphanmaker|80\/100|[from] item: Leftovers\n|upkeep\n|turn|3\n|inactive|citrussnapple has 30 seconds left.\n|inactive|citrussnapple has 20 seconds left.\n|\n|t:|1683572838\n|move|p1b: Torkoal|Heat Wave|p2b: Bullwinkle|[spread] p2a,p2b\n|-resisted|p2a: Orphanmaker\n|-damage|p2a: Orphanmaker|52\/100\n|-damage|p2b: Bullwinkle|22\/100\n|move|p2b: Bullwinkle|Stomping Tantrum|p1b: Torkoal\n|-supereffective|p1b: Torkoal\n|-damage|p1b: Torkoal|11\/100\n|move|p2a: Orphanmaker|Rage Fist|p1a: Flutter Mane\n|-supereffective|p1a: Flutter Mane\n|-damage|p1a: Flutter Mane|0 fnt\n|faint|p1a: Flutter Mane\n|-end|p1a: Flutter Mane|Protosynthesis|[silent]\n|\n|-weather|SunnyDay|[upkeep]\n|-heal|p2a: Orphanmaker|59\/100|[from] item: Leftovers\n|upkeep\n|\n|t:|1683572850\n|switch|p1a: Wo-Chien|Wo-Chien, L50|100\/100\n|-ability|p1a: Wo-Chien|Tablets of Ruin\n|turn|4\n|\n|t:|1683572860\n|move|p1b: Torkoal|Heat Wave|p2a: Orphanmaker|[spread] p2a,p2b\n|-resisted|p2a: Orphanmaker\n|-damage|p2a: Orphanmaker|35\/100\n|-damage|p2b: Bullwinkle|0 fnt\n|faint|p2b: Bullwinkle\n|move|p1a: Wo-Chien|Pollen Puff|p1b: Torkoal\n|-heal|p1b: Torkoal|61\/100\n|move|p2a: Orphanmaker|Rage Fist|p1a: Wo-Chien\n|-resisted|p1a: Wo-Chien\n|-damage|p1a: Wo-Chien|58\/100\n|\n|-weather|SunnyDay|[upkeep]\n|-heal|p2a: Orphanmaker|41\/100|[from] item: Leftovers\n|upkeep\n|\n|t:|1683572872\n|switch|p2b: Childhaver|Maushold-Four, L50|100\/100\n|turn|5\n|\n|t:|1683572885\n|move|p2b: Childhaver|Follow Me|p2b: Childhaver\n|-singleturn|p2b: Childhaver|move: Follow Me\n|move|p1b: Torkoal|Heat Wave|p2a: Orphanmaker|[spread] p2a,p2b\n|-resisted|p2a: Orphanmaker\n|-damage|p2a: Orphanmaker|17\/100\n|-damage|p2b: Childhaver|9\/100\n|move|p1a: Wo-Chien|Dark Pulse|p2b: Childhaver\n|-damage|p2b: Childhaver|0 fnt\n|faint|p2b: Childhaver\n|move|p2a: Orphanmaker|Rage Fist|p1b: Torkoal\n|-damage|p1b: Torkoal|0 fnt\n|faint|p1b: Torkoal\n|\n|-weather|none\n|-heal|p2a: Orphanmaker|23\/100|[from] item: Leftovers\n|-fieldend|move: Trick Room\n|upkeep\n|\n|t:|1683572898\n|switch|p2b: Dragonite|Dragonite, L50, F|100\/100\n|switch|p1b: Roaring Moon|Roaring Moon, L50|100\/100\n|turn|6\n|\n|t:|1683572915\n|move|p1b: Roaring Moon|Rock Slide|p2b: Dragonite|[spread] p2a,p2b\n|-supereffective|p2a: Orphanmaker\n|-supereffective|p2b: Dragonite\n|-crit|p2b: Dragonite\n|-damage|p2a: Orphanmaker|6\/100\n|-damage|p2b: Dragonite|75\/100\n|cant|p2b: Dragonite|flinch\n|move|p2a: Orphanmaker|Drain Punch|p1b: Roaring Moon\n|-supereffective|p1b: Roaring Moon\n|-damage|p1b: Roaring Moon|13\/100\n|-heal|p2a: Orphanmaker|46\/100|[from] drain|[of] p1b: Roaring Moon\n|-enditem|p1b: Roaring Moon|Weakness Policy\n|-boost|p1b: Roaring Moon|atk|2|[from] item: Weakness Policy\n|-boost|p1b: Roaring Moon|spa|2|[from] item: Weakness Policy\n|move|p1a: Wo-Chien|Dark Pulse|p2a: Orphanmaker\n|-damage|p2a: Orphanmaker|18\/100\n|\n|-heal|p2a: Orphanmaker|24\/100|[from] item: Leftovers\n|upkeep\n|turn|7\n|inactive|HeroicPKMN has 30 seconds left.\n|\n|t:|1683572942\n|move|p2b: Dragonite|Extreme Speed|p1b: Roaring Moon\n|-damage|p1b: Roaring Moon|0 fnt\n|faint|p1b: Roaring Moon\n|-end|p1b: Roaring Moon|Protosynthesis|[silent]\n|move|p2a: Orphanmaker|Drain Punch|p1a: Wo-Chien\n|-supereffective|p1a: Wo-Chien\n|-damage|p1a: Wo-Chien|0 fnt\n|-heal|p2a: Orphanmaker|50\/100|[from] drain|[of] p1a: Wo-Chien\n|faint|p1a: Wo-Chien\n|\n|win|HeroicPKMN\n|raw|citrussnapple's rating: 1107 → 1078<\/strong> (-29 for losing)\n|raw|HeroicPKMN's rating: 1046 → 1085<\/strong> (+39 for winning)\n|c|\u2606citrussnapple|gg\n|c|\u2606citrussnapple|wp\n|l|\u2606citrussnapple\n|c|\u2606HeroicPKMN|Ggwp\n|l|\u2606HeroicPKMN\n|j|\u2606HeroicPKMN\n|player|p2|HeroicPKMN|2\n","uploadtime":1683572977,"views":12,"p1id":"citrussnapple","p2id":"heroicpkmn","formatid":"gen9vgc2023regulationc","rating":1078,"private":0,"password":""}