{"id":"gen9vgc2023regulationc-1863263533","p1":"varca","p2":"adrpen","format":"[Gen 9] VGC 2023 Regulation C","log":"|j|\u2606varca\n|j|\u2606adrpen\n|t:|1683995276\n|gametype|doubles\n|player|p1|varca|clown|1000\n|player|p2|adrpen|boarder|1052\n|teamsize|p1|6\n|teamsize|p2|6\n|gen|9\n|tier|[Gen 9] VGC 2023 Regulation C\n|rated|\n|rule|Species Clause: Limit one of each Pok\u00e9mon\n|rule|Item Clause: Limit one of each item\n|clearpoke\n|poke|p1|Iron Hands, L50|\n|poke|p1|Amoonguss, L50, F|\n|poke|p1|Pelipper, L50, F|\n|poke|p1|Palafin, L50, F|\n|poke|p1|Arcanine, L50, F|\n|poke|p1|Dragonite, L50, F|\n|poke|p2|Amoonguss, L50, M|\n|poke|p2|Palafin, L50, M|\n|poke|p2|Iron Hands, L50|\n|poke|p2|Arcanine, L50, M|\n|poke|p2|Flutter Mane, L50|\n|poke|p2|Dragonite, L50, M|\n|teampreview|4\n|inactive|Battle timer is ON: inactive players will automatically lose when time's up. (requested by adrpen)\n|inactive|adrpen has 60 seconds left.\n|inactive|adrpen has 30 seconds left.\n|inactive|adrpen has 20 seconds left.\n|inactive|adrpen has 15 seconds left.\n|inactive|adrpen has 10 seconds left.\n|inactive|adrpen has 5 seconds left.\n|\n|t:|1683995364\n|start\n|switch|p1a: Pelipper|Pelipper, L50, F|100\/100\n|switch|p1b: Palafin|Palafin, L50, F|100\/100\n|switch|p2a: Iron Hands|Iron Hands, L50, shiny|100\/100\n|switch|p2b: Amoonguss|Amoonguss, L50, M, shiny|100\/100\n|-weather|RainDance|[from] ability: Drizzle|[of] p1a: Pelipper\n|turn|1\n|inactive|adrpen has 30 seconds left.\n|\n|t:|1683995397\n|detailschange|p1b: Palafin|Palafin-Hero, L50, F\n|switch|p1b: Dragonite|Dragonite, L50, F|100\/100\n|move|p2a: Iron Hands|Fake Out|p1a: Pelipper\n|-damage|p1a: Pelipper|81\/100\n|cant|p1a: Pelipper|flinch\n|move|p2b: Amoonguss|Spore|p1b: Dragonite\n|-status|p1b: Dragonite|slp|[from] move: Spore\n|\n|-weather|RainDance|[upkeep]\n|upkeep\n|turn|2\n|\n|t:|1683995421\n|switch|p2b: Palafin|Palafin, L50, M, shiny|100\/100\n|cant|p1b: Dragonite|slp\n|move|p1a: Pelipper|Tailwind|p1a: Pelipper\n|-sidestart|p1: varca|move: Tailwind\n|move|p2a: Iron Hands|Wild Charge|p1a: Pelipper\n|-supereffective|p1a: Pelipper\n|-damage|p1a: Pelipper|0 fnt\n|faint|p1a: Pelipper\n|-damage|p2a: Iron Hands|89\/100|[from] Recoil\n|\n|-weather|RainDance|[upkeep]\n|upkeep\n|\n|t:|1683995430\n|switch|p1a: Amoonguss|Amoonguss, L50, F|100\/100\n|turn|3\n|inactive|adrpen has 30 seconds left.\n|inactive|adrpen has 20 seconds left.\n|\n|t:|1683995467\n|detailschange|p2b: Palafin|Palafin-Hero, L50, M, shiny\n|switch|p2b: Amoonguss|Amoonguss, L50, M, shiny|100\/100\n|-terastallize|p2a: Iron Hands|Grass\n|cant|p1b: Dragonite|slp\n|move|p2a: Iron Hands|Wild Charge|p1b: Dragonite\n|-damage|p1b: Dragonite|79\/100 slp\n|-damage|p2a: Iron Hands|85\/100|[from] Recoil\n|move|p1a: Amoonguss|Spore|p2a: Iron Hands\n|-immune|p2a: Iron Hands\n|\n|-weather|RainDance|[upkeep]\n|upkeep\n|turn|4\n|inactive|adrpen has 30 seconds left.\n|inactive|adrpen has 20 seconds left.\n|\n|t:|1683995507\n|move|p1a: Amoonguss|Rage Powder|p1a: Amoonguss\n|-singleturn|p1a: Amoonguss|move: Rage Powder\n|cant|p1b: Dragonite|slp\n|move|p2a: Iron Hands|Wild Charge|p1b: Dragonite\n|-damage|p1b: Dragonite|38\/100 slp\n|-damage|p2a: Iron Hands|76\/100|[from] Recoil\n|move|p2b: Amoonguss|Pollen Puff|p2a: Iron Hands\n|-heal|p2a: Iron Hands|100\/100\n|\n|-weather|RainDance|[upkeep]\n|upkeep\n|turn|5\n|-message|varca forfeited.\n|\n|win|adrpen\n|raw|varca's rating: 1000 → 1000<\/strong> (+0 for losing)\n|raw|adrpen's rating: 1052 → 1079<\/strong> (+27 for winning)\n|l|\u2606varca\n","uploadtime":1683995531,"views":4,"p1id":"varca","p2id":"adrpen","formatid":"gen9vgc2023regulationc","rating":1000,"private":0,"password":""}