{"id":"gen9vgc2023regulationc-1846690948","p1":"AnderRose","p2":"jyhgfguy","format":"[Gen 9] VGC 2023 Regulation C","log":"|j|\u2606AnderRose\n|j|\u2606jyhgfguy\n|t:|1681866358\n|gametype|doubles\n|player|p1|AnderRose|marlon|1076\n|player|p2|jyhgfguy|169|1179\n|teamsize|p1|6\n|teamsize|p2|6\n|gen|9\n|tier|[Gen 9] VGC 2023 Regulation C\n|rated|\n|rule|Species Clause: Limit one of each Pok\u00e9mon\n|rule|Item Clause: Limit one of each item\n|clearpoke\n|poke|p1|Ditto, L50|\n|poke|p1|Palafin, L50, M|\n|poke|p1|Glimmora, L50, F|\n|poke|p1|Sylveon, L50, F|\n|poke|p1|Volcarona, L50, F|\n|poke|p1|Kingambit, L50, M|\n|poke|p2|Torkoal, L50, F|\n|poke|p2|Chi-Yu, L50|\n|poke|p2|Bronzong, L50|\n|poke|p2|Gastrodon, L50, F|\n|poke|p2|Grimmsnarl, L50, M|\n|poke|p2|Skeledirge, L50, F|\n|teampreview|4\nAnderRose rejected open team sheets.\n|inactive|Battle timer is ON: inactive players will automatically lose when time's up. (requested by AnderRose)\n|\n|t:|1681866382\n|start\n|switch|p1a: Shimmer|Glimmora, L50, F|100\/100\n|switch|p1b: KinChad|Kingambit, L50, M|100\/100\n|switch|p2a: Grimmsnarl|Grimmsnarl, L50, M|100\/100\n|switch|p2b: Skeledirge|Skeledirge, L50, F|100\/100\n|-item|p1a: Shimmer|Air Balloon\n|turn|1\n|inactive|AnderRose has 30 seconds left.\n|\n|t:|1681866408\n|move|p2b: Skeledirge|Protect|p2b: Skeledirge\n|-singleturn|p2b: Skeledirge|Protect\n|move|p2a: Grimmsnarl|Trick|p1a: Shimmer\n|-activate|p2a: Grimmsnarl|move: Trick|[of] p1a: Shimmer\n|-item|p1a: Shimmer|Lagging Tail|[from] move: Trick\n|-item|p2a: Grimmsnarl|Air Balloon\n|-item|p2a: Grimmsnarl|Air Balloon|[from] move: Trick\n|move|p1a: Shimmer|Mortal Spin|p2b: Skeledirge|[spread] p2a\n|-activate|p2b: Skeledirge|move: Protect\n|-supereffective|p2a: Grimmsnarl\n|-damage|p2a: Grimmsnarl|91\/100\n|-status|p2a: Grimmsnarl|psn\n|-enditem|p2a: Grimmsnarl|Air Balloon\n|move|p1b: KinChad|Kowtow Cleave|p2b: Skeledirge\n|-activate|p2b: Skeledirge|move: Protect\n|\n|-damage|p2a: Grimmsnarl|79\/100 psn|[from] psn\n|upkeep\n|turn|2\n|inactive|AnderRose has 30 seconds left.\n|inactive|jyhgfguy has 30 seconds left.\n|inactive|jyhgfguy has 20 seconds left.\n|inactive|jyhgfguy has 15 seconds left.\n|\n|t:|1681866452\n|-terastallize|p2b: Skeledirge|Fairy\n|move|p1a: Shimmer|Spiky Shield|p1a: Shimmer\n|-singleturn|p1a: Shimmer|move: Protect\n|move|p1b: KinChad|Sucker Punch|p2b: Skeledirge\n|-resisted|p2b: Skeledirge\n|-damage|p2b: Skeledirge|85\/100\n|move|p2b: Skeledirge|Torch Song|p1b: KinChad\n|-supereffective|p1b: KinChad\n|-damage|p1b: KinChad|50\/100\n|-boost|p2b: Skeledirge|spa|1\n|move|p2a: Grimmsnarl|Spirit Break|p1b: KinChad\n|-damage|p1b: KinChad|21\/100\n|-unboost|p1b: KinChad|spa|1\n|-ability|p1b: KinChad|Defiant|boost\n|-boost|p1b: KinChad|atk|2\n|\n|-heal|p2b: Skeledirge|90\/100|[from] item: Leftovers\n|-damage|p2a: Grimmsnarl|67\/100 psn|[from] psn\n|upkeep\n|turn|3\n|inactive|AnderRose has 30 seconds left.\n|inactive|AnderRose has 20 seconds left.\n|\n|t:|1681866494\n|switch|p2a: Bronzong|Bronzong, L50|100\/100\n|switch|p1b: Changeling|Ditto, L50, shiny|100\/100\n|-transform|p1b: Changeling|p2a: Bronzong|[from] ability: Imposter\n|move|p2b: Skeledirge|Torch Song|p1b: Changeling\n|-supereffective|p1b: Changeling\n|-crit|p1b: Changeling\n|-damage|p1b: Changeling|0 fnt\n|-boost|p2b: Skeledirge|spa|1\n|faint|p1b: Changeling\n|move|p1a: Shimmer|Mortal Spin|p2a: Bronzong|[spread] p2b\n|-immune|p2a: Bronzong\n|-supereffective|p2b: Skeledirge\n|-damage|p2b: Skeledirge|82\/100\n|-status|p2b: Skeledirge|psn\n|\n|-heal|p2b: Skeledirge|87\/100 psn|[from] item: Leftovers\n|-damage|p2b: Skeledirge|75\/100 psn|[from] psn\n|upkeep\n|c|\u2606AnderRose|Damn\n|\n|t:|1681866515\n|switch|p1b: KinChad|Kingambit, L50, M|21\/100\n|turn|4\n|\n|t:|1681866532\n|switch|p2a: Gastrodon|Gastrodon, L50, F|100\/100\n|move|p1a: Shimmer|Spiky Shield|p1a: Shimmer\n|-singleturn|p1a: Shimmer|move: Protect\n|move|p2b: Skeledirge|Torch Song|p1b: KinChad\n|-supereffective|p1b: KinChad\n|-damage|p1b: KinChad|0 fnt\n|-boost|p2b: Skeledirge|spa|1\n|faint|p1b: KinChad\n|\n|-heal|p2b: Skeledirge|81\/100 psn|[from] item: Leftovers\n|-damage|p2b: Skeledirge|69\/100 psn|[from] psn\n|upkeep\n|\n|t:|1681866544\n|switch|p1b: Pixie|Sylveon, L50, F|100\/100\n|turn|5\n|\n|t:|1681866558\n|-terastallize|p1b: Pixie|Fairy\n|move|p2b: Skeledirge|Torch Song|p1b: Pixie\n|-damage|p1b: Pixie|26\/100\n|-boost|p2b: Skeledirge|spa|1\n|move|p1b: Pixie|Hyper Voice|p2b: Skeledirge|[spread] p2a,p2b\n|-damage|p2a: Gastrodon|39\/100\n|-damage|p2b: Skeledirge|0 fnt\n|faint|p2b: Skeledirge\n|move|p2a: Gastrodon|Earth Power|p1a: Shimmer\n|-supereffective|p1a: Shimmer\n|-damage|p1a: Shimmer|0 fnt\n|faint|p1a: Shimmer\n|\n|upkeep\n|\n|t:|1681866570\n|switch|p2b: Grimmsnarl|Grimmsnarl, L50, M|67\/100 psn\n|turn|6\n|\n|t:|1681866578\n|move|p2b: Grimmsnarl|Fake Out|p1b: Pixie\n|-damage|p1b: Pixie|9\/100\n|cant|p1b: Pixie|flinch\n|move|p2a: Gastrodon|Sludge Bomb|p1b: Pixie\n|-supereffective|p1b: Pixie\n|-damage|p1b: Pixie|0 fnt\n|faint|p1b: Pixie\n|\n|win|jyhgfguy\n|raw|AnderRose's rating: 1076 → 1059<\/strong> (-17 for losing)\n|raw|jyhgfguy's rating: 1156 → 1175<\/strong> (+19 for winning)\n","uploadtime":1681866581,"views":10,"p1id":"anderrose","p2id":"jyhgfguy","formatid":"gen9vgc2023regulationc","rating":1059,"private":0,"password":""}