{"id":"gen9vgc2023regulationc-1853075067","p1":"Okujikawa12","p2":"Magiplop","format":"[Gen 9] VGC 2023 Regulation C","log":"|j|\u2606Okujikawa12\n|j|\u2606Magiplop\n|t:|1682632183\n|gametype|doubles\n|player|p1|Okujikawa12|ingo|1025\n|player|p2|Magiplop|2|1113\n|teamsize|p1|6\n|teamsize|p2|6\n|gen|9\n|tier|[Gen 9] VGC 2023 Regulation C\n|rated|\n|rule|Species Clause: Limit one of each Pok\u00e9mon\n|rule|Item Clause: Limit one of each item\n|clearpoke\n|poke|p1|Chi-Yu, L50|\n|poke|p1|Flutter Mane, L50|\n|poke|p1|Amoonguss, L50, F|\n|poke|p1|Gyarados, L50, M|\n|poke|p1|Ting-Lu, L50|\n|poke|p1|Baxcalibur, L50, F|\n|poke|p2|Lokix, L50, M|\n|poke|p2|Chien-Pao, L50|\n|poke|p2|Flutter Mane, L50|\n|poke|p2|Amoonguss, L50, F|\n|poke|p2|Dragonite, L50, F|\n|poke|p2|Tsareena, L50, F|\n|teampreview|4\n|\n|t:|1682632216\n|start\n|switch|p1a: Gyarados|Gyarados, L50, M|100\/100\n|switch|p1b: Flutter Mane|Flutter Mane, L50|100\/100\n|switch|p2a: Lokix|Lokix, L50, M, shiny|100\/100\n|switch|p2b: Dragonite|Dragonite, L50, F|100\/100\n|-ability|p1a: Gyarados|Intimidate|boost\n|-unboost|p2a: Lokix|atk|1\n|-fail|p2b: Dragonite|unboost|Attack|[from] ability: Inner Focus|[of] p2b: Dragonite\n|turn|1\n|\n|t:|1682632253\n|switch|p2a: Chien-Pao|Chien-Pao, L50|100\/100\n|-ability|p2a: Chien-Pao|Sword of Ruin\n|-terastallize|p1b: Flutter Mane|Fairy\n|-terastallize|p2b: Dragonite|Normal\n|move|p2b: Dragonite|Extreme Speed|p1a: Gyarados\n|-damage|p1a: Gyarados|0 fnt\n|faint|p1a: Gyarados\n|move|p1b: Flutter Mane|Dazzling Gleam|p2b: Dragonite|[spread] p2a,p2b\n|-supereffective|p2a: Chien-Pao\n|-damage|p2a: Chien-Pao|0 fnt\n|-damage|p2b: Dragonite|39\/100\n|faint|p2a: Chien-Pao\n|\n|upkeep\n|\n|t:|1682632267\n|switch|p2a: Lokix|Lokix, L50, M, shiny|100\/100\n|switch|p1a: Amoonguss|Amoonguss, L50, F|100\/100\n|turn|2\n|\n|t:|1682632278\n|move|p2a: Lokix|First Impression|p1b: Flutter Mane\n|-resisted|p1b: Flutter Mane\n|-damage|p1b: Flutter Mane|0 fnt\n|faint|p1b: Flutter Mane\n|-end|p1b: Flutter Mane|Protosynthesis|[silent]\n|-damage|p2a: Lokix|91\/100|[from] item: Life Orb\n|move|p2b: Dragonite|Extreme Speed|p1a: Amoonguss\n|-damage|p1a: Amoonguss|41\/100\n|-enditem|p1a: Amoonguss|Sitrus Berry|[eat]\n|-heal|p1a: Amoonguss|65\/100|[from] item: Sitrus Berry\n|move|p1a: Amoonguss|Rage Powder|p1a: Amoonguss\n|-singleturn|p1a: Amoonguss|move: Rage Powder\n|\n|upkeep\n|\n|t:|1682632289\n|switch|p1b: Baxcalibur|Baxcalibur, L50, F|100\/100\n|turn|3\n|\n|t:|1682632299\n|move|p1b: Baxcalibur|Protect|p1b: Baxcalibur\n|-singleturn|p1b: Baxcalibur|Protect\n|move|p2a: Lokix|Feint|p1b: Baxcalibur\n|-activate|p1b: Baxcalibur|move: Feint\n|-damage|p1b: Baxcalibur|89\/100\n|-damage|p2a: Lokix|81\/100|[from] item: Life Orb\n|move|p2b: Dragonite|Extreme Speed|p1b: Baxcalibur\n|-damage|p1b: Baxcalibur|23\/100\n|move|p1a: Amoonguss|Spore|p2b: Dragonite\n|-status|p2b: Dragonite|slp|[from] move: Spore\n|\n|upkeep\n|turn|4\n|\n|t:|1682632322\n|move|p2a: Lokix|Feint|p1b: Baxcalibur\n|-damage|p1b: Baxcalibur|12\/100\n|-damage|p2a: Lokix|72\/100|[from] item: Life Orb\n|cant|p2b: Dragonite|slp\n|move|p1b: Baxcalibur|Glaive Rush|p2a: Lokix\n|-damage|p2a: Lokix|0 fnt\n|-singlemove|p1b: Baxcalibur|Glaive Rush|[silent]\n|faint|p2a: Lokix\n|move|p1a: Amoonguss|Pollen Puff|p1b: Baxcalibur\n|-heal|p1b: Baxcalibur|62\/100\n|\n|upkeep\n|\n|t:|1682632325\n|switch|p2a: Sada|Flutter Mane, L50|100\/100\n|turn|5\n|\n|t:|1682632340\n|move|p1b: Baxcalibur|Protect|p1b: Baxcalibur\n|-singleturn|p1b: Baxcalibur|Protect\n|cant|p2b: Dragonite|slp\n|move|p2a: Sada|Dazzling Gleam|p1a: Amoonguss|[spread] p1a\n|-activate|p1b: Baxcalibur|move: Protect\n|-resisted|p1a: Amoonguss\n|-damage|p1a: Amoonguss|50\/100\n|move|p1a: Amoonguss|Spore|p2a: Sada\n|-activate|p2a: Sada|item: Safety Goggles|Spore\n|\n|upkeep\n|turn|6\n|\n|t:|1682632361\n|cant|p2b: Dragonite|slp\n|move|p1b: Baxcalibur|Ice Shard|p2a: Sada\n|-damage|p2a: Sada|44\/100\n|move|p2a: Sada|Dazzling Gleam|p1b: Baxcalibur|[spread] p1a,p1b\n|-resisted|p1a: Amoonguss\n|-supereffective|p1b: Baxcalibur\n|-damage|p1a: Amoonguss|36\/100\n|-damage|p1b: Baxcalibur|0 fnt\n|faint|p1b: Baxcalibur\n|move|p1a: Amoonguss|Clear Smog|p2a: Sada\n|-damage|p2a: Sada|26\/100\n|-clearboost|p2a: Sada\n|\n|upkeep\n|turn|7\n|-message|Okujikawa12 forfeited.\n|\n|win|Magiplop\n|raw|Okujikawa12's rating: 1025 → 1015<\/strong> (-10 for losing)\n|raw|Magiplop's rating: 1113 → 1132<\/strong> (+19 for winning)\n|l|\u2606Okujikawa12\n","uploadtime":1682632441,"views":13,"p1id":"okujikawa12","p2id":"magiplop","formatid":"gen9vgc2023regulationc","rating":1015,"private":0,"password":""}