{"id":"gen9vgc2023regulationc-1855357000","p1":"testmachine21","p2":"Eldegoss32","format":"[Gen 9] VGC 2023 Regulation C","log":"|j|\u2606testmachine21\n|j|\u2606Eldegoss32\n|t:|1682942409\n|gametype|doubles\n|player|p1|testmachine21|worker|\n|player|p2|Eldegoss32|acetrainerf|\n|teamsize|p1|6\n|teamsize|p2|6\n|gen|9\n|tier|[Gen 9] VGC 2023 Regulation C\n|rated|Tournament battle\n|rule|Species Clause: Limit one of each Pok\u00e9mon\n|rule|Item Clause: Limit one of each item\n|clearpoke\n|poke|p1|Glimmora, L50, M|\n|poke|p1|Kingambit, L50, F|\n|poke|p1|Ting-Lu, L50|\n|poke|p1|Amoonguss, L50, F|\n|poke|p1|Palafin, L50, F|\n|poke|p1|Volcarona, L50, M|\n|poke|p2|Avalugg, L50, M|\n|poke|p2|Abomasnow, L50, M|\n|poke|p2|Iron Bundle, L50|\n|poke|p2|Vivillon, L50, F|\n|poke|p2|Ting-Lu, L50|\n|poke|p2|Flutter Mane, L50|\n|teampreview|4\n|raw| Open Team Sheet for testmachine21<\/summary>Glimmora @ Safety Goggles Ability: Corrosion Level: 50 Tera Type: Water - Power Gem - Earth Power - Mortal Spin - Spiky Shield Kingambit @ Black Glasses Ability: Defiant Level: 50 Tera Type: Dark - Iron Head - Assurance - Sucker Punch - Protect Ting-Lu @ Leftovers Ability: Vessel of Ruin Level: 50 Tera Type: Ground - Stomping Tantrum - Heavy Slam - Ruination - Protect Amoonguss @ Sitrus Berry Ability: Regenerator Level: 50 Tera Type: Water - Pollen Puff - Spore - Rage Powder - Protect Palafin @ Mystic Water Ability: Zero to Hero Level: 50 Tera Type: Water - Wave Crash - Jet Punch - Haze - Protect Volcarona @ Covert Cloak Ability: Flame Body Level: 50 Tera Type: Grass - Heat Wave - Giga Drain - Quiver Dance - Protect <\/details><\/div> Open Team Sheet for Eldegoss32<\/summary>Avalugg @ Lum Berry Ability: Ice Body Level: 50 Tera Type: Water - Body Press - Protect - Avalanche - Heavy Slam Abomasnow @ Life Orb Ability: Snow Warning Level: 50 Tera Type: Water - Helping Hand - Blizzard - Energy Ball - Protect Iron Bundle @ Booster Energy Ability: Quark Drive Level: 50 Tera Type: Ice - Blizzard - Hydro Pump - Aurora Veil - Protect Vivillon @ Focus Sash Ability: Friend Guard Level: 50 Tera Type: Ghost - Pollen Puff - Sleep Powder - Rage Powder - Protect Ting-Lu @ Choice Band Ability: Vessel of Ruin Level: 50 Tera Type: Ground - Earthquake - Stone Edge - Heavy Slam - Rock Slide Flutter Mane @ Choice Specs Ability: Protosynthesis Level: 50 Tera Type: Fairy - Moonblast - Dazzling Gleam - Shadow Ball - Thunderbolt <\/details><\/div>\n|j| Wottl3y\n|inactive|Battle timer is ON: inactive players will automatically lose when time's up. (requested by testmachine21)\n|j| PerroDog\n|l| PerroDog\n|j|@PinkSylvie\n|inactive|Eldegoss32 has 60 seconds left.\n|\n|t:|1682942497\n|start\n|switch|p1a: Glimmora|Glimmora, L50, M|100\/100\n|switch|p1b: Ting-Lu|Ting-Lu, L50|100\/100\n|switch|p2a: Ting-Lu|Ting-Lu, L50|100\/100\n|switch|p2b: Vivillon|Vivillon, L50, F|100\/100\n|-ability|p2a: Ting-Lu|Vessel of Ruin\n|-ability|p1b: Ting-Lu|Vessel of Ruin\n|turn|1\n|\n|t:|1682942519\n|-terastallize|p1a: Glimmora|Water\n|move|p2b: Vivillon|Sleep Powder|p1a: Glimmora\n|-activate|p1a: Glimmora|item: Safety Goggles|Sleep Powder\n|move|p1a: Glimmora|Mortal Spin|p2b: Vivillon|[spread] p2a,p2b\n|-resisted|p2a: Ting-Lu\n|-damage|p2a: Ting-Lu|99\/100\n|-damage|p2b: Vivillon|92\/100\n|-status|p2a: Ting-Lu|psn\n|-status|p2b: Vivillon|psn\n|move|p2a: Ting-Lu|Earthquake|p1a: Glimmora|[spread] p1a,p1b\n|-immune|p2b: Vivillon\n|-damage|p1a: Glimmora|36\/100\n|-damage|p1b: Ting-Lu|68\/100\n|move|p1b: Ting-Lu|Ruination|p2a: Ting-Lu\n|-damage|p2a: Ting-Lu|50\/100 psn\n|\n|-heal|p1b: Ting-Lu|74\/100|[from] item: Leftovers\n|-damage|p2b: Vivillon|80\/100 psn|[from] psn\n|-damage|p2a: Ting-Lu|38\/100 psn|[from] psn\n|upkeep\n|turn|2\n|\n|t:|1682942544\n|-terastallize|p2a: Ting-Lu|Ground\n|move|p1b: Ting-Lu|Protect|p1b: Ting-Lu\n|-singleturn|p1b: Ting-Lu|Protect\n|move|p2b: Vivillon|Sleep Powder|p1b: Ting-Lu\n|-activate|p1b: Ting-Lu|move: Protect\n|move|p1a: Glimmora|Power Gem|p2b: Vivillon\n|-supereffective|p2b: Vivillon\n|-damage|p2b: Vivillon|0 fnt\n|faint|p2b: Vivillon\n|move|p2a: Ting-Lu|Earthquake|p1b: Ting-Lu|[spread] p1a\n|-activate|p1b: Ting-Lu|move: Protect\n|-damage|p1a: Glimmora|0 fnt\n|faint|p1a: Glimmora\n|\n|-heal|p1b: Ting-Lu|80\/100|[from] item: Leftovers\n|-damage|p2a: Ting-Lu|26\/100 psn|[from] psn\n|upkeep\n|j| LoveforVGC\n|\n|t:|1682942565\n|switch|p2b: Abomasnow|Abomasnow, L50, M|100\/100\n|switch|p1a: Volcarona|Volcarona, L50, M|100\/100\n|-weather|Snow|[from] ability: Snow Warning|[of] p2b: Abomasnow\n|turn|3\n|\n|t:|1682942587\n|move|p2b: Abomasnow|Helping Hand|p2a: Ting-Lu\n|-singleturn|p2a: Ting-Lu|Helping Hand|[of] p2b: Abomasnow\n|move|p1a: Volcarona|Giga Drain|p2a: Ting-Lu\n|-supereffective|p2a: Ting-Lu\n|-damage|p2a: Ting-Lu|0 fnt\n|faint|p2a: Ting-Lu\n|move|p1b: Ting-Lu|Ruination|p2b: Abomasnow\n|-damage|p2b: Abomasnow|50\/100\n|\n|-weather|Snow|[upkeep]\n|-heal|p1b: Ting-Lu|86\/100|[from] item: Leftovers\n|upkeep\n|\n|t:|1682942605\n|switch|p2a: Avalugg|Avalugg, L50, M|100\/100\n|turn|4\n|\n|t:|1682942622\n|move|p1a: Volcarona|Heat Wave|p2b: Abomasnow|[spread] p2a\n|-miss|p1a: Volcarona|p2b: Abomasnow\n|-supereffective|p2a: Avalugg\n|-damage|p2a: Avalugg|50\/100\n|move|p2b: Abomasnow|Blizzard|p1b: Ting-Lu|[spread] p1a,p1b\n|-resisted|p1a: Volcarona\n|-supereffective|p1b: Ting-Lu\n|-damage|p1a: Volcarona|85\/100\n|-damage|p1b: Ting-Lu|37\/100\n|-damage|p2b: Abomasnow|41\/100|[from] item: Life Orb\n|move|p1b: Ting-Lu|Stomping Tantrum|p2a: Avalugg\n|-damage|p2a: Avalugg|40\/100\n|move|p2a: Avalugg|Avalanche|p1a: Volcarona\n|-resisted|p1a: Volcarona\n|-damage|p1a: Volcarona|60\/100\n|\n|-weather|Snow|[upkeep]\n|-heal|p2a: Avalugg|46\/100|[from] ability: Ice Body\n|-heal|p1b: Ting-Lu|43\/100|[from] item: Leftovers\n|upkeep\n|turn|5\n|l|@PinkSylvie\n|\n|t:|1682942642\n|move|p2a: Avalugg|Protect|p2a: Avalugg\n|-singleturn|p2a: Avalugg|Protect\n|move|p1a: Volcarona|Heat Wave|p2b: Abomasnow|[spread] p2b\n|-activate|p2a: Avalugg|move: Protect\n|-supereffective|p2b: Abomasnow\n|-damage|p2b: Abomasnow|0 fnt\n|faint|p2b: Abomasnow\n|move|p1b: Ting-Lu|Heavy Slam|p2a: Avalugg\n|-activate|p2a: Avalugg|move: Protect\n|\n|-weather|Snow|[upkeep]\n|-heal|p2a: Avalugg|51\/100|[from] ability: Ice Body\n|-heal|p1b: Ting-Lu|49\/100|[from] item: Leftovers\n|upkeep\n|turn|6\n|-message|Eldegoss32 forfeited.\n|\n|win|testmachine21\n|n|\u2606testmachine21|testmachine21\n|n|\u2606Eldegoss32|eldegoss32\n|n| Wottl3y|wottl3y\n|n| LoveforVGC|loveforvgc\n","uploadtime":1682942648,"views":16,"p1id":"testmachine21","p2id":"eldegoss32","formatid":"gen9vgc2023regulationc","rating":0,"private":0,"password":""}