{"id":"gen9vgc2023regulationc-1854998612","p1":"RitmanTesting1","p2":"DanielP4l4d1n0","format":"[Gen 9] VGC 2023 Regulation C","log":"|j|\u2606RitmanTesting1\n|j|\u2606DanielP4l4d1n0\n|t:|1682889345\n|gametype|doubles\n|player|p1|RitmanTesting1|byron|1342\n|player|p2|DanielP4l4d1n0|will|1367\n|teamsize|p1|6\n|teamsize|p2|6\n|gen|9\n|tier|[Gen 9] VGC 2023 Regulation C\n|rated|\n|rule|Species Clause: Limit one of each Pok\u00e9mon\n|rule|Item Clause: Limit one of each item\n|clearpoke\n|poke|p1|Arcanine, L50, M|\n|poke|p1|Flutter Mane, L50|\n|poke|p1|Rotom-Wash, L50|\n|poke|p1|Wo-Chien, L50|\n|poke|p1|Glimmora, L50, F|\n|poke|p1|Baxcalibur, L50, F|\n|poke|p2|Ting-Lu, L50|\n|poke|p2|Ceruledge, L50, M|\n|poke|p2|Flutter Mane, L50|\n|poke|p2|Amoonguss, L50, F|\n|poke|p2|Gyarados, L50, F|\n|poke|p2|Glimmora, L50, M|\n|teampreview|4\nRitmanTesting1 has agreed to open team sheets.\nDanielP4l4d1n0 has agreed to open team sheets.\n|inactive|Battle timer is ON: inactive players will automatically lose when time's up. (requested by RitmanTesting1)\n|inactive|RitmanTesting1 has 60 seconds left.\n|inactive|DanielP4l4d1n0 has 60 seconds left.\n|inactive|DanielP4l4d1n0 has 30 seconds left.\n|inactive|DanielP4l4d1n0 has 20 seconds left.\n|inactive|DanielP4l4d1n0 has 15 seconds left.\n|inactive|DanielP4l4d1n0 has 10 seconds left.\n|\n|t:|1682889431\n|start\n|switch|p1a: Wo-Chien|Wo-Chien, L50|100\/100\n|switch|p1b: Glimmora|Glimmora, L50, F|100\/100\n|switch|p2a: Ceruledge|Ceruledge, L50, M|100\/100\n|switch|p2b: Gyarados|Gyarados, L50, F|100\/100\n|-ability|p2b: Gyarados|Intimidate|boost\n|-unboost|p1a: Wo-Chien|atk|1\n|-unboost|p1b: Glimmora|atk|1\n|-ability|p1a: Wo-Chien|Tablets of Ruin\n|turn|1\n|inactive|RitmanTesting1 has 30 seconds left.\n|\n|t:|1682889457\n|switch|p2a: Amoonguss|Amoonguss, L50, F|100\/100\n|-terastallize|p1b: Glimmora|Grass\n|move|p1a: Wo-Chien|Protect|p1a: Wo-Chien\n|-singleturn|p1a: Wo-Chien|Protect\n|move|p2b: Gyarados|Waterfall|p1b: Glimmora\n|-resisted|p1b: Glimmora\n|-damage|p1b: Glimmora|88\/100\n|-activate|p1b: Glimmora|ability: Toxic Debris\n|-sidestart|p2: DanielP4l4d1n0|move: Toxic Spikes\n|move|p1b: Glimmora|Mortal Spin|p2b: Gyarados|[spread] p2a,p2b\n|-damage|p2a: Amoonguss|98\/100\n|-damage|p2b: Gyarados|99\/100\n|-status|p2b: Gyarados|psn\n|\n|-damage|p2b: Gyarados|86\/100 psn|[from] psn\n|upkeep\n|turn|2\n|inactive|RitmanTesting1 has 30 seconds left.\n|\n|t:|1682889484\n|switch|p1a: Baxcalibur|Baxcalibur, L50, F|100\/100\n|move|p2b: Gyarados|Taunt|p1a: Baxcalibur\n|-start|p1a: Baxcalibur|move: Taunt\n|move|p1b: Glimmora|Power Gem|p2b: Gyarados\n|-supereffective|p2b: Gyarados\n|-damage|p2b: Gyarados|20\/100 psn\n|move|p2a: Amoonguss|Pollen Puff|p1b: Glimmora\n|-supereffective|p1b: Glimmora\n|-damage|p1b: Glimmora|60\/100\n|\n|-damage|p2b: Gyarados|8\/100 psn|[from] psn\n|upkeep\n|turn|3\n|\n|t:|1682889506\n|move|p1a: Baxcalibur|Icicle Spear|p2a: Amoonguss\n|-supereffective|p2a: Amoonguss\n|-damage|p2a: Amoonguss|73\/100\n|-supereffective|p2a: Amoonguss\n|-damage|p2a: Amoonguss|50\/100\n|-supereffective|p2a: Amoonguss\n|-damage|p2a: Amoonguss|28\/100\n|-supereffective|p2a: Amoonguss\n|-crit|p2a: Amoonguss\n|-damage|p2a: Amoonguss|0 fnt\n|faint|p2a: Amoonguss\n|-hitcount|p2: Amoonguss|4\n|move|p2b: Gyarados|Thunder Wave|p1b: Glimmora\n|-status|p1b: Glimmora|par\n|move|p1b: Glimmora|Sludge Bomb|p2b: Gyarados\n|-damage|p2b: Gyarados|0 fnt\n|faint|p2b: Gyarados\n|\n|upkeep\n|\n|t:|1682889521\n|switch|p2b: Ceruledge|Ceruledge, L50, M|100\/100\n|switch|p2a: Flutter Mane|Flutter Mane, L50|100\/100\n|-status|p2a: Flutter Mane|psn\n|-status|p2b: Ceruledge|psn\n|turn|4\n|\n|t:|1682889538\n|switch|p1a: Rotom|Rotom-Wash, L50|100\/100\n|-terastallize|p2a: Flutter Mane|Fairy\n|move|p2a: Flutter Mane|Dazzling Gleam|p1a: Rotom|[spread] p1a,p1b\n|-damage|p1a: Rotom|35\/100\n|-damage|p1b: Glimmora|19\/100 par\n|-enditem|p1a: Rotom|Sitrus Berry|[eat]\n|-heal|p1a: Rotom|60\/100|[from] item: Sitrus Berry\n|move|p2b: Ceruledge|Bitter Blade|p1a: Rotom\n|-resisted|p1a: Rotom\n|-damage|p1a: Rotom|35\/100\n|move|p1b: Glimmora|Sludge Bomb|p2b: Ceruledge\n|-resisted|p2b: Ceruledge\n|-crit|p2b: Ceruledge\n|-damage|p2b: Ceruledge|64\/100 psn\n|\n|-damage|p2a: Flutter Mane|88\/100 psn|[from] psn\n|-damage|p2b: Ceruledge|52\/100 psn|[from] psn\n|upkeep\n|turn|5\n|\n|t:|1682889561\n|move|p1a: Rotom|Protect|p1a: Rotom\n|-singleturn|p1a: Rotom|Protect\n|move|p2a: Flutter Mane|Dazzling Gleam|p1a: Rotom|[spread] p1b\n|-activate|p1a: Rotom|move: Protect\n|-damage|p1b: Glimmora|0 fnt\n|faint|p1b: Glimmora\n|move|p2b: Ceruledge|Bulk Up|p2b: Ceruledge\n|-boost|p2b: Ceruledge|atk|1\n|-boost|p2b: Ceruledge|def|1\n|\n|-damage|p2a: Flutter Mane|76\/100 psn|[from] psn\n|-damage|p2b: Ceruledge|40\/100 psn|[from] psn\n|upkeep\n|\n|t:|1682889572\n|switch|p1b: Wo-Chien|Wo-Chien, L50|100\/100\n|-ability|p1b: Wo-Chien|Tablets of Ruin\n|turn|6\n|\n|t:|1682889579\n|move|p2a: Flutter Mane|Dazzling Gleam|p1a: Rotom|[spread] p1a,p1b\n|-supereffective|p1b: Wo-Chien\n|-damage|p1a: Rotom|0 fnt\n|-damage|p1b: Wo-Chien|17\/100\n|faint|p1a: Rotom\n|move|p2b: Ceruledge|Bulk Up|p2b: Ceruledge\n|-boost|p2b: Ceruledge|atk|1\n|-boost|p2b: Ceruledge|def|1\n|move|p1b: Wo-Chien|Snarl|p2b: Ceruledge|[spread] p2a,p2b\n|-resisted|p2a: Flutter Mane\n|-supereffective|p2b: Ceruledge\n|-damage|p2a: Flutter Mane|70\/100 psn\n|-damage|p2b: Ceruledge|13\/100 psn\n|-unboost|p2a: Flutter Mane|spa|1\n|\n|-heal|p1b: Wo-Chien|23\/100|[from] item: Leftovers\n|-damage|p2a: Flutter Mane|57\/100 psn|[from] psn\n|-damage|p2b: Ceruledge|1\/100 psn|[from] psn\n|upkeep\n|\n|t:|1682889593\n|switch|p1a: Baxcalibur|Baxcalibur, L50, F|100\/100\n|turn|7\n|\n|t:|1682889598\n|move|p1a: Baxcalibur|Protect|p1a: Baxcalibur\n|-singleturn|p1a: Baxcalibur|Protect\n|move|p1b: Wo-Chien|Protect|p1b: Wo-Chien\n|-singleturn|p1b: Wo-Chien|Protect\n|move|p2a: Flutter Mane|Dazzling Gleam|p1b: Wo-Chien|[spread] \n|-activate|p1a: Baxcalibur|move: Protect\n|-activate|p1b: Wo-Chien|move: Protect\n|move|p2b: Ceruledge|Bitter Blade|p1a: Baxcalibur\n|-activate|p1a: Baxcalibur|move: Protect\n|\n|-heal|p1b: Wo-Chien|30\/100|[from] item: Leftovers\n|-damage|p2a: Flutter Mane|45\/100 psn|[from] psn\n|-damage|p2b: Ceruledge|0 fnt|[from] psn\n|faint|p2b: Ceruledge\n|upkeep\n|turn|8\n|-message|DanielP4l4d1n0 forfeited.\n|\n|win|RitmanTesting1\n|raw|RitmanTesting1's rating: 1342 → 1363<\/strong> (+21 for winning)\n|raw|DanielP4l4d1n0's rating: 1367 → 1346<\/strong> (-21 for losing)\n|l|\u2606DanielP4l4d1n0\n","uploadtime":1682889616,"views":7,"p1id":"ritmantesting1","p2id":"danielp4l4d1n0","formatid":"gen9vgc2023regulationc","rating":1346,"private":0,"password":""}