{"id":"gen9vgc2023regulationc-1861817779","p1":"cosplayLover","p2":"AnemoneGlitch","format":"[Gen 9] VGC 2023 Regulation C","log":"|j|\u2606cosplayLover\n|j|\u2606AnemoneGlitch\n|t:|1683811778\n|gametype|doubles\n|player|p1|cosplayLover|265|1697\n|player|p2|AnemoneGlitch|102|1665\n|teamsize|p1|6\n|teamsize|p2|6\n|gen|9\n|tier|[Gen 9] VGC 2023 Regulation C\n|rated|\n|rule|Species Clause: Limit one of each Pok\u00e9mon\n|rule|Item Clause: Limit one of each item\n|clearpoke\n|poke|p1|Chi-Yu, L50|\n|poke|p1|Flutter Mane, L50|\n|poke|p1|Amoonguss, L50, M|\n|poke|p1|Gyarados, L50, M|\n|poke|p1|Iron Hands, L50|\n|poke|p1|Farigiraf, L50, M|\n|poke|p2|Maushold-Four, L50|\n|poke|p2|Scizor, L50, F|\n|poke|p2|Flutter Mane, L50|\n|poke|p2|Dondozo, L50, M|\n|poke|p2|Pelipper, L50, F|\n|poke|p2|Tatsugiri, L50, F|\n|teampreview|4\n|inactive|Battle timer is ON: inactive players will automatically lose when time's up. (requested by AnemoneGlitch)\n|inactive|cosplayLover has 60 seconds left.\n|\n|t:|1683811825\n|start\n|switch|p1a: Iron Hands|Iron Hands, L50|100\/100\n|switch|p1b: Farigiraf|Farigiraf, L50, M|100\/100\n|switch|p2a: Maushold|Maushold-Four, L50|100\/100\n|switch|p2b: Flutter Mane|Flutter Mane, L50|100\/100\n|-enditem|p2b: Flutter Mane|Booster Energy\n|-activate|p2b: Flutter Mane|ability: Protosynthesis|[fromitem]\n|-start|p2b: Flutter Mane|protosynthesisspe\n|turn|1\n|j| raityangontyan\n|inactive|AnemoneGlitch has 30 seconds left.\n|inactive|cosplayLover has 30 seconds left.\n|\n|t:|1683811858\n|switch|p2a: Dondozo|Dondozo, L50, M|100\/100\n|switch|p1b: Gyarados|Gyarados, L50, M|100\/100\n|-ability|p1b: Gyarados|Intimidate|boost\n|-fail|p2a: Dondozo|unboost|Attack|[from] ability: Oblivious|[of] p2a: Dondozo\n|-unboost|p2b: Flutter Mane|atk|1\n|-terastallize|p1a: Iron Hands|Water\n|move|p2b: Flutter Mane|Substitute|p2b: Flutter Mane\n|-start|p2b: Flutter Mane|Substitute\n|-damage|p2b: Flutter Mane|76\/100\n|move|p1a: Iron Hands|Drain Punch|p2a: Dondozo\n|-damage|p2a: Dondozo|75\/100\n|\n|-heal|p2a: Dondozo|81\/100|[from] item: Leftovers\n|upkeep\n|turn|2\n|inactive|cosplayLover has 30 seconds left.\n|inactive|AnemoneGlitch has 30 seconds left.\n|inactive|AnemoneGlitch has 20 seconds left.\n|inactive|cosplayLover has 20 seconds left.\n|inactive|AnemoneGlitch has 15 seconds left.\n|inactive|AnemoneGlitch has 10 seconds left.\n|inactive|AnemoneGlitch has 5 seconds left.\n|\n|t:|1683811910\n|move|p2b: Flutter Mane|Dazzling Gleam|p1b: Gyarados|[spread] p1a,p1b\n|-damage|p1a: Iron Hands|78\/100\n|-damage|p1b: Gyarados|71\/100\n|move|p1b: Gyarados|Waterfall|p2b: Flutter Mane\n|-end|p2b: Flutter Mane|Substitute\n|move|p1a: Iron Hands|Wild Charge|p2a: Dondozo\n|-supereffective|p2a: Dondozo\n|-damage|p2a: Dondozo|15\/100\n|-damage|p1a: Iron Hands|60\/100|[from] Recoil\n|move|p2a: Dondozo|Yawn|p1a: Iron Hands\n|-start|p1a: Iron Hands|move: Yawn|[of] p2a: Dondozo\n|\n|-heal|p2a: Dondozo|21\/100|[from] item: Leftovers\n|upkeep\n|turn|3\n|inactive|AnemoneGlitch has 30 seconds left.\n|\n|t:|1683811936\n|-end|p2b: Flutter Mane|Protosynthesis|[silent]\n|switch|p2b: Maushold|Maushold-Four, L50|100\/100\n|-end|p1a: Iron Hands|Quark Drive|[silent]\n|switch|p1a: Amoonguss|Amoonguss, L50, M|100\/100\n|move|p2a: Dondozo|Protect|p2a: Dondozo\n|-singleturn|p2a: Dondozo|Protect\n|move|p1b: Gyarados|Waterfall|p2b: Maushold\n|-damage|p2b: Maushold|62\/100\n|\n|-heal|p2a: Dondozo|27\/100|[from] item: Leftovers\n|upkeep\n|turn|4\n|inactive|cosplayLover has 30 seconds left.\n|inactive|cosplayLover has 20 seconds left.\n|j| Tapulubu\n|\n|t:|1683811973\n|move|p1b: Gyarados|Chilling Water|p2a: Dondozo\n|-resisted|p2a: Dondozo\n|-damage|p2a: Dondozo|25\/100\n|-unboost|p2a: Dondozo|atk|1\n|move|p2b: Maushold|Taunt|p1a: Amoonguss\n|-start|p1a: Amoonguss|move: Taunt\n|move|p2a: Dondozo|Yawn|p1b: Gyarados\n|-start|p1b: Gyarados|move: Yawn|[of] p2a: Dondozo\n|cant|p1a: Amoonguss|move: Taunt|Spore\n|\n|-heal|p2a: Dondozo|31\/100|[from] item: Leftovers\n|upkeep\n|turn|5\n|\n|t:|1683811995\n|move|p1b: Gyarados|Waterfall|p2b: Maushold\n|-damage|p2b: Maushold|21\/100\n|cant|p2b: Maushold|flinch\n|move|p2a: Dondozo|Yawn||[still]\n|-fail|p2a: Dondozo\n|move|p1a: Amoonguss|Pollen Puff|p1b: Gyarados\n|-heal|p1b: Gyarados|100\/100\n|\n|-heal|p2a: Dondozo|37\/100|[from] item: Leftovers\n|-end|p1b: Gyarados|move: Yawn|[silent]\n|-status|p1b: Gyarados|slp\n|upkeep\n|turn|6\n|inactive|AnemoneGlitch has 30 seconds left.\n|\n|t:|1683812029\n|cant|p1b: Gyarados|slp\n|move|p2b: Maushold|Super Fang|p1a: Amoonguss\n|-damage|p1a: Amoonguss|51\/100\n|-damage|p2b: Maushold|5\/100|[from] item: Rocky Helmet|[of] p1a: Amoonguss\n|move|p2a: Dondozo|Yawn|p1a: Amoonguss\n|-start|p1a: Amoonguss|move: Yawn|[of] p2a: Dondozo\n|move|p1a: Amoonguss|Pollen Puff|p2b: Maushold\n|-damage|p2b: Maushold|0 fnt\n|faint|p2b: Maushold\n|\n|-heal|p2a: Dondozo|43\/100|[from] item: Leftovers\n|-end|p1a: Amoonguss|move: Taunt\n|upkeep\n|\n|t:|1683812044\n|switch|p2b: Scizor|Scizor, L50, F|100\/100\n|turn|7\n|\n|t:|1683812058\n|move|p2a: Dondozo|Protect|p2a: Dondozo\n|-singleturn|p2a: Dondozo|Protect\n|cant|p1b: Gyarados|slp\n|move|p2b: Scizor|Swords Dance|p2b: Scizor\n|-boost|p2b: Scizor|atk|2\n|move|p1a: Amoonguss|Spore|p2a: Dondozo\n|-activate|p2a: Dondozo|move: Protect\n|\n|-heal|p2a: Dondozo|50\/100|[from] item: Leftovers\n|-end|p1a: Amoonguss|move: Yawn|[silent]\n|-status|p1a: Amoonguss|slp\n|upkeep\n|turn|8\n|inactive|AnemoneGlitch has 30 seconds left.\n|\n|t:|1683812086\n|move|p2b: Scizor|Bullet Punch|p1a: Amoonguss\n|-damage|p1a: Amoonguss|0 fnt\n|-damage|p2b: Scizor|84\/100|[from] item: Rocky Helmet|[of] p1a: Amoonguss\n|faint|p1a: Amoonguss\n|cant|p1b: Gyarados|slp\n|move|p2a: Dondozo|Yawn||[still]\n|-fail|p2a: Dondozo\n|\n|-heal|p2a: Dondozo|56\/100|[from] item: Leftovers\n|upkeep\n|\n|t:|1683812098\n|switch|p1a: Farigiraf|Farigiraf, L50, M|100\/100\n|turn|9\n|\n|t:|1683812119\n|-curestatus|p1b: Gyarados|slp|[msg]\n|move|p1b: Gyarados|Thunder Wave|p2b: Scizor\n|-status|p2b: Scizor|par\n|move|p2a: Dondozo|Wave Crash|p1a: Farigiraf\n|-damage|p1a: Farigiraf|80\/100\n|-damage|p2a: Dondozo|50\/100|[from] Recoil\n|cant|p2b: Scizor|par\n|move|p1a: Farigiraf|Trick Room|p1a: Farigiraf\n|-fieldstart|move: Trick Room|[of] p1a: Farigiraf\n|\n|-heal|p2a: Dondozo|56\/100|[from] item: Leftovers\n|upkeep\n|turn|10\n|\n|t:|1683812143\n|cant|p2b: Scizor|par\n|move|p2a: Dondozo|Wave Crash|p1a: Farigiraf\n|-damage|p1a: Farigiraf|60\/100\n|-damage|p2a: Dondozo|50\/100|[from] Recoil\n|move|p1b: Gyarados|Waterfall|p2b: Scizor\n|-damage|p2b: Scizor|48\/100 par\n|move|p1a: Farigiraf|Trick Room|p1a: Farigiraf\n|-fieldend|move: Trick Room\n|\n|-heal|p2a: Dondozo|57\/100|[from] item: Leftovers\n|upkeep\n|turn|11\n|inactive|AnemoneGlitch has 30 seconds left.\n|inactive|AnemoneGlitch has 20 seconds left.\n|\n|t:|1683812178\n|move|p1b: Gyarados|Thunder Wave|p2a: Dondozo\n|-status|p2a: Dondozo|par\n|move|p1a: Farigiraf|Hyper Voice|p2b: Scizor|[spread] p2a,p2b\n|-resisted|p2b: Scizor\n|-damage|p2a: Dondozo|40\/100 par\n|-damage|p2b: Scizor|32\/100 par\n|move|p2b: Scizor|Close Combat|p1a: Farigiraf\n|-damage|p1a: Farigiraf|0 fnt\n|-unboost|p2b: Scizor|def|1\n|-unboost|p2b: Scizor|spd|1\n|faint|p1a: Farigiraf\n|move|p2a: Dondozo|Yawn|p1b: Gyarados\n|-start|p1b: Gyarados|move: Yawn|[of] p2a: Dondozo\n|\n|-heal|p2a: Dondozo|46\/100 par|[from] item: Leftovers\n|upkeep\n|j| kendricklamarfan\n|\n|t:|1683812192\n|switch|p1a: Iron Hands|Iron Hands, L50, tera:Water|60\/100\n|turn|12\n|\n|t:|1683812199\n|move|p2a: Dondozo|Protect|p2a: Dondozo\n|-singleturn|p2a: Dondozo|Protect\n|move|p1b: Gyarados|Waterfall|p2b: Scizor\n|-damage|p2b: Scizor|0 fnt\n|faint|p2b: Scizor\n|move|p1a: Iron Hands|Wild Charge|p2a: Dondozo\n|-activate|p2a: Dondozo|move: Protect\n|\n|-heal|p2a: Dondozo|53\/100 par|[from] item: Leftovers\n|-end|p1b: Gyarados|move: Yawn|[silent]\n|-status|p1b: Gyarados|slp\n|upkeep\n|\n|t:|1683812208\n|switch|p2b: Flutter Mane|Flutter Mane, L50|76\/100\n|turn|13\n|\n|t:|1683812221\n|-terastallize|p2a: Dondozo|Steel\n|move|p2b: Flutter Mane|Perish Song|p2b: Flutter Mane\n|-start|p1a: Iron Hands|perish3|[silent]\n|-start|p1b: Gyarados|perish3|[silent]\n|-start|p2a: Dondozo|perish3|[silent]\n|-start|p2b: Flutter Mane|perish3|[silent]\n|-fieldactivate|move: Perish Song\n|cant|p1b: Gyarados|slp\n|move|p1a: Iron Hands|Wild Charge|p2b: Flutter Mane\n|-damage|p2b: Flutter Mane|0 fnt\n|faint|p2b: Flutter Mane\n|-end|p2b: Flutter Mane|Protosynthesis|[silent]\n|-damage|p1a: Iron Hands|49\/100|[from] Recoil\n|move|p2a: Dondozo|Yawn|p1a: Iron Hands\n|-start|p1a: Iron Hands|move: Yawn|[of] p2a: Dondozo\n|\n|-heal|p2a: Dondozo|59\/100 par|[from] item: Leftovers\n|-start|p1b: Gyarados|perish3\n|-start|p1a: Iron Hands|perish3\n|-start|p2a: Dondozo|perish3\n|upkeep\n|turn|14\n|\n|t:|1683812238\n|cant|p2a: Dondozo|par\n|-curestatus|p1b: Gyarados|slp|[msg]\n|move|p1b: Gyarados|Waterfall|p2a: Dondozo\n|-damage|p2a: Dondozo|35\/100 par\n|move|p1a: Iron Hands|Drain Punch|p2a: Dondozo\n|-supereffective|p2a: Dondozo\n|-damage|p2a: Dondozo|0 fnt\n|-heal|p1a: Iron Hands|68\/100|[from] drain|[of] p2a: Dondozo\n|faint|p2a: Dondozo\n|\n|win|cosplayLover\n|raw|cosplayLover's rating: 1697 → 1715<\/strong> (+18 for winning)\n|raw|AnemoneGlitch's rating: 1665 → 1647<\/strong> (-18 for losing)\n|l|\u2606AnemoneGlitch\n|l|\u2606cosplayLover\n|l| Tapulubu\n|l| raityangontyan\n","uploadtime":1683812318,"views":9,"p1id":"cosplaylover","p2id":"anemoneglitch","formatid":"gen9vgc2023regulationc","rating":1647,"private":0,"password":""}