{"id":"gen9vgc2023regulationc-1849881887","p1":"LTK07","p2":"Kirovz","format":"[Gen 9] VGC 2023 Regulation C","log":"|j|\u2606LTK07\n|j|\u2606Kirovz\n|t:|1682264077\n|gametype|doubles\n|player|p1|LTK07|falkner|1072\n|player|p2|Kirovz|lance|1000\n|teamsize|p1|6\n|teamsize|p2|6\n|gen|9\n|tier|[Gen 9] VGC 2023 Regulation C\n|rated|\n|rule|Species Clause: Limit one of each Pok\u00e9mon\n|rule|Item Clause: Limit one of each item\n|clearpoke\n|poke|p1|Ceruledge, L50, M|\n|poke|p1|Sableye, L50, F|\n|poke|p1|Flutter Mane, L50|\n|poke|p1|Iron Bundle, L50|\n|poke|p1|Dragonite, L50, M|\n|poke|p1|Amoonguss, L50, F|\n|poke|p2|Dondozo, L50, F|\n|poke|p2|Tatsugiri-Stretchy, L50, M|\n|poke|p2|Chi-Yu, L50|\n|poke|p2|Flutter Mane, L50|\n|poke|p2|Dragonite, L50, M|\n|poke|p2|Glimmora, L50, F|\n|teampreview|4\n|inactive|Battle timer is ON: inactive players will automatically lose when time's up. (requested by LTK07)\nLTK07 rejected open team sheets.\n|\n|t:|1682264110\n|start\n|switch|p1a: Sableye|Sableye, L50, F|100\/100\n|switch|p1b: Ceruledge|Ceruledge, L50, M|100\/100\n|switch|p2a: Tatsugiri|Tatsugiri-Stretchy, L50, M|100\/100\n|switch|p2b: Glimmora|Glimmora, L50, F|100\/100\n|turn|1\n|\n|t:|1682264132\n|move|p1a: Sableye|Reflect|p1a: Sableye\n|-sidestart|p1: LTK07|Reflect\n|move|p2b: Glimmora|Toxic|p1b: Ceruledge\n|-status|p1b: Ceruledge|tox\n|move|p1b: Ceruledge|Bulk Up|p1b: Ceruledge\n|-boost|p1b: Ceruledge|atk|1\n|-boost|p1b: Ceruledge|def|1\n|move|p2a: Tatsugiri|Muddy Water|p1b: Ceruledge|[spread] p1a\n|-miss|p2a: Tatsugiri|p1b: Ceruledge\n|-damage|p1a: Sableye|37\/100\n|\n|-damage|p1b: Ceruledge|94\/100 tox|[from] psn\n|upkeep\n|turn|2\n|inactive|LTK07 has 30 seconds left.\n|\n|t:|1682264161\n|-terastallize|p1b: Ceruledge|Steel\n|move|p1a: Sableye|Disable|p2b: Glimmora\n|-start|p2b: Glimmora|Disable|Toxic\n|move|p2b: Glimmora|Power Gem|p1b: Ceruledge\n|-resisted|p1b: Ceruledge\n|-damage|p1b: Ceruledge|76\/100 tox\n|move|p1b: Ceruledge|Bitter Blade|p2a: Tatsugiri\n|-resisted|p2a: Tatsugiri\n|-damage|p2a: Tatsugiri|76\/100\n|-heal|p1b: Ceruledge|88\/100 tox|[from] drain|[of] p2a: Tatsugiri\n|move|p2a: Tatsugiri|Muddy Water|p1b: Ceruledge|[spread] p1a,p1b\n|-crit|p1a: Sableye\n|-damage|p1a: Sableye|0 fnt\n|-damage|p1b: Ceruledge|40\/100 tox\n|-unboost|p1b: Ceruledge|accuracy|1\n|faint|p1a: Sableye\n|\n|-heal|p1b: Ceruledge|46\/100 tox|[from] item: Leftovers\n|-damage|p1b: Ceruledge|34\/100 tox|[from] psn\n|upkeep\n|\n|t:|1682264177\n|switch|p1a: Dragonite|Dragonite, L50, M|100\/100\n|turn|3\n|\n|t:|1682264194\n|switch|p2a: Dondozo|Dondozo, L50, F|100\/100\n|move|p1b: Ceruledge|Protect|p1b: Ceruledge\n|-singleturn|p1b: Ceruledge|Protect\n|move|p2b: Glimmora|Power Gem|p1a: Dragonite\n|-supereffective|p1a: Dragonite\n|-damage|p1a: Dragonite|57\/100\n|move|p1a: Dragonite|Dragon Claw|p2a: Dondozo\n|-damage|p2a: Dondozo|58\/100\n|\n|-heal|p1b: Ceruledge|40\/100 tox|[from] item: Leftovers\n|-damage|p1b: Ceruledge|21\/100 tox|[from] psn\n|upkeep\n|turn|4\n|\n|t:|1682264205\n|switch|p1a: Iron Bundle|Iron Bundle, L50|100\/100\n|-enditem|p1a: Iron Bundle|Booster Energy\n|-activate|p1a: Iron Bundle|ability: Quark Drive|[fromitem]\n|-start|p1a: Iron Bundle|quarkdrivespa\n|move|p2b: Glimmora|Spiky Shield|p2b: Glimmora\n|-singleturn|p2b: Glimmora|move: Protect\n|move|p2a: Dondozo|Protect|p2a: Dondozo\n|-singleturn|p2a: Dondozo|Protect\n|move|p1b: Ceruledge|Bitter Blade|p2b: Glimmora\n|-activate|p2b: Glimmora|move: Protect\n|-damage|p1b: Ceruledge|9\/100 tox|[from] Spiky Shield|[of] p2b: Glimmora\n|\n|-heal|p1b: Ceruledge|15\/100 tox|[from] item: Leftovers\n|-damage|p1b: Ceruledge|0 fnt|[from] psn\n|faint|p1b: Ceruledge\n|upkeep\n|\n|t:|1682264221\n|switch|p1b: Dragonite|Dragonite, L50, M|57\/100\n|turn|5\n|\n|t:|1682264241\n|move|p1a: Iron Bundle|Protect|p1a: Iron Bundle\n|-singleturn|p1a: Iron Bundle|Protect\n|move|p2b: Glimmora|Power Gem|p1b: Dragonite\n|-supereffective|p1b: Dragonite\n|-damage|p1b: Dragonite|0 fnt\n|faint|p1b: Dragonite\n|move|p2a: Dondozo|Yawn|p1a: Iron Bundle\n|-activate|p1a: Iron Bundle|move: Protect\n|\n|-end|p2b: Glimmora|Disable\n|upkeep\n|turn|6\n|-message|LTK07 forfeited.\n|\n|win|Kirovz\n|raw|LTK07's rating: 1072 → 1047<\/strong> (-25 for losing)\n|raw|Kirovz's rating: 1000 → 1048<\/strong> (+48 for winning)\n|l|\u2606LTK07\n","uploadtime":1682264256,"views":9,"p1id":"ltk07","p2id":"kirovz","formatid":"gen9vgc2023regulationc","rating":1047,"private":0,"password":""}