{"id":"gen9vgc2023regulationc-1856480831","p1":"Keveloper","p2":"HappyduckJJ","format":"[Gen 9] VGC 2023 Regulation C","log":"|j|\u2606Keveloper\n|j|\u2606HappyduckJJ\n|t:|1683066235\n|gametype|doubles\n|player|p1|Keveloper|lucas|\n|player|p2|HappyduckJJ|chase|\n|teamsize|p1|6\n|teamsize|p2|6\n|gen|9\n|tier|[Gen 9] VGC 2023 Regulation C\n|rule|Species Clause: Limit one of each Pok\u00e9mon\n|rule|Item Clause: Limit one of each item\n|clearpoke\n|poke|p1|Orthworm, L50, M|\n|poke|p1|Dragonite, L50, M|\n|poke|p1|Ting-Lu, L50|\n|poke|p1|Gyarados, L50, M|\n|poke|p1|Flutter Mane, L50|\n|poke|p1|Chien-Pao, L50|\n|poke|p2|Glimmora, L50, M|\n|poke|p2|Iron Bundle, L50|\n|poke|p2|Wo-Chien, L50|\n|poke|p2|Arcanine, L50, F|\n|poke|p2|Dondozo, L50, M|\n|poke|p2|Tatsugiri, L50, F|\n|teampreview|4\nHappyduckJJ has agreed to open team sheets.\nKeveloper has agreed to open team sheets.\n|\n|t:|1683066622\n|start\n|switch|p1a: Dragonite|Dragonite, L50, M|100\/100\n|switch|p1b: Chien-Pao|Chien-Pao, L50|100\/100\n|switch|p2a: Glimmora|Glimmora, L50, M|100\/100\n|switch|p2b: Woah-Chien|Wo-Chien, L50|100\/100\n|-ability|p1b: Chien-Pao|Sword of Ruin\n|-ability|p2b: Woah-Chien|Tablets of Ruin\n|turn|1\n|\n|t:|1683066700\n|switch|p1a: Orthworm|Orthworm, L50, M|100\/100\n|move|p2b: Woah-Chien|Protect|p2b: Woah-Chien\n|-singleturn|p2b: Woah-Chien|Protect\n|move|p1b: Chien-Pao|Ice Spinner|p2b: Woah-Chien\n|-activate|p2b: Woah-Chien|move: Protect\n|move|p2a: Glimmora|Mortal Spin|p1a: Orthworm|[spread] p1b\n|-immune|p1a: Orthworm\n|-damage|p1b: Chien-Pao|96\/100\n|-status|p1b: Chien-Pao|psn\n|\n|-damage|p1b: Chien-Pao|84\/100 psn|[from] psn\n|upkeep\n|turn|2\n|\n|t:|1683066738\n|switch|p2b: Dondozo|Dondozo, L50, M|100\/100\n|move|p1b: Chien-Pao|Protect|p1b: Chien-Pao\n|-singleturn|p1b: Chien-Pao|Protect\n|move|p2a: Glimmora|Power Gem|p1b: Chien-Pao\n|-activate|p1b: Chien-Pao|move: Protect\n|move|p1a: Orthworm|Shed Tail|p1a: Orthworm\n|-start|p1a: Orthworm|Substitute|[from] move: Shed Tail\n|-damage|p1a: Orthworm|50\/100\n|-enditem|p1a: Orthworm|Sitrus Berry|[eat]\n|-heal|p1a: Orthworm|75\/100|[from] item: Sitrus Berry\n|\n|t:|1683066750\n|switch|p1a: Dragonite|Dragonite, L50, M|100\/100|[from] Shed Tail\n|\n|-damage|p1b: Chien-Pao|72\/100 psn|[from] psn\n|upkeep\n|turn|3\n|\n|t:|1683066762\n|switch|p1b: Orthworm|Orthworm, L50, M|75\/100\n|switch|p2b: Woah-Chien|Wo-Chien, L50|100\/100\n|-ability|p2b: Woah-Chien|Tablets of Ruin\n|move|p1a: Dragonite|Earthquake|p2b: Woah-Chien|[spread] p2a,p2b\n|-heal|p1b: Orthworm|100\/100|[from] ability: Earth Eater|[of] p1a: Dragonite\n|-supereffective|p2a: Glimmora\n|-resisted|p2b: Woah-Chien\n|-damage|p2a: Glimmora|42\/100\n|-damage|p2b: Woah-Chien|93\/100\n|-activate|p2a: Glimmora|ability: Toxic Debris\n|-sidestart|p1: Keveloper|move: Toxic Spikes\n|move|p2a: Glimmora|Power Gem|p1a: Dragonite\n|-supereffective|p1a: Dragonite\n|-end|p1a: Dragonite|Substitute\n|\n|upkeep\n|turn|4\n|\n|t:|1683066859\n|-terastallize|p2a: Glimmora|Grass\n|move|p1a: Dragonite|Earthquake|p2a: Glimmora|[spread] p2a,p2b\n|-immune|p1b: Orthworm|[from] ability: Earth Eater\n|-resisted|p2a: Glimmora\n|-resisted|p2b: Woah-Chien\n|-damage|p2a: Glimmora|34\/100\n|-damage|p2b: Woah-Chien|85\/100\n|-activate|p2a: Glimmora|ability: Toxic Debris\n|-sidestart|p1: Keveloper|move: Toxic Spikes\n|move|p2a: Glimmora|Power Gem|p1a: Dragonite\n|-supereffective|p1a: Dragonite\n|-damage|p1a: Dragonite|66\/100\n|move|p2b: Woah-Chien|Pollen Puff|p2a: Glimmora\n|-heal|p2a: Glimmora|84\/100\n|move|p1b: Orthworm|Body Press|p2b: Woah-Chien\n|-supereffective|p2b: Woah-Chien\n|-damage|p2b: Woah-Chien|50\/100\n|-enditem|p2b: Woah-Chien|Sitrus Berry|[eat]\n|-heal|p2b: Woah-Chien|75\/100|[from] item: Sitrus Berry\n|\n|upkeep\n|turn|5\n|\n|t:|1683066919\n|-terastallize|p1a: Dragonite|Flying\n|move|p1a: Dragonite|Tera Blast|p2a: Glimmora\n|-supereffective|p2a: Glimmora\n|-damage|p2a: Glimmora|25\/100\n|move|p2a: Glimmora|Power Gem|p1a: Dragonite\n|-supereffective|p1a: Dragonite\n|-damage|p1a: Dragonite|0 fnt\n|faint|p1a: Dragonite\n|move|p2b: Woah-Chien|Foul Play|p1b: Orthworm\n|-damage|p1b: Orthworm|81\/100\n|move|p1b: Orthworm|Shed Tail|p1b: Orthworm\n|-start|p1b: Orthworm|Substitute|[from] move: Shed Tail\n|-damage|p1b: Orthworm|31\/100\n|\n|t:|1683066932\n|switch|p1b: Chien-Pao|Chien-Pao, L50|72\/100 psn|[from] Shed Tail\n|-ability|p1b: Chien-Pao|Sword of Ruin\n|\n|-damage|p1b: Chien-Pao|59\/100 psn|[from] psn\n|upkeep\n|\n|t:|1683066938\n|switch|p1a: Gyarados|Gyarados, L50, M|100\/100\n|-ability|p1a: Gyarados|Intimidate|boost\n|-unboost|p2a: Glimmora|atk|1\n|-unboost|p2b: Woah-Chien|atk|1\n|turn|6\n|\n|t:|1683066958\n|switch|p2a: Dondozo|Dondozo, L50, M|100\/100\n|move|p1b: Chien-Pao|Ice Spinner|p2a: Dondozo\n|-resisted|p2a: Dondozo\n|-damage|p2a: Dondozo|86\/100\n|move|p1a: Gyarados|Taunt|p2b: Woah-Chien\n|-start|p2b: Woah-Chien|move: Taunt\n|move|p2b: Woah-Chien|Pollen Puff|p1b: Chien-Pao\n|-supereffective|p1b: Chien-Pao\n|-end|p1b: Chien-Pao|Substitute\n|\n|-heal|p2a: Dondozo|93\/100|[from] item: Leftovers\n|-damage|p1b: Chien-Pao|47\/100 psn|[from] psn\n|upkeep\n|turn|7\n|\n|t:|1683066991\n|switch|p1b: Orthworm|Orthworm, L50, M|31\/100\n|switch|p2b: Tatsugiri|Tatsugiri, L50, F|100\/100\n|-activate|p2b: Tatsugiri|ability: Commander|[of] p2a: Dondozo\n|-boost|p2a: Dondozo|atk|2\n|-boost|p2a: Dondozo|spa|2\n|-boost|p2a: Dondozo|spe|2\n|-boost|p2a: Dondozo|def|2\n|-boost|p2a: Dondozo|spd|2\n|move|p2a: Dondozo|Order Up|p1b: Orthworm\n|-resisted|p1b: Orthworm\n|-damage|p1b: Orthworm|16\/100\n|-boost|p2a: Dondozo|atk|1\n|move|p1a: Gyarados|Bulldoze|p2b: Tatsugiri|[spread] p2a\n|-miss|p1a: Gyarados|p2b: Tatsugiri\n|-heal|p1b: Orthworm|41\/100|[from] ability: Earth Eater|[of] p1a: Gyarados\n|-damage|p2a: Dondozo|87\/100\n|-unboost|p2a: Dondozo|spe|1\n|\n|-heal|p2a: Dondozo|93\/100|[from] item: Leftovers\n|upkeep\n|turn|8\n|\n|t:|1683067026\n|move|p2a: Dondozo|Order Up|p1a: Gyarados\n|-damage|p1a: Gyarados|48\/100\n|-boost|p2a: Dondozo|atk|1\n|move|p1a: Gyarados|Thunder Wave|p2a: Dondozo\n|-status|p2a: Dondozo|par\n|move|p1b: Orthworm|Body Press|p2a: Dondozo\n|-damage|p2a: Dondozo|83\/100 par\n|\n|-heal|p2a: Dondozo|89\/100 par|[from] item: Leftovers\n|upkeep\n|turn|9\n|\n|t:|1683067032\n|move|p1a: Gyarados|Bulldoze|p2b: Tatsugiri|[spread] p2a\n|-miss|p1a: Gyarados|p2b: Tatsugiri\n|-heal|p1b: Orthworm|66\/100|[from] ability: Earth Eater|[of] p1a: Gyarados\n|-damage|p2a: Dondozo|85\/100 par\n|-unboost|p2a: Dondozo|spe|1\n|move|p1b: Orthworm|Shed Tail|p1b: Orthworm\n|-start|p1b: Orthworm|Substitute|[from] move: Shed Tail\n|-damage|p1b: Orthworm|16\/100\n|\n|t:|1683067040\n|switch|p1b: Chien-Pao|Chien-Pao, L50|47\/100 psn|[from] Shed Tail\n|-ability|p1b: Chien-Pao|Sword of Ruin\n|move|p2a: Dondozo|Order Up|p1a: Gyarados\n|-damage|p1a: Gyarados|0 fnt\n|faint|p1a: Gyarados\n|-boost|p2a: Dondozo|atk|1\n|\n|-heal|p2a: Dondozo|91\/100 par|[from] item: Leftovers\n|-damage|p1b: Chien-Pao|35\/100 psn|[from] psn\n|upkeep\n|\n|t:|1683067047\n|switch|p1a: Orthworm|Orthworm, L50, M|16\/100\n|turn|10\n|\n|t:|1683067056\n|move|p1b: Chien-Pao|Haze|p1b: Chien-Pao\n|-clearallboost\n|move|p1a: Orthworm|Body Press|p2a: Dondozo\n|-damage|p2a: Dondozo|63\/100 par\n|move|p2a: Dondozo|Order Up|p1a: Orthworm\n|-resisted|p1a: Orthworm\n|-damage|p1a: Orthworm|6\/100\n|-boost|p2a: Dondozo|atk|1\n|\n|-heal|p2a: Dondozo|70\/100 par|[from] item: Leftovers\n|-damage|p1b: Chien-Pao|23\/100 psn|[from] psn\n|upkeep\n|turn|11\n|\n|t:|1683067113\n|cant|p2a: Dondozo|par\n|move|p1b: Chien-Pao|Sucker Punch||[still]\n|-fail|p1b: Chien-Pao\n|move|p1a: Orthworm|Body Press|p2a: Dondozo\n|-damage|p2a: Dondozo|43\/100 par\n|\n|-heal|p2a: Dondozo|49\/100 par|[from] item: Leftovers\n|-damage|p1b: Chien-Pao|11\/100 psn|[from] psn\n|upkeep\n|turn|12\n|\n|t:|1683067124\n|cant|p2a: Dondozo|par\n|move|p1b: Chien-Pao|Ice Spinner|p2a: Dondozo\n|-resisted|p2a: Dondozo\n|-damage|p2a: Dondozo|31\/100 par\n|move|p1a: Orthworm|Body Press|p2a: Dondozo\n|-damage|p2a: Dondozo|5\/100 par\n|\n|-heal|p2a: Dondozo|11\/100 par|[from] item: Leftovers\n|-damage|p1b: Chien-Pao|0 fnt|[from] psn\n|faint|p1b: Chien-Pao\n|upkeep\n|turn|13\n|\n|t:|1683067138\n|move|p1a: Orthworm|Body Press|p2a: Dondozo\n|-damage|p2a: Dondozo|0 fnt\n|faint|p2a: Dondozo\n|\n|upkeep\n|\n|t:|1683067141\n|switch|p2a: Glimmora|Glimmora, L50, M, tera:Grass|25\/100\n|turn|14\n|\n|t:|1683067145\n|move|p2b: Tatsugiri|Dragon Pulse|p1a: Orthworm\n|-resisted|p1a: Orthworm\n|-damage|p1a: Orthworm|0 fnt\n|faint|p1a: Orthworm\n|\n|win|HappyduckJJ\n","uploadtime":1683067149,"views":3,"p1id":"keveloper","p2id":"happyduckjj","formatid":"gen9vgc2023regulationc","rating":0,"private":0,"password":""}