{"id":"gen9vgc2023regulationc-1850916352","p1":"LiluziHit","p2":"asianguy96","format":"[Gen 9] VGC 2023 Regulation C","log":"|j|\u2606LiluziHit\n|j|\u2606asianguy96\n|t:|1682381940\n|gametype|doubles\n|player|p1|LiluziHit|blue|\n|player|p2|asianguy96|blackbelt-gen4dp|\n|teamsize|p1|6\n|teamsize|p2|6\n|gen|9\n|tier|[Gen 9] VGC 2023 Regulation C\n|rule|Species Clause: Limit one of each Pok\u00e9mon\n|rule|Item Clause: Limit one of each item\n|clearpoke\n|poke|p1|Gholdengo, L50|\n|poke|p1|Chi-Yu, L50|\n|poke|p1|Iron Jugulis, L50|\n|poke|p1|Farigiraf, L50, F|\n|poke|p1|Dachsbun, L50, M|\n|poke|p1|Salamence, L50, M|\n|poke|p2|Iron Valiant, L50|\n|poke|p2|Maushold, L50|\n|poke|p2|Oricorio-Pom-Pom, L50, F|\n|poke|p2|Volcarona, L50, M|\n|poke|p2|Annihilape, L50, M|\n|poke|p2|Sableye, L50, M|\n|teampreview|4\n|inactive|Battle timer is ON: inactive players will automatically lose when time's up. (requested by asianguy96)\n|c|\u2606LiluziHit|gl;\nLiluziHit rejected open team sheets.\n|inactive|LiluziHit has 60 seconds left.\n|inactive|asianguy96 has 60 seconds left.\n|\n|t:|1682381983\n|start\n|switch|p1a: Hydreigon LITE|Iron Jugulis, L50|100\/100\n|switch|p1b: Spicy Goldfish|Chi-Yu, L50|100\/100\n|switch|p2a: Iron Valiant|Iron Valiant, L50|100\/100\n|switch|p2b: Volcarona|Volcarona, L50, M|100\/100\n|-ability|p1b: Spicy Goldfish|Beads of Ruin\n|-enditem|p2a: Iron Valiant|Booster Energy\n|-activate|p2a: Iron Valiant|ability: Quark Drive|[fromitem]\n|-start|p2a: Iron Valiant|quarkdrivespe\n|-enditem|p1a: Hydreigon LITE|Booster Energy\n|-activate|p1a: Hydreigon LITE|ability: Quark Drive|[fromitem]\n|-start|p1a: Hydreigon LITE|quarkdrivespe\n|turn|1\n|inactive|LiluziHit has 30 seconds left.\n|inactive|asianguy96 has 30 seconds left.\n|c|\u2606LiluziHit|stop timer\n|c|\u2606asianguy96|gl\n|inactive|LiluziHit has 20 seconds left.\n|inactive|asianguy96 has 20 seconds left.\n|inactiveoff|Battle timer is now OFF.\n|c|\u2606LiluziHit|gl\n|\n|t:|1682382039\n|move|p2a: Iron Valiant|Aura Sphere|p1b: Spicy Goldfish\n|-supereffective|p1b: Spicy Goldfish\n|-damage|p1b: Spicy Goldfish|4\/100\n|move|p1a: Hydreigon LITE|Snarl|p2b: Volcarona|[spread] p2a,p2b\n|-resisted|p2a: Iron Valiant\n|-damage|p2a: Iron Valiant|92\/100\n|-damage|p2b: Volcarona|76\/100\n|-unboost|p2a: Iron Valiant|spa|1\n|-unboost|p2b: Volcarona|spa|1\n|move|p1b: Spicy Goldfish|Heat Wave|p2b: Volcarona|[spread] p2a,p2b\n|-damage|p2a: Iron Valiant|0 fnt\n|-damage|p2b: Volcarona|10\/100\n|faint|p2a: Iron Valiant\n|-end|p2a: Iron Valiant|Quark Drive|[silent]\n|move|p2b: Volcarona|Fiery Dance|p1b: Spicy Goldfish\n|-resisted|p1b: Spicy Goldfish\n|-damage|p1b: Spicy Goldfish|0 fnt\n|faint|p1b: Spicy Goldfish\n|\n|upkeep\n|\n|t:|1682382060\n|switch|p2a: Annihilape|Annihilape, L50, M|100\/100\n|switch|p1b: Menced meat|Salamence, L50, M|100\/100\n|-ability|p1b: Menced meat|Intimidate|boost\n|-unboost|p2a: Annihilape|atk|1\n|-ability|p2a: Annihilape|Defiant|boost\n|-boost|p2a: Annihilape|atk|2\n|-unboost|p2b: Volcarona|atk|1\n|turn|2\n|\n|t:|1682382100\n|switch|p2a: Maushold|Maushold, L50|100\/100\n|move|p1a: Hydreigon LITE|Snarl|p2a: Maushold|[spread] p2a\n|-miss|p1a: Hydreigon LITE|p2b: Volcarona\n|-damage|p2a: Maushold|81\/100\n|-unboost|p2a: Maushold|spa|1\n|move|p1b: Menced meat|Substitute|p1b: Menced meat\n|-start|p1b: Menced meat|Substitute\n|-damage|p1b: Menced meat|76\/100\n|move|p2b: Volcarona|Morning Sun|p2b: Volcarona\n|-heal|p2b: Volcarona|60\/100\n|\n|upkeep\n|turn|3\n|\n|t:|1682382136\n|move|p1a: Hydreigon LITE|Tailwind|p1a: Hydreigon LITE\n|-sidestart|p1: LiluziHit|move: Tailwind\n|move|p1b: Menced meat|Dragon Dance|p1b: Menced meat\n|-boost|p1b: Menced meat|atk|1\n|-boost|p1b: Menced meat|spe|1\n|move|p2a: Maushold|Crunch|p1b: Menced meat\n|-crit|p1b: Menced meat\n|-end|p1b: Menced meat|Substitute\n|move|p2b: Volcarona|Fiery Dance|p1b: Menced meat\n|-resisted|p1b: Menced meat\n|-damage|p1b: Menced meat|56\/100\n|-boost|p2b: Volcarona|spa|1\n|\n|upkeep\n|turn|4\n|\n|t:|1682382160\n|move|p1a: Hydreigon LITE|Air Slash|p2b: Volcarona\n|-supereffective|p2b: Volcarona\n|-damage|p2b: Volcarona|11\/100\n|move|p1b: Menced meat|Dragon Claw|p2a: Maushold\n|-damage|p2a: Maushold|0 fnt\n|faint|p2a: Maushold\n|move|p2b: Volcarona|Fiery Dance|p1b: Menced meat\n|-resisted|p1b: Menced meat\n|-damage|p1b: Menced meat|25\/100\n|-enditem|p1b: Menced meat|Sitrus Berry|[eat]\n|-heal|p1b: Menced meat|50\/100|[from] item: Sitrus Berry\n|\n|upkeep\n|\n|t:|1682382172\n|switch|p2a: Annihilape|Annihilape, L50, M|100\/100\n|turn|5\n|\n|t:|1682382189\n|-terastallize|p2a: Annihilape|Ghost\n|move|p1a: Hydreigon LITE|Air Slash|p2a: Annihilape\n|-damage|p2a: Annihilape|66\/100\n|move|p1b: Menced meat|Rock Slide|p2b: Volcarona|[spread] p2a,p2b\n|-supereffective|p2b: Volcarona\n|-crit|p2b: Volcarona\n|-damage|p2a: Annihilape|30\/100\n|-damage|p2b: Volcarona|0 fnt\n|faint|p2b: Volcarona\n|cant|p2a: Annihilape|flinch\n|\n|upkeep\n|turn|6\n|c|\u2606LiluziHit|gg\n|c|\u2606asianguy96|gg\n|\n|t:|1682382202\n|move|p1a: Hydreigon LITE|Air Slash|p2a: Annihilape\n|-damage|p2a: Annihilape|0 fnt\n|faint|p2a: Annihilape\n|\n|win|LiluziHit\n","uploadtime":1682382209,"views":18,"p1id":"liluzihit","p2id":"asianguy96","formatid":"gen9vgc2023regulationc","rating":0,"private":0,"password":""}