{"id":"gen9vgc2023regulationc-1855160037","p1":"ScalonetaPibe","p2":"s.daninja","format":"[Gen 9] VGC 2023 Regulation C","log":"|j|\u2606ScalonetaPibe\n|j|\u2606s.daninja\n|t:|1682908669\n|gametype|doubles\n|player|p1|ScalonetaPibe|pokemaniac|\n|player|p2|s.daninja|lass|\n|teamsize|p1|6\n|teamsize|p2|6\n|gen|9\n|tier|[Gen 9] VGC 2023 Regulation C\n|rule|Species Clause: Limit one of each Pok\u00e9mon\n|rule|Item Clause: Limit one of each item\n|clearpoke\n|poke|p1|Torkoal, L50, F|\n|poke|p1|Great Tusk, L50|\n|poke|p1|Raichu, L50, F|\n|poke|p1|Annihilape, L50, F|\n|poke|p1|Rotom-Mow, L50|\n|poke|p1|Dragonite, L50, M|\n|poke|p2|Torkoal, L50, M|\n|poke|p2|Great Tusk, L50|\n|poke|p2|Annihilape, L50, M|\n|poke|p2|Rotom-Mow, L50|\n|poke|p2|Garchomp, L50, M|\n|poke|p2|Raichu, L50, M|\n|teampreview|4\n|\n|t:|1682908702\n|start\n|switch|p1a: Raichu|Raichu, L50, F|100\/100\n|switch|p1b: The real counter|Annihilape, L50, F|100\/100\n|switch|p2a: Rotom|Rotom-Mow, L50|100\/100\n|switch|p2b: Garchomp|Garchomp, L50, M|100\/100\n|turn|1\n|\n|t:|1682908718\n|switch|p1a: Dragonite|Dragonite, L50, M|100\/100\n|move|p1b: The real counter|Protect|p1b: The real counter\n|-singleturn|p1b: The real counter|Protect\n|move|p2a: Rotom|Will-O-Wisp|p1b: The real counter\n|-activate|p1b: The real counter|move: Protect\n|move|p2b: Garchomp|Earthquake|p1a: Dragonite|[spread] \n|-activate|p1b: The real counter|move: Protect\n|-immune|p2a: Rotom|[from] ability: Levitate\n|-immune|p1a: Dragonite\n|\n|upkeep\n|turn|2\n|\n|t:|1682908744\n|switch|p2b: Raichu|Raichu, L50, M|100\/100\n|-terastallize|p1a: Dragonite|Flying\n|move|p2a: Rotom|Will-O-Wisp|p1a: Dragonite\n|-status|p1a: Dragonite|brn\n|-enditem|p1a: Dragonite|Lum Berry|[eat]\n|-curestatus|p1a: Dragonite|brn|[msg]\n|move|p1a: Dragonite|Tera Blast|p2a: Rotom\n|-damage|p2a: Rotom|22\/100\n|move|p1b: The real counter|Bulk Up|p1b: The real counter\n|-boost|p1b: The real counter|atk|1\n|-boost|p1b: The real counter|def|1\n|\n|upkeep\n|turn|3\n|\n|t:|1682908768\n|switch|p2a: Garchomp|Garchomp, L50, M|100\/100\n|move|p1a: Dragonite|Extreme Speed|p2a: Garchomp\n|-damage|p2a: Garchomp|73\/100\n|-damage|p1a: Dragonite|88\/100|[from] ability: Rough Skin|[of] p2a: Garchomp\n|move|p2b: Raichu|Discharge|p1b: The real counter|[spread] p1a,p1b\n|-immune|p2a: Garchomp\n|-supereffective|p1a: Dragonite\n|-damage|p1a: Dragonite|31\/100\n|-damage|p1b: The real counter|80\/100\n|-status|p1a: Dragonite|par\n|move|p1b: The real counter|Bulk Up|p1b: The real counter\n|-boost|p1b: The real counter|atk|1\n|-boost|p1b: The real counter|def|1\n|\n|-heal|p1b: The real counter|87\/100|[from] item: Leftovers\n|upkeep\n|turn|4\n|\n|t:|1682908785\n|switch|p1a: Great Tusk|Great Tusk, L50|100\/100\n|move|p2b: Raichu|Discharge|p1a: Great Tusk|[spread] p1b\n|-immune|p2a: Garchomp\n|-immune|p1a: Great Tusk\n|-damage|p1b: The real counter|69\/100\n|move|p2a: Garchomp|Dragon Claw|p1b: The real counter\n|-damage|p1b: The real counter|34\/100\n|move|p1b: The real counter|Rage Fist|p2a: Garchomp\n|-damage|p2a: Garchomp|0 fnt\n|-damage|p1b: The real counter|22\/100|[from] ability: Rough Skin|[of] p2a: Garchomp\n|faint|p2a: Garchomp\n|\n|-heal|p1b: The real counter|28\/100|[from] item: Leftovers\n|upkeep\n|\n|t:|1682908789\n|switch|p2a: Rotom|Rotom-Mow, L50|22\/100\n|turn|5\n|\n|t:|1682908802\n|move|p1b: The real counter|Protect|p1b: The real counter\n|-singleturn|p1b: The real counter|Protect\n|move|p2a: Rotom|Leaf Storm|p1a: Great Tusk\n|-supereffective|p1a: Great Tusk\n|-damage|p1a: Great Tusk|0 fnt\n|-unboost|p2a: Rotom|spa|2\n|faint|p1a: Great Tusk\n|-end|p1a: Great Tusk|Protosynthesis|[silent]\n|move|p2b: Raichu|Discharge|p1b: The real counter|[spread] p2a\n|-activate|p1b: The real counter|move: Protect\n|-resisted|p2a: Rotom\n|-damage|p2a: Rotom|13\/100\n|\n|-heal|p1b: The real counter|34\/100|[from] item: Leftovers\n|upkeep\n|\n|t:|1682908814\n|switch|p1a: Raichu|Raichu, L50, F|100\/100\n|turn|6\n|\n|t:|1682908829\n|switch|p2b: Great Tusk|Great Tusk, L50|100\/100\n|move|p1a: Raichu|Fake Out|p2a: Rotom\n|-damage|p2a: Rotom|0 fnt\n|faint|p2a: Rotom\n|move|p1b: The real counter|Drain Punch|p2b: Great Tusk\n|-damage|p2b: Great Tusk|56\/100\n|-heal|p1b: The real counter|57\/100|[from] drain|[of] p2b: Great Tusk\n|\n|-heal|p1b: The real counter|63\/100|[from] item: Leftovers\n|upkeep\n|\n|t:|1682908832\n|switch|p2a: Raichu|Raichu, L50, M|100\/100\n|turn|7\n|\n|t:|1682908862\n|switch|p1a: Dragonite|Dragonite, L50, M, tera:Flying|31\/100 par\n|-terastallize|p2a: Raichu|Electric\n|move|p2a: Raichu|Discharge|p1b: The real counter|[spread] p1a,p1b\n|-immune|p2b: Great Tusk\n|-supereffective|p1a: Dragonite\n|-damage|p1a: Dragonite|0 fnt\n|-damage|p1b: The real counter|37\/100\n|faint|p1a: Dragonite\n|move|p2b: Great Tusk|Earthquake|p1b: The real counter|[spread] p2a,p1b\n|-supereffective|p2a: Raichu\n|-enditem|p2a: Raichu|Focus Sash\n|-damage|p2a: Raichu|1\/100\n|-damage|p1b: The real counter|17\/100\n|-damage|p2b: Great Tusk|46\/100|[from] item: Life Orb\n|move|p1b: The real counter|Rage Fist|p2b: Great Tusk\n|-damage|p2b: Great Tusk|0 fnt\n|faint|p2b: Great Tusk\n|-end|p2b: Great Tusk|Protosynthesis|[silent]\n|\n|-heal|p1b: The real counter|23\/100|[from] item: Leftovers\n|upkeep\n|c|\u2606s.daninja|pipipi\n|\n|t:|1682908878\n|switch|p1a: Raichu|Raichu, L50, F|100\/100\n|turn|8\n|\n|t:|1682908884\n|move|p1a: Raichu|Fake Out|p2a: Raichu\n|-crit|p2a: Raichu\n|-damage|p2a: Raichu|0 fnt\n|faint|p2a: Raichu\n|\n|win|ScalonetaPibe\n|c|\u2606ScalonetaPibe|gg\n","uploadtime":1682908893,"views":14,"p1id":"scalonetapibe","p2id":"sdaninja","formatid":"gen9vgc2023regulationc","rating":0,"private":0,"password":""}