{"id":"gen9vgc2023regulationc-1852864822","p1":"bacon122","p2":"Jbenn","format":"[Gen 9] VGC 2023 Regulation C","log":"|j|\u203dbacon122\n|j|\u2606Jbenn\n|t:|1682612739\n|gametype|doubles\n|player|p1|bacon122|brycenman|1510\n|player|p2|Jbenn|steven|1519\n|teamsize|p1|6\n|teamsize|p2|6\n|gen|9\n|tier|[Gen 9] VGC 2023 Regulation C\n|rated|\n|rule|Species Clause: Limit one of each Pok\u00e9mon\n|rule|Item Clause: Limit one of each item\n|clearpoke\n|poke|p1|Murkrow, L50, F|\n|poke|p1|Chi-Yu, L50|\n|poke|p1|Garchomp, L50, M|\n|poke|p1|Flutter Mane, L50|\n|poke|p1|Gyarados, L50, M|\n|poke|p1|Farigiraf, L50, M|\n|poke|p2|Roaring Moon, L50|\n|poke|p2|Great Tusk, L50|\n|poke|p2|Gholdengo, L50|\n|poke|p2|Hariyama, L50, M|\n|poke|p2|Mimikyu, L50, F|\n|poke|p2|Gyarados, L50, M|\n|teampreview|4\nJbenn has agreed to open team sheets.\nbacon122 has agreed to open team sheets.\n|inactive|Battle timer is ON: inactive players will automatically lose when time's up. (requested by bacon122)\n|\n|t:|1682612819\n|start\n|switch|p1a: Flutter Mane|Flutter Mane, L50|100\/100\n|switch|p1b: Chi-Yu|Chi-Yu, L50|100\/100\n|switch|p2a: Yokozuna|Hariyama, L50, M, shiny|100\/100\n|switch|p2b: Casper|Mimikyu, L50, F|100\/100\n|-ability|p1b: Chi-Yu|Beads of Ruin\n|-enditem|p1a: Flutter Mane|Booster Energy\n|-activate|p1a: Flutter Mane|ability: Protosynthesis|[fromitem]\n|-start|p1a: Flutter Mane|protosynthesisspe\n|turn|1\n|inactive|bacon122 has 30 seconds left.\n|inactive|Jbenn has 30 seconds left.\n|\n|t:|1682612850\n|-terastallize|p1b: Chi-Yu|Ghost\n|move|p2b: Casper|Protect|p2b: Casper\n|-singleturn|p2b: Casper|Protect\n|move|p1a: Flutter Mane|Dazzling Gleam|p2a: Yokozuna|[spread] p2a\n|-activate|p2b: Casper|move: Protect\n|-supereffective|p2a: Yokozuna\n|-crit|p2a: Yokozuna\n|-enditem|p2a: Yokozuna|Roseli Berry|[eat]\n|-enditem|p2a: Yokozuna|Roseli Berry|[weaken]\n|-damage|p2a: Yokozuna|43\/100\n|move|p1b: Chi-Yu|Dark Pulse|p2b: Casper\n|-activate|p2b: Casper|move: Protect\n|move|p2a: Yokozuna|Iron Head|p1a: Flutter Mane\n|-supereffective|p1a: Flutter Mane\n|-damage|p1a: Flutter Mane|0 fnt\n|faint|p1a: Flutter Mane\n|-end|p1a: Flutter Mane|Protosynthesis|[silent]\n|\n|upkeep\n|inactive|bacon122 has 30 seconds left.\n|\n|t:|1682612875\n|switch|p1a: Gyarados|Gyarados, L50, M|100\/100\n|-ability|p1a: Gyarados|Intimidate|boost\n|-unboost|p2a: Yokozuna|atk|1\n|-unboost|p2b: Casper|atk|1\n|turn|2\n|inactive|Jbenn has 30 seconds left.\n|inactive|Jbenn has 20 seconds left.\n|inactive|Jbenn has 15 seconds left.\n|\n|t:|1682612916\n|-terastallize|p2b: Casper|Water\n|move|p1b: Chi-Yu|Dark Pulse|p2b: Casper\n|-activate|p2b: Casper|ability: Disguise\n|-damage|p2b: Casper|100\/100\n|detailschange|p2b: Casper|Mimikyu-Busted, L50, F, tera:Water\n|-damage|p2b: Casper|88\/100|[from] pokemon: Mimikyu-Busted\n|move|p2b: Casper|Play Rough|p1b: Chi-Yu\n|-damage|p1b: Chi-Yu|59\/100\n|move|p1a: Gyarados|Iron Head|p2b: Casper\n|-resisted|p2b: Casper\n|-damage|p2b: Casper|67\/100\n|move|p2a: Yokozuna|Iron Head|p1b: Chi-Yu\n|-damage|p1b: Chi-Yu|30\/100\n|\n|upkeep\n|turn|3\n|inactive|Jbenn has 30 seconds left.\n|\n|t:|1682612950\n|switch|p1a: Garchomp|Garchomp, L50, M|100\/100\n|move|p1b: Chi-Yu|Dark Pulse|p2b: Casper\n|-damage|p2b: Casper|0 fnt\n|faint|p2b: Casper\n|move|p2a: Yokozuna|Iron Head|p1b: Chi-Yu\n|-damage|p1b: Chi-Yu|1\/100\n|\n|upkeep\n|inactive|Jbenn has 30 seconds left.\n|\n|t:|1682612979\n|switch|p2b: Smaug|Roaring Moon, L50|100\/100\n|-enditem|p2b: Smaug|Booster Energy\n|-activate|p2b: Smaug|ability: Protosynthesis|[fromitem]\n|-start|p2b: Smaug|protosynthesisspe\n|turn|4\n|inactive|Jbenn has 30 seconds left.\n|\n|t:|1682613008\n|switch|p1b: Gyarados|Gyarados, L50, M|100\/100\n|-ability|p1b: Gyarados|Intimidate|boost\n|-unboost|p2a: Yokozuna|atk|1\n|-unboost|p2b: Smaug|atk|1\n|move|p2a: Yokozuna|Wide Guard|p2a: Yokozuna\n|-singleturn|p2a: Yokozuna|Wide Guard\n|move|p2b: Smaug|Acrobatics|p1a: Garchomp\n|-damage|p1a: Garchomp|77\/100\n|-damage|p2b: Smaug|88\/100|[from] ability: Rough Skin|[of] p1a: Garchomp\n|move|p1a: Garchomp|Earthquake|p2a: Yokozuna|[spread] \n|-activate|p2a: Yokozuna|move: Wide Guard\n|-activate|p2b: Smaug|move: Wide Guard\n|-immune|p1b: Gyarados\n|\n|upkeep\n|turn|5\n|inactive|Jbenn has 30 seconds left.\n|inactive|Jbenn has 20 seconds left.\n|inactive|Jbenn has 15 seconds left.\n|inactive|Jbenn has 10 seconds left.\n|inactive|Jbenn has 5 seconds left.\n|\n|t:|1682613059\n|move|p2a: Yokozuna|Wide Guard|p2a: Yokozuna\n|-singleturn|p2a: Yokozuna|Wide Guard\n|move|p2b: Smaug|Jaw Lock|p1a: Garchomp\n|-damage|p1a: Garchomp|49\/100\n|-activate|p2b: Smaug|trapped\n|-activate|p1a: Garchomp|trapped\n|-damage|p2b: Smaug|76\/100|[from] ability: Rough Skin|[of] p1a: Garchomp\n|move|p1a: Garchomp|Swords Dance|p1a: Garchomp\n|-boost|p1a: Garchomp|atk|2\n|move|p1b: Gyarados|Waterfall|p2a: Yokozuna\n|-damage|p2a: Yokozuna|2\/100\n|\n|upkeep\n|turn|6\n|inactive|Jbenn has 30 seconds left.\n|\n|t:|1682613088\n|move|p1a: Garchomp|Protect|p1a: Garchomp\n|-singleturn|p1a: Garchomp|Protect\n|move|p2a: Yokozuna|Wide Guard|p2a: Yokozuna\n|-singleturn|p2a: Yokozuna|Wide Guard\n|move|p2b: Smaug|Acrobatics|p1b: Gyarados\n|-damage|p1b: Gyarados|73\/100\n|move|p1b: Gyarados|Waterfall|p2a: Yokozuna\n|-damage|p2a: Yokozuna|0 fnt\n|faint|p2a: Yokozuna\n|\n|upkeep\n|\n|t:|1682613096\n|switch|p2a: 50 Cent|Gholdengo, L50|100\/100\n|turn|7\n|\n|t:|1682613114\n|move|p1b: Gyarados|Helping Hand|p1a: Garchomp\n|-singleturn|p1a: Garchomp|Helping Hand|[of] p1b: Gyarados\n|move|p2b: Smaug|Tailwind|p2b: Smaug\n|-sidestart|p2: Jbenn|move: Tailwind\n|move|p2a: 50 Cent|Make It Rain|p1b: Gyarados|[spread] p1a,p1b\n|-resisted|p1b: Gyarados\n|-damage|p1a: Garchomp|0 fnt\n|-damage|p1b: Gyarados|49\/100\n|-unboost|p2a: 50 Cent|spa|1\n|-enditem|p1b: Gyarados|Sitrus Berry|[eat]\n|-heal|p1b: Gyarados|73\/100|[from] item: Sitrus Berry\n|faint|p1a: Garchomp\n|\n|upkeep\n|\n|t:|1682613136\n|switch|p1a: Chi-Yu|Chi-Yu, L50, tera:Ghost|1\/100\n|-ability|p1a: Chi-Yu|Beads of Ruin\n|turn|8\n|\n|t:|1682613154\n|move|p2b: Smaug|Jaw Lock|p1a: Chi-Yu\n|-supereffective|p1a: Chi-Yu\n|-damage|p1a: Chi-Yu|0 fnt\n|faint|p1a: Chi-Yu\n|move|p2a: 50 Cent|Nasty Plot|p2a: 50 Cent\n|-boost|p2a: 50 Cent|spa|2\n|move|p1b: Gyarados|Waterfall|p2a: 50 Cent\n|-damage|p2a: 50 Cent|56\/100\n|\n|-heal|p2a: 50 Cent|62\/100|[from] item: Leftovers\n|upkeep\n|turn|9\n|-message|bacon122 forfeited.\n|\n|win|Jbenn\n|raw|bacon122's rating: 1510 → 1491<\/strong> (-19 for losing)\n|raw|Jbenn's rating: 1519 → 1538<\/strong> (+19 for winning)\n|l|\u203dbacon122\n","uploadtime":1682613168,"views":8,"p1id":"bacon122","p2id":"jbenn","formatid":"gen9vgc2023regulationc","rating":1491,"private":0,"password":""}