{"id":"gen9vgc2023regulationc-1856220049","p1":"19402u","p2":"Kojay","format":"[Gen 9] VGC 2023 Regulation C","log":"|j|\u260619402u\n|j|\u2606Kojay\n|t:|1683041979\n|gametype|doubles\n|player|p1|19402u|169|1419\n|player|p2|Kojay|morty-gen2|1415\n|teamsize|p1|6\n|teamsize|p2|6\n|gen|9\n|tier|[Gen 9] VGC 2023 Regulation C\n|rated|\n|rule|Species Clause: Limit one of each Pok\u00e9mon\n|rule|Item Clause: Limit one of each item\n|clearpoke\n|poke|p1|Chi-Yu, L50|\n|poke|p1|Flutter Mane, L50|\n|poke|p1|Glimmora, L50, M|\n|poke|p1|Dondozo, L50, M|\n|poke|p1|Dragonite, L50, M|\n|poke|p1|Tatsugiri, L50, M|\n|poke|p2|Lycanroc, L50, F|\n|poke|p2|Tyranitar, L50, M|\n|poke|p2|Annihilape, L50, M|\n|poke|p2|Volcarona, L50, M|\n|poke|p2|Cacturne, L50, M|\n|poke|p2|Hydreigon, L50, M|\n|teampreview|4\n|inactive|Battle timer is ON: inactive players will automatically lose when time's up. (requested by Kojay)\n19402u has agreed to open team sheets.\nKojay rejected open team sheets.\n|inactive|Kojay has 60 seconds left.\n|inactive|Kojay has 30 seconds left.\n|\n|t:|1683042049\n|start\n|switch|p1a: Dondozo|Dondozo, L50, M|100\/100\n|switch|p1b: Glimmora|Glimmora, L50, M|100\/100\n|switch|p2a: Lycanroc|Lycanroc, L50, F|100\/100\n|switch|p2b: Tyranitar|Tyranitar, L50, M|100\/100\n|-weather|Sandstorm|[from] ability: Sand Stream|[of] p2b: Tyranitar\n|turn|1\n|inactive|Kojay has 30 seconds left.\n|inactive|Kojay has 20 seconds left.\n|inactive|Kojay has 15 seconds left.\n|inactive|Kojay has 10 seconds left.\n|\n|t:|1683042098\n|-terastallize|p1b: Glimmora|Grass\n|-terastallize|p2b: Tyranitar|Flying\n|move|p2a: Lycanroc|Psychic Fangs|p1b: Glimmora\n|-damage|p1b: Glimmora|52\/100\n|-activate|p1b: Glimmora|ability: Toxic Debris\n|-sidestart|p2: Kojay|move: Toxic Spikes\n|-damage|p2a: Lycanroc|91\/100|[from] item: Life Orb\n|move|p1b: Glimmora|Toxic|p2a: Lycanroc\n|-status|p2a: Lycanroc|tox\n|move|p2b: Tyranitar|Rock Slide|p1a: Dondozo|[spread] p1a,p1b\n|-damage|p1a: Dondozo|82\/100\n|-damage|p1b: Glimmora|12\/100\n|-activate|p1b: Glimmora|ability: Toxic Debris\n|-sidestart|p2: Kojay|move: Toxic Spikes\n|move|p1a: Dondozo|Yawn|p2b: Tyranitar\n|-start|p2b: Tyranitar|move: Yawn|[of] p1a: Dondozo\n|\n|-weather|Sandstorm|[upkeep]\n|-damage|p1b: Glimmora|6\/100|[from] Sandstorm\n|-damage|p2b: Tyranitar|95\/100|[from] Sandstorm\n|-damage|p1a: Dondozo|75\/100|[from] Sandstorm\n|-damage|p2a: Lycanroc|85\/100 tox|[from] psn\n|upkeep\n|turn|2\n|inactive|19402u has 30 seconds left.\n|inactive|Kojay has 30 seconds left.\n|\n|t:|1683042130\n|switch|p2b: Cacturne|Cacturne, L50, M|100\/100\n|-status|p2b: Cacturne|tox\n|move|p1b: Glimmora|Spiky Shield|p1b: Glimmora\n|-singleturn|p1b: Glimmora|move: Protect\n|move|p2a: Lycanroc|Rock Slide|p1a: Dondozo|[spread] \n|-activate|p1b: Glimmora|move: Protect\n|-miss|p2a: Lycanroc|p1a: Dondozo\n|move|p1a: Dondozo|Yawn||[still]\n|-fail|p1a: Dondozo\n|\n|-weather|Sandstorm|[upkeep]\n|-damage|p1b: Glimmora|0 fnt|[from] Sandstorm\n|-damage|p2b: Cacturne|94\/100 tox|[from] Sandstorm\n|-damage|p1a: Dondozo|69\/100|[from] Sandstorm\n|faint|p1b: Glimmora\n|-damage|p2a: Lycanroc|73\/100 tox|[from] psn\n|-damage|p2b: Cacturne|88\/100 tox|[from] psn\n|upkeep\n|inactive|19402u has 30 seconds left.\n|\n|t:|1683042158\n|switch|p1b: Flutter Mane|Flutter Mane, L50|100\/100\n|-enditem|p1b: Flutter Mane|Booster Energy\n|-activate|p1b: Flutter Mane|ability: Protosynthesis|[fromitem]\n|-start|p1b: Flutter Mane|protosynthesisspe\n|turn|3\n|\n|t:|1683042165\n|move|p1b: Flutter Mane|Protect|p1b: Flutter Mane\n|-singleturn|p1b: Flutter Mane|Protect\n|move|p2a: Lycanroc|Iron Head|p1b: Flutter Mane\n|-activate|p1b: Flutter Mane|move: Protect\n|move|p2b: Cacturne|Bullet Seed|p1a: Dondozo\n|-supereffective|p1a: Dondozo\n|-damage|p1a: Dondozo|54\/100\n|-supereffective|p1a: Dondozo\n|-damage|p1a: Dondozo|40\/100\n|-enditem|p1a: Dondozo|Sitrus Berry|[eat]\n|-heal|p1a: Dondozo|65\/100|[from] item: Sitrus Berry\n|-supereffective|p1a: Dondozo\n|-damage|p1a: Dondozo|51\/100\n|-supereffective|p1a: Dondozo\n|-damage|p1a: Dondozo|37\/100\n|-supereffective|p1a: Dondozo\n|-damage|p1a: Dondozo|23\/100\n|-hitcount|p1a: Dondozo|5\n|move|p1a: Dondozo|Bulldoze|p2a: Lycanroc|[spread] p2a,p2b\n|-activate|p1b: Flutter Mane|move: Protect\n|-supereffective|p2a: Lycanroc\n|-resisted|p2b: Cacturne\n|-damage|p2a: Lycanroc|41\/100 tox\n|-damage|p2b: Cacturne|81\/100 tox\n|-unboost|p2a: Lycanroc|spe|1\n|-unboost|p2b: Cacturne|spe|1\n|\n|-weather|Sandstorm|[upkeep]\n|-damage|p1b: Flutter Mane|94\/100|[from] Sandstorm\n|-damage|p1a: Dondozo|17\/100|[from] Sandstorm\n|-damage|p2b: Cacturne|75\/100 tox|[from] Sandstorm\n|-damage|p2a: Lycanroc|23\/100 tox|[from] psn\n|-damage|p2b: Cacturne|62\/100 tox|[from] psn\n|upkeep\n|turn|4\n|inactive|19402u has 30 seconds left.\n|\n|t:|1683042200\n|switch|p2a: Volcarona|Volcarona, L50, M|100\/100\n|-status|p2a: Volcarona|tox\n|move|p1a: Dondozo|Protect|p1a: Dondozo\n|-singleturn|p1a: Dondozo|Protect\n|move|p2b: Cacturne|Spiky Shield|p2b: Cacturne\n|-singleturn|p2b: Cacturne|move: Protect\n|move|p1b: Flutter Mane|Substitute|p1b: Flutter Mane\n|-start|p1b: Flutter Mane|Substitute\n|-damage|p1b: Flutter Mane|69\/100\n|\n|-weather|Sandstorm|[upkeep]\n|-damage|p1b: Flutter Mane|63\/100|[from] Sandstorm\n|-damage|p2a: Volcarona|95\/100 tox|[from] Sandstorm\n|-damage|p1a: Dondozo|11\/100|[from] Sandstorm\n|-damage|p2b: Cacturne|56\/100 tox|[from] Sandstorm\n|-damage|p2a: Volcarona|89\/100 tox|[from] psn\n|-damage|p2b: Cacturne|37\/100 tox|[from] psn\n|upkeep\n|turn|5\n|\n|t:|1683042221\n|move|p1b: Flutter Mane|Protect|p1b: Flutter Mane\n|-singleturn|p1b: Flutter Mane|Protect\n|move|p2b: Cacturne|Sucker Punch|p1a: Dondozo\n|-damage|p1a: Dondozo|0 fnt\n|faint|p1a: Dondozo\n|move|p2a: Volcarona|Quiver Dance|p2a: Volcarona\n|-boost|p2a: Volcarona|spa|1\n|-boost|p2a: Volcarona|spd|1\n|-boost|p2a: Volcarona|spe|1\n|\n|-weather|none\n|-damage|p2a: Volcarona|77\/100 tox|[from] psn\n|-damage|p2b: Cacturne|12\/100 tox|[from] psn\n|upkeep\n|\n|t:|1683042227\n|switch|p1a: Dragonite|Dragonite, L50, M, shiny|100\/100\n|turn|6\n|\n|t:|1683042251\n|move|p2b: Cacturne|Sucker Punch|p1b: Flutter Mane\n|-end|p1b: Flutter Mane|Substitute\n|move|p1b: Flutter Mane|Hex|p2b: Cacturne\n|-resisted|p2b: Cacturne\n|-damage|p2b: Cacturne|0 fnt\n|faint|p2b: Cacturne\n|move|p2a: Volcarona|Struggle Bug|p1a: Dragonite|[spread] p1a,p1b\n|-resisted|p1a: Dragonite\n|-resisted|p1b: Flutter Mane\n|-damage|p1a: Dragonite|94\/100\n|-damage|p1b: Flutter Mane|57\/100\n|-unboost|p1a: Dragonite|spa|1\n|-unboost|p1b: Flutter Mane|spa|1\n|move|p1a: Dragonite|Outrage|p2a: Volcarona\n|-damage|p2a: Volcarona|0 fnt\n|faint|p2a: Volcarona\n|\n|upkeep\n|\n|t:|1683042264\n|switch|p2a: Tyranitar|Tyranitar, L50, M, tera:Flying|95\/100\n|switch|p2b: Lycanroc|Lycanroc, L50, F|23\/100 tox\n|-weather|Sandstorm|[from] ability: Sand Stream|[of] p2a: Tyranitar\n|turn|7\n|\n|t:|1683042275\n|move|p1b: Flutter Mane|Protect|p1b: Flutter Mane\n|-singleturn|p1b: Flutter Mane|Protect\n|move|p2b: Lycanroc|Rock Slide|p1a: Dragonite|[spread] p1a\n|-activate|p1b: Flutter Mane|move: Protect\n|-supereffective|p1a: Dragonite\n|-damage|p1a: Dragonite|0 fnt\n|faint|p1a: Dragonite\n|-damage|p2b: Lycanroc|13\/100 tox|[from] item: Life Orb\n|move|p2a: Tyranitar|Rock Slide|p1b: Flutter Mane\n|-activate|p1b: Flutter Mane|move: Protect\n|\n|-weather|Sandstorm|[upkeep]\n|-damage|p1b: Flutter Mane|51\/100|[from] Sandstorm\n|-damage|p2a: Tyranitar|89\/100|[from] Sandstorm\n|-damage|p2b: Lycanroc|7\/100 tox|[from] psn\n|upkeep\n|turn|8\n|\n|t:|1683042291\n|move|p2b: Lycanroc|Iron Head|p1b: Flutter Mane\n|-supereffective|p1b: Flutter Mane\n|-damage|p1b: Flutter Mane|0 fnt\n|faint|p1b: Flutter Mane\n|-end|p1b: Flutter Mane|Protosynthesis|[silent]\n|-damage|p2b: Lycanroc|0 fnt|[from] item: Life Orb\n|faint|p2b: Lycanroc\n|\n|win|Kojay\n|raw|19402u's rating: 1419 → 1399<\/strong> (-20 for losing)\n|raw|Kojay's rating: 1415 → 1435<\/strong> (+20 for winning)\n|l|\u2606Kojay\n","uploadtime":1683042295,"views":9,"p1id":"19402u","p2id":"kojay","formatid":"gen9vgc2023regulationc","rating":1399,"private":0,"password":""}