{"id":"gen9vgc2023regulationc-1852030073","p1":"Prankstertrollo","p2":"Frxnchu06","format":"[Gen 9] VGC 2023 Regulation C","log":"|j|\u2606Prankstertrollo\n|j|\u2606Frxnchu06\n|t:|1682518246\n|gametype|doubles\n|player|p1|Prankstertrollo|backers|1331\n|player|p2|Frxnchu06|101|1322\n|teamsize|p1|6\n|teamsize|p2|6\n|gen|9\n|tier|[Gen 9] VGC 2023 Regulation C\n|rated|\n|rule|Species Clause: Limit one of each Pok\u00e9mon\n|rule|Item Clause: Limit one of each item\n|clearpoke\n|poke|p1|Flutter Mane, L50|\n|poke|p1|Amoonguss, L50, M|\n|poke|p1|Chi-Yu, L50|\n|poke|p1|Annihilape, L50, F|\n|poke|p1|Arcanine, L50, M|\n|poke|p1|Palafin, L50, F|\n|poke|p2|Lurantis, L50, M|\n|poke|p2|Lilligant, L50, F|\n|poke|p2|Torkoal, L50, F|\n|poke|p2|Indeedee-F, L50, F|\n|poke|p2|Hatterene, L50, F|\n|poke|p2|Oranguru, L50, M|\n|teampreview|4\n|inactive|Battle timer is ON: inactive players will automatically lose when time's up. (requested by Frxnchu06)\nFrxnchu06 rejected open team sheets.\n|\n|t:|1682518288\n|start\n|switch|p1a: Chi-Yu|Chi-Yu, L50|100\/100\n|switch|p1b: Flutter Mane|Flutter Mane, L50|100\/100\n|switch|p2a: Indeedee|Indeedee-F, L50, F, shiny|100\/100\n|switch|p2b: Hatterene|Hatterene, L50, F, shiny|100\/100\n|-ability|p1a: Chi-Yu|Beads of Ruin\n|-fieldstart|move: Psychic Terrain|[from] ability: Psychic Surge|[of] p2a: Indeedee\n|-enditem|p2a: Indeedee|Psychic Seed\n|-boost|p2a: Indeedee|spd|1|[from] item: Psychic Seed\n|turn|1\n|c|\u2606Frxnchu06|I WILL VIOLATE YOUR ASS\n|inactive|Prankstertrollo has 30 seconds left.\n|inactive|Frxnchu06 has 30 seconds left.\n|\n|t:|1682518318\n|-terastallize|p1b: Flutter Mane|Fairy\n|move|p2b: Hatterene|Protect|p2b: Hatterene\n|-singleturn|p2b: Hatterene|Protect\n|move|p1b: Flutter Mane|Dazzling Gleam|p2a: Indeedee|[spread] p2a\n|-activate|p2b: Hatterene|move: Protect\n|-damage|p2a: Indeedee|43\/100\n|move|p1a: Chi-Yu|Dark Pulse|p2a: Indeedee\n|-supereffective|p2a: Indeedee\n|-damage|p2a: Indeedee|0 fnt\n|faint|p2a: Indeedee\n|\n|upkeep\n|c|\u2606Prankstertrollo|we take turns okay?\n|c|\u2606Prankstertrollo|I start\n|\n|t:|1682518342\n|switch|p2a: Oranguru|Oranguru, L50, M, shiny|100\/100\n|turn|2\n|\n|t:|1682518364\n|move|p1b: Flutter Mane|Dazzling Gleam|p2a: Oranguru|[spread] p2a,p2b\n|-damage|p2a: Oranguru|51\/100\n|-damage|p2b: Hatterene|2\/100\n|move|p1a: Chi-Yu|Heat Wave|p2a: Oranguru|[spread] p2a,p2b\n|-damage|p2a: Oranguru|20\/100\n|-damage|p2b: Hatterene|0 fnt\n|faint|p2b: Hatterene\n|move|p2a: Oranguru|Trick Room|p2a: Oranguru\n|-fieldstart|move: Trick Room|[of] p2a: Oranguru\n|\n|upkeep\n|\n|t:|1682518374\n|switch|p2b: Lurantis|Lurantis, L50, M, shiny|100\/100\n|turn|3\n|\n|t:|1682518394\n|-end|p1b: Flutter Mane|Protosynthesis|[silent]\n|switch|p1b: Amoonguss|Amoonguss, L50, M|100\/100\n|-terastallize|p2b: Lurantis|Rock\n|move|p1a: Chi-Yu|Protect|p1a: Chi-Yu\n|-singleturn|p1a: Chi-Yu|Protect\n|move|p2a: Oranguru|Instruct||[still]\n|-fail|p2a: Oranguru\n|move|p2b: Lurantis|Tera Blast|p1a: Chi-Yu\n|-activate|p1a: Chi-Yu|move: Protect\n|\n|upkeep\n|turn|4\n|inactive|Frxnchu06 has 30 seconds left.\n|inactive|Frxnchu06 has 20 seconds left.\n|c|\u2606Prankstertrollo|this is a pleasure for me\n|\n|t:|1682518432\n|move|p1b: Amoonguss|Spore|p2b: Lurantis\n|-status|p2b: Lurantis|slp|[from] move: Spore\n|move|p2a: Oranguru|Instruct|p2b: Lurantis\n|-singleturn|p2b: Lurantis|move: Instruct|[of] p2a: Oranguru\n|cant|p2b: Lurantis|slp\n|cant|p2b: Lurantis|slp\n|move|p1a: Chi-Yu|Dark Pulse|p2a: Oranguru\n|-supereffective|p2a: Oranguru\n|-damage|p2a: Oranguru|0 fnt\n|faint|p2a: Oranguru\n|\n|upkeep\n|turn|5\n|c|\u2606Prankstertrollo|thank u\n|-message|Frxnchu06 forfeited.\n|\n|win|Prankstertrollo\n|raw|Prankstertrollo's rating: 1331 → 1350<\/strong> (+19 for winning)\n|raw|Frxnchu06's rating: 1322 → 1303<\/strong> (-19 for losing)\n|l|\u2606Frxnchu06\n","uploadtime":1682518297,"views":16,"p1id":"prankstertrollo","p2id":"frxnchu06","formatid":"gen9vgc2023regulationc","rating":1303,"private":0,"password":""}