{"id":"gen9vgc2023regulationc-1860075376","p1":"Tubtuca","p2":"valhala alfa","format":"[Gen 9] VGC 2023 Regulation C","log":"|j|\u2606Tubtuca\n|j|\u2606valhala alfa\n|t:|1683592324\n|gametype|doubles\n|player|p1|Tubtuca|brawly|1337\n|player|p2|valhala alfa|266|1356\n|teamsize|p1|6\n|teamsize|p2|6\n|gen|9\n|tier|[Gen 9] VGC 2023 Regulation C\n|rated|\n|rule|Species Clause: Limit one of each Pok\u00e9mon\n|rule|Item Clause: Limit one of each item\n|clearpoke\n|poke|p1|Baxcalibur, L50, M|\n|poke|p1|Corviknight, L50, F|\n|poke|p1|Tyranitar, L50, M|\n|poke|p1|Gyarados, L50, M|\n|poke|p1|Flutter Mane, L50|\n|poke|p1|Gothitelle, L50, M|\n|poke|p2|Lycanroc, L50, F|\n|poke|p2|Corviknight, L50, M|\n|poke|p2|Iron Bundle, L50|\n|poke|p2|Tyranitar, L50, M|\n|poke|p2|Garchomp, L50, F|\n|poke|p2|Flutter Mane, L50|\n|teampreview|4\n|inactive|Battle timer is ON: inactive players will automatically lose when time's up. (requested by Tubtuca)\nvalhala alfa rejected open team sheets.\n|inactive|Tubtuca has 60 seconds left.\n|inactive|valhala alfa has 60 seconds left.\n|\n|t:|1683592372\n|start\n|switch|p1a: Gothitelle|Gothitelle, L50, M|100\/100\n|switch|p1b: Baxcalibur|Baxcalibur, L50, M|100\/100\n|switch|p2a: Iron Bundle|Iron Bundle, L50, shiny|100\/100\n|switch|p2b: Flutter Mane|Flutter Mane, L50|100\/100\n|-enditem|p2a: Iron Bundle|Booster Energy\n|-activate|p2a: Iron Bundle|ability: Quark Drive|[fromitem]\n|-start|p2a: Iron Bundle|quarkdrivespe\n|turn|1\n|\n|t:|1683592397\n|-terastallize|p1b: Baxcalibur|Ground\n|move|p2a: Iron Bundle|Protect|p2a: Iron Bundle\n|-singleturn|p2a: Iron Bundle|Protect\n|move|p2b: Flutter Mane|Protect|p2b: Flutter Mane\n|-singleturn|p2b: Flutter Mane|Protect\n|move|p1a: Gothitelle|Fake Out|p2a: Iron Bundle\n|-activate|p2a: Iron Bundle|move: Protect\n|move|p1b: Baxcalibur|Earthquake|p2a: Iron Bundle|[spread] p1a\n|-activate|p2a: Iron Bundle|move: Protect\n|-activate|p2b: Flutter Mane|move: Protect\n|-damage|p1a: Gothitelle|47\/100\n|-enditem|p1a: Gothitelle|Sitrus Berry|[eat]\n|-heal|p1a: Gothitelle|72\/100|[from] item: Sitrus Berry\n|-damage|p1b: Baxcalibur|91\/100|[from] item: Life Orb\n|\n|upkeep\n|turn|2\n|inactive|valhala alfa has 30 seconds left.\n|\n|t:|1683592423\n|move|p1b: Baxcalibur|Protect|p1b: Baxcalibur\n|-singleturn|p1b: Baxcalibur|Protect\n|move|p2a: Iron Bundle|Freeze-Dry|p1b: Baxcalibur\n|-activate|p1b: Baxcalibur|move: Protect\n|move|p2b: Flutter Mane|Moonblast|p1b: Baxcalibur\n|-activate|p1b: Baxcalibur|move: Protect\n|move|p1a: Gothitelle|Trick Room|p1a: Gothitelle\n|-fieldstart|move: Trick Room|[of] p1a: Gothitelle\n|\n|upkeep\n|turn|3\n|\n|t:|1683592438\n|-terastallize|p2a: Iron Bundle|Flying\n|move|p2b: Flutter Mane|Protect|p2b: Flutter Mane\n|-singleturn|p2b: Flutter Mane|Protect\n|move|p1a: Gothitelle|Psychic|p2a: Iron Bundle\n|-damage|p2a: Iron Bundle|42\/100\n|move|p1b: Baxcalibur|Earthquake|p2b: Flutter Mane|[spread] p1a\n|-activate|p2b: Flutter Mane|move: Protect\n|-immune|p2a: Iron Bundle\n|-damage|p1a: Gothitelle|19\/100\n|-damage|p1b: Baxcalibur|81\/100|[from] item: Life Orb\n|move|p2a: Iron Bundle|Hydro Pump|p1b: Baxcalibur\n|-supereffective|p1b: Baxcalibur\n|-damage|p1b: Baxcalibur|0 fnt\n|faint|p1b: Baxcalibur\n|\n|upkeep\n|\n|t:|1683592453\n|switch|p1b: Corviknight|Corviknight, L50, F|100\/100\n|turn|4\n|\n|t:|1683592460\n|move|p2a: Iron Bundle|Protect|p2a: Iron Bundle\n|-singleturn|p2a: Iron Bundle|Protect\n|move|p1a: Gothitelle|Psychic|p2a: Iron Bundle\n|-activate|p2a: Iron Bundle|move: Protect\n|move|p1b: Corviknight|Iron Head|p2b: Flutter Mane\n|-supereffective|p2b: Flutter Mane\n|-damage|p2b: Flutter Mane|14\/100\n|cant|p2b: Flutter Mane|flinch\n|\n|upkeep\n|turn|5\n|\n|t:|1683592478\n|move|p2b: Flutter Mane|Protect|p2b: Flutter Mane\n|-singleturn|p2b: Flutter Mane|Protect\n|move|p2a: Iron Bundle|Protect||[still]\n|-fail|p2a: Iron Bundle\n|move|p1a: Gothitelle|Psychic|p2a: Iron Bundle\n|-damage|p2a: Iron Bundle|0 fnt\n|faint|p2a: Iron Bundle\n|-end|p2a: Iron Bundle|Quark Drive|[silent]\n|move|p1b: Corviknight|Iron Head|p2b: Flutter Mane\n|-activate|p2b: Flutter Mane|move: Protect\n|\n|upkeep\n|\n|t:|1683592497\n|switch|p2a: Corviknight|Corviknight, L50, M|100\/100\n|turn|6\n|inactive|Tubtuca has 30 seconds left.\n|\n|t:|1683592527\n|switch|p1a: Gyarados|Gyarados, L50, M|100\/100\n|-ability|p1a: Gyarados|Intimidate|boost\n|-ability|p2a: Corviknight|Mirror Armor\n|-unboost|p1a: Gyarados|atk|1\n|-unboost|p2b: Flutter Mane|atk|1\n|move|p2b: Flutter Mane|Protect|p2b: Flutter Mane\n|-singleturn|p2b: Flutter Mane|Protect\n|move|p2a: Corviknight|Tailwind|p2a: Corviknight\n|-sidestart|p2: valhala alfa|move: Tailwind\n|move|p1b: Corviknight|Tailwind|p1b: Corviknight\n|-sidestart|p1: Tubtuca|move: Tailwind\n|\n|-fieldend|move: Trick Room\n|upkeep\n|turn|7\n|inactive|valhala alfa has 30 seconds left.\n|\n|t:|1683592559\n|move|p2b: Flutter Mane|Moonblast|p1a: Gyarados\n|-damage|p1a: Gyarados|47\/100\n|-damage|p2b: Flutter Mane|4\/100|[from] item: Life Orb\n|move|p1a: Gyarados|Thunder Wave|p2a: Corviknight|[miss]\n|-miss|p1a: Gyarados|p2a: Corviknight\n|move|p1b: Corviknight|Iron Head|p2b: Flutter Mane\n|-supereffective|p2b: Flutter Mane\n|-damage|p2b: Flutter Mane|0 fnt\n|faint|p2b: Flutter Mane\n|-end|p2b: Flutter Mane|Protosynthesis|[silent]\n|move|p2a: Corviknight|Brave Bird|p1a: Gyarados\n|-damage|p1a: Gyarados|7\/100\n|-damage|p2a: Corviknight|88\/100|[from] Recoil\n|\n|upkeep\n|\n|t:|1683592570\n|switch|p2b: Garchomp|Garchomp, L50, F|100\/100\n|turn|8\n|\n|t:|1683592586\n|move|p2b: Garchomp|Substitute|p2b: Garchomp\n|-start|p2b: Garchomp|Substitute\n|-damage|p2b: Garchomp|76\/100\n|move|p1a: Gyarados|Waterfall|p2b: Garchomp\n|-end|p2b: Garchomp|Substitute\n|move|p1b: Corviknight|Iron Head|p2b: Garchomp\n|-crit|p2b: Garchomp\n|-damage|p2b: Garchomp|27\/100\n|move|p2a: Corviknight|Brave Bird|p1a: Gyarados\n|-damage|p1a: Gyarados|0 fnt\n|faint|p1a: Gyarados\n|-damage|p2a: Corviknight|86\/100|[from] Recoil\n|\n|-heal|p2b: Garchomp|33\/100|[from] item: Leftovers\n|upkeep\n|\n|t:|1683592594\n|switch|p1a: Gothitelle|Gothitelle, L50, M|19\/100\n|turn|9\n|c|\u2606valhala alfa|holy...\n|c|\u2606valhala alfa|critical\n|c|\u2606valhala alfa|flintch\n|c|\u2606valhala alfa|miss\n|c|\u2606valhala alfa|more hax pls\n|inactive|Tubtuca has 30 seconds left.\n|inactive|valhala alfa has 30 seconds left.\n|inactive|Tubtuca has 20 seconds left.\n|inactive|Tubtuca has 15 seconds left.\n|c|\u2606Tubtuca|apparently all the trash luck i've had in the last 10 games is coming back for just this one\n|c|\u2606Tubtuca|and i'll still lose\n|inactive|Tubtuca has 10 seconds left.\n|inactive|Tubtuca has 5 seconds left.\n|\n|t:|1683592646\n|move|p1a: Gothitelle|Fake Out|p2b: Garchomp\n|-damage|p2b: Garchomp|27\/100\n|cant|p2b: Garchomp|flinch\n|move|p1b: Corviknight|Iron Head|p2b: Garchomp\n|-damage|p2b: Garchomp|0 fnt\n|faint|p2b: Garchomp\n|move|p2a: Corviknight|Body Press|p1b: Corviknight\n|-damage|p1b: Corviknight|77\/100\n|-damage|p2a: Corviknight|70\/100|[from] item: Rocky Helmet|[of] p1b: Corviknight\n|\n|-sideend|p2: valhala alfa|move: Tailwind\n|-sideend|p1: Tubtuca|move: Tailwind\n|upkeep\n|turn|10\n|c|\u2606valhala alfa|poor boy\n|\n|t:|1683592666\n|move|p1b: Corviknight|Iron Head|p2a: Corviknight\n|-resisted|p2a: Corviknight\n|-damage|p2a: Corviknight|60\/100\n|cant|p2a: Corviknight|flinch\n|move|p1a: Gothitelle|Charm|p2a: Corviknight\n|-ability|p2a: Corviknight|Mirror Armor\n|-unboost|p1a: Gothitelle|atk|2\n|\n|upkeep\n|turn|11\n|c|\u2606Tubtuca|;(\n|inactive|valhala alfa has 30 seconds left.\n|c|\u2606valhala alfa|I play regional and I miss rock slides 8 times, in 6 turns\n|inactive|valhala alfa has 20 seconds left.\n|inactive|valhala alfa has 15 seconds left.\n|c|\u2606valhala alfa|i dont diserv this\n|\n|t:|1683592711\n|move|p1b: Corviknight|Iron Head|p2a: Corviknight\n|-resisted|p2a: Corviknight\n|-damage|p2a: Corviknight|52\/100\n|move|p2a: Corviknight|Brave Bird|p1a: Gothitelle\n|-damage|p1a: Gothitelle|0 fnt\n|faint|p1a: Gothitelle\n|-damage|p2a: Corviknight|46\/100|[from] Recoil\n|-enditem|p2a: Corviknight|Sitrus Berry|[eat]\n|-heal|p2a: Corviknight|71\/100|[from] item: Sitrus Berry\n|\n|upkeep\n|turn|12\n|c|\u2606Tubtuca|that's why i don't use hydro pump anymore\n|c|\u2606valhala alfa|orviknight flinched and couldn't move one more\n|c|\u2606valhala alfa|:')\n|inactive|valhala alfa has 30 seconds left.\n|\n|t:|1683592744\n|move|p1b: Corviknight|Iron Head|p2a: Corviknight\n|-resisted|p2a: Corviknight\n|-damage|p2a: Corviknight|61\/100\n|cant|p2a: Corviknight|flinch\n|\n|upkeep\n|turn|13\n|c|\u2606valhala alfa|one more\n|c|\u2606valhala alfa|i dont belive this shit\n|c|\u2606valhala alfa|duhsahudsa\n|\n|t:|1683592763\n|move|p1b: Corviknight|Iron Head|p2a: Corviknight\n|-resisted|p2a: Corviknight\n|-crit|p2a: Corviknight\n|-damage|p2a: Corviknight|46\/100\n|move|p2a: Corviknight|Roost|p2a: Corviknight\n|-heal|p2a: Corviknight|96\/100\n|-singleturn|p2a: Corviknight|move: Roost\n|\n|upkeep\n|turn|14\n|c|\u2606valhala alfa|critical\n|c|\u2606valhala alfa|kkkkkkkkkkkkkkk\n|\n|t:|1683592776\n|move|p1b: Corviknight|Taunt|p2a: Corviknight\n|-start|p2a: Corviknight|move: Taunt\n|move|p2a: Corviknight|Brave Bird|p1b: Corviknight\n|-resisted|p1b: Corviknight\n|-damage|p1b: Corviknight|62\/100\n|-damage|p2a: Corviknight|80\/100|[from] item: Rocky Helmet|[of] p1b: Corviknight\n|-damage|p2a: Corviknight|75\/100|[from] Recoil\n|\n|upkeep\n|turn|15\n|\n|t:|1683592785\n|move|p1b: Corviknight|Iron Head|p2a: Corviknight\n|-resisted|p2a: Corviknight\n|-damage|p2a: Corviknight|64\/100\n|cant|p2a: Corviknight|flinch\n|\n|upkeep\n|turn|16\n|c|\u2606valhala alfa|plus one\n|c|\u2606Tubtuca|all i have is iron head for attack\n|\n|t:|1683592801\n|move|p1b: Corviknight|Iron Head|p2a: Corviknight\n|-resisted|p2a: Corviknight\n|-damage|p2a: Corviknight|54\/100\n|move|p2a: Corviknight|Body Press|p1b: Corviknight\n|-damage|p1b: Corviknight|41\/100\n|-damage|p2a: Corviknight|38\/100|[from] item: Rocky Helmet|[of] p1b: Corviknight\n|\n|-end|p2a: Corviknight|move: Taunt\n|upkeep\n|turn|17\n|\n|t:|1683592813\n|move|p1b: Corviknight|Taunt|p2a: Corviknight\n|-start|p2a: Corviknight|move: Taunt\n|cant|p2a: Corviknight|move: Taunt|Tailwind\n|\n|upkeep\n|turn|18\n|\n|t:|1683592818\n|move|p1b: Corviknight|Iron Head|p2a: Corviknight\n|-resisted|p2a: Corviknight\n|-damage|p2a: Corviknight|27\/100\n|move|p2a: Corviknight|Body Press|p1b: Corviknight\n|-damage|p1b: Corviknight|19\/100\n|-damage|p2a: Corviknight|11\/100|[from] item: Rocky Helmet|[of] p1b: Corviknight\n|\n|upkeep\n|turn|19\n|\n|t:|1683592828\n|move|p1b: Corviknight|Iron Head|p2a: Corviknight\n|-resisted|p2a: Corviknight\n|-damage|p2a: Corviknight|0 fnt\n|faint|p2a: Corviknight\n|\n|win|Tubtuca\n|raw|Tubtuca's rating: 1337 → 1358<\/strong> (+21 for winning)\n|raw|valhala alfa's rating: 1356 → 1335<\/strong> (-21 for losing)\n|c|\u2606valhala alfa|all you have is iron head and 6 flintchs\n|c|\u2606valhala alfa|and critical\n|c|\u2606valhala alfa|:')\n|c|\u2606Tubtuca|that's why i use it over brave bird\n|c|\u2606Tubtuca|so many flutter manes too\n|c|\u2606valhala alfa|brave bird kill mane to\n|c|\u2606valhala alfa|too\n|c|\u2606valhala alfa|good bye my friend\n|c|\u2606Tubtuca|true - but i feel like the meta has a lot of things weak to steel\n|c|\u2606valhala alfa|<3\n|c|\u2606Tubtuca|lol good luck!\n|c|\u2606Tubtuca|have a good one!\n|c|\u2606valhala alfa|i belive in miracle\n|c|\u2606Tubtuca|I'll send all my luck to you!\n|c|\u2606valhala alfa|haha\n|c|\u2606valhala alfa|thx <3\n|c|\u2606valhala alfa|cya\n|c|\u2606Tubtuca|bye!\n","uploadtime":1683592939,"views":10,"p1id":"tubtuca","p2id":"valhalaalfa","formatid":"gen9vgc2023regulationc","rating":1335,"private":0,"password":""}