{"id":"gen9vgc2023regulationc-1848040348","p1":"Slashhappyp","p2":"2 Quiddy","format":"[Gen 9] VGC 2023 Regulation C","log":"|j|\u2606Slashhappyp\n|j|\u26062 Quiddy\n|t:|1682023257\n|gametype|doubles\n|player|p1|Slashhappyp|266|1153\n|player|p2|2 Quiddy|nurseryaide|1088\n|teamsize|p1|6\n|teamsize|p2|6\n|gen|9\n|tier|[Gen 9] VGC 2023 Regulation C\n|rated|\n|rule|Species Clause: Limit one of each Pok\u00e9mon\n|rule|Item Clause: Limit one of each item\n|clearpoke\n|poke|p1|Scream Tail, L50|\n|poke|p1|Garganacl, L50, M|\n|poke|p1|Gyarados, L50, M|\n|poke|p1|Dugtrio, L50, M|\n|poke|p1|Arcanine, L50, M|\n|poke|p1|Medicham, L50, M|\n|poke|p2|Dragonite, L50, M|\n|poke|p2|Chien-Pao, L50|\n|poke|p2|Flutter Mane, L50|\n|poke|p2|Talonflame, L50, M|\n|poke|p2|Chi-Yu, L50|\n|poke|p2|Palafin, L50, F|\n|teampreview|4\n|inactive|Battle timer is ON: inactive players will automatically lose when time's up. (requested by 2 Quiddy)\n|c|\u26062 Quiddy|Gl hf\n2 Quiddy rejected open team sheets.\n|j| DarkRinoRex\n|inactive|Slashhappyp has 60 seconds left.\n|\n|t:|1682023298\n|start\n|switch|p1a: Scream Tail|Scream Tail, L50|100\/100\n|switch|p1b: Dugtrio|Dugtrio, L50, M|100\/100\n|switch|p2a: Flutter Mane|Flutter Mane, L50|100\/100\n|switch|p2b: Chi-Yu|Chi-Yu, L50|100\/100\n|-ability|p2b: Chi-Yu|Beads of Ruin\n|-enditem|p2a: Flutter Mane|Booster Energy\n|-activate|p2a: Flutter Mane|ability: Protosynthesis|[fromitem]\n|-start|p2a: Flutter Mane|protosynthesisspe\n|turn|1\n|\n|t:|1682023317\n|-terastallize|p2b: Chi-Yu|Grass\n|move|p2a: Flutter Mane|Shadow Ball|p1a: Scream Tail\n|-supereffective|p1a: Scream Tail\n|-damage|p1a: Scream Tail|41\/100\n|move|p1b: Dugtrio|Stealth Rock|p2b: Chi-Yu\n|-sidestart|p2: 2 Quiddy|move: Stealth Rock\n|move|p2b: Chi-Yu|Heat Wave|p1b: Dugtrio|[spread] p1a,p1b\n|-damage|p1a: Scream Tail|14\/100\n|-enditem|p1b: Dugtrio|Focus Sash\n|-damage|p1b: Dugtrio|1\/100\n|move|p1a: Scream Tail|Perish Song|p1a: Scream Tail\n|-start|p1a: Scream Tail|perish3|[silent]\n|-start|p1b: Dugtrio|perish3|[silent]\n|-start|p2a: Flutter Mane|perish3|[silent]\n|-start|p2b: Chi-Yu|perish3|[silent]\n|-fieldactivate|move: Perish Song\n|\n|-start|p2a: Flutter Mane|perish3\n|-start|p1b: Dugtrio|perish3\n|-start|p2b: Chi-Yu|perish3\n|-start|p1a: Scream Tail|perish3\n|upkeep\n|turn|2\n|inactive|Slashhappyp has 30 seconds left.\n|inactive|Slashhappyp has 20 seconds left.\n|inactive|Slashhappyp has 15 seconds left.\n|\n|t:|1682023361\n|-end|p1a: Scream Tail|Protosynthesis|[silent]\n|switch|p1a: Garganacl|Garganacl, L50, M|100\/100\n|move|p1b: Dugtrio|Sucker Punch|p2a: Flutter Mane\n|-damage|p2a: Flutter Mane|59\/100\n|move|p2a: Flutter Mane|Dazzling Gleam|p1b: Dugtrio|[spread] p1a,p1b\n|-damage|p1a: Garganacl|73\/100\n|-damage|p1b: Dugtrio|0 fnt\n|faint|p1b: Dugtrio\n|move|p2b: Chi-Yu|Heat Wave|p1a: Garganacl\n|-resisted|p1a: Garganacl\n|-damage|p1a: Garganacl|49\/100\n|\n|-start|p2a: Flutter Mane|perish2\n|-start|p2b: Chi-Yu|perish2\n|upkeep\n|\n|t:|1682023375\n|switch|p1b: Medicham|Medicham, L50, M, shiny|100\/100\n|turn|3\n|\n|t:|1682023390\n|move|p1b: Medicham|Bullet Punch|p2a: Flutter Mane\n|-supereffective|p2a: Flutter Mane\n|-damage|p2a: Flutter Mane|0 fnt\n|faint|p2a: Flutter Mane\n|-end|p2a: Flutter Mane|Protosynthesis|[silent]\n|move|p2b: Chi-Yu|Tera Blast|p1a: Garganacl\n|-supereffective|p1a: Garganacl\n|-damage|p1a: Garganacl|0 fnt\n|faint|p1a: Garganacl\n|\n|-start|p2b: Chi-Yu|perish1\n|upkeep\n|\n|t:|1682023405\n|switch|p2a: Palafin|Palafin, L50, F|100\/100\n|switch|p1a: Scream Tail|Scream Tail, L50|14\/100\n|-damage|p2a: Palafin|88\/100|[from] Stealth Rock\n|turn|4\n|inactive|Slashhappyp has 30 seconds left.\n|inactive|Slashhappyp has 20 seconds left.\n|inactive|Slashhappyp has 15 seconds left.\n|c|\u2606Slashhappyp|Man lead chi yu flutter mane with palafin in the back and felt the need to reject an open team sheet against a dugtrio\n|inactive|Slashhappyp has 10 seconds left.\n|inactive|Slashhappyp has 5 seconds left.\n|\n|t:|1682023456\n|switch|p2b: Dragonite|Dragonite, L50, M|100\/100\n|-damage|p2b: Dragonite|76\/100|[from] Stealth Rock\n|move|p2a: Palafin|Jet Punch|p1b: Medicham\n|-damage|p1b: Medicham|49\/100\n|move|p1b: Medicham|High Jump Kick|p2a: Palafin\n|-damage|p2a: Palafin|0 fnt\n|faint|p2a: Palafin\n|move|p1a: Scream Tail|Dazzling Gleam|p2b: Dragonite\n|-supereffective|p2b: Dragonite\n|-damage|p2b: Dragonite|38\/100\n|\n|upkeep\n|\n|t:|1682023471\n|switch|p2a: Chi-Yu|Chi-Yu, L50, tera:Grass|100\/100\n|-damage|p2a: Chi-Yu|88\/100|[from] Stealth Rock\n|-ability|p2a: Chi-Yu|Beads of Ruin\n|turn|5\n|c|\u26062 Quiddy|XD Relaxxx its not that deep\n|inactive|Slashhappyp has 30 seconds left.\n|\n|t:|1682023497\n|-terastallize|p1b: Medicham|Steel\n|move|p2b: Dragonite|Extreme Speed|p1a: Scream Tail\n|-damage|p1a: Scream Tail|0 fnt\n|faint|p1a: Scream Tail\n|-end|p1a: Scream Tail|Protosynthesis|[silent]\n|move|p1b: Medicham|Bullet Punch|p2a: Chi-Yu\n|-damage|p2a: Chi-Yu|46\/100\n|move|p2a: Chi-Yu|Heat Wave|p1b: Medicham\n|-supereffective|p1b: Medicham\n|-damage|p1b: Medicham|0 fnt\n|faint|p1b: Medicham\n|\n|win|2 Quiddy\n|raw|Slashhappyp's rating: 1153 → 1123<\/strong> (-30 for losing)\n|raw|2 Quiddy's rating: 1088 → 1120<\/strong> (+32 for winning)\n","uploadtime":1682023518,"views":5,"p1id":"slashhappyp","p2id":"2quiddy","formatid":"gen9vgc2023regulationc","rating":1120,"private":0,"password":""}