{"id":"gen9vgc2023regulationc-1856755946","p1":"Atc13","p2":"Bailey3253","format":"[Gen 9] VGC 2023 Regulation C","log":"|j|\u2606Atc13\n|j|\u2606Bailey3253\n|t:|1683106432\n|gametype|doubles\n|player|p1|Atc13|169|1065\n|player|p2|Bailey3253|pokemaniac|1156\n|teamsize|p1|6\n|teamsize|p2|6\n|gen|9\n|tier|[Gen 9] VGC 2023 Regulation C\n|rated|\n|rule|Species Clause: Limit one of each Pok\u00e9mon\n|rule|Item Clause: Limit one of each item\n|clearpoke\n|poke|p1|Espathra, L50, F|\n|poke|p1|Ting-Lu, L50|\n|poke|p1|Ceruledge, L50, M|\n|poke|p1|Grimmsnarl, L50, M|\n|poke|p1|Rotom-Wash, L50|\n|poke|p1|Hydreigon, L50, M|\n|poke|p2|Squawkabilly, L50, F|\n|poke|p2|Palafin, L50, M|\n|poke|p2|Amoonguss, L50, F|\n|poke|p2|Flutter Mane, L50|\n|poke|p2|Great Tusk, L50|\n|poke|p2|Kingambit, L50, F|\n|teampreview|4\n|inactive|Battle timer is ON: inactive players will automatically lose when time's up. (requested by Atc13)\n|\n|t:|1683106475\n|start\n|switch|p1a: Espathra|Espathra, L50, F|100\/100\n|switch|p1b: Ceruledge|Ceruledge, L50, M|100\/100\n|switch|p2a: Buddy ol Pal|Palafin, L50, M|100\/100\n|switch|p2b: Elvis|Squawkabilly, L50, F|100\/100\n|-ability|p2b: Elvis|Intimidate|boost\n|-unboost|p1a: Espathra|atk|1\n|-fail|p1b: Ceruledge|unboost|[from] item: Clear Amulet|[of] p1b: Ceruledge\n|turn|1\n|inactive|Bailey3253 has 30 seconds left.\n|\n|t:|1683106509\n|-terastallize|p1b: Ceruledge|Flying\n|-terastallize|p2a: Buddy ol Pal|Water\n|move|p1a: Espathra|Protect|p1a: Espathra\n|-singleturn|p1a: Espathra|Protect\n|move|p2b: Elvis|Tailwind|p2b: Elvis\n|-sidestart|p2: Bailey3253|move: Tailwind\n|move|p2a: Buddy ol Pal|Wave Crash|p1b: Ceruledge\n|-damage|p1b: Ceruledge|20\/100\n|-damage|p2a: Buddy ol Pal|75\/100|[from] Recoil\n|move|p1b: Ceruledge|Swords Dance|p1b: Ceruledge\n|-boost|p1b: Ceruledge|atk|2\n|\n|-ability|p1a: Espathra|Speed Boost|boost\n|-boost|p1a: Espathra|spe|1\n|upkeep\n|turn|2\n|inactive|Atc13 has 30 seconds left.\n|inactive|Bailey3253 has 30 seconds left.\n|inactive|Atc13 has 20 seconds left.\n|inactive|Bailey3253 has 20 seconds left.\n|inactive|Bailey3253 has 15 seconds left.\n|\n|t:|1683106551\n|switch|p2b: Flutter Fan|Flutter Mane, L50|100\/100\n|move|p2a: Buddy ol Pal|Jet Punch|p1b: Ceruledge\n|-damage|p1b: Ceruledge|0 fnt\n|faint|p1b: Ceruledge\n|move|p1a: Espathra|Hypnosis|p2a: Buddy ol Pal|[miss]\n|-miss|p1a: Espathra|p2a: Buddy ol Pal\n|\n|-ability|p1a: Espathra|Speed Boost|boost\n|-boost|p1a: Espathra|spe|1\n|upkeep\n|\n|t:|1683106563\n|switch|p1b: Rotom|Rotom-Wash, L50|100\/100\n|turn|3\n|inactive|Bailey3253 has 30 seconds left.\n|inactive|Bailey3253 has 20 seconds left.\n|inactive|Bailey3253 has 15 seconds left.\n|inactive|Bailey3253 has 10 seconds left.\n|\n|t:|1683106609\n|detailschange|p2a: Buddy ol Pal|Palafin-Hero, L50, M, tera:Water\n|switch|p2a: Elon Tusk|Great Tusk, L50|100\/100\n|move|p1a: Espathra|Protect|p1a: Espathra\n|-singleturn|p1a: Espathra|Protect\n|move|p2b: Flutter Fan|Dazzling Gleam|p1b: Rotom|[spread] p1b\n|-activate|p1a: Espathra|move: Protect\n|-damage|p1b: Rotom|69\/100\n|move|p1b: Rotom|Discharge|p2b: Flutter Fan|[spread] p2b\n|-activate|p1a: Espathra|move: Protect\n|-immune|p2a: Elon Tusk\n|-damage|p2b: Flutter Fan|83\/100\n|-status|p2b: Flutter Fan|par\n|\n|-ability|p1a: Espathra|Speed Boost|boost\n|-boost|p1a: Espathra|spe|1\n|upkeep\n|turn|4\n|inactive|Atc13 has 30 seconds left.\n|inactive|Bailey3253 has 30 seconds left.\n|inactive|Bailey3253 has 20 seconds left.\n|inactive|Bailey3253 has 15 seconds left.\n|inactive|Bailey3253 has 10 seconds left.\n|inactive|Bailey3253 has 5 seconds left.\n|\n|t:|1683106662\n|move|p1b: Rotom|Protect|p1b: Rotom\n|-singleturn|p1b: Rotom|Protect\n|move|p1a: Espathra|Baton Pass|p1a: Espathra\n|\n|t:|1683106667\n|switch|p1a: Ting-Lu|Ting-Lu, L50|100\/100|[from] Baton Pass\n|-ability|p1a: Ting-Lu|Vessel of Ruin\n|move|p2a: Elon Tusk|Close Combat|p1b: Rotom\n|-activate|p1b: Rotom|move: Protect\n|move|p2b: Flutter Fan|Dazzling Gleam|p1b: Rotom|[spread] p1a\n|-activate|p1b: Rotom|move: Protect\n|-supereffective|p1a: Ting-Lu\n|-damage|p1a: Ting-Lu|55\/100\n|-enditem|p1a: Ting-Lu|Weakness Policy\n|-boost|p1a: Ting-Lu|atk|2|[from] item: Weakness Policy\n|-boost|p1a: Ting-Lu|spa|2|[from] item: Weakness Policy\n|\n|-sideend|p2: Bailey3253|move: Tailwind\n|upkeep\n|turn|5\n|inactive|Atc13 has 30 seconds left.\n|inactive|Bailey3253 has 30 seconds left.\n|inactive|Atc13 has 20 seconds left.\n|\n|t:|1683106702\n|-end|p2b: Flutter Fan|Protosynthesis|[silent]\n|switch|p2b: Elvis|Squawkabilly, L50, F|100\/100\n|-ability|p2b: Elvis|Intimidate|boost\n|-unboost|p1a: Ting-Lu|atk|1\n|-unboost|p1b: Rotom|atk|1\n|move|p1a: Ting-Lu|Earthquake|p2a: Elon Tusk|[spread] p2a\n|-immune|p1b: Rotom|[from] ability: Levitate\n|-immune|p2b: Elvis\n|-damage|p2a: Elon Tusk|70\/100\n|move|p2a: Elon Tusk|Close Combat|p1b: Rotom\n|-damage|p1b: Rotom|0 fnt\n|-unboost|p2a: Elon Tusk|def|1\n|-unboost|p2a: Elon Tusk|spd|1\n|faint|p1b: Rotom\n|\n|upkeep\n|\n|t:|1683106718\n|switch|p1b: Espathra|Espathra, L50, F|100\/100\n|turn|6\n|inactive|Bailey3253 has 30 seconds left.\n|inactive|Bailey3253 has 20 seconds left.\n|\n|t:|1683106757\n|move|p1b: Espathra|Protect|p1b: Espathra\n|-singleturn|p1b: Espathra|Protect\n|move|p2b: Elvis|Tailwind|p2b: Elvis\n|-sidestart|p2: Bailey3253|move: Tailwind\n|move|p2a: Elon Tusk|Close Combat|p1a: Ting-Lu\n|-supereffective|p1a: Ting-Lu\n|-damage|p1a: Ting-Lu|0 fnt\n|-unboost|p2a: Elon Tusk|def|1\n|-unboost|p2a: Elon Tusk|spd|1\n|faint|p1a: Ting-Lu\n|\n|-ability|p1b: Espathra|Speed Boost|boost\n|-boost|p1b: Espathra|spe|1\n|upkeep\n|turn|7\n|-message|Atc13 forfeited.\n|\n|win|Bailey3253\n|raw|Atc13's rating: 1065 → 1050<\/strong> (-15 for losing)\n|raw|Bailey3253's rating: 1156 → 1175<\/strong> (+19 for winning)\n|l|\u2606Atc13\n","uploadtime":1683106784,"views":11,"p1id":"atc13","p2id":"bailey3253","formatid":"gen9vgc2023regulationc","rating":1050,"private":0,"password":""}