{"id":"gen9vgc2023regulationc-1849170149","p1":"Even Greener Grass","p2":"Knightmoon_25-X","format":"[Gen 9] VGC 2023 Regulation C","log":"|j|\u2606Even Greener Grass\n|j|\u2606Knightmoon_25-X\n|t:|1682167737\n|gametype|doubles\n|player|p1|Even Greener Grass|kahili|1076\n|player|p2|Knightmoon_25-X|steven|1120\n|teamsize|p1|6\n|teamsize|p2|6\n|gen|9\n|tier|[Gen 9] VGC 2023 Regulation C\n|rated|\n|rule|Species Clause: Limit one of each Pok\u00e9mon\n|rule|Item Clause: Limit one of each item\n|clearpoke\n|poke|p1|Torkoal, L50, F|\n|poke|p1|Chi-Yu, L50|\n|poke|p1|Slither Wing, L50|\n|poke|p1|Brute Bonnet, L50|\n|poke|p1|Arcanine, L50, F|\n|poke|p1|Flutter Mane, L50|\n|poke|p2|Flutter Mane, L50|\n|poke|p2|Oranguru, L50, F|\n|poke|p2|Chi-Yu, L50|\n|poke|p2|Arcanine, L50, F|\n|poke|p2|Wo-Chien, L50|\n|poke|p2|Iron Bundle, L50|\n|teampreview|4\n|inactive|Battle timer is ON: inactive players will automatically lose when time's up. (requested by Even Greener Grass)\n|c|\u2606Even Greener Grass|Good luck, have fun.\nEven Greener Grass rejected open team sheets.\n|\n|t:|1682167756\n|start\n|switch|p1a: DEMI-GOD|Flutter Mane, L50|100\/100\n|switch|p1b: Beverly|Chi-Yu, L50|100\/100\n|switch|p2a: Flutter Mane|Flutter Mane, L50|100\/100\n|switch|p2b: Oranguru|Oranguru, L50, F|100\/100\n|-ability|p1b: Beverly|Beads of Ruin\n|-enditem|p2a: Flutter Mane|Booster Energy\n|-activate|p2b: Oranguru|ability: Symbiosis|Choice Specs|[of] p2a: Flutter Mane\n|-activate|p2a: Flutter Mane|ability: Protosynthesis|[fromitem]\n|-start|p2a: Flutter Mane|protosynthesisspe\n|turn|1\n|\n|t:|1682167772\n|-terastallize|p2a: Flutter Mane|Fairy\n|move|p2a: Flutter Mane|Dazzling Gleam|p1b: Beverly|[spread] p1a,p1b\n|-damage|p1a: DEMI-GOD|19\/100\n|-damage|p1b: Beverly|35\/100\n|move|p1a: DEMI-GOD|Shadow Ball|p2a: Flutter Mane\n|-damage|p2a: Flutter Mane|42\/100\n|move|p1b: Beverly|Heat Wave|p2a: Flutter Mane|[spread] p2a,p2b\n|-damage|p2a: Flutter Mane|0 fnt\n|-damage|p2b: Oranguru|46\/100\n|faint|p2a: Flutter Mane\n|-end|p2a: Flutter Mane|Protosynthesis|[silent]\n|move|p2b: Oranguru|Instruct|p2: Flutter Mane|[notarget]\n|-fail|p2b: Oranguru\n|\n|upkeep\n|\n|t:|1682167782\n|switch|p2a: Chi-Yu|Chi-Yu, L50|100\/100\n|-ability|p2a: Chi-Yu|Beads of Ruin\n|turn|2\n|\n|t:|1682167787\n|move|p1a: DEMI-GOD|Shadow Ball|p2a: Chi-Yu\n|-resisted|p2a: Chi-Yu\n|-damage|p2a: Chi-Yu|75\/100\n|move|p2a: Chi-Yu|Snarl|p1a: DEMI-GOD|[spread] p1a,p1b\n|-resisted|p1b: Beverly\n|-damage|p1a: DEMI-GOD|0 fnt\n|-damage|p1b: Beverly|21\/100\n|-unboost|p1b: Beverly|spa|1\n|faint|p1a: DEMI-GOD\n|-end|p1a: DEMI-GOD|Protosynthesis|[silent]\n|-damage|p2a: Chi-Yu|65\/100|[from] item: Life Orb\n|move|p1b: Beverly|Heat Wave|p2b: Oranguru|[spread] p2a,p2b\n|-resisted|p2a: Chi-Yu\n|-damage|p2a: Chi-Yu|43\/100\n|-damage|p2b: Oranguru|6\/100\n|move|p2b: Oranguru|Chilling Water|p1b: Beverly\n|-supereffective|p1b: Beverly\n|-damage|p1b: Beverly|0 fnt\n|faint|p1b: Beverly\n|\n|upkeep\n|\n|t:|1682167795\n|switch|p1a: Dawg|Torkoal, L50, F|100\/100\n|switch|p1b: Tricky the Clown|Slither Wing, L50|100\/100\n|-weather|SunnyDay|[from] ability: Drought|[of] p1a: Dawg\n|-activate|p1b: Tricky the Clown|ability: Protosynthesis\n|-start|p1b: Tricky the Clown|protosynthesisatk\n|turn|3\n|\n|t:|1682167804\n|move|p1b: Tricky the Clown|First Impression|p2a: Chi-Yu\n|-damage|p2a: Chi-Yu|0 fnt\n|faint|p2a: Chi-Yu\n|-damage|p1b: Tricky the Clown|91\/100|[from] item: Life Orb\n|move|p2b: Oranguru|Chilling Water|p1b: Tricky the Clown\n|-damage|p1b: Tricky the Clown|86\/100\n|-unboost|p1b: Tricky the Clown|atk|1\n|move|p1a: Dawg|Heat Wave|p2b: Oranguru\n|-damage|p2b: Oranguru|0 fnt\n|faint|p2b: Oranguru\n|\n|-weather|SunnyDay|[upkeep]\n|upkeep\n|\n|t:|1682167809\n|switch|p2b: Iron Bundle|Iron Bundle, L50|100\/100\n|turn|4\n|\n|t:|1682167817\n|move|p2b: Iron Bundle|Encore|p1b: Tricky the Clown\n|-start|p1b: Tricky the Clown|Encore\n|move|p1b: Tricky the Clown|First Impression||[still]\n|-hint|First Impression only works on your first turn out.\n|-fail|p1b: Tricky the Clown\n|move|p1a: Dawg|Solar Beam||[still]\n|-prepare|p1a: Dawg|Solar Beam\n|-anim|p1a: Dawg|Solar Beam|p2b: Iron Bundle\n|-supereffective|p2b: Iron Bundle\n|-enditem|p2b: Iron Bundle|Focus Sash\n|-damage|p2b: Iron Bundle|1\/100\n|\n|-weather|SunnyDay|[upkeep]\n|upkeep\n|turn|5\n|\n|t:|1682167831\n|move|p1b: Tricky the Clown|First Impression||[still]\n|-hint|First Impression only works on your first turn out.\n|-fail|p1b: Tricky the Clown\n|move|p2b: Iron Bundle|Freeze-Dry|p1a: Dawg\n|-resisted|p1a: Dawg\n|-damage|p1a: Dawg|76\/100\n|move|p1a: Dawg|Solar Beam||[still]\n|-prepare|p1a: Dawg|Solar Beam\n|-anim|p1a: Dawg|Solar Beam|p2b: Iron Bundle\n|-supereffective|p2b: Iron Bundle\n|-damage|p2b: Iron Bundle|0 fnt\n|faint|p2b: Iron Bundle\n|-end|p2b: Iron Bundle|Quark Drive|[silent]\n|\n|win|Even Greener Grass\n|raw|Even Greener Grass's rating: 1076 → 1108<\/strong> (+32 for winning)\n|raw|Knightmoon_25-X's rating: 1120 → 1092<\/strong> (-28 for losing)\n|c|\u2606Even Greener Grass|g.g.w.p.\n|l|\u2606Knightmoon_25-X\n","uploadtime":1682167837,"views":13,"p1id":"evengreenergrass","p2id":"knightmoon25x","formatid":"gen9vgc2023regulationc","rating":1092,"private":0,"password":""}