{"id":"gen9vgc2023regulationc-1863974639","p1":"OneStrangeOnion","p2":"uhu she said penal","format":"[Gen 9] VGC 2023 Regulation C","log":"|j|\u2606OneStrangeOnion\n|j|\u2606uhu she said penal\n|t:|1684100083\n|gametype|doubles\n|player|p1|OneStrangeOnion|rosa|1033\n|player|p2|uhu she said penal|170|1000\n|teamsize|p1|6\n|teamsize|p2|6\n|gen|9\n|tier|[Gen 9] VGC 2023 Regulation C\n|rated|\n|rule|Species Clause: Limit one of each Pok\u00e9mon\n|rule|Item Clause: Limit one of each item\n|clearpoke\n|poke|p1|Polteageist-Antique, L50|\n|poke|p1|Appletun, L50, F|\n|poke|p1|Garganacl, L50, M|\n|poke|p1|Veluza, L50, F|\n|poke|p1|Chansey, L50, F|\n|poke|p1|Vespiquen, L50, F|\n|poke|p2|Chien-Pao, L50|\n|poke|p2|Ceruledge, L50, F|\n|poke|p2|Gyarados, L50, M|\n|poke|p2|Iron Hands, L50|\n|poke|p2|Farigiraf, L50, F|\n|poke|p2|Amoonguss, L50, F|\n|teampreview|4\n|inactive|Battle timer is ON: inactive players will automatically lose when time's up. (requested by OneStrangeOnion)\n|inactive|uhu she said penal has 60 seconds left.\n|\n|t:|1684100127\n|start\n|switch|p1a: \u8336|Polteageist-Antique, L50, shiny|100\/100\n|switch|p1b: \u5869|Garganacl, L50, M|100\/100\n|switch|p2a: Iron Hands|Iron Hands, L50|100\/100\n|switch|p2b: Ceruledge|Ceruledge, L50, F|100\/100\n|turn|1\n|\n|t:|1684100148\n|move|p2a: Iron Hands|Fake Out|p1b: \u5869\n|-resisted|p1b: \u5869\n|-damage|p1b: \u5869|95\/100\n|move|p2b: Ceruledge|Bulk Up|p2b: Ceruledge\n|-boost|p2b: Ceruledge|atk|1\n|-boost|p2b: Ceruledge|def|1\n|cant|p1b: \u5869|flinch\n|move|p1a: \u8336|Trick Room|p1a: \u8336\n|-fieldstart|move: Trick Room|[of] p1a: \u8336\n|\n|upkeep\n|turn|2\n|\n|t:|1684100164\n|move|p1a: \u8336|Ally Switch|p1a: \u8336\n|swap|p1a: \u8336|1|[from] move: Ally Switch\n|move|p2b: Ceruledge|Shadow Sneak|p1a: \u5869\n|-damage|p1a: \u5869|85\/100\n|move|p1a: \u5869|Salt Cure|p2b: Ceruledge\n|-supereffective|p2b: Ceruledge\n|-damage|p2b: Ceruledge|76\/100\n|-start|p2b: Ceruledge|Salt Cure\n|move|p2a: Iron Hands|Close Combat|p1b: \u8336\n|-immune|p1b: \u8336\n|\n|-damage|p2b: Ceruledge|64\/100|[from] Salt Cure\n|upkeep\n|turn|3\n|inactive|OneStrangeOnion has 30 seconds left.\n|\n|t:|1684100190\n|switch|p1b: \u5375|Chansey, L50, F|100\/100\n|-terastallize|p1a: \u5869|Ghost\n|move|p1a: \u5869|Iron Defense|p1a: \u5869\n|-boost|p1a: \u5869|def|2\n|move|p2a: Iron Hands|Close Combat|p1a: \u5869\n|-immune|p1a: \u5869\n|move|p2b: Ceruledge|Bitter Blade|p1a: \u5869\n|-damage|p1a: \u5869|61\/100\n|-heal|p2b: Ceruledge|78\/100|[from] drain|[of] p1a: \u5869\n|\n|-damage|p2b: Ceruledge|66\/100|[from] Salt Cure\n|upkeep\n|turn|4\n|inactive|OneStrangeOnion has 30 seconds left.\n|inactive|uhu she said penal has 30 seconds left.\n|\n|t:|1684100216\n|move|p1a: \u5869|Salt Cure|p2b: Ceruledge\n|-supereffective|p2b: Ceruledge\n|-damage|p2b: Ceruledge|43\/100\n|move|p1b: \u5375|Heal Pulse|p1a: \u5869\n|-heal|p1a: \u5869|100\/100\n|move|p2a: Iron Hands|Close Combat|p1a: \u5869\n|-immune|p1a: \u5869\n|move|p2b: Ceruledge|Bitter Blade|p1b: \u5375\n|-damage|p1b: \u5375|57\/100\n|-heal|p2b: Ceruledge|85\/100|[from] drain|[of] p1b: \u5375\n|\n|-damage|p2b: Ceruledge|73\/100|[from] Salt Cure\n|upkeep\n|turn|5\n|inactive|OneStrangeOnion has 30 seconds left.\n|\n|t:|1684100248\n|move|p1a: \u5869|Salt Cure|p2a: Iron Hands\n|-resisted|p2a: Iron Hands\n|-damage|p2a: Iron Hands|96\/100\n|-start|p2a: Iron Hands|Salt Cure\n|move|p1b: \u5375|Rock Slide|p2b: Ceruledge|[spread] p2a,p2b\n|-resisted|p2a: Iron Hands\n|-supereffective|p2b: Ceruledge\n|-damage|p2a: Iron Hands|94\/100\n|-damage|p2b: Ceruledge|69\/100\n|move|p2a: Iron Hands|Close Combat|p1b: \u5375\n|-supereffective|p1b: \u5375\n|-damage|p1b: \u5375|0 fnt\n|-unboost|p2a: Iron Hands|def|1\n|-unboost|p2a: Iron Hands|spd|1\n|faint|p1b: \u5375\n|cant|p2b: Ceruledge|flinch\n|\n|-damage|p2a: Iron Hands|82\/100|[from] Salt Cure\n|-damage|p2b: Ceruledge|57\/100|[from] Salt Cure\n|-fieldend|move: Trick Room\n|upkeep\n|\n|t:|1684100266\n|switch|p1b: \u8336|Polteageist-Antique, L50, shiny|100\/100\n|turn|6\n|\n|t:|1684100281\n|move|p2b: Ceruledge|Shadow Sneak|p1b: \u8336\n|-supereffective|p1b: \u8336\n|-damage|p1b: \u8336|7\/100\n|move|p2a: Iron Hands|Volt Switch|p1b: \u8336\n|-damage|p1b: \u8336|0 fnt\n|-start|p2a: Iron Hands|Disable|Volt Switch|[from] ability: Cursed Body|[of] p1b: \u8336\n|faint|p1b: \u8336\n|\n|t:|1684100291\n|-end|p2a: Iron Hands|Quark Drive|[silent]\n|switch|p2a: Gyarados|Gyarados, L50, M|100\/100|[from] Volt Switch\n|-ability|p2a: Gyarados|Intimidate|boost\n|-unboost|p1a: \u5869|atk|1\n|move|p1a: \u5869|Iron Defense|p1a: \u5869\n|-boost|p1a: \u5869|def|2\n|\n|-damage|p2b: Ceruledge|44\/100|[from] Salt Cure\n|upkeep\n|\n|t:|1684100300\n|switch|p1b: \u308a\u3093\u3054|Appletun, L50, F, shiny|100\/100\n|turn|7\n|\n|t:|1684100309\n|switch|p2b: Iron Hands|Iron Hands, L50|82\/100\n|move|p2a: Gyarados|Taunt|p1a: \u5869\n|-start|p1a: \u5869|move: Taunt\n|move|p1a: \u5869|Salt Cure|p2a: Gyarados\n|-supereffective|p2a: Gyarados\n|-damage|p2a: Gyarados|82\/100\n|-start|p2a: Gyarados|Salt Cure\n|move|p1b: \u308a\u3093\u3054|Leech Seed|p2b: Iron Hands\n|-start|p2b: Iron Hands|move: Leech Seed\n|\n|-damage|p2b: Iron Hands|69\/100|[from] Leech Seed|[of] p1b: \u308a\u3093\u3054\n|-damage|p2a: Gyarados|57\/100|[from] Salt Cure\n|upkeep\n|turn|8\n|\n|t:|1684100331\n|switch|p2a: Ceruledge|Ceruledge, L50, F|44\/100\n|move|p2b: Iron Hands|Volt Switch|p1b: \u308a\u3093\u3054\n|-resisted|p1b: \u308a\u3093\u3054\n|-damage|p1b: \u308a\u3093\u3054|99\/100\n|\n|t:|1684100336\n|-end|p2b: Iron Hands|Quark Drive|[silent]\n|switch|p2b: Gyarados|Gyarados, L50, M|57\/100|[from] Volt Switch\n|-ability|p2b: Gyarados|Intimidate|boost\n|-unboost|p1a: \u5869|atk|1\n|-unboost|p1b: \u308a\u3093\u3054|atk|1\n|move|p1a: \u5869|Salt Cure|p2b: Gyarados\n|-supereffective|p2b: Gyarados\n|-damage|p2b: Gyarados|42\/100\n|-start|p2b: Gyarados|Salt Cure\n|move|p1b: \u308a\u3093\u3054|Leech Seed|p2a: Ceruledge\n|-start|p2a: Ceruledge|move: Leech Seed\n|\n|-heal|p1b: \u308a\u3093\u3054|100\/100|[from] item: Leftovers\n|-damage|p2a: Ceruledge|32\/100|[from] Leech Seed|[of] p1b: \u308a\u3093\u3054\n|-damage|p2b: Gyarados|17\/100|[from] Salt Cure\n|upkeep\n|turn|9\n|\n|t:|1684100355\n|move|p2a: Ceruledge|Bitter Blade|p1b: \u308a\u3093\u3054\n|-damage|p1b: \u308a\u3093\u3054|79\/100\n|-heal|p2a: Ceruledge|45\/100|[from] drain|[of] p1b: \u308a\u3093\u3054\n|move|p2b: Gyarados|Taunt|p1b: \u308a\u3093\u3054\n|-start|p1b: \u308a\u3093\u3054|move: Taunt\n|move|p1a: \u5869|Salt Cure|p2a: Ceruledge\n|-supereffective|p2a: Ceruledge\n|-damage|p2a: Ceruledge|29\/100\n|-start|p2a: Ceruledge|Salt Cure\n|cant|p1b: \u308a\u3093\u3054|move: Taunt|Leech Seed\n|\n|-heal|p1b: \u308a\u3093\u3054|85\/100|[from] item: Leftovers\n|-damage|p2a: Ceruledge|16\/100|[from] Leech Seed|[of] p1b: \u308a\u3093\u3054\n|-heal|p1b: \u308a\u3093\u3054|95\/100|[silent]\n|-damage|p2a: Ceruledge|4\/100|[from] Salt Cure\n|-damage|p2b: Gyarados|0 fnt|[from] Salt Cure\n|faint|p2b: Gyarados\n|-end|p1a: \u5869|move: Taunt\n|upkeep\n|\n|t:|1684100372\n|switch|p2b: Chien-Pao|Chien-Pao, L50|100\/100\n|-ability|p2b: Chien-Pao|Sword of Ruin\n|turn|10\n|\n|t:|1684100395\n|switch|p2a: Iron Hands|Iron Hands, L50|69\/100\n|move|p2b: Chien-Pao|Ice Spinner|p1b: \u308a\u3093\u3054\n|-supereffective|p1b: \u308a\u3093\u3054\n|-damage|p1b: \u308a\u3093\u3054|0 fnt\n|faint|p1b: \u308a\u3093\u3054\n|move|p1a: \u5869|Salt Cure|p2b: Chien-Pao\n|-supereffective|p2b: Chien-Pao\n|-damage|p2b: Chien-Pao|80\/100\n|-start|p2b: Chien-Pao|Salt Cure\n|\n|-damage|p2b: Chien-Pao|68\/100|[from] Salt Cure\n|upkeep\n|turn|11\n|inactive|uhu she said penal has 30 seconds left.\n|\n|t:|1684100427\n|move|p2b: Chien-Pao|Ice Spinner|p1a: \u5869\n|-damage|p1a: \u5869|87\/100\n|move|p2a: Iron Hands|Wild Charge|p1a: \u5869\n|-damage|p1a: \u5869|72\/100\n|-damage|p2a: Iron Hands|66\/100|[from] Recoil\n|move|p1a: \u5869|Body Press|p2b: Chien-Pao\n|-supereffective|p2b: Chien-Pao\n|-damage|p2b: Chien-Pao|0 fnt\n|faint|p2b: Chien-Pao\n|\n|upkeep\n|\n|t:|1684100436\n|switch|p2b: Ceruledge|Ceruledge, L50, F|4\/100\n|turn|12\n|\n|t:|1684100451\n|move|p2b: Ceruledge|Bitter Blade|p1a: \u5869\n|-damage|p1a: \u5869|62\/100\n|-heal|p2b: Ceruledge|10\/100|[from] drain|[of] p1a: \u5869\n|move|p2a: Iron Hands|Wild Charge|p1a: \u5869\n|-damage|p1a: \u5869|49\/100\n|-damage|p2a: Iron Hands|63\/100|[from] Recoil\n|move|p1a: \u5869|Salt Cure|p2a: Iron Hands\n|-resisted|p2a: Iron Hands\n|-damage|p2a: Iron Hands|61\/100\n|-start|p2a: Iron Hands|Salt Cure\n|\n|-damage|p2a: Iron Hands|48\/100|[from] Salt Cure\n|upkeep\n|turn|13\n|\n|t:|1684100467\n|move|p2b: Ceruledge|Bitter Blade|p1a: \u5869\n|-damage|p1a: \u5869|37\/100\n|-heal|p2b: Ceruledge|17\/100|[from] drain|[of] p1a: \u5869\n|move|p2a: Iron Hands|Wild Charge|p1a: \u5869\n|-damage|p1a: \u5869|24\/100\n|-damage|p2a: Iron Hands|45\/100|[from] Recoil\n|move|p1a: \u5869|Salt Cure|p2b: Ceruledge\n|-supereffective|p2b: Ceruledge\n|-damage|p2b: Ceruledge|0 fnt\n|faint|p2b: Ceruledge\n|\n|-damage|p2a: Iron Hands|33\/100|[from] Salt Cure\n|upkeep\n|turn|14\n|\n|t:|1684100485\n|move|p2a: Iron Hands|Wild Charge|p1a: \u5869\n|-damage|p1a: \u5869|13\/100\n|-damage|p2a: Iron Hands|30\/100|[from] Recoil\n|move|p1a: \u5869|Body Press|p2a: Iron Hands\n|-damage|p2a: Iron Hands|0 fnt\n|faint|p2a: Iron Hands\n|-end|p2a: Iron Hands|Quark Drive|[silent]\n|\n|win|OneStrangeOnion\n|raw|OneStrangeOnion's rating: 1033 → 1065<\/strong> (+32 for winning)\n|raw|uhu she said penal's rating: 1000 → 1000<\/strong> (+0 for losing)\n|l|\u2606uhu she said penal\n|l|\u2606OneStrangeOnion\n|j|\u2606OneStrangeOnion\n|player|p1|OneStrangeOnion|rosa\n","uploadtime":1684100529,"views":9,"p1id":"onestrangeonion","p2id":"uhushesaidpenal","formatid":"gen9vgc2023regulationc","rating":1000,"private":0,"password":""}