{"id":"gen9vgc2023regulationc-1845921894","p1":"I eat vegetables","p2":"Disobedient_vgc","format":"[Gen 9] VGC 2023 Regulation C","log":"|j|\u2606I eat vegetables\n|j|\u2606Disobedient_vgc\n|t:|1681779556\n|gametype|doubles\n|player|p1|I eat vegetables|cowgirl|1182\n|player|p2|Disobedient_vgc|palmer|1129\n|teamsize|p1|6\n|teamsize|p2|6\n|gen|9\n|tier|[Gen 9] VGC 2023 Regulation C\n|rated|\n|rule|Species Clause: Limit one of each Pok\u00e9mon\n|rule|Item Clause: Limit one of each item\n|clearpoke\n|poke|p1|Ting-Lu, L50|\n|poke|p1|Stantler, L50, M|\n|poke|p1|Annihilape, L50, F|\n|poke|p1|Chi-Yu, L50|\n|poke|p1|Amoonguss, L50, F|\n|poke|p1|Flutter Mane, L50|\n|poke|p2|Gyarados, L50, M|\n|poke|p2|Ting-Lu, L50|\n|poke|p2|Flutter Mane, L50|\n|poke|p2|Chi-Yu, L50|\n|poke|p2|Amoonguss, L50, F|\n|poke|p2|Haxorus, L50, M|\n|teampreview|4\n|inactive|Battle timer is ON: inactive players will automatically lose when time's up. (requested by I eat vegetables)\nDisobedient_vgc has agreed to open team sheets.\n|inactive|Disobedient_vgc has 60 seconds left.\nI eat vegetables has agreed to open team sheets.\n|\n|t:|1681779594\n|start\n|switch|p1a: Stantler|Stantler, L50, M|100\/100\n|switch|p1b: Ting-Lu|Ting-Lu, L50|100\/100\n|switch|p2a: Amoonguss|Amoonguss, L50, F, shiny|100\/100\n|switch|p2b: Haxorus|Haxorus, L50, M, shiny|100\/100\n|-ability|p2b: Haxorus|Mold Breaker\n|-ability|p1a: Stantler|Intimidate|boost\n|-unboost|p2a: Amoonguss|atk|1\n|-unboost|p2b: Haxorus|atk|1\n|-ability|p1b: Ting-Lu|Vessel of Ruin\n|turn|1\n|inactive|I eat vegetables has 30 seconds left.\n|inactive|I eat vegetables has 20 seconds left.\n|inactive|I eat vegetables has 15 seconds left.\n|inactive|Disobedient_vgc has 30 seconds left.\n|\n|t:|1681779648\n|switch|p1a: Flutter Mane|Flutter Mane, L50|100\/100\n|-enditem|p1a: Flutter Mane|Booster Energy\n|-activate|p1a: Flutter Mane|ability: Protosynthesis|[fromitem]\n|-start|p1a: Flutter Mane|protosynthesisspa\n|move|p2b: Haxorus|Close Combat|p1a: Flutter Mane\n|-immune|p1a: Flutter Mane\n|move|p2a: Amoonguss|Spore|p1b: Ting-Lu\n|-status|p1b: Ting-Lu|slp|[from] move: Spore\n|cant|p1b: Ting-Lu|slp\n|\n|upkeep\n|turn|2\n|inactive|I eat vegetables has 30 seconds left.\n|\n|t:|1681779682\n|switch|p1b: Stantler|Stantler, L50, M|100\/100\n|-ability|p1b: Stantler|Intimidate|boost\n|-unboost|p2a: Amoonguss|atk|1\n|-unboost|p2b: Haxorus|atk|1\n|-terastallize|p1a: Flutter Mane|Ghost\n|-terastallize|p2b: Haxorus|Fire\n|move|p1a: Flutter Mane|Shadow Ball|p2a: Amoonguss\n|-damage|p2a: Amoonguss|43\/100\n|move|p2b: Haxorus|Dragon Dance|p2b: Haxorus\n|-boost|p2b: Haxorus|atk|1\n|-boost|p2b: Haxorus|spe|1\n|move|p2a: Amoonguss|Spore|p1a: Flutter Mane\n|-status|p1a: Flutter Mane|slp|[from] move: Spore\n|\n|upkeep\n|turn|3\n|\n|t:|1681779706\n|move|p2b: Haxorus|Dragon Dance|p2b: Haxorus\n|-boost|p2b: Haxorus|atk|1\n|-boost|p2b: Haxorus|spe|1\n|cant|p1a: Flutter Mane|slp\n|move|p1b: Stantler|Earth Power|p2a: Amoonguss\n|-damage|p2a: Amoonguss|28\/100\n|move|p2a: Amoonguss|Spore|p1b: Stantler\n|-status|p1b: Stantler|slp|[from] move: Spore\n|\n|upkeep\n|turn|4\n|\n|t:|1681779725\n|move|p2a: Amoonguss|Rage Powder|p2a: Amoonguss\n|-singleturn|p2a: Amoonguss|move: Rage Powder\n|move|p2b: Haxorus|Close Combat|p1b: Stantler\n|-supereffective|p1b: Stantler\n|-damage|p1b: Stantler|0 fnt\n|-unboost|p2b: Haxorus|def|1\n|-unboost|p2b: Haxorus|spd|1\n|faint|p1b: Stantler\n|-damage|p2b: Haxorus|91\/100|[from] item: Life Orb\n|cant|p1a: Flutter Mane|slp\n|\n|upkeep\n|\n|t:|1681779738\n|switch|p1b: Ting-Lu|Ting-Lu, L50|100\/100 slp\n|-ability|p1b: Ting-Lu|Vessel of Ruin\n|turn|5\n|\n|t:|1681779745\n|move|p2a: Amoonguss|Rage Powder|p2a: Amoonguss\n|-singleturn|p2a: Amoonguss|move: Rage Powder\n|move|p2b: Haxorus|Dragon Dance|p2b: Haxorus\n|-boost|p2b: Haxorus|atk|1\n|-boost|p2b: Haxorus|spe|1\n|-curestatus|p1a: Flutter Mane|slp|[msg]\n|move|p1a: Flutter Mane|Shadow Ball|p2a: Amoonguss\n|-damage|p2a: Amoonguss|0 fnt\n|faint|p2a: Amoonguss\n|cant|p1b: Ting-Lu|slp\n|\n|upkeep\n|\n|t:|1681779756\n|switch|p2a: Chi-Yu|Chi-Yu, L50|100\/100\n|-ability|p2a: Chi-Yu|Beads of Ruin\n|turn|6\n|inactive|I eat vegetables has 30 seconds left.\n|\n|t:|1681779782\n|move|p1a: Flutter Mane|Protect|p1a: Flutter Mane\n|-singleturn|p1a: Flutter Mane|Protect\n|move|p2b: Haxorus|Close Combat|p1b: Ting-Lu\n|-supereffective|p1b: Ting-Lu\n|-damage|p1b: Ting-Lu|0 fnt\n|-unboost|p2b: Haxorus|def|1\n|-unboost|p2b: Haxorus|spd|1\n|faint|p1b: Ting-Lu\n|-damage|p2b: Haxorus|81\/100|[from] item: Life Orb\n|move|p2a: Chi-Yu|Dark Pulse|p1a: Flutter Mane\n|-activate|p1a: Flutter Mane|move: Protect\n|\n|upkeep\n|\n|t:|1681779789\n|switch|p1b: Annihilape|Annihilape, L50, F|100\/100\n|turn|7\n|\n|t:|1681779808\n|move|p2b: Haxorus|Rock Slide|p1b: Annihilape|[spread] p1a,p1b\n|-resisted|p1b: Annihilape\n|-damage|p1a: Flutter Mane|4\/100\n|-damage|p1b: Annihilape|78\/100\n|-damage|p2b: Haxorus|71\/100|[from] item: Life Orb\n|move|p2a: Chi-Yu|Dark Pulse|p1a: Flutter Mane\n|-supereffective|p1a: Flutter Mane\n|-damage|p1a: Flutter Mane|0 fnt\n|faint|p1a: Flutter Mane\n|-end|p1a: Flutter Mane|Protosynthesis|[silent]\n|move|p1b: Annihilape|Drain Punch|p2b: Haxorus\n|-damage|p2b: Haxorus|0 fnt\n|-heal|p1b: Annihilape|100\/100|[from] drain|[of] p2b: Haxorus\n|faint|p2b: Haxorus\n|\n|upkeep\n|\n|t:|1681779821\n|switch|p2b: Flutter Mane|Flutter Mane, L50, shiny|100\/100\n|turn|8\n|\n|t:|1681779826\n|move|p2a: Chi-Yu|Dark Pulse|p1b: Annihilape\n|-damage|p1b: Annihilape|52\/100\n|move|p2b: Flutter Mane|Moonblast|p1b: Annihilape\n|-supereffective|p1b: Annihilape\n|-damage|p1b: Annihilape|0 fnt\n|faint|p1b: Annihilape\n|\n|win|Disobedient_vgc\n|raw|I eat vegetables's rating: 1182 → 1153<\/strong> (-29 for losing)\n|raw|Disobedient_vgc's rating: 1129 → 1158<\/strong> (+29 for winning)\n","uploadtime":1681779842,"views":15,"p1id":"ieatvegetables","p2id":"disobedientvgc","formatid":"gen9vgc2023regulationc","rating":1153,"private":0,"password":""}