{"id":"gen9vgc2023regulationc-1860252383","p1":"ryanogiggs11","p2":"finiro","format":"[Gen 9] VGC 2023 Regulation C","log":"|j|\u2606ryanogiggs11\n|j|\u2606finiro\n|t:|1683619261\n|gametype|doubles\n|player|p1|ryanogiggs11|dawn|\n|player|p2|finiro|gambler|\n|teamsize|p1|6\n|teamsize|p2|6\n|gen|9\n|tier|[Gen 9] VGC 2023 Regulation C\n|rule|Species Clause: Limit one of each Pok\u00e9mon\n|rule|Item Clause: Limit one of each item\n|clearpoke\n|poke|p1|Torkoal, L50, M|\n|poke|p1|Lilligant, L50, F|\n|poke|p1|Oranguru, L50, M|\n|poke|p1|Hatterene, L50, F|\n|poke|p1|Dragonite, L50, F|\n|poke|p1|Great Tusk, L50|\n|poke|p2|Klefki, L50, M|\n|poke|p2|Kingambit, L50, F|\n|poke|p2|Gothorita, L50, F|\n|poke|p2|Scizor, L50, F|\n|poke|p2|Iron Bundle, L50|\n|poke|p2|Arcanine, L50, M|\n|teampreview|4\n|c|\u2606ryanogiggs11|g3\n|j| jayballester\n|\n|t:|1683619942\n|start\n|switch|p1a: Torkoal|Torkoal, L50, M|100\/100\n|switch|p1b: Lilligant|Lilligant, L50, F, shiny|100\/100\n|switch|p2a: Scizor|Scizor, L50, F|100\/100\n|switch|p2b: Arcanine|Arcanine, L50, M|100\/100\n|-ability|p2b: Arcanine|Intimidate|boost\n|-fail|p1a: Torkoal|unboost|[from] item: Clear Amulet|[of] p1a: Torkoal\n|-unboost|p1b: Lilligant|atk|1\n|-weather|SunnyDay|[from] ability: Drought|[of] p1a: Torkoal\n|turn|1\n|\n|t:|1683619995\n|move|p2b: Arcanine|Extreme Speed|p1b: Lilligant\n|-damage|p1b: Lilligant|59\/100\n|move|p2a: Scizor|Bullet Punch|p1b: Lilligant\n|-damage|p1b: Lilligant|0 fnt\n|faint|p1b: Lilligant\n|move|p1a: Torkoal|Eruption|p2b: Arcanine|[spread] p2a,p2b\n|-supereffective|p2a: Scizor\n|-resisted|p2b: Arcanine\n|-damage|p2a: Scizor|0 fnt\n|-damage|p2b: Arcanine|70\/100\n|faint|p2a: Scizor\n|\n|-weather|SunnyDay|[upkeep]\n|upkeep\n|\n|t:|1683620016\n|switch|p1b: Great Tusk|Great Tusk, L50|100\/100\n|switch|p2a: Klefki|Klefki, L50, M|100\/100\n|-activate|p1b: Great Tusk|ability: Protosynthesis\n|-start|p1b: Great Tusk|protosynthesisatk\n|turn|2\n|\n|t:|1683620064\n|-terastallize|p2b: Arcanine|Water\n|move|p2a: Klefki|Rain Dance|p2a: Klefki\n|-weather|RainDance\n|-end|p1b: Great Tusk|Protosynthesis\n|move|p2b: Arcanine|Tera Blast|p1b: Great Tusk\n|-supereffective|p1b: Great Tusk\n|-damage|p1b: Great Tusk|22\/100\n|move|p1b: Great Tusk|Headlong Rush|p2b: Arcanine\n|-damage|p2b: Arcanine|0 fnt\n|-unboost|p1b: Great Tusk|def|1\n|-unboost|p1b: Great Tusk|spd|1\n|faint|p2b: Arcanine\n|move|p1a: Torkoal|Heat Wave|p2a: Klefki|[miss]\n|-miss|p1a: Torkoal|p2a: Klefki\n|\n|-weather|RainDance|[upkeep]\n|upkeep\n|\n|t:|1683620078\n|switch|p2b: Iron Bundle|Iron Bundle, L50|100\/100\n|-enditem|p2b: Iron Bundle|Booster Energy\n|-activate|p2b: Iron Bundle|ability: Quark Drive|[fromitem]\n|-start|p2b: Iron Bundle|quarkdrivespa\n|turn|3\n|\n|t:|1683620125\n|move|p2a: Klefki|Light Screen|p2a: Klefki\n|-sidestart|p2: finiro|move: Light Screen\n|move|p2b: Iron Bundle|Icy Wind|p1a: Torkoal|[spread] p1a,p1b\n|-resisted|p1a: Torkoal\n|-supereffective|p1b: Great Tusk\n|-damage|p1a: Torkoal|80\/100\n|-damage|p1b: Great Tusk|0 fnt\n|faint|p1b: Great Tusk\n|-end|p1b: Great Tusk|Protosynthesis|[silent]\n|move|p1a: Torkoal|Eruption|p2a: Klefki|[spread] p2a,p2b\n|-supereffective|p2a: Klefki\n|-damage|p2a: Klefki|74\/100\n|-damage|p2b: Iron Bundle|77\/100\n|\n|-weather|RainDance|[upkeep]\n|upkeep\n|\n|t:|1683620136\n|switch|p1b: Dragonite|Dragonite, L50, F, shiny|100\/100\n|turn|4\n|\n|t:|1683620149\n|-terastallize|p1b: Dragonite|Normal\n|move|p1b: Dragonite|Extreme Speed|p2b: Iron Bundle\n|-damage|p2b: Iron Bundle|0 fnt\n|faint|p2b: Iron Bundle\n|-end|p2b: Iron Bundle|Quark Drive|[silent]\n|move|p2a: Klefki|Reflect|p2a: Klefki\n|-sidestart|p2: finiro|Reflect\n|move|p1a: Torkoal|Eruption|p2a: Klefki\n|-supereffective|p2a: Klefki\n|-damage|p2a: Klefki|40\/100\n|\n|-weather|RainDance|[upkeep]\n|upkeep\n|turn|5\n|c|\u2606finiro|ggws\n|c|\u2606ryanogiggs11|gg man\n|c| jayballester|Oofs\n|\n|t:|1683620168\n|move|p1b: Dragonite|Extreme Speed|p2a: Klefki\n|-resisted|p2a: Klefki\n|-damage|p2a: Klefki|16\/100\n|move|p2a: Klefki|Dazzling Gleam|p1b: Dragonite|[spread] p1a,p1b\n|-resisted|p1a: Torkoal\n|-damage|p1a: Torkoal|68\/100\n|-damage|p1b: Dragonite|85\/100\n|move|p1a: Torkoal|Eruption|p2a: Klefki\n|-supereffective|p2a: Klefki\n|-damage|p2a: Klefki|0 fnt\n|faint|p2a: Klefki\n|\n|win|ryanogiggs11\n|c| jayballester|This was a great set\n|c|\u2606ryanogiggs11|Jump on the channel\n","uploadtime":1683620342,"views":14,"p1id":"ryanogiggs11","p2id":"finiro","formatid":"gen9vgc2023regulationc","rating":0,"private":0,"password":""}