{"id":"gen9vgc2023regulationc-1857783652","p1":"bobbygoat72","p2":"seismattersCORNER","format":"[Gen 9] VGC 2023 Regulation C","log":"|j|\u2606bobbygoat72\n|j|\u2606seismattersCORNER\n|t:|1683231369\n|gametype|doubles\n|player|p1|bobbygoat72|scientist-gen4|1087\n|player|p2|seismattersCORNER|emmet|1098\n|teamsize|p1|6\n|teamsize|p2|6\n|gen|9\n|tier|[Gen 9] VGC 2023 Regulation C\n|rated|\n|rule|Species Clause: Limit one of each Pok\u00e9mon\n|rule|Item Clause: Limit one of each item\n|clearpoke\n|poke|p1|Wo-Chien, L50|\n|poke|p1|Glimmora, L50, M|\n|poke|p1|Slither Wing, L50|\n|poke|p1|Dragapult, L50, F|\n|poke|p1|Talonflame, L50, F|\n|poke|p1|Chien-Pao, L50|\n|poke|p2|Palafin, L50, F|\n|poke|p2|Arcanine, L50, M|\n|poke|p2|Amoonguss, L50, M|\n|poke|p2|Flutter Mane, L50|\n|poke|p2|Baxcalibur, L50, F|\n|poke|p2|Kingambit, L50, M|\n|teampreview|4\nseismattersCORNER has agreed to open team sheets.\n|inactive|Battle timer is ON: inactive players will automatically lose when time's up. (requested by seismattersCORNER)\n|inactive|seismattersCORNER has 60 seconds left.\n|\n|t:|1683231407\n|start\n|switch|p1a: Glimmora|Glimmora, L50, M|100\/100\n|switch|p1b: Talonflame|Talonflame, L50, F|100\/100\n|switch|p2a: Arcanine|Arcanine, L50, M|100\/100\n|switch|p2b: Kingambit|Kingambit, L50, M|100\/100\n|-ability|p2a: Arcanine|Intimidate|boost\n|-unboost|p1a: Glimmora|atk|1\n|-unboost|p1b: Talonflame|atk|1\n|turn|1\n|\n|t:|1683231427\n|-terastallize|p2b: Kingambit|Dark\n|move|p1b: Talonflame|Tailwind|p1b: Talonflame\n|-sidestart|p1: bobbygoat72|move: Tailwind\n|move|p1a: Glimmora|Power Gem|p2a: Arcanine\n|-supereffective|p2a: Arcanine\n|-damage|p2a: Arcanine|8\/100\n|move|p2a: Arcanine|Howl|p2a: Arcanine|[spread] p2a,p2b\n|-boost|p2a: Arcanine|atk|1\n|-boost|p2b: Kingambit|atk|1\n|move|p2b: Kingambit|Kowtow Cleave|p1b: Talonflame\n|-damage|p1b: Talonflame|0 fnt\n|faint|p1b: Talonflame\n|\n|upkeep\n|\n|t:|1683231441\n|switch|p1b: Dragapult|Dragapult, L50, F|100\/100\n|turn|2\n|\n|t:|1683231456\n|move|p2a: Arcanine|Extreme Speed|p1a: Glimmora\n|-resisted|p1a: Glimmora\n|-damage|p1a: Glimmora|77\/100\n|-activate|p1a: Glimmora|ability: Toxic Debris\n|-sidestart|p2: seismattersCORNER|move: Toxic Spikes\n|move|p2b: Kingambit|Sucker Punch|p1b: Dragapult\n|-supereffective|p1b: Dragapult\n|-crit|p1b: Dragapult\n|-damage|p1b: Dragapult|0 fnt\n|faint|p1b: Dragapult\n|move|p1a: Glimmora|Power Gem|p2a: Arcanine\n|-supereffective|p2a: Arcanine\n|-damage|p2a: Arcanine|0 fnt\n|faint|p2a: Arcanine\n|\n|upkeep\n|inactive|seismattersCORNER has 30 seconds left.\n|\n|t:|1683231483\n|switch|p1b: Chien-Pao|Chien-Pao, L50|100\/100\n|switch|p2a: Baxcalibur|Baxcalibur, L50, F|100\/100\n|-ability|p1b: Chien-Pao|Sword of Ruin\n|-status|p2a: Baxcalibur|psn\n|turn|3\n|\n|t:|1683231503\n|move|p2b: Kingambit|Sucker Punch|p1a: Glimmora\n|-damage|p1a: Glimmora|0 fnt\n|-activate|p1a: Glimmora|ability: Toxic Debris\n|-sidestart|p2: seismattersCORNER|move: Toxic Spikes\n|faint|p1a: Glimmora\n|move|p1b: Chien-Pao|Sacred Sword|p2b: Kingambit\n|-supereffective|p2b: Kingambit\n|-damage|p2b: Kingambit|36\/100\n|move|p2a: Baxcalibur|Glaive Rush|p1b: Chien-Pao\n|-enditem|p1b: Chien-Pao|Focus Sash\n|-damage|p1b: Chien-Pao|1\/100\n|-singlemove|p2a: Baxcalibur|Glaive Rush|[silent]\n|\n|-damage|p2a: Baxcalibur|88\/100 psn|[from] psn\n|upkeep\n|turn|4\n|\n|t:|1683231517\n|move|p1b: Chien-Pao|Protect|p1b: Chien-Pao\n|-singleturn|p1b: Chien-Pao|Protect\n|move|p2a: Baxcalibur|Ice Shard|p1b: Chien-Pao\n|-activate|p1b: Chien-Pao|move: Protect\n|move|p2b: Kingambit|Sucker Punch||[still]\n|-fail|p2b: Kingambit\n|\n|-damage|p2a: Baxcalibur|75\/100 psn|[from] psn\n|-sideend|p1: bobbygoat72|move: Tailwind\n|upkeep\n|turn|5\n|\n|t:|1683231536\n|-terastallize|p1b: Chien-Pao|Ghost\n|move|p2a: Baxcalibur|Ice Shard|p1b: Chien-Pao\n|-damage|p1b: Chien-Pao|0 fnt\n|faint|p1b: Chien-Pao\n|\n|win|seismattersCORNER\n|raw|bobbygoat72's rating: 1087 → 1065<\/strong> (-22 for losing)\n|raw|seismattersCORNER's rating: 1098 → 1122<\/strong> (+24 for winning)\n","uploadtime":1683231543,"views":6,"p1id":"bobbygoat72","p2id":"seismatterscorner","formatid":"gen9vgc2023regulationc","rating":1065,"private":0,"password":""}