{"id":"gen9vgc2023regulationc-1851245577","p1":"bpinela","p2":"Jjenkins","format":"[Gen 9] VGC 2023 Regulation C","log":"|j|\u2606bpinela\n|j|\u2606Jjenkins\n|t:|1682429050\n|gametype|doubles\n|player|p1|bpinela|169|\n|player|p2|Jjenkins|flannery|\n|teamsize|p1|6\n|teamsize|p2|6\n|gen|9\n|tier|[Gen 9] VGC 2023 Regulation C\n|rule|Species Clause: Limit one of each Pok\u00e9mon\n|rule|Item Clause: Limit one of each item\n|clearpoke\n|poke|p1|Annihilape, L50, M|\n|poke|p1|Maushold-Four, L50|\n|poke|p1|Azumarill, L50, F|\n|poke|p1|Flutter Mane, L50|\n|poke|p1|Chien-Pao, L50|\n|poke|p1|Dragonite, L50, F|\n|poke|p2|Lilligant, L50, F|\n|poke|p2|Torkoal, L50, F|\n|poke|p2|Flutter Mane, L50|\n|poke|p2|Kingambit, L50, F|\n|poke|p2|Dragonite, L50, F|\n|poke|p2|Great Tusk, L50|\n|teampreview|4\n|c|\u2606bpinela|g2\nbpinela has agreed to open team sheets.\nJjenkins has agreed to open team sheets.\n|\n|t:|1682429619\n|start\n|switch|p1a: Dragonite|Dragonite, L50, F|100\/100\n|switch|p1b: Maushold|Maushold-Four, L50|100\/100\n|switch|p2a: Dragonite|Dragonite, L50, F|100\/100\n|switch|p2b: Great Tusk|Great Tusk, L50, shiny|100\/100\n|turn|1\n|\n|t:|1682429642\n|-terastallize|p1a: Dragonite|Flying\n|move|p1b: Maushold|Protect|p1b: Maushold\n|-singleturn|p1b: Maushold|Protect\n|move|p2b: Great Tusk|Close Combat|p1b: Maushold\n|-activate|p1b: Maushold|move: Protect\n|move|p2a: Dragonite|Dragon Claw|p1a: Dragonite\n|-damage|p1a: Dragonite|80\/100\n|-damage|p2a: Dragonite|91\/100|[from] item: Life Orb\n|move|p1a: Dragonite|Tera Blast|p2b: Great Tusk\n|-supereffective|p2b: Great Tusk\n|-damage|p2b: Great Tusk|4\/100\n|\n|upkeep\n|turn|2\n|\n|t:|1682429673\n|-terastallize|p2a: Dragonite|Normal\n|move|p2a: Dragonite|Extreme Speed|p1a: Dragonite\n|-damage|p1a: Dragonite|40\/100\n|-damage|p2a: Dragonite|81\/100|[from] item: Life Orb\n|move|p1a: Dragonite|Extreme Speed|p2b: Great Tusk\n|-damage|p2b: Great Tusk|0 fnt\n|faint|p2b: Great Tusk\n|-end|p2b: Great Tusk|Protosynthesis|[silent]\n|move|p1b: Maushold|Super Fang|p2a: Dragonite\n|-damage|p2a: Dragonite|41\/100\n|\n|upkeep\n|\n|t:|1682429688\n|switch|p2b: Flutter Mane|Flutter Mane, L50, shiny|100\/100\n|turn|3\n|\n|t:|1682429713\n|move|p1b: Maushold|Protect|p1b: Maushold\n|-singleturn|p1b: Maushold|Protect\n|move|p2a: Dragonite|Extreme Speed|p1b: Maushold\n|-activate|p1b: Maushold|move: Protect\n|move|p1a: Dragonite|Extreme Speed|p2a: Dragonite\n|-damage|p2a: Dragonite|12\/100\n|move|p2b: Flutter Mane|Dazzling Gleam|p1a: Dragonite|[spread] p1a\n|-activate|p1b: Maushold|move: Protect\n|-damage|p1a: Dragonite|3\/100\n|\n|upkeep\n|turn|4\n|\n|t:|1682429741\n|move|p1b: Maushold|Protect||[still]\n|-fail|p1b: Maushold\n|move|p2a: Dragonite|Extreme Speed|p1b: Maushold\n|-damage|p1b: Maushold|38\/100\n|-damage|p2a: Dragonite|2\/100|[from] item: Life Orb\n|move|p1a: Dragonite|Extreme Speed|p2a: Dragonite\n|-damage|p2a: Dragonite|0 fnt\n|faint|p2a: Dragonite\n|move|p2b: Flutter Mane|Dazzling Gleam|p1a: Dragonite|[spread] p1a,p1b\n|-damage|p1a: Dragonite|0 fnt\n|-damage|p1b: Maushold|0 fnt\n|faint|p1a: Dragonite\n|faint|p1b: Maushold\n|\n|upkeep\n|\n|t:|1682429757\n|switch|p1b: Annihilape|Annihilape, L50, M|100\/100\n|switch|p2a: Kingambit|Kingambit, L50, F, shiny|100\/100\n|switch|p1a: Flutter Mane|Flutter Mane, L50|100\/100\n|-enditem|p1a: Flutter Mane|Booster Energy\n|-activate|p1a: Flutter Mane|ability: Protosynthesis|[fromitem]\n|-start|p1a: Flutter Mane|protosynthesisspe\n|turn|5\n|\n|t:|1682429787\n|move|p1a: Flutter Mane|Protect|p1a: Flutter Mane\n|-singleturn|p1a: Flutter Mane|Protect\n|move|p2b: Flutter Mane|Dazzling Gleam|p1b: Annihilape|[spread] p1b\n|-activate|p1a: Flutter Mane|move: Protect\n|-supereffective|p1b: Annihilape\n|-damage|p1b: Annihilape|22\/100\n|move|p1b: Annihilape|Drain Punch|p2a: Kingambit\n|-supereffective|p2a: Kingambit\n|-damage|p2a: Kingambit|0 fnt\n|-heal|p1b: Annihilape|70\/100|[from] drain|[of] p2a: Kingambit\n|faint|p2a: Kingambit\n|\n|-heal|p1b: Annihilape|76\/100|[from] item: Leftovers\n|upkeep\n|turn|6\n|\n|t:|1682429803\n|move|p1a: Flutter Mane|Shadow Ball|p2b: Flutter Mane\n|-supereffective|p2b: Flutter Mane\n|-damage|p2b: Flutter Mane|15\/100\n|move|p2b: Flutter Mane|Dazzling Gleam|p1a: Flutter Mane|[spread] p1a,p1b\n|-supereffective|p1b: Annihilape\n|-damage|p1a: Flutter Mane|41\/100\n|-damage|p1b: Annihilape|0 fnt\n|faint|p1b: Annihilape\n|\n|upkeep\n|turn|7\n|\n|t:|1682429813\n|move|p1a: Flutter Mane|Shadow Ball|p2b: Flutter Mane\n|-supereffective|p2b: Flutter Mane\n|-damage|p2b: Flutter Mane|0 fnt\n|faint|p2b: Flutter Mane\n|-end|p2b: Flutter Mane|Protosynthesis|[silent]\n|\n|win|bpinela\n|c|\u2606bpinela|gg\n|l|\u2606Jjenkins\n","uploadtime":1682429822,"views":14,"p1id":"bpinela","p2id":"jjenkins","formatid":"gen9vgc2023regulationc","rating":0,"private":0,"password":""}