{"id":"gen9vgc2023regulationc-1858488602","p1":"LeadTheRise","p2":"qwillava","format":"[Gen 9] VGC 2023 Regulation C","log":"|j|\u2606LeadTheRise\n|j|\u2606qwillava\n|t:|1683317321\n|gametype|doubles\n|player|p1|LeadTheRise|170|1112\n|player|p2|qwillava|crasherwake|1224\n|teamsize|p1|6\n|teamsize|p2|6\n|gen|9\n|tier|[Gen 9] VGC 2023 Regulation C\n|rated|\n|rule|Species Clause: Limit one of each Pok\u00e9mon\n|rule|Item Clause: Limit one of each item\n|clearpoke\n|poke|p1|Amoonguss, L50, F|\n|poke|p1|Ting-Lu, L50|\n|poke|p1|Palafin, L50, F|\n|poke|p1|Chien-Pao, L50|\n|poke|p1|Flutter Mane, L50|\n|poke|p1|Chi-Yu, L50|\n|poke|p2|Gothitelle, L50, F|\n|poke|p2|Wo-Chien, L50|\n|poke|p2|Garganacl, L50, F|\n|poke|p2|Tyranitar, L50, F|\n|poke|p2|Gastrodon, L50, M|\n|poke|p2|Lycanroc, L50, M|\n|teampreview|4\n|inactive|Battle timer is ON: inactive players will automatically lose when time's up. (requested by LeadTheRise)\n|\n|t:|1683317348\n|start\n|switch|p1a: Palafin|Palafin, L50, F|100\/100\n|switch|p1b: Ting-Lu|Ting-Lu, L50|100\/100\n|switch|p2a: Tyranitar|Tyranitar, L50, F|100\/100\n|switch|p2b: Lycanroc|Lycanroc, L50, M|100\/100\n|-weather|Sandstorm|[from] ability: Sand Stream|[of] p2a: Tyranitar\n|-ability|p1b: Ting-Lu|Vessel of Ruin\n|turn|1\n|inactive|qwillava has 30 seconds left.\n|\n|t:|1683317377\n|switch|p2a: Gastrodon|Gastrodon, L50, M|100\/100\n|-terastallize|p1a: Palafin|Water\n|move|p1a: Palafin|Jet Punch|p2a: Gastrodon\n|-activate|p2a: Gastrodon|ability: Storm Drain\n|-ability|p2a: Gastrodon|Storm Drain|boost\n|-boost|p2a: Gastrodon|spa|1\n|move|p2b: Lycanroc|Rock Slide|p1b: Ting-Lu|[spread] p1a,p1b\n|-resisted|p1b: Ting-Lu\n|-damage|p1a: Palafin|71\/100\n|-damage|p1b: Ting-Lu|94\/100\n|cant|p1b: Ting-Lu|flinch\n|\n|-weather|Sandstorm|[upkeep]\n|-damage|p1a: Palafin|65\/100|[from] Sandstorm\n|upkeep\n|turn|2\n|\n|t:|1683317394\n|detailschange|p1a: Palafin|Palafin-Hero, L50, F, tera:Water\n|switch|p1a: Amoonguss|Amoonguss, L50, F|100\/100\n|move|p2b: Lycanroc|Rock Slide|p1b: Ting-Lu|[spread] p1a,p1b\n|-resisted|p1b: Ting-Lu\n|-damage|p1a: Amoonguss|77\/100\n|-damage|p1b: Ting-Lu|87\/100\n|move|p1b: Ting-Lu|Fissure|p2a: Gastrodon|[miss]\n|-miss|p1b: Ting-Lu|p2a: Gastrodon\n|move|p2a: Gastrodon|Yawn|p1b: Ting-Lu\n|-start|p1b: Ting-Lu|move: Yawn|[of] p2a: Gastrodon\n|\n|-weather|Sandstorm|[upkeep]\n|-damage|p1a: Amoonguss|72\/100|[from] Sandstorm\n|upkeep\n|turn|3\n|\n|t:|1683317412\n|move|p2b: Lycanroc|Protect|p2b: Lycanroc\n|-singleturn|p2b: Lycanroc|Protect\n|move|p1b: Ting-Lu|Stomping Tantrum|p2a: Gastrodon\n|-damage|p2a: Gastrodon|41\/100\n|move|p2a: Gastrodon|Yawn|p1a: Amoonguss\n|-start|p1a: Amoonguss|move: Yawn|[of] p2a: Gastrodon\n|move|p1a: Amoonguss|Spore|p2a: Gastrodon\n|-activate|p2a: Gastrodon|item: Safety Goggles|Spore\n|\n|-weather|Sandstorm|[upkeep]\n|-damage|p1a: Amoonguss|66\/100|[from] Sandstorm\n|-end|p1b: Ting-Lu|move: Yawn|[silent]\n|-status|p1b: Ting-Lu|slp\n|upkeep\n|turn|4\n|inactive|LeadTheRise has 30 seconds left.\n|inactive|LeadTheRise has 20 seconds left.\n|inactive|LeadTheRise has 15 seconds left.\n|inactive|LeadTheRise has 10 seconds left.\n|inactive|LeadTheRise has 5 seconds left.\n|\n|t:|1683317466\n|switch|p2b: Wo-Chien|Wo-Chien, L50|100\/100\n|-ability|p2b: Wo-Chien|Tablets of Ruin\n|cant|p1b: Ting-Lu|slp\n|move|p2a: Gastrodon|Recover|p2a: Gastrodon\n|-heal|p2a: Gastrodon|91\/100\n|move|p1a: Amoonguss|Pollen Puff|p1b: Ting-Lu\n|-heal|p1b: Ting-Lu|100\/100 slp\n|\n|-weather|Sandstorm|[upkeep]\n|-damage|p2b: Wo-Chien|95\/100|[from] Sandstorm\n|-damage|p1a: Amoonguss|60\/100|[from] Sandstorm\n|-end|p1a: Amoonguss|move: Yawn|[silent]\n|-status|p1a: Amoonguss|slp\n|upkeep\n|turn|5\n|inactive|LeadTheRise has 30 seconds left.\n|inactive|LeadTheRise has 20 seconds left.\n|inactive|qwillava has 30 seconds left.\n|inactive|LeadTheRise has 15 seconds left.\n|\n|t:|1683317509\n|switch|p1a: Chien-Pao|Chien-Pao, L50|100\/100\n|-ability|p1a: Chien-Pao|Sword of Ruin\n|move|p2b: Wo-Chien|Pollen Puff|p1a: Chien-Pao\n|-supereffective|p1a: Chien-Pao\n|-damage|p1a: Chien-Pao|51\/100\n|cant|p1b: Ting-Lu|slp\n|move|p2a: Gastrodon|Earth Power|p1a: Chien-Pao\n|-damage|p1a: Chien-Pao|1\/100\n|-unboost|p1a: Chien-Pao|spd|1\n|\n|-weather|none\n|upkeep\n|turn|6\n|inactive|LeadTheRise has 30 seconds left.\n|inactive|qwillava has 30 seconds left.\n|inactive|LeadTheRise has 20 seconds left.\n|\n|t:|1683317547\n|switch|p2a: Tyranitar|Tyranitar, L50, F|100\/100\n|-weather|Sandstorm|[from] ability: Sand Stream|[of] p2a: Tyranitar\n|-terastallize|p2b: Wo-Chien|Water\n|move|p1a: Chien-Pao|Ice Spinner|p2a: Tyranitar\n|-damage|p2a: Tyranitar|70\/100\n|move|p2b: Wo-Chien|Leech Seed|p1b: Ting-Lu\n|-start|p1b: Ting-Lu|move: Leech Seed\n|cant|p1b: Ting-Lu|slp\n|\n|-weather|Sandstorm|[upkeep]\n|-damage|p1a: Chien-Pao|0 fnt|[from] Sandstorm\n|-damage|p2b: Wo-Chien|89\/100|[from] Sandstorm\n|faint|p1a: Chien-Pao\n|-damage|p1b: Ting-Lu|88\/100 slp|[from] Leech Seed|[of] p2b: Wo-Chien\n|-heal|p2b: Wo-Chien|100\/100|[silent]\n|upkeep\n|\n|t:|1683317569\n|switch|p1a: Palafin|Palafin-Hero, L50, F, tera:Water|65\/100\n|-activate|p1a: Palafin|ability: Zero to Hero\n|turn|7\n|inactive|qwillava has 30 seconds left.\n|inactive|qwillava has 20 seconds left.\n|inactive|qwillava has 15 seconds left.\n|\n|t:|1683317611\n|switch|p1b: Amoonguss|Amoonguss, L50, F|93\/100 slp\n|move|p1a: Palafin|Jet Punch|p2a: Tyranitar\n|-supereffective|p2a: Tyranitar\n|-damage|p2a: Tyranitar|0 fnt\n|faint|p2a: Tyranitar\n|move|p2b: Wo-Chien|Giga Drain|p1a: Palafin\n|-supereffective|p1a: Palafin\n|-crit|p1a: Palafin\n|-damage|p1a: Palafin|0 fnt\n|faint|p1a: Palafin\n|\n|-weather|Sandstorm|[upkeep]\n|-damage|p2b: Wo-Chien|95\/100|[from] Sandstorm\n|-damage|p1b: Amoonguss|87\/100 slp|[from] Sandstorm\n|upkeep\n|\n|t:|1683317630\n|switch|p1a: Ting-Lu|Ting-Lu, L50|88\/100 slp\n|switch|p2a: Lycanroc|Lycanroc, L50, M|100\/100\n|-ability|p1a: Ting-Lu|Vessel of Ruin\n|turn|8\n|\n|t:|1683317646\n|move|p2a: Lycanroc|Rock Slide|p1a: Ting-Lu|[spread] p1a,p1b\n|-resisted|p1a: Ting-Lu\n|-damage|p1a: Ting-Lu|83\/100 slp\n|-damage|p1b: Amoonguss|68\/100 slp\n|move|p2b: Wo-Chien|Leech Seed|p1a: Ting-Lu\n|-start|p1a: Ting-Lu|move: Leech Seed\n|-curestatus|p1a: Ting-Lu|slp|[msg]\n|move|p1a: Ting-Lu|Fissure|p2b: Wo-Chien|[miss]\n|-miss|p1a: Ting-Lu|p2b: Wo-Chien\n|cant|p1b: Amoonguss|slp\n|\n|-weather|Sandstorm|[upkeep]\n|-damage|p2b: Wo-Chien|89\/100|[from] Sandstorm\n|-damage|p1b: Amoonguss|62\/100 slp|[from] Sandstorm\n|-damage|p1a: Ting-Lu|71\/100|[from] Leech Seed|[of] p2b: Wo-Chien\n|-heal|p2b: Wo-Chien|100\/100|[silent]\n|upkeep\n|turn|9\n|inactive|LeadTheRise has 30 seconds left.\n|inactive|qwillava has 30 seconds left.\n|\n|t:|1683317679\n|switch|p2b: Gastrodon|Gastrodon, L50, M|91\/100\n|move|p2a: Lycanroc|Rock Slide|p1b: Amoonguss|[spread] p1a,p1b\n|-resisted|p1a: Ting-Lu\n|-damage|p1a: Ting-Lu|64\/100\n|-damage|p1b: Amoonguss|39\/100 slp\n|-enditem|p1b: Amoonguss|Sitrus Berry|[eat]\n|-heal|p1b: Amoonguss|63\/100 slp|[from] item: Sitrus Berry\n|cant|p1a: Ting-Lu|flinch\n|-curestatus|p1b: Amoonguss|slp|[msg]\n|move|p1b: Amoonguss|Spore|p2b: Gastrodon\n|-activate|p2b: Gastrodon|item: Safety Goggles|Spore\n|\n|-weather|Sandstorm|[upkeep]\n|-damage|p1b: Amoonguss|58\/100|[from] Sandstorm\n|-damage|p1a: Ting-Lu|52\/100|[from] Leech Seed|[of] p2b: Gastrodon\n|-heal|p2b: Gastrodon|100\/100|[silent]\n|upkeep\n|turn|10\n|inactive|LeadTheRise has 30 seconds left.\n|\n|t:|1683317707\n|move|p2a: Lycanroc|Rock Slide|p1a: Ting-Lu|[spread] p1a,p1b\n|-resisted|p1a: Ting-Lu\n|-damage|p1a: Ting-Lu|44\/100\n|-damage|p1b: Amoonguss|34\/100\n|cant|p1a: Ting-Lu|flinch\n|move|p2b: Gastrodon|Yawn|p1b: Amoonguss\n|-start|p1b: Amoonguss|move: Yawn|[of] p2b: Gastrodon\n|move|p1b: Amoonguss|Spore|p2a: Lycanroc\n|-status|p2a: Lycanroc|slp|[from] move: Spore\n|\n|-weather|none\n|-damage|p1a: Ting-Lu|32\/100|[from] Leech Seed|[of] p2b: Gastrodon\n|upkeep\n|turn|11\n|\n|t:|1683317726\n|move|p2b: Gastrodon|Protect|p2b: Gastrodon\n|-singleturn|p2b: Gastrodon|Protect\n|cant|p2a: Lycanroc|slp\n|move|p1a: Ting-Lu|Fissure|p2b: Gastrodon\n|-activate|p2b: Gastrodon|move: Protect\n|move|p1b: Amoonguss|Pollen Puff|p1a: Ting-Lu\n|-heal|p1a: Ting-Lu|82\/100\n|\n|-damage|p1a: Ting-Lu|70\/100|[from] Leech Seed|[of] p2b: Gastrodon\n|-end|p1b: Amoonguss|move: Yawn|[silent]\n|-status|p1b: Amoonguss|slp\n|upkeep\n|turn|12\n|\n|t:|1683317744\n|cant|p1b: Amoonguss|slp\n|cant|p2a: Lycanroc|slp\n|move|p1a: Ting-Lu|Fissure|p2b: Gastrodon|[miss]\n|-miss|p1a: Ting-Lu|p2b: Gastrodon\n|move|p2b: Gastrodon|Earth Power|p1b: Amoonguss\n|-damage|p1b: Amoonguss|15\/100 slp\n|\n|-damage|p1a: Ting-Lu|57\/100|[from] Leech Seed|[of] p2b: Gastrodon\n|upkeep\n|turn|13\n|\n|t:|1683317759\n|move|p2b: Gastrodon|Protect|p2b: Gastrodon\n|-singleturn|p2b: Gastrodon|Protect\n|cant|p1b: Amoonguss|slp\n|cant|p2a: Lycanroc|slp\n|move|p1a: Ting-Lu|Fissure|p2b: Gastrodon\n|-activate|p2b: Gastrodon|move: Protect\n|\n|-damage|p1a: Ting-Lu|45\/100|[from] Leech Seed|[of] p2b: Gastrodon\n|upkeep\n|turn|14\n|\n|t:|1683317777\n|-curestatus|p2a: Lycanroc|slp|[msg]\n|move|p2a: Lycanroc|Accelerock|p1b: Amoonguss\n|-damage|p1b: Amoonguss|0 fnt\n|faint|p1b: Amoonguss\n|move|p1a: Ting-Lu|Fissure|p2b: Gastrodon|[miss]\n|-miss|p1a: Ting-Lu|p2b: Gastrodon\n|move|p2b: Gastrodon|Earth Power|p1a: Ting-Lu\n|-damage|p1a: Ting-Lu|36\/100\n|\n|-damage|p1a: Ting-Lu|23\/100|[from] Leech Seed|[of] p2b: Gastrodon\n|upkeep\n|turn|15\n|-message|LeadTheRise forfeited.\n|\n|win|qwillava\n|raw|LeadTheRise's rating: 1112 → 1095<\/strong> (-17 for losing)\n|raw|qwillava's rating: 1224 → 1241<\/strong> (+17 for winning)\n|l|\u2606LeadTheRise\n","uploadtime":1683317793,"views":7,"p1id":"leadtherise","p2id":"qwillava","formatid":"gen9vgc2023regulationc","rating":1095,"private":0,"password":""}