{"id":"gen9vgc2023regulationc-1857735864","p1":"worstiee","p2":"Lutrinae Arctis","format":"[Gen 9] VGC 2023 Regulation C","log":"|j|\u2606worstiee\n|j|\u2606Lutrinae Arctis\n|t:|1683226867\n|gametype|doubles\n|player|p1|worstiee|102|1121\n|player|p2|Lutrinae Arctis|dawn-gen4pt|1085\n|teamsize|p1|6\n|teamsize|p2|6\n|gen|9\n|tier|[Gen 9] VGC 2023 Regulation C\n|rated|\n|rule|Species Clause: Limit one of each Pok\u00e9mon\n|rule|Item Clause: Limit one of each item\n|clearpoke\n|poke|p1|Quaquaval, L50, M|\n|poke|p1|Pelipper, L50, M|\n|poke|p1|Azumarill, L50, M|\n|poke|p1|Toxicroak, L50, M|\n|poke|p1|Goodra, L50, F|\n|poke|p1|Kingambit, L50, M|\n|poke|p2|Flutter Mane, L50|\n|poke|p2|Jumpluff, L50, F|\n|poke|p2|Wo-Chien, L50|\n|poke|p2|Torkoal, L50, M|\n|poke|p2|Roaring Moon, L50|\n|poke|p2|Chi-Yu, L50|\n|teampreview|4\n|inactive|Battle timer is ON: inactive players will automatically lose when time's up. (requested by worstiee)\nLutrinae Arctis has agreed to open team sheets.\nworstiee has agreed to open team sheets.\n|\n|t:|1683226890\n|start\n|switch|p1a: Goodra|Goodra, L50, F|100\/100\n|switch|p1b: Toxicroak|Toxicroak, L50, M|100\/100\n|switch|p2a: Flutter Mane|Flutter Mane, L50|100\/100\n|switch|p2b: Wo-Chien|Wo-Chien, L50|100\/100\n|-ability|p2b: Wo-Chien|Tablets of Ruin\n|turn|1\n|inactive|worstiee has 30 seconds left.\n|inactive|worstiee has 20 seconds left.\n|\n|t:|1683226929\n|move|p1b: Toxicroak|Poison Jab|p2b: Wo-Chien\n|-supereffective|p2b: Wo-Chien\n|-damage|p2b: Wo-Chien|28\/100\n|move|p1a: Goodra|Surf|p2b: Wo-Chien|[spread] p2a,p2b\n|-immune|p1b: Toxicroak|[from] ability: Dry Skin\n|-resisted|p2b: Wo-Chien\n|-damage|p2a: Flutter Mane|70\/100\n|-damage|p2b: Wo-Chien|17\/100\n|move|p2b: Wo-Chien|Leaf Storm|p1a: Goodra\n|-resisted|p1a: Goodra\n|-damage|p1a: Goodra|77\/100\n|-unboost|p2b: Wo-Chien|spa|2\n|-enditem|p2b: Wo-Chien|Eject Pack\n|\n|t:|1683226940\n|switch|p2b: Torkoal|Torkoal, L50, M|100\/100\n|-weather|SunnyDay|[from] ability: Drought|[of] p2b: Torkoal\n|-activate|p2a: Flutter Mane|ability: Protosynthesis\n|-start|p2a: Flutter Mane|protosynthesisspa\n|move|p2a: Flutter Mane|Trick Room|p2a: Flutter Mane\n|-fieldstart|move: Trick Room|[of] p2a: Flutter Mane\n|\n|-weather|SunnyDay|[upkeep]\n|-damage|p1b: Toxicroak|89\/100|[from] ability: Dry Skin|[of] p1b: Toxicroak\n|upkeep\n|turn|2\n|\n|t:|1683226951\n|switch|p1b: Pelipper|Pelipper, L50, M|100\/100\n|-weather|RainDance|[from] ability: Drizzle|[of] p1b: Pelipper\n|-end|p2a: Flutter Mane|Protosynthesis\n|move|p2b: Torkoal|Eruption|p1b: Pelipper|[spread] p1a,p1b\n|-resisted|p1a: Goodra\n|-resisted|p1b: Pelipper\n|-damage|p1a: Goodra|63\/100\n|-damage|p1b: Pelipper|80\/100\n|move|p2a: Flutter Mane|Moonblast|p1a: Goodra\n|-supereffective|p1a: Goodra\n|-damage|p1a: Goodra|0 fnt\n|faint|p1a: Goodra\n|\n|-weather|RainDance|[upkeep]\n|upkeep\n|\n|t:|1683226964\n|switch|p1a: Toxicroak|Toxicroak, L50, M|89\/100\n|turn|3\n|\n|t:|1683226974\n|switch|p2b: Wo-Chien|Wo-Chien, L50|17\/100\n|-ability|p2b: Wo-Chien|Tablets of Ruin\n|-terastallize|p1a: Toxicroak|Rock\n|move|p1b: Pelipper|Helping Hand|p1a: Toxicroak\n|-singleturn|p1a: Toxicroak|Helping Hand|[of] p1b: Pelipper\n|move|p2a: Flutter Mane|Moonblast|p1b: Pelipper\n|-damage|p1b: Pelipper|29\/100\n|-enditem|p1b: Pelipper|Sitrus Berry|[eat]\n|-heal|p1b: Pelipper|53\/100|[from] item: Sitrus Berry\n|move|p1a: Toxicroak|Rock Slide|p2a: Flutter Mane|[spread] p2a,p2b\n|-damage|p2a: Flutter Mane|20\/100\n|-damage|p2b: Wo-Chien|0 fnt\n|faint|p2b: Wo-Chien\n|\n|-weather|RainDance|[upkeep]\n|-heal|p1a: Toxicroak|100\/100|[from] ability: Dry Skin\n|upkeep\n|\n|t:|1683226986\n|switch|p2b: Torkoal|Torkoal, L50, M|100\/100\n|-weather|SunnyDay|[from] ability: Drought|[of] p2b: Torkoal\n|-activate|p2a: Flutter Mane|ability: Protosynthesis\n|-start|p2a: Flutter Mane|protosynthesisspa\n|turn|4\n|\n|t:|1683226999\n|switch|p1b: Kingambit|Kingambit, L50, M|100\/100\n|-terastallize|p2b: Torkoal|Fire\n|move|p2b: Torkoal|Eruption|p1b: Kingambit|[spread] p1a,p1b\n|-resisted|p1a: Toxicroak\n|-supereffective|p1b: Kingambit\n|-crit|p1b: Kingambit\n|-damage|p1a: Toxicroak|0 fnt\n|-damage|p1b: Kingambit|0 fnt\n|faint|p1a: Toxicroak\n|faint|p1b: Kingambit\n|move|p2a: Flutter Mane|Moonblast|p1: Toxicroak|[notarget]\n|-fail|p2a: Flutter Mane\n|\n|-weather|SunnyDay|[upkeep]\n|upkeep\n|\n|t:|1683227013\n|switch|p1a: Pelipper|Pelipper, L50, M|53\/100\n|-weather|RainDance|[from] ability: Drizzle|[of] p1a: Pelipper\n|-end|p2a: Flutter Mane|Protosynthesis\n|turn|5\n|\n|t:|1683227019\n|switch|p2b: Chi-Yu|Chi-Yu, L50|100\/100\n|-ability|p2b: Chi-Yu|Beads of Ruin\n|move|p2a: Flutter Mane|Moonblast|p1a: Pelipper\n|-damage|p1a: Pelipper|0 fnt\n|faint|p1a: Pelipper\n|\n|win|Lutrinae Arctis\n|raw|worstiee's rating: 1121 → 1093<\/strong> (-28 for losing)\n|raw|Lutrinae Arctis's rating: 1085 → 1115<\/strong> (+30 for winning)\n","uploadtime":1683227029,"views":11,"p1id":"worstiee","p2id":"lutrinaearctis","formatid":"gen9vgc2023regulationc","rating":1093,"private":0,"password":""}