{"id":"gen9vgc2023regulationc-1860603742","p1":"tantomisso","p2":"w0wells","format":"[Gen 9] VGC 2023 Regulation C","log":"|j|\u2606tantomisso\n|j|\u2606w0wells\n|t:|1683658227\n|gametype|doubles\n|player|p1|tantomisso|bellelba|\n|player|p2|w0wells|cyclist|\n|teamsize|p1|6\n|teamsize|p2|6\n|gen|9\n|tier|[Gen 9] VGC 2023 Regulation C\n|rated|Tournament battle\n|rule|Species Clause: Limit one of each Pok\u00e9mon\n|rule|Item Clause: Limit one of each item\n|clearpoke\n|poke|p1|Iron Hands, L50|\n|poke|p1|Ting-Lu, L50|\n|poke|p1|Amoonguss, L50, M|\n|poke|p1|Gyarados, L50, M|\n|poke|p1|Iron Bundle, L50|\n|poke|p1|Flutter Mane, L50|\n|poke|p2|Chi-Yu, L50|\n|poke|p2|Gastrodon-East, L50, F|\n|poke|p2|Amoonguss, L50, F|\n|poke|p2|Mimikyu, L50, F|\n|poke|p2|Grimmsnarl, L50, M|\n|poke|p2|Corviknight, L50, F|\n|teampreview|4\n|raw| Open Team Sheet for tantomisso<\/summary>Morandi (Iron Hands) @ Safety Goggles Ability: Quark Drive Level: 50 Tera Type: Fire - Fake Out - Swords Dance - Drain Punch - Wild Charge Ting-pao (Ting-Lu) @ Assault Vest Ability: Vessel of Ruin Level: 50 Tera Type: Water - Stomping Tantrum - Ruination - Rock Slide - Heavy Slam Hutsassa (Amoonguss) (M) @ Sitrus Berry Ability: Regenerator Level: 50 Tera Type: Water - Spore - Pollen Puff - Rage Powder - Clear Smog Gyaratres (Gyarados) @ Aguav Berry Ability: Intimidate Level: 50 Shiny: Yes Tera Type: Fairy - Waterfall - Thunder Wave - Taunt - Protect IronPalle (Iron Bundle) @ Booster Energy Ability: Quark Drive Level: 50 Tera Type: Ghost - Freeze-Dry - Icy Wind - Encore - Protect FlutterPalle (Flutter Mane) @ Choice Specs Ability: Protosynthesis Level: 50 Tera Type: Fairy - Moonblast - Shadow Ball - Dazzling Gleam - Power Gem <\/details><\/div> Open Team Sheet for w0wells<\/summary>Chi-Yu @ Focus Sash Ability: Beads of Ruin Level: 50 Tera Type: Grass - Dark Pulse - Heat Wave - Tera Blast - Protect Gastrodon (Gastrodon-East) @ Covert Cloak Ability: Storm Drain Level: 50 Tera Type: Fire - Earth Power - Muddy Water - Ice Beam - Recover Amoonguss @ Rocky Helmet Ability: Regenerator Level: 50 Tera Type: Fire - Pollen Puff - Spore - Rage Powder - Protect Mimikyu @ Life Orb Ability: Disguise Level: 50 Tera Type: Normal - Play Rough - Shadow Sneak - Curse - Trick Room Grimmsnarl (M) @ Light Clay Ability: Prankster Level: 50 Tera Type: Steel - Spirit Break - Fake Out - Light Screen - Reflect Corviknight @ Safety Goggles Ability: Mirror Armor Level: 50 Tera Type: Dragon - Brave Bird - Taunt - Roost - Tailwind <\/details><\/div>\n|inactive|Battle timer is ON: inactive players will automatically lose when time's up. (requested by tantomisso)\n|j| Radio Free C-Side\n|j| NeuroticTC\n|inactive|tantomisso has 60 seconds left.\n|inactive|w0wells has 60 seconds left.\n|j|+Robbie35646\n|l|+Robbie35646\n|inactive|tantomisso has 30 seconds left.\n|inactive|tantomisso has 20 seconds left.\n|inactive|tantomisso has 15 seconds left.\n|inactive|tantomisso has 10 seconds left.\n|\n|t:|1683658311\n|start\n|switch|p1a: IronPalle|Iron Bundle, L50|100\/100\n|switch|p1b: FlutterPalle|Flutter Mane, L50|100\/100\n|switch|p2a: Mimikyu|Mimikyu, L50, F|100\/100\n|switch|p2b: Grimmsnarl|Grimmsnarl, L50, M|100\/100\n|-enditem|p1a: IronPalle|Booster Energy\n|-activate|p1a: IronPalle|ability: Quark Drive|[fromitem]\n|-start|p1a: IronPalle|quarkdrivespe\n|turn|1\n|inactive|tantomisso has 30 seconds left.\n|inactive|tantomisso has 20 seconds left.\n|inactive|tantomisso has 15 seconds left.\n|\n|t:|1683658354\n|-end|p1b: FlutterPalle|Protosynthesis|[silent]\n|switch|p1b: Ting-pao|Ting-Lu, L50|100\/100\n|-ability|p1b: Ting-pao|Vessel of Ruin\n|move|p1a: IronPalle|Protect|p1a: IronPalle\n|-singleturn|p1a: IronPalle|Protect\n|move|p2b: Grimmsnarl|Fake Out|p1a: IronPalle\n|-activate|p1a: IronPalle|move: Protect\n|move|p2a: Mimikyu|Shadow Sneak|p1b: Ting-pao\n|-resisted|p1b: Ting-pao\n|-damage|p1b: Ting-pao|93\/100\n|-damage|p2a: Mimikyu|91\/100|[from] item: Life Orb\n|\n|upkeep\n|turn|2\n|\n|t:|1683658376\n|move|p2b: Grimmsnarl|Reflect|p2b: Grimmsnarl\n|-sidestart|p2: w0wells|Reflect\n|move|p1a: IronPalle|Encore|p2a: Mimikyu\n|-start|p2a: Mimikyu|Encore\n|move|p2a: Mimikyu|Shadow Sneak|p1a: IronPalle\n|-damage|p1a: IronPalle|73\/100\n|-damage|p2a: Mimikyu|82\/100|[from] item: Life Orb\n|move|p1b: Ting-pao|Rock Slide|p2a: Mimikyu|[spread] p2a,p2b\n|-activate|p2a: Mimikyu|ability: Disguise\n|-damage|p2a: Mimikyu|82\/100\n|-damage|p2b: Grimmsnarl|88\/100\n|detailschange|p2a: Mimikyu|Mimikyu-Busted, L50, F\n|-damage|p2a: Mimikyu|70\/100|[from] pokemon: Mimikyu-Busted\n|\n|upkeep\n|turn|3\n|j| iagovc\n|\n|t:|1683658400\n|switch|p2a: Gastrodon|Gastrodon-East, L50, F|100\/100\n|move|p2b: Grimmsnarl|Light Screen|p2b: Grimmsnarl\n|-sidestart|p2: w0wells|move: Light Screen\n|move|p1a: IronPalle|Encore|p2b: Grimmsnarl\n|-start|p2b: Grimmsnarl|Encore\n|move|p1b: Ting-pao|Ruination|p2a: Gastrodon\n|-damage|p2a: Gastrodon|50\/100\n|\n|upkeep\n|turn|4\n|inactive|tantomisso has 30 seconds left.\n|c| iagovc|drimbly\n|\n|t:|1683658433\n|switch|p2b: Mimikyu|Mimikyu-Busted, L50, F|70\/100\n|-terastallize|p2a: Gastrodon|Fire\n|move|p1a: IronPalle|Freeze-Dry|p2b: Mimikyu\n|-damage|p2b: Mimikyu|51\/100\n|move|p1b: Ting-pao|Stomping Tantrum|p2a: Gastrodon\n|-supereffective|p2a: Gastrodon\n|-damage|p2a: Gastrodon|3\/100\n|move|p2a: Gastrodon|Recover|p2a: Gastrodon\n|-heal|p2a: Gastrodon|53\/100\n|\n|upkeep\n|turn|5\n|inactive|tantomisso has 30 seconds left.\n|inactive|w0wells has 30 seconds left.\n|j| Kratas\n|inactive|w0wells has 20 seconds left.\n|inactive|w0wells has 15 seconds left.\n|\n|t:|1683658480\n|switch|p2b: Chi-Yu|Chi-Yu, L50|100\/100\n|-ability|p2b: Chi-Yu|Beads of Ruin\n|move|p1a: IronPalle|Freeze-Dry|p2a: Gastrodon\n|-resisted|p2a: Gastrodon\n|-damage|p2a: Gastrodon|41\/100\n|move|p1b: Ting-pao|Stomping Tantrum|p2a: Gastrodon\n|-supereffective|p2a: Gastrodon\n|-damage|p2a: Gastrodon|0 fnt\n|faint|p2a: Gastrodon\n|\n|upkeep\n|\n|t:|1683658491\n|switch|p2a: Grimmsnarl|Grimmsnarl, L50, M|88\/100\n|turn|6\n|\n|t:|1683658515\n|move|p1a: IronPalle|Protect|p1a: IronPalle\n|-singleturn|p1a: IronPalle|Protect\n|move|p2a: Grimmsnarl|Fake Out|p1b: Ting-pao\n|-damage|p1b: Ting-pao|87\/100\n|move|p2b: Chi-Yu|Heat Wave|p1b: Ting-pao|[spread] p1b\n|-activate|p1a: IronPalle|move: Protect\n|-damage|p1b: Ting-pao|67\/100\n|cant|p1b: Ting-pao|flinch\n|\n|upkeep\n|turn|7\n|inactive|w0wells has 30 seconds left.\n|inactive|w0wells has 20 seconds left.\n|inactive|w0wells has 15 seconds left.\n|\n|t:|1683658559\n|switch|p2a: Mimikyu|Mimikyu-Busted, L50, F|51\/100\n|move|p2b: Chi-Yu|Protect|p2b: Chi-Yu\n|-singleturn|p2b: Chi-Yu|Protect\n|move|p1a: IronPalle|Encore|p2b: Chi-Yu\n|-activate|p2b: Chi-Yu|move: Protect\n|move|p1b: Ting-pao|Stomping Tantrum|p2a: Mimikyu\n|-damage|p2a: Mimikyu|0 fnt\n|faint|p2a: Mimikyu\n|\n|upkeep\n|\n|t:|1683658567\n|switch|p2a: Grimmsnarl|Grimmsnarl, L50, M|88\/100\n|turn|8\n|\n|t:|1683658581\n|-terastallize|p1a: IronPalle|Ghost\n|move|p2a: Grimmsnarl|Fake Out|p1b: Ting-pao\n|-damage|p1b: Ting-pao|60\/100\n|move|p1a: IronPalle|Encore|p2b: Chi-Yu\n|-start|p2b: Chi-Yu|Encore\n|move|p2b: Chi-Yu|Protect|p2b: Chi-Yu\n|-singleturn|p2b: Chi-Yu|Protect\n|cant|p1b: Ting-pao|flinch\n|\n|upkeep\n|turn|9\n|\n|t:|1683658602\n|move|p2b: Chi-Yu|Protect||[still]\n|-fail|p2b: Chi-Yu\n|move|p1a: IronPalle|Encore|p2a: Grimmsnarl\n|-start|p2a: Grimmsnarl|Encore\n|move|p2a: Grimmsnarl|Fake Out||[still]\n|-hint|Fake Out only works on your first turn out.\n|-fail|p2a: Grimmsnarl\n|move|p1b: Ting-pao|Heavy Slam|p2a: Grimmsnarl\n|-supereffective|p2a: Grimmsnarl\n|-damage|p2a: Grimmsnarl|34\/100\n|\n|-sideend|p2: w0wells|Reflect\n|upkeep\n|turn|10\n|c|\u2606w0wells|gg\n|l| Kratas\n|\n|t:|1683658614\n|move|p2b: Chi-Yu|Protect|p2b: Chi-Yu\n|-singleturn|p2b: Chi-Yu|Protect\n|move|p2a: Grimmsnarl|Fake Out||[still]\n|-hint|Fake Out only works on your first turn out.\n|-fail|p2a: Grimmsnarl\n|move|p1a: IronPalle|Freeze-Dry|p2b: Chi-Yu\n|-activate|p2b: Chi-Yu|move: Protect\n|move|p1b: Ting-pao|Heavy Slam|p2a: Grimmsnarl\n|-supereffective|p2a: Grimmsnarl\n|-damage|p2a: Grimmsnarl|0 fnt\n|faint|p2a: Grimmsnarl\n|\n|-end|p2b: Chi-Yu|Encore\n|-sideend|p2: w0wells|move: Light Screen\n|upkeep\n|turn|11\n|\n|t:|1683658620\n|move|p1a: IronPalle|Encore|p2b: Chi-Yu\n|-start|p2b: Chi-Yu|Encore\n|move|p2b: Chi-Yu|Protect|p2b: Chi-Yu\n|-singleturn|p2b: Chi-Yu|Protect\n|move|p1b: Ting-pao|Stomping Tantrum|p2b: Chi-Yu\n|-activate|p2b: Chi-Yu|move: Protect\n|\n|upkeep\n|turn|12\n|-message|w0wells forfeited.\n|\n|win|tantomisso\n|n|\u2606tantomisso|tantomisso\n|n|\u2606w0wells|w0wells\n|n| Radio Free C-Side|radiofreecside\n|n| NeuroticTC|neurotictc\n|n| iagovc|iagovc\n|l|\u2606w0wells\n","uploadtime":1683658629,"views":20,"p1id":"tantomisso","p2id":"w0wells","formatid":"gen9vgc2023regulationc","rating":0,"private":0,"password":""}