{"id":"gen9vgc2023regulationc-1851929941","p1":"rudyxkam","p2":"Lezzino2017","format":"[Gen 9] VGC 2023 Regulation C","log":"|j|\u2606rudyxkam\n|j|\u2606Lezzino2017\n|t:|1682507386\n|gametype|doubles\n|player|p1|rudyxkam|gardenia|1108\n|player|p2|Lezzino2017|266|1083\n|teamsize|p1|6\n|teamsize|p2|6\n|gen|9\n|tier|[Gen 9] VGC 2023 Regulation C\n|rated|\n|rule|Species Clause: Limit one of each Pok\u00e9mon\n|rule|Item Clause: Limit one of each item\n|clearpoke\n|poke|p1|Gyarados, L50, M|\n|poke|p1|Talonflame, L50, M|\n|poke|p1|Baxcalibur, L50, F|\n|poke|p1|Corviknight, L50, M|\n|poke|p1|Ting-Lu, L50|\n|poke|p1|Flutter Mane, L50|\n|poke|p2|Ting-Lu, L50|\n|poke|p2|Baxcalibur, L50, F|\n|poke|p2|Arcanine, L50, M|\n|poke|p2|Palafin, L50, M|\n|poke|p2|Amoonguss, L50, F|\n|poke|p2|Flutter Mane, L50|\n|teampreview|4\n|inactive|Battle timer is ON: inactive players will automatically lose when time's up. (requested by rudyxkam)\nrudyxkam has agreed to open team sheets.\n|c|\u2606rudyxkam|glhf!\n|inactive|rudyxkam has 60 seconds left.\n|inactive|Lezzino2017 has 60 seconds left.\n|inactive|Lezzino2017 has 30 seconds left.\n|inactive|Lezzino2017 has 20 seconds left.\n|inactive|Lezzino2017 has 15 seconds left.\n|\n|t:|1682507465\n|start\n|switch|p1a: T. Gojira|Baxcalibur, L50, F, shiny|100\/100\n|switch|p1b: Sker|Ting-Lu, L50|100\/100\n|switch|p2a: Flutter Mane|Flutter Mane, L50|100\/100\n|switch|p2b: Palafin|Palafin, L50, M|100\/100\n|-ability|p1b: Sker|Vessel of Ruin\n|turn|1\n|\n|t:|1682507482\n|detailschange|p2b: Palafin|Palafin-Hero, L50, M\n|switch|p2b: Arcanine|Arcanine, L50, M|100\/100\n|-ability|p2b: Arcanine|Intimidate|boost\n|-fail|p1a: T. Gojira|unboost|[from] item: Clear Amulet|[of] p1a: T. Gojira\n|-unboost|p1b: Sker|atk|1\n|-terastallize|p1b: Sker|Fairy\n|move|p1a: T. Gojira|Protect|p1a: T. Gojira\n|-singleturn|p1a: T. Gojira|Protect\n|move|p2a: Flutter Mane|Moonblast|p1a: T. Gojira\n|-activate|p1a: T. Gojira|move: Protect\n|move|p1b: Sker|Heavy Slam|p2a: Flutter Mane\n|-supereffective|p2a: Flutter Mane\n|-damage|p2a: Flutter Mane|41\/100\n|\n|upkeep\n|turn|2\n|inactive|rudyxkam has 30 seconds left.\n|inactive|rudyxkam has 20 seconds left.\n|inactive|Lezzino2017 has 30 seconds left.\n|inactive|rudyxkam has 15 seconds left.\n|\n|t:|1682507525\n|-end|p2a: Flutter Mane|Protosynthesis|[silent]\n|switch|p2a: Ting-Lu|Ting-Lu, L50|100\/100\n|-ability|p2a: Ting-Lu|Vessel of Ruin\n|switch|p1a: Manda|Gyarados, L50, M, shiny|100\/100\n|-ability|p1a: Manda|Intimidate|boost\n|-unboost|p2a: Ting-Lu|atk|1\n|-unboost|p2b: Arcanine|atk|1\n|move|p2b: Arcanine|Will-O-Wisp|p1a: Manda\n|-status|p1a: Manda|brn\n|move|p1b: Sker|Bulldoze|p2a: Ting-Lu|[spread] p2a,p2b\n|-immune|p1a: Manda\n|-supereffective|p2b: Arcanine\n|-damage|p2a: Ting-Lu|93\/100\n|-damage|p2b: Arcanine|76\/100\n|-unboost|p2a: Ting-Lu|spe|1\n|-unboost|p2b: Arcanine|spe|1\n|\n|-damage|p1a: Manda|95\/100 brn|[from] brn\n|upkeep\n|turn|3\n|inactive|rudyxkam has 30 seconds left.\n|inactive|rudyxkam has 20 seconds left.\n|\n|t:|1682507562\n|switch|p2a: Flutter Mane|Flutter Mane, L50|41\/100\n|move|p2b: Arcanine|Will-O-Wisp|p1b: Sker\n|-status|p1b: Sker|brn\n|move|p1a: Manda|Waterfall|p2b: Arcanine\n|-supereffective|p2b: Arcanine\n|-damage|p2b: Arcanine|41\/100\n|move|p1b: Sker|Ruination|p2a: Flutter Mane\n|-damage|p2a: Flutter Mane|21\/100\n|\n|-damage|p1a: Manda|89\/100 brn|[from] brn\n|-damage|p1b: Sker|94\/100 brn|[from] brn\n|upkeep\n|turn|4\n|inactive|Lezzino2017 has 30 seconds left.\n|inactive|rudyxkam has 30 seconds left.\n|\n|t:|1682507596\n|switch|p2b: Ting-Lu|Ting-Lu, L50|93\/100\n|-ability|p2b: Ting-Lu|Vessel of Ruin\n|move|p1a: Manda|Helping Hand|p1b: Sker\n|-singleturn|p1b: Sker|Helping Hand|[of] p1a: Manda\n|move|p2a: Flutter Mane|Thunderbolt|p1a: Manda\n|-supereffective|p1a: Manda\n|-damage|p1a: Manda|0 fnt\n|faint|p1a: Manda\n|move|p1b: Sker|Stomping Tantrum|p2a: Flutter Mane\n|-damage|p2a: Flutter Mane|2\/100\n|\n|-damage|p1b: Sker|88\/100 brn|[from] brn\n|upkeep\n|\n|t:|1682507615\n|switch|p1a: T. Gojira|Baxcalibur, L50, F, shiny|100\/100\n|turn|5\n|\n|t:|1682507633\n|-end|p2a: Flutter Mane|Protosynthesis|[silent]\n|switch|p2a: Arcanine|Arcanine, L50, M|41\/100\n|-ability|p2a: Arcanine|Intimidate|boost\n|-fail|p1a: T. Gojira|unboost|[from] item: Clear Amulet|[of] p1a: T. Gojira\n|-unboost|p1b: Sker|atk|1\n|move|p1a: T. Gojira|Dragon Dance|p1a: T. Gojira\n|-boost|p1a: T. Gojira|atk|1\n|-boost|p1a: T. Gojira|spe|1\n|move|p2b: Ting-Lu|Stomping Tantrum|p1a: T. Gojira\n|-damage|p1a: T. Gojira|69\/100\n|move|p1b: Sker|Stomping Tantrum|p2a: Arcanine\n|-supereffective|p2a: Arcanine\n|-crit|p2a: Arcanine\n|-damage|p2a: Arcanine|0 fnt\n|faint|p2a: Arcanine\n|\n|-damage|p1b: Sker|82\/100 brn|[from] brn\n|upkeep\n|\n|t:|1682507645\n|switch|p2a: Flutter Mane|Flutter Mane, L50|2\/100\n|turn|6\n|\n|t:|1682507658\n|move|p1a: T. Gojira|Protect|p1a: T. Gojira\n|-singleturn|p1a: T. Gojira|Protect\n|move|p2a: Flutter Mane|Moonblast|p1a: T. Gojira\n|-activate|p1a: T. Gojira|move: Protect\n|move|p2b: Ting-Lu|Stomping Tantrum|p1a: T. Gojira\n|-activate|p1a: T. Gojira|move: Protect\n|move|p1b: Sker|Bulldoze|p2b: Ting-Lu|[spread] p2a,p2b\n|-activate|p1a: T. Gojira|move: Protect\n|-damage|p2a: Flutter Mane|0 fnt\n|-damage|p2b: Ting-Lu|90\/100\n|-unboost|p2b: Ting-Lu|spe|1\n|faint|p2a: Flutter Mane\n|-end|p2a: Flutter Mane|Protosynthesis|[silent]\n|\n|-damage|p1b: Sker|76\/100 brn|[from] brn\n|upkeep\n|\n|t:|1682507661\n|switch|p2a: Palafin|Palafin-Hero, L50, M|100\/100\n|-activate|p2a: Palafin|ability: Zero to Hero\n|turn|7\n|\n|t:|1682507685\n|move|p2a: Palafin|Protect|p2a: Palafin\n|-singleturn|p2a: Palafin|Protect\n|move|p1a: T. Gojira|Glaive Rush|p2a: Palafin\n|-activate|p2a: Palafin|move: Protect\n|move|p1b: Sker|Ruination|p2b: Ting-Lu\n|-damage|p2b: Ting-Lu|46\/100\n|move|p2b: Ting-Lu|Stomping Tantrum|p1a: T. Gojira\n|-damage|p1a: T. Gojira|36\/100\n|\n|-damage|p1b: Sker|70\/100 brn|[from] brn\n|upkeep\n|turn|8\n|inactive|rudyxkam has 30 seconds left.\n|\n|t:|1682507712\n|switch|p1b: Gigan|Corviknight, L50, M, shiny|100\/100\n|-terastallize|p2a: Palafin|Water\n|move|p1a: T. Gojira|Protect|p1a: T. Gojira\n|-singleturn|p1a: T. Gojira|Protect\n|move|p2a: Palafin|Jet Punch|p1a: T. Gojira\n|-activate|p1a: T. Gojira|move: Protect\n|move|p2b: Ting-Lu|Heavy Slam|p1b: Gigan\n|-resisted|p1b: Gigan\n|-damage|p1b: Gigan|87\/100\n|\n|upkeep\n|turn|9\n|\n|t:|1682507733\n|switch|p1a: Sker|Ting-Lu, L50, tera:Fairy|70\/100 brn\n|-ability|p1a: Sker|Vessel of Ruin\n|move|p2a: Palafin|Substitute|p2a: Palafin\n|-start|p2a: Palafin|Substitute\n|-damage|p2a: Palafin|76\/100\n|move|p1b: Gigan|Bulk Up|p1b: Gigan\n|-boost|p1b: Gigan|atk|1\n|-boost|p1b: Gigan|def|1\n|move|p2b: Ting-Lu|Ruination|p1b: Gigan\n|-damage|p1b: Gigan|44\/100\n|\n|-damage|p1a: Sker|64\/100 brn|[from] brn\n|upkeep\n|turn|10\n|inactive|rudyxkam has 30 seconds left.\n|\n|t:|1682507763\n|move|p2a: Palafin|Wave Crash|p1a: Sker\n|-damage|p1a: Sker|2\/100 brn\n|-damage|p2a: Palafin|50\/100|[from] Recoil\n|move|p1b: Gigan|Brave Bird|p2b: Ting-Lu\n|-crit|p2b: Ting-Lu\n|-damage|p2b: Ting-Lu|0 fnt\n|faint|p2b: Ting-Lu\n|-damage|p1b: Gigan|27\/100|[from] Recoil\n|move|p1a: Sker|Stomping Tantrum|p2a: Palafin\n|-activate|p2a: Palafin|move: Substitute|[damage]\n|\n|-damage|p1a: Sker|0 fnt|[from] brn\n|faint|p1a: Sker\n|upkeep\n|\n|t:|1682507775\n|switch|p1a: T. Gojira|Baxcalibur, L50, F, shiny|36\/100\n|turn|11\n|\n|t:|1682507796\n|move|p1a: T. Gojira|Icicle Crash|p2a: Palafin|[miss]\n|-miss|p1a: T. Gojira|p2a: Palafin\n|move|p2a: Palafin|Wave Crash|p1b: Gigan\n|-damage|p1b: Gigan|0 fnt\n|faint|p1b: Gigan\n|-damage|p2a: Palafin|41\/100|[from] Recoil\n|\n|upkeep\n|turn|12\n|c|\u2606rudyxkam|ahhhh\n|c|\u2606rudyxkam|gg\n|\n|t:|1682507805\n|move|p1a: T. Gojira|Glaive Rush|p2a: Palafin\n|-end|p2a: Palafin|Substitute\n|-singlemove|p1a: T. Gojira|Glaive Rush|[silent]\n|move|p2a: Palafin|Wave Crash|p1a: T. Gojira\n|-resisted|p1a: T. Gojira\n|-damage|p1a: T. Gojira|0 fnt\n|faint|p1a: T. Gojira\n|-damage|p2a: Palafin|29\/100|[from] Recoil\n|\n|win|Lezzino2017\n|raw|rudyxkam's rating: 1108 → 1081<\/strong> (-27 for losing)\n|raw|Lezzino2017's rating: 1083 → 1113<\/strong> (+30 for winning)\n|l|\u2606Lezzino2017\n","uploadtime":1682507817,"views":7,"p1id":"rudyxkam","p2id":"lezzino2017","formatid":"gen9vgc2023regulationc","rating":1081,"private":0,"password":""}