{"id":"gen9vgc2023regulationc-1852039340","p1":"Squenopaneno","p2":"LibraryMushroom","format":"[Gen 9] VGC 2023 Regulation C","log":"|j|\u203dSquenopaneno\n|j|\u2606LibraryMushroom\n|t:|1682519055\n|gametype|doubles\n|player|p1|Squenopaneno|1|1119\n|player|p2|LibraryMushroom|blue|1084\n|teamsize|p1|6\n|teamsize|p2|6\n|gen|9\n|tier|[Gen 9] VGC 2023 Regulation C\n|rated|\n|rule|Species Clause: Limit one of each Pok\u00e9mon\n|rule|Item Clause: Limit one of each item\n|clearpoke\n|poke|p1|Iron Hands, L50|\n|poke|p1|Flutter Mane, L50|\n|poke|p1|Gyarados, L50, F|\n|poke|p1|Baxcalibur, L50, F|\n|poke|p1|Chi-Yu, L50|\n|poke|p1|Amoonguss, L50, F|\n|poke|p2|Scizor, L50, F|\n|poke|p2|Flutter Mane, L50|\n|poke|p2|Chien-Pao, L50|\n|poke|p2|Arcanine, L50, F|\n|poke|p2|Azumarill, L50, F|\n|poke|p2|Amoonguss, L50, M|\n|teampreview|4\n|\n|t:|1682519092\n|start\n|switch|p1a: Flutter Mane|Flutter Mane, L50|100\/100\n|switch|p1b: Chi-Yu|Chi-Yu, L50|100\/100\n|switch|p2a: Jessica|Azumarill, L50, F|100\/100\n|switch|p2b: Scissors|Scizor, L50, F|100\/100\n|-ability|p1b: Chi-Yu|Beads of Ruin\n|-enditem|p1a: Flutter Mane|Booster Energy\n|-activate|p1a: Flutter Mane|ability: Protosynthesis|[fromitem]\n|-start|p1a: Flutter Mane|protosynthesisspe\n|turn|1\n|\n|t:|1682519110\n|move|p1b: Chi-Yu|Protect|p1b: Chi-Yu\n|-singleturn|p1b: Chi-Yu|Protect\n|move|p2b: Scissors|Protect|p2b: Scissors\n|-singleturn|p2b: Scissors|Protect\n|move|p1a: Flutter Mane|Substitute|p1a: Flutter Mane\n|-start|p1a: Flutter Mane|Substitute\n|-damage|p1a: Flutter Mane|76\/100\n|move|p2a: Jessica|Play Rough|p1b: Chi-Yu\n|-activate|p1b: Chi-Yu|move: Protect\n|\n|upkeep\n|turn|2\n|\n|t:|1682519123\n|switch|p1b: Gyarados|Gyarados, L50, F|100\/100\n|-ability|p1b: Gyarados|Intimidate|boost\n|-unboost|p2a: Jessica|atk|1\n|-fail|p2b: Scissors|unboost|[from] item: Clear Amulet|[of] p2b: Scissors\n|move|p1a: Flutter Mane|Protect|p1a: Flutter Mane\n|-singleturn|p1a: Flutter Mane|Protect\n|move|p2b: Scissors|Bullet Punch|p1a: Flutter Mane\n|-activate|p1a: Flutter Mane|move: Protect\n|move|p2a: Jessica|Liquidation|p1b: Gyarados\n|-resisted|p1b: Gyarados\n|-damage|p1b: Gyarados|81\/100\n|\n|upkeep\n|turn|3\n|\n|t:|1682519142\n|move|p2b: Scissors|Bullet Punch|p1a: Flutter Mane\n|-supereffective|p1a: Flutter Mane\n|-end|p1a: Flutter Mane|Substitute\n|move|p1a: Flutter Mane|Dazzling Gleam|p2b: Scissors|[spread] p2a,p2b\n|-resisted|p2b: Scissors\n|-damage|p2a: Jessica|77\/100\n|-damage|p2b: Scissors|80\/100\n|move|p1b: Gyarados|Thunder Wave|p2b: Scissors\n|-status|p2b: Scissors|par\n|move|p2a: Jessica|Liquidation|p1a: Flutter Mane\n|-damage|p1a: Flutter Mane|4\/100\n|\n|upkeep\n|turn|4\n|\n|t:|1682519162\n|switch|p1b: Amoonguss|Amoonguss, L50, F|100\/100\n|move|p1a: Flutter Mane|Protect|p1a: Flutter Mane\n|-singleturn|p1a: Flutter Mane|Protect\n|move|p2a: Jessica|Aqua Jet|p1a: Flutter Mane\n|-activate|p1a: Flutter Mane|move: Protect\n|cant|p2b: Scissors|par\n|\n|upkeep\n|turn|5\n|\n|t:|1682519181\n|switch|p2a: Fido|Arcanine, L50, F|100\/100\n|-ability|p2a: Fido|Intimidate|boost\n|-unboost|p1a: Flutter Mane|atk|1\n|-unboost|p1b: Amoonguss|atk|1\n|move|p1b: Amoonguss|Rage Powder|p1b: Amoonguss\n|-singleturn|p1b: Amoonguss|move: Rage Powder\n|cant|p2b: Scissors|par\n|move|p1a: Flutter Mane|Hex|p2b: Scissors\n|-damage|p2b: Scissors|0 fnt\n|faint|p2b: Scissors\n|\n|upkeep\n|\n|t:|1682519189\n|switch|p2b: Ice Weasel|Chien-Pao, L50|100\/100\n|-ability|p2b: Ice Weasel|Sword of Ruin\n|turn|6\n|\n|t:|1682519218\n|move|p2b: Ice Weasel|Protect|p2b: Ice Weasel\n|-singleturn|p2b: Ice Weasel|Protect\n|move|p1b: Amoonguss|Rage Powder|p1b: Amoonguss\n|-singleturn|p1b: Amoonguss|move: Rage Powder\n|move|p1a: Flutter Mane|Dazzling Gleam|p2b: Ice Weasel|[spread] p2a\n|-activate|p2b: Ice Weasel|move: Protect\n|-resisted|p2a: Fido\n|-damage|p2a: Fido|84\/100\n|move|p2a: Fido|Flare Blitz|p1a: Flutter Mane\n|-crit|p1a: Flutter Mane\n|-damage|p1a: Flutter Mane|0 fnt\n|faint|p1a: Flutter Mane\n|-end|p1a: Flutter Mane|Protosynthesis|[silent]\n|-damage|p2a: Fido|84\/100|[from] Recoil\n|\n|upkeep\n|\n|t:|1682519232\n|switch|p1a: Gyarados|Gyarados, L50, F|81\/100\n|-ability|p1a: Gyarados|Intimidate|boost\n|-unboost|p2a: Fido|atk|1\n|-unboost|p2b: Ice Weasel|atk|1\n|turn|7\n|\n|t:|1682519243\n|move|p1b: Amoonguss|Protect|p1b: Amoonguss\n|-singleturn|p1b: Amoonguss|Protect\n|move|p2b: Ice Weasel|Ice Spinner|p1b: Amoonguss\n|-activate|p1b: Amoonguss|move: Protect\n|move|p2a: Fido|Howl|p2a: Fido|[spread] p2a,p2b\n|-boost|p2a: Fido|atk|1\n|-boost|p2b: Ice Weasel|atk|1\n|move|p1a: Gyarados|Thunder Wave|p2a: Fido|[miss]\n|-miss|p1a: Gyarados|p2a: Fido\n|\n|upkeep\n|turn|8\n|\n|t:|1682519293\n|move|p2b: Ice Weasel|Ice Spinner|p1b: Amoonguss\n|-supereffective|p1b: Amoonguss\n|-damage|p1b: Amoonguss|0 fnt\n|faint|p1b: Amoonguss\n|move|p2a: Fido|Howl|p2a: Fido|[spread] p2a,p2b\n|-boost|p2a: Fido|atk|1\n|-boost|p2b: Ice Weasel|atk|1\n|move|p1a: Gyarados|Thunder Wave|p2a: Fido|[miss]\n|-miss|p1a: Gyarados|p2a: Fido\n|\n|upkeep\n|-message|Squenopaneno forfeited.\n|\n|win|LibraryMushroom\n|raw|Squenopaneno's rating: 1119 → 1091<\/strong> (-28 for losing)\n|raw|LibraryMushroom's rating: 1084 → 1114<\/strong> (+30 for winning)\n|l|\u203dSquenopaneno\n","uploadtime":1682519332,"views":11,"p1id":"squenopaneno","p2id":"librarymushroom","formatid":"gen9vgc2023regulationc","rating":1091,"private":0,"password":""}