{"id":"gen9vgc2023regulationc-1857932602","p1":"fake_rbital","p2":"D3solateDr3ams","format":"[Gen 9] VGC 2023 Regulation C","log":"|j|\u2606fake_rbital\n|j|\u2606D3solateDr3ams\n|t:|1683249003\n|gametype|doubles\n|player|p1|fake_rbital|pokemaniac|\n|player|p2|D3solateDr3ams|170|\n|teamsize|p1|6\n|teamsize|p2|6\n|gen|9\n|tier|[Gen 9] VGC 2023 Regulation C\n|rule|Species Clause: Limit one of each Pok\u00e9mon\n|rule|Item Clause: Limit one of each item\n|clearpoke\n|poke|p1|Rotom-Mow, L50|\n|poke|p1|Donphan, L50, F|\n|poke|p1|Azumarill, L50, M|\n|poke|p1|Growlithe, L50, M|\n|poke|p1|Slither Wing, L50|\n|poke|p1|Maushold-Four, L50|\n|poke|p2|Annihilape, L50, F|\n|poke|p2|Mimikyu, L50, M|\n|poke|p2|Brambleghast, L50, F|\n|poke|p2|Luxray, L50, M|\n|poke|p2|Ceruledge, L50, M|\n|poke|p2|Cryogonal, L50|\n|teampreview|4\nfake_rbital rejected open team sheets.\n|c|\u2606fake_rbital|glhf\n|c|\u2606D3solateDr3ams|u2!\n|\n|t:|1683249046\n|start\n|switch|p1a: crazy old maurice|Donphan, L50, F|100\/100\n|switch|p1b: reincarnated dad|Rotom-Mow, L50|100\/100\n|switch|p2a: Cryogonal|Cryogonal, L50|100\/100\n|switch|p2b: Annihilape|Annihilape, L50, F|100\/100\n|turn|1\n|\n|t:|1683249076\n|switch|p2b: Luxray|Luxray, L50, M|100\/100\n|-ability|p2b: Luxray|Intimidate|boost\n|-unboost|p1a: crazy old maurice|atk|1\n|-unboost|p1b: reincarnated dad|atk|1\n|move|p1b: reincarnated dad|Protect|p1b: reincarnated dad\n|-singleturn|p1b: reincarnated dad|Protect\n|move|p2a: Cryogonal|Reflect|p2a: Cryogonal\n|-sidestart|p2: D3solateDr3ams|Reflect\n|move|p1a: crazy old maurice|Play Rough|p2b: Luxray\n|-damage|p2b: Luxray|75\/100\n|\n|upkeep\n|turn|2\n|\n|t:|1683249103\n|move|p1b: reincarnated dad|Shadow Ball|p2b: Luxray\n|-damage|p2b: Luxray|35\/100\n|-enditem|p2b: Luxray|Sitrus Berry|[eat]\n|-heal|p2b: Luxray|60\/100|[from] item: Sitrus Berry\n|-damage|p1b: reincarnated dad|91\/100|[from] item: Life Orb\n|move|p2a: Cryogonal|Freeze-Dry|p1a: crazy old maurice\n|-supereffective|p1a: crazy old maurice\n|-damage|p1a: crazy old maurice|32\/100\n|move|p2b: Luxray|Snarl|p1b: reincarnated dad|[spread] p1a,p1b\n|-damage|p1a: crazy old maurice|21\/100\n|-damage|p1b: reincarnated dad|80\/100\n|-unboost|p1a: crazy old maurice|spa|1\n|-unboost|p1b: reincarnated dad|spa|1\n|move|p1a: crazy old maurice|Play Rough|p2b: Luxray\n|-damage|p2b: Luxray|35\/100\n|-unboost|p2b: Luxray|atk|1\n|\n|upkeep\n|turn|3\n|\n|t:|1683249135\n|switch|p2b: Ceruledge|Ceruledge, L50, M|100\/100\n|switch|p1a: threatening child|Growlithe, L50, M|100\/100\n|-ability|p1a: threatening child|Intimidate|boost\n|-unboost|p2a: Cryogonal|atk|1\n|-fail|p2b: Ceruledge|unboost|[from] item: Clear Amulet|[of] p2b: Ceruledge\n|move|p1b: reincarnated dad|Protect|p1b: reincarnated dad\n|-singleturn|p1b: reincarnated dad|Protect\n|move|p2a: Cryogonal|Light Screen|p2a: Cryogonal\n|-sidestart|p2: D3solateDr3ams|move: Light Screen\n|\n|upkeep\n|turn|4\n|\n|t:|1683249166\n|switch|p1b: disney at home|Maushold-Four, L50|100\/100\n|switch|p2a: Annihilape|Annihilape, L50, F|100\/100\n|move|p2b: Ceruledge|Bitter Blade|p1b: disney at home\n|-damage|p1b: disney at home|26\/100\n|move|p1a: threatening child|Heat Wave|p2a: Annihilape|[spread] p2a\n|-start|p2b: Ceruledge|ability: Flash Fire\n|-damage|p2a: Annihilape|91\/100\n|\n|-heal|p2a: Annihilape|97\/100|[from] item: Leftovers\n|upkeep\n|turn|5\n|c|\u2606fake_rbital|god I ALWAYS forget about flash fire\n|c|\u2606D3solateDr3ams|A lot of people do lol\n|\n|t:|1683249201\n|move|p1b: disney at home|Protect|p1b: disney at home\n|-singleturn|p1b: disney at home|Protect\n|move|p2a: Annihilape|Bulk Up|p2a: Annihilape\n|-boost|p2a: Annihilape|atk|1\n|-boost|p2a: Annihilape|def|1\n|move|p2b: Ceruledge|Bitter Blade|p1b: disney at home\n|-activate|p1b: disney at home|move: Protect\n|move|p1a: threatening child|Will-O-Wisp|p2a: Annihilape\n|-status|p2a: Annihilape|brn\n|\n|-heal|p2a: Annihilape|100\/100 brn|[from] item: Leftovers\n|-damage|p2a: Annihilape|95\/100 brn|[from] brn\n|upkeep\n|turn|6\n|\n|t:|1683249231\n|move|p1b: disney at home|Shadow Claw|p2a: Annihilape\n|-supereffective|p2a: Annihilape\n|-damage|p2a: Annihilape|78\/100 brn\n|move|p2a: Annihilape|Drain Punch|p1a: threatening child\n|-damage|p1a: threatening child|72\/100\n|-heal|p2a: Annihilape|89\/100 brn|[from] drain|[of] p1a: threatening child\n|move|p2b: Ceruledge|Bitter Blade|p1b: disney at home\n|-damage|p1b: disney at home|0 fnt\n|faint|p1b: disney at home\n|move|p1a: threatening child|Heat Wave|p2a: Annihilape|[spread] p2a\n|-immune|p2b: Ceruledge|[from] ability: Flash Fire\n|-damage|p2a: Annihilape|80\/100 brn\n|\n|-heal|p2a: Annihilape|86\/100 brn|[from] item: Leftovers\n|-damage|p2a: Annihilape|80\/100 brn|[from] brn\n|upkeep\n|\n|t:|1683249252\n|switch|p1b: crazy old maurice|Donphan, L50, F|21\/100\n|turn|7\n|\n|t:|1683249263\n|switch|p1a: reincarnated dad|Rotom-Mow, L50|80\/100\n|move|p2a: Annihilape|Rage Fist|p1b: crazy old maurice\n|-damage|p1b: crazy old maurice|0 fnt\n|faint|p1b: crazy old maurice\n|move|p2b: Ceruledge|Bitter Blade|p1a: reincarnated dad\n|-supereffective|p1a: reincarnated dad\n|-damage|p1a: reincarnated dad|0 fnt\n|faint|p1a: reincarnated dad\n|\n|-heal|p2a: Annihilape|86\/100 brn|[from] item: Leftovers\n|-damage|p2a: Annihilape|80\/100 brn|[from] brn\n|upkeep\n|c|\u2606fake_rbital|ggs\n|\n|t:|1683249277\n|switch|p1b: threatening child|Growlithe, L50, M|72\/100\n|-ability|p1b: threatening child|Intimidate|boost\n|-unboost|p2a: Annihilape|atk|1\n|-ability|p2a: Annihilape|Defiant|boost\n|-boost|p2a: Annihilape|atk|2\n|-fail|p2b: Ceruledge|unboost|[from] item: Clear Amulet|[of] p2b: Ceruledge\n|turn|8\n|c|\u2606D3solateDr3ams|gg\n|\n|t:|1683249286\n|move|p2a: Annihilape|Rage Fist|p1b: threatening child\n|-damage|p1b: threatening child|0 fnt\n|faint|p1b: threatening child\n|\n|win|D3solateDr3ams\n|c|\u2606D3solateDr3ams|Sorry I made you wait\n","uploadtime":1683249419,"views":9,"p1id":"fakerbital","p2id":"d3solatedr3ams","formatid":"gen9vgc2023regulationc","rating":0,"private":0,"password":""}