{"id":"gen9vgc2023regulationc-1862164617","p1":"AKnight030","p2":"TonnyDolfing","format":"[Gen 9] VGC 2023 Regulation C","log":"|j|\u2606AKnight030\n|j|\u2606TonnyDolfing\n|t:|1683844125\n|gametype|doubles\n|player|p1|AKnight030|2|1161\n|player|p2|TonnyDolfing|lucas-gen4pt|1163\n|teamsize|p1|6\n|teamsize|p2|6\n|gen|9\n|tier|[Gen 9] VGC 2023 Regulation C\n|rated|\n|rule|Species Clause: Limit one of each Pok\u00e9mon\n|rule|Item Clause: Limit one of each item\n|clearpoke\n|poke|p1|Great Tusk, L50|\n|poke|p1|Murkrow, L50, F|\n|poke|p1|Corviknight, L50, M|\n|poke|p1|Flutter Mane, L50|\n|poke|p1|Chien-Pao, L50|\n|poke|p1|Iron Bundle, L50|\n|poke|p2|Abomasnow, L50, F|\n|poke|p2|Chien-Pao, L50|\n|poke|p2|Kingambit, L50, F|\n|poke|p2|Dondozo, L50, M|\n|poke|p2|Garganacl, L50, F|\n|poke|p2|Ting-Lu, L50|\n|teampreview|4\n|inactive|Battle timer is ON: inactive players will automatically lose when time's up. (requested by AKnight030)\n|\n|t:|1683844149\n|start\n|switch|p1a: Murkrow|Murkrow, L50, F|100\/100\n|switch|p1b: Iron Bundle|Iron Bundle, L50|100\/100\n|switch|p2a: Abomasnow|Abomasnow, L50, F|100\/100\n|switch|p2b: Chien-Pao|Chien-Pao, L50|100\/100\n|-ability|p2b: Chien-Pao|Sword of Ruin\n|-weather|Snow|[from] ability: Snow Warning|[of] p2a: Abomasnow\n|-enditem|p1b: Iron Bundle|Booster Energy\n|-activate|p1b: Iron Bundle|ability: Quark Drive|[fromitem]\n|-start|p1b: Iron Bundle|quarkdrivespa\n|turn|1\n|\n|t:|1683844170\n|move|p1a: Murkrow|Sunny Day|p1a: Murkrow\n|-weather|SunnyDay\n|move|p1b: Iron Bundle|Icy Wind|p2a: Abomasnow|[spread] p2a,p2b\n|-resisted|p2b: Chien-Pao\n|-damage|p2a: Abomasnow|76\/100\n|-damage|p2b: Chien-Pao|91\/100\n|-unboost|p2a: Abomasnow|spe|1\n|-unboost|p2b: Chien-Pao|spe|1\n|move|p2b: Chien-Pao|Sheer Cold|p1a: Murkrow|[miss]\n|-miss|p2b: Chien-Pao|p1a: Murkrow\n|move|p2a: Abomasnow|Sheer Cold|p1b: Iron Bundle\n|-immune|p1b: Iron Bundle|[ohko]\n|\n|-weather|SunnyDay|[upkeep]\n|upkeep\n|turn|2\n|inactive|TonnyDolfing has 30 seconds left.\n|\n|t:|1683844196\n|switch|p2a: Garganacl|Garganacl, L50, F|100\/100\n|move|p1a: Murkrow|Tailwind|p1a: Murkrow\n|-sidestart|p1: AKnight030|move: Tailwind\n|move|p1b: Iron Bundle|Hydro Pump|p2b: Chien-Pao\n|-damage|p2b: Chien-Pao|66\/100\n|move|p2b: Chien-Pao|Sheer Cold|p1a: Murkrow|[miss]\n|-miss|p2b: Chien-Pao|p1a: Murkrow\n|\n|-weather|SunnyDay|[upkeep]\n|upkeep\n|turn|3\n|\n|t:|1683844213\n|switch|p1a: Great Tusk|Great Tusk, L50|100\/100\n|-activate|p1a: Great Tusk|ability: Protosynthesis\n|-start|p1a: Great Tusk|protosynthesisatk\n|move|p1b: Iron Bundle|Hydro Pump|p2a: Garganacl\n|-supereffective|p2a: Garganacl\n|-damage|p2a: Garganacl|42\/100\n|-enditem|p2a: Garganacl|Sitrus Berry|[eat]\n|-heal|p2a: Garganacl|66\/100|[from] item: Sitrus Berry\n|move|p2b: Chien-Pao|Sheer Cold|p1a: Great Tusk|[miss]\n|-miss|p2b: Chien-Pao|p1a: Great Tusk\n|move|p2a: Garganacl|Salt Cure|p1b: Iron Bundle\n|-supereffective|p1b: Iron Bundle\n|-damage|p1b: Iron Bundle|64\/100\n|-start|p1b: Iron Bundle|Salt Cure\n|\n|-weather|SunnyDay|[upkeep]\n|-damage|p1b: Iron Bundle|39\/100|[from] Salt Cure\n|upkeep\n|turn|4\n|\n|t:|1683844236\n|-end|p1b: Iron Bundle|Quark Drive|[silent]\n|switch|p1b: Flutter Mane|Flutter Mane, L50|100\/100\n|-activate|p1b: Flutter Mane|ability: Protosynthesis\n|-start|p1b: Flutter Mane|protosynthesisspe\n|switch|p2a: Kingambit|Kingambit, L50, F|100\/100\n|move|p1a: Great Tusk|Headlong Rush|p2a: Kingambit\n|-supereffective|p2a: Kingambit\n|-damage|p2a: Kingambit|0 fnt\n|-unboost|p1a: Great Tusk|def|1\n|-unboost|p1a: Great Tusk|spd|1\n|faint|p2a: Kingambit\n|move|p2b: Chien-Pao|Sheer Cold|p1a: Great Tusk\n|-damage|p1a: Great Tusk|0 fnt\n|faint|p1a: Great Tusk\n|-end|p1a: Great Tusk|Protosynthesis|[silent]\n|-ohko\n|\n|-weather|SunnyDay|[upkeep]\n|upkeep\n|\n|t:|1683844253\n|switch|p1a: Iron Bundle|Iron Bundle, L50|39\/100\n|switch|p2a: Abomasnow|Abomasnow, L50, F|76\/100\n|-weather|Snow|[from] ability: Snow Warning|[of] p2a: Abomasnow\n|-end|p1b: Flutter Mane|Protosynthesis\n|turn|5\n|\n|t:|1683844273\n|-terastallize|p1b: Flutter Mane|Fairy\n|move|p1b: Flutter Mane|Moonblast|p2b: Chien-Pao\n|-supereffective|p2b: Chien-Pao\n|-damage|p2b: Chien-Pao|0 fnt\n|faint|p2b: Chien-Pao\n|move|p1a: Iron Bundle|Hydro Pump|p2a: Abomasnow\n|-resisted|p2a: Abomasnow\n|-damage|p2a: Abomasnow|50\/100\n|move|p2a: Abomasnow|Aurora Veil|p2a: Abomasnow\n|-sidestart|p2: TonnyDolfing|move: Aurora Veil\n|\n|-weather|Snow|[upkeep]\n|-sideend|p1: AKnight030|move: Tailwind\n|upkeep\n|\n|t:|1683844283\n|switch|p2b: Garganacl|Garganacl, L50, F|66\/100\n|turn|6\n|\n|t:|1683844294\n|move|p1b: Flutter Mane|Moonblast|p2a: Abomasnow\n|-damage|p2a: Abomasnow|0 fnt\n|faint|p2a: Abomasnow\n|move|p1a: Iron Bundle|Encore||[still]\n|-fail|p1a: Iron Bundle\n|move|p2b: Garganacl|Salt Cure|p1b: Flutter Mane\n|-damage|p1b: Flutter Mane|68\/100\n|-start|p1b: Flutter Mane|Salt Cure\n|\n|-weather|Snow|[upkeep]\n|-damage|p1b: Flutter Mane|56\/100|[from] Salt Cure\n|upkeep\n|turn|7\n|\n|t:|1683844314\n|-end|p1b: Flutter Mane|Protosynthesis|[silent]\n|switch|p1b: Murkrow|Murkrow, L50, F|100\/100\n|move|p2b: Garganacl|Protect|p2b: Garganacl\n|-singleturn|p2b: Garganacl|Protect\n|move|p1a: Iron Bundle|Hydro Pump|p2b: Garganacl\n|-activate|p2b: Garganacl|move: Protect\n|\n|-weather|Snow|[upkeep]\n|upkeep\n|turn|8\n|\n|t:|1683844330\n|move|p1a: Iron Bundle|Hydro Pump|p2b: Garganacl\n|-supereffective|p2b: Garganacl\n|-damage|p2b: Garganacl|8\/100\n|move|p1b: Murkrow|Foul Play|p2b: Garganacl\n|-damage|p2b: Garganacl|0 fnt\n|faint|p2b: Garganacl\n|\n|win|AKnight030\n|raw|AKnight030's rating: 1161 → 1186<\/strong> (+25 for winning)\n|raw|TonnyDolfing's rating: 1163 → 1138<\/strong> (-25 for losing)\n|c|\u2606TonnyDolfing|gg\n|l|\u2606AKnight030\n","uploadtime":1683844343,"views":5,"p1id":"aknight030","p2id":"tonnydolfing","formatid":"gen9vgc2023regulationc","rating":1138,"private":0,"password":""}