{"id":"gen9vgc2023regulationc-1852401968","p1":"Gioilele","p2":"vivian20","format":"[Gen 9] VGC 2023 Regulation C","log":"|j|\u2606Gioilele\n|j|\u2606vivian20\n|t:|1682553154\n|gametype|doubles\n|player|p1|Gioilele|pokemonbreeder-gen4|\n|player|p2|vivian20|170|\n|teamsize|p1|6\n|teamsize|p2|6\n|gen|9\n|tier|[Gen 9] VGC 2023 Regulation C\n|rule|Species Clause: Limit one of each Pok\u00e9mon\n|rule|Item Clause: Limit one of each item\n|clearpoke\n|poke|p1|Murkrow, L50, F|\n|poke|p1|Chi-Yu, L50|\n|poke|p1|Flutter Mane, L50|\n|poke|p1|Great Tusk, L50|\n|poke|p1|Brute Bonnet, L50|\n|poke|p1|Corviknight, L50, M|\n|poke|p2|Glimmora, L50, F|\n|poke|p2|Flutter Mane, L50|\n|poke|p2|Tatsugiri, L50, F|\n|poke|p2|Dondozo, L50, M|\n|poke|p2|Arcanine, L50, M|\n|poke|p2|Wo-Chien, L50|\n|teampreview|4\nGioilele has agreed to open team sheets.\nvivian20 has agreed to open team sheets.\n|\n|t:|1682553172\n|start\n|switch|p1a: Murkrow|Murkrow, L50, F, shiny|100\/100\n|switch|p1b: Great Tusk|Great Tusk, L50|100\/100\n|switch|p2a: Flutter Mane|Flutter Mane, L50|100\/100\n|switch|p2b: Arcanine|Arcanine, L50, M|100\/100\n|-ability|p2b: Arcanine|Intimidate|boost\n|-unboost|p1a: Murkrow|atk|1\n|-unboost|p1b: Great Tusk|atk|1\n|turn|1\n|\n|t:|1682553186\n|switch|p2b: Wo-Chien|Wo-Chien, L50|100\/100\n|-ability|p2b: Wo-Chien|Tablets of Ruin\n|-terastallize|p1b: Great Tusk|Steel\n|move|p1a: Murkrow|Haze|p1a: Murkrow\n|-clearallboost\n|move|p1b: Great Tusk|Earthquake|p2a: Flutter Mane|[spread] p2a,p2b\n|-immune|p1a: Murkrow\n|-resisted|p2b: Wo-Chien\n|-damage|p2a: Flutter Mane|24\/100\n|-damage|p2b: Wo-Chien|86\/100\n|move|p2a: Flutter Mane|Dazzling Gleam|p1a: Murkrow|[spread] p1a,p1b\n|-supereffective|p1a: Murkrow\n|-resisted|p1b: Great Tusk\n|-damage|p1a: Murkrow|25\/100\n|-damage|p1b: Great Tusk|75\/100\n|\n|-heal|p2b: Wo-Chien|93\/100|[from] item: Leftovers\n|upkeep\n|turn|2\n|\n|t:|1682553207\n|move|p2a: Flutter Mane|Protect|p2a: Flutter Mane\n|-singleturn|p2a: Flutter Mane|Protect\n|move|p1a: Murkrow|Tailwind|p1a: Murkrow\n|-sidestart|p1: Gioilele|move: Tailwind\n|move|p1b: Great Tusk|Earthquake|p2a: Flutter Mane|[spread] p2b\n|-activate|p2a: Flutter Mane|move: Protect\n|-immune|p1a: Murkrow\n|-resisted|p2b: Wo-Chien\n|-damage|p2b: Wo-Chien|79\/100\n|move|p2b: Wo-Chien|Leech Seed|p1b: Great Tusk\n|-start|p1b: Great Tusk|move: Leech Seed\n|\n|-heal|p2b: Wo-Chien|85\/100|[from] item: Leftovers\n|-damage|p1b: Great Tusk|63\/100|[from] Leech Seed|[of] p2b: Wo-Chien\n|-heal|p2b: Wo-Chien|97\/100|[silent]\n|upkeep\n|turn|3\n|\n|t:|1682553241\n|move|p2a: Flutter Mane|Protect|p2a: Flutter Mane\n|-singleturn|p2a: Flutter Mane|Protect\n|move|p1a: Murkrow|Sunny Day|p1a: Murkrow\n|-weather|SunnyDay\n|-activate|p1b: Great Tusk|ability: Protosynthesis\n|-start|p1b: Great Tusk|protosynthesisatk\n|-activate|p2a: Flutter Mane|ability: Protosynthesis\n|-start|p2a: Flutter Mane|protosynthesisspe\n|move|p1b: Great Tusk|Earthquake|p2a: Flutter Mane|[spread] p2b\n|-activate|p2a: Flutter Mane|move: Protect\n|-immune|p1a: Murkrow\n|-resisted|p2b: Wo-Chien\n|-crit|p2b: Wo-Chien\n|-damage|p2b: Wo-Chien|72\/100\n|move|p2b: Wo-Chien|Pollen Puff|p1a: Murkrow\n|-damage|p1a: Murkrow|3\/100\n|\n|-weather|SunnyDay|[upkeep]\n|-heal|p2b: Wo-Chien|78\/100|[from] item: Leftovers\n|-damage|p1b: Great Tusk|51\/100|[from] Leech Seed|[of] p2b: Wo-Chien\n|-heal|p2b: Wo-Chien|90\/100|[silent]\n|upkeep\n|turn|4\n|\n|t:|1682553271\n|switch|p1a: Flutter Mane|Flutter Mane, L50|100\/100\n|-activate|p1a: Flutter Mane|ability: Protosynthesis\n|-start|p1a: Flutter Mane|protosynthesisspa\n|move|p1b: Great Tusk|Earthquake|p2a: Flutter Mane|[spread] p1a,p2a,p2b\n|-resisted|p2b: Wo-Chien\n|-damage|p1a: Flutter Mane|29\/100\n|-damage|p2a: Flutter Mane|0 fnt\n|-damage|p2b: Wo-Chien|72\/100\n|faint|p2a: Flutter Mane\n|-end|p2a: Flutter Mane|Protosynthesis|[silent]\n|move|p2b: Wo-Chien|Snarl|p1b: Great Tusk|[spread] p1a,p1b\n|-damage|p1a: Flutter Mane|16\/100\n|-damage|p1b: Great Tusk|32\/100\n|-unboost|p1a: Flutter Mane|spa|1\n|-unboost|p1b: Great Tusk|spa|1\n|\n|-weather|SunnyDay|[upkeep]\n|-heal|p2b: Wo-Chien|79\/100|[from] item: Leftovers\n|-damage|p1b: Great Tusk|20\/100|[from] Leech Seed|[of] p2b: Wo-Chien\n|-heal|p2b: Wo-Chien|91\/100|[silent]\n|upkeep\n|\n|t:|1682553291\n|switch|p2a: Arcanine|Arcanine, L50, M|100\/100\n|-ability|p2a: Arcanine|Intimidate|boost\n|-unboost|p1a: Flutter Mane|atk|1\n|-unboost|p1b: Great Tusk|atk|1\n|turn|5\n|\n|t:|1682553314\n|-end|p1b: Great Tusk|Protosynthesis|[silent]\n|switch|p1b: Murkrow|Murkrow, L50, F, shiny|3\/100\n|move|p2b: Wo-Chien|Protect|p2b: Wo-Chien\n|-singleturn|p2b: Wo-Chien|Protect\n|move|p1a: Flutter Mane|Moonblast|p2a: Arcanine\n|-resisted|p2a: Arcanine\n|-damage|p2a: Arcanine|72\/100\n|move|p2a: Arcanine|Flare Blitz|p1b: Murkrow\n|-damage|p1b: Murkrow|0 fnt\n|faint|p1b: Murkrow\n|-damage|p2a: Arcanine|72\/100|[from] Recoil\n|\n|-weather|SunnyDay|[upkeep]\n|-heal|p2b: Wo-Chien|97\/100|[from] item: Leftovers\n|-sideend|p1: Gioilele|move: Tailwind\n|upkeep\n|\n|t:|1682553325\n|switch|p1b: Great Tusk|Great Tusk, L50, tera:Steel|20\/100\n|-activate|p1b: Great Tusk|ability: Protosynthesis\n|-start|p1b: Great Tusk|protosynthesisatk\n|turn|6\n|\n|t:|1682553336\n|switch|p2b: Glimmora|Glimmora, L50, F|100\/100\n|move|p2a: Arcanine|Protect|p2a: Arcanine\n|-singleturn|p2a: Arcanine|Protect\n|move|p1b: Great Tusk|Headlong Rush|p2a: Arcanine\n|-activate|p2a: Arcanine|move: Protect\n|move|p1a: Flutter Mane|Moonblast|p2b: Glimmora\n|-resisted|p2b: Glimmora\n|-damage|p2b: Glimmora|77\/100\n|\n|-weather|SunnyDay|[upkeep]\n|upkeep\n|turn|7\n|\n|t:|1682553364\n|switch|p2a: Wo-Chien|Wo-Chien, L50|97\/100\n|-ability|p2a: Wo-Chien|Tablets of Ruin\n|move|p1b: Great Tusk|Headlong Rush|p2b: Glimmora\n|-supereffective|p2b: Glimmora\n|-crit|p2b: Glimmora\n|-damage|p2b: Glimmora|0 fnt\n|-unboost|p1b: Great Tusk|def|1\n|-unboost|p1b: Great Tusk|spd|1\n|-activate|p2b: Glimmora|ability: Toxic Debris\n|-sidestart|p1: Gioilele|move: Toxic Spikes\n|faint|p2b: Glimmora\n|move|p1a: Flutter Mane|Moonblast|p2a: Wo-Chien\n|-supereffective|p2a: Wo-Chien\n|-damage|p2a: Wo-Chien|22\/100\n|\n|-weather|none\n|-end|p1b: Great Tusk|Protosynthesis\n|-end|p1a: Flutter Mane|Protosynthesis\n|-heal|p2a: Wo-Chien|28\/100|[from] item: Leftovers\n|upkeep\n|\n|t:|1682553381\n|switch|p2b: Arcanine|Arcanine, L50, M|72\/100\n|-ability|p2b: Arcanine|Intimidate|boost\n|-unboost|p1a: Flutter Mane|atk|1\n|-unboost|p1b: Great Tusk|atk|1\n|turn|8\n|\n|t:|1682553405\n|-terastallize|p2b: Arcanine|Water\n|move|p2a: Wo-Chien|Protect|p2a: Wo-Chien\n|-singleturn|p2a: Wo-Chien|Protect\n|move|p1b: Great Tusk|Headlong Rush|p2b: Arcanine\n|-damage|p2b: Arcanine|38\/100\n|-unboost|p1b: Great Tusk|def|1\n|-unboost|p1b: Great Tusk|spd|1\n|move|p1a: Flutter Mane|Moonblast|p2a: Wo-Chien\n|-activate|p2a: Wo-Chien|move: Protect\n|move|p2b: Arcanine|Flare Blitz|p1a: Flutter Mane\n|-damage|p1a: Flutter Mane|0 fnt\n|faint|p1a: Flutter Mane\n|-end|p1a: Flutter Mane|Protosynthesis|[silent]\n|-damage|p2b: Arcanine|35\/100|[from] Recoil\n|\n|-heal|p2a: Wo-Chien|34\/100|[from] item: Leftovers\n|upkeep\n|\n|t:|1682553408\n|switch|p1a: Chi-Yu|Chi-Yu, L50|100\/100\n|-status|p1a: Chi-Yu|psn\n|-ability|p1a: Chi-Yu|Beads of Ruin\n|turn|9\n|\n|t:|1682553437\n|move|p2b: Arcanine|Protect|p2b: Arcanine\n|-singleturn|p2b: Arcanine|Protect\n|move|p1b: Great Tusk|Headlong Rush|p2b: Arcanine\n|-activate|p2b: Arcanine|move: Protect\n|move|p1a: Chi-Yu|Heat Wave|p2a: Wo-Chien|[spread] p2a\n|-activate|p2b: Arcanine|move: Protect\n|-supereffective|p2a: Wo-Chien\n|-damage|p2a: Wo-Chien|0 fnt\n|faint|p2a: Wo-Chien\n|-damage|p1a: Chi-Yu|90\/100 psn|[from] item: Life Orb\n|\n|-damage|p1a: Chi-Yu|78\/100 psn|[from] psn\n|upkeep\n|turn|10\n|\n|t:|1682553450\n|move|p1b: Great Tusk|Headlong Rush|p2b: Arcanine\n|-damage|p2b: Arcanine|0 fnt\n|-unboost|p1b: Great Tusk|def|1\n|-unboost|p1b: Great Tusk|spd|1\n|faint|p2b: Arcanine\n|\n|win|Gioilele\n","uploadtime":1682553455,"views":17,"p1id":"gioilele","p2id":"vivian20","formatid":"gen9vgc2023regulationc","rating":0,"private":0,"password":""}