{"id":"gen9vgc2023regulationc-1858455919","p1":"Topperlecat","p2":"yuuuuuuuuuj","format":"[Gen 9] VGC 2023 Regulation C","log":"|j|\u2606Topperlecat\n|j|\u2606yuuuuuuuuuj\n|t:|1683314010\n|gametype|doubles\n|player|p1|Topperlecat|n|1247\n|player|p2|yuuuuuuuuuj|2|1261\n|teamsize|p1|6\n|teamsize|p2|6\n|gen|9\n|tier|[Gen 9] VGC 2023 Regulation C\n|rated|\n|rule|Species Clause: Limit one of each Pok\u00e9mon\n|rule|Item Clause: Limit one of each item\n|clearpoke\n|poke|p1|Gastrodon-East, L50, M|\n|poke|p1|Iron Bundle, L50|\n|poke|p1|Indeedee-F, L50, F|\n|poke|p1|Ceruledge, L50, M|\n|poke|p1|Kingambit, L50, F|\n|poke|p1|Ting-Lu, L50|\n|poke|p2|Medicham, L50, F|\n|poke|p2|Grimmsnarl, L50, M|\n|poke|p2|Revavroom, L50, M|\n|poke|p2|Ting-Lu, L50|\n|poke|p2|Flamigo, L50, F|\n|poke|p2|Meowscarada, L50, M|\n|teampreview|4\nyuuuuuuuuuj rejected open team sheets.\n|inactive|Battle timer is ON: inactive players will automatically lose when time's up. (requested by yuuuuuuuuuj)\n|c|\u2606Topperlecat|Glhf\n|inactive|Topperlecat has 60 seconds left.\n|inactive|Topperlecat has 30 seconds left.\n|\n|t:|1683314084\n|start\n|switch|p1a: wombo combo|Ceruledge, L50, M|100\/100\n|switch|p1b: brbrbrbrbr|Gastrodon-East, L50, M|100\/100\n|switch|p2a: Grimmsnarl|Grimmsnarl, L50, M|100\/100\n|switch|p2b: Revavroom|Revavroom, L50, M|100\/100\n|turn|1\n|\n|t:|1683314094\n|-terastallize|p2b: Revavroom|Water\n|move|p2a: Grimmsnarl|Thunder Wave|p1a: wombo combo\n|-status|p1a: wombo combo|par\n|move|p2b: Revavroom|Shift Gear|p2b: Revavroom\n|-boost|p2b: Revavroom|spe|2\n|-boost|p2b: Revavroom|atk|1\n|move|p1b: brbrbrbrbr|Yawn|p2a: Grimmsnarl\n|-start|p2a: Grimmsnarl|move: Yawn|[of] p1b: brbrbrbrbr\n|move|p1a: wombo combo|Bitter Blade|p2b: Revavroom\n|-resisted|p2b: Revavroom\n|-damage|p2b: Revavroom|79\/100\n|\n|upkeep\n|turn|2\n|inactive|Topperlecat has 30 seconds left.\n|\n|t:|1683314129\n|switch|p2a: Medicham|Medicham, L50, F|100\/100\n|-terastallize|p1a: wombo combo|Grass\n|move|p2b: Revavroom|Iron Defense|p2b: Revavroom\n|-boost|p2b: Revavroom|def|2\n|move|p1b: brbrbrbrbr|Ice Beam|p2a: Medicham\n|-damage|p2a: Medicham|68\/100\n|move|p1a: wombo combo|Tera Blast|p2b: Revavroom\n|-supereffective|p2b: Revavroom\n|-damage|p2b: Revavroom|49\/100\n|\n|upkeep\n|turn|3\n|\n|t:|1683314151\n|move|p2b: Revavroom|Iron Head|p1b: brbrbrbrbr\n|-resisted|p1b: brbrbrbrbr\n|-damage|p1b: brbrbrbrbr|72\/100\n|move|p2a: Medicham|Psych Up|p2b: Revavroom\n|-copyboost|p2a: Medicham|p2b: Revavroom|[from] move: Psych Up\n|cant|p1b: brbrbrbrbr|flinch\n|move|p1a: wombo combo|Tera Blast|p2b: Revavroom\n|-supereffective|p2b: Revavroom\n|-damage|p2b: Revavroom|22\/100\n|\n|upkeep\n|turn|4\n|\n|t:|1683314165\n|move|p2b: Revavroom|Iron Head|p1b: brbrbrbrbr\n|-resisted|p1b: brbrbrbrbr\n|-damage|p1b: brbrbrbrbr|45\/100\n|-enditem|p1b: brbrbrbrbr|Sitrus Berry|[eat]\n|-heal|p1b: brbrbrbrbr|70\/100|[from] item: Sitrus Berry\n|move|p2a: Medicham|Drain Punch|p1b: brbrbrbrbr\n|-damage|p1b: brbrbrbrbr|0 fnt\n|-heal|p2a: Medicham|100\/100|[from] drain|[of] p1b: brbrbrbrbr\n|faint|p1b: brbrbrbrbr\n|move|p1a: wombo combo|Shadow Claw|p2a: Medicham\n|-supereffective|p2a: Medicham\n|-damage|p2a: Medicham|56\/100\n|\n|upkeep\n|\n|t:|1683314170\n|switch|p1b: happy feet|Iron Bundle, L50|100\/100\n|turn|5\n|\n|t:|1683314194\n|move|p2b: Revavroom|Iron Head|p1a: wombo combo\n|-damage|p1a: wombo combo|52\/100 par\n|move|p1b: happy feet|Hydro Pump|p2a: Medicham\n|-damage|p2a: Medicham|0 fnt\n|faint|p2a: Medicham\n|move|p1a: wombo combo|Shadow Claw|p2b: Revavroom\n|-damage|p2b: Revavroom|4\/100\n|\n|upkeep\n|\n|t:|1683314202\n|switch|p2a: Grimmsnarl|Grimmsnarl, L50, M|100\/100\n|turn|6\n|\n|t:|1683314212\n|move|p2a: Grimmsnarl|Thunder Wave|p1b: happy feet\n|-status|p1b: happy feet|par\n|move|p2b: Revavroom|Iron Head|p1a: wombo combo\n|-damage|p1a: wombo combo|6\/100 par\n|move|p1b: happy feet|Freeze-Dry|p2b: Revavroom\n|-supereffective|p2b: Revavroom\n|-damage|p2b: Revavroom|0 fnt\n|faint|p2b: Revavroom\n|move|p1a: wombo combo|Bitter Blade|p2a: Grimmsnarl\n|-damage|p2a: Grimmsnarl|69\/100\n|-heal|p1a: wombo combo|24\/100 par|[from] drain|[of] p2a: Grimmsnarl\n|\n|upkeep\n|\n|t:|1683314217\n|switch|p2b: Flamigo|Flamigo, L50, F|100\/100\n|-copyboost|p2b: Flamigo|p2a: Grimmsnarl|[from] ability: Costar\n|turn|7\n|\n|t:|1683314228\n|move|p2b: Flamigo|Double Kick|p1b: happy feet\n|-supereffective|p1b: happy feet\n|-damage|p1b: happy feet|58\/100 par\n|-supereffective|p1b: happy feet\n|-damage|p1b: happy feet|20\/100 par\n|-hitcount|p1b: happy feet|2\n|move|p1b: happy feet|Freeze-Dry|p2b: Flamigo\n|-supereffective|p2b: Flamigo\n|-damage|p2b: Flamigo|0 fnt\n|faint|p2b: Flamigo\n|move|p2a: Grimmsnarl|Spirit Break|p1b: happy feet\n|-damage|p1b: happy feet|0 fnt\n|faint|p1b: happy feet\n|-end|p1b: happy feet|Quark Drive|[silent]\n|move|p1a: wombo combo|Bitter Blade|p2a: Grimmsnarl\n|-damage|p2a: Grimmsnarl|38\/100\n|-heal|p1a: wombo combo|41\/100 par|[from] drain|[of] p2a: Grimmsnarl\n|\n|upkeep\n|\n|t:|1683314239\n|switch|p1b: THE GOAT|Ting-Lu, L50|100\/100\n|-ability|p1b: THE GOAT|Vessel of Ruin\n|turn|8\n|-message|yuuuuuuuuuj forfeited.\n|\n|win|Topperlecat\n|raw|Topperlecat's rating: 1247 → 1273<\/strong> (+26 for winning)\n|raw|yuuuuuuuuuj's rating: 1261 → 1235<\/strong> (-26 for losing)\n|l|\u2606yuuuuuuuuuj\n","uploadtime":1683314246,"views":11,"p1id":"topperlecat","p2id":"yuuuuuuuuuj","formatid":"gen9vgc2023regulationc","rating":1235,"private":0,"password":""}