{"id":"gen9vgc2023regulationc-1855285150","p1":"Kratas","p2":"Delilahman","format":"[Gen 9] VGC 2023 Regulation C","log":"|j|\u2606Kratas\n|j|\u2606Delilahman\n|t:|1682929953\n|gametype|doubles\n|player|p1|Kratas|cynthia|\n|player|p2|Delilahman|steven|\n|teamsize|p1|6\n|teamsize|p2|6\n|gen|9\n|tier|[Gen 9] VGC 2023 Regulation C\n|rated|Tournament battle\n|rule|Species Clause: Limit one of each Pok\u00e9mon\n|rule|Item Clause: Limit one of each item\n|clearpoke\n|poke|p1|Corviknight, L50, M|\n|poke|p1|Garchomp, L50, M|\n|poke|p1|Dragonite, L50, M|\n|poke|p1|Iron Bundle, L50|\n|poke|p1|Flutter Mane, L50|\n|poke|p1|Amoonguss, L50, F|\n|poke|p2|Flutter Mane, L50|\n|poke|p2|Amoonguss, L50, F|\n|poke|p2|Arcanine, L50, M|\n|poke|p2|Iron Hands, L50|\n|poke|p2|Kingambit, L50, F|\n|poke|p2|Gastrodon-East, L50, F|\n|teampreview|4\n|raw| Open Team Sheet for Kratas<\/summary>Rammstein (Corviknight) (M) @ Choice Band Ability: Mirror Armor Level: 50 Shiny: Yes Tera Type: Dragon - Brave Bird - Iron Head - Body Press - U-turn Moth\u00f6rhead (Garchomp) (M) @ Choice Scarf Ability: Rough Skin Level: 50 Shiny: Yes Tera Type: Ground - Earthquake - Dragon Claw - Rock Slide - Brick Break Boney M. (Dragonite) (M) @ Lum Berry Ability: Multiscale Level: 50 Tera Type: Flying - Tera Blast - Extreme Speed - Protect - Ice Spinner The doors (Iron Bundle) @ Focus Sash Ability: Quark Drive Level: 50 Tera Type: Ghost - Icy Wind - Freeze-Dry - Hydro Pump - Protect Queen (Flutter Mane) @ Booster Energy Ability: Protosynthesis Level: 50 Tera Type: Steel - Protect - Moonblast - Shadow Ball - Dazzling Gleam Janis joplin (Amoonguss) (F) @ Sitrus Berry Ability: Regenerator Level: 50 Shiny: Yes Tera Type: Water - Spore - Rage Powder - Pollen Puff - Protect <\/details><\/div> Open Team Sheet for Delilahman<\/summary>Flutter Mane @ Booster Energy Ability: Protosynthesis Level: 50 Tera Type: Electric - Dazzling Gleam - Thunderbolt - Hex - Protect Amoonguss @ Rocky Helmet Ability: Regenerator Level: 50 Tera Type: Water - Pollen Puff - Rage Powder - Protect - Spore Arcanine (M) @ Safety Goggles Ability: Intimidate Level: 50 Shiny: Yes Tera Type: Normal - Will-O-Wisp - Flare Blitz - Protect - Extreme Speed Iron Hands @ Life Orb Ability: Quark Drive Level: 50 Tera Type: Grass - Drain Punch - Fake Out - Protect - Swords Dance Kingambit @ Assault Vest Ability: Defiant Level: 50 Tera Type: Flying - Kowtow Cleave - Sucker Punch - Brick Break - Iron Head Gastrodon (Gastrodon-East) @ Sitrus Berry Ability: Storm Drain Level: 50 Tera Type: Ghost - Earth Power - Muddy Water - Protect - Recover <\/details><\/div>\n|c|\u2606Delilahman|glhf\n|c|\u2606Kratas|gl\n|c|\u2606Kratas|glhf\n|\n|t:|1682930097\n|start\n|switch|p1a: Rammstein|Corviknight, L50, M, shiny|100\/100\n|switch|p1b: The doors|Iron Bundle, L50|100\/100\n|switch|p2a: Gastrodon|Gastrodon-East, L50, F|100\/100\n|switch|p2b: Flutter Mane|Flutter Mane, L50|100\/100\n|-enditem|p2b: Flutter Mane|Booster Energy\n|-activate|p2b: Flutter Mane|ability: Protosynthesis|[fromitem]\n|-start|p2b: Flutter Mane|protosynthesisspe\n|turn|1\n|\n|t:|1682930157\n|switch|p1a: Moth\u00f6rhead|Garchomp, L50, M, shiny|100\/100\n|move|p2b: Flutter Mane|Thunderbolt|p1b: The doors\n|-supereffective|p1b: The doors\n|-enditem|p1b: The doors|Focus Sash\n|-damage|p1b: The doors|1\/100\n|move|p1b: The doors|Icy Wind|p2a: Gastrodon|[spread] p2a,p2b\n|-damage|p2a: Gastrodon|87\/100\n|-damage|p2b: Flutter Mane|81\/100\n|-unboost|p2a: Gastrodon|spe|1\n|-unboost|p2b: Flutter Mane|spe|1\n|move|p2a: Gastrodon|Muddy Water|p1a: Moth\u00f6rhead|[spread] p1a,p1b\n|-resisted|p1b: The doors\n|-damage|p1a: Moth\u00f6rhead|82\/100\n|-damage|p1b: The doors|0 fnt\n|faint|p1b: The doors\n|-end|p1b: The doors|Quark Drive|[silent]\n|\n|upkeep\n|\n|t:|1682930172\n|switch|p1b: Rammstein|Corviknight, L50, M, shiny|100\/100\n|turn|2\n|\n|t:|1682930191\n|-terastallize|p1a: Moth\u00f6rhead|Ground\n|move|p2b: Flutter Mane|Protect|p2b: Flutter Mane\n|-singleturn|p2b: Flutter Mane|Protect\n|move|p1a: Moth\u00f6rhead|Earthquake|p2b: Flutter Mane|[spread] p2a\n|-activate|p2b: Flutter Mane|move: Protect\n|-immune|p1b: Rammstein\n|-damage|p2a: Gastrodon|35\/100\n|-enditem|p2a: Gastrodon|Sitrus Berry|[eat]\n|-heal|p2a: Gastrodon|60\/100|[from] item: Sitrus Berry\n|move|p1b: Rammstein|Brave Bird|p2a: Gastrodon\n|-damage|p2a: Gastrodon|0 fnt\n|faint|p2a: Gastrodon\n|-damage|p1b: Rammstein|80\/100|[from] Recoil\n|\n|upkeep\n|\n|t:|1682930217\n|switch|p2a: Arcanine|Arcanine, L50, M, shiny|100\/100\n|-ability|p2a: Arcanine|Intimidate|boost\n|-unboost|p1a: Moth\u00f6rhead|atk|1\n|-ability|p1b: Rammstein|Mirror Armor\n|-unboost|p2a: Arcanine|atk|1\n|turn|3\n|\n|t:|1682930267\n|move|p1a: Moth\u00f6rhead|Earthquake|p2a: Arcanine|[spread] p2a,p2b\n|-immune|p1b: Rammstein\n|-supereffective|p2a: Arcanine\n|-damage|p2a: Arcanine|20\/100\n|-damage|p2b: Flutter Mane|28\/100\n|move|p2b: Flutter Mane|Dazzling Gleam|p1b: Rammstein|[spread] p1a,p1b\n|-resisted|p1b: Rammstein\n|-damage|p1a: Moth\u00f6rhead|57\/100\n|-damage|p1b: Rammstein|68\/100\n|move|p2a: Arcanine|Flare Blitz|p1b: Rammstein\n|-supereffective|p1b: Rammstein\n|-damage|p1b: Rammstein|2\/100\n|-damage|p2a: Arcanine|0 fnt|[from] Recoil\n|faint|p2a: Arcanine\n|move|p1b: Rammstein|Brave Bird|p2b: Flutter Mane\n|-damage|p2b: Flutter Mane|0 fnt\n|faint|p2b: Flutter Mane\n|-end|p2b: Flutter Mane|Protosynthesis|[silent]\n|-damage|p1b: Rammstein|0 fnt|[from] Recoil\n|faint|p1b: Rammstein\n|\n|upkeep\n|\n|t:|1682930282\n|switch|p2b: Kingambit|Kingambit, L50, F|100\/100\n|switch|p1b: Queen|Flutter Mane, L50|100\/100\n|-enditem|p1b: Queen|Booster Energy\n|-activate|p1b: Queen|ability: Protosynthesis|[fromitem]\n|-start|p1b: Queen|protosynthesisspe\n|turn|4\n|\n|t:|1682930290\n|-terastallize|p2b: Kingambit|Flying\n|move|p1b: Queen|Protect|p1b: Queen\n|-singleturn|p1b: Queen|Protect\n|move|p1a: Moth\u00f6rhead|Earthquake|p2b: Kingambit|[spread] \n|-activate|p1b: Queen|move: Protect\n|-immune|p2b: Kingambit\n|move|p2b: Kingambit|Iron Head|p1b: Queen\n|-activate|p1b: Queen|move: Protect\n|\n|upkeep\n|turn|5\n|\n|t:|1682930302\n|move|p1b: Queen|Moonblast|p2b: Kingambit\n|-damage|p2b: Kingambit|70\/100\n|-unboost|p2b: Kingambit|spa|1\n|-ability|p2b: Kingambit|Defiant|boost\n|-boost|p2b: Kingambit|atk|2\n|move|p1a: Moth\u00f6rhead|Earthquake|p2b: Kingambit|[spread] p1b\n|-immune|p2b: Kingambit\n|-damage|p1b: Queen|44\/100\n|move|p2b: Kingambit|Iron Head|p1b: Queen\n|-supereffective|p1b: Queen\n|-damage|p1b: Queen|0 fnt\n|faint|p1b: Queen\n|-end|p1b: Queen|Protosynthesis|[silent]\n|\n|upkeep\n|turn|6\n|c|\u2606Kratas|gg\n|c|\u2606Delilahman|gg\n|\n|t:|1682930327\n|move|p1a: Moth\u00f6rhead|Earthquake|p2b: Kingambit\n|-immune|p2b: Kingambit\n|move|p2b: Kingambit|Kowtow Cleave|p1a: Moth\u00f6rhead\n|-damage|p1a: Moth\u00f6rhead|0 fnt\n|-damage|p2b: Kingambit|58\/100|[from] ability: Rough Skin|[of] p1a: Moth\u00f6rhead\n|faint|p1a: Moth\u00f6rhead\n|\n|win|Delilahman\n|n|\u2606Kratas|kratas\n|n|\u2606Delilahman|delilahman\n","uploadtime":1682930328,"views":30,"p1id":"kratas","p2id":"delilahman","formatid":"gen9vgc2023regulationc","rating":0,"private":0,"password":""}