{"id":"gen9vgc2023regulationc-1855493812","p1":"Kaku-the-best","p2":"BlindMagneton","format":"[Gen 9] VGC 2023 Regulation C","log":"|j|\u2606Kaku-the-best\n|j|\u2606BlindMagneton\n|t:|1682956467\n|gametype|doubles\n|player|p1|Kaku-the-best|ninjaboy|1315\n|player|p2|BlindMagneton|169|1269\n|teamsize|p1|6\n|teamsize|p2|6\n|gen|9\n|tier|[Gen 9] VGC 2023 Regulation C\n|rated|\n|rule|Species Clause: Limit one of each Pok\u00e9mon\n|rule|Item Clause: Limit one of each item\n|clearpoke\n|poke|p1|Arcanine, L50, M|\n|poke|p1|Dragonite, L50, M|\n|poke|p1|Ting-Lu, L50|\n|poke|p1|Orthworm, L50, F|\n|poke|p1|Flutter Mane, L50|\n|poke|p1|Chien-Pao, L50|\n|poke|p2|Iron Bundle, L50|\n|poke|p2|Sandy Shocks, L50|\n|poke|p2|Pelipper, L50, M|\n|poke|p2|Scizor, L50, M|\n|poke|p2|Clodsire, L50, F|\n|poke|p2|Ceruledge, L50, F|\n|teampreview|4\n|inactive|Battle timer is ON: inactive players will automatically lose when time's up. (requested by Kaku-the-best)\n|inactive|BlindMagneton has 60 seconds left.\n|\n|t:|1682956589\n|start\n|switch|p1a: Arcanine|Arcanine, L50, M|100\/100\n|switch|p1b: Orthworm|Orthworm, L50, F|100\/100\n|switch|p2a: Sandy Shocks|Sandy Shocks, L50|100\/100\n|switch|p2b: Iron Bundle|Iron Bundle, L50|100\/100\n|-ability|p1a: Arcanine|Intimidate|boost\n|-unboost|p2a: Sandy Shocks|atk|1\n|-unboost|p2b: Iron Bundle|atk|1\n|-enditem|p2a: Sandy Shocks|Booster Energy\n|-activate|p2a: Sandy Shocks|ability: Protosynthesis|[fromitem]\n|-start|p2a: Sandy Shocks|protosynthesisspe\n|turn|1\n|\n|t:|1682956613\n|switch|p1a: Ting-Lu|Ting-Lu, L50|100\/100\n|-ability|p1a: Ting-Lu|Vessel of Ruin\n|-terastallize|p2b: Iron Bundle|Water\n|move|p2a: Sandy Shocks|Gravity|p2a: Sandy Shocks\n|-fieldstart|move: Gravity\n|move|p2b: Iron Bundle|Hydro Pump|p1b: Orthworm\n|-damage|p1b: Orthworm|7\/100\n|-enditem|p1b: Orthworm|Sitrus Berry|[eat]\n|-heal|p1b: Orthworm|32\/100|[from] item: Sitrus Berry\n|move|p1b: Orthworm|Shed Tail|p1b: Orthworm\n|-fail|p1b: Orthworm|move: Shed Tail|[weak]\n|\n|upkeep\n|turn|2\n|inactive|Kaku-the-best has 30 seconds left.\n|inactive|BlindMagneton has 30 seconds left.\n|inactive|BlindMagneton has 20 seconds left.\n|\n|t:|1682956652\n|-end|p2a: Sandy Shocks|Protosynthesis|[silent]\n|switch|p2a: Pelipper|Pelipper, L50, M|100\/100\n|-weather|RainDance|[from] ability: Drizzle|[of] p2a: Pelipper\n|move|p2b: Iron Bundle|Hydro Pump|p1a: Ting-Lu\n|-supereffective|p1a: Ting-Lu\n|-damage|p1a: Ting-Lu|0 fnt\n|faint|p1a: Ting-Lu\n|move|p1b: Orthworm|Body Press|p2a: Pelipper\n|-resisted|p2a: Pelipper\n|-damage|p2a: Pelipper|83\/100\n|\n|-weather|RainDance|[upkeep]\n|upkeep\n|\n|t:|1682956664\n|switch|p1a: Dragonite|Dragonite, L50, M|100\/100\n|turn|3\n|\n|t:|1682956676\n|-end|p2b: Iron Bundle|Quark Drive|[silent]\n|switch|p2b: Ceruledge|Ceruledge, L50, F|100\/100\n|-terastallize|p1a: Dragonite|Flying\n|move|p1a: Dragonite|Tera Blast|p2b: Ceruledge\n|-damage|p2b: Ceruledge|37\/100\n|-ability|p2b: Ceruledge|Weak Armor|boost\n|-unboost|p2b: Ceruledge|def|1\n|-boost|p2b: Ceruledge|spe|2\n|move|p2a: Pelipper|Hydro Pump|p1b: Orthworm\n|-damage|p1b: Orthworm|0 fnt\n|faint|p1b: Orthworm\n|\n|-weather|RainDance|[upkeep]\n|upkeep\n|\n|t:|1682956688\n|switch|p1b: Arcanine|Arcanine, L50, M|100\/100\n|-ability|p1b: Arcanine|Intimidate|boost\n|-unboost|p2a: Pelipper|atk|1\n|-unboost|p2b: Ceruledge|atk|1\n|turn|4\n|inactive|BlindMagneton has 30 seconds left.\n|inactive|BlindMagneton has 20 seconds left.\n|inactive|BlindMagneton has 15 seconds left.\n|inactive|BlindMagneton has 10 seconds left.\n|\n|t:|1682956738\n|move|p2b: Ceruledge|Will-O-Wisp|p1a: Dragonite\n|-status|p1a: Dragonite|brn\n|-enditem|p1a: Dragonite|Lum Berry|[eat]\n|-curestatus|p1a: Dragonite|brn|[msg]\n|move|p1a: Dragonite|Earthquake|p2a: Pelipper|[spread] p1b,p2a,p2b\n|-supereffective|p1b: Arcanine\n|-supereffective|p2b: Ceruledge\n|-damage|p1b: Arcanine|59\/100\n|-damage|p2a: Pelipper|45\/100\n|-damage|p2b: Ceruledge|0 fnt\n|faint|p2b: Ceruledge\n|move|p1b: Arcanine|Howl|p1b: Arcanine|[spread] p1a,p1b\n|-boost|p1a: Dragonite|atk|1\n|-boost|p1b: Arcanine|atk|1\n|move|p2a: Pelipper|Tailwind|p2a: Pelipper\n|-sidestart|p2: BlindMagneton|move: Tailwind\n|\n|-weather|RainDance|[upkeep]\n|upkeep\n|inactive|BlindMagneton has 30 seconds left.\n|\n|t:|1682956765\n|switch|p2b: Sandy Shocks|Sandy Shocks, L50|100\/100\n|turn|5\n|\n|t:|1682956782\n|move|p1a: Dragonite|Extreme Speed|p2a: Pelipper\n|-damage|p2a: Pelipper|0 fnt\n|faint|p2a: Pelipper\n|move|p2b: Sandy Shocks|Thunder|p1a: Dragonite\n|-supereffective|p1a: Dragonite\n|-damage|p1a: Dragonite|45\/100\n|move|p1b: Arcanine|Bulldoze|p2b: Sandy Shocks|[spread] p1a,p2b\n|-supereffective|p2b: Sandy Shocks\n|-damage|p1a: Dragonite|24\/100\n|-damage|p2b: Sandy Shocks|60\/100\n|-unboost|p1a: Dragonite|spe|1\n|-unboost|p2b: Sandy Shocks|spe|1\n|\n|-weather|RainDance|[upkeep]\n|-fieldend|move: Gravity\n|upkeep\n|\n|t:|1682956794\n|switch|p2a: Iron Bundle|Iron Bundle, L50, tera:Water|100\/100\n|turn|6\n|inactive|Kaku-the-best has 30 seconds left.\n|inactive|Kaku-the-best has 20 seconds left.\n|inactive|Kaku-the-best has 15 seconds left.\n|\n|t:|1682956837\n|move|p1a: Dragonite|Extreme Speed|p2b: Sandy Shocks\n|-damage|p2b: Sandy Shocks|9\/100\n|move|p2a: Iron Bundle|Tera Blast|p1a: Dragonite\n|-damage|p1a: Dragonite|0 fnt\n|faint|p1a: Dragonite\n|move|p2b: Sandy Shocks|Earth Power|p1b: Arcanine\n|-supereffective|p1b: Arcanine\n|-damage|p1b: Arcanine|0 fnt\n|faint|p1b: Arcanine\n|\n|win|BlindMagneton\n|raw|Kaku-the-best's rating: 1315 → 1292<\/strong> (-23 for losing)\n|raw|BlindMagneton's rating: 1269 → 1297<\/strong> (+28 for winning)\n|l|\u2606Kaku-the-best\n","uploadtime":1682956851,"views":23,"p1id":"kakuthebest","p2id":"blindmagneton","formatid":"gen9vgc2023regulationc","rating":1292,"private":0,"password":""}