{"id":"gen9vgc2023regulationc-1860570669","p1":"Ffghhgd","p2":"BaltimoreBuizels","format":"[Gen 9] VGC 2023 Regulation C","log":"|j|\u2606Ffghhgd\n|j|\u2606BaltimoreBuizels\n|t:|1683655423\n|gametype|doubles\n|player|p1|Ffghhgd|265|1048\n|player|p2|BaltimoreBuizels|flannery|1141\n|teamsize|p1|6\n|teamsize|p2|6\n|gen|9\n|tier|[Gen 9] VGC 2023 Regulation C\n|rated|\n|rule|Species Clause: Limit one of each Pok\u00e9mon\n|rule|Item Clause: Limit one of each item\n|clearpoke\n|poke|p1|Armarouge, L50, M|\n|poke|p1|Indeedee-F, L50, F|\n|poke|p1|Annihilape, L50, M|\n|poke|p1|Torkoal, L50, M|\n|poke|p1|Roaring Moon, L50|\n|poke|p1|Hatterene, L50, F|\n|poke|p2|Dragapult, L50, F|\n|poke|p2|Chien-Pao, L50|\n|poke|p2|Talonflame, L50, M|\n|poke|p2|Iron Bundle, L50|\n|poke|p2|Flutter Mane, L50|\n|poke|p2|Amoonguss, L50, F|\n|teampreview|4\n|\n|t:|1683655460\n|start\n|switch|p1a: Armarouge|Armarouge, L50, M|100\/100\n|switch|p1b: Indeedee|Indeedee-F, L50, F|100\/100\n|switch|p2a: Whimsi-Pao|Chien-Pao, L50|100\/100\n|switch|p2b: Fluttercott|Flutter Mane, L50, shiny|100\/100\n|-ability|p2a: Whimsi-Pao|Sword of Ruin\n|-fieldstart|move: Psychic Terrain|[from] ability: Psychic Surge|[of] p1b: Indeedee\n|-enditem|p1b: Indeedee|Psychic Seed\n|-boost|p1b: Indeedee|spd|1|[from] item: Psychic Seed\n|turn|1\n|\n|t:|1683655490\n|-terastallize|p1a: Armarouge|Grass\n|move|p1b: Indeedee|Protect|p1b: Indeedee\n|-singleturn|p1b: Indeedee|Protect\n|move|p2a: Whimsi-Pao|Ice Spinner|p1b: Indeedee\n|-activate|p1b: Indeedee|move: Protect\n|move|p2b: Fluttercott|Dazzling Gleam|p1a: Armarouge|[spread] p1a\n|-activate|p1b: Indeedee|move: Protect\n|-damage|p1a: Armarouge|50\/100\n|move|p1a: Armarouge|Armor Cannon|p2a: Whimsi-Pao\n|-supereffective|p2a: Whimsi-Pao\n|-enditem|p2a: Whimsi-Pao|Focus Sash\n|-damage|p2a: Whimsi-Pao|1\/100\n|-unboost|p1a: Armarouge|def|1\n|-unboost|p1a: Armarouge|spd|1\n|\n|upkeep\n|turn|2\n|\n|t:|1683655513\n|move|p2a: Whimsi-Pao|Protect|p2a: Whimsi-Pao\n|-singleturn|p2a: Whimsi-Pao|Protect\n|move|p2b: Fluttercott|Dazzling Gleam|p1a: Armarouge|[spread] p1a,p1b\n|-damage|p1a: Armarouge|0 fnt\n|-damage|p1b: Indeedee|69\/100\n|faint|p1a: Armarouge\n|move|p1b: Indeedee|Trick Room|p1b: Indeedee\n|-fieldstart|move: Trick Room|[of] p1b: Indeedee\n|\n|upkeep\n|\n|t:|1683655522\n|switch|p1a: Torkoal|Torkoal, L50, M|100\/100\n|-weather|SunnyDay|[from] ability: Drought|[of] p1a: Torkoal\n|-activate|p2b: Fluttercott|ability: Protosynthesis\n|-start|p2b: Fluttercott|protosynthesisspa\n|turn|3\n|\n|t:|1683655537\n|switch|p2a: Turkeyleg|Dragapult, L50, F, shiny|100\/100\n|-terastallize|p2b: Fluttercott|Water\n|move|p1a: Torkoal|Eruption|p2b: Fluttercott|[spread] p2a,p2b\n|-resisted|p2a: Turkeyleg\n|-resisted|p2b: Fluttercott\n|-damage|p2a: Turkeyleg|45\/100\n|-damage|p2b: Fluttercott|56\/100\n|move|p1b: Indeedee|Dazzling Gleam|p2a: Turkeyleg|[spread] p2a,p2b\n|-supereffective|p2a: Turkeyleg\n|-damage|p2a: Turkeyleg|7\/100\n|-damage|p2b: Fluttercott|41\/100\n|move|p2b: Fluttercott|Dazzling Gleam|p1a: Torkoal|[spread] p1a,p1b\n|-resisted|p1a: Torkoal\n|-damage|p1a: Torkoal|58\/100\n|-damage|p1b: Indeedee|30\/100\n|\n|-weather|SunnyDay|[upkeep]\n|upkeep\n|turn|4\n|\n|t:|1683655558\n|move|p2a: Turkeyleg|Protect|p2a: Turkeyleg\n|-singleturn|p2a: Turkeyleg|Protect\n|move|p1a: Torkoal|Earth Power|p2b: Fluttercott\n|-damage|p2b: Fluttercott|16\/100\n|move|p1b: Indeedee|Dazzling Gleam|p2b: Fluttercott|[spread] p2b\n|-activate|p2a: Turkeyleg|move: Protect\n|-damage|p2b: Fluttercott|3\/100\n|move|p2b: Fluttercott|Dazzling Gleam|p1b: Indeedee|[spread] p1a,p1b\n|-resisted|p1a: Torkoal\n|-damage|p1a: Torkoal|19\/100\n|-damage|p1b: Indeedee|0 fnt\n|faint|p1b: Indeedee\n|\n|-weather|SunnyDay|[upkeep]\n|upkeep\n|\n|t:|1683655567\n|switch|p1b: Hatterene|Hatterene, L50, F|100\/100\n|turn|5\n|\n|t:|1683655577\n|move|p1a: Torkoal|Eruption|p2b: Fluttercott|[spread] p2a,p2b\n|-resisted|p2a: Turkeyleg\n|-resisted|p2b: Fluttercott\n|-damage|p2a: Turkeyleg|0 fnt\n|-damage|p2b: Fluttercott|0 fnt\n|faint|p2a: Turkeyleg\n|faint|p2b: Fluttercott\n|-end|p2b: Fluttercott|Protosynthesis|[silent]\n|move|p1b: Hatterene|Substitute|p1b: Hatterene\n|-start|p1b: Hatterene|Substitute\n|-damage|p1b: Hatterene|75\/100\n|\n|-weather|SunnyDay|[upkeep]\n|-fieldend|move: Psychic Terrain\n|upkeep\n|\n|t:|1683655579\n|switch|p2b: Gimbob|Iron Bundle, L50, shiny|100\/100\n|switch|p2a: Whimsi-Pao|Chien-Pao, L50|1\/100\n|-ability|p2a: Whimsi-Pao|Sword of Ruin\n|-enditem|p2b: Gimbob|Booster Energy\n|-activate|p2b: Gimbob|ability: Quark Drive|[fromitem]\n|-start|p2b: Gimbob|quarkdrivespe\n|turn|6\n|\n|t:|1683655615\n|move|p2a: Whimsi-Pao|Sucker Punch|p1a: Torkoal\n|-damage|p1a: Torkoal|0 fnt\n|faint|p1a: Torkoal\n|move|p1b: Hatterene|Psychic|p2b: Gimbob\n|-damage|p2b: Gimbob|0 fnt\n|faint|p2b: Gimbob\n|-end|p2b: Gimbob|Quark Drive|[silent]\n|-damage|p1b: Hatterene|66\/100|[from] item: Life Orb\n|\n|-weather|SunnyDay|[upkeep]\n|-fieldend|move: Trick Room\n|upkeep\n|turn|7\n|\n|t:|1683655633\n|move|p2a: Whimsi-Pao|Ice Spinner|p1b: Hatterene\n|-end|p1b: Hatterene|Substitute\n|move|p1b: Hatterene|Dazzling Gleam|p2a: Whimsi-Pao\n|-supereffective|p2a: Whimsi-Pao\n|-damage|p2a: Whimsi-Pao|0 fnt\n|faint|p2a: Whimsi-Pao\n|-damage|p1b: Hatterene|56\/100|[from] item: Life Orb\n|\n|win|Ffghhgd\n|raw|Ffghhgd's rating: 1048 → 1089<\/strong> (+41 for winning)\n|raw|BaltimoreBuizels's rating: 1141 → 1109<\/strong> (-32 for losing)\n","uploadtime":1683655641,"views":20,"p1id":"ffghhgd","p2id":"baltimorebuizels","formatid":"gen9vgc2023regulationc","rating":1089,"private":0,"password":""}