{"id":"gen9vgc2023regulationc-1862703063","p1":"Dynamo22","p2":"Rack VGC","format":"[Gen 9] VGC 2023 Regulation C","log":"|j|\u2606Dynamo22\n|j|\u2606Rack VGC\n|t:|1683913617\n|gametype|doubles\n|player|p1|Dynamo22|1|1236\n|player|p2|Rack VGC|265|1239\n|teamsize|p1|6\n|teamsize|p2|6\n|gen|9\n|tier|[Gen 9] VGC 2023 Regulation C\n|rated|\n|rule|Species Clause: Limit one of each Pok\u00e9mon\n|rule|Item Clause: Limit one of each item\n|clearpoke\n|poke|p1|Scizor, L50, F|\n|poke|p1|Pyroar, L50, F|\n|poke|p1|Gyarados, L50, M|\n|poke|p1|Amoonguss, L50, M|\n|poke|p1|Ting-Lu, L50|\n|poke|p1|Chien-Pao, L50|\n|poke|p2|Tyranitar, L50, M|\n|poke|p2|Lycanroc, L50, F|\n|poke|p2|Amoonguss, L50, F|\n|poke|p2|Flutter Mane, L50|\n|poke|p2|Baxcalibur, L50, M|\n|poke|p2|Volcarona, L50, M|\n|teampreview|4\n|inactive|Battle timer is ON: inactive players will automatically lose when time's up. (requested by Rack VGC)\n|inactive|Dynamo22 has 60 seconds left.\n|inactive|Rack VGC has 60 seconds left.\n|inactive|Rack VGC has 30 seconds left.\n|\n|t:|1683913687\n|start\n|switch|p1a: Scizor|Scizor, L50, F|100\/100\n|switch|p1b: Ting-Lu|Ting-Lu, L50|100\/100\n|switch|p2a: Amoonguss|Amoonguss, L50, F|100\/100\n|switch|p2b: Volcarona|Volcarona, L50, M|100\/100\n|-ability|p1b: Ting-Lu|Vessel of Ruin\n|turn|1\n|\n|t:|1683913710\n|-terastallize|p2b: Volcarona|Water\n|-terastallize|p1a: Scizor|Fire\n|move|p2b: Volcarona|Quiver Dance|p2b: Volcarona\n|-boost|p2b: Volcarona|spa|1\n|-boost|p2b: Volcarona|spd|1\n|-boost|p2b: Volcarona|spe|1\n|move|p1a: Scizor|Tera Blast|p2a: Amoonguss\n|-supereffective|p2a: Amoonguss\n|-damage|p2a: Amoonguss|31\/100\n|move|p1b: Ting-Lu|Ruination|p2b: Volcarona\n|-damage|p2b: Volcarona|50\/100\n|move|p2a: Amoonguss|Spore|p1b: Ting-Lu\n|-status|p1b: Ting-Lu|slp|[from] move: Spore\n|\n|upkeep\n|turn|2\n|inactive|Dynamo22 has 30 seconds left.\n|\n|t:|1683913735\n|switch|p2a: Baxcalibur|Baxcalibur, L50, M|100\/100\n|move|p1a: Scizor|Bullet Punch|p2a: Baxcalibur\n|-supereffective|p2a: Baxcalibur\n|-damage|p2a: Baxcalibur|37\/100\n|move|p2b: Volcarona|Giga Drain|p1b: Ting-Lu\n|-supereffective|p1b: Ting-Lu\n|-damage|p1b: Ting-Lu|75\/100 slp\n|-heal|p2b: Volcarona|66\/100|[from] drain|[of] p1b: Ting-Lu\n|cant|p1b: Ting-Lu|slp\n|\n|upkeep\n|turn|3\n|\n|t:|1683913751\n|move|p2a: Baxcalibur|Protect|p2a: Baxcalibur\n|-singleturn|p2a: Baxcalibur|Protect\n|move|p1a: Scizor|Bullet Punch|p2a: Baxcalibur\n|-activate|p2a: Baxcalibur|move: Protect\n|move|p2b: Volcarona|Quiver Dance|p2b: Volcarona\n|-boost|p2b: Volcarona|spa|1\n|-boost|p2b: Volcarona|spd|1\n|-boost|p2b: Volcarona|spe|1\n|cant|p1b: Ting-Lu|slp\n|\n|upkeep\n|turn|4\n|\n|t:|1683913764\n|switch|p2a: Amoonguss|Amoonguss, L50, F|65\/100\n|move|p1a: Scizor|Bullet Punch|p2a: Amoonguss\n|-damage|p2a: Amoonguss|40\/100\n|-damage|p1a: Scizor|84\/100|[from] item: Rocky Helmet|[of] p2a: Amoonguss\n|move|p2b: Volcarona|Giga Drain|p1b: Ting-Lu\n|-supereffective|p1b: Ting-Lu\n|-damage|p1b: Ting-Lu|42\/100 slp\n|-heal|p2b: Volcarona|86\/100|[from] drain|[of] p1b: Ting-Lu\n|cant|p1b: Ting-Lu|slp\n|\n|upkeep\n|turn|5\n|\n|t:|1683913785\n|move|p2b: Volcarona|Giga Drain|p1b: Ting-Lu\n|-supereffective|p1b: Ting-Lu\n|-damage|p1b: Ting-Lu|9\/100 slp\n|-heal|p2b: Volcarona|100\/100|[from] drain|[of] p1b: Ting-Lu\n|move|p1a: Scizor|Tera Blast|p2a: Amoonguss\n|-supereffective|p2a: Amoonguss\n|-damage|p2a: Amoonguss|0 fnt\n|faint|p2a: Amoonguss\n|-curestatus|p1b: Ting-Lu|slp|[msg]\n|move|p1b: Ting-Lu|Stomping Tantrum|p2b: Volcarona\n|-damage|p2b: Volcarona|33\/100\n|-status|p1b: Ting-Lu|brn|[from] ability: Flame Body|[of] p2b: Volcarona\n|\n|-damage|p1b: Ting-Lu|3\/100 brn|[from] brn\n|upkeep\n|\n|t:|1683913810\n|switch|p2a: Flutter Mane|Flutter Mane, L50|100\/100\n|turn|6\n|\n|t:|1683913824\n|move|p1a: Scizor|Bullet Punch|p2a: Flutter Mane\n|-supereffective|p2a: Flutter Mane\n|-damage|p2a: Flutter Mane|0 fnt\n|faint|p2a: Flutter Mane\n|-end|p2a: Flutter Mane|Protosynthesis|[silent]\n|move|p2b: Volcarona|Giga Drain|p1a: Scizor\n|-resisted|p1a: Scizor\n|-damage|p1a: Scizor|63\/100\n|-heal|p2b: Volcarona|43\/100|[from] drain|[of] p1a: Scizor\n|move|p1b: Ting-Lu|Stomping Tantrum|p2b: Volcarona\n|-damage|p2b: Volcarona|26\/100\n|\n|-damage|p1b: Ting-Lu|0 fnt|[from] brn\n|faint|p1b: Ting-Lu\n|upkeep\n|\n|t:|1683913838\n|switch|p2a: Baxcalibur|Baxcalibur, L50, M|37\/100\n|switch|p1b: Gyarados|Gyarados, L50, M|100\/100\n|-ability|p1b: Gyarados|Intimidate|boost\n|-fail|p2a: Baxcalibur|unboost|[from] item: Clear Amulet|[of] p2a: Baxcalibur\n|-unboost|p2b: Volcarona|atk|1\n|turn|7\n|-message|Rack VGC forfeited.\n|\n|win|Dynamo22\n|raw|Dynamo22's rating: 1236 → 1261<\/strong> (+25 for winning)\n|raw|Rack VGC's rating: 1239 → 1214<\/strong> (-25 for losing)\n|l|\u2606Rack VGC\n","uploadtime":1683913872,"views":11,"p1id":"dynamo22","p2id":"rackvgc","formatid":"gen9vgc2023regulationc","rating":1214,"private":0,"password":""}