{"id":"gen9vgc2023regulationc-1845807341","p1":"VGC_Shellshocker","p2":"Pkm_Ant","format":"[Gen 9] VGC 2023 Regulation C","log":"|j|\u2606VGC_Shellshocker\n|j|\u2606Pkm_Ant\n|t:|1681766541\n|gametype|doubles\n|player|p1|VGC_Shellshocker|swimmerf-gen4|1200\n|player|p2|Pkm_Ant|101|1111\n|teamsize|p1|6\n|teamsize|p2|6\n|gen|9\n|tier|[Gen 9] VGC 2023 Regulation C\n|rated|\n|rule|Species Clause: Limit one of each Pok\u00e9mon\n|rule|Item Clause: Limit one of each item\n|clearpoke\n|poke|p1|Chien-Pao, L50|\n|poke|p1|Palafin, L50, M|\n|poke|p1|Amoonguss, L50, M|\n|poke|p1|Arcanine, L50, F|\n|poke|p1|Flutter Mane, L50|\n|poke|p1|Iron Hands, L50|\n|poke|p2|Garchomp, L50, F|\n|poke|p2|Talonflame, L50, M|\n|poke|p2|Barraskewda, L50, F|\n|poke|p2|Dragapult, L50, M|\n|poke|p2|Goodra, L50, F|\n|poke|p2|Grimmsnarl, L50, M|\n|teampreview|4\n|\n|t:|1681766619\n|start\n|switch|p1a: Chien-Pao|Chien-Pao, L50|100\/100\n|switch|p1b: Arcanine|Arcanine, L50, F|100\/100\n|switch|p2a: Talonflame|Talonflame, L50, M|100\/100\n|switch|p2b: Dragapult|Dragapult, L50, M|100\/100\n|-ability|p1a: Chien-Pao|Sword of Ruin\n|-ability|p1b: Arcanine|Intimidate|boost\n|-unboost|p2a: Talonflame|atk|1\n|-fail|p2b: Dragapult|unboost|[from] ability: Clear Body|[of] p2b: Dragapult\n|turn|1\n|inactive|Battle timer is ON: inactive players will automatically lose when time's up. (requested by VGC_Shellshocker)\n|inactive|Pkm_Ant has 60 seconds left.\n|\n|t:|1681766669\n|-terastallize|p2b: Dragapult|Bug\n|move|p1b: Arcanine|Extreme Speed|p2a: Talonflame\n|-damage|p2a: Talonflame|46\/100\n|move|p1a: Chien-Pao|Ice Shard|p2b: Dragapult\n|-damage|p2b: Dragapult|62\/100\n|move|p2b: Dragapult|U-turn|p1a: Chien-Pao\n|-supereffective|p1a: Chien-Pao\n|-enditem|p1a: Chien-Pao|Focus Sash\n|-damage|p1a: Chien-Pao|1\/100\n|-damage|p2b: Dragapult|52\/100|[from] item: Life Orb\n|\n|t:|1681766682\n|switch|p2b: Garchomp|Garchomp, L50, F|100\/100|[from] U-turn\n|move|p2a: Talonflame|Tailwind|p2a: Talonflame\n|-sidestart|p2: Pkm_Ant|move: Tailwind\n|\n|upkeep\n|turn|2\n|\n|t:|1681766705\n|-terastallize|p1b: Arcanine|Water\n|move|p1b: Arcanine|Protect|p1b: Arcanine\n|-singleturn|p1b: Arcanine|Protect\n|move|p2a: Talonflame|Quick Guard|p2a: Talonflame\n|-singleturn|p2a: Talonflame|Quick Guard\n|move|p1a: Chien-Pao|Ice Shard|p2b: Garchomp\n|-activate|p2b: Garchomp|move: Quick Guard\n|move|p2b: Garchomp|Earthquake|p1a: Chien-Pao|[spread] p1a\n|-activate|p1b: Arcanine|move: Protect\n|-immune|p2a: Talonflame\n|-damage|p1a: Chien-Pao|0 fnt\n|faint|p1a: Chien-Pao\n|\n|upkeep\n|\n|t:|1681766723\n|switch|p1a: Flutter Mane|Flutter Mane, L50|100\/100\n|turn|3\n|\n|t:|1681766732\n|move|p2b: Garchomp|Protect|p2b: Garchomp\n|-singleturn|p2b: Garchomp|Protect\n|move|p1b: Arcanine|Extreme Speed|p2a: Talonflame\n|-damage|p2a: Talonflame|8\/100\n|move|p2a: Talonflame|Brave Bird|p1a: Flutter Mane\n|-damage|p1a: Flutter Mane|34\/100\n|-damage|p2a: Talonflame|0 fnt|[from] Recoil\n|faint|p2a: Talonflame\n|move|p1a: Flutter Mane|Dazzling Gleam|p2b: Garchomp\n|-activate|p2b: Garchomp|move: Protect\n|\n|upkeep\n|\n|t:|1681766745\n|switch|p2a: Dragapult|Dragapult, L50, M, tera:Bug|52\/100\n|turn|4\n|\n|t:|1681766759\n|move|p1a: Flutter Mane|Protect|p1a: Flutter Mane\n|-singleturn|p1a: Flutter Mane|Protect\n|move|p2a: Dragapult|Phantom Force||[still]\n|-prepare|p2a: Dragapult|Phantom Force\n|move|p2b: Garchomp|Earthquake|p1b: Arcanine|[spread] p1b\n|-miss|p2b: Garchomp|p2a: Dragapult\n|-activate|p1a: Flutter Mane|move: Protect\n|-damage|p1b: Arcanine|49\/100\n|move|p1b: Arcanine|Flare Blitz|p2a: Dragapult|[miss]\n|-miss|p1b: Arcanine|p2a: Dragapult\n|\n|-sideend|p2: Pkm_Ant|move: Tailwind\n|upkeep\n|turn|5\n|-message|VGC_Shellshocker forfeited.\n|\n|win|Pkm_Ant\n|raw|VGC_Shellshocker's rating: 1200 → 1169<\/strong> (-31 for losing)\n|raw|Pkm_Ant's rating: 1111 → 1142<\/strong> (+31 for winning)\n|l|\u2606VGC_Shellshocker\n","uploadtime":1681766773,"views":5,"p1id":"vgcshellshocker","p2id":"pkmant","formatid":"gen9vgc2023regulationc","rating":1142,"private":0,"password":""}