{"id":"gen9vgc2023regulationc-1858210650","p1":"LeafeonLou12","p2":"Nicohaxvgc","format":"[Gen 9] VGC 2023 Regulation C","log":"|j|\u2606LeafeonLou12\n|j|\u2606Nicohaxvgc\n|t:|1683291417\n|gametype|doubles\n|player|p1|LeafeonLou12|265|1242\n|player|p2|Nicohaxvgc|hilbert-wonderlauncher|1221\n|teamsize|p1|6\n|teamsize|p2|6\n|gen|9\n|tier|[Gen 9] VGC 2023 Regulation C\n|rated|\n|rule|Species Clause: Limit one of each Pok\u00e9mon\n|rule|Item Clause: Limit one of each item\n|clearpoke\n|poke|p1|Grumpig, L50, M|\n|poke|p1|Maushold-Four, L50|\n|poke|p1|Torkoal, L50, F|\n|poke|p1|Annihilape, L50, M|\n|poke|p1|Flutter Mane, L50|\n|poke|p1|Chi-Yu, L50|\n|poke|p2|Corviknight, L50, F|\n|poke|p2|Ting-Lu, L50|\n|poke|p2|Annihilape, L50, M|\n|poke|p2|Maushold, L50|\n|poke|p2|Iron Bundle, L50|\n|poke|p2|Flutter Mane, L50|\n|teampreview|4\n|inactive|Battle timer is ON: inactive players will automatically lose when time's up. (requested by Nicohaxvgc)\n|inactive|Nicohaxvgc has 60 seconds left.\nLeafeonLou12 has agreed to open team sheets.\n|\n|t:|1683291478\n|start\n|switch|p1a: Annihilape|Annihilape, L50, M|100\/100\n|switch|p1b: FuckLillikoal|Grumpig, L50, M, shiny|100\/100\n|switch|p2a: Star fire|Flutter Mane, L50|100\/100\n|switch|p2b: Cyborg|Iron Bundle, L50|100\/100\n|-enditem|p2b: Cyborg|Booster Energy\n|-activate|p2b: Cyborg|ability: Quark Drive|[fromitem]\n|-start|p2b: Cyborg|quarkdrivespe\n|turn|1\n|inactive|Nicohaxvgc has 30 seconds left.\n|\n|t:|1683291506\n|-terastallize|p2a: Star fire|Fairy\n|-terastallize|p1b: FuckLillikoal|Dark\n|move|p2b: Cyborg|Hydro Pump|p1a: Annihilape\n|-damage|p1a: Annihilape|52\/100\n|move|p1a: Annihilape|Final Gambit|p2b: Cyborg\n|-damage|p2b: Cyborg|34\/100\n|faint|p1a: Annihilape\n|move|p2a: Star fire|Shadow Ball|p1b: FuckLillikoal\n|-resisted|p1b: FuckLillikoal\n|-crit|p1b: FuckLillikoal\n|-damage|p1b: FuckLillikoal|62\/100\n|move|p1b: FuckLillikoal|Trick Room|p1b: FuckLillikoal\n|-fieldstart|move: Trick Room|[of] p1b: FuckLillikoal\n|\n|upkeep\n|\n|t:|1683291516\n|switch|p1a: Torkoal|Torkoal, L50, F|100\/100\n|-weather|SunnyDay|[from] ability: Drought|[of] p1a: Torkoal\n|-activate|p2a: Star fire|ability: Protosynthesis\n|-start|p2a: Star fire|protosynthesisspe\n|turn|2\n|\n|t:|1683291529\n|-end|p2a: Star fire|Protosynthesis|[silent]\n|switch|p2a: Beast boy|Ting-Lu, L50|100\/100\n|-ability|p2a: Beast boy|Vessel of Ruin\n|move|p2b: Cyborg|Protect|p2b: Cyborg\n|-singleturn|p2b: Cyborg|Protect\n|move|p1a: Torkoal|Eruption|p2a: Beast boy|[spread] p2a\n|-activate|p2b: Cyborg|move: Protect\n|-damage|p2a: Beast boy|64\/100\n|move|p1b: FuckLillikoal|Snarl|p2a: Beast boy|[spread] p2a\n|-activate|p2b: Cyborg|move: Protect\n|-resisted|p2a: Beast boy\n|-damage|p2a: Beast boy|61\/100\n|-unboost|p2a: Beast boy|spa|1\n|\n|-weather|SunnyDay|[upkeep]\n|upkeep\n|turn|3\n|\n|t:|1683291551\n|-end|p2b: Cyborg|Quark Drive|[silent]\n|switch|p2b: Aure-Corne|Maushold, L50|100\/100\n|move|p1a: Torkoal|Eruption|p2b: Aure-Corne|[spread] p2a,p2b\n|-damage|p2a: Beast boy|30\/100\n|-damage|p2b: Aure-Corne|23\/100\n|move|p2a: Beast boy|Stomping Tantrum|p1a: Torkoal\n|-supereffective|p1a: Torkoal\n|-damage|p1a: Torkoal|55\/100\n|move|p1b: FuckLillikoal|Icy Wind|p2a: Beast boy|[spread] p2a\n|-miss|p1b: FuckLillikoal|p2b: Aure-Corne\n|-supereffective|p2a: Beast boy\n|-damage|p2a: Beast boy|24\/100\n|-unboost|p2a: Beast boy|spe|1\n|\n|-weather|SunnyDay|[upkeep]\n|upkeep\n|turn|4\n|inactive|Nicohaxvgc has 30 seconds left.\n|inactive|Nicohaxvgc has 20 seconds left.\n|\n|t:|1683291587\n|move|p2b: Aure-Corne|Protect|p2b: Aure-Corne\n|-singleturn|p2b: Aure-Corne|Protect\n|move|p1a: Torkoal|Eruption|p2a: Beast boy|[spread] p2a\n|-activate|p2b: Aure-Corne|move: Protect\n|-damage|p2a: Beast boy|8\/100\n|move|p2a: Beast boy|Rock Slide|p1b: FuckLillikoal|[spread] p1a,p1b\n|-supereffective|p1a: Torkoal\n|-damage|p1a: Torkoal|32\/100\n|-damage|p1b: FuckLillikoal|40\/100\n|move|p1b: FuckLillikoal|Snarl|p2a: Beast boy|[spread] p2a\n|-activate|p2b: Aure-Corne|move: Protect\n|-resisted|p2a: Beast boy\n|-damage|p2a: Beast boy|5\/100\n|-unboost|p2a: Beast boy|spa|1\n|\n|-weather|SunnyDay|[upkeep]\n|upkeep\n|turn|5\n|\n|t:|1683291611\n|switch|p1a: Chi-Yu|Chi-Yu, L50|100\/100\n|-ability|p1a: Chi-Yu|Beads of Ruin\n|move|p2a: Beast boy|Rock Slide|p1b: FuckLillikoal|[spread] p1a,p1b\n|-supereffective|p1a: Chi-Yu\n|-damage|p1a: Chi-Yu|47\/100\n|-damage|p1b: FuckLillikoal|20\/100\n|cant|p1b: FuckLillikoal|flinch\n|move|p2b: Aure-Corne|Super Fang|p1b: FuckLillikoal\n|-damage|p1b: FuckLillikoal|11\/100\n|\n|-weather|SunnyDay|[upkeep]\n|-fieldend|move: Trick Room\n|upkeep\n|turn|6\n|inactive|Nicohaxvgc has 30 seconds left.\n|\n|t:|1683291640\n|move|p1a: Chi-Yu|Heat Wave|p2a: Beast boy|[spread] p2b\n|-miss|p1a: Chi-Yu|p2a: Beast boy\n|-damage|p2b: Aure-Corne|0 fnt\n|faint|p2b: Aure-Corne\n|move|p2a: Beast boy|Rock Slide|p1b: FuckLillikoal|[spread] p1a\n|-miss|p2a: Beast boy|p1b: FuckLillikoal\n|-supereffective|p1a: Chi-Yu\n|-damage|p1a: Chi-Yu|0 fnt\n|faint|p1a: Chi-Yu\n|move|p1b: FuckLillikoal|Trick Room|p1b: FuckLillikoal\n|-fieldstart|move: Trick Room|[of] p1b: FuckLillikoal\n|\n|-weather|none\n|upkeep\n|\n|t:|1683291656\n|switch|p2b: Cyborg|Iron Bundle, L50|34\/100\n|switch|p1a: Torkoal|Torkoal, L50, F|32\/100\n|-weather|SunnyDay|[from] ability: Drought|[of] p1a: Torkoal\n|turn|7\n|\n|t:|1683291672\n|move|p1a: Torkoal|Heat Wave|p2b: Cyborg|[spread] p2b\n|-miss|p1a: Torkoal|p2a: Beast boy\n|-damage|p2b: Cyborg|0 fnt\n|faint|p2b: Cyborg\n|-end|p2b: Cyborg|Quark Drive|[silent]\n|move|p2a: Beast boy|Rock Slide|p1b: FuckLillikoal|[spread] p1a,p1b\n|-supereffective|p1a: Torkoal\n|-damage|p1a: Torkoal|10\/100\n|-damage|p1b: FuckLillikoal|0 fnt\n|faint|p1b: FuckLillikoal\n|\n|-weather|SunnyDay|[upkeep]\n|upkeep\n|\n|t:|1683291681\n|switch|p2b: Star fire|Flutter Mane, L50, tera:Fairy|100\/100\n|-activate|p2b: Star fire|ability: Protosynthesis\n|-start|p2b: Star fire|protosynthesisspe\n|turn|8\n|\n|t:|1683291691\n|move|p1a: Torkoal|Heat Wave|p2a: Beast boy|[spread] p2a,p2b\n|-damage|p2a: Beast boy|0 fnt\n|-damage|p2b: Star fire|55\/100\n|faint|p2a: Beast boy\n|move|p2b: Star fire|Shadow Ball|p1a: Torkoal\n|-damage|p1a: Torkoal|0 fnt\n|faint|p1a: Torkoal\n|\n|win|Nicohaxvgc\n|raw|LeafeonLou12's rating: 1242 → 1215<\/strong> (-27 for losing)\n|raw|Nicohaxvgc's rating: 1221 → 1248<\/strong> (+27 for winning)\n|l|\u2606LeafeonLou12\n","uploadtime":1683291699,"views":12,"p1id":"leafeonlou12","p2id":"nicohaxvgc","formatid":"gen9vgc2023regulationc","rating":1215,"private":0,"password":""}