{"id":"gen9vgc2023regulationc-1851079158","p1":"El Bamfo 420","p2":"ultramandyna","format":"[Gen 9] VGC 2023 Regulation C","log":"|j|\u2606El Bamfo 420\n|j|\u2606ultramandyna\n|t:|1682405534\n|gametype|doubles\n|player|p1|El Bamfo 420|hiker-gen4|1047\n|player|p2|ultramandyna|265|1041\n|teamsize|p1|6\n|teamsize|p2|6\n|gen|9\n|tier|[Gen 9] VGC 2023 Regulation C\n|rated|\n|rule|Species Clause: Limit one of each Pok\u00e9mon\n|rule|Item Clause: Limit one of each item\n|clearpoke\n|poke|p1|Annihilape, L50, F|\n|poke|p1|Dudunsparce-*, L50, M|\n|poke|p1|Mimikyu, L50, F|\n|poke|p1|Amoonguss, L50, M|\n|poke|p1|Garganacl, L50, M|\n|poke|p1|Ting-Lu, L50|\n|poke|p2|Ting-Lu, L50|\n|poke|p2|Wo-Chien, L50|\n|poke|p2|Chi-Yu, L50|\n|poke|p2|Corviknight, L50, M|\n|poke|p2|Haxorus, L50, M|\n|poke|p2|Baxcalibur, L50, M|\n|teampreview|4\n|inactive|Battle timer is ON: inactive players will automatically lose when time's up. (requested by ultramandyna)\n|\n|t:|1682405619\n|start\n|switch|p1a: Amoonguss|Amoonguss, L50, M|100\/100\n|switch|p1b: Mimikyu|Mimikyu, L50, F|100\/100\n|switch|p2a: Ting-Lu|Ting-Lu, L50|100\/100\n|switch|p2b: Wo-Chien|Wo-Chien, L50|100\/100\n|-ability|p2b: Wo-Chien|Tablets of Ruin\n|-ability|p2a: Ting-Lu|Vessel of Ruin\n|turn|1\n|\n|t:|1682405643\n|move|p2b: Wo-Chien|Ruination|p1b: Mimikyu\n|-activate|p1b: Mimikyu|ability: Disguise\n|-damage|p1b: Mimikyu|100\/100\n|detailschange|p1b: Mimikyu|Mimikyu-Busted, L50, F\n|-damage|p1b: Mimikyu|88\/100|[from] pokemon: Mimikyu-Busted\n|move|p2a: Ting-Lu|Fissure|p1a: Amoonguss|[miss]\n|-miss|p2a: Ting-Lu|p1a: Amoonguss\n|move|p1a: Amoonguss|Pollen Puff|p2b: Wo-Chien\n|-supereffective|p2b: Wo-Chien\n|-damage|p2b: Wo-Chien|57\/100\n|move|p1b: Mimikyu|Trick Room|p1b: Mimikyu\n|-fieldstart|move: Trick Room|[of] p1b: Mimikyu\n|\n|-heal|p2b: Wo-Chien|63\/100|[from] item: Leftovers\n|upkeep\n|turn|2\n|inactive|El Bamfo 420 has 30 seconds left.\n|inactive|ultramandyna has 30 seconds left.\n|\n|t:|1682405674\n|switch|p2b: Corviknight|Corviknight, L50, M|100\/100\n|move|p1a: Amoonguss|Pollen Puff|p2b: Corviknight\n|-resisted|p2b: Corviknight\n|-damage|p2b: Corviknight|98\/100\n|move|p2a: Ting-Lu|Stomping Tantrum|p1b: Mimikyu\n|-damage|p1b: Mimikyu|22\/100\n|-enditem|p1b: Mimikyu|Sitrus Berry|[eat]\n|-heal|p1b: Mimikyu|47\/100|[from] item: Sitrus Berry\n|move|p1b: Mimikyu|Curse|p2a: Ting-Lu\n|-start|p2a: Ting-Lu|Curse|[of] p1b: Mimikyu\n|-damage|p1b: Mimikyu|0 fnt\n|faint|p1b: Mimikyu\n|\n|-damage|p2a: Ting-Lu|76\/100|[from] Curse\n|upkeep\n|\n|t:|1682405696\n|switch|p1b: Garganacl|Garganacl, L50, M|100\/100\n|turn|3\n|\n|t:|1682405713\n|-terastallize|p1b: Garganacl|Ghost\n|move|p1a: Amoonguss|Foul Play|p2b: Corviknight\n|-damage|p2b: Corviknight|82\/100\n|-damage|p1a: Amoonguss|84\/100|[from] item: Rocky Helmet|[of] p2b: Corviknight\n|move|p1b: Garganacl|Block|p2a: Ting-Lu\n|-activate|p2a: Ting-Lu|trapped\n|move|p2a: Ting-Lu|Fissure|p1b: Garganacl\n|-damage|p1b: Garganacl|0 fnt\n|faint|p1b: Garganacl\n|-ohko\n|move|p2b: Corviknight|Iron Defense|p2b: Corviknight\n|-boost|p2b: Corviknight|def|2\n|\n|-heal|p1a: Amoonguss|90\/100|[from] item: Black Sludge\n|-damage|p2a: Ting-Lu|51\/100|[from] Curse\n|upkeep\n|\n|t:|1682405732\n|switch|p1b: Ting-Lu|Ting-Lu, L50|100\/100\n|-ability|p1b: Ting-Lu|Vessel of Ruin\n|turn|4\n|\n|t:|1682405746\n|move|p1a: Amoonguss|Pollen Puff|p2a: Ting-Lu\n|-supereffective|p2a: Ting-Lu\n|-damage|p2a: Ting-Lu|38\/100\n|move|p2a: Ting-Lu|Fissure|p1b: Ting-Lu\n|-damage|p1b: Ting-Lu|0 fnt\n|faint|p1b: Ting-Lu\n|-ohko\n|move|p2b: Corviknight|Iron Defense|p2b: Corviknight\n|-boost|p2b: Corviknight|def|2\n|\n|-heal|p1a: Amoonguss|96\/100|[from] item: Black Sludge\n|-damage|p2a: Ting-Lu|13\/100|[from] Curse\n|upkeep\n|turn|5\n|\n|t:|1682405764\n|move|p1a: Amoonguss|Protect|p1a: Amoonguss\n|-singleturn|p1a: Amoonguss|Protect\n|move|p2a: Ting-Lu|Fissure|p1a: Amoonguss\n|-activate|p1a: Amoonguss|move: Protect\n|move|p2b: Corviknight|Body Press|p1a: Amoonguss\n|-activate|p1a: Amoonguss|move: Protect\n|\n|-heal|p1a: Amoonguss|100\/100|[from] item: Black Sludge\n|-damage|p2a: Ting-Lu|0 fnt|[from] Curse\n|faint|p2a: Ting-Lu\n|-fieldend|move: Trick Room\n|upkeep\n|\n|t:|1682405778\n|switch|p2a: Chi-Yu|Chi-Yu, L50|100\/100\n|-ability|p2a: Chi-Yu|Beads of Ruin\n|turn|6\n|\n|t:|1682405785\n|move|p1a: Amoonguss|Protect||[still]\n|-fail|p1a: Amoonguss\n|move|p2a: Chi-Yu|Overheat|p1a: Amoonguss\n|-supereffective|p1a: Amoonguss\n|-damage|p1a: Amoonguss|0 fnt\n|-unboost|p2a: Chi-Yu|spa|2\n|-enditem|p2a: Chi-Yu|Eject Pack\n|faint|p1a: Amoonguss\n|\n|win|ultramandyna\n|raw|El Bamfo 420's rating: 1047 → 1030<\/strong> (-17 for losing)\n|raw|ultramandyna's rating: 1041 → 1075<\/strong> (+34 for winning)\n","uploadtime":1682405802,"views":9,"p1id":"elbamfo420","p2id":"ultramandyna","formatid":"gen9vgc2023regulationc","rating":1030,"private":0,"password":""}