{"id":"gen9vgc2023regulationc-1858755760","p1":"They34","p2":"gorilnx","format":"[Gen 9] VGC 2023 Regulation C","log":"|j|\u2606They34\n|j|\u2606gorilnx\n|t:|1683354629\n|gametype|doubles\n|player|p1|They34|ruinmaniac|1444\n|player|p2|gorilnx|dawn-gen4pt|1298\n|teamsize|p1|6\n|teamsize|p2|6\n|gen|9\n|tier|[Gen 9] VGC 2023 Regulation C\n|rated|\n|rule|Species Clause: Limit one of each Pok\u00e9mon\n|rule|Item Clause: Limit one of each item\n|clearpoke\n|poke|p1|Ceruledge, L50, F|\n|poke|p1|Dragonite, L50, M|\n|poke|p1|Bronzong, L50|\n|poke|p1|Flutter Mane, L50|\n|poke|p1|Amoonguss, L50, F|\n|poke|p1|Ting-Lu, L50|\n|poke|p2|Palafin, L50, F|\n|poke|p2|Amoonguss, L50, F|\n|poke|p2|Flutter Mane, L50|\n|poke|p2|Arcanine, L50, M|\n|poke|p2|Ting-Lu, L50|\n|poke|p2|Baxcalibur, L50, M|\n|teampreview|4\n|inactive|Battle timer is ON: inactive players will automatically lose when time's up. (requested by gorilnx)\nThey34 has agreed to open team sheets.\n|inactive|They34 has 60 seconds left.\n|inactive|gorilnx has 60 seconds left.\n|\n|t:|1683354677\n|start\n|switch|p1a: Bronzong|Bronzong, L50|100\/100\n|switch|p1b: Amoonguss|Amoonguss, L50, F|100\/100\n|switch|p2a: Palafin|Palafin, L50, F|100\/100\n|switch|p2b: Ting-Lu|Ting-Lu, L50|100\/100\n|-ability|p2b: Ting-Lu|Vessel of Ruin\n|turn|1\n|\n|t:|1683354693\n|detailschange|p2a: Palafin|Palafin-Hero, L50, F\n|switch|p2a: Amoonguss|Amoonguss, L50, F|100\/100\n|-terastallize|p1a: Bronzong|Water\n|move|p2b: Ting-Lu|Fissure|p1b: Amoonguss\n|-damage|p1b: Amoonguss|0 fnt\n|faint|p1b: Amoonguss\n|-ohko\n|move|p1a: Bronzong|Trick Room|p1a: Bronzong\n|-fieldstart|move: Trick Room|[of] p1a: Bronzong\n|\n|upkeep\n|\n|t:|1683354713\n|switch|p1b: Ceruledge|Ceruledge, L50, F|100\/100\n|turn|2\n|\n|t:|1683354732\n|switch|p2a: Palafin|Palafin-Hero, L50, F|100\/100\n|-activate|p2a: Palafin|ability: Zero to Hero\n|move|p1a: Bronzong|Iron Defense|p1a: Bronzong\n|-boost|p1a: Bronzong|def|2\n|move|p2b: Ting-Lu|Stomping Tantrum|p1b: Ceruledge\n|-supereffective|p1b: Ceruledge\n|-damage|p1b: Ceruledge|20\/100\n|move|p1b: Ceruledge|Bitter Blade|p2a: Palafin\n|-resisted|p2a: Palafin\n|-damage|p2a: Palafin|78\/100\n|-heal|p1b: Ceruledge|33\/100|[from] drain|[of] p2a: Palafin\n|\n|upkeep\n|turn|3\n|\n|t:|1683354752\n|move|p1a: Bronzong|Body Press|p2b: Ting-Lu\n|-supereffective|p2b: Ting-Lu\n|-damage|p2b: Ting-Lu|49\/100\n|move|p2b: Ting-Lu|Stomping Tantrum|p1b: Ceruledge\n|-supereffective|p1b: Ceruledge\n|-crit|p1b: Ceruledge\n|-damage|p1b: Ceruledge|0 fnt\n|faint|p1b: Ceruledge\n|move|p2a: Palafin|Haze|p2a: Palafin\n|-clearallboost\n|\n|upkeep\n|\n|t:|1683354761\n|switch|p1b: Ting-Lu|Ting-Lu, L50|100\/100\n|-ability|p1b: Ting-Lu|Vessel of Ruin\n|turn|4\n|j| Tempest brute\n|\n|t:|1683354778\n|switch|p2b: Amoonguss|Amoonguss, L50, F|100\/100\n|move|p1a: Bronzong|Body Press|p2b: Amoonguss\n|-resisted|p2b: Amoonguss\n|-damage|p2b: Amoonguss|91\/100\n|move|p1b: Ting-Lu|Earthquake|p2a: Palafin|[spread] p2a,p2b\n|-immune|p1a: Bronzong|[from] ability: Levitate\n|-damage|p2a: Palafin|28\/100\n|-damage|p2b: Amoonguss|43\/100\n|-enditem|p2b: Amoonguss|Sitrus Berry|[eat]\n|-heal|p2b: Amoonguss|68\/100|[from] item: Sitrus Berry\n|move|p2a: Palafin|Wave Crash|p1b: Ting-Lu\n|-supereffective|p1b: Ting-Lu\n|-damage|p1b: Ting-Lu|0 fnt\n|faint|p1b: Ting-Lu\n|-damage|p2a: Palafin|0 fnt|[from] Recoil\n|faint|p2a: Palafin\n|\n|upkeep\n|\n|t:|1683354798\n|switch|p2a: Ting-Lu|Ting-Lu, L50|49\/100\n|-ability|p2a: Ting-Lu|Vessel of Ruin\n|turn|5\n|\n|t:|1683354816\n|move|p1a: Bronzong|Iron Defense|p1a: Bronzong\n|-boost|p1a: Bronzong|def|2\n|move|p2b: Amoonguss|Pollen Puff|p2a: Ting-Lu\n|-heal|p2a: Ting-Lu|98\/100\n|move|p2a: Ting-Lu|Ruination|p1a: Bronzong\n|-damage|p1a: Bronzong|50\/100\n|\n|-heal|p1a: Bronzong|56\/100|[from] item: Leftovers\n|-fieldend|move: Trick Room\n|upkeep\n|turn|6\n|\n|t:|1683354830\n|switch|p2a: Flutter Mane|Flutter Mane, L50|100\/100\n|move|p2b: Amoonguss|Spore|p1a: Bronzong\n|-status|p1a: Bronzong|slp|[from] move: Spore\n|cant|p1a: Bronzong|slp\n|\n|-heal|p1a: Bronzong|62\/100 slp|[from] item: Leftovers\n|upkeep\n|turn|7\n|l| Tempest brute\n|\n|t:|1683354845\n|-terastallize|p2a: Flutter Mane|Fairy\n|move|p2b: Amoonguss|Rage Powder|p2b: Amoonguss\n|-singleturn|p2b: Amoonguss|move: Rage Powder\n|move|p2a: Flutter Mane|Moonblast|p1a: Bronzong\n|-damage|p1a: Bronzong|0 fnt\n|faint|p1a: Bronzong\n|\n|win|gorilnx\n|raw|They34's rating: 1444 → 1416<\/strong> (-28 for losing)\n|raw|gorilnx's rating: 1298 → 1333<\/strong> (+35 for winning)\n","uploadtime":1683354855,"views":6,"p1id":"they34","p2id":"gorilnx","formatid":"gen9vgc2023regulationc","rating":1333,"private":0,"password":""}