{"id":"gen9vgc2023regulationc-1847932082","p1":"Mitico_Cristo","p2":"rudyxkam","format":"[Gen 9] VGC 2023 Regulation C","log":"|j|\u2606Mitico_Cristo\n|j|\u2606rudyxkam\n|t:|1682013728\n|gametype|doubles\n|player|p1|Mitico_Cristo|n|1137\n|player|p2|rudyxkam|gardenia|1178\n|teamsize|p1|6\n|teamsize|p2|6\n|gen|9\n|tier|[Gen 9] VGC 2023 Regulation C\n|rated|\n|rule|Species Clause: Limit one of each Pok\u00e9mon\n|rule|Item Clause: Limit one of each item\n|clearpoke\n|poke|p1|Ting-Lu, L50|\n|poke|p1|Ceruledge, L50, M|\n|poke|p1|Amoonguss, L50, M|\n|poke|p1|Gyarados, L50, F|\n|poke|p1|Flutter Mane, L50|\n|poke|p1|Chien-Pao, L50|\n|poke|p2|Grimmsnarl, L50, M|\n|poke|p2|Talonflame, L50, M|\n|poke|p2|Baxcalibur, L50, F|\n|poke|p2|Corviknight, L50, M|\n|poke|p2|Ting-Lu, L50|\n|poke|p2|Flutter Mane, L50|\n|teampreview|4\n|inactive|Battle timer is ON: inactive players will automatically lose when time's up. (requested by rudyxkam)\n|c|\u2606rudyxkam|glhf!\nrudyxkam has agreed to open team sheets.\n|c|\u2606rudyxkam|glhf!\n|inactive|rudyxkam has 60 seconds left.\n|inactive|rudyxkam has 30 seconds left.\nMitico_Cristo has agreed to open team sheets.\n|c|\u2606Mitico_Cristo|glhf\n|inactive|rudyxkam has 20 seconds left.\n|\n|t:|1682013799\n|start\n|switch|p1a: Gyarados|Gyarados, L50, F|100\/100\n|switch|p1b: Ceruledge|Ceruledge, L50, M|100\/100\n|switch|p2a: T. Gojira|Baxcalibur, L50, F, shiny|100\/100\n|switch|p2b: Rodan|Talonflame, L50, M, shiny|100\/100\n|-ability|p1a: Gyarados|Intimidate|boost\n|-fail|p2a: T. Gojira|unboost|[from] item: Clear Amulet|[of] p2a: T. Gojira\n|-unboost|p2b: Rodan|atk|1\n|turn|1\n|inactive|Mitico_Cristo has 30 seconds left.\n|inactive|rudyxkam has 30 seconds left.\n|inactive|Mitico_Cristo has 20 seconds left.\n|inactive|Mitico_Cristo has 15 seconds left.\n|inactive|Mitico_Cristo has 10 seconds left.\n|inactive|Mitico_Cristo has 5 seconds left.\n|\n|t:|1682013850\n|-terastallize|p2b: Rodan|Ghost\n|move|p2b: Rodan|Taunt|p1b: Ceruledge\n|-start|p1b: Ceruledge|move: Taunt\n|move|p1a: Gyarados|Taunt|p2a: T. Gojira\n|-start|p2a: T. Gojira|move: Taunt\n|move|p2a: T. Gojira|Glaive Rush|p1a: Gyarados\n|-damage|p1a: Gyarados|24\/100\n|-singlemove|p2a: T. Gojira|Glaive Rush|[silent]\n|cant|p1b: Ceruledge|move: Taunt|Bulk Up\n|\n|upkeep\n|turn|2\n|inactive|Mitico_Cristo has 30 seconds left.\n|inactive|Mitico_Cristo has 20 seconds left.\n|\n|t:|1682013885\n|switch|p1a: Chien-Pao|Chien-Pao, L50|100\/100\n|-ability|p1a: Chien-Pao|Sword of Ruin\n|move|p2b: Rodan|Tailwind|p2b: Rodan\n|-sidestart|p2: rudyxkam|move: Tailwind\n|move|p2a: T. Gojira|Ice Shard|p1a: Chien-Pao\n|-resisted|p1a: Chien-Pao\n|-damage|p1a: Chien-Pao|84\/100\n|move|p1b: Ceruledge|Shadow Sneak|p2a: T. Gojira\n|-damage|p2a: T. Gojira|80\/100\n|\n|upkeep\n|turn|3\n|inactive|Mitico_Cristo has 30 seconds left.\n|inactive|Mitico_Cristo has 20 seconds left.\n|inactive|rudyxkam has 30 seconds left.\n|\n|t:|1682013926\n|switch|p2a: Gigan|Corviknight, L50, M, shiny|100\/100\n|move|p1a: Chien-Pao|Protect|p1a: Chien-Pao\n|-singleturn|p1a: Chien-Pao|Protect\n|move|p1b: Ceruledge|Shadow Sneak|p2b: Rodan\n|-supereffective|p2b: Rodan\n|-damage|p2b: Rodan|33\/100\n|move|p2b: Rodan|Will-O-Wisp|p1a: Chien-Pao\n|-activate|p1a: Chien-Pao|move: Protect\n|\n|-end|p1b: Ceruledge|move: Taunt\n|upkeep\n|turn|4\n|inactive|Mitico_Cristo has 30 seconds left.\n|inactive|Mitico_Cristo has 20 seconds left.\n|\n|t:|1682013965\n|switch|p2b: T. Gojira|Baxcalibur, L50, F, shiny|80\/100\n|switch|p1a: Gyarados|Gyarados, L50, F|24\/100\n|-ability|p1a: Gyarados|Intimidate|boost\n|-ability|p2a: Gigan|Mirror Armor\n|-unboost|p1a: Gyarados|atk|1\n|-fail|p2b: T. Gojira|unboost|[from] item: Clear Amulet|[of] p2b: T. Gojira\n|move|p1b: Ceruledge|Shadow Sneak|p2b: T. Gojira\n|-damage|p2b: T. Gojira|65\/100\n|move|p2a: Gigan|Iron Head|p1a: Gyarados\n|-resisted|p1a: Gyarados\n|-damage|p1a: Gyarados|10\/100\n|\n|upkeep\n|turn|5\n|inactive|rudyxkam has 30 seconds left.\n|\n|t:|1682013992\n|move|p2b: T. Gojira|Swords Dance|p2b: T. Gojira\n|-boost|p2b: T. Gojira|atk|2\n|move|p2a: Gigan|Brave Bird|p1a: Gyarados\n|-damage|p1a: Gyarados|0 fnt\n|faint|p1a: Gyarados\n|-damage|p2a: Gigan|98\/100|[from] Recoil\n|move|p1b: Ceruledge|Bulk Up|p1b: Ceruledge\n|-boost|p1b: Ceruledge|atk|1\n|-boost|p1b: Ceruledge|def|1\n|\n|-sideend|p2: rudyxkam|move: Tailwind\n|upkeep\n|\n|t:|1682014005\n|switch|p1a: Chien-Pao|Chien-Pao, L50|84\/100\n|-ability|p1a: Chien-Pao|Sword of Ruin\n|turn|6\n|inactive|rudyxkam has 30 seconds left.\n|\n|t:|1682014036\n|switch|p2b: Rodan|Talonflame, L50, M, shiny, tera:Ghost|33\/100\n|move|p1a: Chien-Pao|Sacred Sword|p2b: Rodan\n|-immune|p2b: Rodan\n|move|p1b: Ceruledge|Bitter Blade|p2a: Gigan\n|-supereffective|p2a: Gigan\n|-damage|p2a: Gigan|0 fnt\n|faint|p2a: Gigan\n|\n|upkeep\n|\n|t:|1682014057\n|switch|p2a: T. Gojira|Baxcalibur, L50, F, shiny|65\/100\n|turn|7\n|\n|t:|1682014077\n|switch|p2a: Shobijin|Flutter Mane, L50, shiny|100\/100\n|move|p1b: Ceruledge|Shadow Sneak|p2b: Rodan\n|-supereffective|p2b: Rodan\n|-damage|p2b: Rodan|0 fnt\n|faint|p2b: Rodan\n|move|p1a: Chien-Pao|Sacred Sword|p2a: Shobijin\n|-immune|p2a: Shobijin\n|\n|upkeep\n|\n|t:|1682014084\n|switch|p2b: T. Gojira|Baxcalibur, L50, F, shiny|65\/100\n|turn|8\n|c|\u2606rudyxkam|gg\n|c|\u2606rudyxkam|solid solid SOLID team\n|inactive|rudyxkam has 30 seconds left.\n|\n|t:|1682014112\n|move|p1a: Chien-Pao|Sucker Punch|p2a: Shobijin\n|-damage|p2a: Shobijin|18\/100\n|move|p1b: Ceruledge|Shadow Sneak|p2a: Shobijin\n|-supereffective|p2a: Shobijin\n|-damage|p2a: Shobijin|0 fnt\n|faint|p2a: Shobijin\n|-end|p2a: Shobijin|Protosynthesis|[silent]\n|move|p2b: T. Gojira|Glaive Rush|p1a: Chien-Pao\n|-damage|p1a: Chien-Pao|0 fnt\n|-singlemove|p2b: T. Gojira|Glaive Rush|[silent]\n|faint|p1a: Chien-Pao\n|\n|upkeep\n|\n|t:|1682014121\n|switch|p1a: Flutter Mane|Flutter Mane, L50|100\/100\n|turn|9\n|\n|t:|1682014134\n|-terastallize|p1a: Flutter Mane|Fairy\n|move|p2b: T. Gojira|Ice Shard|p1a: Flutter Mane\n|-damage|p1a: Flutter Mane|48\/100\n|move|p1b: Ceruledge|Shadow Sneak|p2b: T. Gojira\n|-damage|p2b: T. Gojira|39\/100\n|move|p1a: Flutter Mane|Moonblast|p2b: T. Gojira\n|-supereffective|p2b: T. Gojira\n|-damage|p2b: T. Gojira|0 fnt\n|faint|p2b: T. Gojira\n|\n|win|Mitico_Cristo\n|raw|Mitico_Cristo's rating: 1137 → 1165<\/strong> (+28 for winning)\n|raw|rudyxkam's rating: 1178 → 1150<\/strong> (-28 for losing)\n","uploadtime":1682014150,"views":10,"p1id":"miticocristo","p2id":"rudyxkam","formatid":"gen9vgc2023regulationc","rating":1150,"private":0,"password":""}