{"id":"gen9vgc2023regulationc-1851702819","p1":"KuroroZausa","p2":"Realpokehrzz","format":"[Gen 9] VGC 2023 Regulation C","log":"|j|\u2606KuroroZausa\n|j|\u2606Realpokehrzz\n|t:|1682471901\n|gametype|doubles\n|player|p1|KuroroZausa|101|1056\n|player|p2|Realpokehrzz|265|1168\n|teamsize|p1|6\n|teamsize|p2|6\n|gen|9\n|tier|[Gen 9] VGC 2023 Regulation C\n|rated|\n|rule|Species Clause: Limit one of each Pok\u00e9mon\n|rule|Item Clause: Limit one of each item\n|clearpoke\n|poke|p1|Kilowattrel, L50, F|\n|poke|p1|Brambleghast, L50, M|\n|poke|p1|Torkoal, L50, F|\n|poke|p1|Jumpluff, L50, M|\n|poke|p1|Great Tusk, L50|\n|poke|p1|Flutter Mane, L50|\n|poke|p2|Palafin, L50, F|\n|poke|p2|Flutter Mane, L50|\n|poke|p2|Arcanine, L50, M|\n|poke|p2|Ting-Lu, L50|\n|poke|p2|Amoonguss, L50, M|\n|poke|p2|Kingambit, L50, F|\n|teampreview|4\n|\n|t:|1682471938\n|start\n|switch|p1a: Torkoal|Torkoal, L50, F|100\/100\n|switch|p1b: Jumpluff|Jumpluff, L50, M, shiny|100\/100\n|switch|p2a: Kingambit|Kingambit, L50, F|100\/100\n|switch|p2b: Palafin|Palafin, L50, F|100\/100\n|-weather|SunnyDay|[from] ability: Drought|[of] p1a: Torkoal\n|turn|1\n|\n|t:|1682472000\n|detailschange|p2b: Palafin|Palafin-Hero, L50, F\n|switch|p2b: Arcanine|Arcanine, L50, M|100\/100\n|-ability|p2b: Arcanine|Intimidate|boost\n|-unboost|p1a: Torkoal|atk|1\n|-unboost|p1b: Jumpluff|atk|1\n|switch|p1a: Kilowattrel|Kilowattrel, L50, F|100\/100\n|-terastallize|p2a: Kingambit|Dark\n|move|p1b: Jumpluff|Tailwind|p1b: Jumpluff\n|-sidestart|p1: KuroroZausa|move: Tailwind\n|-start|p1a: Kilowattrel|Charge|Tailwind|[from] ability: Wind Power\n|move|p2a: Kingambit|Swords Dance|p2a: Kingambit\n|-boost|p2a: Kingambit|atk|2\n|\n|-weather|SunnyDay|[upkeep]\n|upkeep\n|turn|2\n|\n|t:|1682472031\n|move|p1b: Jumpluff|Rage Powder|p1b: Jumpluff\n|-singleturn|p1b: Jumpluff|move: Rage Powder\n|move|p2a: Kingambit|Sucker Punch||[still]\n|-fail|p2a: Kingambit\n|move|p1a: Kilowattrel|Electro Ball|p2a: Kingambit\n|-damage|p2a: Kingambit|0 fnt\n|faint|p2a: Kingambit\n|-end|p1a: Kilowattrel|Charge|[silent]\n|move|p2b: Arcanine|Flare Blitz|p1b: Jumpluff\n|-supereffective|p1b: Jumpluff\n|-enditem|p1b: Jumpluff|Focus Sash\n|-damage|p1b: Jumpluff|1\/100\n|-damage|p2b: Arcanine|70\/100|[from] Recoil\n|\n|-weather|SunnyDay|[upkeep]\n|upkeep\n|\n|t:|1682472056\n|switch|p2a: Palafin|Palafin-Hero, L50, F|100\/100\n|-activate|p2a: Palafin|ability: Zero to Hero\n|turn|3\n|\n|t:|1682472068\n|move|p2a: Palafin|Protect|p2a: Palafin\n|-singleturn|p2a: Palafin|Protect\n|move|p1b: Jumpluff|Rage Powder|p1b: Jumpluff\n|-singleturn|p1b: Jumpluff|move: Rage Powder\n|move|p2b: Arcanine|Extreme Speed|p1b: Jumpluff\n|-damage|p1b: Jumpluff|0 fnt\n|faint|p1b: Jumpluff\n|move|p1a: Kilowattrel|Electro Ball|p2a: Palafin\n|-activate|p2a: Palafin|move: Protect\n|\n|-weather|SunnyDay|[upkeep]\n|upkeep\n|\n|t:|1682472083\n|switch|p1b: Flutter Mane|Flutter Mane, L50|100\/100\n|-activate|p1b: Flutter Mane|ability: Protosynthesis\n|-start|p1b: Flutter Mane|protosynthesisspe\n|turn|4\n|\n|t:|1682472101\n|switch|p2a: Ting-Lu|Ting-Lu, L50|100\/100\n|-ability|p2a: Ting-Lu|Vessel of Ruin\n|move|p1b: Flutter Mane|Protect|p1b: Flutter Mane\n|-singleturn|p1b: Flutter Mane|Protect\n|move|p1a: Kilowattrel|Electro Ball|p2a: Ting-Lu\n|-immune|p2a: Ting-Lu\n|move|p2b: Arcanine|Flare Blitz|p1a: Kilowattrel\n|-damage|p1a: Kilowattrel|0 fnt\n|faint|p1a: Kilowattrel\n|-damage|p2b: Arcanine|46\/100|[from] Recoil\n|\n|-weather|SunnyDay|[upkeep]\n|-sideend|p1: KuroroZausa|move: Tailwind\n|upkeep\n|\n|t:|1682472117\n|switch|p1a: Torkoal|Torkoal, L50, F|100\/100\n|turn|5\n|\n|t:|1682472140\n|switch|p2b: Palafin|Palafin-Hero, L50, F|100\/100\n|move|p1a: Torkoal|Helping Hand|p1b: Flutter Mane\n|-singleturn|p1b: Flutter Mane|Helping Hand|[of] p1a: Torkoal\n|move|p1b: Flutter Mane|Dazzling Gleam|p2a: Ting-Lu|[spread] p2a,p2b\n|-supereffective|p2a: Ting-Lu\n|-damage|p2a: Ting-Lu|68\/100\n|-damage|p2b: Palafin|67\/100\n|move|p2a: Ting-Lu|Heavy Slam|p1b: Flutter Mane\n|-supereffective|p1b: Flutter Mane\n|-damage|p1b: Flutter Mane|0 fnt\n|faint|p1b: Flutter Mane\n|-end|p1b: Flutter Mane|Protosynthesis|[silent]\n|\n|-weather|none\n|upkeep\n|turn|6\n|-message|KuroroZausa forfeited.\n|\n|win|Realpokehrzz\n|raw|KuroroZausa's rating: 1056 → 1043<\/strong> (-13 for losing)\n|raw|Realpokehrzz's rating: 1168 → 1185<\/strong> (+17 for winning)\n|l|\u2606KuroroZausa\n","uploadtime":1682472626,"views":9,"p1id":"kurorozausa","p2id":"realpokehrzz","formatid":"gen9vgc2023regulationc","rating":1043,"private":0,"password":""}