{"id":"gen9vgc2023regulationc-1854172677","p1":"yakenonokarasu","p2":"Mr.Play&C","format":"[Gen 9] VGC 2023 Regulation C","log":"|j|\u2606yakenonokarasu\n|j|\u2606Mr.Play&C\n|t:|1682779590\n|gametype|doubles\n|player|p1|yakenonokarasu|elesa|\n|player|p2|Mr.Play&C|ingo|\n|teamsize|p1|6\n|teamsize|p2|6\n|gen|9\n|tier|[Gen 9] VGC 2023 Regulation C\n|rule|Species Clause: Limit one of each Pok\u00e9mon\n|rule|Item Clause: Limit one of each item\n|clearpoke\n|poke|p1|Iron Hands, L50|\n|poke|p1|Palafin, L50, M|\n|poke|p1|Hydreigon, L50, M|\n|poke|p1|Luxio, L50, F|\n|poke|p1|Dragapult, L50, M|\n|poke|p1|Toxtricity, L50, M|\n|poke|p2|Great Tusk, L50|\n|poke|p2|Talonflame, L50, F|\n|poke|p2|Rotom-Wash, L50|\n|poke|p2|Klefki, L50, F|\n|poke|p2|Weavile, L50, M|\n|poke|p2|Houndstone, L50, F|\n|teampreview|4\n|c|\u2606yakenonokarasu|G1\n|\n|t:|1682779774\n|start\n|switch|p1a: Iron Hands|Iron Hands, L50, shiny|100\/100\n|switch|p1b: Palafin|Palafin, L50, M, shiny|100\/100\n|switch|p2a: Klefki|Klefki, L50, F|100\/100\n|switch|p2b: Talonflame|Talonflame, L50, F|100\/100\n|-enditem|p1a: Iron Hands|Booster Energy\n|-activate|p1a: Iron Hands|ability: Quark Drive|[fromitem]\n|-start|p1a: Iron Hands|quarkdrivedef\n|turn|1\n|\n|t:|1682779797\n|detailschange|p1b: Palafin|Palafin-Hero, L50, M, shiny\n|switch|p1b: Hydreigon|Hydreigon, L50, M, shiny|100\/100\n|move|p1a: Iron Hands|Fake Out|p2b: Talonflame\n|-damage|p2b: Talonflame|83\/100\n|move|p2a: Klefki|Reflect|p2a: Klefki\n|-sidestart|p2: Mr.Play&C|Reflect\n|cant|p2b: Talonflame|flinch\n|\n|upkeep\n|turn|2\n|\n|t:|1682779826\n|move|p2a: Klefki|Light Screen|p2a: Klefki\n|-sidestart|p2: Mr.Play&C|move: Light Screen\n|move|p2b: Talonflame|Tailwind|p2b: Talonflame\n|-sidestart|p2: Mr.Play&C|move: Tailwind\n|move|p1b: Hydreigon|Heat Wave|p2b: Talonflame|[spread] p2a,p2b\n|-supereffective|p2a: Klefki\n|-resisted|p2b: Talonflame\n|-damage|p2a: Klefki|53\/100\n|-damage|p2b: Talonflame|65\/100\n|move|p1a: Iron Hands|Thunder Punch|p2b: Talonflame\n|-supereffective|p2b: Talonflame\n|-damage|p2b: Talonflame|0 fnt\n|faint|p2b: Talonflame\n|\n|-heal|p2a: Klefki|59\/100|[from] item: Leftovers\n|upkeep\n|\n|t:|1682779857\n|switch|p2b: Great Tusk|Great Tusk, L50|100\/100\n|turn|3\n|\n|t:|1682779888\n|move|p2a: Klefki|Protect|p2a: Klefki\n|-singleturn|p2a: Klefki|Protect\n|move|p2b: Great Tusk|Earthquake|p1b: Hydreigon|[spread] p1a\n|-activate|p2a: Klefki|move: Protect\n|-immune|p1b: Hydreigon|[from] ability: Levitate\n|-supereffective|p1a: Iron Hands\n|-damage|p1a: Iron Hands|71\/100\n|move|p1b: Hydreigon|Heat Wave|p2a: Klefki|[spread] p2b\n|-activate|p2a: Klefki|move: Protect\n|-damage|p2b: Great Tusk|79\/100\n|move|p1a: Iron Hands|Play Rough|p2b: Great Tusk\n|-supereffective|p2b: Great Tusk\n|-damage|p2b: Great Tusk|51\/100\n|\n|-heal|p2a: Klefki|65\/100|[from] item: Leftovers\n|upkeep\n|turn|4\n|\n|t:|1682779914\n|move|p2b: Great Tusk|Headlong Rush|p1b: Hydreigon\n|-immune|p1b: Hydreigon|[from] ability: Levitate\n|move|p2a: Klefki|Play Rough|p1a: Iron Hands\n|-supereffective|p1a: Iron Hands\n|-damage|p1a: Iron Hands|50\/100\n|-unboost|p1a: Iron Hands|atk|1\n|move|p1b: Hydreigon|Heat Wave|p2b: Great Tusk|[spread] p2b\n|-miss|p1b: Hydreigon|p2a: Klefki\n|-damage|p2b: Great Tusk|29\/100\n|move|p1a: Iron Hands|Drain Punch|p2a: Klefki\n|-damage|p2a: Klefki|46\/100\n|-heal|p1a: Iron Hands|55\/100|[from] drain|[of] p2a: Klefki\n|\n|-heal|p2a: Klefki|52\/100|[from] item: Leftovers\n|upkeep\n|turn|5\n|\n|t:|1682779981\n|switch|p2a: Rotom|Rotom-Wash, L50|100\/100\n|move|p2b: Great Tusk|Close Combat|p1b: Hydreigon\n|-supereffective|p1b: Hydreigon\n|-damage|p1b: Hydreigon|0 fnt\n|-unboost|p2b: Great Tusk|def|1\n|-unboost|p2b: Great Tusk|spd|1\n|faint|p1b: Hydreigon\n|move|p1a: Iron Hands|Play Rough|p2b: Great Tusk\n|-supereffective|p2b: Great Tusk\n|-damage|p2b: Great Tusk|2\/100\n|\n|-sideend|p2: Mr.Play&C|Reflect\n|-sideend|p2: Mr.Play&C|move: Tailwind\n|upkeep\n|\n|t:|1682779989\n|switch|p1b: Toxtricity|Toxtricity, L50, M, shiny|100\/100\n|turn|6\n|\n|t:|1682780026\n|-terastallize|p1b: Toxtricity|Normal\n|move|p1b: Toxtricity|Protect|p1b: Toxtricity\n|-singleturn|p1b: Toxtricity|Protect\n|move|p2b: Great Tusk|Headlong Rush|p1a: Iron Hands\n|-supereffective|p1a: Iron Hands\n|-damage|p1a: Iron Hands|9\/100\n|-unboost|p2b: Great Tusk|def|1\n|-unboost|p2b: Great Tusk|spd|1\n|move|p2a: Rotom|Hydro Pump|p1b: Toxtricity\n|-activate|p1b: Toxtricity|move: Protect\n|move|p1a: Iron Hands|Drain Punch|p2b: Great Tusk\n|-damage|p2b: Great Tusk|0 fnt\n|-heal|p1a: Iron Hands|10\/100|[from] drain|[of] p2b: Great Tusk\n|faint|p2b: Great Tusk\n|-end|p2b: Great Tusk|Protosynthesis|[silent]\n|\n|-sideend|p2: Mr.Play&C|move: Light Screen\n|upkeep\n|\n|t:|1682780045\n|switch|p2b: Klefki|Klefki, L50, F|52\/100\n|turn|7\n|\n|t:|1682780075\n|move|p2b: Klefki|Protect|p2b: Klefki\n|-singleturn|p2b: Klefki|Protect\n|move|p2a: Rotom|Thunderbolt|p1a: Iron Hands\n|-resisted|p1a: Iron Hands\n|-damage|p1a: Iron Hands|0 fnt\n|faint|p1a: Iron Hands\n|-end|p1a: Iron Hands|Quark Drive|[silent]\n|move|p1b: Toxtricity|Shift Gear|p1b: Toxtricity\n|-boost|p1b: Toxtricity|spe|2\n|-boost|p1b: Toxtricity|atk|1\n|\n|-heal|p2b: Klefki|58\/100|[from] item: Leftovers\n|upkeep\n|\n|t:|1682780086\n|switch|p1a: Palafin|Palafin-Hero, L50, M, shiny|100\/100\n|-activate|p1a: Palafin|ability: Zero to Hero\n|turn|8\n|\n|t:|1682780097\n|move|p1a: Palafin|Jet Punch|p2b: Klefki\n|-damage|p2b: Klefki|0 fnt\n|faint|p2b: Klefki\n|move|p1b: Toxtricity|Boomburst|p2a: Rotom|[spread] p1a,p2a\n|-damage|p1a: Palafin|24\/100\n|-damage|p2a: Rotom|7\/100\n|-enditem|p2a: Rotom|Wiki Berry|[eat]\n|-heal|p2a: Rotom|40\/100|[from] item: Wiki Berry\n|-enditem|p1b: Toxtricity|Throat Spray\n|-boost|p1b: Toxtricity|spa|1|[from] item: Throat Spray\n|move|p2a: Rotom|Thunderbolt|p1a: Palafin\n|-supereffective|p1a: Palafin\n|-damage|p1a: Palafin|0 fnt\n|faint|p1a: Palafin\n|\n|upkeep\n|turn|9\n|\n|t:|1682780121\n|-terastallize|p2a: Rotom|Electric\n|move|p1b: Toxtricity|Boomburst|p2a: Rotom\n|-damage|p2a: Rotom|0 fnt\n|faint|p2a: Rotom\n|\n|win|yakenonokarasu\n|c|\u2606Mr.Play&C|Damn I'm dumb gg\n","uploadtime":1682781032,"views":28,"p1id":"yakenonokarasu","p2id":"mrplayc","formatid":"gen9vgc2023regulationc","rating":0,"private":0,"password":""}