{"id":"gen9vgc2023regulationc-1858759409","p1":"huangshunjian","p2":"AshVGCMX","format":"[Gen 9] VGC 2023 Regulation C","log":"|j|\u2606huangshunjian\n|j|\u2606AshVGCMX\n|t:|1683355345\n|gametype|doubles\n|player|p1|huangshunjian|169|1486\n|player|p2|AshVGCMX|ash-capbackward|1457\n|teamsize|p1|6\n|teamsize|p2|6\n|gen|9\n|tier|[Gen 9] VGC 2023 Regulation C\n|rated|\n|rule|Species Clause: Limit one of each Pok\u00e9mon\n|rule|Item Clause: Limit one of each item\n|clearpoke\n|poke|p1|Glimmora, L50, F|\n|poke|p1|Dondozo, L50, F|\n|poke|p1|Tatsugiri, L50, F|\n|poke|p1|Kingambit, L50, F|\n|poke|p1|Chi-Yu, L50|\n|poke|p1|Roaring Moon, L50|\n|poke|p2|Pikachu, L50, M|\n|poke|p2|Flutter Mane, L50|\n|poke|p2|Chi-Yu, L50|\n|poke|p2|Gholdengo, L50|\n|poke|p2|Murkrow, L50, M|\n|poke|p2|Great Tusk, L50|\n|teampreview|4\n|\n|t:|1683355355\n|start\n|switch|p1a: Roaring Moon|Roaring Moon, L50, shiny|100\/100\n|switch|p1b: Glimmora|Glimmora, L50, F, shiny|100\/100\n|switch|p2a: Mixc\u00f3atl|Great Tusk, L50|100\/100\n|switch|p2b: Eh\u00e9catl|Murkrow, L50, M|100\/100\n|-enditem|p1a: Roaring Moon|Booster Energy\n|-activate|p1a: Roaring Moon|ability: Protosynthesis|[fromitem]\n|-start|p1a: Roaring Moon|protosynthesisspe\n|turn|1\n|inactive|Battle timer is ON: inactive players will automatically lose when time's up. (requested by AshVGCMX)\n|\n|t:|1683355367\n|switch|p2b: Cihuac\u00f3atl|Flutter Mane, L50|100\/100\n|-terastallize|p1b: Glimmora|Water\n|move|p1a: Roaring Moon|Tailwind|p1a: Roaring Moon\n|-sidestart|p1: huangshunjian|move: Tailwind\n|move|p1b: Glimmora|Power Gem|p2b: Cihuac\u00f3atl\n|-damage|p2b: Cihuac\u00f3atl|64\/100\n|move|p2a: Mixc\u00f3atl|Close Combat|p1a: Roaring Moon\n|-supereffective|p1a: Roaring Moon\n|-damage|p1a: Roaring Moon|0 fnt\n|-unboost|p2a: Mixc\u00f3atl|def|1\n|-unboost|p2a: Mixc\u00f3atl|spd|1\n|faint|p1a: Roaring Moon\n|-end|p1a: Roaring Moon|Protosynthesis|[silent]\n|\n|upkeep\n|\n|t:|1683355378\n|switch|p1a: Dondozo|Dondozo, L50, F, shiny|100\/100\n|turn|2\n|\n|t:|1683355392\n|move|p2b: Cihuac\u00f3atl|Protect|p2b: Cihuac\u00f3atl\n|-singleturn|p2b: Cihuac\u00f3atl|Protect\n|move|p1b: Glimmora|Sludge Bomb|p2b: Cihuac\u00f3atl\n|-activate|p2b: Cihuac\u00f3atl|move: Protect\n|move|p1a: Dondozo|Wave Crash|p2a: Mixc\u00f3atl\n|-supereffective|p2a: Mixc\u00f3atl\n|-damage|p2a: Mixc\u00f3atl|32\/100\n|-damage|p1a: Dondozo|81\/100|[from] Recoil\n|move|p2a: Mixc\u00f3atl|Close Combat|p1a: Dondozo\n|-damage|p1a: Dondozo|36\/100\n|-unboost|p2a: Mixc\u00f3atl|def|1\n|-unboost|p2a: Mixc\u00f3atl|spd|1\n|\n|-heal|p1a: Dondozo|42\/100|[from] item: Leftovers\n|upkeep\n|turn|3\n|\n|t:|1683355414\n|move|p1b: Glimmora|Sludge Bomb|p2a: Mixc\u00f3atl\n|-resisted|p2a: Mixc\u00f3atl\n|-damage|p2a: Mixc\u00f3atl|0 fnt\n|faint|p2a: Mixc\u00f3atl\n|-end|p2a: Mixc\u00f3atl|Protosynthesis|[silent]\n|move|p2b: Cihuac\u00f3atl|Shadow Ball|p1b: Glimmora\n|-damage|p1b: Glimmora|76\/100\n|move|p1a: Dondozo|Wave Crash|p2b: Cihuac\u00f3atl\n|-damage|p2b: Cihuac\u00f3atl|0 fnt\n|faint|p2b: Cihuac\u00f3atl\n|-end|p2b: Cihuac\u00f3atl|Protosynthesis|[silent]\n|-damage|p1a: Dondozo|30\/100|[from] Recoil\n|\n|-heal|p1a: Dondozo|36\/100|[from] item: Leftovers\n|upkeep\n|\n|t:|1683355427\n|switch|p2b: Eh\u00e9catl|Murkrow, L50, M|100\/100\n|switch|p2a: Xiuhtecuhtli|Chi-Yu, L50|100\/100\n|-ability|p2a: Xiuhtecuhtli|Beads of Ruin\n|turn|4\n|\n|t:|1683355441\n|-terastallize|p2a: Xiuhtecuhtli|Grass\n|move|p1a: Dondozo|Protect|p1a: Dondozo\n|-singleturn|p1a: Dondozo|Protect\n|move|p2b: Eh\u00e9catl|Tailwind|p2b: Eh\u00e9catl\n|-sidestart|p2: AshVGCMX|move: Tailwind\n|move|p2a: Xiuhtecuhtli|Tera Blast|p1b: Glimmora\n|-supereffective|p1b: Glimmora\n|-damage|p1b: Glimmora|4\/100\n|move|p1b: Glimmora|Power Gem|p2b: Eh\u00e9catl\n|-supereffective|p2b: Eh\u00e9catl\n|-damage|p2b: Eh\u00e9catl|0 fnt\n|faint|p2b: Eh\u00e9catl\n|\n|-heal|p1a: Dondozo|42\/100|[from] item: Leftovers\n|-sideend|p1: huangshunjian|move: Tailwind\n|upkeep\n|turn|5\n|j| Notamy\n|inactive|huangshunjian has 30 seconds left.\n|\n|t:|1683355472\n|switch|p1b: Tatsugiri|Tatsugiri, L50, F, shiny|100\/100\n|-activate|p1b: Tatsugiri|ability: Commander|[of] p1a: Dondozo\n|-boost|p1a: Dondozo|atk|2\n|-boost|p1a: Dondozo|spa|2\n|-boost|p1a: Dondozo|spe|2\n|-boost|p1a: Dondozo|def|2\n|-boost|p1a: Dondozo|spd|2\n|move|p2a: Xiuhtecuhtli|Tera Blast|p1a: Dondozo\n|-supereffective|p1a: Dondozo\n|-damage|p1a: Dondozo|0 fnt\n|faint|p1a: Dondozo\n|\n|upkeep\n|\n|t:|1683355480\n|switch|p1a: Glimmora|Glimmora, L50, F, shiny, tera:Water|4\/100\n|turn|6\n|\n|t:|1683355493\n|move|p2a: Xiuhtecuhtli|Snarl|p1b: Tatsugiri|[spread] p1a,p1b\n|-crit|p1b: Tatsugiri\n|-damage|p1a: Glimmora|0 fnt\n|-damage|p1b: Tatsugiri|42\/100\n|-unboost|p1b: Tatsugiri|spa|1\n|faint|p1a: Glimmora\n|move|p1b: Tatsugiri|Dragon Pulse|p2a: Xiuhtecuhtli\n|-damage|p2a: Xiuhtecuhtli|75\/100\n|\n|upkeep\n|turn|7\n|\n|t:|1683355502\n|move|p2a: Xiuhtecuhtli|Dark Pulse|p1b: Tatsugiri\n|-damage|p1b: Tatsugiri|0 fnt\n|faint|p1b: Tatsugiri\n|\n|win|AshVGCMX\n|raw|huangshunjian's rating: 1486 → 1464<\/strong> (-22 for losing)\n|raw|AshVGCMX's rating: 1457 → 1479<\/strong> (+22 for winning)\n|l|\u2606huangshunjian\n|c|\u2606AshVGCMX|gg\n","uploadtime":1683355559,"views":7,"p1id":"huangshunjian","p2id":"ashvgcmx","formatid":"gen9vgc2023regulationc","rating":1464,"private":0,"password":""}