{"id":"gen9vgc2023regulationc-1850442024","p1":"Publio Tolomeo","p2":"UltimoRyu","format":"[Gen 9] VGC 2023 Regulation C","log":"|j|\u2606Publio Tolomeo\n|j|\u2606UltimoRyu\n|t:|1682337211\n|gametype|doubles\n|player|p1|Publio Tolomeo|ghetsis-gen5bw|1165\n|player|p2|UltimoRyu|steven|1079\n|teamsize|p1|6\n|teamsize|p2|6\n|gen|9\n|tier|[Gen 9] VGC 2023 Regulation C\n|rated|\n|rule|Species Clause: Limit one of each Pok\u00e9mon\n|rule|Item Clause: Limit one of each item\n|clearpoke\n|poke|p1|Slowking, L50, F|\n|poke|p1|Torkoal, L50, M|\n|poke|p1|Ting-Lu, L50|\n|poke|p1|Chi-Yu, L50|\n|poke|p1|Mimikyu, L50, F|\n|poke|p1|Orthworm, L50, M|\n|poke|p2|Amoonguss, L50, F|\n|poke|p2|Quaquaval, L50, M|\n|poke|p2|Arcanine, L50, M|\n|poke|p2|Iron Hands, L50|\n|poke|p2|Flutter Mane, L50|\n|poke|p2|Corviknight, L50, M|\n|teampreview|4\n|\n|t:|1682337280\n|start\n|switch|p1a: Orthworm|Orthworm, L50, M|100\/100\n|switch|p1b: Mimikyu|Mimikyu, L50, F|100\/100\n|switch|p2a: Arcanine|Arcanine, L50, M|100\/100\n|switch|p2b: Corviknight|Corviknight, L50, M|100\/100\n|-ability|p2a: Arcanine|Intimidate|boost\n|-unboost|p1a: Orthworm|atk|1\n|-unboost|p1b: Mimikyu|atk|1\n|turn|1\n|\n|t:|1682337318\n|-terastallize|p1a: Orthworm|Fire\n|move|p2a: Arcanine|Howl|p2a: Arcanine|[spread] p2a,p2b\n|-boost|p2a: Arcanine|atk|1\n|-boost|p2b: Corviknight|atk|1\n|move|p2b: Corviknight|Iron Head|p1b: Mimikyu\n|-activate|p1b: Mimikyu|ability: Disguise\n|-damage|p1b: Mimikyu|100\/100\n|detailschange|p1b: Mimikyu|Mimikyu-Busted, L50, F\n|-damage|p1b: Mimikyu|88\/100|[from] pokemon: Mimikyu-Busted\n|move|p1a: Orthworm|Iron Defense|p1a: Orthworm\n|-boost|p1a: Orthworm|def|2\n|cant|p1b: Mimikyu|flinch\n|\n|upkeep\n|turn|2\n|\n|t:|1682337347\n|move|p2a: Arcanine|Howl|p2a: Arcanine|[spread] p2a,p2b\n|-boost|p2a: Arcanine|atk|1\n|-boost|p2b: Corviknight|atk|1\n|move|p2b: Corviknight|Iron Head|p1b: Mimikyu\n|-supereffective|p1b: Mimikyu\n|-damage|p1b: Mimikyu|0 fnt\n|faint|p1b: Mimikyu\n|move|p1a: Orthworm|Iron Defense|p1a: Orthworm\n|-boost|p1a: Orthworm|def|2\n|\n|upkeep\n|\n|t:|1682337365\n|switch|p1b: Chi-Yu|Chi-Yu, L50|100\/100\n|-ability|p1b: Chi-Yu|Beads of Ruin\n|turn|3\n|\n|t:|1682337393\n|switch|p2b: Flutter Mane|Flutter Mane, L50|100\/100\n|-terastallize|p2a: Arcanine|Normal\n|move|p2a: Arcanine|Extreme Speed|p1b: Chi-Yu\n|-damage|p1b: Chi-Yu|25\/100\n|move|p1b: Chi-Yu|Heat Wave|p2a: Arcanine|[spread] p2a,p2b\n|-damage|p2a: Arcanine|47\/100\n|-damage|p2b: Flutter Mane|48\/100\n|move|p1a: Orthworm|Body Press|p2b: Flutter Mane\n|-immune|p2b: Flutter Mane\n|\n|upkeep\n|turn|4\n|\n|t:|1682337414\n|move|p1b: Chi-Yu|Protect|p1b: Chi-Yu\n|-singleturn|p1b: Chi-Yu|Protect\n|move|p2a: Arcanine|Extreme Speed|p1b: Chi-Yu\n|-activate|p1b: Chi-Yu|move: Protect\n|move|p2b: Flutter Mane|Power Gem|p1a: Orthworm\n|-supereffective|p1a: Orthworm\n|-damage|p1a: Orthworm|0 fnt\n|faint|p1a: Orthworm\n|\n|upkeep\n|\n|t:|1682337423\n|switch|p1a: Ting-Lu|Ting-Lu, L50|100\/100\n|-ability|p1a: Ting-Lu|Vessel of Ruin\n|turn|5\n|\n|t:|1682337436\n|-end|p2b: Flutter Mane|Protosynthesis|[silent]\n|switch|p2b: Corviknight|Corviknight, L50, M|100\/100\n|move|p1b: Chi-Yu|Endure||[still]\n|-fail|p1b: Chi-Yu\n|move|p2a: Arcanine|Extreme Speed|p1b: Chi-Yu\n|-damage|p1b: Chi-Yu|0 fnt\n|faint|p1b: Chi-Yu\n|move|p1a: Ting-Lu|Heavy Slam|p2b: Corviknight\n|-resisted|p2b: Corviknight\n|-damage|p2b: Corviknight|85\/100\n|\n|upkeep\n|turn|6\n|-message|Publio Tolomeo forfeited.\n|\n|win|UltimoRyu\n|raw|Publio Tolomeo's rating: 1165 → 1134<\/strong> (-31 for losing)\n|raw|UltimoRyu's rating: 1079 → 1114<\/strong> (+35 for winning)\n|l|\u2606Publio Tolomeo\n","uploadtime":1682337458,"views":26,"p1id":"publiotolomeo","p2id":"ultimoryu","formatid":"gen9vgc2023regulationc","rating":1114,"private":0,"password":""}