{"id":"gen9vgc2023regulationc-1847585860","p1":"MangioMale","p2":"crinaft","format":"[Gen 9] VGC 2023 Regulation C","log":"|j|\u2606MangioMale\n|j|\u2606crinaft\n|t:|1681977728\n|gametype|doubles\n|player|p1|MangioMale|unknown|1119\n|player|p2|crinaft|170|1015\n|teamsize|p1|6\n|teamsize|p2|6\n|gen|9\n|tier|[Gen 9] VGC 2023 Regulation C\n|rated|\n|rule|Species Clause: Limit one of each Pok\u00e9mon\n|rule|Item Clause: Limit one of each item\n|clearpoke\n|poke|p1|Indeedee-F, L50, F|\n|poke|p1|Hawlucha, L50, F|\n|poke|p1|Flutter Mane, L50|\n|poke|p1|Arcanine, L50, F|\n|poke|p1|Sandy Shocks, L50|\n|poke|p1|Tyranitar, L50, M|\n|poke|p2|Maushold, L50|\n|poke|p2|Dragapult, L50, F|\n|poke|p2|Tyranitar, L50, F|\n|poke|p2|Dragonite, L50, M|\n|poke|p2|Amoonguss, L50, F|\n|poke|p2|Roaring Moon, L50|\n|teampreview|4\ncrinaft rejected open team sheets.\n|\n|t:|1681977834\n|start\n|switch|p1a: Hawlucha|Hawlucha, L50, F|100\/100\n|switch|p1b: Indeedee|Indeedee-F, L50, F|100\/100\n|switch|p2a: Dragapult|Dragapult, L50, F|100\/100\n|switch|p2b: Dragonite|Dragonite, L50, M|100\/100\n|-fieldstart|move: Psychic Terrain|[from] ability: Psychic Surge|[of] p1b: Indeedee\n|-enditem|p1a: Hawlucha|Psychic Seed\n|-boost|p1a: Hawlucha|spd|1|[from] item: Psychic Seed\n|turn|1\n|\n|t:|1681977895\n|move|p1b: Indeedee|Follow Me|p1b: Indeedee\n|-singleturn|p1b: Indeedee|move: Follow Me\n|move|p1a: Hawlucha|Swords Dance|p1a: Hawlucha\n|-boost|p1a: Hawlucha|atk|2\n|move|p2a: Dragapult|Dragon Darts|p1b: Indeedee\n|-damage|p1b: Indeedee|69\/100\n|-anim|p2a: Dragapult|Dragon Darts|p1b: Indeedee\n|-damage|p1b: Indeedee|37\/100\n|-damage|p2a: Dragapult|91\/100|[from] item: Life Orb\n|move|p2b: Dragonite|Tailwind|p2b: Dragonite\n|-sidestart|p2: crinaft|move: Tailwind\n|\n|upkeep\n|turn|2\n|c|\u2606crinaft|I almost used lucha lol\n|\n|t:|1681977946\n|move|p1a: Hawlucha|Protect|p1a: Hawlucha\n|-singleturn|p1a: Hawlucha|Protect\n|move|p2a: Dragapult|Dragon Darts|p1b: Indeedee\n|-damage|p1b: Indeedee|8\/100\n|-anim|p2a: Dragapult|Dragon Darts|p1b: Indeedee\n|-damage|p1b: Indeedee|0 fnt\n|faint|p1b: Indeedee\n|-damage|p2a: Dragapult|81\/100|[from] item: Life Orb\n|move|p2b: Dragonite|Ice Spinner|p1a: Hawlucha\n|-activate|p1a: Hawlucha|move: Protect\n|\n|upkeep\n|\n|t:|1681977958\n|switch|p1b: Arcanine|Arcanine, L50, F|100\/100\n|-ability|p1b: Arcanine|Intimidate|boost\n|-fail|p2a: Dragapult|unboost|[from] ability: Clear Body|[of] p2a: Dragapult\n|-unboost|p2b: Dragonite|atk|1\n|turn|3\n|\n|t:|1681977987\n|-terastallize|p1a: Hawlucha|Fire\n|move|p2a: Dragapult|Dragon Darts|p1a: Hawlucha\n|-damage|p1a: Hawlucha|51\/100\n|-anim|p2a: Dragapult|Dragon Darts|p1b: Arcanine\n|-damage|p1b: Arcanine|66\/100\n|-damage|p2a: Dragapult|71\/100|[from] item: Life Orb\n|move|p1a: Hawlucha|Acrobatics|p2a: Dragapult\n|-damage|p2a: Dragapult|0 fnt\n|faint|p2a: Dragapult\n|move|p2b: Dragonite|Ice Spinner|p1a: Hawlucha\n|-resisted|p1a: Hawlucha\n|-damage|p1a: Hawlucha|36\/100\n|-fieldend|move: Psychic Terrain\n|move|p1b: Arcanine|Will-O-Wisp|p2b: Dragonite\n|-status|p2b: Dragonite|brn\n|\n|-damage|p2b: Dragonite|95\/100 brn|[from] brn\n|upkeep\n|\n|t:|1681978013\n|switch|p2a: Roaring Moon|Roaring Moon, L50|100\/100\n|-enditem|p2a: Roaring Moon|Booster Energy\n|-activate|p2a: Roaring Moon|ability: Protosynthesis|[fromitem]\n|-start|p2a: Roaring Moon|protosynthesisatk\n|turn|4\n|\n|t:|1681978063\n|move|p1a: Hawlucha|Protect|p1a: Hawlucha\n|-singleturn|p1a: Hawlucha|Protect\n|move|p2b: Dragonite|Extreme Speed|p1b: Arcanine\n|-damage|p1b: Arcanine|54\/100\n|move|p2a: Roaring Moon|Earthquake|p1b: Arcanine|[spread] p1b\n|-activate|p1a: Hawlucha|move: Protect\n|-immune|p2b: Dragonite\n|-supereffective|p1b: Arcanine\n|-damage|p1b: Arcanine|0 fnt\n|faint|p1b: Arcanine\n|\n|-damage|p2b: Dragonite|89\/100 brn|[from] brn\n|-sideend|p2: crinaft|move: Tailwind\n|upkeep\n|\n|t:|1681978075\n|switch|p1b: Flutter Mane|Flutter Mane, L50|100\/100\n|-enditem|p1b: Flutter Mane|Booster Energy\n|-activate|p1b: Flutter Mane|ability: Protosynthesis|[fromitem]\n|-start|p1b: Flutter Mane|protosynthesisspa\n|turn|5\n|\n|t:|1681978122\n|-terastallize|p2a: Roaring Moon|Steel\n|move|p2b: Dragonite|Extreme Speed|p1a: Hawlucha\n|-damage|p1a: Hawlucha|20\/100\n|move|p1a: Hawlucha|Acrobatics|p2a: Roaring Moon\n|-resisted|p2a: Roaring Moon\n|-damage|p2a: Roaring Moon|50\/100\n|move|p1b: Flutter Mane|Substitute|p1b: Flutter Mane\n|-start|p1b: Flutter Mane|Substitute\n|-damage|p1b: Flutter Mane|76\/100\n|move|p2a: Roaring Moon|Acrobatics|p1b: Flutter Mane\n|-end|p1b: Flutter Mane|Substitute\n|\n|-damage|p2b: Dragonite|83\/100 brn|[from] brn\n|upkeep\n|turn|6\n|\n|t:|1681978159\n|move|p2b: Dragonite|Extreme Speed|p1a: Hawlucha\n|-damage|p1a: Hawlucha|4\/100\n|move|p1a: Hawlucha|Close Combat|p2a: Roaring Moon\n|-supereffective|p2a: Roaring Moon\n|-damage|p2a: Roaring Moon|0 fnt\n|-unboost|p1a: Hawlucha|def|1\n|-unboost|p1a: Hawlucha|spd|1\n|faint|p2a: Roaring Moon\n|-end|p2a: Roaring Moon|Protosynthesis|[silent]\n|move|p1b: Flutter Mane|Moonblast|p2b: Dragonite\n|-supereffective|p2b: Dragonite\n|-damage|p2b: Dragonite|0 fnt\n|faint|p2b: Dragonite\n|\n|upkeep\n|\n|t:|1681978177\n|switch|p2a: Amoonguss|Amoonguss, L50, F|100\/100\n|turn|7\n|\n|t:|1681978189\n|move|p1a: Hawlucha|Acrobatics|p2a: Amoonguss\n|-supereffective|p2a: Amoonguss\n|-damage|p2a: Amoonguss|0 fnt\n|faint|p2a: Amoonguss\n|\n|win|MangioMale\n|raw|MangioMale's rating: 1119 → 1137<\/strong> (+18 for winning)\n|raw|crinaft's rating: 1015 → 1006<\/strong> (-9 for losing)\n","uploadtime":1681978195,"views":12,"p1id":"mangiomale","p2id":"crinaft","formatid":"gen9vgc2023regulationc","rating":1006,"private":0,"password":""}