{"id":"gen9vgc2023regulationc-1849813707","p1":"gEBEMBA","p2":"ethan06","format":"[Gen 9] VGC 2023 Regulation C","log":"|j|\u2606gEBEMBA\n|j|\u2606ethan06\n|t:|1682255705\n|gametype|doubles\n|player|p1|gEBEMBA|169|\n|player|p2|ethan06|ninjaboy|\n|teamsize|p1|6\n|teamsize|p2|6\n|gen|9\n|tier|[Gen 9] VGC 2023 Regulation C\n|rule|Species Clause: Limit one of each Pok\u00e9mon\n|rule|Item Clause: Limit one of each item\n|clearpoke\n|poke|p1|Scovillain, L50, M|\n|poke|p1|Tauros-Paldea-Combat, L50, M|\n|poke|p1|Roaring Moon, L50|\n|poke|p1|Gyarados, L50, M|\n|poke|p1|Electrode, L50|\n|poke|p1|Maushold, L50|\n|poke|p2|Dondozo, L50, F|\n|poke|p2|Tatsugiri, L50, M|\n|poke|p2|Slowking, L50, F|\n|poke|p2|Beartic, L50, M|\n|poke|p2|Kingambit, L50, F|\n|poke|p2|Iron Valiant, L50|\n|teampreview|4\nethan06 has agreed to open team sheets.\n|\n|t:|1682255738\n|start\n|switch|p1a: Jasonnnn|Roaring Moon, L50|100\/100\n|switch|p1b: Jason|Maushold, L50|100\/100\n|switch|p2a: Tatsugiri|Tatsugiri, L50, M|100\/100\n|switch|p2b: Iron Valiant|Iron Valiant, L50|100\/100\n|turn|1\n|inactive|Battle timer is ON: inactive players will automatically lose when time's up. (requested by gEBEMBA)\n|inactiveoff|Battle timer is now OFF.\n|\n|t:|1682255783\n|move|p1a: Jasonnnn|Protect|p1a: Jasonnnn\n|-singleturn|p1a: Jasonnnn|Protect\n|move|p2a: Tatsugiri|Muddy Water|p1b: Jason|[spread] p1b\n|-activate|p1a: Jasonnnn|move: Protect\n|-damage|p1b: Jason|57\/100\n|-unboost|p1b: Jason|accuracy|1\n|move|p2b: Iron Valiant|Aura Sphere|p1b: Jason\n|-supereffective|p1b: Jason\n|-damage|p1b: Jason|0 fnt\n|faint|p1b: Jason\n|\n|upkeep\n|c|\u2606ethan06|g2\n|\n|t:|1682255809\n|switch|p1b: Jasonn|Electrode, L50|100\/100\n|turn|2\n|\n|t:|1682255844\n|move|p1b: Jasonn|Thunderbolt|p2b: Iron Valiant\n|-damage|p2b: Iron Valiant|22\/100\n|move|p2a: Tatsugiri|Muddy Water|p1a: Jasonnnn|[spread] p1a,p1b\n|-resisted|p1a: Jasonnnn\n|-damage|p1a: Jasonnnn|84\/100\n|-damage|p1b: Jasonn|51\/100\n|move|p2b: Iron Valiant|Moonblast|p1a: Jasonnnn\n|-supereffective|p1a: Jasonnnn\n|-damage|p1a: Jasonnnn|0 fnt\n|faint|p1a: Jasonnnn\n|-end|p1a: Jasonnnn|Protosynthesis|[silent]\n|\n|upkeep\n|\n|t:|1682255859\n|switch|p1a: Jasonnn|Gyarados, L50, M|100\/100\n|-ability|p1a: Jasonnn|Intimidate|boost\n|-unboost|p2a: Tatsugiri|atk|1\n|-unboost|p2b: Iron Valiant|atk|1\n|turn|3\n|\n|t:|1682255884\n|move|p1b: Jasonn|Thunderbolt|p2b: Iron Valiant\n|-damage|p2b: Iron Valiant|0 fnt\n|faint|p2b: Iron Valiant\n|-end|p2b: Iron Valiant|Quark Drive|[silent]\n|move|p2a: Tatsugiri|Muddy Water|p1a: Jasonnn|[spread] p1a,p1b\n|-resisted|p1a: Jasonnn\n|-damage|p1a: Jasonnn|85\/100\n|-damage|p1b: Jasonn|0 fnt\n|faint|p1b: Jasonn\n|move|p1a: Jasonnn|Waterfall|p2a: Tatsugiri\n|-resisted|p2a: Tatsugiri\n|-damage|p2a: Tatsugiri|85\/100\n|\n|upkeep\n|\n|t:|1682255897\n|switch|p2b: Dondozo|Dondozo, L50, F|100\/100\n|-activate|p2a: Tatsugiri|ability: Commander|[of] p2b: Dondozo\n|-boost|p2b: Dondozo|atk|2\n|-boost|p2b: Dondozo|spa|2\n|-boost|p2b: Dondozo|spe|2\n|-boost|p2b: Dondozo|def|2\n|-boost|p2b: Dondozo|spd|2\n|-enditem|p1a: Jasonnn|Mirror Herb\n|-boost|p1a: Jasonnn|atk|2|[from] item: Mirror Herb\n|-boost|p1a: Jasonnn|spa|2|[from] item: Mirror Herb\n|-boost|p1a: Jasonnn|spe|2|[from] item: Mirror Herb\n|-boost|p1a: Jasonnn|def|2|[from] item: Mirror Herb\n|-boost|p1a: Jasonnn|spd|2|[from] item: Mirror Herb\n|turn|4\n|\n|t:|1682255916\n|move|p1a: Jasonnn|Waterfall|p2b: Dondozo\n|-resisted|p2b: Dondozo\n|-damage|p2b: Dondozo|95\/100\n|cant|p2b: Dondozo|flinch\n|\n|-heal|p2b: Dondozo|100\/100|[from] item: Leftovers\n|upkeep\n|turn|5\n|inactive|Battle timer is ON: inactive players will automatically lose when time's up. (requested by ethan06)\n|\n|t:|1682255999\n|move|p1a: Jasonnn|Protect|p1a: Jasonnn\n|-singleturn|p1a: Jasonnn|Protect\n|move|p2b: Dondozo|Wave Crash|p1a: Jasonnn\n|-activate|p1a: Jasonnn|move: Protect\n|\n|upkeep\n|turn|6\n|\n|t:|1682256016\n|move|p1a: Jasonnn|Tera Blast|p2b: Dondozo\n|-damage|p2b: Dondozo|92\/100\n|move|p2b: Dondozo|Wave Crash|p1a: Jasonnn\n|-resisted|p1a: Jasonnn\n|-damage|p1a: Jasonnn|6\/100\n|-damage|p2b: Dondozo|75\/100|[from] Recoil\n|\n|-heal|p2b: Dondozo|81\/100|[from] item: Leftovers\n|upkeep\n|turn|7\n|\n|t:|1682256040\n|move|p1a: Jasonnn|Protect|p1a: Jasonnn\n|-singleturn|p1a: Jasonnn|Protect\n|move|p2b: Dondozo|Wave Crash|p1a: Jasonnn\n|-activate|p1a: Jasonnn|move: Protect\n|\n|-heal|p2b: Dondozo|87\/100|[from] item: Leftovers\n|upkeep\n|turn|8\n|\n|t:|1682256047\n|move|p1a: Jasonnn|Waterfall|p2b: Dondozo\n|-resisted|p2b: Dondozo\n|-damage|p2b: Dondozo|81\/100\n|move|p2b: Dondozo|Wave Crash|p1a: Jasonnn\n|-resisted|p1a: Jasonnn\n|-damage|p1a: Jasonnn|0 fnt\n|faint|p1a: Jasonnn\n|-damage|p2b: Dondozo|80\/100|[from] Recoil\n|\n|win|ethan06\n","uploadtime":1682256064,"views":16,"p1id":"gebemba","p2id":"ethan06","formatid":"gen9vgc2023regulationc","rating":0,"private":0,"password":""}