{"id":"gen9vgc2023regulationc-1862147896","p1":"Lizardbeths","p2":"poob935","format":"[Gen 9] VGC 2023 Regulation C","log":"|j|\u2606Lizardbeths\n|j|\u2606poob935\n|t:|1683842134\n|gametype|doubles\n|player|p1|Lizardbeths|caitlin|1136\n|player|p2|poob935|266|1175\n|teamsize|p1|6\n|teamsize|p2|6\n|gen|9\n|tier|[Gen 9] VGC 2023 Regulation C\n|rated|\n|rule|Species Clause: Limit one of each Pok\u00e9mon\n|rule|Item Clause: Limit one of each item\n|clearpoke\n|poke|p1|Wo-Chien, L50|\n|poke|p1|Glimmora, L50, M|\n|poke|p1|Arcanine, L50, F|\n|poke|p1|Garganacl, L50, M|\n|poke|p1|Gothitelle, L50, M|\n|poke|p1|Amoonguss, L50, F|\n|poke|p2|Ting-Lu, L50|\n|poke|p2|Amoonguss, L50, F|\n|poke|p2|Flutter Mane, L50|\n|poke|p2|Kingambit, L50, F|\n|poke|p2|Chi-Yu, L50|\n|poke|p2|Gyarados, L50, M|\n|teampreview|4\npoob935 rejected open team sheets.\n|\n|t:|1683842156\n|start\n|switch|p1a: Wo-Chien|Wo-Chien, L50|100\/100\n|switch|p1b: Glimmora|Glimmora, L50, M, shiny|100\/100\n|switch|p2a: Ting-Lu|Ting-Lu, L50|100\/100\n|switch|p2b: Flutter Mane|Flutter Mane, L50|100\/100\n|-ability|p1a: Wo-Chien|Tablets of Ruin\n|-ability|p2a: Ting-Lu|Vessel of Ruin\n|-enditem|p2b: Flutter Mane|Booster Energy\n|-activate|p2b: Flutter Mane|ability: Protosynthesis|[fromitem]\n|-start|p2b: Flutter Mane|protosynthesisspa\n|turn|1\n|\n|t:|1683842168\n|move|p2b: Flutter Mane|Moonblast|p1a: Wo-Chien\n|-supereffective|p1a: Wo-Chien\n|-damage|p1a: Wo-Chien|49\/100\n|move|p1b: Glimmora|Mortal Spin|p2b: Flutter Mane|[spread] p2a,p2b\n|-resisted|p2a: Ting-Lu\n|-damage|p2a: Ting-Lu|99\/100\n|-damage|p2b: Flutter Mane|93\/100\n|-status|p2a: Ting-Lu|psn\n|-status|p2b: Flutter Mane|psn\n|move|p1a: Wo-Chien|Leech Seed|p2b: Flutter Mane\n|-start|p2b: Flutter Mane|move: Leech Seed\n|move|p2a: Ting-Lu|Stomping Tantrum|p1b: Glimmora\n|-supereffective|p1b: Glimmora\n|-damage|p1b: Glimmora|0 fnt\n|-activate|p1b: Glimmora|ability: Toxic Debris\n|-sidestart|p2: poob935|move: Toxic Spikes\n|faint|p1b: Glimmora\n|\n|-damage|p2b: Flutter Mane|81\/100 psn|[from] Leech Seed|[of] p1a: Wo-Chien\n|-heal|p1a: Wo-Chien|62\/100|[silent]\n|-damage|p2b: Flutter Mane|69\/100 psn|[from] psn\n|-damage|p2a: Ting-Lu|87\/100 psn|[from] psn\n|upkeep\n|\n|t:|1683842177\n|switch|p1b: Garganacl|Garganacl, L50, M|100\/100\n|turn|2\n|\n|t:|1683842187\n|-terastallize|p1a: Wo-Chien|Poison\n|move|p2b: Flutter Mane|Moonblast|p1a: Wo-Chien\n|-resisted|p1a: Wo-Chien\n|-damage|p1a: Wo-Chien|49\/100\n|-unboost|p1a: Wo-Chien|spa|1\n|move|p1a: Wo-Chien|Ruination|p2a: Ting-Lu|[miss]\n|-miss|p1a: Wo-Chien|p2a: Ting-Lu\n|move|p2a: Ting-Lu|Fissure|p1b: Garganacl|[miss]\n|-miss|p2a: Ting-Lu|p1b: Garganacl\n|move|p1b: Garganacl|Salt Cure|p2a: Ting-Lu\n|-resisted|p2a: Ting-Lu\n|-damage|p2a: Ting-Lu|84\/100 psn\n|-start|p2a: Ting-Lu|Salt Cure\n|\n|-damage|p2b: Flutter Mane|57\/100 psn|[from] Leech Seed|[of] p1a: Wo-Chien\n|-heal|p1a: Wo-Chien|62\/100|[silent]\n|-damage|p2b: Flutter Mane|45\/100 psn|[from] psn\n|-damage|p2a: Ting-Lu|72\/100 psn|[from] psn\n|-damage|p2a: Ting-Lu|59\/100 psn|[from] Salt Cure\n|upkeep\n|turn|3\n|\n|t:|1683842202\n|move|p2b: Flutter Mane|Protect|p2b: Flutter Mane\n|-singleturn|p2b: Flutter Mane|Protect\n|move|p1a: Wo-Chien|Protect|p1a: Wo-Chien\n|-singleturn|p1a: Wo-Chien|Protect\n|move|p1b: Garganacl|Protect|p1b: Garganacl\n|-singleturn|p1b: Garganacl|Protect\n|move|p2a: Ting-Lu|Stomping Tantrum|p1b: Garganacl\n|-activate|p1b: Garganacl|move: Protect\n|\n|-damage|p2b: Flutter Mane|33\/100 psn|[from] Leech Seed|[of] p1a: Wo-Chien\n|-heal|p1a: Wo-Chien|75\/100|[silent]\n|-damage|p2b: Flutter Mane|21\/100 psn|[from] psn\n|-damage|p2a: Ting-Lu|47\/100 psn|[from] psn\n|-damage|p2a: Ting-Lu|35\/100 psn|[from] Salt Cure\n|upkeep\n|turn|4\n|\n|t:|1683842217\n|move|p2b: Flutter Mane|Protect|p2b: Flutter Mane\n|-singleturn|p2b: Flutter Mane|Protect\n|move|p1a: Wo-Chien|Ruination|p2a: Ting-Lu\n|-damage|p2a: Ting-Lu|18\/100 psn\n|move|p2a: Ting-Lu|Stomping Tantrum|p1b: Garganacl\n|-supereffective|p1b: Garganacl\n|-damage|p1b: Garganacl|73\/100\n|move|p1b: Garganacl|Salt Cure|p2a: Ting-Lu\n|-resisted|p2a: Ting-Lu\n|-damage|p2a: Ting-Lu|14\/100 psn\n|\n|-heal|p1b: Garganacl|79\/100|[from] item: Leftovers\n|-damage|p2b: Flutter Mane|9\/100 psn|[from] Leech Seed|[of] p1a: Wo-Chien\n|-heal|p1a: Wo-Chien|88\/100|[silent]\n|-damage|p2b: Flutter Mane|0 fnt|[from] psn\n|faint|p2b: Flutter Mane\n|-end|p2b: Flutter Mane|Protosynthesis|[silent]\n|-damage|p2a: Ting-Lu|2\/100 psn|[from] psn\n|-damage|p2a: Ting-Lu|0 fnt|[from] Salt Cure\n|faint|p2a: Ting-Lu\n|upkeep\n|\n|t:|1683842227\n|switch|p2b: Amoonguss|Amoonguss, L50, F|100\/100\n|switch|p2a: Kingambit|Kingambit, L50, F|100\/100\n|-sideend|p2: poob935|move: Toxic Spikes|[of] p2b: Amoonguss\n|turn|5\n|\n|t:|1683842239\n|move|p1a: Wo-Chien|Leech Seed|p2a: Kingambit\n|-start|p2a: Kingambit|move: Leech Seed\n|move|p2a: Kingambit|Swords Dance|p2a: Kingambit\n|-boost|p2a: Kingambit|atk|2\n|move|p1b: Garganacl|Salt Cure|p2b: Amoonguss\n|-damage|p2b: Amoonguss|91\/100\n|-start|p2b: Amoonguss|Salt Cure\n|move|p2b: Amoonguss|Spore|p1a: Wo-Chien\n|-status|p1a: Wo-Chien|slp|[from] move: Spore\n|\n|-heal|p1b: Garganacl|85\/100|[from] item: Leftovers\n|-damage|p2a: Kingambit|88\/100|[from] Leech Seed|[of] p1a: Wo-Chien\n|-heal|p1a: Wo-Chien|100\/100 slp|[silent]\n|-damage|p2b: Amoonguss|79\/100|[from] Salt Cure\n|upkeep\n|turn|6\n|\n|t:|1683842256\n|cant|p1a: Wo-Chien|slp\n|move|p2b: Amoonguss|Rage Powder|p2b: Amoonguss\n|-singleturn|p2b: Amoonguss|move: Rage Powder\n|move|p2a: Kingambit|Swords Dance|p2a: Kingambit\n|-boost|p2a: Kingambit|atk|2\n|move|p1b: Garganacl|Salt Cure|p2b: Amoonguss\n|-damage|p2b: Amoonguss|70\/100\n|\n|-heal|p1b: Garganacl|91\/100|[from] item: Leftovers\n|-damage|p2a: Kingambit|76\/100|[from] Leech Seed|[of] p1a: Wo-Chien\n|-damage|p2b: Amoonguss|58\/100|[from] Salt Cure\n|upkeep\n|turn|7\n|\n|t:|1683842269\n|-curestatus|p1a: Wo-Chien|slp|[msg]\n|move|p1a: Wo-Chien|Protect|p1a: Wo-Chien\n|-singleturn|p1a: Wo-Chien|Protect\n|move|p2a: Kingambit|Iron Head|p1b: Garganacl\n|-supereffective|p1b: Garganacl\n|-damage|p1b: Garganacl|0 fnt\n|faint|p1b: Garganacl\n|move|p2b: Amoonguss|Clear Smog|p1a: Wo-Chien\n|-activate|p1a: Wo-Chien|move: Protect\n|\n|-damage|p2a: Kingambit|64\/100|[from] Leech Seed|[of] p1a: Wo-Chien\n|-damage|p2b: Amoonguss|45\/100|[from] Salt Cure\n|upkeep\n|-enditem|p2b: Amoonguss|Sitrus Berry|[eat]\n|-heal|p2b: Amoonguss|70\/100|[from] item: Sitrus Berry\n|\n|t:|1683842274\n|switch|p1b: Gothitelle|Gothitelle, L50, M|100\/100\n|turn|8\n|\n|t:|1683842282\n|move|p1b: Gothitelle|Fake Out|p2a: Kingambit\n|-resisted|p2a: Kingambit\n|-damage|p2a: Kingambit|63\/100\n|cant|p2a: Kingambit|flinch\n|move|p1a: Wo-Chien|Ruination|p2a: Kingambit\n|-damage|p2a: Kingambit|32\/100\n|move|p2b: Amoonguss|Spore|p1a: Wo-Chien\n|-status|p1a: Wo-Chien|slp|[from] move: Spore\n|\n|-damage|p2a: Kingambit|20\/100|[from] Leech Seed|[of] p1a: Wo-Chien\n|-damage|p2b: Amoonguss|58\/100|[from] Salt Cure\n|upkeep\n|turn|9\n|\n|t:|1683842296\n|cant|p1a: Wo-Chien|slp\n|move|p2a: Kingambit|Sucker Punch|p1b: Gothitelle\n|-supereffective|p1b: Gothitelle\n|-damage|p1b: Gothitelle|0 fnt\n|faint|p1b: Gothitelle\n|move|p2b: Amoonguss|Spore|p1a: Wo-Chien\n|-fail|p1a: Wo-Chien|slp\n|\n|-damage|p2a: Kingambit|8\/100|[from] Leech Seed|[of] p1a: Wo-Chien\n|-damage|p2b: Amoonguss|45\/100|[from] Salt Cure\n|upkeep\n|turn|10\n|\n|t:|1683842319\n|cant|p1a: Wo-Chien|slp\n|move|p2a: Kingambit|Kowtow Cleave|p1a: Wo-Chien\n|-damage|p1a: Wo-Chien|0 fnt\n|faint|p1a: Wo-Chien\n|\n|win|poob935\n|raw|Lizardbeths's rating: 1136 → 1114<\/strong> (-22 for losing)\n|raw|poob935's rating: 1175 → 1197<\/strong> (+22 for winning)\n|c|\u2606Lizardbeths|gg\n|l|\u2606Lizardbeths\n","uploadtime":1683842337,"views":7,"p1id":"lizardbeths","p2id":"poob935","formatid":"gen9vgc2023regulationc","rating":1114,"private":0,"password":""}