{"id":"gen9vgc2023regulationc-1851260057","p1":"AnthonyL","p2":"Nibbonzo","format":"[Gen 9] VGC 2023 Regulation C","log":"|j|\u2606AnthonyL\n|j|\u2606Nibbonzo\n|t:|1682430414\n|gametype|doubles\n|player|p1|AnthonyL|265|1359\n|player|p2|Nibbonzo|workerice|1365\n|teamsize|p1|6\n|teamsize|p2|6\n|gen|9\n|tier|[Gen 9] VGC 2023 Regulation C\n|rated|\n|rule|Species Clause: Limit one of each Pok\u00e9mon\n|rule|Item Clause: Limit one of each item\n|clearpoke\n|poke|p1|Garchomp, L50, M|\n|poke|p1|Gyarados, L50, F|\n|poke|p1|Amoonguss, L50, F|\n|poke|p1|Corviknight, L50, F|\n|poke|p1|Chi-Yu, L50|\n|poke|p1|Flutter Mane, L50|\n|poke|p2|Flutter Mane, L50|\n|poke|p2|Glimmora, L50, M|\n|poke|p2|Gyarados, L50, M|\n|poke|p2|Amoonguss, L50, M|\n|poke|p2|Ting-Lu, L50|\n|poke|p2|Chi-Yu, L50|\n|teampreview|4\n|inactive|Battle timer is ON: inactive players will automatically lose when time's up. (requested by AnthonyL)\nAnthonyL has agreed to open team sheets.\nNibbonzo has agreed to open team sheets.\n|inactive|AnthonyL has 60 seconds left.\n|\n|t:|1682430476\n|start\n|switch|p1a: Garchomp|Garchomp, L50, M|100\/100\n|switch|p1b: Corviknight|Corviknight, L50, F|100\/100\n|switch|p2a: Glimmousse|Glimmora, L50, M|100\/100\n|switch|p2b: Chi-Yuzu|Chi-Yu, L50|100\/100\n|-ability|p2b: Chi-Yuzu|Beads of Ruin\n|turn|1\n|\n|t:|1682430490\n|switch|p1b: Gyarados|Gyarados, L50, F|100\/100\n|-ability|p1b: Gyarados|Intimidate|boost\n|-unboost|p2a: Glimmousse|atk|1\n|-unboost|p2b: Chi-Yuzu|atk|1\n|-terastallize|p2a: Glimmousse|Grass\n|move|p1a: Garchomp|Earthquake|p2a: Glimmousse|[spread] p2a,p2b\n|-immune|p1b: Gyarados\n|-resisted|p2a: Glimmousse\n|-supereffective|p2b: Chi-Yuzu\n|-damage|p2a: Glimmousse|82\/100\n|-enditem|p2b: Chi-Yuzu|Focus Sash\n|-damage|p2b: Chi-Yuzu|1\/100\n|-activate|p2a: Glimmousse|ability: Toxic Debris\n|-sidestart|p1: AnthonyL|move: Toxic Spikes\n|move|p2b: Chi-Yuzu|Heat Wave|p1b: Gyarados|[spread] p1a,p1b\n|-resisted|p1a: Garchomp\n|-resisted|p1b: Gyarados\n|-damage|p1a: Garchomp|73\/100\n|-damage|p1b: Gyarados|82\/100\n|move|p2a: Glimmousse|Mortal Spin|p1a: Garchomp|[spread] p1a,p1b\n|-resisted|p1a: Garchomp\n|-damage|p1a: Garchomp|71\/100\n|-damage|p1b: Gyarados|79\/100\n|-status|p1a: Garchomp|psn\n|-status|p1b: Gyarados|psn\n|-damage|p2a: Glimmousse|69\/100|[from] ability: Rough Skin|[of] p1a: Garchomp\n|\n|-damage|p1a: Garchomp|59\/100 psn|[from] psn\n|-damage|p1b: Gyarados|67\/100 psn|[from] psn\n|upkeep\n|turn|2\n|inactive|AnthonyL has 30 seconds left.\n|inactive|Nibbonzo has 30 seconds left.\n|\n|t:|1682430520\n|move|p1b: Gyarados|Helping Hand|p1a: Garchomp\n|-singleturn|p1a: Garchomp|Helping Hand|[of] p1b: Gyarados\n|move|p2b: Chi-Yuzu|Protect|p2b: Chi-Yuzu\n|-singleturn|p2b: Chi-Yuzu|Protect\n|move|p1a: Garchomp|Rock Slide|p2a: Glimmousse|[spread] p2a\n|-activate|p2b: Chi-Yuzu|move: Protect\n|-damage|p2a: Glimmousse|42\/100\n|-activate|p2a: Glimmousse|ability: Toxic Debris\n|-sidestart|p1: AnthonyL|move: Toxic Spikes\n|move|p2a: Glimmousse|Power Gem|p1b: Gyarados\n|-supereffective|p1b: Gyarados\n|-damage|p1b: Gyarados|0 fnt\n|faint|p1b: Gyarados\n|\n|-damage|p1a: Garchomp|47\/100 psn|[from] psn\n|upkeep\n|\n|t:|1682430525\n|switch|p1b: Corviknight|Corviknight, L50, F|100\/100\n|turn|3\n|\n|t:|1682430545\n|switch|p2b: Gyaradosa|Gyarados, L50, M|100\/100\n|-ability|p2b: Gyaradosa|Intimidate|boost\n|-fail|p1a: Garchomp|unboost|[from] item: Clear Amulet|[of] p1a: Garchomp\n|-ability|p1b: Corviknight|Mirror Armor\n|-unboost|p2b: Gyaradosa|atk|1\n|move|p1a: Garchomp|Earthquake|p2b: Gyaradosa|[spread] p2a\n|-immune|p1b: Corviknight\n|-immune|p2b: Gyaradosa\n|-resisted|p2a: Glimmousse\n|-damage|p2a: Glimmousse|23\/100\n|move|p2a: Glimmousse|Earth Power|p1a: Garchomp\n|-damage|p1a: Garchomp|9\/100 psn\n|move|p1b: Corviknight|Tailwind|p1b: Corviknight\n|-sidestart|p1: AnthonyL|move: Tailwind\n|\n|-damage|p1a: Garchomp|0 fnt|[from] psn\n|faint|p1a: Garchomp\n|upkeep\n|\n|t:|1682430551\n|switch|p1a: Chi-Yu|Chi-Yu, L50|100\/100\n|-status|p1a: Chi-Yu|tox\n|-ability|p1a: Chi-Yu|Beads of Ruin\n|turn|4\n|\n|t:|1682430562\n|-terastallize|p1a: Chi-Yu|Fire\n|move|p1a: Chi-Yu|Heat Wave|p2b: Gyaradosa|[spread] p2a,p2b\n|-supereffective|p2a: Glimmousse\n|-resisted|p2b: Gyaradosa\n|-damage|p2a: Glimmousse|0 fnt\n|-damage|p2b: Gyaradosa|73\/100\n|faint|p2a: Glimmousse\n|move|p1b: Corviknight|Brave Bird|p2b: Gyaradosa\n|-damage|p2b: Gyaradosa|31\/100\n|-damage|p1b: Corviknight|87\/100|[from] Recoil\n|move|p2b: Gyaradosa|Thunder Wave|p1b: Corviknight\n|-status|p1b: Corviknight|par\n|-enditem|p1b: Corviknight|Lum Berry|[eat]\n|-curestatus|p1b: Corviknight|par|[msg]\n|\n|-damage|p1a: Chi-Yu|94\/100 tox|[from] psn\n|upkeep\n|\n|t:|1682430577\n|switch|p2a: Chi-Yuzu|Chi-Yu, L50|1\/100\n|-ability|p2a: Chi-Yuzu|Beads of Ruin\n|turn|5\n|\n|t:|1682430593\n|move|p1a: Chi-Yu|Heat Wave|p2b: Gyaradosa|[spread] p2a,p2b\n|-resisted|p2a: Chi-Yuzu\n|-resisted|p2b: Gyaradosa\n|-damage|p2a: Chi-Yuzu|0 fnt\n|-damage|p2b: Gyaradosa|4\/100\n|faint|p2a: Chi-Yuzu\n|move|p1b: Corviknight|Brave Bird|p2b: Gyaradosa\n|-damage|p2b: Gyaradosa|0 fnt\n|faint|p2b: Gyaradosa\n|-damage|p1b: Corviknight|86\/100|[from] Recoil\n|\n|-damage|p1a: Chi-Yu|82\/100 tox|[from] psn\n|upkeep\n|\n|t:|1682430595\n|switch|p2a: Flutter Mango|Flutter Mane, L50, shiny|100\/100\n|-enditem|p2a: Flutter Mango|Booster Energy\n|-activate|p2a: Flutter Mango|ability: Protosynthesis|[fromitem]\n|-start|p2a: Flutter Mango|protosynthesisspa\n|turn|6\n|\n|t:|1682430601\n|move|p2a: Flutter Mango|Protect|p2a: Flutter Mango\n|-singleturn|p2a: Flutter Mango|Protect\n|move|p1a: Chi-Yu|Heat Wave|p2a: Flutter Mango\n|-activate|p2a: Flutter Mango|move: Protect\n|move|p1b: Corviknight|Brave Bird|p2a: Flutter Mango\n|-activate|p2a: Flutter Mango|move: Protect\n|\n|-damage|p1a: Chi-Yu|64\/100 tox|[from] psn\n|-sideend|p1: AnthonyL|move: Tailwind\n|upkeep\n|turn|7\n|\n|t:|1682430606\n|move|p1a: Chi-Yu|Heat Wave|p2a: Flutter Mango\n|-damage|p2a: Flutter Mango|7\/100\n|move|p2a: Flutter Mango|Hex|p1a: Chi-Yu\n|-damage|p1a: Chi-Yu|0 fnt\n|faint|p1a: Chi-Yu\n|move|p1b: Corviknight|Brave Bird|p2a: Flutter Mango\n|-damage|p2a: Flutter Mango|0 fnt\n|faint|p2a: Flutter Mango\n|-end|p2a: Flutter Mango|Protosynthesis|[silent]\n|-damage|p1b: Corviknight|84\/100|[from] Recoil\n|\n|win|AnthonyL\n|raw|AnthonyL's rating: 1359 → 1379<\/strong> (+20 for winning)\n|raw|Nibbonzo's rating: 1365 → 1345<\/strong> (-20 for losing)\n|l|\u2606Nibbonzo\n|c|\u2606AnthonyL|ggs\n","uploadtime":1682430617,"views":13,"p1id":"anthonyl","p2id":"nibbonzo","formatid":"gen9vgc2023regulationc","rating":1345,"private":0,"password":""}