{"id":"gen9vgc2023regulationc-1863745681","p1":"IcejjKech","p2":"Admiral_Handy","format":"[Gen 9] VGC 2023 Regulation C","log":"|j|\u2606IcejjKech\n|j|\u2606Admiral_Handy\n|t:|1684071098\n|gametype|doubles\n|player|p1|IcejjKech|swimmerf-gen4|1000\n|player|p2|Admiral_Handy|giovanni|1032\n|teamsize|p1|6\n|teamsize|p2|6\n|gen|9\n|tier|[Gen 9] VGC 2023 Regulation C\n|rated|\n|rule|Species Clause: Limit one of each Pok\u00e9mon\n|rule|Item Clause: Limit one of each item\n|clearpoke\n|poke|p1|Ting-Lu, L50|\n|poke|p1|Meowscarada, L50, F|\n|poke|p1|Gyarados, L50, M|\n|poke|p1|Klefki, L50, M|\n|poke|p1|Flamigo, L50, F|\n|poke|p1|Glimmora, L50, M|\n|poke|p2|Tyranitar, L50, F|\n|poke|p2|Iron Bundle, L50|\n|poke|p2|Klefki, L50, F|\n|poke|p2|Hippowdon, L50, M|\n|poke|p2|Kingambit, L50, F|\n|poke|p2|Volcarona, L50, M|\n|teampreview|4\n|inactive|Battle timer is ON: inactive players will automatically lose when time's up. (requested by Admiral_Handy)\nAdmiral_Handy rejected open team sheets.\n|\n|t:|1684071129\n|start\n|switch|p1a: Bidiza|Ting-Lu, L50|100\/100\n|switch|p1b: Schl\u00fcssli|Klefki, L50, M|100\/100\n|switch|p2a: Tyranitar|Tyranitar, L50, F|100\/100\n|switch|p2b: Klefki|Klefki, L50, F|100\/100\n|-weather|Sandstorm|[from] ability: Sand Stream|[of] p2a: Tyranitar\n|-ability|p1a: Bidiza|Vessel of Ruin\n|turn|1\n|\n|t:|1684071144\n|-terastallize|p2a: Tyranitar|Fairy\n|move|p1a: Bidiza|Protect|p1a: Bidiza\n|-singleturn|p1a: Bidiza|Protect\n|move|p1b: Schl\u00fcssli|Reflect|p1b: Schl\u00fcssli\n|-sidestart|p1: IcejjKech|Reflect\n|move|p2b: Klefki|Dazzling Gleam|p1a: Bidiza|[spread] p1b\n|-activate|p1a: Bidiza|move: Protect\n|-resisted|p1b: Schl\u00fcssli\n|-damage|p1b: Schl\u00fcssli|94\/100\n|move|p2a: Tyranitar|Tera Blast|p1a: Bidiza\n|-activate|p1a: Bidiza|move: Protect\n|\n|-weather|Sandstorm|[upkeep]\n|-damage|p2a: Tyranitar|95\/100|[from] Sandstorm\n|upkeep\n|turn|2\n|inactive|IcejjKech has 30 seconds left.\n|inactive|IcejjKech has 20 seconds left.\n|inactive|IcejjKech has 15 seconds left.\n|inactive|IcejjKech has 10 seconds left.\n|\n|t:|1684071192\n|move|p1b: Schl\u00fcssli|Thunder Wave|p2a: Tyranitar\n|-status|p2a: Tyranitar|par\n|move|p2b: Klefki|Reflect|p2b: Klefki\n|-sidestart|p2: Admiral_Handy|Reflect\n|move|p1a: Bidiza|Fissure|p2a: Tyranitar\n|-damage|p2a: Tyranitar|0 fnt\n|faint|p2a: Tyranitar\n|-ohko\n|\n|-weather|Sandstorm|[upkeep]\n|upkeep\n|\n|t:|1684071206\n|switch|p2a: Iron Bundle|Iron Bundle, L50|100\/100\n|-enditem|p2a: Iron Bundle|Booster Energy\n|-activate|p2a: Iron Bundle|ability: Quark Drive|[fromitem]\n|-start|p2a: Iron Bundle|quarkdrivespe\n|turn|3\n|\n|t:|1684071227\n|move|p1b: Schl\u00fcssli|Light Screen|p1b: Schl\u00fcssli\n|-sidestart|p1: IcejjKech|move: Light Screen\n|move|p2a: Iron Bundle|Freeze-Dry|p1a: Bidiza\n|-supereffective|p1a: Bidiza\n|-damage|p1a: Bidiza|77\/100\n|move|p2b: Klefki|Dazzling Gleam|p1b: Schl\u00fcssli|[spread] p1a,p1b\n|-supereffective|p1a: Bidiza\n|-resisted|p1b: Schl\u00fcssli\n|-damage|p1a: Bidiza|64\/100\n|-damage|p1b: Schl\u00fcssli|91\/100\n|move|p1a: Bidiza|Body Press|p2a: Iron Bundle\n|-supereffective|p2a: Iron Bundle\n|-damage|p2a: Iron Bundle|57\/100\n|\n|-weather|Sandstorm|[upkeep]\n|-damage|p2a: Iron Bundle|51\/100|[from] Sandstorm\n|-heal|p1a: Bidiza|70\/100|[from] item: Leftovers\n|upkeep\n|turn|4\n|\n|t:|1684071251\n|move|p2a: Iron Bundle|Hydro Pump|p1a: Bidiza\n|-supereffective|p1a: Bidiza\n|-damage|p1a: Bidiza|29\/100\n|move|p2b: Klefki|Dazzling Gleam|p1a: Bidiza|[spread] p1a,p1b\n|-supereffective|p1a: Bidiza\n|-resisted|p1b: Schl\u00fcssli\n|-damage|p1a: Bidiza|18\/100\n|-damage|p1b: Schl\u00fcssli|87\/100\n|move|p1b: Schl\u00fcssli|Dazzling Gleam|p2a: Iron Bundle|[spread] p2a,p2b\n|-resisted|p2b: Klefki\n|-damage|p2a: Iron Bundle|23\/100\n|-damage|p2b: Klefki|94\/100\n|move|p1a: Bidiza|Body Press|p2a: Iron Bundle\n|-supereffective|p2a: Iron Bundle\n|-damage|p2a: Iron Bundle|0 fnt\n|faint|p2a: Iron Bundle\n|-end|p2a: Iron Bundle|Quark Drive|[silent]\n|\n|-weather|Sandstorm|[upkeep]\n|-heal|p1a: Bidiza|24\/100|[from] item: Leftovers\n|upkeep\n|\n|t:|1684071265\n|switch|p2a: Volcarona|Volcarona, L50, M|100\/100\n|turn|5\n|\n|t:|1684071278\n|move|p1a: Bidiza|Protect|p1a: Bidiza\n|-singleturn|p1a: Bidiza|Protect\n|move|p1b: Schl\u00fcssli|Thunder Wave|p2a: Volcarona\n|-status|p2a: Volcarona|par\n|move|p2b: Klefki|Dazzling Gleam|p1a: Bidiza|[spread] p1b\n|-activate|p1a: Bidiza|move: Protect\n|-resisted|p1b: Schl\u00fcssli\n|-damage|p1b: Schl\u00fcssli|83\/100\n|move|p2a: Volcarona|Bug Buzz|p1a: Bidiza\n|-activate|p1a: Bidiza|move: Protect\n|\n|-weather|none\n|-heal|p1a: Bidiza|30\/100|[from] item: Leftovers\n|upkeep\n|turn|6\n|inactive|IcejjKech has 30 seconds left.\n|inactive|IcejjKech has 20 seconds left.\n|\n|t:|1684071314\n|move|p2b: Klefki|Dazzling Gleam|p1a: Bidiza|[spread] p1a,p1b\n|-supereffective|p1a: Bidiza\n|-resisted|p1b: Schl\u00fcssli\n|-damage|p1a: Bidiza|17\/100\n|-damage|p1b: Schl\u00fcssli|79\/100\n|move|p1b: Schl\u00fcssli|Dazzling Gleam|p2b: Klefki|[spread] p2a,p2b\n|-resisted|p2a: Volcarona\n|-resisted|p2b: Klefki\n|-damage|p2a: Volcarona|94\/100 par\n|-damage|p2b: Klefki|88\/100\n|cant|p2a: Volcarona|par\n|move|p1a: Bidiza|Ruination|p2b: Klefki\n|-damage|p2b: Klefki|44\/100\n|\n|-heal|p1a: Bidiza|22\/100|[from] item: Leftovers\n|upkeep\n|turn|7\n|-message|Admiral_Handy forfeited.\n|\n|win|IcejjKech\n|raw|IcejjKech's rating: 1000 → 1044<\/strong> (+44 for winning)\n|raw|Admiral_Handy's rating: 1032 → 1016<\/strong> (-16 for losing)\n|l|\u2606Admiral_Handy\n","uploadtime":1684071334,"views":12,"p1id":"icejjkech","p2id":"admiralhandy","formatid":"gen9vgc2023regulationc","rating":1016,"private":0,"password":""}