{"id":"gen9vgc2023regulationc-1862312219","p1":"Capnt","p2":"The Spicy Cigar","format":"[Gen 9] VGC 2023 Regulation C","log":"|j|\u2606Capnt\n|j|\u2606The Spicy Cigar\n|t:|1683863793\n|gametype|doubles\n|player|p1|Capnt|pokemonrangerf|1124\n|player|p2|The Spicy Cigar|smasher|1161\n|teamsize|p1|6\n|teamsize|p2|6\n|gen|9\n|tier|[Gen 9] VGC 2023 Regulation C\n|rated|\n|rule|Species Clause: Limit one of each Pok\u00e9mon\n|rule|Item Clause: Limit one of each item\n|clearpoke\n|poke|p1|Garchomp, L50, M|\n|poke|p1|Talonflame, L50, M|\n|poke|p1|Flutter Mane, L50|\n|poke|p1|Amoonguss, L50, F|\n|poke|p1|Rotom-Wash, L50|\n|poke|p1|Gholdengo, L50|\n|poke|p2|Farigiraf, L50, M|\n|poke|p2|Iron Hands, L50|\n|poke|p2|Bronzong, L50|\n|poke|p2|Ting-Lu, L50|\n|poke|p2|Azumarill, L50, F|\n|poke|p2|Torkoal, L50, F|\n|teampreview|4\n|\n|t:|1683863858\n|start\n|switch|p1a: Rotom|Rotom-Wash, L50|100\/100\n|switch|p1b: Achilles|Talonflame, L50, M|100\/100\n|switch|p2a: Bronzong|Bronzong, L50|100\/100\n|switch|p2b: Iron Hands|Iron Hands, L50|100\/100\n|turn|1\n|\n|t:|1683863892\n|-terastallize|p2a: Bronzong|Poison\n|move|p2b: Iron Hands|Fake Out|p1a: Rotom\n|-damage|p1a: Rotom|81\/100\n|move|p1b: Achilles|Tailwind|p1b: Achilles\n|-sidestart|p1: Capnt|move: Tailwind\n|cant|p1a: Rotom|flinch\n|move|p2a: Bronzong|Trick Room|p2a: Bronzong\n|-fieldstart|move: Trick Room|[of] p2a: Bronzong\n|\n|-heal|p1a: Rotom|86\/100|[from] item: Leftovers\n|upkeep\n|turn|2\n|\n|t:|1683863912\n|move|p1a: Rotom|Protect|p1a: Rotom\n|-singleturn|p1a: Rotom|Protect\n|move|p1b: Achilles|Protect|p1b: Achilles\n|-singleturn|p1b: Achilles|Protect\n|move|p2a: Bronzong|Safeguard|p2a: Bronzong\n|-sidestart|p2: The Spicy Cigar|Safeguard\n|move|p2b: Iron Hands|Wild Charge|p1a: Rotom\n|-activate|p1a: Rotom|move: Protect\n|\n|-heal|p1a: Rotom|92\/100|[from] item: Leftovers\n|upkeep\n|turn|3\n|\n|t:|1683863940\n|move|p2a: Bronzong|Ice Spinner|p1a: Rotom\n|-resisted|p1a: Rotom\n|-damage|p1a: Rotom|81\/100\n|move|p2b: Iron Hands|Drain Punch|p1a: Rotom\n|-damage|p1a: Rotom|26\/100\n|move|p1a: Rotom|Hydro Pump|p2a: Bronzong\n|-damage|p2a: Bronzong|64\/100\n|move|p1b: Achilles|Flare Blitz|p2a: Bronzong\n|-damage|p2a: Bronzong|30\/100\n|-damage|p1b: Achilles|89\/100|[from] Recoil\n|\n|-heal|p1a: Rotom|31\/100|[from] item: Leftovers\n|upkeep\n|turn|4\n|\n|t:|1683863961\n|switch|p2a: Azumarill|Azumarill, L50, F, shiny|100\/100\n|move|p1a: Rotom|Protect|p1a: Rotom\n|-singleturn|p1a: Rotom|Protect\n|move|p1b: Achilles|Protect|p1b: Achilles\n|-singleturn|p1b: Achilles|Protect\n|move|p2b: Iron Hands|Wild Charge|p1b: Achilles\n|-activate|p1b: Achilles|move: Protect\n|\n|-heal|p1a: Rotom|37\/100|[from] item: Leftovers\n|-sideend|p1: Capnt|move: Tailwind\n|upkeep\n|turn|5\n|\n|t:|1683863977\n|move|p2b: Iron Hands|Drain Punch|p1a: Rotom\n|-damage|p1a: Rotom|0 fnt\n|faint|p1a: Rotom\n|move|p2a: Azumarill|Liquidation|p1b: Achilles\n|-supereffective|p1b: Achilles\n|-damage|p1b: Achilles|0 fnt\n|faint|p1b: Achilles\n|\n|-fieldend|move: Trick Room\n|upkeep\n|\n|t:|1683863986\n|switch|p1b: Misdreavus?|Flutter Mane, L50|100\/100\n|switch|p1a: Holst|Garchomp, L50, M|100\/100\n|-enditem|p1b: Misdreavus?|Booster Energy\n|-activate|p1b: Misdreavus?|ability: Protosynthesis|[fromitem]\n|-start|p1b: Misdreavus?|protosynthesisspa\n|turn|6\n|\n|t:|1683864025\n|-end|p2b: Iron Hands|Quark Drive|[silent]\n|switch|p2b: Bronzong|Bronzong, L50, tera:Poison|30\/100\n|move|p1b: Misdreavus?|Shadow Ball|p2a: Azumarill\n|-damage|p2a: Azumarill|40\/100\n|move|p1a: Holst|Substitute|p1a: Holst\n|-start|p1a: Holst|Substitute\n|-damage|p1a: Holst|76\/100\n|move|p2a: Azumarill|Liquidation|p1a: Holst\n|-end|p1a: Holst|Substitute\n|\n|-sideend|p2: The Spicy Cigar|Safeguard\n|upkeep\n|turn|7\n|\n|t:|1683864050\n|-terastallize|p1b: Misdreavus?|Fairy\n|move|p1b: Misdreavus?|Dazzling Gleam|p2b: Bronzong|[spread] p2a,p2b\n|-resisted|p2b: Bronzong\n|-damage|p2a: Azumarill|0 fnt\n|-damage|p2b: Bronzong|9\/100\n|faint|p2a: Azumarill\n|move|p1a: Holst|Substitute|p1a: Holst\n|-start|p1a: Holst|Substitute\n|-damage|p1a: Holst|51\/100\n|move|p2b: Bronzong|Gyro Ball|p1b: Misdreavus?\n|-supereffective|p1b: Misdreavus?\n|-damage|p1b: Misdreavus?|0 fnt\n|faint|p1b: Misdreavus?\n|-end|p1b: Misdreavus?|Protosynthesis|[silent]\n|\n|upkeep\n|\n|t:|1683864061\n|switch|p2a: Farigiraf|Farigiraf, L50, M|100\/100\n|turn|8\n|\n|t:|1683864070\n|move|p1a: Holst|Swords Dance|p1a: Holst\n|-boost|p1a: Holst|atk|2\n|move|p2a: Farigiraf|Psychic|p1a: Holst\n|-end|p1a: Holst|Substitute\n|-damage|p2a: Farigiraf|91\/100|[from] item: Life Orb\n|move|p2b: Bronzong|Trick Room|p2b: Bronzong\n|-fieldstart|move: Trick Room|[of] p2b: Bronzong\n|\n|upkeep\n|turn|9\n|\n|t:|1683864082\n|move|p2b: Bronzong|Gyro Ball|p1a: Holst\n|-damage|p1a: Holst|12\/100\n|-damage|p2b: Bronzong|0 fnt|[from] ability: Rough Skin|[of] p1a: Holst\n|faint|p2b: Bronzong\n|move|p2a: Farigiraf|Psychic|p1a: Holst\n|-damage|p1a: Holst|0 fnt\n|faint|p1a: Holst\n|-damage|p2a: Farigiraf|81\/100|[from] item: Life Orb\n|\n|win|The Spicy Cigar\n|raw|Capnt's rating: 1124 → 1102<\/strong> (-22 for losing)\n|raw|The Spicy Cigar's rating: 1161 → 1183<\/strong> (+22 for winning)\n|c|\u2606Capnt|gg\n|l|\u2606Capnt\n|c|\u2606The Spicy Cigar|gg\n","uploadtime":1683864100,"views":11,"p1id":"capnt","p2id":"thespicycigar","formatid":"gen9vgc2023regulationc","rating":1102,"private":0,"password":""}