{"id":"gen9vgc2023regulationc-1850747998","p1":"bhemig","p2":"ImLordKai","format":"[Gen 9] VGC 2023 Regulation C","log":"|j|\u2606bhemig\n|j|\u2606ImLordKai\n|t:|1682364276\n|gametype|doubles\n|player|p1|bhemig|guitarist-gen4|1154\n|player|p2|ImLordKai|170|1167\n|teamsize|p1|6\n|teamsize|p2|6\n|gen|9\n|tier|[Gen 9] VGC 2023 Regulation C\n|rated|\n|rule|Species Clause: Limit one of each Pok\u00e9mon\n|rule|Item Clause: Limit one of each item\n|clearpoke\n|poke|p1|Palafin, L50, F|\n|poke|p1|Kilowattrel, L50, M|\n|poke|p1|Great Tusk, L50|\n|poke|p1|Pelipper, L50, F|\n|poke|p1|Orthworm, L50, M|\n|poke|p1|Arcanine, L50, M|\n|poke|p2|Tyranitar, L50, M|\n|poke|p2|Lycanroc, L50, M|\n|poke|p2|Gyarados, L50, F|\n|poke|p2|Flutter Mane, L50|\n|poke|p2|Amoonguss, L50, M|\n|poke|p2|Annihilape, L50, M|\n|teampreview|4\n|inactive|Battle timer is ON: inactive players will automatically lose when time's up. (requested by ImLordKai)\n|inactive|ImLordKai has 60 seconds left.\n|\n|t:|1682364317\n|start\n|switch|p1a: Great Tusk|Great Tusk, L50, shiny|100\/100\n|switch|p1b: Orthworm|Orthworm, L50, M|100\/100\n|switch|p2a: Flutter Mane|Flutter Mane, L50|100\/100\n|switch|p2b: Amoonguss|Amoonguss, L50, M|100\/100\n|-enditem|p2a: Flutter Mane|Booster Energy\n|-activate|p2a: Flutter Mane|ability: Protosynthesis|[fromitem]\n|-start|p2a: Flutter Mane|protosynthesisspe\n|turn|1\n|inactive|bhemig has 30 seconds left.\n|\n|t:|1682364351\n|-end|p1a: Great Tusk|Protosynthesis|[silent]\n|switch|p1a: Arcanine|Arcanine, L50, M, shiny|100\/100\n|-ability|p1a: Arcanine|Intimidate|boost\n|-unboost|p2a: Flutter Mane|atk|1\n|-unboost|p2b: Amoonguss|atk|1\n|move|p2a: Flutter Mane|Protect|p2a: Flutter Mane\n|-singleturn|p2a: Flutter Mane|Protect\n|move|p1b: Orthworm|Heavy Slam|p2a: Flutter Mane\n|-activate|p2a: Flutter Mane|move: Protect\n|move|p2b: Amoonguss|Spore|p1b: Orthworm\n|-status|p1b: Orthworm|slp|[from] move: Spore\n|\n|upkeep\n|turn|2\n|inactive|bhemig has 30 seconds left.\n|\n|t:|1682364385\n|-end|p2a: Flutter Mane|Protosynthesis|[silent]\n|switch|p2a: Tyranitar|Tyranitar, L50, M|100\/100\n|-weather|Sandstorm|[from] ability: Sand Stream|[of] p2a: Tyranitar\n|switch|p2b: Lycanroc|Lycanroc, L50, M|100\/100\n|move|p1a: Arcanine|Snarl|p2a: Tyranitar|[spread] p2a,p2b\n|-resisted|p2a: Tyranitar\n|-damage|p2a: Tyranitar|98\/100\n|-damage|p2b: Lycanroc|88\/100\n|-unboost|p2a: Tyranitar|spa|1\n|-unboost|p2b: Lycanroc|spa|1\n|cant|p1b: Orthworm|slp\n|\n|-weather|Sandstorm|[upkeep]\n|upkeep\n|turn|3\n|inactive|bhemig has 30 seconds left.\n|inactive|ImLordKai has 30 seconds left.\n|\n|t:|1682364415\n|move|p1a: Arcanine|Protect|p1a: Arcanine\n|-singleturn|p1a: Arcanine|Protect\n|move|p2b: Lycanroc|Rock Slide|p1a: Arcanine|[spread] p1b\n|-activate|p1a: Arcanine|move: Protect\n|-resisted|p1b: Orthworm\n|-damage|p1b: Orthworm|90\/100 slp\n|move|p2a: Tyranitar|Stomping Tantrum|p1b: Orthworm\n|-heal|p1b: Orthworm|100\/100 slp|[from] ability: Earth Eater|[of] p2a: Tyranitar\n|cant|p1b: Orthworm|slp\n|\n|-weather|Sandstorm|[upkeep]\n|upkeep\n|turn|4\n|c|\u2606ImLordKai|oops\n|c|\u2606ImLordKai|aha\n|inactive|bhemig has 30 seconds left.\n|inactive|ImLordKai has 30 seconds left.\n|inactive|ImLordKai has 20 seconds left.\n|inactive|ImLordKai has 15 seconds left.\n|inactive|ImLordKai has 10 seconds left.\n|\n|t:|1682364462\n|move|p2b: Lycanroc|Rock Slide|p1b: Orthworm|[spread] p1a,p1b\n|-supereffective|p1a: Arcanine\n|-resisted|p1b: Orthworm\n|-damage|p1a: Arcanine|43\/100\n|-damage|p1b: Orthworm|90\/100 slp\n|cant|p1a: Arcanine|flinch\n|move|p2a: Tyranitar|Rock Slide|p1b: Orthworm|[spread] p1a,p1b\n|-supereffective|p1a: Arcanine\n|-resisted|p1b: Orthworm\n|-damage|p1a: Arcanine|0 fnt\n|-damage|p1b: Orthworm|80\/100 slp\n|faint|p1a: Arcanine\n|-curestatus|p1b: Orthworm|slp|[msg]\n|move|p1b: Orthworm|Heavy Slam|p2b: Lycanroc\n|-supereffective|p2b: Lycanroc\n|-damage|p2b: Lycanroc|0 fnt\n|faint|p2b: Lycanroc\n|\n|-weather|Sandstorm|[upkeep]\n|-heal|p1b: Orthworm|86\/100|[from] item: Leftovers\n|upkeep\n|inactive|bhemig has 30 seconds left.\n|\n|t:|1682364487\n|switch|p2b: Amoonguss|Amoonguss, L50, M|100\/100\n|switch|p1a: Great Tusk|Great Tusk, L50, shiny|100\/100\n|turn|5\n|\n|t:|1682364508\n|-terastallize|p1a: Great Tusk|Grass\n|move|p1b: Orthworm|Protect|p1b: Orthworm\n|-singleturn|p1b: Orthworm|Protect\n|move|p1a: Great Tusk|Close Combat|p2a: Tyranitar\n|-supereffective|p2a: Tyranitar\n|-damage|p2a: Tyranitar|0 fnt\n|-unboost|p1a: Great Tusk|def|1\n|-unboost|p1a: Great Tusk|spd|1\n|faint|p2a: Tyranitar\n|move|p2b: Amoonguss|Spore|p1b: Orthworm\n|-activate|p1b: Orthworm|move: Protect\n|\n|-weather|Sandstorm|[upkeep]\n|-damage|p1a: Great Tusk|95\/100|[from] Sandstorm\n|-damage|p2b: Amoonguss|95\/100|[from] Sandstorm\n|-heal|p1b: Orthworm|92\/100|[from] item: Leftovers\n|upkeep\n|\n|t:|1682364522\n|switch|p2a: Flutter Mane|Flutter Mane, L50|100\/100\n|turn|6\n|\n|t:|1682364543\n|switch|p1b: Kilowattrel|Kilowattrel, L50, M|100\/100\n|move|p2a: Flutter Mane|Protect|p2a: Flutter Mane\n|-singleturn|p2a: Flutter Mane|Protect\n|move|p1a: Great Tusk|Earthquake|p2a: Flutter Mane|[spread] p2b\n|-activate|p2a: Flutter Mane|move: Protect\n|-immune|p1b: Kilowattrel\n|-damage|p2b: Amoonguss|59\/100\n|move|p2b: Amoonguss|Spore|p1b: Kilowattrel\n|-status|p1b: Kilowattrel|slp|[from] move: Spore\n|\n|-weather|none\n|upkeep\n|turn|7\n|inactive|ImLordKai has 30 seconds left.\n|\n|t:|1682364573\n|-terastallize|p2a: Flutter Mane|Fairy\n|move|p2a: Flutter Mane|Moonblast|p1a: Great Tusk\n|-damage|p1a: Great Tusk|0 fnt\n|faint|p1a: Great Tusk\n|-end|p1a: Great Tusk|Protosynthesis|[silent]\n|cant|p1b: Kilowattrel|slp\n|move|p2b: Amoonguss|Pollen Puff|p1b: Kilowattrel\n|-resisted|p1b: Kilowattrel\n|-damage|p1b: Kilowattrel|85\/100 slp\n|\n|upkeep\n|\n|t:|1682364586\n|switch|p1a: Orthworm|Orthworm, L50, M|92\/100\n|turn|8\n|\n|t:|1682364591\n|move|p2a: Flutter Mane|Protect|p2a: Flutter Mane\n|-singleturn|p2a: Flutter Mane|Protect\n|move|p1a: Orthworm|Protect|p1a: Orthworm\n|-singleturn|p1a: Orthworm|Protect\n|cant|p1b: Kilowattrel|slp\n|move|p2b: Amoonguss|Spore|p1a: Orthworm\n|-activate|p1a: Orthworm|move: Protect\n|\n|-heal|p1a: Orthworm|98\/100|[from] item: Leftovers\n|upkeep\n|turn|9\n|\n|t:|1682364610\n|move|p2b: Amoonguss|Rage Powder|p2b: Amoonguss\n|-singleturn|p2b: Amoonguss|move: Rage Powder\n|move|p2a: Flutter Mane|Shadow Ball|p1a: Orthworm\n|-damage|p1a: Orthworm|54\/100\n|cant|p1b: Kilowattrel|slp\n|move|p1a: Orthworm|Heavy Slam|p2b: Amoonguss\n|-damage|p2b: Amoonguss|23\/100\n|-enditem|p2b: Amoonguss|Sitrus Berry|[eat]\n|-heal|p2b: Amoonguss|48\/100|[from] item: Sitrus Berry\n|\n|-heal|p1a: Orthworm|60\/100|[from] item: Leftovers\n|upkeep\n|turn|10\n|\n|t:|1682364634\n|move|p1a: Orthworm|Protect|p1a: Orthworm\n|-singleturn|p1a: Orthworm|Protect\n|move|p2b: Amoonguss|Rage Powder|p2b: Amoonguss\n|-singleturn|p2b: Amoonguss|move: Rage Powder\n|move|p2a: Flutter Mane|Shadow Ball|p1a: Orthworm\n|-activate|p1a: Orthworm|move: Protect\n|-curestatus|p1b: Kilowattrel|slp|[msg]\n|move|p1b: Kilowattrel|Air Slash|p2b: Amoonguss\n|-supereffective|p2b: Amoonguss\n|-damage|p2b: Amoonguss|1\/100\n|\n|-heal|p1a: Orthworm|67\/100|[from] item: Leftovers\n|upkeep\n|turn|11\n|\n|t:|1682364652\n|move|p1b: Kilowattrel|Protect|p1b: Kilowattrel\n|-singleturn|p1b: Kilowattrel|Protect\n|move|p2b: Amoonguss|Rage Powder|p2b: Amoonguss\n|-singleturn|p2b: Amoonguss|move: Rage Powder\n|move|p2a: Flutter Mane|Shadow Ball|p1a: Orthworm\n|-damage|p1a: Orthworm|24\/100\n|move|p1a: Orthworm|Heavy Slam|p2b: Amoonguss\n|-damage|p2b: Amoonguss|0 fnt\n|faint|p2b: Amoonguss\n|\n|-heal|p1a: Orthworm|30\/100|[from] item: Leftovers\n|upkeep\n|turn|12\n|inactive|ImLordKai has 30 seconds left.\n|inactive|ImLordKai has 20 seconds left.\n|c|\u2606ImLordKai|av orthworm?\n|inactive|ImLordKai has 15 seconds left.\n|\n|t:|1682364695\n|move|p2a: Flutter Mane|Protect|p2a: Flutter Mane\n|-singleturn|p2a: Flutter Mane|Protect\n|move|p1a: Orthworm|Protect|p1a: Orthworm\n|-singleturn|p1a: Orthworm|Protect\n|move|p1b: Kilowattrel|Discharge|p2a: Flutter Mane|[spread] \n|-activate|p1a: Orthworm|move: Protect\n|-activate|p2a: Flutter Mane|move: Protect\n|\n|-heal|p1a: Orthworm|37\/100|[from] item: Leftovers\n|upkeep\n|turn|13\n|\n|t:|1682364719\n|move|p2a: Flutter Mane|Shadow Ball|p1a: Orthworm\n|-damage|p1a: Orthworm|0 fnt\n|faint|p1a: Orthworm\n|move|p1b: Kilowattrel|Air Slash|p2a: Flutter Mane\n|-damage|p2a: Flutter Mane|64\/100\n|\n|upkeep\n|turn|14\n|\n|t:|1682364728\n|move|p2a: Flutter Mane|Moonblast|p1b: Kilowattrel\n|-damage|p1b: Kilowattrel|0 fnt\n|faint|p1b: Kilowattrel\n|\n|win|ImLordKai\n|raw|bhemig's rating: 1154 → 1130<\/strong> (-24 for losing)\n|raw|ImLordKai's rating: 1167 → 1191<\/strong> (+24 for winning)\n|c|\u2606ImLordKai|ggwp\n|l|\u2606bhemig\n","uploadtime":1682364740,"views":15,"p1id":"bhemig","p2id":"imlordkai","formatid":"gen9vgc2023regulationc","rating":1130,"private":0,"password":""}