{"id":"gen9vgc2023regulationc-1845857531","p1":"hhyh8","p2":"TheLastBEWD","format":"[Gen 9] VGC 2023 Regulation C","log":"|j|\u2606hhyh8\n|j|\u2606TheLastBEWD\n|t:|1681772065\n|gametype|doubles\n|player|p1|hhyh8|266|1000\n|player|p2|TheLastBEWD|169|1000\n|teamsize|p1|6\n|teamsize|p2|6\n|gen|9\n|tier|[Gen 9] VGC 2023 Regulation C\n|rated|\n|rule|Species Clause: Limit one of each Pok\u00e9mon\n|rule|Item Clause: Limit one of each item\n|clearpoke\n|poke|p1|Torkoal, L50, F|\n|poke|p1|Chi-Yu, L50|\n|poke|p1|Bronzong, L50|\n|poke|p1|Gastrodon, L50, M|\n|poke|p1|Grimmsnarl, L50, M|\n|poke|p1|Skeledirge, L50, M|\n|poke|p2|Amoonguss, L50, M|\n|poke|p2|Palafin, L50, F|\n|poke|p2|Arcanine, L50, M|\n|poke|p2|Chien-Pao, L50|\n|poke|p2|Dragapult, L50, F|\n|poke|p2|Iron Hands, L50|\n|teampreview|4\n|inactive|Battle timer is ON: inactive players will automatically lose when time's up. (requested by hhyh8)\n|inactive|TheLastBEWD has 60 seconds left.\n|\n|t:|1681772119\n|start\n|switch|p1a: Grimmsnarl|Grimmsnarl, L50, M|100\/100\n|switch|p1b: Chi-Yu|Chi-Yu, L50|100\/100\n|switch|p2a: Amoonguss|Amoonguss, L50, M|100\/100\n|switch|p2b: Chien-Pao|Chien-Pao, L50|100\/100\n|-ability|p2b: Chien-Pao|Sword of Ruin\n|-ability|p1b: Chi-Yu|Beads of Ruin\n|turn|1\n|\n|t:|1681772144\n|move|p2b: Chien-Pao|Protect|p2b: Chien-Pao\n|-singleturn|p2b: Chien-Pao|Protect\n|move|p1a: Grimmsnarl|Fake Out|p2b: Chien-Pao\n|-activate|p2b: Chien-Pao|move: Protect\n|move|p1b: Chi-Yu|Substitute|p1b: Chi-Yu\n|-start|p1b: Chi-Yu|Substitute\n|-damage|p1b: Chi-Yu|76\/100\n|move|p2a: Amoonguss|Spore|p1a: Grimmsnarl\n|-status|p1a: Grimmsnarl|slp|[from] move: Spore\n|\n|upkeep\n|turn|2\n|inactive|TheLastBEWD has 30 seconds left.\n|\n|t:|1681772174\n|switch|p1a: Skeledirge|Skeledirge, L50, M|100\/100\n|-terastallize|p2a: Amoonguss|Water\n|move|p1b: Chi-Yu|Protect|p1b: Chi-Yu\n|-singleturn|p1b: Chi-Yu|Protect\n|move|p2a: Amoonguss|Rage Powder|p2a: Amoonguss\n|-singleturn|p2a: Amoonguss|move: Rage Powder\n|move|p2b: Chien-Pao|Sacred Sword|p1b: Chi-Yu\n|-activate|p1b: Chi-Yu|move: Protect\n|\n|upkeep\n|turn|3\n|\n|t:|1681772191\n|switch|p2b: Iron Hands|Iron Hands, L50|100\/100\n|-terastallize|p1a: Skeledirge|Fairy\n|move|p2a: Amoonguss|Protect|p2a: Amoonguss\n|-singleturn|p2a: Amoonguss|Protect\n|move|p1b: Chi-Yu|Substitute|p1b: Chi-Yu\n|-fail|p1b: Chi-Yu|move: Substitute\n|move|p1a: Skeledirge|Encore|p2a: Amoonguss\n|-activate|p2a: Amoonguss|move: Protect\n|\n|upkeep\n|turn|4\n|\n|t:|1681772213\n|switch|p2a: Dragapult|Dragapult, L50, F|100\/100\n|move|p1a: Skeledirge|Protect|p1a: Skeledirge\n|-singleturn|p1a: Skeledirge|Protect\n|move|p2b: Iron Hands|Fake Out|p1a: Skeledirge\n|-activate|p1a: Skeledirge|move: Protect\n|move|p1b: Chi-Yu|Snarl|p2b: Iron Hands|[spread] p2a,p2b\n|-supereffective|p2a: Dragapult\n|-resisted|p2b: Iron Hands\n|-damage|p2a: Dragapult|33\/100\n|-damage|p2b: Iron Hands|94\/100\n|-unboost|p2b: Iron Hands|spa|1\n|\n|upkeep\n|turn|5\n|\n|t:|1681772238\n|move|p2a: Dragapult|Protect|p2a: Dragapult\n|-singleturn|p2a: Dragapult|Protect\n|move|p1b: Chi-Yu|Snarl|p2a: Dragapult|[spread] \n|-activate|p2a: Dragapult|move: Protect\n|-miss|p1b: Chi-Yu|p2b: Iron Hands\n|move|p1a: Skeledirge|Encore|p2b: Iron Hands\n|-start|p2b: Iron Hands|Encore\n|move|p2b: Iron Hands|Fake Out||[still]\n|-hint|Fake Out only works on your first turn out.\n|-fail|p2b: Iron Hands\n|\n|upkeep\n|turn|6\n|\n|t:|1681772252\n|switch|p2a: Amoonguss|Amoonguss, L50, M, tera:Water|100\/100\n|-end|p2b: Iron Hands|Quark Drive|[silent]\n|switch|p2b: Chien-Pao|Chien-Pao, L50|100\/100\n|-ability|p2b: Chien-Pao|Sword of Ruin\n|move|p1b: Chi-Yu|Snarl|p2b: Chien-Pao|[spread] p2a,p2b\n|-resisted|p2b: Chien-Pao\n|-damage|p2a: Amoonguss|80\/100\n|-damage|p2b: Chien-Pao|82\/100\n|-unboost|p2a: Amoonguss|spa|1\n|-unboost|p2b: Chien-Pao|spa|1\n|move|p1a: Skeledirge|Torch Song|p2b: Chien-Pao\n|-supereffective|p2b: Chien-Pao\n|-damage|p2b: Chien-Pao|0 fnt\n|-boost|p1a: Skeledirge|spa|1\n|faint|p2b: Chien-Pao\n|\n|upkeep\n|\n|t:|1681772271\n|switch|p2b: Iron Hands|Iron Hands, L50|94\/100\n|turn|7\n|\n|t:|1681772280\n|move|p1b: Chi-Yu|Protect|p1b: Chi-Yu\n|-singleturn|p1b: Chi-Yu|Protect\n|move|p1a: Skeledirge|Protect|p1a: Skeledirge\n|-singleturn|p1a: Skeledirge|Protect\n|move|p2a: Amoonguss|Rage Powder|p2a: Amoonguss\n|-singleturn|p2a: Amoonguss|move: Rage Powder\n|move|p2b: Iron Hands|Iron Head|p1a: Skeledirge\n|-activate|p1a: Skeledirge|move: Protect\n|\n|upkeep\n|turn|8\n|l|\u2606TheLastBEWD\n|inactive|TheLastBEWD disconnected and has a minute to reconnect!\n|player|p2|\n|inactive|TheLastBEWD has 30 seconds left.\n|inactive|TheLastBEWD has 20 seconds left.\n|j|\u2606TheLastBEWD\n|inactive|TheLastBEWD reconnected and has 20 seconds left.\n|player|p2|TheLastBEWD|169\n|inactive|TheLastBEWD has 15 seconds left.\n|inactive|TheLastBEWD has 10 seconds left.\n|inactive|TheLastBEWD has 5 seconds left.\n|\n|t:|1681772335\n|move|p2b: Iron Hands|Fake Out||[still]\n|-hint|Fake Out only works on your first turn out.\n|-fail|p2b: Iron Hands\n|move|p1b: Chi-Yu|Snarl|p2a: Amoonguss|[spread] p2a,p2b\n|-resisted|p2b: Iron Hands\n|-damage|p2a: Amoonguss|58\/100\n|-damage|p2b: Iron Hands|88\/100\n|-unboost|p2a: Amoonguss|spa|1\n|-unboost|p2b: Iron Hands|spa|1\n|move|p1a: Skeledirge|Tera Blast|p2b: Iron Hands\n|-supereffective|p2b: Iron Hands\n|-damage|p2b: Iron Hands|9\/100\n|move|p2a: Amoonguss|Spore|p1a: Skeledirge\n|-status|p1a: Skeledirge|slp|[from] move: Spore\n|\n|upkeep\n|turn|9\n|inactive|hhyh8 has 30 seconds left.\n|\n|t:|1681772365\n|move|p1b: Chi-Yu|Protect|p1b: Chi-Yu\n|-singleturn|p1b: Chi-Yu|Protect\n|cant|p1a: Skeledirge|slp\n|move|p2b: Iron Hands|Iron Head|p1a: Skeledirge\n|-supereffective|p1a: Skeledirge\n|-damage|p1a: Skeledirge|46\/100 slp\n|move|p2a: Amoonguss|Pollen Puff|p2b: Iron Hands\n|-heal|p2b: Iron Hands|59\/100\n|\n|-heal|p1a: Skeledirge|52\/100 slp|[from] item: Leftovers\n|upkeep\n|turn|10\n|\n|t:|1681772390\n|move|p2a: Amoonguss|Rage Powder|p2a: Amoonguss\n|-singleturn|p2a: Amoonguss|move: Rage Powder\n|move|p1b: Chi-Yu|Snarl|p2a: Amoonguss|[spread] p2a,p2b\n|-resisted|p2b: Iron Hands\n|-damage|p2a: Amoonguss|36\/100\n|-damage|p2b: Iron Hands|54\/100\n|-unboost|p2a: Amoonguss|spa|1\n|-unboost|p2b: Iron Hands|spa|1\n|cant|p1a: Skeledirge|slp\n|move|p2b: Iron Hands|Iron Head|p1a: Skeledirge\n|-supereffective|p1a: Skeledirge\n|-damage|p1a: Skeledirge|2\/100 slp\n|\n|-heal|p1a: Skeledirge|8\/100 slp|[from] item: Leftovers\n|upkeep\n|turn|11\n|\n|t:|1681772409\n|move|p1b: Chi-Yu|Protect|p1b: Chi-Yu\n|-singleturn|p1b: Chi-Yu|Protect\n|cant|p1a: Skeledirge|slp\n|move|p2b: Iron Hands|Drain Punch|p1b: Chi-Yu\n|-activate|p1b: Chi-Yu|move: Protect\n|move|p2a: Amoonguss|Pollen Puff|p1a: Skeledirge\n|-resisted|p1a: Skeledirge\n|-damage|p1a: Skeledirge|3\/100 slp\n|\n|-heal|p1a: Skeledirge|9\/100 slp|[from] item: Leftovers\n|upkeep\n|turn|12\n|\n|t:|1681772437\n|-curestatus|p1a: Skeledirge|slp|[msg]\n|move|p1a: Skeledirge|Protect|p1a: Skeledirge\n|-singleturn|p1a: Skeledirge|Protect\n|move|p2a: Amoonguss|Rage Powder|p2a: Amoonguss\n|-singleturn|p2a: Amoonguss|move: Rage Powder\n|move|p1b: Chi-Yu|Tera Blast|p2a: Amoonguss\n|-damage|p2a: Amoonguss|6\/100\n|-enditem|p2a: Amoonguss|Aguav Berry|[eat]\n|-heal|p2a: Amoonguss|39\/100|[from] item: Aguav Berry\n|move|p2b: Iron Hands|Iron Head|p1a: Skeledirge\n|-activate|p1a: Skeledirge|move: Protect\n|\n|-heal|p1a: Skeledirge|15\/100|[from] item: Leftovers\n|upkeep\n|turn|13\n|inactive|TheLastBEWD has 30 seconds left.\n|\n|t:|1681772465\n|move|p2a: Amoonguss|Rage Powder|p2a: Amoonguss\n|-singleturn|p2a: Amoonguss|move: Rage Powder\n|move|p1b: Chi-Yu|Snarl|p2a: Amoonguss|[spread] p2a,p2b\n|-resisted|p2b: Iron Hands\n|-damage|p2a: Amoonguss|19\/100\n|-damage|p2b: Iron Hands|47\/100\n|-unboost|p2a: Amoonguss|spa|1\n|-unboost|p2b: Iron Hands|spa|1\n|move|p1a: Skeledirge|Tera Blast|p2a: Amoonguss\n|-damage|p2a: Amoonguss|0 fnt\n|faint|p2a: Amoonguss\n|move|p2b: Iron Hands|Iron Head|p1a: Skeledirge\n|-supereffective|p1a: Skeledirge\n|-damage|p1a: Skeledirge|0 fnt\n|faint|p1a: Skeledirge\n|\n|upkeep\n|\n|t:|1681772478\n|switch|p1a: Grimmsnarl|Grimmsnarl, L50, M|100\/100 slp\n|switch|p2a: Dragapult|Dragapult, L50, F|33\/100\n|turn|14\n|\n|t:|1681772490\n|move|p1b: Chi-Yu|Protect|p1b: Chi-Yu\n|-singleturn|p1b: Chi-Yu|Protect\n|cant|p1a: Grimmsnarl|slp\n|move|p2a: Dragapult|Dragon Darts|p1b: Chi-Yu\n|-immune|p1a: Grimmsnarl\n|move|p2b: Iron Hands|Iron Head|p1a: Grimmsnarl\n|-supereffective|p1a: Grimmsnarl\n|-damage|p1a: Grimmsnarl|25\/100 slp\n|\n|upkeep\n|turn|15\n|\n|t:|1681772506\n|move|p2a: Dragapult|Protect|p2a: Dragapult\n|-singleturn|p2a: Dragapult|Protect\n|cant|p1a: Grimmsnarl|slp\n|move|p1b: Chi-Yu|Snarl|p2a: Dragapult|[spread] p2b\n|-activate|p2a: Dragapult|move: Protect\n|-resisted|p2b: Iron Hands\n|-damage|p2b: Iron Hands|41\/100\n|-unboost|p2b: Iron Hands|spa|1\n|move|p2b: Iron Hands|Iron Head|p1a: Grimmsnarl\n|-supereffective|p1a: Grimmsnarl\n|-damage|p1a: Grimmsnarl|0 fnt\n|faint|p1a: Grimmsnarl\n|\n|upkeep\n|\n|t:|1681772510\n|switch|p1a: Gastrodon|Gastrodon, L50, M|100\/100\n|turn|16\n|\n|t:|1681772531\n|move|p1a: Gastrodon|Protect|p1a: Gastrodon\n|-singleturn|p1a: Gastrodon|Protect\n|move|p2a: Dragapult|Dragon Darts|p1b: Chi-Yu\n|-end|p1b: Chi-Yu|Substitute\n|-anim|p2a: Dragapult|Dragon Darts|p1b: Chi-Yu\n|-damage|p1b: Chi-Yu|31\/100\n|-damage|p2a: Dragapult|24\/100|[from] item: Life Orb\n|move|p1b: Chi-Yu|Snarl|p2a: Dragapult|[spread] p2a,p2b\n|-supereffective|p2a: Dragapult\n|-resisted|p2b: Iron Hands\n|-damage|p2a: Dragapult|0 fnt\n|-damage|p2b: Iron Hands|35\/100\n|-unboost|p2b: Iron Hands|spa|1\n|faint|p2a: Dragapult\n|move|p2b: Iron Hands|Drain Punch|p1a: Gastrodon\n|-activate|p1a: Gastrodon|move: Protect\n|\n|upkeep\n|turn|17\n|\n|t:|1681772547\n|move|p1b: Chi-Yu|Substitute|p1b: Chi-Yu\n|-start|p1b: Chi-Yu|Substitute\n|-damage|p1b: Chi-Yu|7\/100\n|-enditem|p1b: Chi-Yu|Wiki Berry|[eat]\n|-heal|p1b: Chi-Yu|40\/100|[from] item: Wiki Berry\n|move|p2b: Iron Hands|Drain Punch|p1b: Chi-Yu\n|-supereffective|p1b: Chi-Yu\n|-end|p1b: Chi-Yu|Substitute\n|-heal|p2b: Iron Hands|43\/100|[from] drain|[of] p1b: Chi-Yu\n|move|p1a: Gastrodon|Earth Power|p2b: Iron Hands\n|-supereffective|p2b: Iron Hands\n|-damage|p2b: Iron Hands|0 fnt\n|faint|p2b: Iron Hands\n|-end|p2b: Iron Hands|Quark Drive|[silent]\n|\n|win|hhyh8\n|raw|hhyh8's rating: 1000 → 1040<\/strong> (+40 for winning)\n|raw|TheLastBEWD's rating: 1000 → 1000<\/strong> (+0 for losing)\n","uploadtime":1681772554,"views":6,"p1id":"hhyh8","p2id":"thelastbewd","formatid":"gen9vgc2023regulationc","rating":1000,"private":0,"password":""}