{"id":"gen9vgc2023regulationc-1849457878","p1":"PR0J3CT Nub","p2":"whosgemini","format":"[Gen 9] VGC 2023 Regulation C","log":"|j|\u2606PR0J3CT Nub\n|j|\u2606whosgemini\n|t:|1682200740\n|gametype|doubles\n|player|p1|PR0J3CT Nub|266|1150\n|player|p2|whosgemini|n|1104\n|teamsize|p1|6\n|teamsize|p2|6\n|gen|9\n|tier|[Gen 9] VGC 2023 Regulation C\n|rated|\n|rule|Species Clause: Limit one of each Pok\u00e9mon\n|rule|Item Clause: Limit one of each item\n|clearpoke\n|poke|p1|Tyranitar, L50, M|\n|poke|p1|Flutter Mane, L50|\n|poke|p1|Palafin, L50, F|\n|poke|p1|Arcanine, L50, F|\n|poke|p1|Corviknight, L50, M|\n|poke|p1|Gastrodon, L50, M|\n|poke|p2|Mimikyu, L50, M|\n|poke|p2|Torkoal, L50, F|\n|poke|p2|Arcanine, L50, F|\n|poke|p2|Pachirisu, L50, M|\n|poke|p2|Iron Hands, L50|\n|poke|p2|Gholdengo, L50|\n|teampreview|4\n|inactive|Battle timer is ON: inactive players will automatically lose when time's up. (requested by PR0J3CT Nub)\n|inactive|PR0J3CT Nub has 60 seconds left.\n|inactive|whosgemini has 60 seconds left.\n|inactive|PR0J3CT Nub has 30 seconds left.\n|\n|t:|1682200809\n|start\n|switch|p1a: Gastrodon|Gastrodon, L50, M|100\/100\n|switch|p1b: Arcanine|Arcanine, L50, F|100\/100\n|switch|p2a: Mimikyu|Mimikyu, L50, M|100\/100\n|switch|p2b: Gholdengo|Gholdengo, L50|100\/100\n|-ability|p1b: Arcanine|Intimidate|boost\n|-unboost|p2a: Mimikyu|atk|1\n|-unboost|p2b: Gholdengo|atk|1\n|turn|1\n|\n|t:|1682200832\n|move|p2a: Mimikyu|Shadow Sneak|p2b: Gholdengo\n|-supereffective|p2b: Gholdengo\n|-damage|p2b: Gholdengo|81\/100\n|-enditem|p2b: Gholdengo|Weakness Policy\n|-boost|p2b: Gholdengo|atk|2|[from] item: Weakness Policy\n|-boost|p2b: Gholdengo|spa|2|[from] item: Weakness Policy\n|move|p1b: Arcanine|Snarl|p2a: Mimikyu|[spread] p2a,p2b\n|-supereffective|p2b: Gholdengo\n|-activate|p2a: Mimikyu|ability: Disguise\n|-damage|p2a: Mimikyu|100\/100\n|-damage|p2b: Gholdengo|63\/100\n|-unboost|p2a: Mimikyu|spa|1\n|-unboost|p2b: Gholdengo|spa|1\n|detailschange|p2a: Mimikyu|Mimikyu-Busted, L50, M\n|-damage|p2a: Mimikyu|88\/100|[from] pokemon: Mimikyu-Busted\n|move|p2b: Gholdengo|Shadow Ball|p1a: Gastrodon\n|-damage|p1a: Gastrodon|46\/100\n|move|p1a: Gastrodon|Earth Power|p2b: Gholdengo\n|-supereffective|p2b: Gholdengo\n|-damage|p2b: Gholdengo|10\/100\n|\n|upkeep\n|turn|2\n|inactive|PR0J3CT Nub has 30 seconds left.\n|\n|t:|1682200858\n|move|p2b: Gholdengo|Protect|p2b: Gholdengo\n|-singleturn|p2b: Gholdengo|Protect\n|move|p1a: Gastrodon|Protect|p1a: Gastrodon\n|-singleturn|p1a: Gastrodon|Protect\n|move|p1b: Arcanine|Snarl|p2a: Mimikyu|[spread] p2a\n|-activate|p2b: Gholdengo|move: Protect\n|-damage|p2a: Mimikyu|79\/100\n|-unboost|p2a: Mimikyu|spa|1\n|move|p2a: Mimikyu|Trick Room|p2a: Mimikyu\n|-fieldstart|move: Trick Room|[of] p2a: Mimikyu\n|\n|upkeep\n|turn|3\n|\n|t:|1682200874\n|switch|p2a: Iron Hands|Iron Hands, L50|100\/100\n|move|p1a: Gastrodon|Earth Power|p2b: Gholdengo\n|-supereffective|p2b: Gholdengo\n|-damage|p2b: Gholdengo|0 fnt\n|faint|p2b: Gholdengo\n|move|p1b: Arcanine|Will-O-Wisp|p2a: Iron Hands\n|-status|p2a: Iron Hands|brn\n|\n|-damage|p2a: Iron Hands|94\/100 brn|[from] brn\n|upkeep\n|\n|t:|1682200889\n|switch|p2b: Pachirisu|Pachirisu, L50, M|100\/100\n|turn|4\n|\n|t:|1682200904\n|move|p2b: Pachirisu|Follow Me|p2b: Pachirisu\n|-singleturn|p2b: Pachirisu|move: Follow Me\n|move|p2a: Iron Hands|Swords Dance|p2a: Iron Hands\n|-boost|p2a: Iron Hands|atk|2\n|move|p1a: Gastrodon|Recover|p1a: Gastrodon\n|-heal|p1a: Gastrodon|96\/100\n|move|p1b: Arcanine|Snarl|p2a: Iron Hands|[spread] p2a,p2b\n|-resisted|p2a: Iron Hands\n|-damage|p2a: Iron Hands|91\/100 brn\n|-damage|p2b: Pachirisu|91\/100\n|-unboost|p2a: Iron Hands|spa|1\n|-unboost|p2b: Pachirisu|spa|1\n|\n|-damage|p2a: Iron Hands|84\/100 brn|[from] brn\n|upkeep\n|turn|5\n|\n|t:|1682200928\n|move|p2b: Pachirisu|Follow Me|p2b: Pachirisu\n|-singleturn|p2b: Pachirisu|move: Follow Me\n|move|p2a: Iron Hands|Swords Dance|p2a: Iron Hands\n|-boost|p2a: Iron Hands|atk|2\n|move|p1a: Gastrodon|Earth Power|p2b: Pachirisu\n|-supereffective|p2b: Pachirisu\n|-damage|p2b: Pachirisu|26\/100\n|-enditem|p2b: Pachirisu|Sitrus Berry|[eat]\n|-heal|p2b: Pachirisu|51\/100|[from] item: Sitrus Berry\n|move|p1b: Arcanine|Will-O-Wisp|p2b: Pachirisu\n|-status|p2b: Pachirisu|brn\n|\n|-damage|p2a: Iron Hands|78\/100 brn|[from] brn\n|-damage|p2b: Pachirisu|45\/100 brn|[from] brn\n|upkeep\n|turn|6\n|\n|t:|1682200952\n|switch|p2b: Mimikyu|Mimikyu-Busted, L50, M|79\/100\n|switch|p1b: Corviknight|Corviknight, L50, M|100\/100\n|-terastallize|p2a: Iron Hands|Grass\n|move|p2a: Iron Hands|Swords Dance|p2a: Iron Hands\n|-boost|p2a: Iron Hands|atk|2\n|move|p1a: Gastrodon|Earth Power|p2a: Iron Hands\n|-resisted|p2a: Iron Hands\n|-damage|p2a: Iron Hands|66\/100 brn\n|-unboost|p2a: Iron Hands|spd|1\n|\n|-damage|p2a: Iron Hands|60\/100 brn|[from] brn\n|-fieldend|move: Trick Room\n|upkeep\n|turn|7\n|inactive|PR0J3CT Nub has 30 seconds left.\n|\n|t:|1682200983\n|switch|p1a: Arcanine|Arcanine, L50, F|100\/100\n|-ability|p1a: Arcanine|Intimidate|boost\n|-unboost|p2a: Iron Hands|atk|1\n|-unboost|p2b: Mimikyu|atk|1\n|-terastallize|p1b: Corviknight|Fire\n|move|p1b: Corviknight|Brave Bird|p2a: Iron Hands\n|-supereffective|p2a: Iron Hands\n|-damage|p2a: Iron Hands|0 fnt\n|faint|p2a: Iron Hands\n|-end|p2a: Iron Hands|Quark Drive|[silent]\n|-damage|p1b: Corviknight|75\/100|[from] Recoil\n|move|p2b: Mimikyu|Trick Room|p2b: Mimikyu\n|-fieldstart|move: Trick Room|[of] p2b: Mimikyu\n|\n|-heal|p1b: Corviknight|81\/100|[from] item: Leftovers\n|upkeep\n|\n|t:|1682200996\n|switch|p2a: Pachirisu|Pachirisu, L50, M|45\/100 brn\n|turn|8\n|-message|whosgemini forfeited.\n|\n|win|PR0J3CT Nub\n|raw|PR0J3CT Nub's rating: 1150 → 1172<\/strong> (+22 for winning)\n|raw|whosgemini's rating: 1104 → 1082<\/strong> (-22 for losing)\n|l|\u2606whosgemini\n","uploadtime":1682201260,"views":14,"p1id":"pr0j3ctnub","p2id":"whosgemini","formatid":"gen9vgc2023regulationc","rating":1082,"private":0,"password":""}