{"id":"gen9vgc2023regulationc-1864159986","p1":"Smwq1","p2":"Kenji OwO","format":"[Gen 9] VGC 2023 Regulation C","log":"|j|\u2606Smwq1\n|j|\u2606Kenji OwO\n|t:|1684127209\n|gametype|doubles\n|player|p1|Smwq1|1|1152\n|player|p2|Kenji OwO|roxie|1131\n|teamsize|p1|6\n|teamsize|p2|6\n|gen|9\n|tier|[Gen 9] VGC 2023 Regulation C\n|rated|\n|rule|Species Clause: Limit one of each Pok\u00e9mon\n|rule|Item Clause: Limit one of each item\n|clearpoke\n|poke|p1|Wo-Chien, L50|\n|poke|p1|Baxcalibur, L50, M|\n|poke|p1|Dragalge, L50, F|\n|poke|p1|Arcanine, L50, M|\n|poke|p1|Pelipper, L50, F|\n|poke|p1|Indeedee-F, L50, F|\n|poke|p2|Meowscarada, L50, M|\n|poke|p2|Ceruledge, L50, F|\n|poke|p2|Toxtricity, L50, F|\n|poke|p2|Donphan, L50, F|\n|poke|p2|Flutter Mane, L50|\n|poke|p2|Noivern, L50, F|\n|teampreview|4\n|inactive|Battle timer is ON: inactive players will automatically lose when time's up. (requested by Smwq1)\nKenji OwO has agreed to open team sheets.\n|inactive|Smwq1 has 60 seconds left.\n|inactive|Kenji OwO has 60 seconds left.\n|\n|t:|1684127244\n|start\n|switch|p1a: Baxcalibur|Baxcalibur, L50, M|100\/100\n|switch|p1b: Arcanine|Arcanine, L50, M|100\/100\n|switch|p2a: Noivern|Noivern, L50, F|100\/100\n|switch|p2b: Donphan|Donphan, L50, F|100\/100\n|-ability|p1b: Arcanine|Intimidate|boost\n|-unboost|p2a: Noivern|atk|1\n|-unboost|p2b: Donphan|atk|1\n|turn|1\n|inactive|Kenji OwO has 30 seconds left.\n|\n|t:|1684127272\n|-terastallize|p2a: Noivern|Steel\n|move|p1a: Baxcalibur|Protect|p1a: Baxcalibur\n|-singleturn|p1a: Baxcalibur|Protect\n|move|p2a: Noivern|Super Fang|p1a: Baxcalibur\n|-activate|p1a: Baxcalibur|move: Protect\n|move|p1b: Arcanine|Will-O-Wisp|p2b: Donphan\n|-status|p2b: Donphan|brn\n|move|p2b: Donphan|Earthquake|p1b: Arcanine|[spread] p1b\n|-activate|p1a: Baxcalibur|move: Protect\n|-activate|p2a: Noivern|ability: Telepathy\n|-supereffective|p1b: Arcanine\n|-damage|p1b: Arcanine|73\/100\n|\n|-damage|p2b: Donphan|94\/100 brn|[from] brn\n|upkeep\n|turn|2\n|inactive|Smwq1 has 30 seconds left.\n|inactive|Kenji OwO has 30 seconds left.\n|inactive|Smwq1 has 20 seconds left.\n|inactive|Kenji OwO has 20 seconds left.\n|inactive|Smwq1 has 15 seconds left.\n|\n|t:|1684127315\n|switch|p1a: Indeedee|Indeedee-F, L50, F|100\/100\n|-fieldstart|move: Psychic Terrain|[from] ability: Psychic Surge|[of] p1a: Indeedee\n|move|p2a: Noivern|Tailwind|p2a: Noivern\n|-sidestart|p2: Kenji OwO|move: Tailwind\n|move|p2b: Donphan|High Horsepower|p1b: Arcanine\n|-supereffective|p1b: Arcanine\n|-damage|p1b: Arcanine|38\/100\n|move|p1b: Arcanine|Snarl|p2a: Noivern|[spread] p2a,p2b\n|-damage|p2a: Noivern|91\/100\n|-damage|p2b: Donphan|81\/100 brn\n|-unboost|p2b: Donphan|spa|1\n|\n|-damage|p2b: Donphan|75\/100 brn|[from] brn\n|upkeep\n|turn|3\n|\n|t:|1684127337\n|switch|p1b: Baxcalibur|Baxcalibur, L50, M|100\/100\n|move|p1a: Indeedee|Follow Me|p1a: Indeedee\n|-singleturn|p1a: Indeedee|move: Follow Me\n|move|p2a: Noivern|Taunt|p1a: Indeedee\n|-start|p1a: Indeedee|move: Taunt\n|move|p2b: Donphan|Earthquake|p1b: Baxcalibur|[spread] p1a,p1b\n|-activate|p2a: Noivern|ability: Telepathy\n|-damage|p1a: Indeedee|80\/100\n|-damage|p1b: Baxcalibur|88\/100\n|\n|-damage|p2b: Donphan|69\/100 brn|[from] brn\n|upkeep\n|turn|4\n|inactive|Smwq1 has 30 seconds left.\n|inactive|Kenji OwO has 30 seconds left.\n|\n|t:|1684127369\n|move|p1b: Baxcalibur|Protect|p1b: Baxcalibur\n|-singleturn|p1b: Baxcalibur|Protect\n|move|p2a: Noivern|Dragon Pulse|p1b: Baxcalibur\n|-activate|p1b: Baxcalibur|move: Protect\n|move|p2b: Donphan|Earthquake|p1b: Baxcalibur|[spread] p1a\n|-activate|p1b: Baxcalibur|move: Protect\n|-activate|p2a: Noivern|ability: Telepathy\n|-damage|p1a: Indeedee|62\/100\n|move|p1a: Indeedee|Psychic|p2a: Noivern\n|-resisted|p2a: Noivern\n|-damage|p2a: Noivern|64\/100\n|\n|-damage|p2b: Donphan|63\/100 brn|[from] brn\n|upkeep\n|turn|5\n|inactive|Kenji OwO has 30 seconds left.\n|inactive|Smwq1 has 30 seconds left.\n|\n|t:|1684127402\n|switch|p1b: Arcanine|Arcanine, L50, M|38\/100\n|-ability|p1b: Arcanine|Intimidate|boost\n|-unboost|p2a: Noivern|atk|1\n|-unboost|p2b: Donphan|atk|1\n|move|p2a: Noivern|Dragon Pulse|p1b: Arcanine\n|-damage|p1b: Arcanine|8\/100\n|move|p2b: Donphan|Earthquake|p1b: Arcanine|[spread] p1a,p1b\n|-activate|p2a: Noivern|ability: Telepathy\n|-supereffective|p1b: Arcanine\n|-damage|p1a: Indeedee|48\/100\n|-damage|p1b: Arcanine|0 fnt\n|faint|p1b: Arcanine\n|move|p1a: Indeedee|Psychic|p2a: Noivern\n|-resisted|p2a: Noivern\n|-damage|p2a: Noivern|37\/100\n|\n|-damage|p2b: Donphan|57\/100 brn|[from] brn\n|-sideend|p2: Kenji OwO|move: Tailwind\n|upkeep\n|\n|t:|1684127424\n|switch|p1b: Baxcalibur|Baxcalibur, L50, M|88\/100\n|turn|6\n|\n|t:|1684127441\n|move|p2a: Noivern|Tailwind|p2a: Noivern\n|-sidestart|p2: Kenji OwO|move: Tailwind\n|move|p2b: Donphan|Earthquake|p1b: Baxcalibur|[spread] p1a,p1b\n|-activate|p2a: Noivern|ability: Telepathy\n|-damage|p1a: Indeedee|34\/100\n|-damage|p1b: Baxcalibur|79\/100\n|move|p1b: Baxcalibur|Dragon Dance|p1b: Baxcalibur\n|-boost|p1b: Baxcalibur|atk|1\n|-boost|p1b: Baxcalibur|spe|1\n|move|p1a: Indeedee|Psychic|p2a: Noivern\n|-resisted|p2a: Noivern\n|-damage|p2a: Noivern|9\/100\n|\n|-damage|p2b: Donphan|50\/100 brn|[from] brn\n|-end|p1a: Indeedee|move: Taunt\n|-fieldend|move: Psychic Terrain\n|upkeep\n|turn|7\n|inactive|Smwq1 has 30 seconds left.\n|\n|t:|1684127468\n|move|p1b: Baxcalibur|Protect|p1b: Baxcalibur\n|-singleturn|p1b: Baxcalibur|Protect\n|move|p2a: Noivern|Dragon Pulse|p1b: Baxcalibur\n|-activate|p1b: Baxcalibur|move: Protect\n|move|p2b: Donphan|Earthquake|p1b: Baxcalibur|[spread] p1a\n|-activate|p1b: Baxcalibur|move: Protect\n|-activate|p2a: Noivern|ability: Telepathy\n|-damage|p1a: Indeedee|20\/100\n|move|p1a: Indeedee|Psychic|p2a: Noivern\n|-resisted|p2a: Noivern\n|-damage|p2a: Noivern|0 fnt\n|faint|p2a: Noivern\n|\n|-damage|p2b: Donphan|44\/100 brn|[from] brn\n|upkeep\n|\n|t:|1684127484\n|switch|p2a: Toxtricity|Toxtricity, L50, F|100\/100\n|turn|8\n|\n|t:|1684127500\n|switch|p2b: Flutter Mane|Flutter Mane, L50|100\/100\n|-enditem|p2b: Flutter Mane|Booster Energy\n|-activate|p2b: Flutter Mane|ability: Protosynthesis|[fromitem]\n|-start|p2b: Flutter Mane|protosynthesisspa\n|-terastallize|p1b: Baxcalibur|Dragon\n|move|p1b: Baxcalibur|Icicle Spear|p2a: Toxtricity\n|-damage|p2a: Toxtricity|60\/100\n|-damage|p2a: Toxtricity|22\/100\n|-damage|p2a: Toxtricity|0 fnt\n|faint|p2a: Toxtricity\n|-hitcount|p2: Toxtricity|3\n|move|p1a: Indeedee|Skill Swap||[still]\n|-fail|p1a: Indeedee\n|\n|upkeep\n|\n|t:|1684127510\n|switch|p2a: Donphan|Donphan, L50, F|44\/100 brn\n|turn|9\n|\n|t:|1684127534\n|move|p2b: Flutter Mane|Protect|p2b: Flutter Mane\n|-singleturn|p2b: Flutter Mane|Protect\n|move|p1a: Indeedee|Follow Me|p1a: Indeedee\n|-singleturn|p1a: Indeedee|move: Follow Me\n|move|p1b: Baxcalibur|Icicle Spear|p2b: Flutter Mane\n|-activate|p2b: Flutter Mane|move: Protect\n|move|p2a: Donphan|Earthquake|p1b: Baxcalibur|[spread] p1a,p1b\n|-activate|p2b: Flutter Mane|move: Protect\n|-damage|p1a: Indeedee|0 fnt\n|-damage|p1b: Baxcalibur|59\/100\n|faint|p1a: Indeedee\n|\n|-damage|p2a: Donphan|38\/100 brn|[from] brn\n|-sideend|p2: Kenji OwO|move: Tailwind\n|upkeep\n|\n|t:|1684127550\n|switch|p1a: Wo-Chien|Wo-Chien, L50|100\/100\n|-ability|p1a: Wo-Chien|Tablets of Ruin\n|turn|10\n|inactive|Kenji OwO has 30 seconds left.\n|\n|t:|1684127577\n|move|p2a: Donphan|Ice Shard|p1b: Baxcalibur\n|-supereffective|p1b: Baxcalibur\n|-damage|p1b: Baxcalibur|48\/100\n|move|p1b: Baxcalibur|Icicle Spear|p2b: Flutter Mane\n|-damage|p2b: Flutter Mane|78\/100\n|-damage|p2b: Flutter Mane|58\/100\n|-damage|p2b: Flutter Mane|34\/100\n|-damage|p2b: Flutter Mane|10\/100\n|-damage|p2b: Flutter Mane|0 fnt\n|faint|p2b: Flutter Mane\n|-end|p2b: Flutter Mane|Protosynthesis|[silent]\n|-hitcount|p2: Flutter Mane|5\n|move|p1a: Wo-Chien|Energy Ball|p2a: Donphan\n|-supereffective|p2a: Donphan\n|-crit|p2a: Donphan\n|-damage|p2a: Donphan|0 fnt\n|faint|p2a: Donphan\n|\n|win|Smwq1\n|raw|Smwq1's rating: 1152 → 1175<\/strong> (+23 for winning)\n|raw|Kenji OwO's rating: 1131 → 1108<\/strong> (-23 for losing)\n|l|\u2606Kenji OwO\n","uploadtime":1684127611,"views":6,"p1id":"smwq1","p2id":"kenjiowo","formatid":"gen9vgc2023regulationc","rating":1108,"private":0,"password":""}