{"id":"gen9vgc2023regulationc-1863295492","p1":"R2VGC","p2":"WooTang104","format":"[Gen 9] VGC 2023 Regulation C","log":"|j|\u2606R2VGC\n|j|\u2606WooTang104\n|t:|1683999113\n|gametype|doubles\n|player|p1|R2VGC|102|1164\n|player|p2|WooTang104|backpacker|1161\n|teamsize|p1|6\n|teamsize|p2|6\n|gen|9\n|tier|[Gen 9] VGC 2023 Regulation C\n|rated|\n|rule|Species Clause: Limit one of each Pok\u00e9mon\n|rule|Item Clause: Limit one of each item\n|clearpoke\n|poke|p1|Amoonguss, L50, F|\n|poke|p1|Arcanine, L50, F|\n|poke|p1|Flutter Mane, L50|\n|poke|p1|Kingambit, L50, F|\n|poke|p1|Palafin, L50, F|\n|poke|p1|Baxcalibur, L50, F|\n|poke|p2|Talonflame, L50, F|\n|poke|p2|Ting-Lu, L50|\n|poke|p2|Gyarados, L50, M|\n|poke|p2|Chien-Pao, L50|\n|poke|p2|Flutter Mane, L50|\n|poke|p2|Ceruledge, L50, F|\n|teampreview|4\n|inactive|Battle timer is ON: inactive players will automatically lose when time's up. (requested by WooTang104)\nR2VGC has agreed to open team sheets.\n|\n|t:|1683999142\n|start\n|switch|p1a: Arcanine|Arcanine, L50, F|100\/100\n|switch|p1b: Palafin|Palafin, L50, F|100\/100\n|switch|p2a: Talonflame|Talonflame, L50, F|100\/100\n|switch|p2b: Ting-Lu|Ting-Lu, L50|100\/100\n|-ability|p1a: Arcanine|Intimidate|boost\n|-unboost|p2a: Talonflame|atk|1\n|-unboost|p2b: Ting-Lu|atk|1\n|-ability|p2b: Ting-Lu|Vessel of Ruin\n|turn|1\n|\n|t:|1683999157\n|-terastallize|p2b: Ting-Lu|Poison\n|move|p1a: Arcanine|Extreme Speed|p2a: Talonflame\n|-damage|p2a: Talonflame|68\/100\n|move|p1b: Palafin|Jet Punch|p2a: Talonflame\n|-supereffective|p2a: Talonflame\n|-damage|p2a: Talonflame|0 fnt\n|faint|p2a: Talonflame\n|move|p2b: Ting-Lu|Earthquake|p1a: Arcanine|[spread] p1a,p1b\n|-supereffective|p1a: Arcanine\n|-damage|p1a: Arcanine|48\/100\n|-damage|p1b: Palafin|73\/100\n|\n|upkeep\n|\n|t:|1683999170\n|switch|p2a: Ceruledge|Ceruledge, L50, F|100\/100\n|turn|2\n|\n|t:|1683999181\n|switch|p2a: Gyarados|Gyarados, L50, M|100\/100\n|-ability|p2a: Gyarados|Intimidate|boost\n|-unboost|p1a: Arcanine|atk|1\n|-unboost|p1b: Palafin|atk|1\n|detailschange|p1b: Palafin|Palafin-Hero, L50, F\n|switch|p1b: Kingambit|Kingambit, L50, F|100\/100\n|move|p1a: Arcanine|Howl|p1a: Arcanine|[spread] p1a,p1b\n|-boost|p1a: Arcanine|atk|1\n|-boost|p1b: Kingambit|atk|1\n|move|p2b: Ting-Lu|Ruination|p1b: Kingambit\n|-damage|p1b: Kingambit|50\/100\n|\n|upkeep\n|turn|3\n|inactive|R2VGC has 30 seconds left.\n|\n|t:|1683999211\n|-terastallize|p1b: Kingambit|Dark\n|move|p1a: Arcanine|Extreme Speed|p2b: Ting-Lu\n|-damage|p2b: Ting-Lu|86\/100\n|move|p2a: Gyarados|Waterfall|p1a: Arcanine\n|-supereffective|p1a: Arcanine\n|-damage|p1a: Arcanine|0 fnt\n|faint|p1a: Arcanine\n|move|p1b: Kingambit|Assurance|p2b: Ting-Lu\n|-damage|p2b: Ting-Lu|0 fnt\n|faint|p2b: Ting-Lu\n|\n|upkeep\n|\n|t:|1683999229\n|switch|p1a: Flutter Mane|Flutter Mane, L50|100\/100\n|switch|p2b: Ceruledge|Ceruledge, L50, F|100\/100\n|-enditem|p1a: Flutter Mane|Booster Energy\n|-activate|p1a: Flutter Mane|ability: Protosynthesis|[fromitem]\n|-start|p1a: Flutter Mane|protosynthesisspe\n|turn|4\n|\n|t:|1683999244\n|move|p2b: Ceruledge|Protect|p2b: Ceruledge\n|-singleturn|p2b: Ceruledge|Protect\n|move|p1b: Kingambit|Sucker Punch||[still]\n|-fail|p1b: Kingambit\n|move|p1a: Flutter Mane|Icy Wind|p2b: Ceruledge|[spread] p2a\n|-activate|p2b: Ceruledge|move: Protect\n|-damage|p2a: Gyarados|86\/100\n|-unboost|p2a: Gyarados|spe|1\n|move|p2a: Gyarados|Thunder Wave|p1a: Flutter Mane\n|-status|p1a: Flutter Mane|par\n|\n|upkeep\n|turn|5\n|inactive|R2VGC has 30 seconds left.\n|\n|t:|1683999274\n|move|p1b: Kingambit|Sucker Punch|p2b: Ceruledge\n|-supereffective|p2b: Ceruledge\n|-damage|p2b: Ceruledge|0 fnt\n|faint|p2b: Ceruledge\n|move|p1a: Flutter Mane|Moonblast|p2a: Gyarados\n|-damage|p2a: Gyarados|38\/100\n|-unboost|p2a: Gyarados|spa|1\n|move|p2a: Gyarados|Waterfall|p1b: Kingambit\n|-damage|p1b: Kingambit|15\/100\n|\n|upkeep\n|turn|6\n|-message|WooTang104 forfeited.\n|\n|win|R2VGC\n|raw|R2VGC's rating: 1164 → 1189<\/strong> (+25 for winning)\n|raw|WooTang104's rating: 1161 → 1136<\/strong> (-25 for losing)\n|l|\u2606WooTang104\n","uploadtime":1683999291,"views":13,"p1id":"r2vgc","p2id":"wootang104","formatid":"gen9vgc2023regulationc","rating":1136,"private":0,"password":""}