{"id":"gen9vgc2023regulationc-1851447773","p1":"TingLusing","p2":"entitysardo992","format":"[Gen 9] VGC 2023 Regulation C","log":"|j|\u2606TingLusing\n|j|\u2606entitysardo992\n|t:|1682445916\n|gametype|doubles\n|player|p1|TingLusing|marnie-league|1486\n|player|p2|entitysardo992|266|1398\n|teamsize|p1|6\n|teamsize|p2|6\n|gen|9\n|tier|[Gen 9] VGC 2023 Regulation C\n|rated|\n|rule|Species Clause: Limit one of each Pok\u00e9mon\n|rule|Item Clause: Limit one of each item\n|clearpoke\n|poke|p1|Palafin, L50, M|\n|poke|p1|Arcanine, L50, F|\n|poke|p1|Amoonguss, L50, M|\n|poke|p1|Kingambit, L50, M|\n|poke|p1|Flutter Mane, L50|\n|poke|p1|Dragonite, L50, F|\n|poke|p2|Corviknight, L50, M|\n|poke|p2|Ting-Lu, L50|\n|poke|p2|Sableye, L50, M|\n|poke|p2|Kingambit, L50, F|\n|poke|p2|Amoonguss, L50, M|\n|poke|p2|Sylveon, L50, F|\n|teampreview|4\nTingLusing has agreed to open team sheets.\n|inactive|Battle timer is ON: inactive players will automatically lose when time's up. (requested by TingLusing)\n|\n|t:|1682445948\n|start\n|switch|p1a: Palafin|Palafin, L50, M|100\/100\n|switch|p1b: Flutter Mane|Flutter Mane, L50|100\/100\n|switch|p2a: Kingambit|Kingambit, L50, F|100\/100\n|switch|p2b: Amoonguss|Amoonguss, L50, M|100\/100\n|-enditem|p1b: Flutter Mane|Booster Energy\n|-activate|p1b: Flutter Mane|ability: Protosynthesis|[fromitem]\n|-start|p1b: Flutter Mane|protosynthesisspa\n|turn|1\n|\n|t:|1682445959\n|detailschange|p1a: Palafin|Palafin-Hero, L50, M\n|switch|p1a: Amoonguss|Amoonguss, L50, M|100\/100\n|move|p1b: Flutter Mane|Protect|p1b: Flutter Mane\n|-singleturn|p1b: Flutter Mane|Protect\n|move|p2b: Amoonguss|Rage Powder|p2b: Amoonguss\n|-singleturn|p2b: Amoonguss|move: Rage Powder\n|move|p2a: Kingambit|Kowtow Cleave|p1b: Flutter Mane\n|-activate|p1b: Flutter Mane|move: Protect\n|\n|upkeep\n|turn|2\n|\n|t:|1682445976\n|move|p2a: Kingambit|Protect|p2a: Kingambit\n|-singleturn|p2a: Kingambit|Protect\n|move|p1b: Flutter Mane|Moonblast|p2a: Kingambit\n|-activate|p2a: Kingambit|move: Protect\n|move|p1a: Amoonguss|Spore|p2a: Kingambit\n|-activate|p2a: Kingambit|move: Protect\n|move|p2b: Amoonguss|Spore|p1b: Flutter Mane\n|-status|p1b: Flutter Mane|slp|[from] move: Spore\n|\n|upkeep\n|turn|3\n|\n|t:|1682445990\n|cant|p1b: Flutter Mane|slp\n|move|p2a: Kingambit|Swords Dance|p2a: Kingambit\n|-boost|p2a: Kingambit|atk|2\n|move|p1a: Amoonguss|Spore|p2a: Kingambit\n|-status|p2a: Kingambit|slp|[from] move: Spore\n|move|p2b: Amoonguss|Clear Smog|p1b: Flutter Mane\n|-damage|p1b: Flutter Mane|87\/100 slp\n|-clearboost|p1b: Flutter Mane\n|\n|upkeep\n|turn|4\n|\n|t:|1682446011\n|switch|p1a: Palafin|Palafin-Hero, L50, M|100\/100\n|-activate|p1a: Palafin|ability: Zero to Hero\n|move|p2b: Amoonguss|Rage Powder|p2b: Amoonguss\n|-singleturn|p2b: Amoonguss|move: Rage Powder\n|-curestatus|p1b: Flutter Mane|slp|[msg]\n|move|p1b: Flutter Mane|Moonblast|p2b: Amoonguss\n|-resisted|p2b: Amoonguss\n|-damage|p2b: Amoonguss|71\/100\n|cant|p2a: Kingambit|slp\n|\n|upkeep\n|turn|5\n|\n|t:|1682446026\n|move|p2b: Amoonguss|Rage Powder|p2b: Amoonguss\n|-singleturn|p2b: Amoonguss|move: Rage Powder\n|move|p1b: Flutter Mane|Dazzling Gleam|p2b: Amoonguss|[spread] p2a,p2b\n|-resisted|p2b: Amoonguss\n|-damage|p2a: Kingambit|54\/100 slp\n|-damage|p2b: Amoonguss|52\/100\n|move|p1a: Palafin|Haze|p1a: Palafin\n|-clearallboost\n|cant|p2a: Kingambit|slp\n|\n|upkeep\n|turn|6\n|\n|t:|1682446039\n|-terastallize|p1a: Palafin|Grass\n|-curestatus|p2a: Kingambit|slp|[msg]\n|move|p2a: Kingambit|Sucker Punch|p1b: Flutter Mane\n|-damage|p1b: Flutter Mane|0 fnt\n|faint|p1b: Flutter Mane\n|-end|p1b: Flutter Mane|Protosynthesis|[silent]\n|move|p1a: Palafin|Wave Crash|p2a: Kingambit\n|-damage|p2a: Kingambit|0 fnt\n|faint|p2a: Kingambit\n|-damage|p1a: Palafin|84\/100|[from] Recoil\n|move|p2b: Amoonguss|Spore|p1a: Palafin\n|-immune|p1a: Palafin\n|\n|upkeep\n|\n|t:|1682446052\n|switch|p1b: Amoonguss|Amoonguss, L50, M|100\/100\n|switch|p2a: Ting-Lu|Ting-Lu, L50|100\/100\n|-ability|p2a: Ting-Lu|Vessel of Ruin\n|turn|7\n|\n|t:|1682446071\n|-terastallize|p2a: Ting-Lu|Grass\n|move|p1a: Palafin|Protect|p1a: Palafin\n|-singleturn|p1a: Palafin|Protect\n|move|p2a: Ting-Lu|Earthquake|p1a: Palafin|[spread] p2b,p1b\n|-activate|p1a: Palafin|move: Protect\n|-crit|p1b: Amoonguss\n|-damage|p2b: Amoonguss|21\/100\n|-damage|p1b: Amoonguss|54\/100\n|move|p1b: Amoonguss|Spore|p2a: Ting-Lu\n|-immune|p2a: Ting-Lu\n|move|p2b: Amoonguss|Clear Smog|p1a: Palafin\n|-activate|p1a: Palafin|move: Protect\n|\n|upkeep\n|turn|8\n|\n|t:|1682446093\n|move|p2b: Amoonguss|Protect|p2b: Amoonguss\n|-singleturn|p2b: Amoonguss|Protect\n|move|p1a: Palafin|Wave Crash|p2b: Amoonguss\n|-activate|p2b: Amoonguss|move: Protect\n|move|p2a: Ting-Lu|Earthquake|p1a: Palafin|[spread] p1a,p1b\n|-activate|p2b: Amoonguss|move: Protect\n|-resisted|p1a: Palafin\n|-damage|p1a: Palafin|66\/100\n|-damage|p1b: Amoonguss|21\/100\n|-enditem|p1b: Amoonguss|Sitrus Berry|[eat]\n|-heal|p1b: Amoonguss|46\/100|[from] item: Sitrus Berry\n|move|p1b: Amoonguss|Pollen Puff|p1a: Palafin\n|-heal|p1a: Palafin|100\/100\n|\n|upkeep\n|turn|9\n|inactive|TingLusing has 30 seconds left.\n|\n|t:|1682446121\n|move|p1b: Amoonguss|Protect|p1b: Amoonguss\n|-singleturn|p1b: Amoonguss|Protect\n|move|p1a: Palafin|Wave Crash|p2a: Ting-Lu\n|-resisted|p2a: Ting-Lu\n|-damage|p2a: Ting-Lu|68\/100\n|-damage|p1a: Palafin|88\/100|[from] Recoil\n|move|p2a: Ting-Lu|Earthquake|p1a: Palafin|[spread] p2b,p1a\n|-activate|p1b: Amoonguss|move: Protect\n|-resisted|p1a: Palafin\n|-damage|p2b: Amoonguss|0 fnt\n|-damage|p1a: Palafin|73\/100\n|faint|p2b: Amoonguss\n|\n|-heal|p2a: Ting-Lu|74\/100|[from] item: Leftovers\n|upkeep\n|\n|t:|1682446130\n|switch|p2b: Sylveon|Sylveon, L50, F|100\/100\n|turn|10\n|\n|t:|1682446143\n|move|p2b: Sylveon|Protect|p2b: Sylveon\n|-singleturn|p2b: Sylveon|Protect\n|move|p1a: Palafin|Wave Crash|p2b: Sylveon\n|-activate|p2b: Sylveon|move: Protect\n|move|p2a: Ting-Lu|Earthquake|p1b: Amoonguss|[spread] p1a,p1b\n|-activate|p2b: Sylveon|move: Protect\n|-resisted|p1a: Palafin\n|-damage|p1a: Palafin|57\/100\n|-damage|p1b: Amoonguss|13\/100\n|move|p1b: Amoonguss|Pollen Puff|p1a: Palafin\n|-heal|p1a: Palafin|100\/100\n|\n|-heal|p2a: Ting-Lu|80\/100|[from] item: Leftovers\n|upkeep\n|turn|11\n|\n|t:|1682446160\n|move|p1b: Amoonguss|Protect|p1b: Amoonguss\n|-singleturn|p1b: Amoonguss|Protect\n|move|p1a: Palafin|Wave Crash|p2b: Sylveon\n|-damage|p2b: Sylveon|0 fnt\n|faint|p2b: Sylveon\n|-damage|p1a: Palafin|68\/100|[from] Recoil\n|move|p2a: Ting-Lu|Rock Slide|p1a: Palafin|[spread] \n|-activate|p1b: Amoonguss|move: Protect\n|-miss|p2a: Ting-Lu|p1a: Palafin\n|\n|-heal|p2a: Ting-Lu|86\/100|[from] item: Leftovers\n|upkeep\n|turn|12\n|\n|t:|1682446171\n|switch|p1b: Kingambit|Kingambit, L50, M|100\/100\n|move|p1a: Palafin|Wave Crash|p2a: Ting-Lu\n|-resisted|p2a: Ting-Lu\n|-damage|p2a: Ting-Lu|54\/100\n|-damage|p1a: Palafin|56\/100|[from] Recoil\n|move|p2a: Ting-Lu|Earthquake|p1b: Kingambit|[spread] p1a,p1b\n|-resisted|p1a: Palafin\n|-supereffective|p1b: Kingambit\n|-damage|p1a: Palafin|38\/100\n|-damage|p1b: Kingambit|43\/100\n|\n|-heal|p2a: Ting-Lu|60\/100|[from] item: Leftovers\n|upkeep\n|turn|13\n|\n|t:|1682446190\n|move|p1a: Palafin|Wave Crash|p2a: Ting-Lu\n|-resisted|p2a: Ting-Lu\n|-damage|p2a: Ting-Lu|27\/100\n|-damage|p1a: Palafin|26\/100|[from] Recoil\n|move|p1b: Kingambit|Kowtow Cleave|p2a: Ting-Lu\n|-damage|p2a: Ting-Lu|0 fnt\n|faint|p2a: Ting-Lu\n|\n|win|TingLusing\n|raw|TingLusing's rating: 1486 → 1501<\/strong> (+15 for winning)\n|raw|entitysardo992's rating: 1398 → 1383<\/strong> (-15 for losing)\n","uploadtime":1682446196,"views":8,"p1id":"tinglusing","p2id":"entitysardo992","formatid":"gen9vgc2023regulationc","rating":1383,"private":0,"password":""}