{"id":"gen9vgc2023regulationc-1855081042","p1":"Bakemono316","p2":"G4rug4","format":"[Gen 9] VGC 2023 Regulation C","log":"|j|\u2606Bakemono316\n|j|\u2606G4rug4\n|t:|1682898961\n|gametype|doubles\n|player|p1|Bakemono316|pryce|\n|player|p2|G4rug4|265|\n|teamsize|p1|6\n|teamsize|p2|6\n|gen|9\n|tier|[Gen 9] VGC 2023 Regulation C\n|rule|Species Clause: Limit one of each Pok\u00e9mon\n|rule|Item Clause: Limit one of each item\n|clearpoke\n|poke|p1|Gyarados, L50, F|\n|poke|p1|Bronzong, L50|\n|poke|p1|Amoonguss, L50, M|\n|poke|p1|Flutter Mane, L50|\n|poke|p1|Ting-Lu, L50|\n|poke|p1|Chi-Yu, L50|\n|poke|p2|Ceruledge, L50, F|\n|poke|p2|Gyarados, L50, F|\n|poke|p2|Flutter Mane, L50|\n|poke|p2|Maushold, L50|\n|poke|p2|Ting-Lu, L50|\n|poke|p2|Chien-Pao, L50|\n|teampreview|4\n|inactive|Battle timer is ON: inactive players will automatically lose when time's up. (requested by G4rug4)\nG4rug4 has agreed to open team sheets.\nBakemono316 has agreed to open team sheets.\n|inactive|Bakemono316 has 60 seconds left.\n|inactive|G4rug4 has 60 seconds left.\n|\n|t:|1682899019\n|start\n|switch|p1a: Chi-Yu|Chi-Yu, L50|100\/100\n|switch|p1b: Amoonguss|Amoonguss, L50, M|100\/100\n|switch|p2a: Gyarados|Gyarados, L50, F|100\/100\n|switch|p2b: Flutter Mane|Flutter Mane, L50|100\/100\n|-ability|p1a: Chi-Yu|Beads of Ruin\n|-ability|p2a: Gyarados|Intimidate|boost\n|-unboost|p1a: Chi-Yu|atk|1\n|-unboost|p1b: Amoonguss|atk|1\n|turn|1\n|\n|t:|1682899038\n|move|p1a: Chi-Yu|Protect|p1a: Chi-Yu\n|-singleturn|p1a: Chi-Yu|Protect\n|move|p2b: Flutter Mane|Moonblast|p1a: Chi-Yu\n|-activate|p1a: Chi-Yu|move: Protect\n|move|p2a: Gyarados|Taunt|p1b: Amoonguss\n|-start|p1b: Amoonguss|move: Taunt\n|cant|p1b: Amoonguss|move: Taunt|Spore\n|\n|upkeep\n|turn|2\n|\n|t:|1682899062\n|switch|p1a: Gyarados|Gyarados, L50, F|100\/100\n|-ability|p1a: Gyarados|Intimidate|boost\n|-unboost|p2a: Gyarados|atk|1\n|-unboost|p2b: Flutter Mane|atk|1\n|move|p2b: Flutter Mane|Moonblast|p1a: Gyarados\n|-damage|p1a: Gyarados|37\/100\n|-unboost|p1a: Gyarados|spa|1\n|move|p2a: Gyarados|Thunder Wave|p1a: Gyarados\n|-status|p1a: Gyarados|par\n|-enditem|p1a: Gyarados|Lum Berry|[eat]\n|-curestatus|p1a: Gyarados|par|[msg]\n|move|p1b: Amoonguss|Pollen Puff|p1a: Gyarados\n|-heal|p1a: Gyarados|87\/100\n|\n|upkeep\n|turn|3\n|inactive|Bakemono316 has 30 seconds left.\n|inactive|G4rug4 has 30 seconds left.\n|inactive|Bakemono316 has 20 seconds left.\n|inactive|G4rug4 has 20 seconds left.\n|inactive|Bakemono316 has 15 seconds left.\n|\n|t:|1682899105\n|move|p1a: Gyarados|Protect|p1a: Gyarados\n|-singleturn|p1a: Gyarados|Protect\n|move|p2b: Flutter Mane|Moonblast|p1a: Gyarados\n|-activate|p1a: Gyarados|move: Protect\n|move|p2a: Gyarados|Thunder Wave|p1a: Gyarados\n|-activate|p1a: Gyarados|move: Protect\n|move|p1b: Amoonguss|Clear Smog|p2b: Flutter Mane\n|-damage|p2b: Flutter Mane|87\/100\n|-clearboost|p2b: Flutter Mane\n|\n|-end|p1b: Amoonguss|move: Taunt\n|upkeep\n|turn|4\n|inactive|G4rug4 has 30 seconds left.\n|\n|t:|1682899141\n|move|p1b: Amoonguss|Rage Powder|p1b: Amoonguss\n|-singleturn|p1b: Amoonguss|move: Rage Powder\n|move|p2b: Flutter Mane|Moonblast|p1b: Amoonguss\n|-resisted|p1b: Amoonguss\n|-damage|p1b: Amoonguss|75\/100\n|move|p2a: Gyarados|Taunt|p1b: Amoonguss\n|-start|p1b: Amoonguss|move: Taunt\n|move|p1a: Gyarados|Thunder Wave|p2b: Flutter Mane\n|-status|p2b: Flutter Mane|par\n|\n|upkeep\n|turn|5\n|inactive|Bakemono316 has 30 seconds left.\n|inactive|G4rug4 has 30 seconds left.\n|inactive|Bakemono316 has 20 seconds left.\n|\n|t:|1682899179\n|-end|p2b: Flutter Mane|Protosynthesis|[silent]\n|switch|p2b: Ting-Lu|Ting-Lu, L50|100\/100\n|-ability|p2b: Ting-Lu|Vessel of Ruin\n|move|p2a: Gyarados|Thunder Wave|p1a: Gyarados\n|-status|p1a: Gyarados|par\n|move|p1a: Gyarados|Waterfall|p2b: Ting-Lu\n|-supereffective|p2b: Ting-Lu\n|-enditem|p2b: Ting-Lu|Passho Berry|[eat]\n|-enditem|p2b: Ting-Lu|Passho Berry|[weaken]\n|-damage|p2b: Ting-Lu|72\/100\n|move|p1b: Amoonguss|Pollen Puff|p2b: Ting-Lu\n|-supereffective|p2b: Ting-Lu\n|-damage|p2b: Ting-Lu|53\/100\n|\n|upkeep\n|turn|6\n|inactive|Bakemono316 has 30 seconds left.\n|\n|t:|1682899209\n|switch|p2a: Ceruledge|Ceruledge, L50, F|100\/100\n|move|p2b: Ting-Lu|Protect|p2b: Ting-Lu\n|-singleturn|p2b: Ting-Lu|Protect\n|cant|p1a: Gyarados|par\n|move|p1b: Amoonguss|Pollen Puff|p1a: Gyarados\n|-heal|p1a: Gyarados|100\/100 par\n|\n|upkeep\n|turn|7\n|inactive|Bakemono316 has 30 seconds left.\n|\n|t:|1682899237\n|switch|p2b: Gyarados|Gyarados, L50, F|100\/100\n|-ability|p2b: Gyarados|Intimidate|boost\n|-unboost|p1a: Gyarados|atk|1\n|-unboost|p1b: Amoonguss|atk|1\n|switch|p1b: Ting-Lu|Ting-Lu, L50|100\/100\n|-ability|p1b: Ting-Lu|Vessel of Ruin\n|-terastallize|p2a: Ceruledge|Grass\n|move|p2a: Ceruledge|Bitter Blade|p1b: Ting-Lu\n|-damage|p1b: Ting-Lu|81\/100\n|move|p1a: Gyarados|Thunder Wave|p2a: Ceruledge\n|-status|p2a: Ceruledge|par\n|\n|upkeep\n|turn|8\n|inactive|G4rug4 has 30 seconds left.\n|inactive|Bakemono316 has 30 seconds left.\n|inactive|G4rug4 has 20 seconds left.\n|\n|t:|1682899276\n|switch|p1b: Amoonguss|Amoonguss, L50, M|100\/100\n|move|p2b: Gyarados|Waterfall|p1b: Amoonguss\n|-resisted|p1b: Amoonguss\n|-damage|p1b: Amoonguss|82\/100\n|move|p2a: Ceruledge|Tera Blast|p1a: Gyarados\n|-damage|p1a: Gyarados|57\/100 par\n|move|p1a: Gyarados|Thunder Wave|p2b: Gyarados\n|-status|p2b: Gyarados|par\n|\n|upkeep\n|turn|9\n|inactive|Bakemono316 has 30 seconds left.\n|inactive|G4rug4 has 30 seconds left.\n|\n|t:|1682899310\n|switch|p1b: Ting-Lu|Ting-Lu, L50|81\/100\n|-ability|p1b: Ting-Lu|Vessel of Ruin\n|move|p2a: Ceruledge|Bitter Blade|p1b: Ting-Lu\n|-damage|p1b: Ting-Lu|62\/100\n|cant|p2b: Gyarados|par\n|move|p1a: Gyarados|Waterfall|p2b: Gyarados\n|-resisted|p2b: Gyarados\n|-damage|p2b: Gyarados|83\/100 par\n|\n|upkeep\n|turn|10\n|inactive|G4rug4 has 30 seconds left.\n|\n|t:|1682899336\n|switch|p1a: Amoonguss|Amoonguss, L50, M|100\/100\n|move|p1b: Ting-Lu|Ruination|p2a: Ceruledge\n|-damage|p2a: Ceruledge|50\/100 par\n|move|p2a: Ceruledge|Tera Blast|p1a: Amoonguss\n|-resisted|p1a: Amoonguss\n|-damage|p1a: Amoonguss|92\/100\n|move|p2b: Gyarados|Waterfall|p1a: Amoonguss\n|-resisted|p1a: Amoonguss\n|-damage|p1a: Amoonguss|73\/100\n|\n|upkeep\n|turn|11\n|\n|t:|1682899356\n|switch|p1a: Gyarados|Gyarados, L50, F|57\/100 par\n|-ability|p1a: Gyarados|Intimidate|boost\n|-unboost|p2a: Ceruledge|atk|1\n|-unboost|p2b: Gyarados|atk|1\n|move|p1b: Ting-Lu|Heavy Slam|p2a: Ceruledge\n|-damage|p2a: Ceruledge|14\/100 par\n|move|p2a: Ceruledge|Tera Blast|p1b: Ting-Lu\n|-supereffective|p1b: Ting-Lu\n|-damage|p1b: Ting-Lu|40\/100\n|move|p2b: Gyarados|Taunt|p1a: Gyarados\n|-start|p1a: Gyarados|move: Taunt\n|\n|upkeep\n|turn|12\n|\n|t:|1682899377\n|switch|p2a: Ting-Lu|Ting-Lu, L50|53\/100\n|-ability|p2a: Ting-Lu|Vessel of Ruin\n|move|p1b: Ting-Lu|Heavy Slam|p2a: Ting-Lu\n|-damage|p2a: Ting-Lu|45\/100\n|cant|p2b: Gyarados|par\n|move|p1a: Gyarados|Waterfall|p2a: Ting-Lu\n|-supereffective|p2a: Ting-Lu\n|-damage|p2a: Ting-Lu|0 fnt\n|faint|p2a: Ting-Lu\n|\n|upkeep\n|\n|t:|1682899386\n|switch|p2a: Flutter Mane|Flutter Mane, L50|87\/100 par\n|turn|13\n|inactive|G4rug4 has 30 seconds left.\n|\n|t:|1682899415\n|switch|p2b: Ceruledge|Ceruledge, L50, F, tera:Grass|14\/100 par\n|switch|p1a: Amoonguss|Amoonguss, L50, M|100\/100\n|-terastallize|p1b: Ting-Lu|Poison\n|cant|p2a: Flutter Mane|par\n|move|p1b: Ting-Lu|Heavy Slam|p2a: Flutter Mane\n|-supereffective|p2a: Flutter Mane\n|-damage|p2a: Flutter Mane|0 fnt\n|faint|p2a: Flutter Mane\n|-end|p2a: Flutter Mane|Protosynthesis|[silent]\n|\n|upkeep\n|\n|t:|1682899421\n|switch|p2a: Gyarados|Gyarados, L50, F|83\/100 par\n|-ability|p2a: Gyarados|Intimidate|boost\n|-unboost|p1a: Amoonguss|atk|1\n|-unboost|p1b: Ting-Lu|atk|1\n|turn|14\n|inactive|G4rug4 has 30 seconds left.\n|\n|t:|1682899450\n|switch|p1b: Gyarados|Gyarados, L50, F|57\/100 par\n|-ability|p1b: Gyarados|Intimidate|boost\n|-unboost|p2a: Gyarados|atk|1\n|-unboost|p2b: Ceruledge|atk|1\n|cant|p2b: Ceruledge|par\n|move|p2a: Gyarados|Thunder Wave|p1b: Gyarados\n|-fail|p1b: Gyarados|par\n|move|p1a: Amoonguss|Pollen Puff|p2b: Ceruledge\n|-supereffective|p2b: Ceruledge\n|-damage|p2b: Ceruledge|0 fnt\n|faint|p2b: Ceruledge\n|\n|upkeep\n|turn|15\n|\n|t:|1682899468\n|move|p2a: Gyarados|Waterfall|p1b: Gyarados\n|-resisted|p1b: Gyarados\n|-damage|p1b: Gyarados|41\/100 par\n|cant|p1b: Gyarados|par\n|move|p1a: Amoonguss|Pollen Puff|p1b: Gyarados\n|-heal|p1b: Gyarados|91\/100 par\n|\n|upkeep\n|turn|16\n|\n|t:|1682899488\n|switch|p1a: Ting-Lu|Ting-Lu, L50, tera:Poison|40\/100\n|-ability|p1a: Ting-Lu|Vessel of Ruin\n|move|p2a: Gyarados|Waterfall|p1b: Gyarados\n|-resisted|p1b: Gyarados\n|-damage|p1b: Gyarados|77\/100 par\n|move|p1b: Gyarados|Taunt|p2a: Gyarados\n|-start|p2a: Gyarados|move: Taunt\n|\n|upkeep\n|turn|17\n|\n|t:|1682899503\n|switch|p1a: Amoonguss|Amoonguss, L50, M|100\/100\n|move|p2a: Gyarados|Waterfall|p1a: Amoonguss\n|-resisted|p1a: Amoonguss\n|-damage|p1a: Amoonguss|88\/100\n|cant|p1b: Gyarados|par\n|\n|upkeep\n|turn|18\n|inactive|G4rug4 has 30 seconds left.\n|-message|G4rug4 forfeited.\n|\n|win|Bakemono316\n|l|\u2606G4rug4\n","uploadtime":1682899536,"views":8,"p1id":"bakemono316","p2id":"g4rug4","formatid":"gen9vgc2023regulationc","rating":0,"private":0,"password":""}