{"id":"gen9vgc2023regulationc-1859941758","p1":"austinerzs","p2":"Mailman22","format":"[Gen 9] VGC 2023 Regulation C","log":"|j|\u2606austinerzs\n|j|\u2606Mailman22\n|t:|1683577810\n|gametype|doubles\n|player|p1|austinerzs|266|\n|player|p2|Mailman22|preschooler|\n|teamsize|p1|6\n|teamsize|p2|6\n|gen|9\n|tier|[Gen 9] VGC 2023 Regulation C\n|rule|Species Clause: Limit one of each Pok\u00e9mon\n|rule|Item Clause: Limit one of each item\n|clearpoke\n|poke|p1|Ting-Lu, L50|\n|poke|p1|Rabsca, L50, F|\n|poke|p1|Indeedee, L50, M|\n|poke|p1|Armarouge, L50, M|\n|poke|p1|Pachirisu, L50, F|\n|poke|p1|Baxcalibur, L50, F|\n|poke|p2|Bisharp, L50, M|\n|poke|p2|Maushold-Four, L50|\n|poke|p2|Iron Bundle, L50|\n|poke|p2|Lucario, L50, F|\n|poke|p2|Sandy Shocks, L50|\n|poke|p2|Klefki, L50, F|\n|teampreview|4\n|j| Jstardude\n|c|\u2606Mailman22|I\u2019m gonna post replay real quick\n|l|\u2606Mailman22\n|player|p2|\n|c|\u2606austinerzs|sounds good\n|j|\u2606Mailman22\n|player|p2|Mailman22|preschooler\n|\n|t:|1683577872\n|start\n|switch|p1a: Ting-Lu|Ting-Lu, L50|100\/100\n|switch|p1b: Rabsca|Rabsca, L50, F|100\/100\n|switch|p2a: Lucario|Lucario, L50, F|100\/100\n|switch|p2b: Maushold|Maushold-Four, L50|100\/100\n|-ability|p1a: Ting-Lu|Vessel of Ruin\n|turn|1\n|\n|t:|1683577889\n|move|p1a: Ting-Lu|Protect|p1a: Ting-Lu\n|-singleturn|p1a: Ting-Lu|Protect\n|move|p2a: Lucario|Close Combat|p1a: Ting-Lu\n|-activate|p1a: Ting-Lu|move: Protect\n|move|p2b: Maushold|Population Bomb|p1b: Rabsca\n|-damage|p1b: Rabsca|91\/100\n|-damage|p1b: Rabsca|81\/100\n|-damage|p1b: Rabsca|71\/100\n|-damage|p1b: Rabsca|61\/100\n|-damage|p1b: Rabsca|52\/100\n|-damage|p1b: Rabsca|42\/100\n|-damage|p1b: Rabsca|33\/100\n|-damage|p1b: Rabsca|24\/100\n|-damage|p1b: Rabsca|15\/100\n|-damage|p1b: Rabsca|5\/100\n|-hitcount|p1b: Rabsca|10\n|move|p1b: Rabsca|Trick Room|p1b: Rabsca\n|-fieldstart|move: Trick Room|[of] p1b: Rabsca\n|\n|upkeep\n|turn|2\n|j| Tuxmux\n|j| jayballester\n|c|\u2606austinerzs|why is maushold so good smh\n|\n|t:|1683577927\n|move|p2b: Maushold|Protect|p2b: Maushold\n|-singleturn|p2b: Maushold|Protect\n|move|p1a: Ting-Lu|Earthquake|p2b: Maushold|[spread] p2a\n|-activate|p2b: Maushold|move: Protect\n|-activate|p1b: Rabsca|ability: Telepathy\n|-supereffective|p2a: Lucario\n|-damage|p2a: Lucario|0 fnt\n|faint|p2a: Lucario\n|-damage|p1a: Ting-Lu|91\/100|[from] item: Life Orb\n|move|p1b: Rabsca|Psychic|p2b: Maushold\n|-activate|p2b: Maushold|move: Protect\n|\n|upkeep\n|\n|t:|1683577937\n|switch|p2a: Iron Bundle|Iron Bundle, L50|100\/100\n|-enditem|p2a: Iron Bundle|Booster Energy\n|-activate|p2a: Iron Bundle|ability: Quark Drive|[fromitem]\n|-start|p2a: Iron Bundle|quarkdrivespe\n|turn|3\n|c|\u2606austinerzs|!weak iron bundle\n|c| austinerzs|\/raw Iron Bundle (ignoring abilities): Weaknesses<\/span>: Electric, Fighting, Grass, Rock Resistances<\/span>: Ice<\/b>, Water Immunities<\/span>: Frozen, Hail damage<\/div>\n|\n|t:|1683577979\n|move|p1b: Rabsca|Protect|p1b: Rabsca\n|-singleturn|p1b: Rabsca|Protect\n|move|p1a: Ting-Lu|Rock Slide|p2b: Maushold|[spread] p2a,p2b\n|-supereffective|p2a: Iron Bundle\n|-crit|p2b: Maushold\n|-damage|p2a: Iron Bundle|45\/100\n|-damage|p2b: Maushold|42\/100\n|-damage|p1a: Ting-Lu|81\/100|[from] item: Life Orb\n|move|p2b: Maushold|Population Bomb|p1a: Ting-Lu\n|-damage|p1a: Ting-Lu|73\/100\n|-damage|p1a: Ting-Lu|65\/100\n|-crit|p1a: Ting-Lu\n|-damage|p1a: Ting-Lu|53\/100\n|-damage|p1a: Ting-Lu|46\/100\n|-damage|p1a: Ting-Lu|38\/100\n|-damage|p1a: Ting-Lu|30\/100\n|-damage|p1a: Ting-Lu|23\/100\n|-damage|p1a: Ting-Lu|15\/100\n|-damage|p1a: Ting-Lu|7\/100\n|-damage|p1a: Ting-Lu|0 fnt\n|faint|p1a: Ting-Lu\n|-hitcount|p1: Ting-Lu|10\n|move|p2a: Iron Bundle|Blizzard|p1b: Rabsca\n|-activate|p1b: Rabsca|move: Protect\n|\n|upkeep\n|\n|t:|1683578012\n|switch|p1a: Baxcalibur|Baxcalibur, L50, F|100\/100\n|turn|4\n|\n|t:|1683578030\n|move|p2b: Maushold|Protect|p2b: Maushold\n|-singleturn|p2b: Maushold|Protect\n|move|p1b: Rabsca|Revival Blessing|p1b: Rabsca\n|-enditem|p1b: Rabsca|Leppa Berry|[eat]\n|-activate|p1b: Rabsca|item: Leppa Berry|Revival Blessing|[consumed]\n|\n|t:|1683578035\n|-heal|p1: Ting-Lu|50\/100|[from] move: Revival Blessing\n|move|p1a: Baxcalibur|Glaive Rush|p2b: Maushold\n|-activate|p2b: Maushold|move: Protect\n|move|p2a: Iron Bundle|Blizzard|p1a: Baxcalibur|[spread] p1a,p1b\n|-damage|p1a: Baxcalibur|57\/100\n|-damage|p1b: Rabsca|0 fnt\n|faint|p1b: Rabsca\n|\n|upkeep\n|\n|t:|1683578047\n|switch|p1b: Ting-Lu|Ting-Lu, L50|50\/100\n|-ability|p1b: Ting-Lu|Vessel of Ruin\n|turn|5\n|\n|t:|1683578060\n|move|p2a: Iron Bundle|Protect|p2a: Iron Bundle\n|-singleturn|p2a: Iron Bundle|Protect\n|move|p1b: Ting-Lu|Rock Slide|p2a: Iron Bundle|[spread] p2b\n|-activate|p2a: Iron Bundle|move: Protect\n|-damage|p2b: Maushold|5\/100\n|-damage|p1b: Ting-Lu|40\/100|[from] item: Life Orb\n|move|p1a: Baxcalibur|Glaive Rush|p2b: Maushold\n|-damage|p2b: Maushold|0 fnt\n|-singlemove|p1a: Baxcalibur|Glaive Rush|[silent]\n|faint|p2b: Maushold\n|\n|-fieldend|move: Trick Room\n|upkeep\n|c| jayballester|Boss battle phase 2\n|\n|t:|1683578070\n|switch|p2b: Sandy Shocks|Sandy Shocks, L50|100\/100\n|turn|6\n|\n|t:|1683578108\n|-terastallize|p2b: Sandy Shocks|Ground\n|move|p1b: Ting-Lu|Protect|p1b: Ting-Lu\n|-singleturn|p1b: Ting-Lu|Protect\n|move|p1a: Baxcalibur|Ice Shard|p2b: Sandy Shocks\n|-supereffective|p2b: Sandy Shocks\n|-damage|p2b: Sandy Shocks|45\/100\n|move|p2a: Iron Bundle|Blizzard|p1b: Ting-Lu|[spread] p1a\n|-activate|p1b: Ting-Lu|move: Protect\n|-damage|p1a: Baxcalibur|27\/100\n|move|p2b: Sandy Shocks|Thunderbolt|p1a: Baxcalibur\n|-resisted|p1a: Baxcalibur\n|-damage|p1a: Baxcalibur|4\/100\n|-damage|p2b: Sandy Shocks|35\/100|[from] item: Life Orb\n|\n|upkeep\n|turn|7\n|c| jayballester|Uh oh\n|\n|t:|1683578134\n|-terastallize|p1b: Ting-Lu|Electric\n|move|p2b: Sandy Shocks|Protect|p2b: Sandy Shocks\n|-singleturn|p2b: Sandy Shocks|Protect\n|move|p1a: Baxcalibur|Ice Shard|p2b: Sandy Shocks\n|-activate|p2b: Sandy Shocks|move: Protect\n|move|p2a: Iron Bundle|Blizzard|p1a: Baxcalibur|[spread] p1a,p1b\n|-damage|p1a: Baxcalibur|0 fnt\n|-damage|p1b: Ting-Lu|19\/100\n|-status|p1b: Ting-Lu|frz\n|faint|p1a: Baxcalibur\n|cant|p1b: Ting-Lu|frz\n|\n|upkeep\n|c|\u2606austinerzs|BO\n|c| Jstardude|Uh oh\n|c|\u2606Mailman22|Bro that is so lucky\n|c| jayballester|FREEZE LUL\n|c|\u2606austinerzs|NO\n|\n|t:|1683578156\n|switch|p1a: Armarouge|Armarouge, L50, M|100\/100\n|turn|8\n|\n|t:|1683578167\n|move|p1a: Armarouge|Protect|p1a: Armarouge\n|-singleturn|p1a: Armarouge|Protect\n|move|p2a: Iron Bundle|Hydro Pump|p1a: Armarouge\n|-activate|p1a: Armarouge|move: Protect\n|move|p2b: Sandy Shocks|Earth Power|p1b: Ting-Lu\n|-supereffective|p1b: Ting-Lu\n|-damage|p1b: Ting-Lu|0 fnt\n|faint|p1b: Ting-Lu\n|-damage|p2b: Sandy Shocks|25\/100|[from] item: Life Orb\n|\n|upkeep\n|turn|9\n|\n|t:|1683578181\n|move|p2a: Iron Bundle|Hydro Pump|p1a: Armarouge|[miss]\n|-miss|p2a: Iron Bundle|p1a: Armarouge\n|move|p2b: Sandy Shocks|Earth Power|p1a: Armarouge\n|-supereffective|p1a: Armarouge\n|-damage|p1a: Armarouge|0 fnt\n|faint|p1a: Armarouge\n|-damage|p2b: Sandy Shocks|15\/100|[from] item: Life Orb\n|\n|win|Mailman22\n|c|\u2606Mailman22|Gg\n|c|\u2606austinerzs|Gg\n|l|\u2606austinerzs\n|l| Tuxmux\n","uploadtime":1683578198,"views":13,"p1id":"austinerzs","p2id":"mailman22","formatid":"gen9vgc2023regulationc","rating":0,"private":0,"password":""}