{"id":"gen9vgc2023regulationc-1858824769","p1":"gggr45","p2":"Mdjslfnfnd","format":"[Gen 9] VGC 2023 Regulation C","log":"|j|\u2606gggr45\n|j|\u2606Mdjslfnfnd\n|t:|1683368617\n|gametype|doubles\n|player|p1|gggr45|266|1085\n|player|p2|Mdjslfnfnd|1|1059\n|teamsize|p1|6\n|teamsize|p2|6\n|gen|9\n|tier|[Gen 9] VGC 2023 Regulation C\n|rated|\n|rule|Species Clause: Limit one of each Pok\u00e9mon\n|rule|Item Clause: Limit one of each item\n|clearpoke\n|poke|p1|Torkoal, L50, F|\n|poke|p1|Chi-Yu, L50|\n|poke|p1|Bronzong, L50|\n|poke|p1|Gastrodon, L50, F|\n|poke|p1|Grimmsnarl, L50, M|\n|poke|p1|Skeledirge, L50, M|\n|poke|p2|Murkrow, L50, F|\n|poke|p2|Flutter Mane, L50|\n|poke|p2|Dragonite, L50, F|\n|poke|p2|Gholdengo, L50|\n|poke|p2|Great Tusk, L50|\n|poke|p2|Chi-Yu, L50|\n|teampreview|4\n|inactive|Battle timer is ON: inactive players will automatically lose when time's up. (requested by gggr45)\n|\n|t:|1683368640\n|start\n|switch|p1a: Bronzong|Bronzong, L50|100\/100\n|switch|p1b: Grimmsnarl|Grimmsnarl, L50, M|100\/100\n|switch|p2a: Chi-Yu|Chi-Yu, L50|100\/100\n|switch|p2b: Flutter Mane|Flutter Mane, L50|100\/100\n|-ability|p2a: Chi-Yu|Beads of Ruin\n|turn|1\n|inactive|Mdjslfnfnd has 30 seconds left.\n|inactive|Mdjslfnfnd has 20 seconds left.\n|\n|t:|1683368677\n|-terastallize|p2b: Flutter Mane|Fairy\n|move|p1b: Grimmsnarl|Fake Out|p2a: Chi-Yu\n|-damage|p2a: Chi-Yu|79\/100\n|move|p2b: Flutter Mane|Dazzling Gleam|p1b: Grimmsnarl|[spread] p1a,p1b\n|-resisted|p1a: Bronzong\n|-supereffective|p1b: Grimmsnarl\n|-damage|p1a: Bronzong|59\/100\n|-damage|p1b: Grimmsnarl|0 fnt\n|faint|p1b: Grimmsnarl\n|cant|p2a: Chi-Yu|flinch\n|move|p1a: Bronzong|Trick Room|p1a: Bronzong\n|-fieldstart|move: Trick Room|[of] p1a: Bronzong\n|\n|upkeep\n|\n|t:|1683368688\n|switch|p1b: Torkoal|Torkoal, L50, F|100\/100\n|-weather|SunnyDay|[from] ability: Drought|[of] p1b: Torkoal\n|-activate|p2b: Flutter Mane|ability: Protosynthesis\n|-start|p2b: Flutter Mane|protosynthesisspa\n|turn|2\n|\n|t:|1683368712\n|-end|p2b: Flutter Mane|Protosynthesis|[silent]\n|switch|p2b: Dragonite|Dragonite, L50, F|100\/100\n|move|p2a: Chi-Yu|Protect|p2a: Chi-Yu\n|-singleturn|p2a: Chi-Yu|Protect\n|move|p1b: Torkoal|Body Press|p2a: Chi-Yu\n|-activate|p2a: Chi-Yu|move: Protect\n|move|p1a: Bronzong|Iron Head|p2b: Dragonite\n|-damage|p2b: Dragonite|88\/100\n|\n|-weather|SunnyDay|[upkeep]\n|upkeep\n|turn|3\n|\n|t:|1683368733\n|switch|p1b: Skeledirge|Skeledirge, L50, M|100\/100\n|move|p2b: Dragonite|Extreme Speed|p1b: Skeledirge\n|-immune|p1b: Skeledirge\n|move|p1a: Bronzong|Body Press|p2a: Chi-Yu\n|-supereffective|p2a: Chi-Yu\n|-damage|p2a: Chi-Yu|0 fnt\n|faint|p2a: Chi-Yu\n|\n|-weather|SunnyDay|[upkeep]\n|upkeep\n|\n|t:|1683368745\n|switch|p2a: Great Tusk|Great Tusk, L50|100\/100\n|-activate|p2a: Great Tusk|ability: Protosynthesis\n|-start|p2a: Great Tusk|protosynthesisatk\n|turn|4\n|\n|t:|1683368765\n|move|p1a: Bronzong|Body Press|p2a: Great Tusk\n|-damage|p2a: Great Tusk|77\/100\n|move|p1b: Skeledirge|Torch Song|p2a: Great Tusk\n|-damage|p2a: Great Tusk|0 fnt\n|-boost|p1b: Skeledirge|spa|1\n|faint|p2a: Great Tusk\n|-end|p2a: Great Tusk|Protosynthesis|[silent]\n|move|p2b: Dragonite|Ice Spinner|p1a: Bronzong\n|-resisted|p1a: Bronzong\n|-damage|p1a: Bronzong|50\/100\n|\n|-weather|SunnyDay|[upkeep]\n|upkeep\n|\n|t:|1683368778\n|switch|p2a: Flutter Mane|Flutter Mane, L50, tera:Fairy|100\/100\n|-activate|p2a: Flutter Mane|ability: Protosynthesis\n|-start|p2a: Flutter Mane|protosynthesisspa\n|turn|5\n|\n|t:|1683368786\n|-terastallize|p1b: Skeledirge|Fairy\n|move|p2b: Dragonite|Extreme Speed|p1a: Bronzong\n|-resisted|p1a: Bronzong\n|-damage|p1a: Bronzong|39\/100\n|move|p1a: Bronzong|Iron Head|p2a: Flutter Mane\n|-supereffective|p2a: Flutter Mane\n|-damage|p2a: Flutter Mane|23\/100\n|move|p1b: Skeledirge|Tera Blast|p2b: Dragonite\n|-supereffective|p2b: Dragonite\n|-damage|p2b: Dragonite|0 fnt\n|faint|p2b: Dragonite\n|cant|p2a: Flutter Mane|flinch\n|\n|-weather|SunnyDay|[upkeep]\n|-fieldend|move: Trick Room\n|upkeep\n|turn|6\n|\n|t:|1683368809\n|move|p2a: Flutter Mane|Dazzling Gleam|p1b: Skeledirge|[spread] p1a,p1b\n|-resisted|p1a: Bronzong\n|-crit|p1a: Bronzong\n|-damage|p1a: Bronzong|0 fnt\n|-damage|p1b: Skeledirge|13\/100\n|faint|p1a: Bronzong\n|move|p1b: Skeledirge|Torch Song|p2a: Flutter Mane\n|-damage|p2a: Flutter Mane|0 fnt\n|-boost|p1b: Skeledirge|spa|1\n|faint|p2a: Flutter Mane\n|-end|p2a: Flutter Mane|Protosynthesis|[silent]\n|\n|win|gggr45\n|raw|gggr45's rating: 1106 → 1128<\/strong> (+22 for winning)\n|raw|Mdjslfnfnd's rating: 1059 → 1043<\/strong> (-16 for losing)\n","uploadtime":1683368814,"views":16,"p1id":"gggr45","p2id":"mdjslfnfnd","formatid":"gen9vgc2023regulationc","rating":1043,"private":0,"password":""}