{"id":"gen9vgc2023regulationc-1851706151","p1":"Om3gamouse","p2":"inkylove","format":"[Gen 9] VGC 2023 Regulation C","log":"|j|\u2606Om3gamouse\n|j|\u2606inkylove\n|t:|1682472305\n|gametype|doubles\n|player|p1|Om3gamouse|larry|1236\n|player|p2|inkylove|dahlia|1141\n|teamsize|p1|6\n|teamsize|p2|6\n|gen|9\n|tier|[Gen 9] VGC 2023 Regulation C\n|rated|\n|rule|Species Clause: Limit one of each Pok\u00e9mon\n|rule|Item Clause: Limit one of each item\n|clearpoke\n|poke|p1|Arcanine, L50, F|\n|poke|p1|Iron Bundle, L50|\n|poke|p1|Amoonguss, L50, M|\n|poke|p1|Palafin, L50, M|\n|poke|p1|Tinkaton, L50, F|\n|poke|p1|Kingambit, L50, F|\n|poke|p2|Scizor, L50, F|\n|poke|p2|Chien-Pao, L50|\n|poke|p2|Maushold-Four, L50|\n|poke|p2|Flutter Mane, L50|\n|poke|p2|Annihilape, L50, M|\n|poke|p2|Amoonguss, L50, M|\n|teampreview|4\n|inactive|Battle timer is ON: inactive players will automatically lose when time's up. (requested by inkylove)\nOm3gamouse has agreed to open team sheets.\ninkylove rejected open team sheets.\n|inactive|Om3gamouse has 60 seconds left.\n|inactive|Om3gamouse has 30 seconds left.\n|inactive|Om3gamouse has 20 seconds left.\n|\n|t:|1682472378\n|start\n|switch|p1a: Palafin|Palafin, L50, M|100\/100\n|switch|p1b: Amoonguss|Amoonguss, L50, M|100\/100\n|switch|p2a: Scizor|Scizor, L50, F|100\/100\n|switch|p2b: Chien-Pao|Chien-Pao, L50|100\/100\n|-ability|p2b: Chien-Pao|Sword of Ruin\n|turn|1\n|\n|t:|1682472403\n|detailschange|p1a: Palafin|Palafin-Hero, L50, M\n|switch|p1a: Kingambit|Kingambit, L50, F|100\/100\n|-terastallize|p1b: Amoonguss|Water\n|move|p2b: Chien-Pao|Ice Spinner|p1b: Amoonguss\n|-resisted|p1b: Amoonguss\n|-damage|p1b: Amoonguss|78\/100\n|move|p2a: Scizor|Swords Dance|p2a: Scizor\n|-boost|p2a: Scizor|atk|2\n|move|p1b: Amoonguss|Spore|p2a: Scizor\n|-status|p2a: Scizor|slp|[from] move: Spore\n|\n|upkeep\n|turn|2\n|inactive|Om3gamouse has 30 seconds left.\n|inactive|inkylove has 30 seconds left.\n|\n|t:|1682472430\n|switch|p2b: Annihilape|Annihilape, L50, M|100\/100\n|move|p1b: Amoonguss|Rage Powder|p1b: Amoonguss\n|-singleturn|p1b: Amoonguss|move: Rage Powder\n|cant|p2a: Scizor|slp\n|move|p1a: Kingambit|Kowtow Cleave|p2a: Scizor\n|-damage|p2a: Scizor|43\/100 slp\n|\n|upkeep\n|turn|3\n|inactive|Om3gamouse has 30 seconds left.\n|inactive|Om3gamouse has 20 seconds left.\n|\n|t:|1682472468\n|move|p2b: Annihilape|Bulk Up|p2b: Annihilape\n|-boost|p2b: Annihilape|atk|1\n|-boost|p2b: Annihilape|def|1\n|cant|p2a: Scizor|slp\n|move|p1a: Kingambit|Kowtow Cleave|p2a: Scizor\n|-damage|p2a: Scizor|0 fnt\n|faint|p2a: Scizor\n|move|p1b: Amoonguss|Pollen Puff|p1a: Kingambit\n|-immune|p1a: Kingambit\n|\n|upkeep\n|\n|t:|1682472479\n|switch|p2a: Chien-Pao|Chien-Pao, L50|100\/100\n|-ability|p2a: Chien-Pao|Sword of Ruin\n|turn|4\n|inactive|Om3gamouse has 30 seconds left.\n|\n|t:|1682472506\n|move|p1b: Amoonguss|Rage Powder|p1b: Amoonguss\n|-singleturn|p1b: Amoonguss|move: Rage Powder\n|move|p1a: Kingambit|Sucker Punch||[still]\n|-fail|p1a: Kingambit\n|move|p2a: Chien-Pao|Throat Chop|p1b: Amoonguss\n|-damage|p1b: Amoonguss|39\/100\n|-start|p1b: Amoonguss|Throat Chop|[silent]\n|-enditem|p1b: Amoonguss|Sitrus Berry|[eat]\n|-heal|p1b: Amoonguss|64\/100|[from] item: Sitrus Berry\n|move|p2b: Annihilape|Bulk Up|p2b: Annihilape\n|-boost|p2b: Annihilape|atk|1\n|-boost|p2b: Annihilape|def|1\n|\n|upkeep\n|turn|5\n|\n|t:|1682472525\n|switch|p1a: Palafin|Palafin-Hero, L50, M|100\/100\n|-activate|p1a: Palafin|ability: Zero to Hero\n|move|p2a: Chien-Pao|Protect|p2a: Chien-Pao\n|-singleturn|p2a: Chien-Pao|Protect\n|move|p2b: Annihilape|Bulk Up|p2b: Annihilape\n|-boost|p2b: Annihilape|atk|1\n|-boost|p2b: Annihilape|def|1\n|move|p1b: Amoonguss|Pollen Puff|p1a: Palafin\n|-immune|p1a: Palafin\n|\n|-end|p1b: Amoonguss|Throat Chop|[silent]\n|upkeep\n|turn|6\n|inactive|Om3gamouse has 30 seconds left.\n|inactive|inkylove has 30 seconds left.\n|inactive|Om3gamouse has 20 seconds left.\n|inactive|Om3gamouse has 15 seconds left.\n|\n|t:|1682472566\n|switch|p1b: Iron Bundle|Iron Bundle, L50|100\/100\n|-enditem|p1b: Iron Bundle|Booster Energy\n|-activate|p1b: Iron Bundle|ability: Quark Drive|[fromitem]\n|-start|p1b: Iron Bundle|quarkdrivespe\n|move|p1a: Palafin|Protect|p1a: Palafin\n|-singleturn|p1a: Palafin|Protect\n|move|p2b: Annihilape|Protect|p2b: Annihilape\n|-singleturn|p2b: Annihilape|Protect\n|move|p2a: Chien-Pao|Throat Chop|p1a: Palafin\n|-activate|p1a: Palafin|move: Protect\n|\n|upkeep\n|turn|7\n|\n|t:|1682472580\n|move|p1b: Iron Bundle|Icy Wind|p2b: Annihilape|[spread] p2a,p2b\n|-resisted|p2a: Chien-Pao\n|-damage|p2a: Chien-Pao|84\/100\n|-damage|p2b: Annihilape|83\/100\n|-unboost|p2a: Chien-Pao|spe|1\n|-unboost|p2b: Annihilape|spe|1\n|move|p2a: Chien-Pao|Throat Chop|p1a: Palafin\n|-damage|p1a: Palafin|53\/100\n|-start|p1a: Palafin|Throat Chop|[silent]\n|move|p1a: Palafin|Haze|p1a: Palafin\n|-clearallboost\n|move|p2b: Annihilape|Drain Punch|p1b: Iron Bundle\n|-supereffective|p1b: Iron Bundle\n|-damage|p1b: Iron Bundle|0 fnt\n|-heal|p2b: Annihilape|100\/100|[from] drain|[of] p1b: Iron Bundle\n|faint|p1b: Iron Bundle\n|-end|p1b: Iron Bundle|Quark Drive|[silent]\n|\n|upkeep\n|\n|t:|1682472595\n|switch|p1b: Amoonguss|Amoonguss, L50, M, tera:Water|97\/100\n|turn|8\n|\n|t:|1682472602\n|move|p1b: Amoonguss|Rage Powder|p1b: Amoonguss\n|-singleturn|p1b: Amoonguss|move: Rage Powder\n|move|p2a: Chien-Pao|Throat Chop|p1b: Amoonguss\n|-damage|p1b: Amoonguss|58\/100\n|-start|p1b: Amoonguss|Throat Chop|[silent]\n|move|p1a: Palafin|Wave Crash|p2b: Annihilape\n|-damage|p2b: Annihilape|0 fnt\n|faint|p2b: Annihilape\n|-damage|p1a: Palafin|23\/100|[from] Recoil\n|\n|-end|p1a: Palafin|Throat Chop|[silent]\n|upkeep\n|\n|t:|1682472611\n|switch|p2b: Flutter Mane|Flutter Mane, L50|100\/100\n|turn|9\n|\n|t:|1682472628\n|move|p1b: Amoonguss|Rage Powder|p1b: Amoonguss\n|-singleturn|p1b: Amoonguss|move: Rage Powder\n|move|p2a: Chien-Pao|Sucker Punch||[still]\n|-fail|p2a: Chien-Pao\n|move|p1a: Palafin|Jet Punch|p2b: Flutter Mane\n|-damage|p2b: Flutter Mane|0 fnt\n|faint|p2b: Flutter Mane\n|-end|p2b: Flutter Mane|Protosynthesis|[silent]\n|\n|-end|p1b: Amoonguss|Throat Chop|[silent]\n|upkeep\n|turn|10\n|-message|inkylove forfeited.\n|\n|win|Om3gamouse\n|raw|Om3gamouse's rating: 1236 → 1254<\/strong> (+18 for winning)\n|raw|inkylove's rating: 1141 → 1123<\/strong> (-18 for losing)\n|l|\u2606inkylove\n","uploadtime":1682472642,"views":11,"p1id":"om3gamouse","p2id":"inkylove","formatid":"gen9vgc2023regulationc","rating":1123,"private":0,"password":""}