{"id":"gen9vgc2023regulationc-1852554686","p1":"Thoth567","p2":"mugiwaraLux","format":"[Gen 9] VGC 2023 Regulation C","log":"|j|\u2606Thoth567\n|j|\u2606mugiwaraLux\n|t:|1682575198\n|gametype|doubles\n|player|p1|Thoth567|crasherwake|1317\n|player|p2|mugiwaraLux|265|1384\n|teamsize|p1|6\n|teamsize|p2|6\n|gen|9\n|tier|[Gen 9] VGC 2023 Regulation C\n|rated|\n|rule|Species Clause: Limit one of each Pok\u00e9mon\n|rule|Item Clause: Limit one of each item\n|clearpoke\n|poke|p1|Lucario, L50, M|\n|poke|p1|Vaporeon, L50, M|\n|poke|p1|Iron Hands, L50|\n|poke|p1|Maushold, L50|\n|poke|p1|Pelipper, L50, M|\n|poke|p1|Baxcalibur, L50, F|\n|poke|p2|Palafin, L50, M|\n|poke|p2|Amoonguss, L50, F|\n|poke|p2|Flutter Mane, L50|\n|poke|p2|Arcanine, L50, F|\n|poke|p2|Chien-Pao, L50|\n|poke|p2|Roaring Moon, L50|\n|teampreview|4\n|inactive|Battle timer is ON: inactive players will automatically lose when time's up. (requested by mugiwaraLux)\nmugiwaraLux has agreed to open team sheets.\n|\n|t:|1682575218\n|start\n|switch|p1a: Lucario|Lucario, L50, M|100\/100\n|switch|p1b: Maushold|Maushold, L50|100\/100\n|switch|p2a: Mimi|Flutter Mane, L50|100\/100\n|switch|p2b: Amoonguss|Amoonguss, L50, F|100\/100\n|turn|1\n|\n|t:|1682575235\n|move|p2b: Amoonguss|Rage Powder|p2b: Amoonguss\n|-singleturn|p2b: Amoonguss|move: Rage Powder\n|move|p2a: Mimi|Moonblast|p1a: Lucario\n|-damage|p1a: Lucario|41\/100\n|move|p1b: Maushold|Beat Up|p2b: Amoonguss\n|-damage|p2b: Amoonguss|97\/100\n|-damage|p2b: Amoonguss|95\/100\n|-damage|p2b: Amoonguss|93\/100\n|-damage|p2b: Amoonguss|90\/100\n|-hitcount|p2b: Amoonguss|4\n|move|p1a: Lucario|Thunder Punch|p2b: Amoonguss\n|-resisted|p2b: Amoonguss\n|-crit|p2b: Amoonguss\n|-damage|p2b: Amoonguss|71\/100\n|\n|upkeep\n|turn|2\n|\n|t:|1682575251\n|move|p1b: Maushold|Follow Me|p1b: Maushold\n|-singleturn|p1b: Maushold|move: Follow Me\n|move|p1a: Lucario|Bullet Punch|p2a: Mimi\n|-supereffective|p2a: Mimi\n|-damage|p2a: Mimi|50\/100\n|move|p2a: Mimi|Moonblast|p1b: Maushold\n|-damage|p1b: Maushold|28\/100\n|-unboost|p1b: Maushold|spa|1\n|-enditem|p1b: Maushold|Red Card|[of] p2a: Mimi\n|-end|p2a: Mimi|Protosynthesis|[silent]\n|drag|p2a: Chien-Pao|Chien-Pao, L50|100\/100\n|-ability|p2a: Chien-Pao|Sword of Ruin\n|move|p2b: Amoonguss|Spore|p1b: Maushold\n|-status|p1b: Maushold|slp|[from] move: Spore\n|\n|upkeep\n|turn|3\n|inactive|Thoth567 has 30 seconds left.\n|\n|t:|1682575283\n|switch|p1a: Pelipper|Pelipper, L50, M|100\/100\n|-weather|RainDance|[from] ability: Drizzle|[of] p1a: Pelipper\n|cant|p1b: Maushold|slp\n|move|p2b: Amoonguss|Rage Powder|p2b: Amoonguss\n|-singleturn|p2b: Amoonguss|move: Rage Powder\n|move|p2a: Chien-Pao|Sacred Sword|p1a: Pelipper\n|-resisted|p1a: Pelipper\n|-damage|p1a: Pelipper|89\/100\n|\n|-weather|RainDance|[upkeep]\n|upkeep\n|turn|4\n|\n|t:|1682575301\n|-terastallize|p2b: Amoonguss|Water\n|-curestatus|p1b: Maushold|slp|[msg]\n|move|p1b: Maushold|Follow Me|p1b: Maushold\n|-singleturn|p1b: Maushold|move: Follow Me\n|move|p2a: Chien-Pao|Sacred Sword|p1b: Maushold\n|-supereffective|p1b: Maushold\n|-damage|p1b: Maushold|0 fnt\n|faint|p1b: Maushold\n|move|p1a: Pelipper|Hurricane|p2b: Amoonguss\n|-damage|p2b: Amoonguss|41\/100\n|-enditem|p2b: Amoonguss|Sitrus Berry|[eat]\n|-heal|p2b: Amoonguss|66\/100|[from] item: Sitrus Berry\n|move|p2b: Amoonguss|Spore|p1a: Pelipper\n|-activate|p1a: Pelipper|item: Safety Goggles|Spore\n|\n|-weather|RainDance|[upkeep]\n|upkeep\n|\n|t:|1682575310\n|switch|p1b: Iron Hands|Iron Hands, L50|100\/100\n|turn|5\n|\n|t:|1682575316\n|move|p2a: Chien-Pao|Protect|p2a: Chien-Pao\n|-singleturn|p2a: Chien-Pao|Protect\n|move|p2b: Amoonguss|Protect|p2b: Amoonguss\n|-singleturn|p2b: Amoonguss|Protect\n|move|p1a: Pelipper|Hydro Pump|p2a: Chien-Pao\n|-activate|p2a: Chien-Pao|move: Protect\n|move|p1b: Iron Hands|Thunder Punch|p2b: Amoonguss\n|-activate|p2b: Amoonguss|move: Protect\n|\n|-weather|RainDance|[upkeep]\n|upkeep\n|turn|6\n|\n|t:|1682575335\n|switch|p1a: Lucario|Lucario, L50, M|41\/100\n|move|p2a: Chien-Pao|Ice Spinner|p1a: Lucario\n|-resisted|p1a: Lucario\n|-damage|p1a: Lucario|7\/100\n|move|p1b: Iron Hands|Drain Punch|p2a: Chien-Pao\n|-supereffective|p2a: Chien-Pao\n|-enditem|p2a: Chien-Pao|Focus Sash\n|-damage|p2a: Chien-Pao|1\/100\n|move|p2b: Amoonguss|Spore|p1b: Iron Hands\n|-status|p1b: Iron Hands|slp|[from] move: Spore\n|\n|-weather|RainDance|[upkeep]\n|upkeep\n|turn|7\n|\n|t:|1682575347\n|-singleturn|p1b: Iron Hands|move: Focus Punch\n|move|p2a: Chien-Pao|Sucker Punch|p1a: Lucario\n|-resisted|p1a: Lucario\n|-damage|p1a: Lucario|0 fnt\n|faint|p1a: Lucario\n|move|p2b: Amoonguss|Pollen Puff|p2a: Chien-Pao\n|-heal|p2a: Chien-Pao|51\/100\n|cant|p1b: Iron Hands|slp\n|\n|-weather|none\n|upkeep\n|-message|Thoth567 forfeited.\n|\n|win|mugiwaraLux\n|raw|Thoth567's rating: 1317 → 1301<\/strong> (-16 for losing)\n|raw|mugiwaraLux's rating: 1384 → 1400<\/strong> (+16 for winning)\n|l|\u2606Thoth567\n","uploadtime":1682575359,"views":11,"p1id":"thoth567","p2id":"mugiwaralux","formatid":"gen9vgc2023regulationc","rating":1301,"private":0,"password":""}