{"id":"gen9vgc2023regulationc-1848864557","p1":"Izzywooperstan","p2":"eepy nougat","format":"[Gen 9] VGC 2023 Regulation C","log":"|j|\u2606Izzywooperstan\n|j|\u2606eepy nougat\n|t:|1682119128\n|gametype|doubles\n|player|p1|Izzywooperstan|lady|1107\n|player|p2|eepy nougat|janitor|1171\n|teamsize|p1|6\n|teamsize|p2|6\n|gen|9\n|tier|[Gen 9] VGC 2023 Regulation C\n|rated|\n|rule|Species Clause: Limit one of each Pok\u00e9mon\n|rule|Item Clause: Limit one of each item\n|clearpoke\n|poke|p1|Flutter Mane, L50|\n|poke|p1|Baxcalibur, L50, F|\n|poke|p1|Arcanine, L50, F|\n|poke|p1|Tsareena, L50, F|\n|poke|p1|Kingambit, L50, M|\n|poke|p1|Palafin, L50, M|\n|poke|p2|Iron Bundle, L50|\n|poke|p2|Flutter Mane, L50|\n|poke|p2|Chien-Pao, L50|\n|poke|p2|Ceruledge, L50, F|\n|poke|p2|Rotom-Wash, L50|\n|poke|p2|Grimmsnarl, L50, M|\n|teampreview|4\nIzzywooperstan has agreed to open team sheets.\neepy nougat has agreed to open team sheets.\n|inactive|Battle timer is ON: inactive players will automatically lose when time's up. (requested by eepy nougat)\n|inactive|Izzywooperstan has 60 seconds left.\n|\n|t:|1682119211\n|start\n|switch|p1a: Nixon|Palafin, L50, M|100\/100\n|switch|p1b: W.H. Harrison|Flutter Mane, L50|100\/100\n|switch|p2a: Ceruledge|Ceruledge, L50, F|100\/100\n|switch|p2b: Grimmsnarl|Grimmsnarl, L50, M|100\/100\n|-enditem|p1b: W.H. Harrison|Booster Energy\n|-activate|p1b: W.H. Harrison|ability: Protosynthesis|[fromitem]\n|-start|p1b: W.H. Harrison|protosynthesisspa\n|turn|1\n|inactive|Izzywooperstan has 30 seconds left.\n|inactive|Izzywooperstan has 20 seconds left.\n|inactive|Izzywooperstan has 15 seconds left.\n|\n|t:|1682119252\n|switch|p2a: Rotom|Rotom-Wash, L50, shiny|100\/100\n|-terastallize|p1a: Nixon|Water\n|-terastallize|p2b: Grimmsnarl|Flying\n|move|p2b: Grimmsnarl|Light Screen|p2b: Grimmsnarl\n|-sidestart|p2: eepy nougat|move: Light Screen\n|move|p1b: W.H. Harrison|Substitute|p1b: W.H. Harrison\n|-start|p1b: W.H. Harrison|Substitute\n|-damage|p1b: W.H. Harrison|76\/100\n|move|p1a: Nixon|Wave Crash|p2a: Rotom\n|-resisted|p2a: Rotom\n|-damage|p2a: Rotom|71\/100\n|-damage|p1a: Nixon|93\/100|[from] Recoil\n|\n|upkeep\n|turn|2\n|\n|t:|1682119270\n|detailschange|p1a: Nixon|Palafin-Hero, L50, M, tera:Water\n|switch|p1a: Pierce|Tsareena, L50, F|100\/100\n|move|p2b: Grimmsnarl|Reflect|p2b: Grimmsnarl\n|-sidestart|p2: eepy nougat|Reflect\n|move|p1b: W.H. Harrison|Moonblast|p2b: Grimmsnarl\n|-damage|p2b: Grimmsnarl|63\/100\n|-unboost|p2b: Grimmsnarl|spa|1\n|move|p2a: Rotom|Thunderbolt|p1b: W.H. Harrison\n|-end|p1b: W.H. Harrison|Substitute\n|\n|upkeep\n|turn|3\n|\n|t:|1682119289\n|switch|p2a: Ceruledge|Ceruledge, L50, F|100\/100\n|move|p1a: Pierce|Helping Hand|p1b: W.H. Harrison\n|-singleturn|p1b: W.H. Harrison|Helping Hand|[of] p1a: Pierce\n|move|p2b: Grimmsnarl|Swagger||[still]\n|cant|p1a: Pierce|ability: Queenly Majesty|Swagger|[of] p2b: Grimmsnarl\n|move|p1b: W.H. Harrison|Moonblast|p2a: Ceruledge\n|-resisted|p2a: Ceruledge\n|-damage|p2a: Ceruledge|60\/100\n|\n|upkeep\n|turn|4\n|\n|t:|1682119305\n|move|p1a: Pierce|Helping Hand|p1b: W.H. Harrison\n|-singleturn|p1b: W.H. Harrison|Helping Hand|[of] p1a: Pierce\n|move|p2a: Ceruledge|Shadow Sneak||[still]\n|cant|p1a: Pierce|ability: Queenly Majesty|Shadow Sneak|[of] p2a: Ceruledge\n|move|p2b: Grimmsnarl|Swagger||[still]\n|cant|p1a: Pierce|ability: Queenly Majesty|Swagger|[of] p2b: Grimmsnarl\n|move|p1b: W.H. Harrison|Shadow Ball|p2a: Ceruledge\n|-supereffective|p2a: Ceruledge\n|-damage|p2a: Ceruledge|0 fnt\n|faint|p2a: Ceruledge\n|\n|upkeep\n|\n|t:|1682119312\n|switch|p2a: Chien-Pao|Chien-Pao, L50|100\/100\n|-ability|p2a: Chien-Pao|Sword of Ruin\n|turn|5\n|\n|t:|1682119332\n|move|p2a: Chien-Pao|Ice Spinner|p1a: Pierce\n|-supereffective|p1a: Pierce\n|-enditem|p1a: Pierce|Focus Sash\n|-damage|p1a: Pierce|1\/100\n|move|p1b: W.H. Harrison|Moonblast|p2a: Chien-Pao\n|-supereffective|p2a: Chien-Pao\n|-enditem|p2a: Chien-Pao|Focus Sash\n|-damage|p2a: Chien-Pao|1\/100\n|move|p1a: Pierce|Seed Bomb|p2a: Chien-Pao\n|-damage|p2a: Chien-Pao|0 fnt\n|faint|p2a: Chien-Pao\n|move|p2b: Grimmsnarl|Foul Play|p1b: W.H. Harrison\n|-damage|p1b: W.H. Harrison|50\/100\n|\n|upkeep\n|-message|eepy nougat forfeited.\n|\n|win|Izzywooperstan\n|raw|Izzywooperstan's rating: 1107 → 1137<\/strong> (+30 for winning)\n|raw|eepy nougat's rating: 1171 → 1141<\/strong> (-30 for losing)\n|l|\u2606eepy nougat\n","uploadtime":1682119365,"views":10,"p1id":"izzywooperstan","p2id":"eepynougat","formatid":"gen9vgc2023regulationc","rating":1137,"private":0,"password":""}