{"id":"gen9vgc2023regulationc-1856477151","p1":"vrumvrumnatal","p2":"toocynical1","format":"[Gen 9] VGC 2023 Regulation C","log":"|j|\u2606vrumvrumnatal\n|j|\u2606toocynical1\n|t:|1683065812\n|gametype|doubles\n|player|p1|vrumvrumnatal|2|1283\n|player|p2|toocynical1|rocketgrunt|1246\n|teamsize|p1|6\n|teamsize|p2|6\n|gen|9\n|tier|[Gen 9] VGC 2023 Regulation C\n|rated|\n|rule|Species Clause: Limit one of each Pok\u00e9mon\n|rule|Item Clause: Limit one of each item\n|clearpoke\n|poke|p1|Chien-Pao, L50|\n|poke|p1|Dragonite, L50, M|\n|poke|p1|Kingambit, L50, M|\n|poke|p1|Gyarados, L50, F|\n|poke|p1|Great Tusk, L50|\n|poke|p1|Flutter Mane, L50|\n|poke|p2|Annihilape, L50, M|\n|poke|p2|Flutter Mane, L50|\n|poke|p2|Maushold-Four, L50|\n|poke|p2|Gholdengo, L50|\n|poke|p2|Iron Bundle, L50|\n|poke|p2|Arcanine, L50, M|\n|teampreview|4\ntoocynical1 has agreed to open team sheets.\n|inactive|Battle timer is ON: inactive players will automatically lose when time's up. (requested by vrumvrumnatal)\n|inactive|toocynical1 has 60 seconds left.\n|\n|t:|1683065903\n|start\n|switch|p1a: Chien-Pao|Chien-Pao, L50|100\/100\n|switch|p1b: Dragonite|Dragonite, L50, M|100\/100\n|switch|p2a: Pride|Arcanine, L50, M|100\/100\n|switch|p2b: Greed|Gholdengo, L50|100\/100\n|-ability|p1a: Chien-Pao|Sword of Ruin\n|-ability|p2a: Pride|Intimidate|boost\n|-unboost|p1a: Chien-Pao|atk|1\n|-unboost|p1b: Dragonite|atk|1\n|turn|1\n|inactive|vrumvrumnatal has 30 seconds left.\n|inactive|vrumvrumnatal has 20 seconds left.\n|\n|t:|1683065940\n|switch|p1a: Great Tusk|Great Tusk, L50|100\/100\n|move|p1b: Dragonite|Protect|p1b: Dragonite\n|-singleturn|p1b: Dragonite|Protect\n|move|p2a: Pride|Will-O-Wisp|p1b: Dragonite\n|-activate|p1b: Dragonite|move: Protect\n|move|p2b: Greed|Nasty Plot|p2b: Greed\n|-boost|p2b: Greed|spa|2\n|\n|upkeep\n|turn|2\n|inactive|toocynical1 has 30 seconds left.\n|\n|t:|1683065972\n|-terastallize|p1b: Dragonite|Flying\n|-terastallize|p2b: Greed|Water\n|move|p2a: Pride|Extreme Speed|p1a: Great Tusk\n|-damage|p1a: Great Tusk|85\/100\n|move|p1a: Great Tusk|Earthquake|p2a: Pride|[spread] p2a,p2b\n|-immune|p1b: Dragonite\n|-supereffective|p2a: Pride\n|-damage|p2a: Pride|23\/100\n|-damage|p2b: Greed|61\/100\n|-enditem|p2a: Pride|Sitrus Berry|[eat]\n|-heal|p2a: Pride|48\/100|[from] item: Sitrus Berry\n|move|p1b: Dragonite|Tera Blast|p2b: Greed\n|-damage|p2b: Greed|20\/100\n|-enditem|p2b: Greed|Wiki Berry|[eat]\n|-heal|p2b: Greed|54\/100|[from] item: Wiki Berry\n|move|p2b: Greed|Tera Blast|p1a: Great Tusk\n|-supereffective|p1a: Great Tusk\n|-damage|p1a: Great Tusk|0 fnt\n|faint|p1a: Great Tusk\n|-end|p1a: Great Tusk|Protosynthesis|[silent]\n|\n|upkeep\n|\n|t:|1683065996\n|switch|p1a: Chien-Pao|Chien-Pao, L50|100\/100\n|-ability|p1a: Chien-Pao|Sword of Ruin\n|turn|3\n|inactive|vrumvrumnatal has 30 seconds left.\n|inactive|toocynical1 has 30 seconds left.\n|\n|t:|1683066029\n|switch|p2b: Sloth|Iron Bundle, L50|100\/100\n|-enditem|p2b: Sloth|Booster Energy\n|-activate|p2b: Sloth|ability: Quark Drive|[fromitem]\n|-start|p2b: Sloth|quarkdrivespe\n|move|p1a: Chien-Pao|Protect|p1a: Chien-Pao\n|-singleturn|p1a: Chien-Pao|Protect\n|move|p2a: Pride|Will-O-Wisp|p1b: Dragonite\n|-status|p1b: Dragonite|brn\n|-enditem|p1b: Dragonite|Lum Berry|[eat]\n|-curestatus|p1b: Dragonite|brn|[msg]\n|move|p1b: Dragonite|Tera Blast|p2b: Sloth\n|-damage|p2b: Sloth|43\/100\n|\n|upkeep\n|turn|4\n|inactive|toocynical1 has 30 seconds left.\n|inactive|toocynical1 has 20 seconds left.\n|inactive|toocynical1 has 15 seconds left.\n|inactive|vrumvrumnatal has 30 seconds left.\n|inactive|toocynical1 has 10 seconds left.\n|\n|t:|1683066076\n|switch|p2a: Envy|Flutter Mane, L50|100\/100\n|move|p2b: Sloth|Icy Wind|p1a: Chien-Pao|[spread] p1a,p1b\n|-resisted|p1a: Chien-Pao\n|-supereffective|p1b: Dragonite\n|-damage|p1a: Chien-Pao|84\/100\n|-damage|p1b: Dragonite|81\/100\n|-unboost|p1a: Chien-Pao|spe|1\n|-unboost|p1b: Dragonite|spe|1\n|move|p1a: Chien-Pao|Sacred Sword|p2b: Sloth\n|-supereffective|p2b: Sloth\n|-damage|p2b: Sloth|0 fnt\n|faint|p2b: Sloth\n|-end|p2b: Sloth|Quark Drive|[silent]\n|move|p1b: Dragonite|Tailwind|p1b: Dragonite\n|-sidestart|p1: vrumvrumnatal|move: Tailwind\n|\n|upkeep\n|\n|t:|1683066090\n|switch|p2b: Pride|Arcanine, L50, M|48\/100\n|-ability|p2b: Pride|Intimidate|boost\n|-unboost|p1a: Chien-Pao|atk|1\n|-unboost|p1b: Dragonite|atk|1\n|turn|5\n|\n|t:|1683066111\n|move|p1a: Chien-Pao|Sacred Sword|p2b: Pride\n|-damage|p2b: Pride|26\/100\n|move|p2a: Envy|Dazzling Gleam|p1a: Chien-Pao|[spread] p1a,p1b\n|-supereffective|p1a: Chien-Pao\n|-damage|p1a: Chien-Pao|0 fnt\n|-damage|p1b: Dragonite|42\/100\n|faint|p1a: Chien-Pao\n|move|p1b: Dragonite|Tera Blast|p2b: Pride\n|-damage|p2b: Pride|0 fnt\n|faint|p2b: Pride\n|\n|upkeep\n|\n|t:|1683066122\n|switch|p1a: Gyarados|Gyarados, L50, F, shiny|100\/100\n|switch|p2b: Greed|Gholdengo, L50, tera:Water|54\/100\n|-ability|p1a: Gyarados|Intimidate|boost\n|-unboost|p2a: Envy|atk|1\n|-unboost|p2b: Greed|atk|1\n|turn|6\n|inactive|toocynical1 has 30 seconds left.\n|\n|t:|1683066150\n|move|p1a: Gyarados|Waterfall|p2a: Envy\n|-damage|p2a: Envy|52\/100\n|cant|p2a: Envy|flinch\n|move|p1b: Dragonite|Tera Blast|p2a: Envy\n|-damage|p2a: Envy|15\/100\n|move|p2b: Greed|Make It Rain|p1a: Gyarados|[spread] p1a,p1b\n|-resisted|p1a: Gyarados\n|-damage|p1a: Gyarados|83\/100\n|-damage|p1b: Dragonite|0 fnt\n|-unboost|p2b: Greed|spa|1\n|faint|p1b: Dragonite\n|\n|-heal|p1a: Gyarados|89\/100|[from] item: Leftovers\n|upkeep\n|turn|7\n|inactive|vrumvrumnatal has 30 seconds left.\n|\n|t:|1683066177\n|move|p1a: Gyarados|Waterfall|p2a: Envy\n|-damage|p2a: Envy|0 fnt\n|faint|p2a: Envy\n|-end|p2a: Envy|Protosynthesis|[silent]\n|move|p2b: Greed|Thunderbolt|p1a: Gyarados\n|-supereffective|p1a: Gyarados\n|-damage|p1a: Gyarados|15\/100\n|\n|-heal|p1a: Gyarados|21\/100|[from] item: Leftovers\n|-sideend|p1: vrumvrumnatal|move: Tailwind\n|upkeep\n|turn|8\n|\n|t:|1683066188\n|move|p2b: Greed|Thunderbolt|p1a: Gyarados\n|-supereffective|p1a: Gyarados\n|-damage|p1a: Gyarados|0 fnt\n|faint|p1a: Gyarados\n|\n|win|toocynical1\n|raw|vrumvrumnatal's rating: 1283 → 1255<\/strong> (-28 for losing)\n|raw|toocynical1's rating: 1246 → 1274<\/strong> (+28 for winning)\n","uploadtime":1683066194,"views":14,"p1id":"vrumvrumnatal","p2id":"toocynical1","formatid":"gen9vgc2023regulationc","rating":1255,"private":0,"password":""}