{"id":"gen9vgc2023regulationc-1863726486","p1":"Arcacagne","p2":"SupaJello","format":"[Gen 9] VGC 2023 Regulation C","log":"|j|\u2606Arcacagne\n|j|\u2606SupaJello\n|t:|1684067949\n|gametype|doubles\n|player|p1|Arcacagne|265|1334\n|player|p2|SupaJello|hilbert|1318\n|teamsize|p1|6\n|teamsize|p2|6\n|gen|9\n|tier|[Gen 9] VGC 2023 Regulation C\n|rated|\n|rule|Species Clause: Limit one of each Pok\u00e9mon\n|rule|Item Clause: Limit one of each item\n|clearpoke\n|poke|p1|Chi-Yu, L50|\n|poke|p1|Flutter Mane, L50|\n|poke|p1|Amoonguss, L50, F|\n|poke|p1|Ting-Lu, L50|\n|poke|p1|Iron Hands, L50|\n|poke|p1|Gyarados, L50, M|\n|poke|p2|Armarouge, L50, M|\n|poke|p2|Garchomp, L50, M|\n|poke|p2|Tyranitar, L50, M|\n|poke|p2|Flutter Mane, L50|\n|poke|p2|Orthworm, L50, M|\n|poke|p2|Gholdengo, L50|\n|teampreview|4\n|inactive|Battle timer is ON: inactive players will automatically lose when time's up. (requested by SupaJello)\n|inactive|SupaJello has 60 seconds left.\n|\n|t:|1684067986\n|start\n|switch|p1a: Ting-Lu|Ting-Lu, L50|100\/100\n|switch|p1b: Iron Hands|Iron Hands, L50|100\/100\n|switch|p2a: Tyranitar|Tyranitar, L50, M|100\/100\n|switch|p2b: Orthworm|Orthworm, L50, M|100\/100\n|-ability|p1a: Ting-Lu|Vessel of Ruin\n|-weather|Sandstorm|[from] ability: Sand Stream|[of] p2a: Tyranitar\n|turn|1\n|inactive|Arcacagne has 30 seconds left.\n|\n|t:|1684068012\n|switch|p1a: Gyarados|Gyarados, L50, M|100\/100\n|-ability|p1a: Gyarados|Intimidate|boost\n|-unboost|p2a: Tyranitar|atk|1\n|-unboost|p2b: Orthworm|atk|1\n|move|p2a: Tyranitar|Protect|p2a: Tyranitar\n|-singleturn|p2a: Tyranitar|Protect\n|move|p2b: Orthworm|Iron Defense|p2b: Orthworm\n|-boost|p2b: Orthworm|def|2\n|move|p1b: Iron Hands|Swords Dance|p1b: Iron Hands\n|-boost|p1b: Iron Hands|atk|2\n|\n|-weather|Sandstorm|[upkeep]\n|-damage|p1a: Gyarados|94\/100|[from] Sandstorm\n|-damage|p1b: Iron Hands|95\/100|[from] Sandstorm\n|upkeep\n|turn|2\n|\n|t:|1684068036\n|switch|p2a: Flutter Mane|Flutter Mane, L50|100\/100\n|-enditem|p2a: Flutter Mane|Booster Energy\n|-activate|p2a: Flutter Mane|ability: Protosynthesis|[fromitem]\n|-start|p2a: Flutter Mane|protosynthesisspa\n|move|p1a: Gyarados|Thunder Wave|p2a: Flutter Mane\n|-status|p2a: Flutter Mane|par\n|move|p2b: Orthworm|Iron Defense|p2b: Orthworm\n|-boost|p2b: Orthworm|def|2\n|move|p1b: Iron Hands|Drain Punch|p2b: Orthworm\n|-supereffective|p2b: Orthworm\n|-damage|p2b: Orthworm|65\/100\n|-heal|p1b: Iron Hands|100\/100|[from] drain|[of] p2b: Orthworm\n|\n|-weather|Sandstorm|[upkeep]\n|-damage|p1a: Gyarados|88\/100|[from] Sandstorm\n|-damage|p2a: Flutter Mane|94\/100 par|[from] Sandstorm\n|-damage|p1b: Iron Hands|95\/100|[from] Sandstorm\n|upkeep\n|turn|3\n|\n|t:|1684068057\n|-terastallize|p1b: Iron Hands|Grass\n|move|p1a: Gyarados|Waterfall|p2a: Flutter Mane\n|-crit|p2a: Flutter Mane\n|-damage|p2a: Flutter Mane|0 fnt\n|faint|p2a: Flutter Mane\n|-end|p2a: Flutter Mane|Protosynthesis|[silent]\n|move|p2b: Orthworm|Iron Defense|p2b: Orthworm\n|-boost|p2b: Orthworm|def|2\n|move|p1b: Iron Hands|Drain Punch|p2b: Orthworm\n|-supereffective|p2b: Orthworm\n|-damage|p2b: Orthworm|37\/100\n|-heal|p1b: Iron Hands|100\/100|[from] drain|[of] p2b: Orthworm\n|-enditem|p2b: Orthworm|Sitrus Berry|[eat]\n|-heal|p2b: Orthworm|62\/100|[from] item: Sitrus Berry\n|\n|-weather|Sandstorm|[upkeep]\n|-damage|p1a: Gyarados|82\/100|[from] Sandstorm\n|-damage|p1b: Iron Hands|95\/100|[from] Sandstorm\n|upkeep\n|\n|t:|1684068073\n|switch|p2a: Armarouge|Armarouge, L50, M|100\/100\n|turn|4\n|\n|t:|1684068081\n|-end|p1b: Iron Hands|Quark Drive|[silent]\n|switch|p1b: Ting-Lu|Ting-Lu, L50|100\/100\n|-ability|p1b: Ting-Lu|Vessel of Ruin\n|-terastallize|p2a: Armarouge|Grass\n|move|p1a: Gyarados|Thunder Wave|p2a: Armarouge\n|-status|p2a: Armarouge|par\n|move|p2b: Orthworm|Body Press|p1a: Gyarados\n|-resisted|p1a: Gyarados\n|-damage|p1a: Gyarados|32\/100\n|-enditem|p1a: Gyarados|Sitrus Berry|[eat]\n|-heal|p1a: Gyarados|56\/100|[from] item: Sitrus Berry\n|cant|p2a: Armarouge|par\n|\n|-weather|Sandstorm|[upkeep]\n|-damage|p1a: Gyarados|50\/100|[from] Sandstorm\n|upkeep\n|turn|5\n|\n|t:|1684068105\n|move|p1a: Gyarados|Thunder Wave|p2b: Orthworm\n|-status|p2b: Orthworm|par\n|move|p1b: Ting-Lu|Throat Chop|p2a: Armarouge\n|-damage|p2a: Armarouge|50\/100 par\n|-start|p2a: Armarouge|Throat Chop|[silent]\n|move|p2a: Armarouge|Energy Ball|p1a: Gyarados\n|-damage|p1a: Gyarados|22\/100\n|move|p2b: Orthworm|Body Press|p1b: Ting-Lu\n|-supereffective|p1b: Ting-Lu\n|-crit|p1b: Ting-Lu\n|-damage|p1b: Ting-Lu|0 fnt\n|faint|p1b: Ting-Lu\n|\n|-weather|none\n|upkeep\n|\n|t:|1684068125\n|switch|p1b: Chi-Yu|Chi-Yu, L50|100\/100\n|-ability|p1b: Chi-Yu|Beads of Ruin\n|turn|6\n|\n|t:|1684068137\n|switch|p2b: Tyranitar|Tyranitar, L50, M|100\/100\n|-weather|Sandstorm|[from] ability: Sand Stream|[of] p2b: Tyranitar\n|move|p1b: Chi-Yu|Heat Wave|p2b: Tyranitar|[spread] p2b\n|-start|p2a: Armarouge|ability: Flash Fire\n|-resisted|p2b: Tyranitar\n|-damage|p2b: Tyranitar|90\/100\n|move|p1a: Gyarados|Waterfall|p2a: Armarouge\n|-resisted|p2a: Armarouge\n|-damage|p2a: Armarouge|32\/100 par\n|cant|p2a: Armarouge|flinch\n|\n|-weather|Sandstorm|[upkeep]\n|-damage|p1a: Gyarados|16\/100|[from] Sandstorm\n|-heal|p2b: Tyranitar|96\/100|[from] item: Leftovers\n|-end|p2a: Armarouge|Throat Chop|[silent]\n|upkeep\n|turn|7\n|\n|t:|1684068157\n|switch|p1a: Iron Hands|Iron Hands, L50, tera:Grass|95\/100\n|move|p1b: Chi-Yu|Protect|p1b: Chi-Yu\n|-singleturn|p1b: Chi-Yu|Protect\n|move|p2b: Tyranitar|Snarl|p1a: Iron Hands|[spread] p1a\n|-activate|p1b: Chi-Yu|move: Protect\n|-damage|p1a: Iron Hands|81\/100\n|-unboost|p1a: Iron Hands|spa|1\n|move|p2a: Armarouge|Energy Ball|p1a: Iron Hands\n|-resisted|p1a: Iron Hands\n|-damage|p1a: Iron Hands|62\/100\n|\n|-weather|Sandstorm|[upkeep]\n|-damage|p1a: Iron Hands|56\/100|[from] Sandstorm\n|-heal|p2b: Tyranitar|100\/100|[from] item: Leftovers\n|upkeep\n|turn|8\n|\n|t:|1684068177\n|move|p1a: Iron Hands|Fake Out|p2b: Tyranitar\n|-resisted|p2b: Tyranitar\n|-damage|p2b: Tyranitar|96\/100\n|move|p1b: Chi-Yu|Dark Pulse|p2a: Armarouge\n|-damage|p2a: Armarouge|0 fnt\n|faint|p2a: Armarouge\n|cant|p2b: Tyranitar|flinch\n|\n|-weather|Sandstorm|[upkeep]\n|-damage|p1a: Iron Hands|50\/100|[from] Sandstorm\n|-heal|p2b: Tyranitar|100\/100|[from] item: Leftovers\n|upkeep\n|\n|t:|1684068187\n|switch|p2a: Orthworm|Orthworm, L50, M|62\/100 par\n|turn|9\n|\n|t:|1684068199\n|move|p1b: Chi-Yu|Heat Wave|p2a: Orthworm|[spread] p2a,p2b\n|-supereffective|p2a: Orthworm\n|-resisted|p2b: Tyranitar\n|-damage|p2a: Orthworm|0 fnt\n|-damage|p2b: Tyranitar|90\/100\n|-status|p2b: Tyranitar|brn\n|faint|p2a: Orthworm\n|move|p2b: Tyranitar|Rock Slide|p1b: Chi-Yu|[spread] p1b\n|-miss|p2b: Tyranitar|p1a: Iron Hands\n|-supereffective|p1b: Chi-Yu\n|-damage|p1b: Chi-Yu|67\/100\n|move|p1a: Iron Hands|Drain Punch|p2b: Tyranitar\n|-supereffective|p2b: Tyranitar\n|-damage|p2b: Tyranitar|0 fnt\n|-heal|p1a: Iron Hands|85\/100|[from] drain|[of] p2b: Tyranitar\n|faint|p2b: Tyranitar\n|\n|win|Arcacagne\n|raw|Arcacagne's rating: 1334 → 1353<\/strong> (+19 for winning)\n|raw|SupaJello's rating: 1318 → 1299<\/strong> (-19 for losing)\n|l|\u2606SupaJello\n","uploadtime":1684068217,"views":13,"p1id":"arcacagne","p2id":"supajello","formatid":"gen9vgc2023regulationc","rating":1299,"private":0,"password":""}