{"id":"gen9vgc2023regulationc-1856348109","p1":"TStorm","p2":"TheRealRumpleMan","format":"[Gen 9] VGC 2023 Regulation C","log":"|j|\u2606TStorm\n|j|\u2606TheRealRumpleMan\n|t:|1683052969\n|gametype|doubles\n|player|p1|TStorm|2|1349\n|player|p2|TheRealRumpleMan|koga|1410\n|teamsize|p1|6\n|teamsize|p2|6\n|gen|9\n|tier|[Gen 9] VGC 2023 Regulation C\n|rated|\n|rule|Species Clause: Limit one of each Pok\u00e9mon\n|rule|Item Clause: Limit one of each item\n|clearpoke\n|poke|p1|Flutter Mane, L50|\n|poke|p1|Ting-Lu, L50|\n|poke|p1|Kingambit, L50, M|\n|poke|p1|Arcanine, L50, F|\n|poke|p1|Palafin, L50, M|\n|poke|p1|Amoonguss, L50, F|\n|poke|p2|Rotom-Wash, L50|\n|poke|p2|Chien-Pao, L50|\n|poke|p2|Arcanine, L50, F|\n|poke|p2|Corviknight, L50, F|\n|poke|p2|Flutter Mane, L50|\n|poke|p2|Garchomp, L50, M|\n|teampreview|4\nTStorm has agreed to open team sheets.\n|j| JoeUX9\n|inactive|Battle timer is ON: inactive players will automatically lose when time's up. (requested by TheRealRumpleMan)\n|\n|t:|1683053066\n|start\n|switch|p1a: Palafin|Palafin, L50, M|100\/100\n|switch|p1b: Kingambit|Kingambit, L50, M|100\/100\n|switch|p2a: Chien-Pao|Chien-Pao, L50|100\/100\n|switch|p2b: Rotom|Rotom-Wash, L50|100\/100\n|-ability|p2a: Chien-Pao|Sword of Ruin\n|turn|1\n|inactive|TheRealRumpleMan has 30 seconds left.\n|inactive|TheRealRumpleMan has 20 seconds left.\n|\n|t:|1683053104\n|switch|p2a: Garchomp|Garchomp, L50, M|100\/100\n|detailschange|p1a: Palafin|Palafin-Hero, L50, M\n|switch|p1a: Arcanine|Arcanine, L50, F|100\/100\n|-ability|p1a: Arcanine|Intimidate|boost\n|-fail|p2a: Garchomp|unboost|[from] item: Clear Amulet|[of] p2a: Garchomp\n|-unboost|p2b: Rotom|atk|1\n|switch|p1b: Amoonguss|Amoonguss, L50, F|100\/100\n|move|p2b: Rotom|Discharge|p1a: Arcanine|[spread] p1a,p1b\n|-immune|p2a: Garchomp\n|-resisted|p1b: Amoonguss\n|-crit|p1b: Amoonguss\n|-damage|p1a: Arcanine|80\/100\n|-damage|p1b: Amoonguss|83\/100\n|\n|upkeep\n|turn|2\n|inactive|TStorm has 30 seconds left.\n|inactive|TheRealRumpleMan has 30 seconds left.\n|inactive|TStorm has 20 seconds left.\n|inactive|TStorm has 15 seconds left.\n|\n|t:|1683053147\n|switch|p2b: Corviknight|Corviknight, L50, F|100\/100\n|move|p2a: Garchomp|Protect|p2a: Garchomp\n|-singleturn|p2a: Garchomp|Protect\n|move|p1a: Arcanine|Protect|p1a: Arcanine\n|-singleturn|p1a: Arcanine|Protect\n|move|p1b: Amoonguss|Spore|p2a: Garchomp\n|-activate|p2a: Garchomp|move: Protect\n|\n|upkeep\n|turn|3\n|inactive|TheRealRumpleMan has 30 seconds left.\n|\n|t:|1683053179\n|-terastallize|p1a: Arcanine|Flying\n|-terastallize|p2b: Corviknight|Dragon\n|move|p2a: Garchomp|Dragon Claw|p1b: Amoonguss\n|-damage|p1b: Amoonguss|51\/100\n|move|p1a: Arcanine|Will-O-Wisp|p2b: Corviknight\n|-status|p2b: Corviknight|brn\n|move|p2b: Corviknight|Brave Bird|p1b: Amoonguss\n|-supereffective|p1b: Amoonguss\n|-damage|p1b: Amoonguss|21\/100\n|-enditem|p1b: Amoonguss|Sitrus Berry|[eat]\n|-heal|p1b: Amoonguss|46\/100|[from] item: Sitrus Berry\n|-damage|p2b: Corviknight|90\/100 brn|[from] Recoil\n|move|p1b: Amoonguss|Spore|p2a: Garchomp\n|-status|p2a: Garchomp|slp|[from] move: Spore\n|\n|-heal|p2b: Corviknight|96\/100 brn|[from] item: Leftovers\n|-damage|p2b: Corviknight|90\/100 brn|[from] brn\n|upkeep\n|turn|4\n|j| Topperlecat\n|l| Topperlecat\n|inactive|TheRealRumpleMan has 30 seconds left.\n|\n|t:|1683053212\n|switch|p1b: Kingambit|Kingambit, L50, M|100\/100\n|cant|p2a: Garchomp|slp\n|move|p1a: Arcanine|Howl|p1a: Arcanine|[spread] p1a,p1b\n|-boost|p1a: Arcanine|atk|1\n|-boost|p1b: Kingambit|atk|1\n|move|p2b: Corviknight|Bulk Up|p2b: Corviknight\n|-boost|p2b: Corviknight|atk|1\n|-boost|p2b: Corviknight|def|1\n|\n|-heal|p2b: Corviknight|96\/100 brn|[from] item: Leftovers\n|-damage|p2b: Corviknight|90\/100 brn|[from] brn\n|upkeep\n|turn|5\n|\n|t:|1683053232\n|cant|p2a: Garchomp|slp\n|move|p1a: Arcanine|Howl|p1a: Arcanine|[spread] p1a,p1b\n|-boost|p1a: Arcanine|atk|1\n|-boost|p1b: Kingambit|atk|1\n|move|p2b: Corviknight|Bulk Up|p2b: Corviknight\n|-boost|p2b: Corviknight|atk|1\n|-boost|p2b: Corviknight|def|1\n|move|p1b: Kingambit|Kowtow Cleave|p2a: Garchomp\n|-damage|p2a: Garchomp|0 fnt\n|-damage|p1b: Kingambit|88\/100|[from] ability: Rough Skin|[of] p2a: Garchomp\n|faint|p2a: Garchomp\n|\n|-heal|p2b: Corviknight|96\/100 brn|[from] item: Leftovers\n|-damage|p2b: Corviknight|90\/100 brn|[from] brn\n|upkeep\n|\n|t:|1683053245\n|switch|p2a: Rotom|Rotom-Wash, L50|100\/100\n|turn|6\n|\n|t:|1683053269\n|switch|p1a: Amoonguss|Amoonguss, L50, F|80\/100\n|move|p2a: Rotom|Protect|p2a: Rotom\n|-singleturn|p2a: Rotom|Protect\n|move|p1b: Kingambit|Sucker Punch||[still]\n|-fail|p1b: Kingambit\n|move|p2b: Corviknight|Tailwind|p2b: Corviknight\n|-sidestart|p2: TheRealRumpleMan|move: Tailwind\n|\n|-heal|p2b: Corviknight|96\/100 brn|[from] item: Leftovers\n|-damage|p2b: Corviknight|90\/100 brn|[from] brn\n|upkeep\n|turn|7\n|inactive|TheRealRumpleMan has 30 seconds left.\n|\n|t:|1683053299\n|move|p1a: Amoonguss|Rage Powder|p1a: Amoonguss\n|-singleturn|p1a: Amoonguss|move: Rage Powder\n|move|p2a: Rotom|Hydro Pump|p1a: Amoonguss\n|-resisted|p1a: Amoonguss\n|-damage|p1a: Amoonguss|59\/100\n|move|p2b: Corviknight|Brave Bird|p1a: Amoonguss\n|-supereffective|p1a: Amoonguss\n|-damage|p1a: Amoonguss|0 fnt\n|faint|p1a: Amoonguss\n|-damage|p2b: Corviknight|69\/100 brn|[from] Recoil\n|move|p1b: Kingambit|Kowtow Cleave|p2a: Rotom\n|-damage|p2a: Rotom|0 fnt\n|faint|p2a: Rotom\n|\n|-heal|p2b: Corviknight|75\/100 brn|[from] item: Leftovers\n|-damage|p2b: Corviknight|69\/100 brn|[from] brn\n|upkeep\n|\n|t:|1683053319\n|switch|p2a: Chien-Pao|Chien-Pao, L50|100\/100\n|switch|p1a: Palafin|Palafin-Hero, L50, M|100\/100\n|-ability|p2a: Chien-Pao|Sword of Ruin\n|-activate|p1a: Palafin|ability: Zero to Hero\n|turn|8\n|\n|t:|1683053337\n|move|p2a: Chien-Pao|Sucker Punch|p1a: Palafin\n|-damage|p1a: Palafin|57\/100\n|move|p1a: Palafin|Jet Punch|p2a: Chien-Pao\n|-damage|p2a: Chien-Pao|32\/100\n|move|p1b: Kingambit|Sucker Punch||[still]\n|-fail|p1b: Kingambit\n|move|p2b: Corviknight|Roost|p2b: Corviknight\n|-heal|p2b: Corviknight|100\/100 brn\n|\n|-damage|p2b: Corviknight|95\/100 brn|[from] brn\n|upkeep\n|turn|9\n|\n|t:|1683053358\n|switch|p1a: Arcanine|Arcanine, L50, F, tera:Flying|80\/100\n|-ability|p1a: Arcanine|Intimidate|boost\n|-unboost|p2a: Chien-Pao|atk|1\n|-ability|p2b: Corviknight|Mirror Armor\n|-unboost|p1a: Arcanine|atk|1\n|move|p2a: Chien-Pao|Protect|p2a: Chien-Pao\n|-singleturn|p2a: Chien-Pao|Protect\n|move|p2b: Corviknight|Brave Bird|p1a: Arcanine\n|-damage|p1a: Arcanine|28\/100\n|-damage|p2b: Corviknight|79\/100 brn|[from] Recoil\n|move|p1b: Kingambit|Swords Dance|p1b: Kingambit\n|-boost|p1b: Kingambit|atk|2\n|\n|-heal|p2b: Corviknight|85\/100 brn|[from] item: Leftovers\n|-damage|p2b: Corviknight|79\/100 brn|[from] brn\n|-sideend|p2: TheRealRumpleMan|move: Tailwind\n|upkeep\n|turn|10\n|inactive|TStorm has 30 seconds left.\n|inactive|TStorm has 20 seconds left.\n|inactive|TStorm has 15 seconds left.\n|\n|t:|1683053399\n|move|p2a: Chien-Pao|Sucker Punch||[still]\n|-fail|p2a: Chien-Pao\n|move|p1b: Kingambit|Sucker Punch||[still]\n|-fail|p1b: Kingambit\n|move|p1a: Arcanine|Will-O-Wisp|p2a: Chien-Pao\n|-status|p2a: Chien-Pao|brn\n|move|p2b: Corviknight|Brave Bird|p1b: Kingambit\n|-resisted|p1b: Kingambit\n|-damage|p1b: Kingambit|72\/100\n|-damage|p2b: Corviknight|73\/100 brn|[from] Recoil\n|\n|-heal|p2b: Corviknight|79\/100 brn|[from] item: Leftovers\n|-damage|p2a: Chien-Pao|26\/100 brn|[from] brn\n|-damage|p2b: Corviknight|73\/100 brn|[from] brn\n|upkeep\n|turn|11\n|j| choicebadkyurem\n|c|\u2606TheRealRumpleMan|Also, is that actually JoeUX9? lol if so big fan.\n|inactive|TheRealRumpleMan has 30 seconds left.\n|c| choicebadkyurem|its not\n|inactive|TheRealRumpleMan has 20 seconds left.\n|c| JoeUX9|Yeah it is!\n|inactive|TheRealRumpleMan has 15 seconds left.\n|c| choicebadkyurem|false\n|c| JoeUX9|mice to meet ya\n|inactive|TheRealRumpleMan has 10 seconds left.\n|c| JoeUX9|Nice*\n|\n|t:|1683053448\n|move|p1b: Kingambit|Sucker Punch||[still]\n|-fail|p1b: Kingambit\n|move|p2a: Chien-Pao|Haze|p2a: Chien-Pao\n|-clearallboost\n|move|p1a: Arcanine|Howl|p1a: Arcanine|[spread] p1a,p1b\n|-boost|p1a: Arcanine|atk|1\n|-boost|p1b: Kingambit|atk|1\n|move|p2b: Corviknight|Brave Bird|p1a: Arcanine\n|-damage|p1a: Arcanine|0 fnt\n|faint|p1a: Arcanine\n|-damage|p2b: Corviknight|65\/100 brn|[from] Recoil\n|\n|-heal|p2b: Corviknight|71\/100 brn|[from] item: Leftovers\n|-damage|p2a: Chien-Pao|20\/100 brn|[from] brn\n|-damage|p2b: Corviknight|65\/100 brn|[from] brn\n|upkeep\n|c| choicebadkyurem|also false\n|c| choicebadkyurem|he has dreded this day for years\n|\n|t:|1683053469\n|switch|p1a: Palafin|Palafin-Hero, L50, M|57\/100\n|turn|12\n|\n|t:|1683053493\n|move|p2a: Chien-Pao|Protect|p2a: Chien-Pao\n|-singleturn|p2a: Chien-Pao|Protect\n|move|p1a: Palafin|Jet Punch|p2a: Chien-Pao\n|-activate|p2a: Chien-Pao|move: Protect\n|move|p2b: Corviknight|Brave Bird|p1a: Palafin\n|-damage|p1a: Palafin|34\/100\n|-damage|p2b: Corviknight|57\/100 brn|[from] Recoil\n|move|p1b: Kingambit|Kowtow Cleave|p2b: Corviknight\n|-damage|p2b: Corviknight|0 fnt\n|faint|p2b: Corviknight\n|\n|-damage|p2a: Chien-Pao|15\/100 brn|[from] brn\n|upkeep\n|turn|13\n|\n|t:|1683053510\n|move|p2a: Chien-Pao|Sucker Punch|p1a: Palafin\n|-crit|p1a: Palafin\n|-damage|p1a: Palafin|0 fnt\n|faint|p1a: Palafin\n|move|p1b: Kingambit|Kowtow Cleave|p2a: Chien-Pao\n|-resisted|p2a: Chien-Pao\n|-crit|p2a: Chien-Pao\n|-damage|p2a: Chien-Pao|0 fnt\n|faint|p2a: Chien-Pao\n|\n|win|TStorm\n|raw|TStorm's rating: 1349 → 1372<\/strong> (+23 for winning)\n|raw|TheRealRumpleMan's rating: 1410 → 1387<\/strong> (-23 for losing)\n|c|\u2606TheRealRumpleMan|gg wp! still trying to get this team down\n|l|\u2606TStorm\n","uploadtime":1683053523,"views":14,"p1id":"tstorm","p2id":"therealrumpleman","formatid":"gen9vgc2023regulationc","rating":1372,"private":0,"password":""}