{"id":"gen9vgc2023regulationc-1860909181","p1":"Bubbledum","p2":"Tendo Pain(Nagato)","format":"[Gen 9] VGC 2023 Regulation C","log":"|j|\u2606Bubbledum\n|j|\u2606Tendo Pain(Nagato)\n|t:|1683694163\n|gametype|doubles\n|player|p1|Bubbledum|cynthia|1451\n|player|p2|Tendo Pain(Nagato)|bruno|1497\n|teamsize|p1|6\n|teamsize|p2|6\n|gen|9\n|tier|[Gen 9] VGC 2023 Regulation C\n|rated|\n|rule|Species Clause: Limit one of each Pok\u00e9mon\n|rule|Item Clause: Limit one of each item\n|clearpoke\n|poke|p1|Wo-Chien, L50|\n|poke|p1|Grimmsnarl, L50, M|\n|poke|p1|Gholdengo, L50|\n|poke|p1|Arcanine, L50, M|\n|poke|p1|Rotom-Wash, L50|\n|poke|p1|Chien-Pao, L50|\n|poke|p2|Ting-Lu, L50|\n|poke|p2|Vivillon-Fancy, L50, M|\n|poke|p2|Iron Bundle, L50|\n|poke|p2|Abomasnow, L50, F|\n|poke|p2|Annihilape, L50, M|\n|poke|p2|Chien-Pao, L50|\n|teampreview|4\nTendo Pain(Nagato) has agreed to open team sheets.\n|inactive|Battle timer is ON: inactive players will automatically lose when time's up. (requested by Tendo Pain(Nagato))\n|inactive|Bubbledum has 60 seconds left.\n|\n|t:|1683694234\n|start\n|switch|p1a: Grimmsnarl|Grimmsnarl, L50, M|100\/100\n|switch|p1b: Rotom|Rotom-Wash, L50|100\/100\n|switch|p2a: Abomasnow|Abomasnow, L50, F|100\/100\n|switch|p2b: Iron Bundle|Iron Bundle, L50|100\/100\n|-weather|Snow|[from] ability: Snow Warning|[of] p2a: Abomasnow\n|-enditem|p2b: Iron Bundle|Booster Energy\n|-activate|p2b: Iron Bundle|ability: Quark Drive|[fromitem]\n|-start|p2b: Iron Bundle|quarkdrivespe\n|turn|1\n|\n|t:|1683694254\n|-terastallize|p2b: Iron Bundle|Ice\n|-terastallize|p1b: Rotom|Fire\n|move|p1a: Grimmsnarl|Scary Face|p2b: Iron Bundle\n|-unboost|p2b: Iron Bundle|spe|2\n|move|p2b: Iron Bundle|Aurora Veil|p2b: Iron Bundle\n|-sidestart|p2: Tendo Pain(Nagato)|move: Aurora Veil\n|move|p1b: Rotom|Tera Blast|p2a: Abomasnow\n|-supereffective|p2a: Abomasnow\n|-damage|p2a: Abomasnow|3\/100\n|move|p2a: Abomasnow|Energy Ball|p1b: Rotom\n|-resisted|p1b: Rotom\n|-crit|p1b: Rotom\n|-damage|p1b: Rotom|68\/100\n|-damage|p2a: Abomasnow|0 fnt|[from] item: Life Orb\n|faint|p2a: Abomasnow\n|\n|-weather|Snow|[upkeep]\n|upkeep\n|\n|t:|1683694268\n|switch|p2a: Vivillon|Vivillon-Fancy, L50, M|100\/100\n|turn|2\n|\n|t:|1683694278\n|move|p2a: Vivillon|Protect|p2a: Vivillon\n|-singleturn|p2a: Vivillon|Protect\n|move|p1a: Grimmsnarl|Fake Tears|p2b: Iron Bundle\n|-unboost|p2b: Iron Bundle|spd|2\n|move|p2b: Iron Bundle|Hydro Pump|p1b: Rotom\n|-supereffective|p1b: Rotom\n|-damage|p1b: Rotom|0 fnt\n|faint|p1b: Rotom\n|\n|-weather|Snow|[upkeep]\n|upkeep\n|\n|t:|1683694289\n|switch|p1b: Chien-Pao|Chien-Pao, L50|100\/100\n|-ability|p1b: Chien-Pao|Sword of Ruin\n|turn|3\n|\n|t:|1683694299\n|-end|p2b: Iron Bundle|Quark Drive|[silent]\n|switch|p2b: Ting-Lu|Ting-Lu, L50|100\/100\n|-ability|p2b: Ting-Lu|Vessel of Ruin\n|move|p1b: Chien-Pao|Protect|p1b: Chien-Pao\n|-singleturn|p1b: Chien-Pao|Protect\n|move|p1a: Grimmsnarl|Scary Face|p2a: Vivillon\n|-unboost|p2a: Vivillon|spe|2\n|move|p2a: Vivillon|Pollen Puff|p1b: Chien-Pao\n|-activate|p1b: Chien-Pao|move: Protect\n|\n|-weather|Snow|[upkeep]\n|upkeep\n|turn|4\n|j| egfhgnrah\n|\n|t:|1683694317\n|move|p2a: Vivillon|Rage Powder|p2a: Vivillon\n|-singleturn|p2a: Vivillon|move: Rage Powder\n|move|p1b: Chien-Pao|Ice Spinner|p2a: Vivillon\n|-supereffective|p2a: Vivillon\n|-enditem|p2a: Vivillon|Focus Sash\n|-damage|p2a: Vivillon|1\/100\n|move|p1a: Grimmsnarl|Spirit Break|p2a: Vivillon\n|-damage|p2a: Vivillon|0 fnt\n|faint|p2a: Vivillon\n|move|p2b: Ting-Lu|Earthquake|p1b: Chien-Pao|[spread] p1a,p1b\n|-damage|p1a: Grimmsnarl|2\/100\n|-damage|p1b: Chien-Pao|42\/100\n|\n|-weather|Snow|[upkeep]\n|upkeep\n|\n|t:|1683694329\n|switch|p2a: Iron Bundle|Iron Bundle, L50, tera:Ice|100\/100\n|turn|5\n|\n|t:|1683694340\n|move|p1b: Chien-Pao|Protect|p1b: Chien-Pao\n|-singleturn|p1b: Chien-Pao|Protect\n|move|p2a: Iron Bundle|Protect|p2a: Iron Bundle\n|-singleturn|p2a: Iron Bundle|Protect\n|move|p1a: Grimmsnarl|Fake Tears|p2b: Ting-Lu\n|-hint|Since gen 7, Dark is immune to Prankster moves.\n|-immune|p2b: Ting-Lu\n|move|p2b: Ting-Lu|Earthquake|p1b: Chien-Pao|[spread] p1a\n|-activate|p2a: Iron Bundle|move: Protect\n|-activate|p1b: Chien-Pao|move: Protect\n|-damage|p1a: Grimmsnarl|0 fnt\n|faint|p1a: Grimmsnarl\n|\n|-weather|none\n|-sideend|p2: Tendo Pain(Nagato)|move: Aurora Veil\n|upkeep\n|\n|t:|1683694352\n|switch|p1a: Wo-Chien|Wo-Chien, L50|100\/100\n|-ability|p1a: Wo-Chien|Tablets of Ruin\n|turn|6\n|\n|t:|1683694361\n|move|p1b: Chien-Pao|Sucker Punch|p2a: Iron Bundle\n|-damage|p2a: Iron Bundle|57\/100\n|move|p2a: Iron Bundle|Hydro Pump|p1b: Chien-Pao|[miss]\n|-miss|p2a: Iron Bundle|p1b: Chien-Pao\n|move|p1a: Wo-Chien|Dark Pulse|p2a: Iron Bundle\n|-damage|p2a: Iron Bundle|17\/100\n|move|p2b: Ting-Lu|Earthquake|p1a: Wo-Chien|[spread] p2a,p1a,p1b\n|-resisted|p1a: Wo-Chien\n|-damage|p2a: Iron Bundle|0 fnt\n|-damage|p1a: Wo-Chien|74\/100\n|-damage|p1b: Chien-Pao|0 fnt\n|faint|p2a: Iron Bundle\n|-end|p2a: Iron Bundle|Quark Drive|[silent]\n|faint|p1b: Chien-Pao\n|\n|upkeep\n|turn|7\n|\n|t:|1683694374\n|move|p1a: Wo-Chien|Giga Drain|p2b: Ting-Lu\n|-supereffective|p2b: Ting-Lu\n|-damage|p2b: Ting-Lu|52\/100\n|-heal|p1a: Wo-Chien|100\/100|[from] drain|[of] p2b: Ting-Lu\n|move|p2b: Ting-Lu|Earthquake|p1a: Wo-Chien\n|-resisted|p1a: Wo-Chien\n|-damage|p1a: Wo-Chien|75\/100\n|\n|upkeep\n|turn|8\n|-message|Tendo Pain(Nagato) forfeited.\n|\n|win|Bubbledum\n|raw|Bubbledum's rating: 1451 → 1474<\/strong> (+23 for winning)\n|raw|Tendo Pain(Nagato)'s rating: 1497 → 1474<\/strong> (-23 for losing)\n|l|\u2606Tendo Pain(Nagato)\n","uploadtime":1683694409,"views":17,"p1id":"bubbledum","p2id":"tendopainnagato","formatid":"gen9vgc2023regulationc","rating":1474,"private":0,"password":""}