{"id":"gen9vgc2023regulationc-1847040297","p1":"The Googer","p2":"WumblesNSuch","format":"[Gen 9] VGC 2023 Regulation C","log":"|j|\u2606The Googer\n|j|\u2606WumblesNSuch\n|t:|1681914055\n|gametype|doubles\n|player|p1|The Googer|lenora|1364\n|player|p2|WumblesNSuch|266|1416\n|teamsize|p1|6\n|teamsize|p2|4\n|gen|9\n|tier|[Gen 9] VGC 2023 Regulation C\n|rated|\n|rule|Species Clause: Limit one of each Pok\u00e9mon\n|rule|Item Clause: Limit one of each item\n|clearpoke\n|poke|p1|Torkoal, L50, M|\n|poke|p1|Scovillain, L50, F|\n|poke|p1|Armarouge, L50, M|\n|poke|p1|Great Tusk, L50|\n|poke|p1|Indeedee-F, L50, F|\n|poke|p1|Rotom-Wash, L50|\n|poke|p2|Baxcalibur, L50, F|\n|poke|p2|Iron Bundle, L50|\n|poke|p2|Amoonguss, L50, F|\n|poke|p2|Iron Hands, L50|\n|teampreview|4\n|\n|t:|1681914077\n|start\n|switch|p1a: VGC's Mom|Indeedee-F, L50, F|100\/100\n|switch|p1b: Extremely normal|Armarouge, L50, M|100\/100\n|switch|p2a: Iron Bundle|Iron Bundle, L50|100\/100\n|switch|p2b: Baxcalibur|Baxcalibur, L50, F|100\/100\n|-fieldstart|move: Psychic Terrain|[from] ability: Psychic Surge|[of] p1a: VGC's Mom\n|-enditem|p1a: VGC's Mom|Psychic Seed\n|-boost|p1a: VGC's Mom|spd|1|[from] item: Psychic Seed\n|turn|1\n|\n|t:|1681914103\n|-terastallize|p2b: Baxcalibur|Water\n|move|p2a: Iron Bundle|Protect|p2a: Iron Bundle\n|-singleturn|p2a: Iron Bundle|Protect\n|move|p1a: VGC's Mom|Follow Me|p1a: VGC's Mom\n|-singleturn|p1a: VGC's Mom|move: Follow Me\n|move|p2b: Baxcalibur|Icicle Crash|p1a: VGC's Mom|[miss]\n|-miss|p2b: Baxcalibur|p1a: VGC's Mom\n|move|p1b: Extremely normal|Trick Room|p1b: Extremely normal\n|-fieldstart|move: Trick Room|[of] p1b: Extremely normal\n|\n|upkeep\n|turn|2\n|\n|t:|1681914142\n|move|p1a: VGC's Mom|Helping Hand|p1b: Extremely normal\n|-singleturn|p1b: Extremely normal|Helping Hand|[of] p1a: VGC's Mom\n|move|p1b: Extremely normal|Expanding Force|p2b: Baxcalibur|[spread] p2a,p2b\n|-damage|p2a: Iron Bundle|0 fnt\n|-damage|p2b: Baxcalibur|11\/100\n|faint|p2a: Iron Bundle\n|-end|p2a: Iron Bundle|Quark Drive|[silent]\n|move|p2b: Baxcalibur|Glaive Rush|p1a: VGC's Mom\n|-damage|p1a: VGC's Mom|2\/100\n|-singlemove|p2b: Baxcalibur|Glaive Rush|[silent]\n|\n|upkeep\n|\n|t:|1681914156\n|switch|p2a: Amoonguss|Amoonguss, L50, F|100\/100\n|turn|3\n|\n|t:|1681914165\n|move|p1a: VGC's Mom|Helping Hand|p1b: Extremely normal\n|-singleturn|p1b: Extremely normal|Helping Hand|[of] p1a: VGC's Mom\n|move|p2a: Amoonguss|Protect|p2a: Amoonguss\n|-singleturn|p2a: Amoonguss|Protect\n|move|p2b: Baxcalibur|Protect|p2b: Baxcalibur\n|-singleturn|p2b: Baxcalibur|Protect\n|move|p1b: Extremely normal|Expanding Force|p2b: Baxcalibur|[spread] \n|-activate|p2a: Amoonguss|move: Protect\n|-activate|p2b: Baxcalibur|move: Protect\n|\n|upkeep\n|turn|4\n|\n|t:|1681914179\n|move|p1a: VGC's Mom|Helping Hand|p1b: Extremely normal\n|-singleturn|p1b: Extremely normal|Helping Hand|[of] p1a: VGC's Mom\n|move|p2b: Baxcalibur|Ice Shard|p1a: VGC's Mom\n|-activate|p1a: VGC's Mom|move: Psychic Terrain\n|move|p2a: Amoonguss|Spore|p1b: Extremely normal\n|-activate|p1b: Extremely normal|item: Safety Goggles|Spore\n|move|p1b: Extremely normal|Expanding Force|p2b: Baxcalibur|[spread] p2a,p2b\n|-supereffective|p2a: Amoonguss\n|-crit|p2a: Amoonguss\n|-damage|p2a: Amoonguss|0 fnt\n|-damage|p2b: Baxcalibur|0 fnt\n|faint|p2a: Amoonguss\n|faint|p2b: Baxcalibur\n|\n|upkeep\n|\n|t:|1681914190\n|switch|p2b: Iron Hands|Iron Hands, L50|100\/100\n|turn|5\n|\n|t:|1681914197\n|move|p1a: VGC's Mom|Helping Hand|p1b: Extremely normal\n|-singleturn|p1b: Extremely normal|Helping Hand|[of] p1a: VGC's Mom\n|move|p2b: Iron Hands|Protect|p2b: Iron Hands\n|-singleturn|p2b: Iron Hands|Protect\n|move|p1b: Extremely normal|Expanding Force|p2b: Iron Hands\n|-activate|p2b: Iron Hands|move: Protect\n|\n|-fieldend|move: Trick Room\n|-fieldend|move: Psychic Terrain\n|upkeep\n|turn|6\n|-message|WumblesNSuch forfeited.\n|\n|win|The Googer\n|raw|The Googer's rating: 1364 → 1387<\/strong> (+23 for winning)\n|raw|WumblesNSuch's rating: 1416 → 1393<\/strong> (-23 for losing)\n|c|\u2606The Googer|Pranked\n","uploadtime":1681914208,"views":6,"p1id":"thegooger","p2id":"wumblesnsuch","formatid":"gen9vgc2023regulationc","rating":1387,"private":0,"password":""}