{"id":"gen9vgc2023regulationc-1845202296","p1":"Minimugs","p2":"Dinoxx1971","format":"[Gen 9] VGC 2023 Regulation C","log":"|j|\u2606Minimugs\n|j|\u2606Dinoxx1971\n|t:|1681695809\n|gametype|doubles\n|player|p1|Minimugs|steven|1053\n|player|p2|Dinoxx1971|gambler|1082\n|teamsize|p1|6\n|teamsize|p2|6\n|gen|9\n|tier|[Gen 9] VGC 2023 Regulation C\n|rated|\n|rule|Species Clause: Limit one of each Pok\u00e9mon\n|rule|Item Clause: Limit one of each item\n|clearpoke\n|poke|p1|Great Tusk, L50|\n|poke|p1|Torkoal, L50, F|\n|poke|p1|Armarouge, L50, F|\n|poke|p1|Indeedee-F, L50, F|\n|poke|p1|Amoonguss, L50, M|\n|poke|p1|Farigiraf, L50, M|\n|poke|p2|Brute Bonnet, L50|\n|poke|p2|Garganacl, L50, F|\n|poke|p2|Gholdengo, L50|\n|poke|p2|Sylveon, L50, M|\n|poke|p2|Ting-Lu, L50|\n|poke|p2|Grafaiai, L50, F|\n|teampreview|4\n|\n|t:|1681695852\n|start\n|switch|p1a: Indeedee|Indeedee-F, L50, F|100\/100\n|switch|p1b: Armarouge|Armarouge, L50, F|100\/100\n|switch|p2a: Grafaiai|Grafaiai, L50, F|100\/100\n|switch|p2b: Ting-Lu|Ting-Lu, L50|100\/100\n|-fieldstart|move: Psychic Terrain|[from] ability: Psychic Surge|[of] p1a: Indeedee\n|-enditem|p1a: Indeedee|Psychic Seed\n|-boost|p1a: Indeedee|spd|1|[from] item: Psychic Seed\n|-ability|p2b: Ting-Lu|Vessel of Ruin\n|turn|1\n|\n|t:|1681695893\n|move|p1a: Indeedee|Follow Me|p1a: Indeedee\n|-singleturn|p1a: Indeedee|move: Follow Me\n|move|p2a: Grafaiai|Knock Off|p1a: Indeedee\n|-supereffective|p1a: Indeedee\n|-damage|p1a: Indeedee|52\/100\n|move|p2b: Ting-Lu|Stomping Tantrum|p1a: Indeedee\n|-damage|p1a: Indeedee|0 fnt\n|faint|p1a: Indeedee\n|-damage|p2b: Ting-Lu|90\/100|[from] item: Life Orb\n|move|p1b: Armarouge|Trick Room|p1b: Armarouge\n|-fieldstart|move: Trick Room|[of] p1b: Armarouge\n|\n|upkeep\n|\n|t:|1681695904\n|switch|p1a: Torkoal|Torkoal, L50, F|100\/100\n|-weather|SunnyDay|[from] ability: Drought|[of] p1a: Torkoal\n|turn|2\n|\n|t:|1681695919\n|switch|p1b: Great Tusk|Great Tusk, L50|100\/100\n|-activate|p1b: Great Tusk|ability: Protosynthesis\n|-start|p1b: Great Tusk|protosynthesisatk\n|move|p1a: Torkoal|Eruption|p2b: Ting-Lu|[spread] p2a,p2b\n|-damage|p2a: Grafaiai|18\/100\n|-damage|p2b: Ting-Lu|43\/100\n|move|p2b: Ting-Lu|Stomping Tantrum|p1a: Torkoal\n|-supereffective|p1a: Torkoal\n|-damage|p1a: Torkoal|24\/100\n|-damage|p2b: Ting-Lu|33\/100|[from] item: Life Orb\n|move|p2a: Grafaiai|Knock Off|p1b: Great Tusk\n|-resisted|p1b: Great Tusk\n|-damage|p1b: Great Tusk|91\/100\n|-enditem|p1b: Great Tusk|Leftovers|[from] move: Knock Off|[of] p2a: Grafaiai\n|\n|-weather|SunnyDay|[upkeep]\n|upkeep\n|turn|3\n|\n|t:|1681695951\n|move|p1a: Torkoal|Eruption|p2a: Grafaiai|[spread] p2a,p2b\n|-damage|p2a: Grafaiai|0 fnt\n|-damage|p2b: Ting-Lu|20\/100\n|faint|p2a: Grafaiai\n|move|p2b: Ting-Lu|Stomping Tantrum|p1b: Great Tusk\n|-damage|p1b: Great Tusk|60\/100\n|-damage|p2b: Ting-Lu|10\/100|[from] item: Life Orb\n|move|p1b: Great Tusk|Close Combat|p2b: Ting-Lu\n|-supereffective|p2b: Ting-Lu\n|-damage|p2b: Ting-Lu|0 fnt\n|-unboost|p1b: Great Tusk|def|1\n|-unboost|p1b: Great Tusk|spd|1\n|faint|p2b: Ting-Lu\n|\n|-weather|SunnyDay|[upkeep]\n|upkeep\n|\n|t:|1681695965\n|switch|p2b: Gholdengo|Gholdengo, L50|100\/100\n|switch|p2a: Garganacl|Garganacl, L50, F|100\/100\n|turn|4\n|\n|t:|1681695984\n|switch|p1a: Armarouge|Armarouge, L50, F|100\/100\n|-terastallize|p2b: Gholdengo|Water\n|move|p2a: Garganacl|Salt Cure|p1a: Armarouge\n|-supereffective|p1a: Armarouge\n|-damage|p1a: Armarouge|76\/100\n|-start|p1a: Armarouge|Salt Cure\n|move|p1b: Great Tusk|Close Combat|p2a: Garganacl\n|-supereffective|p2a: Garganacl\n|-damage|p2a: Garganacl|0 fnt\n|-unboost|p1b: Great Tusk|def|1\n|-unboost|p1b: Great Tusk|spd|1\n|faint|p2a: Garganacl\n|move|p2b: Gholdengo|Tera Blast|p1b: Great Tusk\n|-supereffective|p1b: Great Tusk\n|-damage|p1b: Great Tusk|0 fnt\n|faint|p1b: Great Tusk\n|-end|p1b: Great Tusk|Protosynthesis|[silent]\n|\n|-weather|SunnyDay|[upkeep]\n|-damage|p1a: Armarouge|64\/100|[from] Salt Cure\n|upkeep\n|\n|t:|1681696001\n|switch|p1b: Torkoal|Torkoal, L50, F|24\/100\n|turn|5\n|\n|t:|1681696012\n|-terastallize|p1a: Armarouge|Psychic\n|move|p1b: Torkoal|Clear Smog|p2b: Gholdengo\n|-damage|p2b: Gholdengo|79\/100\n|-clearboost|p2b: Gholdengo\n|move|p1a: Armarouge|Expanding Force|p2b: Gholdengo\n|-damage|p2b: Gholdengo|0 fnt\n|faint|p2b: Gholdengo\n|-damage|p1a: Armarouge|54\/100|[from] item: Life Orb\n|\n|win|Minimugs\n|raw|Minimugs's rating: 1053 → 1088<\/strong> (+35 for winning)\n|raw|Dinoxx1971's rating: 1082 → 1058<\/strong> (-24 for losing)\n|l|\u2606Dinoxx1971\n","uploadtime":1681696026,"views":64,"p1id":"minimugs","p2id":"dinoxx1971","formatid":"gen9vgc2023regulationc","rating":1058,"private":0,"password":""}