{"id":"gen9vgc2023regulationc-1854538303","p1":"TouyaBlk","p2":"celso94","format":"[Gen 9] VGC 2023 Regulation C","log":"|j|\u2606TouyaBlk\n|j|\u2606celso94\n|t:|1682823995\n|gametype|doubles\n|player|p1|TouyaBlk|169|\n|player|p2|celso94|102|\n|teamsize|p1|6\n|teamsize|p2|6\n|gen|9\n|tier|[Gen 9] VGC 2023 Regulation C\n|rule|Species Clause: Limit one of each Pok\u00e9mon\n|rule|Item Clause: Limit one of each item\n|clearpoke\n|poke|p1|Tyranitar, L50, M|\n|poke|p1|Lycanroc, L50, F|\n|poke|p1|Iron Hands, L50|\n|poke|p1|Sylveon, L50, M|\n|poke|p1|Murkrow, L50, F|\n|poke|p1|Chien-Pao, L50|\n|poke|p2|Chi-Yu, L50|\n|poke|p2|Lilligant, L50, F|\n|poke|p2|Torkoal, L50, F|\n|poke|p2|Flutter Mane, L50|\n|poke|p2|Kingambit, L50, F|\n|poke|p2|Great Tusk, L50|\n|teampreview|4\ncelso94 has agreed to open team sheets.\n|c|\u2606TouyaBlk|g2\nTouyaBlk has agreed to open team sheets.\n|\n|t:|1682824352\n|start\n|switch|p1a: Tyranitar|Tyranitar, L50, M|100\/100\n|switch|p1b: Lycanroc|Lycanroc, L50, F|100\/100\n|switch|p2a: Lilligant|Lilligant, L50, F, shiny|100\/100\n|switch|p2b: Torkoal|Torkoal, L50, F, shiny|100\/100\n|-weather|Sandstorm|[from] ability: Sand Stream|[of] p1a: Tyranitar\n|-weather|SunnyDay|[from] ability: Drought|[of] p2b: Torkoal\n|turn|1\n|\n|t:|1682824390\n|-terastallize|p1a: Tyranitar|Flying\n|move|p1b: Lycanroc|Protect|p1b: Lycanroc\n|-singleturn|p1b: Lycanroc|Protect\n|move|p2a: Lilligant|Sleep Powder|p1a: Tyranitar\n|-status|p1a: Tyranitar|slp|[from] move: Sleep Powder\n|cant|p1a: Tyranitar|slp\n|move|p2b: Torkoal|Eruption|p1a: Tyranitar|[spread] p1a\n|-activate|p1b: Lycanroc|move: Protect\n|-damage|p1a: Tyranitar|5\/100 slp\n|\n|-weather|SunnyDay|[upkeep]\n|upkeep\n|turn|2\n|\n|t:|1682824410\n|move|p2b: Torkoal|Protect|p2b: Torkoal\n|-singleturn|p2b: Torkoal|Protect\n|move|p2a: Lilligant|Sleep Powder|p1b: Lycanroc\n|-status|p1b: Lycanroc|slp|[from] move: Sleep Powder\n|cant|p1b: Lycanroc|slp\n|cant|p1a: Tyranitar|slp\n|\n|-weather|SunnyDay|[upkeep]\n|upkeep\n|turn|3\n|\n|t:|1682824422\n|move|p2a: Lilligant|Leaf Storm|p1b: Lycanroc\n|-supereffective|p1b: Lycanroc\n|-enditem|p1b: Lycanroc|Focus Sash\n|-damage|p1b: Lycanroc|1\/100 slp\n|-unboost|p2a: Lilligant|spa|2\n|cant|p1b: Lycanroc|slp\n|-curestatus|p1a: Tyranitar|slp|[msg]\n|move|p1a: Tyranitar|Rock Slide|p2b: Torkoal|[spread] p2a,p2b\n|-supereffective|p2b: Torkoal\n|-damage|p2a: Lilligant|55\/100\n|-damage|p2b: Torkoal|55\/100\n|move|p2b: Torkoal|Eruption|p1b: Lycanroc|[spread] p1a,p1b\n|-resisted|p1b: Lycanroc\n|-damage|p1a: Tyranitar|0 fnt\n|-damage|p1b: Lycanroc|0 fnt\n|faint|p1a: Tyranitar\n|faint|p1b: Lycanroc\n|\n|-weather|SunnyDay|[upkeep]\n|upkeep\n|\n|t:|1682824440\n|switch|p1b: Sylveon|Sylveon, L50, M|100\/100\n|switch|p1a: Iron Hands|Iron Hands, L50|100\/100\n|turn|4\n|\n|t:|1682824462\n|-terastallize|p2a: Lilligant|Ghost\n|move|p2b: Torkoal|Protect|p2b: Torkoal\n|-singleturn|p2b: Torkoal|Protect\n|move|p1a: Iron Hands|Fake Out|p2a: Lilligant\n|-immune|p2a: Lilligant\n|move|p2a: Lilligant|Sleep Powder|p1a: Iron Hands\n|-status|p1a: Iron Hands|slp|[from] move: Sleep Powder\n|move|p1b: Sylveon|Hyper Voice|p2a: Lilligant|[spread] p2a\n|-activate|p2b: Torkoal|move: Protect\n|-damage|p2a: Lilligant|0 fnt\n|faint|p2a: Lilligant\n|-enditem|p1b: Sylveon|Throat Spray\n|-boost|p1b: Sylveon|spa|1|[from] item: Throat Spray\n|\n|-weather|SunnyDay|[upkeep]\n|upkeep\n|\n|t:|1682824491\n|switch|p2a: Great Tusk|Great Tusk, L50, shiny|100\/100\n|-activate|p2a: Great Tusk|ability: Protosynthesis\n|-start|p2a: Great Tusk|protosynthesisatk\n|turn|5\n|\n|t:|1682824515\n|move|p2a: Great Tusk|Headlong Rush|p1b: Sylveon\n|-damage|p1b: Sylveon|0 fnt\n|-unboost|p2a: Great Tusk|def|1\n|-unboost|p2a: Great Tusk|spd|1\n|faint|p1b: Sylveon\n|cant|p1a: Iron Hands|slp\n|move|p2b: Torkoal|Earth Power|p1a: Iron Hands\n|-supereffective|p1a: Iron Hands\n|-damage|p1a: Iron Hands|68\/100 slp\n|\n|-weather|none\n|-end|p2a: Great Tusk|Protosynthesis\n|upkeep\n|-enditem|p2a: Great Tusk|Booster Energy\n|-activate|p2a: Great Tusk|ability: Protosynthesis|[fromitem]\n|-start|p2a: Great Tusk|protosynthesisatk\n|turn|6\n|\n|t:|1682824536\n|move|p2a: Great Tusk|Headlong Rush|p1a: Iron Hands\n|-supereffective|p1a: Iron Hands\n|-damage|p1a: Iron Hands|0 fnt\n|-unboost|p2a: Great Tusk|def|1\n|-unboost|p2a: Great Tusk|spd|1\n|faint|p1a: Iron Hands\n|-end|p1a: Iron Hands|Quark Drive|[silent]\n|\n|win|celso94\n","uploadtime":1682824544,"views":16,"p1id":"touyablk","p2id":"celso94","formatid":"gen9vgc2023regulationc","rating":0,"private":0,"password":""}