{"id":"gen9vgc2023regulationc-1851970383","p1":"ZomPino","p2":"RADIO4CTIVE","format":"[Gen 9] VGC 2023 Regulation C","log":"|j|\u2606ZomPino\n|j|\u203dRADIO4CTIVE\n|t:|1682512408\n|gametype|doubles\n|player|p1|ZomPino|1|1242\n|player|p2|RADIO4CTIVE|depotagent|1263\n|teamsize|p1|6\n|teamsize|p2|6\n|gen|9\n|tier|[Gen 9] VGC 2023 Regulation C\n|rated|\n|rule|Species Clause: Limit one of each Pok\u00e9mon\n|rule|Item Clause: Limit one of each item\n|clearpoke\n|poke|p1|Palafin, L50, M|\n|poke|p1|Chien-Pao, L50|\n|poke|p1|Dragapult, L50, F|\n|poke|p1|Amoonguss, L50, M|\n|poke|p1|Arcanine, L50, F|\n|poke|p1|Flutter Mane, L50|\n|poke|p2|Flutter Mane, L50|\n|poke|p2|Arcanine, L50, F|\n|poke|p2|Amoonguss, L50, M|\n|poke|p2|Palafin, L50, F|\n|poke|p2|Chien-Pao, L50|\n|poke|p2|Dragapult, L50, M|\n|teampreview|4\nZomPino has agreed to open team sheets.\n|inactive|Battle timer is ON: inactive players will automatically lose when time's up. (requested by ZomPino)\nRADIO4CTIVE has agreed to open team sheets.\n|inactive|ZomPino has 60 seconds left.\n|inactive|RADIO4CTIVE has 60 seconds left.\n|\n|t:|1682512449\n|start\n|switch|p1a: Doggo|Arcanine, L50, F|100\/100\n|switch|p1b: Mirtilla|Flutter Mane, L50|100\/100\n|switch|p2a: Amoonguss|Amoonguss, L50, M|100\/100\n|switch|p2b: Palafin|Palafin, L50, F|100\/100\n|-ability|p1a: Doggo|Intimidate|boost\n|-unboost|p2a: Amoonguss|atk|1\n|-unboost|p2b: Palafin|atk|1\n|-enditem|p1b: Mirtilla|Booster Energy\n|-activate|p1b: Mirtilla|ability: Protosynthesis|[fromitem]\n|-start|p1b: Mirtilla|protosynthesisspa\n|turn|1\n|\n|t:|1682512472\n|detailschange|p2b: Palafin|Palafin-Hero, L50, F\n|switch|p2b: Chien-Pao|Chien-Pao, L50|100\/100\n|-ability|p2b: Chien-Pao|Sword of Ruin\n|move|p1b: Mirtilla|Protect|p1b: Mirtilla\n|-singleturn|p1b: Mirtilla|Protect\n|move|p1a: Doggo|Will-O-Wisp|p2b: Chien-Pao|[miss]\n|-miss|p1a: Doggo|p2b: Chien-Pao\n|move|p2a: Amoonguss|Spore|p1b: Mirtilla\n|-activate|p1b: Mirtilla|move: Protect\n|\n|upkeep\n|turn|2\n|inactive|ZomPino has 30 seconds left.\n|\n|t:|1682512506\n|move|p2b: Chien-Pao|Sucker Punch|p1b: Mirtilla\n|-damage|p1b: Mirtilla|38\/100\n|move|p1b: Mirtilla|Dazzling Gleam|p2a: Amoonguss|[spread] p2a,p2b\n|-resisted|p2a: Amoonguss\n|-supereffective|p2b: Chien-Pao\n|-damage|p2a: Amoonguss|85\/100\n|-enditem|p2b: Chien-Pao|Focus Sash\n|-damage|p2b: Chien-Pao|1\/100\n|move|p1a: Doggo|Flare Blitz|p2a: Amoonguss\n|-supereffective|p2a: Amoonguss\n|-damage|p2a: Amoonguss|0 fnt\n|faint|p2a: Amoonguss\n|-damage|p1a: Doggo|69\/100|[from] Recoil\n|\n|upkeep\n|\n|t:|1682512518\n|switch|p2a: Palafin|Palafin-Hero, L50, F|100\/100\n|-activate|p2a: Palafin|ability: Zero to Hero\n|turn|3\n|\n|t:|1682512524\n|-terastallize|p2a: Palafin|Water\n|move|p1b: Mirtilla|Protect|p1b: Mirtilla\n|-singleturn|p1b: Mirtilla|Protect\n|move|p1a: Doggo|Protect|p1a: Doggo\n|-singleturn|p1a: Doggo|Protect\n|move|p2b: Chien-Pao|Sucker Punch||[still]\n|-fail|p2b: Chien-Pao\n|move|p2a: Palafin|Jet Punch|p1a: Doggo\n|-activate|p1a: Doggo|move: Protect\n|\n|upkeep\n|turn|4\n|inactive|RADIO4CTIVE has 30 seconds left.\n|inactive|RADIO4CTIVE has 20 seconds left.\n|\n|t:|1682512565\n|switch|p1a: Mazinga|Dragapult, L50, F|100\/100\n|move|p2b: Chien-Pao|Sucker Punch|p1b: Mirtilla\n|-damage|p1b: Mirtilla|0 fnt\n|faint|p1b: Mirtilla\n|-end|p1b: Mirtilla|Protosynthesis|[silent]\n|move|p2a: Palafin|Jet Punch|p1a: Mazinga\n|-resisted|p1a: Mazinga\n|-damage|p1a: Mazinga|42\/100\n|\n|upkeep\n|\n|t:|1682512576\n|switch|p1b: Doggo|Arcanine, L50, F|69\/100\n|-ability|p1b: Doggo|Intimidate|boost\n|-unboost|p2a: Palafin|atk|1\n|-unboost|p2b: Chien-Pao|atk|1\n|turn|5\n|\n|t:|1682512594\n|switch|p2a: Flutter Mane|Flutter Mane, L50|100\/100\n|-enditem|p2a: Flutter Mane|Booster Energy\n|-activate|p2a: Flutter Mane|ability: Protosynthesis|[fromitem]\n|-start|p2a: Flutter Mane|protosynthesisspa\n|move|p1b: Doggo|Extreme Speed|p2b: Chien-Pao\n|-damage|p2b: Chien-Pao|0 fnt\n|faint|p2b: Chien-Pao\n|move|p1a: Mazinga|Dragon Darts|p2a: Flutter Mane\n|-immune|p2a: Flutter Mane\n|\n|upkeep\n|\n|t:|1682512601\n|switch|p2b: Palafin|Palafin-Hero, L50, F, tera:Water|100\/100\n|turn|6\n|\n|t:|1682512612\n|switch|p1a: Diego|Chien-Pao, L50|100\/100\n|-ability|p1a: Diego|Sword of Ruin\n|move|p2a: Flutter Mane|Protect|p2a: Flutter Mane\n|-singleturn|p2a: Flutter Mane|Protect\n|move|p1b: Doggo|Protect|p1b: Doggo\n|-singleturn|p1b: Doggo|Protect\n|move|p2b: Palafin|Jet Punch|p1a: Diego\n|-damage|p1a: Diego|7\/100\n|\n|upkeep\n|turn|7\n|inactive|ZomPino has 30 seconds left.\n|inactive|ZomPino has 20 seconds left.\n|\n|t:|1682512649\n|move|p1a: Diego|Sucker Punch|p2a: Flutter Mane\n|-damage|p2a: Flutter Mane|14\/100\n|move|p2b: Palafin|Jet Punch|p1b: Doggo\n|-supereffective|p1b: Doggo\n|-damage|p1b: Doggo|0 fnt\n|faint|p1b: Doggo\n|move|p2a: Flutter Mane|Dazzling Gleam|p1a: Diego\n|-supereffective|p1a: Diego\n|-damage|p1a: Diego|0 fnt\n|faint|p1a: Diego\n|\n|upkeep\n|\n|t:|1682512662\n|switch|p1b: Mazinga|Dragapult, L50, F|42\/100\n|turn|8\n|-message|ZomPino forfeited.\n|\n|win|RADIO4CTIVE\n|raw|ZomPino's rating: 1242 → 1219<\/strong> (-23 for losing)\n|raw|RADIO4CTIVE's rating: 1263 → 1286<\/strong> (+23 for winning)\n|l|\u2606ZomPino\n","uploadtime":1682512672,"views":11,"p1id":"zompino","p2id":"radio4ctive","formatid":"gen9vgc2023regulationc","rating":1219,"private":0,"password":""}