{"id":"gen9vgc2023regulationc-1850772122","p1":"ryanogiggs11","p2":"Gemstone Bandits","format":"[Gen 9] VGC 2023 Regulation C","log":"|j|\u2606ryanogiggs11\n|j|\u2606Gemstone Bandits\n|t:|1682366410\n|gametype|doubles\n|player|p1|ryanogiggs11|dawn|\n|player|p2|Gemstone Bandits|shadowtriad|\n|teamsize|p1|6\n|teamsize|p2|6\n|gen|9\n|tier|[Gen 9] VGC 2023 Regulation C\n|rule|Species Clause: Limit one of each Pok\u00e9mon\n|rule|Item Clause: Limit one of each item\n|clearpoke\n|poke|p1|Annihilape, L50, M|\n|poke|p1|Vivillon-Icy Snow, L50, F|\n|poke|p1|Dondozo, L50, F|\n|poke|p1|Tatsugiri, L50, M|\n|poke|p1|Flamigo, L50, M|\n|poke|p1|Weavile, L50, F|\n|poke|p2|Tyranitar, L50, F|\n|poke|p2|Garchomp, L50, M|\n|poke|p2|Gengar, L50, M|\n|poke|p2|Sandy Shocks, L50|\n|poke|p2|Orthworm, L50, F|\n|poke|p2|Jumpluff, L50, M|\n|teampreview|4\n|c|\u2606ryanogiggs11|G1\n|c|\u2606Gemstone Bandits|gl hf lets open all 3 games\n|c|\u2606ryanogiggs11|GLHF\n|c|\u2606ryanogiggs11|Yeah\n|inactive|Battle timer is ON: inactive players will automatically lose when time's up. (requested by Gemstone Bandits)\n|\n|t:|1682366475\n|start\n|switch|p1a: Annihilape|Annihilape, L50, M|100\/100\n|switch|p1b: Weavile|Weavile, L50, F|100\/100\n|switch|p2a: Sandy Shocks|Sandy Shocks, L50|100\/100\n|switch|p2b: Tyranitar|Tyranitar, L50, F|100\/100\n|-weather|Sandstorm|[from] ability: Sand Stream|[of] p2b: Tyranitar\n|turn|1\n|inactive|ryanogiggs11 has 30 seconds left.\n|inactive|Gemstone Bandits has 30 seconds left.\n|inactive|ryanogiggs11 has 20 seconds left.\n|\n|t:|1682366514\n|-terastallize|p2a: Sandy Shocks|Electric\n|-terastallize|p1a: Annihilape|Fairy\n|move|p1b: Weavile|Beat Up|p1a: Annihilape\n|-resisted|p1a: Annihilape\n|-damage|p1a: Annihilape|97\/100\n|-resisted|p1a: Annihilape\n|-crit|p1a: Annihilape\n|-damage|p1a: Annihilape|92\/100\n|-resisted|p1a: Annihilape\n|-damage|p1a: Annihilape|88\/100\n|-resisted|p1a: Annihilape\n|-damage|p1a: Annihilape|86\/100\n|-hitcount|p1a: Annihilape|4\n|move|p2a: Sandy Shocks|Discharge|p1a: Annihilape|[spread] p2b,p1a,p1b\n|-damage|p2b: Tyranitar|64\/100\n|-damage|p1a: Annihilape|33\/100\n|-damage|p1b: Weavile|25\/100\n|-status|p1a: Annihilape|par\n|-status|p1b: Weavile|par\n|move|p2b: Tyranitar|Crunch|p1a: Annihilape\n|-resisted|p1a: Annihilape\n|-damage|p1a: Annihilape|8\/100 par\n|-unboost|p1a: Annihilape|def|1\n|-ability|p1a: Annihilape|Defiant|boost\n|-boost|p1a: Annihilape|atk|2\n|-damage|p2b: Tyranitar|54\/100|[from] item: Life Orb\n|move|p1a: Annihilape|Rage Fist|p2a: Sandy Shocks\n|-damage|p2a: Sandy Shocks|0 fnt\n|faint|p2a: Sandy Shocks\n|-end|p2a: Sandy Shocks|Protosynthesis|[silent]\n|\n|-weather|Sandstorm|[upkeep]\n|-damage|p1b: Weavile|19\/100 par|[from] Sandstorm\n|-damage|p1a: Annihilape|2\/100 par|[from] Sandstorm\n|upkeep\n|c|\u2606Gemstone Bandits|uff\n|inactive|Gemstone Bandits has 30 seconds left.\n|c|\u2606ryanogiggs11|Some turn 1 hahaha\n|\n|t:|1682366548\n|switch|p2a: Garchomp|Garchomp, L50, M|100\/100\n|turn|2\n|\n|t:|1682366558\n|move|p2b: Tyranitar|Protect|p2b: Tyranitar\n|-singleturn|p2b: Tyranitar|Protect\n|move|p2a: Garchomp|Earthquake|p1b: Weavile|[spread] p1a,p1b\n|-activate|p2b: Tyranitar|move: Protect\n|-crit|p1a: Annihilape\n|-damage|p1a: Annihilape|0 fnt\n|-damage|p1b: Weavile|0 fnt\n|faint|p1a: Annihilape\n|faint|p1b: Weavile\n|\n|-weather|Sandstorm|[upkeep]\n|upkeep\n|\n|t:|1682366566\n|switch|p1b: Tatsugiri|Tatsugiri, L50, M|100\/100\n|switch|p1a: Dondozo|Dondozo, L50, F|100\/100\n|-activate|p1b: Tatsugiri|ability: Commander|[of] p1a: Dondozo\n|-boost|p1a: Dondozo|atk|2\n|-boost|p1a: Dondozo|spa|2\n|-boost|p1a: Dondozo|spe|2\n|-boost|p1a: Dondozo|def|2\n|-boost|p1a: Dondozo|spd|2\n|turn|3\n|inactive|ryanogiggs11 has 30 seconds left.\n|inactive|Gemstone Bandits has 30 seconds left.\n|inactive|ryanogiggs11 has 20 seconds left.\n|inactive|Gemstone Bandits has 20 seconds left.\n|\n|t:|1682366605\n|move|p2a: Garchomp|Earthquake|p1a: Dondozo|[spread] p2b,p1a\n|-miss|p2a: Garchomp|p1b: Tatsugiri\n|-supereffective|p2b: Tyranitar\n|-damage|p2b: Tyranitar|1\/100\n|-damage|p1a: Dondozo|90\/100\n|move|p1a: Dondozo|Order Up|p2a: Garchomp\n|-supereffective|p2a: Garchomp\n|-damage|p2a: Garchomp|18\/100\n|-boost|p1a: Dondozo|atk|1\n|move|p2b: Tyranitar|Thunder Wave|p1a: Dondozo\n|-status|p1a: Dondozo|par\n|\n|-weather|Sandstorm|[upkeep]\n|-damage|p1b: Tatsugiri|95\/100|[from] Sandstorm\n|-damage|p1a: Dondozo|84\/100 par|[from] Sandstorm\n|-heal|p1a: Dondozo|90\/100 par|[from] item: Leftovers\n|upkeep\n|turn|4\n|inactive|Gemstone Bandits has 30 seconds left.\n|inactive|Gemstone Bandits has 20 seconds left.\n|\n|t:|1682366642\n|move|p2a: Garchomp|Protect|p2a: Garchomp\n|-singleturn|p2a: Garchomp|Protect\n|move|p2b: Tyranitar|Crunch|p1a: Dondozo\n|-damage|p1a: Dondozo|67\/100 par\n|-damage|p2b: Tyranitar|0 fnt|[from] item: Life Orb\n|faint|p2b: Tyranitar\n|cant|p1a: Dondozo|par\n|\n|-weather|Sandstorm|[upkeep]\n|-damage|p1b: Tatsugiri|89\/100|[from] Sandstorm\n|-damage|p1a: Dondozo|61\/100 par|[from] Sandstorm\n|-heal|p1a: Dondozo|67\/100 par|[from] item: Leftovers\n|upkeep\n|\n|t:|1682366649\n|switch|p2b: Gengar|Gengar, L50, M|100\/100\n|turn|5\n|\n|t:|1682366675\n|move|p2b: Gengar|Trick|p1a: Dondozo\n|-activate|p2b: Gengar|move: Trick|[of] p1a: Dondozo\n|-item|p1a: Dondozo|Choice Scarf|[from] move: Trick\n|-item|p2b: Gengar|Leftovers|[from] move: Trick\n|move|p2a: Garchomp|Outrage|p1b: Tatsugiri|[miss]\n|-miss|p2a: Garchomp|p1b: Tatsugiri\n|move|p1a: Dondozo|Order Up|p2b: Gengar\n|-damage|p2b: Gengar|0 fnt\n|-start|p1a: Dondozo|Disable|Order Up|[from] ability: Cursed Body|[of] p2b: Gengar\n|faint|p2b: Gengar\n|-boost|p1a: Dondozo|atk|1\n|\n|-weather|none\n|upkeep\n|turn|6\n|\n|t:|1682366688\n|move|p2a: Garchomp|Outrage|p1a: Dondozo\n|-crit|p1a: Dondozo\n|-damage|p1a: Dondozo|10\/100 par\n|-activate|p1a: Dondozo|move: Struggle\n|move|p1a: Dondozo|Struggle|p2a: Garchomp\n|-damage|p2a: Garchomp|0 fnt\n|faint|p2a: Garchomp\n|-damage|p1a: Dondozo|0 fnt|[from] recoil\n|faint|p1a: Dondozo\n|\n|win|ryanogiggs11\n|c|\u2606ryanogiggs11|gg man\n|c|\u2606Gemstone Bandits|gg\n|c|\u2606Gemstone Bandits|damn\n|l|\u2606Gemstone Bandits\n","uploadtime":1682367441,"views":72,"p1id":"ryanogiggs11","p2id":"gemstonebandits","formatid":"gen9vgc2023regulationc","rating":0,"private":0,"password":""}