{"id":"gen9vgc2023regulationc-1846915964","p1":"klatuu","p2":"pieno vivace","format":"[Gen 9] VGC 2023 Regulation C","log":"|j|\u2606klatuu\n|j|\u2606pieno vivace\n|t:|1681900459\n|gametype|doubles\n|player|p1|klatuu|roark|1499\n|player|p2|pieno vivace|102|1476\n|teamsize|p1|6\n|teamsize|p2|6\n|gen|9\n|tier|[Gen 9] VGC 2023 Regulation C\n|rated|\n|rule|Species Clause: Limit one of each Pok\u00e9mon\n|rule|Item Clause: Limit one of each item\n|clearpoke\n|poke|p1|Klefki, L50, F|\n|poke|p1|Iron Bundle, L50|\n|poke|p1|Talonflame, L50, F|\n|poke|p1|Kingambit, L50, F|\n|poke|p1|Flutter Mane, L50|\n|poke|p1|Garchomp, L50, M|\n|poke|p2|Orthworm, L50, F|\n|poke|p2|Dragonite, L50, F|\n|poke|p2|Ting-Lu, L50|\n|poke|p2|Gyarados, L50, M|\n|poke|p2|Flutter Mane, L50|\n|poke|p2|Chien-Pao, L50|\n|teampreview|4\n|\n|t:|1681900490\n|start\n|switch|p1a: Talonflame|Talonflame, L50, F|100\/100\n|switch|p1b: Kingambit|Kingambit, L50, F|100\/100\n|switch|p2a: Orthworm|Orthworm, L50, F|100\/100\n|switch|p2b: Gyarados|Gyarados, L50, M|100\/100\n|-ability|p2b: Gyarados|Intimidate|boost\n|-unboost|p1a: Talonflame|atk|1\n|-unboost|p1b: Kingambit|atk|1\n|-ability|p1b: Kingambit|Defiant|boost\n|-boost|p1b: Kingambit|atk|2\n|turn|1\n|\n|t:|1681900506\n|-terastallize|p1b: Kingambit|Water\n|move|p1a: Talonflame|Taunt|p2a: Orthworm\n|-start|p2a: Orthworm|move: Taunt\n|move|p2b: Gyarados|Thunder Wave|p1b: Kingambit\n|-status|p1b: Kingambit|par\n|cant|p2a: Orthworm|move: Taunt|Shed Tail\n|cant|p1b: Kingambit|par\n|\n|upkeep\n|turn|2\n|\n|t:|1681900530\n|move|p1a: Talonflame|Will-O-Wisp|p2b: Gyarados\n|-status|p2b: Gyarados|brn\n|move|p2b: Gyarados|Waterfall|p1a: Talonflame\n|-supereffective|p1a: Talonflame\n|-damage|p1a: Talonflame|54\/100\n|move|p2a: Orthworm|Body Press|p1b: Kingambit\n|-damage|p1b: Kingambit|80\/100 par\n|move|p1b: Kingambit|Swords Dance|p1b: Kingambit\n|-boost|p1b: Kingambit|atk|2\n|\n|-heal|p1b: Kingambit|87\/100 par|[from] item: Leftovers\n|-damage|p2b: Gyarados|94\/100 brn|[from] brn\n|upkeep\n|turn|3\n|\n|t:|1681900553\n|move|p1b: Kingambit|Sucker Punch|p2b: Gyarados\n|-damage|p2b: Gyarados|0 fnt\n|faint|p2b: Gyarados\n|move|p1a: Talonflame|Will-O-Wisp|p2a: Orthworm\n|-status|p2a: Orthworm|brn\n|move|p2a: Orthworm|Body Press|p1b: Kingambit\n|-damage|p1b: Kingambit|76\/100 par\n|\n|-heal|p1b: Kingambit|82\/100 par|[from] item: Leftovers\n|-damage|p2a: Orthworm|95\/100 brn|[from] brn\n|-end|p2a: Orthworm|move: Taunt\n|upkeep\n|\n|t:|1681900563\n|switch|p2b: Dragonite|Dragonite, L50, F|100\/100\n|turn|4\n|\n|t:|1681900573\n|move|p2b: Dragonite|Extreme Speed|p1a: Talonflame\n|-damage|p1a: Talonflame|19\/100\n|move|p1a: Talonflame|Taunt|p2a: Orthworm\n|-start|p2a: Orthworm|move: Taunt\n|cant|p2a: Orthworm|move: Taunt|Shed Tail\n|move|p1b: Kingambit|Iron Head|p2a: Orthworm\n|-resisted|p2a: Orthworm\n|-damage|p2a: Orthworm|55\/100 brn\n|\n|-heal|p1b: Kingambit|88\/100 par|[from] item: Leftovers\n|-damage|p2a: Orthworm|49\/100 brn|[from] brn\n|upkeep\n|-enditem|p2a: Orthworm|Sitrus Berry|[eat]\n|-heal|p2a: Orthworm|74\/100 brn|[from] item: Sitrus Berry\n|turn|5\n|\n|t:|1681900590\n|switch|p1a: Flutter Mane|Flutter Mane, L50|100\/100\n|switch|p2a: Ting-Lu|Ting-Lu, L50|100\/100\n|-ability|p2a: Ting-Lu|Vessel of Ruin\n|move|p2b: Dragonite|Extreme Speed|p1a: Flutter Mane\n|-immune|p1a: Flutter Mane\n|cant|p1b: Kingambit|par\n|\n|-heal|p1b: Kingambit|94\/100 par|[from] item: Leftovers\n|upkeep\n|turn|6\n|\n|t:|1681900606\n|switch|p2b: Orthworm|Orthworm, L50, F|74\/100 brn\n|-terastallize|p2a: Ting-Lu|Water\n|move|p1a: Flutter Mane|Protect|p1a: Flutter Mane\n|-singleturn|p1a: Flutter Mane|Protect\n|move|p2a: Ting-Lu|Earthquake|p1b: Kingambit|[spread] p1b\n|-activate|p1a: Flutter Mane|move: Protect\n|-heal|p2b: Orthworm|99\/100 brn|[from] ability: Earth Eater|[of] p2a: Ting-Lu\n|-damage|p1b: Kingambit|61\/100 par\n|cant|p1b: Kingambit|par\n|\n|-heal|p1b: Kingambit|67\/100 par|[from] item: Leftovers\n|-damage|p2b: Orthworm|94\/100 brn|[from] brn\n|upkeep\n|turn|7\n|\n|t:|1681900625\n|move|p1b: Kingambit|Sucker Punch|p2a: Ting-Lu\n|-damage|p2a: Ting-Lu|36\/100\n|move|p1a: Flutter Mane|Moonblast|p2a: Ting-Lu\n|-damage|p2a: Ting-Lu|7\/100\n|move|p2a: Ting-Lu|Earthquake|p1a: Flutter Mane|[spread] p1a,p1b\n|-heal|p2b: Orthworm|100\/100 brn|[from] ability: Earth Eater|[of] p2a: Ting-Lu\n|-damage|p1a: Flutter Mane|29\/100\n|-damage|p1b: Kingambit|32\/100 par\n|move|p2b: Orthworm|Shed Tail|p2b: Orthworm\n|-start|p2b: Orthworm|Substitute|[from] move: Shed Tail\n|-damage|p2b: Orthworm|50\/100 brn\n|\n|t:|1681900633\n|switch|p2b: Dragonite|Dragonite, L50, F|100\/100|[from] Shed Tail\n|\n|-heal|p1b: Kingambit|38\/100 par|[from] item: Leftovers\n|upkeep\n|turn|8\n|\n|t:|1681900642\n|switch|p2a: Orthworm|Orthworm, L50, F|50\/100 brn\n|cant|p1b: Kingambit|par\n|move|p1a: Flutter Mane|Dazzling Gleam|p2a: Orthworm|[spread] p2a,p2b\n|-supereffective|p2b: Dragonite\n|-end|p2b: Dragonite|Substitute\n|-resisted|p2a: Orthworm\n|-damage|p2a: Orthworm|34\/100 brn\n|move|p2b: Dragonite|Earthquake|p1b: Kingambit|[spread] p1a,p1b\n|-heal|p2a: Orthworm|59\/100 brn|[from] ability: Earth Eater|[of] p2b: Dragonite\n|-damage|p1a: Flutter Mane|0 fnt\n|-damage|p1b: Kingambit|19\/100 par\n|faint|p1a: Flutter Mane\n|-end|p1a: Flutter Mane|Protosynthesis|[silent]\n|\n|-heal|p1b: Kingambit|25\/100 par|[from] item: Leftovers\n|-damage|p2a: Orthworm|53\/100 brn|[from] brn\n|upkeep\n|\n|t:|1681900652\n|switch|p1a: Talonflame|Talonflame, L50, F|19\/100\n|turn|9\n|\n|t:|1681900667\n|move|p1b: Kingambit|Protect|p1b: Kingambit\n|-singleturn|p1b: Kingambit|Protect\n|move|p2b: Dragonite|Extreme Speed|p1a: Talonflame\n|-damage|p1a: Talonflame|0 fnt\n|faint|p1a: Talonflame\n|move|p2a: Orthworm|Shed Tail|p2a: Orthworm\n|-start|p2a: Orthworm|Substitute|[from] move: Shed Tail\n|-damage|p2a: Orthworm|3\/100 brn\n|\n|t:|1681900671\n|switch|p2a: Ting-Lu|Ting-Lu, L50, tera:Water|7\/100|[from] Shed Tail\n|-ability|p2a: Ting-Lu|Vessel of Ruin\n|\n|-heal|p1b: Kingambit|32\/100 par|[from] item: Leftovers\n|upkeep\n|\n|t:|1681900674\n|switch|p1a: Iron Bundle|Iron Bundle, L50|100\/100\n|-enditem|p1a: Iron Bundle|Booster Energy\n|-activate|p1a: Iron Bundle|ability: Quark Drive|[fromitem]\n|-start|p1a: Iron Bundle|quarkdrivespe\n|turn|10\n|\n|t:|1681900695\n|move|p2b: Dragonite|Extreme Speed|p1a: Iron Bundle\n|-damage|p1a: Iron Bundle|65\/100\n|move|p1b: Kingambit|Sucker Punch|p2a: Ting-Lu\n|-end|p2a: Ting-Lu|Substitute\n|move|p1a: Iron Bundle|Icy Wind|p2a: Ting-Lu|[spread] p2a,p2b\n|-resisted|p2a: Ting-Lu\n|-supereffective|p2b: Dragonite\n|-damage|p2a: Ting-Lu|2\/100\n|-damage|p2b: Dragonite|68\/100\n|-unboost|p2a: Ting-Lu|spe|1\n|-unboost|p2b: Dragonite|spe|1\n|move|p2a: Ting-Lu|Earthquake|p1b: Kingambit|[spread] p1a,p1b\n|-immune|p2b: Dragonite\n|-damage|p1a: Iron Bundle|1\/100\n|-damage|p1b: Kingambit|0 fnt\n|faint|p1b: Kingambit\n|\n|upkeep\n|turn|11\n|-message|klatuu forfeited.\n|\n|win|pieno vivace\n|raw|klatuu's rating: 1499 → 1478<\/strong> (-21 for losing)\n|raw|pieno vivace's rating: 1476 → 1497<\/strong> (+21 for winning)\n|l|\u2606klatuu\n","uploadtime":1681900724,"views":12,"p1id":"klatuu","p2id":"pienovivace","formatid":"gen9vgc2023regulationc","rating":1478,"private":0,"password":""}