{"id":"gen9vgc2023regulationc-1852969467","p1":"Bandyzzzz","p2":"eheyeet","format":"[Gen 9] VGC 2023 Regulation C","log":"|j|\u2606Bandyzzzz\n|j|\u2606eheyeet\n|t:|1682621584\n|gametype|doubles\n|player|p1|Bandyzzzz|clerk|1124\n|player|p2|eheyeet|larry|1123\n|teamsize|p1|6\n|teamsize|p2|6\n|gen|9\n|tier|[Gen 9] VGC 2023 Regulation C\n|rated|\n|rule|Species Clause: Limit one of each Pok\u00e9mon\n|rule|Item Clause: Limit one of each item\n|clearpoke\n|poke|p1|Ting-Lu, L50|\n|poke|p1|Coalossal, L50, M|\n|poke|p1|Amoonguss, L50, F|\n|poke|p1|Iron Hands, L50|\n|poke|p1|Tauros-Paldea-Aqua, L50, M|\n|poke|p1|Kingambit, L50, M|\n|poke|p2|Flutter Mane, L50|\n|poke|p2|Chien-Pao, L50|\n|poke|p2|Iron Hands, L50|\n|poke|p2|Roaring Moon, L50|\n|poke|p2|Iron Moth, L50|\n|poke|p2|Farigiraf, L50, M|\n|teampreview|4\n|inactive|Battle timer is ON: inactive players will automatically lose when time's up. (requested by Bandyzzzz)\neheyeet has agreed to open team sheets.\n|\n|t:|1682621603\n|start\n|switch|p1a: Coalossal|Coalossal, L50, M|100\/100\n|switch|p1b: Tauros|Tauros-Paldea-Aqua, L50, M|100\/100\n|switch|p2a: hands go brr|Iron Hands, L50|100\/100\n|switch|p2b: flap flap|Flutter Mane, L50|100\/100\n|-ability|p1b: Tauros|Intimidate|boost\n|-unboost|p2a: hands go brr|atk|1\n|-unboost|p2b: flap flap|atk|1\n|turn|1\n|\n|t:|1682621622\n|-terastallize|p1a: Coalossal|Water\n|move|p2a: hands go brr|Fake Out|p1b: Tauros\n|-damage|p1b: Tauros|90\/100\n|cant|p1b: Tauros|flinch\n|move|p2b: flap flap|Moonblast|p1b: Tauros\n|-supereffective|p1b: Tauros\n|-damage|p1b: Tauros|0 fnt\n|faint|p1b: Tauros\n|move|p1a: Coalossal|Iron Defense|p1a: Coalossal\n|-boost|p1a: Coalossal|def|2\n|\n|upkeep\n|\n|t:|1682621634\n|switch|p1b: Iron Hands|Iron Hands, L50|100\/100\n|turn|2\n|\n|t:|1682621645\n|move|p1b: Iron Hands|Fake Out|p2a: hands go brr\n|-damage|p2a: hands go brr|93\/100\n|move|p2b: flap flap|Moonblast|p1b: Iron Hands\n|-supereffective|p1b: Iron Hands\n|-damage|p1b: Iron Hands|0 fnt\n|faint|p1b: Iron Hands\n|-end|p1b: Iron Hands|Quark Drive|[silent]\n|cant|p2a: hands go brr|flinch\n|move|p1a: Coalossal|Heat Crash|p2b: flap flap\n|-damage|p2b: flap flap|0 fnt\n|faint|p2b: flap flap\n|-end|p2b: flap flap|Protosynthesis|[silent]\n|\n|-heal|p2a: hands go brr|99\/100|[from] item: Leftovers\n|upkeep\n|\n|t:|1682621657\n|switch|p2b: moff|Iron Moth, L50|100\/100\n|switch|p1b: Ting-Lu|Ting-Lu, L50|100\/100\n|-ability|p1b: Ting-Lu|Vessel of Ruin\n|turn|3\n|\n|t:|1682621677\n|-terastallize|p2b: moff|Grass\n|move|p1a: Coalossal|Protect|p1a: Coalossal\n|-singleturn|p1a: Coalossal|Protect\n|move|p2b: moff|Energy Ball|p1a: Coalossal\n|-activate|p1a: Coalossal|move: Protect\n|move|p2a: hands go brr|Volt Switch|p1a: Coalossal\n|-activate|p1a: Coalossal|move: Protect\n|move|p1b: Ting-Lu|Earthquake|p2a: hands go brr|[spread] p2a,p2b\n|-activate|p1a: Coalossal|move: Protect\n|-supereffective|p2a: hands go brr\n|-resisted|p2b: moff\n|-damage|p2a: hands go brr|62\/100\n|-damage|p2b: moff|65\/100\n|\n|-heal|p2a: hands go brr|68\/100|[from] item: Leftovers\n|upkeep\n|turn|4\n|\n|t:|1682621699\n|move|p2b: moff|Energy Ball|p1b: Ting-Lu\n|-supereffective|p1b: Ting-Lu\n|-damage|p1b: Ting-Lu|46\/100\n|-unboost|p1b: Ting-Lu|spd|1\n|-damage|p2b: moff|55\/100|[from] item: Life Orb\n|move|p2a: hands go brr|Volt Switch|p1a: Coalossal\n|-supereffective|p1a: Coalossal\n|-damage|p1a: Coalossal|80\/100\n|-enditem|p1a: Coalossal|Weakness Policy\n|-boost|p1a: Coalossal|atk|2|[from] item: Weakness Policy\n|-boost|p1a: Coalossal|spa|2|[from] item: Weakness Policy\n|\n|t:|1682621703\n|-end|p2a: hands go brr|Quark Drive|[silent]\n|switch|p2a: cat|Chien-Pao, L50|100\/100|[from] Volt Switch\n|-ability|p2a: cat|Sword of Ruin\n|move|p1b: Ting-Lu|Stomping Tantrum|p2a: cat\n|-damage|p2a: cat|48\/100\n|move|p1a: Coalossal|Heat Crash|p2b: moff\n|-supereffective|p2b: moff\n|-damage|p2b: moff|0 fnt\n|faint|p2b: moff\n|-end|p2b: moff|Quark Drive|[silent]\n|\n|upkeep\n|\n|t:|1682621705\n|switch|p2b: hands go brr|Iron Hands, L50|68\/100\n|turn|5\n|\n|t:|1682621730\n|move|p2b: hands go brr|Fake Out|p1b: Ting-Lu\n|-damage|p1b: Ting-Lu|37\/100\n|move|p2a: cat|Sacred Sword|p1a: Coalossal\n|-crit|p1a: Coalossal\n|-damage|p1a: Coalossal|40\/100\n|cant|p1b: Ting-Lu|flinch\n|move|p1a: Coalossal|Heat Crash|p2a: cat\n|-supereffective|p2a: cat\n|-damage|p2a: cat|0 fnt\n|faint|p2a: cat\n|\n|-heal|p2b: hands go brr|74\/100|[from] item: Leftovers\n|upkeep\n|turn|6\n|\n|t:|1682621748\n|move|p1a: Coalossal|Protect|p1a: Coalossal\n|-singleturn|p1a: Coalossal|Protect\n|move|p2b: hands go brr|Volt Switch|p1a: Coalossal\n|-activate|p1a: Coalossal|move: Protect\n|move|p1b: Ting-Lu|Stomping Tantrum|p2b: hands go brr\n|-supereffective|p2b: hands go brr\n|-damage|p2b: hands go brr|9\/100\n|\n|-heal|p2b: hands go brr|15\/100|[from] item: Leftovers\n|upkeep\n|turn|7\n|c|\u2606Bandyzzzz|gg\n|\n|t:|1682621763\n|move|p2b: hands go brr|Drain Punch|p1b: Ting-Lu\n|-supereffective|p1b: Ting-Lu\n|-damage|p1b: Ting-Lu|0 fnt\n|-heal|p2b: hands go brr|33\/100|[from] drain|[of] p1b: Ting-Lu\n|faint|p1b: Ting-Lu\n|move|p1a: Coalossal|Heat Crash|p2b: hands go brr\n|-damage|p2b: hands go brr|16\/100\n|\n|-heal|p2b: hands go brr|22\/100|[from] item: Leftovers\n|upkeep\n|turn|8\n|\n|t:|1682621775\n|move|p2b: hands go brr|Volt Switch|p1a: Coalossal\n|-supereffective|p1a: Coalossal\n|-damage|p1a: Coalossal|17\/100\n|move|p1a: Coalossal|Body Press|p2b: hands go brr\n|-damage|p2b: hands go brr|2\/100\n|\n|-heal|p2b: hands go brr|9\/100|[from] item: Leftovers\n|upkeep\n|turn|9\n|\n|t:|1682621789\n|move|p2b: hands go brr|Volt Switch|p1a: Coalossal\n|-supereffective|p1a: Coalossal\n|-crit|p1a: Coalossal\n|-damage|p1a: Coalossal|0 fnt\n|faint|p1a: Coalossal\n|\n|win|eheyeet\n|raw|Bandyzzzz's rating: 1124 → 1099<\/strong> (-25 for losing)\n|raw|eheyeet's rating: 1123 → 1148<\/strong> (+25 for winning)\n|c|\u2606Bandyzzzz|almost had it\n|c|\u2606eheyeet|ggwp\n|c|\u2606Bandyzzzz|thx\n|l|\u2606Bandyzzzz\n","uploadtime":1682621796,"views":7,"p1id":"bandyzzzz","p2id":"eheyeet","formatid":"gen9vgc2023regulationc","rating":1099,"private":0,"password":""}