{"id":"gen9vgc2023regulationc-1861452084","p1":"Gostzin","p2":"revocolombia","format":"[Gen 9] VGC 2023 Regulation C","log":"|j|\u2606Gostzin\n|j|\u2606revocolombia\n|t:|1683759582\n|gametype|doubles\n|player|p1|Gostzin|lucas-gen4pt|1146\n|player|p2|revocolombia|169|1216\n|teamsize|p1|6\n|teamsize|p2|6\n|gen|9\n|tier|[Gen 9] VGC 2023 Regulation C\n|rated|\n|rule|Species Clause: Limit one of each Pok\u00e9mon\n|rule|Item Clause: Limit one of each item\n|clearpoke\n|poke|p1|Garganacl, L50, F|\n|poke|p1|Palafin, L50, F|\n|poke|p1|Amoonguss, L50, F|\n|poke|p1|Flutter Mane, L50|\n|poke|p1|Arcanine, L50, M|\n|poke|p1|Ting-Lu, L50|\n|poke|p2|Flutter Mane, L50|\n|poke|p2|Great Tusk, L50|\n|poke|p2|Gholdengo, L50|\n|poke|p2|Chien-Pao, L50|\n|poke|p2|Murkrow, L50, F|\n|poke|p2|Dragonite, L50, F|\n|teampreview|4\n|inactive|Battle timer is ON: inactive players will automatically lose when time's up. (requested by Gostzin)\nGostzin has agreed to open team sheets.\n|inactive|revocolombia has 60 seconds left.\n|\n|t:|1683759613\n|start\n|switch|p1a: Palafin|Palafin, L50, F|100\/100\n|switch|p1b: Garganacl|Garganacl, L50, F|100\/100\n|switch|p2a: Great Tusk|Great Tusk, L50|100\/100\n|switch|p2b: Murkrow|Murkrow, L50, F|100\/100\n|turn|1\n|\n|t:|1683759637\n|detailschange|p1a: Palafin|Palafin-Hero, L50, F\n|switch|p1a: Ting-Lu|Ting-Lu, L50|100\/100\n|-ability|p1a: Ting-Lu|Vessel of Ruin\n|move|p1b: Garganacl|Wide Guard|p1b: Garganacl\n|-singleturn|p1b: Garganacl|Wide Guard\n|move|p2b: Murkrow|Sunny Day|p2b: Murkrow\n|-weather|SunnyDay\n|-activate|p2a: Great Tusk|ability: Protosynthesis\n|-start|p2a: Great Tusk|protosynthesisatk\n|move|p2a: Great Tusk|Earthquake|p1b: Garganacl|[spread] \n|-activate|p1a: Ting-Lu|move: Wide Guard\n|-activate|p1b: Garganacl|move: Wide Guard\n|-immune|p2b: Murkrow\n|\n|-weather|SunnyDay|[upkeep]\n|upkeep\n|turn|2\n|inactive|revocolombia has 30 seconds left.\n|inactive|revocolombia has 20 seconds left.\n|inactive|revocolombia has 15 seconds left.\n|\n|t:|1683759680\n|switch|p1b: Arcanine|Arcanine, L50, M|100\/100\n|-ability|p1b: Arcanine|Intimidate|boost\n|-fail|p2a: Great Tusk|unboost|[from] item: Clear Amulet|[of] p2a: Great Tusk\n|-unboost|p2b: Murkrow|atk|1\n|move|p2b: Murkrow|Taunt|p1b: Arcanine\n|-start|p1b: Arcanine|move: Taunt\n|move|p2a: Great Tusk|Brick Break|p1a: Ting-Lu\n|-supereffective|p1a: Ting-Lu\n|-damage|p1a: Ting-Lu|40\/100\n|move|p1a: Ting-Lu|Rock Slide|p2b: Murkrow|[spread] p2a,p2b\n|-resisted|p2a: Great Tusk\n|-supereffective|p2b: Murkrow\n|-damage|p2a: Great Tusk|98\/100\n|-damage|p2b: Murkrow|63\/100\n|\n|-weather|SunnyDay|[upkeep]\n|upkeep\n|turn|3\n|inactive|Gostzin has 30 seconds left.\n|inactive|revocolombia has 30 seconds left.\n|inactive|Gostzin has 20 seconds left.\n|inactive|Gostzin has 15 seconds left.\n|inactive|Gostzin has 10 seconds left.\n|\n|t:|1683759729\n|switch|p1b: Garganacl|Garganacl, L50, F|100\/100\n|switch|p1a: Palafin|Palafin-Hero, L50, F|100\/100\n|-activate|p1a: Palafin|ability: Zero to Hero\n|move|p2b: Murkrow|Tailwind|p2b: Murkrow\n|-sidestart|p2: revocolombia|move: Tailwind\n|move|p2a: Great Tusk|Earthquake|p1a: Palafin|[spread] p1a,p1b\n|-immune|p2b: Murkrow\n|-supereffective|p1b: Garganacl\n|-damage|p1a: Palafin|49\/100\n|-damage|p1b: Garganacl|18\/100\n|\n|-weather|SunnyDay|[upkeep]\n|-heal|p1b: Garganacl|24\/100|[from] item: Leftovers\n|upkeep\n|turn|4\n|inactive|revocolombia has 30 seconds left.\n|\n|t:|1683759759\n|move|p1a: Palafin|Protect|p1a: Palafin\n|-singleturn|p1a: Palafin|Protect\n|move|p1b: Garganacl|Protect|p1b: Garganacl\n|-singleturn|p1b: Garganacl|Protect\n|move|p2b: Murkrow|Taunt|p1b: Garganacl\n|-activate|p1b: Garganacl|move: Protect\n|move|p2a: Great Tusk|Earthquake|p1a: Palafin|[spread] \n|-activate|p1a: Palafin|move: Protect\n|-activate|p1b: Garganacl|move: Protect\n|-immune|p2b: Murkrow\n|\n|-weather|SunnyDay|[upkeep]\n|-heal|p1b: Garganacl|30\/100|[from] item: Leftovers\n|upkeep\n|turn|5\n|inactive|revocolombia has 30 seconds left.\n|\n|t:|1683759785\n|-terastallize|p1a: Palafin|Water\n|move|p1b: Garganacl|Wide Guard|p1b: Garganacl\n|-singleturn|p1b: Garganacl|Wide Guard\n|move|p2b: Murkrow|Taunt|p1b: Garganacl\n|-start|p1b: Garganacl|move: Taunt\n|move|p2a: Great Tusk|Earthquake|p1b: Garganacl|[spread] \n|-activate|p1a: Palafin|move: Wide Guard\n|-activate|p1b: Garganacl|move: Wide Guard\n|-immune|p2b: Murkrow\n|move|p1a: Palafin|Wave Crash|p2a: Great Tusk\n|-supereffective|p2a: Great Tusk\n|-damage|p2a: Great Tusk|16\/100\n|-damage|p1a: Palafin|21\/100|[from] Recoil\n|\n|-weather|none\n|-end|p2a: Great Tusk|Protosynthesis\n|-heal|p1b: Garganacl|36\/100|[from] item: Leftovers\n|upkeep\n|turn|6\n|inactive|revocolombia has 30 seconds left.\n|\n|t:|1683759814\n|move|p2b: Murkrow|Sunny Day|p2b: Murkrow\n|-weather|SunnyDay\n|-activate|p2a: Great Tusk|ability: Protosynthesis\n|-start|p2a: Great Tusk|protosynthesisatk\n|move|p1a: Palafin|Jet Punch|p2a: Great Tusk\n|-supereffective|p2a: Great Tusk\n|-damage|p2a: Great Tusk|0 fnt\n|faint|p2a: Great Tusk\n|-end|p2a: Great Tusk|Protosynthesis|[silent]\n|move|p1b: Garganacl|Salt Cure|p2b: Murkrow\n|-supereffective|p2b: Murkrow\n|-damage|p2b: Murkrow|30\/100\n|-start|p2b: Murkrow|Salt Cure\n|\n|-weather|SunnyDay|[upkeep]\n|-heal|p1b: Garganacl|42\/100|[from] item: Leftovers\n|-damage|p2b: Murkrow|18\/100|[from] Salt Cure\n|-sideend|p2: revocolombia|move: Tailwind\n|upkeep\n|\n|t:|1683759833\n|switch|p2a: Gholdengo|Gholdengo, L50|100\/100\n|turn|7\n|\n|t:|1683759853\n|switch|p1b: Ting-Lu|Ting-Lu, L50|40\/100\n|-ability|p1b: Ting-Lu|Vessel of Ruin\n|move|p1a: Palafin|Protect|p1a: Palafin\n|-singleturn|p1a: Palafin|Protect\n|move|p2b: Murkrow|Tailwind|p2b: Murkrow\n|-sidestart|p2: revocolombia|move: Tailwind\n|move|p2a: Gholdengo|Thunderbolt|p1b: Ting-Lu\n|-immune|p1b: Ting-Lu\n|\n|-weather|SunnyDay|[upkeep]\n|-damage|p2b: Murkrow|6\/100|[from] Salt Cure\n|upkeep\n|turn|8\n|inactive|revocolombia has 30 seconds left.\n|\n|t:|1683759880\n|move|p2b: Murkrow|Taunt|p1b: Ting-Lu\n|-hint|Since gen 7, Dark is immune to Prankster moves.\n|-immune|p1b: Ting-Lu\n|move|p1a: Palafin|Jet Punch|p2a: Gholdengo\n|-damage|p2a: Gholdengo|66\/100\n|move|p2a: Gholdengo|Thunderbolt|p1a: Palafin\n|-supereffective|p1a: Palafin\n|-damage|p1a: Palafin|0 fnt\n|faint|p1a: Palafin\n|move|p1b: Ting-Lu|Stomping Tantrum|p2a: Gholdengo\n|-supereffective|p2a: Gholdengo\n|-damage|p2a: Gholdengo|0 fnt\n|faint|p2a: Gholdengo\n|\n|-weather|SunnyDay|[upkeep]\n|-damage|p2b: Murkrow|0 fnt|[from] Salt Cure\n|faint|p2b: Murkrow\n|upkeep\n|inactive|revocolombia has 30 seconds left.\n|inactive|revocolombia has 20 seconds left.\n|inactive|revocolombia has 15 seconds left.\n|inactive|revocolombia has 10 seconds left.\n|inactive|revocolombia has 5 seconds left.\n|\n|t:|1683759935\n|switch|p2a: Chien-Pao|Chien-Pao, L50|100\/100\n|switch|p1a: Arcanine|Arcanine, L50, M|100\/100\n|-ability|p2a: Chien-Pao|Sword of Ruin\n|-ability|p1a: Arcanine|Intimidate|boost\n|-unboost|p2a: Chien-Pao|atk|1\n|turn|9\n|\n|t:|1683759953\n|-terastallize|p2a: Chien-Pao|Ghost\n|move|p2a: Chien-Pao|Ice Spinner|p1b: Ting-Lu\n|-supereffective|p1b: Ting-Lu\n|-damage|p1b: Ting-Lu|2\/100\n|move|p1a: Arcanine|Flare Blitz|p2a: Chien-Pao\n|-enditem|p2a: Chien-Pao|Focus Sash\n|-damage|p2a: Chien-Pao|1\/100\n|-damage|p1a: Arcanine|71\/100|[from] Recoil\n|move|p1b: Ting-Lu|Heavy Slam|p2a: Chien-Pao\n|-damage|p2a: Chien-Pao|0 fnt\n|faint|p2a: Chien-Pao\n|\n|win|Gostzin\n|raw|Gostzin's rating: 1146 → 1176<\/strong> (+30 for winning)\n|raw|revocolombia's rating: 1216 → 1186<\/strong> (-30 for losing)\n|l|\u2606Gostzin\n","uploadtime":1683759970,"views":5,"p1id":"gostzin","p2id":"revocolombia","formatid":"gen9vgc2023regulationc","rating":1176,"private":0,"password":""}