{"id":"gen9vgc2023regulationc-1857570376","p1":"dirty fork","p2":"haha you rage quit","format":"[Gen 9] VGC 2023 Regulation C","log":"|j|\u2606dirty fork\n|j|\u2606haha you rage quit\n|t:|1683209238\n|gametype|doubles\n|player|p1|dirty fork|266|1168\n|player|p2|haha you rage quit|pokemaniac|1248\n|teamsize|p1|6\n|teamsize|p2|6\n|gen|9\n|tier|[Gen 9] VGC 2023 Regulation C\n|rated|\n|rule|Species Clause: Limit one of each Pok\u00e9mon\n|rule|Item Clause: Limit one of each item\n|clearpoke\n|poke|p1|Tyranitar, L50, F|\n|poke|p1|Garchomp, L50, F|\n|poke|p1|Lycanroc, L50, M|\n|poke|p1|Palafin, L50, M|\n|poke|p1|Amoonguss, L50, M|\n|poke|p1|Arcanine, L50, F|\n|poke|p2|Palafin, L50, M|\n|poke|p2|Iron Bundle, L50|\n|poke|p2|Murkrow, L50, M|\n|poke|p2|Azumarill, L50, M|\n|poke|p2|Amoonguss, L50, M|\n|poke|p2|Iron Hands, L50|\n|teampreview|4\n|\n|t:|1683209269\n|start\n|switch|p1a: Garchomp|Garchomp, L50, F|100\/100\n|switch|p1b: Palafin|Palafin, L50, M|100\/100\n|switch|p2a: Palafin|Palafin, L50, M|100\/100\n|switch|p2b: Murkrow|Murkrow, L50, M|100\/100\n|turn|1\n|\n|t:|1683209290\n|detailschange|p1b: Palafin|Palafin-Hero, L50, M\n|switch|p1b: Amoonguss|Amoonguss, L50, M|100\/100\n|move|p2b: Murkrow|Tailwind|p2b: Murkrow\n|-sidestart|p2: haha you rage quit|move: Tailwind\n|move|p2a: Palafin|Flip Turn|p1a: Garchomp\n|-damage|p1a: Garchomp|71\/100\n|\n|t:|1683209300\n|detailschange|p2a: Palafin|Palafin-Hero, L50, M\n|switch|p2a: Iron Bundle|Iron Bundle, L50, shiny|100\/100|[from] Flip Turn\n|-enditem|p2a: Iron Bundle|Booster Energy\n|-activate|p2a: Iron Bundle|ability: Quark Drive|[fromitem]\n|-start|p2a: Iron Bundle|quarkdrivespe\n|move|p1a: Garchomp|Swords Dance|p1a: Garchomp\n|-boost|p1a: Garchomp|atk|2\n|\n|upkeep\n|turn|2\n|\n|t:|1683209331\n|switch|p1b: Tyranitar|Tyranitar, L50, F|100\/100\n|-weather|Sandstorm|[from] ability: Sand Stream|[of] p1b: Tyranitar\n|-terastallize|p1a: Garchomp|Steel\n|move|p2a: Iron Bundle|Freeze-Dry|p1b: Tyranitar\n|-damage|p1b: Tyranitar|80\/100\n|move|p2b: Murkrow|Drill Peck|p1b: Tyranitar\n|-resisted|p1b: Tyranitar\n|-damage|p1b: Tyranitar|66\/100\n|move|p1a: Garchomp|Dragon Claw|p2a: Iron Bundle\n|-damage|p2a: Iron Bundle|0 fnt\n|faint|p2a: Iron Bundle\n|-end|p2a: Iron Bundle|Quark Drive|[silent]\n|\n|-weather|Sandstorm|[upkeep]\n|-damage|p2b: Murkrow|95\/100|[from] Sandstorm\n|upkeep\n|c|\u2606dirty fork|drill peck murkrow lmao\n|\n|t:|1683209358\n|switch|p2a: Iron Hands|Iron Hands, L50, shiny|100\/100\n|turn|3\n|\n|t:|1683209406\n|switch|p1b: Amoonguss|Amoonguss, L50, M|100\/100\n|-terastallize|p2a: Iron Hands|Grass\n|move|p1a: Garchomp|Protect|p1a: Garchomp\n|-singleturn|p1a: Garchomp|Protect\n|move|p2b: Murkrow|Drill Peck|p1a: Garchomp\n|-activate|p1a: Garchomp|move: Protect\n|move|p2a: Iron Hands|Drain Punch|p1a: Garchomp\n|-activate|p1a: Garchomp|move: Protect\n|\n|-weather|Sandstorm|[upkeep]\n|-damage|p2b: Murkrow|89\/100|[from] Sandstorm\n|-damage|p2a: Iron Hands|94\/100|[from] Sandstorm\n|-damage|p1b: Amoonguss|95\/100|[from] Sandstorm\n|upkeep\n|turn|4\n|\n|t:|1683209429\n|move|p2b: Murkrow|Protect|p2b: Murkrow\n|-singleturn|p2b: Murkrow|Protect\n|move|p1b: Amoonguss|Rage Powder|p1b: Amoonguss\n|-singleturn|p1b: Amoonguss|move: Rage Powder\n|move|p1a: Garchomp|Dragon Claw|p2a: Iron Hands\n|-damage|p2a: Iron Hands|39\/100\n|move|p2a: Iron Hands|Drain Punch|p1a: Garchomp\n|-supereffective|p1a: Garchomp\n|-damage|p1a: Garchomp|0 fnt\n|-heal|p2a: Iron Hands|66\/100|[from] drain|[of] p1a: Garchomp\n|faint|p1a: Garchomp\n|\n|-weather|Sandstorm|[upkeep]\n|-damage|p2b: Murkrow|83\/100|[from] Sandstorm\n|-damage|p2a: Iron Hands|60\/100|[from] Sandstorm\n|-damage|p1b: Amoonguss|89\/100|[from] Sandstorm\n|-sideend|p2: haha you rage quit|move: Tailwind\n|upkeep\n|\n|t:|1683209445\n|switch|p1a: Tyranitar|Tyranitar, L50, F|66\/100\n|turn|5\n|\n|t:|1683209481\n|move|p1a: Tyranitar|Protect|p1a: Tyranitar\n|-singleturn|p1a: Tyranitar|Protect\n|move|p2b: Murkrow|Tailwind|p2b: Murkrow\n|-sidestart|p2: haha you rage quit|move: Tailwind\n|move|p2a: Iron Hands|Drain Punch|p1a: Tyranitar\n|-activate|p1a: Tyranitar|move: Protect\n|move|p1b: Amoonguss|Clear Smog|p2a: Iron Hands\n|-supereffective|p2a: Iron Hands\n|-damage|p2a: Iron Hands|35\/100\n|-clearboost|p2a: Iron Hands\n|\n|-weather|Sandstorm|[upkeep]\n|-damage|p2b: Murkrow|77\/100|[from] Sandstorm\n|-damage|p2a: Iron Hands|29\/100|[from] Sandstorm\n|-damage|p1b: Amoonguss|83\/100|[from] Sandstorm\n|upkeep\n|turn|6\n|\n|t:|1683209522\n|switch|p1a: Palafin|Palafin-Hero, L50, M|100\/100\n|-activate|p1a: Palafin|ability: Zero to Hero\n|move|p2b: Murkrow|Drill Peck|p1a: Palafin\n|-damage|p1a: Palafin|68\/100\n|move|p2a: Iron Hands|Wild Charge|p1a: Palafin\n|-supereffective|p1a: Palafin\n|-damage|p1a: Palafin|0 fnt\n|faint|p1a: Palafin\n|-damage|p2a: Iron Hands|15\/100|[from] Recoil\n|move|p1b: Amoonguss|Pollen Puff|p1: Palafin|[notarget]\n|-fail|p1b: Amoonguss\n|\n|-weather|none\n|upkeep\n|\n|t:|1683209535\n|switch|p1a: Tyranitar|Tyranitar, L50, F|66\/100\n|-weather|Sandstorm|[from] ability: Sand Stream|[of] p1a: Tyranitar\n|turn|7\n|-message|dirty fork forfeited.\n|\n|win|haha you rage quit\n|raw|dirty fork's rating: 1168 → 1149<\/strong> (-19 for losing)\n|raw|haha you rage quit's rating: 1248 → 1267<\/strong> (+19 for winning)\n|l|\u2606dirty fork\n","uploadtime":1683209555,"views":7,"p1id":"dirtyfork","p2id":"hahayouragequit","formatid":"gen9vgc2023regulationc","rating":1149,"private":0,"password":""}