{"id":"gen9vgc2023regulationc-1859593923","p1":"Freischieb","p2":"gEBEMBA","format":"[Gen 9] VGC 2023 Regulation C","log":"|j|\u2606Freischieb\n|j|\u2606gEBEMBA\n|t:|1683546539\n|gametype|doubles\n|player|p1|Freischieb|266|\n|player|p2|gEBEMBA|101|\n|teamsize|p1|6\n|teamsize|p2|6\n|gen|9\n|tier|[Gen 9] VGC 2023 Regulation C\n|rule|Species Clause: Limit one of each Pok\u00e9mon\n|rule|Item Clause: Limit one of each item\n|clearpoke\n|poke|p1|Scream Tail, L50|\n|poke|p1|Lycanroc-Dusk, L50, M|\n|poke|p1|Chien-Pao, L50|\n|poke|p1|Flutter Mane, L50|\n|poke|p1|Palafin, L50, M|\n|poke|p1|Corviknight, L50, F|\n|poke|p2|Slaking, L50, M|\n|poke|p2|Grafaiai, L50, M|\n|poke|p2|Wo-Chien, L50|\n|poke|p2|Flutter Mane, L50|\n|poke|p2|Chi-Yu, L50|\n|poke|p2|Talonflame, L50, F|\n|teampreview|4\nFreischieb has agreed to open team sheets.\ngEBEMBA has agreed to open team sheets.\n|j| ethan06\n|j| Tonsoffamage\n|\n|t:|1683546585\n|start\n|switch|p1a: 2021 Mits Fuso|Palafin, L50, M|100\/100\n|switch|p1b: Screme Brulee|Scream Tail, L50|100\/100\n|switch|p2a: Grafaiai|Grafaiai, L50, M|100\/100\n|switch|p2b: Wo-Chien|Wo-Chien, L50|100\/100\n|-ability|p2b: Wo-Chien|Tablets of Ruin\n|-enditem|p1b: Screme Brulee|Booster Energy\n|-activate|p1b: Screme Brulee|ability: Protosynthesis|[fromitem]\n|-start|p1b: Screme Brulee|protosynthesisspe\n|turn|1\n|inactive|Battle timer is ON: inactive players will automatically lose when time's up. (requested by gEBEMBA)\n|inactiveoff|Battle timer is now OFF.\n|\n|t:|1683546643\n|move|p1b: Screme Brulee|Thunder Wave|p2a: Grafaiai\n|-status|p2a: Grafaiai|par\n|move|p1a: 2021 Mits Fuso|Close Combat|p2a: Grafaiai\n|-damage|p2a: Grafaiai|56\/100 par\n|-unboost|p1a: 2021 Mits Fuso|def|1\n|-unboost|p1a: 2021 Mits Fuso|spd|1\n|-enditem|p1a: 2021 Mits Fuso|Eject Pack\n|\n|t:|1683546651\n|detailschange|p1a: 2021 Mits Fuso|Palafin-Hero, L50, M\n|switch|p1a: Tink Drumstick|Corviknight, L50, F|100\/100\n|move|p2a: Grafaiai|Poison Jab|p1b: Screme Brulee\n|-supereffective|p1b: Screme Brulee\n|-damage|p1b: Screme Brulee|59\/100\n|move|p2b: Wo-Chien|Leech Seed|p1b: Screme Brulee\n|-start|p1b: Screme Brulee|move: Leech Seed\n|\n|-damage|p1b: Screme Brulee|46\/100|[from] Leech Seed|[of] p2b: Wo-Chien\n|upkeep\n|turn|2\n|\n|t:|1683546694\n|switch|p2b: Slaking|Slaking, L50, M|100\/100\n|move|p2a: Grafaiai|Doodle|p1a: Tink Drumstick\n|-endability|p2a: Grafaiai|Prankster|[from] move: Doodle\n|-ability|p2a: Grafaiai|Mirror Armor|[from] move: Doodle\n|-endability|p2b: Slaking|Truant|[from] move: Doodle\n|-ability|p2b: Slaking|Mirror Armor|[from] move: Doodle\n|move|p1b: Screme Brulee|Howl|p1b: Screme Brulee|[spread] p1a,p1b\n|-boost|p1a: Tink Drumstick|atk|1\n|-boost|p1b: Screme Brulee|atk|1\n|move|p1a: Tink Drumstick|Bulk Up|p1a: Tink Drumstick\n|-boost|p1a: Tink Drumstick|atk|1\n|-boost|p1a: Tink Drumstick|def|1\n|\n|-damage|p1b: Screme Brulee|34\/100|[from] Leech Seed|[of] p2b: Slaking\n|upkeep\n|turn|3\n|\n|t:|1683546721\n|cant|p2a: Grafaiai|par\n|move|p1b: Screme Brulee|Thunder Wave|p2b: Slaking\n|-status|p2b: Slaking|par\n|move|p1a: Tink Drumstick|Brave Bird|p2b: Slaking\n|-damage|p2b: Slaking|50\/100 par\n|-damage|p1a: Tink Drumstick|79\/100|[from] Recoil\n|move|p2b: Slaking|Rock Slide|p1a: Tink Drumstick|[spread] p1a,p1b\n|-damage|p1a: Tink Drumstick|67\/100\n|-damage|p1b: Screme Brulee|10\/100\n|\n|-damage|p1b: Screme Brulee|0 fnt|[from] Leech Seed|[of] p2b: Slaking\n|-heal|p2b: Slaking|58\/100 par|[silent]\n|faint|p1b: Screme Brulee\n|-end|p1b: Screme Brulee|Protosynthesis|[silent]\n|upkeep\n|\n|t:|1683546734\n|switch|p1b: 2021 Mits Fuso|Palafin-Hero, L50, M|100\/100\n|-activate|p1b: 2021 Mits Fuso|ability: Zero to Hero\n|turn|4\n|\n|t:|1683546757\n|move|p2a: Grafaiai|Helping Hand|p2b: Slaking\n|-singleturn|p2b: Slaking|Helping Hand|[of] p2a: Grafaiai\n|move|p1b: 2021 Mits Fuso|Close Combat|p2b: Slaking\n|-supereffective|p2b: Slaking\n|-damage|p2b: Slaking|0 fnt\n|-unboost|p1b: 2021 Mits Fuso|def|1\n|-unboost|p1b: 2021 Mits Fuso|spd|1\n|faint|p2b: Slaking\n|move|p1a: Tink Drumstick|Iron Head|p2a: Grafaiai\n|-damage|p2a: Grafaiai|0 fnt\n|faint|p2a: Grafaiai\n|\n|upkeep\n|\n|t:|1683546762\n|switch|p2a: Wo-Chien|Wo-Chien, L50|100\/100\n|switch|p2b: Flutter Mane|Flutter Mane, L50|100\/100\n|-ability|p2a: Wo-Chien|Tablets of Ruin\n|turn|5\n|\n|t:|1683546791\n|-terastallize|p2a: Wo-Chien|Fairy\n|move|p1b: 2021 Mits Fuso|Protect|p1b: 2021 Mits Fuso\n|-singleturn|p1b: 2021 Mits Fuso|Protect\n|move|p2b: Flutter Mane|Thunderbolt|p1a: Tink Drumstick\n|-supereffective|p1a: Tink Drumstick\n|-damage|p1a: Tink Drumstick|8\/100\n|-status|p1a: Tink Drumstick|par\n|move|p2a: Wo-Chien|Giga Drain|p1b: 2021 Mits Fuso\n|-activate|p1b: 2021 Mits Fuso|move: Protect\n|move|p1a: Tink Drumstick|Iron Head|p2b: Flutter Mane\n|-supereffective|p2b: Flutter Mane\n|-enditem|p2b: Flutter Mane|Focus Sash\n|-damage|p2b: Flutter Mane|1\/100\n|\n|upkeep\n|turn|6\n|\n|t:|1683546817\n|move|p2b: Flutter Mane|Protect|p2b: Flutter Mane\n|-singleturn|p2b: Flutter Mane|Protect\n|move|p1b: 2021 Mits Fuso|Jet Punch|p2b: Flutter Mane\n|-activate|p2b: Flutter Mane|move: Protect\n|move|p2a: Wo-Chien|Giga Drain|p1a: Tink Drumstick\n|-resisted|p1a: Tink Drumstick\n|-damage|p1a: Tink Drumstick|3\/100 par\n|move|p1a: Tink Drumstick|Brave Bird|p2a: Wo-Chien\n|-damage|p2a: Wo-Chien|52\/100\n|-damage|p1a: Tink Drumstick|0 fnt|[from] Recoil\n|faint|p1a: Tink Drumstick\n|\n|-heal|p2a: Wo-Chien|58\/100|[from] item: Leftovers\n|upkeep\n|\n|t:|1683546828\n|switch|p1a: Dog|Lycanroc-Dusk, L50, M|100\/100\n|turn|7\n|\n|t:|1683546845\n|-terastallize|p1b: 2021 Mits Fuso|Water\n|move|p1a: Dog|Accelerock|p2b: Flutter Mane\n|-damage|p2b: Flutter Mane|0 fnt\n|faint|p2b: Flutter Mane\n|-end|p2b: Flutter Mane|Protosynthesis|[silent]\n|-damage|p1a: Dog|91\/100|[from] item: Life Orb\n|move|p1b: 2021 Mits Fuso|Wave Crash|p2a: Wo-Chien\n|-damage|p2a: Wo-Chien|0 fnt\n|faint|p2a: Wo-Chien\n|-damage|p1b: 2021 Mits Fuso|82\/100|[from] Recoil\n|\n|win|Freischieb\n|l| ethan06\n|l| Tonsoffamage\n|j| ethan06\n|l| ethan06\n|j| ethan06\n|l| ethan06\n","uploadtime":1683546863,"views":7,"p1id":"freischieb","p2id":"gebemba","formatid":"gen9vgc2023regulationc","rating":0,"private":0,"password":""}