{"id":"gen9vgc2023regulationc-1847428782","p1":"SnackIsle","p2":"Tyranitar Abuser","format":"[Gen 9] VGC 2023 Regulation C","log":"|j|\u2606SnackIsle\n|j|\u2606Tyranitar Abuser\n|t:|1681953997\n|gametype|doubles\n|player|p1|SnackIsle|1|1097\n|player|p2|Tyranitar Abuser|169|1136\n|teamsize|p1|6\n|teamsize|p2|6\n|gen|9\n|tier|[Gen 9] VGC 2023 Regulation C\n|rated|\n|rule|Species Clause: Limit one of each Pok\u00e9mon\n|rule|Item Clause: Limit one of each item\n|clearpoke\n|poke|p1|Arcanine, L50, F|\n|poke|p1|Torkoal, L50, M|\n|poke|p1|Chien-Pao, L50|\n|poke|p1|Roaring Moon, L50|\n|poke|p1|Amoonguss, L50, F|\n|poke|p1|Farigiraf, L50, M|\n|poke|p2|Tyranitar, L50, M|\n|poke|p2|Scream Tail, L50|\n|poke|p2|Annihilape, L50, F|\n|poke|p2|Scizor, L50, M|\n|poke|p2|Houndstone, L50, M|\n|poke|p2|Flutter Mane, L50|\n|teampreview|4\n|inactive|Battle timer is ON: inactive players will automatically lose when time's up. (requested by Tyranitar Abuser)\n|\n|t:|1681954019\n|start\n|switch|p1a: Torkoal|Torkoal, L50, M, shiny|100\/100\n|switch|p1b: Farigiraf|Farigiraf, L50, M|100\/100\n|switch|p2a: Annihilape|Annihilape, L50, F|100\/100\n|switch|p2b: Scream Tail|Scream Tail, L50|100\/100\n|-weather|SunnyDay|[from] ability: Drought|[of] p1a: Torkoal\n|-activate|p2b: Scream Tail|ability: Protosynthesis\n|-start|p2b: Scream Tail|protosynthesisspe\n|turn|1\n|\n|t:|1681954035\n|switch|p2a: Tyranitar|Tyranitar, L50, M|100\/100\n|-weather|Sandstorm|[from] ability: Sand Stream|[of] p2a: Tyranitar\n|-end|p2b: Scream Tail|Protosynthesis\n|-enditem|p2b: Scream Tail|Booster Energy\n|-activate|p2b: Scream Tail|ability: Protosynthesis|[fromitem]\n|-start|p2b: Scream Tail|protosynthesisspe\n|move|p2b: Scream Tail|Howl|p2b: Scream Tail|[spread] p2a,p2b\n|-boost|p2a: Tyranitar|atk|1\n|-boost|p2b: Scream Tail|atk|1\n|move|p1a: Torkoal|Heat Wave|p2a: Tyranitar|[spread] p2a,p2b\n|-resisted|p2a: Tyranitar\n|-damage|p2a: Tyranitar|92\/100\n|-damage|p2b: Scream Tail|67\/100\n|-status|p2a: Tyranitar|brn\n|-status|p2b: Scream Tail|brn\n|move|p1b: Farigiraf|Trick Room|p1b: Farigiraf\n|-fieldstart|move: Trick Room|[of] p1b: Farigiraf\n|-enditem|p1b: Farigiraf|Room Service\n|-unboost|p1b: Farigiraf|spe|1|[from] item: Room Service\n|\n|-weather|Sandstorm|[upkeep]\n|-damage|p1a: Torkoal|94\/100|[from] Sandstorm\n|-damage|p1b: Farigiraf|94\/100|[from] Sandstorm\n|-damage|p2b: Scream Tail|61\/100 brn|[from] Sandstorm\n|-damage|p2a: Tyranitar|86\/100 brn|[from] brn\n|-damage|p2b: Scream Tail|55\/100 brn|[from] brn\n|upkeep\n|turn|2\n|c|\u2606SnackIsle|Wow\n|inactive|SnackIsle has 30 seconds left.\n|inactive|Tyranitar Abuser has 30 seconds left.\n|c|\u2606Tyranitar Abuser|wow indeed\n|\n|t:|1681954069\n|switch|p1a: Amoonguss|Amoonguss, L50, F, shiny|100\/100\n|move|p1b: Farigiraf|Dazzling Gleam|p2a: Tyranitar|[spread] p2a,p2b\n|-supereffective|p2a: Tyranitar\n|-damage|p2a: Tyranitar|70\/100 brn\n|-damage|p2b: Scream Tail|41\/100 brn\n|move|p2a: Tyranitar|Rock Slide|p1b: Farigiraf|[spread] p1a,p1b\n|-damage|p1a: Amoonguss|75\/100\n|-damage|p1b: Farigiraf|70\/100\n|move|p2b: Scream Tail|Noble Roar|p1a: Amoonguss\n|-unboost|p1a: Amoonguss|atk|1\n|-unboost|p1a: Amoonguss|spa|1\n|\n|-weather|Sandstorm|[upkeep]\n|-damage|p1b: Farigiraf|64\/100|[from] Sandstorm\n|-damage|p1a: Amoonguss|69\/100|[from] Sandstorm\n|-damage|p2b: Scream Tail|36\/100 brn|[from] Sandstorm\n|-damage|p2a: Tyranitar|64\/100 brn|[from] brn\n|-damage|p2b: Scream Tail|30\/100 brn|[from] brn\n|upkeep\n|turn|3\n|\n|t:|1681954090\n|move|p1b: Farigiraf|Dazzling Gleam|p2a: Tyranitar|[spread] p2a,p2b\n|-supereffective|p2a: Tyranitar\n|-damage|p2a: Tyranitar|49\/100 brn\n|-damage|p2b: Scream Tail|14\/100 brn\n|move|p1a: Amoonguss|Clear Smog|p2b: Scream Tail\n|-supereffective|p2b: Scream Tail\n|-damage|p2b: Scream Tail|0 fnt\n|-clearboost|p2b: Scream Tail\n|faint|p2b: Scream Tail\n|-end|p2b: Scream Tail|Protosynthesis|[silent]\n|move|p2a: Tyranitar|Rock Slide|p1b: Farigiraf|[spread] p1a,p1b\n|-crit|p1a: Amoonguss\n|-damage|p1a: Amoonguss|33\/100\n|-damage|p1b: Farigiraf|37\/100\n|\n|-weather|Sandstorm|[upkeep]\n|-damage|p1b: Farigiraf|30\/100|[from] Sandstorm\n|-damage|p1a: Amoonguss|27\/100|[from] Sandstorm\n|-damage|p2a: Tyranitar|43\/100 brn|[from] brn\n|upkeep\n|\n|t:|1681954106\n|switch|p2b: Annihilape|Annihilape, L50, F|100\/100\n|turn|4\n|\n|t:|1681954119\n|switch|p1a: Torkoal|Torkoal, L50, M, shiny|94\/100\n|-weather|SunnyDay|[from] ability: Drought|[of] p1a: Torkoal\n|switch|p2a: Scizor|Scizor, L50, M|100\/100\n|-terastallize|p2b: Annihilape|Grass\n|move|p1b: Farigiraf|Dazzling Gleam|p2a: Scizor|[spread] p2a,p2b\n|-resisted|p2a: Scizor\n|-damage|p2a: Scizor|89\/100\n|-damage|p2b: Annihilape|81\/100\n|move|p2b: Annihilape|Drain Punch|p1b: Farigiraf\n|-damage|p1b: Farigiraf|0 fnt\n|-heal|p2b: Annihilape|97\/100|[from] drain|[of] p1b: Farigiraf\n|faint|p1b: Farigiraf\n|\n|-weather|SunnyDay|[upkeep]\n|-heal|p2b: Annihilape|100\/100|[from] item: Leftovers\n|upkeep\n|\n|t:|1681954130\n|switch|p1b: Amoonguss|Amoonguss, L50, F, shiny|60\/100\n|turn|5\n|\n|t:|1681954150\n|move|p2a: Scizor|Protect|p2a: Scizor\n|-singleturn|p2a: Scizor|Protect\n|move|p2b: Annihilape|Protect|p2b: Annihilape\n|-singleturn|p2b: Annihilape|Protect\n|move|p1b: Amoonguss|Rage Powder|p1b: Amoonguss\n|-singleturn|p1b: Amoonguss|move: Rage Powder\n|move|p1a: Torkoal|Eruption|p2b: Annihilape|[spread] \n|-activate|p2a: Scizor|move: Protect\n|-activate|p2b: Annihilape|move: Protect\n|\n|-weather|SunnyDay|[upkeep]\n|-fieldend|move: Trick Room\n|upkeep\n|turn|6\n|\n|t:|1681954165\n|switch|p2b: Tyranitar|Tyranitar, L50, M|43\/100 brn\n|-weather|Sandstorm|[from] ability: Sand Stream|[of] p2b: Tyranitar\n|move|p1b: Amoonguss|Rage Powder|p1b: Amoonguss\n|-singleturn|p1b: Amoonguss|move: Rage Powder\n|move|p2a: Scizor|Aerial Ace|p1b: Amoonguss\n|-supereffective|p1b: Amoonguss\n|-damage|p1b: Amoonguss|0 fnt\n|-damage|p2a: Scizor|72\/100|[from] item: Rocky Helmet|[of] p1b: Amoonguss\n|faint|p1b: Amoonguss\n|move|p1a: Torkoal|Eruption|p2b: Tyranitar|[spread] p2a,p2b\n|-supereffective|p2a: Scizor\n|-resisted|p2b: Tyranitar\n|-damage|p2a: Scizor|0 fnt\n|-damage|p2b: Tyranitar|31\/100 brn\n|faint|p2a: Scizor\n|\n|-weather|Sandstorm|[upkeep]\n|-damage|p1a: Torkoal|88\/100|[from] Sandstorm\n|-damage|p2b: Tyranitar|25\/100 brn|[from] brn\n|upkeep\n|\n|t:|1681954177\n|switch|p2a: Annihilape|Annihilape, L50, F, tera:Grass|100\/100\n|switch|p1b: Roaring Moon|Roaring Moon, L50|100\/100\n|turn|7\n|\n|t:|1681954196\n|-terastallize|p1b: Roaring Moon|Flying\n|move|p1b: Roaring Moon|Protect|p1b: Roaring Moon\n|-singleturn|p1b: Roaring Moon|Protect\n|move|p2a: Annihilape|Drain Punch|p1b: Roaring Moon\n|-activate|p1b: Roaring Moon|move: Protect\n|move|p2b: Tyranitar|Rock Slide|p1b: Roaring Moon|[spread] p1a\n|-activate|p1b: Roaring Moon|move: Protect\n|-supereffective|p1a: Torkoal\n|-damage|p1a: Torkoal|64\/100\n|move|p1a: Torkoal|Eruption|p2b: Tyranitar|[spread] p2a,p2b\n|-supereffective|p2a: Annihilape\n|-resisted|p2b: Tyranitar\n|-damage|p2a: Annihilape|12\/100\n|-damage|p2b: Tyranitar|15\/100 brn\n|\n|-weather|Sandstorm|[upkeep]\n|-damage|p1b: Roaring Moon|94\/100|[from] Sandstorm\n|-damage|p2a: Annihilape|6\/100|[from] Sandstorm\n|-damage|p1a: Torkoal|58\/100|[from] Sandstorm\n|-heal|p2a: Annihilape|12\/100|[from] item: Leftovers\n|-damage|p2b: Tyranitar|10\/100 brn|[from] brn\n|upkeep\n|turn|8\n|\n|t:|1681954214\n|move|p2a: Annihilape|Protect|p2a: Annihilape\n|-singleturn|p2a: Annihilape|Protect\n|move|p1b: Roaring Moon|Acrobatics|p2a: Annihilape\n|-activate|p2a: Annihilape|move: Protect\n|move|p2b: Tyranitar|Rock Slide|p1b: Roaring Moon|[spread] p1a,p1b\n|-supereffective|p1a: Torkoal\n|-supereffective|p1b: Roaring Moon\n|-crit|p1b: Roaring Moon\n|-damage|p1a: Torkoal|32\/100\n|-damage|p1b: Roaring Moon|33\/100\n|move|p1a: Torkoal|Eruption|p2b: Tyranitar|[spread] p2b\n|-activate|p2a: Annihilape|move: Protect\n|-resisted|p2b: Tyranitar\n|-damage|p2b: Tyranitar|5\/100 brn\n|\n|-weather|Sandstorm|[upkeep]\n|-damage|p1b: Roaring Moon|27\/100|[from] Sandstorm\n|-damage|p2a: Annihilape|6\/100|[from] Sandstorm\n|-damage|p1a: Torkoal|26\/100|[from] Sandstorm\n|-heal|p2a: Annihilape|12\/100|[from] item: Leftovers\n|-damage|p2b: Tyranitar|0 fnt|[from] brn\n|faint|p2b: Tyranitar\n|upkeep\n|turn|9\n|\n|t:|1681954227\n|move|p1b: Roaring Moon|Acrobatics|p2a: Annihilape\n|-supereffective|p2a: Annihilape\n|-damage|p2a: Annihilape|0 fnt\n|faint|p2a: Annihilape\n|\n|win|SnackIsle\n|raw|SnackIsle's rating: 1097 → 1125<\/strong> (+28 for winning)\n|raw|Tyranitar Abuser's rating: 1136 → 1108<\/strong> (-28 for losing)\n|l|\u2606Tyranitar Abuser\n","uploadtime":1681954235,"views":11,"p1id":"snackisle","p2id":"tyranitarabuser","formatid":"gen9vgc2023regulationc","rating":1108,"private":0,"password":""}