{"id":"gen9vgc2023regulationc-1862263065","p1":"aed96","p2":"Bullish21","format":"[Gen 9] VGC 2023 Regulation C","log":"|j|\u2606aed96\n|j|\u2606Bullish21\n|t:|1683856742\n|gametype|doubles\n|player|p1|aed96|red-masters|\n|player|p2|Bullish21|riley|\n|teamsize|p1|6\n|teamsize|p2|6\n|gen|9\n|tier|[Gen 9] VGC 2023 Regulation C\n|rule|Species Clause: Limit one of each Pok\u00e9mon\n|rule|Item Clause: Limit one of each item\n|clearpoke\n|poke|p1|Amoonguss, L50, M|\n|poke|p1|Azumarill, L50, M|\n|poke|p1|Espeon, L50, F|\n|poke|p1|Eelektross, L50, M|\n|poke|p1|Dragapult, L50, M|\n|poke|p1|Dragonite, L50, F|\n|poke|p2|Brambleghast, L50, M|\n|poke|p2|Ursaring, L50, M|\n|poke|p2|Lucario, L50, M|\n|poke|p2|Indeedee-F, L50, F|\n|poke|p2|Sylveon, L50, F|\n|poke|p2|Hatterene, L50, F|\n|teampreview|4\n|c|\u2606aed96|g2\nBullish21 has agreed to open team sheets.\naed96 has agreed to open team sheets.\n|\n|t:|1683857041\n|start\n|switch|p1a: Dragonite|Dragonite, L50, F|100\/100\n|switch|p1b: Dragapult|Dragapult, L50, M|100\/100\n|switch|p2a: Indeedee|Indeedee-F, L50, F|100\/100\n|switch|p2b: Hatterene|Hatterene, L50, F|100\/100\n|-fieldstart|move: Psychic Terrain|[from] ability: Psychic Surge|[of] p2a: Indeedee\n|-enditem|p2a: Indeedee|Psychic Seed\n|-boost|p2a: Indeedee|spd|1|[from] item: Psychic Seed\n|turn|1\n|\n|t:|1683857069\n|-terastallize|p2b: Hatterene|Steel\n|move|p1b: Dragapult|U-turn|p2a: Indeedee\n|-supereffective|p2a: Indeedee\n|-damage|p2a: Indeedee|41\/100\n|\n|t:|1683857074\n|switch|p1b: Espeon|Espeon, L50, F|100\/100|[from] U-turn\n|move|p1a: Dragonite|Ice Spinner|p2a: Indeedee\n|-damage|p2a: Indeedee|9\/100\n|-fieldend|move: Psychic Terrain\n|move|p2b: Hatterene|Dazzling Gleam|p1a: Dragonite|[spread] p1a,p1b\n|-supereffective|p1a: Dragonite\n|-damage|p1a: Dragonite|66\/100\n|-damage|p1b: Espeon|62\/100\n|move|p2a: Indeedee|Trick Room|p2a: Indeedee\n|-fieldstart|move: Trick Room|[of] p2a: Indeedee\n|\n|upkeep\n|turn|2\n|\n|t:|1683857092\n|move|p2a: Indeedee|Helping Hand|p2b: Hatterene\n|-singleturn|p2b: Hatterene|Helping Hand|[of] p2a: Indeedee\n|move|p1a: Dragonite|Extreme Speed|p2a: Indeedee\n|-damage|p2a: Indeedee|0 fnt\n|faint|p2a: Indeedee\n|move|p2b: Hatterene|Dazzling Gleam|p1a: Dragonite|[spread] p1a,p1b\n|-supereffective|p1a: Dragonite\n|-damage|p1a: Dragonite|0 fnt\n|-damage|p1b: Espeon|9\/100\n|-enditem|p1b: Espeon|Sitrus Berry|[eat]\n|-heal|p1b: Espeon|34\/100|[from] item: Sitrus Berry\n|faint|p1a: Dragonite\n|move|p1b: Espeon|Trick Room|p1b: Espeon\n|-fieldend|move: Trick Room\n|\n|upkeep\n|\n|t:|1683857109\n|switch|p1a: Azumarill|Azumarill, L50, M|100\/100\n|switch|p2a: Ursaring|Ursaring, L50, M|100\/100\n|turn|3\n|\n|t:|1683857145\n|-terastallize|p1a: Azumarill|Water\n|move|p1b: Espeon|Psychic|p2b: Hatterene\n|-resisted|p2b: Hatterene\n|-damage|p2b: Hatterene|77\/100\n|-unboost|p2b: Hatterene|spd|1\n|move|p1a: Azumarill|Liquidation|p2b: Hatterene\n|-damage|p2b: Hatterene|0 fnt\n|faint|p2b: Hatterene\n|-damage|p1a: Azumarill|91\/100|[from] item: Life Orb\n|move|p2a: Ursaring|Crunch|p1b: Espeon\n|-supereffective|p1b: Espeon\n|-damage|p1b: Espeon|0 fnt\n|faint|p1b: Espeon\n|\n|-status|p2a: Ursaring|brn|[from] item: Flame Orb\n|upkeep\n|\n|t:|1683857160\n|switch|p1b: Dragapult|Dragapult, L50, M|100\/100\n|switch|p2b: Sylveon|Sylveon, L50, F|100\/100\n|turn|4\n|\n|t:|1683857174\n|move|p1b: Dragapult|Phantom Force||[still]\n|-prepare|p1b: Dragapult|Phantom Force\n|move|p1a: Azumarill|Liquidation|p2a: Ursaring\n|-damage|p2a: Ursaring|0 fnt\n|faint|p2a: Ursaring\n|-damage|p1a: Azumarill|81\/100|[from] item: Life Orb\n|move|p2b: Sylveon|Hyper Voice|p1a: Azumarill|[spread] p1a\n|-miss|p2b: Sylveon|p1b: Dragapult\n|-damage|p1a: Azumarill|21\/100\n|\n|upkeep\n|turn|5\n|\n|t:|1683857187\n|move|p1a: Azumarill|Aqua Jet|p2b: Sylveon\n|-damage|p2b: Sylveon|48\/100\n|-damage|p1a: Azumarill|12\/100|[from] item: Life Orb\n|move|p1b: Dragapult|Phantom Force|p2b: Sylveon|[from]lockedmove\n|-damage|p2b: Sylveon|0 fnt\n|faint|p2b: Sylveon\n|\n|win|aed96\n|c|\u2606aed96|gg\n|c|\u2606Bullish21|gg\n","uploadtime":1683857507,"views":12,"p1id":"aed96","p2id":"bullish21","formatid":"gen9vgc2023regulationc","rating":0,"private":0,"password":""}