{"id":"gen9vgc2023regulationc-1852475104","p1":"Terry kloak","p2":"kirans","format":"[Gen 9] VGC 2023 Regulation C","log":"|j|\u2606Terry kloak\n|j|\u2606kirans\n|t:|1682562316\n|gametype|doubles\n|player|p1|Terry kloak|gentleman-gen4|1658\n|player|p2|kirans|266|1600\n|teamsize|p1|6\n|teamsize|p2|6\n|gen|9\n|tier|[Gen 9] VGC 2023 Regulation C\n|rated|\n|rule|Species Clause: Limit one of each Pok\u00e9mon\n|rule|Item Clause: Limit one of each item\n|clearpoke\n|poke|p1|Ceruledge, L50, F|\n|poke|p1|Orthworm, L50, M|\n|poke|p1|Ting-Lu, L50|\n|poke|p1|Dragonite, L50, F|\n|poke|p1|Iron Bundle, L50|\n|poke|p1|Gyarados, L50, M|\n|poke|p2|Iron Jugulis, L50|\n|poke|p2|Garchomp, L50, M|\n|poke|p2|Gholdengo, L50|\n|poke|p2|Gyarados, L50, M|\n|poke|p2|Chien-Pao, L50|\n|poke|p2|Azumarill, L50, F|\n|teampreview|4\nTerry kloak has agreed to open team sheets.\n|inactive|Battle timer is ON: inactive players will automatically lose when time's up. (requested by kirans)\n|inactive|Terry kloak has 60 seconds left.\n|\n|t:|1682562359\n|start\n|switch|p1a: Gyarados|Gyarados, L50, M|100\/100\n|switch|p1b: Orthworm|Orthworm, L50, M|100\/100\n|switch|p2a: Gyarados|Gyarados, L50, M|100\/100\n|switch|p2b: Azumarill|Azumarill, L50, F|100\/100\n|-ability|p1a: Gyarados|Intimidate|boost\n|-unboost|p2a: Gyarados|atk|1\n|-unboost|p2b: Azumarill|atk|1\n|-ability|p2a: Gyarados|Intimidate|boost\n|-unboost|p1a: Gyarados|atk|1\n|-unboost|p1b: Orthworm|atk|1\n|turn|1\n|\n|t:|1682562375\n|switch|p2b: Gholdengo|Gholdengo, L50|100\/100\n|move|p1a: Gyarados|Taunt|p2a: Gyarados\n|-start|p2a: Gyarados|move: Taunt\n|cant|p2a: Gyarados|move: Taunt|Taunt\n|move|p1b: Orthworm|Shed Tail|p1b: Orthworm\n|-start|p1b: Orthworm|Substitute|[from] move: Shed Tail\n|-damage|p1b: Orthworm|50\/100\n|-enditem|p1b: Orthworm|Sitrus Berry|[eat]\n|-heal|p1b: Orthworm|75\/100|[from] item: Sitrus Berry\n|\n|t:|1682562387\n|switch|p1b: Dragonite|Dragonite, L50, F|100\/100|[from] Shed Tail\n|\n|upkeep\n|turn|2\n|\n|t:|1682562400\n|-terastallize|p2b: Gholdengo|Steel\n|move|p1b: Dragonite|Dragon Dance|p1b: Dragonite\n|-boost|p1b: Dragonite|atk|1\n|-boost|p1b: Dragonite|spe|1\n|move|p2b: Gholdengo|Make It Rain|p1b: Dragonite|[spread] p1a,p1b\n|-end|p1b: Dragonite|Substitute\n|-resisted|p1a: Gyarados\n|-damage|p1a: Gyarados|65\/100\n|-unboost|p2b: Gholdengo|spa|1\n|move|p1a: Gyarados|Thunder Wave|p2a: Gyarados\n|-status|p2a: Gyarados|par\n|cant|p2a: Gyarados|par\n|\n|upkeep\n|turn|3\n|\n|t:|1682562422\n|switch|p2b: Azumarill|Azumarill, L50, F|100\/100\n|switch|p1a: Orthworm|Orthworm, L50, M|75\/100\n|move|p1b: Dragonite|Earthquake|p2b: Azumarill|[spread] p2b\n|-heal|p1a: Orthworm|99\/100|[from] ability: Earth Eater|[of] p1b: Dragonite\n|-immune|p2a: Gyarados\n|-damage|p2b: Azumarill|53\/100\n|move|p2a: Gyarados|Waterfall|p1b: Dragonite\n|-resisted|p1b: Dragonite\n|-damage|p1b: Dragonite|95\/100\n|\n|-end|p2a: Gyarados|move: Taunt\n|upkeep\n|turn|4\n|inactive|kirans has 30 seconds left.\n|\n|t:|1682562456\n|-terastallize|p1b: Dragonite|Flying\n|move|p1b: Dragonite|Rock Slide|p2a: Gyarados|[spread] p2b\n|-miss|p1b: Dragonite|p2a: Gyarados\n|-damage|p2b: Azumarill|21\/100\n|move|p2b: Azumarill|Play Rough|p1b: Dragonite\n|-damage|p1b: Dragonite|40\/100\n|move|p1a: Orthworm|Iron Head|p2b: Azumarill\n|-damage|p2b: Azumarill|0 fnt\n|faint|p2b: Azumarill\n|move|p2a: Gyarados|Taunt|p1a: Orthworm\n|-start|p1a: Orthworm|move: Taunt\n|\n|upkeep\n|j| THUNDERSND77\n|\n|t:|1682562465\n|switch|p2b: Gholdengo|Gholdengo, L50, tera:Steel|100\/100\n|turn|5\n|\n|t:|1682562483\n|move|p1b: Dragonite|Earthquake|p2b: Gholdengo|[spread] p2b\n|-heal|p1a: Orthworm|100\/100|[from] ability: Earth Eater|[of] p1b: Dragonite\n|-immune|p2a: Gyarados\n|-supereffective|p2b: Gholdengo\n|-damage|p2b: Gholdengo|27\/100\n|move|p2b: Gholdengo|Make It Rain|p1b: Dragonite|[spread] p1a,p1b\n|-resisted|p1a: Orthworm\n|-crit|p1a: Orthworm\n|-damage|p1a: Orthworm|0 fnt\n|-damage|p1b: Dragonite|0 fnt\n|-unboost|p2b: Gholdengo|spa|1\n|faint|p1a: Orthworm\n|faint|p1b: Dragonite\n|move|p2a: Gyarados|Waterfall|p1: Orthworm|[notarget]\n|-fail|p2a: Gyarados\n|\n|upkeep\n|\n|t:|1682562499\n|switch|p1b: Iron Bundle|Iron Bundle, L50|100\/100\n|switch|p1a: Gyarados|Gyarados, L50, M|65\/100\n|-ability|p1a: Gyarados|Intimidate|boost\n|-unboost|p2a: Gyarados|atk|1\n|-unboost|p2b: Gholdengo|atk|1\n|-enditem|p1b: Iron Bundle|Booster Energy\n|-activate|p1b: Iron Bundle|ability: Quark Drive|[fromitem]\n|-start|p1b: Iron Bundle|quarkdrivespe\n|turn|6\n|j| Gopii\n|\n|t:|1682562511\n|move|p1b: Iron Bundle|Chilling Water|p2b: Gholdengo\n|-damage|p2b: Gholdengo|2\/100\n|-unboost|p2b: Gholdengo|atk|1\n|move|p2b: Gholdengo|Make It Rain|p1b: Iron Bundle|[spread] p1a,p1b\n|-resisted|p1a: Gyarados\n|-damage|p1a: Gyarados|42\/100\n|-damage|p1b: Iron Bundle|0 fnt\n|-unboost|p2b: Gholdengo|spa|1\n|faint|p1b: Iron Bundle\n|-end|p1b: Iron Bundle|Quark Drive|[silent]\n|move|p1a: Gyarados|Taunt|p2a: Gyarados\n|-start|p2a: Gyarados|move: Taunt\n|cant|p2a: Gyarados|move: Taunt|Thunder Wave\n|\n|upkeep\n|turn|7\n|\n|t:|1682562528\n|move|p2b: Gholdengo|Make It Rain|p1a: Gyarados\n|-resisted|p1a: Gyarados\n|-damage|p1a: Gyarados|18\/100\n|-unboost|p2b: Gholdengo|spa|1\n|-enditem|p1a: Gyarados|Figy Berry|[eat]\n|-heal|p1a: Gyarados|51\/100|[from] item: Figy Berry\n|move|p1a: Gyarados|Earthquake|p2a: Gyarados|[spread] p2b\n|-immune|p2a: Gyarados\n|-supereffective|p2b: Gholdengo\n|-damage|p2b: Gholdengo|0 fnt\n|faint|p2b: Gholdengo\n|move|p2a: Gyarados|Waterfall|p1a: Gyarados\n|-resisted|p1a: Gyarados\n|-damage|p1a: Gyarados|42\/100\n|\n|upkeep\n|\n|t:|1682562536\n|switch|p2b: Chien-Pao|Chien-Pao, L50|100\/100\n|-ability|p2b: Chien-Pao|Sword of Ruin\n|turn|8\n|-message|Terry kloak forfeited.\n|\n|win|kirans\n|raw|Terry kloak's rating: 1658 → 1635<\/strong> (-23 for losing)\n|raw|kirans's rating: 1600 → 1623<\/strong> (+23 for winning)\n|l|\u2606Terry kloak\n|l|\u2606kirans\n|l| THUNDERSND77\n|l| Gopii\n","uploadtime":1682562569,"views":7,"p1id":"terrykloak","p2id":"kirans","formatid":"gen9vgc2023regulationc","rating":1623,"private":0,"password":""}