{"id":"gen9vgc2023regulationc-1854492099","p1":"tatsugirl i~","p2":"Somerandoguylol","format":"[Gen 9] VGC 2023 Regulation C","log":"|j|\u2606tatsugirl i~\n|j|\u2606Somerandoguylol\n|t:|1682817923\n|gametype|doubles\n|player|p1|tatsugirl i~|may-masters|\n|player|p2|Somerandoguylol|wallace|\n|teamsize|p1|6\n|teamsize|p2|6\n|gen|9\n|tier|[Gen 9] VGC 2023 Regulation C\n|rated|Tournament battle\n|rule|Species Clause: Limit one of each Pok\u00e9mon\n|rule|Item Clause: Limit one of each item\n|clearpoke\n|poke|p1|Kingambit, L50, M|\n|poke|p1|Gyarados, L50, M|\n|poke|p1|Dragapult, L50, F|\n|poke|p1|Flutter Mane, L50|\n|poke|p1|Chi-Yu, L50|\n|poke|p1|Dachsbun, L50, M|\n|poke|p2|Rabsca, L50, M|\n|poke|p2|Armarouge, L50, M|\n|poke|p2|Indeedee-F, L50, F|\n|poke|p2|Hatterene, L50, F|\n|poke|p2|Torkoal, L50, M|\n|poke|p2|Iron Hands, L50|\n|teampreview|4\n|raw| Open Team Sheet for tatsugirl i~<\/summary>Kingambit @ Safety Goggles Ability: Defiant Level: 50 Tera Type: Fire - Sucker Punch - Iron Head - Kowtow Cleave - Protect Gyarados @ Rocky Helmet Ability: Intimidate Level: 50 Tera Type: Steel - Waterfall - Iron Head - Icy Wind - Protect Dragapult @ Life Orb Ability: Clear Body Level: 50 Tera Type: Steel - Dragon Darts - Phantom Force - Will-O-Wisp - Protect Flutter Mane @ Booster Energy Ability: Protosynthesis Level: 50 Tera Type: Fairy - Shadow Ball - Moonblast - Dazzling Gleam - Protect Chi-Yu @ Charcoal Ability: Beads of Ruin Level: 50 Tera Type: Grass - Lava Plume - Heat Wave - Dark Pulse - Protect Dachsbun @ Leftovers Ability: Well-Baked Body Level: 50 Tera Type: Steel - Body Press - Play Rough - Yawn - Protect <\/details><\/div> Open Team Sheet for Somerandoguylol<\/summary>bug will shine (Rabsca) @ Focus Sash Ability: Synchronize Level: 50 Tera Type: Steel - Revival Blessing - Psychic - Rest - Sleep Talk magicians red (Armarouge) @ Life Orb Ability: Flash Fire Level: 50 Tera Type: Psychic - Expanding Force - Armor Cannon - Protect - Trick Room f (Indeedee-F) (F) @ Psychic Seed Ability: Psychic Surge Level: 50 Tera Type: Fairy - Follow Me - Trick Room - Dazzling Gleam - Protect Hatt (Hatterene) (F) @ Aguav Berry Ability: Magic Bounce Level: 50 Tera Type: Steel - Trick Room - Protect - Dazzling Gleam - Heal Pulse Turtle (Torkoal) @ Charcoal Ability: Drought Level: 50 Tera Type: Fire - Eruption - Flamethrower - Earth Power - Protect rhcp (Iron Hands) @ Sitrus Berry Ability: Quark Drive Level: 50 Tera Type: Fighting - Wild Charge - Drain Punch - Fake Out - Protect <\/details><\/div>\n|j| Radio Free C-Side\n|j| WaggaWoo\n|\n|t:|1682817954\n|start\n|switch|p1a: Kingambit|Kingambit, L50, M|100\/100\n|switch|p1b: Flutter Mane|Flutter Mane, L50|100\/100\n|switch|p2a: rhcp|Iron Hands, L50|100\/100\n|switch|p2b: Hatt|Hatterene, L50, F|100\/100\n|-enditem|p1b: Flutter Mane|Booster Energy\n|-activate|p1b: Flutter Mane|ability: Protosynthesis|[fromitem]\n|-start|p1b: Flutter Mane|protosynthesisspe\n|turn|1\n|c|\u2606Somerandoguylol|why do I always have to read turn 1\n|\n|t:|1682817990\n|move|p1a: Kingambit|Protect|p1a: Kingambit\n|-singleturn|p1a: Kingambit|Protect\n|move|p2b: Hatt|Protect|p2b: Hatt\n|-singleturn|p2b: Hatt|Protect\n|move|p1b: Flutter Mane|Moonblast|p2a: rhcp\n|-supereffective|p2a: rhcp\n|-damage|p2a: rhcp|31\/100\n|-unboost|p2a: rhcp|spa|1\n|-enditem|p2a: rhcp|Sitrus Berry|[eat]\n|-heal|p2a: rhcp|56\/100|[from] item: Sitrus Berry\n|move|p2a: rhcp|Drain Punch|p1a: Kingambit\n|-activate|p1a: Kingambit|move: Protect\n|\n|upkeep\n|turn|2\n|c|\u2606tatsugirl i~|yeah TR teams kinda necessate that\n|\n|t:|1682818028\n|move|p2a: rhcp|Protect|p2a: rhcp\n|-singleturn|p2a: rhcp|Protect\n|move|p1b: Flutter Mane|Moonblast|p2a: rhcp\n|-activate|p2a: rhcp|move: Protect\n|move|p1a: Kingambit|Iron Head|p2a: rhcp\n|-activate|p2a: rhcp|move: Protect\n|move|p2b: Hatt|Trick Room|p2b: Hatt\n|-fieldstart|move: Trick Room|[of] p2b: Hatt\n|\n|upkeep\n|turn|3\n|c|\u2606Somerandoguylol|I got that atleast\n|j| Crisblue444\n|c| Radio Free C-Side|why would you not iron head the hatt\n|c|\u2606tatsugirl i~|i didnt read the teamsheet\n|c|\u2606tatsugirl i~|i expected a tera steel\n|c|\u2606tatsugirl i~|since if hatt is killed\n|c|\u2606Somerandoguylol|it was\n|c| Radio Free C-Side|I respect that\n|c|\u2606tatsugirl i~|the game is donezo\n|c|\u2606tatsugirl i~|i didnt expect the risk\n|c|\u2606tatsugirl i~|shadow ball + iron head doesnt snipe probably\n|c|\u2606Somerandoguylol|I\u2019m a little risk you know\n|c|\u2606tatsugirl i~|vibe vibe\n|\n|t:|1682818105\n|move|p2b: Hatt|Heal Pulse|p2a: rhcp\n|-heal|p2a: rhcp|100\/100\n|move|p2a: rhcp|Wild Charge|p1b: Flutter Mane\n|-damage|p1b: Flutter Mane|19\/100\n|-damage|p2a: rhcp|89\/100|[from] Recoil\n|move|p1a: Kingambit|Iron Head|p2b: Hatt\n|-supereffective|p2b: Hatt\n|-damage|p2b: Hatt|0 fnt\n|faint|p2b: Hatt\n|move|p1b: Flutter Mane|Moonblast|p2a: rhcp\n|-supereffective|p2a: rhcp\n|-damage|p2a: rhcp|24\/100\n|-unboost|p2a: rhcp|spa|1\n|\n|upkeep\n|l| WaggaWoo\n|c|\u2606Somerandoguylol|oh no protect\n|\n|t:|1682818128\n|switch|p2b: Turtle|Torkoal, L50, M|100\/100\n|-weather|SunnyDay|[from] ability: Drought|[of] p2b: Turtle\n|turn|4\n|c|\u2606tatsugirl i~|mane is fat enough\n|c|\u2606Somerandoguylol|tork time\n|c|\u2606tatsugirl i~|is it\n|\n|t:|1682818143\n|switch|p1a: Dachsbun|Dachsbun, L50, M|100\/100\n|-terastallize|p2b: Turtle|Fire\n|move|p1b: Flutter Mane|Protect|p1b: Flutter Mane\n|-singleturn|p1b: Flutter Mane|Protect\n|move|p2b: Turtle|Eruption|p1b: Flutter Mane|[spread] \n|-activate|p1b: Flutter Mane|move: Protect\n|-ability|p1a: Dachsbun|Well-Baked Body|boost\n|-boost|p1a: Dachsbun|def|2\n|move|p2a: rhcp|Drain Punch|p1a: Dachsbun\n|-resisted|p1a: Dachsbun\n|-damage|p1a: Dachsbun|93\/100\n|-heal|p2a: rhcp|27\/100|[from] drain|[of] p1a: Dachsbun\n|\n|-weather|SunnyDay|[upkeep]\n|-heal|p1a: Dachsbun|99\/100|[from] item: Leftovers\n|upkeep\n|turn|5\n|c| Radio Free C-Side|mein gott it was not tork time\n|c|\u2606tatsugirl i~|its doggo time actually\n|c|\u2606tatsugirl i~|its few good MUs\n|c|\u2606tatsugirl i~|tork TR\n|j| ERZVZ\n|c|\u2606Somerandoguylol|gambit living for me is so bad\n|c|\u2606tatsugirl i~|why i was ok with TR maybe going up turn 2\n|c|\u2606Somerandoguylol|I see one way to win\n|c|\u2606Somerandoguylol|just a 1% chance of happening\n|c| Radio Free C-Side|tatsu dcs?\n|\n|t:|1682818226\n|move|p2b: Turtle|Protect|p2b: Turtle\n|-singleturn|p2b: Turtle|Protect\n|move|p2a: rhcp|Wild Charge|p1b: Flutter Mane\n|-damage|p1b: Flutter Mane|0 fnt\n|faint|p1b: Flutter Mane\n|-end|p1b: Flutter Mane|Protosynthesis|[silent]\n|-damage|p2a: rhcp|24\/100|[from] Recoil\n|move|p1a: Dachsbun|Body Press|p2b: Turtle\n|-activate|p2b: Turtle|move: Protect\n|\n|-weather|SunnyDay|[upkeep]\n|-heal|p1a: Dachsbun|100\/100|[from] item: Leftovers\n|upkeep\n|c|\u2606Somerandoguylol|no\n|c|\u2606tatsugirl i~|i expected an earth power wild charge hoping for crit\n|\n|t:|1682818248\n|switch|p1b: Chi-Yu|Chi-Yu, L50|100\/100\n|-ability|p1b: Chi-Yu|Beads of Ruin\n|turn|6\n|c|\u2606Somerandoguylol|played it safe\n|c| Radio Free C-Side|you dc and move on from pokemon to live a meaningful and well-rounded life?\n|\n|t:|1682818265\n|move|p1a: Dachsbun|Protect|p1a: Dachsbun\n|-singleturn|p1a: Dachsbun|Protect\n|move|p1b: Chi-Yu|Protect|p1b: Chi-Yu\n|-singleturn|p1b: Chi-Yu|Protect\n|move|p2b: Turtle|Earth Power|p1b: Chi-Yu\n|-activate|p1b: Chi-Yu|move: Protect\n|move|p2a: rhcp|Drain Punch|p1b: Chi-Yu\n|-activate|p1b: Chi-Yu|move: Protect\n|\n|-weather|SunnyDay|[upkeep]\n|-fieldend|move: Trick Room\n|upkeep\n|turn|7\n|\n|t:|1682818281\n|move|p2b: Turtle|Protect|p2b: Turtle\n|-singleturn|p2b: Turtle|Protect\n|move|p1b: Chi-Yu|Lava Plume|p2b: Turtle|[spread] p2a\n|-activate|p2b: Turtle|move: Protect\n|-ability|p1a: Dachsbun|Well-Baked Body|boost\n|-boost|p1a: Dachsbun|def|2\n|-damage|p2a: rhcp|0 fnt\n|faint|p2a: rhcp\n|-end|p2a: rhcp|Quark Drive|[silent]\n|move|p1a: Dachsbun|Body Press|p2b: Turtle\n|-activate|p2b: Turtle|move: Protect\n|\n|-weather|SunnyDay|[upkeep]\n|upkeep\n|\n|t:|1682818288\n|switch|p2a: bug will shine|Rabsca, L50, M|100\/100\n|turn|8\n|c|\u2606tatsugirl i~|armarouge\n|c|\u2606tatsugirl i~|can do stuff maybe\n|c|\u2606tatsugirl i~|nvm\n|c|\u2606Somerandoguylol|rabsca will win\n|c| Radio Free C-Side|rabsca reverse sweep time\n|\n|t:|1682818312\n|move|p1b: Chi-Yu|Lava Plume|p2b: Turtle|[spread] p2a,p2b\n|-ability|p1a: Dachsbun|Well-Baked Body|boost\n|-boost|p1a: Dachsbun|def|2\n|-supereffective|p2a: bug will shine\n|-resisted|p2b: Turtle\n|-enditem|p2a: bug will shine|Focus Sash\n|-damage|p2a: bug will shine|1\/100\n|-damage|p2b: Turtle|61\/100\n|move|p1a: Dachsbun|Body Press|p2b: Turtle\n|-damage|p2b: Turtle|0 fnt\n|faint|p2b: Turtle\n|move|p2a: bug will shine|Revival Blessing|p2a: bug will shine\n|\n|t:|1682818330\n|-heal|p2: Hatt|50\/100|[from] move: Revival Blessing\n|\n|-weather|none\n|upkeep\n|\n|t:|1682818334\n|switch|p2b: Hatt|Hatterene, L50, F|50\/100\n|turn|9\n|c|\u2606Somerandoguylol|tr pls\n|\n|t:|1682818347\n|move|p2b: Hatt|Protect|p2b: Hatt\n|-singleturn|p2b: Hatt|Protect\n|move|p1b: Chi-Yu|Lava Plume|p2a: bug will shine|[spread] p2a\n|-activate|p2b: Hatt|move: Protect\n|-immune|p1a: Dachsbun|[from] ability: Well-Baked Body\n|-supereffective|p2a: bug will shine\n|-damage|p2a: bug will shine|0 fnt\n|faint|p2a: bug will shine\n|move|p1a: Dachsbun|Body Press|p2b: Hatt\n|-activate|p2b: Hatt|move: Protect\n|\n|upkeep\n|turn|10\n|c|\u2606Somerandoguylol|I just need the inf protects\n|\n|t:|1682818359\n|move|p2b: Hatt|Protect||[still]\n|-fail|p2b: Hatt\n|move|p1b: Chi-Yu|Lava Plume|p2b: Hatt|[spread] p2b\n|-immune|p1a: Dachsbun|[from] ability: Well-Baked Body\n|-damage|p2b: Hatt|14\/100\n|-status|p2b: Hatt|brn\n|-enditem|p2b: Hatt|Aguav Berry|[eat]\n|-heal|p2b: Hatt|47\/100 brn|[from] item: Aguav Berry\n|move|p1a: Dachsbun|Body Press|p2b: Hatt\n|-resisted|p2b: Hatt\n|-damage|p2b: Hatt|18\/100 brn\n|\n|-damage|p2b: Hatt|12\/100 brn|[from] brn\n|upkeep\n|turn|11\n|c|\u2606Somerandoguylol|gg\n|-message|Somerandoguylol forfeited.\n|\n|win|tatsugirl i~\n|n|\u2606tatsugirl i~|tatsugirli\n|n|\u2606Somerandoguylol|somerandoguylol\n|n| Radio Free C-Side|radiofreecside\n|n| Crisblue444|crisblue444\n|n| ERZVZ|erzvz\n|c|\u2606tatsugirl i~|gg\n","uploadtime":1682818381,"views":13,"p1id":"tatsugirli","p2id":"somerandoguylol","formatid":"gen9vgc2023regulationc","rating":0,"private":0,"password":""}