{"id":"gen9vgc2023regulationc-1854945141","p1":"RamonTheKiller","p2":"Daneshi","format":"[Gen 9] VGC 2023 Regulation C","log":"|j|\u2606RamonTheKiller\n|j|\u2606Daneshi\n|t:|1682883575\n|gametype|doubles\n|player|p1|RamonTheKiller|palmer|1236\n|player|p2|Daneshi|hilbert-wonderlauncher|1169\n|teamsize|p1|6\n|teamsize|p2|6\n|gen|9\n|tier|[Gen 9] VGC 2023 Regulation C\n|rated|\n|rule|Species Clause: Limit one of each Pok\u00e9mon\n|rule|Item Clause: Limit one of each item\n|clearpoke\n|poke|p1|Flutter Mane, L50|\n|poke|p1|Palafin, L50, F|\n|poke|p1|Amoonguss, L50, M|\n|poke|p1|Arcanine, L50, F|\n|poke|p1|Ting-Lu, L50|\n|poke|p1|Iron Hands, L50|\n|poke|p2|Amoonguss, L50, M|\n|poke|p2|Tyranitar, L50, M|\n|poke|p2|Talonflame, L50, M|\n|poke|p2|Chien-Pao, L50|\n|poke|p2|Gyarados, L50, M|\n|poke|p2|Toxtricity, L50, F|\n|teampreview|4\n|\n|t:|1682883606\n|start\n|switch|p1a: Arcanine|Arcanine, L50, F|100\/100\n|switch|p1b: Ting-Lu|Ting-Lu, L50|100\/100\n|switch|p2a: Chien-Pao|Chien-Pao, L50|100\/100\n|switch|p2b: Talonflame|Talonflame, L50, M|100\/100\n|-ability|p2a: Chien-Pao|Sword of Ruin\n|-ability|p1a: Arcanine|Intimidate|boost\n|-unboost|p2a: Chien-Pao|atk|1\n|-unboost|p2b: Talonflame|atk|1\n|-ability|p1b: Ting-Lu|Vessel of Ruin\n|turn|1\n|\n|t:|1682883634\n|move|p2a: Chien-Pao|Protect|p2a: Chien-Pao\n|-singleturn|p2a: Chien-Pao|Protect\n|move|p2b: Talonflame|Tailwind|p2b: Talonflame\n|-sidestart|p2: Daneshi|move: Tailwind\n|move|p1a: Arcanine|Howl|p1a: Arcanine|[spread] p1a,p1b\n|-boost|p1a: Arcanine|atk|1\n|-boost|p1b: Ting-Lu|atk|1\n|move|p1b: Ting-Lu|Rock Slide|p2a: Chien-Pao|[spread] p2b\n|-activate|p2a: Chien-Pao|move: Protect\n|-supereffective|p2b: Talonflame\n|-damage|p2b: Talonflame|0 fnt\n|faint|p2b: Talonflame\n|\n|upkeep\n|\n|t:|1682883651\n|switch|p2b: Tyranitar|Tyranitar, L50, M|100\/100\n|-weather|Sandstorm|[from] ability: Sand Stream|[of] p2b: Tyranitar\n|turn|2\n|\n|t:|1682883672\n|-terastallize|p2a: Chien-Pao|Ghost\n|move|p2a: Chien-Pao|Sacred Sword|p1a: Arcanine\n|-damage|p1a: Arcanine|66\/100\n|move|p2b: Tyranitar|Rock Slide|p1a: Arcanine|[spread] p1a,p1b\n|-supereffective|p1a: Arcanine\n|-resisted|p1b: Ting-Lu\n|-damage|p1a: Arcanine|0 fnt\n|-damage|p1b: Ting-Lu|88\/100\n|faint|p1a: Arcanine\n|move|p1b: Ting-Lu|Rock Slide|p2b: Tyranitar|[spread] p2a,p2b\n|-damage|p2a: Chien-Pao|60\/100\n|-damage|p2b: Tyranitar|76\/100\n|\n|-weather|Sandstorm|[upkeep]\n|-damage|p2a: Chien-Pao|54\/100|[from] Sandstorm\n|upkeep\n|\n|t:|1682883687\n|switch|p1a: Amoonguss|Amoonguss, L50, M|100\/100\n|turn|3\n|\n|t:|1682883714\n|move|p2a: Chien-Pao|Protect|p2a: Chien-Pao\n|-singleturn|p2a: Chien-Pao|Protect\n|move|p2b: Tyranitar|Earthquake|p1a: Amoonguss|[spread] p1a,p1b\n|-activate|p2a: Chien-Pao|move: Protect\n|-damage|p1a: Amoonguss|73\/100\n|-damage|p1b: Ting-Lu|66\/100\n|move|p1b: Ting-Lu|Throat Chop|p2a: Chien-Pao\n|-activate|p2a: Chien-Pao|move: Protect\n|move|p1a: Amoonguss|Spore|p2b: Tyranitar\n|-status|p2b: Tyranitar|slp|[from] move: Spore\n|\n|-weather|Sandstorm|[upkeep]\n|-damage|p2a: Chien-Pao|49\/100|[from] Sandstorm\n|-damage|p1a: Amoonguss|67\/100|[from] Sandstorm\n|upkeep\n|turn|4\n|\n|t:|1682883738\n|move|p2a: Chien-Pao|Ice Spinner|p1a: Amoonguss\n|-supereffective|p1a: Amoonguss\n|-damage|p1a: Amoonguss|7\/100\n|-enditem|p1a: Amoonguss|Sitrus Berry|[eat]\n|-heal|p1a: Amoonguss|32\/100|[from] item: Sitrus Berry\n|cant|p2b: Tyranitar|slp\n|move|p1b: Ting-Lu|Throat Chop|p2a: Chien-Pao\n|-supereffective|p2a: Chien-Pao\n|-damage|p2a: Chien-Pao|0 fnt\n|faint|p2a: Chien-Pao\n|move|p1a: Amoonguss|Pollen Puff|p1b: Ting-Lu\n|-heal|p1b: Ting-Lu|100\/100\n|\n|-weather|Sandstorm|[upkeep]\n|-damage|p1a: Amoonguss|26\/100|[from] Sandstorm\n|-sideend|p2: Daneshi|move: Tailwind\n|upkeep\n|\n|t:|1682883752\n|switch|p2a: Toxtricity|Toxtricity, L50, F|100\/100\n|turn|5\n|\n|t:|1682883776\n|move|p2a: Toxtricity|Protect|p2a: Toxtricity\n|-singleturn|p2a: Toxtricity|Protect\n|-curestatus|p2b: Tyranitar|slp|[msg]\n|move|p2b: Tyranitar|Earthquake|p1a: Amoonguss|[spread] p1a,p1b\n|-activate|p2a: Toxtricity|move: Protect\n|-damage|p1a: Amoonguss|6\/100\n|-damage|p1b: Ting-Lu|85\/100\n|move|p1b: Ting-Lu|Earthquake|p2a: Toxtricity|[spread] p1a,p2b\n|-activate|p2a: Toxtricity|move: Protect\n|-supereffective|p2b: Tyranitar\n|-damage|p1a: Amoonguss|0 fnt\n|-damage|p2b: Tyranitar|0 fnt\n|faint|p1a: Amoonguss\n|faint|p2b: Tyranitar\n|\n|-weather|Sandstorm|[upkeep]\n|-damage|p2a: Toxtricity|94\/100|[from] Sandstorm\n|upkeep\n|\n|t:|1682883792\n|switch|p1a: Flutter Mane|Flutter Mane, L50|100\/100\n|-enditem|p1a: Flutter Mane|Booster Energy\n|-activate|p1a: Flutter Mane|ability: Protosynthesis|[fromitem]\n|-start|p1a: Flutter Mane|protosynthesisspe\n|turn|6\n|\n|t:|1682883804\n|move|p1a: Flutter Mane|Protect|p1a: Flutter Mane\n|-singleturn|p1a: Flutter Mane|Protect\n|move|p2a: Toxtricity|Overdrive|p1a: Flutter Mane|[spread] \n|-activate|p1a: Flutter Mane|move: Protect\n|-immune|p1b: Ting-Lu\n|move|p1b: Ting-Lu|Earthquake|p2a: Toxtricity|[spread] p2a\n|-activate|p1a: Flutter Mane|move: Protect\n|-supereffective|p2a: Toxtricity\n|-crit|p2a: Toxtricity\n|-damage|p2a: Toxtricity|0 fnt\n|faint|p2a: Toxtricity\n|\n|win|RamonTheKiller\n|raw|RamonTheKiller's rating: 1236 → 1256<\/strong> (+20 for winning)\n|raw|Daneshi's rating: 1169 → 1149<\/strong> (-20 for losing)\n|l|\u2606Daneshi\n","uploadtime":1682883824,"views":6,"p1id":"ramonthekiller","p2id":"daneshi","formatid":"gen9vgc2023regulationc","rating":1149,"private":0,"password":""}