{"id":"gen9vgc2023regulationc-1854932689","p1":"jnijojioj","p2":"Thossq","format":"[Gen 9] VGC 2023 Regulation C","log":"|j|\u2606jnijojioj\n|j|\u2606Thossq\n|t:|1682882220\n|gametype|doubles\n|player|p1|jnijojioj|1|1000\n|player|p2|Thossq|sabrina|1008\n|teamsize|p1|6\n|teamsize|p2|6\n|gen|9\n|tier|[Gen 9] VGC 2023 Regulation C\n|rated|\n|rule|Species Clause: Limit one of each Pok\u00e9mon\n|rule|Item Clause: Limit one of each item\n|clearpoke\n|poke|p1|Orthworm, L50, F|\n|poke|p1|Ting-Lu, L50|\n|poke|p1|Iron Hands, L50|\n|poke|p1|Dragonite, L50, F|\n|poke|p1|Talonflame, L50, M|\n|poke|p1|Maushold, L50|\n|poke|p2|Cetitan, L50, M|\n|poke|p2|Kingambit, L50, F|\n|poke|p2|Indeedee-F, L50, F|\n|poke|p2|Abomasnow, L50, M|\n|poke|p2|Armarouge, L50, F|\n|poke|p2|Maushold, L50|\n|teampreview|4\n|inactive|Battle timer is ON: inactive players will automatically lose when time's up. (requested by jnijojioj)\n|inactive|jnijojioj has 60 seconds left.\n|inactive|Thossq has 60 seconds left.\n|\n|t:|1682882258\n|start\n|switch|p1a: Orthworm|Orthworm, L50, F|100\/100\n|switch|p1b: Ting-Lu|Ting-Lu, L50|100\/100\n|switch|p2a: Indeedee|Indeedee-F, L50, F|100\/100\n|switch|p2b: Abomasnow|Abomasnow, L50, M|100\/100\n|-ability|p1b: Ting-Lu|Vessel of Ruin\n|-fieldstart|move: Psychic Terrain|[from] ability: Psychic Surge|[of] p2a: Indeedee\n|-weather|Snow|[from] ability: Snow Warning|[of] p2b: Abomasnow\n|turn|1\n|inactive|jnijojioj has 30 seconds left.\n|inactive|Thossq has 30 seconds left.\n|inactive|Thossq has 20 seconds left.\n|\n|t:|1682882310\n|-terastallize|p1a: Orthworm|Fighting\n|move|p1b: Ting-Lu|Rock Slide|p2a: Indeedee|[spread] p2a,p2b\n|-supereffective|p2b: Abomasnow\n|-damage|p2a: Indeedee|78\/100\n|-damage|p2b: Abomasnow|73\/100\n|move|p1a: Orthworm|Body Press|p2b: Abomasnow\n|-supereffective|p2b: Abomasnow\n|-damage|p2b: Abomasnow|0 fnt\n|faint|p2b: Abomasnow\n|move|p2a: Indeedee|Trick Room|p2a: Indeedee\n|-fieldstart|move: Trick Room|[of] p2a: Indeedee\n|\n|-weather|Snow|[upkeep]\n|upkeep\n|\n|t:|1682882324\n|switch|p2b: Cetitan|Cetitan, L50, M|100\/100\n|turn|2\n|inactive|jnijojioj has 30 seconds left.\n|\n|t:|1682882353\n|move|p2a: Indeedee|Follow Me|p2a: Indeedee\n|-singleturn|p2a: Indeedee|move: Follow Me\n|move|p2b: Cetitan|Belly Drum|p2b: Cetitan\n|-damage|p2b: Cetitan|50\/100\n|-setboost|p2b: Cetitan|atk|6|[from] move: Belly Drum\n|-enditem|p2b: Cetitan|Sitrus Berry|[eat]\n|-heal|p2b: Cetitan|75\/100|[from] item: Sitrus Berry\n|move|p1a: Orthworm|Body Press|p2a: Indeedee\n|-crit|p2a: Indeedee\n|-damage|p2a: Indeedee|0 fnt\n|faint|p2a: Indeedee\n|move|p1b: Ting-Lu|Earthquake|p2b: Cetitan|[spread] p2b\n|-immune|p1a: Orthworm|[from] ability: Earth Eater\n|-damage|p2b: Cetitan|59\/100\n|\n|-weather|Snow|[upkeep]\n|upkeep\n|\n|t:|1682882368\n|switch|p2a: Armarouge|Armarouge, L50, F|100\/100\n|turn|3\n|inactive|jnijojioj has 30 seconds left.\n|\n|t:|1682882400\n|move|p2a: Armarouge|Expanding Force|p1b: Ting-Lu|[spread] p1a\n|-immune|p1b: Ting-Lu\n|-supereffective|p1a: Orthworm\n|-damage|p1a: Orthworm|0 fnt\n|faint|p1a: Orthworm\n|-damage|p2a: Armarouge|91\/100|[from] item: Life Orb\n|move|p2b: Cetitan|Liquidation|p1b: Ting-Lu\n|-supereffective|p1b: Ting-Lu\n|-damage|p1b: Ting-Lu|0 fnt\n|faint|p1b: Ting-Lu\n|\n|-weather|Snow|[upkeep]\n|upkeep\n|\n|t:|1682882413\n|switch|p1a: Iron Hands|Iron Hands, L50|100\/100\n|switch|p1b: Maushold|Maushold, L50|100\/100\n|-enditem|p1a: Iron Hands|Booster Energy\n|-activate|p1a: Iron Hands|ability: Quark Drive|[fromitem]\n|-start|p1a: Iron Hands|quarkdriveatk\n|turn|4\n|inactive|jnijojioj has 30 seconds left.\n|inactive|Thossq has 30 seconds left.\n|\n|t:|1682882441\n|move|p1b: Maushold|Protect|p1b: Maushold\n|-singleturn|p1b: Maushold|Protect\n|move|p1a: Iron Hands|Earthquake|p2a: Armarouge|[spread] p2a,p2b\n|-activate|p1b: Maushold|move: Protect\n|-supereffective|p2a: Armarouge\n|-damage|p2a: Armarouge|41\/100\n|-damage|p2b: Cetitan|41\/100\n|move|p2a: Armarouge|Expanding Force|p1a: Iron Hands|[spread] p1a\n|-activate|p1b: Maushold|move: Protect\n|-supereffective|p1a: Iron Hands\n|-damage|p1a: Iron Hands|28\/100\n|-damage|p2a: Armarouge|31\/100|[from] item: Life Orb\n|move|p2b: Cetitan|Liquidation|p1b: Maushold\n|-activate|p1b: Maushold|move: Protect\n|\n|-weather|Snow|[upkeep]\n|upkeep\n|turn|5\n|inactive|jnijojioj has 30 seconds left.\n|inactive|Thossq has 30 seconds left.\n|inactive|jnijojioj has 20 seconds left.\n|inactive|Thossq has 20 seconds left.\n|inactive|Thossq has 15 seconds left.\n|inactive|Thossq has 10 seconds left.\n|\n|t:|1682882487\n|-terastallize|p2a: Armarouge|Grass\n|move|p2b: Cetitan|Protect|p2b: Cetitan\n|-singleturn|p2b: Cetitan|Protect\n|move|p1b: Maushold|Follow Me|p1b: Maushold\n|-singleturn|p1b: Maushold|move: Follow Me\n|move|p1a: Iron Hands|Drain Punch|p2b: Cetitan\n|-activate|p2b: Cetitan|move: Protect\n|move|p2a: Armarouge|Expanding Force|p1b: Maushold|[spread] p1a,p1b\n|-supereffective|p1a: Iron Hands\n|-crit|p1b: Maushold\n|-damage|p1a: Iron Hands|0 fnt\n|-damage|p1b: Maushold|0 fnt\n|faint|p1a: Iron Hands\n|-end|p1a: Iron Hands|Quark Drive|[silent]\n|faint|p1b: Maushold\n|-damage|p2a: Armarouge|21\/100|[from] item: Life Orb\n|\n|win|Thossq\n|raw|jnijojioj's rating: 1000 → 1000<\/strong> (+0 for losing)\n|raw|Thossq's rating: 1008 → 1046<\/strong> (+38 for winning)\n|l|\u2606jnijojioj\n","uploadtime":1682882531,"views":5,"p1id":"jnijojioj","p2id":"thossq","formatid":"gen9vgc2023regulationc","rating":1000,"private":0,"password":""}