{"id":"gen9vgc2023regulationc-1856149314","p1":"JumpluffGoodCopium","p2":"Ariel94","format":"[Gen 9] VGC 2023 Regulation C","log":"|j|\u2606JumpluffGoodCopium\n|j|\u2606Ariel94\n|t:|1683035202\n|gametype|doubles\n|player|p1|JumpluffGoodCopium|dawn-gen4pt|1093\n|player|p2|Ariel94|170|1098\n|teamsize|p1|6\n|teamsize|p2|6\n|gen|9\n|tier|[Gen 9] VGC 2023 Regulation C\n|rated|\n|rule|Species Clause: Limit one of each Pok\u00e9mon\n|rule|Item Clause: Limit one of each item\n|clearpoke\n|poke|p1|Jumpluff, L50, F|\n|poke|p1|Torkoal, L50, M|\n|poke|p1|Flutter Mane, L50|\n|poke|p1|Amoonguss, L50, F|\n|poke|p1|Garganacl, L50, M|\n|poke|p1|Chi-Yu, L50|\n|poke|p2|Volcarona, L50, M|\n|poke|p2|Scizor, L50, M|\n|poke|p2|Slither Wing, L50|\n|poke|p2|Rabsca, L50, M|\n|poke|p2|Heracross, L50, M|\n|poke|p2|Vivillon, L50, F|\n|teampreview|4\n|j| boloderole\nJumpluffGoodCopium has agreed to open team sheets.\n|inactive|Battle timer is ON: inactive players will automatically lose when time's up. (requested by JumpluffGoodCopium)\n|\n|t:|1683035235\n|start\n|switch|p1a: Jumpluff|Jumpluff, L50, F|100\/100\n|switch|p1b: Chi-Yu|Chi-Yu, L50|100\/100\n|switch|p2a: Heracross|Heracross, L50, M|100\/100\n|switch|p2b: Vivillon|Vivillon, L50, F|100\/100\n|-ability|p1b: Chi-Yu|Beads of Ruin\n|turn|1\n|\n|t:|1683035253\n|move|p1a: Jumpluff|Helping Hand|p1b: Chi-Yu\n|-singleturn|p1b: Chi-Yu|Helping Hand|[of] p1a: Jumpluff\n|move|p2a: Heracross|Protect|p2a: Heracross\n|-singleturn|p2a: Heracross|Protect\n|move|p1b: Chi-Yu|Heat Wave|p2b: Vivillon|[spread] p2b\n|-activate|p2a: Heracross|move: Protect\n|-supereffective|p2b: Vivillon\n|-enditem|p2b: Vivillon|Focus Sash\n|-damage|p2b: Vivillon|1\/100\n|move|p2b: Vivillon|Tailwind|p2b: Vivillon\n|-sidestart|p2: Ariel94|move: Tailwind\n|\n|-status|p2a: Heracross|brn|[from] item: Flame Orb\n|upkeep\n|turn|2\n|\n|t:|1683035272\n|switch|p1b: Torkoal|Torkoal, L50, M|100\/100\n|-weather|SunnyDay|[from] ability: Drought|[of] p1b: Torkoal\n|-terastallize|p2a: Heracross|Ground\n|move|p2b: Vivillon|Rage Powder|p2b: Vivillon\n|-singleturn|p2b: Vivillon|move: Rage Powder\n|move|p1a: Jumpluff|Tailwind|p1a: Jumpluff\n|-sidestart|p1: JumpluffGoodCopium|move: Tailwind\n|move|p2a: Heracross|Earthquake|p1a: Jumpluff|[spread] p1b\n|-immune|p2b: Vivillon\n|-immune|p1a: Jumpluff\n|-supereffective|p1b: Torkoal\n|-damage|p1b: Torkoal|0 fnt\n|faint|p1b: Torkoal\n|\n|-weather|SunnyDay|[upkeep]\n|-damage|p2a: Heracross|95\/100 brn|[from] brn\n|upkeep\n|\n|t:|1683035289\n|switch|p1b: Flutter Mane|Flutter Mane, L50|100\/100\n|-activate|p1b: Flutter Mane|ability: Protosynthesis\n|-start|p1b: Flutter Mane|protosynthesisspa\n|turn|3\n|\n|t:|1683035310\n|move|p2b: Vivillon|Protect|p2b: Vivillon\n|-singleturn|p2b: Vivillon|Protect\n|move|p1a: Jumpluff|Pollen Puff|p2b: Vivillon\n|-activate|p2b: Vivillon|move: Protect\n|move|p1b: Flutter Mane|Substitute|p1b: Flutter Mane\n|-start|p1b: Flutter Mane|Substitute\n|-damage|p1b: Flutter Mane|76\/100\n|move|p2a: Heracross|Close Combat|p1a: Jumpluff\n|-resisted|p1a: Jumpluff\n|-damage|p1a: Jumpluff|38\/100\n|-unboost|p2a: Heracross|def|1\n|-unboost|p2a: Heracross|spd|1\n|\n|-weather|SunnyDay|[upkeep]\n|-damage|p2a: Heracross|89\/100 brn|[from] brn\n|upkeep\n|turn|4\n|\n|t:|1683035331\n|move|p2a: Heracross|Protect|p2a: Heracross\n|-singleturn|p2a: Heracross|Protect\n|move|p1a: Jumpluff|Pollen Puff|p2b: Vivillon\n|-resisted|p2b: Vivillon\n|-damage|p2b: Vivillon|0 fnt\n|faint|p2b: Vivillon\n|move|p1b: Flutter Mane|Hex|p2a: Heracross\n|-activate|p2a: Heracross|move: Protect\n|\n|-weather|SunnyDay|[upkeep]\n|-damage|p2a: Heracross|83\/100 brn|[from] brn\n|-sideend|p2: Ariel94|move: Tailwind\n|upkeep\n|\n|t:|1683035344\n|switch|p2b: Volcarona|Volcarona, L50, M|100\/100\n|turn|5\n|\n|t:|1683035362\n|-terastallize|p1b: Flutter Mane|Fairy\n|move|p1a: Jumpluff|Helping Hand|p1b: Flutter Mane\n|-singleturn|p1b: Flutter Mane|Helping Hand|[of] p1a: Jumpluff\n|move|p1b: Flutter Mane|Moonblast|p2b: Volcarona\n|-resisted|p2b: Volcarona\n|-damage|p2b: Volcarona|25\/100\n|-unboost|p2b: Volcarona|spa|1\n|move|p2b: Volcarona|Quiver Dance|p2b: Volcarona\n|-boost|p2b: Volcarona|spa|1\n|-boost|p2b: Volcarona|spd|1\n|-boost|p2b: Volcarona|spe|1\n|move|p2a: Heracross|Swords Dance|p2a: Heracross\n|-boost|p2a: Heracross|atk|2\n|\n|-weather|SunnyDay|[upkeep]\n|-heal|p2b: Volcarona|32\/100|[from] item: Leftovers\n|-damage|p2a: Heracross|77\/100 brn|[from] brn\n|-sideend|p1: JumpluffGoodCopium|move: Tailwind\n|upkeep\n|turn|6\n|\n|t:|1683035383\n|move|p1b: Flutter Mane|Protect|p1b: Flutter Mane\n|-singleturn|p1b: Flutter Mane|Protect\n|move|p2b: Volcarona|Rage Powder|p2b: Volcarona\n|-singleturn|p2b: Volcarona|move: Rage Powder\n|move|p1a: Jumpluff|Tailwind|p1a: Jumpluff\n|-sidestart|p1: JumpluffGoodCopium|move: Tailwind\n|move|p2a: Heracross|Close Combat|p1a: Jumpluff\n|-resisted|p1a: Jumpluff\n|-damage|p1a: Jumpluff|0 fnt\n|-unboost|p2a: Heracross|def|1\n|-unboost|p2a: Heracross|spd|1\n|faint|p1a: Jumpluff\n|\n|-weather|none\n|-end|p1b: Flutter Mane|Protosynthesis\n|-heal|p2b: Volcarona|38\/100|[from] item: Leftovers\n|-damage|p2a: Heracross|71\/100 brn|[from] brn\n|upkeep\n|-enditem|p1b: Flutter Mane|Booster Energy\n|-activate|p1b: Flutter Mane|ability: Protosynthesis|[fromitem]\n|-start|p1b: Flutter Mane|protosynthesisspa\n|\n|t:|1683035391\n|switch|p1a: Chi-Yu|Chi-Yu, L50|100\/100\n|-ability|p1a: Chi-Yu|Beads of Ruin\n|turn|7\n|\n|t:|1683035405\n|move|p2b: Volcarona|Protect|p2b: Volcarona\n|-singleturn|p2b: Volcarona|Protect\n|move|p1b: Flutter Mane|Moonblast|p2b: Volcarona\n|-activate|p2b: Volcarona|move: Protect\n|move|p1a: Chi-Yu|Heat Wave|p2a: Heracross|[spread] p2a\n|-activate|p2b: Volcarona|move: Protect\n|-damage|p2a: Heracross|0 fnt\n|faint|p2a: Heracross\n|\n|-heal|p2b: Volcarona|44\/100|[from] item: Leftovers\n|upkeep\n|\n|t:|1683035417\n|switch|p2a: Scizor|Scizor, L50, M|100\/100\n|turn|8\n|inactive|Ariel94 has 30 seconds left.\n|inactive|Ariel94 has 20 seconds left.\n|\n|t:|1683035456\n|move|p2a: Scizor|Bullet Punch|p1b: Flutter Mane\n|-supereffective|p1b: Flutter Mane\n|-end|p1b: Flutter Mane|Substitute\n|move|p1b: Flutter Mane|Moonblast|p2b: Volcarona\n|-resisted|p2b: Volcarona\n|-damage|p2b: Volcarona|0 fnt\n|faint|p2b: Volcarona\n|move|p1a: Chi-Yu|Heat Wave|p2a: Scizor\n|-supereffective|p2a: Scizor\n|-damage|p2a: Scizor|0 fnt\n|faint|p2a: Scizor\n|\n|win|JumpluffGoodCopium\n|raw|JumpluffGoodCopium's rating: 1093 → 1119<\/strong> (+26 for winning)\n|raw|Ariel94's rating: 1098 → 1073<\/strong> (-25 for losing)\n","uploadtime":1683035472,"views":4,"p1id":"jumpluffgoodcopium","p2id":"ariel94","formatid":"gen9vgc2023regulationc","rating":1073,"private":0,"password":""}