{"id":"gen9vgc2023regulationc-1864339916","p1":"nightamara","p2":"Valkdreizer","format":"[Gen 9] VGC 2023 Regulation C","log":"|j|\u2606nightamara\n|j|\u2606Valkdreizer\n|t:|1684157310\n|gametype|doubles\n|player|p1|nightamara|greta-gen3|1154\n|player|p2|Valkdreizer|hilbert|1165\n|teamsize|p1|6\n|teamsize|p2|6\n|gen|9\n|tier|[Gen 9] VGC 2023 Regulation C\n|rated|\n|rule|Species Clause: Limit one of each Pok\u00e9mon\n|rule|Item Clause: Limit one of each item\n|clearpoke\n|poke|p1|Talonflame, L50, F|\n|poke|p1|Great Tusk, L50|\n|poke|p1|Flutter Mane, L50|\n|poke|p1|Chien-Pao, L50|\n|poke|p1|Amoonguss, L50, F|\n|poke|p1|Kingambit, L50, M|\n|poke|p2|Talonflame, L50, F|\n|poke|p2|Roaring Moon, L50|\n|poke|p2|Tsareena, L50, F|\n|poke|p2|Gyarados, L50, M|\n|poke|p2|Chi-Yu, L50|\n|poke|p2|Flutter Mane, L50|\n|teampreview|4\nnightamara has agreed to open team sheets.\n|inactive|Battle timer is ON: inactive players will automatically lose when time's up. (requested by Valkdreizer)\n|inactive|Valkdreizer has 60 seconds left.\n|\n|t:|1684157350\n|start\n|switch|p1a: Talonflame|Talonflame, L50, F|100\/100\n|switch|p1b: Great Tusk|Great Tusk, L50|100\/100\n|switch|p2a: Talonflame|Talonflame, L50, F|100\/100\n|switch|p2b: Tsareena|Tsareena, L50, F|100\/100\n|turn|1\n|\n|t:|1684157371\n|-terastallize|p2b: Tsareena|Water\n|move|p1b: Great Tusk|Rock Slide|p2b: Tsareena|[spread] p2a,p2b\n|-supereffective|p2a: Talonflame\n|-enditem|p2a: Talonflame|Focus Sash\n|-damage|p2a: Talonflame|1\/100\n|-damage|p2b: Tsareena|77\/100\n|move|p1a: Talonflame|Will-O-Wisp|p2b: Tsareena\n|-status|p2b: Tsareena|brn\n|cant|p2a: Talonflame|flinch\n|cant|p2b: Tsareena|flinch\n|\n|-damage|p2b: Tsareena|71\/100 brn|[from] brn\n|upkeep\n|turn|2\n|inactive|nightamara has 30 seconds left.\n|inactive|nightamara has 20 seconds left.\n|inactive|nightamara has 15 seconds left.\n|\n|t:|1684157413\n|switch|p1a: Flutter Mane|Flutter Mane, L50, shiny|100\/100\n|-enditem|p1a: Flutter Mane|Booster Energy\n|-activate|p1a: Flutter Mane|ability: Protosynthesis|[fromitem]\n|-start|p1a: Flutter Mane|protosynthesisspa\n|move|p1b: Great Tusk|Rock Slide|p2a: Talonflame|[spread] p2a,p2b\n|-supereffective|p2a: Talonflame\n|-damage|p2a: Talonflame|0 fnt\n|-damage|p2b: Tsareena|51\/100 brn\n|faint|p2a: Talonflame\n|cant|p2b: Tsareena|flinch\n|\n|-damage|p2b: Tsareena|45\/100 brn|[from] brn\n|upkeep\n|c|\u2606nightamara|xD\n|\n|t:|1684157435\n|switch|p2a: Roaring Moon|Roaring Moon, L50|100\/100\n|turn|3\n|\n|t:|1684157447\n|-end|p1b: Great Tusk|Protosynthesis|[silent]\n|switch|p1b: Chien-Pao|Chien-Pao, L50|100\/100\n|-ability|p1b: Chien-Pao|Sword of Ruin\n|move|p1a: Flutter Mane|Protect|p1a: Flutter Mane\n|-singleturn|p1a: Flutter Mane|Protect\n|move|p2a: Roaring Moon|Acrobatics|p1a: Flutter Mane\n|-activate|p1a: Flutter Mane|move: Protect\n|move|p2b: Tsareena|Teeter Dance|p1a: Flutter Mane|[spread] p2a,p1b\n|-activate|p1a: Flutter Mane|move: Protect\n|-start|p2a: Roaring Moon|confusion\n|-start|p1b: Chien-Pao|confusion\n|-enditem|p2a: Roaring Moon|Lum Berry|[eat]\n|-end|p2a: Roaring Moon|confusion\n|\n|-damage|p2b: Tsareena|38\/100 brn|[from] brn\n|upkeep\n|turn|4\n|\n|t:|1684157469\n|move|p2a: Roaring Moon|Protect|p2a: Roaring Moon\n|-singleturn|p2a: Roaring Moon|Protect\n|-activate|p1b: Chien-Pao|confusion\n|-damage|p1b: Chien-Pao|83\/100|[from] confusion\n|move|p1a: Flutter Mane|Dazzling Gleam|p2a: Roaring Moon|[spread] p2b\n|-activate|p2a: Roaring Moon|move: Protect\n|-damage|p2b: Tsareena|0 fnt\n|faint|p2b: Tsareena\n|\n|upkeep\n|\n|t:|1684157480\n|switch|p2b: Gyarados|Gyarados, L50, M|100\/100\n|-ability|p2b: Gyarados|Intimidate|boost\n|-unboost|p1a: Flutter Mane|atk|1\n|-unboost|p1b: Chien-Pao|atk|1\n|turn|5\n|\n|t:|1684157492\n|move|p2a: Roaring Moon|Protect||[still]\n|-fail|p2a: Roaring Moon\n|-activate|p1b: Chien-Pao|confusion\n|-damage|p1b: Chien-Pao|70\/100|[from] confusion\n|move|p1a: Flutter Mane|Dazzling Gleam|p2b: Gyarados|[spread] p2a,p2b\n|-supereffective|p2a: Roaring Moon\n|-damage|p2a: Roaring Moon|0 fnt\n|-damage|p2b: Gyarados|75\/100\n|faint|p2a: Roaring Moon\n|-end|p2a: Roaring Moon|Protosynthesis|[silent]\n|move|p2b: Gyarados|Thunder Wave|p1a: Flutter Mane\n|-status|p1a: Flutter Mane|par\n|\n|upkeep\n|turn|6\n|\n|t:|1684157507\n|-activate|p1b: Chien-Pao|confusion\n|move|p1b: Chien-Pao|Ice Spinner|p2b: Gyarados\n|-damage|p2b: Gyarados|36\/100\n|-enditem|p2b: Gyarados|Sitrus Berry|[eat]\n|-heal|p2b: Gyarados|60\/100|[from] item: Sitrus Berry\n|move|p2b: Gyarados|Waterfall|p1a: Flutter Mane\n|-damage|p1a: Flutter Mane|35\/100 par\n|move|p1a: Flutter Mane|Moonblast|p2b: Gyarados\n|-damage|p2b: Gyarados|19\/100\n|-unboost|p2b: Gyarados|spa|1\n|\n|upkeep\n|turn|7\n|\n|t:|1684157520\n|-activate|p1b: Chien-Pao|confusion\n|move|p1b: Chien-Pao|Ice Spinner|p2b: Gyarados\n|-damage|p2b: Gyarados|0 fnt\n|faint|p2b: Gyarados\n|\n|win|nightamara\n|raw|nightamara's rating: 1154 → 1180<\/strong> (+26 for winning)\n|raw|Valkdreizer's rating: 1165 → 1139<\/strong> (-26 for losing)\n|l|\u2606Valkdreizer\n","uploadtime":1684157525,"views":14,"p1id":"nightamara","p2id":"valkdreizer","formatid":"gen9vgc2023regulationc","rating":1139,"private":0,"password":""}