{"id":"gen9vgc2023regulationc-1850811109","p1":"arm955","p2":"oopsycanyousee","format":"[Gen 9] VGC 2023 Regulation C","log":"|j|\u2606arm955\n|j|\u2606oopsycanyousee\n|t:|1682370071\n|gametype|doubles\n|player|p1|arm955|265|1179\n|player|p2|oopsycanyousee|beauty-gen5bw2|1139\n|teamsize|p1|6\n|teamsize|p2|6\n|gen|9\n|tier|[Gen 9] VGC 2023 Regulation C\n|rated|\n|rule|Species Clause: Limit one of each Pok\u00e9mon\n|rule|Item Clause: Limit one of each item\n|clearpoke\n|poke|p1|Iron Valiant, L50|\n|poke|p1|Palafin, L50, M|\n|poke|p1|Pelipper, L50, F|\n|poke|p1|Tsareena, L50, F|\n|poke|p1|Chien-Pao, L50|\n|poke|p1|Dragonite, L50, F|\n|poke|p2|Amoonguss, L50, F|\n|poke|p2|Arcanine, L50, M|\n|poke|p2|Palafin, L50, M|\n|poke|p2|Flutter Mane, L50|\n|poke|p2|Ting-Lu, L50|\n|poke|p2|Orthworm, L50, M|\n|teampreview|4\n|\n|t:|1682370148\n|start\n|switch|p1a: Palafin|Palafin, L50, M|100\/100\n|switch|p1b: Iron Valiant|Iron Valiant, L50|100\/100\n|switch|p2a: Palafin|Palafin, L50, M|100\/100\n|switch|p2b: Flutter Mane|Flutter Mane, L50|100\/100\n|-enditem|p1b: Iron Valiant|Booster Energy\n|-activate|p1b: Iron Valiant|ability: Quark Drive|[fromitem]\n|-start|p1b: Iron Valiant|quarkdrivespe\n|turn|1\n|\n|t:|1682370169\n|detailschange|p2a: Palafin|Palafin-Hero, L50, M\n|switch|p2a: Arcanine|Arcanine, L50, M|100\/100\n|-ability|p2a: Arcanine|Intimidate|boost\n|-unboost|p1a: Palafin|atk|1\n|-enditem|p1a: Palafin|Eject Pack\n|-unboost|p1b: Iron Valiant|atk|1\n|\n|t:|1682370176\n|detailschange|p1a: Palafin|Palafin-Hero, L50, M\n|switch|p1a: Pelipper|Pelipper, L50, F|100\/100\n|-weather|RainDance|[from] ability: Drizzle|[of] p1a: Pelipper\n|-terastallize|p1b: Iron Valiant|Steel\n|move|p1b: Iron Valiant|Knock Off|p2b: Flutter Mane\n|-damage|p2b: Flutter Mane|68\/100\n|-enditem|p2b: Flutter Mane|Choice Specs|[from] move: Knock Off|[of] p1b: Iron Valiant\n|move|p2b: Flutter Mane|Moonblast|p1b: Iron Valiant\n|-resisted|p1b: Iron Valiant\n|-damage|p1b: Iron Valiant|60\/100\n|-unboost|p1b: Iron Valiant|spa|1\n|\n|-weather|RainDance|[upkeep]\n|upkeep\n|turn|2\n|\n|t:|1682370224\n|-terastallize|p2a: Arcanine|Flying\n|move|p1a: Pelipper|Helping Hand|p1b: Iron Valiant\n|-singleturn|p1b: Iron Valiant|Helping Hand|[of] p1a: Pelipper\n|move|p1b: Iron Valiant|Moonblast|p2b: Flutter Mane\n|-damage|p2b: Flutter Mane|31\/100\n|move|p2b: Flutter Mane|Moonblast|p1a: Pelipper\n|-damage|p1a: Pelipper|27\/100\n|move|p2a: Arcanine|Will-O-Wisp|p1b: Iron Valiant|[miss]\n|-miss|p2a: Arcanine|p1b: Iron Valiant\n|\n|-weather|RainDance|[upkeep]\n|upkeep\n|turn|3\n|\n|t:|1682370254\n|-end|p2b: Flutter Mane|Protosynthesis|[silent]\n|switch|p2b: Amoonguss|Amoonguss, L50, F|100\/100\n|move|p1b: Iron Valiant|Knock Off|p2a: Arcanine\n|-crit|p2a: Arcanine\n|-damage|p2a: Arcanine|52\/100\n|-enditem|p2a: Arcanine|Safety Goggles|[from] move: Knock Off|[of] p1b: Iron Valiant\n|move|p1a: Pelipper|Icy Wind|p2a: Arcanine|[spread] p2a,p2b\n|-supereffective|p2a: Arcanine\n|-supereffective|p2b: Amoonguss\n|-damage|p2a: Arcanine|32\/100\n|-damage|p2b: Amoonguss|83\/100\n|-unboost|p2a: Arcanine|spe|1\n|-unboost|p2b: Amoonguss|spe|1\n|move|p2a: Arcanine|Flare Blitz|p1b: Iron Valiant\n|-supereffective|p1b: Iron Valiant\n|-damage|p1b: Iron Valiant|0 fnt\n|faint|p1b: Iron Valiant\n|-end|p1b: Iron Valiant|Quark Drive|[silent]\n|-damage|p2a: Arcanine|18\/100|[from] Recoil\n|\n|-weather|RainDance|[upkeep]\n|upkeep\n|\n|t:|1682370270\n|switch|p1b: Palafin|Palafin-Hero, L50, M|100\/100\n|-activate|p1b: Palafin|ability: Zero to Hero\n|turn|4\n|\n|t:|1682370290\n|move|p1a: Pelipper|Helping Hand|p1b: Palafin\n|-singleturn|p1b: Palafin|Helping Hand|[of] p1a: Pelipper\n|move|p2b: Amoonguss|Protect|p2b: Amoonguss\n|-singleturn|p2b: Amoonguss|Protect\n|move|p1b: Palafin|Acrobatics|p2b: Amoonguss\n|-activate|p2b: Amoonguss|move: Protect\n|move|p2a: Arcanine|Flare Blitz|p1a: Pelipper\n|-resisted|p1a: Pelipper\n|-damage|p1a: Pelipper|13\/100\n|-damage|p2a: Arcanine|14\/100|[from] Recoil\n|\n|-weather|RainDance|[upkeep]\n|upkeep\n|turn|5\n|\n|t:|1682370317\n|move|p1a: Pelipper|Helping Hand|p1b: Palafin\n|-singleturn|p1b: Palafin|Helping Hand|[of] p1a: Pelipper\n|move|p2b: Amoonguss|Protect|p2b: Amoonguss\n|-singleturn|p2b: Amoonguss|Protect\n|move|p1b: Palafin|Acrobatics|p2b: Amoonguss\n|-activate|p2b: Amoonguss|move: Protect\n|move|p2a: Arcanine|Will-O-Wisp|p1b: Palafin\n|-status|p1b: Palafin|brn\n|\n|-weather|RainDance|[upkeep]\n|-damage|p1b: Palafin|95\/100 brn|[from] brn\n|upkeep\n|turn|6\n|\n|t:|1682370337\n|move|p2b: Amoonguss|Rage Powder|p2b: Amoonguss\n|-singleturn|p2b: Amoonguss|move: Rage Powder\n|move|p1a: Pelipper|Hurricane|p2b: Amoonguss\n|-supereffective|p2b: Amoonguss\n|-damage|p2b: Amoonguss|14\/100\n|-enditem|p2b: Amoonguss|Aguav Berry|[eat]\n|-heal|p2b: Amoonguss|47\/100|[from] item: Aguav Berry\n|move|p1b: Palafin|Acrobatics|p2b: Amoonguss\n|-supereffective|p2b: Amoonguss\n|-damage|p2b: Amoonguss|7\/100\n|move|p2a: Arcanine|Flare Blitz|p1a: Pelipper\n|-resisted|p1a: Pelipper\n|-damage|p1a: Pelipper|0 fnt\n|faint|p1a: Pelipper\n|-damage|p2a: Arcanine|11\/100|[from] Recoil\n|\n|-weather|RainDance|[upkeep]\n|-damage|p1b: Palafin|89\/100 brn|[from] brn\n|upkeep\n|\n|t:|1682370352\n|switch|p1a: Chien-Pao|Chien-Pao, L50|100\/100\n|-ability|p1a: Chien-Pao|Sword of Ruin\n|turn|7\n|\n|t:|1682370369\n|move|p2b: Amoonguss|Protect|p2b: Amoonguss\n|-singleturn|p2b: Amoonguss|Protect\n|move|p1b: Palafin|Jet Punch|p2b: Amoonguss\n|-activate|p2b: Amoonguss|move: Protect\n|move|p1a: Chien-Pao|Ice Spinner|p2a: Arcanine\n|-supereffective|p2a: Arcanine\n|-damage|p2a: Arcanine|0 fnt\n|faint|p2a: Arcanine\n|\n|-weather|RainDance|[upkeep]\n|-damage|p1b: Palafin|83\/100 brn|[from] brn\n|upkeep\n|\n|t:|1682370379\n|switch|p2a: Palafin|Palafin-Hero, L50, M|100\/100\n|-activate|p2a: Palafin|ability: Zero to Hero\n|turn|8\n|\n|t:|1682370390\n|move|p2b: Amoonguss|Rage Powder|p2b: Amoonguss\n|-singleturn|p2b: Amoonguss|move: Rage Powder\n|move|p1b: Palafin|Jet Punch|p2b: Amoonguss\n|-resisted|p2b: Amoonguss\n|-damage|p2b: Amoonguss|0 fnt\n|faint|p2b: Amoonguss\n|move|p2a: Palafin|Jet Punch|p1a: Chien-Pao\n|-damage|p1a: Chien-Pao|8\/100\n|move|p1a: Chien-Pao|Ice Spinner|p2a: Palafin\n|-resisted|p2a: Palafin\n|-damage|p2a: Palafin|75\/100\n|\n|-weather|none\n|-damage|p1b: Palafin|77\/100 brn|[from] brn\n|upkeep\n|\n|t:|1682370399\n|switch|p2b: Flutter Mane|Flutter Mane, L50|31\/100\n|turn|9\n|\n|t:|1682370407\n|move|p1a: Chien-Pao|Sucker Punch|p2a: Palafin\n|-damage|p2a: Palafin|33\/100\n|move|p1b: Palafin|Jet Punch|p2b: Flutter Mane\n|-damage|p2b: Flutter Mane|0 fnt\n|faint|p2b: Flutter Mane\n|-end|p2b: Flutter Mane|Protosynthesis|[silent]\n|move|p2a: Palafin|Jet Punch|p1a: Chien-Pao\n|-damage|p1a: Chien-Pao|0 fnt\n|faint|p1a: Chien-Pao\n|\n|-damage|p1b: Palafin|71\/100 brn|[from] brn\n|upkeep\n|turn|10\n|\n|t:|1682370430\n|move|p2a: Palafin|Protect|p2a: Palafin\n|-singleturn|p2a: Palafin|Protect\n|move|p1b: Palafin|Wave Crash|p2a: Palafin\n|-activate|p2a: Palafin|move: Protect\n|\n|-damage|p1b: Palafin|65\/100 brn|[from] brn\n|upkeep\n|turn|11\n|\n|t:|1682370439\n|move|p1b: Palafin|Wave Crash|p2a: Palafin\n|-resisted|p2a: Palafin\n|-damage|p2a: Palafin|15\/100\n|-damage|p1b: Palafin|59\/100 brn|[from] Recoil\n|move|p2a: Palafin|Wave Crash|p1b: Palafin\n|-resisted|p1b: Palafin\n|-damage|p1b: Palafin|13\/100 brn\n|-damage|p2a: Palafin|0 fnt|[from] Recoil\n|faint|p2a: Palafin\n|\n|win|arm955\n|raw|arm955's rating: 1179 → 1201<\/strong> (+22 for winning)\n|raw|oopsycanyousee's rating: 1139 → 1117<\/strong> (-22 for losing)\n|l|\u2606arm955\n","uploadtime":1682370499,"views":11,"p1id":"arm955","p2id":"oopsycanyousee","formatid":"gen9vgc2023regulationc","rating":1117,"private":0,"password":""}