{"id":"gen9vgc2023regulationc-1858292397","p1":"GunGalione","p2":"Escarletvg","format":"[Gen 9] VGC 2023 Regulation C","log":"|j|\u2606GunGalione\n|j|\u2606Escarletvg\n|t:|1683299170\n|gametype|doubles\n|player|p1|GunGalione|pokemonranger-gen4|1083\n|player|p2|Escarletvg|scientist|1000\n|teamsize|p1|6\n|teamsize|p2|6\n|gen|9\n|tier|[Gen 9] VGC 2023 Regulation C\n|rated|\n|rule|Species Clause: Limit one of each Pok\u00e9mon\n|rule|Item Clause: Limit one of each item\n|clearpoke\n|poke|p1|Scovillain, L50, F|\n|poke|p1|Torkoal, L50, M|\n|poke|p1|Amoonguss, L50, F|\n|poke|p1|Leafeon, L50, F|\n|poke|p1|Grimmsnarl, L50, M|\n|poke|p1|Chi-Yu, L50|\n|poke|p2|Palafin, L50, F|\n|poke|p2|Pachirisu, L50, M|\n|poke|p2|Amoonguss, L50, M|\n|poke|p2|Bronzong, L50|\n|poke|p2|Skeledirge, L50, M|\n|poke|p2|Iron Valiant, L50|\n|teampreview|4\n|inactive|Battle timer is ON: inactive players will automatically lose when time's up. (requested by GunGalione)\n|inactive|Escarletvg has 60 seconds left.\nGunGalione has agreed to open team sheets.\n|inactive|Escarletvg has 30 seconds left.\n|\n|t:|1683299233\n|start\n|switch|p1a: Gabe|Leafeon, L50, F, shiny|100\/100\n|switch|p1b: Spike|Grimmsnarl, L50, M|100\/100\n|switch|p2a: Pachirisu|Pachirisu, L50, M|100\/100\n|switch|p2b: Palafin|Palafin, L50, F|100\/100\n|turn|1\n|\n|t:|1683299253\n|detailschange|p2b: Palafin|Palafin-Hero, L50, F\n|switch|p2b: Bronzong|Bronzong, L50|100\/100\n|move|p1b: Spike|Fake Out|p2a: Pachirisu\n|-damage|p2a: Pachirisu|89\/100\n|move|p1a: Gabe|Swords Dance|p1a: Gabe\n|-boost|p1a: Gabe|atk|2\n|cant|p2a: Pachirisu|flinch\n|\n|upkeep\n|turn|2\n|\n|t:|1683299277\n|-terastallize|p1a: Gabe|Electric\n|move|p1b: Spike|Parting Shot|p2a: Pachirisu\n|-unboost|p2a: Pachirisu|atk|1\n|-unboost|p2a: Pachirisu|spa|1\n|\n|t:|1683299282\n|switch|p1b: A wise man|Torkoal, L50, M|100\/100|[from] Parting Shot\n|-weather|SunnyDay|[from] ability: Drought|[of] p1b: A wise man\n|move|p1a: Gabe|Leaf Blade|p2b: Bronzong\n|-resisted|p2b: Bronzong\n|-damage|p2b: Bronzong|63\/100\n|move|p2a: Pachirisu|Nuzzle|p1a: Gabe\n|-resisted|p1a: Gabe\n|-damage|p1a: Gabe|99\/100\n|move|p2b: Bronzong|Heavy Slam|p1b: A wise man\n|-resisted|p1b: A wise man\n|-damage|p1b: A wise man|95\/100\n|\n|-weather|SunnyDay|[upkeep]\n|upkeep\n|turn|3\n|inactive|Escarletvg has 30 seconds left.\n|\n|t:|1683299309\n|move|p2b: Bronzong|Protect|p2b: Bronzong\n|-singleturn|p2b: Bronzong|Protect\n|move|p1a: Gabe|Leaf Blade|p2b: Bronzong\n|-activate|p2b: Bronzong|move: Protect\n|move|p2a: Pachirisu|Super Fang|p1b: A wise man|[miss]\n|-miss|p2a: Pachirisu|p1b: A wise man\n|move|p1b: A wise man|Yawn|p2a: Pachirisu\n|-start|p2a: Pachirisu|move: Yawn|[of] p1b: A wise man\n|\n|-weather|SunnyDay|[upkeep]\n|upkeep\n|turn|4\n|inactive|GunGalione has 30 seconds left.\n|inactive|Escarletvg has 30 seconds left.\n|inactive|Escarletvg has 20 seconds left.\n|inactive|Escarletvg has 15 seconds left.\n|\n|t:|1683299351\n|switch|p1b: The Super Villain|Scovillain, L50, F|100\/100\n|move|p1a: Gabe|Leaf Blade|p2b: Bronzong\n|-resisted|p2b: Bronzong\n|-damage|p2b: Bronzong|25\/100\n|move|p2a: Pachirisu|Nuzzle|p1b: The Super Villain\n|-resisted|p1b: The Super Villain\n|-damage|p1b: The Super Villain|98\/100\n|-status|p1b: The Super Villain|par\n|move|p2b: Bronzong|Heavy Slam|p1a: Gabe\n|-resisted|p1a: Gabe\n|-crit|p1a: Gabe\n|-damage|p1a: Gabe|71\/100\n|\n|-weather|SunnyDay|[upkeep]\n|-end|p2a: Pachirisu|move: Yawn|[silent]\n|-status|p2a: Pachirisu|slp\n|upkeep\n|turn|5\n|\n|t:|1683299376\n|move|p2b: Bronzong|Protect|p2b: Bronzong\n|-singleturn|p2b: Bronzong|Protect\n|move|p1a: Gabe|Tera Blast|p2b: Bronzong\n|-activate|p2b: Bronzong|move: Protect\n|move|p1b: The Super Villain|Solar Beam||[still]\n|-prepare|p1b: The Super Villain|Solar Beam\n|-anim|p1b: The Super Villain|Solar Beam|p2a: Pachirisu\n|-damage|p2a: Pachirisu|0 fnt\n|faint|p2a: Pachirisu\n|\n|-weather|SunnyDay|[upkeep]\n|upkeep\n|\n|t:|1683299387\n|switch|p2a: Iron Valiant|Iron Valiant, L50|100\/100\n|turn|6\n|\n|t:|1683299408\n|switch|p1b: Spike|Grimmsnarl, L50, M|100\/100\n|move|p1a: Gabe|Leaf Blade|p2a: Iron Valiant\n|-enditem|p2a: Iron Valiant|Focus Sash\n|-damage|p2a: Iron Valiant|1\/100\n|move|p2a: Iron Valiant|Close Combat|p1a: Gabe\n|-damage|p1a: Gabe|15\/100\n|-unboost|p2a: Iron Valiant|def|1\n|-unboost|p2a: Iron Valiant|spd|1\n|move|p2b: Bronzong|Heavy Slam|p1b: Spike\n|-supereffective|p1b: Spike\n|-damage|p1b: Spike|59\/100\n|\n|-weather|SunnyDay|[upkeep]\n|upkeep\n|turn|7\n|\n|t:|1683299433\n|move|p2b: Bronzong|Protect|p2b: Bronzong\n|-singleturn|p2b: Bronzong|Protect\n|move|p1b: Spike|Fake Out|p2a: Iron Valiant\n|-damage|p2a: Iron Valiant|0 fnt\n|faint|p2a: Iron Valiant\n|-end|p2a: Iron Valiant|Quark Drive|[silent]\n|move|p1a: Gabe|Synthesis|p1a: Gabe\n|-heal|p1a: Gabe|82\/100\n|\n|-weather|SunnyDay|[upkeep]\n|upkeep\n|\n|t:|1683299442\n|switch|p2a: Palafin|Palafin-Hero, L50, F|100\/100\n|-activate|p2a: Palafin|ability: Zero to Hero\n|turn|8\n|\n|t:|1683299464\n|move|p1b: Spike|Reflect|p1b: Spike\n|-sidestart|p1: GunGalione|Reflect\n|move|p1a: Gabe|Leaf Blade|p2a: Palafin\n|-supereffective|p2a: Palafin\n|-damage|p2a: Palafin|0 fnt\n|faint|p2a: Palafin\n|move|p2b: Bronzong|Heavy Slam|p1b: Spike\n|-supereffective|p1b: Spike\n|-damage|p1b: Spike|33\/100\n|\n|-weather|SunnyDay|[upkeep]\n|upkeep\n|turn|9\n|-message|Escarletvg forfeited.\n|\n|win|GunGalione\n|raw|GunGalione's rating: 1083 → 1104<\/strong> (+21 for winning)\n|raw|Escarletvg's rating: 1000 → 1000<\/strong> (+0 for losing)\n|l|\u2606Escarletvg\n","uploadtime":1683299474,"views":6,"p1id":"gungalione","p2id":"escarletvg","formatid":"gen9vgc2023regulationc","rating":1000,"private":0,"password":""}