{"id":"gen9vgc2023regulationc-1863020793","p1":"revocolombia","p2":"BabyGrizzley","format":"[Gen 9] VGC 2023 Regulation C","log":"|j|\u2606revocolombia\n|j|\u2606BabyGrizzley\n|t:|1683953645\n|gametype|doubles\n|player|p1|revocolombia|pokemonranger-gen4|1257\n|player|p2|BabyGrizzley|1|1245\n|teamsize|p1|6\n|teamsize|p2|6\n|gen|9\n|tier|[Gen 9] VGC 2023 Regulation C\n|rated|\n|rule|Species Clause: Limit one of each Pok\u00e9mon\n|rule|Item Clause: Limit one of each item\n|clearpoke\n|poke|p1|Flutter Mane, L50|\n|poke|p1|Garchomp, L50, M|\n|poke|p1|Dragonite, L50, F|\n|poke|p1|Chien-Pao, L50|\n|poke|p1|Murkrow, L50, M|\n|poke|p1|Gholdengo, L50|\n|poke|p2|Iron Hands, L50|\n|poke|p2|Flutter Mane, L50|\n|poke|p2|Amoonguss, L50, M|\n|poke|p2|Chi-Yu, L50|\n|poke|p2|Iron Bundle, L50|\n|poke|p2|Garchomp, L50, F|\n|teampreview|4\n|inactive|Battle timer is ON: inactive players will automatically lose when time's up. (requested by BabyGrizzley)\n|\n|t:|1683953663\n|start\n|switch|p1a: Garchomp|Garchomp, L50, M|100\/100\n|switch|p1b: Murkrow|Murkrow, L50, M|100\/100\n|switch|p2a: Amoonguss|Amoonguss, L50, M, shiny|100\/100\n|switch|p2b: Iron Hands|Iron Hands, L50, shiny|100\/100\n|turn|1\n|inactive|revocolombia has 30 seconds left.\n|\n|t:|1683953691\n|-terastallize|p1b: Murkrow|Ghost\n|move|p2b: Iron Hands|Fake Out|p1b: Murkrow\n|-immune|p1b: Murkrow\n|move|p1b: Murkrow|Taunt|p2a: Amoonguss\n|-start|p2a: Amoonguss|move: Taunt\n|move|p1a: Garchomp|Earthquake|p2b: Iron Hands|[spread] p1b,p2a,p2b\n|-supereffective|p2b: Iron Hands\n|-damage|p1b: Murkrow|56\/100\n|-damage|p2a: Amoonguss|69\/100\n|-damage|p2b: Iron Hands|41\/100\n|cant|p2a: Amoonguss|move: Taunt|Spore\n|\n|upkeep\n|turn|2\n|inactive|revocolombia has 30 seconds left.\n|\n|t:|1683953723\n|move|p1b: Murkrow|Tailwind|p1b: Murkrow\n|-sidestart|p1: revocolombia|move: Tailwind\n|move|p1a: Garchomp|Brick Break|p2b: Iron Hands\n|-damage|p2b: Iron Hands|21\/100\n|move|p2b: Iron Hands|Volt Switch|p1b: Murkrow\n|-damage|p1b: Murkrow|42\/100\n|\n|t:|1683953731\n|-end|p2b: Iron Hands|Quark Drive|[silent]\n|switch|p2b: Chi-Yu|Chi-Yu, L50|100\/100|[from] Volt Switch\n|-ability|p2b: Chi-Yu|Beads of Ruin\n|move|p2a: Amoonguss|Pollen Puff|p1b: Murkrow\n|-resisted|p1b: Murkrow\n|-damage|p1b: Murkrow|30\/100\n|\n|upkeep\n|turn|3\n|\n|t:|1683953751\n|move|p1b: Murkrow|Haze|p1b: Murkrow\n|-clearallboost\n|move|p1a: Garchomp|Earthquake|p2a: Amoonguss|[spread] p1b,p2a,p2b\n|-supereffective|p2b: Chi-Yu\n|-damage|p1b: Murkrow|0 fnt\n|-damage|p2a: Amoonguss|36\/100\n|-enditem|p2b: Chi-Yu|Focus Sash\n|-damage|p2b: Chi-Yu|1\/100\n|-enditem|p2a: Amoonguss|Sitrus Berry|[eat]\n|-heal|p2a: Amoonguss|61\/100|[from] item: Sitrus Berry\n|faint|p1b: Murkrow\n|move|p2b: Chi-Yu|Heat Wave|p1a: Garchomp|[miss]\n|-miss|p2b: Chi-Yu|p1a: Garchomp\n|move|p2a: Amoonguss|Pollen Puff|p1a: Garchomp\n|-damage|p1a: Garchomp|75\/100\n|\n|-end|p2a: Amoonguss|move: Taunt\n|upkeep\n|\n|t:|1683953772\n|switch|p1b: Chien-Pao|Chien-Pao, L50|100\/100\n|-ability|p1b: Chien-Pao|Sword of Ruin\n|turn|4\n|\n|t:|1683953781\n|move|p1b: Chien-Pao|Ice Spinner|p2a: Amoonguss\n|-supereffective|p2a: Amoonguss\n|-damage|p2a: Amoonguss|0 fnt\n|faint|p2a: Amoonguss\n|move|p1a: Garchomp|Rock Slide|p2b: Chi-Yu\n|-supereffective|p2b: Chi-Yu\n|-damage|p2b: Chi-Yu|0 fnt\n|faint|p2b: Chi-Yu\n|\n|upkeep\n|\n|t:|1683953789\n|switch|p2b: Flutter Mane|Flutter Mane, L50, shiny|100\/100\n|switch|p2a: Iron Hands|Iron Hands, L50, shiny|21\/100\n|turn|5\n|\n|t:|1683953806\n|-terastallize|p2b: Flutter Mane|Fairy\n|move|p2a: Iron Hands|Fake Out|p1b: Chien-Pao\n|-damage|p1b: Chien-Pao|82\/100\n|cant|p1b: Chien-Pao|flinch\n|move|p1a: Garchomp|Brick Break|p2a: Iron Hands\n|-damage|p2a: Iron Hands|0 fnt\n|faint|p2a: Iron Hands\n|-end|p2a: Iron Hands|Quark Drive|[silent]\n|move|p2b: Flutter Mane|Dazzling Gleam|p1b: Chien-Pao|[spread] p1a,p1b\n|-supereffective|p1a: Garchomp\n|-supereffective|p1b: Chien-Pao\n|-damage|p1a: Garchomp|0 fnt\n|-damage|p1b: Chien-Pao|0 fnt\n|faint|p1a: Garchomp\n|faint|p1b: Chien-Pao\n|\n|-sideend|p1: revocolombia|move: Tailwind\n|upkeep\n|inactive|revocolombia has 30 seconds left.\n|\n|t:|1683953832\n|switch|p1b: Flutter Mane|Flutter Mane, L50|100\/100\n|-enditem|p1b: Flutter Mane|Booster Energy\n|-activate|p1b: Flutter Mane|ability: Protosynthesis|[fromitem]\n|-start|p1b: Flutter Mane|protosynthesisspe\n|turn|6\n|\n|t:|1683953838\n|move|p1b: Flutter Mane|Shadow Ball|p2b: Flutter Mane\n|-damage|p2b: Flutter Mane|51\/100\n|move|p2b: Flutter Mane|Dazzling Gleam|p1b: Flutter Mane\n|-damage|p1b: Flutter Mane|10\/100\n|\n|upkeep\n|turn|7\n|\n|t:|1683953847\n|move|p1b: Flutter Mane|Shadow Ball|p2b: Flutter Mane\n|-damage|p2b: Flutter Mane|7\/100\n|move|p2b: Flutter Mane|Dazzling Gleam|p1b: Flutter Mane\n|-damage|p1b: Flutter Mane|0 fnt\n|faint|p1b: Flutter Mane\n|-end|p1b: Flutter Mane|Protosynthesis|[silent]\n|\n|win|BabyGrizzley\n|raw|revocolombia's rating: 1257 → 1231<\/strong> (-26 for losing)\n|raw|BabyGrizzley's rating: 1245 → 1271<\/strong> (+26 for winning)\n|j| A Borygon\n","uploadtime":1683953860,"views":7,"p1id":"revocolombia","p2id":"babygrizzley","formatid":"gen9vgc2023regulationc","rating":1231,"private":0,"password":""}