{"id":"gen9vgc2023regulationc-1852994124","p1":"sjeufke","p2":"Piccolo Ruiz","format":"[Gen 9] VGC 2023 Regulation C","log":"|j|\u2606sjeufke\n|j|\u2606Piccolo Ruiz\n|t:|1682623852\n|gametype|doubles\n|player|p1|sjeufke|palmer|1428\n|player|p2|Piccolo Ruiz|valerie|1385\n|teamsize|p1|6\n|teamsize|p2|6\n|gen|9\n|tier|[Gen 9] VGC 2023 Regulation C\n|rated|\n|rule|Species Clause: Limit one of each Pok\u00e9mon\n|rule|Item Clause: Limit one of each item\n|clearpoke\n|poke|p1|Ting-Lu, L50|\n|poke|p1|Abomasnow, L50, F|\n|poke|p1|Flutter Mane, L50|\n|poke|p1|Iron Hands, L50|\n|poke|p1|Bronzong, L50|\n|poke|p1|Arcanine, L50, F|\n|poke|p2|Flutter Mane, L50|\n|poke|p2|Amoonguss, L50, F|\n|poke|p2|Gyarados, L50, F|\n|poke|p2|Arcanine, L50, F|\n|poke|p2|Ting-Lu, L50|\n|poke|p2|Baxcalibur, L50, F|\n|teampreview|4\n|inactive|Battle timer is ON: inactive players will automatically lose when time's up. (requested by Piccolo Ruiz)\n|inactive|sjeufke also wants the timer to be on.\n|inactive|Piccolo Ruiz has 60 seconds left.\n|inactive|Piccolo Ruiz has 30 seconds left.\n|inactive|Piccolo Ruiz has 20 seconds left.\n|inactive|Piccolo Ruiz has 15 seconds left.\n|inactive|Piccolo Ruiz has 10 seconds left.\n|inactive|Piccolo Ruiz has 5 seconds left.\n|\n|t:|1682623942\n|start\n|switch|p1a: Iron Hands|Iron Hands, L50|100\/100\n|switch|p1b: Bronzong|Bronzong, L50|100\/100\n|switch|p2a: Bianca|Gyarados, L50, F, shiny|100\/100\n|switch|p2b: Amoonguss|Amoonguss, L50, F, shiny|100\/100\n|-ability|p2a: Bianca|Intimidate|boost\n|-unboost|p1a: Iron Hands|atk|1\n|-unboost|p1b: Bronzong|atk|1\n|turn|1\n|inactive|sjeufke has 30 seconds left.\n|inactive|Piccolo Ruiz has 30 seconds left.\n|inactive|sjeufke has 20 seconds left.\n|\n|t:|1682623978\n|-terastallize|p1a: Iron Hands|Grass\n|move|p1a: Iron Hands|Fake Out|p2a: Bianca\n|-damage|p2a: Bianca|91\/100\n|cant|p2a: Bianca|flinch\n|move|p2b: Amoonguss|Spore|p1b: Bronzong\n|-activate|p1b: Bronzong|item: Safety Goggles|Spore\n|move|p1b: Bronzong|Trick Room|p1b: Bronzong\n|-fieldstart|move: Trick Room|[of] p1b: Bronzong\n|\n|upkeep\n|turn|2\n|\n|t:|1682624000\n|switch|p2b: Katya|Baxcalibur, L50, F, shiny|100\/100\n|-terastallize|p2a: Bianca|Bug\n|move|p1b: Bronzong|Safeguard|p1b: Bronzong\n|-sidestart|p1: sjeufke|Safeguard\n|move|p1a: Iron Hands|Wild Charge|p2a: Bianca\n|-damage|p2a: Bianca|61\/100\n|-damage|p1a: Iron Hands|94\/100|[from] Recoil\n|move|p2a: Bianca|Taunt|p1b: Bronzong\n|-start|p1b: Bronzong|move: Taunt\n|\n|upkeep\n|turn|3\n|\n|t:|1682624018\n|switch|p2a: Amoonguss|Amoonguss, L50, F, shiny|100\/100\n|move|p1b: Bronzong|Gyro Ball|p2b: Katya\n|-supereffective|p2b: Katya\n|-damage|p2b: Katya|67\/100\n|move|p1a: Iron Hands|Volt Switch|p2a: Amoonguss\n|-resisted|p2a: Amoonguss\n|-damage|p2a: Amoonguss|95\/100\n|\n|t:|1682624040\n|-end|p1a: Iron Hands|Quark Drive|[silent]\n|switch|p1a: Arcanine|Arcanine, L50, F|100\/100|[from] Volt Switch\n|-ability|p1a: Arcanine|Intimidate|boost\n|-unboost|p2a: Amoonguss|atk|1\n|-fail|p2b: Katya|unboost|[from] item: Clear Amulet|[of] p2b: Katya\n|move|p2b: Katya|Icicle Crash|p1a: Arcanine|[miss]\n|-miss|p2b: Katya|p1a: Arcanine\n|\n|upkeep\n|turn|4\n|\n|t:|1682624056\n|switch|p2a: Bianca|Gyarados, L50, F, shiny, tera:Bug|61\/100\n|-ability|p2a: Bianca|Intimidate|boost\n|-unboost|p1a: Arcanine|atk|1\n|-unboost|p1b: Bronzong|atk|1\n|move|p1b: Bronzong|Gyro Ball|p2b: Katya\n|-supereffective|p2b: Katya\n|-damage|p2b: Katya|39\/100\n|move|p1a: Arcanine|Flare Blitz|p2a: Bianca\n|-supereffective|p2a: Bianca\n|-damage|p2a: Bianca|0 fnt\n|faint|p2a: Bianca\n|-damage|p1a: Arcanine|79\/100|[from] Recoil\n|move|p2b: Katya|Glaive Rush|p1a: Arcanine\n|-damage|p1a: Arcanine|4\/100\n|-singlemove|p2b: Katya|Glaive Rush|[silent]\n|\n|upkeep\n|\n|t:|1682624070\n|switch|p2a: Sasha Colby|Flutter Mane, L50|100\/100\n|-enditem|p2a: Sasha Colby|Booster Energy\n|-activate|p2a: Sasha Colby|ability: Protosynthesis|[fromitem]\n|-start|p2a: Sasha Colby|protosynthesisspa\n|turn|5\n|\n|t:|1682624089\n|move|p2a: Sasha Colby|Protect|p2a: Sasha Colby\n|-singleturn|p2a: Sasha Colby|Protect\n|move|p2b: Katya|Ice Shard|p1a: Arcanine\n|-resisted|p1a: Arcanine\n|-damage|p1a: Arcanine|0 fnt\n|faint|p1a: Arcanine\n|move|p1b: Bronzong|Gyro Ball|p2a: Sasha Colby\n|-activate|p2a: Sasha Colby|move: Protect\n|\n|-end|p1b: Bronzong|move: Taunt\n|-fieldend|move: Trick Room\n|upkeep\n|\n|t:|1682624095\n|switch|p1a: Iron Hands|Iron Hands, L50, tera:Grass|94\/100\n|turn|6\n|inactive|Piccolo Ruiz has 30 seconds left.\n|\n|t:|1682624125\n|switch|p2b: Amoonguss|Amoonguss, L50, F, shiny|100\/100\n|move|p1a: Iron Hands|Fake Out|p2b: Amoonguss\n|-damage|p2b: Amoonguss|88\/100\n|-damage|p1a: Iron Hands|78\/100|[from] item: Rocky Helmet|[of] p2b: Amoonguss\n|move|p2a: Sasha Colby|Shadow Ball|p1b: Bronzong\n|-supereffective|p1b: Bronzong\n|-damage|p1b: Bronzong|23\/100\n|move|p1b: Bronzong|Trick Room|p1b: Bronzong\n|-fieldstart|move: Trick Room|[of] p1b: Bronzong\n|\n|-sideend|p1: sjeufke|Safeguard\n|upkeep\n|turn|7\n|\n|t:|1682624148\n|move|p2a: Sasha Colby|Protect|p2a: Sasha Colby\n|-singleturn|p2a: Sasha Colby|Protect\n|move|p1b: Bronzong|Gyro Ball|p2a: Sasha Colby\n|-activate|p2a: Sasha Colby|move: Protect\n|move|p2b: Amoonguss|Pollen Puff|p1a: Iron Hands\n|-supereffective|p1a: Iron Hands\n|-damage|p1a: Iron Hands|60\/100\n|move|p1a: Iron Hands|Wild Charge|p2a: Sasha Colby\n|-activate|p2a: Sasha Colby|move: Protect\n|\n|upkeep\n|turn|8\n|\n|t:|1682624167\n|-end|p2a: Sasha Colby|Protosynthesis|[silent]\n|switch|p2a: Katya|Baxcalibur, L50, F, shiny|39\/100\n|move|p1b: Bronzong|Gyro Ball|p2a: Katya\n|-supereffective|p2a: Katya\n|-damage|p2a: Katya|13\/100\n|move|p2b: Amoonguss|Pollen Puff|p2a: Katya\n|-heal|p2a: Katya|63\/100\n|move|p1a: Iron Hands|Wild Charge|p2a: Katya\n|-resisted|p2a: Katya\n|-damage|p2a: Katya|43\/100\n|-damage|p1a: Iron Hands|56\/100|[from] Recoil\n|\n|upkeep\n|turn|9\n|\n|t:|1682624187\n|switch|p1b: Abomasnow|Abomasnow, L50, F|100\/100\n|-weather|Snow|[from] ability: Snow Warning|[of] p1b: Abomasnow\n|move|p2a: Katya|Protect|p2a: Katya\n|-singleturn|p2a: Katya|Protect\n|move|p2b: Amoonguss|Pollen Puff|p1a: Iron Hands\n|-supereffective|p1a: Iron Hands\n|-damage|p1a: Iron Hands|36\/100\n|move|p1a: Iron Hands|Close Combat|p2a: Katya\n|-activate|p2a: Katya|move: Protect\n|\n|-weather|Snow|[upkeep]\n|upkeep\n|turn|10\n|\n|t:|1682624201\n|move|p2b: Amoonguss|Protect|p2b: Amoonguss\n|-singleturn|p2b: Amoonguss|Protect\n|move|p2a: Katya|Ice Shard|p1a: Iron Hands\n|-supereffective|p1a: Iron Hands\n|-damage|p1a: Iron Hands|4\/100\n|move|p1a: Iron Hands|Close Combat|p2a: Katya\n|-supereffective|p2a: Katya\n|-damage|p2a: Katya|0 fnt\n|-unboost|p1a: Iron Hands|def|1\n|-unboost|p1a: Iron Hands|spd|1\n|faint|p2a: Katya\n|move|p1b: Abomasnow|Blizzard|p2b: Amoonguss\n|-activate|p2b: Amoonguss|move: Protect\n|\n|-weather|Snow|[upkeep]\n|-fieldend|move: Trick Room\n|upkeep\n|\n|t:|1682624207\n|switch|p2a: Sasha Colby|Flutter Mane, L50|100\/100\n|turn|11\n|\n|t:|1682624227\n|move|p2a: Sasha Colby|Dazzling Gleam|p1a: Iron Hands|[spread] p1a,p1b\n|-crit|p1b: Abomasnow\n|-damage|p1a: Iron Hands|0 fnt\n|-damage|p1b: Abomasnow|56\/100\n|faint|p1a: Iron Hands\n|-end|p1a: Iron Hands|Quark Drive|[silent]\n|move|p1b: Abomasnow|Blizzard|p2a: Sasha Colby|[spread] p2a,p2b\n|-supereffective|p2b: Amoonguss\n|-damage|p2a: Sasha Colby|72\/100\n|-damage|p2b: Amoonguss|24\/100\n|move|p2b: Amoonguss|Pollen Puff|p1b: Abomasnow\n|-supereffective|p1b: Abomasnow\n|-damage|p1b: Abomasnow|15\/100\n|-enditem|p1b: Abomasnow|Weakness Policy\n|-boost|p1b: Abomasnow|atk|2|[from] item: Weakness Policy\n|-boost|p1b: Abomasnow|spa|2|[from] item: Weakness Policy\n|\n|-weather|Snow|[upkeep]\n|upkeep\n|\n|t:|1682624239\n|switch|p1a: Bronzong|Bronzong, L50|23\/100\n|turn|12\n|\n|t:|1682624247\n|move|p1b: Abomasnow|Protect|p1b: Abomasnow\n|-singleturn|p1b: Abomasnow|Protect\n|move|p2a: Sasha Colby|Dazzling Gleam|p1b: Abomasnow|[spread] p1a\n|-activate|p1b: Abomasnow|move: Protect\n|-resisted|p1a: Bronzong\n|-damage|p1a: Bronzong|13\/100\n|move|p2b: Amoonguss|Pollen Puff|p1a: Bronzong\n|-damage|p1a: Bronzong|0 fnt\n|faint|p1a: Bronzong\n|\n|-weather|Snow|[upkeep]\n|upkeep\n|turn|13\n|-message|sjeufke forfeited.\n|\n|win|Piccolo Ruiz\n|raw|sjeufke's rating: 1428 → 1406<\/strong> (-22 for losing)\n|raw|Piccolo Ruiz's rating: 1385 → 1407<\/strong> (+22 for winning)\n|l|\u2606sjeufke\n","uploadtime":1682624270,"views":11,"p1id":"sjeufke","p2id":"piccoloruiz","formatid":"gen9vgc2023regulationc","rating":1406,"private":0,"password":""}