{"id":"gen9vgc2023regulationc-1853510243","p1":"Felipe.Miller.V","p2":"vjeio6769","format":"[Gen 9] VGC 2023 Regulation C","log":"|j|\u2606Felipe.Miller.V\n|j|\u2606vjeio6769\n|t:|1682692086\n|gametype|doubles\n|player|p1|Felipe.Miller.V|2|1099\n|player|p2|vjeio6769|1|1040\n|teamsize|p1|6\n|teamsize|p2|6\n|gen|9\n|tier|[Gen 9] VGC 2023 Regulation C\n|rated|\n|rule|Species Clause: Limit one of each Pok\u00e9mon\n|rule|Item Clause: Limit one of each item\n|clearpoke\n|poke|p1|Tauros-Paldea-Aqua, L50, M|\n|poke|p1|Gallade, L50, M|\n|poke|p1|Flutter Mane, L50|\n|poke|p1|Great Tusk, L50|\n|poke|p1|Murkrow, L50, F|\n|poke|p1|Corviknight, L50, M|\n|poke|p2|Flutter Mane, L50|\n|poke|p2|Ting-Lu, L50|\n|poke|p2|Amoonguss, L50, M|\n|poke|p2|Arcanine, L50, M|\n|poke|p2|Iron Hands, L50|\n|poke|p2|Dragonite, L50, M|\n|teampreview|4\n|inactive|Battle timer is ON: inactive players will automatically lose when time's up. (requested by Felipe.Miller.V)\n|inactive|vjeio6769 has 60 seconds left.\n|\n|t:|1682692146\n|start\n|switch|p1a: Great Tusk|Great Tusk, L50|100\/100\n|switch|p1b: Corviknight|Corviknight, L50, M, shiny|100\/100\n|switch|p2a: Dragonite|Dragonite, L50, M|100\/100\n|switch|p2b: Arcanine|Arcanine, L50, M|100\/100\n|-ability|p2b: Arcanine|Intimidate|boost\n|-unboost|p1a: Great Tusk|atk|1\n|-ability|p1b: Corviknight|Mirror Armor\n|-unboost|p2b: Arcanine|atk|1\n|turn|1\n|\n|t:|1682692167\n|-end|p1a: Great Tusk|Protosynthesis|[silent]\n|switch|p1a: Flutter Mane|Flutter Mane, L50|100\/100\n|-terastallize|p1b: Corviknight|Fire\n|move|p2a: Dragonite|Protect|p2a: Dragonite\n|-singleturn|p2a: Dragonite|Protect\n|move|p2b: Arcanine|Will-O-Wisp|p1a: Flutter Mane\n|-status|p1a: Flutter Mane|brn\n|move|p1b: Corviknight|Brave Bird|p2b: Arcanine\n|-damage|p2b: Arcanine|0 fnt\n|faint|p2b: Arcanine\n|-damage|p1b: Corviknight|66\/100|[from] Recoil\n|\n|-damage|p1a: Flutter Mane|95\/100 brn|[from] brn\n|upkeep\n|\n|t:|1682692181\n|switch|p2b: Iron Hands|Iron Hands, L50|100\/100\n|turn|2\n|\n|t:|1682692201\n|switch|p1b: Great Tusk|Great Tusk, L50|100\/100\n|-terastallize|p2a: Dragonite|Normal\n|move|p2b: Iron Hands|Fake Out|p1b: Great Tusk\n|-damage|p1b: Great Tusk|89\/100\n|move|p2a: Dragonite|Extreme Speed|p1a: Flutter Mane\n|-immune|p1a: Flutter Mane\n|move|p1a: Flutter Mane|Moonblast|p2b: Iron Hands\n|-supereffective|p2b: Iron Hands\n|-damage|p2b: Iron Hands|0 fnt\n|faint|p2b: Iron Hands\n|-end|p2b: Iron Hands|Quark Drive|[silent]\n|\n|-damage|p1a: Flutter Mane|89\/100 brn|[from] brn\n|upkeep\n|\n|t:|1682692207\n|switch|p2b: Ting-Lu|Ting-Lu, L50|100\/100\n|-ability|p2b: Ting-Lu|Vessel of Ruin\n|turn|3\n|\n|t:|1682692222\n|-end|p1a: Flutter Mane|Protosynthesis|[silent]\n|switch|p1a: Murkrow|Murkrow, L50, F|100\/100\n|move|p1b: Great Tusk|Close Combat|p2a: Dragonite\n|-supereffective|p2a: Dragonite\n|-damage|p2a: Dragonite|35\/100\n|-unboost|p1b: Great Tusk|def|1\n|-unboost|p1b: Great Tusk|spd|1\n|move|p2a: Dragonite|Ice Spinner|p1b: Great Tusk\n|-supereffective|p1b: Great Tusk\n|-damage|p1b: Great Tusk|23\/100\n|move|p2b: Ting-Lu|Heavy Slam|p1a: Murkrow\n|-damage|p1a: Murkrow|60\/100\n|\n|upkeep\n|turn|4\n|\n|t:|1682692243\n|move|p2a: Dragonite|Extreme Speed|p1b: Great Tusk\n|-damage|p1b: Great Tusk|0 fnt\n|faint|p1b: Great Tusk\n|-end|p1b: Great Tusk|Protosynthesis|[silent]\n|move|p1a: Murkrow|Tailwind|p1a: Murkrow\n|-sidestart|p1: Felipe.Miller.V|move: Tailwind\n|move|p2b: Ting-Lu|Heavy Slam|p1a: Murkrow\n|-damage|p1a: Murkrow|18\/100\n|\n|upkeep\n|\n|t:|1682692256\n|switch|p1b: Flutter Mane|Flutter Mane, L50|89\/100 brn\n|turn|5\n|\n|t:|1682692270\n|move|p2a: Dragonite|Protect|p2a: Dragonite\n|-singleturn|p2a: Dragonite|Protect\n|move|p1a: Murkrow|Sunny Day|p1a: Murkrow\n|-weather|SunnyDay\n|-activate|p1b: Flutter Mane|ability: Protosynthesis\n|-start|p1b: Flutter Mane|protosynthesisspa\n|move|p1b: Flutter Mane|Moonblast|p2b: Ting-Lu\n|-supereffective|p2b: Ting-Lu\n|-damage|p2b: Ting-Lu|18\/100\n|-unboost|p2b: Ting-Lu|spa|1\n|move|p2b: Ting-Lu|Heavy Slam|p1b: Flutter Mane\n|-supereffective|p1b: Flutter Mane\n|-damage|p1b: Flutter Mane|0 fnt\n|faint|p1b: Flutter Mane\n|-end|p1b: Flutter Mane|Protosynthesis|[silent]\n|\n|-weather|SunnyDay|[upkeep]\n|upkeep\n|\n|t:|1682692283\n|switch|p1b: Corviknight|Corviknight, L50, M, shiny, tera:Fire|66\/100\n|turn|6\n|\n|t:|1682692300\n|move|p2a: Dragonite|Extreme Speed|p1b: Corviknight\n|-damage|p1b: Corviknight|25\/100\n|move|p1a: Murkrow|Foul Play|p2a: Dragonite\n|-damage|p2a: Dragonite|0 fnt\n|faint|p2a: Dragonite\n|move|p1b: Corviknight|Brave Bird|p2b: Ting-Lu\n|-damage|p2b: Ting-Lu|0 fnt\n|faint|p2b: Ting-Lu\n|-damage|p1b: Corviknight|18\/100|[from] Recoil\n|\n|win|Felipe.Miller.V\n|raw|Felipe.Miller.V's rating: 1099 → 1120<\/strong> (+21 for winning)\n|raw|vjeio6769's rating: 1040 → 1027<\/strong> (-13 for losing)\n|l|\u2606vjeio6769\n","uploadtime":1682692314,"views":10,"p1id":"felipemillerv","p2id":"vjeio6769","formatid":"gen9vgc2023regulationc","rating":1027,"private":0,"password":""}