{"id":"gen9vgc2023regulationc-1854938537","p1":"Fabo28","p2":"carlospe1205","format":"[Gen 9] VGC 2023 Regulation C","log":"|j|\u2606Fabo28\n|j|\u2606carlospe1205\n|t:|1682882860\n|gametype|doubles\n|player|p1|Fabo28|102|1097\n|player|p2|carlospe1205|bugsy|1000\n|teamsize|p1|6\n|teamsize|p2|6\n|gen|9\n|tier|[Gen 9] VGC 2023 Regulation C\n|rated|\n|rule|Species Clause: Limit one of each Pok\u00e9mon\n|rule|Item Clause: Limit one of each item\n|clearpoke\n|poke|p1|Baxcalibur, L50, F|\n|poke|p1|Sableye, L50, F|\n|poke|p1|Braviary, L50, M|\n|poke|p1|Gastrodon-East, L50, F|\n|poke|p1|Chi-Yu, L50|\n|poke|p1|Great Tusk, L50|\n|poke|p2|Baxcalibur, L50, F|\n|poke|p2|Talonflame, L50, F|\n|poke|p2|Amoonguss, L50, F|\n|poke|p2|Grimmsnarl, L50, M|\n|poke|p2|Flutter Mane, L50|\n|poke|p2|Chi-Yu, L50|\n|teampreview|4\n|\n|t:|1682882890\n|start\n|switch|p1a: Sableye|Sableye, L50, F|100\/100\n|switch|p1b: Braviary|Braviary, L50, M|100\/100\n|switch|p2a: Krompus|Grimmsnarl, L50, M|100\/100\n|switch|p2b: AMOGUS|Amoonguss, L50, F|100\/100\n|turn|1\n|\n|t:|1682882914\n|-terastallize|p1b: Braviary|Flying\n|move|p1a: Sableye|Helping Hand|p1b: Braviary\n|-singleturn|p1b: Braviary|Helping Hand|[of] p1a: Sableye\n|move|p2a: Krompus|Fake Out|p1b: Braviary\n|-damage|p1b: Braviary|84\/100\n|cant|p1b: Braviary|flinch\n|move|p2b: AMOGUS|Spore|p1a: Sableye\n|-status|p1a: Sableye|slp|[from] move: Spore\n|\n|upkeep\n|turn|2\n|\n|t:|1682882938\n|cant|p1a: Sableye|slp\n|move|p2a: Krompus|Reflect|p2a: Krompus\n|-sidestart|p2: carlospe1205|Reflect\n|move|p1b: Braviary|Brave Bird|p2b: AMOGUS\n|-supereffective|p2b: AMOGUS\n|-damage|p2b: AMOGUS|16\/100\n|-damage|p1b: Braviary|68\/100|[from] item: Rocky Helmet|[of] p2b: AMOGUS\n|-damage|p1b: Braviary|35\/100|[from] Recoil\n|move|p2b: AMOGUS|Spore|p1b: Braviary\n|-status|p1b: Braviary|slp|[from] move: Spore\n|-enditem|p1b: Braviary|Lum Berry|[eat]\n|-curestatus|p1b: Braviary|slp|[msg]\n|\n|upkeep\n|turn|3\n|\n|t:|1682882963\n|switch|p2b: Luz|Chi-Yu, L50|100\/100\n|-ability|p2b: Luz|Beads of Ruin\n|cant|p1a: Sableye|slp\n|move|p1b: Braviary|Rock Slide|p2b: Luz|[spread] p2b\n|-miss|p1b: Braviary|p2a: Krompus\n|-supereffective|p2b: Luz\n|-damage|p2b: Luz|64\/100\n|move|p2a: Krompus|Spirit Break|p1b: Braviary\n|-damage|p1b: Braviary|0 fnt\n|faint|p1b: Braviary\n|\n|upkeep\n|\n|t:|1682882979\n|switch|p1b: Gastrodon|Gastrodon-East, L50, F|100\/100\n|turn|4\n|\n|t:|1682883008\n|-terastallize|p2b: Luz|Flying\n|move|p1b: Gastrodon|Protect|p1b: Gastrodon\n|-singleturn|p1b: Gastrodon|Protect\n|move|p2a: Krompus|Light Screen|p2a: Krompus\n|-sidestart|p2: carlospe1205|move: Light Screen\n|cant|p1a: Sableye|slp\n|move|p2b: Luz|Nasty Plot|p2b: Luz\n|-boost|p2b: Luz|spa|2\n|\n|upkeep\n|turn|5\n|\n|t:|1682883027\n|switch|p2a: AMOGUS|Amoonguss, L50, F|49\/100\n|move|p2b: Luz|Protect|p2b: Luz\n|-singleturn|p2b: Luz|Protect\n|-curestatus|p1a: Sableye|slp|[msg]\n|move|p1a: Sableye|Trick|p2b: Luz\n|-activate|p2b: Luz|move: Protect\n|move|p1b: Gastrodon|Muddy Water|p2b: Luz|[spread] p2a\n|-activate|p2b: Luz|move: Protect\n|-resisted|p2a: AMOGUS\n|-damage|p2a: AMOGUS|39\/100\n|-unboost|p2a: AMOGUS|accuracy|1\n|\n|upkeep\n|turn|6\n|\n|t:|1682883047\n|move|p1a: Sableye|Trick|p2b: Luz\n|-activate|p1a: Sableye|move: Trick|[of] p2b: Luz\n|-item|p2b: Luz|Lagging Tail|[from] move: Trick\n|-item|p1a: Sableye|Life Orb|[from] move: Trick\n|move|p2b: Luz|Dark Pulse|p1a: Sableye\n|-damage|p1a: Sableye|0 fnt\n|faint|p1a: Sableye\n|move|p1b: Gastrodon|Muddy Water|p2a: AMOGUS|[spread] p2a\n|-miss|p1b: Gastrodon|p2b: Luz\n|-resisted|p2a: AMOGUS\n|-damage|p2a: AMOGUS|29\/100\n|move|p2a: AMOGUS|Spore|p1b: Gastrodon\n|-status|p1b: Gastrodon|slp|[from] move: Spore\n|\n|upkeep\n|\n|t:|1682883059\n|switch|p1a: Great Tusk|Great Tusk, L50|100\/100\n|turn|7\n|\n|t:|1682883077\n|move|p2b: Luz|Protect|p2b: Luz\n|-singleturn|p2b: Luz|Protect\n|move|p1a: Great Tusk|Ice Spinner|p2b: Luz\n|-activate|p2b: Luz|move: Protect\n|cant|p1b: Gastrodon|slp\n|move|p2a: AMOGUS|Spore|p1a: Great Tusk\n|-status|p1a: Great Tusk|slp|[from] move: Spore\n|\n|upkeep\n|turn|8\n|\n|t:|1682883102\n|cant|p1a: Great Tusk|slp\n|cant|p1b: Gastrodon|slp\n|move|p2a: AMOGUS|Pollen Puff|p2b: Luz\n|-heal|p2b: Luz|100\/100\n|move|p2b: Luz|Nasty Plot|p2b: Luz\n|-boost|p2b: Luz|spa|2\n|\n|upkeep\n|turn|9\n|-message|Fabo28 forfeited.\n|\n|win|carlospe1205\n|raw|Fabo28's rating: 1097 → 1066<\/strong> (-31 for losing)\n|raw|carlospe1205's rating: 1000 → 1051<\/strong> (+51 for winning)\n|l|\u2606Fabo28\n","uploadtime":1682883126,"views":5,"p1id":"fabo28","p2id":"carlospe1205","formatid":"gen9vgc2023regulationc","rating":1051,"private":0,"password":""}