{"id":"gen9vgc2023regulationc-1858381665","p1":"LasermanZ111","p2":"Shine Blanco","format":"[Gen 9] VGC 2023 Regulation C","log":"|j|\u2606LasermanZ111\n|j|\u2606Shine Blanco\n|t:|1683307119\n|gametype|doubles\n|player|p1|LasermanZ111|red|1425\n|player|p2|Shine Blanco|2|1440\n|teamsize|p1|6\n|teamsize|p2|6\n|gen|9\n|tier|[Gen 9] VGC 2023 Regulation C\n|rated|\n|rule|Species Clause: Limit one of each Pok\u00e9mon\n|rule|Item Clause: Limit one of each item\n|clearpoke\n|poke|p1|Chi-Yu, L50|\n|poke|p1|Flutter Mane, L50|\n|poke|p1|Corviknight, L50, M|\n|poke|p1|Iron Bundle, L50|\n|poke|p1|Abomasnow, L50, M|\n|poke|p1|Iron Hands, L50|\n|poke|p2|Orthworm, L50, M|\n|poke|p2|Dragonite, L50, F|\n|poke|p2|Arcanine, L50, M|\n|poke|p2|Ting-Lu, L50|\n|poke|p2|Chien-Pao, L50|\n|poke|p2|Flutter Mane, L50|\n|teampreview|4\nLasermanZ111 has agreed to open team sheets.\n|inactive|Battle timer is ON: inactive players will automatically lose when time's up. (requested by Shine Blanco)\nShine Blanco has agreed to open team sheets.\n|inactive|LasermanZ111 has 60 seconds left.\n|inactive|LasermanZ111 has 30 seconds left.\n|inactive|LasermanZ111 has 20 seconds left.\n|inactive|LasermanZ111 has 15 seconds left.\n|inactive|LasermanZ111 has 10 seconds left.\n|\n|t:|1683307266\n|start\n|switch|p1a: Iron Bundle|Iron Bundle, L50|100\/100\n|switch|p1b: Corviknight|Corviknight, L50, M|100\/100\n|switch|p2a: Orthworm|Orthworm, L50, M|100\/100\n|switch|p2b: Ting-Lu|Ting-Lu, L50|100\/100\n|-ability|p2b: Ting-Lu|Vessel of Ruin\n|-enditem|p1a: Iron Bundle|Booster Energy\n|-activate|p1a: Iron Bundle|ability: Quark Drive|[fromitem]\n|-start|p1a: Iron Bundle|quarkdrivespe\n|turn|1\n|inactive|LasermanZ111 has 30 seconds left.\n|inactive|Shine Blanco has 30 seconds left.\n|inactive|LasermanZ111 has 20 seconds left.\n|inactive|Shine Blanco has 20 seconds left.\n|inactive|LasermanZ111 has 15 seconds left.\n|\n|t:|1683307307\n|-end|p1a: Iron Bundle|Quark Drive|[silent]\n|switch|p1a: Chi-Yu|Chi-Yu, L50|100\/100\n|-ability|p1a: Chi-Yu|Beads of Ruin\n|move|p1b: Corviknight|Brave Bird|p2b: Ting-Lu\n|-damage|p2b: Ting-Lu|74\/100\n|-damage|p1b: Corviknight|89\/100|[from] Recoil\n|move|p2b: Ting-Lu|Ruination|p1b: Corviknight\n|-damage|p1b: Corviknight|45\/100\n|move|p2a: Orthworm|Iron Defense|p2a: Orthworm\n|-boost|p2a: Orthworm|def|2\n|\n|upkeep\n|turn|2\n|\n|t:|1683307331\n|-terastallize|p1a: Chi-Yu|Ghost\n|-terastallize|p2a: Orthworm|Fire\n|move|p1a: Chi-Yu|Dark Pulse|p2a: Orthworm\n|-damage|p2a: Orthworm|53\/100\n|move|p1b: Corviknight|Roost|p1b: Corviknight\n|-heal|p1b: Corviknight|95\/100\n|-singleturn|p1b: Corviknight|move: Roost\n|move|p2b: Ting-Lu|Ruination|p1b: Corviknight\n|-damage|p1b: Corviknight|48\/100\n|move|p2a: Orthworm|Body Press|p1a: Chi-Yu\n|-immune|p1a: Chi-Yu\n|\n|upkeep\n|turn|3\n|\n|t:|1683307351\n|move|p1a: Chi-Yu|Dark Pulse|p2a: Orthworm\n|-damage|p2a: Orthworm|11\/100\n|-enditem|p2a: Orthworm|Sitrus Berry|[eat]\n|-heal|p2a: Orthworm|36\/100|[from] item: Sitrus Berry\n|move|p1b: Corviknight|Brave Bird|p2a: Orthworm\n|-damage|p2a: Orthworm|18\/100\n|-damage|p1b: Corviknight|42\/100|[from] Recoil\n|move|p2b: Ting-Lu|Earthquake|p1a: Chi-Yu|[spread] p1a\n|-heal|p2a: Orthworm|43\/100|[from] ability: Earth Eater|[of] p2b: Ting-Lu\n|-immune|p1b: Corviknight\n|-damage|p1a: Chi-Yu|40\/100\n|move|p2a: Orthworm|Body Press|p1b: Corviknight\n|-damage|p1b: Corviknight|0 fnt\n|faint|p1b: Corviknight\n|\n|upkeep\n|inactive|LasermanZ111 has 30 seconds left.\n|\n|t:|1683307386\n|switch|p1b: Iron Bundle|Iron Bundle, L50|100\/100\n|turn|4\n|\n|t:|1683307401\n|move|p1a: Chi-Yu|Protect|p1a: Chi-Yu\n|-singleturn|p1a: Chi-Yu|Protect\n|move|p1b: Iron Bundle|Hydro Pump|p2a: Orthworm\n|-supereffective|p2a: Orthworm\n|-damage|p2a: Orthworm|0 fnt\n|faint|p2a: Orthworm\n|move|p2b: Ting-Lu|Earthquake|p1b: Iron Bundle|[spread] p1b\n|-activate|p1a: Chi-Yu|move: Protect\n|-damage|p1b: Iron Bundle|56\/100\n|\n|upkeep\n|\n|t:|1683307415\n|switch|p2a: Chien-Pao|Chien-Pao, L50|100\/100\n|-ability|p2a: Chien-Pao|Sword of Ruin\n|turn|5\n|inactive|LasermanZ111 has 30 seconds left.\n|inactive|Shine Blanco has 30 seconds left.\n|inactive|Shine Blanco has 20 seconds left.\n|\n|t:|1683307452\n|move|p1b: Iron Bundle|Protect|p1b: Iron Bundle\n|-singleturn|p1b: Iron Bundle|Protect\n|move|p2a: Chien-Pao|Sucker Punch|p1a: Chi-Yu\n|-supereffective|p1a: Chi-Yu\n|-damage|p1a: Chi-Yu|0 fnt\n|faint|p1a: Chi-Yu\n|move|p2b: Ting-Lu|Heavy Slam|p1b: Iron Bundle\n|-activate|p1b: Iron Bundle|move: Protect\n|\n|upkeep\n|\n|t:|1683307462\n|switch|p1a: Flutter Mane|Flutter Mane, L50|100\/100\n|turn|6\n|inactive|LasermanZ111 has 30 seconds left.\n|\n|t:|1683307492\n|move|p1b: Iron Bundle|Hydro Pump|p2b: Ting-Lu|[miss]\n|-miss|p1b: Iron Bundle|p2b: Ting-Lu\n|move|p2a: Chien-Pao|Sacred Sword|p1b: Iron Bundle\n|-supereffective|p1b: Iron Bundle\n|-damage|p1b: Iron Bundle|0 fnt\n|faint|p1b: Iron Bundle\n|-end|p1b: Iron Bundle|Quark Drive|[silent]\n|move|p1a: Flutter Mane|Moonblast|p2b: Ting-Lu\n|-supereffective|p2b: Ting-Lu\n|-damage|p2b: Ting-Lu|14\/100\n|-unboost|p2b: Ting-Lu|spa|1\n|move|p2b: Ting-Lu|Heavy Slam|p1a: Flutter Mane\n|-supereffective|p1a: Flutter Mane\n|-damage|p1a: Flutter Mane|0 fnt\n|faint|p1a: Flutter Mane\n|-end|p1a: Flutter Mane|Protosynthesis|[silent]\n|\n|win|Shine Blanco\n|raw|LasermanZ111's rating: 1425 → 1406<\/strong> (-19 for losing)\n|raw|Shine Blanco's rating: 1440 → 1459<\/strong> (+19 for winning)\n|c|\u2606LasermanZ111|oh well I tried\n|c|\u2606Shine Blanco|ggs\n|c|\u2606LasermanZ111|gg\n","uploadtime":1683307511,"views":13,"p1id":"lasermanz111","p2id":"shineblanco","formatid":"gen9vgc2023regulationc","rating":1406,"private":0,"password":""}