{"id":"gen9vgc2023regulationc-1857306206","p1":"PokeVoltClub","p2":"cap4816","format":"[Gen 9] VGC 2023 Regulation C","log":"|j|\u2606PokeVoltClub\n|j|\u2606cap4816\n|t:|1683170691\n|gametype|doubles\n|player|p1|PokeVoltClub|elesa|1104\n|player|p2|cap4816|pokekid|1188\n|teamsize|p1|6\n|teamsize|p2|6\n|gen|9\n|tier|[Gen 9] VGC 2023 Regulation C\n|rated|\n|rule|Species Clause: Limit one of each Pok\u00e9mon\n|rule|Item Clause: Limit one of each item\n|clearpoke\n|poke|p1|Bellibolt, L50, F|\n|poke|p1|Gastrodon, L50, M|\n|poke|p1|Iron Treads, L50|\n|poke|p1|Mimikyu, L50, M|\n|poke|p1|Chi-Yu, L50|\n|poke|p1|Dragonite, L50, M|\n|poke|p2|Gastrodon, L50, M|\n|poke|p2|Palafin, L50, M|\n|poke|p2|Arcanine, L50, F|\n|poke|p2|Flutter Mane, L50|\n|poke|p2|Grimmsnarl, L50, M|\n|poke|p2|Kingambit, L50, F|\n|teampreview|4\n|\n|t:|1683170751\n|start\n|switch|p1a: Tin-Lu|Chi-Yu, L50|100\/100\n|switch|p1b: Gastrodon|Gastrodon, L50, M|100\/100\n|switch|p2a: Arcanine|Arcanine, L50, F|100\/100\n|switch|p2b: Flutter Mane|Flutter Mane, L50|100\/100\n|-ability|p2a: Arcanine|Intimidate|boost\n|-unboost|p1a: Tin-Lu|atk|1\n|-unboost|p1b: Gastrodon|atk|1\n|-ability|p1a: Tin-Lu|Beads of Ruin\n|turn|1\n|\n|t:|1683170778\n|move|p1a: Tin-Lu|Protect|p1a: Tin-Lu\n|-singleturn|p1a: Tin-Lu|Protect\n|move|p2a: Arcanine|Extreme Speed|p1a: Tin-Lu\n|-activate|p1a: Tin-Lu|move: Protect\n|move|p2b: Flutter Mane|Moonblast|p1a: Tin-Lu\n|-activate|p1a: Tin-Lu|move: Protect\n|move|p1b: Gastrodon|Muddy Water|p2b: Flutter Mane|[spread] p2a,p2b\n|-supereffective|p2a: Arcanine\n|-damage|p2a: Arcanine|22\/100\n|-damage|p2b: Flutter Mane|59\/100\n|-unboost|p2b: Flutter Mane|accuracy|1\n|\n|upkeep\n|turn|2\n|\n|t:|1683170796\n|switch|p2a: Gastrodon|Gastrodon, L50, M|100\/100\n|move|p2b: Flutter Mane|Moonblast|p1a: Tin-Lu|[miss]\n|-miss|p2b: Flutter Mane|p1a: Tin-Lu\n|move|p1a: Tin-Lu|Dark Pulse|p2b: Flutter Mane\n|-damage|p2b: Flutter Mane|1\/100\n|move|p1b: Gastrodon|Muddy Water|p2a: Gastrodon|[spread] p2b\n|-ability|p2a: Gastrodon|Storm Drain|boost\n|-boost|p2a: Gastrodon|spa|1\n|-damage|p2b: Flutter Mane|0 fnt\n|faint|p2b: Flutter Mane\n|-end|p2b: Flutter Mane|Protosynthesis|[silent]\n|\n|upkeep\n|\n|t:|1683170810\n|switch|p2b: Kingambit|Kingambit, L50, F|100\/100\n|turn|3\n|\n|t:|1683170821\n|move|p2b: Kingambit|Protect|p2b: Kingambit\n|-singleturn|p2b: Kingambit|Protect\n|move|p1a: Tin-Lu|Dark Pulse|p2a: Gastrodon\n|-damage|p2a: Gastrodon|57\/100\n|move|p1b: Gastrodon|Earth Power|p2b: Kingambit\n|-activate|p2b: Kingambit|move: Protect\n|move|p2a: Gastrodon|Earth Power|p1a: Tin-Lu\n|-supereffective|p1a: Tin-Lu\n|-damage|p1a: Tin-Lu|14\/100\n|\n|-heal|p2a: Gastrodon|63\/100|[from] item: Leftovers\n|upkeep\n|turn|4\n|\n|t:|1683170851\n|move|p1a: Tin-Lu|Protect|p1a: Tin-Lu\n|-singleturn|p1a: Tin-Lu|Protect\n|move|p2b: Kingambit|Sucker Punch||[still]\n|-fail|p2b: Kingambit\n|move|p1b: Gastrodon|Yawn|p2b: Kingambit\n|-start|p2b: Kingambit|move: Yawn|[of] p1b: Gastrodon\n|move|p2a: Gastrodon|Earth Power|p1b: Gastrodon\n|-damage|p1b: Gastrodon|41\/100\n|\n|-heal|p2a: Gastrodon|69\/100|[from] item: Leftovers\n|upkeep\n|turn|5\n|\n|t:|1683170893\n|-terastallize|p2b: Kingambit|Flying\n|move|p2b: Kingambit|Sucker Punch|p1b: Gastrodon\n|-damage|p1b: Gastrodon|8\/100\n|move|p1a: Tin-Lu|Heat Wave|p2b: Kingambit|[spread] p2a,p2b\n|-resisted|p2a: Gastrodon\n|-damage|p2a: Gastrodon|52\/100\n|-damage|p2b: Kingambit|61\/100\n|move|p2a: Gastrodon|Muddy Water|p1a: Tin-Lu|[spread] p1a\n|-ability|p1b: Gastrodon|Storm Drain|boost\n|-boost|p1b: Gastrodon|spa|1\n|-enditem|p2b: Kingambit|Mirror Herb\n|-boost|p2b: Kingambit|spa|1|[from] item: Mirror Herb\n|-supereffective|p1a: Tin-Lu\n|-damage|p1a: Tin-Lu|0 fnt\n|faint|p1a: Tin-Lu\n|move|p1b: Gastrodon|Muddy Water|p2a: Gastrodon|[spread] p2b\n|-ability|p2a: Gastrodon|Storm Drain|boost\n|-boost|p2a: Gastrodon|spa|1\n|-damage|p2b: Kingambit|26\/100\n|-unboost|p2b: Kingambit|accuracy|1\n|-ability|p2b: Kingambit|Defiant|boost\n|-boost|p2b: Kingambit|atk|2\n|\n|-heal|p2a: Gastrodon|58\/100|[from] item: Leftovers\n|-end|p2b: Kingambit|move: Yawn|[silent]\n|-status|p2b: Kingambit|slp\n|upkeep\n|\n|t:|1683170921\n|switch|p1a: Iron Treads|Iron Treads, L50|100\/100\n|-enditem|p1a: Iron Treads|Booster Energy\n|-activate|p1a: Iron Treads|ability: Quark Drive|[fromitem]\n|-start|p1a: Iron Treads|quarkdrivespe\n|turn|6\n|\n|t:|1683170945\n|move|p1a: Iron Treads|Ice Spinner|p2b: Kingambit\n|-supereffective|p2b: Kingambit\n|-damage|p2b: Kingambit|0 fnt\n|faint|p2b: Kingambit\n|move|p1b: Gastrodon|Recover|p1b: Gastrodon\n|-heal|p1b: Gastrodon|59\/100\n|move|p2a: Gastrodon|Earth Power|p1b: Gastrodon\n|-damage|p1b: Gastrodon|7\/100\n|\n|-heal|p2a: Gastrodon|64\/100|[from] item: Leftovers\n|upkeep\n|\n|t:|1683170951\n|switch|p2b: Arcanine|Arcanine, L50, F|22\/100\n|-ability|p2b: Arcanine|Intimidate|boost\n|-unboost|p1a: Iron Treads|atk|1\n|-unboost|p1b: Gastrodon|atk|1\n|turn|7\n|\n|t:|1683170971\n|move|p2b: Arcanine|Protect|p2b: Arcanine\n|-singleturn|p2b: Arcanine|Protect\n|move|p1a: Iron Treads|Ice Spinner|p2a: Gastrodon\n|-damage|p2a: Gastrodon|50\/100\n|move|p1b: Gastrodon|Earth Power|p2b: Arcanine\n|-activate|p2b: Arcanine|move: Protect\n|move|p2a: Gastrodon|Earth Power|p1b: Gastrodon\n|-damage|p1b: Gastrodon|0 fnt\n|faint|p1b: Gastrodon\n|\n|-heal|p2a: Gastrodon|56\/100|[from] item: Leftovers\n|upkeep\n|\n|t:|1683170982\n|switch|p1b: Bellibolt|Bellibolt, L50, F|100\/100\n|turn|8\n|\n|t:|1683171000\n|-terastallize|p1b: Bellibolt|Flying\n|move|p1a: Iron Treads|Stomping Tantrum|p2b: Arcanine\n|-supereffective|p2b: Arcanine\n|-damage|p2b: Arcanine|0 fnt\n|faint|p2b: Arcanine\n|move|p1b: Bellibolt|Tera Blast|p2a: Gastrodon\n|-damage|p2a: Gastrodon|26\/100\n|move|p2a: Gastrodon|Earth Power|p1a: Iron Treads\n|-supereffective|p1a: Iron Treads\n|-damage|p1a: Iron Treads|0 fnt\n|faint|p1a: Iron Treads\n|-end|p1a: Iron Treads|Quark Drive|[silent]\n|\n|-heal|p2a: Gastrodon|33\/100|[from] item: Leftovers\n|upkeep\n|turn|9\n|\n|t:|1683171015\n|move|p2a: Gastrodon|Protect|p2a: Gastrodon\n|-singleturn|p2a: Gastrodon|Protect\n|move|p1b: Bellibolt|Tera Blast|p2a: Gastrodon\n|-activate|p2a: Gastrodon|move: Protect\n|\n|-heal|p2a: Gastrodon|39\/100|[from] item: Leftovers\n|upkeep\n|turn|10\n|\n|t:|1683171027\n|move|p1b: Bellibolt|Tera Blast|p2a: Gastrodon\n|-damage|p2a: Gastrodon|7\/100\n|move|p2a: Gastrodon|Yawn|p1b: Bellibolt\n|-start|p1b: Bellibolt|move: Yawn|[of] p2a: Gastrodon\n|\n|-heal|p2a: Gastrodon|13\/100|[from] item: Leftovers\n|upkeep\n|turn|11\n|\n|t:|1683171037\n|move|p2a: Gastrodon|Protect|p2a: Gastrodon\n|-singleturn|p2a: Gastrodon|Protect\n|move|p1b: Bellibolt|Tera Blast|p2a: Gastrodon\n|-activate|p2a: Gastrodon|move: Protect\n|\n|-heal|p2a: Gastrodon|19\/100|[from] item: Leftovers\n|-end|p1b: Bellibolt|move: Yawn|[silent]\n|-status|p1b: Bellibolt|slp\n|upkeep\n|turn|12\n|\n|t:|1683171047\n|cant|p1b: Bellibolt|slp\n|move|p2a: Gastrodon|Muddy Water|p1b: Bellibolt|[miss]\n|-miss|p2a: Gastrodon|p1b: Bellibolt\n|\n|-heal|p2a: Gastrodon|25\/100|[from] item: Leftovers\n|upkeep\n|turn|13\n|\n|t:|1683171055\n|cant|p1b: Bellibolt|slp\n|move|p2a: Gastrodon|Muddy Water|p1b: Bellibolt|[miss]\n|-miss|p2a: Gastrodon|p1b: Bellibolt\n|\n|-heal|p2a: Gastrodon|32\/100|[from] item: Leftovers\n|upkeep\n|turn|14\n|\n|t:|1683171074\n|-curestatus|p1b: Bellibolt|slp|[msg]\n|move|p1b: Bellibolt|Tera Blast|p2a: Gastrodon\n|-damage|p2a: Gastrodon|3\/100\n|move|p2a: Gastrodon|Yawn|p1b: Bellibolt\n|-start|p1b: Bellibolt|move: Yawn|[of] p2a: Gastrodon\n|\n|-heal|p2a: Gastrodon|9\/100|[from] item: Leftovers\n|upkeep\n|turn|15\n|\n|t:|1683171095\n|move|p2a: Gastrodon|Protect|p2a: Gastrodon\n|-singleturn|p2a: Gastrodon|Protect\n|move|p1b: Bellibolt|Tera Blast|p2a: Gastrodon\n|-activate|p2a: Gastrodon|move: Protect\n|\n|-heal|p2a: Gastrodon|15\/100|[from] item: Leftovers\n|-end|p1b: Bellibolt|move: Yawn|[silent]\n|-status|p1b: Bellibolt|slp\n|upkeep\n|turn|16\n|\n|t:|1683171104\n|cant|p1b: Bellibolt|slp\n|move|p2a: Gastrodon|Muddy Water|p1b: Bellibolt|[miss]\n|-miss|p2a: Gastrodon|p1b: Bellibolt\n|\n|-heal|p2a: Gastrodon|22\/100|[from] item: Leftovers\n|upkeep\n|turn|17\n|\n|t:|1683171112\n|-curestatus|p1b: Bellibolt|slp|[msg]\n|move|p1b: Bellibolt|Tera Blast|p2a: Gastrodon\n|-damage|p2a: Gastrodon|0 fnt\n|faint|p2a: Gastrodon\n|\n|win|PokeVoltClub\n|raw|PokeVoltClub's rating: 1104 → 1135<\/strong> (+31 for winning)\n|raw|cap4816's rating: 1188 → 1157<\/strong> (-31 for losing)\n|c|\u2606cap4816|\uff1f\uff1f\uff1f\uff1f\n|c|\u2606PokeVoltClub|gg\n|c|\u2606cap4816|GG\n|c|\u2606PokeVoltClub|that was wild\n|c|\u2606cap4816|What just happen\n|c|\u2606PokeVoltClub|i thought we were gonna be here a while\n|c|\u2606cap4816|I hate u muddy water\n|c|\u2606PokeVoltClub|also i hate you yawn\n|c|\u2606PokeVoltClub|lol\n|c|\u2606cap4816|Thx\uff1f\n|c|\u2606PokeVoltClub|you compete at regionals?\n","uploadtime":1683171224,"views":25,"p1id":"pokevoltclub","p2id":"cap4816","formatid":"gen9vgc2023regulationc","rating":1135,"private":0,"password":""}