{"id":"gen9vgc2023regulationc-1857803699","p1":"gigz707","p2":"Legends2778","format":"[Gen 9] VGC 2023 Regulation C","log":"|j|\u2606gigz707\n|j|\u2606Legends2778\n|t:|1683233432\n|gametype|doubles\n|player|p1|gigz707|265|1074\n|player|p2|Legends2778|sabrina|1013\n|teamsize|p1|6\n|teamsize|p2|6\n|gen|9\n|tier|[Gen 9] VGC 2023 Regulation C\n|rated|\n|rule|Species Clause: Limit one of each Pok\u00e9mon\n|rule|Item Clause: Limit one of each item\n|clearpoke\n|poke|p1|Slowking, L50, M|\n|poke|p1|Flamigo, L50, M|\n|poke|p1|Raichu, L50, F|\n|poke|p1|Skeledirge, L50, F|\n|poke|p1|Scizor, L50, M|\n|poke|p1|Grimmsnarl, L50, M|\n|poke|p2|Dragapult, L50, M|\n|poke|p2|Tsareena, L50, F|\n|poke|p2|Chien-Pao, L50|\n|poke|p2|Tinkaton, L50, F|\n|poke|p2|Flutter Mane, L50|\n|poke|p2|Chi-Yu, L50|\n|teampreview|4\n|\n|t:|1683233521\n|start\n|switch|p1a: Skeledirge|Skeledirge, L50, F|100\/100\n|switch|p1b: Grimmsnarl|Grimmsnarl, L50, M|100\/100\n|switch|p2a: Dragapult|Dragapult, L50, M, shiny|100\/100\n|switch|p2b: Chien-Pao|Chien-Pao, L50|100\/100\n|-ability|p2b: Chien-Pao|Sword of Ruin\n|turn|1\n|\n|t:|1683233564\n|-terastallize|p2a: Dragapult|Ghost\n|-terastallize|p1a: Skeledirge|Fairy\n|move|p1b: Grimmsnarl|Reflect|p1b: Grimmsnarl\n|-sidestart|p1: gigz707|Reflect\n|move|p2a: Dragapult|Phantom Force||[still]\n|-prepare|p2a: Dragapult|Phantom Force\n|move|p2b: Chien-Pao|Ice Spinner|p1b: Grimmsnarl\n|-damage|p1b: Grimmsnarl|61\/100\n|move|p1a: Skeledirge|Torch Song|p2b: Chien-Pao\n|-supereffective|p2b: Chien-Pao\n|-enditem|p2b: Chien-Pao|Focus Sash\n|-damage|p2b: Chien-Pao|1\/100\n|-boost|p1a: Skeledirge|spa|1\n|-enditem|p1a: Skeledirge|Throat Spray\n|-boost|p1a: Skeledirge|spa|1|[from] item: Throat Spray\n|\n|upkeep\n|turn|2\n|\n|t:|1683233596\n|move|p1b: Grimmsnarl|Light Screen|p1b: Grimmsnarl\n|-sidestart|p1: gigz707|move: Light Screen\n|move|p2a: Dragapult|Phantom Force|p1a: Skeledirge|[from]lockedmove\n|-damage|p1a: Skeledirge|46\/100\n|-damage|p2a: Dragapult|91\/100|[from] item: Life Orb\n|move|p2b: Chien-Pao|Ice Spinner|p1a: Skeledirge\n|-damage|p1a: Skeledirge|14\/100\n|move|p1a: Skeledirge|Shadow Ball|p2b: Chien-Pao\n|-resisted|p2b: Chien-Pao\n|-damage|p2b: Chien-Pao|0 fnt\n|faint|p2b: Chien-Pao\n|\n|upkeep\n|\n|t:|1683233626\n|switch|p2b: Tinkaton|Tinkaton, L50, F|100\/100\n|-ability|p2b: Tinkaton|Mold Breaker\n|turn|3\n|\n|t:|1683233652\n|move|p1a: Skeledirge|Protect|p1a: Skeledirge\n|-singleturn|p1a: Skeledirge|Protect\n|move|p2b: Tinkaton|Fake Out|p1a: Skeledirge\n|-activate|p1a: Skeledirge|move: Protect\n|move|p1b: Grimmsnarl|Thunder Wave|p2a: Dragapult|[miss]\n|-miss|p1b: Grimmsnarl|p2a: Dragapult\n|move|p2a: Dragapult|Dragon Darts|p1a: Skeledirge\n|-immune|p1b: Grimmsnarl\n|\n|upkeep\n|turn|4\n|\n|t:|1683233677\n|switch|p1a: Scizor|Scizor, L50, M|100\/100\n|move|p1b: Grimmsnarl|Thunder Wave|p2a: Dragapult\n|-status|p2a: Dragapult|par\n|move|p2b: Tinkaton|Gigaton Hammer|p1a: Scizor\n|-resisted|p1a: Scizor\n|-crit|p1a: Scizor\n|-damage|p1a: Scizor|67\/100\n|move|p2a: Dragapult|Phantom Force||[still]\n|-prepare|p2a: Dragapult|Phantom Force\n|\n|upkeep\n|turn|5\n|\n|t:|1683233701\n|move|p1b: Grimmsnarl|Thunder Wave|p2b: Tinkaton\n|-status|p2b: Tinkaton|par\n|move|p2a: Dragapult|Phantom Force|p1b: Grimmsnarl|[from]lockedmove\n|-resisted|p1b: Grimmsnarl\n|-damage|p1b: Grimmsnarl|36\/100\n|-damage|p2a: Dragapult|81\/100 par|[from] item: Life Orb\n|move|p1a: Scizor|U-turn|p2a: Dragapult\n|-resisted|p2a: Dragapult\n|-damage|p2a: Dragapult|44\/100 par\n|-damage|p1a: Scizor|57\/100|[from] item: Life Orb\n|\n|t:|1683233711\n|switch|p1a: Slowking|Slowking, L50, M|100\/100|[from] U-turn\n|move|p2b: Tinkaton|Reflect|p2b: Tinkaton\n|-sidestart|p2: Legends2778|Reflect\n|\n|upkeep\n|turn|6\n|\n|t:|1683233756\n|switch|p2a: Tsareena|Tsareena, L50, F, shiny|100\/100\n|move|p1b: Grimmsnarl|Spirit Break|p2a: Tsareena\n|-damage|p2a: Tsareena|79\/100\n|-unboost|p2a: Tsareena|spa|1\n|move|p2b: Tinkaton|Thunder Wave|p1a: Slowking\n|-status|p1a: Slowking|par\n|cant|p1a: Slowking|par\n|\n|upkeep\n|turn|7\n|\n|t:|1683233792\n|move|p1b: Grimmsnarl|Thunder Wave||[still]\n|cant|p2a: Tsareena|ability: Queenly Majesty|Thunder Wave|[of] p1b: Grimmsnarl\n|move|p2a: Tsareena|High Jump Kick|p1b: Grimmsnarl\n|-damage|p1b: Grimmsnarl|5\/100\n|move|p2b: Tinkaton|Gigaton Hammer|p1b: Grimmsnarl\n|-supereffective|p1b: Grimmsnarl\n|-damage|p1b: Grimmsnarl|0 fnt\n|faint|p1b: Grimmsnarl\n|move|p1a: Slowking|Trick Room|p1a: Slowking\n|-fieldstart|move: Trick Room|[of] p1a: Slowking\n|\n|upkeep\n|\n|t:|1683233802\n|switch|p1b: Skeledirge|Skeledirge, L50, F, tera:Fairy|14\/100\n|turn|8\n|\n|t:|1683233818\n|switch|p2b: Dragapult|Dragapult, L50, M, shiny, tera:Ghost|44\/100 par\n|move|p2a: Tsareena|Protect|p2a: Tsareena\n|-singleturn|p2a: Tsareena|Protect\n|move|p1a: Slowking|Belly Drum|p1a: Slowking\n|-damage|p1a: Slowking|50\/100 par\n|-setboost|p1a: Slowking|atk|6|[from] move: Belly Drum\n|-enditem|p1a: Slowking|Sitrus Berry|[eat]\n|-heal|p1a: Slowking|75\/100 par|[from] item: Sitrus Berry\n|move|p1b: Skeledirge|Slack Off|p1b: Skeledirge\n|-heal|p1b: Skeledirge|64\/100\n|\n|-sideend|p1: gigz707|Reflect\n|upkeep\n|turn|9\n|\n|t:|1683233891\n|move|p2a: Tsareena|Protect||[still]\n|-fail|p2a: Tsareena\n|move|p1a: Slowking|Drain Punch|p2a: Tsareena\n|-damage|p2a: Tsareena|28\/100\n|-heal|p1a: Slowking|99\/100 par|[from] drain|[of] p2a: Tsareena\n|move|p1b: Skeledirge|Shadow Ball|p2b: Dragapult\n|-supereffective|p2b: Dragapult\n|-damage|p2b: Dragapult|0 fnt\n|faint|p2b: Dragapult\n|\n|-sideend|p2: Legends2778|Reflect\n|-sideend|p1: gigz707|move: Light Screen\n|upkeep\n|\n|t:|1683233904\n|switch|p2b: Tinkaton|Tinkaton, L50, F|100\/100 par\n|-ability|p2b: Tinkaton|Mold Breaker\n|turn|10\n|\n|t:|1683233951\n|move|p1b: Skeledirge|Protect|p1b: Skeledirge\n|-singleturn|p1b: Skeledirge|Protect\n|move|p2b: Tinkaton|Fake Out|p1b: Skeledirge\n|-activate|p1b: Skeledirge|move: Protect\n|move|p1a: Slowking|Drain Punch|p2a: Tsareena\n|-damage|p2a: Tsareena|0 fnt\n|-heal|p1a: Slowking|100\/100 par|[from] drain|[of] p2a: Tsareena\n|faint|p2a: Tsareena\n|\n|upkeep\n|turn|11\n|\n|t:|1683234000\n|cant|p1a: Slowking|par\n|move|p2b: Tinkaton|Gigaton Hammer|p1b: Skeledirge\n|-supereffective|p1b: Skeledirge\n|-damage|p1b: Skeledirge|0 fnt\n|faint|p1b: Skeledirge\n|\n|-fieldend|move: Trick Room\n|upkeep\n|\n|t:|1683234007\n|switch|p1b: Scizor|Scizor, L50, M|57\/100\n|turn|12\n|\n|t:|1683234018\n|move|p1b: Scizor|Swords Dance|p1b: Scizor\n|-boost|p1b: Scizor|atk|2\n|move|p2b: Tinkaton|Reflect|p2b: Tinkaton\n|-sidestart|p2: Legends2778|Reflect\n|move|p1a: Slowking|Drain Punch|p2b: Tinkaton\n|-damage|p2b: Tinkaton|47\/100 par\n|-enditem|p2b: Tinkaton|Sitrus Berry|[eat]\n|-heal|p2b: Tinkaton|72\/100 par|[from] item: Sitrus Berry\n|\n|upkeep\n|turn|13\n|\n|t:|1683234034\n|move|p1b: Scizor|Swords Dance|p1b: Scizor\n|-boost|p1b: Scizor|atk|2\n|cant|p2b: Tinkaton|par\n|move|p1a: Slowking|Drain Punch|p2b: Tinkaton\n|-damage|p2b: Tinkaton|19\/100 par\n|\n|upkeep\n|turn|14\n|\n|t:|1683234047\n|move|p1b: Scizor|Bullet Punch|p2b: Tinkaton\n|-damage|p2b: Tinkaton|0 fnt\n|faint|p2b: Tinkaton\n|-damage|p1b: Scizor|47\/100|[from] item: Life Orb\n|\n|win|gigz707\n|raw|gigz707's rating: 1074 → 1098<\/strong> (+24 for winning)\n|raw|Legends2778's rating: 1013 → 1003<\/strong> (-10 for losing)\n","uploadtime":1683234054,"views":6,"p1id":"gigz707","p2id":"legends2778","formatid":"gen9vgc2023regulationc","rating":1003,"private":0,"password":""}