{"id":"gen9vgc2023regulationc-1856471616","p1":"DjPr1me","p2":"unfantasista","format":"[Gen 9] VGC 2023 Regulation C","log":"|j|\u2606DjPr1me\n|j|\u2606unfantasista\n|t:|1683065182\n|gametype|doubles\n|player|p1|DjPr1me|acetrainer|1187\n|player|p2|unfantasista|265|1192\n|teamsize|p1|6\n|teamsize|p2|6\n|gen|9\n|tier|[Gen 9] VGC 2023 Regulation C\n|rated|\n|rule|Species Clause: Limit one of each Pok\u00e9mon\n|rule|Item Clause: Limit one of each item\n|clearpoke\n|poke|p1|Indeedee-F, L50, F|\n|poke|p1|Sylveon, L50, F|\n|poke|p1|Amoonguss, L50, F|\n|poke|p1|Arcanine, L50, M|\n|poke|p1|Haxorus, L50, F|\n|poke|p1|Kilowattrel, L50, F|\n|poke|p2|Ting-Lu, L50|\n|poke|p2|Abomasnow, L50, M|\n|poke|p2|Flutter Mane, L50|\n|poke|p2|Iron Hands, L50|\n|poke|p2|Bronzong, L50|\n|poke|p2|Arcanine, L50, F|\n|teampreview|4\n|inactive|Battle timer is ON: inactive players will automatically lose when time's up. (requested by DjPr1me)\n|c|\u2606unfantasista|bro\n|c|\u2606unfantasista|u lost\n|c|\u2606unfantasista|speed\n|c|\u2606unfantasista|speed up\n|\n|t:|1683065212\n|start\n|switch|p1a: Sylveon|Sylveon, L50, F|100\/100\n|switch|p1b: Indeedee|Indeedee-F, L50, F|100\/100\n|switch|p2a: Bronzong|Bronzong, L50|100\/100\n|switch|p2b: Flutter Mane|Flutter Mane, L50|100\/100\n|-fieldstart|move: Psychic Terrain|[from] ability: Psychic Surge|[of] p1b: Indeedee\n|turn|1\n|j| Peaky_Lemon\n|l| Peaky_Lemon\n|inactive|unfantasista has 30 seconds left.\n|\n|t:|1683065238\n|switch|p1b: Arcanine|Arcanine, L50, M|100\/100\n|-ability|p1b: Arcanine|Intimidate|boost\n|-unboost|p2a: Bronzong|atk|1\n|-unboost|p2b: Flutter Mane|atk|1\n|move|p2b: Flutter Mane|Shadow Ball|p1a: Sylveon\n|-damage|p1a: Sylveon|55\/100\n|move|p1a: Sylveon|Calm Mind|p1a: Sylveon\n|-boost|p1a: Sylveon|spa|1\n|-boost|p1a: Sylveon|spd|1\n|move|p2a: Bronzong|Trick Room|p2a: Bronzong\n|-fieldstart|move: Trick Room|[of] p2a: Bronzong\n|\n|-heal|p1a: Sylveon|61\/100|[from] item: Leftovers\n|upkeep\n|turn|2\n|inactive|DjPr1me has 30 seconds left.\n|\n|t:|1683065263\n|move|p2a: Bronzong|Gyro Ball|p1a: Sylveon\n|-supereffective|p1a: Sylveon\n|-damage|p1a: Sylveon|41\/100\n|move|p1a: Sylveon|Calm Mind|p1a: Sylveon\n|-boost|p1a: Sylveon|spa|1\n|-boost|p1a: Sylveon|spd|1\n|move|p1b: Arcanine|Flare Blitz|p2b: Flutter Mane\n|-damage|p2b: Flutter Mane|31\/100\n|-damage|p1b: Arcanine|83\/100|[from] Recoil\n|move|p2b: Flutter Mane|Shadow Ball|p1a: Sylveon\n|-damage|p1a: Sylveon|18\/100\n|\n|-heal|p1a: Sylveon|24\/100|[from] item: Leftovers\n|upkeep\n|turn|3\n|\n|t:|1683065282\n|move|p1a: Sylveon|Protect|p1a: Sylveon\n|-singleturn|p1a: Sylveon|Protect\n|move|p2a: Bronzong|Gyro Ball|p1a: Sylveon\n|-activate|p1a: Sylveon|move: Protect\n|move|p1b: Arcanine|Flare Blitz|p2b: Flutter Mane\n|-damage|p2b: Flutter Mane|0 fnt\n|faint|p2b: Flutter Mane\n|-end|p2b: Flutter Mane|Protosynthesis|[silent]\n|-damage|p1b: Arcanine|75\/100|[from] Recoil\n|\n|-heal|p1a: Sylveon|30\/100|[from] item: Leftovers\n|upkeep\n|\n|t:|1683065287\n|switch|p2b: Ting-Lu|Ting-Lu, L50|100\/100\n|-ability|p2b: Ting-Lu|Vessel of Ruin\n|turn|4\n|\n|t:|1683065304\n|switch|p1a: Indeedee|Indeedee-F, L50, F|100\/100\n|switch|p1b: Amoonguss|Amoonguss, L50, F|100\/100\n|-terastallize|p2b: Ting-Lu|Ground\n|move|p2a: Bronzong|Gyro Ball|p1b: Amoonguss\n|-damage|p1b: Amoonguss|93\/100\n|-damage|p2a: Bronzong|84\/100|[from] item: Rocky Helmet|[of] p1b: Amoonguss\n|move|p2b: Ting-Lu|Earthquake|p1b: Amoonguss|[spread] p1a,p1b\n|-immune|p2a: Bronzong|[from] ability: Levitate\n|-damage|p1a: Indeedee|26\/100\n|-damage|p1b: Amoonguss|30\/100\n|\n|upkeep\n|turn|5\n|inactive|unfantasista has 30 seconds left.\n|\n|t:|1683065330\n|switch|p2b: Abomasnow|Abomasnow, L50, M|100\/100\n|-weather|Snow|[from] ability: Snow Warning|[of] p2b: Abomasnow\n|switch|p1a: Arcanine|Arcanine, L50, M|75\/100\n|-ability|p1a: Arcanine|Intimidate|boost\n|-unboost|p2a: Bronzong|atk|1\n|-unboost|p2b: Abomasnow|atk|1\n|move|p2a: Bronzong|Gyro Ball|p1a: Arcanine\n|-resisted|p1a: Arcanine\n|-damage|p1a: Arcanine|67\/100\n|move|p1b: Amoonguss|Spore|p2b: Abomasnow\n|-immune|p2b: Abomasnow\n|\n|-weather|Snow|[upkeep]\n|-fieldend|move: Trick Room\n|-fieldend|move: Psychic Terrain\n|upkeep\n|turn|6\n|inactive|unfantasista has 30 seconds left.\n|inactive|unfantasista has 20 seconds left.\n|\n|t:|1683065369\n|switch|p1b: Indeedee|Indeedee-F, L50, F|26\/100\n|-fieldstart|move: Psychic Terrain|[from] ability: Psychic Surge|[of] p1b: Indeedee\n|move|p2b: Abomasnow|Protect|p2b: Abomasnow\n|-singleturn|p2b: Abomasnow|Protect\n|move|p1a: Arcanine|Flare Blitz|p2b: Abomasnow\n|-activate|p2b: Abomasnow|move: Protect\n|move|p2a: Bronzong|Trick Room|p2a: Bronzong\n|-fieldstart|move: Trick Room|[of] p2a: Bronzong\n|\n|-weather|Snow|[upkeep]\n|upkeep\n|turn|7\n|\n|t:|1683065387\n|move|p1a: Arcanine|Protect|p1a: Arcanine\n|-singleturn|p1a: Arcanine|Protect\n|move|p2a: Bronzong|Gyro Ball|p1b: Indeedee\n|-damage|p1b: Indeedee|13\/100\n|move|p2b: Abomasnow|Earth Power|p1a: Arcanine\n|-activate|p1a: Arcanine|move: Protect\n|move|p1b: Indeedee|Psychic|p2b: Abomasnow\n|-damage|p2b: Abomasnow|61\/100\n|\n|-weather|Snow|[upkeep]\n|upkeep\n|turn|8\n|\n|t:|1683065405\n|switch|p1a: Amoonguss|Amoonguss, L50, F|63\/100\n|move|p1b: Indeedee|Protect|p1b: Indeedee\n|-singleturn|p1b: Indeedee|Protect\n|move|p2a: Bronzong|Gyro Ball|p1b: Indeedee\n|-activate|p1b: Indeedee|move: Protect\n|move|p2b: Abomasnow|Earth Power|p1a: Amoonguss\n|-damage|p1a: Amoonguss|40\/100\n|\n|-weather|Snow|[upkeep]\n|upkeep\n|turn|9\n|c|\u2606unfantasista|MOVE\n|\n|t:|1683065426\n|switch|p1b: Arcanine|Arcanine, L50, M|67\/100\n|-ability|p1b: Arcanine|Intimidate|boost\n|-unboost|p2a: Bronzong|atk|1\n|-unboost|p2b: Abomasnow|atk|1\n|move|p1a: Amoonguss|Protect|p1a: Amoonguss\n|-singleturn|p1a: Amoonguss|Protect\n|move|p2a: Bronzong|Gyro Ball|p1b: Arcanine\n|-resisted|p1b: Arcanine\n|-damage|p1b: Arcanine|61\/100\n|move|p2b: Abomasnow|Blizzard|p1a: Amoonguss|[spread] p1b\n|-activate|p1a: Amoonguss|move: Protect\n|-resisted|p1b: Arcanine\n|-damage|p1b: Arcanine|45\/100\n|\n|-weather|none\n|upkeep\n|turn|10\n|inactive|DjPr1me has 30 seconds left.\n|\n|t:|1683065453\n|switch|p1a: Indeedee|Indeedee-F, L50, F|13\/100\n|move|p1b: Arcanine|Protect|p1b: Arcanine\n|-singleturn|p1b: Arcanine|Protect\n|move|p2a: Bronzong|Safeguard|p2a: Bronzong\n|-sidestart|p2: unfantasista|Safeguard\n|move|p2b: Abomasnow|Blizzard|p1b: Arcanine|[spread] p1a\n|-activate|p1b: Arcanine|move: Protect\n|-damage|p1a: Indeedee|0 fnt\n|faint|p1a: Indeedee\n|\n|-fieldend|move: Trick Room\n|-fieldend|move: Psychic Terrain\n|upkeep\n|c|\u2606DjPr1me|Son of a...\n|inactive|DjPr1me has 30 seconds left.\n|c|\u2606DjPr1me|Ugh...\n|c|\u2606unfantasista|bro\n|c|\u2606unfantasista|u suck\n|c|\u2606unfantasista|forfeit\n|c|\u2606unfantasista|i need to hit rank 1\n|inactive|DjPr1me has 20 seconds left.\n|inactive|DjPr1me has 15 seconds left.\n|n|!DjPr1me|djpr1me\n|inactive|DjPr1me has 10 seconds left.\n|inactive|DjPr1me has 5 seconds left.\n|\n|t:|1683065508\n|switch|p1a: Amoonguss|Amoonguss, L50, F|74\/100\n|turn|11\n|-message|DjPr1me forfeited.\n|\n|win|unfantasista\n|raw|DjPr1me's rating: 1187 → 1162<\/strong> (-25 for losing)\n|raw|unfantasista's rating: 1192 → 1217<\/strong> (+25 for winning)\n|l|!DjPr1me\n","uploadtime":1683065498,"views":4,"p1id":"djpr1me","p2id":"unfantasista","formatid":"gen9vgc2023regulationc","rating":1162,"private":0,"password":""}