{"id":"gen9vgc2023regulationc-1849240230","p1":"marioman6444","p2":"Timelypants","format":"[Gen 9] VGC 2023 Regulation C","log":"|j|\u2606marioman6444\n|j|\u2606Timelypants\n|t:|1682176674\n|gametype|doubles\n|player|p1|marioman6444|hoopster|1271\n|player|p2|Timelypants|2|1202\n|teamsize|p1|6\n|teamsize|p2|6\n|gen|9\n|tier|[Gen 9] VGC 2023 Regulation C\n|rated|\n|rule|Species Clause: Limit one of each Pok\u00e9mon\n|rule|Item Clause: Limit one of each item\n|clearpoke\n|poke|p1|Tsareena, L50, F|\n|poke|p1|Maushold, L50|\n|poke|p1|Garchomp, L50, F|\n|poke|p1|Iron Bundle, L50|\n|poke|p1|Ting-Lu, L50|\n|poke|p1|Dragonite, L50, M|\n|poke|p2|Chi-Yu, L50|\n|poke|p2|Flutter Mane, L50|\n|poke|p2|Roaring Moon, L50|\n|poke|p2|Corviknight, L50, M|\n|poke|p2|Klefki, L50, M|\n|poke|p2|Garchomp, L50, F|\n|teampreview|4\n|inactive|Battle timer is ON: inactive players will automatically lose when time's up. (requested by marioman6444)\n|inactive|marioman6444 has 60 seconds left.\n|inactive|Timelypants has 60 seconds left.\n|inactive|marioman6444 has 30 seconds left.\n|\n|t:|1682176741\n|start\n|switch|p1a: Ting-Lu|Ting-Lu, L50|100\/100\n|switch|p1b: THE RATS|Maushold, L50, shiny|100\/100\n|switch|p2a: Klefki|Klefki, L50, M|100\/100\n|switch|p2b: Corviknight|Corviknight, L50, M|100\/100\n|-ability|p1a: Ting-Lu|Vessel of Ruin\n|turn|1\n|\n|t:|1682176754\n|move|p2a: Klefki|Reflect|p2a: Klefki\n|-sidestart|p2: Timelypants|Reflect\n|move|p1b: THE RATS|Taunt|p2b: Corviknight\n|-start|p2b: Corviknight|move: Taunt\n|cant|p2b: Corviknight|move: Taunt|Bulk Up\n|move|p1a: Ting-Lu|Stealth Rock|p2b: Corviknight\n|-sidestart|p2: Timelypants|move: Stealth Rock\n|\n|upkeep\n|turn|2\n|inactive|marioman6444 has 30 seconds left.\n|inactive|marioman6444 has 20 seconds left.\n|inactive|marioman6444 has 15 seconds left.\n|\n|t:|1682176797\n|switch|p2b: Garchomp|Garchomp, L50, F|100\/100\n|-damage|p2b: Garchomp|94\/100|[from] Stealth Rock\n|move|p2a: Klefki|Thunder Wave|p1b: THE RATS\n|-status|p1b: THE RATS|par\n|move|p1b: THE RATS|Taunt|p2a: Klefki\n|-start|p2a: Klefki|move: Taunt\n|move|p1a: Ting-Lu|Stomping Tantrum|p2a: Klefki\n|-supereffective|p2a: Klefki\n|-damage|p2a: Klefki|59\/100\n|\n|upkeep\n|turn|3\n|inactive|marioman6444 has 30 seconds left.\n|inactive|marioman6444 has 20 seconds left.\n|\n|t:|1682176832\n|switch|p2a: Corviknight|Corviknight, L50, M|100\/100\n|-damage|p2a: Corviknight|88\/100|[from] Stealth Rock\n|-terastallize|p2b: Garchomp|Ground\n|move|p1b: THE RATS|Baby-Doll Eyes|p2b: Garchomp\n|-unboost|p2b: Garchomp|atk|1\n|move|p2b: Garchomp|Earthquake|p1b: THE RATS|[spread] p1a,p1b\n|-immune|p2a: Corviknight\n|-damage|p1a: Ting-Lu|88\/100\n|-damage|p1b: THE RATS|65\/100 par\n|move|p1a: Ting-Lu|Stomping Tantrum|p2a: Corviknight\n|-immune|p2a: Corviknight\n|\n|-heal|p1a: Ting-Lu|94\/100|[from] item: Leftovers\n|upkeep\n|turn|4\n|\n|t:|1682176854\n|switch|p2b: Klefki|Klefki, L50, M|59\/100\n|-damage|p2b: Klefki|53\/100|[from] Stealth Rock\n|move|p2a: Corviknight|Bulk Up|p2a: Corviknight\n|-boost|p2a: Corviknight|atk|1\n|-boost|p2a: Corviknight|def|1\n|move|p1b: THE RATS|Taunt|p2a: Corviknight\n|-start|p2a: Corviknight|move: Taunt\n|move|p1a: Ting-Lu|Stomping Tantrum|p2b: Klefki\n|-supereffective|p2b: Klefki\n|-damage|p2b: Klefki|0 fnt\n|faint|p2b: Klefki\n|\n|-heal|p1a: Ting-Lu|99\/100|[from] item: Leftovers\n|upkeep\n|\n|t:|1682176867\n|switch|p2b: Garchomp|Garchomp, L50, F, tera:Ground|94\/100\n|-damage|p2b: Garchomp|88\/100|[from] Stealth Rock\n|turn|5\n|inactive|marioman6444 has 30 seconds left.\n|inactive|marioman6444 has 20 seconds left.\n|inactive|marioman6444 has 15 seconds left.\n|inactive|marioman6444 has 10 seconds left.\n|inactive|marioman6444 has 5 seconds left.\n|\n|t:|1682176919\n|move|p1b: THE RATS|Baby-Doll Eyes|p2b: Garchomp\n|-unboost|p2b: Garchomp|atk|1\n|move|p2b: Garchomp|Earthquake|p1a: Ting-Lu|[spread] p1a,p1b\n|-immune|p2a: Corviknight\n|-damage|p1a: Ting-Lu|87\/100\n|-damage|p1b: THE RATS|25\/100 par\n|move|p2a: Corviknight|Body Press|p1a: Ting-Lu\n|-supereffective|p1a: Ting-Lu\n|-crit|p1a: Ting-Lu\n|-damage|p1a: Ting-Lu|61\/100\n|move|p1a: Ting-Lu|Ruination|p2b: Garchomp\n|-damage|p2b: Garchomp|45\/100\n|\n|-heal|p1a: Ting-Lu|68\/100|[from] item: Leftovers\n|upkeep\n|turn|6\n|\n|t:|1682176941\n|switch|p1b: Dragonite|Dragonite, L50, M|100\/100\n|move|p2b: Garchomp|Earthquake|p1b: Dragonite|[spread] p1a\n|-immune|p2a: Corviknight\n|-immune|p1b: Dragonite\n|-damage|p1a: Ting-Lu|51\/100\n|move|p2a: Corviknight|Body Press|p1a: Ting-Lu\n|-supereffective|p1a: Ting-Lu\n|-crit|p1a: Ting-Lu\n|-damage|p1a: Ting-Lu|15\/100\n|move|p1a: Ting-Lu|Stomping Tantrum|p2b: Garchomp\n|-damage|p2b: Garchomp|25\/100\n|-damage|p1a: Ting-Lu|3\/100|[from] ability: Rough Skin|[of] p2b: Garchomp\n|\n|-heal|p1a: Ting-Lu|9\/100|[from] item: Leftovers\n|upkeep\n|turn|7\n|inactive|marioman6444 has 30 seconds left.\n|\n|t:|1682176975\n|switch|p2b: Flutter Mane|Flutter Mane, L50|100\/100\n|-damage|p2b: Flutter Mane|88\/100|[from] Stealth Rock\n|switch|p1a: THE RATS|Maushold, L50, shiny|25\/100 par\n|move|p1b: Dragonite|Extreme Speed|p2b: Flutter Mane\n|-immune|p2b: Flutter Mane\n|move|p2a: Corviknight|Body Press|p1a: THE RATS\n|-supereffective|p1a: THE RATS\n|-damage|p1a: THE RATS|0 fnt\n|faint|p1a: THE RATS\n|\n|-end|p2a: Corviknight|move: Taunt\n|upkeep\n|\n|t:|1682176979\n|switch|p1a: Ting-Lu|Ting-Lu, L50|9\/100\n|-ability|p1a: Ting-Lu|Vessel of Ruin\n|turn|8\n|\n|t:|1682177001\n|move|p2b: Flutter Mane|Moonblast|p1b: Dragonite\n|-supereffective|p1b: Dragonite\n|-damage|p1b: Dragonite|57\/100\n|move|p1b: Dragonite|Stomping Tantrum|p2b: Flutter Mane\n|-damage|p2b: Flutter Mane|0 fnt\n|faint|p2b: Flutter Mane\n|-end|p2b: Flutter Mane|Protosynthesis|[silent]\n|move|p2a: Corviknight|Bulk Up|p2a: Corviknight\n|-boost|p2a: Corviknight|atk|1\n|-boost|p2a: Corviknight|def|1\n|move|p1a: Ting-Lu|Ruination|p2a: Corviknight\n|-damage|p2a: Corviknight|44\/100\n|-enditem|p2a: Corviknight|Sitrus Berry|[eat]\n|-heal|p2a: Corviknight|69\/100|[from] item: Sitrus Berry\n|\n|-heal|p1a: Ting-Lu|15\/100|[from] item: Leftovers\n|-sideend|p2: Timelypants|Reflect\n|upkeep\n|\n|t:|1682177015\n|switch|p2b: Garchomp|Garchomp, L50, F, tera:Ground|25\/100\n|-damage|p2b: Garchomp|19\/100|[from] Stealth Rock\n|turn|9\n|\n|t:|1682177032\n|move|p1b: Dragonite|Extreme Speed|p2b: Garchomp\n|-damage|p2b: Garchomp|0 fnt\n|-damage|p1b: Dragonite|45\/100|[from] ability: Rough Skin|[of] p2b: Garchomp\n|faint|p2b: Garchomp\n|move|p2a: Corviknight|Brave Bird|p1b: Dragonite\n|-damage|p1b: Dragonite|0 fnt\n|faint|p1b: Dragonite\n|-damage|p2a: Corviknight|55\/100|[from] Recoil\n|move|p1a: Ting-Lu|Ruination|p2a: Corviknight\n|-damage|p2a: Corviknight|28\/100\n|\n|-heal|p1a: Ting-Lu|22\/100|[from] item: Leftovers\n|upkeep\n|\n|t:|1682177040\n|switch|p1b: Happy Happy|Iron Bundle, L50|100\/100\n|-enditem|p1b: Happy Happy|Booster Energy\n|-activate|p1b: Happy Happy|ability: Quark Drive|[fromitem]\n|-start|p1b: Happy Happy|quarkdrivespe\n|turn|10\n|inactive|marioman6444 has 30 seconds left.\n|\n|t:|1682177070\n|-terastallize|p1b: Happy Happy|Water\n|move|p1b: Happy Happy|Hydro Pump|p2a: Corviknight\n|-damage|p2a: Corviknight|0 fnt\n|faint|p2a: Corviknight\n|\n|win|marioman6444\n|raw|marioman6444's rating: 1271 → 1291<\/strong> (+20 for winning)\n|raw|Timelypants's rating: 1202 → 1182<\/strong> (-20 for losing)\n|c|\u2606Timelypants|It's not that complicated\n|l|\u2606Timelypants\n","uploadtime":1682177083,"views":12,"p1id":"marioman6444","p2id":"timelypants","formatid":"gen9vgc2023regulationc","rating":1182,"private":0,"password":""}