{"id":"gen9vgc2023regulationc-1851348397","p1":"Petuniaveloz58","p2":"jeffman323","format":"[Gen 9] VGC 2023 Regulation C","log":"|j|\u2606Petuniaveloz58\n|j|\u2606jeffman323\n|t:|1682437844\n|gametype|doubles\n|player|p1|Petuniaveloz58|266|1760\n|player|p2|jeffman323|steven|1667\n|teamsize|p1|6\n|teamsize|p2|6\n|gen|9\n|tier|[Gen 9] VGC 2023 Regulation C\n|rated|\n|rule|Species Clause: Limit one of each Pok\u00e9mon\n|rule|Item Clause: Limit one of each item\n|clearpoke\n|poke|p1|Amoonguss, L50, M|\n|poke|p1|Ting-Lu, L50|\n|poke|p1|Palafin, L50, F|\n|poke|p1|Iron Hands, L50|\n|poke|p1|Flutter Mane, L50|\n|poke|p1|Arcanine, L50, M|\n|poke|p2|Hatterene, L50, F|\n|poke|p2|Azumarill, L50, M|\n|poke|p2|Torkoal, L50, M|\n|poke|p2|Kingambit, L50, M|\n|poke|p2|Iron Hands, L50|\n|poke|p2|Brute Bonnet, L50|\n|teampreview|4\njeffman323 has agreed to open team sheets.\nPetuniaveloz58 has agreed to open team sheets.\n|\n|t:|1682437924\n|start\n|switch|p1a: Flutter Mane|Flutter Mane, L50|100\/100\n|switch|p1b: Iron Hands|Iron Hands, L50|100\/100\n|switch|p2a: Iron Hands|Iron Hands, L50|100\/100\n|switch|p2b: Hatterene|Hatterene, L50, F|100\/100\n|turn|1\n|\n|t:|1682437947\n|-end|p1b: Iron Hands|Quark Drive|[silent]\n|switch|p1b: Amoonguss|Amoonguss, L50, M|100\/100\n|move|p2a: Iron Hands|Fake Out|p1b: Amoonguss\n|-damage|p1b: Amoonguss|87\/100\n|move|p1a: Flutter Mane|Moonblast|p2a: Iron Hands\n|-supereffective|p2a: Iron Hands\n|-damage|p2a: Iron Hands|13\/100\n|move|p2b: Hatterene|Trick Room|p2b: Hatterene\n|-fieldstart|move: Trick Room|[of] p2b: Hatterene\n|\n|upkeep\n|turn|2\n|\n|t:|1682437970\n|-end|p2a: Iron Hands|Quark Drive|[silent]\n|switch|p2a: Kingambit|Kingambit, L50, M|100\/100\n|-terastallize|p1b: Amoonguss|Water\n|move|p2b: Hatterene|Psychic|p1b: Amoonguss\n|-damage|p1b: Amoonguss|45\/100\n|-enditem|p1b: Amoonguss|Sitrus Berry|[eat]\n|-heal|p1b: Amoonguss|70\/100|[from] item: Sitrus Berry\n|move|p1b: Amoonguss|Spore|p2a: Kingambit\n|-activate|p2a: Kingambit|item: Safety Goggles|Spore\n|move|p1a: Flutter Mane|Moonblast|p2b: Hatterene\n|-damage|p2b: Hatterene|23\/100\n|\n|upkeep\n|turn|3\n|\n|t:|1682437996\n|switch|p1b: Iron Hands|Iron Hands, L50|100\/100\n|-end|p1a: Flutter Mane|Protosynthesis|[silent]\n|switch|p1a: Ting-Lu|Ting-Lu, L50|100\/100\n|-ability|p1a: Ting-Lu|Vessel of Ruin\n|move|p2b: Hatterene|Dazzling Gleam|p1a: Ting-Lu|[spread] p1a,p1b\n|-supereffective|p1a: Ting-Lu\n|-supereffective|p1b: Iron Hands\n|-damage|p1a: Ting-Lu|77\/100\n|-damage|p1b: Iron Hands|62\/100\n|move|p2a: Kingambit|Kowtow Cleave|p1b: Iron Hands\n|-resisted|p1b: Iron Hands\n|-crit|p1b: Iron Hands\n|-damage|p1b: Iron Hands|37\/100\n|\n|upkeep\n|turn|4\n|j| Withoutexcuse\n|j| igorpng\n|\n|t:|1682438027\n|-terastallize|p2a: Kingambit|Flying\n|move|p1b: Iron Hands|Detect|p1b: Iron Hands\n|-singleturn|p1b: Iron Hands|Protect\n|move|p2b: Hatterene|Dazzling Gleam|p1b: Iron Hands|[spread] p1a\n|-activate|p1b: Iron Hands|move: Protect\n|-supereffective|p1a: Ting-Lu\n|-damage|p1a: Ting-Lu|52\/100\n|move|p2a: Kingambit|Iron Head|p1a: Ting-Lu\n|-damage|p1a: Ting-Lu|23\/100\n|cant|p1a: Ting-Lu|flinch\n|\n|upkeep\n|turn|5\n|\n|t:|1682438057\n|switch|p1a: Amoonguss|Amoonguss, L50, M, tera:Water|100\/100\n|move|p1b: Iron Hands|Detect||[still]\n|-fail|p1b: Iron Hands\n|move|p2b: Hatterene|Dazzling Gleam|p1b: Iron Hands|[spread] p1a,p1b\n|-supereffective|p1b: Iron Hands\n|-damage|p1a: Amoonguss|69\/100\n|-damage|p1b: Iron Hands|0 fnt\n|faint|p1b: Iron Hands\n|-end|p1b: Iron Hands|Quark Drive|[silent]\n|move|p2a: Kingambit|Iron Head|p1a: Amoonguss\n|-resisted|p1a: Amoonguss\n|-damage|p1a: Amoonguss|50\/100\n|\n|-fieldend|move: Trick Room\n|upkeep\n|\n|t:|1682438078\n|switch|p1b: Ting-Lu|Ting-Lu, L50|23\/100\n|-ability|p1b: Ting-Lu|Vessel of Ruin\n|turn|6\n|\n|t:|1682438103\n|move|p2a: Kingambit|Sucker Punch|p1b: Ting-Lu\n|-resisted|p1b: Ting-Lu\n|-damage|p1b: Ting-Lu|11\/100\n|move|p1b: Ting-Lu|Stomping Tantrum|p2b: Hatterene\n|-damage|p2b: Hatterene|0 fnt\n|faint|p2b: Hatterene\n|move|p1a: Amoonguss|Pollen Puff|p1b: Ting-Lu\n|-heal|p1b: Ting-Lu|61\/100\n|\n|upkeep\n|\n|t:|1682438112\n|switch|p2b: Iron Hands|Iron Hands, L50|13\/100\n|turn|7\n|\n|t:|1682438131\n|switch|p1b: Flutter Mane|Flutter Mane, L50|100\/100\n|move|p2b: Iron Hands|Fake Out|p1b: Flutter Mane\n|-immune|p1b: Flutter Mane\n|move|p2a: Kingambit|Kowtow Cleave|p1a: Amoonguss\n|-damage|p1a: Amoonguss|10\/100\n|move|p1a: Amoonguss|Spore|p2b: Iron Hands\n|-status|p2b: Iron Hands|slp|[from] move: Spore\n|\n|upkeep\n|turn|8\n|\n|t:|1682438194\n|move|p1b: Flutter Mane|Thunderbolt|p2a: Kingambit\n|-supereffective|p2a: Kingambit\n|-damage|p2a: Kingambit|8\/100\n|cant|p2b: Iron Hands|slp\n|move|p2a: Kingambit|Kowtow Cleave|p1a: Amoonguss\n|-damage|p1a: Amoonguss|0 fnt\n|faint|p1a: Amoonguss\n|\n|upkeep\n|j| manwtfisthis\n|\n|t:|1682438201\n|switch|p1a: Ting-Lu|Ting-Lu, L50|61\/100\n|-ability|p1a: Ting-Lu|Vessel of Ruin\n|turn|9\n|\n|t:|1682438218\n|switch|p2a: Torkoal|Torkoal, L50, M|100\/100\n|-weather|SunnyDay|[from] ability: Drought|[of] p2a: Torkoal\n|-activate|p1b: Flutter Mane|ability: Protosynthesis\n|-start|p1b: Flutter Mane|protosynthesisspa\n|move|p1b: Flutter Mane|Thunderbolt|p2a: Torkoal\n|-crit|p2a: Torkoal\n|-damage|p2a: Torkoal|19\/100\n|move|p1a: Ting-Lu|Stomping Tantrum|p2b: Iron Hands\n|-supereffective|p2b: Iron Hands\n|-damage|p2b: Iron Hands|0 fnt\n|faint|p2b: Iron Hands\n|-end|p2b: Iron Hands|Quark Drive|[silent]\n|\n|-weather|SunnyDay|[upkeep]\n|upkeep\n|j| efrgebgf\n|\n|t:|1682438227\n|switch|p2b: Kingambit|Kingambit, L50, M, tera:Flying|8\/100\n|turn|10\n|c|\u2606Petuniaveloz58|gg\n|\n|t:|1682438242\n|move|p2b: Kingambit|Sucker Punch|p1b: Flutter Mane\n|-damage|p1b: Flutter Mane|38\/100\n|move|p1b: Flutter Mane|Thunderbolt|p2b: Kingambit\n|-supereffective|p2b: Kingambit\n|-damage|p2b: Kingambit|0 fnt\n|faint|p2b: Kingambit\n|move|p1a: Ting-Lu|Stomping Tantrum|p2a: Torkoal\n|-supereffective|p2a: Torkoal\n|-damage|p2a: Torkoal|0 fnt\n|faint|p2a: Torkoal\n|\n|win|Petuniaveloz58\n|raw|Petuniaveloz58's rating: 1760 → 1775<\/strong> (+15 for winning)\n|raw|jeffman323's rating: 1667 → 1652<\/strong> (-15 for losing)\n","uploadtime":1682438251,"views":12,"p1id":"petuniaveloz58","p2id":"jeffman323","formatid":"gen9vgc2023regulationc","rating":1652,"private":0,"password":""}