{"id":"gen9vgc2023regulationc-1859134251","p1":"BIGHAXORUSFAN147","p2":"Cold Brew VGC","format":"[Gen 9] VGC 2023 Regulation C","log":"|j|\u2606BIGHAXORUSFAN147\n|j|\u2606Cold Brew VGC\n|t:|1683408567\n|gametype|doubles\n|player|p1|BIGHAXORUSFAN147|grimsley-masters|1571\n|player|p2|Cold Brew VGC|silver-gen2kanto|1694\n|teamsize|p1|6\n|teamsize|p2|6\n|gen|9\n|tier|[Gen 9] VGC 2023 Regulation C\n|rated|\n|rule|Species Clause: Limit one of each Pok\u00e9mon\n|rule|Item Clause: Limit one of each item\n|clearpoke\n|poke|p1|Kingambit, L50, M|\n|poke|p1|Dragonite, L50, M|\n|poke|p1|Palafin, L50, M|\n|poke|p1|Amoonguss, L50, M|\n|poke|p1|Arcanine, L50, M|\n|poke|p1|Flutter Mane, L50|\n|poke|p2|Torkoal, L50, F|\n|poke|p2|Hatterene, L50, F|\n|poke|p2|Kingambit, L50, F|\n|poke|p2|Farigiraf, L50, M|\n|poke|p2|Brute Bonnet, L50|\n|poke|p2|Iron Hands, L50|\n|teampreview|4\n|inactive|Battle timer is ON: inactive players will automatically lose when time's up. (requested by Cold Brew VGC)\nBIGHAXORUSFAN147 has agreed to open team sheets.\nCold Brew VGC has agreed to open team sheets.\n|c|\u2606BIGHAXORUSFAN147|We meet again lmao\n|c|\u2606Cold Brew VGC|we do\n|c|\u2606Cold Brew VGC|glhf\n|c|\u2606BIGHAXORUSFAN147|u2\n|inactive|BIGHAXORUSFAN147 has 60 seconds left.\n|inactive|Cold Brew VGC has 60 seconds left.\n|\n|t:|1683408626\n|start\n|switch|p1a: Jinbe|Palafin, L50, M, shiny|100\/100\n|switch|p1b: Mihawk|Kingambit, L50, M|100\/100\n|switch|p2a: Iron Hands|Iron Hands, L50|100\/100\n|switch|p2b: Hatterene|Hatterene, L50, F|100\/100\n|turn|1\n|\n|t:|1683408645\n|detailschange|p1a: Jinbe|Palafin-Hero, L50, M, shiny\n|switch|p1a: Sakazuki|Arcanine, L50, M|100\/100\n|-ability|p1a: Sakazuki|Intimidate|boost\n|-unboost|p2a: Iron Hands|atk|1\n|-unboost|p2b: Hatterene|atk|1\n|move|p1b: Mihawk|Protect|p1b: Mihawk\n|-singleturn|p1b: Mihawk|Protect\n|move|p2a: Iron Hands|Wild Charge|p1a: Sakazuki\n|-damage|p1a: Sakazuki|58\/100\n|-damage|p2a: Iron Hands|91\/100|[from] Recoil\n|move|p2b: Hatterene|Trick Room|p2b: Hatterene\n|-fieldstart|move: Trick Room|[of] p2b: Hatterene\n|\n|upkeep\n|turn|2\n|inactive|BIGHAXORUSFAN147 has 30 seconds left.\n|\n|t:|1683408671\n|switch|p1b: Aramaki|Amoonguss, L50, M|100\/100\n|move|p1a: Sakazuki|Protect|p1a: Sakazuki\n|-singleturn|p1a: Sakazuki|Protect\n|move|p2b: Hatterene|Psychic|p1a: Sakazuki\n|-activate|p1a: Sakazuki|move: Protect\n|move|p2a: Iron Hands|Drain Punch|p1b: Aramaki\n|-resisted|p1b: Aramaki\n|-crit|p1b: Aramaki\n|-damage|p1b: Aramaki|73\/100\n|-heal|p2a: Iron Hands|100\/100|[from] drain|[of] p1b: Aramaki\n|\n|upkeep\n|turn|3\n|\n|t:|1683408690\n|-end|p2a: Iron Hands|Quark Drive|[silent]\n|switch|p2a: Torkoal|Torkoal, L50, F|100\/100\n|-weather|SunnyDay|[from] ability: Drought|[of] p2a: Torkoal\n|-terastallize|p1b: Aramaki|Water\n|move|p2b: Hatterene|Psychic|p1a: Sakazuki\n|-damage|p1a: Sakazuki|0 fnt\n|faint|p1a: Sakazuki\n|move|p1b: Aramaki|Spore|p2a: Torkoal\n|-activate|p2a: Torkoal|item: Safety Goggles|Spore\n|\n|-weather|SunnyDay|[upkeep]\n|upkeep\n|\n|t:|1683408702\n|switch|p1a: Jinbe|Palafin-Hero, L50, M, shiny|100\/100\n|-activate|p1a: Jinbe|ability: Zero to Hero\n|turn|4\n|inactive|Cold Brew VGC has 30 seconds left.\n|\n|t:|1683408727\n|move|p2b: Hatterene|Protect|p2b: Hatterene\n|-singleturn|p2b: Hatterene|Protect\n|move|p1a: Jinbe|Jet Punch|p2a: Torkoal\n|-supereffective|p2a: Torkoal\n|-damage|p2a: Torkoal|59\/100\n|move|p2a: Torkoal|Eruption|p1a: Jinbe|[spread] p1a,p1b\n|-resisted|p1a: Jinbe\n|-resisted|p1b: Aramaki\n|-crit|p1b: Aramaki\n|-damage|p1a: Jinbe|82\/100\n|-damage|p1b: Aramaki|47\/100\n|-enditem|p1b: Aramaki|Sitrus Berry|[eat]\n|-heal|p1b: Aramaki|72\/100|[from] item: Sitrus Berry\n|move|p1b: Aramaki|Pollen Puff|p1a: Jinbe\n|-heal|p1a: Jinbe|100\/100\n|\n|-weather|SunnyDay|[upkeep]\n|upkeep\n|turn|5\n|inactive|BIGHAXORUSFAN147 has 30 seconds left.\n|\n|t:|1683408754\n|switch|p2a: Iron Hands|Iron Hands, L50|100\/100\n|move|p2b: Hatterene|Psychic|p1b: Aramaki\n|-damage|p1b: Aramaki|25\/100\n|move|p1b: Aramaki|Pollen Puff|p1a: Jinbe\n|-immune|p1a: Jinbe\n|move|p1a: Jinbe|Wave Crash|p2b: Hatterene\n|-damage|p2b: Hatterene|46\/100\n|-damage|p1a: Jinbe|86\/100|[from] Recoil\n|\n|-weather|SunnyDay|[upkeep]\n|-fieldend|move: Trick Room\n|upkeep\n|turn|6\n|inactive|BIGHAXORUSFAN147 has 30 seconds left.\n|\n|t:|1683408781\n|switch|p1b: Mihawk|Kingambit, L50, M|100\/100\n|move|p2a: Iron Hands|Fake Out|p1a: Jinbe\n|-damage|p1a: Jinbe|71\/100\n|cant|p1a: Jinbe|flinch\n|move|p2b: Hatterene|Trick Room|p2b: Hatterene\n|-fieldstart|move: Trick Room|[of] p2b: Hatterene\n|\n|-weather|SunnyDay|[upkeep]\n|upkeep\n|turn|7\n|inactive|BIGHAXORUSFAN147 has 30 seconds left.\n|inactive|BIGHAXORUSFAN147 has 20 seconds left.\n|\n|t:|1683408818\n|switch|p2b: Brute Bonnet|Brute Bonnet, L50|100\/100\n|-activate|p2b: Brute Bonnet|ability: Protosynthesis\n|-start|p2b: Brute Bonnet|protosynthesisatk\n|move|p1b: Mihawk|Protect|p1b: Mihawk\n|-singleturn|p1b: Mihawk|Protect\n|move|p1a: Jinbe|Protect|p1a: Jinbe\n|-singleturn|p1a: Jinbe|Protect\n|move|p2a: Iron Hands|Wild Charge|p1a: Jinbe\n|-activate|p1a: Jinbe|move: Protect\n|\n|-weather|none\n|-end|p2b: Brute Bonnet|Protosynthesis\n|upkeep\n|turn|8\n|\n|t:|1683408840\n|switch|p1b: Aramaki|Amoonguss, L50, M, tera:Water|59\/100\n|move|p1a: Jinbe|Jet Punch|p2a: Iron Hands\n|-damage|p2a: Iron Hands|65\/100\n|move|p2a: Iron Hands|Drain Punch|p1b: Aramaki\n|-damage|p1b: Aramaki|22\/100\n|-heal|p2a: Iron Hands|83\/100|[from] drain|[of] p1b: Aramaki\n|move|p2b: Brute Bonnet|Bullet Seed|p1a: Jinbe\n|-supereffective|p1a: Jinbe\n|-damage|p1a: Jinbe|43\/100\n|-supereffective|p1a: Jinbe\n|-damage|p1a: Jinbe|15\/100\n|-supereffective|p1a: Jinbe\n|-damage|p1a: Jinbe|0 fnt\n|faint|p1a: Jinbe\n|-hitcount|p1: Jinbe|3\n|\n|upkeep\n|\n|t:|1683408849\n|switch|p1a: Mihawk|Kingambit, L50, M|100\/100\n|turn|9\n|\n|t:|1683408863\n|-terastallize|p2a: Iron Hands|Grass\n|move|p1b: Aramaki|Rage Powder|p1b: Aramaki\n|-singleturn|p1b: Aramaki|move: Rage Powder\n|move|p2a: Iron Hands|Drain Punch|p1a: Mihawk\n|-supereffective|p1a: Mihawk\n|-damage|p1a: Mihawk|0 fnt\n|-heal|p2a: Iron Hands|100\/100|[from] drain|[of] p1a: Mihawk\n|faint|p1a: Mihawk\n|move|p2b: Brute Bonnet|Bullet Seed|p1b: Aramaki\n|-supereffective|p1b: Aramaki\n|-damage|p1b: Aramaki|0 fnt\n|faint|p1b: Aramaki\n|-hitcount|p1: Aramaki|1\n|\n|win|Cold Brew VGC\n|raw|BIGHAXORUSFAN147's rating: 1571 → 1558<\/strong> (-13 for losing)\n|raw|Cold Brew VGC's rating: 1694 → 1707<\/strong> (+13 for winning)\n|c|\u2606Cold Brew VGC|ggs\n|c|\u2606BIGHAXORUSFAN147|ggs\n","uploadtime":1683408873,"views":10,"p1id":"bighaxorusfan147","p2id":"coldbrewvgc","formatid":"gen9vgc2023regulationc","rating":1558,"private":0,"password":""}