{"id":"gen9vgc2023regulationc-1849267622","p1":"w0wells","p2":"Xepher008","format":"[Gen 9] VGC 2023 Regulation C","log":"|j|\u2606w0wells\n|j|\u2606Xepher008\n|t:|1682179755\n|gametype|doubles\n|player|p1|w0wells|cyclist|1199\n|player|p2|Xepher008|266|1144\n|teamsize|p1|6\n|teamsize|p2|6\n|gen|9\n|tier|[Gen 9] VGC 2023 Regulation C\n|rated|\n|rule|Species Clause: Limit one of each Pok\u00e9mon\n|rule|Item Clause: Limit one of each item\n|clearpoke\n|poke|p1|Hydreigon, L50, M|\n|poke|p1|Tinkaton, L50, F|\n|poke|p1|Mimikyu, L50, F|\n|poke|p1|Amoonguss, L50, F|\n|poke|p1|Gastrodon-East, L50, F|\n|poke|p1|Chi-Yu, L50|\n|poke|p2|Flutter Mane, L50|\n|poke|p2|Gastrodon, L50, M|\n|poke|p2|Chi-Yu, L50|\n|poke|p2|Chien-Pao, L50|\n|poke|p2|Dragonite, L50, F|\n|poke|p2|Amoonguss, L50, M|\n|teampreview|4\n|inactive|Battle timer is ON: inactive players will automatically lose when time's up. (requested by Xepher008)\n|inactive|w0wells has 60 seconds left.\n|\n|t:|1682179818\n|start\n|switch|p1a: Hydreigon|Hydreigon, L50, M|100\/100\n|switch|p1b: Tinkaton|Tinkaton, L50, F|100\/100\n|switch|p2a: Flutter Mane|Flutter Mane, L50|100\/100\n|switch|p2b: Amoonguss|Amoonguss, L50, M|100\/100\n|-ability|p1b: Tinkaton|Mold Breaker\n|turn|1\n|\n|t:|1682179836\n|-terastallize|p1a: Hydreigon|Poison\n|move|p2b: Amoonguss|Rage Powder|p2b: Amoonguss\n|-singleturn|p2b: Amoonguss|move: Rage Powder\n|move|p2a: Flutter Mane|Dazzling Gleam|p1a: Hydreigon|[spread] p1a,p1b\n|-resisted|p1a: Hydreigon\n|-resisted|p1b: Tinkaton\n|-damage|p1a: Hydreigon|73\/100\n|-damage|p1b: Tinkaton|86\/100\n|move|p1a: Hydreigon|Tailwind|p1a: Hydreigon\n|-sidestart|p1: w0wells|move: Tailwind\n|move|p1b: Tinkaton|Gigaton Hammer|p2b: Amoonguss\n|-damage|p2b: Amoonguss|52\/100\n|\n|upkeep\n|turn|2\n|inactive|w0wells has 30 seconds left.\n|\n|t:|1682179865\n|switch|p1b: Chi-Yu|Chi-Yu, L50|100\/100\n|-ability|p1b: Chi-Yu|Beads of Ruin\n|-end|p2a: Flutter Mane|Protosynthesis|[silent]\n|switch|p2a: Chi-Yu|Chi-Yu, L50|100\/100\n|-ability|p2a: Chi-Yu|Beads of Ruin\n|switch|p2b: Gastrodon|Gastrodon, L50, M|100\/100\n|move|p1a: Hydreigon|Draco Meteor|p2b: Gastrodon\n|-damage|p2b: Gastrodon|14\/100\n|-unboost|p1a: Hydreigon|spa|2\n|\n|upkeep\n|turn|3\n|inactive|w0wells has 30 seconds left.\n|inactive|w0wells has 20 seconds left.\n|inactive|w0wells has 15 seconds left.\n|inactive|w0wells has 10 seconds left.\n|inactive|w0wells has 5 seconds left.\n|\n|t:|1682179918\n|switch|p1a: Tinkaton|Tinkaton, L50, F|86\/100\n|-ability|p1a: Tinkaton|Mold Breaker\n|move|p2b: Gastrodon|Protect|p2b: Gastrodon\n|-singleturn|p2b: Gastrodon|Protect\n|move|p1b: Chi-Yu|Dark Pulse|p2b: Gastrodon\n|-activate|p2b: Gastrodon|move: Protect\n|move|p2a: Chi-Yu|Snarl|p1b: Chi-Yu|[spread] p1a,p1b\n|-resisted|p1a: Tinkaton\n|-resisted|p1b: Chi-Yu\n|-damage|p1a: Tinkaton|77\/100\n|-damage|p1b: Chi-Yu|89\/100\n|-unboost|p1a: Tinkaton|spa|1\n|-unboost|p1b: Chi-Yu|spa|1\n|\n|upkeep\n|turn|4\n|inactive|w0wells has 30 seconds left.\n|inactive|Xepher008 has 30 seconds left.\n|\n|t:|1682179952\n|move|p1a: Tinkaton|Fake Out|p2a: Chi-Yu\n|-damage|p2a: Chi-Yu|82\/100\n|move|p1b: Chi-Yu|Dark Pulse|p2b: Gastrodon\n|-damage|p2b: Gastrodon|0 fnt\n|faint|p2b: Gastrodon\n|cant|p2a: Chi-Yu|flinch\n|\n|-sideend|p1: w0wells|move: Tailwind\n|upkeep\n|\n|t:|1682179968\n|switch|p2b: Amoonguss|Amoonguss, L50, M|85\/100\n|turn|5\n|inactive|w0wells has 30 seconds left.\n|inactive|w0wells has 20 seconds left.\n|inactive|w0wells has 15 seconds left.\n|inactive|w0wells has 10 seconds left.\n|inactive|w0wells has 5 seconds left.\n|\n|t:|1682180023\n|move|p2b: Amoonguss|Rage Powder|p2b: Amoonguss\n|-singleturn|p2b: Amoonguss|move: Rage Powder\n|move|p2a: Chi-Yu|Heat Wave|p1b: Chi-Yu|[spread] p1a,p1b\n|-supereffective|p1a: Tinkaton\n|-resisted|p1b: Chi-Yu\n|-damage|p1a: Tinkaton|18\/100\n|-damage|p1b: Chi-Yu|70\/100\n|move|p1b: Chi-Yu|Flamethrower|p2a: Chi-Yu\n|-resisted|p2a: Chi-Yu\n|-damage|p2a: Chi-Yu|62\/100\n|move|p1a: Tinkaton|Gigaton Hammer|p2b: Amoonguss\n|-damage|p2b: Amoonguss|34\/100\n|\n|upkeep\n|turn|6\n|\n|t:|1682180042\n|switch|p1a: Hydreigon|Hydreigon, L50, M, tera:Poison|73\/100\n|-terastallize|p2b: Amoonguss|Water\n|move|p2b: Amoonguss|Rage Powder|p2b: Amoonguss\n|-singleturn|p2b: Amoonguss|move: Rage Powder\n|move|p2a: Chi-Yu|Heat Wave|p1a: Hydreigon|[spread] p1a,p1b\n|-resisted|p1b: Chi-Yu\n|-damage|p1a: Hydreigon|11\/100\n|-damage|p1b: Chi-Yu|54\/100\n|move|p1b: Chi-Yu|Flamethrower|p2b: Amoonguss\n|-resisted|p2b: Amoonguss\n|-damage|p2b: Amoonguss|17\/100\n|\n|upkeep\n|turn|7\n|inactive|w0wells has 30 seconds left.\n|inactive|w0wells has 20 seconds left.\n|inactive|w0wells has 15 seconds left.\n|\n|t:|1682180085\n|switch|p1b: Amoonguss|Amoonguss, L50, F|100\/100\n|switch|p2b: Flutter Mane|Flutter Mane, L50|100\/100\n|move|p1a: Hydreigon|Protect|p1a: Hydreigon\n|-singleturn|p1a: Hydreigon|Protect\n|move|p2a: Chi-Yu|Heat Wave|p1a: Hydreigon|[spread] p1b\n|-activate|p1a: Hydreigon|move: Protect\n|-supereffective|p1b: Amoonguss\n|-damage|p1b: Amoonguss|12\/100\n|\n|upkeep\n|turn|8\n|\n|t:|1682180110\n|move|p2b: Flutter Mane|Dazzling Gleam|p1b: Amoonguss|[spread] p1a,p1b\n|-resisted|p1a: Hydreigon\n|-resisted|p1b: Amoonguss\n|-damage|p1a: Hydreigon|0 fnt\n|-damage|p1b: Amoonguss|0 fnt\n|faint|p1a: Hydreigon\n|faint|p1b: Amoonguss\n|move|p2a: Chi-Yu|Heat Wave|p1: Hydreigon|[notarget]\n|-fail|p2a: Chi-Yu\n|\n|upkeep\n|\n|t:|1682180114\n|switch|p1a: Tinkaton|Tinkaton, L50, F|18\/100\n|switch|p1b: Chi-Yu|Chi-Yu, L50|54\/100\n|-ability|p1b: Chi-Yu|Beads of Ruin\n|-ability|p1a: Tinkaton|Mold Breaker\n|turn|9\n|-message|w0wells forfeited.\n|\n|win|Xepher008\n|raw|w0wells's rating: 1199 → 1170<\/strong> (-29 for losing)\n|raw|Xepher008's rating: 1144 → 1173<\/strong> (+29 for winning)\n|l|\u2606w0wells\n","uploadtime":1682180130,"views":8,"p1id":"w0wells","p2id":"xepher008","formatid":"gen9vgc2023regulationc","rating":1170,"private":0,"password":""}