{"id":"gen9vgc2023regulationc-1853256147","p1":"XxKillGore642xX","p2":"D0NB0Z0","format":"[Gen 9] VGC 2023 Regulation C","log":"|j|\u2606XxKillGore642xX\n|j|\u2606D0NB0Z0\n|t:|1682655832\n|gametype|doubles\n|player|p1|XxKillGore642xX|2|1078\n|player|p2|D0NB0Z0|unknown|1017\n|teamsize|p1|6\n|teamsize|p2|6\n|gen|9\n|tier|[Gen 9] VGC 2023 Regulation C\n|rated|\n|rule|Species Clause: Limit one of each Pok\u00e9mon\n|rule|Item Clause: Limit one of each item\n|clearpoke\n|poke|p1|Wo-Chien, L50|\n|poke|p1|Gothitelle, L50, F|\n|poke|p1|Arboliva, L50, M|\n|poke|p1|Chien-Pao, L50|\n|poke|p1|Gallade, L50, M|\n|poke|p1|Gyarados, L50, M|\n|poke|p2|Dondozo, L50, F|\n|poke|p2|Tatsugiri, L50, F|\n|poke|p2|Umbreon, L50, M|\n|poke|p2|Annihilape, L50, M|\n|poke|p2|Ting-Lu, L50|\n|poke|p2|Pawmot, L50, M|\n|teampreview|4\n|inactive|Battle timer is ON: inactive players will automatically lose when time's up. (requested by D0NB0Z0)\nD0NB0Z0 rejected open team sheets.\n|\n|t:|1682655868\n|start\n|switch|p1a: Chien-Pao|Chien-Pao, L50|100\/100\n|switch|p1b: Gallade|Gallade, L50, M|100\/100\n|switch|p2a: Umbreon|Umbreon, L50, M|100\/100\n|switch|p2b: Annihilape|Annihilape, L50, M|100\/100\n|-ability|p1a: Chien-Pao|Sword of Ruin\n|turn|1\n|inactive|XxKillGore642xX has 30 seconds left.\n|\n|t:|1682655897\n|move|p1a: Chien-Pao|Sucker Punch|p2b: Annihilape\n|-damage|p2b: Annihilape|49\/100\n|move|p2b: Annihilape|Final Gambit|p1a: Chien-Pao\n|-damage|p1a: Chien-Pao|43\/100\n|faint|p2b: Annihilape\n|move|p1b: Gallade|Night Slash|p2a: Umbreon\n|-resisted|p2a: Umbreon\n|-damage|p2a: Umbreon|81\/100\n|move|p2a: Umbreon|Reflect|p2a: Umbreon\n|-sidestart|p2: D0NB0Z0|Reflect\n|\n|upkeep\n|\n|t:|1682655910\n|switch|p2b: Ocean Man|Dondozo, L50, F|100\/100\n|turn|2\n|inactive|XxKillGore642xX has 30 seconds left.\n|inactive|XxKillGore642xX has 20 seconds left.\n|\n|t:|1682655946\n|switch|p1b: Arboliva|Arboliva, L50, M|100\/100\n|move|p2b: Ocean Man|Protect|p2b: Ocean Man\n|-singleturn|p2b: Ocean Man|Protect\n|move|p1a: Chien-Pao|Icicle Crash|p2b: Ocean Man\n|-activate|p2b: Ocean Man|move: Protect\n|move|p2a: Umbreon|Light Screen|p2a: Umbreon\n|-sidestart|p2: D0NB0Z0|move: Light Screen\n|\n|upkeep\n|turn|3\n|inactive|XxKillGore642xX has 30 seconds left.\n|inactive|D0NB0Z0 has 30 seconds left.\n|\n|t:|1682655973\n|-terastallize|p2b: Ocean Man|Dragon\n|move|p2a: Umbreon|Helping Hand|p2b: Ocean Man\n|-singleturn|p2b: Ocean Man|Helping Hand|[of] p2a: Umbreon\n|move|p1a: Chien-Pao|Icicle Crash|p2b: Ocean Man|[miss]\n|-miss|p1a: Chien-Pao|p2b: Ocean Man\n|move|p1b: Arboliva|Pollen Puff|p1a: Chien-Pao\n|-heal|p1a: Chien-Pao|93\/100\n|move|p2b: Ocean Man|Order Up|p1a: Chien-Pao\n|-crit|p1a: Chien-Pao\n|-damage|p1a: Chien-Pao|3\/100\n|\n|upkeep\n|turn|4\n|\n|t:|1682655995\n|switch|p2a: Tatsugiri|Tatsugiri, L50, F|100\/100\n|-activate|p2a: Tatsugiri|ability: Commander|[of] p2b: Ocean Man\n|-boost|p2b: Ocean Man|atk|2\n|-boost|p2b: Ocean Man|spa|2\n|-boost|p2b: Ocean Man|spe|2\n|-boost|p2b: Ocean Man|def|2\n|-boost|p2b: Ocean Man|spd|2\n|move|p2b: Ocean Man|Protect|p2b: Ocean Man\n|-singleturn|p2b: Ocean Man|Protect\n|move|p1a: Chien-Pao|Icicle Crash|p2b: Ocean Man\n|-activate|p2b: Ocean Man|move: Protect\n|move|p1b: Arboliva|Dazzling Gleam|p2a: Tatsugiri|[spread] \n|-miss|p1b: Arboliva|p2a: Tatsugiri\n|-activate|p2b: Ocean Man|move: Protect\n|\n|upkeep\n|turn|5\n|inactive|D0NB0Z0 has 30 seconds left.\n|\n|t:|1682656022\n|move|p1a: Chien-Pao|Icicle Crash|p2b: Ocean Man\n|-supereffective|p2b: Ocean Man\n|-damage|p2b: Ocean Man|83\/100\n|move|p2b: Ocean Man|Order Up|p1a: Chien-Pao\n|-damage|p1a: Chien-Pao|0 fnt\n|faint|p1a: Chien-Pao\n|-boost|p2b: Ocean Man|atk|1\n|move|p1b: Arboliva|Dazzling Gleam|p2a: Tatsugiri|[spread] p2b\n|-miss|p1b: Arboliva|p2a: Tatsugiri\n|-supereffective|p2b: Ocean Man\n|-crit|p2b: Ocean Man\n|-damage|p2b: Ocean Man|33\/100\n|\n|-heal|p2b: Ocean Man|39\/100|[from] item: Leftovers\n|upkeep\n|\n|t:|1682656046\n|switch|p1a: Wo-Chien|Wo-Chien, L50|100\/100\n|-ability|p1a: Wo-Chien|Tablets of Ruin\n|turn|6\n|\n|t:|1682656062\n|move|p2b: Ocean Man|Order Up|p1b: Arboliva\n|-damage|p1b: Arboliva|50\/100\n|-fieldstart|move: Grassy Terrain|[from] ability: Seed Sower|[of] p1b: Arboliva\n|-boost|p2b: Ocean Man|atk|1\n|move|p1a: Wo-Chien|Leech Seed|p2b: Ocean Man\n|-start|p2b: Ocean Man|move: Leech Seed\n|move|p1b: Arboliva|Dazzling Gleam|p2b: Ocean Man|[spread] p2b\n|-miss|p1b: Arboliva|p2a: Tatsugiri\n|-supereffective|p2b: Ocean Man\n|-damage|p2b: Ocean Man|29\/100\n|\n|-heal|p2b: Ocean Man|35\/100|[from] Grassy Terrain\n|-heal|p2b: Ocean Man|41\/100|[from] item: Leftovers\n|-damage|p1a: Wo-Chien|88\/100|[from] item: Black Sludge\n|-heal|p1b: Arboliva|56\/100|[from] Grassy Terrain\n|-damage|p2b: Ocean Man|29\/100|[from] Leech Seed|[of] p1a: Wo-Chien\n|-heal|p1a: Wo-Chien|100\/100|[silent]\n|upkeep\n|turn|7\n|\n|t:|1682656087\n|move|p2b: Ocean Man|Protect|p2b: Ocean Man\n|-singleturn|p2b: Ocean Man|Protect\n|move|p1a: Wo-Chien|Ingrain|p1a: Wo-Chien\n|-start|p1a: Wo-Chien|move: Ingrain\n|move|p1b: Arboliva|Dazzling Gleam|p2a: Tatsugiri|[spread] \n|-miss|p1b: Arboliva|p2a: Tatsugiri\n|-activate|p2b: Ocean Man|move: Protect\n|\n|-heal|p2b: Ocean Man|35\/100|[from] Grassy Terrain\n|-heal|p2b: Ocean Man|41\/100|[from] item: Leftovers\n|-damage|p1a: Wo-Chien|88\/100|[from] item: Black Sludge\n|-heal|p1b: Arboliva|61\/100|[from] Grassy Terrain\n|-heal|p1a: Wo-Chien|94\/100|[from] Ingrain\n|-damage|p2b: Ocean Man|29\/100|[from] Leech Seed|[of] p1a: Wo-Chien\n|-heal|p1a: Wo-Chien|100\/100|[silent]\n|upkeep\n|turn|8\n|inactive|XxKillGore642xX has 30 seconds left.\n|inactive|XxKillGore642xX has 20 seconds left.\n|\n|t:|1682656123\n|-terastallize|p1a: Wo-Chien|Poison\n|move|p2b: Ocean Man|Order Up|p1b: Arboliva\n|-crit|p1b: Arboliva\n|-damage|p1b: Arboliva|0 fnt\n|faint|p1b: Arboliva\n|-boost|p2b: Ocean Man|atk|1\n|move|p1a: Wo-Chien|Tera Blast|p2b: Ocean Man\n|-damage|p2b: Ocean Man|19\/100\n|\n|-heal|p2b: Ocean Man|25\/100|[from] Grassy Terrain\n|-heal|p2b: Ocean Man|32\/100|[from] item: Leftovers\n|-damage|p2b: Ocean Man|19\/100|[from] Leech Seed|[of] p1a: Wo-Chien\n|-sideend|p2: D0NB0Z0|Reflect\n|upkeep\n|\n|t:|1682656138\n|switch|p1b: Gallade|Gallade, L50, M|100\/100\n|turn|9\n|\n|t:|1682656150\n|move|p2b: Ocean Man|Protect|p2b: Ocean Man\n|-singleturn|p2b: Ocean Man|Protect\n|move|p1b: Gallade|Sacred Sword|p2b: Ocean Man\n|-activate|p2b: Ocean Man|move: Protect\n|move|p1a: Wo-Chien|Tera Blast|p2b: Ocean Man\n|-activate|p2b: Ocean Man|move: Protect\n|\n|-heal|p2b: Ocean Man|25\/100|[from] Grassy Terrain\n|-heal|p2b: Ocean Man|32\/100|[from] item: Leftovers\n|-damage|p2b: Ocean Man|19\/100|[from] Leech Seed|[of] p1a: Wo-Chien\n|-sideend|p2: D0NB0Z0|move: Light Screen\n|upkeep\n|turn|10\n|\n|t:|1682656167\n|move|p1b: Gallade|Sacred Sword|p2b: Ocean Man\n|-damage|p2b: Ocean Man|0 fnt\n|faint|p2b: Ocean Man\n|move|p1a: Wo-Chien|Tera Blast|p2a: Tatsugiri\n|-damage|p2a: Tatsugiri|64\/100\n|\n|-heal|p2a: Tatsugiri|70\/100|[from] Grassy Terrain\n|-fieldend|move: Grassy Terrain\n|upkeep\n|\n|t:|1682656170\n|switch|p2b: Umbreon|Umbreon, L50, M|81\/100\n|turn|11\n|\n|t:|1682656184\n|move|p1b: Gallade|Sacred Sword|p2b: Umbreon\n|-supereffective|p2b: Umbreon\n|-damage|p2b: Umbreon|0 fnt\n|faint|p2b: Umbreon\n|move|p2a: Tatsugiri|Draco Meteor|p1b: Gallade\n|-damage|p1b: Gallade|37\/100\n|-unboost|p2a: Tatsugiri|spa|2\n|move|p1a: Wo-Chien|Leech Seed|p2a: Tatsugiri\n|-start|p2a: Tatsugiri|move: Leech Seed\n|\n|-damage|p2a: Tatsugiri|58\/100|[from] Leech Seed|[of] p1a: Wo-Chien\n|upkeep\n|turn|12\n|\n|t:|1682656200\n|move|p1b: Gallade|Sacred Sword|p2a: Tatsugiri\n|-damage|p2a: Tatsugiri|0 fnt\n|faint|p2a: Tatsugiri\n|\n|win|XxKillGore642xX\n|raw|XxKillGore642xX's rating: 1078 → 1101<\/strong> (+23 for winning)\n|raw|D0NB0Z0's rating: 1017 → 1007<\/strong> (-10 for losing)\n|l|\u2606D0NB0Z0\n","uploadtime":1682656207,"views":7,"p1id":"xxkillgore642xx","p2id":"d0nb0z0","formatid":"gen9vgc2023regulationc","rating":1007,"private":0,"password":""}