{"id":"gen9vgc2023regulationc-1859907729","p1":"pog poggersen","p2":"bgcfranky","format":"[Gen 9] VGC 2023 Regulation C","log":"|j|\u2606pog poggersen\n|j|\u2606bgcfranky\n|t:|1683574713\n|gametype|doubles\n|player|p1|pog poggersen|hiker|1314\n|player|p2|bgcfranky|rocketgrunt|1273\n|teamsize|p1|6\n|teamsize|p2|6\n|gen|9\n|tier|[Gen 9] VGC 2023 Regulation C\n|rated|\n|rule|Species Clause: Limit one of each Pok\u00e9mon\n|rule|Item Clause: Limit one of each item\n|clearpoke\n|poke|p1|Iron Hands, L50|\n|poke|p1|Wo-Chien, L50|\n|poke|p1|Dragapult, L50, M|\n|poke|p1|Skeledirge, L50, F|\n|poke|p1|Glimmora, L50, M|\n|poke|p1|Gyarados, L50, M|\n|poke|p2|Volcarona, L50, M|\n|poke|p2|Wo-Chien, L50|\n|poke|p2|Grimmsnarl, L50, M|\n|poke|p2|Iron Hands, L50|\n|poke|p2|Slowking, L50, F|\n|poke|p2|Salamence, L50, F|\n|teampreview|4\n|inactive|Battle timer is ON: inactive players will automatically lose when time's up. (requested by pog poggersen)\n|inactive|bgcfranky has 60 seconds left.\n|\n|t:|1683574765\n|start\n|switch|p1a: Dragapult|Dragapult, L50, M|100\/100\n|switch|p1b: Glimmora|Glimmora, L50, M|100\/100\n|switch|p2a: Volcarona|Volcarona, L50, M|100\/100\n|switch|p2b: Grimmsnarl|Grimmsnarl, L50, M, shiny|100\/100\n|turn|1\n|\n|t:|1683574785\n|-terastallize|p2a: Volcarona|Fairy\n|move|p2b: Grimmsnarl|Fake Out|p1b: Glimmora\n|-resisted|p1b: Glimmora\n|-damage|p1b: Glimmora|94\/100\n|move|p1a: Dragapult|Light Screen|p1a: Dragapult\n|-sidestart|p1: pog poggersen|move: Light Screen\n|cant|p1b: Glimmora|flinch\n|move|p2a: Volcarona|Tera Blast|p1a: Dragapult\n|-supereffective|p1a: Dragapult\n|-damage|p1a: Dragapult|38\/100\n|\n|upkeep\n|turn|2\n|\n|t:|1683574804\n|move|p2a: Volcarona|Protect|p2a: Volcarona\n|-singleturn|p2a: Volcarona|Protect\n|move|p2b: Grimmsnarl|Sucker Punch||[still]\n|-fail|p2b: Grimmsnarl\n|move|p1a: Dragapult|Reflect|p1a: Dragapult\n|-sidestart|p1: pog poggersen|Reflect\n|move|p1b: Glimmora|Mortal Spin|p2a: Volcarona|[spread] p2b\n|-activate|p2a: Volcarona|move: Protect\n|-supereffective|p2b: Grimmsnarl\n|-damage|p2b: Grimmsnarl|91\/100\n|\n|upkeep\n|turn|3\n|inactive|pog poggersen has 30 seconds left.\n|inactive|bgcfranky has 30 seconds left.\n|inactive|bgcfranky has 20 seconds left.\n|inactive|bgcfranky has 15 seconds left.\n|\n|t:|1683574849\n|switch|p1a: Gyarados|Gyarados, L50, M|100\/100\n|-ability|p1a: Gyarados|Intimidate|boost\n|-unboost|p2a: Volcarona|atk|1\n|-unboost|p2b: Grimmsnarl|atk|1\n|switch|p2a: Slowking|Slowking, L50, F|100\/100\n|move|p2b: Grimmsnarl|Parting Shot|p1b: Glimmora\n|-unboost|p1b: Glimmora|atk|1\n|-unboost|p1b: Glimmora|spa|1\n|\n|t:|1683574859\n|switch|p2b: Iron Hands|Iron Hands, L50|100\/100|[from] Parting Shot\n|move|p1b: Glimmora|Toxic|p2a: Slowking\n|-status|p2a: Slowking|tox\n|\n|-damage|p2a: Slowking|95\/100 tox|[from] psn\n|upkeep\n|turn|4\n|\n|t:|1683574873\n|switch|p1a: Dragapult|Dragapult, L50, M|38\/100\n|move|p2b: Iron Hands|Fake Out|p1a: Dragapult\n|-immune|p1a: Dragapult\n|move|p1b: Glimmora|Toxic|p2b: Iron Hands\n|-status|p2b: Iron Hands|tox\n|move|p2a: Slowking|Hydro Pump|p1b: Glimmora\n|-supereffective|p1b: Glimmora\n|-damage|p1b: Glimmora|0 fnt\n|faint|p1b: Glimmora\n|\n|-damage|p2b: Iron Hands|94\/100 tox|[from] psn\n|-damage|p2a: Slowking|83\/100 tox|[from] psn\n|upkeep\n|inactive|pog poggersen has 30 seconds left.\n|c|\u2606bgcfranky|gg\n|inactive|pog poggersen has 20 seconds left.\n|inactive|pog poggersen has 15 seconds left.\n|\n|t:|1683574915\n|switch|p1b: Wo-Chien|Wo-Chien, L50|100\/100\n|-ability|p1b: Wo-Chien|Tablets of Ruin\n|turn|5\n|\n|t:|1683574925\n|-end|p2b: Iron Hands|Quark Drive|[silent]\n|switch|p2b: Grimmsnarl|Grimmsnarl, L50, M, shiny|91\/100\n|switch|p2a: Volcarona|Volcarona, L50, M, tera:Fairy|100\/100\n|-terastallize|p1b: Wo-Chien|Water\n|move|p1a: Dragapult|Phantom Force||[still]\n|-prepare|p1a: Dragapult|Phantom Force\n|move|p1b: Wo-Chien|Substitute|p1b: Wo-Chien\n|-start|p1b: Wo-Chien|Substitute\n|-damage|p1b: Wo-Chien|76\/100\n|\n|upkeep\n|turn|6\n|inactive|bgcfranky has 30 seconds left.\n|\n|t:|1683574956\n|move|p2b: Grimmsnarl|Misty Terrain|p2b: Grimmsnarl\n|-fieldstart|move: Misty Terrain\n|move|p1a: Dragapult|Phantom Force|p2a: Volcarona|[from]lockedmove\n|-damage|p2a: Volcarona|70\/100\n|move|p2a: Volcarona|Quiver Dance|p2a: Volcarona\n|-boost|p2a: Volcarona|spa|1\n|-boost|p2a: Volcarona|spd|1\n|-boost|p2a: Volcarona|spe|1\n|move|p1b: Wo-Chien|Leech Seed|p2b: Grimmsnarl\n|-start|p2b: Grimmsnarl|move: Leech Seed\n|\n|-damage|p2b: Grimmsnarl|78\/100|[from] Leech Seed|[of] p1b: Wo-Chien\n|-heal|p1b: Wo-Chien|89\/100|[silent]\n|upkeep\n|turn|7\n|\n|t:|1683574979\n|switch|p1a: Gyarados|Gyarados, L50, M|100\/100\n|-ability|p1a: Gyarados|Intimidate|boost\n|-unboost|p2a: Volcarona|atk|1\n|-unboost|p2b: Grimmsnarl|atk|1\n|move|p2b: Grimmsnarl|Sucker Punch||[still]\n|-fail|p2b: Grimmsnarl\n|move|p2a: Volcarona|Quiver Dance|p2a: Volcarona\n|-boost|p2a: Volcarona|spa|1\n|-boost|p2a: Volcarona|spd|1\n|-boost|p2a: Volcarona|spe|1\n|move|p1b: Wo-Chien|Leech Seed|p2a: Volcarona\n|-start|p2a: Volcarona|move: Leech Seed\n|\n|-damage|p2a: Volcarona|58\/100|[from] Leech Seed|[of] p1b: Wo-Chien\n|-heal|p1b: Wo-Chien|100\/100|[silent]\n|-damage|p2b: Grimmsnarl|66\/100|[from] Leech Seed|[of] p1b: Wo-Chien\n|upkeep\n|turn|8\n|\n|t:|1683575003\n|move|p2b: Grimmsnarl|Parting Shot|p1a: Gyarados\n|-unboost|p1a: Gyarados|atk|1\n|-unboost|p1a: Gyarados|spa|1\n|\n|t:|1683575009\n|switch|p2b: Slowking|Slowking, L50, F|100\/100 tox|[from] Parting Shot\n|move|p2a: Volcarona|Tera Blast|p1a: Gyarados\n|-damage|p1a: Gyarados|46\/100\n|move|p1a: Gyarados|Dragon Dance|p1a: Gyarados\n|-boost|p1a: Gyarados|atk|1\n|-boost|p1a: Gyarados|spe|1\n|move|p1b: Wo-Chien|Leech Seed|p2b: Slowking\n|-start|p2b: Slowking|move: Leech Seed\n|\n|-damage|p2a: Volcarona|45\/100|[from] Leech Seed|[of] p1b: Wo-Chien\n|-damage|p2b: Slowking|88\/100 tox|[from] Leech Seed|[of] p1b: Wo-Chien\n|-damage|p2b: Slowking|82\/100 tox|[from] psn\n|-sideend|p1: pog poggersen|move: Light Screen\n|upkeep\n|turn|9\n|\n|t:|1683575029\n|move|p2a: Volcarona|Protect|p2a: Volcarona\n|-singleturn|p2a: Volcarona|Protect\n|move|p1a: Gyarados|Waterfall|p2a: Volcarona\n|-activate|p2a: Volcarona|move: Protect\n|move|p1b: Wo-Chien|Pollen Puff|p1a: Gyarados\n|-heal|p1a: Gyarados|96\/100\n|move|p2b: Slowking|Trick Room|p2b: Slowking\n|-fieldstart|move: Trick Room|[of] p2b: Slowking\n|\n|-damage|p2b: Slowking|70\/100 tox|[from] Leech Seed|[of] p1b: Wo-Chien\n|-damage|p2a: Volcarona|33\/100|[from] Leech Seed|[of] p1b: Wo-Chien\n|-damage|p2b: Slowking|58\/100 tox|[from] psn\n|-sideend|p1: pog poggersen|Reflect\n|upkeep\n|turn|10\n|\n|t:|1683575054\n|move|p2b: Slowking|Heal Pulse|p2a: Volcarona\n|-heal|p2a: Volcarona|83\/100\n|move|p1b: Wo-Chien|Leech Seed||[still]\n|-fail|p1b: Wo-Chien\n|move|p1a: Gyarados|Waterfall|p2a: Volcarona\n|-damage|p2a: Volcarona|56\/100\n|move|p2a: Volcarona|Tera Blast|p1a: Gyarados\n|-damage|p1a: Gyarados|18\/100\n|-enditem|p1a: Gyarados|Aguav Berry|[eat]\n|-heal|p1a: Gyarados|52\/100|[from] item: Aguav Berry\n|\n|-damage|p2b: Slowking|46\/100 tox|[from] Leech Seed|[of] p1b: Wo-Chien\n|-damage|p2a: Volcarona|43\/100|[from] Leech Seed|[of] p1b: Wo-Chien\n|-damage|p2b: Slowking|28\/100 tox|[from] psn\n|-fieldend|Misty Terrain\n|upkeep\n|turn|11\n|inactive|pog poggersen has 30 seconds left.\n|inactive|bgcfranky has 30 seconds left.\n|inactive|pog poggersen has 20 seconds left.\n|inactive|bgcfranky has 20 seconds left.\n|\n|t:|1683575097\n|switch|p2b: Grimmsnarl|Grimmsnarl, L50, M, shiny|66\/100\n|switch|p2a: Iron Hands|Iron Hands, L50|94\/100 tox\n|move|p1b: Wo-Chien|Pollen Puff|p1a: Gyarados\n|-heal|p1a: Gyarados|100\/100\n|move|p1a: Gyarados|Waterfall|p2a: Iron Hands\n|-damage|p2a: Iron Hands|76\/100 tox\n|\n|-damage|p2a: Iron Hands|70\/100 tox|[from] psn\n|upkeep\n|turn|12\n|inactive|bgcfranky has 30 seconds left.\n|\n|t:|1683575127\n|move|p1a: Gyarados|Protect|p1a: Gyarados\n|-singleturn|p1a: Gyarados|Protect\n|move|p2b: Grimmsnarl|Parting Shot|p1a: Gyarados\n|-activate|p1a: Gyarados|move: Protect\n|move|p2a: Iron Hands|Thunder Punch|p1a: Gyarados\n|-activate|p1a: Gyarados|move: Protect\n|move|p1b: Wo-Chien|Leech Seed|p2a: Iron Hands\n|-start|p2a: Iron Hands|move: Leech Seed\n|\n|-damage|p2a: Iron Hands|58\/100 tox|[from] Leech Seed|[of] p1b: Wo-Chien\n|-damage|p2a: Iron Hands|45\/100 tox|[from] psn\n|upkeep\n|-enditem|p2a: Iron Hands|Sitrus Berry|[eat]\n|-heal|p2a: Iron Hands|70\/100 tox|[from] item: Sitrus Berry\n|turn|13\n|\n|t:|1683575148\n|switch|p1a: Dragapult|Dragapult, L50, M|38\/100\n|move|p2b: Grimmsnarl|Parting Shot|p1a: Dragapult\n|-fail|p1a: Dragapult|unboost|[from] ability: Clear Body|[of] p1a: Dragapult\n|move|p2a: Iron Hands|Thunder Punch|p1a: Dragapult\n|-resisted|p1a: Dragapult\n|-damage|p1a: Dragapult|23\/100\n|move|p1b: Wo-Chien|Pollen Puff|p1a: Dragapult\n|-heal|p1a: Dragapult|72\/100\n|\n|-damage|p2a: Iron Hands|58\/100 tox|[from] Leech Seed|[of] p1b: Wo-Chien\n|-damage|p2a: Iron Hands|40\/100 tox|[from] psn\n|-fieldend|move: Trick Room\n|upkeep\n|turn|14\n|inactive|bgcfranky has 30 seconds left.\n|\n|t:|1683575179\n|-end|p2a: Iron Hands|Quark Drive|[silent]\n|switch|p2a: Volcarona|Volcarona, L50, M, tera:Fairy|43\/100\n|move|p2b: Grimmsnarl|Sucker Punch||[still]\n|-fail|p2b: Grimmsnarl\n|move|p1a: Dragapult|Reflect|p1a: Dragapult\n|-sidestart|p1: pog poggersen|Reflect\n|move|p1b: Wo-Chien|Leech Seed|p2b: Grimmsnarl\n|-start|p2b: Grimmsnarl|move: Leech Seed\n|\n|-damage|p2b: Grimmsnarl|53\/100|[from] Leech Seed|[of] p1b: Wo-Chien\n|upkeep\n|turn|15\n|inactive|pog poggersen has 30 seconds left.\n|\n|t:|1683575206\n|switch|p2b: Slowking|Slowking, L50, F|61\/100 tox\n|move|p1a: Dragapult|Phantom Force||[still]\n|-prepare|p1a: Dragapult|Phantom Force\n|move|p2a: Volcarona|Tera Blast|p1a: Dragapult|[miss]\n|-miss|p2a: Volcarona|p1a: Dragapult\n|move|p1b: Wo-Chien|Leech Seed|p2b: Slowking\n|-start|p2b: Slowking|move: Leech Seed\n|\n|-damage|p2b: Slowking|49\/100 tox|[from] Leech Seed|[of] p1b: Wo-Chien\n|-damage|p2b: Slowking|43\/100 tox|[from] psn\n|upkeep\n|turn|16\n|\n|t:|1683575226\n|move|p1a: Dragapult|Phantom Force|p2b: Slowking|[from]lockedmove\n|-supereffective|p2b: Slowking\n|-damage|p2b: Slowking|0 fnt\n|faint|p2b: Slowking\n|move|p2a: Volcarona|Tera Blast|p1a: Dragapult\n|-supereffective|p1a: Dragapult\n|-damage|p1a: Dragapult|0 fnt\n|faint|p1a: Dragapult\n|move|p1b: Wo-Chien|Leech Seed|p2a: Volcarona|[miss]\n|-miss|p1b: Wo-Chien|p2a: Volcarona\n|\n|upkeep\n|\n|t:|1683575241\n|switch|p1a: Gyarados|Gyarados, L50, M|100\/100\n|switch|p2b: Iron Hands|Iron Hands, L50|40\/100 tox\n|-ability|p1a: Gyarados|Intimidate|boost\n|-unboost|p2a: Volcarona|atk|1\n|-unboost|p2b: Iron Hands|atk|1\n|turn|17\n|inactive|bgcfranky has 30 seconds left.\n|\n|t:|1683575259\n|switch|p2a: Grimmsnarl|Grimmsnarl, L50, M, shiny|53\/100\n|move|p1a: Gyarados|Protect|p1a: Gyarados\n|-singleturn|p1a: Gyarados|Protect\n|move|p2b: Iron Hands|Fake Out|p1a: Gyarados\n|-activate|p1a: Gyarados|move: Protect\n|move|p1b: Wo-Chien|Leech Seed|p2b: Iron Hands\n|-start|p2b: Iron Hands|move: Leech Seed\n|\n|-damage|p2b: Iron Hands|27\/100 tox|[from] Leech Seed|[of] p1b: Wo-Chien\n|-damage|p2b: Iron Hands|21\/100 tox|[from] psn\n|upkeep\n|turn|18\n|inactive|bgcfranky has 30 seconds left this turn.\n|inactive|bgcfranky has 20 seconds left.\n|inactive|bgcfranky has 15 seconds left.\n|inactive|pog poggersen has 30 seconds left.\n|\n|t:|1683575285\n|move|p2a: Grimmsnarl|Fake Out|p1a: Gyarados\n|-damage|p1a: Gyarados|94\/100\n|cant|p1a: Gyarados|flinch\n|move|p1b: Wo-Chien|Leech Seed|p2a: Grimmsnarl\n|-start|p2a: Grimmsnarl|move: Leech Seed\n|move|p2b: Iron Hands|Thunder Punch|p1a: Gyarados\n|-supereffective|p1a: Gyarados\n|-damage|p1a: Gyarados|37\/100\n|\n|-damage|p2a: Grimmsnarl|41\/100|[from] Leech Seed|[of] p1b: Wo-Chien\n|-damage|p2b: Iron Hands|9\/100 tox|[from] Leech Seed|[of] p1b: Wo-Chien\n|-damage|p2b: Iron Hands|0 fnt|[from] psn\n|faint|p2b: Iron Hands\n|-end|p2b: Iron Hands|Quark Drive|[silent]\n|upkeep\n|inactive|bgcfranky has 15 seconds left this turn.\n|inactive|bgcfranky has 10 seconds left.\n|inactive|bgcfranky has 5 seconds left.\n|\n|t:|1683575299\n|switch|p2b: Volcarona|Volcarona, L50, M, tera:Fairy|43\/100\n|turn|19\n|inactive|bgcfranky has 5 seconds left this turn.\n|-message|bgcfranky lost due to inactivity.\n|\n|win|pog poggersen\n|raw|pog poggersen's rating: 1314 → 1332<\/strong> (+18 for winning)\n|raw|bgcfranky's rating: 1273 → 1251<\/strong> (-22 for losing)\n|l|\u2606pog poggersen\n","uploadtime":1683575323,"views":10,"p1id":"pogpoggersen","p2id":"bgcfranky","formatid":"gen9vgc2023regulationc","rating":1251,"private":0,"password":""}