{"id":"gen9vgc2023regulationc-1849958552","p1":"Rattigan34","p2":"Jrdog","format":"[Gen 9] VGC 2023 Regulation C","log":"|j|\u2606Rattigan34\n|j|\u2606Jrdog\n|t:|1682272268\n|gametype|doubles\n|player|p1|Rattigan34|drayden|1175\n|player|p2|Jrdog|170|1130\n|teamsize|p1|6\n|teamsize|p2|6\n|gen|9\n|tier|[Gen 9] VGC 2023 Regulation C\n|rated|\n|rule|Species Clause: Limit one of each Pok\u00e9mon\n|rule|Item Clause: Limit one of each item\n|clearpoke\n|poke|p1|Palafin, L50, M|\n|poke|p1|Chien-Pao, L50|\n|poke|p1|Dragapult, L50, M|\n|poke|p1|Amoonguss, L50, M|\n|poke|p1|Arcanine, L50, F|\n|poke|p1|Flutter Mane, L50|\n|poke|p2|Muk, L50, M|\n|poke|p2|Sylveon, L50, F|\n|poke|p2|Torkoal, L50, M|\n|poke|p2|Great Tusk, L50|\n|poke|p2|Tropius, L50, M|\n|poke|p2|Roaring Moon, L50|\n|teampreview|4\nRattigan34 has agreed to open team sheets.\nJrdog has agreed to open team sheets.\n|\n|t:|1682272337\n|start\n|switch|p1a: Dnite|Dragapult, L50, M|100\/100\n|switch|p1b: Dozo|Palafin, L50, M|100\/100\n|switch|p2a: Coal Miner|Torkoal, L50, M, shiny|100\/100\n|switch|p2b: Babar|Great Tusk, L50|100\/100\n|-weather|SunnyDay|[from] ability: Drought|[of] p2a: Coal Miner\n|-activate|p2b: Babar|ability: Protosynthesis\n|-start|p2b: Babar|protosynthesisatk\n|turn|1\n|\n|t:|1682272367\n|switch|p1a: WoChien|Amoonguss, L50, M|100\/100\n|detailschange|p1b: Dozo|Palafin-Hero, L50, M\n|switch|p1b: Mimi|Flutter Mane, L50|100\/100\n|-activate|p1b: Mimi|ability: Protosynthesis\n|-start|p1b: Mimi|protosynthesisspa\n|-terastallize|p2b: Babar|Ground\n|move|p2b: Babar|Headlong Rush|p1a: WoChien\n|-damage|p1a: WoChien|7\/100\n|-unboost|p2b: Babar|def|1\n|-unboost|p2b: Babar|spd|1\n|-enditem|p1a: WoChien|Sitrus Berry|[eat]\n|-heal|p1a: WoChien|32\/100|[from] item: Sitrus Berry\n|move|p2a: Coal Miner|Will-O-Wisp|p1b: Mimi\n|-status|p1b: Mimi|brn\n|\n|-weather|SunnyDay|[upkeep]\n|-damage|p1b: Mimi|95\/100 brn|[from] brn\n|upkeep\n|turn|2\n|\n|t:|1682272392\n|-end|p2b: Babar|Protosynthesis|[silent]\n|switch|p2b: Kum|Muk, L50, M, shiny|100\/100\n|move|p1a: WoChien|Rage Powder|p1a: WoChien\n|-singleturn|p1a: WoChien|move: Rage Powder\n|move|p1b: Mimi|Shadow Ball|p2a: Coal Miner\n|-damage|p2a: Coal Miner|42\/100\n|move|p2a: Coal Miner|Heat Wave|p1b: Mimi|[spread] p1a,p1b\n|-supereffective|p1a: WoChien\n|-damage|p1a: WoChien|0 fnt\n|-damage|p1b: Mimi|61\/100 brn\n|faint|p1a: WoChien\n|\n|-weather|SunnyDay|[upkeep]\n|-heal|p2a: Coal Miner|48\/100|[from] item: Leftovers\n|-damage|p1b: Mimi|55\/100 brn|[from] brn\n|upkeep\n|\n|t:|1682272402\n|switch|p1a: Dnite|Dragapult, L50, M|100\/100\n|turn|3\n|\n|t:|1682272419\n|move|p1a: Dnite|Phantom Force||[still]\n|-prepare|p1a: Dnite|Phantom Force\n|move|p1b: Mimi|Shadow Ball|p2a: Coal Miner\n|-damage|p2a: Coal Miner|0 fnt\n|faint|p2a: Coal Miner\n|move|p2b: Kum|Poison Jab|p1b: Mimi\n|-damage|p1b: Mimi|13\/100 brn\n|\n|-weather|SunnyDay|[upkeep]\n|-damage|p1b: Mimi|7\/100 brn|[from] brn\n|upkeep\n|\n|t:|1682272431\n|switch|p2a: Hard Carry|Roaring Moon, L50, shiny|100\/100\n|-activate|p2a: Hard Carry|ability: Protosynthesis\n|-start|p2a: Hard Carry|protosynthesisspe\n|turn|4\n|\n|t:|1682272444\n|move|p2a: Hard Carry|Protect|p2a: Hard Carry\n|-singleturn|p2a: Hard Carry|Protect\n|move|p1a: Dnite|Phantom Force|p2b: Kum|[from]lockedmove\n|-damage|p2b: Kum|46\/100\n|move|p1b: Mimi|Dazzling Gleam|p2b: Kum|[spread] p2b\n|-activate|p2a: Hard Carry|move: Protect\n|-resisted|p2b: Kum\n|-damage|p2b: Kum|32\/100\n|move|p2b: Kum|Poison Jab|p1b: Mimi\n|-damage|p1b: Mimi|0 fnt\n|faint|p1b: Mimi\n|-end|p1b: Mimi|Protosynthesis|[silent]\n|\n|-weather|SunnyDay|[upkeep]\n|-heal|p2b: Kum|38\/100|[from] item: Black Sludge\n|upkeep\n|\n|t:|1682272458\n|switch|p1b: Dozo|Palafin-Hero, L50, M|100\/100\n|-activate|p1b: Dozo|ability: Zero to Hero\n|turn|5\n|\n|t:|1682272473\n|-terastallize|p1a: Dnite|Steel\n|move|p1b: Dozo|Protect|p1b: Dozo\n|-singleturn|p1b: Dozo|Protect\n|move|p2a: Hard Carry|Throat Chop|p1a: Dnite\n|-damage|p1a: Dnite|50\/100\n|-start|p1a: Dnite|Throat Chop|[silent]\n|move|p1a: Dnite|Phantom Force||[still]\n|-prepare|p1a: Dnite|Phantom Force\n|move|p2b: Kum|Poison Jab|p1b: Dozo\n|-activate|p1b: Dozo|move: Protect\n|\n|-weather|none\n|-end|p2a: Hard Carry|Protosynthesis\n|-heal|p2b: Kum|44\/100|[from] item: Black Sludge\n|upkeep\n|-enditem|p2a: Hard Carry|Booster Energy\n|-activate|p2a: Hard Carry|ability: Protosynthesis|[fromitem]\n|-start|p2a: Hard Carry|protosynthesisspe\n|turn|6\n|\n|t:|1682272500\n|move|p1b: Dozo|Jet Punch|p2b: Kum\n|-damage|p2b: Kum|6\/100\n|move|p2a: Hard Carry|Throat Chop|p1b: Dozo\n|-crit|p1b: Dozo\n|-damage|p1b: Dozo|44\/100\n|-start|p1b: Dozo|Throat Chop|[silent]\n|move|p1a: Dnite|Phantom Force|p2a: Hard Carry|[from]lockedmove\n|-resisted|p2a: Hard Carry\n|-damage|p2a: Hard Carry|66\/100\n|move|p2b: Kum|Drain Punch|p1a: Dnite\n|-supereffective|p1a: Dnite\n|-damage|p1a: Dnite|0 fnt\n|-heal|p2b: Kum|26\/100|[from] drain|[of] p1a: Dnite\n|faint|p1a: Dnite\n|\n|-heal|p2b: Kum|32\/100|[from] item: Black Sludge\n|upkeep\n|turn|7\n|\n|t:|1682272517\n|move|p1b: Dozo|Jet Punch|p2a: Hard Carry\n|-resisted|p2a: Hard Carry\n|-damage|p2a: Hard Carry|40\/100\n|move|p2a: Hard Carry|Throat Chop|p1b: Dozo\n|-damage|p1b: Dozo|9\/100\n|move|p2b: Kum|Poison Jab|p1b: Dozo\n|-damage|p1b: Dozo|0 fnt\n|faint|p1b: Dozo\n|\n|win|Jrdog\n|raw|Rattigan34's rating: 1175 → 1147<\/strong> (-28 for losing)\n|raw|Jrdog's rating: 1130 → 1158<\/strong> (+28 for winning)\n|c|\u2606Jrdog|gg\n","uploadtime":1682272528,"views":7,"p1id":"rattigan34","p2id":"jrdog","formatid":"gen9vgc2023regulationc","rating":1147,"private":0,"password":""}