{"id":"gen9vgc2023regulationc-1860136083","p1":"RockerGuay","p2":"zlint","format":"[Gen 9] VGC 2023 Regulation C","log":"|j|\u2606RockerGuay\n|j|\u2606zlint\n|t:|1683599546\n|gametype|doubles\n|player|p1|RockerGuay|101|1145\n|player|p2|zlint|may|1188\n|teamsize|p1|6\n|teamsize|p2|6\n|gen|9\n|tier|[Gen 9] VGC 2023 Regulation C\n|rated|\n|rule|Species Clause: Limit one of each Pok\u00e9mon\n|rule|Item Clause: Limit one of each item\n|clearpoke\n|poke|p1|Amoonguss, L50, M|\n|poke|p1|Annihilape, L50, F|\n|poke|p1|Palafin, L50, F|\n|poke|p1|Ting-Lu, L50|\n|poke|p1|Arcanine, L50, F|\n|poke|p1|Flutter Mane, L50|\n|poke|p2|Scream Tail, L50|\n|poke|p2|Baxcalibur, L50, F|\n|poke|p2|Corviknight, L50, M|\n|poke|p2|Rotom-Wash, L50|\n|poke|p2|Flutter Mane, L50|\n|poke|p2|Tyranitar, L50, M|\n|teampreview|4\nzlint has agreed to open team sheets.\n|j| 0ZEYLAX0\n|l| 0ZEYLAX0\n|inactive|Battle timer is ON: inactive players will automatically lose when time's up. (requested by zlint)\n|\n|t:|1683599610\n|start\n|switch|p1a: Annihilape|Annihilape, L50, F|100\/100\n|switch|p1b: Flutter Mane|Flutter Mane, L50|100\/100\n|switch|p2a: Scream Tail|Scream Tail, L50, shiny|100\/100\n|switch|p2b: Baxcalibur|Baxcalibur, L50, F|100\/100\n|-enditem|p1b: Flutter Mane|Booster Energy\n|-activate|p1b: Flutter Mane|ability: Protosynthesis|[fromitem]\n|-start|p1b: Flutter Mane|protosynthesisspe\n|-enditem|p2a: Scream Tail|Booster Energy\n|-activate|p2a: Scream Tail|ability: Protosynthesis|[fromitem]\n|-start|p2a: Scream Tail|protosynthesisspe\n|turn|1\n|inactive|RockerGuay has 30 seconds left.\n|inactive|zlint has 30 seconds left.\n|inactive|zlint has 20 seconds left.\n|inactive|zlint has 15 seconds left.\n|\n|t:|1683599653\n|-terastallize|p2b: Baxcalibur|Poison\n|move|p1b: Flutter Mane|Protect|p1b: Flutter Mane\n|-singleturn|p1b: Flutter Mane|Protect\n|move|p2a: Scream Tail|Howl|p2a: Scream Tail|[spread] p2a,p2b\n|-boost|p2a: Scream Tail|atk|1\n|-boost|p2b: Baxcalibur|atk|1\n|move|p2b: Baxcalibur|Icicle Spear|p1b: Flutter Mane\n|-activate|p1b: Flutter Mane|move: Protect\n|move|p1a: Annihilape|Drain Punch|p2b: Baxcalibur\n|-resisted|p2b: Baxcalibur\n|-damage|p2b: Baxcalibur|83\/100\n|\n|upkeep\n|turn|2\n|inactive|RockerGuay has 30 seconds left.\n|\n|t:|1683599684\n|move|p1b: Flutter Mane|Shadow Ball|p2a: Scream Tail\n|-supereffective|p2a: Scream Tail\n|-damage|p2a: Scream Tail|38\/100\n|move|p2a: Scream Tail|Howl|p2a: Scream Tail|[spread] p2a,p2b\n|-boost|p2a: Scream Tail|atk|1\n|-boost|p2b: Baxcalibur|atk|1\n|move|p2b: Baxcalibur|Glaive Rush|p1a: Annihilape\n|-damage|p1a: Annihilape|0 fnt\n|-singlemove|p2b: Baxcalibur|Glaive Rush|[silent]\n|faint|p1a: Annihilape\n|\n|upkeep\n|\n|t:|1683599702\n|switch|p1a: Ting-Lu|Ting-Lu, L50|100\/100\n|-ability|p1a: Ting-Lu|Vessel of Ruin\n|turn|3\n|\n|t:|1683599722\n|-end|p2a: Scream Tail|Protosynthesis|[silent]\n|switch|p2a: Corviknight|Corviknight, L50, M, shiny|100\/100\n|move|p2b: Baxcalibur|Protect|p2b: Baxcalibur\n|-singleturn|p2b: Baxcalibur|Protect\n|move|p1b: Flutter Mane|Shadow Ball|p2a: Corviknight\n|-damage|p2a: Corviknight|78\/100\n|move|p1a: Ting-Lu|Stomping Tantrum|p2b: Baxcalibur\n|-activate|p2b: Baxcalibur|move: Protect\n|\n|upkeep\n|turn|4\n|inactive|RockerGuay has 30 seconds left.\n|inactive|RockerGuay has 20 seconds left.\n|\n|t:|1683599762\n|-end|p1b: Flutter Mane|Protosynthesis|[silent]\n|switch|p1b: Palafin|Palafin, L50, F|100\/100\n|move|p2b: Baxcalibur|Icicle Spear|p1a: Ting-Lu\n|-supereffective|p1a: Ting-Lu\n|-damage|p1a: Ting-Lu|67\/100\n|-supereffective|p1a: Ting-Lu\n|-crit|p1a: Ting-Lu\n|-damage|p1a: Ting-Lu|25\/100\n|-supereffective|p1a: Ting-Lu\n|-damage|p1a: Ting-Lu|0 fnt\n|faint|p1a: Ting-Lu\n|-hitcount|p1: Ting-Lu|3\n|move|p2a: Corviknight|Iron Head|p1b: Palafin\n|-resisted|p1b: Palafin\n|-damage|p1b: Palafin|87\/100\n|\n|upkeep\n|\n|t:|1683599775\n|switch|p1a: Flutter Mane|Flutter Mane, L50|100\/100\n|turn|5\n|inactive|RockerGuay has 30 seconds left.\n|\n|t:|1683599804\n|move|p2b: Baxcalibur|Protect|p2b: Baxcalibur\n|-singleturn|p2b: Baxcalibur|Protect\n|move|p1b: Palafin|Jet Punch|p2b: Baxcalibur\n|-activate|p2b: Baxcalibur|move: Protect\n|move|p1a: Flutter Mane|Shadow Ball|p2b: Baxcalibur\n|-activate|p2b: Baxcalibur|move: Protect\n|move|p2a: Corviknight|Tailwind|p2a: Corviknight\n|-sidestart|p2: zlint|move: Tailwind\n|\n|upkeep\n|turn|6\n|\n|t:|1683599823\n|switch|p2a: Rotom|Rotom-Wash, L50, shiny|100\/100\n|move|p1a: Flutter Mane|Protect|p1a: Flutter Mane\n|-singleturn|p1a: Flutter Mane|Protect\n|move|p2b: Baxcalibur|Icicle Spear|p1a: Flutter Mane\n|-activate|p1a: Flutter Mane|move: Protect\n|move|p1b: Palafin|Wave Crash|p2b: Baxcalibur\n|-damage|p2b: Baxcalibur|35\/100\n|-damage|p1b: Palafin|72\/100|[from] Recoil\n|\n|upkeep\n|turn|7\n|\n|t:|1683599840\n|move|p1a: Flutter Mane|Protect||[still]\n|-fail|p1a: Flutter Mane\n|move|p2b: Baxcalibur|Icicle Spear|p1a: Flutter Mane\n|-damage|p1a: Flutter Mane|45\/100\n|-damage|p1a: Flutter Mane|0 fnt\n|faint|p1a: Flutter Mane\n|-end|p1a: Flutter Mane|Protosynthesis|[silent]\n|-hitcount|p1: Flutter Mane|2\n|move|p2a: Rotom|Thunderbolt|p1b: Palafin\n|-supereffective|p1b: Palafin\n|-damage|p1b: Palafin|0 fnt\n|faint|p1b: Palafin\n|\n|win|zlint\n|raw|RockerGuay's rating: 1145 → 1123<\/strong> (-22 for losing)\n|raw|zlint's rating: 1188 → 1210<\/strong> (+22 for winning)\n|l|\u2606RockerGuay\n","uploadtime":1683599855,"views":5,"p1id":"rockerguay","p2id":"zlint","formatid":"gen9vgc2023regulationc","rating":1123,"private":0,"password":""}