{"id":"gen9vgc2023regulationc-1863271641","p1":"judevgc","p2":"Bacon204","format":"[Gen 9] VGC 2023 Regulation C","log":"|j|\u2606judevgc\n|j|\u2606Bacon204\n|t:|1683996256\n|gametype|doubles\n|player|p1|judevgc|falkner|\n|player|p2|Bacon204|2|\n|teamsize|p1|6\n|teamsize|p2|6\n|gen|9\n|tier|[Gen 9] VGC 2023 Regulation C\n|rule|Species Clause: Limit one of each Pok\u00e9mon\n|rule|Item Clause: Limit one of each item\n|clearpoke\n|poke|p1|Roaring Moon, L50|\n|poke|p1|Tauros-Paldea-Aqua, L50, M|\n|poke|p1|Glimmora, L50, F|\n|poke|p1|Floette-Blue, L50, F|\n|poke|p1|Indeedee-F, L50, F|\n|poke|p1|Brambleghast, L50, M|\n|poke|p2|Ting-Lu, L50|\n|poke|p2|Florges, L50, F|\n|poke|p2|Volcarona, L50, M|\n|poke|p2|Dudunsparce-*, L50, M|\n|poke|p2|Raichu, L50, M|\n|poke|p2|Gyarados, L50, M|\n|teampreview|4\n|j| eshe0\njudevgc rejected open team sheets.\n|c|\u2606judevgc|g2\n|j| Blaziken Blazers\n|\n|t:|1683996917\n|start\n|switch|p1a: Glimmora|Glimmora, L50, F|100\/100\n|switch|p1b: Tauros|Tauros-Paldea-Aqua, L50, M|100\/100\n|switch|p2a: Ting-Lu|Ting-Lu, L50|100\/100\n|switch|p2b: Dudunsparce|Dudunsparce, L50, M|100\/100\n|-ability|p1b: Tauros|Intimidate|boost\n|-unboost|p2a: Ting-Lu|atk|1\n|-unboost|p2b: Dudunsparce|atk|1\n|-ability|p2a: Ting-Lu|Vessel of Ruin\n|turn|1\n|\n|t:|1683996965\n|switch|p2b: Gyarados|Gyarados, L50, M|100\/100\n|-ability|p2b: Gyarados|Intimidate|boost\n|-unboost|p1a: Glimmora|atk|1\n|-unboost|p1b: Tauros|atk|1\n|-terastallize|p1a: Glimmora|Flying\n|move|p1b: Tauros|Close Combat|p2b: Gyarados\n|-resisted|p2b: Gyarados\n|-damage|p2b: Gyarados|77\/100\n|-unboost|p1b: Tauros|def|1\n|-unboost|p1b: Tauros|spd|1\n|-damage|p1b: Tauros|90\/100|[from] item: Life Orb\n|move|p1a: Glimmora|Mortal Spin|p2b: Gyarados|[spread] p2a,p2b\n|-resisted|p2a: Ting-Lu\n|-damage|p2a: Ting-Lu|99\/100\n|-damage|p2b: Gyarados|74\/100\n|-status|p2a: Ting-Lu|psn\n|-status|p2b: Gyarados|psn\n|move|p2a: Ting-Lu|Ruination|p1a: Glimmora\n|-damage|p1a: Glimmora|51\/100\n|-enditem|p1a: Glimmora|Eject Button\n|\n|t:|1683996992\n|switch|p1a: Roaring Moon|Roaring Moon, L50|100\/100\n|-enditem|p1a: Roaring Moon|Booster Energy\n|-activate|p1a: Roaring Moon|ability: Protosynthesis|[fromitem]\n|-start|p1a: Roaring Moon|protosynthesisatk\n|\n|-damage|p2b: Gyarados|61\/100 psn|[from] psn\n|-damage|p2a: Ting-Lu|88\/100 psn|[from] psn\n|upkeep\n|turn|2\n|\n|t:|1683997063\n|switch|p2a: Volcarona|Volcarona, L50, M|100\/100\n|-terastallize|p2b: Gyarados|Fairy\n|move|p1a: Roaring Moon|Tailwind|p1a: Roaring Moon\n|-sidestart|p1: judevgc|move: Tailwind\n|move|p1b: Tauros|Wild Charge|p2b: Gyarados\n|-damage|p2b: Gyarados|34\/100 psn\n|-damage|p1b: Tauros|81\/100|[from] Recoil\n|-damage|p1b: Tauros|71\/100|[from] item: Life Orb\n|move|p2b: Gyarados|Tera Blast|p1a: Roaring Moon\n|-supereffective|p1a: Roaring Moon\n|-damage|p1a: Roaring Moon|0 fnt\n|faint|p1a: Roaring Moon\n|-end|p1a: Roaring Moon|Protosynthesis|[silent]\n|-damage|p2b: Gyarados|24\/100 psn|[from] item: Life Orb\n|\n|-damage|p2b: Gyarados|12\/100 psn|[from] psn\n|upkeep\n|\n|t:|1683997120\n|switch|p1a: Glimmora|Glimmora, L50, F, tera:Flying|51\/100\n|turn|3\n|\n|t:|1683997203\n|move|p2a: Volcarona|Rage Powder|p2a: Volcarona\n|-singleturn|p2a: Volcarona|move: Rage Powder\n|move|p1b: Tauros|Close Combat|p2a: Volcarona\n|-resisted|p2a: Volcarona\n|-damage|p2a: Volcarona|78\/100\n|-unboost|p1b: Tauros|def|1\n|-unboost|p1b: Tauros|spd|1\n|-damage|p1b: Tauros|61\/100|[from] item: Life Orb\n|move|p1a: Glimmora|Power Gem|p2a: Volcarona\n|-supereffective|p2a: Volcarona\n|-damage|p2a: Volcarona|0 fnt\n|faint|p2a: Volcarona\n|move|p2b: Gyarados|Tera Blast|p1b: Tauros\n|-supereffective|p1b: Tauros\n|-damage|p1b: Tauros|0 fnt\n|faint|p1b: Tauros\n|-damage|p2b: Gyarados|2\/100 psn|[from] item: Life Orb\n|\n|-damage|p2b: Gyarados|0 fnt|[from] psn\n|faint|p2b: Gyarados\n|upkeep\n|\n|t:|1683997217\n|switch|p1b: Brambleghast|Brambleghast, L50, M|100\/100\n|switch|p2a: Ting-Lu|Ting-Lu, L50|88\/100 psn\n|switch|p2b: Dudunsparce|Dudunsparce, L50, M|100\/100\n|-ability|p1b: Brambleghast|Wind Rider|boost\n|-boost|p1b: Brambleghast|atk|1\n|-ability|p2a: Ting-Lu|Vessel of Ruin\n|turn|4\n|j| Finnyiii\n|\n|t:|1683997226\n|move|p1a: Glimmora|Mortal Spin|p2a: Ting-Lu|[spread] p2a,p2b\n|-resisted|p2a: Ting-Lu\n|-damage|p2a: Ting-Lu|87\/100 psn\n|-damage|p2b: Dudunsparce|97\/100\n|-status|p2b: Dudunsparce|psn\n|move|p1b: Brambleghast|Bullet Seed|p2a: Ting-Lu\n|-supereffective|p2a: Ting-Lu\n|-damage|p2a: Ting-Lu|68\/100 psn\n|-supereffective|p2a: Ting-Lu\n|-damage|p2a: Ting-Lu|51\/100 psn\n|-supereffective|p2a: Ting-Lu\n|-damage|p2a: Ting-Lu|33\/100 psn\n|-supereffective|p2a: Ting-Lu\n|-damage|p2a: Ting-Lu|14\/100 psn\n|-supereffective|p2a: Ting-Lu\n|-damage|p2a: Ting-Lu|0 fnt\n|faint|p2a: Ting-Lu\n|-hitcount|p2: Ting-Lu|5\n|move|p2b: Dudunsparce|Yawn|p1b: Brambleghast\n|-start|p1b: Brambleghast|move: Yawn|[of] p2b: Dudunsparce\n|\n|-damage|p2b: Dudunsparce|84\/100 psn|[from] psn\n|upkeep\n|turn|5\n|\n|t:|1683997246\n|move|p2b: Dudunsparce|Protect|p2b: Dudunsparce\n|-singleturn|p2b: Dudunsparce|Protect\n|move|p1a: Glimmora|Sludge Bomb|p2b: Dudunsparce\n|-activate|p2b: Dudunsparce|move: Protect\n|move|p1b: Brambleghast|Bullet Seed|p2b: Dudunsparce\n|-activate|p2b: Dudunsparce|move: Protect\n|\n|-damage|p2b: Dudunsparce|72\/100 psn|[from] psn\n|-end|p1b: Brambleghast|move: Yawn|[silent]\n|-status|p1b: Brambleghast|slp\n|-sideend|p1: judevgc|move: Tailwind\n|upkeep\n|turn|6\n|\n|t:|1683997255\n|move|p1a: Glimmora|Spiky Shield|p1a: Glimmora\n|-singleturn|p1a: Glimmora|move: Protect\n|cant|p1b: Brambleghast|slp\n|move|p2b: Dudunsparce|Ice Spinner|p1a: Glimmora\n|-activate|p1a: Glimmora|move: Protect\n|-damage|p2b: Dudunsparce|59\/100 psn|[from] Spiky Shield|[of] p1a: Glimmora\n|\n|-damage|p2b: Dudunsparce|47\/100 psn|[from] psn\n|upkeep\n|-enditem|p2b: Dudunsparce|Sitrus Berry|[eat]\n|-heal|p2b: Dudunsparce|72\/100 psn|[from] item: Sitrus Berry\n|turn|7\n|\n|t:|1683997268\n|move|p1a: Glimmora|Sludge Bomb|p2b: Dudunsparce\n|-damage|p2b: Dudunsparce|27\/100 psn\n|cant|p1b: Brambleghast|slp\n|move|p2b: Dudunsparce|Ice Spinner|p1a: Glimmora\n|-supereffective|p1a: Glimmora\n|-damage|p1a: Glimmora|0 fnt\n|-activate|p1a: Glimmora|ability: Toxic Debris\n|-sidestart|p2: Bacon204|move: Toxic Spikes\n|faint|p1a: Glimmora\n|\n|-damage|p2b: Dudunsparce|15\/100 psn|[from] psn\n|upkeep\n|turn|8\n|\n|t:|1683997276\n|-curestatus|p1b: Brambleghast|slp|[msg]\n|move|p1b: Brambleghast|Bullet Seed|p2b: Dudunsparce\n|-damage|p2b: Dudunsparce|0 fnt\n|faint|p2b: Dudunsparce\n|-hitcount|p2: Dudunsparce|1\n|\n|win|judevgc\n|c| eshe0|oof\n|c|\u2606Bacon204|ajkaf gg\n|c|\u2606judevgc|gg\n|c| eshe0|gg\n|l| Blaziken Blazers\n","uploadtime":1683997305,"views":7,"p1id":"judevgc","p2id":"bacon204","formatid":"gen9vgc2023regulationc","rating":0,"private":0,"password":""}