{"id":"gen9vgc2023regulationc-1845584219","p1":"KB1107","p2":"NijiaTW","format":"[Gen 9] VGC 2023 Regulation C","log":"|j|\u2606KB1107\n|j|\u2606NijiaTW\n|t:|1681747067\n|gametype|doubles\n|player|p1|KB1107|102|1090\n|player|p2|NijiaTW|steven|1103\n|teamsize|p1|6\n|teamsize|p2|6\n|gen|9\n|tier|[Gen 9] VGC 2023 Regulation C\n|rated|\n|rule|Species Clause: Limit one of each Pok\u00e9mon\n|rule|Item Clause: Limit one of each item\n|clearpoke\n|poke|p1|Dragonite, L50, M|\n|poke|p1|Pelipper, L50, M|\n|poke|p1|Tinkaton, L50, F|\n|poke|p1|Garchomp, L50, M|\n|poke|p1|Raichu, L50, F|\n|poke|p1|Palafin, L50, F|\n|poke|p2|Palafin, L50, F|\n|poke|p2|Chien-Pao, L50|\n|poke|p2|Dragapult, L50, M|\n|poke|p2|Amoonguss, L50, M|\n|poke|p2|Arcanine, L50, M|\n|poke|p2|Flutter Mane, L50|\n|teampreview|4\n|inactive|Battle timer is ON: inactive players will automatically lose when time's up. (requested by NijiaTW)\n|inactive|KB1107 has 60 seconds left.\n|\n|t:|1681747112\n|start\n|switch|p1a: Palafin|Palafin, L50, F, shiny|100\/100\n|switch|p1b: Raichu|Raichu, L50, F|100\/100\n|switch|p2a: Mimi|Flutter Mane, L50|100\/100\n|switch|p2b: ChiYu|Arcanine, L50, M|100\/100\n|-ability|p2b: ChiYu|Intimidate|boost\n|-unboost|p1a: Palafin|atk|1\n|-unboost|p1b: Raichu|atk|1\n|-enditem|p2a: Mimi|Booster Energy\n|-activate|p2a: Mimi|ability: Protosynthesis|[fromitem]\n|-start|p2a: Mimi|protosynthesisspa\n|turn|1\n|inactive|KB1107 has 30 seconds left.\n|\n|t:|1681747142\n|detailschange|p1a: Palafin|Palafin-Hero, L50, F, shiny\n|switch|p1a: Pelipper|Pelipper, L50, M, shiny|100\/100\n|-weather|RainDance|[from] ability: Drizzle|[of] p1a: Pelipper\n|-terastallize|p2b: ChiYu|Flying\n|move|p1b: Raichu|Fake Out|p2a: Mimi\n|-immune|p2a: Mimi\n|move|p2a: Mimi|Thunderbolt|p1b: Raichu\n|-activate|p1b: Raichu|ability: Lightning Rod\n|-ability|p1b: Raichu|Lightning Rod|boost\n|-boost|p1b: Raichu|spa|1\n|move|p2b: ChiYu|Will-O-Wisp|p1a: Pelipper\n|-status|p1a: Pelipper|brn\n|\n|-weather|RainDance|[upkeep]\n|-damage|p1a: Pelipper|95\/100 brn|[from] brn\n|upkeep\n|turn|2\n|\n|t:|1681747166\n|move|p2b: ChiYu|Extreme Speed|p1a: Pelipper\n|-damage|p1a: Pelipper|61\/100 brn\n|move|p2a: Mimi|Thunderbolt|p1b: Raichu\n|-activate|p1b: Raichu|ability: Lightning Rod\n|-ability|p1b: Raichu|Lightning Rod|boost\n|-boost|p1b: Raichu|spa|1\n|move|p1b: Raichu|Thunder|p2b: ChiYu\n|-supereffective|p2b: ChiYu\n|-crit|p2b: ChiYu\n|-damage|p2b: ChiYu|0 fnt\n|faint|p2b: ChiYu\n|move|p1a: Pelipper|Tailwind|p1a: Pelipper\n|-sidestart|p1: KB1107|move: Tailwind\n|\n|-weather|RainDance|[upkeep]\n|-damage|p1a: Pelipper|55\/100 brn|[from] brn\n|upkeep\n|\n|t:|1681747181\n|switch|p2b: WoChien|Amoonguss, L50, M|100\/100\n|turn|3\n|\n|t:|1681747200\n|move|p1b: Raichu|Volt Switch|p2a: Mimi\n|-damage|p2a: Mimi|35\/100\n|\n|t:|1681747205\n|switch|p1b: Palafin|Palafin-Hero, L50, F, shiny|100\/100|[from] Volt Switch\n|-activate|p1b: Palafin|ability: Zero to Hero\n|move|p1a: Pelipper|Hurricane|p2b: WoChien\n|-supereffective|p2b: WoChien\n|-damage|p2b: WoChien|21\/100\n|-start|p2b: WoChien|confusion\n|-enditem|p2b: WoChien|Sitrus Berry|[eat]\n|-heal|p2b: WoChien|46\/100|[from] item: Sitrus Berry\n|move|p2a: Mimi|Dazzling Gleam|p1a: Pelipper|[spread] p1a,p1b\n|-damage|p1a: Pelipper|1\/100 brn\n|-damage|p1b: Palafin|58\/100\n|-activate|p2b: WoChien|confusion\n|move|p2b: WoChien|Spore|p1b: Palafin\n|-status|p1b: Palafin|slp|[from] move: Spore\n|\n|-weather|RainDance|[upkeep]\n|-damage|p1a: Pelipper|0 fnt|[from] brn\n|faint|p1a: Pelipper\n|upkeep\n|\n|t:|1681747226\n|switch|p1a: Raichu|Raichu, L50, F|100\/100\n|turn|4\n|\n|t:|1681747242\n|-terastallize|p1b: Palafin|Fire\n|move|p1a: Raichu|Fake Out|p2b: WoChien\n|-damage|p2b: WoChien|39\/100\n|cant|p2b: WoChien|flinch\n|cant|p1b: Palafin|slp\n|move|p2a: Mimi|Dazzling Gleam|p1a: Raichu|[spread] p1a,p1b\n|-resisted|p1b: Palafin\n|-damage|p1a: Raichu|35\/100\n|-damage|p1b: Palafin|36\/100 slp\n|\n|-weather|RainDance|[upkeep]\n|upkeep\n|turn|5\n|\n|t:|1681747263\n|-end|p2b: WoChien|confusion\n|move|p2b: WoChien|Rage Powder|p2b: WoChien\n|-singleturn|p2b: WoChien|move: Rage Powder\n|cant|p1b: Palafin|slp\n|move|p1a: Raichu|Thunder|p2b: WoChien\n|-resisted|p2b: WoChien\n|-damage|p2b: WoChien|19\/100\n|move|p2a: Mimi|Dazzling Gleam|p1a: Raichu|[spread] p1a,p1b\n|-crit|p1a: Raichu\n|-resisted|p1b: Palafin\n|-damage|p1a: Raichu|0 fnt\n|-damage|p1b: Palafin|12\/100 slp\n|faint|p1a: Raichu\n|\n|-weather|RainDance|[upkeep]\n|-sideend|p1: KB1107|move: Tailwind\n|upkeep\n|\n|t:|1681747279\n|switch|p1a: Garchomp|Garchomp, L50, M|100\/100\n|turn|6\n|\n|t:|1681747299\n|cant|p1b: Palafin|slp\n|move|p2b: WoChien|Rage Powder|p2b: WoChien\n|-singleturn|p2b: WoChien|move: Rage Powder\n|move|p2a: Mimi|Dazzling Gleam|p1b: Palafin|[spread] p1a,p1b\n|-supereffective|p1a: Garchomp\n|-resisted|p1b: Palafin\n|-damage|p1a: Garchomp|17\/100\n|-damage|p1b: Palafin|0 fnt\n|faint|p1b: Palafin\n|move|p1a: Garchomp|Earthquake|p2a: Mimi|[spread] p2a,p2b\n|-damage|p2a: Mimi|0 fnt\n|-damage|p2b: WoChien|0 fnt\n|faint|p2a: Mimi\n|-end|p2a: Mimi|Protosynthesis|[silent]\n|faint|p2b: WoChien\n|\n|-weather|RainDance|[upkeep]\n|upkeep\n|\n|t:|1681747313\n|switch|p2b: Bundle|Chien-Pao, L50|100\/100\n|-ability|p2b: Bundle|Sword of Ruin\n|turn|7\n|\n|t:|1681747322\n|move|p1a: Garchomp|Protect|p1a: Garchomp\n|-singleturn|p1a: Garchomp|Protect\n|move|p2b: Bundle|Sucker Punch||[still]\n|-fail|p2b: Bundle\n|\n|-weather|RainDance|[upkeep]\n|upkeep\n|turn|8\n|\n|t:|1681747330\n|move|p2b: Bundle|Sucker Punch|p1a: Garchomp\n|-damage|p1a: Garchomp|0 fnt\n|-damage|p2b: Bundle|88\/100|[from] ability: Rough Skin|[of] p1a: Garchomp\n|faint|p1a: Garchomp\n|\n|win|NijiaTW\n|raw|KB1107's rating: 1090 → 1067<\/strong> (-23 for losing)\n|raw|NijiaTW's rating: 1103 → 1127<\/strong> (+24 for winning)\n","uploadtime":1681747337,"views":12,"p1id":"kb1107","p2id":"nijiatw","formatid":"gen9vgc2023regulationc","rating":1067,"private":0,"password":""}