{"id":"gen9vgc2023regulationc-1845368497","p1":"puriness","p2":"RamiM50","format":"[Gen 9] VGC 2023 Regulation C","log":"|j|\u2606puriness\n|j|\u2606RamiM50\n|t:|1681722929\n|gametype|doubles\n|player|p1|puriness|unknown|1275\n|player|p2|RamiM50|lucas|1268\n|teamsize|p1|6\n|teamsize|p2|6\n|gen|9\n|tier|[Gen 9] VGC 2023 Regulation C\n|rated|\n|rule|Species Clause: Limit one of each Pok\u00e9mon\n|rule|Item Clause: Limit one of each item\n|clearpoke\n|poke|p1|Ting-Lu, L50|\n|poke|p1|Arcanine, L50, M|\n|poke|p1|Palafin, L50, F|\n|poke|p1|Amoonguss, L50, M|\n|poke|p1|Kingambit, L50, M|\n|poke|p1|Dragonite, L50, M|\n|poke|p2|Iron Bundle, L50|\n|poke|p2|Flutter Mane, L50|\n|poke|p2|Pawmot, L50, F|\n|poke|p2|Arcanine, L50, F|\n|poke|p2|Amoonguss, L50, M|\n|poke|p2|Palafin, L50, F|\n|teampreview|4\n|inactive|Battle timer is ON: inactive players will automatically lose when time's up. (requested by puriness)\nRamiM50 has agreed to open team sheets.\n|inactive|puriness has 60 seconds left.\n|inactive|RamiM50 has 60 seconds left.\n|inactive|RamiM50 has 30 seconds left.\n|\n|t:|1681722998\n|start\n|switch|p1a: Palafin|Palafin, L50, F|100\/100\n|switch|p1b: Ting-Lu|Ting-Lu, L50|100\/100\n|switch|p2a: Iron Bundle|Iron Bundle, L50|100\/100\n|switch|p2b: Flutter Mane|Flutter Mane, L50|100\/100\n|-ability|p1b: Ting-Lu|Vessel of Ruin\n|-enditem|p2a: Iron Bundle|Booster Energy\n|-activate|p2a: Iron Bundle|ability: Quark Drive|[fromitem]\n|-start|p2a: Iron Bundle|quarkdrivespe\n|turn|1\n|inactive|puriness has 30 seconds left.\n|inactive|RamiM50 has 30 seconds left.\n|inactive|puriness has 20 seconds left.\n|inactive|RamiM50 has 20 seconds left.\n|inactive|RamiM50 has 15 seconds left.\n|inactive|RamiM50 has 10 seconds left.\n|inactive|RamiM50 has 5 seconds left.\n|\n|t:|1681723050\n|-end|p2b: Flutter Mane|Protosynthesis|[silent]\n|switch|p2b: Arcanine|Arcanine, L50, F|100\/100\n|-ability|p2b: Arcanine|Intimidate|boost\n|-unboost|p1a: Palafin|atk|1\n|-unboost|p1b: Ting-Lu|atk|1\n|detailschange|p1a: Palafin|Palafin-Hero, L50, F\n|switch|p1a: Kingambit|Kingambit, L50, M|100\/100\n|-terastallize|p1b: Ting-Lu|Water\n|move|p2a: Iron Bundle|Hydro Pump|p1b: Ting-Lu\n|-resisted|p1b: Ting-Lu\n|-damage|p1b: Ting-Lu|91\/100\n|move|p1b: Ting-Lu|Heavy Slam|p2a: Iron Bundle\n|-damage|p2a: Iron Bundle|77\/100\n|\n|upkeep\n|turn|2\n|inactive|puriness has 30 seconds left.\n|inactive|RamiM50 has 30 seconds left.\n|inactive|RamiM50 has 20 seconds left.\n|inactive|RamiM50 has 15 seconds left.\n|inactive|RamiM50 has 10 seconds left.\n|inactive|RamiM50 has 5 seconds left.\n|\n|t:|1681723103\n|switch|p1a: Palafin|Palafin-Hero, L50, F|100\/100\n|-activate|p1a: Palafin|ability: Zero to Hero\n|-terastallize|p2b: Arcanine|Grass\n|move|p2a: Iron Bundle|Freeze-Dry|p1b: Ting-Lu\n|-supereffective|p1b: Ting-Lu\n|-damage|p1b: Ting-Lu|66\/100\n|move|p2b: Arcanine|Will-O-Wisp|p1a: Palafin|[miss]\n|-miss|p2b: Arcanine|p1a: Palafin\n|move|p1b: Ting-Lu|Fissure|p2b: Arcanine\n|-damage|p2b: Arcanine|0 fnt\n|faint|p2b: Arcanine\n|-ohko\n|\n|upkeep\n|\n|t:|1681723126\n|switch|p2b: Pawmot|Pawmot, L50, F|100\/100\n|turn|3\n|inactive|RamiM50 has 30 seconds left.\n|inactive|RamiM50 has 20 seconds left.\n|\n|t:|1681723166\n|move|p1a: Palafin|Protect|p1a: Palafin\n|-singleturn|p1a: Palafin|Protect\n|move|p2a: Iron Bundle|Freeze-Dry|p1b: Ting-Lu\n|-supereffective|p1b: Ting-Lu\n|-damage|p1b: Ting-Lu|42\/100\n|move|p2b: Pawmot|Double Shock|p1a: Palafin\n|-activate|p1a: Palafin|move: Protect\n|move|p1b: Ting-Lu|Stomping Tantrum|p2b: Pawmot\n|-supereffective|p2b: Pawmot\n|-damage|p2b: Pawmot|35\/100\n|\n|upkeep\n|turn|4\n|\n|t:|1681723190\n|switch|p2b: Flutter Mane|Flutter Mane, L50|100\/100\n|move|p1a: Palafin|Jet Punch|p2b: Flutter Mane\n|-damage|p2b: Flutter Mane|7\/100\n|move|p2a: Iron Bundle|Freeze-Dry|p1a: Palafin\n|-supereffective|p1a: Palafin\n|-damage|p1a: Palafin|48\/100\n|-status|p1a: Palafin|frz\n|move|p1b: Ting-Lu|Ruination|p2a: Iron Bundle\n|-damage|p2a: Iron Bundle|39\/100\n|\n|upkeep\n|turn|5\n|inactive|RamiM50 has 30 seconds left.\n|inactive|RamiM50 has 20 seconds left.\n|inactive|RamiM50 has 15 seconds left.\n|\n|t:|1681723231\n|switch|p1a: Kingambit|Kingambit, L50, M|100\/100\n|move|p2a: Iron Bundle|Freeze-Dry|p1a: Kingambit\n|-resisted|p1a: Kingambit\n|-damage|p1a: Kingambit|88\/100\n|-status|p1a: Kingambit|frz\n|move|p2b: Flutter Mane|Moonblast|p1b: Ting-Lu\n|-damage|p1b: Ting-Lu|17\/100\n|move|p1b: Ting-Lu|Stomping Tantrum|p2b: Flutter Mane\n|-damage|p2b: Flutter Mane|0 fnt\n|faint|p2b: Flutter Mane\n|-end|p2b: Flutter Mane|Protosynthesis|[silent]\n|\n|upkeep\n|\n|t:|1681723243\n|switch|p2b: Pawmot|Pawmot, L50, F|35\/100\n|turn|6\n|inactive|RamiM50 has 30 seconds left.\n|\n|t:|1681723273\n|cant|p1a: Kingambit|frz\n|move|p2a: Iron Bundle|Freeze-Dry|p1b: Ting-Lu\n|-supereffective|p1b: Ting-Lu\n|-damage|p1b: Ting-Lu|0 fnt\n|faint|p1b: Ting-Lu\n|move|p2b: Pawmot|Revival Blessing|p2b: Pawmot\n|\n|t:|1681723279\n|-heal|p2: Arcanine|50\/100|[from] move: Revival Blessing\n|\n|upkeep\n|\n|t:|1681723284\n|switch|p1b: Arcanine|Arcanine, L50, M|100\/100\n|-ability|p1b: Arcanine|Intimidate|boost\n|-unboost|p2a: Iron Bundle|atk|1\n|-unboost|p2b: Pawmot|atk|1\n|turn|7\n|inactive|RamiM50 has 30 seconds left.\n|\n|t:|1681723315\n|-end|p2a: Iron Bundle|Quark Drive|[silent]\n|switch|p2a: Arcanine|Arcanine, L50, F|50\/100\n|-ability|p2a: Arcanine|Intimidate|boost\n|-unboost|p1a: Kingambit|atk|1\n|-ability|p1a: Kingambit|Defiant|boost\n|-boost|p1a: Kingambit|atk|2\n|-unboost|p1b: Arcanine|atk|1\n|cant|p1a: Kingambit|frz\n|move|p2b: Pawmot|Close Combat|p1a: Kingambit\n|-supereffective|p1a: Kingambit\n|-damage|p1a: Kingambit|0 fnt\n|-unboost|p2b: Pawmot|def|1\n|-unboost|p2b: Pawmot|spd|1\n|faint|p1a: Kingambit\n|move|p1b: Arcanine|Flare Blitz|p2b: Pawmot\n|-damage|p2b: Pawmot|0 fnt\n|faint|p2b: Pawmot\n|-damage|p1b: Arcanine|92\/100|[from] Recoil\n|\n|upkeep\n|\n|t:|1681723332\n|switch|p2b: Iron Bundle|Iron Bundle, L50|39\/100\n|switch|p1a: Palafin|Palafin-Hero, L50, F|48\/100 frz\n|turn|8\n|inactive|puriness has 30 seconds left.\n|inactive|puriness has 20 seconds left.\n|\n|t:|1681723367\n|move|p2a: Arcanine|Extreme Speed|p1a: Palafin\n|-damage|p1a: Palafin|28\/100 frz\n|-curestatus|p1a: Palafin|frz|[msg]\n|move|p1a: Palafin|Jet Punch|p2a: Arcanine\n|-supereffective|p2a: Arcanine\n|-damage|p2a: Arcanine|0 fnt\n|faint|p2a: Arcanine\n|move|p2b: Iron Bundle|Hydro Pump|p1b: Arcanine\n|-supereffective|p1b: Arcanine\n|-damage|p1b: Arcanine|0 fnt\n|faint|p1b: Arcanine\n|\n|upkeep\n|turn|9\n|\n|t:|1681723383\n|move|p1a: Palafin|Jet Punch|p2b: Iron Bundle\n|-resisted|p2b: Iron Bundle\n|-damage|p2b: Iron Bundle|11\/100\n|move|p2b: Iron Bundle|Freeze-Dry|p1a: Palafin\n|-supereffective|p1a: Palafin\n|-damage|p1a: Palafin|0 fnt\n|faint|p1a: Palafin\n|\n|win|RamiM50\n|raw|puriness's rating: 1275 → 1249<\/strong> (-26 for losing)\n|raw|RamiM50's rating: 1268 → 1294<\/strong> (+26 for winning)\n|l|\u2606puriness\n","uploadtime":1681723398,"views":13,"p1id":"puriness","p2id":"ramim50","formatid":"gen9vgc2023regulationc","rating":1249,"private":0,"password":""}