{"id":"gen9vgc2023regulationc-1855485651","p1":"Tronplex","p2":"tex kat","format":"[Gen 9] VGC 2023 Regulation C","log":"|j|\u2606Tronplex\n|j|\u203dtex kat\n|t:|1682955751\n|gametype|doubles\n|player|p1|Tronplex|1|1258\n|player|p2|tex kat|170|1240\n|teamsize|p1|6\n|teamsize|p2|6\n|gen|9\n|tier|[Gen 9] VGC 2023 Regulation C\n|rated|\n|rule|Species Clause: Limit one of each Pok\u00e9mon\n|rule|Item Clause: Limit one of each item\n|clearpoke\n|poke|p1|Chi-Yu, L50|\n|poke|p1|Magnezone, L50|\n|poke|p1|Gyarados, L50, F|\n|poke|p1|Brambleghast, L50, M|\n|poke|p1|Great Tusk, L50|\n|poke|p1|Flutter Mane, L50|\n|poke|p2|Chien-Pao, L50|\n|poke|p2|Dragonite, L50, F|\n|poke|p2|Mudsdale, L50, M|\n|poke|p2|Corviknight, L50, M|\n|poke|p2|Flutter Mane, L50|\n|poke|p2|Maushold, L50|\n|teampreview|4\n|\n|t:|1682955830\n|start\n|switch|p1a: Magnezone|Magnezone, L50|100\/100\n|switch|p1b: Gyarados|Gyarados, L50, F|100\/100\n|switch|p2a: Mudsdale|Mudsdale, L50, M|100\/100\n|switch|p2b: Maushold|Maushold, L50|100\/100\n|-ability|p1b: Gyarados|Intimidate|boost\n|-unboost|p2a: Mudsdale|atk|1\n|-unboost|p2b: Maushold|atk|1\n|turn|1\n|\n|t:|1682955893\n|-terastallize|p1a: Magnezone|Flying\n|move|p2b: Maushold|Beat Up|p2a: Mudsdale\n|-damage|p2a: Mudsdale|99\/100\n|-ability|p2a: Mudsdale|Stamina|boost\n|-boost|p2a: Mudsdale|def|1\n|-damage|p2a: Mudsdale|99\/100\n|-ability|p2a: Mudsdale|Stamina|boost\n|-boost|p2a: Mudsdale|def|1\n|-damage|p2a: Mudsdale|98\/100\n|-ability|p2a: Mudsdale|Stamina|boost\n|-boost|p2a: Mudsdale|def|1\n|-damage|p2a: Mudsdale|98\/100\n|-ability|p2a: Mudsdale|Stamina|boost\n|-boost|p2a: Mudsdale|def|1\n|-hitcount|p2a: Mudsdale|4\n|move|p1b: Gyarados|Thunder Wave|p2b: Maushold\n|-status|p2b: Maushold|par\n|move|p1a: Magnezone|Flash Cannon|p2a: Mudsdale\n|-damage|p2a: Mudsdale|76\/100\n|-ability|p2a: Mudsdale|Stamina|boost\n|-boost|p2a: Mudsdale|def|1\n|move|p2a: Mudsdale|Body Press|p1a: Magnezone\n|-resisted|p1a: Magnezone\n|-damage|p1a: Magnezone|71\/100\n|\n|upkeep\n|turn|2\n|inactive|Battle timer is ON: inactive players will automatically lose when time's up. (requested by Tronplex)\n|\n|t:|1682955966\n|move|p2b: Maushold|Follow Me|p2b: Maushold\n|-singleturn|p2b: Maushold|move: Follow Me\n|move|p1b: Gyarados|Waterfall|p2b: Maushold\n|-damage|p2b: Maushold|39\/100 par\n|move|p1a: Magnezone|Thunderbolt|p2b: Maushold\n|-damage|p2b: Maushold|0 fnt\n|faint|p2b: Maushold\n|move|p2a: Mudsdale|Heavy Slam|p1b: Gyarados\n|-resisted|p1b: Gyarados\n|-damage|p1b: Gyarados|89\/100\n|\n|upkeep\n|\n|t:|1682955980\n|switch|p2b: Chien-Pao|Chien-Pao, L50|100\/100\n|-ability|p2b: Chien-Pao|Sword of Ruin\n|turn|3\n|\n|t:|1682956000\n|move|p1a: Magnezone|Protect|p1a: Magnezone\n|-singleturn|p1a: Magnezone|Protect\n|move|p2b: Chien-Pao|Sacred Sword|p1a: Magnezone\n|-activate|p1a: Magnezone|move: Protect\n|move|p1b: Gyarados|Thunder Wave|p2b: Chien-Pao\n|-status|p2b: Chien-Pao|par\n|move|p2a: Mudsdale|Body Press|p1a: Magnezone\n|-activate|p1a: Magnezone|move: Protect\n|\n|upkeep\n|turn|4\n|inactive|tex kat has 30 seconds left.\n|\n|t:|1682956026\n|cant|p2b: Chien-Pao|par\n|move|p1b: Gyarados|Waterfall|p2b: Chien-Pao\n|-damage|p2b: Chien-Pao|42\/100 par\n|move|p1a: Magnezone|Flash Cannon|p2b: Chien-Pao\n|-supereffective|p2b: Chien-Pao\n|-damage|p2b: Chien-Pao|0 fnt\n|faint|p2b: Chien-Pao\n|move|p2a: Mudsdale|Body Press|p1a: Magnezone\n|-resisted|p1a: Magnezone\n|-damage|p1a: Magnezone|41\/100\n|\n|upkeep\n|\n|t:|1682956038\n|switch|p2b: Dragonite|Dragonite, L50, F|100\/100\n|turn|5\n|\n|t:|1682956054\n|-terastallize|p2b: Dragonite|Normal\n|move|p2b: Dragonite|Extreme Speed|p1a: Magnezone\n|-damage|p1a: Magnezone|0 fnt\n|faint|p1a: Magnezone\n|move|p1b: Gyarados|Thunder Wave|p2b: Dragonite\n|-status|p2b: Dragonite|par\n|move|p2a: Mudsdale|Body Press|p1b: Gyarados\n|-resisted|p1b: Gyarados\n|-damage|p1b: Gyarados|57\/100\n|\n|upkeep\n|inactive|Tronplex has 30 seconds left.\n|\n|t:|1682956088\n|switch|p1a: Chi-Yu|Chi-Yu, L50|100\/100\n|-ability|p1a: Chi-Yu|Beads of Ruin\n|turn|6\n|\n|t:|1682956107\n|move|p1a: Chi-Yu|Protect|p1a: Chi-Yu\n|-singleturn|p1a: Chi-Yu|Protect\n|move|p2b: Dragonite|Extreme Speed|p1a: Chi-Yu\n|-activate|p1a: Chi-Yu|move: Protect\n|move|p1b: Gyarados|Waterfall|p2b: Dragonite\n|-damage|p2b: Dragonite|58\/100 par\n|move|p2a: Mudsdale|Heavy Slam|p1b: Gyarados\n|-resisted|p1b: Gyarados\n|-damage|p1b: Gyarados|47\/100\n|\n|upkeep\n|turn|7\n|inactive|Tronplex has 30 seconds left.\n|inactive|tex kat has 30 seconds left.\n|\n|t:|1682956138\n|switch|p1a: Flutter Mane|Flutter Mane, L50|100\/100\n|-enditem|p1a: Flutter Mane|Booster Energy\n|-activate|p1a: Flutter Mane|ability: Protosynthesis|[fromitem]\n|-start|p1a: Flutter Mane|protosynthesisspe\n|move|p2b: Dragonite|Extreme Speed|p1a: Flutter Mane\n|-immune|p1a: Flutter Mane\n|move|p1b: Gyarados|Waterfall|p2b: Dragonite\n|-damage|p2b: Dragonite|12\/100 par\n|move|p2a: Mudsdale|Body Press|p1b: Gyarados\n|-resisted|p1b: Gyarados\n|-damage|p1b: Gyarados|11\/100\n|\n|upkeep\n|turn|8\n|\n|t:|1682956162\n|move|p1a: Flutter Mane|Protect|p1a: Flutter Mane\n|-singleturn|p1a: Flutter Mane|Protect\n|move|p2b: Dragonite|Extreme Speed|p1b: Gyarados\n|-damage|p1b: Gyarados|0 fnt\n|faint|p1b: Gyarados\n|move|p2a: Mudsdale|Heavy Slam|p1a: Flutter Mane\n|-activate|p1a: Flutter Mane|move: Protect\n|\n|upkeep\n|\n|t:|1682956172\n|switch|p1b: Chi-Yu|Chi-Yu, L50|100\/100\n|-ability|p1b: Chi-Yu|Beads of Ruin\n|turn|9\n|\n|t:|1682956197\n|move|p2b: Dragonite|Extreme Speed|p1b: Chi-Yu\n|-damage|p1b: Chi-Yu|0 fnt\n|faint|p1b: Chi-Yu\n|move|p1a: Flutter Mane|Moonblast|p2a: Mudsdale\n|-damage|p2a: Mudsdale|45\/100\n|-ability|p2a: Mudsdale|Stamina|boost\n|-boost|p2a: Mudsdale|def|1\n|move|p2a: Mudsdale|Heavy Slam|p1a: Flutter Mane\n|-supereffective|p1a: Flutter Mane\n|-damage|p1a: Flutter Mane|0 fnt\n|faint|p1a: Flutter Mane\n|-end|p1a: Flutter Mane|Protosynthesis|[silent]\n|\n|win|tex kat\n|raw|Tronplex's rating: 1258 → 1232<\/strong> (-26 for losing)\n|raw|tex kat's rating: 1240 → 1266<\/strong> (+26 for winning)\n|l|\u2606Tronplex\n","uploadtime":1682956371,"views":21,"p1id":"tronplex","p2id":"texkat","formatid":"gen9vgc2023regulationc","rating":1232,"private":0,"password":""}