{"id":"gen9vgc2023regulationc-1848544303","p1":"Dragonite1016","p2":"Cold Brew VGC","format":"[Gen 9] VGC 2023 Regulation C","log":"|j|\u2606Dragonite1016\n|j|\u2606Cold Brew VGC\n|t:|1682088760\n|gametype|doubles\n|player|p1|Dragonite1016|102|1594\n|player|p2|Cold Brew VGC|silver-gen2kanto|1623\n|teamsize|p1|6\n|teamsize|p2|6\n|gen|9\n|tier|[Gen 9] VGC 2023 Regulation C\n|rated|\n|rule|Species Clause: Limit one of each Pok\u00e9mon\n|rule|Item Clause: Limit one of each item\n|clearpoke\n|poke|p1|Vivillon-Icy Snow, L50, F|\n|poke|p1|Dragonite, L50, M|\n|poke|p1|Arcanine, L50, M|\n|poke|p1|Iron Bundle, L50|\n|poke|p1|Flutter Mane, L50|\n|poke|p1|Chien-Pao, L50|\n|poke|p2|Torkoal, L50, F|\n|poke|p2|Hatterene, L50, F|\n|poke|p2|Farigiraf, L50, M|\n|poke|p2|Kingambit, L50, M|\n|poke|p2|Brute Bonnet, L50|\n|poke|p2|Iron Hands, L50|\n|teampreview|4\n|inactive|Battle timer is ON: inactive players will automatically lose when time's up. (requested by Cold Brew VGC)\nCold Brew VGC has agreed to open team sheets.\n|inactive|Dragonite1016 has 60 seconds left.\n|\n|t:|1682088803\n|start\n|switch|p1a: Arcanine|Arcanine, L50, M|100\/100\n|switch|p1b: Chien-Pao|Chien-Pao, L50|100\/100\n|switch|p2a: Brute Bonnet|Brute Bonnet, L50|100\/100\n|switch|p2b: Hatterene|Hatterene, L50, F|100\/100\n|-ability|p1b: Chien-Pao|Sword of Ruin\n|-ability|p1a: Arcanine|Intimidate|boost\n|-unboost|p2a: Brute Bonnet|atk|1\n|-unboost|p2b: Hatterene|atk|1\n|turn|1\n|j| jdarcan\n|\n|t:|1682088818\n|-terastallize|p2a: Brute Bonnet|Fire\n|move|p2b: Hatterene|Protect|p2b: Hatterene\n|-singleturn|p2b: Hatterene|Protect\n|move|p1b: Chien-Pao|Throat Chop|p2b: Hatterene\n|-activate|p2b: Hatterene|move: Protect\n|move|p1a: Arcanine|Flare Blitz|p2b: Hatterene\n|-activate|p2b: Hatterene|move: Protect\n|move|p2a: Brute Bonnet|Spore|p1b: Chien-Pao\n|-status|p1b: Chien-Pao|slp|[from] move: Spore\n|\n|upkeep\n|turn|2\n|\n|t:|1682088836\n|-end|p2a: Brute Bonnet|Protosynthesis|[silent]\n|switch|p2a: Iron Hands|Iron Hands, L50|100\/100\n|cant|p1b: Chien-Pao|slp\n|move|p1a: Arcanine|Howl|p1a: Arcanine|[spread] p1a,p1b\n|-boost|p1a: Arcanine|atk|1\n|-boost|p1b: Chien-Pao|atk|1\n|move|p2b: Hatterene|Trick Room|p2b: Hatterene\n|-fieldstart|move: Trick Room|[of] p2b: Hatterene\n|\n|upkeep\n|turn|3\n|\n|t:|1682088850\n|-terastallize|p1b: Chien-Pao|Ghost\n|move|p1a: Arcanine|Protect|p1a: Arcanine\n|-singleturn|p1a: Arcanine|Protect\n|move|p2b: Hatterene|Dazzling Gleam|p1b: Chien-Pao|[spread] p1b\n|-activate|p1a: Arcanine|move: Protect\n|-damage|p1b: Chien-Pao|44\/100 slp\n|move|p2a: Iron Hands|Wild Charge|p1a: Arcanine\n|-activate|p1a: Arcanine|move: Protect\n|cant|p1b: Chien-Pao|slp\n|\n|upkeep\n|turn|4\n|\n|t:|1682088869\n|cant|p1b: Chien-Pao|slp\n|move|p2b: Hatterene|Psychic|p1a: Arcanine\n|-damage|p1a: Arcanine|46\/100\n|move|p2a: Iron Hands|Wild Charge|p1b: Chien-Pao\n|-crit|p1b: Chien-Pao\n|-damage|p1b: Chien-Pao|0 fnt\n|faint|p1b: Chien-Pao\n|-damage|p2a: Iron Hands|94\/100|[from] Recoil\n|move|p1a: Arcanine|Flare Blitz|p2b: Hatterene\n|-damage|p2b: Hatterene|8\/100\n|-damage|p1a: Arcanine|20\/100|[from] Recoil\n|\n|upkeep\n|\n|t:|1682088877\n|switch|p1b: Dragonite|Dragonite, L50, M|100\/100\n|turn|5\n|\n|t:|1682088892\n|move|p1a: Arcanine|Extreme Speed|p2b: Hatterene\n|-damage|p2b: Hatterene|0 fnt\n|faint|p2b: Hatterene\n|move|p2a: Iron Hands|Wild Charge|p1b: Dragonite\n|-damage|p1b: Dragonite|75\/100\n|-damage|p2a: Iron Hands|89\/100|[from] Recoil\n|move|p1b: Dragonite|Dragon Dance|p1b: Dragonite\n|-boost|p1b: Dragonite|atk|1\n|-boost|p1b: Dragonite|spe|1\n|\n|upkeep\n|j| Rabbihorn\n|\n|t:|1682088905\n|switch|p2b: Brute Bonnet|Brute Bonnet, L50, tera:Fire|100\/100\n|turn|6\n|\n|t:|1682088913\n|-end|p2a: Iron Hands|Quark Drive|[silent]\n|switch|p2a: Torkoal|Torkoal, L50, F|100\/100\n|-weather|SunnyDay|[from] ability: Drought|[of] p2a: Torkoal\n|-activate|p2b: Brute Bonnet|ability: Protosynthesis\n|-start|p2b: Brute Bonnet|protosynthesisatk\n|move|p1a: Arcanine|Protect|p1a: Arcanine\n|-singleturn|p1a: Arcanine|Protect\n|move|p1b: Dragonite|Protect|p1b: Dragonite\n|-singleturn|p1b: Dragonite|Protect\n|move|p2b: Brute Bonnet|Spore|p1b: Dragonite\n|-activate|p1b: Dragonite|move: Protect\n|\n|-weather|SunnyDay|[upkeep]\n|-fieldend|move: Trick Room\n|upkeep\n|turn|7\n|\n|t:|1682088925\n|switch|p2a: Iron Hands|Iron Hands, L50|89\/100\n|move|p2b: Brute Bonnet|Protect|p2b: Brute Bonnet\n|-singleturn|p2b: Brute Bonnet|Protect\n|move|p1a: Arcanine|Extreme Speed|p2b: Brute Bonnet\n|-activate|p2b: Brute Bonnet|move: Protect\n|move|p1b: Dragonite|Earthquake|p2a: Iron Hands|[spread] p1a,p2a\n|-activate|p2b: Brute Bonnet|move: Protect\n|-supereffective|p1a: Arcanine\n|-supereffective|p2a: Iron Hands\n|-damage|p1a: Arcanine|0 fnt\n|-damage|p2a: Iron Hands|30\/100\n|faint|p1a: Arcanine\n|\n|-weather|SunnyDay|[upkeep]\n|upkeep\n|\n|t:|1682088929\n|switch|p1a: Flutter Mane|Flutter Mane, L50|100\/100\n|-activate|p1a: Flutter Mane|ability: Protosynthesis\n|-start|p1a: Flutter Mane|protosynthesisspa\n|turn|8\n|\n|t:|1682088949\n|move|p2a: Iron Hands|Fake Out|p1b: Dragonite\n|-damage|p1b: Dragonite|59\/100\n|move|p1a: Flutter Mane|Shadow Ball|p2a: Iron Hands\n|-damage|p2a: Iron Hands|0 fnt\n|faint|p2a: Iron Hands\n|-end|p2a: Iron Hands|Quark Drive|[silent]\n|cant|p1b: Dragonite|flinch\n|move|p2b: Brute Bonnet|Spore|p1a: Flutter Mane\n|-status|p1a: Flutter Mane|slp|[from] move: Spore\n|\n|-weather|SunnyDay|[upkeep]\n|upkeep\n|\n|t:|1682088963\n|switch|p2a: Torkoal|Torkoal, L50, F|100\/100\n|turn|9\n|\n|t:|1682088969\n|move|p1b: Dragonite|Protect|p1b: Dragonite\n|-singleturn|p1b: Dragonite|Protect\n|cant|p1a: Flutter Mane|slp\n|move|p2b: Brute Bonnet|Bullet Seed|p1a: Flutter Mane\n|-damage|p1a: Flutter Mane|67\/100 slp\n|-damage|p1a: Flutter Mane|32\/100 slp\n|-damage|p1a: Flutter Mane|0 fnt\n|faint|p1a: Flutter Mane\n|-end|p1a: Flutter Mane|Protosynthesis|[silent]\n|-hitcount|p1: Flutter Mane|3\n|move|p2a: Torkoal|Flamethrower|p1b: Dragonite\n|-activate|p1b: Dragonite|move: Protect\n|\n|-weather|SunnyDay|[upkeep]\n|upkeep\n|turn|10\n|\n|t:|1682088982\n|move|p2a: Torkoal|Protect|p2a: Torkoal\n|-singleturn|p2a: Torkoal|Protect\n|move|p1b: Dragonite|Earthquake|p2b: Brute Bonnet|[spread] p2b\n|-activate|p2a: Torkoal|move: Protect\n|-supereffective|p2b: Brute Bonnet\n|-damage|p2b: Brute Bonnet|29\/100\n|move|p2b: Brute Bonnet|Spore|p1b: Dragonite\n|-status|p1b: Dragonite|slp|[from] move: Spore\n|\n|-weather|none\n|-end|p2b: Brute Bonnet|Protosynthesis\n|upkeep\n|turn|11\n|j| MYLKO VGC\n|\n|t:|1682088995\n|cant|p1b: Dragonite|slp\n|move|p2b: Brute Bonnet|Crunch|p1b: Dragonite\n|-damage|p1b: Dragonite|16\/100 slp\n|move|p2a: Torkoal|Eruption|p1b: Dragonite\n|-resisted|p1b: Dragonite\n|-damage|p1b: Dragonite|0 fnt\n|faint|p1b: Dragonite\n|\n|win|Cold Brew VGC\n|raw|Dragonite1016's rating: 1594 → 1576<\/strong> (-18 for losing)\n|raw|Cold Brew VGC's rating: 1623 → 1641<\/strong> (+18 for winning)\n|l|\u2606Dragonite1016\n|c|\u2606Cold Brew VGC|Gg\n","uploadtime":1682089014,"views":7,"p1id":"dragonite1016","p2id":"coldbrewvgc","formatid":"gen9vgc2023regulationc","rating":1576,"private":0,"password":""}