{"id":"gen9vgc2023regulationc-1863944346","p1":"SadSkoomaCat","p2":"lovely_krow","format":"[Gen 9] VGC 2023 Regulation C","log":"|j|\u2606SadSkoomaCat\n|j|\u2606lovely_krow\n|t:|1684096294\n|gametype|doubles\n|player|p1|SadSkoomaCat|candice|\n|player|p2|lovely_krow|lucy|\n|teamsize|p1|6\n|teamsize|p2|6\n|gen|9\n|tier|[Gen 9] VGC 2023 Regulation C\n|rule|Tera Type Preview: Tera Types are shown at Team Preview\n|rule|Species Clause: Limit one of each Pok\u00e9mon\n|rule|Item Clause: Limit one of each item\n|clearpoke\n|poke|p1|Roaring Moon, L50|\n|poke|p1|Torkoal, L50, M|\n|poke|p1|Indeedee-F, L50, F|\n|poke|p1|Lilligant, L50, F|\n|poke|p1|Annihilape, L50, M|\n|poke|p1|Bronzong, L50|\n|poke|p2|Pachirisu, L50, M|\n|poke|p2|Squawkabilly-Yellow, L50, M|\n|poke|p2|Garchomp, L50, M|\n|poke|p2|Tyranitar, L50, M|\n|poke|p2|Iron Valiant, L50|\n|poke|p2|Dragonite, L50, M|\n|teampreview|4\n|raw|SadSkoomaCat's Tera Types: \/ \/ \/ \/ \/ \n|raw|lovely_krow's Tera Types: \/ \/ \/ \/ \/ \nSadSkoomaCat has agreed to open team sheets.\n|c|\u2606SadSkoomaCat|oops\nlovely_krow rejected open team sheets.\n|l|\u2606lovely_krow\n|player|p2|\n|j|\u2606lovely_krow\n|player|p2|lovely_krow|lucy\n|c|\u2606lovely_krow|gonna be one of those games isn't it\n|c|\u2606SadSkoomaCat|?\n|c|\u2606lovely_krow|gonna be fighting SD dcing me more than you lmao\n|c|\u2606lovely_krow|g1\n|c|\u2606SadSkoomaCat|ghlf,\n|c|\u2606lovely_krow|gl hf I'll get links\n|c|\u2606lovely_krow|I'm back gl hf\n|j| tzarii\n|c|\u2606SadSkoomaCat|glhf\n|j| Wow02\n|\n|t:|1684096766\n|start\n|switch|p1a: Indeedee|Indeedee-F, L50, F|100\/100\n|switch|p1b: Annihilape|Annihilape, L50, M|100\/100\n|switch|p2a: Dragonite|Dragonite, L50, M|100\/100\n|switch|p2b: Iron Valiant|Iron Valiant, L50|100\/100\n|-fieldstart|move: Psychic Terrain|[from] ability: Psychic Surge|[of] p1a: Indeedee\n|turn|1\n|\n|t:|1684096848\n|move|p1b: Annihilape|Final Gambit|p2a: Dragonite\n|-damage|p2a: Dragonite|0 fnt\n|faint|p1b: Annihilape\n|faint|p2a: Dragonite\n|move|p2b: Iron Valiant|Knock Off|p1a: Indeedee\n|-supereffective|p1a: Indeedee\n|-damage|p1a: Indeedee|11\/100\n|-enditem|p1a: Indeedee|Sitrus Berry|[from] move: Knock Off|[of] p2b: Iron Valiant\n|move|p1a: Indeedee|Trick Room|p1a: Indeedee\n|-fieldstart|move: Trick Room|[of] p1a: Indeedee\n|\n|upkeep\n|\n|t:|1684096862\n|switch|p2a: Pachirisu|Pachirisu, L50, M|100\/100\n|switch|p1b: Torkoal|Torkoal, L50, M|100\/100\n|-weather|SunnyDay|[from] ability: Drought|[of] p1b: Torkoal\n|turn|2\n|\n|t:|1684096922\n|-terastallize|p2a: Pachirisu|Fire\n|move|p1a: Indeedee|Helping Hand|p1b: Torkoal\n|-singleturn|p1b: Torkoal|Helping Hand|[of] p1a: Indeedee\n|move|p2b: Iron Valiant|Protect|p2b: Iron Valiant\n|-singleturn|p2b: Iron Valiant|Protect\n|move|p1b: Torkoal|Eruption|p2b: Iron Valiant|[spread] p2a\n|-activate|p2b: Iron Valiant|move: Protect\n|-resisted|p2a: Pachirisu\n|-damage|p2a: Pachirisu|35\/100\n|move|p2a: Pachirisu|Super Fang|p1b: Torkoal\n|-damage|p1b: Torkoal|51\/100\n|\n|-weather|SunnyDay|[upkeep]\n|upkeep\n|turn|3\n|\n|t:|1684096944\n|-end|p2b: Iron Valiant|Quark Drive|[silent]\n|switch|p2b: Tyranitar|Tyranitar, L50, M|100\/100\n|-weather|Sandstorm|[from] ability: Sand Stream|[of] p2b: Tyranitar\n|move|p1a: Indeedee|Helping Hand|p1b: Torkoal\n|-singleturn|p1b: Torkoal|Helping Hand|[of] p1a: Indeedee\n|move|p2a: Pachirisu|Protect|p2a: Pachirisu\n|-singleturn|p2a: Pachirisu|Protect\n|move|p1b: Torkoal|Eruption|p2a: Pachirisu|[spread] p2b\n|-activate|p2a: Pachirisu|move: Protect\n|-resisted|p2b: Tyranitar\n|-damage|p2b: Tyranitar|88\/100\n|\n|-weather|Sandstorm|[upkeep]\n|-damage|p1b: Torkoal|45\/100|[from] Sandstorm\n|-damage|p1a: Indeedee|5\/100|[from] Sandstorm\n|upkeep\n|turn|4\n|l| Wow02\n|\n|t:|1684096990\n|switch|p1b: Roaring Moon|Roaring Moon, L50|100\/100\n|switch|p2b: Iron Valiant|Iron Valiant, L50|100\/100\n|move|p2a: Pachirisu|Protect||[still]\n|-fail|p2a: Pachirisu\n|move|p1a: Indeedee|Follow Me|p1a: Indeedee\n|-singleturn|p1a: Indeedee|move: Follow Me\n|\n|-weather|Sandstorm|[upkeep]\n|-damage|p1a: Indeedee|0 fnt|[from] Sandstorm\n|-damage|p2b: Iron Valiant|94\/100|[from] Sandstorm\n|-damage|p1b: Roaring Moon|94\/100|[from] Sandstorm\n|faint|p1a: Indeedee\n|upkeep\n|\n|t:|1684097000\n|switch|p1a: Torkoal|Torkoal, L50, M|45\/100\n|-weather|SunnyDay|[from] ability: Drought|[of] p1a: Torkoal\n|-activate|p1b: Roaring Moon|ability: Protosynthesis\n|-start|p1b: Roaring Moon|protosynthesisatk\n|turn|5\n|j| Mogomomo\n|\n|t:|1684097088\n|-end|p2b: Iron Valiant|Quark Drive|[silent]\n|switch|p2b: Tyranitar|Tyranitar, L50, M|88\/100\n|-weather|Sandstorm|[from] ability: Sand Stream|[of] p2b: Tyranitar\n|-end|p1b: Roaring Moon|Protosynthesis\n|-terastallize|p1a: Torkoal|Fire\n|move|p1a: Torkoal|Eruption|p2a: Pachirisu|[spread] p2a,p2b\n|-resisted|p2a: Pachirisu\n|-resisted|p2b: Tyranitar\n|-damage|p2a: Pachirisu|15\/100\n|-damage|p2b: Tyranitar|78\/100\n|move|p2a: Pachirisu|Nuzzle|p1b: Roaring Moon\n|-resisted|p1b: Roaring Moon\n|-damage|p1b: Roaring Moon|92\/100\n|-status|p1b: Roaring Moon|par\n|-enditem|p1b: Roaring Moon|Lum Berry|[eat]\n|-curestatus|p1b: Roaring Moon|par|[msg]\n|move|p1b: Roaring Moon|Iron Head|p2b: Tyranitar\n|-supereffective|p2b: Tyranitar\n|-damage|p2b: Tyranitar|24\/100\n|\n|-weather|Sandstorm|[upkeep]\n|-damage|p1a: Torkoal|38\/100|[from] Sandstorm\n|-damage|p1b: Roaring Moon|86\/100|[from] Sandstorm\n|-fieldend|move: Trick Room\n|-fieldend|move: Psychic Terrain\n|upkeep\n|turn|6\n|j| Wow02\n|\n|t:|1684097125\n|move|p1a: Torkoal|Protect|p1a: Torkoal\n|-singleturn|p1a: Torkoal|Protect\n|move|p1b: Roaring Moon|Dragon Dance|p1b: Roaring Moon\n|-boost|p1b: Roaring Moon|atk|1\n|-boost|p1b: Roaring Moon|spe|1\n|-enditem|p2b: Tyranitar|Mirror Herb\n|-boost|p2b: Tyranitar|atk|1|[from] item: Mirror Herb\n|-boost|p2b: Tyranitar|spe|1|[from] item: Mirror Herb\n|move|p2b: Tyranitar|Rock Slide|p1b: Roaring Moon|[spread] p1b\n|-activate|p1a: Torkoal|move: Protect\n|-damage|p1b: Roaring Moon|18\/100\n|move|p2a: Pachirisu|Nuzzle|p1b: Roaring Moon\n|-resisted|p1b: Roaring Moon\n|-damage|p1b: Roaring Moon|16\/100\n|-status|p1b: Roaring Moon|par\n|\n|-weather|Sandstorm|[upkeep]\n|-damage|p1b: Roaring Moon|10\/100 par|[from] Sandstorm\n|-damage|p1a: Torkoal|32\/100|[from] Sandstorm\n|upkeep\n|turn|7\n|\n|t:|1684097150\n|move|p2b: Tyranitar|Rock Slide|p1b: Roaring Moon|[spread] p1a,p1b\n|-supereffective|p1a: Torkoal\n|-damage|p1a: Torkoal|0 fnt\n|-damage|p1b: Roaring Moon|0 fnt\n|faint|p1a: Torkoal\n|faint|p1b: Roaring Moon\n|-end|p1b: Roaring Moon|Protosynthesis|[silent]\n|\n|win|lovely_krow\n|c|\u2606SadSkoomaCat|wp\n|c|\u2606lovely_krow|gg\n|l| Wow02\n|l| Mogomomo\n|l|\u2606SadSkoomaCat\n","uploadtime":1684097556,"views":7,"p1id":"sadskoomacat","p2id":"lovelykrow","formatid":"gen9vgc2023regulationc","rating":0,"private":0,"password":""}