{"id":"gen9vgc2023regulationc-1856909153","p1":"SlowHomie","p2":"CampionedeiNovanta","format":"[Gen 9] VGC 2023 Regulation C","log":"|j|\u2606SlowHomie\n|j|\u2606CampionedeiNovanta\n|t:|1683124854\n|gametype|doubles\n|player|p1|SlowHomie|266|\n|player|p2|CampionedeiNovanta|cyclist|\n|teamsize|p1|6\n|teamsize|p2|6\n|gen|9\n|tier|[Gen 9] VGC 2023 Regulation C\n|rated|Tournament battle\n|rule|Species Clause: Limit one of each Pok\u00e9mon\n|rule|Item Clause: Limit one of each item\n|clearpoke\n|poke|p1|Orthworm, L50, M|\n|poke|p1|Dragonite, L50, M|\n|poke|p1|Ting-Lu, L50|\n|poke|p1|Gyarados, L50, M|\n|poke|p1|Flutter Mane, L50|\n|poke|p1|Chien-Pao, L50|\n|poke|p2|Iron Hands, L50|\n|poke|p2|Ting-Lu, L50|\n|poke|p2|Amoonguss, L50, M|\n|poke|p2|Gyarados, L50, M|\n|poke|p2|Iron Bundle, L50|\n|poke|p2|Flutter Mane, L50|\n|teampreview|4\n|j| LoveforVGC\nSlowHomie has agreed to open team sheets.\n|j| 4gotPW\nCampionedeiNovanta has agreed to open team sheets.\n|c|\u2606SlowHomie|glhf\n|c|\u2606CampionedeiNovanta|glhf\n|j| Eldegoss32\n|inactive|Battle timer is ON: inactive players will automatically lose when time's up. (requested by CampionedeiNovanta)\n|\n|t:|1683124908\n|start\n|switch|p1a: Gyarados|Gyarados, L50, M|100\/100\n|switch|p1b: Orthworm|Orthworm, L50, M|100\/100\n|switch|p2a: Gyarados|Gyarados, L50, M|100\/100\n|switch|p2b: Iron Hands|Iron Hands, L50|100\/100\n|-ability|p2a: Gyarados|Intimidate|boost\n|-unboost|p1a: Gyarados|atk|1\n|-unboost|p1b: Orthworm|atk|1\n|-ability|p1a: Gyarados|Intimidate|boost\n|-unboost|p2a: Gyarados|atk|1\n|-unboost|p2b: Iron Hands|atk|1\n|turn|1\n|\n|t:|1683124921\n|switch|p1a: Ting-Lu|Ting-Lu, L50|100\/100\n|-ability|p1a: Ting-Lu|Vessel of Ruin\n|move|p2a: Gyarados|Taunt|p1b: Orthworm\n|-start|p1b: Orthworm|move: Taunt\n|cant|p1b: Orthworm|move: Taunt|Iron Defense\n|move|p2b: Iron Hands|Swords Dance|p2b: Iron Hands\n|-boost|p2b: Iron Hands|atk|2\n|\n|upkeep\n|turn|2\n|inactive|CampionedeiNovanta has 30 seconds left.\n|inactive|CampionedeiNovanta has 20 seconds left.\n|\n|t:|1683124957\n|switch|p1b: Gyarados|Gyarados, L50, M|100\/100\n|-ability|p1b: Gyarados|Intimidate|boost\n|-unboost|p2a: Gyarados|atk|1\n|-unboost|p2b: Iron Hands|atk|1\n|move|p2a: Gyarados|Chilling Water|p1a: Ting-Lu\n|-supereffective|p1a: Ting-Lu\n|-damage|p1a: Ting-Lu|88\/100\n|-unboost|p1a: Ting-Lu|atk|1\n|move|p1a: Ting-Lu|Earthquake|p2b: Iron Hands|[spread] p2b\n|-immune|p1b: Gyarados\n|-immune|p2a: Gyarados\n|-supereffective|p2b: Iron Hands\n|-damage|p2b: Iron Hands|58\/100\n|move|p2b: Iron Hands|Drain Punch|p1a: Ting-Lu\n|-supereffective|p1a: Ting-Lu\n|-damage|p1a: Ting-Lu|36\/100\n|-heal|p2b: Iron Hands|83\/100|[from] drain|[of] p1a: Ting-Lu\n|\n|upkeep\n|turn|3\n|inactive|SlowHomie has 30 seconds left.\n|inactive|CampionedeiNovanta has 30 seconds left.\n|j| baldafor\n|inactive|SlowHomie has 20 seconds left.\n|\n|t:|1683124994\n|switch|p1a: Flutter Mane|Flutter Mane, L50|100\/100\n|move|p2a: Gyarados|Chilling Water|p1a: Flutter Mane\n|-damage|p1a: Flutter Mane|90\/100\n|-unboost|p1a: Flutter Mane|atk|1\n|move|p1b: Gyarados|Taunt|p2a: Gyarados\n|-start|p2a: Gyarados|move: Taunt\n|move|p2b: Iron Hands|Swords Dance|p2b: Iron Hands\n|-boost|p2b: Iron Hands|atk|2\n|\n|upkeep\n|turn|4\n|inactive|SlowHomie has 30 seconds left.\n|\n|t:|1683125026\n|switch|p2a: Ting-Lu|Ting-Lu, L50|100\/100\n|-ability|p2a: Ting-Lu|Vessel of Ruin\n|-terastallize|p2b: Iron Hands|Fire\n|move|p1a: Flutter Mane|Hex|p2b: Iron Hands\n|-crit|p2b: Iron Hands\n|-damage|p2b: Iron Hands|43\/100\n|move|p1b: Gyarados|Thunder Wave|p2b: Iron Hands|[miss]\n|-miss|p1b: Gyarados|p2b: Iron Hands\n|move|p2b: Iron Hands|Wild Charge|p1a: Flutter Mane\n|-damage|p1a: Flutter Mane|0 fnt\n|faint|p1a: Flutter Mane\n|-end|p1a: Flutter Mane|Protosynthesis|[silent]\n|-damage|p2b: Iron Hands|28\/100|[from] Recoil\n|\n|upkeep\n|\n|t:|1683125043\n|switch|p1a: Ting-Lu|Ting-Lu, L50|36\/100\n|-ability|p1a: Ting-Lu|Vessel of Ruin\n|turn|5\n|\n|t:|1683125057\n|switch|p1b: Orthworm|Orthworm, L50, M|100\/100\n|-end|p2b: Iron Hands|Quark Drive|[silent]\n|switch|p2b: Gyarados|Gyarados, L50, M|100\/100\n|-ability|p2b: Gyarados|Intimidate|boost\n|-unboost|p1a: Ting-Lu|atk|1\n|-unboost|p1b: Orthworm|atk|1\n|move|p1a: Ting-Lu|Earthquake|p2b: Gyarados|[spread] p2a\n|-immune|p1b: Orthworm|[from] ability: Earth Eater\n|-immune|p2b: Gyarados\n|-damage|p2a: Ting-Lu|78\/100\n|move|p2a: Ting-Lu|Stomping Tantrum|p1a: Ting-Lu\n|-damage|p1a: Ting-Lu|10\/100\n|\n|upkeep\n|turn|6\n|\n|t:|1683125081\n|switch|p1a: Gyarados|Gyarados, L50, M|100\/100\n|-ability|p1a: Gyarados|Intimidate|boost\n|-unboost|p2a: Ting-Lu|atk|1\n|-unboost|p2b: Gyarados|atk|1\n|move|p2b: Gyarados|Taunt|p1b: Orthworm\n|-start|p1b: Orthworm|move: Taunt\n|move|p1b: Orthworm|Body Press|p2a: Ting-Lu\n|-supereffective|p2a: Ting-Lu\n|-damage|p2a: Ting-Lu|40\/100\n|move|p2a: Ting-Lu|Heavy Slam|p1a: Gyarados\n|-resisted|p1a: Gyarados\n|-damage|p1a: Gyarados|94\/100\n|\n|upkeep\n|turn|7\n|inactive|CampionedeiNovanta has 30 seconds left.\n|\n|t:|1683125115\n|move|p2b: Gyarados|Chilling Water|p1a: Gyarados\n|-resisted|p1a: Gyarados\n|-damage|p1a: Gyarados|91\/100\n|-unboost|p1a: Gyarados|atk|1\n|move|p1a: Gyarados|Bulldoze|p2b: Gyarados|[spread] p2a\n|-immune|p1b: Orthworm|[from] ability: Earth Eater\n|-immune|p2b: Gyarados\n|-damage|p2a: Ting-Lu|35\/100\n|-unboost|p2a: Ting-Lu|spe|1\n|move|p1b: Orthworm|Body Press|p2a: Ting-Lu\n|-supereffective|p2a: Ting-Lu\n|-damage|p2a: Ting-Lu|0 fnt\n|faint|p2a: Ting-Lu\n|\n|upkeep\n|\n|t:|1683125128\n|switch|p2a: Iron Hands|Iron Hands, L50, tera:Fire|28\/100\n|turn|8\n|inactive|SlowHomie has 30 seconds left.\n|\n|t:|1683125155\n|move|p2b: Gyarados|Chilling Water|p1a: Gyarados\n|-resisted|p1a: Gyarados\n|-damage|p1a: Gyarados|87\/100\n|-unboost|p1a: Gyarados|atk|1\n|move|p1a: Gyarados|Bulldoze|p2b: Gyarados|[spread] p2a\n|-immune|p1b: Orthworm|[from] ability: Earth Eater\n|-immune|p2b: Gyarados\n|-supereffective|p2a: Iron Hands\n|-damage|p2a: Iron Hands|19\/100\n|-unboost|p2a: Iron Hands|spe|1\n|move|p1b: Orthworm|Body Press|p2a: Iron Hands\n|-damage|p2a: Iron Hands|0 fnt\n|faint|p2a: Iron Hands\n|-end|p2a: Iron Hands|Quark Drive|[silent]\n|\n|-end|p1b: Orthworm|move: Taunt\n|upkeep\n|\n|t:|1683125167\n|switch|p2a: Saccoferreo|Iron Bundle, L50|100\/100\n|-enditem|p2a: Saccoferreo|Booster Energy\n|-activate|p2a: Saccoferreo|ability: Quark Drive|[fromitem]\n|-start|p2a: Saccoferreo|quarkdrivespe\n|turn|9\n|\n|t:|1683125182\n|switch|p1a: Ting-Lu|Ting-Lu, L50|10\/100\n|-ability|p1a: Ting-Lu|Vessel of Ruin\n|move|p2a: Saccoferreo|Freeze-Dry|p1a: Ting-Lu\n|-supereffective|p1a: Ting-Lu\n|-damage|p1a: Ting-Lu|0 fnt\n|faint|p1a: Ting-Lu\n|move|p2b: Gyarados|Taunt|p1b: Orthworm\n|-start|p1b: Orthworm|move: Taunt\n|move|p1b: Orthworm|Body Press|p2a: Saccoferreo\n|-supereffective|p2a: Saccoferreo\n|-damage|p2a: Saccoferreo|35\/100\n|\n|upkeep\n|\n|t:|1683125195\n|switch|p1a: Gyarados|Gyarados, L50, M|87\/100\n|-ability|p1a: Gyarados|Intimidate|boost\n|-unboost|p2a: Saccoferreo|atk|1\n|-unboost|p2b: Gyarados|atk|1\n|turn|10\n|\n|t:|1683125212\n|-terastallize|p1a: Gyarados|Water\n|move|p2a: Saccoferreo|Protect|p2a: Saccoferreo\n|-singleturn|p2a: Saccoferreo|Protect\n|move|p2b: Gyarados|Thunder Wave|p1b: Orthworm\n|-status|p1b: Orthworm|par\n|move|p1a: Gyarados|Thunder Wave|p2b: Gyarados\n|-status|p2b: Gyarados|par\n|move|p1b: Orthworm|Body Press|p2a: Saccoferreo\n|-activate|p2a: Saccoferreo|move: Protect\n|\n|upkeep\n|turn|11\n|\n|t:|1683125228\n|move|p2a: Saccoferreo|Freeze-Dry|p1a: Gyarados\n|-supereffective|p1a: Gyarados\n|-damage|p1a: Gyarados|27\/100\n|move|p1a: Gyarados|Bulldoze|p2a: Saccoferreo|[spread] p2a\n|-immune|p1b: Orthworm|[from] ability: Earth Eater\n|-immune|p2b: Gyarados\n|-damage|p2a: Saccoferreo|20\/100\n|-unboost|p2a: Saccoferreo|spe|1\n|cant|p2b: Gyarados|par\n|move|p1b: Orthworm|Body Press|p2a: Saccoferreo\n|-supereffective|p2a: Saccoferreo\n|-damage|p2a: Saccoferreo|0 fnt\n|faint|p2a: Saccoferreo\n|-end|p2a: Saccoferreo|Quark Drive|[silent]\n|\n|-end|p1b: Orthworm|move: Taunt\n|upkeep\n|turn|12\n|\n|t:|1683125246\n|move|p1a: Gyarados|Taunt|p2b: Gyarados\n|-start|p2b: Gyarados|move: Taunt\n|cant|p2b: Gyarados|par\n|move|p1b: Orthworm|Iron Defense|p1b: Orthworm\n|-boost|p1b: Orthworm|def|2\n|\n|upkeep\n|turn|13\n|j| SMx\n|-message|CampionedeiNovanta forfeited.\n|\n|win|SlowHomie\n|n|\u2606SlowHomie|slowhomie\n|n|\u2606CampionedeiNovanta|campionedeinovanta\n|n| LoveforVGC|loveforvgc\n|n| 4gotPW|4gotpw\n|n| Eldegoss32|eldegoss32\n|n| baldafor|baldafor\n|n| SMx|smx\n","uploadtime":1683125254,"views":6,"p1id":"slowhomie","p2id":"campionedeinovanta","formatid":"gen9vgc2023regulationc","rating":0,"private":0,"password":""}