{"id":"gen9vgc2023regulationc-1846754149","p1":"Shelly_Kuhn04","p2":"Tony Animals","format":"[Gen 9] VGC 2023 Regulation C","log":"|j|\u2606Shelly_Kuhn04\n|j|\u2606Tony Animals\n|t:|1681874335\n|gametype|doubles\n|player|p1|Shelly_Kuhn04|lance|1178\n|player|p2|Tony Animals|unknown|1221\n|teamsize|p1|6\n|teamsize|p2|6\n|gen|9\n|tier|[Gen 9] VGC 2023 Regulation C\n|rated|\n|rule|Species Clause: Limit one of each Pok\u00e9mon\n|rule|Item Clause: Limit one of each item\n|clearpoke\n|poke|p1|Garchomp, L50, M|\n|poke|p1|Flutter Mane, L50|\n|poke|p1|Ceruledge, L50, M|\n|poke|p1|Breloom, L50, M|\n|poke|p1|Corviknight, L50, F|\n|poke|p1|Gyarados, L50, M|\n|poke|p2|Ting-Lu, L50|\n|poke|p2|Palafin, L50, F|\n|poke|p2|Amoonguss, L50, F|\n|poke|p2|Arcanine, L50, M|\n|poke|p2|Flutter Mane, L50|\n|poke|p2|Iron Hands, L50|\n|teampreview|4\n|inactive|Battle timer is ON: inactive players will automatically lose when time's up. (requested by Shelly_Kuhn04)\n|j| GalahadFGC\n|\n|t:|1681874367\n|start\n|switch|p1a: Flutter Mane|Flutter Mane, L50|100\/100\n|switch|p1b: Gyarados|Gyarados, L50, M|100\/100\n|switch|p2a: Palafin|Palafin, L50, F, shiny|100\/100\n|switch|p2b: Amoonguss|Amoonguss, L50, F, shiny|100\/100\n|-ability|p1b: Gyarados|Intimidate|boost\n|-unboost|p2a: Palafin|atk|1\n|-unboost|p2b: Amoonguss|atk|1\n|turn|1\n|\n|t:|1681874391\n|detailschange|p2a: Palafin|Palafin-Hero, L50, F, shiny\n|switch|p2a: Arcanine|Arcanine, L50, M, shiny|100\/100\n|-ability|p2a: Arcanine|Intimidate|boost\n|-unboost|p1a: Flutter Mane|atk|1\n|-unboost|p1b: Gyarados|atk|1\n|move|p1a: Flutter Mane|Shadow Ball|p2b: Amoonguss\n|-damage|p2b: Amoonguss|47\/100\n|-unboost|p2b: Amoonguss|spd|1\n|-enditem|p2b: Amoonguss|Sitrus Berry|[eat]\n|-heal|p2b: Amoonguss|72\/100|[from] item: Sitrus Berry\n|move|p1b: Gyarados|Dragon Dance|p1b: Gyarados\n|-boost|p1b: Gyarados|atk|1\n|-boost|p1b: Gyarados|spe|1\n|move|p2b: Amoonguss|Spore|p1a: Flutter Mane\n|-status|p1a: Flutter Mane|slp|[from] move: Spore\n|\n|upkeep\n|turn|2\n|inactive|Tony Animals has 30 seconds left.\n|\n|t:|1681874419\n|switch|p2a: Palafin|Palafin-Hero, L50, F, shiny|100\/100\n|-activate|p2a: Palafin|ability: Zero to Hero\n|cant|p1a: Flutter Mane|slp\n|move|p1b: Gyarados|Dragon Dance|p1b: Gyarados\n|-boost|p1b: Gyarados|atk|1\n|-boost|p1b: Gyarados|spe|1\n|move|p2b: Amoonguss|Spore|p1b: Gyarados\n|-status|p1b: Gyarados|slp|[from] move: Spore\n|\n|upkeep\n|turn|3\n|inactive|Tony Animals has 30 seconds left.\n|\n|t:|1681874445\n|switch|p2b: Iron Hands|Iron Hands, L50|100\/100\n|cant|p1b: Gyarados|slp\n|cant|p1a: Flutter Mane|slp\n|move|p2a: Palafin|Wave Crash|p1a: Flutter Mane\n|-damage|p1a: Flutter Mane|0 fnt\n|faint|p1a: Flutter Mane\n|-end|p1a: Flutter Mane|Protosynthesis|[silent]\n|-damage|p2a: Palafin|79\/100|[from] Recoil\n|\n|upkeep\n|\n|t:|1681874456\n|switch|p1a: Corviknight|Corviknight, L50, F|100\/100\n|-ability|p1a: Corviknight|Unnerve\n|turn|4\n|\n|t:|1681874471\n|switch|p2a: Arcanine|Arcanine, L50, M, shiny|100\/100\n|-ability|p2a: Arcanine|Intimidate|boost\n|-unboost|p1a: Corviknight|atk|1\n|-unboost|p1b: Gyarados|atk|1\n|-terastallize|p2b: Iron Hands|Fire\n|cant|p1b: Gyarados|slp\n|move|p1a: Corviknight|Brave Bird|p2b: Iron Hands\n|-damage|p2b: Iron Hands|77\/100\n|-damage|p1a: Corviknight|90\/100|[from] Recoil\n|move|p2b: Iron Hands|Wild Charge|p1b: Gyarados\n|-supereffective|p1b: Gyarados\n|-damage|p1b: Gyarados|0 fnt\n|faint|p1b: Gyarados\n|-damage|p2b: Iron Hands|57\/100|[from] Recoil\n|\n|-heal|p1a: Corviknight|96\/100|[from] item: Leftovers\n|upkeep\n|\n|t:|1681874479\n|switch|p1b: Ceruledge|Ceruledge, L50, M|100\/100\n|turn|5\n|-message|Shelly_Kuhn04 forfeited.\n|\n|win|Tony Animals\n|raw|Shelly_Kuhn04's rating: 1178 → 1156<\/strong> (-22 for losing)\n|raw|Tony Animals's rating: 1221 → 1243<\/strong> (+22 for winning)\n|l|\u2606Shelly_Kuhn04\n|c| GalahadFGC|GGs\n","uploadtime":1681874507,"views":17,"p1id":"shellykuhn04","p2id":"tonyanimals","formatid":"gen9vgc2023regulationc","rating":1156,"private":0,"password":""}