{"id":"gen9vgc2023regulationc-1858464485","p1":"ratikate","p2":"WillieDangerously","format":"[Gen 9] VGC 2023 Regulation C","log":"|j|\u2606ratikate\n|j|\u2606WillieDangerously\n|t:|1683314849\n|gametype|doubles\n|player|p1|ratikate|hilbert-wonderlauncher|1218\n|player|p2|WillieDangerously|psychic-gen4|1180\n|teamsize|p1|6\n|teamsize|p2|6\n|gen|9\n|tier|[Gen 9] VGC 2023 Regulation C\n|rated|\n|rule|Species Clause: Limit one of each Pok\u00e9mon\n|rule|Item Clause: Limit one of each item\n|clearpoke\n|poke|p1|Annihilape, L50, M|\n|poke|p1|Arcanine, L50, F|\n|poke|p1|Palafin, L50, M|\n|poke|p1|Iron Valiant, L50|\n|poke|p1|Farigiraf, L50, F|\n|poke|p1|Great Tusk, L50|\n|poke|p2|Iron Treads, L50|\n|poke|p2|Jumpluff, L50, M|\n|poke|p2|Flutter Mane, L50|\n|poke|p2|Roaring Moon, L50|\n|poke|p2|Rotom-Wash, L50|\n|poke|p2|Torkoal, L50, M|\n|teampreview|4\n|\n|t:|1683314885\n|start\n|switch|p1a: Great Tusk|Great Tusk, L50|100\/100\n|switch|p1b: Arcanine|Arcanine, L50, F, shiny|100\/100\n|switch|p2a: Flutter Mane|Flutter Mane, L50|100\/100\n|switch|p2b: Jumpluff|Jumpluff, L50, M|100\/100\n|-ability|p1b: Arcanine|Intimidate|boost\n|-unboost|p2a: Flutter Mane|atk|1\n|-unboost|p2b: Jumpluff|atk|1\n|turn|1\n|\n|t:|1683314919\n|move|p1a: Great Tusk|Stealth Rock|p2a: Flutter Mane\n|-sidestart|p2: WillieDangerously|move: Stealth Rock\n|move|p2a: Flutter Mane|Moonblast|p1a: Great Tusk\n|-supereffective|p1a: Great Tusk\n|-damage|p1a: Great Tusk|0 fnt\n|faint|p1a: Great Tusk\n|-end|p1a: Great Tusk|Protosynthesis|[silent]\n|-damage|p2a: Flutter Mane|91\/100|[from] item: Life Orb\n|move|p2b: Jumpluff|Tailwind|p2b: Jumpluff\n|-sidestart|p2: WillieDangerously|move: Tailwind\n|move|p1b: Arcanine|Flare Blitz|p2b: Jumpluff\n|-supereffective|p2b: Jumpluff\n|-enditem|p2b: Jumpluff|Focus Sash\n|-damage|p2b: Jumpluff|1\/100\n|-damage|p1b: Arcanine|68\/100|[from] Recoil\n|\n|upkeep\n|\n|t:|1683314934\n|switch|p1a: Farigiraf|Farigiraf, L50, F|100\/100\n|turn|2\n|\n|t:|1683314960\n|move|p2a: Flutter Mane|Moonblast|p1a: Farigiraf\n|-damage|p1a: Farigiraf|40\/100\n|-unboost|p1a: Farigiraf|spa|1\n|-damage|p2a: Flutter Mane|82\/100|[from] item: Life Orb\n|move|p2b: Jumpluff|Leaf Storm|p1a: Farigiraf|[miss]\n|-miss|p2b: Jumpluff|p1a: Farigiraf\n|move|p1b: Arcanine|Flare Blitz|p2a: Flutter Mane\n|-damage|p2a: Flutter Mane|0 fnt\n|faint|p2a: Flutter Mane\n|-end|p2a: Flutter Mane|Protosynthesis|[silent]\n|-damage|p1b: Arcanine|49\/100|[from] Recoil\n|move|p1a: Farigiraf|Trick Room|p1a: Farigiraf\n|-fieldstart|move: Trick Room|[of] p1a: Farigiraf\n|\n|upkeep\n|\n|t:|1683314981\n|switch|p2a: Rotom|Rotom-Wash, L50|100\/100\n|-damage|p2a: Rotom|88\/100|[from] Stealth Rock\n|turn|3\n|\n|t:|1683314998\n|switch|p1b: Annihilape|Annihilape, L50, M|100\/100\n|move|p1a: Farigiraf|Hyper Voice|p2b: Jumpluff|[spread] p2a,p2b\n|-damage|p2a: Rotom|71\/100\n|-damage|p2b: Jumpluff|0 fnt\n|faint|p2b: Jumpluff\n|move|p2a: Rotom|Nasty Plot|p2a: Rotom\n|-boost|p2a: Rotom|spa|2\n|\n|upkeep\n|\n|t:|1683315008\n|switch|p2b: Roaring Moon|Roaring Moon, L50|100\/100\n|-damage|p2b: Roaring Moon|88\/100|[from] Stealth Rock\n|turn|4\n|\n|t:|1683315036\n|move|p2b: Roaring Moon|Protect|p2b: Roaring Moon\n|-singleturn|p2b: Roaring Moon|Protect\n|move|p1a: Farigiraf|Light Screen|p1a: Farigiraf\n|-sidestart|p1: ratikate|move: Light Screen\n|move|p1b: Annihilape|Bulk Up|p1b: Annihilape\n|-boost|p1b: Annihilape|atk|1\n|-boost|p1b: Annihilape|def|1\n|move|p2a: Rotom|Thunderbolt|p1b: Annihilape\n|-damage|p1b: Annihilape|56\/100\n|\n|-heal|p1b: Annihilape|62\/100|[from] item: Leftovers\n|-sideend|p2: WillieDangerously|move: Tailwind\n|upkeep\n|turn|5\n|\n|t:|1683315065\n|-terastallize|p2a: Rotom|Electric\n|move|p1a: Farigiraf|Hyper Voice|p2a: Rotom|[spread] p2a,p2b\n|-damage|p2a: Rotom|53\/100\n|-damage|p2b: Roaring Moon|71\/100\n|move|p1b: Annihilape|Drain Punch|p2b: Roaring Moon\n|-supereffective|p2b: Roaring Moon\n|-damage|p2b: Roaring Moon|0 fnt\n|-heal|p1b: Annihilape|92\/100|[from] drain|[of] p2b: Roaring Moon\n|faint|p2b: Roaring Moon\n|-end|p2b: Roaring Moon|Protosynthesis|[silent]\n|move|p2a: Rotom|Thunderbolt|p1b: Annihilape\n|-damage|p1b: Annihilape|38\/100\n|\n|-heal|p1b: Annihilape|44\/100|[from] item: Leftovers\n|upkeep\n|turn|6\n|-message|WillieDangerously forfeited.\n|\n|win|ratikate\n|raw|ratikate's rating: 1218 → 1240<\/strong> (+22 for winning)\n|raw|WillieDangerously's rating: 1180 → 1158<\/strong> (-22 for losing)\n|l|\u2606WillieDangerously\n","uploadtime":1683315087,"views":12,"p1id":"ratikate","p2id":"williedangerously","formatid":"gen9vgc2023regulationc","rating":1158,"private":0,"password":""}