{"id":"gen9vgc2023regulationc-1847291544","p1":"Jonge","p2":"Igortal","format":"[Gen 9] VGC 2023 Regulation C","log":"|j|\u2606Jonge\n|j|\u2606Igortal\n|t:|1681935298\n|gametype|doubles\n|player|p1|Jonge|102|1367\n|player|p2|Igortal|bruno|1410\n|teamsize|p1|6\n|teamsize|p2|6\n|gen|9\n|tier|[Gen 9] VGC 2023 Regulation C\n|rated|\n|rule|Species Clause: Limit one of each Pok\u00e9mon\n|rule|Item Clause: Limit one of each item\n|clearpoke\n|poke|p1|Klefki, L50, F|\n|poke|p1|Kingambit, L50, F|\n|poke|p1|Chi-Yu, L50|\n|poke|p1|Iron Hands, L50|\n|poke|p1|Gyarados, L50, F|\n|poke|p1|Iron Jugulis, L50|\n|poke|p2|Palafin, L50, F|\n|poke|p2|Chien-Pao, L50|\n|poke|p2|Dragapult, L50, M|\n|poke|p2|Amoonguss, L50, M|\n|poke|p2|Arcanine, L50, M|\n|poke|p2|Flutter Mane, L50|\n|teampreview|4\n|inactive|Battle timer is ON: inactive players will automatically lose when time's up. (requested by Igortal)\n|\n|t:|1681935351\n|start\n|switch|p1a: Klefki|Klefki, L50, F|100\/100\n|switch|p1b: Kingambit|Kingambit, L50, F|100\/100\n|switch|p2a: ChiYu|Arcanine, L50, M|100\/100\n|switch|p2b: Dnite|Dragapult, L50, M|100\/100\n|-ability|p2a: ChiYu|Intimidate|boost\n|-unboost|p1a: Klefki|atk|1\n|-unboost|p1b: Kingambit|atk|1\n|-ability|p1b: Kingambit|Defiant|boost\n|-boost|p1b: Kingambit|atk|2\n|turn|1\n|inactive|Jonge has 30 seconds left.\n|inactive|Igortal has 30 seconds left.\n|inactive|Jonge has 20 seconds left.\n|\n|t:|1681935388\n|switch|p2b: WoChien|Amoonguss, L50, M|100\/100\n|move|p1a: Klefki|Thunder Wave|p2a: ChiYu\n|-status|p2a: ChiYu|par\n|move|p1b: Kingambit|Sucker Punch||[still]\n|-fail|p1b: Kingambit\n|move|p2a: ChiYu|Will-O-Wisp|p1b: Kingambit\n|-status|p1b: Kingambit|brn\n|\n|-damage|p1b: Kingambit|95\/100 brn|[from] brn\n|upkeep\n|turn|2\n|inactive|Jonge has 30 seconds left.\n|\n|t:|1681935417\n|move|p2b: WoChien|Protect|p2b: WoChien\n|-singleturn|p2b: WoChien|Protect\n|move|p1a: Klefki|Reflect|p1a: Klefki\n|-sidestart|p1: Jonge|Reflect\n|move|p2a: ChiYu|Flare Blitz|p1a: Klefki\n|-supereffective|p1a: Klefki\n|-damage|p1a: Klefki|47\/100\n|-damage|p2a: ChiYu|86\/100 par|[from] Recoil\n|move|p1b: Kingambit|Kowtow Cleave|p2b: WoChien\n|-activate|p2b: WoChien|move: Protect\n|\n|-damage|p1b: Kingambit|89\/100 brn|[from] brn\n|upkeep\n|turn|3\n|\n|t:|1681935441\n|move|p1a: Klefki|Thunder Wave|p2b: WoChien\n|-status|p2b: WoChien|par\n|cant|p2a: ChiYu|par\n|move|p1b: Kingambit|Kowtow Cleave|p2b: WoChien\n|-damage|p2b: WoChien|69\/100 par\n|move|p2b: WoChien|Spore|p1a: Klefki\n|-status|p1a: Klefki|slp|[from] move: Spore\n|\n|-damage|p1b: Kingambit|83\/100 brn|[from] brn\n|upkeep\n|turn|4\n|\n|t:|1681935455\n|switch|p1a: Gyarados|Gyarados, L50, F|100\/100\n|-ability|p1a: Gyarados|Intimidate|boost\n|-unboost|p2a: ChiYu|atk|1\n|-unboost|p2b: WoChien|atk|1\n|-terastallize|p1b: Kingambit|Flying\n|move|p2a: ChiYu|Flare Blitz|p1a: Gyarados\n|-resisted|p1a: Gyarados\n|-damage|p1a: Gyarados|89\/100\n|-damage|p2a: ChiYu|82\/100 par|[from] Recoil\n|move|p1b: Kingambit|Tera Blast|p2b: WoChien\n|-supereffective|p2b: WoChien\n|-damage|p2b: WoChien|10\/100 par\n|-enditem|p2b: WoChien|Sitrus Berry|[eat]\n|-heal|p2b: WoChien|35\/100 par|[from] item: Sitrus Berry\n|move|p2b: WoChien|Pollen Puff|p2a: ChiYu\n|-heal|p2a: ChiYu|100\/100 par\n|\n|-damage|p1b: Kingambit|77\/100 brn|[from] brn\n|upkeep\n|turn|5\n|inactive|Igortal has 30 seconds left.\n|\n|t:|1681935490\n|switch|p2a: Bundle|Chien-Pao, L50|100\/100\n|-ability|p2a: Bundle|Sword of Ruin\n|switch|p2b: Dnite|Dragapult, L50, M|100\/100\n|move|p1a: Gyarados|Waterfall|p2a: Bundle\n|-damage|p2a: Bundle|52\/100\n|move|p1b: Kingambit|Tera Blast|p2b: Dnite\n|-crit|p2b: Dnite\n|-damage|p2b: Dnite|6\/100\n|\n|-damage|p1b: Kingambit|72\/100 brn|[from] brn\n|upkeep\n|turn|6\n|\n|t:|1681935514\n|switch|p2b: WoChien|Amoonguss, L50, M|69\/100 par\n|move|p1b: Kingambit|Sucker Punch||[still]\n|-fail|p1b: Kingambit\n|move|p2a: Bundle|Ice Spinner|p1b: Kingambit\n|-supereffective|p1b: Kingambit\n|-damage|p1b: Kingambit|19\/100 brn\n|move|p1a: Gyarados|Thunder Wave|p2a: Bundle\n|-status|p2a: Bundle|par\n|\n|-damage|p1b: Kingambit|13\/100 brn|[from] brn\n|-sideend|p1: Jonge|Reflect\n|upkeep\n|turn|7\n|\n|t:|1681935537\n|switch|p1b: Klefki|Klefki, L50, F|47\/100 slp\n|move|p2a: Bundle|Protect|p2a: Bundle\n|-singleturn|p2a: Bundle|Protect\n|move|p1a: Gyarados|Waterfall|p2a: Bundle\n|-activate|p2a: Bundle|move: Protect\n|cant|p2b: WoChien|par\n|\n|upkeep\n|turn|8\n|inactive|Igortal has 30 seconds left.\n|\n|t:|1681935563\n|switch|p2a: ChiYu|Arcanine, L50, M|100\/100 par\n|-ability|p2a: ChiYu|Intimidate|boost\n|-unboost|p1a: Gyarados|atk|1\n|-unboost|p1b: Klefki|atk|1\n|cant|p1b: Klefki|slp\n|move|p1a: Gyarados|Waterfall|p2a: ChiYu\n|-supereffective|p2a: ChiYu\n|-crit|p2a: ChiYu\n|-damage|p2a: ChiYu|0 fnt\n|faint|p2a: ChiYu\n|move|p2b: WoChien|Spore|p1a: Gyarados\n|-status|p1a: Gyarados|slp|[from] move: Spore\n|\n|upkeep\n|\n|t:|1681935584\n|switch|p2a: Bundle|Chien-Pao, L50|52\/100 par\n|-ability|p2a: Bundle|Sword of Ruin\n|turn|9\n|\n|t:|1681935597\n|cant|p1b: Klefki|slp\n|cant|p2a: Bundle|par\n|cant|p1a: Gyarados|slp\n|move|p2b: WoChien|Pollen Puff|p2a: Bundle\n|-heal|p2a: Bundle|100\/100 par\n|\n|upkeep\n|turn|10\n|\n|t:|1681935614\n|move|p2a: Bundle|Sacred Sword|p1b: Klefki\n|-damage|p1b: Klefki|13\/100 slp\n|-curestatus|p1a: Gyarados|slp|[msg]\n|move|p1a: Gyarados|Waterfall|p2a: Bundle\n|-damage|p2a: Bundle|69\/100 par\n|cant|p1b: Klefki|slp\n|move|p2b: WoChien|Spore|p1b: Klefki\n|-fail|p1b: Klefki|slp\n|\n|upkeep\n|turn|11\n|\n|t:|1681935630\n|move|p2a: Bundle|Sacred Sword|p1b: Klefki\n|-damage|p1b: Klefki|0 fnt\n|faint|p1b: Klefki\n|move|p1a: Gyarados|Taunt|p2b: WoChien\n|-start|p2b: WoChien|move: Taunt\n|cant|p2b: WoChien|move: Taunt|Spore\n|\n|upkeep\n|\n|t:|1681935636\n|switch|p1b: Chi-Yu|Chi-Yu, L50|100\/100\n|-ability|p1b: Chi-Yu|Beads of Ruin\n|turn|12\n|\n|t:|1681935654\n|switch|p1a: Kingambit|Kingambit, L50, F, tera:Flying|13\/100 brn\n|-terastallize|p2b: WoChien|Water\n|cant|p2a: Bundle|par\n|move|p1b: Chi-Yu|Hex|p2a: Bundle\n|-resisted|p2a: Bundle\n|-damage|p2a: Bundle|24\/100 par\n|move|p2b: WoChien|Pollen Puff|p1b: Chi-Yu\n|-crit|p1b: Chi-Yu\n|-damage|p1b: Chi-Yu|69\/100\n|\n|-damage|p1a: Kingambit|7\/100 brn|[from] brn\n|upkeep\n|turn|13\n|\n|t:|1681935674\n|cant|p2a: Bundle|par\n|move|p1a: Kingambit|Sucker Punch||[still]\n|-fail|p1a: Kingambit\n|move|p1b: Chi-Yu|Hex|p2b: WoChien\n|-damage|p2b: WoChien|23\/100 par\n|move|p2b: WoChien|Pollen Puff|p1b: Chi-Yu\n|-damage|p1b: Chi-Yu|48\/100\n|\n|-damage|p1a: Kingambit|1\/100 brn|[from] brn\n|-end|p2b: WoChien|move: Taunt\n|upkeep\n|turn|14\n|inactive|Igortal has 30 seconds left.\n|inactive|Igortal has 20 seconds left.\n|inactive|Igortal has 15 seconds left.\n|inactive|Igortal has 10 seconds left.\n|\n|t:|1681935721\n|move|p2b: WoChien|Protect|p2b: WoChien\n|-singleturn|p2b: WoChien|Protect\n|move|p2a: Bundle|Sucker Punch|p1b: Chi-Yu\n|-resisted|p1b: Chi-Yu\n|-damage|p1b: Chi-Yu|9\/100\n|move|p1a: Kingambit|Sucker Punch||[still]\n|-fail|p1a: Kingambit\n|move|p1b: Chi-Yu|Hex|p2b: WoChien\n|-activate|p2b: WoChien|move: Protect\n|\n|-damage|p1a: Kingambit|0 fnt|[from] brn\n|faint|p1a: Kingambit\n|upkeep\n|\n|t:|1681935728\n|switch|p1a: Gyarados|Gyarados, L50, F|89\/100\n|-ability|p1a: Gyarados|Intimidate|boost\n|-unboost|p2a: Bundle|atk|1\n|-unboost|p2b: WoChien|atk|1\n|turn|15\n|\n|t:|1681935744\n|move|p2a: Bundle|Sucker Punch|p1b: Chi-Yu\n|-resisted|p1b: Chi-Yu\n|-damage|p1b: Chi-Yu|0 fnt\n|faint|p1b: Chi-Yu\n|move|p1a: Gyarados|Waterfall|p2a: Bundle\n|-damage|p2a: Bundle|0 fnt\n|faint|p2a: Bundle\n|move|p2b: WoChien|Spore|p1a: Gyarados\n|-status|p1a: Gyarados|slp|[from] move: Spore\n|\n|upkeep\n|\n|t:|1681935750\n|switch|p2a: Dnite|Dragapult, L50, M|6\/100\n|turn|16\n|\n|t:|1681935757\n|move|p2a: Dnite|Dragon Darts|p1a: Gyarados\n|-damage|p1a: Gyarados|52\/100 slp\n|-anim|p2a: Dnite|Dragon Darts|p1a: Gyarados\n|-damage|p1a: Gyarados|12\/100 slp\n|-enditem|p1a: Gyarados|Sitrus Berry|[eat]\n|-heal|p1a: Gyarados|37\/100 slp|[from] item: Sitrus Berry\n|cant|p1a: Gyarados|slp\n|move|p2b: WoChien|Pollen Puff|p2a: Dnite\n|-heal|p2a: Dnite|56\/100\n|\n|upkeep\n|turn|17\n|-message|Jonge forfeited.\n|\n|win|Igortal\n|raw|Jonge's rating: 1367 → 1349<\/strong> (-18 for losing)\n|raw|Igortal's rating: 1410 → 1428<\/strong> (+18 for winning)\n|l|\u2606Jonge\n|c|\u2606Igortal|Nem rng salvou\n|c|\u2606Igortal|GG\n","uploadtime":1681935798,"views":16,"p1id":"jonge","p2id":"igortal","formatid":"gen9vgc2023regulationc","rating":1349,"private":0,"password":""}