{"id":"gen9vgc2023regulationc-1850333816","p1":"BrodaxVGC","p2":"sspark","format":"[Gen 9] VGC 2023 Regulation C","log":"|j|\u2606BrodaxVGC\n|j|\u2606sspark\n|t:|1682319958\n|gametype|doubles\n|player|p1|BrodaxVGC|1|1267\n|player|p2|sspark|102|1307\n|teamsize|p1|6\n|teamsize|p2|6\n|gen|9\n|tier|[Gen 9] VGC 2023 Regulation C\n|rated|\n|rule|Species Clause: Limit one of each Pok\u00e9mon\n|rule|Item Clause: Limit one of each item\n|clearpoke\n|poke|p1|Chi-Yu, L50|\n|poke|p1|Flutter Mane, L50|\n|poke|p1|Iron Bundle, L50|\n|poke|p1|Amoonguss, L50, F|\n|poke|p1|Great Tusk, L50|\n|poke|p1|Talonflame, L50, M|\n|poke|p2|Iron Bundle, L50|\n|poke|p2|Flutter Mane, L50|\n|poke|p2|Ceruledge, L50, F|\n|poke|p2|Amoonguss, L50, M|\n|poke|p2|Dragonite, L50, F|\n|poke|p2|Chien-Pao, L50|\n|teampreview|4\n|inactive|Battle timer is ON: inactive players will automatically lose when time's up. (requested by BrodaxVGC)\n|inactive|sspark has 60 seconds left.\n|\n|t:|1682320011\n|start\n|switch|p1a: Amoonguss|Amoonguss, L50, F, shiny|100\/100\n|switch|p1b: Flutter Mane|Flutter Mane, L50|100\/100\n|switch|p2a: Flutter Mane|Flutter Mane, L50|100\/100\n|switch|p2b: Amoonguss|Amoonguss, L50, M|100\/100\n|-enditem|p2a: Flutter Mane|Booster Energy\n|-activate|p2a: Flutter Mane|ability: Protosynthesis|[fromitem]\n|-start|p2a: Flutter Mane|protosynthesisspa\n|turn|1\n|inactive|BrodaxVGC has 30 seconds left.\n|inactive|sspark has 30 seconds left.\n|inactive|sspark has 20 seconds left.\n|\n|t:|1682320050\n|move|p2a: Flutter Mane|Protect|p2a: Flutter Mane\n|-singleturn|p2a: Flutter Mane|Protect\n|move|p1b: Flutter Mane|Sunny Day|p1b: Flutter Mane\n|-weather|SunnyDay\n|-activate|p1b: Flutter Mane|ability: Protosynthesis\n|-start|p1b: Flutter Mane|protosynthesisspa\n|move|p1a: Amoonguss|Spore|p2a: Flutter Mane\n|-activate|p2a: Flutter Mane|move: Protect\n|move|p2b: Amoonguss|Spore|p1b: Flutter Mane\n|-status|p1b: Flutter Mane|slp|[from] move: Spore\n|\n|-weather|SunnyDay|[upkeep]\n|upkeep\n|turn|2\n|inactive|sspark has 30 seconds left.\n|\n|t:|1682320076\n|-end|p1b: Flutter Mane|Protosynthesis|[silent]\n|switch|p1b: Chi-Yu|Chi-Yu, L50|100\/100\n|-ability|p1b: Chi-Yu|Beads of Ruin\n|move|p2a: Flutter Mane|Shadow Ball|p1b: Chi-Yu\n|-resisted|p1b: Chi-Yu\n|-damage|p1b: Chi-Yu|72\/100\n|-unboost|p1b: Chi-Yu|spd|1\n|move|p1a: Amoonguss|Spore|p2a: Flutter Mane\n|-status|p2a: Flutter Mane|slp|[from] move: Spore\n|move|p2b: Amoonguss|Clear Smog|p1b: Chi-Yu\n|-damage|p1b: Chi-Yu|51\/100\n|-clearboost|p1b: Chi-Yu\n|\n|-weather|SunnyDay|[upkeep]\n|upkeep\n|turn|3\n|inactive|BrodaxVGC has 30 seconds left.\n|\n|t:|1682320105\n|-terastallize|p1b: Chi-Yu|Grass\n|-terastallize|p2b: Amoonguss|Water\n|cant|p2a: Flutter Mane|slp\n|move|p1b: Chi-Yu|Heat Wave|p2a: Flutter Mane|[spread] p2a,p2b\n|-resisted|p2b: Amoonguss\n|-damage|p2a: Flutter Mane|1\/100 slp\n|-damage|p2b: Amoonguss|58\/100\n|-damage|p1b: Chi-Yu|41\/100|[from] item: Life Orb\n|move|p1a: Amoonguss|Pollen Puff|p1b: Chi-Yu\n|-heal|p1b: Chi-Yu|91\/100\n|move|p2b: Amoonguss|Spore|p1b: Chi-Yu\n|-immune|p1b: Chi-Yu\n|\n|-weather|SunnyDay|[upkeep]\n|upkeep\n|turn|4\n|inactive|BrodaxVGC has 30 seconds left.\n|inactive|BrodaxVGC has 20 seconds left.\n|\n|t:|1682320142\n|cant|p2a: Flutter Mane|slp\n|move|p1b: Chi-Yu|Dark Pulse|p2b: Amoonguss\n|-damage|p2b: Amoonguss|0 fnt\n|faint|p2b: Amoonguss\n|-damage|p1b: Chi-Yu|81\/100|[from] item: Life Orb\n|move|p1a: Amoonguss|Pollen Puff|p2a: Flutter Mane\n|-resisted|p2a: Flutter Mane\n|-damage|p2a: Flutter Mane|0 fnt\n|faint|p2a: Flutter Mane\n|-end|p2a: Flutter Mane|Protosynthesis|[silent]\n|\n|-weather|SunnyDay|[upkeep]\n|upkeep\n|\n|t:|1682320150\n|switch|p2a: Chien-Pao|Chien-Pao, L50|100\/100\n|switch|p2b: Dragonite|Dragonite, L50, F|100\/100\n|-ability|p2a: Chien-Pao|Sword of Ruin\n|turn|5\n|inactive|BrodaxVGC has 30 seconds left.\n|inactive|sspark has 30 seconds left.\n|\n|t:|1682320185\n|move|p2b: Dragonite|Extreme Speed|p1a: Amoonguss\n|-damage|p1a: Amoonguss|67\/100\n|move|p1a: Amoonguss|Rage Powder|p1a: Amoonguss\n|-singleturn|p1a: Amoonguss|move: Rage Powder\n|move|p2a: Chien-Pao|Ice Spinner|p1a: Amoonguss\n|-supereffective|p1a: Amoonguss\n|-damage|p1a: Amoonguss|0 fnt\n|faint|p1a: Amoonguss\n|move|p1b: Chi-Yu|Heat Wave|p2a: Chien-Pao|[spread] p2a,p2b\n|-supereffective|p2a: Chien-Pao\n|-resisted|p2b: Dragonite\n|-enditem|p2a: Chien-Pao|Focus Sash\n|-damage|p2a: Chien-Pao|1\/100\n|-damage|p2b: Dragonite|78\/100\n|-damage|p1b: Chi-Yu|71\/100|[from] item: Life Orb\n|\n|-weather|none\n|upkeep\n|inactive|BrodaxVGC has 30 seconds left.\n|\n|t:|1682320210\n|switch|p1a: Great Tusk|Great Tusk, L50, shiny|100\/100\n|turn|6\n|\n|t:|1682320223\n|move|p2a: Chien-Pao|Protect|p2a: Chien-Pao\n|-singleturn|p2a: Chien-Pao|Protect\n|move|p2b: Dragonite|Protect|p2b: Dragonite\n|-singleturn|p2b: Dragonite|Protect\n|move|p1b: Chi-Yu|Heat Wave|p2a: Chien-Pao|[spread] \n|-activate|p2a: Chien-Pao|move: Protect\n|-activate|p2b: Dragonite|move: Protect\n|move|p1a: Great Tusk|Iron Head|p2a: Chien-Pao\n|-activate|p2a: Chien-Pao|move: Protect\n|\n|upkeep\n|turn|7\n|\n|t:|1682320238\n|move|p2b: Dragonite|Extreme Speed|p1b: Chi-Yu\n|-damage|p1b: Chi-Yu|20\/100\n|move|p2a: Chien-Pao|Ice Spinner|p1a: Great Tusk\n|-supereffective|p1a: Great Tusk\n|-damage|p1a: Great Tusk|36\/100\n|move|p1b: Chi-Yu|Heat Wave|p2b: Dragonite|[spread] p2b\n|-miss|p1b: Chi-Yu|p2a: Chien-Pao\n|-resisted|p2b: Dragonite\n|-damage|p2b: Dragonite|46\/100\n|-damage|p1b: Chi-Yu|10\/100|[from] item: Life Orb\n|move|p1a: Great Tusk|Iron Head|p2a: Chien-Pao\n|-supereffective|p2a: Chien-Pao\n|-damage|p2a: Chien-Pao|0 fnt\n|faint|p2a: Chien-Pao\n|\n|upkeep\n|turn|8\n|inactive|sspark has 30 seconds left.\n|\n|t:|1682320266\n|move|p1b: Chi-Yu|Protect|p1b: Chi-Yu\n|-singleturn|p1b: Chi-Yu|Protect\n|move|p1a: Great Tusk|Close Combat|p2b: Dragonite\n|-resisted|p2b: Dragonite\n|-damage|p2b: Dragonite|17\/100\n|-unboost|p1a: Great Tusk|def|1\n|-unboost|p1a: Great Tusk|spd|1\n|move|p2b: Dragonite|Dragon Claw|p1a: Great Tusk\n|-crit|p1a: Great Tusk\n|-damage|p1a: Great Tusk|0 fnt\n|faint|p1a: Great Tusk\n|-end|p1a: Great Tusk|Protosynthesis|[silent]\n|\n|upkeep\n|\n|t:|1682320277\n|switch|p1a: Flutter Mane|Flutter Mane, L50|100\/100 slp\n|turn|9\n|\n|t:|1682320284\n|move|p2b: Dragonite|Extreme Speed|p1b: Chi-Yu\n|-damage|p1b: Chi-Yu|0 fnt\n|faint|p1b: Chi-Yu\n|cant|p1a: Flutter Mane|slp\n|\n|upkeep\n|turn|10\n|\n|t:|1682320288\n|cant|p1a: Flutter Mane|slp\n|move|p2b: Dragonite|Iron Head|p1a: Flutter Mane\n|-supereffective|p1a: Flutter Mane\n|-enditem|p1a: Flutter Mane|Focus Sash\n|-damage|p1a: Flutter Mane|1\/100 slp\n|\n|upkeep\n|turn|11\n|\n|t:|1682320296\n|cant|p1a: Flutter Mane|slp\n|move|p2b: Dragonite|Iron Head|p1a: Flutter Mane\n|-supereffective|p1a: Flutter Mane\n|-damage|p1a: Flutter Mane|0 fnt\n|faint|p1a: Flutter Mane\n|-end|p1a: Flutter Mane|Protosynthesis|[silent]\n|\n|win|sspark\n|raw|BrodaxVGC's rating: 1267 → 1243<\/strong> (-24 for losing)\n|raw|sspark's rating: 1284 → 1308<\/strong> (+24 for winning)\n|l|\u2606BrodaxVGC\n","uploadtime":1682320307,"views":29,"p1id":"brodaxvgc","p2id":"sspark","formatid":"gen9vgc2023regulationc","rating":1243,"private":0,"password":""}