{"id":"gen9vgc2023regulationc-1855747913","p1":"sotero23","p2":"Aikalytics","format":"[Gen 9] VGC 2023 Regulation C","log":"|j|\u2606sotero23\n|j|\u2606Aikalytics\n|t:|1682979553\n|gametype|doubles\n|player|p1|sotero23|veteran|\n|player|p2|Aikalytics|roxie|\n|teamsize|p1|6\n|teamsize|p2|6\n|gen|9\n|tier|[Gen 9] VGC 2023 Regulation C\n|rule|Species Clause: Limit one of each Pok\u00e9mon\n|rule|Item Clause: Limit one of each item\n|clearpoke\n|poke|p1|Scizor, L50, M|\n|poke|p1|Gothitelle, L50, M|\n|poke|p1|Chi-Yu, L50|\n|poke|p1|Dragonite, L50, M|\n|poke|p1|Amoonguss, L50, M|\n|poke|p1|Flutter Mane, L50|\n|poke|p2|Flutter Mane, L50|\n|poke|p2|Ting-Lu, L50|\n|poke|p2|Farigiraf, L50, M|\n|poke|p2|Iron Hands, L50|\n|poke|p2|Iron Bundle, L50|\n|poke|p2|Amoonguss, L50, M|\n|teampreview|4\n|c|\u2606sotero23|g3\n|c|\u2606Aikalytics|Game 3\nAikalytics has agreed to open team sheets.\n|c|\u2606Aikalytics|Open\nsotero23 has agreed to open team sheets.\n|c|\u2606sotero23|sorry\n|inactive|Battle timer is ON: inactive players will automatically lose when time's up. (requested by Aikalytics)\n|inactive|sotero23 has 60 seconds left.\n|\n|t:|1682979635\n|start\n|switch|p1a: Chi-Yu|Chi-Yu, L50|100\/100\n|switch|p1b: Scizor|Scizor, L50, M|100\/100\n|switch|p2a: Honda|Iron Hands, L50|100\/100\n|switch|p2b: Y amigos|Farigiraf, L50, M|100\/100\n|-ability|p1a: Chi-Yu|Beads of Ruin\n|turn|1\n|inactive|Aikalytics has 30 seconds left.\n|inactive|Aikalytics has 20 seconds left.\n|inactive|Aikalytics has 15 seconds left.\n|inactive|Aikalytics has 10 seconds left.\n|inactive|Aikalytics has 5 seconds left.\n|\n|t:|1682979686\n|-terastallize|p1a: Chi-Yu|Ghost\n|-terastallize|p2b: Y amigos|Fairy\n|move|p2a: Honda|Fake Out|p1b: Scizor\n|-resisted|p1b: Scizor\n|-damage|p1b: Scizor|93\/100\n|move|p1a: Chi-Yu|Dark Pulse|p2b: Y amigos\n|-resisted|p2b: Y amigos\n|-damage|p2b: Y amigos|67\/100\n|cant|p1b: Scizor|flinch\n|move|p2b: Y amigos|Trick Room|p2b: Y amigos\n|-fieldstart|move: Trick Room|[of] p2b: Y amigos\n|\n|upkeep\n|turn|2\n|\n|t:|1682979709\n|switch|p1a: Amoonguss|Amoonguss, L50, M|100\/100\n|move|p2b: Y amigos|Psychic|p1b: Scizor\n|-resisted|p1b: Scizor\n|-damage|p1b: Scizor|67\/100\n|move|p2a: Honda|Drain Punch|p1b: Scizor\n|-damage|p1b: Scizor|21\/100\n|move|p1b: Scizor|Swords Dance|p1b: Scizor\n|-boost|p1b: Scizor|atk|2\n|\n|upkeep\n|turn|3\n|inactive|Aikalytics has 30 seconds left.\n|inactive|Aikalytics has 20 seconds left.\n|\n|t:|1682979748\n|move|p1b: Scizor|Protect|p1b: Scizor\n|-singleturn|p1b: Scizor|Protect\n|move|p1a: Amoonguss|Spore|p2a: Honda\n|-status|p2a: Honda|slp|[from] move: Spore\n|move|p2b: Y amigos|Psychic|p1b: Scizor\n|-activate|p1b: Scizor|move: Protect\n|cant|p2a: Honda|slp\n|\n|upkeep\n|turn|4\n|\n|t:|1682979759\n|switch|p1b: Flutter Mane|Flutter Mane, L50|100\/100\n|-enditem|p1b: Flutter Mane|Booster Energy\n|-activate|p1b: Flutter Mane|ability: Protosynthesis|[fromitem]\n|-start|p1b: Flutter Mane|protosynthesisspa\n|move|p1a: Amoonguss|Clear Smog|p2b: Y amigos\n|-supereffective|p2b: Y amigos\n|-damage|p2b: Y amigos|37\/100\n|-clearboost|p2b: Y amigos\n|move|p2b: Y amigos|Psychic|p1b: Flutter Mane\n|-damage|p1b: Flutter Mane|58\/100\n|-unboost|p1b: Flutter Mane|spd|1\n|cant|p2a: Honda|slp\n|\n|upkeep\n|turn|5\n|inactive|Aikalytics has 30 seconds left.\n|\n|t:|1682979787\n|move|p1b: Flutter Mane|Protect|p1b: Flutter Mane\n|-singleturn|p1b: Flutter Mane|Protect\n|move|p1a: Amoonguss|Clear Smog|p2b: Y amigos\n|-supereffective|p2b: Y amigos\n|-damage|p2b: Y amigos|6\/100\n|-clearboost|p2b: Y amigos\n|move|p2b: Y amigos|Psychic|p1b: Flutter Mane\n|-activate|p1b: Flutter Mane|move: Protect\n|cant|p2a: Honda|slp\n|\n|-fieldend|move: Trick Room\n|upkeep\n|turn|6\n|\n|t:|1682979805\n|move|p1a: Amoonguss|Rage Powder|p1a: Amoonguss\n|-singleturn|p1a: Amoonguss|move: Rage Powder\n|move|p1b: Flutter Mane|Dazzling Gleam|p2a: Honda|[spread] p2a,p2b\n|-supereffective|p2a: Honda\n|-damage|p2a: Honda|33\/100 slp\n|-damage|p2b: Y amigos|0 fnt\n|faint|p2b: Y amigos\n|-curestatus|p2a: Honda|slp|[msg]\n|move|p2a: Honda|Thunder Punch|p1a: Amoonguss\n|-resisted|p1a: Amoonguss\n|-damage|p1a: Amoonguss|83\/100\n|\n|upkeep\n|\n|t:|1682979817\n|switch|p2b: Iron Bundle|Iron Bundle, L50|100\/100\n|-enditem|p2b: Iron Bundle|Booster Energy\n|-activate|p2b: Iron Bundle|ability: Quark Drive|[fromitem]\n|-start|p2b: Iron Bundle|quarkdrivespe\n|turn|7\n|inactive|Aikalytics has 30 seconds left.\n|\n|t:|1682979846\n|move|p1a: Amoonguss|Rage Powder|p1a: Amoonguss\n|-singleturn|p1a: Amoonguss|move: Rage Powder\n|move|p2b: Iron Bundle|Icy Wind|p1a: Amoonguss|[spread] p1a,p1b\n|-supereffective|p1a: Amoonguss\n|-damage|p1a: Amoonguss|44\/100\n|-damage|p1b: Flutter Mane|22\/100\n|-unboost|p1a: Amoonguss|spe|1\n|-unboost|p1b: Flutter Mane|spe|1\n|-enditem|p1a: Amoonguss|Sitrus Berry|[eat]\n|-heal|p1a: Amoonguss|69\/100|[from] item: Sitrus Berry\n|move|p1b: Flutter Mane|Dazzling Gleam|p2a: Honda|[spread] p2a,p2b\n|-supereffective|p2a: Honda\n|-damage|p2a: Honda|0 fnt\n|-damage|p2b: Iron Bundle|14\/100\n|faint|p2a: Honda\n|-end|p2a: Honda|Quark Drive|[silent]\n|\n|upkeep\n|\n|t:|1682979858\n|switch|p2a: Rocky|Flutter Mane, L50|100\/100\n|turn|8\n|\n|t:|1682979872\n|move|p1a: Amoonguss|Protect|p1a: Amoonguss\n|-singleturn|p1a: Amoonguss|Protect\n|move|p2b: Iron Bundle|Icy Wind|p1b: Flutter Mane|[spread] p1b\n|-activate|p1a: Amoonguss|move: Protect\n|-damage|p1b: Flutter Mane|0 fnt\n|faint|p1b: Flutter Mane\n|-end|p1b: Flutter Mane|Protosynthesis|[silent]\n|move|p2a: Rocky|Shadow Ball|p1a: Amoonguss\n|-activate|p1a: Amoonguss|move: Protect\n|\n|upkeep\n|\n|t:|1682979880\n|switch|p1b: Chi-Yu|Chi-Yu, L50, tera:Ghost|100\/100\n|-ability|p1b: Chi-Yu|Beads of Ruin\n|turn|9\n|\n|t:|1682979890\n|move|p2a: Rocky|Protect|p2a: Rocky\n|-singleturn|p2a: Rocky|Protect\n|move|p2b: Iron Bundle|Icy Wind|p1b: Chi-Yu|[spread] p1a,p1b\n|-supereffective|p1a: Amoonguss\n|-damage|p1a: Amoonguss|14\/100\n|-damage|p1b: Chi-Yu|73\/100\n|-unboost|p1a: Amoonguss|spe|1\n|-unboost|p1b: Chi-Yu|spe|1\n|move|p1b: Chi-Yu|Heat Wave|p2b: Iron Bundle|[spread] p2b\n|-activate|p2a: Rocky|move: Protect\n|-damage|p2b: Iron Bundle|0 fnt\n|faint|p2b: Iron Bundle\n|-end|p2b: Iron Bundle|Quark Drive|[silent]\n|move|p1a: Amoonguss|Spore|p2a: Rocky\n|-activate|p2a: Rocky|move: Protect\n|\n|upkeep\n|turn|10\n|\n|t:|1682979906\n|switch|p1a: Scizor|Scizor, L50, M|21\/100\n|move|p2a: Rocky|Dazzling Gleam|p1b: Chi-Yu|[spread] p1a,p1b\n|-resisted|p1a: Scizor\n|-damage|p1a: Scizor|0 fnt\n|-damage|p1b: Chi-Yu|30\/100\n|faint|p1a: Scizor\n|move|p1b: Chi-Yu|Heat Wave|p2a: Rocky\n|-damage|p2a: Rocky|17\/100\n|\n|upkeep\n|\n|t:|1682979914\n|switch|p1a: Amoonguss|Amoonguss, L50, M|47\/100\n|turn|11\n|\n|t:|1682979920\n|move|p2a: Rocky|Dazzling Gleam|p1b: Chi-Yu|[spread] p1a,p1b\n|-resisted|p1a: Amoonguss\n|-crit|p1a: Amoonguss\n|-damage|p1a: Amoonguss|16\/100\n|-damage|p1b: Chi-Yu|0 fnt\n|faint|p1b: Chi-Yu\n|move|p1a: Amoonguss|Clear Smog|p2a: Rocky\n|-damage|p2a: Rocky|0 fnt\n|-clearboost|p2a: Rocky\n|faint|p2a: Rocky\n|-end|p2a: Rocky|Protosynthesis|[silent]\n|\n|win|sotero23\n|c|\u2606sotero23|gg\n|c|\u2606Aikalytics|Gg\n","uploadtime":1682979961,"views":20,"p1id":"sotero23","p2id":"aikalytics","formatid":"gen9vgc2023regulationc","rating":0,"private":0,"password":""}