{"id":"gen9vgc2023regulationc-1861351401","p1":"Subparrrrr","p2":"KaitoYuki","format":"[Gen 9] VGC 2023 Regulation C","log":"|j|\u2606Subparrrrr\n|j|\u2606KaitoYuki\n|t:|1683748593\n|gametype|doubles\n|player|p1|Subparrrrr|cress|1059\n|player|p2|KaitoYuki|iris-gen5bw2|1000\n|teamsize|p1|6\n|teamsize|p2|6\n|gen|9\n|tier|[Gen 9] VGC 2023 Regulation C\n|rated|\n|rule|Species Clause: Limit one of each Pok\u00e9mon\n|rule|Item Clause: Limit one of each item\n|clearpoke\n|poke|p1|Gyarados, L50, M|\n|poke|p1|Tyranitar, L50, M|\n|poke|p1|Annihilape, L50, M|\n|poke|p1|Arcanine, L50, F|\n|poke|p1|Gholdengo, L50|\n|poke|p1|Grimmsnarl, L50, M|\n|poke|p2|Meowscarada, L50, F|\n|poke|p2|Annihilape, L50, M|\n|poke|p2|Garchomp, L50, F|\n|poke|p2|Ting-Lu, L50|\n|poke|p2|Flutter Mane, L50|\n|poke|p2|Rotom-Wash, L50|\n|teampreview|4\n|\n|t:|1683748615\n|start\n|switch|p1a: Grimmsnarl|Grimmsnarl, L50, M|100\/100\n|switch|p1b: Tyranitar|Tyranitar, L50, M, shiny|100\/100\n|switch|p2a: Flutter Mane|Flutter Mane, L50|100\/100\n|switch|p2b: Meowscarada|Meowscarada, L50, F|100\/100\n|-weather|Sandstorm|[from] ability: Sand Stream|[of] p1b: Tyranitar\n|-enditem|p2a: Flutter Mane|Booster Energy\n|-activate|p2a: Flutter Mane|ability: Protosynthesis|[fromitem]\n|-start|p2a: Flutter Mane|protosynthesisspe\n|turn|1\n|\n|t:|1683748633\n|move|p1a: Grimmsnarl|Fake Out|p2b: Meowscarada\n|-damage|p2b: Meowscarada|76\/100\n|move|p2a: Flutter Mane|Dazzling Gleam|p1b: Tyranitar|[spread] p1a,p1b\n|-supereffective|p1a: Grimmsnarl\n|-supereffective|p1b: Tyranitar\n|-damage|p1a: Grimmsnarl|35\/100\n|-damage|p1b: Tyranitar|65\/100\n|cant|p2b: Meowscarada|flinch\n|move|p1b: Tyranitar|Crunch|p2a: Flutter Mane\n|-damage|p2a: Flutter Mane|0 fnt\n|faint|p2a: Flutter Mane\n|-end|p2a: Flutter Mane|Protosynthesis|[silent]\n|\n|-weather|Sandstorm|[upkeep]\n|-damage|p2b: Meowscarada|70\/100|[from] Sandstorm\n|-damage|p1a: Grimmsnarl|29\/100|[from] Sandstorm\n|upkeep\n|\n|t:|1683748653\n|switch|p2a: Rotom|Rotom-Wash, L50|100\/100\n|turn|2\n|\n|t:|1683748666\n|switch|p1b: Arcanine|Arcanine, L50, F|100\/100\n|-ability|p1b: Arcanine|Intimidate|boost\n|-unboost|p2a: Rotom|atk|1\n|-unboost|p2b: Meowscarada|atk|1\n|move|p2b: Meowscarada|Flower Trick|p1a: Grimmsnarl\n|-crit|p1a: Grimmsnarl\n|-damage|p1a: Grimmsnarl|0 fnt\n|faint|p1a: Grimmsnarl\n|move|p2a: Rotom|Hydro Pump|p1b: Arcanine\n|-supereffective|p1b: Arcanine\n|-damage|p1b: Arcanine|8\/100\n|\n|-weather|Sandstorm|[upkeep]\n|-damage|p2b: Meowscarada|64\/100|[from] Sandstorm\n|-damage|p1b: Arcanine|2\/100|[from] Sandstorm\n|-damage|p2a: Rotom|95\/100|[from] Sandstorm\n|-heal|p1b: Arcanine|8\/100|[from] item: Leftovers\n|upkeep\n|\n|t:|1683748679\n|switch|p1a: Gyarados|Gyarados, L50, M|100\/100\n|-ability|p1a: Gyarados|Intimidate|boost\n|-unboost|p2a: Rotom|atk|1\n|-unboost|p2b: Meowscarada|atk|1\n|turn|3\n|\n|t:|1683748693\n|move|p1a: Gyarados|Helping Hand|p1b: Arcanine\n|-singleturn|p1b: Arcanine|Helping Hand|[of] p1a: Gyarados\n|move|p2b: Meowscarada|Sucker Punch|p1b: Arcanine\n|-crit|p1b: Arcanine\n|-damage|p1b: Arcanine|0 fnt\n|faint|p1b: Arcanine\n|move|p2a: Rotom|Volt Switch|p1a: Gyarados\n|-supereffective|p1a: Gyarados\n|-damage|p1a: Gyarados|0 fnt\n|faint|p1a: Gyarados\n|\n|t:|1683748705\n|switch|p2a: Ting-Lu|Ting-Lu, L50|100\/100|[from] Volt Switch\n|-ability|p2a: Ting-Lu|Vessel of Ruin\n|\n|-weather|Sandstorm|[upkeep]\n|-damage|p2b: Meowscarada|58\/100|[from] Sandstorm\n|upkeep\n|\n|t:|1683748708\n|switch|p1b: Tyranitar|Tyranitar, L50, M, shiny|65\/100\n|turn|4\n|\n|t:|1683748719\n|-terastallize|p1b: Tyranitar|Flying\n|move|p2b: Meowscarada|Flower Trick|p1b: Tyranitar\n|-resisted|p1b: Tyranitar\n|-crit|p1b: Tyranitar\n|-damage|p1b: Tyranitar|44\/100\n|move|p1b: Tyranitar|Taunt|p2a: Ting-Lu\n|-start|p2a: Ting-Lu|move: Taunt\n|move|p2a: Ting-Lu|Fissure|p1b: Tyranitar\n|-immune|p1b: Tyranitar\n|\n|-weather|Sandstorm|[upkeep]\n|-damage|p2b: Meowscarada|52\/100|[from] Sandstorm\n|-damage|p1b: Tyranitar|39\/100|[from] Sandstorm\n|upkeep\n|turn|5\n|\n|t:|1683748736\n|move|p2b: Meowscarada|Sucker Punch|p1b: Tyranitar\n|-crit|p1b: Tyranitar\n|-damage|p1b: Tyranitar|1\/100\n|move|p1b: Tyranitar|Earthquake|p2a: Ting-Lu|[spread] p2a,p2b\n|-resisted|p2b: Meowscarada\n|-damage|p2a: Ting-Lu|84\/100\n|-damage|p2b: Meowscarada|29\/100\n|move|p2a: Ting-Lu|Stone Edge|p1b: Tyranitar\n|-supereffective|p1b: Tyranitar\n|-damage|p1b: Tyranitar|0 fnt\n|faint|p1b: Tyranitar\n|\n|win|KaitoYuki\n|raw|Subparrrrr's rating: 1059 → 1037<\/strong> (-22 for losing)\n|raw|KaitoYuki's rating: 1000 → 1047<\/strong> (+47 for winning)\n|l|\u2606Subparrrrr\n","uploadtime":1683748756,"views":16,"p1id":"subparrrrr","p2id":"kaitoyuki","formatid":"gen9vgc2023regulationc","rating":1037,"private":0,"password":""}