{"id":"gen9vgc2023regulationc-1857674486","p1":"LesbianLeavanny","p2":"ewrwetryrweywss","format":"[Gen 9] VGC 2023 Regulation C","log":"|j|\u2606LesbianLeavanny\n|j|\u2606ewrwetryrweywss\n|t:|1683220809\n|gametype|doubles\n|player|p1|LesbianLeavanny|penny|1099\n|player|p2|ewrwetryrweywss|2|1000\n|teamsize|p1|6\n|teamsize|p2|6\n|gen|9\n|tier|[Gen 9] VGC 2023 Regulation C\n|rated|\n|rule|Species Clause: Limit one of each Pok\u00e9mon\n|rule|Item Clause: Limit one of each item\n|clearpoke\n|poke|p1|Chi-Yu, L50|\n|poke|p1|Chien-Pao, L50|\n|poke|p1|Masquerain, L50, F|\n|poke|p1|Flutter Mane, L50|\n|poke|p1|Iron Moth, L50|\n|poke|p1|Iron Hands, L50|\n|poke|p2|Corviknight, L50, F|\n|poke|p2|Garchomp, L50, M|\n|poke|p2|Gyarados, L50, M|\n|poke|p2|Tyranitar, L50, M|\n|poke|p2|Flutter Mane, L50|\n|poke|p2|Chi-Yu, L50|\n|teampreview|4\n|inactive|Battle timer is ON: inactive players will automatically lose when time's up. (requested by LesbianLeavanny)\n|c|\u2606LesbianLeavanny|Good luck, have fun.\n|inactive|ewrwetryrweywss has 60 seconds left.\n|\n|t:|1683220842\n|start\n|switch|p1a: Gagh!|Masquerain, L50, F, shiny|100\/100\n|switch|p1b: Larger than Life|Iron Moth, L50|100\/100\n|switch|p2a: Corviknight|Corviknight, L50, F|100\/100\n|switch|p2b: Flutter Mane|Flutter Mane, L50|100\/100\n|-ability|p1a: Gagh!|Intimidate|boost\n|-ability|p2a: Corviknight|Mirror Armor\n|-unboost|p1a: Gagh!|atk|1\n|-unboost|p2b: Flutter Mane|atk|1\n|-enditem|p1b: Larger than Life|Booster Energy\n|-activate|p1b: Larger than Life|ability: Quark Drive|[fromitem]\n|-start|p1b: Larger than Life|quarkdrivespa\n|turn|1\n|inactive|ewrwetryrweywss has 30 seconds left.\n|\n|t:|1683220874\n|move|p1b: Larger than Life|Protect|p1b: Larger than Life\n|-singleturn|p1b: Larger than Life|Protect\n|move|p2b: Flutter Mane|Shadow Ball|p1b: Larger than Life\n|-activate|p1b: Larger than Life|move: Protect\n|move|p1a: Gagh!|Sticky Web|p2a: Corviknight\n|-sidestart|p2: ewrwetryrweywss|move: Sticky Web\n|move|p2a: Corviknight|Iron Defense|p2a: Corviknight\n|-boost|p2a: Corviknight|def|2\n|\n|upkeep\n|turn|2\n|inactive|ewrwetryrweywss has 30 seconds left.\n|\n|t:|1683220904\n|move|p2b: Flutter Mane|Shadow Ball|p1b: Larger than Life\n|-damage|p1b: Larger than Life|39\/100\n|move|p1b: Larger than Life|Heat Wave|p2b: Flutter Mane|[spread] p2a,p2b\n|-supereffective|p2a: Corviknight\n|-damage|p2a: Corviknight|8\/100\n|-damage|p2b: Flutter Mane|40\/100\n|move|p1a: Gagh!|Tailwind|p1a: Gagh!\n|-sidestart|p1: LesbianLeavanny|move: Tailwind\n|move|p2a: Corviknight|Body Press|p1a: Gagh!\n|-resisted|p1a: Gagh!\n|-damage|p1a: Gagh!|82\/100\n|\n|upkeep\n|turn|3\n|\n|t:|1683220920\n|move|p1a: Gagh!|Protect|p1a: Gagh!\n|-singleturn|p1a: Gagh!|Protect\n|move|p2a: Corviknight|Protect|p2a: Corviknight\n|-singleturn|p2a: Corviknight|Protect\n|move|p1b: Larger than Life|Heat Wave|p2a: Corviknight|[spread] p2b\n|-activate|p2a: Corviknight|move: Protect\n|-damage|p2b: Flutter Mane|0 fnt\n|faint|p2b: Flutter Mane\n|-end|p2b: Flutter Mane|Protosynthesis|[silent]\n|\n|upkeep\n|\n|t:|1683220941\n|switch|p2b: Garchomp|Garchomp, L50, M|100\/100\n|-activate|p2b: Garchomp|move: Sticky Web\n|-unboost|p2b: Garchomp|spe|1\n|turn|4\n|\n|t:|1683220951\n|move|p2b: Garchomp|Protect|p2b: Garchomp\n|-singleturn|p2b: Garchomp|Protect\n|move|p1b: Larger than Life|Heat Wave|p2b: Garchomp|[spread] p2a\n|-activate|p2b: Garchomp|move: Protect\n|-supereffective|p2a: Corviknight\n|-damage|p2a: Corviknight|0 fnt\n|faint|p2a: Corviknight\n|move|p1a: Gagh!|Chilling Water|p2b: Garchomp\n|-activate|p2b: Garchomp|move: Protect\n|\n|upkeep\n|\n|t:|1683220957\n|switch|p2a: Tyranitar|Tyranitar, L50, M|100\/100\n|-activate|p2a: Tyranitar|move: Sticky Web\n|-unboost|p2a: Tyranitar|spe|1\n|-weather|Sandstorm|[from] ability: Sand Stream|[of] p2a: Tyranitar\n|turn|5\n|inactive|ewrwetryrweywss has 30 seconds left.\n|inactive|ewrwetryrweywss has 20 seconds left.\n|\n|t:|1683220993\n|-terastallize|p2a: Tyranitar|Flying\n|move|p1a: Gagh!|Protect|p1a: Gagh!\n|-singleturn|p1a: Gagh!|Protect\n|move|p1b: Larger than Life|Energy Ball|p2a: Tyranitar\n|-resisted|p2a: Tyranitar\n|-crit|p2a: Tyranitar\n|-damage|p2a: Tyranitar|84\/100\n|move|p2b: Garchomp|Stomping Tantrum|p1b: Larger than Life\n|-supereffective|p1b: Larger than Life\n|-damage|p1b: Larger than Life|0 fnt\n|faint|p1b: Larger than Life\n|-end|p1b: Larger than Life|Quark Drive|[silent]\n|move|p2a: Tyranitar|Tera Blast|p1a: Gagh!\n|-activate|p1a: Gagh!|move: Protect\n|\n|-weather|Sandstorm|[upkeep]\n|-damage|p1a: Gagh!|76\/100|[from] Sandstorm\n|-damage|p2a: Tyranitar|78\/100|[from] Sandstorm\n|-sideend|p1: LesbianLeavanny|move: Tailwind\n|upkeep\n|\n|t:|1683221013\n|switch|p1b: Spanking|Iron Hands, L50|100\/100\n|turn|6\n|\n|t:|1683221024\n|move|p1a: Gagh!|Tailwind|p1a: Gagh!\n|-sidestart|p1: LesbianLeavanny|move: Tailwind\n|move|p1b: Spanking|Ice Punch|p2b: Garchomp\n|-supereffective|p2b: Garchomp\n|-damage|p2b: Garchomp|0 fnt\n|faint|p2b: Garchomp\n|move|p2a: Tyranitar|Rock Slide|p1b: Spanking|[spread] p1a,p1b\n|-supereffective|p1a: Gagh!\n|-resisted|p1b: Spanking\n|-damage|p1a: Gagh!|0 fnt\n|-damage|p1b: Spanking|90\/100\n|faint|p1a: Gagh!\n|\n|-weather|Sandstorm|[upkeep]\n|-damage|p1b: Spanking|84\/100|[from] Sandstorm\n|-damage|p2a: Tyranitar|72\/100|[from] Sandstorm\n|upkeep\n|\n|t:|1683221031\n|switch|p1a: Two Princes|Chien-Pao, L50|100\/100\n|-ability|p1a: Two Princes|Sword of Ruin\n|turn|7\n|-message|ewrwetryrweywss forfeited.\n|\n|win|LesbianLeavanny\n|raw|LesbianLeavanny's rating: 1099 → 1117<\/strong> (+18 for winning)\n|raw|ewrwetryrweywss's rating: 1000 → 1000<\/strong> (+0 for losing)\n|l|\u2606ewrwetryrweywss\n","uploadtime":1683221069,"views":16,"p1id":"lesbianleavanny","p2id":"ewrwetryrweywss","formatid":"gen9vgc2023regulationc","rating":1000,"private":0,"password":""}