{"id":"gen9vgc2023regulationc-1864133124","p1":"esotilin123456789","p2":"Fliipturn","format":"[Gen 9] VGC 2023 Regulation C","log":"|j|\u2606esotilin123456789\n|j|\u2606Fliipturn\n|t:|1684122393\n|gametype|doubles\n|player|p1|esotilin123456789|hilbert-wonderlauncher|1297\n|player|p2|Fliipturn|lucian|1235\n|teamsize|p1|6\n|teamsize|p2|6\n|gen|9\n|tier|[Gen 9] VGC 2023 Regulation C\n|rated|\n|rule|Species Clause: Limit one of each Pok\u00e9mon\n|rule|Item Clause: Limit one of each item\n|clearpoke\n|poke|p1|Tyranitar, L50, M|\n|poke|p1|Corviknight, L50, M|\n|poke|p1|Flutter Mane, L50|\n|poke|p1|Arcanine, L50, M|\n|poke|p1|Gastrodon, L50, F|\n|poke|p1|Rotom-Mow, L50|\n|poke|p2|Baxcalibur, L50, F|\n|poke|p2|Flutter Mane, L50|\n|poke|p2|Arcanine, L50, F|\n|poke|p2|Palafin, L50, M|\n|poke|p2|Amoonguss, L50, M|\n|poke|p2|Iron Hands, L50|\n|teampreview|4\n|inactive|Battle timer is ON: inactive players will automatically lose when time's up. (requested by Fliipturn)\nFliipturn has agreed to open team sheets.\nesotilin123456789 has agreed to open team sheets.\n|inactive|esotilin123456789 has 60 seconds left.\n|inactive|Fliipturn has 60 seconds left.\n|inactive|Fliipturn has 30 seconds left.\n|inactive|Fliipturn has 20 seconds left.\n|\n|t:|1684122463\n|start\n|switch|p1a: good boi|Arcanine, L50, M|100\/100\n|switch|p1b: GROHAHSHSHSH|Gastrodon, L50, F|100\/100\n|switch|p2a: Palafin|Palafin, L50, M|100\/100\n|switch|p2b: Arcanine|Arcanine, L50, F|100\/100\n|-ability|p2b: Arcanine|Intimidate|boost\n|-unboost|p1a: good boi|atk|1\n|-unboost|p1b: GROHAHSHSHSH|atk|1\n|-ability|p1a: good boi|Intimidate|boost\n|-unboost|p2a: Palafin|atk|1\n|-unboost|p2b: Arcanine|atk|1\n|turn|1\n|inactive|esotilin123456789 has 30 seconds left.\n|inactive|esotilin123456789 has 20 seconds left.\n|inactive|esotilin123456789 has 15 seconds left.\n|inactive|esotilin123456789 has 10 seconds left.\n|inactive|esotilin123456789 has 5 seconds left.\n|\n|t:|1684122518\n|switch|p2b: Amoonguss|Amoonguss, L50, M|100\/100\n|move|p2a: Palafin|Protect|p2a: Palafin\n|-singleturn|p2a: Palafin|Protect\n|move|p1b: GROHAHSHSHSH|Protect|p1b: GROHAHSHSHSH\n|-singleturn|p1b: GROHAHSHSHSH|Protect\n|move|p1a: good boi|Flare Blitz|p2a: Palafin\n|-activate|p2a: Palafin|move: Protect\n|\n|upkeep\n|turn|2\n|inactive|Fliipturn has 30 seconds left.\n|\n|t:|1684122544\n|detailschange|p2a: Palafin|Palafin-Hero, L50, M\n|switch|p2a: Arcanine|Arcanine, L50, F|100\/100\n|-ability|p2a: Arcanine|Intimidate|boost\n|-unboost|p1a: good boi|atk|1\n|-unboost|p1b: GROHAHSHSHSH|atk|1\n|-terastallize|p2b: Amoonguss|Water\n|move|p1a: good boi|Flare Blitz|p2b: Amoonguss\n|-resisted|p2b: Amoonguss\n|-damage|p2b: Amoonguss|89\/100\n|-damage|p1a: good boi|96\/100|[from] Recoil\n|move|p1b: GROHAHSHSHSH|Earth Power|p2a: Arcanine\n|-supereffective|p2a: Arcanine\n|-damage|p2a: Arcanine|26\/100\n|move|p2b: Amoonguss|Spore|p1b: GROHAHSHSHSH\n|-status|p1b: GROHAHSHSHSH|slp|[from] move: Spore\n|\n|upkeep\n|turn|3\n|\n|t:|1684122569\n|switch|p1a: IRON MUGULIS|Rotom-Mow, L50|100\/100\n|move|p2a: Arcanine|Extreme Speed|p1b: GROHAHSHSHSH\n|-damage|p1b: GROHAHSHSHSH|79\/100 slp\n|cant|p1b: GROHAHSHSHSH|slp\n|move|p2b: Amoonguss|Pollen Puff|p2a: Arcanine\n|-heal|p2a: Arcanine|75\/100\n|\n|-heal|p1b: GROHAHSHSHSH|85\/100 slp|[from] item: Leftovers\n|upkeep\n|turn|4\n|\n|t:|1684122581\n|switch|p1a: good boi|Arcanine, L50, M|96\/100\n|-ability|p1a: good boi|Intimidate|boost\n|-unboost|p2a: Arcanine|atk|1\n|-unboost|p2b: Amoonguss|atk|1\n|move|p2a: Arcanine|Flare Blitz|p1a: good boi\n|-resisted|p1a: good boi\n|-damage|p1a: good boi|79\/100\n|-damage|p2a: Arcanine|70\/100|[from] Recoil\n|-curestatus|p1b: GROHAHSHSHSH|slp|[msg]\n|move|p1b: GROHAHSHSHSH|Earth Power|p2a: Arcanine\n|-supereffective|p2a: Arcanine\n|-damage|p2a: Arcanine|0 fnt\n|faint|p2a: Arcanine\n|move|p2b: Amoonguss|Pollen Puff|p2: Arcanine|[notarget]\n|-fail|p2b: Amoonguss\n|\n|-heal|p1b: GROHAHSHSHSH|91\/100|[from] item: Leftovers\n|upkeep\n|\n|t:|1684122596\n|switch|p2a: Baxcalibur|Baxcalibur, L50, F|100\/100\n|turn|5\n|\n|t:|1684122621\n|switch|p1b: Flutter Mane|Flutter Mane, L50|100\/100\n|move|p2a: Baxcalibur|Protect|p2a: Baxcalibur\n|-singleturn|p2a: Baxcalibur|Protect\n|move|p1a: good boi|Close Combat|p2a: Baxcalibur\n|-activate|p2a: Baxcalibur|move: Protect\n|move|p2b: Amoonguss|Spore|p1a: good boi\n|-status|p1a: good boi|slp|[from] move: Spore\n|\n|upkeep\n|turn|6\n|\n|t:|1684122643\n|switch|p2a: Palafin|Palafin-Hero, L50, M|100\/100\n|-activate|p2a: Palafin|ability: Zero to Hero\n|-terastallize|p1b: Flutter Mane|Fairy\n|move|p1b: Flutter Mane|Moonblast|p2a: Palafin\n|-damage|p2a: Palafin|0 fnt\n|faint|p2a: Palafin\n|cant|p1a: good boi|slp\n|move|p2b: Amoonguss|Spore|p1b: Flutter Mane\n|-status|p1b: Flutter Mane|slp|[from] move: Spore\n|\n|upkeep\n|\n|t:|1684122649\n|switch|p2a: Baxcalibur|Baxcalibur, L50, F|100\/100\n|turn|7\n|\n|t:|1684122675\n|cant|p1b: Flutter Mane|slp\n|move|p2a: Baxcalibur|Icicle Spear|p1b: Flutter Mane\n|-damage|p1b: Flutter Mane|74\/100 slp\n|-damage|p1b: Flutter Mane|48\/100 slp\n|-damage|p1b: Flutter Mane|17\/100 slp\n|-damage|p1b: Flutter Mane|0 fnt\n|faint|p1b: Flutter Mane\n|-end|p1b: Flutter Mane|Protosynthesis|[silent]\n|-hitcount|p1: Flutter Mane|4\n|cant|p1a: good boi|slp\n|move|p2b: Amoonguss|Pollen Puff|p2a: Baxcalibur\n|-immune|p2a: Baxcalibur\n|\n|upkeep\n|\n|t:|1684122685\n|switch|p1b: GROHAHSHSHSH|Gastrodon, L50, F|91\/100\n|turn|8\n|\n|t:|1684122708\n|move|p2a: Baxcalibur|Protect|p2a: Baxcalibur\n|-singleturn|p2a: Baxcalibur|Protect\n|move|p1b: GROHAHSHSHSH|Protect|p1b: GROHAHSHSHSH\n|-singleturn|p1b: GROHAHSHSHSH|Protect\n|cant|p1a: good boi|slp\n|move|p2b: Amoonguss|Spore|p1a: good boi\n|-fail|p1a: good boi|slp\n|\n|-heal|p1b: GROHAHSHSHSH|97\/100|[from] item: Leftovers\n|upkeep\n|turn|9\n|\n|t:|1684122729\n|move|p2b: Amoonguss|Rage Powder|p2b: Amoonguss\n|-singleturn|p2b: Amoonguss|move: Rage Powder\n|move|p2a: Baxcalibur|Icicle Spear|p1b: GROHAHSHSHSH\n|-damage|p1b: GROHAHSHSHSH|80\/100\n|-damage|p1b: GROHAHSHSHSH|64\/100\n|-damage|p1b: GROHAHSHSHSH|47\/100\n|-damage|p1b: GROHAHSHSHSH|29\/100\n|-hitcount|p1b: GROHAHSHSHSH|4\n|-curestatus|p1a: good boi|slp|[msg]\n|move|p1a: good boi|Close Combat|p2b: Amoonguss\n|-damage|p2b: Amoonguss|58\/100\n|-unboost|p1a: good boi|def|1\n|-unboost|p1a: good boi|spd|1\n|move|p1b: GROHAHSHSHSH|Earth Power|p2b: Amoonguss\n|-crit|p2b: Amoonguss\n|-damage|p2b: Amoonguss|5\/100\n|-enditem|p2b: Amoonguss|Sitrus Berry|[eat]\n|-heal|p2b: Amoonguss|30\/100|[from] item: Sitrus Berry\n|\n|-heal|p1b: GROHAHSHSHSH|36\/100|[from] item: Leftovers\n|upkeep\n|turn|10\n|inactive|esotilin123456789 has 30 seconds left.\n|inactive|Fliipturn has 30 seconds left.\n|\n|t:|1684122759\n|move|p1b: GROHAHSHSHSH|Protect|p1b: GROHAHSHSHSH\n|-singleturn|p1b: GROHAHSHSHSH|Protect\n|move|p2b: Amoonguss|Rage Powder|p2b: Amoonguss\n|-singleturn|p2b: Amoonguss|move: Rage Powder\n|move|p2a: Baxcalibur|Glaive Rush|p1a: good boi\n|-damage|p1a: good boi|0 fnt\n|-singlemove|p2a: Baxcalibur|Glaive Rush|[silent]\n|faint|p1a: good boi\n|\n|-heal|p1b: GROHAHSHSHSH|42\/100|[from] item: Leftovers\n|upkeep\n|\n|t:|1684122766\n|switch|p1a: IRON MUGULIS|Rotom-Mow, L50|100\/100\n|turn|11\n|\n|t:|1684122785\n|move|p2a: Baxcalibur|Protect|p2a: Baxcalibur\n|-singleturn|p2a: Baxcalibur|Protect\n|move|p2b: Amoonguss|Protect|p2b: Amoonguss\n|-singleturn|p2b: Amoonguss|Protect\n|move|p1a: IRON MUGULIS|Thunderbolt|p2b: Amoonguss\n|-activate|p2b: Amoonguss|move: Protect\n|move|p1b: GROHAHSHSHSH|Yawn|p2a: Baxcalibur\n|-activate|p2a: Baxcalibur|move: Protect\n|\n|-heal|p1b: GROHAHSHSHSH|48\/100|[from] item: Leftovers\n|upkeep\n|turn|12\n|\n|t:|1684122800\n|move|p2b: Amoonguss|Rage Powder|p2b: Amoonguss\n|-singleturn|p2b: Amoonguss|move: Rage Powder\n|move|p2a: Baxcalibur|Icicle Spear|p1b: GROHAHSHSHSH\n|-damage|p1b: GROHAHSHSHSH|32\/100\n|-damage|p1b: GROHAHSHSHSH|15\/100\n|-damage|p1b: GROHAHSHSHSH|0 fnt\n|faint|p1b: GROHAHSHSHSH\n|-hitcount|p1: GROHAHSHSHSH|3\n|move|p1a: IRON MUGULIS|Thunderbolt|p2b: Amoonguss\n|-supereffective|p2b: Amoonguss\n|-damage|p2b: Amoonguss|0 fnt\n|faint|p2b: Amoonguss\n|\n|upkeep\n|turn|13\n|c|\u2606esotilin123456789|MARAKO KULIAO\n|\n|t:|1684122813\n|move|p2a: Baxcalibur|Icicle Spear|p1a: IRON MUGULIS\n|-supereffective|p1a: IRON MUGULIS\n|-damage|p1a: IRON MUGULIS|70\/100\n|-supereffective|p1a: IRON MUGULIS\n|-damage|p1a: IRON MUGULIS|39\/100\n|-enditem|p1a: IRON MUGULIS|Sitrus Berry|[eat]\n|-heal|p1a: IRON MUGULIS|64\/100|[from] item: Sitrus Berry\n|-supereffective|p1a: IRON MUGULIS\n|-damage|p1a: IRON MUGULIS|32\/100\n|-supereffective|p1a: IRON MUGULIS\n|-damage|p1a: IRON MUGULIS|0 fnt\n|faint|p1a: IRON MUGULIS\n|-hitcount|p1: IRON MUGULIS|4\n|\n|win|Fliipturn\n|raw|esotilin123456789's rating: 1319 → 1294<\/strong> (-25 for losing)\n|raw|Fliipturn's rating: 1235 → 1266<\/strong> (+31 for winning)\n|l|\u2606esotilin123456789\n","uploadtime":1684122812,"views":6,"p1id":"esotilin123456789","p2id":"fliipturn","formatid":"gen9vgc2023regulationc","rating":1266,"private":0,"password":""}