{"id":"gen9vgc2023regulationc-1864072954","p1":"RonJohn","p2":"f0r3v3r","format":"[Gen 9] VGC 2023 Regulation C","log":"|j|\u2606RonJohn\n|j|\u2606f0r3v3r\n|t:|1684113558\n|gametype|doubles\n|player|p1|RonJohn|169|1285\n|player|p2|f0r3v3r|burglar|1228\n|teamsize|p1|6\n|teamsize|p2|6\n|gen|9\n|tier|[Gen 9] VGC 2023 Regulation C\n|rated|\n|rule|Species Clause: Limit one of each Pok\u00e9mon\n|rule|Item Clause: Limit one of each item\n|clearpoke\n|poke|p1|Flutter Mane, L50|\n|poke|p1|Orthworm, L50, F|\n|poke|p1|Dragonite, L50, F|\n|poke|p1|Amoonguss, L50, M|\n|poke|p1|Gyarados, L50, M|\n|poke|p1|Ting-Lu, L50|\n|poke|p2|Bronzong, L50|\n|poke|p2|Ting-Lu, L50|\n|poke|p2|Slowpoke, L50, M|\n|poke|p2|Gastrodon, L50, M|\n|poke|p2|Murkrow, L50, M|\n|poke|p2|Iron Hands, L50|\n|teampreview|4\nRonJohn has agreed to open team sheets.\n|inactive|Battle timer is ON: inactive players will automatically lose when time's up. (requested by RonJohn)\n|inactive|RonJohn has 60 seconds left.\n|inactive|f0r3v3r has 60 seconds left.\n|\n|t:|1684113618\n|start\n|switch|p1a: Orthworm|Orthworm, L50, F|100\/100\n|switch|p1b: Ting-Lu|Ting-Lu, L50|100\/100\n|switch|p2a: Gastrodon|Gastrodon, L50, M|100\/100\n|switch|p2b: Slowpoke|Slowpoke, L50, M|100\/100\n|-ability|p1b: Ting-Lu|Vessel of Ruin\n|turn|1\n|inactive|f0r3v3r has 30 seconds left.\n|\n|t:|1684113645\n|move|p1b: Ting-Lu|Earthquake|p2a: Gastrodon|[spread] p2a,p2b\n|-immune|p1a: Orthworm|[from] ability: Earth Eater\n|-damage|p2a: Gastrodon|62\/100\n|-damage|p2b: Slowpoke|71\/100\n|move|p1a: Orthworm|Shed Tail|p1a: Orthworm\n|-start|p1a: Orthworm|Substitute|[from] move: Shed Tail\n|-damage|p1a: Orthworm|50\/100\n|-enditem|p1a: Orthworm|Sitrus Berry|[eat]\n|-heal|p1a: Orthworm|75\/100|[from] item: Sitrus Berry\n|\n|t:|1684113657\n|switch|p1a: Dragonite|Dragonite, L50, F|100\/100|[from] Shed Tail\n|move|p2a: Gastrodon|Yawn|p1b: Ting-Lu\n|-start|p1b: Ting-Lu|move: Yawn|[of] p2a: Gastrodon\n|move|p2b: Slowpoke|Surf|p1b: Ting-Lu|[spread] p1a,p1b\n|-ability|p2a: Gastrodon|Storm Drain|boost\n|-boost|p2a: Gastrodon|spa|1\n|-resisted|p1a: Dragonite\n|-activate|p1a: Dragonite|move: Substitute|[damage]\n|-supereffective|p1b: Ting-Lu\n|-damage|p1b: Ting-Lu|90\/100\n|\n|upkeep\n|turn|2\n|\n|t:|1684113679\n|switch|p1b: Orthworm|Orthworm, L50, F|75\/100\n|-terastallize|p2a: Gastrodon|Grass\n|move|p1a: Dragonite|Dragon Dance|p1a: Dragonite\n|-boost|p1a: Dragonite|atk|1\n|-boost|p1a: Dragonite|spe|1\n|move|p2a: Gastrodon|Recover|p2a: Gastrodon\n|-heal|p2a: Gastrodon|100\/100\n|move|p2b: Slowpoke|Trick Room|p2b: Slowpoke\n|-fieldstart|move: Trick Room|[of] p2b: Slowpoke\n|\n|upkeep\n|turn|3\n|inactive|RonJohn has 30 seconds left.\n|inactive|RonJohn has 20 seconds left.\n|\n|t:|1684113718\n|move|p1b: Orthworm|Protect|p1b: Orthworm\n|-singleturn|p1b: Orthworm|Protect\n|move|p2b: Slowpoke|Surf|p1b: Orthworm|[spread] p1a\n|-activate|p1b: Orthworm|move: Protect\n|-ability|p2a: Gastrodon|Storm Drain|boost\n|-boost|p2a: Gastrodon|spa|1\n|-resisted|p1a: Dragonite\n|-activate|p1a: Dragonite|move: Substitute|[damage]\n|move|p2a: Gastrodon|Ice Beam|p1a: Dragonite\n|-supereffective|p1a: Dragonite\n|-end|p1a: Dragonite|Substitute\n|move|p1a: Dragonite|Ice Spinner|p2a: Gastrodon\n|-supereffective|p2a: Gastrodon\n|-damage|p2a: Gastrodon|0 fnt\n|faint|p2a: Gastrodon\n|\n|upkeep\n|\n|t:|1684113738\n|switch|p2a: Ting-Lu|Ting-Lu, L50|100\/100\n|-ability|p2a: Ting-Lu|Vessel of Ruin\n|turn|4\n|inactive|RonJohn has 30 seconds left.\n|\n|t:|1684113766\n|switch|p1b: Amoonguss|Amoonguss, L50, M|100\/100\n|-terastallize|p1a: Dragonite|Normal\n|move|p1a: Dragonite|Extreme Speed|p2b: Slowpoke\n|-damage|p2b: Slowpoke|11\/100\n|move|p2b: Slowpoke|Surf|p1b: Amoonguss|[spread] p2a,p1a,p1b\n|-supereffective|p2a: Ting-Lu\n|-resisted|p1b: Amoonguss\n|-damage|p2a: Ting-Lu|88\/100\n|-damage|p1a: Dragonite|96\/100\n|-damage|p1b: Amoonguss|96\/100\n|-enditem|p2a: Ting-Lu|Weakness Policy\n|-boost|p2a: Ting-Lu|atk|2|[from] item: Weakness Policy\n|-boost|p2a: Ting-Lu|spa|2|[from] item: Weakness Policy\n|move|p2a: Ting-Lu|Taunt|p1b: Amoonguss\n|-start|p1b: Amoonguss|move: Taunt\n|\n|-heal|p1b: Amoonguss|100\/100|[from] item: Leftovers\n|upkeep\n|turn|5\n|inactive|RonJohn has 30 seconds left.\n|inactive|RonJohn has 20 seconds left.\n|\n|t:|1684113803\n|switch|p2b: Iron Hands|Iron Hands, L50|100\/100\n|move|p1a: Dragonite|Extreme Speed|p2b: Iron Hands\n|-damage|p2b: Iron Hands|55\/100\n|move|p1b: Amoonguss|Clear Smog|p2a: Ting-Lu\n|-resisted|p2a: Ting-Lu\n|-damage|p2a: Ting-Lu|85\/100\n|-clearboost|p2a: Ting-Lu\n|move|p2a: Ting-Lu|Rock Slide|p1b: Amoonguss|[spread] p1a\n|-miss|p2a: Ting-Lu|p1b: Amoonguss\n|-damage|p1a: Dragonite|76\/100\n|\n|upkeep\n|turn|6\n|-message|f0r3v3r forfeited.\n|\n|win|RonJohn\n|raw|RonJohn's rating: 1285 → 1306<\/strong> (+21 for winning)\n|raw|f0r3v3r's rating: 1228 → 1207<\/strong> (-21 for losing)\n|l|\u2606f0r3v3r\n|c|\u2606RonJohn|gg\n","uploadtime":1684113826,"views":31,"p1id":"ronjohn","p2id":"f0r3v3r","formatid":"gen9vgc2023regulationc","rating":1207,"private":0,"password":""}