{"id":"gen9vgc2023regulationc-1848657316","p1":"a lonely fart","p2":"Raekyuu","format":"[Gen 9] VGC 2023 Regulation C","log":"|j|\u2606a lonely fart\n|j|\u2606Raekyuu\n|t:|1682098265\n|gametype|doubles\n|player|p1|a lonely fart|265|1361\n|player|p2|Raekyuu|102|1469\n|teamsize|p1|6\n|teamsize|p2|6\n|gen|9\n|tier|[Gen 9] VGC 2023 Regulation C\n|rated|\n|rule|Species Clause: Limit one of each Pok\u00e9mon\n|rule|Item Clause: Limit one of each item\n|clearpoke\n|poke|p1|Gyarados, L50, M|\n|poke|p1|Scizor, L50, F|\n|poke|p1|Amoonguss, L50, M|\n|poke|p1|Arcanine, L50, M|\n|poke|p1|Flutter Mane, L50|\n|poke|p1|Iron Bundle, L50|\n|poke|p2|Torkoal, L50, F|\n|poke|p2|Hatterene, L50, F|\n|poke|p2|Brute Bonnet, L50|\n|poke|p2|Oranguru, L50, F|\n|poke|p2|Hariyama, L50, M|\n|poke|p2|Indeedee-F, L50, F|\n|teampreview|4\n|\n|t:|1682098292\n|start\n|switch|p1a: Amoonguss|Amoonguss, L50, M|100\/100\n|switch|p1b: Gyarados|Gyarados, L50, M|100\/100\n|switch|p2a: Hariyama|Hariyama, L50, M|100\/100\n|switch|p2b: Oranguru|Oranguru, L50, F|100\/100\n|-ability|p1b: Gyarados|Intimidate|boost\n|-unboost|p2a: Hariyama|atk|1\n|-fail|p2b: Oranguru|unboost|Attack|[from] ability: Inner Focus|[of] p2b: Oranguru\n|turn|1\n|\n|t:|1682098303\n|move|p2a: Hariyama|Fake Out|p1a: Amoonguss\n|-damage|p1a: Amoonguss|93\/100\n|move|p1b: Gyarados|Taunt|p2b: Oranguru\n|-start|p2b: Oranguru|move: Taunt\n|-enditem|p2b: Oranguru|Mental Herb\n|-end|p2b: Oranguru|move: Taunt\n|cant|p1a: Amoonguss|flinch\n|move|p2b: Oranguru|Trick Room|p2b: Oranguru\n|-fieldstart|move: Trick Room|[of] p2b: Oranguru\n|\n|-heal|p1a: Amoonguss|99\/100|[from] item: Leftovers\n|-status|p2a: Hariyama|brn|[from] item: Flame Orb\n|upkeep\n|turn|2\n|\n|t:|1682098321\n|switch|p2b: Brute Bonnet|Brute Bonnet, L50|100\/100\n|switch|p1b: Arcanine|Arcanine, L50, M|100\/100\n|-ability|p1b: Arcanine|Intimidate|boost\n|-unboost|p2a: Hariyama|atk|1\n|-unboost|p2b: Brute Bonnet|atk|1\n|move|p1a: Amoonguss|Spore|p2b: Brute Bonnet\n|-immune|p2b: Brute Bonnet\n|move|p2a: Hariyama|Thunder Punch|p1b: Arcanine\n|-damage|p1b: Arcanine|79\/100\n|\n|-heal|p1a: Amoonguss|100\/100|[from] item: Leftovers\n|-damage|p2a: Hariyama|94\/100 brn|[from] brn\n|upkeep\n|turn|3\n|\n|t:|1682098343\n|switch|p2a: Torkoal|Torkoal, L50, F|100\/100\n|-weather|SunnyDay|[from] ability: Drought|[of] p2a: Torkoal\n|-activate|p2b: Brute Bonnet|ability: Protosynthesis\n|-start|p2b: Brute Bonnet|protosynthesisatk\n|move|p1a: Amoonguss|Pollen Puff|p1b: Arcanine\n|-heal|p1b: Arcanine|100\/100\n|move|p2b: Brute Bonnet|Spore|p1b: Arcanine\n|-activate|p1b: Arcanine|item: Safety Goggles|Spore\n|move|p1b: Arcanine|Flare Blitz|p2b: Brute Bonnet\n|-supereffective|p2b: Brute Bonnet\n|-damage|p2b: Brute Bonnet|0 fnt\n|faint|p2b: Brute Bonnet\n|-end|p2b: Brute Bonnet|Protosynthesis|[silent]\n|-damage|p1b: Arcanine|64\/100|[from] Recoil\n|\n|-weather|SunnyDay|[upkeep]\n|upkeep\n|\n|t:|1682098358\n|switch|p2b: Hariyama|Hariyama, L50, M|94\/100 brn\n|turn|4\n|\n|t:|1682098367\n|switch|p1b: Gyarados|Gyarados, L50, M|100\/100\n|-ability|p1b: Gyarados|Intimidate|boost\n|-unboost|p2a: Torkoal|atk|1\n|-unboost|p2b: Hariyama|atk|1\n|-terastallize|p2a: Torkoal|Fire\n|-terastallize|p1a: Amoonguss|Water\n|move|p2b: Hariyama|Fake Out|p1a: Amoonguss\n|-damage|p1a: Amoonguss|89\/100\n|move|p2a: Torkoal|Eruption|p1b: Gyarados|[spread] p1a,p1b\n|-resisted|p1a: Amoonguss\n|-resisted|p1b: Gyarados\n|-damage|p1a: Amoonguss|37\/100\n|-damage|p1b: Gyarados|58\/100\n|cant|p1a: Amoonguss|flinch\n|\n|-weather|SunnyDay|[upkeep]\n|-heal|p1a: Amoonguss|43\/100|[from] item: Leftovers\n|-damage|p2b: Hariyama|88\/100 brn|[from] brn\n|upkeep\n|turn|5\n|\n|t:|1682098386\n|switch|p1a: Arcanine|Arcanine, L50, M|64\/100\n|-ability|p1a: Arcanine|Intimidate|boost\n|-unboost|p2a: Torkoal|atk|1\n|-unboost|p2b: Hariyama|atk|1\n|move|p1b: Gyarados|Protect|p1b: Gyarados\n|-singleturn|p1b: Gyarados|Protect\n|move|p2a: Torkoal|Eruption|p1b: Gyarados|[spread] p1a\n|-activate|p1b: Gyarados|move: Protect\n|-resisted|p1a: Arcanine\n|-damage|p1a: Arcanine|20\/100\n|move|p2b: Hariyama|Thunder Punch|p1b: Gyarados\n|-activate|p1b: Gyarados|move: Protect\n|\n|-weather|SunnyDay|[upkeep]\n|-damage|p2b: Hariyama|82\/100 brn|[from] brn\n|-fieldend|move: Trick Room\n|upkeep\n|turn|6\n|\n|t:|1682098406\n|switch|p2b: Oranguru|Oranguru, L50, F|100\/100\n|move|p2a: Torkoal|Protect|p2a: Torkoal\n|-singleturn|p2a: Torkoal|Protect\n|move|p1b: Gyarados|Waterfall|p2a: Torkoal\n|-activate|p2a: Torkoal|move: Protect\n|move|p1a: Arcanine|Flare Blitz|p2a: Torkoal\n|-activate|p2a: Torkoal|move: Protect\n|\n|-weather|SunnyDay|[upkeep]\n|upkeep\n|turn|7\n|\n|t:|1682098427\n|switch|p2a: Hariyama|Hariyama, L50, M|82\/100 brn\n|move|p1a: Arcanine|Protect|p1a: Arcanine\n|-singleturn|p1a: Arcanine|Protect\n|move|p1b: Gyarados|Taunt|p2b: Oranguru\n|-start|p2b: Oranguru|move: Taunt\n|move|p2b: Oranguru|Psyshock|p1a: Arcanine\n|-activate|p1a: Arcanine|move: Protect\n|\n|-weather|none\n|-damage|p2a: Hariyama|76\/100 brn|[from] brn\n|upkeep\n|turn|8\n|\n|t:|1682098449\n|switch|p1b: Amoonguss|Amoonguss, L50, M, tera:Water|76\/100\n|switch|p1a: Flutter Mane|Flutter Mane, L50|100\/100\n|switch|p2b: Torkoal|Torkoal, L50, F, tera:Fire|100\/100\n|-weather|SunnyDay|[from] ability: Drought|[of] p2b: Torkoal\n|-activate|p1a: Flutter Mane|ability: Protosynthesis\n|-start|p1a: Flutter Mane|protosynthesisspe\n|move|p2a: Hariyama|Close Combat|p1a: Flutter Mane\n|-immune|p1a: Flutter Mane\n|\n|-weather|SunnyDay|[upkeep]\n|-heal|p1b: Amoonguss|81\/100|[from] item: Leftovers\n|-damage|p2a: Hariyama|70\/100 brn|[from] brn\n|upkeep\n|turn|9\n|\n|t:|1682098476\n|switch|p2a: Oranguru|Oranguru, L50, F|100\/100\n|move|p2b: Torkoal|Protect|p2b: Torkoal\n|-singleturn|p2b: Torkoal|Protect\n|move|p1a: Flutter Mane|Shadow Ball|p2b: Torkoal\n|-activate|p2b: Torkoal|move: Protect\n|move|p1b: Amoonguss|Spore|p2b: Torkoal\n|-activate|p2b: Torkoal|move: Protect\n|\n|-weather|SunnyDay|[upkeep]\n|-heal|p1b: Amoonguss|87\/100|[from] item: Leftovers\n|upkeep\n|turn|10\n|\n|t:|1682098498\n|move|p1a: Flutter Mane|Shadow Ball|p2b: Torkoal\n|-damage|p2b: Torkoal|15\/100\n|move|p2a: Oranguru|Instruct|p2b: Torkoal\n|-singleturn|p2b: Torkoal|move: Instruct|[of] p2a: Oranguru\n|move|p2b: Torkoal|Protect||[still]\n|-fail|p2b: Torkoal\n|move|p1b: Amoonguss|Spore|p2a: Oranguru\n|-status|p2a: Oranguru|slp|[from] move: Spore\n|move|p2b: Torkoal|Eruption|p1a: Flutter Mane|[spread] p1a,p1b\n|-resisted|p1b: Amoonguss\n|-damage|p1a: Flutter Mane|77\/100\n|-damage|p1b: Amoonguss|80\/100\n|\n|-weather|SunnyDay|[upkeep]\n|-heal|p1b: Amoonguss|86\/100|[from] item: Leftovers\n|upkeep\n|turn|11\n|-message|Raekyuu forfeited.\n|\n|win|a lonely fart\n|raw|a lonely fart's rating: 1361 → 1387<\/strong> (+26 for winning)\n|raw|Raekyuu's rating: 1469 → 1443<\/strong> (-26 for losing)\n|l|\u2606Raekyuu\n","uploadtime":1682098529,"views":9,"p1id":"alonelyfart","p2id":"raekyuu","formatid":"gen9vgc2023regulationc","rating":1387,"private":0,"password":""}