{"id":"gen9vgc2023regulationc-1848027165","p1":"VictorbrineCassini","p2":"fdvdfvfdvdf","format":"[Gen 9] VGC 2023 Regulation C","log":"|j|\u2606VictorbrineCassini\n|j|\u2606fdvdfvfdvdf\n|t:|1682021990\n|gametype|doubles\n|player|p1|VictorbrineCassini|169|1091\n|player|p2|fdvdfvfdvdf|169|1139\n|teamsize|p1|6\n|teamsize|p2|6\n|gen|9\n|tier|[Gen 9] VGC 2023 Regulation C\n|rated|\n|rule|Species Clause: Limit one of each Pok\u00e9mon\n|rule|Item Clause: Limit one of each item\n|clearpoke\n|poke|p1|Lurantis, L50, F|\n|poke|p1|Torkoal, L50, M|\n|poke|p1|Iron Hands, L50|\n|poke|p1|Flutter Mane, L50|\n|poke|p1|Glimmora, L50, F|\n|poke|p1|Farigiraf, L50, M|\n|poke|p2|Palafin, L50, M|\n|poke|p2|Chien-Pao, L50|\n|poke|p2|Dragapult, L50, M|\n|poke|p2|Amoonguss, L50, F|\n|poke|p2|Arcanine, L50, M|\n|poke|p2|Flutter Mane, L50|\n|teampreview|4\n|\n|t:|1682022037\n|start\n|switch|p1a: Cooking Koal|Torkoal, L50, M|100\/100\n|switch|p1b: Cooking Mane|Flutter Mane, L50|100\/100\n|switch|p2a: Chien-Pao|Chien-Pao, L50|100\/100\n|switch|p2b: Dragapult|Dragapult, L50, M|100\/100\n|-ability|p2a: Chien-Pao|Sword of Ruin\n|-weather|SunnyDay|[from] ability: Drought|[of] p1a: Cooking Koal\n|-activate|p1b: Cooking Mane|ability: Protosynthesis\n|-start|p1b: Cooking Mane|protosynthesisspe\n|turn|1\n|\n|t:|1682022067\n|-terastallize|p2b: Dragapult|Steel\n|move|p1a: Cooking Koal|Protect|p1a: Cooking Koal\n|-singleturn|p1a: Cooking Koal|Protect\n|move|p2a: Chien-Pao|Sucker Punch|p1b: Cooking Mane\n|-damage|p1b: Cooking Mane|0 fnt\n|faint|p1b: Cooking Mane\n|-end|p1b: Cooking Mane|Protosynthesis|[silent]\n|move|p2b: Dragapult|Dragon Darts|p1a: Cooking Koal\n|-activate|p1a: Cooking Koal|move: Protect\n|\n|-weather|SunnyDay|[upkeep]\n|upkeep\n|\n|t:|1682022080\n|switch|p1b: Cooking Hands|Iron Hands, L50|100\/100\n|-enditem|p1b: Cooking Hands|Booster Energy\n|-activate|p1b: Cooking Hands|ability: Quark Drive|[fromitem]\n|-start|p1b: Cooking Hands|quarkdriveatk\n|turn|2\n|\n|t:|1682022094\n|move|p2a: Chien-Pao|Sucker Punch|p1a: Cooking Koal\n|-damage|p1a: Cooking Koal|75\/100\n|move|p2b: Dragapult|Dragon Darts|p1a: Cooking Koal\n|-damage|p1a: Cooking Koal|45\/100\n|-anim|p2b: Dragapult|Dragon Darts|p1b: Cooking Hands\n|-damage|p1b: Cooking Hands|61\/100\n|move|p1b: Cooking Hands|Close Combat|p2b: Dragapult\n|-supereffective|p2b: Dragapult\n|-damage|p2b: Dragapult|0 fnt\n|-unboost|p1b: Cooking Hands|def|1\n|-unboost|p1b: Cooking Hands|spd|1\n|faint|p2b: Dragapult\n|move|p1a: Cooking Koal|Eruption|p2a: Chien-Pao\n|-supereffective|p2a: Chien-Pao\n|-damage|p2a: Chien-Pao|4\/100\n|\n|-weather|SunnyDay|[upkeep]\n|upkeep\n|\n|t:|1682022110\n|switch|p2b: Flutter Mane|Flutter Mane, L50|100\/100\n|-activate|p2b: Flutter Mane|ability: Protosynthesis\n|-start|p2b: Flutter Mane|protosynthesisspa\n|turn|3\n|\n|t:|1682022128\n|move|p2a: Chien-Pao|Sucker Punch|p1a: Cooking Koal\n|-damage|p1a: Cooking Koal|20\/100\n|move|p2b: Flutter Mane|Moonblast|p1b: Cooking Hands\n|-supereffective|p1b: Cooking Hands\n|-damage|p1b: Cooking Hands|0 fnt\n|faint|p1b: Cooking Hands\n|-end|p1b: Cooking Hands|Quark Drive|[silent]\n|move|p1a: Cooking Koal|Eruption|p2b: Flutter Mane|[spread] p2a,p2b\n|-supereffective|p2a: Chien-Pao\n|-damage|p2a: Chien-Pao|0 fnt\n|-damage|p2b: Flutter Mane|91\/100\n|faint|p2a: Chien-Pao\n|\n|-weather|SunnyDay|[upkeep]\n|upkeep\n|\n|t:|1682022140\n|switch|p2a: Amoonguss|Amoonguss, L50, F|100\/100\n|switch|p1b: Am I cooking?|Lurantis, L50, F|100\/100\n|turn|4\n|\n|t:|1682022159\n|-terastallize|p1b: Am I cooking?|Fire\n|move|p2b: Flutter Mane|Moonblast|p1b: Am I cooking?\n|-resisted|p1b: Am I cooking?\n|-damage|p1b: Am I cooking?|67\/100\n|move|p1b: Am I cooking?|Leaf Storm|p2b: Flutter Mane\n|-damage|p2b: Flutter Mane|49\/100\n|-boost|p1b: Am I cooking?|spa|2\n|move|p1a: Cooking Koal|Will-O-Wisp|p2b: Flutter Mane\n|-status|p2b: Flutter Mane|brn\n|move|p2a: Amoonguss|Spore|p1a: Cooking Koal\n|-status|p1a: Cooking Koal|slp|[from] move: Spore\n|\n|-weather|SunnyDay|[upkeep]\n|-damage|p2b: Flutter Mane|44\/100 brn|[from] brn\n|upkeep\n|turn|5\n|\n|t:|1682022180\n|move|p2b: Flutter Mane|Protect|p2b: Flutter Mane\n|-singleturn|p2b: Flutter Mane|Protect\n|cant|p1a: Cooking Koal|slp\n|move|p1b: Am I cooking?|Tera Blast|p2a: Amoonguss\n|-supereffective|p2a: Amoonguss\n|-damage|p2a: Amoonguss|0 fnt\n|faint|p2a: Amoonguss\n|\n|-weather|none\n|-end|p2b: Flutter Mane|Protosynthesis\n|-damage|p2b: Flutter Mane|38\/100 brn|[from] brn\n|upkeep\n|-enditem|p2b: Flutter Mane|Booster Energy\n|-activate|p2b: Flutter Mane|ability: Protosynthesis|[fromitem]\n|-start|p2b: Flutter Mane|protosynthesisspa\n|turn|6\n|-message|fdvdfvfdvdf forfeited.\n|\n|win|VictorbrineCassini\n|raw|VictorbrineCassini's rating: 1091 → 1121<\/strong> (+30 for winning)\n|raw|fdvdfvfdvdf's rating: 1139 → 1111<\/strong> (-28 for losing)\n|l|\u2606fdvdfvfdvdf\n","uploadtime":1682022202,"views":12,"p1id":"victorbrinecassini","p2id":"fdvdfvfdvdf","formatid":"gen9vgc2023regulationc","rating":1111,"private":0,"password":""}