{"id":"gen9vgc2023regulationc-1858644150","p1":"ksbdk","p2":"Armadill0","format":"[Gen 9] VGC 2023 Regulation C","log":"|j|\u2606ksbdk\n|j|\u2606Armadill0\n|t:|1683336538\n|gametype|doubles\n|player|p1|ksbdk|clair|1070\n|player|p2|Armadill0|crasherwake|1112\n|teamsize|p1|6\n|teamsize|p2|6\n|gen|9\n|tier|[Gen 9] VGC 2023 Regulation C\n|rated|\n|rule|Species Clause: Limit one of each Pok\u00e9mon\n|rule|Item Clause: Limit one of each item\n|clearpoke\n|poke|p1|Amoonguss, L50, F|\n|poke|p1|Glimmora, L50, F|\n|poke|p1|Great Tusk, L50|\n|poke|p1|Garganacl, L50, F|\n|poke|p1|Wo-Chien, L50|\n|poke|p1|Ting-Lu, L50|\n|poke|p2|Palafin, L50, F|\n|poke|p2|Amoonguss, L50, M|\n|poke|p2|Ting-Lu, L50|\n|poke|p2|Arcanine, L50, F|\n|poke|p2|Roaring Moon, L50|\n|poke|p2|Flutter Mane, L50|\n|teampreview|4\n|\n|t:|1683336588\n|start\n|switch|p1a: Garganacl|Garganacl, L50, F|100\/100\n|switch|p1b: Glimmora|Glimmora, L50, F|100\/100\n|switch|p2a: Roaring Moon|Roaring Moon, L50|100\/100\n|switch|p2b: Palafin|Palafin, L50, F|100\/100\n|-enditem|p2a: Roaring Moon|Booster Energy\n|-activate|p2a: Roaring Moon|ability: Protosynthesis|[fromitem]\n|-start|p2a: Roaring Moon|protosynthesisatk\n|turn|1\n|\n|t:|1683336604\n|detailschange|p2b: Palafin|Palafin-Hero, L50, F\n|switch|p2b: Ting-Lu|Ting-Lu, L50|100\/100\n|-ability|p2b: Ting-Lu|Vessel of Ruin\n|move|p2a: Roaring Moon|Tailwind|p2a: Roaring Moon\n|-sidestart|p2: Armadill0|move: Tailwind\n|move|p1b: Glimmora|Stealth Rock|p2b: Ting-Lu\n|-sidestart|p2: Armadill0|move: Stealth Rock\n|move|p1a: Garganacl|Salt Cure|p2a: Roaring Moon\n|-damage|p2a: Roaring Moon|84\/100\n|-start|p2a: Roaring Moon|Salt Cure\n|\n|-damage|p2a: Roaring Moon|72\/100|[from] Salt Cure\n|upkeep\n|turn|2\n|\n|t:|1683336636\n|-terastallize|p1a: Garganacl|Poison\n|move|p2a: Roaring Moon|Throat Chop|p1b: Glimmora\n|-damage|p1b: Glimmora|45\/100\n|-start|p1b: Glimmora|Throat Chop|[silent]\n|-activate|p1b: Glimmora|ability: Toxic Debris\n|-sidestart|p2: Armadill0|move: Toxic Spikes\n|move|p1b: Glimmora|Dazzling Gleam|p2b: Ting-Lu|[spread] p2a,p2b\n|-supereffective|p2a: Roaring Moon\n|-supereffective|p2b: Ting-Lu\n|-damage|p2a: Roaring Moon|18\/100\n|-damage|p2b: Ting-Lu|77\/100\n|move|p2b: Ting-Lu|Heavy Slam|p1b: Glimmora\n|-supereffective|p1b: Glimmora\n|-damage|p1b: Glimmora|0 fnt\n|-activate|p1b: Glimmora|ability: Toxic Debris\n|-sidestart|p2: Armadill0|move: Toxic Spikes\n|faint|p1b: Glimmora\n|move|p1a: Garganacl|Salt Cure|p2b: Ting-Lu\n|-resisted|p2b: Ting-Lu\n|-damage|p2b: Ting-Lu|74\/100\n|-start|p2b: Ting-Lu|Salt Cure\n|\n|-damage|p2a: Roaring Moon|6\/100|[from] Salt Cure\n|-damage|p2b: Ting-Lu|62\/100|[from] Salt Cure\n|upkeep\n|\n|t:|1683336659\n|switch|p1b: Amoonguss|Amoonguss, L50, F|100\/100\n|turn|3\n|\n|t:|1683336668\n|-terastallize|p2a: Roaring Moon|Flying\n|move|p1a: Garganacl|Protect|p1a: Garganacl\n|-singleturn|p1a: Garganacl|Protect\n|move|p1b: Amoonguss|Protect|p1b: Amoonguss\n|-singleturn|p1b: Amoonguss|Protect\n|move|p2a: Roaring Moon|Acrobatics|p1b: Amoonguss\n|-activate|p1b: Amoonguss|move: Protect\n|move|p2b: Ting-Lu|Fissure|p1a: Garganacl\n|-activate|p1a: Garganacl|move: Protect\n|\n|-damage|p2a: Roaring Moon|0 fnt|[from] Salt Cure\n|faint|p2a: Roaring Moon\n|-end|p2a: Roaring Moon|Protosynthesis|[silent]\n|-damage|p2b: Ting-Lu|50\/100|[from] Salt Cure\n|upkeep\n|\n|t:|1683336684\n|switch|p2a: Palafin|Palafin-Hero, L50, F|100\/100\n|-damage|p2a: Palafin|88\/100|[from] Stealth Rock\n|-status|p2a: Palafin|tox\n|-activate|p2a: Palafin|ability: Zero to Hero\n|turn|4\n|\n|t:|1683336696\n|move|p1b: Amoonguss|Rage Powder|p1b: Amoonguss\n|-singleturn|p1b: Amoonguss|move: Rage Powder\n|move|p2a: Palafin|Wave Crash|p1b: Amoonguss\n|-resisted|p1b: Amoonguss\n|-damage|p1b: Amoonguss|47\/100\n|-damage|p2a: Palafin|66\/100 tox|[from] Recoil\n|move|p2b: Ting-Lu|Fissure|p1b: Amoonguss\n|-damage|p1b: Amoonguss|0 fnt\n|faint|p1b: Amoonguss\n|-ohko\n|move|p1a: Garganacl|Salt Cure|p2a: Palafin\n|-damage|p2a: Palafin|51\/100 tox\n|-start|p2a: Palafin|Salt Cure\n|\n|-damage|p2a: Palafin|45\/100 tox|[from] psn\n|-damage|p2a: Palafin|20\/100 tox|[from] Salt Cure\n|-damage|p2b: Ting-Lu|38\/100|[from] Salt Cure\n|-sideend|p2: Armadill0|move: Tailwind\n|upkeep\n|\n|t:|1683336714\n|switch|p1b: Ting-Lu|Ting-Lu, L50|100\/100\n|-ability|p1b: Ting-Lu|Vessel of Ruin\n|turn|5\n|\n|t:|1683336734\n|move|p2a: Palafin|Drain Punch|p1b: Ting-Lu\n|-supereffective|p1b: Ting-Lu\n|-damage|p1b: Ting-Lu|65\/100\n|-heal|p2a: Palafin|44\/100 tox|[from] drain|[of] p1b: Ting-Lu\n|move|p1b: Ting-Lu|Body Press|p2a: Palafin\n|-damage|p2a: Palafin|16\/100 tox\n|move|p1a: Garganacl|Ice Punch|p2b: Ting-Lu\n|-supereffective|p2b: Ting-Lu\n|-crit|p2b: Ting-Lu\n|-damage|p2b: Ting-Lu|13\/100\n|-enditem|p2b: Ting-Lu|Aguav Berry|[eat]\n|-heal|p2b: Ting-Lu|46\/100|[from] item: Aguav Berry\n|move|p2b: Ting-Lu|Fissure|p1a: Garganacl|[miss]\n|-miss|p2b: Ting-Lu|p1a: Garganacl\n|\n|-damage|p2a: Palafin|4\/100 tox|[from] psn\n|-damage|p2a: Palafin|0 fnt|[from] Salt Cure\n|faint|p2a: Palafin\n|-damage|p2b: Ting-Lu|34\/100|[from] Salt Cure\n|upkeep\n|\n|t:|1683336752\n|switch|p2a: Flutter Mane|Flutter Mane, L50|100\/100\n|-damage|p2a: Flutter Mane|88\/100|[from] Stealth Rock\n|-status|p2a: Flutter Mane|tox\n|turn|6\n|\n|t:|1683336762\n|move|p2a: Flutter Mane|Moonblast|p1b: Ting-Lu\n|-supereffective|p1b: Ting-Lu\n|-damage|p1b: Ting-Lu|0 fnt\n|faint|p1b: Ting-Lu\n|move|p1a: Garganacl|Salt Cure|p2a: Flutter Mane\n|-damage|p2a: Flutter Mane|66\/100 tox\n|-start|p2a: Flutter Mane|Salt Cure\n|move|p2b: Ting-Lu|Fissure|p1a: Garganacl|[miss]\n|-miss|p2b: Ting-Lu|p1a: Garganacl\n|\n|-damage|p2a: Flutter Mane|60\/100 tox|[from] psn\n|-damage|p2a: Flutter Mane|48\/100 tox|[from] Salt Cure\n|-damage|p2b: Ting-Lu|22\/100|[from] Salt Cure\n|upkeep\n|turn|7\n|\n|t:|1683336777\n|move|p1a: Garganacl|Protect|p1a: Garganacl\n|-singleturn|p1a: Garganacl|Protect\n|move|p2a: Flutter Mane|Moonblast|p1a: Garganacl\n|-activate|p1a: Garganacl|move: Protect\n|move|p2b: Ting-Lu|Fissure|p1a: Garganacl\n|-activate|p1a: Garganacl|move: Protect\n|\n|-damage|p2a: Flutter Mane|35\/100 tox|[from] psn\n|-damage|p2a: Flutter Mane|23\/100 tox|[from] Salt Cure\n|-damage|p2b: Ting-Lu|10\/100|[from] Salt Cure\n|upkeep\n|turn|8\n|\n|t:|1683336793\n|move|p2a: Flutter Mane|Moonblast|p1a: Garganacl\n|-resisted|p1a: Garganacl\n|-damage|p1a: Garganacl|74\/100\n|-unboost|p1a: Garganacl|spa|1\n|move|p1a: Garganacl|Ice Punch|p2a: Flutter Mane\n|-damage|p2a: Flutter Mane|0 fnt\n|faint|p2a: Flutter Mane\n|-end|p2a: Flutter Mane|Protosynthesis|[silent]\n|move|p2b: Ting-Lu|Fissure|p1a: Garganacl\n|-damage|p1a: Garganacl|0 fnt\n|faint|p1a: Garganacl\n|-ohko\n|\n|win|Armadill0\n|raw|ksbdk's rating: 1070 → 1052<\/strong> (-18 for losing)\n|raw|Armadill0's rating: 1112 → 1134<\/strong> (+22 for winning)\n|c|\u2606Armadill0|I am so sorruy\n|l|\u2606ksbdk\n","uploadtime":1683336809,"views":13,"p1id":"ksbdk","p2id":"armadill0","formatid":"gen9vgc2023regulationc","rating":1052,"private":0,"password":""}