{"id":"gen9vgc2023regulationc-1844898179","p1":"We_Love_The_Gong","p2":"WE SilentVGC","format":"[Gen 9] VGC 2023 Regulation C","log":"|j|\u2606We_Love_The_Gong\n|j|\u2606WE SilentVGC\n|t:|1681661821\n|gametype|doubles\n|player|p1|We_Love_The_Gong|fantina|1182\n|player|p2|WE SilentVGC|drayden|1249\n|teamsize|p1|6\n|teamsize|p2|6\n|gen|9\n|tier|[Gen 9] VGC 2023 Regulation C\n|rated|\n|rule|Species Clause: Limit one of each Pok\u00e9mon\n|rule|Item Clause: Limit one of each item\n|clearpoke\n|poke|p1|Arcanine, L50, F|\n|poke|p1|Kingambit, L50, F|\n|poke|p1|Flutter Mane, L50|\n|poke|p1|Gyarados, L50, M|\n|poke|p1|Dachsbun, L50, M|\n|poke|p1|Chi-Yu, L50|\n|poke|p2|Iron Bundle, L50|\n|poke|p2|Iron Moth, L50|\n|poke|p2|Pachirisu, L50, M|\n|poke|p2|Tinkaton, L50, F|\n|poke|p2|Gyarados, L50, F|\n|poke|p2|Wo-Chien, L50|\n|teampreview|4\nWe_Love_The_Gong has agreed to open team sheets.\nWE SilentVGC has agreed to open team sheets.\n|inactive|Battle timer is ON: inactive players will automatically lose when time's up. (requested by WE SilentVGC)\n|\n|t:|1681661853\n|start\n|switch|p1a: Flutter Mane|Flutter Mane, L50|100\/100\n|switch|p1b: Gyarados|Gyarados, L50, M|100\/100\n|switch|p2a: Crimson|Iron Moth, L50, shiny|100\/100\n|switch|p2b: Tinkaton|Tinkaton, L50, F|100\/100\n|-ability|p2b: Tinkaton|Mold Breaker\n|-ability|p1b: Gyarados|Intimidate|boost\n|-unboost|p2a: Crimson|atk|1\n|-unboost|p2b: Tinkaton|atk|1\n|-enditem|p1a: Flutter Mane|Booster Energy\n|-activate|p1a: Flutter Mane|ability: Protosynthesis|[fromitem]\n|-start|p1a: Flutter Mane|protosynthesisspe\n|turn|1\n|inactive|We_Love_The_Gong has 30 seconds left.\n|inactive|WE SilentVGC has 30 seconds left.\n|inactive|We_Love_The_Gong has 20 seconds left.\n|\n|t:|1681661892\n|move|p1a: Flutter Mane|Protect|p1a: Flutter Mane\n|-singleturn|p1a: Flutter Mane|Protect\n|move|p2a: Crimson|Protect|p2a: Crimson\n|-singleturn|p2a: Crimson|Protect\n|move|p2b: Tinkaton|Light Screen|p2b: Tinkaton\n|-sidestart|p2: WE SilentVGC|move: Light Screen\n|move|p1b: Gyarados|Waterfall|p2a: Crimson\n|-activate|p2a: Crimson|move: Protect\n|\n|upkeep\n|turn|2\n|\n|t:|1681661913\n|-terastallize|p2a: Crimson|Grass\n|move|p2b: Tinkaton|Helping Hand|p2a: Crimson\n|-singleturn|p2a: Crimson|Helping Hand|[of] p2b: Tinkaton\n|move|p1a: Flutter Mane|Shadow Ball|p2a: Crimson\n|-damage|p2a: Crimson|72\/100\n|move|p2a: Crimson|Sludge Wave|p1a: Flutter Mane|[spread] p1a,p1b\n|-immune|p2b: Tinkaton\n|-damage|p1a: Flutter Mane|31\/100\n|-damage|p1b: Gyarados|45\/100\n|-damage|p2a: Crimson|62\/100|[from] item: Life Orb\n|move|p1b: Gyarados|Waterfall|p2a: Crimson\n|-resisted|p2a: Crimson\n|-damage|p2a: Crimson|34\/100\n|\n|upkeep\n|turn|3\n|\n|t:|1681661931\n|move|p2a: Crimson|Protect|p2a: Crimson\n|-singleturn|p2a: Crimson|Protect\n|move|p1a: Flutter Mane|Moonblast|p2a: Crimson\n|-activate|p2a: Crimson|move: Protect\n|move|p2b: Tinkaton|Gigaton Hammer|p1a: Flutter Mane\n|-supereffective|p1a: Flutter Mane\n|-damage|p1a: Flutter Mane|0 fnt\n|faint|p1a: Flutter Mane\n|-end|p1a: Flutter Mane|Protosynthesis|[silent]\n|move|p1b: Gyarados|Thunder Wave|p2b: Tinkaton\n|-status|p2b: Tinkaton|par\n|\n|upkeep\n|\n|t:|1681661941\n|switch|p1a: Arcanine|Arcanine, L50, F|100\/100\n|-ability|p1a: Arcanine|Intimidate|boost\n|-unboost|p2a: Crimson|atk|1\n|-unboost|p2b: Tinkaton|atk|1\n|turn|4\n|\n|t:|1681661951\n|move|p1b: Gyarados|Helping Hand|p1a: Arcanine\n|-singleturn|p1a: Arcanine|Helping Hand|[of] p1b: Gyarados\n|move|p2b: Tinkaton|Helping Hand|p2a: Crimson\n|-singleturn|p2a: Crimson|Helping Hand|[of] p2b: Tinkaton\n|move|p2a: Crimson|Sludge Wave|p1b: Gyarados|[spread] p1a,p1b\n|-immune|p2b: Tinkaton\n|-damage|p1a: Arcanine|23\/100\n|-damage|p1b: Gyarados|0 fnt\n|-enditem|p1a: Arcanine|Sitrus Berry|[eat]\n|-heal|p1a: Arcanine|47\/100|[from] item: Sitrus Berry\n|faint|p1b: Gyarados\n|-damage|p2a: Crimson|24\/100|[from] item: Life Orb\n|move|p1a: Arcanine|Flare Blitz|p2b: Tinkaton\n|-supereffective|p2b: Tinkaton\n|-enditem|p2b: Tinkaton|Occa Berry|[eat]\n|-enditem|p2b: Tinkaton|Occa Berry|[weaken]\n|-damage|p2b: Tinkaton|8\/100 par\n|-damage|p1a: Arcanine|19\/100|[from] Recoil\n|\n|upkeep\n|\n|t:|1681661953\n|switch|p1b: Kingambit|Kingambit, L50, F|100\/100\n|turn|5\n|inactive|WE SilentVGC has 30 seconds left.\n|\n|t:|1681661980\n|switch|p2b: Gyarados|Gyarados, L50, F, shiny|100\/100\n|move|p2a: Crimson|Protect|p2a: Crimson\n|-singleturn|p2a: Crimson|Protect\n|move|p1a: Arcanine|Extreme Speed|p2b: Gyarados\n|-damage|p2b: Gyarados|71\/100\n|move|p1b: Kingambit|Sucker Punch||[still]\n|-fail|p1b: Kingambit\n|\n|-sideend|p2: WE SilentVGC|move: Light Screen\n|upkeep\n|turn|6\n|c|\u2606We_Love_The_Gong|moxie wow\n|\n|t:|1681662003\n|-end|p2a: Crimson|Quark Drive|[silent]\n|switch|p2a: Tinkaton|Tinkaton, L50, F|8\/100 par\n|-ability|p2a: Tinkaton|Mold Breaker\n|-terastallize|p1b: Kingambit|Fire\n|move|p1a: Arcanine|Extreme Speed|p2b: Gyarados\n|-damage|p2b: Gyarados|45\/100\n|move|p2b: Gyarados|Waterfall|p1a: Arcanine\n|-supereffective|p1a: Arcanine\n|-damage|p1a: Arcanine|0 fnt\n|faint|p1a: Arcanine\n|-ability|p2b: Gyarados|Moxie|boost\n|-boost|p2b: Gyarados|atk|1\n|move|p1b: Kingambit|Assurance|p2b: Gyarados\n|-damage|p2b: Gyarados|0 fnt\n|faint|p2b: Gyarados\n|\n|upkeep\n|\n|t:|1681662020\n|switch|p2b: Iron Bundle|Iron Bundle, L50|100\/100\n|turn|7\n|\n|t:|1681662039\n|move|p2a: Tinkaton|Fake Out|p1b: Kingambit\n|-damage|p1b: Kingambit|94\/100\n|cant|p1b: Kingambit|flinch\n|move|p2b: Iron Bundle|Hydro Pump|p1b: Kingambit\n|-supereffective|p1b: Kingambit\n|-damage|p1b: Kingambit|21\/100\n|\n|upkeep\n|turn|8\n|c|\u2606WE SilentVGC|Moxie\n|c|\u2606WE SilentVGC|thanks for the compliment XD\n|\n|t:|1681662057\n|move|p1b: Kingambit|Sucker Punch|p2a: Tinkaton\n|-resisted|p2a: Tinkaton\n|-damage|p2a: Tinkaton|0 fnt\n|faint|p2a: Tinkaton\n|move|p2b: Iron Bundle|Hydro Pump|p1b: Kingambit\n|-supereffective|p1b: Kingambit\n|-damage|p1b: Kingambit|0 fnt\n|faint|p1b: Kingambit\n|\n|win|WE SilentVGC\n|raw|We_Love_The_Gong's rating: 1182 → 1162<\/strong> (-20 for losing)\n|raw|WE SilentVGC's rating: 1249 → 1269<\/strong> (+20 for winning)\n|l|\u2606We_Love_The_Gong\n|c|\u2606WE SilentVGC|ggs\n","uploadtime":1681662075,"views":20,"p1id":"welovethegong","p2id":"wesilentvgc","formatid":"gen9vgc2023regulationc","rating":1162,"private":0,"password":""}