{"id":"gen9vgc2023regulationc-1862748161","p1":"yogunjamz","p2":"PKMNTrainerKayley","format":"[Gen 9] VGC 2023 Regulation C","log":"|j|\u2606yogunjamz\n|j|\u2606PKMNTrainerKayley\n|t:|1683917873\n|gametype|doubles\n|player|p1|yogunjamz|101|1047\n|player|p2|PKMNTrainerKayley|265|1021\n|teamsize|p1|4\n|teamsize|p2|6\n|gen|9\n|tier|[Gen 9] VGC 2023 Regulation C\n|rated|\n|rule|Species Clause: Limit one of each Pok\u00e9mon\n|rule|Item Clause: Limit one of each item\n|clearpoke\n|poke|p1|Wo-Chien, L50|\n|poke|p1|Eelektross, L50, F|\n|poke|p1|Ting-Lu, L50|\n|poke|p1|Ditto, L50|\n|poke|p2|Dragapult, L50, F|\n|poke|p2|Amoonguss, L50, M|\n|poke|p2|Toxapex, L50, M|\n|poke|p2|Chi-Yu, L50|\n|poke|p2|Sableye, L50, F|\n|poke|p2|Iron Valiant, L50|\n|teampreview|4\n|\n|t:|1683917917\n|start\n|switch|p1a: Eelektross|Eelektross, L50, F|100\/100\n|switch|p1b: Wo-Chien|Wo-Chien, L50|100\/100\n|switch|p2a: Amoonguss|Amoonguss, L50, M|100\/100\n|switch|p2b: Toxapex|Toxapex, L50, M|100\/100\n|-ability|p1b: Wo-Chien|Tablets of Ruin\n|turn|1\n|\n|t:|1683917935\n|-terastallize|p1b: Wo-Chien|Ground\n|move|p2b: Toxapex|Baneful Bunker|p2b: Toxapex\n|-singleturn|p2b: Toxapex|move: Protect\n|move|p1b: Wo-Chien|Light Screen|p1b: Wo-Chien\n|-sidestart|p1: yogunjamz|move: Light Screen\n|move|p1a: Eelektross|Discharge|p2a: Amoonguss|[spread] p2a\n|-activate|p2b: Toxapex|move: Protect\n|-immune|p1b: Wo-Chien\n|-resisted|p2a: Amoonguss\n|-damage|p2a: Amoonguss|94\/100\n|-status|p2a: Amoonguss|par\n|move|p2a: Amoonguss|Toxic|p1b: Wo-Chien\n|-status|p1b: Wo-Chien|tox\n|\n|-damage|p1b: Wo-Chien|94\/100 tox|[from] psn\n|upkeep\n|turn|2\n|\n|t:|1683917961\n|move|p1b: Wo-Chien|Leech Seed|p2b: Toxapex\n|-start|p2b: Toxapex|move: Leech Seed\n|move|p1a: Eelektross|Discharge|p2b: Toxapex|[spread] p2a,p2b\n|-immune|p1b: Wo-Chien\n|-resisted|p2a: Amoonguss\n|-supereffective|p2b: Toxapex\n|-damage|p2a: Amoonguss|86\/100 par\n|-damage|p2b: Toxapex|61\/100\n|move|p2b: Toxapex|Hex|p1b: Wo-Chien\n|-crit|p1b: Wo-Chien\n|-damage|p1b: Wo-Chien|71\/100 tox\n|move|p2a: Amoonguss|Toxic|p1a: Eelektross\n|-status|p1a: Eelektross|tox\n|\n|-heal|p1b: Wo-Chien|77\/100 tox|[from] item: Leftovers\n|-heal|p2b: Toxapex|67\/100|[from] item: Black Sludge\n|-damage|p2b: Toxapex|55\/100|[from] Leech Seed|[of] p1b: Wo-Chien\n|-heal|p1b: Wo-Chien|87\/100 tox|[silent]\n|-damage|p1b: Wo-Chien|74\/100 tox|[from] psn\n|-damage|p1a: Eelektross|94\/100 tox|[from] psn\n|upkeep\n|turn|3\n|\n|t:|1683917989\n|switch|p1b: Ditto|Ditto, L50|100\/100\n|-transform|p1b: Ditto|p2a: Amoonguss|[from] ability: Imposter\n|switch|p1a: Ting-Lu|Ting-Lu, L50|100\/100\n|-ability|p1a: Ting-Lu|Vessel of Ruin\n|move|p2b: Toxapex|Baneful Bunker|p2b: Toxapex\n|-singleturn|p2b: Toxapex|move: Protect\n|move|p2a: Amoonguss|Pollen Puff|p2b: Toxapex\n|-activate|p2b: Toxapex|move: Protect\n|\n|-heal|p2b: Toxapex|60\/100|[from] item: Black Sludge\n|-damage|p2b: Toxapex|48\/100|[from] Leech Seed|[of] p1b: Ditto\n|upkeep\n|turn|4\n|\n|t:|1683918035\n|switch|p2a: Sableye|Sableye, L50, F|100\/100\n|move|p1a: Ting-Lu|Protect|p1a: Ting-Lu\n|-singleturn|p1a: Ting-Lu|Protect\n|move|p2b: Toxapex|Ice Beam|p1a: Ting-Lu\n|-activate|p1a: Ting-Lu|move: Protect\n|move|p1b: Ditto|Hex|p2a: Sableye\n|-damage|p2a: Sableye|81\/100\n|-damage|p1b: Ditto|91\/100|[from] item: Life Orb\n|\n|-heal|p2b: Toxapex|54\/100|[from] item: Black Sludge\n|-damage|p2b: Toxapex|42\/100|[from] Leech Seed|[of] p1b: Ditto\n|-heal|p1b: Ditto|100\/100|[silent]\n|upkeep\n|turn|5\n|\n|t:|1683918065\n|switch|p1b: Wo-Chien|Wo-Chien, L50, tera:Ground|74\/100 tox\n|-ability|p1b: Wo-Chien|Tablets of Ruin\n|move|p2a: Sableye|Thunder Wave|p1b: Wo-Chien\n|-immune|p1b: Wo-Chien\n|move|p1a: Ting-Lu|Stealth Rock|p2a: Sableye\n|-sidestart|p2: PKMNTrainerKayley|move: Stealth Rock\n|move|p2b: Toxapex|Ice Beam|p1b: Wo-Chien\n|-supereffective|p1b: Wo-Chien\n|-crit|p1b: Wo-Chien\n|-damage|p1b: Wo-Chien|47\/100 tox\n|\n|-heal|p1b: Wo-Chien|54\/100 tox|[from] item: Leftovers\n|-heal|p2b: Toxapex|48\/100|[from] item: Black Sludge\n|-damage|p2b: Toxapex|36\/100|[from] Leech Seed|[of] p1b: Wo-Chien\n|-heal|p1b: Wo-Chien|64\/100 tox|[silent]\n|-damage|p1b: Wo-Chien|57\/100 tox|[from] psn\n|-sideend|p1: yogunjamz|move: Light Screen\n|upkeep\n|turn|6\n|\n|t:|1683918101\n|move|p1b: Wo-Chien|Leech Seed|p1a: Ting-Lu\n|-start|p1a: Ting-Lu|move: Leech Seed\n|move|p2a: Sableye|Hex|p1b: Wo-Chien\n|-damage|p1b: Wo-Chien|45\/100 tox\n|move|p1a: Ting-Lu|Hex|p2a: Sableye\n|-damage|p2a: Sableye|66\/100\n|move|p2b: Toxapex|Ice Beam|p1b: Wo-Chien\n|-supereffective|p1b: Wo-Chien\n|-crit|p1b: Wo-Chien\n|-damage|p1b: Wo-Chien|21\/100 tox\n|\n|-heal|p1b: Wo-Chien|27\/100 tox|[from] item: Leftovers\n|-heal|p2b: Toxapex|41\/100|[from] item: Black Sludge\n|-damage|p1a: Ting-Lu|88\/100|[from] Leech Seed|[of] p1b: Wo-Chien\n|-heal|p1b: Wo-Chien|44\/100 tox|[silent]\n|-damage|p2b: Toxapex|29\/100|[from] Leech Seed|[of] p1b: Wo-Chien\n|-heal|p1b: Wo-Chien|54\/100 tox|[silent]\n|-damage|p1b: Wo-Chien|41\/100 tox|[from] psn\n|upkeep\n|turn|7\n|\n|t:|1683918131\n|move|p1b: Wo-Chien|Protect|p1b: Wo-Chien\n|-singleturn|p1b: Wo-Chien|Protect\n|move|p1a: Ting-Lu|Protect|p1a: Ting-Lu\n|-singleturn|p1a: Ting-Lu|Protect\n|move|p2a: Sableye|Hex|p1b: Wo-Chien\n|-activate|p1b: Wo-Chien|move: Protect\n|move|p2b: Toxapex|Toxic Spikes|p1a: Ting-Lu\n|-sidestart|p1: yogunjamz|move: Toxic Spikes\n|\n|-heal|p1b: Wo-Chien|47\/100 tox|[from] item: Leftovers\n|-heal|p2b: Toxapex|35\/100|[from] item: Black Sludge\n|-damage|p1a: Ting-Lu|76\/100|[from] Leech Seed|[of] p1b: Wo-Chien\n|-heal|p1b: Wo-Chien|64\/100 tox|[silent]\n|-damage|p2b: Toxapex|23\/100|[from] Leech Seed|[of] p1b: Wo-Chien\n|-heal|p1b: Wo-Chien|74\/100 tox|[silent]\n|-damage|p1b: Wo-Chien|55\/100 tox|[from] psn\n|upkeep\n|turn|8\n|\n|t:|1683918160\n|move|p1b: Wo-Chien|Leech Seed|p2a: Sableye\n|-start|p2a: Sableye|move: Leech Seed\n|move|p2a: Sableye|Hex|p1b: Wo-Chien\n|-damage|p1b: Wo-Chien|41\/100 tox\n|move|p1a: Ting-Lu|Hex|p2a: Sableye\n|-damage|p2a: Sableye|53\/100\n|move|p2b: Toxapex|Hex|p1b: Wo-Chien\n|-crit|p1b: Wo-Chien\n|-damage|p1b: Wo-Chien|22\/100 tox\n|\n|-heal|p1b: Wo-Chien|29\/100 tox|[from] item: Leftovers\n|-heal|p2b: Toxapex|29\/100|[from] item: Black Sludge\n|-damage|p2a: Sableye|41\/100|[from] Leech Seed|[of] p1b: Wo-Chien\n|-heal|p1b: Wo-Chien|39\/100 tox|[silent]\n|-damage|p1a: Ting-Lu|64\/100|[from] Leech Seed|[of] p1b: Wo-Chien\n|-heal|p1b: Wo-Chien|55\/100 tox|[silent]\n|-damage|p2b: Toxapex|16\/100|[from] Leech Seed|[of] p1b: Wo-Chien\n|-heal|p1b: Wo-Chien|65\/100 tox|[silent]\n|-damage|p1b: Wo-Chien|40\/100 tox|[from] psn\n|upkeep\n|turn|9\n|\n|t:|1683918204\n|move|p1b: Wo-Chien|Protect|p1b: Wo-Chien\n|-singleturn|p1b: Wo-Chien|Protect\n|move|p1a: Ting-Lu|Protect|p1a: Ting-Lu\n|-singleturn|p1a: Ting-Lu|Protect\n|move|p2a: Sableye|Hex|p1b: Wo-Chien\n|-activate|p1b: Wo-Chien|move: Protect\n|move|p2b: Toxapex|Ice Beam|p1a: Ting-Lu\n|-activate|p1a: Ting-Lu|move: Protect\n|\n|-heal|p1b: Wo-Chien|46\/100 tox|[from] item: Leftovers\n|-heal|p2b: Toxapex|22\/100|[from] item: Black Sludge\n|-damage|p2a: Sableye|29\/100|[from] Leech Seed|[of] p1b: Wo-Chien\n|-heal|p1b: Wo-Chien|56\/100 tox|[silent]\n|-damage|p1a: Ting-Lu|52\/100|[from] Leech Seed|[of] p1b: Wo-Chien\n|-heal|p1b: Wo-Chien|73\/100 tox|[silent]\n|-damage|p2b: Toxapex|10\/100|[from] Leech Seed|[of] p1b: Wo-Chien\n|-heal|p1b: Wo-Chien|83\/100 tox|[silent]\n|-damage|p1b: Wo-Chien|52\/100 tox|[from] psn\n|upkeep\n|turn|10\n|\n|t:|1683918230\n|move|p2b: Toxapex|Baneful Bunker|p2b: Toxapex\n|-singleturn|p2b: Toxapex|move: Protect\n|move|p1b: Wo-Chien|Pollen Puff|p1a: Ting-Lu\n|-heal|p1a: Ting-Lu|100\/100\n|move|p2a: Sableye|Hex|p1b: Wo-Chien\n|-crit|p1b: Wo-Chien\n|-damage|p1b: Wo-Chien|30\/100 tox\n|move|p1a: Ting-Lu|Hex|p2a: Sableye\n|-damage|p2a: Sableye|16\/100\n|\n|-heal|p1b: Wo-Chien|36\/100 tox|[from] item: Leftovers\n|-heal|p2b: Toxapex|16\/100|[from] item: Black Sludge\n|-damage|p2a: Sableye|4\/100|[from] Leech Seed|[of] p1b: Wo-Chien\n|-heal|p1b: Wo-Chien|46\/100 tox|[silent]\n|-damage|p1a: Ting-Lu|88\/100|[from] Leech Seed|[of] p1b: Wo-Chien\n|-heal|p1b: Wo-Chien|62\/100 tox|[silent]\n|-damage|p2b: Toxapex|4\/100|[from] Leech Seed|[of] p1b: Wo-Chien\n|-heal|p1b: Wo-Chien|72\/100 tox|[silent]\n|-damage|p1b: Wo-Chien|35\/100 tox|[from] psn\n|upkeep\n|turn|11\n|\n|t:|1683918279\n|move|p1b: Wo-Chien|Protect|p1b: Wo-Chien\n|-singleturn|p1b: Wo-Chien|Protect\n|move|p2a: Sableye|Hex|p1b: Wo-Chien\n|-activate|p1b: Wo-Chien|move: Protect\n|move|p1a: Ting-Lu|Earthquake|p2b: Toxapex|[spread] p2a,p2b\n|-activate|p1b: Wo-Chien|move: Protect\n|-supereffective|p2b: Toxapex\n|-damage|p2a: Sableye|0 fnt\n|-damage|p2b: Toxapex|0 fnt\n|faint|p2a: Sableye\n|faint|p2b: Toxapex\n|\n|-heal|p1b: Wo-Chien|41\/100 tox|[from] item: Leftovers\n|-damage|p1a: Ting-Lu|76\/100|[from] Leech Seed|[of] p1b: Wo-Chien\n|-heal|p1b: Wo-Chien|58\/100 tox|[silent]\n|-damage|p1b: Wo-Chien|14\/100 tox|[from] psn\n|upkeep\n|\n|t:|1683918297\n|switch|p2a: Amoonguss|Amoonguss, L50, M|86\/100 par\n|switch|p2b: Dragapult|Dragapult, L50, F|100\/100\n|-damage|p2b: Dragapult|88\/100|[from] Stealth Rock\n|-damage|p2a: Amoonguss|74\/100 par|[from] Stealth Rock\n|turn|12\n|\n|t:|1683918343\n|-terastallize|p2b: Dragapult|Fairy\n|move|p2b: Dragapult|Tera Blast|p1a: Ting-Lu\n|-supereffective|p1a: Ting-Lu\n|-damage|p1a: Ting-Lu|55\/100\n|move|p1b: Wo-Chien|Light Screen|p1b: Wo-Chien\n|-sidestart|p1: yogunjamz|move: Light Screen\n|move|p1a: Ting-Lu|Hex|p2b: Dragapult\n|-damage|p2b: Dragapult|77\/100\n|move|p2a: Amoonguss|Toxic|p1a: Ting-Lu\n|-status|p1a: Ting-Lu|tox\n|\n|-heal|p1b: Wo-Chien|20\/100 tox|[from] item: Leftovers\n|-damage|p1a: Ting-Lu|42\/100 tox|[from] Leech Seed|[of] p1b: Wo-Chien\n|-heal|p1b: Wo-Chien|37\/100 tox|[silent]\n|-damage|p1b: Wo-Chien|0 fnt|[from] psn\n|faint|p1b: Wo-Chien\n|-damage|p1a: Ting-Lu|36\/100 tox|[from] psn\n|upkeep\n|\n|t:|1683918367\n|switch|p1b: Ditto|Ditto, L50|100\/100\n|-status|p1b: Ditto|psn\n|-transform|p1b: Ditto|p2a: Amoonguss|[from] ability: Imposter\n|turn|13\n|\n|t:|1683918388\n|move|p2b: Dragapult|Dragon Darts|p1b: Ditto\n|-damage|p1b: Ditto|68\/100 psn\n|-anim|p2b: Dragapult|Dragon Darts|p1a: Ting-Lu\n|-damage|p1a: Ting-Lu|28\/100 tox\n|move|p1a: Ting-Lu|Hex|p2a: Amoonguss\n|-crit|p2a: Amoonguss\n|-damage|p2a: Amoonguss|57\/100 par\n|move|p1b: Ditto|Toxic|p2b: Dragapult\n|-status|p2b: Dragapult|tox\n|move|p2a: Amoonguss|Hex|p1a: Ting-Lu\n|-resisted|p1a: Ting-Lu\n|-damage|p1a: Ting-Lu|23\/100 tox\n|-enditem|p1a: Ting-Lu|Aguav Berry|[eat]\n|-heal|p1a: Ting-Lu|56\/100 tox|[from] item: Aguav Berry\n|\n|-damage|p1a: Ting-Lu|44\/100 tox|[from] Leech Seed|[of] p1b: Ditto\n|-heal|p1b: Ditto|88\/100 psn|[silent]\n|-damage|p2b: Dragapult|71\/100 tox|[from] psn\n|-damage|p1a: Ting-Lu|31\/100 tox|[from] psn\n|-damage|p1b: Ditto|76\/100 psn|[from] psn\n|upkeep\n|turn|14\n|\n|t:|1683918416\n|move|p2b: Dragapult|Tera Blast|p1a: Ting-Lu\n|-supereffective|p1a: Ting-Lu\n|-damage|p1a: Ting-Lu|2\/100 tox\n|move|p1a: Ting-Lu|Hex|p2b: Dragapult\n|-damage|p2b: Dragapult|52\/100 tox\n|move|p1b: Ditto|Pollen Puff|p1a: Ting-Lu\n|-heal|p1a: Ting-Lu|52\/100 tox\n|-damage|p1b: Ditto|66\/100 psn|[from] item: Life Orb\n|move|p2a: Amoonguss|Pollen Puff|p2b: Dragapult\n|-heal|p2b: Dragapult|100\/100 tox\n|\n|-damage|p1a: Ting-Lu|39\/100 tox|[from] Leech Seed|[of] p1b: Ditto\n|-heal|p1b: Ditto|87\/100 psn|[silent]\n|-damage|p2b: Dragapult|88\/100 tox|[from] psn\n|-damage|p1a: Ting-Lu|21\/100 tox|[from] psn\n|-damage|p1b: Ditto|75\/100 psn|[from] psn\n|upkeep\n|turn|15\n|\n|t:|1683918451\n|move|p1a: Ting-Lu|Protect|p1a: Ting-Lu\n|-singleturn|p1a: Ting-Lu|Protect\n|move|p2b: Dragapult|Tera Blast|p1a: Ting-Lu\n|-activate|p1a: Ting-Lu|move: Protect\n|move|p1b: Ditto|Hex|p2b: Dragapult\n|-damage|p2b: Dragapult|56\/100 tox\n|-damage|p1b: Ditto|65\/100 psn|[from] item: Life Orb\n|move|p2a: Amoonguss|Pollen Puff|p2b: Dragapult\n|-heal|p2b: Dragapult|100\/100 tox\n|\n|-damage|p1a: Ting-Lu|9\/100 tox|[from] Leech Seed|[of] p1b: Ditto\n|-heal|p1b: Ditto|86\/100 psn|[silent]\n|-damage|p2b: Dragapult|82\/100 tox|[from] psn\n|-damage|p1a: Ting-Lu|0 fnt|[from] psn\n|faint|p1a: Ting-Lu\n|-damage|p1b: Ditto|73\/100 psn|[from] psn\n|upkeep\n|\n|t:|1683918471\n|switch|p1a: Eelektross|Eelektross, L50, F|94\/100 tox\n|turn|16\n|\n|t:|1683918499\n|move|p2b: Dragapult|Dragon Darts|p1a: Eelektross\n|-damage|p1a: Eelektross|78\/100 tox\n|-anim|p2b: Dragapult|Dragon Darts|p1b: Ditto\n|-damage|p1b: Ditto|40\/100 psn\n|move|p1a: Eelektross|Flash Cannon|p2b: Dragapult\n|-supereffective|p2b: Dragapult\n|-damage|p2b: Dragapult|37\/100 tox\n|move|p1b: Ditto|Pollen Puff|p1a: Eelektross\n|-heal|p1a: Eelektross|100\/100 tox\n|-damage|p1b: Ditto|30\/100 psn|[from] item: Life Orb\n|cant|p2a: Amoonguss|par\n|\n|-damage|p2b: Dragapult|12\/100 tox|[from] psn\n|-damage|p1a: Eelektross|94\/100 tox|[from] psn\n|-damage|p1b: Ditto|18\/100 psn|[from] psn\n|-sideend|p1: yogunjamz|move: Light Screen\n|upkeep\n|turn|17\n|\n|t:|1683918532\n|move|p2b: Dragapult|Hex|p1b: Ditto\n|-damage|p1b: Ditto|0 fnt\n|faint|p1b: Ditto\n|move|p1a: Eelektross|Flamethrower|p2a: Amoonguss\n|-supereffective|p2a: Amoonguss\n|-damage|p2a: Amoonguss|26\/100 par\n|move|p2a: Amoonguss|Pollen Puff|p2b: Dragapult\n|-heal|p2b: Dragapult|62\/100 tox\n|\n|-damage|p2b: Dragapult|31\/100 tox|[from] psn\n|-damage|p1a: Eelektross|82\/100 tox|[from] psn\n|upkeep\n|turn|18\n|\n|t:|1683918554\n|move|p2b: Dragapult|Hex|p1a: Eelektross\n|-damage|p1a: Eelektross|49\/100 tox\n|move|p1a: Eelektross|Discharge|p2b: Dragapult|[spread] p2a,p2b\n|-resisted|p2a: Amoonguss\n|-damage|p2a: Amoonguss|18\/100 par\n|-damage|p2b: Dragapult|7\/100 tox\n|move|p2a: Amoonguss|Pollen Puff|p2b: Dragapult\n|-heal|p2b: Dragapult|56\/100 tox\n|\n|-damage|p2b: Dragapult|19\/100 tox|[from] psn\n|-damage|p1a: Eelektross|30\/100 tox|[from] psn\n|upkeep\n|turn|19\n|\n|t:|1683918574\n|move|p2b: Dragapult|Hex|p1a: Eelektross\n|-damage|p1a: Eelektross|0 fnt\n|faint|p1a: Eelektross\n|\n|win|PKMNTrainerKayley\n|raw|yogunjamz's rating: 1047 → 1029<\/strong> (-18 for losing)\n|raw|PKMNTrainerKayley's rating: 1021 → 1061<\/strong> (+40 for winning)\n","uploadtime":1683918584,"views":9,"p1id":"yogunjamz","p2id":"pkmntrainerkayley","formatid":"gen9vgc2023regulationc","rating":1029,"private":0,"password":""}