{"id":"gen9vgc2023regulationc-1849195311","p1":"Kammala","p2":"kyanabsl","format":"[Gen 9] VGC 2023 Regulation C","log":"|j|\u2606Kammala\n|j|\u2606kyanabsl\n|t:|1682171241\n|gametype|doubles\n|player|p1|Kammala|2|1364\n|player|p2|kyanabsl|266|1347\n|teamsize|p1|6\n|teamsize|p2|6\n|gen|9\n|tier|[Gen 9] VGC 2023 Regulation C\n|rated|\n|rule|Species Clause: Limit one of each Pok\u00e9mon\n|rule|Item Clause: Limit one of each item\n|clearpoke\n|poke|p1|Azumarill, L50, F|\n|poke|p1|Amoonguss, L50, F|\n|poke|p1|Tauros-Paldea-Blaze, L50, M|\n|poke|p1|Ting-Lu, L50|\n|poke|p1|Baxcalibur, L50, F|\n|poke|p1|Flutter Mane, L50|\n|poke|p2|Lilligant, L50, F|\n|poke|p2|Torkoal, L50, M|\n|poke|p2|Chien-Pao, L50|\n|poke|p2|Great Tusk, L50|\n|poke|p2|Dragonite, L50, M|\n|poke|p2|Flutter Mane, L50|\n|teampreview|4\n|inactive|Battle timer is ON: inactive players will automatically lose when time's up. (requested by Kammala)\nKammala has agreed to open team sheets.\n|inactive|Kammala has 60 seconds left.\n|\n|t:|1682171285\n|start\n|switch|p1a: Tauros|Tauros-Paldea-Blaze, L50, M|100\/100\n|switch|p1b: Ting-Lu|Ting-Lu, L50|100\/100\n|switch|p2a: Lilligant|Lilligant, L50, F|100\/100\n|switch|p2b: Torkoal|Torkoal, L50, M|100\/100\n|-ability|p1a: Tauros|Intimidate|boost\n|-unboost|p2a: Lilligant|atk|1\n|-unboost|p2b: Torkoal|atk|1\n|-ability|p1b: Ting-Lu|Vessel of Ruin\n|-weather|SunnyDay|[from] ability: Drought|[of] p2b: Torkoal\n|turn|1\n|\n|t:|1682171308\n|move|p2a: Lilligant|Sleep Powder|p1b: Ting-Lu\n|-status|p1b: Ting-Lu|slp|[from] move: Sleep Powder\n|move|p1a: Tauros|Flare Blitz|p2a: Lilligant\n|-supereffective|p2a: Lilligant\n|-enditem|p2a: Lilligant|Focus Sash\n|-damage|p2a: Lilligant|1\/100\n|-damage|p1a: Tauros|74\/100|[from] Recoil\n|cant|p1b: Ting-Lu|slp\n|move|p2b: Torkoal|Earth Power|p1a: Tauros\n|-supereffective|p1a: Tauros\n|-damage|p1a: Tauros|28\/100\n|\n|-weather|SunnyDay|[upkeep]\n|upkeep\n|turn|2\n|inactive|Kammala has 30 seconds left.\n|inactive|kyanabsl has 30 seconds left.\n|\n|t:|1682171337\n|move|p1a: Tauros|Protect|p1a: Tauros\n|-singleturn|p1a: Tauros|Protect\n|move|p2a: Lilligant|Leaf Storm|p1b: Ting-Lu|[miss]\n|-miss|p2a: Lilligant|p1b: Ting-Lu\n|-curestatus|p1b: Ting-Lu|slp|[msg]\n|move|p1b: Ting-Lu|Stealth Rock|p2b: Torkoal\n|-sidestart|p2: kyanabsl|move: Stealth Rock\n|move|p2b: Torkoal|Earth Power|p1a: Tauros\n|-activate|p1a: Tauros|move: Protect\n|\n|-weather|SunnyDay|[upkeep]\n|upkeep\n|turn|3\n|\n|t:|1682171355\n|move|p1b: Ting-Lu|Protect|p1b: Ting-Lu\n|-singleturn|p1b: Ting-Lu|Protect\n|move|p2a: Lilligant|Sleep Powder|p1b: Ting-Lu\n|-activate|p1b: Ting-Lu|move: Protect\n|move|p1a: Tauros|Flare Blitz|p2a: Lilligant\n|-supereffective|p2a: Lilligant\n|-damage|p2a: Lilligant|0 fnt\n|faint|p2a: Lilligant\n|-damage|p1a: Tauros|27\/100|[from] Recoil\n|move|p2b: Torkoal|Earth Power|p1a: Tauros\n|-supereffective|p1a: Tauros\n|-damage|p1a: Tauros|0 fnt\n|faint|p1a: Tauros\n|\n|-weather|SunnyDay|[upkeep]\n|upkeep\n|\n|t:|1682171377\n|switch|p2a: Great Tusk|Great Tusk, L50|100\/100\n|switch|p1a: Baxcalibur|Baxcalibur, L50, F|100\/100\n|-damage|p2a: Great Tusk|98\/100|[from] Stealth Rock\n|-activate|p2a: Great Tusk|ability: Protosynthesis\n|-start|p2a: Great Tusk|protosynthesisatk\n|turn|4\n|inactive|Kammala has 30 seconds left.\n|\n|t:|1682171406\n|move|p1a: Baxcalibur|Protect|p1a: Baxcalibur\n|-singleturn|p1a: Baxcalibur|Protect\n|move|p2a: Great Tusk|Headlong Rush|p1a: Baxcalibur\n|-activate|p1a: Baxcalibur|move: Protect\n|move|p1b: Ting-Lu|Ruination|p2b: Torkoal|[miss]\n|-miss|p1b: Ting-Lu|p2b: Torkoal\n|move|p2b: Torkoal|Heat Wave|p1b: Ting-Lu|[spread] p1b\n|-activate|p1a: Baxcalibur|move: Protect\n|-damage|p1b: Ting-Lu|74\/100\n|\n|-weather|SunnyDay|[upkeep]\n|-heal|p1b: Ting-Lu|80\/100|[from] item: Leftovers\n|upkeep\n|turn|5\n|inactive|Kammala has 30 seconds left.\n|inactive|Kammala has 20 seconds left.\n|inactive|Kammala has 15 seconds left.\n|\n|t:|1682171450\n|move|p2a: Great Tusk|Headlong Rush|p1a: Baxcalibur\n|-damage|p1a: Baxcalibur|15\/100\n|-unboost|p2a: Great Tusk|def|1\n|-unboost|p2a: Great Tusk|spd|1\n|move|p1a: Baxcalibur|Icicle Crash|p2a: Great Tusk\n|-supereffective|p2a: Great Tusk\n|-damage|p2a: Great Tusk|0 fnt\n|faint|p2a: Great Tusk\n|-end|p2a: Great Tusk|Protosynthesis|[silent]\n|move|p1b: Ting-Lu|Ruination|p2b: Torkoal\n|-damage|p2b: Torkoal|51\/100\n|move|p2b: Torkoal|Heat Wave|p1a: Baxcalibur|[spread] p1a,p1b\n|-damage|p1a: Baxcalibur|0 fnt\n|-damage|p1b: Ting-Lu|51\/100\n|faint|p1a: Baxcalibur\n|\n|-weather|none\n|-heal|p1b: Ting-Lu|57\/100|[from] item: Leftovers\n|upkeep\n|\n|t:|1682171472\n|switch|p2a: Flutter Mane|Flutter Mane, L50|100\/100\n|switch|p1a: Amoonguss|Amoonguss, L50, F|100\/100\n|-damage|p2a: Flutter Mane|88\/100|[from] Stealth Rock\n|turn|6\n|\n|t:|1682171491\n|-terastallize|p1b: Ting-Lu|Poison\n|move|p2a: Flutter Mane|Moonblast|p1a: Amoonguss\n|-resisted|p1a: Amoonguss\n|-damage|p1a: Amoonguss|76\/100\n|move|p1b: Ting-Lu|Heavy Slam|p2a: Flutter Mane\n|-supereffective|p2a: Flutter Mane\n|-damage|p2a: Flutter Mane|0 fnt\n|faint|p2a: Flutter Mane\n|-end|p2a: Flutter Mane|Protosynthesis|[silent]\n|move|p2b: Torkoal|Heat Wave|p1a: Amoonguss|[spread] p1a,p1b\n|-supereffective|p1a: Amoonguss\n|-damage|p1a: Amoonguss|34\/100\n|-damage|p1b: Ting-Lu|39\/100\n|-enditem|p1a: Amoonguss|Sitrus Berry|[eat]\n|-heal|p1a: Amoonguss|59\/100|[from] item: Sitrus Berry\n|move|p1a: Amoonguss|Spore|p2b: Torkoal\n|-status|p2b: Torkoal|slp|[from] move: Spore\n|\n|-heal|p1b: Ting-Lu|45\/100|[from] item: Leftovers\n|upkeep\n|turn|7\n|inactive|kyanabsl has 30 seconds left.\n|inactive|kyanabsl has 20 seconds left.\n|inactive|kyanabsl has 15 seconds left.\n|inactive|kyanabsl has 10 seconds left.\n|inactive|kyanabsl has 5 seconds left.\n|\n|t:|1682171546\n|move|p1b: Ting-Lu|Ruination|p2b: Torkoal\n|-damage|p2b: Torkoal|26\/100 slp\n|cant|p2b: Torkoal|slp\n|move|p1a: Amoonguss|Pollen Puff|p1b: Ting-Lu\n|-heal|p1b: Ting-Lu|95\/100\n|\n|-heal|p1b: Ting-Lu|100\/100|[from] item: Leftovers\n|upkeep\n|turn|8\n|inactive|kyanabsl has 30 seconds left.\n|inactive|kyanabsl has 20 seconds left.\n|inactive|kyanabsl has 15 seconds left.\n|inactive|kyanabsl has 10 seconds left.\n|inactive|kyanabsl has 5 seconds left.\n|c|\u2606Kammala|Really?\n|\n|t:|1682171601\n|move|p1b: Ting-Lu|Heavy Slam|p2b: Torkoal\n|-resisted|p2b: Torkoal\n|-damage|p2b: Torkoal|12\/100 slp\n|cant|p2b: Torkoal|slp\n|move|p1a: Amoonguss|Pollen Puff|p2b: Torkoal\n|-resisted|p2b: Torkoal\n|-damage|p2b: Torkoal|3\/100 slp\n|\n|upkeep\n|turn|9\n|inactive|kyanabsl has 30 seconds left.\n|inactive|kyanabsl has 20 seconds left.\n|inactive|kyanabsl has 15 seconds left.\n|inactive|kyanabsl has 10 seconds left.\n|inactive|kyanabsl has 5 seconds left.\n|\n|t:|1682171656\n|move|p1b: Ting-Lu|Heavy Slam|p2b: Torkoal\n|-resisted|p2b: Torkoal\n|-damage|p2b: Torkoal|0 fnt\n|faint|p2b: Torkoal\n|\n|win|Kammala\n|raw|Kammala's rating: 1364 → 1383<\/strong> (+19 for winning)\n|raw|kyanabsl's rating: 1347 → 1328<\/strong> (-19 for losing)\n","uploadtime":1682171667,"views":23,"p1id":"kammala","p2id":"kyanabsl","formatid":"gen9vgc2023regulationc","rating":1328,"private":0,"password":""}