{"id":"gen9vgc2023regulationc-1860394429","p1":"breakfast bandit","p2":"aggron zheng","format":"[Gen 9] VGC 2023 Regulation C","log":"|j|\u2606breakfast bandit\n|j|\u2606aggron zheng\n|t:|1683640335\n|gametype|doubles\n|player|p1|breakfast bandit|wattson|1526\n|player|p2|aggron zheng|265|1508\n|teamsize|p1|6\n|teamsize|p2|6\n|gen|9\n|tier|[Gen 9] VGC 2023 Regulation C\n|rated|\n|rule|Species Clause: Limit one of each Pok\u00e9mon\n|rule|Item Clause: Limit one of each item\n|clearpoke\n|poke|p1|Murkrow, L50, M|\n|poke|p1|Flutter Mane, L50|\n|poke|p1|Great Tusk, L50|\n|poke|p1|Brute Bonnet, L50|\n|poke|p1|Chi-Yu, L50|\n|poke|p1|Gyarados, L50, F|\n|poke|p2|Dondozo, L50, M|\n|poke|p2|Tatsugiri, L50, F|\n|poke|p2|Chi-Yu, L50|\n|poke|p2|Iron Bundle, L50|\n|poke|p2|Dragonite, L50, M|\n|poke|p2|Iron Hands, L50|\n|teampreview|4\n|c|\u2606aggron zheng|glhf\naggron zheng has agreed to open team sheets.\nbreakfast bandit has agreed to open team sheets.\n|c|\u2606breakfast bandit|glhf\n|j| Adwf194\n|\n|t:|1683640401\n|start\n|switch|p1a: Murkrow|Murkrow, L50, M|100\/100\n|switch|p1b: Flutter Mane|Flutter Mane, L50|100\/100\n|switch|p2a: Chi-Yu|Chi-Yu, L50|100\/100\n|switch|p2b: Dragonite|Dragonite, L50, M|100\/100\n|-ability|p2a: Chi-Yu|Beads of Ruin\n|turn|1\n|\n|t:|1683640458\n|-end|p1b: Flutter Mane|Protosynthesis|[silent]\n|switch|p1b: Gyarados|Gyarados, L50, F|100\/100\n|-ability|p1b: Gyarados|Intimidate|boost\n|-unboost|p2a: Chi-Yu|atk|1\n|-unboost|p2b: Dragonite|atk|1\n|-terastallize|p2b: Dragonite|Flying\n|move|p1a: Murkrow|Tailwind|p1a: Murkrow\n|-sidestart|p1: breakfast bandit|move: Tailwind\n|move|p2a: Chi-Yu|Heat Wave|p1b: Gyarados|[spread] p1a,p1b\n|-resisted|p1b: Gyarados\n|-enditem|p1a: Murkrow|Focus Sash\n|-damage|p1a: Murkrow|1\/100\n|-damage|p1b: Gyarados|79\/100\n|-status|p1a: Murkrow|brn\n|move|p2b: Dragonite|Tera Blast|p1b: Gyarados\n|-damage|p1b: Gyarados|21\/100\n|\n|-damage|p1a: Murkrow|0 fnt|[from] brn\n|faint|p1a: Murkrow\n|upkeep\n|\n|t:|1683640480\n|switch|p1a: Flutter Mane|Flutter Mane, L50|100\/100\n|turn|2\n|\n|t:|1683640525\n|move|p2a: Chi-Yu|Protect|p2a: Chi-Yu\n|-singleturn|p2a: Chi-Yu|Protect\n|move|p1a: Flutter Mane|Thunderbolt|p2b: Dragonite\n|-supereffective|p2b: Dragonite\n|-damage|p2b: Dragonite|41\/100\n|move|p1b: Gyarados|Waterfall|p2a: Chi-Yu\n|-activate|p2a: Chi-Yu|move: Protect\n|move|p2b: Dragonite|Tera Blast|p1b: Gyarados\n|-damage|p1b: Gyarados|0 fnt\n|faint|p1b: Gyarados\n|\n|upkeep\n|\n|t:|1683640538\n|switch|p1b: Brute Bonnet|Brute Bonnet, L50|100\/100\n|turn|3\n|\n|t:|1683640571\n|switch|p2a: Tatsugiri|Tatsugiri, L50, F|100\/100\n|-terastallize|p1b: Brute Bonnet|Fire\n|move|p1b: Brute Bonnet|Sucker Punch|p2b: Dragonite\n|-damage|p2b: Dragonite|0 fnt\n|faint|p2b: Dragonite\n|move|p1a: Flutter Mane|Thunderbolt|p2a: Tatsugiri\n|-damage|p2a: Tatsugiri|35\/100\n|\n|upkeep\n|\n|t:|1683640579\n|switch|p2b: Dondozo|Dondozo, L50, M|100\/100\n|-activate|p2a: Tatsugiri|ability: Commander|[of] p2b: Dondozo\n|-boost|p2b: Dondozo|atk|2\n|-boost|p2b: Dondozo|spa|2\n|-boost|p2b: Dondozo|spe|2\n|-boost|p2b: Dondozo|def|2\n|-boost|p2b: Dondozo|spd|2\n|turn|4\n|\n|t:|1683640601\n|move|p2b: Dondozo|Protect|p2b: Dondozo\n|-singleturn|p2b: Dondozo|Protect\n|move|p1a: Flutter Mane|Thunderbolt|p2b: Dondozo\n|-activate|p2b: Dondozo|move: Protect\n|move|p1b: Brute Bonnet|Spore|p2b: Dondozo\n|-activate|p2b: Dondozo|move: Protect\n|\n|-sideend|p1: breakfast bandit|move: Tailwind\n|upkeep\n|turn|5\n|\n|t:|1683640624\n|move|p1a: Flutter Mane|Thunderbolt|p2b: Dondozo\n|-supereffective|p2b: Dondozo\n|-crit|p2b: Dondozo\n|-damage|p2b: Dondozo|0 fnt\n|faint|p2b: Dondozo\n|move|p1b: Brute Bonnet|Spore|p2a: Tatsugiri\n|-status|p2a: Tatsugiri|slp|[from] move: Spore\n|\n|upkeep\n|c|\u2606aggron zheng|*sigh*\n|\n|t:|1683640633\n|switch|p2b: Chi-Yu|Chi-Yu, L50|100\/100\n|-ability|p2b: Chi-Yu|Beads of Ruin\n|turn|6\n|c|\u2606breakfast bandit|vgc moment\n|c|\u2606aggron zheng|truth\n|j| kendricklamarfan\n|\n|t:|1683640700\n|cant|p2a: Tatsugiri|slp\n|move|p2a: Tatsugiri|Sleep Talk|p2a: Tatsugiri\n|move|p2a: Tatsugiri|Icy Wind|p1b: Brute Bonnet|[from]move: Sleep Talk|[spread] p1a\n|-miss|p2a: Tatsugiri|p1b: Brute Bonnet\n|-damage|p1a: Flutter Mane|83\/100\n|-unboost|p1a: Flutter Mane|spe|1\n|move|p2b: Chi-Yu|Overheat|p1a: Flutter Mane\n|-damage|p1a: Flutter Mane|0 fnt\n|-unboost|p2b: Chi-Yu|spa|2\n|faint|p1a: Flutter Mane\n|-end|p1a: Flutter Mane|Protosynthesis|[silent]\n|move|p1b: Brute Bonnet|Spore|p2b: Chi-Yu\n|-status|p2b: Chi-Yu|slp|[from] move: Spore\n|\n|upkeep\n|turn|7\n|\n|t:|1683640729\n|cant|p2a: Tatsugiri|slp\n|move|p2a: Tatsugiri|Sleep Talk|p2a: Tatsugiri\n|move|p2a: Tatsugiri|Icy Wind|p1b: Brute Bonnet|[from]move: Sleep Talk\n|-resisted|p1b: Brute Bonnet\n|-damage|p1b: Brute Bonnet|91\/100\n|-unboost|p1b: Brute Bonnet|spe|1\n|cant|p2b: Chi-Yu|slp\n|move|p1b: Brute Bonnet|Seed Bomb|p2a: Tatsugiri\n|-damage|p2a: Tatsugiri|0 fnt\n|faint|p2a: Tatsugiri\n|\n|upkeep\n|turn|8\n|\n|t:|1683640745\n|cant|p2b: Chi-Yu|slp\n|move|p1b: Brute Bonnet|Seed Bomb|p2b: Chi-Yu\n|-resisted|p2b: Chi-Yu\n|-damage|p2b: Chi-Yu|65\/100 slp\n|\n|upkeep\n|turn|9\n|\n|t:|1683640755\n|cant|p2b: Chi-Yu|slp\n|move|p1b: Brute Bonnet|Seed Bomb|p2b: Chi-Yu\n|-resisted|p2b: Chi-Yu\n|-damage|p2b: Chi-Yu|26\/100 slp\n|\n|upkeep\n|turn|10\n|c|\u2606aggron zheng|gg\n|c|\u2606breakfast bandit|gg\n|\n|t:|1683640763\n|-curestatus|p2b: Chi-Yu|slp|[msg]\n|move|p2b: Chi-Yu|Dark Pulse|p1b: Brute Bonnet\n|-damage|p1b: Brute Bonnet|69\/100\n|move|p1b: Brute Bonnet|Seed Bomb|p2b: Chi-Yu\n|-resisted|p2b: Chi-Yu\n|-damage|p2b: Chi-Yu|0 fnt\n|faint|p2b: Chi-Yu\n|\n|win|breakfast bandit\n|raw|breakfast bandit's rating: 1526 → 1545<\/strong> (+19 for winning)\n|raw|aggron zheng's rating: 1508 → 1489<\/strong> (-19 for losing)\n","uploadtime":1683640776,"views":18,"p1id":"breakfastbandit","p2id":"aggronzheng","formatid":"gen9vgc2023regulationc","rating":1489,"private":0,"password":""}