{"id":"gen9vgc2023regulationc-1852409650","p1":"Sujssnssisjs","p2":"Guest 5450442","format":"[Gen 9] VGC 2023 Regulation C","log":"|j|\u2606Sujssnssisjs\n|j|\u203dGuest 5450442\n|t:|1682554104\n|gametype|doubles\n|player|p1|Sujssnssisjs|265|1050\n|player|p2|Guest 5450442|1|1043\n|teamsize|p1|6\n|teamsize|p2|6\n|gen|9\n|tier|[Gen 9] VGC 2023 Regulation C\n|rated|\n|rule|Species Clause: Limit one of each Pok\u00e9mon\n|rule|Item Clause: Limit one of each item\n|clearpoke\n|poke|p1|Garganacl, L50, F|\n|poke|p1|Glimmora, L50, F|\n|poke|p1|Iron Bundle, L50|\n|poke|p1|Gyarados, L50, M|\n|poke|p1|Amoonguss, L50, F|\n|poke|p1|Iron Hands, L50|\n|poke|p2|Dondozo, L50, F|\n|poke|p2|Tatsugiri, L50, M|\n|poke|p2|Sableye, L50, M|\n|poke|p2|Flutter Mane, L50|\n|poke|p2|Flamigo, L50, F|\n|poke|p2|Maushold-Four, L50|\n|teampreview|4\n|\n|t:|1682554134\n|start\n|switch|p1a: Garganacl|Garganacl, L50, F|100\/100\n|switch|p1b: Glimmora|Glimmora, L50, F|100\/100\n|switch|p2a: Tatsugiri|Tatsugiri, L50, M|100\/100\n|switch|p2b: Flutter Mane|Flutter Mane, L50|100\/100\n|turn|1\n|inactive|Battle timer is ON: inactive players will automatically lose when time's up. (requested by Sujssnssisjs)\n|inactive|Sujssnssisjs has 60 seconds left.\n|\n|t:|1682554165\n|move|p2a: Tatsugiri|Protect|p2a: Tatsugiri\n|-singleturn|p2a: Tatsugiri|Protect\n|move|p2b: Flutter Mane|Energy Ball|p1a: Garganacl\n|-supereffective|p1a: Garganacl\n|-damage|p1a: Garganacl|39\/100\n|move|p1b: Glimmora|Stealth Rock|p2a: Tatsugiri\n|-sidestart|p2: Guest 5450442|move: Stealth Rock\n|move|p1a: Garganacl|Salt Cure|p1b: Glimmora\n|-damage|p1b: Glimmora|86\/100\n|-start|p1b: Glimmora|Salt Cure\n|-activate|p1b: Glimmora|ability: Toxic Debris\n|-sidestart|p2: Guest 5450442|move: Toxic Spikes\n|\n|-heal|p1a: Garganacl|44\/100|[from] item: Leftovers\n|-damage|p1b: Glimmora|74\/100|[from] Salt Cure\n|-status|p2a: Tatsugiri|tox|[from] item: Toxic Orb\n|upkeep\n|turn|2\n|inactive|Sujssnssisjs has 30 seconds left.\n|\n|t:|1682554192\n|switch|p1b: Gyarados|Gyarados, L50, M|100\/100\n|-ability|p1b: Gyarados|Intimidate|boost\n|-unboost|p2a: Tatsugiri|atk|1\n|-unboost|p2b: Flutter Mane|atk|1\n|switch|p1a: Iron Hands|Iron Hands, L50|100\/100\n|move|p2b: Flutter Mane|Energy Ball|p1a: Iron Hands\n|-damage|p1a: Iron Hands|79\/100\n|move|p2a: Tatsugiri|Chilling Water|p1b: Gyarados\n|-resisted|p1b: Gyarados\n|-damage|p1b: Gyarados|91\/100\n|-unboost|p1b: Gyarados|atk|1\n|\n|-damage|p2a: Tatsugiri|95\/100 tox|[from] psn\n|upkeep\n|turn|3\n|inactive|Sujssnssisjs has 30 seconds left.\n|inactive|Sujssnssisjs has 20 seconds left.\n|inactive|Sujssnssisjs has 15 seconds left.\n|inactive|Sujssnssisjs has 10 seconds left.\n|\n|t:|1682554241\n|move|p2a: Tatsugiri|Protect|p2a: Tatsugiri\n|-singleturn|p2a: Tatsugiri|Protect\n|move|p2b: Flutter Mane|Energy Ball|p1b: Gyarados\n|-damage|p1b: Gyarados|61\/100\n|-unboost|p1b: Gyarados|spd|1\n|move|p1b: Gyarados|Thunder Wave|p2b: Flutter Mane|[miss]\n|-miss|p1b: Gyarados|p2b: Flutter Mane\n|move|p1a: Iron Hands|Wild Charge|p2b: Flutter Mane\n|-damage|p2b: Flutter Mane|0 fnt\n|faint|p2b: Flutter Mane\n|-end|p2b: Flutter Mane|Protosynthesis|[silent]\n|-damage|p1a: Iron Hands|66\/100|[from] Recoil\n|\n|-damage|p2a: Tatsugiri|83\/100 tox|[from] psn\n|upkeep\n|\n|t:|1682554256\n|switch|p2b: Dondozo|Dondozo, L50, F|100\/100\n|-activate|p2a: Tatsugiri|ability: Commander|[of] p2b: Dondozo\n|-boost|p2b: Dondozo|atk|2\n|-boost|p2b: Dondozo|spa|2\n|-boost|p2b: Dondozo|spe|2\n|-boost|p2b: Dondozo|def|2\n|-boost|p2b: Dondozo|spd|2\n|-damage|p2b: Dondozo|88\/100|[from] Stealth Rock\n|-status|p2b: Dondozo|psn\n|turn|4\n|\n|t:|1682554278\n|switch|p1b: Glimmora|Glimmora, L50, F|74\/100\n|move|p2b: Dondozo|Order Up|p1a: Iron Hands\n|-damage|p1a: Iron Hands|36\/100\n|-boost|p2b: Dondozo|atk|1\n|move|p1a: Iron Hands|Volt Switch|p2b: Dondozo\n|-supereffective|p2b: Dondozo\n|-damage|p2b: Dondozo|74\/100 psn\n|\n|t:|1682554296\n|-end|p1a: Iron Hands|Quark Drive|[silent]\n|switch|p1a: Garganacl|Garganacl, L50, F|44\/100|[from] Volt Switch\n|\n|-heal|p1a: Garganacl|50\/100|[from] item: Leftovers\n|-damage|p2a: Tatsugiri|66\/100 tox|[from] psn\n|-damage|p2b: Dondozo|62\/100 psn|[from] psn\n|upkeep\n|turn|5\n|\n|t:|1682554306\n|switch|p1b: Gyarados|Gyarados, L50, M|61\/100\n|-ability|p1b: Gyarados|Intimidate|boost\n|-unboost|p2a: Tatsugiri|atk|1\n|-unboost|p2b: Dondozo|atk|1\n|-terastallize|p2b: Dondozo|Dragon\n|move|p1a: Garganacl|Protect|p1a: Garganacl\n|-singleturn|p1a: Garganacl|Protect\n|move|p2b: Dondozo|Earthquake|p1b: Gyarados|[spread] \n|-miss|p2b: Dondozo|p2a: Tatsugiri\n|-activate|p1a: Garganacl|move: Protect\n|-immune|p1b: Gyarados\n|\n|-heal|p1a: Garganacl|56\/100|[from] item: Leftovers\n|-damage|p2a: Tatsugiri|43\/100 tox|[from] psn\n|-damage|p2b: Dondozo|49\/100 psn|[from] psn\n|upkeep\n|turn|6\n|inactive|Sujssnssisjs has 30 seconds left.\n|\n|t:|1682554337\n|-terastallize|p1a: Garganacl|Ghost\n|move|p1b: Gyarados|Waterfall|p2b: Dondozo\n|-resisted|p2b: Dondozo\n|-crit|p2b: Dondozo\n|-damage|p2b: Dondozo|33\/100 psn\n|move|p2b: Dondozo|Yawn|p1b: Gyarados\n|-start|p1b: Gyarados|move: Yawn|[of] p2b: Dondozo\n|move|p1a: Garganacl|Salt Cure|p2b: Dondozo\n|-damage|p2b: Dondozo|28\/100 psn\n|-start|p2b: Dondozo|Salt Cure\n|\n|-heal|p1a: Garganacl|62\/100|[from] item: Leftovers\n|-damage|p2a: Tatsugiri|15\/100 tox|[from] psn\n|-damage|p2b: Dondozo|16\/100 psn|[from] psn\n|-damage|p2b: Dondozo|3\/100 psn|[from] Salt Cure\n|upkeep\n|-enditem|p2b: Dondozo|Aguav Berry|[eat]\n|-heal|p2b: Dondozo|36\/100 psn|[from] item: Aguav Berry\n|turn|7\n|inactive|Sujssnssisjs has 30 seconds left.\n|inactive|Guest 5450442 has 30 seconds left.\n|inactive|Guest 5450442 has 20 seconds left.\n|\n|t:|1682554373\n|switch|p1b: Glimmora|Glimmora, L50, F|74\/100\n|move|p1a: Garganacl|Protect|p1a: Garganacl\n|-singleturn|p1a: Garganacl|Protect\n|move|p2b: Dondozo|Wave Crash|p1a: Garganacl\n|-activate|p1a: Garganacl|move: Protect\n|\n|-heal|p1a: Garganacl|68\/100|[from] item: Leftovers\n|-damage|p2a: Tatsugiri|0 fnt|[from] psn\n|faint|p2a: Tatsugiri\n|-damage|p2b: Dondozo|24\/100 psn|[from] psn\n|-damage|p2b: Dondozo|11\/100 psn|[from] Salt Cure\n|upkeep\n|\n|t:|1682554386\n|switch|p2a: Flamigo|Flamigo, L50, F|100\/100\n|-damage|p2a: Flamigo|88\/100|[from] Stealth Rock\n|-copyboost|p2a: Flamigo|p2b: Dondozo|[from] ability: Costar\n|turn|8\n|\n|t:|1682554404\n|switch|p1a: Gyarados|Gyarados, L50, M|61\/100\n|-ability|p1a: Gyarados|Intimidate|boost\n|-unboost|p2a: Flamigo|atk|1\n|-unboost|p2b: Dondozo|atk|1\n|move|p2a: Flamigo|Brave Bird|p1a: Gyarados\n|-damage|p1a: Gyarados|0 fnt\n|faint|p1a: Gyarados\n|-damage|p2a: Flamigo|62\/100|[from] Recoil\n|-damage|p2a: Flamigo|53\/100|[from] item: Life Orb\n|move|p1b: Glimmora|Mortal Spin|p2b: Dondozo|[spread] p2a,p2b\n|-damage|p2a: Flamigo|49\/100\n|-damage|p2b: Dondozo|10\/100 psn\n|-status|p2a: Flamigo|psn\n|move|p2b: Dondozo|Earthquake|p1b: Glimmora|[spread] p1b\n|-immune|p2a: Flamigo\n|-supereffective|p1b: Glimmora\n|-damage|p1b: Glimmora|0 fnt\n|-activate|p1b: Glimmora|ability: Toxic Debris\n|-sidestart|p2: Guest 5450442|move: Toxic Spikes\n|faint|p1b: Glimmora\n|\n|-damage|p2a: Flamigo|37\/100 psn|[from] psn\n|-damage|p2b: Dondozo|0 fnt|[from] psn\n|faint|p2b: Dondozo\n|upkeep\n|\n|t:|1682554422\n|switch|p1b: Iron Hands|Iron Hands, L50|36\/100\n|switch|p1a: Garganacl|Garganacl, L50, F, tera:Ghost|68\/100\n|turn|9\n|\n|t:|1682554435\n|move|p1b: Iron Hands|Fake Out|p2a: Flamigo\n|-damage|p2a: Flamigo|24\/100 psn\n|cant|p2a: Flamigo|flinch\n|move|p1a: Garganacl|Substitute|p1a: Garganacl\n|-start|p1a: Garganacl|Substitute\n|-damage|p1a: Garganacl|43\/100\n|\n|-heal|p1a: Garganacl|49\/100|[from] item: Leftovers\n|-damage|p2a: Flamigo|12\/100 psn|[from] psn\n|upkeep\n|turn|10\n|-message|Guest 5450442 forfeited.\n|\n|win|Sujssnssisjs\n|raw|Sujssnssisjs's rating: 1050 → 1082<\/strong> (+32 for winning)\n|raw|Guest 5450442's rating: 1043 → 1027<\/strong> (-16 for losing)\n|l|\u203dGuest 5450442\n","uploadtime":1682554471,"views":13,"p1id":"sujssnssisjs","p2id":"guest5450442","formatid":"gen9vgc2023regulationc","rating":1027,"private":0,"password":""}