{"id":"gen9vgc2023regulationc-1850569757","p1":"bigkarpfan8001","p2":"memeshe","format":"[Gen 9] VGC 2023 Regulation C","log":"|j|\u2606bigkarpfan8001\n|j|\u2606memeshe\n|t:|1682349486\n|gametype|doubles\n|player|p1|bigkarpfan8001|fisherman-gen4|1041\n|player|p2|memeshe|169|1000\n|teamsize|p1|6\n|teamsize|p2|6\n|gen|9\n|tier|[Gen 9] VGC 2023 Regulation C\n|rated|\n|rule|Species Clause: Limit one of each Pok\u00e9mon\n|rule|Item Clause: Limit one of each item\n|clearpoke\n|poke|p1|Arboliva, L50, F|\n|poke|p1|Gyarados, L50, F|\n|poke|p1|Ceruledge, L50, M|\n|poke|p1|Kingambit, L50, M|\n|poke|p1|Talonflame, L50, M|\n|poke|p1|Arcanine, L50, M|\n|poke|p2|Numel, L50, F|\n|poke|p2|Dachsbun, L50, F|\n|poke|p2|Tatsugiri, L50, F|\n|poke|p2|Bombirdier, L50, F|\n|poke|p2|Espathra, L50, M|\n|poke|p2|Vivillon, L50, F|\n|teampreview|4\n|inactive|Battle timer is ON: inactive players will automatically lose when time's up. (requested by memeshe)\nmemeshe rejected open team sheets.\n|inactive|bigkarpfan8001 has 60 seconds left.\n|\n|t:|1682349518\n|start\n|switch|p1a: Kingambit|Kingambit, L50, M|100\/100\n|switch|p1b: Gyarados|Gyarados, L50, F|100\/100\n|switch|p2a: Numel|Numel, L50, F|100\/100\n|switch|p2b: Vivillon|Vivillon, L50, F|100\/100\n|-ability|p1b: Gyarados|Intimidate|boost\n|-unboost|p2a: Numel|atk|2\n|-unboost|p2b: Vivillon|atk|1\n|turn|1\n|\n|t:|1682349543\n|switch|p2b: Tatsugiri|Tatsugiri, L50, F|100\/100\n|-terastallize|p1a: Kingambit|Flying\n|move|p1b: Gyarados|Waterfall|p2b: Tatsugiri\n|-activate|p2b: Tatsugiri|ability: Storm Drain\n|-ability|p2b: Tatsugiri|Storm Drain|boost\n|-boost|p2b: Tatsugiri|spa|1\n|move|p1a: Kingambit|Tera Blast|p2b: Tatsugiri\n|-damage|p2b: Tatsugiri|36\/100\n|move|p2a: Numel|Stockpile|p2a: Numel\n|-start|p2a: Numel|stockpile1\n|-boost|p2a: Numel|def|2\n|-boost|p2a: Numel|spd|2\n|\n|upkeep\n|turn|2\n|inactive|bigkarpfan8001 has 30 seconds left.\n|inactive|memeshe has 30 seconds left.\n|\n|t:|1682349576\n|switch|p2b: Dachsbun|Dachsbun, L50, F, shiny|100\/100\n|-terastallize|p2a: Numel|Water\n|move|p1a: Kingambit|Sucker Punch||[still]\n|-fail|p1a: Kingambit\n|move|p1b: Gyarados|Dragon Dance|p1b: Gyarados\n|-boost|p1b: Gyarados|atk|1\n|-boost|p1b: Gyarados|spe|1\n|move|p2a: Numel|Lava Plume|p1b: Gyarados|[spread] p1a,p1b\n|-ability|p2b: Dachsbun|Well-Baked Body|boost\n|-boost|p2b: Dachsbun|def|2\n|-resisted|p1b: Gyarados\n|-damage|p1a: Kingambit|93\/100\n|-damage|p1b: Gyarados|93\/100\n|\n|upkeep\n|turn|3\n|\n|t:|1682349599\n|move|p1b: Gyarados|Dragon Dance|p1b: Gyarados\n|-boost|p1b: Gyarados|atk|1\n|-boost|p1b: Gyarados|spe|1\n|move|p2b: Dachsbun|Body Press|p1a: Kingambit\n|-resisted|p1a: Kingambit\n|-damage|p1a: Kingambit|76\/100\n|move|p1a: Kingambit|Iron Head|p2b: Dachsbun\n|-supereffective|p2b: Dachsbun\n|-damage|p2b: Dachsbun|71\/100\n|move|p2a: Numel|Lava Plume|p1a: Kingambit|[spread] p1a,p1b\n|-ability|p2b: Dachsbun|Well-Baked Body|boost\n|-boost|p2b: Dachsbun|def|2\n|-resisted|p1b: Gyarados\n|-damage|p1a: Kingambit|70\/100\n|-damage|p1b: Gyarados|86\/100\n|-status|p1a: Kingambit|brn\n|\n|-damage|p1a: Kingambit|64\/100 brn|[from] brn\n|upkeep\n|turn|4\n|\n|t:|1682349619\n|switch|p1a: Ceruledge|Ceruledge, L50, M|100\/100\n|move|p1b: Gyarados|Tera Blast|p2a: Numel\n|-damage|p2a: Numel|95\/100\n|move|p2b: Dachsbun|Body Press|p1a: Ceruledge\n|-immune|p1a: Ceruledge\n|move|p2a: Numel|Lava Plume|p1a: Ceruledge|[spread] p1b\n|-ability|p2b: Dachsbun|Well-Baked Body|boost\n|-boost|p2b: Dachsbun|def|2\n|-start|p1a: Ceruledge|ability: Flash Fire\n|-resisted|p1b: Gyarados\n|-damage|p1b: Gyarados|78\/100\n|\n|upkeep\n|turn|5\n|\n|t:|1682349635\n|move|p1b: Gyarados|Waterfall|p2b: Dachsbun\n|-damage|p2b: Dachsbun|52\/100\n|move|p2b: Dachsbun|Body Press|p1b: Gyarados\n|-resisted|p1b: Gyarados\n|-damage|p1b: Gyarados|10\/100\n|move|p1a: Ceruledge|Bulk Up|p1a: Ceruledge\n|-boost|p1a: Ceruledge|atk|1\n|-boost|p1a: Ceruledge|def|1\n|move|p2a: Numel|Lava Plume|p1a: Ceruledge|[spread] p1b\n|-immune|p2b: Dachsbun|[from] ability: Well-Baked Body\n|-immune|p1a: Ceruledge|[from] ability: Flash Fire\n|-resisted|p1b: Gyarados\n|-damage|p1b: Gyarados|3\/100\n|\n|upkeep\n|turn|6\n|\n|t:|1682349655\n|move|p1b: Gyarados|Tera Blast|p2b: Dachsbun\n|-damage|p2b: Dachsbun|44\/100\n|move|p2b: Dachsbun|Snarl|p1a: Ceruledge|[spread] p1a,p1b\n|-supereffective|p1a: Ceruledge\n|-damage|p1a: Ceruledge|90\/100\n|-damage|p1b: Gyarados|0 fnt\n|faint|p1b: Gyarados\n|move|p1a: Ceruledge|Bulk Up|p1a: Ceruledge\n|-boost|p1a: Ceruledge|atk|1\n|-boost|p1a: Ceruledge|def|1\n|move|p2a: Numel|Lava Plume|p1a: Ceruledge|[spread] \n|-immune|p2b: Dachsbun|[from] ability: Well-Baked Body\n|-immune|p1a: Ceruledge|[from] ability: Flash Fire\n|\n|upkeep\n|\n|t:|1682349664\n|switch|p1b: Talonflame|Talonflame, L50, M|100\/100\n|turn|7\n|\n|t:|1682349674\n|move|p1b: Talonflame|Will-O-Wisp|p2a: Numel\n|-status|p2a: Numel|brn\n|move|p2b: Dachsbun|Snarl|p1a: Ceruledge|[spread] p1a,p1b\n|-supereffective|p1a: Ceruledge\n|-damage|p1a: Ceruledge|81\/100\n|-damage|p1b: Talonflame|94\/100\n|-unboost|p1b: Talonflame|spa|1\n|move|p1a: Ceruledge|Bulk Up|p1a: Ceruledge\n|-boost|p1a: Ceruledge|atk|1\n|-boost|p1a: Ceruledge|def|1\n|move|p2a: Numel|Stockpile|p2a: Numel\n|-start|p2a: Numel|stockpile2\n|-boost|p2a: Numel|def|2\n|-boost|p2a: Numel|spd|2\n|\n|-damage|p2a: Numel|89\/100 brn|[from] brn\n|upkeep\n|turn|8\n|\n|t:|1682349692\n|move|p1b: Talonflame|Tailwind|p1b: Talonflame\n|-sidestart|p1: bigkarpfan8001|move: Tailwind\n|move|p1a: Ceruledge|Bulk Up|p1a: Ceruledge\n|-boost|p1a: Ceruledge|atk|1\n|-boost|p1a: Ceruledge|def|1\n|move|p2b: Dachsbun|Body Press|p1b: Talonflame\n|-resisted|p1b: Talonflame\n|-damage|p1b: Talonflame|33\/100\n|move|p2a: Numel|Stockpile|p2a: Numel\n|-start|p2a: Numel|stockpile3\n|-boost|p2a: Numel|def|2\n|-boost|p2a: Numel|spd|2\n|\n|-damage|p2a: Numel|83\/100 brn|[from] brn\n|upkeep\n|turn|9\n|\n|t:|1682349715\n|move|p1b: Talonflame|Will-O-Wisp|p2b: Dachsbun\n|-immune|p2b: Dachsbun|[from] ability: Well-Baked Body\n|move|p1a: Ceruledge|Bulk Up|p1a: Ceruledge\n|-boost|p1a: Ceruledge|atk|1\n|-boost|p1a: Ceruledge|def|1\n|move|p2b: Dachsbun|Body Press|p1b: Talonflame\n|-resisted|p1b: Talonflame\n|-damage|p1b: Talonflame|0 fnt\n|-status|p2b: Dachsbun|brn|[from] ability: Flame Body|[of] p1b: Talonflame\n|faint|p1b: Talonflame\n|move|p2a: Numel|Lava Plume|p1a: Ceruledge|[spread] \n|-immune|p2b: Dachsbun|[from] ability: Well-Baked Body\n|-immune|p1a: Ceruledge|[from] ability: Flash Fire\n|\n|-damage|p2b: Dachsbun|38\/100 brn|[from] brn\n|-damage|p2a: Numel|77\/100 brn|[from] brn\n|upkeep\n|\n|t:|1682349725\n|switch|p1b: Kingambit|Kingambit, L50, M, tera:Flying|64\/100 brn\n|turn|10\n|c|\u2606memeshe|bug?\n|\n|t:|1682349746\n|move|p1a: Ceruledge|Bulk Up|p1a: Ceruledge\n|-boost|p1a: Ceruledge|atk|1\n|-boost|p1a: Ceruledge|def|1\n|move|p1b: Kingambit|Iron Head|p2b: Dachsbun\n|-supereffective|p2b: Dachsbun\n|-damage|p2b: Dachsbun|30\/100 brn\n|move|p2b: Dachsbun|Body Press|p1b: Kingambit\n|-resisted|p1b: Kingambit\n|-damage|p1b: Kingambit|45\/100 brn\n|move|p2a: Numel|Lava Plume|p1a: Ceruledge|[spread] p1b\n|-immune|p2b: Dachsbun|[from] ability: Well-Baked Body\n|-immune|p1a: Ceruledge|[from] ability: Flash Fire\n|-damage|p1b: Kingambit|39\/100 brn\n|\n|-damage|p1b: Kingambit|33\/100 brn|[from] brn\n|-damage|p2b: Dachsbun|24\/100 brn|[from] brn\n|-damage|p2a: Numel|71\/100 brn|[from] brn\n|upkeep\n|turn|11\n|\n|t:|1682349767\n|move|p1a: Ceruledge|Tera Blast|p2b: Dachsbun\n|-damage|p2b: Dachsbun|15\/100 brn\n|move|p1b: Kingambit|Tera Blast|p2a: Numel\n|-damage|p2a: Numel|65\/100 brn\n|move|p2b: Dachsbun|Body Press|p1b: Kingambit\n|-resisted|p1b: Kingambit\n|-damage|p1b: Kingambit|15\/100 brn\n|move|p2a: Numel|Lava Plume|p1a: Ceruledge|[spread] p1b\n|-immune|p2b: Dachsbun|[from] ability: Well-Baked Body\n|-immune|p1a: Ceruledge|[from] ability: Flash Fire\n|-damage|p1b: Kingambit|7\/100 brn\n|\n|-damage|p1b: Kingambit|1\/100 brn|[from] brn\n|-damage|p2b: Dachsbun|9\/100 brn|[from] brn\n|-damage|p2a: Numel|59\/100 brn|[from] brn\n|-sideend|p1: bigkarpfan8001|move: Tailwind\n|upkeep\n|turn|12\n|\n|t:|1682349790\n|switch|p2b: Vivillon|Vivillon, L50, F|100\/100\n|move|p2a: Numel|Protect|p2a: Numel\n|-singleturn|p2a: Numel|Protect\n|move|p1a: Ceruledge|Bitter Blade|p2a: Numel\n|-activate|p2a: Numel|move: Protect\n|move|p1b: Kingambit|Iron Head|p2b: Vivillon\n|-damage|p2b: Vivillon|62\/100\n|\n|-damage|p1b: Kingambit|0 fnt|[from] brn\n|faint|p1b: Kingambit\n|-damage|p2a: Numel|53\/100 brn|[from] brn\n|upkeep\n|turn|13\n|inactive|memeshe has 30 seconds left.\n|\n|t:|1682349816\n|move|p2b: Vivillon|Pollen Puff|p2a: Numel\n|-heal|p2a: Numel|100\/100 brn\n|move|p1a: Ceruledge|Bitter Blade|p2b: Vivillon\n|-supereffective|p2b: Vivillon\n|-damage|p2b: Vivillon|0 fnt\n|-heal|p1a: Ceruledge|100\/100|[from] drain|[of] p2b: Vivillon\n|faint|p2b: Vivillon\n|move|p2a: Numel|Stockpile||[still]\n|-fail|p2a: Numel\n|\n|-damage|p2a: Numel|95\/100 brn|[from] brn\n|upkeep\n|\n|t:|1682349827\n|switch|p2b: Tatsugiri|Tatsugiri, L50, F|36\/100\n|turn|14\n|\n|t:|1682349838\n|move|p2b: Tatsugiri|Muddy Water|p1a: Ceruledge\n|-supereffective|p1a: Ceruledge\n|-damage|p1a: Ceruledge|10\/100\n|move|p1a: Ceruledge|Bitter Blade|p2b: Tatsugiri\n|-resisted|p2b: Tatsugiri\n|-damage|p2b: Tatsugiri|0 fnt\n|-heal|p1a: Ceruledge|25\/100|[from] drain|[of] p2b: Tatsugiri\n|faint|p2b: Tatsugiri\n|move|p2a: Numel|Stockpile||[still]\n|-fail|p2a: Numel\n|\n|-damage|p2a: Numel|89\/100 brn|[from] brn\n|upkeep\n|\n|t:|1682349849\n|switch|p2b: Dachsbun|Dachsbun, L50, F, shiny|9\/100 brn\n|turn|15\n|\n|t:|1682349854\n|move|p2b: Dachsbun|Snarl|p1a: Ceruledge\n|-supereffective|p1a: Ceruledge\n|-damage|p1a: Ceruledge|11\/100\n|move|p1a: Ceruledge|Tera Blast|p2b: Dachsbun\n|-damage|p2b: Dachsbun|0 fnt\n|faint|p2b: Dachsbun\n|move|p2a: Numel|Lava Plume|p1a: Ceruledge\n|-immune|p1a: Ceruledge|[from] ability: Flash Fire\n|\n|-damage|p2a: Numel|83\/100 brn|[from] brn\n|upkeep\n|turn|16\n|\n|t:|1682349864\n|move|p2a: Numel|Protect|p2a: Numel\n|-singleturn|p2a: Numel|Protect\n|move|p1a: Ceruledge|Bitter Blade|p2a: Numel\n|-activate|p2a: Numel|move: Protect\n|\n|-damage|p2a: Numel|77\/100 brn|[from] brn\n|upkeep\n|turn|17\n|\n|t:|1682349872\n|move|p1a: Ceruledge|Bitter Blade|p2a: Numel\n|-resisted|p2a: Numel\n|-damage|p2a: Numel|35\/100 brn\n|-heal|p1a: Ceruledge|31\/100|[from] drain|[of] p2a: Numel\n|move|p2a: Numel|Lava Plume|p1a: Ceruledge\n|-immune|p1a: Ceruledge|[from] ability: Flash Fire\n|\n|-damage|p2a: Numel|29\/100 brn|[from] brn\n|upkeep\n|turn|18\n|-message|memeshe forfeited.\n|\n|win|bigkarpfan8001\n|raw|bigkarpfan8001's rating: 1041 → 1071<\/strong> (+30 for winning)\n|raw|memeshe's rating: 1000 → 1000<\/strong> (+0 for losing)\n|l|\u2606memeshe\n","uploadtime":1682349883,"views":20,"p1id":"bigkarpfan8001","p2id":"memeshe","formatid":"gen9vgc2023regulationc","rating":1000,"private":0,"password":""}