{"id":"gen9vgc2023regulationc-1852593037","p1":"McPborn","p2":"Gildren","format":"[Gen 9] VGC 2023 Regulation C","log":"|j|\u2606McPborn\n|j|\u2606Gildren\n|t:|1682581991\n|gametype|doubles\n|player|p1|McPborn|169|1267\n|player|p2|Gildren|riley|1255\n|teamsize|p1|6\n|teamsize|p2|6\n|gen|9\n|tier|[Gen 9] VGC 2023 Regulation C\n|rated|\n|rule|Species Clause: Limit one of each Pok\u00e9mon\n|rule|Item Clause: Limit one of each item\n|clearpoke\n|poke|p1|Orthworm, L50, M|\n|poke|p1|Dragonite, L50, M|\n|poke|p1|Ting-Lu, L50|\n|poke|p1|Gyarados, L50, M|\n|poke|p1|Flutter Mane, L50|\n|poke|p1|Chien-Pao, L50|\n|poke|p2|Arcanine, L50, F|\n|poke|p2|Amoonguss, L50, M|\n|poke|p2|Palafin, L50, M|\n|poke|p2|Flutter Mane, L50|\n|poke|p2|Dragonite, L50, M|\n|poke|p2|Chien-Pao, L50|\n|teampreview|4\n|inactive|Battle timer is ON: inactive players will automatically lose when time's up. (requested by Gildren)\n|\n|t:|1682582041\n|start\n|switch|p1a: Orthworm|Orthworm, L50, M|100\/100\n|switch|p1b: Gyarados|Gyarados, L50, M|100\/100\n|switch|p2a: Dragonite|Dragonite, L50, M, shiny|100\/100\n|switch|p2b: Palafin|Palafin, L50, M|100\/100\n|-ability|p1b: Gyarados|Intimidate|boost\n|-fail|p2a: Dragonite|unboost|Attack|[from] ability: Inner Focus|[of] p2a: Dragonite\n|-unboost|p2b: Palafin|atk|1\n|turn|1\n|\n|t:|1682582060\n|detailschange|p2b: Palafin|Palafin-Hero, L50, M\n|switch|p2b: Flutter Mane|Flutter Mane, L50|100\/100\n|move|p1b: Gyarados|Thunder Wave|p2a: Dragonite\n|-status|p2a: Dragonite|par\n|move|p1a: Orthworm|Shed Tail|p1a: Orthworm\n|-start|p1a: Orthworm|Substitute|[from] move: Shed Tail\n|-damage|p1a: Orthworm|50\/100\n|-enditem|p1a: Orthworm|Sitrus Berry|[eat]\n|-heal|p1a: Orthworm|75\/100|[from] item: Sitrus Berry\n|\n|t:|1682582071\n|switch|p1a: Ting-Lu|Ting-Lu, L50|100\/100|[from] Shed Tail\n|-ability|p1a: Ting-Lu|Vessel of Ruin\n|move|p2a: Dragonite|Low Kick|p1a: Ting-Lu\n|-supereffective|p1a: Ting-Lu\n|-end|p1a: Ting-Lu|Substitute\n|\n|upkeep\n|turn|2\n|inactive|McPborn has 30 seconds left.\n|inactive|McPborn has 20 seconds left.\n|\n|t:|1682582109\n|-terastallize|p1a: Ting-Lu|Water\n|move|p2b: Flutter Mane|Thunderbolt|p1b: Gyarados\n|-supereffective|p1b: Gyarados\n|-damage|p1b: Gyarados|0 fnt\n|faint|p1b: Gyarados\n|move|p1a: Ting-Lu|Throat Chop|p2b: Flutter Mane\n|-damage|p2b: Flutter Mane|0 fnt\n|faint|p2b: Flutter Mane\n|-end|p2b: Flutter Mane|Protosynthesis|[silent]\n|move|p2a: Dragonite|Low Kick|p1a: Ting-Lu\n|-damage|p1a: Ting-Lu|52\/100\n|\n|upkeep\n|inactive|McPborn has 30 seconds left.\n|\n|t:|1682582136\n|switch|p2b: Palafin|Palafin-Hero, L50, M|100\/100\n|switch|p1b: Orthworm|Orthworm, L50, M|75\/100\n|-activate|p2b: Palafin|ability: Zero to Hero\n|turn|3\n|\n|t:|1682582157\n|switch|p1a: Dragonite|Dragonite, L50, M|100\/100\n|switch|p2a: Chien-Pao|Chien-Pao, L50|100\/100\n|-ability|p2a: Chien-Pao|Sword of Ruin\n|move|p2b: Palafin|Bulk Up|p2b: Palafin\n|-boost|p2b: Palafin|atk|1\n|-boost|p2b: Palafin|def|1\n|move|p1b: Orthworm|Iron Defense|p1b: Orthworm\n|-boost|p1b: Orthworm|def|2\n|\n|upkeep\n|turn|4\n|inactive|McPborn has 30 seconds left.\n|inactive|Gildren has 30 seconds left.\n|\n|t:|1682582191\n|move|p2b: Palafin|Jet Punch|p1a: Dragonite\n|-resisted|p1a: Dragonite\n|-damage|p1a: Dragonite|74\/100\n|move|p2a: Chien-Pao|Ice Spinner|p1a: Dragonite\n|-supereffective|p1a: Dragonite\n|-damage|p1a: Dragonite|0 fnt\n|faint|p1a: Dragonite\n|move|p1b: Orthworm|Iron Defense|p1b: Orthworm\n|-boost|p1b: Orthworm|def|2\n|\n|upkeep\n|\n|t:|1682582199\n|switch|p1a: Ting-Lu|Ting-Lu, L50, tera:Water|52\/100\n|-ability|p1a: Ting-Lu|Vessel of Ruin\n|turn|5\n|\n|t:|1682582216\n|-terastallize|p2b: Palafin|Water\n|move|p2a: Chien-Pao|Sacred Sword|p1a: Ting-Lu\n|-damage|p1a: Ting-Lu|27\/100\n|move|p2b: Palafin|Wave Crash|p1a: Ting-Lu\n|-resisted|p1a: Ting-Lu\n|-damage|p1a: Ting-Lu|0 fnt\n|faint|p1a: Ting-Lu\n|-damage|p2b: Palafin|91\/100|[from] Recoil\n|move|p1b: Orthworm|Body Press|p2a: Chien-Pao\n|-supereffective|p2a: Chien-Pao\n|-enditem|p2a: Chien-Pao|Focus Sash\n|-damage|p2a: Chien-Pao|1\/100\n|\n|upkeep\n|turn|6\n|\n|t:|1682582231\n|move|p2a: Chien-Pao|Sacred Sword|p1b: Orthworm\n|-supereffective|p1b: Orthworm\n|-damage|p1b: Orthworm|25\/100\n|move|p2b: Palafin|Wave Crash|p1b: Orthworm\n|-damage|p1b: Orthworm|0 fnt\n|faint|p1b: Orthworm\n|-damage|p2b: Palafin|84\/100|[from] Recoil\n|\n|win|Gildren\n|raw|McPborn's rating: 1267 → 1241<\/strong> (-26 for losing)\n|raw|Gildren's rating: 1255 → 1281<\/strong> (+26 for winning)\n|l|\u2606McPborn\n","uploadtime":1682582266,"views":11,"p1id":"mcpborn","p2id":"gildren","formatid":"gen9vgc2023regulationc","rating":1241,"private":0,"password":""}