{"id":"gen9vgc2023regulationc-1861422415","p1":"paultheconvincer","p2":"dwalk2196","format":"[Gen 9] VGC 2023 Regulation C","log":"|j|\u2606paultheconvincer\n|j|\u2606dwalk2196\n|t:|1683756037\n|gametype|doubles\n|player|p1|paultheconvincer|170|\n|player|p2|dwalk2196|2|\n|teamsize|p1|6\n|teamsize|p2|6\n|gen|9\n|tier|[Gen 9] VGC 2023 Regulation C\n|rule|Species Clause: Limit one of each Pok\u00e9mon\n|rule|Item Clause: Limit one of each item\n|clearpoke\n|poke|p1|Great Tusk, L50|\n|poke|p1|Noivern, L50, M|\n|poke|p1|Farigiraf, L50, M|\n|poke|p1|Torkoal, L50, M|\n|poke|p1|Eelektross, L50, F|\n|poke|p1|Persian, L50, M|\n|poke|p2|Iron Jugulis, L50|\n|poke|p2|Maushold, L50|\n|poke|p2|Chi-Yu, L50|\n|poke|p2|Gyarados, L50, F|\n|poke|p2|Primeape, L50, M|\n|poke|p2|Glimmora, L50, F|\n|teampreview|4\n|\n|t:|1683756066\n|start\n|switch|p1a: Persian|Persian, L50, M|100\/100\n|switch|p1b: Farigiraf|Farigiraf, L50, M|100\/100\n|switch|p2a: Chi-Yu|Chi-Yu, L50|100\/100\n|switch|p2b: Maushold|Maushold, L50|100\/100\n|-ability|p2a: Chi-Yu|Beads of Ruin\n|turn|1\n|\n|t:|1683756100\n|-terastallize|p2a: Chi-Yu|Ghost\n|move|p1a: Persian|Fake Out|p2a: Chi-Yu\n|-immune|p2a: Chi-Yu\n|move|p2b: Maushold|Super Fang|p1b: Farigiraf|[miss]\n|-miss|p2b: Maushold|p1b: Farigiraf\n|move|p2a: Chi-Yu|Dark Pulse|p1b: Farigiraf\n|-supereffective|p1b: Farigiraf\n|-damage|p1b: Farigiraf|24\/100\n|move|p1b: Farigiraf|Trick Room|p1b: Farigiraf\n|-fieldstart|move: Trick Room|[of] p1b: Farigiraf\n|\n|upkeep\n|turn|2\n|\n|t:|1683756143\n|move|p1b: Farigiraf|Protect|p1b: Farigiraf\n|-singleturn|p1b: Farigiraf|Protect\n|move|p2b: Maushold|Follow Me|p2b: Maushold\n|-singleturn|p2b: Maushold|move: Follow Me\n|move|p2a: Chi-Yu|Heat Wave|p1b: Farigiraf|[spread] p1a\n|-activate|p1b: Farigiraf|move: Protect\n|-damage|p1a: Persian|24\/100\n|-enditem|p1a: Persian|Sitrus Berry|[eat]\n|-heal|p1a: Persian|49\/100|[from] item: Sitrus Berry\n|move|p1a: Persian|U-turn|p2b: Maushold\n|-damage|p2b: Maushold|83\/100\n|\n|t:|1683756154\n|switch|p1a: Torkoal|Torkoal, L50, M|100\/100|[from] U-turn\n|-weather|SunnyDay|[from] ability: Drought|[of] p1a: Torkoal\n|\n|-weather|SunnyDay|[upkeep]\n|upkeep\n|turn|3\n|\n|t:|1683756169\n|move|p2a: Chi-Yu|Protect|p2a: Chi-Yu\n|-singleturn|p2a: Chi-Yu|Protect\n|move|p1a: Torkoal|Eruption|p2b: Maushold|[spread] p2b\n|-activate|p2a: Chi-Yu|move: Protect\n|-damage|p2b: Maushold|0 fnt\n|faint|p2b: Maushold\n|move|p1b: Farigiraf|Psychic|p2a: Chi-Yu\n|-activate|p2a: Chi-Yu|move: Protect\n|\n|-weather|SunnyDay|[upkeep]\n|upkeep\n|\n|t:|1683756179\n|switch|p2b: Gyarados|Gyarados, L50, F|100\/100\n|-ability|p2b: Gyarados|Intimidate|boost\n|-unboost|p1a: Torkoal|atk|1\n|-unboost|p1b: Farigiraf|atk|1\n|turn|4\n|\n|t:|1683756199\n|switch|p2a: Iron Jugulis|Iron Jugulis, L50|100\/100\n|-enditem|p2a: Iron Jugulis|Booster Energy\n|-activate|p2a: Iron Jugulis|ability: Quark Drive|[fromitem]\n|-start|p2a: Iron Jugulis|quarkdrivespe\n|move|p1a: Torkoal|Eruption|p2a: Iron Jugulis|[spread] p2a,p2b\n|-resisted|p2b: Gyarados\n|-crit|p2b: Gyarados\n|-damage|p2a: Iron Jugulis|16\/100\n|-damage|p2b: Gyarados|51\/100\n|move|p1b: Farigiraf|Psychic|p2a: Iron Jugulis\n|-immune|p2a: Iron Jugulis\n|move|p2b: Gyarados|Waterfall|p1a: Torkoal\n|-supereffective|p1a: Torkoal\n|-damage|p1a: Torkoal|70\/100\n|\n|-weather|SunnyDay|[upkeep]\n|upkeep\n|turn|5\n|\n|t:|1683756222\n|move|p2b: Gyarados|Protect|p2b: Gyarados\n|-singleturn|p2b: Gyarados|Protect\n|move|p1a: Torkoal|Heat Wave|p2b: Gyarados|[spread] p2a\n|-activate|p2b: Gyarados|move: Protect\n|-damage|p2a: Iron Jugulis|0 fnt\n|faint|p2a: Iron Jugulis\n|-end|p2a: Iron Jugulis|Quark Drive|[silent]\n|move|p1b: Farigiraf|Hyper Voice|p2b: Gyarados\n|-activate|p2b: Gyarados|move: Protect\n|\n|-weather|SunnyDay|[upkeep]\n|-fieldend|move: Trick Room\n|upkeep\n|\n|t:|1683756232\n|switch|p2a: Chi-Yu|Chi-Yu, L50, tera:Ghost|100\/100\n|-ability|p2a: Chi-Yu|Beads of Ruin\n|turn|6\n|\n|t:|1683756266\n|move|p2a: Chi-Yu|Heat Wave|p1b: Farigiraf|[spread] p1a,p1b\n|-resisted|p1a: Torkoal\n|-damage|p1a: Torkoal|16\/100\n|-damage|p1b: Farigiraf|0 fnt\n|faint|p1b: Farigiraf\n|move|p2b: Gyarados|Dragon Dance|p2b: Gyarados\n|-boost|p2b: Gyarados|atk|1\n|-boost|p2b: Gyarados|spe|1\n|move|p1a: Torkoal|Heat Wave|p2b: Gyarados|[spread] p2a,p2b\n|-resisted|p2b: Gyarados\n|-damage|p2a: Chi-Yu|53\/100\n|-damage|p2b: Gyarados|22\/100\n|\n|-weather|none\n|upkeep\n|\n|t:|1683756294\n|switch|p1b: Eelektross|Eelektross, L50, F|100\/100\n|turn|7\n|\n|t:|1683756314\n|move|p1b: Eelektross|Protect|p1b: Eelektross\n|-singleturn|p1b: Eelektross|Protect\n|move|p2b: Gyarados|Waterfall|p1b: Eelektross\n|-activate|p1b: Eelektross|move: Protect\n|move|p2a: Chi-Yu|Heat Wave|p1a: Torkoal|[spread] p1a\n|-activate|p1b: Eelektross|move: Protect\n|-resisted|p1a: Torkoal\n|-damage|p1a: Torkoal|0 fnt\n|faint|p1a: Torkoal\n|\n|upkeep\n|\n|t:|1683756323\n|switch|p1a: Persian|Persian, L50, M|49\/100\n|turn|8\n|\n|t:|1683756340\n|move|p2b: Gyarados|Protect|p2b: Gyarados\n|-singleturn|p2b: Gyarados|Protect\n|move|p1a: Persian|Fake Out|p2b: Gyarados\n|-activate|p2b: Gyarados|move: Protect\n|move|p2a: Chi-Yu|Heat Wave|p1a: Persian|[spread] p1a,p1b\n|-damage|p1a: Persian|0 fnt\n|-damage|p1b: Eelektross|43\/100\n|-status|p1b: Eelektross|brn\n|faint|p1a: Persian\n|move|p1b: Eelektross|Discharge|p2a: Chi-Yu|[spread] p2a\n|-activate|p2b: Gyarados|move: Protect\n|-damage|p2a: Chi-Yu|12\/100\n|-status|p2a: Chi-Yu|par\n|-damage|p1b: Eelektross|34\/100 brn|[from] item: Life Orb\n|\n|-damage|p1b: Eelektross|28\/100 brn|[from] brn\n|upkeep\n|turn|9\n|\n|t:|1683756363\n|move|p2b: Gyarados|Waterfall|p1b: Eelektross\n|-damage|p1b: Eelektross|0 fnt\n|faint|p1b: Eelektross\n|\n|win|dwalk2196\n|c|\u2606dwalk2196|GG\n|c|\u2606paultheconvincer|GG\n|l|\u2606paultheconvincer\n","uploadtime":1683756377,"views":15,"p1id":"paultheconvincer","p2id":"dwalk2196","formatid":"gen9vgc2023regulationc","rating":0,"private":0,"password":""}