{"id":"gen9vgc2023regulationc-1846450857","p1":"Wild248","p2":"200 routes","format":"[Gen 9] VGC 2023 Regulation C","log":"|j|\u2606Wild248\n|j|\u2606200 routes\n|t:|1681841891\n|gametype|doubles\n|player|p1|Wild248|1|1408\n|player|p2|200 routes|170|1405\n|teamsize|p1|6\n|teamsize|p2|6\n|gen|9\n|tier|[Gen 9] VGC 2023 Regulation C\n|rated|\n|rule|Species Clause: Limit one of each Pok\u00e9mon\n|rule|Item Clause: Limit one of each item\n|clearpoke\n|poke|p1|Tyranitar, L50, M|\n|poke|p1|Great Tusk, L50|\n|poke|p1|Flutter Mane, L50|\n|poke|p1|Palafin, L50, M|\n|poke|p1|Amoonguss, L50, M|\n|poke|p1|Talonflame, L50, M|\n|poke|p2|Scizor, L50, M|\n|poke|p2|Iron Bundle, L50|\n|poke|p2|Iron Hands, L50|\n|poke|p2|Baxcalibur, L50, M|\n|poke|p2|Amoonguss, L50, M|\n|poke|p2|Flutter Mane, L50|\n|teampreview|4\n|inactive|Battle timer is ON: inactive players will automatically lose when time's up. (requested by 200 routes)\n200 routes has agreed to open team sheets.\n|inactive|Wild248 has 60 seconds left.\n|inactive|200 routes has 60 seconds left.\n|inactive|Wild248 has 30 seconds left.\n|\n|t:|1681841969\n|start\n|switch|p1a: Palafin|Palafin, L50, M|100\/100\n|switch|p1b: Great Tusk|Great Tusk, L50|100\/100\n|switch|p2a: Iron Bundle|Iron Bundle, L50|100\/100\n|switch|p2b: Scizor|Scizor, L50, M|100\/100\n|-enditem|p2a: Iron Bundle|Booster Energy\n|-activate|p2a: Iron Bundle|ability: Quark Drive|[fromitem]\n|-start|p2a: Iron Bundle|quarkdrivespe\n|turn|1\n|\n|t:|1681841986\n|detailschange|p1a: Palafin|Palafin-Hero, L50, M\n|switch|p1a: Amoonguss|Amoonguss, L50, M|100\/100\n|move|p2a: Iron Bundle|Protect|p2a: Iron Bundle\n|-singleturn|p2a: Iron Bundle|Protect\n|move|p1b: Great Tusk|Close Combat|p2a: Iron Bundle\n|-activate|p2a: Iron Bundle|move: Protect\n|move|p2b: Scizor|Trailblaze|p1b: Great Tusk\n|-supereffective|p1b: Great Tusk\n|-damage|p1b: Great Tusk|59\/100\n|-boost|p2b: Scizor|spe|1\n|\n|upkeep\n|turn|2\n|inactive|200 routes has 30 seconds left.\n|\n|t:|1681842018\n|-end|p1b: Great Tusk|Protosynthesis|[silent]\n|switch|p1b: Talonflame|Talonflame, L50, M|100\/100\n|-terastallize|p2a: Iron Bundle|Ghost\n|move|p2a: Iron Bundle|Icy Wind|p1a: Amoonguss|[spread] p1a,p1b\n|-supereffective|p1a: Amoonguss\n|-crit|p1b: Talonflame\n|-damage|p1a: Amoonguss|65\/100\n|-damage|p1b: Talonflame|60\/100\n|-unboost|p1a: Amoonguss|spe|1\n|move|p2b: Scizor|Trailblaze|p1b: Talonflame\n|-resisted|p1b: Talonflame\n|-damage|p1b: Talonflame|51\/100\n|-boost|p2b: Scizor|spe|1\n|move|p1a: Amoonguss|Spore|p2a: Iron Bundle\n|-status|p2a: Iron Bundle|slp|[from] move: Spore\n|\n|upkeep\n|turn|3\n|inactive|200 routes has 30 seconds left.\n|inactive|200 routes has 20 seconds left.\n|inactive|200 routes has 15 seconds left.\n|\n|t:|1681842060\n|move|p1a: Amoonguss|Rage Powder|p1a: Amoonguss\n|-singleturn|p1a: Amoonguss|move: Rage Powder\n|cant|p2a: Iron Bundle|slp\n|move|p1b: Talonflame|Will-O-Wisp|p2b: Scizor\n|-status|p2b: Scizor|brn\n|-enditem|p2b: Scizor|Lum Berry|[eat]\n|-curestatus|p2b: Scizor|brn|[msg]\n|move|p2b: Scizor|Trailblaze|p1a: Amoonguss\n|-resisted|p1a: Amoonguss\n|-damage|p1a: Amoonguss|60\/100\n|-boost|p2b: Scizor|spe|1\n|\n|upkeep\n|turn|4\n|\n|t:|1681842084\n|move|p2b: Scizor|Protect|p2b: Scizor\n|-singleturn|p2b: Scizor|Protect\n|cant|p2a: Iron Bundle|slp\n|move|p1b: Talonflame|Tailwind|p1b: Talonflame\n|-sidestart|p1: Wild248|move: Tailwind\n|move|p1a: Amoonguss|Pollen Puff|p1b: Talonflame\n|-heal|p1b: Talonflame|100\/100\n|\n|upkeep\n|turn|5\n|\n|t:|1681842097\n|move|p1b: Talonflame|Brave Bird|p2a: Iron Bundle\n|-damage|p2a: Iron Bundle|66\/100 slp\n|-damage|p1b: Talonflame|90\/100|[from] Recoil\n|cant|p2a: Iron Bundle|slp\n|move|p2b: Scizor|Pounce|p1a: Amoonguss\n|-damage|p1a: Amoonguss|28\/100\n|-unboost|p1a: Amoonguss|spe|1\n|-enditem|p1a: Amoonguss|Sitrus Berry|[eat]\n|-heal|p1a: Amoonguss|53\/100|[from] item: Sitrus Berry\n|move|p1a: Amoonguss|Spore|p2b: Scizor\n|-status|p2b: Scizor|slp|[from] move: Spore\n|\n|upkeep\n|turn|6\n|inactive|200 routes has 30 seconds left.\n|\n|t:|1681842129\n|switch|p2b: Baxcalibur|Baxcalibur, L50, M|100\/100\n|switch|p1a: Palafin|Palafin-Hero, L50, M|100\/100\n|-activate|p1a: Palafin|ability: Zero to Hero\n|move|p1b: Talonflame|Brave Bird|p2a: Iron Bundle\n|-damage|p2a: Iron Bundle|30\/100 slp\n|-damage|p1b: Talonflame|79\/100|[from] Recoil\n|-curestatus|p2a: Iron Bundle|slp|[msg]\n|move|p2a: Iron Bundle|Freeze-Dry|p1a: Palafin\n|-supereffective|p1a: Palafin\n|-damage|p1a: Palafin|31\/100\n|\n|upkeep\n|turn|7\n|inactive|Wild248 has 30 seconds left.\n|\n|t:|1681842160\n|switch|p1a: Amoonguss|Amoonguss, L50, M|86\/100\n|move|p2a: Iron Bundle|Protect|p2a: Iron Bundle\n|-singleturn|p2a: Iron Bundle|Protect\n|move|p2b: Baxcalibur|Protect|p2b: Baxcalibur\n|-singleturn|p2b: Baxcalibur|Protect\n|move|p1b: Talonflame|Brave Bird|p2a: Iron Bundle\n|-activate|p2a: Iron Bundle|move: Protect\n|\n|-sideend|p1: Wild248|move: Tailwind\n|upkeep\n|turn|8\n|inactive|200 routes has 30 seconds left.\n|inactive|200 routes has 20 seconds left.\n|inactive|200 routes has 15 seconds left.\n|inactive|200 routes has 10 seconds left.\n|inactive|200 routes has 5 seconds left.\n|\n|t:|1681842215\n|move|p1a: Amoonguss|Protect|p1a: Amoonguss\n|-singleturn|p1a: Amoonguss|Protect\n|move|p2a: Iron Bundle|Freeze-Dry|p1a: Amoonguss\n|-activate|p1a: Amoonguss|move: Protect\n|move|p1b: Talonflame|Tailwind|p1b: Talonflame\n|-sidestart|p1: Wild248|move: Tailwind\n|move|p2b: Baxcalibur|Glaive Rush|p1a: Amoonguss\n|-activate|p1a: Amoonguss|move: Protect\n|\n|upkeep\n|turn|9\n|\n|t:|1681842239\n|-end|p2a: Iron Bundle|Quark Drive|[silent]\n|switch|p2a: Scizor|Scizor, L50, M|100\/100 slp\n|move|p1b: Talonflame|Brave Bird|p2a: Scizor\n|-damage|p2a: Scizor|61\/100 slp\n|-damage|p1b: Talonflame|66\/100|[from] Recoil\n|move|p2b: Baxcalibur|Icicle Crash|p1a: Amoonguss\n|-supereffective|p1a: Amoonguss\n|-damage|p1a: Amoonguss|6\/100\n|move|p1a: Amoonguss|Spore|p2b: Baxcalibur\n|-status|p2b: Baxcalibur|slp|[from] move: Spore\n|\n|upkeep\n|turn|10\n|inactive|200 routes has 30 seconds left.\n|\n|t:|1681842265\n|cant|p2b: Baxcalibur|slp\n|move|p1b: Talonflame|Brave Bird|p2a: Scizor\n|-damage|p2a: Scizor|24\/100 slp\n|-damage|p1b: Talonflame|54\/100|[from] Recoil\n|move|p1a: Amoonguss|Pollen Puff|p1b: Talonflame\n|-heal|p1b: Talonflame|100\/100\n|cant|p2a: Scizor|slp\n|\n|upkeep\n|turn|11\n|inactive|200 routes has 30 seconds left.\n|\n|t:|1681842295\n|move|p1b: Talonflame|Brave Bird|p2a: Scizor\n|-damage|p2a: Scizor|0 fnt\n|faint|p2a: Scizor\n|-damage|p1b: Talonflame|93\/100|[from] Recoil\n|cant|p2b: Baxcalibur|slp\n|move|p1a: Amoonguss|Pollen Puff|p1b: Talonflame\n|-heal|p1b: Talonflame|100\/100\n|\n|-sideend|p1: Wild248|move: Tailwind\n|upkeep\n|\n|t:|1681842305\n|switch|p2a: Iron Bundle|Iron Bundle, L50, tera:Ghost|30\/100\n|turn|12\n|j| Challenger Gray\n|l| Challenger Gray\n|inactive|200 routes has 30 seconds left.\n|\n|t:|1681842335\n|move|p2a: Iron Bundle|Protect|p2a: Iron Bundle\n|-singleturn|p2a: Iron Bundle|Protect\n|move|p1b: Talonflame|Tailwind|p1b: Talonflame\n|-sidestart|p1: Wild248|move: Tailwind\n|-curestatus|p2b: Baxcalibur|slp|[msg]\n|move|p2b: Baxcalibur|Glaive Rush|p1b: Talonflame\n|-damage|p1b: Talonflame|8\/100\n|-singlemove|p2b: Baxcalibur|Glaive Rush|[silent]\n|move|p1a: Amoonguss|Spore|p2a: Iron Bundle\n|-activate|p2a: Iron Bundle|move: Protect\n|\n|upkeep\n|turn|13\n|\n|t:|1681842353\n|move|p2b: Baxcalibur|Ice Shard|p1b: Talonflame\n|-damage|p1b: Talonflame|0 fnt\n|faint|p1b: Talonflame\n|move|p2a: Iron Bundle|Icy Wind|p1a: Amoonguss\n|-supereffective|p1a: Amoonguss\n|-damage|p1a: Amoonguss|0 fnt\n|faint|p1a: Amoonguss\n|\n|upkeep\n|\n|t:|1681842357\n|switch|p1b: Great Tusk|Great Tusk, L50|59\/100\n|switch|p1a: Palafin|Palafin-Hero, L50, M|31\/100\n|turn|14\n|\n|t:|1681842377\n|switch|p2b: Flutter Mane|Flutter Mane, L50|100\/100\n|-terastallize|p1a: Palafin|Water\n|move|p2a: Iron Bundle|Protect|p2a: Iron Bundle\n|-singleturn|p2a: Iron Bundle|Protect\n|move|p1a: Palafin|Jet Punch|p2a: Iron Bundle\n|-activate|p2a: Iron Bundle|move: Protect\n|move|p1b: Great Tusk|Close Combat|p2b: Flutter Mane\n|-immune|p2b: Flutter Mane\n|\n|upkeep\n|turn|15\n|inactive|200 routes has 30 seconds left.\n|\n|t:|1681842405\n|-end|p2a: Iron Bundle|Quark Drive|[silent]\n|switch|p2a: Baxcalibur|Baxcalibur, L50, M|100\/100\n|move|p1a: Palafin|Jet Punch|p2b: Flutter Mane\n|-damage|p2b: Flutter Mane|5\/100\n|move|p1b: Great Tusk|Close Combat|p2a: Baxcalibur\n|-supereffective|p2a: Baxcalibur\n|-damage|p2a: Baxcalibur|0 fnt\n|-unboost|p1b: Great Tusk|def|1\n|-unboost|p1b: Great Tusk|spd|1\n|faint|p2a: Baxcalibur\n|move|p2b: Flutter Mane|Dazzling Gleam|p1a: Palafin|[spread] p1a,p1b\n|-supereffective|p1b: Great Tusk\n|-crit|p1b: Great Tusk\n|-damage|p1a: Palafin|0 fnt\n|-damage|p1b: Great Tusk|0 fnt\n|faint|p1a: Palafin\n|faint|p1b: Great Tusk\n|-end|p1b: Great Tusk|Protosynthesis|[silent]\n|\n|win|200 routes\n|inactive|200 routes has 30 seconds left this turn.\n|raw|Wild248's rating: 1408 → 1388<\/strong> (-20 for losing)\n|raw|200 routes's rating: 1405 → 1425<\/strong> (+20 for winning)\n|l|\u2606Wild248\n","uploadtime":1681842420,"views":14,"p1id":"wild248","p2id":"200routes","formatid":"gen9vgc2023regulationc","rating":1388,"private":0,"password":""}