{"id":"gen9vgc2023regulationc-1846999931","p1":"Gutico","p2":"aoi9876","format":"[Gen 9] VGC 2023 Regulation C","log":"|j|\u2606Gutico\n|j|\u2606aoi9876\n|t:|1681910440\n|gametype|doubles\n|player|p1|Gutico|1|1514\n|player|p2|aoi9876|hilda|1412\n|teamsize|p1|6\n|teamsize|p2|6\n|gen|9\n|tier|[Gen 9] VGC 2023 Regulation C\n|rated|\n|rule|Species Clause: Limit one of each Pok\u00e9mon\n|rule|Item Clause: Limit one of each item\n|clearpoke\n|poke|p1|Dondozo, L50, F|\n|poke|p1|Tatsugiri, L50, M|\n|poke|p1|Glimmora, L50, F|\n|poke|p1|Corviknight, L50, F|\n|poke|p1|Chi-Yu, L50|\n|poke|p1|Iron Bundle, L50|\n|poke|p2|Abomasnow, L50, F|\n|poke|p2|Iron Bundle, L50|\n|poke|p2|Flutter Mane, L50|\n|poke|p2|Chi-Yu, L50|\n|poke|p2|Ting-Lu, L50|\n|poke|p2|Dragonite, L50, F|\n|teampreview|4\n|inactive|Battle timer is ON: inactive players will automatically lose when time's up. (requested by aoi9876)\n|\n|t:|1681910461\n|start\n|switch|p1a: Corviknight|Corviknight, L50, F|100\/100\n|switch|p1b: Iron Bundle|Iron Bundle, L50|100\/100\n|switch|p2a: Flutter Mane|Flutter Mane, L50|100\/100\n|switch|p2b: Chi-Yu|Chi-Yu, L50|100\/100\n|-ability|p2b: Chi-Yu|Beads of Ruin\n|-enditem|p1b: Iron Bundle|Booster Energy\n|-activate|p1b: Iron Bundle|ability: Quark Drive|[fromitem]\n|-start|p1b: Iron Bundle|quarkdrivespe\n|turn|1\n|\n|t:|1681910481\n|-terastallize|p1a: Corviknight|Fire\n|move|p1b: Iron Bundle|Protect|p1b: Iron Bundle\n|-singleturn|p1b: Iron Bundle|Protect\n|move|p2b: Chi-Yu|Heat Wave|p1b: Iron Bundle|[spread] p1a\n|-activate|p1b: Iron Bundle|move: Protect\n|-resisted|p1a: Corviknight\n|-damage|p1a: Corviknight|80\/100\n|move|p2a: Flutter Mane|Dazzling Gleam|p1a: Corviknight|[spread] p1a\n|-activate|p1b: Iron Bundle|move: Protect\n|-resisted|p1a: Corviknight\n|-damage|p1a: Corviknight|53\/100\n|move|p1a: Corviknight|Bulk Up|p1a: Corviknight\n|-boost|p1a: Corviknight|atk|1\n|-boost|p1a: Corviknight|def|1\n|\n|upkeep\n|turn|2\n|\n|t:|1681910502\n|-end|p1b: Iron Bundle|Quark Drive|[silent]\n|switch|p1b: Glimmora|Glimmora, L50, F|100\/100\n|-terastallize|p2a: Flutter Mane|Fairy\n|move|p2b: Chi-Yu|Heat Wave|p1a: Corviknight|[spread] p1a,p1b\n|-resisted|p1a: Corviknight\n|-resisted|p1b: Glimmora\n|-damage|p1a: Corviknight|30\/100\n|-damage|p1b: Glimmora|84\/100\n|move|p2a: Flutter Mane|Dazzling Gleam|p1b: Glimmora|[spread] p1a,p1b\n|-resisted|p1a: Corviknight\n|-resisted|p1b: Glimmora\n|-damage|p1a: Corviknight|0 fnt\n|-damage|p1b: Glimmora|59\/100\n|faint|p1a: Corviknight\n|\n|upkeep\n|\n|t:|1681910515\n|switch|p1a: Iron Bundle|Iron Bundle, L50|100\/100\n|turn|3\n|\n|t:|1681910534\n|move|p2b: Chi-Yu|Heat Wave|p1b: Glimmora|[spread] p1a,p1b\n|-resisted|p1b: Glimmora\n|-damage|p1a: Iron Bundle|7\/100\n|-damage|p1b: Glimmora|42\/100\n|move|p1a: Iron Bundle|Hydro Pump|p2b: Chi-Yu\n|-supereffective|p2b: Chi-Yu\n|-damage|p2b: Chi-Yu|0 fnt\n|faint|p2b: Chi-Yu\n|move|p2a: Flutter Mane|Dazzling Gleam|p1a: Iron Bundle|[spread] p1a,p1b\n|-resisted|p1b: Glimmora\n|-damage|p1a: Iron Bundle|0 fnt\n|-damage|p1b: Glimmora|22\/100\n|faint|p1a: Iron Bundle\n|-end|p1a: Iron Bundle|Quark Drive|[silent]\n|move|p1b: Glimmora|Power Gem|p2a: Flutter Mane\n|-damage|p2a: Flutter Mane|55\/100\n|\n|upkeep\n|\n|t:|1681910556\n|switch|p1a: Chi-Yu|Chi-Yu, L50|100\/100\n|switch|p2b: Iron Bundle|Iron Bundle, L50|100\/100\n|-ability|p1a: Chi-Yu|Beads of Ruin\n|-enditem|p2b: Iron Bundle|Booster Energy\n|-activate|p2b: Iron Bundle|ability: Quark Drive|[fromitem]\n|-start|p2b: Iron Bundle|quarkdrivespe\n|turn|4\n|\n|t:|1681910567\n|move|p2b: Iron Bundle|Hydro Pump|p1a: Chi-Yu|[miss]\n|-miss|p2b: Iron Bundle|p1a: Chi-Yu\n|move|p2a: Flutter Mane|Dazzling Gleam|p1a: Chi-Yu|[spread] p1a,p1b\n|-resisted|p1b: Glimmora\n|-damage|p1a: Chi-Yu|27\/100\n|-damage|p1b: Glimmora|0 fnt\n|faint|p1b: Glimmora\n|move|p1a: Chi-Yu|Heat Wave|p2a: Flutter Mane|[spread] p2b\n|-miss|p1a: Chi-Yu|p2a: Flutter Mane\n|-damage|p2b: Iron Bundle|0 fnt\n|faint|p2b: Iron Bundle\n|-end|p2b: Iron Bundle|Quark Drive|[silent]\n|\n|upkeep\n|\n|t:|1681910577\n|switch|p2b: Abomasnow|Abomasnow, L50, F|100\/100\n|-weather|Snow|[from] ability: Snow Warning|[of] p2b: Abomasnow\n|turn|5\n|\n|t:|1681910584\n|move|p2a: Flutter Mane|Dazzling Gleam|p1a: Chi-Yu\n|-damage|p1a: Chi-Yu|0 fnt\n|faint|p1a: Chi-Yu\n|\n|win|aoi9876\n|raw|Gutico's rating: 1514 → 1488<\/strong> (-26 for losing)\n|raw|aoi9876's rating: 1412 → 1438<\/strong> (+26 for winning)\n","uploadtime":1681910591,"views":6,"p1id":"gutico","p2id":"aoi9876","formatid":"gen9vgc2023regulationc","rating":1438,"private":0,"password":""}