{"id":"gen9vgc2023regulationc-1846935649","p1":"tresadeus","p2":"Alaskan_fisher","format":"[Gen 9] VGC 2023 Regulation C","log":"|j|\u2606tresadeus\n|j|\u2606Alaskan_fisher\n|t:|1681903244\n|gametype|doubles\n|player|p1|tresadeus|170|1069\n|player|p2|Alaskan_fisher|fisherman-gen4|1156\n|teamsize|p1|6\n|teamsize|p2|6\n|gen|9\n|tier|[Gen 9] VGC 2023 Regulation C\n|rated|\n|rule|Species Clause: Limit one of each Pok\u00e9mon\n|rule|Item Clause: Limit one of each item\n|clearpoke\n|poke|p1|Palafin, L50, F|\n|poke|p1|Gholdengo, L50|\n|poke|p1|Iron Hands, L50|\n|poke|p1|Amoonguss, L50, M|\n|poke|p1|Dragonite, L50, F|\n|poke|p1|Pelipper, L50, M|\n|poke|p2|Maushold-Four, L50|\n|poke|p2|Annihilape, L50, F|\n|poke|p2|Palafin, L50, F|\n|poke|p2|Ting-Lu, L50|\n|poke|p2|Flutter Mane, L50|\n|poke|p2|Arcanine, L50, M|\n|teampreview|4\nAlaskan_fisher has agreed to open team sheets.\n|inactive|Battle timer is ON: inactive players will automatically lose when time's up. (requested by tresadeus)\n|inactive|Alaskan_fisher has 60 seconds left.\n|\n|t:|1681903301\n|start\n|switch|p1a: Mermis|Amoonguss, L50, M|100\/100\n|switch|p1b: Summer|Gholdengo, L50|100\/100\n|switch|p2a: Annihilape|Annihilape, L50, F|100\/100\n|switch|p2b: Palafin|Palafin, L50, F|100\/100\n|turn|1\n|inactive|tresadeus has 30 seconds left.\n|\n|t:|1681903328\n|-terastallize|p2a: Annihilape|Fire\n|move|p2b: Palafin|Protect|p2b: Palafin\n|-singleturn|p2b: Palafin|Protect\n|move|p1b: Summer|Shadow Ball|p2a: Annihilape\n|-damage|p2a: Annihilape|63\/100\n|-unboost|p2a: Annihilape|spd|1\n|-damage|p1b: Summer|91\/100|[from] item: Life Orb\n|move|p2a: Annihilape|Bulk Up|p2a: Annihilape\n|-boost|p2a: Annihilape|atk|1\n|-boost|p2a: Annihilape|def|1\n|move|p1a: Mermis|Spore|p2b: Palafin\n|-activate|p2b: Palafin|move: Protect\n|\n|-heal|p2a: Annihilape|69\/100|[from] item: Leftovers\n|upkeep\n|turn|2\n|inactive|tresadeus has 30 seconds left.\n|\n|t:|1681903358\n|detailschange|p2b: Palafin|Palafin-Hero, L50, F\n|switch|p2b: Maushold|Maushold-Four, L50|100\/100\n|move|p2a: Annihilape|Protect|p2a: Annihilape\n|-singleturn|p2a: Annihilape|Protect\n|move|p1b: Summer|Shadow Ball|p2a: Annihilape\n|-activate|p2a: Annihilape|move: Protect\n|move|p1a: Mermis|Spore|p2b: Maushold\n|-activate|p2b: Maushold|item: Safety Goggles|Spore\n|\n|-heal|p2a: Annihilape|75\/100|[from] item: Leftovers\n|upkeep\n|turn|3\n|\n|t:|1681903377\n|move|p2b: Maushold|Follow Me|p2b: Maushold\n|-singleturn|p2b: Maushold|move: Follow Me\n|move|p1a: Mermis|Rage Powder|p1a: Mermis\n|-singleturn|p1a: Mermis|move: Rage Powder\n|move|p1b: Summer|Nasty Plot|p1b: Summer\n|-boost|p1b: Summer|spa|2\n|move|p2a: Annihilape|Rage Fist|p1a: Mermis\n|-damage|p1a: Mermis|48\/100\n|-enditem|p1a: Mermis|Sitrus Berry|[eat]\n|-heal|p1a: Mermis|73\/100|[from] item: Sitrus Berry\n|\n|-heal|p2a: Annihilape|82\/100|[from] item: Leftovers\n|upkeep\n|turn|4\n|inactive|tresadeus has 30 seconds left.\n|inactive|Alaskan_fisher has 30 seconds left.\n|\n|t:|1681903405\n|move|p2b: Maushold|Helping Hand|p2a: Annihilape\n|-singleturn|p2a: Annihilape|Helping Hand|[of] p2b: Maushold\n|move|p1a: Mermis|Rage Powder|p1a: Mermis\n|-singleturn|p1a: Mermis|move: Rage Powder\n|move|p1b: Summer|Make It Rain|p2b: Maushold|[spread] p2a,p2b\n|-resisted|p2a: Annihilape\n|-damage|p2a: Annihilape|33\/100\n|-damage|p2b: Maushold|0 fnt\n|-unboost|p1b: Summer|spa|1\n|faint|p2b: Maushold\n|-damage|p1b: Summer|81\/100|[from] item: Life Orb\n|move|p2a: Annihilape|Rage Fist|p1a: Mermis\n|-crit|p1a: Mermis\n|-damage|p1a: Mermis|0 fnt\n|faint|p1a: Mermis\n|\n|-heal|p2a: Annihilape|39\/100|[from] item: Leftovers\n|upkeep\n|\n|t:|1681903428\n|switch|p2b: Palafin|Palafin-Hero, L50, F|100\/100\n|switch|p1a: Emforbes|Pelipper, L50, M, shiny|100\/100\n|-activate|p2b: Palafin|ability: Zero to Hero\n|-weather|RainDance|[from] ability: Drizzle|[of] p1a: Emforbes\n|turn|5\n|\n|t:|1681903452\n|switch|p1b: Pl00ch|Iron Hands, L50|100\/100\n|switch|p2a: Flutter Mane|Flutter Mane, L50|100\/100\n|move|p2b: Palafin|Jet Punch|p1b: Pl00ch\n|-damage|p1b: Pl00ch|49\/100\n|move|p1a: Emforbes|Tailwind|p1a: Emforbes\n|-sidestart|p1: tresadeus|move: Tailwind\n|\n|-weather|RainDance|[upkeep]\n|upkeep\n|turn|6\n|\n|t:|1681903475\n|-terastallize|p1b: Pl00ch|Grass\n|move|p2b: Palafin|Protect|p2b: Palafin\n|-singleturn|p2b: Palafin|Protect\n|move|p1b: Pl00ch|Fake Out|p2a: Flutter Mane\n|-immune|p2a: Flutter Mane\n|move|p1a: Emforbes|Hurricane|p2b: Palafin\n|-activate|p2b: Palafin|move: Protect\n|move|p2a: Flutter Mane|Dazzling Gleam|p1b: Pl00ch|[spread] p1a,p1b\n|-damage|p1a: Emforbes|29\/100\n|-damage|p1b: Pl00ch|28\/100\n|\n|-weather|RainDance|[upkeep]\n|upkeep\n|turn|7\n|\n|t:|1681903500\n|move|p2b: Palafin|Jet Punch|p1b: Pl00ch\n|-resisted|p1b: Pl00ch\n|-damage|p1b: Pl00ch|5\/100\n|move|p1a: Emforbes|Hurricane|p2a: Flutter Mane\n|-damage|p2a: Flutter Mane|51\/100\n|move|p2a: Flutter Mane|Dazzling Gleam|p1a: Emforbes|[spread] p1a,p1b\n|-damage|p1a: Emforbes|0 fnt\n|-damage|p1b: Pl00ch|0 fnt\n|faint|p1a: Emforbes\n|faint|p1b: Pl00ch\n|-end|p1b: Pl00ch|Quark Drive|[silent]\n|\n|-weather|RainDance|[upkeep]\n|upkeep\n|\n|t:|1681903523\n|switch|p1a: Summer|Gholdengo, L50|81\/100\n|turn|8\n|\n|t:|1681903529\n|-end|p2a: Flutter Mane|Protosynthesis|[silent]\n|switch|p2a: Annihilape|Annihilape, L50, F, tera:Fire|39\/100\n|move|p2b: Palafin|Jet Punch|p1a: Summer\n|-damage|p1a: Summer|7\/100\n|move|p1a: Summer|Make It Rain|p2b: Palafin|[spread] p2a,p2b\n|-resisted|p2a: Annihilape\n|-resisted|p2b: Palafin\n|-damage|p2a: Annihilape|17\/100\n|-damage|p2b: Palafin|75\/100\n|-unboost|p1a: Summer|spa|1\n|-damage|p1a: Summer|0 fnt|[from] item: Life Orb\n|faint|p1a: Summer\n|\n|win|Alaskan_fisher\n|raw|tresadeus's rating: 1069 → 1054<\/strong> (-15 for losing)\n|raw|Alaskan_fisher's rating: 1156 → 1175<\/strong> (+19 for winning)\n","uploadtime":1681903540,"views":16,"p1id":"tresadeus","p2id":"alaskanfisher","formatid":"gen9vgc2023regulationc","rating":1054,"private":0,"password":""}