{"id":"gen9vgc2023regulationc-1856426994","p1":"manilovebo1cts","p2":"futonkagebunshin","format":"[Gen 9] VGC 2023 Regulation C","log":"|j|\u2606manilovebo1cts\n|j|\u2606futonkagebunshin\n|t:|1683060436\n|gametype|doubles\n|player|p1|manilovebo1cts|schoolboy-gen2|1621\n|player|p2|futonkagebunshin|policeman-gen4|1556\n|teamsize|p1|6\n|teamsize|p2|6\n|gen|9\n|tier|[Gen 9] VGC 2023 Regulation C\n|rated|\n|rule|Species Clause: Limit one of each Pok\u00e9mon\n|rule|Item Clause: Limit one of each item\n|clearpoke\n|poke|p1|Iron Hands, L50|\n|poke|p1|Amoonguss, L50, F|\n|poke|p1|Palafin, L50, F|\n|poke|p1|Arcanine, L50, F|\n|poke|p1|Flutter Mane, L50|\n|poke|p1|Ting-Lu, L50|\n|poke|p2|Volcarona, L50, F|\n|poke|p2|Dragapult, L50, M|\n|poke|p2|Glimmora, L50, F|\n|poke|p2|Meowscarada, L50, F|\n|poke|p2|Gyarados, L50, F|\n|poke|p2|Ting-Lu, L50|\n|teampreview|4\n|inactive|Battle timer is ON: inactive players will automatically lose when time's up. (requested by manilovebo1cts)\n|inactive|futonkagebunshin has 60 seconds left.\nmanilovebo1cts rejected open team sheets.\n|j| Therazer456\n|inactive|futonkagebunshin has 30 seconds left.\n|inactive|futonkagebunshin has 20 seconds left.\n|j| dreamswgh\n|inactive|futonkagebunshin has 15 seconds left.\n|inactive|futonkagebunshin has 10 seconds left.\n|inactive|futonkagebunshin has 5 seconds left.\n|\n|t:|1683060534\n|start\n|switch|p1a: Palafin|Palafin, L50, F|100\/100\n|switch|p1b: Iron Hands|Iron Hands, L50|100\/100\n|switch|p2a: Dragapult|Dragapult, L50, M|100\/100\n|switch|p2b: Glimmora|Glimmora, L50, F|100\/100\n|turn|1\n|inactive|futonkagebunshin has 30 seconds left.\n|\n|t:|1683060566\n|detailschange|p1a: Palafin|Palafin-Hero, L50, F\n|switch|p1a: Amoonguss|Amoonguss, L50, F|100\/100\n|move|p2a: Dragapult|Will-O-Wisp|p1b: Iron Hands|[miss]\n|-miss|p2a: Dragapult|p1b: Iron Hands\n|move|p2b: Glimmora|Sludge Bomb|p1a: Amoonguss\n|-damage|p1a: Amoonguss|39\/100\n|-enditem|p1a: Amoonguss|Sitrus Berry|[eat]\n|-heal|p1a: Amoonguss|64\/100|[from] item: Sitrus Berry\n|move|p1b: Iron Hands|Iron Defense|p1b: Iron Hands\n|-boost|p1b: Iron Hands|def|2\n|\n|upkeep\n|turn|2\n|c|\u2606manilovebo1cts|sorry\n|inactive|manilovebo1cts has 30 seconds left.\n|inactive|futonkagebunshin has 30 seconds left.\n|inactive|manilovebo1cts has 20 seconds left.\n|inactive|manilovebo1cts has 15 seconds left.\n|inactive|manilovebo1cts has 10 seconds left.\n|\n|t:|1683060612\n|switch|p1a: Ting-Lu|Ting-Lu, L50|100\/100\n|-ability|p1a: Ting-Lu|Vessel of Ruin\n|-terastallize|p1b: Iron Hands|Fire\n|move|p2a: Dragapult|Dragon Darts|p1a: Ting-Lu\n|-damage|p1a: Ting-Lu|82\/100\n|-anim|p2a: Dragapult|Dragon Darts|p1b: Iron Hands\n|-damage|p1b: Iron Hands|90\/100\n|-damage|p2a: Dragapult|91\/100|[from] item: Life Orb\n|move|p2b: Glimmora|Sludge Bomb|p1a: Ting-Lu\n|-resisted|p1a: Ting-Lu\n|-damage|p1a: Ting-Lu|70\/100\n|move|p1b: Iron Hands|Heavy Slam|p2b: Glimmora\n|-supereffective|p2b: Glimmora\n|-damage|p2b: Glimmora|5\/100\n|-activate|p2b: Glimmora|ability: Toxic Debris\n|-sidestart|p1: manilovebo1cts|move: Toxic Spikes\n|\n|-heal|p1b: Iron Hands|96\/100|[from] item: Leftovers\n|upkeep\n|turn|3\n|l| dreamswgh\n|inactive|manilovebo1cts has 30 seconds left.\n|inactive|manilovebo1cts has 20 seconds left.\n|inactive|manilovebo1cts has 15 seconds left.\n|\n|t:|1683060656\n|move|p2a: Dragapult|Will-O-Wisp|p1a: Ting-Lu\n|-status|p1a: Ting-Lu|brn\n|move|p2b: Glimmora|Sludge Bomb|p1b: Iron Hands\n|-damage|p1b: Iron Hands|62\/100\n|move|p1a: Ting-Lu|Ruination|p2a: Dragapult\n|-damage|p2a: Dragapult|46\/100\n|move|p1b: Iron Hands|Iron Defense|p1b: Iron Hands\n|-boost|p1b: Iron Hands|def|2\n|\n|-heal|p1b: Iron Hands|68\/100|[from] item: Leftovers\n|-damage|p1a: Ting-Lu|64\/100 brn|[from] brn\n|upkeep\n|turn|4\n|\n|t:|1683060674\n|move|p2a: Dragapult|Phantom Force||[still]\n|-prepare|p2a: Dragapult|Phantom Force\n|move|p2b: Glimmora|Sludge Bomb|p1b: Iron Hands\n|-damage|p1b: Iron Hands|37\/100\n|move|p1a: Ting-Lu|Earthquake|p2b: Glimmora|[spread] p1b,p2b\n|-miss|p1a: Ting-Lu|p2a: Dragapult\n|-supereffective|p1b: Iron Hands\n|-supereffective|p2b: Glimmora\n|-crit|p2b: Glimmora\n|-damage|p1b: Iron Hands|30\/100\n|-damage|p2b: Glimmora|0 fnt\n|-activate|p2b: Glimmora|ability: Toxic Debris\n|-sidestart|p1: manilovebo1cts|move: Toxic Spikes\n|faint|p2b: Glimmora\n|move|p1b: Iron Hands|Substitute|p1b: Iron Hands\n|-start|p1b: Iron Hands|Substitute\n|-damage|p1b: Iron Hands|5\/100\n|\n|-heal|p1b: Iron Hands|11\/100|[from] item: Leftovers\n|-damage|p1a: Ting-Lu|58\/100 brn|[from] brn\n|upkeep\n|\n|t:|1683060692\n|switch|p2b: Meowscarada|Meowscarada, L50, F|100\/100\n|turn|5\n|\n|t:|1683060709\n|switch|p1a: Amoonguss|Amoonguss, L50, F|97\/100\n|-sideend|p1: manilovebo1cts|move: Toxic Spikes|[of] p1a: Amoonguss\n|move|p2a: Dragapult|Phantom Force|p1b: Iron Hands|[from]lockedmove\n|-activate|p1b: Iron Hands|move: Substitute|[damage]\n|-damage|p2a: Dragapult|37\/100|[from] item: Life Orb\n|move|p2b: Meowscarada|Knock Off|p1b: Iron Hands\n|-start|p2b: Meowscarada|typechange|Dark|[from] ability: Protean\n|-end|p1b: Iron Hands|Substitute\n|move|p1b: Iron Hands|Body Press|p2b: Meowscarada\n|-supereffective|p2b: Meowscarada\n|-damage|p2b: Meowscarada|0 fnt\n|faint|p2b: Meowscarada\n|\n|-heal|p1b: Iron Hands|17\/100|[from] item: Leftovers\n|upkeep\n|j| Young Rouge\n|\n|t:|1683060722\n|switch|p2b: Gyarados|Gyarados, L50, F|100\/100\n|-ability|p2b: Gyarados|Intimidate|boost\n|-unboost|p1a: Amoonguss|atk|1\n|-unboost|p1b: Iron Hands|atk|1\n|turn|6\n|\n|t:|1683060741\n|move|p1a: Amoonguss|Rage Powder|p1a: Amoonguss\n|-singleturn|p1a: Amoonguss|move: Rage Powder\n|move|p2a: Dragapult|Phantom Force||[still]\n|-prepare|p2a: Dragapult|Phantom Force\n|move|p2b: Gyarados|Waterfall|p1b: Iron Hands\n|-supereffective|p1b: Iron Hands\n|-damage|p1b: Iron Hands|3\/100\n|cant|p1b: Iron Hands|flinch\n|\n|-heal|p1b: Iron Hands|9\/100|[from] item: Leftovers\n|upkeep\n|turn|7\n|inactive|manilovebo1cts has 30 seconds left.\n|\n|t:|1683060774\n|move|p2a: Dragapult|Phantom Force|p1a: Amoonguss|[from]lockedmove\n|-damage|p1a: Amoonguss|53\/100\n|-damage|p2a: Dragapult|27\/100|[from] item: Life Orb\n|move|p2b: Gyarados|Waterfall|p1b: Iron Hands\n|-supereffective|p1b: Iron Hands\n|-damage|p1b: Iron Hands|0 fnt\n|faint|p1b: Iron Hands\n|-end|p1b: Iron Hands|Quark Drive|[silent]\n|move|p1a: Amoonguss|Spore|p2a: Dragapult\n|-status|p2a: Dragapult|slp|[from] move: Spore\n|\n|upkeep\n|j| Withoutexcuse\n|\n|t:|1683060790\n|switch|p1b: Palafin|Palafin-Hero, L50, F|100\/100\n|-activate|p1b: Palafin|ability: Zero to Hero\n|turn|8\n|\n|t:|1683060800\n|cant|p2a: Dragapult|slp\n|move|p2b: Gyarados|Thunder Wave|p1b: Palafin\n|-status|p1b: Palafin|par\n|move|p1b: Palafin|Substitute|p1b: Palafin\n|-start|p1b: Palafin|Substitute\n|-damage|p1b: Palafin|76\/100 par\n|move|p1a: Amoonguss|Pollen Puff|p1b: Palafin\n|-heal|p1b: Palafin|100\/100 par\n|\n|upkeep\n|turn|9\n|j| fheopjgaoijfaofjo\n|-message|futonkagebunshin forfeited.\n|\n|win|manilovebo1cts\n|raw|manilovebo1cts's rating: 1621 → 1637<\/strong> (+16 for winning)\n|raw|futonkagebunshin's rating: 1556 → 1540<\/strong> (-16 for losing)\n","uploadtime":1683060831,"views":9,"p1id":"manilovebo1cts","p2id":"futonkagebunshin","formatid":"gen9vgc2023regulationc","rating":1540,"private":0,"password":""}