{"id":"gen9vgc2023regulationc-1861827159","p1":"efrsgaesrga","p2":"NoahMP3","format":"[Gen 9] VGC 2023 Regulation C","log":"|j|\u2606efrsgaesrga\n|j|\u2606NoahMP3\n|t:|1683812686\n|gametype|doubles\n|player|p1|efrsgaesrga|caitlin|1106\n|player|p2|NoahMP3|chuck|1111\n|teamsize|p1|6\n|teamsize|p2|6\n|gen|9\n|tier|[Gen 9] VGC 2023 Regulation C\n|rated|\n|rule|Species Clause: Limit one of each Pok\u00e9mon\n|rule|Item Clause: Limit one of each item\n|clearpoke\n|poke|p1|Jumpluff, L50, M|\n|poke|p1|Great Tusk, L50|\n|poke|p1|Flutter Mane, L50|\n|poke|p1|Torkoal, L50, F|\n|poke|p1|Chien-Pao, L50|\n|poke|p1|Kingambit, L50, F|\n|poke|p2|Hawlucha, L50, M|\n|poke|p2|Riolu, L50, M|\n|poke|p2|Slowking, L50, F|\n|poke|p2|Glaceon, L50, M|\n|poke|p2|Chi-Yu, L50|\n|poke|p2|Tsareena, L50, F|\n|teampreview|4\n|inactive|Battle timer is ON: inactive players will automatically lose when time's up. (requested by NoahMP3)\n|\n|t:|1683812715\n|start\n|switch|p1a: Jumpluff|Jumpluff, L50, M, shiny|100\/100\n|switch|p1b: Torkoal|Torkoal, L50, F, shiny|100\/100\n|switch|p2a: Slowking|Slowking, L50, F|100\/100\n|switch|p2b: Chi-Yu|Chi-Yu, L50|100\/100\n|-ability|p2b: Chi-Yu|Beads of Ruin\n|-weather|SunnyDay|[from] ability: Drought|[of] p1b: Torkoal\n|turn|1\n|\n|t:|1683812732\n|-terastallize|p2a: Slowking|Grass\n|move|p1a: Jumpluff|Sleep Powder|p2b: Chi-Yu\n|-status|p2b: Chi-Yu|slp|[from] move: Sleep Powder\n|cant|p2b: Chi-Yu|slp\n|move|p1b: Torkoal|Yawn|p2a: Slowking\n|-start|p2a: Slowking|move: Yawn|[of] p1b: Torkoal\n|move|p2a: Slowking|Chilly Reception|p2a: Slowking\n|-weather|Snow\n|\n|t:|1683812743\n|switch|p2a: Glaceon|Glaceon, L50, M|100\/100|[from] Chilly Reception\n|\n|-weather|Snow|[upkeep]\n|upkeep\n|turn|2\n|\n|t:|1683812752\n|switch|p1a: Kingambit|Kingambit, L50, F, shiny|100\/100\n|switch|p2b: Hawlucha|Hawlucha, L50, M|100\/100\n|move|p2a: Glaceon|Blizzard|p1a: Kingambit|[spread] p1a,p1b\n|-resisted|p1a: Kingambit\n|-resisted|p1b: Torkoal\n|-damage|p1a: Kingambit|85\/100\n|-damage|p1b: Torkoal|75\/100\n|move|p1b: Torkoal|Overheat|p2a: Glaceon|[miss]\n|-miss|p1b: Torkoal|p2a: Glaceon\n|\n|-weather|Snow|[upkeep]\n|upkeep\n|turn|3\n|inactive|efrsgaesrga has 30 seconds left.\n|inactive|efrsgaesrga has 20 seconds left.\n|inactive|efrsgaesrga has 15 seconds left.\n|\n|t:|1683812793\n|-terastallize|p1a: Kingambit|Fire\n|move|p2a: Glaceon|Ice Shard|p2b: Hawlucha\n|-supereffective|p2b: Hawlucha\n|-damage|p2b: Hawlucha|75\/100\n|-enditem|p2b: Hawlucha|Weakness Policy\n|-boost|p2b: Hawlucha|atk|2|[from] item: Weakness Policy\n|-boost|p2b: Hawlucha|spa|2|[from] item: Weakness Policy\n|move|p2b: Hawlucha|Close Combat|p1b: Torkoal\n|-damage|p1b: Torkoal|0 fnt\n|-unboost|p2b: Hawlucha|def|1\n|-unboost|p2b: Hawlucha|spd|1\n|faint|p1b: Torkoal\n|move|p1a: Kingambit|Iron Head|p2a: Glaceon\n|-supereffective|p2a: Glaceon\n|-damage|p2a: Glaceon|40\/100\n|\n|-weather|Snow|[upkeep]\n|upkeep\n|\n|t:|1683812801\n|switch|p1b: Flutter Mane|Flutter Mane, L50, shiny|100\/100\n|turn|4\n|\n|t:|1683812817\n|move|p2b: Hawlucha|Acrobatics|p1b: Flutter Mane\n|-damage|p1b: Flutter Mane|0 fnt\n|faint|p1b: Flutter Mane\n|-end|p1b: Flutter Mane|Protosynthesis|[silent]\n|move|p2a: Glaceon|Blizzard|p1a: Kingambit\n|-resisted|p1a: Kingambit\n|-damage|p1a: Kingambit|64\/100\n|move|p1a: Kingambit|Tera Blast|p2b: Hawlucha\n|-damage|p2b: Hawlucha|0 fnt\n|faint|p2b: Hawlucha\n|\n|-weather|Snow|[upkeep]\n|upkeep\n|\n|t:|1683812828\n|switch|p1b: Jumpluff|Jumpluff, L50, M, shiny|100\/100\n|switch|p2b: Slowking|Slowking, L50, F, tera:Grass|100\/100\n|turn|5\n|\n|t:|1683812840\n|move|p1a: Kingambit|Sucker Punch|p2a: Glaceon|[miss]\n|-miss|p1a: Kingambit|p2a: Glaceon\n|move|p1b: Jumpluff|Tailwind|p1b: Jumpluff\n|-sidestart|p1: efrsgaesrga|move: Tailwind\n|move|p2a: Glaceon|Blizzard|p1b: Jumpluff|[spread] p1a,p1b\n|-resisted|p1a: Kingambit\n|-supereffective|p1b: Jumpluff\n|-damage|p1a: Kingambit|50\/100\n|-damage|p1b: Jumpluff|0 fnt\n|-status|p1a: Kingambit|frz\n|faint|p1b: Jumpluff\n|move|p2b: Slowking|Chilling Water|p1a: Kingambit\n|-supereffective|p1a: Kingambit\n|-damage|p1a: Kingambit|24\/100 frz\n|-unboost|p1a: Kingambit|atk|1\n|-ability|p1a: Kingambit|Defiant|boost\n|-boost|p1a: Kingambit|atk|2\n|\n|-weather|none\n|upkeep\n|turn|6\n|-message|efrsgaesrga forfeited.\n|\n|win|NoahMP3\n|raw|efrsgaesrga's rating: 1106 → 1081<\/strong> (-25 for losing)\n|raw|NoahMP3's rating: 1111 → 1136<\/strong> (+25 for winning)\n|l|\u2606efrsgaesrga\n","uploadtime":1683812857,"views":11,"p1id":"efrsgaesrga","p2id":"noahmp3","formatid":"gen9vgc2023regulationc","rating":1081,"private":0,"password":""}