{"id":"gen9vgc2023regulationc-1845034295","p1":"Gerbacia14","p2":"DrSilv3r","format":"[Gen 9] VGC 2023 Regulation C","log":"|j|\u2606Gerbacia14\n|j|\u2606DrSilv3r\n|t:|1681676256\n|gametype|doubles\n|player|p1|Gerbacia14|benga|\n|player|p2|DrSilv3r|169|\n|teamsize|p1|6\n|teamsize|p2|6\n|gen|9\n|tier|[Gen 9] VGC 2023 Regulation C\n|rule|Species Clause: Limit one of each Pok\u00e9mon\n|rule|Item Clause: Limit one of each item\n|clearpoke\n|poke|p1|Wo-Chien, L50|\n|poke|p1|Glimmora, L50, M|\n|poke|p1|Chi-Yu, L50|\n|poke|p1|Flutter Mane, L50|\n|poke|p1|Dondozo, L50, M|\n|poke|p1|Tatsugiri, L50, M|\n|poke|p2|Flutter Mane, L50|\n|poke|p2|Amoonguss, L50, M|\n|poke|p2|Arcanine, L50, M|\n|poke|p2|Palafin, L50, M|\n|poke|p2|Chien-Pao, L50|\n|poke|p2|Dragapult, L50, M|\n|teampreview|4\nGerbacia14 has agreed to open team sheets.\n|c|\u2606Gerbacia14|acepta open team sheet por ac\u00e1 tmb, como se te haga m\u00e1s c\u00f3modo\n|\n|t:|1681676322\n|start\n|switch|p1a: Glimmora|Glimmora, L50, M|100\/100\n|switch|p1b: Flutter Mane|Flutter Mane, L50|100\/100\n|switch|p2a: Arcanine|Arcanine, L50, M|100\/100\n|switch|p2b: Dragapult|Dragapult, L50, M|100\/100\n|-ability|p2a: Arcanine|Intimidate|boost\n|-unboost|p1a: Glimmora|atk|1\n|-unboost|p1b: Flutter Mane|atk|1\n|-enditem|p1b: Flutter Mane|Booster Energy\n|-activate|p1b: Flutter Mane|ability: Protosynthesis|[fromitem]\n|-start|p1b: Flutter Mane|protosynthesisspe\n|turn|1\n|\n|t:|1681676350\n|-terastallize|p2b: Dragapult|Steel\n|move|p1b: Flutter Mane|Protect|p1b: Flutter Mane\n|-singleturn|p1b: Flutter Mane|Protect\n|move|p1a: Glimmora|Spiky Shield|p1a: Glimmora\n|-singleturn|p1a: Glimmora|move: Protect\n|move|p2a: Arcanine|Protect|p2a: Arcanine\n|-singleturn|p2a: Arcanine|Protect\n|move|p2b: Dragapult|Tera Blast|p1b: Flutter Mane\n|-activate|p1b: Flutter Mane|move: Protect\n|\n|upkeep\n|turn|2\n|\n|t:|1681676398\n|-end|p1b: Flutter Mane|Protosynthesis|[silent]\n|switch|p1b: Chi-Yu|Chi-Yu, L50|100\/100\n|-ability|p1b: Chi-Yu|Beads of Ruin\n|switch|p2a: Chien-Pao|Chien-Pao, L50|100\/100\n|-ability|p2a: Chien-Pao|Sword of Ruin\n|-terastallize|p1a: Glimmora|Grass\n|move|p2b: Dragapult|Tera Blast|p1b: Chi-Yu\n|-resisted|p1b: Chi-Yu\n|-crit|p1b: Chi-Yu\n|-damage|p1b: Chi-Yu|6\/100\n|move|p1a: Glimmora|Earth Power|p2b: Dragapult\n|-supereffective|p2b: Dragapult\n|-damage|p2b: Dragapult|0 fnt\n|faint|p2b: Dragapult\n|\n|upkeep\n|\n|t:|1681676421\n|switch|p2b: Arcanine|Arcanine, L50, M|100\/100\n|-ability|p2b: Arcanine|Intimidate|boost\n|-unboost|p1a: Glimmora|atk|1\n|-unboost|p1b: Chi-Yu|atk|1\n|turn|3\n|\n|t:|1681676445\n|move|p2b: Arcanine|Extreme Speed|p1b: Chi-Yu\n|-damage|p1b: Chi-Yu|0 fnt\n|faint|p1b: Chi-Yu\n|move|p2a: Chien-Pao|Ice Spinner|p1a: Glimmora\n|-supereffective|p1a: Glimmora\n|-enditem|p1a: Glimmora|Focus Sash\n|-damage|p1a: Glimmora|1\/100\n|move|p1a: Glimmora|Mortal Spin|p2a: Chien-Pao|[spread] p2a,p2b\n|-damage|p2a: Chien-Pao|98\/100\n|-damage|p2b: Arcanine|97\/100\n|-status|p2a: Chien-Pao|psn\n|-status|p2b: Arcanine|psn\n|\n|-damage|p2a: Chien-Pao|86\/100 psn|[from] psn\n|-damage|p2b: Arcanine|85\/100 psn|[from] psn\n|upkeep\n|\n|t:|1681676455\n|switch|p1b: Wo-Chien|Wo-Chien, L50|100\/100\n|-ability|p1b: Wo-Chien|Tablets of Ruin\n|turn|4\n|\n|t:|1681676485\n|move|p1a: Glimmora|Spiky Shield|p1a: Glimmora\n|-singleturn|p1a: Glimmora|move: Protect\n|move|p1b: Wo-Chien|Protect|p1b: Wo-Chien\n|-singleturn|p1b: Wo-Chien|Protect\n|move|p2b: Arcanine|Extreme Speed|p1a: Glimmora\n|-activate|p1a: Glimmora|move: Protect\n|-damage|p2b: Arcanine|73\/100 psn|[from] Spiky Shield|[of] p1a: Glimmora\n|move|p2a: Chien-Pao|Ice Spinner|p1b: Wo-Chien\n|-activate|p1b: Wo-Chien|move: Protect\n|\n|-damage|p2a: Chien-Pao|73\/100 psn|[from] psn\n|-damage|p2b: Arcanine|60\/100 psn|[from] psn\n|upkeep\n|turn|5\n|\n|t:|1681676523\n|move|p1a: Glimmora|Spiky Shield||[still]\n|-fail|p1a: Glimmora\n|move|p2b: Arcanine|Extreme Speed|p1a: Glimmora\n|-damage|p1a: Glimmora|0 fnt\n|faint|p1a: Glimmora\n|move|p2a: Chien-Pao|Ice Spinner|p1b: Wo-Chien\n|-supereffective|p1b: Wo-Chien\n|-damage|p1b: Wo-Chien|43\/100\n|-enditem|p1b: Wo-Chien|Sitrus Berry|[eat]\n|-heal|p1b: Wo-Chien|68\/100|[from] item: Sitrus Berry\n|move|p1b: Wo-Chien|Substitute|p1b: Wo-Chien\n|-start|p1b: Wo-Chien|Substitute\n|-damage|p1b: Wo-Chien|43\/100\n|\n|-damage|p2a: Chien-Pao|61\/100 psn|[from] psn\n|-damage|p2b: Arcanine|48\/100 psn|[from] psn\n|upkeep\n|\n|t:|1681676533\n|switch|p1a: Flutter Mane|Flutter Mane, L50|100\/100\n|turn|6\n|\n|t:|1681676558\n|move|p1a: Flutter Mane|Protect|p1a: Flutter Mane\n|-singleturn|p1a: Flutter Mane|Protect\n|move|p1b: Wo-Chien|Protect|p1b: Wo-Chien\n|-singleturn|p1b: Wo-Chien|Protect\n|move|p2a: Chien-Pao|Sucker Punch||[still]\n|-fail|p2a: Chien-Pao\n|move|p2b: Arcanine|Flare Blitz|p1b: Wo-Chien\n|-activate|p1b: Wo-Chien|move: Protect\n|\n|-damage|p2a: Chien-Pao|49\/100 psn|[from] psn\n|-damage|p2b: Arcanine|35\/100 psn|[from] psn\n|upkeep\n|turn|7\n|\n|t:|1681676581\n|move|p2a: Chien-Pao|Sucker Punch||[still]\n|-fail|p2a: Chien-Pao\n|move|p1a: Flutter Mane|Substitute|p1a: Flutter Mane\n|-start|p1a: Flutter Mane|Substitute\n|-damage|p1a: Flutter Mane|76\/100\n|move|p2b: Arcanine|Flare Blitz|p1b: Wo-Chien\n|-supereffective|p1b: Wo-Chien\n|-end|p1b: Wo-Chien|Substitute\n|-damage|p2b: Arcanine|27\/100 psn|[from] Recoil|[of] p1b: Wo-Chien\n|move|p1b: Wo-Chien|Pollen Puff|p2a: Chien-Pao\n|-supereffective|p2a: Chien-Pao\n|-damage|p2a: Chien-Pao|0 fnt\n|faint|p2a: Chien-Pao\n|\n|-damage|p2b: Arcanine|14\/100 psn|[from] psn\n|upkeep\n|\n|t:|1681676598\n|switch|p2a: Flutter Mane|Flutter Mane, L50|100\/100\n|-enditem|p2a: Flutter Mane|Booster Energy\n|-activate|p2a: Flutter Mane|ability: Protosynthesis|[fromitem]\n|-start|p2a: Flutter Mane|protosynthesisspa\n|turn|8\n|\n|t:|1681676631\n|move|p1a: Flutter Mane|Protect|p1a: Flutter Mane\n|-singleturn|p1a: Flutter Mane|Protect\n|move|p1b: Wo-Chien|Protect|p1b: Wo-Chien\n|-singleturn|p1b: Wo-Chien|Protect\n|move|p2b: Arcanine|Extreme Speed|p1b: Wo-Chien\n|-activate|p1b: Wo-Chien|move: Protect\n|move|p2a: Flutter Mane|Dazzling Gleam|p1a: Flutter Mane|[spread] \n|-activate|p1a: Flutter Mane|move: Protect\n|-activate|p1b: Wo-Chien|move: Protect\n|\n|-damage|p2b: Arcanine|2\/100 psn|[from] psn\n|upkeep\n|turn|9\n|\n|t:|1681676682\n|move|p1a: Flutter Mane|Shadow Ball|p2a: Flutter Mane\n|-supereffective|p2a: Flutter Mane\n|-damage|p2a: Flutter Mane|31\/100\n|move|p2a: Flutter Mane|Shadow Ball|p1a: Flutter Mane\n|-supereffective|p1a: Flutter Mane\n|-end|p1a: Flutter Mane|Substitute\n|move|p2b: Arcanine|Flare Blitz|p1b: Wo-Chien\n|-supereffective|p1b: Wo-Chien\n|-damage|p1b: Wo-Chien|0 fnt\n|faint|p1b: Wo-Chien\n|-damage|p2b: Arcanine|0 fnt|[from] Recoil\n|faint|p2b: Arcanine\n|\n|upkeep\n|turn|10\n|\n|t:|1681676706\n|move|p2a: Flutter Mane|Protect|p2a: Flutter Mane\n|-singleturn|p2a: Flutter Mane|Protect\n|move|p1a: Flutter Mane|Shadow Ball|p2a: Flutter Mane\n|-activate|p2a: Flutter Mane|move: Protect\n|\n|upkeep\n|turn|11\n|\n|t:|1681676715\n|move|p1a: Flutter Mane|Shadow Ball|p2a: Flutter Mane\n|-supereffective|p2a: Flutter Mane\n|-damage|p2a: Flutter Mane|0 fnt\n|faint|p2a: Flutter Mane\n|-end|p2a: Flutter Mane|Protosynthesis|[silent]\n|\n|win|Gerbacia14\n|c|\u2606Gerbacia14|gg\n","uploadtime":1681676719,"views":12,"p1id":"gerbacia14","p2id":"drsilv3r","formatid":"gen9vgc2023regulationc","rating":0,"private":0,"password":""}