{"id":"gen9vgc2023regulationc-1848008929","p1":"CaliberChamp","p2":"queen_lel","format":"[Gen 9] VGC 2023 Regulation C","log":"|j|\u2606CaliberChamp\n|j|\u2606queen_lel\n|t:|1682020292\n|gametype|doubles\n|player|p1|CaliberChamp|blue-masters|1185\n|player|p2|queen_lel|265|1178\n|teamsize|p1|6\n|teamsize|p2|6\n|gen|9\n|tier|[Gen 9] VGC 2023 Regulation C\n|rated|\n|rule|Species Clause: Limit one of each Pok\u00e9mon\n|rule|Item Clause: Limit one of each item\n|clearpoke\n|poke|p1|Quaquaval, L50, F|\n|poke|p1|Cyclizar, L50, M|\n|poke|p1|Armarouge, L50, M|\n|poke|p1|Ceruledge, L50, F|\n|poke|p1|Iron Bundle, L50|\n|poke|p1|Iron Valiant, L50|\n|poke|p2|Gyarados, L50, M|\n|poke|p2|Dragapult, L50, M|\n|poke|p2|Chien-Pao, L50|\n|poke|p2|Amoonguss, L50, M|\n|poke|p2|Arcanine, L50, F|\n|poke|p2|Flutter Mane, L50|\n|teampreview|4\n|inactive|Battle timer is ON: inactive players will automatically lose when time's up. (requested by queen_lel)\n|inactive|CaliberChamp has 60 seconds left.\n|inactive|queen_lel has 60 seconds left.\n|\n|t:|1682020352\n|start\n|switch|p1a: Delibundle|Iron Bundle, L50|100\/100\n|switch|p1b: Galiant|Iron Valiant, L50|100\/100\n|switch|p2a: Gyarados|Gyarados, L50, M|100\/100\n|switch|p2b: Flutter Mane|Flutter Mane, L50|100\/100\n|-ability|p2a: Gyarados|Intimidate|boost\n|-unboost|p1a: Delibundle|atk|1\n|-unboost|p1b: Galiant|atk|1\n|-enditem|p1b: Galiant|Booster Energy\n|-activate|p1b: Galiant|ability: Quark Drive|[fromitem]\n|-start|p1b: Galiant|quarkdrivespe\n|-enditem|p2b: Flutter Mane|Booster Energy\n|-activate|p2b: Flutter Mane|ability: Protosynthesis|[fromitem]\n|-start|p2b: Flutter Mane|protosynthesisspa\n|turn|1\n|\n|t:|1682020370\n|move|p1b: Galiant|Protect|p1b: Galiant\n|-singleturn|p1b: Galiant|Protect\n|move|p1a: Delibundle|Protect|p1a: Delibundle\n|-singleturn|p1a: Delibundle|Protect\n|move|p2a: Gyarados|Protect|p2a: Gyarados\n|-singleturn|p2a: Gyarados|Protect\n|move|p2b: Flutter Mane|Dazzling Gleam|p1b: Galiant|[spread] \n|-activate|p1a: Delibundle|move: Protect\n|-activate|p1b: Galiant|move: Protect\n|\n|upkeep\n|turn|2\n|inactive|queen_lel has 30 seconds left.\n|\n|t:|1682020396\n|switch|p2a: Chien-Pao|Chien-Pao, L50|100\/100\n|-ability|p2a: Chien-Pao|Sword of Ruin\n|move|p1b: Galiant|Disable|p2b: Flutter Mane\n|-start|p2b: Flutter Mane|Disable|Dazzling Gleam\n|move|p1a: Delibundle|Encore||[still]\n|-fail|p1a: Delibundle\n|cant|p2b: Flutter Mane|Disable|Dazzling Gleam\n|\n|upkeep\n|turn|3\n|inactive|queen_lel has 30 seconds left.\n|\n|t:|1682020421\n|move|p1b: Galiant|Dazzling Gleam|p2b: Flutter Mane|[spread] p2a,p2b\n|-supereffective|p2a: Chien-Pao\n|-damage|p2a: Chien-Pao|2\/100\n|-damage|p2b: Flutter Mane|71\/100\n|move|p1a: Delibundle|Encore|p2b: Flutter Mane\n|-start|p2b: Flutter Mane|Encore\n|move|p2a: Chien-Pao|Sacred Sword|p1a: Delibundle\n|-supereffective|p1a: Delibundle\n|-damage|p1a: Delibundle|6\/100\n|cant|p2b: Flutter Mane|Disable|Dazzling Gleam\n|\n|upkeep\n|turn|4\n|\n|t:|1682020448\n|-end|p1a: Delibundle|Quark Drive|[silent]\n|switch|p1a: Quaquaval|Quaquaval, L50, F|100\/100\n|-end|p2b: Flutter Mane|Protosynthesis|[silent]\n|switch|p2b: Gyarados|Gyarados, L50, M|100\/100\n|-ability|p2b: Gyarados|Intimidate|boost\n|-unboost|p1a: Quaquaval|atk|1\n|-unboost|p1b: Galiant|atk|1\n|move|p2a: Chien-Pao|Sucker Punch|p1b: Galiant\n|-resisted|p1b: Galiant\n|-damage|p1b: Galiant|86\/100\n|move|p1b: Galiant|Dazzling Gleam|p2a: Chien-Pao|[spread] p2a,p2b\n|-supereffective|p2a: Chien-Pao\n|-damage|p2a: Chien-Pao|0 fnt\n|-damage|p2b: Gyarados|74\/100\n|faint|p2a: Chien-Pao\n|\n|-heal|p2b: Gyarados|79\/100|[from] item: Leftovers\n|upkeep\n|\n|t:|1682020461\n|switch|p2a: Dragapult|Dragapult, L50, M|100\/100\n|turn|5\n|\n|t:|1682020475\n|-terastallize|p2a: Dragapult|Steel\n|move|p1b: Galiant|Protect|p1b: Galiant\n|-singleturn|p1b: Galiant|Protect\n|move|p2a: Dragapult|Phantom Force||[still]\n|-prepare|p2a: Dragapult|Phantom Force\n|move|p2b: Gyarados|Thunder Wave|p1a: Quaquaval\n|-status|p1a: Quaquaval|par\n|move|p1a: Quaquaval|Ice Spinner|p2a: Dragapult|[miss]\n|-miss|p1a: Quaquaval|p2a: Dragapult\n|\n|-heal|p2b: Gyarados|85\/100|[from] item: Leftovers\n|upkeep\n|turn|6\n|inactive|CaliberChamp has 30 seconds left.\n|\n|t:|1682020502\n|move|p1b: Galiant|Disable|p2b: Gyarados\n|-start|p2b: Gyarados|Disable|Thunder Wave\n|move|p2a: Dragapult|Phantom Force|p1b: Galiant|[from]lockedmove\n|-damage|p1b: Galiant|0 fnt\n|faint|p1b: Galiant\n|-end|p1b: Galiant|Quark Drive|[silent]\n|move|p2b: Gyarados|Waterfall|p1a: Quaquaval\n|-resisted|p1a: Quaquaval\n|-damage|p1a: Quaquaval|79\/100 par\n|move|p1a: Quaquaval|Close Combat|p2a: Dragapult\n|-supereffective|p2a: Dragapult\n|-damage|p2a: Dragapult|0 fnt\n|-unboost|p1a: Quaquaval|def|1\n|-unboost|p1a: Quaquaval|spd|1\n|faint|p2a: Dragapult\n|-ability|p1a: Quaquaval|Moxie|boost\n|-boost|p1a: Quaquaval|atk|1\n|\n|-heal|p2b: Gyarados|91\/100|[from] item: Leftovers\n|upkeep\n|inactive|CaliberChamp has 30 seconds left.\n|\n|t:|1682020529\n|switch|p2a: Flutter Mane|Flutter Mane, L50|71\/100\n|switch|p1b: Ceruledge|Ceruledge, L50, F|100\/100\n|turn|7\n|inactive|queen_lel has 30 seconds left.\n|\n|t:|1682020559\n|move|p1b: Ceruledge|Shadow Sneak|p2a: Flutter Mane\n|-supereffective|p2a: Flutter Mane\n|-damage|p2a: Flutter Mane|4\/100\n|cant|p1a: Quaquaval|par\n|move|p2a: Flutter Mane|Moonblast|p1a: Quaquaval\n|-supereffective|p1a: Quaquaval\n|-damage|p1a: Quaquaval|0 fnt\n|faint|p1a: Quaquaval\n|move|p2b: Gyarados|Waterfall|p1b: Ceruledge\n|-supereffective|p1b: Ceruledge\n|-damage|p1b: Ceruledge|5\/100\n|-enditem|p1b: Ceruledge|Weakness Policy\n|-boost|p1b: Ceruledge|atk|2|[from] item: Weakness Policy\n|-boost|p1b: Ceruledge|spa|2|[from] item: Weakness Policy\n|\n|-heal|p2b: Gyarados|97\/100|[from] item: Leftovers\n|upkeep\n|\n|t:|1682020573\n|switch|p1a: Delibundle|Iron Bundle, L50|6\/100\n|turn|8\n|\n|t:|1682020585\n|move|p2a: Flutter Mane|Protect|p2a: Flutter Mane\n|-singleturn|p2a: Flutter Mane|Protect\n|move|p1b: Ceruledge|Shadow Sneak|p2a: Flutter Mane\n|-activate|p2a: Flutter Mane|move: Protect\n|move|p1a: Delibundle|Freeze-Dry|p2b: Gyarados\n|-supereffective|p2b: Gyarados\n|-damage|p2b: Gyarados|0 fnt\n|faint|p2b: Gyarados\n|\n|upkeep\n|turn|9\n|-message|queen_lel forfeited.\n|\n|win|CaliberChamp\n|raw|CaliberChamp's rating: 1185 → 1209<\/strong> (+24 for winning)\n|raw|queen_lel's rating: 1178 → 1154<\/strong> (-24 for losing)\n|l|\u2606queen_lel\n","uploadtime":1682020619,"views":14,"p1id":"caliberchamp","p2id":"queenlel","formatid":"gen9vgc2023regulationc","rating":1154,"private":0,"password":""}