{"id":"gen9vgc2023regulationc-1864174617","p1":"Atloy","p2":"T8XICIDAD","format":"[Gen 9] VGC 2023 Regulation C","log":"|j|\u2606Atloy\n|j|\u2606T8XICIDAD\n|t:|1684130195\n|gametype|doubles\n|player|p1|Atloy|gambler|1154\n|player|p2|T8XICIDAD|clair|1090\n|teamsize|p1|6\n|teamsize|p2|6\n|gen|9\n|tier|[Gen 9] VGC 2023 Regulation C\n|rated|\n|rule|Species Clause: Limit one of each Pok\u00e9mon\n|rule|Item Clause: Limit one of each item\n|clearpoke\n|poke|p1|Volcarona, L50, M|\n|poke|p1|Klefki, L50, F|\n|poke|p1|Corviknight, L50, F|\n|poke|p1|Garchomp, L50, F|\n|poke|p1|Gyarados, L50, F|\n|poke|p1|Annihilape, L50, F|\n|poke|p2|Amoonguss, L50, M|\n|poke|p2|Palafin, L50, M|\n|poke|p2|Arcanine, L50, M|\n|poke|p2|Flutter Mane, L50|\n|poke|p2|Ting-Lu, L50|\n|poke|p2|Kingambit, L50, M|\n|teampreview|4\n|\n|t:|1684130238\n|start\n|switch|p1a: Klefki|Klefki, L50, F|100\/100\n|switch|p1b: Volcarona|Volcarona, L50, M|100\/100\n|switch|p2a: Arcanine|Arcanine, L50, M|100\/100\n|switch|p2b: Palafin|Palafin, L50, M|100\/100\n|-ability|p2a: Arcanine|Intimidate|boost\n|-unboost|p1a: Klefki|atk|1\n|-unboost|p1b: Volcarona|atk|1\n|turn|1\n|inactive|Battle timer is ON: inactive players will automatically lose when time's up. (requested by Atloy)\n|\n|t:|1684130252\n|switch|p2a: Kingambit|Kingambit, L50, M|100\/100\n|move|p1b: Volcarona|Protect|p1b: Volcarona\n|-singleturn|p1b: Volcarona|Protect\n|move|p2b: Palafin|Protect|p2b: Palafin\n|-singleturn|p2b: Palafin|Protect\n|move|p1a: Klefki|Reflect|p1a: Klefki\n|-sidestart|p1: Atloy|Reflect\n|\n|upkeep\n|turn|2\n|inactive|Atloy has 30 seconds left.\n|inactive|T8XICIDAD has 30 seconds left.\n|\n|t:|1684130286\n|detailschange|p2b: Palafin|Palafin-Hero, L50, M\n|switch|p2b: Ting-Lu|Ting-Lu, L50|100\/100\n|-ability|p2b: Ting-Lu|Vessel of Ruin\n|-terastallize|p1b: Volcarona|Grass\n|move|p2a: Kingambit|Protect|p2a: Kingambit\n|-singleturn|p2a: Kingambit|Protect\n|move|p1a: Klefki|Thunder Wave|p2a: Kingambit\n|-activate|p2a: Kingambit|move: Protect\n|move|p1b: Volcarona|Giga Drain|p2b: Ting-Lu\n|-supereffective|p2b: Ting-Lu\n|-damage|p2b: Ting-Lu|75\/100\n|\n|upkeep\n|turn|3\n|inactive|T8XICIDAD has 30 seconds left.\n|\n|t:|1684130316\n|move|p1a: Klefki|Thunder Wave|p2b: Ting-Lu\n|-immune|p2b: Ting-Lu\n|move|p1b: Volcarona|Fiery Dance|p2a: Kingambit\n|-supereffective|p2a: Kingambit\n|-damage|p2a: Kingambit|44\/100\n|move|p2a: Kingambit|Swords Dance|p2a: Kingambit\n|-boost|p2a: Kingambit|atk|2\n|move|p2b: Ting-Lu|Ruination|p1b: Volcarona\n|-damage|p1b: Volcarona|51\/100\n|\n|-heal|p1b: Volcarona|57\/100|[from] item: Leftovers\n|upkeep\n|turn|4\n|\n|t:|1684130333\n|move|p2a: Kingambit|Protect|p2a: Kingambit\n|-singleturn|p2a: Kingambit|Protect\n|move|p1a: Klefki|Thunder Wave|p2a: Kingambit\n|-activate|p2a: Kingambit|move: Protect\n|move|p1b: Volcarona|Fiery Dance|p2a: Kingambit\n|-activate|p2a: Kingambit|move: Protect\n|move|p2b: Ting-Lu|Earthquake|p1a: Klefki|[spread] p1a,p1b\n|-activate|p2a: Kingambit|move: Protect\n|-supereffective|p1a: Klefki\n|-resisted|p1b: Volcarona\n|-damage|p1a: Klefki|46\/100\n|-damage|p1b: Volcarona|44\/100\n|\n|-heal|p1b: Volcarona|50\/100|[from] item: Leftovers\n|upkeep\n|turn|5\n|\n|t:|1684130352\n|move|p1a: Klefki|Thunder Wave|p2a: Kingambit\n|-hint|Since gen 7, Dark is immune to Prankster moves.\n|-immune|p2a: Kingambit\n|move|p2a: Kingambit|Sucker Punch|p1b: Volcarona\n|-damage|p1b: Volcarona|0 fnt\n|-status|p2a: Kingambit|brn|[from] ability: Flame Body|[of] p1b: Volcarona\n|faint|p1b: Volcarona\n|move|p2b: Ting-Lu|Stomping Tantrum|p1a: Klefki\n|-supereffective|p1a: Klefki\n|-damage|p1a: Klefki|0 fnt\n|faint|p1a: Klefki\n|\n|-damage|p2a: Kingambit|39\/100 brn|[from] brn\n|upkeep\n|\n|t:|1684130363\n|switch|p1b: Corviknight|Corviknight, L50, F|100\/100\n|switch|p1a: Garchomp|Garchomp, L50, F|100\/100\n|turn|6\n|inactive|Atloy has 30 seconds left.\n|inactive|T8XICIDAD has 30 seconds left.\n|\n|t:|1684130393\n|move|p2a: Kingambit|Protect|p2a: Kingambit\n|-singleturn|p2a: Kingambit|Protect\n|move|p1a: Garchomp|Earthquake|p2a: Kingambit|[spread] p2b\n|-activate|p2a: Kingambit|move: Protect\n|-immune|p1b: Corviknight\n|-damage|p2b: Ting-Lu|54\/100\n|move|p1b: Corviknight|Bulk Up|p1b: Corviknight\n|-boost|p1b: Corviknight|atk|1\n|-boost|p1b: Corviknight|def|1\n|move|p2b: Ting-Lu|Ruination|p1b: Corviknight|[miss]\n|-miss|p2b: Ting-Lu|p1b: Corviknight\n|\n|-damage|p2a: Kingambit|33\/100 brn|[from] brn\n|upkeep\n|turn|7\n|\n|t:|1684130414\n|move|p2a: Kingambit|Sucker Punch|p1a: Garchomp\n|-damage|p1a: Garchomp|66\/100\n|-damage|p2a: Kingambit|21\/100 brn|[from] ability: Rough Skin|[of] p1a: Garchomp\n|move|p1a: Garchomp|Earthquake|p2b: Ting-Lu|[spread] p2a,p2b\n|-immune|p1b: Corviknight\n|-supereffective|p2a: Kingambit\n|-damage|p2a: Kingambit|0 fnt\n|-damage|p2b: Ting-Lu|31\/100\n|faint|p2a: Kingambit\n|move|p1b: Corviknight|Brave Bird|p2b: Ting-Lu\n|-damage|p2b: Ting-Lu|0 fnt\n|faint|p2b: Ting-Lu\n|-damage|p1b: Corviknight|89\/100|[from] Recoil\n|\n|upkeep\n|\n|t:|1684130426\n|switch|p2a: Arcanine|Arcanine, L50, M|100\/100\n|switch|p2b: Palafin|Palafin-Hero, L50, M|100\/100\n|-ability|p2a: Arcanine|Intimidate|boost\n|-unboost|p1a: Garchomp|atk|1\n|-ability|p1b: Corviknight|Mirror Armor\n|-unboost|p2a: Arcanine|atk|1\n|-activate|p2b: Palafin|ability: Zero to Hero\n|turn|8\n|\n|t:|1684130450\n|-terastallize|p2b: Palafin|Water\n|move|p2b: Palafin|Jet Punch|p1a: Garchomp\n|-damage|p1a: Garchomp|24\/100\n|-damage|p2b: Palafin|88\/100|[from] ability: Rough Skin|[of] p1a: Garchomp\n|move|p1a: Garchomp|Earthquake|p2a: Arcanine|[spread] p2a,p2b\n|-immune|p1b: Corviknight\n|-supereffective|p2a: Arcanine\n|-damage|p2a: Arcanine|45\/100\n|-damage|p2b: Palafin|67\/100\n|move|p2a: Arcanine|Will-O-Wisp|p1b: Corviknight\n|-status|p1b: Corviknight|brn\n|move|p1b: Corviknight|Brave Bird|p2a: Arcanine\n|-damage|p2a: Arcanine|8\/100\n|-damage|p1b: Corviknight|77\/100 brn|[from] Recoil\n|\n|-damage|p1b: Corviknight|71\/100 brn|[from] brn\n|-sideend|p1: Atloy|Reflect\n|upkeep\n|turn|9\n|\n|t:|1684130473\n|move|p1a: Garchomp|Earthquake|p2b: Palafin|[spread] p2a,p2b\n|-immune|p1b: Corviknight\n|-supereffective|p2a: Arcanine\n|-damage|p2a: Arcanine|0 fnt\n|-damage|p2b: Palafin|44\/100\n|faint|p2a: Arcanine\n|move|p2b: Palafin|Haze|p2b: Palafin\n|-clearallboost\n|move|p1b: Corviknight|Brave Bird|p2b: Palafin\n|-damage|p2b: Palafin|26\/100\n|-damage|p1b: Corviknight|65\/100 brn|[from] Recoil\n|\n|-damage|p1b: Corviknight|59\/100 brn|[from] brn\n|upkeep\n|turn|10\n|-message|T8XICIDAD forfeited.\n|\n|win|Atloy\n|raw|Atloy's rating: 1154 → 1174<\/strong> (+20 for winning)\n|raw|T8XICIDAD's rating: 1090 → 1071<\/strong> (-19 for losing)\n|l|\u2606T8XICIDAD\n","uploadtime":1684130489,"views":7,"p1id":"atloy","p2id":"t8xicidad","formatid":"gen9vgc2023regulationc","rating":1071,"private":0,"password":""}