{"id":"gen9vgc2023regulationc-1859249406","p1":"Rakdos24","p2":"Zydroxequil","format":"[Gen 9] VGC 2023 Regulation C","log":"|j|\u2606Rakdos24\n|j|\u2606Zydroxequil\n|t:|1683423725\n|gametype|doubles\n|player|p1|Rakdos24|pokemonbreeder-gen4|1261\n|player|p2|Zydroxequil|psychic-gen4|1264\n|teamsize|p1|6\n|teamsize|p2|6\n|gen|9\n|tier|[Gen 9] VGC 2023 Regulation C\n|rated|\n|rule|Species Clause: Limit one of each Pok\u00e9mon\n|rule|Item Clause: Limit one of each item\n|clearpoke\n|poke|p1|Torkoal, L50, F|\n|poke|p1|Lilligant, L50, F|\n|poke|p1|Armarouge, L50, M|\n|poke|p1|Indeedee-F, L50, F|\n|poke|p1|Annihilape, L50, M|\n|poke|p1|Flutter Mane, L50|\n|poke|p2|Bronzong, L50|\n|poke|p2|Tyranitar, L50, F|\n|poke|p2|Ting-Lu, L50|\n|poke|p2|Gyarados, L50, F|\n|poke|p2|Garganacl, L50, F|\n|poke|p2|Flutter Mane, L50|\n|teampreview|4\n|inactive|Battle timer is ON: inactive players will automatically lose when time's up. (requested by Rakdos24)\n|inactive|Zydroxequil has 60 seconds left.\n|\n|t:|1683423781\n|start\n|switch|p1a: Armarouge|Armarouge, L50, M|100\/100\n|switch|p1b: Annihilape|Annihilape, L50, M|100\/100\n|switch|p2a: Bronzong|Bronzong, L50|100\/100\n|switch|p2b: Garganacl|Garganacl, L50, F|100\/100\n|turn|1\n|inactive|Zydroxequil has 30 seconds left.\n|inactive|Zydroxequil has 20 seconds left.\n|inactive|Zydroxequil has 15 seconds left.\n|\n|t:|1683423822\n|-terastallize|p2b: Garganacl|Bug\n|move|p1b: Annihilape|Close Combat|p2b: Garganacl\n|-resisted|p2b: Garganacl\n|-damage|p2b: Garganacl|84\/100\n|-unboost|p1b: Annihilape|def|1\n|-unboost|p1b: Annihilape|spd|1\n|move|p1a: Armarouge|Aura Sphere|p2b: Garganacl\n|-resisted|p2b: Garganacl\n|-damage|p2b: Garganacl|74\/100\n|move|p2b: Garganacl|Salt Cure|p1b: Annihilape\n|-resisted|p1b: Annihilape\n|-damage|p1b: Annihilape|89\/100\n|-start|p1b: Annihilape|Salt Cure\n|move|p2a: Bronzong|Trick Room|p2a: Bronzong\n|-fieldstart|move: Trick Room|[of] p2a: Bronzong\n|\n|-heal|p2b: Garganacl|80\/100|[from] item: Leftovers\n|-damage|p1b: Annihilape|77\/100|[from] Salt Cure\n|upkeep\n|turn|2\n|inactive|Rakdos24 has 30 seconds left.\n|inactive|Zydroxequil has 30 seconds left.\n|inactive|Zydroxequil has 20 seconds left.\n|inactive|Zydroxequil has 15 seconds left.\n|\n|t:|1683423866\n|switch|p1b: Indeedee|Indeedee-F, L50, F|100\/100\n|-fieldstart|move: Psychic Terrain|[from] ability: Psychic Surge|[of] p1b: Indeedee\n|-enditem|p1b: Indeedee|Psychic Seed\n|-boost|p1b: Indeedee|spd|1|[from] item: Psychic Seed\n|move|p2b: Garganacl|Protect|p2b: Garganacl\n|-singleturn|p2b: Garganacl|Protect\n|move|p2a: Bronzong|Gyro Ball|p1b: Indeedee\n|-damage|p1b: Indeedee|80\/100\n|move|p1a: Armarouge|Armor Cannon|p2b: Garganacl\n|-activate|p2b: Garganacl|move: Protect\n|\n|-heal|p2b: Garganacl|85\/100|[from] item: Leftovers\n|upkeep\n|turn|3\n|\n|t:|1683423885\n|switch|p2a: Ting-Lu|Ting-Lu, L50|100\/100\n|-ability|p2a: Ting-Lu|Vessel of Ruin\n|switch|p2b: Tyranitar|Tyranitar, L50, F, shiny|100\/100\n|-weather|Sandstorm|[from] ability: Sand Stream|[of] p2b: Tyranitar\n|move|p1b: Indeedee|Follow Me|p1b: Indeedee\n|-singleturn|p1b: Indeedee|move: Follow Me\n|move|p1a: Armarouge|Armor Cannon|p2b: Tyranitar\n|-resisted|p2b: Tyranitar\n|-damage|p2b: Tyranitar|88\/100\n|-unboost|p1a: Armarouge|def|1\n|-unboost|p1a: Armarouge|spd|1\n|\n|-weather|Sandstorm|[upkeep]\n|-damage|p1b: Indeedee|74\/100|[from] Sandstorm\n|-damage|p1a: Armarouge|95\/100|[from] Sandstorm\n|upkeep\n|turn|4\n|inactive|Rakdos24 has 30 seconds left.\n|\n|t:|1683423914\n|move|p2a: Ting-Lu|Throat Chop|p1b: Indeedee\n|-supereffective|p1b: Indeedee\n|-damage|p1b: Indeedee|0 fnt\n|faint|p1b: Indeedee\n|move|p2b: Tyranitar|Rock Slide|p1a: Armarouge\n|-supereffective|p1a: Armarouge\n|-damage|p1a: Armarouge|0 fnt\n|faint|p1a: Armarouge\n|\n|-weather|Sandstorm|[upkeep]\n|upkeep\n|\n|t:|1683423923\n|switch|p1b: Flutter Mane|Flutter Mane, L50|100\/100\n|switch|p1a: Annihilape|Annihilape, L50, M|77\/100\n|turn|5\n|inactive|Zydroxequil has 30 seconds left.\n|\n|t:|1683423955\n|move|p2b: Tyranitar|Protect|p2b: Tyranitar\n|-singleturn|p2b: Tyranitar|Protect\n|move|p1b: Flutter Mane|Protect|p1b: Flutter Mane\n|-singleturn|p1b: Flutter Mane|Protect\n|move|p2a: Ting-Lu|Earthquake|p1b: Flutter Mane|[spread] p1a\n|-activate|p2b: Tyranitar|move: Protect\n|-activate|p1b: Flutter Mane|move: Protect\n|-damage|p1a: Annihilape|42\/100\n|move|p1a: Annihilape|Close Combat|p2b: Tyranitar\n|-activate|p2b: Tyranitar|move: Protect\n|\n|-weather|Sandstorm|[upkeep]\n|-damage|p1b: Flutter Mane|95\/100|[from] Sandstorm\n|-damage|p1a: Annihilape|36\/100|[from] Sandstorm\n|-fieldend|move: Trick Room\n|upkeep\n|turn|6\n|inactive|Zydroxequil has 30 seconds left.\n|\n|t:|1683423980\n|switch|p2b: Garganacl|Garganacl, L50, F, tera:Bug|85\/100\n|-terastallize|p1b: Flutter Mane|Fairy\n|move|p1a: Annihilape|Close Combat|p2b: Garganacl\n|-resisted|p2b: Garganacl\n|-damage|p2b: Garganacl|71\/100\n|-unboost|p1a: Annihilape|def|1\n|-unboost|p1a: Annihilape|spd|1\n|move|p1b: Flutter Mane|Dazzling Gleam|p2b: Garganacl|[spread] p2a,p2b\n|-supereffective|p2a: Ting-Lu\n|-damage|p2a: Ting-Lu|66\/100\n|-damage|p2b: Garganacl|45\/100\n|move|p2a: Ting-Lu|Throat Chop|p1a: Annihilape\n|-damage|p1a: Annihilape|0 fnt\n|faint|p1a: Annihilape\n|\n|-weather|Sandstorm|[upkeep]\n|-damage|p1b: Flutter Mane|89\/100|[from] Sandstorm\n|-damage|p2b: Garganacl|40\/100|[from] Sandstorm\n|-heal|p2b: Garganacl|45\/100|[from] item: Leftovers\n|-fieldend|move: Psychic Terrain\n|upkeep\n|turn|7\n|-message|Rakdos24 forfeited.\n|\n|win|Zydroxequil\n|raw|Rakdos24's rating: 1261 → 1236<\/strong> (-25 for losing)\n|raw|Zydroxequil's rating: 1264 → 1289<\/strong> (+25 for winning)\n|l|\u2606Rakdos24\n","uploadtime":1683424001,"views":14,"p1id":"rakdos24","p2id":"zydroxequil","formatid":"gen9vgc2023regulationc","rating":1236,"private":0,"password":""}