{"id":"gen9vgc2023regulationc-1852323326","p1":"ghostyboyy97","p2":"Slashhappyp","format":"[Gen 9] VGC 2023 Regulation C","log":"|j|\u2606ghostyboyy97\n|j|\u2606Slashhappyp\n|t:|1682543987\n|gametype|doubles\n|player|p1|ghostyboyy97|cameraman|1115\n|player|p2|Slashhappyp|102|1124\n|teamsize|p1|6\n|teamsize|p2|6\n|gen|9\n|tier|[Gen 9] VGC 2023 Regulation C\n|rated|\n|rule|Species Clause: Limit one of each Pok\u00e9mon\n|rule|Item Clause: Limit one of each item\n|clearpoke\n|poke|p1|Gastrodon, L50, M|\n|poke|p1|Ceruledge, L50, F|\n|poke|p1|Glimmora, L50, F|\n|poke|p1|Grimmsnarl, L50, M|\n|poke|p1|Iron Hands, L50|\n|poke|p1|Wo-Chien, L50|\n|poke|p2|Salamence, L50, M|\n|poke|p2|Grimmsnarl, L50, M|\n|poke|p2|Arcanine, L50, F|\n|poke|p2|Scream Tail, L50|\n|poke|p2|Cetitan, L50, F|\n|poke|p2|Corviknight, L50, F|\n|teampreview|4\n|inactive|Battle timer is ON: inactive players will automatically lose when time's up. (requested by ghostyboyy97)\nghostyboyy97 has agreed to open team sheets.\n|c|\u2606ghostyboyy97|glhf\n|inactive|Slashhappyp has 60 seconds left.\n|\n|t:|1682544043\n|start\n|switch|p1a: Grimmsnarl|Grimmsnarl, L50, M|100\/100\n|switch|p1b: Glimmora|Glimmora, L50, F|100\/100\n|switch|p2a: Grimmsnarl|Grimmsnarl, L50, M|100\/100\n|switch|p2b: Cetitan|Cetitan, L50, F, shiny|100\/100\n|turn|1\n|c|\u2606Slashhappyp|You too dude\n|c|\u2606Slashhappyp|First game with this team\n|inactive|ghostyboyy97 has 30 seconds left.\n|inactive|Slashhappyp has 30 seconds left.\n|c|\u2606ghostyboyy97|ooo nice, looks like a fun comp\n|c|\u2606ghostyboyy97|i'm testing something new too haha\n|inactive|ghostyboyy97 has 20 seconds left.\n|inactive|Slashhappyp has 20 seconds left.\n|\n|t:|1682544081\n|move|p1a: Grimmsnarl|Fake Out|p2b: Cetitan\n|-damage|p2b: Cetitan|91\/100\n|move|p2a: Grimmsnarl|Light Screen|p2a: Grimmsnarl\n|-sidestart|p2: Slashhappyp|move: Light Screen\n|move|p1b: Glimmora|Mortal Spin|p2b: Cetitan|[spread] p2a,p2b\n|-supereffective|p2a: Grimmsnarl\n|-damage|p2a: Grimmsnarl|89\/100\n|-damage|p2b: Cetitan|86\/100\n|-status|p2a: Grimmsnarl|psn\n|-status|p2b: Cetitan|psn\n|cant|p2b: Cetitan|flinch\n|\n|-damage|p2b: Cetitan|74\/100 psn|[from] psn\n|-damage|p2a: Grimmsnarl|76\/100 psn|[from] psn\n|upkeep\n|turn|2\n|\n|t:|1682544106\n|move|p2a: Grimmsnarl|Reflect|p2a: Grimmsnarl\n|-sidestart|p2: Slashhappyp|Reflect\n|move|p1a: Grimmsnarl|Reflect|p1a: Grimmsnarl\n|-sidestart|p1: ghostyboyy97|Reflect\n|move|p1b: Glimmora|Power Gem|p2b: Cetitan\n|-supereffective|p2b: Cetitan\n|-damage|p2b: Cetitan|35\/100 psn\n|move|p2b: Cetitan|Stomping Tantrum|p1b: Glimmora\n|-supereffective|p1b: Glimmora\n|-enditem|p1b: Glimmora|Focus Sash\n|-damage|p1b: Glimmora|1\/100\n|\n|-damage|p2b: Cetitan|23\/100 psn|[from] psn\n|-damage|p2a: Grimmsnarl|64\/100 psn|[from] psn\n|upkeep\n|turn|3\n|inactive|Slashhappyp has 30 seconds left.\n|\n|t:|1682544134\n|move|p1b: Glimmora|Spiky Shield|p1b: Glimmora\n|-singleturn|p1b: Glimmora|move: Protect\n|move|p2b: Cetitan|Ice Shard|p1b: Glimmora\n|-activate|p1b: Glimmora|move: Protect\n|move|p1a: Grimmsnarl|Light Screen|p1a: Grimmsnarl\n|-sidestart|p1: ghostyboyy97|move: Light Screen\n|move|p2a: Grimmsnarl|Foul Play|p1b: Glimmora\n|-activate|p1b: Glimmora|move: Protect\n|-damage|p2a: Grimmsnarl|51\/100 psn|[from] Spiky Shield|[of] p1b: Glimmora\n|\n|-damage|p2b: Cetitan|11\/100 psn|[from] psn\n|-damage|p2a: Grimmsnarl|39\/100 psn|[from] psn\n|upkeep\n|turn|4\n|\n|t:|1682544158\n|move|p2b: Cetitan|Ice Shard|p1b: Glimmora\n|-damage|p1b: Glimmora|0 fnt\n|faint|p1b: Glimmora\n|move|p2a: Grimmsnarl|Foul Play|p1a: Grimmsnarl\n|-resisted|p1a: Grimmsnarl\n|-damage|p1a: Grimmsnarl|94\/100\n|move|p1a: Grimmsnarl|Spirit Break|p2a: Grimmsnarl\n|-supereffective|p2a: Grimmsnarl\n|-damage|p2a: Grimmsnarl|0 fnt\n|faint|p2a: Grimmsnarl\n|\n|-damage|p2b: Cetitan|0 fnt|[from] psn\n|faint|p2b: Cetitan\n|upkeep\n|\n|t:|1682544171\n|switch|p1b: Iron Hands|Iron Hands, L50|100\/100\n|switch|p2b: Scream Tail|Scream Tail, L50|100\/100\n|switch|p2a: Salamence|Salamence, L50, M|100\/100\n|-ability|p2a: Salamence|Intimidate|boost\n|-unboost|p1a: Grimmsnarl|atk|1\n|-unboost|p1b: Iron Hands|atk|1\n|turn|5\n|inactive|Slashhappyp has 30 seconds left.\n|\n|t:|1682544198\n|move|p1b: Iron Hands|Fake Out|p2b: Scream Tail\n|-damage|p2b: Scream Tail|95\/100\n|cant|p2b: Scream Tail|flinch\n|move|p2a: Salamence|Iron Head|p1a: Grimmsnarl\n|-supereffective|p1a: Grimmsnarl\n|-damage|p1a: Grimmsnarl|38\/100\n|-damage|p2a: Salamence|91\/100|[from] item: Life Orb\n|move|p1a: Grimmsnarl|Spirit Break|p2a: Salamence\n|-supereffective|p2a: Salamence\n|-damage|p2a: Salamence|63\/100\n|-unboost|p2a: Salamence|spa|1\n|\n|-heal|p2b: Scream Tail|100\/100|[from] item: Leftovers\n|upkeep\n|turn|6\n|inactive|ghostyboyy97 has 30 seconds left.\n|inactive|Slashhappyp has 30 seconds left.\n|inactive|Slashhappyp has 20 seconds left.\n|inactive|Slashhappyp has 15 seconds left.\n|\n|t:|1682544243\n|switch|p1a: Ceruledge|Ceruledge, L50, F|100\/100\n|-terastallize|p2a: Salamence|Fire\n|move|p2b: Scream Tail|Play Rough|p1a: Ceruledge|[miss]\n|-miss|p2b: Scream Tail|p1a: Ceruledge\n|move|p2a: Salamence|Dragon Claw|p1b: Iron Hands\n|-damage|p1b: Iron Hands|73\/100\n|-damage|p2a: Salamence|53\/100|[from] item: Life Orb\n|move|p1b: Iron Hands|Drain Punch|p2a: Salamence\n|-damage|p2a: Salamence|35\/100\n|-heal|p1b: Iron Hands|80\/100|[from] drain|[of] p2a: Salamence\n|\n|upkeep\n|turn|7\n|inactive|ghostyboyy97 has 30 seconds left.\n|\n|t:|1682544269\n|move|p2b: Scream Tail|Howl|p2b: Scream Tail|[spread] p2a,p2b\n|-boost|p2a: Salamence|atk|1\n|-boost|p2b: Scream Tail|atk|1\n|move|p1a: Ceruledge|Bulk Up|p1a: Ceruledge\n|-boost|p1a: Ceruledge|atk|1\n|-boost|p1a: Ceruledge|def|1\n|move|p2a: Salamence|Dragon Claw|p1a: Ceruledge\n|-damage|p1a: Ceruledge|49\/100\n|-damage|p2a: Salamence|25\/100|[from] item: Life Orb\n|move|p1b: Iron Hands|Drain Punch|p2a: Salamence\n|-damage|p2a: Salamence|7\/100\n|-heal|p1b: Iron Hands|87\/100|[from] drain|[of] p2a: Salamence\n|\n|upkeep\n|turn|8\n|\n|t:|1682544292\n|move|p1a: Ceruledge|Shadow Sneak|p2a: Salamence\n|-damage|p2a: Salamence|0 fnt\n|faint|p2a: Salamence\n|move|p2b: Scream Tail|Play Rough|p1b: Iron Hands\n|-supereffective|p1b: Iron Hands\n|-damage|p1b: Iron Hands|61\/100\n|-unboost|p1b: Iron Hands|atk|1\n|move|p1b: Iron Hands|Drain Punch|p2b: Scream Tail\n|-resisted|p2b: Scream Tail\n|-damage|p2b: Scream Tail|98\/100\n|-heal|p1b: Iron Hands|62\/100|[from] drain|[of] p2b: Scream Tail\n|\n|-heal|p2b: Scream Tail|100\/100|[from] item: Leftovers\n|-sideend|p2: Slashhappyp|move: Light Screen\n|upkeep\n|turn|9\n|\n|t:|1682544312\n|-end|p1b: Iron Hands|Quark Drive|[silent]\n|switch|p1b: Grimmsnarl|Grimmsnarl, L50, M|38\/100\n|move|p2b: Scream Tail|Thunder Wave|p1a: Ceruledge\n|-status|p1a: Ceruledge|par\n|cant|p1a: Ceruledge|par\n|\n|-sideend|p1: ghostyboyy97|Reflect\n|-sideend|p2: Slashhappyp|Reflect\n|upkeep\n|turn|10\n|\n|t:|1682544326\n|move|p1b: Grimmsnarl|Fake Out|p2b: Scream Tail\n|-damage|p2b: Scream Tail|91\/100\n|cant|p2b: Scream Tail|flinch\n|cant|p1a: Ceruledge|par\n|\n|-heal|p2b: Scream Tail|97\/100|[from] item: Leftovers\n|-sideend|p1: ghostyboyy97|move: Light Screen\n|upkeep\n|turn|11\n|\n|t:|1682544339\n|move|p1b: Grimmsnarl|Reflect|p1b: Grimmsnarl\n|-sidestart|p1: ghostyboyy97|Reflect\n|move|p2b: Scream Tail|Play Rough|p1a: Ceruledge\n|-resisted|p1a: Ceruledge\n|-damage|p1a: Ceruledge|39\/100 par\n|move|p1a: Ceruledge|Bitter Blade|p2b: Scream Tail\n|-damage|p2b: Scream Tail|48\/100\n|-heal|p1a: Ceruledge|72\/100 par|[from] drain|[of] p2b: Scream Tail\n|\n|-heal|p2b: Scream Tail|54\/100|[from] item: Leftovers\n|upkeep\n|turn|12\n|\n|t:|1682544359\n|move|p2b: Scream Tail|Howl|p2b: Scream Tail\n|-boost|p2b: Scream Tail|atk|1\n|move|p1b: Grimmsnarl|Spirit Break|p2b: Scream Tail\n|-damage|p2b: Scream Tail|29\/100\n|-unboost|p2b: Scream Tail|spa|1\n|cant|p1a: Ceruledge|par\n|\n|-heal|p2b: Scream Tail|35\/100|[from] item: Leftovers\n|upkeep\n|turn|13\n|\n|t:|1682544384\n|move|p2b: Scream Tail|Play Rough|p1b: Grimmsnarl\n|-supereffective|p1b: Grimmsnarl\n|-damage|p1b: Grimmsnarl|0 fnt\n|faint|p1b: Grimmsnarl\n|cant|p1a: Ceruledge|par\n|\n|-heal|p2b: Scream Tail|41\/100|[from] item: Leftovers\n|upkeep\n|\n|t:|1682544391\n|switch|p1b: Iron Hands|Iron Hands, L50|62\/100\n|turn|14\n|\n|t:|1682544398\n|move|p1b: Iron Hands|Fake Out|p2b: Scream Tail\n|-damage|p2b: Scream Tail|28\/100\n|cant|p2b: Scream Tail|flinch\n|cant|p1a: Ceruledge|par\n|\n|-heal|p2b: Scream Tail|34\/100|[from] item: Leftovers\n|upkeep\n|turn|15\n|c|\u2606ghostyboyy97|FIVE paras holy shit lmaoooo\n|c|\u2606Slashhappyp|Full para simulator\n|\n|t:|1682544414\n|move|p2b: Scream Tail|Play Rough|p1b: Iron Hands\n|-supereffective|p1b: Iron Hands\n|-damage|p1b: Iron Hands|23\/100\n|-unboost|p1b: Iron Hands|atk|1\n|move|p1b: Iron Hands|Wild Charge|p2b: Scream Tail\n|-damage|p2b: Scream Tail|8\/100\n|-damage|p1b: Iron Hands|17\/100|[from] Recoil\n|cant|p1a: Ceruledge|par\n|\n|-heal|p2b: Scream Tail|14\/100|[from] item: Leftovers\n|upkeep\n|turn|16\n|c|\u2606ghostyboyy97|give it up for number six lmao\n|\n|t:|1682544433\n|cant|p1a: Ceruledge|par\n|move|p2b: Scream Tail|Play Rough|p1b: Iron Hands\n|-supereffective|p1b: Iron Hands\n|-damage|p1b: Iron Hands|0 fnt\n|faint|p1b: Iron Hands\n|-end|p1b: Iron Hands|Quark Drive|[silent]\n|\n|-heal|p2b: Scream Tail|20\/100|[from] item: Leftovers\n|upkeep\n|turn|17\n|\n|t:|1682544442\n|move|p1a: Ceruledge|Shadow Sneak|p2b: Scream Tail\n|-supereffective|p2b: Scream Tail\n|-damage|p2b: Scream Tail|0 fnt\n|faint|p2b: Scream Tail\n|-end|p2b: Scream Tail|Protosynthesis|[silent]\n|\n|win|ghostyboyy97\n|raw|ghostyboyy97's rating: 1115 → 1141<\/strong> (+26 for winning)\n|raw|Slashhappyp's rating: 1124 → 1098<\/strong> (-26 for losing)\n|l|\u2606Slashhappyp\n|c|\u2606ghostyboyy97|there we go lol\n","uploadtime":1682544453,"views":9,"p1id":"ghostyboyy97","p2id":"slashhappyp","formatid":"gen9vgc2023regulationc","rating":1098,"private":0,"password":""}