{"id":"gen9vgc2023regulationc-1847408432","p1":"LordSno","p2":"Zzag","format":"[Gen 9] VGC 2023 Regulation C","log":"|j|\u2606LordSno\n|j|\u2606Zzag\n|t:|1681951629\n|gametype|doubles\n|player|p1|LordSno|1|1203\n|player|p2|Zzag|steven|1273\n|teamsize|p1|6\n|teamsize|p2|6\n|gen|9\n|tier|[Gen 9] VGC 2023 Regulation C\n|rated|\n|rule|Species Clause: Limit one of each Pok\u00e9mon\n|rule|Item Clause: Limit one of each item\n|clearpoke\n|poke|p1|Chi-Yu, L50|\n|poke|p1|Flutter Mane, L50|\n|poke|p1|Torkoal, L50, F|\n|poke|p1|Jumpluff, L50, F|\n|poke|p1|Great Tusk, L50|\n|poke|p1|Wo-Chien, L50|\n|poke|p2|Arcanine, L50, M|\n|poke|p2|Amoonguss, L50, F|\n|poke|p2|Flutter Mane, L50|\n|poke|p2|Palafin, L50, M|\n|poke|p2|Ting-Lu, L50|\n|poke|p2|Kingambit, L50, F|\n|teampreview|4\nZzag has agreed to open team sheets.\n|inactive|Battle timer is ON: inactive players will automatically lose when time's up. (requested by LordSno)\n|\n|t:|1681951684\n|start\n|switch|p1a: Wo-Chien|Wo-Chien, L50|100\/100\n|switch|p1b: Jumpluff|Jumpluff, L50, F|100\/100\n|switch|p2a: Palafin|Palafin, L50, M|100\/100\n|switch|p2b: Ting-Lu|Ting-Lu, L50|100\/100\n|-ability|p1a: Wo-Chien|Tablets of Ruin\n|-ability|p2b: Ting-Lu|Vessel of Ruin\n|turn|1\n|inactive|Zzag has 30 seconds left.\n|\n|t:|1681951709\n|detailschange|p2a: Palafin|Palafin-Hero, L50, M\n|switch|p2a: Arcanine|Arcanine, L50, M|100\/100\n|-ability|p2a: Arcanine|Intimidate|boost\n|-unboost|p1a: Wo-Chien|atk|1\n|-unboost|p1b: Jumpluff|atk|1\n|move|p1b: Jumpluff|Sleep Powder|p2b: Ting-Lu\n|-status|p2b: Ting-Lu|slp|[from] move: Sleep Powder\n|move|p1a: Wo-Chien|Leech Seed|p2b: Ting-Lu\n|-start|p2b: Ting-Lu|move: Leech Seed\n|cant|p2b: Ting-Lu|slp\n|\n|-damage|p2b: Ting-Lu|88\/100 slp|[from] Leech Seed|[of] p1a: Wo-Chien\n|upkeep\n|turn|2\n|inactive|Zzag has 30 seconds left.\n|inactive|Zzag has 20 seconds left.\n|\n|t:|1681951746\n|move|p1a: Wo-Chien|Protect|p1a: Wo-Chien\n|-singleturn|p1a: Wo-Chien|Protect\n|move|p1b: Jumpluff|Tailwind|p1b: Jumpluff\n|-sidestart|p1: LordSno|move: Tailwind\n|move|p2a: Arcanine|Flare Blitz|p1b: Jumpluff\n|-supereffective|p1b: Jumpluff\n|-damage|p1b: Jumpluff|0 fnt\n|faint|p1b: Jumpluff\n|-damage|p2a: Arcanine|70\/100|[from] Recoil\n|cant|p2b: Ting-Lu|slp\n|\n|-damage|p2b: Ting-Lu|76\/100 slp|[from] Leech Seed|[of] p1a: Wo-Chien\n|upkeep\n|\n|t:|1681951754\n|switch|p1b: Great Tusk|Great Tusk, L50|100\/100\n|turn|3\n|inactive|LordSno has 30 seconds left.\n|inactive|Zzag has 30 seconds left.\n|\n|t:|1681951788\n|switch|p1a: Torkoal|Torkoal, L50, F|100\/100\n|-weather|SunnyDay|[from] ability: Drought|[of] p1a: Torkoal\n|-activate|p1b: Great Tusk|ability: Protosynthesis\n|-start|p1b: Great Tusk|protosynthesisatk\n|switch|p2b: Flutter Mane|Flutter Mane, L50, shiny|100\/100\n|-activate|p2b: Flutter Mane|ability: Protosynthesis\n|-start|p2b: Flutter Mane|protosynthesisspa\n|-terastallize|p2a: Arcanine|Water\n|move|p1b: Great Tusk|Headlong Rush|p2a: Arcanine\n|-damage|p2a: Arcanine|0 fnt\n|-unboost|p1b: Great Tusk|def|1\n|-unboost|p1b: Great Tusk|spd|1\n|faint|p2a: Arcanine\n|\n|-weather|SunnyDay|[upkeep]\n|upkeep\n|inactive|Zzag has 30 seconds left.\n|\n|t:|1681951816\n|switch|p2a: Ting-Lu|Ting-Lu, L50|76\/100 slp\n|-ability|p2a: Ting-Lu|Vessel of Ruin\n|turn|4\n|inactive|Zzag has 30 seconds left.\n|inactive|Zzag has 20 seconds left.\n|\n|t:|1681951851\n|move|p1b: Great Tusk|Headlong Rush|p2b: Flutter Mane\n|-damage|p2b: Flutter Mane|0 fnt\n|-unboost|p1b: Great Tusk|def|1\n|-unboost|p1b: Great Tusk|spd|1\n|faint|p2b: Flutter Mane\n|-end|p2b: Flutter Mane|Protosynthesis|[silent]\n|move|p1a: Torkoal|Solar Beam||[still]\n|-prepare|p1a: Torkoal|Solar Beam\n|-anim|p1a: Torkoal|Solar Beam|p2a: Ting-Lu\n|-supereffective|p2a: Ting-Lu\n|-damage|p2a: Ting-Lu|52\/100 slp\n|cant|p2a: Ting-Lu|slp\n|\n|-weather|SunnyDay|[upkeep]\n|upkeep\n|\n|t:|1681951863\n|switch|p2b: Palafin|Palafin-Hero, L50, M|100\/100\n|-activate|p2b: Palafin|ability: Zero to Hero\n|turn|5\n|\n|t:|1681951873\n|-end|p1b: Great Tusk|Protosynthesis|[silent]\n|switch|p1b: Wo-Chien|Wo-Chien, L50|100\/100\n|-ability|p1b: Wo-Chien|Tablets of Ruin\n|move|p2b: Palafin|Protect|p2b: Palafin\n|-singleturn|p2b: Palafin|Protect\n|move|p1a: Torkoal|Solar Beam||[still]\n|-prepare|p1a: Torkoal|Solar Beam\n|-anim|p1a: Torkoal|Solar Beam|p2b: Palafin\n|-activate|p2b: Palafin|move: Protect\n|-curestatus|p2a: Ting-Lu|slp|[msg]\n|move|p2a: Ting-Lu|Stomping Tantrum|p1b: Wo-Chien\n|-resisted|p1b: Wo-Chien\n|-damage|p1b: Wo-Chien|79\/100\n|\n|-weather|SunnyDay|[upkeep]\n|-heal|p1b: Wo-Chien|85\/100|[from] item: Leftovers\n|-sideend|p1: LordSno|move: Tailwind\n|upkeep\n|turn|6\n|inactive|Zzag has 30 seconds left.\n|inactive|Zzag has 20 seconds left.\n|inactive|Zzag has 15 seconds left.\n|inactive|Zzag has 10 seconds left.\n|\n|t:|1681951928\n|move|p2b: Palafin|Jet Punch|p1a: Torkoal\n|-supereffective|p1a: Torkoal\n|-damage|p1a: Torkoal|76\/100\n|move|p1b: Wo-Chien|Leech Seed|p2b: Palafin\n|-start|p2b: Palafin|move: Leech Seed\n|move|p2a: Ting-Lu|Stomping Tantrum|p1a: Torkoal\n|-supereffective|p1a: Torkoal\n|-crit|p1a: Torkoal\n|-damage|p1a: Torkoal|21\/100\n|move|p1a: Torkoal|Yawn|p2b: Palafin\n|-start|p2b: Palafin|move: Yawn|[of] p1a: Torkoal\n|\n|-weather|SunnyDay|[upkeep]\n|-heal|p1b: Wo-Chien|91\/100|[from] item: Leftovers\n|-damage|p2b: Palafin|88\/100|[from] Leech Seed|[of] p1b: Wo-Chien\n|-heal|p1b: Wo-Chien|100\/100|[silent]\n|upkeep\n|turn|7\n|inactive|Zzag has 30 seconds left.\n|\n|t:|1681951957\n|move|p2b: Palafin|Jet Punch|p1a: Torkoal\n|-supereffective|p1a: Torkoal\n|-damage|p1a: Torkoal|0 fnt\n|faint|p1a: Torkoal\n|move|p1b: Wo-Chien|Leech Seed|p2a: Ting-Lu\n|-start|p2a: Ting-Lu|move: Leech Seed\n|move|p2a: Ting-Lu|Stomping Tantrum|p1b: Wo-Chien\n|-resisted|p1b: Wo-Chien\n|-damage|p1b: Wo-Chien|90\/100\n|\n|-weather|none\n|-heal|p1b: Wo-Chien|96\/100|[from] item: Leftovers\n|-damage|p2b: Palafin|76\/100|[from] Leech Seed|[of] p1b: Wo-Chien\n|-heal|p1b: Wo-Chien|100\/100|[silent]\n|-damage|p2a: Ting-Lu|40\/100|[from] Leech Seed|[of] p1b: Wo-Chien\n|-end|p2b: Palafin|move: Yawn|[silent]\n|-status|p2b: Palafin|slp\n|upkeep\n|\n|t:|1681951970\n|switch|p1a: Great Tusk|Great Tusk, L50|100\/100\n|turn|8\n|\n|t:|1681951976\n|move|p1a: Great Tusk|Close Combat|p2b: Palafin\n|-damage|p2b: Palafin|34\/100 slp\n|-unboost|p1a: Great Tusk|def|1\n|-unboost|p1a: Great Tusk|spd|1\n|cant|p2b: Palafin|slp\n|move|p1b: Wo-Chien|Giga Drain|p2a: Ting-Lu\n|-supereffective|p2a: Ting-Lu\n|-damage|p2a: Ting-Lu|23\/100\n|move|p2a: Ting-Lu|Stomping Tantrum|p1a: Great Tusk\n|-damage|p1a: Great Tusk|75\/100\n|\n|-damage|p2b: Palafin|21\/100 slp|[from] Leech Seed|[of] p1b: Wo-Chien\n|-damage|p2a: Ting-Lu|11\/100|[from] Leech Seed|[of] p1b: Wo-Chien\n|upkeep\n|turn|9\n|\n|t:|1681951997\n|-curestatus|p2b: Palafin|slp|[msg]\n|move|p2b: Palafin|Jet Punch|p1a: Great Tusk\n|-supereffective|p1a: Great Tusk\n|-damage|p1a: Great Tusk|0 fnt\n|faint|p1a: Great Tusk\n|-end|p1a: Great Tusk|Protosynthesis|[silent]\n|move|p1b: Wo-Chien|Giga Drain|p2a: Ting-Lu\n|-supereffective|p2a: Ting-Lu\n|-damage|p2a: Ting-Lu|0 fnt\n|faint|p2a: Ting-Lu\n|\n|-damage|p2b: Palafin|9\/100|[from] Leech Seed|[of] p1b: Wo-Chien\n|upkeep\n|turn|10\n|\n|t:|1681952011\n|move|p2b: Palafin|Wave Crash|p1b: Wo-Chien\n|-resisted|p1b: Wo-Chien\n|-damage|p1b: Wo-Chien|66\/100\n|-damage|p2b: Palafin|0 fnt|[from] Recoil\n|faint|p2b: Palafin\n|\n|win|LordSno\n|raw|LordSno's rating: 1203 → 1233<\/strong> (+30 for winning)\n|raw|Zzag's rating: 1273 → 1243<\/strong> (-30 for losing)\n","uploadtime":1681952019,"views":9,"p1id":"lordsno","p2id":"zzag","formatid":"gen9vgc2023regulationc","rating":1233,"private":0,"password":""}