{"id":"gen9vgc2023regulationc-1856953170","p1":"Duck-Monke","p2":"Everscreaming","format":"[Gen 9] VGC 2023 Regulation C","log":"|j|\u2606Duck-Monke\n|j|\u2606Everscreaming\n|t:|1683129874\n|gametype|doubles\n|player|p1|Duck-Monke|n|1260\n|player|p2|Everscreaming|marnie|1232\n|teamsize|p1|6\n|teamsize|p2|4\n|gen|9\n|tier|[Gen 9] VGC 2023 Regulation C\n|rated|\n|rule|Species Clause: Limit one of each Pok\u00e9mon\n|rule|Item Clause: Limit one of each item\n|clearpoke\n|poke|p1|Quaquaval, L50, M|\n|poke|p1|Scream Tail, L50|\n|poke|p1|Chien-Pao, L50|\n|poke|p1|Amoonguss, L50, M|\n|poke|p1|Flutter Mane, L50|\n|poke|p1|Dragonite, L50, F|\n|poke|p2|Wo-Chien, L50|\n|poke|p2|Ting-Lu, L50|\n|poke|p2|Chien-Pao, L50|\n|poke|p2|Chi-Yu, L50|\n|teampreview|4\n|c|\u2606Duck-Monke|hf\n|c|\u2606Everscreaming|U2\n|\n|t:|1683129898\n|start\n|switch|p1a: Quaquaval|Quaquaval, L50, M|100\/100\n|switch|p1b: Dragonite|Dragonite, L50, F|100\/100\n|switch|p2a: Chien-Pao|Chien-Pao, L50|100\/100\n|switch|p2b: Chi-Yu|Chi-Yu, L50|100\/100\n|-ability|p2a: Chien-Pao|Sword of Ruin\n|-ability|p2b: Chi-Yu|Beads of Ruin\n|turn|1\n|\n|t:|1683129925\n|-terastallize|p2b: Chi-Yu|Ghost\n|-terastallize|p1b: Dragonite|Normal\n|move|p1b: Dragonite|Extreme Speed|p2a: Chien-Pao\n|-damage|p2a: Chien-Pao|11\/100\n|move|p2a: Chien-Pao|Ice Spinner|p1b: Dragonite\n|-damage|p1b: Dragonite|40\/100\n|move|p2b: Chi-Yu|Psychic|p1a: Quaquaval\n|-supereffective|p1a: Quaquaval\n|-damage|p1a: Quaquaval|4\/100\n|move|p1a: Quaquaval|Aqua Step|p2b: Chi-Yu\n|-damage|p2b: Chi-Yu|19\/100\n|-boost|p1a: Quaquaval|spe|1\n|\n|upkeep\n|turn|2\n|c|\u2606Duck-Monke|AV\n|c|\u2606Duck-Monke|lets go\n|\n|t:|1683129953\n|move|p1b: Dragonite|Extreme Speed|p2a: Chien-Pao\n|-damage|p2a: Chien-Pao|0 fnt\n|faint|p2a: Chien-Pao\n|move|p1a: Quaquaval|Aqua Step|p2b: Chi-Yu\n|-damage|p2b: Chi-Yu|0 fnt\n|-boost|p1a: Quaquaval|spe|1\n|faint|p2b: Chi-Yu\n|-ability|p1a: Quaquaval|Moxie|boost\n|-boost|p1a: Quaquaval|atk|1\n|\n|upkeep\n|\n|t:|1683129962\n|switch|p2a: Live Slug|Wo-Chien, L50|100\/100\n|switch|p2b: Ting-Lu|Ting-Lu, L50|100\/100\n|-ability|p2a: Live Slug|Tablets of Ruin\n|-ability|p2b: Ting-Lu|Vessel of Ruin\n|turn|3\n|\n|t:|1683129976\n|move|p1b: Dragonite|Extreme Speed|p2a: Live Slug\n|-damage|p2a: Live Slug|66\/100\n|move|p1a: Quaquaval|Close Combat|p2a: Live Slug\n|-supereffective|p2a: Live Slug\n|-damage|p2a: Live Slug|0 fnt\n|-unboost|p1a: Quaquaval|def|1\n|-unboost|p1a: Quaquaval|spd|1\n|faint|p2a: Live Slug\n|-ability|p1a: Quaquaval|Moxie|boost\n|-boost|p1a: Quaquaval|atk|1\n|move|p2b: Ting-Lu|Rock Slide|p1a: Quaquaval|[spread] p1a,p1b\n|-resisted|p1a: Quaquaval\n|-damage|p1a: Quaquaval|0 fnt\n|-damage|p1b: Dragonite|24\/100\n|faint|p1a: Quaquaval\n|\n|upkeep\n|\n|t:|1683129980\n|switch|p1a: Chien-Pao|Chien-Pao, L50|100\/100\n|-ability|p1a: Chien-Pao|Sword of Ruin\n|turn|4\n|\n|t:|1683129996\n|switch|p1b: Flutter Mane|Flutter Mane, L50|100\/100\n|move|p1a: Chien-Pao|Ice Spinner|p2b: Ting-Lu\n|-supereffective|p2b: Ting-Lu\n|-crit|p2b: Ting-Lu\n|-damage|p2b: Ting-Lu|27\/100\n|move|p2b: Ting-Lu|Fissure|p1a: Chien-Pao|[miss]\n|-miss|p2b: Ting-Lu|p1a: Chien-Pao\n|\n|upkeep\n|turn|5\n|\n|t:|1683130007\n|move|p1a: Chien-Pao|Ice Spinner|p2b: Ting-Lu\n|-supereffective|p2b: Ting-Lu\n|-crit|p2b: Ting-Lu\n|-damage|p2b: Ting-Lu|0 fnt\n|faint|p2b: Ting-Lu\n|\n|win|Duck-Monke\n|raw|Duck-Monke's rating: 1260 → 1283<\/strong> (+23 for winning)\n|raw|Everscreaming's rating: 1232 → 1209<\/strong> (-23 for losing)\n|c|\u2606Duck-Monke|gg\n|l|\u2606Everscreaming\n","uploadtime":1683130024,"views":14,"p1id":"duckmonke","p2id":"everscreaming","formatid":"gen9vgc2023regulationc","rating":1209,"private":0,"password":""}