{"id":"gen9vgc2023regulationc-1856093633","p1":"NemesisRider","p2":"Jayredvgc","format":"[Gen 9] VGC 2023 Regulation C","log":"|j|\u2606NemesisRider\n|j|\u2606Jayredvgc\n|t:|1683029328\n|gametype|doubles\n|player|p1|NemesisRider|266|1168\n|player|p2|Jayredvgc|265|1091\n|teamsize|p1|6\n|teamsize|p2|6\n|gen|9\n|tier|[Gen 9] VGC 2023 Regulation C\n|rated|\n|rule|Species Clause: Limit one of each Pok\u00e9mon\n|rule|Item Clause: Limit one of each item\n|clearpoke\n|poke|p1|Dondozo, L50, M|\n|poke|p1|Iron Bundle, L50|\n|poke|p1|Tatsugiri-Stretchy, L50, M|\n|poke|p1|Wo-Chien, L50|\n|poke|p1|Abomasnow, L50, F|\n|poke|p1|Amoonguss, L50, M|\n|poke|p2|Iron Hands, L50|\n|poke|p2|Chien-Pao, L50|\n|poke|p2|Sandy Shocks, L50|\n|poke|p2|Espathra, L50, M|\n|poke|p2|Dragonite, L50, F|\n|poke|p2|Chi-Yu, L50|\n|teampreview|4\nNemesisRider has agreed to open team sheets.\n|inactive|Battle timer is ON: inactive players will automatically lose when time's up. (requested by NemesisRider)\n|\n|t:|1683029353\n|start\n|switch|p1a: Snap|Iron Bundle, L50|100\/100\n|switch|p1b: Crackle|Dondozo, L50, M|100\/100\n|switch|p2a: Sandy Shocks|Sandy Shocks, L50|100\/100\n|switch|p2b: Espathra|Espathra, L50, M|100\/100\n|-enditem|p1a: Snap|Booster Energy\n|-activate|p1a: Snap|ability: Quark Drive|[fromitem]\n|-start|p1a: Snap|quarkdrivespe\n|turn|1\n|inactive|NemesisRider has 30 seconds left.\n|\n|t:|1683029379\n|-terastallize|p1b: Crackle|Grass\n|move|p2b: Espathra|Protect|p2b: Espathra\n|-singleturn|p2b: Espathra|Protect\n|move|p1a: Snap|U-turn|p1b: Crackle\n|-supereffective|p1b: Crackle\n|-damage|p1b: Crackle|82\/100\n|-enditem|p1b: Crackle|Weakness Policy\n|-boost|p1b: Crackle|atk|2|[from] item: Weakness Policy\n|-boost|p1b: Crackle|spa|2|[from] item: Weakness Policy\n|\n|t:|1683029385\n|-end|p1a: Snap|Quark Drive|[silent]\n|switch|p1a: Pop|Tatsugiri-Stretchy, L50, M|100\/100|[from] U-turn\n|-activate|p1a: Pop|ability: Commander|[of] p1b: Crackle\n|-boost|p1b: Crackle|atk|2\n|-boost|p1b: Crackle|spa|2\n|-boost|p1b: Crackle|spe|2\n|-boost|p1b: Crackle|def|2\n|-boost|p1b: Crackle|spd|2\n|move|p2a: Sandy Shocks|Gravity|p2a: Sandy Shocks\n|-fieldstart|move: Gravity\n|move|p1b: Crackle|Earthquake|p2b: Espathra|[spread] p2a\n|-miss|p1b: Crackle|p1a: Pop\n|-activate|p2b: Espathra|move: Protect\n|-supereffective|p2a: Sandy Shocks\n|-damage|p2a: Sandy Shocks|0 fnt\n|faint|p2a: Sandy Shocks\n|-end|p2a: Sandy Shocks|Protosynthesis|[silent]\n|\n|-ability|p2b: Espathra|Speed Boost|boost\n|-boost|p2b: Espathra|spe|1\n|upkeep\n|\n|t:|1683029404\n|switch|p2a: Chien-Pao|Chien-Pao, L50|100\/100\n|-ability|p2a: Chien-Pao|Sword of Ruin\n|turn|2\n|\n|t:|1683029411\n|move|p2b: Espathra|Hypnosis|p1b: Crackle\n|-status|p1b: Crackle|slp|[from] move: Hypnosis\n|move|p2a: Chien-Pao|Haze|p2a: Chien-Pao\n|-clearallboost\n|cant|p1b: Crackle|slp\n|\n|-ability|p2b: Espathra|Speed Boost|boost\n|-boost|p2b: Espathra|spe|1\n|upkeep\n|turn|3\n|\n|t:|1683029423\n|move|p2b: Espathra|Lumina Crash|p1b: Crackle\n|-damage|p1b: Crackle|43\/100 slp\n|-unboost|p1b: Crackle|spd|2\n|move|p2a: Chien-Pao|Sacred Sword|p1b: Crackle\n|-damage|p1b: Crackle|15\/100 slp\n|cant|p1b: Crackle|slp\n|\n|-ability|p2b: Espathra|Speed Boost|boost\n|-boost|p2b: Espathra|spe|1\n|upkeep\n|turn|4\n|\n|t:|1683029436\n|switch|p2a: Chi-Yu|Chi-Yu, L50|100\/100\n|-ability|p2a: Chi-Yu|Beads of Ruin\n|move|p2b: Espathra|Protect|p2b: Espathra\n|-singleturn|p2b: Espathra|Protect\n|cant|p1b: Crackle|slp\n|\n|-ability|p2b: Espathra|Speed Boost|boost\n|-boost|p2b: Espathra|spe|1\n|upkeep\n|turn|5\n|\n|t:|1683029450\n|move|p2b: Espathra|Lumina Crash|p1b: Crackle\n|-damage|p1b: Crackle|0 fnt\n|faint|p1b: Crackle\n|move|p2a: Chi-Yu|Nasty Plot|p2a: Chi-Yu\n|-boost|p2a: Chi-Yu|spa|2\n|\n|-fieldend|move: Gravity\n|-ability|p2b: Espathra|Speed Boost|boost\n|-boost|p2b: Espathra|spe|1\n|upkeep\n|\n|t:|1683029462\n|switch|p1b: Snap|Iron Bundle, L50|100\/100\n|turn|6\n|\n|t:|1683029469\n|-terastallize|p2b: Espathra|Fairy\n|move|p2a: Chi-Yu|Protect|p2a: Chi-Yu\n|-singleturn|p2a: Chi-Yu|Protect\n|move|p2b: Espathra|Dazzling Gleam|p1a: Pop|[spread] p1a,p1b\n|-supereffective|p1a: Pop\n|-damage|p1a: Pop|11\/100\n|-damage|p1b: Snap|42\/100\n|-enditem|p1a: Pop|Sitrus Berry|[eat]\n|-heal|p1a: Pop|35\/100|[from] item: Sitrus Berry\n|move|p1b: Snap|Encore|p2a: Chi-Yu\n|-activate|p2a: Chi-Yu|move: Protect\n|move|p1a: Pop|Draco Meteor|p2b: Espathra\n|-immune|p2b: Espathra\n|\n|-ability|p2b: Espathra|Speed Boost|boost\n|-boost|p2b: Espathra|spe|1\n|upkeep\n|turn|7\n|-message|NemesisRider forfeited.\n|\n|win|Jayredvgc\n|raw|NemesisRider's rating: 1168 → 1138<\/strong> (-30 for losing)\n|raw|Jayredvgc's rating: 1091 → 1123<\/strong> (+32 for winning)\n|l|\u2606NemesisRider\n","uploadtime":1683029592,"views":5,"p1id":"nemesisrider","p2id":"jayredvgc","formatid":"gen9vgc2023regulationc","rating":1123,"private":0,"password":""}