{"id":"gen9vgc2023regulationc-1845450131","p1":"Asd4321","p2":"Apithy","format":"[Gen 9] VGC 2023 Regulation C","log":"|j|\u2606Asd4321\n|j|\u2606Apithy\n|t:|1681734684\n|gametype|doubles\n|player|p1|Asd4321|supernerd|1375\n|player|p2|Apithy|101|1293\n|teamsize|p1|6\n|teamsize|p2|6\n|gen|9\n|tier|[Gen 9] VGC 2023 Regulation C\n|rated|\n|rule|Species Clause: Limit one of each Pok\u00e9mon\n|rule|Item Clause: Limit one of each item\n|clearpoke\n|poke|p1|Chi-Yu, L50|\n|poke|p1|Flutter Mane, L50|\n|poke|p1|Great Tusk, L50|\n|poke|p1|Corviknight, L50, M|\n|poke|p1|Palafin, L50, F|\n|poke|p1|Amoonguss, L50, F|\n|poke|p2|Pelipper, L50, M|\n|poke|p2|Volcarona, L50, M|\n|poke|p2|Flutter Mane, L50|\n|poke|p2|Palafin, L50, F|\n|poke|p2|Wo-Chien, L50|\n|poke|p2|Glimmora, L50, F|\n|teampreview|4\n|\n|t:|1681734714\n|start\n|switch|p1a: Corviknight|Corviknight, L50, M|100\/100\n|switch|p1b: Palafin|Palafin, L50, F|100\/100\n|switch|p2a: Volcarona|Volcarona, L50, M|100\/100\n|switch|p2b: Palafin|Palafin, L50, F|100\/100\n|turn|1\n|\n|t:|1681734733\n|detailschange|p2b: Palafin|Palafin-Hero, L50, F\n|switch|p2b: Wo-Chien|Wo-Chien, L50|100\/100\n|-ability|p2b: Wo-Chien|Tablets of Ruin\n|move|p2a: Volcarona|Protect|p2a: Volcarona\n|-singleturn|p2a: Volcarona|Protect\n|move|p1b: Palafin|Protect|p1b: Palafin\n|-singleturn|p1b: Palafin|Protect\n|move|p1a: Corviknight|Tailwind|p1a: Corviknight\n|-sidestart|p1: Asd4321|move: Tailwind\n|\n|upkeep\n|turn|2\n|\n|t:|1681734761\n|detailschange|p1b: Palafin|Palafin-Hero, L50, F\n|switch|p1b: Amoonguss|Amoonguss, L50, F|100\/100\n|switch|p2a: Palafin|Palafin-Hero, L50, F|100\/100\n|-activate|p2a: Palafin|ability: Zero to Hero\n|-terastallize|p2b: Wo-Chien|Poison\n|move|p1a: Corviknight|Brave Bird|p2a: Palafin\n|-damage|p2a: Palafin|75\/100\n|-damage|p1a: Corviknight|92\/100|[from] Recoil\n|move|p2b: Wo-Chien|Leech Seed|p1a: Corviknight\n|-start|p1a: Corviknight|move: Leech Seed\n|\n|-damage|p1a: Corviknight|80\/100|[from] Leech Seed|[of] p2b: Wo-Chien\n|upkeep\n|turn|3\n|\n|t:|1681734799\n|move|p2a: Palafin|Protect|p2a: Palafin\n|-singleturn|p2a: Palafin|Protect\n|move|p1a: Corviknight|Taunt|p2b: Wo-Chien\n|-start|p2b: Wo-Chien|move: Taunt\n|move|p1b: Amoonguss|Spore|p2a: Palafin\n|-activate|p2a: Palafin|move: Protect\n|move|p2b: Wo-Chien|Pollen Puff|p1b: Amoonguss\n|-damage|p1b: Amoonguss|85\/100\n|\n|-damage|p1a: Corviknight|68\/100|[from] Leech Seed|[of] p2b: Wo-Chien\n|upkeep\n|turn|4\n|\n|t:|1681734819\n|switch|p1a: Palafin|Palafin-Hero, L50, F|100\/100\n|-activate|p1a: Palafin|ability: Zero to Hero\n|switch|p2a: Volcarona|Volcarona, L50, M|100\/100\n|move|p1b: Amoonguss|Spore|p2a: Volcarona\n|-activate|p2a: Volcarona|item: Safety Goggles|Spore\n|move|p2b: Wo-Chien|Foul Play|p1a: Palafin\n|-damage|p1a: Palafin|43\/100\n|\n|-sideend|p1: Asd4321|move: Tailwind\n|upkeep\n|turn|5\n|\n|t:|1681734844\n|move|p2a: Volcarona|Protect|p2a: Volcarona\n|-singleturn|p2a: Volcarona|Protect\n|move|p1a: Palafin|Protect|p1a: Palafin\n|-singleturn|p1a: Palafin|Protect\n|move|p2b: Wo-Chien|Foul Play|p1a: Palafin\n|-activate|p1a: Palafin|move: Protect\n|move|p1b: Amoonguss|Spore|p2b: Wo-Chien\n|-status|p2b: Wo-Chien|slp|[from] move: Spore\n|\n|-end|p2b: Wo-Chien|move: Taunt\n|upkeep\n|turn|6\n|\n|t:|1681734883\n|switch|p2a: Flutter Mane|Flutter Mane, L50|100\/100\n|move|p1a: Palafin|Jet Punch|p2a: Flutter Mane\n|-damage|p2a: Flutter Mane|27\/100\n|cant|p2b: Wo-Chien|slp\n|move|p1b: Amoonguss|Pollen Puff|p1a: Palafin\n|-heal|p1a: Palafin|93\/100\n|\n|upkeep\n|turn|7\n|\n|t:|1681734904\n|move|p1b: Amoonguss|Rage Powder|p1b: Amoonguss\n|-singleturn|p1b: Amoonguss|move: Rage Powder\n|move|p1a: Palafin|Jet Punch|p2a: Flutter Mane\n|-damage|p2a: Flutter Mane|0 fnt\n|faint|p2a: Flutter Mane\n|-end|p2a: Flutter Mane|Protosynthesis|[silent]\n|cant|p2b: Wo-Chien|slp\n|\n|upkeep\n|\n|t:|1681734909\n|switch|p2a: Palafin|Palafin-Hero, L50, F|75\/100\n|turn|8\n|\n|t:|1681734918\n|move|p1b: Amoonguss|Rage Powder|p1b: Amoonguss\n|-singleturn|p1b: Amoonguss|move: Rage Powder\n|move|p2a: Palafin|Wave Crash|p1b: Amoonguss\n|-resisted|p1b: Amoonguss\n|-damage|p1b: Amoonguss|53\/100\n|-damage|p2a: Palafin|63\/100|[from] Recoil\n|move|p1a: Palafin|Wave Crash|p2a: Palafin\n|-resisted|p2a: Palafin\n|-damage|p2a: Palafin|32\/100\n|-damage|p1a: Palafin|83\/100|[from] Recoil\n|-curestatus|p2b: Wo-Chien|slp|[msg]\n|move|p2b: Wo-Chien|Pollen Puff|p1b: Amoonguss\n|-damage|p1b: Amoonguss|40\/100\n|\n|upkeep\n|turn|9\n|\n|t:|1681734940\n|move|p2a: Palafin|Protect|p2a: Palafin\n|-singleturn|p2a: Palafin|Protect\n|move|p1b: Amoonguss|Rage Powder|p1b: Amoonguss\n|-singleturn|p1b: Amoonguss|move: Rage Powder\n|move|p1a: Palafin|Wave Crash|p2a: Palafin\n|-activate|p2a: Palafin|move: Protect\n|move|p2b: Wo-Chien|Foul Play|p1b: Amoonguss\n|-damage|p1b: Amoonguss|19\/100\n|\n|upkeep\n|turn|10\n|\n|t:|1681734965\n|switch|p1b: Corviknight|Corviknight, L50, M|68\/100\n|move|p2a: Palafin|Jet Punch|p1b: Corviknight\n|-damage|p1b: Corviknight|42\/100\n|-enditem|p1b: Corviknight|Sitrus Berry|[eat]\n|-heal|p1b: Corviknight|67\/100|[from] item: Sitrus Berry\n|move|p1a: Palafin|Wave Crash|p2a: Palafin\n|-resisted|p2a: Palafin\n|-damage|p2a: Palafin|0 fnt\n|faint|p2a: Palafin\n|-damage|p1a: Palafin|73\/100|[from] Recoil\n|move|p2b: Wo-Chien|Foul Play|p1a: Palafin\n|-damage|p1a: Palafin|19\/100\n|\n|upkeep\n|\n|t:|1681734969\n|switch|p2a: Volcarona|Volcarona, L50, M|100\/100\n|turn|11\n|\n|t:|1681734987\n|-terastallize|p1b: Corviknight|Water\n|move|p1a: Palafin|Protect|p1a: Palafin\n|-singleturn|p1a: Palafin|Protect\n|move|p2a: Volcarona|Flamethrower|p1b: Corviknight\n|-resisted|p1b: Corviknight\n|-damage|p1b: Corviknight|46\/100\n|move|p1b: Corviknight|Tailwind|p1b: Corviknight\n|-sidestart|p1: Asd4321|move: Tailwind\n|move|p2b: Wo-Chien|Foul Play|p1a: Palafin\n|-activate|p1a: Palafin|move: Protect\n|\n|upkeep\n|turn|12\n|\n|t:|1681735001\n|switch|p1a: Flutter Mane|Flutter Mane, L50|100\/100\n|move|p2a: Volcarona|Protect|p2a: Volcarona\n|-singleturn|p2a: Volcarona|Protect\n|move|p1b: Corviknight|Brave Bird|p2a: Volcarona\n|-activate|p2a: Volcarona|move: Protect\n|move|p2b: Wo-Chien|Foul Play|p1a: Flutter Mane\n|-damage|p1a: Flutter Mane|70\/100\n|\n|upkeep\n|turn|13\n|\n|t:|1681735020\n|move|p1a: Flutter Mane|Shadow Ball|p2a: Volcarona\n|-damage|p2a: Volcarona|45\/100\n|-damage|p1a: Flutter Mane|61\/100|[from] item: Life Orb\n|move|p1b: Corviknight|Brave Bird|p2a: Volcarona\n|-supereffective|p2a: Volcarona\n|-damage|p2a: Volcarona|0 fnt\n|faint|p2a: Volcarona\n|-damage|p1b: Corviknight|32\/100|[from] Recoil\n|move|p2b: Wo-Chien|Foul Play|p1b: Corviknight\n|-damage|p1b: Corviknight|11\/100\n|\n|upkeep\n|turn|14\n|\n|t:|1681735032\n|move|p1a: Flutter Mane|Shadow Ball|p2b: Wo-Chien\n|-damage|p2b: Wo-Chien|60\/100\n|-damage|p1a: Flutter Mane|52\/100|[from] item: Life Orb\n|move|p1b: Corviknight|Roost|p1b: Corviknight\n|-heal|p1b: Corviknight|61\/100\n|move|p2b: Wo-Chien|Leech Seed|p1a: Flutter Mane\n|-start|p1a: Flutter Mane|move: Leech Seed\n|\n|-heal|p2b: Wo-Chien|66\/100|[from] item: Leftovers\n|-damage|p1a: Flutter Mane|39\/100|[from] Leech Seed|[of] p2b: Wo-Chien\n|-heal|p2b: Wo-Chien|75\/100|[silent]\n|-sideend|p1: Asd4321|move: Tailwind\n|upkeep\n|turn|15\n|\n|t:|1681735042\n|-end|p1a: Flutter Mane|Protosynthesis|[silent]\n|switch|p1a: Amoonguss|Amoonguss, L50, F|52\/100\n|move|p2b: Wo-Chien|Protect|p2b: Wo-Chien\n|-singleturn|p2b: Wo-Chien|Protect\n|move|p1b: Corviknight|Taunt|p2b: Wo-Chien\n|-activate|p2b: Wo-Chien|move: Protect\n|\n|-heal|p2b: Wo-Chien|82\/100|[from] item: Leftovers\n|upkeep\n|turn|16\n|\n|t:|1681735052\n|move|p1b: Corviknight|Tailwind|p1b: Corviknight\n|-sidestart|p1: Asd4321|move: Tailwind\n|move|p1a: Amoonguss|Spore|p2b: Wo-Chien\n|-status|p2b: Wo-Chien|slp|[from] move: Spore\n|cant|p2b: Wo-Chien|slp\n|\n|-heal|p2b: Wo-Chien|88\/100 slp|[from] item: Leftovers\n|upkeep\n|turn|17\n|-message|Apithy forfeited.\n|\n|win|Asd4321\n|raw|Asd4321's rating: 1375 → 1390<\/strong> (+15 for winning)\n|raw|Apithy's rating: 1293 → 1274<\/strong> (-19 for losing)\n|l|\u2606Apithy\n","uploadtime":1681735067,"views":13,"p1id":"asd4321","p2id":"apithy","formatid":"gen9vgc2023regulationc","rating":1274,"private":0,"password":""}