{"id":"gen9vgc2023regulationc-1862117576","p1":"WBG Angel","p2":"exstraspaceDND","format":"[Gen 9] VGC 2023 Regulation C","log":"|j|\u2606WBG Angel\n|j|\u2606exstraspaceDND\n|t:|1683838762\n|gametype|doubles\n|player|p1|WBG Angel|dahlia|\n|player|p2|exstraspaceDND|drayden|\n|teamsize|p1|6\n|teamsize|p2|6\n|gen|9\n|tier|[Gen 9] VGC 2023 Regulation C\n|rule|Species Clause: Limit one of each Pok\u00e9mon\n|rule|Item Clause: Limit one of each item\n|clearpoke\n|poke|p1|Talonflame, L50, M|\n|poke|p1|Flutter Mane, L50|\n|poke|p1|Breloom, L50, F|\n|poke|p1|Tinkatuff, L50, F|\n|poke|p1|Krookodile, L50, M|\n|poke|p1|Baxcalibur, L50, F|\n|poke|p2|Garchomp, L50, M|\n|poke|p2|Iron Bundle, L50|\n|poke|p2|Rotom-Heat, L50|\n|poke|p2|Scizor, L50, F|\n|poke|p2|Jumpluff, L50, F|\n|poke|p2|Hydreigon, L50, M|\n|teampreview|4\n|c|\u2606WBG Angel|G1 gl hf\n|c|\u2606exstraspaceDND|glhf\n|c|\u2606WBG Angel|Can u do the links pls\nWBG Angel rejected open team sheets.\n|c|\u2606exstraspaceDND|yeesure\n|j| eshe0\n|\n|t:|1683838853\n|start\n|switch|p1a: Breloom|Breloom, L50, F|100\/100\n|switch|p1b: Tinkatuff|Tinkatuff, L50, F|100\/100\n|switch|p2a: Chopper|Garchomp, L50, M|100\/100\n|switch|p2b: Jojo reference|Rotom-Heat, L50|100\/100\n|turn|1\n|c| eshe0|hello, gamers, I have come to watch gaming\n|c|\u2606exstraspaceDND|yeee\n|\n|t:|1683838887\n|-terastallize|p1a: Breloom|Fire\n|move|p2a: Chopper|Protect|p2a: Chopper\n|-singleturn|p2a: Chopper|Protect\n|move|p1b: Tinkatuff|Fake Out|p2a: Chopper\n|-activate|p2a: Chopper|move: Protect\n|move|p2b: Jojo reference|Overheat|p1a: Breloom\n|-resisted|p1a: Breloom\n|-damage|p1a: Breloom|38\/100\n|-unboost|p2b: Jojo reference|spa|2\n|-damage|p2b: Jojo reference|91\/100|[from] item: Life Orb\n|move|p1a: Breloom|Swords Dance|p1a: Breloom\n|-boost|p1a: Breloom|atk|2\n|\n|upkeep\n|turn|2\n|\n|t:|1683838932\n|move|p2b: Jojo reference|Protect|p2b: Jojo reference\n|-singleturn|p2b: Jojo reference|Protect\n|move|p1a: Breloom|Protect|p1a: Breloom\n|-singleturn|p1a: Breloom|Protect\n|move|p2a: Chopper|Earthquake|p1a: Breloom|[spread] p1b\n|-activate|p2b: Jojo reference|move: Protect\n|-activate|p1a: Breloom|move: Protect\n|-supereffective|p1b: Tinkatuff\n|-damage|p1b: Tinkatuff|5\/100\n|move|p1b: Tinkatuff|Play Rough|p2a: Chopper\n|-supereffective|p2a: Chopper\n|-damage|p2a: Chopper|37\/100\n|-damage|p1b: Tinkatuff|0 fnt|[from] ability: Rough Skin|[of] p2a: Chopper\n|faint|p1b: Tinkatuff\n|\n|upkeep\n|c| eshe0|why is rotom heat a jojo reference?\n|\n|t:|1683838967\n|switch|p1b: Flutter Mane|Flutter Mane, L50|100\/100\n|turn|3\n|c|\u2606exstraspaceDND|part 1\n|j| judevgc\n|\n|t:|1683838980\n|move|p2a: Chopper|Protect|p2a: Chopper\n|-singleturn|p2a: Chopper|Protect\n|move|p1a: Breloom|Mach Punch|p2a: Chopper\n|-activate|p2a: Chopper|move: Protect\n|move|p1b: Flutter Mane|Power Gem|p2b: Jojo reference\n|-supereffective|p2b: Jojo reference\n|-damage|p2b: Jojo reference|0 fnt\n|faint|p2b: Jojo reference\n|\n|upkeep\n|c| eshe0|the fire in the mansion?\n|\n|t:|1683838988\n|switch|p2b: Punchy|Scizor, L50, F|100\/100\n|turn|4\n|\n|t:|1683838999\n|move|p1a: Breloom|Mach Punch|p2a: Chopper\n|-damage|p2a: Chopper|0 fnt\n|-damage|p1a: Breloom|26\/100|[from] ability: Rough Skin|[of] p2a: Chopper\n|faint|p2a: Chopper\n|-damage|p1a: Breloom|16\/100|[from] item: Life Orb\n|move|p2b: Punchy|Bullet Punch|p1b: Flutter Mane\n|-supereffective|p1b: Flutter Mane\n|-crit|p1b: Flutter Mane\n|-enditem|p1b: Flutter Mane|Focus Sash\n|-damage|p1b: Flutter Mane|1\/100\n|move|p1b: Flutter Mane|Mystical Fire|p2b: Punchy\n|-supereffective|p2b: Punchy\n|-damage|p2b: Punchy|0 fnt\n|faint|p2b: Punchy\n|\n|upkeep\n|c| judevgc|The dog...\n|c| eshe0|tbf there were a bunch of fires in part 1\n|\n|t:|1683839015\n|switch|p2a: Skiper|Iron Bundle, L50|100\/100\n|-enditem|p2a: Skiper|Booster Energy\n|-activate|p2a: Skiper|ability: Quark Drive|[fromitem]\n|-start|p2a: Skiper|quarkdrivespe\n|turn|5\n|\n|t:|1683839038\n|-terastallize|p2a: Skiper|Grass\n|move|p1b: Flutter Mane|Protect|p1b: Flutter Mane\n|-singleturn|p1b: Flutter Mane|Protect\n|move|p1a: Breloom|Mach Punch|p2a: Skiper\n|-damage|p2a: Skiper|0 fnt\n|faint|p2a: Skiper\n|-end|p2a: Skiper|Quark Drive|[silent]\n|-damage|p1a: Breloom|6\/100|[from] item: Life Orb\n|\n|win|WBG Angel\n|c|\u2606WBG Angel|Gr\n|c| eshe0|https:\/\/play.pokemonshowdown.com\/battle-gen9vgc2023regulationc-1862117886\n|l| judevgc\n|l| eshe0\n","uploadtime":1683839488,"views":15,"p1id":"wbgangel","p2id":"exstraspacednd","formatid":"gen9vgc2023regulationc","rating":0,"private":0,"password":""}