{"id":"gen9vgc2023regulationc-1860145087","p1":"Chocbrown987","p2":"Behavdc","format":"[Gen 9] VGC 2023 Regulation C","log":"|j|\u2606Chocbrown987\n|j|\u2606Behavdc\n|t:|1683600718\n|gametype|doubles\n|player|p1|Chocbrown987|169|1069\n|player|p2|Behavdc|elesa|1000\n|teamsize|p1|6\n|teamsize|p2|6\n|gen|9\n|tier|[Gen 9] VGC 2023 Regulation C\n|rated|\n|rule|Species Clause: Limit one of each Pok\u00e9mon\n|rule|Item Clause: Limit one of each item\n|clearpoke\n|poke|p1|Misdreavus, L50, M|\n|poke|p1|Glaceon, L50, F|\n|poke|p1|Abomasnow, L50, M|\n|poke|p1|Baxcalibur, L50, M|\n|poke|p1|Gastrodon, L50, M|\n|poke|p1|Frosmoth, L50, F|\n|poke|p2|Lilligant, L50, F|\n|poke|p2|Torkoal, L50, M|\n|poke|p2|Roaring Moon, L50|\n|poke|p2|Flutter Mane, L50|\n|poke|p2|Chien-Pao, L50|\n|poke|p2|Kingambit, L50, M|\n|teampreview|4\n|inactive|Battle timer is ON: inactive players will automatically lose when time's up. (requested by Behavdc)\n|\n|t:|1683600732\n|start\n|switch|p1a: Gastrodon|Gastrodon, L50, M|100\/100\n|switch|p1b: Baxcalibur|Baxcalibur, L50, M|100\/100\n|switch|p2a: Torkoal|Torkoal, L50, M|100\/100\n|switch|p2b: Lilligant|Lilligant, L50, F|100\/100\n|-weather|SunnyDay|[from] ability: Drought|[of] p2a: Torkoal\n|turn|1\n|\n|t:|1683600757\n|switch|p1a: Abomasnow|Abomasnow, L50, M|100\/100\n|-weather|Snow|[from] ability: Snow Warning|[of] p1a: Abomasnow\n|switch|p2a: Flutter Mane|Flutter Mane, L50|100\/100\n|-enditem|p2a: Flutter Mane|Booster Energy\n|-activate|p2a: Flutter Mane|ability: Protosynthesis|[fromitem]\n|-start|p2a: Flutter Mane|protosynthesisspe\n|move|p1b: Baxcalibur|Protect|p1b: Baxcalibur\n|-singleturn|p1b: Baxcalibur|Protect\n|move|p2b: Lilligant|Sleep Powder|p1b: Baxcalibur\n|-activate|p1b: Baxcalibur|move: Protect\n|\n|-weather|Snow|[upkeep]\n|upkeep\n|turn|2\n|inactive|Chocbrown987 has 30 seconds left.\n|inactive|Behavdc has 30 seconds left.\n|inactive|Chocbrown987 has 20 seconds left.\n|inactive|Chocbrown987 has 15 seconds left.\n|\n|t:|1683600800\n|switch|p1a: Gastrodon|Gastrodon, L50, M|100\/100\n|-terastallize|p2b: Lilligant|Fire\n|-terastallize|p1b: Baxcalibur|Steel\n|move|p2a: Flutter Mane|Dazzling Gleam|p1b: Baxcalibur|[spread] p1a,p1b\n|-resisted|p1b: Baxcalibur\n|-damage|p1a: Gastrodon|68\/100\n|-damage|p1b: Baxcalibur|85\/100\n|move|p2b: Lilligant|Tera Blast|p1a: Gastrodon\n|-resisted|p1a: Gastrodon\n|-damage|p1a: Gastrodon|48\/100\n|-enditem|p1a: Gastrodon|Sitrus Berry|[eat]\n|-heal|p1a: Gastrodon|73\/100|[from] item: Sitrus Berry\n|move|p1b: Baxcalibur|Iron Head|p2a: Flutter Mane\n|-supereffective|p2a: Flutter Mane\n|-damage|p2a: Flutter Mane|0 fnt\n|faint|p2a: Flutter Mane\n|-end|p2a: Flutter Mane|Protosynthesis|[silent]\n|\n|-weather|Snow|[upkeep]\n|upkeep\n|\n|t:|1683600815\n|switch|p2a: Torkoal|Torkoal, L50, M|100\/100\n|-weather|SunnyDay|[from] ability: Drought|[of] p2a: Torkoal\n|turn|3\n|\n|t:|1683600829\n|move|p1b: Baxcalibur|Protect|p1b: Baxcalibur\n|-singleturn|p1b: Baxcalibur|Protect\n|move|p2b: Lilligant|Sleep Powder|p1b: Baxcalibur\n|-activate|p1b: Baxcalibur|move: Protect\n|move|p1a: Gastrodon|Snowscape|p1a: Gastrodon\n|-weather|Snow\n|move|p2a: Torkoal|Yawn|p1a: Gastrodon\n|-start|p1a: Gastrodon|move: Yawn|[of] p2a: Torkoal\n|\n|-weather|Snow|[upkeep]\n|upkeep\n|turn|4\n|\n|t:|1683600842\n|switch|p1a: Abomasnow|Abomasnow, L50, M|100\/100\n|move|p2b: Lilligant|Tera Blast|p1b: Baxcalibur\n|-supereffective|p1b: Baxcalibur\n|-damage|p1b: Baxcalibur|9\/100\n|-ability|p1b: Baxcalibur|Thermal Exchange|boost\n|-boost|p1b: Baxcalibur|atk|1\n|move|p1b: Baxcalibur|Glaive Rush|p2a: Torkoal\n|-damage|p2a: Torkoal|22\/100\n|-singlemove|p1b: Baxcalibur|Glaive Rush|[silent]\n|-enditem|p2a: Torkoal|Iapapa Berry|[eat]\n|-heal|p2a: Torkoal|55\/100|[from] item: Iapapa Berry\n|move|p2a: Torkoal|Eruption|p1a: Abomasnow|[spread] p1a,p1b\n|-supereffective|p1a: Abomasnow\n|-supereffective|p1b: Baxcalibur\n|-damage|p1a: Abomasnow|15\/100\n|-damage|p1b: Baxcalibur|0 fnt\n|faint|p1b: Baxcalibur\n|\n|-weather|Snow|[upkeep]\n|upkeep\n|\n|t:|1683600861\n|switch|p1b: Gastrodon|Gastrodon, L50, M|73\/100\n|turn|5\n|\n|t:|1683600882\n|move|p2b: Lilligant|Leaf Storm|p1b: Gastrodon\n|-supereffective|p1b: Gastrodon\n|-damage|p1b: Gastrodon|0 fnt\n|-unboost|p2b: Lilligant|spa|2\n|faint|p1b: Gastrodon\n|move|p1a: Abomasnow|Low Kick|p2a: Torkoal\n|-damage|p2a: Torkoal|37\/100\n|move|p2a: Torkoal|Eruption|p1a: Abomasnow\n|-supereffective|p1a: Abomasnow\n|-damage|p1a: Abomasnow|0 fnt\n|faint|p1a: Abomasnow\n|\n|-weather|Snow|[upkeep]\n|upkeep\n|\n|t:|1683600896\n|switch|p1b: Glaceon|Glaceon, L50, F|100\/100\n|turn|6\n|\n|t:|1683600902\n|move|p2b: Lilligant|Tera Blast|p1b: Glaceon|[miss]\n|-miss|p2b: Lilligant|p1b: Glaceon\n|move|p1b: Glaceon|Shadow Ball|p2a: Torkoal\n|-damage|p2a: Torkoal|11\/100\n|move|p2a: Torkoal|Will-O-Wisp|p1b: Glaceon|[miss]\n|-miss|p2a: Torkoal|p1b: Glaceon\n|\n|-weather|Snow|[upkeep]\n|upkeep\n|turn|7\n|\n|t:|1683600922\n|move|p2b: Lilligant|Tera Blast|p1b: Glaceon|[miss]\n|-miss|p2b: Lilligant|p1b: Glaceon\n|move|p1b: Glaceon|Blizzard|p2a: Torkoal|[spread] p2a,p2b\n|-resisted|p2a: Torkoal\n|-resisted|p2b: Lilligant\n|-damage|p2a: Torkoal|0 fnt\n|-damage|p2b: Lilligant|66\/100\n|faint|p2a: Torkoal\n|\n|-weather|none\n|upkeep\n|\n|t:|1683600929\n|switch|p2a: Roaring Moon|Roaring Moon, L50|100\/100\n|turn|8\n|\n|t:|1683600934\n|move|p2a: Roaring Moon|Iron Head|p1b: Glaceon\n|-supereffective|p1b: Glaceon\n|-damage|p1b: Glaceon|45\/100\n|move|p2b: Lilligant|Tera Blast|p1b: Glaceon|[miss]\n|-miss|p2b: Lilligant|p1b: Glaceon\n|move|p1b: Glaceon|Blizzard|p2a: Roaring Moon|[spread] p2a,p2b\n|-supereffective|p2a: Roaring Moon\n|-resisted|p2b: Lilligant\n|-damage|p2a: Roaring Moon|14\/100\n|-damage|p2b: Lilligant|32\/100\n|\n|upkeep\n|turn|9\n|\n|t:|1683600945\n|move|p2a: Roaring Moon|Iron Head|p1b: Glaceon\n|-supereffective|p1b: Glaceon\n|-damage|p1b: Glaceon|0 fnt\n|faint|p1b: Glaceon\n|\n|win|Behavdc\n|raw|Chocbrown987's rating: 1069 → 1045<\/strong> (-24 for losing)\n|raw|Behavdc's rating: 1000 → 1048<\/strong> (+48 for winning)\n|l|\u2606Chocbrown987\n","uploadtime":1683600962,"views":7,"p1id":"chocbrown987","p2id":"behavdc","formatid":"gen9vgc2023regulationc","rating":1045,"private":0,"password":""}