{"id":"gen9vgc2023regulationc-1854448775","p1":"zhongqiu","p2":"wubbokids","format":"[Gen 9] VGC 2023 Regulation C","log":"|j|\u2606zhongqiu\n|j|\u2606wubbokids\n|t:|1682812241\n|gametype|doubles\n|player|p1|zhongqiu|dawn|1154\n|player|p2|wubbokids|preschooler|1088\n|teamsize|p1|6\n|teamsize|p2|6\n|gen|9\n|tier|[Gen 9] VGC 2023 Regulation C\n|rated|\n|rule|Species Clause: Limit one of each Pok\u00e9mon\n|rule|Item Clause: Limit one of each item\n|clearpoke\n|poke|p1|Pincurchin, L50, F|\n|poke|p1|Iron Moth, L50|\n|poke|p1|Iron Treads, L50|\n|poke|p1|Iron Hands, L50|\n|poke|p1|Iron Bundle, L50|\n|poke|p1|Iron Jugulis, L50|\n|poke|p2|Gothitelle, L50, M|\n|poke|p2|Wo-Chien, L50|\n|poke|p2|Annihilape, L50, F|\n|poke|p2|Maushold, L50|\n|poke|p2|Chi-Yu, L50|\n|poke|p2|Murkrow, L50, M|\n|teampreview|4\n|inactive|Battle timer is ON: inactive players will automatically lose when time's up. (requested by zhongqiu)\n|inactive|zhongqiu has 60 seconds left.\n|\n|t:|1682812280\n|start\n|switch|p1a: Pincurchin|Pincurchin, L50, F|100\/100\n|switch|p1b: Iron Hands|Iron Hands, L50|100\/100\n|switch|p2a: Chi-Yu|Chi-Yu, L50|100\/100\n|switch|p2b: Murkrow|Murkrow, L50, M|100\/100\n|-ability|p2a: Chi-Yu|Beads of Ruin\n|-fieldstart|move: Electric Terrain|[from] ability: Electric Surge|[of] p1a: Pincurchin\n|-activate|p1b: Iron Hands|ability: Quark Drive\n|-start|p1b: Iron Hands|quarkdriveatk\n|turn|1\n|inactive|zhongqiu has 30 seconds left.\n|\n|t:|1682812307\n|-terastallize|p2a: Chi-Yu|Fire\n|move|p1b: Iron Hands|Fake Out|p2a: Chi-Yu\n|-damage|p2a: Chi-Yu|65\/100\n|cant|p2a: Chi-Yu|flinch\n|move|p2b: Murkrow|Night Shade|p1b: Iron Hands\n|-damage|p1b: Iron Hands|80\/100\n|move|p1a: Pincurchin|Thunder Wave|p2a: Chi-Yu\n|-status|p2a: Chi-Yu|par\n|\n|upkeep\n|turn|2\n|\n|t:|1682812323\n|move|p1a: Pincurchin|Protect|p1a: Pincurchin\n|-singleturn|p1a: Pincurchin|Protect\n|move|p2b: Murkrow|Tailwind|p2b: Murkrow\n|-sidestart|p2: wubbokids|move: Tailwind\n|cant|p2a: Chi-Yu|par\n|move|p1b: Iron Hands|Bulldoze|p2b: Murkrow|[spread] p2a\n|-activate|p1a: Pincurchin|move: Protect\n|-immune|p2b: Murkrow\n|-supereffective|p2a: Chi-Yu\n|-damage|p2a: Chi-Yu|0 fnt\n|faint|p2a: Chi-Yu\n|\n|upkeep\n|\n|t:|1682812333\n|switch|p2a: Wo-Chien|Wo-Chien, L50|100\/100\n|-ability|p2a: Wo-Chien|Tablets of Ruin\n|turn|3\n|inactive|zhongqiu has 30 seconds left.\n|\n|t:|1682812364\n|move|p2b: Murkrow|Night Shade|p1b: Iron Hands\n|-damage|p1b: Iron Hands|59\/100\n|move|p2a: Wo-Chien|Leech Seed|p1b: Iron Hands\n|-start|p1b: Iron Hands|move: Leech Seed\n|move|p1b: Iron Hands|Volt Switch|p2b: Murkrow\n|-supereffective|p2b: Murkrow\n|-damage|p2b: Murkrow|74\/100\n|\n|t:|1682812375\n|-end|p1b: Iron Hands|Quark Drive|[silent]\n|switch|p1b: Iron Bundle|Iron Bundle, L50|100\/100|[from] Volt Switch\n|-activate|p1b: Iron Bundle|ability: Quark Drive\n|-start|p1b: Iron Bundle|quarkdrivespe\n|move|p1a: Pincurchin|Thunder Wave|p2a: Wo-Chien\n|-status|p2a: Wo-Chien|par\n|\n|upkeep\n|turn|4\n|\n|t:|1682812392\n|switch|p1a: Iron Hands|Iron Hands, L50|59\/100\n|-activate|p1a: Iron Hands|ability: Quark Drive\n|-start|p1a: Iron Hands|quarkdriveatk\n|move|p1b: Iron Bundle|Protect|p1b: Iron Bundle\n|-singleturn|p1b: Iron Bundle|Protect\n|move|p2b: Murkrow|Night Shade|p1b: Iron Bundle\n|-activate|p1b: Iron Bundle|move: Protect\n|move|p2a: Wo-Chien|Leech Seed|p1b: Iron Bundle\n|-activate|p1b: Iron Bundle|move: Protect\n|\n|upkeep\n|turn|5\n|\n|t:|1682812416\n|-terastallize|p1b: Iron Bundle|Ice\n|move|p1a: Iron Hands|Fake Out|p2b: Murkrow\n|-damage|p2b: Murkrow|52\/100\n|move|p1b: Iron Bundle|Ice Beam|p2a: Wo-Chien\n|-supereffective|p2a: Wo-Chien\n|-damage|p2a: Wo-Chien|36\/100 par\n|cant|p2b: Murkrow|flinch\n|move|p2a: Wo-Chien|Leech Seed|p1a: Iron Hands\n|-start|p1a: Iron Hands|move: Leech Seed\n|\n|-damage|p1a: Iron Hands|47\/100|[from] Leech Seed|[of] p2a: Wo-Chien\n|-heal|p2a: Wo-Chien|56\/100 par|[silent]\n|-sideend|p2: wubbokids|move: Tailwind\n|upkeep\n|turn|6\n|inactive|zhongqiu has 30 seconds left.\n|inactive|wubbokids has 30 seconds left.\n|\n|t:|1682812443\n|move|p1b: Iron Bundle|Protect|p1b: Iron Bundle\n|-singleturn|p1b: Iron Bundle|Protect\n|move|p2a: Wo-Chien|Protect|p2a: Wo-Chien\n|-singleturn|p2a: Wo-Chien|Protect\n|move|p2b: Murkrow|Night Shade|p1b: Iron Bundle\n|-activate|p1b: Iron Bundle|move: Protect\n|move|p1a: Iron Hands|Volt Switch|p2b: Murkrow\n|-supereffective|p2b: Murkrow\n|-damage|p2b: Murkrow|23\/100\n|c|\u2606wubbokids|gg\n|-message|wubbokids forfeited.\n|\n|win|zhongqiu\n|raw|zhongqiu's rating: 1154 → 1174<\/strong> (+20 for winning)\n|raw|wubbokids's rating: 1088 → 1069<\/strong> (-19 for losing)\n|l|\u2606wubbokids\n","uploadtime":1682812462,"views":17,"p1id":"zhongqiu","p2id":"wubbokids","formatid":"gen9vgc2023regulationc","rating":1069,"private":0,"password":""}