{"id":"gen9vgc2023regulationc-1851640393","p1":"Tiplaf","p2":"supaflytnt","format":"[Gen 9] VGC 2023 Regulation C","log":"|j|\u2606Tiplaf\n|j|\u2606supaflytnt\n|t:|1682464418\n|gametype|doubles\n|player|p1|Tiplaf|volkner|1187\n|player|p2|supaflytnt|hoopster|1227\n|teamsize|p1|6\n|teamsize|p2|6\n|gen|9\n|tier|[Gen 9] VGC 2023 Regulation C\n|rated|\n|rule|Species Clause: Limit one of each Pok\u00e9mon\n|rule|Item Clause: Limit one of each item\n|clearpoke\n|poke|p1|Roaring Moon, L50|\n|poke|p1|Gholdengo, L50|\n|poke|p1|Iron Bundle, L50|\n|poke|p1|Iron Hands, L50|\n|poke|p1|Maushold-Four, L50|\n|poke|p1|Arcanine, L50, F|\n|poke|p2|Flutter Mane, L50|\n|poke|p2|Amoonguss, L50, M|\n|poke|p2|Indeedee-F, L50, F|\n|poke|p2|Armarouge, L50, F|\n|poke|p2|Gallade, L50, M|\n|poke|p2|Iron Jugulis, L50|\n|teampreview|4\nsupaflytnt has agreed to open team sheets.\nTiplaf has agreed to open team sheets.\n|\n|t:|1682464506\n|start\n|switch|p1a: Gholdengo|Gholdengo, L50|100\/100\n|switch|p1b: Maushold|Maushold-Four, L50|100\/100\n|switch|p2a: Ed Edd Eddy|Iron Jugulis, L50|100\/100\n|switch|p2b: RicFlair|Gallade, L50, M|100\/100\n|-enditem|p2a: Ed Edd Eddy|Booster Energy\n|-activate|p2a: Ed Edd Eddy|ability: Quark Drive|[fromitem]\n|-start|p2a: Ed Edd Eddy|quarkdrivespe\n|turn|1\n|\n|t:|1682464541\n|move|p1b: Maushold|Follow Me|p1b: Maushold\n|-singleturn|p1b: Maushold|move: Follow Me\n|move|p2a: Ed Edd Eddy|Snarl|p1a: Gholdengo|[spread] p1a,p1b\n|-supereffective|p1a: Gholdengo\n|-damage|p1a: Gholdengo|73\/100\n|-damage|p1b: Maushold|75\/100\n|-unboost|p1b: Maushold|spa|1\n|move|p2b: RicFlair|Psycho Cut|p1b: Maushold\n|-crit|p1b: Maushold\n|-damage|p1b: Maushold|0 fnt\n|faint|p1b: Maushold\n|move|p1a: Gholdengo|Shadow Ball|p2b: RicFlair\n|-supereffective|p2b: RicFlair\n|-damage|p2b: RicFlair|21\/100\n|\n|upkeep\n|\n|t:|1682464568\n|switch|p1b: Iron Bundle|Iron Bundle, L50|100\/100\n|turn|2\n|\n|t:|1682464580\n|move|p2b: RicFlair|Protect|p2b: RicFlair\n|-singleturn|p2b: RicFlair|Protect\n|move|p2a: Ed Edd Eddy|Tailwind|p2a: Ed Edd Eddy\n|-sidestart|p2: supaflytnt|move: Tailwind\n|move|p1b: Iron Bundle|Icy Wind|p2b: RicFlair|[spread] p2a\n|-activate|p2b: RicFlair|move: Protect\n|-supereffective|p2a: Ed Edd Eddy\n|-damage|p2a: Ed Edd Eddy|50\/100\n|-unboost|p2a: Ed Edd Eddy|spe|1\n|move|p1a: Gholdengo|Make It Rain|p2a: Ed Edd Eddy|[spread] p2a\n|-activate|p2b: RicFlair|move: Protect\n|-damage|p2a: Ed Edd Eddy|0 fnt\n|-unboost|p1a: Gholdengo|spa|1\n|faint|p2a: Ed Edd Eddy\n|-end|p2a: Ed Edd Eddy|Quark Drive|[silent]\n|\n|upkeep\n|\n|t:|1682464602\n|switch|p2a: Neiman|Armarouge, L50, F|100\/100\n|turn|3\n|\n|t:|1682464642\n|-terastallize|p2a: Neiman|Grass\n|-terastallize|p1a: Gholdengo|Water\n|move|p1b: Iron Bundle|Protect|p1b: Iron Bundle\n|-singleturn|p1b: Iron Bundle|Protect\n|move|p2b: RicFlair|Leaf Blade|p1b: Iron Bundle\n|-activate|p1b: Iron Bundle|move: Protect\n|move|p2a: Neiman|Armor Cannon|p1a: Gholdengo\n|-resisted|p1a: Gholdengo\n|-damage|p1a: Gholdengo|35\/100\n|-unboost|p2a: Neiman|def|1\n|-unboost|p2a: Neiman|spd|1\n|-damage|p2a: Neiman|91\/100|[from] item: Life Orb\n|move|p1a: Gholdengo|Shadow Ball|p2b: RicFlair\n|-supereffective|p2b: RicFlair\n|-damage|p2b: RicFlair|0 fnt\n|faint|p2b: RicFlair\n|\n|upkeep\n|\n|t:|1682464659\n|switch|p2b: Queen Dedede|Indeedee-F, L50, F|100\/100\n|-fieldstart|move: Psychic Terrain|[from] ability: Psychic Surge|[of] p2b: Queen Dedede\n|turn|4\n|\n|t:|1682464674\n|move|p1a: Gholdengo|Protect|p1a: Gholdengo\n|-singleturn|p1a: Gholdengo|Protect\n|move|p2a: Neiman|Expanding Force|p1a: Gholdengo|[spread] p1b\n|-activate|p1a: Gholdengo|move: Protect\n|-enditem|p1b: Iron Bundle|Focus Sash\n|-damage|p1b: Iron Bundle|1\/100\n|-damage|p2a: Neiman|81\/100|[from] item: Life Orb\n|move|p2b: Queen Dedede|Dazzling Gleam|p1b: Iron Bundle|[spread] p1b\n|-activate|p1a: Gholdengo|move: Protect\n|-damage|p1b: Iron Bundle|0 fnt\n|faint|p1b: Iron Bundle\n|-end|p1b: Iron Bundle|Quark Drive|[silent]\n|\n|upkeep\n|\n|t:|1682464683\n|switch|p1b: Roaring Moon|Roaring Moon, L50|100\/100\n|-enditem|p1b: Roaring Moon|Booster Energy\n|-activate|p1b: Roaring Moon|ability: Protosynthesis|[fromitem]\n|-start|p1b: Roaring Moon|protosynthesisatk\n|turn|5\n|\n|t:|1682464705\n|move|p2a: Neiman|Aura Sphere|p1b: Roaring Moon\n|-supereffective|p1b: Roaring Moon\n|-damage|p1b: Roaring Moon|42\/100\n|-damage|p2a: Neiman|71\/100|[from] item: Life Orb\n|move|p2b: Queen Dedede|Dazzling Gleam|p1b: Roaring Moon|[spread] p1a,p1b\n|-supereffective|p1b: Roaring Moon\n|-damage|p1a: Gholdengo|24\/100\n|-damage|p1b: Roaring Moon|0 fnt\n|faint|p1b: Roaring Moon\n|-end|p1b: Roaring Moon|Protosynthesis|[silent]\n|move|p1a: Gholdengo|Make It Rain|p2a: Neiman|[spread] p2a,p2b\n|-damage|p2a: Neiman|10\/100\n|-damage|p2b: Queen Dedede|69\/100\n|-unboost|p1a: Gholdengo|spa|1\n|\n|-sideend|p2: supaflytnt|move: Tailwind\n|upkeep\n|turn|6\n|\n|t:|1682464740\n|move|p2a: Neiman|Protect|p2a: Neiman\n|-singleturn|p2a: Neiman|Protect\n|move|p1a: Gholdengo|Make It Rain|p2b: Queen Dedede|[spread] p2b\n|-activate|p2a: Neiman|move: Protect\n|-damage|p2b: Queen Dedede|49\/100\n|-unboost|p1a: Gholdengo|spa|1\n|move|p2b: Queen Dedede|Trick Room|p2b: Queen Dedede\n|-fieldstart|move: Trick Room|[of] p2b: Queen Dedede\n|\n|upkeep\n|turn|7\n|\n|t:|1682464754\n|move|p2b: Queen Dedede|Dazzling Gleam|p1a: Gholdengo\n|-damage|p1a: Gholdengo|7\/100\n|move|p2a: Neiman|Expanding Force|p1a: Gholdengo\n|-damage|p1a: Gholdengo|0 fnt\n|faint|p1a: Gholdengo\n|-damage|p2a: Neiman|0 fnt|[from] item: Life Orb\n|faint|p2a: Neiman\n|\n|win|supaflytnt\n|raw|Tiplaf's rating: 1187 → 1165<\/strong> (-22 for losing)\n|raw|supaflytnt's rating: 1227 → 1249<\/strong> (+22 for winning)\n|l|\u2606Tiplaf\n","uploadtime":1682464784,"views":18,"p1id":"tiplaf","p2id":"supaflytnt","formatid":"gen9vgc2023regulationc","rating":1165,"private":0,"password":""}