{"id":"gen9vgc2023regulationc-1854572080","p1":"u got dirged","p2":"TrickxsXD","format":"[Gen 9] VGC 2023 Regulation C","log":"|j|\u2606u got dirged\n|j|\u2606TrickxsXD\n|t:|1682828882\n|gametype|doubles\n|player|p1|u got dirged|flannery|1129\n|player|p2|TrickxsXD|hilbert|1180\n|teamsize|p1|6\n|teamsize|p2|6\n|gen|9\n|tier|[Gen 9] VGC 2023 Regulation C\n|rated|\n|rule|Species Clause: Limit one of each Pok\u00e9mon\n|rule|Item Clause: Limit one of each item\n|clearpoke\n|poke|p1|Scream Tail, L50|\n|poke|p1|Baxcalibur, L50, M|\n|poke|p1|Iron Hands, L50|\n|poke|p1|Corviknight, L50, F|\n|poke|p1|Flutter Mane, L50|\n|poke|p1|Tauros-Paldea-Aqua, L50, M|\n|poke|p2|Chien-Pao, L50|\n|poke|p2|Palafin, L50, M|\n|poke|p2|Annihilape, L50, M|\n|poke|p2|Flutter Mane, L50|\n|poke|p2|Chi-Yu, L50|\n|poke|p2|Amoonguss, L50, F|\n|teampreview|4\nu got dirged has agreed to open team sheets.\nTrickxsXD rejected open team sheets.\n|inactive|Battle timer is ON: inactive players will automatically lose when time's up. (requested by TrickxsXD)\n|\n|t:|1682828950\n|start\n|switch|p1a: Scream Tail|Scream Tail, L50, shiny|100\/100\n|switch|p1b: Iron Hands|Iron Hands, L50|100\/100\n|switch|p2a: Annihilape|Annihilape, L50, M|100\/100\n|switch|p2b: Palafin|Palafin, L50, M|100\/100\n|-enditem|p1a: Scream Tail|Booster Energy\n|-activate|p1a: Scream Tail|ability: Protosynthesis|[fromitem]\n|-start|p1a: Scream Tail|protosynthesisspe\n|turn|1\n|inactive|u got dirged has 30 seconds left.\n|inactive|TrickxsXD has 30 seconds left.\n|\n|t:|1682828982\n|detailschange|p2b: Palafin|Palafin-Hero, L50, M\n|switch|p2b: Amoonguss|Amoonguss, L50, F|100\/100\n|move|p2a: Annihilape|Protect|p2a: Annihilape\n|-singleturn|p2a: Annihilape|Protect\n|move|p1a: Scream Tail|Howl|p1a: Scream Tail|[spread] p1a,p1b\n|-boost|p1a: Scream Tail|atk|1\n|-boost|p1b: Iron Hands|atk|1\n|move|p1b: Iron Hands|Wild Charge|p2b: Amoonguss\n|-resisted|p2b: Amoonguss\n|-damage|p2b: Amoonguss|63\/100\n|-damage|p1b: Iron Hands|92\/100|[from] Recoil\n|\n|upkeep\n|turn|2\n|\n|t:|1682829001\n|move|p2a: Annihilape|Protect||[still]\n|-fail|p2a: Annihilape\n|move|p1a: Scream Tail|Encore|p2a: Annihilape\n|-start|p2a: Annihilape|Encore\n|move|p1b: Iron Hands|Volt Switch|p2b: Amoonguss\n|-resisted|p2b: Amoonguss\n|-damage|p2b: Amoonguss|58\/100\n|\n|t:|1682829012\n|-end|p1b: Iron Hands|Quark Drive|[silent]\n|switch|p1b: Corviknight|Corviknight, L50, F, shiny|100\/100|[from] Volt Switch\n|move|p2b: Amoonguss|Spore|p1a: Scream Tail\n|-status|p1a: Scream Tail|slp|[from] move: Spore\n|\n|upkeep\n|turn|3\n|inactive|TrickxsXD has 30 seconds left.\n|\n|t:|1682829040\n|switch|p2a: Palafin|Palafin-Hero, L50, M|100\/100\n|-activate|p2a: Palafin|ability: Zero to Hero\n|cant|p1a: Scream Tail|slp\n|move|p1b: Corviknight|Brave Bird|p2b: Amoonguss\n|-supereffective|p2b: Amoonguss\n|-damage|p2b: Amoonguss|0 fnt\n|faint|p2b: Amoonguss\n|-damage|p1b: Corviknight|80\/100|[from] Recoil\n|\n|upkeep\n|\n|t:|1682829043\n|switch|p2b: Annihilape|Annihilape, L50, M|100\/100\n|turn|4\n|inactive|u got dirged has 30 seconds left.\n|inactive|u got dirged has 20 seconds left.\n|inactive|u got dirged has 15 seconds left.\n|\n|t:|1682829087\n|-terastallize|p1a: Scream Tail|Water\n|-terastallize|p2b: Annihilape|Fire\n|-curestatus|p1a: Scream Tail|slp|[msg]\n|move|p1a: Scream Tail|Howl|p1a: Scream Tail|[spread] p1a,p1b\n|-boost|p1a: Scream Tail|atk|1\n|-boost|p1b: Corviknight|atk|1\n|move|p2a: Palafin|Wave Crash|p1a: Scream Tail\n|-resisted|p1a: Scream Tail\n|-damage|p1a: Scream Tail|63\/100\n|-damage|p2a: Palafin|86\/100|[from] Recoil\n|move|p2b: Annihilape|Bulk Up|p2b: Annihilape\n|-boost|p2b: Annihilape|atk|1\n|-boost|p2b: Annihilape|def|1\n|move|p1b: Corviknight|Tailwind|p1b: Corviknight\n|-sidestart|p1: u got dirged|move: Tailwind\n|\n|upkeep\n|turn|5\n|inactive|TrickxsXD has 30 seconds left.\n|inactive|TrickxsXD has 20 seconds left.\n|inactive|TrickxsXD has 15 seconds left.\n|inactive|TrickxsXD has 10 seconds left.\n|\n|t:|1682829137\n|move|p1a: Scream Tail|Encore|p2b: Annihilape\n|-start|p2b: Annihilape|Encore\n|move|p1b: Corviknight|Brave Bird|p2a: Palafin\n|-damage|p2a: Palafin|32\/100\n|-damage|p1b: Corviknight|62\/100|[from] Recoil\n|move|p2a: Palafin|Wave Crash|p1b: Corviknight\n|-damage|p1b: Corviknight|0 fnt\n|faint|p1b: Corviknight\n|-damage|p2a: Palafin|11\/100|[from] Recoil\n|move|p2b: Annihilape|Bulk Up|p2b: Annihilape\n|-boost|p2b: Annihilape|atk|1\n|-boost|p2b: Annihilape|def|1\n|\n|upkeep\n|\n|t:|1682829153\n|switch|p1b: Tauros|Tauros-Paldea-Aqua, L50, M|100\/100\n|-ability|p1b: Tauros|Intimidate|boost\n|-unboost|p2a: Palafin|atk|1\n|-unboost|p2b: Annihilape|atk|1\n|-ability|p2b: Annihilape|Defiant|boost\n|-boost|p2b: Annihilape|atk|2\n|turn|6\n|inactive|u got dirged has 30 seconds left.\n|\n|t:|1682829183\n|move|p1a: Scream Tail|Howl|p1a: Scream Tail|[spread] p1a,p1b\n|-boost|p1a: Scream Tail|atk|1\n|-boost|p1b: Tauros|atk|1\n|move|p1b: Tauros|Wave Crash|p2a: Palafin\n|-resisted|p2a: Palafin\n|-damage|p2a: Palafin|0 fnt\n|faint|p2a: Palafin\n|-damage|p1b: Tauros|96\/100|[from] Recoil\n|move|p2b: Annihilape|Bulk Up|p2b: Annihilape\n|-boost|p2b: Annihilape|atk|1\n|-boost|p2b: Annihilape|def|1\n|\n|upkeep\n|\n|t:|1682829189\n|switch|p2a: Flutter Mane|Flutter Mane, L50|100\/100\n|-enditem|p2a: Flutter Mane|Booster Energy\n|-activate|p2a: Flutter Mane|ability: Protosynthesis|[fromitem]\n|-start|p2a: Flutter Mane|protosynthesisspa\n|turn|7\n|inactive|u got dirged has 30 seconds left.\n|inactive|u got dirged has 20 seconds left.\n|inactive|u got dirged has 15 seconds left.\n|\n|t:|1682829233\n|move|p2a: Flutter Mane|Protect|p2a: Flutter Mane\n|-singleturn|p2a: Flutter Mane|Protect\n|move|p1a: Scream Tail|Howl|p1a: Scream Tail|[spread] p1a,p1b\n|-boost|p1a: Scream Tail|atk|1\n|-boost|p1b: Tauros|atk|1\n|move|p1b: Tauros|Wave Crash|p2a: Flutter Mane\n|-activate|p2a: Flutter Mane|move: Protect\n|move|p2b: Annihilape|Bulk Up|p2b: Annihilape\n|-boost|p2b: Annihilape|atk|1\n|-boost|p2b: Annihilape|def|1\n|\n|-end|p2b: Annihilape|Encore\n|-sideend|p1: u got dirged|move: Tailwind\n|upkeep\n|turn|8\n|inactive|u got dirged has 30 seconds left.\n|inactive|TrickxsXD has 30 seconds left.\n|inactive|TrickxsXD has 20 seconds left.\n|\n|t:|1682829278\n|move|p1a: Scream Tail|Encore|p2a: Flutter Mane\n|-start|p2a: Flutter Mane|Encore\n|move|p2a: Flutter Mane|Protect|p2a: Flutter Mane\n|-singleturn|p2a: Flutter Mane|Protect\n|move|p1b: Tauros|Wave Crash|p2b: Annihilape\n|-supereffective|p2b: Annihilape\n|-damage|p2b: Annihilape|20\/100\n|-damage|p1b: Tauros|59\/100|[from] Recoil\n|move|p2b: Annihilape|Rage Fist|p1b: Tauros\n|-damage|p1b: Tauros|0 fnt\n|faint|p1b: Tauros\n|\n|-heal|p2b: Annihilape|27\/100|[from] item: Leftovers\n|upkeep\n|\n|t:|1682829287\n|switch|p1b: Iron Hands|Iron Hands, L50|92\/100\n|turn|9\n|\n|t:|1682829303\n|move|p2a: Flutter Mane|Protect||[still]\n|-fail|p2a: Flutter Mane\n|move|p1b: Iron Hands|Fake Out|p2b: Annihilape\n|-crit|p2b: Annihilape\n|-damage|p2b: Annihilape|1\/100\n|move|p1a: Scream Tail|Disable|p2b: Annihilape\n|-start|p2b: Annihilape|Disable|Rage Fist\n|cant|p2b: Annihilape|flinch\n|\n|-heal|p2b: Annihilape|7\/100|[from] item: Leftovers\n|upkeep\n|turn|10\n|\n|t:|1682829324\n|move|p2a: Flutter Mane|Protect|p2a: Flutter Mane\n|-singleturn|p2a: Flutter Mane|Protect\n|move|p1a: Scream Tail|Encore|p2b: Annihilape\n|-start|p2b: Annihilape|Encore\n|cant|p2b: Annihilape|Disable|Rage Fist\n|move|p1b: Iron Hands|Wild Charge|p2b: Annihilape\n|-damage|p2b: Annihilape|0 fnt\n|faint|p2b: Annihilape\n|-damage|p1b: Iron Hands|90\/100|[from] Recoil\n|\n|-end|p2a: Flutter Mane|Encore\n|upkeep\n|turn|11\n|\n|t:|1682829337\n|move|p1a: Scream Tail|Encore|p2a: Flutter Mane\n|-start|p2a: Flutter Mane|Encore\n|move|p2a: Flutter Mane|Protect||[still]\n|-fail|p2a: Flutter Mane\n|move|p1b: Iron Hands|Wild Charge|p2a: Flutter Mane\n|-damage|p2a: Flutter Mane|23\/100\n|-damage|p1b: Iron Hands|77\/100|[from] Recoil\n|\n|upkeep\n|turn|12\n|-message|TrickxsXD forfeited.\n|\n|win|u got dirged\n|raw|u got dirged's rating: 1129 → 1158<\/strong> (+29 for winning)\n|raw|TrickxsXD's rating: 1180 → 1151<\/strong> (-29 for losing)\n|l|\u2606TrickxsXD\n","uploadtime":1682829351,"views":9,"p1id":"ugotdirged","p2id":"trickxsxd","formatid":"gen9vgc2023regulationc","rating":1151,"private":0,"password":""}