{"id":"gen9vgc2023regulationc-1847049826","p1":"tukeydukey","p2":"0l0f3rn3","format":"[Gen 9] VGC 2023 Regulation C","log":"|j|\u2606tukeydukey\n|j|\u26060l0f3rn3\n|t:|1681914865\n|gametype|doubles\n|player|p1|tukeydukey|elesa|1114\n|player|p2|0l0f3rn3|101|1018\n|teamsize|p1|6\n|teamsize|p2|6\n|gen|9\n|tier|[Gen 9] VGC 2023 Regulation C\n|rated|\n|rule|Species Clause: Limit one of each Pok\u00e9mon\n|rule|Item Clause: Limit one of each item\n|clearpoke\n|poke|p1|Pelipper, L50, F|\n|poke|p1|Palafin, L50, F|\n|poke|p1|Glimmora, L50, F|\n|poke|p1|Wo-Chien, L50|\n|poke|p1|Flutter Mane, L50|\n|poke|p1|Rotom-Wash, L50|\n|poke|p2|Torkoal, L50, F|\n|poke|p2|Flutter Mane, L50|\n|poke|p2|Lilligant, L50, F|\n|poke|p2|Scizor, L50, F|\n|poke|p2|Brute Bonnet, L50|\n|poke|p2|Farigiraf, L50, M|\n|teampreview|4\n|inactive|Battle timer is ON: inactive players will automatically lose when time's up. (requested by tukeydukey)\n|inactive|0l0f3rn3 has 60 seconds left.\n|inactive|0l0f3rn3 has 30 seconds left.\n|inactive|0l0f3rn3 has 20 seconds left.\n|inactive|0l0f3rn3 has 15 seconds left.\n|inactive|0l0f3rn3 has 10 seconds left.\n|\n|t:|1681914963\n|start\n|switch|p1a: Palafin|Palafin, L50, F|100\/100\n|switch|p1b: Glimmora|Glimmora, L50, F|100\/100\n|switch|p2a: Brute Bonnet|Brute Bonnet, L50|100\/100\n|switch|p2b: Farigiraf|Farigiraf, L50, M|100\/100\n|turn|1\n|inactive|tukeydukey has 30 seconds left.\n|inactive|0l0f3rn3 has 30 seconds left.\n|inactive|tukeydukey has 20 seconds left.\n|\n|t:|1681915000\n|-terastallize|p1b: Glimmora|Grass\n|move|p1a: Palafin|Protect|p1a: Palafin\n|-singleturn|p1a: Palafin|Protect\n|move|p1b: Glimmora|Sludge Bomb|p2a: Brute Bonnet\n|-supereffective|p2a: Brute Bonnet\n|-damage|p2a: Brute Bonnet|26\/100\n|move|p2b: Farigiraf|Psyshock|p1b: Glimmora\n|-damage|p1b: Glimmora|62\/100\n|move|p2a: Brute Bonnet|Close Combat|p1a: Palafin\n|-activate|p1a: Palafin|move: Protect\n|\n|upkeep\n|turn|2\n|inactive|tukeydukey has 30 seconds left.\n|inactive|tukeydukey has 20 seconds left.\n|\n|t:|1681915039\n|detailschange|p1a: Palafin|Palafin-Hero, L50, F\n|switch|p1a: Pelipper|Pelipper, L50, F|100\/100\n|-weather|RainDance|[from] ability: Drizzle|[of] p1a: Pelipper\n|move|p1b: Glimmora|Spiky Shield|p1b: Glimmora\n|-singleturn|p1b: Glimmora|move: Protect\n|move|p2a: Brute Bonnet|Sucker Punch||[still]\n|-fail|p2a: Brute Bonnet\n|move|p2b: Farigiraf|Trick Room|p2b: Farigiraf\n|-fieldstart|move: Trick Room|[of] p2b: Farigiraf\n|\n|-weather|RainDance|[upkeep]\n|upkeep\n|turn|3\n|\n|t:|1681915063\n|move|p1a: Pelipper|Protect|p1a: Pelipper\n|-singleturn|p1a: Pelipper|Protect\n|move|p2a: Brute Bonnet|Close Combat|p1b: Glimmora\n|-damage|p1b: Glimmora|11\/100\n|-unboost|p2a: Brute Bonnet|def|1\n|-unboost|p2a: Brute Bonnet|spd|1\n|-activate|p1b: Glimmora|ability: Toxic Debris\n|-sidestart|p2: 0l0f3rn3|move: Toxic Spikes\n|move|p2b: Farigiraf|Psyshock|p1a: Pelipper\n|-activate|p1a: Pelipper|move: Protect\n|move|p1b: Glimmora|Mortal Spin|p2a: Brute Bonnet|[spread] p2a,p2b\n|-supereffective|p2a: Brute Bonnet\n|-damage|p2a: Brute Bonnet|15\/100\n|-damage|p2b: Farigiraf|96\/100\n|-status|p2a: Brute Bonnet|psn\n|-enditem|p2a: Brute Bonnet|Lum Berry|[eat]\n|-curestatus|p2a: Brute Bonnet|psn|[msg]\n|-status|p2b: Farigiraf|psn\n|\n|-weather|RainDance|[upkeep]\n|-damage|p2b: Farigiraf|83\/100 psn|[from] psn\n|upkeep\n|turn|4\n|inactive|tukeydukey has 30 seconds left.\n|inactive|0l0f3rn3 has 30 seconds left.\n|inactive|tukeydukey has 20 seconds left.\n|inactive|tukeydukey has 15 seconds left.\n|\n|t:|1681915106\n|switch|p1b: Rotom|Rotom-Wash, L50|100\/100\n|-terastallize|p2a: Brute Bonnet|Rock\n|move|p2a: Brute Bonnet|Tera Blast|p1a: Pelipper\n|-supereffective|p1a: Pelipper\n|-damage|p1a: Pelipper|0 fnt\n|faint|p1a: Pelipper\n|move|p2b: Farigiraf|Psyshock|p1b: Rotom\n|-damage|p1b: Rotom|66\/100\n|\n|-weather|RainDance|[upkeep]\n|-damage|p2b: Farigiraf|71\/100 psn|[from] psn\n|upkeep\n|\n|t:|1681915116\n|switch|p1a: Glimmora|Glimmora, L50, F, tera:Grass|11\/100\n|turn|5\n|\n|t:|1681915140\n|move|p1a: Glimmora|Spiky Shield|p1a: Glimmora\n|-singleturn|p1a: Glimmora|move: Protect\n|move|p2a: Brute Bonnet|Close Combat|p1b: Rotom\n|-damage|p1b: Rotom|20\/100\n|-unboost|p2a: Brute Bonnet|def|1\n|-unboost|p2a: Brute Bonnet|spd|1\n|-enditem|p1b: Rotom|Sitrus Berry|[eat]\n|-heal|p1b: Rotom|44\/100|[from] item: Sitrus Berry\n|move|p2b: Farigiraf|Psyshock|p1a: Glimmora\n|-activate|p1a: Glimmora|move: Protect\n|move|p1b: Rotom|Thunderbolt|p2a: Brute Bonnet\n|-damage|p2a: Brute Bonnet|0 fnt\n|faint|p2a: Brute Bonnet\n|-end|p2a: Brute Bonnet|Protosynthesis|[silent]\n|\n|-weather|RainDance|[upkeep]\n|-damage|p2b: Farigiraf|58\/100 psn|[from] psn\n|upkeep\n|\n|t:|1681915159\n|switch|p2a: Torkoal|Torkoal, L50, F|100\/100\n|-status|p2a: Torkoal|psn\n|-weather|SunnyDay|[from] ability: Drought|[of] p2a: Torkoal\n|turn|6\n|inactive|tukeydukey has 30 seconds left.\n|\n|t:|1681915189\n|switch|p1a: Palafin|Palafin-Hero, L50, F|100\/100\n|-activate|p1a: Palafin|ability: Zero to Hero\n|move|p2a: Torkoal|Eruption|p1b: Rotom|[spread] p1a,p1b\n|-resisted|p1a: Palafin\n|-resisted|p1b: Rotom\n|-damage|p1a: Palafin|71\/100\n|-damage|p1b: Rotom|12\/100\n|move|p2b: Farigiraf|Psyshock|p1b: Rotom\n|-crit|p1b: Rotom\n|-damage|p1b: Rotom|0 fnt\n|faint|p1b: Rotom\n|\n|-weather|SunnyDay|[upkeep]\n|-damage|p2a: Torkoal|88\/100 psn|[from] psn\n|-damage|p2b: Farigiraf|46\/100 psn|[from] psn\n|-fieldend|move: Trick Room\n|upkeep\n|\n|t:|1681915199\n|switch|p1b: Glimmora|Glimmora, L50, F, tera:Grass|11\/100\n|turn|7\n|\n|t:|1681915217\n|move|p1b: Glimmora|Power Gem|p2a: Torkoal\n|-supereffective|p2a: Torkoal\n|-damage|p2a: Torkoal|14\/100 psn\n|move|p1a: Palafin|Wave Crash|p2b: Farigiraf\n|-damage|p2b: Farigiraf|2\/100 psn\n|-damage|p1a: Palafin|57\/100|[from] Recoil\n|move|p2a: Torkoal|Body Press|p1b: Glimmora\n|-damage|p1b: Glimmora|0 fnt\n|-activate|p1b: Glimmora|ability: Toxic Debris\n|-sidestart|p2: 0l0f3rn3|move: Toxic Spikes\n|faint|p1b: Glimmora\n|move|p2b: Farigiraf|Trick Room|p2b: Farigiraf\n|-fieldstart|move: Trick Room|[of] p2b: Farigiraf\n|\n|-weather|SunnyDay|[upkeep]\n|-damage|p2a: Torkoal|1\/100 psn|[from] psn\n|-damage|p2b: Farigiraf|0 fnt|[from] psn\n|faint|p2b: Farigiraf\n|upkeep\n|\n|t:|1681915232\n|switch|p2b: Scizor|Scizor, L50, F|100\/100\n|turn|8\n|inactive|0l0f3rn3 has 30 seconds left.\n|\n|t:|1681915259\n|move|p1a: Palafin|Protect|p1a: Palafin\n|-singleturn|p1a: Palafin|Protect\n|move|p2a: Torkoal|Solar Beam||[still]\n|-prepare|p2a: Torkoal|Solar Beam\n|-anim|p2a: Torkoal|Solar Beam|p1a: Palafin\n|-activate|p1a: Palafin|move: Protect\n|move|p2b: Scizor|Pounce|p1a: Palafin\n|-activate|p1a: Palafin|move: Protect\n|\n|-weather|SunnyDay|[upkeep]\n|-damage|p2a: Torkoal|0 fnt|[from] psn\n|faint|p2a: Torkoal\n|upkeep\n|turn|9\n|\n|t:|1681915275\n|move|p2b: Scizor|Protect|p2b: Scizor\n|-singleturn|p2b: Scizor|Protect\n|move|p1a: Palafin|Jet Punch|p2b: Scizor\n|-activate|p2b: Scizor|move: Protect\n|\n|-weather|SunnyDay|[upkeep]\n|upkeep\n|turn|10\n|\n|t:|1681915283\n|move|p1a: Palafin|Protect|p1a: Palafin\n|-singleturn|p1a: Palafin|Protect\n|move|p2b: Scizor|Pounce|p1a: Palafin\n|-activate|p1a: Palafin|move: Protect\n|\n|-weather|none\n|upkeep\n|turn|11\n|\n|t:|1681915292\n|move|p1a: Palafin|Jet Punch|p2b: Scizor\n|-damage|p2b: Scizor|47\/100\n|move|p2b: Scizor|Pounce|p1a: Palafin\n|-damage|p1a: Palafin|23\/100\n|-unboost|p1a: Palafin|spe|1\n|\n|-fieldend|move: Trick Room\n|upkeep\n|turn|12\n|\n|t:|1681915311\n|move|p2b: Scizor|Bullet Punch|p1a: Palafin\n|-resisted|p1a: Palafin\n|-damage|p1a: Palafin|8\/100\n|move|p1a: Palafin|Jet Punch|p2b: Scizor\n|-damage|p2b: Scizor|0 fnt\n|faint|p2b: Scizor\n|\n|win|tukeydukey\n|raw|tukeydukey's rating: 1114 → 1132<\/strong> (+18 for winning)\n|raw|0l0f3rn3's rating: 1018 → 1009<\/strong> (-9 for losing)\n|l|\u26060l0f3rn3\n","uploadtime":1681915332,"views":7,"p1id":"tukeydukey","p2id":"0l0f3rn3","formatid":"gen9vgc2023regulationc","rating":1009,"private":0,"password":""}