{"id":"gen9vgc2023regulationc-1849896772","p1":"Dunkler Georg","p2":"InkVG","format":"[Gen 9] VGC 2023 Regulation C","log":"|j|\u2606Dunkler Georg\n|j|\u2606InkVG\n|t:|1682265706\n|gametype|doubles\n|player|p1|Dunkler Georg|lance-gen2|\n|player|p2|InkVG|#inkvg|\n|teamsize|p1|6\n|teamsize|p2|6\n|gen|9\n|tier|[Gen 9] VGC 2023 Regulation C\n|rule|Species Clause: Limit one of each Pok\u00e9mon\n|rule|Item Clause: Limit one of each item\n|clearpoke\n|poke|p1|Talonflame, L50, F|\n|poke|p1|Iron Bundle, L50|\n|poke|p1|Iron Hands, L50|\n|poke|p1|Gholdengo, L50|\n|poke|p1|Garchomp, L50, F|\n|poke|p1|Chien-Pao, L50|\n|poke|p2|Iron Bundle, L50|\n|poke|p2|Chi-Yu, L50|\n|poke|p2|Great Tusk, L50|\n|poke|p2|Dragonite, L50, M|\n|poke|p2|Kingambit, L50, M|\n|poke|p2|Amoonguss, L50, F|\n|teampreview|4\n|c|\u2606InkVG|g2\nInkVG has agreed to open team sheets.\nDunkler Georg has agreed to open team sheets.\n|j| Kiyonamivgc\n|j| SnorlaxatemyDimSum\n|j| SeaSoil\n|j| Axior\n|c|\u2606Dunkler Georg|glhf\n|c|\u2606InkVG|u2\n|j| pokeway96\n|j| globaleuitdaging\n|\n|t:|1682266062\n|start\n|switch|p1a: Talonflame|Talonflame, L50, F|100\/100\n|switch|p1b: Garchomp|Garchomp, L50, F|100\/100\n|switch|p2a: Iron Bundle|Iron Bundle, L50|100\/100\n|switch|p2b: Dragonite|Dragonite, L50, M|100\/100\n|-enditem|p2a: Iron Bundle|Booster Energy\n|-activate|p2a: Iron Bundle|ability: Quark Drive|[fromitem]\n|-start|p2a: Iron Bundle|quarkdrivespe\n|turn|1\n|j| duckpond\n|\n|t:|1682266115\n|-terastallize|p1b: Garchomp|Fire\n|move|p1a: Talonflame|Tailwind|p1a: Talonflame\n|-sidestart|p1: Dunkler Georg|move: Tailwind\n|move|p1b: Garchomp|Rock Slide|p2a: Iron Bundle|[spread] p2a,p2b\n|-supereffective|p2a: Iron Bundle\n|-supereffective|p2b: Dragonite\n|-damage|p2a: Iron Bundle|35\/100\n|-damage|p2b: Dragonite|74\/100\n|-damage|p1b: Garchomp|91\/100|[from] item: Life Orb\n|cant|p2a: Iron Bundle|flinch\n|move|p2b: Dragonite|Dragon Dance|p2b: Dragonite\n|-boost|p2b: Dragonite|atk|1\n|-boost|p2b: Dragonite|spe|1\n|\n|upkeep\n|turn|2\n|j| cyan_vg\n|\n|t:|1682266148\n|-end|p2a: Iron Bundle|Quark Drive|[silent]\n|switch|p2a: Amoonguss|Amoonguss, L50, F|100\/100\n|move|p2b: Dragonite|Protect|p2b: Dragonite\n|-singleturn|p2b: Dragonite|Protect\n|move|p1a: Talonflame|Brave Bird|p2b: Dragonite\n|-activate|p2b: Dragonite|move: Protect\n|move|p1b: Garchomp|Rock Slide|p2a: Amoonguss|[spread] p2a\n|-activate|p2b: Dragonite|move: Protect\n|-damage|p2a: Amoonguss|80\/100\n|-damage|p1b: Garchomp|81\/100|[from] item: Life Orb\n|\n|upkeep\n|turn|3\n|j| toilet friend\n|\n|t:|1682266171\n|-terastallize|p2b: Dragonite|Flying\n|move|p1a: Talonflame|Taunt|p2a: Amoonguss\n|-start|p2a: Amoonguss|move: Taunt\n|move|p1b: Garchomp|Rock Slide|p2a: Amoonguss|[spread] p2a,p2b\n|-supereffective|p2b: Dragonite\n|-damage|p2a: Amoonguss|59\/100\n|-damage|p2b: Dragonite|29\/100\n|-damage|p1b: Garchomp|72\/100|[from] item: Life Orb\n|cant|p2b: Dragonite|flinch\n|move|p2a: Amoonguss|Pollen Puff|p2b: Dragonite\n|-heal|p2b: Dragonite|79\/100\n|\n|upkeep\n|turn|4\n|\n|t:|1682266205\n|move|p2b: Dragonite|Protect|p2b: Dragonite\n|-singleturn|p2b: Dragonite|Protect\n|move|p1a: Talonflame|Brave Bird|p2b: Dragonite\n|-activate|p2b: Dragonite|move: Protect\n|move|p1b: Garchomp|Rock Slide|p2b: Dragonite|[spread] p2a\n|-activate|p2b: Dragonite|move: Protect\n|-damage|p2a: Amoonguss|37\/100\n|-enditem|p2a: Amoonguss|Sitrus Berry|[eat]\n|-heal|p2a: Amoonguss|62\/100|[from] item: Sitrus Berry\n|-damage|p1b: Garchomp|62\/100|[from] item: Life Orb\n|move|p2a: Amoonguss|Pollen Puff|p1a: Talonflame\n|-resisted|p1a: Talonflame\n|-damage|p1a: Talonflame|95\/100\n|\n|-sideend|p1: Dunkler Georg|move: Tailwind\n|upkeep\n|turn|5\n|\n|t:|1682266256\n|move|p1a: Talonflame|Tailwind|p1a: Talonflame\n|-sidestart|p1: Dunkler Georg|move: Tailwind\n|move|p1b: Garchomp|Rock Slide|p2b: Dragonite|[spread] p2a,p2b\n|-supereffective|p2b: Dragonite\n|-damage|p2a: Amoonguss|39\/100\n|-damage|p2b: Dragonite|32\/100\n|-damage|p1b: Garchomp|53\/100|[from] item: Life Orb\n|move|p2b: Dragonite|Tera Blast|p1b: Garchomp\n|-damage|p1b: Garchomp|0 fnt\n|faint|p1b: Garchomp\n|move|p2a: Amoonguss|Pollen Puff|p2b: Dragonite\n|-heal|p2b: Dragonite|82\/100\n|\n|-end|p2a: Amoonguss|move: Taunt\n|upkeep\n|\n|t:|1682266265\n|switch|p1b: Chien-Pao|Chien-Pao, L50|100\/100\n|-ability|p1b: Chien-Pao|Sword of Ruin\n|turn|6\n|\n|t:|1682266278\n|move|p2b: Dragonite|Protect|p2b: Dragonite\n|-singleturn|p2b: Dragonite|Protect\n|move|p2a: Amoonguss|Protect|p2a: Amoonguss\n|-singleturn|p2a: Amoonguss|Protect\n|move|p1b: Chien-Pao|Ice Spinner|p2b: Dragonite\n|-activate|p2b: Dragonite|move: Protect\n|move|p1a: Talonflame|Brave Bird|p2a: Amoonguss\n|-activate|p2a: Amoonguss|move: Protect\n|\n|upkeep\n|turn|7\n|\n|t:|1682266293\n|move|p2a: Amoonguss|Rage Powder|p2a: Amoonguss\n|-singleturn|p2a: Amoonguss|move: Rage Powder\n|move|p1b: Chien-Pao|Ice Spinner|p2a: Amoonguss\n|-supereffective|p2a: Amoonguss\n|-damage|p2a: Amoonguss|0 fnt\n|faint|p2a: Amoonguss\n|move|p1a: Talonflame|Brave Bird|p2b: Dragonite\n|-damage|p2b: Dragonite|39\/100\n|-damage|p1a: Talonflame|80\/100|[from] Recoil\n|move|p2b: Dragonite|Tera Blast|p1b: Chien-Pao\n|-enditem|p1b: Chien-Pao|Focus Sash\n|-damage|p1b: Chien-Pao|1\/100\n|\n|upkeep\n|\n|t:|1682266297\n|switch|p2a: Iron Bundle|Iron Bundle, L50|35\/100\n|turn|8\n|\n|t:|1682266350\n|move|p2b: Dragonite|Extreme Speed|p1b: Chien-Pao\n|-damage|p1b: Chien-Pao|0 fnt\n|faint|p1b: Chien-Pao\n|move|p1a: Talonflame|Brave Bird|p2a: Iron Bundle\n|-damage|p2a: Iron Bundle|0 fnt\n|faint|p2a: Iron Bundle\n|-end|p2a: Iron Bundle|Quark Drive|[silent]\n|-damage|p1a: Talonflame|71\/100|[from] Recoil\n|\n|-sideend|p1: Dunkler Georg|move: Tailwind\n|upkeep\n|\n|t:|1682266355\n|switch|p2a: Chi-Yu|Chi-Yu, L50|100\/100\n|switch|p1b: Iron Hands|Iron Hands, L50|100\/100\n|-ability|p2a: Chi-Yu|Beads of Ruin\n|turn|9\n|\n|t:|1682266378\n|move|p2b: Dragonite|Protect|p2b: Dragonite\n|-singleturn|p2b: Dragonite|Protect\n|move|p1b: Iron Hands|Fake Out|p2b: Dragonite\n|-activate|p2b: Dragonite|move: Protect\n|move|p1a: Talonflame|Brave Bird|p2b: Dragonite\n|-activate|p2b: Dragonite|move: Protect\n|move|p2a: Chi-Yu|Dark Pulse|p1a: Talonflame\n|-damage|p1a: Talonflame|0 fnt\n|faint|p1a: Talonflame\n|\n|upkeep\n|turn|10\n|\n|t:|1682266388\n|move|p2b: Dragonite|Tera Blast|p1b: Iron Hands\n|-damage|p1b: Iron Hands|33\/100\n|move|p2a: Chi-Yu|Overheat|p1b: Iron Hands\n|-damage|p1b: Iron Hands|0 fnt\n|-unboost|p2a: Chi-Yu|spa|2\n|faint|p1b: Iron Hands\n|-end|p1b: Iron Hands|Quark Drive|[silent]\n|\n|win|InkVG\n|c|\u2606InkVG|gg\n|c|\u2606Dunkler Georg|gg\n","uploadtime":1682266393,"views":16,"p1id":"dunklergeorg","p2id":"inkvg","formatid":"gen9vgc2023regulationc","rating":0,"private":0,"password":""}