{"id":"gen9vgc2023regulationc-1846201509","p1":"SiderisVGC","p2":"gankyburner","format":"[Gen 9] VGC 2023 Regulation C","log":"|j|\u2606SiderisVGC\n|j|\u2606gankyburner\n|t:|1681820589\n|gametype|doubles\n|player|p1|SiderisVGC|266|1213\n|player|p2|gankyburner|266|1285\n|teamsize|p1|6\n|teamsize|p2|6\n|gen|9\n|tier|[Gen 9] VGC 2023 Regulation C\n|rated|\n|rule|Species Clause: Limit one of each Pok\u00e9mon\n|rule|Item Clause: Limit one of each item\n|clearpoke\n|poke|p1|Flutter Mane, L50|\n|poke|p1|Gyarados, L50, F|\n|poke|p1|Ting-Lu, L50|\n|poke|p1|Iron Hands, L50|\n|poke|p1|Amoonguss, L50, F|\n|poke|p1|Ceruledge, L50, M|\n|poke|p2|Murkrow, L50, F|\n|poke|p2|Tyranitar, L50, M|\n|poke|p2|Houndstone, L50, F|\n|poke|p2|Chi-Yu, L50|\n|poke|p2|Corviknight, L50, M|\n|poke|p2|Gastrodon, L50, F|\n|teampreview|4\n|\n|t:|1681820649\n|start\n|switch|p1a: Flutter Mane|Flutter Mane, L50|100\/100\n|switch|p1b: Ceruledge|Ceruledge, L50, M|100\/100\n|switch|p2a: Dragula|Houndstone, L50, F, shiny|100\/100\n|switch|p2b: Godzilla|Tyranitar, L50, M, shiny|100\/100\n|-weather|Sandstorm|[from] ability: Sand Stream|[of] p2b: Godzilla\n|-enditem|p1a: Flutter Mane|Booster Energy\n|-activate|p1a: Flutter Mane|ability: Protosynthesis|[fromitem]\n|-start|p1a: Flutter Mane|protosynthesisspa\n|turn|1\n|inactive|Battle timer is ON: inactive players will automatically lose when time's up. (requested by SiderisVGC)\n|inactive|SiderisVGC has 60 seconds left.\n|\n|t:|1681820684\n|move|p2a: Dragula|Scary Face|p1a: Flutter Mane\n|-unboost|p1a: Flutter Mane|spe|2\n|move|p1b: Ceruledge|Bulk Up|p1b: Ceruledge\n|-boost|p1b: Ceruledge|atk|1\n|-boost|p1b: Ceruledge|def|1\n|move|p2b: Godzilla|Rock Slide|p1b: Ceruledge|[spread] p1a,p1b\n|-supereffective|p1b: Ceruledge\n|-damage|p1a: Flutter Mane|56\/100\n|-damage|p1b: Ceruledge|51\/100\n|move|p1a: Flutter Mane|Trick Room|p1a: Flutter Mane\n|-fieldstart|move: Trick Room|[of] p1a: Flutter Mane\n|\n|-weather|Sandstorm|[upkeep]\n|-damage|p1a: Flutter Mane|51\/100|[from] Sandstorm\n|-damage|p1b: Ceruledge|45\/100|[from] Sandstorm\n|upkeep\n|turn|2\n|inactive|SiderisVGC has 30 seconds left.\n|inactive|gankyburner has 30 seconds left.\n|\n|t:|1681820716\n|-end|p1a: Flutter Mane|Protosynthesis|[silent]\n|switch|p1a: Ting-Lu|Ting-Lu, L50|100\/100\n|-ability|p1a: Ting-Lu|Vessel of Ruin\n|-terastallize|p1b: Ceruledge|Grass\n|move|p2b: Godzilla|Rock Slide|p1a: Ting-Lu|[spread] p1b\n|-miss|p2b: Godzilla|p1a: Ting-Lu\n|-damage|p1b: Ceruledge|19\/100\n|move|p1b: Ceruledge|Bitter Blade|p2a: Dragula\n|-damage|p2a: Dragula|37\/100\n|-heal|p1b: Ceruledge|51\/100|[from] drain|[of] p2a: Dragula\n|-enditem|p2a: Dragula|Sitrus Berry|[eat]\n|-heal|p2a: Dragula|61\/100|[from] item: Sitrus Berry\n|move|p2a: Dragula|Howl|p2a: Dragula|[spread] p2a,p2b\n|-boost|p2a: Dragula|atk|1\n|-boost|p2b: Godzilla|atk|1\n|\n|-weather|Sandstorm|[upkeep]\n|-damage|p1b: Ceruledge|45\/100|[from] Sandstorm\n|upkeep\n|turn|3\n|inactive|SiderisVGC has 30 seconds left.\n|inactive|gankyburner has 30 seconds left.\n|inactive|SiderisVGC has 20 seconds left.\n|\n|t:|1681820751\n|-terastallize|p2b: Godzilla|Flying\n|move|p1b: Ceruledge|Protect|p1b: Ceruledge\n|-singleturn|p1b: Ceruledge|Protect\n|move|p1a: Ting-Lu|Stomping Tantrum|p2b: Godzilla\n|-immune|p2b: Godzilla\n|move|p2b: Godzilla|Tera Blast|p1b: Ceruledge\n|-activate|p1b: Ceruledge|move: Protect\n|move|p2a: Dragula|Will-O-Wisp|p1a: Ting-Lu\n|-status|p1a: Ting-Lu|brn\n|\n|-weather|Sandstorm|[upkeep]\n|-damage|p2b: Godzilla|94\/100|[from] Sandstorm\n|-damage|p1b: Ceruledge|39\/100|[from] Sandstorm\n|-damage|p1a: Ting-Lu|95\/100 brn|[from] brn\n|upkeep\n|turn|4\n|\n|t:|1681820770\n|switch|p1b: Iron Hands|Iron Hands, L50|100\/100\n|switch|p2a: Gastrodon|Gastrodon, L50, F|100\/100\n|move|p1a: Ting-Lu|Stomping Tantrum|p2a: Gastrodon\n|-damage|p2a: Gastrodon|55\/100\n|move|p2b: Godzilla|Tera Blast|p1b: Iron Hands\n|-damage|p1b: Iron Hands|48\/100\n|\n|-weather|Sandstorm|[upkeep]\n|-damage|p1b: Iron Hands|42\/100|[from] Sandstorm\n|-damage|p2b: Godzilla|88\/100|[from] Sandstorm\n|-damage|p1a: Ting-Lu|89\/100 brn|[from] brn\n|upkeep\n|turn|5\n|inactive|gankyburner has 30 seconds left.\n|\n|t:|1681820798\n|switch|p1a: Flutter Mane|Flutter Mane, L50|51\/100\n|move|p1b: Iron Hands|Fake Out|p2b: Godzilla\n|-damage|p2b: Godzilla|75\/100\n|move|p2a: Gastrodon|Earth Power|p1b: Iron Hands\n|-supereffective|p1b: Iron Hands\n|-damage|p1b: Iron Hands|10\/100\n|cant|p2b: Godzilla|flinch\n|\n|-weather|none\n|-fieldend|move: Trick Room\n|upkeep\n|turn|6\n|\n|t:|1681820821\n|switch|p2b: C'mon C'mon|Murkrow, L50, F|100\/100\n|move|p1a: Flutter Mane|Moonblast|p2b: C'mon C'mon\n|-supereffective|p2b: C'mon C'mon\n|-damage|p2b: C'mon C'mon|0 fnt\n|faint|p2b: C'mon C'mon\n|move|p1b: Iron Hands|Wild Charge|p2a: Gastrodon\n|-immune|p2a: Gastrodon\n|move|p2a: Gastrodon|Muddy Water|p1b: Iron Hands|[spread] p1a,p1b\n|-crit|p1b: Iron Hands\n|-damage|p1a: Flutter Mane|29\/100\n|-damage|p1b: Iron Hands|0 fnt\n|faint|p1b: Iron Hands\n|-end|p1b: Iron Hands|Quark Drive|[silent]\n|\n|upkeep\n|\n|t:|1681820839\n|switch|p2b: Dragula|Houndstone, L50, F, shiny|61\/100\n|switch|p1b: Ting-Lu|Ting-Lu, L50|89\/100 brn\n|-ability|p1b: Ting-Lu|Vessel of Ruin\n|turn|7\n|\n|t:|1681820850\n|switch|p2a: Godzilla|Tyranitar, L50, M, shiny, tera:Flying|75\/100\n|-weather|Sandstorm|[from] ability: Sand Stream|[of] p2a: Godzilla\n|move|p2b: Dragula|Last Respects|p1a: Flutter Mane\n|-supereffective|p1a: Flutter Mane\n|-damage|p1a: Flutter Mane|0 fnt\n|faint|p1a: Flutter Mane\n|-end|p1a: Flutter Mane|Protosynthesis|[silent]\n|move|p1b: Ting-Lu|Rock Slide|p2a: Godzilla|[spread] p2a\n|-miss|p1b: Ting-Lu|p2b: Dragula\n|-supereffective|p2a: Godzilla\n|-damage|p2a: Godzilla|54\/100\n|\n|-weather|Sandstorm|[upkeep]\n|-damage|p2a: Godzilla|48\/100|[from] Sandstorm\n|-damage|p1b: Ting-Lu|83\/100 brn|[from] brn\n|upkeep\n|\n|t:|1681820864\n|switch|p1a: Ceruledge|Ceruledge, L50, M, tera:Grass|39\/100\n|turn|8\n|\n|t:|1681820871\n|move|p2b: Dragula|Howl|p2b: Dragula|[spread] p2a,p2b\n|-boost|p2a: Godzilla|atk|1\n|-boost|p2b: Dragula|atk|1\n|move|p1a: Ceruledge|Bitter Blade|p2a: Godzilla\n|-damage|p2a: Godzilla|13\/100\n|-heal|p1a: Ceruledge|58\/100|[from] drain|[of] p2a: Godzilla\n|move|p2a: Godzilla|Tera Blast|p1a: Ceruledge\n|-supereffective|p1a: Ceruledge\n|-damage|p1a: Ceruledge|0 fnt\n|faint|p1a: Ceruledge\n|move|p1b: Ting-Lu|Rock Slide|p2b: Dragula|[spread] p2a,p2b\n|-supereffective|p2a: Godzilla\n|-damage|p2a: Godzilla|0 fnt\n|-damage|p2b: Dragula|49\/100\n|faint|p2a: Godzilla\n|\n|-weather|Sandstorm|[upkeep]\n|-damage|p1b: Ting-Lu|77\/100 brn|[from] brn\n|upkeep\n|\n|t:|1681820885\n|switch|p2a: Gastrodon|Gastrodon, L50, F|55\/100\n|turn|9\n|\n|t:|1681820892\n|move|p2b: Dragula|Last Respects|p1b: Ting-Lu\n|-resisted|p1b: Ting-Lu\n|-damage|p1b: Ting-Lu|54\/100 brn\n|move|p1b: Ting-Lu|Rock Slide|p2b: Dragula|[spread] p2a,p2b\n|-resisted|p2a: Gastrodon\n|-damage|p2a: Gastrodon|50\/100\n|-damage|p2b: Dragula|36\/100\n|cant|p2a: Gastrodon|flinch\n|\n|-weather|Sandstorm|[upkeep]\n|-damage|p1b: Ting-Lu|49\/100 brn|[from] brn\n|upkeep\n|turn|10\n|\n|t:|1681820908\n|move|p2b: Dragula|Last Respects|p1b: Ting-Lu\n|-resisted|p1b: Ting-Lu\n|-damage|p1b: Ting-Lu|25\/100 brn\n|move|p1b: Ting-Lu|Rock Slide|p2a: Gastrodon|[spread] p2a,p2b\n|-resisted|p2a: Gastrodon\n|-damage|p2a: Gastrodon|44\/100\n|-damage|p2b: Dragula|22\/100\n|move|p2a: Gastrodon|Muddy Water|p1b: Ting-Lu\n|-supereffective|p1b: Ting-Lu\n|-damage|p1b: Ting-Lu|0 fnt\n|faint|p1b: Ting-Lu\n|\n|win|gankyburner\n|raw|SiderisVGC's rating: 1213 → 1193<\/strong> (-20 for losing)\n|raw|gankyburner's rating: 1285 → 1305<\/strong> (+20 for winning)\n|l|\u2606SiderisVGC\n","uploadtime":1681820920,"views":8,"p1id":"siderisvgc","p2id":"gankyburner","formatid":"gen9vgc2023regulationc","rating":1193,"private":0,"password":""}