{"id":"gen9vgc2023regulationc-1853279273","p1":"Vitalis24","p2":"fairynanbawan","format":"[Gen 9] VGC 2023 Regulation C","log":"|j|\u2606Vitalis24\n|j|\u2606fairynanbawan\n|t:|1682659893\n|gametype|doubles\n|player|p1|Vitalis24|ethan|1353\n|player|p2|fairynanbawan|skierf|1336\n|teamsize|p1|6\n|teamsize|p2|6\n|gen|9\n|tier|[Gen 9] VGC 2023 Regulation C\n|rated|\n|rule|Species Clause: Limit one of each Pok\u00e9mon\n|rule|Item Clause: Limit one of each item\n|clearpoke\n|poke|p1|Ting-Lu, L50|\n|poke|p1|Flutter Mane, L50|\n|poke|p1|Abomasnow, L50, M|\n|poke|p1|Iron Hands, L50|\n|poke|p1|Iron Bundle, L50|\n|poke|p1|Indeedee-F, L50, F|\n|poke|p2|Dachsbun, L50, F|\n|poke|p2|Chi-Yu, L50|\n|poke|p2|Flutter Mane, L50|\n|poke|p2|Gyarados, L50, M|\n|poke|p2|Amoonguss, L50, M|\n|poke|p2|Ting-Lu, L50|\n|teampreview|4\nfairynanbawan rejected open team sheets.\n|\n|t:|1682659935\n|start\n|switch|p1a: Iron Bundle|Iron Bundle, L50|100\/100\n|switch|p1b: Abomasnow|Abomasnow, L50, M|100\/100\n|switch|p2a: Laika|Dachsbun, L50, F|100\/100\n|switch|p2b: Hotdog|Chi-Yu, L50|100\/100\n|-ability|p2b: Hotdog|Beads of Ruin\n|-weather|Snow|[from] ability: Snow Warning|[of] p1b: Abomasnow\n|-enditem|p1a: Iron Bundle|Booster Energy\n|-activate|p1a: Iron Bundle|ability: Quark Drive|[fromitem]\n|-start|p1a: Iron Bundle|quarkdrivespa\n|turn|1\n|\n|t:|1682659970\n|-terastallize|p2a: Laika|Steel\n|-terastallize|p1b: Abomasnow|Water\n|move|p2b: Hotdog|Lava Plume|p1b: Abomasnow|[spread] p1a,p1b\n|-ability|p2a: Laika|Well-Baked Body|boost\n|-boost|p2a: Laika|def|2\n|-resisted|p1b: Abomasnow\n|-damage|p1a: Iron Bundle|10\/100\n|-damage|p1b: Abomasnow|75\/100\n|-status|p1a: Iron Bundle|brn\n|move|p1a: Iron Bundle|Blizzard|p2a: Laika|[spread] p2a,p2b\n|-resisted|p2a: Laika\n|-resisted|p2b: Hotdog\n|-damage|p2a: Laika|66\/100\n|-damage|p2b: Hotdog|68\/100\n|move|p2a: Laika|Body Press|p1a: Iron Bundle\n|-supereffective|p1a: Iron Bundle\n|-damage|p1a: Iron Bundle|0 fnt\n|faint|p1a: Iron Bundle\n|-end|p1a: Iron Bundle|Quark Drive|[silent]\n|move|p1b: Abomasnow|Tera Blast|p2b: Hotdog\n|-supereffective|p2b: Hotdog\n|-damage|p2b: Hotdog|0 fnt\n|faint|p2b: Hotdog\n|\n|-weather|Snow|[upkeep]\n|-heal|p1b: Abomasnow|81\/100|[from] item: Leftovers\n|upkeep\n|\n|t:|1682659997\n|switch|p1a: Ting-Lu|Ting-Lu, L50|100\/100\n|switch|p2b: Nikita|Flutter Mane, L50|100\/100\n|-ability|p1a: Ting-Lu|Vessel of Ruin\n|-enditem|p2b: Nikita|Booster Energy\n|-activate|p2b: Nikita|ability: Protosynthesis|[fromitem]\n|-start|p2b: Nikita|protosynthesisspa\n|turn|2\n|\n|t:|1682660017\n|move|p2b: Nikita|Moonblast|p1a: Ting-Lu\n|-supereffective|p1a: Ting-Lu\n|-damage|p1a: Ting-Lu|40\/100\n|-enditem|p1a: Ting-Lu|Sitrus Berry|[eat]\n|-heal|p1a: Ting-Lu|65\/100|[from] item: Sitrus Berry\n|move|p2a: Laika|Body Press|p1a: Ting-Lu\n|-supereffective|p1a: Ting-Lu\n|-damage|p1a: Ting-Lu|14\/100\n|move|p1b: Abomasnow|Aurora Veil|p1b: Abomasnow\n|-sidestart|p1: Vitalis24|move: Aurora Veil\n|move|p1a: Ting-Lu|Heavy Slam|p2b: Nikita\n|-supereffective|p2b: Nikita\n|-damage|p2b: Nikita|0 fnt\n|faint|p2b: Nikita\n|-end|p2b: Nikita|Protosynthesis|[silent]\n|\n|-weather|Snow|[upkeep]\n|-heal|p1b: Abomasnow|87\/100|[from] item: Leftovers\n|upkeep\n|\n|t:|1682660029\n|switch|p2b: Scooby-Doo|Ting-Lu, L50|100\/100\n|-ability|p2b: Scooby-Doo|Vessel of Ruin\n|turn|3\n|\n|t:|1682660056\n|move|p2a: Laika|Wish|p2a: Laika\n|move|p1b: Abomasnow|Tera Blast|p2a: Laika\n|-damage|p2a: Laika|40\/100\n|move|p1a: Ting-Lu|Ruination|p2b: Scooby-Doo\n|-damage|p2b: Scooby-Doo|50\/100\n|move|p2b: Scooby-Doo|Stomping Tantrum|p1a: Ting-Lu\n|-damage|p1a: Ting-Lu|0 fnt\n|faint|p1a: Ting-Lu\n|\n|-weather|Snow|[upkeep]\n|-heal|p1b: Abomasnow|93\/100|[from] item: Leftovers\n|upkeep\n|\n|t:|1682660069\n|switch|p1a: Iron Hands|Iron Hands, L50|100\/100\n|turn|4\n|\n|t:|1682660087\n|move|p2a: Laika|Protect|p2a: Laika\n|-singleturn|p2a: Laika|Protect\n|move|p1b: Abomasnow|Blizzard|p2b: Scooby-Doo|[spread] p2b\n|-activate|p2a: Laika|move: Protect\n|-supereffective|p2b: Scooby-Doo\n|-damage|p2b: Scooby-Doo|18\/100\n|move|p2b: Scooby-Doo|Stomping Tantrum|p1a: Iron Hands\n|-supereffective|p1a: Iron Hands\n|-damage|p1a: Iron Hands|65\/100\n|move|p1a: Iron Hands|Drain Punch|p2a: Laika\n|-activate|p2a: Laika|move: Protect\n|\n|-weather|Snow|[upkeep]\n|-heal|p2a: Laika|90\/100|[from] move: Wish|[wisher] Laika\n|-heal|p1b: Abomasnow|99\/100|[from] item: Leftovers\n|upkeep\n|turn|5\n|\n|t:|1682660109\n|move|p2a: Laika|Yawn|p1a: Iron Hands\n|-start|p1a: Iron Hands|move: Yawn|[of] p2a: Laika\n|move|p1b: Abomasnow|Blizzard|p2b: Scooby-Doo|[spread] p2a,p2b\n|-resisted|p2a: Laika\n|-supereffective|p2b: Scooby-Doo\n|-crit|p2b: Scooby-Doo\n|-damage|p2a: Laika|77\/100\n|-damage|p2b: Scooby-Doo|0 fnt\n|faint|p2b: Scooby-Doo\n|move|p1a: Iron Hands|Drain Punch|p2a: Laika\n|-supereffective|p2a: Laika\n|-crit|p2a: Laika\n|-damage|p2a: Laika|0 fnt\n|-heal|p1a: Iron Hands|89\/100|[from] drain|[of] p2a: Laika\n|faint|p2a: Laika\n|\n|win|Vitalis24\n|raw|Vitalis24's rating: 1353 → 1372<\/strong> (+19 for winning)\n|raw|fairynanbawan's rating: 1336 → 1317<\/strong> (-19 for losing)\n","uploadtime":1682660132,"views":2,"p1id":"vitalis24","p2id":"fairynanbawan","formatid":"gen9vgc2023regulationc","rating":1317,"private":0,"password":""}