{"id":"gen9vgc2023regulationc-1860147203","p1":"Nightmare_King_VGC","p2":"bwahacough","format":"[Gen 9] VGC 2023 Regulation C","log":"|j|\u2606Nightmare_King_VGC\n|j|\u2606bwahacough\n|t:|1683601000\n|gametype|doubles\n|player|p1|Nightmare_King_VGC|veteranf|1672\n|player|p2|bwahacough|madame-gen4|1761\n|teamsize|p1|6\n|teamsize|p2|6\n|gen|9\n|tier|[Gen 9] VGC 2023 Regulation C\n|rated|\n|rule|Species Clause: Limit one of each Pok\u00e9mon\n|rule|Item Clause: Limit one of each item\n|clearpoke\n|poke|p1|Torkoal, L50, M|\n|poke|p1|Great Tusk, L50|\n|poke|p1|Flutter Mane, L50|\n|poke|p1|Jumpluff, L50, M|\n|poke|p1|Chien-Pao, L50|\n|poke|p1|Kingambit, L50, M|\n|poke|p2|Lycanroc, L50, F|\n|poke|p2|Tyranitar, L50, F|\n|poke|p2|Flutter Mane, L50|\n|poke|p2|Chi-Yu, L50|\n|poke|p2|Corviknight, L50, M|\n|poke|p2|Farigiraf, L50, F|\n|teampreview|4\n|\n|t:|1683601018\n|start\n|switch|p1a: Chien-Pao|Chien-Pao, L50|100\/100\n|switch|p1b: Great Tusk|Great Tusk, L50|100\/100\n|switch|p2a: Farigiraf|Farigiraf, L50, F, shiny|100\/100\n|switch|p2b: Chi-Yu|Chi-Yu, L50|100\/100\n|-ability|p1a: Chien-Pao|Sword of Ruin\n|-ability|p2b: Chi-Yu|Beads of Ruin\n|turn|1\n|\n|t:|1683601041\n|-terastallize|p1a: Chien-Pao|Flying\n|move|p2b: Chi-Yu|Protect|p2b: Chi-Yu\n|-singleturn|p2b: Chi-Yu|Protect\n|move|p1b: Great Tusk|Earthquake|p2b: Chi-Yu|[spread] p2a\n|-activate|p2b: Chi-Yu|move: Protect\n|-immune|p1a: Chien-Pao\n|-damage|p2a: Farigiraf|60\/100\n|move|p1a: Chien-Pao|Ice Spinner|p2a: Farigiraf\n|-damage|p2a: Farigiraf|20\/100\n|-enditem|p2a: Farigiraf|Sitrus Berry|[eat]\n|-heal|p2a: Farigiraf|45\/100|[from] item: Sitrus Berry\n|move|p2a: Farigiraf|Trick Room|p2a: Farigiraf\n|-fieldstart|move: Trick Room|[of] p2a: Farigiraf\n|\n|upkeep\n|turn|2\n|\n|t:|1683601056\n|move|p1a: Chien-Pao|Protect|p1a: Chien-Pao\n|-singleturn|p1a: Chien-Pao|Protect\n|move|p2a: Farigiraf|Dazzling Gleam|p1a: Chien-Pao|[spread] p1b\n|-activate|p1a: Chien-Pao|move: Protect\n|-supereffective|p1b: Great Tusk\n|-crit|p1b: Great Tusk\n|-damage|p1b: Great Tusk|13\/100\n|move|p2b: Chi-Yu|Heat Wave|p1a: Chien-Pao|[spread] p1b\n|-activate|p1a: Chien-Pao|move: Protect\n|-damage|p1b: Great Tusk|0 fnt\n|faint|p1b: Great Tusk\n|-end|p1b: Great Tusk|Protosynthesis|[silent]\n|\n|upkeep\n|\n|t:|1683601067\n|switch|p1b: Torkoal|Torkoal, L50, M|100\/100\n|-weather|SunnyDay|[from] ability: Drought|[of] p1b: Torkoal\n|turn|3\n|j| shine like a gem\n|\n|t:|1683601081\n|switch|p2a: Tyranitar|Tyranitar, L50, F, shiny|100\/100\n|-weather|Sandstorm|[from] ability: Sand Stream|[of] p2a: Tyranitar\n|move|p1a: Chien-Pao|Sucker Punch|p2b: Chi-Yu\n|-resisted|p2b: Chi-Yu\n|-damage|p2b: Chi-Yu|66\/100\n|move|p1b: Torkoal|Earth Power|p2b: Chi-Yu\n|-supereffective|p2b: Chi-Yu\n|-damage|p2b: Chi-Yu|9\/100\n|move|p2b: Chi-Yu|Heat Wave|p1a: Chien-Pao|[spread] p1a,p1b\n|-resisted|p1b: Torkoal\n|-crit|p1b: Torkoal\n|-damage|p1a: Chien-Pao|14\/100\n|-damage|p1b: Torkoal|46\/100\n|\n|-weather|Sandstorm|[upkeep]\n|-damage|p1b: Torkoal|39\/100|[from] Sandstorm\n|-damage|p1a: Chien-Pao|8\/100|[from] Sandstorm\n|upkeep\n|turn|4\n|\n|t:|1683601109\n|switch|p2b: Farigiraf|Farigiraf, L50, F, shiny|45\/100\n|switch|p1a: Flutter Mane|Flutter Mane, L50|100\/100\n|move|p1b: Torkoal|Earth Power|p2a: Tyranitar\n|-supereffective|p2a: Tyranitar\n|-damage|p2a: Tyranitar|73\/100\n|move|p2a: Tyranitar|Rock Slide|p1a: Flutter Mane|[spread] p1a,p1b\n|-supereffective|p1b: Torkoal\n|-damage|p1a: Flutter Mane|49\/100\n|-damage|p1b: Torkoal|0 fnt\n|faint|p1b: Torkoal\n|\n|-weather|Sandstorm|[upkeep]\n|-damage|p2b: Farigiraf|39\/100|[from] Sandstorm\n|-damage|p1a: Flutter Mane|43\/100|[from] Sandstorm\n|upkeep\n|\n|t:|1683601117\n|switch|p1b: Chien-Pao|Chien-Pao, L50, tera:Flying|8\/100\n|-ability|p1b: Chien-Pao|Sword of Ruin\n|turn|5\n|-message|Nightmare_King_VGC forfeited.\n|\n|win|bwahacough\n|raw|Nightmare_King_VGC's rating: 1672 → 1656<\/strong> (-16 for losing)\n|raw|bwahacough's rating: 1736 → 1752<\/strong> (+16 for winning)\n|l|\u2606Nightmare_King_VGC\n","uploadtime":1683601182,"views":8,"p1id":"nightmarekingvgc","p2id":"bwahacough","formatid":"gen9vgc2023regulationc","rating":1656,"private":0,"password":""}