{"id":"gen9vgc2023regulationc-1863559243","p1":"Nightflash2735","p2":"Inferno prodigy","format":"[Gen 9] VGC 2023 Regulation C","log":"|j|\u2606Nightflash2735\n|j|\u2606Inferno prodigy\n|t:|1684034210\n|gametype|doubles\n|player|p1|Nightflash2735|170|1580\n|player|p2|Inferno prodigy|169|1586\n|teamsize|p1|6\n|teamsize|p2|6\n|gen|9\n|tier|[Gen 9] VGC 2023 Regulation C\n|rated|\n|rule|Species Clause: Limit one of each Pok\u00e9mon\n|rule|Item Clause: Limit one of each item\n|clearpoke\n|poke|p1|Scream Tail, L50|\n|poke|p1|Ceruledge, L50, M|\n|poke|p1|Ting-Lu, L50|\n|poke|p1|Iron Hands, L50|\n|poke|p1|Kingambit, L50, F|\n|poke|p1|Flutter Mane, L50|\n|poke|p2|Orthworm, L50, M|\n|poke|p2|Ting-Lu, L50|\n|poke|p2|Dragonite, L50, M|\n|poke|p2|Gyarados, L50, F|\n|poke|p2|Flutter Mane, L50|\n|poke|p2|Chien-Pao, L50|\n|teampreview|4\n|j| VGCTrainerisback\n|inactive|Battle timer is ON: inactive players will automatically lose when time's up. (requested by Inferno prodigy)\n|\n|t:|1684034319\n|start\n|switch|p1a: Scream Tail|Scream Tail, L50|100\/100\n|switch|p1b: Iron Hands|Iron Hands, L50|100\/100\n|switch|p2a: Ting-Lu|Ting-Lu, L50|100\/100\n|switch|p2b: Orthworm|Orthworm, L50, M|100\/100\n|-ability|p2a: Ting-Lu|Vessel of Ruin\n|-enditem|p1a: Scream Tail|Booster Energy\n|-activate|p1a: Scream Tail|ability: Protosynthesis|[fromitem]\n|-start|p1a: Scream Tail|protosynthesisspe\n|turn|1\n|\n|t:|1684034336\n|move|p1b: Iron Hands|Fake Out|p2a: Ting-Lu\n|-damage|p2a: Ting-Lu|92\/100\n|move|p1a: Scream Tail|Howl|p1a: Scream Tail|[spread] p1a,p1b\n|-boost|p1a: Scream Tail|atk|1\n|-boost|p1b: Iron Hands|atk|1\n|move|p2b: Orthworm|Shed Tail|p2b: Orthworm\n|-start|p2b: Orthworm|Substitute|[from] move: Shed Tail\n|-damage|p2b: Orthworm|50\/100\n|-enditem|p2b: Orthworm|Sitrus Berry|[eat]\n|-heal|p2b: Orthworm|75\/100|[from] item: Sitrus Berry\n|\n|t:|1684034352\n|switch|p2b: Dragonite|Dragonite, L50, M|100\/100|[from] Shed Tail\n|cant|p2a: Ting-Lu|flinch\n|\n|upkeep\n|turn|2\n|\n|t:|1684034359\n|-terastallize|p2a: Ting-Lu|Water\n|move|p1a: Scream Tail|Play Rough|p2b: Dragonite\n|-supereffective|p2b: Dragonite\n|-end|p2b: Dragonite|Substitute\n|move|p2b: Dragonite|Dragon Dance|p2b: Dragonite\n|-boost|p2b: Dragonite|atk|1\n|-boost|p2b: Dragonite|spe|1\n|move|p1b: Iron Hands|Drain Punch|p2a: Ting-Lu\n|-damage|p2a: Ting-Lu|55\/100\n|move|p2a: Ting-Lu|Earthquake|p1a: Scream Tail|[spread] p1a,p1b\n|-immune|p2b: Dragonite\n|-supereffective|p1b: Iron Hands\n|-damage|p1a: Scream Tail|58\/100\n|-damage|p1b: Iron Hands|36\/100\n|-enditem|p1b: Iron Hands|Sitrus Berry|[eat]\n|-heal|p1b: Iron Hands|61\/100|[from] item: Sitrus Berry\n|\n|upkeep\n|turn|3\n|inactive|Inferno prodigy has 30 seconds left.\n|\n|t:|1684034393\n|switch|p2a: Orthworm|Orthworm, L50, M|75\/100\n|move|p1a: Scream Tail|Encore|p2b: Dragonite\n|-start|p2b: Dragonite|Encore\n|move|p2b: Dragonite|Dragon Dance|p2b: Dragonite\n|-boost|p2b: Dragonite|atk|1\n|-boost|p2b: Dragonite|spe|1\n|move|p1b: Iron Hands|Wild Charge|p2a: Orthworm\n|-damage|p2a: Orthworm|27\/100\n|-damage|p1b: Iron Hands|53\/100|[from] Recoil\n|\n|upkeep\n|turn|4\n|c|\u2606Inferno prodigy|Cheap man\n|inactive|Inferno prodigy has 30 seconds left.\n|\n|t:|1684034423\n|move|p1a: Scream Tail|Play Rough|p2b: Dragonite\n|-supereffective|p2b: Dragonite\n|-crit|p2b: Dragonite\n|-damage|p2b: Dragonite|52\/100\n|move|p2b: Dragonite|Dragon Dance|p2b: Dragonite\n|-boost|p2b: Dragonite|atk|1\n|-boost|p2b: Dragonite|spe|1\n|move|p2a: Orthworm|Heavy Slam|p1a: Scream Tail\n|-supereffective|p1a: Scream Tail\n|-damage|p1a: Scream Tail|1\/100\n|move|p1b: Iron Hands|Wild Charge|p2b: Dragonite\n|-crit|p2b: Dragonite\n|-damage|p2b: Dragonite|0 fnt\n|faint|p2b: Dragonite\n|-damage|p1b: Iron Hands|44\/100|[from] Recoil\n|\n|upkeep\n|\n|t:|1684034428\n|switch|p2b: Chien-Pao|Chien-Pao, L50|100\/100\n|-ability|p2b: Chien-Pao|Sword of Ruin\n|turn|5\n|\n|t:|1684034443\n|move|p2a: Orthworm|Helping Hand|p2b: Chien-Pao\n|-singleturn|p2b: Chien-Pao|Helping Hand|[of] p2a: Orthworm\n|move|p1a: Scream Tail|Play Rough|p2b: Chien-Pao\n|-supereffective|p2b: Chien-Pao\n|-damage|p2b: Chien-Pao|8\/100\n|move|p2b: Chien-Pao|Ice Spinner|p1b: Iron Hands\n|-damage|p1b: Iron Hands|0 fnt\n|faint|p1b: Iron Hands\n|-end|p1b: Iron Hands|Quark Drive|[silent]\n|\n|upkeep\n|\n|t:|1684034453\n|switch|p1b: Kingambit|Kingambit, L50, F|100\/100\n|turn|6\n|\n|t:|1684034472\n|-terastallize|p1b: Kingambit|Dark\n|move|p2b: Chien-Pao|Sucker Punch|p1a: Scream Tail\n|-damage|p1a: Scream Tail|0 fnt\n|faint|p1a: Scream Tail\n|-end|p1a: Scream Tail|Protosynthesis|[silent]\n|move|p1b: Kingambit|Sucker Punch|p2a: Orthworm\n|-damage|p2a: Orthworm|0 fnt\n|faint|p2a: Orthworm\n|\n|upkeep\n|\n|t:|1684034481\n|switch|p1a: Flutter Mane|Flutter Mane, L50|100\/100\n|switch|p2a: Ting-Lu|Ting-Lu, L50, tera:Water|55\/100\n|-ability|p2a: Ting-Lu|Vessel of Ruin\n|turn|7\n|\n|t:|1684034505\n|move|p2b: Chien-Pao|Protect|p2b: Chien-Pao\n|-singleturn|p2b: Chien-Pao|Protect\n|move|p1b: Kingambit|Sucker Punch|p2a: Ting-Lu\n|-damage|p2a: Ting-Lu|2\/100\n|move|p1a: Flutter Mane|Dazzling Gleam|p2b: Chien-Pao|[spread] p2a\n|-activate|p2b: Chien-Pao|move: Protect\n|-damage|p2a: Ting-Lu|0 fnt\n|faint|p2a: Ting-Lu\n|\n|upkeep\n|turn|8\n|\n|t:|1684034513\n|move|p2b: Chien-Pao|Ice Spinner|p1a: Flutter Mane\n|-damage|p1a: Flutter Mane|27\/100\n|move|p1a: Flutter Mane|Dazzling Gleam|p2b: Chien-Pao\n|-supereffective|p2b: Chien-Pao\n|-damage|p2b: Chien-Pao|0 fnt\n|faint|p2b: Chien-Pao\n|\n|win|Nightflash2735\n|raw|Nightflash2735's rating: 1580 → 1600<\/strong> (+20 for winning)\n|raw|Inferno prodigy's rating: 1586 → 1566<\/strong> (-20 for losing)\n|c|\u2606Inferno prodigy|I needed that win cheap\n|l|\u2606Inferno prodigy\n|l| VGCTrainerisback\n","uploadtime":1684034701,"views":15,"p1id":"nightflash2735","p2id":"infernoprodigy","formatid":"gen9vgc2023regulationc","rating":1566,"private":0,"password":""}