{"id":"gen9vgc2023regulationc-1852791273","p1":"gorilnx","p2":"YoIssManny","format":"[Gen 9] VGC 2023 Regulation C","log":"|j|\u2606gorilnx\n|j|\u2606YoIssManny\n|t:|1682606618\n|gametype|doubles\n|player|p1|gorilnx|dawn-gen4pt|1116\n|player|p2|YoIssManny|red|1099\n|teamsize|p1|6\n|teamsize|p2|6\n|gen|9\n|tier|[Gen 9] VGC 2023 Regulation C\n|rated|\n|rule|Species Clause: Limit one of each Pok\u00e9mon\n|rule|Item Clause: Limit one of each item\n|clearpoke\n|poke|p1|Palafin, L50, F|\n|poke|p1|Amoonguss, L50, F|\n|poke|p1|Flutter Mane, L50|\n|poke|p1|Arcanine, L50, F|\n|poke|p1|Ting-Lu, L50|\n|poke|p1|Baxcalibur, L50, M|\n|poke|p2|Arcanine, L50, F|\n|poke|p2|Palafin, L50, F|\n|poke|p2|Talonflame, L50, F|\n|poke|p2|Meowscarada, L50, M|\n|poke|p2|Sylveon, L50, F|\n|poke|p2|Garchomp, L50, M|\n|teampreview|4\n|inactive|Battle timer is ON: inactive players will automatically lose when time's up. (requested by gorilnx)\n|\n|t:|1682606643\n|start\n|switch|p1a: Arcanine|Arcanine, L50, F|100\/100\n|switch|p1b: Flutter Mane|Flutter Mane, L50|100\/100\n|switch|p2a: Talonflame|Talonflame, L50, F|100\/100\n|switch|p2b: Test Fin|Palafin, L50, F|100\/100\n|-ability|p1a: Arcanine|Intimidate|boost\n|-unboost|p2a: Talonflame|atk|1\n|-unboost|p2b: Test Fin|atk|1\n|-enditem|p1b: Flutter Mane|Booster Energy\n|-activate|p1b: Flutter Mane|ability: Protosynthesis|[fromitem]\n|-start|p1b: Flutter Mane|protosynthesisspe\n|turn|1\n|\n|t:|1682606660\n|move|p1a: Arcanine|Extreme Speed|p2a: Talonflame\n|-damage|p2a: Talonflame|60\/100\n|move|p1b: Flutter Mane|Shadow Ball|p2a: Talonflame\n|-damage|p2a: Talonflame|0 fnt\n|faint|p2a: Talonflame\n|move|p2b: Test Fin|Flip Turn|p1b: Flutter Mane\n|-damage|p1b: Flutter Mane|72\/100\n|\n|t:|1682606673\n|detailschange|p2b: Test Fin|Palafin-Hero, L50, F\n|switch|p2b: Ribbon|Sylveon, L50, F|100\/100|[from] Flip Turn\n|\n|upkeep\n|\n|t:|1682606678\n|switch|p2a: Test Fin|Palafin-Hero, L50, F|100\/100\n|-activate|p2a: Test Fin|ability: Zero to Hero\n|turn|2\n|\n|t:|1682606697\n|switch|p1a: Amoonguss|Amoonguss, L50, F|100\/100\n|-terastallize|p2a: Test Fin|Water\n|move|p1b: Flutter Mane|Protect|p1b: Flutter Mane\n|-singleturn|p1b: Flutter Mane|Protect\n|move|p2a: Test Fin|Jet Punch|p1b: Flutter Mane\n|-activate|p1b: Flutter Mane|move: Protect\n|move|p2b: Ribbon|Hyper Voice|p1b: Flutter Mane|[spread] p1a\n|-activate|p1b: Flutter Mane|move: Protect\n|-resisted|p1a: Amoonguss\n|-damage|p1a: Amoonguss|83\/100\n|-enditem|p2b: Ribbon|Throat Spray\n|-boost|p2b: Ribbon|spa|1|[from] item: Throat Spray\n|\n|upkeep\n|turn|3\n|\n|t:|1682606719\n|move|p1a: Amoonguss|Rage Powder|p1a: Amoonguss\n|-singleturn|p1a: Amoonguss|move: Rage Powder\n|move|p2a: Test Fin|Jet Punch|p1a: Amoonguss\n|-resisted|p1a: Amoonguss\n|-damage|p1a: Amoonguss|61\/100\n|move|p1b: Flutter Mane|Moonblast|p2a: Test Fin\n|-crit|p2a: Test Fin\n|-damage|p2a: Test Fin|17\/100\n|move|p2b: Ribbon|Psychic|p1a: Amoonguss\n|-supereffective|p1a: Amoonguss\n|-damage|p1a: Amoonguss|0 fnt\n|faint|p1a: Amoonguss\n|\n|upkeep\n|\n|t:|1682606732\n|switch|p1a: Arcanine|Arcanine, L50, F|100\/100\n|-ability|p1a: Arcanine|Intimidate|boost\n|-unboost|p2a: Test Fin|atk|1\n|-unboost|p2b: Ribbon|atk|1\n|turn|4\n|\n|t:|1682606741\n|move|p1a: Arcanine|Extreme Speed|p2a: Test Fin\n|-damage|p2a: Test Fin|0 fnt\n|faint|p2a: Test Fin\n|move|p1b: Flutter Mane|Shadow Ball|p2b: Ribbon\n|-damage|p2b: Ribbon|71\/100\n|move|p2b: Ribbon|Hyper Voice|p1b: Flutter Mane|[spread] p1a,p1b\n|-resisted|p1a: Arcanine\n|-damage|p1a: Arcanine|73\/100\n|-damage|p1b: Flutter Mane|9\/100\n|\n|upkeep\n|\n|t:|1682606752\n|switch|p2a: Meowscarada|Meowscarada, L50, M|100\/100\n|turn|5\n|\n|t:|1682606771\n|move|p2a: Meowscarada|Sucker Punch|p1a: Arcanine\n|-start|p2a: Meowscarada|typechange|Dark|[from] ability: Protean\n|-damage|p1a: Arcanine|37\/100\n|move|p2b: Ribbon|Quick Attack|p1b: Flutter Mane\n|-damage|p1b: Flutter Mane|0 fnt\n|faint|p1b: Flutter Mane\n|-end|p1b: Flutter Mane|Protosynthesis|[silent]\n|move|p1a: Arcanine|Flare Blitz|p2b: Ribbon\n|-damage|p2b: Ribbon|9\/100\n|-damage|p1a: Arcanine|16\/100|[from] Recoil\n|\n|upkeep\n|\n|t:|1682606782\n|switch|p1b: Baxcalibur|Baxcalibur, L50, M|100\/100\n|turn|6\n|\n|t:|1682606802\n|move|p1a: Arcanine|Extreme Speed|p2b: Ribbon\n|-damage|p2b: Ribbon|0 fnt\n|faint|p2b: Ribbon\n|move|p2a: Meowscarada|Sucker Punch||[still]\n|-fail|p2a: Meowscarada\n|move|p1b: Baxcalibur|Icicle Spear|p2a: Meowscarada\n|-damage|p2a: Meowscarada|76\/100\n|-damage|p2a: Meowscarada|53\/100\n|-damage|p2a: Meowscarada|30\/100\n|-damage|p2a: Meowscarada|4\/100\n|-damage|p2a: Meowscarada|0 fnt\n|faint|p2a: Meowscarada\n|-hitcount|p2: Meowscarada|5\n|\n|win|gorilnx\n|raw|gorilnx's rating: 1116 → 1140<\/strong> (+24 for winning)\n|raw|YoIssManny's rating: 1099 → 1075<\/strong> (-24 for losing)\n|c|\u2606YoIssManny|Gg\n","uploadtime":1682606819,"views":5,"p1id":"gorilnx","p2id":"yoissmanny","formatid":"gen9vgc2023regulationc","rating":1075,"private":0,"password":""}