{"id":"gen9vgc2023regulationc-1845598676","p1":"maucs","p2":"RitmanTesting1","format":"[Gen 9] VGC 2023 Regulation C","log":"|j|\u2606maucs\n|j|\u2606RitmanTesting1\n|t:|1681748267\n|gametype|doubles\n|player|p1|maucs|giovanni|1320\n|player|p2|RitmanTesting1|byron|1315\n|teamsize|p1|6\n|teamsize|p2|6\n|gen|9\n|tier|[Gen 9] VGC 2023 Regulation C\n|rated|\n|rule|Species Clause: Limit one of each Pok\u00e9mon\n|rule|Item Clause: Limit one of each item\n|clearpoke\n|poke|p1|Palafin, L50, M|\n|poke|p1|Amoonguss, L50, F|\n|poke|p1|Flutter Mane, L50|\n|poke|p1|Glimmora, L50, M|\n|poke|p1|Gyarados, L50, M|\n|poke|p1|Dragapult, L50, M|\n|poke|p2|Wo-Chien, L50|\n|poke|p2|Glimmora, L50, F|\n|poke|p2|Baxcalibur, L50, M|\n|poke|p2|Flutter Mane, L50|\n|poke|p2|Arcanine, L50, M|\n|poke|p2|Roaring Moon, L50|\n|teampreview|4\nRitmanTesting1 has agreed to open team sheets.\n|inactive|Battle timer is ON: inactive players will automatically lose when time's up. (requested by RitmanTesting1)\nmaucs has agreed to open team sheets.\n|\n|t:|1681748301\n|start\n|switch|p1a: Palafin|Palafin, L50, M, shiny|100\/100\n|switch|p1b: Dragapult|Dragapult, L50, M|100\/100\n|switch|p2a: Glimmora|Glimmora, L50, F|100\/100\n|switch|p2b: Flutter Mane|Flutter Mane, L50|100\/100\n|turn|1\n|inactive|maucs has 30 seconds left.\n|inactive|RitmanTesting1 has 30 seconds left.\n|inactive|maucs has 20 seconds left.\n|inactive|RitmanTesting1 has 20 seconds left.\n|inactive|maucs has 15 seconds left.\n|\n|t:|1681748345\n|-end|p2b: Flutter Mane|Protosynthesis|[silent]\n|switch|p2b: Wo-Chien|Wo-Chien, L50|100\/100\n|-ability|p2b: Wo-Chien|Tablets of Ruin\n|move|p1a: Palafin|Jet Punch|p2b: Wo-Chien\n|-resisted|p2b: Wo-Chien\n|-damage|p2b: Wo-Chien|96\/100\n|move|p1b: Dragapult|Phantom Force||[still]\n|-prepare|p1b: Dragapult|Phantom Force\n|move|p2a: Glimmora|Earth Power|p1b: Dragapult|[miss]\n|-miss|p2a: Glimmora|p1b: Dragapult\n|\n|-heal|p2b: Wo-Chien|100\/100|[from] item: Leftovers\n|upkeep\n|turn|2\n|\n|t:|1681748362\n|detailschange|p1a: Palafin|Palafin-Hero, L50, M, shiny\n|switch|p1a: Gyarados|Gyarados, L50, M, shiny|100\/100\n|-ability|p1a: Gyarados|Intimidate|boost\n|-unboost|p2a: Glimmora|atk|1\n|-unboost|p2b: Wo-Chien|atk|1\n|move|p1b: Dragapult|Phantom Force|p2b: Wo-Chien|[from]lockedmove\n|-resisted|p2b: Wo-Chien\n|-damage|p2b: Wo-Chien|82\/100\n|-damage|p1b: Dragapult|91\/100|[from] item: Life Orb\n|move|p2a: Glimmora|Mortal Spin|p1a: Gyarados|[spread] p1a,p1b\n|-resisted|p1b: Dragapult\n|-damage|p1a: Gyarados|99\/100\n|-damage|p1b: Dragapult|90\/100\n|-status|p1a: Gyarados|psn\n|-status|p1b: Dragapult|psn\n|move|p2b: Wo-Chien|Leech Seed|p1b: Dragapult\n|-start|p1b: Dragapult|move: Leech Seed\n|\n|-heal|p2b: Wo-Chien|89\/100|[from] item: Leftovers\n|-damage|p1b: Dragapult|77\/100 psn|[from] Leech Seed|[of] p2b: Wo-Chien\n|-heal|p2b: Wo-Chien|99\/100|[silent]\n|-damage|p1b: Dragapult|65\/100 psn|[from] psn\n|-damage|p1a: Gyarados|86\/100 psn|[from] psn\n|upkeep\n|turn|3\n|inactive|RitmanTesting1 has 30 seconds left.\n|\n|t:|1681748392\n|switch|p1b: Palafin|Palafin-Hero, L50, M, shiny|100\/100\n|-activate|p1b: Palafin|ability: Zero to Hero\n|move|p2b: Wo-Chien|Protect|p2b: Wo-Chien\n|-singleturn|p2b: Wo-Chien|Protect\n|move|p2a: Glimmora|Power Gem|p1a: Gyarados\n|-supereffective|p1a: Gyarados\n|-damage|p1a: Gyarados|23\/100 psn\n|-enditem|p1a: Gyarados|Sitrus Berry|[eat]\n|-heal|p1a: Gyarados|48\/100 psn|[from] item: Sitrus Berry\n|move|p1a: Gyarados|Taunt|p2b: Wo-Chien\n|-activate|p2b: Wo-Chien|move: Protect\n|\n|-heal|p2b: Wo-Chien|100\/100|[from] item: Leftovers\n|-damage|p1a: Gyarados|35\/100 psn|[from] psn\n|upkeep\n|turn|4\n|inactive|RitmanTesting1 has 30 seconds left.\n|\n|t:|1681748419\n|-terastallize|p2a: Glimmora|Grass\n|move|p1b: Palafin|Wave Crash|p2a: Glimmora\n|-resisted|p2a: Glimmora\n|-damage|p2a: Glimmora|78\/100\n|-activate|p2a: Glimmora|ability: Toxic Debris\n|-sidestart|p1: maucs|move: Toxic Spikes\n|-damage|p1b: Palafin|94\/100|[from] Recoil\n|move|p2a: Glimmora|Sludge Bomb|p1b: Palafin\n|-damage|p1b: Palafin|54\/100\n|move|p1a: Gyarados|Thunder Wave|p2b: Wo-Chien\n|-status|p2b: Wo-Chien|par\n|cant|p2b: Wo-Chien|par\n|\n|-heal|p1b: Palafin|60\/100|[from] item: Leftovers\n|-damage|p1a: Gyarados|23\/100 psn|[from] psn\n|upkeep\n|turn|5\n|\n|t:|1681748442\n|switch|p1b: Dragapult|Dragapult, L50, M|65\/100 psn\n|move|p2a: Glimmora|Mortal Spin|p1b: Dragapult|[spread] p1a,p1b\n|-resisted|p1b: Dragapult\n|-damage|p1a: Gyarados|21\/100 psn\n|-damage|p1b: Dragapult|64\/100 psn\n|move|p1a: Gyarados|Thunder Wave|p2a: Glimmora\n|-status|p2a: Glimmora|par\n|move|p2b: Wo-Chien|Pollen Puff|p2a: Glimmora\n|-heal|p2a: Glimmora|100\/100 par\n|\n|-damage|p1b: Dragapult|52\/100 psn|[from] psn\n|-damage|p1a: Gyarados|8\/100 psn|[from] psn\n|upkeep\n|turn|6\n|inactive|RitmanTesting1 has 30 seconds left.\n|\n|t:|1681748470\n|move|p1b: Dragapult|Phantom Force||[still]\n|-prepare|p1b: Dragapult|Phantom Force\n|move|p1a: Gyarados|Iron Head|p2b: Wo-Chien\n|-crit|p2b: Wo-Chien\n|-damage|p2b: Wo-Chien|80\/100 par\n|move|p2a: Glimmora|Power Gem|p1a: Gyarados\n|-supereffective|p1a: Gyarados\n|-damage|p1a: Gyarados|0 fnt\n|faint|p1a: Gyarados\n|move|p2b: Wo-Chien|Leech Seed|p1b: Dragapult|[miss]\n|-miss|p2b: Wo-Chien|p1b: Dragapult\n|\n|-heal|p2b: Wo-Chien|86\/100 par|[from] item: Leftovers\n|-damage|p1b: Dragapult|40\/100 psn|[from] psn\n|upkeep\n|\n|t:|1681748483\n|switch|p1a: Flutter Mane|Flutter Mane, L50|100\/100\n|-status|p1a: Flutter Mane|psn\n|-enditem|p1a: Flutter Mane|Booster Energy\n|-activate|p1a: Flutter Mane|ability: Protosynthesis|[fromitem]\n|-start|p1a: Flutter Mane|protosynthesisspa\n|turn|7\n|\n|t:|1681748499\n|move|p1a: Flutter Mane|Protect|p1a: Flutter Mane\n|-singleturn|p1a: Flutter Mane|Protect\n|move|p1b: Dragapult|Phantom Force|p2b: Wo-Chien|[from]lockedmove\n|-resisted|p2b: Wo-Chien\n|-damage|p2b: Wo-Chien|70\/100 par\n|-damage|p1b: Dragapult|30\/100 psn|[from] item: Life Orb\n|cant|p2a: Glimmora|par\n|move|p2b: Wo-Chien|Snarl|p1b: Dragapult|[spread] p1b\n|-activate|p1a: Flutter Mane|move: Protect\n|-supereffective|p1b: Dragapult\n|-damage|p1b: Dragapult|0 fnt\n|faint|p1b: Dragapult\n|\n|-heal|p2b: Wo-Chien|76\/100 par|[from] item: Leftovers\n|-damage|p1a: Flutter Mane|89\/100 psn|[from] psn\n|upkeep\n|\n|t:|1681748508\n|switch|p1b: Palafin|Palafin-Hero, L50, M, shiny|60\/100\n|-status|p1b: Palafin|psn\n|turn|8\n|\n|t:|1681748528\n|-terastallize|p1a: Flutter Mane|Fairy\n|move|p1a: Flutter Mane|Hex|p2a: Glimmora\n|-crit|p2a: Glimmora\n|-damage|p2a: Glimmora|16\/100 par\n|move|p1b: Palafin|Wave Crash|p2a: Glimmora\n|-resisted|p2a: Glimmora\n|-damage|p2a: Glimmora|0 fnt\n|-activate|p2a: Glimmora|ability: Toxic Debris\n|-sidestart|p1: maucs|move: Toxic Spikes\n|faint|p2a: Glimmora\n|-damage|p1b: Palafin|55\/100 psn|[from] Recoil\n|move|p2b: Wo-Chien|Leech Seed|p1a: Flutter Mane\n|-start|p1a: Flutter Mane|move: Leech Seed\n|\n|-heal|p1b: Palafin|61\/100 psn|[from] item: Leftovers\n|-heal|p2b: Wo-Chien|82\/100 par|[from] item: Leftovers\n|-damage|p1a: Flutter Mane|77\/100 psn|[from] Leech Seed|[of] p2b: Wo-Chien\n|-heal|p2b: Wo-Chien|92\/100 par|[silent]\n|-damage|p1a: Flutter Mane|65\/100 psn|[from] psn\n|-damage|p1b: Palafin|49\/100 psn|[from] psn\n|upkeep\n|\n|t:|1681748550\n|switch|p2a: Roaring Moon|Roaring Moon, L50|100\/100\n|-enditem|p2a: Roaring Moon|Booster Energy\n|-activate|p2a: Roaring Moon|ability: Protosynthesis|[fromitem]\n|-start|p2a: Roaring Moon|protosynthesisspe\n|turn|9\n|\n|t:|1681748560\n|cant|p2b: Wo-Chien|par\n|move|p2a: Roaring Moon|Acrobatics|p1a: Flutter Mane\n|-damage|p1a: Flutter Mane|26\/100 psn\n|move|p1a: Flutter Mane|Substitute|p1a: Flutter Mane\n|-start|p1a: Flutter Mane|Substitute\n|-damage|p1a: Flutter Mane|2\/100 psn\n|move|p1b: Palafin|Wave Crash|p2a: Roaring Moon\n|-resisted|p2a: Roaring Moon\n|-damage|p2a: Roaring Moon|74\/100\n|-damage|p1b: Palafin|41\/100 psn|[from] Recoil\n|\n|-heal|p1b: Palafin|46\/100 psn|[from] item: Leftovers\n|-heal|p2b: Wo-Chien|98\/100 par|[from] item: Leftovers\n|-damage|p1a: Flutter Mane|0 fnt|[from] Leech Seed|[of] p2b: Wo-Chien\n|-heal|p2b: Wo-Chien|99\/100 par|[silent]\n|faint|p1a: Flutter Mane\n|-end|p1a: Flutter Mane|Protosynthesis|[silent]\n|-damage|p1b: Palafin|34\/100 psn|[from] psn\n|upkeep\n|turn|10\n|c|\u2606RitmanTesting1|gg\n|-message|maucs forfeited.\n|\n|win|RitmanTesting1\n|raw|maucs's rating: 1320 → 1300<\/strong> (-20 for losing)\n|raw|RitmanTesting1's rating: 1315 → 1335<\/strong> (+20 for winning)\n|l|\u2606maucs\n","uploadtime":1681748603,"views":13,"p1id":"maucs","p2id":"ritmantesting1","formatid":"gen9vgc2023regulationc","rating":1300,"private":0,"password":""}