{"id":"gen9vgc2023regulationc-1859139357","p1":"sus7","p2":"WHITEWOLF081","format":"[Gen 9] VGC 2023 Regulation C","log":"|j|\u2606sus7\n|j|\u2606WHITEWOLF081\n|t:|1683409200\n|gametype|doubles\n|player|p1|sus7|fisherman-gen4|1000\n|player|p2|WHITEWOLF081|266|1083\n|teamsize|p1|6\n|teamsize|p2|6\n|gen|9\n|tier|[Gen 9] VGC 2023 Regulation C\n|rated|\n|rule|Species Clause: Limit one of each Pok\u00e9mon\n|rule|Item Clause: Limit one of each item\n|clearpoke\n|poke|p1|Floatzel, L50, M|\n|poke|p1|Pelipper, L50, F|\n|poke|p1|Brute Bonnet, L50|\n|poke|p1|Wo-Chien, L50|\n|poke|p1|Electrode, L50|\n|poke|p1|Bellibolt, L50, F|\n|poke|p2|Torkoal, L50, F|\n|poke|p2|Grimmsnarl, L50, M|\n|poke|p2|Flutter Mane, L50|\n|poke|p2|Arcanine, L50, M|\n|poke|p2|Lilligant, L50, F|\n|poke|p2|Ting-Lu, L50|\n|teampreview|4\nWHITEWOLF081 has agreed to open team sheets.\n|inactive|Battle timer is ON: inactive players will automatically lose when time's up. (requested by WHITEWOLF081)\n|\n|t:|1683409238\n|start\n|switch|p1a: Pelipper|Pelipper, L50, F|100\/100\n|switch|p1b: Floatzel|Floatzel, L50, M|100\/100\n|switch|p2a: Torkoal|Torkoal, L50, F|100\/100\n|switch|p2b: Grimmsnarl|Grimmsnarl, L50, M|100\/100\n|-weather|RainDance|[from] ability: Drizzle|[of] p1a: Pelipper\n|-weather|SunnyDay|[from] ability: Drought|[of] p2a: Torkoal\n|turn|1\n|inactive|sus7 has 30 seconds left.\n|inactive|WHITEWOLF081 has 30 seconds left.\n|\n|t:|1683409266\n|move|p2a: Torkoal|Protect|p2a: Torkoal\n|-singleturn|p2a: Torkoal|Protect\n|move|p2b: Grimmsnarl|Reflect|p2b: Grimmsnarl\n|-sidestart|p2: WHITEWOLF081|Reflect\n|move|p1b: Floatzel|Soak|p2b: Grimmsnarl\n|-start|p2b: Grimmsnarl|typechange|Water\n|move|p1a: Pelipper|Tailwind|p1a: Pelipper\n|-sidestart|p1: sus7|move: Tailwind\n|\n|-weather|SunnyDay|[upkeep]\n|upkeep\n|turn|2\n|inactive|sus7 has 30 seconds left.\n|\n|t:|1683409300\n|move|p2b: Grimmsnarl|Light Screen|p2b: Grimmsnarl\n|-sidestart|p2: WHITEWOLF081|move: Light Screen\n|move|p1b: Floatzel|Liquidation|p2a: Torkoal\n|-supereffective|p2a: Torkoal\n|-damage|p2a: Torkoal|89\/100\n|move|p1a: Pelipper|U-turn|p2b: Grimmsnarl\n|-damage|p2b: Grimmsnarl|94\/100\n|\n|t:|1683409317\n|switch|p1a: Electrode|Electrode, L50|100\/100|[from] U-turn\n|move|p2a: Torkoal|Overheat|p1b: Floatzel\n|-resisted|p1b: Floatzel\n|-damage|p1b: Floatzel|52\/100\n|-unboost|p2a: Torkoal|spa|2\n|-enditem|p2a: Torkoal|Eject Pack\n|\n|t:|1683409325\n|switch|p2a: Lilligant|Lilligant, L50, F|100\/100\n|\n|-weather|SunnyDay|[upkeep]\n|upkeep\n|turn|3\n|inactive|sus7 has 30 seconds left.\n|inactive|sus7 has 20 seconds left.\n|\n|t:|1683409361\n|switch|p1b: Pelipper|Pelipper, L50, F|100\/100\n|-weather|RainDance|[from] ability: Drizzle|[of] p1b: Pelipper\n|move|p2b: Grimmsnarl|Parting Shot|p1a: Electrode\n|-immune|p1a: Electrode|[from] ability: Soundproof\n|move|p1a: Electrode|Volt Switch|p2b: Grimmsnarl\n|-supereffective|p2b: Grimmsnarl\n|-damage|p2b: Grimmsnarl|66\/100\n|\n|t:|1683409373\n|switch|p1a: Wo-Chien|Wo-Chien, L50|100\/100|[from] Volt Switch\n|-ability|p1a: Wo-Chien|Tablets of Ruin\n|move|p2a: Lilligant|Giga Drain|p1b: Pelipper\n|-damage|p1b: Pelipper|63\/100\n|\n|-weather|RainDance|[upkeep]\n|upkeep\n|turn|4\n|inactive|sus7 has 30 seconds left.\n|\n|t:|1683409399\n|-terastallize|p2a: Lilligant|Water\n|move|p2b: Grimmsnarl|Parting Shot|p1b: Pelipper\n|-unboost|p1b: Pelipper|atk|1\n|-unboost|p1b: Pelipper|spa|1\n|\n|t:|1683409404\n|switch|p2b: Torkoal|Torkoal, L50, F|89\/100|[from] Parting Shot\n|-weather|SunnyDay|[from] ability: Drought|[of] p2b: Torkoal\n|move|p1a: Wo-Chien|Stun Spore|p2b: Torkoal\n|-status|p2b: Torkoal|par\n|move|p2a: Lilligant|Pollen Puff|p1a: Wo-Chien\n|-supereffective|p1a: Wo-Chien\n|-damage|p1a: Wo-Chien|15\/100\n|move|p1b: Pelipper|U-turn|p2a: Lilligant\n|-damage|p2a: Lilligant|97\/100\n|inactive|sus7 has 30 seconds left.\n|\n|t:|1683409432\n|switch|p1b: Floatzel|Floatzel, L50, M|52\/100|[from] U-turn\n|\n|-weather|SunnyDay|[upkeep]\n|-heal|p2a: Lilligant|100\/100|[from] item: Leftovers\n|-sideend|p1: sus7|move: Tailwind\n|upkeep\n|turn|5\n|inactive|sus7 has 30 seconds left.\n|inactive|WHITEWOLF081 has 30 seconds left.\n|inactive|WHITEWOLF081 has 20 seconds left.\n|\n|t:|1683409469\n|switch|p2b: Grimmsnarl|Grimmsnarl, L50, M|66\/100\n|-terastallize|p1b: Floatzel|Water\n|move|p2a: Lilligant|Quiver Dance|p2a: Lilligant\n|-boost|p2a: Lilligant|spa|1\n|-boost|p2a: Lilligant|spd|1\n|-boost|p2a: Lilligant|spe|1\n|move|p1b: Floatzel|Liquidation|p2b: Grimmsnarl\n|-damage|p2b: Grimmsnarl|52\/100\n|move|p1a: Wo-Chien|Leaf Storm|p2a: Lilligant\n|-supereffective|p2a: Lilligant\n|-damage|p2a: Lilligant|49\/100\n|-unboost|p1a: Wo-Chien|spa|2\n|\n|-weather|SunnyDay|[upkeep]\n|-heal|p2a: Lilligant|55\/100|[from] item: Leftovers\n|upkeep\n|turn|6\n|inactive|WHITEWOLF081 has 30 seconds left.\n|\n|t:|1683409494\n|switch|p1a: Pelipper|Pelipper, L50, F|63\/100\n|-weather|RainDance|[from] ability: Drizzle|[of] p1a: Pelipper\n|move|p1b: Floatzel|Substitute|p1b: Floatzel\n|-start|p1b: Floatzel|Substitute\n|-damage|p1b: Floatzel|27\/100\n|move|p2a: Lilligant|Giga Drain|p1b: Floatzel\n|-supereffective|p1b: Floatzel\n|-end|p1b: Floatzel|Substitute\n|-heal|p2a: Lilligant|68\/100|[from] drain|[of] p1b: Floatzel\n|move|p2b: Grimmsnarl|Spirit Break|p1a: Pelipper\n|-damage|p1a: Pelipper|28\/100\n|-unboost|p1a: Pelipper|spa|1\n|\n|-weather|RainDance|[upkeep]\n|-heal|p2a: Lilligant|75\/100|[from] item: Leftovers\n|upkeep\n|turn|7\n|inactive|sus7 has 30 seconds left.\n|inactive|WHITEWOLF081 has 30 seconds left.\n|inactive|sus7 has 20 seconds left.\n|inactive|WHITEWOLF081 has 20 seconds left.\n|\n|t:|1683409532\n|move|p2b: Grimmsnarl|Parting Shot|p1b: Floatzel\n|-unboost|p1b: Floatzel|atk|1\n|-unboost|p1b: Floatzel|spa|1\n|\n|t:|1683409535\n|switch|p2b: Torkoal|Torkoal, L50, F|89\/100 par|[from] Parting Shot\n|-weather|SunnyDay|[from] ability: Drought|[of] p2b: Torkoal\n|move|p2a: Lilligant|Giga Drain|p1a: Pelipper\n|-damage|p1a: Pelipper|0 fnt\n|-heal|p2a: Lilligant|88\/100|[from] drain|[of] p1a: Pelipper\n|faint|p1a: Pelipper\n|move|p1b: Floatzel|Liquidation|p2b: Torkoal\n|-supereffective|p2b: Torkoal\n|-damage|p2b: Torkoal|77\/100 par\n|\n|-weather|SunnyDay|[upkeep]\n|-heal|p2a: Lilligant|94\/100|[from] item: Leftovers\n|upkeep\n|\n|t:|1683409553\n|switch|p1a: Electrode|Electrode, L50|100\/100\n|turn|8\n|\n|t:|1683409574\n|move|p2a: Lilligant|Sleep Powder|p1a: Electrode\n|-status|p1a: Electrode|slp|[from] move: Sleep Powder\n|cant|p1a: Electrode|slp\n|move|p1b: Floatzel|Liquidation|p2b: Torkoal\n|-supereffective|p2b: Torkoal\n|-crit|p2b: Torkoal\n|-damage|p2b: Torkoal|41\/100 par\n|move|p2b: Torkoal|Earth Power|p1a: Electrode\n|-supereffective|p1a: Electrode\n|-damage|p1a: Electrode|41\/100 slp\n|\n|-weather|SunnyDay|[upkeep]\n|-heal|p2a: Lilligant|99\/100|[from] item: Leftovers\n|-sideend|p2: WHITEWOLF081|Reflect\n|upkeep\n|turn|9\n|inactive|sus7 has 30 seconds left.\n|\n|t:|1683409606\n|switch|p1a: Wo-Chien|Wo-Chien, L50|15\/100\n|-ability|p1a: Wo-Chien|Tablets of Ruin\n|move|p2a: Lilligant|Pollen Puff|p1b: Floatzel\n|-damage|p1b: Floatzel|0 fnt\n|faint|p1b: Floatzel\n|move|p2b: Torkoal|Earth Power|p1a: Wo-Chien\n|-resisted|p1a: Wo-Chien\n|-crit|p1a: Wo-Chien\n|-damage|p1a: Wo-Chien|5\/100\n|\n|-weather|SunnyDay|[upkeep]\n|-heal|p2a: Lilligant|100\/100|[from] item: Leftovers\n|-sideend|p2: WHITEWOLF081|move: Light Screen\n|upkeep\n|\n|t:|1683409618\n|switch|p1b: Electrode|Electrode, L50|41\/100 slp\n|turn|10\n|\n|t:|1683409633\n|move|p2a: Lilligant|Giga Drain|p1b: Electrode\n|-damage|p1b: Electrode|0 fnt\n|faint|p1b: Electrode\n|move|p1a: Wo-Chien|Leaf Storm|p2a: Lilligant\n|-supereffective|p2a: Lilligant\n|-damage|p2a: Lilligant|29\/100\n|-unboost|p1a: Wo-Chien|spa|2\n|move|p2b: Torkoal|Overheat|p1a: Wo-Chien\n|-supereffective|p1a: Wo-Chien\n|-damage|p1a: Wo-Chien|0 fnt\n|-unboost|p2b: Torkoal|spa|2\n|faint|p1a: Wo-Chien\n|\n|win|WHITEWOLF081\n|raw|sus7's rating: 1000 → 1000<\/strong> (+0 for losing)\n|raw|WHITEWOLF081's rating: 1083 → 1104<\/strong> (+21 for winning)\n|l|\u2606sus7\n","uploadtime":1683409667,"views":6,"p1id":"sus7","p2id":"whitewolf081","formatid":"gen9vgc2023regulationc","rating":1000,"private":0,"password":""}