{"id":"gen9vgc2023regulationc-1855602880","p1":"Matyel","p2":"StarSword26","format":"[Gen 9] VGC 2023 Regulation C","log":"|j|\u2606Matyel\n|j|\u2606StarSword26\n|t:|1682965684\n|gametype|doubles\n|player|p1|Matyel|geeta|1207\n|player|p2|StarSword26|lucas|1114\n|teamsize|p1|6\n|teamsize|p2|6\n|gen|9\n|tier|[Gen 9] VGC 2023 Regulation C\n|rated|\n|rule|Species Clause: Limit one of each Pok\u00e9mon\n|rule|Item Clause: Limit one of each item\n|clearpoke\n|poke|p1|Umbreon, L50, M|\n|poke|p1|Vivillon-Fancy, L50, F|\n|poke|p1|Armarouge, L50, F|\n|poke|p1|Iron Hands, L50|\n|poke|p1|Flutter Mane, L50|\n|poke|p1|Indeedee-F, L50, F|\n|poke|p2|Sylveon, L50, F|\n|poke|p2|Dragapult, L50, M|\n|poke|p2|Amoonguss, L50, M|\n|poke|p2|Maushold-Four, L50|\n|poke|p2|Talonflame, L50, M|\n|poke|p2|Lucario, L50, F|\n|teampreview|4\n|inactive|Battle timer is ON: inactive players will automatically lose when time's up. (requested by StarSword26)\n|\n|t:|1682965705\n|start\n|switch|p1a: ferropalmas|Iron Hands, L50|100\/100\n|switch|p1b: Umbreon|Umbreon, L50, M|100\/100\n|switch|p2a: Talonflame|Talonflame, L50, M|100\/100\n|switch|p2b: Lucario|Lucario, L50, F|100\/100\n|turn|1\n|\n|t:|1682965720\n|move|p2a: Talonflame|Tailwind|p2a: Talonflame\n|-sidestart|p2: StarSword26|move: Tailwind\n|move|p2b: Lucario|Aura Sphere|p1b: Umbreon\n|-supereffective|p1b: Umbreon\n|-damage|p1b: Umbreon|38\/100\n|move|p1b: Umbreon|Foul Play|p2a: Talonflame\n|-damage|p2a: Talonflame|49\/100\n|move|p1a: ferropalmas|Drain Punch|p2b: Lucario\n|-supereffective|p2b: Lucario\n|-damage|p2b: Lucario|0 fnt\n|faint|p2b: Lucario\n|\n|upkeep\n|\n|t:|1682965734\n|switch|p2b: Sylveon|Sylveon, L50, F|100\/100\n|turn|2\n|\n|t:|1682965752\n|-terastallize|p1a: ferropalmas|Grass\n|move|p2a: Talonflame|Will-O-Wisp|p1a: ferropalmas\n|-status|p1a: ferropalmas|brn\n|move|p2b: Sylveon|Hyper Voice|p1b: Umbreon|[spread] p1a,p1b\n|-supereffective|p1b: Umbreon\n|-damage|p1a: ferropalmas|83\/100 brn\n|-damage|p1b: Umbreon|0 fnt\n|faint|p1b: Umbreon\n|move|p1a: ferropalmas|Heavy Slam|p2b: Sylveon\n|-supereffective|p2b: Sylveon\n|-damage|p2b: Sylveon|58\/100\n|\n|-damage|p1a: ferropalmas|78\/100 brn|[from] brn\n|upkeep\n|\n|t:|1682965761\n|switch|p1b: Armarouge|Armarouge, L50, F|100\/100\n|turn|3\n|\n|t:|1682965774\n|move|p2a: Talonflame|Brave Bird|p1a: ferropalmas\n|-supereffective|p1a: ferropalmas\n|-damage|p1a: ferropalmas|10\/100 brn\n|-damage|p2a: Talonflame|15\/100|[from] Recoil\n|move|p2b: Sylveon|Wish|p2b: Sylveon\n|move|p1b: Armarouge|Expanding Force|p2b: Sylveon\n|-damage|p2b: Sylveon|24\/100\n|-enditem|p2b: Sylveon|Aguav Berry|[eat]\n|-heal|p2b: Sylveon|57\/100|[from] item: Aguav Berry\n|move|p1a: ferropalmas|Heavy Slam|p2b: Sylveon\n|-supereffective|p2b: Sylveon\n|-damage|p2b: Sylveon|15\/100\n|\n|-damage|p1a: ferropalmas|4\/100 brn|[from] brn\n|upkeep\n|turn|4\n|\n|t:|1682965798\n|-end|p1a: ferropalmas|Quark Drive|[silent]\n|switch|p1a: Indeedee|Indeedee-F, L50, F|100\/100\n|-fieldstart|move: Psychic Terrain|[from] ability: Psychic Surge|[of] p1a: Indeedee\n|move|p2b: Sylveon|Protect|p2b: Sylveon\n|-singleturn|p2b: Sylveon|Protect\n|move|p2a: Talonflame|Brave Bird|p1b: Armarouge\n|-damage|p1b: Armarouge|46\/100\n|-ability|p1b: Armarouge|Weak Armor|boost\n|-unboost|p1b: Armarouge|def|1\n|-boost|p1b: Armarouge|spe|2\n|-damage|p2a: Talonflame|0 fnt|[from] Recoil\n|faint|p2a: Talonflame\n|move|p1b: Armarouge|Expanding Force|p2b: Sylveon\n|-activate|p2b: Sylveon|move: Protect\n|\n|-heal|p2b: Sylveon|65\/100|[from] move: Wish|[wisher] Sylveon\n|-sideend|p2: StarSword26|move: Tailwind\n|upkeep\n|\n|t:|1682965814\n|switch|p2a: Maushold|Maushold-Four, L50, shiny|100\/100\n|turn|5\n|\n|t:|1682965829\n|-terastallize|p2a: Maushold|Ghost\n|move|p1a: Indeedee|Helping Hand|p1b: Armarouge\n|-singleturn|p1b: Armarouge|Helping Hand|[of] p1a: Indeedee\n|move|p1b: Armarouge|Expanding Force|p2a: Maushold|[spread] p2a,p2b\n|-damage|p2a: Maushold|0 fnt\n|-damage|p2b: Sylveon|0 fnt\n|faint|p2a: Maushold\n|faint|p2b: Sylveon\n|\n|win|Matyel\n|raw|Matyel's rating: 1207 → 1225<\/strong> (+18 for winning)\n|raw|StarSword26's rating: 1114 → 1096<\/strong> (-18 for losing)\n|l|\u2606StarSword26\n","uploadtime":1682965844,"views":14,"p1id":"matyel","p2id":"starsword26","formatid":"gen9vgc2023regulationc","rating":1096,"private":0,"password":""}