{"id":"gen9vgc2023regulationc-1862765254","p1":"Drop a Dunsparce","p2":"justmar","format":"[Gen 9] VGC 2023 Regulation C","log":"|j|\u2606Drop a Dunsparce\n|j|\u2606justmar\n|t:|1683919611\n|gametype|doubles\n|player|p1|Drop a Dunsparce|swimmer|1329\n|player|p2|justmar|101|1296\n|teamsize|p1|6\n|teamsize|p2|6\n|gen|9\n|tier|[Gen 9] VGC 2023 Regulation C\n|rated|\n|rule|Species Clause: Limit one of each Pok\u00e9mon\n|rule|Item Clause: Limit one of each item\n|clearpoke\n|poke|p1|Wo-Chien, L50|\n|poke|p1|Glimmora, L50, F|\n|poke|p1|Dondozo, L50, F|\n|poke|p1|Tatsugiri, L50, F|\n|poke|p1|Volcarona, L50, M|\n|poke|p1|Chien-Pao, L50|\n|poke|p2|Glimmora, L50, M|\n|poke|p2|Wo-Chien, L50|\n|poke|p2|Gholdengo, L50|\n|poke|p2|Gyarados, L50, M|\n|poke|p2|Amoonguss, L50, F|\n|poke|p2|Rotom-Heat, L50|\n|teampreview|4\n|inactive|Battle timer is ON: inactive players will automatically lose when time's up. (requested by justmar)\n|\n|t:|1683919645\n|start\n|switch|p1a: Volcarona|Volcarona, L50, M|100\/100\n|switch|p1b: Chien-Pao|Chien-Pao, L50|100\/100\n|switch|p2a: Glimmora|Glimmora, L50, M|100\/100\n|switch|p2b: Amoonguss|Amoonguss, L50, F|100\/100\n|-ability|p1b: Chien-Pao|Sword of Ruin\n|turn|1\n|\n|t:|1683919669\n|-terastallize|p1a: Volcarona|Water\n|-terastallize|p2b: Amoonguss|Water\n|move|p2b: Amoonguss|Rage Powder|p2b: Amoonguss\n|-singleturn|p2b: Amoonguss|move: Rage Powder\n|move|p1b: Chien-Pao|Ice Spinner|p2b: Amoonguss\n|-resisted|p2b: Amoonguss\n|-damage|p2b: Amoonguss|80\/100\n|move|p1a: Volcarona|Quiver Dance|p1a: Volcarona\n|-boost|p1a: Volcarona|spa|1\n|-boost|p1a: Volcarona|spd|1\n|-boost|p1a: Volcarona|spe|1\n|move|p2a: Glimmora|Power Gem|p1a: Volcarona\n|-damage|p1a: Volcarona|76\/100\n|\n|upkeep\n|turn|2\n|inactive|Drop a Dunsparce has 30 seconds left.\n|inactive|Drop a Dunsparce has 20 seconds left.\n|\n|t:|1683919709\n|move|p1a: Volcarona|Quiver Dance|p1a: Volcarona\n|-boost|p1a: Volcarona|spa|1\n|-boost|p1a: Volcarona|spd|1\n|-boost|p1a: Volcarona|spe|1\n|move|p1b: Chien-Pao|Sacred Sword|p2b: Amoonguss\n|-damage|p2b: Amoonguss|48\/100\n|move|p2a: Glimmora|Power Gem|p1b: Chien-Pao\n|-supereffective|p1b: Chien-Pao\n|-enditem|p1b: Chien-Pao|Focus Sash\n|-damage|p1b: Chien-Pao|1\/100\n|move|p2b: Amoonguss|Spore|p1a: Volcarona\n|-activate|p1a: Volcarona|item: Safety Goggles|Spore\n|\n|upkeep\n|turn|3\n|\n|t:|1683919734\n|switch|p2b: Gyarados|Gyarados, L50, M|100\/100\n|-ability|p2b: Gyarados|Intimidate|boost\n|-unboost|p1a: Volcarona|atk|1\n|-unboost|p1b: Chien-Pao|atk|1\n|move|p1b: Chien-Pao|Protect|p1b: Chien-Pao\n|-singleturn|p1b: Chien-Pao|Protect\n|move|p1a: Volcarona|Quiver Dance|p1a: Volcarona\n|-boost|p1a: Volcarona|spa|1\n|-boost|p1a: Volcarona|spd|1\n|-boost|p1a: Volcarona|spe|1\n|move|p2a: Glimmora|Mortal Spin|p1a: Volcarona|[spread] p1a\n|-activate|p1b: Chien-Pao|move: Protect\n|-damage|p1a: Volcarona|71\/100\n|-status|p1a: Volcarona|psn\n|\n|-damage|p1a: Volcarona|58\/100 psn|[from] psn\n|upkeep\n|turn|4\n|inactive|Drop a Dunsparce has 30 seconds left.\n|\n|t:|1683919761\n|move|p1a: Volcarona|Bug Buzz|p2b: Gyarados\n|-resisted|p2b: Gyarados\n|-damage|p2b: Gyarados|66\/100\n|move|p1b: Chien-Pao|Sacred Sword|p2a: Glimmora\n|-damage|p2a: Glimmora|74\/100\n|move|p2a: Glimmora|Mortal Spin|p1a: Volcarona|[spread] p1a,p1b\n|-damage|p1a: Volcarona|53\/100 psn\n|-damage|p1b: Chien-Pao|0 fnt\n|faint|p1b: Chien-Pao\n|move|p2b: Gyarados|Waterfall|p1a: Volcarona\n|-resisted|p1a: Volcarona\n|-damage|p1a: Volcarona|33\/100 psn\n|\n|-damage|p1a: Volcarona|21\/100 psn|[from] psn\n|upkeep\n|\n|t:|1683919772\n|switch|p1b: Wo-Chien|Wo-Chien, L50|100\/100\n|-ability|p1b: Wo-Chien|Tablets of Ruin\n|turn|5\n|\n|t:|1683919784\n|move|p1a: Volcarona|Heat Wave|p2a: Glimmora|[spread] p2a,p2b\n|-resisted|p2a: Glimmora\n|-resisted|p2b: Gyarados\n|-damage|p2a: Glimmora|44\/100\n|-damage|p2b: Gyarados|40\/100\n|move|p2a: Glimmora|Mortal Spin|p1a: Volcarona|[spread] p1a,p1b\n|-supereffective|p1b: Wo-Chien\n|-damage|p1a: Volcarona|18\/100 psn\n|-damage|p1b: Wo-Chien|96\/100\n|-status|p1b: Wo-Chien|psn\n|move|p2b: Gyarados|Taunt|p1b: Wo-Chien\n|-start|p1b: Wo-Chien|move: Taunt\n|move|p1b: Wo-Chien|Pollen Puff|p1a: Volcarona\n|-heal|p1a: Volcarona|67\/100 psn\n|\n|-heal|p1b: Wo-Chien|100\/100 psn|[from] item: Leftovers\n|-damage|p1a: Volcarona|55\/100 psn|[from] psn\n|-damage|p1b: Wo-Chien|88\/100 psn|[from] psn\n|upkeep\n|turn|6\n|\n|t:|1683919802\n|move|p1a: Volcarona|Heat Wave|p2a: Glimmora|[spread] p2a,p2b\n|-resisted|p2a: Glimmora\n|-resisted|p2b: Gyarados\n|-damage|p2a: Glimmora|14\/100\n|-damage|p2b: Gyarados|11\/100\n|move|p2a: Glimmora|Sludge Bomb|p1a: Volcarona\n|-damage|p1a: Volcarona|37\/100 psn\n|move|p2b: Gyarados|Waterfall|p1a: Volcarona\n|-resisted|p1a: Volcarona\n|-damage|p1a: Volcarona|21\/100 psn\n|-status|p2b: Gyarados|brn|[from] ability: Flame Body|[of] p1a: Volcarona\n|move|p1b: Wo-Chien|Pollen Puff|p1a: Volcarona\n|-heal|p1a: Volcarona|71\/100 psn\n|\n|-heal|p1b: Wo-Chien|94\/100 psn|[from] item: Leftovers\n|-damage|p1a: Volcarona|59\/100 psn|[from] psn\n|-damage|p1b: Wo-Chien|82\/100 psn|[from] psn\n|-damage|p2b: Gyarados|5\/100 brn|[from] brn\n|upkeep\n|turn|7\n|-message|justmar forfeited.\n|\n|win|Drop a Dunsparce\n|raw|Drop a Dunsparce's rating: 1329 → 1347<\/strong> (+18 for winning)\n|raw|justmar's rating: 1296 → 1273<\/strong> (-23 for losing)\n|l|\u2606justmar\n|l|\u2606Drop a Dunsparce\n|j|\u2606Drop a Dunsparce\n|player|p1|Drop a Dunsparce|swimmer\n","uploadtime":1683920377,"views":12,"p1id":"dropadunsparce","p2id":"justmar","formatid":"gen9vgc2023regulationc","rating":1273,"private":0,"password":""}