{"id":"gen9vgc2023regulationc-1850570767","p1":"MafuMafuSimp","p2":"Pyte 17","format":"[Gen 9] VGC 2023 Regulation C","log":"|j|\u2606MafuMafuSimp\n|j|\u2606Pyte 17\n|t:|1682349567\n|gametype|doubles\n|player|p1|MafuMafuSimp|crasherwake|1491\n|player|p2|Pyte 17|101|1565\n|teamsize|p1|6\n|teamsize|p2|6\n|gen|9\n|tier|[Gen 9] VGC 2023 Regulation C\n|rated|\n|rule|Species Clause: Limit one of each Pok\u00e9mon\n|rule|Item Clause: Limit one of each item\n|clearpoke\n|poke|p1|Breloom, L50, F|\n|poke|p1|Chien-Pao, L50|\n|poke|p1|Flutter Mane, L50|\n|poke|p1|Kingambit, L50, F|\n|poke|p1|Iron Hands, L50|\n|poke|p1|Iron Bundle, L50|\n|poke|p2|Talonflame, L50, M|\n|poke|p2|Corviknight, L50, F|\n|poke|p2|Azumarill, L50, F|\n|poke|p2|Iron Hands, L50|\n|poke|p2|Scream Tail, L50|\n|poke|p2|Amoonguss, L50, M|\n|teampreview|4\n|c|\u2606MafuMafuSimp|glhf\nMafuMafuSimp has agreed to open team sheets.\n|j| Infernape314\n|\n|t:|1682349589\n|start\n|switch|p1a: Kingambit|Kingambit, L50, F|100\/100\n|switch|p1b: Flutter Mane|Flutter Mane, L50|100\/100\n|switch|p2a: Talonflame|Talonflame, L50, M|100\/100\n|switch|p2b: Corviknight|Corviknight, L50, F|100\/100\n|-enditem|p1b: Flutter Mane|Booster Energy\n|-activate|p1b: Flutter Mane|ability: Protosynthesis|[fromitem]\n|-start|p1b: Flutter Mane|protosynthesisspa\n|turn|1\n|j| ROBERT5239423942\n|c| ROBERT5239423942|im here for moral support\n|j| Lukappa_k117\n|c| Infernape314|me too\n|\n|t:|1682349614\n|move|p1b: Flutter Mane|Protect|p1b: Flutter Mane\n|-singleturn|p1b: Flutter Mane|Protect\n|move|p2a: Talonflame|Tailwind|p2a: Talonflame\n|-sidestart|p2: Pyte 17|move: Tailwind\n|move|p2b: Corviknight|Bulk Up|p2b: Corviknight\n|-boost|p2b: Corviknight|atk|1\n|-boost|p2b: Corviknight|def|1\n|move|p1a: Kingambit|Swords Dance|p1a: Kingambit\n|-boost|p1a: Kingambit|atk|2\n|\n|upkeep\n|turn|2\n|c|\u2606MafuMafuSimp|oh god\n|\n|t:|1682349640\n|-end|p1b: Flutter Mane|Protosynthesis|[silent]\n|switch|p1b: Breloom|Breloom, L50, F|100\/100\n|-terastallize|p1a: Kingambit|Flying\n|move|p2a: Talonflame|Will-O-Wisp|p1a: Kingambit\n|-status|p1a: Kingambit|brn\n|move|p2b: Corviknight|Brave Bird|p1b: Breloom\n|-supereffective|p1b: Breloom\n|-enditem|p1b: Breloom|Focus Sash\n|-damage|p1b: Breloom|1\/100\n|-damage|p2b: Corviknight|78\/100|[from] Recoil\n|move|p1a: Kingambit|Tera Blast|p2a: Talonflame\n|-damage|p2a: Talonflame|46\/100\n|\n|-damage|p1a: Kingambit|95\/100 brn|[from] brn\n|upkeep\n|turn|3\n|\n|t:|1682349672\n|move|p1b: Breloom|Mach Punch|p2b: Corviknight\n|-damage|p2b: Corviknight|59\/100\n|move|p1a: Kingambit|Sucker Punch|p2a: Talonflame\n|-damage|p2a: Talonflame|0 fnt\n|faint|p2a: Talonflame\n|move|p2b: Corviknight|Brave Bird|p1a: Kingambit\n|-damage|p1a: Kingambit|38\/100 brn\n|-damage|p2b: Corviknight|39\/100|[from] Recoil\n|-enditem|p2b: Corviknight|Sitrus Berry|[eat]\n|-heal|p2b: Corviknight|64\/100|[from] item: Sitrus Berry\n|\n|-damage|p1a: Kingambit|32\/100 brn|[from] brn\n|upkeep\n|\n|t:|1682349686\n|switch|p2a: Scream Tail|Scream Tail, L50|100\/100\n|-enditem|p2a: Scream Tail|Booster Energy\n|-activate|p2a: Scream Tail|ability: Protosynthesis|[fromitem]\n|-start|p2a: Scream Tail|protosynthesisspe\n|turn|4\n|\n|t:|1682349708\n|switch|p1b: Flutter Mane|Flutter Mane, L50|100\/100\n|move|p1a: Kingambit|Sucker Punch|p2a: Scream Tail\n|-damage|p2a: Scream Tail|66\/100\n|move|p2a: Scream Tail|Dazzling Gleam|p1b: Flutter Mane|[spread] p1a,p1b\n|-crit|p1a: Kingambit\n|-damage|p1a: Kingambit|10\/100 brn\n|-damage|p1b: Flutter Mane|87\/100\n|move|p2b: Corviknight|Brave Bird|p1a: Kingambit\n|-damage|p1a: Kingambit|0 fnt\n|faint|p1a: Kingambit\n|-damage|p2b: Corviknight|61\/100|[from] Recoil\n|\n|-sideend|p2: Pyte 17|move: Tailwind\n|upkeep\n|\n|t:|1682349718\n|switch|p1a: Chien-Pao|Chien-Pao, L50|100\/100\n|-ability|p1a: Chien-Pao|Sword of Ruin\n|turn|5\n|\n|t:|1682349734\n|move|p2a: Scream Tail|Protect|p2a: Scream Tail\n|-singleturn|p2a: Scream Tail|Protect\n|move|p1a: Chien-Pao|Protect|p1a: Chien-Pao\n|-singleturn|p1a: Chien-Pao|Protect\n|move|p2b: Corviknight|Protect|p2b: Corviknight\n|-singleturn|p2b: Corviknight|Protect\n|move|p1b: Flutter Mane|Shadow Ball|p2a: Scream Tail\n|-activate|p2a: Scream Tail|move: Protect\n|\n|upkeep\n|turn|6\n|\n|t:|1682349758\n|-terastallize|p2a: Scream Tail|Normal\n|move|p1a: Chien-Pao|Sucker Punch||[still]\n|-fail|p1a: Chien-Pao\n|move|p2a: Scream Tail|Encore|p1a: Chien-Pao\n|-start|p1a: Chien-Pao|Encore\n|move|p1b: Flutter Mane|Shadow Ball|p2a: Scream Tail\n|-immune|p2a: Scream Tail\n|move|p2b: Corviknight|Brave Bird|p1b: Flutter Mane\n|-crit|p1b: Flutter Mane\n|-damage|p1b: Flutter Mane|0 fnt\n|faint|p1b: Flutter Mane\n|-end|p1b: Flutter Mane|Protosynthesis|[silent]\n|-damage|p2b: Corviknight|42\/100|[from] Recoil\n|\n|upkeep\n|\n|t:|1682349761\n|switch|p1b: Breloom|Breloom, L50, F|1\/100\n|turn|7\n|\n|t:|1682349781\n|move|p2a: Scream Tail|Protect|p2a: Scream Tail\n|-singleturn|p2a: Scream Tail|Protect\n|move|p1a: Chien-Pao|Sucker Punch||[still]\n|-fail|p1a: Chien-Pao\n|move|p1b: Breloom|Mach Punch|p2a: Scream Tail\n|-activate|p2a: Scream Tail|move: Protect\n|move|p2b: Corviknight|Roost|p2b: Corviknight\n|-heal|p2b: Corviknight|92\/100\n|-singleturn|p2b: Corviknight|move: Roost\n|\n|upkeep\n|turn|8\n|c|\u2606MafuMafuSimp|its over rip\n|\n|t:|1682349809\n|move|p1a: Chien-Pao|Sucker Punch||[still]\n|-fail|p1a: Chien-Pao\n|move|p1b: Breloom|Mach Punch|p2a: Scream Tail\n|-supereffective|p2a: Scream Tail\n|-damage|p2a: Scream Tail|0 fnt\n|faint|p2a: Scream Tail\n|-end|p2a: Scream Tail|Protosynthesis|[silent]\n|move|p2b: Corviknight|Bulk Up|p2b: Corviknight\n|-boost|p2b: Corviknight|atk|1\n|-boost|p2b: Corviknight|def|1\n|\n|upkeep\n|\n|t:|1682349818\n|switch|p2a: Azumarill|Azumarill, L50, F|100\/100\n|turn|9\n|\n|t:|1682349834\n|move|p2b: Corviknight|Protect|p2b: Corviknight\n|-singleturn|p2b: Corviknight|Protect\n|move|p1a: Chien-Pao|Sucker Punch||[still]\n|-fail|p1a: Chien-Pao\n|move|p2a: Azumarill|Aqua Jet|p1b: Breloom\n|-resisted|p1b: Breloom\n|-damage|p1b: Breloom|0 fnt\n|faint|p1b: Breloom\n|\n|-end|p1a: Chien-Pao|Encore\n|upkeep\n|turn|10\n|c|\u2606MafuMafuSimp|gg\n|c| ROBERT5239423942|dam\n|c| ROBERT5239423942|the pressure got to ya\n|\n|t:|1682349852\n|move|p1a: Chien-Pao|Sacred Sword|p2b: Corviknight\n|-damage|p2b: Corviknight|43\/100\n|-damage|p1a: Chien-Pao|91\/100|[from] item: Life Orb\n|move|p2b: Corviknight|Brave Bird|p1a: Chien-Pao\n|-damage|p1a: Chien-Pao|0 fnt\n|faint|p1a: Chien-Pao\n|-damage|p2b: Corviknight|19\/100|[from] Recoil\n|\n|win|Pyte 17\n|raw|MafuMafuSimp's rating: 1491 → 1475<\/strong> (-16 for losing)\n|raw|Pyte 17's rating: 1565 → 1581<\/strong> (+16 for winning)\n|l| Lukappa_k117\n|c|\u2606MafuMafuSimp|got outplayed rip\n|l| ROBERT5239423942\n|l|\u2606MafuMafuSimp\n|l| Infernape314\n","uploadtime":1682349912,"views":19,"p1id":"mafumafusimp","p2id":"pyte17","formatid":"gen9vgc2023regulationc","rating":1475,"private":0,"password":""}