{"id":"gen9vgc2023regulationc-1860088748","p1":"Awesomeacuz13","p2":"daffhelado","format":"[Gen 9] VGC 2023 Regulation C","log":"|j|\u2606Awesomeacuz13\n|j|\u2606daffhelado\n|t:|1683593860\n|gametype|doubles\n|player|p1|Awesomeacuz13|hanbei-conquest|1077\n|player|p2|daffhelado|266|1027\n|teamsize|p1|6\n|teamsize|p2|6\n|gen|9\n|tier|[Gen 9] VGC 2023 Regulation C\n|rated|\n|rule|Species Clause: Limit one of each Pok\u00e9mon\n|rule|Item Clause: Limit one of each item\n|clearpoke\n|poke|p1|Chi-Yu, L50|\n|poke|p1|Torkoal, L50, F|\n|poke|p1|Flutter Mane, L50|\n|poke|p1|Great Tusk, L50|\n|poke|p1|Kingambit, L50, M|\n|poke|p1|Jumpluff, L50, M|\n|poke|p2|Torkoal, L50, M|\n|poke|p2|Flutter Mane, L50|\n|poke|p2|Jumpluff, L50, M|\n|poke|p2|Chien-Pao, L50|\n|poke|p2|Great Tusk, L50|\n|poke|p2|Kingambit, L50, F|\n|teampreview|4\nAwesomeacuz13 rejected open team sheets.\n|inactive|Battle timer is ON: inactive players will automatically lose when time's up. (requested by Awesomeacuz13)\n|\n|t:|1683593899\n|start\n|switch|p1a: Schmurda|Torkoal, L50, F|100\/100\n|switch|p1b: Inferno|Chi-Yu, L50|100\/100\n|switch|p2a: Jumpluff|Jumpluff, L50, M|100\/100\n|switch|p2b: Torkoal|Torkoal, L50, M|100\/100\n|-ability|p1b: Inferno|Beads of Ruin\n|-weather|SunnyDay|[from] ability: Drought|[of] p1a: Schmurda\n|turn|1\n|inactive|daffhelado has 30 seconds left.\n|\n|t:|1683593933\n|-terastallize|p1b: Inferno|Grass\n|move|p2b: Torkoal|Protect|p2b: Torkoal\n|-singleturn|p2b: Torkoal|Protect\n|move|p2a: Jumpluff|Sleep Powder|p1b: Inferno\n|-immune|p1b: Inferno\n|move|p1b: Inferno|Heat Wave|p2a: Jumpluff|[spread] \n|-activate|p2b: Torkoal|move: Protect\n|-miss|p1b: Inferno|p2a: Jumpluff\n|move|p1a: Schmurda|Heat Wave|p2b: Torkoal|[spread] p2a\n|-activate|p2b: Torkoal|move: Protect\n|-supereffective|p2a: Jumpluff\n|-damage|p2a: Jumpluff|0 fnt\n|faint|p2a: Jumpluff\n|\n|-weather|SunnyDay|[upkeep]\n|upkeep\n|\n|t:|1683593949\n|switch|p2a: Chien-Pao|Chien-Pao, L50|100\/100\n|-ability|p2a: Chien-Pao|Sword of Ruin\n|turn|2\n|\n|t:|1683593958\n|move|p1b: Inferno|Heat Wave|p2a: Chien-Pao|[spread] p2a,p2b\n|-supereffective|p2a: Chien-Pao\n|-resisted|p2b: Torkoal\n|-enditem|p2a: Chien-Pao|Focus Sash\n|-damage|p2a: Chien-Pao|1\/100\n|-damage|p2b: Torkoal|53\/100\n|-status|p2a: Chien-Pao|brn\n|move|p2a: Chien-Pao|Ice Spinner|p1b: Inferno\n|-supereffective|p1b: Inferno\n|-damage|p1b: Inferno|6\/100\n|move|p1a: Schmurda|Overheat|p2a: Chien-Pao\n|-supereffective|p2a: Chien-Pao\n|-damage|p2a: Chien-Pao|0 fnt\n|-unboost|p1a: Schmurda|spa|2\n|-enditem|p1a: Schmurda|Eject Pack\n|faint|p2a: Chien-Pao\n|\n|t:|1683593967\n|switch|p1a: Vegas Nights|Flutter Mane, L50|100\/100\n|-activate|p1a: Vegas Nights|ability: Protosynthesis\n|-start|p1a: Vegas Nights|protosynthesisspe\n|move|p2b: Torkoal|Earth Power|p1a: Vegas Nights\n|-damage|p1a: Vegas Nights|69\/100\n|\n|-weather|SunnyDay|[upkeep]\n|upkeep\n|\n|t:|1683593979\n|switch|p2a: Flutter Mane|Flutter Mane, L50|100\/100\n|-activate|p2a: Flutter Mane|ability: Protosynthesis\n|-start|p2a: Flutter Mane|protosynthesisspe\n|turn|3\n|\n|t:|1683593992\n|-terastallize|p2a: Flutter Mane|Fairy\n|move|p2a: Flutter Mane|Dazzling Gleam|p1b: Inferno|[spread] p1a,p1b\n|-damage|p1a: Vegas Nights|21\/100\n|-damage|p1b: Inferno|0 fnt\n|faint|p1b: Inferno\n|move|p1a: Vegas Nights|Dazzling Gleam|p2b: Torkoal|[spread] p2a,p2b\n|-resisted|p2b: Torkoal\n|-damage|p2a: Flutter Mane|58\/100\n|-damage|p2b: Torkoal|27\/100\n|move|p2b: Torkoal|Heat Wave|p1a: Vegas Nights\n|-damage|p1a: Vegas Nights|0 fnt\n|faint|p1a: Vegas Nights\n|-end|p1a: Vegas Nights|Protosynthesis|[silent]\n|\n|-weather|SunnyDay|[upkeep]\n|upkeep\n|\n|t:|1683593999\n|switch|p1a: Schmurda|Torkoal, L50, F|100\/100\n|switch|p1b: Muramasa|Kingambit, L50, M|100\/100\n|turn|4\n|\n|t:|1683594013\n|move|p2a: Flutter Mane|Protect|p2a: Flutter Mane\n|-singleturn|p2a: Flutter Mane|Protect\n|move|p1a: Schmurda|Protect|p1a: Schmurda\n|-singleturn|p1a: Schmurda|Protect\n|move|p1b: Muramasa|Iron Head|p2a: Flutter Mane\n|-activate|p2a: Flutter Mane|move: Protect\n|move|p2b: Torkoal|Heat Wave|p1a: Schmurda|[spread] p1b\n|-activate|p1a: Schmurda|move: Protect\n|-supereffective|p1b: Muramasa\n|-damage|p1b: Muramasa|38\/100\n|\n|-weather|SunnyDay|[upkeep]\n|upkeep\n|turn|5\n|inactive|daffhelado has 30 seconds left.\n|\n|t:|1683594040\n|move|p1b: Muramasa|Sucker Punch|p2b: Torkoal\n|-damage|p2b: Torkoal|0 fnt\n|faint|p2b: Torkoal\n|move|p2a: Flutter Mane|Dazzling Gleam|p1b: Muramasa|[spread] p1a,p1b\n|-resisted|p1a: Schmurda\n|-damage|p1a: Schmurda|72\/100\n|-damage|p1b: Muramasa|12\/100\n|move|p1a: Schmurda|Clear Smog|p2a: Flutter Mane\n|-supereffective|p2a: Flutter Mane\n|-damage|p2a: Flutter Mane|29\/100\n|-clearboost|p2a: Flutter Mane\n|\n|-weather|none\n|-end|p2a: Flutter Mane|Protosynthesis\n|upkeep\n|-enditem|p2a: Flutter Mane|Booster Energy\n|-activate|p2a: Flutter Mane|ability: Protosynthesis|[fromitem]\n|-start|p2a: Flutter Mane|protosynthesisspe\n|turn|6\n|-message|daffhelado forfeited.\n|\n|win|Awesomeacuz13\n|raw|Awesomeacuz13's rating: 1077 → 1101<\/strong> (+24 for winning)\n|raw|daffhelado's rating: 1027 → 1015<\/strong> (-12 for losing)\n|l|\u2606daffhelado\n","uploadtime":1683594053,"views":9,"p1id":"awesomeacuz13","p2id":"daffhelado","formatid":"gen9vgc2023regulationc","rating":1015,"private":0,"password":""}