{"id":"gen9vgc2023regulationc-1845412962","p1":"utx7tf7yfy7f","p2":"Someguy459","format":"[Gen 9] VGC 2023 Regulation C","log":"|j|\u2606utx7tf7yfy7f\n|j|\u2606Someguy459\n|t:|1681729899\n|gametype|doubles\n|player|p1|utx7tf7yfy7f|101|1219\n|player|p2|Someguy459|winona|1136\n|teamsize|p1|6\n|teamsize|p2|6\n|gen|9\n|tier|[Gen 9] VGC 2023 Regulation C\n|rated|\n|rule|Species Clause: Limit one of each Pok\u00e9mon\n|rule|Item Clause: Limit one of each item\n|clearpoke\n|poke|p1|Tyranitar, L50, F|\n|poke|p1|Corviknight, L50, F|\n|poke|p1|Ditto, L50|\n|poke|p1|Great Tusk, L50|\n|poke|p1|Rotom-Wash, L50|\n|poke|p1|Lycanroc, L50, M|\n|poke|p2|Iron Bundle, L50|\n|poke|p2|Corviknight, L50, M|\n|poke|p2|Arcanine, L50, M|\n|poke|p2|Ting-Lu, L50|\n|poke|p2|Flutter Mane, L50|\n|poke|p2|Dragonite, L50, F|\n|teampreview|4\nSomeguy459 has agreed to open team sheets.\n|\n|t:|1681729961\n|start\n|switch|p1a: Corviknight|Corviknight, L50, F|100\/100\n|switch|p1b: Lycanroc|Lycanroc, L50, M|100\/100\n|switch|p2a: Flutter Mane|Flutter Mane, L50|100\/100\n|switch|p2b: Corviknight|Corviknight, L50, M|100\/100\n|-enditem|p2a: Flutter Mane|Booster Energy\n|-activate|p2a: Flutter Mane|ability: Protosynthesis|[fromitem]\n|-start|p2a: Flutter Mane|protosynthesisspe\n|turn|1\n|\n|t:|1681729988\n|switch|p1a: Tyranitar|Tyranitar, L50, F|100\/100\n|-weather|Sandstorm|[from] ability: Sand Stream|[of] p1a: Tyranitar\n|move|p2a: Flutter Mane|Protect|p2a: Flutter Mane\n|-singleturn|p2a: Flutter Mane|Protect\n|move|p1b: Lycanroc|Rock Slide|p2b: Corviknight|[spread] \n|-activate|p2a: Flutter Mane|move: Protect\n|-miss|p1b: Lycanroc|p2b: Corviknight\n|move|p2b: Corviknight|Iron Head|p1b: Lycanroc\n|-supereffective|p1b: Lycanroc\n|-damage|p1b: Lycanroc|20\/100\n|\n|-weather|Sandstorm|[upkeep]\n|-damage|p2a: Flutter Mane|94\/100|[from] Sandstorm\n|upkeep\n|turn|2\n|\n|t:|1681730007\n|-end|p2a: Flutter Mane|Protosynthesis|[silent]\n|switch|p2a: Arcanine|Arcanine, L50, M|100\/100\n|-ability|p2a: Arcanine|Intimidate|boost\n|-unboost|p1a: Tyranitar|atk|1\n|-unboost|p1b: Lycanroc|atk|1\n|move|p1b: Lycanroc|Endeavor|p2b: Corviknight\n|-damage|p2b: Corviknight|16\/100\n|move|p2b: Corviknight|Tailwind|p2b: Corviknight\n|-sidestart|p2: Someguy459|move: Tailwind\n|move|p1a: Tyranitar|Rock Slide|p2a: Arcanine|[spread] p2a,p2b\n|-supereffective|p2a: Arcanine\n|-damage|p2a: Arcanine|57\/100\n|-damage|p2b: Corviknight|0 fnt\n|faint|p2b: Corviknight\n|\n|-weather|Sandstorm|[upkeep]\n|upkeep\n|\n|t:|1681730021\n|switch|p2b: Flutter Mane|Flutter Mane, L50|94\/100\n|turn|3\n|\n|t:|1681730054\n|switch|p1b: Corviknight|Corviknight, L50, F|100\/100\n|move|p2a: Arcanine|Protect|p2a: Arcanine\n|-singleturn|p2a: Arcanine|Protect\n|move|p2b: Flutter Mane|Dazzling Gleam|p1b: Corviknight|[spread] p1a,p1b\n|-supereffective|p1a: Tyranitar\n|-resisted|p1b: Corviknight\n|-damage|p1a: Tyranitar|71\/100\n|-damage|p1b: Corviknight|85\/100\n|move|p1a: Tyranitar|Rock Slide|p2b: Flutter Mane|[spread] p2b\n|-activate|p2a: Arcanine|move: Protect\n|-damage|p2b: Flutter Mane|48\/100\n|\n|-weather|Sandstorm|[upkeep]\n|-damage|p2b: Flutter Mane|42\/100|[from] Sandstorm\n|upkeep\n|turn|4\n|\n|t:|1681730077\n|move|p2b: Flutter Mane|Protect|p2b: Flutter Mane\n|-singleturn|p2b: Flutter Mane|Protect\n|move|p2a: Arcanine|Flare Blitz|p1b: Corviknight\n|-supereffective|p1b: Corviknight\n|-damage|p1b: Corviknight|23\/100\n|-damage|p2a: Arcanine|41\/100|[from] item: Rocky Helmet|[of] p1b: Corviknight\n|-damage|p2a: Arcanine|19\/100|[from] Recoil\n|move|p1b: Corviknight|Tailwind|p1b: Corviknight\n|-sidestart|p1: utx7tf7yfy7f|move: Tailwind\n|move|p1a: Tyranitar|Rock Slide|p2a: Arcanine|[spread] p2a\n|-activate|p2b: Flutter Mane|move: Protect\n|-supereffective|p2a: Arcanine\n|-damage|p2a: Arcanine|0 fnt\n|faint|p2a: Arcanine\n|\n|-weather|Sandstorm|[upkeep]\n|-damage|p2b: Flutter Mane|36\/100|[from] Sandstorm\n|upkeep\n|\n|t:|1681730092\n|switch|p2a: Iron Bundle|Iron Bundle, L50|100\/100\n|turn|5\n|\n|t:|1681730129\n|-terastallize|p2a: Iron Bundle|Steel\n|move|p2b: Flutter Mane|Shadow Ball|p1b: Corviknight\n|-damage|p1b: Corviknight|0 fnt\n|faint|p1b: Corviknight\n|move|p2a: Iron Bundle|Hydro Pump|p1a: Tyranitar\n|-supereffective|p1a: Tyranitar\n|-crit|p1a: Tyranitar\n|-damage|p1a: Tyranitar|0 fnt\n|faint|p1a: Tyranitar\n|\n|-weather|none\n|-sideend|p2: Someguy459|move: Tailwind\n|upkeep\n|\n|t:|1681730139\n|switch|p1b: Rotom|Rotom-Wash, L50|100\/100\n|switch|p1a: Lycanroc|Lycanroc, L50, M|20\/100\n|turn|6\n|\n|t:|1681730168\n|-terastallize|p1b: Rotom|Electric\n|move|p2b: Flutter Mane|Protect|p2b: Flutter Mane\n|-singleturn|p2b: Flutter Mane|Protect\n|move|p1a: Lycanroc|Close Combat|p2a: Iron Bundle\n|-supereffective|p2a: Iron Bundle\n|-damage|p2a: Iron Bundle|20\/100\n|-unboost|p1a: Lycanroc|def|1\n|-unboost|p1a: Lycanroc|spd|1\n|move|p1b: Rotom|Thunderbolt|p2b: Flutter Mane\n|-activate|p2b: Flutter Mane|move: Protect\n|move|p2a: Iron Bundle|Tera Blast|p1a: Lycanroc\n|-supereffective|p1a: Lycanroc\n|-damage|p1a: Lycanroc|0 fnt\n|faint|p1a: Lycanroc\n|\n|upkeep\n|turn|7\n|\n|t:|1681730190\n|move|p1b: Rotom|Thunderbolt|p2b: Flutter Mane\n|-damage|p2b: Flutter Mane|0 fnt\n|faint|p2b: Flutter Mane\n|-end|p2b: Flutter Mane|Protosynthesis|[silent]\n|move|p2a: Iron Bundle|Hydro Pump|p1b: Rotom\n|-damage|p1b: Rotom|32\/100\n|\n|-sideend|p1: utx7tf7yfy7f|move: Tailwind\n|upkeep\n|turn|8\n|-message|utx7tf7yfy7f forfeited.\n|\n|win|Someguy459\n|raw|utx7tf7yfy7f's rating: 1219 → 1188<\/strong> (-31 for losing)\n|raw|Someguy459's rating: 1136 → 1167<\/strong> (+31 for winning)\n|l|\u2606utx7tf7yfy7f\n","uploadtime":1681730211,"views":10,"p1id":"utx7tf7yfy7f","p2id":"someguy459","formatid":"gen9vgc2023regulationc","rating":1167,"private":0,"password":""}