{"id":"gen9vgc2023regulationc-1863641516","p1":"TheGalvinBros","p2":"Tgcdgbcccv","format":"[Gen 9] VGC 2023 Regulation C","log":"|j|\u2606TheGalvinBros\n|j|\u2606Tgcdgbcccv\n|t:|1684049802\n|gametype|doubles\n|player|p1|TheGalvinBros|backers|1024\n|player|p2|Tgcdgbcccv|101|1000\n|teamsize|p1|6\n|teamsize|p2|6\n|gen|9\n|tier|[Gen 9] VGC 2023 Regulation C\n|rated|\n|rule|Species Clause: Limit one of each Pok\u00e9mon\n|rule|Item Clause: Limit one of each item\n|clearpoke\n|poke|p1|Scizor, L50, F|\n|poke|p1|Falinks, L50|\n|poke|p1|Ting-Lu, L50|\n|poke|p1|Gothitelle, L50, M|\n|poke|p1|Flutter Mane, L50|\n|poke|p1|Amoonguss, L50, F|\n|poke|p2|Abomasnow, L50, F|\n|poke|p2|Iron Bundle, L50|\n|poke|p2|Beartic, L50, M|\n|poke|p2|Chien-Pao, L50|\n|poke|p2|Baxcalibur, L50, M|\n|poke|p2|Frosmoth, L50, F|\n|teampreview|4\nTheGalvinBros has agreed to open team sheets.\n|inactive|Battle timer is ON: inactive players will automatically lose when time's up. (requested by TheGalvinBros)\n|\n|t:|1684049844\n|start\n|switch|p1a: Foreman|Scizor, L50, F|100\/100\n|switch|p1b: Gothitelle|Gothitelle, L50, M|100\/100\n|switch|p2a: Chien-Pao|Chien-Pao, L50|100\/100\n|switch|p2b: Abomasnow|Abomasnow, L50, F|100\/100\n|-ability|p2a: Chien-Pao|Sword of Ruin\n|-weather|Snow|[from] ability: Snow Warning|[of] p2b: Abomasnow\n|turn|1\n|inactive|Tgcdgbcccv has 30 seconds left.\n|inactive|Tgcdgbcccv has 20 seconds left.\n|inactive|Tgcdgbcccv has 15 seconds left.\n|inactive|Tgcdgbcccv has 10 seconds left.\n|\n|t:|1684049890\n|move|p1b: Gothitelle|Fake Out|p2a: Chien-Pao\n|-damage|p2a: Chien-Pao|95\/100\n|cant|p2a: Chien-Pao|flinch\n|move|p2b: Abomasnow|Aurora Veil|p2b: Abomasnow\n|-sidestart|p2: Tgcdgbcccv|move: Aurora Veil\n|move|p1a: Foreman|Swords Dance|p1a: Foreman\n|-boost|p1a: Foreman|atk|2\n|\n|-weather|Snow|[upkeep]\n|upkeep\n|turn|2\n|inactive|TheGalvinBros has 30 seconds left.\n|inactive|TheGalvinBros has 20 seconds left.\n|inactive|TheGalvinBros has 15 seconds left.\n|inactive|TheGalvinBros has 10 seconds left.\n|\n|t:|1684049936\n|switch|p1b: Lefri|Falinks, L50|100\/100\n|move|p2a: Chien-Pao|Sucker Punch|p1a: Foreman\n|-damage|p1a: Foreman|17\/100\n|move|p1a: Foreman|Bullet Punch|p2a: Chien-Pao\n|-supereffective|p2a: Chien-Pao\n|-damage|p2a: Chien-Pao|15\/100\n|move|p2b: Abomasnow|Blizzard|p1a: Foreman|[spread] p1a,p1b\n|-resisted|p1a: Foreman\n|-damage|p1a: Foreman|0 fnt\n|-damage|p1b: Lefri|49\/100\n|-status|p1b: Lefri|frz\n|faint|p1a: Foreman\n|\n|-weather|Snow|[upkeep]\n|upkeep\n|\n|t:|1684049950\n|switch|p1a: Whoopass|Flutter Mane, L50|100\/100\n|-enditem|p1a: Whoopass|Booster Energy\n|-activate|p1a: Whoopass|ability: Protosynthesis|[fromitem]\n|-start|p1a: Whoopass|protosynthesisspa\n|turn|3\n|\n|t:|1684049966\n|switch|p2a: Beartic|Beartic, L50, M|100\/100\n|cant|p1b: Lefri|frz\n|move|p1a: Whoopass|Shadow Ball|p2a: Beartic\n|-damage|p2a: Beartic|51\/100\n|move|p2b: Abomasnow|Blizzard|p1b: Lefri|[spread] p1a,p1b\n|-damage|p1a: Whoopass|66\/100\n|-damage|p1b: Lefri|0 fnt\n|faint|p1b: Lefri\n|\n|-weather|Snow|[upkeep]\n|upkeep\n|\n|t:|1684049976\n|switch|p1b: Gothitelle|Gothitelle, L50, M|100\/100\n|turn|4\n|\n|t:|1684049999\n|-terastallize|p2a: Beartic|Water\n|move|p1b: Gothitelle|Fake Out|p2b: Abomasnow\n|-damage|p2b: Abomasnow|96\/100\n|move|p2a: Beartic|Aqua Jet|p1a: Whoopass\n|-damage|p1a: Whoopass|35\/100\n|move|p1a: Whoopass|Moonblast|p2a: Beartic\n|-damage|p2a: Beartic|0 fnt\n|faint|p2a: Beartic\n|cant|p2b: Abomasnow|flinch\n|\n|-weather|Snow|[upkeep]\n|upkeep\n|\n|t:|1684050014\n|switch|p2a: Chien-Pao|Chien-Pao, L50|15\/100\n|-ability|p2a: Chien-Pao|Sword of Ruin\n|turn|5\n|\n|t:|1684050030\n|move|p1a: Whoopass|Protect|p1a: Whoopass\n|-singleturn|p1a: Whoopass|Protect\n|move|p2a: Chien-Pao|Ice Shard|p1a: Whoopass\n|-activate|p1a: Whoopass|move: Protect\n|move|p2b: Abomasnow|Blizzard|p1a: Whoopass|[spread] p1b\n|-activate|p1a: Whoopass|move: Protect\n|-damage|p1b: Gothitelle|76\/100\n|move|p1b: Gothitelle|Thunder Wave|p2a: Chien-Pao\n|-status|p2a: Chien-Pao|par\n|\n|-weather|none\n|-heal|p1b: Gothitelle|82\/100|[from] item: Leftovers\n|-sideend|p2: Tgcdgbcccv|move: Aurora Veil\n|upkeep\n|turn|6\n|inactive|TheGalvinBros has 30 seconds left.\n|inactive|Tgcdgbcccv has 30 seconds left.\n|inactive|TheGalvinBros has 20 seconds left.\n|inactive|Tgcdgbcccv has 20 seconds left.\n|inactive|Tgcdgbcccv has 15 seconds left.\n|inactive|TheGalvinBros has 15 seconds left.\n|inactive|Tgcdgbcccv has 10 seconds left.\n|\n|t:|1684050078\n|move|p2a: Chien-Pao|Ice Shard|p1a: Whoopass\n|-damage|p1a: Whoopass|0 fnt\n|faint|p1a: Whoopass\n|-end|p1a: Whoopass|Protosynthesis|[silent]\n|move|p2b: Abomasnow|Energy Ball|p1b: Gothitelle\n|-damage|p1b: Gothitelle|53\/100\n|move|p1b: Gothitelle|Thunder Wave|p2b: Abomasnow\n|-status|p2b: Abomasnow|par\n|\n|-heal|p1b: Gothitelle|59\/100|[from] item: Leftovers\n|upkeep\n|turn|7\n|\n|t:|1684050094\n|move|p1b: Gothitelle|Protect|p1b: Gothitelle\n|-singleturn|p1b: Gothitelle|Protect\n|move|p2a: Chien-Pao|Ice Shard|p1b: Gothitelle\n|-activate|p1b: Gothitelle|move: Protect\n|move|p2b: Abomasnow|Earth Power|p1b: Gothitelle\n|-activate|p1b: Gothitelle|move: Protect\n|\n|-heal|p1b: Gothitelle|65\/100|[from] item: Leftovers\n|upkeep\n|turn|8\n|\n|t:|1684050108\n|move|p2a: Chien-Pao|Ice Shard|p1b: Gothitelle\n|-damage|p1b: Gothitelle|28\/100\n|move|p1b: Gothitelle|Psychic|p2a: Chien-Pao\n|-immune|p2a: Chien-Pao\n|move|p2b: Abomasnow|Earth Power|p1b: Gothitelle\n|-damage|p1b: Gothitelle|10\/100\n|\n|-heal|p1b: Gothitelle|16\/100|[from] item: Leftovers\n|upkeep\n|turn|9\n|-message|TheGalvinBros forfeited.\n|\n|win|Tgcdgbcccv\n|raw|TheGalvinBros's rating: 1024 → 1009<\/strong> (-15 for losing)\n|raw|Tgcdgbcccv's rating: 1000 → 1043<\/strong> (+43 for winning)\n","uploadtime":1684050122,"views":8,"p1id":"thegalvinbros","p2id":"tgcdgbcccv","formatid":"gen9vgc2023regulationc","rating":1009,"private":0,"password":""}