{"id":"gen9vgc2023regulationc-1857580000","p1":"caf3coml3it3","p2":"vyxl","format":"[Gen 9] VGC 2023 Regulation C","log":"|j|\u2606caf3coml3it3\n|j|\u2606vyxl\n|t:|1683210107\n|gametype|doubles\n|player|p1|caf3coml3it3|ghetsis-gen5bw|1096\n|player|p2|vyxl|170|1121\n|teamsize|p1|6\n|teamsize|p2|6\n|gen|9\n|tier|[Gen 9] VGC 2023 Regulation C\n|rated|\n|rule|Species Clause: Limit one of each Pok\u00e9mon\n|rule|Item Clause: Limit one of each item\n|clearpoke\n|poke|p1|Maushold-Four, L50|\n|poke|p1|Torkoal, L50, F|\n|poke|p1|Iron Bundle, L50|\n|poke|p1|Dragonite, L50, F|\n|poke|p1|Roaring Moon, L50|\n|poke|p1|Gengar, L50, M|\n|poke|p2|Murkrow, L50, F|\n|poke|p2|Ceruledge, L50, F|\n|poke|p2|Flutter Mane, L50|\n|poke|p2|Gyarados, L50, F|\n|poke|p2|Great Tusk, L50|\n|poke|p2|Wo-Chien, L50|\n|teampreview|4\n|inactive|Battle timer is ON: inactive players will automatically lose when time's up. (requested by vyxl)\nvyxl has agreed to open team sheets.\n|\n|t:|1683210130\n|start\n|switch|p1a: Iron Bundle|Iron Bundle, L50|100\/100\n|switch|p1b: Dragonite|Dragonite, L50, F|100\/100\n|switch|p2a: Murkrow|Murkrow, L50, F|100\/100\n|switch|p2b: Great Tusk|Great Tusk, L50|100\/100\n|-enditem|p1a: Iron Bundle|Booster Energy\n|-activate|p1a: Iron Bundle|ability: Quark Drive|[fromitem]\n|-start|p1a: Iron Bundle|quarkdrivespa\n|turn|1\n|inactive|caf3coml3it3 has 30 seconds left.\n|\n|t:|1683210169\n|-end|p2b: Great Tusk|Protosynthesis|[silent]\n|switch|p2b: Ceruledge|Ceruledge, L50, F|100\/100\n|-terastallize|p1b: Dragonite|Normal\n|move|p1b: Dragonite|Extreme Speed|p2a: Murkrow\n|-enditem|p2a: Murkrow|Focus Sash\n|-damage|p2a: Murkrow|1\/100\n|move|p2a: Murkrow|Sunny Day|p2a: Murkrow\n|-weather|SunnyDay\n|move|p1a: Iron Bundle|Icy Wind|p2b: Ceruledge|[spread] p2a,p2b\n|-supereffective|p2a: Murkrow\n|-crit|p2a: Murkrow\n|-resisted|p2b: Ceruledge\n|-damage|p2a: Murkrow|0 fnt\n|-damage|p2b: Ceruledge|86\/100\n|faint|p2a: Murkrow\n|\n|-weather|SunnyDay|[upkeep]\n|upkeep\n|\n|t:|1683210190\n|switch|p2a: Great Tusk|Great Tusk, L50|100\/100\n|-activate|p2a: Great Tusk|ability: Protosynthesis\n|-start|p2a: Great Tusk|protosynthesisatk\n|turn|2\n|\n|t:|1683210206\n|switch|p1b: Gengar|Gengar, L50, M|100\/100\n|move|p1a: Iron Bundle|Protect|p1a: Iron Bundle\n|-singleturn|p1a: Iron Bundle|Protect\n|move|p2a: Great Tusk|Close Combat|p1a: Iron Bundle\n|-activate|p1a: Iron Bundle|move: Protect\n|move|p2b: Ceruledge|Bitter Blade|p1a: Iron Bundle\n|-activate|p1a: Iron Bundle|move: Protect\n|\n|-weather|SunnyDay|[upkeep]\n|upkeep\n|turn|3\n|inactive|caf3coml3it3 has 30 seconds left.\n|\n|t:|1683210233\n|move|p2b: Ceruledge|Shadow Sneak|p1b: Gengar\n|-supereffective|p1b: Gengar\n|-damage|p1b: Gengar|47\/100\n|-start|p2b: Ceruledge|Disable|Shadow Sneak|[from] ability: Cursed Body|[of] p1b: Gengar\n|move|p2a: Great Tusk|Close Combat|p1a: Iron Bundle\n|-supereffective|p1a: Iron Bundle\n|-damage|p1a: Iron Bundle|0 fnt\n|-unboost|p2a: Great Tusk|def|1\n|-unboost|p2a: Great Tusk|spd|1\n|faint|p1a: Iron Bundle\n|-end|p1a: Iron Bundle|Quark Drive|[silent]\n|move|p1b: Gengar|Will-O-Wisp|p2a: Great Tusk\n|-status|p2a: Great Tusk|brn\n|\n|-weather|SunnyDay|[upkeep]\n|-damage|p2a: Great Tusk|95\/100 brn|[from] brn\n|upkeep\n|\n|t:|1683210251\n|switch|p1a: Dragonite|Dragonite, L50, F, tera:Normal|100\/100\n|turn|4\n|\n|t:|1683210259\n|move|p1b: Gengar|Protect|p1b: Gengar\n|-singleturn|p1b: Gengar|Protect\n|move|p1a: Dragonite|Extreme Speed|p2a: Great Tusk\n|-damage|p2a: Great Tusk|19\/100 brn\n|move|p2a: Great Tusk|Close Combat|p1a: Dragonite\n|-supereffective|p1a: Dragonite\n|-damage|p1a: Dragonite|55\/100\n|-unboost|p2a: Great Tusk|def|1\n|-unboost|p2a: Great Tusk|spd|1\n|move|p2b: Ceruledge|Bitter Blade|p1a: Dragonite\n|-damage|p1a: Dragonite|0 fnt\n|-heal|p2b: Ceruledge|100\/100|[from] drain|[of] p1a: Dragonite\n|faint|p1a: Dragonite\n|\n|-weather|SunnyDay|[upkeep]\n|-damage|p2a: Great Tusk|13\/100 brn|[from] brn\n|upkeep\n|\n|t:|1683210278\n|switch|p1a: Roaring Moon|Roaring Moon, L50|100\/100\n|-activate|p1a: Roaring Moon|ability: Protosynthesis\n|-start|p1a: Roaring Moon|protosynthesisatk\n|turn|5\n|\n|t:|1683210293\n|move|p2a: Great Tusk|Close Combat|p1a: Roaring Moon\n|-supereffective|p1a: Roaring Moon\n|-damage|p1a: Roaring Moon|0 fnt\n|-unboost|p2a: Great Tusk|def|1\n|-unboost|p2a: Great Tusk|spd|1\n|faint|p1a: Roaring Moon\n|-end|p1a: Roaring Moon|Protosynthesis|[silent]\n|move|p1b: Gengar|Sludge Bomb|p2a: Great Tusk\n|-resisted|p2a: Great Tusk\n|-damage|p2a: Great Tusk|0 fnt\n|faint|p2a: Great Tusk\n|-end|p2a: Great Tusk|Protosynthesis|[silent]\n|move|p2b: Ceruledge|Bitter Blade|p1b: Gengar\n|-damage|p1b: Gengar|0 fnt\n|faint|p1b: Gengar\n|\n|win|vyxl\n|raw|caf3coml3it3's rating: 1096 → 1073<\/strong> (-23 for losing)\n|raw|vyxl's rating: 1121 → 1144<\/strong> (+23 for winning)\n","uploadtime":1683210308,"views":23,"p1id":"caf3coml3it3","p2id":"vyxl","formatid":"gen9vgc2023regulationc","rating":1073,"private":0,"password":""}