{"id":"gen9vgc2023regulationc-1857289616","p1":"Adelg8","p2":"Leuco9","format":"[Gen 9] VGC 2023 Regulation C","log":"|j|\u2606Adelg8\n|j|\u2606Leuco9\n|t:|1683168435\n|gametype|doubles\n|player|p1|Adelg8|102|1000\n|player|p2|Leuco9|acetrainer|1000\n|teamsize|p1|6\n|teamsize|p2|6\n|gen|9\n|tier|[Gen 9] VGC 2023 Regulation C\n|rated|\n|rule|Species Clause: Limit one of each Pok\u00e9mon\n|rule|Item Clause: Limit one of each item\n|clearpoke\n|poke|p1|Pincurchin, L50, F|\n|poke|p1|Bellibolt, L50, F|\n|poke|p1|Gengar, L50, F|\n|poke|p1|Iron Hands, L50|\n|poke|p1|Pelipper, L50, M|\n|poke|p1|Clodsire, L50, M|\n|poke|p2|Torkoal, L50, M|\n|poke|p2|Jumpluff, L50, F|\n|poke|p2|Flutter Mane, L50|\n|poke|p2|Garchomp, L50, M|\n|poke|p2|Orthworm, L50, M|\n|poke|p2|Scovillain, L50, M|\n|teampreview|4\n|inactive|Battle timer is ON: inactive players will automatically lose when time's up. (requested by Leuco9)\n|\n|t:|1683168464\n|start\n|switch|p1a: Pincurchin|Pincurchin, L50, F|100\/100\n|switch|p1b: Pelipper|Pelipper, L50, M|100\/100\n|switch|p2a: Jumpluff|Jumpluff, L50, F, shiny|100\/100\n|switch|p2b: Flutter Mane|Flutter Mane, L50|100\/100\n|-weather|RainDance|[from] ability: Drizzle|[of] p1b: Pelipper\n|-fieldstart|move: Electric Terrain|[from] ability: Electric Surge|[of] p1a: Pincurchin\n|turn|1\n|inactive|Adelg8 has 30 seconds left.\n|\n|t:|1683168497\n|move|p2a: Jumpluff|Rage Powder|p2a: Jumpluff\n|-singleturn|p2a: Jumpluff|move: Rage Powder\n|move|p2b: Flutter Mane|Substitute|p2b: Flutter Mane\n|-start|p2b: Flutter Mane|Substitute\n|-damage|p2b: Flutter Mane|76\/100\n|move|p1b: Pelipper|Ice Beam|p2a: Jumpluff\n|-supereffective|p2a: Jumpluff\n|-damage|p2a: Jumpluff|2\/100\n|-enditem|p2a: Jumpluff|Red Card|[of] p1b: Pelipper\n|drag|p1b: Iron Hands|Iron Hands, L50|100\/100\n|-activate|p1b: Iron Hands|ability: Quark Drive\n|-start|p1b: Iron Hands|quarkdriveatk\n|move|p1a: Pincurchin|Toxic Spikes|p2b: Flutter Mane\n|-sidestart|p2: Leuco9|move: Toxic Spikes\n|\n|-weather|RainDance|[upkeep]\n|upkeep\n|turn|2\n|inactive|Adelg8 has 30 seconds left.\n|inactive|Leuco9 has 30 seconds left.\n|\n|t:|1683168525\n|move|p2b: Flutter Mane|Protect|p2b: Flutter Mane\n|-singleturn|p2b: Flutter Mane|Protect\n|move|p1b: Iron Hands|Protect|p1b: Iron Hands\n|-singleturn|p1b: Iron Hands|Protect\n|move|p2a: Jumpluff|Sleep Powder|p1b: Iron Hands\n|-activate|p1b: Iron Hands|move: Protect\n|move|p1a: Pincurchin|Chilling Water|p2a: Jumpluff\n|-resisted|p2a: Jumpluff\n|-damage|p2a: Jumpluff|0 fnt\n|faint|p2a: Jumpluff\n|\n|-weather|RainDance|[upkeep]\n|upkeep\n|\n|t:|1683168537\n|switch|p2a: Torkoal|Torkoal, L50, M|100\/100\n|-status|p2a: Torkoal|psn\n|-weather|SunnyDay|[from] ability: Drought|[of] p2a: Torkoal\n|-activate|p2b: Flutter Mane|ability: Protosynthesis\n|-start|p2b: Flutter Mane|protosynthesisspe\n|turn|3\n|inactive|Adelg8 has 30 seconds left.\n|\n|t:|1683168569\n|-end|p1b: Iron Hands|Quark Drive|[silent]\n|switch|p1b: Pelipper|Pelipper, L50, M|100\/100\n|-weather|RainDance|[from] ability: Drizzle|[of] p1b: Pelipper\n|-end|p2b: Flutter Mane|Protosynthesis\n|move|p2b: Flutter Mane|Dazzling Gleam|p1a: Pincurchin|[spread] p1a,p1b\n|-damage|p1a: Pincurchin|64\/100\n|-damage|p1b: Pelipper|72\/100\n|move|p2a: Torkoal|Heat Wave|p1a: Pincurchin|[spread] p1a,p1b\n|-resisted|p1b: Pelipper\n|-damage|p1a: Pincurchin|53\/100\n|-damage|p1b: Pelipper|68\/100\n|move|p1a: Pincurchin|Hex|p2a: Torkoal\n|-damage|p2a: Torkoal|63\/100 psn\n|\n|-weather|RainDance|[upkeep]\n|-heal|p1a: Pincurchin|59\/100|[from] item: Leftovers\n|-damage|p2a: Torkoal|51\/100 psn|[from] psn\n|upkeep\n|turn|4\n|inactive|Adelg8 has 30 seconds left.\n|inactive|Adelg8 has 20 seconds left.\n|inactive|Adelg8 has 15 seconds left.\n|\n|t:|1683168613\n|switch|p2a: Garchomp|Garchomp, L50, M|100\/100\n|-status|p2a: Garchomp|psn\n|move|p2b: Flutter Mane|Dazzling Gleam|p1a: Pincurchin|[spread] p1a,p1b\n|-crit|p1b: Pelipper\n|-damage|p1a: Pincurchin|22\/100\n|-damage|p1b: Pelipper|27\/100\n|move|p1b: Pelipper|Hurricane|p2b: Flutter Mane\n|-end|p2b: Flutter Mane|Substitute\n|move|p1a: Pincurchin|Hex|p2a: Garchomp\n|-damage|p2a: Garchomp|73\/100 psn\n|\n|-weather|RainDance|[upkeep]\n|-heal|p1a: Pincurchin|28\/100|[from] item: Leftovers\n|-damage|p2a: Garchomp|61\/100 psn|[from] psn\n|upkeep\n|turn|5\n|inactive|Adelg8 has 30 seconds left.\n|inactive|Adelg8 has 20 seconds left.\n|inactive|Adelg8 has 15 seconds left.\n|inactive|Adelg8 has 10 seconds left.\n|inactive|Adelg8 has 5 seconds left.\n|\n|t:|1683168664\n|move|p2b: Flutter Mane|Dazzling Gleam|p1a: Pincurchin|[spread] p1a,p1b\n|-damage|p1a: Pincurchin|0 fnt\n|-damage|p1b: Pelipper|0 fnt\n|faint|p1a: Pincurchin\n|faint|p1b: Pelipper\n|move|p2a: Garchomp|Rock Slide|p1: Pincurchin|[notarget]\n|-fail|p2a: Garchomp\n|\n|-weather|RainDance|[upkeep]\n|-damage|p2a: Garchomp|49\/100 psn|[from] psn\n|-fieldend|move: Electric Terrain\n|upkeep\n|\n|t:|1683168681\n|switch|p1b: Gengar|Gengar, L50, F|100\/100\n|switch|p1a: Iron Hands|Iron Hands, L50|100\/100\n|turn|6\n|\n|t:|1683168698\n|move|p2b: Flutter Mane|Protect|p2b: Flutter Mane\n|-singleturn|p2b: Flutter Mane|Protect\n|move|p2a: Garchomp|Earthquake|p1a: Iron Hands|[spread] p1a,p1b\n|-activate|p2b: Flutter Mane|move: Protect\n|-supereffective|p1a: Iron Hands\n|-supereffective|p1b: Gengar\n|-damage|p1a: Iron Hands|44\/100\n|-damage|p1b: Gengar|0 fnt\n|faint|p1b: Gengar\n|move|p1a: Iron Hands|Belly Drum||[still]\n|-fail|p1a: Iron Hands\n|\n|-weather|RainDance|[upkeep]\n|-damage|p2a: Garchomp|37\/100 psn|[from] psn\n|upkeep\n|turn|7\n|\n|t:|1683168710\n|-terastallize|p2b: Flutter Mane|Ghost\n|move|p2b: Flutter Mane|Dazzling Gleam|p1a: Iron Hands\n|-supereffective|p1a: Iron Hands\n|-damage|p1a: Iron Hands|0 fnt\n|faint|p1a: Iron Hands\n|-end|p1a: Iron Hands|Quark Drive|[silent]\n|\n|win|Leuco9\n|raw|Adelg8's rating: 1000 → 1000<\/strong> (+0 for losing)\n|raw|Leuco9's rating: 1000 → 1040<\/strong> (+40 for winning)\n|c|\u2606Leuco9|gg\n|l|\u2606Adelg8\n","uploadtime":1683168719,"views":9,"p1id":"adelg8","p2id":"leuco9","formatid":"gen9vgc2023regulationc","rating":1000,"private":0,"password":""}