{"id":"gen9vgc2023regulationc-1864348780","p1":"revocolombia","p2":"Matildo","format":"[Gen 9] VGC 2023 Regulation C","log":"|j|\u2606revocolombia\n|j|\u2606Matildo\n|t:|1684158251\n|gametype|doubles\n|player|p1|revocolombia|pokemonranger-gen4|1322\n|player|p2|Matildo|101|1355\n|teamsize|p1|6\n|teamsize|p2|6\n|gen|9\n|tier|[Gen 9] VGC 2023 Regulation C\n|rated|\n|rule|Species Clause: Limit one of each Pok\u00e9mon\n|rule|Item Clause: Limit one of each item\n|clearpoke\n|poke|p1|Flutter Mane, L50|\n|poke|p1|Annihilape, L50, F|\n|poke|p1|Dragonite, L50, F|\n|poke|p1|Chien-Pao, L50|\n|poke|p1|Murkrow, L50, F|\n|poke|p1|Gholdengo, L50|\n|poke|p2|Dondozo, L50, M|\n|poke|p2|Tatsugiri-Droopy, L50, F|\n|poke|p2|Pelipper, L50, M|\n|poke|p2|Drednaw, L50, F|\n|poke|p2|Dragonite, L50, F|\n|poke|p2|Palafin, L50, M|\n|teampreview|4\n|inactive|Battle timer is ON: inactive players will automatically lose when time's up. (requested by Matildo)\nMatildo rejected open team sheets.\n|\n|t:|1684158281\n|start\n|switch|p1a: Gholdengo|Gholdengo, L50|100\/100\n|switch|p1b: Dragonite|Dragonite, L50, F|100\/100\n|switch|p2a: Palafin|Palafin, L50, M|100\/100\n|switch|p2b: Drednaw|Drednaw, L50, F|100\/100\n|turn|1\n|\n|t:|1684158301\n|move|p2a: Palafin|Flip Turn|p1b: Dragonite\n|-resisted|p1b: Dragonite\n|-damage|p1b: Dragonite|94\/100\n|\n|t:|1684158305\n|detailschange|p2a: Palafin|Palafin-Hero, L50, M\n|switch|p2a: Pelipper|Pelipper, L50, M, shiny|100\/100|[from] Flip Turn\n|-weather|RainDance|[from] ability: Drizzle|[of] p2a: Pelipper\n|move|p2b: Drednaw|Rock Slide|p1a: Gholdengo|[spread] p1a,p1b\n|-resisted|p1a: Gholdengo\n|-supereffective|p1b: Dragonite\n|-damage|p1a: Gholdengo|79\/100\n|-damage|p1b: Dragonite|5\/100\n|cant|p1a: Gholdengo|flinch\n|move|p1b: Dragonite|Dragon Dance|p1b: Dragonite\n|-boost|p1b: Dragonite|atk|1\n|-boost|p1b: Dragonite|spe|1\n|\n|-weather|RainDance|[upkeep]\n|upkeep\n|turn|2\n|\n|t:|1684158326\n|move|p1b: Dragonite|Extreme Speed|p2a: Pelipper\n|-damage|p2a: Pelipper|53\/100\n|move|p2b: Drednaw|Rock Slide|p1a: Gholdengo|[spread] p1a,p1b\n|-resisted|p1a: Gholdengo\n|-supereffective|p1b: Dragonite\n|-damage|p1a: Gholdengo|56\/100\n|-damage|p1b: Dragonite|0 fnt\n|faint|p1b: Dragonite\n|move|p1a: Gholdengo|Thunderbolt|p2b: Drednaw\n|-supereffective|p2b: Drednaw\n|-damage|p2b: Drednaw|0 fnt\n|faint|p2b: Drednaw\n|-damage|p1a: Gholdengo|46\/100|[from] item: Life Orb\n|move|p2a: Pelipper|Hydro Pump|p1a: Gholdengo\n|-damage|p1a: Gholdengo|0 fnt\n|faint|p1a: Gholdengo\n|\n|-weather|RainDance|[upkeep]\n|upkeep\n|\n|t:|1684158344\n|switch|p2b: Espa\u00f1ita|Dragonite, L50, F|100\/100\n|switch|p1a: Flutter Mane|Flutter Mane, L50|100\/100\n|switch|p1b: Murkrow|Murkrow, L50, F|100\/100\n|-enditem|p1a: Flutter Mane|Booster Energy\n|-activate|p1a: Flutter Mane|ability: Protosynthesis|[fromitem]\n|-start|p1a: Flutter Mane|protosynthesisspe\n|turn|3\n|inactive|revocolombia has 30 seconds left.\n|inactive|Matildo has 30 seconds left.\n|\n|t:|1684158376\n|-terastallize|p2b: Espa\u00f1ita|Electric\n|move|p1a: Flutter Mane|Thunderbolt|p2a: Pelipper\n|-supereffective|p2a: Pelipper\n|-damage|p2a: Pelipper|0 fnt\n|faint|p2a: Pelipper\n|move|p1b: Murkrow|Foul Play|p2b: Espa\u00f1ita\n|-damage|p2b: Espa\u00f1ita|77\/100\n|move|p2b: Espa\u00f1ita|Thunder|p1b: Murkrow\n|-supereffective|p1b: Murkrow\n|-damage|p1b: Murkrow|0 fnt\n|faint|p1b: Murkrow\n|\n|-weather|RainDance|[upkeep]\n|upkeep\n|\n|t:|1684158387\n|switch|p2a: Palafin|Palafin-Hero, L50, M|100\/100\n|-activate|p2a: Palafin|ability: Zero to Hero\n|turn|4\n|\n|t:|1684158407\n|-terastallize|p1a: Flutter Mane|Fairy\n|move|p2a: Palafin|Protect|p2a: Palafin\n|-singleturn|p2a: Palafin|Protect\n|move|p1a: Flutter Mane|Thunderbolt|p2a: Palafin\n|-activate|p2a: Palafin|move: Protect\n|move|p2b: Espa\u00f1ita|Thunder|p1a: Flutter Mane\n|-damage|p1a: Flutter Mane|41\/100\n|\n|-weather|RainDance|[upkeep]\n|upkeep\n|turn|5\n|\n|t:|1684158419\n|move|p1a: Flutter Mane|Dazzling Gleam|p2a: Palafin|[spread] p2a,p2b\n|-damage|p2a: Palafin|53\/100\n|-damage|p2b: Espa\u00f1ita|53\/100\n|move|p2a: Palafin|Wave Crash|p1a: Flutter Mane\n|-damage|p1a: Flutter Mane|0 fnt\n|faint|p1a: Flutter Mane\n|-end|p1a: Flutter Mane|Protosynthesis|[silent]\n|-damage|p2a: Palafin|43\/100|[from] Recoil\n|\n|win|Matildo\n|raw|revocolombia's rating: 1322 → 1304<\/strong> (-18 for losing)\n|raw|Matildo's rating: 1355 → 1373<\/strong> (+18 for winning)\n|l|\u2606Matildo\n","uploadtime":1684158429,"views":8,"p1id":"revocolombia","p2id":"matildo","formatid":"gen9vgc2023regulationc","rating":1304,"private":0,"password":""}