{"id":"gen9vgc2023regulationc-1851657286","p1":"Raiu Akimoto","p2":"RobnyA-VGC","format":"[Gen 9] VGC 2023 Regulation C","log":"|j|\u2606Raiu Akimoto\n|j|\u2606RobnyA-VGC\n|t:|1682466394\n|gametype|doubles\n|player|p1|Raiu Akimoto|n|1278\n|player|p2|RobnyA-VGC|101|1214\n|teamsize|p1|6\n|teamsize|p2|6\n|gen|9\n|tier|[Gen 9] VGC 2023 Regulation C\n|rated|\n|rule|Species Clause: Limit one of each Pok\u00e9mon\n|rule|Item Clause: Limit one of each item\n|clearpoke\n|poke|p1|Great Tusk, L50|\n|poke|p1|Baxcalibur, L50, F|\n|poke|p1|Orthworm, L50, M|\n|poke|p1|Talonflame, L50, F|\n|poke|p1|Chi-Yu, L50|\n|poke|p1|Dachsbun, L50, M|\n|poke|p2|Tinkaton, L50, F|\n|poke|p2|Flutter Mane, L50|\n|poke|p2|Dondozo, L50, F|\n|poke|p2|Tatsugiri, L50, M|\n|poke|p2|Roaring Moon, L50|\n|poke|p2|Arcanine, L50, F|\n|teampreview|4\n|inactive|Battle timer is ON: inactive players will automatically lose when time's up. (requested by Raiu Akimoto)\n|inactive|Raiu Akimoto has 60 seconds left.\n|inactive|RobnyA-VGC has 60 seconds left.\n|\n|t:|1682466435\n|start\n|switch|p1a: Talonflame|Talonflame, L50, F, shiny|100\/100\n|switch|p1b: Orthworm|Orthworm, L50, M, shiny|100\/100\n|switch|p2a: Tinkaton|Tinkaton, L50, F, shiny|100\/100\n|switch|p2b: Flutter Mane|Flutter Mane, L50|100\/100\n|turn|1\n|\n|t:|1682466447\n|move|p1b: Orthworm|Protect|p1b: Orthworm\n|-singleturn|p1b: Orthworm|Protect\n|move|p2a: Tinkaton|Fake Out|p1a: Talonflame\n|-damage|p1a: Talonflame|91\/100\n|move|p2b: Flutter Mane|Icy Wind|p1b: Orthworm|[spread] p1a\n|-activate|p1b: Orthworm|move: Protect\n|-damage|p1a: Talonflame|72\/100\n|move|p1a: Talonflame|Tailwind|p1a: Talonflame\n|-sidestart|p1: Raiu Akimoto|move: Tailwind\n|\n|upkeep\n|turn|2\n|\n|t:|1682466465\n|move|p1a: Talonflame|Will-O-Wisp|p2a: Tinkaton\n|-status|p2a: Tinkaton|brn\n|move|p2b: Flutter Mane|Shadow Ball|p1b: Orthworm\n|-damage|p1b: Orthworm|55\/100\n|move|p1b: Orthworm|Heavy Slam|p2b: Flutter Mane\n|-supereffective|p2b: Flutter Mane\n|-enditem|p2b: Flutter Mane|Focus Sash\n|-damage|p2b: Flutter Mane|1\/100\n|move|p2a: Tinkaton|Brick Break|p1b: Orthworm\n|-supereffective|p1b: Orthworm\n|-damage|p1b: Orthworm|45\/100\n|-enditem|p1b: Orthworm|Sitrus Berry|[eat]\n|-heal|p1b: Orthworm|70\/100|[from] item: Sitrus Berry\n|\n|-damage|p2a: Tinkaton|95\/100 brn|[from] brn\n|upkeep\n|turn|3\n|inactive|Raiu Akimoto has 30 seconds left.\n|inactive|RobnyA-VGC has 30 seconds left.\n|inactive|RobnyA-VGC has 20 seconds left.\n|inactive|RobnyA-VGC has 15 seconds left.\n|\n|t:|1682466507\n|move|p1a: Talonflame|Brave Bird|p2b: Flutter Mane\n|-damage|p2b: Flutter Mane|0 fnt\n|faint|p2b: Flutter Mane\n|-end|p2b: Flutter Mane|Protosynthesis|[silent]\n|-damage|p1a: Talonflame|71\/100|[from] Recoil\n|move|p1b: Orthworm|Shed Tail|p1b: Orthworm\n|-start|p1b: Orthworm|Substitute|[from] move: Shed Tail\n|-damage|p1b: Orthworm|20\/100\n|\n|t:|1682466525\n|switch|p1b: Chi-Yu|Chi-Yu, L50|100\/100|[from] Shed Tail\n|-ability|p1b: Chi-Yu|Beads of Ruin\n|move|p2a: Tinkaton|Brick Break|p1b: Chi-Yu\n|-supereffective|p1b: Chi-Yu\n|-activate|p1b: Chi-Yu|move: Substitute|[damage]\n|\n|-damage|p2a: Tinkaton|89\/100 brn|[from] brn\n|upkeep\n|inactive|RobnyA-VGC has 30 seconds left.\n|\n|t:|1682466555\n|switch|p2b: Tatsugiri|Tatsugiri, L50, M, shiny|100\/100\n|turn|4\n|\n|t:|1682466570\n|switch|p1a: Dachsbun|Dachsbun, L50, M, shiny|100\/100\n|move|p1b: Chi-Yu|Lava Plume|p2a: Tinkaton|[spread] p2a,p2b\n|-ability|p1a: Dachsbun|Well-Baked Body|boost\n|-boost|p1a: Dachsbun|def|2\n|-supereffective|p2a: Tinkaton\n|-resisted|p2b: Tatsugiri\n|-damage|p2a: Tinkaton|38\/100 brn\n|-damage|p2b: Tatsugiri|87\/100\n|move|p2b: Tatsugiri|Muddy Water|p1a: Dachsbun|[spread] p1a\n|-miss|p2b: Tatsugiri|p1b: Chi-Yu\n|-damage|p1a: Dachsbun|57\/100\n|move|p2a: Tinkaton|Brick Break|p1b: Chi-Yu\n|-supereffective|p1b: Chi-Yu\n|-end|p1b: Chi-Yu|Substitute\n|\n|-heal|p1a: Dachsbun|63\/100|[from] item: Leftovers\n|-damage|p2a: Tinkaton|33\/100 brn|[from] brn\n|-sideend|p1: Raiu Akimoto|move: Tailwind\n|upkeep\n|turn|5\n|\n|t:|1682466592\n|move|p1b: Chi-Yu|Lava Plume|p2a: Tinkaton|[spread] p2a,p2b\n|-ability|p1a: Dachsbun|Well-Baked Body|boost\n|-boost|p1a: Dachsbun|def|2\n|-supereffective|p2a: Tinkaton\n|-resisted|p2b: Tatsugiri\n|-damage|p2a: Tinkaton|0 fnt\n|-damage|p2b: Tatsugiri|73\/100\n|faint|p2a: Tinkaton\n|move|p2b: Tatsugiri|Muddy Water|p1b: Chi-Yu|[spread] p1a,p1b\n|-supereffective|p1b: Chi-Yu\n|-damage|p1a: Dachsbun|18\/100\n|-damage|p1b: Chi-Yu|18\/100\n|move|p1a: Dachsbun|Play Rough|p2b: Tatsugiri\n|-supereffective|p2b: Tatsugiri\n|-damage|p2b: Tatsugiri|0 fnt\n|faint|p2b: Tatsugiri\n|\n|-heal|p1a: Dachsbun|24\/100|[from] item: Leftovers\n|upkeep\n|-message|RobnyA-VGC forfeited.\n|\n|win|Raiu Akimoto\n|raw|Raiu Akimoto's rating: 1278 → 1298<\/strong> (+20 for winning)\n|raw|RobnyA-VGC's rating: 1214 → 1194<\/strong> (-20 for losing)\n|l|\u2606RobnyA-VGC\n","uploadtime":1682466619,"views":17,"p1id":"raiuakimoto","p2id":"robnyavgc","formatid":"gen9vgc2023regulationc","rating":1194,"private":0,"password":""}