{"id":"gen9vgc2023regulationc-1848707302","p1":"NeverGonnaDoIt","p2":"G3rd","format":"[Gen 9] VGC 2023 Regulation C","log":"|j|\u2606NeverGonnaDoIt\n|j|\u2606G3rd\n|t:|1682102613\n|gametype|doubles\n|player|p1|NeverGonnaDoIt|red-gen2|1235\n|player|p2|G3rd|giovanni|1264\n|teamsize|p1|6\n|teamsize|p2|6\n|gen|9\n|tier|[Gen 9] VGC 2023 Regulation C\n|rated|\n|rule|Species Clause: Limit one of each Pok\u00e9mon\n|rule|Item Clause: Limit one of each item\n|clearpoke\n|poke|p1|Chi-Yu, L50|\n|poke|p1|Baxcalibur, L50, F|\n|poke|p1|Flutter Mane, L50|\n|poke|p1|Amoonguss, L50, M|\n|poke|p1|Gyarados, L50, M|\n|poke|p1|Great Tusk, L50|\n|poke|p2|Talonflame, L50, M|\n|poke|p2|Baxcalibur, L50, F|\n|poke|p2|Amoonguss, L50, F|\n|poke|p2|Flutter Mane, L50|\n|poke|p2|Gyarados, L50, M|\n|poke|p2|Chi-Yu, L50|\n|teampreview|4\nG3rd has agreed to open team sheets.\n|inactive|Battle timer is ON: inactive players will automatically lose when time's up. (requested by NeverGonnaDoIt)\nNeverGonnaDoIt has agreed to open team sheets.\n|inactive|G3rd has 60 seconds left.\n|\n|t:|1682102685\n|start\n|switch|p1a: Gyarados|Gyarados, L50, M, shiny|100\/100\n|switch|p1b: Baxcalibur|Baxcalibur, L50, F|100\/100\n|switch|p2a: Baxcalibur|Baxcalibur, L50, F|100\/100\n|switch|p2b: Gyarados|Gyarados, L50, M|100\/100\n|-ability|p1a: Gyarados|Intimidate|boost\n|-fail|p2a: Baxcalibur|unboost|[from] item: Clear Amulet|[of] p2a: Baxcalibur\n|-unboost|p2b: Gyarados|atk|1\n|-ability|p2b: Gyarados|Intimidate|boost\n|-unboost|p1a: Gyarados|atk|1\n|-unboost|p1b: Baxcalibur|atk|1\n|turn|1\n|inactive|G3rd has 30 seconds left.\n|inactive|G3rd has 20 seconds left.\n|inactive|G3rd has 15 seconds left.\n|inactive|G3rd has 10 seconds left.\n|\n|t:|1682102733\n|switch|p2a: Amoonguss|Amoonguss, L50, F|100\/100\n|-terastallize|p1b: Baxcalibur|Steel\n|move|p1a: Gyarados|Taunt|p2b: Gyarados\n|-start|p2b: Gyarados|move: Taunt\n|move|p1b: Baxcalibur|Icicle Crash|p2a: Amoonguss\n|-supereffective|p2a: Amoonguss\n|-damage|p2a: Amoonguss|28\/100\n|-enditem|p2a: Amoonguss|Sitrus Berry|[eat]\n|-heal|p2a: Amoonguss|53\/100|[from] item: Sitrus Berry\n|-damage|p1b: Baxcalibur|91\/100|[from] item: Life Orb\n|cant|p2b: Gyarados|move: Taunt|Thunder Wave\n|\n|upkeep\n|turn|2\n|inactive|NeverGonnaDoIt has 30 seconds left.\n|inactive|G3rd has 30 seconds left.\n|inactive|G3rd has 20 seconds left.\n|inactive|NeverGonnaDoIt has 20 seconds left.\n|inactive|G3rd has 15 seconds left.\n|\n|t:|1682102776\n|switch|p2b: Baxcalibur|Baxcalibur, L50, F|100\/100\n|move|p2a: Amoonguss|Rage Powder|p2a: Amoonguss\n|-singleturn|p2a: Amoonguss|move: Rage Powder\n|move|p1a: Gyarados|Taunt|p2a: Amoonguss\n|-start|p2a: Amoonguss|move: Taunt\n|move|p1b: Baxcalibur|Glaive Rush|p2a: Amoonguss\n|-damage|p2a: Amoonguss|4\/100\n|-singlemove|p1b: Baxcalibur|Glaive Rush|[silent]\n|-damage|p1b: Baxcalibur|81\/100|[from] item: Life Orb\n|\n|upkeep\n|turn|3\n|inactive|G3rd has 30 seconds left.\n|inactive|G3rd has 20 seconds left.\n|\n|t:|1682102811\n|switch|p1b: Flutter Mane|Flutter Mane, L50|100\/100\n|-enditem|p1b: Flutter Mane|Booster Energy\n|-activate|p1b: Flutter Mane|ability: Protosynthesis|[fromitem]\n|-start|p1b: Flutter Mane|protosynthesisspe\n|switch|p2a: Gyarados|Gyarados, L50, M|100\/100\n|-ability|p2a: Gyarados|Intimidate|boost\n|-unboost|p1a: Gyarados|atk|1\n|-unboost|p1b: Flutter Mane|atk|1\n|move|p1a: Gyarados|Thunder Wave|p2b: Baxcalibur\n|-status|p2b: Baxcalibur|par\n|move|p2b: Baxcalibur|Glaive Rush|p1a: Gyarados\n|-damage|p1a: Gyarados|18\/100\n|-singlemove|p2b: Baxcalibur|Glaive Rush|[silent]\n|\n|-heal|p1a: Gyarados|25\/100|[from] item: Leftovers\n|upkeep\n|turn|4\n|inactive|NeverGonnaDoIt has 30 seconds left.\n|inactive|G3rd has 30 seconds left.\n|inactive|NeverGonnaDoIt has 20 seconds left.\n|\n|t:|1682102850\n|switch|p2b: Amoonguss|Amoonguss, L50, F|37\/100\n|move|p1b: Flutter Mane|Dazzling Gleam|p2b: Amoonguss|[spread] p2a,p2b\n|-crit|p2a: Gyarados\n|-resisted|p2b: Amoonguss\n|-damage|p2a: Gyarados|58\/100\n|-damage|p2b: Amoonguss|23\/100\n|move|p1a: Gyarados|Taunt|p2a: Gyarados\n|-start|p2a: Gyarados|move: Taunt\n|cant|p2a: Gyarados|move: Taunt|Thunder Wave\n|\n|-heal|p1a: Gyarados|31\/100|[from] item: Leftovers\n|upkeep\n|turn|5\n|\n|t:|1682102868\n|-terastallize|p2a: Gyarados|Steel\n|move|p1b: Flutter Mane|Protect|p1b: Flutter Mane\n|-singleturn|p1b: Flutter Mane|Protect\n|move|p1a: Gyarados|Taunt|p2b: Amoonguss\n|-start|p2b: Amoonguss|move: Taunt\n|move|p2a: Gyarados|Iron Head|p1b: Flutter Mane\n|-activate|p1b: Flutter Mane|move: Protect\n|move|p2b: Amoonguss|Pollen Puff|p2a: Gyarados\n|-heal|p2a: Gyarados|100\/100\n|\n|-heal|p1a: Gyarados|37\/100|[from] item: Leftovers\n|upkeep\n|turn|6\n|inactive|G3rd has 30 seconds left.\n|inactive|NeverGonnaDoIt has 30 seconds left.\n|inactive|G3rd has 20 seconds left.\n|inactive|NeverGonnaDoIt has 20 seconds left.\n|inactive|G3rd has 15 seconds left.\n|inactive|NeverGonnaDoIt has 15 seconds left.\n|inactive|G3rd has 10 seconds left.\n|\n|t:|1682102915\n|-end|p1b: Flutter Mane|Protosynthesis|[silent]\n|switch|p1b: Chi-Yu|Chi-Yu, L50|100\/100\n|-ability|p1b: Chi-Yu|Beads of Ruin\n|switch|p2b: Baxcalibur|Baxcalibur, L50, F|100\/100 par\n|move|p1a: Gyarados|Thunder Wave|p2a: Gyarados\n|-status|p2a: Gyarados|par\n|move|p2a: Gyarados|Iron Head|p1b: Chi-Yu\n|-resisted|p1b: Chi-Yu\n|-damage|p1b: Chi-Yu|76\/100\n|\n|-heal|p1a: Gyarados|43\/100|[from] item: Leftovers\n|-end|p2a: Gyarados|move: Taunt\n|upkeep\n|turn|7\n|inactive|NeverGonnaDoIt has 30 seconds left.\n|inactive|G3rd has 30 seconds left.\n|\n|t:|1682102942\n|switch|p1a: Flutter Mane|Flutter Mane, L50|100\/100\n|move|p1b: Chi-Yu|Protect|p1b: Chi-Yu\n|-singleturn|p1b: Chi-Yu|Protect\n|move|p2b: Baxcalibur|Glaive Rush|p1a: Flutter Mane\n|-immune|p1a: Flutter Mane\n|move|p2a: Gyarados|Waterfall|p1b: Chi-Yu\n|-activate|p1b: Chi-Yu|move: Protect\n|\n|upkeep\n|turn|8\n|\n|t:|1682102955\n|switch|p2b: Amoonguss|Amoonguss, L50, F|56\/100\n|move|p1a: Flutter Mane|Dazzling Gleam|p2b: Amoonguss|[spread] p2a,p2b\n|-resisted|p2a: Gyarados\n|-crit|p2a: Gyarados\n|-resisted|p2b: Amoonguss\n|-damage|p2a: Gyarados|73\/100 par\n|-damage|p2b: Amoonguss|38\/100\n|move|p1b: Chi-Yu|Heat Wave|p2a: Gyarados|[spread] p2a,p2b\n|-supereffective|p2a: Gyarados\n|-supereffective|p2b: Amoonguss\n|-damage|p2a: Gyarados|0 fnt\n|-damage|p2b: Amoonguss|0 fnt\n|faint|p2a: Gyarados\n|faint|p2b: Amoonguss\n|\n|upkeep\n|\n|t:|1682102966\n|switch|p2a: Baxcalibur|Baxcalibur, L50, F|100\/100 par\n|switch|p2b: Flutter Mane|Flutter Mane, L50|100\/100\n|-enditem|p2b: Flutter Mane|Booster Energy\n|-activate|p2b: Flutter Mane|ability: Protosynthesis|[fromitem]\n|-start|p2b: Flutter Mane|protosynthesisspa\n|turn|9\n|\n|t:|1682102986\n|move|p1a: Flutter Mane|Icy Wind|p2b: Flutter Mane|[spread] p2a,p2b\n|-damage|p2a: Baxcalibur|82\/100 par\n|-damage|p2b: Flutter Mane|79\/100\n|-unboost|p2b: Flutter Mane|spe|1\n|move|p1b: Chi-Yu|Heat Wave|p2b: Flutter Mane|[spread] p2a,p2b\n|-damage|p2a: Baxcalibur|47\/100 par\n|-damage|p2b: Flutter Mane|37\/100\n|-status|p2b: Flutter Mane|brn\n|-ability|p2a: Baxcalibur|Thermal Exchange|boost\n|-boost|p2a: Baxcalibur|atk|1\n|move|p2b: Flutter Mane|Hex|p1a: Flutter Mane\n|-supereffective|p1a: Flutter Mane\n|-damage|p1a: Flutter Mane|0 fnt\n|faint|p1a: Flutter Mane\n|-end|p1a: Flutter Mane|Protosynthesis|[silent]\n|move|p2a: Baxcalibur|Glaive Rush|p1b: Chi-Yu\n|-damage|p1b: Chi-Yu|0 fnt\n|-singlemove|p2a: Baxcalibur|Glaive Rush|[silent]\n|faint|p1b: Chi-Yu\n|\n|-damage|p2b: Flutter Mane|31\/100 brn|[from] brn\n|upkeep\n|\n|t:|1682102994\n|switch|p1a: Gyarados|Gyarados, L50, M, shiny|43\/100\n|switch|p1b: Baxcalibur|Baxcalibur, L50, F, tera:Steel|81\/100\n|-ability|p1a: Gyarados|Intimidate|boost\n|-fail|p2a: Baxcalibur|unboost|[from] item: Clear Amulet|[of] p2a: Baxcalibur\n|-unboost|p2b: Flutter Mane|atk|1\n|turn|10\n|inactive|G3rd has 30 seconds left.\n|\n|t:|1682103032\n|move|p1a: Gyarados|Waterfall|p2b: Flutter Mane\n|-damage|p2b: Flutter Mane|0 fnt\n|faint|p2b: Flutter Mane\n|-end|p2b: Flutter Mane|Protosynthesis|[silent]\n|move|p1b: Baxcalibur|Glaive Rush|p2a: Baxcalibur\n|-supereffective|p2a: Baxcalibur\n|-damage|p2a: Baxcalibur|0 fnt\n|-singlemove|p1b: Baxcalibur|Glaive Rush|[silent]\n|faint|p2a: Baxcalibur\n|-damage|p1b: Baxcalibur|71\/100|[from] item: Life Orb\n|\n|win|NeverGonnaDoIt\n|raw|NeverGonnaDoIt's rating: 1235 → 1262<\/strong> (+27 for winning)\n|raw|G3rd's rating: 1264 → 1237<\/strong> (-27 for losing)\n|l|\u2606G3rd\n|c|\u2606NeverGonnaDoIt|Sorry, got pretty lucky this game.\n|c|\u2606NeverGonnaDoIt|Gg tho\n","uploadtime":1682103106,"views":18,"p1id":"nevergonnadoit","p2id":"g3rd","formatid":"gen9vgc2023regulationc","rating":1237,"private":0,"password":""}