{"id":"gen9vgc2023regulationc-1855780384","p1":"Leannerose","p2":"Funnyman Krebs","format":"[Gen 9] VGC 2023 Regulation C","log":"|j|\u2606Leannerose\n|j|\u2606Funnyman Krebs\n|t:|1682983318\n|gametype|doubles\n|player|p1|Leannerose|flannery|1166\n|player|p2|Funnyman Krebs|wallace|1293\n|teamsize|p1|6\n|teamsize|p2|6\n|gen|9\n|tier|[Gen 9] VGC 2023 Regulation C\n|rated|\n|rule|Species Clause: Limit one of each Pok\u00e9mon\n|rule|Item Clause: Limit one of each item\n|clearpoke\n|poke|p1|Gardevoir, L50, M|\n|poke|p1|Hatterene, L50, F|\n|poke|p1|Armarouge, L50, M|\n|poke|p1|Torkoal, L50, F|\n|poke|p1|Hariyama, L50, M|\n|poke|p1|Toedscruel, L50, M|\n|poke|p2|Glimmora, L50, M|\n|poke|p2|Iron Bundle, L50|\n|poke|p2|Chi-Yu, L50|\n|poke|p2|Dragonite, L50, M|\n|poke|p2|Tatsugiri-Stretchy, L50, M|\n|poke|p2|Dondozo, L50, F|\n|teampreview|4\n|inactive|Battle timer is ON: inactive players will automatically lose when time's up. (requested by Leannerose)\nFunnyman Krebs has agreed to open team sheets.\n|inactive|Funnyman Krebs has 60 seconds left.\nLeannerose rejected open team sheets.\n|\n|t:|1682983358\n|start\n|switch|p1a: Hariyama|Hariyama, L50, M|100\/100\n|switch|p1b: Hatterene|Hatterene, L50, F|100\/100\n|switch|p2a: Wheeeee!|Glimmora, L50, M, shiny|100\/100\n|switch|p2b: Smiles back|Chi-Yu, L50|100\/100\n|-ability|p2b: Smiles back|Beads of Ruin\n|turn|1\n|inactive|Funnyman Krebs has 30 seconds left.\n|\n|t:|1682983390\n|-terastallize|p2b: Smiles back|Ghost\n|move|p2b: Smiles back|Heat Wave|p1b: Hatterene|[spread] p1a,p1b\n|-damage|p1a: Hariyama|51\/100\n|-damage|p1b: Hatterene|63\/100\n|move|p2a: Wheeeee!|Power Gem|p1b: Hatterene\n|-damage|p1b: Hatterene|15\/100\n|-enditem|p1b: Hatterene|Aguav Berry|[eat]\n|-heal|p1b: Hatterene|48\/100|[from] item: Aguav Berry\n|move|p1a: Hariyama|Drain Punch|p2a: Wheeeee!\n|-damage|p2a: Wheeeee!|57\/100\n|-heal|p1a: Hariyama|67\/100|[from] drain|[of] p2a: Wheeeee!\n|-activate|p2a: Wheeeee!|ability: Toxic Debris\n|-sidestart|p1: Leannerose|move: Toxic Spikes\n|move|p1b: Hatterene|Trick Room|p1b: Hatterene\n|-fieldstart|move: Trick Room|[of] p1b: Hatterene\n|\n|-status|p1a: Hariyama|brn|[from] item: Flame Orb\n|upkeep\n|turn|2\n|inactive|Funnyman Krebs has 30 seconds left.\n|inactive|Funnyman Krebs has 20 seconds left.\n|inactive|Funnyman Krebs has 15 seconds left.\n|\n|t:|1682983434\n|move|p1a: Hariyama|Wide Guard|p1a: Hariyama\n|-singleturn|p1a: Hariyama|Wide Guard\n|move|p1b: Hatterene|Light Screen|p1b: Hatterene\n|-sidestart|p1: Leannerose|move: Light Screen\n|move|p2a: Wheeeee!|Mortal Spin|p1a: Hariyama|[spread] \n|-activate|p1a: Hariyama|move: Wide Guard\n|-activate|p1b: Hatterene|move: Wide Guard\n|move|p2b: Smiles back|Heat Wave|p1a: Hariyama|[spread] \n|-activate|p1a: Hariyama|move: Wide Guard\n|-activate|p1b: Hatterene|move: Wide Guard\n|\n|-damage|p1a: Hariyama|61\/100 brn|[from] brn\n|upkeep\n|turn|3\n|\n|t:|1682983452\n|move|p1b: Hatterene|Reflect|p1b: Hatterene\n|-sidestart|p1: Leannerose|Reflect\n|move|p1a: Hariyama|Drain Punch|p2b: Smiles back\n|-immune|p2b: Smiles back\n|move|p2a: Wheeeee!|Earth Power|p1b: Hatterene\n|-damage|p1b: Hatterene|23\/100\n|move|p2b: Smiles back|Dark Pulse|p1b: Hatterene\n|-damage|p1b: Hatterene|0 fnt\n|faint|p1b: Hatterene\n|\n|-damage|p1a: Hariyama|55\/100 brn|[from] brn\n|upkeep\n|\n|t:|1682983467\n|switch|p1b: Torkoal|Torkoal, L50, F|100\/100\n|-status|p1b: Torkoal|psn\n|-weather|SunnyDay|[from] ability: Drought|[of] p1b: Torkoal\n|turn|4\n|inactive|Funnyman Krebs has 30 seconds left.\n|\n|t:|1682983497\n|-terastallize|p1b: Torkoal|Fire\n|move|p1b: Torkoal|Eruption|p2a: Wheeeee!|[spread] p2a,p2b\n|-resisted|p2a: Wheeeee!\n|-damage|p2a: Wheeeee!|2\/100\n|-enditem|p2b: Smiles back|Focus Sash\n|-damage|p2b: Smiles back|1\/100\n|move|p1a: Hariyama|Drain Punch|p2a: Wheeeee!\n|-damage|p2a: Wheeeee!|0 fnt\n|-heal|p1a: Hariyama|56\/100 brn|[from] drain|[of] p2a: Wheeeee!\n|-activate|p2a: Wheeeee!|ability: Toxic Debris\n|-sidestart|p1: Leannerose|move: Toxic Spikes\n|faint|p2a: Wheeeee!\n|move|p2b: Smiles back|Dark Pulse|p1b: Torkoal\n|-damage|p1b: Torkoal|49\/100 psn\n|\n|-weather|SunnyDay|[upkeep]\n|-damage|p1b: Torkoal|37\/100 psn|[from] psn\n|-damage|p1a: Hariyama|50\/100 brn|[from] brn\n|upkeep\n|\n|t:|1682983520\n|switch|p2a: Large Marge|Dondozo, L50, F|100\/100\n|turn|5\n|\n|t:|1682983533\n|move|p2a: Large Marge|Protect|p2a: Large Marge\n|-singleturn|p2a: Large Marge|Protect\n|move|p2b: Smiles back|Protect|p2b: Smiles back\n|-singleturn|p2b: Smiles back|Protect\n|move|p1b: Torkoal|Eruption|p2a: Large Marge|[spread] \n|-activate|p2a: Large Marge|move: Protect\n|-activate|p2b: Smiles back|move: Protect\n|move|p1a: Hariyama|Drain Punch|p2a: Large Marge\n|-activate|p2a: Large Marge|move: Protect\n|\n|-weather|SunnyDay|[upkeep]\n|-damage|p1b: Torkoal|24\/100 psn|[from] psn\n|-damage|p1a: Hariyama|44\/100 brn|[from] brn\n|-fieldend|move: Trick Room\n|upkeep\n|turn|6\n|inactive|Leannerose has 30 seconds left.\n|inactive|Funnyman Krebs has 30 seconds left.\n|\n|t:|1682983567\n|switch|p1b: Toedscruel|Toedscruel, L50, M, shiny|100\/100\n|-status|p1b: Toedscruel|tox\n|move|p1a: Hariyama|Wide Guard|p1a: Hariyama\n|-singleturn|p1a: Hariyama|Wide Guard\n|move|p2b: Smiles back|Dark Pulse|p1b: Toedscruel\n|-damage|p1b: Toedscruel|67\/100 tox\n|move|p2a: Large Marge|Wave Crash|p1a: Hariyama\n|-damage|p1a: Hariyama|23\/100 brn\n|-damage|p2a: Large Marge|93\/100|[from] Recoil\n|\n|-weather|SunnyDay|[upkeep]\n|-heal|p1b: Toedscruel|73\/100 tox|[from] item: Leftovers\n|-heal|p2a: Large Marge|99\/100|[from] item: Leftovers\n|-damage|p1b: Toedscruel|67\/100 tox|[from] psn\n|-damage|p1a: Hariyama|17\/100 brn|[from] brn\n|-sideend|p1: Leannerose|move: Light Screen\n|upkeep\n|turn|7\n|inactive|Funnyman Krebs has 30 seconds left.\n|\n|t:|1682983592\n|move|p2b: Smiles back|Dark Pulse|p1b: Toedscruel\n|-damage|p1b: Toedscruel|17\/100 tox\n|move|p2a: Large Marge|Wave Crash|p1b: Toedscruel\n|-crit|p1b: Toedscruel\n|-damage|p1b: Toedscruel|0 fnt\n|faint|p1b: Toedscruel\n|-damage|p2a: Large Marge|95\/100|[from] Recoil\n|move|p1a: Hariyama|Drain Punch|p2a: Large Marge\n|-damage|p2a: Large Marge|54\/100\n|-heal|p1a: Hariyama|36\/100 brn|[from] drain|[of] p2a: Large Marge\n|\n|-weather|SunnyDay|[upkeep]\n|-heal|p2a: Large Marge|60\/100|[from] item: Leftovers\n|-damage|p1a: Hariyama|30\/100 brn|[from] brn\n|-sideend|p1: Leannerose|Reflect\n|upkeep\n|-message|Leannerose forfeited.\n|\n|win|Funnyman Krebs\n|raw|Leannerose's rating: 1166 → 1150<\/strong> (-16 for losing)\n|raw|Funnyman Krebs's rating: 1293 → 1309<\/strong> (+16 for winning)\n|l|\u2606Leannerose\n|c|\u2606Funnyman Krebs|gg\n","uploadtime":1682983609,"views":19,"p1id":"leannerose","p2id":"funnymankrebs","formatid":"gen9vgc2023regulationc","rating":1150,"private":0,"password":""}