{"id":"gen9vgc2023regulationc-1846244402","p1":"Seeker945","p2":"CbuttyVGC","format":"[Gen 9] VGC 2023 Regulation C","log":"|j|\u2606Seeker945\n|j|\u2606CbuttyVGC\n|t:|1681824934\n|gametype|doubles\n|player|p1|Seeker945|burglar|1149\n|player|p2|CbuttyVGC|acetrainer-gen4dp|1182\n|teamsize|p1|6\n|teamsize|p2|6\n|gen|9\n|tier|[Gen 9] VGC 2023 Regulation C\n|rated|\n|rule|Species Clause: Limit one of each Pok\u00e9mon\n|rule|Item Clause: Limit one of each item\n|clearpoke\n|poke|p1|Chien-Pao, L50|\n|poke|p1|Skeledirge, L50, M|\n|poke|p1|Gyarados, L50, M|\n|poke|p1|Amoonguss, L50, M|\n|poke|p1|Garchomp, L50, M|\n|poke|p1|Pawmot, L50, M|\n|poke|p2|Flutter Mane, L50|\n|poke|p2|Iron Bundle, L50|\n|poke|p2|Chi-Yu, L50|\n|poke|p2|Chien-Pao, L50|\n|poke|p2|Heracross, L50, M|\n|poke|p2|Dragapult, L50, M|\n|teampreview|4\n|inactive|Battle timer is ON: inactive players will automatically lose when time's up. (requested by CbuttyVGC)\nCbuttyVGC has agreed to open team sheets.\n|inactive|Seeker945 has 60 seconds left.\n|inactive|CbuttyVGC has 60 seconds left.\n|inactive|CbuttyVGC has 30 seconds left.\n|\n|t:|1681824996\n|start\n|switch|p1a: Pawmot|Pawmot, L50, M, shiny|100\/100\n|switch|p1b: Chien-Pao|Chien-Pao, L50|100\/100\n|switch|p2a: Iron Bundle|Iron Bundle, L50|100\/100\n|switch|p2b: Dragapult|Dragapult, L50, M|100\/100\n|-ability|p1b: Chien-Pao|Sword of Ruin\n|-enditem|p2a: Iron Bundle|Booster Energy\n|-activate|p2a: Iron Bundle|ability: Quark Drive|[fromitem]\n|-start|p2a: Iron Bundle|quarkdrivespe\n|turn|1\n|inactive|Seeker945 has 30 seconds left.\n|inactive|CbuttyVGC has 30 seconds left.\n|\n|t:|1681825027\n|move|p1a: Pawmot|Fake Out|p2a: Iron Bundle\n|-damage|p2a: Iron Bundle|78\/100\n|cant|p2a: Iron Bundle|flinch\n|move|p2b: Dragapult|Dragon Darts|p1a: Pawmot\n|-damage|p1a: Pawmot|19\/100\n|-anim|p2b: Dragapult|Dragon Darts|p1b: Chien-Pao\n|-damage|p1b: Chien-Pao|47\/100\n|move|p1b: Chien-Pao|Ice Spinner|p2b: Dragapult\n|-supereffective|p2b: Dragapult\n|-damage|p2b: Dragapult|0 fnt\n|faint|p2b: Dragapult\n|\n|upkeep\n|\n|t:|1681825036\n|switch|p2b: Heracross|Heracross, L50, M|100\/100\n|turn|2\n|\n|t:|1681825054\n|switch|p1a: Gyarados|Gyarados, L50, M, shiny|100\/100\n|-ability|p1a: Gyarados|Intimidate|boost\n|-unboost|p2a: Iron Bundle|atk|1\n|-unboost|p2b: Heracross|atk|1\n|-terastallize|p1b: Chien-Pao|Fighting\n|move|p2b: Heracross|Protect|p2b: Heracross\n|-singleturn|p2b: Heracross|Protect\n|move|p2a: Iron Bundle|Encore||[still]\n|-fail|p2a: Iron Bundle\n|move|p1b: Chien-Pao|Sacred Sword|p2a: Iron Bundle\n|-supereffective|p2a: Iron Bundle\n|-damage|p2a: Iron Bundle|0 fnt\n|faint|p2a: Iron Bundle\n|-end|p2a: Iron Bundle|Quark Drive|[silent]\n|\n|-status|p2b: Heracross|brn|[from] item: Flame Orb\n|upkeep\n|\n|t:|1681825057\n|switch|p2a: Chien-Pao|Chien-Pao, L50|100\/100\n|-ability|p2a: Chien-Pao|Sword of Ruin\n|turn|3\n|\n|t:|1681825074\n|move|p1b: Chien-Pao|Protect|p1b: Chien-Pao\n|-singleturn|p1b: Chien-Pao|Protect\n|move|p2a: Chien-Pao|Substitute|p2a: Chien-Pao\n|-start|p2a: Chien-Pao|Substitute\n|-damage|p2a: Chien-Pao|76\/100\n|move|p2b: Heracross|Close Combat|p1b: Chien-Pao\n|-activate|p1b: Chien-Pao|move: Protect\n|move|p1a: Gyarados|Icy Wind|p2a: Chien-Pao|[spread] p2a,p2b\n|-resisted|p2a: Chien-Pao\n|-activate|p2a: Chien-Pao|move: Substitute|[damage]\n|-damage|p2b: Heracross|94\/100 brn\n|-unboost|p2b: Heracross|spe|1\n|\n|-damage|p2b: Heracross|88\/100 brn|[from] brn\n|upkeep\n|turn|4\n|inactive|Seeker945 has 30 seconds left.\n|\n|t:|1681825105\n|switch|p1b: Skeledirge|Skeledirge, L50, M, shiny|100\/100\n|move|p2a: Chien-Pao|Protect|p2a: Chien-Pao\n|-singleturn|p2a: Chien-Pao|Protect\n|move|p1a: Gyarados|Waterfall|p2a: Chien-Pao\n|-activate|p2a: Chien-Pao|move: Protect\n|move|p2b: Heracross|Close Combat|p1b: Skeledirge\n|-immune|p1b: Skeledirge\n|\n|-damage|p2b: Heracross|82\/100 brn|[from] brn\n|upkeep\n|turn|5\n|c|\u2606Seeker945|substitute protec... en fin\n|\n|t:|1681825126\n|move|p1b: Skeledirge|Protect|p1b: Skeledirge\n|-singleturn|p1b: Skeledirge|Protect\n|move|p2a: Chien-Pao|Ice Spinner|p1a: Gyarados\n|-damage|p1a: Gyarados|47\/100\n|move|p1a: Gyarados|Waterfall|p2a: Chien-Pao\n|-end|p2a: Chien-Pao|Substitute\n|move|p2b: Heracross|Throat Chop|p1b: Skeledirge\n|-activate|p1b: Skeledirge|move: Protect\n|\n|-damage|p2b: Heracross|77\/100 brn|[from] brn\n|upkeep\n|turn|6\n|c|\u2606CbuttyVGC|I did accept OTS, that's on you\n|\n|t:|1681825144\n|move|p1b: Skeledirge|Protect||[still]\n|-fail|p1b: Skeledirge\n|move|p2a: Chien-Pao|Ice Spinner|p1a: Gyarados\n|-damage|p1a: Gyarados|0 fnt\n|faint|p1a: Gyarados\n|move|p2b: Heracross|Throat Chop|p1b: Skeledirge\n|-supereffective|p1b: Skeledirge\n|-damage|p1b: Skeledirge|36\/100\n|-start|p1b: Skeledirge|Throat Chop|[silent]\n|\n|-damage|p2b: Heracross|71\/100 brn|[from] brn\n|upkeep\n|\n|t:|1681825157\n|switch|p1a: Pawmot|Pawmot, L50, M, shiny|19\/100\n|turn|7\n|\n|t:|1681825168\n|move|p1a: Pawmot|Fake Out|p2a: Chien-Pao\n|-damage|p2a: Chien-Pao|60\/100\n|cant|p2a: Chien-Pao|flinch\n|move|p1b: Skeledirge|Shadow Ball|p2b: Heracross\n|-damage|p2b: Heracross|39\/100 brn\n|move|p2b: Heracross|Throat Chop|p1b: Skeledirge\n|-supereffective|p1b: Skeledirge\n|-damage|p1b: Skeledirge|0 fnt\n|faint|p1b: Skeledirge\n|\n|-damage|p2b: Heracross|33\/100 brn|[from] brn\n|upkeep\n|\n|t:|1681825179\n|switch|p1b: Chien-Pao|Chien-Pao, L50, tera:Fighting|47\/100\n|-ability|p1b: Chien-Pao|Sword of Ruin\n|turn|8\n|\n|t:|1681825196\n|-terastallize|p2a: Chien-Pao|Fire\n|move|p1a: Pawmot|Mach Punch|p2a: Chien-Pao\n|-damage|p2a: Chien-Pao|25\/100\n|move|p1b: Chien-Pao|Ice Spinner|p2b: Heracross\n|-damage|p2b: Heracross|0 fnt\n|faint|p2b: Heracross\n|move|p2a: Chien-Pao|Ice Spinner|p1b: Chien-Pao\n|-damage|p1b: Chien-Pao|0 fnt\n|faint|p1b: Chien-Pao\n|\n|upkeep\n|turn|9\n|\n|t:|1681825209\n|move|p2a: Chien-Pao|Sucker Punch|p1a: Pawmot\n|-resisted|p1a: Pawmot\n|-damage|p1a: Pawmot|0 fnt\n|faint|p1a: Pawmot\n|\n|win|CbuttyVGC\n|raw|Seeker945's rating: 1149 → 1126<\/strong> (-23 for losing)\n|raw|CbuttyVGC's rating: 1182 → 1205<\/strong> (+23 for winning)\n|c|\u2606Seeker945|gg pig\n|l|\u2606Seeker945\n","uploadtime":1681825224,"views":4,"p1id":"seeker945","p2id":"cbuttyvgc","formatid":"gen9vgc2023regulationc","rating":1126,"private":0,"password":""}