{"id":"gen9vgc2023regulationc-1848640073","p1":"bentoboxkiller","p2":"pls be kind to me","format":"[Gen 9] VGC 2023 Regulation C","log":"|j|\u2606bentoboxkiller\n|j|\u2606pls be kind to me\n|t:|1682096807\n|gametype|doubles\n|player|p1|bentoboxkiller|265|1386\n|player|p2|pls be kind to me|flannery|1285\n|teamsize|p1|6\n|teamsize|p2|6\n|gen|9\n|tier|[Gen 9] VGC 2023 Regulation C\n|rated|\n|rule|Species Clause: Limit one of each Pok\u00e9mon\n|rule|Item Clause: Limit one of each item\n|clearpoke\n|poke|p1|Tyranitar, L50, M|\n|poke|p1|Orthworm, L50, M|\n|poke|p1|Indeedee-F, L50, F|\n|poke|p1|Ting-Lu, L50|\n|poke|p1|Chien-Pao, L50|\n|poke|p1|Misdreavus, L50, F|\n|poke|p2|Chi-Yu, L50|\n|poke|p2|Flutter Mane, L50|\n|poke|p2|Corviknight, L50, M|\n|poke|p2|Baxcalibur, L50, F|\n|poke|p2|Scream Tail, L50|\n|poke|p2|Rotom-Wash, L50|\n|teampreview|4\n|inactive|Battle timer is ON: inactive players will automatically lose when time's up. (requested by bentoboxkiller)\npls be kind to me has agreed to open team sheets.\n|inactive|bentoboxkiller has 60 seconds left.\n|inactive|pls be kind to me has 60 seconds left.\n|inactive|pls be kind to me has 30 seconds left.\n|inactive|pls be kind to me has 20 seconds left.\n|inactive|pls be kind to me has 15 seconds left.\n|\n|t:|1682096883\n|start\n|switch|p1a: Misdreavus|Misdreavus, L50, F|100\/100\n|switch|p1b: Ting-Lu|Ting-Lu, L50|100\/100\n|switch|p2a: Chi-Yu|Chi-Yu, L50|100\/100\n|switch|p2b: Rotom|Rotom-Wash, L50, shiny|100\/100\n|-ability|p2a: Chi-Yu|Beads of Ruin\n|-ability|p1b: Ting-Lu|Vessel of Ruin\n|turn|1\n|inactive|bentoboxkiller has 30 seconds left.\n|\n|t:|1682096912\n|switch|p2a: Corviknight|Corviknight, L50, M, shiny|100\/100\n|move|p2b: Rotom|Nasty Plot|p2b: Rotom\n|-boost|p2b: Rotom|spa|2\n|move|p1b: Ting-Lu|Earthquake|p2a: Corviknight|[spread] \n|-immune|p1a: Misdreavus|[from] ability: Levitate\n|-immune|p2a: Corviknight\n|-immune|p2b: Rotom|[from] ability: Levitate\n|move|p1a: Misdreavus|Trick Room|p1a: Misdreavus\n|-fieldstart|move: Trick Room|[of] p1a: Misdreavus\n|\n|upkeep\n|turn|2\n|inactive|pls be kind to me has 30 seconds left.\n|\n|t:|1682096945\n|move|p1b: Ting-Lu|Rock Slide|p2a: Corviknight|[spread] p2a,p2b\n|-damage|p2a: Corviknight|86\/100\n|-damage|p2b: Rotom|86\/100\n|move|p2a: Corviknight|Brave Bird|p1a: Misdreavus\n|-damage|p1a: Misdreavus|77\/100\n|-damage|p2a: Corviknight|79\/100|[from] Recoil\n|move|p1a: Misdreavus|Will-O-Wisp|p2a: Corviknight\n|-status|p2a: Corviknight|brn\n|move|p2b: Rotom|Thunderbolt|p1a: Misdreavus\n|-damage|p1a: Misdreavus|33\/100\n|\n|-damage|p2a: Corviknight|74\/100 brn|[from] brn\n|upkeep\n|turn|3\n|\n|t:|1682096969\n|move|p1b: Ting-Lu|Rock Slide|p2a: Corviknight|[spread] p2a,p2b\n|-damage|p2a: Corviknight|58\/100 brn\n|-damage|p2b: Rotom|72\/100\n|move|p2a: Corviknight|Roost|p2a: Corviknight\n|-heal|p2a: Corviknight|100\/100 brn\n|-singleturn|p2a: Corviknight|move: Roost\n|move|p1a: Misdreavus|Will-O-Wisp|p2b: Rotom\n|-status|p2b: Rotom|brn\n|move|p2b: Rotom|Thunderbolt|p1a: Misdreavus\n|-damage|p1a: Misdreavus|0 fnt\n|faint|p1a: Misdreavus\n|\n|-damage|p2a: Corviknight|95\/100 brn|[from] brn\n|-damage|p2b: Rotom|66\/100 brn|[from] brn\n|upkeep\n|\n|t:|1682096982\n|switch|p1a: Orthworm|Orthworm, L50, M|100\/100\n|turn|4\n|\n|t:|1682097000\n|move|p1b: Ting-Lu|Rock Slide|p2b: Rotom|[spread] p2a,p2b\n|-damage|p2a: Corviknight|80\/100 brn\n|-damage|p2b: Rotom|51\/100 brn\n|move|p1a: Orthworm|Iron Defense|p1a: Orthworm\n|-boost|p1a: Orthworm|def|2\n|cant|p2a: Corviknight|flinch\n|move|p2b: Rotom|Thunderbolt|p1a: Orthworm\n|-damage|p1a: Orthworm|41\/100\n|\n|-heal|p1a: Orthworm|47\/100|[from] item: Leftovers\n|-damage|p2a: Corviknight|74\/100 brn|[from] brn\n|-damage|p2b: Rotom|45\/100 brn|[from] brn\n|upkeep\n|-enditem|p2b: Rotom|Sitrus Berry|[eat]\n|-heal|p2b: Rotom|70\/100 brn|[from] item: Sitrus Berry\n|turn|5\n|\n|t:|1682097018\n|move|p1b: Ting-Lu|Earthquake|p2b: Rotom|[spread] \n|-heal|p1a: Orthworm|72\/100|[from] ability: Earth Eater|[of] p1b: Ting-Lu\n|-immune|p2a: Corviknight\n|-immune|p2b: Rotom|[from] ability: Levitate\n|move|p1a: Orthworm|Body Press|p2b: Rotom\n|-damage|p2b: Rotom|27\/100 brn\n|move|p2a: Corviknight|Tailwind|p2a: Corviknight\n|-sidestart|p2: pls be kind to me|move: Tailwind\n|move|p2b: Rotom|Thunderbolt|p1a: Orthworm\n|-damage|p1a: Orthworm|10\/100\n|\n|-heal|p1a: Orthworm|16\/100|[from] item: Leftovers\n|-damage|p2a: Corviknight|68\/100 brn|[from] brn\n|-damage|p2b: Rotom|21\/100 brn|[from] brn\n|-fieldend|move: Trick Room\n|upkeep\n|turn|6\n|\n|t:|1682097033\n|move|p1a: Orthworm|Protect|p1a: Orthworm\n|-singleturn|p1a: Orthworm|Protect\n|move|p2b: Rotom|Thunderbolt|p1a: Orthworm\n|-activate|p1a: Orthworm|move: Protect\n|move|p2a: Corviknight|Brave Bird|p1b: Ting-Lu\n|-crit|p1b: Ting-Lu\n|-damage|p1b: Ting-Lu|84\/100\n|-damage|p2a: Corviknight|62\/100 brn|[from] Recoil\n|move|p1b: Ting-Lu|Rock Slide|p2a: Corviknight|[spread] p2a,p2b\n|-damage|p2a: Corviknight|46\/100 brn\n|-damage|p2b: Rotom|6\/100 brn\n|\n|-heal|p1a: Orthworm|22\/100|[from] item: Leftovers\n|-damage|p2b: Rotom|0 fnt|[from] brn\n|faint|p2b: Rotom\n|-damage|p2a: Corviknight|40\/100 brn|[from] brn\n|upkeep\n|\n|t:|1682097039\n|switch|p2b: Chi-Yu|Chi-Yu, L50|100\/100\n|-ability|p2b: Chi-Yu|Beads of Ruin\n|turn|7\n|\n|t:|1682097062\n|-terastallize|p2b: Chi-Yu|Ghost\n|move|p1a: Orthworm|Protect|p1a: Orthworm\n|-singleturn|p1a: Orthworm|Protect\n|move|p2b: Chi-Yu|Heat Wave|p1b: Ting-Lu|[spread] p1b\n|-activate|p1a: Orthworm|move: Protect\n|-damage|p1b: Ting-Lu|68\/100\n|move|p2a: Corviknight|Roost|p2a: Corviknight\n|-heal|p2a: Corviknight|90\/100 brn\n|-singleturn|p2a: Corviknight|move: Roost\n|move|p1b: Ting-Lu|Earthquake|p2a: Corviknight|[spread] p2a,p2b\n|-activate|p1a: Orthworm|move: Protect\n|-supereffective|p2a: Corviknight\n|-damage|p2a: Corviknight|30\/100 brn\n|-damage|p2b: Chi-Yu|54\/100\n|\n|-heal|p1a: Orthworm|28\/100|[from] item: Leftovers\n|-damage|p2a: Corviknight|24\/100 brn|[from] brn\n|upkeep\n|turn|8\n|inactive|bentoboxkiller has 30 seconds left.\n|inactive|pls be kind to me has 30 seconds left.\n|c|\u2606bentoboxkiller|why did eq hit corvinight?\n|inactive|bentoboxkiller has 20 seconds left.\n|c|\u2606bentoboxkiller|isnt he flying??\n|inactive|bentoboxkiller has 15 seconds left.\n|\n|t:|1682097107\n|move|p2b: Chi-Yu|Heat Wave|p1a: Orthworm|[spread] p1a,p1b\n|-supereffective|p1a: Orthworm\n|-damage|p1a: Orthworm|0 fnt\n|-damage|p1b: Ting-Lu|52\/100\n|faint|p1a: Orthworm\n|move|p2a: Corviknight|Iron Head|p1b: Ting-Lu\n|-damage|p1b: Ting-Lu|43\/100\n|move|p1b: Ting-Lu|Rock Slide|p2a: Corviknight|[spread] p2a,p2b\n|-damage|p2a: Corviknight|8\/100 brn\n|-damage|p2b: Chi-Yu|33\/100\n|\n|-damage|p2a: Corviknight|2\/100 brn|[from] brn\n|-sideend|p2: pls be kind to me|move: Tailwind\n|upkeep\n|c|\u2606pls be kind to me|roost gets rid of the flying type for the turn\n|c|\u2606bentoboxkiller|ohhh good to know\n|c|\u2606bentoboxkiller|thanks\n|\n|t:|1682097125\n|switch|p1a: Chien-Pao|Chien-Pao, L50|100\/100\n|-ability|p1a: Chien-Pao|Sword of Ruin\n|turn|9\n|\n|t:|1682097140\n|switch|p2b: Scream Tail|Scream Tail, L50|100\/100\n|-enditem|p2b: Scream Tail|Booster Energy\n|-activate|p2b: Scream Tail|ability: Protosynthesis|[fromitem]\n|-start|p2b: Scream Tail|protosynthesisspe\n|move|p1a: Chien-Pao|Protect|p1a: Chien-Pao\n|-singleturn|p1a: Chien-Pao|Protect\n|move|p2a: Corviknight|Roost|p2a: Corviknight\n|-heal|p2a: Corviknight|52\/100 brn\n|-singleturn|p2a: Corviknight|move: Roost\n|move|p1b: Ting-Lu|Rock Slide|p2a: Corviknight|[spread] p2a,p2b\n|-resisted|p2a: Corviknight\n|-damage|p2a: Corviknight|42\/100 brn\n|-damage|p2b: Scream Tail|79\/100\n|\n|-damage|p2a: Corviknight|36\/100 brn|[from] brn\n|upkeep\n|turn|10\n|\n|t:|1682097159\n|move|p2b: Scream Tail|Encore|p1a: Chien-Pao\n|-start|p1a: Chien-Pao|Encore\n|move|p1a: Chien-Pao|Protect||[still]\n|-fail|p1a: Chien-Pao\n|move|p2a: Corviknight|Iron Head|p1a: Chien-Pao\n|-supereffective|p1a: Chien-Pao\n|-damage|p1a: Chien-Pao|63\/100\n|move|p1b: Ting-Lu|Throat Chop|p2b: Scream Tail\n|-damage|p2b: Scream Tail|37\/100\n|-start|p2b: Scream Tail|Throat Chop|[silent]\n|\n|-damage|p2a: Corviknight|30\/100 brn|[from] brn\n|upkeep\n|turn|11\n|inactive|pls be kind to me has 30 seconds left.\n|\n|t:|1682097190\n|-terastallize|p1b: Ting-Lu|Poison\n|move|p1a: Chien-Pao|Protect|p1a: Chien-Pao\n|-singleturn|p1a: Chien-Pao|Protect\n|move|p2b: Scream Tail|Play Rough|p1b: Ting-Lu\n|-resisted|p1b: Ting-Lu\n|-damage|p1b: Ting-Lu|34\/100\n|move|p2a: Corviknight|Iron Head|p1b: Ting-Lu\n|-damage|p1b: Ting-Lu|23\/100\n|move|p1b: Ting-Lu|Throat Chop|p2b: Scream Tail\n|-damage|p2b: Scream Tail|0 fnt\n|faint|p2b: Scream Tail\n|-end|p2b: Scream Tail|Protosynthesis|[silent]\n|\n|-damage|p2a: Corviknight|25\/100 brn|[from] brn\n|upkeep\n|\n|t:|1682097200\n|switch|p2b: Chi-Yu|Chi-Yu, L50, tera:Ghost|33\/100\n|-ability|p2b: Chi-Yu|Beads of Ruin\n|turn|12\n|\n|t:|1682097209\n|move|p1a: Chien-Pao|Protect||[still]\n|-fail|p1a: Chien-Pao\n|move|p2b: Chi-Yu|Heat Wave|p1a: Chien-Pao|[spread] p1a,p1b\n|-supereffective|p1a: Chien-Pao\n|-damage|p1a: Chien-Pao|0 fnt\n|-damage|p1b: Ting-Lu|8\/100\n|faint|p1a: Chien-Pao\n|move|p2a: Corviknight|Iron Head|p1b: Ting-Lu\n|-damage|p1b: Ting-Lu|0 fnt\n|faint|p1b: Ting-Lu\n|\n|win|pls be kind to me\n|raw|bentoboxkiller's rating: 1386 → 1360<\/strong> (-26 for losing)\n|raw|pls be kind to me's rating: 1285 → 1317<\/strong> (+32 for winning)\n|l|\u2606bentoboxkiller\n|c|\u2606pls be kind to me|gg\n","uploadtime":1682097226,"views":15,"p1id":"bentoboxkiller","p2id":"plsbekindtome","formatid":"gen9vgc2023regulationc","rating":1317,"private":0,"password":""}