{"id":"gen9vgc2023regulationc-1856646972","p1":"jackiepeanuts","p2":"thecomplainman","format":"[Gen 9] VGC 2023 Regulation C","log":"|j|\u2606jackiepeanuts\n|j|\u2606thecomplainman\n|t:|1683087526\n|gametype|doubles\n|player|p1|jackiepeanuts|102|1252\n|player|p2|thecomplainman|unknown|1317\n|teamsize|p1|6\n|teamsize|p2|6\n|gen|9\n|tier|[Gen 9] VGC 2023 Regulation C\n|rated|\n|rule|Species Clause: Limit one of each Pok\u00e9mon\n|rule|Item Clause: Limit one of each item\n|clearpoke\n|poke|p1|Lokix, L50, M|\n|poke|p1|Palafin, L50, F|\n|poke|p1|Arcanine, L50, F|\n|poke|p1|Ting-Lu, L50|\n|poke|p1|Flutter Mane, L50|\n|poke|p1|Chien-Pao, L50|\n|poke|p2|Flutter Mane, L50|\n|poke|p2|Chi-Yu, L50|\n|poke|p2|Maushold-Four, L50|\n|poke|p2|Azumarill, L50, M|\n|poke|p2|Gastrodon, L50, M|\n|poke|p2|Scizor, L50, M|\n|teampreview|4\nthecomplainman has agreed to open team sheets.\njackiepeanuts has agreed to open team sheets.\n|c|\u2606thecomplainman|big fan\n|\n|t:|1683087618\n|start\n|switch|p1a: Chien-Pao|Chien-Pao, L50|100\/100\n|switch|p1b: Lokix|Lokix, L50, M, shiny|100\/100\n|switch|p2a: Scizor|Scizor, L50, M|100\/100\n|switch|p2b: Gastrodon|Gastrodon, L50, M|100\/100\n|-ability|p1a: Chien-Pao|Sword of Ruin\n|turn|1\n|\n|t:|1683087632\n|-terastallize|p1b: Lokix|Bug\n|move|p1b: Lokix|First Impression|p2a: Scizor\n|-resisted|p2a: Scizor\n|-damage|p2a: Scizor|15\/100\n|-damage|p1b: Lokix|91\/100|[from] item: Life Orb\n|move|p2a: Scizor|Bullet Punch|p1b: Lokix\n|-damage|p1b: Lokix|22\/100\n|move|p1a: Chien-Pao|Ice Spinner|p2b: Gastrodon\n|-damage|p2b: Gastrodon|52\/100\n|move|p2b: Gastrodon|Muddy Water|p1a: Chien-Pao|[spread] p1a,p1b\n|-damage|p1a: Chien-Pao|66\/100\n|-damage|p1b: Lokix|0 fnt\n|faint|p1b: Lokix\n|\n|-heal|p2b: Gastrodon|58\/100|[from] item: Leftovers\n|upkeep\n|\n|t:|1683087643\n|switch|p1b: Ting-Lu|Ting-Lu, L50|100\/100\n|-ability|p1b: Ting-Lu|Vessel of Ruin\n|turn|2\n|\n|t:|1683087661\n|move|p2a: Scizor|Protect|p2a: Scizor\n|-singleturn|p2a: Scizor|Protect\n|move|p1a: Chien-Pao|Sucker Punch||[still]\n|-fail|p1a: Chien-Pao\n|move|p1b: Ting-Lu|Throat Chop|p2b: Gastrodon\n|-damage|p2b: Gastrodon|5\/100\n|-start|p2b: Gastrodon|Throat Chop|[silent]\n|move|p2b: Gastrodon|Muddy Water|p1a: Chien-Pao|[spread] p1a,p1b\n|-crit|p1a: Chien-Pao\n|-supereffective|p1b: Ting-Lu\n|-damage|p1a: Chien-Pao|25\/100\n|-damage|p1b: Ting-Lu|80\/100\n|-unboost|p1a: Chien-Pao|accuracy|1\n|-unboost|p1b: Ting-Lu|accuracy|1\n|\n|-heal|p2b: Gastrodon|11\/100|[from] item: Leftovers\n|upkeep\n|turn|3\n|\n|t:|1683087679\n|switch|p2a: Chi-Yu|Chi-Yu, L50|100\/100\n|-ability|p2a: Chi-Yu|Beads of Ruin\n|move|p1a: Chien-Pao|Sucker Punch||[still]\n|-fail|p1a: Chien-Pao\n|move|p1b: Ting-Lu|Heavy Slam|p2b: Gastrodon\n|-resisted|p2b: Gastrodon\n|-damage|p2b: Gastrodon|0 fnt\n|faint|p2b: Gastrodon\n|\n|upkeep\n|\n|t:|1683087690\n|switch|p2b: Scizor|Scizor, L50, M|15\/100\n|turn|4\n|\n|t:|1683087709\n|move|p1a: Chien-Pao|Protect|p1a: Chien-Pao\n|-singleturn|p1a: Chien-Pao|Protect\n|move|p2b: Scizor|Protect|p2b: Scizor\n|-singleturn|p2b: Scizor|Protect\n|move|p2a: Chi-Yu|Heat Wave|p1a: Chien-Pao|[spread] p1b\n|-activate|p1a: Chien-Pao|move: Protect\n|-damage|p1b: Ting-Lu|58\/100\n|move|p1b: Ting-Lu|Stomping Tantrum|p2a: Chi-Yu\n|-supereffective|p2a: Chi-Yu\n|-enditem|p2a: Chi-Yu|Focus Sash\n|-damage|p2a: Chi-Yu|1\/100\n|\n|upkeep\n|turn|5\n|\n|t:|1683087724\n|switch|p1b: Flutter Mane|Flutter Mane, L50|100\/100\n|-enditem|p1b: Flutter Mane|Booster Energy\n|-activate|p1b: Flutter Mane|ability: Protosynthesis|[fromitem]\n|-start|p1b: Flutter Mane|protosynthesisspa\n|move|p1a: Chien-Pao|Sucker Punch|p2b: Scizor|[miss]\n|-miss|p1a: Chien-Pao|p2b: Scizor\n|move|p2b: Scizor|Bullet Punch|p1a: Chien-Pao\n|-supereffective|p1a: Chien-Pao\n|-damage|p1a: Chien-Pao|0 fnt\n|faint|p1a: Chien-Pao\n|move|p2a: Chi-Yu|Overheat|p1b: Flutter Mane\n|-damage|p1b: Flutter Mane|0 fnt\n|-unboost|p2a: Chi-Yu|spa|2\n|faint|p1b: Flutter Mane\n|-end|p1b: Flutter Mane|Protosynthesis|[silent]\n|\n|upkeep\n|\n|t:|1683087737\n|switch|p1b: Ting-Lu|Ting-Lu, L50|58\/100\n|-ability|p1b: Ting-Lu|Vessel of Ruin\n|turn|6\n|\n|t:|1683087741\n|move|p2b: Scizor|Bullet Punch|p1b: Ting-Lu\n|-damage|p1b: Ting-Lu|39\/100\n|move|p2a: Chi-Yu|Overheat|p1b: Ting-Lu\n|-damage|p1b: Ting-Lu|18\/100\n|-unboost|p2a: Chi-Yu|spa|2\n|move|p1b: Ting-Lu|Stomping Tantrum|p2a: Chi-Yu\n|-supereffective|p2a: Chi-Yu\n|-damage|p2a: Chi-Yu|0 fnt\n|faint|p2a: Chi-Yu\n|\n|upkeep\n|\n|t:|1683087747\n|switch|p2a: Flutter Mane|Flutter Mane, L50|100\/100\n|turn|7\n|\n|t:|1683087754\n|move|p2b: Scizor|Bullet Punch|p1b: Ting-Lu\n|-damage|p1b: Ting-Lu|0 fnt\n|faint|p1b: Ting-Lu\n|\n|win|thecomplainman\n|raw|jackiepeanuts's rating: 1252 → 1232<\/strong> (-20 for losing)\n|raw|thecomplainman's rating: 1317 → 1333<\/strong> (+16 for winning)\n|l|\u2606jackiepeanuts\n|c|\u2606thecomplainman|gg\n","uploadtime":1683087766,"views":7,"p1id":"jackiepeanuts","p2id":"thecomplainman","formatid":"gen9vgc2023regulationc","rating":1232,"private":0,"password":""}