{"id":"gen9vgc2023regulationc-1860149753","p1":"Nightmare_King_VGC","p2":"VGCTrainerisback","format":"[Gen 9] VGC 2023 Regulation C","log":"|j|\u2606Nightmare_King_VGC\n|j|\u2606VGCTrainerisback\n|t:|1683601342\n|gametype|doubles\n|player|p1|Nightmare_King_VGC|veteranf|1630\n|player|p2|VGCTrainerisback|265|1711\n|teamsize|p1|6\n|teamsize|p2|6\n|gen|9\n|tier|[Gen 9] VGC 2023 Regulation C\n|rated|\n|rule|Species Clause: Limit one of each Pok\u00e9mon\n|rule|Item Clause: Limit one of each item\n|clearpoke\n|poke|p1|Torkoal, L50, M|\n|poke|p1|Great Tusk, L50|\n|poke|p1|Flutter Mane, L50|\n|poke|p1|Jumpluff, L50, M|\n|poke|p1|Chien-Pao, L50|\n|poke|p1|Kingambit, L50, M|\n|poke|p2|Abomasnow, L50, M|\n|poke|p2|Iron Bundle, L50|\n|poke|p2|Annihilape, L50, M|\n|poke|p2|Flutter Mane, L50|\n|poke|p2|Chi-Yu, L50|\n|poke|p2|Maushold-Four, L50|\n|teampreview|4\n|\n|t:|1683601383\n|start\n|switch|p1a: Flutter Mane|Flutter Mane, L50|100\/100\n|switch|p1b: Jumpluff|Jumpluff, L50, M|100\/100\n|switch|p2a: Iron Bundle|Iron Bundle, L50|100\/100\n|switch|p2b: Chi-Yu|Chi-Yu, L50|100\/100\n|-ability|p2b: Chi-Yu|Beads of Ruin\n|-enditem|p2a: Iron Bundle|Booster Energy\n|-activate|p2a: Iron Bundle|ability: Quark Drive|[fromitem]\n|-start|p2a: Iron Bundle|quarkdrivespa\n|turn|1\n|\n|t:|1683601417\n|-end|p1a: Flutter Mane|Protosynthesis|[silent]\n|switch|p1a: Torkoal|Torkoal, L50, M|100\/100\n|-weather|SunnyDay|[from] ability: Drought|[of] p1a: Torkoal\n|-terastallize|p2b: Chi-Yu|Grass\n|move|p2a: Iron Bundle|Protect|p2a: Iron Bundle\n|-singleturn|p2a: Iron Bundle|Protect\n|move|p1b: Jumpluff|Tailwind|p1b: Jumpluff\n|-sidestart|p1: Nightmare_King_VGC|move: Tailwind\n|move|p2b: Chi-Yu|Nasty Plot|p2b: Chi-Yu\n|-boost|p2b: Chi-Yu|spa|2\n|\n|-weather|SunnyDay|[upkeep]\n|upkeep\n|turn|2\n|\n|t:|1683601439\n|move|p2b: Chi-Yu|Protect|p2b: Chi-Yu\n|-singleturn|p2b: Chi-Yu|Protect\n|move|p1b: Jumpluff|Sleep Powder|p2a: Iron Bundle|[miss]\n|-miss|p1b: Jumpluff|p2a: Iron Bundle\n|move|p2a: Iron Bundle|Freeze-Dry|p1b: Jumpluff\n|-supereffective|p1b: Jumpluff\n|-damage|p1b: Jumpluff|0 fnt\n|faint|p1b: Jumpluff\n|move|p1a: Torkoal|Overheat|p2b: Chi-Yu\n|-activate|p2b: Chi-Yu|move: Protect\n|\n|-weather|SunnyDay|[upkeep]\n|upkeep\n|\n|t:|1683601458\n|switch|p1b: Great Tusk|Great Tusk, L50|100\/100\n|-activate|p1b: Great Tusk|ability: Protosynthesis\n|-start|p1b: Great Tusk|protosynthesisatk\n|turn|3\n|\n|t:|1683601472\n|-terastallize|p1b: Great Tusk|Fire\n|move|p2a: Iron Bundle|Protect|p2a: Iron Bundle\n|-singleturn|p2a: Iron Bundle|Protect\n|move|p1b: Great Tusk|Close Combat|p2a: Iron Bundle\n|-activate|p2a: Iron Bundle|move: Protect\n|move|p2b: Chi-Yu|Heat Wave|p1b: Great Tusk|[spread] p1a,p1b\n|-resisted|p1a: Torkoal\n|-resisted|p1b: Great Tusk\n|-damage|p1a: Torkoal|21\/100\n|-damage|p1b: Great Tusk|0 fnt\n|faint|p1b: Great Tusk\n|-end|p1b: Great Tusk|Protosynthesis|[silent]\n|move|p1a: Torkoal|Overheat|p2b: Chi-Yu\n|-supereffective|p2b: Chi-Yu\n|-damage|p2b: Chi-Yu|0 fnt\n|-unboost|p1a: Torkoal|spa|2\n|-enditem|p1a: Torkoal|Eject Pack\n|faint|p2b: Chi-Yu\n|\n|t:|1683601476\n|switch|p1a: Flutter Mane|Flutter Mane, L50|100\/100\n|-activate|p1a: Flutter Mane|ability: Protosynthesis\n|-start|p1a: Flutter Mane|protosynthesisspa\n|\n|-weather|SunnyDay|[upkeep]\n|upkeep\n|\n|t:|1683601489\n|switch|p2b: Annihilape|Annihilape, L50, M|100\/100\n|switch|p1b: Torkoal|Torkoal, L50, M|21\/100\n|turn|4\n|\n|t:|1683601503\n|switch|p2b: Abomasnow|Abomasnow, L50, M|100\/100\n|-weather|Snow|[from] ability: Snow Warning|[of] p2b: Abomasnow\n|-end|p1a: Flutter Mane|Protosynthesis\n|move|p1b: Torkoal|Helping Hand|p1a: Flutter Mane\n|-singleturn|p1a: Flutter Mane|Helping Hand|[of] p1b: Torkoal\n|move|p1a: Flutter Mane|Dazzling Gleam|p2a: Iron Bundle|[spread] p2a,p2b\n|-damage|p2a: Iron Bundle|0 fnt\n|-damage|p2b: Abomasnow|10\/100\n|faint|p2a: Iron Bundle\n|-end|p2a: Iron Bundle|Quark Drive|[silent]\n|\n|-weather|Snow|[upkeep]\n|-sideend|p1: Nightmare_King_VGC|move: Tailwind\n|upkeep\n|\n|t:|1683601511\n|switch|p2a: Annihilape|Annihilape, L50, M|100\/100\n|turn|5\n|\n|t:|1683601521\n|move|p1b: Torkoal|Helping Hand|p1a: Flutter Mane\n|-singleturn|p1a: Flutter Mane|Helping Hand|[of] p1b: Torkoal\n|move|p2b: Abomasnow|Protect|p2b: Abomasnow\n|-singleturn|p2b: Abomasnow|Protect\n|move|p1a: Flutter Mane|Dazzling Gleam|p2b: Abomasnow|[spread] p2a\n|-activate|p2b: Abomasnow|move: Protect\n|-supereffective|p2a: Annihilape\n|-damage|p2a: Annihilape|3\/100\n|-enditem|p2a: Annihilape|Sitrus Berry|[eat]\n|-heal|p2a: Annihilape|28\/100|[from] item: Sitrus Berry\n|move|p2a: Annihilape|Rage Fist|p1a: Flutter Mane\n|-supereffective|p1a: Flutter Mane\n|-damage|p1a: Flutter Mane|0 fnt\n|faint|p1a: Flutter Mane\n|-end|p1a: Flutter Mane|Protosynthesis|[silent]\n|\n|-weather|Snow|[upkeep]\n|upkeep\n|turn|6\n|-message|Nightmare_King_VGC forfeited.\n|\n|win|VGCTrainerisback\n|raw|Nightmare_King_VGC's rating: 1630 → 1615<\/strong> (-15 for losing)\n|raw|VGCTrainerisback's rating: 1711 → 1726<\/strong> (+15 for winning)\n|j| shine like a gem\n|l|\u2606Nightmare_King_VGC\n|l|\u2606VGCTrainerisback\n","uploadtime":1683602032,"views":10,"p1id":"nightmarekingvgc","p2id":"vgctrainerisback","formatid":"gen9vgc2023regulationc","rating":1615,"private":0,"password":""}