{"id":"gen9vgc2023regulationc-1862825090","p1":"Bertigo","p2":"Zephyl","format":"[Gen 9] VGC 2023 Regulation C","log":"|j|\u2606Bertigo\n|j|\u2606Zephyl\n|t:|1683926134\n|gametype|doubles\n|player|p1|Bertigo|#vgcwliikilowattrels|\n|player|p2|Zephyl|nemona-v|\n|teamsize|p1|6\n|teamsize|p2|6\n|gen|9\n|tier|[Gen 9] VGC 2023 Regulation C\n|rule|Species Clause: Limit one of each Pok\u00e9mon\n|rule|Item Clause: Limit one of each item\n|clearpoke\n|poke|p1|Iron Hands, L50|\n|poke|p1|Flutter Mane, L50|\n|poke|p1|Chi-Yu, L50|\n|poke|p1|Gyarados, L50, M|\n|poke|p1|Amoonguss, L50, M|\n|poke|p1|Ting-Lu, L50|\n|poke|p2|Palafin, L50, M|\n|poke|p2|Flutter Mane, L50|\n|poke|p2|Arcanine, L50, F|\n|poke|p2|Ting-Lu, L50|\n|poke|p2|Amoonguss, L50, M|\n|poke|p2|Kingambit, L50, F|\n|teampreview|4\nBertigo has agreed to open team sheets.\nZephyl has agreed to open team sheets.\n|c|\u2606Bertigo|Its open the room?\n|c|\u2606Zephyl|\/log Zephyl made this room public.\n|c|\u2606Bertigo|Tyyy\n|j| pipppo\n|j| Orangex733\n|j| ceree\n|\n|t:|1683926261\n|start\n|switch|p1a: Iron Hands|Iron Hands, L50|100\/100\n|switch|p1b: Amoonguss|Amoonguss, L50, M, shiny|100\/100\n|switch|p2a: Ting-Lu|Ting-Lu, L50|100\/100\n|switch|p2b: Kingambit|Kingambit, L50, F|100\/100\n|-ability|p2a: Ting-Lu|Vessel of Ruin\n|turn|1\n|j| pwny person\n|j| eughe\n|\n|t:|1683926318\n|-terastallize|p2b: Kingambit|Dark\n|move|p1a: Iron Hands|Swords Dance|p1a: Iron Hands\n|-boost|p1a: Iron Hands|atk|2\n|move|p2a: Ting-Lu|Ruination|p1b: Amoonguss\n|-damage|p1b: Amoonguss|50\/100\n|-enditem|p1b: Amoonguss|Sitrus Berry|[eat]\n|-heal|p1b: Amoonguss|75\/100|[from] item: Sitrus Berry\n|move|p2b: Kingambit|Kowtow Cleave|p1b: Amoonguss\n|-crit|p1b: Amoonguss\n|-damage|p1b: Amoonguss|0 fnt\n|faint|p1b: Amoonguss\n|\n|upkeep\n|\n|t:|1683926342\n|switch|p1b: Flutter Mane|Flutter Mane, L50|100\/100\n|-enditem|p1b: Flutter Mane|Booster Energy\n|-activate|p1b: Flutter Mane|ability: Protosynthesis|[fromitem]\n|-start|p1b: Flutter Mane|protosynthesisspe\n|turn|2\n|\n|t:|1683926422\n|switch|p2b: Arcanine|Arcanine, L50, F|100\/100\n|-ability|p2b: Arcanine|Intimidate|boost\n|-unboost|p1a: Iron Hands|atk|1\n|-unboost|p1b: Flutter Mane|atk|1\n|move|p1b: Flutter Mane|Moonblast|p2a: Ting-Lu\n|-supereffective|p2a: Ting-Lu\n|-damage|p2a: Ting-Lu|68\/100\n|-unboost|p2a: Ting-Lu|spa|1\n|move|p1a: Iron Hands|Drain Punch|p2a: Ting-Lu\n|-supereffective|p2a: Ting-Lu\n|-damage|p2a: Ting-Lu|0 fnt\n|faint|p2a: Ting-Lu\n|\n|upkeep\n|\n|t:|1683926446\n|switch|p2a: Kingambit|Kingambit, L50, F, tera:Dark|100\/100\n|turn|3\n|j| theyummybagel\n|\n|t:|1683926482\n|-terastallize|p1a: Iron Hands|Fire\n|move|p2a: Kingambit|Protect|p2a: Kingambit\n|-singleturn|p2a: Kingambit|Protect\n|move|p1b: Flutter Mane|Substitute|p1b: Flutter Mane\n|-start|p1b: Flutter Mane|Substitute\n|-damage|p1b: Flutter Mane|76\/100\n|move|p2b: Arcanine|Howl|p2b: Arcanine|[spread] p2a,p2b\n|-boost|p2a: Kingambit|atk|1\n|-boost|p2b: Arcanine|atk|1\n|move|p1a: Iron Hands|Drain Punch|p2a: Kingambit\n|-activate|p2a: Kingambit|move: Protect\n|\n|upkeep\n|turn|4\n|j| Justified Joe\n|j| iluvubb\n|l| iluvubb\n|j| iluvubb\n|\n|t:|1683926572\n|move|p2a: Kingambit|Sucker Punch|p1a: Iron Hands\n|-damage|p1a: Iron Hands|36\/100\n|move|p1b: Flutter Mane|Moonblast|p2a: Kingambit\n|-supereffective|p2a: Kingambit\n|-damage|p2a: Kingambit|0 fnt\n|faint|p2a: Kingambit\n|move|p2b: Arcanine|Flare Blitz|p1a: Iron Hands\n|-resisted|p1a: Iron Hands\n|-damage|p1a: Iron Hands|11\/100\n|-damage|p2b: Arcanine|90\/100|[from] Recoil\n|move|p1a: Iron Hands|Drain Punch|p2b: Arcanine\n|-damage|p2b: Arcanine|36\/100\n|-heal|p1a: Iron Hands|32\/100|[from] drain|[of] p2b: Arcanine\n|\n|upkeep\n|\n|t:|1683926577\n|switch|p2a: Flutter Mane|Flutter Mane, L50|100\/100\n|-enditem|p2a: Flutter Mane|Booster Energy\n|-activate|p2a: Flutter Mane|ability: Protosynthesis|[fromitem]\n|-start|p2a: Flutter Mane|protosynthesisspa\n|turn|5\n|\n|t:|1683926613\n|move|p1b: Flutter Mane|Shadow Ball|p2b: Arcanine\n|-damage|p2b: Arcanine|0 fnt\n|faint|p2b: Arcanine\n|move|p2a: Flutter Mane|Shadow Ball|p1b: Flutter Mane\n|-supereffective|p1b: Flutter Mane\n|-end|p1b: Flutter Mane|Substitute\n|move|p1a: Iron Hands|Thunder Punch|p2a: Flutter Mane\n|-damage|p2a: Flutter Mane|16\/100\n|\n|upkeep\n|turn|6\n|c|\u2606Zephyl|gg\n|\n|t:|1683926626\n|move|p1b: Flutter Mane|Shadow Ball|p2a: Flutter Mane\n|-supereffective|p2a: Flutter Mane\n|-damage|p2a: Flutter Mane|0 fnt\n|faint|p2a: Flutter Mane\n|-end|p2a: Flutter Mane|Protosynthesis|[silent]\n|\n|win|Bertigo\n|c|\u2606Bertigo|Gg\n|l| iluvubb\n|j| iluvubb\n|l| ceree\n|j| I'm Beamed Up!\n|l| Orangex733\n|j| Orangex733\n|j| Finabas\n|l| iluvubb\n|j| iluvubb\n|j| SvenVGC\n|j| baaaaat_\n|l| pwny person\n|l| Finabas\n|l| I'm Beamed Up!\n|l| eughe\n|j| IchigoZangeCorner\n|l| IchigoZangeCorner\n|j| mausdnite\n|l| mausdnite\n|l| iluvubb\n|l| Orangex733\n|l| pipppo\n|l|\u2606Bertigo\n|j|\u2606Bertigo\n|player|p1|Bertigo|#vgcwliikilowattrels\n|l|\u2606Bertigo\n|player|p1|\n|l| baaaaat_\n","uploadtime":1683928126,"views":33,"p1id":"bertigo","p2id":"zephyl","formatid":"gen9vgc2023regulationc","rating":0,"private":0,"password":""}