{"id":"gen9vgc2023regulationc-1850059655","p1":"garbinho","p2":"TTVNuzlockeAcademy","format":"[Gen 9] VGC 2023 Regulation C","log":"|j|\u2606garbinho\n|j|\u2606TTVNuzlockeAcademy\n|t:|1682282800\n|gametype|doubles\n|player|p1|garbinho|266|1198\n|player|p2|TTVNuzlockeAcademy|170|1137\n|teamsize|p1|6\n|teamsize|p2|6\n|gen|9\n|tier|[Gen 9] VGC 2023 Regulation C\n|rated|\n|rule|Species Clause: Limit one of each Pok\u00e9mon\n|rule|Item Clause: Limit one of each item\n|clearpoke\n|poke|p1|Pelipper, L50, M|\n|poke|p1|Barraskewda, L50, F|\n|poke|p1|Gastrodon, L50, M|\n|poke|p1|Toxicroak, L50, F|\n|poke|p1|Clawitzer, L50, M|\n|poke|p1|Drednaw, L50, M|\n|poke|p2|Abomasnow, L50, F|\n|poke|p2|Maushold-Four, L50|\n|poke|p2|Chi-Yu, L50|\n|poke|p2|Iron Bundle, L50|\n|poke|p2|Gyarados, L50, M|\n|poke|p2|Baxcalibur, L50, M|\n|teampreview|4\n|inactive|Battle timer is ON: inactive players will automatically lose when time's up. (requested by garbinho)\ngarbinho rejected open team sheets.\n|\n|t:|1682282826\n|start\n|switch|p1a: Pelipper|Pelipper, L50, M|100\/100\n|switch|p1b: Drednaw|Drednaw, L50, M|100\/100\n|switch|p2a: Iron Bundle|Iron Bundle, L50|100\/100\n|switch|p2b: Abomasnow|Abomasnow, L50, F|100\/100\n|-weather|RainDance|[from] ability: Drizzle|[of] p1a: Pelipper\n|-weather|Snow|[from] ability: Snow Warning|[of] p2b: Abomasnow\n|-enditem|p2a: Iron Bundle|Booster Energy\n|-activate|p2a: Iron Bundle|ability: Quark Drive|[fromitem]\n|-start|p2a: Iron Bundle|quarkdrivespe\n|turn|1\n|inactive|TTVNuzlockeAcademy has 30 seconds left.\n|\n|t:|1682282853\n|switch|p2b: Gyarados|Gyarados, L50, M|100\/100\n|-ability|p2b: Gyarados|Intimidate|boost\n|-unboost|p1a: Pelipper|atk|1\n|-unboost|p1b: Drednaw|atk|1\n|move|p1a: Pelipper|Protect|p1a: Pelipper\n|-singleturn|p1a: Pelipper|Protect\n|move|p2a: Iron Bundle|Freeze-Dry|p1b: Drednaw\n|-supereffective|p1b: Drednaw\n|-damage|p1b: Drednaw|0 fnt\n|faint|p1b: Drednaw\n|\n|-weather|Snow|[upkeep]\n|upkeep\n|\n|t:|1682282871\n|switch|p1b: Toxicroak|Toxicroak, L50, F|100\/100\n|turn|2\n|inactive|TTVNuzlockeAcademy has 30 seconds left.\n|\n|t:|1682282905\n|switch|p2b: Abomasnow|Abomasnow, L50, F|100\/100\n|-terastallize|p2a: Iron Bundle|Ice\n|move|p1b: Toxicroak|Fake Out|p2a: Iron Bundle\n|-damage|p2a: Iron Bundle|87\/100\n|-damage|p1b: Toxicroak|90\/100|[from] item: Life Orb\n|cant|p2a: Iron Bundle|flinch\n|move|p1a: Pelipper|Tailwind|p1a: Pelipper\n|-sidestart|p1: garbinho|move: Tailwind\n|\n|-weather|Snow|[upkeep]\n|upkeep\n|turn|3\n|\n|t:|1682282929\n|switch|p1a: Clawitzer|Clawitzer, L50, M|100\/100\n|move|p2a: Iron Bundle|Protect|p2a: Iron Bundle\n|-singleturn|p2a: Iron Bundle|Protect\n|move|p1b: Toxicroak|Close Combat|p2a: Iron Bundle\n|-activate|p2a: Iron Bundle|move: Protect\n|move|p2b: Abomasnow|Aurora Veil|p2b: Abomasnow\n|-sidestart|p2: TTVNuzlockeAcademy|move: Aurora Veil\n|\n|-weather|Snow|[upkeep]\n|upkeep\n|turn|4\n|inactive|garbinho has 30 seconds left.\n|inactive|TTVNuzlockeAcademy has 30 seconds left.\n|\n|t:|1682282960\n|-end|p2a: Iron Bundle|Quark Drive|[silent]\n|switch|p2a: Gyarados|Gyarados, L50, M|100\/100\n|-ability|p2a: Gyarados|Intimidate|boost\n|-unboost|p1a: Clawitzer|atk|1\n|-unboost|p1b: Toxicroak|atk|1\n|move|p2b: Abomasnow|Protect|p2b: Abomasnow\n|-singleturn|p2b: Abomasnow|Protect\n|move|p1b: Toxicroak|Close Combat|p2a: Gyarados\n|-resisted|p2a: Gyarados\n|-damage|p2a: Gyarados|84\/100\n|-unboost|p1b: Toxicroak|def|1\n|-unboost|p1b: Toxicroak|spd|1\n|-damage|p1b: Toxicroak|80\/100|[from] item: Life Orb\n|move|p1a: Clawitzer|Dragon Pulse|p2b: Abomasnow\n|-activate|p2b: Abomasnow|move: Protect\n|\n|-weather|Snow|[upkeep]\n|upkeep\n|turn|5\n|\n|t:|1682282984\n|switch|p1b: Pelipper|Pelipper, L50, M|100\/100\n|-weather|RainDance|[from] ability: Drizzle|[of] p1b: Pelipper\n|move|p1a: Clawitzer|Dragon Pulse|p2b: Abomasnow\n|-damage|p2b: Abomasnow|58\/100\n|move|p2a: Gyarados|Waterfall|p1b: Pelipper\n|-resisted|p1b: Pelipper\n|-damage|p1b: Pelipper|77\/100\n|move|p2b: Abomasnow|Blizzard|p1a: Clawitzer|[spread] p1a,p1b\n|-resisted|p1a: Clawitzer\n|-damage|p1a: Clawitzer|84\/100\n|-damage|p1b: Pelipper|45\/100\n|-status|p1b: Pelipper|frz\n|\n|-weather|RainDance|[upkeep]\n|-sideend|p1: garbinho|move: Tailwind\n|upkeep\n|turn|6\n|inactive|TTVNuzlockeAcademy has 30 seconds left.\n|\n|t:|1682283011\n|switch|p2b: Baxcalibur|Baxcalibur, L50, M|100\/100\n|move|p2a: Gyarados|Thunder Wave|p1a: Clawitzer\n|-status|p1a: Clawitzer|par\n|cant|p1b: Pelipper|frz\n|cant|p1a: Clawitzer|par\n|\n|-weather|RainDance|[upkeep]\n|upkeep\n|turn|7\n|\n|t:|1682283035\n|switch|p2a: Abomasnow|Abomasnow, L50, F|58\/100\n|-weather|Snow|[from] ability: Snow Warning|[of] p2a: Abomasnow\n|move|p2b: Baxcalibur|Icicle Spear|p1b: Pelipper\n|-damage|p1b: Pelipper|30\/100 frz\n|-damage|p1b: Pelipper|17\/100 frz\n|-damage|p1b: Pelipper|4\/100 frz\n|-damage|p1b: Pelipper|0 fnt\n|faint|p1b: Pelipper\n|-hitcount|p1: Pelipper|4\n|cant|p1a: Clawitzer|par\n|\n|-weather|Snow|[upkeep]\n|-sideend|p2: TTVNuzlockeAcademy|move: Aurora Veil\n|upkeep\n|\n|t:|1682283051\n|switch|p1b: Toxicroak|Toxicroak, L50, F|80\/100\n|turn|8\n|\n|t:|1682283069\n|switch|p2a: Gyarados|Gyarados, L50, M|84\/100\n|-ability|p2a: Gyarados|Intimidate|boost\n|-unboost|p1a: Clawitzer|atk|1\n|-unboost|p1b: Toxicroak|atk|1\n|move|p1b: Toxicroak|Fake Out|p2a: Gyarados\n|-damage|p2a: Gyarados|71\/100\n|-damage|p1b: Toxicroak|70\/100|[from] item: Life Orb\n|move|p2b: Baxcalibur|Glaive Rush|p1b: Toxicroak\n|-damage|p1b: Toxicroak|0 fnt\n|-singlemove|p2b: Baxcalibur|Glaive Rush|[silent]\n|faint|p1b: Toxicroak\n|move|p1a: Clawitzer|Dragon Pulse|p2b: Baxcalibur\n|-supereffective|p2b: Baxcalibur\n|-damage|p2b: Baxcalibur|0 fnt\n|faint|p2b: Baxcalibur\n|\n|-weather|Snow|[upkeep]\n|upkeep\n|\n|t:|1682283087\n|switch|p2b: Iron Bundle|Iron Bundle, L50, tera:Ice|87\/100\n|turn|9\n|\n|t:|1682283097\n|switch|p2a: Abomasnow|Abomasnow, L50, F|58\/100\n|move|p2b: Iron Bundle|Freeze-Dry|p1a: Clawitzer\n|-supereffective|p1a: Clawitzer\n|-crit|p1a: Clawitzer\n|-damage|p1a: Clawitzer|0 fnt\n|faint|p1a: Clawitzer\n|\n|win|TTVNuzlockeAcademy\n|raw|garbinho's rating: 1198 → 1169<\/strong> (-29 for losing)\n|raw|TTVNuzlockeAcademy's rating: 1137 → 1166<\/strong> (+29 for winning)\n|l|\u2606garbinho\n","uploadtime":1682283110,"views":13,"p1id":"garbinho","p2id":"ttvnuzlockeacademy","formatid":"gen9vgc2023regulationc","rating":1166,"private":0,"password":""}