{"id":"gen9vgc2023regulationc-1845250873","p1":"Minimugs","p2":"sussellrage","format":"[Gen 9] VGC 2023 Regulation C","log":"|j|\u2606Minimugs\n|j|\u2606sussellrage\n|t:|1681702194\n|gametype|doubles\n|player|p1|Minimugs|steven|1093\n|player|p2|sussellrage|170|1175\n|teamsize|p1|6\n|teamsize|p2|6\n|gen|9\n|tier|[Gen 9] VGC 2023 Regulation C\n|rated|\n|rule|Species Clause: Limit one of each Pok\u00e9mon\n|rule|Item Clause: Limit one of each item\n|clearpoke\n|poke|p1|Great Tusk, L50|\n|poke|p1|Torkoal, L50, M|\n|poke|p1|Armarouge, L50, F|\n|poke|p1|Indeedee-F, L50, F|\n|poke|p1|Amoonguss, L50, F|\n|poke|p1|Mimikyu, L50, F|\n|poke|p2|Gallade, L50, M|\n|poke|p2|Chien-Pao, L50|\n|poke|p2|Dragonite, L50, M|\n|poke|p2|Garganacl, L50, F|\n|poke|p2|Palafin, L50, F|\n|poke|p2|Arcanine, L50, F|\n|teampreview|4\n|\n|t:|1681702229\n|start\n|switch|p1a: Amoonguss|Amoonguss, L50, F|100\/100\n|switch|p1b: Mimikyu|Mimikyu, L50, F|100\/100\n|switch|p2a: Sort of a Paladin|Palafin, L50, F|100\/100\n|switch|p2b: Colorblind Dragon|Dragonite, L50, M, shiny|100\/100\n|turn|1\n|\n|t:|1681702260\n|move|p2a: Sort of a Paladin|Flip Turn|p1b: Mimikyu\n|-activate|p1b: Mimikyu|ability: Disguise\n|-damage|p1b: Mimikyu|100\/100\n|detailschange|p1b: Mimikyu|Mimikyu-Busted, L50, F\n|-damage|p1b: Mimikyu|88\/100|[from] pokemon: Mimikyu-Busted\n|\n|t:|1681702270\n|detailschange|p2a: Sort of a Paladin|Palafin-Hero, L50, F\n|switch|p2a: Cavall|Arcanine, L50, F|100\/100|[from] Flip Turn\n|-ability|p2a: Cavall|Intimidate|boost\n|-unboost|p1a: Amoonguss|atk|1\n|-unboost|p1b: Mimikyu|atk|1\n|move|p2b: Colorblind Dragon|Tailwind|p2b: Colorblind Dragon\n|-sidestart|p2: sussellrage|move: Tailwind\n|move|p1b: Mimikyu|Play Rough|p2b: Colorblind Dragon\n|-supereffective|p2b: Colorblind Dragon\n|-damage|p2b: Colorblind Dragon|72\/100\n|move|p1a: Amoonguss|Pollen Puff|p2a: Cavall\n|-resisted|p2a: Cavall\n|-damage|p2a: Cavall|94\/100\n|\n|upkeep\n|turn|2\n|\n|t:|1681702295\n|move|p1a: Amoonguss|Rage Powder|p1a: Amoonguss\n|-singleturn|p1a: Amoonguss|move: Rage Powder\n|move|p2a: Cavall|Flare Blitz|p1a: Amoonguss\n|-supereffective|p1a: Amoonguss\n|-damage|p1a: Amoonguss|11\/100\n|-damage|p2a: Cavall|57\/100|[from] Recoil\n|move|p2b: Colorblind Dragon|Dragon Claw|p1a: Amoonguss\n|-damage|p1a: Amoonguss|0 fnt\n|faint|p1a: Amoonguss\n|move|p1b: Mimikyu|Trick Room|p1b: Mimikyu\n|-fieldstart|move: Trick Room|[of] p1b: Mimikyu\n|\n|upkeep\n|\n|t:|1681702305\n|switch|p1a: Torkoal|Torkoal, L50, M|100\/100\n|-weather|SunnyDay|[from] ability: Drought|[of] p1a: Torkoal\n|turn|3\n|\n|t:|1681702330\n|switch|p1b: Great Tusk|Great Tusk, L50|100\/100\n|-activate|p1b: Great Tusk|ability: Protosynthesis\n|-start|p1b: Great Tusk|protosynthesisatk\n|move|p1a: Torkoal|Eruption|p2b: Colorblind Dragon|[spread] p2a,p2b\n|-resisted|p2a: Cavall\n|-resisted|p2b: Colorblind Dragon\n|-damage|p2a: Cavall|23\/100\n|-damage|p2b: Colorblind Dragon|27\/100\n|move|p2b: Colorblind Dragon|Dragon Claw|p1b: Great Tusk\n|-damage|p1b: Great Tusk|68\/100\n|move|p2a: Cavall|Flare Blitz|p1b: Great Tusk\n|-damage|p1b: Great Tusk|13\/100\n|-damage|p2a: Cavall|0 fnt|[from] Recoil\n|faint|p2a: Cavall\n|\n|-weather|SunnyDay|[upkeep]\n|-heal|p1b: Great Tusk|19\/100|[from] item: Leftovers\n|upkeep\n|\n|t:|1681702353\n|switch|p2a: Sort of a Paladin|Palafin-Hero, L50, F|100\/100\n|-activate|p2a: Sort of a Paladin|ability: Zero to Hero\n|turn|4\n|\n|t:|1681702369\n|-terastallize|p2a: Sort of a Paladin|Water\n|move|p1b: Great Tusk|Protect|p1b: Great Tusk\n|-singleturn|p1b: Great Tusk|Protect\n|move|p2b: Colorblind Dragon|Extreme Speed|p1b: Great Tusk\n|-activate|p1b: Great Tusk|move: Protect\n|move|p2a: Sort of a Paladin|Jet Punch|p1a: Torkoal\n|-supereffective|p1a: Torkoal\n|-damage|p1a: Torkoal|62\/100\n|move|p1a: Torkoal|Eruption|p2a: Sort of a Paladin|[spread] p2a,p2b\n|-resisted|p2a: Sort of a Paladin\n|-resisted|p2b: Colorblind Dragon\n|-damage|p2a: Sort of a Paladin|71\/100\n|-damage|p2b: Colorblind Dragon|0 fnt\n|faint|p2b: Colorblind Dragon\n|\n|-weather|SunnyDay|[upkeep]\n|-heal|p1b: Great Tusk|26\/100|[from] item: Leftovers\n|-sideend|p2: sussellrage|move: Tailwind\n|upkeep\n|\n|t:|1681702388\n|switch|p2b: The Sword|Chien-Pao, L50|100\/100\n|-ability|p2b: The Sword|Sword of Ruin\n|turn|5\n|\n|t:|1681702406\n|-end|p1b: Great Tusk|Protosynthesis|[silent]\n|switch|p1b: Mimikyu|Mimikyu-Busted, L50, F|88\/100\n|move|p2b: The Sword|Ice Shard|p1b: Mimikyu\n|-crit|p1b: Mimikyu\n|-damage|p1b: Mimikyu|25\/100\n|-damage|p2b: The Sword|91\/100|[from] item: Life Orb\n|move|p1a: Torkoal|Eruption|p2b: The Sword|[spread] p2a,p2b\n|-resisted|p2a: Sort of a Paladin\n|-supereffective|p2b: The Sword\n|-damage|p2a: Sort of a Paladin|43\/100\n|-damage|p2b: The Sword|0 fnt\n|faint|p2b: The Sword\n|move|p2a: Sort of a Paladin|Wave Crash|p1a: Torkoal\n|-supereffective|p1a: Torkoal\n|-damage|p1a: Torkoal|0 fnt\n|faint|p1a: Torkoal\n|-damage|p2a: Sort of a Paladin|23\/100|[from] Recoil\n|\n|-weather|SunnyDay|[upkeep]\n|upkeep\n|\n|t:|1681702418\n|switch|p1a: Great Tusk|Great Tusk, L50|26\/100\n|-activate|p1a: Great Tusk|ability: Protosynthesis\n|-start|p1a: Great Tusk|protosynthesisatk\n|turn|6\n|\n|t:|1681702435\n|move|p2a: Sort of a Paladin|Jet Punch|p1b: Mimikyu\n|-damage|p1b: Mimikyu|0 fnt\n|faint|p1b: Mimikyu\n|move|p1a: Great Tusk|Headlong Rush|p2a: Sort of a Paladin\n|-damage|p2a: Sort of a Paladin|0 fnt\n|-unboost|p1a: Great Tusk|def|1\n|-unboost|p1a: Great Tusk|spd|1\n|faint|p2a: Sort of a Paladin\n|\n|win|Minimugs\n|raw|Minimugs's rating: 1093 → 1125<\/strong> (+32 for winning)\n|raw|sussellrage's rating: 1175 → 1144<\/strong> (-31 for losing)\n|l|\u2606sussellrage\n","uploadtime":1681702449,"views":7,"p1id":"minimugs","p2id":"sussellrage","formatid":"gen9vgc2023regulationc","rating":1125,"private":0,"password":""}