{"id":"gen9vgc2023regulationc-1852431942","p1":"BlueTrip","p2":"mcbbbbb","format":"[Gen 9] VGC 2023 Regulation C","log":"|j|\u2606BlueTrip\n|j|\u2606mcbbbbb\n|t:|1682556840\n|gametype|doubles\n|player|p1|BlueTrip|ash-kalos|1129\n|player|p2|mcbbbbb|2|1038\n|teamsize|p1|6\n|teamsize|p2|6\n|gen|9\n|tier|[Gen 9] VGC 2023 Regulation C\n|rated|\n|rule|Species Clause: Limit one of each Pok\u00e9mon\n|rule|Item Clause: Limit one of each item\n|clearpoke\n|poke|p1|Arboliva, L50, M|\n|poke|p1|Hariyama, L50, F|\n|poke|p1|Flutter Mane, L50|\n|poke|p1|Gyarados, L50, M|\n|poke|p1|Gholdengo, L50|\n|poke|p1|Farigiraf, L50, M|\n|poke|p2|Dragonite, L50, M|\n|poke|p2|Amoonguss, L50, M|\n|poke|p2|Ceruledge, L50, F|\n|poke|p2|Sylveon, L50, M|\n|poke|p2|Ting-Lu, L50|\n|poke|p2|Iron Hands, L50|\n|teampreview|4\nmcbbbbb rejected open team sheets.\n|c|\u2606BlueTrip|glhf\n|inactive|Battle timer is ON: inactive players will automatically lose when time's up. (requested by mcbbbbb)\n|inactive|BlueTrip has 60 seconds left.\n|inactive|mcbbbbb has 60 seconds left.\n|\n|t:|1682556907\n|start\n|switch|p1a: Hariyama|Hariyama, L50, F|100\/100\n|switch|p1b: Gyarados|Gyarados, L50, M|100\/100\n|switch|p2a: Amoonguss|Amoonguss, L50, M|100\/100\n|switch|p2b: Sylveon|Sylveon, L50, M|100\/100\n|-ability|p1b: Gyarados|Intimidate|boost\n|-unboost|p2a: Amoonguss|atk|1\n|-unboost|p2b: Sylveon|atk|1\n|turn|1\n|inactive|BlueTrip has 30 seconds left.\n|inactive|BlueTrip has 20 seconds left.\n|inactive|BlueTrip has 15 seconds left.\n|inactive|BlueTrip has 10 seconds left.\n|\n|t:|1682556955\n|move|p1a: Hariyama|Fake Out|p2a: Amoonguss\n|-damage|p2a: Amoonguss|84\/100\n|cant|p2a: Amoonguss|flinch\n|move|p1b: Gyarados|Iron Head|p2b: Sylveon\n|-supereffective|p2b: Sylveon\n|-damage|p2b: Sylveon|25\/100\n|move|p2b: Sylveon|Calm Mind|p2b: Sylveon\n|-boost|p2b: Sylveon|spa|1\n|-boost|p2b: Sylveon|spd|1\n|\n|-status|p1a: Hariyama|brn|[from] item: Flame Orb\n|upkeep\n|turn|2\n|\n|t:|1682556979\n|switch|p1b: Arboliva|Arboliva, L50, M|100\/100\n|move|p2a: Amoonguss|Rage Powder|p2a: Amoonguss\n|-singleturn|p2a: Amoonguss|move: Rage Powder\n|move|p1a: Hariyama|Bullet Punch|p2a: Amoonguss\n|-damage|p2a: Amoonguss|59\/100\n|move|p2b: Sylveon|Calm Mind|p2b: Sylveon\n|-boost|p2b: Sylveon|spa|1\n|-boost|p2b: Sylveon|spd|1\n|\n|-damage|p1a: Hariyama|95\/100 brn|[from] brn\n|upkeep\n|turn|3\n|inactive|BlueTrip has 30 seconds left.\n|inactive|BlueTrip has 20 seconds left.\n|\n|t:|1682557015\n|-terastallize|p1a: Hariyama|Steel\n|move|p1b: Arboliva|Helping Hand|p1a: Hariyama\n|-singleturn|p1a: Hariyama|Helping Hand|[of] p1b: Arboliva\n|move|p1a: Hariyama|Bullet Punch|p2b: Sylveon\n|-supereffective|p2b: Sylveon\n|-damage|p2b: Sylveon|0 fnt\n|faint|p2b: Sylveon\n|move|p2a: Amoonguss|Pollen Puff|p2: Sylveon|[notarget]\n|-fail|p2a: Amoonguss\n|\n|-damage|p1a: Hariyama|89\/100 brn|[from] brn\n|upkeep\n|\n|t:|1682557026\n|switch|p2b: Ceruledge|Ceruledge, L50, F|100\/100\n|turn|4\n|inactive|BlueTrip has 30 seconds left.\n|inactive|BlueTrip has 20 seconds left.\n|inactive|BlueTrip has 15 seconds left.\n|\n|t:|1682557070\n|switch|p1a: Gyarados|Gyarados, L50, M|100\/100\n|-ability|p1a: Gyarados|Intimidate|boost\n|-unboost|p2a: Amoonguss|atk|1\n|-unboost|p2b: Ceruledge|atk|1\n|move|p2a: Amoonguss|Rage Powder|p2a: Amoonguss\n|-singleturn|p2a: Amoonguss|move: Rage Powder\n|move|p2b: Ceruledge|Swords Dance|p2b: Ceruledge\n|-boost|p2b: Ceruledge|atk|2\n|move|p1b: Arboliva|Earth Power|p2b: Ceruledge\n|-supereffective|p2b: Ceruledge\n|-damage|p2b: Ceruledge|15\/100\n|\n|upkeep\n|turn|5\n|inactive|BlueTrip has 30 seconds left.\n|inactive|BlueTrip has 20 seconds left.\n|\n|t:|1682557110\n|move|p2b: Ceruledge|Bitter Blade|p1b: Arboliva\n|-supereffective|p1b: Arboliva\n|-damage|p1b: Arboliva|0 fnt\n|-heal|p2b: Ceruledge|66\/100|[from] drain|[of] p1b: Arboliva\n|-fieldstart|move: Grassy Terrain|[from] ability: Seed Sower|[of] p1b: Arboliva\n|faint|p1b: Arboliva\n|-damage|p2b: Ceruledge|57\/100|[from] item: Life Orb\n|move|p1a: Gyarados|Iron Head|p2b: Ceruledge\n|-resisted|p2b: Ceruledge\n|-damage|p2b: Ceruledge|35\/100\n|move|p2a: Amoonguss|Pollen Puff|p2b: Ceruledge\n|-heal|p2b: Ceruledge|85\/100\n|\n|-heal|p2b: Ceruledge|91\/100|[from] Grassy Terrain\n|-heal|p2a: Amoonguss|65\/100|[from] Grassy Terrain\n|upkeep\n|\n|t:|1682557121\n|switch|p1b: Flutter Mane|Flutter Mane, L50|100\/100\n|turn|6\n|\n|t:|1682557145\n|move|p1b: Flutter Mane|Protect|p1b: Flutter Mane\n|-singleturn|p1b: Flutter Mane|Protect\n|move|p2a: Amoonguss|Rage Powder|p2a: Amoonguss\n|-singleturn|p2a: Amoonguss|move: Rage Powder\n|move|p2b: Ceruledge|Swords Dance|p2b: Ceruledge\n|-boost|p2b: Ceruledge|atk|2\n|move|p1a: Gyarados|Waterfall|p2a: Amoonguss\n|-resisted|p2a: Amoonguss\n|-damage|p2a: Amoonguss|40\/100\n|-enditem|p2a: Amoonguss|Sitrus Berry|[eat]\n|-heal|p2a: Amoonguss|65\/100|[from] item: Sitrus Berry\n|\n|-heal|p2b: Ceruledge|97\/100|[from] Grassy Terrain\n|-heal|p2a: Amoonguss|71\/100|[from] Grassy Terrain\n|upkeep\n|turn|7\n|\n|t:|1682557167\n|-terastallize|p2b: Ceruledge|Grass\n|move|p2b: Ceruledge|Shadow Sneak|p1b: Flutter Mane\n|-supereffective|p1b: Flutter Mane\n|-enditem|p1b: Flutter Mane|Focus Sash\n|-damage|p1b: Flutter Mane|1\/100\n|-damage|p2b: Ceruledge|87\/100|[from] item: Life Orb\n|move|p1b: Flutter Mane|Shadow Ball|p2b: Ceruledge\n|-damage|p2b: Ceruledge|33\/100\n|move|p1a: Gyarados|Iron Head|p2a: Amoonguss\n|-damage|p2a: Amoonguss|38\/100\n|cant|p2a: Amoonguss|flinch\n|\n|-heal|p1b: Flutter Mane|7\/100|[from] Grassy Terrain\n|-heal|p2b: Ceruledge|39\/100|[from] Grassy Terrain\n|-heal|p2a: Amoonguss|44\/100|[from] Grassy Terrain\n|upkeep\n|turn|8\n|inactive|BlueTrip has 30 seconds left.\n|\n|t:|1682557192\n|move|p1b: Flutter Mane|Shadow Ball|p2a: Amoonguss\n|-damage|p2a: Amoonguss|18\/100\n|move|p2b: Ceruledge|Bitter Blade|p1a: Gyarados\n|-resisted|p1a: Gyarados\n|-damage|p1a: Gyarados|14\/100\n|-heal|p2b: Ceruledge|94\/100|[from] drain|[of] p1a: Gyarados\n|-enditem|p1a: Gyarados|Sitrus Berry|[eat]\n|-heal|p1a: Gyarados|39\/100|[from] item: Sitrus Berry\n|-damage|p2b: Ceruledge|84\/100|[from] item: Life Orb\n|move|p1a: Gyarados|Iron Head|p2b: Ceruledge\n|-damage|p2b: Ceruledge|43\/100\n|move|p2a: Amoonguss|Pollen Puff|p2b: Ceruledge\n|-heal|p2b: Ceruledge|93\/100\n|\n|-heal|p1b: Flutter Mane|12\/100|[from] Grassy Terrain\n|-heal|p2b: Ceruledge|99\/100|[from] Grassy Terrain\n|-heal|p2a: Amoonguss|24\/100|[from] Grassy Terrain\n|upkeep\n|turn|9\n|c|\u2606BlueTrip|God damn he is bulky\n|\n|t:|1682557213\n|move|p1b: Flutter Mane|Protect|p1b: Flutter Mane\n|-singleturn|p1b: Flutter Mane|Protect\n|move|p2a: Amoonguss|Protect|p2a: Amoonguss\n|-singleturn|p2a: Amoonguss|Protect\n|move|p2b: Ceruledge|Shadow Sneak|p1b: Flutter Mane\n|-activate|p1b: Flutter Mane|move: Protect\n|move|p1a: Gyarados|Iron Head|p2a: Amoonguss\n|-activate|p2a: Amoonguss|move: Protect\n|\n|-heal|p1b: Flutter Mane|18\/100|[from] Grassy Terrain\n|-heal|p2b: Ceruledge|100\/100|[from] Grassy Terrain\n|-heal|p2a: Amoonguss|29\/100|[from] Grassy Terrain\n|-fieldend|move: Grassy Terrain\n|upkeep\n|turn|10\n|\n|t:|1682557237\n|move|p1b: Flutter Mane|Shadow Ball|p2b: Ceruledge\n|-damage|p2b: Ceruledge|54\/100\n|move|p2b: Ceruledge|Bitter Blade|p1a: Gyarados\n|-resisted|p1a: Gyarados\n|-damage|p1a: Gyarados|0 fnt\n|-heal|p2b: Ceruledge|78\/100|[from] drain|[of] p1a: Gyarados\n|faint|p1a: Gyarados\n|-damage|p2b: Ceruledge|68\/100|[from] item: Life Orb\n|move|p2a: Amoonguss|Pollen Puff|p1b: Flutter Mane\n|-resisted|p1b: Flutter Mane\n|-damage|p1b: Flutter Mane|14\/100\n|\n|upkeep\n|\n|t:|1682557244\n|switch|p1a: Hariyama|Hariyama, L50, F, tera:Steel|89\/100 brn\n|turn|11\n|\n|t:|1682557260\n|move|p1a: Hariyama|Bullet Punch|p2b: Ceruledge\n|-damage|p2b: Ceruledge|18\/100\n|move|p1b: Flutter Mane|Shadow Ball|p2b: Ceruledge\n|-damage|p2b: Ceruledge|0 fnt\n|faint|p2b: Ceruledge\n|move|p2a: Amoonguss|Spore|p1b: Flutter Mane\n|-status|p1b: Flutter Mane|slp|[from] move: Spore\n|\n|-damage|p1a: Hariyama|83\/100 brn|[from] brn\n|upkeep\n|\n|t:|1682557271\n|switch|p2b: Ting-Lu|Ting-Lu, L50|100\/100\n|-ability|p2b: Ting-Lu|Vessel of Ruin\n|turn|12\n|\n|t:|1682557284\n|move|p2a: Amoonguss|Protect|p2a: Amoonguss\n|-singleturn|p2a: Amoonguss|Protect\n|cant|p1b: Flutter Mane|slp\n|move|p1a: Hariyama|Bulk Up|p1a: Hariyama\n|-boost|p1a: Hariyama|atk|1\n|-boost|p1a: Hariyama|def|1\n|move|p2b: Ting-Lu|Ruination|p1a: Hariyama\n|-damage|p1a: Hariyama|42\/100 brn\n|\n|-damage|p1a: Hariyama|36\/100 brn|[from] brn\n|upkeep\n|turn|13\n|\n|t:|1682557299\n|cant|p1b: Flutter Mane|slp\n|move|p1a: Hariyama|Drain Punch|p2b: Ting-Lu\n|-supereffective|p2b: Ting-Lu\n|-damage|p2b: Ting-Lu|0 fnt\n|-heal|p1a: Hariyama|95\/100 brn|[from] drain|[of] p2b: Ting-Lu\n|faint|p2b: Ting-Lu\n|move|p2a: Amoonguss|Pollen Puff|p1b: Flutter Mane\n|-resisted|p1b: Flutter Mane\n|-damage|p1b: Flutter Mane|11\/100 slp\n|\n|-damage|p1a: Hariyama|90\/100 brn|[from] brn\n|upkeep\n|turn|14\n|\n|t:|1682557315\n|move|p1a: Hariyama|Bullet Punch|p2a: Amoonguss\n|-damage|p2a: Amoonguss|0 fnt\n|faint|p2a: Amoonguss\n|\n|win|BlueTrip\n|raw|BlueTrip's rating: 1129 → 1148<\/strong> (+19 for winning)\n|raw|mcbbbbb's rating: 1038 → 1026<\/strong> (-12 for losing)\n|c|\u2606BlueTrip|gg\n|c|\u2606mcbbbbb|gg\n","uploadtime":1682557325,"views":15,"p1id":"bluetrip","p2id":"mcbbbbb","formatid":"gen9vgc2023regulationc","rating":1026,"private":0,"password":""}