{"id":"gen9vgc2023regulationc-1864412653","p1":"JamStunna","p2":"Gill x Mayhem","format":"[Gen 9] VGC 2023 Regulation C","log":"|j|\u2606JamStunna\n|j|\u2606Gill x Mayhem\n|t:|1684164417\n|gametype|doubles\n|player|p1|JamStunna|265|1337\n|player|p2|Gill x Mayhem|101|1300\n|teamsize|p1|6\n|teamsize|p2|6\n|gen|9\n|tier|[Gen 9] VGC 2023 Regulation C\n|rated|\n|rule|Species Clause: Limit one of each Pok\u00e9mon\n|rule|Item Clause: Limit one of each item\n|clearpoke\n|poke|p1|Gothitelle, L50, F|\n|poke|p1|Sylveon, L50, F|\n|poke|p1|Roaring Moon, L50|\n|poke|p1|Gengar, L50, M|\n|poke|p1|Azumarill, L50, M|\n|poke|p1|Gothorita, L50, M|\n|poke|p2|Abomasnow, L50, F|\n|poke|p2|Iron Bundle, L50|\n|poke|p2|Chien-Pao, L50|\n|poke|p2|Cetitan, L50, F|\n|poke|p2|Frosmoth, L50, M|\n|poke|p2|Baxcalibur, L50, M|\n|teampreview|4\n|inactive|Battle timer is ON: inactive players will automatically lose when time's up. (requested by JamStunna)\n|\n|t:|1684164432\n|start\n|switch|p1a: Gothitelle|Gothitelle, L50, F|100\/100\n|switch|p1b: Gengar|Gengar, L50, M|100\/100\n|switch|p2a: Abomasnow|Abomasnow, L50, F|100\/100\n|switch|p2b: Frosmoth|Frosmoth, L50, M|100\/100\n|-weather|Snow|[from] ability: Snow Warning|[of] p2a: Abomasnow\n|turn|1\n|\n|t:|1684164450\n|move|p1a: Gothitelle|Fake Out|p2b: Frosmoth\n|-damage|p2b: Frosmoth|97\/100\n|move|p1b: Gengar|Perish Song|p1b: Gengar\n|-start|p1a: Gothitelle|perish3|[silent]\n|-start|p1b: Gengar|perish3|[silent]\n|-start|p2a: Abomasnow|perish3|[silent]\n|-start|p2b: Frosmoth|perish3|[silent]\n|-fieldactivate|move: Perish Song\n|cant|p2b: Frosmoth|flinch\n|move|p2a: Abomasnow|Earth Power|p1b: Gengar\n|-supereffective|p1b: Gengar\n|-damage|p1b: Gengar|36\/100\n|-start|p2a: Abomasnow|Disable|Earth Power|[from] ability: Cursed Body|[of] p1b: Gengar\n|\n|-weather|Snow|[upkeep]\n|-heal|p2b: Frosmoth|100\/100|[from] item: Leftovers\n|-start|p1b: Gengar|perish3\n|-start|p2b: Frosmoth|perish3\n|-start|p1a: Gothitelle|perish3\n|-start|p2a: Abomasnow|perish3\n|upkeep\n|turn|2\n|\n|t:|1684164466\n|move|p1b: Gengar|Protect|p1b: Gengar\n|-singleturn|p1b: Gengar|Protect\n|move|p1a: Gothitelle|Protect|p1a: Gothitelle\n|-singleturn|p1a: Gothitelle|Protect\n|move|p2b: Frosmoth|Bug Buzz|p1a: Gothitelle\n|-activate|p1a: Gothitelle|move: Protect\n|move|p2a: Abomasnow|Blizzard|p1a: Gothitelle|[spread] \n|-activate|p1a: Gothitelle|move: Protect\n|-activate|p1b: Gengar|move: Protect\n|\n|-weather|Snow|[upkeep]\n|-start|p1b: Gengar|perish2\n|-start|p2b: Frosmoth|perish2\n|-start|p1a: Gothitelle|perish2\n|-start|p2a: Abomasnow|perish2\n|upkeep\n|turn|3\n|\n|t:|1684164487\n|switch|p1b: Gothorita|Gothorita, L50, M|100\/100\n|switch|p1a: Azumarill|Azumarill, L50, M|100\/100\n|move|p2b: Frosmoth|Bug Buzz|p1a: Azumarill\n|-resisted|p1a: Azumarill\n|-damage|p1a: Azumarill|82\/100\n|move|p2a: Abomasnow|Blizzard|p1b: Gothorita|[spread] p1a,p1b\n|-resisted|p1a: Azumarill\n|-damage|p1a: Azumarill|68\/100\n|-damage|p1b: Gothorita|81\/100\n|\n|-weather|Snow|[upkeep]\n|-start|p2b: Frosmoth|perish1\n|-start|p2a: Abomasnow|perish1\n|upkeep\n|turn|4\n|\n|t:|1684164502\n|move|p1b: Gothorita|Protect|p1b: Gothorita\n|-singleturn|p1b: Gothorita|Protect\n|move|p1a: Azumarill|Protect|p1a: Azumarill\n|-singleturn|p1a: Azumarill|Protect\n|move|p2b: Frosmoth|Bug Buzz|p1b: Gothorita\n|-activate|p1b: Gothorita|move: Protect\n|move|p2a: Abomasnow|Aurora Veil|p2a: Abomasnow\n|-sidestart|p2: Gill x Mayhem|move: Aurora Veil\n|\n|-weather|Snow|[upkeep]\n|-end|p2a: Abomasnow|Disable\n|-start|p2b: Frosmoth|perish0\n|-start|p2a: Abomasnow|perish0\n|faint|p2b: Frosmoth\n|faint|p2a: Abomasnow\n|upkeep\n|\n|t:|1684164514\n|switch|p2b: Iron Bundle|Iron Bundle, L50|100\/100\n|switch|p2a: Cetitan|Cetitan, L50, F|100\/100\n|-enditem|p2b: Iron Bundle|Booster Energy\n|-activate|p2b: Iron Bundle|ability: Quark Drive|[fromitem]\n|-start|p2b: Iron Bundle|quarkdrivespe\n|turn|5\n|inactive|JamStunna has 30 seconds left.\n|\n|t:|1684164539\n|-terastallize|p2b: Iron Bundle|Ice\n|-terastallize|p1a: Azumarill|Water\n|move|p1b: Gothorita|Helping Hand|p1a: Azumarill\n|-singleturn|p1a: Azumarill|Helping Hand|[of] p1b: Gothorita\n|move|p1a: Azumarill|Aqua Jet|p2a: Cetitan\n|-damage|p2a: Cetitan|71\/100\n|-damage|p1a: Azumarill|58\/100|[from] item: Life Orb\n|move|p2b: Iron Bundle|Freeze-Dry|p1a: Azumarill\n|-supereffective|p1a: Azumarill\n|-damage|p1a: Azumarill|0 fnt\n|faint|p1a: Azumarill\n|move|p2a: Cetitan|Ice Spinner|p1b: Gothorita\n|-damage|p1b: Gothorita|49\/100\n|\n|-weather|Snow|[upkeep]\n|upkeep\n|inactive|JamStunna has 30 seconds left.\n|\n|t:|1684164564\n|switch|p1a: Gengar|Gengar, L50, M|36\/100\n|turn|6\n|\n|t:|1684164578\n|move|p1a: Gengar|Protect|p1a: Gengar\n|-singleturn|p1a: Gengar|Protect\n|move|p2b: Iron Bundle|Blizzard|p1b: Gothorita|[spread] p1b\n|-activate|p1a: Gengar|move: Protect\n|-damage|p1b: Gothorita|6\/100\n|-status|p1b: Gothorita|frz\n|move|p2a: Cetitan|Ice Spinner|p1b: Gothorita\n|-damage|p1b: Gothorita|0 fnt\n|faint|p1b: Gothorita\n|\n|-weather|Snow|[upkeep]\n|upkeep\n|\n|t:|1684164592\n|switch|p1b: Gothitelle|Gothitelle, L50, F|100\/100\n|turn|7\n|\n|t:|1684164606\n|move|p1b: Gothitelle|Fake Out|p2a: Cetitan\n|-damage|p2a: Cetitan|68\/100\n|move|p2b: Iron Bundle|Blizzard|p1a: Gengar|[spread] p1a,p1b\n|-damage|p1a: Gengar|0 fnt\n|-damage|p1b: Gothitelle|53\/100\n|faint|p1a: Gengar\n|cant|p2a: Cetitan|flinch\n|\n|-weather|Snow|[upkeep]\n|upkeep\n|turn|8\n|\n|t:|1684164620\n|move|p2b: Iron Bundle|Blizzard|p1b: Gothitelle\n|-damage|p1b: Gothitelle|0 fnt\n|faint|p1b: Gothitelle\n|\n|win|Gill x Mayhem\n|raw|JamStunna's rating: 1337 → 1315<\/strong> (-22 for losing)\n|raw|Gill x Mayhem's rating: 1300 → 1328<\/strong> (+28 for winning)\n|l|\u2606JamStunna\n","uploadtime":1684164632,"views":6,"p1id":"jamstunna","p2id":"gillxmayhem","formatid":"gen9vgc2023regulationc","rating":1315,"private":0,"password":""}