{"id":"gen9vgc2023regulationc-1851970980","p1":"Karajony","p2":"Big Piss","format":"[Gen 9] VGC 2023 Regulation C","log":"|j|\u2606Karajony\n|j|\u2606Big Piss\n|t:|1682512475\n|gametype|doubles\n|player|p1|Karajony|worker-gen4|1270\n|player|p2|Big Piss|preschooler|1367\n|teamsize|p1|6\n|teamsize|p2|6\n|gen|9\n|tier|[Gen 9] VGC 2023 Regulation C\n|rated|\n|rule|Species Clause: Limit one of each Pok\u00e9mon\n|rule|Item Clause: Limit one of each item\n|clearpoke\n|poke|p1|Flutter Mane, L50|\n|poke|p1|Iron Hands, L50|\n|poke|p1|Baxcalibur, L50, M|\n|poke|p1|Scream Tail, L50|\n|poke|p1|Ting-Lu, L50|\n|poke|p1|Arcanine, L50, M|\n|poke|p2|Great Tusk, L50|\n|poke|p2|Talonflame, L50, F|\n|poke|p2|Iron Bundle, L50|\n|poke|p2|Breloom, L50, M|\n|poke|p2|Flutter Mane, L50|\n|poke|p2|Farigiraf, L50, F|\n|teampreview|4\n|inactive|Battle timer is ON: inactive players will automatically lose when time's up. (requested by Big Piss)\n|inactive|Karajony also wants the timer to be on.\nBig Piss has agreed to open team sheets.\n|inactive|Big Piss has 60 seconds left.\n|\n|t:|1682512515\n|start\n|switch|p1a: Baxcalibur|Baxcalibur, L50, M|100\/100\n|switch|p1b: Scream Tail|Scream Tail, L50|100\/100\n|switch|p2a: Farigiraf|Farigiraf, L50, F|100\/100\n|switch|p2b: Breloom|Breloom, L50, M, shiny|100\/100\n|turn|1\n|\n|t:|1682512540\n|-terastallize|p2b: Breloom|Fire\n|move|p2b: Breloom|Spore|p1b: Scream Tail\n|-activate|p1b: Scream Tail|item: Safety Goggles|Spore\n|move|p1a: Baxcalibur|Icicle Spear|p2b: Breloom\n|-resisted|p2b: Breloom\n|-damage|p2b: Breloom|88\/100\n|-resisted|p2b: Breloom\n|-damage|p2b: Breloom|77\/100\n|-resisted|p2b: Breloom\n|-damage|p2b: Breloom|64\/100\n|-resisted|p2b: Breloom\n|-damage|p2b: Breloom|52\/100\n|-hitcount|p2b: Breloom|4\n|move|p2a: Farigiraf|Hyper Voice|p1a: Baxcalibur|[spread] p1a,p1b\n|-damage|p1a: Baxcalibur|69\/100\n|-damage|p1b: Scream Tail|79\/100\n|-enditem|p2a: Farigiraf|Throat Spray\n|-boost|p2a: Farigiraf|spa|1|[from] item: Throat Spray\n|move|p1b: Scream Tail|Trick Room|p1b: Scream Tail\n|-fieldstart|move: Trick Room|[of] p1b: Scream Tail\n|\n|upkeep\n|turn|2\n|inactive|Big Piss has 30 seconds left.\n|\n|t:|1682512571\n|move|p1a: Baxcalibur|Icicle Spear|p2a: Farigiraf\n|-damage|p2a: Farigiraf|85\/100\n|-crit|p2a: Farigiraf\n|-damage|p2a: Farigiraf|59\/100\n|-damage|p2a: Farigiraf|42\/100\n|-damage|p2a: Farigiraf|26\/100\n|-damage|p2a: Farigiraf|10\/100\n|-hitcount|p2a: Farigiraf|5\n|move|p1b: Scream Tail|Disable|p2b: Breloom\n|-start|p2b: Breloom|Disable|Spore\n|move|p2b: Breloom|Bullet Seed|p1b: Scream Tail\n|-damage|p1b: Scream Tail|68\/100\n|-damage|p1b: Scream Tail|56\/100\n|-damage|p1b: Scream Tail|43\/100\n|-damage|p1b: Scream Tail|30\/100\n|-hitcount|p1b: Scream Tail|4\n|move|p2a: Farigiraf|Trick Room|p2a: Farigiraf\n|-fieldend|move: Trick Room\n|\n|upkeep\n|turn|3\n|inactive|Big Piss has 30 seconds left.\n|inactive|Karajony has 30 seconds left.\n|\n|t:|1682512610\n|-end|p1b: Scream Tail|Protosynthesis|[silent]\n|switch|p1b: Arcanine|Arcanine, L50, M|100\/100\n|-ability|p1b: Arcanine|Intimidate|boost\n|-unboost|p2a: Farigiraf|atk|1\n|-unboost|p2b: Breloom|atk|1\n|move|p2b: Breloom|Mach Punch|p1a: Baxcalibur\n|-supereffective|p1a: Baxcalibur\n|-damage|p1a: Baxcalibur|31\/100\n|move|p1a: Baxcalibur|Icicle Spear|p2a: Farigiraf\n|-crit|p2a: Farigiraf\n|-damage|p2a: Farigiraf|0 fnt\n|faint|p2a: Farigiraf\n|-hitcount|p2: Farigiraf|1\n|\n|upkeep\n|\n|t:|1682512628\n|switch|p2a: Great Tusk|Great Tusk, L50|100\/100\n|turn|4\n|\n|t:|1682512640\n|switch|p1a: Iron Hands|Iron Hands, L50|100\/100\n|move|p2b: Breloom|Mach Punch|p1a: Iron Hands\n|-damage|p1a: Iron Hands|88\/100\n|move|p2a: Great Tusk|Headlong Rush|p1b: Arcanine\n|-supereffective|p1b: Arcanine\n|-damage|p1b: Arcanine|0 fnt\n|-unboost|p2a: Great Tusk|def|1\n|-unboost|p2a: Great Tusk|spd|1\n|faint|p1b: Arcanine\n|\n|-heal|p1a: Iron Hands|94\/100|[from] item: Leftovers\n|upkeep\n|\n|t:|1682512651\n|switch|p1b: Scream Tail|Scream Tail, L50|30\/100\n|turn|5\n|\n|t:|1682512659\n|-terastallize|p1a: Iron Hands|Grass\n|move|p2a: Great Tusk|Headlong Rush|p1b: Scream Tail\n|-damage|p1b: Scream Tail|0 fnt\n|-unboost|p2a: Great Tusk|def|1\n|-unboost|p2a: Great Tusk|spd|1\n|faint|p1b: Scream Tail\n|-end|p1b: Scream Tail|Protosynthesis|[silent]\n|move|p2b: Breloom|Bullet Seed|p1a: Iron Hands\n|-resisted|p1a: Iron Hands\n|-damage|p1a: Iron Hands|89\/100\n|-resisted|p1a: Iron Hands\n|-damage|p1a: Iron Hands|85\/100\n|-resisted|p1a: Iron Hands\n|-damage|p1a: Iron Hands|80\/100\n|-resisted|p1a: Iron Hands\n|-damage|p1a: Iron Hands|76\/100\n|-hitcount|p1a: Iron Hands|4\n|move|p1a: Iron Hands|Swords Dance|p1a: Iron Hands\n|-boost|p1a: Iron Hands|atk|2\n|\n|-heal|p1a: Iron Hands|82\/100|[from] item: Leftovers\n|-end|p2b: Breloom|Disable\n|upkeep\n|\n|t:|1682512677\n|switch|p1b: Baxcalibur|Baxcalibur, L50, M|31\/100\n|turn|6\n|\n|t:|1682512682\n|-end|p2a: Great Tusk|Protosynthesis|[silent]\n|switch|p2a: Flutter Mane|Flutter Mane, L50|100\/100\n|move|p1b: Baxcalibur|Ice Shard|p2a: Flutter Mane\n|-damage|p2a: Flutter Mane|45\/100\n|move|p2b: Breloom|Tera Blast|p1a: Iron Hands\n|-supereffective|p1a: Iron Hands\n|-damage|p1a: Iron Hands|49\/100\n|move|p1a: Iron Hands|Drain Punch|p2b: Breloom\n|-damage|p2b: Breloom|0 fnt\n|-heal|p1a: Iron Hands|63\/100|[from] drain|[of] p2b: Breloom\n|faint|p2b: Breloom\n|\n|-heal|p1a: Iron Hands|70\/100|[from] item: Leftovers\n|upkeep\n|\n|t:|1682512693\n|switch|p2b: Great Tusk|Great Tusk, L50|100\/100\n|turn|7\n|\n|t:|1682512705\n|move|p1b: Baxcalibur|Ice Shard|p2a: Flutter Mane\n|-damage|p2a: Flutter Mane|0 fnt\n|faint|p2a: Flutter Mane\n|-end|p2a: Flutter Mane|Protosynthesis|[silent]\n|move|p2b: Great Tusk|Earthquake|p1b: Baxcalibur|[spread] p1a,p1b\n|-resisted|p1a: Iron Hands\n|-damage|p1a: Iron Hands|57\/100\n|-damage|p1b: Baxcalibur|0 fnt\n|faint|p1b: Baxcalibur\n|move|p1a: Iron Hands|Drain Punch|p2b: Great Tusk\n|-damage|p2b: Great Tusk|43\/100\n|-heal|p1a: Iron Hands|80\/100|[from] drain|[of] p2b: Great Tusk\n|\n|-heal|p1a: Iron Hands|86\/100|[from] item: Leftovers\n|upkeep\n|turn|8\n|\n|t:|1682512717\n|move|p1a: Iron Hands|Detect|p1a: Iron Hands\n|-singleturn|p1a: Iron Hands|Protect\n|move|p2b: Great Tusk|Ice Spinner|p1a: Iron Hands\n|-activate|p1a: Iron Hands|move: Protect\n|\n|-heal|p1a: Iron Hands|93\/100|[from] item: Leftovers\n|upkeep\n|turn|9\n|\n|t:|1682512724\n|move|p2b: Great Tusk|Ice Spinner|p1a: Iron Hands\n|-supereffective|p1a: Iron Hands\n|-damage|p1a: Iron Hands|61\/100\n|move|p1a: Iron Hands|Drain Punch|p2b: Great Tusk\n|-damage|p2b: Great Tusk|0 fnt\n|-heal|p1a: Iron Hands|78\/100|[from] drain|[of] p2b: Great Tusk\n|faint|p2b: Great Tusk\n|-end|p2b: Great Tusk|Protosynthesis|[silent]\n|\n|win|Karajony\n|raw|Karajony's rating: 1270 → 1302<\/strong> (+32 for winning)\n|raw|Big Piss's rating: 1367 → 1342<\/strong> (-25 for losing)\n|l|\u2606Big Piss\n","uploadtime":1682512740,"views":9,"p1id":"karajony","p2id":"bigpiss","formatid":"gen9vgc2023regulationc","rating":1302,"private":0,"password":""}