{"id":"gen9vgc2023regulationc-1849968051","p1":"ElQuePruebaTimsUwU","p2":"MALMOIMCOMING","format":"[Gen 9] VGC 2023 Regulation C","log":"|j|\u2606ElQuePruebaTimsUwU\n|j|\u2606MALMOIMCOMING\n|t:|1682273279\n|gametype|doubles\n|player|p1|ElQuePruebaTimsUwU|cyrus|1222\n|player|p2|MALMOIMCOMING|101|1290\n|teamsize|p1|6\n|teamsize|p2|6\n|gen|9\n|tier|[Gen 9] VGC 2023 Regulation C\n|rated|\n|rule|Species Clause: Limit one of each Pok\u00e9mon\n|rule|Item Clause: Limit one of each item\n|clearpoke\n|poke|p1|Sableye, L50, M|\n|poke|p1|Iron Bundle, L50|\n|poke|p1|Wo-Chien, L50|\n|poke|p1|Flutter Mane, L50|\n|poke|p1|Ceruledge, L50, M|\n|poke|p1|Ting-Lu, L50|\n|poke|p2|Flutter Mane, L50|\n|poke|p2|Chi-Yu, L50|\n|poke|p2|Palafin, L50, F|\n|poke|p2|Corviknight, L50, F|\n|poke|p2|Iron Hands, L50|\n|poke|p2|Amoonguss, L50, M|\n|teampreview|4\nMALMOIMCOMING has agreed to open team sheets.\n|inactive|Battle timer is ON: inactive players will automatically lose when time's up. (requested by ElQuePruebaTimsUwU)\n|\n|t:|1682273351\n|start\n|switch|p1a: Iron Bundle|Iron Bundle, L50, shiny|100\/100\n|switch|p1b: Ceruledge|Ceruledge, L50, M, shiny|100\/100\n|switch|p2a: Baka Mitai|Corviknight, L50, F|100\/100\n|switch|p2b: 24Cinderella|Flutter Mane, L50|100\/100\n|-enditem|p1a: Iron Bundle|Booster Energy\n|-activate|p1a: Iron Bundle|ability: Quark Drive|[fromitem]\n|-start|p1a: Iron Bundle|quarkdrivespe\n|-enditem|p2b: 24Cinderella|Booster Energy\n|-activate|p2b: 24Cinderella|ability: Protosynthesis|[fromitem]\n|-start|p2b: 24Cinderella|protosynthesisspa\n|turn|1\n|inactive|ElQuePruebaTimsUwU has 30 seconds left.\n|\n|t:|1682273384\n|-terastallize|p1b: Ceruledge|Grass\n|-terastallize|p2a: Baka Mitai|Fire\n|move|p1a: Iron Bundle|Protect|p1a: Iron Bundle\n|-singleturn|p1a: Iron Bundle|Protect\n|move|p2b: 24Cinderella|Protect|p2b: 24Cinderella\n|-singleturn|p2b: 24Cinderella|Protect\n|move|p1b: Ceruledge|Bulk Up|p1b: Ceruledge\n|-boost|p1b: Ceruledge|atk|1\n|-boost|p1b: Ceruledge|def|1\n|move|p2a: Baka Mitai|Tailwind|p2a: Baka Mitai\n|-sidestart|p2: MALMOIMCOMING|move: Tailwind\n|\n|upkeep\n|turn|2\n|\n|t:|1682273404\n|move|p1b: Ceruledge|Shadow Sneak|p2b: 24Cinderella\n|-supereffective|p2b: 24Cinderella\n|-damage|p2b: 24Cinderella|12\/100\n|move|p2b: 24Cinderella|Moonblast|p1b: Ceruledge\n|-damage|p1b: Ceruledge|29\/100\n|move|p1a: Iron Bundle|Hydro Pump|p2a: Baka Mitai\n|-supereffective|p2a: Baka Mitai\n|-damage|p2a: Baka Mitai|12\/100\n|move|p2a: Baka Mitai|Brave Bird|p1b: Ceruledge\n|-supereffective|p1b: Ceruledge\n|-damage|p1b: Ceruledge|0 fnt\n|faint|p1b: Ceruledge\n|-damage|p2a: Baka Mitai|5\/100|[from] Recoil\n|\n|upkeep\n|\n|t:|1682273422\n|switch|p1b: Ting-Lu|Ting-Lu, L50|100\/100\n|-ability|p1b: Ting-Lu|Vessel of Ruin\n|turn|3\n|\n|t:|1682273435\n|switch|p2a: <\/3 Mermaid|Palafin, L50, F|100\/100\n|move|p2b: 24Cinderella|Moonblast|p1a: Iron Bundle\n|-damage|p1a: Iron Bundle|9\/100\n|move|p1a: Iron Bundle|Freeze-Dry|p2a: <\/3 Mermaid\n|-supereffective|p2a: <\/3 Mermaid\n|-damage|p2a: <\/3 Mermaid|30\/100\n|move|p1b: Ting-Lu|Heavy Slam|p2b: 24Cinderella\n|-supereffective|p2b: 24Cinderella\n|-damage|p2b: 24Cinderella|0 fnt\n|faint|p2b: 24Cinderella\n|-end|p2b: 24Cinderella|Protosynthesis|[silent]\n|\n|upkeep\n|\n|t:|1682273447\n|switch|p2b: x3 Shine|Iron Hands, L50|100\/100\n|turn|4\n|\n|t:|1682273463\n|detailschange|p2a: <\/3 Mermaid|Palafin-Hero, L50, F\n|switch|p2a: Baka Mitai|Corviknight, L50, F, tera:Fire|5\/100\n|move|p2b: x3 Shine|Fake Out|p1a: Iron Bundle\n|-damage|p1a: Iron Bundle|0 fnt\n|faint|p1a: Iron Bundle\n|-end|p1a: Iron Bundle|Quark Drive|[silent]\n|move|p1b: Ting-Lu|Fissure|p2b: x3 Shine|[miss]\n|-miss|p1b: Ting-Lu|p2b: x3 Shine\n|\n|-sideend|p2: MALMOIMCOMING|move: Tailwind\n|upkeep\n|\n|t:|1682273475\n|switch|p1a: Flutter Mane|Flutter Mane, L50|100\/100\n|turn|5\n|\n|t:|1682273482\n|move|p1a: Flutter Mane|Dazzling Gleam|p2a: Baka Mitai|[spread] p2a,p2b\n|-resisted|p2a: Baka Mitai\n|-supereffective|p2b: x3 Shine\n|-damage|p2a: Baka Mitai|0 fnt\n|-damage|p2b: x3 Shine|67\/100\n|faint|p2a: Baka Mitai\n|-damage|p1a: Flutter Mane|90\/100|[from] item: Life Orb\n|move|p2b: x3 Shine|Drain Punch|p1b: Ting-Lu\n|-supereffective|p1b: Ting-Lu\n|-damage|p1b: Ting-Lu|49\/100\n|-heal|p2b: x3 Shine|93\/100|[from] drain|[of] p1b: Ting-Lu\n|move|p1b: Ting-Lu|Stomping Tantrum|p2b: x3 Shine\n|-supereffective|p2b: x3 Shine\n|-damage|p2b: x3 Shine|0 fnt\n|faint|p2b: x3 Shine\n|-end|p2b: x3 Shine|Quark Drive|[silent]\n|\n|upkeep\n|\n|t:|1682273496\n|switch|p2b: <\/3 Mermaid|Palafin-Hero, L50, F|30\/100\n|-activate|p2b: <\/3 Mermaid|ability: Zero to Hero\n|turn|6\n|\n|t:|1682273506\n|move|p1a: Flutter Mane|Protect|p1a: Flutter Mane\n|-singleturn|p1a: Flutter Mane|Protect\n|move|p2b: <\/3 Mermaid|Jet Punch|p1a: Flutter Mane\n|-activate|p1a: Flutter Mane|move: Protect\n|move|p1b: Ting-Lu|Stomping Tantrum|p2b: <\/3 Mermaid\n|-damage|p2b: <\/3 Mermaid|0 fnt\n|faint|p2b: <\/3 Mermaid\n|\n|win|ElQuePruebaTimsUwU\n|raw|ElQuePruebaTimsUwU's rating: 1222 → 1252<\/strong> (+30 for winning)\n|raw|MALMOIMCOMING's rating: 1290 → 1260<\/strong> (-30 for losing)\n|l|\u2606MALMOIMCOMING\n","uploadtime":1682273638,"views":11,"p1id":"elquepruebatimsuwu","p2id":"malmoimcoming","formatid":"gen9vgc2023regulationc","rating":1252,"private":0,"password":""}