{"id":"gen9vgc2023regulationc-1848953996","p1":"OceanDiamond151","p2":"Djden005","format":"[Gen 9] VGC 2023 Regulation C","log":"|j|\u2606OceanDiamond151\n|j|\u2606Djden005\n|t:|1682130578\n|gametype|doubles\n|player|p1|OceanDiamond151|pokemonrangerf|\n|player|p2|Djden005|lucas|\n|teamsize|p1|6\n|teamsize|p2|6\n|gen|9\n|tier|[Gen 9] VGC 2023 Regulation C\n|rule|Species Clause: Limit one of each Pok\u00e9mon\n|rule|Item Clause: Limit one of each item\n|clearpoke\n|poke|p1|Chi-Yu, L50|\n|poke|p1|Gastrodon-East, L50, F|\n|poke|p1|Kingambit, L50, F|\n|poke|p1|Espathra, L50, M|\n|poke|p1|Amoonguss, L50, M|\n|poke|p1|Klefki, L50, M|\n|poke|p2|Chi-Yu, L50|\n|poke|p2|Flutter Mane, L50|\n|poke|p2|Lilligant, L50, F|\n|poke|p2|Torkoal, L50, M|\n|poke|p2|Iron Jugulis, L50|\n|poke|p2|Baxcalibur, L50, F|\n|teampreview|4\n|\n|t:|1682130609\n|start\n|switch|p1a: Gastrodon|Gastrodon-East, L50, F|100\/100\n|switch|p1b: Chi-Yu|Chi-Yu, L50|100\/100\n|switch|p2a: Lilligant|Lilligant, L50, F|100\/100\n|switch|p2b: Torkoal|Torkoal, L50, M|100\/100\n|-ability|p1b: Chi-Yu|Beads of Ruin\n|-weather|SunnyDay|[from] ability: Drought|[of] p2b: Torkoal\n|turn|1\n|\n|t:|1682130640\n|-terastallize|p1a: Gastrodon|Fire\n|move|p2a: Lilligant|Leaf Storm|p1a: Gastrodon\n|-resisted|p1a: Gastrodon\n|-crit|p1a: Gastrodon\n|-damage|p1a: Gastrodon|58\/100\n|-unboost|p2a: Lilligant|spa|2\n|move|p1b: Chi-Yu|Flamethrower|p2a: Lilligant\n|-supereffective|p2a: Lilligant\n|-enditem|p2a: Lilligant|Focus Sash\n|-damage|p2a: Lilligant|1\/100\n|-status|p2a: Lilligant|brn\n|move|p1a: Gastrodon|Yawn|p2b: Torkoal\n|-start|p2b: Torkoal|move: Yawn|[of] p1a: Gastrodon\n|move|p2b: Torkoal|Yawn|p1b: Chi-Yu\n|-start|p1b: Chi-Yu|move: Yawn|[of] p2b: Torkoal\n|\n|-weather|SunnyDay|[upkeep]\n|-damage|p2a: Lilligant|0 fnt|[from] brn\n|faint|p2a: Lilligant\n|upkeep\n|\n|t:|1682130661\n|switch|p2a: Baxcalibur|Baxcalibur, L50, F|100\/100\n|turn|2\n|\n|t:|1682130672\n|switch|p1b: Kingambit|Kingambit, L50, F|100\/100\n|move|p2a: Baxcalibur|Glaive Rush|p1a: Gastrodon\n|-damage|p1a: Gastrodon|0 fnt\n|-singlemove|p2a: Baxcalibur|Glaive Rush|[silent]\n|-damage|p2a: Baxcalibur|84\/100|[from] item: Rocky Helmet|[of] p1a: Gastrodon\n|faint|p1a: Gastrodon\n|move|p2b: Torkoal|Yawn|p1b: Kingambit\n|-start|p1b: Kingambit|move: Yawn|[of] p2b: Torkoal\n|\n|-weather|SunnyDay|[upkeep]\n|-end|p2b: Torkoal|move: Yawn|[silent]\n|-status|p2b: Torkoal|slp\n|upkeep\n|\n|t:|1682130684\n|switch|p1a: Chi-Yu|Chi-Yu, L50|100\/100\n|-ability|p1a: Chi-Yu|Beads of Ruin\n|turn|3\n|\n|t:|1682130696\n|switch|p2a: Chi-Yu|Chi-Yu, L50|100\/100\n|-ability|p2a: Chi-Yu|Beads of Ruin\n|cant|p2b: Torkoal|slp\n|move|p1a: Chi-Yu|Flamethrower|p2a: Chi-Yu\n|-resisted|p2a: Chi-Yu\n|-damage|p2a: Chi-Yu|50\/100\n|move|p1b: Kingambit|Kowtow Cleave|p2b: Torkoal\n|-crit|p2b: Torkoal\n|-damage|p2b: Torkoal|32\/100 slp\n|-enditem|p2b: Torkoal|Sitrus Berry|[eat]\n|-heal|p2b: Torkoal|57\/100 slp|[from] item: Sitrus Berry\n|\n|-weather|SunnyDay|[upkeep]\n|-end|p1b: Kingambit|move: Yawn|[silent]\n|-status|p1b: Kingambit|slp\n|upkeep\n|turn|4\n|\n|t:|1682130722\n|switch|p2b: Baxcalibur|Baxcalibur, L50, F|84\/100\n|move|p1a: Chi-Yu|Flamethrower|p2a: Chi-Yu\n|-resisted|p2a: Chi-Yu\n|-damage|p2a: Chi-Yu|2\/100\n|move|p2a: Chi-Yu|Overheat|p1b: Kingambit\n|-supereffective|p1b: Kingambit\n|-damage|p1b: Kingambit|0 fnt\n|-unboost|p2a: Chi-Yu|spa|2\n|faint|p1b: Kingambit\n|\n|-weather|SunnyDay|[upkeep]\n|upkeep\n|\n|t:|1682130733\n|switch|p1b: Espathra|Espathra, L50, M|100\/100\n|turn|5\n|\n|t:|1682130771\n|move|p1b: Espathra|Hypnosis|p2b: Baxcalibur\n|-status|p2b: Baxcalibur|slp|[from] move: Hypnosis\n|move|p1a: Chi-Yu|Flamethrower|p2a: Chi-Yu\n|-resisted|p2a: Chi-Yu\n|-damage|p2a: Chi-Yu|0 fnt\n|faint|p2a: Chi-Yu\n|cant|p2b: Baxcalibur|slp\n|\n|-weather|none\n|-ability|p1b: Espathra|Speed Boost|boost\n|-boost|p1b: Espathra|spe|1\n|upkeep\n|c|\u2606Djden005|lucky sleep :(\n|\n|t:|1682130780\n|switch|p2a: Torkoal|Torkoal, L50, M|57\/100 slp\n|-weather|SunnyDay|[from] ability: Drought|[of] p2a: Torkoal\n|turn|6\n|c|\u2606OceanDiamond151|to sleep with you\n|c|\u2606Djden005|dam\n|c|\u2606Djden005|this is showdown\n|c|\u2606Djden005|not a discord dating server\n|c|\u2606OceanDiamond151|You sleep\n|inactive|Battle timer is ON: inactive players will automatically lose when time's up. (requested by Djden005)\n|c|\u2606OceanDiamond151|oops, out of context\n|c|\u2606Djden005|shoot i forgor timer\n|\n|t:|1682130826\n|move|p1b: Espathra|Dazzling Gleam|p2a: Torkoal|[spread] p2a,p2b\n|-resisted|p2a: Torkoal\n|-supereffective|p2b: Baxcalibur\n|-damage|p2a: Torkoal|43\/100 slp\n|-damage|p2b: Baxcalibur|38\/100 slp\n|move|p1a: Chi-Yu|Flamethrower|p2b: Baxcalibur\n|-damage|p2b: Baxcalibur|0 fnt\n|faint|p2b: Baxcalibur\n|cant|p2a: Torkoal|slp\n|\n|-weather|SunnyDay|[upkeep]\n|-ability|p1b: Espathra|Speed Boost|boost\n|-boost|p1b: Espathra|spe|1\n|upkeep\n|turn|7\n|c|\u2606Djden005|ggs\n|-message|Djden005 forfeited.\n|\n|win|OceanDiamond151\n|l|\u2606Djden005\n|c|\u2606OceanDiamond151|I sound so out of context\n","uploadtime":1682130848,"views":7,"p1id":"oceandiamond151","p2id":"djden005","formatid":"gen9vgc2023regulationc","rating":0,"private":0,"password":""}