{"id":"gen9vgc2023regulationc-1863366123","p1":"calvonix","p2":"Ciemmelle","format":"[Gen 9] VGC 2023 Regulation C","log":"|j|\u2606calvonix\n|j|\u2606Ciemmelle\n|t:|1684007793\n|gametype|doubles\n|player|p1|calvonix|hilbert-wonderlauncher|\n|player|p2|Ciemmelle|musician|\n|teamsize|p1|6\n|teamsize|p2|6\n|gen|9\n|tier|[Gen 9] VGC 2023 Regulation C\n|rule|Species Clause: Limit one of each Pok\u00e9mon\n|rule|Item Clause: Limit one of each item\n|clearpoke\n|poke|p1|Kingambit, L50, F|\n|poke|p1|Dragonite, L50, F|\n|poke|p1|Abomasnow, L50, F|\n|poke|p1|Great Tusk, L50|\n|poke|p1|Iron Bundle, L50|\n|poke|p1|Flutter Mane, L50|\n|poke|p2|Flutter Mane, L50|\n|poke|p2|Tyranitar, L50, M|\n|poke|p2|Garchomp, L50, M|\n|poke|p2|Gyarados, L50, M|\n|poke|p2|Orthworm, L50, F|\n|poke|p2|Amoonguss, L50, F|\n|teampreview|4\n|c|\u2606Ciemmelle|glhf\n|c|\u2606Ciemmelle|g1\n|c|\u2606calvonix|u2\ncalvonix has agreed to open team sheets.\nCiemmelle has agreed to open team sheets.\n|j| Deemo Hyouryou\n|j| pokeway96\n|j| RK_pocoyo\n|j| tyo\n|l| pokeway96\n|j| WillE_VGC\n|j| WH ceree\n|j|+PinkSylvie\n|l|+PinkSylvie\n|\n|t:|1684008030\n|start\n|switch|p1a: Iron Bundle|Iron Bundle, L50|100\/100\n|switch|p1b: Great Tusk|Great Tusk, L50|100\/100\n|switch|p2a: Garchomp|Garchomp, L50, M|100\/100\n|switch|p2b: Orthworm|Orthworm, L50, F|100\/100\n|turn|1\n|j| pwny person\n|\n|t:|1684008135\n|switch|p2b: Gyarados|Gyarados, L50, M|100\/100\n|-ability|p2b: Gyarados|Intimidate|boost\n|-unboost|p1a: Iron Bundle|atk|1\n|-unboost|p1b: Great Tusk|atk|1\n|move|p2a: Garchomp|Protect|p2a: Garchomp\n|-singleturn|p2a: Garchomp|Protect\n|move|p1b: Great Tusk|Close Combat|p2b: Gyarados\n|-resisted|p2b: Gyarados\n|-damage|p2b: Gyarados|82\/100\n|-unboost|p1b: Great Tusk|def|1\n|-unboost|p1b: Great Tusk|spd|1\n|move|p1a: Iron Bundle|Hydro Pump|p2b: Gyarados\n|-resisted|p2b: Gyarados\n|-damage|p2b: Gyarados|48\/100\n|\n|upkeep\n|turn|2\n|l| pwny person\n|\n|t:|1684008222\n|-end|p1a: Iron Bundle|Quark Drive|[silent]\n|switch|p1a: Abomasnow|Abomasnow, L50, F, shiny|100\/100\n|-weather|Snow|[from] ability: Snow Warning|[of] p1a: Abomasnow\n|move|p1b: Great Tusk|Close Combat|p2a: Garchomp\n|-damage|p2a: Garchomp|59\/100\n|-unboost|p1b: Great Tusk|def|1\n|-unboost|p1b: Great Tusk|spd|1\n|move|p2a: Garchomp|Earthquake|p1a: Abomasnow|[spread] p1a,p1b\n|-immune|p2b: Gyarados\n|-resisted|p1a: Abomasnow\n|-damage|p1a: Abomasnow|80\/100\n|-damage|p1b: Great Tusk|28\/100\n|-damage|p2a: Garchomp|49\/100|[from] item: Life Orb\n|move|p2b: Gyarados|Thunder Wave|p1a: Abomasnow\n|-status|p1a: Abomasnow|par\n|\n|-weather|Snow|[upkeep]\n|upkeep\n|turn|3\n|j| pwny person\n|j| MichaelderBeste2\n|\n|t:|1684008301\n|-end|p1b: Great Tusk|Protosynthesis|[silent]\n|switch|p1b: Iron Bundle|Iron Bundle, L50|100\/100\n|switch|p2b: Tyranitar|Tyranitar, L50, M|100\/100\n|-weather|Sandstorm|[from] ability: Sand Stream|[of] p2b: Tyranitar\n|move|p2a: Garchomp|Rock Slide|p1a: Abomasnow|[spread] p1a,p1b\n|-supereffective|p1a: Abomasnow\n|-supereffective|p1b: Iron Bundle\n|-damage|p1a: Abomasnow|24\/100 par\n|-damage|p1b: Iron Bundle|44\/100\n|-damage|p2a: Garchomp|39\/100|[from] item: Life Orb\n|cant|p1a: Abomasnow|par\n|\n|-weather|Sandstorm|[upkeep]\n|-damage|p1b: Iron Bundle|38\/100|[from] Sandstorm\n|-damage|p1a: Abomasnow|18\/100 par|[from] Sandstorm\n|upkeep\n|turn|4\n|l| pwny person\n|\n|t:|1684008391\n|move|p1a: Abomasnow|Helping Hand|p1b: Iron Bundle\n|-singleturn|p1b: Iron Bundle|Helping Hand|[of] p1a: Abomasnow\n|move|p2a: Garchomp|Protect|p2a: Garchomp\n|-singleturn|p2a: Garchomp|Protect\n|move|p1b: Iron Bundle|Hydro Pump|p2b: Tyranitar\n|-supereffective|p2b: Tyranitar\n|-damage|p2b: Tyranitar|8\/100\n|move|p2b: Tyranitar|Rock Slide|p1b: Iron Bundle|[spread] p1a,p1b\n|-supereffective|p1a: Abomasnow\n|-supereffective|p1b: Iron Bundle\n|-damage|p1a: Abomasnow|0 fnt\n|-damage|p1b: Iron Bundle|0 fnt\n|faint|p1a: Abomasnow\n|faint|p1b: Iron Bundle\n|-end|p1b: Iron Bundle|Quark Drive|[silent]\n|\n|-weather|Sandstorm|[upkeep]\n|upkeep\n|\n|t:|1684008420\n|switch|p1b: Dragonite|Dragonite, L50, F|100\/100\n|switch|p1a: Great Tusk|Great Tusk, L50|28\/100\n|turn|5\n|\n|t:|1684008481\n|switch|p2a: Gyarados|Gyarados, L50, M|48\/100\n|-ability|p2a: Gyarados|Intimidate|boost\n|-unboost|p1a: Great Tusk|atk|1\n|-unboost|p1b: Dragonite|atk|1\n|-terastallize|p1b: Dragonite|Normal\n|move|p1a: Great Tusk|Close Combat|p2a: Gyarados\n|-resisted|p2a: Gyarados\n|-damage|p2a: Gyarados|27\/100\n|-unboost|p1a: Great Tusk|def|1\n|-unboost|p1a: Great Tusk|spd|1\n|move|p1b: Dragonite|Outrage|p2a: Gyarados\n|-damage|p2a: Gyarados|0 fnt\n|faint|p2a: Gyarados\n|move|p2b: Tyranitar|Rock Slide|p1a: Great Tusk|[spread] p1a,p1b\n|-resisted|p1a: Great Tusk\n|-damage|p1a: Great Tusk|19\/100\n|-damage|p1b: Dragonite|83\/100\n|\n|-weather|Sandstorm|[upkeep]\n|-damage|p1b: Dragonite|77\/100|[from] Sandstorm\n|upkeep\n|\n|t:|1684008505\n|switch|p2a: Orthworm|Orthworm, L50, F|100\/100\n|turn|6\n|l| WillE_VGC\n|j| Hort0n\n|l| Hort0n\n|\n|t:|1684008531\n|-terastallize|p2a: Orthworm|Fire\n|move|p1a: Great Tusk|Close Combat|p2a: Orthworm\n|-damage|p2a: Orthworm|70\/100\n|-unboost|p1a: Great Tusk|def|1\n|-unboost|p1a: Great Tusk|spd|1\n|move|p1b: Dragonite|Outrage|p2a: Orthworm|[from]lockedmove\n|-damage|p2a: Orthworm|28\/100\n|-enditem|p2a: Orthworm|Sitrus Berry|[eat]\n|-heal|p2a: Orthworm|53\/100|[from] item: Sitrus Berry\n|move|p2b: Tyranitar|Earthquake|p1a: Great Tusk|[spread] p1a,p1b\n|-heal|p2a: Orthworm|78\/100|[from] ability: Earth Eater|[of] p2b: Tyranitar\n|-damage|p1a: Great Tusk|0 fnt\n|-damage|p1b: Dragonite|48\/100\n|faint|p1a: Great Tusk\n|-end|p1a: Great Tusk|Protosynthesis|[silent]\n|move|p2a: Orthworm|Body Press|p1b: Dragonite\n|-supereffective|p1b: Dragonite\n|-damage|p1b: Dragonite|0 fnt\n|faint|p1b: Dragonite\n|\n|win|Ciemmelle\n|c|\u2606Ciemmelle|gg\n","uploadtime":1684008549,"views":3,"p1id":"calvonix","p2id":"ciemmelle","formatid":"gen9vgc2023regulationc","rating":0,"private":0,"password":""}