{"id":"gen9vgc2023regulationc-1846438751","p1":"dreamswgh","p2":"CrystalFurry17","format":"[Gen 9] VGC 2023 Regulation C","log":"|j|\u2606dreamswgh\n|j|\u2606CrystalFurry17\n|t:|1681840911\n|gametype|doubles\n|player|p1|dreamswgh|nate|1322\n|player|p2|CrystalFurry17|rosa|1318\n|teamsize|p1|6\n|teamsize|p2|6\n|gen|9\n|tier|[Gen 9] VGC 2023 Regulation C\n|rated|\n|rule|Species Clause: Limit one of each Pok\u00e9mon\n|rule|Item Clause: Limit one of each item\n|clearpoke\n|poke|p1|Torkoal, L50, F|\n|poke|p1|Flutter Mane, L50|\n|poke|p1|Indeedee-F, L50, F|\n|poke|p1|Hatterene, L50, F|\n|poke|p1|Corviknight, L50, F|\n|poke|p1|Mudsdale, L50, F|\n|poke|p2|Talonflame, L50, F|\n|poke|p2|Annihilape, L50, F|\n|poke|p2|Chien-Pao, L50|\n|poke|p2|Roaring Moon, L50|\n|poke|p2|Garchomp, L50, F|\n|poke|p2|Amoonguss, L50, M|\n|teampreview|4\n|inactive|Battle timer is ON: inactive players will automatically lose when time's up. (requested by CrystalFurry17)\n|inactive|dreamswgh has 60 seconds left.\n|\n|t:|1681840946\n|start\n|switch|p1a: Nevada|Indeedee-F, L50, F|100\/100\n|switch|p1b: New Mexico|Hatterene, L50, F|100\/100\n|switch|p2a: Man I'm Dead\ud83d\udc80|Annihilape, L50, F|100\/100\n|switch|p2b: Ur Grounded|Garchomp, L50, F|100\/100\n|-fieldstart|move: Psychic Terrain|[from] ability: Psychic Surge|[of] p1a: Nevada\n|-enditem|p1a: Nevada|Psychic Seed\n|-boost|p1a: Nevada|spd|1|[from] item: Psychic Seed\n|turn|1\n|inactive|dreamswgh has 30 seconds left.\n|inactive|CrystalFurry17 has 30 seconds left.\n|inactive|dreamswgh has 20 seconds left.\n|\n|t:|1681840981\n|-terastallize|p2b: Ur Grounded|Steel\n|move|p1a: Nevada|Follow Me|p1a: Nevada\n|-singleturn|p1a: Nevada|move: Follow Me\n|move|p2a: Man I'm Dead\ud83d\udc80|Final Gambit|p1a: Nevada\n|-damage|p1a: Nevada|0 fnt\n|faint|p2a: Man I'm Dead\ud83d\udc80\n|faint|p1a: Nevada\n|move|p2b: Ur Grounded|Iron Head|p1b: New Mexico\n|-supereffective|p1b: New Mexico\n|-damage|p1b: New Mexico|0 fnt\n|faint|p1b: New Mexico\n|-damage|p2b: Ur Grounded|91\/100|[from] item: Life Orb\n|\n|upkeep\n|\n|t:|1681840992\n|switch|p2a: Chien-POW|Chien-Pao, L50|100\/100\n|switch|p1a: Arizona|Torkoal, L50, F|100\/100\n|switch|p1b: Okalahoma|Corviknight, L50, F|100\/100\n|-ability|p2a: Chien-POW|Sword of Ruin\n|-weather|SunnyDay|[from] ability: Drought|[of] p1a: Arizona\n|turn|2\n|inactive|CrystalFurry17 has 30 seconds left.\n|inactive|CrystalFurry17 has 20 seconds left.\n|inactive|CrystalFurry17 has 15 seconds left.\n|inactive|CrystalFurry17 has 10 seconds left.\n|inactive|CrystalFurry17 has 5 seconds left.\n|\n|t:|1681841052\n|move|p1a: Arizona|Protect|p1a: Arizona\n|-singleturn|p1a: Arizona|Protect\n|move|p2a: Chien-POW|Ice Spinner|p1b: Okalahoma\n|-damage|p1b: Okalahoma|58\/100\n|-fieldend|move: Psychic Terrain\n|move|p2b: Ur Grounded|Earthquake|p1b: Okalahoma|[spread] p2a\n|-activate|p1a: Arizona|move: Protect\n|-immune|p1b: Okalahoma\n|-damage|p2a: Chien-POW|34\/100\n|-damage|p2b: Ur Grounded|81\/100|[from] item: Life Orb\n|move|p1b: Okalahoma|Iron Head|p2a: Chien-POW\n|-supereffective|p2a: Chien-POW\n|-damage|p2a: Chien-POW|0 fnt\n|faint|p2a: Chien-POW\n|\n|-weather|SunnyDay|[upkeep]\n|upkeep\n|\n|t:|1681841055\n|switch|p2a: NOT A WORD|Amoonguss, L50, M|100\/100\n|turn|3\n|inactive|dreamswgh has 30 seconds left.\n|inactive|CrystalFurry17 has 30 seconds left.\n|\n|t:|1681841090\n|-terastallize|p1a: Arizona|Fire\n|move|p2b: Ur Grounded|Dragon Claw|p1b: Okalahoma\n|-resisted|p1b: Okalahoma\n|-damage|p1b: Okalahoma|36\/100\n|-damage|p2b: Ur Grounded|71\/100|[from] item: Life Orb\n|move|p1b: Okalahoma|Iron Head|p2a: NOT A WORD\n|-damage|p2a: NOT A WORD|53\/100\n|move|p2a: NOT A WORD|Spore|p1a: Arizona\n|-status|p1a: Arizona|slp|[from] move: Spore\n|cant|p1a: Arizona|slp\n|\n|-weather|SunnyDay|[upkeep]\n|upkeep\n|turn|4\n|\n|t:|1681841109\n|move|p2a: NOT A WORD|Protect|p2a: NOT A WORD\n|-singleturn|p2a: NOT A WORD|Protect\n|-curestatus|p1a: Arizona|slp|[msg]\n|move|p1a: Arizona|Protect|p1a: Arizona\n|-singleturn|p1a: Arizona|Protect\n|move|p2b: Ur Grounded|Earthquake|p1b: Okalahoma|[spread] \n|-activate|p2a: NOT A WORD|move: Protect\n|-activate|p1a: Arizona|move: Protect\n|-immune|p1b: Okalahoma\n|move|p1b: Okalahoma|Iron Head|p2a: NOT A WORD\n|-activate|p2a: NOT A WORD|move: Protect\n|\n|-weather|SunnyDay|[upkeep]\n|upkeep\n|turn|5\n|\n|t:|1681841125\n|move|p2b: Ur Grounded|Iron Head|p1b: Okalahoma\n|-resisted|p1b: Okalahoma\n|-damage|p1b: Okalahoma|12\/100\n|-damage|p2b: Ur Grounded|61\/100|[from] item: Life Orb\n|cant|p1b: Okalahoma|flinch\n|move|p2a: NOT A WORD|Spore|p1a: Arizona\n|-status|p1a: Arizona|slp|[from] move: Spore\n|cant|p1a: Arizona|slp\n|\n|-weather|SunnyDay|[upkeep]\n|upkeep\n|turn|6\n|\n|t:|1681841137\n|cant|p1a: Arizona|slp\n|move|p2a: NOT A WORD|Rage Powder|p2a: NOT A WORD\n|-singleturn|p2a: NOT A WORD|move: Rage Powder\n|move|p2b: Ur Grounded|Earthquake|p1b: Okalahoma|[spread] p2a,p1a\n|-immune|p1b: Okalahoma\n|-supereffective|p1a: Arizona\n|-damage|p2a: NOT A WORD|3\/100\n|-damage|p1a: Arizona|24\/100 slp\n|-damage|p2b: Ur Grounded|51\/100|[from] item: Life Orb\n|move|p1b: Okalahoma|Iron Head|p2a: NOT A WORD\n|-damage|p2a: NOT A WORD|0 fnt\n|faint|p2a: NOT A WORD\n|\n|-weather|none\n|upkeep\n|turn|7\n|\n|t:|1681841159\n|move|p2b: Ur Grounded|Dragon Claw|p1b: Okalahoma\n|-resisted|p1b: Okalahoma\n|-damage|p1b: Okalahoma|0 fnt\n|faint|p1b: Okalahoma\n|-damage|p2b: Ur Grounded|41\/100|[from] item: Life Orb\n|-curestatus|p1a: Arizona|slp|[msg]\n|move|p1a: Arizona|Flamethrower|p2b: Ur Grounded\n|-supereffective|p2b: Ur Grounded\n|-damage|p2b: Ur Grounded|0 fnt\n|faint|p2b: Ur Grounded\n|\n|win|dreamswgh\n|raw|dreamswgh's rating: 1322 → 1342<\/strong> (+20 for winning)\n|raw|CrystalFurry17's rating: 1318 → 1298<\/strong> (-20 for losing)\n|l|\u2606CrystalFurry17\n|c|\u2606dreamswgh|ggwp\n","uploadtime":1681841187,"views":13,"p1id":"dreamswgh","p2id":"crystalfurry17","formatid":"gen9vgc2023regulationc","rating":1298,"private":0,"password":""}