{"id":"gen9vgc2023regulationc-1855746923","p1":"futonkagebunshin","p2":"Hikawari","format":"[Gen 9] VGC 2023 Regulation C","log":"|j|\u2606futonkagebunshin\n|j|\u2606Hikawari\n|t:|1682979448\n|gametype|doubles\n|player|p1|futonkagebunshin|policeman-gen4|1452\n|player|p2|Hikawari|101|1467\n|teamsize|p1|6\n|teamsize|p2|6\n|gen|9\n|tier|[Gen 9] VGC 2023 Regulation C\n|rated|\n|rule|Species Clause: Limit one of each Pok\u00e9mon\n|rule|Item Clause: Limit one of each item\n|clearpoke\n|poke|p1|Volcarona, L50, M|\n|poke|p1|Dragapult, L50, F|\n|poke|p1|Glimmora, L50, F|\n|poke|p1|Meowscarada, L50, M|\n|poke|p1|Gyarados, L50, F|\n|poke|p1|Ting-Lu, L50|\n|poke|p2|Amoonguss, L50, M|\n|poke|p2|Baxcalibur, L50, M|\n|poke|p2|Corviknight, L50, F|\n|poke|p2|Glimmora, L50, F|\n|poke|p2|Rotom-Wash, L50|\n|poke|p2|Gholdengo, L50|\n|teampreview|4\n|inactive|Battle timer is ON: inactive players will automatically lose when time's up. (requested by Hikawari)\nHikawari has agreed to open team sheets.\nfutonkagebunshin has agreed to open team sheets.\n|inactive|futonkagebunshin has 60 seconds left.\n|inactive|futonkagebunshin has 30 seconds left.\n|inactive|futonkagebunshin has 20 seconds left.\n|\n|t:|1682979522\n|start\n|switch|p1a: Meowscarada|Meowscarada, L50, M|100\/100\n|switch|p1b: Ting-Lu|Ting-Lu, L50|100\/100\n|switch|p2a: Glimmora|Glimmora, L50, F|100\/100\n|switch|p2b: Rotom|Rotom-Wash, L50|100\/100\n|-ability|p1b: Ting-Lu|Vessel of Ruin\n|turn|1\n|inactive|futonkagebunshin has 30 seconds left.\n|inactive|futonkagebunshin has 20 seconds left.\n|inactive|futonkagebunshin has 15 seconds left.\n|\n|t:|1682979565\n|-terastallize|p1b: Ting-Lu|Steel\n|move|p2a: Glimmora|Spiky Shield|p2a: Glimmora\n|-singleturn|p2a: Glimmora|move: Protect\n|move|p2b: Rotom|Protect|p2b: Rotom\n|-singleturn|p2b: Rotom|Protect\n|move|p1a: Meowscarada|Flower Trick|p2b: Rotom\n|-start|p1a: Meowscarada|typechange|Grass|[from] ability: Protean\n|-activate|p2b: Rotom|move: Protect\n|move|p1b: Ting-Lu|Ruination|p2a: Glimmora\n|-activate|p2a: Glimmora|move: Protect\n|\n|upkeep\n|turn|2\n|inactive|futonkagebunshin has 30 seconds left.\n|inactive|Hikawari has 30 seconds left.\n|\n|t:|1682979599\n|-terastallize|p2b: Rotom|Steel\n|move|p1a: Meowscarada|Flower Trick|p2b: Rotom\n|-resisted|p2b: Rotom\n|-crit|p2b: Rotom\n|-damage|p2b: Rotom|64\/100\n|move|p2a: Glimmora|Power Gem|p1a: Meowscarada\n|-damage|p1a: Meowscarada|43\/100\n|move|p2b: Rotom|Will-O-Wisp|p1b: Ting-Lu|[miss]\n|-miss|p2b: Rotom|p1b: Ting-Lu\n|move|p1b: Ting-Lu|Stomping Tantrum|p2a: Glimmora\n|-supereffective|p2a: Glimmora\n|-enditem|p2a: Glimmora|Focus Sash\n|-damage|p2a: Glimmora|1\/100\n|-activate|p2a: Glimmora|ability: Toxic Debris\n|-sidestart|p1: futonkagebunshin|move: Toxic Spikes\n|\n|upkeep\n|turn|3\n|inactive|futonkagebunshin has 30 seconds left.\n|\n|t:|1682979627\n|switch|p1a: Glimmora|Glimmora, L50, F|100\/100\n|-sideend|p1: futonkagebunshin|move: Toxic Spikes|[of] p1a: Glimmora\n|move|p2a: Glimmora|Spiky Shield|p2a: Glimmora\n|-singleturn|p2a: Glimmora|move: Protect\n|move|p2b: Rotom|Will-O-Wisp|p1b: Ting-Lu\n|-status|p1b: Ting-Lu|brn\n|move|p1b: Ting-Lu|Ruination|p2a: Glimmora\n|-activate|p2a: Glimmora|move: Protect\n|\n|-damage|p1b: Ting-Lu|95\/100 brn|[from] brn\n|upkeep\n|turn|4\n|inactive|futonkagebunshin has 30 seconds left.\n|inactive|futonkagebunshin has 20 seconds left.\n|\n|t:|1682979665\n|move|p1a: Glimmora|Power Gem|p2a: Glimmora\n|-damage|p2a: Glimmora|0 fnt\n|faint|p2a: Glimmora\n|move|p2b: Rotom|Hydro Pump|p1a: Glimmora\n|-supereffective|p1a: Glimmora\n|-damage|p1a: Glimmora|10\/100\n|move|p1b: Ting-Lu|Ruination|p2b: Rotom\n|-damage|p2b: Rotom|32\/100\n|\n|-damage|p1b: Ting-Lu|89\/100 brn|[from] brn\n|upkeep\n|\n|t:|1682979675\n|switch|p2a: Baxcalibur|Baxcalibur, L50, M|100\/100\n|turn|5\n|\n|t:|1682979688\n|move|p2a: Baxcalibur|Ice Shard|p1a: Glimmora\n|-damage|p1a: Glimmora|0 fnt\n|-activate|p1a: Glimmora|ability: Toxic Debris\n|-sidestart|p2: Hikawari|move: Toxic Spikes\n|faint|p1a: Glimmora\n|move|p2b: Rotom|Volt Switch|p1b: Ting-Lu\n|-damage|p1b: Ting-Lu|79\/100 brn\n|\n|t:|1682979695\n|switch|p2b: Corviknight|Corviknight, L50, F|100\/100|[from] Volt Switch\n|move|p1b: Ting-Lu|Ruination|p2a: Baxcalibur|[miss]\n|-miss|p1b: Ting-Lu|p2a: Baxcalibur\n|\n|-damage|p1b: Ting-Lu|73\/100 brn|[from] brn\n|upkeep\n|\n|t:|1682979717\n|switch|p1a: Meowscarada|Meowscarada, L50, M|43\/100\n|turn|6\n|\n|t:|1682979729\n|move|p2a: Baxcalibur|Ice Shard|p1a: Meowscarada\n|-supereffective|p1a: Meowscarada\n|-damage|p1a: Meowscarada|0 fnt\n|faint|p1a: Meowscarada\n|move|p2b: Corviknight|Bulk Up|p2b: Corviknight\n|-boost|p2b: Corviknight|atk|1\n|-boost|p2b: Corviknight|def|1\n|move|p1b: Ting-Lu|Ruination|p2b: Corviknight\n|-damage|p2b: Corviknight|50\/100\n|\n|-heal|p2b: Corviknight|56\/100|[from] item: Leftovers\n|-damage|p1b: Ting-Lu|67\/100 brn|[from] brn\n|upkeep\n|\n|t:|1682979734\n|switch|p1a: Volcarona|Volcarona, L50, M|100\/100\n|turn|7\n|-message|futonkagebunshin forfeited.\n|\n|win|Hikawari\n|raw|futonkagebunshin's rating: 1452 → 1433<\/strong> (-19 for losing)\n|raw|Hikawari's rating: 1467 → 1486<\/strong> (+19 for winning)\n","uploadtime":1682979747,"views":16,"p1id":"futonkagebunshin","p2id":"hikawari","formatid":"gen9vgc2023regulationc","rating":1433,"private":0,"password":""}