{"id":"gen9vgc2023regulationc-1862791084","p1":"TGH_sr","p2":"Shiro1x","format":"[Gen 9] VGC 2023 Regulation C","log":"|j|\u2606TGH_sr\n|j|\u2606Shiro1x\n|t:|1683922307\n|gametype|doubles\n|player|p1|TGH_sr|steven|1261\n|player|p2|Shiro1x|benga|1184\n|teamsize|p1|6\n|teamsize|p2|6\n|gen|9\n|tier|[Gen 9] VGC 2023 Regulation C\n|rated|\n|rule|Species Clause: Limit one of each Pok\u00e9mon\n|rule|Item Clause: Limit one of each item\n|clearpoke\n|poke|p1|Talonflame, L50, F|\n|poke|p1|Baxcalibur, L50, F|\n|poke|p1|Kingambit, L50, M|\n|poke|p1|Amoonguss, L50, M|\n|poke|p1|Iron Bundle, L50|\n|poke|p1|Flutter Mane, L50|\n|poke|p2|Scizor, L50, M|\n|poke|p2|Flutter Mane, L50|\n|poke|p2|Gyarados, L50, M|\n|poke|p2|Chi-Yu, L50|\n|poke|p2|Chien-Pao, L50|\n|poke|p2|Tsareena, L50, F|\n|teampreview|4\n|inactive|Battle timer is ON: inactive players will automatically lose when time's up. (requested by Shiro1x)\nTGH_sr has agreed to open team sheets.\n|inactive|TGH_sr has 60 seconds left.\n|inactive|TGH_sr has 30 seconds left.\n|inactive|TGH_sr has 20 seconds left.\n|\n|t:|1683922377\n|start\n|switch|p1a: Talonflame|Talonflame, L50, F|100\/100\n|switch|p1b: Iron Bundle|Iron Bundle, L50|100\/100\n|switch|p2a: Flutter Mane|Flutter Mane, L50|100\/100\n|switch|p2b: Chi-Yu|Chi-Yu, L50|100\/100\n|-ability|p2b: Chi-Yu|Beads of Ruin\n|-enditem|p1b: Iron Bundle|Booster Energy\n|-activate|p1b: Iron Bundle|ability: Quark Drive|[fromitem]\n|-start|p1b: Iron Bundle|quarkdrivespe\n|-enditem|p2a: Flutter Mane|Booster Energy\n|-activate|p2a: Flutter Mane|ability: Protosynthesis|[fromitem]\n|-start|p2a: Flutter Mane|protosynthesisspa\n|turn|1\n|inactive|TGH_sr has 30 seconds left.\n|\n|t:|1683922404\n|move|p1b: Iron Bundle|Protect|p1b: Iron Bundle\n|-singleturn|p1b: Iron Bundle|Protect\n|move|p2b: Chi-Yu|Protect|p2b: Chi-Yu\n|-singleturn|p2b: Chi-Yu|Protect\n|move|p1a: Talonflame|Brave Bird|p2a: Flutter Mane\n|-damage|p2a: Flutter Mane|0 fnt\n|faint|p2a: Flutter Mane\n|-end|p2a: Flutter Mane|Protosynthesis|[silent]\n|-damage|p1a: Talonflame|73\/100|[from] Recoil\n|-damage|p1a: Talonflame|63\/100|[from] item: Life Orb\n|\n|upkeep\n|\n|t:|1683922419\n|switch|p2a: Scizor|Scizor, L50, M|100\/100\n|turn|2\n|\n|t:|1683922433\n|switch|p2b: Chien-Pao|Chien-Pao, L50|100\/100\n|-ability|p2b: Chien-Pao|Sword of Ruin\n|-terastallize|p2a: Scizor|Steel\n|move|p2a: Scizor|Bullet Punch|p1b: Iron Bundle\n|-damage|p1b: Iron Bundle|0 fnt\n|faint|p1b: Iron Bundle\n|-end|p1b: Iron Bundle|Quark Drive|[silent]\n|move|p1a: Talonflame|Flare Blitz|p2a: Scizor\n|-supereffective|p2a: Scizor\n|-damage|p2a: Scizor|0 fnt\n|faint|p2a: Scizor\n|-damage|p1a: Talonflame|25\/100|[from] Recoil\n|-damage|p1a: Talonflame|15\/100|[from] item: Life Orb\n|\n|upkeep\n|\n|t:|1683922450\n|switch|p1b: Flutter Mane|Flutter Mane, L50|100\/100\n|switch|p2a: Chi-Yu|Chi-Yu, L50|100\/100\n|-ability|p2a: Chi-Yu|Beads of Ruin\n|turn|3\n|inactive|TGH_sr has 30 seconds left.\n|inactive|Shiro1x has 30 seconds left.\n|inactive|TGH_sr has 20 seconds left.\n|\n|t:|1683922486\n|-terastallize|p1b: Flutter Mane|Fairy\n|move|p2b: Chien-Pao|Sucker Punch|p1b: Flutter Mane\n|-resisted|p1b: Flutter Mane\n|-damage|p1b: Flutter Mane|63\/100\n|move|p1a: Talonflame|Tailwind|p1a: Talonflame\n|-sidestart|p1: TGH_sr|move: Tailwind\n|move|p1b: Flutter Mane|Dazzling Gleam|p2a: Chi-Yu|[spread] p2a,p2b\n|-supereffective|p2b: Chien-Pao\n|-damage|p2a: Chi-Yu|25\/100\n|-enditem|p2b: Chien-Pao|Focus Sash\n|-damage|p2b: Chien-Pao|1\/100\n|move|p2a: Chi-Yu|Heat Wave|p1a: Talonflame|[spread] p1a,p1b\n|-resisted|p1a: Talonflame\n|-damage|p1a: Talonflame|0 fnt\n|-damage|p1b: Flutter Mane|0 fnt\n|faint|p1a: Talonflame\n|faint|p1b: Flutter Mane\n|-end|p1b: Flutter Mane|Protosynthesis|[silent]\n|-damage|p2a: Chi-Yu|15\/100|[from] item: Life Orb\n|\n|upkeep\n|\n|t:|1683922506\n|switch|p1b: Baxcalibur|Baxcalibur, L50, F|100\/100\n|turn|4\n|inactive|TGH_sr has 30 seconds left.\n|\n|t:|1683922536\n|move|p2a: Chi-Yu|Protect|p2a: Chi-Yu\n|-singleturn|p2a: Chi-Yu|Protect\n|move|p1b: Baxcalibur|Ice Shard|p2a: Chi-Yu\n|-activate|p2a: Chi-Yu|move: Protect\n|move|p2b: Chien-Pao|Sucker Punch||[still]\n|-fail|p2b: Chien-Pao\n|\n|upkeep\n|turn|5\n|\n|t:|1683922547\n|move|p1b: Baxcalibur|Ice Shard|p2a: Chi-Yu\n|-resisted|p2a: Chi-Yu\n|-damage|p2a: Chi-Yu|0 fnt\n|faint|p2a: Chi-Yu\n|move|p2b: Chien-Pao|Ice Spinner|p1b: Baxcalibur\n|-damage|p1b: Baxcalibur|52\/100\n|\n|upkeep\n|turn|6\n|\n|t:|1683922553\n|move|p2b: Chien-Pao|Protect|p2b: Chien-Pao\n|-singleturn|p2b: Chien-Pao|Protect\n|move|p1b: Baxcalibur|Ice Shard|p2b: Chien-Pao\n|-activate|p2b: Chien-Pao|move: Protect\n|\n|-sideend|p1: TGH_sr|move: Tailwind\n|upkeep\n|turn|7\n|\n|t:|1683922559\n|move|p2b: Chien-Pao|Sucker Punch|p1b: Baxcalibur\n|-damage|p1b: Baxcalibur|13\/100\n|move|p1b: Baxcalibur|Ice Shard|p2b: Chien-Pao\n|-resisted|p2b: Chien-Pao\n|-damage|p2b: Chien-Pao|0 fnt\n|faint|p2b: Chien-Pao\n|\n|win|TGH_sr\n|raw|TGH_sr's rating: 1261 → 1281<\/strong> (+20 for winning)\n|raw|Shiro1x's rating: 1184 → 1164<\/strong> (-20 for losing)\n|l|\u2606Shiro1x\n","uploadtime":1683922570,"views":16,"p1id":"tghsr","p2id":"shiro1x","formatid":"gen9vgc2023regulationc","rating":1164,"private":0,"password":""}