{"id":"gen9vgc2023regulationc-1853415970","p1":"BigSteveVGC","p2":"zihengpeiyu","format":"[Gen 9] VGC 2023 Regulation C","log":"|j|\u2606BigSteveVGC\n|j|\u2606zihengpeiyu\n|t:|1682682453\n|gametype|doubles\n|player|p1|BigSteveVGC|2|1336\n|player|p2|zihengpeiyu|dawn|1386\n|teamsize|p1|6\n|teamsize|p2|6\n|gen|9\n|tier|[Gen 9] VGC 2023 Regulation C\n|rated|\n|rule|Species Clause: Limit one of each Pok\u00e9mon\n|rule|Item Clause: Limit one of each item\n|clearpoke\n|poke|p1|Scream Tail, L50|\n|poke|p1|Flutter Mane, L50|\n|poke|p1|Chi-Yu, L50|\n|poke|p1|Great Tusk, L50|\n|poke|p1|Kingambit, L50, F|\n|poke|p1|Gastrodon-East, L50, F|\n|poke|p2|Chien-Pao, L50|\n|poke|p2|Gyarados, L50, M|\n|poke|p2|Ting-Lu, L50|\n|poke|p2|Dragonite, L50, M|\n|poke|p2|Flutter Mane, L50|\n|poke|p2|Maushold-Four, L50|\n|teampreview|4\n|inactive|Battle timer is ON: inactive players will automatically lose when time's up. (requested by zihengpeiyu)\n|inactive|BigSteveVGC has 60 seconds left.\n|\n|t:|1682682508\n|start\n|switch|p1a: Great Tusk|Great Tusk, L50|100\/100\n|switch|p1b: Kingambit|Kingambit, L50, F|100\/100\n|switch|p2a: Gyarados|Gyarados, L50, M|100\/100\n|switch|p2b: Ting-Lu|Ting-Lu, L50|100\/100\n|-ability|p2a: Gyarados|Intimidate|boost\n|-unboost|p1a: Great Tusk|atk|1\n|-unboost|p1b: Kingambit|atk|1\n|-ability|p1b: Kingambit|Defiant|boost\n|-boost|p1b: Kingambit|atk|2\n|-ability|p2b: Ting-Lu|Vessel of Ruin\n|turn|1\n|inactive|BigSteveVGC has 30 seconds left.\n|inactive|BigSteveVGC has 20 seconds left.\n|inactive|BigSteveVGC has 15 seconds left.\n|\n|t:|1682682550\n|-end|p1a: Great Tusk|Protosynthesis|[silent]\n|switch|p1a: Flutter Mane|Flutter Mane, L50|100\/100\n|-terastallize|p1b: Kingambit|Flying\n|move|p2a: Gyarados|Thunder Wave|p1b: Kingambit\n|-status|p1b: Kingambit|par\n|move|p2b: Ting-Lu|Ruination|p1b: Kingambit\n|-damage|p1b: Kingambit|51\/100 par\n|move|p1b: Kingambit|Kowtow Cleave|p2a: Gyarados\n|-damage|p2a: Gyarados|17\/100\n|\n|upkeep\n|turn|2\n|\n|t:|1682682574\n|move|p1b: Kingambit|Sucker Punch|p2b: Ting-Lu\n|-resisted|p2b: Ting-Lu\n|-crit|p2b: Ting-Lu\n|-damage|p2b: Ting-Lu|76\/100\n|move|p1a: Flutter Mane|Dazzling Gleam|p2a: Gyarados|[spread] p2a,p2b\n|-supereffective|p2b: Ting-Lu\n|-damage|p2a: Gyarados|2\/100\n|-damage|p2b: Ting-Lu|52\/100\n|move|p2a: Gyarados|Thunder Wave|p1a: Flutter Mane|[miss]\n|-miss|p2a: Gyarados|p1a: Flutter Mane\n|move|p2b: Ting-Lu|Earthquake|p1a: Flutter Mane|[spread] p1a\n|-immune|p2a: Gyarados\n|-immune|p1b: Kingambit\n|-damage|p1a: Flutter Mane|24\/100\n|\n|upkeep\n|turn|3\n|inactive|BigSteveVGC has 30 seconds left.\n|inactive|zihengpeiyu has 30 seconds left.\n|inactive|BigSteveVGC has 20 seconds left.\n|inactive|zihengpeiyu has 20 seconds left.\n|inactive|BigSteveVGC has 15 seconds left.\n|\n|t:|1682682617\n|-terastallize|p2b: Ting-Lu|Poison\n|move|p2a: Gyarados|Protect|p2a: Gyarados\n|-singleturn|p2a: Gyarados|Protect\n|move|p1b: Kingambit|Sucker Punch|p2b: Ting-Lu\n|-damage|p2b: Ting-Lu|20\/100\n|move|p1a: Flutter Mane|Moonblast|p2b: Ting-Lu\n|-resisted|p2b: Ting-Lu\n|-damage|p2b: Ting-Lu|10\/100\n|move|p2b: Ting-Lu|Stomping Tantrum|p1a: Flutter Mane\n|-damage|p1a: Flutter Mane|0 fnt\n|faint|p1a: Flutter Mane\n|-end|p1a: Flutter Mane|Protosynthesis|[silent]\n|\n|upkeep\n|\n|t:|1682682633\n|switch|p1a: Great Tusk|Great Tusk, L50|100\/100\n|turn|4\n|\n|t:|1682682651\n|move|p1a: Great Tusk|Rock Slide|p2b: Ting-Lu|[spread] p2a,p2b\n|-supereffective|p2a: Gyarados\n|-damage|p2a: Gyarados|0 fnt\n|-damage|p2b: Ting-Lu|0 fnt\n|faint|p2a: Gyarados\n|faint|p2b: Ting-Lu\n|move|p1b: Kingambit|Tera Blast|p2: Gyarados|[notarget]\n|-fail|p1b: Kingambit\n|\n|upkeep\n|\n|t:|1682682655\n|switch|p2a: Chien-Pao|Chien-Pao, L50|100\/100\n|switch|p2b: Dragonite|Dragonite, L50, M|100\/100\n|-ability|p2a: Chien-Pao|Sword of Ruin\n|turn|5\n|\n|t:|1682682677\n|move|p2b: Dragonite|Extreme Speed|p1a: Great Tusk\n|-damage|p1a: Great Tusk|50\/100\n|move|p1b: Kingambit|Sucker Punch|p2a: Chien-Pao\n|-resisted|p2a: Chien-Pao\n|-damage|p2a: Chien-Pao|57\/100\n|move|p1a: Great Tusk|Rock Slide|p2a: Chien-Pao|[spread] p2a,p2b\n|-supereffective|p2a: Chien-Pao\n|-supereffective|p2b: Dragonite\n|-damage|p2a: Chien-Pao|7\/100\n|-damage|p2b: Dragonite|69\/100\n|move|p2a: Chien-Pao|Ice Spinner|p1a: Great Tusk\n|-supereffective|p1a: Great Tusk\n|-damage|p1a: Great Tusk|0 fnt\n|faint|p1a: Great Tusk\n|-end|p1a: Great Tusk|Protosynthesis|[silent]\n|\n|upkeep\n|\n|t:|1682682692\n|switch|p1a: Scream Tail|Scream Tail, L50, shiny|100\/100\n|-enditem|p1a: Scream Tail|Booster Energy\n|-activate|p1a: Scream Tail|ability: Protosynthesis|[fromitem]\n|-start|p1a: Scream Tail|protosynthesisspe\n|turn|6\n|\n|t:|1682682707\n|move|p1a: Scream Tail|Protect|p1a: Scream Tail\n|-singleturn|p1a: Scream Tail|Protect\n|move|p2a: Chien-Pao|Protect|p2a: Chien-Pao\n|-singleturn|p2a: Chien-Pao|Protect\n|move|p2b: Dragonite|Extreme Speed|p1b: Kingambit\n|-damage|p1b: Kingambit|2\/100 par\n|move|p1b: Kingambit|Sucker Punch||[still]\n|-fail|p1b: Kingambit\n|\n|upkeep\n|turn|7\n|\n|t:|1682682727\n|move|p2b: Dragonite|Extreme Speed|p1b: Kingambit\n|-damage|p1b: Kingambit|0 fnt\n|faint|p1b: Kingambit\n|move|p1a: Scream Tail|Dazzling Gleam|p2b: Dragonite|[spread] p2a,p2b\n|-supereffective|p2a: Chien-Pao\n|-supereffective|p2b: Dragonite\n|-damage|p2a: Chien-Pao|0 fnt\n|-damage|p2b: Dragonite|43\/100\n|faint|p2a: Chien-Pao\n|\n|upkeep\n|turn|8\n|c|\u2606zihengpeiyu|gg\n|\n|t:|1682682746\n|move|p2b: Dragonite|Extreme Speed|p1a: Scream Tail\n|-damage|p1a: Scream Tail|62\/100\n|move|p1a: Scream Tail|Disable|p2b: Dragonite\n|-start|p2b: Dragonite|Disable|Extreme Speed\n|\n|upkeep\n|turn|9\n|\n|t:|1682682755\n|move|p1a: Scream Tail|Encore|p2b: Dragonite\n|-start|p2b: Dragonite|Encore\n|-activate|p2b: Dragonite|move: Struggle\n|move|p2b: Dragonite|Struggle|p1a: Scream Tail\n|-damage|p1a: Scream Tail|36\/100\n|-damage|p2b: Dragonite|17\/100|[from] recoil\n|\n|upkeep\n|turn|10\n|-message|zihengpeiyu forfeited.\n|\n|win|BigSteveVGC\n|raw|BigSteveVGC's rating: 1336 → 1359<\/strong> (+23 for winning)\n|raw|zihengpeiyu's rating: 1386 → 1363<\/strong> (-23 for losing)\n|l|\u2606zihengpeiyu\n","uploadtime":1682682797,"views":12,"p1id":"bigstevevgc","p2id":"zihengpeiyu","formatid":"gen9vgc2023regulationc","rating":1359,"private":0,"password":""}