{"id":"gen9vgc2023regulationc-1861103573","p1":"DarthIgnus","p2":"Mandrokor94","format":"[Gen 9] VGC 2023 Regulation C","log":"|j|\u2606DarthIgnus\n|j|\u2606Mandrokor94\n|t:|1683726845\n|gametype|doubles\n|player|p1|DarthIgnus|dragontamer|1352\n|player|p2|Mandrokor94|ghetsis-gen5bw|1299\n|teamsize|p1|6\n|teamsize|p2|6\n|gen|9\n|tier|[Gen 9] VGC 2023 Regulation C\n|rated|\n|rule|Species Clause: Limit one of each Pok\u00e9mon\n|rule|Item Clause: Limit one of each item\n|clearpoke\n|poke|p1|Orthworm, L50, F|\n|poke|p1|Flutter Mane, L50|\n|poke|p1|Dragonite, L50, F|\n|poke|p1|Ting-Lu, L50|\n|poke|p1|Baxcalibur, L50, F|\n|poke|p1|Gyarados, L50, M|\n|poke|p2|Gyarados, L50, M|\n|poke|p2|Ting-Lu, L50|\n|poke|p2|Iron Hands, L50|\n|poke|p2|Mimikyu, L50, F|\n|poke|p2|Tyranitar, L50, F|\n|poke|p2|Iron Moth, L50|\n|teampreview|4\n|inactive|Battle timer is ON: inactive players will automatically lose when time's up. (requested by Mandrokor94)\nDarthIgnus has agreed to open team sheets.\nMandrokor94 has agreed to open team sheets.\n|inactive|DarthIgnus has 60 seconds left.\n|inactive|DarthIgnus has 30 seconds left.\n|\n|t:|1683726943\n|start\n|switch|p1a: Dragonite|Dragonite, L50, F|100\/100\n|switch|p1b: Orthworm|Orthworm, L50, F|100\/100\n|switch|p2a: Iron Hands|Iron Hands, L50|100\/100\n|switch|p2b: Iron Moth|Iron Moth, L50|100\/100\n|-enditem|p2b: Iron Moth|Booster Energy\n|-activate|p2b: Iron Moth|ability: Quark Drive|[fromitem]\n|-start|p2b: Iron Moth|quarkdrivespa\n|turn|1\n|\n|t:|1683726959\n|-terastallize|p1b: Orthworm|Fire\n|move|p2a: Iron Hands|Fake Out|p1a: Dragonite\n|-damage|p1a: Dragonite|92\/100\n|move|p2b: Iron Moth|Heat Wave|p1a: Dragonite|[spread] p1a,p1b\n|-resisted|p1a: Dragonite\n|-resisted|p1b: Orthworm\n|-damage|p1a: Dragonite|67\/100\n|-damage|p1b: Orthworm|70\/100\n|cant|p1a: Dragonite|flinch\n|move|p1b: Orthworm|Iron Defense|p1b: Orthworm\n|-boost|p1b: Orthworm|def|2\n|\n|upkeep\n|turn|2\n|inactive|DarthIgnus has 30 seconds left.\n|inactive|Mandrokor94 has 30 seconds left.\n|inactive|DarthIgnus has 20 seconds left.\n|inactive|Mandrokor94 has 20 seconds left.\n|\n|t:|1683726997\n|-end|p2b: Iron Moth|Quark Drive|[silent]\n|switch|p2b: Gyarados|Gyarados, L50, M, shiny|100\/100\n|-ability|p2b: Gyarados|Intimidate|boost\n|-unboost|p1a: Dragonite|atk|1\n|-unboost|p1b: Orthworm|atk|1\n|move|p1a: Dragonite|Earthquake|p2b: Gyarados|[spread] p2a\n|-heal|p1b: Orthworm|95\/100|[from] ability: Earth Eater|[of] p1a: Dragonite\n|-immune|p2b: Gyarados\n|-supereffective|p2a: Iron Hands\n|-damage|p2a: Iron Hands|78\/100\n|move|p1b: Orthworm|Body Press|p2a: Iron Hands\n|-damage|p2a: Iron Hands|39\/100\n|move|p2a: Iron Hands|Drain Punch|p1b: Orthworm\n|-damage|p1b: Orthworm|78\/100\n|-heal|p2a: Iron Hands|44\/100|[from] drain|[of] p1b: Orthworm\n|\n|upkeep\n|turn|3\n|inactive|DarthIgnus has 30 seconds left.\n|inactive|Mandrokor94 has 30 seconds left.\n|inactive|DarthIgnus has 20 seconds left.\n|inactive|Mandrokor94 has 20 seconds left.\n|inactive|DarthIgnus has 15 seconds left.\n|inactive|DarthIgnus has 10 seconds left.\n|\n|t:|1683727047\n|move|p2b: Gyarados|Thunder Wave|p1b: Orthworm\n|-status|p1b: Orthworm|par\n|move|p1a: Dragonite|Earthquake|p2a: Iron Hands|[spread] p2a\n|-heal|p1b: Orthworm|100\/100 par|[from] ability: Earth Eater|[of] p1a: Dragonite\n|-immune|p2b: Gyarados\n|-supereffective|p2a: Iron Hands\n|-damage|p2a: Iron Hands|24\/100\n|move|p2a: Iron Hands|Wild Charge|p1a: Dragonite\n|-damage|p1a: Dragonite|15\/100\n|-damage|p2a: Iron Hands|15\/100|[from] Recoil\n|move|p1b: Orthworm|Body Press|p2a: Iron Hands\n|-damage|p2a: Iron Hands|0 fnt\n|faint|p2a: Iron Hands\n|-end|p2a: Iron Hands|Quark Drive|[silent]\n|\n|upkeep\n|\n|t:|1683727062\n|switch|p2a: Tyranitar|Tyranitar, L50, F|100\/100\n|-weather|Sandstorm|[from] ability: Sand Stream|[of] p2a: Tyranitar\n|turn|4\n|inactive|DarthIgnus has 30 seconds left.\n|\n|t:|1683727094\n|-terastallize|p2a: Tyranitar|Flying\n|move|p1a: Dragonite|Extreme Speed|p2a: Tyranitar\n|-damage|p2a: Tyranitar|86\/100\n|move|p2b: Gyarados|Iron Head|p1a: Dragonite\n|-damage|p1a: Dragonite|0 fnt\n|faint|p1a: Dragonite\n|move|p2a: Tyranitar|Rock Slide|p1b: Orthworm\n|-supereffective|p1b: Orthworm\n|-damage|p1b: Orthworm|71\/100 par\n|cant|p1b: Orthworm|par\n|\n|-weather|Sandstorm|[upkeep]\n|-damage|p2b: Gyarados|94\/100|[from] Sandstorm\n|-damage|p2a: Tyranitar|80\/100|[from] Sandstorm\n|-damage|p1b: Orthworm|66\/100 par|[from] Sandstorm\n|upkeep\n|\n|t:|1683727108\n|switch|p1a: Ting-Lu|Ting-Lu, L50|100\/100\n|-ability|p1a: Ting-Lu|Vessel of Ruin\n|turn|5\n|\n|t:|1683727130\n|switch|p1b: Gyarados|Gyarados, L50, M|100\/100\n|-ability|p1b: Gyarados|Intimidate|boost\n|-unboost|p2a: Tyranitar|atk|1\n|-unboost|p2b: Gyarados|atk|1\n|move|p2b: Gyarados|Waterfall|p1a: Ting-Lu\n|-supereffective|p1a: Ting-Lu\n|-damage|p1a: Ting-Lu|67\/100\n|move|p1a: Ting-Lu|Rock Slide|p2b: Gyarados|[spread] p2a,p2b\n|-supereffective|p2a: Tyranitar\n|-supereffective|p2b: Gyarados\n|-damage|p2a: Tyranitar|41\/100\n|-damage|p2b: Gyarados|39\/100\n|-enditem|p2b: Gyarados|Sitrus Berry|[eat]\n|-heal|p2b: Gyarados|64\/100|[from] item: Sitrus Berry\n|move|p2a: Tyranitar|Rock Slide|p1b: Gyarados|[spread] p1a,p1b\n|-resisted|p1a: Ting-Lu\n|-crit|p1a: Ting-Lu\n|-supereffective|p1b: Gyarados\n|-damage|p1a: Ting-Lu|52\/100\n|-damage|p1b: Gyarados|58\/100\n|\n|-weather|Sandstorm|[upkeep]\n|-damage|p2b: Gyarados|58\/100|[from] Sandstorm\n|-damage|p2a: Tyranitar|35\/100|[from] Sandstorm\n|upkeep\n|turn|6\n|inactive|Mandrokor94 has 30 seconds left.\n|inactive|Mandrokor94 has 20 seconds left.\n|inactive|Mandrokor94 has 15 seconds left.\n|inactive|Mandrokor94 has 10 seconds left.\n|\n|t:|1683727180\n|move|p2b: Gyarados|Waterfall|p1a: Ting-Lu\n|-supereffective|p1a: Ting-Lu\n|-damage|p1a: Ting-Lu|18\/100\n|move|p1b: Gyarados|Thunder Wave|p2b: Gyarados\n|-status|p2b: Gyarados|par\n|cant|p1a: Ting-Lu|flinch\n|move|p2a: Tyranitar|Rock Slide|p1a: Ting-Lu|[spread] p1a,p1b\n|-resisted|p1a: Ting-Lu\n|-supereffective|p1b: Gyarados\n|-damage|p1a: Ting-Lu|11\/100\n|-damage|p1b: Gyarados|16\/100\n|\n|-weather|Sandstorm|[upkeep]\n|-damage|p2a: Tyranitar|29\/100|[from] Sandstorm\n|-damage|p2b: Gyarados|52\/100 par|[from] Sandstorm\n|upkeep\n|turn|7\n|\n|t:|1683727198\n|move|p1b: Gyarados|Waterfall|p2b: Gyarados\n|-resisted|p2b: Gyarados\n|-damage|p2b: Gyarados|31\/100 par\n|move|p1a: Ting-Lu|Rock Slide|p2a: Tyranitar|[spread] p2a\n|-miss|p1a: Ting-Lu|p2b: Gyarados\n|-supereffective|p2a: Tyranitar\n|-damage|p2a: Tyranitar|0 fnt\n|faint|p2a: Tyranitar\n|move|p2b: Gyarados|Waterfall|p1a: Ting-Lu\n|-supereffective|p1a: Ting-Lu\n|-damage|p1a: Ting-Lu|0 fnt\n|faint|p1a: Ting-Lu\n|\n|-weather|Sandstorm|[upkeep]\n|-damage|p2b: Gyarados|25\/100 par|[from] Sandstorm\n|upkeep\n|\n|t:|1683727212\n|switch|p1a: Orthworm|Orthworm, L50, F, tera:Fire|66\/100 par\n|switch|p2a: Iron Moth|Iron Moth, L50|100\/100\n|turn|8\n|\n|t:|1683727229\n|move|p2a: Iron Moth|Heat Wave|p1a: Orthworm|[spread] p1a,p1b\n|-resisted|p1a: Orthworm\n|-crit|p1a: Orthworm\n|-resisted|p1b: Gyarados\n|-damage|p1a: Orthworm|30\/100 par\n|-damage|p1b: Gyarados|1\/100\n|-status|p1b: Gyarados|brn\n|-enditem|p1a: Orthworm|Sitrus Berry|[eat]\n|-heal|p1a: Orthworm|55\/100 par|[from] item: Sitrus Berry\n|move|p1b: Gyarados|Bulldoze|p2b: Gyarados|[spread] p2a\n|-heal|p1a: Orthworm|80\/100 par|[from] ability: Earth Eater|[of] p1b: Gyarados\n|-immune|p2b: Gyarados\n|-supereffective|p2a: Iron Moth\n|-damage|p2a: Iron Moth|55\/100\n|-unboost|p2a: Iron Moth|spe|1\n|move|p2b: Gyarados|Waterfall|p1a: Orthworm\n|-supereffective|p1a: Orthworm\n|-damage|p1a: Orthworm|45\/100 par\n|move|p1a: Orthworm|Body Press|p2a: Iron Moth\n|-resisted|p2a: Iron Moth\n|-damage|p2a: Iron Moth|30\/100\n|\n|-weather|none\n|-damage|p1b: Gyarados|0 fnt|[from] brn\n|faint|p1b: Gyarados\n|upkeep\n|turn|9\n|inactive|DarthIgnus has 30 seconds left.\n|\n|t:|1683727255\n|move|p2a: Iron Moth|Heat Wave|p1a: Orthworm\n|-resisted|p1a: Orthworm\n|-damage|p1a: Orthworm|14\/100 par\n|cant|p2b: Gyarados|par\n|move|p1a: Orthworm|Body Press|p2b: Gyarados\n|-resisted|p2b: Gyarados\n|-damage|p2b: Gyarados|8\/100 par\n|\n|upkeep\n|turn|10\n|\n|t:|1683727265\n|move|p2a: Iron Moth|Heat Wave|p1a: Orthworm\n|-resisted|p1a: Orthworm\n|-damage|p1a: Orthworm|0 fnt\n|faint|p1a: Orthworm\n|\n|win|Mandrokor94\n|raw|DarthIgnus's rating: 1352 → 1329<\/strong> (-23 for losing)\n|raw|Mandrokor94's rating: 1299 → 1328<\/strong> (+29 for winning)\n","uploadtime":1683727270,"views":19,"p1id":"darthignus","p2id":"mandrokor94","formatid":"gen9vgc2023regulationc","rating":1328,"private":0,"password":""}