{"id":"gen9vgc2023regulationc-1845280492","p1":"tangarang27","p2":"tumorcio","format":"[Gen 9] VGC 2023 Regulation C","log":"|j|\u2606tangarang27\n|j|\u2606tumorcio\n|t:|1681706886\n|gametype|doubles\n|player|p1|tangarang27|2|1142\n|player|p2|tumorcio|101|1161\n|teamsize|p1|6\n|teamsize|p2|6\n|gen|9\n|tier|[Gen 9] VGC 2023 Regulation C\n|rated|\n|rule|Species Clause: Limit one of each Pok\u00e9mon\n|rule|Item Clause: Limit one of each item\n|clearpoke\n|poke|p1|Flutter Mane, L50|\n|poke|p1|Goodra, L50, M|\n|poke|p1|Chien-Pao, L50|\n|poke|p1|Talonflame, L50, M|\n|poke|p1|Gyarados, L50, M|\n|poke|p1|Farigiraf, L50, F|\n|poke|p2|Flutter Mane, L50|\n|poke|p2|Arcanine, L50, M|\n|poke|p2|Iron Hands, L50|\n|poke|p2|Amoonguss, L50, M|\n|poke|p2|Chien-Pao, L50|\n|poke|p2|Palafin, L50, F|\n|teampreview|4\n|inactive|Battle timer is ON: inactive players will automatically lose when time's up. (requested by tumorcio)\n|inactive|tangarang27 has 60 seconds left.\n|inactive|tumorcio has 60 seconds left.\n|inactive|tumorcio has 30 seconds left.\n|inactive|tumorcio has 20 seconds left.\n|inactive|tumorcio has 15 seconds left.\n|inactive|tumorcio has 10 seconds left.\n|\n|t:|1681706970\n|start\n|switch|p1a: Goodra|Goodra, L50, M|100\/100\n|switch|p1b: Talonflame|Talonflame, L50, M|100\/100\n|switch|p2a: Arcanine|Arcanine, L50, M|100\/100\n|switch|p2b: Iron Hands|Iron Hands, L50|100\/100\n|-ability|p2a: Arcanine|Intimidate|boost\n|-unboost|p1a: Goodra|atk|1\n|-unboost|p1b: Talonflame|atk|1\n|turn|1\n|inactive|tangarang27 has 30 seconds left.\n|inactive|tumorcio has 30 seconds left.\n|inactive|tangarang27 has 20 seconds left.\n|\n|t:|1681707007\n|move|p1b: Talonflame|Will-O-Wisp|p2b: Iron Hands\n|-status|p2b: Iron Hands|brn\n|move|p2a: Arcanine|Howl|p2a: Arcanine|[spread] p2a,p2b\n|-boost|p2a: Arcanine|atk|1\n|-boost|p2b: Iron Hands|atk|1\n|move|p1a: Goodra|Muddy Water|p2b: Iron Hands|[spread] p2a,p2b\n|-supereffective|p2a: Arcanine\n|-damage|p2a: Arcanine|53\/100\n|-damage|p2b: Iron Hands|90\/100 brn\n|move|p2b: Iron Hands|Drain Punch|p1a: Goodra\n|-damage|p1a: Goodra|63\/100\n|-heal|p2b: Iron Hands|100\/100 brn|[from] drain|[of] p1a: Goodra\n|\n|-damage|p2b: Iron Hands|95\/100 brn|[from] brn\n|upkeep\n|turn|2\n|inactive|tangarang27 has 30 seconds left.\n|inactive|tumorcio has 30 seconds left.\n|\n|t:|1681707036\n|switch|p1b: Gyarados|Gyarados, L50, M|100\/100\n|-ability|p1b: Gyarados|Intimidate|boost\n|-unboost|p2a: Arcanine|atk|1\n|-unboost|p2b: Iron Hands|atk|1\n|move|p2a: Arcanine|Protect|p2a: Arcanine\n|-singleturn|p2a: Arcanine|Protect\n|move|p1a: Goodra|Muddy Water|p2b: Iron Hands|[spread] p2b\n|-activate|p2a: Arcanine|move: Protect\n|-damage|p2b: Iron Hands|83\/100 brn\n|move|p2b: Iron Hands|Drain Punch|p1a: Goodra\n|-damage|p1a: Goodra|39\/100\n|-heal|p2b: Iron Hands|93\/100 brn|[from] drain|[of] p1a: Goodra\n|\n|-damage|p2b: Iron Hands|87\/100 brn|[from] brn\n|upkeep\n|turn|3\n|\n|t:|1681707059\n|switch|p2a: Amoonguss|Amoonguss, L50, M|100\/100\n|-terastallize|p1b: Gyarados|Steel\n|move|p1a: Goodra|Protect|p1a: Goodra\n|-singleturn|p1a: Goodra|Protect\n|move|p1b: Gyarados|Earthquake|p2a: Amoonguss|[spread] p2a,p2b\n|-activate|p1a: Goodra|move: Protect\n|-supereffective|p2b: Iron Hands\n|-damage|p2a: Amoonguss|78\/100\n|-damage|p2b: Iron Hands|48\/100 brn\n|move|p2b: Iron Hands|Volt Switch|p1b: Gyarados\n|-damage|p1b: Gyarados|88\/100\n|\n|t:|1681707080\n|-end|p2b: Iron Hands|Quark Drive|[silent]\n|switch|p2b: Arcanine|Arcanine, L50, M|53\/100|[from] Volt Switch\n|-ability|p2b: Arcanine|Intimidate|boost\n|-unboost|p1a: Goodra|atk|1\n|-unboost|p1b: Gyarados|atk|1\n|\n|upkeep\n|turn|4\n|inactive|tumorcio has 30 seconds left.\n|inactive|tumorcio has 20 seconds left.\n|inactive|tumorcio has 15 seconds left.\n|\n|t:|1681707124\n|switch|p1b: Talonflame|Talonflame, L50, M|100\/100\n|switch|p2a: Iron Hands|Iron Hands, L50|48\/100 brn\n|move|p2b: Arcanine|Flare Blitz|p1b: Talonflame\n|-resisted|p1b: Talonflame\n|-damage|p1b: Talonflame|63\/100\n|-damage|p2b: Arcanine|43\/100|[from] Recoil\n|move|p1a: Goodra|Muddy Water|p2b: Arcanine|[spread] p2a,p2b\n|-supereffective|p2b: Arcanine\n|-damage|p2a: Iron Hands|35\/100 brn\n|-damage|p2b: Arcanine|0 fnt\n|faint|p2b: Arcanine\n|\n|-damage|p2a: Iron Hands|29\/100 brn|[from] brn\n|upkeep\n|\n|t:|1681707139\n|switch|p2b: Flutter Mane|Flutter Mane, L50|100\/100\n|-enditem|p2b: Flutter Mane|Booster Energy\n|-activate|p2b: Flutter Mane|ability: Protosynthesis|[fromitem]\n|-start|p2b: Flutter Mane|protosynthesisspa\n|turn|5\n|\n|t:|1681707159\n|move|p1b: Talonflame|Protect|p1b: Talonflame\n|-singleturn|p1b: Talonflame|Protect\n|move|p1a: Goodra|Protect|p1a: Goodra\n|-singleturn|p1a: Goodra|Protect\n|move|p2b: Flutter Mane|Moonblast|p1a: Goodra\n|-activate|p1a: Goodra|move: Protect\n|move|p2a: Iron Hands|Volt Switch|p1b: Talonflame\n|-activate|p1b: Talonflame|move: Protect\n|\n|-damage|p2a: Iron Hands|24\/100 brn|[from] brn\n|upkeep\n|turn|6\n|\n|t:|1681707176\n|move|p1b: Talonflame|Tailwind|p1b: Talonflame\n|-sidestart|p1: tangarang27|move: Tailwind\n|move|p1a: Goodra|Muddy Water|p2a: Iron Hands|[spread] p2b\n|-miss|p1a: Goodra|p2a: Iron Hands\n|-damage|p2b: Flutter Mane|81\/100\n|move|p2b: Flutter Mane|Moonblast|p1a: Goodra\n|-supereffective|p1a: Goodra\n|-crit|p1a: Goodra\n|-enditem|p1a: Goodra|Roseli Berry|[eat]\n|-enditem|p1a: Goodra|Roseli Berry|[weaken]\n|-damage|p1a: Goodra|0 fnt\n|faint|p1a: Goodra\n|move|p2a: Iron Hands|Volt Switch|p1b: Talonflame\n|-supereffective|p1b: Talonflame\n|-damage|p1b: Talonflame|23\/100\n|\n|t:|1681707190\n|-end|p2a: Iron Hands|Quark Drive|[silent]\n|switch|p2a: Amoonguss|Amoonguss, L50, M|100\/100|[from] Volt Switch\n|\n|upkeep\n|\n|t:|1681707196\n|switch|p1a: Flutter Mane|Flutter Mane, L50|100\/100\n|-enditem|p1a: Flutter Mane|Booster Energy\n|-activate|p1a: Flutter Mane|ability: Protosynthesis|[fromitem]\n|-start|p1a: Flutter Mane|protosynthesisspe\n|turn|7\n|inactive|tumorcio has 30 seconds left.\n|\n|t:|1681707221\n|move|p2b: Flutter Mane|Protect|p2b: Flutter Mane\n|-singleturn|p2b: Flutter Mane|Protect\n|move|p2a: Amoonguss|Protect|p2a: Amoonguss\n|-singleturn|p2a: Amoonguss|Protect\n|move|p1a: Flutter Mane|Mystical Fire|p2b: Flutter Mane\n|-activate|p2b: Flutter Mane|move: Protect\n|move|p1b: Talonflame|Brave Bird|p2a: Amoonguss\n|-activate|p2a: Amoonguss|move: Protect\n|\n|upkeep\n|turn|8\n|\n|t:|1681707243\n|-terastallize|p2a: Amoonguss|Water\n|move|p2a: Amoonguss|Rage Powder|p2a: Amoonguss\n|-singleturn|p2a: Amoonguss|move: Rage Powder\n|move|p1a: Flutter Mane|Mystical Fire|p2a: Amoonguss\n|-resisted|p2a: Amoonguss\n|-damage|p2a: Amoonguss|88\/100\n|-unboost|p2a: Amoonguss|spa|1\n|move|p1b: Talonflame|Brave Bird|p2a: Amoonguss\n|-damage|p2a: Amoonguss|48\/100\n|-damage|p1b: Talonflame|6\/100|[from] item: Rocky Helmet|[of] p2a: Amoonguss\n|-damage|p1b: Talonflame|0 fnt|[from] Recoil\n|faint|p1b: Talonflame\n|move|p2b: Flutter Mane|Shadow Ball|p1a: Flutter Mane\n|-supereffective|p1a: Flutter Mane\n|-damage|p1a: Flutter Mane|0 fnt\n|faint|p1a: Flutter Mane\n|-end|p1a: Flutter Mane|Protosynthesis|[silent]\n|\n|upkeep\n|\n|t:|1681707263\n|switch|p1a: Gyarados|Gyarados, L50, M, tera:Steel|88\/100\n|-ability|p1a: Gyarados|Intimidate|boost\n|-unboost|p2a: Amoonguss|atk|1\n|-unboost|p2b: Flutter Mane|atk|1\n|turn|9\n|\n|t:|1681707275\n|move|p2b: Flutter Mane|Protect|p2b: Flutter Mane\n|-singleturn|p2b: Flutter Mane|Protect\n|move|p1a: Gyarados|Iron Head|p2b: Flutter Mane\n|-activate|p2b: Flutter Mane|move: Protect\n|move|p2a: Amoonguss|Spore|p1a: Gyarados\n|-activate|p1a: Gyarados|item: Safety Goggles|Spore\n|\n|-sideend|p1: tangarang27|move: Tailwind\n|upkeep\n|turn|10\n|\n|t:|1681707299\n|move|p2b: Flutter Mane|Shadow Ball|p1a: Gyarados\n|-damage|p1a: Gyarados|40\/100\n|-unboost|p1a: Gyarados|spd|1\n|move|p1a: Gyarados|Iron Head|p2b: Flutter Mane\n|-supereffective|p2b: Flutter Mane\n|-damage|p2b: Flutter Mane|0 fnt\n|faint|p2b: Flutter Mane\n|-end|p2b: Flutter Mane|Protosynthesis|[silent]\n|move|p2a: Amoonguss|Pollen Puff|p2: Flutter Mane|[notarget]\n|-fail|p2a: Amoonguss\n|\n|upkeep\n|\n|t:|1681707305\n|switch|p2b: Iron Hands|Iron Hands, L50|24\/100 brn\n|turn|11\n|\n|t:|1681707314\n|move|p2b: Iron Hands|Fake Out|p1a: Gyarados\n|-resisted|p1a: Gyarados\n|-damage|p1a: Gyarados|36\/100\n|cant|p1a: Gyarados|flinch\n|move|p2a: Amoonguss|Pollen Puff|p2b: Iron Hands\n|-heal|p2b: Iron Hands|73\/100 brn\n|\n|-damage|p2b: Iron Hands|67\/100 brn|[from] brn\n|upkeep\n|turn|12\n|\n|t:|1681707326\n|move|p1a: Gyarados|Earthquake|p2a: Amoonguss|[spread] p2a,p2b\n|-supereffective|p2b: Iron Hands\n|-damage|p2a: Amoonguss|27\/100\n|-damage|p2b: Iron Hands|28\/100 brn\n|move|p2b: Iron Hands|Drain Punch|p1a: Gyarados\n|-supereffective|p1a: Gyarados\n|-damage|p1a: Gyarados|0 fnt\n|-heal|p2b: Iron Hands|42\/100 brn|[from] drain|[of] p1a: Gyarados\n|faint|p1a: Gyarados\n|\n|win|tumorcio\n|raw|tangarang27's rating: 1142 → 1118<\/strong> (-24 for losing)\n|raw|tumorcio's rating: 1161 → 1185<\/strong> (+24 for winning)\n|l|\u2606tangarang27\n","uploadtime":1681707337,"views":5,"p1id":"tangarang27","p2id":"tumorcio","formatid":"gen9vgc2023regulationc","rating":1118,"private":0,"password":""}