{"id":"gen9vgc2023regulationc-1855160086","p1":"jeffee","p2":"goosemaid","format":"[Gen 9] VGC 2023 Regulation C","log":"|j|\u2606jeffee\n|j|\u2606goosemaid\n|t:|1682908675\n|gametype|doubles\n|player|p1|jeffee|riley|1080\n|player|p2|goosemaid|benga|1080\n|teamsize|p1|6\n|teamsize|p2|6\n|gen|9\n|tier|[Gen 9] VGC 2023 Regulation C\n|rated|\n|rule|Species Clause: Limit one of each Pok\u00e9mon\n|rule|Item Clause: Limit one of each item\n|clearpoke\n|poke|p1|Chien-Pao, L50|\n|poke|p1|Gholdengo, L50|\n|poke|p1|Glimmora, L50, M|\n|poke|p1|Amoonguss, L50, F|\n|poke|p1|Hydreigon, L50, F|\n|poke|p1|Maushold-Four, L50|\n|poke|p2|Orthworm, L50, F|\n|poke|p2|Corviknight, L50, M|\n|poke|p2|Meowscarada, L50, F|\n|poke|p2|Rotom-Wash, L50|\n|poke|p2|Chien-Pao, L50|\n|poke|p2|Flutter Mane, L50|\n|teampreview|4\n|inactive|Battle timer is ON: inactive players will automatically lose when time's up. (requested by jeffee)\njeffee has agreed to open team sheets.\n|\n|t:|1682908751\n|start\n|switch|p1a: Amoonguss|Amoonguss, L50, F|100\/100\n|switch|p1b: Glimmora|Glimmora, L50, M|100\/100\n|switch|p2a: Orthworm|Orthworm, L50, F|100\/100\n|switch|p2b: Corviknight|Corviknight, L50, M, shiny|100\/100\n|turn|1\n|\n|t:|1682908769\n|move|p2a: Orthworm|Protect|p2a: Orthworm\n|-singleturn|p2a: Orthworm|Protect\n|move|p2b: Corviknight|Taunt|p1a: Amoonguss\n|-start|p1a: Amoonguss|move: Taunt\n|move|p1b: Glimmora|Stealth Rock|p2a: Orthworm\n|-sidestart|p2: goosemaid|move: Stealth Rock\n|cant|p1a: Amoonguss|move: Taunt|Spore\n|\n|upkeep\n|turn|2\n|inactive|goosemaid has 30 seconds left.\n|\n|t:|1682908801\n|switch|p1a: Hydreigon|Hydreigon, L50, F|100\/100\n|move|p1b: Glimmora|Spiky Shield|p1b: Glimmora\n|-singleturn|p1b: Glimmora|move: Protect\n|move|p2b: Corviknight|Brave Bird|p1a: Hydreigon\n|-damage|p1a: Hydreigon|48\/100\n|-damage|p2b: Corviknight|86\/100|[from] Recoil\n|move|p2a: Orthworm|Heavy Slam|p1b: Glimmora\n|-activate|p1b: Glimmora|move: Protect\n|-damage|p2a: Orthworm|88\/100|[from] Spiky Shield|[of] p1b: Glimmora\n|\n|upkeep\n|turn|3\n|\n|t:|1682908817\n|-terastallize|p1a: Hydreigon|Fire\n|move|p1a: Hydreigon|Flamethrower|p2b: Corviknight\n|-supereffective|p2b: Corviknight\n|-damage|p2b: Corviknight|0 fnt\n|faint|p2b: Corviknight\n|-damage|p1a: Hydreigon|39\/100|[from] item: Life Orb\n|move|p1b: Glimmora|Power Gem|p2a: Orthworm\n|-resisted|p2a: Orthworm\n|-damage|p2a: Orthworm|62\/100\n|move|p2a: Orthworm|Shed Tail|p2a: Orthworm\n|-start|p2a: Orthworm|Substitute|[from] move: Shed Tail\n|-damage|p2a: Orthworm|12\/100\n|-enditem|p2a: Orthworm|Sitrus Berry|[eat]\n|-heal|p2a: Orthworm|37\/100|[from] item: Sitrus Berry\n|\n|t:|1682908832\n|switch|p2a: Flutter Mane|Flutter Mane, L50|100\/100|[from] Shed Tail\n|-damage|p2a: Flutter Mane|88\/100|[from] Stealth Rock\n|\n|-heal|p2a: Flutter Mane|94\/100|[from] item: Leftovers\n|upkeep\n|\n|t:|1682908838\n|switch|p2b: Rotom|Rotom-Wash, L50|100\/100\n|-damage|p2b: Rotom|88\/100|[from] Stealth Rock\n|turn|4\n|\n|t:|1682908861\n|switch|p1a: Amoonguss|Amoonguss, L50, F|100\/100\n|move|p1b: Glimmora|Spiky Shield|p1b: Glimmora\n|-singleturn|p1b: Glimmora|move: Protect\n|move|p2a: Flutter Mane|Moonblast|p1a: Amoonguss\n|-resisted|p1a: Amoonguss\n|-damage|p1a: Amoonguss|79\/100\n|move|p2b: Rotom|Hydro Pump|p1b: Glimmora\n|-activate|p1b: Glimmora|move: Protect\n|\n|-heal|p2a: Flutter Mane|100\/100|[from] item: Leftovers\n|-heal|p1a: Amoonguss|85\/100|[from] item: Leftovers\n|upkeep\n|turn|5\n|\n|t:|1682908881\n|-terastallize|p2b: Rotom|Fire\n|move|p2a: Flutter Mane|Moonblast|p1a: Amoonguss\n|-resisted|p1a: Amoonguss\n|-damage|p1a: Amoonguss|64\/100\n|move|p2b: Rotom|Tera Blast|p1a: Amoonguss\n|-supereffective|p1a: Amoonguss\n|-crit|p1a: Amoonguss\n|-damage|p1a: Amoonguss|0 fnt\n|faint|p1a: Amoonguss\n|move|p1b: Glimmora|Power Gem|p2a: Flutter Mane\n|-end|p2a: Flutter Mane|Substitute\n|\n|upkeep\n|\n|t:|1682908886\n|switch|p1a: Gholdengo|Gholdengo, L50|100\/100\n|turn|6\n|\n|t:|1682908902\n|move|p2a: Flutter Mane|Substitute|p2a: Flutter Mane\n|-start|p2a: Flutter Mane|Substitute\n|-damage|p2a: Flutter Mane|75\/100\n|move|p1a: Gholdengo|Make It Rain|p2b: Rotom|[spread] p2a,p2b\n|-supereffective|p2a: Flutter Mane\n|-end|p2a: Flutter Mane|Substitute\n|-resisted|p2b: Rotom\n|-damage|p2b: Rotom|71\/100\n|-unboost|p1a: Gholdengo|spa|1\n|move|p2b: Rotom|Hydro Pump|p1b: Glimmora\n|-supereffective|p1b: Glimmora\n|-damage|p1b: Glimmora|3\/100\n|move|p1b: Glimmora|Power Gem|p2b: Rotom\n|-supereffective|p2b: Rotom\n|-damage|p2b: Rotom|22\/100\n|\n|-heal|p2a: Flutter Mane|82\/100|[from] item: Leftovers\n|upkeep\n|turn|7\n|\n|t:|1682908923\n|move|p2a: Flutter Mane|Moonblast|p1b: Glimmora\n|-resisted|p1b: Glimmora\n|-crit|p1b: Glimmora\n|-damage|p1b: Glimmora|0 fnt\n|faint|p1b: Glimmora\n|move|p1a: Gholdengo|Make It Rain|p2b: Rotom|[spread] p2a,p2b\n|-supereffective|p2a: Flutter Mane\n|-resisted|p2b: Rotom\n|-damage|p2a: Flutter Mane|29\/100\n|-damage|p2b: Rotom|10\/100\n|-unboost|p1a: Gholdengo|spa|1\n|move|p2b: Rotom|Tera Blast|p1a: Gholdengo\n|-supereffective|p1a: Gholdengo\n|-damage|p1a: Gholdengo|12\/100\n|\n|-heal|p2a: Flutter Mane|35\/100|[from] item: Leftovers\n|upkeep\n|\n|t:|1682908933\n|switch|p1b: Hydreigon|Hydreigon, L50, F, tera:Fire|39\/100\n|turn|8\n|\n|t:|1682908953\n|move|p2a: Flutter Mane|Moonblast|p1b: Hydreigon\n|-resisted|p1b: Hydreigon\n|-crit|p1b: Hydreigon\n|-damage|p1b: Hydreigon|0 fnt\n|faint|p1b: Hydreigon\n|move|p1a: Gholdengo|Make It Rain|p2a: Flutter Mane|[spread] p2a,p2b\n|-supereffective|p2a: Flutter Mane\n|-resisted|p2b: Rotom\n|-damage|p2a: Flutter Mane|0 fnt\n|-damage|p2b: Rotom|1\/100\n|-unboost|p1a: Gholdengo|spa|1\n|faint|p2a: Flutter Mane\n|-end|p2a: Flutter Mane|Protosynthesis|[silent]\n|move|p2b: Rotom|Thunderbolt|p1a: Gholdengo\n|-damage|p1a: Gholdengo|0 fnt\n|faint|p1a: Gholdengo\n|\n|win|goosemaid\n|raw|jeffee's rating: 1080 → 1058<\/strong> (-22 for losing)\n|raw|goosemaid's rating: 1080 → 1108<\/strong> (+28 for winning)\n|c|\u2606jeffee|1 hp lol\n|c|\u2606goosemaid|lol\n|l|\u2606jeffee\n|c|\u2606goosemaid|assult vest on op\n","uploadtime":1682908995,"views":16,"p1id":"jeffee","p2id":"goosemaid","formatid":"gen9vgc2023regulationc","rating":1058,"private":0,"password":""}