{"id":"gen9vgc2023regulationc-1844889740","p1":"WillieDangerously","p2":"Visoredcosplay","format":"[Gen 9] VGC 2023 Regulation C","log":"|j|\u2606WillieDangerously\n|j|\u2606Visoredcosplay\n|t:|1681660861\n|gametype|doubles\n|player|p1|WillieDangerously|psychic-gen4|1322\n|player|p2|Visoredcosplay|266|1259\n|teamsize|p1|6\n|teamsize|p2|6\n|gen|9\n|tier|[Gen 9] VGC 2023 Regulation C\n|rated|\n|rule|Species Clause: Limit one of each Pok\u00e9mon\n|rule|Item Clause: Limit one of each item\n|clearpoke\n|poke|p1|Corviknight, L50, M|\n|poke|p1|Tyranitar, L50, F|\n|poke|p1|Houndstone, L50, M|\n|poke|p1|Amoonguss, L50, F|\n|poke|p1|Iron Bundle, L50|\n|poke|p1|Arcanine, L50, F|\n|poke|p2|Annihilape, L50, M|\n|poke|p2|Flutter Mane, L50|\n|poke|p2|Gyarados, L50, F|\n|poke|p2|Ting-Lu, L50|\n|poke|p2|Indeedee-F, L50, F|\n|poke|p2|Maushold, L50|\n|teampreview|4\nWillieDangerously has agreed to open team sheets.\n|inactive|Battle timer is ON: inactive players will automatically lose when time's up. (requested by Visoredcosplay)\nVisoredcosplay has agreed to open team sheets.\n|inactive|WillieDangerously has 60 seconds left.\n|inactive|Visoredcosplay has 60 seconds left.\n|\n|t:|1681660907\n|start\n|switch|p1a: Amoonguss|Amoonguss, L50, F|100\/100\n|switch|p1b: Iron Bundle|Iron Bundle, L50|100\/100\n|switch|p2a: Flutter Mane|Flutter Mane, L50, shiny|100\/100\n|switch|p2b: Gyarados|Gyarados, L50, F, shiny|100\/100\n|-ability|p2b: Gyarados|Intimidate|boost\n|-unboost|p1a: Amoonguss|atk|1\n|-unboost|p1b: Iron Bundle|atk|1\n|-enditem|p1b: Iron Bundle|Booster Energy\n|-activate|p1b: Iron Bundle|ability: Quark Drive|[fromitem]\n|-start|p1b: Iron Bundle|quarkdrivespe\n|turn|1\n|inactive|WillieDangerously has 30 seconds left.\n|\n|t:|1681660938\n|-terastallize|p2b: Gyarados|Flying\n|move|p1b: Iron Bundle|Protect|p1b: Iron Bundle\n|-singleturn|p1b: Iron Bundle|Protect\n|move|p2a: Flutter Mane|Icy Wind|p1b: Iron Bundle|[spread] \n|-activate|p1b: Iron Bundle|move: Protect\n|-miss|p2a: Flutter Mane|p1a: Amoonguss\n|move|p2b: Gyarados|Tera Blast|p1a: Amoonguss\n|-supereffective|p1a: Amoonguss\n|-damage|p1a: Amoonguss|15\/100\n|move|p1a: Amoonguss|Spore|p2b: Gyarados\n|-status|p2b: Gyarados|slp|[from] move: Spore\n|\n|upkeep\n|turn|2\n|\n|t:|1681660959\n|switch|p1a: Corviknight|Corviknight, L50, M|100\/100\n|move|p1b: Iron Bundle|Icy Wind|p2a: Flutter Mane|[spread] p2a,p2b\n|-supereffective|p2b: Gyarados\n|-damage|p2a: Flutter Mane|81\/100\n|-damage|p2b: Gyarados|65\/100 slp\n|-unboost|p2a: Flutter Mane|spe|1\n|-unboost|p2b: Gyarados|spe|1\n|move|p2a: Flutter Mane|Icy Wind|p1a: Corviknight|[spread] p1a,p1b\n|-resisted|p1b: Iron Bundle\n|-damage|p1a: Corviknight|83\/100\n|-damage|p1b: Iron Bundle|95\/100\n|-ability|p1a: Corviknight|Mirror Armor\n|-unboost|p2a: Flutter Mane|spe|1\n|-unboost|p1b: Iron Bundle|spe|1\n|cant|p2b: Gyarados|slp\n|\n|-heal|p1a: Corviknight|89\/100|[from] item: Leftovers\n|upkeep\n|turn|3\n|inactive|WillieDangerously has 30 seconds left.\n|inactive|WillieDangerously has 20 seconds left.\n|\n|t:|1681660998\n|move|p1b: Iron Bundle|Freeze-Dry|p2b: Gyarados\n|-supereffective|p2b: Gyarados\n|-damage|p2b: Gyarados|13\/100 slp\n|-enditem|p2b: Gyarados|Sitrus Berry|[eat]\n|-heal|p2b: Gyarados|38\/100 slp|[from] item: Sitrus Berry\n|move|p1a: Corviknight|Tailwind|p1a: Corviknight\n|-sidestart|p1: WillieDangerously|move: Tailwind\n|move|p2a: Flutter Mane|Icy Wind|p1b: Iron Bundle|[spread] p1a,p1b\n|-resisted|p1b: Iron Bundle\n|-damage|p1a: Corviknight|72\/100\n|-damage|p1b: Iron Bundle|90\/100\n|-ability|p1a: Corviknight|Mirror Armor\n|-unboost|p2a: Flutter Mane|spe|1\n|-unboost|p1b: Iron Bundle|spe|1\n|cant|p2b: Gyarados|slp\n|\n|-heal|p1a: Corviknight|78\/100|[from] item: Leftovers\n|upkeep\n|turn|4\n|\n|t:|1681661021\n|move|p1b: Iron Bundle|Freeze-Dry|p2b: Gyarados\n|-supereffective|p2b: Gyarados\n|-damage|p2b: Gyarados|0 fnt\n|faint|p2b: Gyarados\n|move|p1a: Corviknight|Iron Head|p2a: Flutter Mane\n|-supereffective|p2a: Flutter Mane\n|-damage|p2a: Flutter Mane|0 fnt\n|faint|p2a: Flutter Mane\n|-end|p2a: Flutter Mane|Protosynthesis|[silent]\n|\n|-heal|p1a: Corviknight|84\/100|[from] item: Leftovers\n|upkeep\n|\n|t:|1681661025\n|switch|p2a: Annihilape|Annihilape, L50, M, shiny|100\/100\n|switch|p2b: Ting-Lu|Ting-Lu, L50|100\/100\n|-ability|p2b: Ting-Lu|Vessel of Ruin\n|turn|5\n|inactive|WillieDangerously has 30 seconds left.\n|inactive|WillieDangerously has 20 seconds left.\n|inactive|WillieDangerously has 15 seconds left.\n|inactive|WillieDangerously has 10 seconds left.\n|\n|t:|1681661072\n|move|p1b: Iron Bundle|Hydro Pump|p2b: Ting-Lu\n|-supereffective|p2b: Ting-Lu\n|-damage|p2b: Ting-Lu|66\/100\n|move|p1a: Corviknight|Brave Bird|p2a: Annihilape\n|-supereffective|p2a: Annihilape\n|-damage|p2a: Annihilape|8\/100\n|-damage|p1a: Corviknight|49\/100|[from] Recoil\n|move|p2a: Annihilape|Bulk Up|p2a: Annihilape\n|-boost|p2a: Annihilape|atk|1\n|-boost|p2a: Annihilape|def|1\n|move|p2b: Ting-Lu|Stomping Tantrum|p1b: Iron Bundle\n|-damage|p1b: Iron Bundle|46\/100\n|\n|-heal|p1a: Corviknight|54\/100|[from] item: Leftovers\n|-heal|p2a: Annihilape|14\/100|[from] item: Leftovers\n|upkeep\n|turn|6\n|-message|Visoredcosplay forfeited.\n|\n|win|WillieDangerously\n|raw|WillieDangerously's rating: 1322 → 1338<\/strong> (+16 for winning)\n|raw|Visoredcosplay's rating: 1259 → 1238<\/strong> (-21 for losing)\n|l|\u2606Visoredcosplay\n","uploadtime":1681661094,"views":14,"p1id":"williedangerously","p2id":"visoredcosplay","formatid":"gen9vgc2023regulationc","rating":1238,"private":0,"password":""}