{"id":"gen9vgc2023regulationc-1852899800","p1":"fissssssssshhhure","p2":"jeffman323","format":"[Gen 9] VGC 2023 Regulation C","log":"|j|\u2606fissssssssshhhure\n|j|\u2606jeffman323\n|t:|1682615692\n|gametype|doubles\n|player|p1|fissssssssshhhure|veteran|1499\n|player|p2|jeffman323|steven|1619\n|teamsize|p1|6\n|teamsize|p2|6\n|gen|9\n|tier|[Gen 9] VGC 2023 Regulation C\n|rated|\n|rule|Species Clause: Limit one of each Pok\u00e9mon\n|rule|Item Clause: Limit one of each item\n|clearpoke\n|poke|p1|Ceruledge, L50, M|\n|poke|p1|Lycanroc, L50, F|\n|poke|p1|Tyranitar, L50, M|\n|poke|p1|Iron Bundle, L50|\n|poke|p1|Dragonite, L50, M|\n|poke|p1|Sylveon, L50, F|\n|poke|p2|Hatterene, L50, F|\n|poke|p2|Azumarill, L50, M|\n|poke|p2|Brute Bonnet, L50|\n|poke|p2|Kingambit, L50, M|\n|poke|p2|Iron Hands, L50|\n|poke|p2|Stantler, L50, M|\n|teampreview|4\njeffman323 has agreed to open team sheets.\n|\n|t:|1682615725\n|start\n|switch|p1a: Ceruledge|Ceruledge, L50, M|100\/100\n|switch|p1b: Lycanroc|Lycanroc, L50, F|100\/100\n|switch|p2a: Iron Hands|Iron Hands, L50|100\/100\n|switch|p2b: Stantler|Stantler, L50, M|100\/100\n|-ability|p2b: Stantler|Intimidate|boost\n|-fail|p1a: Ceruledge|unboost|[from] item: Clear Amulet|[of] p1a: Ceruledge\n|-unboost|p1b: Lycanroc|atk|1\n|turn|1\n|\n|t:|1682615742\n|move|p2a: Iron Hands|Fake Out|p1b: Lycanroc\n|-resisted|p1b: Lycanroc\n|-damage|p1b: Lycanroc|86\/100\n|cant|p1b: Lycanroc|flinch\n|move|p1a: Ceruledge|Bulk Up|p1a: Ceruledge\n|-boost|p1a: Ceruledge|atk|1\n|-boost|p1a: Ceruledge|def|1\n|move|p2b: Stantler|Trick Room|p2b: Stantler\n|-fieldstart|move: Trick Room|[of] p2b: Stantler\n|\n|upkeep\n|turn|2\n|\n|t:|1682615769\n|move|p2b: Stantler|Helping Hand|p2a: Iron Hands\n|-singleturn|p2a: Iron Hands|Helping Hand|[of] p2b: Stantler\n|move|p2a: Iron Hands|Earthquake|p1a: Ceruledge|[spread] p2b,p1a,p1b\n|-crit|p2b: Stantler\n|-supereffective|p1a: Ceruledge\n|-supereffective|p1b: Lycanroc\n|-damage|p2b: Stantler|33\/100\n|-damage|p1a: Ceruledge|27\/100\n|-damage|p1b: Lycanroc|0 fnt\n|faint|p1b: Lycanroc\n|move|p1a: Ceruledge|Bitter Blade|p2a: Iron Hands\n|-damage|p2a: Iron Hands|55\/100\n|-heal|p1a: Ceruledge|60\/100|[from] drain|[of] p2a: Iron Hands\n|\n|upkeep\n|\n|t:|1682615783\n|switch|p1b: Iron Bundle|Iron Bundle, L50, shiny|100\/100\n|-enditem|p1b: Iron Bundle|Booster Energy\n|-activate|p1b: Iron Bundle|ability: Quark Drive|[fromitem]\n|-start|p1b: Iron Bundle|quarkdrivespe\n|turn|3\n|\n|t:|1682615799\n|-terastallize|p1a: Ceruledge|Grass\n|move|p1b: Iron Bundle|Protect|p1b: Iron Bundle\n|-singleturn|p1b: Iron Bundle|Protect\n|move|p2a: Iron Hands|Thunder Punch|p1b: Iron Bundle\n|-activate|p1b: Iron Bundle|move: Protect\n|move|p2b: Stantler|Reflect|p2b: Stantler\n|-sidestart|p2: jeffman323|Reflect\n|move|p1a: Ceruledge|Bitter Blade|p2a: Iron Hands\n|-damage|p2a: Iron Hands|21\/100\n|-heal|p1a: Ceruledge|84\/100|[from] drain|[of] p2a: Iron Hands\n|\n|upkeep\n|turn|4\n|\n|t:|1682615825\n|-end|p1b: Iron Bundle|Quark Drive|[silent]\n|switch|p1b: Tyranitar|Tyranitar, L50, M, shiny|100\/100\n|-weather|Sandstorm|[from] ability: Sand Stream|[of] p1b: Tyranitar\n|move|p2a: Iron Hands|Thunder Punch|p1b: Tyranitar\n|-damage|p1b: Tyranitar|62\/100\n|move|p2b: Stantler|Light Screen|p2b: Stantler\n|-sidestart|p2: jeffman323|move: Light Screen\n|move|p1a: Ceruledge|Bulk Up|p1a: Ceruledge\n|-boost|p1a: Ceruledge|atk|1\n|-boost|p1a: Ceruledge|def|1\n|\n|-weather|Sandstorm|[upkeep]\n|-damage|p2a: Iron Hands|15\/100|[from] Sandstorm\n|-damage|p2b: Stantler|27\/100|[from] Sandstorm\n|-damage|p1a: Ceruledge|78\/100|[from] Sandstorm\n|upkeep\n|turn|5\n|\n|t:|1682615860\n|move|p2b: Stantler|Helping Hand|p2a: Iron Hands\n|-singleturn|p2a: Iron Hands|Helping Hand|[of] p2b: Stantler\n|move|p1a: Ceruledge|Shadow Sneak|p2a: Iron Hands\n|-damage|p2a: Iron Hands|0 fnt\n|faint|p2a: Iron Hands\n|-end|p2a: Iron Hands|Quark Drive|[silent]\n|move|p1b: Tyranitar|Rock Slide|p2b: Stantler\n|-damage|p2b: Stantler|0 fnt\n|faint|p2b: Stantler\n|\n|-weather|Sandstorm|[upkeep]\n|-damage|p1a: Ceruledge|72\/100|[from] Sandstorm\n|-fieldend|move: Trick Room\n|upkeep\n|\n|t:|1682615865\n|switch|p2b: Brute Bonnet|Brute Bonnet, L50|100\/100\n|switch|p2a: Kingambit|Kingambit, L50, M|100\/100\n|turn|6\n|\n|t:|1682615892\n|-terastallize|p2a: Kingambit|Flying\n|move|p2b: Brute Bonnet|Sucker Punch|p1a: Ceruledge\n|-damage|p1a: Ceruledge|50\/100\n|move|p1a: Ceruledge|Bitter Blade|p2a: Kingambit\n|-damage|p2a: Kingambit|50\/100\n|-heal|p1a: Ceruledge|79\/100|[from] drain|[of] p2a: Kingambit\n|move|p1b: Tyranitar|Ice Punch|p2b: Brute Bonnet\n|-supereffective|p2b: Brute Bonnet\n|-damage|p2b: Brute Bonnet|70\/100\n|move|p2a: Kingambit|Tera Blast|p1a: Ceruledge\n|-supereffective|p1a: Ceruledge\n|-damage|p1a: Ceruledge|19\/100\n|\n|-weather|Sandstorm|[upkeep]\n|-damage|p1a: Ceruledge|13\/100|[from] Sandstorm\n|-damage|p2b: Brute Bonnet|64\/100|[from] Sandstorm\n|upkeep\n|turn|7\n|\n|t:|1682615920\n|move|p1a: Ceruledge|Shadow Sneak|p2a: Kingambit\n|-damage|p2a: Kingambit|27\/100\n|move|p2b: Brute Bonnet|Sucker Punch||[still]\n|-fail|p2b: Brute Bonnet\n|move|p1b: Tyranitar|Ice Punch|p2a: Kingambit\n|-supereffective|p2a: Kingambit\n|-damage|p2a: Kingambit|0 fnt\n|faint|p2a: Kingambit\n|\n|-weather|Sandstorm|[upkeep]\n|-damage|p1a: Ceruledge|7\/100|[from] Sandstorm\n|-damage|p2b: Brute Bonnet|58\/100|[from] Sandstorm\n|-sideend|p2: jeffman323|Reflect\n|upkeep\n|turn|8\n|-message|jeffman323 forfeited.\n|\n|win|fissssssssshhhure\n|raw|fissssssssshhhure's rating: 1499 → 1526<\/strong> (+27 for winning)\n|raw|jeffman323's rating: 1619 → 1592<\/strong> (-27 for losing)\n|l|\u2606jeffman323\n","uploadtime":1682615935,"views":11,"p1id":"fissssssssshhhure","p2id":"jeffman323","formatid":"gen9vgc2023regulationc","rating":1526,"private":0,"password":""}