{"id":"gen9vgc2023regulationc-1854190807","p1":"ItsAvery3","p2":"DaniSahne10","format":"[Gen 9] VGC 2023 Regulation C","log":"|j|\u2606ItsAvery3\n|j|\u2606DaniSahne10\n|t:|1682781744\n|gametype|doubles\n|player|p1|ItsAvery3|veteranf|1108\n|player|p2|DaniSahne10|ethan|1104\n|teamsize|p1|6\n|teamsize|p2|6\n|gen|9\n|tier|[Gen 9] VGC 2023 Regulation C\n|rated|\n|rule|Species Clause: Limit one of each Pok\u00e9mon\n|rule|Item Clause: Limit one of each item\n|clearpoke\n|poke|p1|Tyranitar, L50, M|\n|poke|p1|Houndstone, L50, M|\n|poke|p1|Glimmora, L50, F|\n|poke|p1|Great Tusk, L50|\n|poke|p1|Meowscarada, L50, F|\n|poke|p1|Flutter Mane, L50|\n|poke|p2|Garchomp, L50, M|\n|poke|p2|Flutter Mane, L50|\n|poke|p2|Gyarados, L50, M|\n|poke|p2|Chi-Yu, L50|\n|poke|p2|Talonflame, L50, M|\n|poke|p2|Amoonguss, L50, M|\n|teampreview|4\n|inactive|Battle timer is ON: inactive players will automatically lose when time's up. (requested by DaniSahne10)\n|inactive|ItsAvery3 has 60 seconds left.\n|\n|t:|1682781788\n|start\n|switch|p1a: Tyranitar|Tyranitar, L50, M|100\/100\n|switch|p1b: Houndstone|Houndstone, L50, M|100\/100\n|switch|p2a: Gyarados|Gyarados, L50, M|100\/100\n|switch|p2b: Amoonguss|Amoonguss, L50, M|100\/100\n|-ability|p2a: Gyarados|Intimidate|boost\n|-unboost|p1a: Tyranitar|atk|1\n|-unboost|p1b: Houndstone|atk|1\n|-weather|Sandstorm|[from] ability: Sand Stream|[of] p1a: Tyranitar\n|turn|1\n|\n|t:|1682781808\n|-terastallize|p1a: Tyranitar|Flying\n|move|p1b: Houndstone|Will-O-Wisp|p2a: Gyarados|[miss]\n|-miss|p1b: Houndstone|p2a: Gyarados\n|move|p2a: Gyarados|Thunder Wave|p1b: Houndstone\n|-status|p1b: Houndstone|par\n|move|p1a: Tyranitar|Rock Slide|p2a: Gyarados|[spread] p2a,p2b\n|-supereffective|p2a: Gyarados\n|-damage|p2a: Gyarados|55\/100\n|-damage|p2b: Amoonguss|85\/100\n|cant|p2b: Amoonguss|flinch\n|\n|-weather|Sandstorm|[upkeep]\n|-damage|p2a: Gyarados|49\/100|[from] Sandstorm\n|-damage|p1a: Tyranitar|95\/100|[from] Sandstorm\n|-damage|p2b: Amoonguss|79\/100|[from] Sandstorm\n|upkeep\n|turn|2\n|inactive|ItsAvery3 has 30 seconds left.\n|\n|t:|1682781839\n|move|p2a: Gyarados|Protect|p2a: Gyarados\n|-singleturn|p2a: Gyarados|Protect\n|cant|p1b: Houndstone|par\n|move|p1a: Tyranitar|Rock Slide|p2b: Amoonguss|[spread] \n|-activate|p2a: Gyarados|move: Protect\n|-miss|p1a: Tyranitar|p2b: Amoonguss\n|move|p2b: Amoonguss|Spore|p1a: Tyranitar\n|-status|p1a: Tyranitar|slp|[from] move: Spore\n|\n|-weather|Sandstorm|[upkeep]\n|-damage|p2a: Gyarados|43\/100|[from] Sandstorm\n|-damage|p1a: Tyranitar|89\/100 slp|[from] Sandstorm\n|-damage|p2b: Amoonguss|73\/100|[from] Sandstorm\n|upkeep\n|turn|3\n|\n|t:|1682781860\n|switch|p2a: Flutter Mane|Flutter Mane, L50|100\/100\n|move|p2b: Amoonguss|Rage Powder|p2b: Amoonguss\n|-singleturn|p2b: Amoonguss|move: Rage Powder\n|move|p1b: Houndstone|Will-O-Wisp|p2b: Amoonguss\n|-status|p2b: Amoonguss|brn\n|cant|p1a: Tyranitar|slp\n|\n|-weather|Sandstorm|[upkeep]\n|-damage|p2a: Flutter Mane|94\/100|[from] Sandstorm\n|-damage|p1a: Tyranitar|83\/100 slp|[from] Sandstorm\n|-damage|p2b: Amoonguss|67\/100 brn|[from] Sandstorm\n|-damage|p2b: Amoonguss|62\/100 brn|[from] brn\n|upkeep\n|turn|4\n|\n|t:|1682781883\n|move|p2b: Amoonguss|Rage Powder|p2b: Amoonguss\n|-singleturn|p2b: Amoonguss|move: Rage Powder\n|move|p2a: Flutter Mane|Shadow Ball|p1b: Houndstone\n|-supereffective|p1b: Houndstone\n|-damage|p1b: Houndstone|0 fnt\n|faint|p1b: Houndstone\n|cant|p1a: Tyranitar|slp\n|\n|-weather|Sandstorm|[upkeep]\n|-damage|p2a: Flutter Mane|88\/100|[from] Sandstorm\n|-damage|p1a: Tyranitar|77\/100 slp|[from] Sandstorm\n|-damage|p2b: Amoonguss|56\/100 brn|[from] Sandstorm\n|-damage|p2b: Amoonguss|50\/100 brn|[from] brn\n|upkeep\n|-enditem|p2b: Amoonguss|Sitrus Berry|[eat]\n|-heal|p2b: Amoonguss|75\/100 brn|[from] item: Sitrus Berry\n|\n|t:|1682781899\n|switch|p1b: Glimmora|Glimmora, L50, F, shiny|100\/100\n|turn|5\n|\n|t:|1682781917\n|move|p1b: Glimmora|Spiky Shield|p1b: Glimmora\n|-singleturn|p1b: Glimmora|move: Protect\n|move|p2b: Amoonguss|Rage Powder|p2b: Amoonguss\n|-singleturn|p2b: Amoonguss|move: Rage Powder\n|move|p2a: Flutter Mane|Shadow Ball|p1b: Glimmora\n|-activate|p1b: Glimmora|move: Protect\n|cant|p1a: Tyranitar|slp\n|\n|-weather|none\n|-damage|p2b: Amoonguss|69\/100 brn|[from] brn\n|upkeep\n|turn|6\n|\n|t:|1682781938\n|-end|p2a: Flutter Mane|Protosynthesis|[silent]\n|switch|p2a: Gyarados|Gyarados, L50, M|43\/100\n|-ability|p2a: Gyarados|Intimidate|boost\n|-unboost|p1a: Tyranitar|atk|1\n|-unboost|p1b: Glimmora|atk|1\n|move|p1b: Glimmora|Power Gem|p2a: Gyarados\n|-supereffective|p2a: Gyarados\n|-damage|p2a: Gyarados|0 fnt\n|faint|p2a: Gyarados\n|-curestatus|p1a: Tyranitar|slp|[msg]\n|move|p1a: Tyranitar|Rock Slide|p2b: Amoonguss\n|-damage|p2b: Amoonguss|50\/100 brn\n|move|p2b: Amoonguss|Spore|p1b: Glimmora\n|-status|p1b: Glimmora|slp|[from] move: Spore\n|\n|-damage|p2b: Amoonguss|44\/100 brn|[from] brn\n|upkeep\n|\n|t:|1682781954\n|switch|p2a: Garchomp|Garchomp, L50, M, shiny|100\/100\n|turn|7\n|inactive|ItsAvery3 has 30 seconds left.\n|\n|t:|1682781983\n|switch|p2b: Flutter Mane|Flutter Mane, L50|88\/100\n|cant|p1b: Glimmora|slp\n|move|p2a: Garchomp|Rock Slide|p1a: Tyranitar|[spread] p1a,p1b\n|-supereffective|p1a: Tyranitar\n|-damage|p1a: Tyranitar|41\/100\n|-damage|p1b: Glimmora|78\/100 slp\n|-activate|p1b: Glimmora|ability: Toxic Debris\n|-sidestart|p2: DaniSahne10|move: Toxic Spikes\n|cant|p1a: Tyranitar|flinch\n|\n|upkeep\n|turn|8\n|\n|t:|1682782007\n|move|p2a: Garchomp|Rock Slide|p1b: Glimmora|[spread] p1a,p1b\n|-supereffective|p1a: Tyranitar\n|-damage|p1a: Tyranitar|7\/100\n|-damage|p1b: Glimmora|54\/100 slp\n|-activate|p1b: Glimmora|ability: Toxic Debris\n|-sidestart|p2: DaniSahne10|move: Toxic Spikes\n|move|p2b: Flutter Mane|Psyshock|p1b: Glimmora\n|-supereffective|p1b: Glimmora\n|-damage|p1b: Glimmora|0 fnt\n|faint|p1b: Glimmora\n|cant|p1a: Tyranitar|flinch\n|\n|upkeep\n|\n|t:|1682782017\n|switch|p1b: Flutter Mane|Flutter Mane, L50|100\/100\n|turn|9\n|\n|t:|1682782030\n|-end|p2b: Flutter Mane|Protosynthesis|[silent]\n|switch|p2b: Amoonguss|Amoonguss, L50, M|77\/100 brn\n|-sideend|p2: DaniSahne10|move: Toxic Spikes|[of] p2b: Amoonguss\n|-terastallize|p2a: Garchomp|Steel\n|move|p2a: Garchomp|Rock Slide|p1a: Tyranitar|[spread] p1a,p1b\n|-supereffective|p1a: Tyranitar\n|-damage|p1a: Tyranitar|0 fnt\n|-damage|p1b: Flutter Mane|75\/100\n|faint|p1a: Tyranitar\n|cant|p1b: Flutter Mane|flinch\n|\n|-damage|p2b: Amoonguss|71\/100 brn|[from] brn\n|upkeep\n|turn|10\n|\n|t:|1682782047\n|switch|p2a: Flutter Mane|Flutter Mane, L50|88\/100\n|move|p1b: Flutter Mane|Shadow Ball|p2b: Amoonguss\n|-damage|p2b: Amoonguss|25\/100 brn\n|-unboost|p2b: Amoonguss|spd|1\n|-damage|p1b: Flutter Mane|66\/100|[from] item: Life Orb\n|move|p2b: Amoonguss|Spore|p1b: Flutter Mane\n|-status|p1b: Flutter Mane|slp|[from] move: Spore\n|\n|-damage|p2b: Amoonguss|20\/100 brn|[from] brn\n|upkeep\n|turn|11\n|\n|t:|1682782064\n|move|p2a: Flutter Mane|Shadow Ball|p1b: Flutter Mane\n|-supereffective|p1b: Flutter Mane\n|-damage|p1b: Flutter Mane|0 fnt\n|faint|p1b: Flutter Mane\n|-end|p1b: Flutter Mane|Protosynthesis|[silent]\n|\n|win|DaniSahne10\n|raw|ItsAvery3's rating: 1108 → 1083<\/strong> (-25 for losing)\n|raw|DaniSahne10's rating: 1104 → 1129<\/strong> (+25 for winning)\n|l|\u2606DaniSahne10\n","uploadtime":1682782110,"views":18,"p1id":"itsavery3","p2id":"danisahne10","formatid":"gen9vgc2023regulationc","rating":1083,"private":0,"password":""}