{"id":"gen9vgc2023regulationc-1852308116","p1":"eepy nougat","p2":"gGusto","format":"[Gen 9] VGC 2023 Regulation C","log":"|j|\u2606eepy nougat\n|j|\u2606gGusto\n|t:|1682542356\n|gametype|doubles\n|player|p1|eepy nougat|janitor|1365\n|player|p2|gGusto|170|1359\n|teamsize|p1|6\n|teamsize|p2|6\n|gen|9\n|tier|[Gen 9] VGC 2023 Regulation C\n|rated|\n|rule|Species Clause: Limit one of each Pok\u00e9mon\n|rule|Item Clause: Limit one of each item\n|clearpoke\n|poke|p1|Sandy Shocks, L50|\n|poke|p1|Flutter Mane, L50|\n|poke|p1|Chien-Pao, L50|\n|poke|p1|Ceruledge, L50, F|\n|poke|p1|Rotom-Wash, L50|\n|poke|p1|Grimmsnarl, L50, M|\n|poke|p2|Flutter Mane, L50|\n|poke|p2|Arcanine, L50, M|\n|poke|p2|Amoonguss, L50, F|\n|poke|p2|Palafin, L50, M|\n|poke|p2|Ting-Lu, L50|\n|poke|p2|Baxcalibur, L50, F|\n|teampreview|4\n|inactive|Battle timer is ON: inactive players will automatically lose when time's up. (requested by gGusto)\n|inactive|eepy nougat has 60 seconds left.\ngGusto has agreed to open team sheets.\neepy nougat has agreed to open team sheets.\n|inactive|gGusto has 60 seconds left.\n|\n|t:|1682542398\n|start\n|switch|p1a: Rotom|Rotom-Wash, L50, shiny|100\/100\n|switch|p1b: Sandy Shocks|Sandy Shocks, L50|100\/100\n|switch|p2a: Flutter Mane|Flutter Mane, L50|100\/100\n|switch|p2b: Palafin|Palafin, L50, M|100\/100\n|-enditem|p2a: Flutter Mane|Booster Energy\n|-activate|p2a: Flutter Mane|ability: Protosynthesis|[fromitem]\n|-start|p2a: Flutter Mane|protosynthesisspa\n|-enditem|p1b: Sandy Shocks|Booster Energy\n|-activate|p1b: Sandy Shocks|ability: Protosynthesis|[fromitem]\n|-start|p1b: Sandy Shocks|protosynthesisspe\n|turn|1\n|inactive|eepy nougat has 30 seconds left.\n|inactive|gGusto has 30 seconds left.\n|inactive|eepy nougat has 20 seconds left.\n|inactive|eepy nougat has 15 seconds left.\n|inactive|gGusto has 20 seconds left.\n|\n|t:|1682542443\n|detailschange|p2b: Palafin|Palafin-Hero, L50, M\n|switch|p2b: Amoonguss|Amoonguss, L50, F|100\/100\n|-terastallize|p1b: Sandy Shocks|Steel\n|move|p2a: Flutter Mane|Protect|p2a: Flutter Mane\n|-singleturn|p2a: Flutter Mane|Protect\n|move|p1b: Sandy Shocks|Flash Cannon|p2a: Flutter Mane\n|-activate|p2a: Flutter Mane|move: Protect\n|move|p1a: Rotom|Hydro Pump|p2b: Amoonguss\n|-resisted|p2b: Amoonguss\n|-damage|p2b: Amoonguss|83\/100\n|\n|upkeep\n|turn|2\n|inactive|eepy nougat has 30 seconds left.\n|inactive|gGusto has 30 seconds left.\n|inactive|eepy nougat has 20 seconds left.\n|inactive|eepy nougat has 15 seconds left.\n|inactive|eepy nougat has 10 seconds left.\n|\n|t:|1682542490\n|move|p2b: Amoonguss|Rage Powder|p2b: Amoonguss\n|-singleturn|p2b: Amoonguss|move: Rage Powder\n|move|p1b: Sandy Shocks|Earth Power|p2b: Amoonguss\n|-damage|p2b: Amoonguss|51\/100\n|-unboost|p2b: Amoonguss|spd|1\n|move|p2a: Flutter Mane|Shadow Ball|p1b: Sandy Shocks\n|-damage|p1b: Sandy Shocks|42\/100\n|move|p1a: Rotom|Thunderbolt|p2a: Flutter Mane\n|-damage|p2a: Flutter Mane|65\/100\n|\n|upkeep\n|turn|3\n|inactive|eepy nougat has 30 seconds left.\n|inactive|gGusto has 30 seconds left.\n|\n|t:|1682542524\n|switch|p2b: Palafin|Palafin-Hero, L50, M|100\/100\n|-activate|p2b: Palafin|ability: Zero to Hero\n|move|p1b: Sandy Shocks|Protect|p1b: Sandy Shocks\n|-singleturn|p1b: Sandy Shocks|Protect\n|move|p2a: Flutter Mane|Shadow Ball|p1b: Sandy Shocks\n|-activate|p1b: Sandy Shocks|move: Protect\n|move|p1a: Rotom|Will-O-Wisp|p2a: Flutter Mane\n|-status|p2a: Flutter Mane|brn\n|\n|-damage|p2a: Flutter Mane|59\/100 brn|[from] brn\n|upkeep\n|turn|4\n|\n|t:|1682542542\n|move|p2b: Palafin|Jet Punch|p1b: Sandy Shocks\n|-damage|p1b: Sandy Shocks|0 fnt\n|faint|p1b: Sandy Shocks\n|-end|p1b: Sandy Shocks|Protosynthesis|[silent]\n|move|p2a: Flutter Mane|Substitute|p2a: Flutter Mane\n|-start|p2a: Flutter Mane|Substitute\n|-damage|p2a: Flutter Mane|35\/100 brn\n|move|p1a: Rotom|Will-O-Wisp|p2b: Palafin\n|-status|p2b: Palafin|brn\n|\n|-damage|p2a: Flutter Mane|29\/100 brn|[from] brn\n|-damage|p2b: Palafin|95\/100 brn|[from] brn\n|upkeep\n|\n|t:|1682542549\n|switch|p1b: Chien-Pao|Chien-Pao, L50|100\/100\n|-ability|p1b: Chien-Pao|Sword of Ruin\n|turn|5\n|inactive|eepy nougat has 30 seconds left.\n|inactive|eepy nougat has 20 seconds left.\n|inactive|eepy nougat has 15 seconds left.\n|\n|t:|1682542590\n|move|p1b: Chien-Pao|Protect|p1b: Chien-Pao\n|-singleturn|p1b: Chien-Pao|Protect\n|move|p2b: Palafin|Jet Punch|p1b: Chien-Pao\n|-activate|p1b: Chien-Pao|move: Protect\n|move|p2a: Flutter Mane|Moonblast|p1b: Chien-Pao\n|-activate|p1b: Chien-Pao|move: Protect\n|move|p1a: Rotom|Thunderbolt|p2a: Flutter Mane\n|-end|p2a: Flutter Mane|Substitute\n|\n|-damage|p2a: Flutter Mane|24\/100 brn|[from] brn\n|-damage|p2b: Palafin|89\/100 brn|[from] brn\n|upkeep\n|turn|6\n|inactive|eepy nougat has 30 seconds left.\n|\n|t:|1682542620\n|switch|p1b: Flutter Mane|Flutter Mane, L50|100\/100\n|-end|p2a: Flutter Mane|Protosynthesis|[silent]\n|switch|p2a: Arcanine|Arcanine, L50, M|100\/100\n|-ability|p2a: Arcanine|Intimidate|boost\n|-unboost|p1a: Rotom|atk|1\n|-unboost|p1b: Flutter Mane|atk|1\n|move|p2b: Palafin|Drain Punch|p1b: Flutter Mane\n|-immune|p1b: Flutter Mane\n|move|p1a: Rotom|Thunderbolt|p2a: Arcanine\n|-damage|p2a: Arcanine|68\/100\n|-status|p2a: Arcanine|par\n|\n|-damage|p2b: Palafin|83\/100 brn|[from] brn\n|upkeep\n|turn|7\n|inactive|eepy nougat has 30 seconds left.\n|inactive|eepy nougat has 20 seconds left.\n|\n|t:|1682542658\n|move|p1b: Flutter Mane|Shadow Ball|p2a: Arcanine\n|-damage|p2a: Arcanine|7\/100 par\n|move|p2b: Palafin|Wave Crash|p1b: Flutter Mane\n|-crit|p1b: Flutter Mane\n|-damage|p1b: Flutter Mane|0 fnt\n|faint|p1b: Flutter Mane\n|-end|p1b: Flutter Mane|Protosynthesis|[silent]\n|-damage|p2b: Palafin|62\/100 brn|[from] Recoil\n|move|p1a: Rotom|Thunderbolt|p2a: Arcanine\n|-damage|p2a: Arcanine|0 fnt\n|faint|p2a: Arcanine\n|\n|-damage|p2b: Palafin|56\/100 brn|[from] brn\n|upkeep\n|\n|t:|1682542665\n|switch|p1b: Chien-Pao|Chien-Pao, L50|100\/100\n|switch|p2a: Amoonguss|Amoonguss, L50, F|85\/100\n|-ability|p1b: Chien-Pao|Sword of Ruin\n|turn|8\n|\n|t:|1682542688\n|-terastallize|p2a: Amoonguss|Water\n|move|p1b: Chien-Pao|Ice Spinner|p2a: Amoonguss\n|-resisted|p2a: Amoonguss\n|-damage|p2a: Amoonguss|59\/100\n|move|p2b: Palafin|Drain Punch|p1b: Chien-Pao\n|-supereffective|p1b: Chien-Pao\n|-damage|p1b: Chien-Pao|15\/100\n|-heal|p2b: Palafin|88\/100 brn|[from] drain|[of] p1b: Chien-Pao\n|move|p1a: Rotom|Thunderbolt|p2b: Palafin\n|-supereffective|p2b: Palafin\n|-damage|p2b: Palafin|15\/100 brn\n|move|p2a: Amoonguss|Pollen Puff|p2b: Palafin\n|-heal|p2b: Palafin|65\/100 brn\n|\n|-damage|p2b: Palafin|59\/100 brn|[from] brn\n|upkeep\n|turn|9\n|inactive|eepy nougat has 30 seconds left.\n|inactive|gGusto has 30 seconds left.\n|\n|t:|1682542719\n|switch|p2a: Flutter Mane|Flutter Mane, L50|24\/100 brn\n|move|p2b: Palafin|Protect|p2b: Palafin\n|-singleturn|p2b: Palafin|Protect\n|move|p1b: Chien-Pao|Sacred Sword|p2a: Flutter Mane\n|-immune|p2a: Flutter Mane\n|move|p1a: Rotom|Thunderbolt|p2a: Flutter Mane\n|-damage|p2a: Flutter Mane|0 fnt\n|faint|p2a: Flutter Mane\n|-end|p2a: Flutter Mane|Protosynthesis|[silent]\n|\n|-damage|p2b: Palafin|53\/100 brn|[from] brn\n|upkeep\n|\n|t:|1682542725\n|switch|p2a: Amoonguss|Amoonguss, L50, F, tera:Water|92\/100\n|turn|10\n|j| Kornes\n|c|\u2606gGusto|you crazy fuck\n|inactive|gGusto has 30 seconds left.\n|\n|t:|1682542753\n|move|p1b: Chien-Pao|Protect|p1b: Chien-Pao\n|-singleturn|p1b: Chien-Pao|Protect\n|move|p2b: Palafin|Drain Punch|p1a: Rotom\n|-damage|p1a: Rotom|82\/100\n|-heal|p2b: Palafin|60\/100 brn|[from] drain|[of] p1a: Rotom\n|move|p1a: Rotom|Thunderbolt|p2b: Palafin\n|-supereffective|p2b: Palafin\n|-damage|p2b: Palafin|0 fnt\n|faint|p2b: Palafin\n|move|p2a: Amoonguss|Clear Smog|p1a: Rotom\n|-damage|p1a: Rotom|64\/100\n|-clearboost|p1a: Rotom\n|\n|upkeep\n|turn|11\n|-message|gGusto forfeited.\n|\n|win|eepy nougat\n|raw|eepy nougat's rating: 1365 → 1385<\/strong> (+20 for winning)\n|raw|gGusto's rating: 1359 → 1339<\/strong> (-20 for losing)\n|l|\u2606gGusto\n","uploadtime":1682542736,"views":6,"p1id":"eepynougat","p2id":"ggusto","formatid":"gen9vgc2023regulationc","rating":1339,"private":0,"password":""}