{"id":"gen9vgc2023regulationc-1864095245","p1":"Morielli","p2":"Nathan Bull AES","format":"[Gen 9] VGC 2023 Regulation C","log":"|j|\u2606Morielli\n|j|\u2606Nathan Bull AES\n|t:|1684116673\n|gametype|doubles\n|player|p1|Morielli|1|1142\n|player|p2|Nathan Bull AES|170|1157\n|teamsize|p1|6\n|teamsize|p2|6\n|gen|9\n|tier|[Gen 9] VGC 2023 Regulation C\n|rated|\n|rule|Species Clause: Limit one of each Pok\u00e9mon\n|rule|Item Clause: Limit one of each item\n|clearpoke\n|poke|p1|Hatterene, L50, F|\n|poke|p1|Dondozo, L50, M|\n|poke|p1|Torkoal, L50, M|\n|poke|p1|Farigiraf, L50, M|\n|poke|p1|Wo-Chien, L50|\n|poke|p1|Pelipper, L50, M|\n|poke|p2|Gyarados, L50, M|\n|poke|p2|Arcanine, L50, M|\n|poke|p2|Ting-Lu, L50|\n|poke|p2|Flutter Mane, L50|\n|poke|p2|Amoonguss, L50, F|\n|poke|p2|Kingambit, L50, M|\n|teampreview|4\n|inactive|Battle timer is ON: inactive players will automatically lose when time's up. (requested by Morielli)\n|\n|t:|1684116716\n|start\n|switch|p1a: Hatterene|Hatterene, L50, F|100\/100\n|switch|p1b: Dondozo|Dondozo, L50, M|100\/100\n|switch|p2a: Ting-Lu|Ting-Lu, L50|100\/100\n|switch|p2b: Amoonguss|Amoonguss, L50, F|100\/100\n|-ability|p2a: Ting-Lu|Vessel of Ruin\n|turn|1\n|inactive|Morielli has 30 seconds left.\n|inactive|Morielli has 20 seconds left.\n|inactive|Morielli has 15 seconds left.\n|inactive|Morielli has 10 seconds left.\n|\n|t:|1684116763\n|-terastallize|p1a: Hatterene|Fire\n|move|p2a: Ting-Lu|Heavy Slam|p1a: Hatterene\n|-resisted|p1a: Hatterene\n|-damage|p1a: Hatterene|72\/100\n|move|p2b: Amoonguss|Spore|p1b: Dondozo\n|-status|p1b: Dondozo|slp|[from] move: Spore\n|cant|p1b: Dondozo|slp\n|move|p1a: Hatterene|Trick Room|p1a: Hatterene\n|-fieldstart|move: Trick Room|[of] p1a: Hatterene\n|\n|upkeep\n|turn|2\n|\n|t:|1684116786\n|move|p1a: Hatterene|Protect|p1a: Hatterene\n|-singleturn|p1a: Hatterene|Protect\n|-curestatus|p1b: Dondozo|slp|[msg]\n|move|p1b: Dondozo|Curse|p1b: Dondozo\n|-unboost|p1b: Dondozo|spe|1\n|-boost|p1b: Dondozo|atk|1\n|-boost|p1b: Dondozo|def|1\n|move|p2b: Amoonguss|Spore|p1a: Hatterene\n|-activate|p1a: Hatterene|move: Protect\n|move|p2a: Ting-Lu|Stomping Tantrum|p1a: Hatterene\n|-activate|p1a: Hatterene|move: Protect\n|\n|upkeep\n|turn|3\n|inactive|Morielli has 30 seconds left.\n|\n|t:|1684116812\n|move|p1b: Dondozo|Surf|p2a: Ting-Lu|[spread] p1a,p2a,p2b\n|-supereffective|p1a: Hatterene\n|-supereffective|p2a: Ting-Lu\n|-resisted|p2b: Amoonguss\n|-damage|p1a: Hatterene|46\/100\n|-damage|p2a: Ting-Lu|84\/100\n|-damage|p2b: Amoonguss|97\/100\n|-enditem|p1a: Hatterene|Weakness Policy\n|-boost|p1a: Hatterene|atk|2|[from] item: Weakness Policy\n|-boost|p1a: Hatterene|spa|2|[from] item: Weakness Policy\n|move|p1a: Hatterene|Dazzling Gleam|p2a: Ting-Lu|[spread] p2a,p2b\n|-supereffective|p2a: Ting-Lu\n|-resisted|p2b: Amoonguss\n|-damage|p2a: Ting-Lu|4\/100\n|-damage|p2b: Amoonguss|80\/100\n|move|p2b: Amoonguss|Spore|p1b: Dondozo\n|-status|p1b: Dondozo|slp|[from] move: Spore\n|move|p2a: Ting-Lu|Stomping Tantrum|p1a: Hatterene\n|-supereffective|p1a: Hatterene\n|-damage|p1a: Hatterene|0 fnt\n|faint|p1a: Hatterene\n|\n|-heal|p2a: Ting-Lu|10\/100|[from] item: Leftovers\n|upkeep\n|\n|t:|1684116826\n|switch|p1a: Torkoal|Torkoal, L50, M|100\/100\n|-weather|SunnyDay|[from] ability: Drought|[of] p1a: Torkoal\n|turn|4\n|\n|t:|1684116837\n|move|p1a: Torkoal|Eruption|p2a: Ting-Lu|[spread] p2a,p2b\n|-supereffective|p2b: Amoonguss\n|-damage|p2a: Ting-Lu|0 fnt\n|-damage|p2b: Amoonguss|6\/100\n|faint|p2a: Ting-Lu\n|cant|p1b: Dondozo|slp\n|move|p2b: Amoonguss|Pollen Puff|p2: Ting-Lu|[notarget]\n|-fail|p2b: Amoonguss\n|\n|-weather|SunnyDay|[upkeep]\n|upkeep\n|\n|t:|1684116846\n|switch|p2a: Gyarados|Gyarados, L50, M|100\/100\n|-ability|p2a: Gyarados|Intimidate|boost\n|-unboost|p1a: Torkoal|atk|1\n|-enditem|p1a: Torkoal|Eject Pack\n|-fail|p1b: Dondozo|unboost|Attack|[from] ability: Oblivious|[of] p1b: Dondozo\n|\n|t:|1684116853\n|switch|p1a: Wo-Chien|Wo-Chien, L50|100\/100\n|-ability|p1a: Wo-Chien|Tablets of Ruin\n|turn|5\n|\n|t:|1684116877\n|cant|p1b: Dondozo|slp\n|move|p2b: Amoonguss|Pollen Puff|p1a: Wo-Chien\n|-supereffective|p1a: Wo-Chien\n|-damage|p1a: Wo-Chien|55\/100\n|move|p1a: Wo-Chien|Leech Seed|p2a: Gyarados\n|-start|p2a: Gyarados|move: Leech Seed\n|move|p2a: Gyarados|Thunder Wave|p1a: Wo-Chien\n|-status|p1a: Wo-Chien|par\n|\n|-weather|SunnyDay|[upkeep]\n|-heal|p1a: Wo-Chien|61\/100 par|[from] item: Leftovers\n|-damage|p2a: Gyarados|88\/100|[from] Leech Seed|[of] p1a: Wo-Chien\n|-heal|p1a: Wo-Chien|74\/100 par|[silent]\n|-fieldend|move: Trick Room\n|upkeep\n|turn|6\n|\n|t:|1684116901\n|switch|p2b: Flutter Mane|Flutter Mane, L50|100\/100\n|-activate|p2b: Flutter Mane|ability: Protosynthesis\n|-start|p2b: Flutter Mane|protosynthesisspe\n|cant|p1a: Wo-Chien|par\n|move|p2a: Gyarados|Icy Wind|p1a: Wo-Chien|[spread] p1a,p1b\n|-supereffective|p1a: Wo-Chien\n|-resisted|p1b: Dondozo\n|-damage|p1a: Wo-Chien|66\/100 par\n|-damage|p1b: Dondozo|98\/100 slp\n|-unboost|p1a: Wo-Chien|spe|1\n|-unboost|p1b: Dondozo|spe|1\n|-curestatus|p1b: Dondozo|slp|[msg]\n|move|p1b: Dondozo|Wave Crash|p2b: Flutter Mane\n|-damage|p2b: Flutter Mane|54\/100\n|-damage|p1b: Dondozo|90\/100|[from] Recoil\n|\n|-weather|SunnyDay|[upkeep]\n|-heal|p1a: Wo-Chien|72\/100 par|[from] item: Leftovers\n|-damage|p2a: Gyarados|76\/100|[from] Leech Seed|[of] p1a: Wo-Chien\n|-heal|p1a: Wo-Chien|85\/100 par|[silent]\n|upkeep\n|turn|7\n|inactive|Morielli has 30 seconds left.\n|inactive|Nathan Bull AES has 30 seconds left.\n|inactive|Morielli has 20 seconds left.\n|inactive|Morielli has 15 seconds left.\n|inactive|Morielli has 10 seconds left.\n|\n|t:|1684116946\n|switch|p2a: Amoonguss|Amoonguss, L50, F|39\/100\n|-terastallize|p2b: Flutter Mane|Fairy\n|move|p1a: Wo-Chien|Protect|p1a: Wo-Chien\n|-singleturn|p1a: Wo-Chien|Protect\n|move|p2b: Flutter Mane|Moonblast|p1a: Wo-Chien\n|-activate|p1a: Wo-Chien|move: Protect\n|move|p1b: Dondozo|Wave Crash|p2b: Flutter Mane\n|-damage|p2b: Flutter Mane|3\/100\n|-damage|p1b: Dondozo|81\/100|[from] Recoil\n|\n|-weather|SunnyDay|[upkeep]\n|-heal|p1a: Wo-Chien|91\/100 par|[from] item: Leftovers\n|upkeep\n|turn|8\n|inactive|Morielli has 30 seconds left.\n|inactive|Morielli has 20 seconds left.\n|inactive|Morielli has 15 seconds left.\n|inactive|Nathan Bull AES has 30 seconds left.\n|inactive|Morielli has 10 seconds left.\n|\n|t:|1684116992\n|move|p2b: Flutter Mane|Thunderbolt|p1b: Dondozo\n|-supereffective|p1b: Dondozo\n|-damage|p1b: Dondozo|38\/100\n|-enditem|p1b: Dondozo|Sitrus Berry|[eat]\n|-heal|p1b: Dondozo|63\/100|[from] item: Sitrus Berry\n|move|p2a: Amoonguss|Pollen Puff|p2b: Flutter Mane\n|-heal|p2b: Flutter Mane|53\/100\n|move|p1a: Wo-Chien|Pollen Puff|p1b: Dondozo\n|-heal|p1b: Dondozo|100\/100\n|move|p1b: Dondozo|Surf|p2b: Flutter Mane|[spread] p1a,p2a,p2b\n|-resisted|p1a: Wo-Chien\n|-resisted|p2a: Amoonguss\n|-damage|p1a: Wo-Chien|90\/100 par\n|-damage|p2a: Amoonguss|37\/100\n|-damage|p2b: Flutter Mane|46\/100\n|\n|-weather|none\n|-end|p2b: Flutter Mane|Protosynthesis\n|-heal|p1a: Wo-Chien|96\/100 par|[from] item: Leftovers\n|upkeep\n|-enditem|p2b: Flutter Mane|Booster Energy\n|-activate|p2b: Flutter Mane|ability: Protosynthesis|[fromitem]\n|-start|p2b: Flutter Mane|protosynthesisspe\n|turn|9\n|inactive|Morielli has 30 seconds left.\n|inactive|Morielli has 20 seconds left.\n|\n|t:|1684117029\n|-end|p2b: Flutter Mane|Protosynthesis|[silent]\n|switch|p2b: Gyarados|Gyarados, L50, M|76\/100\n|-ability|p2b: Gyarados|Intimidate|boost\n|-unboost|p1a: Wo-Chien|atk|1\n|-fail|p1b: Dondozo|unboost|Attack|[from] ability: Oblivious|[of] p1b: Dondozo\n|move|p2a: Amoonguss|Pollen Puff|p2b: Gyarados\n|-heal|p2b: Gyarados|100\/100\n|move|p1a: Wo-Chien|Leech Seed|p2b: Gyarados|[miss]\n|-miss|p1a: Wo-Chien|p2b: Gyarados\n|move|p1b: Dondozo|Wave Crash|p2b: Gyarados\n|-resisted|p2b: Gyarados\n|-damage|p2b: Gyarados|75\/100\n|-damage|p1b: Dondozo|93\/100|[from] Recoil\n|\n|-heal|p1a: Wo-Chien|100\/100 par|[from] item: Leftovers\n|upkeep\n|turn|10\n|inactive|Morielli has 30 seconds left.\n|inactive|Nathan Bull AES has 30 seconds left.\n|inactive|Morielli has 20 seconds left.\n|\n|t:|1684117068\n|move|p2b: Gyarados|Taunt|p1a: Wo-Chien\n|-start|p1a: Wo-Chien|move: Taunt\n|move|p2a: Amoonguss|Spore|p1b: Dondozo\n|-status|p1b: Dondozo|slp|[from] move: Spore\n|cant|p1a: Wo-Chien|move: Taunt|Leech Seed\n|cant|p1b: Dondozo|slp\n|\n|upkeep\n|turn|11\n|inactive|Morielli has 30 seconds left.\n|inactive|Morielli has 20 seconds left.\n|inactive|Morielli has 15 seconds left.\n|\n|t:|1684117110\n|switch|p2a: Flutter Mane|Flutter Mane, L50, tera:Fairy|46\/100\n|switch|p1a: Torkoal|Torkoal, L50, M|100\/100\n|-weather|SunnyDay|[from] ability: Drought|[of] p1a: Torkoal\n|-activate|p2a: Flutter Mane|ability: Protosynthesis\n|-start|p2a: Flutter Mane|protosynthesisspe\n|move|p2b: Gyarados|Waterfall|p1a: Torkoal\n|-supereffective|p1a: Torkoal\n|-damage|p1a: Torkoal|68\/100\n|cant|p1b: Dondozo|slp\n|\n|-weather|SunnyDay|[upkeep]\n|upkeep\n|turn|12\n|\n|t:|1684117134\n|move|p1a: Torkoal|Protect|p1a: Torkoal\n|-singleturn|p1a: Torkoal|Protect\n|move|p2a: Flutter Mane|Shadow Ball|p1a: Torkoal\n|-activate|p1a: Torkoal|move: Protect\n|move|p2b: Gyarados|Waterfall|p1a: Torkoal\n|-activate|p1a: Torkoal|move: Protect\n|-curestatus|p1b: Dondozo|slp|[msg]\n|move|p1b: Dondozo|Wave Crash|p2a: Flutter Mane\n|-damage|p2a: Flutter Mane|0 fnt\n|faint|p2a: Flutter Mane\n|-end|p2a: Flutter Mane|Protosynthesis|[silent]\n|-damage|p1b: Dondozo|85\/100|[from] Recoil\n|\n|-weather|SunnyDay|[upkeep]\n|upkeep\n|\n|t:|1684117137\n|switch|p2a: Amoonguss|Amoonguss, L50, F|70\/100\n|turn|13\n|\n|t:|1684117157\n|move|p2b: Gyarados|Waterfall|p1a: Torkoal\n|-supereffective|p1a: Torkoal\n|-damage|p1a: Torkoal|35\/100\n|move|p2a: Amoonguss|Spore|p1a: Torkoal\n|-status|p1a: Torkoal|slp|[from] move: Spore\n|cant|p1a: Torkoal|slp\n|move|p1b: Dondozo|Curse|p1b: Dondozo\n|-unboost|p1b: Dondozo|spe|1\n|-boost|p1b: Dondozo|atk|1\n|-boost|p1b: Dondozo|def|1\n|\n|-weather|SunnyDay|[upkeep]\n|upkeep\n|turn|14\n|inactive|Morielli has 30 seconds left.\n|\n|t:|1684117171\n|move|p2b: Gyarados|Waterfall|p1a: Torkoal\n|-supereffective|p1a: Torkoal\n|-damage|p1a: Torkoal|6\/100 slp\n|move|p2a: Amoonguss|Spore|p1b: Dondozo\n|-status|p1b: Dondozo|slp|[from] move: Spore\n|cant|p1a: Torkoal|slp\n|cant|p1b: Dondozo|slp\n|\n|-weather|SunnyDay|[upkeep]\n|upkeep\n|turn|15\n|inactive|Morielli has 30 seconds left this turn.\n|inactive|Morielli has 20 seconds left.\n|\n|t:|1684117185\n|-curestatus|p1a: Torkoal|slp|[msg]\n|move|p1a: Torkoal|Protect|p1a: Torkoal\n|-singleturn|p1a: Torkoal|Protect\n|move|p2b: Gyarados|Waterfall|p1a: Torkoal\n|-activate|p1a: Torkoal|move: Protect\n|move|p2a: Amoonguss|Clear Smog|p1b: Dondozo\n|-damage|p1b: Dondozo|73\/100 slp\n|-clearboost|p1b: Dondozo\n|-curestatus|p1b: Dondozo|slp|[msg]\n|move|p1b: Dondozo|Curse|p1b: Dondozo\n|-unboost|p1b: Dondozo|spe|1\n|-boost|p1b: Dondozo|atk|1\n|-boost|p1b: Dondozo|def|1\n|\n|-weather|none\n|upkeep\n|turn|16\n|inactive|Morielli has 20 seconds left this turn.\n|inactive|Morielli has 15 seconds left.\n|inactive|Morielli has 10 seconds left.\n|inactive|Morielli has 5 seconds left.\n|-message|Morielli lost due to inactivity.\n|\n|win|Nathan Bull AES\n|raw|Morielli's rating: 1142 → 1118<\/strong> (-24 for losing)\n|raw|Nathan Bull AES's rating: 1157 → 1181<\/strong> (+24 for winning)\n|l|\u2606Morielli\n","uploadtime":1684117503,"views":13,"p1id":"morielli","p2id":"nathanbullaes","formatid":"gen9vgc2023regulationc","rating":1118,"private":0,"password":""}