{"id":"gen9vgc2023regulationc-1864139839","p1":"April112","p2":"2245663y","format":"[Gen 9] VGC 2023 Regulation C","log":"|j|\u2606April112\n|j|\u26062245663y\n|t:|1684123524\n|gametype|doubles\n|player|p1|April112|265|1500\n|player|p2|2245663y|dawn-gen4pt|1433\n|teamsize|p1|6\n|teamsize|p2|6\n|gen|9\n|tier|[Gen 9] VGC 2023 Regulation C\n|rated|\n|rule|Species Clause: Limit one of each Pok\u00e9mon\n|rule|Item Clause: Limit one of each item\n|clearpoke\n|poke|p1|Chien-Pao, L50|\n|poke|p1|Iron Bundle, L50|\n|poke|p1|Gholdengo, L50|\n|poke|p1|Amoonguss, L50, M|\n|poke|p1|Palafin, L50, F|\n|poke|p1|Iron Hands, L50|\n|poke|p2|Kingambit, L50, M|\n|poke|p2|Torkoal, L50, F|\n|poke|p2|Flutter Mane, L50|\n|poke|p2|Jumpluff, L50, F|\n|poke|p2|Great Tusk, L50|\n|poke|p2|Chien-Pao, L50|\n|teampreview|4\n|inactive|Battle timer is ON: inactive players will automatically lose when time's up. (requested by April112)\n|\n|t:|1684123573\n|start\n|switch|p1a: Iron Hands|Iron Hands, L50|100\/100\n|switch|p1b: Gholdengo|Gholdengo, L50|100\/100\n|switch|p2a: Chien-Pao|Chien-Pao, L50|100\/100\n|switch|p2b: Torkoal|Torkoal, L50, F|100\/100\n|-ability|p2a: Chien-Pao|Sword of Ruin\n|-weather|SunnyDay|[from] ability: Drought|[of] p2b: Torkoal\n|turn|1\n|inactive|April112 has 30 seconds left.\n|\n|t:|1684123606\n|move|p2a: Chien-Pao|Protect|p2a: Chien-Pao\n|-singleturn|p2a: Chien-Pao|Protect\n|move|p1a: Iron Hands|Fake Out|p2b: Torkoal\n|-damage|p2b: Torkoal|86\/100\n|move|p1b: Gholdengo|Nasty Plot|p1b: Gholdengo\n|-boost|p1b: Gholdengo|spa|2\n|cant|p2b: Torkoal|flinch\n|\n|-weather|SunnyDay|[upkeep]\n|upkeep\n|turn|2\n|inactive|April112 has 30 seconds left.\n|inactive|April112 has 20 seconds left.\n|inactive|April112 has 15 seconds left.\n|\n|t:|1684123648\n|-terastallize|p1b: Gholdengo|Water\n|move|p2a: Chien-Pao|Sucker Punch|p1b: Gholdengo\n|-damage|p1b: Gholdengo|50\/100\n|move|p1b: Gholdengo|Shadow Ball|p2b: Torkoal\n|-damage|p2b: Torkoal|0 fnt\n|faint|p2b: Torkoal\n|move|p1a: Iron Hands|Volt Switch|p2a: Chien-Pao\n|-damage|p2a: Chien-Pao|79\/100\n|\n|t:|1684123659\n|-end|p1a: Iron Hands|Quark Drive|[silent]\n|switch|p1a: Iron Bundle|Iron Bundle, L50|100\/100|[from] Volt Switch\n|-enditem|p1a: Iron Bundle|Booster Energy\n|-activate|p1a: Iron Bundle|ability: Quark Drive|[fromitem]\n|-start|p1a: Iron Bundle|quarkdrivespe\n|\n|-weather|SunnyDay|[upkeep]\n|upkeep\n|\n|t:|1684123669\n|switch|p2b: Flutter Mane|Flutter Mane, L50|100\/100\n|-activate|p2b: Flutter Mane|ability: Protosynthesis\n|-start|p2b: Flutter Mane|protosynthesisspa\n|turn|3\n|\n|t:|1684123682\n|move|p1a: Iron Bundle|Protect|p1a: Iron Bundle\n|-singleturn|p1a: Iron Bundle|Protect\n|move|p1b: Gholdengo|Protect|p1b: Gholdengo\n|-singleturn|p1b: Gholdengo|Protect\n|move|p2a: Chien-Pao|Sucker Punch||[still]\n|-fail|p2a: Chien-Pao\n|move|p2b: Flutter Mane|Moonblast|p1a: Iron Bundle\n|-activate|p1a: Iron Bundle|move: Protect\n|\n|-weather|SunnyDay|[upkeep]\n|upkeep\n|turn|4\n|inactive|April112 has 30 seconds left.\n|inactive|April112 has 20 seconds left.\n|\n|t:|1684123721\n|move|p2a: Chien-Pao|Sucker Punch||[still]\n|-fail|p2a: Chien-Pao\n|move|p1a: Iron Bundle|Hydro Pump|p2a: Chien-Pao|[miss]\n|-miss|p1a: Iron Bundle|p2a: Chien-Pao\n|move|p2b: Flutter Mane|Moonblast|p1a: Iron Bundle\n|-damage|p1a: Iron Bundle|0 fnt\n|faint|p1a: Iron Bundle\n|-end|p1a: Iron Bundle|Quark Drive|[silent]\n|move|p1b: Gholdengo|Nasty Plot|p1b: Gholdengo\n|-boost|p1b: Gholdengo|spa|2\n|\n|-weather|SunnyDay|[upkeep]\n|upkeep\n|inactive|April112 has 30 seconds left.\n|inactive|April112 has 20 seconds left.\n|\n|t:|1684123757\n|switch|p1a: Chien-Pao|Chien-Pao, L50|100\/100\n|-ability|p1a: Chien-Pao|Sword of Ruin\n|turn|5\n|\n|t:|1684123781\n|move|p1b: Gholdengo|Protect|p1b: Gholdengo\n|-singleturn|p1b: Gholdengo|Protect\n|move|p1a: Chien-Pao|Ice Spinner|p2b: Flutter Mane\n|-damage|p2b: Flutter Mane|28\/100\n|move|p2a: Chien-Pao|Ice Spinner|p1a: Chien-Pao\n|-resisted|p1a: Chien-Pao\n|-damage|p1a: Chien-Pao|75\/100\n|move|p2b: Flutter Mane|Moonblast|p1a: Chien-Pao\n|-supereffective|p1a: Chien-Pao\n|-crit|p1a: Chien-Pao\n|-damage|p1a: Chien-Pao|0 fnt\n|faint|p1a: Chien-Pao\n|\n|-weather|none\n|-end|p2b: Flutter Mane|Protosynthesis\n|upkeep\n|\n|t:|1684123793\n|switch|p1a: Iron Hands|Iron Hands, L50|100\/100\n|turn|6\n|\n|t:|1684123810\n|move|p1a: Iron Hands|Fake Out|p2a: Chien-Pao\n|-damage|p2a: Chien-Pao|60\/100\n|cant|p2a: Chien-Pao|flinch\n|move|p2b: Flutter Mane|Moonblast|p1b: Gholdengo\n|-damage|p1b: Gholdengo|0 fnt\n|faint|p1b: Gholdengo\n|\n|upkeep\n|turn|7\n|\n|t:|1684123826\n|-terastallize|p2b: Flutter Mane|Fairy\n|move|p2a: Chien-Pao|Ice Spinner|p1a: Iron Hands\n|-damage|p1a: Iron Hands|66\/100\n|move|p2b: Flutter Mane|Moonblast|p1a: Iron Hands\n|-supereffective|p1a: Iron Hands\n|-damage|p1a: Iron Hands|0 fnt\n|faint|p1a: Iron Hands\n|-end|p1a: Iron Hands|Quark Drive|[silent]\n|\n|win|2245663y\n|raw|April112's rating: 1500 → 1476<\/strong> (-24 for losing)\n|raw|2245663y's rating: 1433 → 1457<\/strong> (+24 for winning)\n|l|\u2606April112\n","uploadtime":1684123839,"views":5,"p1id":"april112","p2id":"2245663y","formatid":"gen9vgc2023regulationc","rating":1457,"private":0,"password":""}