{"id":"gen9vgc2023regulationc-1852404192","p1":"Docenoko","p2":"hancec","format":"[Gen 9] VGC 2023 Regulation C","log":"|j|\u2606Docenoko\n|j|\u2606hancec\n|t:|1682553431\n|gametype|doubles\n|player|p1|Docenoko|1|1505\n|player|p2|hancec|gentleman-gen4dp|1585\n|teamsize|p1|6\n|teamsize|p2|6\n|gen|9\n|tier|[Gen 9] VGC 2023 Regulation C\n|rated|\n|rule|Species Clause: Limit one of each Pok\u00e9mon\n|rule|Item Clause: Limit one of each item\n|clearpoke\n|poke|p1|Tinkaton, L50, F|\n|poke|p1|Chien-Pao, L50|\n|poke|p1|Dragonite, L50, M|\n|poke|p1|Gyarados, L50, F|\n|poke|p1|Chi-Yu, L50|\n|poke|p1|Flutter Mane, L50|\n|poke|p2|Ting-Lu, L50|\n|poke|p2|Amoonguss, L50, F|\n|poke|p2|Flutter Mane, L50|\n|poke|p2|Garganacl, L50, F|\n|poke|p2|Arcanine, L50, M|\n|poke|p2|Iron Bundle, L50|\n|teampreview|4\nhancec has agreed to open team sheets.\nDocenoko has agreed to open team sheets.\n|\n|t:|1682553481\n|start\n|switch|p1a: Tinkaton|Tinkaton, L50, F|100\/100\n|switch|p1b: Flutter Mane|Flutter Mane, L50|100\/100\n|switch|p2a: Arcanine|Arcanine, L50, M, shiny|100\/100\n|switch|p2b: Bignacl|Garganacl, L50, F, shiny|100\/100\n|-ability|p1a: Tinkaton|Mold Breaker\n|-ability|p2a: Arcanine|Intimidate|boost\n|-unboost|p1a: Tinkaton|atk|1\n|-unboost|p1b: Flutter Mane|atk|1\n|-enditem|p1b: Flutter Mane|Booster Energy\n|-activate|p1b: Flutter Mane|ability: Protosynthesis|[fromitem]\n|-start|p1b: Flutter Mane|protosynthesisspa\n|turn|1\n|\n|t:|1682553514\n|-end|p1b: Flutter Mane|Protosynthesis|[silent]\n|switch|p1b: Gyarados|Gyarados, L50, F|100\/100\n|-ability|p1b: Gyarados|Intimidate|boost\n|-unboost|p2a: Arcanine|atk|1\n|-unboost|p2b: Bignacl|atk|1\n|move|p2b: Bignacl|Protect|p2b: Bignacl\n|-singleturn|p2b: Bignacl|Protect\n|move|p1a: Tinkaton|Fake Out|p2a: Arcanine\n|-damage|p2a: Arcanine|95\/100\n|cant|p2a: Arcanine|flinch\n|\n|upkeep\n|turn|2\n|\n|t:|1682553556\n|switch|p2b: Ting-Lu|Ting-Lu, L50|100\/100\n|-ability|p2b: Ting-Lu|Vessel of Ruin\n|-terastallize|p2a: Arcanine|Grass\n|move|p1a: Tinkaton|Thunder Wave|p2b: Ting-Lu\n|-immune|p2b: Ting-Lu\n|move|p1b: Gyarados|Waterfall|p2a: Arcanine\n|-resisted|p2a: Arcanine\n|-damage|p2a: Arcanine|72\/100\n|move|p2a: Arcanine|Will-O-Wisp|p1b: Gyarados\n|-status|p1b: Gyarados|brn\n|\n|-damage|p1b: Gyarados|95\/100 brn|[from] brn\n|upkeep\n|turn|3\n|inactive|Battle timer is ON: inactive players will automatically lose when time's up. (requested by Docenoko)\n|inactive|Docenoko has 60 seconds left.\n|\n|t:|1682553602\n|switch|p1a: Flutter Mane|Flutter Mane, L50|100\/100\n|move|p1b: Gyarados|Dragon Dance|p1b: Gyarados\n|-boost|p1b: Gyarados|atk|1\n|-boost|p1b: Gyarados|spe|1\n|move|p2a: Arcanine|Flare Blitz|p1a: Flutter Mane\n|-damage|p1a: Flutter Mane|44\/100\n|-damage|p2a: Arcanine|56\/100|[from] Recoil\n|move|p2b: Ting-Lu|Ruination|p1b: Gyarados\n|-damage|p1b: Gyarados|48\/100 brn\n|\n|-damage|p1b: Gyarados|42\/100 brn|[from] brn\n|upkeep\n|turn|4\n|inactive|Docenoko has 30 seconds left.\n|inactive|hancec has 30 seconds left.\n|inactive|hancec has 20 seconds left.\n|\n|t:|1682553642\n|-terastallize|p1a: Flutter Mane|Fairy\n|move|p2a: Arcanine|Extreme Speed|p1b: Gyarados\n|-crit|p1b: Gyarados\n|-damage|p1b: Gyarados|0 fnt\n|-damage|p2a: Arcanine|40\/100|[from] item: Rocky Helmet|[of] p1b: Gyarados\n|faint|p1b: Gyarados\n|move|p1a: Flutter Mane|Dazzling Gleam|p2a: Arcanine|[spread] p2a,p2b\n|-supereffective|p2b: Ting-Lu\n|-damage|p2a: Arcanine|5\/100\n|-damage|p2b: Ting-Lu|70\/100\n|-enditem|p2a: Arcanine|Iapapa Berry|[eat]\n|-heal|p2a: Arcanine|38\/100|[from] item: Iapapa Berry\n|move|p2b: Ting-Lu|Heavy Slam|p1a: Flutter Mane\n|-supereffective|p1a: Flutter Mane\n|-damage|p1a: Flutter Mane|0 fnt\n|faint|p1a: Flutter Mane\n|-end|p1a: Flutter Mane|Protosynthesis|[silent]\n|\n|upkeep\n|\n|t:|1682553658\n|switch|p1a: Chi-Yu|Chi-Yu, L50|100\/100\n|switch|p1b: Tinkaton|Tinkaton, L50, F|100\/100\n|-ability|p1b: Tinkaton|Mold Breaker\n|-ability|p1a: Chi-Yu|Beads of Ruin\n|turn|5\n|\n|t:|1682553682\n|move|p1b: Tinkaton|Feint|p2a: Arcanine\n|-damage|p2a: Arcanine|32\/100\n|move|p1a: Chi-Yu|Heat Wave|p2b: Ting-Lu|[spread] p2a,p2b\n|-supereffective|p2a: Arcanine\n|-damage|p2a: Arcanine|0 fnt\n|-damage|p2b: Ting-Lu|45\/100\n|faint|p2a: Arcanine\n|-damage|p1a: Chi-Yu|91\/100|[from] item: Life Orb\n|move|p2b: Ting-Lu|Stomping Tantrum|p1a: Chi-Yu\n|-supereffective|p1a: Chi-Yu\n|-damage|p1a: Chi-Yu|0 fnt\n|faint|p1a: Chi-Yu\n|\n|upkeep\n|\n|t:|1682553689\n|switch|p2a: Flutter Mane|Flutter Mane, L50|100\/100\n|-enditem|p2a: Flutter Mane|Booster Energy\n|-activate|p2a: Flutter Mane|ability: Protosynthesis|[fromitem]\n|-start|p2a: Flutter Mane|protosynthesisspa\n|turn|6\n|\n|t:|1682553697\n|move|p2a: Flutter Mane|Substitute|p2a: Flutter Mane\n|-start|p2a: Flutter Mane|Substitute\n|-damage|p2a: Flutter Mane|76\/100\n|move|p1b: Tinkaton|Gigaton Hammer|p2a: Flutter Mane\n|-supereffective|p2a: Flutter Mane\n|-end|p2a: Flutter Mane|Substitute\n|move|p2b: Ting-Lu|Stomping Tantrum|p1b: Tinkaton\n|-supereffective|p1b: Tinkaton\n|-damage|p1b: Tinkaton|25\/100\n|-enditem|p1b: Tinkaton|Sitrus Berry|[eat]\n|-heal|p1b: Tinkaton|50\/100|[from] item: Sitrus Berry\n|\n|upkeep\n|turn|7\n|\n|t:|1682553711\n|move|p2a: Flutter Mane|Shadow Ball|p1b: Tinkaton\n|-damage|p1b: Tinkaton|14\/100\n|move|p1b: Tinkaton|Thunder Wave|p2a: Flutter Mane\n|-status|p2a: Flutter Mane|par\n|move|p2b: Ting-Lu|Stomping Tantrum|p1b: Tinkaton\n|-supereffective|p1b: Tinkaton\n|-damage|p1b: Tinkaton|0 fnt\n|faint|p1b: Tinkaton\n|\n|win|hancec\n|raw|Docenoko's rating: 1505 → 1490<\/strong> (-15 for losing)\n|raw|hancec's rating: 1585 → 1600<\/strong> (+15 for winning)\n","uploadtime":1682553723,"views":31,"p1id":"docenoko","p2id":"hancec","formatid":"gen9vgc2023regulationc","rating":1490,"private":0,"password":""}