{"id":"gen9vgc2023regulationc-1846379652","p1":"Bobby Seegul","p2":"SwedeLRL","format":"[Gen 9] VGC 2023 Regulation C","log":"|j|\u2606Bobby Seegul\n|j|\u2606SwedeLRL\n|t:|1681836182\n|gametype|doubles\n|player|p1|Bobby Seegul|101|1120\n|player|p2|SwedeLRL|1|1048\n|teamsize|p1|6\n|teamsize|p2|6\n|gen|9\n|tier|[Gen 9] VGC 2023 Regulation C\n|rated|\n|rule|Species Clause: Limit one of each Pok\u00e9mon\n|rule|Item Clause: Limit one of each item\n|clearpoke\n|poke|p1|Gothitelle, L50, F|\n|poke|p1|Gyarados, L50, F|\n|poke|p1|Ting-Lu, L50|\n|poke|p1|Scream Tail, L50|\n|poke|p1|Iron Hands, L50|\n|poke|p1|Grimmsnarl, L50, M|\n|poke|p2|Flutter Mane, L50|\n|poke|p2|Arcanine, L50, F|\n|poke|p2|Amoonguss, L50, F|\n|poke|p2|Palafin, L50, F|\n|poke|p2|Zoroark, L50, M|\n|poke|p2|Gyarados, L50, F|\n|teampreview|4\n|\n|t:|1681836219\n|start\n|switch|p1a: Ting-Lu|Ting-Lu, L50|100\/100\n|switch|p1b: Grimmsnarl|Grimmsnarl, L50, M|100\/100\n|switch|p2a: Flutter Mane|Flutter Mane, L50|100\/100\n|switch|p2b: Gyarados|Gyarados, L50, F|100\/100\n|-ability|p2b: Gyarados|Intimidate|boost\n|-unboost|p1a: Ting-Lu|atk|1\n|-unboost|p1b: Grimmsnarl|atk|1\n|-ability|p1a: Ting-Lu|Vessel of Ruin\n|turn|1\n|\n|t:|1681836260\n|-terastallize|p1a: Ting-Lu|Poison\n|move|p1b: Grimmsnarl|Swagger|p1a: Ting-Lu\n|-boost|p1a: Ting-Lu|atk|2\n|-start|p1a: Ting-Lu|confusion\n|-enditem|p1a: Ting-Lu|Lum Berry|[eat]\n|-end|p1a: Ting-Lu|confusion\n|move|p2a: Flutter Mane|U-turn|p1a: Ting-Lu\n|-resisted|p1a: Ting-Lu\n|-damage|p1a: Ting-Lu|91\/100\n|\n|t:|1681836274\n|switch|p2a: Amoonguss|Amoonguss, L50, F|100\/100|[from] U-turn\n|move|p2b: Gyarados|Iron Head|p1b: Grimmsnarl\n|-supereffective|p1b: Grimmsnarl\n|-damage|p1b: Grimmsnarl|45\/100\n|move|p1a: Ting-Lu|Heavy Slam|p2a: Amoonguss\n|-damage|p2a: Amoonguss|48\/100\n|-enditem|p2a: Amoonguss|Sitrus Berry|[eat]\n|-heal|p2a: Amoonguss|73\/100|[from] item: Sitrus Berry\n|\n|upkeep\n|turn|2\n|\n|t:|1681836300\n|move|p1b: Grimmsnarl|Taunt|p2a: Amoonguss\n|-start|p2a: Amoonguss|move: Taunt\n|move|p2b: Gyarados|Thunder Wave|p1a: Ting-Lu\n|-status|p1a: Ting-Lu|par\n|cant|p2a: Amoonguss|move: Taunt|Spore\n|cant|p1a: Ting-Lu|par\n|\n|upkeep\n|turn|3\n|\n|t:|1681836321\n|move|p1b: Grimmsnarl|Parting Shot|p2b: Gyarados\n|-fail|p2b: Gyarados|unboost|[from] item: Clear Amulet|[of] p2b: Gyarados\n|move|p2b: Gyarados|Waterfall|p1a: Ting-Lu\n|-damage|p1a: Ting-Lu|66\/100 par\n|move|p2a: Amoonguss|Pollen Puff|p1b: Grimmsnarl\n|-damage|p1b: Grimmsnarl|34\/100\n|move|p1a: Ting-Lu|Heavy Slam|p2b: Gyarados\n|-resisted|p2b: Gyarados\n|-damage|p2b: Gyarados|86\/100\n|\n|upkeep\n|turn|4\n|\n|t:|1681836352\n|switch|p1b: Iron Hands|Iron Hands, L50, shiny|100\/100\n|cant|p1a: Ting-Lu|par\n|move|p2b: Gyarados|Waterfall|p1a: Ting-Lu\n|-damage|p1a: Ting-Lu|39\/100 par\n|move|p2a: Amoonguss|Pollen Puff|p2b: Gyarados\n|-heal|p2b: Gyarados|100\/100\n|\n|-end|p2a: Amoonguss|move: Taunt\n|upkeep\n|turn|5\n|\n|t:|1681836368\n|move|p2b: Gyarados|Protect|p2b: Gyarados\n|-singleturn|p2b: Gyarados|Protect\n|move|p1b: Iron Hands|Wild Charge|p2b: Gyarados\n|-activate|p2b: Gyarados|move: Protect\n|move|p2a: Amoonguss|Spore|p1b: Iron Hands\n|-status|p1b: Iron Hands|slp|[from] move: Spore\n|move|p1a: Ting-Lu|Heavy Slam|p2a: Amoonguss\n|-damage|p2a: Amoonguss|23\/100\n|\n|upkeep\n|turn|6\n|\n|t:|1681836388\n|-end|p1b: Iron Hands|Quark Drive|[silent]\n|switch|p1b: Grimmsnarl|Grimmsnarl, L50, M|34\/100\n|switch|p2a: Flutter Mane|Flutter Mane, L50|100\/100\n|-terastallize|p2b: Gyarados|Steel\n|move|p1a: Ting-Lu|Protect|p1a: Ting-Lu\n|-singleturn|p1a: Ting-Lu|Protect\n|move|p2b: Gyarados|Iron Head|p1a: Ting-Lu\n|-activate|p1a: Ting-Lu|move: Protect\n|\n|upkeep\n|turn|7\n|\n|t:|1681836414\n|switch|p1a: Gyarados|Gyarados, L50, F|100\/100\n|-ability|p1a: Gyarados|Intimidate|boost\n|-unboost|p2a: Flutter Mane|atk|1\n|-fail|p2b: Gyarados|unboost|[from] item: Clear Amulet|[of] p2b: Gyarados\n|move|p2a: Flutter Mane|Sucker Punch||[still]\n|-fail|p2a: Flutter Mane\n|move|p1b: Grimmsnarl|Parting Shot|p2a: Flutter Mane\n|-immune|p2a: Flutter Mane\n|move|p2b: Gyarados|Iron Head|p1b: Grimmsnarl\n|-supereffective|p1b: Grimmsnarl\n|-damage|p1b: Grimmsnarl|0 fnt\n|faint|p1b: Grimmsnarl\n|\n|upkeep\n|c|\u2606Bobby Seegul|how are u immune\n|\n|t:|1681836456\n|switch|p1b: Ting-Lu|Ting-Lu, L50, tera:Poison|39\/100 par\n|-ability|p1b: Ting-Lu|Vessel of Ruin\n|turn|8\n|\n|t:|1681836491\n|switch|p2a: Amoonguss|Amoonguss, L50, F|56\/100\n|move|p1b: Ting-Lu|Protect|p1b: Ting-Lu\n|-singleturn|p1b: Ting-Lu|Protect\n|move|p1a: Gyarados|Iron Head|p2a: Amoonguss\n|-damage|p2a: Amoonguss|29\/100\n|move|p2b: Gyarados|Thunder Wave|p1a: Gyarados\n|-status|p1a: Gyarados|par\n|\n|upkeep\n|turn|9\n|\n|t:|1681836510\n|switch|p2a: Flutter Mane|Flutter Mane, L50|100\/100\n|switch|p1b: Iron Hands|Iron Hands, L50, shiny|100\/100 slp\n|move|p2b: Gyarados|Waterfall|p1b: Iron Hands\n|-damage|p1b: Iron Hands|73\/100 slp\n|move|p1a: Gyarados|Iron Head|p2a: Flutter Mane\n|-damage|p2a: Flutter Mane|47\/100\n|replace|p2a: Zoroark|Zoroark, L50, M\n|-end|p2a: Zoroark|Illusion\n|\n|upkeep\n|turn|10\n|\n|t:|1681836544\n|move|p2a: Zoroark|U-turn|p1a: Gyarados\n|-resisted|p1a: Gyarados\n|-damage|p1a: Gyarados|84\/100 par\n|\n|t:|1681836547\n|switch|p2a: Amoonguss|Amoonguss, L50, F|62\/100|[from] U-turn\n|move|p2b: Gyarados|Waterfall|p1b: Iron Hands\n|-damage|p1b: Iron Hands|46\/100 slp\n|cant|p1b: Iron Hands|slp\n|move|p1a: Gyarados|Dragon Dance|p1a: Gyarados\n|-boost|p1a: Gyarados|atk|1\n|-boost|p1a: Gyarados|spe|1\n|\n|upkeep\n|turn|11\n|\n|t:|1681836575\n|move|p2a: Amoonguss|Protect|p2a: Amoonguss\n|-singleturn|p2a: Amoonguss|Protect\n|move|p2b: Gyarados|Waterfall|p1b: Iron Hands\n|-damage|p1b: Iron Hands|20\/100 slp\n|move|p1a: Gyarados|Iron Head|p2a: Amoonguss\n|-activate|p2a: Amoonguss|move: Protect\n|-curestatus|p1b: Iron Hands|slp|[msg]\n|move|p1b: Iron Hands|Drain Punch|p2b: Gyarados\n|-supereffective|p2b: Gyarados\n|-damage|p2b: Gyarados|15\/100\n|-heal|p1b: Iron Hands|54\/100|[from] drain|[of] p2b: Gyarados\n|\n|upkeep\n|turn|12\n|\n|t:|1681836616\n|move|p2a: Amoonguss|Rage Powder|p2a: Amoonguss\n|-singleturn|p2a: Amoonguss|move: Rage Powder\n|move|p2b: Gyarados|Waterfall|p1b: Iron Hands\n|-damage|p1b: Iron Hands|26\/100\n|move|p1a: Gyarados|Iron Head|p2a: Amoonguss\n|-damage|p2a: Amoonguss|21\/100\n|move|p1b: Iron Hands|Wild Charge|p2a: Amoonguss\n|-resisted|p2a: Amoonguss\n|-damage|p2a: Amoonguss|0 fnt\n|faint|p2a: Amoonguss\n|-damage|p1b: Iron Hands|21\/100|[from] Recoil\n|\n|upkeep\n|\n|t:|1681836627\n|switch|p2a: Flutter Mane|Flutter Mane, L50|100\/100\n|-enditem|p2a: Flutter Mane|Booster Energy\n|-activate|p2a: Flutter Mane|ability: Protosynthesis|[fromitem]\n|-start|p2a: Flutter Mane|protosynthesisspe\n|turn|13\n|\n|t:|1681836636\n|move|p2a: Flutter Mane|Hex|p1a: Gyarados\n|-damage|p1a: Gyarados|27\/100 par\n|-enditem|p1a: Gyarados|Sitrus Berry|[eat]\n|-heal|p1a: Gyarados|52\/100 par|[from] item: Sitrus Berry\n|move|p2b: Gyarados|Waterfall|p1b: Iron Hands\n|-damage|p1b: Iron Hands|0 fnt\n|faint|p1b: Iron Hands\n|-end|p1b: Iron Hands|Quark Drive|[silent]\n|move|p1a: Gyarados|Iron Head|p2a: Flutter Mane\n|-supereffective|p2a: Flutter Mane\n|-damage|p2a: Flutter Mane|0 fnt\n|faint|p2a: Flutter Mane\n|-end|p2a: Flutter Mane|Protosynthesis|[silent]\n|\n|upkeep\n|\n|t:|1681836647\n|switch|p2a: Gyarados|Gyarados, L50, F|47\/100\n|switch|p1b: Ting-Lu|Ting-Lu, L50, tera:Poison|39\/100 par\n|-ability|p1b: Ting-Lu|Vessel of Ruin\n|turn|14\n|\n|t:|1681836686\n|move|p2a: Gyarados|Crunch|p1a: Gyarados\n|-damage|p1a: Gyarados|0 fnt\n|faint|p1a: Gyarados\n|move|p2b: Gyarados|Waterfall|p1b: Ting-Lu\n|-damage|p1b: Ting-Lu|17\/100 par\n|cant|p1b: Ting-Lu|par\n|\n|upkeep\n|turn|15\n|\n|t:|1681836696\n|move|p2a: Gyarados|Crunch|p1b: Ting-Lu\n|-damage|p1b: Ting-Lu|0 fnt\n|faint|p1b: Ting-Lu\n|\n|win|SwedeLRL\n|raw|Bobby Seegul's rating: 1120 → 1090<\/strong> (-30 for losing)\n|raw|SwedeLRL's rating: 1048 → 1088<\/strong> (+40 for winning)\n|c|\u2606Bobby Seegul|very lucky\n|l|\u2606Bobby Seegul\n","uploadtime":1681836703,"views":12,"p1id":"bobbyseegul","p2id":"swedelrl","formatid":"gen9vgc2023regulationc","rating":1088,"private":0,"password":""}