{"id":"gen9vgc2023regulationc-1849506119","p1":"mypriestisbad","p2":"vroomfrogger","format":"[Gen 9] VGC 2023 Regulation C","log":"|j|\u2606mypriestisbad\n|j|\u2606vroomfrogger\n|t:|1682206579\n|gametype|doubles\n|player|p1|mypriestisbad|boarder|1282\n|player|p2|vroomfrogger|acetrainerf-gen4dp|1370\n|teamsize|p1|6\n|teamsize|p2|6\n|gen|9\n|tier|[Gen 9] VGC 2023 Regulation C\n|rated|\n|rule|Species Clause: Limit one of each Pok\u00e9mon\n|rule|Item Clause: Limit one of each item\n|clearpoke\n|poke|p1|Amoonguss, L50, F|\n|poke|p1|Chien-Pao, L50|\n|poke|p1|Dragonite, L50, F|\n|poke|p1|Flutter Mane, L50|\n|poke|p1|Chi-Yu, L50|\n|poke|p1|Gastrodon-East, L50, M|\n|poke|p2|Breloom, L50, M|\n|poke|p2|Talonflame, L50, M|\n|poke|p2|Great Tusk, L50|\n|poke|p2|Flutter Mane, L50|\n|poke|p2|Iron Bundle, L50|\n|poke|p2|Ceruledge, L50, F|\n|teampreview|4\n|inactive|Battle timer is ON: inactive players will automatically lose when time's up. (requested by vroomfrogger)\n|inactive|mypriestisbad also wants the timer to be on.\n|inactive|mypriestisbad has 60 seconds left.\n|\n|t:|1682206612\n|start\n|switch|p1a: Flutter Mane|Flutter Mane, L50, shiny|100\/100\n|switch|p1b: Chi-Yu|Chi-Yu, L50|100\/100\n|switch|p2a: Iron Bundle|Iron Bundle, L50|100\/100\n|switch|p2b: Breloom|Breloom, L50, M|100\/100\n|-ability|p1b: Chi-Yu|Beads of Ruin\n|-enditem|p2a: Iron Bundle|Booster Energy\n|-activate|p2a: Iron Bundle|ability: Quark Drive|[fromitem]\n|-start|p2a: Iron Bundle|quarkdrivespe\n|turn|1\n|inactive|mypriestisbad has 30 seconds left.\n|inactive|mypriestisbad has 20 seconds left.\n|\n|t:|1682206650\n|move|p2a: Iron Bundle|Icy Wind|p1b: Chi-Yu|[spread] p1a,p1b\n|-resisted|p1b: Chi-Yu\n|-damage|p1a: Flutter Mane|72\/100\n|-damage|p1b: Chi-Yu|87\/100\n|-unboost|p1a: Flutter Mane|spe|1\n|-unboost|p1b: Chi-Yu|spe|1\n|move|p2b: Breloom|Spore|p1a: Flutter Mane\n|-status|p1a: Flutter Mane|slp|[from] move: Spore\n|cant|p1a: Flutter Mane|slp\n|move|p1b: Chi-Yu|Heat Wave|p2b: Breloom|[spread] p2a,p2b\n|-supereffective|p2b: Breloom\n|-damage|p2a: Iron Bundle|0 fnt\n|-enditem|p2b: Breloom|Focus Sash\n|-damage|p2b: Breloom|1\/100\n|faint|p2a: Iron Bundle\n|-end|p2a: Iron Bundle|Quark Drive|[silent]\n|\n|upkeep\n|\n|t:|1682206664\n|switch|p2a: Ceruledge|Ceruledge, L50, F|100\/100\n|turn|2\n|\n|t:|1682206673\n|-end|p1a: Flutter Mane|Protosynthesis|[silent]\n|switch|p1a: Gastrodon|Gastrodon-East, L50, M|100\/100\n|move|p1b: Chi-Yu|Protect|p1b: Chi-Yu\n|-singleturn|p1b: Chi-Yu|Protect\n|move|p2b: Breloom|Mach Punch|p1b: Chi-Yu\n|-activate|p1b: Chi-Yu|move: Protect\n|move|p2a: Ceruledge|Shadow Sneak|p1a: Gastrodon\n|-damage|p1a: Gastrodon|78\/100\n|\n|-heal|p1a: Gastrodon|84\/100|[from] item: Leftovers\n|upkeep\n|turn|3\n|\n|t:|1682206689\n|switch|p1b: Dragonite|Dragonite, L50, F|100\/100\n|-terastallize|p2a: Ceruledge|Grass\n|move|p2b: Breloom|Protect|p2b: Breloom\n|-singleturn|p2b: Breloom|Protect\n|move|p2a: Ceruledge|Bulk Up|p2a: Ceruledge\n|-boost|p2a: Ceruledge|atk|1\n|-boost|p2a: Ceruledge|def|1\n|move|p1a: Gastrodon|Muddy Water|p2b: Breloom|[spread] p2a\n|-activate|p2b: Breloom|move: Protect\n|-resisted|p2a: Ceruledge\n|-damage|p2a: Ceruledge|89\/100\n|\n|-heal|p2a: Ceruledge|95\/100|[from] item: Leftovers\n|-heal|p1a: Gastrodon|90\/100|[from] item: Leftovers\n|upkeep\n|turn|4\n|inactive|mypriestisbad has 30 seconds left.\n|\n|t:|1682206715\n|move|p1b: Dragonite|Extreme Speed|p2b: Breloom\n|-damage|p2b: Breloom|0 fnt\n|faint|p2b: Breloom\n|move|p2a: Ceruledge|Bulk Up|p2a: Ceruledge\n|-boost|p2a: Ceruledge|atk|1\n|-boost|p2a: Ceruledge|def|1\n|move|p1a: Gastrodon|Clear Smog|p2a: Ceruledge\n|-supereffective|p2a: Ceruledge\n|-damage|p2a: Ceruledge|71\/100\n|-clearboost|p2a: Ceruledge\n|\n|-heal|p2a: Ceruledge|77\/100|[from] item: Leftovers\n|-heal|p1a: Gastrodon|96\/100|[from] item: Leftovers\n|upkeep\n|\n|t:|1682206723\n|switch|p2b: Flutter Mane|Flutter Mane, L50|100\/100\n|turn|5\n|\n|t:|1682206736\n|-terastallize|p1b: Dragonite|Normal\n|move|p1b: Dragonite|Extreme Speed|p2a: Ceruledge\n|-damage|p2a: Ceruledge|4\/100\n|move|p2a: Ceruledge|Shadow Sneak|p1b: Dragonite\n|-immune|p1b: Dragonite\n|move|p2b: Flutter Mane|Dazzling Gleam|p1b: Dragonite|[spread] p1a,p1b\n|-crit|p1b: Dragonite\n|-damage|p1a: Gastrodon|54\/100\n|-damage|p1b: Dragonite|38\/100\n|move|p1a: Gastrodon|Muddy Water|p2a: Ceruledge|[spread] p2a,p2b\n|-resisted|p2a: Ceruledge\n|-damage|p2a: Ceruledge|0 fnt\n|-damage|p2b: Flutter Mane|73\/100\n|-unboost|p2b: Flutter Mane|accuracy|1\n|faint|p2a: Ceruledge\n|\n|-heal|p1a: Gastrodon|60\/100|[from] item: Leftovers\n|upkeep\n|turn|6\n|-message|vroomfrogger forfeited.\n|\n|win|mypriestisbad\n|raw|mypriestisbad's rating: 1282 → 1313<\/strong> (+31 for winning)\n|raw|vroomfrogger's rating: 1370 → 1345<\/strong> (-25 for losing)\n|l|\u2606vroomfrogger\n","uploadtime":1682206860,"views":4,"p1id":"mypriestisbad","p2id":"vroomfrogger","formatid":"gen9vgc2023regulationc","rating":1313,"private":0,"password":""}