{"id":"gen9vgc2023regulationc-1854960763","p1":"haha you rage quit","p2":"Master7Melon","format":"[Gen 9] VGC 2023 Regulation C","log":"|j|\u2606haha you rage quit\n|j|\u2606Master7Melon\n|t:|1682885252\n|gametype|doubles\n|player|p1|haha you rage quit|pokemaniac|1212\n|player|p2|Master7Melon|byron|1120\n|teamsize|p1|6\n|teamsize|p2|6\n|gen|9\n|tier|[Gen 9] VGC 2023 Regulation C\n|rated|\n|rule|Species Clause: Limit one of each Pok\u00e9mon\n|rule|Item Clause: Limit one of each item\n|clearpoke\n|poke|p1|Pelipper, L50, M|\n|poke|p1|Indeedee-F, L50, F|\n|poke|p1|Armarouge, L50, M|\n|poke|p1|Gastrodon, L50, M|\n|poke|p1|Hatterene, L50, F|\n|poke|p1|Kingambit, L50, M|\n|poke|p2|Palafin, L50, M|\n|poke|p2|Arcanine, L50, F|\n|poke|p2|Amoonguss, L50, F|\n|poke|p2|Flutter Mane, L50|\n|poke|p2|Scizor, L50, F|\n|poke|p2|Iron Jugulis, L50|\n|teampreview|4\n|\n|t:|1682885299\n|start\n|switch|p1a: Indeedee|Indeedee-F, L50, F, shiny|100\/100\n|switch|p1b: Armarouge|Armarouge, L50, M|100\/100\n|switch|p2a: Scizor|Scizor, L50, F|100\/100\n|switch|p2b: Iron Jugulis|Iron Jugulis, L50|100\/100\n|-fieldstart|move: Psychic Terrain|[from] ability: Psychic Surge|[of] p1a: Indeedee\n|-enditem|p1a: Indeedee|Psychic Seed\n|-boost|p1a: Indeedee|spd|1|[from] item: Psychic Seed\n|turn|1\n|\n|t:|1682885318\n|-terastallize|p2a: Scizor|Water\n|-terastallize|p1b: Armarouge|Grass\n|move|p2b: Iron Jugulis|Dark Pulse|p1a: Indeedee\n|-supereffective|p1a: Indeedee\n|-damage|p1a: Indeedee|55\/100\n|move|p2a: Scizor|Pounce|p1a: Indeedee\n|-supereffective|p1a: Indeedee\n|-crit|p1a: Indeedee\n|-damage|p1a: Indeedee|0 fnt\n|faint|p1a: Indeedee\n|move|p1b: Armarouge|Trick Room|p1b: Armarouge\n|-fieldstart|move: Trick Room|[of] p1b: Armarouge\n|\n|upkeep\n|\n|t:|1682885336\n|switch|p1a: Kingambit|Kingambit, L50, M, shiny|100\/100\n|turn|2\n|\n|t:|1682885364\n|move|p1a: Kingambit|Low Kick|p2b: Iron Jugulis\n|-damage|p2b: Iron Jugulis|61\/100\n|move|p1b: Armarouge|Aura Sphere|p2b: Iron Jugulis\n|-damage|p2b: Iron Jugulis|28\/100\n|move|p2a: Scizor|Pounce|p1b: Armarouge\n|-supereffective|p1b: Armarouge\n|-damage|p1b: Armarouge|21\/100\n|-unboost|p1b: Armarouge|spe|1\n|move|p2b: Iron Jugulis|Air Slash|p1b: Armarouge\n|-supereffective|p1b: Armarouge\n|-damage|p1b: Armarouge|0 fnt\n|faint|p1b: Armarouge\n|\n|upkeep\n|\n|t:|1682885378\n|switch|p1b: Gastrodon|Gastrodon, L50, M|100\/100\n|turn|3\n|\n|t:|1682885394\n|move|p2a: Scizor|Protect|p2a: Scizor\n|-singleturn|p2a: Scizor|Protect\n|move|p1a: Kingambit|Swords Dance|p1a: Kingambit\n|-boost|p1a: Kingambit|atk|2\n|move|p1b: Gastrodon|Muddy Water|p2a: Scizor|[spread] \n|-activate|p2a: Scizor|move: Protect\n|-miss|p1b: Gastrodon|p2b: Iron Jugulis\n|move|p2b: Iron Jugulis|Taunt|p1b: Gastrodon\n|-start|p1b: Gastrodon|move: Taunt\n|\n|upkeep\n|turn|4\n|\n|t:|1682885415\n|-end|p2b: Iron Jugulis|Quark Drive|[silent]\n|switch|p2b: Amoonguss|Amoonguss, L50, F|100\/100\n|move|p1a: Kingambit|Swords Dance|p1a: Kingambit\n|-boost|p1a: Kingambit|atk|2\n|move|p1b: Gastrodon|Muddy Water|p2a: Scizor|[spread] p2a,p2b\n|-resisted|p2a: Scizor\n|-resisted|p2b: Amoonguss\n|-damage|p2a: Scizor|78\/100\n|-damage|p2b: Amoonguss|87\/100\n|move|p2a: Scizor|Swords Dance|p2a: Scizor\n|-boost|p2a: Scizor|atk|2\n|\n|upkeep\n|turn|5\n|\n|t:|1682885439\n|move|p1a: Kingambit|Kowtow Cleave|p2b: Amoonguss\n|-damage|p2b: Amoonguss|0 fnt\n|-damage|p1a: Kingambit|84\/100|[from] item: Rocky Helmet|[of] p2b: Amoonguss\n|faint|p2b: Amoonguss\n|move|p1b: Gastrodon|Muddy Water|p2a: Scizor\n|-resisted|p2a: Scizor\n|-damage|p2a: Scizor|47\/100\n|move|p2a: Scizor|Pounce|p1b: Gastrodon\n|-damage|p1b: Gastrodon|0 fnt\n|faint|p1b: Gastrodon\n|\n|-fieldend|move: Trick Room\n|-fieldend|move: Psychic Terrain\n|upkeep\n|\n|t:|1682885459\n|switch|p2b: Iron Jugulis|Iron Jugulis, L50|28\/100\n|turn|6\n|\n|t:|1682885473\n|move|p1a: Kingambit|Sucker Punch|p2a: Scizor\n|-damage|p2a: Scizor|0 fnt\n|faint|p2a: Scizor\n|move|p2b: Iron Jugulis|Tailwind|p2b: Iron Jugulis\n|-sidestart|p2: Master7Melon|move: Tailwind\n|\n|upkeep\n|\n|t:|1682885478\n|switch|p2a: Flutter Mane|Flutter Mane, L50|100\/100\n|-enditem|p2a: Flutter Mane|Booster Energy\n|-activate|p2a: Flutter Mane|ability: Protosynthesis|[fromitem]\n|-start|p2a: Flutter Mane|protosynthesisspa\n|turn|7\n|\n|t:|1682885486\n|move|p1a: Kingambit|Sucker Punch|p2a: Flutter Mane\n|-damage|p2a: Flutter Mane|0 fnt\n|faint|p2a: Flutter Mane\n|-end|p2a: Flutter Mane|Protosynthesis|[silent]\n|move|p2b: Iron Jugulis|Air Slash|p1a: Kingambit\n|-resisted|p1a: Kingambit\n|-damage|p1a: Kingambit|65\/100\n|\n|upkeep\n|turn|8\n|-message|Master7Melon forfeited.\n|\n|win|haha you rage quit\n|raw|haha you rage quit's rating: 1212 → 1231<\/strong> (+19 for winning)\n|raw|Master7Melon's rating: 1120 → 1101<\/strong> (-19 for losing)\n|l|\u2606Master7Melon\n","uploadtime":1682885507,"views":6,"p1id":"hahayouragequit","p2id":"master7melon","formatid":"gen9vgc2023regulationc","rating":1101,"private":0,"password":""}