{"id":"gen9vgc2023regulationc-1863305856","p1":"JNEWMZ","p2":"losteffect","format":"[Gen 9] VGC 2023 Regulation C","log":"|j|\u2606JNEWMZ\n|j|\u2606losteffect\n|t:|1684000366\n|gametype|doubles\n|player|p1|JNEWMZ|emmet|\n|player|p2|losteffect|rocketgrunt|\n|teamsize|p1|6\n|teamsize|p2|6\n|gen|9\n|tier|[Gen 9] VGC 2023 Regulation C\n|rule|Species Clause: Limit one of each Pok\u00e9mon\n|rule|Item Clause: Limit one of each item\n|clearpoke\n|poke|p1|Mudsdale, L50, F|\n|poke|p1|Iron Moth, L50|\n|poke|p1|Annihilape, L50, F|\n|poke|p1|Masquerain, L50, F|\n|poke|p1|Rotom-Wash, L50|\n|poke|p1|Ceruledge, L50, F|\n|poke|p2|Roaring Moon, L50|\n|poke|p2|Tinkaton, L50, F|\n|poke|p2|Gardevoir, L50, F|\n|poke|p2|Jumpluff, L50, M|\n|poke|p2|Bronzong, L50|\n|poke|p2|Froslass, L50, F|\n|teampreview|4\n|j| BossgodoraIII\n|c|\u2606JNEWMZ|everything seems fine now\n|c|\u2606JNEWMZ|quick reset usually does the trick\n|\n|t:|1684000493\n|start\n|switch|p1a: Rotom|Rotom-Wash, L50, shiny|100\/100\n|switch|p1b: Masquerain|Masquerain, L50, F, shiny|100\/100\n|switch|p2a: Gardevoir|Gardevoir, L50, F|100\/100\n|switch|p2b: Roaring Moon|Roaring Moon, L50|100\/100\n|-ability|p1b: Masquerain|Intimidate|boost\n|-unboost|p2a: Gardevoir|atk|1\n|-unboost|p2b: Roaring Moon|atk|1\n|-enditem|p2b: Roaring Moon|Booster Energy\n|-activate|p2b: Roaring Moon|ability: Protosynthesis|[fromitem]\n|-start|p2b: Roaring Moon|protosynthesisspe\n|-ability|p2a: Gardevoir|Levitate|[from] ability: Trace|[of] p1a: Rotom\n|turn|1\n|c|\u2606losteffect|ooo levitate\n|c|\u2606JNEWMZ|mmmmmmmm that was a nice trace\n|\n|t:|1684000538\n|move|p2b: Roaring Moon|Tailwind|p2b: Roaring Moon\n|-sidestart|p2: losteffect|move: Tailwind\n|move|p2a: Gardevoir|Dazzling Gleam|p1a: Rotom|[spread] p1a,p1b\n|-damage|p1a: Rotom|38\/100\n|-damage|p1b: Masquerain|38\/100\n|-damage|p2a: Gardevoir|91\/100|[from] item: Life Orb\n|move|p1a: Rotom|Will-O-Wisp|p2b: Roaring Moon\n|-status|p2b: Roaring Moon|brn\n|move|p1b: Masquerain|Icy Wind|p2b: Roaring Moon|[spread] p2a,p2b\n|-supereffective|p2b: Roaring Moon\n|-damage|p2a: Gardevoir|78\/100\n|-damage|p2b: Roaring Moon|73\/100 brn\n|-unboost|p2a: Gardevoir|spe|1\n|-unboost|p2b: Roaring Moon|spe|1\n|\n|-damage|p2b: Roaring Moon|67\/100 brn|[from] brn\n|upkeep\n|turn|2\n|\n|t:|1684000564\n|-end|p2b: Roaring Moon|Protosynthesis|[silent]\n|switch|p2b: Jumpluff|Jumpluff, L50, M|100\/100\n|move|p1a: Rotom|Protect|p1a: Rotom\n|-singleturn|p1a: Rotom|Protect\n|move|p2a: Gardevoir|Dazzling Gleam|p1a: Rotom|[spread] p1b\n|-activate|p1a: Rotom|move: Protect\n|-damage|p1b: Masquerain|0 fnt\n|faint|p1b: Masquerain\n|-damage|p2a: Gardevoir|68\/100|[from] item: Life Orb\n|\n|upkeep\n|\n|t:|1684000575\n|switch|p1b: Iron Moth|Iron Moth, L50|100\/100\n|-enditem|p1b: Iron Moth|Booster Energy\n|-activate|p1b: Iron Moth|ability: Quark Drive|[fromitem]\n|-start|p1b: Iron Moth|quarkdrivespa\n|turn|3\n|\n|t:|1684000637\n|switch|p2b: Roaring Moon|Roaring Moon, L50|67\/100 brn\n|-terastallize|p1b: Iron Moth|Fairy\n|move|p1b: Iron Moth|Heat Wave|p2a: Gardevoir|[spread] p2a,p2b\n|-resisted|p2b: Roaring Moon\n|-damage|p2a: Gardevoir|16\/100\n|-damage|p2b: Roaring Moon|42\/100 brn\n|move|p2a: Gardevoir|Dazzling Gleam|p1a: Rotom|[spread] p1a,p1b\n|-crit|p1b: Iron Moth\n|-damage|p1a: Rotom|0 fnt\n|-damage|p1b: Iron Moth|30\/100\n|faint|p1a: Rotom\n|-damage|p2a: Gardevoir|6\/100|[from] item: Life Orb\n|\n|-damage|p2b: Roaring Moon|36\/100 brn|[from] brn\n|upkeep\n|c|\u2606JNEWMZ|critttt\n|\n|t:|1684000652\n|switch|p1a: Mudsdale|Mudsdale, L50, F|100\/100\n|turn|4\n|c|\u2606losteffect|might have mattered\n|c|\u2606losteffect|but i dont think so\n|\n|t:|1684000758\n|switch|p2a: Tinkaton|Tinkaton, L50, F, shiny|100\/100\n|move|p1b: Iron Moth|Protect|p1b: Iron Moth\n|-singleturn|p1b: Iron Moth|Protect\n|move|p2b: Roaring Moon|Acrobatics|p1b: Iron Moth\n|-activate|p1b: Iron Moth|move: Protect\n|move|p1a: Mudsdale|Earthquake|p2a: Tinkaton|[spread] p2a,p2b\n|-activate|p1b: Iron Moth|move: Protect\n|-supereffective|p2a: Tinkaton\n|-damage|p2a: Tinkaton|4\/100\n|-damage|p2b: Roaring Moon|0 fnt\n|faint|p2b: Roaring Moon\n|-end|p2b: Roaring Moon|Protosynthesis|[silent]\n|\n|-sideend|p2: losteffect|move: Tailwind\n|upkeep\n|c|\u2606losteffect|did you read the earthquake or forget about levitate?\n|c|\u2606losteffect|swap*\n|c|\u2606JNEWMZ|lmfao i forgot\n|c|\u2606losteffect|bastard\n|\n|t:|1684000813\n|switch|p2b: Jumpluff|Jumpluff, L50, M|100\/100\n|turn|5\n|c|\u2606JNEWMZ|gotta love playing against a someone like me\n|c|\u2606losteffect|i had to debate it\n|\n|t:|1684000832\n|move|p2a: Tinkaton|Fake Out|p1b: Iron Moth\n|-damage|p1b: Iron Moth|11\/100\n|move|p2b: Jumpluff|Sleep Powder|p1a: Mudsdale|[miss]\n|-miss|p2b: Jumpluff|p1a: Mudsdale\n|cant|p1b: Iron Moth|flinch\n|move|p1a: Mudsdale|Heavy Slam|p2b: Jumpluff\n|-damage|p2b: Jumpluff|38\/100\n|\n|-heal|p2b: Jumpluff|44\/100|[from] item: Leftovers\n|upkeep\n|turn|6\n|c|\u2606losteffect|aha thats ok\n|\n|t:|1684000859\n|move|p2b: Jumpluff|Sleep Powder|p1a: Mudsdale|[miss]\n|-miss|p2b: Jumpluff|p1a: Mudsdale\n|move|p1b: Iron Moth|Heat Wave|p2a: Tinkaton|[spread] p2a,p2b\n|-supereffective|p2a: Tinkaton\n|-supereffective|p2b: Jumpluff\n|-damage|p2a: Tinkaton|0 fnt\n|-damage|p2b: Jumpluff|0 fnt\n|faint|p2a: Tinkaton\n|faint|p2b: Jumpluff\n|move|p1a: Mudsdale|Rock Slide|p2: Tinkaton|[notarget]\n|-fail|p1a: Mudsdale\n|\n|upkeep\n|c|\u2606losteffect|i had to take the W condition\n|\n|t:|1684000869\n|switch|p2b: Gardevoir|Gardevoir, L50, F|6\/100\n|-ability|p2b: Gardevoir|Stamina|[from] ability: Trace|[of] p1a: Mudsdale\n|turn|7\n|\n|t:|1684000883\n|move|p1b: Iron Moth|Heat Wave|p2b: Gardevoir|[miss]\n|-miss|p1b: Iron Moth|p2b: Gardevoir\n|move|p2b: Gardevoir|Psychic|p1a: Mudsdale\n|-damage|p1a: Mudsdale|55\/100\n|-ability|p1a: Mudsdale|Stamina|boost\n|-boost|p1a: Mudsdale|def|1\n|-damage|p2b: Gardevoir|0 fnt|[from] item: Life Orb\n|faint|p2b: Gardevoir\n|\n|win|JNEWMZ\n|c|\u2606JNEWMZ|gg\n|c|\u2606losteffect|gg\n","uploadtime":1684000893,"views":1,"p1id":"jnewmz","p2id":"losteffect","formatid":"gen9vgc2023regulationc","rating":0,"private":0,"password":""}