{"id":"gen9vgc2023regulationc-1863296678","p1":"FuratBang","p2":"Richweav13","format":"[Gen 9] VGC 2023 Regulation C","log":"|j|\u2606FuratBang\n|j|\u2606Richweav13\n|t:|1683999260\n|gametype|doubles\n|player|p1|FuratBang|crasherwake|\n|player|p2|Richweav13|169|\n|teamsize|p1|6\n|teamsize|p2|6\n|gen|9\n|tier|[Gen 9] VGC 2023 Regulation C\n|rule|Species Clause: Limit one of each Pok\u00e9mon\n|rule|Item Clause: Limit one of each item\n|clearpoke\n|poke|p1|Iron Hands, L50|\n|poke|p1|Tauros-Paldea-Blaze, L50, M|\n|poke|p1|Rotom-Wash, L50|\n|poke|p1|Mimikyu, L50, F|\n|poke|p1|Goodra, L50, F|\n|poke|p1|Impidimp, L50, M|\n|poke|p2|Sandy Shocks, L50|\n|poke|p2|Torkoal, L50, M|\n|poke|p2|Espathra, L50, M|\n|poke|p2|Haxorus, L50, M|\n|poke|p2|Gallade, L50, M|\n|poke|p2|Lilligant, L50, F|\n|teampreview|4\n|c|\u2606FuratBang|you making video or can i send into live battles?\n|c|\u2606Richweav13|you can send live battles\n|c|\u2606Richweav13|g1\n|c|\u2606FuratBang|alright glhf\n|c|\u2606Richweav13|you too\n|\n|t:|1683999436\n|start\n|switch|p1a: Rotom|Rotom-Wash, L50|100\/100\n|switch|p1b: Impidimp|Impidimp, L50, M|100\/100\n|switch|p2a: Haxorus|Haxorus, L50, M|100\/100\n|switch|p2b: Espathra|Espathra, L50, M|100\/100\n|-ability|p2a: Haxorus|Mold Breaker\n|turn|1\n|\n|t:|1683999515\n|move|p1b: Impidimp|Fake Out|p2a: Haxorus\n|-damage|p2a: Haxorus|94\/100\n|cant|p2a: Haxorus|flinch\n|move|p2b: Espathra|Lumina Crash|p1a: Rotom\n|-damage|p1a: Rotom|55\/100\n|-unboost|p1a: Rotom|spd|2\n|move|p1a: Rotom|Volt Switch|p2a: Haxorus\n|-resisted|p2a: Haxorus\n|-damage|p2a: Haxorus|64\/100\n|\n|t:|1683999564\n|switch|p1a: Goodra|Goodra, L50, F|100\/100|[from] Volt Switch\n|\n|-ability|p2b: Espathra|Speed Boost|boost\n|-boost|p2b: Espathra|spe|1\n|upkeep\n|turn|2\n|\n|t:|1683999600\n|-terastallize|p1a: Goodra|Fairy\n|move|p1b: Impidimp|Reflect|p1b: Impidimp\n|-sidestart|p1: FuratBang|Reflect\n|move|p2b: Espathra|Dazzling Gleam|p1b: Impidimp|[spread] p1a,p1b\n|-supereffective|p1b: Impidimp\n|-damage|p1a: Goodra|89\/100\n|-damage|p1b: Impidimp|64\/100\n|move|p2a: Haxorus|Dragon Claw|p1a: Goodra\n|-immune|p1a: Goodra\n|move|p1a: Goodra|Draco Meteor|p2a: Haxorus\n|-supereffective|p2a: Haxorus\n|-damage|p2a: Haxorus|0 fnt\n|-unboost|p1a: Goodra|spa|2\n|faint|p2a: Haxorus\n|\n|-heal|p1a: Goodra|95\/100|[from] item: Leftovers\n|-ability|p2b: Espathra|Speed Boost|boost\n|-boost|p2b: Espathra|spe|1\n|upkeep\n|\n|t:|1683999635\n|switch|p2a: Sandy Shocks|Sandy Shocks, L50|100\/100\n|-enditem|p2a: Sandy Shocks|Booster Energy\n|-activate|p2a: Sandy Shocks|ability: Protosynthesis|[fromitem]\n|-start|p2a: Sandy Shocks|protosynthesisspa\n|turn|3\n|\n|t:|1683999679\n|move|p1a: Goodra|Protect|p1a: Goodra\n|-singleturn|p1a: Goodra|Protect\n|move|p1b: Impidimp|Light Screen|p1b: Impidimp\n|-sidestart|p1: FuratBang|move: Light Screen\n|move|p2b: Espathra|Flash Cannon|p1a: Goodra\n|-activate|p1a: Goodra|move: Protect\n|move|p2a: Sandy Shocks|Thunderbolt|p1a: Goodra\n|-activate|p1a: Goodra|move: Protect\n|\n|-heal|p1a: Goodra|100\/100|[from] item: Leftovers\n|-ability|p2b: Espathra|Speed Boost|boost\n|-boost|p2b: Espathra|spe|1\n|upkeep\n|turn|4\n|j| KCXII\n|\n|t:|1683999745\n|switch|p1a: Iron Hands|Iron Hands, L50|100\/100\n|switch|p1b: Rotom|Rotom-Wash, L50|55\/100\n|move|p2b: Espathra|Flash Cannon|p1a: Iron Hands\n|-resisted|p1a: Iron Hands\n|-damage|p1a: Iron Hands|96\/100\n|move|p2a: Sandy Shocks|Thunderbolt|p1a: Iron Hands\n|-resisted|p1a: Iron Hands\n|-damage|p1a: Iron Hands|83\/100\n|\n|-ability|p2b: Espathra|Speed Boost|boost\n|-boost|p2b: Espathra|spe|1\n|upkeep\n|turn|5\n|\n|t:|1683999816\n|move|p1a: Iron Hands|Fake Out|p2a: Sandy Shocks\n|-damage|p2a: Sandy Shocks|82\/100\n|move|p2b: Espathra|Lumina Crash|p1a: Iron Hands\n|-supereffective|p1a: Iron Hands\n|-damage|p1a: Iron Hands|51\/100\n|-unboost|p1a: Iron Hands|spd|2\n|cant|p2a: Sandy Shocks|flinch\n|move|p1b: Rotom|Hydro Pump|p2a: Sandy Shocks\n|-supereffective|p2a: Sandy Shocks\n|-damage|p2a: Sandy Shocks|0 fnt\n|faint|p2a: Sandy Shocks\n|-end|p2a: Sandy Shocks|Protosynthesis|[silent]\n|\n|-ability|p2b: Espathra|Speed Boost|boost\n|-boost|p2b: Espathra|spe|1\n|upkeep\n|\n|t:|1683999830\n|switch|p2a: Torkoal|Torkoal, L50, M|100\/100\n|-weather|SunnyDay|[from] ability: Drought|[of] p2a: Torkoal\n|turn|6\n|\n|t:|1683999875\n|-end|p1a: Iron Hands|Quark Drive|[silent]\n|switch|p1a: Impidimp|Impidimp, L50, M|64\/100\n|-terastallize|p2a: Torkoal|Water\n|move|p2b: Espathra|Lumina Crash|p1a: Impidimp\n|-immune|p1a: Impidimp\n|move|p1b: Rotom|Volt Switch|p2a: Torkoal\n|-supereffective|p2a: Torkoal\n|-damage|p2a: Torkoal|4\/100\n|\n|t:|1683999897\n|switch|p1b: Goodra|Goodra, L50, F, tera:Fairy|100\/100|[from] Volt Switch\n|move|p2a: Torkoal|Heat Wave|p1a: Impidimp|[spread] p1a,p1b\n|-damage|p1a: Impidimp|27\/100\n|-damage|p1b: Goodra|79\/100\n|\n|-weather|SunnyDay|[upkeep]\n|-heal|p1b: Goodra|85\/100|[from] item: Leftovers\n|-sideend|p1: FuratBang|Reflect\n|-ability|p2b: Espathra|Speed Boost|boost\n|-boost|p2b: Espathra|spe|1\n|upkeep\n|turn|7\n|\n|t:|1683999924\n|move|p1a: Impidimp|Fake Out|p2a: Torkoal\n|-damage|p2a: Torkoal|0 fnt\n|faint|p2a: Torkoal\n|move|p2b: Espathra|Dazzling Gleam|p1b: Goodra|[spread] p1a,p1b\n|-supereffective|p1a: Impidimp\n|-damage|p1a: Impidimp|2\/100\n|-damage|p1b: Goodra|77\/100\n|move|p1b: Goodra|Flamethrower|p2b: Espathra\n|-damage|p2b: Espathra|29\/100\n|\n|-weather|SunnyDay|[upkeep]\n|-heal|p1b: Goodra|83\/100|[from] item: Leftovers\n|-sideend|p1: FuratBang|move: Light Screen\n|upkeep\n|turn|8\n|\n|t:|1683999949\n|switch|p1a: Rotom|Rotom-Wash, L50|55\/100\n|move|p2b: Espathra|Flash Cannon|p1b: Goodra\n|-supereffective|p1b: Goodra\n|-damage|p1b: Goodra|52\/100\n|move|p1b: Goodra|Flamethrower|p2b: Espathra\n|-damage|p2b: Espathra|0 fnt\n|faint|p2b: Espathra\n|\n|win|FuratBang\n|l| KCXII\n|c|\u2606FuratBang|gg\n|c|\u2606Richweav13|gg\n|j| j4ce\n|l| j4ce\n","uploadtime":1684001563,"views":15,"p1id":"furatbang","p2id":"richweav13","formatid":"gen9vgc2023regulationc","rating":0,"private":0,"password":""}