{"id":"gen9vgc2023regulationc-1846749428","p1":"ChossyVGC","p2":"fo50","format":"[Gen 9] VGC 2023 Regulation C","log":"|j|\u2606ChossyVGC\n|j|\u2606fo50\n|t:|1681873696\n|gametype|doubles\n|player|p1|ChossyVGC|veteran|1033\n|player|p2|fo50|2|1039\n|teamsize|p1|6\n|teamsize|p2|6\n|gen|9\n|tier|[Gen 9] VGC 2023 Regulation C\n|rated|\n|rule|Species Clause: Limit one of each Pok\u00e9mon\n|rule|Item Clause: Limit one of each item\n|clearpoke\n|poke|p1|Bronzong, L50|\n|poke|p1|Kingambit, L50, F|\n|poke|p1|Lycanroc-Midnight, L50, F|\n|poke|p1|Blissey, L50, F|\n|poke|p1|Dondozo, L50, M|\n|poke|p1|Tatsugiri, L50, F|\n|poke|p2|Scovillain, L50, F|\n|poke|p2|Dragonite, L50, F|\n|poke|p2|Tinkaton, L50, F|\n|poke|p2|Garchomp, L50, F|\n|poke|p2|Torkoal, L50, F|\n|poke|p2|Scizor, L50, M|\n|teampreview|4\n|inactive|Battle timer is ON: inactive players will automatically lose when time's up. (requested by ChossyVGC)\n|inactive|fo50 has 60 seconds left.\n|\n|t:|1681873763\n|start\n|switch|p1a: Bronzong|Bronzong, L50|100\/100\n|switch|p1b: Lycanroc|Lycanroc-Midnight, L50, F|100\/100\n|switch|p2a: Garchomp|Garchomp, L50, F|100\/100\n|switch|p2b: Scizor|Scizor, L50, M|100\/100\n|turn|1\n|\n|t:|1681873786\n|-terastallize|p2b: Scizor|Flying\n|move|p1b: Lycanroc|Protect|p1b: Lycanroc\n|-singleturn|p1b: Lycanroc|Protect\n|move|p2a: Garchomp|Earthquake|p1b: Lycanroc|[spread] \n|-activate|p1b: Lycanroc|move: Protect\n|-immune|p2b: Scizor\n|-immune|p1a: Bronzong|[from] ability: Levitate\n|move|p2b: Scizor|Leer|p1a: Bronzong|[spread] p1a\n|-activate|p1b: Lycanroc|move: Protect\n|-unboost|p1a: Bronzong|def|1\n|move|p1a: Bronzong|Trick Room|p1a: Bronzong\n|-fieldstart|move: Trick Room|[of] p1a: Bronzong\n|\n|upkeep\n|turn|2\n|inactive|fo50 has 30 seconds left.\n|\n|t:|1681873813\n|move|p2b: Scizor|Bullet Punch|p1b: Lycanroc\n|-supereffective|p1b: Lycanroc\n|-damage|p1b: Lycanroc|6\/100\n|move|p1a: Bronzong|Skill Swap|p1b: Lycanroc\n|-activate|p1a: Bronzong|move: Skill Swap|||[of] p1b: Lycanroc\n|move|p1b: Lycanroc|Charm|p2b: Scizor\n|-unboost|p2b: Scizor|atk|2\n|move|p2a: Garchomp|Dragon Claw|p1a: Bronzong\n|-resisted|p1a: Bronzong\n|-damage|p1a: Bronzong|74\/100\n|\n|upkeep\n|turn|3\n|\n|t:|1681873830\n|switch|p1b: Dondozo|Dondozo, L50, M|100\/100\n|move|p2b: Scizor|Bullet Punch|p1b: Dondozo\n|-resisted|p1b: Dondozo\n|-damage|p1b: Dondozo|90\/100\n|move|p1a: Bronzong|Skill Swap|p1b: Dondozo\n|-activate|p1a: Bronzong|move: Skill Swap|||[of] p1b: Dondozo\n|move|p2a: Garchomp|Dragon Claw|p1a: Bronzong\n|-resisted|p1a: Bronzong\n|-damage|p1a: Bronzong|47\/100\n|\n|upkeep\n|turn|4\n|\n|t:|1681873855\n|move|p1a: Bronzong|Gravity|p1a: Bronzong\n|-fieldstart|move: Gravity\n|move|p1b: Dondozo|Fissure|p2b: Scizor\n|-damage|p2b: Scizor|0 fnt\n|faint|p2b: Scizor\n|-ohko\n|move|p2a: Garchomp|Thunder Fang|p1b: Dondozo\n|-supereffective|p1b: Dondozo\n|-damage|p1b: Dondozo|62\/100\n|\n|upkeep\n|\n|t:|1681873870\n|switch|p2b: Scovillain|Scovillain, L50, F|100\/100\n|turn|5\n|\n|t:|1681873881\n|-terastallize|p1b: Dondozo|Fire\n|move|p2b: Scovillain|Protect|p2b: Scovillain\n|-singleturn|p2b: Scovillain|Protect\n|move|p1a: Bronzong|Hypnosis|p2a: Garchomp\n|-status|p2a: Garchomp|slp|[from] move: Hypnosis\n|move|p1b: Dondozo|Fissure|p2b: Scovillain\n|-activate|p2b: Scovillain|move: Protect\n|cant|p2a: Garchomp|slp\n|\n|-fieldend|move: Trick Room\n|upkeep\n|turn|6\n|inactive|fo50 has 30 seconds left.\n|\n|t:|1681873912\n|switch|p2a: Torkoal|Torkoal, L50, F|100\/100\n|-weather|SunnyDay|[from] ability: Drought|[of] p2a: Torkoal\n|switch|p1a: Tatsugiri|Tatsugiri, L50, F|100\/100\n|-activate|p1a: Tatsugiri|ability: Commander|[of] p1b: Dondozo\n|-boost|p1b: Dondozo|atk|2\n|-boost|p1b: Dondozo|spa|2\n|-boost|p1b: Dondozo|spe|2\n|-boost|p1b: Dondozo|def|2\n|-boost|p1b: Dondozo|spd|2\n|move|p2b: Scovillain|Flamethrower|p1b: Dondozo\n|-resisted|p1b: Dondozo\n|-damage|p1b: Dondozo|45\/100\n|-damage|p2b: Scovillain|91\/100|[from] item: Life Orb\n|move|p1b: Dondozo|Fissure|p2a: Torkoal\n|-damage|p2a: Torkoal|0 fnt\n|-enditem|p2a: Torkoal|Air Balloon\n|faint|p2a: Torkoal\n|-ohko\n|\n|-weather|SunnyDay|[upkeep]\n|upkeep\n|\n|t:|1681873934\n|switch|p2a: Garchomp|Garchomp, L50, F|100\/100 slp\n|turn|7\n|\n|t:|1681873941\n|move|p2b: Scovillain|Protect|p2b: Scovillain\n|-singleturn|p2b: Scovillain|Protect\n|-curestatus|p2a: Garchomp|slp|[msg]\n|move|p2a: Garchomp|Earthquake|p1b: Dondozo|[spread] p1b\n|-miss|p2a: Garchomp|p1a: Tatsugiri\n|-activate|p2b: Scovillain|move: Protect\n|-supereffective|p1b: Dondozo\n|-damage|p1b: Dondozo|21\/100\n|move|p1b: Dondozo|Fissure|p2a: Garchomp\n|-damage|p2a: Garchomp|0 fnt\n|faint|p2a: Garchomp\n|-ohko\n|\n|-weather|SunnyDay|[upkeep]\n|upkeep\n|turn|8\n|\n|t:|1681873961\n|move|p2b: Scovillain|Flamethrower|p1b: Dondozo\n|-resisted|p1b: Dondozo\n|-damage|p1b: Dondozo|4\/100\n|-damage|p2b: Scovillain|81\/100|[from] item: Life Orb\n|move|p1b: Dondozo|Fissure|p2b: Scovillain\n|-damage|p2b: Scovillain|0 fnt\n|faint|p2b: Scovillain\n|-ohko\n|\n|win|ChossyVGC\n|raw|ChossyVGC's rating: 1033 → 1069<\/strong> (+36 for winning)\n|raw|fo50's rating: 1039 → 1023<\/strong> (-16 for losing)\n|c|\u2606ChossyVGC|gg\n","uploadtime":1681873978,"views":17,"p1id":"chossyvgc","p2id":"fo50","formatid":"gen9vgc2023regulationc","rating":1023,"private":0,"password":""}