{"id":"gen9vgc2023regulationc-1860171665","p1":"xcj805x","p2":"WillieDangerously","format":"[Gen 9] VGC 2023 Regulation C","log":"|j|\u2606xcj805x\n|j|\u2606WillieDangerously\n|t:|1683604376\n|gametype|doubles\n|player|p1|xcj805x|2|1073\n|player|p2|WillieDangerously|psychic-gen4|1148\n|teamsize|p1|6\n|teamsize|p2|6\n|gen|9\n|tier|[Gen 9] VGC 2023 Regulation C\n|rated|\n|rule|Species Clause: Limit one of each Pok\u00e9mon\n|rule|Item Clause: Limit one of each item\n|clearpoke\n|poke|p1|Roaring Moon, L50|\n|poke|p1|Drifblim, L50, M|\n|poke|p1|Arcanine, L50, F|\n|poke|p1|Flutter Mane, L50|\n|poke|p1|Amoonguss, L50, F|\n|poke|p1|Baxcalibur, L50, M|\n|poke|p2|Iron Treads, L50|\n|poke|p2|Iron Bundle, L50|\n|poke|p2|Flutter Mane, L50|\n|poke|p2|Roaring Moon, L50|\n|poke|p2|Rotom-Wash, L50|\n|poke|p2|Chi-Yu, L50|\n|teampreview|4\n|j| Paulpkmn11\n|\n|t:|1683604420\n|start\n|switch|p1a: Drifblim|Drifblim, L50, M|100\/100\n|switch|p1b: Arcanine|Arcanine, L50, F|100\/100\n|switch|p2a: Roaring Moon|Roaring Moon, L50|100\/100\n|switch|p2b: Iron Bundle|Iron Bundle, L50|100\/100\n|-ability|p1b: Arcanine|Intimidate|boost\n|-unboost|p2a: Roaring Moon|atk|1\n|-unboost|p2b: Iron Bundle|atk|1\n|turn|1\n|l| Paulpkmn11\n|\n|t:|1683604447\n|-terastallize|p2a: Roaring Moon|Dark\n|move|p1b: Arcanine|Protect|p1b: Arcanine\n|-singleturn|p1b: Arcanine|Protect\n|move|p2b: Iron Bundle|Icy Wind|p1a: Drifblim|[spread] p1a\n|-activate|p1b: Arcanine|move: Protect\n|-supereffective|p1a: Drifblim\n|-damage|p1a: Drifblim|64\/100\n|-unboost|p1a: Drifblim|spe|1\n|move|p2a: Roaring Moon|Jaw Lock|p1a: Drifblim\n|-supereffective|p1a: Drifblim\n|-damage|p1a: Drifblim|0 fnt\n|faint|p1a: Drifblim\n|\n|upkeep\n|\n|t:|1683604464\n|switch|p1a: Flutter Mane|Flutter Mane, L50|100\/100\n|turn|2\n|\n|t:|1683604476\n|move|p2a: Roaring Moon|Protect|p2a: Roaring Moon\n|-singleturn|p2a: Roaring Moon|Protect\n|move|p2b: Iron Bundle|Encore|p1b: Arcanine\n|-start|p1b: Arcanine|Encore\n|move|p1a: Flutter Mane|Dazzling Gleam|p2a: Roaring Moon|[spread] p2b\n|-activate|p2a: Roaring Moon|move: Protect\n|-damage|p2b: Iron Bundle|32\/100\n|move|p1b: Arcanine|Protect||[still]\n|-fail|p1b: Arcanine\n|\n|upkeep\n|turn|3\n|\n|t:|1683604496\n|-end|p2a: Roaring Moon|Protosynthesis|[silent]\n|switch|p2a: Iron Treads|Iron Treads, L50|100\/100\n|move|p2b: Iron Bundle|Protect|p2b: Iron Bundle\n|-singleturn|p2b: Iron Bundle|Protect\n|move|p1b: Arcanine|Protect|p1b: Arcanine\n|-singleturn|p1b: Arcanine|Protect\n|move|p1a: Flutter Mane|Dazzling Gleam|p2b: Iron Bundle|[spread] p2a\n|-activate|p2b: Iron Bundle|move: Protect\n|-resisted|p2a: Iron Treads\n|-damage|p2a: Iron Treads|76\/100\n|\n|upkeep\n|turn|4\n|\n|t:|1683604522\n|move|p1b: Arcanine|Protect||[still]\n|-fail|p1b: Arcanine\n|move|p2b: Iron Bundle|Icy Wind|p1a: Flutter Mane|[spread] p1a,p1b\n|-resisted|p1b: Arcanine\n|-damage|p1a: Flutter Mane|86\/100\n|-damage|p1b: Arcanine|89\/100\n|-unboost|p1a: Flutter Mane|spe|1\n|-unboost|p1b: Arcanine|spe|1\n|move|p2a: Iron Treads|Iron Head|p1a: Flutter Mane\n|-supereffective|p1a: Flutter Mane\n|-damage|p1a: Flutter Mane|0 fnt\n|faint|p1a: Flutter Mane\n|-end|p1a: Flutter Mane|Protosynthesis|[silent]\n|\n|-end|p1b: Arcanine|Encore\n|upkeep\n|\n|t:|1683604535\n|switch|p1a: Roaring Moon|Roaring Moon, L50|100\/100\n|-enditem|p1a: Roaring Moon|Booster Energy\n|-activate|p1a: Roaring Moon|ability: Protosynthesis|[fromitem]\n|-start|p1a: Roaring Moon|protosynthesisatk\n|turn|5\n|\n|t:|1683604555\n|move|p2a: Iron Treads|Protect|p2a: Iron Treads\n|-singleturn|p2a: Iron Treads|Protect\n|move|p2b: Iron Bundle|Icy Wind|p1a: Roaring Moon|[spread] p1a\n|-miss|p2b: Iron Bundle|p1b: Arcanine\n|-supereffective|p1a: Roaring Moon\n|-damage|p1a: Roaring Moon|54\/100\n|-unboost|p1a: Roaring Moon|spe|1\n|move|p1a: Roaring Moon|Breaking Swipe|p2b: Iron Bundle|[spread] p2b\n|-activate|p2a: Iron Treads|move: Protect\n|-damage|p2b: Iron Bundle|0 fnt\n|faint|p2b: Iron Bundle\n|-end|p2b: Iron Bundle|Quark Drive|[silent]\n|move|p1b: Arcanine|Howl|p1b: Arcanine|[spread] p1a,p1b\n|-boost|p1a: Roaring Moon|atk|1\n|-boost|p1b: Arcanine|atk|1\n|\n|upkeep\n|\n|t:|1683604584\n|switch|p2b: Flutter Mane|Flutter Mane, L50|100\/100\n|turn|6\n|\n|t:|1683604600\n|-terastallize|p1a: Roaring Moon|Ground\n|move|p2b: Flutter Mane|Protect|p2b: Flutter Mane\n|-singleturn|p2b: Flutter Mane|Protect\n|move|p1b: Arcanine|Protect|p1b: Arcanine\n|-singleturn|p1b: Arcanine|Protect\n|move|p2a: Iron Treads|Earthquake|p1a: Roaring Moon|[spread] p1a\n|-activate|p2b: Flutter Mane|move: Protect\n|-activate|p1b: Arcanine|move: Protect\n|-damage|p1a: Roaring Moon|10\/100\n|move|p1a: Roaring Moon|Earthquake|p2b: Flutter Mane|[spread] p2a\n|-activate|p1b: Arcanine|move: Protect\n|-activate|p2b: Flutter Mane|move: Protect\n|-supereffective|p2a: Iron Treads\n|-damage|p2a: Iron Treads|0 fnt\n|faint|p2a: Iron Treads\n|-end|p2a: Iron Treads|Quark Drive|[silent]\n|\n|upkeep\n|\n|t:|1683604617\n|switch|p2a: Roaring Moon|Roaring Moon, L50, tera:Dark|100\/100\n|turn|7\n|\n|t:|1683604629\n|move|p2b: Flutter Mane|Dazzling Gleam|p1b: Arcanine|[spread] p1a,p1b\n|-resisted|p1b: Arcanine\n|-damage|p1a: Roaring Moon|0 fnt\n|-damage|p1b: Arcanine|68\/100\n|faint|p1a: Roaring Moon\n|-end|p1a: Roaring Moon|Protosynthesis|[silent]\n|-damage|p2b: Flutter Mane|91\/100|[from] item: Life Orb\n|move|p2a: Roaring Moon|Jaw Lock|p1b: Arcanine\n|-damage|p1b: Arcanine|22\/100\n|-activate|p2a: Roaring Moon|trapped\n|-activate|p1b: Arcanine|trapped\n|move|p1b: Arcanine|Will-O-Wisp|p2b: Flutter Mane\n|-status|p2b: Flutter Mane|brn\n|\n|-damage|p2b: Flutter Mane|85\/100 brn|[from] brn\n|upkeep\n|turn|8\n|\n|t:|1683604647\n|move|p2b: Flutter Mane|Shadow Ball|p1b: Arcanine\n|-damage|p1b: Arcanine|0 fnt\n|faint|p1b: Arcanine\n|-damage|p2b: Flutter Mane|76\/100 brn|[from] item: Life Orb\n|\n|win|WillieDangerously\n|raw|xcj805x's rating: 1073 → 1057<\/strong> (-16 for losing)\n|raw|WillieDangerously's rating: 1148 → 1168<\/strong> (+20 for winning)\n","uploadtime":1683604652,"views":11,"p1id":"xcj805x","p2id":"williedangerously","formatid":"gen9vgc2023regulationc","rating":1057,"private":0,"password":""}