{"id":"gen9vgc2023regulationc-1861150028","p1":"Ctt97","p2":"Bobblesbigpkballs","format":"[Gen 9] VGC 2023 Regulation C","log":"|j|\u2606Ctt97\n|j|\u2606Bobblesbigpkballs\n|t:|1683730959\n|gametype|doubles\n|player|p1|Ctt97|170|1163\n|player|p2|Bobblesbigpkballs|guitarist-gen4|1111\n|teamsize|p1|6\n|teamsize|p2|6\n|gen|9\n|tier|[Gen 9] VGC 2023 Regulation C\n|rated|\n|rule|Species Clause: Limit one of each Pok\u00e9mon\n|rule|Item Clause: Limit one of each item\n|clearpoke\n|poke|p1|Wo-Chien, L50|\n|poke|p1|Ting-Lu, L50|\n|poke|p1|Baxcalibur, L50, M|\n|poke|p1|Klefki, L50, F|\n|poke|p1|Gastrodon, L50, M|\n|poke|p1|Skeledirge, L50, M|\n|poke|p2|Eelektross, L50, F|\n|poke|p2|Avalugg, L50, F|\n|poke|p2|Iron Bundle, L50|\n|poke|p2|Slowking, L50, F|\n|poke|p2|Gastrodon, L50, F|\n|poke|p2|Annihilape, L50, M|\n|teampreview|4\n|inactive|Battle timer is ON: inactive players will automatically lose when time's up. (requested by Bobblesbigpkballs)\n|inactive|Ctt97 has 60 seconds left.\n|inactive|Bobblesbigpkballs has 60 seconds left.\n|\n|t:|1683731003\n|start\n|switch|p1a: Klefki|Klefki, L50, F|100\/100\n|switch|p1b: Baxcalibur|Baxcalibur, L50, M|100\/100\n|switch|p2a: Slowking|Slowking, L50, F|100\/100\n|switch|p2b: Iron Bundle|Iron Bundle, L50|100\/100\n|turn|1\n|\n|t:|1683731024\n|move|p1a: Klefki|Light Screen|p1a: Klefki\n|-sidestart|p1: Ctt97|move: Light Screen\n|move|p2b: Iron Bundle|Freeze-Dry|p1b: Baxcalibur\n|-damage|p1b: Baxcalibur|80\/100\n|move|p1b: Baxcalibur|Swords Dance|p1b: Baxcalibur\n|-boost|p1b: Baxcalibur|atk|2\n|move|p2a: Slowking|Chilly Reception|p2a: Slowking\n|-weather|Snow\n|\n|t:|1683731039\n|switch|p2a: Annihilape|Annihilape, L50, M|100\/100|[from] Chilly Reception\n|\n|-weather|Snow|[upkeep]\n|upkeep\n|turn|2\n|\n|t:|1683731059\n|-terastallize|p1b: Baxcalibur|Fire\n|move|p1a: Klefki|Rain Dance|p1a: Klefki\n|-weather|RainDance\n|move|p2b: Iron Bundle|Aurora Veil||[still]\n|-fail|p2b: Iron Bundle\n|move|p1b: Baxcalibur|Thunder Fang|p2a: Annihilape\n|-damage|p2a: Annihilape|63\/100\n|move|p2a: Annihilape|Drain Punch|p1b: Baxcalibur\n|-damage|p1b: Baxcalibur|50\/100\n|-heal|p2a: Annihilape|77\/100|[from] drain|[of] p1b: Baxcalibur\n|\n|-weather|RainDance|[upkeep]\n|upkeep\n|turn|3\n|inactive|Ctt97 has 30 seconds left.\n|\n|t:|1683731089\n|move|p1b: Baxcalibur|Protect|p1b: Baxcalibur\n|-singleturn|p1b: Baxcalibur|Protect\n|move|p1a: Klefki|Reflect|p1a: Klefki\n|-sidestart|p1: Ctt97|Reflect\n|move|p2b: Iron Bundle|Water Pulse|p1b: Baxcalibur\n|-activate|p1b: Baxcalibur|move: Protect\n|move|p2a: Annihilape|Drain Punch|p1a: Klefki\n|-damage|p1a: Klefki|74\/100\n|-heal|p2a: Annihilape|88\/100|[from] drain|[of] p1a: Klefki\n|\n|-weather|RainDance|[upkeep]\n|upkeep\n|turn|4\n|\n|t:|1683731106\n|move|p1a: Klefki|Thunder Wave|p2a: Annihilape\n|-status|p2a: Annihilape|par\n|move|p2b: Iron Bundle|Water Pulse|p1b: Baxcalibur\n|-supereffective|p1b: Baxcalibur\n|-damage|p1b: Baxcalibur|0 fnt\n|faint|p1b: Baxcalibur\n|move|p2a: Annihilape|Drain Punch|p1a: Klefki\n|-damage|p1a: Klefki|46\/100\n|-heal|p2a: Annihilape|98\/100 par|[from] drain|[of] p1a: Klefki\n|\n|-weather|RainDance|[upkeep]\n|upkeep\n|\n|t:|1683731119\n|switch|p1b: Wo-Chien|Wo-Chien, L50|100\/100\n|-ability|p1b: Wo-Chien|Tablets of Ruin\n|turn|5\n|\n|t:|1683731134\n|move|p1a: Klefki|Thunder Wave|p2b: Iron Bundle\n|-status|p2b: Iron Bundle|par\n|move|p2b: Iron Bundle|Freeze-Dry|p1b: Wo-Chien\n|-supereffective|p1b: Wo-Chien\n|-damage|p1b: Wo-Chien|67\/100\n|move|p1b: Wo-Chien|Leech Seed|p2a: Annihilape\n|-start|p2a: Annihilape|move: Leech Seed\n|move|p2a: Annihilape|Poison Jab|p1b: Wo-Chien\n|-supereffective|p1b: Wo-Chien\n|-damage|p1b: Wo-Chien|48\/100\n|\n|-weather|RainDance|[upkeep]\n|-heal|p1b: Wo-Chien|55\/100|[from] item: Leftovers\n|-damage|p2a: Annihilape|86\/100 par|[from] Leech Seed|[of] p1b: Wo-Chien\n|-heal|p1b: Wo-Chien|69\/100|[silent]\n|upkeep\n|turn|6\n|inactive|Ctt97 has 30 seconds left.\n|inactive|Bobblesbigpkballs has 30 seconds left.\n|\n|t:|1683731161\n|switch|p1a: Skeledirge|Skeledirge, L50, M|100\/100\n|switch|p2a: Slowking|Slowking, L50, F|100\/100\n|move|p1b: Wo-Chien|Protect|p1b: Wo-Chien\n|-singleturn|p1b: Wo-Chien|Protect\n|cant|p2b: Iron Bundle|par\n|\n|-weather|none\n|-heal|p1b: Wo-Chien|75\/100|[from] item: Leftovers\n|upkeep\n|turn|7\n|\n|t:|1683731183\n|move|p2b: Iron Bundle|Water Pulse|p1a: Skeledirge\n|-supereffective|p1a: Skeledirge\n|-damage|p1a: Skeledirge|66\/100\n|move|p1b: Wo-Chien|Leech Seed|p2a: Slowking\n|-start|p2a: Slowking|move: Leech Seed\n|move|p1a: Skeledirge|Torch Song|p2b: Iron Bundle\n|-damage|p2b: Iron Bundle|10\/100 par\n|-boost|p1a: Skeledirge|spa|1\n|move|p2a: Slowking|Chilly Reception|p2a: Slowking\n|-weather|Snow\n|\n|t:|1683731197\n|switch|p2a: Annihilape|Annihilape, L50, M|86\/100 par|[from] Chilly Reception\n|\n|-weather|Snow|[upkeep]\n|-heal|p1b: Wo-Chien|81\/100|[from] item: Leftovers\n|upkeep\n|turn|8\n|\n|t:|1683731210\n|-end|p2b: Iron Bundle|Quark Drive|[silent]\n|switch|p2b: Slowking|Slowking, L50, F|100\/100\n|move|p1b: Wo-Chien|Knock Off|p2b: Slowking\n|-supereffective|p2b: Slowking\n|-damage|p2b: Slowking|47\/100\n|-enditem|p2b: Slowking|Weakness Policy\n|-boost|p2b: Slowking|atk|2|[from] item: Weakness Policy\n|-boost|p2b: Slowking|spa|2|[from] item: Weakness Policy\n|move|p1a: Skeledirge|Torch Song|p2a: Annihilape\n|-damage|p2a: Annihilape|48\/100 par\n|-boost|p1a: Skeledirge|spa|1\n|move|p2a: Annihilape|Poison Jab|p1b: Wo-Chien\n|-supereffective|p1b: Wo-Chien\n|-damage|p1b: Wo-Chien|61\/100\n|-status|p1b: Wo-Chien|psn\n|\n|-weather|Snow|[upkeep]\n|-heal|p1b: Wo-Chien|67\/100 psn|[from] item: Leftovers\n|-damage|p1b: Wo-Chien|55\/100 psn|[from] psn\n|-sideend|p1: Ctt97|move: Light Screen\n|upkeep\n|turn|9\n|\n|t:|1683731234\n|move|p1b: Wo-Chien|Knock Off|p2b: Slowking\n|-supereffective|p2b: Slowking\n|-damage|p2b: Slowking|5\/100\n|move|p1a: Skeledirge|Torch Song|p2a: Annihilape\n|-damage|p2a: Annihilape|0 fnt\n|-boost|p1a: Skeledirge|spa|1\n|faint|p2a: Annihilape\n|move|p2b: Slowking|Blizzard|p1a: Skeledirge|[spread] p1a,p1b\n|-resisted|p1a: Skeledirge\n|-supereffective|p1b: Wo-Chien\n|-crit|p1b: Wo-Chien\n|-damage|p1a: Skeledirge|57\/100\n|-damage|p1b: Wo-Chien|0 fnt\n|-status|p1a: Skeledirge|frz\n|faint|p1b: Wo-Chien\n|\n|-weather|Snow|[upkeep]\n|upkeep\n|\n|t:|1683731250\n|switch|p2a: Iron Bundle|Iron Bundle, L50|10\/100 par\n|switch|p1b: Klefki|Klefki, L50, F|46\/100\n|turn|10\n|\n|t:|1683731260\n|move|p1b: Klefki|Rain Dance|p1b: Klefki\n|-weather|RainDance\n|cant|p2a: Iron Bundle|par\n|cant|p1a: Skeledirge|frz\n|move|p2b: Slowking|Blizzard|p1b: Klefki|[spread] p1a,p1b\n|-resisted|p1a: Skeledirge\n|-resisted|p1b: Klefki\n|-damage|p1a: Skeledirge|47\/100 frz\n|-damage|p1b: Klefki|19\/100\n|\n|-weather|RainDance|[upkeep]\n|-sideend|p1: Ctt97|Reflect\n|upkeep\n|turn|11\n|\n|t:|1683731280\n|move|p1b: Klefki|Light Screen|p1b: Klefki\n|-sidestart|p1: Ctt97|move: Light Screen\n|move|p2a: Iron Bundle|Water Pulse|p1a: Skeledirge\n|-supereffective|p1a: Skeledirge\n|-crit|p1a: Skeledirge\n|-damage|p1a: Skeledirge|0 fnt\n|faint|p1a: Skeledirge\n|move|p2b: Slowking|Grass Knot|p1b: Klefki\n|-resisted|p1b: Klefki\n|-damage|p1b: Klefki|15\/100\n|\n|-weather|RainDance|[upkeep]\n|upkeep\n|turn|12\n|-message|Ctt97 forfeited.\n|\n|win|Bobblesbigpkballs\n|raw|Ctt97's rating: 1163 → 1134<\/strong> (-29 for losing)\n|raw|Bobblesbigpkballs's rating: 1111 → 1140<\/strong> (+29 for winning)\n|l|\u2606Ctt97\n","uploadtime":1683731295,"views":6,"p1id":"ctt97","p2id":"bobblesbigpkballs","formatid":"gen9vgc2023regulationc","rating":1134,"private":0,"password":""}