{"id":"gen9vgc2023regulationc-1848751740","p1":"Blazewing99","p2":"Alaskan_fisher","format":"[Gen 9] VGC 2023 Regulation C","log":"|j|\u2606Blazewing99\n|j|\u2606Alaskan_fisher\n|t:|1682106807\n|gametype|doubles\n|player|p1|Blazewing99|2|1124\n|player|p2|Alaskan_fisher|fisherman-gen4|1205\n|teamsize|p1|6\n|teamsize|p2|6\n|gen|9\n|tier|[Gen 9] VGC 2023 Regulation C\n|rated|\n|rule|Species Clause: Limit one of each Pok\u00e9mon\n|rule|Item Clause: Limit one of each item\n|clearpoke\n|poke|p1|Wo-Chien, L50|\n|poke|p1|Glimmora, L50, F|\n|poke|p1|Baxcalibur, L50, M|\n|poke|p1|Tinkaton, L50, F|\n|poke|p1|Talonflame, L50, M|\n|poke|p1|Flutter Mane, L50|\n|poke|p2|Baxcalibur, L50, M|\n|poke|p2|Palafin, L50, F|\n|poke|p2|Arcanine, L50, M|\n|poke|p2|Flutter Mane, L50|\n|poke|p2|Ting-Lu, L50|\n|poke|p2|Amoonguss, L50, F|\n|teampreview|4\n|inactive|Battle timer is ON: inactive players will automatically lose when time's up. (requested by Blazewing99)\n|\n|t:|1682106834\n|start\n|switch|p1a: Glimmora|Glimmora, L50, F|100\/100\n|switch|p1b: Tinkaton|Tinkaton, L50, F|100\/100\n|switch|p2a: Arcanine|Arcanine, L50, M|100\/100\n|switch|p2b: Flutter Mane|Flutter Mane, L50|100\/100\n|-ability|p2a: Arcanine|Intimidate|boost\n|-unboost|p1a: Glimmora|atk|1\n|-fail|p1b: Tinkaton|unboost|Attack|[from] ability: Own Tempo|[of] p1b: Tinkaton\n|turn|1\n|\n|t:|1682106859\n|switch|p2a: Amoonguss|Amoonguss, L50, F|100\/100\n|-terastallize|p2b: Flutter Mane|Steel\n|move|p1b: Tinkaton|Fake Out|p2a: Amoonguss\n|-damage|p2a: Amoonguss|94\/100\n|move|p2b: Flutter Mane|Mystical Fire|p1b: Tinkaton\n|-supereffective|p1b: Tinkaton\n|-damage|p1b: Tinkaton|29\/100\n|-unboost|p1b: Tinkaton|spa|1\n|-enditem|p1b: Tinkaton|Sitrus Berry|[eat]\n|-heal|p1b: Tinkaton|53\/100|[from] item: Sitrus Berry\n|move|p1a: Glimmora|Sludge Bomb|p2b: Flutter Mane\n|-immune|p2b: Flutter Mane\n|\n|upkeep\n|turn|2\n|inactive|Alaskan_fisher has 30 seconds left.\n|inactive|Blazewing99 has 30 seconds left.\n|inactive|Alaskan_fisher has 20 seconds left.\n|inactive|Alaskan_fisher has 15 seconds left.\n|inactive|Alaskan_fisher has 10 seconds left.\n|inactive|Alaskan_fisher has 5 seconds left.\n|\n|t:|1682106914\n|move|p2a: Amoonguss|Rage Powder|p2a: Amoonguss\n|-singleturn|p2a: Amoonguss|move: Rage Powder\n|move|p2b: Flutter Mane|Mystical Fire|p1b: Tinkaton\n|-supereffective|p1b: Tinkaton\n|-damage|p1b: Tinkaton|0 fnt\n|faint|p1b: Tinkaton\n|move|p1a: Glimmora|Earth Power|p2a: Amoonguss\n|-damage|p2a: Amoonguss|65\/100\n|\n|upkeep\n|\n|t:|1682106920\n|switch|p1b: Baxcalibur|Baxcalibur, L50, M|100\/100\n|turn|3\n|inactive|Alaskan_fisher has 30 seconds left.\n|\n|t:|1682106945\n|switch|p2a: Arcanine|Arcanine, L50, M|100\/100\n|-ability|p2a: Arcanine|Intimidate|boost\n|-unboost|p1a: Glimmora|atk|1\n|-unboost|p1b: Baxcalibur|atk|1\n|-terastallize|p1b: Baxcalibur|Fire\n|move|p2b: Flutter Mane|Mystical Fire|p1a: Glimmora\n|-resisted|p1a: Glimmora\n|-damage|p1a: Glimmora|75\/100\n|-unboost|p1a: Glimmora|spa|1\n|move|p1a: Glimmora|Earth Power|p2b: Flutter Mane\n|-supereffective|p2b: Flutter Mane\n|-damage|p2b: Flutter Mane|66\/100\n|move|p1b: Baxcalibur|Icicle Crash|p2a: Arcanine\n|-resisted|p2a: Arcanine\n|-damage|p2a: Arcanine|83\/100\n|\n|upkeep\n|turn|4\n|inactive|Blazewing99 has 30 seconds left.\n|inactive|Alaskan_fisher has 30 seconds left.\n|inactive|Alaskan_fisher has 20 seconds left.\n|inactive|Alaskan_fisher has 15 seconds left.\n|inactive|Blazewing99 has 20 seconds left.\n|inactive|Alaskan_fisher has 10 seconds left.\n|inactive|Alaskan_fisher has 5 seconds left.\n|\n|t:|1682107000\n|move|p2b: Flutter Mane|Mystical Fire|p1a: Glimmora\n|-resisted|p1a: Glimmora\n|-damage|p1a: Glimmora|54\/100\n|-unboost|p1a: Glimmora|spa|1\n|move|p2a: Arcanine|Flare Blitz|p1a: Glimmora\n|-resisted|p1a: Glimmora\n|-damage|p1a: Glimmora|24\/100\n|-activate|p1a: Glimmora|ability: Toxic Debris\n|-sidestart|p2: Alaskan_fisher|move: Toxic Spikes\n|-damage|p2a: Arcanine|74\/100|[from] Recoil\n|move|p1a: Glimmora|Power Gem|p2a: Arcanine\n|-supereffective|p2a: Arcanine\n|-damage|p2a: Arcanine|26\/100\n|move|p1b: Baxcalibur|Glaive Rush|p2b: Flutter Mane\n|-resisted|p2b: Flutter Mane\n|-damage|p2b: Flutter Mane|23\/100\n|-singlemove|p1b: Baxcalibur|Glaive Rush|[silent]\n|\n|upkeep\n|turn|5\n|inactive|Blazewing99 has 30 seconds left.\n|inactive|Alaskan_fisher has 30 seconds left.\n|inactive|Blazewing99 has 20 seconds left.\n|\n|t:|1682107038\n|-end|p2b: Flutter Mane|Protosynthesis|[silent]\n|switch|p2b: Amoonguss|Amoonguss, L50, F|98\/100\n|-sideend|p2: Alaskan_fisher|move: Toxic Spikes|[of] p2b: Amoonguss\n|switch|p1b: Wo-Chien|Wo-Chien, L50|100\/100\n|-ability|p1b: Wo-Chien|Tablets of Ruin\n|move|p2a: Arcanine|Morning Sun|p2a: Arcanine\n|-heal|p2a: Arcanine|75\/100\n|move|p1a: Glimmora|Stealth Rock|p2b: Amoonguss\n|-sidestart|p2: Alaskan_fisher|move: Stealth Rock\n|\n|upkeep\n|turn|6\n|inactive|Alaskan_fisher has 30 seconds left.\n|inactive|Alaskan_fisher has 20 seconds left.\n|inactive|Alaskan_fisher has 15 seconds left.\n|\n|t:|1682107079\n|switch|p1a: Baxcalibur|Baxcalibur, L50, M, tera:Fire|100\/100\n|move|p2a: Arcanine|Flare Blitz|p1a: Baxcalibur\n|-resisted|p1a: Baxcalibur\n|-damage|p1a: Baxcalibur|87\/100\n|-ability|p1a: Baxcalibur|Thermal Exchange|boost\n|-boost|p1a: Baxcalibur|atk|1\n|-damage|p2a: Arcanine|70\/100|[from] Recoil\n|move|p1b: Wo-Chien|Leech Seed|p2a: Arcanine\n|-start|p2a: Arcanine|move: Leech Seed\n|move|p2b: Amoonguss|Spore|p1a: Baxcalibur\n|-status|p1a: Baxcalibur|slp|[from] move: Spore\n|\n|-damage|p2a: Arcanine|58\/100|[from] Leech Seed|[of] p1b: Wo-Chien\n|upkeep\n|turn|7\n|inactive|Alaskan_fisher has 30 seconds left.\n|\n|t:|1682107111\n|switch|p2a: Baxcalibur|Baxcalibur, L50, M|100\/100\n|-damage|p2a: Baxcalibur|76\/100|[from] Stealth Rock\n|switch|p1b: Glimmora|Glimmora, L50, F|24\/100\n|cant|p1a: Baxcalibur|slp\n|move|p2b: Amoonguss|Pollen Puff|p1b: Glimmora\n|-resisted|p1b: Glimmora\n|-damage|p1b: Glimmora|11\/100\n|\n|upkeep\n|turn|8\n|inactive|Alaskan_fisher has 30 seconds left.\n|inactive|Alaskan_fisher has 20 seconds left.\n|\n|t:|1682107150\n|move|p2b: Amoonguss|Rage Powder|p2b: Amoonguss\n|-singleturn|p2b: Amoonguss|move: Rage Powder\n|move|p1b: Glimmora|Power Gem|p2b: Amoonguss\n|-damage|p2b: Amoonguss|59\/100\n|move|p2a: Baxcalibur|Glaive Rush|p1a: Baxcalibur\n|-damage|p1a: Baxcalibur|31\/100 slp\n|-singlemove|p2a: Baxcalibur|Glaive Rush|[silent]\n|cant|p1a: Baxcalibur|slp\n|\n|upkeep\n|turn|9\n|inactive|Alaskan_fisher has 30 seconds left.\n|\n|t:|1682107182\n|move|p2b: Amoonguss|Rage Powder|p2b: Amoonguss\n|-singleturn|p2b: Amoonguss|move: Rage Powder\n|cant|p1a: Baxcalibur|slp\n|move|p1b: Glimmora|Power Gem|p2b: Amoonguss\n|-damage|p2b: Amoonguss|20\/100\n|-enditem|p2b: Amoonguss|Sitrus Berry|[eat]\n|-heal|p2b: Amoonguss|44\/100|[from] item: Sitrus Berry\n|move|p2a: Baxcalibur|Glaive Rush|p1a: Baxcalibur\n|-damage|p1a: Baxcalibur|0 fnt\n|-singlemove|p2a: Baxcalibur|Glaive Rush|[silent]\n|faint|p1a: Baxcalibur\n|\n|upkeep\n|\n|t:|1682107186\n|switch|p1a: Wo-Chien|Wo-Chien, L50|100\/100\n|-ability|p1a: Wo-Chien|Tablets of Ruin\n|turn|10\n|inactive|Alaskan_fisher has 30 seconds left.\n|inactive|Alaskan_fisher has 20 seconds left.\n|\n|t:|1682107225\n|switch|p2b: Flutter Mane|Flutter Mane, L50, tera:Steel|23\/100\n|-damage|p2b: Flutter Mane|17\/100|[from] Stealth Rock\n|move|p2a: Baxcalibur|Protect|p2a: Baxcalibur\n|-singleturn|p2a: Baxcalibur|Protect\n|move|p1b: Glimmora|Sludge Bomb|p2b: Flutter Mane\n|-immune|p2b: Flutter Mane\n|move|p1a: Wo-Chien|Leech Seed|p2a: Baxcalibur\n|-activate|p2a: Baxcalibur|move: Protect\n|\n|upkeep\n|turn|11\n|inactive|Blazewing99 has 30 seconds left.\n|inactive|Alaskan_fisher has 30 seconds left.\n|\n|t:|1682107256\n|move|p2b: Flutter Mane|Moonblast|p1b: Glimmora\n|-resisted|p1b: Glimmora\n|-damage|p1b: Glimmora|0 fnt\n|faint|p1b: Glimmora\n|move|p2a: Baxcalibur|Dragon Dance|p2a: Baxcalibur\n|-boost|p2a: Baxcalibur|atk|1\n|-boost|p2a: Baxcalibur|spe|1\n|move|p1a: Wo-Chien|Leech Seed|p2a: Baxcalibur\n|-start|p2a: Baxcalibur|move: Leech Seed\n|\n|-damage|p2a: Baxcalibur|63\/100|[from] Leech Seed|[of] p1a: Wo-Chien\n|upkeep\n|turn|12\n|inactive|Alaskan_fisher has 30 seconds left.\n|\n|t:|1682107269\n|move|p2a: Baxcalibur|Icicle Spear|p1a: Wo-Chien\n|-supereffective|p1a: Wo-Chien\n|-damage|p1a: Wo-Chien|69\/100\n|-supereffective|p1a: Wo-Chien\n|-damage|p1a: Wo-Chien|35\/100\n|-supereffective|p1a: Wo-Chien\n|-damage|p1a: Wo-Chien|2\/100\n|-supereffective|p1a: Wo-Chien\n|-damage|p1a: Wo-Chien|0 fnt\n|faint|p1a: Wo-Chien\n|-hitcount|p1: Wo-Chien|4\n|\n|win|Alaskan_fisher\n|inactive|Alaskan_fisher has 30 seconds left this turn.\n|raw|Blazewing99's rating: 1144 → 1125<\/strong> (-19 for losing)\n|raw|Alaskan_fisher's rating: 1231 → 1250<\/strong> (+19 for winning)\n|l|\u2606Blazewing99\n","uploadtime":1682107302,"views":18,"p1id":"blazewing99","p2id":"alaskanfisher","formatid":"gen9vgc2023regulationc","rating":1125,"private":0,"password":""}