{"id":"gen9vgc2023regulationc-1863957362","p1":"G3rd","p2":"cosplayLover","format":"[Gen 9] VGC 2023 Regulation C","log":"|j|\u2606G3rd\n|j|\u2606cosplayLover\n|t:|1684097877\n|gametype|doubles\n|player|p1|G3rd|giovanni|1452\n|player|p2|cosplayLover|101|1479\n|teamsize|p1|6\n|teamsize|p2|6\n|gen|9\n|tier|[Gen 9] VGC 2023 Regulation C\n|rated|\n|rule|Species Clause: Limit one of each Pok\u00e9mon\n|rule|Item Clause: Limit one of each item\n|clearpoke\n|poke|p1|Annihilape, L50, F|\n|poke|p1|Maushold-Four, L50|\n|poke|p1|Chien-Pao, L50|\n|poke|p1|Dragonite, L50, F|\n|poke|p1|Ting-Lu, L50|\n|poke|p1|Florges-Blue, L50, F|\n|poke|p2|Dragonite, L50, M|\n|poke|p2|Chien-Pao, L50|\n|poke|p2|Azumarill, L50, M|\n|poke|p2|Magnezone, L50|\n|poke|p2|Flutter Mane, L50|\n|poke|p2|Amoonguss, L50, M|\n|teampreview|4\nG3rd has agreed to open team sheets.\n|\n|t:|1684097915\n|start\n|switch|p1a: Maushold|Maushold-Four, L50|100\/100\n|switch|p1b: Annihilape|Annihilape, L50, F|100\/100\n|switch|p2a: Azumarill|Azumarill, L50, M|100\/100\n|switch|p2b: Amoonguss|Amoonguss, L50, M|100\/100\n|turn|1\n|inactive|Battle timer is ON: inactive players will automatically lose when time's up. (requested by G3rd)\n|\n|t:|1684097929\n|move|p2b: Amoonguss|Rage Powder|p2b: Amoonguss\n|-singleturn|p2b: Amoonguss|move: Rage Powder\n|move|p1a: Maushold|Beat Up|p1b: Annihilape\n|-damage|p1b: Annihilape|99\/100\n|-damage|p1b: Annihilape|97\/100\n|-damage|p1b: Annihilape|95\/100\n|-damage|p1b: Annihilape|94\/100\n|-hitcount|p1b: Annihilape|4\n|move|p1b: Annihilape|Rage Fist|p2b: Amoonguss\n|-damage|p2b: Amoonguss|7\/100\n|-damage|p1b: Annihilape|78\/100|[from] item: Rocky Helmet|[of] p2b: Amoonguss\n|move|p2a: Azumarill|Superpower|p1a: Maushold\n|-supereffective|p1a: Maushold\n|-damage|p1a: Maushold|0 fnt\n|-unboost|p2a: Azumarill|atk|1\n|-unboost|p2a: Azumarill|def|1\n|faint|p1a: Maushold\n|\n|-heal|p1b: Annihilape|84\/100|[from] item: Leftovers\n|upkeep\n|inactive|G3rd has 30 seconds left.\n|\n|t:|1684097956\n|switch|p1a: Florges|Florges-Blue, L50, F|100\/100\n|turn|2\n|\n|t:|1684097976\n|move|p1b: Annihilape|Protect|p1b: Annihilape\n|-singleturn|p1b: Annihilape|Protect\n|move|p1a: Florges|Moonblast|p2b: Amoonguss\n|-resisted|p2b: Amoonguss\n|-damage|p2b: Amoonguss|0 fnt\n|faint|p2b: Amoonguss\n|move|p2a: Azumarill|Play Rough|p1b: Annihilape\n|-activate|p1b: Annihilape|move: Protect\n|\n|-heal|p1b: Annihilape|90\/100|[from] item: Leftovers\n|upkeep\n|\n|t:|1684097982\n|switch|p2b: Dragonite|Dragonite, L50, M|100\/100\n|turn|3\n|\n|t:|1684098001\n|switch|p2a: Magnezone|Magnezone, L50|100\/100\n|-terastallize|p2b: Dragonite|Flying\n|-terastallize|p1b: Annihilape|Fire\n|move|p2b: Dragonite|Tera Blast|p1b: Annihilape\n|-damage|p1b: Annihilape|6\/100\n|move|p1b: Annihilape|Rage Fist|p2b: Dragonite\n|-damage|p2b: Dragonite|27\/100\n|move|p1a: Florges|Skill Swap|p2a: Magnezone\n|-activate|p1a: Florges|move: Skill Swap|Analytic|Symbiosis|[of] p2a: Magnezone\n|\n|-heal|p1b: Annihilape|12\/100|[from] item: Leftovers\n|upkeep\n|turn|4\n|\n|t:|1684098026\n|move|p2b: Dragonite|Tera Blast|p1a: Florges\n|-damage|p1a: Florges|7\/100\n|move|p1b: Annihilape|Drain Punch|p2a: Magnezone\n|-supereffective|p2a: Magnezone\n|-damage|p2a: Magnezone|42\/100\n|-heal|p1b: Annihilape|36\/100|[from] drain|[of] p2a: Magnezone\n|-enditem|p2a: Magnezone|Sitrus Berry|[eat]\n|-heal|p2a: Magnezone|67\/100|[from] item: Sitrus Berry\n|move|p1a: Florges|Moonblast|p2b: Dragonite\n|-damage|p2b: Dragonite|0 fnt\n|faint|p2b: Dragonite\n|move|p2a: Magnezone|Flash Cannon|p1a: Florges\n|-supereffective|p1a: Florges\n|-damage|p1a: Florges|0 fnt\n|faint|p1a: Florges\n|\n|-heal|p1b: Annihilape|42\/100|[from] item: Leftovers\n|upkeep\n|\n|t:|1684098041\n|switch|p2b: Azumarill|Azumarill, L50, M|100\/100\n|switch|p1a: Dragonite|Dragonite, L50, F|100\/100\n|turn|5\n|\n|t:|1684098061\n|move|p1b: Annihilape|Protect|p1b: Annihilape\n|-singleturn|p1b: Annihilape|Protect\n|move|p2b: Azumarill|Aqua Jet|p1b: Annihilape\n|-activate|p1b: Annihilape|move: Protect\n|move|p1a: Dragonite|Thunder Punch|p2b: Azumarill\n|-supereffective|p2b: Azumarill\n|-damage|p2b: Azumarill|10\/100\n|move|p2a: Magnezone|Thunderbolt|p1a: Dragonite\n|-damage|p1a: Dragonite|77\/100\n|\n|-heal|p1b: Annihilape|48\/100|[from] item: Leftovers\n|upkeep\n|turn|6\n|\n|t:|1684098076\n|move|p2b: Azumarill|Aqua Jet|p1b: Annihilape\n|-supereffective|p1b: Annihilape\n|-damage|p1b: Annihilape|1\/100\n|move|p1a: Dragonite|Thunder Punch|p2b: Azumarill\n|-supereffective|p2b: Azumarill\n|-damage|p2b: Azumarill|0 fnt\n|faint|p2b: Azumarill\n|move|p1b: Annihilape|Drain Punch|p2a: Magnezone\n|-supereffective|p2a: Magnezone\n|-damage|p2a: Magnezone|12\/100\n|-heal|p1b: Annihilape|23\/100|[from] drain|[of] p2a: Magnezone\n|move|p2a: Magnezone|Thunderbolt|p1b: Annihilape\n|-damage|p1b: Annihilape|0 fnt\n|faint|p1b: Annihilape\n|\n|upkeep\n|turn|7\n|\n|t:|1684098090\n|move|p1a: Dragonite|Thunder Punch|p2a: Magnezone\n|-resisted|p2a: Magnezone\n|-damage|p2a: Magnezone|0 fnt\n|faint|p2a: Magnezone\n|\n|win|G3rd\n|raw|G3rd's rating: 1452 → 1474<\/strong> (+22 for winning)\n|raw|cosplayLover's rating: 1479 → 1457<\/strong> (-22 for losing)\n|l|\u2606cosplayLover\n","uploadtime":1684098095,"views":7,"p1id":"g3rd","p2id":"cosplaylover","formatid":"gen9vgc2023regulationc","rating":1457,"private":0,"password":""}