{"id":"gen9vgc2023regulationc-1862182799","p1":"Poison bird 10","p2":"Guest 5045454","format":"[Gen 9] VGC 2023 Regulation C","log":"|j|\u2606Poison bird 10\n|j|\u203dGuest 5045454\n|t:|1683846405\n|gametype|doubles\n|player|p1|Poison bird 10|101|\n|player|p2|Guest 5045454|102|\n|teamsize|p1|6\n|teamsize|p2|6\n|gen|9\n|tier|[Gen 9] VGC 2023 Regulation C\n|rule|Species Clause: Limit one of each Pok\u00e9mon\n|rule|Item Clause: Limit one of each item\n|clearpoke\n|poke|p1|Azumarill, L50, M|\n|poke|p1|Amoonguss, L50, M|\n|poke|p1|Maushold, L50|\n|poke|p1|Flamigo, L50, M|\n|poke|p1|Corviknight, L50, F|\n|poke|p1|Arcanine, L50, M|\n|poke|p2|Sandy Shocks, L50|\n|poke|p2|Flapple, L50, M|\n|poke|p2|Maushold, L50|\n|poke|p2|Annihilape, L50, M|\n|poke|p2|Iron Bundle, L50|\n|poke|p2|Arcanine, L50, F|\n|teampreview|4\nPoison bird 10 rejected open team sheets.\n|\n|t:|1683846433\n|start\n|switch|p1a: Arcanine|Arcanine, L50, M|100\/100\n|switch|p1b: Corviknight|Corviknight, L50, F|100\/100\n|switch|p2a: Sandy Shocks|Sandy Shocks, L50|100\/100\n|switch|p2b: Flapple|Flapple, L50, M|100\/100\n|-ability|p1a: Arcanine|Intimidate|boost\n|-unboost|p2a: Sandy Shocks|atk|1\n|-unboost|p2b: Flapple|atk|1\n|turn|1\n|\n|t:|1683846455\n|switch|p2b: Maushold|Maushold, L50|100\/100\n|move|p1a: Arcanine|Extreme Speed|p2b: Maushold\n|-damage|p2b: Maushold|69\/100\n|move|p2a: Sandy Shocks|Gravity|p2a: Sandy Shocks\n|-fieldstart|move: Gravity\n|move|p1b: Corviknight|Tailwind|p1b: Corviknight\n|-sidestart|p1: Poison bird 10|move: Tailwind\n|\n|upkeep\n|turn|2\n|\n|t:|1683846492\n|switch|p1b: Amoonguss|Amoonguss, L50, M|100\/100\n|move|p2b: Maushold|Protect|p2b: Maushold\n|-singleturn|p2b: Maushold|Protect\n|move|p1a: Arcanine|Flame Charge|p2b: Maushold\n|-activate|p2b: Maushold|move: Protect\n|move|p2a: Sandy Shocks|Volt Switch|p1b: Amoonguss\n|-resisted|p1b: Amoonguss\n|-damage|p1b: Amoonguss|89\/100\n|\n|t:|1683846502\n|-end|p2a: Sandy Shocks|Protosynthesis|[silent]\n|switch|p2a: Flapple|Flapple, L50, M|100\/100|[from] Volt Switch\n|\n|upkeep\n|turn|3\n|\n|t:|1683846516\n|move|p2b: Maushold|Follow Me|p2b: Maushold\n|-singleturn|p2b: Maushold|move: Follow Me\n|move|p1a: Arcanine|Wild Charge|p2b: Maushold\n|-damage|p2b: Maushold|32\/100\n|-damage|p1a: Arcanine|90\/100|[from] Recoil\n|move|p2a: Flapple|Dragon Rush|p1a: Arcanine\n|-damage|p1a: Arcanine|8\/100\n|move|p1b: Amoonguss|Spore|p2b: Maushold\n|-activate|p2b: Maushold|item: Safety Goggles|Spore\n|\n|upkeep\n|turn|4\n|\n|t:|1683846533\n|move|p2b: Maushold|Protect|p2b: Maushold\n|-singleturn|p2b: Maushold|Protect\n|move|p2a: Flapple|Sucker Punch|p1a: Arcanine\n|-damage|p1a: Arcanine|0 fnt\n|faint|p1a: Arcanine\n|move|p1b: Amoonguss|Pollen Puff|p1: Arcanine|[notarget]\n|-fail|p1b: Amoonguss\n|\n|-sideend|p1: Poison bird 10|move: Tailwind\n|upkeep\n|\n|t:|1683846543\n|switch|p1a: Corviknight|Corviknight, L50, F|100\/100\n|turn|5\n|\n|t:|1683846556\n|move|p2a: Flapple|Protect|p2a: Flapple\n|-singleturn|p2a: Flapple|Protect\n|move|p2b: Maushold|Taunt|p1b: Amoonguss\n|-start|p1b: Amoonguss|move: Taunt\n|-enditem|p1b: Amoonguss|Mental Herb\n|-end|p1b: Amoonguss|move: Taunt\n|move|p1a: Corviknight|Drill Peck|p2a: Flapple\n|-activate|p2a: Flapple|move: Protect\n|move|p1b: Amoonguss|Pollen Puff|p2b: Maushold\n|-damage|p2b: Maushold|11\/100\n|\n|-fieldend|move: Gravity\n|upkeep\n|turn|6\n|\n|t:|1683846582\n|switch|p2a: Sandy Shocks|Sandy Shocks, L50|100\/100\n|move|p2b: Maushold|Taunt|p1a: Corviknight\n|-start|p1a: Corviknight|move: Taunt\n|move|p1a: Corviknight|Drill Peck|p2a: Sandy Shocks\n|-resisted|p2a: Sandy Shocks\n|-damage|p2a: Sandy Shocks|86\/100\n|move|p1b: Amoonguss|Pollen Puff|p2b: Maushold\n|-damage|p2b: Maushold|0 fnt\n|faint|p2b: Maushold\n|\n|upkeep\n|\n|t:|1683846595\n|switch|p2b: Iron Bundle|Iron Bundle, L50|100\/100\n|-enditem|p2b: Iron Bundle|Booster Energy\n|-activate|p2b: Iron Bundle|ability: Quark Drive|[fromitem]\n|-start|p2b: Iron Bundle|quarkdrivespe\n|turn|7\n|\n|t:|1683846616\n|move|p1b: Amoonguss|Protect|p1b: Amoonguss\n|-singleturn|p1b: Amoonguss|Protect\n|move|p2b: Iron Bundle|Encore|p1b: Amoonguss\n|-activate|p1b: Amoonguss|move: Protect\n|move|p2a: Sandy Shocks|Gravity|p2a: Sandy Shocks\n|-fieldstart|move: Gravity\n|move|p1a: Corviknight|Iron Head|p2b: Iron Bundle\n|-damage|p2b: Iron Bundle|59\/100\n|\n|upkeep\n|turn|8\n|\n|t:|1683846636\n|move|p2b: Iron Bundle|Encore|p1b: Amoonguss\n|-start|p1b: Amoonguss|Encore\n|move|p2a: Sandy Shocks|Earth Power|p1a: Corviknight\n|-supereffective|p1a: Corviknight\n|-damage|p1a: Corviknight|10\/100\n|move|p1a: Corviknight|Iron Head|p2b: Iron Bundle\n|-damage|p2b: Iron Bundle|23\/100\n|move|p1b: Amoonguss|Protect||[still]\n|-fail|p1b: Amoonguss\n|\n|-end|p1a: Corviknight|move: Taunt\n|upkeep\n|turn|9\n|\n|t:|1683846654\n|move|p1b: Amoonguss|Protect|p1b: Amoonguss\n|-singleturn|p1b: Amoonguss|Protect\n|move|p2b: Iron Bundle|Icy Wind|p1b: Amoonguss|[spread] p1a\n|-activate|p1b: Amoonguss|move: Protect\n|-damage|p1a: Corviknight|0 fnt\n|faint|p1a: Corviknight\n|move|p2a: Sandy Shocks|Earth Power|p1b: Amoonguss\n|-activate|p1b: Amoonguss|move: Protect\n|\n|upkeep\n|\n|t:|1683846663\n|switch|p1a: Azumarill|Azumarill, L50, M, shiny|100\/100\n|turn|10\n|\n|t:|1683846675\n|move|p1b: Amoonguss|Protect||[still]\n|-fail|p1b: Amoonguss\n|move|p2b: Iron Bundle|Icy Wind|p1a: Azumarill|[spread] p1a,p1b\n|-resisted|p1a: Azumarill\n|-supereffective|p1b: Amoonguss\n|-damage|p1a: Azumarill|89\/100\n|-damage|p1b: Amoonguss|61\/100\n|-unboost|p1a: Azumarill|spe|1\n|-unboost|p1b: Amoonguss|spe|1\n|move|p2a: Sandy Shocks|Volt Switch|p1a: Azumarill\n|-supereffective|p1a: Azumarill\n|-crit|p1a: Azumarill\n|-damage|p1a: Azumarill|0 fnt\n|faint|p1a: Azumarill\n|\n|t:|1683846685\n|-end|p2a: Sandy Shocks|Protosynthesis|[silent]\n|switch|p2a: Flapple|Flapple, L50, M|100\/100|[from] Volt Switch\n|\n|-end|p1b: Amoonguss|Encore\n|upkeep\n|turn|11\n|\n|t:|1683846696\n|move|p2b: Iron Bundle|Encore|p1b: Amoonguss\n|-start|p1b: Amoonguss|Encore\n|move|p2a: Flapple|Dragon Rush|p1b: Amoonguss\n|-damage|p1b: Amoonguss|0 fnt\n|faint|p1b: Amoonguss\n|\n|win|Guest 5045454\n","uploadtime":1683846706,"views":9,"p1id":"poisonbird10","p2id":"guest5045454","formatid":"gen9vgc2023regulationc","rating":0,"private":0,"password":""}