{"id":"gen9vgc2023regulationc-1845750003","p1":"Barbie120","p2":"Fake_pinkmilk","format":"[Gen 9] VGC 2023 Regulation C","log":"|j|\u2606Barbie120\n|j|\u2606Fake_pinkmilk\n|t:|1681761059\n|gametype|doubles\n|player|p1|Barbie120|drayden|1214\n|player|p2|Fake_pinkmilk|101|1133\n|teamsize|p1|6\n|teamsize|p2|6\n|gen|9\n|tier|[Gen 9] VGC 2023 Regulation C\n|rated|\n|rule|Species Clause: Limit one of each Pok\u00e9mon\n|rule|Item Clause: Limit one of each item\n|clearpoke\n|poke|p1|Indeedee-F, L50, F|\n|poke|p1|Chi-Yu, L50|\n|poke|p1|Arcanine, L50, F|\n|poke|p1|Flutter Mane, L50|\n|poke|p1|Baxcalibur, L50, F|\n|poke|p1|Corviknight, L50, M|\n|poke|p2|Scizor, L50, M|\n|poke|p2|Brute Bonnet, L50|\n|poke|p2|Sylveon, L50, F|\n|poke|p2|Iron Hands, L50|\n|poke|p2|Tauros-Paldea-Blaze, L50, M|\n|poke|p2|Chien-Pao, L50|\n|teampreview|4\n|\n|t:|1681761084\n|start\n|switch|p1a: Indeedee|Indeedee-F, L50, F|100\/100\n|switch|p1b: Corviknight|Corviknight, L50, M|100\/100\n|switch|p2a: Chien-Pao|Chien-Pao, L50|100\/100\n|switch|p2b: Scizor|Scizor, L50, M|100\/100\n|-ability|p2a: Chien-Pao|Sword of Ruin\n|-fieldstart|move: Psychic Terrain|[from] ability: Psychic Surge|[of] p1a: Indeedee\n|-enditem|p1a: Indeedee|Psychic Seed\n|-boost|p1a: Indeedee|spd|1|[from] item: Psychic Seed\n|turn|1\n|\n|t:|1681761100\n|move|p1a: Indeedee|Protect|p1a: Indeedee\n|-singleturn|p1a: Indeedee|Protect\n|move|p2a: Chien-Pao|Throat Chop|p1a: Indeedee\n|-activate|p1a: Indeedee|move: Protect\n|move|p1b: Corviknight|Body Press|p2a: Chien-Pao\n|-supereffective|p2a: Chien-Pao\n|-enditem|p2a: Chien-Pao|Focus Sash\n|-damage|p2a: Chien-Pao|1\/100\n|move|p2b: Scizor|Close Combat|p1b: Corviknight\n|-damage|p1b: Corviknight|58\/100\n|-unboost|p2b: Scizor|def|1\n|-unboost|p2b: Scizor|spd|1\n|\n|-heal|p1b: Corviknight|64\/100|[from] item: Leftovers\n|upkeep\n|turn|2\n|\n|t:|1681761122\n|switch|p1a: Arcanine|Arcanine, L50, F|100\/100\n|-ability|p1a: Arcanine|Intimidate|boost\n|-unboost|p2a: Chien-Pao|atk|1\n|-unboost|p2b: Scizor|atk|1\n|move|p2b: Scizor|Bullet Punch|p1b: Corviknight\n|-hint|Psychic Terrain doesn't affect Pok\u00e9mon immune to Ground.\n|-resisted|p1b: Corviknight\n|-damage|p1b: Corviknight|50\/100\n|move|p2a: Chien-Pao|Icicle Crash|p1b: Corviknight\n|-damage|p1b: Corviknight|20\/100\n|cant|p1b: Corviknight|flinch\n|\n|-heal|p1b: Corviknight|27\/100|[from] item: Leftovers\n|upkeep\n|turn|3\n|\n|t:|1681761147\n|switch|p2b: Tauros|Tauros-Paldea-Blaze, L50, M|100\/100\n|-ability|p2b: Tauros|Intimidate|boost\n|-unboost|p1a: Arcanine|atk|1\n|-ability|p1b: Corviknight|Mirror Armor\n|-unboost|p2b: Tauros|atk|1\n|move|p1b: Corviknight|Protect|p1b: Corviknight\n|-singleturn|p1b: Corviknight|Protect\n|move|p2a: Chien-Pao|Icicle Crash|p1b: Corviknight\n|-activate|p1b: Corviknight|move: Protect\n|move|p1a: Arcanine|Flare Blitz|p2b: Tauros\n|-resisted|p2b: Tauros\n|-damage|p2b: Tauros|82\/100\n|-damage|p1a: Arcanine|94\/100|[from] Recoil\n|\n|-heal|p2b: Tauros|88\/100|[from] item: Leftovers\n|-heal|p1b: Corviknight|33\/100|[from] item: Leftovers\n|upkeep\n|turn|4\n|\n|t:|1681761168\n|switch|p1b: Indeedee|Indeedee-F, L50, F|100\/100\n|move|p2a: Chien-Pao|Throat Chop|p1a: Arcanine\n|-damage|p1a: Arcanine|64\/100\n|-start|p1a: Arcanine|Throat Chop|[silent]\n|move|p1a: Arcanine|Will-O-Wisp|p2a: Chien-Pao\n|-status|p2a: Chien-Pao|brn\n|move|p2b: Tauros|Flare Blitz|p1b: Indeedee\n|-damage|p1b: Indeedee|31\/100\n|-damage|p2b: Tauros|68\/100|[from] Recoil\n|\n|-heal|p2b: Tauros|74\/100|[from] item: Leftovers\n|-damage|p2a: Chien-Pao|0 fnt|[from] brn\n|faint|p2a: Chien-Pao\n|upkeep\n|\n|t:|1681761194\n|switch|p2a: Scizor|Scizor, L50, M|100\/100\n|turn|5\n|inactive|Battle timer is ON: inactive players will automatically lose when time's up. (requested by Fake_pinkmilk)\n|\n|t:|1681761227\n|switch|p1b: Corviknight|Corviknight, L50, M|33\/100\n|-terastallize|p2b: Tauros|Fighting\n|move|p2a: Scizor|Protect|p2a: Scizor\n|-singleturn|p2a: Scizor|Protect\n|move|p1a: Arcanine|Flare Blitz|p2a: Scizor\n|-activate|p2a: Scizor|move: Protect\n|move|p2b: Tauros|Close Combat|p1a: Arcanine\n|-damage|p1a: Arcanine|13\/100\n|-unboost|p2b: Tauros|def|1\n|-unboost|p2b: Tauros|spd|1\n|-enditem|p1a: Arcanine|Aguav Berry|[eat]\n|-heal|p1a: Arcanine|46\/100|[from] item: Aguav Berry\n|\n|-heal|p2b: Tauros|80\/100|[from] item: Leftovers\n|-heal|p1b: Corviknight|39\/100|[from] item: Leftovers\n|-end|p1a: Arcanine|Throat Chop|[silent]\n|-fieldend|move: Psychic Terrain\n|upkeep\n|turn|6\n|\n|t:|1681761250\n|move|p1b: Corviknight|Protect|p1b: Corviknight\n|-singleturn|p1b: Corviknight|Protect\n|move|p1a: Arcanine|Will-O-Wisp|p2b: Tauros\n|-status|p2b: Tauros|brn\n|move|p2b: Tauros|Flare Blitz|p1b: Corviknight\n|-activate|p1b: Corviknight|move: Protect\n|move|p2a: Scizor|Close Combat|p1a: Arcanine\n|-damage|p1a: Arcanine|5\/100\n|-unboost|p2a: Scizor|def|1\n|-unboost|p2a: Scizor|spd|1\n|\n|-heal|p2b: Tauros|86\/100 brn|[from] item: Leftovers\n|-heal|p1b: Corviknight|45\/100|[from] item: Leftovers\n|-damage|p2b: Tauros|80\/100 brn|[from] brn\n|upkeep\n|turn|7\n|\n|t:|1681761265\n|switch|p1b: Indeedee|Indeedee-F, L50, F|31\/100\n|-fieldstart|move: Psychic Terrain|[from] ability: Psychic Surge|[of] p1b: Indeedee\n|move|p2a: Scizor|Bullet Punch|p1a: Arcanine\n|-activate|p1a: Arcanine|move: Psychic Terrain\n|move|p1a: Arcanine|Flare Blitz|p2a: Scizor\n|-supereffective|p2a: Scizor\n|-damage|p2a: Scizor|0 fnt\n|faint|p2a: Scizor\n|-damage|p1a: Arcanine|0 fnt|[from] Recoil\n|faint|p1a: Arcanine\n|move|p2b: Tauros|Flare Blitz|p1b: Indeedee\n|-damage|p1b: Indeedee|4\/100\n|-damage|p2b: Tauros|72\/100 brn|[from] Recoil\n|\n|-heal|p2b: Tauros|79\/100 brn|[from] item: Leftovers\n|-damage|p2b: Tauros|72\/100 brn|[from] brn\n|upkeep\n|\n|t:|1681761280\n|switch|p1a: Baxcalibur|Baxcalibur, L50, F|100\/100\n|switch|p2a: Brute Bonnet|Brute Bonnet, L50|100\/100\n|turn|8\n|\n|t:|1681761293\n|-terastallize|p1a: Baxcalibur|Ground\n|move|p2b: Tauros|Close Combat|p1a: Baxcalibur\n|-damage|p1a: Baxcalibur|78\/100\n|-unboost|p2b: Tauros|def|1\n|-unboost|p2b: Tauros|spd|1\n|move|p1b: Indeedee|Dazzling Gleam|p2a: Brute Bonnet|[spread] p2a,p2b\n|-supereffective|p2a: Brute Bonnet\n|-supereffective|p2b: Tauros\n|-damage|p2a: Brute Bonnet|77\/100\n|-damage|p2b: Tauros|1\/100 brn\n|move|p1a: Baxcalibur|Earthquake|p2b: Tauros|[spread] p1b,p2a,p2b\n|-resisted|p2a: Brute Bonnet\n|-crit|p2a: Brute Bonnet\n|-damage|p1b: Indeedee|0 fnt\n|-damage|p2a: Brute Bonnet|49\/100\n|-damage|p2b: Tauros|0 fnt\n|faint|p1b: Indeedee\n|faint|p2b: Tauros\n|move|p2a: Brute Bonnet|Spore|p1a: Baxcalibur\n|-status|p1a: Baxcalibur|slp|[from] move: Spore\n|\n|upkeep\n|\n|t:|1681761306\n|switch|p1b: Corviknight|Corviknight, L50, M|45\/100\n|turn|9\n|\n|t:|1681761312\n|cant|p1a: Baxcalibur|slp\n|move|p1b: Corviknight|Bulk Up|p1b: Corviknight\n|-boost|p1b: Corviknight|atk|1\n|-boost|p1b: Corviknight|def|1\n|move|p2a: Brute Bonnet|Crunch|p1b: Corviknight\n|-damage|p1b: Corviknight|17\/100\n|\n|-heal|p1b: Corviknight|23\/100|[from] item: Leftovers\n|upkeep\n|turn|10\n|\n|t:|1681761321\n|move|p1b: Corviknight|Protect|p1b: Corviknight\n|-singleturn|p1b: Corviknight|Protect\n|move|p2a: Brute Bonnet|Sucker Punch||[still]\n|-fail|p2a: Brute Bonnet\n|cant|p1a: Baxcalibur|slp\n|\n|-heal|p1b: Corviknight|29\/100|[from] item: Leftovers\n|upkeep\n|turn|11\n|\n|t:|1681761333\n|move|p2a: Brute Bonnet|Sucker Punch||[still]\n|-fail|p2a: Brute Bonnet\n|-curestatus|p1a: Baxcalibur|slp|[msg]\n|move|p1a: Baxcalibur|Icicle Crash|p2a: Brute Bonnet\n|-supereffective|p2a: Brute Bonnet\n|-damage|p2a: Brute Bonnet|0 fnt\n|faint|p2a: Brute Bonnet\n|-end|p2a: Brute Bonnet|Protosynthesis|[silent]\n|\n|win|Barbie120\n|raw|Barbie120's rating: 1214 → 1233<\/strong> (+19 for winning)\n|raw|Fake_pinkmilk's rating: 1133 → 1114<\/strong> (-19 for losing)\n|l|\u2606Fake_pinkmilk\n","uploadtime":1681761347,"views":10,"p1id":"barbie120","p2id":"fakepinkmilk","formatid":"gen9vgc2023regulationc","rating":1114,"private":0,"password":""}