{"id":"gen9vgc2023regulationc-1852450679","p1":"grace_my_world","p2":"Kirovz","format":"[Gen 9] VGC 2023 Regulation C","log":"|j|\u2606grace_my_world\n|j|\u2606Kirovz\n|t:|1682559175\n|gametype|doubles\n|player|p1|grace_my_world|266|1484\n|player|p2|Kirovz|lance|1434\n|teamsize|p1|6\n|teamsize|p2|6\n|gen|9\n|tier|[Gen 9] VGC 2023 Regulation C\n|rated|\n|rule|Species Clause: Limit one of each Pok\u00e9mon\n|rule|Item Clause: Limit one of each item\n|clearpoke\n|poke|p1|Iron Bundle, L50|\n|poke|p1|Chi-Yu, L50|\n|poke|p1|Gyarados, L50, F|\n|poke|p1|Glimmora, L50, M|\n|poke|p1|Wo-Chien, L50|\n|poke|p1|Kingambit, L50, F|\n|poke|p2|Dondozo, L50, M|\n|poke|p2|Tatsugiri-Stretchy, L50, M|\n|poke|p2|Chi-Yu, L50|\n|poke|p2|Flutter Mane, L50|\n|poke|p2|Dragonite, L50, M|\n|poke|p2|Glimmora, L50, F|\n|teampreview|4\n|inactive|Battle timer is ON: inactive players will automatically lose when time's up. (requested by grace_my_world)\n|\n|t:|1682559194\n|start\n|switch|p1a: Glimmora|Glimmora, L50, M|100\/100\n|switch|p1b: Gyarados|Gyarados, L50, F|100\/100\n|switch|p2a: Glimmora|Glimmora, L50, F|100\/100\n|switch|p2b: Dondozo|Dondozo, L50, M|100\/100\n|-ability|p1b: Gyarados|Intimidate|boost\n|-unboost|p2a: Glimmora|atk|1\n|-unboost|p2b: Dondozo|atk|1\n|turn|1\n|inactive|Kirovz has 30 seconds left.\n|\n|t:|1682559224\n|-terastallize|p1a: Glimmora|Water\n|move|p2b: Dondozo|Protect|p2b: Dondozo\n|-singleturn|p2b: Dondozo|Protect\n|move|p2a: Glimmora|Earth Power|p1a: Glimmora\n|-damage|p1a: Glimmora|76\/100\n|move|p1a: Glimmora|Mortal Spin|p2b: Dondozo|[spread] p2a\n|-activate|p2b: Dondozo|move: Protect\n|-resisted|p2a: Glimmora\n|-damage|p2a: Glimmora|99\/100\n|-activate|p2a: Glimmora|ability: Toxic Debris\n|-sidestart|p1: grace_my_world|move: Toxic Spikes\n|-sideend|p1: grace_my_world|Toxic Spikes|[from] move: Mortal Spin|[of] p1a: Glimmora\n|move|p1b: Gyarados|Waterfall|p2a: Glimmora\n|-supereffective|p2a: Glimmora\n|-damage|p2a: Glimmora|0 fnt\n|-activate|p2a: Glimmora|ability: Toxic Debris\n|-sidestart|p1: grace_my_world|move: Toxic Spikes\n|faint|p2a: Glimmora\n|\n|upkeep\n|\n|t:|1682559236\n|switch|p2a: Flutter Mane|Flutter Mane, L50|100\/100\n|-enditem|p2a: Flutter Mane|Booster Energy\n|-activate|p2a: Flutter Mane|ability: Protosynthesis|[fromitem]\n|-start|p2a: Flutter Mane|protosynthesisspe\n|turn|2\n|\n|t:|1682559250\n|switch|p1b: Wo-Chien|Wo-Chien, L50|100\/100\n|-status|p1b: Wo-Chien|psn\n|-ability|p1b: Wo-Chien|Tablets of Ruin\n|-terastallize|p2a: Flutter Mane|Steel\n|move|p2a: Flutter Mane|Substitute|p2a: Flutter Mane\n|-start|p2a: Flutter Mane|Substitute\n|-damage|p2a: Flutter Mane|76\/100\n|move|p1a: Glimmora|Mortal Spin|p2a: Flutter Mane|[spread] p2b\n|-immune|p2a: Flutter Mane\n|-damage|p2b: Dondozo|98\/100\n|-status|p2b: Dondozo|psn\n|-sideend|p1: grace_my_world|Toxic Spikes|[from] move: Mortal Spin|[of] p1a: Glimmora\n|move|p2b: Dondozo|Yawn||[still]\n|-fail|p2b: Dondozo\n|\n|-damage|p1b: Wo-Chien|88\/100 psn|[from] psn\n|-damage|p2b: Dondozo|86\/100 psn|[from] psn\n|upkeep\n|turn|3\n|inactive|grace_my_world has 30 seconds left.\n|\n|t:|1682559277\n|move|p2a: Flutter Mane|Protect|p2a: Flutter Mane\n|-singleturn|p2a: Flutter Mane|Protect\n|move|p1a: Glimmora|Earth Power|p2a: Flutter Mane\n|-activate|p2a: Flutter Mane|move: Protect\n|move|p1b: Wo-Chien|Pollen Puff|p1a: Glimmora\n|-heal|p1a: Glimmora|100\/100\n|move|p2b: Dondozo|Yawn|p1a: Glimmora\n|-start|p1a: Glimmora|move: Yawn|[of] p2b: Dondozo\n|\n|-heal|p1b: Wo-Chien|94\/100 psn|[from] item: Leftovers\n|-damage|p1b: Wo-Chien|82\/100 psn|[from] psn\n|-damage|p2b: Dondozo|73\/100 psn|[from] psn\n|upkeep\n|turn|4\n|\n|t:|1682559296\n|switch|p1a: Gyarados|Gyarados, L50, F|100\/100\n|-ability|p1a: Gyarados|Intimidate|boost\n|-immune|p2a: Flutter Mane\n|-unboost|p2b: Dondozo|atk|1\n|move|p2a: Flutter Mane|Moonblast|p1b: Wo-Chien\n|-supereffective|p1b: Wo-Chien\n|-damage|p1b: Wo-Chien|25\/100 psn\n|move|p1b: Wo-Chien|Leech Seed|p2b: Dondozo\n|-start|p2b: Dondozo|move: Leech Seed\n|move|p2b: Dondozo|Yawn|p1a: Gyarados\n|-start|p1a: Gyarados|move: Yawn|[of] p2b: Dondozo\n|\n|-heal|p1b: Wo-Chien|32\/100 psn|[from] item: Leftovers\n|-damage|p2b: Dondozo|61\/100 psn|[from] Leech Seed|[of] p1b: Wo-Chien\n|-heal|p1b: Wo-Chien|48\/100 psn|[silent]\n|-damage|p1b: Wo-Chien|36\/100 psn|[from] psn\n|-damage|p2b: Dondozo|48\/100 psn|[from] psn\n|upkeep\n|-enditem|p2b: Dondozo|Sitrus Berry|[eat]\n|-heal|p2b: Dondozo|73\/100 psn|[from] item: Sitrus Berry\n|turn|5\n|\n|t:|1682559320\n|switch|p1a: Glimmora|Glimmora, L50, M, tera:Water|100\/100\n|move|p1b: Wo-Chien|Protect|p1b: Wo-Chien\n|-singleturn|p1b: Wo-Chien|Protect\n|move|p2a: Flutter Mane|Hex|p1a: Glimmora\n|-damage|p1a: Glimmora|75\/100\n|move|p2b: Dondozo|Yawn|p1a: Glimmora\n|-start|p1a: Glimmora|move: Yawn|[of] p2b: Dondozo\n|\n|-heal|p1b: Wo-Chien|42\/100 psn|[from] item: Leftovers\n|-damage|p2b: Dondozo|61\/100 psn|[from] Leech Seed|[of] p1b: Wo-Chien\n|-heal|p1b: Wo-Chien|59\/100 psn|[silent]\n|-damage|p1b: Wo-Chien|46\/100 psn|[from] psn\n|-damage|p2b: Dondozo|48\/100 psn|[from] psn\n|upkeep\n|turn|6\n|l|\u2606grace_my_world\n|inactive|grace_my_world disconnected and has a minute to reconnect!\n|player|p1|\n|inactive|grace_my_world has 30 seconds left.\n|inactive|Kirovz has 30 seconds left.\n|j|\u2606grace_my_world\n|inactive|grace_my_world reconnected and has 25 seconds left.\n|player|p1|grace_my_world|266\n|inactive|grace_my_world has 20 seconds left.\n|inactive|grace_my_world has 15 seconds left.\n|inactive|Kirovz has 20 seconds left.\n|inactive|Kirovz has 15 seconds left.\n|\n|t:|1682559367\n|switch|p1b: Gyarados|Gyarados, L50, F|100\/100\n|-ability|p1b: Gyarados|Intimidate|boost\n|-immune|p2a: Flutter Mane\n|-unboost|p2b: Dondozo|atk|1\n|move|p2a: Flutter Mane|Protect|p2a: Flutter Mane\n|-singleturn|p2a: Flutter Mane|Protect\n|move|p1a: Glimmora|Earth Power|p2a: Flutter Mane\n|-activate|p2a: Flutter Mane|move: Protect\n|move|p2b: Dondozo|Yawn||[still]\n|-fail|p2b: Dondozo\n|\n|-damage|p2b: Dondozo|36\/100 psn|[from] Leech Seed|[of] p1b: Gyarados\n|-damage|p2b: Dondozo|23\/100 psn|[from] psn\n|-end|p1a: Glimmora|move: Yawn|[silent]\n|-status|p1a: Glimmora|slp\n|upkeep\n|turn|7\n|inactive|grace_my_world has 30 seconds left.\n|inactive|Kirovz has 30 seconds left.\n|\n|t:|1682559396\n|switch|p2b: Dragonite|Dragonite, L50, M|100\/100\n|move|p2a: Flutter Mane|Hex|p1a: Glimmora\n|-damage|p1a: Glimmora|25\/100 slp\n|cant|p1a: Glimmora|slp\n|move|p1b: Gyarados|Taunt|p2b: Dragonite\n|-start|p2b: Dragonite|move: Taunt\n|\n|upkeep\n|turn|8\n|l|\u2606grace_my_world\n|inactive|grace_my_world disconnected and has a minute to reconnect!\n|player|p1|\n|inactive|grace_my_world has 30 seconds left.\n|inactive|grace_my_world has 20 seconds left.\n|inactive|grace_my_world has 15 seconds left.\n|inactive|grace_my_world has 10 seconds left.\n|inactive|grace_my_world has 5 seconds left.\n|-message|grace_my_world lost due to inactivity.\n|\n|win|Kirovz\n|raw|grace_my_world's rating: 1484 → 1461<\/strong> (-23 for losing)\n|raw|Kirovz's rating: 1434 → 1457<\/strong> (+23 for winning)\n","uploadtime":1682559456,"views":10,"p1id":"gracemyworld","p2id":"kirovz","formatid":"gen9vgc2023regulationc","rating":1457,"private":0,"password":""}