{"id":"gen9vgc2023regulationc-1858734496","p1":"haha you rage quit","p2":"eepy nougat","format":"[Gen 9] VGC 2023 Regulation C","log":"|j|\u2606haha you rage quit\n|j|\u2606eepy nougat\n|t:|1683350479\n|gametype|doubles\n|player|p1|haha you rage quit|266|1381\n|player|p2|eepy nougat|janitor|1414\n|teamsize|p1|6\n|teamsize|p2|6\n|gen|9\n|tier|[Gen 9] VGC 2023 Regulation C\n|rated|\n|rule|Species Clause: Limit one of each Pok\u00e9mon\n|rule|Item Clause: Limit one of each item\n|clearpoke\n|poke|p1|Murkrow, L50, M|\n|poke|p1|Flutter Mane, L50|\n|poke|p1|Great Tusk, L50|\n|poke|p1|Chi-Yu, L50|\n|poke|p1|Baxcalibur, L50, M|\n|poke|p1|Talonflame, L50, M|\n|poke|p2|Flutter Mane, L50|\n|poke|p2|Rotom-Wash, L50|\n|poke|p2|Arcanine, L50, F|\n|poke|p2|Amoonguss, L50, F|\n|poke|p2|Great Tusk, L50|\n|poke|p2|Chi-Yu, L50|\n|teampreview|4\n|j| NaughtyGirl-chan\n|\n|t:|1683350532\n|start\n|switch|p1a: Talonflame|Talonflame, L50, M|100\/100\n|switch|p1b: Great Tusk|Great Tusk, L50, shiny|100\/100\n|switch|p2a: Rotom|Rotom-Wash, L50, shiny|100\/100\n|switch|p2b: Great Tusk|Great Tusk, L50|100\/100\n|turn|1\n|\n|t:|1683350554\n|-end|p2b: Great Tusk|Protosynthesis|[silent]\n|switch|p2b: Amoonguss|Amoonguss, L50, F|100\/100\n|move|p1b: Great Tusk|Protect|p1b: Great Tusk\n|-singleturn|p1b: Great Tusk|Protect\n|move|p1a: Talonflame|Tailwind|p1a: Talonflame\n|-sidestart|p1: haha you rage quit|move: Tailwind\n|move|p2a: Rotom|Will-O-Wisp|p1b: Great Tusk\n|-activate|p1b: Great Tusk|move: Protect\n|\n|upkeep\n|turn|2\n|\n|t:|1683350592\n|-terastallize|p2b: Amoonguss|Water\n|move|p1a: Talonflame|Sunny Day|p1a: Talonflame\n|-weather|SunnyDay\n|-activate|p1b: Great Tusk|ability: Protosynthesis\n|-start|p1b: Great Tusk|protosynthesisatk\n|move|p1b: Great Tusk|Close Combat|p2a: Rotom\n|-damage|p2a: Rotom|26\/100\n|-unboost|p1b: Great Tusk|def|1\n|-unboost|p1b: Great Tusk|spd|1\n|move|p2a: Rotom|Will-O-Wisp|p1b: Great Tusk\n|-status|p1b: Great Tusk|brn\n|move|p2b: Amoonguss|Spore|p1a: Talonflame\n|-status|p1a: Talonflame|slp|[from] move: Spore\n|\n|-weather|SunnyDay|[upkeep]\n|-damage|p1b: Great Tusk|94\/100 brn|[from] brn\n|upkeep\n|turn|3\n|\n|t:|1683350617\n|cant|p1a: Talonflame|slp\n|move|p2b: Amoonguss|Rage Powder|p2b: Amoonguss\n|-singleturn|p2b: Amoonguss|move: Rage Powder\n|move|p1b: Great Tusk|Close Combat|p2b: Amoonguss\n|-damage|p2b: Amoonguss|57\/100\n|-unboost|p1b: Great Tusk|def|1\n|-unboost|p1b: Great Tusk|spd|1\n|move|p2a: Rotom|Thunderbolt|p1a: Talonflame\n|-supereffective|p1a: Talonflame\n|-damage|p1a: Talonflame|18\/100 slp\n|\n|-weather|SunnyDay|[upkeep]\n|-damage|p1b: Great Tusk|88\/100 brn|[from] brn\n|upkeep\n|turn|4\n|\n|t:|1683350648\n|switch|p1a: Baxcalibur|Baxcalibur, L50, M|100\/100\n|move|p1b: Great Tusk|Close Combat|p2b: Amoonguss\n|-damage|p2b: Amoonguss|17\/100\n|-unboost|p1b: Great Tusk|def|1\n|-unboost|p1b: Great Tusk|spd|1\n|-enditem|p2b: Amoonguss|Sitrus Berry|[eat]\n|-heal|p2b: Amoonguss|42\/100|[from] item: Sitrus Berry\n|move|p2a: Rotom|Thunderbolt|p1a: Baxcalibur\n|-resisted|p1a: Baxcalibur\n|-damage|p1a: Baxcalibur|86\/100\n|move|p2b: Amoonguss|Giga Drain|p1b: Great Tusk\n|-supereffective|p1b: Great Tusk\n|-damage|p1b: Great Tusk|0 fnt\n|-heal|p2b: Amoonguss|87\/100|[from] drain|[of] p1b: Great Tusk\n|faint|p1b: Great Tusk\n|-end|p1b: Great Tusk|Protosynthesis|[silent]\n|\n|-weather|SunnyDay|[upkeep]\n|-sideend|p1: haha you rage quit|move: Tailwind\n|upkeep\n|\n|t:|1683350668\n|switch|p1b: Talonflame|Talonflame, L50, M|18\/100 slp\n|turn|5\n|\n|t:|1683350678\n|cant|p1b: Talonflame|slp\n|move|p1a: Baxcalibur|Icicle Spear|p2a: Rotom\n|-resisted|p2a: Rotom\n|-damage|p2a: Rotom|19\/100\n|-resisted|p2a: Rotom\n|-damage|p2a: Rotom|12\/100\n|-resisted|p2a: Rotom\n|-damage|p2a: Rotom|6\/100\n|-resisted|p2a: Rotom\n|-crit|p2a: Rotom\n|-damage|p2a: Rotom|0 fnt\n|faint|p2a: Rotom\n|-hitcount|p2: Rotom|4\n|move|p2b: Amoonguss|Spore|p1a: Baxcalibur\n|-status|p1a: Baxcalibur|slp|[from] move: Spore\n|\n|-weather|SunnyDay|[upkeep]\n|upkeep\n|\n|t:|1683350687\n|switch|p2a: Great Tusk|Great Tusk, L50|100\/100\n|-activate|p2a: Great Tusk|ability: Protosynthesis\n|-start|p2a: Great Tusk|protosynthesisatk\n|turn|6\n|\n|t:|1683350709\n|cant|p1a: Baxcalibur|slp\n|move|p2b: Amoonguss|Rage Powder|p2b: Amoonguss\n|-singleturn|p2b: Amoonguss|move: Rage Powder\n|move|p2a: Great Tusk|Headlong Rush|p1a: Baxcalibur\n|-damage|p1a: Baxcalibur|15\/100 slp\n|-unboost|p2a: Great Tusk|def|1\n|-unboost|p2a: Great Tusk|spd|1\n|cant|p1b: Talonflame|slp\n|\n|-weather|none\n|-end|p2a: Great Tusk|Protosynthesis\n|upkeep\n|turn|7\n|\n|t:|1683350731\n|-curestatus|p1a: Baxcalibur|slp|[msg]\n|move|p1a: Baxcalibur|Protect|p1a: Baxcalibur\n|-singleturn|p1a: Baxcalibur|Protect\n|move|p2a: Great Tusk|Headlong Rush|p1a: Baxcalibur\n|-activate|p1a: Baxcalibur|move: Protect\n|-curestatus|p1b: Talonflame|slp|[msg]\n|move|p1b: Talonflame|Tailwind|p1b: Talonflame\n|-sidestart|p1: haha you rage quit|move: Tailwind\n|move|p2b: Amoonguss|Giga Drain|p1b: Talonflame\n|-resisted|p1b: Talonflame\n|-damage|p1b: Talonflame|10\/100\n|-heal|p2b: Amoonguss|91\/100|[from] drain|[of] p1b: Talonflame\n|\n|upkeep\n|turn|8\n|\n|t:|1683350765\n|move|p2b: Amoonguss|Rage Powder|p2b: Amoonguss\n|-singleturn|p2b: Amoonguss|move: Rage Powder\n|move|p1a: Baxcalibur|Ice Shard|p2b: Amoonguss\n|-resisted|p2b: Amoonguss\n|-damage|p2b: Amoonguss|80\/100\n|move|p1b: Talonflame|Brave Bird|p2b: Amoonguss\n|-damage|p2b: Amoonguss|41\/100\n|-damage|p1b: Talonflame|0 fnt|[from] Recoil\n|faint|p1b: Talonflame\n|move|p2a: Great Tusk|Headlong Rush|p1a: Baxcalibur\n|-damage|p1a: Baxcalibur|0 fnt\n|-unboost|p2a: Great Tusk|def|1\n|-unboost|p2a: Great Tusk|spd|1\n|faint|p1a: Baxcalibur\n|\n|upkeep\n|\n|t:|1683350778\n|switch|p1a: Flutter Mane|Flutter Mane, L50, shiny|100\/100\n|-enditem|p1a: Flutter Mane|Booster Energy\n|-activate|p1a: Flutter Mane|ability: Protosynthesis|[fromitem]\n|-start|p1a: Flutter Mane|protosynthesisspa\n|turn|9\n|\n|t:|1683350789\n|switch|p2b: Chi-Yu|Chi-Yu, L50|100\/100\n|-ability|p2b: Chi-Yu|Beads of Ruin\n|-terastallize|p1a: Flutter Mane|Water\n|move|p1a: Flutter Mane|Dazzling Gleam|p2a: Great Tusk|[spread] p2a,p2b\n|-supereffective|p2a: Great Tusk\n|-damage|p2a: Great Tusk|0 fnt\n|-damage|p2b: Chi-Yu|50\/100\n|faint|p2a: Great Tusk\n|-end|p2a: Great Tusk|Protosynthesis|[silent]\n|\n|upkeep\n|\n|t:|1683350791\n|switch|p2a: Amoonguss|Amoonguss, L50, F, tera:Water|75\/100\n|turn|10\n|\n|t:|1683350807\n|move|p2b: Chi-Yu|Protect|p2b: Chi-Yu\n|-singleturn|p2b: Chi-Yu|Protect\n|move|p1a: Flutter Mane|Thunderbolt|p2a: Amoonguss\n|-supereffective|p2a: Amoonguss\n|-damage|p2a: Amoonguss|0 fnt\n|faint|p2a: Amoonguss\n|\n|-sideend|p1: haha you rage quit|move: Tailwind\n|upkeep\n|turn|11\n|-message|eepy nougat forfeited.\n|\n|win|haha you rage quit\n|raw|haha you rage quit's rating: 1381 → 1403<\/strong> (+22 for winning)\n|raw|eepy nougat's rating: 1414 → 1392<\/strong> (-22 for losing)\n|l|\u2606eepy nougat\n|l| NaughtyGirl-chan\n","uploadtime":1683350835,"views":10,"p1id":"hahayouragequit","p2id":"eepynougat","formatid":"gen9vgc2023regulationc","rating":1392,"private":0,"password":""}