{"id":"gen9vgc2023regulationc-1858092160","p1":"whosgemini","p2":"StevennSSB","format":"[Gen 9] VGC 2023 Regulation C","log":"|j|\u2606whosgemini\n|j|\u2606StevennSSB\n|t:|1683274262\n|gametype|doubles\n|player|p1|whosgemini|n|1215\n|player|p2|StevennSSB|n|1144\n|teamsize|p1|6\n|teamsize|p2|6\n|gen|9\n|tier|[Gen 9] VGC 2023 Regulation C\n|rated|\n|rule|Species Clause: Limit one of each Pok\u00e9mon\n|rule|Item Clause: Limit one of each item\n|clearpoke\n|poke|p1|Grimmsnarl, L50, M|\n|poke|p1|Flutter Mane, L50|\n|poke|p1|Glimmora, L50, F|\n|poke|p1|Toxapex, L50, M|\n|poke|p1|Roaring Moon, L50|\n|poke|p1|Garganacl, L50, F|\n|poke|p2|Iron Bundle, L50|\n|poke|p2|Chi-Yu, L50|\n|poke|p2|Palafin, L50, M|\n|poke|p2|Maushold-Four, L50|\n|poke|p2|Flutter Mane, L50|\n|poke|p2|Grimmsnarl, L50, M|\n|teampreview|4\n|inactive|Battle timer is ON: inactive players will automatically lose when time's up. (requested by whosgemini)\n|inactive|StevennSSB has 60 seconds left.\nwhosgemini rejected open team sheets.\n|\n|t:|1683274348\n|start\n|switch|p1a: Grimmsnarl|Grimmsnarl, L50, M|100\/100\n|switch|p1b: Flutter Mane|Flutter Mane, L50|100\/100\n|switch|p2a: Maushold|Maushold-Four, L50|100\/100\n|switch|p2b: Iron Bundle|Iron Bundle, L50|100\/100\n|-enditem|p2b: Iron Bundle|Booster Energy\n|-activate|p2b: Iron Bundle|ability: Quark Drive|[fromitem]\n|-start|p2b: Iron Bundle|quarkdrivespe\n|turn|1\n|inactive|StevennSSB has 30 seconds left.\n|inactive|StevennSSB has 20 seconds left.\n|\n|t:|1683274387\n|move|p1b: Flutter Mane|Protect|p1b: Flutter Mane\n|-singleturn|p1b: Flutter Mane|Protect\n|move|p2a: Maushold|Follow Me|p2a: Maushold\n|-singleturn|p2a: Maushold|move: Follow Me\n|move|p1a: Grimmsnarl|Fake Tears|p2a: Maushold\n|-unboost|p2a: Maushold|spd|2\n|move|p2b: Iron Bundle|Blizzard|p1b: Flutter Mane|[spread] p1a\n|-activate|p1b: Flutter Mane|move: Protect\n|-damage|p1a: Grimmsnarl|53\/100\n|\n|upkeep\n|turn|2\n|\n|t:|1683274409\n|move|p2a: Maushold|Helping Hand|p2b: Iron Bundle\n|-singleturn|p2b: Iron Bundle|Helping Hand|[of] p2a: Maushold\n|move|p1a: Grimmsnarl|Fake Tears|p2b: Iron Bundle\n|-unboost|p2b: Iron Bundle|spd|2\n|move|p2b: Iron Bundle|Blizzard|p1a: Grimmsnarl|[spread] p1a\n|-miss|p2b: Iron Bundle|p1b: Flutter Mane\n|-damage|p1a: Grimmsnarl|0 fnt\n|faint|p1a: Grimmsnarl\n|move|p1b: Flutter Mane|Thunderbolt|p2b: Iron Bundle\n|-supereffective|p2b: Iron Bundle\n|-damage|p2b: Iron Bundle|0 fnt\n|faint|p2b: Iron Bundle\n|-end|p2b: Iron Bundle|Quark Drive|[silent]\n|-damage|p1b: Flutter Mane|90\/100|[from] item: Life Orb\n|\n|upkeep\n|inactive|StevennSSB has 30 seconds left.\n|\n|t:|1683274434\n|switch|p2b: Palafin|Palafin, L50, M|100\/100\n|switch|p1a: Glimmora|Glimmora, L50, F|100\/100\n|turn|3\n|\n|t:|1683274457\n|switch|p2a: Flutter Mane|Flutter Mane, L50|100\/100\n|move|p1b: Flutter Mane|Thunderbolt|p2b: Palafin\n|-supereffective|p2b: Palafin\n|-damage|p2b: Palafin|0 fnt\n|faint|p2b: Palafin\n|-damage|p1b: Flutter Mane|80\/100|[from] item: Life Orb\n|move|p1a: Glimmora|Mortal Spin|p2a: Flutter Mane\n|-damage|p2a: Flutter Mane|84\/100\n|-status|p2a: Flutter Mane|psn\n|\n|-damage|p2a: Flutter Mane|72\/100 psn|[from] psn\n|upkeep\n|\n|t:|1683274471\n|switch|p2b: Maushold|Maushold-Four, L50|100\/100\n|turn|4\n|\n|t:|1683274495\n|move|p1b: Flutter Mane|Protect|p1b: Flutter Mane\n|-singleturn|p1b: Flutter Mane|Protect\n|move|p2a: Flutter Mane|Shadow Ball|p1b: Flutter Mane\n|-activate|p1b: Flutter Mane|move: Protect\n|move|p2b: Maushold|Super Fang|p1a: Glimmora\n|-damage|p1a: Glimmora|50\/100\n|-activate|p1a: Glimmora|ability: Toxic Debris\n|-sidestart|p2: StevennSSB|move: Toxic Spikes\n|move|p1a: Glimmora|Mortal Spin|p2a: Flutter Mane|[spread] p2a,p2b\n|-damage|p2a: Flutter Mane|64\/100 psn\n|-damage|p2b: Maushold|93\/100\n|-status|p2b: Maushold|psn\n|\n|-damage|p2a: Flutter Mane|51\/100 psn|[from] psn\n|-damage|p2b: Maushold|81\/100 psn|[from] psn\n|upkeep\n|turn|5\n|inactive|StevennSSB has 30 seconds left.\n|\n|t:|1683274523\n|move|p2b: Maushold|Helping Hand|p2a: Flutter Mane\n|-singleturn|p2a: Flutter Mane|Helping Hand|[of] p2b: Maushold\n|move|p1a: Glimmora|Spiky Shield|p1a: Glimmora\n|-singleturn|p1a: Glimmora|move: Protect\n|move|p2a: Flutter Mane|Shadow Ball|p1b: Flutter Mane\n|-supereffective|p1b: Flutter Mane\n|-damage|p1b: Flutter Mane|0 fnt\n|faint|p1b: Flutter Mane\n|-end|p1b: Flutter Mane|Protosynthesis|[silent]\n|\n|-damage|p2a: Flutter Mane|39\/100 psn|[from] psn\n|-damage|p2b: Maushold|69\/100 psn|[from] psn\n|upkeep\n|\n|t:|1683274536\n|switch|p1b: Toxapex|Toxapex, L50, M|100\/100\n|turn|6\n|\n|t:|1683274550\n|move|p2a: Flutter Mane|Shadow Ball|p1a: Glimmora\n|-damage|p1a: Glimmora|0 fnt\n|faint|p1a: Glimmora\n|move|p2b: Maushold|Super Fang|p1b: Toxapex|[miss]\n|-miss|p2b: Maushold|p1b: Toxapex\n|move|p1b: Toxapex|Liquidation|p2b: Maushold\n|-crit|p2b: Maushold\n|-damage|p2b: Maushold|0 fnt\n|faint|p2b: Maushold\n|\n|-damage|p2a: Flutter Mane|27\/100 psn|[from] psn\n|upkeep\n|turn|7\n|\n|t:|1683274565\n|move|p2a: Flutter Mane|Shadow Ball|p1b: Toxapex\n|-damage|p1b: Toxapex|50\/100\n|move|p1b: Toxapex|Liquidation|p2a: Flutter Mane\n|-crit|p2a: Flutter Mane\n|-damage|p2a: Flutter Mane|0 fnt\n|faint|p2a: Flutter Mane\n|-end|p2a: Flutter Mane|Protosynthesis|[silent]\n|\n|win|whosgemini\n|raw|whosgemini's rating: 1215 → 1235<\/strong> (+20 for winning)\n|raw|StevennSSB's rating: 1144 → 1124<\/strong> (-20 for losing)\n","uploadtime":1683274574,"views":15,"p1id":"whosgemini","p2id":"stevennssb","formatid":"gen9vgc2023regulationc","rating":1124,"private":0,"password":""}