{"id":"gen9vgc2023regulationc-1861669850","p1":"Vasy98ita","p2":"Xbox_winnerYT","format":"[Gen 9] VGC 2023 Regulation C","log":"|j|\u2606Vasy98ita\n|j|\u2606Xbox_winnerYT\n|t:|1683791521\n|gametype|doubles\n|player|p1|Vasy98ita|riley|1236\n|player|p2|Xbox_winnerYT|volkner|1145\n|teamsize|p1|6\n|teamsize|p2|6\n|gen|9\n|tier|[Gen 9] VGC 2023 Regulation C\n|rated|\n|rule|Species Clause: Limit one of each Pok\u00e9mon\n|rule|Item Clause: Limit one of each item\n|clearpoke\n|poke|p1|Amoonguss, L50, M|\n|poke|p1|Arcanine, L50, M|\n|poke|p1|Flutter Mane, L50|\n|poke|p1|Chi-Yu, L50|\n|poke|p1|Iron Hands, L50|\n|poke|p1|Palafin, L50, M|\n|poke|p2|Bellibolt, L50, F|\n|poke|p2|Arboliva, L50, F|\n|poke|p2|Kingambit, L50, F|\n|poke|p2|Indeedee-F, L50, F|\n|poke|p2|Armarouge, L50, F|\n|poke|p2|Gallade, L50, M|\n|teampreview|4\n|inactive|Battle timer is ON: inactive players will automatically lose when time's up. (requested by Xbox_winnerYT)\n|inactive|Xbox_winnerYT has 60 seconds left.\n|\n|t:|1683791558\n|start\n|switch|p1a: Chi-Yu|Chi-Yu, L50|100\/100\n|switch|p1b: Flutter Mane|Flutter Mane, L50|100\/100\n|switch|p2a: Gallade|Gallade, L50, M|100\/100\n|switch|p2b: Kingambit|Kingambit, L50, F|100\/100\n|-ability|p1a: Chi-Yu|Beads of Ruin\n|-enditem|p1b: Flutter Mane|Booster Energy\n|-activate|p1b: Flutter Mane|ability: Protosynthesis|[fromitem]\n|-start|p1b: Flutter Mane|protosynthesisspe\n|turn|1\n|inactive|Xbox_winnerYT has 30 seconds left.\n|\n|t:|1683791588\n|switch|p2b: Armarouge|Armarouge, L50, F|100\/100\n|-terastallize|p1b: Flutter Mane|Water\n|move|p2a: Gallade|Wide Guard|p2a: Gallade\n|-singleturn|p2a: Gallade|Wide Guard\n|move|p1b: Flutter Mane|Dazzling Gleam|p2b: Armarouge|[spread] \n|-activate|p2a: Gallade|move: Wide Guard\n|-activate|p2b: Armarouge|move: Wide Guard\n|move|p1a: Chi-Yu|Heat Wave|p2b: Armarouge|[spread] \n|-activate|p2a: Gallade|move: Wide Guard\n|-activate|p2b: Armarouge|move: Wide Guard\n|\n|upkeep\n|turn|2\n|\n|t:|1683791613\n|move|p2b: Armarouge|Protect|p2b: Armarouge\n|-singleturn|p2b: Armarouge|Protect\n|move|p1b: Flutter Mane|Shadow Ball|p2a: Gallade\n|-supereffective|p2a: Gallade\n|-crit|p2a: Gallade\n|-damage|p2a: Gallade|0 fnt\n|faint|p2a: Gallade\n|move|p1a: Chi-Yu|Taunt|p2b: Armarouge\n|-activate|p2b: Armarouge|move: Protect\n|\n|upkeep\n|\n|t:|1683791627\n|switch|p2a: Kingambit|Kingambit, L50, F|100\/100\n|turn|3\n|\n|t:|1683791651\n|-terastallize|p2b: Armarouge|Grass\n|move|p2a: Kingambit|Sucker Punch|p1b: Flutter Mane\n|-damage|p1b: Flutter Mane|0 fnt\n|faint|p1b: Flutter Mane\n|-end|p1b: Flutter Mane|Protosynthesis|[silent]\n|-damage|p2a: Kingambit|91\/100|[from] item: Life Orb\n|move|p1a: Chi-Yu|Taunt|p2b: Armarouge\n|-start|p2b: Armarouge|move: Taunt\n|cant|p2b: Armarouge|move: Taunt|Trick Room\n|\n|upkeep\n|\n|t:|1683791664\n|switch|p1b: Iron Hands|Iron Hands, L50|100\/100\n|turn|4\n|\n|t:|1683791684\n|move|p2a: Kingambit|Protect|p2a: Kingambit\n|-singleturn|p2a: Kingambit|Protect\n|move|p1a: Chi-Yu|Dark Pulse|p2b: Armarouge\n|-damage|p2b: Armarouge|32\/100\n|move|p2b: Armarouge|Armor Cannon|p1a: Chi-Yu\n|-resisted|p1a: Chi-Yu\n|-damage|p1a: Chi-Yu|59\/100\n|-unboost|p2b: Armarouge|def|1\n|-unboost|p2b: Armarouge|spd|1\n|move|p1b: Iron Hands|Drain Punch|p2a: Kingambit\n|-activate|p2a: Kingambit|move: Protect\n|\n|upkeep\n|turn|5\n|\n|t:|1683791704\n|move|p2a: Kingambit|Protect||[still]\n|-fail|p2a: Kingambit\n|move|p1a: Chi-Yu|Dark Pulse|p2b: Armarouge\n|-damage|p2b: Armarouge|0 fnt\n|faint|p2b: Armarouge\n|move|p1b: Iron Hands|Drain Punch|p2a: Kingambit\n|-supereffective|p2a: Kingambit\n|-damage|p2a: Kingambit|0 fnt\n|faint|p2a: Kingambit\n|\n|upkeep\n|\n|t:|1683791714\n|switch|p2a: Arboliva|Arboliva, L50, F|100\/100\n|turn|6\n|c|\u2606Xbox_winnerYT|gg\n|\n|t:|1683791722\n|move|p1a: Chi-Yu|Taunt|p2a: Arboliva\n|-start|p2a: Arboliva|move: Taunt\n|move|p1b: Iron Hands|Drain Punch|p2a: Arboliva\n|-supereffective|p2a: Arboliva\n|-damage|p2a: Arboliva|6\/100\n|-fieldstart|move: Grassy Terrain|[from] ability: Seed Sower|[of] p2a: Arboliva\n|move|p2a: Arboliva|Dazzling Gleam|p1a: Chi-Yu|[spread] p1a,p1b\n|-crit|p1a: Chi-Yu\n|-supereffective|p1b: Iron Hands\n|-damage|p1a: Chi-Yu|19\/100\n|-damage|p1b: Iron Hands|71\/100\n|\n|-heal|p1a: Chi-Yu|25\/100|[from] Grassy Terrain\n|-heal|p1b: Iron Hands|77\/100|[from] Grassy Terrain\n|-heal|p2a: Arboliva|12\/100|[from] Grassy Terrain\n|upkeep\n|turn|7\n|-message|Xbox_winnerYT forfeited.\n|\n|win|Vasy98ita\n|raw|Vasy98ita's rating: 1236 → 1255<\/strong> (+19 for winning)\n|raw|Xbox_winnerYT's rating: 1145 → 1126<\/strong> (-19 for losing)\n|l|\u2606Xbox_winnerYT\n","uploadtime":1683791738,"views":14,"p1id":"vasy98ita","p2id":"xboxwinneryt","formatid":"gen9vgc2023regulationc","rating":1126,"private":0,"password":""}