{"id":"gen9vgc2023regulationc-1845803561","p1":"Brotherbeergames","p2":"Crayvien","format":"[Gen 9] VGC 2023 Regulation C","log":"|j|\u2606Brotherbeergames\n|j|\u2606Crayvien\n|t:|1681766155\n|gametype|doubles\n|player|p1|Brotherbeergames|youngster-gen4dp|1215\n|player|p2|Crayvien|burglar|1274\n|teamsize|p1|6\n|teamsize|p2|6\n|gen|9\n|tier|[Gen 9] VGC 2023 Regulation C\n|rated|\n|rule|Species Clause: Limit one of each Pok\u00e9mon\n|rule|Item Clause: Limit one of each item\n|clearpoke\n|poke|p1|Indeedee-F, L50, F|\n|poke|p1|Hatterene, L50, F|\n|poke|p1|Iron Hands, L50|\n|poke|p1|Ting-Lu, L50|\n|poke|p1|Rotom-Wash, L50|\n|poke|p1|Kingambit, L50, F|\n|poke|p2|Ceruledge, L50, M|\n|poke|p2|Iron Valiant, L50|\n|poke|p2|Tauros-Paldea-Aqua, L50, M|\n|poke|p2|Sandy Shocks, L50|\n|poke|p2|Kingambit, L50, M|\n|poke|p2|Kilowattrel, L50, M|\n|teampreview|4\n|inactive|Battle timer is ON: inactive players will automatically lose when time's up. (requested by Crayvien)\n|inactive|Brotherbeergames has 60 seconds left.\n|inactive|Crayvien has 60 seconds left.\n|inactive|Brotherbeergames has 30 seconds left.\n|inactive|Crayvien has 30 seconds left.\n|inactive|Brotherbeergames has 20 seconds left.\n|\n|t:|1681766226\n|start\n|switch|p1a: Indeedee|Indeedee-F, L50, F|100\/100\n|switch|p1b: Ting-Lu|Ting-Lu, L50|100\/100\n|switch|p2a: Kingambit|Kingambit, L50, M, shiny|100\/100\n|switch|p2b: Sandy Shocks|Sandy Shocks, L50, shiny|100\/100\n|-fieldstart|move: Psychic Terrain|[from] ability: Psychic Surge|[of] p1a: Indeedee\n|-enditem|p1a: Indeedee|Psychic Seed\n|-boost|p1a: Indeedee|spd|1|[from] item: Psychic Seed\n|-ability|p1b: Ting-Lu|Vessel of Ruin\n|-enditem|p2b: Sandy Shocks|Booster Energy\n|-activate|p2b: Sandy Shocks|ability: Protosynthesis|[fromitem]\n|-start|p2b: Sandy Shocks|protosynthesisspe\n|turn|1\n|inactive|Brotherbeergames has 30 seconds left.\n|inactive|Crayvien has 30 seconds left.\n|\n|t:|1681766254\n|-terastallize|p2a: Kingambit|Flying\n|move|p2b: Sandy Shocks|Thunderbolt|p1a: Indeedee\n|-damage|p1a: Indeedee|77\/100\n|move|p2a: Kingambit|Swords Dance|p2a: Kingambit\n|-boost|p2a: Kingambit|atk|2\n|move|p1b: Ting-Lu|Earthquake|p2b: Sandy Shocks|[spread] p1a,p2b\n|-immune|p2a: Kingambit\n|-supereffective|p2b: Sandy Shocks\n|-damage|p1a: Indeedee|44\/100\n|-damage|p2b: Sandy Shocks|32\/100\n|move|p1a: Indeedee|Trick Room|p1a: Indeedee\n|-fieldstart|move: Trick Room|[of] p1a: Indeedee\n|\n|upkeep\n|turn|2\n|\n|t:|1681766277\n|-end|p2b: Sandy Shocks|Protosynthesis|[silent]\n|switch|p2b: Tauros|Tauros-Paldea-Aqua, L50, M, shiny|100\/100\n|-ability|p2b: Tauros|Intimidate|boost\n|-unboost|p1a: Indeedee|atk|1\n|-unboost|p1b: Ting-Lu|atk|1\n|move|p1a: Indeedee|Helping Hand|p1b: Ting-Lu\n|-singleturn|p1b: Ting-Lu|Helping Hand|[of] p1a: Indeedee\n|move|p1b: Ting-Lu|Rock Slide|p2b: Tauros|[spread] p2b\n|-miss|p1b: Ting-Lu|p2a: Kingambit\n|-resisted|p2b: Tauros\n|-damage|p2b: Tauros|93\/100\n|move|p2a: Kingambit|Kowtow Cleave|p1b: Ting-Lu\n|-resisted|p1b: Ting-Lu\n|-damage|p1b: Ting-Lu|70\/100\n|\n|upkeep\n|turn|3\n|\n|t:|1681766295\n|move|p2a: Kingambit|Protect|p2a: Kingambit\n|-singleturn|p2a: Kingambit|Protect\n|move|p1b: Ting-Lu|Rock Slide|p2a: Kingambit|[spread] p2b\n|-activate|p2a: Kingambit|move: Protect\n|-resisted|p2b: Tauros\n|-damage|p2b: Tauros|88\/100\n|move|p1a: Indeedee|Psychic|p2b: Tauros\n|-supereffective|p2b: Tauros\n|-damage|p2b: Tauros|42\/100\n|move|p2b: Tauros|Wave Crash|p1b: Ting-Lu\n|-supereffective|p1b: Ting-Lu\n|-damage|p1b: Ting-Lu|9\/100\n|-damage|p2b: Tauros|15\/100|[from] Recoil\n|\n|upkeep\n|turn|4\n|\n|t:|1681766317\n|switch|p2b: Sandy Shocks|Sandy Shocks, L50, shiny|32\/100\n|move|p1b: Ting-Lu|Rock Slide|p2b: Sandy Shocks|[spread] p2a,p2b\n|-supereffective|p2a: Kingambit\n|-resisted|p2b: Sandy Shocks\n|-damage|p2a: Kingambit|85\/100\n|-damage|p2b: Sandy Shocks|27\/100\n|move|p2a: Kingambit|Kowtow Cleave|p1b: Ting-Lu\n|-resisted|p1b: Ting-Lu\n|-damage|p1b: Ting-Lu|0 fnt\n|faint|p1b: Ting-Lu\n|move|p1a: Indeedee|Psychic|p2b: Sandy Shocks\n|-damage|p2b: Sandy Shocks|0 fnt\n|faint|p2b: Sandy Shocks\n|-end|p2b: Sandy Shocks|Protosynthesis|[silent]\n|\n|upkeep\n|\n|t:|1681766332\n|switch|p1b: Hatterene|Hatterene, L50, F|100\/100\n|switch|p2b: Iron Valiant|Iron Valiant, L50, shiny|100\/100\n|turn|5\n|inactive|Brotherbeergames has 30 seconds left.\n|\n|t:|1681766364\n|switch|p1a: Rotom|Rotom-Wash, L50|100\/100\n|move|p2a: Kingambit|Protect|p2a: Kingambit\n|-singleturn|p2a: Kingambit|Protect\n|move|p2b: Iron Valiant|Protect|p2b: Iron Valiant\n|-singleturn|p2b: Iron Valiant|Protect\n|move|p1b: Hatterene|Dazzling Gleam|p2b: Iron Valiant|[spread] \n|-activate|p2a: Kingambit|move: Protect\n|-activate|p2b: Iron Valiant|move: Protect\n|\n|-fieldend|move: Trick Room\n|-fieldend|move: Psychic Terrain\n|upkeep\n|turn|6\n|\n|t:|1681766384\n|switch|p1b: Indeedee|Indeedee-F, L50, F|44\/100\n|-fieldstart|move: Psychic Terrain|[from] ability: Psychic Surge|[of] p1b: Indeedee\n|move|p2a: Kingambit|Sucker Punch||[still]\n|-fail|p2a: Kingambit\n|move|p2b: Iron Valiant|Aura Sphere|p1a: Rotom\n|-damage|p1a: Rotom|62\/100\n|move|p1a: Rotom|Will-O-Wisp|p2a: Kingambit\n|-status|p2a: Kingambit|brn\n|\n|-damage|p2a: Kingambit|79\/100 brn|[from] brn\n|upkeep\n|turn|7\n|c|\u2606Crayvien|SON OF A\n|inactive|Brotherbeergames has 30 seconds left.\n|inactive|Crayvien has 30 seconds left.\n|\n|t:|1681766418\n|move|p1b: Indeedee|Follow Me|p1b: Indeedee\n|-singleturn|p1b: Indeedee|move: Follow Me\n|move|p2b: Iron Valiant|Dazzling Gleam|p1a: Rotom|[spread] p1a,p1b\n|-damage|p1a: Rotom|33\/100\n|-damage|p1b: Indeedee|12\/100\n|move|p1a: Rotom|Will-O-Wisp|p2b: Iron Valiant\n|-status|p2b: Iron Valiant|brn\n|move|p2a: Kingambit|Swords Dance|p2a: Kingambit\n|-boost|p2a: Kingambit|atk|2\n|\n|-damage|p2b: Iron Valiant|94\/100 brn|[from] brn\n|-damage|p2a: Kingambit|73\/100 brn|[from] brn\n|upkeep\n|turn|8\n|\n|t:|1681766429\n|move|p1a: Rotom|Protect|p1a: Rotom\n|-singleturn|p1a: Rotom|Protect\n|move|p2b: Iron Valiant|Dazzling Gleam|p1a: Rotom|[spread] p1b\n|-activate|p1a: Rotom|move: Protect\n|-damage|p1b: Indeedee|0 fnt\n|faint|p1b: Indeedee\n|move|p2a: Kingambit|Kowtow Cleave|p1a: Rotom\n|-activate|p1a: Rotom|move: Protect\n|\n|-damage|p2b: Iron Valiant|88\/100 brn|[from] brn\n|-damage|p2a: Kingambit|68\/100 brn|[from] brn\n|upkeep\n|\n|t:|1681766434\n|switch|p1b: Hatterene|Hatterene, L50, F|100\/100\n|turn|9\n|\n|t:|1681766458\n|-terastallize|p1b: Hatterene|Fairy\n|move|p2b: Iron Valiant|Dazzling Gleam|p1a: Rotom|[spread] p1a,p1b\n|-damage|p1a: Rotom|5\/100\n|-damage|p1b: Hatterene|66\/100\n|move|p1a: Rotom|Thunderbolt|p2a: Kingambit\n|-supereffective|p2a: Kingambit\n|-damage|p2a: Kingambit|0 fnt\n|faint|p2a: Kingambit\n|move|p1b: Hatterene|Dazzling Gleam|p2b: Iron Valiant\n|-supereffective|p2b: Iron Valiant\n|-damage|p2b: Iron Valiant|0 fnt\n|faint|p2b: Iron Valiant\n|-end|p2b: Iron Valiant|Quark Drive|[silent]\n|-damage|p1b: Hatterene|56\/100|[from] item: Life Orb\n|\n|upkeep\n|c|\u2606Crayvien|So unluck fuck thsi shit\n|-message|Crayvien forfeited.\n|\n|win|Brotherbeergames\n|raw|Brotherbeergames's rating: 1215 → 1244<\/strong> (+29 for winning)\n|raw|Crayvien's rating: 1274 → 1245<\/strong> (-29 for losing)\n|l|\u2606Crayvien\n","uploadtime":1681766475,"views":5,"p1id":"brotherbeergames","p2id":"crayvien","formatid":"gen9vgc2023regulationc","rating":1244,"private":0,"password":""}