{"id":"gen9vgc2023regulationc-1862106098","p1":"ImSoBadNGL","p2":"Bricclow","format":"[Gen 9] VGC 2023 Regulation C","log":"|j|\u2606ImSoBadNGL\n|j|\u2606Bricclow\n|t:|1683837580\n|gametype|doubles\n|player|p1|ImSoBadNGL|170|1098\n|player|p2|Bricclow|101|1158\n|teamsize|p1|6\n|teamsize|p2|6\n|gen|9\n|tier|[Gen 9] VGC 2023 Regulation C\n|rated|\n|rule|Species Clause: Limit one of each Pok\u00e9mon\n|rule|Item Clause: Limit one of each item\n|clearpoke\n|poke|p1|Hariyama, L50, F|\n|poke|p1|Stantler, L50, M|\n|poke|p1|Torkoal, L50, F|\n|poke|p1|Wigglytuff, L50, F|\n|poke|p1|Chien-Pao, L50|\n|poke|p1|Clawitzer, L50, M|\n|poke|p2|Skeledirge, L50, M|\n|poke|p2|Glimmora, L50, M|\n|poke|p2|Wo-Chien, L50|\n|poke|p2|Great Tusk, L50|\n|poke|p2|Klefki, L50, M|\n|poke|p2|Flutter Mane, L50|\n|teampreview|4\n|\n|t:|1683837618\n|start\n|switch|p1a: Stantler|Stantler, L50, M, shiny|100\/100\n|switch|p1b: Clawitzer|Clawitzer, L50, M, shiny|100\/100\n|switch|p2a: Glimmora|Glimmora, L50, M|100\/100\n|switch|p2b: Klefki|Klefki, L50, M, shiny|100\/100\n|-ability|p1a: Stantler|Intimidate|boost\n|-unboost|p2a: Glimmora|atk|1\n|-unboost|p2b: Klefki|atk|1\n|turn|1\n|\n|t:|1683837646\n|-terastallize|p2a: Glimmora|Grass\n|move|p2b: Klefki|Light Screen|p2b: Klefki\n|-sidestart|p2: Bricclow|move: Light Screen\n|move|p2a: Glimmora|Mortal Spin|p1b: Clawitzer|[spread] p1a,p1b\n|-damage|p1a: Stantler|98\/100\n|-damage|p1b: Clawitzer|96\/100\n|-status|p1a: Stantler|psn\n|-status|p1b: Clawitzer|psn\n|move|p1b: Clawitzer|Dark Pulse|p2b: Klefki\n|-resisted|p2b: Klefki\n|-damage|p2b: Klefki|86\/100\n|move|p1a: Stantler|Trick Room|p1a: Stantler\n|-fieldstart|move: Trick Room|[of] p1a: Stantler\n|\n|-damage|p1a: Stantler|86\/100 psn|[from] psn\n|-damage|p1b: Clawitzer|84\/100 psn|[from] psn\n|upkeep\n|turn|2\n|\n|t:|1683837683\n|move|p1a: Stantler|Helping Hand|p1b: Clawitzer\n|-singleturn|p1b: Clawitzer|Helping Hand|[of] p1a: Stantler\n|move|p2b: Klefki|Dazzling Gleam|p1b: Clawitzer|[spread] p1a,p1b\n|-damage|p1a: Stantler|70\/100 psn\n|-damage|p1b: Clawitzer|69\/100 psn\n|move|p1b: Clawitzer|Dragon Pulse|p2a: Glimmora\n|-damage|p2a: Glimmora|62\/100\n|move|p2a: Glimmora|Venoshock|p1b: Clawitzer\n|-damage|p1b: Clawitzer|12\/100 psn\n|\n|-damage|p1a: Stantler|58\/100 psn|[from] psn\n|-damage|p1b: Clawitzer|0 fnt|[from] psn\n|faint|p1b: Clawitzer\n|upkeep\n|\n|t:|1683837696\n|switch|p1b: Torkoal|Torkoal, L50, F, shiny|100\/100\n|-weather|SunnyDay|[from] ability: Drought|[of] p1b: Torkoal\n|turn|3\n|\n|t:|1683837726\n|move|p1a: Stantler|Helping Hand|p1b: Torkoal\n|-singleturn|p1b: Torkoal|Helping Hand|[of] p1a: Stantler\n|move|p2b: Klefki|Thunder Wave|p1b: Torkoal\n|-status|p1b: Torkoal|par\n|move|p1b: Torkoal|Eruption|p2b: Klefki|[spread] p2a,p2b\n|-supereffective|p2a: Glimmora\n|-supereffective|p2b: Klefki\n|-damage|p2a: Glimmora|0 fnt\n|-damage|p2b: Klefki|0 fnt\n|faint|p2a: Glimmora\n|faint|p2b: Klefki\n|\n|-weather|SunnyDay|[upkeep]\n|-damage|p1a: Stantler|46\/100 psn|[from] psn\n|upkeep\n|\n|t:|1683837737\n|switch|p2b: Skeledirge|Skeledirge, L50, M, shiny|100\/100\n|switch|p2a: Flutter Mane|Flutter Mane, L50|100\/100\n|-activate|p2a: Flutter Mane|ability: Protosynthesis\n|-start|p2a: Flutter Mane|protosynthesisspe\n|turn|4\n|\n|t:|1683837757\n|move|p1a: Stantler|Helping Hand|p1b: Torkoal\n|-singleturn|p1b: Torkoal|Helping Hand|[of] p1a: Stantler\n|move|p1b: Torkoal|Eruption|p2a: Flutter Mane|[spread] p2a,p2b\n|-resisted|p2b: Skeledirge\n|-damage|p2a: Flutter Mane|16\/100\n|-damage|p2b: Skeledirge|66\/100\n|move|p2b: Skeledirge|Hex|p1b: Torkoal\n|-damage|p1b: Torkoal|26\/100 par\n|move|p2a: Flutter Mane|Shadow Ball|p1b: Torkoal\n|-damage|p1b: Torkoal|0 fnt\n|faint|p1b: Torkoal\n|\n|-weather|SunnyDay|[upkeep]\n|-damage|p1a: Stantler|34\/100 psn|[from] psn\n|upkeep\n|\n|t:|1683837771\n|switch|p1b: Wigglytuff|Wigglytuff, L50, F, shiny|100\/100\n|turn|5\n|\n|t:|1683837787\n|move|p1a: Stantler|Helping Hand|p1b: Wigglytuff\n|-singleturn|p1b: Wigglytuff|Helping Hand|[of] p1a: Stantler\n|move|p2a: Flutter Mane|Protect|p2a: Flutter Mane\n|-singleturn|p2a: Flutter Mane|Protect\n|move|p1b: Wigglytuff|Dazzling Gleam|p2a: Flutter Mane|[spread] p2b\n|-activate|p2a: Flutter Mane|move: Protect\n|-resisted|p2b: Skeledirge\n|-damage|p2b: Skeledirge|50\/100\n|-damage|p1b: Wigglytuff|91\/100|[from] item: Life Orb\n|move|p2b: Skeledirge|Torch Song|p1a: Stantler\n|-damage|p1a: Stantler|0 fnt\n|-boost|p2b: Skeledirge|spa|1\n|faint|p1a: Stantler\n|\n|-weather|SunnyDay|[upkeep]\n|-fieldend|move: Trick Room\n|upkeep\n|turn|6\n|\n|t:|1683837811\n|-terastallize|p1b: Wigglytuff|Fairy\n|move|p2a: Flutter Mane|Moonblast|p1b: Wigglytuff\n|-damage|p1b: Wigglytuff|39\/100\n|move|p2b: Skeledirge|Slack Off|p2b: Skeledirge\n|-heal|p2b: Skeledirge|99\/100\n|move|p1b: Wigglytuff|Hyper Voice|p2a: Flutter Mane|[spread] \n|-immune|p2a: Flutter Mane\n|-immune|p2b: Skeledirge\n|\n|-weather|SunnyDay|[upkeep]\n|upkeep\n|turn|7\n|-message|ImSoBadNGL forfeited.\n|\n|win|Bricclow\n|raw|ImSoBadNGL's rating: 1098 → 1078<\/strong> (-20 for losing)\n|raw|Bricclow's rating: 1158 → 1179<\/strong> (+21 for winning)\n|l|\u2606ImSoBadNGL\n","uploadtime":1683837828,"views":13,"p1id":"imsobadngl","p2id":"bricclow","formatid":"gen9vgc2023regulationc","rating":1078,"private":0,"password":""}