{"id":"gen9vgc2023regulationc-1857224460","p1":"NickNoName","p2":"lucasliraf","format":"[Gen 9] VGC 2023 Regulation C","log":"|j|\u2606NickNoName\n|j|\u2606lucasliraf\n|t:|1683160160\n|gametype|doubles\n|player|p1|NickNoName|265|1049\n|player|p2|lucasliraf|veteran|1011\n|teamsize|p1|6\n|teamsize|p2|6\n|gen|9\n|tier|[Gen 9] VGC 2023 Regulation C\n|rated|\n|rule|Species Clause: Limit one of each Pok\u00e9mon\n|rule|Item Clause: Limit one of each item\n|clearpoke\n|poke|p1|Lilligant, L50, F|\n|poke|p1|Torkoal, L50, F|\n|poke|p1|Toedscruel, L50, M|\n|poke|p1|Flutter Mane, L50|\n|poke|p1|Chi-Yu, L50|\n|poke|p1|Kingambit, L50, M|\n|poke|p2|Iron Hands, L50|\n|poke|p2|Sableye, L50, M|\n|poke|p2|Flutter Mane, L50|\n|poke|p2|Iron Moth, L50|\n|poke|p2|Iron Jugulis, L50|\n|poke|p2|Palafin, L50, F|\n|teampreview|4\n|\n|t:|1683160178\n|start\n|switch|p1a: Lilligant|Lilligant, L50, F|100\/100\n|switch|p1b: Toedscruel|Toedscruel, L50, M|100\/100\n|switch|p2a: Palafin|Palafin, L50, F|100\/100\n|switch|p2b: Sableye|Sableye, L50, M|100\/100\n|turn|1\n|\n|t:|1683160195\n|move|p2a: Palafin|Protect|p2a: Palafin\n|-singleturn|p2a: Palafin|Protect\n|move|p2b: Sableye|Light Screen|p2b: Sableye\n|-sidestart|p2: lucasliraf|move: Light Screen\n|move|p1a: Lilligant|Entrainment|p1b: Toedscruel\n|-endability|p1b: Toedscruel|Mycelium Might|[from] move: Entrainment\n|-ability|p1b: Toedscruel|Chlorophyll|[from] move: Entrainment\n|move|p1b: Toedscruel|Spore|p2b: Sableye\n|-status|p2b: Sableye|slp|[from] move: Spore\n|\n|upkeep\n|turn|2\n|\n|t:|1683160214\n|switch|p1a: Torkoal|Torkoal, L50, F|100\/100\n|-weather|SunnyDay|[from] ability: Drought|[of] p1a: Torkoal\n|detailschange|p2a: Palafin|Palafin-Hero, L50, F\n|switch|p2a: Iron Hands|Iron Hands, L50|100\/100\n|cant|p2b: Sableye|slp\n|move|p1b: Toedscruel|Spore|p2a: Iron Hands\n|-status|p2a: Iron Hands|slp|[from] move: Spore\n|\n|-weather|SunnyDay|[upkeep]\n|upkeep\n|turn|3\n|\n|t:|1683160232\n|switch|p2b: Flutter Mane|Flutter Mane, L50|100\/100\n|-activate|p2b: Flutter Mane|ability: Protosynthesis\n|-start|p2b: Flutter Mane|protosynthesisspe\n|-terastallize|p1a: Torkoal|Fire\n|move|p1b: Toedscruel|Spikes|p2a: Iron Hands\n|-sidestart|p2: lucasliraf|Spikes\n|cant|p2a: Iron Hands|slp\n|move|p1a: Torkoal|Eruption|p2a: Iron Hands|[spread] p2a,p2b\n|-damage|p2a: Iron Hands|44\/100 slp\n|-damage|p2b: Flutter Mane|29\/100\n|\n|-weather|SunnyDay|[upkeep]\n|upkeep\n|turn|4\n|\n|t:|1683160258\n|move|p1a: Torkoal|Protect|p1a: Torkoal\n|-singleturn|p1a: Torkoal|Protect\n|move|p2b: Flutter Mane|Shadow Ball|p1a: Torkoal\n|-activate|p1a: Torkoal|move: Protect\n|move|p1b: Toedscruel|Spore|p2b: Flutter Mane\n|-status|p2b: Flutter Mane|slp|[from] move: Spore\n|cant|p2a: Iron Hands|slp\n|\n|-weather|SunnyDay|[upkeep]\n|upkeep\n|turn|5\n|\n|t:|1683160276\n|cant|p2b: Flutter Mane|slp\n|move|p1b: Toedscruel|Spikes|p2a: Iron Hands\n|-sidestart|p2: lucasliraf|Spikes\n|-curestatus|p2a: Iron Hands|slp|[msg]\n|move|p2a: Iron Hands|Drain Punch|p1a: Torkoal\n|-damage|p1a: Torkoal|60\/100\n|-heal|p2a: Iron Hands|55\/100|[from] drain|[of] p1a: Torkoal\n|move|p1a: Torkoal|Eruption|p2b: Flutter Mane|[spread] p2a,p2b\n|-damage|p2a: Iron Hands|16\/100\n|-damage|p2b: Flutter Mane|0 fnt\n|faint|p2b: Flutter Mane\n|-end|p2b: Flutter Mane|Protosynthesis|[silent]\n|\n|-weather|SunnyDay|[upkeep]\n|upkeep\n|\n|t:|1683160292\n|switch|p2b: Palafin|Palafin-Hero, L50, F|100\/100\n|-damage|p2b: Palafin|84\/100|[from] Spikes\n|-activate|p2b: Palafin|ability: Zero to Hero\n|turn|6\n|\n|t:|1683160304\n|move|p2b: Palafin|Protect|p2b: Palafin\n|-singleturn|p2b: Palafin|Protect\n|move|p1a: Torkoal|Protect|p1a: Torkoal\n|-singleturn|p1a: Torkoal|Protect\n|move|p1b: Toedscruel|Spore|p2b: Palafin\n|-activate|p2b: Palafin|move: Protect\n|move|p2a: Iron Hands|Drain Punch|p1a: Torkoal\n|-activate|p1a: Torkoal|move: Protect\n|\n|-weather|none\n|upkeep\n|turn|7\n|\n|t:|1683160329\n|switch|p1a: Lilligant|Lilligant, L50, F|100\/100\n|-terastallize|p2b: Palafin|Water\n|move|p2b: Palafin|Jet Punch|p1a: Lilligant\n|-resisted|p1a: Lilligant\n|-damage|p1a: Lilligant|57\/100\n|move|p1b: Toedscruel|Spore|p2b: Palafin\n|-status|p2b: Palafin|slp|[from] move: Spore\n|move|p2a: Iron Hands|Drain Punch|p1a: Lilligant\n|-damage|p1a: Lilligant|0 fnt\n|-heal|p2a: Iron Hands|32\/100|[from] drain|[of] p1a: Lilligant\n|faint|p1a: Lilligant\n|\n|upkeep\n|\n|t:|1683160340\n|switch|p1a: Torkoal|Torkoal, L50, F, tera:Fire|60\/100\n|-weather|SunnyDay|[from] ability: Drought|[of] p1a: Torkoal\n|turn|8\n|\n|t:|1683160359\n|switch|p2b: Sableye|Sableye, L50, M|100\/100 slp\n|-damage|p2b: Sableye|84\/100 slp|[from] Spikes\n|move|p1b: Toedscruel|Spore|p2a: Iron Hands\n|-status|p2a: Iron Hands|slp|[from] move: Spore\n|cant|p2a: Iron Hands|slp\n|move|p1a: Torkoal|Eruption|p2b: Sableye|[spread] p2a,p2b\n|-damage|p2a: Iron Hands|0 fnt\n|-damage|p2b: Sableye|24\/100 slp\n|faint|p2a: Iron Hands\n|-end|p2a: Iron Hands|Quark Drive|[silent]\n|\n|-weather|SunnyDay|[upkeep]\n|-sideend|p2: lucasliraf|move: Light Screen\n|upkeep\n|\n|t:|1683160377\n|switch|p2a: Palafin|Palafin-Hero, L50, F, tera:Water|84\/100 slp\n|-damage|p2a: Palafin|68\/100 slp|[from] Spikes\n|turn|9\n|\n|t:|1683160385\n|move|p1b: Toedscruel|Rage Powder|p1b: Toedscruel\n|-singleturn|p1b: Toedscruel|move: Rage Powder\n|cant|p2a: Palafin|slp\n|-curestatus|p2b: Sableye|slp|[msg]\n|move|p2b: Sableye|Disable|p1b: Toedscruel\n|-start|p1b: Toedscruel|Disable|Rage Powder\n|move|p1a: Torkoal|Overheat|p2a: Palafin\n|-resisted|p2a: Palafin\n|-damage|p2a: Palafin|12\/100 slp\n|-unboost|p1a: Torkoal|spa|2\n|-enditem|p1a: Torkoal|Eject Pack\n|\n|t:|1683160396\n|switch|p1a: Flutter Mane|Flutter Mane, L50, shiny|100\/100\n|-activate|p1a: Flutter Mane|ability: Protosynthesis\n|-start|p1a: Flutter Mane|protosynthesisspe\n|\n|-weather|SunnyDay|[upkeep]\n|upkeep\n|turn|10\n|\n|t:|1683160406\n|move|p2b: Sableye|Protect|p2b: Sableye\n|-singleturn|p2b: Sableye|Protect\n|-curestatus|p2a: Palafin|slp|[msg]\n|move|p2a: Palafin|Jet Punch|p1a: Flutter Mane\n|-damage|p1a: Flutter Mane|57\/100\n|move|p1a: Flutter Mane|Dazzling Gleam|p2b: Sableye|[spread] p2a\n|-activate|p2b: Sableye|move: Protect\n|-damage|p2a: Palafin|0 fnt\n|faint|p2a: Palafin\n|move|p1b: Toedscruel|Spore|p2b: Sableye\n|-activate|p2b: Sableye|move: Protect\n|\n|-weather|SunnyDay|[upkeep]\n|upkeep\n|turn|11\n|-message|lucasliraf forfeited.\n|\n|win|NickNoName\n|raw|NickNoName's rating: 1049 → 1078<\/strong> (+29 for winning)\n|raw|lucasliraf's rating: 1011 → 1001<\/strong> (-10 for losing)\n|l|\u2606lucasliraf\n","uploadtime":1683160434,"views":19,"p1id":"nicknoname","p2id":"lucasliraf","formatid":"gen9vgc2023regulationc","rating":1001,"private":0,"password":""}