{"id":"gen9vgc2023regulationc-1857239523","p1":"afasgjnsg","p2":"kchwoony","format":"[Gen 9] VGC 2023 Regulation C","log":"|j|\u2606afasgjnsg\n|j|\u2606kchwoony\n|t:|1683162078\n|gametype|doubles\n|player|p1|afasgjnsg|rosa|1091\n|player|p2|kchwoony|265|1021\n|teamsize|p1|6\n|teamsize|p2|6\n|gen|9\n|tier|[Gen 9] VGC 2023 Regulation C\n|rated|\n|rule|Species Clause: Limit one of each Pok\u00e9mon\n|rule|Item Clause: Limit one of each item\n|clearpoke\n|poke|p1|Torkoal, L50, F|\n|poke|p1|Jumpluff, L50, M|\n|poke|p1|Great Tusk, L50|\n|poke|p1|Glimmora, L50, F|\n|poke|p1|Gastrodon-East, L50, F|\n|poke|p1|Flutter Mane, L50|\n|poke|p2|Chi-Yu, L50|\n|poke|p2|Dachsbun, L50, F|\n|poke|p2|Dragonite, L50, F|\n|poke|p2|Flutter Mane, L50|\n|poke|p2|Azumarill, L50, F|\n|poke|p2|Chien-Pao, L50|\n|teampreview|4\n|inactive|Battle timer is ON: inactive players will automatically lose when time's up. (requested by afasgjnsg)\n|inactive|kchwoony has 60 seconds left.\n|\n|t:|1683162109\n|start\n|switch|p1a: Gastrodon|Gastrodon-East, L50, F|100\/100\n|switch|p1b: Glimmora|Glimmora, L50, F|100\/100\n|switch|p2a: Flutter Mane|Flutter Mane, L50|100\/100\n|switch|p2b: Azumarill|Azumarill, L50, F|100\/100\n|-enditem|p2a: Flutter Mane|Booster Energy\n|-activate|p2a: Flutter Mane|ability: Protosynthesis|[fromitem]\n|-start|p2a: Flutter Mane|protosynthesisspe\n|turn|1\n|\n|t:|1683162134\n|move|p2a: Flutter Mane|Shadow Ball|p1b: Glimmora\n|-damage|p1b: Glimmora|44\/100\n|move|p1b: Glimmora|Mortal Spin|p2a: Flutter Mane|[spread] p2a,p2b\n|-supereffective|p2b: Azumarill\n|-damage|p2a: Flutter Mane|92\/100\n|-damage|p2b: Azumarill|92\/100\n|-status|p2a: Flutter Mane|psn\n|-status|p2b: Azumarill|psn\n|-enditem|p2b: Azumarill|Lum Berry|[eat]\n|-curestatus|p2b: Azumarill|psn|[msg]\n|move|p2b: Azumarill|Liquidation|p1a: Gastrodon\n|-activate|p1a: Gastrodon|ability: Storm Drain\n|-ability|p1a: Gastrodon|Storm Drain|boost\n|-boost|p1a: Gastrodon|spa|1\n|move|p1a: Gastrodon|Earth Power|p2a: Flutter Mane\n|-crit|p2a: Flutter Mane\n|-damage|p2a: Flutter Mane|14\/100 psn\n|\n|-damage|p2a: Flutter Mane|2\/100 psn|[from] psn\n|upkeep\n|turn|2\n|\n|t:|1683162157\n|move|p1b: Glimmora|Spiky Shield|p1b: Glimmora\n|-singleturn|p1b: Glimmora|move: Protect\n|move|p1a: Gastrodon|Protect|p1a: Gastrodon\n|-singleturn|p1a: Gastrodon|Protect\n|move|p2a: Flutter Mane|Shadow Ball|p1b: Glimmora\n|-activate|p1b: Glimmora|move: Protect\n|move|p2b: Azumarill|Play Rough|p1a: Gastrodon\n|-activate|p1a: Gastrodon|move: Protect\n|\n|-damage|p2a: Flutter Mane|0 fnt|[from] psn\n|faint|p2a: Flutter Mane\n|-end|p2a: Flutter Mane|Protosynthesis|[silent]\n|upkeep\n|\n|t:|1683162165\n|switch|p2a: Dachsbun|Dachsbun, L50, F|100\/100\n|turn|3\n|\n|t:|1683162184\n|-terastallize|p1b: Glimmora|Grass\n|move|p1b: Glimmora|Mortal Spin|p2b: Azumarill|[spread] p2a,p2b\n|-supereffective|p2a: Dachsbun\n|-crit|p2a: Dachsbun\n|-supereffective|p2b: Azumarill\n|-damage|p2a: Dachsbun|86\/100\n|-damage|p2b: Azumarill|83\/100\n|-status|p2a: Dachsbun|psn\n|-status|p2b: Azumarill|psn\n|move|p2a: Dachsbun|Wish|p2a: Dachsbun\n|move|p2b: Azumarill|Play Rough|p1a: Gastrodon\n|-damage|p1a: Gastrodon|37\/100\n|move|p1a: Gastrodon|Earth Power|p2a: Dachsbun\n|-damage|p2a: Dachsbun|40\/100 psn\n|\n|-heal|p2a: Dachsbun|46\/100 psn|[from] item: Leftovers\n|-heal|p1a: Gastrodon|44\/100|[from] item: Leftovers\n|-damage|p2a: Dachsbun|33\/100 psn|[from] psn\n|-damage|p2b: Azumarill|71\/100 psn|[from] psn\n|upkeep\n|turn|4\n|\n|t:|1683162210\n|move|p2a: Dachsbun|Protect|p2a: Dachsbun\n|-singleturn|p2a: Dachsbun|Protect\n|move|p1a: Gastrodon|Protect|p1a: Gastrodon\n|-singleturn|p1a: Gastrodon|Protect\n|move|p1b: Glimmora|Energy Ball|p2b: Azumarill\n|-supereffective|p2b: Azumarill\n|-damage|p2b: Azumarill|0 fnt\n|faint|p2b: Azumarill\n|\n|-heal|p2a: Dachsbun|83\/100 psn|[from] move: Wish|[wisher] Dachsbun\n|-heal|p2a: Dachsbun|90\/100 psn|[from] item: Leftovers\n|-heal|p1a: Gastrodon|50\/100|[from] item: Leftovers\n|-damage|p2a: Dachsbun|77\/100 psn|[from] psn\n|upkeep\n|\n|t:|1683162214\n|switch|p2b: Chi-Yu|Chi-Yu, L50|100\/100\n|-ability|p2b: Chi-Yu|Beads of Ruin\n|turn|5\n|inactive|afasgjnsg has 30 seconds left.\n|\n|t:|1683162243\n|move|p2b: Chi-Yu|Lava Plume|p1a: Gastrodon|[spread] p1a,p1b\n|-ability|p2a: Dachsbun|Well-Baked Body|boost\n|-boost|p2a: Dachsbun|def|2\n|-resisted|p1a: Gastrodon\n|-supereffective|p1b: Glimmora\n|-damage|p1a: Gastrodon|29\/100\n|-damage|p1b: Glimmora|0 fnt\n|-status|p1a: Gastrodon|brn\n|faint|p1b: Glimmora\n|move|p2a: Dachsbun|Wish|p2a: Dachsbun\n|move|p1a: Gastrodon|Earth Power|p2b: Chi-Yu\n|-supereffective|p2b: Chi-Yu\n|-damage|p2b: Chi-Yu|0 fnt\n|faint|p2b: Chi-Yu\n|\n|-heal|p2a: Dachsbun|83\/100 psn|[from] item: Leftovers\n|-heal|p1a: Gastrodon|35\/100 brn|[from] item: Leftovers\n|-damage|p2a: Dachsbun|71\/100 psn|[from] psn\n|-damage|p1a: Gastrodon|29\/100 brn|[from] brn\n|upkeep\n|\n|t:|1683162261\n|switch|p1b: Great Tusk|Great Tusk, L50|100\/100\n|turn|6\n|\n|t:|1683162270\n|move|p2a: Dachsbun|Body Press|p1b: Great Tusk\n|-damage|p1b: Great Tusk|71\/100\n|move|p1b: Great Tusk|Knock Off|p2a: Dachsbun\n|-resisted|p2a: Dachsbun\n|-damage|p2a: Dachsbun|63\/100 psn\n|-enditem|p2a: Dachsbun|Leftovers|[from] move: Knock Off|[of] p1b: Great Tusk\n|move|p1a: Gastrodon|Clear Smog|p2a: Dachsbun\n|-supereffective|p2a: Dachsbun\n|-damage|p2a: Dachsbun|24\/100 psn\n|-clearboost|p2a: Dachsbun\n|\n|-heal|p2a: Dachsbun|74\/100 psn|[from] move: Wish|[wisher] Dachsbun\n|-heal|p1a: Gastrodon|35\/100 brn|[from] item: Leftovers\n|-damage|p2a: Dachsbun|62\/100 psn|[from] psn\n|-damage|p1a: Gastrodon|29\/100 brn|[from] brn\n|upkeep\n|turn|7\n|-message|kchwoony forfeited.\n|\n|win|afasgjnsg\n|raw|afasgjnsg's rating: 1091 → 1112<\/strong> (+21 for winning)\n|raw|kchwoony's rating: 1021 → 1010<\/strong> (-11 for losing)\n|l|\u2606kchwoony\n","uploadtime":1683162290,"views":11,"p1id":"afasgjnsg","p2id":"kchwoony","formatid":"gen9vgc2023regulationc","rating":1010,"private":0,"password":""}