{"id":"gen9vgc2023regulationc-1860662378","p1":"MarkOnWindows","p2":"SpeedyLinguine","format":"[Gen 9] VGC 2023 Regulation C","log":"|j|\u2606MarkOnWindows\n|j|\u2606SpeedyLinguine\n|t:|1683663721\n|gametype|doubles\n|player|p1|MarkOnWindows|skier|\n|player|p2|SpeedyLinguine|hoopster|\n|teamsize|p1|6\n|teamsize|p2|6\n|gen|9\n|tier|[Gen 9] VGC 2023 Regulation C\n|rule|Species Clause: Limit one of each Pok\u00e9mon\n|rule|Item Clause: Limit one of each item\n|clearpoke\n|poke|p1|Tyranitar, L50, M|\n|poke|p1|Lycanroc, L50, F|\n|poke|p1|Tsareena, L50, F|\n|poke|p1|Gastrodon, L50, M|\n|poke|p1|Talonflame, L50, F|\n|poke|p1|Flutter Mane, L50|\n|poke|p2|Pelipper, L50, F|\n|poke|p2|Amoonguss, L50, F|\n|poke|p2|Flutter Mane, L50|\n|poke|p2|Palafin, L50, M|\n|poke|p2|Iron Hands, L50|\n|poke|p2|Arcanine, L50, M|\n|teampreview|4\nSpeedyLinguine has agreed to open team sheets.\n|\n|t:|1683663740\n|start\n|switch|p1a: Lycanroc|Lycanroc, L50, F|100\/100\n|switch|p1b: Gastrodon|Gastrodon, L50, M|100\/100\n|switch|p2a: Palafin|Palafin, L50, M|100\/100\n|switch|p2b: Immovable object|Amoonguss, L50, F|100\/100\n|turn|1\n|\n|t:|1683663768\n|switch|p1a: Tsareena|Tsareena, L50, F|100\/100\n|move|p2a: Palafin|Protect|p2a: Palafin\n|-singleturn|p2a: Palafin|Protect\n|move|p1b: Gastrodon|Earth Power|p2a: Palafin\n|-activate|p2a: Palafin|move: Protect\n|move|p2b: Immovable object|Spore|p1a: Tsareena\n|-immune|p1a: Tsareena\n|\n|upkeep\n|turn|2\n|\n|t:|1683663814\n|detailschange|p2a: Palafin|Palafin-Hero, L50, M\n|switch|p2a: The Jordan of VGC|Pelipper, L50, F|100\/100\n|-weather|RainDance|[from] ability: Drizzle|[of] p2a: The Jordan of VGC\n|-terastallize|p1b: Gastrodon|Poison\n|move|p1a: Tsareena|Zen Headbutt|p2b: Immovable object\n|-supereffective|p2b: Immovable object\n|-damage|p2b: Immovable object|48\/100\n|-enditem|p2b: Immovable object|Sitrus Berry|[eat]\n|-heal|p2b: Immovable object|73\/100|[from] item: Sitrus Berry\n|move|p1b: Gastrodon|Earth Power|p2b: Immovable object\n|-damage|p2b: Immovable object|50\/100\n|move|p2b: Immovable object|Pollen Puff|p1a: Tsareena\n|-supereffective|p1a: Tsareena\n|-damage|p1a: Tsareena|75\/100\n|\n|-weather|RainDance|[upkeep]\n|upkeep\n|turn|3\n|\n|t:|1683663836\n|switch|p1b: Tyranitar|Tyranitar, L50, M|100\/100\n|-weather|Sandstorm|[from] ability: Sand Stream|[of] p1b: Tyranitar\n|move|p2b: Immovable object|Rage Powder|p2b: Immovable object\n|-singleturn|p2b: Immovable object|move: Rage Powder\n|move|p1a: Tsareena|Zen Headbutt|p2b: Immovable object\n|-supereffective|p2b: Immovable object\n|-damage|p2b: Immovable object|0 fnt\n|faint|p2b: Immovable object\n|move|p2a: The Jordan of VGC|Hurricane|p1a: Tsareena\n|-supereffective|p1a: Tsareena\n|-damage|p1a: Tsareena|18\/100\n|-start|p1a: Tsareena|confusion\n|\n|-weather|Sandstorm|[upkeep]\n|-damage|p1a: Tsareena|12\/100|[from] Sandstorm\n|-damage|p2a: The Jordan of VGC|94\/100|[from] Sandstorm\n|upkeep\n|\n|t:|1683663840\n|switch|p2b: Palafin|Palafin-Hero, L50, M|100\/100\n|-activate|p2b: Palafin|ability: Zero to Hero\n|turn|4\n|\n|t:|1683663852\n|switch|p1a: Gastrodon|Gastrodon, L50, M, tera:Poison|100\/100\n|switch|p2a: obligatory Paradox|Iron Hands, L50|100\/100\n|-enditem|p2a: obligatory Paradox|Booster Energy\n|-activate|p2a: obligatory Paradox|ability: Quark Drive|[fromitem]\n|-start|p2a: obligatory Paradox|quarkdriveatk\n|move|p2b: Palafin|Jet Punch|p1a: Gastrodon\n|-ability|p1a: Gastrodon|Storm Drain|boost\n|-boost|p1a: Gastrodon|spa|1\n|move|p1b: Tyranitar|Rock Slide|p2a: obligatory Paradox|[spread] p2a,p2b\n|-resisted|p2a: obligatory Paradox\n|-damage|p2a: obligatory Paradox|92\/100\n|-damage|p2b: Palafin|78\/100\n|\n|-weather|Sandstorm|[upkeep]\n|-damage|p2b: Palafin|72\/100|[from] Sandstorm\n|-damage|p2a: obligatory Paradox|86\/100|[from] Sandstorm\n|-damage|p1a: Gastrodon|95\/100|[from] Sandstorm\n|upkeep\n|turn|5\n|\n|t:|1683663875\n|switch|p2b: The Jordan of VGC|Pelipper, L50, F|94\/100\n|-weather|RainDance|[from] ability: Drizzle|[of] p2b: The Jordan of VGC\n|move|p2a: obligatory Paradox|Fake Out|p1a: Gastrodon\n|-damage|p1a: Gastrodon|75\/100\n|move|p1b: Tyranitar|Low Kick|p2a: obligatory Paradox\n|-damage|p2a: obligatory Paradox|64\/100\n|cant|p1a: Gastrodon|flinch\n|\n|-weather|RainDance|[upkeep]\n|upkeep\n|turn|6\n|\n|t:|1683663890\n|move|p1b: Tyranitar|Protect|p1b: Tyranitar\n|-singleturn|p1b: Tyranitar|Protect\n|move|p2b: The Jordan of VGC|Hurricane|p1a: Gastrodon\n|-damage|p1a: Gastrodon|45\/100\n|-start|p1a: Gastrodon|confusion\n|-enditem|p1a: Gastrodon|Sitrus Berry|[eat]\n|-heal|p1a: Gastrodon|69\/100|[from] item: Sitrus Berry\n|move|p2a: obligatory Paradox|Drain Punch|p1b: Tyranitar\n|-activate|p1b: Tyranitar|move: Protect\n|-activate|p1a: Gastrodon|confusion\n|move|p1a: Gastrodon|Earth Power|p2a: obligatory Paradox\n|-supereffective|p2a: obligatory Paradox\n|-damage|p2a: obligatory Paradox|0 fnt\n|faint|p2a: obligatory Paradox\n|-end|p2a: obligatory Paradox|Quark Drive|[silent]\n|\n|-weather|RainDance|[upkeep]\n|upkeep\n|\n|t:|1683663902\n|switch|p2a: Palafin|Palafin-Hero, L50, M|72\/100\n|turn|7\n|\n|t:|1683663919\n|switch|p1b: Tsareena|Tsareena, L50, F|12\/100\n|-terastallize|p2b: The Jordan of VGC|Grass\n|move|p2a: Palafin|Protect|p2a: Palafin\n|-singleturn|p2a: Palafin|Protect\n|move|p2b: The Jordan of VGC|Hurricane|p1a: Gastrodon\n|-damage|p1a: Gastrodon|39\/100\n|-activate|p1a: Gastrodon|confusion\n|move|p1a: Gastrodon|Earth Power|p2a: Palafin\n|-activate|p2a: Palafin|move: Protect\n|\n|-weather|RainDance|[upkeep]\n|upkeep\n|turn|8\n|\n|t:|1683663939\n|switch|p1b: Tyranitar|Tyranitar, L50, M|100\/100\n|-weather|Sandstorm|[from] ability: Sand Stream|[of] p1b: Tyranitar\n|move|p2a: Palafin|Haze|p2a: Palafin\n|-clearallboost\n|move|p2b: The Jordan of VGC|Hurricane|p1a: Gastrodon\n|-damage|p1a: Gastrodon|10\/100\n|-activate|p1a: Gastrodon|confusion\n|move|p1a: Gastrodon|Recover|p1a: Gastrodon\n|-heal|p1a: Gastrodon|60\/100\n|\n|-weather|Sandstorm|[upkeep]\n|-damage|p2a: Palafin|66\/100|[from] Sandstorm\n|-damage|p2b: The Jordan of VGC|88\/100|[from] Sandstorm\n|-damage|p1a: Gastrodon|54\/100|[from] Sandstorm\n|upkeep\n|turn|9\n|-message|SpeedyLinguine forfeited.\n|\n|win|MarkOnWindows\n","uploadtime":1683663964,"views":13,"p1id":"markonwindows","p2id":"speedylinguine","formatid":"gen9vgc2023regulationc","rating":0,"private":0,"password":""}