{"id":"gen9vgc2023regulationc-1855846206","p1":"battlefactoryluna","p2":"Kojay","format":"[Gen 9] VGC 2023 Regulation C","log":"|j|\u2606battlefactoryluna\n|j|\u2606Kojay\n|t:|1682991136\n|gametype|doubles\n|player|p1|battlefactoryluna|caitlin|1460\n|player|p2|Kojay|morty-gen2|1438\n|teamsize|p1|6\n|teamsize|p2|6\n|gen|9\n|tier|[Gen 9] VGC 2023 Regulation C\n|rated|\n|rule|Species Clause: Limit one of each Pok\u00e9mon\n|rule|Item Clause: Limit one of each item\n|clearpoke\n|poke|p1|Murkrow, L50, M|\n|poke|p1|Garchomp, L50, F|\n|poke|p1|Gholdengo, L50|\n|poke|p1|Iron Bundle, L50|\n|poke|p1|Maushold, L50|\n|poke|p1|Azumarill, L50, F|\n|poke|p2|Lycanroc, L50, F|\n|poke|p2|Tyranitar, L50, F|\n|poke|p2|Tauros-Paldea-Aqua, L50, M|\n|poke|p2|Flutter Mane, L50|\n|poke|p2|Amoonguss, L50, M|\n|poke|p2|Ceruledge, L50, M|\n|teampreview|4\n|inactive|Battle timer is ON: inactive players will automatically lose when time's up. (requested by Kojay)\nbattlefactoryluna has agreed to open team sheets.\nKojay has agreed to open team sheets.\n|inactive|Kojay has 60 seconds left.\n|\n|t:|1682991190\n|start\n|switch|p1a: Maushold|Maushold, L50|100\/100\n|switch|p1b: Gholdengo|Gholdengo, L50|100\/100\n|switch|p2a: Lycanroc|Lycanroc, L50, F|100\/100\n|switch|p2b: Tyranitar|Tyranitar, L50, F|100\/100\n|-weather|Sandstorm|[from] ability: Sand Stream|[of] p2b: Tyranitar\n|turn|1\n|inactive|battlefactoryluna has 30 seconds left.\n|inactive|battlefactoryluna has 20 seconds left.\n|\n|t:|1682991229\n|move|p1a: Maushold|Follow Me|p1a: Maushold\n|-singleturn|p1a: Maushold|move: Follow Me\n|move|p2a: Lycanroc|Rock Slide|p1b: Gholdengo|[spread] p1a,p1b\n|-resisted|p1b: Gholdengo\n|-damage|p1a: Maushold|49\/100\n|-damage|p1b: Gholdengo|86\/100\n|-damage|p2a: Lycanroc|91\/100|[from] item: Life Orb\n|move|p1b: Gholdengo|Nasty Plot|p1b: Gholdengo\n|-boost|p1b: Gholdengo|spa|2\n|move|p2b: Tyranitar|Assurance|p1a: Maushold\n|-damage|p1a: Maushold|0 fnt\n|faint|p1a: Maushold\n|\n|-weather|Sandstorm|[upkeep]\n|-heal|p1b: Gholdengo|92\/100|[from] item: Leftovers\n|upkeep\n|\n|t:|1682991243\n|switch|p1a: Murkrow|Murkrow, L50, M|100\/100\n|turn|2\n|\n|t:|1682991266\n|-terastallize|p2b: Tyranitar|Flying\n|move|p1b: Gholdengo|Protect|p1b: Gholdengo\n|-singleturn|p1b: Gholdengo|Protect\n|move|p1a: Murkrow|Tailwind|p1a: Murkrow\n|-sidestart|p1: battlefactoryluna|move: Tailwind\n|move|p2a: Lycanroc|Rock Slide|p1a: Murkrow|[spread] p1a\n|-activate|p1b: Gholdengo|move: Protect\n|-supereffective|p1a: Murkrow\n|-damage|p1a: Murkrow|2\/100\n|-damage|p2a: Lycanroc|82\/100|[from] item: Life Orb\n|move|p2b: Tyranitar|Assurance|p1b: Gholdengo\n|-activate|p1b: Gholdengo|move: Protect\n|\n|-weather|Sandstorm|[upkeep]\n|-damage|p1a: Murkrow|0 fnt|[from] Sandstorm\n|-damage|p2b: Tyranitar|95\/100|[from] Sandstorm\n|faint|p1a: Murkrow\n|-heal|p1b: Gholdengo|98\/100|[from] item: Leftovers\n|upkeep\n|\n|t:|1682991268\n|switch|p1a: Iron Bundle|Iron Bundle, L50|100\/100\n|-enditem|p1a: Iron Bundle|Booster Energy\n|-activate|p1a: Iron Bundle|ability: Quark Drive|[fromitem]\n|-start|p1a: Iron Bundle|quarkdrivespe\n|turn|3\n|inactive|Kojay has 30 seconds left.\n|inactive|Kojay has 20 seconds left.\n|inactive|Kojay has 15 seconds left.\n|\n|t:|1682991310\n|-terastallize|p1b: Gholdengo|Water\n|move|p2a: Lycanroc|Protect|p2a: Lycanroc\n|-singleturn|p2a: Lycanroc|Protect\n|move|p1a: Iron Bundle|Icy Wind|p2b: Tyranitar|[spread] p2b\n|-activate|p2a: Lycanroc|move: Protect\n|-supereffective|p2b: Tyranitar\n|-damage|p2b: Tyranitar|73\/100\n|-unboost|p2b: Tyranitar|spe|1\n|move|p1b: Gholdengo|Make It Rain|p2a: Lycanroc|[spread] p2b\n|-activate|p2a: Lycanroc|move: Protect\n|-damage|p2b: Tyranitar|23\/100\n|-unboost|p1b: Gholdengo|spa|1\n|move|p2b: Tyranitar|Rock Slide|p1b: Gholdengo|[spread] p1a,p1b\n|-supereffective|p1a: Iron Bundle\n|-damage|p1a: Iron Bundle|28\/100\n|-damage|p1b: Gholdengo|67\/100\n|\n|-weather|Sandstorm|[upkeep]\n|-damage|p1a: Iron Bundle|22\/100|[from] Sandstorm\n|-damage|p1b: Gholdengo|61\/100|[from] Sandstorm\n|-damage|p2b: Tyranitar|17\/100|[from] Sandstorm\n|-heal|p1b: Gholdengo|67\/100|[from] item: Leftovers\n|upkeep\n|turn|4\n|inactive|Kojay has 30 seconds left.\n|inactive|Kojay has 20 seconds left.\n|inactive|Kojay has 15 seconds left.\n|inactive|Kojay has 10 seconds left.\n|\n|t:|1682991355\n|switch|p2a: Ceruledge|Ceruledge, L50, M|100\/100\n|move|p1a: Iron Bundle|Hydro Pump|p2a: Ceruledge|[miss]\n|-miss|p1a: Iron Bundle|p2a: Ceruledge\n|move|p1b: Gholdengo|Shadow Ball|p2b: Tyranitar\n|-damage|p2b: Tyranitar|0 fnt\n|faint|p2b: Tyranitar\n|\n|-weather|Sandstorm|[upkeep]\n|-damage|p1a: Iron Bundle|16\/100|[from] Sandstorm\n|-damage|p1b: Gholdengo|61\/100|[from] Sandstorm\n|-damage|p2a: Ceruledge|94\/100|[from] Sandstorm\n|-heal|p1b: Gholdengo|67\/100|[from] item: Leftovers\n|upkeep\n|\n|t:|1682991371\n|switch|p2b: Lycanroc|Lycanroc, L50, F|82\/100\n|turn|5\n|inactive|battlefactoryluna has 30 seconds left.\n|inactive|battlefactoryluna has 20 seconds left.\n|inactive|Kojay has 30 seconds left.\n|\n|t:|1682991408\n|move|p2b: Lycanroc|Protect|p2b: Lycanroc\n|-singleturn|p2b: Lycanroc|Protect\n|move|p2a: Ceruledge|Protect|p2a: Ceruledge\n|-singleturn|p2a: Ceruledge|Protect\n|move|p1a: Iron Bundle|Hydro Pump|p2b: Lycanroc\n|-activate|p2b: Lycanroc|move: Protect\n|move|p1b: Gholdengo|Nasty Plot|p1b: Gholdengo\n|-boost|p1b: Gholdengo|spa|2\n|\n|-weather|none\n|-heal|p1b: Gholdengo|73\/100|[from] item: Leftovers\n|-sideend|p1: battlefactoryluna|move: Tailwind\n|upkeep\n|turn|6\n|inactive|Kojay has 30 seconds left.\n|inactive|Kojay has 20 seconds left.\n|inactive|Kojay has 15 seconds left.\n|\n|t:|1682991459\n|move|p1a: Iron Bundle|Hydro Pump|p2b: Lycanroc\n|-supereffective|p2b: Lycanroc\n|-damage|p2b: Lycanroc|0 fnt\n|faint|p2b: Lycanroc\n|move|p1b: Gholdengo|Shadow Ball|p2a: Ceruledge\n|-supereffective|p2a: Ceruledge\n|-damage|p2a: Ceruledge|0 fnt\n|faint|p2a: Ceruledge\n|\n|-heal|p1b: Gholdengo|79\/100|[from] item: Leftovers\n|upkeep\n|\n|t:|1682991465\n|switch|p2b: Tauros|Tauros-Paldea-Aqua, L50, M|100\/100\n|-ability|p2b: Tauros|Intimidate|boost\n|-unboost|p1a: Iron Bundle|atk|1\n|-unboost|p1b: Gholdengo|atk|1\n|turn|7\n|c|\u2606Kojay|i forgor i tera'd ttar\n|\n|t:|1682991484\n|move|p1a: Iron Bundle|Freeze-Dry|p2b: Tauros\n|-supereffective|p2b: Tauros\n|-damage|p2b: Tauros|0 fnt\n|faint|p2b: Tauros\n|\n|win|battlefactoryluna\n|raw|battlefactoryluna's rating: 1460 → 1479<\/strong> (+19 for winning)\n|raw|Kojay's rating: 1438 → 1419<\/strong> (-19 for losing)\n|l|\u2606Kojay\n|c|\u2606battlefactoryluna|it happens\n","uploadtime":1682991497,"views":15,"p1id":"battlefactoryluna","p2id":"kojay","formatid":"gen9vgc2023regulationc","rating":1419,"private":0,"password":""}