{"id":"gen9vgc2023regulationc-1854915516","p1":"zjhann","p2":"Spler","format":"[Gen 9] VGC 2023 Regulation C","log":"|j|\u2606zjhann\n|j|\u2606Spler\n|t:|1682880354\n|gametype|doubles\n|player|p1|zjhann|266|1107\n|player|p2|Spler|102|1070\n|teamsize|p1|6\n|teamsize|p2|6\n|gen|9\n|tier|[Gen 9] VGC 2023 Regulation C\n|rated|\n|rule|Species Clause: Limit one of each Pok\u00e9mon\n|rule|Item Clause: Limit one of each item\n|clearpoke\n|poke|p1|Chi-Yu, L50|\n|poke|p1|Dachsbun, L50, M|\n|poke|p1|Dragonite, L50, F|\n|poke|p1|Flutter Mane, L50|\n|poke|p1|Azumarill, L50, M|\n|poke|p1|Chien-Pao, L50|\n|poke|p2|Skeledirge, L50, F|\n|poke|p2|Wo-Chien, L50|\n|poke|p2|Glimmora, L50, F|\n|poke|p2|Iron Bundle, L50|\n|poke|p2|Gholdengo, L50|\n|poke|p2|Oranguru, L50, F|\n|teampreview|4\n|\n|t:|1682880417\n|start\n|switch|p1a: Chi-Yu|Chi-Yu, L50|100\/100\n|switch|p1b: Dachsbun|Dachsbun, L50, M|100\/100\n|switch|p2a: Glimmora|Glimmora, L50, F|100\/100\n|switch|p2b: Iron Bundle|Iron Bundle, L50|100\/100\n|-ability|p1a: Chi-Yu|Beads of Ruin\n|-enditem|p2b: Iron Bundle|Booster Energy\n|-activate|p2b: Iron Bundle|ability: Quark Drive|[fromitem]\n|-start|p2b: Iron Bundle|quarkdrivespe\n|turn|1\n|\n|t:|1682880442\n|move|p2b: Iron Bundle|Icy Wind|p1a: Chi-Yu|[spread] p1a,p1b\n|-resisted|p1a: Chi-Yu\n|-damage|p1a: Chi-Yu|89\/100\n|-damage|p1b: Dachsbun|76\/100\n|-unboost|p1a: Chi-Yu|spe|1\n|-unboost|p1b: Dachsbun|spe|1\n|move|p1a: Chi-Yu|Lava Plume|p2b: Iron Bundle|[spread] p2a,p2b\n|-ability|p1b: Dachsbun|Well-Baked Body|boost\n|-boost|p1b: Dachsbun|def|2\n|-resisted|p2a: Glimmora\n|-damage|p2a: Glimmora|85\/100\n|-damage|p2b: Iron Bundle|29\/100\n|move|p2a: Glimmora|Power Gem|p1a: Chi-Yu\n|-supereffective|p1a: Chi-Yu\n|-damage|p1a: Chi-Yu|0 fnt\n|faint|p1a: Chi-Yu\n|move|p1b: Dachsbun|Body Press|p2a: Glimmora\n|-damage|p2a: Glimmora|43\/100\n|-activate|p2a: Glimmora|ability: Toxic Debris\n|-sidestart|p1: zjhann|move: Toxic Spikes\n|\n|-heal|p1b: Dachsbun|82\/100|[from] item: Leftovers\n|upkeep\n|\n|t:|1682880461\n|switch|p1a: Chien-Pao|Chien-Pao, L50|100\/100\n|-status|p1a: Chien-Pao|psn\n|-ability|p1a: Chien-Pao|Sword of Ruin\n|turn|2\n|inactive|Battle timer is ON: inactive players will automatically lose when time's up. (requested by Spler)\n|inactive|zjhann has 60 seconds left.\n|inactive|zjhann has 30 seconds left.\n|inactive|zjhann has 20 seconds left.\n|inactive|zjhann has 15 seconds left.\n|inactive|zjhann has 10 seconds left.\n|inactive|zjhann has 5 seconds left.\n|\n|t:|1682880583\n|move|p1a: Chien-Pao|Protect|p1a: Chien-Pao\n|-singleturn|p1a: Chien-Pao|Protect\n|move|p1b: Dachsbun|Protect|p1b: Dachsbun\n|-singleturn|p1b: Dachsbun|Protect\n|move|p2b: Iron Bundle|Icy Wind|p1a: Chien-Pao|[spread] \n|-activate|p1a: Chien-Pao|move: Protect\n|-activate|p1b: Dachsbun|move: Protect\n|move|p2a: Glimmora|Power Gem|p1a: Chien-Pao\n|-activate|p1a: Chien-Pao|move: Protect\n|\n|-heal|p1b: Dachsbun|88\/100|[from] item: Leftovers\n|-damage|p1a: Chien-Pao|88\/100 psn|[from] psn\n|upkeep\n|turn|3\n|inactive|zjhann has 30 seconds left.\n|inactive|Spler has 30 seconds left.\n|inactive|zjhann has 20 seconds left.\n|inactive|Spler has 20 seconds left.\n|inactive|zjhann has 15 seconds left.\n|inactive|Spler has 15 seconds left.\n|inactive|zjhann has 10 seconds left.\n|inactive|zjhann has 5 seconds left.\n|\n|t:|1682880638\n|move|p1a: Chien-Pao|Protect|p1a: Chien-Pao\n|-singleturn|p1a: Chien-Pao|Protect\n|move|p1b: Dachsbun|Protect||[still]\n|-fail|p1b: Dachsbun\n|move|p2b: Iron Bundle|Encore|p1a: Chien-Pao\n|-activate|p1a: Chien-Pao|move: Protect\n|move|p2a: Glimmora|Mortal Spin|p1a: Chien-Pao|[spread] p1b\n|-activate|p1a: Chien-Pao|move: Protect\n|-supereffective|p1b: Dachsbun\n|-damage|p1b: Dachsbun|83\/100\n|-status|p1b: Dachsbun|psn\n|\n|-heal|p1b: Dachsbun|90\/100 psn|[from] item: Leftovers\n|-damage|p1a: Chien-Pao|76\/100 psn|[from] psn\n|-damage|p1b: Dachsbun|77\/100 psn|[from] psn\n|upkeep\n|turn|4\n|inactive|zjhann has 30 seconds left.\n|inactive|zjhann has 20 seconds left.\n|inactive|zjhann has 15 seconds left.\n|inactive|zjhann has 10 seconds left.\n|inactive|zjhann has 5 seconds left.\n|\n|t:|1682880694\n|move|p2b: Iron Bundle|Protect|p2b: Iron Bundle\n|-singleturn|p2b: Iron Bundle|Protect\n|move|p1a: Chien-Pao|Protect||[still]\n|-fail|p1a: Chien-Pao\n|move|p1b: Dachsbun|Protect|p1b: Dachsbun\n|-singleturn|p1b: Dachsbun|Protect\n|move|p2a: Glimmora|Power Gem|p1a: Chien-Pao\n|-supereffective|p1a: Chien-Pao\n|-damage|p1a: Chien-Pao|0 fnt\n|faint|p1a: Chien-Pao\n|\n|-heal|p1b: Dachsbun|83\/100 psn|[from] item: Leftovers\n|-damage|p1b: Dachsbun|71\/100 psn|[from] psn\n|upkeep\n|inactive|zjhann has 30 seconds left.\n|inactive|zjhann has 20 seconds left.\n|inactive|zjhann has 15 seconds left.\n|inactive|zjhann has 10 seconds left.\n|inactive|zjhann has 5 seconds left.\n|\n|t:|1682880749\n|switch|p1a: Flutter Mane|Flutter Mane, L50|100\/100\n|-status|p1a: Flutter Mane|psn\n|-enditem|p1a: Flutter Mane|Booster Energy\n|-activate|p1a: Flutter Mane|ability: Protosynthesis|[fromitem]\n|-start|p1a: Flutter Mane|protosynthesisspe\n|turn|5\n|inactive|zjhann has 30 seconds left.\n|inactive|zjhann has 20 seconds left.\n|inactive|zjhann has 15 seconds left.\n|inactive|zjhann has 10 seconds left.\n|inactive|zjhann has 5 seconds left.\n|\n|t:|1682880804\n|move|p1a: Flutter Mane|Protect|p1a: Flutter Mane\n|-singleturn|p1a: Flutter Mane|Protect\n|move|p1b: Dachsbun|Protect||[still]\n|-fail|p1b: Dachsbun\n|move|p2b: Iron Bundle|Icy Wind|p1a: Flutter Mane|[spread] p1b\n|-activate|p1a: Flutter Mane|move: Protect\n|-damage|p1b: Dachsbun|52\/100 psn\n|-unboost|p1b: Dachsbun|spe|1\n|move|p2a: Glimmora|Venoshock|p1b: Dachsbun\n|-supereffective|p1b: Dachsbun\n|-damage|p1b: Dachsbun|0 fnt\n|faint|p1b: Dachsbun\n|\n|-damage|p1a: Flutter Mane|88\/100 psn|[from] psn\n|upkeep\n|turn|6\n|inactive|zjhann has 30 seconds left.\n|inactive|zjhann has 20 seconds left.\n|l|\u2606zjhann\n|inactive|zjhann disconnected and has a minute to reconnect!\n|player|p1|\n|inactive|zjhann has 15 seconds left.\n|inactive|zjhann has 10 seconds left.\n|inactive|zjhann has 5 seconds left.\n|-message|zjhann lost due to inactivity.\n|\n|win|Spler\n|raw|zjhann's rating: 1107 → 1079<\/strong> (-28 for losing)\n|raw|Spler's rating: 1070 → 1103<\/strong> (+33 for winning)\n","uploadtime":1682880864,"views":6,"p1id":"zjhann","p2id":"spler","formatid":"gen9vgc2023regulationc","rating":1079,"private":0,"password":""}