{"id":"gen9vgc2023regulationc-1855571600","p1":"AnthonyL","p2":"Momochikchik","format":"[Gen 9] VGC 2023 Regulation C","log":"|j|\u2606AnthonyL\n|j|\u2606Momochikchik\n|t:|1682963027\n|gametype|doubles\n|player|p1|AnthonyL|lucas|1404\n|player|p2|Momochikchik|266|1335\n|teamsize|p1|6\n|teamsize|p2|6\n|gen|9\n|tier|[Gen 9] VGC 2023 Regulation C\n|rated|\n|rule|Species Clause: Limit one of each Pok\u00e9mon\n|rule|Item Clause: Limit one of each item\n|clearpoke\n|poke|p1|Garchomp, L50, M|\n|poke|p1|Gyarados, L50, M|\n|poke|p1|Amoonguss, L50, M|\n|poke|p1|Corviknight, L50, M|\n|poke|p1|Chi-Yu, L50|\n|poke|p1|Flutter Mane, L50|\n|poke|p2|Palafin, L50, F|\n|poke|p2|Ting-Lu, L50|\n|poke|p2|Annihilape, L50, M|\n|poke|p2|Maushold-Four, L50|\n|poke|p2|Gyarados, L50, M|\n|poke|p2|Baxcalibur, L50, M|\n|teampreview|4\n|inactive|Battle timer is ON: inactive players will automatically lose when time's up. (requested by Momochikchik)\nAnthonyL has agreed to open team sheets.\n|\n|t:|1682963047\n|start\n|switch|p1a: Garchomp|Garchomp, L50, M|100\/100\n|switch|p1b: Corviknight|Corviknight, L50, M|100\/100\n|switch|p2a: Baxcalibur|Baxcalibur, L50, M|100\/100\n|switch|p2b: Palafin|Palafin, L50, F|100\/100\n|turn|1\n|\n|t:|1682963059\n|detailschange|p2b: Palafin|Palafin-Hero, L50, F\n|switch|p2b: Gyarados|Gyarados, L50, M|100\/100\n|-ability|p2b: Gyarados|Intimidate|boost\n|-fail|p1a: Garchomp|unboost|[from] item: Clear Amulet|[of] p1a: Garchomp\n|-ability|p1b: Corviknight|Mirror Armor\n|-unboost|p2b: Gyarados|atk|1\n|-terastallize|p1a: Garchomp|Steel\n|move|p2a: Baxcalibur|Protect|p2a: Baxcalibur\n|-singleturn|p2a: Baxcalibur|Protect\n|move|p1a: Garchomp|Swords Dance|p1a: Garchomp\n|-boost|p1a: Garchomp|atk|2\n|move|p1b: Corviknight|Tailwind|p1b: Corviknight\n|-sidestart|p1: AnthonyL|move: Tailwind\n|\n|upkeep\n|turn|2\n|inactive|Momochikchik has 30 seconds left.\n|inactive|Momochikchik has 20 seconds left.\n|inactive|Momochikchik has 15 seconds left.\n|\n|t:|1682963100\n|switch|p2a: Ting-Lu|Ting-Lu, L50|100\/100\n|-ability|p2a: Ting-Lu|Vessel of Ruin\n|move|p1a: Garchomp|Rock Slide|p2a: Ting-Lu|[spread] p2a,p2b\n|-resisted|p2a: Ting-Lu\n|-supereffective|p2b: Gyarados\n|-damage|p2a: Ting-Lu|88\/100\n|-damage|p2b: Gyarados|4\/100\n|move|p1b: Corviknight|Brave Bird|p2b: Gyarados\n|-damage|p2b: Gyarados|0 fnt\n|faint|p2b: Gyarados\n|-damage|p1b: Corviknight|99\/100|[from] Recoil\n|\n|upkeep\n|inactive|Momochikchik has 30 seconds left.\n|inactive|Momochikchik has 20 seconds left.\n|\n|t:|1682963136\n|switch|p2b: Palafin|Palafin-Hero, L50, F|100\/100\n|-activate|p2b: Palafin|ability: Zero to Hero\n|turn|3\n|\n|t:|1682963149\n|switch|p1b: Amoonguss|Amoonguss, L50, M|100\/100\n|move|p1a: Garchomp|Protect|p1a: Garchomp\n|-singleturn|p1a: Garchomp|Protect\n|move|p2b: Palafin|Protect|p2b: Palafin\n|-singleturn|p2b: Palafin|Protect\n|move|p2a: Ting-Lu|Fissure|p1a: Garchomp\n|-activate|p1a: Garchomp|move: Protect\n|\n|upkeep\n|turn|4\n|\n|t:|1682963174\n|move|p2b: Palafin|Protect|p2b: Palafin\n|-singleturn|p2b: Palafin|Protect\n|move|p1a: Garchomp|Rock Slide|p2b: Palafin|[spread] p2a\n|-activate|p2b: Palafin|move: Protect\n|-resisted|p2a: Ting-Lu\n|-damage|p2a: Ting-Lu|76\/100\n|move|p1b: Amoonguss|Spore|p2a: Ting-Lu\n|-status|p2a: Ting-Lu|slp|[from] move: Spore\n|cant|p2a: Ting-Lu|slp\n|\n|-sideend|p1: AnthonyL|move: Tailwind\n|upkeep\n|turn|5\n|inactive|Momochikchik has 30 seconds left.\n|inactive|Momochikchik has 20 seconds left.\n|inactive|Momochikchik has 15 seconds left.\n|\n|t:|1682963218\n|switch|p1b: Corviknight|Corviknight, L50, M|99\/100\n|-terastallize|p2b: Palafin|Water\n|move|p1a: Garchomp|Earthquake|p2b: Palafin|[spread] p2a,p2b\n|-immune|p1b: Corviknight\n|-damage|p2a: Ting-Lu|29\/100 slp\n|-damage|p2b: Palafin|33\/100\n|move|p2b: Palafin|Wave Crash|p1a: Garchomp\n|-damage|p1a: Garchomp|0 fnt\n|-damage|p2b: Palafin|21\/100|[from] ability: Rough Skin|[of] p1a: Garchomp\n|faint|p1a: Garchomp\n|-damage|p2b: Palafin|0 fnt|[from] Recoil\n|faint|p2b: Palafin\n|cant|p2a: Ting-Lu|slp\n|\n|upkeep\n|-message|Momochikchik forfeited.\n|\n|win|AnthonyL\n|raw|AnthonyL's rating: 1404 → 1420<\/strong> (+16 for winning)\n|raw|Momochikchik's rating: 1335 → 1319<\/strong> (-16 for losing)\n|l|\u2606Momochikchik\n","uploadtime":1682963245,"views":19,"p1id":"anthonyl","p2id":"momochikchik","formatid":"gen9vgc2023regulationc","rating":1319,"private":0,"password":""}