{"id":"gen9vgc2023regulationc-1857132208","p1":"skuchi4","p2":"KAJ12","format":"[Gen 9] VGC 2023 Regulation C","log":"|j|\u2606skuchi4\n|j|\u2606KAJ12\n|t:|1683149099\n|gametype|doubles\n|player|p1|skuchi4|clair|1162\n|player|p2|KAJ12|rosa|1279\n|teamsize|p1|6\n|teamsize|p2|6\n|gen|9\n|tier|[Gen 9] VGC 2023 Regulation C\n|rated|\n|rule|Species Clause: Limit one of each Pok\u00e9mon\n|rule|Item Clause: Limit one of each item\n|clearpoke\n|poke|p1|Amoonguss, L50, M|\n|poke|p1|Arcanine, L50, F|\n|poke|p1|Palafin, L50, F|\n|poke|p1|Magnezone, L50|\n|poke|p1|Annihilape, L50, M|\n|poke|p1|Armarouge, L50, M|\n|poke|p2|Talonflame, L50, M|\n|poke|p2|Garchomp, L50, F|\n|poke|p2|Chien-Pao, L50|\n|poke|p2|Gyarados, L50, F|\n|poke|p2|Flutter Mane, L50|\n|poke|p2|Amoonguss, L50, F|\n|teampreview|4\n|\n|t:|1683149138\n|start\n|switch|p1a: Palafin|Palafin, L50, F|100\/100\n|switch|p1b: Magnezone|Magnezone, L50|100\/100\n|switch|p2a: Gyarados|Gyarados, L50, F, shiny|100\/100\n|switch|p2b: Garchomp|Garchomp, L50, F, shiny|100\/100\n|-ability|p2a: Gyarados|Intimidate|boost\n|-unboost|p1a: Palafin|atk|1\n|-unboost|p1b: Magnezone|atk|1\n|turn|1\n|inactive|Battle timer is ON: inactive players will automatically lose when time's up. (requested by KAJ12)\n|\n|t:|1683149164\n|switch|p2a: Amoonguss|Amoonguss, L50, F, shiny|100\/100\n|-terastallize|p1b: Magnezone|Flying\n|move|p1a: Palafin|Protect|p1a: Palafin\n|-singleturn|p1a: Palafin|Protect\n|move|p2b: Garchomp|Stomping Tantrum|p1a: Palafin\n|-activate|p1a: Palafin|move: Protect\n|move|p1b: Magnezone|Thunderbolt|p2a: Amoonguss\n|-resisted|p2a: Amoonguss\n|-damage|p2a: Amoonguss|76\/100\n|\n|upkeep\n|turn|2\n|\n|t:|1683149187\n|detailschange|p1a: Palafin|Palafin-Hero, L50, F\n|switch|p1a: Arcanine|Arcanine, L50, F|100\/100\n|-ability|p1a: Arcanine|Intimidate|boost\n|-unboost|p2a: Amoonguss|atk|1\n|-fail|p2b: Garchomp|unboost|[from] item: Clear Amulet|[of] p2b: Garchomp\n|switch|p2b: Gyarados|Gyarados, L50, F, shiny|100\/100\n|-ability|p2b: Gyarados|Intimidate|boost\n|-unboost|p1a: Arcanine|atk|1\n|-unboost|p1b: Magnezone|atk|1\n|move|p1b: Magnezone|Tera Blast|p2a: Amoonguss\n|-supereffective|p2a: Amoonguss\n|-damage|p2a: Amoonguss|0 fnt\n|faint|p2a: Amoonguss\n|\n|upkeep\n|\n|t:|1683149199\n|switch|p2a: Chien-Pao|Chien-Pao, L50|100\/100\n|-ability|p2a: Chien-Pao|Sword of Ruin\n|turn|3\n|\n|t:|1683149215\n|move|p1a: Arcanine|Protect|p1a: Arcanine\n|-singleturn|p1a: Arcanine|Protect\n|move|p1b: Magnezone|Protect|p1b: Magnezone\n|-singleturn|p1b: Magnezone|Protect\n|move|p2a: Chien-Pao|Ice Spinner|p1b: Magnezone\n|-activate|p1b: Magnezone|move: Protect\n|move|p2b: Gyarados|Thunder Wave|p1a: Arcanine\n|-activate|p1a: Arcanine|move: Protect\n|\n|upkeep\n|turn|4\n|inactive|skuchi4 has 30 seconds left.\n|\n|t:|1683149240\n|switch|p1b: Palafin|Palafin-Hero, L50, F|100\/100\n|-activate|p1b: Palafin|ability: Zero to Hero\n|move|p2a: Chien-Pao|Ice Spinner|p1b: Palafin\n|-resisted|p1b: Palafin\n|-damage|p1b: Palafin|75\/100\n|move|p1a: Arcanine|Will-O-Wisp|p2b: Gyarados\n|-status|p2b: Gyarados|brn\n|move|p2b: Gyarados|Thunder Wave|p1a: Arcanine\n|-status|p1a: Arcanine|par\n|\n|-damage|p2b: Gyarados|94\/100 brn|[from] brn\n|upkeep\n|turn|5\n|inactive|KAJ12 has 30 seconds left.\n|\n|t:|1683149270\n|move|p2a: Chien-Pao|Throat Chop|p1b: Palafin\n|-damage|p1b: Palafin|22\/100\n|-start|p1b: Palafin|Throat Chop|[silent]\n|move|p1b: Palafin|Drain Punch|p2a: Chien-Pao\n|-supereffective|p2a: Chien-Pao\n|-enditem|p2a: Chien-Pao|Focus Sash\n|-damage|p2a: Chien-Pao|1\/100\n|-heal|p1b: Palafin|66\/100|[from] drain|[of] p2a: Chien-Pao\n|move|p2b: Gyarados|Waterfall|p1a: Arcanine\n|-supereffective|p1a: Arcanine\n|-damage|p1a: Arcanine|52\/100 par\n|move|p1a: Arcanine|Flare Blitz|p2a: Chien-Pao\n|-supereffective|p2a: Chien-Pao\n|-damage|p2a: Chien-Pao|0 fnt\n|faint|p2a: Chien-Pao\n|-damage|p1a: Arcanine|51\/100 par|[from] Recoil\n|\n|-damage|p2b: Gyarados|88\/100 brn|[from] brn\n|upkeep\n|\n|t:|1683149286\n|switch|p2a: Garchomp|Garchomp, L50, F, shiny|100\/100\n|turn|6\n|\n|t:|1683149297\n|move|p1b: Palafin|Protect|p1b: Palafin\n|-singleturn|p1b: Palafin|Protect\n|move|p2a: Garchomp|Protect|p2a: Garchomp\n|-singleturn|p2a: Garchomp|Protect\n|move|p2b: Gyarados|Thunder Wave|p1b: Palafin\n|-activate|p1b: Palafin|move: Protect\n|move|p1a: Arcanine|Will-O-Wisp|p2a: Garchomp\n|-activate|p2a: Garchomp|move: Protect\n|\n|-damage|p2b: Gyarados|82\/100 brn|[from] brn\n|-end|p1b: Palafin|Throat Chop|[silent]\n|upkeep\n|turn|7\n|\n|t:|1683149321\n|-terastallize|p2a: Garchomp|Fire\n|move|p1b: Palafin|Wave Crash|p2a: Garchomp\n|-supereffective|p2a: Garchomp\n|-damage|p2a: Garchomp|0 fnt\n|-damage|p1b: Palafin|53\/100|[from] ability: Rough Skin|[of] p2a: Garchomp\n|faint|p2a: Garchomp\n|-damage|p1b: Palafin|15\/100|[from] Recoil\n|move|p2b: Gyarados|Thunder Wave|p1b: Palafin\n|-status|p1b: Palafin|par\n|cant|p1a: Arcanine|par\n|\n|-damage|p2b: Gyarados|76\/100 brn|[from] brn\n|upkeep\n|turn|8\n|-message|KAJ12 forfeited.\n|\n|win|skuchi4\n|raw|skuchi4's rating: 1162 → 1195<\/strong> (+33 for winning)\n|raw|KAJ12's rating: 1279 → 1246<\/strong> (-33 for losing)\n|l|\u2606KAJ12\n","uploadtime":1683149338,"views":10,"p1id":"skuchi4","p2id":"kaj12","formatid":"gen9vgc2023regulationc","rating":1195,"private":0,"password":""}