{"id":"gen9vgc2023regulationc-1852230895","p1":"jayballester","p2":"deathdragon25o","format":"[Gen 9] VGC 2023 Regulation C","log":"|j|\u2606jayballester\n|j|\u2606deathdragon25o\n|t:|1682534963\n|gametype|doubles\n|player|p1|jayballester|riley|\n|player|p2|deathdragon25o|cress|\n|teamsize|p1|6\n|teamsize|p2|6\n|gen|9\n|tier|[Gen 9] VGC 2023 Regulation C\n|rule|Species Clause: Limit one of each Pok\u00e9mon\n|rule|Item Clause: Limit one of each item\n|clearpoke\n|poke|p1|Palafin, L50, F|\n|poke|p1|Ting-Lu, L50|\n|poke|p1|Ditto, L50|\n|poke|p1|Toedscool, L50, M|\n|poke|p1|Salazzle, L50, F|\n|poke|p1|Hatterene, L50, F|\n|poke|p2|Quaquaval, L50, F|\n|poke|p2|Weavile, L50, F|\n|poke|p2|Iron Bundle, L50|\n|poke|p2|Oricorio, L50, M|\n|poke|p2|Espeon, L50, F|\n|poke|p2|Revavroom, L50, F|\n|teampreview|4\n|inactive|Battle timer is ON: inactive players will automatically lose when time's up. (requested by deathdragon25o)\n|inactiveoff|Battle timer is now OFF.\n|c|\u2606jayballester|g2\ndeathdragon25o rejected open team sheets.\n|j| KCXII\n|c|\u2606jayballester|glhf\n|c|\u2606deathdragon25o|glhf\n|\n|t:|1682535386\n|start\n|switch|p1a: Ting-Lu|Ting-Lu, L50|100\/100\n|switch|p1b: Toedscool|Toedscool, L50, M|100\/100\n|switch|p2a: Revavroom|Revavroom, L50, F|100\/100\n|switch|p2b: Espeon|Espeon, L50, F|100\/100\n|-item|p2a: Revavroom|Air Balloon\n|-ability|p1a: Ting-Lu|Vessel of Ruin\n|turn|1\n|\n|t:|1682535420\n|move|p2a: Revavroom|Gunk Shot|p1b: Toedscool\n|-crit|p1b: Toedscool\n|-damage|p1b: Toedscool|0 fnt\n|faint|p1b: Toedscool\n|move|p2b: Espeon|Imprison|p2b: Espeon\n|-start|p2b: Espeon|move: Imprison\n|move|p1a: Ting-Lu|Rock Slide|p2b: Espeon|[spread] p2a,p2b\n|-resisted|p2a: Revavroom\n|-damage|p2a: Revavroom|91\/100\n|-damage|p2b: Espeon|78\/100\n|-enditem|p2a: Revavroom|Air Balloon\n|\n|upkeep\n|\n|t:|1682535432\n|switch|p1b: Ditto|Ditto, L50|100\/100\n|-transform|p1b: Ditto|p2a: Revavroom|[from] ability: Imposter\n|turn|2\n|\n|t:|1682535483\n|move|p1b: Ditto|Spin Out|p2b: Espeon\n|-damage|p2b: Espeon|6\/100\n|-unboost|p1b: Ditto|spe|2\n|move|p2a: Revavroom|Gunk Shot|p1a: Ting-Lu\n|-resisted|p1a: Ting-Lu\n|-damage|p1a: Ting-Lu|89\/100\n|move|p2b: Espeon|Psychic|p1b: Ditto\n|-damage|p1b: Ditto|38\/100\n|move|p1a: Ting-Lu|Body Press|p2a: Revavroom\n|-damage|p2a: Revavroom|50\/100\n|\n|upkeep\n|turn|3\n|\n|t:|1682535501\n|switch|p1b: Hatterene|Hatterene, L50, F|100\/100\n|move|p2a: Revavroom|Zen Headbutt|p1b: Hatterene\n|-resisted|p1b: Hatterene\n|-damage|p1b: Hatterene|86\/100\n|move|p2b: Espeon|Dazzling Gleam|p1b: Hatterene|[spread] p1a,p1b\n|-supereffective|p1a: Ting-Lu\n|-damage|p1a: Ting-Lu|70\/100\n|-damage|p1b: Hatterene|67\/100\n|move|p1a: Ting-Lu|Earthquake|p2a: Revavroom|[spread] p1b,p2a,p2b\n|-supereffective|p2a: Revavroom\n|-crit|p2a: Revavroom\n|-damage|p1b: Hatterene|39\/100\n|-damage|p2a: Revavroom|0 fnt\n|-damage|p2b: Espeon|0 fnt\n|faint|p2a: Revavroom\n|faint|p2b: Espeon\n|\n|upkeep\n|\n|t:|1682535513\n|switch|p2a: Weavile|Weavile, L50, F, shiny|100\/100\n|switch|p2b: Quaquaval|Quaquaval, L50, F|100\/100\n|-ability|p2a: Weavile|Pressure\n|turn|4\n|\n|t:|1682535546\n|-terastallize|p2b: Quaquaval|Water\n|move|p2a: Weavile|Ice Spinner|p1b: Hatterene\n|-damage|p1b: Hatterene|0 fnt\n|faint|p1b: Hatterene\n|move|p2b: Quaquaval|Aqua Step|p1a: Ting-Lu\n|-supereffective|p1a: Ting-Lu\n|-damage|p1a: Ting-Lu|10\/100\n|-boost|p2b: Quaquaval|spe|1\n|move|p1a: Ting-Lu|Body Press|p2a: Weavile\n|-supereffective|p2a: Weavile\n|-damage|p2a: Weavile|0 fnt\n|faint|p2a: Weavile\n|\n|upkeep\n|\n|t:|1682535558\n|switch|p1b: Ditto|Ditto, L50|38\/100\n|turn|5\n|\n|t:|1682535572\n|move|p2b: Quaquaval|Aqua Step|p1b: Ditto\n|-damage|p1b: Ditto|0 fnt\n|-boost|p2b: Quaquaval|spe|1\n|faint|p1b: Ditto\n|-ability|p2b: Quaquaval|Moxie|boost\n|-boost|p2b: Quaquaval|atk|1\n|move|p1a: Ting-Lu|Ruination|p2b: Quaquaval\n|-damage|p2b: Quaquaval|51\/100\n|\n|upkeep\n|turn|6\n|c|\u2606jayballester|gg\n|\n|t:|1682535582\n|move|p2b: Quaquaval|Aqua Step|p1a: Ting-Lu\n|-supereffective|p1a: Ting-Lu\n|-crit|p1a: Ting-Lu\n|-damage|p1a: Ting-Lu|0 fnt\n|-boost|p2b: Quaquaval|spe|1\n|faint|p1a: Ting-Lu\n|\n|win|deathdragon25o\n|l| KCXII\n|j| j4ce\n|l| j4ce\n|l|\u2606jayballester\n|l|\u2606deathdragon25o\n|j|\u2606deathdragon25o\n|player|p2|deathdragon25o|cress\n","uploadtime":1682535587,"views":46,"p1id":"jayballester","p2id":"deathdragon25o","formatid":"gen9vgc2023regulationc","rating":0,"private":0,"password":""}