{"id":"gen9vgc2023regulationc-1862933237","p1":"SteelPupa","p2":"Nails","format":"[Gen 9] VGC 2023 Regulation C","log":"|j|\u2606SteelPupa\n|j|\u2606Nails\n|t:|1683940352\n|gametype|doubles\n|player|p1|SteelPupa|#vgcplzoruas|\n|player|p2|Nails|#scl2terrors|\n|teamsize|p1|6\n|teamsize|p2|6\n|gen|9\n|tier|[Gen 9] VGC 2023 Regulation C\n|rule|Species Clause: Limit one of each Pok\u00e9mon\n|rule|Item Clause: Limit one of each item\n|clearpoke\n|poke|p1|Iron Bundle, L50|\n|poke|p1|Flutter Mane, L50|\n|poke|p1|Chi-Yu, L50|\n|poke|p1|Glimmora, L50, F|\n|poke|p1|Murkrow, L50, M|\n|poke|p1|Great Tusk, L50|\n|poke|p2|Tatsugiri-Droopy, L50, F|\n|poke|p2|Glimmora, L50, F|\n|poke|p2|Dondozo, L50, F|\n|poke|p2|Chi-Yu, L50|\n|poke|p2|Iron Bundle, L50|\n|poke|p2|Dragonite, L50, F|\n|teampreview|4\n|c|\u2606Nails|g2\nNails has agreed to open team sheets.\n|c|\u2606SteelPupa|g2\nSteelPupa has agreed to open team sheets.\n|j| tyo\n|j| pwny person\n|j|+PinkSylvie\n|j| TheKingVillager\n|j| PowerfulKnowledge\n|j| blckkkkkk\n|j| Ally\n|\n|t:|1683940885\n|start\n|switch|p1a: Iron Bundle|Iron Bundle, L50|100\/100\n|switch|p1b: Great Tusk|Great Tusk, L50|100\/100\n|switch|p2a: Dondozo|Dondozo, L50, F, shiny|100\/100\n|switch|p2b: Glimmora|Glimmora, L50, F, shiny|100\/100\n|-enditem|p1a: Iron Bundle|Booster Energy\n|-activate|p1a: Iron Bundle|ability: Quark Drive|[fromitem]\n|-start|p1a: Iron Bundle|quarkdrivespe\n|turn|1\n|j| snow hypocrite\n|\n|t:|1683940967\n|switch|p2b: Tatsugiri|Tatsugiri-Droopy, L50, F, shiny|100\/100\n|-activate|p2b: Tatsugiri|ability: Commander|[of] p2a: Dondozo\n|-boost|p2a: Dondozo|atk|2\n|-boost|p2a: Dondozo|spa|2\n|-boost|p2a: Dondozo|spe|2\n|-boost|p2a: Dondozo|def|2\n|-boost|p2a: Dondozo|spd|2\n|-terastallize|p2a: Dondozo|Grass\n|move|p1a: Iron Bundle|Protect|p1a: Iron Bundle\n|-singleturn|p1a: Iron Bundle|Protect\n|move|p1b: Great Tusk|Close Combat|p2b: Tatsugiri|[miss]\n|-miss|p1b: Great Tusk|p2b: Tatsugiri\n|move|p2a: Dondozo|Tera Blast|p1a: Iron Bundle\n|-activate|p1a: Iron Bundle|move: Protect\n|\n|upkeep\n|turn|2\n|j| baaaaat_\n|l| baaaaat_\n|\n|t:|1683941053\n|move|p1a: Iron Bundle|Freeze-Dry|p2a: Dondozo\n|-supereffective|p2a: Dondozo\n|-damage|p2a: Dondozo|73\/100\n|move|p1b: Great Tusk|Close Combat|p2a: Dondozo\n|-damage|p2a: Dondozo|51\/100\n|-unboost|p1b: Great Tusk|def|1\n|-unboost|p1b: Great Tusk|spd|1\n|move|p2a: Dondozo|Tera Blast|p1a: Iron Bundle\n|-supereffective|p1a: Iron Bundle\n|-damage|p1a: Iron Bundle|0 fnt\n|faint|p1a: Iron Bundle\n|-end|p1a: Iron Bundle|Quark Drive|[silent]\n|\n|-heal|p2a: Dondozo|57\/100|[from] item: Leftovers\n|upkeep\n|\n|t:|1683941063\n|switch|p1a: Flutter Mane|Flutter Mane, L50|100\/100\n|turn|3\n|\n|t:|1683941076\n|-terastallize|p1a: Flutter Mane|Fairy\n|move|p2a: Dondozo|Protect|p2a: Dondozo\n|-singleturn|p2a: Dondozo|Protect\n|move|p1b: Great Tusk|Close Combat|p2a: Dondozo\n|-activate|p2a: Dondozo|move: Protect\n|move|p1a: Flutter Mane|Moonblast|p2a: Dondozo\n|-activate|p2a: Dondozo|move: Protect\n|\n|-heal|p2a: Dondozo|63\/100|[from] item: Leftovers\n|upkeep\n|turn|4\n|j| mausdnite\n|j| I'm Beamed Up!\n|\n|t:|1683941150\n|move|p1b: Great Tusk|Close Combat|p2a: Dondozo\n|-damage|p2a: Dondozo|39\/100\n|-unboost|p1b: Great Tusk|def|1\n|-unboost|p1b: Great Tusk|spd|1\n|move|p1a: Flutter Mane|Moonblast|p2a: Dondozo\n|-damage|p2a: Dondozo|1\/100\n|move|p2a: Dondozo|Wave Crash|p1b: Great Tusk\n|-supereffective|p1b: Great Tusk\n|-damage|p1b: Great Tusk|0 fnt\n|faint|p1b: Great Tusk\n|-end|p1b: Great Tusk|Protosynthesis|[silent]\n|-damage|p2a: Dondozo|0 fnt|[from] Recoil\n|faint|p2a: Dondozo\n|\n|upkeep\n|j| Justified Joe\n|\n|t:|1683941171\n|switch|p1b: Chi-Yu|Chi-Yu, L50|100\/100\n|switch|p2a: Chi-Yu|Chi-Yu, L50|100\/100\n|-ability|p1b: Chi-Yu|Beads of Ruin\n|-ability|p2a: Chi-Yu|Beads of Ruin\n|turn|5\n|\n|t:|1683941192\n|move|p1b: Chi-Yu|Protect|p1b: Chi-Yu\n|-singleturn|p1b: Chi-Yu|Protect\n|move|p2b: Tatsugiri|Icy Wind|p1a: Flutter Mane|[spread] p1a\n|-activate|p1b: Chi-Yu|move: Protect\n|-crit|p1a: Flutter Mane\n|-damage|p1a: Flutter Mane|75\/100\n|-unboost|p1a: Flutter Mane|spe|1\n|move|p2a: Chi-Yu|Overheat|p1a: Flutter Mane|[miss]\n|-miss|p2a: Chi-Yu|p1a: Flutter Mane\n|move|p1a: Flutter Mane|Moonblast|p2b: Tatsugiri\n|-supereffective|p2b: Tatsugiri\n|-damage|p2b: Tatsugiri|0 fnt\n|faint|p2b: Tatsugiri\n|\n|upkeep\n|\n|t:|1683941196\n|switch|p2b: Glimmora|Glimmora, L50, F, shiny|100\/100\n|turn|6\n|\n|t:|1683941212\n|move|p1b: Chi-Yu|Heat Wave|p2a: Chi-Yu|[spread] p2a,p2b\n|-resisted|p2a: Chi-Yu\n|-resisted|p2b: Glimmora\n|-damage|p2a: Chi-Yu|74\/100\n|-damage|p2b: Glimmora|80\/100\n|-damage|p1b: Chi-Yu|91\/100|[from] item: Life Orb\n|move|p2a: Chi-Yu|Overheat|p1a: Flutter Mane\n|-damage|p1a: Flutter Mane|0 fnt\n|-unboost|p2a: Chi-Yu|spa|2\n|faint|p1a: Flutter Mane\n|-end|p1a: Flutter Mane|Protosynthesis|[silent]\n|move|p2b: Glimmora|Power Gem|p1b: Chi-Yu\n|-supereffective|p1b: Chi-Yu\n|-damage|p1b: Chi-Yu|23\/100\n|\n|upkeep\n|turn|7\n|c|\u2606SteelPupa|ggs\n|c|\u2606Nails|ggs\n|l| I'm Beamed Up!\n|-message|SteelPupa forfeited.\n|\n|win|Nails\n|l| tyo\n|l| mausdnite\n|l| Ally\n|l|+PinkSylvie\n|l| TheKingVillager\n|j| s1krr\n|l| blckkkkkk\n|l| s1krr\n|l|\u2606Nails\n","uploadtime":1683941233,"views":39,"p1id":"steelpupa","p2id":"nails","formatid":"gen9vgc2023regulationc","rating":0,"private":0,"password":""}