{"id":"gen9vgc2023regulationc-1861045191","p1":"D-scNSe","p2":"mawilesarang","format":"[Gen 9] VGC 2023 Regulation C","log":"|j|\u2606D-scNSe\n|j|\u203dmawilesarang\n|t:|1683720020\n|gametype|doubles\n|player|p1|D-scNSe|169|1347\n|player|p2|mawilesarang|265|1267\n|teamsize|p1|6\n|teamsize|p2|6\n|gen|9\n|tier|[Gen 9] VGC 2023 Regulation C\n|rated|\n|rule|Species Clause: Limit one of each Pok\u00e9mon\n|rule|Item Clause: Limit one of each item\n|clearpoke\n|poke|p1|Flutter Mane, L50|\n|poke|p1|Ting-Lu, L50|\n|poke|p1|Maushold-Four, L50|\n|poke|p1|Annihilape, L50, M|\n|poke|p1|Iron Bundle, L50|\n|poke|p1|Arcanine, L50, F|\n|poke|p2|Dondozo, L50, M|\n|poke|p2|Tatsugiri-Droopy, L50, F|\n|poke|p2|Pelipper, L50, F|\n|poke|p2|Drednaw, L50, F|\n|poke|p2|Dragonite, L50, M|\n|poke|p2|Chien-Pao, L50|\n|teampreview|4\nmawilesarang rejected open team sheets.\n|inactive|Battle timer is ON: inactive players will automatically lose when time's up. (requested by mawilesarang)\n|inactive|mawilesarang has 60 seconds left.\n|\n|t:|1683720066\n|start\n|switch|p1a: Arcanine|Arcanine, L50, F|100\/100\n|switch|p1b: Iron Bundle|Iron Bundle, L50|100\/100\n|switch|p2a: Dondozo|Dondozo, L50, M|100\/100\n|switch|p2b: Pelipper|Pelipper, L50, F|100\/100\n|-ability|p1a: Arcanine|Intimidate|boost\n|-unboost|p2a: Dondozo|atk|1\n|-unboost|p2b: Pelipper|atk|1\n|-weather|RainDance|[from] ability: Drizzle|[of] p2b: Pelipper\n|turn|1\n|\n|t:|1683720083\n|switch|p2b: Tatsugiri|Tatsugiri-Droopy, L50, F, shiny|100\/100\n|-activate|p2b: Tatsugiri|ability: Commander|[of] p2a: Dondozo\n|-boost|p2a: Dondozo|atk|2\n|-boost|p2a: Dondozo|spa|2\n|-boost|p2a: Dondozo|spe|2\n|-boost|p2a: Dondozo|def|2\n|-boost|p2a: Dondozo|spd|2\n|-terastallize|p1a: Arcanine|Grass\n|move|p1b: Iron Bundle|Freeze-Dry|p2a: Dondozo\n|-supereffective|p2a: Dondozo\n|-damage|p2a: Dondozo|63\/100\n|move|p2a: Dondozo|Surf|p1a: Arcanine|[spread] p1a,p1b\n|-miss|p2a: Dondozo|p2b: Tatsugiri\n|-resisted|p1a: Arcanine\n|-resisted|p1b: Iron Bundle\n|-damage|p1a: Arcanine|49\/100\n|-enditem|p1b: Iron Bundle|Focus Sash\n|-damage|p1b: Iron Bundle|1\/100\n|-enditem|p1a: Arcanine|Sitrus Berry|[eat]\n|-heal|p1a: Arcanine|74\/100|[from] item: Sitrus Berry\n|move|p1a: Arcanine|Will-O-Wisp|p2a: Dondozo\n|-status|p2a: Dondozo|brn\n|\n|-weather|RainDance|[upkeep]\n|-damage|p2a: Dondozo|57\/100 brn|[from] brn\n|upkeep\n|turn|2\n|inactive|D-scNSe has 30 seconds left.\n|\n|t:|1683720108\n|move|p1b: Iron Bundle|Freeze-Dry|p2a: Dondozo\n|-supereffective|p2a: Dondozo\n|-damage|p2a: Dondozo|15\/100 brn\n|move|p2a: Dondozo|Surf|p1b: Iron Bundle|[spread] p1a,p1b\n|-miss|p2a: Dondozo|p2b: Tatsugiri\n|-resisted|p1a: Arcanine\n|-resisted|p1b: Iron Bundle\n|-damage|p1a: Arcanine|24\/100\n|-damage|p1b: Iron Bundle|0 fnt\n|faint|p1b: Iron Bundle\n|-end|p1b: Iron Bundle|Quark Drive|[silent]\n|move|p1a: Arcanine|Snarl|p2a: Dondozo|[spread] p2a\n|-miss|p1a: Arcanine|p2b: Tatsugiri\n|-damage|p2a: Dondozo|10\/100 brn\n|-unboost|p2a: Dondozo|spa|1\n|\n|-weather|RainDance|[upkeep]\n|-damage|p2a: Dondozo|4\/100 brn|[from] brn\n|upkeep\n|\n|t:|1683720125\n|switch|p1b: Flutter Mane|Flutter Mane, L50|100\/100\n|-enditem|p1b: Flutter Mane|Booster Energy\n|-activate|p1b: Flutter Mane|ability: Protosynthesis|[fromitem]\n|-start|p1b: Flutter Mane|protosynthesisspe\n|turn|3\n|\n|t:|1683720138\n|move|p1b: Flutter Mane|Shadow Ball|p2a: Dondozo\n|-damage|p2a: Dondozo|0 fnt\n|faint|p2a: Dondozo\n|move|p1a: Arcanine|Snarl|p2b: Tatsugiri\n|-damage|p2b: Tatsugiri|86\/100\n|-unboost|p2b: Tatsugiri|spa|1\n|\n|-weather|RainDance|[upkeep]\n|upkeep\n|\n|t:|1683720152\n|switch|p2a: Drednaw|Drednaw, L50, F|100\/100\n|turn|4\n|\n|t:|1683720170\n|move|p1a: Arcanine|Protect|p1a: Arcanine\n|-singleturn|p1a: Arcanine|Protect\n|move|p1b: Flutter Mane|Thunderbolt|p2a: Drednaw\n|-supereffective|p2a: Drednaw\n|-damage|p2a: Drednaw|9\/100\n|move|p2a: Drednaw|Liquidation|p1b: Flutter Mane\n|-damage|p1b: Flutter Mane|0 fnt\n|faint|p1b: Flutter Mane\n|-end|p1b: Flutter Mane|Protosynthesis|[silent]\n|-damage|p2a: Drednaw|0 fnt|[from] item: Life Orb\n|faint|p2a: Drednaw\n|move|p2b: Tatsugiri|Draco Meteor|p1a: Arcanine\n|-activate|p1a: Arcanine|move: Protect\n|\n|-weather|RainDance|[upkeep]\n|upkeep\n|\n|t:|1683720183\n|switch|p1b: Ting-Lu|Ting-Lu, L50|100\/100\n|switch|p2a: Pelipper|Pelipper, L50, F|100\/100\n|-ability|p1b: Ting-Lu|Vessel of Ruin\n|turn|5\n|\n|t:|1683720200\n|move|p2b: Tatsugiri|Draco Meteor|p1b: Ting-Lu\n|-damage|p1b: Ting-Lu|82\/100\n|-unboost|p2b: Tatsugiri|spa|2\n|move|p1a: Arcanine|Snarl|p2a: Pelipper|[spread] p2a,p2b\n|-damage|p2a: Pelipper|91\/100\n|-damage|p2b: Tatsugiri|78\/100\n|-unboost|p2a: Pelipper|spa|1\n|-unboost|p2b: Tatsugiri|spa|1\n|move|p2a: Pelipper|Hurricane|p1a: Arcanine\n|-supereffective|p1a: Arcanine\n|-damage|p1a: Arcanine|0 fnt\n|faint|p1a: Arcanine\n|move|p1b: Ting-Lu|Stone Edge|p2a: Pelipper\n|-supereffective|p2a: Pelipper\n|-crit|p2a: Pelipper\n|-damage|p2a: Pelipper|0 fnt\n|faint|p2a: Pelipper\n|\n|-weather|RainDance|[upkeep]\n|upkeep\n|turn|6\n|-message|mawilesarang forfeited.\n|\n|win|D-scNSe\n|raw|D-scNSe's rating: 1347 → 1362<\/strong> (+15 for winning)\n|raw|mawilesarang's rating: 1267 → 1248<\/strong> (-19 for losing)\n|l|\u203dmawilesarang\n","uploadtime":1683720223,"views":12,"p1id":"dscnse","p2id":"mawilesarang","formatid":"gen9vgc2023regulationc","rating":1248,"private":0,"password":""}