{"id":"gen9vgc2023regulationc-1860546235","p1":"xiaoven","p2":"Desconocido 187","format":"[Gen 9] VGC 2023 Regulation C","log":"|j|\u2606xiaoven\n|j|\u2606Desconocido 187\n|t:|1683653410\n|gametype|doubles\n|player|p1|xiaoven|iono|1238\n|player|p2|Desconocido 187|giovanni|1138\n|teamsize|p1|6\n|teamsize|p2|6\n|gen|9\n|tier|[Gen 9] VGC 2023 Regulation C\n|rated|\n|rule|Species Clause: Limit one of each Pok\u00e9mon\n|rule|Item Clause: Limit one of each item\n|clearpoke\n|poke|p1|Glimmora, L50, M|\n|poke|p1|Wo-Chien, L50|\n|poke|p1|Baxcalibur, L50, M|\n|poke|p1|Salamence, L50, M|\n|poke|p1|Great Tusk, L50|\n|poke|p1|Flutter Mane, L50|\n|poke|p2|Ting-Lu, L50|\n|poke|p2|Gastrodon, L50, F|\n|poke|p2|Tyranitar, L50, M|\n|poke|p2|Scizor, L50, M|\n|poke|p2|Annihilape, L50, M|\n|poke|p2|Hatterene, L50, F|\n|teampreview|4\n|\n|t:|1683653443\n|start\n|switch|p1a: violencia|Flutter Mane, L50, shiny|100\/100\n|switch|p1b: snail gaming|Wo-Chien, L50|100\/100\n|switch|p2a: Gastrodon|Gastrodon, L50, F|100\/100\n|switch|p2b: Hatterene|Hatterene, L50, F|100\/100\n|-ability|p1b: snail gaming|Tablets of Ruin\n|turn|1\n|\n|t:|1683653466\n|switch|p2b: Scizor|Scizor, L50, M|100\/100\n|move|p2a: Gastrodon|Protect|p2a: Gastrodon\n|-singleturn|p2a: Gastrodon|Protect\n|move|p1a: violencia|Shadow Ball|p2b: Scizor\n|-damage|p2b: Scizor|17\/100\n|move|p1b: snail gaming|Leech Seed|p2a: Gastrodon\n|-activate|p2a: Gastrodon|move: Protect\n|\n|upkeep\n|turn|2\n|\n|t:|1683653487\n|move|p1b: snail gaming|Protect|p1b: snail gaming\n|-singleturn|p1b: snail gaming|Protect\n|move|p2b: Scizor|Bullet Punch|p1a: violencia\n|-supereffective|p1a: violencia\n|-damage|p1a: violencia|0 fnt\n|faint|p1a: violencia\n|-end|p1a: violencia|Protosynthesis|[silent]\n|move|p2a: Gastrodon|Ice Beam|p1b: snail gaming\n|-activate|p1b: snail gaming|move: Protect\n|\n|upkeep\n|\n|t:|1683653494\n|switch|p1a: bl\u00e5haj|Baxcalibur, L50, M|100\/100\n|turn|3\n|\n|t:|1683653516\n|-terastallize|p1a: bl\u00e5haj|Fire\n|move|p1a: bl\u00e5haj|Tera Blast|p2b: Scizor\n|-supereffective|p2b: Scizor\n|-damage|p2b: Scizor|0 fnt\n|faint|p2b: Scizor\n|move|p1b: snail gaming|Leech Seed|p2a: Gastrodon\n|-start|p2a: Gastrodon|move: Leech Seed\n|move|p2a: Gastrodon|Earth Power|p1a: bl\u00e5haj\n|-supereffective|p1a: bl\u00e5haj\n|-damage|p1a: bl\u00e5haj|24\/100\n|\n|-damage|p2a: Gastrodon|88\/100|[from] Leech Seed|[of] p1b: snail gaming\n|upkeep\n|\n|t:|1683653530\n|switch|p2b: Tyranitar|Tyranitar, L50, M|100\/100\n|-weather|Sandstorm|[from] ability: Sand Stream|[of] p2b: Tyranitar\n|turn|4\n|\n|t:|1683653547\n|switch|p2a: Hatterene|Hatterene, L50, F|100\/100\n|move|p1a: bl\u00e5haj|Glaive Rush|p2b: Tyranitar\n|-damage|p2b: Tyranitar|63\/100\n|-singlemove|p1a: bl\u00e5haj|Glaive Rush|[silent]\n|move|p1b: snail gaming|Leech Seed|p2b: Tyranitar\n|-start|p2b: Tyranitar|move: Leech Seed\n|move|p2b: Tyranitar|Rock Slide|p1a: bl\u00e5haj|[spread] p1a,p1b\n|-supereffective|p1a: bl\u00e5haj\n|-damage|p1a: bl\u00e5haj|0 fnt\n|-damage|p1b: snail gaming|87\/100\n|faint|p1a: bl\u00e5haj\n|\n|-weather|Sandstorm|[upkeep]\n|-damage|p1b: snail gaming|82\/100|[from] Sandstorm\n|-damage|p2a: Hatterene|94\/100|[from] Sandstorm\n|-heal|p1b: snail gaming|87\/100|[from] item: Leftovers\n|-damage|p2b: Tyranitar|50\/100|[from] Leech Seed|[of] p1b: snail gaming\n|-heal|p1b: snail gaming|100\/100|[silent]\n|upkeep\n|\n|t:|1683653553\n|switch|p1a: >dies|Glimmora, L50, M, shiny|100\/100\n|turn|5\n|\n|t:|1683653573\n|switch|p2b: Gastrodon|Gastrodon, L50, F|88\/100\n|move|p1a: >dies|Mortal Spin|p2b: Gastrodon|[spread] p2a,p2b\n|-supereffective|p2a: Hatterene\n|-resisted|p2b: Gastrodon\n|-damage|p2a: Hatterene|87\/100\n|-damage|p2b: Gastrodon|87\/100\n|-status|p2a: Hatterene|psn\n|-status|p2b: Gastrodon|psn\n|move|p1b: snail gaming|Ruination|p2a: Hatterene\n|-damage|p2a: Hatterene|44\/100 psn\n|move|p2a: Hatterene|Mystical Fire|p1b: snail gaming\n|-supereffective|p1b: snail gaming\n|-damage|p1b: snail gaming|50\/100\n|-unboost|p1b: snail gaming|spa|1\n|-damage|p2a: Hatterene|34\/100 psn|[from] item: Life Orb\n|\n|-weather|Sandstorm|[upkeep]\n|-damage|p1b: snail gaming|44\/100|[from] Sandstorm\n|-damage|p2a: Hatterene|28\/100 psn|[from] Sandstorm\n|-heal|p1b: snail gaming|50\/100|[from] item: Leftovers\n|-heal|p2b: Gastrodon|93\/100 psn|[from] item: Leftovers\n|-damage|p2b: Gastrodon|81\/100 psn|[from] psn\n|-damage|p2a: Hatterene|16\/100 psn|[from] psn\n|upkeep\n|turn|6\n|\n|t:|1683653606\n|move|p1a: >dies|Spiky Shield|p1a: >dies\n|-singleturn|p1a: >dies|move: Protect\n|move|p1b: snail gaming|Protect|p1b: snail gaming\n|-singleturn|p1b: snail gaming|Protect\n|move|p2b: Gastrodon|Ice Beam|p1b: snail gaming\n|-activate|p1b: snail gaming|move: Protect\n|move|p2a: Hatterene|Trick Room|p2a: Hatterene\n|-fieldstart|move: Trick Room|[of] p2a: Hatterene\n|\n|-weather|Sandstorm|[upkeep]\n|-damage|p2a: Hatterene|10\/100 psn|[from] Sandstorm\n|-damage|p1b: snail gaming|44\/100|[from] Sandstorm\n|-heal|p2b: Gastrodon|87\/100 psn|[from] item: Leftovers\n|-heal|p1b: snail gaming|50\/100|[from] item: Leftovers\n|-damage|p2a: Hatterene|0 fnt|[from] psn\n|faint|p2a: Hatterene\n|-damage|p2b: Gastrodon|75\/100 psn|[from] psn\n|upkeep\n|\n|t:|1683653622\n|switch|p2a: Tyranitar|Tyranitar, L50, M|50\/100\n|turn|7\n|\n|t:|1683653646\n|move|p2b: Gastrodon|Muddy Water|p1b: snail gaming|[spread] p1a,p1b\n|-supereffective|p1a: >dies\n|-resisted|p1b: snail gaming\n|-damage|p1a: >dies|59\/100\n|-damage|p1b: snail gaming|42\/100\n|-unboost|p1a: >dies|accuracy|1\n|move|p2a: Tyranitar|Rock Slide|p1b: snail gaming|[spread] p1a,p1b\n|-damage|p1a: >dies|40\/100\n|-damage|p1b: snail gaming|30\/100\n|-activate|p1a: >dies|ability: Toxic Debris\n|-sidestart|p2: Desconocido 187|move: Toxic Spikes\n|move|p1b: snail gaming|Leech Seed|p2a: Tyranitar\n|-start|p2a: Tyranitar|move: Leech Seed\n|move|p1a: >dies|Energy Ball|p2b: Gastrodon|[miss]\n|-miss|p1a: >dies|p2b: Gastrodon\n|\n|-weather|Sandstorm|[upkeep]\n|-damage|p1b: snail gaming|24\/100|[from] Sandstorm\n|-heal|p2b: Gastrodon|81\/100 psn|[from] item: Leftovers\n|-heal|p1b: snail gaming|30\/100|[from] item: Leftovers\n|-damage|p2a: Tyranitar|38\/100|[from] Leech Seed|[of] p1b: snail gaming\n|-heal|p1b: snail gaming|43\/100|[silent]\n|-damage|p2b: Gastrodon|69\/100 psn|[from] psn\n|upkeep\n|turn|8\n|\n|t:|1683653680\n|move|p1b: snail gaming|Protect|p1b: snail gaming\n|-singleturn|p1b: snail gaming|Protect\n|move|p1a: >dies|Spiky Shield|p1a: >dies\n|-singleturn|p1a: >dies|move: Protect\n|move|p2b: Gastrodon|Earth Power|p1a: >dies\n|-activate|p1a: >dies|move: Protect\n|move|p2a: Tyranitar|Rock Slide|p1a: >dies|[spread] \n|-activate|p1a: >dies|move: Protect\n|-activate|p1b: snail gaming|move: Protect\n|\n|-weather|none\n|-heal|p2b: Gastrodon|75\/100 psn|[from] item: Leftovers\n|-heal|p1b: snail gaming|49\/100|[from] item: Leftovers\n|-damage|p2a: Tyranitar|26\/100|[from] Leech Seed|[of] p1b: snail gaming\n|-heal|p1b: snail gaming|62\/100|[silent]\n|-damage|p2b: Gastrodon|63\/100 psn|[from] psn\n|upkeep\n|turn|9\n|\n|t:|1683653713\n|-terastallize|p2a: Tyranitar|Flying\n|move|p2b: Gastrodon|Earth Power|p1a: >dies\n|-supereffective|p1a: >dies\n|-damage|p1a: >dies|0 fnt\n|faint|p1a: >dies\n|move|p2a: Tyranitar|Tera Blast|p1b: snail gaming\n|-supereffective|p1b: snail gaming\n|-damage|p1b: snail gaming|24\/100\n|move|p1b: snail gaming|Leech Seed|p2b: Gastrodon\n|-start|p2b: Gastrodon|move: Leech Seed\n|\n|-heal|p2b: Gastrodon|69\/100 psn|[from] item: Leftovers\n|-heal|p1b: snail gaming|30\/100|[from] item: Leftovers\n|-damage|p2b: Gastrodon|57\/100 psn|[from] Leech Seed|[of] p1b: snail gaming\n|-heal|p1b: snail gaming|43\/100|[silent]\n|-damage|p2a: Tyranitar|14\/100|[from] Leech Seed|[of] p1b: snail gaming\n|-heal|p1b: snail gaming|57\/100|[silent]\n|-damage|p2b: Gastrodon|45\/100 psn|[from] psn\n|upkeep\n|turn|10\n|\n|t:|1683653734\n|move|p1b: snail gaming|Protect|p1b: snail gaming\n|-singleturn|p1b: snail gaming|Protect\n|move|p2b: Gastrodon|Ice Beam|p1b: snail gaming\n|-activate|p1b: snail gaming|move: Protect\n|move|p2a: Tyranitar|Tera Blast|p1b: snail gaming\n|-activate|p1b: snail gaming|move: Protect\n|\n|-heal|p2b: Gastrodon|51\/100 psn|[from] item: Leftovers\n|-heal|p1b: snail gaming|62\/100|[from] item: Leftovers\n|-damage|p2b: Gastrodon|39\/100 psn|[from] Leech Seed|[of] p1b: snail gaming\n|-heal|p1b: snail gaming|76\/100|[silent]\n|-damage|p2a: Tyranitar|2\/100|[from] Leech Seed|[of] p1b: snail gaming\n|-heal|p1b: snail gaming|89\/100|[silent]\n|-damage|p2b: Gastrodon|27\/100 psn|[from] psn\n|-fieldend|move: Trick Room\n|upkeep\n|turn|11\n|\n|t:|1683653774\n|move|p1b: snail gaming|Pollen Puff|p2a: Tyranitar\n|-resisted|p2a: Tyranitar\n|-damage|p2a: Tyranitar|0 fnt\n|faint|p2a: Tyranitar\n|move|p2b: Gastrodon|Ice Beam|p1b: snail gaming\n|-supereffective|p1b: snail gaming\n|-damage|p1b: snail gaming|58\/100\n|\n|-heal|p1b: snail gaming|63\/100|[from] item: Leftovers\n|-heal|p2b: Gastrodon|33\/100 psn|[from] item: Leftovers\n|-damage|p2b: Gastrodon|20\/100 psn|[from] Leech Seed|[of] p1b: snail gaming\n|-heal|p1b: snail gaming|77\/100|[silent]\n|-damage|p2b: Gastrodon|8\/100 psn|[from] psn\n|upkeep\n|turn|12\n|-message|Desconocido 187 forfeited.\n|\n|win|xiaoven\n|raw|xiaoven's rating: 1238 → 1256<\/strong> (+18 for winning)\n|raw|Desconocido 187's rating: 1138 → 1120<\/strong> (-18 for losing)\n|l|\u2606Desconocido 187\n","uploadtime":1683653809,"views":3,"p1id":"xiaoven","p2id":"desconocido187","formatid":"gen9vgc2023regulationc","rating":1120,"private":0,"password":""}