{"id":"gen9vgc2023regulationc-1852671234","p1":"SassaroThePubber","p2":"Cheenz","format":"[Gen 9] VGC 2023 Regulation C","log":"|j|\u2606SassaroThePubber\n|j|\u2606Cheenz\n|t:|1682594298\n|gametype|doubles\n|player|p1|SassaroThePubber|ghetsis|1233\n|player|p2|Cheenz|crasherwake|1294\n|teamsize|p1|6\n|teamsize|p2|6\n|gen|9\n|tier|[Gen 9] VGC 2023 Regulation C\n|rated|\n|rule|Species Clause: Limit one of each Pok\u00e9mon\n|rule|Item Clause: Limit one of each item\n|clearpoke\n|poke|p1|Ting-Lu, L50|\n|poke|p1|Annihilape, L50, M|\n|poke|p1|Maushold-Four, L50|\n|poke|p1|Iron Bundle, L50|\n|poke|p1|Wo-Chien, L50|\n|poke|p1|Arcanine, L50, M|\n|poke|p2|Chi-Yu, L50|\n|poke|p2|Flutter Mane, L50|\n|poke|p2|Palafin, L50, M|\n|poke|p2|Tsareena, L50, F|\n|poke|p2|Iron Jugulis, L50|\n|poke|p2|Iron Hands, L50|\n|teampreview|4\n|c|\u2606SassaroThePubber|Glhf\n|\n|t:|1682594336\n|start\n|switch|p1a: Iron Bundle|Iron Bundle, L50|100\/100\n|switch|p1b: Ting-Lu|Ting-Lu, L50|100\/100\n|switch|p2a: Chi-Yu|Chi-Yu, L50|100\/100\n|switch|p2b: Iron Jugulis|Iron Jugulis, L50|100\/100\n|-ability|p2a: Chi-Yu|Beads of Ruin\n|-ability|p1b: Ting-Lu|Vessel of Ruin\n|-enditem|p1a: Iron Bundle|Booster Energy\n|-activate|p1a: Iron Bundle|ability: Quark Drive|[fromitem]\n|-start|p1a: Iron Bundle|quarkdrivespe\n|-enditem|p2b: Iron Jugulis|Booster Energy\n|-activate|p2b: Iron Jugulis|ability: Quark Drive|[fromitem]\n|-start|p2b: Iron Jugulis|quarkdrivespe\n|turn|1\n|\n|t:|1682594378\n|-terastallize|p2a: Chi-Yu|Ghost\n|move|p1a: Iron Bundle|Hydro Pump|p2a: Chi-Yu\n|-damage|p2a: Chi-Yu|52\/100\n|move|p2b: Iron Jugulis|Tailwind|p2b: Iron Jugulis\n|-sidestart|p2: Cheenz|move: Tailwind\n|move|p2a: Chi-Yu|Heat Wave|p1a: Iron Bundle|[spread] p1a\n|-miss|p2a: Chi-Yu|p1b: Ting-Lu\n|-damage|p1a: Iron Bundle|11\/100\n|move|p1b: Ting-Lu|Ruination|p2b: Iron Jugulis\n|-damage|p2b: Iron Jugulis|50\/100\n|\n|upkeep\n|turn|2\n|\n|t:|1682594417\n|switch|p2a: Flutter Mane|Flutter Mane, L50|100\/100\n|move|p2b: Iron Jugulis|Snarl|p1b: Ting-Lu|[spread] p1a,p1b\n|-resisted|p1b: Ting-Lu\n|-damage|p1a: Iron Bundle|0 fnt\n|-damage|p1b: Ting-Lu|97\/100\n|-unboost|p1b: Ting-Lu|spa|1\n|faint|p1a: Iron Bundle\n|-end|p1a: Iron Bundle|Quark Drive|[silent]\n|move|p1b: Ting-Lu|Stomping Tantrum|p2a: Flutter Mane\n|-damage|p2a: Flutter Mane|30\/100\n|\n|upkeep\n|\n|t:|1682594434\n|switch|p1a: Wo-Chien|Wo-Chien, L50|100\/100\n|-ability|p1a: Wo-Chien|Tablets of Ruin\n|turn|3\n|\n|t:|1682594448\n|-terastallize|p1a: Wo-Chien|Poison\n|move|p2b: Iron Jugulis|Air Slash|p1a: Wo-Chien\n|-crit|p1a: Wo-Chien\n|-damage|p1a: Wo-Chien|77\/100\n|move|p2a: Flutter Mane|Dazzling Gleam|p1b: Ting-Lu|[spread] p1a,p1b\n|-resisted|p1a: Wo-Chien\n|-supereffective|p1b: Ting-Lu\n|-damage|p1a: Wo-Chien|69\/100\n|-damage|p1b: Ting-Lu|72\/100\n|move|p1a: Wo-Chien|Leech Seed|p2b: Iron Jugulis\n|-start|p2b: Iron Jugulis|move: Leech Seed\n|move|p1b: Ting-Lu|Heavy Slam|p2a: Flutter Mane\n|-supereffective|p2a: Flutter Mane\n|-damage|p2a: Flutter Mane|0 fnt\n|faint|p2a: Flutter Mane\n|-end|p2a: Flutter Mane|Protosynthesis|[silent]\n|\n|-damage|p2b: Iron Jugulis|38\/100|[from] Leech Seed|[of] p1a: Wo-Chien\n|-heal|p1a: Wo-Chien|84\/100|[silent]\n|upkeep\n|\n|t:|1682594477\n|switch|p2a: Iron Hands|Iron Hands, L50|100\/100\n|turn|4\n|\n|t:|1682594491\n|move|p2b: Iron Jugulis|Air Slash|p1b: Ting-Lu\n|-damage|p1b: Ting-Lu|59\/100\n|move|p2a: Iron Hands|Earthquake|p1b: Ting-Lu|[spread] p1a,p1b\n|-immune|p2b: Iron Jugulis\n|-supereffective|p1a: Wo-Chien\n|-damage|p1a: Wo-Chien|52\/100\n|-damage|p1b: Ting-Lu|45\/100\n|move|p1a: Wo-Chien|Leech Seed|p2a: Iron Hands\n|-start|p2a: Iron Hands|move: Leech Seed\n|cant|p1b: Ting-Lu|flinch\n|\n|-damage|p2b: Iron Jugulis|25\/100|[from] Leech Seed|[of] p1a: Wo-Chien\n|-heal|p1a: Wo-Chien|67\/100|[silent]\n|-damage|p2a: Iron Hands|88\/100|[from] Leech Seed|[of] p1a: Wo-Chien\n|-heal|p1a: Wo-Chien|89\/100|[silent]\n|-sideend|p2: Cheenz|move: Tailwind\n|upkeep\n|turn|5\n|\n|t:|1682594522\n|move|p2b: Iron Jugulis|Air Slash|p1b: Ting-Lu\n|-damage|p1b: Ting-Lu|32\/100\n|move|p1a: Wo-Chien|Pollen Puff|p1b: Ting-Lu\n|-heal|p1b: Ting-Lu|82\/100\n|move|p2a: Iron Hands|Drain Punch|p1b: Ting-Lu\n|-supereffective|p1b: Ting-Lu\n|-damage|p1b: Ting-Lu|44\/100\n|-heal|p2a: Iron Hands|100\/100|[from] drain|[of] p1b: Ting-Lu\n|move|p1b: Ting-Lu|Heavy Slam|p2b: Iron Jugulis\n|-damage|p2b: Iron Jugulis|0 fnt\n|faint|p2b: Iron Jugulis\n|-end|p2b: Iron Jugulis|Quark Drive|[silent]\n|\n|-damage|p2a: Iron Hands|88\/100|[from] Leech Seed|[of] p1a: Wo-Chien\n|-heal|p1a: Wo-Chien|100\/100|[silent]\n|upkeep\n|\n|t:|1682594537\n|switch|p2b: Chi-Yu|Chi-Yu, L50, tera:Ghost|52\/100\n|-ability|p2b: Chi-Yu|Beads of Ruin\n|turn|6\n|\n|t:|1682594563\n|move|p2b: Chi-Yu|Psychic|p1a: Wo-Chien\n|-supereffective|p1a: Wo-Chien\n|-damage|p1a: Wo-Chien|59\/100\n|move|p1a: Wo-Chien|Leech Seed|p2b: Chi-Yu\n|-start|p2b: Chi-Yu|move: Leech Seed\n|move|p2a: Iron Hands|Drain Punch|p1b: Ting-Lu\n|-supereffective|p1b: Ting-Lu\n|-damage|p1b: Ting-Lu|6\/100\n|-heal|p2a: Iron Hands|100\/100|[from] drain|[of] p1b: Ting-Lu\n|move|p1b: Ting-Lu|Stomping Tantrum|p2b: Chi-Yu\n|-damage|p2b: Chi-Yu|10\/100\n|\n|-damage|p2b: Chi-Yu|0 fnt|[from] Leech Seed|[of] p1a: Wo-Chien\n|-heal|p1a: Wo-Chien|68\/100|[silent]\n|faint|p2b: Chi-Yu\n|-damage|p2a: Iron Hands|88\/100|[from] Leech Seed|[of] p1a: Wo-Chien\n|-heal|p1a: Wo-Chien|90\/100|[silent]\n|upkeep\n|turn|7\n|\n|t:|1682594580\n|move|p1a: Wo-Chien|Pollen Puff|p1b: Ting-Lu\n|-heal|p1b: Ting-Lu|55\/100\n|move|p2a: Iron Hands|Earthquake|p1a: Wo-Chien|[spread] p1a,p1b\n|-supereffective|p1a: Wo-Chien\n|-crit|p1b: Ting-Lu\n|-damage|p1a: Wo-Chien|56\/100\n|-damage|p1b: Ting-Lu|34\/100\n|move|p1b: Ting-Lu|Stomping Tantrum|p2a: Iron Hands\n|-supereffective|p2a: Iron Hands\n|-damage|p2a: Iron Hands|56\/100\n|\n|-damage|p2a: Iron Hands|44\/100|[from] Leech Seed|[of] p1a: Wo-Chien\n|-heal|p1a: Wo-Chien|78\/100|[silent]\n|upkeep\n|turn|8\n|-message|Cheenz forfeited.\n|\n|win|SassaroThePubber\n|raw|SassaroThePubber's rating: 1233 → 1262<\/strong> (+29 for winning)\n|raw|Cheenz's rating: 1294 → 1265<\/strong> (-29 for losing)\n|l|\u2606Cheenz\n","uploadtime":1682594596,"views":18,"p1id":"sassarothepubber","p2id":"cheenz","formatid":"gen9vgc2023regulationc","rating":1262,"private":0,"password":""}