{"id":"gen9vgc2023regulationc-1864050388","p1":"BleachyBoi_426","p2":"Acerola4","format":"[Gen 9] VGC 2023 Regulation C","log":"|j|\u2606BleachyBoi_426\n|j|\u2606Acerola4\n|t:|1684110459\n|gametype|doubles\n|player|p1|BleachyBoi_426|n|\n|player|p2|Acerola4|170|\n|teamsize|p1|6\n|teamsize|p2|6\n|gen|9\n|tier|[Gen 9] VGC 2023 Regulation C\n|rule|Species Clause: Limit one of each Pok\u00e9mon\n|rule|Item Clause: Limit one of each item\n|clearpoke\n|poke|p1|Iron Valiant, L50|\n|poke|p1|Mabosstiff, L50, F|\n|poke|p1|Tinkaton, L50, F|\n|poke|p1|Arboliva, L50, F|\n|poke|p1|Pincurchin, L50, M|\n|poke|p1|Iron Moth, L50|\n|poke|p2|Armarouge, L50, M|\n|poke|p2|Indeedee-F, L50, F|\n|poke|p2|Tyranitar, L50, M|\n|poke|p2|Roaring Moon, L50|\n|poke|p2|Mimikyu, L50, M|\n|poke|p2|Magneton, L50|\n|teampreview|4\n|c|\u2606BleachyBoi_426|glhf\n|c|\u2606Acerola4|u too\n|j| ThatGuyNamedToby\n|c| ThatGuyNamedToby|gl both of u\n|c|\u2606Acerola4|thanks\n|\n|t:|1684110936\n|start\n|switch|p1a: Larry|Pincurchin, L50, M|100\/100\n|switch|p1b: Adaptertio|Mabosstiff, L50, F|100\/100\n|switch|p2a: Armarouge|Armarouge, L50, M, shiny|100\/100\n|switch|p2b: Indeedee|Indeedee-F, L50, F|100\/100\n|-fieldstart|move: Psychic Terrain|[from] ability: Psychic Surge|[of] p2b: Indeedee\n|-fieldstart|move: Electric Terrain|[from] ability: Electric Surge|[of] p1a: Larry\n|turn|1\n|\n|t:|1684110977\n|switch|p2b: Magneton|Magneton, L50|100\/100\n|-terastallize|p1a: Larry|Water\n|move|p2a: Armarouge|Heat Wave|p1a: Larry|[spread] p1a,p1b\n|-resisted|p1a: Larry\n|-damage|p1a: Larry|76\/100\n|-damage|p1b: Adaptertio|59\/100\n|move|p1b: Adaptertio|Crunch|p2b: Magneton\n|-damage|p2b: Magneton|41\/100\n|move|p1a: Larry|Liquidation|p2a: Armarouge\n|-supereffective|p2a: Armarouge\n|-crit|p2a: Armarouge\n|-damage|p2a: Armarouge|0 fnt\n|faint|p2a: Armarouge\n|\n|upkeep\n|\n|t:|1684110990\n|switch|p2a: Mimikyu|Mimikyu, L50, M|100\/100\n|turn|2\n|\n|t:|1684111014\n|move|p2a: Mimikyu|Play Rough|p1b: Adaptertio\n|-supereffective|p1b: Adaptertio\n|-damage|p1b: Adaptertio|0 fnt\n|faint|p1b: Adaptertio\n|-damage|p2a: Mimikyu|90\/100|[from] item: Life Orb\n|move|p2b: Magneton|Light Screen|p2b: Magneton\n|-sidestart|p2: Acerola4|move: Light Screen\n|move|p1a: Larry|Liquidation|p2a: Mimikyu\n|-activate|p2a: Mimikyu|ability: Disguise\n|-damage|p2a: Mimikyu|90\/100\n|detailschange|p2a: Mimikyu|Mimikyu-Busted, L50, M\n|-damage|p2a: Mimikyu|78\/100|[from] pokemon: Mimikyu-Busted\n|\n|upkeep\n|\n|t:|1684111031\n|switch|p1b: Aura|Iron Moth, L50|100\/100\n|-activate|p1b: Aura|ability: Quark Drive\n|-start|p1b: Aura|quarkdrivespa\n|turn|3\n|\n|t:|1684111061\n|-terastallize|p2a: Mimikyu|Ghost\n|move|p2b: Magneton|Helping Hand|p2a: Mimikyu\n|-singleturn|p2a: Mimikyu|Helping Hand|[of] p2b: Magneton\n|move|p1b: Aura|Fiery Dance|p2b: Magneton\n|-supereffective|p2b: Magneton\n|-damage|p2b: Magneton|0 fnt\n|-boost|p1b: Aura|spa|1\n|faint|p2b: Magneton\n|move|p2a: Mimikyu|Shadow Claw|p1b: Aura\n|-damage|p1b: Aura|0 fnt\n|faint|p1b: Aura\n|-end|p1b: Aura|Quark Drive|[silent]\n|-damage|p2a: Mimikyu|68\/100|[from] item: Life Orb\n|move|p1a: Larry|Thunder Wave|p2a: Mimikyu\n|-status|p2a: Mimikyu|par\n|\n|upkeep\n|\n|t:|1684111077\n|switch|p1b: Happy Days|Arboliva, L50, F|100\/100\n|switch|p2b: Indeedee|Indeedee-F, L50, F|100\/100\n|-fieldstart|move: Psychic Terrain|[from] ability: Psychic Surge|[of] p2b: Indeedee\n|turn|4\n|\n|t:|1684111098\n|move|p2b: Indeedee|Reflect|p2b: Indeedee\n|-sidestart|p2: Acerola4|Reflect\n|move|p2a: Mimikyu|Shadow Claw|p1a: Larry\n|-damage|p1a: Larry|11\/100\n|-damage|p2a: Mimikyu|58\/100 par|[from] item: Life Orb\n|move|p1b: Happy Days|Leech Seed|p2a: Mimikyu\n|-start|p2a: Mimikyu|move: Leech Seed\n|move|p1a: Larry|Thunder Wave|p2b: Indeedee\n|-status|p2b: Indeedee|par\n|\n|-damage|p2a: Mimikyu|46\/100 par|[from] Leech Seed|[of] p1b: Happy Days\n|upkeep\n|turn|5\n|\n|t:|1684111115\n|move|p1a: Larry|Protect|p1a: Larry\n|-singleturn|p1a: Larry|Protect\n|move|p2a: Mimikyu|Shadow Claw|p1a: Larry\n|-activate|p1a: Larry|move: Protect\n|move|p2b: Indeedee|Heal Pulse|p2a: Mimikyu\n|-heal|p2a: Mimikyu|96\/100 par\n|move|p1b: Happy Days|Leech Seed|p2b: Indeedee\n|-start|p2b: Indeedee|move: Leech Seed\n|\n|-damage|p2a: Mimikyu|84\/100 par|[from] Leech Seed|[of] p1b: Happy Days\n|-damage|p2b: Indeedee|88\/100 par|[from] Leech Seed|[of] p1b: Happy Days\n|upkeep\n|turn|6\n|\n|t:|1684111143\n|move|p1a: Larry|Sucker Punch|p2a: Mimikyu\n|-activate|p2a: Mimikyu|move: Psychic Terrain\n|move|p2a: Mimikyu|Shadow Claw|p1a: Larry\n|-crit|p1a: Larry\n|-damage|p1a: Larry|0 fnt\n|faint|p1a: Larry\n|-damage|p2a: Mimikyu|74\/100 par|[from] item: Life Orb\n|move|p2b: Indeedee|Heal Pulse|p2a: Mimikyu\n|-heal|p2a: Mimikyu|100\/100 par\n|move|p1b: Happy Days|Pollen Puff|p1: Larry|[notarget]\n|-fail|p1b: Happy Days\n|\n|-heal|p2b: Indeedee|94\/100 par|[from] item: Leftovers\n|-damage|p2a: Mimikyu|88\/100 par|[from] Leech Seed|[of] p1b: Happy Days\n|-damage|p2b: Indeedee|82\/100 par|[from] Leech Seed|[of] p1b: Happy Days\n|-sideend|p2: Acerola4|move: Light Screen\n|upkeep\n|turn|7\n|\n|t:|1684111161\n|cant|p2b: Indeedee|par\n|move|p2a: Mimikyu|Play Rough|p1b: Happy Days\n|-damage|p1b: Happy Days|62\/100\n|-damage|p2a: Mimikyu|78\/100 par|[from] item: Life Orb\n|move|p1b: Happy Days|Pollen Puff|p2b: Indeedee\n|-supereffective|p2b: Indeedee\n|-damage|p2b: Indeedee|46\/100 par\n|\n|-heal|p2b: Indeedee|52\/100 par|[from] item: Leftovers\n|-damage|p2a: Mimikyu|66\/100 par|[from] Leech Seed|[of] p1b: Happy Days\n|-heal|p1b: Happy Days|71\/100|[silent]\n|-damage|p2b: Indeedee|39\/100 par|[from] Leech Seed|[of] p1b: Happy Days\n|-heal|p1b: Happy Days|83\/100|[silent]\n|upkeep\n|turn|8\n|\n|t:|1684111182\n|move|p2b: Indeedee|Helping Hand|p2a: Mimikyu\n|-singleturn|p2a: Mimikyu|Helping Hand|[of] p2b: Indeedee\n|move|p1b: Happy Days|Protect|p1b: Happy Days\n|-singleturn|p1b: Happy Days|Protect\n|move|p2a: Mimikyu|Play Rough|p1b: Happy Days\n|-activate|p1b: Happy Days|move: Protect\n|\n|-heal|p2b: Indeedee|46\/100 par|[from] item: Leftovers\n|-damage|p2a: Mimikyu|54\/100 par|[from] Leech Seed|[of] p1b: Happy Days\n|-heal|p1b: Happy Days|92\/100|[silent]\n|-damage|p2b: Indeedee|33\/100 par|[from] Leech Seed|[of] p1b: Happy Days\n|-heal|p1b: Happy Days|100\/100|[silent]\n|-sideend|p2: Acerola4|Reflect\n|-fieldend|move: Psychic Terrain\n|upkeep\n|turn|9\n|\n|t:|1684111202\n|move|p2a: Mimikyu|Swords Dance|p2a: Mimikyu\n|-boost|p2a: Mimikyu|atk|2\n|move|p2b: Indeedee|Heal Pulse|p2a: Mimikyu\n|-heal|p2a: Mimikyu|100\/100 par\n|move|p1b: Happy Days|Pollen Puff|p2b: Indeedee\n|-supereffective|p2b: Indeedee\n|-damage|p2b: Indeedee|0 fnt\n|faint|p2b: Indeedee\n|\n|-damage|p2a: Mimikyu|88\/100 par|[from] Leech Seed|[of] p1b: Happy Days\n|upkeep\n|turn|10\n|\n|t:|1684111218\n|move|p1b: Happy Days|Protect|p1b: Happy Days\n|-singleturn|p1b: Happy Days|Protect\n|move|p2a: Mimikyu|Swords Dance|p2a: Mimikyu\n|-boost|p2a: Mimikyu|atk|2\n|\n|-damage|p2a: Mimikyu|76\/100 par|[from] Leech Seed|[of] p1b: Happy Days\n|upkeep\n|turn|11\n|c|\u2606BleachyBoi_426|nice read\n|\n|t:|1684111233\n|move|p2a: Mimikyu|Play Rough|p1b: Happy Days|[miss]\n|-miss|p2a: Mimikyu|p1b: Happy Days\n|move|p1b: Happy Days|Energy Ball|p2a: Mimikyu\n|-damage|p2a: Mimikyu|22\/100 par\n|\n|-damage|p2a: Mimikyu|10\/100 par|[from] Leech Seed|[of] p1b: Happy Days\n|upkeep\n|turn|12\n|c|\u2606BleachyBoi_426|unfort miss\n|\n|t:|1684111248\n|move|p1b: Happy Days|Protect|p1b: Happy Days\n|-singleturn|p1b: Happy Days|Protect\n|move|p2a: Mimikyu|Play Rough|p1b: Happy Days\n|-activate|p1b: Happy Days|move: Protect\n|\n|-damage|p2a: Mimikyu|0 fnt|[from] Leech Seed|[of] p1b: Happy Days\n|faint|p2a: Mimikyu\n|\n|win|BleachyBoi_426\n|upkeep\n|c|\u2606BleachyBoi_426|gg wp\n|c|\u2606Acerola4|gg\n|c|\u2606Acerola4|i have lsot every match so far to rng im pretty sure\n|l| ThatGuyNamedToby\n","uploadtime":1684111739,"views":20,"p1id":"bleachyboi426","p2id":"acerola4","formatid":"gen9vgc2023regulationc","rating":0,"private":0,"password":""}