{"id":"gen9vgc2023regulationc-1854090062","p1":"3ta","p2":"haha u rage quit","format":"[Gen 9] VGC 2023 Regulation C","log":"|j|\u26063ta\n|j|\u2606haha u rage quit\n|t:|1682767449\n|gametype|doubles\n|player|p1|3ta|tuberf|1313\n|player|p2|haha u rage quit|pokemaniac|1302\n|teamsize|p1|6\n|teamsize|p2|6\n|gen|9\n|tier|[Gen 9] VGC 2023 Regulation C\n|rated|\n|rule|Species Clause: Limit one of each Pok\u00e9mon\n|rule|Item Clause: Limit one of each item\n|clearpoke\n|poke|p1|Lycanroc, L50, F|\n|poke|p1|Tyranitar, L50, F|\n|poke|p1|Annihilape, L50, M|\n|poke|p1|Ting-Lu, L50|\n|poke|p1|Armarouge, L50, F|\n|poke|p1|Indeedee-F, L50, F|\n|poke|p2|Iron Bundle, L50|\n|poke|p2|Chi-Yu, L50|\n|poke|p2|Scizor, L50, M|\n|poke|p2|Flutter Mane, L50|\n|poke|p2|Great Tusk, L50|\n|poke|p2|Murkrow, L50, M|\n|teampreview|4\n|\n|t:|1682767508\n|start\n|switch|p1a: Tyranitar|Tyranitar, L50, F|100\/100\n|switch|p1b: Lycanroc|Lycanroc, L50, F|100\/100\n|switch|p2a: Scizor|Scizor, L50, M, shiny|100\/100\n|switch|p2b: Great Tusk|Great Tusk, L50, shiny|100\/100\n|-weather|Sandstorm|[from] ability: Sand Stream|[of] p1a: Tyranitar\n|turn|1\n|inactive|Battle timer is ON: inactive players will automatically lose when time's up. (requested by 3ta)\n|\n|t:|1682767538\n|-terastallize|p1a: Tyranitar|Flying\n|move|p1b: Lycanroc|Rock Slide|p2b: Great Tusk|[spread] p2a,p2b\n|-resisted|p2b: Great Tusk\n|-damage|p2a: Scizor|73\/100\n|-damage|p2b: Great Tusk|95\/100\n|move|p1a: Tyranitar|Rock Slide|p2a: Scizor|[spread] p2a,p2b\n|-resisted|p2b: Great Tusk\n|-damage|p2a: Scizor|22\/100\n|-damage|p2b: Great Tusk|85\/100\n|move|p2b: Great Tusk|Ice Spinner|p1a: Tyranitar\n|-supereffective|p1a: Tyranitar\n|-damage|p1a: Tyranitar|40\/100\n|cant|p2a: Scizor|flinch\n|\n|-weather|Sandstorm|[upkeep]\n|-damage|p1a: Tyranitar|34\/100|[from] Sandstorm\n|upkeep\n|turn|2\n|inactive|haha u rage quit has 30 seconds left.\n|\n|t:|1682767564\n|switch|p1a: Ting-Lu|Ting-Lu, L50|100\/100\n|-ability|p1a: Ting-Lu|Vessel of Ruin\n|move|p2a: Scizor|Bullet Punch|p1b: Lycanroc\n|-supereffective|p1b: Lycanroc\n|-enditem|p1b: Lycanroc|Focus Sash\n|-damage|p1b: Lycanroc|1\/100\n|move|p1b: Lycanroc|Rock Slide|p2b: Great Tusk|[spread] p2a\n|-miss|p1b: Lycanroc|p2b: Great Tusk\n|-damage|p2a: Scizor|0 fnt\n|faint|p2a: Scizor\n|move|p2b: Great Tusk|Rock Slide|p1a: Ting-Lu|[spread] p1a\n|-miss|p2b: Great Tusk|p1b: Lycanroc\n|-resisted|p1a: Ting-Lu\n|-damage|p1a: Ting-Lu|95\/100\n|\n|-weather|Sandstorm|[upkeep]\n|upkeep\n|inactive|haha u rage quit has 30 seconds left.\n|inactive|haha u rage quit has 20 seconds left.\n|\n|t:|1682767601\n|switch|p2a: Iron Bundle|Iron Bundle, L50, shiny|100\/100\n|-enditem|p2a: Iron Bundle|Booster Energy\n|-activate|p2a: Iron Bundle|ability: Quark Drive|[fromitem]\n|-start|p2a: Iron Bundle|quarkdrivespe\n|turn|3\n|inactive|haha u rage quit has 30 seconds left.\n|\n|t:|1682767631\n|-terastallize|p2a: Iron Bundle|Ghost\n|move|p1b: Lycanroc|Endeavor|p2a: Iron Bundle\n|-immune|p2a: Iron Bundle\n|move|p2a: Iron Bundle|Hydro Pump|p1a: Ting-Lu\n|-supereffective|p1a: Ting-Lu\n|-damage|p1a: Ting-Lu|60\/100\n|move|p2b: Great Tusk|Close Combat|p1a: Ting-Lu\n|-supereffective|p1a: Ting-Lu\n|-damage|p1a: Ting-Lu|0 fnt\n|-unboost|p2b: Great Tusk|def|1\n|-unboost|p2b: Great Tusk|spd|1\n|faint|p1a: Ting-Lu\n|\n|-weather|Sandstorm|[upkeep]\n|-damage|p2a: Iron Bundle|95\/100|[from] Sandstorm\n|upkeep\n|\n|t:|1682767651\n|switch|p1a: Annihilape|Annihilape, L50, M|100\/100\n|turn|4\n|\n|t:|1682767664\n|-end|p2b: Great Tusk|Protosynthesis|[silent]\n|switch|p2b: Flutter Mane|Flutter Mane, L50, shiny|100\/100\n|move|p1b: Lycanroc|Rock Slide|p2a: Iron Bundle|[spread] p2a,p2b\n|-damage|p2a: Iron Bundle|59\/100\n|-damage|p2b: Flutter Mane|31\/100\n|move|p2a: Iron Bundle|Freeze-Dry|p1b: Lycanroc\n|-damage|p1b: Lycanroc|0 fnt\n|faint|p1b: Lycanroc\n|move|p1a: Annihilape|Bulk Up|p1a: Annihilape\n|-boost|p1a: Annihilape|atk|1\n|-boost|p1a: Annihilape|def|1\n|\n|-weather|Sandstorm|[upkeep]\n|-damage|p2a: Iron Bundle|53\/100|[from] Sandstorm\n|-damage|p2b: Flutter Mane|25\/100|[from] Sandstorm\n|-damage|p1a: Annihilape|95\/100|[from] Sandstorm\n|-heal|p1a: Annihilape|100\/100|[from] item: Leftovers\n|upkeep\n|\n|t:|1682767678\n|switch|p1b: Tyranitar|Tyranitar, L50, F, tera:Flying|34\/100\n|turn|5\n|\n|t:|1682767692\n|move|p2a: Iron Bundle|Freeze-Dry|p1b: Tyranitar\n|-supereffective|p1b: Tyranitar\n|-damage|p1b: Tyranitar|0 fnt\n|faint|p1b: Tyranitar\n|move|p2b: Flutter Mane|Moonblast|p1a: Annihilape\n|-supereffective|p1a: Annihilape\n|-crit|p1a: Annihilape\n|-damage|p1a: Annihilape|0 fnt\n|faint|p1a: Annihilape\n|-damage|p2b: Flutter Mane|15\/100|[from] item: Life Orb\n|\n|win|haha u rage quit\n|raw|3ta's rating: 1313 → 1292<\/strong> (-21 for losing)\n|raw|haha u rage quit's rating: 1302 → 1323<\/strong> (+21 for winning)\n|l|\u26063ta\n","uploadtime":1682767710,"views":17,"p1id":"3ta","p2id":"hahauragequit","formatid":"gen9vgc2023regulationc","rating":1292,"private":0,"password":""}