{"id":"gen9vgc2023regulationc-1852023246","p1":"jgmn","p2":"BlueTrip","format":"[Gen 9] VGC 2023 Regulation C","log":"|j|\u2606jgmn\n|j|\u2606BlueTrip\n|t:|1682517622\n|gametype|doubles\n|player|p1|jgmn|1|1047\n|player|p2|BlueTrip|ash-kalos|1114\n|teamsize|p1|6\n|teamsize|p2|6\n|gen|9\n|tier|[Gen 9] VGC 2023 Regulation C\n|rated|\n|rule|Species Clause: Limit one of each Pok\u00e9mon\n|rule|Item Clause: Limit one of each item\n|clearpoke\n|poke|p1|Orthworm, L50, M|\n|poke|p1|Chien-Pao, L50|\n|poke|p1|Ting-Lu, L50|\n|poke|p1|Gyarados, L50, F|\n|poke|p1|Flutter Mane, L50|\n|poke|p1|Dragonite, L50, F|\n|poke|p2|Arboliva, L50, M|\n|poke|p2|Hariyama, L50, M|\n|poke|p2|Flutter Mane, L50|\n|poke|p2|Gyarados, L50, M|\n|poke|p2|Gholdengo, L50|\n|poke|p2|Farigiraf, L50, M|\n|teampreview|4\n|c|\u2606BlueTrip|glhf\nBlueTrip has agreed to open team sheets.\njgmn has agreed to open team sheets.\n|\n|t:|1682517703\n|start\n|switch|p1a: Orthworm|Orthworm, L50, M|100\/100\n|switch|p1b: Ting-Lu|Ting-Lu, L50|100\/100\n|switch|p2a: Flutter Mane|Flutter Mane, L50|100\/100\n|switch|p2b: Hariyama|Hariyama, L50, M|100\/100\n|-ability|p1b: Ting-Lu|Vessel of Ruin\n|turn|1\n|\n|t:|1682517745\n|move|p2b: Hariyama|Fake Out|p1a: Orthworm\n|-resisted|p1a: Orthworm\n|-damage|p1a: Orthworm|96\/100\n|move|p2a: Flutter Mane|Shadow Ball|p1a: Orthworm\n|-damage|p1a: Orthworm|51\/100\n|move|p1b: Ting-Lu|Heavy Slam|p2a: Flutter Mane\n|-supereffective|p2a: Flutter Mane\n|-damage|p2a: Flutter Mane|6\/100\n|cant|p1a: Orthworm|flinch\n|\n|-status|p2b: Hariyama|brn|[from] item: Flame Orb\n|upkeep\n|turn|2\n|\n|t:|1682517806\n|-end|p2a: Flutter Mane|Protosynthesis|[silent]\n|switch|p2a: Gyarados|Gyarados, L50, M|100\/100\n|-ability|p2a: Gyarados|Intimidate|boost\n|-unboost|p1a: Orthworm|atk|1\n|-unboost|p1b: Ting-Lu|atk|1\n|move|p2b: Hariyama|Drain Punch|p1a: Orthworm\n|-supereffective|p1a: Orthworm\n|-damage|p1a: Orthworm|0 fnt\n|faint|p1a: Orthworm\n|move|p1b: Ting-Lu|Earthquake|p2b: Hariyama|[spread] p2b\n|-immune|p2a: Gyarados\n|-damage|p2b: Hariyama|75\/100 brn\n|\n|-damage|p2b: Hariyama|69\/100 brn|[from] brn\n|upkeep\n|\n|t:|1682517825\n|switch|p1a: Dragonite|Dragonite, L50, F|100\/100\n|turn|3\n|\n|t:|1682517864\n|switch|p2b: Gholdengo|Gholdengo, L50|100\/100\n|-item|p2b: Gholdengo|Air Balloon\n|-terastallize|p1a: Dragonite|Flying\n|move|p2a: Gyarados|Waterfall|p1b: Ting-Lu\n|-supereffective|p1b: Ting-Lu\n|-crit|p1b: Ting-Lu\n|-damage|p1b: Ting-Lu|34\/100\n|move|p1a: Dragonite|Tera Blast|p2b: Gholdengo\n|-resisted|p2b: Gholdengo\n|-damage|p2b: Gholdengo|71\/100\n|-enditem|p2b: Gholdengo|Air Balloon\n|move|p1b: Ting-Lu|Rock Slide|p2b: Gholdengo|[spread] p2a,p2b\n|-supereffective|p2a: Gyarados\n|-resisted|p2b: Gholdengo\n|-damage|p2a: Gyarados|75\/100\n|-damage|p2b: Gholdengo|66\/100\n|\n|upkeep\n|turn|4\n|\n|t:|1682517900\n|switch|p1b: Gyarados|Gyarados, L50, F|100\/100\n|-ability|p1b: Gyarados|Intimidate|boost\n|-unboost|p2a: Gyarados|atk|1\n|-unboost|p2b: Gholdengo|atk|1\n|move|p2a: Gyarados|Waterfall|p1b: Gyarados\n|-resisted|p1b: Gyarados\n|-damage|p1b: Gyarados|85\/100\n|move|p2b: Gholdengo|Make It Rain|p1a: Dragonite|[spread] p1a,p1b\n|-resisted|p1b: Gyarados\n|-damage|p1a: Dragonite|81\/100\n|-damage|p1b: Gyarados|68\/100\n|-unboost|p2b: Gholdengo|spa|1\n|move|p1a: Dragonite|Tera Blast|p2b: Gholdengo\n|-resisted|p2b: Gholdengo\n|-crit|p2b: Gholdengo\n|-damage|p2b: Gholdengo|19\/100\n|\n|upkeep\n|turn|5\n|\n|t:|1682517939\n|switch|p2a: Hariyama|Hariyama, L50, M|69\/100 brn\n|switch|p2b: Flutter Mane|Flutter Mane, L50|6\/100\n|move|p1b: Gyarados|Thunder Wave||[still]\n|-fail|p1b: Gyarados\n|move|p1a: Dragonite|Tera Blast|p2b: Flutter Mane\n|-damage|p2b: Flutter Mane|0 fnt\n|faint|p2b: Flutter Mane\n|-end|p2b: Flutter Mane|Protosynthesis|[silent]\n|\n|-damage|p2a: Hariyama|64\/100 brn|[from] brn\n|upkeep\n|\n|t:|1682517948\n|switch|p2b: Gyarados|Gyarados, L50, M|75\/100\n|-ability|p2b: Gyarados|Intimidate|boost\n|-unboost|p1a: Dragonite|atk|1\n|-unboost|p1b: Gyarados|atk|1\n|turn|6\n|\n|t:|1682517971\n|switch|p1b: Ting-Lu|Ting-Lu, L50|34\/100\n|-ability|p1b: Ting-Lu|Vessel of Ruin\n|move|p2a: Hariyama|Fake Out|p1a: Dragonite\n|-damage|p1a: Dragonite|60\/100\n|move|p2b: Gyarados|Waterfall|p1a: Dragonite\n|-damage|p1a: Dragonite|21\/100\n|cant|p1a: Dragonite|flinch\n|\n|-damage|p2a: Hariyama|58\/100 brn|[from] brn\n|upkeep\n|turn|7\n|\n|t:|1682517993\n|switch|p1a: Gyarados|Gyarados, L50, F|68\/100\n|-ability|p1a: Gyarados|Intimidate|boost\n|-unboost|p2a: Hariyama|atk|1\n|-unboost|p2b: Gyarados|atk|1\n|switch|p2a: Gholdengo|Gholdengo, L50|19\/100\n|move|p2b: Gyarados|Waterfall|p1a: Gyarados\n|-resisted|p1a: Gyarados\n|-damage|p1a: Gyarados|52\/100\n|move|p1b: Ting-Lu|Rock Slide|p2a: Gholdengo|[spread] p2a\n|-miss|p1b: Ting-Lu|p2b: Gyarados\n|-resisted|p2a: Gholdengo\n|-damage|p2a: Gholdengo|12\/100\n|\n|upkeep\n|turn|8\n|\n|t:|1682518042\n|switch|p2b: Hariyama|Hariyama, L50, M|58\/100 brn\n|move|p1a: Gyarados|Iron Head|p2b: Hariyama\n|-damage|p2b: Hariyama|27\/100 brn\n|move|p2a: Gholdengo|Make It Rain|p1b: Ting-Lu|[spread] p1a,p1b\n|-resisted|p1a: Gyarados\n|-damage|p1a: Gyarados|36\/100\n|-damage|p1b: Ting-Lu|17\/100\n|-unboost|p2a: Gholdengo|spa|1\n|move|p1b: Ting-Lu|Rock Slide|p2a: Gholdengo|[spread] p2a,p2b\n|-resisted|p2a: Gholdengo\n|-resisted|p2b: Hariyama\n|-damage|p2a: Gholdengo|5\/100\n|-damage|p2b: Hariyama|18\/100 brn\n|\n|-damage|p2b: Hariyama|12\/100 brn|[from] brn\n|upkeep\n|turn|9\n|\n|t:|1682518074\n|move|p2b: Hariyama|Bullet Punch|p1b: Ting-Lu\n|-damage|p1b: Ting-Lu|4\/100\n|move|p1a: Gyarados|Iron Head|p2b: Hariyama\n|-damage|p2b: Hariyama|0 fnt\n|faint|p2b: Hariyama\n|move|p2a: Gholdengo|Make It Rain|p1b: Ting-Lu|[spread] p1a,p1b\n|-resisted|p1a: Gyarados\n|-damage|p1a: Gyarados|26\/100\n|-damage|p1b: Ting-Lu|0 fnt\n|-unboost|p2a: Gholdengo|spa|1\n|faint|p1b: Ting-Lu\n|\n|upkeep\n|\n|t:|1682518088\n|switch|p2b: Gyarados|Gyarados, L50, M|75\/100\n|switch|p1b: Dragonite|Dragonite, L50, F, tera:Flying|21\/100\n|-ability|p2b: Gyarados|Intimidate|boost\n|-unboost|p1a: Gyarados|atk|1\n|-unboost|p1b: Dragonite|atk|1\n|turn|10\n|\n|t:|1682518124\n|-terastallize|p2a: Gholdengo|Steel\n|move|p2b: Gyarados|Waterfall|p1b: Dragonite\n|-damage|p1b: Dragonite|0 fnt\n|faint|p1b: Dragonite\n|move|p2a: Gholdengo|Make It Rain|p1a: Gyarados\n|-resisted|p1a: Gyarados\n|-damage|p1a: Gyarados|9\/100\n|-unboost|p2a: Gholdengo|spa|1\n|move|p1a: Gyarados|Thunder Wave|p2b: Gyarados\n|-status|p2b: Gyarados|par\n|\n|upkeep\n|turn|11\n|\n|t:|1682518141\n|move|p1a: Gyarados|Iron Head|p2b: Gyarados\n|-resisted|p2b: Gyarados\n|-damage|p2b: Gyarados|65\/100 par\n|move|p2a: Gholdengo|Make It Rain|p1a: Gyarados\n|-resisted|p1a: Gyarados\n|-damage|p1a: Gyarados|0 fnt\n|-unboost|p2a: Gholdengo|spa|1\n|faint|p1a: Gyarados\n|\n|win|BlueTrip\n|raw|jgmn's rating: 1047 → 1033<\/strong> (-14 for losing)\n|raw|BlueTrip's rating: 1114 → 1134<\/strong> (+20 for winning)\n|c|\u2606BlueTrip|gg\n|l|\u2606jgmn\n","uploadtime":1682518151,"views":4,"p1id":"jgmn","p2id":"bluetrip","formatid":"gen9vgc2023regulationc","rating":1033,"private":0,"password":""}