{"id":"gen9vgc2023regulationc-1852758207","p1":"TGH_sr","p2":"Nightmare_King_VGC","format":"[Gen 9] VGC 2023 Regulation C","log":"|j|\u2606TGH_sr\n|j|\u2606Nightmare_King_VGC\n|t:|1682603743\n|gametype|doubles\n|player|p1|TGH_sr|steven|1415\n|player|p2|Nightmare_King_VGC|veteranf|1396\n|teamsize|p1|6\n|teamsize|p2|6\n|gen|9\n|tier|[Gen 9] VGC 2023 Regulation C\n|rated|\n|rule|Species Clause: Limit one of each Pok\u00e9mon\n|rule|Item Clause: Limit one of each item\n|clearpoke\n|poke|p1|Gyarados, L50, M|\n|poke|p1|Flutter Mane, L50|\n|poke|p1|Garchomp, L50, F|\n|poke|p1|Talonflame, L50, F|\n|poke|p1|Scizor, L50, M|\n|poke|p1|Chien-Pao, L50|\n|poke|p2|Iron Bundle, L50|\n|poke|p2|Dondozo, L50, F|\n|poke|p2|Tatsugiri, L50, M|\n|poke|p2|Dragonite, L50, M|\n|poke|p2|Chi-Yu, L50|\n|poke|p2|Glimmora, L50, F|\n|teampreview|4\nTGH_sr has agreed to open team sheets.\n|\n|t:|1682603792\n|start\n|switch|p1a: Talonflame|Talonflame, L50, F|100\/100\n|switch|p1b: Garchomp|Garchomp, L50, F|100\/100\n|switch|p2a: Glimmora|Glimmora, L50, F|100\/100\n|switch|p2b: Iron Bundle|Iron Bundle, L50|100\/100\n|-enditem|p2b: Iron Bundle|Booster Energy\n|-activate|p2b: Iron Bundle|ability: Quark Drive|[fromitem]\n|-start|p2b: Iron Bundle|quarkdrivespe\n|turn|1\n|\n|t:|1682603814\n|-terastallize|p1b: Garchomp|Steel\n|-terastallize|p2a: Glimmora|Grass\n|move|p1a: Talonflame|Brave Bird|p2b: Iron Bundle\n|-damage|p2b: Iron Bundle|55\/100\n|-damage|p1a: Talonflame|89\/100|[from] Recoil\n|move|p2b: Iron Bundle|Hydro Pump|p1b: Garchomp\n|-crit|p1b: Garchomp\n|-damage|p1b: Garchomp|19\/100\n|move|p1b: Garchomp|Earthquake|p2b: Iron Bundle|[spread] p2a,p2b\n|-immune|p1a: Talonflame\n|-resisted|p2a: Glimmora\n|-damage|p2a: Glimmora|70\/100\n|-damage|p2b: Iron Bundle|0 fnt\n|-activate|p2a: Glimmora|ability: Toxic Debris\n|-sidestart|p1: TGH_sr|move: Toxic Spikes\n|faint|p2b: Iron Bundle\n|-end|p2b: Iron Bundle|Quark Drive|[silent]\n|move|p2a: Glimmora|Power Gem|p1a: Talonflame\n|-supereffective|p1a: Talonflame\n|-damage|p1a: Talonflame|0 fnt\n|faint|p1a: Talonflame\n|\n|upkeep\n|\n|t:|1682603844\n|switch|p2b: Dondozo|Dondozo, L50, F|100\/100\n|switch|p1a: Chien-Pao|Chien-Pao, L50|100\/100\n|-status|p1a: Chien-Pao|psn\n|-ability|p1a: Chien-Pao|Sword of Ruin\n|turn|2\n|\n|t:|1682603867\n|switch|p2a: Tatsugiri|Tatsugiri, L50, M|100\/100\n|-activate|p2a: Tatsugiri|ability: Commander|[of] p2b: Dondozo\n|-boost|p2b: Dondozo|atk|2\n|-boost|p2b: Dondozo|spa|2\n|-boost|p2b: Dondozo|spe|2\n|-boost|p2b: Dondozo|def|2\n|-boost|p2b: Dondozo|spd|2\n|move|p1a: Chien-Pao|Protect|p1a: Chien-Pao\n|-singleturn|p1a: Chien-Pao|Protect\n|move|p2b: Dondozo|Earthquake|p1b: Garchomp|[spread] p1b\n|-miss|p2b: Dondozo|p2a: Tatsugiri\n|-activate|p1a: Chien-Pao|move: Protect\n|-supereffective|p1b: Garchomp\n|-damage|p1b: Garchomp|0 fnt\n|faint|p1b: Garchomp\n|\n|-damage|p1a: Chien-Pao|88\/100 psn|[from] psn\n|upkeep\n|\n|t:|1682603884\n|switch|p1b: Flutter Mane|Flutter Mane, L50|100\/100\n|-status|p1b: Flutter Mane|psn\n|-enditem|p1b: Flutter Mane|Booster Energy\n|-activate|p1b: Flutter Mane|ability: Protosynthesis|[fromitem]\n|-start|p1b: Flutter Mane|protosynthesisspa\n|turn|3\n|\n|t:|1682603893\n|move|p1a: Chien-Pao|Haze|p1a: Chien-Pao\n|-clearallboost\n|move|p1b: Flutter Mane|Thunderbolt|p2b: Dondozo\n|-supereffective|p2b: Dondozo\n|-damage|p2b: Dondozo|17\/100\n|move|p2b: Dondozo|Earthquake|p1a: Chien-Pao|[spread] p1a,p1b\n|-miss|p2b: Dondozo|p2a: Tatsugiri\n|-damage|p1a: Chien-Pao|59\/100 psn\n|-damage|p1b: Flutter Mane|50\/100 psn\n|\n|-heal|p2b: Dondozo|24\/100|[from] item: Leftovers\n|-damage|p1a: Chien-Pao|47\/100 psn|[from] psn\n|-damage|p1b: Flutter Mane|38\/100 psn|[from] psn\n|upkeep\n|turn|4\n|\n|t:|1682603910\n|move|p2b: Dondozo|Protect|p2b: Dondozo\n|-singleturn|p2b: Dondozo|Protect\n|move|p1a: Chien-Pao|Throat Chop|p2b: Dondozo\n|-activate|p2b: Dondozo|move: Protect\n|move|p1b: Flutter Mane|Moonblast|p2a: Tatsugiri|[miss]\n|-miss|p1b: Flutter Mane|p2a: Tatsugiri\n|\n|-heal|p2b: Dondozo|30\/100|[from] item: Leftovers\n|-damage|p1a: Chien-Pao|35\/100 psn|[from] psn\n|-damage|p1b: Flutter Mane|25\/100 psn|[from] psn\n|upkeep\n|turn|5\n|\n|t:|1682603923\n|move|p2b: Dondozo|Protect||[still]\n|-fail|p2b: Dondozo\n|move|p1a: Chien-Pao|Throat Chop|p2b: Dondozo\n|-damage|p2b: Dondozo|0 fnt\n|faint|p2b: Dondozo\n|move|p1b: Flutter Mane|Moonblast|p2a: Tatsugiri\n|-supereffective|p2a: Tatsugiri\n|-damage|p2a: Tatsugiri|0 fnt\n|faint|p2a: Tatsugiri\n|\n|-damage|p1a: Chien-Pao|23\/100 psn|[from] psn\n|-damage|p1b: Flutter Mane|13\/100 psn|[from] psn\n|upkeep\n|\n|t:|1682603931\n|switch|p2b: Glimmora|Glimmora, L50, F, tera:Grass|70\/100\n|turn|6\n|\n|t:|1682603941\n|move|p1a: Chien-Pao|Ice Spinner|p2b: Glimmora\n|-supereffective|p2b: Glimmora\n|-damage|p2b: Glimmora|0 fnt\n|-activate|p2b: Glimmora|ability: Toxic Debris\n|-sidestart|p1: TGH_sr|move: Toxic Spikes\n|faint|p2b: Glimmora\n|\n|win|TGH_sr\n|raw|TGH_sr's rating: 1415 → 1434<\/strong> (+19 for winning)\n|raw|Nightmare_King_VGC's rating: 1396 → 1377<\/strong> (-19 for losing)\n|l|\u2606Nightmare_King_VGC\n","uploadtime":1682603962,"views":12,"p1id":"tghsr","p2id":"nightmarekingvgc","formatid":"gen9vgc2023regulationc","rating":1377,"private":0,"password":""}