{"id":"gen9vgc2023regulationc-1864428738","p1":"KyoKagami","p2":"Moooboo","format":"[Gen 9] VGC 2023 Regulation C","log":"|j|\u2606KyoKagami\n|j|\u2606Moooboo\n|t:|1684165889\n|gametype|doubles\n|player|p1|KyoKagami|dawn-gen4pt|1084\n|player|p2|Moooboo|dancer|1099\n|teamsize|p1|6\n|teamsize|p2|6\n|gen|9\n|tier|[Gen 9] VGC 2023 Regulation C\n|rated|\n|rule|Species Clause: Limit one of each Pok\u00e9mon\n|rule|Item Clause: Limit one of each item\n|clearpoke\n|poke|p1|Chi-Yu, L50|\n|poke|p1|Ting-Lu, L50|\n|poke|p1|Flutter Mane, L50|\n|poke|p1|Murkrow, L50, M|\n|poke|p1|Amoonguss, L50, M|\n|poke|p1|Arcanine, L50, M|\n|poke|p2|Flutter Mane, L50|\n|poke|p2|Crocalor, L50, M|\n|poke|p2|Gholdengo, L50|\n|poke|p2|Chien-Pao, L50|\n|poke|p2|Krookodile, L50, M|\n|poke|p2|Iron Bundle, L50|\n|teampreview|4\n|inactive|Battle timer is ON: inactive players will automatically lose when time's up. (requested by KyoKagami)\nMoooboo rejected open team sheets.\n|inactive|KyoKagami has 60 seconds left.\n|\n|t:|1684165942\n|start\n|switch|p1a: Flutter Mane|Flutter Mane, L50|100\/100\n|switch|p1b: Arcanine|Arcanine, L50, M, shiny|100\/100\n|switch|p2a: Crocalor|Crocalor, L50, M|100\/100\n|switch|p2b: Iron Bundle|Iron Bundle, L50, shiny|100\/100\n|-ability|p1b: Arcanine|Intimidate|boost\n|-unboost|p2a: Crocalor|atk|1\n|-unboost|p2b: Iron Bundle|atk|1\n|-enditem|p1a: Flutter Mane|Booster Energy\n|-activate|p1a: Flutter Mane|ability: Protosynthesis|[fromitem]\n|-start|p1a: Flutter Mane|protosynthesisspa\n|turn|1\n|inactive|KyoKagami has 30 seconds left.\n|inactive|KyoKagami has 20 seconds left.\n|inactive|KyoKagami has 15 seconds left.\n|inactive|KyoKagami has 10 seconds left.\n|inactive|KyoKagami has 5 seconds left.\n|\n|t:|1684165997\n|move|p2b: Iron Bundle|Protect|p2b: Iron Bundle\n|-singleturn|p2b: Iron Bundle|Protect\n|move|p1a: Flutter Mane|Dazzling Gleam|p2b: Iron Bundle|[spread] p2a\n|-activate|p2b: Iron Bundle|move: Protect\n|-resisted|p2a: Crocalor\n|-damage|p2a: Crocalor|88\/100\n|move|p1b: Arcanine|Flare Blitz|p2b: Iron Bundle\n|-activate|p2b: Iron Bundle|move: Protect\n|move|p2a: Crocalor|Yawn|p1a: Flutter Mane\n|-start|p1a: Flutter Mane|move: Yawn|[of] p2a: Crocalor\n|\n|upkeep\n|turn|2\n|inactive|KyoKagami has 30 seconds left.\n|inactive|Moooboo has 30 seconds left.\n|\n|t:|1684166023\n|-terastallize|p2b: Iron Bundle|Water\n|move|p1b: Arcanine|Extreme Speed|p2a: Crocalor\n|-damage|p2a: Crocalor|68\/100\n|move|p2b: Iron Bundle|Tera Blast|p1b: Arcanine\n|-supereffective|p1b: Arcanine\n|-damage|p1b: Arcanine|0 fnt\n|faint|p1b: Arcanine\n|move|p2a: Crocalor|Yawn||[still]\n|-fail|p2a: Crocalor\n|move|p1a: Flutter Mane|Trick Room|p1a: Flutter Mane\n|-fieldstart|move: Trick Room|[of] p1a: Flutter Mane\n|-enditem|p2b: Iron Bundle|Room Service\n|-unboost|p2b: Iron Bundle|spe|1|[from] item: Room Service\n|\n|-end|p1a: Flutter Mane|move: Yawn|[silent]\n|-status|p1a: Flutter Mane|slp\n|upkeep\n|\n|t:|1684166042\n|switch|p1b: Ting-Lu|Ting-Lu, L50|100\/100\n|-ability|p1b: Ting-Lu|Vessel of Ruin\n|turn|3\n|\n|t:|1684166057\n|-end|p1a: Flutter Mane|Protosynthesis|[silent]\n|switch|p1a: Amoonguss|Amoonguss, L50, M|100\/100\n|-terastallize|p1b: Ting-Lu|Poison\n|move|p1b: Ting-Lu|Earthquake|p2a: Crocalor|[spread] p1a,p2a,p2b\n|-supereffective|p2a: Crocalor\n|-damage|p1a: Amoonguss|70\/100\n|-damage|p2a: Crocalor|10\/100\n|-damage|p2b: Iron Bundle|54\/100\n|move|p2a: Crocalor|Will-O-Wisp|p1b: Ting-Lu\n|-status|p1b: Ting-Lu|brn\n|move|p2b: Iron Bundle|Tera Blast|p1b: Ting-Lu\n|-damage|p1b: Ting-Lu|81\/100 brn\n|\n|-damage|p1b: Ting-Lu|75\/100 brn|[from] brn\n|upkeep\n|turn|4\n|inactive|Moooboo has 30 seconds left.\n|\n|t:|1684166087\n|move|p2b: Iron Bundle|Protect|p2b: Iron Bundle\n|-singleturn|p2b: Iron Bundle|Protect\n|move|p1a: Amoonguss|Spore|p2b: Iron Bundle\n|-activate|p2b: Iron Bundle|move: Protect\n|move|p1b: Ting-Lu|Earthquake|p2a: Crocalor|[spread] p1a,p2a\n|-activate|p2b: Iron Bundle|move: Protect\n|-supereffective|p2a: Crocalor\n|-damage|p1a: Amoonguss|54\/100\n|-damage|p2a: Crocalor|0 fnt\n|faint|p2a: Crocalor\n|\n|-damage|p1b: Ting-Lu|70\/100 brn|[from] brn\n|upkeep\n|\n|t:|1684166100\n|switch|p2a: Coco|Krookodile, L50, M|100\/100\n|turn|5\n|inactive|KyoKagami has 30 seconds left.\n|\n|t:|1684166127\n|move|p1a: Amoonguss|Spore|p2b: Iron Bundle\n|-status|p2b: Iron Bundle|slp|[from] move: Spore\n|move|p1b: Ting-Lu|Ruination|p2a: Coco\n|-damage|p2a: Coco|50\/100\n|cant|p2b: Iron Bundle|slp\n|move|p2a: Coco|Crunch|p1b: Ting-Lu\n|-damage|p1b: Ting-Lu|48\/100 brn\n|\n|-damage|p1b: Ting-Lu|42\/100 brn|[from] brn\n|upkeep\n|turn|6\n|inactive|Moooboo has 30 seconds left.\n|\n|t:|1684166159\n|cant|p2b: Iron Bundle|slp\n|move|p1a: Amoonguss|Spore|p2a: Coco\n|-status|p2a: Coco|slp|[from] move: Spore\n|move|p1b: Ting-Lu|Stomping Tantrum|p2b: Iron Bundle\n|-damage|p2b: Iron Bundle|31\/100 slp\n|cant|p2a: Coco|slp\n|\n|-damage|p1b: Ting-Lu|36\/100 brn|[from] brn\n|-fieldend|move: Trick Room\n|upkeep\n|turn|7\n|inactive|KyoKagami has 30 seconds left.\n|\n|t:|1684166190\n|-curestatus|p2b: Iron Bundle|slp|[msg]\n|move|p2b: Iron Bundle|Protect|p2b: Iron Bundle\n|-singleturn|p2b: Iron Bundle|Protect\n|cant|p2a: Coco|slp\n|move|p1b: Ting-Lu|Stomping Tantrum|p2b: Iron Bundle\n|-activate|p2b: Iron Bundle|move: Protect\n|move|p1a: Amoonguss|Pollen Puff|p2b: Iron Bundle\n|-activate|p2b: Iron Bundle|move: Protect\n|\n|-damage|p1b: Ting-Lu|30\/100 brn|[from] brn\n|upkeep\n|turn|8\n|\n|t:|1684166206\n|-end|p2b: Iron Bundle|Quark Drive|[silent]\n|switch|p2b: Flutter Mane|Flutter Mane, L50|100\/100\n|-enditem|p2b: Flutter Mane|Booster Energy\n|-activate|p2b: Flutter Mane|ability: Protosynthesis|[fromitem]\n|-start|p2b: Flutter Mane|protosynthesisspe\n|-curestatus|p2a: Coco|slp|[msg]\n|move|p2a: Coco|Taunt|p1a: Amoonguss\n|-start|p1a: Amoonguss|move: Taunt\n|move|p1b: Ting-Lu|Stomping Tantrum|p2b: Flutter Mane\n|-damage|p2b: Flutter Mane|59\/100\n|move|p1a: Amoonguss|Pollen Puff|p1b: Ting-Lu\n|-heal|p1b: Ting-Lu|80\/100 brn\n|\n|-damage|p1b: Ting-Lu|74\/100 brn|[from] brn\n|upkeep\n|turn|9\n|inactive|KyoKagami has 30 seconds left.\n|inactive|KyoKagami has 20 seconds left.\n|\n|t:|1684166243\n|-end|p2b: Flutter Mane|Protosynthesis|[silent]\n|switch|p2b: Iron Bundle|Iron Bundle, L50, shiny, tera:Water|31\/100\n|switch|p1a: Flutter Mane|Flutter Mane, L50|100\/100 slp\n|move|p2a: Coco|Crunch|p1a: Flutter Mane\n|-damage|p1a: Flutter Mane|48\/100 slp\n|move|p1b: Ting-Lu|Ruination|p2b: Iron Bundle\n|-damage|p2b: Iron Bundle|16\/100\n|\n|-damage|p1b: Ting-Lu|68\/100 brn|[from] brn\n|upkeep\n|turn|10\n|\n|t:|1684166266\n|-end|p1a: Flutter Mane|Protosynthesis|[silent]\n|switch|p1a: Amoonguss|Amoonguss, L50, M|87\/100\n|move|p2b: Iron Bundle|Protect|p2b: Iron Bundle\n|-singleturn|p2b: Iron Bundle|Protect\n|move|p2a: Coco|Earthquake|p1b: Ting-Lu|[spread] p1a,p1b\n|-activate|p2b: Iron Bundle|move: Protect\n|-supereffective|p1b: Ting-Lu\n|-damage|p1a: Amoonguss|57\/100\n|-damage|p1b: Ting-Lu|23\/100 brn\n|move|p1b: Ting-Lu|Stomping Tantrum|p2b: Iron Bundle\n|-activate|p2b: Iron Bundle|move: Protect\n|\n|-damage|p1b: Ting-Lu|17\/100 brn|[from] brn\n|upkeep\n|turn|11\n|inactive|KyoKagami has 30 seconds left.\n|inactive|Moooboo has 30 seconds left.\n|\n|t:|1684166299\n|switch|p1b: Flutter Mane|Flutter Mane, L50|48\/100 slp\n|move|p2b: Iron Bundle|Freeze-Dry|p1a: Amoonguss\n|-supereffective|p1a: Amoonguss\n|-damage|p1a: Amoonguss|0 fnt\n|faint|p1a: Amoonguss\n|move|p2a: Coco|Outrage|p1b: Flutter Mane\n|-immune|p1b: Flutter Mane\n|\n|upkeep\n|\n|t:|1684166306\n|switch|p1a: Ting-Lu|Ting-Lu, L50, tera:Poison|17\/100 brn\n|-ability|p1a: Ting-Lu|Vessel of Ruin\n|turn|12\n|-message|KyoKagami forfeited.\n|\n|win|Moooboo\n|raw|KyoKagami's rating: 1084 → 1062<\/strong> (-22 for losing)\n|raw|Moooboo's rating: 1099 → 1123<\/strong> (+24 for winning)\n|l|\u2606KyoKagami\n","uploadtime":1684166357,"views":2,"p1id":"kyokagami","p2id":"moooboo","formatid":"gen9vgc2023regulationc","rating":1062,"private":0,"password":""}