{"id":"gen9vgc2023regulationc-1852885823","p1":"Jbenn","p2":"Draxolotl","format":"[Gen 9] VGC 2023 Regulation C","log":"|j|\u2606Jbenn\n|j|\u2606Draxolotl\n|t:|1682614501\n|gametype|doubles\n|player|p1|Jbenn|steven|\n|player|p2|Draxolotl|iris-gen5bw2|\n|teamsize|p1|6\n|teamsize|p2|6\n|gen|9\n|tier|[Gen 9] VGC 2023 Regulation C\n|rated|Tournament battle\n|rule|Species Clause: Limit one of each Pok\u00e9mon\n|rule|Item Clause: Limit one of each item\n|clearpoke\n|poke|p1|Roaring Moon, L50|\n|poke|p1|Great Tusk, L50|\n|poke|p1|Gholdengo, L50|\n|poke|p1|Hariyama, L50, F|\n|poke|p1|Mimikyu, L50, F|\n|poke|p1|Gyarados, L50, M|\n|poke|p2|Dondozo, L50, F|\n|poke|p2|Tatsugiri-Stretchy, L50, M|\n|poke|p2|Chi-Yu, L50|\n|poke|p2|Flutter Mane, L50|\n|poke|p2|Amoonguss, L50, F|\n|poke|p2|Iron Hands, L50|\n|teampreview|4\n|inactive|Battle timer is ON: inactive players will automatically lose when time's up. (requested by Draxolotl)\nDraxolotl has agreed to open team sheets.\nJbenn has agreed to open team sheets.\n|inactive|Jbenn has 60 seconds left.\n|inactive|Draxolotl has 60 seconds left.\n|inactive|Jbenn has 30 seconds left.\n|inactive|Jbenn has 20 seconds left.\n|inactive|Jbenn has 15 seconds left.\n|inactive|Jbenn has 10 seconds left.\n|\n|t:|1682614585\n|start\n|switch|p1a: Yokozuna|Hariyama, L50, F, shiny|100\/100\n|switch|p1b: Casper|Mimikyu, L50, F|100\/100\n|switch|p2a: Flutter Mane|Flutter Mane, L50|100\/100\n|switch|p2b: Dondozo|Dondozo, L50, F|100\/100\n|turn|1\n|inactive|Jbenn has 30 seconds left.\n|inactive|Draxolotl has 30 seconds left.\n|inactive|Jbenn has 20 seconds left.\n|inactive|Jbenn has 15 seconds left.\n|inactive|Jbenn has 10 seconds left.\n|\n|t:|1682614633\n|switch|p2b: Fry Up|Amoonguss, L50, F|100\/100\n|-terastallize|p1a: Yokozuna|Steel\n|move|p1b: Casper|Protect|p1b: Casper\n|-singleturn|p1b: Casper|Protect\n|move|p2a: Flutter Mane|Moonblast|p1a: Yokozuna\n|-resisted|p1a: Yokozuna\n|-damage|p1a: Yokozuna|66\/100\n|move|p1a: Yokozuna|Iron Head|p2a: Flutter Mane\n|-supereffective|p2a: Flutter Mane\n|-damage|p2a: Flutter Mane|0 fnt\n|faint|p2a: Flutter Mane\n|-end|p2a: Flutter Mane|Protosynthesis|[silent]\n|\n|upkeep\n|\n|t:|1682614646\n|switch|p2a: Dondozo|Dondozo, L50, F|100\/100\n|turn|2\n|\n|t:|1682614655\n|switch|p1a: Haku|Gyarados, L50, M, shiny|100\/100\n|-ability|p1a: Haku|Intimidate|boost\n|-fail|p2a: Dondozo|unboost|Attack|[from] ability: Oblivious|[of] p2a: Dondozo\n|-unboost|p2b: Fry Up|atk|1\n|move|p2a: Dondozo|Protect|p2a: Dondozo\n|-singleturn|p2a: Dondozo|Protect\n|move|p1b: Casper|Curse|p2b: Fry Up\n|-start|p2b: Fry Up|Curse|[of] p1b: Casper\n|-damage|p1b: Casper|50\/100\n|-enditem|p1b: Casper|Sitrus Berry|[eat]\n|-heal|p1b: Casper|75\/100|[from] item: Sitrus Berry\n|move|p2b: Fry Up|Spore|p1b: Casper\n|-status|p1b: Casper|slp|[from] move: Spore\n|\n|-damage|p2b: Fry Up|76\/100|[from] Curse\n|upkeep\n|turn|3\n|inactive|Jbenn has 30 seconds left.\n|inactive|Draxolotl has 30 seconds left.\n|\n|t:|1682614686\n|switch|p2b: Tatsugiri|Tatsugiri-Stretchy, L50, M|100\/100\n|-activate|p2b: Tatsugiri|ability: Commander|[of] p2a: Dondozo\n|-boost|p2a: Dondozo|atk|2\n|-boost|p2a: Dondozo|spa|2\n|-boost|p2a: Dondozo|spe|2\n|-boost|p2a: Dondozo|def|2\n|-boost|p2a: Dondozo|spd|2\n|-terastallize|p2a: Dondozo|Grass\n|move|p2a: Dondozo|Order Up|p1a: Haku\n|-damage|p1a: Haku|61\/100\n|-boost|p2a: Dondozo|spe|1\n|move|p1a: Haku|Thunder Wave|p2a: Dondozo\n|-status|p2a: Dondozo|par\n|cant|p1b: Casper|slp\n|\n|upkeep\n|turn|4\n|inactive|Jbenn has 30 seconds left.\n|inactive|Jbenn has 20 seconds left.\n|inactive|Jbenn has 15 seconds left.\n|\n|t:|1682614728\n|switch|p1a: Yokozuna|Hariyama, L50, F, shiny, tera:Steel|66\/100\n|-curestatus|p1b: Casper|slp|[msg]\n|move|p1b: Casper|Curse|p2a: Dondozo\n|-start|p2a: Dondozo|Curse|[of] p1b: Casper\n|-damage|p1b: Casper|25\/100\n|move|p2a: Dondozo|Tera Blast|p1a: Yokozuna\n|-resisted|p1a: Yokozuna\n|-damage|p1a: Yokozuna|32\/100\n|\n|-damage|p2a: Dondozo|76\/100 par|[from] Curse\n|upkeep\n|turn|5\n|inactive|Jbenn has 30 seconds left.\n|inactive|Jbenn has 20 seconds left.\n|inactive|Jbenn has 15 seconds left.\n|\n|t:|1682614768\n|move|p2a: Dondozo|Protect|p2a: Dondozo\n|-singleturn|p2a: Dondozo|Protect\n|move|p1a: Yokozuna|Fake Out|p2a: Dondozo\n|-activate|p2a: Dondozo|move: Protect\n|move|p1b: Casper|Play Rough|p2a: Dondozo\n|-activate|p2a: Dondozo|move: Protect\n|\n|-heal|p2a: Dondozo|82\/100 par|[from] item: Leftovers\n|-damage|p2a: Dondozo|57\/100 par|[from] Curse\n|upkeep\n|turn|6\n|inactive|Jbenn has 30 seconds left.\n|inactive|Jbenn has 20 seconds left.\n|inactive|Jbenn has 15 seconds left.\n|inactive|Jbenn has 10 seconds left.\n|inactive|Jbenn has 5 seconds left.\n|\n|t:|1682614819\n|switch|p1a: Haku|Gyarados, L50, M, shiny|61\/100\n|-ability|p1a: Haku|Intimidate|boost\n|-fail|p2a: Dondozo|unboost|Attack|[from] ability: Oblivious|[of] p2a: Dondozo\n|-unboost|p2b: Tatsugiri|atk|1\n|move|p1b: Casper|Play Rough|p2a: Dondozo|[miss]\n|-miss|p1b: Casper|p2a: Dondozo\n|move|p2a: Dondozo|Order Up|p1a: Haku\n|-damage|p1a: Haku|24\/100\n|-boost|p2a: Dondozo|spe|1\n|\n|-heal|p2a: Dondozo|63\/100 par|[from] item: Leftovers\n|-damage|p2a: Dondozo|39\/100 par|[from] Curse\n|upkeep\n|turn|7\n|c|\u2606Jbenn|fun in the sun\n|inactive|Jbenn has 30 seconds left.\n|\n|t:|1682614850\n|switch|p1a: Yokozuna|Hariyama, L50, F, shiny, tera:Steel|32\/100\n|cant|p2a: Dondozo|par\n|move|p1b: Casper|Play Rough|p2a: Dondozo\n|-damage|p2a: Dondozo|25\/100 par\n|\n|-heal|p2a: Dondozo|31\/100 par|[from] item: Leftovers\n|-damage|p2a: Dondozo|6\/100 par|[from] Curse\n|upkeep\n|turn|8\n|\n|t:|1682614861\n|move|p1a: Yokozuna|Fake Out|p2a: Dondozo\n|-damage|p2a: Dondozo|1\/100 par\n|cant|p2a: Dondozo|flinch\n|move|p1b: Casper|Trick Room|p1b: Casper\n|-fieldstart|move: Trick Room|[of] p1b: Casper\n|\n|-heal|p2a: Dondozo|8\/100 par|[from] item: Leftovers\n|-damage|p2a: Dondozo|0 fnt|[from] Curse\n|faint|p2a: Dondozo\n|upkeep\n|\n|t:|1682614869\n|switch|p2a: Fry Up|Amoonguss, L50, F|100\/100\n|turn|9\n|\n|t:|1682614886\n|move|p2a: Fry Up|Spore|p1b: Casper\n|-status|p1b: Casper|slp|[from] move: Spore\n|move|p1a: Yokozuna|Close Combat|p2b: Tatsugiri\n|-damage|p2b: Tatsugiri|0 fnt\n|-unboost|p1a: Yokozuna|def|1\n|-unboost|p1a: Yokozuna|spd|1\n|faint|p2b: Tatsugiri\n|cant|p1b: Casper|slp\n|\n|upkeep\n|turn|10\n|\n|t:|1682614911\n|move|p2a: Fry Up|Spore|p1a: Yokozuna\n|-status|p1a: Yokozuna|slp|[from] move: Spore\n|cant|p1a: Yokozuna|slp\n|cant|p1b: Casper|slp\n|\n|upkeep\n|turn|11\n|\n|t:|1682614918\n|move|p2a: Fry Up|Clear Smog|p1b: Casper\n|-activate|p1b: Casper|ability: Disguise\n|-damage|p1b: Casper|25\/100 slp\n|-clearboost|p1b: Casper\n|detailschange|p1b: Casper|Mimikyu-Busted, L50, F\n|-damage|p1b: Casper|13\/100 slp|[from] pokemon: Mimikyu-Busted\n|cant|p1a: Yokozuna|slp\n|-curestatus|p1b: Casper|slp|[msg]\n|move|p1b: Casper|Trick Room|p1b: Casper\n|-fieldend|move: Trick Room\n|\n|upkeep\n|turn|12\n|\n|t:|1682614935\n|move|p1b: Casper|Curse|p2a: Fry Up\n|-start|p2a: Fry Up|Curse|[of] p1b: Casper\n|-damage|p1b: Casper|0 fnt\n|faint|p1b: Casper\n|cant|p1a: Yokozuna|slp\n|move|p2a: Fry Up|Clear Smog|p1a: Yokozuna\n|-immune|p1a: Yokozuna\n|\n|-damage|p2a: Fry Up|76\/100|[from] Curse\n|upkeep\n|c|\u2606Jbenn|good game\n|c|\u2606Draxolotl|yeah gg\n|\n|t:|1682614946\n|switch|p1b: Haku|Gyarados, L50, M, shiny|24\/100\n|-ability|p1b: Haku|Intimidate|boost\n|-unboost|p2a: Fry Up|atk|1\n|turn|13\n|c|\u2606Draxolotl|that mimiku is a pain lol\n|c|\u2606Jbenn|yeah he is\n|\n|t:|1682614959\n|move|p1b: Haku|Taunt|p2a: Fry Up\n|-start|p2a: Fry Up|move: Taunt\n|-curestatus|p1a: Yokozuna|slp|[msg]\n|move|p1a: Yokozuna|Iron Head|p2a: Fry Up\n|-damage|p2a: Fry Up|43\/100\n|cant|p2a: Fry Up|flinch\n|\n|-damage|p2a: Fry Up|18\/100|[from] Curse\n|upkeep\n|-enditem|p2a: Fry Up|Aguav Berry|[eat]\n|-heal|p2a: Fry Up|51\/100|[from] item: Aguav Berry\n|turn|14\n|-message|Draxolotl forfeited.\n|\n|win|Jbenn\n|n|\u2606Jbenn|jbenn\n|n|\u2606Draxolotl|draxolotl\n|l|\u2606Draxolotl\n","uploadtime":1682614980,"views":7,"p1id":"jbenn","p2id":"draxolotl","formatid":"gen9vgc2023regulationc","rating":0,"private":0,"password":""}