{"id":"gen9vgc2023regulationc-1858317061","p1":"BenjiBankroll","p2":"clamps1","format":"[Gen 9] VGC 2023 Regulation C","log":"|j|\u2606BenjiBankroll\n|j|\u2606clamps1\n|t:|1683301375\n|gametype|doubles\n|player|p1|BenjiBankroll|170|1124\n|player|p2|clamps1|2|1157\n|teamsize|p1|6\n|teamsize|p2|6\n|gen|9\n|tier|[Gen 9] VGC 2023 Regulation C\n|rated|\n|rule|Species Clause: Limit one of each Pok\u00e9mon\n|rule|Item Clause: Limit one of each item\n|clearpoke\n|poke|p1|Dondozo, L50, F|\n|poke|p1|Tatsugiri-Droopy, L50, M|\n|poke|p1|Glimmora, L50, M|\n|poke|p1|Chi-Yu, L50|\n|poke|p1|Flutter Mane, L50|\n|poke|p1|Dragonite, L50, M|\n|poke|p2|Iron Bundle, L50|\n|poke|p2|Arcanine, L50, M|\n|poke|p2|Bronzong, L50|\n|poke|p2|Flutter Mane, L50|\n|poke|p2|Abomasnow, L50, M|\n|poke|p2|Iron Hands, L50|\n|teampreview|4\n|inactive|Battle timer is ON: inactive players will automatically lose when time's up. (requested by clamps1)\n|\n|t:|1683301414\n|start\n|switch|p1a: Tatsugiri|Tatsugiri-Droopy, L50, M|100\/100\n|switch|p1b: Glimmora|Glimmora, L50, M|100\/100\n|switch|p2a: Bronzong|Bronzong, L50|100\/100\n|switch|p2b: Abomasnow|Abomasnow, L50, M|100\/100\n|-weather|Snow|[from] ability: Snow Warning|[of] p2b: Abomasnow\n|turn|1\n|inactive|BenjiBankroll has 30 seconds left.\n|inactive|clamps1 has 30 seconds left.\n|inactive|clamps1 has 20 seconds left.\n|inactive|clamps1 has 15 seconds left.\n|\n|t:|1683301459\n|-terastallize|p1a: Tatsugiri|Ghost\n|move|p2b: Abomasnow|Protect|p2b: Abomasnow\n|-singleturn|p2b: Abomasnow|Protect\n|move|p1b: Glimmora|Mortal Spin|p2b: Abomasnow|[spread] \n|-activate|p2b: Abomasnow|move: Protect\n|-immune|p2a: Bronzong\n|move|p1a: Tatsugiri|Tera Blast|p2a: Bronzong\n|-supereffective|p2a: Bronzong\n|-damage|p2a: Bronzong|10\/100\n|move|p2a: Bronzong|Trick Room|p2a: Bronzong\n|-fieldstart|move: Trick Room|[of] p2a: Bronzong\n|\n|-weather|Snow|[upkeep]\n|upkeep\n|turn|2\n|\n|t:|1683301483\n|move|p2a: Bronzong|Gyro Ball|p2b: Abomasnow\n|-supereffective|p2b: Abomasnow\n|-damage|p2b: Abomasnow|73\/100\n|-enditem|p2b: Abomasnow|Weakness Policy\n|-boost|p2b: Abomasnow|atk|2|[from] item: Weakness Policy\n|-boost|p2b: Abomasnow|spa|2|[from] item: Weakness Policy\n|move|p2b: Abomasnow|Blizzard|p1b: Glimmora|[spread] p1a,p1b\n|-damage|p1a: Tatsugiri|7\/100\n|-damage|p1b: Glimmora|47\/100\n|move|p1a: Tatsugiri|Tera Blast|p2a: Bronzong\n|-supereffective|p2a: Bronzong\n|-damage|p2a: Bronzong|0 fnt\n|faint|p2a: Bronzong\n|move|p1b: Glimmora|Power Gem|p2b: Abomasnow\n|-supereffective|p2b: Abomasnow\n|-damage|p2b: Abomasnow|0 fnt\n|faint|p2b: Abomasnow\n|\n|-weather|Snow|[upkeep]\n|upkeep\n|\n|t:|1683301498\n|switch|p2a: Iron Hands|Iron Hands, L50|100\/100\n|switch|p2b: Arcanine|Arcanine, L50, M|100\/100\n|-ability|p2b: Arcanine|Intimidate|boost\n|-unboost|p1a: Tatsugiri|atk|1\n|-unboost|p1b: Glimmora|atk|1\n|turn|3\n|\n|t:|1683301514\n|switch|p1a: Dondozo|Dondozo, L50, F|100\/100\n|move|p2a: Iron Hands|Wild Charge|p1b: Glimmora\n|-damage|p1b: Glimmora|0 fnt\n|-activate|p1b: Glimmora|ability: Toxic Debris\n|-sidestart|p2: clamps1|move: Toxic Spikes\n|faint|p1b: Glimmora\n|-damage|p2a: Iron Hands|91\/100|[from] Recoil\n|move|p2b: Arcanine|Will-O-Wisp|p1a: Dondozo\n|-status|p1a: Dondozo|brn\n|\n|-weather|Snow|[upkeep]\n|-damage|p1a: Dondozo|95\/100 brn|[from] brn\n|upkeep\n|\n|t:|1683301529\n|switch|p1b: Tatsugiri|Tatsugiri-Droopy, L50, M, tera:Ghost|7\/100\n|turn|4\n|inactive|clamps1 has 30 seconds left.\n|c|\u2606clamps1|No commander??\n|inactive|clamps1 has 20 seconds left.\n|c|\u2606BenjiBankroll|Nope\n|\n|t:|1683301569\n|switch|p1b: Chi-Yu|Chi-Yu, L50|100\/100\n|-ability|p1b: Chi-Yu|Beads of Ruin\n|move|p1a: Dondozo|Protect|p1a: Dondozo\n|-singleturn|p1a: Dondozo|Protect\n|move|p2a: Iron Hands|Wild Charge|p1a: Dondozo\n|-activate|p1a: Dondozo|move: Protect\n|move|p2b: Arcanine|Flare Blitz|p1b: Chi-Yu\n|-resisted|p1b: Chi-Yu\n|-damage|p1b: Chi-Yu|65\/100\n|-damage|p2b: Arcanine|92\/100|[from] Recoil\n|\n|-weather|Snow|[upkeep]\n|-damage|p1a: Dondozo|89\/100 brn|[from] brn\n|upkeep\n|turn|5\n|inactive|BenjiBankroll has 30 seconds left.\n|\n|t:|1683301599\n|move|p2b: Arcanine|Extreme Speed|p1b: Chi-Yu\n|-damage|p1b: Chi-Yu|34\/100\n|move|p1a: Dondozo|Wave Crash|p2b: Arcanine\n|-supereffective|p2b: Arcanine\n|-damage|p2b: Arcanine|45\/100\n|-enditem|p2b: Arcanine|Sitrus Berry|[eat]\n|-heal|p2b: Arcanine|70\/100|[from] item: Sitrus Berry\n|-damage|p1a: Dondozo|76\/100 brn|[from] Recoil\n|move|p2a: Iron Hands|Wild Charge|p1a: Dondozo\n|-supereffective|p1a: Dondozo\n|-damage|p1a: Dondozo|17\/100 brn\n|-enditem|p1a: Dondozo|Sitrus Berry|[eat]\n|-heal|p1a: Dondozo|42\/100 brn|[from] item: Sitrus Berry\n|-damage|p2a: Iron Hands|76\/100|[from] Recoil\n|move|p1b: Chi-Yu|Flamethrower|p2a: Iron Hands\n|-damage|p2a: Iron Hands|42\/100\n|\n|-weather|none\n|-damage|p1a: Dondozo|36\/100 brn|[from] brn\n|-fieldend|move: Trick Room\n|upkeep\n|turn|6\n|inactive|BenjiBankroll has 30 seconds left.\n|\n|t:|1683301630\n|move|p1b: Chi-Yu|Flamethrower|p2a: Iron Hands\n|-damage|p2a: Iron Hands|11\/100\n|move|p2b: Arcanine|Flare Blitz|p1a: Dondozo\n|-resisted|p1a: Dondozo\n|-damage|p1a: Dondozo|24\/100 brn\n|-damage|p2b: Arcanine|65\/100|[from] Recoil\n|move|p2a: Iron Hands|Drain Punch|p1b: Chi-Yu\n|-supereffective|p1b: Chi-Yu\n|-damage|p1b: Chi-Yu|0 fnt\n|-heal|p2a: Iron Hands|22\/100|[from] drain|[of] p1b: Chi-Yu\n|faint|p1b: Chi-Yu\n|move|p1a: Dondozo|Wave Crash|p2b: Arcanine\n|-supereffective|p2b: Arcanine\n|-damage|p2b: Arcanine|19\/100\n|-damage|p1a: Dondozo|12\/100 brn|[from] Recoil\n|\n|-damage|p1a: Dondozo|6\/100 brn|[from] brn\n|upkeep\n|\n|t:|1683301646\n|switch|p1b: Tatsugiri|Tatsugiri-Droopy, L50, M, tera:Ghost|7\/100\n|turn|7\n|\n|t:|1683301656\n|move|p2b: Arcanine|Protect|p2b: Arcanine\n|-singleturn|p2b: Arcanine|Protect\n|move|p1b: Tatsugiri|Muddy Water|p2a: Iron Hands|[spread] p2a\n|-activate|p2b: Arcanine|move: Protect\n|-damage|p2a: Iron Hands|0 fnt\n|faint|p2a: Iron Hands\n|-end|p2a: Iron Hands|Quark Drive|[silent]\n|move|p1a: Dondozo|Wave Crash|p1b: Tatsugiri\n|-activate|p1b: Tatsugiri|ability: Storm Drain\n|-ability|p1b: Tatsugiri|Storm Drain|boost\n|-boost|p1b: Tatsugiri|spa|1\n|\n|-damage|p1a: Dondozo|0 fnt|[from] brn\n|faint|p1a: Dondozo\n|upkeep\n|turn|8\n|c|\u2606clamps1|GG\n|\n|t:|1683301675\n|-terastallize|p2b: Arcanine|Grass\n|move|p2b: Arcanine|Flare Blitz|p1b: Tatsugiri\n|-damage|p1b: Tatsugiri|0 fnt\n|faint|p1b: Tatsugiri\n|-damage|p2b: Arcanine|17\/100|[from] Recoil\n|\n|win|clamps1\n|raw|BenjiBankroll's rating: 1124 → 1101<\/strong> (-23 for losing)\n|raw|clamps1's rating: 1157 → 1180<\/strong> (+23 for winning)\n|c|\u2606BenjiBankroll|Gg\n|l|\u2606BenjiBankroll\n","uploadtime":1683301789,"views":6,"p1id":"benjibankroll","p2id":"clamps1","formatid":"gen9vgc2023regulationc","rating":1101,"private":0,"password":""}