{"id":"gen9vgc2023regulationc-1854477600","p1":"akasia","p2":"my form empties","format":"[Gen 9] VGC 2023 Regulation C","log":"|j|\u2606akasia\n|j|\u2606my form empties\n|t:|1682816002\n|gametype|doubles\n|player|p1|akasia|2|1233\n|player|p2|my form empties|unknownf|1285\n|teamsize|p1|6\n|teamsize|p2|6\n|gen|9\n|tier|[Gen 9] VGC 2023 Regulation C\n|rated|\n|rule|Species Clause: Limit one of each Pok\u00e9mon\n|rule|Item Clause: Limit one of each item\n|clearpoke\n|poke|p1|Chien-Pao, L50|\n|poke|p1|Flutter Mane, L50|\n|poke|p1|Scizor, L50, F|\n|poke|p1|Gyarados, L50, M|\n|poke|p1|Arcanine, L50, F|\n|poke|p1|Amoonguss, L50, M|\n|poke|p2|Roaring Moon, L50|\n|poke|p2|Corviknight, L50, F|\n|poke|p2|Garchomp, L50, M|\n|poke|p2|Flutter Mane, L50|\n|poke|p2|Chi-Yu, L50|\n|poke|p2|Gyarados, L50, F|\n|teampreview|4\nmy form empties has agreed to open team sheets.\n|\n|t:|1682816072\n|start\n|switch|p1a: Amoonguss|Amoonguss, L50, M, shiny|100\/100\n|switch|p1b: Gyarados|Gyarados, L50, M|100\/100\n|switch|p2a: Roaring Moon|Roaring Moon, L50|100\/100\n|switch|p2b: Gyarados|Gyarados, L50, F|100\/100\n|-ability|p1b: Gyarados|Intimidate|boost\n|-unboost|p2a: Roaring Moon|atk|1\n|-unboost|p2b: Gyarados|atk|1\n|-ability|p2b: Gyarados|Intimidate|boost\n|-unboost|p1a: Amoonguss|atk|1\n|-unboost|p1b: Gyarados|atk|1\n|-enditem|p2a: Roaring Moon|Booster Energy\n|-activate|p2a: Roaring Moon|ability: Protosynthesis|[fromitem]\n|-start|p2a: Roaring Moon|protosynthesisspe\n|turn|1\n|\n|t:|1682816101\n|-terastallize|p1a: Amoonguss|Water\n|move|p2a: Roaring Moon|Protect|p2a: Roaring Moon\n|-singleturn|p2a: Roaring Moon|Protect\n|move|p1b: Gyarados|Dragon Dance|p1b: Gyarados\n|-boost|p1b: Gyarados|atk|1\n|-boost|p1b: Gyarados|spe|1\n|move|p2b: Gyarados|Taunt|p1a: Amoonguss\n|-start|p1a: Amoonguss|move: Taunt\n|cant|p1a: Amoonguss|move: Taunt|Spore\n|\n|upkeep\n|turn|2\n|\n|t:|1682816122\n|switch|p1a: Flutter Mane|Flutter Mane, L50|100\/100\n|move|p2a: Roaring Moon|Tailwind|p2a: Roaring Moon\n|-sidestart|p2: my form empties|move: Tailwind\n|move|p1b: Gyarados|Dragon Dance|p1b: Gyarados\n|-boost|p1b: Gyarados|atk|1\n|-boost|p1b: Gyarados|spe|1\n|move|p2b: Gyarados|Taunt|p1b: Gyarados\n|-start|p1b: Gyarados|move: Taunt\n|\n|upkeep\n|turn|3\n|\n|t:|1682816144\n|-end|p1a: Flutter Mane|Protosynthesis|[silent]\n|switch|p1a: Amoonguss|Amoonguss, L50, M, shiny, tera:Water|100\/100\n|-terastallize|p2a: Roaring Moon|Flying\n|move|p2a: Roaring Moon|Acrobatics|p1a: Amoonguss\n|-damage|p1a: Amoonguss|71\/100\n|move|p1b: Gyarados|Waterfall|p2a: Roaring Moon\n|-damage|p2a: Roaring Moon|28\/100\n|move|p2b: Gyarados|Thunder Wave|p1b: Gyarados\n|-status|p1b: Gyarados|par\n|-enditem|p1b: Gyarados|Lum Berry|[eat]\n|-curestatus|p1b: Gyarados|par|[msg]\n|\n|upkeep\n|turn|4\n|\n|t:|1682816176\n|move|p2a: Roaring Moon|Acrobatics|p1a: Amoonguss\n|-damage|p1a: Amoonguss|40\/100\n|-enditem|p1a: Amoonguss|Sitrus Berry|[eat]\n|-heal|p1a: Amoonguss|64\/100|[from] item: Sitrus Berry\n|move|p1b: Gyarados|Waterfall|p2a: Roaring Moon\n|-damage|p2a: Roaring Moon|0 fnt\n|faint|p2a: Roaring Moon\n|-end|p2a: Roaring Moon|Protosynthesis|[silent]\n|move|p2b: Gyarados|Thunder Wave|p1b: Gyarados\n|-status|p1b: Gyarados|par\n|move|p1a: Amoonguss|Spore|p2b: Gyarados\n|-status|p2b: Gyarados|slp|[from] move: Spore\n|\n|upkeep\n|\n|t:|1682816180\n|switch|p2a: MINT JAMS|Flutter Mane, L50|100\/100\n|turn|5\n|l|\u2606akasia\n|player|p1|\n|j|\u2606akasia\n|player|p1|akasia|2\n|l|\u2606akasia\n|player|p1|\n|j|\u2606akasia\n|player|p1|akasia|2\n|\n|t:|1682816226\n|switch|p2b: Chi-Yu|Chi-Yu, L50|100\/100\n|-ability|p2b: Chi-Yu|Beads of Ruin\n|move|p1a: Amoonguss|Rage Powder|p1a: Amoonguss\n|-singleturn|p1a: Amoonguss|move: Rage Powder\n|move|p2a: MINT JAMS|Thunderbolt|p1a: Amoonguss\n|-supereffective|p1a: Amoonguss\n|-damage|p1a: Amoonguss|0 fnt\n|faint|p1a: Amoonguss\n|move|p1b: Gyarados|Waterfall|p2a: MINT JAMS\n|-damage|p2a: MINT JAMS|8\/100\n|\n|-end|p1b: Gyarados|move: Taunt\n|-sideend|p2: my form empties|move: Tailwind\n|upkeep\n|\n|t:|1682816240\n|switch|p1a: Chien-Pao|Chien-Pao, L50|100\/100\n|-ability|p1a: Chien-Pao|Sword of Ruin\n|turn|6\n|\n|t:|1682816274\n|-end|p2a: MINT JAMS|Protosynthesis|[silent]\n|switch|p2a: Gyarados|Gyarados, L50, F|100\/100 slp\n|-ability|p2a: Gyarados|Intimidate|boost\n|-unboost|p1a: Chien-Pao|atk|1\n|-unboost|p1b: Gyarados|atk|1\n|move|p1a: Chien-Pao|Protect|p1a: Chien-Pao\n|-singleturn|p1a: Chien-Pao|Protect\n|move|p2b: Chi-Yu|Dark Pulse|p1b: Gyarados\n|-damage|p1b: Gyarados|43\/100 par\n|move|p1b: Gyarados|Waterfall|p2b: Chi-Yu\n|-supereffective|p2b: Chi-Yu\n|-damage|p2b: Chi-Yu|0 fnt\n|faint|p2b: Chi-Yu\n|\n|upkeep\n|-message|my form empties forfeited.\n|\n|win|akasia\n|raw|akasia's rating: 1233 → 1262<\/strong> (+29 for winning)\n|raw|my form empties's rating: 1285 → 1256<\/strong> (-29 for losing)\n","uploadtime":1682816291,"views":10,"p1id":"akasia","p2id":"myformempties","formatid":"gen9vgc2023regulationc","rating":1256,"private":0,"password":""}