{"id":"gen9vgc2023regulationc-1857868802","p1":"Arcacagne","p2":"WindrunnerB4","format":"[Gen 9] VGC 2023 Regulation C","log":"|j|\u2606Arcacagne\n|j|\u2606WindrunnerB4\n|t:|1683240947\n|gametype|doubles\n|player|p1|Arcacagne|170|1239\n|player|p2|WindrunnerB4|lucas-gen4pt|1233\n|teamsize|p1|6\n|teamsize|p2|6\n|gen|9\n|tier|[Gen 9] VGC 2023 Regulation C\n|rated|\n|rule|Species Clause: Limit one of each Pok\u00e9mon\n|rule|Item Clause: Limit one of each item\n|clearpoke\n|poke|p1|Flutter Mane, L50|\n|poke|p1|Chien-Pao, L50|\n|poke|p1|Dragapult, L50, M|\n|poke|p1|Arcanine, L50, F|\n|poke|p1|Palafin, L50, M|\n|poke|p1|Amoonguss, L50, M|\n|poke|p2|Murkrow, L50, F|\n|poke|p2|Chi-Yu, L50|\n|poke|p2|Flutter Mane, L50|\n|poke|p2|Great Tusk, L50|\n|poke|p2|Brute Bonnet, L50|\n|poke|p2|Corviknight, L50, F|\n|teampreview|4\nWindrunnerB4 has agreed to open team sheets.\n|inactive|Battle timer is ON: inactive players will automatically lose when time's up. (requested by WindrunnerB4)\n|inactive|Arcacagne has 60 seconds left.\n|inactive|WindrunnerB4 has 60 seconds left.\n|inactive|Arcacagne has 30 seconds left.\n|inactive|WindrunnerB4 has 30 seconds left.\n|\n|t:|1683241020\n|start\n|switch|p1a: Dragapult|Dragapult, L50, M|100\/100\n|switch|p1b: Palafin|Palafin, L50, M|100\/100\n|switch|p2a: Murkrow|Murkrow, L50, F, shiny|100\/100\n|switch|p2b: Chi-Yu|Chi-Yu, L50|100\/100\n|-ability|p2b: Chi-Yu|Beads of Ruin\n|turn|1\n|inactive|Arcacagne has 30 seconds left.\n|inactive|Arcacagne has 20 seconds left.\n|inactive|Arcacagne has 15 seconds left.\n|inactive|Arcacagne has 10 seconds left.\n|inactive|Arcacagne has 5 seconds left.\n|\n|t:|1683241073\n|-terastallize|p1a: Dragapult|Steel\n|move|p2b: Chi-Yu|Protect|p2b: Chi-Yu\n|-singleturn|p2b: Chi-Yu|Protect\n|move|p2a: Murkrow|Sunny Day|p2a: Murkrow\n|-weather|SunnyDay\n|move|p1a: Dragapult|Dragon Darts|p2a: Murkrow\n|-damage|p2a: Murkrow|80\/100\n|-anim|p1a: Dragapult|Dragon Darts|p2a: Murkrow\n|-damage|p2a: Murkrow|59\/100\n|move|p1b: Palafin|Wave Crash|p2b: Chi-Yu\n|-activate|p2b: Chi-Yu|move: Protect\n|\n|-weather|SunnyDay|[upkeep]\n|upkeep\n|turn|2\n|\n|t:|1683241097\n|switch|p1a: Arcanine|Arcanine, L50, F|100\/100\n|-ability|p1a: Arcanine|Intimidate|boost\n|-unboost|p2a: Murkrow|atk|1\n|-unboost|p2b: Chi-Yu|atk|1\n|-terastallize|p2b: Chi-Yu|Ghost\n|move|p1b: Palafin|Protect|p1b: Palafin\n|-singleturn|p1b: Palafin|Protect\n|move|p2a: Murkrow|Tailwind|p2a: Murkrow\n|-sidestart|p2: WindrunnerB4|move: Tailwind\n|move|p2b: Chi-Yu|Heat Wave|p1b: Palafin|[spread] p1a\n|-activate|p1b: Palafin|move: Protect\n|-resisted|p1a: Arcanine\n|-damage|p1a: Arcanine|56\/100\n|-damage|p2b: Chi-Yu|90\/100|[from] item: Life Orb\n|\n|-weather|SunnyDay|[upkeep]\n|upkeep\n|turn|3\n|inactive|Arcacagne has 30 seconds left.\n|inactive|Arcacagne has 20 seconds left.\n|inactive|WindrunnerB4 has 30 seconds left.\n|\n|t:|1683241139\n|move|p1b: Palafin|Jet Punch|p2b: Chi-Yu\n|-damage|p2b: Chi-Yu|69\/100\n|move|p2b: Chi-Yu|Dark Pulse|p1a: Arcanine\n|-damage|p1a: Arcanine|0 fnt\n|faint|p1a: Arcanine\n|-damage|p2b: Chi-Yu|59\/100|[from] item: Life Orb\n|move|p2a: Murkrow|Foul Play|p1b: Palafin\n|-damage|p1b: Palafin|53\/100\n|\n|-weather|SunnyDay|[upkeep]\n|upkeep\n|\n|t:|1683241154\n|switch|p1a: Flutter Mane|Flutter Mane, L50|100\/100\n|-activate|p1a: Flutter Mane|ability: Protosynthesis\n|-start|p1a: Flutter Mane|protosynthesisspa\n|turn|4\n|inactive|Arcacagne has 30 seconds left.\n|inactive|Arcacagne has 20 seconds left.\n|\n|t:|1683241191\n|move|p2b: Chi-Yu|Overheat|p1a: Flutter Mane\n|-damage|p1a: Flutter Mane|0 fnt\n|-unboost|p2b: Chi-Yu|spa|2\n|faint|p1a: Flutter Mane\n|-end|p1a: Flutter Mane|Protosynthesis|[silent]\n|-damage|p2b: Chi-Yu|49\/100|[from] item: Life Orb\n|move|p2a: Murkrow|Foul Play|p1b: Palafin\n|-damage|p1b: Palafin|7\/100\n|move|p1b: Palafin|Wave Crash|p2a: Murkrow\n|-damage|p2a: Murkrow|31\/100\n|-damage|p1b: Palafin|0 fnt|[from] Recoil\n|faint|p1b: Palafin\n|\n|-weather|SunnyDay|[upkeep]\n|upkeep\n|\n|t:|1683241206\n|switch|p1b: Dragapult|Dragapult, L50, M, tera:Steel|100\/100\n|turn|5\n|\n|t:|1683241220\n|move|p1b: Dragapult|Protect|p1b: Dragapult\n|-singleturn|p1b: Dragapult|Protect\n|move|p2b: Chi-Yu|Overheat|p1b: Dragapult\n|-activate|p1b: Dragapult|move: Protect\n|move|p2a: Murkrow|Foul Play|p1b: Dragapult\n|-activate|p1b: Dragapult|move: Protect\n|\n|-weather|none\n|-sideend|p2: WindrunnerB4|move: Tailwind\n|upkeep\n|turn|6\n|\n|t:|1683241236\n|move|p2a: Murkrow|Tailwind|p2a: Murkrow\n|-sidestart|p2: WindrunnerB4|move: Tailwind\n|move|p2b: Chi-Yu|Overheat|p1b: Dragapult\n|-supereffective|p1b: Dragapult\n|-crit|p1b: Dragapult\n|-damage|p1b: Dragapult|0 fnt\n|-unboost|p2b: Chi-Yu|spa|2\n|faint|p1b: Dragapult\n|-damage|p2b: Chi-Yu|39\/100|[from] item: Life Orb\n|\n|win|WindrunnerB4\n|raw|Arcacagne's rating: 1239 → 1214<\/strong> (-25 for losing)\n|raw|WindrunnerB4's rating: 1233 → 1258<\/strong> (+25 for winning)\n|l|\u2606WindrunnerB4\n","uploadtime":1683241276,"views":12,"p1id":"arcacagne","p2id":"windrunnerb4","formatid":"gen9vgc2023regulationc","rating":1214,"private":0,"password":""}