{"id":"gen9vgc2023regulationc-1849004050","p1":"Shit tier pro","p2":"Flutterhawk","format":"[Gen 9] VGC 2023 Regulation C","log":"|j|\u2606Shit tier pro\n|j|\u2606Flutterhawk\n|t:|1682137514\n|gametype|doubles\n|player|p1|Shit tier pro|2|1106\n|player|p2|Flutterhawk|pokekid|1065\n|teamsize|p1|6\n|teamsize|p2|6\n|gen|9\n|tier|[Gen 9] VGC 2023 Regulation C\n|rated|\n|rule|Species Clause: Limit one of each Pok\u00e9mon\n|rule|Item Clause: Limit one of each item\n|clearpoke\n|poke|p1|Palafin, L50, F|\n|poke|p1|Arboliva, L50, F|\n|poke|p1|Tauros-Paldea-Blaze, L50, M|\n|poke|p1|Salamence, L50, M|\n|poke|p1|Grimmsnarl, L50, M|\n|poke|p1|Hatterene, L50, F|\n|poke|p2|Meowscarada, L50, F|\n|poke|p2|Palafin, L50, F|\n|poke|p2|Dragapult, L50, F|\n|poke|p2|Armarouge, L50, M|\n|poke|p2|Chien-Pao, L50|\n|poke|p2|Toedscruel, L50, M|\n|teampreview|4\n|inactive|Battle timer is ON: inactive players will automatically lose when time's up. (requested by Shit tier pro)\n|inactive|Shit tier pro has 60 seconds left.\n|inactive|Flutterhawk has 60 seconds left.\nShit tier pro has agreed to open team sheets.\n|l|\u2606Shit tier pro\n|inactive|Shit tier pro disconnected and has a minute to reconnect!\n|player|p1|\n|j|\u2606Shit tier pro\n|inactive|Shit tier pro reconnected.\n|player|p1|Shit tier pro|2\n|inactive|Flutterhawk has 30 seconds left.\n|\n|t:|1682137579\n|start\n|switch|p1a: Grimmsnarl|Grimmsnarl, L50, M, shiny|100\/100\n|switch|p1b: Tauros|Tauros-Paldea-Blaze, L50, M|100\/100\n|switch|p2a: Zuko|Armarouge, L50, M|100\/100\n|switch|p2b: Sayaka|Palafin, L50, F|100\/100\n|-ability|p1b: Tauros|Intimidate|boost\n|-unboost|p2a: Zuko|atk|1\n|-unboost|p2b: Sayaka|atk|1\n|turn|1\n|inactive|Flutterhawk has 30 seconds left.\n|inactive|Flutterhawk has 20 seconds left.\n|inactive|Flutterhawk has 15 seconds left.\n|inactive|Flutterhawk has 10 seconds left.\n|inactive|Flutterhawk has 5 seconds left.\n|\n|t:|1682137632\n|detailschange|p2b: Sayaka|Palafin-Hero, L50, F\n|switch|p2b: Lockheed|Dragapult, L50, F|100\/100\n|move|p1a: Grimmsnarl|Fake Out|p2a: Zuko\n|-damage|p2a: Zuko|89\/100\n|-ability|p2a: Zuko|Weak Armor|boost\n|-unboost|p2a: Zuko|def|1\n|-boost|p2a: Zuko|spe|2\n|cant|p2a: Zuko|flinch\n|move|p1b: Tauros|Will-O-Wisp|p2b: Lockheed\n|-status|p2b: Lockheed|brn\n|\n|-damage|p2b: Lockheed|94\/100 brn|[from] brn\n|upkeep\n|turn|2\n|inactive|Shit tier pro has 30 seconds left.\n|inactive|Flutterhawk has 30 seconds left.\n|inactive|Flutterhawk has 20 seconds left.\n|inactive|Shit tier pro has 20 seconds left.\n|inactive|Shit tier pro has 15 seconds left.\n|\n|t:|1682137679\n|switch|p1b: Hatterene|Hatterene, L50, F|100\/100\n|-terastallize|p2b: Lockheed|Steel\n|move|p2a: Zuko|Psychic|p1b: Hatterene\n|-resisted|p1b: Hatterene\n|-damage|p1b: Hatterene|82\/100\n|-unboost|p1b: Hatterene|spd|1\n|move|p2b: Lockheed|Dragon Dance|p2b: Lockheed\n|-boost|p2b: Lockheed|atk|1\n|-boost|p2b: Lockheed|spe|1\n|move|p1a: Grimmsnarl|Spirit Break|p2b: Lockheed\n|-resisted|p2b: Lockheed\n|-damage|p2b: Lockheed|71\/100 brn\n|\n|-damage|p2b: Lockheed|65\/100 brn|[from] brn\n|upkeep\n|turn|3\n|inactive|Flutterhawk has 30 seconds left.\n|\n|t:|1682137705\n|switch|p1b: Tauros|Tauros-Paldea-Blaze, L50, M|100\/100\n|-ability|p1b: Tauros|Intimidate|boost\n|-unboost|p2a: Zuko|atk|1\n|-fail|p2b: Lockheed|unboost|[from] ability: Clear Body|[of] p2b: Lockheed\n|move|p1a: Grimmsnarl|Parting Shot|p2a: Zuko\n|-unboost|p2a: Zuko|atk|1\n|-unboost|p2a: Zuko|spa|1\n|\n|t:|1682137713\n|switch|p1a: Palafin|Palafin, L50, F|100\/100|[from] Parting Shot\n|move|p2b: Lockheed|Tera Blast|p1a: Palafin\n|-resisted|p1a: Palafin\n|-damage|p1a: Palafin|83\/100\n|move|p2a: Zuko|Armor Cannon|p1b: Tauros\n|-resisted|p1b: Tauros\n|-damage|p1b: Tauros|66\/100\n|-unboost|p2a: Zuko|def|1\n|-unboost|p2a: Zuko|spd|1\n|\n|-heal|p1a: Palafin|88\/100|[from] item: Leftovers\n|-damage|p2b: Lockheed|58\/100 brn|[from] brn\n|upkeep\n|turn|4\n|inactive|Shit tier pro has 30 seconds left.\n|inactive|Flutterhawk has 30 seconds left.\n|inactive|Flutterhawk has 20 seconds left.\n|inactive|Flutterhawk has 15 seconds left.\n|inactive|Flutterhawk has 10 seconds left.\n|inactive|Flutterhawk has 5 seconds left.\n|\n|t:|1682137763\n|detailschange|p1a: Palafin|Palafin-Hero, L50, F\n|switch|p1a: Grimmsnarl|Grimmsnarl, L50, M, shiny|100\/100\n|move|p2b: Lockheed|Dragon Darts|p1b: Tauros\n|-damage|p1b: Tauros|42\/100\n|-anim|p2b: Lockheed|Dragon Darts|p1b: Tauros\n|-damage|p1b: Tauros|20\/100\n|move|p2a: Zuko|Psychic|p1b: Tauros\n|-supereffective|p1b: Tauros\n|-damage|p1b: Tauros|0 fnt\n|faint|p1b: Tauros\n|\n|-damage|p2b: Lockheed|52\/100 brn|[from] brn\n|upkeep\n|\n|t:|1682137776\n|switch|p1b: Palafin|Palafin-Hero, L50, F|88\/100\n|-activate|p1b: Palafin|ability: Zero to Hero\n|turn|5\n|inactive|Flutterhawk has 30 seconds left.\n|\n|t:|1682137802\n|move|p1a: Grimmsnarl|Fake Out|p2b: Lockheed\n|-resisted|p2b: Lockheed\n|-damage|p2b: Lockheed|44\/100 brn\n|move|p1b: Palafin|Jet Punch|p2a: Zuko\n|-supereffective|p2a: Zuko\n|-damage|p2a: Zuko|0 fnt\n|faint|p2a: Zuko\n|cant|p2b: Lockheed|flinch\n|\n|-heal|p1b: Palafin|94\/100|[from] item: Leftovers\n|-damage|p2b: Lockheed|38\/100 brn|[from] brn\n|upkeep\n|\n|t:|1682137817\n|switch|p2a: Yuuno|Chien-Pao, L50|100\/100\n|-ability|p2a: Yuuno|Sword of Ruin\n|turn|6\n|inactive|Flutterhawk has 30 seconds left.\n|inactive|Flutterhawk has 20 seconds left.\n|\n|t:|1682137853\n|switch|p1b: Hatterene|Hatterene, L50, F|82\/100\n|move|p2b: Lockheed|Tera Blast|p1a: Grimmsnarl\n|-supereffective|p1a: Grimmsnarl\n|-damage|p1a: Grimmsnarl|7\/100\n|move|p2a: Yuuno|Sacred Sword|p1a: Grimmsnarl\n|-damage|p1a: Grimmsnarl|0 fnt\n|faint|p1a: Grimmsnarl\n|\n|-damage|p2b: Lockheed|32\/100 brn|[from] brn\n|upkeep\n|\n|t:|1682137862\n|switch|p1a: Palafin|Palafin-Hero, L50, F|94\/100\n|turn|7\n|inactive|Shit tier pro has 30 seconds left.\n|inactive|Flutterhawk has 30 seconds left.\n|\n|t:|1682137894\n|move|p1a: Palafin|Jet Punch|p2b: Lockheed\n|-damage|p2b: Lockheed|0 fnt\n|faint|p2b: Lockheed\n|move|p2a: Yuuno|Throat Chop|p1b: Hatterene\n|-damage|p1b: Hatterene|27\/100\n|-start|p1b: Hatterene|Throat Chop|[silent]\n|-enditem|p1b: Hatterene|Sitrus Berry|[eat]\n|-heal|p1b: Hatterene|52\/100|[from] item: Sitrus Berry\n|move|p1b: Hatterene|Heal Pulse|p1a: Palafin\n|-heal|p1a: Palafin|100\/100\n|\n|upkeep\n|\n|t:|1682137906\n|switch|p2b: Sayaka|Palafin-Hero, L50, F|100\/100\n|-activate|p2b: Sayaka|ability: Zero to Hero\n|turn|8\n|inactive|Flutterhawk has 30 seconds left.\n|inactive|Flutterhawk has 20 seconds left.\n|inactive|Flutterhawk has 15 seconds left.\n|\n|t:|1682137951\n|-terastallize|p1a: Palafin|Electric\n|move|p2b: Sayaka|Jet Punch|p1b: Hatterene\n|-damage|p1b: Hatterene|0 fnt\n|faint|p1b: Hatterene\n|move|p2a: Yuuno|Icy Wind|p1a: Palafin\n|-damage|p1a: Palafin|86\/100\n|-unboost|p1a: Palafin|spe|1\n|move|p1a: Palafin|Tera Blast|p2b: Sayaka\n|-supereffective|p2b: Sayaka\n|-damage|p2b: Sayaka|0 fnt\n|faint|p2b: Sayaka\n|\n|-heal|p1a: Palafin|91\/100|[from] item: Leftovers\n|upkeep\n|turn|9\n|inactive|Flutterhawk has 30 seconds left.\n|inactive|Flutterhawk has 20 seconds left.\n|inactive|Flutterhawk has 15 seconds left.\n|\n|t:|1682137992\n|move|p1a: Palafin|Jet Punch|p2a: Yuuno\n|-damage|p2a: Yuuno|44\/100\n|move|p2a: Yuuno|Throat Chop|p1a: Palafin\n|-damage|p1a: Palafin|47\/100\n|-start|p1a: Palafin|Throat Chop|[silent]\n|\n|-heal|p1a: Palafin|53\/100|[from] item: Leftovers\n|upkeep\n|turn|10\n|\n|t:|1682138009\n|move|p1a: Palafin|Jet Punch|p2a: Yuuno\n|-damage|p2a: Yuuno|0 fnt\n|faint|p2a: Yuuno\n|\n|win|Shit tier pro\n|raw|Shit tier pro's rating: 1106 → 1128<\/strong> (+22 for winning)\n|raw|Flutterhawk's rating: 1065 → 1048<\/strong> (-17 for losing)\n","uploadtime":1682138015,"views":12,"p1id":"shittierpro","p2id":"flutterhawk","formatid":"gen9vgc2023regulationc","rating":1048,"private":0,"password":""}