{"id":"gen9vgc2023regulationc-1858441645","p1":"zee","p2":"KK Artcar","format":"[Gen 9] VGC 2023 Regulation C","log":"|j|\u2606zee\n|j|\u2606KK Artcar\n|t:|1683312645\n|gametype|doubles\n|player|p1|zee|#scl2platoon|\n|player|p2|KK Artcar|preschoolerf|\n|teamsize|p1|6\n|teamsize|p2|6\n|gen|9\n|tier|[Gen 9] VGC 2023 Regulation C\n|rule|Species Clause: Limit one of each Pok\u00e9mon\n|rule|Item Clause: Limit one of each item\n|clearpoke\n|poke|p1|Gholdengo, L50|\n|poke|p1|Maushold-Four, L50|\n|poke|p1|Iron Bundle, L50|\n|poke|p1|Great Tusk, L50|\n|poke|p1|Dragonite, L50, M|\n|poke|p1|Ceruledge, L50, M|\n|poke|p2|Grimmsnarl, L50, M|\n|poke|p2|Gholdengo, L50|\n|poke|p2|Flutter Mane, L50|\n|poke|p2|Amoonguss, L50, M|\n|poke|p2|Iron Bundle, L50|\n|poke|p2|Chi-Yu, L50|\n|teampreview|4\n|c|\u2606zee|3\nzee has agreed to open team sheets.\nKK Artcar has agreed to open team sheets.\n|l|\u2606zee\n|player|p1|\n|j|\u2606zee\n|player|p1|zee|#scl2platoon\n|j| IchigoZangeCorner\n|j| SvenVGC\n|j|+Stone Cold\n|l|+Stone Cold\n|j| tagmouse27\n|j| NJ11VGC\n|j|+Stone Cold\n|l| NJ11VGC\n|j| TabuVGC\n|l|+Stone Cold\n|j| Z Strats\n|j| outdz izon\n|j|+Stone Cold\n|l|+Stone Cold\n|j| Anisphia\n|j| Serena\n|j|+Stone Cold\n|l|+Stone Cold\n|j|+Stone Cold\n|l|+Stone Cold\n|j| A Borygon\n|\n|t:|1683313614\n|start\n|switch|p1a: Gholdengo|Gholdengo, L50|100\/100\n|switch|p1b: Ceruledge|Ceruledge, L50, M|100\/100\n|switch|p2a: Grimmsnarl|Grimmsnarl, L50, M|100\/100\n|switch|p2b: Chi-Yu|Chi-Yu, L50|100\/100\n|-ability|p2b: Chi-Yu|Beads of Ruin\n|turn|1\n|j| baaaaat_\n|j|+Stone Cold\n|j| Ally\n|j| NJ11VGC\n|\n|t:|1683313654\n|move|p2a: Grimmsnarl|Reflect|p2a: Grimmsnarl\n|-sidestart|p2: KK Artcar|Reflect\n|move|p2b: Chi-Yu|Dark Pulse|p1a: Gholdengo\n|-supereffective|p1a: Gholdengo\n|-damage|p1a: Gholdengo|0 fnt\n|faint|p1a: Gholdengo\n|move|p1b: Ceruledge|Close Combat|p2b: Chi-Yu\n|-supereffective|p2b: Chi-Yu\n|-damage|p2b: Chi-Yu|39\/100\n|-unboost|p1b: Ceruledge|def|1\n|-unboost|p1b: Ceruledge|spd|1\n|\n|upkeep\n|\n|t:|1683313665\n|switch|p1a: Iron Bundle|Iron Bundle, L50|100\/100\n|-enditem|p1a: Iron Bundle|Booster Energy\n|-activate|p1a: Iron Bundle|ability: Quark Drive|[fromitem]\n|-start|p1a: Iron Bundle|quarkdrivespe\n|turn|2\n|j| oriol.plazai\n|\n|t:|1683313685\n|switch|p2b: Flutter Mane|Flutter Mane, L50|100\/100\n|move|p2a: Grimmsnarl|Light Screen|p2a: Grimmsnarl\n|-sidestart|p2: KK Artcar|move: Light Screen\n|move|p1a: Iron Bundle|Hydro Pump|p2b: Flutter Mane\n|-damage|p2b: Flutter Mane|67\/100\n|move|p1b: Ceruledge|Bitter Blade|p2a: Grimmsnarl\n|-damage|p2a: Grimmsnarl|74\/100\n|\n|upkeep\n|turn|3\n|j| ceree\n|j| tyo\n|l| NJ11VGC\n|j| Robbie35646\n|l| oriol.plazai\n|l|+Stone Cold\n|\n|t:|1683313803\n|-terastallize|p2b: Flutter Mane|Fairy\n|-terastallize|p1b: Ceruledge|Grass\n|move|p1a: Iron Bundle|Protect|p1a: Iron Bundle\n|-singleturn|p1a: Iron Bundle|Protect\n|move|p2a: Grimmsnarl|Parting Shot|p1b: Ceruledge\n|-unboost|p1b: Ceruledge|atk|1\n|-unboost|p1b: Ceruledge|spa|1\n|j|+Stone Cold\n|l|+Stone Cold\n|j|+Stone Cold\n|\n|t:|1683313833\n|switch|p2a: Chi-Yu|Chi-Yu, L50|39\/100|[from] Parting Shot\n|-ability|p2a: Chi-Yu|Beads of Ruin\n|move|p2b: Flutter Mane|Dazzling Gleam|p1a: Iron Bundle|[spread] p1b\n|-activate|p1a: Iron Bundle|move: Protect\n|-damage|p1b: Ceruledge|14\/100\n|move|p1b: Ceruledge|Bitter Blade|p2b: Flutter Mane\n|-damage|p2b: Flutter Mane|36\/100\n|-heal|p1b: Ceruledge|26\/100|[from] drain|[of] p2b: Flutter Mane\n|\n|upkeep\n|turn|4\n|j| JayVGC YT\n|j| JoeUX9\n|\n|t:|1683313866\n|move|p1a: Iron Bundle|Hydro Pump|p2b: Flutter Mane\n|-damage|p2b: Flutter Mane|0 fnt\n|faint|p2b: Flutter Mane\n|-end|p2b: Flutter Mane|Protosynthesis|[silent]\n|move|p2a: Chi-Yu|Overheat|p1a: Iron Bundle\n|-damage|p1a: Iron Bundle|0 fnt\n|-unboost|p2a: Chi-Yu|spa|2\n|faint|p1a: Iron Bundle\n|-end|p1a: Iron Bundle|Quark Drive|[silent]\n|move|p1b: Ceruledge|Close Combat|p2a: Chi-Yu\n|-supereffective|p2a: Chi-Yu\n|-damage|p2a: Chi-Yu|0 fnt\n|-unboost|p1b: Ceruledge|def|1\n|-unboost|p1b: Ceruledge|spd|1\n|faint|p2a: Chi-Yu\n|\n|upkeep\n|\n|t:|1683313874\n|switch|p1a: Great Tusk|Great Tusk, L50|100\/100\n|switch|p2b: Grimmsnarl|Grimmsnarl, L50, M|74\/100\n|switch|p2a: Iron Bundle|Iron Bundle, L50|100\/100\n|-enditem|p2a: Iron Bundle|Booster Energy\n|-activate|p2a: Iron Bundle|ability: Quark Drive|[fromitem]\n|-start|p2a: Iron Bundle|quarkdrivespe\n|turn|5\n|l| Robbie35646\n|\n|t:|1683313905\n|move|p1b: Ceruledge|Shadow Sneak|p2a: Iron Bundle\n|-damage|p2a: Iron Bundle|91\/100\n|move|p2a: Iron Bundle|Freeze-Dry|p1b: Ceruledge\n|-supereffective|p1b: Ceruledge\n|-damage|p1b: Ceruledge|0 fnt\n|faint|p1b: Ceruledge\n|move|p1a: Great Tusk|Close Combat|p2a: Iron Bundle\n|-supereffective|p2a: Iron Bundle\n|-damage|p2a: Iron Bundle|4\/100\n|-unboost|p1a: Great Tusk|def|1\n|-unboost|p1a: Great Tusk|spd|1\n|move|p2b: Grimmsnarl|Spirit Break|p1a: Great Tusk\n|-supereffective|p1a: Great Tusk\n|-damage|p1a: Great Tusk|28\/100\n|-unboost|p1a: Great Tusk|spa|1\n|\n|upkeep\n|turn|6\n|j| Robbie35646\n|l| JayVGC YT\n|c|\u2606zee|gg\n|l| tagmouse27\n|c|\u2606KK Artcar|ggs\n|\n|t:|1683313921\n|move|p2a: Iron Bundle|Freeze-Dry|p1a: Great Tusk\n|-supereffective|p1a: Great Tusk\n|-damage|p1a: Great Tusk|0 fnt\n|faint|p1a: Great Tusk\n|-end|p1a: Great Tusk|Protosynthesis|[silent]\n|\n|win|KK Artcar\n|l|+Stone Cold\n|l| IchigoZangeCorner\n|l| Z Strats\n|l| JoeUX9\n|l|\u2606zee\n|l| tyo\n|l| Ally\n|l| Serena\n|l| ceree\n|l| Robbie35646\n|l| baaaaat_\n|l| SvenVGC\n|l| TabuVGC\n|l| Anisphia\n|j| PqlarBear\n|l| outdz izon\n|l| PqlarBear\n|l| A Borygon\n|j| NJ11VGC\n|l| NJ11VGC\n","uploadtime":1683313927,"views":23,"p1id":"zee","p2id":"kkartcar","formatid":"gen9vgc2023regulationc","rating":0,"private":0,"password":""}