{"id":"gen9vgc2023regulationc-1852431448","p1":"marioman6444","p2":"Dieg1","format":"[Gen 9] VGC 2023 Regulation C","log":"|j|\u2606marioman6444\n|j|\u2606Dieg1\n|t:|1682556783\n|gametype|doubles\n|player|p1|marioman6444|hoopster|1253\n|player|p2|Dieg1|crasherwake|1277\n|teamsize|p1|6\n|teamsize|p2|6\n|gen|9\n|tier|[Gen 9] VGC 2023 Regulation C\n|rated|\n|rule|Species Clause: Limit one of each Pok\u00e9mon\n|rule|Item Clause: Limit one of each item\n|clearpoke\n|poke|p1|Tsareena, L50, F|\n|poke|p1|Gyarados, L50, M|\n|poke|p1|Sableye, L50, M|\n|poke|p1|Gholdengo, L50|\n|poke|p1|Roaring Moon, L50|\n|poke|p1|Ting-Lu, L50|\n|poke|p2|Tsareena, L50, F|\n|poke|p2|Chien-Pao, L50|\n|poke|p2|Iron Valiant, L50|\n|poke|p2|Ceruledge, L50, M|\n|poke|p2|Murkrow, L50, M|\n|poke|p2|Garchomp, L50, F|\n|teampreview|4\n|inactive|Battle timer is ON: inactive players will automatically lose when time's up. (requested by Dieg1)\n|inactive|marioman6444 also wants the timer to be on.\n|inactive|marioman6444 has 60 seconds left.\n|inactive|Dieg1 has 60 seconds left.\n|\n|t:|1682556831\n|start\n|switch|p1a: UtakeDAmoon!|Roaring Moon, L50, shiny|100\/100\n|switch|p1b: GyaraDON'T|Gyarados, L50, M, shiny|100\/100\n|switch|p2a: Chien-Pao|Chien-Pao, L50|100\/100\n|switch|p2b: Ceruledge|Ceruledge, L50, M|100\/100\n|-ability|p2a: Chien-Pao|Sword of Ruin\n|-ability|p1b: GyaraDON'T|Intimidate|boost\n|-unboost|p2a: Chien-Pao|atk|1\n|-unboost|p2b: Ceruledge|atk|1\n|-enditem|p1a: UtakeDAmoon!|Booster Energy\n|-activate|p1a: UtakeDAmoon!|ability: Protosynthesis|[fromitem]\n|-start|p1a: UtakeDAmoon!|protosynthesisatk\n|turn|1\n|\n|t:|1682556845\n|move|p1a: UtakeDAmoon!|Protect|p1a: UtakeDAmoon!\n|-singleturn|p1a: UtakeDAmoon!|Protect\n|move|p2b: Ceruledge|Protect|p2b: Ceruledge\n|-singleturn|p2b: Ceruledge|Protect\n|move|p2a: Chien-Pao|Ice Spinner|p1a: UtakeDAmoon!\n|-activate|p1a: UtakeDAmoon!|move: Protect\n|move|p1b: GyaraDON'T|Thunder Wave|p2a: Chien-Pao\n|-status|p2a: Chien-Pao|par\n|\n|upkeep\n|turn|2\n|\n|t:|1682556869\n|-terastallize|p2b: Ceruledge|Flying\n|move|p1a: UtakeDAmoon!|Acrobatics|p2b: Ceruledge\n|-damage|p2b: Ceruledge|17\/100\n|move|p1b: GyaraDON'T|Icy Wind|p2a: Chien-Pao|[spread] p2a,p2b\n|-resisted|p2a: Chien-Pao\n|-supereffective|p2b: Ceruledge\n|-damage|p2a: Chien-Pao|96\/100 par\n|-damage|p2b: Ceruledge|7\/100\n|-unboost|p2a: Chien-Pao|spe|1\n|-unboost|p2b: Ceruledge|spe|1\n|move|p2b: Ceruledge|Will-O-Wisp|p1a: UtakeDAmoon!\n|-status|p1a: UtakeDAmoon!|brn\n|move|p2a: Chien-Pao|Ice Spinner|p1a: UtakeDAmoon!\n|-supereffective|p1a: UtakeDAmoon!\n|-damage|p1a: UtakeDAmoon!|10\/100 brn\n|\n|-heal|p2b: Ceruledge|13\/100|[from] item: Leftovers\n|-damage|p1a: UtakeDAmoon!|4\/100 brn|[from] brn\n|upkeep\n|turn|3\n|inactive|marioman6444 has 30 seconds left.\n|\n|t:|1682556901\n|move|p2a: Chien-Pao|Protect|p2a: Chien-Pao\n|-singleturn|p2a: Chien-Pao|Protect\n|move|p2b: Ceruledge|Shadow Sneak|p1a: UtakeDAmoon!\n|-resisted|p1a: UtakeDAmoon!\n|-damage|p1a: UtakeDAmoon!|0 fnt\n|faint|p1a: UtakeDAmoon!\n|-end|p1a: UtakeDAmoon!|Protosynthesis|[silent]\n|move|p1b: GyaraDON'T|Waterfall|p2b: Ceruledge\n|-damage|p2b: Ceruledge|0 fnt\n|faint|p2b: Ceruledge\n|\n|upkeep\n|\n|t:|1682556913\n|switch|p1a: YOU'RE QUEEN|Tsareena, L50, F, shiny|100\/100\n|switch|p2b: Iron Valiant|Iron Valiant, L50|100\/100\n|-enditem|p2b: Iron Valiant|Booster Energy\n|-activate|p2b: Iron Valiant|ability: Quark Drive|[fromitem]\n|-start|p2b: Iron Valiant|quarkdrivespe\n|turn|4\n|\n|t:|1682556937\n|-terastallize|p1a: YOU'RE QUEEN|Fire\n|move|p2b: Iron Valiant|Thunderbolt|p1b: GyaraDON'T\n|-supereffective|p1b: GyaraDON'T\n|-damage|p1b: GyaraDON'T|0 fnt\n|faint|p1b: GyaraDON'T\n|move|p1a: YOU'RE QUEEN|Tera Blast|p2a: Chien-Pao\n|-supereffective|p2a: Chien-Pao\n|-damage|p2a: Chien-Pao|0 fnt\n|faint|p2a: Chien-Pao\n|\n|upkeep\n|\n|t:|1682556942\n|switch|p2a: Tsareena|Tsareena, L50, F|100\/100\n|switch|p1b: G\u25cbBLIN M\u25cbDE|Sableye, L50, M, shiny|100\/100\n|turn|5\n|inactive|Dieg1 has 30 seconds left.\n|\n|t:|1682556968\n|move|p1a: YOU'RE QUEEN|Protect|p1a: YOU'RE QUEEN\n|-singleturn|p1a: YOU'RE QUEEN|Protect\n|move|p2b: Iron Valiant|Thunderbolt|p1a: YOU'RE QUEEN\n|-activate|p1a: YOU'RE QUEEN|move: Protect\n|move|p2a: Tsareena|Trop Kick|p1a: YOU'RE QUEEN\n|-activate|p1a: YOU'RE QUEEN|move: Protect\n|move|p1b: G\u25cbBLIN M\u25cbDE|Foul Play|p2a: Tsareena\n|-damage|p2a: Tsareena|50\/100\n|\n|upkeep\n|turn|6\n|\n|t:|1682556991\n|move|p1b: G\u25cbBLIN M\u25cbDE|Light Screen|p1b: G\u25cbBLIN M\u25cbDE\n|-sidestart|p1: marioman6444|move: Light Screen\n|move|p2b: Iron Valiant|Thunderbolt|p1a: YOU'RE QUEEN\n|-damage|p1a: YOU'RE QUEEN|80\/100\n|move|p2a: Tsareena|Play Rough|p1b: G\u25cbBLIN M\u25cbDE\n|-supereffective|p1b: G\u25cbBLIN M\u25cbDE\n|-enditem|p1b: G\u25cbBLIN M\u25cbDE|Roseli Berry|[eat]\n|-enditem|p1b: G\u25cbBLIN M\u25cbDE|Roseli Berry|[weaken]\n|-damage|p1b: G\u25cbBLIN M\u25cbDE|63\/100\n|move|p1a: YOU'RE QUEEN|Power Whip|p2b: Iron Valiant\n|-damage|p2b: Iron Valiant|20\/100\n|\n|upkeep\n|turn|7\n|-message|Dieg1 forfeited.\n|\n|win|marioman6444\n|raw|marioman6444's rating: 1253 → 1280<\/strong> (+27 for winning)\n|raw|Dieg1's rating: 1277 → 1250<\/strong> (-27 for losing)\n|l|\u2606Dieg1\n|c|\u2606marioman6444|Gg\n","uploadtime":1682557024,"views":15,"p1id":"marioman6444","p2id":"dieg1","formatid":"gen9vgc2023regulationc","rating":1250,"private":0,"password":""}