{"id":"gen9vgc2023regulationc-1855992207","p1":"dddaaannniii","p2":"zhongqiu","format":"[Gen 9] VGC 2023 Regulation C","log":"|j|\u2606dddaaannniii\n|j|\u2606zhongqiu\n|t:|1683013434\n|gametype|doubles\n|player|p1|dddaaannniii|fisherman-gen4|1246\n|player|p2|zhongqiu|dawn|1205\n|teamsize|p1|6\n|teamsize|p2|6\n|gen|9\n|tier|[Gen 9] VGC 2023 Regulation C\n|rated|\n|rule|Species Clause: Limit one of each Pok\u00e9mon\n|rule|Item Clause: Limit one of each item\n|clearpoke\n|poke|p1|Dondozo, L50, F|\n|poke|p1|Tatsugiri, L50, M|\n|poke|p1|Chi-Yu, L50|\n|poke|p1|Flutter Mane, L50|\n|poke|p1|Dragonite, L50, M|\n|poke|p1|Glimmora, L50, M|\n|poke|p2|Pincurchin, L50, M|\n|poke|p2|Iron Treads, L50|\n|poke|p2|Iron Hands, L50|\n|poke|p2|Iron Bundle, L50|\n|poke|p2|Iron Jugulis, L50|\n|poke|p2|Iron Valiant, L50|\n|teampreview|4\n|inactive|Battle timer is ON: inactive players will automatically lose when time's up. (requested by zhongqiu)\n|inactive|dddaaannniii has 60 seconds left.\n|\n|t:|1683013484\n|start\n|switch|p1a: Flutter Mane|Flutter Mane, L50|100\/100\n|switch|p1b: Glimmora|Glimmora, L50, M|100\/100\n|switch|p2a: Pincurchin|Pincurchin, L50, M|100\/100\n|switch|p2b: Iron Hands|Iron Hands, L50|100\/100\n|-fieldstart|move: Electric Terrain|[from] ability: Electric Surge|[of] p2a: Pincurchin\n|-activate|p2b: Iron Hands|ability: Quark Drive\n|-start|p2b: Iron Hands|quarkdriveatk\n|-enditem|p1a: Flutter Mane|Booster Energy\n|-activate|p1a: Flutter Mane|ability: Protosynthesis|[fromitem]\n|-start|p1a: Flutter Mane|protosynthesisspe\n|turn|1\n|inactive|dddaaannniii has 30 seconds left.\n|\n|t:|1683013509\n|move|p1b: Glimmora|Spiky Shield|p1b: Glimmora\n|-singleturn|p1b: Glimmora|move: Protect\n|move|p2a: Pincurchin|Protect|p2a: Pincurchin\n|-singleturn|p2a: Pincurchin|Protect\n|move|p1a: Flutter Mane|Moonblast|p2b: Iron Hands\n|-supereffective|p2b: Iron Hands\n|-damage|p2b: Iron Hands|45\/100\n|move|p2b: Iron Hands|Bulldoze|p1a: Flutter Mane|[spread] p1a\n|-activate|p2a: Pincurchin|move: Protect\n|-activate|p1b: Glimmora|move: Protect\n|-damage|p1a: Flutter Mane|57\/100\n|-unboost|p1a: Flutter Mane|spe|1\n|\n|upkeep\n|turn|2\n|\n|t:|1683013534\n|-terastallize|p2a: Pincurchin|Dark\n|move|p2a: Pincurchin|Sucker Punch|p1a: Flutter Mane\n|-damage|p1a: Flutter Mane|0 fnt\n|faint|p1a: Flutter Mane\n|-end|p1a: Flutter Mane|Protosynthesis|[silent]\n|move|p1b: Glimmora|Power Gem|p2a: Pincurchin\n|-damage|p2a: Pincurchin|44\/100\n|move|p2b: Iron Hands|Wild Charge|p1b: Glimmora\n|-enditem|p1b: Glimmora|Focus Sash\n|-damage|p1b: Glimmora|1\/100\n|-damage|p2b: Iron Hands|29\/100|[from] Recoil\n|\n|upkeep\n|\n|t:|1683013549\n|switch|p1a: Chi-Yu|Chi-Yu, L50|100\/100\n|-ability|p1a: Chi-Yu|Beads of Ruin\n|turn|3\n|\n|t:|1683013564\n|move|p2a: Pincurchin|Protect|p2a: Pincurchin\n|-singleturn|p2a: Pincurchin|Protect\n|move|p1b: Glimmora|Toxic|p2a: Pincurchin\n|-activate|p2a: Pincurchin|move: Protect\n|move|p1a: Chi-Yu|Flamethrower|p2b: Iron Hands\n|-damage|p2b: Iron Hands|0 fnt\n|faint|p2b: Iron Hands\n|-end|p2b: Iron Hands|Quark Drive|[silent]\n|\n|upkeep\n|\n|t:|1683013576\n|switch|p2b: Iron Bundle|Iron Bundle, L50|100\/100\n|-activate|p2b: Iron Bundle|ability: Quark Drive\n|-start|p2b: Iron Bundle|quarkdrivespe\n|turn|4\n|\n|t:|1683013596\n|switch|p1b: Tatsugiri|Tatsugiri, L50, M|100\/100\n|move|p2b: Iron Bundle|Protect|p2b: Iron Bundle\n|-singleturn|p2b: Iron Bundle|Protect\n|move|p2a: Pincurchin|Sucker Punch|p1a: Chi-Yu\n|-resisted|p1a: Chi-Yu\n|-damage|p1a: Chi-Yu|80\/100\n|move|p1a: Chi-Yu|Dark Pulse|p2b: Iron Bundle\n|-activate|p2b: Iron Bundle|move: Protect\n|\n|upkeep\n|turn|5\n|\n|t:|1683013618\n|move|p2b: Iron Bundle|Freeze-Dry|p1b: Tatsugiri\n|-supereffective|p1b: Tatsugiri\n|-damage|p1b: Tatsugiri|0 fnt\n|faint|p1b: Tatsugiri\n|move|p1a: Chi-Yu|Dark Pulse|p2b: Iron Bundle\n|-enditem|p2b: Iron Bundle|Focus Sash\n|-damage|p2b: Iron Bundle|1\/100\n|move|p2a: Pincurchin|Thunder Wave|p1a: Chi-Yu\n|-status|p1a: Chi-Yu|par\n|\n|upkeep\n|\n|t:|1683013628\n|switch|p1b: Glimmora|Glimmora, L50, M|1\/100\n|turn|6\n|\n|t:|1683013646\n|-terastallize|p1a: Chi-Yu|Grass\n|move|p1b: Glimmora|Spiky Shield|p1b: Glimmora\n|-singleturn|p1b: Glimmora|move: Protect\n|move|p2b: Iron Bundle|Hydro Pump|p1a: Chi-Yu|[miss]\n|-miss|p2b: Iron Bundle|p1a: Chi-Yu\n|move|p1a: Chi-Yu|Dark Pulse|p2b: Iron Bundle\n|-damage|p2b: Iron Bundle|0 fnt\n|faint|p2b: Iron Bundle\n|-end|p2b: Iron Bundle|Quark Drive|[silent]\n|move|p2a: Pincurchin|Zing Zap|p1b: Glimmora\n|-activate|p1b: Glimmora|move: Protect\n|-damage|p2a: Pincurchin|32\/100|[from] Spiky Shield|[of] p1b: Glimmora\n|\n|upkeep\n|\n|t:|1683013659\n|switch|p2b: Iron Jugulis|Iron Jugulis, L50|100\/100\n|-activate|p2b: Iron Jugulis|ability: Quark Drive\n|-start|p2b: Iron Jugulis|quarkdrivespe\n|turn|7\n|\n|t:|1683013675\n|move|p2b: Iron Jugulis|Air Slash|p1a: Chi-Yu\n|-supereffective|p1a: Chi-Yu\n|-damage|p1a: Chi-Yu|0 fnt\n|faint|p1a: Chi-Yu\n|move|p1b: Glimmora|Toxic|p2b: Iron Jugulis\n|-status|p2b: Iron Jugulis|tox\n|move|p2a: Pincurchin|Zing Zap|p1b: Glimmora\n|-crit|p1b: Glimmora\n|-damage|p1b: Glimmora|0 fnt\n|faint|p1b: Glimmora\n|\n|win|zhongqiu\n|raw|dddaaannniii's rating: 1246 → 1218<\/strong> (-28 for losing)\n|raw|zhongqiu's rating: 1205 → 1233<\/strong> (+28 for winning)\n|l|\u2606dddaaannniii\n","uploadtime":1683013686,"views":17,"p1id":"dddaaannniii","p2id":"zhongqiu","formatid":"gen9vgc2023regulationc","rating":1218,"private":0,"password":""}