{"id":"gen9vgc2023regulationc-1864141197","p1":"Atloy","p2":"maybelost","format":"[Gen 9] VGC 2023 Regulation C","log":"|j|\u2606Atloy\n|j|\u2606maybelost\n|t:|1684123769\n|gametype|doubles\n|player|p1|Atloy|gambler|1108\n|player|p2|maybelost|caitlin|1000\n|teamsize|p1|6\n|teamsize|p2|6\n|gen|9\n|tier|[Gen 9] VGC 2023 Regulation C\n|rated|\n|rule|Species Clause: Limit one of each Pok\u00e9mon\n|rule|Item Clause: Limit one of each item\n|clearpoke\n|poke|p1|Volcarona, L50, F|\n|poke|p1|Klefki, L50, F|\n|poke|p1|Corviknight, L50, F|\n|poke|p1|Garchomp, L50, F|\n|poke|p1|Gyarados, L50, F|\n|poke|p1|Annihilape, L50, F|\n|poke|p2|Amoonguss, L50, F|\n|poke|p2|Ting-Lu, L50|\n|poke|p2|Flutter Mane, L50|\n|poke|p2|Torkoal, L50, M|\n|poke|p2|Great Tusk, L50|\n|poke|p2|Chi-Yu, L50|\n|teampreview|4\n|inactive|Battle timer is ON: inactive players will automatically lose when time's up. (requested by Atloy)\n|\n|t:|1684123825\n|start\n|switch|p1a: Klefki|Klefki, L50, F|100\/100\n|switch|p1b: Corviknight|Corviknight, L50, F|100\/100\n|switch|p2a: Amoonguss|Amoonguss, L50, F|100\/100\n|switch|p2b: Torkoal|Torkoal, L50, M|100\/100\n|-weather|SunnyDay|[from] ability: Drought|[of] p2b: Torkoal\n|turn|1\n|\n|t:|1684123844\n|move|p2a: Amoonguss|Protect|p2a: Amoonguss\n|-singleturn|p2a: Amoonguss|Protect\n|move|p1a: Klefki|Thunder Wave|p2b: Torkoal|[miss]\n|-miss|p1a: Klefki|p2b: Torkoal\n|move|p1b: Corviknight|Brave Bird|p2a: Amoonguss\n|-activate|p2a: Amoonguss|move: Protect\n|move|p2b: Torkoal|Heat Wave|p1a: Klefki|[spread] p1a,p1b\n|-supereffective|p1a: Klefki\n|-supereffective|p1b: Corviknight\n|-damage|p1a: Klefki|26\/100\n|-damage|p1b: Corviknight|29\/100\n|\n|-weather|SunnyDay|[upkeep]\n|upkeep\n|turn|2\n|inactive|maybelost has 30 seconds left.\n|\n|t:|1684123877\n|move|p2a: Amoonguss|Rage Powder|p2a: Amoonguss\n|-singleturn|p2a: Amoonguss|move: Rage Powder\n|move|p1a: Klefki|Light Screen|p1a: Klefki\n|-sidestart|p1: Atloy|move: Light Screen\n|move|p1b: Corviknight|Roost|p1b: Corviknight\n|-heal|p1b: Corviknight|80\/100\n|-singleturn|p1b: Corviknight|move: Roost\n|move|p2b: Torkoal|Heat Wave|p1b: Corviknight|[spread] \n|-miss|p2b: Torkoal|p1a: Klefki\n|-miss|p2b: Torkoal|p1b: Corviknight\n|\n|-weather|SunnyDay|[upkeep]\n|upkeep\n|turn|3\n|\n|t:|1684123895\n|move|p1a: Klefki|Thunder Wave|p2b: Torkoal\n|-status|p2b: Torkoal|par\n|move|p1b: Corviknight|Brave Bird|p2a: Amoonguss\n|-supereffective|p2a: Amoonguss\n|-damage|p2a: Amoonguss|37\/100\n|-damage|p1b: Corviknight|57\/100|[from] Recoil\n|move|p2a: Amoonguss|Spore|p1b: Corviknight\n|-activate|p1b: Corviknight|item: Safety Goggles|Spore\n|move|p2b: Torkoal|Heat Wave|p1a: Klefki|[spread] p1b\n|-miss|p2b: Torkoal|p1a: Klefki\n|-supereffective|p1b: Corviknight\n|-damage|p1b: Corviknight|6\/100\n|\n|-weather|SunnyDay|[upkeep]\n|-heal|p2a: Amoonguss|43\/100|[from] item: Black Sludge\n|upkeep\n|turn|4\n|\n|t:|1684123915\n|move|p2a: Amoonguss|Protect|p2a: Amoonguss\n|-singleturn|p2a: Amoonguss|Protect\n|move|p1a: Klefki|Dazzling Gleam|p2a: Amoonguss|[spread] p2b\n|-activate|p2a: Amoonguss|move: Protect\n|-resisted|p2b: Torkoal\n|-damage|p2b: Torkoal|92\/100 par\n|move|p1b: Corviknight|Roost|p1b: Corviknight\n|-heal|p1b: Corviknight|57\/100\n|-singleturn|p1b: Corviknight|move: Roost\n|move|p2b: Torkoal|Heat Wave|p1a: Klefki|[spread] p1a,p1b\n|-supereffective|p1a: Klefki\n|-supereffective|p1b: Corviknight\n|-damage|p1a: Klefki|0 fnt\n|-damage|p1b: Corviknight|11\/100\n|faint|p1a: Klefki\n|\n|-weather|SunnyDay|[upkeep]\n|-heal|p2a: Amoonguss|49\/100|[from] item: Black Sludge\n|upkeep\n|\n|t:|1684123936\n|switch|p1a: Garchomp|Garchomp, L50, F|100\/100\n|turn|5\n|\n|t:|1684123957\n|-terastallize|p2b: Torkoal|Grass\n|move|p1a: Garchomp|Earthquake|p2b: Torkoal|[spread] p2a,p2b\n|-immune|p1b: Corviknight\n|-resisted|p2b: Torkoal\n|-damage|p2a: Amoonguss|20\/100\n|-damage|p2b: Torkoal|80\/100 par\n|move|p1b: Corviknight|Roost|p1b: Corviknight\n|-heal|p1b: Corviknight|61\/100\n|-singleturn|p1b: Corviknight|move: Roost\n|move|p2a: Amoonguss|Spore|p1a: Garchomp\n|-status|p1a: Garchomp|slp|[from] move: Spore\n|move|p2b: Torkoal|Heat Wave|p1b: Corviknight|[spread] p1a,p1b\n|-resisted|p1a: Garchomp\n|-supereffective|p1b: Corviknight\n|-crit|p1b: Corviknight\n|-damage|p1a: Garchomp|85\/100 slp\n|-damage|p1b: Corviknight|0 fnt\n|faint|p1b: Corviknight\n|\n|-weather|none\n|-heal|p2a: Amoonguss|26\/100|[from] item: Black Sludge\n|upkeep\n|\n|t:|1684123975\n|switch|p1b: Volcarona|Volcarona, L50, F|100\/100\n|turn|6\n|\n|t:|1684123987\n|switch|p2b: Flutter Mane|Flutter Mane, L50|100\/100\n|-terastallize|p1b: Volcarona|Grass\n|move|p2a: Amoonguss|Protect|p2a: Amoonguss\n|-singleturn|p2a: Amoonguss|Protect\n|cant|p1a: Garchomp|slp\n|move|p1b: Volcarona|Fiery Dance|p2b: Flutter Mane\n|-damage|p2b: Flutter Mane|58\/100\n|-boost|p1b: Volcarona|spa|1\n|\n|-heal|p2a: Amoonguss|32\/100|[from] item: Black Sludge\n|upkeep\n|turn|7\n|\n|t:|1684124008\n|-curestatus|p1a: Garchomp|slp|[msg]\n|move|p1a: Garchomp|Earthquake|p2b: Flutter Mane|[spread] p1b,p2a,p2b\n|-resisted|p1b: Volcarona\n|-damage|p1b: Volcarona|77\/100\n|-damage|p2a: Amoonguss|1\/100\n|-damage|p2b: Flutter Mane|0 fnt\n|faint|p2b: Flutter Mane\n|-end|p2b: Flutter Mane|Protosynthesis|[silent]\n|move|p1b: Volcarona|Fiery Dance|p2a: Amoonguss\n|-supereffective|p2a: Amoonguss\n|-damage|p2a: Amoonguss|0 fnt\n|faint|p2a: Amoonguss\n|\n|-heal|p1b: Volcarona|83\/100|[from] item: Leftovers\n|upkeep\n|\n|t:|1684124017\n|switch|p2b: Torkoal|Torkoal, L50, M, tera:Grass|80\/100 par\n|switch|p2a: Chi-Yu|Chi-Yu, L50|100\/100\n|-ability|p2a: Chi-Yu|Beads of Ruin\n|-weather|SunnyDay|[from] ability: Drought|[of] p2b: Torkoal\n|turn|8\n|\n|t:|1684124042\n|move|p1b: Volcarona|Protect|p1b: Volcarona\n|-singleturn|p1b: Volcarona|Protect\n|move|p1a: Garchomp|Earthquake|p2b: Torkoal|[spread] p2a,p2b\n|-activate|p1b: Volcarona|move: Protect\n|-supereffective|p2a: Chi-Yu\n|-resisted|p2b: Torkoal\n|-damage|p2a: Chi-Yu|0 fnt\n|-damage|p2b: Torkoal|68\/100 par\n|faint|p2a: Chi-Yu\n|move|p2b: Torkoal|Heat Wave|p1a: Garchomp|[spread] \n|-activate|p1b: Volcarona|move: Protect\n|-miss|p2b: Torkoal|p1a: Garchomp\n|\n|-weather|SunnyDay|[upkeep]\n|-heal|p1b: Volcarona|89\/100|[from] item: Leftovers\n|upkeep\n|turn|9\n|-message|maybelost forfeited.\n|\n|win|Atloy\n|raw|Atloy's rating: 1108 → 1125<\/strong> (+17 for winning)\n|raw|maybelost's rating: 1000 → 1000<\/strong> (+0 for losing)\n","uploadtime":1684124062,"views":9,"p1id":"atloy","p2id":"maybelost","formatid":"gen9vgc2023regulationc","rating":1000,"private":0,"password":""}