{"id":"gen9vgc2023regulationc-1863909459","p1":"Calbsafari","p2":"WhatWasIC00KING","format":"[Gen 9] VGC 2023 Regulation C","log":"|j|\u2606Calbsafari\n|j|\u2606WhatWasIC00KING\n|t:|1684092167\n|gametype|doubles\n|player|p1|Calbsafari|169|1199\n|player|p2|WhatWasIC00KING|gambler|1248\n|teamsize|p1|6\n|teamsize|p2|6\n|gen|9\n|tier|[Gen 9] VGC 2023 Regulation C\n|rated|\n|rule|Species Clause: Limit one of each Pok\u00e9mon\n|rule|Item Clause: Limit one of each item\n|clearpoke\n|poke|p1|Quaquaval, L50, F|\n|poke|p1|Meowscarada, L50, M|\n|poke|p1|Lucario, L50, M|\n|poke|p1|Gholdengo, L50|\n|poke|p1|Great Tusk, L50|\n|poke|p1|Roaring Moon, L50|\n|poke|p2|Flutter Mane, L50|\n|poke|p2|Chi-Yu, L50|\n|poke|p2|Amoonguss, L50, F|\n|poke|p2|Kingambit, L50, M|\n|poke|p2|Gyarados, L50, F|\n|poke|p2|Great Tusk, L50|\n|teampreview|4\nWhatWasIC00KING has agreed to open team sheets.\n|inactive|Battle timer is ON: inactive players will automatically lose when time's up. (requested by Calbsafari)\n|\n|t:|1684092204\n|start\n|switch|p1a: Quaquaval|Quaquaval, L50, F|100\/100\n|switch|p1b: Meowscarada|Meowscarada, L50, M|100\/100\n|switch|p2a: Flutter Mane|Flutter Mane, L50|100\/100\n|switch|p2b: Chi-Yu|Chi-Yu, L50|100\/100\n|-ability|p2b: Chi-Yu|Beads of Ruin\n|-enditem|p2a: Flutter Mane|Booster Energy\n|-activate|p2a: Flutter Mane|ability: Protosynthesis|[fromitem]\n|-start|p2a: Flutter Mane|protosynthesisspe\n|turn|1\n|\n|t:|1684092223\n|-terastallize|p1a: Quaquaval|Flying\n|move|p2a: Flutter Mane|Dazzling Gleam|p1b: Meowscarada|[spread] p1a,p1b\n|-supereffective|p1b: Meowscarada\n|-damage|p1a: Quaquaval|44\/100\n|-enditem|p1b: Meowscarada|Focus Sash\n|-damage|p1b: Meowscarada|1\/100\n|move|p1a: Quaquaval|Water Pledge|p2a: Flutter Mane\n|-waiting|p1a: Quaquaval|p1b: Meowscarada\n|move|p1b: Meowscarada|Grass Pledge|p2a: Flutter Mane|[from]move: Water Pledge\n|-combine\n|-damage|p2a: Flutter Mane|10\/100\n|-sidestart|p2: WhatWasIC00KING|Grass Pledge\n|move|p2b: Chi-Yu|Heat Wave|p1a: Quaquaval|[spread] p1a,p1b\n|-supereffective|p1b: Meowscarada\n|-crit|p1b: Meowscarada\n|-damage|p1a: Quaquaval|0 fnt\n|-damage|p1b: Meowscarada|0 fnt\n|faint|p1a: Quaquaval\n|faint|p1b: Meowscarada\n|\n|upkeep\n|\n|t:|1684092241\n|switch|p1b: Great Tusk|Great Tusk, L50|100\/100\n|switch|p1a: Lucario|Lucario, L50, M|100\/100\n|turn|2\n|\n|t:|1684092263\n|switch|p2b: Gyarados|Gyarados, L50, F, shiny|100\/100\n|-ability|p2b: Gyarados|Intimidate|boost\n|-fail|p1a: Lucario|unboost|Attack|[from] ability: Inner Focus|[of] p1a: Lucario\n|-unboost|p1b: Great Tusk|atk|1\n|move|p2a: Flutter Mane|Protect|p2a: Flutter Mane\n|-singleturn|p2a: Flutter Mane|Protect\n|move|p1a: Lucario|Bullet Punch|p2a: Flutter Mane\n|-activate|p2a: Flutter Mane|move: Protect\n|move|p1b: Great Tusk|Rock Slide|p2b: Gyarados|[spread] \n|-activate|p2a: Flutter Mane|move: Protect\n|-miss|p1b: Great Tusk|p2b: Gyarados\n|\n|upkeep\n|turn|3\n|inactive|WhatWasIC00KING has 30 seconds left.\n|inactive|WhatWasIC00KING has 20 seconds left.\n|inactive|Calbsafari has 30 seconds left.\n|\n|t:|1684092306\n|-end|p2a: Flutter Mane|Protosynthesis|[silent]\n|switch|p2a: Great Tusk|Great Tusk, L50|100\/100\n|-terastallize|p2b: Gyarados|Ground\n|move|p1a: Lucario|Close Combat|p2b: Gyarados\n|-damage|p2b: Gyarados|39\/100\n|-unboost|p1a: Lucario|def|1\n|-unboost|p1a: Lucario|spd|1\n|-damage|p1a: Lucario|91\/100|[from] item: Life Orb\n|move|p1b: Great Tusk|Rock Slide|p2a: Great Tusk|[spread] p2a,p2b\n|-resisted|p2a: Great Tusk\n|-resisted|p2b: Gyarados\n|-damage|p2a: Great Tusk|97\/100\n|-damage|p2b: Gyarados|29\/100\n|cant|p2b: Gyarados|flinch\n|\n|upkeep\n|turn|4\n|\n|t:|1684092325\n|move|p1a: Lucario|Close Combat|p2a: Great Tusk\n|-damage|p2a: Great Tusk|52\/100\n|-unboost|p1a: Lucario|def|1\n|-unboost|p1a: Lucario|spd|1\n|-damage|p1a: Lucario|81\/100|[from] item: Life Orb\n|move|p1b: Great Tusk|Rock Slide|p2b: Gyarados|[spread] p2a,p2b\n|-resisted|p2a: Great Tusk\n|-resisted|p2b: Gyarados\n|-damage|p2a: Great Tusk|49\/100\n|-damage|p2b: Gyarados|20\/100\n|-enditem|p2b: Gyarados|Iapapa Berry|[eat]\n|-heal|p2b: Gyarados|53\/100|[from] item: Iapapa Berry\n|move|p2a: Great Tusk|Earthquake|p1b: Great Tusk|[spread] p2b,p1a,p1b\n|-supereffective|p1a: Lucario\n|-crit|p1a: Lucario\n|-crit|p1b: Great Tusk\n|-damage|p2b: Gyarados|18\/100\n|-damage|p1a: Lucario|0 fnt\n|-damage|p1b: Great Tusk|66\/100\n|faint|p1a: Lucario\n|cant|p2b: Gyarados|flinch\n|\n|-sideend|p2: WhatWasIC00KING|Grass Pledge\n|upkeep\n|turn|5\n|\n|t:|1684092345\n|move|p2a: Great Tusk|Earthquake|p1b: Great Tusk|[spread] p2b,p1b\n|-damage|p2b: Gyarados|0 fnt\n|-damage|p1b: Great Tusk|44\/100\n|faint|p2b: Gyarados\n|move|p1b: Great Tusk|Rock Slide|p2a: Great Tusk\n|-resisted|p2a: Great Tusk\n|-damage|p2a: Great Tusk|44\/100\n|\n|upkeep\n|\n|t:|1684092352\n|switch|p2b: Flutter Mane|Flutter Mane, L50|10\/100\n|turn|6\n|\n|t:|1684092359\n|-end|p2a: Great Tusk|Protosynthesis|[silent]\n|switch|p2a: Chi-Yu|Chi-Yu, L50|100\/100\n|-ability|p2a: Chi-Yu|Beads of Ruin\n|move|p2b: Flutter Mane|Dazzling Gleam|p1b: Great Tusk\n|-supereffective|p1b: Great Tusk\n|-damage|p1b: Great Tusk|0 fnt\n|faint|p1b: Great Tusk\n|-end|p1b: Great Tusk|Protosynthesis|[silent]\n|\n|win|WhatWasIC00KING\n|raw|Calbsafari's rating: 1199 → 1178<\/strong> (-21 for losing)\n|raw|WhatWasIC00KING's rating: 1248 → 1269<\/strong> (+21 for winning)\n|l|\u2606Calbsafari\n","uploadtime":1684092370,"views":7,"p1id":"calbsafari","p2id":"whatwasic00king","formatid":"gen9vgc2023regulationc","rating":1178,"private":0,"password":""}