{"id":"gen9vgc2023regulationc-1849712431","p1":"MyBigPillar","p2":"Nutrius","format":"[Gen 9] VGC 2023 Regulation C","log":"|j|\u2606MyBigPillar\n|j|\u2606Nutrius\n|t:|1682237527\n|gametype|doubles\n|player|p1|MyBigPillar|fisherman-gen4|1061\n|player|p2|Nutrius|norman|1145\n|teamsize|p1|6\n|teamsize|p2|6\n|gen|9\n|tier|[Gen 9] VGC 2023 Regulation C\n|rated|\n|rule|Species Clause: Limit one of each Pok\u00e9mon\n|rule|Item Clause: Limit one of each item\n|clearpoke\n|poke|p1|Delibird, L50, M|\n|poke|p1|Sandy Shocks, L50|\n|poke|p1|Talonflame, L50, F|\n|poke|p1|Amoonguss, L50, F|\n|poke|p1|Dondozo, L50, M|\n|poke|p1|Sylveon, L50, M|\n|poke|p2|Tyranitar, L50, M|\n|poke|p2|Ting-Lu, L50|\n|poke|p2|Brute Bonnet, L50|\n|poke|p2|Arcanine, L50, M|\n|poke|p2|Talonflame, L50, M|\n|poke|p2|Orthworm, L50, M|\n|teampreview|4\n|inactive|Battle timer is ON: inactive players will automatically lose when time's up. (requested by MyBigPillar)\n|inactive|MyBigPillar has 60 seconds left.\n|inactive|Nutrius has 60 seconds left.\n|\n|t:|1682237568\n|start\n|switch|p1a: Sandy Shocks|Sandy Shocks, L50|100\/100\n|switch|p1b: Talonflame|Talonflame, L50, F|100\/100\n|switch|p2a: Tyranitar|Tyranitar, L50, M|100\/100\n|switch|p2b: Talonflame|Talonflame, L50, M|100\/100\n|-weather|Sandstorm|[from] ability: Sand Stream|[of] p2a: Tyranitar\n|-enditem|p1a: Sandy Shocks|Booster Energy\n|-activate|p1a: Sandy Shocks|ability: Protosynthesis|[fromitem]\n|-start|p1a: Sandy Shocks|protosynthesisspe\n|turn|1\n|inactive|Nutrius has 30 seconds left.\n|inactive|Nutrius has 20 seconds left.\n|inactive|Nutrius has 15 seconds left.\n|\n|t:|1682237610\n|switch|p2a: Orthworm|Orthworm, L50, M|100\/100\n|move|p1b: Talonflame|Protect|p1b: Talonflame\n|-singleturn|p1b: Talonflame|Protect\n|move|p2b: Talonflame|Tailwind|p2b: Talonflame\n|-sidestart|p2: Nutrius|move: Tailwind\n|move|p1a: Sandy Shocks|Gravity|p1a: Sandy Shocks\n|-fieldstart|move: Gravity\n|\n|-weather|Sandstorm|[upkeep]\n|-damage|p1b: Talonflame|95\/100|[from] Sandstorm\n|upkeep\n|turn|2\n|inactive|Nutrius has 30 seconds left.\n|inactive|MyBigPillar has 30 seconds left.\n|\n|t:|1682237642\n|move|p2b: Talonflame|Brave Bird|p1b: Talonflame\n|-damage|p1b: Talonflame|29\/100\n|-damage|p2b: Talonflame|79\/100|[from] Recoil\n|move|p1a: Sandy Shocks|Zap Cannon|p2a: Orthworm\n|-damage|p2a: Orthworm|39\/100\n|-status|p2a: Orthworm|par\n|move|p1b: Talonflame|Taunt|p2a: Orthworm\n|-start|p2a: Orthworm|move: Taunt\n|cant|p2a: Orthworm|move: Taunt|Curse\n|\n|-weather|Sandstorm|[upkeep]\n|-damage|p1b: Talonflame|23\/100|[from] Sandstorm\n|-heal|p2a: Orthworm|46\/100 par|[from] item: Leftovers\n|upkeep\n|turn|3\n|inactive|Nutrius has 30 seconds left.\n|inactive|MyBigPillar has 30 seconds left.\n|inactive|Nutrius has 20 seconds left.\n|\n|t:|1682237679\n|switch|p2a: Brute Bonnet|Brute Bonnet, L50|100\/100\n|move|p2b: Talonflame|Protect|p2b: Talonflame\n|-singleturn|p2b: Talonflame|Protect\n|move|p1b: Talonflame|Protect|p1b: Talonflame\n|-singleturn|p1b: Talonflame|Protect\n|move|p1a: Sandy Shocks|Zap Cannon|p2b: Talonflame\n|-activate|p2b: Talonflame|move: Protect\n|\n|-weather|Sandstorm|[upkeep]\n|-damage|p1b: Talonflame|17\/100|[from] Sandstorm\n|-damage|p2a: Brute Bonnet|95\/100|[from] Sandstorm\n|upkeep\n|turn|4\n|\n|t:|1682237697\n|move|p2b: Talonflame|Brave Bird|p1b: Talonflame\n|-damage|p1b: Talonflame|0 fnt\n|faint|p1b: Talonflame\n|-damage|p2b: Talonflame|73\/100|[from] Recoil\n|move|p1a: Sandy Shocks|Zap Cannon|p2b: Talonflame\n|-supereffective|p2b: Talonflame\n|-damage|p2b: Talonflame|0 fnt\n|faint|p2b: Talonflame\n|move|p2a: Brute Bonnet|Spore|p1a: Sandy Shocks\n|-status|p1a: Sandy Shocks|slp|[from] move: Spore\n|\n|-weather|Sandstorm|[upkeep]\n|-damage|p2a: Brute Bonnet|89\/100|[from] Sandstorm\n|-sideend|p2: Nutrius|move: Tailwind\n|upkeep\n|\n|t:|1682237713\n|switch|p1b: Delibird|Delibird, L50, M|100\/100\n|switch|p2b: Tyranitar|Tyranitar, L50, M|100\/100\n|turn|5\n|\n|t:|1682237726\n|-terastallize|p1b: Delibird|Water\n|cant|p1a: Sandy Shocks|slp\n|move|p1b: Delibird|Ice Spinner|p2a: Brute Bonnet\n|-supereffective|p2a: Brute Bonnet\n|-damage|p2a: Brute Bonnet|0 fnt\n|faint|p2a: Brute Bonnet\n|-end|p2a: Brute Bonnet|Protosynthesis|[silent]\n|move|p2b: Tyranitar|Rock Slide|p1a: Sandy Shocks|[spread] p1a,p1b\n|-resisted|p1a: Sandy Shocks\n|-damage|p1a: Sandy Shocks|84\/100 slp\n|-damage|p1b: Delibird|15\/100\n|\n|-weather|none\n|-fieldend|move: Gravity\n|upkeep\n|\n|t:|1682237743\n|switch|p2a: Orthworm|Orthworm, L50, M|46\/100 par\n|turn|6\n|\n|t:|1682237757\n|-terastallize|p2a: Orthworm|Ghost\n|move|p2b: Tyranitar|Protect|p2b: Tyranitar\n|-singleturn|p2b: Tyranitar|Protect\n|cant|p1a: Sandy Shocks|slp\n|move|p1b: Delibird|Ice Spinner|p2b: Tyranitar\n|-activate|p2b: Tyranitar|move: Protect\n|cant|p2a: Orthworm|par\n|\n|-heal|p2a: Orthworm|52\/100 par|[from] item: Leftovers\n|upkeep\n|turn|7\n|-message|Nutrius forfeited.\n|\n|win|MyBigPillar\n|raw|MyBigPillar's rating: 1061 → 1099<\/strong> (+38 for winning)\n|raw|Nutrius's rating: 1145 → 1114<\/strong> (-31 for losing)\n|l|\u2606Nutrius\n","uploadtime":1682237783,"views":18,"p1id":"mybigpillar","p2id":"nutrius","formatid":"gen9vgc2023regulationc","rating":1099,"private":0,"password":""}