{"id":"gen9vgc2023regulationc-1859099649","p1":"shadak91","p2":"volcranix","format":"[Gen 9] VGC 2023 Regulation C","log":"|j|\u2606shadak91\n|j|\u2606volcranix\n|t:|1683404367\n|gametype|doubles\n|player|p1|shadak91|unknown|1197\n|player|p2|volcranix|169|1161\n|teamsize|p1|6\n|teamsize|p2|6\n|gen|9\n|tier|[Gen 9] VGC 2023 Regulation C\n|rated|\n|rule|Species Clause: Limit one of each Pok\u00e9mon\n|rule|Item Clause: Limit one of each item\n|clearpoke\n|poke|p1|Palafin, L50, M|\n|poke|p1|Chien-Pao, L50|\n|poke|p1|Arcanine, L50, M|\n|poke|p1|Flutter Mane, L50|\n|poke|p1|Ting-Lu, L50|\n|poke|p1|Amoonguss, L50, M|\n|poke|p2|Flutter Mane, L50|\n|poke|p2|Amoonguss, L50, M|\n|poke|p2|Ting-Lu, L50|\n|poke|p2|Gyarados, L50, F|\n|poke|p2|Chi-Yu, L50|\n|poke|p2|Dragonite, L50, M|\n|teampreview|4\n|inactive|Battle timer is ON: inactive players will automatically lose when time's up. (requested by shadak91)\nshadak91 has agreed to open team sheets.\n|inactive|volcranix has 60 seconds left.\n|\n|t:|1683404427\n|start\n|switch|p1a: Palafin|Palafin, L50, M|100\/100\n|switch|p1b: Flutter Mane|Flutter Mane, L50|100\/100\n|switch|p2a: Chi-Yu|Chi-Yu, L50|100\/100\n|switch|p2b: Ting-Lu|Ting-Lu, L50|100\/100\n|-ability|p2a: Chi-Yu|Beads of Ruin\n|-ability|p2b: Ting-Lu|Vessel of Ruin\n|-enditem|p1b: Flutter Mane|Booster Energy\n|-activate|p1b: Flutter Mane|ability: Protosynthesis|[fromitem]\n|-start|p1b: Flutter Mane|protosynthesisspa\n|turn|1\n|inactive|volcranix has 30 seconds left.\n|inactive|volcranix has 20 seconds left.\n|\n|t:|1683404464\n|-terastallize|p1a: Palafin|Water\n|-terastallize|p2b: Ting-Lu|Steel\n|move|p1b: Flutter Mane|Protect|p1b: Flutter Mane\n|-singleturn|p1b: Flutter Mane|Protect\n|move|p1a: Palafin|Jet Punch|p2a: Chi-Yu\n|-supereffective|p2a: Chi-Yu\n|-damage|p2a: Chi-Yu|0 fnt\n|faint|p2a: Chi-Yu\n|move|p2b: Ting-Lu|Fissure|p1a: Palafin|[miss]\n|-miss|p2b: Ting-Lu|p1a: Palafin\n|\n|upkeep\n|\n|t:|1683404480\n|switch|p2a: Gyarados|Gyarados, L50, F|100\/100\n|-ability|p2a: Gyarados|Intimidate|boost\n|-unboost|p1a: Palafin|atk|1\n|-unboost|p1b: Flutter Mane|atk|1\n|turn|2\n|\n|t:|1683404494\n|detailschange|p1a: Palafin|Palafin-Hero, L50, M, tera:Water\n|switch|p1a: Arcanine|Arcanine, L50, M|100\/100\n|-ability|p1a: Arcanine|Intimidate|boost\n|-unboost|p2a: Gyarados|atk|1\n|-unboost|p2b: Ting-Lu|atk|1\n|move|p1b: Flutter Mane|Thunderbolt|p2a: Gyarados\n|-supereffective|p2a: Gyarados\n|-damage|p2a: Gyarados|4\/100\n|move|p2a: Gyarados|Thunder Wave|p1b: Flutter Mane\n|-status|p1b: Flutter Mane|par\n|move|p2b: Ting-Lu|Fissure|p1a: Arcanine\n|-damage|p1a: Arcanine|0 fnt\n|faint|p1a: Arcanine\n|-ohko\n|\n|upkeep\n|\n|t:|1683404514\n|switch|p1a: Palafin|Palafin-Hero, L50, M, tera:Water|100\/100\n|-activate|p1a: Palafin|ability: Zero to Hero\n|turn|3\n|\n|t:|1683404537\n|move|p1a: Palafin|Jet Punch|p2a: Gyarados\n|-resisted|p2a: Gyarados\n|-damage|p2a: Gyarados|0 fnt\n|faint|p2a: Gyarados\n|move|p1b: Flutter Mane|Shadow Ball|p2b: Ting-Lu\n|-damage|p2b: Ting-Lu|80\/100\n|move|p2b: Ting-Lu|Fissure|p1a: Palafin|[miss]\n|-miss|p2b: Ting-Lu|p1a: Palafin\n|\n|upkeep\n|\n|t:|1683404546\n|switch|p2a: Flutter Mane|Flutter Mane, L50|100\/100\n|turn|4\n|\n|t:|1683404557\n|switch|p1a: Ting-Lu|Ting-Lu, L50|100\/100\n|-ability|p1a: Ting-Lu|Vessel of Ruin\n|move|p2a: Flutter Mane|Shadow Ball|p1b: Flutter Mane\n|-supereffective|p1b: Flutter Mane\n|-damage|p1b: Flutter Mane|18\/100 par\n|move|p1b: Flutter Mane|Shadow Ball|p2a: Flutter Mane\n|-supereffective|p2a: Flutter Mane\n|-damage|p2a: Flutter Mane|17\/100\n|move|p2b: Ting-Lu|Fissure|p1a: Ting-Lu|[miss]\n|-miss|p2b: Ting-Lu|p1a: Ting-Lu\n|\n|upkeep\n|turn|5\n|\n|t:|1683404574\n|cant|p1b: Flutter Mane|par\n|move|p2a: Flutter Mane|Shadow Ball|p1b: Flutter Mane\n|-supereffective|p1b: Flutter Mane\n|-damage|p1b: Flutter Mane|0 fnt\n|faint|p1b: Flutter Mane\n|-end|p1b: Flutter Mane|Protosynthesis|[silent]\n|move|p2b: Ting-Lu|Fissure|p1a: Ting-Lu\n|-damage|p1a: Ting-Lu|0 fnt\n|faint|p1a: Ting-Lu\n|-ohko\n|\n|upkeep\n|\n|t:|1683404585\n|switch|p1b: Palafin|Palafin-Hero, L50, M, tera:Water|100\/100\n|turn|6\n|\n|t:|1683404594\n|move|p1b: Palafin|Jet Punch|p2a: Flutter Mane\n|-damage|p2a: Flutter Mane|0 fnt\n|faint|p2a: Flutter Mane\n|-end|p2a: Flutter Mane|Protosynthesis|[silent]\n|move|p2b: Ting-Lu|Fissure|p1b: Palafin|[miss]\n|-miss|p2b: Ting-Lu|p1b: Palafin\n|\n|upkeep\n|turn|7\n|\n|t:|1683404607\n|move|p1b: Palafin|Wave Crash|p2b: Ting-Lu\n|-damage|p2b: Ting-Lu|4\/100\n|-damage|p1b: Palafin|71\/100|[from] Recoil\n|move|p2b: Ting-Lu|Fissure|p1b: Palafin|[miss]\n|-miss|p2b: Ting-Lu|p1b: Palafin\n|\n|upkeep\n|turn|8\n|\n|t:|1683404614\n|move|p1b: Palafin|Jet Punch|p2b: Ting-Lu\n|-damage|p2b: Ting-Lu|0 fnt\n|faint|p2b: Ting-Lu\n|\n|win|shadak91\n|raw|shadak91's rating: 1197 → 1219<\/strong> (+22 for winning)\n|raw|volcranix's rating: 1161 → 1139<\/strong> (-22 for losing)\n|l|\u2606shadak91\n","uploadtime":1683404639,"views":11,"p1id":"shadak91","p2id":"volcranix","formatid":"gen9vgc2023regulationc","rating":1139,"private":0,"password":""}