{"id":"gen9vgc2023regulationc-1845432904","p1":"PinnotheChamp","p2":"Ytterby","format":"[Gen 9] VGC 2023 Regulation C","log":"|j|\u2606PinnotheChamp\n|j|\u2606Ytterby\n|t:|1681732603\n|gametype|doubles\n|player|p1|PinnotheChamp|steven|1249\n|player|p2|Ytterby|brycenman|1252\n|teamsize|p1|6\n|teamsize|p2|6\n|gen|9\n|tier|[Gen 9] VGC 2023 Regulation C\n|rated|\n|rule|Species Clause: Limit one of each Pok\u00e9mon\n|rule|Item Clause: Limit one of each item\n|clearpoke\n|poke|p1|Chi-Yu, L50|\n|poke|p1|Iron Bundle, L50|\n|poke|p1|Flutter Mane, L50|\n|poke|p1|Chien-Pao, L50|\n|poke|p1|Dragonite, L50, F|\n|poke|p1|Iron Moth, L50|\n|poke|p2|Slither Wing, L50|\n|poke|p2|Torkoal, L50, F|\n|poke|p2|Salamence, L50, F|\n|poke|p2|Flutter Mane, L50|\n|poke|p2|Brute Bonnet, L50|\n|poke|p2|Chi-Yu, L50|\n|teampreview|4\n|inactive|Battle timer is ON: inactive players will automatically lose when time's up. (requested by PinnotheChamp)\nPinnotheChamp rejected open team sheets.\n|inactive|Ytterby has 60 seconds left.\n|\n|t:|1681732650\n|start\n|switch|p1a: Chien-Pao|Chien-Pao, L50|100\/100\n|switch|p1b: Dragonite|Dragonite, L50, F|100\/100\n|switch|p2a: Slither Wing|Slither Wing, L50|100\/100\n|switch|p2b: Torkoal|Torkoal, L50, F|100\/100\n|-ability|p1a: Chien-Pao|Sword of Ruin\n|-weather|SunnyDay|[from] ability: Drought|[of] p2b: Torkoal\n|-activate|p2a: Slither Wing|ability: Protosynthesis\n|-start|p2a: Slither Wing|protosynthesisatk\n|turn|1\n|inactive|PinnotheChamp has 30 seconds left.\n|\n|t:|1681732675\n|-terastallize|p2a: Slither Wing|Fire\n|-terastallize|p1b: Dragonite|Normal\n|move|p1a: Chien-Pao|Protect|p1a: Chien-Pao\n|-singleturn|p1a: Chien-Pao|Protect\n|move|p2a: Slither Wing|First Impression|p1a: Chien-Pao\n|-activate|p1a: Chien-Pao|move: Protect\n|move|p1b: Dragonite|Extreme Speed|p2a: Slither Wing\n|-damage|p2a: Slither Wing|0 fnt\n|faint|p2a: Slither Wing\n|-end|p2a: Slither Wing|Protosynthesis|[silent]\n|move|p2b: Torkoal|Will-O-Wisp|p1b: Dragonite\n|-status|p1b: Dragonite|brn\n|\n|-weather|SunnyDay|[upkeep]\n|-damage|p1b: Dragonite|95\/100 brn|[from] brn\n|upkeep\n|inactive|Ytterby has 30 seconds left.\n|\n|t:|1681732701\n|switch|p2a: Flutter Mane|Flutter Mane, L50|100\/100\n|-activate|p2a: Flutter Mane|ability: Protosynthesis\n|-start|p2a: Flutter Mane|protosynthesisspa\n|turn|2\n|\n|t:|1681732715\n|move|p2a: Flutter Mane|Protect|p2a: Flutter Mane\n|-singleturn|p2a: Flutter Mane|Protect\n|move|p1b: Dragonite|Extreme Speed|p2b: Torkoal\n|-damage|p2b: Torkoal|76\/100\n|move|p1a: Chien-Pao|Ice Spinner|p2a: Flutter Mane\n|-activate|p2a: Flutter Mane|move: Protect\n|move|p2b: Torkoal|Body Press|p1a: Chien-Pao\n|-supereffective|p1a: Chien-Pao\n|-damage|p1a: Chien-Pao|0 fnt\n|faint|p1a: Chien-Pao\n|\n|-weather|SunnyDay|[upkeep]\n|-damage|p1b: Dragonite|89\/100 brn|[from] brn\n|upkeep\n|\n|t:|1681732733\n|switch|p1a: Chi-Yu|Chi-Yu, L50|100\/100\n|-ability|p1a: Chi-Yu|Beads of Ruin\n|turn|3\n|inactive|Ytterby has 30 seconds left.\n|\n|t:|1681732764\n|move|p1b: Dragonite|Extreme Speed|p2b: Torkoal\n|-damage|p2b: Torkoal|58\/100\n|move|p1a: Chi-Yu|Dark Pulse|p2a: Flutter Mane\n|-damage|p2a: Flutter Mane|52\/100\n|cant|p2a: Flutter Mane|flinch\n|move|p2b: Torkoal|Body Press|p1a: Chi-Yu\n|-supereffective|p1a: Chi-Yu\n|-damage|p1a: Chi-Yu|0 fnt\n|faint|p1a: Chi-Yu\n|\n|-weather|SunnyDay|[upkeep]\n|-damage|p1b: Dragonite|83\/100 brn|[from] brn\n|upkeep\n|\n|t:|1681732776\n|switch|p1a: Flutter Mane|Flutter Mane, L50|100\/100\n|-activate|p1a: Flutter Mane|ability: Protosynthesis\n|-start|p1a: Flutter Mane|protosynthesisspe\n|turn|4\n|\n|t:|1681732798\n|move|p2a: Flutter Mane|Protect|p2a: Flutter Mane\n|-singleturn|p2a: Flutter Mane|Protect\n|move|p1b: Dragonite|Extreme Speed|p2b: Torkoal\n|-damage|p2b: Torkoal|36\/100\n|move|p1a: Flutter Mane|Power Gem|p2b: Torkoal\n|-supereffective|p2b: Torkoal\n|-damage|p2b: Torkoal|0 fnt\n|faint|p2b: Torkoal\n|\n|-weather|SunnyDay|[upkeep]\n|-damage|p1b: Dragonite|77\/100 brn|[from] brn\n|upkeep\n|\n|t:|1681732806\n|switch|p2b: Chi-Yu|Chi-Yu, L50|100\/100\n|-ability|p2b: Chi-Yu|Beads of Ruin\n|turn|5\n|\n|t:|1681732829\n|move|p1b: Dragonite|Extreme Speed|p2b: Chi-Yu\n|-damage|p2b: Chi-Yu|48\/100\n|move|p1a: Flutter Mane|Power Gem|p2a: Flutter Mane\n|-damage|p2a: Flutter Mane|6\/100\n|move|p2b: Chi-Yu|Heat Wave|p1a: Flutter Mane|[spread] p1a,p1b\n|-damage|p1a: Flutter Mane|28\/100\n|-damage|p1b: Dragonite|12\/100 brn\n|move|p2a: Flutter Mane|Shadow Ball|p1a: Flutter Mane\n|-supereffective|p1a: Flutter Mane\n|-damage|p1a: Flutter Mane|0 fnt\n|faint|p1a: Flutter Mane\n|-end|p1a: Flutter Mane|Protosynthesis|[silent]\n|\n|-weather|none\n|-end|p2a: Flutter Mane|Protosynthesis\n|-damage|p1b: Dragonite|6\/100 brn|[from] brn\n|upkeep\n|turn|6\n|-message|PinnotheChamp forfeited.\n|\n|win|Ytterby\n|raw|PinnotheChamp's rating: 1249 → 1224<\/strong> (-25 for losing)\n|raw|Ytterby's rating: 1252 → 1277<\/strong> (+25 for winning)\n|l|\u2606PinnotheChamp\n","uploadtime":1681732846,"views":8,"p1id":"pinnothechamp","p2id":"ytterby","formatid":"gen9vgc2023regulationc","rating":1224,"private":0,"password":""}