{"id":"gen9vgc2023regulationc-1859073008","p1":"ML Lacius","p2":"Icewing96","format":"[Gen 9] VGC 2023 Regulation C","log":"|j|\u2606ML Lacius\n|j|\u2606Icewing96\n|t:|1683401212\n|gametype|doubles\n|player|p1|ML Lacius|169|1272\n|player|p2|Icewing96|shadowtriad|1291\n|teamsize|p1|6\n|teamsize|p2|6\n|gen|9\n|tier|[Gen 9] VGC 2023 Regulation C\n|rated|\n|rule|Species Clause: Limit one of each Pok\u00e9mon\n|rule|Item Clause: Limit one of each item\n|clearpoke\n|poke|p1|Iron Valiant, L50|\n|poke|p1|Baxcalibur, L50, F|\n|poke|p1|Rotom-Wash, L50|\n|poke|p1|Corviknight, L50, M|\n|poke|p1|Arcanine, L50, F|\n|poke|p1|Ting-Lu, L50|\n|poke|p2|Corviknight, L50, F|\n|poke|p2|Amoonguss, L50, M|\n|poke|p2|Arcanine, L50, M|\n|poke|p2|Palafin, L50, F|\n|poke|p2|Ting-Lu, L50|\n|poke|p2|Flutter Mane, L50|\n|teampreview|4\n|inactive|Battle timer is ON: inactive players will automatically lose when time's up. (requested by Icewing96)\nIcewing96 has agreed to open team sheets.\n|inactive|ML Lacius has 60 seconds left.\n|inactive|Icewing96 has 60 seconds left.\n|\n|t:|1683401255\n|start\n|switch|p1a: Corviknight|Corviknight, L50, M|100\/100\n|switch|p1b: Rotom|Rotom-Wash, L50|100\/100\n|switch|p2a: Corviknight|Corviknight, L50, F|100\/100\n|switch|p2b: Palafin|Palafin, L50, F, shiny|100\/100\n|turn|1\n|\n|t:|1683401279\n|detailschange|p2b: Palafin|Palafin-Hero, L50, F, shiny\n|switch|p2b: Amoonguss|Amoonguss, L50, M, shiny|100\/100\n|move|p1b: Rotom|Will-O-Wisp|p2a: Corviknight\n|-status|p2a: Corviknight|brn\n|move|p2a: Corviknight|Tailwind|p2a: Corviknight\n|-sidestart|p2: Icewing96|move: Tailwind\n|move|p1a: Corviknight|Bulk Up|p1a: Corviknight\n|-boost|p1a: Corviknight|atk|1\n|-boost|p1a: Corviknight|def|1\n|\n|-damage|p2a: Corviknight|95\/100 brn|[from] brn\n|upkeep\n|turn|2\n|\n|t:|1683401304\n|switch|p2a: Flutter Mane|Flutter Mane, L50|100\/100\n|-enditem|p2a: Flutter Mane|Booster Energy\n|-activate|p2a: Flutter Mane|ability: Protosynthesis|[fromitem]\n|-start|p2a: Flutter Mane|protosynthesisspa\n|move|p1b: Rotom|Thunderbolt|p2a: Flutter Mane\n|-damage|p2a: Flutter Mane|66\/100\n|move|p2b: Amoonguss|Spore|p1b: Rotom\n|-status|p1b: Rotom|slp|[from] move: Spore\n|move|p1a: Corviknight|Brave Bird|p2b: Amoonguss\n|-supereffective|p2b: Amoonguss\n|-damage|p2b: Amoonguss|0 fnt\n|faint|p2b: Amoonguss\n|-damage|p1a: Corviknight|59\/100|[from] Recoil\n|\n|-heal|p1a: Corviknight|64\/100|[from] item: Leftovers\n|upkeep\n|\n|t:|1683401318\n|switch|p2b: Palafin|Palafin-Hero, L50, F, shiny|100\/100\n|-activate|p2b: Palafin|ability: Zero to Hero\n|turn|3\n|\n|t:|1683401339\n|switch|p1b: Arcanine|Arcanine, L50, F|100\/100\n|-ability|p1b: Arcanine|Intimidate|boost\n|-unboost|p2a: Flutter Mane|atk|1\n|-unboost|p2b: Palafin|atk|1\n|-terastallize|p2b: Palafin|Water\n|move|p2a: Flutter Mane|Shadow Ball|p1a: Corviknight\n|-damage|p1a: Corviknight|5\/100\n|move|p2b: Palafin|Wave Crash|p1a: Corviknight\n|-damage|p1a: Corviknight|0 fnt\n|faint|p1a: Corviknight\n|-damage|p2b: Palafin|99\/100|[from] Recoil\n|\n|upkeep\n|\n|t:|1683401353\n|switch|p1a: Rotom|Rotom-Wash, L50|100\/100 slp\n|turn|4\n|\n|t:|1683401368\n|-terastallize|p1b: Arcanine|Water\n|move|p2a: Flutter Mane|Moonblast|p1b: Arcanine\n|-damage|p1b: Arcanine|33\/100\n|move|p2b: Palafin|Wave Crash|p1b: Arcanine\n|-resisted|p1b: Arcanine\n|-damage|p1b: Arcanine|0 fnt\n|faint|p1b: Arcanine\n|-damage|p2b: Palafin|88\/100|[from] Recoil\n|cant|p1a: Rotom|slp\n|\n|-sideend|p2: Icewing96|move: Tailwind\n|upkeep\n|\n|t:|1683401379\n|switch|p1b: Ting-Lu|Ting-Lu, L50|100\/100\n|-ability|p1b: Ting-Lu|Vessel of Ruin\n|turn|5\n|inactive|Icewing96 has 30 seconds left.\n|\n|t:|1683401404\n|move|p2a: Flutter Mane|Protect|p2a: Flutter Mane\n|-singleturn|p2a: Flutter Mane|Protect\n|move|p2b: Palafin|Wave Crash|p1b: Ting-Lu\n|-supereffective|p1b: Ting-Lu\n|-damage|p1b: Ting-Lu|23\/100\n|-damage|p2b: Palafin|53\/100|[from] Recoil\n|cant|p1a: Rotom|slp\n|move|p1b: Ting-Lu|Rock Slide|p2b: Palafin|[spread] p2b\n|-activate|p2a: Flutter Mane|move: Protect\n|-damage|p2b: Palafin|36\/100\n|\n|upkeep\n|turn|6\n|\n|t:|1683401420\n|move|p2b: Palafin|Jet Punch|p1b: Ting-Lu\n|-supereffective|p1b: Ting-Lu\n|-damage|p1b: Ting-Lu|0 fnt\n|faint|p1b: Ting-Lu\n|move|p2a: Flutter Mane|Moonblast|p1a: Rotom\n|-damage|p1a: Rotom|41\/100 slp\n|-unboost|p1a: Rotom|spa|1\n|-enditem|p1a: Rotom|Sitrus Berry|[eat]\n|-heal|p1a: Rotom|65\/100 slp|[from] item: Sitrus Berry\n|-curestatus|p1a: Rotom|slp|[msg]\n|move|p1a: Rotom|Will-O-Wisp|p2b: Palafin\n|-status|p2b: Palafin|brn\n|-enditem|p2b: Palafin|Lum Berry|[eat]\n|-curestatus|p2b: Palafin|brn|[msg]\n|\n|upkeep\n|turn|7\n|\n|t:|1683401435\n|move|p2a: Flutter Mane|Moonblast|p1a: Rotom\n|-damage|p1a: Rotom|0 fnt\n|faint|p1a: Rotom\n|\n|win|Icewing96\n|raw|ML Lacius's rating: 1272 → 1248<\/strong> (-24 for losing)\n|raw|Icewing96's rating: 1291 → 1315<\/strong> (+24 for winning)\n","uploadtime":1683401441,"views":24,"p1id":"mllacius","p2id":"icewing96","formatid":"gen9vgc2023regulationc","rating":1248,"private":0,"password":""}