{"id":"gen9vgc2023regulationc-1855616177","p1":"Greensworth","p2":"Magrex","format":"[Gen 9] VGC 2023 Regulation C","log":"|j|\u2606Greensworth\n|j|\u2606Magrex\n|t:|1682966791\n|gametype|doubles\n|player|p1|Greensworth|ghetsis-gen5bw|1040\n|player|p2|Magrex|cyrus|1047\n|teamsize|p1|6\n|teamsize|p2|6\n|gen|9\n|tier|[Gen 9] VGC 2023 Regulation C\n|rated|\n|rule|Species Clause: Limit one of each Pok\u00e9mon\n|rule|Item Clause: Limit one of each item\n|clearpoke\n|poke|p1|Scream Tail, L50|\n|poke|p1|Gothitelle, L50, M|\n|poke|p1|Flutter Mane, L50|\n|poke|p1|Arcanine, L50, F|\n|poke|p1|Amoonguss, L50, M|\n|poke|p1|Palafin, L50, F|\n|poke|p2|Roaring Moon, L50|\n|poke|p2|Garchomp, L50, F|\n|poke|p2|Arcanine, L50, F|\n|poke|p2|Ting-Lu, L50|\n|poke|p2|Amoonguss, L50, M|\n|poke|p2|Chien-Pao, L50|\n|teampreview|4\n|inactive|Battle timer is ON: inactive players will automatically lose when time's up. (requested by Magrex)\n|\n|t:|1682966836\n|start\n|switch|p1a: Flutter Mane|Flutter Mane, L50|100\/100\n|switch|p1b: Gothitelle|Gothitelle, L50, M|100\/100\n|switch|p2a: Ting-Lu|Ting-Lu, L50|100\/100\n|switch|p2b: Amoonguss|Amoonguss, L50, M|100\/100\n|-ability|p2a: Ting-Lu|Vessel of Ruin\n|turn|1\n|inactive|Greensworth has 30 seconds left.\n|\n|t:|1682966864\n|move|p1b: Gothitelle|Fake Out|p2a: Ting-Lu\n|-damage|p2a: Ting-Lu|97\/100\n|move|p1a: Flutter Mane|Perish Song|p1a: Flutter Mane\n|-start|p1a: Flutter Mane|perish3|[silent]\n|-start|p1b: Gothitelle|perish3|[silent]\n|-start|p2a: Ting-Lu|perish3|[silent]\n|-start|p2b: Amoonguss|perish3|[silent]\n|-fieldactivate|move: Perish Song\n|cant|p2a: Ting-Lu|flinch\n|move|p2b: Amoonguss|Spore|p1a: Flutter Mane\n|-status|p1a: Flutter Mane|slp|[from] move: Spore\n|\n|-heal|p2a: Ting-Lu|100\/100|[from] item: Leftovers\n|-start|p1a: Flutter Mane|perish3\n|-start|p1b: Gothitelle|perish3\n|-start|p2a: Ting-Lu|perish3\n|-start|p2b: Amoonguss|perish3\n|upkeep\n|turn|2\n|inactive|Greensworth has 30 seconds left.\n|inactive|Magrex has 30 seconds left.\n|inactive|Greensworth has 20 seconds left.\n|\n|t:|1682966900\n|-end|p1a: Flutter Mane|Protosynthesis|[silent]\n|switch|p1a: Amoonguss|Amoonguss, L50, M|100\/100\n|move|p1b: Gothitelle|Protect|p1b: Gothitelle\n|-singleturn|p1b: Gothitelle|Protect\n|move|p2a: Ting-Lu|Ruination|p1b: Gothitelle\n|-activate|p1b: Gothitelle|move: Protect\n|move|p2b: Amoonguss|Spore|p1b: Gothitelle\n|-activate|p1b: Gothitelle|move: Protect\n|\n|-start|p1b: Gothitelle|perish2\n|-start|p2a: Ting-Lu|perish2\n|-start|p2b: Amoonguss|perish2\n|upkeep\n|turn|3\n|inactive|Greensworth has 30 seconds left.\n|\n|t:|1682966934\n|move|p1a: Amoonguss|Rage Powder|p1a: Amoonguss\n|-singleturn|p1a: Amoonguss|move: Rage Powder\n|move|p1b: Gothitelle|Thunder Wave|p2a: Ting-Lu\n|-immune|p2a: Ting-Lu\n|move|p2a: Ting-Lu|Ruination|p1a: Amoonguss\n|-damage|p1a: Amoonguss|51\/100\n|move|p2b: Amoonguss|Spore|p1b: Gothitelle\n|-status|p1b: Gothitelle|slp|[from] move: Spore\n|\n|-start|p1b: Gothitelle|perish1\n|-start|p2a: Ting-Lu|perish1\n|-start|p2b: Amoonguss|perish1\n|upkeep\n|turn|4\n|inactive|Greensworth has 30 seconds left.\n|inactive|Magrex has 30 seconds left.\n|inactive|Greensworth has 20 seconds left.\n|\n|t:|1682966969\n|cant|p1b: Gothitelle|slp\n|move|p1a: Amoonguss|Protect|p1a: Amoonguss\n|-singleturn|p1a: Amoonguss|Protect\n|move|p2a: Ting-Lu|Ruination|p1b: Gothitelle\n|-damage|p1b: Gothitelle|51\/100 slp\n|move|p2b: Amoonguss|Pollen Puff|p1b: Gothitelle\n|-supereffective|p1b: Gothitelle\n|-damage|p1b: Gothitelle|28\/100 slp\n|\n|-start|p1b: Gothitelle|perish0\n|-start|p2a: Ting-Lu|perish0\n|-start|p2b: Amoonguss|perish0\n|faint|p1b: Gothitelle\n|faint|p2a: Ting-Lu\n|faint|p2b: Amoonguss\n|upkeep\n|\n|t:|1682966986\n|switch|p1b: Arcanine|Arcanine, L50, F|100\/100\n|switch|p2a: Arcanine|Arcanine, L50, F|100\/100\n|switch|p2b: Garchomp|Garchomp, L50, F|100\/100\n|-ability|p1b: Arcanine|Intimidate|boost\n|-unboost|p2a: Arcanine|atk|1\n|-unboost|p2b: Garchomp|atk|1\n|-ability|p2a: Arcanine|Intimidate|boost\n|-unboost|p1a: Amoonguss|atk|1\n|-unboost|p1b: Arcanine|atk|1\n|turn|5\n|\n|t:|1682967010\n|switch|p1b: Flutter Mane|Flutter Mane, L50|100\/100 slp\n|-terastallize|p2b: Garchomp|Water\n|-terastallize|p1a: Amoonguss|Fairy\n|move|p1a: Amoonguss|Rage Powder|p1a: Amoonguss\n|-singleturn|p1a: Amoonguss|move: Rage Powder\n|move|p2a: Arcanine|Howl|p2a: Arcanine|[spread] p2a,p2b\n|-boost|p2a: Arcanine|atk|1\n|-boost|p2b: Garchomp|atk|1\n|move|p2b: Garchomp|Liquidation|p1a: Amoonguss\n|-damage|p1a: Amoonguss|22\/100\n|-damage|p2b: Garchomp|84\/100|[from] item: Rocky Helmet|[of] p1a: Amoonguss\n|-status|p2b: Garchomp|par|[from] ability: Effect Spore|[of] p1a: Amoonguss\n|\n|upkeep\n|turn|6\n|inactive|Greensworth has 30 seconds left.\n|inactive|Greensworth has 20 seconds left.\n|inactive|Greensworth has 15 seconds left.\n|inactive|Magrex has 30 seconds left.\n|inactive|Greensworth has 10 seconds left.\n|\n|t:|1682967060\n|switch|p1a: Arcanine|Arcanine, L50, F|100\/100\n|-ability|p1a: Arcanine|Intimidate|boost\n|-unboost|p2a: Arcanine|atk|1\n|-unboost|p2b: Garchomp|atk|1\n|cant|p1b: Flutter Mane|slp\n|move|p2a: Arcanine|Snarl|p1a: Arcanine|[spread] p1a,p1b\n|-damage|p1a: Arcanine|90\/100\n|-damage|p1b: Flutter Mane|91\/100 slp\n|-unboost|p1a: Arcanine|spa|1\n|-unboost|p1b: Flutter Mane|spa|1\n|move|p2b: Garchomp|Iron Head|p1a: Arcanine\n|-resisted|p1a: Arcanine\n|-damage|p1a: Arcanine|80\/100\n|\n|upkeep\n|turn|7\n|inactive|Greensworth has 30 seconds left.\n|\n|t:|1682967093\n|switch|p1a: Amoonguss|Amoonguss, L50, M, tera:Fairy|22\/100\n|-curestatus|p1b: Flutter Mane|slp|[msg]\n|move|p1b: Flutter Mane|Protect|p1b: Flutter Mane\n|-singleturn|p1b: Flutter Mane|Protect\n|move|p2a: Arcanine|Snarl|p1a: Amoonguss|[spread] p1a\n|-activate|p1b: Flutter Mane|move: Protect\n|-resisted|p1a: Amoonguss\n|-damage|p1a: Amoonguss|18\/100\n|-unboost|p1a: Amoonguss|spa|1\n|cant|p2b: Garchomp|par\n|\n|upkeep\n|turn|8\n|inactive|Greensworth has 30 seconds left.\n|\n|t:|1682967125\n|-end|p1b: Flutter Mane|Protosynthesis|[silent]\n|switch|p1b: Arcanine|Arcanine, L50, F|80\/100\n|-ability|p1b: Arcanine|Intimidate|boost\n|-unboost|p2a: Arcanine|atk|1\n|-unboost|p2b: Garchomp|atk|1\n|move|p1a: Amoonguss|Protect|p1a: Amoonguss\n|-singleturn|p1a: Amoonguss|Protect\n|move|p2a: Arcanine|Flare Blitz|p1a: Amoonguss\n|-activate|p1a: Amoonguss|move: Protect\n|move|p2b: Garchomp|Iron Head|p1b: Arcanine\n|-resisted|p1b: Arcanine\n|-damage|p1b: Arcanine|73\/100\n|\n|upkeep\n|turn|9\n|inactive|Greensworth has 30 seconds left.\n|\n|t:|1682967159\n|move|p1b: Arcanine|Extreme Speed|p2b: Garchomp\n|-damage|p2b: Garchomp|63\/100 par\n|-damage|p1b: Arcanine|60\/100|[from] ability: Rough Skin|[of] p2b: Garchomp\n|move|p2a: Arcanine|Howl|p2a: Arcanine|[spread] p2a,p2b\n|-boost|p2a: Arcanine|atk|1\n|-boost|p2b: Garchomp|atk|1\n|move|p2b: Garchomp|Rock Slide|p1a: Amoonguss|[spread] p1a,p1b\n|-supereffective|p1b: Arcanine\n|-damage|p1a: Amoonguss|10\/100\n|-damage|p1b: Arcanine|30\/100\n|move|p1a: Amoonguss|Synthesis|p1a: Amoonguss\n|-heal|p1a: Amoonguss|60\/100\n|\n|upkeep\n|turn|10\n|inactive|Greensworth has 30 seconds left.\n|\n|t:|1682967192\n|move|p1b: Arcanine|Close Combat|p2b: Garchomp\n|-damage|p2b: Garchomp|31\/100 par\n|-unboost|p1b: Arcanine|def|1\n|-unboost|p1b: Arcanine|spd|1\n|-damage|p1b: Arcanine|18\/100|[from] ability: Rough Skin|[of] p2b: Garchomp\n|-enditem|p1b: Arcanine|Figy Berry|[eat]\n|-heal|p1b: Arcanine|51\/100|[from] item: Figy Berry\n|move|p2a: Arcanine|Howl|p2a: Arcanine|[spread] p2a,p2b\n|-boost|p2a: Arcanine|atk|1\n|-boost|p2b: Garchomp|atk|1\n|cant|p2b: Garchomp|par\n|move|p1a: Amoonguss|Giga Drain|p2b: Garchomp\n|-supereffective|p2b: Garchomp\n|-damage|p2b: Garchomp|9\/100 par\n|-heal|p1a: Amoonguss|70\/100|[from] drain|[of] p2b: Garchomp\n|\n|upkeep\n|turn|11\n|\n|t:|1682967215\n|move|p1b: Arcanine|Extreme Speed|p2b: Garchomp\n|-damage|p2b: Garchomp|0 fnt\n|-damage|p1b: Arcanine|39\/100|[from] ability: Rough Skin|[of] p2b: Garchomp\n|faint|p2b: Garchomp\n|move|p1a: Amoonguss|Rage Powder|p1a: Amoonguss\n|-singleturn|p1a: Amoonguss|move: Rage Powder\n|move|p2a: Arcanine|Flare Blitz|p1a: Amoonguss\n|-damage|p1a: Amoonguss|34\/100\n|-damage|p2a: Arcanine|84\/100|[from] item: Rocky Helmet|[of] p1a: Amoonguss\n|-damage|p2a: Arcanine|71\/100|[from] Recoil\n|\n|upkeep\n|turn|12\n|-message|Magrex forfeited.\n|\n|win|Greensworth\n|raw|Greensworth's rating: 1040 → 1075<\/strong> (+35 for winning)\n|raw|Magrex's rating: 1047 → 1030<\/strong> (-17 for losing)\n|l|\u2606Magrex\n","uploadtime":1682967469,"views":16,"p1id":"greensworth","p2id":"magrex","formatid":"gen9vgc2023regulationc","rating":1030,"private":0,"password":""}