{"id":"gen9vgc2023regulationc-1856122953","p1":"Bermuth","p2":"legnobello","format":"[Gen 9] VGC 2023 Regulation C","log":"|j|\u2606Bermuth\n|j|\u2606legnobello\n|t:|1683032594\n|gametype|doubles\n|player|p1|Bermuth|101|1189\n|player|p2|legnobello|drayden|1199\n|teamsize|p1|6\n|teamsize|p2|6\n|gen|9\n|tier|[Gen 9] VGC 2023 Regulation C\n|rated|\n|rule|Species Clause: Limit one of each Pok\u00e9mon\n|rule|Item Clause: Limit one of each item\n|clearpoke\n|poke|p1|Indeedee-F, L50, F|\n|poke|p1|Hatterene, L50, F|\n|poke|p1|Iron Hands, L50|\n|poke|p1|Kingambit, L50, F|\n|poke|p1|Skeledirge, L50, F|\n|poke|p1|Amoonguss, L50, F|\n|poke|p2|Roaring Moon, L50|\n|poke|p2|Klefki, L50, M|\n|poke|p2|Skeledirge, L50, M|\n|poke|p2|Garchomp, L50, M|\n|poke|p2|Corviknight, L50, F|\n|poke|p2|Ting-Lu, L50|\n|teampreview|4\nlegnobello has agreed to open team sheets.\n|inactive|Battle timer is ON: inactive players will automatically lose when time's up. (requested by legnobello)\n|inactive|legnobello has 60 seconds left.\n|\n|t:|1683032655\n|start\n|switch|p1a: Iron Hands|Iron Hands, L50|100\/100\n|switch|p1b: Hatterene|Hatterene, L50, F|100\/100\n|switch|p2a: Agamennone|Ting-Lu, L50|100\/100\n|switch|p2b: Corviknight|Corviknight, L50, F|100\/100\n|-ability|p2a: Agamennone|Vessel of Ruin\n|turn|1\n|inactive|legnobello has 30 seconds left.\n|\n|t:|1683032682\n|-terastallize|p1b: Hatterene|Fire\n|move|p1a: Iron Hands|Fake Out|p2a: Agamennone\n|-damage|p2a: Agamennone|92\/100\n|move|p2b: Corviknight|Brave Bird|p1a: Iron Hands\n|-damage|p1a: Iron Hands|75\/100\n|-damage|p2b: Corviknight|90\/100|[from] Recoil\n|cant|p2a: Agamennone|flinch\n|move|p1b: Hatterene|Trick Room|p1b: Hatterene\n|-fieldstart|move: Trick Room|[of] p1b: Hatterene\n|\n|upkeep\n|turn|2\n|\n|t:|1683032705\n|switch|p2b: Giulio lockketti|Klefki, L50, M|100\/100\n|-terastallize|p2a: Agamennone|Poison\n|move|p1b: Hatterene|Dazzling Gleam|p2b: Giulio lockketti|[spread] p2a,p2b\n|-resisted|p2a: Agamennone\n|-resisted|p2b: Giulio lockketti\n|-damage|p2a: Agamennone|86\/100\n|-damage|p2b: Giulio lockketti|81\/100\n|-damage|p1b: Hatterene|91\/100|[from] item: Life Orb\n|move|p2a: Agamennone|Snarl|p1b: Hatterene|[spread] p1a,p1b\n|-resisted|p1a: Iron Hands\n|-damage|p1a: Iron Hands|73\/100\n|-damage|p1b: Hatterene|83\/100\n|-unboost|p1a: Iron Hands|spa|1\n|-unboost|p1b: Hatterene|spa|1\n|move|p1a: Iron Hands|Drain Punch|p2a: Agamennone\n|-resisted|p2a: Agamennone\n|-damage|p2a: Agamennone|75\/100\n|-heal|p1a: Iron Hands|79\/100|[from] drain|[of] p2a: Agamennone\n|\n|upkeep\n|turn|3\n|inactive|legnobello has 30 seconds left.\n|\n|t:|1683032734\n|move|p2b: Giulio lockketti|Reflect|p2b: Giulio lockketti\n|-sidestart|p2: legnobello|Reflect\n|move|p1b: Hatterene|Psychic|p2a: Agamennone\n|-supereffective|p2a: Agamennone\n|-damage|p2a: Agamennone|47\/100\n|-unboost|p2a: Agamennone|spd|1\n|-damage|p1b: Hatterene|73\/100|[from] item: Life Orb\n|move|p2a: Agamennone|Stomping Tantrum|p1b: Hatterene\n|-supereffective|p1b: Hatterene\n|-damage|p1b: Hatterene|12\/100\n|move|p1a: Iron Hands|Volt Switch|p2b: Giulio lockketti\n|-damage|p2b: Giulio lockketti|72\/100\n|\n|t:|1683032749\n|-end|p1a: Iron Hands|Quark Drive|[silent]\n|switch|p1a: Amoonguss|Amoonguss, L50, F|100\/100|[from] Volt Switch\n|\n|upkeep\n|turn|4\n|inactive|legnobello has 30 seconds left.\n|inactive|legnobello has 20 seconds left.\n|\n|t:|1683032786\n|switch|p2a: Mario Draghi|Roaring Moon, L50|100\/100\n|-enditem|p2a: Mario Draghi|Booster Energy\n|-activate|p2a: Mario Draghi|ability: Protosynthesis|[fromitem]\n|-start|p2a: Mario Draghi|protosynthesisatk\n|move|p1b: Hatterene|Mystical Fire|p2b: Giulio lockketti\n|-supereffective|p2b: Giulio lockketti\n|-damage|p2b: Giulio lockketti|0 fnt\n|faint|p2b: Giulio lockketti\n|-damage|p1b: Hatterene|2\/100|[from] item: Life Orb\n|move|p1a: Amoonguss|Spore|p2a: Mario Draghi\n|-status|p2a: Mario Draghi|slp|[from] move: Spore\n|\n|upkeep\n|\n|t:|1683032802\n|switch|p2b: Agamennone|Ting-Lu, L50, tera:Poison|47\/100\n|-ability|p2b: Agamennone|Vessel of Ruin\n|turn|5\n|inactive|legnobello has 30 seconds left.\n|inactive|legnobello has 20 seconds left.\n|\n|t:|1683032842\n|-end|p2a: Mario Draghi|Protosynthesis|[silent]\n|switch|p2a: Corviknight|Corviknight, L50, F|90\/100\n|move|p1b: Hatterene|Dazzling Gleam|p2a: Corviknight|[spread] p2a,p2b\n|-resisted|p2a: Corviknight\n|-resisted|p2b: Agamennone\n|-damage|p2a: Corviknight|80\/100\n|-damage|p2b: Agamennone|44\/100\n|-damage|p1b: Hatterene|0 fnt|[from] item: Life Orb\n|faint|p1b: Hatterene\n|move|p1a: Amoonguss|Spore|p2b: Agamennone\n|-status|p2b: Agamennone|slp|[from] move: Spore\n|cant|p2b: Agamennone|slp\n|\n|-fieldend|move: Trick Room\n|upkeep\n|\n|t:|1683032859\n|switch|p1b: Skeledirge|Skeledirge, L50, F|100\/100\n|turn|6\n|\n|t:|1683032871\n|move|p1a: Amoonguss|Protect|p1a: Amoonguss\n|-singleturn|p1a: Amoonguss|Protect\n|move|p2a: Corviknight|Brave Bird|p1a: Amoonguss\n|-activate|p1a: Amoonguss|move: Protect\n|-curestatus|p2b: Agamennone|slp|[msg]\n|move|p2b: Agamennone|Snarl|p1a: Amoonguss|[spread] p1b\n|-activate|p1a: Amoonguss|move: Protect\n|-supereffective|p1b: Skeledirge\n|-damage|p1b: Skeledirge|88\/100\n|-unboost|p1b: Skeledirge|spa|1\n|move|p1b: Skeledirge|Torch Song|p2a: Corviknight\n|-supereffective|p2a: Corviknight\n|-damage|p2a: Corviknight|50\/100\n|-boost|p1b: Skeledirge|spa|1\n|-enditem|p2a: Corviknight|Sitrus Berry|[eat]\n|-heal|p2a: Corviknight|75\/100|[from] item: Sitrus Berry\n|-enditem|p1b: Skeledirge|Throat Spray\n|-boost|p1b: Skeledirge|spa|1|[from] item: Throat Spray\n|\n|upkeep\n|turn|7\n|inactive|Bermuth has 30 seconds left.\n|inactive|legnobello has 30 seconds left.\n|inactive|legnobello has 20 seconds left.\n|inactive|legnobello has 15 seconds left.\n|\n|t:|1683032912\n|switch|p2a: Mario Draghi|Roaring Moon, L50|100\/100 slp\n|move|p2b: Agamennone|Throat Chop|p1b: Skeledirge\n|-supereffective|p1b: Skeledirge\n|-damage|p1b: Skeledirge|37\/100\n|-start|p1b: Skeledirge|Throat Chop|[silent]\n|cant|p1b: Skeledirge|move: Throat Chop\n|move|p1a: Amoonguss|Spore|p2b: Agamennone\n|-status|p2b: Agamennone|slp|[from] move: Spore\n|\n|upkeep\n|turn|8\n|\n|t:|1683032934\n|cant|p2a: Mario Draghi|slp\n|cant|p2b: Agamennone|slp\n|move|p1b: Skeledirge|Earth Power|p2b: Agamennone\n|-supereffective|p2b: Agamennone\n|-damage|p2b: Agamennone|25\/100 slp\n|-unboost|p2b: Agamennone|spd|1\n|move|p1a: Amoonguss|Pollen Puff|p1b: Skeledirge\n|-heal|p1b: Skeledirge|87\/100\n|\n|-end|p1b: Skeledirge|Throat Chop|[silent]\n|upkeep\n|turn|9\n|inactive|legnobello has 30 seconds left.\n|\n|t:|1683032959\n|switch|p1a: Iron Hands|Iron Hands, L50|79\/100\n|-curestatus|p2a: Mario Draghi|slp|[msg]\n|move|p2a: Mario Draghi|Protect|p2a: Mario Draghi\n|-singleturn|p2a: Mario Draghi|Protect\n|-curestatus|p2b: Agamennone|slp|[msg]\n|move|p2b: Agamennone|Throat Chop|p1b: Skeledirge\n|-supereffective|p1b: Skeledirge\n|-damage|p1b: Skeledirge|37\/100\n|-start|p1b: Skeledirge|Throat Chop|[silent]\n|move|p1b: Skeledirge|Earth Power|p2b: Agamennone\n|-supereffective|p2b: Agamennone\n|-damage|p2b: Agamennone|7\/100\n|-unboost|p2b: Agamennone|spd|1\n|\n|upkeep\n|turn|10\n|inactive|legnobello has 30 seconds left.\n|inactive|Bermuth has 30 seconds left.\n|\n|t:|1683032993\n|-end|p2a: Mario Draghi|Protosynthesis|[silent]\n|switch|p2a: Corviknight|Corviknight, L50, F|75\/100\n|switch|p1b: Amoonguss|Amoonguss, L50, F|100\/100\n|move|p1a: Iron Hands|Fake Out|p2b: Agamennone\n|-damage|p2b: Agamennone|2\/100\n|cant|p2b: Agamennone|flinch\n|\n|-sideend|p2: legnobello|Reflect\n|upkeep\n|turn|11\n|\n|t:|1683033011\n|move|p1b: Amoonguss|Protect|p1b: Amoonguss\n|-singleturn|p1b: Amoonguss|Protect\n|move|p2a: Corviknight|Brave Bird|p1a: Iron Hands\n|-damage|p1a: Iron Hands|54\/100\n|-damage|p2a: Corviknight|65\/100|[from] Recoil\n|move|p1a: Iron Hands|Drain Punch|p2a: Corviknight\n|-damage|p2a: Corviknight|44\/100\n|-heal|p1a: Iron Hands|63\/100|[from] drain|[of] p2a: Corviknight\n|move|p2b: Agamennone|Stomping Tantrum|p1a: Iron Hands\n|-supereffective|p1a: Iron Hands\n|-damage|p1a: Iron Hands|0 fnt\n|faint|p1a: Iron Hands\n|-end|p1a: Iron Hands|Quark Drive|[silent]\n|\n|upkeep\n|\n|t:|1683033024\n|switch|p1a: Skeledirge|Skeledirge, L50, F|37\/100\n|turn|12\n|inactive|legnobello has 30 seconds left.\n|\n|t:|1683033055\n|move|p2a: Corviknight|Brave Bird|p1b: Amoonguss\n|-supereffective|p1b: Amoonguss\n|-damage|p1b: Amoonguss|30\/100\n|-enditem|p1b: Amoonguss|Sitrus Berry|[eat]\n|-heal|p1b: Amoonguss|55\/100|[from] item: Sitrus Berry\n|-damage|p2a: Corviknight|20\/100|[from] Recoil\n|move|p2b: Agamennone|Snarl|p1b: Amoonguss|[spread] p1a,p1b\n|-supereffective|p1a: Skeledirge\n|-damage|p1a: Skeledirge|23\/100\n|-damage|p1b: Amoonguss|49\/100\n|-unboost|p1a: Skeledirge|spa|1\n|-unboost|p1b: Amoonguss|spa|1\n|move|p1a: Skeledirge|Torch Song|p2a: Corviknight\n|-supereffective|p2a: Corviknight\n|-damage|p2a: Corviknight|0 fnt\n|-boost|p1a: Skeledirge|spa|1\n|faint|p2a: Corviknight\n|move|p1b: Amoonguss|Pollen Puff|p1a: Skeledirge\n|-heal|p1a: Skeledirge|73\/100\n|\n|upkeep\n|\n|t:|1683033075\n|switch|p2a: Mario Draghi|Roaring Moon, L50|100\/100\n|turn|13\n|\n|t:|1683033099\n|move|p2a: Mario Draghi|Throat Chop|p1a: Skeledirge\n|-supereffective|p1a: Skeledirge\n|-damage|p1a: Skeledirge|0 fnt\n|faint|p1a: Skeledirge\n|move|p2b: Agamennone|Throat Chop|p1b: Amoonguss\n|-damage|p1b: Amoonguss|21\/100\n|-start|p1b: Amoonguss|Throat Chop|[silent]\n|move|p1b: Amoonguss|Spore|p2a: Mario Draghi\n|-status|p2a: Mario Draghi|slp|[from] move: Spore\n|\n|upkeep\n|turn|14\n|\n|t:|1683033113\n|cant|p2a: Mario Draghi|slp\n|move|p2b: Agamennone|Throat Chop|p1b: Amoonguss\n|-damage|p1b: Amoonguss|0 fnt\n|faint|p1b: Amoonguss\n|\n|win|legnobello\n|raw|Bermuth's rating: 1189 → 1165<\/strong> (-24 for losing)\n|raw|legnobello's rating: 1199 → 1223<\/strong> (+24 for winning)\n|l|\u2606Bermuth\n|c|\u2606legnobello|Gg\n","uploadtime":1683033126,"views":6,"p1id":"bermuth","p2id":"legnobello","formatid":"gen9vgc2023regulationc","rating":1165,"private":0,"password":""}