{"id":"gen9vgc2023regulationc-1855346992","p1":"Mavrjce","p2":"JumpluffGoodCopium","format":"[Gen 9] VGC 2023 Regulation C","log":"|j|\u2606Mavrjce\n|j|\u2606JumpluffGoodCopium\n|t:|1682940942\n|gametype|doubles\n|player|p1|Mavrjce|170|1052\n|player|p2|JumpluffGoodCopium|dawn-gen4pt|1125\n|teamsize|p1|6\n|teamsize|p2|6\n|gen|9\n|tier|[Gen 9] VGC 2023 Regulation C\n|rated|\n|rule|Species Clause: Limit one of each Pok\u00e9mon\n|rule|Item Clause: Limit one of each item\n|clearpoke\n|poke|p1|Gardevoir, L50, F|\n|poke|p1|Garchomp, L50, M|\n|poke|p1|Corviknight, L50, M|\n|poke|p1|Gastrodon, L50, F|\n|poke|p1|Iron Bundle, L50|\n|poke|p1|Eelektross, L50, F|\n|poke|p2|Jumpluff, L50, F|\n|poke|p2|Torkoal, L50, F|\n|poke|p2|Flutter Mane, L50|\n|poke|p2|Amoonguss, L50, M|\n|poke|p2|Garganacl, L50, F|\n|poke|p2|Chi-Yu, L50|\n|teampreview|4\n|inactive|Battle timer is ON: inactive players will automatically lose when time's up. (requested by JumpluffGoodCopium)\nJumpluffGoodCopium has agreed to open team sheets.\n|inactive|Mavrjce has 60 seconds left.\n|inactive|Mavrjce has 30 seconds left.\n|\n|t:|1682941018\n|start\n|switch|p1a: Garchomp|Garchomp, L50, M|100\/100\n|switch|p1b: Corviknight|Corviknight, L50, M|100\/100\n|switch|p2a: Jumpluff|Jumpluff, L50, F|100\/100\n|switch|p2b: Torkoal|Torkoal, L50, F|100\/100\n|-weather|SunnyDay|[from] ability: Drought|[of] p2b: Torkoal\n|turn|1\n|\n|t:|1682941041\n|move|p2a: Jumpluff|Tailwind|p2a: Jumpluff\n|-sidestart|p2: JumpluffGoodCopium|move: Tailwind\n|move|p2b: Torkoal|Eruption|p1a: Garchomp|[spread] p1a,p1b\n|-resisted|p1a: Garchomp\n|-crit|p1a: Garchomp\n|-supereffective|p1b: Corviknight\n|-damage|p1a: Garchomp|41\/100\n|-damage|p1b: Corviknight|0 fnt\n|faint|p1b: Corviknight\n|move|p1a: Garchomp|Rock Slide|p2a: Jumpluff|[spread] p2b\n|-miss|p1a: Garchomp|p2a: Jumpluff\n|-supereffective|p2b: Torkoal\n|-crit|p2b: Torkoal\n|-damage|p2b: Torkoal|31\/100\n|-damage|p1a: Garchomp|31\/100|[from] item: Life Orb\n|\n|-weather|SunnyDay|[upkeep]\n|upkeep\n|\n|t:|1682941060\n|switch|p1b: Gastrodon|Gastrodon, L50, F|100\/100\n|turn|2\n|\n|t:|1682941080\n|move|p2a: Jumpluff|Helping Hand|p2b: Torkoal\n|-singleturn|p2b: Torkoal|Helping Hand|[of] p2a: Jumpluff\n|move|p2b: Torkoal|Eruption|p1a: Garchomp|[spread] p1a,p1b\n|-resisted|p1a: Garchomp\n|-resisted|p1b: Gastrodon\n|-damage|p1a: Garchomp|14\/100\n|-damage|p1b: Gastrodon|86\/100\n|move|p1a: Garchomp|Rock Slide|p2a: Jumpluff|[spread] p2a,p2b\n|-supereffective|p2a: Jumpluff\n|-supereffective|p2b: Torkoal\n|-damage|p2a: Jumpluff|38\/100\n|-damage|p2b: Torkoal|0 fnt\n|faint|p2b: Torkoal\n|-damage|p1a: Garchomp|4\/100|[from] item: Life Orb\n|move|p1b: Gastrodon|Ice Beam|p2a: Jumpluff\n|-supereffective|p2a: Jumpluff\n|-damage|p2a: Jumpluff|0 fnt\n|faint|p2a: Jumpluff\n|\n|-weather|SunnyDay|[upkeep]\n|upkeep\n|\n|t:|1682941093\n|switch|p2a: Flutter Mane|Flutter Mane, L50|100\/100\n|switch|p2b: Amoonguss|Amoonguss, L50, M|100\/100\n|-activate|p2a: Flutter Mane|ability: Protosynthesis\n|-start|p2a: Flutter Mane|protosynthesisspa\n|turn|3\n|\n|t:|1682941109\n|move|p1a: Garchomp|Protect|p1a: Garchomp\n|-singleturn|p1a: Garchomp|Protect\n|move|p2a: Flutter Mane|Substitute|p2a: Flutter Mane\n|-start|p2a: Flutter Mane|Substitute\n|-damage|p2a: Flutter Mane|76\/100\n|move|p2b: Amoonguss|Spore|p1b: Gastrodon\n|-status|p1b: Gastrodon|slp|[from] move: Spore\n|cant|p1b: Gastrodon|slp\n|\n|-weather|SunnyDay|[upkeep]\n|upkeep\n|turn|4\n|inactive|Mavrjce has 30 seconds left.\n|inactive|Mavrjce has 20 seconds left.\n|inactive|Mavrjce has 15 seconds left.\n|inactive|Mavrjce has 10 seconds left.\n|\n|t:|1682941154\n|move|p1a: Garchomp|Protect||[still]\n|-fail|p1a: Garchomp\n|move|p2a: Flutter Mane|Hex|p1b: Gastrodon\n|-damage|p1b: Gastrodon|1\/100 slp\n|move|p2b: Amoonguss|Pollen Puff|p2a: Flutter Mane\n|-heal|p2a: Flutter Mane|100\/100\n|cant|p1b: Gastrodon|slp\n|\n|-weather|SunnyDay|[upkeep]\n|-sideend|p2: JumpluffGoodCopium|move: Tailwind\n|upkeep\n|turn|5\n|\n|t:|1682941176\n|move|p2a: Flutter Mane|Hex|p1b: Gastrodon\n|-damage|p1b: Gastrodon|0 fnt\n|faint|p1b: Gastrodon\n|move|p1a: Garchomp|Dragon Claw|p2b: Amoonguss\n|-damage|p2b: Amoonguss|46\/100\n|-enditem|p2b: Amoonguss|Sitrus Berry|[eat]\n|-heal|p2b: Amoonguss|71\/100|[from] item: Sitrus Berry\n|-damage|p1a: Garchomp|0 fnt|[from] item: Life Orb\n|faint|p1a: Garchomp\n|move|p2b: Amoonguss|Pollen Puff|p1: Garchomp|[notarget]\n|-fail|p2b: Amoonguss\n|\n|-weather|none\n|-end|p2a: Flutter Mane|Protosynthesis\n|upkeep\n|-enditem|p2a: Flutter Mane|Booster Energy\n|-activate|p2a: Flutter Mane|ability: Protosynthesis|[fromitem]\n|-start|p2a: Flutter Mane|protosynthesisspa\n|inactive|Mavrjce has 30 seconds left.\n|\n|t:|1682941204\n|switch|p1b: Eelektross|Eelektross, L50, F|100\/100\n|turn|6\n|\n|t:|1682941219\n|-terastallize|p1b: Eelektross|Steel\n|move|p2a: Flutter Mane|Moonblast|p1b: Eelektross\n|-resisted|p1b: Eelektross\n|-damage|p1b: Eelektross|75\/100\n|move|p1b: Eelektross|Flamethrower|p2b: Amoonguss\n|-supereffective|p2b: Amoonguss\n|-damage|p2b: Amoonguss|29\/100\n|move|p2b: Amoonguss|Spore|p1b: Eelektross\n|-status|p1b: Eelektross|slp|[from] move: Spore\n|\n|upkeep\n|turn|7\n|\n|t:|1682941232\n|move|p2a: Flutter Mane|Hex|p1b: Eelektross\n|-damage|p1b: Eelektross|0 fnt\n|faint|p1b: Eelektross\n|\n|win|JumpluffGoodCopium\n|raw|Mavrjce's rating: 1052 → 1038<\/strong> (-14 for losing)\n|raw|JumpluffGoodCopium's rating: 1125 → 1145<\/strong> (+20 for winning)\n|l|\u2606Mavrjce\n","uploadtime":1682941240,"views":28,"p1id":"mavrjce","p2id":"jumpluffgoodcopium","formatid":"gen9vgc2023regulationc","rating":1038,"private":0,"password":""}