{"id":"gen9vgc2023regulationc-1857427189","p1":"TrainerRYSA","p2":"GamerofMediocrity","format":"[Gen 9] VGC 2023 Regulation C","log":"|j|\u2606TrainerRYSA\n|j|\u2606GamerofMediocrity\n|t:|1683191414\n|gametype|doubles\n|player|p1|TrainerRYSA|169|1210\n|player|p2|GamerofMediocrity|266|1163\n|teamsize|p1|6\n|teamsize|p2|6\n|gen|9\n|tier|[Gen 9] VGC 2023 Regulation C\n|rated|\n|rule|Species Clause: Limit one of each Pok\u00e9mon\n|rule|Item Clause: Limit one of each item\n|clearpoke\n|poke|p1|Flutter Mane, L50|\n|poke|p1|Iron Hands, L50|\n|poke|p1|Dragonite, L50, M|\n|poke|p1|Umbreon, L50, M|\n|poke|p1|Gyarados, L50, M|\n|poke|p1|Chi-Yu, L50|\n|poke|p2|Ting-Lu, L50|\n|poke|p2|Annihilape, L50, F|\n|poke|p2|Hatterene, L50, F|\n|poke|p2|Iron Hands, L50|\n|poke|p2|Iron Bundle, L50|\n|poke|p2|Dragapult, L50, F|\n|teampreview|4\n|inactive|Battle timer is ON: inactive players will automatically lose when time's up. (requested by GamerofMediocrity)\n|inactive|TrainerRYSA has 60 seconds left.\nGamerofMediocrity rejected open team sheets.\n|\n|t:|1683191450\n|start\n|switch|p1a: Dragonite|Dragonite, L50, M, shiny|100\/100\n|switch|p1b: Chi-Yu|Chi-Yu, L50|100\/100\n|switch|p2a: Iron Hands|Iron Hands, L50|100\/100\n|switch|p2b: Hatterene|Hatterene, L50, F|100\/100\n|-ability|p1b: Chi-Yu|Beads of Ruin\n|turn|1\n|inactive|TrainerRYSA has 30 seconds left.\n|\n|t:|1683191481\n|-terastallize|p1a: Dragonite|Normal\n|move|p2a: Iron Hands|Fake Out|p1b: Chi-Yu\n|-damage|p1b: Chi-Yu|75\/100\n|move|p1a: Dragonite|Extreme Speed|p2b: Hatterene\n|-damage|p2b: Hatterene|25\/100\n|cant|p1b: Chi-Yu|flinch\n|move|p2b: Hatterene|Trick Room|p2b: Hatterene\n|-fieldstart|move: Trick Room|[of] p2b: Hatterene\n|\n|upkeep\n|turn|2\n|inactive|GamerofMediocrity has 30 seconds left.\n|\n|t:|1683191509\n|switch|p1b: Flutter Mane|Flutter Mane, L50|100\/100\n|-enditem|p1b: Flutter Mane|Booster Energy\n|-activate|p1b: Flutter Mane|ability: Protosynthesis|[fromitem]\n|-start|p1b: Flutter Mane|protosynthesisspa\n|move|p2b: Hatterene|Protect|p2b: Hatterene\n|-singleturn|p2b: Hatterene|Protect\n|move|p1a: Dragonite|Extreme Speed|p2b: Hatterene\n|-activate|p2b: Hatterene|move: Protect\n|move|p2a: Iron Hands|Drain Punch|p1b: Flutter Mane\n|-immune|p1b: Flutter Mane\n|\n|upkeep\n|turn|3\n|\n|t:|1683191525\n|switch|p2b: Ting-Lu|Ting-Lu, L50|100\/100\n|-ability|p2b: Ting-Lu|Vessel of Ruin\n|move|p1a: Dragonite|Extreme Speed|p2b: Ting-Lu\n|-damage|p2b: Ting-Lu|60\/100\n|move|p2a: Iron Hands|Drain Punch|p1a: Dragonite\n|-supereffective|p1a: Dragonite\n|-damage|p1a: Dragonite|59\/100\n|move|p1b: Flutter Mane|Moonblast|p2a: Iron Hands\n|-supereffective|p2a: Iron Hands\n|-damage|p2a: Iron Hands|36\/100\n|\n|upkeep\n|turn|4\n|inactive|TrainerRYSA has 30 seconds left.\n|inactive|GamerofMediocrity has 30 seconds left.\n|inactive|GamerofMediocrity has 20 seconds left.\n|\n|t:|1683191563\n|switch|p1a: Sasuke|Umbreon, L50, M, shiny|100\/100\n|move|p2b: Ting-Lu|Stomping Tantrum|p1b: Flutter Mane\n|-damage|p1b: Flutter Mane|42\/100\n|move|p2a: Iron Hands|Drain Punch|p1a: Sasuke\n|-supereffective|p1a: Sasuke\n|-damage|p1a: Sasuke|46\/100\n|-heal|p2a: Iron Hands|57\/100|[from] drain|[of] p1a: Sasuke\n|move|p1b: Flutter Mane|Moonblast|p2b: Ting-Lu\n|-supereffective|p2b: Ting-Lu\n|-damage|p2b: Ting-Lu|0 fnt\n|faint|p2b: Ting-Lu\n|\n|upkeep\n|\n|t:|1683191581\n|switch|p2b: Annihilape|Annihilape, L50, F|100\/100\n|turn|5\n|\n|t:|1683191591\n|-end|p2a: Iron Hands|Quark Drive|[silent]\n|switch|p2a: Hatterene|Hatterene, L50, F|25\/100\n|-terastallize|p2b: Annihilape|Water\n|move|p1b: Flutter Mane|Protect|p1b: Flutter Mane\n|-singleturn|p1b: Flutter Mane|Protect\n|move|p1a: Sasuke|Foul Play|p2b: Annihilape\n|-damage|p2b: Annihilape|62\/100\n|move|p2b: Annihilape|Bulk Up|p2b: Annihilape\n|-boost|p2b: Annihilape|atk|1\n|-boost|p2b: Annihilape|def|1\n|-enditem|p1a: Sasuke|Mirror Herb\n|-boost|p1a: Sasuke|atk|1|[from] item: Mirror Herb\n|-boost|p1a: Sasuke|def|1|[from] item: Mirror Herb\n|\n|-heal|p2b: Annihilape|68\/100|[from] item: Leftovers\n|-fieldend|move: Trick Room\n|upkeep\n|turn|6\n|\n|t:|1683191616\n|move|p1b: Flutter Mane|Dazzling Gleam|p2a: Hatterene|[spread] p2a,p2b\n|-crit|p2a: Hatterene\n|-damage|p2a: Hatterene|0 fnt\n|-damage|p2b: Annihilape|30\/100\n|faint|p2a: Hatterene\n|move|p2b: Annihilape|Rage Fist|p1b: Flutter Mane\n|-supereffective|p1b: Flutter Mane\n|-damage|p1b: Flutter Mane|0 fnt\n|faint|p1b: Flutter Mane\n|-end|p1b: Flutter Mane|Protosynthesis|[silent]\n|move|p1a: Sasuke|Foul Play|p2b: Annihilape\n|-damage|p2b: Annihilape|0 fnt\n|faint|p2b: Annihilape\n|\n|upkeep\n|\n|t:|1683191635\n|switch|p1b: Dragonite|Dragonite, L50, M, shiny, tera:Normal|59\/100\n|switch|p2b: Iron Hands|Iron Hands, L50|57\/100\n|turn|7\n|\n|t:|1683191649\n|move|p1b: Dragonite|Extreme Speed|p2b: Iron Hands\n|-damage|p2b: Iron Hands|10\/100\n|move|p1a: Sasuke|Foul Play|p2b: Iron Hands\n|-resisted|p2b: Iron Hands\n|-damage|p2b: Iron Hands|0 fnt\n|faint|p2b: Iron Hands\n|-end|p2b: Iron Hands|Quark Drive|[silent]\n|\n|win|TrainerRYSA\n|raw|TrainerRYSA's rating: 1210 → 1232<\/strong> (+22 for winning)\n|raw|GamerofMediocrity's rating: 1163 → 1141<\/strong> (-22 for losing)\n|l|\u2606GamerofMediocrity\n","uploadtime":1683191660,"views":5,"p1id":"trainerrysa","p2id":"gamerofmediocrity","formatid":"gen9vgc2023regulationc","rating":1141,"private":0,"password":""}