{"id":"gen9vgc2023regulationc-1857478881","p1":"Fairy Tail GG","p2":"lamp114514","format":"[Gen 9] VGC 2023 Regulation C","log":"|j|\u2606Fairy Tail GG\n|j|\u2606lamp114514\n|t:|1683199350\n|gametype|doubles\n|player|p1|Fairy Tail GG|101|1301\n|player|p2|lamp114514|102|1324\n|teamsize|p1|6\n|teamsize|p2|6\n|gen|9\n|tier|[Gen 9] VGC 2023 Regulation C\n|rated|\n|rule|Species Clause: Limit one of each Pok\u00e9mon\n|rule|Item Clause: Limit one of each item\n|clearpoke\n|poke|p1|Dondozo, L50, F|\n|poke|p1|Tatsugiri, L50, F|\n|poke|p1|Dragonite, L50, F|\n|poke|p1|Chien-Pao, L50|\n|poke|p1|Chi-Yu, L50|\n|poke|p1|Flutter Mane, L50|\n|poke|p2|Scizor, L50, F|\n|poke|p2|Flutter Mane, L50|\n|poke|p2|Rotom-Wash, L50|\n|poke|p2|Great Tusk, L50|\n|poke|p2|Arcanine, L50, M|\n|poke|p2|Chien-Pao, L50|\n|teampreview|4\n|inactive|Battle timer is ON: inactive players will automatically lose when time's up. (requested by Fairy Tail GG)\n|\n|t:|1683199374\n|start\n|switch|p1a: Dragonite|Dragonite, L50, F|100\/100\n|switch|p1b: Chien-Pao|Chien-Pao, L50|100\/100\n|switch|p2a: Arcanine|Arcanine, L50, M|100\/100\n|switch|p2b: dont miss|Rotom-Wash, L50|100\/100\n|-ability|p1b: Chien-Pao|Sword of Ruin\n|-ability|p2a: Arcanine|Intimidate|boost\n|-unboost|p1a: Dragonite|atk|1\n|-unboost|p1b: Chien-Pao|atk|1\n|turn|1\n|\n|t:|1683199397\n|switch|p2a: Scizor|Scizor, L50, F|100\/100\n|move|p1a: Dragonite|Extreme Speed|p2b: dont miss\n|-damage|p2b: dont miss|62\/100\n|move|p1b: Chien-Pao|Sacred Sword|p2b: dont miss\n|-damage|p2b: dont miss|39\/100\n|-enditem|p2b: dont miss|Sitrus Berry|[eat]\n|-heal|p2b: dont miss|64\/100|[from] item: Sitrus Berry\n|move|p2b: dont miss|Will-O-Wisp|p1a: Dragonite\n|-status|p1a: Dragonite|brn\n|\n|-damage|p1a: Dragonite|94\/100 brn|[from] brn\n|upkeep\n|turn|2\n|\n|t:|1683199421\n|move|p1a: Dragonite|Extreme Speed|p2b: dont miss\n|-damage|p2b: dont miss|44\/100\n|move|p1b: Chien-Pao|Sucker Punch|p2b: dont miss\n|-damage|p2b: dont miss|14\/100\n|move|p2a: Scizor|Bullet Punch|p1b: Chien-Pao\n|-supereffective|p1b: Chien-Pao\n|-enditem|p1b: Chien-Pao|Focus Sash\n|-damage|p1b: Chien-Pao|1\/100\n|move|p2b: dont miss|Thunderbolt|p1a: Dragonite\n|-damage|p1a: Dragonite|67\/100 brn\n|\n|-damage|p1a: Dragonite|61\/100 brn|[from] brn\n|upkeep\n|turn|3\n|\n|t:|1683199440\n|move|p2b: dont miss|Protect|p2b: dont miss\n|-singleturn|p2b: dont miss|Protect\n|move|p1a: Dragonite|Extreme Speed|p2b: dont miss\n|-activate|p2b: dont miss|move: Protect\n|move|p1b: Chien-Pao|Sucker Punch|p2a: Scizor\n|-damage|p2a: Scizor|64\/100\n|move|p2a: Scizor|Bullet Punch|p1b: Chien-Pao\n|-supereffective|p1b: Chien-Pao\n|-damage|p1b: Chien-Pao|0 fnt\n|faint|p1b: Chien-Pao\n|\n|-damage|p1a: Dragonite|55\/100 brn|[from] brn\n|upkeep\n|\n|t:|1683199453\n|switch|p1b: Dondozo|Dondozo, L50, F|100\/100\n|turn|4\n|\n|t:|1683199463\n|switch|p2b: Arcanine|Arcanine, L50, M|100\/100\n|-ability|p2b: Arcanine|Intimidate|boost\n|-unboost|p1a: Dragonite|atk|1\n|-unboost|p1b: Dondozo|atk|1\n|move|p1b: Dondozo|Protect|p1b: Dondozo\n|-singleturn|p1b: Dondozo|Protect\n|move|p1a: Dragonite|Extreme Speed|p2b: Arcanine\n|-damage|p2b: Arcanine|88\/100\n|move|p2a: Scizor|U-turn|p1b: Dondozo\n|-activate|p1b: Dondozo|move: Protect\n|\n|-damage|p1a: Dragonite|48\/100 brn|[from] brn\n|upkeep\n|turn|5\n|\n|t:|1683199483\n|switch|p2b: dont miss|Rotom-Wash, L50|14\/100\n|switch|p1a: Tatsugiri|Tatsugiri, L50, F|100\/100\n|-activate|p1a: Tatsugiri|ability: Commander|[of] p1b: Dondozo\n|-boost|p1b: Dondozo|atk|2\n|-boost|p1b: Dondozo|spa|2\n|-boost|p1b: Dondozo|spe|2\n|-boost|p1b: Dondozo|def|2\n|-boost|p1b: Dondozo|spd|2\n|move|p1b: Dondozo|Earthquake|p2b: dont miss|[spread] p2a\n|-miss|p1b: Dondozo|p1a: Tatsugiri\n|-immune|p2b: dont miss|[from] ability: Levitate\n|-damage|p2a: Scizor|29\/100\n|move|p2a: Scizor|U-turn|p1b: Dondozo\n|-damage|p1b: Dondozo|87\/100\n|\n|t:|1683199500\n|switch|p2a: Arcanine|Arcanine, L50, M|88\/100|[from] U-turn\n|-ability|p2a: Arcanine|Intimidate|boost\n|-unboost|p1a: Tatsugiri|atk|1\n|-unboost|p1b: Dondozo|atk|1\n|\n|-heal|p1b: Dondozo|93\/100|[from] item: Leftovers\n|upkeep\n|turn|6\n|inactive|lamp114514 has 30 seconds left.\n|\n|t:|1683199534\n|-terastallize|p2a: Arcanine|Grass\n|move|p2b: dont miss|Protect|p2b: dont miss\n|-singleturn|p2b: dont miss|Protect\n|move|p2a: Arcanine|Extreme Speed|p1b: Dondozo\n|-damage|p1b: Dondozo|85\/100\n|move|p1b: Dondozo|Wave Crash|p2b: dont miss\n|-activate|p2b: dont miss|move: Protect\n|\n|-heal|p1b: Dondozo|92\/100|[from] item: Leftovers\n|upkeep\n|turn|7\n|\n|t:|1683199553\n|switch|p2a: Scizor|Scizor, L50, F|29\/100\n|move|p2b: dont miss|Will-O-Wisp|p1b: Dondozo\n|-status|p1b: Dondozo|brn\n|move|p1b: Dondozo|Wave Crash|p2b: dont miss\n|-resisted|p2b: dont miss\n|-damage|p2b: dont miss|3\/100\n|-damage|p1b: Dondozo|89\/100 brn|[from] Recoil\n|\n|-heal|p1b: Dondozo|95\/100 brn|[from] item: Leftovers\n|-damage|p1b: Dondozo|89\/100 brn|[from] brn\n|upkeep\n|turn|8\n|\n|t:|1683199567\n|move|p2b: dont miss|Thunderbolt|p1b: Dondozo\n|-supereffective|p1b: Dondozo\n|-damage|p1b: Dondozo|64\/100 brn\n|move|p1b: Dondozo|Earthquake|p2a: Scizor|[spread] p2a\n|-miss|p1b: Dondozo|p1a: Tatsugiri\n|-immune|p2b: dont miss|[from] ability: Levitate\n|-damage|p2a: Scizor|18\/100\n|move|p2a: Scizor|U-turn|p1b: Dondozo\n|-damage|p1b: Dondozo|52\/100 brn\n|\n|t:|1683199577\n|switch|p2a: Arcanine|Arcanine, L50, M, tera:Grass|88\/100|[from] U-turn\n|-ability|p2a: Arcanine|Intimidate|boost\n|-unboost|p1a: Tatsugiri|atk|1\n|-unboost|p1b: Dondozo|atk|1\n|\n|-heal|p1b: Dondozo|58\/100 brn|[from] item: Leftovers\n|-damage|p1b: Dondozo|52\/100 brn|[from] brn\n|upkeep\n|turn|9\n|\n|t:|1683199588\n|move|p2a: Arcanine|Extreme Speed|p1b: Dondozo\n|-damage|p1b: Dondozo|44\/100 brn\n|move|p2b: dont miss|Thunderbolt|p1b: Dondozo\n|-supereffective|p1b: Dondozo\n|-damage|p1b: Dondozo|20\/100 brn\n|move|p1b: Dondozo|Wave Crash|p2a: Arcanine\n|-resisted|p2a: Arcanine\n|-damage|p2a: Arcanine|79\/100\n|-damage|p1b: Dondozo|17\/100 brn|[from] Recoil\n|\n|-heal|p1b: Dondozo|23\/100 brn|[from] item: Leftovers\n|-damage|p1b: Dondozo|17\/100 brn|[from] brn\n|upkeep\n|turn|10\n|inactive|lamp114514 has 30 seconds left.\n|\n|t:|1683199615\n|switch|p2a: Chien-Pao|Chien-Pao, L50|100\/100\n|-ability|p2a: Chien-Pao|Sword of Ruin\n|move|p2b: dont miss|Thunderbolt|p1b: Dondozo\n|-supereffective|p1b: Dondozo\n|-damage|p1b: Dondozo|0 fnt\n|faint|p1b: Dondozo\n|\n|upkeep\n|\n|t:|1683199624\n|switch|p1b: Dragonite|Dragonite, L50, F|48\/100 brn\n|turn|11\n|inactive|Fairy Tail GG has 30 seconds left.\n|\n|t:|1683199656\n|switch|p2b: Arcanine|Arcanine, L50, M, tera:Grass|79\/100\n|-ability|p2b: Arcanine|Intimidate|boost\n|-unboost|p1a: Tatsugiri|atk|1\n|-unboost|p1b: Dragonite|atk|1\n|-terastallize|p1b: Dragonite|Normal\n|move|p2a: Chien-Pao|Protect|p2a: Chien-Pao\n|-singleturn|p2a: Chien-Pao|Protect\n|move|p1b: Dragonite|Extreme Speed|p2a: Chien-Pao\n|-activate|p2a: Chien-Pao|move: Protect\n|move|p1a: Tatsugiri|Icy Wind|p2a: Chien-Pao|[spread] p2b\n|-activate|p2a: Chien-Pao|move: Protect\n|-supereffective|p2b: Arcanine\n|-damage|p2b: Arcanine|50\/100\n|-unboost|p2b: Arcanine|spe|1\n|\n|-damage|p1b: Dragonite|42\/100 brn|[from] brn\n|upkeep\n|turn|12\n|inactive|lamp114514 has 30 seconds left.\n|\n|t:|1683199681\n|switch|p2b: dont miss|Rotom-Wash, L50|3\/100\n|move|p1b: Dragonite|Extreme Speed|p2a: Chien-Pao\n|-damage|p2a: Chien-Pao|66\/100\n|move|p2a: Chien-Pao|Sacred Sword|p1b: Dragonite\n|-supereffective|p1b: Dragonite\n|-damage|p1b: Dragonite|0 fnt\n|faint|p1b: Dragonite\n|move|p1a: Tatsugiri|Icy Wind|p2b: dont miss|[spread] p2a,p2b\n|-resisted|p2a: Chien-Pao\n|-resisted|p2b: dont miss\n|-damage|p2a: Chien-Pao|50\/100\n|-damage|p2b: dont miss|0 fnt\n|-unboost|p2a: Chien-Pao|spe|1\n|faint|p2b: dont miss\n|\n|upkeep\n|\n|t:|1683199694\n|switch|p2b: Scizor|Scizor, L50, F|18\/100\n|turn|13\n|\n|t:|1683199702\n|move|p2b: Scizor|Bullet Punch|p1a: Tatsugiri\n|-resisted|p1a: Tatsugiri\n|-damage|p1a: Tatsugiri|59\/100\n|move|p1a: Tatsugiri|Icy Wind|p2a: Chien-Pao|[spread] p2a,p2b\n|-resisted|p2a: Chien-Pao\n|-resisted|p2b: Scizor\n|-damage|p2a: Chien-Pao|35\/100\n|-damage|p2b: Scizor|4\/100\n|-unboost|p2a: Chien-Pao|spe|1\n|move|p2a: Chien-Pao|Ice Spinner|p1a: Tatsugiri\n|-damage|p1a: Tatsugiri|0 fnt\n|faint|p1a: Tatsugiri\n|\n|win|lamp114514\n|raw|Fairy Tail GG's rating: 1301 → 1282<\/strong> (-19 for losing)\n|raw|lamp114514's rating: 1324 → 1343<\/strong> (+19 for winning)\n|l|\u2606Fairy Tail GG\n","uploadtime":1683199716,"views":25,"p1id":"fairytailgg","p2id":"lamp114514","formatid":"gen9vgc2023regulationc","rating":1282,"private":0,"password":""}