{"id":"gen9vgc2023regulationc-1852463906","p1":"aaarrttt","p2":"fishy233","format":"[Gen 9] VGC 2023 Regulation C","log":"|j|\u2606aaarrttt\n|j|\u2606fishy233\n|t:|1682560849\n|gametype|doubles\n|player|p1|aaarrttt|102|1310\n|player|p2|fishy233|alder|1316\n|teamsize|p1|6\n|teamsize|p2|6\n|gen|9\n|tier|[Gen 9] VGC 2023 Regulation C\n|rated|\n|rule|Species Clause: Limit one of each Pok\u00e9mon\n|rule|Item Clause: Limit one of each item\n|clearpoke\n|poke|p1|Dondozo, L50, F|\n|poke|p1|Tatsugiri-Droopy, L50, M|\n|poke|p1|Pelipper, L50, F|\n|poke|p1|Drednaw, L50, F|\n|poke|p1|Dragonite, L50, M|\n|poke|p1|Chien-Pao, L50|\n|poke|p2|Palafin, L50, M|\n|poke|p2|Arcanine, L50, F|\n|poke|p2|Amoonguss, L50, M|\n|poke|p2|Flutter Mane, L50|\n|poke|p2|Ting-Lu, L50|\n|poke|p2|Roaring Moon, L50|\n|teampreview|4\n|inactive|Battle timer is ON: inactive players will automatically lose when time's up. (requested by fishy233)\nfishy233 rejected open team sheets.\n|inactive|fishy233 has 60 seconds left.\n|\n|t:|1682560903\n|start\n|switch|p1a: Pelipper|Pelipper, L50, F|100\/100\n|switch|p1b: Drednaw|Drednaw, L50, F, shiny|100\/100\n|switch|p2a: Dozo|Palafin, L50, M|100\/100\n|switch|p2b: Arcanine|Arcanine, L50, F|100\/100\n|-ability|p2b: Arcanine|Intimidate|boost\n|-unboost|p1a: Pelipper|atk|1\n|-unboost|p1b: Drednaw|atk|1\n|-weather|RainDance|[from] ability: Drizzle|[of] p1a: Pelipper\n|turn|1\n|inactive|fishy233 has 30 seconds left.\n|inactive|fishy233 has 20 seconds left.\n|inactive|fishy233 has 15 seconds left.\n|inactive|fishy233 has 10 seconds left.\n|\n|t:|1682560952\n|-terastallize|p2b: Arcanine|Water\n|move|p1b: Drednaw|Waterfall|p2b: Arcanine\n|-resisted|p2b: Arcanine\n|-damage|p2b: Arcanine|65\/100\n|cant|p2b: Arcanine|flinch\n|move|p2a: Dozo|Taunt|p1a: Pelipper\n|-start|p1a: Pelipper|move: Taunt\n|cant|p1a: Pelipper|move: Taunt|Tailwind\n|\n|-weather|RainDance|[upkeep]\n|upkeep\n|turn|2\n|\n|t:|1682560966\n|detailschange|p2a: Dozo|Palafin-Hero, L50, M\n|switch|p2a: Amoonguss|Amoonguss, L50, M|100\/100\n|move|p1b: Drednaw|Waterfall|p2b: Arcanine\n|-resisted|p2b: Arcanine\n|-damage|p2b: Arcanine|33\/100\n|move|p2b: Arcanine|Will-O-Wisp|p1b: Drednaw|[miss]\n|-miss|p2b: Arcanine|p1b: Drednaw\n|move|p1a: Pelipper|Hurricane|p2a: Amoonguss\n|-supereffective|p2a: Amoonguss\n|-damage|p2a: Amoonguss|13\/100\n|-enditem|p2a: Amoonguss|Sitrus Berry|[eat]\n|-heal|p2a: Amoonguss|38\/100|[from] item: Sitrus Berry\n|\n|-weather|RainDance|[upkeep]\n|upkeep\n|turn|3\n|\n|t:|1682560982\n|switch|p2a: Dozo|Palafin-Hero, L50, M|100\/100\n|-activate|p2a: Dozo|ability: Zero to Hero\n|move|p2b: Arcanine|Protect|p2b: Arcanine\n|-singleturn|p2b: Arcanine|Protect\n|move|p1b: Drednaw|Waterfall|p2b: Arcanine\n|-activate|p2b: Arcanine|move: Protect\n|move|p1a: Pelipper|Hurricane|p2a: Dozo\n|-damage|p2a: Dozo|48\/100\n|-start|p2a: Dozo|confusion\n|\n|-weather|RainDance|[upkeep]\n|-end|p1a: Pelipper|move: Taunt\n|upkeep\n|turn|4\n|\n|t:|1682561004\n|switch|p2b: Amoonguss|Amoonguss, L50, M|71\/100\n|move|p1b: Drednaw|Waterfall|p2a: Dozo\n|-resisted|p2a: Dozo\n|-damage|p2a: Dozo|19\/100\n|-activate|p2a: Dozo|confusion\n|-damage|p2a: Dozo|4\/100|[from] confusion\n|move|p1a: Pelipper|Hurricane|p2b: Amoonguss\n|-supereffective|p2b: Amoonguss\n|-damage|p2b: Amoonguss|0 fnt\n|faint|p2b: Amoonguss\n|\n|-weather|RainDance|[upkeep]\n|upkeep\n|c|\u2606fishy233|?\u2026..\n|\n|t:|1682561024\n|switch|p2b: Flutter Mane|Flutter Mane, L50|100\/100\n|turn|5\n|\n|t:|1682561035\n|switch|p2a: Arcanine|Arcanine, L50, F, tera:Water|33\/100\n|-ability|p2a: Arcanine|Intimidate|boost\n|-unboost|p1a: Pelipper|atk|1\n|-unboost|p1b: Drednaw|atk|1\n|move|p1b: Drednaw|Waterfall|p2a: Arcanine\n|-resisted|p2a: Arcanine\n|-damage|p2a: Arcanine|10\/100\n|move|p2b: Flutter Mane|Thunderbolt|p1b: Drednaw\n|-supereffective|p1b: Drednaw\n|-damage|p1b: Drednaw|0 fnt\n|faint|p1b: Drednaw\n|move|p1a: Pelipper|Water Pulse|p2b: Flutter Mane\n|-damage|p2b: Flutter Mane|63\/100\n|\n|-weather|RainDance|[upkeep]\n|upkeep\n|c|\u2606aaarrttt|lmfao\n|\n|t:|1682561042\n|switch|p1b: Dondozo|Dondozo, L50, F, shiny|100\/100\n|turn|6\n|\n|t:|1682561049\n|switch|p1a: Tatsugiri|Tatsugiri-Droopy, L50, M, shiny|100\/100\n|-activate|p1a: Tatsugiri|ability: Commander|[of] p1b: Dondozo\n|-boost|p1b: Dondozo|atk|2\n|-boost|p1b: Dondozo|spa|2\n|-boost|p1b: Dondozo|spe|2\n|-boost|p1b: Dondozo|def|2\n|-boost|p1b: Dondozo|spd|2\n|-terastallize|p1b: Dondozo|Water\n|move|p1b: Dondozo|Surf|p2b: Flutter Mane|[spread] p2a,p2b\n|-miss|p1b: Dondozo|p1a: Tatsugiri\n|-resisted|p2a: Arcanine\n|-damage|p2a: Arcanine|0 fnt\n|-damage|p2b: Flutter Mane|0 fnt\n|faint|p2a: Arcanine\n|faint|p2b: Flutter Mane\n|-end|p2b: Flutter Mane|Protosynthesis|[silent]\n|-damage|p1b: Dondozo|91\/100|[from] item: Life Orb\n|\n|-weather|RainDance|[upkeep]\n|upkeep\n|\n|t:|1682561053\n|switch|p2b: Dozo|Palafin-Hero, L50, M|4\/100\n|turn|7\n|c|\u2606aaarrttt|nt!\n|n|!fishy233|fishy233\n|-message|fishy233 forfeited.\n|\n|win|aaarrttt\n|raw|aaarrttt's rating: 1310 → 1330<\/strong> (+20 for winning)\n|raw|fishy233's rating: 1316 → 1296<\/strong> (-20 for losing)\n|l|!fishy233\n","uploadtime":1682561059,"views":8,"p1id":"aaarrttt","p2id":"fishy233","formatid":"gen9vgc2023regulationc","rating":1296,"private":0,"password":""}