{"id":"gen9vgc2023regulationc-1845459977","p1":"Alvarolm22","p2":"alemo_ales","format":"[Gen 9] VGC 2023 Regulation C","log":"|j|\u2606Alvarolm22\n|j|\u2606alemo_ales\n|t:|1681735764\n|gametype|doubles\n|player|p1|Alvarolm22|1|1092\n|player|p2|alemo_ales|parasollady-gen4|1110\n|teamsize|p1|6\n|teamsize|p2|6\n|gen|9\n|tier|[Gen 9] VGC 2023 Regulation C\n|rated|\n|rule|Species Clause: Limit one of each Pok\u00e9mon\n|rule|Item Clause: Limit one of each item\n|clearpoke\n|poke|p1|Arcanine, L50, M|\n|poke|p1|Gastrodon, L50, F|\n|poke|p1|Grimmsnarl, L50, M|\n|poke|p1|Glimmora, L50, F|\n|poke|p1|Iron Hands, L50|\n|poke|p1|Wo-Chien, L50|\n|poke|p2|Grafaiai, L50, M|\n|poke|p2|Palafin, L50, F|\n|poke|p2|Flutter Mane, L50|\n|poke|p2|Ceruledge, L50, M|\n|poke|p2|Amoonguss, L50, F|\n|poke|p2|Arcanine, L50, F|\n|teampreview|4\n|\n|t:|1681735806\n|start\n|switch|p1a: Grimmsnarl|Grimmsnarl, L50, M|100\/100\n|switch|p1b: Arcanine|Arcanine, L50, M, shiny|100\/100\n|switch|p2a: Grafaiai|Grafaiai, L50, M|100\/100\n|switch|p2b: Flutter Mane|Flutter Mane, L50|100\/100\n|-ability|p1b: Arcanine|Intimidate|boost\n|-unboost|p2a: Grafaiai|atk|1\n|-unboost|p2b: Flutter Mane|atk|1\n|-enditem|p2b: Flutter Mane|Booster Energy\n|-activate|p2b: Flutter Mane|ability: Protosynthesis|[fromitem]\n|-start|p2b: Flutter Mane|protosynthesisspe\n|turn|1\n|\n|t:|1681735825\n|move|p1b: Arcanine|Protect|p1b: Arcanine\n|-singleturn|p1b: Arcanine|Protect\n|move|p1a: Grimmsnarl|Light Screen|p1a: Grimmsnarl\n|-sidestart|p1: Alvarolm22|move: Light Screen\n|move|p2b: Flutter Mane|Moonblast|p1a: Grimmsnarl\n|-supereffective|p1a: Grimmsnarl\n|-damage|p1a: Grimmsnarl|49\/100\n|-unboost|p1a: Grimmsnarl|spa|1\n|move|p2a: Grafaiai|Foul Play|p1b: Arcanine\n|-activate|p1b: Arcanine|move: Protect\n|\n|upkeep\n|turn|2\n|\n|t:|1681735854\n|move|p2a: Grafaiai|Encore|p1b: Arcanine\n|-start|p1b: Arcanine|Encore\n|move|p1a: Grimmsnarl|Reflect|p1a: Grimmsnarl\n|-sidestart|p1: Alvarolm22|Reflect\n|move|p2b: Flutter Mane|Moonblast|p1a: Grimmsnarl\n|-supereffective|p1a: Grimmsnarl\n|-damage|p1a: Grimmsnarl|0 fnt\n|faint|p1a: Grimmsnarl\n|move|p1b: Arcanine|Protect||[still]\n|-fail|p1b: Arcanine\n|\n|upkeep\n|\n|t:|1681735871\n|switch|p1a: Glimmora|Glimmora, L50, F|100\/100\n|turn|3\n|\n|t:|1681735893\n|switch|p1b: Iron Hands|Iron Hands, L50|100\/100\n|-terastallize|p2b: Flutter Mane|Steel\n|move|p2b: Flutter Mane|Shadow Ball|p1a: Glimmora\n|-damage|p1a: Glimmora|71\/100\n|move|p2a: Grafaiai|Foul Play|p1a: Glimmora\n|-damage|p1a: Glimmora|63\/100\n|-activate|p1a: Glimmora|ability: Toxic Debris\n|-sidestart|p2: alemo_ales|move: Toxic Spikes\n|move|p1a: Glimmora|Sludge Bomb|p2b: Flutter Mane\n|-immune|p2b: Flutter Mane\n|\n|upkeep\n|turn|4\n|\n|t:|1681735921\n|switch|p1a: Arcanine|Arcanine, L50, M, shiny|100\/100\n|-ability|p1a: Arcanine|Intimidate|boost\n|-unboost|p2a: Grafaiai|atk|1\n|-unboost|p2b: Flutter Mane|atk|1\n|move|p2b: Flutter Mane|Protect|p2b: Flutter Mane\n|-singleturn|p2b: Flutter Mane|Protect\n|move|p2a: Grafaiai|Encore||[still]\n|-fail|p2a: Grafaiai\n|move|p1b: Iron Hands|Drain Punch|p2b: Flutter Mane\n|-activate|p2b: Flutter Mane|move: Protect\n|\n|upkeep\n|turn|5\n|\n|t:|1681735937\n|-end|p2b: Flutter Mane|Protosynthesis|[silent]\n|switch|p2b: Arcanine|Arcanine, L50, F|100\/100\n|-status|p2b: Arcanine|psn\n|-ability|p2b: Arcanine|Intimidate|boost\n|-unboost|p1a: Arcanine|atk|1\n|-unboost|p1b: Iron Hands|atk|1\n|move|p2a: Grafaiai|Taunt|p1a: Arcanine\n|-start|p1a: Arcanine|move: Taunt\n|move|p1a: Arcanine|Snarl|p2a: Grafaiai|[spread] p2a,p2b\n|-damage|p2a: Grafaiai|90\/100\n|-damage|p2b: Arcanine|94\/100 psn\n|-unboost|p2a: Grafaiai|spa|1\n|-unboost|p2b: Arcanine|spa|1\n|move|p1b: Iron Hands|Drain Punch|p2b: Arcanine\n|-crit|p2b: Arcanine\n|-damage|p2b: Arcanine|9\/100 psn\n|\n|-damage|p2b: Arcanine|0 fnt|[from] psn\n|faint|p2b: Arcanine\n|upkeep\n|\n|t:|1681735947\n|switch|p2b: Amoonguss|Amoonguss, L50, F|100\/100\n|-sideend|p2: alemo_ales|move: Toxic Spikes|[of] p2b: Amoonguss\n|turn|6\n|\n|t:|1681735994\n|switch|p1a: Glimmora|Glimmora, L50, F|63\/100\n|move|p2a: Grafaiai|Encore||[still]\n|-fail|p2a: Grafaiai\n|move|p1b: Iron Hands|Wild Charge|p2b: Amoonguss\n|-resisted|p2b: Amoonguss\n|-damage|p2b: Amoonguss|83\/100\n|-damage|p1b: Iron Hands|97\/100|[from] Recoil\n|move|p2b: Amoonguss|Spore|p1b: Iron Hands\n|-status|p1b: Iron Hands|slp|[from] move: Spore\n|\n|upkeep\n|turn|7\n|\n|t:|1681736018\n|switch|p2a: Flutter Mane|Flutter Mane, L50, tera:Steel|100\/100\n|switch|p1a: Arcanine|Arcanine, L50, M, shiny|100\/100\n|-ability|p1a: Arcanine|Intimidate|boost\n|-unboost|p2a: Flutter Mane|atk|1\n|-unboost|p2b: Amoonguss|atk|1\n|cant|p1b: Iron Hands|slp\n|move|p2b: Amoonguss|Spore|p1a: Arcanine\n|-activate|p1a: Arcanine|item: Safety Goggles|Spore\n|\n|upkeep\n|turn|8\n|\n|t:|1681736041\n|-end|p1b: Iron Hands|Quark Drive|[silent]\n|switch|p1b: Glimmora|Glimmora, L50, F|63\/100\n|move|p2b: Amoonguss|Protect|p2b: Amoonguss\n|-singleturn|p2b: Amoonguss|Protect\n|move|p2a: Flutter Mane|Moonblast|p1b: Glimmora\n|-resisted|p1b: Glimmora\n|-damage|p1b: Glimmora|45\/100\n|-unboost|p1b: Glimmora|spa|1\n|move|p1a: Arcanine|Flare Blitz|p2b: Amoonguss\n|-activate|p2b: Amoonguss|move: Protect\n|\n|-sideend|p1: Alvarolm22|move: Light Screen\n|upkeep\n|turn|9\n|\n|t:|1681736064\n|switch|p1b: Iron Hands|Iron Hands, L50|97\/100 slp\n|move|p2a: Flutter Mane|Protect|p2a: Flutter Mane\n|-singleturn|p2a: Flutter Mane|Protect\n|move|p1a: Arcanine|Flare Blitz|p2b: Amoonguss\n|-supereffective|p2b: Amoonguss\n|-damage|p2b: Amoonguss|0 fnt\n|faint|p2b: Amoonguss\n|-damage|p1a: Arcanine|70\/100|[from] Recoil\n|\n|-sideend|p1: Alvarolm22|Reflect\n|upkeep\n|\n|t:|1681736071\n|switch|p2b: Grafaiai|Grafaiai, L50, M|90\/100\n|turn|10\n|\n|t:|1681736085\n|move|p2a: Flutter Mane|Shadow Ball|p1a: Arcanine\n|-damage|p1a: Arcanine|39\/100\n|move|p2b: Grafaiai|Foul Play|p1a: Arcanine\n|-damage|p1a: Arcanine|14\/100\n|move|p1a: Arcanine|Snarl|p2a: Flutter Mane|[spread] p2a,p2b\n|-damage|p2a: Flutter Mane|93\/100\n|-damage|p2b: Grafaiai|79\/100\n|-unboost|p2a: Flutter Mane|spa|1\n|-unboost|p2b: Grafaiai|spa|1\n|cant|p1b: Iron Hands|slp\n|\n|upkeep\n|turn|11\n|\n|t:|1681736101\n|move|p1a: Arcanine|Protect|p1a: Arcanine\n|-singleturn|p1a: Arcanine|Protect\n|move|p2a: Flutter Mane|Shadow Ball|p1a: Arcanine\n|-activate|p1a: Arcanine|move: Protect\n|move|p2b: Grafaiai|Foul Play|p1b: Iron Hands\n|-resisted|p1b: Iron Hands\n|-damage|p1b: Iron Hands|84\/100 slp\n|cant|p1b: Iron Hands|slp\n|\n|upkeep\n|turn|12\n|\n|t:|1681736121\n|move|p2b: Grafaiai|Encore|p1a: Arcanine\n|-start|p1a: Arcanine|Encore\n|move|p2a: Flutter Mane|Moonblast|p1b: Iron Hands\n|-supereffective|p1b: Iron Hands\n|-damage|p1b: Iron Hands|49\/100 slp\n|-unboost|p1b: Iron Hands|spa|1\n|move|p1a: Arcanine|Protect||[still]\n|-fail|p1a: Arcanine\n|-curestatus|p1b: Iron Hands|slp|[msg]\n|move|p1b: Iron Hands|Drain Punch|p2a: Flutter Mane\n|-supereffective|p2a: Flutter Mane\n|-damage|p2a: Flutter Mane|0 fnt\n|-heal|p1b: Iron Hands|78\/100|[from] drain|[of] p2a: Flutter Mane\n|faint|p2a: Flutter Mane\n|-end|p2a: Flutter Mane|Protosynthesis|[silent]\n|\n|upkeep\n|turn|13\n|-message|alemo_ales forfeited.\n|\n|win|Alvarolm22\n|raw|Alvarolm22's rating: 1092 → 1120<\/strong> (+28 for winning)\n|raw|alemo_ales's rating: 1110 → 1084<\/strong> (-26 for losing)\n|l|\u2606alemo_ales\n","uploadtime":1681736151,"views":9,"p1id":"alvarolm22","p2id":"alemoales","formatid":"gen9vgc2023regulationc","rating":1084,"private":0,"password":""}