{"id":"gen9vgc2023regulationc-1849219635","p1":"Marco Fettuccine","p2":"Joselo_026","format":"[Gen 9] VGC 2023 Regulation C","log":"|j|\u2606Marco Fettuccine\n|j|\u2606Joselo_026\n|t:|1682174274\n|gametype|doubles\n|player|p1|Marco Fettuccine|benga|1194\n|player|p2|Joselo_026|pryce|1214\n|teamsize|p1|6\n|teamsize|p2|6\n|gen|9\n|tier|[Gen 9] VGC 2023 Regulation C\n|rated|\n|rule|Species Clause: Limit one of each Pok\u00e9mon\n|rule|Item Clause: Limit one of each item\n|clearpoke\n|poke|p1|Murkrow, L50, F|\n|poke|p1|Dragapult, L50, M|\n|poke|p1|Ceruledge, L50, F|\n|poke|p1|Flutter Mane, L50|\n|poke|p1|Iron Bundle, L50|\n|poke|p1|Amoonguss, L50, M|\n|poke|p2|Iron Bundle, L50|\n|poke|p2|Amoonguss, L50, M|\n|poke|p2|Chi-Yu, L50|\n|poke|p2|Flutter Mane, L50|\n|poke|p2|Chien-Pao, L50|\n|poke|p2|Dragonite, L50, F|\n|teampreview|4\nJoselo_026 has agreed to open team sheets.\nMarco Fettuccine has agreed to open team sheets.\n|\n|t:|1682174347\n|start\n|switch|p1a: Tordo|Murkrow, L50, F|100\/100\n|switch|p1b: Wizz|Dragapult, L50, M, shiny|100\/100\n|switch|p2a: Amoonguss|Amoonguss, L50, M|100\/100\n|switch|p2b: Iron Bundle|Iron Bundle, L50|100\/100\n|-enditem|p2b: Iron Bundle|Booster Energy\n|-activate|p2b: Iron Bundle|ability: Quark Drive|[fromitem]\n|-start|p2b: Iron Bundle|quarkdrivespe\n|turn|1\n|\n|t:|1682174384\n|-terastallize|p1b: Wizz|Steel\n|move|p2b: Iron Bundle|Protect|p2b: Iron Bundle\n|-singleturn|p2b: Iron Bundle|Protect\n|move|p1a: Tordo|Taunt|p2a: Amoonguss\n|-start|p2a: Amoonguss|move: Taunt\n|move|p1b: Wizz|Tera Blast|p2b: Iron Bundle\n|-activate|p2b: Iron Bundle|move: Protect\n|cant|p2a: Amoonguss|move: Taunt|Spore\n|\n|upkeep\n|turn|2\n|\n|t:|1682174421\n|switch|p2a: Chi-Yu|Chi-Yu, L50|100\/100\n|-ability|p2a: Chi-Yu|Beads of Ruin\n|move|p1a: Tordo|Tailwind|p1a: Tordo\n|-sidestart|p1: Marco Fettuccine|move: Tailwind\n|move|p1b: Wizz|Tera Blast|p2b: Iron Bundle\n|-damage|p2b: Iron Bundle|33\/100\n|move|p2b: Iron Bundle|Hydro Pump|p1b: Wizz\n|-damage|p1b: Wizz|0 fnt\n|faint|p1b: Wizz\n|\n|upkeep\n|\n|t:|1682174435\n|switch|p1b: Pavarotti|Flutter Mane, L50|100\/100\n|turn|3\n|\n|t:|1682174488\n|move|p2b: Iron Bundle|Protect|p2b: Iron Bundle\n|-singleturn|p2b: Iron Bundle|Protect\n|move|p1a: Tordo|Thunder Wave|p2a: Chi-Yu\n|-hint|Since gen 7, Dark is immune to Prankster moves.\n|-immune|p2a: Chi-Yu\n|move|p1b: Pavarotti|Moonblast|p2a: Chi-Yu\n|-damage|p2a: Chi-Yu|3\/100\n|-unboost|p2a: Chi-Yu|spa|1\n|move|p2a: Chi-Yu|Heat Wave|p1a: Tordo|[spread] p1a,p1b\n|-crit|p1a: Tordo\n|-damage|p1a: Tordo|40\/100\n|-damage|p1b: Pavarotti|65\/100\n|\n|upkeep\n|turn|4\n|\n|t:|1682174507\n|move|p1b: Pavarotti|Moonblast|p2b: Iron Bundle\n|-damage|p2b: Iron Bundle|0 fnt\n|faint|p2b: Iron Bundle\n|-end|p2b: Iron Bundle|Quark Drive|[silent]\n|move|p2a: Chi-Yu|Heat Wave|p1a: Tordo|[spread] p1a,p1b\n|-damage|p1a: Tordo|13\/100\n|-damage|p1b: Pavarotti|28\/100\n|move|p1a: Tordo|Brave Bird|p2a: Chi-Yu\n|-crit|p2a: Chi-Yu\n|-damage|p2a: Chi-Yu|0 fnt\n|faint|p2a: Chi-Yu\n|-damage|p1a: Tordo|12\/100|[from] Recoil\n|\n|upkeep\n|\n|t:|1682174519\n|switch|p2b: Flutter Mane|Flutter Mane, L50|100\/100\n|switch|p2a: Amoonguss|Amoonguss, L50, M|100\/100\n|turn|5\n|\n|t:|1682174527\n|-terastallize|p2b: Flutter Mane|Fairy\n|move|p2a: Amoonguss|Protect|p2a: Amoonguss\n|-singleturn|p2a: Amoonguss|Protect\n|move|p1a: Tordo|Taunt|p2a: Amoonguss\n|-activate|p2a: Amoonguss|move: Protect\n|move|p1b: Pavarotti|Moonblast|p2b: Flutter Mane\n|-damage|p2b: Flutter Mane|23\/100\n|move|p2b: Flutter Mane|Dazzling Gleam|p1b: Pavarotti|[spread] p1a,p1b\n|-supereffective|p1a: Tordo\n|-damage|p1a: Tordo|0 fnt\n|-damage|p1b: Pavarotti|0 fnt\n|faint|p1a: Tordo\n|faint|p1b: Pavarotti\n|-end|p1b: Pavarotti|Protosynthesis|[silent]\n|-damage|p2b: Flutter Mane|13\/100|[from] item: Life Orb\n|\n|-sideend|p1: Marco Fettuccine|move: Tailwind\n|upkeep\n|\n|t:|1682174554\n|switch|p1b: Zacchete|Ceruledge, L50, F|100\/100\n|turn|6\n|\n|t:|1682174585\n|move|p2b: Flutter Mane|Protect|p2b: Flutter Mane\n|-singleturn|p2b: Flutter Mane|Protect\n|move|p1b: Zacchete|Bulk Up|p1b: Zacchete\n|-boost|p1b: Zacchete|atk|1\n|-boost|p1b: Zacchete|def|1\n|move|p2a: Amoonguss|Spore|p1b: Zacchete\n|-status|p1b: Zacchete|slp|[from] move: Spore\n|\n|upkeep\n|turn|7\n|\n|t:|1682174598\n|cant|p1b: Zacchete|slp\n|move|p2b: Flutter Mane|Shadow Ball|p1b: Zacchete\n|-supereffective|p1b: Zacchete\n|-damage|p1b: Zacchete|0 fnt\n|faint|p1b: Zacchete\n|-damage|p2b: Flutter Mane|4\/100|[from] item: Life Orb\n|\n|win|Joselo_026\n|raw|Marco Fettuccine's rating: 1194 → 1170<\/strong> (-24 for losing)\n|raw|Joselo_026's rating: 1214 → 1238<\/strong> (+24 for winning)\n|c|\u2606Marco Fettuccine|gg\n|c|\u2606Joselo_026|gg\n","uploadtime":1682174613,"views":5,"p1id":"marcofettuccine","p2id":"joselo026","formatid":"gen9vgc2023regulationc","rating":1170,"private":0,"password":""}