{"id":"gen9vgc2023regulationc-1856031433","p1":"895ru 23","p2":"quaquaquaquaquaval","format":"[Gen 9] VGC 2023 Regulation C","log":"|j|\u2606895ru 23\n|j|\u2606quaquaquaquaquaval\n|t:|1683020249\n|gametype|doubles\n|player|p1|895ru 23|1|1000\n|player|p2|quaquaquaquaquaval|102|1094\n|teamsize|p1|6\n|teamsize|p2|5\n|gen|9\n|tier|[Gen 9] VGC 2023 Regulation C\n|rated|\n|rule|Species Clause: Limit one of each Pok\u00e9mon\n|rule|Item Clause: Limit one of each item\n|clearpoke\n|poke|p1|Arcanine, L50, F|\n|poke|p1|Palafin, L50, F|\n|poke|p1|Ting-Lu, L50|\n|poke|p1|Murkrow, L50, M|\n|poke|p1|Gholdengo, L50|\n|poke|p1|Amoonguss, L50, F|\n|poke|p2|Quaquaval, L50, F|\n|poke|p2|Chien-Pao, L50|\n|poke|p2|Amoonguss, L50, M|\n|poke|p2|Arcanine, L50, M|\n|poke|p2|Coalossal, L50, F|\n|teampreview|4\n|inactive|Battle timer is ON: inactive players will automatically lose when time's up. (requested by quaquaquaquaquaval)\n|\n|t:|1683020266\n|start\n|switch|p1a: Gholdengo|Gholdengo, L50|100\/100\n|switch|p1b: Palafin|Palafin, L50, F|100\/100\n|switch|p2a: Quaquaval|Quaquaval, L50, F|100\/100\n|switch|p2b: Chien-Pao|Chien-Pao, L50|100\/100\n|-ability|p2b: Chien-Pao|Sword of Ruin\n|turn|1\n|\n|t:|1683020288\n|detailschange|p1b: Palafin|Palafin-Hero, L50, F\n|switch|p1b: Arcanine|Arcanine, L50, F|100\/100\n|-ability|p1b: Arcanine|Intimidate|boost\n|-fail|p2a: Quaquaval|unboost|[from] item: Clear Amulet|[of] p2a: Quaquaval\n|-unboost|p2b: Chien-Pao|atk|1\n|-terastallize|p2a: Quaquaval|Water\n|move|p2b: Chien-Pao|Crunch|p1a: Gholdengo\n|-supereffective|p1a: Gholdengo\n|-damage|p1a: Gholdengo|43\/100\n|-unboost|p1a: Gholdengo|def|1\n|move|p2a: Quaquaval|Aqua Step|p1a: Gholdengo\n|-crit|p1a: Gholdengo\n|-damage|p1a: Gholdengo|0 fnt\n|-boost|p2a: Quaquaval|spe|1\n|faint|p1a: Gholdengo\n|-ability|p2a: Quaquaval|Moxie|boost\n|-boost|p2a: Quaquaval|atk|1\n|\n|upkeep\n|\n|t:|1683020306\n|switch|p1a: Palafin|Palafin-Hero, L50, F|100\/100\n|-activate|p1a: Palafin|ability: Zero to Hero\n|turn|2\n|\n|t:|1683020318\n|-terastallize|p1b: Arcanine|Water\n|move|p2a: Quaquaval|Protect|p2a: Quaquaval\n|-singleturn|p2a: Quaquaval|Protect\n|move|p1a: Palafin|Protect|p1a: Palafin\n|-singleturn|p1a: Palafin|Protect\n|move|p2b: Chien-Pao|Crunch|p1a: Palafin\n|-activate|p1a: Palafin|move: Protect\n|move|p1b: Arcanine|Will-O-Wisp|p2a: Quaquaval\n|-activate|p2a: Quaquaval|move: Protect\n|\n|upkeep\n|turn|3\n|inactive|895ru 23 has 30 seconds left.\n|inactive|895ru 23 has 20 seconds left.\n|inactive|895ru 23 has 15 seconds left.\n|inactive|895ru 23 has 10 seconds left.\n|\n|t:|1683020366\n|move|p1a: Palafin|Protect||[still]\n|-fail|p1a: Palafin\n|move|p2a: Quaquaval|Close Combat|p1b: Arcanine\n|-crit|p1b: Arcanine\n|-damage|p1b: Arcanine|0 fnt\n|-unboost|p2a: Quaquaval|def|1\n|-unboost|p2a: Quaquaval|spd|1\n|faint|p1b: Arcanine\n|-ability|p2a: Quaquaval|Moxie|boost\n|-boost|p2a: Quaquaval|atk|1\n|move|p2b: Chien-Pao|Crunch|p1a: Palafin\n|-damage|p1a: Palafin|71\/100\n|\n|upkeep\n|\n|t:|1683020379\n|switch|p1b: Ting-Lu|Ting-Lu, L50|100\/100\n|-ability|p1b: Ting-Lu|Vessel of Ruin\n|turn|4\n|\n|t:|1683020388\n|move|p2a: Quaquaval|Close Combat|p1a: Palafin\n|-damage|p1a: Palafin|0 fnt\n|-unboost|p2a: Quaquaval|def|1\n|-unboost|p2a: Quaquaval|spd|1\n|faint|p1a: Palafin\n|-ability|p2a: Quaquaval|Moxie|boost\n|-boost|p2a: Quaquaval|atk|1\n|move|p2b: Chien-Pao|Icicle Crash|p1b: Ting-Lu\n|-supereffective|p1b: Ting-Lu\n|-damage|p1b: Ting-Lu|58\/100\n|cant|p1b: Ting-Lu|flinch\n|\n|upkeep\n|turn|5\n|\n|t:|1683020402\n|switch|p2b: Arcanine|Arcanine, L50, M|100\/100\n|-ability|p2b: Arcanine|Intimidate|boost\n|-unboost|p1b: Ting-Lu|atk|1\n|move|p2a: Quaquaval|Aqua Jet|p1b: Ting-Lu\n|-supereffective|p1b: Ting-Lu\n|-damage|p1b: Ting-Lu|0 fnt\n|faint|p1b: Ting-Lu\n|\n|win|quaquaquaquaquaval\n|raw|895ru 23's rating: 1000 → 1000<\/strong> (+0 for losing)\n|raw|quaquaquaquaquaval's rating: 1094 → 1113<\/strong> (+19 for winning)\n","uploadtime":1683020406,"views":19,"p1id":"895ru23","p2id":"quaquaquaquaquaval","formatid":"gen9vgc2023regulationc","rating":1000,"private":0,"password":""}