{"id":"gen9vgc2023regulationc-1855258085","p1":"DanPB","p2":"haha you rage quit","format":"[Gen 9] VGC 2023 Regulation C","log":"|j|\u2606DanPB\n|j|\u2606haha you rage quit\n|t:|1682924464\n|gametype|doubles\n|player|p1|DanPB|170|1220\n|player|p2|haha you rage quit|pokemaniac|1280\n|teamsize|p1|6\n|teamsize|p2|6\n|gen|9\n|tier|[Gen 9] VGC 2023 Regulation C\n|rated|\n|rule|Species Clause: Limit one of each Pok\u00e9mon\n|rule|Item Clause: Limit one of each item\n|clearpoke\n|poke|p1|Ting-Lu, L50|\n|poke|p1|Abomasnow, L50, F|\n|poke|p1|Flutter Mane, L50|\n|poke|p1|Iron Hands, L50|\n|poke|p1|Bronzong, L50|\n|poke|p1|Arcanine, L50, M|\n|poke|p2|Dondozo, L50, M|\n|poke|p2|Tatsugiri-Droopy, L50, M|\n|poke|p2|Torkoal, L50, M|\n|poke|p2|Flutter Mane, L50|\n|poke|p2|Kingambit, L50, M|\n|poke|p2|Indeedee-F, L50, F|\n|teampreview|4\n|inactive|Battle timer is ON: inactive players will automatically lose when time's up. (requested by DanPB)\n|inactive|DanPB has 60 seconds left.\n|inactive|haha you rage quit has 60 seconds left.\n|inactive|DanPB has 30 seconds left.\n|inactive|DanPB has 20 seconds left.\n|inactive|DanPB has 15 seconds left.\n|\n|t:|1682924541\n|start\n|switch|p1a: Iron Hands|Iron Hands, L50|100\/100\n|switch|p1b: Bronzong|Bronzong, L50|100\/100\n|switch|p2a: Kingambit|Kingambit, L50, M, shiny|100\/100\n|switch|p2b: Indeedee|Indeedee-F, L50, F, shiny|100\/100\n|-fieldstart|move: Psychic Terrain|[from] ability: Psychic Surge|[of] p2b: Indeedee\n|-enditem|p2b: Indeedee|Psychic Seed\n|-boost|p2b: Indeedee|spd|1|[from] item: Psychic Seed\n|turn|1\n|inactive|DanPB has 30 seconds left.\n|\n|t:|1682924575\n|move|p2b: Indeedee|Follow Me|p2b: Indeedee\n|-singleturn|p2b: Indeedee|move: Follow Me\n|move|p1a: Iron Hands|Wild Charge|p2b: Indeedee\n|-damage|p2b: Indeedee|42\/100\n|-damage|p1a: Iron Hands|90\/100|[from] Recoil\n|move|p2a: Kingambit|Swords Dance|p2a: Kingambit\n|-boost|p2a: Kingambit|atk|2\n|move|p1b: Bronzong|Trick Room|p1b: Bronzong\n|-fieldstart|move: Trick Room|[of] p1b: Bronzong\n|\n|upkeep\n|turn|2\n|inactive|DanPB has 30 seconds left.\n|inactive|haha you rage quit has 30 seconds left.\n|inactive|haha you rage quit has 20 seconds left.\n|\n|t:|1682924612\n|-terastallize|p2a: Kingambit|Flying\n|move|p2b: Indeedee|Follow Me|p2b: Indeedee\n|-singleturn|p2b: Indeedee|move: Follow Me\n|move|p1b: Bronzong|Gyro Ball|p2b: Indeedee\n|-damage|p2b: Indeedee|23\/100\n|move|p2a: Kingambit|Kowtow Cleave|p1a: Iron Hands\n|-resisted|p1a: Iron Hands\n|-damage|p1a: Iron Hands|58\/100\n|move|p1a: Iron Hands|Close Combat|p2b: Indeedee\n|-damage|p2b: Indeedee|0 fnt\n|-unboost|p1a: Iron Hands|def|1\n|-unboost|p1a: Iron Hands|spd|1\n|faint|p2b: Indeedee\n|\n|upkeep\n|\n|t:|1682924625\n|switch|p2b: Torkoal|Torkoal, L50, M|100\/100\n|-weather|SunnyDay|[from] ability: Drought|[of] p2b: Torkoal\n|turn|3\n|\n|t:|1682924647\n|move|p1b: Bronzong|Protect|p1b: Bronzong\n|-singleturn|p1b: Bronzong|Protect\n|move|p2b: Torkoal|Eruption|p1b: Bronzong|[spread] p1a\n|-activate|p1b: Bronzong|move: Protect\n|-damage|p1a: Iron Hands|0 fnt\n|faint|p1a: Iron Hands\n|-end|p1a: Iron Hands|Quark Drive|[silent]\n|move|p2a: Kingambit|Swords Dance|p2a: Kingambit\n|-boost|p2a: Kingambit|atk|2\n|\n|-weather|SunnyDay|[upkeep]\n|upkeep\n|\n|t:|1682924652\n|switch|p1a: Arcanine|Arcanine, L50, M|100\/100\n|-ability|p1a: Arcanine|Intimidate|boost\n|-unboost|p2a: Kingambit|atk|1\n|-ability|p2a: Kingambit|Defiant|boost\n|-boost|p2a: Kingambit|atk|2\n|-enditem|p1a: Arcanine|Mirror Herb\n|-boost|p1a: Arcanine|atk|2|[from] item: Mirror Herb\n|-unboost|p2b: Torkoal|atk|1\n|turn|4\n|\n|t:|1682924677\n|switch|p1b: Ting-Lu|Ting-Lu, L50|100\/100\n|-ability|p1b: Ting-Lu|Vessel of Ruin\n|move|p1a: Arcanine|Extreme Speed|p2a: Kingambit\n|-hint|Psychic Terrain doesn't affect Pok\u00e9mon immune to Ground.\n|-damage|p2a: Kingambit|60\/100\n|move|p2b: Torkoal|Eruption|p1a: Arcanine|[spread] p1a,p1b\n|-resisted|p1a: Arcanine\n|-damage|p1a: Arcanine|72\/100\n|-damage|p1b: Ting-Lu|62\/100\n|move|p2a: Kingambit|Kowtow Cleave|p1a: Arcanine\n|-damage|p1a: Arcanine|0 fnt\n|faint|p1a: Arcanine\n|\n|-weather|SunnyDay|[upkeep]\n|upkeep\n|\n|t:|1682924693\n|switch|p1a: Bronzong|Bronzong, L50|100\/100\n|turn|5\n|\n|t:|1682924706\n|move|p1a: Bronzong|Protect|p1a: Bronzong\n|-singleturn|p1a: Bronzong|Protect\n|move|p2b: Torkoal|Eruption|p1a: Bronzong|[spread] p1b\n|-activate|p1a: Bronzong|move: Protect\n|-damage|p1b: Ting-Lu|26\/100\n|move|p1b: Ting-Lu|Stone Edge|p2a: Kingambit|[miss]\n|-miss|p1b: Ting-Lu|p2a: Kingambit\n|move|p2a: Kingambit|Low Kick|p1b: Ting-Lu\n|-supereffective|p1b: Ting-Lu\n|-damage|p1b: Ting-Lu|0 fnt\n|faint|p1b: Ting-Lu\n|\n|-weather|SunnyDay|[upkeep]\n|-fieldend|move: Trick Room\n|-fieldend|move: Psychic Terrain\n|upkeep\n|turn|6\n|-message|DanPB forfeited.\n|\n|win|haha you rage quit\n|raw|DanPB's rating: 1220 → 1199<\/strong> (-21 for losing)\n|raw|haha you rage quit's rating: 1280 → 1301<\/strong> (+21 for winning)\n|l|\u2606DanPB\n","uploadtime":1682924730,"views":26,"p1id":"danpb","p2id":"hahayouragequit","formatid":"gen9vgc2023regulationc","rating":1199,"private":0,"password":""}