{"id":"gen9vgc2023regulationc-1855122037","p1":"gspm02","p2":"CuackCuack","format":"[Gen 9] VGC 2023 Regulation C","log":"|j|\u2606gspm02\n|j|\u2606CuackCuack\n|t:|1682903954\n|gametype|doubles\n|player|p1|gspm02|170|1296\n|player|p2|CuackCuack|266|1203\n|teamsize|p1|6\n|teamsize|p2|6\n|gen|9\n|tier|[Gen 9] VGC 2023 Regulation C\n|rated|\n|rule|Species Clause: Limit one of each Pok\u00e9mon\n|rule|Item Clause: Limit one of each item\n|clearpoke\n|poke|p1|Maushold-Four, L50|\n|poke|p1|Lucario, L50, M|\n|poke|p1|Gyarados, L50, F|\n|poke|p1|Flutter Mane, L50|\n|poke|p1|Chi-Yu, L50|\n|poke|p1|Wo-Chien, L50|\n|poke|p2|Arcanine, L50, F|\n|poke|p2|Umbreon, L50, M|\n|poke|p2|Corviknight, L50, F|\n|poke|p2|Flutter Mane, L50|\n|poke|p2|Palafin, L50, F|\n|poke|p2|Tauros-Paldea-Blaze, L50, M|\n|teampreview|4\n|inactive|Battle timer is ON: inactive players will automatically lose when time's up. (requested by CuackCuack)\n|\n|t:|1682903991\n|start\n|switch|p1a: Flutter Mane|Flutter Mane, L50|100\/100\n|switch|p1b: Wo-Chien|Wo-Chien, L50|100\/100\n|switch|p2a: Umbreon|Umbreon, L50, M|100\/100\n|switch|p2b: Arcanine|Arcanine, L50, F|100\/100\n|-ability|p2b: Arcanine|Intimidate|boost\n|-unboost|p1a: Flutter Mane|atk|1\n|-unboost|p1b: Wo-Chien|atk|1\n|-ability|p1b: Wo-Chien|Tablets of Ruin\n|turn|1\n|inactive|CuackCuack has 30 seconds left.\n|\n|t:|1682904016\n|-terastallize|p2a: Umbreon|Poison\n|move|p1a: Flutter Mane|Substitute|p1a: Flutter Mane\n|-start|p1a: Flutter Mane|Substitute\n|-damage|p1a: Flutter Mane|75\/100\n|move|p2b: Arcanine|Flamethrower|p1b: Wo-Chien\n|-supereffective|p1b: Wo-Chien\n|-damage|p1b: Wo-Chien|49\/100\n|move|p1b: Wo-Chien|Grassy Terrain|p1b: Wo-Chien\n|-fieldstart|move: Grassy Terrain\n|-enditem|p1a: Flutter Mane|Grassy Seed\n|-boost|p1a: Flutter Mane|def|1|[from] item: Grassy Seed\n|move|p2a: Umbreon|Yawn||[still]\n|-fail|p2a: Umbreon\n|\n|-heal|p1a: Flutter Mane|82\/100|[from] Grassy Terrain\n|-heal|p1b: Wo-Chien|56\/100|[from] Grassy Terrain\n|-heal|p1b: Wo-Chien|62\/100|[from] item: Leftovers\n|upkeep\n|turn|2\n|\n|t:|1682904040\n|move|p1a: Flutter Mane|Calm Mind|p1a: Flutter Mane\n|-boost|p1a: Flutter Mane|spa|1\n|-boost|p1a: Flutter Mane|spd|1\n|move|p2b: Arcanine|Snarl|p1b: Wo-Chien|[spread] p1a,p1b\n|-resisted|p1b: Wo-Chien\n|-damage|p1a: Flutter Mane|75\/100\n|-damage|p1b: Wo-Chien|58\/100\n|-unboost|p1a: Flutter Mane|spa|1\n|-unboost|p1b: Wo-Chien|spa|1\n|move|p1b: Wo-Chien|Leech Seed|p2b: Arcanine|[miss]\n|-miss|p1b: Wo-Chien|p2b: Arcanine\n|move|p2a: Umbreon|Foul Play|p1a: Flutter Mane\n|-activate|p1a: Flutter Mane|move: Substitute|[damage]\n|\n|-heal|p1a: Flutter Mane|81\/100|[from] Grassy Terrain\n|-heal|p1b: Wo-Chien|64\/100|[from] Grassy Terrain\n|-heal|p1b: Wo-Chien|70\/100|[from] item: Leftovers\n|upkeep\n|turn|3\n|\n|t:|1682904063\n|move|p1a: Flutter Mane|Calm Mind|p1a: Flutter Mane\n|-boost|p1a: Flutter Mane|spa|1\n|-boost|p1a: Flutter Mane|spd|1\n|move|p2b: Arcanine|Snarl|p1a: Flutter Mane|[spread] p1a,p1b\n|-resisted|p1b: Wo-Chien\n|-damage|p1a: Flutter Mane|76\/100\n|-damage|p1b: Wo-Chien|66\/100\n|-unboost|p1a: Flutter Mane|spa|1\n|-unboost|p1b: Wo-Chien|spa|1\n|move|p1b: Wo-Chien|Leech Seed|p2b: Arcanine\n|-start|p2b: Arcanine|move: Leech Seed\n|move|p2a: Umbreon|Taunt|p1b: Wo-Chien\n|-start|p1b: Wo-Chien|move: Taunt\n|\n|-heal|p1a: Flutter Mane|82\/100|[from] Grassy Terrain\n|-heal|p1b: Wo-Chien|72\/100|[from] Grassy Terrain\n|-heal|p1b: Wo-Chien|79\/100|[from] item: Leftovers\n|-damage|p2b: Arcanine|88\/100|[from] Leech Seed|[of] p1b: Wo-Chien\n|-heal|p1b: Wo-Chien|91\/100|[silent]\n|upkeep\n|turn|4\n|inactive|gspm02 has 30 seconds left.\n|\n|t:|1682904095\n|move|p1a: Flutter Mane|Calm Mind|p1a: Flutter Mane\n|-boost|p1a: Flutter Mane|spa|1\n|-boost|p1a: Flutter Mane|spd|1\n|move|p2b: Arcanine|Snarl|p1b: Wo-Chien|[spread] p1a,p1b\n|-resisted|p1b: Wo-Chien\n|-crit|p1b: Wo-Chien\n|-damage|p1a: Flutter Mane|78\/100\n|-damage|p1b: Wo-Chien|85\/100\n|-unboost|p1a: Flutter Mane|spa|1\n|-unboost|p1b: Wo-Chien|spa|1\n|move|p1b: Wo-Chien|Pollen Puff|p2a: Umbreon\n|-resisted|p2a: Umbreon\n|-damage|p2a: Umbreon|98\/100\n|move|p2a: Umbreon|Foul Play|p1a: Flutter Mane\n|-activate|p1a: Flutter Mane|move: Substitute|[damage]\n|\n|-heal|p1a: Flutter Mane|84\/100|[from] Grassy Terrain\n|-heal|p2b: Arcanine|94\/100|[from] Grassy Terrain\n|-heal|p1b: Wo-Chien|92\/100|[from] Grassy Terrain\n|-heal|p1b: Wo-Chien|98\/100|[from] item: Leftovers\n|-heal|p2a: Umbreon|100\/100|[from] Grassy Terrain\n|-damage|p2b: Arcanine|82\/100|[from] Leech Seed|[of] p1b: Wo-Chien\n|-heal|p1b: Wo-Chien|100\/100|[silent]\n|upkeep\n|turn|5\n|inactive|gspm02 has 30 seconds left.\n|\n|t:|1682904124\n|switch|p1b: Gyarados|Gyarados, L50, F|100\/100\n|-ability|p1b: Gyarados|Intimidate|boost\n|-fail|p2a: Umbreon|unboost|Attack|[from] ability: Inner Focus|[of] p2a: Umbreon\n|-unboost|p2b: Arcanine|atk|1\n|move|p1a: Flutter Mane|Calm Mind|p1a: Flutter Mane\n|-boost|p1a: Flutter Mane|spa|1\n|-boost|p1a: Flutter Mane|spd|1\n|move|p2b: Arcanine|Snarl|p1a: Flutter Mane|[spread] p1a,p1b\n|-damage|p1a: Flutter Mane|80\/100\n|-damage|p1b: Gyarados|91\/100\n|-unboost|p1a: Flutter Mane|spa|1\n|-unboost|p1b: Gyarados|spa|1\n|move|p2a: Umbreon|Yawn|p1b: Gyarados\n|-start|p1b: Gyarados|move: Yawn|[of] p2a: Umbreon\n|\n|-heal|p1a: Flutter Mane|87\/100|[from] Grassy Terrain\n|-heal|p2b: Arcanine|88\/100|[from] Grassy Terrain\n|-damage|p2b: Arcanine|76\/100|[from] Leech Seed|[of] p1b: Gyarados\n|-heal|p1b: Gyarados|100\/100|[silent]\n|-fieldend|move: Grassy Terrain\n|upkeep\n|turn|6\n|inactive|gspm02 has 30 seconds left.\n|\n|t:|1682904158\n|move|p1a: Flutter Mane|Calm Mind|p1a: Flutter Mane\n|-boost|p1a: Flutter Mane|spa|1\n|-boost|p1a: Flutter Mane|spd|1\n|move|p1b: Gyarados|Taunt|p2a: Umbreon\n|-start|p2a: Umbreon|move: Taunt\n|move|p2b: Arcanine|Snarl|p1a: Flutter Mane|[spread] p1a,p1b\n|-crit|p1b: Gyarados\n|-damage|p1a: Flutter Mane|84\/100\n|-damage|p1b: Gyarados|84\/100\n|-unboost|p1a: Flutter Mane|spa|1\n|-unboost|p1b: Gyarados|spa|1\n|move|p2a: Umbreon|Foul Play|p1b: Gyarados\n|-damage|p1b: Gyarados|44\/100\n|-enditem|p1b: Gyarados|Sitrus Berry|[eat]\n|-heal|p1b: Gyarados|69\/100|[from] item: Sitrus Berry\n|\n|-damage|p2b: Arcanine|64\/100|[from] Leech Seed|[of] p1b: Gyarados\n|-heal|p1b: Gyarados|81\/100|[silent]\n|-end|p1b: Gyarados|move: Yawn|[silent]\n|-status|p1b: Gyarados|slp\n|upkeep\n|turn|7\n|inactive|gspm02 has 30 seconds left.\n|\n|t:|1682904183\n|switch|p1b: Wo-Chien|Wo-Chien, L50|100\/100\n|-ability|p1b: Wo-Chien|Tablets of Ruin\n|move|p1a: Flutter Mane|Calm Mind|p1a: Flutter Mane\n|-boost|p1a: Flutter Mane|spa|1\n|-boost|p1a: Flutter Mane|spd|1\n|move|p2b: Arcanine|Snarl|p1a: Flutter Mane|[spread] p1a,p1b\n|-resisted|p1b: Wo-Chien\n|-damage|p1a: Flutter Mane|81\/100\n|-damage|p1b: Wo-Chien|96\/100\n|-unboost|p1a: Flutter Mane|spa|1\n|-unboost|p1b: Wo-Chien|spa|1\n|move|p2a: Umbreon|Foul Play|p1a: Flutter Mane\n|-activate|p1a: Flutter Mane|move: Substitute|[damage]\n|\n|-heal|p1b: Wo-Chien|100\/100|[from] item: Leftovers\n|-damage|p2b: Arcanine|52\/100|[from] Leech Seed|[of] p1b: Wo-Chien\n|upkeep\n|turn|8\n|inactive|gspm02 has 30 seconds left.\n|\n|t:|1682904212\n|move|p1a: Flutter Mane|Calm Mind|p1a: Flutter Mane\n|-boost|p1a: Flutter Mane|spa|1\n|-boost|p1a: Flutter Mane|spd|0\n|move|p2b: Arcanine|Snarl|p1b: Wo-Chien|[spread] p1a,p1b\n|-resisted|p1b: Wo-Chien\n|-damage|p1a: Flutter Mane|79\/100\n|-damage|p1b: Wo-Chien|97\/100\n|-unboost|p1a: Flutter Mane|spa|1\n|-unboost|p1b: Wo-Chien|spa|1\n|move|p1b: Wo-Chien|Leech Seed|p2a: Umbreon\n|-start|p2a: Umbreon|move: Leech Seed\n|move|p2a: Umbreon|Foul Play|p1a: Flutter Mane\n|-end|p1a: Flutter Mane|Substitute\n|\n|-heal|p1b: Wo-Chien|100\/100|[from] item: Leftovers\n|-damage|p2b: Arcanine|40\/100|[from] Leech Seed|[of] p1b: Wo-Chien\n|-damage|p2a: Umbreon|88\/100|[from] Leech Seed|[of] p1b: Wo-Chien\n|-end|p2a: Umbreon|move: Taunt\n|upkeep\n|-enditem|p2b: Arcanine|Sitrus Berry|[eat]\n|-heal|p2b: Arcanine|64\/100|[from] item: Sitrus Berry\n|turn|9\n|\n|t:|1682904234\n|move|p1a: Flutter Mane|Substitute|p1a: Flutter Mane\n|-start|p1a: Flutter Mane|Substitute\n|-damage|p1a: Flutter Mane|54\/100\n|move|p2b: Arcanine|Morning Sun|p2b: Arcanine\n|-heal|p2b: Arcanine|100\/100\n|move|p1b: Wo-Chien|Grassy Terrain|p1b: Wo-Chien\n|-fieldstart|move: Grassy Terrain\n|move|p2a: Umbreon|Yawn|p1b: Wo-Chien\n|-start|p1b: Wo-Chien|move: Yawn|[of] p2a: Umbreon\n|\n|-heal|p1a: Flutter Mane|60\/100|[from] Grassy Terrain\n|-heal|p2a: Umbreon|94\/100|[from] Grassy Terrain\n|-heal|p2a: Umbreon|99\/100|[from] item: Leftovers\n|-damage|p2b: Arcanine|88\/100|[from] Leech Seed|[of] p1b: Wo-Chien\n|-damage|p2a: Umbreon|88\/100|[from] Leech Seed|[of] p1b: Wo-Chien\n|upkeep\n|turn|10\n|\n|t:|1682904258\n|switch|p1b: Chi-Yu|Chi-Yu, L50|100\/100\n|-ability|p1b: Chi-Yu|Beads of Ruin\n|move|p1a: Flutter Mane|Calm Mind|p1a: Flutter Mane\n|-boost|p1a: Flutter Mane|spa|1\n|-boost|p1a: Flutter Mane|spd|0\n|move|p2b: Arcanine|Snarl|p1b: Chi-Yu|[spread] p1a\n|-miss|p2b: Arcanine|p1b: Chi-Yu\n|-damage|p1a: Flutter Mane|56\/100\n|-unboost|p1a: Flutter Mane|spa|1\n|move|p2a: Umbreon|Foul Play|p1b: Chi-Yu\n|-resisted|p1b: Chi-Yu\n|-damage|p1b: Chi-Yu|85\/100\n|\n|-heal|p1b: Chi-Yu|91\/100|[from] Grassy Terrain\n|-heal|p1a: Flutter Mane|62\/100|[from] Grassy Terrain\n|-heal|p2b: Arcanine|94\/100|[from] Grassy Terrain\n|-heal|p2a: Umbreon|94\/100|[from] Grassy Terrain\n|-heal|p2a: Umbreon|99\/100|[from] item: Leftovers\n|-damage|p2b: Arcanine|82\/100|[from] Leech Seed|[of] p1b: Chi-Yu\n|-heal|p1b: Chi-Yu|100\/100|[silent]\n|-damage|p2a: Umbreon|87\/100|[from] Leech Seed|[of] p1b: Chi-Yu\n|upkeep\n|turn|11\n|inactive|gspm02 has 30 seconds left.\n|\n|t:|1682904289\n|move|p1b: Chi-Yu|Heat Wave|p2b: Arcanine|[spread] p2a,p2b\n|-resisted|p2b: Arcanine\n|-damage|p2a: Umbreon|52\/100\n|-damage|p2b: Arcanine|57\/100\n|move|p1a: Flutter Mane|Shadow Ball|p2a: Umbreon\n|-damage|p2a: Umbreon|20\/100\n|-unboost|p2a: Umbreon|spd|1\n|move|p2b: Arcanine|Snarl|p1b: Chi-Yu|[spread] p1a,p1b\n|-resisted|p1b: Chi-Yu\n|-damage|p1a: Flutter Mane|59\/100\n|-damage|p1b: Chi-Yu|94\/100\n|-unboost|p1a: Flutter Mane|spa|1\n|-unboost|p1b: Chi-Yu|spa|1\n|move|p2a: Umbreon|Yawn|p1b: Chi-Yu\n|-start|p1b: Chi-Yu|move: Yawn|[of] p2a: Umbreon\n|\n|-heal|p1b: Chi-Yu|99\/100|[from] Grassy Terrain\n|-heal|p1a: Flutter Mane|65\/100|[from] Grassy Terrain\n|-heal|p2b: Arcanine|63\/100|[from] Grassy Terrain\n|-heal|p2a: Umbreon|26\/100|[from] Grassy Terrain\n|-heal|p2a: Umbreon|32\/100|[from] item: Leftovers\n|-damage|p2b: Arcanine|51\/100|[from] Leech Seed|[of] p1b: Chi-Yu\n|-heal|p1b: Chi-Yu|100\/100|[silent]\n|-damage|p2a: Umbreon|19\/100|[from] Leech Seed|[of] p1b: Chi-Yu\n|upkeep\n|turn|12\n|inactive|gspm02 has 30 seconds left.\n|\n|t:|1682904317\n|move|p1b: Chi-Yu|Heat Wave|p2b: Arcanine|[spread] p2a,p2b\n|-resisted|p2b: Arcanine\n|-damage|p2a: Umbreon|0 fnt\n|-damage|p2b: Arcanine|33\/100\n|faint|p2a: Umbreon\n|move|p1a: Flutter Mane|Shadow Ball|p2b: Arcanine\n|-damage|p2b: Arcanine|0 fnt\n|faint|p2b: Arcanine\n|\n|-heal|p1a: Flutter Mane|71\/100|[from] Grassy Terrain\n|-end|p1b: Chi-Yu|move: Yawn|[silent]\n|-status|p1b: Chi-Yu|slp\n|upkeep\n|\n|t:|1682904321\n|switch|p2b: Palafin|Palafin, L50, F|100\/100\n|switch|p2a: Tauros|Tauros-Paldea-Blaze, L50, M|100\/100\n|-ability|p2a: Tauros|Intimidate|boost\n|-immune|p1a: Flutter Mane\n|-unboost|p1b: Chi-Yu|atk|1\n|turn|13\n|-message|CuackCuack forfeited.\n|\n|win|gspm02\n|raw|gspm02's rating: 1296 → 1314<\/strong> (+18 for winning)\n|raw|CuackCuack's rating: 1203 → 1185<\/strong> (-18 for losing)\n|l|\u2606CuackCuack\n","uploadtime":1682904339,"views":11,"p1id":"gspm02","p2id":"cuackcuack","formatid":"gen9vgc2023regulationc","rating":1185,"private":0,"password":""}