{"id":"gen9vgc2023regulationc-1847638767","p1":"Kaibar","p2":"Allitza","format":"[Gen 9] VGC 2023 Regulation C","log":"|j|\u2606Kaibar\n|j|\u2606Allitza\n|t:|1681985937\n|gametype|doubles\n|player|p1|Kaibar|blackbelt-gen4dp|1138\n|player|p2|Allitza|bianca-pwt|1134\n|teamsize|p1|6\n|teamsize|p2|6\n|gen|9\n|tier|[Gen 9] VGC 2023 Regulation C\n|rated|\n|rule|Species Clause: Limit one of each Pok\u00e9mon\n|rule|Item Clause: Limit one of each item\n|clearpoke\n|poke|p1|Arcanine, L50, F|\n|poke|p1|Amoonguss, L50, F|\n|poke|p1|Kingambit, L50, M|\n|poke|p1|Flutter Mane, L50|\n|poke|p1|Dragonite, L50, M|\n|poke|p1|Palafin, L50, F|\n|poke|p2|Dondozo, L50, F|\n|poke|p2|Tatsugiri-Stretchy, L50, M|\n|poke|p2|Glimmora, L50, M|\n|poke|p2|Dragonite, L50, F|\n|poke|p2|Chien-Pao, L50|\n|poke|p2|Ceruledge, L50, F|\n|teampreview|4\n|inactive|Battle timer is ON: inactive players will automatically lose when time's up. (requested by Allitza)\n|\n|t:|1681985955\n|start\n|switch|p1a: Dragonite|Dragonite, L50, M|100\/100\n|switch|p1b: Windy|Arcanine, L50, F, shiny|100\/100\n|switch|p2a: Chien-Pao|Chien-Pao, L50|100\/100\n|switch|p2b: Ceruledge|Ceruledge, L50, F|100\/100\n|-ability|p2a: Chien-Pao|Sword of Ruin\n|-ability|p1b: Windy|Intimidate|boost\n|-unboost|p2a: Chien-Pao|atk|1\n|-fail|p2b: Ceruledge|unboost|[from] item: Clear Amulet|[of] p2b: Ceruledge\n|turn|1\n|j| Minaschan\n|inactive|Allitza has 30 seconds left.\n|\n|t:|1681985990\n|-terastallize|p1a: Dragonite|Flying\n|move|p2a: Chien-Pao|Ice Spinner|p1a: Dragonite\n|-supereffective|p1a: Dragonite\n|-damage|p1a: Dragonite|59\/100\n|move|p1b: Windy|Howl|p1b: Windy|[spread] p1a,p1b\n|-boost|p1a: Dragonite|atk|1\n|-boost|p1b: Windy|atk|1\n|move|p1a: Dragonite|Tera Blast|p2b: Ceruledge\n|-damage|p2b: Ceruledge|0 fnt\n|faint|p2b: Ceruledge\n|\n|upkeep\n|\n|t:|1681986000\n|switch|p2b: Tatsugiri|Tatsugiri-Stretchy, L50, M|100\/100\n|turn|2\n|\n|t:|1681986011\n|move|p2b: Tatsugiri|Muddy Water|p1b: Windy|[spread] p1a,p1b\n|-supereffective|p1b: Windy\n|-damage|p1a: Dragonite|21\/100\n|-damage|p1b: Windy|42\/100\n|move|p2a: Chien-Pao|Ice Spinner|p1a: Dragonite\n|-supereffective|p1a: Dragonite\n|-damage|p1a: Dragonite|0 fnt\n|faint|p1a: Dragonite\n|move|p1b: Windy|Flare Blitz|p2a: Chien-Pao\n|-supereffective|p2a: Chien-Pao\n|-enditem|p2a: Chien-Pao|Focus Sash\n|-damage|p2a: Chien-Pao|1\/100\n|-damage|p1b: Windy|16\/100|[from] Recoil\n|\n|upkeep\n|\n|t:|1681986027\n|switch|p1a: Amoonguss|Amoonguss, L50, F|100\/100\n|turn|3\n|\n|t:|1681986046\n|move|p1b: Windy|Extreme Speed|p2a: Chien-Pao\n|-damage|p2a: Chien-Pao|0 fnt\n|faint|p2a: Chien-Pao\n|move|p2b: Tatsugiri|Muddy Water|p1b: Windy|[spread] p1a,p1b\n|-resisted|p1a: Amoonguss\n|-supereffective|p1b: Windy\n|-damage|p1a: Amoonguss|89\/100\n|-damage|p1b: Windy|0 fnt\n|faint|p1b: Windy\n|move|p1a: Amoonguss|Pollen Puff|p1: Windy|[notarget]\n|-fail|p1a: Amoonguss\n|\n|upkeep\n|\n|t:|1681986056\n|switch|p2a: Dondozo|Dondozo, L50, F|100\/100\n|switch|p1b: Flutter Mane|Flutter Mane, L50|100\/100\n|-activate|p2b: Tatsugiri|ability: Commander|[of] p2a: Dondozo\n|-boost|p2a: Dondozo|atk|2\n|-boost|p2a: Dondozo|spa|2\n|-boost|p2a: Dondozo|spe|2\n|-boost|p2a: Dondozo|def|2\n|-boost|p2a: Dondozo|spd|2\n|-enditem|p1b: Flutter Mane|Booster Energy\n|-activate|p1b: Flutter Mane|ability: Protosynthesis|[fromitem]\n|-start|p1b: Flutter Mane|protosynthesisspa\n|turn|4\n|\n|t:|1681986080\n|-terastallize|p2a: Dondozo|Grass\n|move|p1b: Flutter Mane|Protect|p1b: Flutter Mane\n|-singleturn|p1b: Flutter Mane|Protect\n|move|p2a: Dondozo|Tera Blast|p1b: Flutter Mane\n|-activate|p1b: Flutter Mane|move: Protect\n|move|p1a: Amoonguss|Spore|p2a: Dondozo\n|-immune|p2a: Dondozo\n|\n|upkeep\n|turn|5\n|\n|t:|1681986095\n|move|p1b: Flutter Mane|Moonblast|p2a: Dondozo\n|-damage|p2a: Dondozo|73\/100\n|-unboost|p2a: Dondozo|spa|1\n|move|p2a: Dondozo|Tera Blast|p1b: Flutter Mane\n|-damage|p1b: Flutter Mane|0 fnt\n|faint|p1b: Flutter Mane\n|-end|p1b: Flutter Mane|Protosynthesis|[silent]\n|move|p1a: Amoonguss|Clear Smog|p2a: Dondozo\n|-supereffective|p2a: Dondozo\n|-damage|p2a: Dondozo|60\/100\n|-clearboost|p2a: Dondozo\n|\n|-heal|p2a: Dondozo|66\/100|[from] item: Leftovers\n|upkeep\n|turn|6\n|\n|t:|1681986116\n|move|p1a: Amoonguss|Rage Powder|p1a: Amoonguss\n|-singleturn|p1a: Amoonguss|move: Rage Powder\n|move|p2a: Dondozo|Earthquake|p1a: Amoonguss|[spread] p1a\n|-miss|p2a: Dondozo|p2b: Tatsugiri\n|-damage|p1a: Amoonguss|69\/100\n|\n|-heal|p2a: Dondozo|72\/100|[from] item: Leftovers\n|upkeep\n|turn|7\n|\n|t:|1681986124\n|move|p2a: Dondozo|Tera Blast|p1a: Amoonguss\n|-resisted|p1a: Amoonguss\n|-damage|p1a: Amoonguss|62\/100\n|move|p1a: Amoonguss|Pollen Puff|p2a: Dondozo\n|-supereffective|p2a: Dondozo\n|-damage|p2a: Dondozo|41\/100\n|\n|-heal|p2a: Dondozo|48\/100|[from] item: Leftovers\n|upkeep\n|turn|8\n|\n|t:|1681986134\n|move|p2a: Dondozo|Earthquake|p1a: Amoonguss|[spread] p1a\n|-miss|p2a: Dondozo|p2b: Tatsugiri\n|-damage|p1a: Amoonguss|44\/100\n|-enditem|p1a: Amoonguss|Sitrus Berry|[eat]\n|-heal|p1a: Amoonguss|69\/100|[from] item: Sitrus Berry\n|move|p1a: Amoonguss|Pollen Puff|p2a: Dondozo\n|-supereffective|p2a: Dondozo\n|-damage|p2a: Dondozo|17\/100\n|\n|-heal|p2a: Dondozo|23\/100|[from] item: Leftovers\n|upkeep\n|turn|9\n|\n|t:|1681986141\n|move|p2a: Dondozo|Wave Crash|p1a: Amoonguss\n|-resisted|p1a: Amoonguss\n|-damage|p1a: Amoonguss|47\/100\n|-damage|p2a: Dondozo|16\/100|[from] Recoil\n|move|p1a: Amoonguss|Pollen Puff|p2a: Dondozo\n|-supereffective|p2a: Dondozo\n|-damage|p2a: Dondozo|0 fnt\n|faint|p2a: Dondozo\n|\n|upkeep\n|turn|10\n|\n|t:|1681986152\n|move|p2b: Tatsugiri|Muddy Water|p1a: Amoonguss\n|-resisted|p1a: Amoonguss\n|-damage|p1a: Amoonguss|30\/100\n|move|p1a: Amoonguss|Pollen Puff|p2b: Tatsugiri\n|-damage|p2b: Tatsugiri|77\/100\n|\n|upkeep\n|turn|11\n|\n|t:|1681986159\n|move|p2b: Tatsugiri|Muddy Water|p1a: Amoonguss\n|-resisted|p1a: Amoonguss\n|-damage|p1a: Amoonguss|14\/100\n|-unboost|p1a: Amoonguss|accuracy|1\n|move|p1a: Amoonguss|Spore|p2b: Tatsugiri\n|-status|p2b: Tatsugiri|slp|[from] move: Spore\n|\n|upkeep\n|turn|12\n|\n|t:|1681986167\n|cant|p2b: Tatsugiri|slp\n|move|p1a: Amoonguss|Pollen Puff|p2b: Tatsugiri\n|-damage|p2b: Tatsugiri|53\/100 slp\n|\n|upkeep\n|turn|13\n|\n|t:|1681986172\n|cant|p2b: Tatsugiri|slp\n|move|p1a: Amoonguss|Pollen Puff|p2b: Tatsugiri\n|-damage|p2b: Tatsugiri|30\/100 slp\n|\n|upkeep\n|turn|14\n|\n|t:|1681986174\n|-curestatus|p2b: Tatsugiri|slp|[msg]\n|move|p2b: Tatsugiri|Muddy Water|p1a: Amoonguss\n|-resisted|p1a: Amoonguss\n|-damage|p1a: Amoonguss|0 fnt\n|faint|p1a: Amoonguss\n|\n|win|Allitza\n|raw|Kaibar's rating: 1138 → 1113<\/strong> (-25 for losing)\n|raw|Allitza's rating: 1134 → 1159<\/strong> (+25 for winning)\n|l|\u2606Allitza\n","uploadtime":1681986181,"views":17,"p1id":"kaibar","p2id":"allitza","formatid":"gen9vgc2023regulationc","rating":1113,"private":0,"password":""}