{"id":"gen9vgc2023regulationc-1861556755","p1":"Lefties Chi-Yu","p2":"airport gamer","format":"[Gen 9] VGC 2023 Regulation C","log":"|j|\u2606Lefties Chi-Yu\n|j|\u2606airport gamer\n|t:|1683772810\n|gametype|doubles\n|player|p1|Lefties Chi-Yu|acetrainer-gen6xy|\n|player|p2|airport gamer|crasherwake|\n|teamsize|p1|6\n|teamsize|p2|6\n|gen|9\n|tier|[Gen 9] VGC 2023 Regulation C\n|rule|Species Clause: Limit one of each Pok\u00e9mon\n|rule|Item Clause: Limit one of each item\n|clearpoke\n|poke|p1|Flutter Mane, L50|\n|poke|p1|Iron Bundle, L50|\n|poke|p1|Iron Hands, L50|\n|poke|p1|Gyarados, L50, M|\n|poke|p1|Chi-Yu, L50|\n|poke|p1|Amoonguss, L50, M|\n|poke|p2|Garganacl, L50, M|\n|poke|p2|Arcanine, L50, M|\n|poke|p2|Palafin, L50, F|\n|poke|p2|Amoonguss, L50, M|\n|poke|p2|Flutter Mane, L50|\n|poke|p2|Dragonite, L50, F|\n|teampreview|4\nairport gamer has agreed to open team sheets.\nLefties Chi-Yu has agreed to open team sheets.\n|l|\u2606airport gamer\n|player|p2|\n|j|\u2606airport gamer\n|player|p2|airport gamer|crasherwake\n|\n|t:|1683772878\n|start\n|switch|p1a: Iron Bundle|Iron Bundle, L50|100\/100\n|switch|p1b: Iron Hands|Iron Hands, L50|100\/100\n|switch|p2a: Amoonguss|Amoonguss, L50, M|100\/100\n|switch|p2b: Garganacl|Garganacl, L50, M|100\/100\n|-enditem|p1a: Iron Bundle|Booster Energy\n|-activate|p1a: Iron Bundle|ability: Quark Drive|[fromitem]\n|-start|p1a: Iron Bundle|quarkdrivespe\n|turn|1\n|\n|t:|1683772919\n|-terastallize|p2b: Garganacl|Water\n|move|p1a: Iron Bundle|Freeze-Dry|p2a: Amoonguss\n|-supereffective|p2a: Amoonguss\n|-damage|p2a: Amoonguss|38\/100\n|-enditem|p2a: Amoonguss|Sitrus Berry|[eat]\n|-heal|p2a: Amoonguss|63\/100|[from] item: Sitrus Berry\n|move|p1b: Iron Hands|Heavy Slam|p2a: Amoonguss\n|-damage|p2a: Amoonguss|25\/100\n|move|p2b: Garganacl|Salt Cure|p1a: Iron Bundle\n|-supereffective|p1a: Iron Bundle\n|-damage|p1a: Iron Bundle|67\/100\n|-start|p1a: Iron Bundle|Salt Cure\n|move|p2a: Amoonguss|Spore|p1b: Iron Hands\n|-status|p1b: Iron Hands|slp|[from] move: Spore\n|\n|-damage|p1a: Iron Bundle|42\/100|[from] Salt Cure\n|upkeep\n|turn|2\n|c|\u2606Lefties Chi-Yu|the one time i dont fake out\n|c|\u2606Lefties Chi-Yu|it goes wrong\n|c|\u2606Lefties Chi-Yu|try not to fake out challenge (impossible)\n|\n|t:|1683772981\n|-end|p1a: Iron Bundle|Quark Drive|[silent]\n|switch|p1a: Amoonguss|Amoonguss, L50, M|100\/100\n|switch|p2a: Arcanine|Arcanine, L50, M|100\/100\n|-ability|p2a: Arcanine|Intimidate|boost\n|-unboost|p1a: Amoonguss|atk|1\n|-unboost|p1b: Iron Hands|atk|1\n|cant|p1b: Iron Hands|slp\n|move|p2b: Garganacl|Recover||[still]\n|-fail|p2b: Garganacl|heal\n|\n|upkeep\n|turn|3\n|\n|t:|1683773016\n|-end|p1b: Iron Hands|Quark Drive|[silent]\n|switch|p1b: Chi-Yu|Chi-Yu, L50|100\/100\n|-ability|p1b: Chi-Yu|Beads of Ruin\n|move|p1a: Amoonguss|Protect|p1a: Amoonguss\n|-singleturn|p1a: Amoonguss|Protect\n|move|p2a: Arcanine|Flare Blitz|p1a: Amoonguss\n|-activate|p1a: Amoonguss|move: Protect\n|move|p2b: Garganacl|Stealth Rock|p1b: Chi-Yu\n|-sidestart|p1: Lefties Chi-Yu|move: Stealth Rock\n|\n|upkeep\n|turn|4\n|\n|t:|1683773062\n|-terastallize|p1a: Amoonguss|Water\n|move|p1a: Amoonguss|Rage Powder|p1a: Amoonguss\n|-singleturn|p1a: Amoonguss|move: Rage Powder\n|move|p1b: Chi-Yu|Nasty Plot|p1b: Chi-Yu\n|-boost|p1b: Chi-Yu|spa|2\n|move|p2a: Arcanine|Flare Blitz|p1a: Amoonguss\n|-resisted|p1a: Amoonguss\n|-damage|p1a: Amoonguss|78\/100\n|-damage|p2a: Arcanine|92\/100|[from] Recoil\n|move|p2b: Garganacl|Salt Cure|p1a: Amoonguss\n|-damage|p1a: Amoonguss|67\/100\n|-start|p1a: Amoonguss|Salt Cure\n|\n|-damage|p1a: Amoonguss|42\/100|[from] Salt Cure\n|upkeep\n|-enditem|p1a: Amoonguss|Sitrus Berry|[eat]\n|-heal|p1a: Amoonguss|67\/100|[from] item: Sitrus Berry\n|turn|5\n|\n|t:|1683773087\n|move|p2a: Arcanine|Extreme Speed|p1b: Chi-Yu\n|-damage|p1b: Chi-Yu|72\/100\n|move|p1a: Amoonguss|Rage Powder|p1a: Amoonguss\n|-singleturn|p1a: Amoonguss|move: Rage Powder\n|move|p1b: Chi-Yu|Nasty Plot|p1b: Chi-Yu\n|-boost|p1b: Chi-Yu|spa|2\n|move|p2b: Garganacl|Salt Cure|p1a: Amoonguss\n|-damage|p1a: Amoonguss|57\/100\n|\n|-heal|p1b: Chi-Yu|78\/100|[from] item: Leftovers\n|-damage|p1a: Amoonguss|32\/100|[from] Salt Cure\n|upkeep\n|turn|6\n|\n|t:|1683773117\n|switch|p1a: Iron Hands|Iron Hands, L50|100\/100 slp\n|-damage|p1a: Iron Hands|94\/100 slp|[from] Stealth Rock\n|move|p1b: Chi-Yu|Protect|p1b: Chi-Yu\n|-singleturn|p1b: Chi-Yu|Protect\n|move|p2a: Arcanine|Extreme Speed|p1a: Iron Hands\n|-damage|p1a: Iron Hands|75\/100 slp\n|move|p2b: Garganacl|Salt Cure|p1b: Chi-Yu\n|-activate|p1b: Chi-Yu|move: Protect\n|\n|-heal|p1b: Chi-Yu|84\/100|[from] item: Leftovers\n|upkeep\n|turn|7\n|\n|t:|1683773138\n|cant|p1a: Iron Hands|slp\n|move|p2a: Arcanine|Extreme Speed|p1b: Chi-Yu\n|-damage|p1b: Chi-Yu|54\/100\n|move|p1b: Chi-Yu|Dark Pulse|p2a: Arcanine\n|-damage|p2a: Arcanine|0 fnt\n|faint|p2a: Arcanine\n|move|p2b: Garganacl|Salt Cure|p1b: Chi-Yu\n|-supereffective|p1b: Chi-Yu\n|-damage|p1b: Chi-Yu|19\/100\n|-start|p1b: Chi-Yu|Salt Cure\n|\n|-heal|p1b: Chi-Yu|25\/100|[from] item: Leftovers\n|-damage|p1b: Chi-Yu|13\/100|[from] Salt Cure\n|upkeep\n|l|\u2606airport gamer\n|player|p2|\n|j|\u2606airport gamer\n|player|p2|airport gamer|crasherwake\n|c|\u2606Lefties Chi-Yu|changed ur icon mid game\n|c|\u2606Lefties Chi-Yu|lets go\n|\n|t:|1683773188\n|switch|p2a: Flutter Mane|Flutter Mane, L50|100\/100\n|-enditem|p2a: Flutter Mane|Booster Energy\n|-activate|p2a: Flutter Mane|ability: Protosynthesis|[fromitem]\n|-start|p2a: Flutter Mane|protosynthesisspa\n|turn|8\n|\n|t:|1683773223\n|move|p2a: Flutter Mane|Moonblast|p1b: Chi-Yu\n|-damage|p1b: Chi-Yu|0 fnt\n|faint|p1b: Chi-Yu\n|cant|p1a: Iron Hands|slp\n|move|p2b: Garganacl|Salt Cure|p1a: Iron Hands\n|-resisted|p1a: Iron Hands\n|-damage|p1a: Iron Hands|70\/100 slp\n|-start|p1a: Iron Hands|Salt Cure\n|\n|-damage|p1a: Iron Hands|57\/100 slp|[from] Salt Cure\n|upkeep\n|c|\u2606Lefties Chi-Yu|wake u pbitchhhhh\n|\n|t:|1683773239\n|switch|p1b: Amoonguss|Amoonguss, L50, M, tera:Water|65\/100\n|-damage|p1b: Amoonguss|53\/100|[from] Stealth Rock\n|turn|9\n|\n|t:|1683773283\n|move|p2a: Flutter Mane|Substitute|p2a: Flutter Mane\n|-start|p2a: Flutter Mane|Substitute\n|-damage|p2a: Flutter Mane|76\/100\n|-curestatus|p1a: Iron Hands|slp|[msg]\n|move|p1a: Iron Hands|Heavy Slam|p2a: Flutter Mane\n|-supereffective|p2a: Flutter Mane\n|-end|p2a: Flutter Mane|Substitute\n|move|p2b: Garganacl|Salt Cure|p1b: Amoonguss\n|-damage|p1b: Amoonguss|41\/100\n|-start|p1b: Amoonguss|Salt Cure\n|move|p1b: Amoonguss|Pollen Puff|p1a: Iron Hands\n|-heal|p1a: Iron Hands|100\/100\n|\n|-damage|p1a: Iron Hands|88\/100|[from] Salt Cure\n|-damage|p1b: Amoonguss|16\/100|[from] Salt Cure\n|upkeep\n|turn|10\n|c|\u2606airport gamer|Stay asleep forever\n|\n|t:|1683773337\n|move|p1b: Amoonguss|Rage Powder|p1b: Amoonguss\n|-singleturn|p1b: Amoonguss|move: Rage Powder\n|move|p2a: Flutter Mane|Moonblast|p1b: Amoonguss\n|-damage|p1b: Amoonguss|0 fnt\n|faint|p1b: Amoonguss\n|move|p1a: Iron Hands|Heavy Slam|p2a: Flutter Mane\n|-supereffective|p2a: Flutter Mane\n|-damage|p2a: Flutter Mane|0 fnt\n|faint|p2a: Flutter Mane\n|-end|p2a: Flutter Mane|Protosynthesis|[silent]\n|move|p2b: Garganacl|Salt Cure|p1a: Iron Hands\n|-resisted|p1a: Iron Hands\n|-damage|p1a: Iron Hands|83\/100\n|\n|-damage|p1a: Iron Hands|70\/100|[from] Salt Cure\n|upkeep\n|c|\u2606Lefties Chi-Yu|double protect is the correct play\n|\n|t:|1683773355\n|switch|p2a: Amoonguss|Amoonguss, L50, M|58\/100\n|switch|p1b: Iron Bundle|Iron Bundle, L50|42\/100\n|-damage|p1b: Iron Bundle|17\/100|[from] Stealth Rock\n|turn|11\n|c|\u2606airport gamer|I know\n|c|\u2606airport gamer|I just can't think thoughts\n|c|\u2606Lefties Chi-Yu|but i could switch out i guess\n|c|\u2606Lefties Chi-Yu|so not terrible\n|\n|t:|1683773404\n|move|p1b: Iron Bundle|Protect|p1b: Iron Bundle\n|-singleturn|p1b: Iron Bundle|Protect\n|move|p2a: Amoonguss|Rage Powder|p2a: Amoonguss\n|-singleturn|p2a: Amoonguss|move: Rage Powder\n|move|p1a: Iron Hands|Wild Charge|p2a: Amoonguss\n|-resisted|p2a: Amoonguss\n|-damage|p2a: Amoonguss|37\/100\n|-damage|p1a: Iron Hands|65\/100|[from] Recoil\n|move|p2b: Garganacl|Salt Cure|p1b: Iron Bundle\n|-activate|p1b: Iron Bundle|move: Protect\n|\n|-damage|p1a: Iron Hands|53\/100|[from] Salt Cure\n|upkeep\n|turn|12\n|\n|t:|1683773434\n|move|p2a: Amoonguss|Protect|p2a: Amoonguss\n|-singleturn|p2a: Amoonguss|Protect\n|move|p1b: Iron Bundle|Freeze-Dry|p2b: Garganacl\n|-supereffective|p2b: Garganacl\n|-damage|p2b: Garganacl|54\/100\n|move|p1a: Iron Hands|Wild Charge|p2b: Garganacl\n|-supereffective|p2b: Garganacl\n|-damage|p2b: Garganacl|0 fnt\n|faint|p2b: Garganacl\n|-damage|p1a: Iron Hands|41\/100|[from] Recoil\n|\n|-damage|p1a: Iron Hands|28\/100|[from] Salt Cure\n|upkeep\n|turn|13\n|c|\u2606Lefties Chi-Yu|gg\n|c|\u2606airport gamer|Duqidne\n|c|\u2606airport gamer|gg\n|c|\u2606airport gamer|Actually no big\n|c|\u2606airport gamer|bg\n|c|\u2606Lefties Chi-Yu|noooo\n|c|\u2606Lefties Chi-Yu|great game\n|-message|airport gamer forfeited.\n|\n|win|Lefties Chi-Yu\n|l|\u2606airport gamer\n","uploadtime":1683773514,"views":14,"p1id":"leftieschiyu","p2id":"airportgamer","formatid":"gen9vgc2023regulationc","rating":0,"private":0,"password":""}