{"id":"gen9vgc2023regulationc-1845218781","p1":"fizzywizzyglizzy","p2":"ihammerhead23","format":"[Gen 9] VGC 2023 Regulation C","log":"|j|\u2606fizzywizzyglizzy\n|j|\u2606ihammerhead23\n|t:|1681697839\n|gametype|doubles\n|player|p1|fizzywizzyglizzy|2|1239\n|player|p2|ihammerhead23|101|1278\n|teamsize|p1|6\n|teamsize|p2|6\n|gen|9\n|tier|[Gen 9] VGC 2023 Regulation C\n|rated|\n|rule|Species Clause: Limit one of each Pok\u00e9mon\n|rule|Item Clause: Limit one of each item\n|clearpoke\n|poke|p1|Arcanine, L50, F|\n|poke|p1|Palafin, L50, M|\n|poke|p1|Kingambit, L50, F|\n|poke|p1|Garganacl, L50, M|\n|poke|p1|Flutter Mane, L50|\n|poke|p1|Amoonguss, L50, M|\n|poke|p2|Espathra, L50, M|\n|poke|p2|Flutter Mane, L50|\n|poke|p2|Palafin, L50, M|\n|poke|p2|Arcanine, L50, M|\n|poke|p2|Dragonite, L50, M|\n|poke|p2|Amoonguss, L50, F|\n|teampreview|4\n|\n|t:|1681697877\n|start\n|switch|p1a: Palafin|Palafin, L50, M|100\/100\n|switch|p1b: Garganacl|Garganacl, L50, M, shiny|100\/100\n|switch|p2a: Espathra|Espathra, L50, M|100\/100\n|switch|p2b: Flutter Mane|Flutter Mane, L50|100\/100\n|turn|1\n|\n|t:|1681697898\n|detailschange|p1a: Palafin|Palafin-Hero, L50, M\n|switch|p1a: Kingambit|Kingambit, L50, F, shiny|100\/100\n|move|p1b: Garganacl|Protect|p1b: Garganacl\n|-singleturn|p1b: Garganacl|Protect\n|move|p2b: Flutter Mane|Moonblast|p1b: Garganacl\n|-activate|p1b: Garganacl|move: Protect\n|move|p2a: Espathra|Lumina Crash|p1b: Garganacl\n|-activate|p1b: Garganacl|move: Protect\n|\n|-ability|p2a: Espathra|Speed Boost|boost\n|-boost|p2a: Espathra|spe|1\n|upkeep\n|turn|2\n|\n|t:|1681697918\n|move|p2a: Espathra|Low Kick|p1a: Kingambit\n|-supereffective|p1a: Kingambit\n|-damage|p1a: Kingambit|54\/100\n|move|p2b: Flutter Mane|Substitute|p2b: Flutter Mane\n|-start|p2b: Flutter Mane|Substitute\n|-damage|p2b: Flutter Mane|76\/100\n|move|p1a: Kingambit|Swords Dance|p1a: Kingambit\n|-boost|p1a: Kingambit|atk|2\n|move|p1b: Garganacl|Salt Cure|p2a: Espathra\n|-damage|p2a: Espathra|81\/100\n|-start|p2a: Espathra|Salt Cure\n|\n|-heal|p2b: Flutter Mane|82\/100|[from] item: Leftovers\n|-damage|p2a: Espathra|69\/100|[from] Salt Cure\n|-ability|p2a: Espathra|Speed Boost|boost\n|-boost|p2a: Espathra|spe|1\n|upkeep\n|turn|3\n|\n|t:|1681697944\n|move|p1a: Kingambit|Sucker Punch|p2b: Flutter Mane\n|-end|p2b: Flutter Mane|Substitute\n|move|p2a: Espathra|Hypnosis|p1a: Kingambit\n|-status|p1a: Kingambit|slp|[from] move: Hypnosis\n|move|p2b: Flutter Mane|Moonblast|p1b: Garganacl\n|-damage|p1b: Garganacl|72\/100\n|-unboost|p1b: Garganacl|spa|1\n|move|p1b: Garganacl|Salt Cure|p2b: Flutter Mane\n|-damage|p2b: Flutter Mane|63\/100\n|-start|p2b: Flutter Mane|Salt Cure\n|\n|-heal|p2b: Flutter Mane|69\/100|[from] item: Leftovers\n|-heal|p1b: Garganacl|78\/100|[from] item: Leftovers\n|-damage|p2a: Espathra|56\/100|[from] Salt Cure\n|-damage|p2b: Flutter Mane|57\/100|[from] Salt Cure\n|-ability|p2a: Espathra|Speed Boost|boost\n|-boost|p2a: Espathra|spe|1\n|upkeep\n|turn|4\n|\n|t:|1681697970\n|move|p1b: Garganacl|Protect|p1b: Garganacl\n|-singleturn|p1b: Garganacl|Protect\n|move|p2a: Espathra|Lumina Crash|p1b: Garganacl\n|-activate|p1b: Garganacl|move: Protect\n|move|p2b: Flutter Mane|Moonblast|p1b: Garganacl\n|-activate|p1b: Garganacl|move: Protect\n|cant|p1a: Kingambit|slp\n|\n|-heal|p2b: Flutter Mane|63\/100|[from] item: Leftovers\n|-heal|p1b: Garganacl|84\/100|[from] item: Leftovers\n|-damage|p2a: Espathra|44\/100|[from] Salt Cure\n|-damage|p2b: Flutter Mane|50\/100|[from] Salt Cure\n|-ability|p2a: Espathra|Speed Boost|boost\n|-boost|p2a: Espathra|spe|1\n|upkeep\n|turn|5\n|\n|t:|1681697988\n|-end|p2b: Flutter Mane|Protosynthesis|[silent]\n|switch|p2b: Palafin|Palafin, L50, M|100\/100\n|move|p1b: Garganacl|Protect||[still]\n|-fail|p1b: Garganacl\n|cant|p1a: Kingambit|slp\n|move|p2a: Espathra|Lumina Crash|p1b: Garganacl\n|-damage|p1b: Garganacl|65\/100\n|-unboost|p1b: Garganacl|spd|2\n|\n|-heal|p1b: Garganacl|71\/100|[from] item: Leftovers\n|-damage|p2a: Espathra|32\/100|[from] Salt Cure\n|-ability|p2a: Espathra|Speed Boost|boost\n|-boost|p2a: Espathra|spe|1\n|upkeep\n|turn|6\n|\n|t:|1681698009\n|detailschange|p2b: Palafin|Palafin-Hero, L50, M\n|switch|p2b: Flutter Mane|Flutter Mane, L50|50\/100\n|move|p1b: Garganacl|Protect|p1b: Garganacl\n|-singleturn|p1b: Garganacl|Protect\n|-curestatus|p1a: Kingambit|slp|[msg]\n|move|p1a: Kingambit|Sucker Punch|p2a: Espathra\n|-supereffective|p2a: Espathra\n|-damage|p2a: Espathra|0 fnt\n|faint|p2a: Espathra\n|\n|-heal|p2b: Flutter Mane|57\/100|[from] item: Leftovers\n|-heal|p1b: Garganacl|76\/100|[from] item: Leftovers\n|upkeep\n|\n|t:|1681698014\n|switch|p2a: Palafin|Palafin-Hero, L50, M|100\/100\n|-activate|p2a: Palafin|ability: Zero to Hero\n|turn|7\n|\n|t:|1681698041\n|-terastallize|p2a: Palafin|Water\n|move|p2b: Flutter Mane|Substitute|p2b: Flutter Mane\n|-start|p2b: Flutter Mane|Substitute\n|-damage|p2b: Flutter Mane|32\/100\n|move|p2a: Palafin|Wave Crash|p1b: Garganacl\n|-supereffective|p1b: Garganacl\n|-damage|p1b: Garganacl|0 fnt\n|faint|p1b: Garganacl\n|-damage|p2a: Palafin|73\/100|[from] Recoil\n|move|p1a: Kingambit|Kowtow Cleave|p2a: Palafin\n|-damage|p2a: Palafin|0 fnt\n|faint|p2a: Palafin\n|\n|-heal|p2b: Flutter Mane|38\/100|[from] item: Leftovers\n|upkeep\n|\n|t:|1681698061\n|switch|p2a: Arcanine|Arcanine, L50, M, shiny|100\/100\n|switch|p1b: Amoonguss|Amoonguss, L50, M|100\/100\n|-ability|p2a: Arcanine|Intimidate|boost\n|-unboost|p1a: Kingambit|atk|1\n|-ability|p1a: Kingambit|Defiant|boost\n|-boost|p1a: Kingambit|atk|2\n|-unboost|p1b: Amoonguss|atk|1\n|turn|8\n|\n|t:|1681698078\n|-terastallize|p1a: Kingambit|Dark\n|move|p2a: Arcanine|Protect|p2a: Arcanine\n|-singleturn|p2a: Arcanine|Protect\n|move|p1b: Amoonguss|Rage Powder|p1b: Amoonguss\n|-singleturn|p1b: Amoonguss|move: Rage Powder\n|move|p2b: Flutter Mane|Shadow Ball|p1b: Amoonguss\n|-damage|p1b: Amoonguss|68\/100\n|-unboost|p1b: Amoonguss|spd|1\n|move|p1a: Kingambit|Kowtow Cleave|p2a: Arcanine\n|-activate|p2a: Arcanine|move: Protect\n|\n|-heal|p2b: Flutter Mane|44\/100|[from] item: Leftovers\n|upkeep\n|turn|9\n|\n|t:|1681698103\n|move|p1b: Amoonguss|Rage Powder|p1b: Amoonguss\n|-singleturn|p1b: Amoonguss|move: Rage Powder\n|move|p2b: Flutter Mane|Moonblast|p1b: Amoonguss\n|-resisted|p1b: Amoonguss\n|-damage|p1b: Amoonguss|39\/100\n|-enditem|p1b: Amoonguss|Sitrus Berry|[eat]\n|-heal|p1b: Amoonguss|64\/100|[from] item: Sitrus Berry\n|move|p2a: Arcanine|Flare Blitz|p1b: Amoonguss\n|-supereffective|p1b: Amoonguss\n|-damage|p1b: Amoonguss|0 fnt\n|faint|p1b: Amoonguss\n|-damage|p2a: Arcanine|77\/100|[from] Recoil\n|move|p1a: Kingambit|Kowtow Cleave|p2a: Arcanine\n|-damage|p2a: Arcanine|0 fnt\n|faint|p2a: Arcanine\n|\n|-heal|p2b: Flutter Mane|50\/100|[from] item: Leftovers\n|upkeep\n|\n|t:|1681698122\n|switch|p1b: Palafin|Palafin-Hero, L50, M|100\/100\n|-activate|p1b: Palafin|ability: Zero to Hero\n|turn|10\n|\n|t:|1681698128\n|move|p2b: Flutter Mane|Protect|p2b: Flutter Mane\n|-singleturn|p2b: Flutter Mane|Protect\n|move|p1b: Palafin|Jet Punch|p2b: Flutter Mane\n|-activate|p2b: Flutter Mane|move: Protect\n|move|p1a: Kingambit|Sucker Punch||[still]\n|-fail|p1a: Kingambit\n|\n|-heal|p2b: Flutter Mane|57\/100|[from] item: Leftovers\n|upkeep\n|turn|11\n|\n|t:|1681698135\n|move|p2b: Flutter Mane|Protect||[still]\n|-fail|p2b: Flutter Mane\n|move|p1b: Palafin|Jet Punch|p2b: Flutter Mane\n|-end|p2b: Flutter Mane|Substitute\n|move|p1a: Kingambit|Sucker Punch||[still]\n|-fail|p1a: Kingambit\n|\n|-heal|p2b: Flutter Mane|63\/100|[from] item: Leftovers\n|upkeep\n|turn|12\n|-message|ihammerhead23 forfeited.\n|\n|win|fizzywizzyglizzy\n|raw|fizzywizzyglizzy's rating: 1239 → 1267<\/strong> (+28 for winning)\n|raw|ihammerhead23's rating: 1278 → 1250<\/strong> (-28 for losing)\n|l|\u2606ihammerhead23\n","uploadtime":1681698149,"views":16,"p1id":"fizzywizzyglizzy","p2id":"ihammerhead23","formatid":"gen9vgc2023regulationc","rating":1250,"private":0,"password":""}