{"id":"gen9vgc2023regulationc-1858622279","p1":"Cojams","p2":"arcaninesrules","format":"[Gen 9] VGC 2023 Regulation C","log":"|j|\u2606Cojams\n|j|\u2606arcaninesrules\n|t:|1683333545\n|gametype|doubles\n|player|p1|Cojams|caitlin|1140\n|player|p2|arcaninesrules|266|1179\n|teamsize|p1|6\n|teamsize|p2|6\n|gen|9\n|tier|[Gen 9] VGC 2023 Regulation C\n|rated|\n|rule|Species Clause: Limit one of each Pok\u00e9mon\n|rule|Item Clause: Limit one of each item\n|clearpoke\n|poke|p1|Iron Hands, L50|\n|poke|p1|Corviknight, L50, M|\n|poke|p1|Palafin, L50, M|\n|poke|p1|Flutter Mane, L50|\n|poke|p1|Amoonguss, L50, F|\n|poke|p1|Great Tusk, L50|\n|poke|p2|Chi-Yu, L50|\n|poke|p2|Flutter Mane, L50|\n|poke|p2|Chien-Pao, L50|\n|poke|p2|Gyarados, L50, M|\n|poke|p2|Amoonguss, L50, F|\n|poke|p2|Iron Hands, L50|\n|teampreview|4\nCojams has agreed to open team sheets.\narcaninesrules has agreed to open team sheets.\n|\n|t:|1683333594\n|start\n|switch|p1a: Iron Hands|Iron Hands, L50|100\/100\n|switch|p1b: Palafin|Palafin, L50, M|100\/100\n|switch|p2a: Iron Hands|Iron Hands, L50|100\/100\n|switch|p2b: Gyarados|Gyarados, L50, M|100\/100\n|-ability|p2b: Gyarados|Intimidate|boost\n|-unboost|p1a: Iron Hands|atk|1\n|-unboost|p1b: Palafin|atk|1\n|turn|1\n|inactive|Battle timer is ON: inactive players will automatically lose when time's up. (requested by arcaninesrules)\n|\n|t:|1683333616\n|detailschange|p1b: Palafin|Palafin-Hero, L50, M\n|switch|p1b: Amoonguss|Amoonguss, L50, F|100\/100\n|-terastallize|p2b: Gyarados|Steel\n|move|p2a: Iron Hands|Fake Out|p1b: Amoonguss\n|-damage|p1b: Amoonguss|88\/100\n|move|p2b: Gyarados|Dragon Dance|p2b: Gyarados\n|-boost|p2b: Gyarados|atk|1\n|-boost|p2b: Gyarados|spe|1\n|move|p1a: Iron Hands|Swords Dance|p1a: Iron Hands\n|-boost|p1a: Iron Hands|atk|2\n|\n|-heal|p1b: Amoonguss|94\/100|[from] item: Black Sludge\n|upkeep\n|turn|2\n|\n|t:|1683333641\n|move|p2b: Gyarados|Waterfall|p1a: Iron Hands\n|-damage|p1a: Iron Hands|63\/100\n|-damage|p2b: Gyarados|84\/100|[from] item: Rocky Helmet|[of] p1a: Iron Hands\n|move|p1a: Iron Hands|Drain Punch|p2b: Gyarados\n|-supereffective|p2b: Gyarados\n|-damage|p2b: Gyarados|0 fnt\n|-heal|p1a: Iron Hands|97\/100|[from] drain|[of] p2b: Gyarados\n|faint|p2b: Gyarados\n|move|p2a: Iron Hands|Drain Punch|p1a: Iron Hands\n|-damage|p1a: Iron Hands|73\/100\n|-damage|p2a: Iron Hands|84\/100|[from] item: Rocky Helmet|[of] p1a: Iron Hands\n|move|p1b: Amoonguss|Spore|p2a: Iron Hands\n|-status|p2a: Iron Hands|slp|[from] move: Spore\n|\n|-heal|p1b: Amoonguss|99\/100|[from] item: Black Sludge\n|upkeep\n|\n|t:|1683333648\n|switch|p2b: Chi-Yu|Chi-Yu, L50|100\/100\n|-ability|p2b: Chi-Yu|Beads of Ruin\n|turn|3\n|inactive|Cojams has 30 seconds left.\n|\n|t:|1683333674\n|-end|p2a: Iron Hands|Quark Drive|[silent]\n|switch|p2a: Flutter Mane|Flutter Mane, L50|100\/100\n|-enditem|p2a: Flutter Mane|Booster Energy\n|-activate|p2a: Flutter Mane|ability: Protosynthesis|[fromitem]\n|-start|p2a: Flutter Mane|protosynthesisspe\n|move|p2b: Chi-Yu|Heat Wave|p1a: Iron Hands|[spread] p1a,p1b\n|-supereffective|p1b: Amoonguss\n|-damage|p1a: Iron Hands|1\/100\n|-damage|p1b: Amoonguss|0 fnt\n|faint|p1b: Amoonguss\n|-damage|p2b: Chi-Yu|90\/100|[from] item: Life Orb\n|move|p1a: Iron Hands|Drain Punch|p2b: Chi-Yu\n|-supereffective|p2b: Chi-Yu\n|-damage|p2b: Chi-Yu|0 fnt\n|-heal|p1a: Iron Hands|26\/100|[from] drain|[of] p2b: Chi-Yu\n|faint|p2b: Chi-Yu\n|\n|upkeep\n|\n|t:|1683333686\n|switch|p2b: Iron Hands|Iron Hands, L50|84\/100 slp\n|switch|p1b: Palafin|Palafin-Hero, L50, M|100\/100\n|-activate|p1b: Palafin|ability: Zero to Hero\n|turn|4\n|\n|t:|1683333700\n|move|p2a: Flutter Mane|Protect|p2a: Flutter Mane\n|-singleturn|p2a: Flutter Mane|Protect\n|move|p1b: Palafin|Jet Punch|p2a: Flutter Mane\n|-activate|p2a: Flutter Mane|move: Protect\n|move|p1a: Iron Hands|Thunder Punch|p2a: Flutter Mane\n|-activate|p2a: Flutter Mane|move: Protect\n|cant|p2b: Iron Hands|slp\n|\n|upkeep\n|turn|5\n|\n|t:|1683333711\n|move|p1b: Palafin|Protect|p1b: Palafin\n|-singleturn|p1b: Palafin|Protect\n|move|p2a: Flutter Mane|Thunderbolt|p1b: Palafin\n|-activate|p1b: Palafin|move: Protect\n|move|p1a: Iron Hands|Earthquake|p2a: Flutter Mane|[spread] p2a,p2b\n|-activate|p1b: Palafin|move: Protect\n|-supereffective|p2b: Iron Hands\n|-crit|p2b: Iron Hands\n|-damage|p2a: Flutter Mane|25\/100\n|-damage|p2b: Iron Hands|11\/100 slp\n|cant|p2b: Iron Hands|slp\n|\n|upkeep\n|turn|6\n|-message|arcaninesrules forfeited.\n|\n|win|Cojams\n|raw|Cojams's rating: 1140 → 1168<\/strong> (+28 for winning)\n|raw|arcaninesrules's rating: 1179 → 1151<\/strong> (-28 for losing)\n|l|\u2606Cojams\n","uploadtime":1683335600,"views":8,"p1id":"cojams","p2id":"arcaninesrules","formatid":"gen9vgc2023regulationc","rating":1151,"private":0,"password":""}