{"id":"gen9vgc2023regulationc-1851851181","p1":"PixelMaster98146","p2":"MangledGalah","format":"[Gen 9] VGC 2023 Regulation C","log":"|j|\u2606PixelMaster98146\n|j|\u2606MangledGalah\n|t:|1682495013\n|gametype|doubles\n|player|p1|PixelMaster98146|palmer|1412\n|player|p2|MangledGalah|102|1317\n|teamsize|p1|6\n|teamsize|p2|6\n|gen|9\n|tier|[Gen 9] VGC 2023 Regulation C\n|rated|\n|rule|Species Clause: Limit one of each Pok\u00e9mon\n|rule|Item Clause: Limit one of each item\n|clearpoke\n|poke|p1|Murkrow, L50, F|\n|poke|p1|Baxcalibur, L50, M|\n|poke|p1|Flutter Mane, L50|\n|poke|p1|Ting-Lu, L50|\n|poke|p1|Arcanine, L50, F|\n|poke|p1|Palafin, L50, M|\n|poke|p2|Flutter Mane, L50|\n|poke|p2|Garganacl, L50, F|\n|poke|p2|Sylveon, L50, M|\n|poke|p2|Brute Bonnet, L50|\n|poke|p2|Dragapult, L50, F|\n|poke|p2|Palafin, L50, F|\n|teampreview|4\n|inactive|Battle timer is ON: inactive players will automatically lose when time's up. (requested by MangledGalah)\n|\n|t:|1682495052\n|start\n|switch|p1a: Mafia|Murkrow, L50, F|100\/100\n|switch|p1b: Fineas|Palafin, L50, M|100\/100\n|switch|p2a: FlexOffender|Palafin, L50, F, shiny|100\/100\n|switch|p2b: Tinkerbell|Sylveon, L50, M, shiny|100\/100\n|turn|1\n|inactive|PixelMaster98146 has 30 seconds left.\n|\n|t:|1682495083\n|detailschange|p1b: Fineas|Palafin-Hero, L50, M\n|switch|p1b: Mischief|Flutter Mane, L50|100\/100\n|-enditem|p1b: Mischief|Booster Energy\n|-activate|p1b: Mischief|ability: Protosynthesis|[fromitem]\n|-start|p1b: Mischief|protosynthesisspa\n|-terastallize|p2a: FlexOffender|Water\n|move|p1a: Mafia|Taunt|p2b: Tinkerbell\n|-start|p2b: Tinkerbell|move: Taunt\n|move|p2a: FlexOffender|Wave Crash|p1a: Mafia\n|-damage|p1a: Mafia|25\/100\n|-damage|p2a: FlexOffender|79\/100|[from] Recoil\n|cant|p2b: Tinkerbell|move: Taunt|Substitute\n|\n|upkeep\n|turn|2\n|inactive|PixelMaster98146 has 30 seconds left.\n|\n|t:|1682495112\n|move|p2a: FlexOffender|Jet Punch|p1a: Mafia\n|-damage|p1a: Mafia|0 fnt\n|faint|p1a: Mafia\n|move|p1b: Mischief|Moonblast|p2b: Tinkerbell\n|-damage|p2b: Tinkerbell|53\/100\n|-unboost|p2b: Tinkerbell|spa|1\n|move|p2b: Tinkerbell|Hyper Voice|p1b: Mischief\n|-damage|p1b: Mischief|72\/100\n|\n|-heal|p2b: Tinkerbell|59\/100|[from] item: Leftovers\n|upkeep\n|\n|t:|1682495117\n|switch|p1a: Fineas|Palafin-Hero, L50, M|100\/100\n|-activate|p1a: Fineas|ability: Zero to Hero\n|turn|3\n|\n|t:|1682495125\n|detailschange|p2a: FlexOffender|Palafin-Hero, L50, F, shiny, tera:Water\n|switch|p2a: Brute Force|Brute Bonnet, L50, shiny|100\/100\n|move|p1b: Mischief|Moonblast|p2a: Brute Force\n|-supereffective|p2a: Brute Force\n|-damage|p2a: Brute Force|0 fnt\n|faint|p2a: Brute Force\n|-end|p2a: Brute Force|Protosynthesis|[silent]\n|move|p1a: Fineas|Wave Crash|p2b: Tinkerbell\n|-crit|p2b: Tinkerbell\n|-damage|p2b: Tinkerbell|0 fnt\n|faint|p2b: Tinkerbell\n|-damage|p1a: Fineas|82\/100|[from] Recoil\n|\n|upkeep\n|inactive|MangledGalah has 30 seconds left.\n|\n|t:|1682495160\n|switch|p2b: FlexOffender|Palafin-Hero, L50, F, shiny, tera:Water|79\/100\n|switch|p2a: Bye Kids|Dragapult, L50, F, shiny|100\/100\n|-activate|p2b: FlexOffender|ability: Zero to Hero\n|turn|4\n|\n|t:|1682495183\n|move|p2b: FlexOffender|Jet Punch|p1b: Mischief\n|-damage|p1b: Mischief|0 fnt\n|faint|p1b: Mischief\n|-end|p1b: Mischief|Protosynthesis|[silent]\n|move|p2a: Bye Kids|Dragon Darts|p1a: Fineas\n|-damage|p1a: Fineas|50\/100\n|-anim|p2a: Bye Kids|Dragon Darts|p1a: Fineas\n|-damage|p1a: Fineas|19\/100\n|move|p1a: Fineas|Wave Crash|p2b: FlexOffender\n|-resisted|p2b: FlexOffender\n|-crit|p2b: FlexOffender\n|-damage|p2b: FlexOffender|0 fnt\n|faint|p2b: FlexOffender\n|-damage|p1a: Fineas|0 fnt|[from] Recoil\n|faint|p1a: Fineas\n|\n|upkeep\n|\n|t:|1682495195\n|switch|p1b: Baxcalibur|Baxcalibur, L50, M|100\/100\n|turn|5\n|\n|t:|1682495204\n|-terastallize|p1b: Baxcalibur|Ground\n|move|p2a: Bye Kids|Dragon Darts|p1b: Baxcalibur\n|-damage|p1b: Baxcalibur|66\/100\n|-anim|p2a: Bye Kids|Dragon Darts|p1b: Baxcalibur\n|-damage|p1b: Baxcalibur|32\/100\n|move|p1b: Baxcalibur|Icicle Crash|p2a: Bye Kids\n|-supereffective|p2a: Bye Kids\n|-damage|p2a: Bye Kids|0 fnt\n|faint|p2a: Bye Kids\n|\n|win|PixelMaster98146\n|raw|PixelMaster98146's rating: 1412 → 1426<\/strong> (+14 for winning)\n|raw|MangledGalah's rating: 1298 → 1281<\/strong> (-17 for losing)\n|l|\u2606MangledGalah\n","uploadtime":1682495215,"views":18,"p1id":"pixelmaster98146","p2id":"mangledgalah","formatid":"gen9vgc2023regulationc","rating":1281,"private":0,"password":""}