{"id":"gen9vgc2023regulationc-1846694628","p1":"wesleihas","p2":"GS \u00a6 Cedrico","format":"[Gen 9] VGC 2023 Regulation C","log":"|j|\u2606wesleihas\n|j|\u2606GS \u00a6 Cedrico\n|t:|1681866806\n|gametype|doubles\n|player|p1|wesleihas|101|\n|player|p2|GS \u00a6 Cedrico|102|\n|teamsize|p1|6\n|teamsize|p2|6\n|gen|9\n|tier|[Gen 9] VGC 2023 Regulation C\n|rule|Species Clause: Limit one of each Pok\u00e9mon\n|rule|Item Clause: Limit one of each item\n|clearpoke\n|poke|p1|Ting-Lu, L50|\n|poke|p1|Corviknight, L50, M|\n|poke|p1|Scream Tail, L50|\n|poke|p1|Kingambit, L50, F|\n|poke|p1|Flutter Mane, L50|\n|poke|p1|Gyarados, L50, F|\n|poke|p2|Ting-Lu, L50|\n|poke|p2|Baxcalibur, L50, M|\n|poke|p2|Amoonguss, L50, F|\n|poke|p2|Flutter Mane, L50|\n|poke|p2|Gyarados, L50, M|\n|poke|p2|Chi-Yu, L50|\n|teampreview|4\nwesleihas has agreed to open team sheets.\n|c|\u2606wesleihas|g3\n|c|\u2606GS \u00a6 Cedrico|bora\n|\n|t:|1681867772\n|start\n|switch|p1a: Ting-Lu|Ting-Lu, L50|100\/100\n|switch|p1b: Corviknight|Corviknight, L50, M|100\/100\n|switch|p2a: Amoonguss|Amoonguss, L50, F|100\/100\n|switch|p2b: Chi-Yu|Chi-Yu, L50|100\/100\n|-ability|p2b: Chi-Yu|Beads of Ruin\n|-ability|p1a: Ting-Lu|Vessel of Ruin\n|turn|1\n|\n|t:|1681867847\n|-terastallize|p2b: Chi-Yu|Ghost\n|move|p2b: Chi-Yu|Heat Wave|p1b: Corviknight|[spread] p1a,p1b\n|-supereffective|p1b: Corviknight\n|-damage|p1a: Ting-Lu|66\/100\n|-damage|p1b: Corviknight|23\/100\n|move|p1b: Corviknight|Brave Bird|p2a: Amoonguss\n|-supereffective|p2a: Amoonguss\n|-damage|p2a: Amoonguss|38\/100\n|-enditem|p2a: Amoonguss|Sitrus Berry|[eat]\n|-heal|p2a: Amoonguss|63\/100|[from] item: Sitrus Berry\n|-damage|p1b: Corviknight|0 fnt|[from] Recoil\n|faint|p1b: Corviknight\n|move|p1a: Ting-Lu|Earthquake|p2a: Amoonguss|[spread] p2a,p2b\n|-damage|p2a: Amoonguss|34\/100\n|-damage|p2b: Chi-Yu|34\/100\n|move|p2a: Amoonguss|Spore|p1a: Ting-Lu\n|-status|p1a: Ting-Lu|slp|[from] move: Spore\n|\n|-heal|p1a: Ting-Lu|72\/100 slp|[from] item: Leftovers\n|upkeep\n|\n|t:|1681867866\n|switch|p1b: Flutter Mane|Flutter Mane, L50|100\/100\n|turn|2\n|\n|t:|1681867894\n|switch|p2a: Gyarados|Gyarados, L50, M|100\/100\n|-ability|p2a: Gyarados|Intimidate|boost\n|-unboost|p1a: Ting-Lu|atk|1\n|-unboost|p1b: Flutter Mane|atk|1\n|move|p2b: Chi-Yu|Heat Wave|p1a: Ting-Lu|[spread] p1a,p1b\n|-damage|p1a: Ting-Lu|35\/100 slp\n|-damage|p1b: Flutter Mane|63\/100\n|-status|p1b: Flutter Mane|brn\n|move|p1b: Flutter Mane|Moonblast|p2a: Gyarados\n|-damage|p2a: Gyarados|48\/100\n|cant|p1a: Ting-Lu|slp\n|\n|-heal|p1a: Ting-Lu|41\/100 slp|[from] item: Leftovers\n|-damage|p1b: Flutter Mane|57\/100 brn|[from] brn\n|upkeep\n|turn|3\n|\n|t:|1681867952\n|-end|p1b: Flutter Mane|Protosynthesis|[silent]\n|switch|p1b: Gyarados|Gyarados, L50, F, shiny|100\/100\n|-ability|p1b: Gyarados|Intimidate|boost\n|-unboost|p2a: Gyarados|atk|1\n|-unboost|p2b: Chi-Yu|atk|1\n|move|p2a: Gyarados|Helping Hand|p2b: Chi-Yu\n|-singleturn|p2b: Chi-Yu|Helping Hand|[of] p2a: Gyarados\n|move|p2b: Chi-Yu|Heat Wave|p1b: Gyarados|[spread] p1a,p1b\n|-resisted|p1b: Gyarados\n|-damage|p1a: Ting-Lu|0 fnt\n|-damage|p1b: Gyarados|75\/100\n|faint|p1a: Ting-Lu\n|\n|upkeep\n|\n|t:|1681867963\n|switch|p1a: Flutter Mane|Flutter Mane, L50|57\/100 brn\n|turn|4\n|\n|t:|1681868005\n|move|p2a: Gyarados|Helping Hand|p2b: Chi-Yu\n|-singleturn|p2b: Chi-Yu|Helping Hand|[of] p2a: Gyarados\n|move|p2b: Chi-Yu|Heat Wave|p1b: Gyarados|[spread] p1a\n|-miss|p2b: Chi-Yu|p1b: Gyarados\n|-damage|p1a: Flutter Mane|0 fnt\n|faint|p1a: Flutter Mane\n|-end|p1a: Flutter Mane|Protosynthesis|[silent]\n|move|p1b: Gyarados|Waterfall|p2b: Chi-Yu\n|-damage|p2b: Chi-Yu|0 fnt\n|faint|p2b: Chi-Yu\n|\n|upkeep\n|\n|t:|1681868014\n|switch|p2b: Baxcalibur|Baxcalibur, L50, M|100\/100\n|turn|5\n|\n|t:|1681868020\n|switch|p2a: Amoonguss|Amoonguss, L50, F|67\/100\n|-terastallize|p1b: Gyarados|Steel\n|move|p2b: Baxcalibur|Protect|p2b: Baxcalibur\n|-singleturn|p2b: Baxcalibur|Protect\n|move|p1b: Gyarados|Iron Head|p2b: Baxcalibur\n|-activate|p2b: Baxcalibur|move: Protect\n|\n|upkeep\n|turn|6\n|\n|t:|1681868040\n|switch|p2b: Gyarados|Gyarados, L50, M|48\/100\n|-ability|p2b: Gyarados|Intimidate|boost\n|-unboost|p1b: Gyarados|atk|1\n|move|p1b: Gyarados|Iron Head|p2b: Gyarados\n|-resisted|p2b: Gyarados\n|-damage|p2b: Gyarados|34\/100\n|move|p2a: Amoonguss|Spore|p1b: Gyarados\n|-status|p1b: Gyarados|slp|[from] move: Spore\n|\n|upkeep\n|turn|7\n|c|\u2606GS \u00a6 Cedrico|jogao mano\n|\n|t:|1681868049\n|move|p2b: Gyarados|Waterfall|p1b: Gyarados\n|-damage|p1b: Gyarados|34\/100 slp\n|-enditem|p1b: Gyarados|Sitrus Berry|[eat]\n|-heal|p1b: Gyarados|59\/100 slp|[from] item: Sitrus Berry\n|cant|p1b: Gyarados|slp\n|move|p2a: Amoonguss|Pollen Puff|p2b: Gyarados\n|-heal|p2b: Gyarados|84\/100\n|\n|upkeep\n|turn|8\n|c|\u2606wesleihas|gg\n|c|\u2606GS \u00a6 Cedrico|gg\n|c|\u2606wesleihas|ammonguss foi top\n|c|\u2606wesleihas|gg\n|-message|wesleihas forfeited.\n|\n|win|GS \u00a6 Cedrico\n","uploadtime":1681868138,"views":14,"p1id":"wesleihas","p2id":"gscedrico","formatid":"gen9vgc2023regulationc","rating":0,"private":0,"password":""}