{"id":"gen9vgc2023regulationc-1846016078","p1":"BirdKeeperNeek","p2":"play3r35","format":"[Gen 9] VGC 2023 Regulation C","log":"|j|\u2606BirdKeeperNeek\n|j|\u2606play3r35\n|t:|1681791863\n|gametype|doubles\n|player|p1|BirdKeeperNeek|falkner|1272\n|player|p2|play3r35|caitlin|1278\n|teamsize|p1|6\n|teamsize|p2|6\n|gen|9\n|tier|[Gen 9] VGC 2023 Regulation C\n|rated|\n|rule|Species Clause: Limit one of each Pok\u00e9mon\n|rule|Item Clause: Limit one of each item\n|clearpoke\n|poke|p1|Murkrow, L50, M|\n|poke|p1|Dragonite, L50, M|\n|poke|p1|Pelipper, L50, M|\n|poke|p1|Kilowattrel, L50, M|\n|poke|p1|Bombirdier, L50, F|\n|poke|p1|Braviary, L50, M|\n|poke|p2|Orthworm, L50, M|\n|poke|p2|Dragonite, L50, M|\n|poke|p2|Ting-Lu, L50|\n|poke|p2|Gyarados, L50, F|\n|poke|p2|Ceruledge, L50, M|\n|poke|p2|Brute Bonnet, L50|\n|teampreview|4\n|inactive|Battle timer is ON: inactive players will automatically lose when time's up. (requested by play3r35)\nplay3r35 has agreed to open team sheets.\n|inactive|play3r35 has 60 seconds left.\n|c|\u2606BirdKeeperNeek|glhf :)\n|c|\u2606play3r35|you too\n|c|\u2606play3r35|this team is terrifying into my team\n|c|\u2606BirdKeeperNeek|psshtt you'll be fine\n|inactive|play3r35 has 30 seconds left.\n|\n|t:|1681791925\n|start\n|switch|p1a: Pelipper|Pelipper, L50, M|100\/100\n|switch|p1b: Kilowattrel|Kilowattrel, L50, M|100\/100\n|switch|p2a: Orthworm|Orthworm, L50, M|100\/100\n|switch|p2b: Ceruledge|Ceruledge, L50, M|100\/100\n|-weather|RainDance|[from] ability: Drizzle|[of] p1a: Pelipper\n|turn|1\n|c|\u2606BirdKeeperNeek|They're only birds :)\n|\n|t:|1681791941\n|move|p2b: Ceruledge|Protect|p2b: Ceruledge\n|-singleturn|p2b: Ceruledge|Protect\n|move|p1b: Kilowattrel|Weather Ball|p2b: Ceruledge\n|-activate|p2b: Ceruledge|move: Protect\n|move|p1a: Pelipper|Hydro Pump|p2a: Orthworm\n|-damage|p2a: Orthworm|16\/100\n|-enditem|p2a: Orthworm|Sitrus Berry|[eat]\n|-heal|p2a: Orthworm|41\/100|[from] item: Sitrus Berry\n|move|p2a: Orthworm|Shed Tail|p2a: Orthworm\n|-fail|p2a: Orthworm|move: Shed Tail|[weak]\n|\n|-weather|RainDance|[upkeep]\n|upkeep\n|turn|2\n|\n|t:|1681791960\n|-terastallize|p2b: Ceruledge|Grass\n|move|p1b: Kilowattrel|Weather Ball|p2b: Ceruledge\n|-resisted|p2b: Ceruledge\n|-damage|p2b: Ceruledge|72\/100\n|move|p1a: Pelipper|Hydro Pump|p2a: Orthworm\n|-damage|p2a: Orthworm|0 fnt\n|faint|p2a: Orthworm\n|move|p2b: Ceruledge|Bulk Up|p2b: Ceruledge\n|-boost|p2b: Ceruledge|atk|1\n|-boost|p2b: Ceruledge|def|1\n|\n|-weather|RainDance|[upkeep]\n|upkeep\n|\n|t:|1681791966\n|switch|p2a: Dragonite|Dragonite, L50, M|100\/100\n|turn|3\n|c|\u2606BirdKeeperNeek|oop good play\n|\n|t:|1681791989\n|switch|p1b: Braviary|Braviary, L50, M, shiny|100\/100\n|move|p2a: Dragonite|Extreme Speed|p2b: Ceruledge\n|-damage|p2b: Ceruledge|47\/100\n|-ability|p2b: Ceruledge|Weak Armor|boost\n|-unboost|p2b: Ceruledge|def|1\n|-boost|p2b: Ceruledge|spe|2\n|move|p2b: Ceruledge|Shadow Claw|p1b: Braviary\n|-immune|p1b: Braviary\n|move|p1a: Pelipper|Hurricane|p2b: Ceruledge\n|-supereffective|p2b: Ceruledge\n|-damage|p2b: Ceruledge|0 fnt\n|faint|p2b: Ceruledge\n|\n|-weather|RainDance|[upkeep]\n|upkeep\n|\n|t:|1681792001\n|switch|p2b: Gyarados|Gyarados, L50, F|100\/100\n|-ability|p2b: Gyarados|Intimidate|boost\n|-unboost|p1a: Pelipper|atk|1\n|-unboost|p1b: Braviary|atk|1\n|-ability|p1b: Braviary|Defiant|boost\n|-boost|p1b: Braviary|atk|2\n|turn|4\n|c|\u2606play3r35|gg\n|c|\u2606BirdKeeperNeek|that was less good but cool\n|c|\u2606play3r35|loll\n|c|\u2606play3r35|the braviary read was really great\n|c|\u2606BirdKeeperNeek|he's insane\n|inactive|play3r35 has 30 seconds left.\n|\n|t:|1681792028\n|-terastallize|p1b: Braviary|Flying\n|move|p1a: Pelipper|Hurricane|p2b: Gyarados\n|-damage|p2b: Gyarados|56\/100\n|move|p2b: Gyarados|Waterfall|p1b: Braviary\n|-damage|p1b: Braviary|3\/100\n|-damage|p2b: Gyarados|46\/100|[from] item: Life Orb\n|move|p1b: Braviary|Brave Bird|p2a: Dragonite\n|-crit|p2a: Dragonite\n|-damage|p2a: Dragonite|0 fnt\n|faint|p2a: Dragonite\n|-damage|p1b: Braviary|0 fnt|[from] Recoil\n|faint|p1b: Braviary\n|\n|-weather|RainDance|[upkeep]\n|upkeep\n|c|\u2606BirdKeeperNeek|actually pretty good in this format with all the intimidates around\n|c|\u2606play3r35|DAMN\n|c|\u2606play3r35|through multiscale\n|c|\u2606play3r35|that's insane\n|c|\u2606play3r35|gg i think that's game\n|inactive|BirdKeeperNeek has 30 seconds left.\n|c|\u2606BirdKeeperNeek|Yeah that crit didn't matter I don't think\n|\n|t:|1681792055\n|switch|p1b: Kilowattrel|Kilowattrel, L50, M|100\/100\n|turn|5\n|\n|t:|1681792060\n|move|p1b: Kilowattrel|Thunder|p2b: Gyarados\n|-supereffective|p2b: Gyarados\n|-damage|p2b: Gyarados|0 fnt\n|faint|p2b: Gyarados\n|\n|win|BirdKeeperNeek\n|raw|BirdKeeperNeek's rating: 1272 → 1297<\/strong> (+25 for winning)\n|raw|play3r35's rating: 1278 → 1253<\/strong> (-25 for losing)\n|c|\u2606BirdKeeperNeek|gg's\n|l|\u2606play3r35\n|c|\u2606BirdKeeperNeek|wp\n","uploadtime":1681792075,"views":8,"p1id":"birdkeeperneek","p2id":"play3r35","formatid":"gen9vgc2023regulationc","rating":1253,"private":0,"password":""}