{"id":"gen9vgc2023regulationc-1855226367","p1":"Abugbog","p2":"Gentlefish","format":"[Gen 9] VGC 2023 Regulation C","log":"|j|\u2606Abugbog\n|j|\u2606Gentlefish\n|t:|1682918350\n|gametype|doubles\n|player|p1|Abugbog|2|1192\n|player|p2|Gentlefish|gladion-stance|1278\n|teamsize|p1|6\n|teamsize|p2|6\n|gen|9\n|tier|[Gen 9] VGC 2023 Regulation C\n|rated|\n|rule|Species Clause: Limit one of each Pok\u00e9mon\n|rule|Item Clause: Limit one of each item\n|clearpoke\n|poke|p1|Ting-Lu, L50|\n|poke|p1|Iron Hands, L50|\n|poke|p1|Bronzong, L50|\n|poke|p1|Palafin, L50, M|\n|poke|p1|Annihilape, L50, M|\n|poke|p1|Amoonguss, L50, M|\n|poke|p2|Jumpluff, L50, F|\n|poke|p2|Torkoal, L50, F|\n|poke|p2|Great Tusk, L50|\n|poke|p2|Iron Bundle, L50|\n|poke|p2|Corviknight, L50, M|\n|poke|p2|Flutter Mane, L50|\n|teampreview|4\n|\n|t:|1682918425\n|start\n|switch|p1a: Iron Hands|Iron Hands, L50, shiny|100\/100\n|switch|p1b: Bronzong|Bronzong, L50|100\/100\n|switch|p2a: Great Tusk|Great Tusk, L50|100\/100\n|switch|p2b: Corviknight|Corviknight, L50, M|100\/100\n|-ability|p2b: Corviknight|Pressure\n|turn|1\n|\n|t:|1682918465\n|move|p1a: Iron Hands|Fake Out|p2b: Corviknight\n|-resisted|p2b: Corviknight\n|-damage|p2b: Corviknight|94\/100\n|move|p2a: Great Tusk|Headlong Rush|p1a: Iron Hands\n|-supereffective|p1a: Iron Hands\n|-damage|p1a: Iron Hands|0 fnt\n|-unboost|p2a: Great Tusk|def|1\n|-unboost|p2a: Great Tusk|spd|1\n|faint|p1a: Iron Hands\n|-end|p1a: Iron Hands|Quark Drive|[silent]\n|-damage|p2a: Great Tusk|91\/100|[from] item: Life Orb\n|cant|p2b: Corviknight|flinch\n|move|p1b: Bronzong|Trick Room|p1b: Bronzong\n|-fieldstart|move: Trick Room|[of] p1b: Bronzong\n|\n|-heal|p2b: Corviknight|99\/100|[from] item: Leftovers\n|upkeep\n|\n|t:|1682918488\n|switch|p1a: Ting-Lu|Ting-Lu, L50|100\/100\n|-ability|p1a: Ting-Lu|Vessel of Ruin\n|turn|2\n|\n|t:|1682918529\n|-terastallize|p1a: Ting-Lu|Poison\n|move|p2a: Great Tusk|Protect|p2a: Great Tusk\n|-singleturn|p2a: Great Tusk|Protect\n|move|p1b: Bronzong|Bulldoze|p2b: Corviknight|[spread] p1a\n|-activate|p2a: Great Tusk|move: Protect\n|-immune|p2b: Corviknight\n|-supereffective|p1a: Ting-Lu\n|-damage|p1a: Ting-Lu|89\/100\n|-unboost|p1a: Ting-Lu|spe|1\n|-enditem|p1a: Ting-Lu|Weakness Policy\n|-boost|p1a: Ting-Lu|atk|2|[from] item: Weakness Policy\n|-boost|p1a: Ting-Lu|spa|2|[from] item: Weakness Policy\n|move|p1a: Ting-Lu|Earthquake|p2b: Corviknight|[spread] \n|-activate|p2a: Great Tusk|move: Protect\n|-immune|p1b: Bronzong|[from] ability: Levitate\n|-immune|p2b: Corviknight\n|move|p2b: Corviknight|Bulk Up|p2b: Corviknight\n|-boost|p2b: Corviknight|atk|1\n|-boost|p2b: Corviknight|def|1\n|\n|-heal|p2b: Corviknight|100\/100|[from] item: Leftovers\n|upkeep\n|turn|3\n|\n|t:|1682918572\n|-end|p2a: Great Tusk|Protosynthesis|[silent]\n|switch|p2a: Torkoal|Torkoal, L50, F|100\/100\n|-weather|SunnyDay|[from] ability: Drought|[of] p2a: Torkoal\n|move|p1a: Ting-Lu|Earthquake|p2a: Torkoal|[spread] p2a\n|-immune|p1b: Bronzong|[from] ability: Levitate\n|-immune|p2b: Corviknight\n|-supereffective|p2a: Torkoal\n|-damage|p2a: Torkoal|0 fnt\n|faint|p2a: Torkoal\n|move|p1b: Bronzong|Body Press|p2b: Corviknight\n|-crit|p2b: Corviknight\n|-damage|p2b: Corviknight|66\/100\n|move|p2b: Corviknight|Brave Bird|p1a: Ting-Lu\n|-damage|p1a: Ting-Lu|44\/100\n|-damage|p2b: Corviknight|47\/100|[from] Recoil\n|\n|-weather|SunnyDay|[upkeep]\n|-heal|p2b: Corviknight|53\/100|[from] item: Leftovers\n|upkeep\n|\n|t:|1682918603\n|switch|p2a: Great Tusk|Great Tusk, L50|91\/100\n|-activate|p2a: Great Tusk|ability: Protosynthesis\n|-start|p2a: Great Tusk|protosynthesisatk\n|turn|4\n|\n|t:|1682918628\n|move|p2a: Great Tusk|Protect|p2a: Great Tusk\n|-singleturn|p2a: Great Tusk|Protect\n|move|p1a: Ting-Lu|Throat Chop|p2b: Corviknight\n|-damage|p2b: Corviknight|6\/100\n|-start|p2b: Corviknight|Throat Chop|[silent]\n|move|p1b: Bronzong|Body Press|p2b: Corviknight\n|-damage|p2b: Corviknight|0 fnt\n|faint|p2b: Corviknight\n|\n|-weather|SunnyDay|[upkeep]\n|upkeep\n|\n|t:|1682918638\n|switch|p2b: Flutter Mane|Flutter Mane, L50|100\/100\n|-activate|p2b: Flutter Mane|ability: Protosynthesis\n|-start|p2b: Flutter Mane|protosynthesisspa\n|turn|5\n|\n|t:|1682918669\n|move|p2a: Great Tusk|Protect|p2a: Great Tusk\n|-singleturn|p2a: Great Tusk|Protect\n|move|p1a: Ting-Lu|Earthquake|p2b: Flutter Mane|[spread] p2b\n|-activate|p2a: Great Tusk|move: Protect\n|-immune|p1b: Bronzong|[from] ability: Levitate\n|-damage|p2b: Flutter Mane|0 fnt\n|faint|p2b: Flutter Mane\n|-end|p2b: Flutter Mane|Protosynthesis|[silent]\n|move|p1b: Bronzong|Body Press|p2a: Great Tusk\n|-activate|p2a: Great Tusk|move: Protect\n|\n|-weather|SunnyDay|[upkeep]\n|-fieldend|move: Trick Room\n|upkeep\n|turn|6\n|-message|Gentlefish forfeited.\n|\n|win|Abugbog\n|raw|Abugbog's rating: 1192 → 1223<\/strong> (+31 for winning)\n|raw|Gentlefish's rating: 1278 → 1247<\/strong> (-31 for losing)\n|l|\u2606Gentlefish\n","uploadtime":1682918690,"views":21,"p1id":"abugbog","p2id":"gentlefish","formatid":"gen9vgc2023regulationc","rating":1223,"private":0,"password":""}