{"id":"gen9vgc2023regulationc-1855184071","p1":"Piff92","p2":"tunchetv","format":"[Gen 9] VGC 2023 Regulation C","log":"|j|\u2606Piff92\n|j|\u2606tunchetv\n|t:|1682911868\n|gametype|doubles\n|player|p1|Piff92|101|1232\n|player|p2|tunchetv|palmer|1146\n|teamsize|p1|6\n|teamsize|p2|6\n|gen|9\n|tier|[Gen 9] VGC 2023 Regulation C\n|rated|\n|rule|Species Clause: Limit one of each Pok\u00e9mon\n|rule|Item Clause: Limit one of each item\n|clearpoke\n|poke|p1|Pikachu, L50, M|\n|poke|p1|Pelipper, L50, M|\n|poke|p1|Gastrodon, L50, F|\n|poke|p1|Farigiraf, L50, F|\n|poke|p1|Meowscarada, L50, F|\n|poke|p1|Drednaw, L50, M|\n|poke|p2|Talonflame, L50, M|\n|poke|p2|Gengar, L50, F|\n|poke|p2|Garchomp, L50, M|\n|poke|p2|Scizor, L50, M|\n|poke|p2|Rotom-Wash, L50|\n|poke|p2|Tyranitar, L50, F|\n|teampreview|4\n|inactive|Battle timer is ON: inactive players will automatically lose when time's up. (requested by tunchetv)\n|\n|t:|1682911941\n|start\n|switch|p1a: Farigiraf|Farigiraf, L50, F|100\/100\n|switch|p1b: Meowscarada|Meowscarada, L50, F|100\/100\n|switch|p2a: Talonflame|Talonflame, L50, M|100\/100\n|switch|p2b: Garchomp|Garchomp, L50, M|100\/100\n|turn|1\n|inactive|tunchetv has 30 seconds left.\n|\n|t:|1682911968\n|move|p1b: Meowscarada|Protect|p1b: Meowscarada\n|-start|p1b: Meowscarada|typechange|Normal|[from] ability: Protean\n|-singleturn|p1b: Meowscarada|Protect\n|move|p2a: Talonflame|Tailwind|p2a: Talonflame\n|-sidestart|p2: tunchetv|move: Tailwind\n|move|p2b: Garchomp|Earthquake|p1b: Meowscarada|[spread] p1a\n|-activate|p1b: Meowscarada|move: Protect\n|-immune|p2a: Talonflame\n|-damage|p1a: Farigiraf|62\/100\n|move|p1a: Farigiraf|Trick Room|p1a: Farigiraf\n|-fieldstart|move: Trick Room|[of] p1a: Farigiraf\n|\n|upkeep\n|turn|2\n|inactive|Piff92 has 30 seconds left.\n|inactive|tunchetv has 30 seconds left.\n|inactive|Piff92 has 20 seconds left.\n|inactive|Piff92 has 15 seconds left.\n|\n|t:|1682912011\n|switch|p2b: Tyranitar|Tyranitar, L50, F|100\/100\n|-ability|p2b: Tyranitar|Unnerve\n|-terastallize|p1a: Farigiraf|Fairy\n|move|p1a: Farigiraf|Dazzling Gleam|p2b: Tyranitar|[spread] p2a,p2b\n|-resisted|p2a: Talonflame\n|-supereffective|p2b: Tyranitar\n|-damage|p2a: Talonflame|82\/100\n|-damage|p2b: Tyranitar|68\/100\n|move|p1b: Meowscarada|U-turn|p2b: Tyranitar\n|-supereffective|p2b: Tyranitar\n|-damage|p2b: Tyranitar|31\/100\n|\n|t:|1682912023\n|switch|p1b: Pelipper|Pelipper, L50, M|100\/100|[from] U-turn\n|-weather|RainDance|[from] ability: Drizzle|[of] p1b: Pelipper\n|move|p2a: Talonflame|Will-O-Wisp|p1b: Pelipper|[miss]\n|-miss|p2a: Talonflame|p1b: Pelipper\n|\n|-weather|RainDance|[upkeep]\n|-heal|p2b: Tyranitar|37\/100|[from] item: Leftovers\n|upkeep\n|turn|3\n|\n|t:|1682912046\n|move|p1a: Farigiraf|Dazzling Gleam|p2b: Tyranitar|[spread] p2a,p2b\n|-resisted|p2a: Talonflame\n|-supereffective|p2b: Tyranitar\n|-damage|p2a: Talonflame|65\/100\n|-damage|p2b: Tyranitar|5\/100\n|move|p1b: Pelipper|Hydro Pump|p2b: Tyranitar\n|-supereffective|p2b: Tyranitar\n|-damage|p2b: Tyranitar|0 fnt\n|faint|p2b: Tyranitar\n|move|p2a: Talonflame|Brave Bird|p1a: Farigiraf\n|-damage|p1a: Farigiraf|25\/100\n|-damage|p2a: Talonflame|50\/100|[from] Recoil\n|\n|-weather|RainDance|[upkeep]\n|upkeep\n|\n|t:|1682912065\n|switch|p2b: Rotom|Rotom-Wash, L50|100\/100\n|turn|4\n|inactive|tunchetv has 30 seconds left.\n|inactive|Piff92 has 30 seconds left.\n|inactive|tunchetv has 20 seconds left.\n|\n|t:|1682912102\n|move|p1a: Farigiraf|Psychic|p2b: Rotom\n|-damage|p2b: Rotom|73\/100\n|move|p1b: Pelipper|Hurricane|p2a: Talonflame\n|-crit|p2a: Talonflame\n|-damage|p2a: Talonflame|0 fnt\n|faint|p2a: Talonflame\n|move|p2b: Rotom|Shadow Ball|p1a: Farigiraf\n|-damage|p1a: Farigiraf|1\/100\n|\n|-weather|RainDance|[upkeep]\n|-sideend|p2: tunchetv|move: Tailwind\n|upkeep\n|\n|t:|1682912112\n|switch|p2a: Garchomp|Garchomp, L50, M|100\/100\n|turn|5\n|\n|t:|1682912137\n|-terastallize|p2a: Garchomp|Ground\n|move|p1a: Farigiraf|Dazzling Gleam|p2a: Garchomp|[spread] p2a,p2b\n|-damage|p2a: Garchomp|77\/100\n|-damage|p2b: Rotom|54\/100\n|move|p1b: Pelipper|Tailwind|p1b: Pelipper\n|-sidestart|p1: Piff92|move: Tailwind\n|move|p2b: Rotom|Discharge|p1a: Farigiraf|[spread] p1a,p1b\n|-immune|p2a: Garchomp\n|-supereffective|p1b: Pelipper\n|-damage|p1a: Farigiraf|0 fnt\n|-damage|p1b: Pelipper|0 fnt\n|faint|p1a: Farigiraf\n|faint|p1b: Pelipper\n|move|p2a: Garchomp|Rock Slide|p1: Farigiraf|[notarget]\n|-fail|p2a: Garchomp\n|\n|-weather|RainDance|[upkeep]\n|-fieldend|move: Trick Room\n|upkeep\n|\n|t:|1682912154\n|switch|p1b: Pikachu|Pikachu, L50, M|100\/100\n|switch|p1a: Meowscarada|Meowscarada, L50, F|100\/100\n|turn|6\n|inactive|Piff92 has 30 seconds left.\n|\n|t:|1682912185\n|move|p1b: Pikachu|Fake Out|p2a: Garchomp\n|-damage|p2a: Garchomp|66\/100\n|-damage|p1b: Pikachu|89\/100|[from] ability: Rough Skin|[of] p2a: Garchomp\n|move|p1a: Meowscarada|Flower Trick|p2b: Rotom\n|-start|p1a: Meowscarada|typechange|Grass|[from] ability: Protean\n|-supereffective|p2b: Rotom\n|-crit|p2b: Rotom\n|-damage|p2b: Rotom|0 fnt\n|faint|p2b: Rotom\n|cant|p2a: Garchomp|flinch\n|\n|-weather|none\n|upkeep\n|turn|7\n|inactive|tunchetv has 30 seconds left.\n|\n|t:|1682912210\n|move|p1b: Pikachu|Surf|p2a: Garchomp|[spread] p1a,p2a\n|-resisted|p1a: Meowscarada\n|-supereffective|p2a: Garchomp\n|-damage|p1a: Meowscarada|80\/100\n|-damage|p2a: Garchomp|5\/100\n|move|p1a: Meowscarada|Fling|p2a: Garchomp\n|-damage|p2a: Garchomp|0 fnt\n|-enditem|p1a: Meowscarada|Iron Ball|[from] move: Fling\n|faint|p2a: Garchomp\n|\n|win|Piff92\n|raw|Piff92's rating: 1232 → 1251<\/strong> (+19 for winning)\n|raw|tunchetv's rating: 1146 → 1127<\/strong> (-19 for losing)\n","uploadtime":1682912235,"views":15,"p1id":"piff92","p2id":"tunchetv","formatid":"gen9vgc2023regulationc","rating":1127,"private":0,"password":""}