{"id":"gen9vgc2023regulationc-1845777064","p1":"yungoos gang","p2":"KoramTrainer","format":"[Gen 9] VGC 2023 Regulation C","log":"|j|\u2606yungoos gang\n|j|\u2606KoramTrainer\n|t:|1681763573\n|gametype|doubles\n|player|p1|yungoos gang|169|1100\n|player|p2|KoramTrainer|hilbert|1152\n|teamsize|p1|6\n|teamsize|p2|4\n|gen|9\n|tier|[Gen 9] VGC 2023 Regulation C\n|rated|\n|rule|Species Clause: Limit one of each Pok\u00e9mon\n|rule|Item Clause: Limit one of each item\n|clearpoke\n|poke|p1|Tinkaton, L50, F|\n|poke|p1|Rotom-Wash, L50|\n|poke|p1|Appletun, L50, M|\n|poke|p1|Vivillon-Fancy, L50, M|\n|poke|p1|Iron Hands, L50|\n|poke|p1|Greavard, L50, F|\n|poke|p2|Corviknight, L50, M|\n|poke|p2|Rotom-Wash, L50|\n|poke|p2|Ting-Lu, L50|\n|poke|p2|Flutter Mane, L50|\n|teampreview|4\n|inactive|Battle timer is ON: inactive players will automatically lose when time's up. (requested by KoramTrainer)\n|\n|t:|1681763593\n|start\n|switch|p1a: Fiona Appletun|Appletun, L50, M|100\/100\n|switch|p1b: Laundry Service|Rotom-Wash, L50|100\/100\n|switch|p2a: Flutter Mane|Flutter Mane, L50|100\/100\n|switch|p2b: Ting-Lu|Ting-Lu, L50|100\/100\n|-ability|p2b: Ting-Lu|Vessel of Ruin\n|-enditem|p2a: Flutter Mane|Booster Energy\n|-activate|p2a: Flutter Mane|ability: Protosynthesis|[fromitem]\n|-start|p2a: Flutter Mane|protosynthesisspe\n|turn|1\n|inactive|yungoos gang has 30 seconds left.\n|inactive|KoramTrainer has 30 seconds left.\n|\n|t:|1681763626\n|-terastallize|p2b: Ting-Lu|Poison\n|-terastallize|p1a: Fiona Appletun|Ground\n|move|p2a: Flutter Mane|Moonblast|p1a: Fiona Appletun\n|-damage|p1a: Fiona Appletun|77\/100\n|move|p1b: Laundry Service|Shadow Ball|p2a: Flutter Mane\n|-supereffective|p2a: Flutter Mane\n|-damage|p2a: Flutter Mane|41\/100\n|move|p2b: Ting-Lu|Stomping Tantrum|p1a: Fiona Appletun\n|-damage|p1a: Fiona Appletun|41\/100\n|move|p1a: Fiona Appletun|Apple Acid|p2a: Flutter Mane\n|-damage|p2a: Flutter Mane|13\/100\n|-unboost|p2a: Flutter Mane|spd|1\n|\n|upkeep\n|turn|2\n|inactive|KoramTrainer has 30 seconds left.\n|inactive|KoramTrainer has 20 seconds left.\n|inactive|KoramTrainer has 15 seconds left.\n|inactive|KoramTrainer has 10 seconds left.\n|inactive|KoramTrainer has 5 seconds left.\n|\n|t:|1681763678\n|switch|p1a: Motomami|Vivillon-Fancy, L50, M|100\/100\n|move|p2a: Flutter Mane|Moonblast|p1b: Laundry Service\n|-crit|p1b: Laundry Service\n|-damage|p1b: Laundry Service|39\/100\n|move|p1b: Laundry Service|Shadow Ball|p2a: Flutter Mane\n|-supereffective|p2a: Flutter Mane\n|-damage|p2a: Flutter Mane|0 fnt\n|faint|p2a: Flutter Mane\n|-end|p2a: Flutter Mane|Protosynthesis|[silent]\n|move|p2b: Ting-Lu|Heavy Slam|p1b: Laundry Service\n|-resisted|p1b: Laundry Service\n|-damage|p1b: Laundry Service|29\/100\n|\n|upkeep\n|\n|t:|1681763699\n|switch|p2a: Rotom|Rotom-Wash, L50|100\/100\n|turn|3\n|\n|t:|1681763723\n|switch|p1b: Fiona Appletun|Appletun, L50, M, tera:Ground|41\/100\n|switch|p2b: Corviknight|Corviknight, L50, M|100\/100\n|move|p1a: Motomami|Pollen Puff|p1b: Fiona Appletun\n|-heal|p1b: Fiona Appletun|91\/100\n|move|p2a: Rotom|Thunderbolt|p1a: Motomami\n|-supereffective|p1a: Motomami\n|-enditem|p1a: Motomami|Focus Sash\n|-damage|p1a: Motomami|1\/100\n|\n|upkeep\n|turn|4\n|inactive|KoramTrainer has 30 seconds left.\n|\n|t:|1681763757\n|move|p1a: Motomami|Rage Powder|p1a: Motomami\n|-singleturn|p1a: Motomami|move: Rage Powder\n|move|p2a: Rotom|Light Screen|p2a: Rotom\n|-sidestart|p2: KoramTrainer|move: Light Screen\n|move|p2b: Corviknight|Bulk Up|p2b: Corviknight\n|-boost|p2b: Corviknight|atk|1\n|-boost|p2b: Corviknight|def|1\n|move|p1b: Fiona Appletun|Apple Acid|p2a: Rotom\n|-supereffective|p2a: Rotom\n|-damage|p2a: Rotom|43\/100\n|-unboost|p2a: Rotom|spd|1\n|\n|upkeep\n|turn|5\n|inactive|yungoos gang has 30 seconds left.\n|inactive|KoramTrainer has 30 seconds left.\n|\n|t:|1681763793\n|move|p1a: Motomami|Tailwind|p1a: Motomami\n|-sidestart|p1: yungoos gang|move: Tailwind\n|move|p2a: Rotom|Hydro Pump|p1b: Fiona Appletun|[miss]\n|-miss|p2a: Rotom|p1b: Fiona Appletun\n|move|p1b: Fiona Appletun|Apple Acid|p2b: Corviknight\n|-resisted|p2b: Corviknight\n|-damage|p2b: Corviknight|95\/100\n|-ability|p2b: Corviknight|Mirror Armor\n|-unboost|p1b: Fiona Appletun|spd|1\n|move|p2b: Corviknight|Bulk Up|p2b: Corviknight\n|-boost|p2b: Corviknight|atk|1\n|-boost|p2b: Corviknight|def|1\n|\n|-heal|p2b: Corviknight|100\/100|[from] item: Leftovers\n|upkeep\n|turn|6\n|inactive|KoramTrainer has 30 seconds left.\n|\n|t:|1681763818\n|move|p1a: Motomami|Rage Powder|p1a: Motomami\n|-singleturn|p1a: Motomami|move: Rage Powder\n|move|p2a: Rotom|Hydro Pump|p1a: Motomami\n|-damage|p1a: Motomami|0 fnt\n|faint|p1a: Motomami\n|move|p1b: Fiona Appletun|Giga Drain|p2a: Rotom\n|-supereffective|p2a: Rotom\n|-damage|p2a: Rotom|0 fnt\n|-heal|p1b: Fiona Appletun|100\/100|[from] drain|[of] p2a: Rotom\n|faint|p2a: Rotom\n|move|p2b: Corviknight|Iron Head|p1b: Fiona Appletun\n|-damage|p1b: Fiona Appletun|36\/100\n|\n|upkeep\n|\n|t:|1681763832\n|switch|p1a: Laundry Service|Rotom-Wash, L50|29\/100\n|switch|p2a: Ting-Lu|Ting-Lu, L50, tera:Poison|100\/100\n|-ability|p2a: Ting-Lu|Vessel of Ruin\n|turn|7\n|\n|t:|1681763845\n|move|p1a: Laundry Service|Volt Switch|p2b: Corviknight\n|-supereffective|p2b: Corviknight\n|-damage|p2b: Corviknight|59\/100\n|\n|t:|1681763848\n|switch|p1a: Yaeji|Tinkaton, L50, F|100\/100|[from] Volt Switch\n|-ability|p1a: Yaeji|Mold Breaker\n|move|p1b: Fiona Appletun|Tera Blast|p2a: Ting-Lu\n|-supereffective|p2a: Ting-Lu\n|-damage|p2a: Ting-Lu|81\/100\n|move|p2b: Corviknight|Iron Head|p1a: Yaeji\n|-damage|p1a: Yaeji|35\/100\n|-enditem|p1a: Yaeji|Sitrus Berry|[eat]\n|-heal|p1a: Yaeji|60\/100|[from] item: Sitrus Berry\n|move|p2a: Ting-Lu|Stomping Tantrum|p1b: Fiona Appletun\n|-damage|p1b: Fiona Appletun|0 fnt\n|faint|p1b: Fiona Appletun\n|\n|-heal|p2b: Corviknight|65\/100|[from] item: Leftovers\n|upkeep\n|\n|t:|1681763862\n|switch|p1b: Laundry Service|Rotom-Wash, L50|29\/100\n|turn|8\n|\n|t:|1681763891\n|move|p1a: Yaeji|Fake Out|p2b: Corviknight\n|-resisted|p2b: Corviknight\n|-damage|p2b: Corviknight|63\/100\n|move|p1b: Laundry Service|Volt Switch|p2b: Corviknight\n|-supereffective|p2b: Corviknight\n|-damage|p2b: Corviknight|14\/100\n|cant|p2b: Corviknight|flinch\n|move|p2a: Ting-Lu|Stomping Tantrum|p1a: Yaeji\n|-supereffective|p1a: Yaeji\n|-damage|p1a: Yaeji|0 fnt\n|faint|p1a: Yaeji\n|\n|-heal|p2b: Corviknight|20\/100|[from] item: Leftovers\n|-sideend|p1: yungoos gang|move: Tailwind\n|upkeep\n|turn|9\n|inactive|KoramTrainer has 30 seconds left.\n|\n|t:|1681763917\n|move|p1b: Laundry Service|Volt Switch|p2b: Corviknight\n|-supereffective|p2b: Corviknight\n|-damage|p2b: Corviknight|0 fnt\n|faint|p2b: Corviknight\n|move|p2a: Ting-Lu|Body Press|p1b: Laundry Service\n|-damage|p1b: Laundry Service|0 fnt\n|faint|p1b: Laundry Service\n|\n|win|KoramTrainer\n|raw|yungoos gang's rating: 1100 → 1079<\/strong> (-21 for losing)\n|raw|KoramTrainer's rating: 1152 → 1173<\/strong> (+21 for winning)\n|l|\u2606yungoos gang\n","uploadtime":1681763926,"views":5,"p1id":"yungoosgang","p2id":"koramtrainer","formatid":"gen9vgc2023regulationc","rating":1079,"private":0,"password":""}