{"id":"gen9vgc2023regulationc-1862716302","p1":"maybe4fun","p2":"itay7689","format":"[Gen 9] VGC 2023 Regulation C","log":"|j|\u2606maybe4fun\n|j|\u2606itay7689\n|t:|1683914839\n|gametype|doubles\n|player|p1|maybe4fun|backpacker|1000\n|player|p2|itay7689|gladion-stance|1076\n|teamsize|p1|4\n|teamsize|p2|6\n|gen|9\n|tier|[Gen 9] VGC 2023 Regulation C\n|rated|\n|rule|Species Clause: Limit one of each Pok\u00e9mon\n|rule|Item Clause: Limit one of each item\n|clearpoke\n|poke|p1|Oricorio-Pom-Pom, L50, F|\n|poke|p1|Volcarona, L50, M|\n|poke|p1|Flamigo, L50, F|\n|poke|p1|Maushold-Four, L50|\n|poke|p2|Gastrodon, L50, F|\n|poke|p2|Pelipper, L50, M|\n|poke|p2|Barraskewda, L50, F|\n|poke|p2|Grimmsnarl, L50, M|\n|poke|p2|Meowscarada, L50, M|\n|poke|p2|Tauros-Paldea-Blaze, L50, M|\n|teampreview|4\n|inactive|Battle timer is ON: inactive players will automatically lose when time's up. (requested by itay7689)\n|\n|t:|1683914850\n|start\n|switch|p1a: Oricorio|Oricorio-Pom-Pom, L50, F|100\/100\n|switch|p1b: Volcarona|Volcarona, L50, M|100\/100\n|switch|p2a: Pelipper|Pelipper, L50, M|100\/100\n|switch|p2b: Barraskewda|Barraskewda, L50, F|100\/100\n|-weather|RainDance|[from] ability: Drizzle|[of] p2a: Pelipper\n|turn|1\n|inactive|maybe4fun has 30 seconds left.\n|inactive|itay7689 has 30 seconds left.\n|\n|t:|1683914879\n|switch|p1b: Maushold|Maushold-Four, L50|100\/100\n|move|p2b: Barraskewda|Giga Impact|p1a: Oricorio|[miss]\n|-miss|p2b: Barraskewda|p1a: Oricorio\n|move|p1a: Oricorio|Attract|p2a: Pelipper\n|-start|p2a: Pelipper|Attract\n|-activate|p2a: Pelipper|move: Attract|[of] p1a: Oricorio\n|move|p2a: Pelipper|Hurricane|p1b: Maushold\n|-damage|p1b: Maushold|56\/100\n|-start|p1b: Maushold|confusion\n|\n|-weather|RainDance|[upkeep]\n|upkeep\n|turn|2\n|\n|t:|1683914897\n|-activate|p1b: Maushold|confusion\n|-damage|p1b: Maushold|48\/100|[from] confusion\n|move|p2b: Barraskewda|Giga Impact|p1a: Oricorio\n|-crit|p1a: Oricorio\n|-damage|p1a: Oricorio|21\/100\n|-mustrecharge|p2b: Barraskewda\n|-damage|p2b: Barraskewda|91\/100|[from] item: Life Orb\n|move|p1a: Oricorio|Revelation Dance|p2b: Barraskewda\n|-supereffective|p2b: Barraskewda\n|-damage|p2b: Barraskewda|0 fnt\n|faint|p2b: Barraskewda\n|-activate|p2a: Pelipper|move: Attract|[of] p1a: Oricorio\n|move|p2a: Pelipper|Hurricane|p1b: Maushold\n|-damage|p1b: Maushold|2\/100\n|\n|-weather|RainDance|[upkeep]\n|-heal|p1a: Oricorio|27\/100|[from] item: Leftovers\n|upkeep\n|\n|t:|1683914912\n|switch|p2b: Bobby|Gastrodon, L50, F|100\/100\n|turn|3\n|\n|t:|1683914925\n|-activate|p1b: Maushold|confusion\n|move|p1b: Maushold|Follow Me|p1b: Maushold\n|-singleturn|p1b: Maushold|move: Follow Me\n|move|p1a: Oricorio|Revelation Dance|p2a: Pelipper\n|-supereffective|p2a: Pelipper\n|-damage|p2a: Pelipper|0 fnt\n|faint|p2a: Pelipper\n|move|p2b: Bobby|Surf|p1a: Oricorio|[spread] p1a,p1b\n|-crit|p1a: Oricorio\n|-damage|p1a: Oricorio|0 fnt\n|-damage|p1b: Maushold|0 fnt\n|faint|p1a: Oricorio\n|faint|p1b: Maushold\n|\n|-weather|RainDance|[upkeep]\n|upkeep\n|\n|t:|1683914936\n|switch|p1b: Flamigo|Flamigo, L50, F|100\/100\n|switch|p1a: Volcarona|Volcarona, L50, M|100\/100\n|switch|p2a: Meowscarada|Meowscarada, L50, M|100\/100\n|-copyboost|p1b: Flamigo|p1a: Volcarona|[from] ability: Costar\n|turn|4\n|inactive|maybe4fun has 30 seconds left.\n|inactive|maybe4fun has 20 seconds left.\n|\n|t:|1683914973\n|move|p2b: Bobby|Protect|p2b: Bobby\n|-singleturn|p2b: Bobby|Protect\n|move|p2a: Meowscarada|Play Rough|p1b: Flamigo\n|-start|p2a: Meowscarada|typechange|Fairy|[from] ability: Protean\n|-supereffective|p1b: Flamigo\n|-enditem|p1b: Flamigo|Focus Sash\n|-damage|p1b: Flamigo|1\/100\n|move|p1b: Flamigo|Hurricane|p2a: Meowscarada\n|-damage|p2a: Meowscarada|40\/100\n|-start|p2a: Meowscarada|confusion\n|move|p1a: Volcarona|Quiver Dance|p1a: Volcarona\n|-boost|p1a: Volcarona|spa|1\n|-boost|p1a: Volcarona|spd|1\n|-boost|p1a: Volcarona|spe|1\n|\n|-weather|RainDance|[upkeep]\n|upkeep\n|turn|5\n|\n|t:|1683914995\n|move|p1b: Flamigo|Protect|p1b: Flamigo\n|-singleturn|p1b: Flamigo|Protect\n|-activate|p2a: Meowscarada|confusion\n|move|p2a: Meowscarada|Sucker Punch|p1a: Volcarona\n|-damage|p1a: Volcarona|84\/100\n|move|p1a: Volcarona|Struggle Bug|p2b: Bobby|[spread] p2a,p2b\n|-resisted|p2a: Meowscarada\n|-damage|p2a: Meowscarada|24\/100\n|-damage|p2b: Bobby|78\/100\n|-unboost|p2a: Meowscarada|spa|1\n|-unboost|p2b: Bobby|spa|1\n|move|p2b: Bobby|Surf|p1a: Volcarona|[spread] p2a,p1a\n|-activate|p1b: Flamigo|move: Protect\n|-supereffective|p1a: Volcarona\n|-damage|p2a: Meowscarada|0 fnt\n|-damage|p1a: Volcarona|57\/100\n|faint|p2a: Meowscarada\n|\n|-weather|none\n|upkeep\n|turn|6\n|inactive|maybe4fun has 30 seconds left.\n|\n|t:|1683915022\n|-terastallize|p1b: Flamigo|Fighting\n|-terastallize|p2b: Bobby|Fire\n|move|p1a: Volcarona|Struggle Bug|p2b: Bobby\n|-resisted|p2b: Bobby\n|-damage|p2b: Bobby|63\/100\n|-unboost|p2b: Bobby|spa|1\n|move|p1b: Flamigo|Tera Blast|p2b: Bobby\n|-damage|p2b: Bobby|31\/100\n|move|p2b: Bobby|Surf|p1b: Flamigo|[spread] p1a,p1b\n|-supereffective|p1a: Volcarona\n|-damage|p1a: Volcarona|45\/100\n|-damage|p1b: Flamigo|0 fnt\n|-enditem|p1a: Volcarona|Sitrus Berry|[eat]\n|-heal|p1a: Volcarona|69\/100|[from] item: Sitrus Berry\n|faint|p1b: Flamigo\n|\n|upkeep\n|turn|7\n|\n|t:|1683915039\n|move|p1a: Volcarona|Quiver Dance|p1a: Volcarona\n|-boost|p1a: Volcarona|spa|1\n|-boost|p1a: Volcarona|spd|1\n|-boost|p1a: Volcarona|spe|1\n|move|p2b: Bobby|Yawn|p1a: Volcarona\n|-start|p1a: Volcarona|move: Yawn|[of] p2b: Bobby\n|\n|upkeep\n|turn|8\n|\n|t:|1683915046\n|move|p2b: Bobby|Protect|p2b: Bobby\n|-singleturn|p2b: Bobby|Protect\n|move|p1a: Volcarona|Fiery Dance|p2b: Bobby\n|-activate|p2b: Bobby|move: Protect\n|\n|-end|p1a: Volcarona|move: Yawn|[silent]\n|-status|p1a: Volcarona|slp\n|upkeep\n|turn|9\n|\n|t:|1683915053\n|cant|p1a: Volcarona|slp\n|move|p2b: Bobby|Surf|p1a: Volcarona\n|-supereffective|p1a: Volcarona\n|-damage|p1a: Volcarona|54\/100 slp\n|\n|upkeep\n|turn|10\n|\n|t:|1683915058\n|cant|p1a: Volcarona|slp\n|move|p2b: Bobby|Surf|p1a: Volcarona\n|-supereffective|p1a: Volcarona\n|-damage|p1a: Volcarona|37\/100 slp\n|\n|upkeep\n|turn|11\n|\n|t:|1683915063\n|cant|p1a: Volcarona|slp\n|move|p2b: Bobby|Surf|p1a: Volcarona\n|-supereffective|p1a: Volcarona\n|-damage|p1a: Volcarona|21\/100 slp\n|\n|upkeep\n|turn|12\n|\n|t:|1683915068\n|-curestatus|p1a: Volcarona|slp|[msg]\n|move|p1a: Volcarona|Fiery Dance|p2b: Bobby\n|-resisted|p2b: Bobby\n|-damage|p2b: Bobby|1\/100\n|-boost|p1a: Volcarona|spa|1\n|-enditem|p2b: Bobby|Aguav Berry|[eat]\n|-heal|p2b: Bobby|34\/100|[from] item: Aguav Berry\n|move|p2b: Bobby|Surf|p1a: Volcarona\n|-supereffective|p1a: Volcarona\n|-damage|p1a: Volcarona|7\/100\n|\n|upkeep\n|turn|13\n|\n|t:|1683915078\n|move|p1a: Volcarona|Fiery Dance|p2b: Bobby\n|-resisted|p2b: Bobby\n|-damage|p2b: Bobby|0 fnt\n|faint|p2b: Bobby\n|\n|win|maybe4fun\n|raw|maybe4fun's rating: 1000 → 1049<\/strong> (+49 for winning)\n|raw|itay7689's rating: 1076 → 1050<\/strong> (-26 for losing)\n","uploadtime":1683915085,"views":16,"p1id":"maybe4fun","p2id":"itay7689","formatid":"gen9vgc2023regulationc","rating":1049,"private":0,"password":""}