{"id":"gen9vgc2023regulationc-1863609784","p1":"Bananacrazy111","p2":"Not mishmesh","format":"[Gen 9] VGC 2023 Regulation C","log":"|j|\u2606Bananacrazy111\n|j|\u2606Not mishmesh\n|t:|1684042716\n|gametype|doubles\n|player|p1|Bananacrazy111|baker|\n|player|p2|Not mishmesh|169|\n|teamsize|p1|6\n|teamsize|p2|6\n|gen|9\n|tier|[Gen 9] VGC 2023 Regulation C\n|rule|Tera Type Preview: Tera Types are shown at Team Preview\n|rule|Species Clause: Limit one of each Pok\u00e9mon\n|rule|Item Clause: Limit one of each item\n|clearpoke\n|poke|p1|Iron Hands, L50|\n|poke|p1|Talonflame, L50, F|\n|poke|p1|Garchomp, L50, F|\n|poke|p1|Farigiraf, L50, M|\n|poke|p1|Gholdengo, L50|\n|poke|p1|Sylveon, L50, M|\n|poke|p2|Chi-Yu, L50|\n|poke|p2|Glimmora, L50, M|\n|poke|p2|Gholdengo, L50|\n|poke|p2|Roaring Moon, L50|\n|poke|p2|Vaporeon, L50, M|\n|poke|p2|Breloom, L50, F|\n|teampreview|4\n|raw|Bananacrazy111's Tera Types: \/ \/ \/ \/ \/ \n|raw|Not mishmesh's Tera Types: \/ \/ \/ \/ \/ \n|c|\u2606Bananacrazy111|g3\nBananacrazy111 rejected open team sheets.\n|c|\u2606Not mishmesh|game 3\n|inactive|Battle timer is ON: inactive players will automatically lose when time's up. (requested by Not mishmesh)\n|inactive|Bananacrazy111 has 60 seconds left.\n|\n|t:|1684043392\n|start\n|switch|p1a: GOLDEN HANDS|Iron Hands, L50|100\/100\n|switch|p1b: Teddy|Farigiraf, L50, M|100\/100\n|switch|p2a: Breloom|Breloom, L50, F|100\/100\n|switch|p2b: Roaring Moon|Roaring Moon, L50|100\/100\n|-enditem|p2b: Roaring Moon|Booster Energy\n|-activate|p2b: Roaring Moon|ability: Protosynthesis|[fromitem]\n|-start|p2b: Roaring Moon|protosynthesisspe\n|turn|1\n|\n|t:|1684043417\n|move|p1a: GOLDEN HANDS|Fake Out|p2b: Roaring Moon\n|-damage|p2b: Roaring Moon|82\/100\n|cant|p2b: Roaring Moon|flinch\n|move|p2a: Breloom|Spore|p1b: Teddy\n|-activate|p1b: Teddy|item: Safety Goggles|Spore\n|move|p1b: Teddy|Trick Room|p1b: Teddy\n|-fieldstart|move: Trick Room|[of] p1b: Teddy\n|\n|upkeep\n|turn|2\n|inactive|Bananacrazy111 has 30 seconds left.\n|\n|t:|1684043448\n|-end|p2b: Roaring Moon|Protosynthesis|[silent]\n|switch|p2b: Gholdengo|Gholdengo, L50|100\/100\n|-terastallize|p1b: Teddy|Normal\n|move|p1b: Teddy|Hyper Voice|p2a: Breloom|[spread] p2a\n|-immune|p2b: Gholdengo\n|-damage|p2a: Breloom|11\/100\n|move|p1a: GOLDEN HANDS|Drain Punch|p2a: Breloom\n|-damage|p2a: Breloom|0 fnt\n|faint|p2a: Breloom\n|\n|upkeep\n|\n|t:|1684043457\n|switch|p2a: Chi-Yu|Chi-Yu, L50|100\/100\n|-ability|p2a: Chi-Yu|Beads of Ruin\n|turn|3\n|inactive|Bananacrazy111 has 30 seconds left.\n|\n|t:|1684043483\n|-terastallize|p2a: Chi-Yu|Fire\n|move|p1b: Teddy|Hyper Voice|p2b: Gholdengo|[spread] p2a\n|-immune|p2b: Gholdengo\n|-damage|p2a: Chi-Yu|42\/100\n|move|p1a: GOLDEN HANDS|Thunder Punch|p2a: Chi-Yu\n|-damage|p2a: Chi-Yu|0 fnt\n|faint|p2a: Chi-Yu\n|move|p2b: Gholdengo|Make It Rain|p1a: GOLDEN HANDS|[spread] p1a,p1b\n|-resisted|p1a: GOLDEN HANDS\n|-damage|p1a: GOLDEN HANDS|69\/100\n|-damage|p1b: Teddy|34\/100\n|-unboost|p2b: Gholdengo|spa|1\n|\n|upkeep\n|\n|t:|1684043490\n|switch|p2a: Roaring Moon|Roaring Moon, L50|82\/100\n|turn|4\n|c|\u2606Not mishmesh|gg\n|\n|t:|1684043506\n|move|p1b: Teddy|Hyper Voice|p2b: Gholdengo|[spread] p2a\n|-immune|p2b: Gholdengo\n|-damage|p2a: Roaring Moon|35\/100\n|move|p1a: GOLDEN HANDS|Thunder Punch|p2b: Gholdengo\n|-damage|p2b: Gholdengo|48\/100\n|-status|p2b: Gholdengo|par\n|move|p2b: Gholdengo|Make It Rain|p1b: Teddy|[spread] p1a,p1b\n|-resisted|p1a: GOLDEN HANDS\n|-damage|p1a: GOLDEN HANDS|49\/100\n|-damage|p1b: Teddy|0 fnt\n|-unboost|p2b: Gholdengo|spa|1\n|-enditem|p1a: GOLDEN HANDS|Sitrus Berry|[eat]\n|-heal|p1a: GOLDEN HANDS|73\/100|[from] item: Sitrus Berry\n|faint|p1b: Teddy\n|move|p2a: Roaring Moon|Dragon Claw|p1a: GOLDEN HANDS\n|-damage|p1a: GOLDEN HANDS|45\/100\n|\n|upkeep\n|\n|t:|1684043517\n|switch|p1b: Kanji|Garchomp, L50, F|100\/100\n|turn|5\n|\n|t:|1684043536\n|move|p1b: Kanji|Protect|p1b: Kanji\n|-singleturn|p1b: Kanji|Protect\n|move|p1a: GOLDEN HANDS|Thunder Punch|p2b: Gholdengo\n|-damage|p2b: Gholdengo|0 fnt\n|faint|p2b: Gholdengo\n|move|p2a: Roaring Moon|Dragon Claw|p1b: Kanji\n|-activate|p1b: Kanji|move: Protect\n|\n|-fieldend|move: Trick Room\n|upkeep\n|turn|6\n|\n|t:|1684043548\n|move|p2a: Roaring Moon|Dragon Claw|p1b: Kanji\n|-supereffective|p1b: Kanji\n|-damage|p1b: Kanji|21\/100\n|-damage|p2a: Roaring Moon|23\/100|[from] ability: Rough Skin|[of] p1b: Kanji\n|move|p1b: Kanji|Dragon Claw|p2a: Roaring Moon\n|-supereffective|p2a: Roaring Moon\n|-damage|p2a: Roaring Moon|0 fnt\n|faint|p2a: Roaring Moon\n|-end|p2a: Roaring Moon|Protosynthesis|[silent]\n|\n|win|Bananacrazy111\n|c|\u2606Bananacrazy111|ggs\n|c|\u2606Not mishmesh|ggs\n|c|\u2606Not mishmesh|u got replays?\n|c|\u2606Bananacrazy111|ye\n|c|\u2606Not mishmesh|thx\n","uploadtime":1684043888,"views":14,"p1id":"bananacrazy111","p2id":"notmishmesh","formatid":"gen9vgc2023regulationc","rating":0,"private":0,"password":""}