{"id":"gen9vgc2023regulationc-1862748592","p1":"foxchalk","p2":"codymclark","format":"[Gen 9] VGC 2023 Regulation C","log":"|j|\u2606foxchalk\n|j|\u2606codymclark\n|t:|1683917914\n|gametype|doubles\n|player|p1|foxchalk|1|1227\n|player|p2|codymclark|cynthia|1124\n|teamsize|p1|6\n|teamsize|p2|6\n|gen|9\n|tier|[Gen 9] VGC 2023 Regulation C\n|rated|\n|rule|Species Clause: Limit one of each Pok\u00e9mon\n|rule|Item Clause: Limit one of each item\n|clearpoke\n|poke|p1|Palafin, L50, M|\n|poke|p1|Flutter Mane, L50|\n|poke|p1|Arcanine, L50, F|\n|poke|p1|Amoonguss, L50, F|\n|poke|p1|Gholdengo, L50|\n|poke|p1|Ting-Lu, L50|\n|poke|p2|Tyranitar, L50, M|\n|poke|p2|Lycanroc, L50, F|\n|poke|p2|Corviknight, L50, M|\n|poke|p2|Rotom-Wash, L50|\n|poke|p2|Houndstone, L50, M|\n|poke|p2|Flutter Mane, L50|\n|teampreview|4\n|\n|t:|1683917940\n|start\n|switch|p1a: Gholdengo|Gholdengo, L50|100\/100\n|switch|p1b: Amoonguss|Amoonguss, L50, F|100\/100\n|switch|p2a: Tyranitar|Tyranitar, L50, M|100\/100\n|switch|p2b: Lycanroc|Lycanroc, L50, F|100\/100\n|-weather|Sandstorm|[from] ability: Sand Stream|[of] p2a: Tyranitar\n|turn|1\n|\n|t:|1683917961\n|-terastallize|p1a: Gholdengo|Steel\n|-terastallize|p2a: Tyranitar|Flying\n|move|p1b: Amoonguss|Protect|p1b: Amoonguss\n|-singleturn|p1b: Amoonguss|Protect\n|move|p2b: Lycanroc|Rock Slide|p1a: Gholdengo|[spread] p1a\n|-activate|p1b: Amoonguss|move: Protect\n|-resisted|p1a: Gholdengo\n|-damage|p1a: Gholdengo|87\/100\n|move|p1a: Gholdengo|Make It Rain|p2b: Lycanroc|[spread] p2a,p2b\n|-supereffective|p2b: Lycanroc\n|-damage|p2a: Tyranitar|23\/100\n|-enditem|p2b: Lycanroc|Focus Sash\n|-damage|p2b: Lycanroc|1\/100\n|-unboost|p1a: Gholdengo|spa|1\n|move|p2a: Tyranitar|Tera Blast|p1b: Amoonguss\n|-activate|p1b: Amoonguss|move: Protect\n|\n|-weather|Sandstorm|[upkeep]\n|-damage|p2a: Tyranitar|17\/100|[from] Sandstorm\n|-damage|p1b: Amoonguss|94\/100|[from] Sandstorm\n|upkeep\n|turn|2\n|\n|t:|1683918000\n|move|p2b: Lycanroc|Endeavor|p1a: Gholdengo\n|-damage|p1a: Gholdengo|1\/100\n|move|p1a: Gholdengo|Make It Rain|p2a: Tyranitar|[spread] p2a,p2b\n|-supereffective|p2b: Lycanroc\n|-damage|p2a: Tyranitar|0 fnt\n|-damage|p2b: Lycanroc|0 fnt\n|-unboost|p1a: Gholdengo|spa|1\n|faint|p2a: Tyranitar\n|faint|p2b: Lycanroc\n|move|p1b: Amoonguss|Spore|p2: Tyranitar|[notarget]\n|-fail|p1b: Amoonguss\n|\n|-weather|Sandstorm|[upkeep]\n|-damage|p1b: Amoonguss|88\/100|[from] Sandstorm\n|upkeep\n|\n|t:|1683918014\n|switch|p2b: Rotom|Rotom-Wash, L50|100\/100\n|switch|p2a: Corviknight|Corviknight, L50, M|100\/100\n|turn|3\n|\n|t:|1683918036\n|move|p1b: Amoonguss|Rage Powder|p1b: Amoonguss\n|-singleturn|p1b: Amoonguss|move: Rage Powder\n|move|p2b: Rotom|Thunderbolt|p1b: Amoonguss\n|-resisted|p1b: Amoonguss\n|-damage|p1b: Amoonguss|73\/100\n|-status|p1b: Amoonguss|par\n|move|p1a: Gholdengo|Make It Rain|p2a: Corviknight|[spread] p2a,p2b\n|-resisted|p2a: Corviknight\n|-resisted|p2b: Rotom\n|-damage|p2a: Corviknight|72\/100\n|-damage|p2b: Rotom|86\/100\n|-unboost|p1a: Gholdengo|spa|1\n|move|p2a: Corviknight|Brave Bird|p1b: Amoonguss\n|-supereffective|p1b: Amoonguss\n|-damage|p1b: Amoonguss|0 fnt\n|faint|p1b: Amoonguss\n|-damage|p2a: Corviknight|45\/100|[from] Recoil\n|\n|-weather|Sandstorm|[upkeep]\n|-damage|p2b: Rotom|81\/100|[from] Sandstorm\n|upkeep\n|\n|t:|1683918066\n|switch|p1b: Flutter Mane|Flutter Mane, L50|100\/100\n|-enditem|p1b: Flutter Mane|Booster Energy\n|-activate|p1b: Flutter Mane|ability: Protosynthesis|[fromitem]\n|-start|p1b: Flutter Mane|protosynthesisspa\n|turn|4\n|\n|t:|1683918079\n|move|p1b: Flutter Mane|Dazzling Gleam|p2b: Rotom|[spread] p2a,p2b\n|-resisted|p2a: Corviknight\n|-damage|p2a: Corviknight|21\/100\n|-damage|p2b: Rotom|35\/100\n|-enditem|p2b: Rotom|Sitrus Berry|[eat]\n|-heal|p2b: Rotom|60\/100|[from] item: Sitrus Berry\n|move|p2b: Rotom|Thunderbolt|p1a: Gholdengo\n|-damage|p1a: Gholdengo|0 fnt\n|faint|p1a: Gholdengo\n|move|p2a: Corviknight|Iron Head|p1b: Flutter Mane\n|-supereffective|p1b: Flutter Mane\n|-damage|p1b: Flutter Mane|0 fnt\n|faint|p1b: Flutter Mane\n|-end|p1b: Flutter Mane|Protosynthesis|[silent]\n|\n|-weather|Sandstorm|[upkeep]\n|-damage|p2b: Rotom|54\/100|[from] Sandstorm\n|upkeep\n|c|\u2606codymclark|gg\n|\n|t:|1683918123\n|switch|p1a: Ting-Lu|Ting-Lu, L50|100\/100\n|-ability|p1a: Ting-Lu|Vessel of Ruin\n|turn|5\n|\n|t:|1683918157\n|move|p2b: Rotom|Nasty Plot|p2b: Rotom\n|-boost|p2b: Rotom|spa|2\n|move|p2a: Corviknight|Brave Bird|p1a: Ting-Lu\n|-damage|p1a: Ting-Lu|69\/100\n|-damage|p2a: Corviknight|7\/100|[from] Recoil\n|move|p1a: Ting-Lu|Heavy Slam|p2b: Rotom\n|-resisted|p2b: Rotom\n|-damage|p2b: Rotom|45\/100\n|\n|-weather|none\n|upkeep\n|turn|6\n|\n|t:|1683918191\n|move|p2b: Rotom|Thunderbolt|p1a: Ting-Lu\n|-immune|p1a: Ting-Lu\n|move|p2a: Corviknight|Iron Head|p1a: Ting-Lu\n|-damage|p1a: Ting-Lu|48\/100\n|move|p1a: Ting-Lu|Fissure|p2b: Rotom\n|-immune|p2b: Rotom|[from] ability: Levitate\n|\n|upkeep\n|turn|7\n|\n|t:|1683918219\n|move|p2b: Rotom|Will-O-Wisp|p1a: Ting-Lu\n|-status|p1a: Ting-Lu|brn\n|move|p2a: Corviknight|Brave Bird|p1a: Ting-Lu\n|-damage|p1a: Ting-Lu|17\/100 brn\n|-damage|p2a: Corviknight|0 fnt|[from] Recoil\n|faint|p2a: Corviknight\n|move|p1a: Ting-Lu|Heavy Slam|p2b: Rotom\n|-resisted|p2b: Rotom\n|-damage|p2b: Rotom|41\/100\n|\n|-damage|p1a: Ting-Lu|11\/100 brn|[from] brn\n|upkeep\n|turn|8\n|\n|t:|1683918242\n|move|p2b: Rotom|Protect|p2b: Rotom\n|-singleturn|p2b: Rotom|Protect\n|move|p1a: Ting-Lu|Ruination|p2b: Rotom\n|-activate|p2b: Rotom|move: Protect\n|\n|-damage|p1a: Ting-Lu|5\/100 brn|[from] brn\n|upkeep\n|turn|9\n|\n|t:|1683918251\n|move|p2b: Rotom|Nasty Plot|p2b: Rotom\n|-boost|p2b: Rotom|spa|2\n|move|p1a: Ting-Lu|Ruination|p2b: Rotom\n|-damage|p2b: Rotom|21\/100\n|\n|-damage|p1a: Ting-Lu|0 fnt|[from] brn\n|faint|p1a: Ting-Lu\n|\n|win|codymclark\n|upkeep\n|raw|foxchalk's rating: 1227 → 1195<\/strong> (-32 for losing)\n|raw|codymclark's rating: 1124 → 1156<\/strong> (+32 for winning)\n|l|\u2606foxchalk\n","uploadtime":1683918269,"views":16,"p1id":"foxchalk","p2id":"codymclark","formatid":"gen9vgc2023regulationc","rating":1156,"private":0,"password":""}