{"id":"gen9vgc2023regulationc-1848349153","p1":"seedroll","p2":"fredito1","format":"[Gen 9] VGC 2023 Regulation C","log":"|j|\u2606seedroll\n|j|\u2606fredito1\n|t:|1682064785\n|gametype|doubles\n|player|p1|seedroll|1|1160\n|player|p2|fredito1|170|1251\n|teamsize|p1|6\n|teamsize|p2|6\n|gen|9\n|tier|[Gen 9] VGC 2023 Regulation C\n|rated|\n|rule|Species Clause: Limit one of each Pok\u00e9mon\n|rule|Item Clause: Limit one of each item\n|clearpoke\n|poke|p1|Arcanine, L50, F|\n|poke|p1|Corviknight, L50, F|\n|poke|p1|Flutter Mane, L50|\n|poke|p1|Palafin, L50, M|\n|poke|p1|Amoonguss, L50, F|\n|poke|p1|Ting-Lu, L50|\n|poke|p2|Indeedee-F, L50, F|\n|poke|p2|Garganacl, L50, F|\n|poke|p2|Hatterene, L50, F|\n|poke|p2|Gyarados, L50, M|\n|poke|p2|Ting-Lu, L50|\n|poke|p2|Slither Wing, L50|\n|teampreview|4\n|inactive|Battle timer is ON: inactive players will automatically lose when time's up. (requested by seedroll)\n|inactive|seedroll has 60 seconds left.\n|\n|t:|1682064830\n|start\n|switch|p1a: Palafin|Palafin, L50, M|100\/100\n|switch|p1b: Corviknight|Corviknight, L50, F|100\/100\n|switch|p2a: Indeedee|Indeedee-F, L50, F|100\/100\n|switch|p2b: Slither Wing|Slither Wing, L50|100\/100\n|-fieldstart|move: Psychic Terrain|[from] ability: Psychic Surge|[of] p2a: Indeedee\n|-enditem|p2a: Indeedee|Psychic Seed\n|-boost|p2a: Indeedee|spd|1|[from] item: Psychic Seed\n|turn|1\n|\n|t:|1682064850\n|detailschange|p1a: Palafin|Palafin-Hero, L50, M\n|switch|p1a: Arcanine|Arcanine, L50, F, shiny|100\/100\n|-ability|p1a: Arcanine|Intimidate|boost\n|-unboost|p2a: Indeedee|atk|1\n|-unboost|p2b: Slither Wing|atk|1\n|-terastallize|p2b: Slither Wing|Fire\n|move|p2a: Indeedee|Psychic|p1a: Arcanine\n|-damage|p1a: Arcanine|62\/100\n|move|p1b: Corviknight|Bulk Up|p1b: Corviknight\n|-boost|p1b: Corviknight|atk|1\n|-boost|p1b: Corviknight|def|1\n|move|p2b: Slither Wing|Flare Blitz|p1b: Corviknight\n|-supereffective|p1b: Corviknight\n|-damage|p1b: Corviknight|50\/100\n|-damage|p2b: Slither Wing|83\/100|[from] Recoil\n|\n|upkeep\n|turn|2\n|inactive|seedroll has 30 seconds left.\n|inactive|seedroll has 20 seconds left.\n|inactive|seedroll has 15 seconds left.\n|inactive|seedroll has 10 seconds left.\n|\n|t:|1682064899\n|-terastallize|p1b: Corviknight|Dragon\n|move|p2a: Indeedee|Follow Me|p2a: Indeedee\n|-singleturn|p2a: Indeedee|move: Follow Me\n|move|p1a: Arcanine|Flare Blitz|p2a: Indeedee\n|-damage|p2a: Indeedee|47\/100\n|-damage|p1a: Arcanine|46\/100|[from] Recoil\n|move|p1b: Corviknight|Brave Bird|p2a: Indeedee\n|-damage|p2a: Indeedee|0 fnt\n|faint|p2a: Indeedee\n|-damage|p1b: Corviknight|37\/100|[from] Recoil\n|move|p2b: Slither Wing|Flare Blitz|p1b: Corviknight\n|-resisted|p1b: Corviknight\n|-damage|p1b: Corviknight|25\/100\n|-enditem|p1b: Corviknight|Iapapa Berry|[eat]\n|-heal|p1b: Corviknight|59\/100|[from] item: Iapapa Berry\n|-damage|p2b: Slither Wing|79\/100|[from] Recoil\n|\n|upkeep\n|\n|t:|1682064916\n|switch|p2a: Garganacl|Garganacl, L50, F|100\/100\n|turn|3\n|\n|t:|1682064938\n|switch|p1a: Amoonguss|Amoonguss, L50, F|100\/100\n|move|p1b: Corviknight|Brave Bird|p2b: Slither Wing\n|-damage|p2b: Slither Wing|8\/100\n|-damage|p1b: Corviknight|37\/100|[from] Recoil\n|move|p2b: Slither Wing|Leech Life|p1b: Corviknight\n|-damage|p1b: Corviknight|22\/100\n|-heal|p2b: Slither Wing|16\/100|[from] drain|[of] p1b: Corviknight\n|move|p2a: Garganacl|Salt Cure|p1b: Corviknight\n|-damage|p1b: Corviknight|15\/100\n|-start|p1b: Corviknight|Salt Cure\n|\n|-damage|p1b: Corviknight|2\/100|[from] Salt Cure\n|upkeep\n|turn|4\n|inactive|seedroll has 30 seconds left.\n|\n|t:|1682064969\n|-end|p2b: Slither Wing|Protosynthesis|[silent]\n|switch|p2b: Gyarados|Gyarados, L50, M|100\/100\n|-ability|p2b: Gyarados|Intimidate|boost\n|-unboost|p1a: Amoonguss|atk|1\n|-ability|p1b: Corviknight|Mirror Armor\n|-unboost|p2b: Gyarados|atk|1\n|move|p1a: Amoonguss|Protect|p1a: Amoonguss\n|-singleturn|p1a: Amoonguss|Protect\n|move|p1b: Corviknight|Roost|p1b: Corviknight\n|-heal|p1b: Corviknight|52\/100\n|move|p2a: Garganacl|Salt Cure|p1a: Amoonguss\n|-activate|p1a: Amoonguss|move: Protect\n|\n|-damage|p1b: Corviknight|40\/100|[from] Salt Cure\n|upkeep\n|turn|5\n|inactive|seedroll has 30 seconds left.\n|inactive|fredito1 has 30 seconds left.\n|\n|t:|1682064996\n|move|p2b: Gyarados|Protect|p2b: Gyarados\n|-singleturn|p2b: Gyarados|Protect\n|move|p1b: Corviknight|Brave Bird|p2b: Gyarados\n|-activate|p2b: Gyarados|move: Protect\n|move|p2a: Garganacl|Salt Cure|p1a: Amoonguss\n|-crit|p1a: Amoonguss\n|-damage|p1a: Amoonguss|84\/100\n|-start|p1a: Amoonguss|Salt Cure\n|move|p1a: Amoonguss|Pollen Puff|p1b: Corviknight\n|-heal|p1b: Corviknight|90\/100\n|\n|-damage|p1b: Corviknight|78\/100|[from] Salt Cure\n|-damage|p1a: Amoonguss|71\/100|[from] Salt Cure\n|-fieldend|move: Psychic Terrain\n|upkeep\n|turn|6\n|\n|t:|1682065015\n|switch|p1a: Palafin|Palafin-Hero, L50, M|100\/100\n|-activate|p1a: Palafin|ability: Zero to Hero\n|move|p2b: Gyarados|Dragon Dance|p2b: Gyarados\n|-boost|p2b: Gyarados|atk|1\n|-boost|p2b: Gyarados|spe|1\n|move|p1b: Corviknight|Brave Bird|p2b: Gyarados\n|-damage|p2b: Gyarados|29\/100\n|-enditem|p2b: Gyarados|Sitrus Berry|[eat]\n|-heal|p2b: Gyarados|54\/100|[from] item: Sitrus Berry\n|-damage|p1b: Corviknight|56\/100|[from] Recoil\n|move|p2a: Garganacl|Salt Cure|p1b: Corviknight\n|-crit|p1b: Corviknight\n|-damage|p1b: Corviknight|41\/100\n|\n|-damage|p1b: Corviknight|29\/100|[from] Salt Cure\n|upkeep\n|turn|7\n|inactive|seedroll has 30 seconds left.\n|inactive|fredito1 has 30 seconds left.\n|\n|t:|1682065043\n|move|p2b: Gyarados|Waterfall|p1b: Corviknight\n|-resisted|p1b: Corviknight\n|-damage|p1b: Corviknight|19\/100\n|move|p1a: Palafin|Wave Crash|p2b: Gyarados\n|-resisted|p2b: Gyarados\n|-damage|p2b: Gyarados|2\/100\n|-damage|p1a: Palafin|84\/100|[from] Recoil\n|cant|p1b: Corviknight|flinch\n|move|p2a: Garganacl|Salt Cure|p1a: Palafin\n|-damage|p1a: Palafin|70\/100\n|-start|p1a: Palafin|Salt Cure\n|\n|-damage|p1a: Palafin|45\/100|[from] Salt Cure\n|-damage|p1b: Corviknight|6\/100|[from] Salt Cure\n|upkeep\n|turn|8\n|\n|t:|1682065065\n|switch|p1a: Arcanine|Arcanine, L50, F, shiny|46\/100\n|-ability|p1a: Arcanine|Intimidate|boost\n|-unboost|p2a: Garganacl|atk|1\n|-unboost|p2b: Gyarados|atk|1\n|switch|p1b: Amoonguss|Amoonguss, L50, F|100\/100\n|move|p2b: Gyarados|Waterfall|p1b: Amoonguss\n|-resisted|p1b: Amoonguss\n|-damage|p1b: Amoonguss|91\/100\n|move|p2a: Garganacl|Salt Cure|p1b: Amoonguss\n|-damage|p1b: Amoonguss|83\/100\n|-start|p1b: Amoonguss|Salt Cure\n|\n|-damage|p1b: Amoonguss|70\/100|[from] Salt Cure\n|upkeep\n|turn|9\n|\n|t:|1682065087\n|switch|p2b: Slither Wing|Slither Wing, L50, tera:Fire|16\/100\n|move|p1a: Arcanine|Extreme Speed|p2b: Slither Wing\n|-damage|p2b: Slither Wing|0 fnt\n|faint|p2b: Slither Wing\n|-end|p2b: Slither Wing|Protosynthesis|[silent]\n|move|p2a: Garganacl|Salt Cure|p1a: Arcanine\n|-supereffective|p1a: Arcanine\n|-damage|p1a: Arcanine|25\/100\n|-start|p1a: Arcanine|Salt Cure\n|move|p1b: Amoonguss|Pollen Puff|p1a: Arcanine\n|-heal|p1a: Arcanine|74\/100\n|\n|-damage|p1a: Arcanine|62\/100|[from] Salt Cure\n|-damage|p1b: Amoonguss|58\/100|[from] Salt Cure\n|upkeep\n|\n|t:|1682065111\n|switch|p2b: Gyarados|Gyarados, L50, M|2\/100\n|-ability|p2b: Gyarados|Intimidate|boost\n|-unboost|p1a: Arcanine|atk|1\n|-unboost|p1b: Amoonguss|atk|1\n|turn|10\n|c|\u2606seedroll|gg\n|\n|t:|1682065122\n|move|p2b: Gyarados|Protect|p2b: Gyarados\n|-singleturn|p2b: Gyarados|Protect\n|move|p1a: Arcanine|Extreme Speed|p2b: Gyarados\n|-activate|p2b: Gyarados|move: Protect\n|move|p2a: Garganacl|Salt Cure|p1b: Amoonguss\n|-damage|p1b: Amoonguss|50\/100\n|-enditem|p1b: Amoonguss|Sitrus Berry|[eat]\n|-heal|p1b: Amoonguss|75\/100|[from] item: Sitrus Berry\n|move|p1b: Amoonguss|Pollen Puff|p1a: Arcanine\n|-heal|p1a: Arcanine|100\/100\n|\n|-damage|p1a: Arcanine|88\/100|[from] Salt Cure\n|-damage|p1b: Amoonguss|63\/100|[from] Salt Cure\n|upkeep\n|turn|11\n|-message|fredito1 forfeited.\n|\n|win|seedroll\n|raw|seedroll's rating: 1160 → 1191<\/strong> (+31 for winning)\n|raw|fredito1's rating: 1251 → 1220<\/strong> (-31 for losing)\n|l|\u2606fredito1\n","uploadtime":1682065154,"views":6,"p1id":"seedroll","p2id":"fredito1","formatid":"gen9vgc2023regulationc","rating":1191,"private":0,"password":""}