{"id":"gen9vgc2023regulationc-1862220061","p1":"sotero23","p2":"lumptious","format":"[Gen 9] VGC 2023 Regulation C","log":"|j|\u2606sotero23\n|j|\u2606lumptious\n|t:|1683851134\n|gametype|doubles\n|player|p1|sotero23|veteran|1388\n|player|p2|lumptious|worker-gen4|1316\n|teamsize|p1|6\n|teamsize|p2|6\n|gen|9\n|tier|[Gen 9] VGC 2023 Regulation C\n|rated|\n|rule|Species Clause: Limit one of each Pok\u00e9mon\n|rule|Item Clause: Limit one of each item\n|clearpoke\n|poke|p1|Gyarados, L50, F|\n|poke|p1|Murkrow, L50, F|\n|poke|p1|Great Tusk, L50|\n|poke|p1|Flutter Mane, L50|\n|poke|p1|Chi-Yu, L50|\n|poke|p1|Gholdengo, L50|\n|poke|p2|Klefki, L50, F|\n|poke|p2|Azumarill, L50, M|\n|poke|p2|Lurantis, L50, M|\n|poke|p2|Garchomp, L50, F|\n|poke|p2|Corviknight, L50, F|\n|poke|p2|Raichu, L50, M|\n|teampreview|4\n|\n|t:|1683851184\n|start\n|switch|p1a: Murkrow|Murkrow, L50, F|100\/100\n|switch|p1b: Chi-Yu|Chi-Yu, L50|100\/100\n|switch|p2a: Plinkenton|Klefki, L50, F|100\/100\n|switch|p2b: Butternugget|Azumarill, L50, M, shiny|100\/100\n|-ability|p1b: Chi-Yu|Beads of Ruin\n|turn|1\n|inactive|Battle timer is ON: inactive players will automatically lose when time's up. (requested by lumptious)\n|\n|t:|1683851206\n|move|p1a: Murkrow|Sunny Day|p1a: Murkrow\n|-weather|SunnyDay\n|move|p2a: Plinkenton|Light Screen|p2a: Plinkenton\n|-sidestart|p2: lumptious|move: Light Screen\n|move|p1b: Chi-Yu|Heat Wave|p2b: Butternugget|[spread] p2a,p2b\n|-supereffective|p2a: Plinkenton\n|-resisted|p2b: Butternugget\n|-damage|p2a: Plinkenton|0 fnt\n|-damage|p2b: Butternugget|83\/100\n|faint|p2a: Plinkenton\n|move|p2b: Butternugget|Liquidation|p1b: Chi-Yu\n|-supereffective|p1b: Chi-Yu\n|-damage|p1b: Chi-Yu|17\/100\n|\n|-weather|SunnyDay|[upkeep]\n|upkeep\n|\n|t:|1683851219\n|switch|p2a: Kroawl|Raichu, L50, M|100\/100\n|turn|2\n|\n|t:|1683851227\n|move|p1b: Chi-Yu|Protect|p1b: Chi-Yu\n|-singleturn|p1b: Chi-Yu|Protect\n|move|p2a: Kroawl|Fake Out|p1a: Murkrow\n|-damage|p1a: Murkrow|92\/100\n|move|p2b: Butternugget|Aqua Jet|p1b: Chi-Yu\n|-activate|p1b: Chi-Yu|move: Protect\n|cant|p1a: Murkrow|flinch\n|\n|-weather|SunnyDay|[upkeep]\n|upkeep\n|turn|3\n|\n|t:|1683851242\n|-terastallize|p1b: Chi-Yu|Grass\n|move|p1a: Murkrow|Tailwind|p1a: Murkrow\n|-sidestart|p1: sotero23|move: Tailwind\n|move|p1b: Chi-Yu|Tera Blast|p2b: Butternugget\n|-supereffective|p2b: Butternugget\n|-damage|p2b: Butternugget|30\/100\n|move|p2a: Kroawl|Thunderbolt|p1b: Chi-Yu\n|-resisted|p1b: Chi-Yu\n|-damage|p1b: Chi-Yu|0 fnt\n|faint|p1b: Chi-Yu\n|move|p2b: Butternugget|Play Rough|p1a: Murkrow\n|-supereffective|p1a: Murkrow\n|-damage|p1a: Murkrow|0 fnt\n|faint|p1a: Murkrow\n|\n|-weather|SunnyDay|[upkeep]\n|upkeep\n|\n|t:|1683851251\n|switch|p1b: Flutter Mane|Flutter Mane, L50|100\/100\n|switch|p1a: Great Tusk|Great Tusk, L50|100\/100\n|-activate|p1a: Great Tusk|ability: Protosynthesis\n|-start|p1a: Great Tusk|protosynthesisatk\n|-activate|p1b: Flutter Mane|ability: Protosynthesis\n|-start|p1b: Flutter Mane|protosynthesisspa\n|turn|4\n|\n|t:|1683851271\n|move|p2a: Kroawl|Protect|p2a: Kroawl\n|-singleturn|p2a: Kroawl|Protect\n|move|p2b: Butternugget|Aqua Jet|p1b: Flutter Mane\n|-damage|p1b: Flutter Mane|80\/100\n|move|p1a: Great Tusk|Rock Slide|p2a: Kroawl|[spread] p2b\n|-activate|p2a: Kroawl|move: Protect\n|-damage|p2b: Butternugget|5\/100\n|move|p1b: Flutter Mane|Dazzling Gleam|p2a: Kroawl|[spread] p2b\n|-activate|p2a: Kroawl|move: Protect\n|-damage|p2b: Butternugget|0 fnt\n|faint|p2b: Butternugget\n|\n|-weather|SunnyDay|[upkeep]\n|upkeep\n|\n|t:|1683851287\n|switch|p2b: Dormpie|Garchomp, L50, F|100\/100\n|turn|5\n|inactive|lumptious has 30 seconds left.\n|\n|t:|1683851316\n|move|p2b: Dormpie|Protect|p2b: Dormpie\n|-singleturn|p2b: Dormpie|Protect\n|move|p1a: Great Tusk|Rock Slide|p2b: Dormpie|[spread] p2a\n|-activate|p2b: Dormpie|move: Protect\n|-damage|p2a: Kroawl|51\/100\n|move|p1b: Flutter Mane|Dazzling Gleam|p2a: Kroawl|[spread] p2a\n|-activate|p2b: Dormpie|move: Protect\n|-damage|p2a: Kroawl|0 fnt\n|faint|p2a: Kroawl\n|\n|-weather|none\n|-end|p1a: Great Tusk|Protosynthesis\n|-end|p1b: Flutter Mane|Protosynthesis\n|upkeep\n|turn|6\n|\n|t:|1683851328\n|-terastallize|p2b: Dormpie|Fire\n|move|p1a: Great Tusk|Rock Slide|p2b: Dormpie\n|-supereffective|p2b: Dormpie\n|-damage|p2b: Dormpie|41\/100\n|move|p1b: Flutter Mane|Dazzling Gleam|p2b: Dormpie\n|-resisted|p2b: Dormpie\n|-damage|p2b: Dormpie|18\/100\n|move|p2b: Dormpie|Iron Head|p1b: Flutter Mane\n|-supereffective|p1b: Flutter Mane\n|-damage|p1b: Flutter Mane|0 fnt\n|faint|p1b: Flutter Mane\n|-end|p1b: Flutter Mane|Protosynthesis|[silent]\n|\n|-sideend|p1: sotero23|move: Tailwind\n|upkeep\n|turn|7\n|\n|t:|1683851343\n|move|p1a: Great Tusk|Rock Slide|p2b: Dormpie\n|-supereffective|p2b: Dormpie\n|-damage|p2b: Dormpie|0 fnt\n|faint|p2b: Dormpie\n|\n|win|sotero23\n|raw|sotero23's rating: 1388 → 1404<\/strong> (+16 for winning)\n|raw|lumptious's rating: 1316 → 1300<\/strong> (-16 for losing)\n|l|\u2606lumptious\n","uploadtime":1683851356,"views":9,"p1id":"sotero23","p2id":"lumptious","formatid":"gen9vgc2023regulationc","rating":1300,"private":0,"password":""}