{"id":"gen9vgc2023regulationc-1845817454","p1":"Ckeim00","p2":"asteriorh","format":"[Gen 9] VGC 2023 Regulation C","log":"|j|\u2606Ckeim00\n|j|\u2606asteriorh\n|t:|1681767594\n|gametype|doubles\n|player|p1|Ckeim00|265|1194\n|player|p2|asteriorh|hilbert|1130\n|teamsize|p1|6\n|teamsize|p2|6\n|gen|9\n|tier|[Gen 9] VGC 2023 Regulation C\n|rated|\n|rule|Species Clause: Limit one of each Pok\u00e9mon\n|rule|Item Clause: Limit one of each item\n|clearpoke\n|poke|p1|Flutter Mane, L50|\n|poke|p1|Chien-Pao, L50|\n|poke|p1|Chi-Yu, L50|\n|poke|p1|Murkrow, L50, M|\n|poke|p1|Great Tusk, L50|\n|poke|p1|Azumarill, L50, F|\n|poke|p2|Amoonguss, L50, M|\n|poke|p2|Ting-Lu, L50|\n|poke|p2|Arcanine, L50, F|\n|poke|p2|Flutter Mane, L50|\n|poke|p2|Gothitelle, L50, M|\n|poke|p2|Scream Tail, L50|\n|teampreview|4\n|\n|t:|1681767658\n|start\n|switch|p1a: Murkrow|Murkrow, L50, M|100\/100\n|switch|p1b: Chi-Yu|Chi-Yu, L50|100\/100\n|switch|p2a: Flutter Mane|Flutter Mane, L50|100\/100\n|switch|p2b: Ting-Lu|Ting-Lu, L50|100\/100\n|-ability|p1b: Chi-Yu|Beads of Ruin\n|-ability|p2b: Ting-Lu|Vessel of Ruin\n|turn|1\n|\n|t:|1681767695\n|move|p1a: Murkrow|Tailwind|p1a: Murkrow\n|-sidestart|p1: Ckeim00|move: Tailwind\n|move|p1b: Chi-Yu|Heat Wave|p2a: Flutter Mane|[spread] p2a,p2b\n|-damage|p2a: Flutter Mane|68\/100\n|-damage|p2b: Ting-Lu|87\/100\n|move|p2a: Flutter Mane|Moonblast|p1b: Chi-Yu\n|-crit|p1b: Chi-Yu\n|-damage|p1b: Chi-Yu|41\/100\n|-unboost|p1b: Chi-Yu|spa|1\n|-enditem|p1b: Chi-Yu|Sitrus Berry|[eat]\n|-heal|p1b: Chi-Yu|66\/100|[from] item: Sitrus Berry\n|move|p2b: Ting-Lu|Stomping Tantrum|p1b: Chi-Yu\n|-supereffective|p1b: Chi-Yu\n|-damage|p1b: Chi-Yu|0 fnt\n|faint|p1b: Chi-Yu\n|\n|upkeep\n|\n|t:|1681767716\n|switch|p1b: Great Tusk|Great Tusk, L50|100\/100\n|turn|2\n|\n|t:|1681767727\n|-terastallize|p1b: Great Tusk|Ground\n|move|p2a: Flutter Mane|Protect|p2a: Flutter Mane\n|-singleturn|p2a: Flutter Mane|Protect\n|move|p1a: Murkrow|Sunny Day|p1a: Murkrow\n|-weather|SunnyDay\n|-activate|p1b: Great Tusk|ability: Protosynthesis\n|-start|p1b: Great Tusk|protosynthesisatk\n|-activate|p2a: Flutter Mane|ability: Protosynthesis\n|-start|p2a: Flutter Mane|protosynthesisspe\n|move|p1b: Great Tusk|Earthquake|p2a: Flutter Mane|[spread] p2b\n|-activate|p2a: Flutter Mane|move: Protect\n|-immune|p1a: Murkrow\n|-damage|p2b: Ting-Lu|47\/100\n|move|p2b: Ting-Lu|Fissure|p1b: Great Tusk\n|-damage|p1b: Great Tusk|0 fnt\n|faint|p1b: Great Tusk\n|-end|p1b: Great Tusk|Protosynthesis|[silent]\n|-ohko\n|\n|-weather|SunnyDay|[upkeep]\n|upkeep\n|\n|t:|1681767746\n|switch|p1b: Chien-Pao|Chien-Pao, L50|100\/100\n|-ability|p1b: Chien-Pao|Sword of Ruin\n|turn|3\n|\n|t:|1681767761\n|move|p1b: Chien-Pao|Ice Spinner|p2a: Flutter Mane\n|-damage|p2a: Flutter Mane|0 fnt\n|faint|p2a: Flutter Mane\n|-end|p2a: Flutter Mane|Protosynthesis|[silent]\n|move|p1a: Murkrow|Foul Play|p2b: Ting-Lu\n|-resisted|p2b: Ting-Lu\n|-damage|p2b: Ting-Lu|37\/100\n|move|p2b: Ting-Lu|Heavy Slam|p1b: Chien-Pao\n|-supereffective|p1b: Chien-Pao\n|-damage|p1b: Chien-Pao|35\/100\n|\n|-weather|SunnyDay|[upkeep]\n|upkeep\n|\n|t:|1681767774\n|switch|p2a: Gothitelle|Gothitelle, L50, M|100\/100\n|turn|4\n|\n|t:|1681767781\n|move|p1b: Chien-Pao|Protect|p1b: Chien-Pao\n|-singleturn|p1b: Chien-Pao|Protect\n|move|p2a: Gothitelle|Fake Out|p1b: Chien-Pao\n|-activate|p1b: Chien-Pao|move: Protect\n|move|p1a: Murkrow|Foul Play|p2a: Gothitelle\n|-supereffective|p2a: Gothitelle\n|-damage|p2a: Gothitelle|55\/100\n|move|p2b: Ting-Lu|Heavy Slam|p1b: Chien-Pao\n|-activate|p1b: Chien-Pao|move: Protect\n|\n|-weather|SunnyDay|[upkeep]\n|-sideend|p1: Ckeim00|move: Tailwind\n|upkeep\n|turn|5\n|\n|t:|1681767803\n|switch|p2a: Scream Tail|Scream Tail, L50|100\/100\n|-activate|p2a: Scream Tail|ability: Protosynthesis\n|-start|p2a: Scream Tail|protosynthesisdef\n|-terastallize|p2b: Ting-Lu|Poison\n|move|p1b: Chien-Pao|Ice Spinner|p2b: Ting-Lu\n|-damage|p2b: Ting-Lu|11\/100\n|move|p1a: Murkrow|Foul Play|p2a: Scream Tail\n|-damage|p2a: Scream Tail|84\/100\n|move|p2b: Ting-Lu|Heavy Slam|p1b: Chien-Pao\n|-supereffective|p1b: Chien-Pao\n|-damage|p1b: Chien-Pao|0 fnt\n|faint|p1b: Chien-Pao\n|\n|-weather|SunnyDay|[upkeep]\n|upkeep\n|turn|6\n|-message|Ckeim00 forfeited.\n|\n|win|asteriorh\n|raw|Ckeim00's rating: 1194 → 1164<\/strong> (-30 for losing)\n|raw|asteriorh's rating: 1130 → 1160<\/strong> (+30 for winning)\n|l|\u2606Ckeim00\n","uploadtime":1681767853,"views":8,"p1id":"ckeim00","p2id":"asteriorh","formatid":"gen9vgc2023regulationc","rating":1160,"private":0,"password":""}