{"id":"gen9vgc2023regulationc-1856491414","p1":"HappyduckJJ","p2":"Keveloper","format":"[Gen 9] VGC 2023 Regulation C","log":"|j|\u2606HappyduckJJ\n|j|\u2606Keveloper\n|t:|1683067497\n|gametype|doubles\n|player|p1|HappyduckJJ|chase|\n|player|p2|Keveloper|lucas|\n|teamsize|p1|6\n|teamsize|p2|6\n|gen|9\n|tier|[Gen 9] VGC 2023 Regulation C\n|rule|Species Clause: Limit one of each Pok\u00e9mon\n|rule|Item Clause: Limit one of each item\n|clearpoke\n|poke|p1|Glimmora, L50, F|\n|poke|p1|Iron Bundle, L50|\n|poke|p1|Wo-Chien, L50|\n|poke|p1|Arcanine, L50, F|\n|poke|p1|Dondozo, L50, M|\n|poke|p1|Tatsugiri, L50, F|\n|poke|p2|Orthworm, L50, F|\n|poke|p2|Dragonite, L50, F|\n|poke|p2|Ting-Lu, L50|\n|poke|p2|Gyarados, L50, F|\n|poke|p2|Flutter Mane, L50|\n|poke|p2|Chien-Pao, L50|\n|teampreview|4\nKeveloper has agreed to open team sheets.\nHappyduckJJ has agreed to open team sheets.\n|\n|t:|1683067589\n|start\n|switch|p1a: Glimmora|Glimmora, L50, F|100\/100\n|switch|p1b: Dondozo|Dondozo, L50, M|100\/100\n|switch|p2a: Dragonite|Dragonite, L50, F|100\/100\n|switch|p2b: Chien-Pao|Chien-Pao, L50|100\/100\n|-ability|p2b: Chien-Pao|Sword of Ruin\n|turn|1\n|\n|t:|1683067612\n|switch|p2a: Orthworm|Orthworm, L50, F|100\/100\n|move|p2b: Chien-Pao|Protect|p2b: Chien-Pao\n|-singleturn|p2b: Chien-Pao|Protect\n|move|p1b: Dondozo|Protect|p1b: Dondozo\n|-singleturn|p1b: Dondozo|Protect\n|move|p1a: Glimmora|Power Gem|p2a: Orthworm\n|-resisted|p2a: Orthworm\n|-damage|p2a: Orthworm|81\/100\n|\n|upkeep\n|turn|2\n|\n|t:|1683067653\n|switch|p2b: Flutter Mane|Flutter Mane, L50|100\/100\n|switch|p1b: Woah-Chien|Wo-Chien, L50|100\/100\n|-ability|p1b: Woah-Chien|Tablets of Ruin\n|move|p1a: Glimmora|Mortal Spin|p2a: Orthworm|[spread] p2b\n|-immune|p2a: Orthworm\n|-damage|p2b: Flutter Mane|94\/100\n|-status|p2b: Flutter Mane|psn\n|move|p2a: Orthworm|Body Press|p1b: Woah-Chien\n|-supereffective|p1b: Woah-Chien\n|-crit|p1b: Woah-Chien\n|-damage|p1b: Woah-Chien|52\/100\n|\n|-damage|p2b: Flutter Mane|82\/100 psn|[from] psn\n|upkeep\n|turn|3\n|\n|t:|1683067708\n|-terastallize|p1b: Woah-Chien|Poison\n|move|p2b: Flutter Mane|Dazzling Gleam|p1a: Glimmora|[spread] p1a,p1b\n|-resisted|p1a: Glimmora\n|-resisted|p1b: Woah-Chien\n|-damage|p1a: Glimmora|83\/100\n|-damage|p1b: Woah-Chien|39\/100\n|-enditem|p1b: Woah-Chien|Sitrus Berry|[eat]\n|-heal|p1b: Woah-Chien|64\/100|[from] item: Sitrus Berry\n|move|p1a: Glimmora|Power Gem|p2b: Flutter Mane\n|-damage|p2b: Flutter Mane|48\/100 psn\n|move|p1b: Woah-Chien|Leech Seed|p2b: Flutter Mane\n|-start|p2b: Flutter Mane|move: Leech Seed\n|move|p2a: Orthworm|Body Press|p1b: Woah-Chien\n|-resisted|p1b: Woah-Chien\n|-damage|p1b: Woah-Chien|56\/100\n|\n|-damage|p2b: Flutter Mane|36\/100 psn|[from] Leech Seed|[of] p1b: Woah-Chien\n|-heal|p1b: Woah-Chien|66\/100|[silent]\n|-damage|p2b: Flutter Mane|24\/100 psn|[from] psn\n|upkeep\n|turn|4\n|\n|t:|1683067736\n|-end|p2b: Flutter Mane|Protosynthesis|[silent]\n|switch|p2b: Dragonite|Dragonite, L50, F|100\/100\n|move|p1a: Glimmora|Mortal Spin|p2b: Dragonite|[spread] p2b\n|-immune|p2a: Orthworm\n|-damage|p2b: Dragonite|99\/100\n|-status|p2b: Dragonite|psn\n|-enditem|p2b: Dragonite|Lum Berry|[eat]\n|-curestatus|p2b: Dragonite|psn|[msg]\n|move|p1b: Woah-Chien|Leech Seed|p2a: Orthworm\n|-start|p2a: Orthworm|move: Leech Seed\n|move|p2a: Orthworm|Shed Tail|p2a: Orthworm\n|-start|p2a: Orthworm|Substitute|[from] move: Shed Tail\n|-damage|p2a: Orthworm|31\/100\n|-enditem|p2a: Orthworm|Sitrus Berry|[eat]\n|-heal|p2a: Orthworm|56\/100|[from] item: Sitrus Berry\n|\n|t:|1683067752\n|switch|p2a: Chien-Pao|Chien-Pao, L50|100\/100|[from] Shed Tail\n|-ability|p2a: Chien-Pao|Sword of Ruin\n|\n|upkeep\n|turn|5\n|\n|t:|1683067789\n|move|p2a: Chien-Pao|Protect|p2a: Chien-Pao\n|-singleturn|p2a: Chien-Pao|Protect\n|move|p2b: Dragonite|Earthquake|p1a: Glimmora|[spread] p1a,p1b\n|-activate|p2a: Chien-Pao|move: Protect\n|-supereffective|p1a: Glimmora\n|-supereffective|p1b: Woah-Chien\n|-damage|p1a: Glimmora|0 fnt\n|-damage|p1b: Woah-Chien|24\/100\n|-activate|p1a: Glimmora|ability: Toxic Debris\n|-sidestart|p2: Keveloper|move: Toxic Spikes\n|faint|p1a: Glimmora\n|move|p1b: Woah-Chien|Pollen Puff|p1: Glimmora|[notarget]\n|-fail|p1b: Woah-Chien\n|\n|upkeep\n|\n|t:|1683067813\n|switch|p1a: Tatsugiri|Tatsugiri, L50, F|100\/100\n|turn|6\n|\n|t:|1683067838\n|-terastallize|p2b: Dragonite|Flying\n|move|p1a: Tatsugiri|Muddy Water|p2b: Dragonite|[spread] p2a,p2b\n|-end|p2a: Chien-Pao|Substitute\n|-damage|p2b: Dragonite|64\/100\n|-unboost|p2b: Dragonite|accuracy|1\n|move|p2a: Chien-Pao|Ice Spinner|p1a: Tatsugiri\n|-damage|p1a: Tatsugiri|29\/100\n|move|p2b: Dragonite|Earthquake|p1b: Woah-Chien|[spread] p2a,p1a,p1b\n|-supereffective|p1b: Woah-Chien\n|-damage|p2a: Chien-Pao|75\/100\n|-damage|p1a: Tatsugiri|0 fnt\n|-damage|p1b: Woah-Chien|0 fnt\n|faint|p1a: Tatsugiri\n|faint|p1b: Woah-Chien\n|\n|upkeep\n|\n|t:|1683067848\n|switch|p1b: Dondozo|Dondozo, L50, M|100\/100\n|turn|7\n|\n|t:|1683067859\n|move|p2a: Chien-Pao|Sucker Punch|p1b: Dondozo\n|-damage|p1b: Dondozo|68\/100\n|move|p2b: Dragonite|Tera Blast|p1b: Dondozo\n|-damage|p1b: Dondozo|12\/100\n|move|p1b: Dondozo|Order Up|p2a: Chien-Pao\n|-damage|p2a: Chien-Pao|47\/100\n|\n|-heal|p1b: Dondozo|19\/100|[from] item: Leftovers\n|upkeep\n|turn|8\n|\n|t:|1683067877\n|move|p2a: Chien-Pao|Sucker Punch|p1b: Dondozo\n|-damage|p1b: Dondozo|0 fnt\n|faint|p1b: Dondozo\n|\n|win|Keveloper\n","uploadtime":1683067881,"views":5,"p1id":"happyduckjj","p2id":"keveloper","formatid":"gen9vgc2023regulationc","rating":0,"private":0,"password":""}