{"id":"gen9vgc2023regulationc-1853329794","p1":"Baldigrowlithe","p2":"haha u rage quit","format":"[Gen 9] VGC 2023 Regulation C","log":"|j|\u2606Baldigrowlithe\n|j|\u2606haha u rage quit\n|t:|1682669073\n|gametype|doubles\n|player|p1|Baldigrowlithe|striker|1247\n|player|p2|haha u rage quit|pokemaniac|1317\n|teamsize|p1|6\n|teamsize|p2|6\n|gen|9\n|tier|[Gen 9] VGC 2023 Regulation C\n|rated|\n|rule|Species Clause: Limit one of each Pok\u00e9mon\n|rule|Item Clause: Limit one of each item\n|clearpoke\n|poke|p1|Flutter Mane, L50|\n|poke|p1|Amoonguss, L50, F|\n|poke|p1|Arcanine, L50, F|\n|poke|p1|Gothitelle, L50, F|\n|poke|p1|Scream Tail, L50|\n|poke|p1|Scizor, L50, M|\n|poke|p2|Roaring Moon, L50|\n|poke|p2|Hippowdon, L50, M|\n|poke|p2|Tyranitar, L50, M|\n|poke|p2|Great Tusk, L50|\n|poke|p2|Garchomp, L50, M|\n|poke|p2|Lycanroc, L50, M|\n|teampreview|4\n|inactive|Battle timer is ON: inactive players will automatically lose when time's up. (requested by haha u rage quit)\n|\n|t:|1682669101\n|start\n|switch|p1a: Amoonguss|Amoonguss, L50, F|100\/100\n|switch|p1b: Arcanine|Arcanine, L50, F|100\/100\n|switch|p2a: Roaring Moon|Roaring Moon, L50|100\/100\n|switch|p2b: Tyranitar|Tyranitar, L50, M|100\/100\n|-ability|p1b: Arcanine|Intimidate|boost\n|-unboost|p2a: Roaring Moon|atk|1\n|-unboost|p2b: Tyranitar|atk|1\n|-weather|Sandstorm|[from] ability: Sand Stream|[of] p2b: Tyranitar\n|-enditem|p2a: Roaring Moon|Booster Energy\n|-activate|p2a: Roaring Moon|ability: Protosynthesis|[fromitem]\n|-start|p2a: Roaring Moon|protosynthesisspe\n|turn|1\n|inactive|Baldigrowlithe has 30 seconds left.\n|\n|t:|1682669130\n|switch|p1a: Scizor|Scizor, L50, M|100\/100\n|move|p2a: Roaring Moon|Tailwind|p2a: Roaring Moon\n|-sidestart|p2: haha u rage quit|move: Tailwind\n|move|p2b: Tyranitar|Rock Slide|p1a: Scizor|[spread] p1a,p1b\n|-supereffective|p1b: Arcanine\n|-damage|p1a: Scizor|76\/100\n|-damage|p1b: Arcanine|57\/100\n|cant|p1b: Arcanine|flinch\n|\n|-weather|Sandstorm|[upkeep]\n|-damage|p2a: Roaring Moon|95\/100|[from] Sandstorm\n|upkeep\n|turn|2\n|\n|t:|1682669153\n|switch|p1b: Amoonguss|Amoonguss, L50, F|100\/100\n|-terastallize|p2b: Tyranitar|Flying\n|move|p1a: Scizor|Bullet Punch|p2b: Tyranitar\n|-damage|p2b: Tyranitar|74\/100\n|move|p2a: Roaring Moon|Rock Slide|p1a: Scizor|[spread] p1a,p1b\n|-damage|p1a: Scizor|63\/100\n|-damage|p1b: Amoonguss|89\/100\n|move|p2b: Tyranitar|Rock Slide|p1b: Amoonguss|[spread] p1a,p1b\n|-damage|p1a: Scizor|40\/100\n|-damage|p1b: Amoonguss|68\/100\n|\n|-weather|Sandstorm|[upkeep]\n|-damage|p2a: Roaring Moon|89\/100|[from] Sandstorm\n|-damage|p2b: Tyranitar|68\/100|[from] Sandstorm\n|-damage|p1b: Amoonguss|62\/100|[from] Sandstorm\n|upkeep\n|turn|3\n|inactive|haha u rage quit has 30 seconds left.\n|\n|t:|1682669184\n|move|p2a: Roaring Moon|Acrobatics|p1b: Amoonguss\n|-supereffective|p1b: Amoonguss\n|-damage|p1b: Amoonguss|17\/100\n|move|p2b: Tyranitar|Crunch|p1b: Amoonguss\n|-damage|p1b: Amoonguss|0 fnt\n|faint|p1b: Amoonguss\n|move|p1a: Scizor|U-turn|p2a: Roaring Moon\n|-supereffective|p2a: Roaring Moon\n|-damage|p2a: Roaring Moon|0 fnt\n|faint|p2a: Roaring Moon\n|-end|p2a: Roaring Moon|Protosynthesis|[silent]\n|\n|t:|1682669195\n|switch|p1a: Arcanine|Arcanine, L50, F|57\/100|[from] U-turn\n|-ability|p1a: Arcanine|Intimidate|boost\n|-unboost|p2b: Tyranitar|atk|1\n|\n|-weather|Sandstorm|[upkeep]\n|-damage|p2b: Tyranitar|62\/100|[from] Sandstorm\n|upkeep\n|\n|t:|1682669202\n|switch|p2a: Great Tusk|Great Tusk, L50, shiny|100\/100\n|switch|p1b: Scizor|Scizor, L50, M|40\/100\n|turn|4\n|\n|t:|1682669224\n|switch|p2b: Hippowdon|Hippowdon, L50, M|100\/100\n|move|p1a: Arcanine|Extreme Speed|p2b: Hippowdon\n|-damage|p2b: Hippowdon|82\/100\n|move|p1b: Scizor|Bullet Punch|p2a: Great Tusk\n|-damage|p2a: Great Tusk|77\/100\n|move|p2a: Great Tusk|Rock Slide|p1b: Scizor|[spread] p1a,p1b\n|-supereffective|p1a: Arcanine\n|-damage|p1a: Arcanine|7\/100\n|-damage|p1b: Scizor|18\/100\n|\n|-weather|Sandstorm|[upkeep]\n|-sideend|p2: haha u rage quit|move: Tailwind\n|upkeep\n|turn|5\n|inactive|Baldigrowlithe has 30 seconds left.\n|\n|t:|1682669251\n|move|p1b: Scizor|Bullet Punch|p2b: Hippowdon\n|-damage|p2b: Hippowdon|59\/100\n|move|p2a: Great Tusk|Rock Slide|p1a: Arcanine|[spread] p1a,p1b\n|-supereffective|p1a: Arcanine\n|-damage|p1a: Arcanine|0 fnt\n|-damage|p1b: Scizor|0 fnt\n|faint|p1a: Arcanine\n|faint|p1b: Scizor\n|move|p2b: Hippowdon|Rock Slide|p1: Arcanine|[notarget]\n|-fail|p2b: Hippowdon\n|\n|-weather|none\n|upkeep\n|\n|t:|1682669257\n|switch|p1a: Flutter Mane|Flutter Mane, L50|100\/100\n|turn|6\n|\n|t:|1682669262\n|-terastallize|p1a: Flutter Mane|Fairy\n|move|p2a: Great Tusk|Rock Slide|p1a: Flutter Mane\n|-damage|p1a: Flutter Mane|42\/100\n|move|p1a: Flutter Mane|Moonblast|p2a: Great Tusk\n|-supereffective|p2a: Great Tusk\n|-damage|p2a: Great Tusk|0 fnt\n|faint|p2a: Great Tusk\n|-end|p2a: Great Tusk|Protosynthesis|[silent]\n|move|p2b: Hippowdon|Iron Head|p1a: Flutter Mane\n|-supereffective|p1a: Flutter Mane\n|-damage|p1a: Flutter Mane|0 fnt\n|faint|p1a: Flutter Mane\n|-end|p1a: Flutter Mane|Protosynthesis|[silent]\n|\n|win|haha u rage quit\n|raw|Baldigrowlithe's rating: 1247 → 1227<\/strong> (-20 for losing)\n|raw|haha u rage quit's rating: 1317 → 1333<\/strong> (+16 for winning)\n|l|\u2606Baldigrowlithe\n","uploadtime":1682669285,"views":9,"p1id":"baldigrowlithe","p2id":"hahauragequit","formatid":"gen9vgc2023regulationc","rating":1227,"private":0,"password":""}