{"id":"gen9vgc2023regulationc-1858366648","p1":"superseriousboi","p2":"Rixiflusss","format":"[Gen 9] VGC 2023 Regulation C","log":"|j|\u2606superseriousboi\n|j|\u2606Rixiflusss\n|t:|1683305768\n|gametype|doubles\n|player|p1|superseriousboi|1|1121\n|player|p2|Rixiflusss|pokemaniac|1112\n|teamsize|p1|6\n|teamsize|p2|6\n|gen|9\n|tier|[Gen 9] VGC 2023 Regulation C\n|rated|\n|rule|Species Clause: Limit one of each Pok\u00e9mon\n|rule|Item Clause: Limit one of each item\n|clearpoke\n|poke|p1|Kilowattrel, L50, F|\n|poke|p1|Murkrow, L50, F|\n|poke|p1|Scizor, L50, F|\n|poke|p1|Ting-Lu, L50|\n|poke|p1|Maushold, L50|\n|poke|p1|Annihilape, L50, F|\n|poke|p2|Rotom-Frost, L50|\n|poke|p2|Abomasnow, L50, M|\n|poke|p2|Ting-Lu, L50|\n|poke|p2|Flutter Mane, L50|\n|poke|p2|Talonflame, L50, M|\n|poke|p2|Gastrodon, L50, M|\n|teampreview|4\nRixiflusss has agreed to open team sheets.\n|\n|t:|1683305812\n|start\n|switch|p1a: Maushold|Maushold, L50|100\/100\n|switch|p1b: Annihilape|Annihilape, L50, F|100\/100\n|switch|p2a: Talonflame|Talonflame, L50, M|100\/100\n|switch|p2b: Gastrodon|Gastrodon, L50, M|100\/100\n|turn|1\n|inactive|Battle timer is ON: inactive players will automatically lose when time's up. (requested by Rixiflusss)\n|\n|t:|1683305832\n|-terastallize|p1b: Annihilape|Fire\n|move|p2a: Talonflame|Tailwind|p2a: Talonflame\n|-sidestart|p2: Rixiflusss|move: Tailwind\n|move|p1a: Maushold|Beat Up|p1b: Annihilape\n|-damage|p1b: Annihilape|99\/100\n|-damage|p1b: Annihilape|96\/100\n|-damage|p1b: Annihilape|95\/100\n|-damage|p1b: Annihilape|93\/100\n|-hitcount|p1b: Annihilape|4\n|move|p1b: Annihilape|Rage Fist|p2b: Gastrodon\n|-damage|p2b: Gastrodon|0 fnt\n|faint|p2b: Gastrodon\n|\n|-heal|p1b: Annihilape|99\/100|[from] item: Leftovers\n|upkeep\n|\n|t:|1683305845\n|switch|p2b: Ting-Lu|Ting-Lu, L50|100\/100\n|-ability|p2b: Ting-Lu|Vessel of Ruin\n|turn|2\n|inactive|superseriousboi has 30 seconds left.\n|inactive|superseriousboi has 20 seconds left.\n|\n|t:|1683305885\n|-terastallize|p2b: Ting-Lu|Poison\n|move|p1a: Maushold|Protect|p1a: Maushold\n|-singleturn|p1a: Maushold|Protect\n|move|p1b: Annihilape|Protect|p1b: Annihilape\n|-singleturn|p1b: Annihilape|Protect\n|move|p2a: Talonflame|Brave Bird|p1a: Maushold\n|-activate|p1a: Maushold|move: Protect\n|move|p2b: Ting-Lu|Earthquake|p1a: Maushold|[spread] \n|-activate|p1a: Maushold|move: Protect\n|-activate|p1b: Annihilape|move: Protect\n|-immune|p2a: Talonflame\n|\n|-heal|p1b: Annihilape|100\/100|[from] item: Leftovers\n|upkeep\n|turn|3\n|inactive|superseriousboi has 30 seconds left.\n|\n|t:|1683305917\n|move|p2a: Talonflame|Brave Bird|p1b: Annihilape\n|-damage|p1b: Annihilape|76\/100\n|-damage|p2a: Talonflame|90\/100|[from] Recoil\n|move|p1a: Maushold|Beat Up|p2a: Talonflame\n|-damage|p2a: Talonflame|88\/100\n|-damage|p2a: Talonflame|84\/100\n|-damage|p2a: Talonflame|80\/100\n|-damage|p2a: Talonflame|76\/100\n|-hitcount|p2a: Talonflame|4\n|move|p1b: Annihilape|Bulk Up|p1b: Annihilape\n|-boost|p1b: Annihilape|atk|1\n|-boost|p1b: Annihilape|def|1\n|move|p2b: Ting-Lu|Earthquake|p1b: Annihilape|[spread] p1a,p1b\n|-immune|p2a: Talonflame\n|-supereffective|p1b: Annihilape\n|-damage|p1a: Maushold|54\/100\n|-damage|p1b: Annihilape|36\/100\n|\n|-heal|p1b: Annihilape|42\/100|[from] item: Leftovers\n|upkeep\n|turn|4\n|inactive|superseriousboi has 30 seconds left.\n|\n|t:|1683305944\n|move|p2a: Talonflame|Brave Bird|p1a: Maushold\n|-damage|p1a: Maushold|6\/100\n|-damage|p2a: Talonflame|60\/100|[from] Recoil\n|move|p1a: Maushold|Super Fang|p2b: Ting-Lu\n|-damage|p2b: Ting-Lu|51\/100\n|move|p1b: Annihilape|Rage Fist|p2b: Ting-Lu\n|-damage|p2b: Ting-Lu|0 fnt\n|faint|p2b: Ting-Lu\n|\n|-heal|p1b: Annihilape|48\/100|[from] item: Leftovers\n|-sideend|p2: Rixiflusss|move: Tailwind\n|upkeep\n|\n|t:|1683305956\n|switch|p2b: Rotom|Rotom-Frost, L50|100\/100\n|turn|5\n|\n|t:|1683305975\n|move|p1a: Maushold|Follow Me|p1a: Maushold\n|-singleturn|p1a: Maushold|move: Follow Me\n|move|p2a: Talonflame|Brave Bird|p1a: Maushold\n|-damage|p1a: Maushold|0 fnt\n|faint|p1a: Maushold\n|-damage|p2a: Talonflame|59\/100|[from] Recoil\n|move|p1b: Annihilape|Drain Punch|p2b: Rotom\n|-supereffective|p2b: Rotom\n|-damage|p2b: Rotom|4\/100\n|-heal|p1b: Annihilape|81\/100|[from] drain|[of] p2b: Rotom\n|move|p2b: Rotom|Discharge|p1b: Annihilape|[spread] p2a,p1b\n|-supereffective|p2a: Talonflame\n|-damage|p2a: Talonflame|0 fnt\n|-damage|p1b: Annihilape|59\/100\n|faint|p2a: Talonflame\n|\n|-heal|p1b: Annihilape|65\/100|[from] item: Leftovers\n|upkeep\n|-message|Rixiflusss forfeited.\n|\n|win|superseriousboi\n|raw|superseriousboi's rating: 1121 → 1145<\/strong> (+24 for winning)\n|raw|Rixiflusss's rating: 1112 → 1088<\/strong> (-24 for losing)\n|l|\u2606Rixiflusss\n","uploadtime":1683305997,"views":10,"p1id":"superseriousboi","p2id":"rixiflusss","formatid":"gen9vgc2023regulationc","rating":1088,"private":0,"password":""}