{"id":"gen9vgc2023regulationc-1852225745","p1":"McDubbieEnthusiast","p2":"pokedot777","format":"[Gen 9] VGC 2023 Regulation C","log":"|j|\u2606McDubbieEnthusiast\n|j|\u2606pokedot777\n|t:|1682534523\n|gametype|doubles\n|player|p1|McDubbieEnthusiast|pokemonbreeder-gen4|1125\n|player|p2|pokedot777|supernerd|1134\n|teamsize|p1|6\n|teamsize|p2|6\n|gen|9\n|tier|[Gen 9] VGC 2023 Regulation C\n|rated|\n|rule|Species Clause: Limit one of each Pok\u00e9mon\n|rule|Item Clause: Limit one of each item\n|clearpoke\n|poke|p1|Roaring Moon, L50|\n|poke|p1|Grimmsnarl, L50, M|\n|poke|p1|Gholdengo, L50|\n|poke|p1|Iron Hands, L50|\n|poke|p1|Arcanine, L50, M|\n|poke|p1|Palafin, L50, M|\n|poke|p2|Talonflame, L50, M|\n|poke|p2|Pelipper, L50, F|\n|poke|p2|Palafin, L50, F|\n|poke|p2|Amoonguss, L50, F|\n|poke|p2|Roaring Moon, L50|\n|poke|p2|Flutter Mane, L50|\n|teampreview|4\n|inactive|Battle timer is ON: inactive players will automatically lose when time's up. (requested by pokedot777)\n|inactive|McDubbieEnthusiast has 60 seconds left.\n|\n|t:|1682534589\n|start\n|switch|p1a: Grimmsnarl|Grimmsnarl, L50, M|100\/100\n|switch|p1b: Roaring Moon|Roaring Moon, L50|100\/100\n|switch|p2a: Talonflame|Talonflame, L50, M|100\/100\n|switch|p2b: Palafin|Palafin, L50, F|100\/100\n|-enditem|p1b: Roaring Moon|Booster Energy\n|-activate|p1b: Roaring Moon|ability: Protosynthesis|[fromitem]\n|-start|p1b: Roaring Moon|protosynthesisatk\n|turn|1\n|\n|t:|1682534603\n|detailschange|p2b: Palafin|Palafin-Hero, L50, F\n|switch|p2b: Pelipper|Pelipper, L50, F|100\/100\n|-weather|RainDance|[from] ability: Drizzle|[of] p2b: Pelipper\n|-terastallize|p2a: Talonflame|Flying\n|move|p1a: Grimmsnarl|Fake Out|p2a: Talonflame\n|-damage|p2a: Talonflame|84\/100\n|cant|p2a: Talonflame|flinch\n|move|p1b: Roaring Moon|Dragon Dance|p1b: Roaring Moon\n|-boost|p1b: Roaring Moon|atk|1\n|-boost|p1b: Roaring Moon|spe|1\n|\n|-weather|RainDance|[upkeep]\n|upkeep\n|turn|2\n|inactive|pokedot777 has 30 seconds left.\n|\n|t:|1682534630\n|switch|p2a: Amoonguss|Amoonguss, L50, F|100\/100\n|move|p1a: Grimmsnarl|Misty Terrain|p1a: Grimmsnarl\n|-fieldstart|move: Misty Terrain\n|move|p1b: Roaring Moon|Jaw Lock|p2b: Pelipper\n|-damage|p2b: Pelipper|8\/100\n|-activate|p1b: Roaring Moon|trapped\n|-activate|p2b: Pelipper|trapped\n|move|p2b: Pelipper|Tailwind|p2b: Pelipper\n|-sidestart|p2: pokedot777|move: Tailwind\n|\n|-weather|RainDance|[upkeep]\n|upkeep\n|turn|3\n|inactive|pokedot777 has 30 seconds left.\n|\n|t:|1682534656\n|move|p1a: Grimmsnarl|Parting Shot|p2b: Pelipper\n|-unboost|p2b: Pelipper|atk|1\n|-unboost|p2b: Pelipper|spa|1\n|\n|t:|1682534659\n|switch|p1a: Gholdengo|Gholdengo, L50|100\/100|[from] Parting Shot\n|move|p1b: Roaring Moon|Jaw Lock|p2a: Amoonguss\n|-damage|p2a: Amoonguss|21\/100\n|-activate|p2a: Amoonguss|trapped\n|-enditem|p2a: Amoonguss|Sitrus Berry|[eat]\n|-heal|p2a: Amoonguss|46\/100|[from] item: Sitrus Berry\n|move|p2b: Pelipper|Hydro Pump|p1b: Roaring Moon\n|-resisted|p1b: Roaring Moon\n|-damage|p1b: Roaring Moon|84\/100\n|move|p2a: Amoonguss|Spore|p1b: Roaring Moon\n|-activate|p1b: Roaring Moon|move: Misty Terrain\n|\n|-weather|RainDance|[upkeep]\n|upkeep\n|turn|4\n|\n|t:|1682534683\n|move|p2a: Amoonguss|Rage Powder|p2a: Amoonguss\n|-singleturn|p2a: Amoonguss|move: Rage Powder\n|move|p1b: Roaring Moon|Dragon Dance|p1b: Roaring Moon\n|-boost|p1b: Roaring Moon|atk|1\n|-boost|p1b: Roaring Moon|spe|1\n|move|p2b: Pelipper|U-turn|p1a: Gholdengo\n|-resisted|p1a: Gholdengo\n|-damage|p1a: Gholdengo|99\/100\n|\n|t:|1682534692\n|switch|p2b: Talonflame|Talonflame, L50, M, tera:Flying|84\/100|[from] U-turn\n|move|p1a: Gholdengo|Nasty Plot|p1a: Gholdengo\n|-boost|p1a: Gholdengo|spa|2\n|\n|-weather|RainDance|[upkeep]\n|-heal|p1a: Gholdengo|100\/100|[from] item: Leftovers\n|upkeep\n|turn|5\n|inactive|McDubbieEnthusiast has 30 seconds left.\n|\n|t:|1682534725\n|move|p2a: Amoonguss|Rage Powder|p2a: Amoonguss\n|-singleturn|p2a: Amoonguss|move: Rage Powder\n|move|p2b: Talonflame|Hurricane|p1b: Roaring Moon\n|-damage|p1b: Roaring Moon|9\/100\n|move|p1b: Roaring Moon|Jaw Lock|p2a: Amoonguss\n|-damage|p2a: Amoonguss|0 fnt\n|faint|p2a: Amoonguss\n|move|p1a: Gholdengo|Shadow Ball|p2b: Talonflame\n|-damage|p2b: Talonflame|0 fnt\n|faint|p2b: Talonflame\n|\n|-weather|RainDance|[upkeep]\n|-sideend|p2: pokedot777|move: Tailwind\n|upkeep\n|\n|t:|1682534739\n|switch|p2b: Pelipper|Pelipper, L50, F|8\/100\n|switch|p2a: Palafin|Palafin-Hero, L50, F|100\/100\n|-activate|p2a: Palafin|ability: Zero to Hero\n|turn|6\n|\n|t:|1682534749\n|-terastallize|p1a: Gholdengo|Water\n|move|p1b: Roaring Moon|Protect|p1b: Roaring Moon\n|-singleturn|p1b: Roaring Moon|Protect\n|move|p2a: Palafin|Jet Punch|p1b: Roaring Moon\n|-activate|p1b: Roaring Moon|move: Protect\n|move|p1a: Gholdengo|Shadow Ball|p2a: Palafin\n|-damage|p2a: Palafin|6\/100\n|-unboost|p2a: Palafin|spd|1\n|move|p2b: Pelipper|Hydro Pump|p1a: Gholdengo\n|-resisted|p1a: Gholdengo\n|-damage|p1a: Gholdengo|74\/100\n|\n|-weather|RainDance|[upkeep]\n|-heal|p1a: Gholdengo|80\/100|[from] item: Leftovers\n|-fieldend|Misty Terrain\n|upkeep\n|turn|7\n|-message|pokedot777 forfeited.\n|\n|win|McDubbieEnthusiast\n|raw|McDubbieEnthusiast's rating: 1125 → 1151<\/strong> (+26 for winning)\n|raw|pokedot777's rating: 1134 → 1108<\/strong> (-26 for losing)\n|l|\u2606pokedot777\n|j|\u2606pokedot777\n|player|p2|pokedot777|supernerd\n|l|\u2606pokedot777\n|player|p2|\n","uploadtime":1682534773,"views":15,"p1id":"mcdubbieenthusiast","p2id":"pokedot777","formatid":"gen9vgc2023regulationc","rating":1108,"private":0,"password":""}