{"id":"gen9vgc2023regulationc-1862107703","p1":"SIGYLYFH","p2":"Hadrian1917","format":"[Gen 9] VGC 2023 Regulation C","log":"|j|\u2606SIGYLYFH\n|j|\u2606Hadrian1917\n|t:|1683837745\n|gametype|doubles\n|player|p1|SIGYLYFH|sailor|1210\n|player|p2|Hadrian1917|brock|1156\n|teamsize|p1|6\n|teamsize|p2|6\n|gen|9\n|tier|[Gen 9] VGC 2023 Regulation C\n|rated|\n|rule|Species Clause: Limit one of each Pok\u00e9mon\n|rule|Item Clause: Limit one of each item\n|clearpoke\n|poke|p1|Iron Hands, L50|\n|poke|p1|Amoonguss, L50, F|\n|poke|p1|Pelipper, L50, F|\n|poke|p1|Palafin, L50, M|\n|poke|p1|Dragonite, L50, M|\n|poke|p1|Chien-Pao, L50|\n|poke|p2|Flutter Mane, L50|\n|poke|p2|Chi-Yu, L50|\n|poke|p2|Iron Hands, L50|\n|poke|p2|Ting-Lu, L50|\n|poke|p2|Gyarados, L50, M|\n|poke|p2|Amoonguss, L50, F|\n|teampreview|4\n|inactive|Battle timer is ON: inactive players will automatically lose when time's up. (requested by Hadrian1917)\nSIGYLYFH has agreed to open team sheets.\n|inactive|Hadrian1917 has 60 seconds left.\n|\n|t:|1683837787\n|start\n|switch|p1a: Torqoise|Palafin, L50, M|100\/100\n|switch|p1b: Postit|Iron Hands, L50|100\/100\n|switch|p2a: Iron Hands|Iron Hands, L50|100\/100\n|switch|p2b: Gyarados|Gyarados, L50, M|100\/100\n|-ability|p2b: Gyarados|Intimidate|boost\n|-unboost|p1a: Torqoise|atk|1\n|-unboost|p1b: Postit|atk|1\n|turn|1\n|\n|t:|1683837812\n|detailschange|p1a: Torqoise|Palafin-Hero, L50, M\n|switch|p1a: Rim|Pelipper, L50, F|100\/100\n|-weather|RainDance|[from] ability: Drizzle|[of] p1a: Rim\n|switch|p2b: Amoonguss|Amoonguss, L50, F|100\/100\n|move|p1b: Postit|Fake Out|p2b: Amoonguss\n|-damage|p2b: Amoonguss|92\/100\n|move|p2a: Iron Hands|Volt Switch|p1a: Rim\n|-supereffective|p1a: Rim\n|-damage|p1a: Rim|3\/100\n|\n|t:|1683837832\n|-end|p2a: Iron Hands|Quark Drive|[silent]\n|switch|p2a: Chi-Yu|Chi-Yu, L50|100\/100|[from] Volt Switch\n|-ability|p2a: Chi-Yu|Beads of Ruin\n|\n|-weather|RainDance|[upkeep]\n|upkeep\n|turn|2\n|\n|t:|1683837853\n|move|p1a: Rim|Protect|p1a: Rim\n|-singleturn|p1a: Rim|Protect\n|move|p2a: Chi-Yu|Dark Pulse|p1a: Rim\n|-activate|p1a: Rim|move: Protect\n|move|p1b: Postit|Close Combat|p2a: Chi-Yu\n|-supereffective|p2a: Chi-Yu\n|-enditem|p2a: Chi-Yu|Focus Sash\n|-damage|p2a: Chi-Yu|1\/100\n|-unboost|p1b: Postit|def|1\n|-unboost|p1b: Postit|spd|1\n|move|p2b: Amoonguss|Spore|p1b: Postit\n|-status|p1b: Postit|slp|[from] move: Spore\n|\n|-weather|RainDance|[upkeep]\n|upkeep\n|turn|3\n|inactive|SIGYLYFH has 30 seconds left.\n|inactive|Hadrian1917 has 30 seconds left.\n|\n|t:|1683837880\n|move|p2a: Chi-Yu|Dark Pulse|p1a: Rim\n|-damage|p1a: Rim|0 fnt\n|faint|p1a: Rim\n|cant|p1b: Postit|slp\n|move|p2b: Amoonguss|Pollen Puff|p2a: Chi-Yu\n|-heal|p2a: Chi-Yu|51\/100\n|\n|-weather|RainDance|[upkeep]\n|upkeep\n|\n|t:|1683837885\n|switch|p1a: Torqoise|Palafin-Hero, L50, M|100\/100\n|-activate|p1a: Torqoise|ability: Zero to Hero\n|turn|4\n|\n|t:|1683837901\n|-terastallize|p2a: Chi-Yu|Grass\n|-terastallize|p1a: Torqoise|Water\n|move|p1a: Torqoise|Jet Punch|p2a: Chi-Yu\n|-resisted|p2a: Chi-Yu\n|-damage|p2a: Chi-Yu|0 fnt\n|faint|p2a: Chi-Yu\n|cant|p1b: Postit|slp\n|move|p2b: Amoonguss|Pollen Puff|p2: Chi-Yu|[notarget]\n|-fail|p2b: Amoonguss\n|\n|-weather|RainDance|[upkeep]\n|upkeep\n|\n|t:|1683837914\n|switch|p2a: Iron Hands|Iron Hands, L50|100\/100\n|turn|5\n|\n|t:|1683837922\n|switch|p2b: Gyarados|Gyarados, L50, M|100\/100\n|-ability|p2b: Gyarados|Intimidate|boost\n|-unboost|p1a: Torqoise|atk|1\n|-unboost|p1b: Postit|atk|1\n|move|p1a: Torqoise|Protect|p1a: Torqoise\n|-singleturn|p1a: Torqoise|Protect\n|move|p2a: Iron Hands|Wild Charge|p1a: Torqoise\n|-activate|p1a: Torqoise|move: Protect\n|cant|p1b: Postit|slp\n|\n|-weather|none\n|upkeep\n|turn|6\n|\n|t:|1683837941\n|switch|p1a: oppio|Chien-Pao, L50|100\/100\n|-ability|p1a: oppio|Sword of Ruin\n|move|p2b: Gyarados|Icy Wind|p1a: oppio|[spread] p1a,p1b\n|-resisted|p1a: oppio\n|-damage|p1a: oppio|96\/100\n|-damage|p1b: Postit|96\/100 slp\n|-unboost|p1a: oppio|spe|1\n|-unboost|p1b: Postit|spe|1\n|move|p2a: Iron Hands|Wild Charge|p1a: oppio\n|-damage|p1a: oppio|26\/100\n|-damage|p2a: Iron Hands|89\/100|[from] Recoil\n|-curestatus|p1b: Postit|slp|[msg]\n|move|p1b: Postit|Wild Charge|p2b: Gyarados\n|-supereffective|p2b: Gyarados\n|-damage|p2b: Gyarados|0 fnt\n|faint|p2b: Gyarados\n|-damage|p1b: Postit|76\/100|[from] Recoil\n|\n|upkeep\n|\n|t:|1683837959\n|switch|p2b: Amoonguss|Amoonguss, L50, F|100\/100\n|turn|7\n|\n|t:|1683837971\n|move|p1a: oppio|Protect|p1a: oppio\n|-singleturn|p1a: oppio|Protect\n|move|p2a: Iron Hands|Drain Punch|p1a: oppio\n|-activate|p1a: oppio|move: Protect\n|move|p2b: Amoonguss|Spore|p1b: Postit\n|-status|p1b: Postit|slp|[from] move: Spore\n|cant|p1b: Postit|slp\n|\n|upkeep\n|turn|8\n|inactive|SIGYLYFH has 30 seconds left.\n|\n|t:|1683837998\n|switch|p1a: Torqoise|Palafin-Hero, L50, M, tera:Water|100\/100\n|move|p2a: Iron Hands|Drain Punch|p1a: Torqoise\n|-damage|p1a: Torqoise|63\/100\n|-heal|p2a: Iron Hands|100\/100|[from] drain|[of] p1a: Torqoise\n|move|p2b: Amoonguss|Pollen Puff|p2a: Iron Hands\n|-immune|p2a: Iron Hands\n|cant|p1b: Postit|slp\n|\n|upkeep\n|turn|9\n|\n|t:|1683838019\n|move|p1a: Torqoise|Protect|p1a: Torqoise\n|-singleturn|p1a: Torqoise|Protect\n|move|p2a: Iron Hands|Drain Punch|p1b: Postit\n|-damage|p1b: Postit|37\/100 slp\n|move|p2b: Amoonguss|Spore|p1a: Torqoise\n|-activate|p1a: Torqoise|move: Protect\n|-curestatus|p1b: Postit|slp|[msg]\n|move|p1b: Postit|Volt Switch|p2b: Amoonguss\n|-resisted|p2b: Amoonguss\n|-damage|p2b: Amoonguss|95\/100\n|\n|t:|1683838030\n|-end|p1b: Postit|Quark Drive|[silent]\n|switch|p1b: oppio|Chien-Pao, L50|26\/100|[from] Volt Switch\n|-ability|p1b: oppio|Sword of Ruin\n|\n|upkeep\n|turn|10\n|\n|t:|1683838051\n|move|p1b: oppio|Ice Spinner|p2b: Amoonguss\n|-supereffective|p2b: Amoonguss\n|-damage|p2b: Amoonguss|0 fnt\n|faint|p2b: Amoonguss\n|-damage|p1b: oppio|16\/100|[from] item: Life Orb\n|move|p1a: Torqoise|Wave Crash|p2a: Iron Hands\n|-damage|p2a: Iron Hands|0 fnt\n|faint|p2a: Iron Hands\n|-end|p2a: Iron Hands|Quark Drive|[silent]\n|-damage|p1a: Torqoise|25\/100|[from] Recoil\n|\n|win|SIGYLYFH\n|raw|SIGYLYFH's rating: 1182 → 1205<\/strong> (+23 for winning)\n|raw|Hadrian1917's rating: 1156 → 1133<\/strong> (-23 for losing)\n","uploadtime":1683838063,"views":13,"p1id":"sigylyfh","p2id":"hadrian1917","formatid":"gen9vgc2023regulationc","rating":1133,"private":0,"password":""}