{"id":"gen9vgc2023regulationc-1846971884","p1":"RitmanTesting1","p2":"Toku_L","format":"[Gen 9] VGC 2023 Regulation C","log":"|j|\u2606RitmanTesting1\n|j|\u2606Toku_L\n|t:|1681907612\n|gametype|doubles\n|player|p1|RitmanTesting1|byron|1350\n|player|p2|Toku_L|lucas|1403\n|teamsize|p1|6\n|teamsize|p2|6\n|gen|9\n|tier|[Gen 9] VGC 2023 Regulation C\n|rated|\n|rule|Species Clause: Limit one of each Pok\u00e9mon\n|rule|Item Clause: Limit one of each item\n|clearpoke\n|poke|p1|Chi-Yu, L50|\n|poke|p1|Flutter Mane, L50|\n|poke|p1|Gyarados, L50, M|\n|poke|p1|Brute Bonnet, L50|\n|poke|p1|Baxcalibur, L50, F|\n|poke|p1|Glimmora, L50, F|\n|poke|p2|Tatsugiri-Stretchy, L50, M|\n|poke|p2|Chien-Pao, L50|\n|poke|p2|Dragonite, L50, M|\n|poke|p2|Maushold, L50|\n|poke|p2|Dondozo, L50, M|\n|poke|p2|Glimmora, L50, M|\n|teampreview|4\nRitmanTesting1 has agreed to open team sheets.\n|inactive|Battle timer is ON: inactive players will automatically lose when time's up. (requested by RitmanTesting1)\n|inactive|RitmanTesting1 has 60 seconds left.\n|\n|t:|1681907666\n|start\n|switch|p1a: Glimmora|Glimmora, L50, F|100\/100\n|switch|p1b: Chi-Yu|Chi-Yu, L50|100\/100\n|switch|p2a: Glimmora|Glimmora, L50, M|100\/100\n|switch|p2b: Dondozo|Dondozo, L50, M|100\/100\n|-ability|p1b: Chi-Yu|Beads of Ruin\n|turn|1\n|j| THUNDERSND77\n|inactive|Toku_L has 30 seconds left.\n|inactive|Toku_L has 20 seconds left.\n|inactive|Toku_L has 15 seconds left.\n|\n|t:|1681907708\n|switch|p2a: Tatsugiri|Tatsugiri-Stretchy, L50, M|100\/100\n|-activate|p2a: Tatsugiri|ability: Commander|[of] p2b: Dondozo\n|-boost|p2b: Dondozo|atk|2\n|-boost|p2b: Dondozo|spa|2\n|-boost|p2b: Dondozo|spe|2\n|-boost|p2b: Dondozo|def|2\n|-boost|p2b: Dondozo|spd|2\n|-terastallize|p1a: Glimmora|Grass\n|-terastallize|p2b: Dondozo|Ground\n|move|p2b: Dondozo|Earthquake|p1a: Glimmora|[spread] p1a,p1b\n|-miss|p2b: Dondozo|p2a: Tatsugiri\n|-resisted|p1a: Glimmora\n|-supereffective|p1b: Chi-Yu\n|-damage|p1a: Glimmora|58\/100\n|-enditem|p1b: Chi-Yu|Focus Sash\n|-damage|p1b: Chi-Yu|1\/100\n|-activate|p1a: Glimmora|ability: Toxic Debris\n|-sidestart|p2: Toku_L|move: Toxic Spikes\n|-damage|p2b: Dondozo|91\/100|[from] item: Life Orb\n|move|p1b: Chi-Yu|Dark Pulse|p2b: Dondozo\n|-damage|p2b: Dondozo|60\/100\n|move|p1a: Glimmora|Earth Power|p2a: Tatsugiri|[miss]\n|-miss|p1a: Glimmora|p2a: Tatsugiri\n|\n|upkeep\n|turn|2\n|inactive|RitmanTesting1 has 30 seconds left.\n|\n|t:|1681907737\n|move|p1b: Chi-Yu|Protect|p1b: Chi-Yu\n|-singleturn|p1b: Chi-Yu|Protect\n|move|p2b: Dondozo|Earthquake|p1b: Chi-Yu|[spread] p1a\n|-miss|p2b: Dondozo|p2a: Tatsugiri\n|-activate|p1b: Chi-Yu|move: Protect\n|-resisted|p1a: Glimmora\n|-damage|p1a: Glimmora|16\/100\n|-activate|p1a: Glimmora|ability: Toxic Debris\n|-sidestart|p2: Toku_L|move: Toxic Spikes\n|-damage|p2b: Dondozo|50\/100|[from] item: Life Orb\n|move|p1a: Glimmora|Sludge Bomb|p2b: Dondozo\n|-resisted|p2b: Dondozo\n|-damage|p2b: Dondozo|30\/100\n|\n|upkeep\n|turn|3\n|\n|t:|1681907759\n|switch|p1b: Brute Bonnet|Brute Bonnet, L50|100\/100\n|switch|p1a: Gyarados|Gyarados, L50, M|100\/100\n|-ability|p1a: Gyarados|Intimidate|boost\n|-unboost|p2a: Tatsugiri|atk|1\n|-fail|p2b: Dondozo|unboost|Attack|[from] ability: Oblivious|[of] p2b: Dondozo\n|move|p2b: Dondozo|Earthquake|p1b: Brute Bonnet|[spread] p1b\n|-miss|p2b: Dondozo|p2a: Tatsugiri\n|-immune|p1a: Gyarados\n|-resisted|p1b: Brute Bonnet\n|-damage|p1b: Brute Bonnet|67\/100\n|-damage|p2b: Dondozo|20\/100|[from] item: Life Orb\n|\n|upkeep\n|turn|4\n|inactive|Toku_L has 30 seconds left.\n|inactive|Toku_L has 20 seconds left.\n|\n|t:|1681907795\n|move|p1b: Brute Bonnet|Sucker Punch|p2b: Dondozo\n|-damage|p2b: Dondozo|9\/100\n|move|p2b: Dondozo|Order Up|p1a: Gyarados\n|-damage|p1a: Gyarados|32\/100\n|-boost|p2b: Dondozo|spe|1\n|-damage|p2b: Dondozo|0 fnt|[from] item: Life Orb\n|faint|p2b: Dondozo\n|move|p1a: Gyarados|Waterfall|p2a: Tatsugiri\n|-resisted|p2a: Tatsugiri\n|-damage|p2a: Tatsugiri|83\/100\n|\n|upkeep\n|inactive|Toku_L has 30 seconds left.\n|\n|t:|1681907821\n|switch|p2b: Glimmora|Glimmora, L50, M|100\/100\n|-sideend|p2: Toku_L|move: Toxic Spikes|[of] p2b: Glimmora\n|turn|5\n|inactive|Toku_L has 30 seconds left.\n|inactive|Toku_L has 20 seconds left.\n|\n|t:|1681907861\n|move|p1a: Gyarados|Protect|p1a: Gyarados\n|-singleturn|p1a: Gyarados|Protect\n|move|p2a: Tatsugiri|Draco Meteor|p1b: Brute Bonnet\n|-damage|p1b: Brute Bonnet|21\/100\n|-unboost|p2a: Tatsugiri|spa|2\n|-enditem|p1b: Brute Bonnet|Sitrus Berry|[eat]\n|-heal|p1b: Brute Bonnet|46\/100|[from] item: Sitrus Berry\n|move|p2b: Glimmora|Power Gem|p1a: Gyarados\n|-activate|p1a: Gyarados|move: Protect\n|move|p1b: Brute Bonnet|Spore|p2b: Glimmora\n|-status|p2b: Glimmora|slp|[from] move: Spore\n|\n|upkeep\n|turn|6\n|inactive|RitmanTesting1 has 30 seconds left.\n|inactive|Toku_L has 30 seconds left.\n|inactive|Toku_L has 20 seconds left.\n|\n|t:|1681907897\n|switch|p2b: Maushold|Maushold, L50|100\/100\n|move|p1b: Brute Bonnet|Sucker Punch|p2a: Tatsugiri\n|-damage|p2a: Tatsugiri|34\/100\n|move|p2a: Tatsugiri|Draco Meteor|p1a: Gyarados\n|-crit|p1a: Gyarados\n|-damage|p1a: Gyarados|0 fnt\n|-unboost|p2a: Tatsugiri|spa|2\n|faint|p1a: Gyarados\n|\n|upkeep\n|\n|t:|1681907907\n|switch|p1a: Chi-Yu|Chi-Yu, L50|1\/100\n|-ability|p1a: Chi-Yu|Beads of Ruin\n|turn|7\n|\n|t:|1681907923\n|switch|p2a: Glimmora|Glimmora, L50, M|100\/100 slp\n|move|p2b: Maushold|Feint|p1a: Chi-Yu\n|-damage|p1a: Chi-Yu|0 fnt\n|faint|p1a: Chi-Yu\n|move|p1b: Brute Bonnet|Rage Powder|p1b: Brute Bonnet\n|-singleturn|p1b: Brute Bonnet|move: Rage Powder\n|\n|upkeep\n|\n|t:|1681907928\n|switch|p1a: Glimmora|Glimmora, L50, F, tera:Grass|16\/100\n|turn|8\n|\n|t:|1681907951\n|move|p2b: Maushold|Follow Me|p2b: Maushold\n|-singleturn|p2b: Maushold|move: Follow Me\n|cant|p2a: Glimmora|slp\n|move|p1a: Glimmora|Earth Power|p2b: Maushold\n|-crit|p2b: Maushold\n|-damage|p2b: Maushold|42\/100\n|move|p1b: Brute Bonnet|Seed Bomb|p2b: Maushold\n|-damage|p2b: Maushold|0 fnt\n|faint|p2b: Maushold\n|\n|upkeep\n|\n|t:|1681907962\n|switch|p2b: Tatsugiri|Tatsugiri-Stretchy, L50, M|34\/100\n|turn|9\n|\n|t:|1681907971\n|move|p1b: Brute Bonnet|Sucker Punch|p2b: Tatsugiri\n|-damage|p2b: Tatsugiri|0 fnt\n|faint|p2b: Tatsugiri\n|cant|p2a: Glimmora|slp\n|move|p1a: Glimmora|Earth Power|p2a: Glimmora\n|-supereffective|p2a: Glimmora\n|-damage|p2a: Glimmora|0 fnt\n|faint|p2a: Glimmora\n|\n|win|RitmanTesting1\n|raw|RitmanTesting1's rating: 1350 → 1373<\/strong> (+23 for winning)\n|raw|Toku_L's rating: 1403 → 1380<\/strong> (-23 for losing)\n|l|\u2606Toku_L\n|l| THUNDERSND77\n","uploadtime":1681907985,"views":4,"p1id":"ritmantesting1","p2id":"tokul","formatid":"gen9vgc2023regulationc","rating":1373,"private":0,"password":""}