{"id":"gen9vgc2023regulationc-1851974826","p1":"DivineCavalier","p2":"Karajony","format":"[Gen 9] VGC 2023 Regulation C","log":"|j|\u2606DivineCavalier\n|j|\u2606Karajony\n|t:|1682512889\n|gametype|doubles\n|player|p1|DivineCavalier|pokefan|1240\n|player|p2|Karajony|worker-gen4|1302\n|teamsize|p1|6\n|teamsize|p2|6\n|gen|9\n|tier|[Gen 9] VGC 2023 Regulation C\n|rated|\n|rule|Species Clause: Limit one of each Pok\u00e9mon\n|rule|Item Clause: Limit one of each item\n|clearpoke\n|poke|p1|Glimmora, L50, M|\n|poke|p1|Iron Hands, L50|\n|poke|p1|Flutter Mane, L50|\n|poke|p1|Gyarados, L50, F|\n|poke|p1|Dragonite, L50, M|\n|poke|p1|Chi-Yu, L50|\n|poke|p2|Flutter Mane, L50|\n|poke|p2|Iron Hands, L50|\n|poke|p2|Baxcalibur, L50, M|\n|poke|p2|Scream Tail, L50|\n|poke|p2|Ting-Lu, L50|\n|poke|p2|Arcanine, L50, M|\n|teampreview|4\n|inactive|Battle timer is ON: inactive players will automatically lose when time's up. (requested by Karajony)\n|inactive|Karajony has 60 seconds left.\n|\n|t:|1682512930\n|start\n|switch|p1a: Glimmora|Glimmora, L50, M|100\/100\n|switch|p1b: Iron Hands|Iron Hands, L50|100\/100\n|switch|p2a: Ting-Lu|Ting-Lu, L50|100\/100\n|switch|p2b: Baxcalibur|Baxcalibur, L50, M|100\/100\n|-ability|p2a: Ting-Lu|Vessel of Ruin\n|turn|1\n|\n|t:|1682512948\n|move|p1b: Iron Hands|Fake Out|p2b: Baxcalibur\n|-damage|p2b: Baxcalibur|91\/100\n|cant|p2b: Baxcalibur|flinch\n|move|p1a: Glimmora|Mortal Spin|p2a: Ting-Lu|[spread] p2a,p2b\n|-resisted|p2a: Ting-Lu\n|-damage|p2a: Ting-Lu|99\/100\n|-damage|p2b: Baxcalibur|87\/100\n|-status|p2a: Ting-Lu|psn\n|-status|p2b: Baxcalibur|psn\n|move|p2a: Ting-Lu|Fissure|p1a: Glimmora\n|-damage|p1a: Glimmora|0 fnt\n|faint|p1a: Glimmora\n|-ohko\n|\n|-damage|p2b: Baxcalibur|74\/100 psn|[from] psn\n|-damage|p2a: Ting-Lu|87\/100 psn|[from] psn\n|upkeep\n|c|\u2606DivineCavalier|lol fissure bitches\n|inactive|DivineCavalier has 30 seconds left.\n|\n|t:|1682512975\n|switch|p1a: Gyarados|Gyarados, L50, F|100\/100\n|-ability|p1a: Gyarados|Intimidate|boost\n|-unboost|p2a: Ting-Lu|atk|1\n|-unboost|p2b: Baxcalibur|atk|1\n|turn|2\n|c|\u2606Karajony|xD\n|inactive|Karajony has 30 seconds left.\n|inactive|DivineCavalier has 30 seconds left.\n|inactive|DivineCavalier has 20 seconds left.\n|\n|t:|1682513018\n|switch|p2b: Arcanine|Arcanine, L50, M|100\/100\n|-ability|p2b: Arcanine|Intimidate|boost\n|-unboost|p1a: Gyarados|atk|1\n|-unboost|p1b: Iron Hands|atk|1\n|switch|p2a: Iron Hands|Iron Hands, L50|100\/100\n|-terastallize|p1b: Iron Hands|Fighting\n|move|p1a: Gyarados|Protect|p1a: Gyarados\n|-singleturn|p1a: Gyarados|Protect\n|move|p1b: Iron Hands|Drain Punch|p2b: Arcanine\n|-damage|p2b: Arcanine|66\/100\n|\n|upkeep\n|turn|3\n|inactive|Karajony has 30 seconds left.\n|inactive|Karajony has 20 seconds left.\n|\n|t:|1682513056\n|switch|p1a: Flutter Mane|Flutter Mane, L50|100\/100\n|-enditem|p1a: Flutter Mane|Booster Energy\n|-activate|p1a: Flutter Mane|ability: Protosynthesis|[fromitem]\n|-start|p1a: Flutter Mane|protosynthesisspe\n|move|p2b: Arcanine|Protect|p2b: Arcanine\n|-singleturn|p2b: Arcanine|Protect\n|move|p2a: Iron Hands|Swords Dance|p2a: Iron Hands\n|-boost|p2a: Iron Hands|atk|2\n|move|p1b: Iron Hands|Swords Dance|p1b: Iron Hands\n|-boost|p1b: Iron Hands|atk|2\n|\n|upkeep\n|turn|4\n|inactive|DivineCavalier has 30 seconds left.\n|\n|t:|1682513084\n|-end|p1b: Iron Hands|Quark Drive|[silent]\n|switch|p1b: Gyarados|Gyarados, L50, F|100\/100\n|-ability|p1b: Gyarados|Intimidate|boost\n|-unboost|p2a: Iron Hands|atk|1\n|-unboost|p2b: Arcanine|atk|1\n|-terastallize|p2a: Iron Hands|Grass\n|move|p1a: Flutter Mane|Moonblast|p2a: Iron Hands\n|-damage|p2a: Iron Hands|66\/100\n|move|p2b: Arcanine|Flare Blitz|p1a: Flutter Mane\n|-damage|p1a: Flutter Mane|50\/100\n|-status|p1a: Flutter Mane|brn\n|-damage|p2b: Arcanine|52\/100|[from] Recoil\n|move|p2a: Iron Hands|Drain Punch|p1b: Gyarados\n|-resisted|p1b: Gyarados\n|-crit|p1b: Gyarados\n|-damage|p1b: Gyarados|57\/100\n|-heal|p2a: Iron Hands|85\/100|[from] drain|[of] p1b: Gyarados\n|\n|-heal|p2a: Iron Hands|91\/100|[from] item: Leftovers\n|-damage|p1a: Flutter Mane|44\/100 brn|[from] brn\n|upkeep\n|turn|5\n|inactive|DivineCavalier has 30 seconds left.\n|inactive|Karajony has 30 seconds left.\n|inactive|DivineCavalier has 20 seconds left.\n|\n|t:|1682513120\n|switch|p2b: Ting-Lu|Ting-Lu, L50|87\/100 psn\n|-ability|p2b: Ting-Lu|Vessel of Ruin\n|move|p1a: Flutter Mane|Protect|p1a: Flutter Mane\n|-singleturn|p1a: Flutter Mane|Protect\n|move|p1b: Gyarados|Waterfall|p2b: Ting-Lu\n|-supereffective|p2b: Ting-Lu\n|-damage|p2b: Ting-Lu|46\/100 psn\n|move|p2a: Iron Hands|Wild Charge|p1a: Flutter Mane\n|-activate|p1a: Flutter Mane|move: Protect\n|\n|-heal|p2a: Iron Hands|97\/100|[from] item: Leftovers\n|-damage|p2b: Ting-Lu|33\/100 psn|[from] psn\n|-damage|p1a: Flutter Mane|38\/100 brn|[from] brn\n|upkeep\n|turn|6\n|inactive|Karajony has 30 seconds left.\n|\n|t:|1682513150\n|-end|p1a: Flutter Mane|Protosynthesis|[silent]\n|switch|p1a: Iron Hands|Iron Hands, L50, tera:Fighting|100\/100\n|move|p1b: Gyarados|Icy Wind|p2b: Ting-Lu|[spread] p2a,p2b\n|-supereffective|p2a: Iron Hands\n|-supereffective|p2b: Ting-Lu\n|-damage|p2a: Iron Hands|90\/100\n|-damage|p2b: Ting-Lu|29\/100 psn\n|-unboost|p2a: Iron Hands|spe|1\n|-unboost|p2b: Ting-Lu|spe|1\n|move|p2a: Iron Hands|Wild Charge|p1a: Iron Hands\n|-damage|p1a: Iron Hands|58\/100\n|-damage|p2a: Iron Hands|79\/100|[from] Recoil\n|move|p2b: Ting-Lu|Stomping Tantrum|p1b: Gyarados\n|-immune|p1b: Gyarados\n|\n|-heal|p2a: Iron Hands|85\/100|[from] item: Leftovers\n|-damage|p2b: Ting-Lu|17\/100 psn|[from] psn\n|upkeep\n|turn|7\n|inactive|Karajony has 30 seconds left.\n|inactive|Karajony has 20 seconds left.\n|\n|t:|1682513186\n|switch|p2b: Arcanine|Arcanine, L50, M|52\/100\n|-ability|p2b: Arcanine|Intimidate|boost\n|-unboost|p1a: Iron Hands|atk|1\n|-unboost|p1b: Gyarados|atk|1\n|move|p2a: Iron Hands|Detect|p2a: Iron Hands\n|-singleturn|p2a: Iron Hands|Protect\n|move|p1a: Iron Hands|Fake Out|p2a: Iron Hands\n|-activate|p2a: Iron Hands|move: Protect\n|move|p1b: Gyarados|Waterfall|p2b: Arcanine\n|-supereffective|p2b: Arcanine\n|-damage|p2b: Arcanine|5\/100\n|-enditem|p2b: Arcanine|Sitrus Berry|[eat]\n|-heal|p2b: Arcanine|30\/100|[from] item: Sitrus Berry\n|\n|-heal|p2a: Iron Hands|91\/100|[from] item: Leftovers\n|upkeep\n|turn|8\n|inactive|DivineCavalier has 30 seconds left.\n|inactive|Karajony has 30 seconds left.\n|inactive|DivineCavalier has 20 seconds left.\n|inactive|Karajony has 20 seconds left.\n|inactive|DivineCavalier has 15 seconds left.\n|\n|t:|1682513226\n|move|p1b: Gyarados|Protect|p1b: Gyarados\n|-singleturn|p1b: Gyarados|Protect\n|move|p2b: Arcanine|Flare Blitz|p1a: Iron Hands\n|-crit|p1a: Iron Hands\n|-damage|p1a: Iron Hands|0 fnt\n|faint|p1a: Iron Hands\n|-end|p1a: Iron Hands|Quark Drive|[silent]\n|-damage|p2b: Arcanine|5\/100|[from] Recoil\n|move|p2a: Iron Hands|Wild Charge|p1b: Gyarados\n|-activate|p1b: Gyarados|move: Protect\n|\n|-heal|p2a: Iron Hands|98\/100|[from] item: Leftovers\n|upkeep\n|\n|t:|1682513237\n|switch|p1a: Flutter Mane|Flutter Mane, L50|38\/100 brn\n|turn|9\n|\n|t:|1682513254\n|move|p2a: Iron Hands|Detect|p2a: Iron Hands\n|-singleturn|p2a: Iron Hands|Protect\n|move|p2b: Arcanine|Extreme Speed|p1b: Gyarados\n|-damage|p1b: Gyarados|31\/100\n|-enditem|p1b: Gyarados|Sitrus Berry|[eat]\n|-heal|p1b: Gyarados|55\/100|[from] item: Sitrus Berry\n|move|p1a: Flutter Mane|Moonblast|p2a: Iron Hands\n|-activate|p2a: Iron Hands|move: Protect\n|move|p1b: Gyarados|Icy Wind|p2a: Iron Hands|[spread] p2b\n|-activate|p2a: Iron Hands|move: Protect\n|-resisted|p2b: Arcanine\n|-damage|p2b: Arcanine|2\/100\n|-unboost|p2b: Arcanine|spe|1\n|\n|-heal|p2a: Iron Hands|100\/100|[from] item: Leftovers\n|-damage|p1a: Flutter Mane|32\/100 brn|[from] brn\n|upkeep\n|turn|10\n|\n|t:|1682513275\n|move|p2b: Arcanine|Extreme Speed|p1b: Gyarados\n|-damage|p1b: Gyarados|29\/100\n|move|p1a: Flutter Mane|Moonblast|p2a: Iron Hands\n|-damage|p2a: Iron Hands|63\/100\n|move|p1b: Gyarados|Icy Wind|p2a: Iron Hands|[spread] p2a,p2b\n|-supereffective|p2a: Iron Hands\n|-resisted|p2b: Arcanine\n|-crit|p2b: Arcanine\n|-damage|p2a: Iron Hands|55\/100\n|-damage|p2b: Arcanine|0 fnt\n|-unboost|p2a: Iron Hands|spe|1\n|faint|p2b: Arcanine\n|move|p2a: Iron Hands|Wild Charge|p1a: Flutter Mane\n|-damage|p1a: Flutter Mane|0 fnt\n|faint|p1a: Flutter Mane\n|-end|p1a: Flutter Mane|Protosynthesis|[silent]\n|-damage|p2a: Iron Hands|49\/100|[from] Recoil\n|\n|-heal|p2a: Iron Hands|56\/100|[from] item: Leftovers\n|upkeep\n|\n|t:|1682513292\n|switch|p2b: Baxcalibur|Baxcalibur, L50, M|74\/100 psn\n|turn|11\n|inactive|DivineCavalier has 30 seconds left.\n|c|\u2606DivineCavalier|wasn't a joke, people who have to rely on fissure are bitches\n|\n|t:|1682513327\n|move|p1b: Gyarados|Protect|p1b: Gyarados\n|-singleturn|p1b: Gyarados|Protect\n|move|p2b: Baxcalibur|Icicle Spear|p1b: Gyarados\n|-activate|p1b: Gyarados|move: Protect\n|move|p2a: Iron Hands|Wild Charge|p1b: Gyarados\n|-activate|p1b: Gyarados|move: Protect\n|\n|-heal|p2a: Iron Hands|62\/100|[from] item: Leftovers\n|-damage|p2b: Baxcalibur|62\/100 psn|[from] psn\n|upkeep\n|turn|12\n|inactive|DivineCavalier has 30 seconds left.\n|inactive|DivineCavalier has 20 seconds left.\n|inactive|DivineCavalier has 15 seconds left.\n|inactive|DivineCavalier has 10 seconds left.\n|inactive|DivineCavalier has 5 seconds left.\n|c|\u2606Karajony|sorry man, its part of the game though...\n|\n|t:|1682513382\n|move|p2b: Baxcalibur|Icicle Spear|p1b: Gyarados\n|-damage|p1b: Gyarados|14\/100\n|-damage|p1b: Gyarados|0 fnt\n|faint|p1b: Gyarados\n|-hitcount|p1: Gyarados|2\n|\n|win|Karajony\n|raw|DivineCavalier's rating: 1240 → 1219<\/strong> (-21 for losing)\n|raw|Karajony's rating: 1302 → 1318<\/strong> (+16 for winning)\n|c|\u2606DivineCavalier|lol keep telling yourself that\n","uploadtime":1682513603,"views":10,"p1id":"divinecavalier","p2id":"karajony","formatid":"gen9vgc2023regulationc","rating":1219,"private":0,"password":""}