{"id":"gen9vgc2023regulationc-1859079890","p1":"KevinATL","p2":"KaesyGard","format":"[Gen 9] VGC 2023 Regulation C","log":"|j|\u2606KevinATL\n|j|\u2606KaesyGard\n|t:|1683401998\n|gametype|doubles\n|player|p1|KevinATL|2|\n|player|p2|KaesyGard|1|\n|teamsize|p1|6\n|teamsize|p2|6\n|gen|9\n|tier|[Gen 9] VGC 2023 Regulation C\n|rule|Species Clause: Limit one of each Pok\u00e9mon\n|rule|Item Clause: Limit one of each item\n|clearpoke\n|poke|p1|Palafin, L50, F|\n|poke|p1|Scream Tail, L50|\n|poke|p1|Flutter Mane, L50|\n|poke|p1|Amoonguss, L50, M|\n|poke|p1|Arcanine, L50, M|\n|poke|p1|Gothitelle, L50, M|\n|poke|p2|Ting-Lu, L50|\n|poke|p2|Corviknight, L50, M|\n|poke|p2|Klefki, L50, F|\n|poke|p2|Annihilape, L50, F|\n|poke|p2|Iron Bundle, L50|\n|poke|p2|Brute Bonnet, L50|\n|teampreview|4\n|\n|t:|1683402056\n|start\n|switch|p1a: AMOGUS|Amoonguss, L50, M|100\/100\n|switch|p1b: INEEDAHERO|Palafin, L50, F|100\/100\n|switch|p2a: Iron Bundle|Iron Bundle, L50|100\/100\n|switch|p2b: Annihilape|Annihilape, L50, F|100\/100\n|-enditem|p2a: Iron Bundle|Booster Energy\n|-activate|p2a: Iron Bundle|ability: Quark Drive|[fromitem]\n|-start|p2a: Iron Bundle|quarkdrivespe\n|turn|1\n|\n|t:|1683402086\n|detailschange|p1b: INEEDAHERO|Palafin-Hero, L50, F\n|switch|p1b: EEEEEEEEEEEE|Flutter Mane, L50|100\/100\n|move|p2a: Iron Bundle|Protect|p2a: Iron Bundle\n|-singleturn|p2a: Iron Bundle|Protect\n|move|p2b: Annihilape|Bulk Up|p2b: Annihilape\n|-boost|p2b: Annihilape|atk|1\n|-boost|p2b: Annihilape|def|1\n|move|p1a: AMOGUS|Spore|p2a: Iron Bundle\n|-activate|p2a: Iron Bundle|move: Protect\n|\n|upkeep\n|turn|2\n|j| Litopardo\n|\n|t:|1683402183\n|-terastallize|p2b: Annihilape|Water\n|move|p1a: AMOGUS|Rage Powder|p1a: AMOGUS\n|-singleturn|p1a: AMOGUS|move: Rage Powder\n|move|p2a: Iron Bundle|Freeze-Dry|p1a: AMOGUS\n|-supereffective|p1a: AMOGUS\n|-damage|p1a: AMOGUS|53\/100\n|move|p1b: EEEEEEEEEEEE|Moonblast|p2b: Annihilape\n|-damage|p2b: Annihilape|62\/100\n|move|p2b: Annihilape|Rage Fist|p1a: AMOGUS\n|-damage|p1a: AMOGUS|0 fnt\n|faint|p1a: AMOGUS\n|\n|upkeep\n|\n|t:|1683402197\n|switch|p1a: INEEDAHERO|Palafin-Hero, L50, F|100\/100\n|-activate|p1a: INEEDAHERO|ability: Zero to Hero\n|turn|3\n|\n|t:|1683402266\n|-terastallize|p1a: INEEDAHERO|Water\n|move|p1b: EEEEEEEEEEEE|Protect|p1b: EEEEEEEEEEEE\n|-singleturn|p1b: EEEEEEEEEEEE|Protect\n|move|p2a: Iron Bundle|Freeze-Dry|p1a: INEEDAHERO\n|-supereffective|p1a: INEEDAHERO\n|-damage|p1a: INEEDAHERO|32\/100\n|move|p1a: INEEDAHERO|Close Combat|p2a: Iron Bundle\n|-supereffective|p2a: Iron Bundle\n|-damage|p2a: Iron Bundle|0 fnt\n|-unboost|p1a: INEEDAHERO|def|1\n|-unboost|p1a: INEEDAHERO|spd|1\n|faint|p2a: Iron Bundle\n|-end|p2a: Iron Bundle|Quark Drive|[silent]\n|move|p2b: Annihilape|Rage Fist|p1b: EEEEEEEEEEEE\n|-activate|p1b: EEEEEEEEEEEE|move: Protect\n|\n|upkeep\n|\n|t:|1683402286\n|switch|p2a: Corviknight|Corviknight, L50, M|100\/100\n|turn|4\n|\n|t:|1683402380\n|move|p1a: INEEDAHERO|Protect|p1a: INEEDAHERO\n|-singleturn|p1a: INEEDAHERO|Protect\n|move|p1b: EEEEEEEEEEEE|Moonblast|p2b: Annihilape\n|-damage|p2b: Annihilape|21\/100\n|move|p2b: Annihilape|Rage Fist|p1b: EEEEEEEEEEEE\n|-supereffective|p1b: EEEEEEEEEEEE\n|-enditem|p1b: EEEEEEEEEEEE|Focus Sash\n|-damage|p1b: EEEEEEEEEEEE|1\/100\n|move|p2a: Corviknight|Brave Bird|p1a: INEEDAHERO\n|-activate|p1a: INEEDAHERO|move: Protect\n|\n|upkeep\n|turn|5\n|\n|t:|1683402470\n|switch|p1a: AWOOOOOOOOOO|Arcanine, L50, M|100\/100\n|-ability|p1a: AWOOOOOOOOOO|Intimidate|boost\n|-ability|p2a: Corviknight|Mirror Armor\n|-unboost|p1a: AWOOOOOOOOOO|atk|1\n|-unboost|p2b: Annihilape|atk|1\n|-ability|p2b: Annihilape|Defiant|boost\n|-boost|p2b: Annihilape|atk|2\n|move|p2b: Annihilape|Protect|p2b: Annihilape\n|-singleturn|p2b: Annihilape|Protect\n|move|p1b: EEEEEEEEEEEE|Moonblast|p2b: Annihilape\n|-activate|p2b: Annihilape|move: Protect\n|move|p2a: Corviknight|Brave Bird|p1a: AWOOOOOOOOOO\n|-damage|p1a: AWOOOOOOOOOO|52\/100\n|-damage|p2a: Corviknight|87\/100|[from] Recoil\n|\n|upkeep\n|turn|6\n|\n|t:|1683402520\n|switch|p2b: Ting-Lu|Ting-Lu, L50|100\/100\n|-ability|p2b: Ting-Lu|Vessel of Ruin\n|move|p1b: EEEEEEEEEEEE|Moonblast|p2b: Ting-Lu\n|-supereffective|p2b: Ting-Lu\n|-damage|p2b: Ting-Lu|37\/100\n|move|p1a: AWOOOOOOOOOO|Flare Blitz|p2a: Corviknight\n|-supereffective|p2a: Corviknight\n|-damage|p2a: Corviknight|21\/100\n|-enditem|p2a: Corviknight|Sitrus Berry|[eat]\n|-heal|p2a: Corviknight|46\/100|[from] item: Sitrus Berry\n|-damage|p1a: AWOOOOOOOOOO|26\/100|[from] Recoil\n|move|p2a: Corviknight|Tailwind|p2a: Corviknight\n|-sidestart|p2: KaesyGard|move: Tailwind\n|\n|upkeep\n|turn|7\n|\n|t:|1683402553\n|move|p1b: EEEEEEEEEEEE|Protect|p1b: EEEEEEEEEEEE\n|-singleturn|p1b: EEEEEEEEEEEE|Protect\n|move|p2b: Ting-Lu|Protect|p2b: Ting-Lu\n|-singleturn|p2b: Ting-Lu|Protect\n|move|p1a: AWOOOOOOOOOO|Extreme Speed|p2b: Ting-Lu\n|-activate|p2b: Ting-Lu|move: Protect\n|move|p2a: Corviknight|Roost|p2a: Corviknight\n|-heal|p2a: Corviknight|97\/100\n|-singleturn|p2a: Corviknight|move: Roost\n|\n|upkeep\n|turn|8\n|c|\u2606KevinATL|gg\n|\n|t:|1683402576\n|move|p1a: AWOOOOOOOOOO|Extreme Speed|p2b: Ting-Lu\n|-damage|p2b: Ting-Lu|27\/100\n|move|p2a: Corviknight|Brave Bird|p1b: EEEEEEEEEEEE\n|-damage|p1b: EEEEEEEEEEEE|0 fnt\n|faint|p1b: EEEEEEEEEEEE\n|-end|p1b: EEEEEEEEEEEE|Protosynthesis|[silent]\n|-damage|p2a: Corviknight|96\/100|[from] Recoil\n|move|p2b: Ting-Lu|Stomping Tantrum|p1a: AWOOOOOOOOOO\n|-supereffective|p1a: AWOOOOOOOOOO\n|-damage|p1a: AWOOOOOOOOOO|0 fnt\n|faint|p1a: AWOOOOOOOOOO\n|\n|upkeep\n|\n|t:|1683402583\n|switch|p1a: INEEDAHERO|Palafin-Hero, L50, F, tera:Water|32\/100\n|turn|9\n|\n|t:|1683402596\n|move|p2b: Ting-Lu|Protect|p2b: Ting-Lu\n|-singleturn|p2b: Ting-Lu|Protect\n|move|p1a: INEEDAHERO|Protect|p1a: INEEDAHERO\n|-singleturn|p1a: INEEDAHERO|Protect\n|move|p2a: Corviknight|Brave Bird|p1a: INEEDAHERO\n|-activate|p1a: INEEDAHERO|move: Protect\n|\n|-sideend|p2: KaesyGard|move: Tailwind\n|upkeep\n|turn|10\n|\n|t:|1683402614\n|move|p1a: INEEDAHERO|Wave Crash|p2a: Corviknight\n|-damage|p2a: Corviknight|0 fnt\n|faint|p2a: Corviknight\n|-damage|p1a: INEEDAHERO|0 fnt|[from] Recoil\n|faint|p1a: INEEDAHERO\n|\n|win|KaesyGard\n","uploadtime":1683402626,"views":13,"p1id":"kevinatl","p2id":"kaesygard","formatid":"gen9vgc2023regulationc","rating":0,"private":0,"password":""}