{"id":"gen9vgc2023regulationc-1849051597","p1":"PixelDupe1","p2":"modicum of respect","format":"[Gen 9] VGC 2023 Regulation C","log":"|j|\u2606PixelDupe1\n|j|\u2606modicum of respect\n|t:|1682145746\n|gametype|doubles\n|player|p1|PixelDupe1|palmer|1347\n|player|p2|modicum of respect|steven|1376\n|teamsize|p1|6\n|teamsize|p2|6\n|gen|9\n|tier|[Gen 9] VGC 2023 Regulation C\n|rated|\n|rule|Species Clause: Limit one of each Pok\u00e9mon\n|rule|Item Clause: Limit one of each item\n|clearpoke\n|poke|p1|Orthworm, L50, M|\n|poke|p1|Iron Hands, L50|\n|poke|p1|Palafin, L50, M|\n|poke|p1|Ting-Lu, L50|\n|poke|p1|Flutter Mane, L50|\n|poke|p1|Gyarados, L50, M|\n|poke|p2|Glimmora, L50, F|\n|poke|p2|Flutter Mane, L50|\n|poke|p2|Garchomp, L50, M|\n|poke|p2|Talonflame, L50, F|\n|poke|p2|Gyarados, L50, M|\n|poke|p2|Kingambit, L50, M|\n|teampreview|4\nPixelDupe1 has agreed to open team sheets.\nmodicum of respect has agreed to open team sheets.\n|j| gaand mar\n|\n|t:|1682145799\n|start\n|switch|p1a: Orthworm|Orthworm, L50, M|100\/100\n|switch|p1b: Fineas|Palafin, L50, M|100\/100\n|switch|p2a: Flutter Mane|Flutter Mane, L50|100\/100\n|switch|p2b: Kingambit|Kingambit, L50, M|100\/100\n|-enditem|p2a: Flutter Mane|Booster Energy\n|-activate|p2a: Flutter Mane|ability: Protosynthesis|[fromitem]\n|-start|p2a: Flutter Mane|protosynthesisspa\n|turn|1\n|\n|t:|1682145818\n|detailschange|p1b: Fineas|Palafin-Hero, L50, M\n|switch|p1b: Bowlhead|Ting-Lu, L50|100\/100\n|-ability|p1b: Bowlhead|Vessel of Ruin\n|switch|p2b: Gyarados|Gyarados, L50, M|100\/100\n|-ability|p2b: Gyarados|Intimidate|boost\n|-unboost|p1a: Orthworm|atk|1\n|-unboost|p1b: Bowlhead|atk|1\n|move|p2a: Flutter Mane|Dazzling Gleam|p1a: Orthworm|[spread] p1a,p1b\n|-resisted|p1a: Orthworm\n|-supereffective|p1b: Bowlhead\n|-damage|p1a: Orthworm|84\/100\n|-damage|p1b: Bowlhead|71\/100\n|move|p1a: Orthworm|Shed Tail|p1a: Orthworm\n|-start|p1a: Orthworm|Substitute|[from] move: Shed Tail\n|-damage|p1a: Orthworm|33\/100\n|-enditem|p1a: Orthworm|Sitrus Berry|[eat]\n|-heal|p1a: Orthworm|58\/100|[from] item: Sitrus Berry\n|\n|t:|1682145834\n|switch|p1a: Fineas|Palafin-Hero, L50, M|100\/100|[from] Shed Tail\n|-activate|p1a: Fineas|ability: Zero to Hero\n|\n|upkeep\n|turn|2\n|\n|t:|1682145850\n|switch|p2b: Kingambit|Kingambit, L50, M|100\/100\n|switch|p1b: Orthworm|Orthworm, L50, M|58\/100\n|move|p2a: Flutter Mane|Protect|p2a: Flutter Mane\n|-singleturn|p2a: Flutter Mane|Protect\n|move|p1a: Fineas|Wave Crash|p2a: Flutter Mane\n|-activate|p2a: Flutter Mane|move: Protect\n|\n|upkeep\n|turn|3\n|\n|t:|1682145859\n|move|p2b: Kingambit|Sucker Punch|p1a: Fineas\n|-end|p1a: Fineas|Substitute\n|move|p2a: Flutter Mane|Moonblast|p1a: Fineas\n|-damage|p1a: Fineas|32\/100\n|move|p1a: Fineas|Wave Crash|p2a: Flutter Mane\n|-damage|p2a: Flutter Mane|0 fnt\n|faint|p2a: Flutter Mane\n|-end|p2a: Flutter Mane|Protosynthesis|[silent]\n|-damage|p1a: Fineas|8\/100|[from] Recoil\n|move|p1b: Orthworm|Body Press|p2b: Kingambit\n|-supereffective|p2b: Kingambit\n|-damage|p2b: Kingambit|17\/100\n|\n|upkeep\n|\n|t:|1682145869\n|switch|p2a: Garchomp|Garchomp, L50, M|100\/100\n|turn|4\n|\n|t:|1682145879\n|switch|p2b: Gyarados|Gyarados, L50, M|100\/100\n|-ability|p2b: Gyarados|Intimidate|boost\n|-unboost|p1a: Fineas|atk|1\n|-unboost|p1b: Orthworm|atk|1\n|move|p1a: Fineas|Jet Punch|p2b: Gyarados\n|-resisted|p2b: Gyarados\n|-damage|p2b: Gyarados|85\/100\n|move|p2a: Garchomp|Rock Slide|p1a: Fineas|[spread] p1a\n|-miss|p2a: Garchomp|p1b: Orthworm\n|-damage|p1a: Fineas|0 fnt\n|faint|p1a: Fineas\n|move|p1b: Orthworm|Iron Defense|p1b: Orthworm\n|-boost|p1b: Orthworm|def|2\n|\n|upkeep\n|\n|t:|1682145909\n|switch|p1a: Bowlhead|Ting-Lu, L50|71\/100\n|-ability|p1a: Bowlhead|Vessel of Ruin\n|turn|5\n|\n|t:|1682145915\n|switch|p2a: Kingambit|Kingambit, L50, M|17\/100\n|move|p2b: Gyarados|Waterfall|p1a: Bowlhead\n|-supereffective|p1a: Bowlhead\n|-damage|p1a: Bowlhead|23\/100\n|move|p1b: Orthworm|Iron Defense|p1b: Orthworm\n|-boost|p1b: Orthworm|def|2\n|cant|p1a: Bowlhead|flinch\n|\n|upkeep\n|turn|6\n|\n|t:|1682145937\n|move|p2b: Gyarados|Thunder Wave|p1b: Orthworm\n|-status|p1b: Orthworm|par\n|move|p2a: Kingambit|Iron Head|p1a: Bowlhead\n|-damage|p1a: Bowlhead|0 fnt\n|faint|p1a: Bowlhead\n|move|p1b: Orthworm|Body Press|p2a: Kingambit\n|-supereffective|p2a: Kingambit\n|-damage|p2a: Kingambit|0 fnt\n|faint|p2a: Kingambit\n|\n|upkeep\n|\n|t:|1682145947\n|switch|p2a: Garchomp|Garchomp, L50, M|100\/100\n|switch|p1a: Mischief|Flutter Mane, L50|100\/100\n|turn|7\n|l| gaand mar\n|\n|t:|1682145985\n|-terastallize|p2a: Garchomp|Fire\n|-terastallize|p1b: Orthworm|Fire\n|move|p1a: Mischief|Moonblast|p2b: Gyarados\n|-damage|p2b: Gyarados|25\/100\n|-unboost|p2b: Gyarados|spa|1\n|-enditem|p2b: Gyarados|Sitrus Berry|[eat]\n|-heal|p2b: Gyarados|50\/100|[from] item: Sitrus Berry\n|move|p2a: Garchomp|Tera Blast|p1b: Orthworm\n|-resisted|p1b: Orthworm\n|-damage|p1b: Orthworm|50\/100 par\n|move|p2b: Gyarados|Waterfall|p1b: Orthworm\n|-supereffective|p1b: Orthworm\n|-damage|p1b: Orthworm|32\/100 par\n|move|p1b: Orthworm|Body Press|p2b: Gyarados\n|-resisted|p2b: Gyarados\n|-damage|p2b: Gyarados|10\/100\n|\n|upkeep\n|turn|8\n|c|\u2606modicum of respect|well\n|c|\u2606modicum of respect|uh\n|c|\u2606modicum of respect|this sucks\n|c|\u2606modicum of respect|my team just hard loses to orth lmao\n|c|\u2606modicum of respect|i didnt think it would pick up like this\n|c|\u2606modicum of respect|its actually everywhere now\n|\n|t:|1682146019\n|move|p2b: Gyarados|Protect|p2b: Gyarados\n|-singleturn|p2b: Gyarados|Protect\n|move|p1a: Mischief|Moonblast|p2b: Gyarados\n|-activate|p2b: Gyarados|move: Protect\n|move|p2a: Garchomp|Tera Blast|p1a: Mischief\n|-damage|p1a: Mischief|12\/100\n|move|p1b: Orthworm|Body Press|p2a: Garchomp\n|-damage|p2a: Garchomp|26\/100\n|-damage|p1b: Orthworm|20\/100 par|[from] ability: Rough Skin|[of] p2a: Garchomp\n|\n|upkeep\n|turn|9\n|\n|t:|1682146032\n|move|p2b: Gyarados|Protect||[still]\n|-fail|p2b: Gyarados\n|move|p1a: Mischief|Moonblast|p2b: Gyarados\n|-damage|p2b: Gyarados|0 fnt\n|faint|p2b: Gyarados\n|move|p2a: Garchomp|Tera Blast|p1a: Mischief\n|-damage|p1a: Mischief|0 fnt\n|faint|p1a: Mischief\n|-end|p1a: Mischief|Protosynthesis|[silent]\n|cant|p1b: Orthworm|par\n|\n|upkeep\n|turn|10\n|\n|t:|1682146043\n|move|p2a: Garchomp|Tera Blast|p1b: Orthworm\n|-resisted|p1b: Orthworm\n|-damage|p1b: Orthworm|13\/100 par\n|move|p1b: Orthworm|Body Press|p2a: Garchomp\n|-damage|p2a: Garchomp|0 fnt\n|-damage|p1b: Orthworm|0 fnt|[from] ability: Rough Skin|[of] p2a: Garchomp\n|faint|p2a: Garchomp\n|faint|p1b: Orthworm\n|\n|win|PixelDupe1\n|raw|PixelDupe1's rating: 1347 → 1369<\/strong> (+22 for winning)\n|raw|modicum of respect's rating: 1376 → 1354<\/strong> (-22 for losing)\n|l|\u2606modicum of respect\n|c|\u2606PixelDupe1|gg\n","uploadtime":1682146447,"views":4,"p1id":"pixeldupe1","p2id":"modicumofrespect","formatid":"gen9vgc2023regulationc","rating":1354,"private":0,"password":""}