{"id":"gen9vgc2023regulationc-1861671236","p1":"jcgualde2","p2":"Flopperwilly","format":"[Gen 9] VGC 2023 Regulation C","log":"|j|\u2606jcgualde2\n|j|\u2606Flopperwilly\n|t:|1683791758\n|gametype|doubles\n|player|p1|jcgualde2|1|\n|player|p2|Flopperwilly|clown|\n|teamsize|p1|6\n|teamsize|p2|6\n|gen|9\n|tier|[Gen 9] VGC 2023 Regulation C\n|rule|Species Clause: Limit one of each Pok\u00e9mon\n|rule|Item Clause: Limit one of each item\n|clearpoke\n|poke|p1|Glimmora, L50, M|\n|poke|p1|Wo-Chien, L50|\n|poke|p1|Palafin, L50, M|\n|poke|p1|Iron Jugulis, L50|\n|poke|p1|Great Tusk, L50|\n|poke|p1|Arcanine, L50, F|\n|poke|p2|Amoonguss, L50, F|\n|poke|p2|Flutter Mane, L50|\n|poke|p2|Palafin, L50, F|\n|poke|p2|Ting-Lu, L50|\n|poke|p2|Iron Hands, L50|\n|poke|p2|Arcanine, L50, F|\n|teampreview|4\n|inactive|Battle timer is ON: inactive players will automatically lose when time's up. (requested by Flopperwilly)\nFlopperwilly has agreed to open team sheets.\njcgualde2 has agreed to open team sheets.\n|inactiveoff|Battle timer is now OFF.\n|inactive|Battle timer is ON: inactive players will automatically lose when time's up. (requested by jcgualde2)\n|\n|t:|1683791812\n|start\n|switch|p1a: Palafin|Palafin, L50, M|100\/100\n|switch|p1b: Glimmora|Glimmora, L50, M|100\/100\n|switch|p2a: Arcanine|Arcanine, L50, F, shiny|100\/100\n|switch|p2b: Iron Hands|Iron Hands, L50|100\/100\n|-ability|p2a: Arcanine|Intimidate|boost\n|-unboost|p1a: Palafin|atk|1\n|-unboost|p1b: Glimmora|atk|1\n|turn|1\n|\n|t:|1683791826\n|detailschange|p1a: Palafin|Palafin-Hero, L50, M\n|switch|p1a: Arcanine|Arcanine, L50, F|100\/100\n|-ability|p1a: Arcanine|Intimidate|boost\n|-unboost|p2a: Arcanine|atk|1\n|-unboost|p2b: Iron Hands|atk|1\n|move|p2a: Arcanine|Protect|p2a: Arcanine\n|-singleturn|p2a: Arcanine|Protect\n|move|p1b: Glimmora|Mortal Spin|p2a: Arcanine|[spread] p2b\n|-activate|p2a: Arcanine|move: Protect\n|-damage|p2b: Iron Hands|99\/100\n|-status|p2b: Iron Hands|psn\n|move|p2b: Iron Hands|Volt Switch|p1a: Arcanine\n|-damage|p1a: Arcanine|86\/100\n|\n|t:|1683791842\n|-end|p2b: Iron Hands|Quark Drive|[silent]\n|switch|p2b: Flutter Mane|Flutter Mane, L50|100\/100|[from] Volt Switch\n|\n|upkeep\n|turn|2\n|inactive|jcgualde2 has 30 seconds left.\n|inactive|Flopperwilly has 30 seconds left.\n|\n|t:|1683791868\n|switch|p2a: Iron Hands|Iron Hands, L50|99\/100 psn\n|move|p2b: Flutter Mane|Shadow Ball|p1a: Arcanine\n|-damage|p1a: Arcanine|20\/100\n|-unboost|p1a: Arcanine|spd|1\n|move|p1a: Arcanine|Flare Blitz|p2b: Flutter Mane\n|-damage|p2b: Flutter Mane|26\/100\n|-damage|p1a: Arcanine|0 fnt|[from] Recoil\n|faint|p1a: Arcanine\n|move|p1b: Glimmora|Mortal Spin|p2b: Flutter Mane|[spread] p2a,p2b\n|-damage|p2a: Iron Hands|97\/100 psn\n|-damage|p2b: Flutter Mane|21\/100\n|-status|p2b: Flutter Mane|psn\n|\n|-damage|p2b: Flutter Mane|9\/100 psn|[from] psn\n|-damage|p2a: Iron Hands|85\/100 psn|[from] psn\n|upkeep\n|\n|t:|1683791886\n|switch|p1a: Wo-Chien|Wo-Chien, L50|100\/100\n|-ability|p1a: Wo-Chien|Tablets of Ruin\n|turn|3\n|inactive|Flopperwilly has 30 seconds left.\n|inactive|Flopperwilly has 20 seconds left.\n|\n|t:|1683791926\n|-end|p2b: Flutter Mane|Protosynthesis|[silent]\n|switch|p2b: Arcanine|Arcanine, L50, F, shiny|100\/100\n|-ability|p2b: Arcanine|Intimidate|boost\n|-unboost|p1a: Wo-Chien|atk|1\n|-unboost|p1b: Glimmora|atk|1\n|-end|p2a: Iron Hands|Quark Drive|[silent]\n|switch|p2a: Amoonguss|Amoonguss, L50, F|100\/100\n|move|p1b: Glimmora|Earth Power|p2a: Amoonguss\n|-damage|p2a: Amoonguss|72\/100\n|move|p1a: Wo-Chien|Leech Seed|p2a: Amoonguss\n|-immune|p2a: Amoonguss\n|\n|upkeep\n|turn|4\n|inactive|jcgualde2 has 30 seconds left.\n|inactive|jcgualde2 has 20 seconds left.\n|\n|t:|1683791964\n|-terastallize|p1b: Glimmora|Grass\n|move|p2b: Arcanine|Protect|p2b: Arcanine\n|-singleturn|p2b: Arcanine|Protect\n|move|p1b: Glimmora|Power Gem|p2b: Arcanine\n|-activate|p2b: Arcanine|move: Protect\n|move|p1a: Wo-Chien|Leech Seed|p2b: Arcanine\n|-activate|p2b: Arcanine|move: Protect\n|move|p2a: Amoonguss|Spore|p1b: Glimmora\n|-immune|p1b: Glimmora\n|\n|upkeep\n|turn|5\n|inactive|jcgualde2 has 30 seconds left.\n|inactive|Flopperwilly has 30 seconds left.\n|\n|t:|1683791995\n|-terastallize|p2b: Arcanine|Water\n|move|p2b: Arcanine|Flare Blitz|p1b: Glimmora\n|-supereffective|p1b: Glimmora\n|-damage|p1b: Glimmora|23\/100\n|-status|p1b: Glimmora|brn\n|-activate|p1b: Glimmora|ability: Toxic Debris\n|-sidestart|p2: Flopperwilly|move: Toxic Spikes\n|-damage|p2b: Arcanine|76\/100|[from] Recoil\n|move|p1b: Glimmora|Sludge Bomb|p2a: Amoonguss\n|-damage|p2a: Amoonguss|32\/100\n|-enditem|p2a: Amoonguss|Sitrus Berry|[eat]\n|-heal|p2a: Amoonguss|57\/100|[from] item: Sitrus Berry\n|move|p1a: Wo-Chien|Leech Seed|p2b: Arcanine\n|-start|p2b: Arcanine|move: Leech Seed\n|move|p2a: Amoonguss|Pollen Puff|p1b: Glimmora\n|-supereffective|p1b: Glimmora\n|-damage|p1b: Glimmora|0 fnt\n|faint|p1b: Glimmora\n|\n|-damage|p2b: Arcanine|64\/100|[from] Leech Seed|[of] p1a: Wo-Chien\n|upkeep\n|\n|t:|1683792011\n|switch|p1b: Palafin|Palafin-Hero, L50, M|100\/100\n|-activate|p1b: Palafin|ability: Zero to Hero\n|turn|6\n|\n|t:|1683792026\n|move|p1b: Palafin|Wave Crash|p2a: Amoonguss\n|-resisted|p2a: Amoonguss\n|-damage|p2a: Amoonguss|30\/100\n|-damage|p1b: Palafin|90\/100|[from] Recoil\n|move|p2b: Arcanine|Will-O-Wisp|p1b: Palafin\n|-status|p1b: Palafin|brn\n|move|p1a: Wo-Chien|Foul Play|p2b: Arcanine\n|-damage|p2b: Arcanine|30\/100\n|move|p2a: Amoonguss|Pollen Puff|p2b: Arcanine\n|-heal|p2b: Arcanine|80\/100\n|\n|-damage|p2b: Arcanine|68\/100|[from] Leech Seed|[of] p1a: Wo-Chien\n|-damage|p1b: Palafin|84\/100 brn|[from] brn\n|upkeep\n|turn|7\n|inactive|jcgualde2 has 30 seconds left.\n|\n|t:|1683792051\n|switch|p2a: Iron Hands|Iron Hands, L50|85\/100 psn\n|move|p2b: Arcanine|Extreme Speed|p1b: Palafin\n|-damage|p1b: Palafin|69\/100 brn\n|move|p1b: Palafin|Wave Crash|p2a: Iron Hands\n|-damage|p2a: Iron Hands|56\/100 psn\n|-damage|p1b: Palafin|58\/100 brn|[from] Recoil\n|move|p1a: Wo-Chien|Pollen Puff|p2a: Iron Hands\n|-resisted|p2a: Iron Hands\n|-damage|p2a: Iron Hands|51\/100 psn\n|\n|-damage|p2b: Arcanine|56\/100|[from] Leech Seed|[of] p1a: Wo-Chien\n|-damage|p2a: Iron Hands|39\/100 psn|[from] psn\n|-damage|p1b: Palafin|52\/100 brn|[from] brn\n|upkeep\n|turn|8\n|inactive|jcgualde2 has 30 seconds left.\n|inactive|Flopperwilly has 30 seconds left.\n|\n|t:|1683792091\n|switch|p2b: Amoonguss|Amoonguss, L50, F|63\/100\n|-sideend|p2: Flopperwilly|move: Toxic Spikes|[of] p2b: Amoonguss\n|move|p1b: Palafin|Wave Crash|p2a: Iron Hands\n|-damage|p2a: Iron Hands|11\/100 psn\n|-damage|p1b: Palafin|41\/100 brn|[from] Recoil\n|move|p1a: Wo-Chien|Pollen Puff|p1b: Palafin\n|-heal|p1b: Palafin|91\/100 brn\n|move|p2a: Iron Hands|Drain Punch|p1a: Wo-Chien\n|-supereffective|p1a: Wo-Chien\n|-damage|p1a: Wo-Chien|53\/100\n|-heal|p2a: Iron Hands|32\/100 psn|[from] drain|[of] p1a: Wo-Chien\n|\n|-heal|p1a: Wo-Chien|59\/100|[from] item: Leftovers\n|-damage|p2a: Iron Hands|19\/100 psn|[from] psn\n|-damage|p1b: Palafin|85\/100 brn|[from] brn\n|upkeep\n|turn|9\n|inactive|jcgualde2 has 30 seconds left.\n|inactive|Flopperwilly has 30 seconds left.\n|\n|t:|1683792120\n|-end|p2a: Iron Hands|Quark Drive|[silent]\n|switch|p2a: Arcanine|Arcanine, L50, F, shiny, tera:Water|56\/100\n|-ability|p2a: Arcanine|Intimidate|boost\n|-unboost|p1a: Wo-Chien|atk|1\n|-unboost|p1b: Palafin|atk|1\n|move|p1b: Palafin|Protect|p1b: Palafin\n|-singleturn|p1b: Palafin|Protect\n|move|p1a: Wo-Chien|Protect|p1a: Wo-Chien\n|-singleturn|p1a: Wo-Chien|Protect\n|move|p2b: Amoonguss|Rage Powder|p2b: Amoonguss\n|-singleturn|p2b: Amoonguss|move: Rage Powder\n|\n|-heal|p1a: Wo-Chien|65\/100|[from] item: Leftovers\n|-damage|p1b: Palafin|79\/100 brn|[from] brn\n|upkeep\n|turn|10\n|\n|t:|1683792143\n|switch|p2b: Iron Hands|Iron Hands, L50|19\/100 psn\n|move|p2a: Arcanine|Protect|p2a: Arcanine\n|-singleturn|p2a: Arcanine|Protect\n|move|p1b: Palafin|Wave Crash|p2a: Arcanine\n|-activate|p2a: Arcanine|move: Protect\n|move|p1a: Wo-Chien|Leech Seed|p2a: Arcanine\n|-activate|p2a: Arcanine|move: Protect\n|\n|-heal|p1a: Wo-Chien|71\/100|[from] item: Leftovers\n|-damage|p2b: Iron Hands|7\/100 psn|[from] psn\n|-damage|p1b: Palafin|73\/100 brn|[from] brn\n|upkeep\n|turn|11\n|\n|t:|1683792163\n|switch|p2a: Amoonguss|Amoonguss, L50, F|96\/100\n|move|p1b: Palafin|Jet Punch|p2b: Iron Hands\n|-damage|p2b: Iron Hands|0 fnt\n|faint|p2b: Iron Hands\n|-end|p2b: Iron Hands|Quark Drive|[silent]\n|move|p1a: Wo-Chien|Leech Seed|p2a: Amoonguss\n|-immune|p2a: Amoonguss\n|\n|-heal|p1a: Wo-Chien|78\/100|[from] item: Leftovers\n|-damage|p1b: Palafin|67\/100 brn|[from] brn\n|upkeep\n|\n|t:|1683792172\n|switch|p2b: Arcanine|Arcanine, L50, F, shiny, tera:Water|56\/100\n|-ability|p2b: Arcanine|Intimidate|boost\n|-unboost|p1a: Wo-Chien|atk|1\n|-unboost|p1b: Palafin|atk|1\n|turn|12\n|\n|t:|1683792191\n|move|p2b: Arcanine|Extreme Speed|p1b: Palafin\n|-damage|p1b: Palafin|52\/100 brn\n|move|p1b: Palafin|Jet Punch|p2a: Amoonguss\n|-resisted|p2a: Amoonguss\n|-damage|p2a: Amoonguss|93\/100\n|move|p1a: Wo-Chien|Pollen Puff|p1b: Palafin\n|-heal|p1b: Palafin|100\/100 brn\n|move|p2a: Amoonguss|Pollen Puff|p2b: Arcanine\n|-heal|p2b: Arcanine|100\/100\n|\n|-heal|p1a: Wo-Chien|84\/100|[from] item: Leftovers\n|-damage|p1b: Palafin|94\/100 brn|[from] brn\n|upkeep\n|turn|13\n|\n|t:|1683792207\n|move|p1b: Palafin|Protect|p1b: Palafin\n|-singleturn|p1b: Palafin|Protect\n|move|p2a: Amoonguss|Rage Powder|p2a: Amoonguss\n|-singleturn|p2a: Amoonguss|move: Rage Powder\n|move|p2b: Arcanine|Flare Blitz|p1a: Wo-Chien\n|-supereffective|p1a: Wo-Chien\n|-damage|p1a: Wo-Chien|27\/100\n|-damage|p2b: Arcanine|82\/100|[from] Recoil\n|move|p1a: Wo-Chien|Leech Seed|p2b: Arcanine\n|-start|p2b: Arcanine|move: Leech Seed\n|\n|-heal|p1a: Wo-Chien|33\/100|[from] item: Leftovers\n|-damage|p2b: Arcanine|70\/100|[from] Leech Seed|[of] p1a: Wo-Chien\n|-heal|p1a: Wo-Chien|45\/100|[silent]\n|-damage|p1b: Palafin|88\/100 brn|[from] brn\n|upkeep\n|turn|14\n|\n|t:|1683792225\n|move|p1a: Wo-Chien|Protect|p1a: Wo-Chien\n|-singleturn|p1a: Wo-Chien|Protect\n|move|p2b: Arcanine|Extreme Speed|p1b: Palafin\n|-damage|p1b: Palafin|75\/100 brn\n|move|p1b: Palafin|Haze|p1b: Palafin\n|-clearallboost\n|move|p2a: Amoonguss|Pollen Puff|p2b: Arcanine\n|-heal|p2b: Arcanine|100\/100\n|\n|-heal|p1a: Wo-Chien|52\/100|[from] item: Leftovers\n|-damage|p2b: Arcanine|88\/100|[from] Leech Seed|[of] p1a: Wo-Chien\n|-heal|p1a: Wo-Chien|64\/100|[silent]\n|-damage|p1b: Palafin|69\/100 brn|[from] brn\n|upkeep\n|turn|15\n|\n|t:|1683792248\n|move|p2a: Amoonguss|Rage Powder|p2a: Amoonguss\n|-singleturn|p2a: Amoonguss|move: Rage Powder\n|move|p1b: Palafin|Wave Crash|p2a: Amoonguss\n|-resisted|p2a: Amoonguss\n|-damage|p2a: Amoonguss|78\/100\n|-damage|p1b: Palafin|63\/100 brn|[from] Recoil\n|move|p2b: Arcanine|Flare Blitz|p1a: Wo-Chien\n|-supereffective|p1a: Wo-Chien\n|-damage|p1a: Wo-Chien|11\/100\n|-damage|p2b: Arcanine|71\/100|[from] Recoil\n|move|p1a: Wo-Chien|Pollen Puff|p1b: Palafin\n|-heal|p1b: Palafin|100\/100 brn\n|\n|-heal|p1a: Wo-Chien|17\/100|[from] item: Leftovers\n|-damage|p2b: Arcanine|59\/100|[from] Leech Seed|[of] p1a: Wo-Chien\n|-heal|p1a: Wo-Chien|30\/100|[silent]\n|-damage|p1b: Palafin|94\/100 brn|[from] brn\n|upkeep\n|turn|16\n|\n|t:|1683792269\n|move|p1a: Wo-Chien|Protect|p1a: Wo-Chien\n|-singleturn|p1a: Wo-Chien|Protect\n|move|p1b: Palafin|Wave Crash|p2a: Amoonguss\n|-resisted|p2a: Amoonguss\n|-damage|p2a: Amoonguss|64\/100\n|-damage|p1b: Palafin|89\/100 brn|[from] Recoil\n|move|p2b: Arcanine|Flare Blitz|p1a: Wo-Chien\n|-activate|p1a: Wo-Chien|move: Protect\n|move|p2a: Amoonguss|Pollen Puff|p2b: Arcanine\n|-heal|p2b: Arcanine|100\/100\n|\n|-heal|p1a: Wo-Chien|36\/100|[from] item: Leftovers\n|-damage|p2b: Arcanine|88\/100|[from] Leech Seed|[of] p1a: Wo-Chien\n|-heal|p1a: Wo-Chien|48\/100|[silent]\n|-damage|p1b: Palafin|83\/100 brn|[from] brn\n|upkeep\n|turn|17\n|\n|t:|1683792288\n|move|p1a: Wo-Chien|Protect|p1a: Wo-Chien\n|-singleturn|p1a: Wo-Chien|Protect\n|move|p2a: Amoonguss|Rage Powder|p2a: Amoonguss\n|-singleturn|p2a: Amoonguss|move: Rage Powder\n|move|p1b: Palafin|Wave Crash|p2a: Amoonguss\n|-resisted|p2a: Amoonguss\n|-damage|p2a: Amoonguss|50\/100\n|-damage|p1b: Palafin|78\/100 brn|[from] Recoil\n|move|p2b: Arcanine|Flare Blitz|p1a: Wo-Chien\n|-activate|p1a: Wo-Chien|move: Protect\n|\n|-heal|p1a: Wo-Chien|55\/100|[from] item: Leftovers\n|-damage|p2b: Arcanine|76\/100|[from] Leech Seed|[of] p1a: Wo-Chien\n|-heal|p1a: Wo-Chien|67\/100|[silent]\n|-damage|p1b: Palafin|72\/100 brn|[from] brn\n|upkeep\n|turn|18\n|\n|t:|1683792306\n|move|p1b: Palafin|Wave Crash|p2a: Amoonguss\n|-resisted|p2a: Amoonguss\n|-damage|p2a: Amoonguss|36\/100\n|-damage|p1b: Palafin|67\/100 brn|[from] Recoil\n|move|p2b: Arcanine|Flare Blitz|p1a: Wo-Chien\n|-supereffective|p1a: Wo-Chien\n|-damage|p1a: Wo-Chien|14\/100\n|-status|p1a: Wo-Chien|brn\n|-damage|p2b: Arcanine|59\/100|[from] Recoil\n|move|p1a: Wo-Chien|Pollen Puff|p2a: Amoonguss\n|-damage|p2a: Amoonguss|18\/100\n|move|p2a: Amoonguss|Pollen Puff|p1a: Wo-Chien\n|-supereffective|p1a: Wo-Chien\n|-damage|p1a: Wo-Chien|0 fnt\n|faint|p1a: Wo-Chien\n|\n|-damage|p1b: Palafin|61\/100 brn|[from] brn\n|upkeep\n|turn|19\n|\n|t:|1683792326\n|switch|p2a: Flutter Mane|Flutter Mane, L50|9\/100 psn\n|move|p2b: Arcanine|Extreme Speed|p1b: Palafin\n|-damage|p1b: Palafin|41\/100 brn\n|move|p1b: Palafin|Wave Crash|p2a: Flutter Mane\n|-damage|p2a: Flutter Mane|0 fnt\n|faint|p2a: Flutter Mane\n|-end|p2a: Flutter Mane|Protosynthesis|[silent]\n|-damage|p1b: Palafin|39\/100 brn|[from] Recoil\n|\n|-damage|p1b: Palafin|33\/100 brn|[from] brn\n|upkeep\n|\n|t:|1683792331\n|switch|p2a: Amoonguss|Amoonguss, L50, F|52\/100\n|turn|20\n|\n|t:|1683792341\n|move|p2a: Amoonguss|Protect|p2a: Amoonguss\n|-singleturn|p2a: Amoonguss|Protect\n|move|p2b: Arcanine|Extreme Speed|p1b: Palafin\n|-damage|p1b: Palafin|12\/100 brn\n|move|p1b: Palafin|Wave Crash|p2a: Amoonguss\n|-activate|p2a: Amoonguss|move: Protect\n|\n|-damage|p1b: Palafin|6\/100 brn|[from] brn\n|upkeep\n|turn|21\n|c|\u2606jcgualde2|ggs\n|inactive|Flopperwilly has 30 seconds left.\n|\n|t:|1683792351\n|move|p2b: Arcanine|Extreme Speed|p1b: Palafin\n|-damage|p1b: Palafin|0 fnt\n|faint|p1b: Palafin\n|\n|win|Flopperwilly\n|inactive|Flopperwilly has 30 seconds left this turn.\n|c|\u2606Flopperwilly|GG\n|c|\u2606jcgualde2|las mandas tu?\n|c|\u2606Flopperwilly|Okey\n|c|\u2606jcgualde2|va\n","uploadtime":1683792365,"views":20,"p1id":"jcgualde2","p2id":"flopperwilly","formatid":"gen9vgc2023regulationc","rating":0,"private":0,"password":""}