{"id":"gen9vgc2023regulationc-1848889601","p1":"blooperlink123","p2":"Nivram_Axuf","format":"[Gen 9] VGC 2023 Regulation C","log":"|j|\u2606blooperlink123\n|j|\u2606Nivram_Axuf\n|t:|1682122345\n|gametype|doubles\n|player|p1|blooperlink123|266|\n|player|p2|Nivram_Axuf|2|\n|teamsize|p1|6\n|teamsize|p2|6\n|gen|9\n|tier|[Gen 9] VGC 2023 Regulation C\n|rule|Species Clause: Limit one of each Pok\u00e9mon\n|rule|Item Clause: Limit one of each item\n|clearpoke\n|poke|p1|Ceruledge, L50, M|\n|poke|p1|Iron Valiant, L50|\n|poke|p1|Ting-Lu, L50|\n|poke|p1|Iron Bundle, L50|\n|poke|p1|Flutter Mane, L50|\n|poke|p1|Amoonguss, L50, F|\n|poke|p2|Pelipper, L50, F|\n|poke|p2|Drednaw, L50, M|\n|poke|p2|Breloom, L50, M|\n|poke|p2|Iron Bundle, L50|\n|poke|p2|Indeedee-F, L50, F|\n|poke|p2|Grimmsnarl, L50, M|\n|teampreview|4\nblooperlink123 has agreed to open team sheets.\nNivram_Axuf has agreed to open team sheets.\n|\n|t:|1682122531\n|start\n|switch|p1a: Club Penguin|Iron Bundle, L50, shiny|100\/100\n|switch|p1b: Amidst Us|Amoonguss, L50, F, shiny|100\/100\n|switch|p2a: Pthisis|Breloom, L50, M|100\/100\n|switch|p2b: Hades|Grimmsnarl, L50, M|100\/100\n|-enditem|p1a: Club Penguin|Booster Energy\n|-activate|p1a: Club Penguin|ability: Quark Drive|[fromitem]\n|-start|p1a: Club Penguin|quarkdrivespe\n|turn|1\n|\n|t:|1682122561\n|-end|p1a: Club Penguin|Quark Drive|[silent]\n|switch|p1a: Alpha Misdreavus|Flutter Mane, L50|100\/100\n|move|p2b: Hades|Fake Out|p1b: Amidst Us\n|-damage|p1b: Amidst Us|91\/100\n|-damage|p2b: Hades|84\/100|[from] item: Rocky Helmet|[of] p1b: Amidst Us\n|move|p2a: Pthisis|Spore|p1a: Alpha Misdreavus\n|-status|p1a: Alpha Misdreavus|slp|[from] move: Spore\n|cant|p1b: Amidst Us|flinch\n|\n|upkeep\n|turn|2\n|\n|t:|1682122633\n|switch|p2a: Hera|Pelipper, L50, F|100\/100\n|-weather|RainDance|[from] ability: Drizzle|[of] p2a: Hera\n|move|p2b: Hades|Light Screen|p2b: Hades\n|-sidestart|p2: Nivram_Axuf|move: Light Screen\n|cant|p1a: Alpha Misdreavus|slp\n|move|p1b: Amidst Us|Spore|p2b: Hades\n|-status|p2b: Hades|slp|[from] move: Spore\n|\n|-weather|RainDance|[upkeep]\n|upkeep\n|turn|3\n|\n|t:|1682122667\n|switch|p2b: Pithos|Iron Bundle, L50|100\/100\n|-enditem|p2b: Pithos|Booster Energy\n|-activate|p2b: Pithos|ability: Quark Drive|[fromitem]\n|-start|p2b: Pithos|quarkdrivespe\n|-curestatus|p1a: Alpha Misdreavus|slp|[msg]\n|move|p1a: Alpha Misdreavus|Dazzling Gleam|p2a: Hera|[spread] p2a,p2b\n|-damage|p2a: Hera|46\/100\n|-damage|p2b: Pithos|31\/100\n|move|p2a: Hera|Hurricane|p1b: Amidst Us\n|-supereffective|p1b: Amidst Us\n|-damage|p1b: Amidst Us|17\/100\n|move|p1b: Amidst Us|Spore|p2a: Hera\n|-status|p2a: Hera|slp|[from] move: Spore\n|\n|-weather|RainDance|[upkeep]\n|upkeep\n|turn|4\n|\n|t:|1682122711\n|switch|p1b: Dante|Iron Valiant, L50, shiny|100\/100\n|move|p2b: Pithos|Icy Wind|p1a: Alpha Misdreavus|[spread] p1a,p1b\n|-damage|p1a: Alpha Misdreavus|77\/100\n|-damage|p1b: Dante|58\/100\n|-unboost|p1a: Alpha Misdreavus|spe|1\n|-unboost|p1b: Dante|spe|1\n|cant|p2a: Hera|slp\n|move|p1a: Alpha Misdreavus|Dazzling Gleam|p2b: Pithos|[spread] p2a,p2b\n|-damage|p2a: Hera|0 fnt\n|-damage|p2b: Pithos|0 fnt\n|faint|p2a: Hera\n|faint|p2b: Pithos\n|-end|p2b: Pithos|Quark Drive|[silent]\n|\n|-weather|RainDance|[upkeep]\n|upkeep\n|\n|t:|1682122734\n|switch|p2b: Hades|Grimmsnarl, L50, M|84\/100 slp\n|switch|p2a: Pthisis|Breloom, L50, M|100\/100\n|turn|5\n|\n|t:|1682122778\n|-end|p1b: Dante|Quark Drive|[silent]\n|switch|p1b: Amidst Us|Amoonguss, L50, F, shiny|50\/100\n|cant|p2b: Hades|slp\n|move|p1a: Alpha Misdreavus|Dazzling Gleam|p2b: Hades|[spread] p2a,p2b\n|-supereffective|p2a: Pthisis\n|-supereffective|p2b: Hades\n|-enditem|p2a: Pthisis|Focus Sash\n|-damage|p2a: Pthisis|1\/100\n|-damage|p2b: Hades|24\/100 slp\n|move|p2a: Pthisis|Bullet Seed|p1a: Alpha Misdreavus\n|-damage|p1a: Alpha Misdreavus|34\/100\n|-damage|p1a: Alpha Misdreavus|0 fnt\n|faint|p1a: Alpha Misdreavus\n|-end|p1a: Alpha Misdreavus|Protosynthesis|[silent]\n|-hitcount|p1: Alpha Misdreavus|2\n|\n|-weather|RainDance|[upkeep]\n|upkeep\n|\n|t:|1682122792\n|switch|p1a: Club Penguin|Iron Bundle, L50, shiny|100\/100\n|turn|6\n|\n|t:|1682122819\n|-terastallize|p2a: Pthisis|Fighting\n|move|p2a: Pthisis|Mach Punch|p1a: Club Penguin\n|-supereffective|p1a: Club Penguin\n|-damage|p1a: Club Penguin|0 fnt\n|faint|p1a: Club Penguin\n|-end|p1a: Club Penguin|Quark Drive|[silent]\n|cant|p2b: Hades|slp\n|move|p1b: Amidst Us|Pollen Puff|p2a: Pthisis\n|-resisted|p2a: Pthisis\n|-damage|p2a: Pthisis|0 fnt\n|faint|p2a: Pthisis\n|\n|-weather|none\n|-sideend|p2: Nivram_Axuf|move: Light Screen\n|upkeep\n|\n|t:|1682122824\n|switch|p1a: Dante|Iron Valiant, L50, shiny|58\/100\n|turn|7\n|\n|t:|1682122844\n|move|p1a: Dante|Moonblast|p2b: Hades\n|-supereffective|p2b: Hades\n|-damage|p2b: Hades|0 fnt\n|faint|p2b: Hades\n|-damage|p1a: Dante|49\/100|[from] item: Life Orb\n|\n|win|blooperlink123\n|l|\u2606Nivram_Axuf\n|j|\u2606Nivram_Axuf\n|player|p2|Nivram_Axuf|2\n|l|\u2606Nivram_Axuf\n|player|p2|\n","uploadtime":1682122862,"views":5,"p1id":"blooperlink123","p2id":"nivramaxuf","formatid":"gen9vgc2023regulationc","rating":0,"private":0,"password":""}