{"id":"gen9vgc2023regulationc-1852535447","p1":"UUMoha","p2":"ILoveFurryOvO","format":"[Gen 9] VGC 2023 Regulation C","log":"|j|\u2606UUMoha\n|j|\u2606ILoveFurryOvO\n|t:|1682571617\n|gametype|doubles\n|player|p1|UUMoha|iris-gen5bw2|\n|player|p2|ILoveFurryOvO|dawn-gen4pt|\n|teamsize|p1|6\n|teamsize|p2|6\n|gen|9\n|tier|[Gen 9] VGC 2023 Regulation C\n|rated|Tournament battle\n|rule|Species Clause: Limit one of each Pok\u00e9mon\n|rule|Item Clause: Limit one of each item\n|clearpoke\n|poke|p1|Amoonguss, L50, F|\n|poke|p1|Azumarill, L50, F|\n|poke|p1|Hatterene, L50, F|\n|poke|p1|Ting-Lu, L50|\n|poke|p1|Farigiraf, L50, F|\n|poke|p1|Arcanine, L50, M|\n|poke|p2|Chi-Yu, L50|\n|poke|p2|Flutter Mane, L50|\n|poke|p2|Roaring Moon, L50|\n|poke|p2|Corviknight, L50, M|\n|poke|p2|Klefki, L50, F|\n|poke|p2|Garchomp, L50, M|\n|teampreview|4\n|raw| Open Team Sheet for UUMoha<\/summary>Amoonguss @ Sitrus Berry Ability: Regenerator Level: 50 Tera Type: Water - Pollen Puff - Spore - Rage Powder - Clear Smog Azumarill @ Choice Band Ability: Huge Power Level: 50 Shiny: Yes Tera Type: Water - Play Rough - Aqua Jet - Liquidation - Superpower Hatterene (F) @ Life Orb Ability: Magic Bounce Level: 50 Shiny: Yes Tera Type: Fairy - Protect - Psychic - Mystical Fire - Dazzling Gleam Ting-Lu @ Assault Vest Ability: Vessel of Ruin Level: 50 Tera Type: Grass - Stomping Tantrum - Rock Slide - Heavy Slam - Ruination Farigiraf @ Mental Herb Ability: Armor Tail Level: 50 Tera Type: Dark - Protect - Psychic - Trick Room - Helping Hand Arcanine @ Safety Goggles Ability: Intimidate Level: 50 Tera Type: Water - Flare Blitz - Roar - Will-O-Wisp - Extreme Speed <\/details><\/div> Open Team Sheet for ILoveFurryOvO<\/summary>Chi-Yu @ Life Orb Ability: Beads of Ruin Level: 50 Tera Type: Grass - Flamethrower - Dark Pulse - Tera Blast - Protect Flutter Mane @ Focus Sash Ability: Protosynthesis Level: 50 Tera Type: Fairy - Moonblast - Shadow Ball - Dazzling Gleam - Protect Roaring Moon @ Booster Energy Ability: Protosynthesis Level: 50 Tera Type: Flying - Acrobatics - Throat Chop - Tailwind - Protect Corviknight @ Sitrus Berry Ability: Mirror Armor Level: 50 Tera Type: Fire - Brave Bird - Body Press - Bulk Up - Roost Klefki (F) @ Light Clay Ability: Prankster Level: 50 Tera Type: Water - Dazzling Gleam - Reflect - Light Screen - Thunder Wave Garchomp @ Choice Scarf Ability: Rough Skin Level: 50 Tera Type: Ground - Earthquake - Dragon Claw - Rock Slide - Stomping Tantrum <\/details><\/div>\n|j|%Borghi\n|inactive|Battle timer is ON: inactive players will automatically lose when time's up. (requested by UUMoha)\n|inactive|ILoveFurryOvO has 60 seconds left.\n|\n|t:|1682571687\n|start\n|switch|p1a: Arcanine|Arcanine, L50, M|100\/100\n|switch|p1b: Farigiraf|Farigiraf, L50, F|100\/100\n|switch|p2a: Corviknight|Corviknight, L50, M|100\/100\n|switch|p2b: Klefki|Klefki, L50, F|100\/100\n|-ability|p1a: Arcanine|Intimidate|boost\n|-ability|p2a: Corviknight|Mirror Armor\n|-unboost|p1a: Arcanine|atk|1\n|-unboost|p2b: Klefki|atk|1\n|turn|1\n|j| WeirdPolyCouple\n|inactive|UUMoha has 30 seconds left.\n|\n|t:|1682571715\n|move|p1b: Farigiraf|Helping Hand|p1a: Arcanine\n|-singleturn|p1a: Arcanine|Helping Hand|[of] p1b: Farigiraf\n|move|p2b: Klefki|Thunder Wave|p2a: Corviknight\n|-status|p2a: Corviknight|par\n|move|p1a: Arcanine|Flare Blitz|p2b: Klefki\n|-supereffective|p2b: Klefki\n|-damage|p2b: Klefki|4\/100\n|-damage|p1a: Arcanine|74\/100|[from] Recoil\n|move|p2a: Corviknight|Bulk Up|p2a: Corviknight\n|-boost|p2a: Corviknight|atk|1\n|-boost|p2a: Corviknight|def|1\n|\n|upkeep\n|turn|2\n|j| SSSWSWQQW\n|\n|t:|1682571735\n|move|p1a: Arcanine|Extreme Speed|p2b: Klefki\n|-resisted|p2b: Klefki\n|-damage|p2b: Klefki|0 fnt\n|faint|p2b: Klefki\n|move|p2a: Corviknight|Bulk Up|p2a: Corviknight\n|-boost|p2a: Corviknight|atk|1\n|-boost|p2a: Corviknight|def|1\n|move|p1b: Farigiraf|Trick Room|p1b: Farigiraf\n|-fieldstart|move: Trick Room|[of] p1b: Farigiraf\n|\n|upkeep\n|\n|t:|1682571741\n|switch|p2b: Chi-Yu|Chi-Yu, L50|100\/100\n|-ability|p2b: Chi-Yu|Beads of Ruin\n|turn|3\n|\n|t:|1682571751\n|move|p1b: Farigiraf|Protect|p1b: Farigiraf\n|-singleturn|p1b: Farigiraf|Protect\n|move|p2a: Corviknight|Body Press|p1a: Arcanine\n|-damage|p1a: Arcanine|36\/100\n|move|p2b: Chi-Yu|Dark Pulse|p1b: Farigiraf\n|-activate|p1b: Farigiraf|move: Protect\n|move|p1a: Arcanine|Roar|p2a: Corviknight\n|drag|p2a: Flutter Mane|Flutter Mane, L50|100\/100\n|\n|upkeep\n|turn|4\n|inactive|ILoveFurryOvO has 30 seconds left.\n|\n|t:|1682571781\n|move|p1b: Farigiraf|Helping Hand|p1a: Arcanine\n|-singleturn|p1a: Arcanine|Helping Hand|[of] p1b: Farigiraf\n|move|p1a: Arcanine|Extreme Speed|p2b: Chi-Yu\n|-damage|p2b: Chi-Yu|72\/100\n|move|p2b: Chi-Yu|Dark Pulse|p1a: Arcanine\n|-damage|p1a: Arcanine|0 fnt\n|faint|p1a: Arcanine\n|-damage|p2b: Chi-Yu|62\/100|[from] item: Life Orb\n|move|p2a: Flutter Mane|Moonblast|p1b: Farigiraf\n|-damage|p1b: Farigiraf|53\/100\n|-unboost|p1b: Farigiraf|spa|1\n|\n|upkeep\n|\n|t:|1682571790\n|switch|p1a: Hatterene|Hatterene, L50, F, shiny|100\/100\n|turn|5\n|\n|t:|1682571803\n|-terastallize|p1a: Hatterene|Fairy\n|move|p1b: Farigiraf|Helping Hand|p1a: Hatterene\n|-singleturn|p1a: Hatterene|Helping Hand|[of] p1b: Farigiraf\n|move|p2b: Chi-Yu|Protect|p2b: Chi-Yu\n|-singleturn|p2b: Chi-Yu|Protect\n|move|p2a: Flutter Mane|Protect|p2a: Flutter Mane\n|-singleturn|p2a: Flutter Mane|Protect\n|move|p1a: Hatterene|Dazzling Gleam|p2a: Flutter Mane|[spread] \n|-activate|p2a: Flutter Mane|move: Protect\n|-activate|p2b: Chi-Yu|move: Protect\n|\n|upkeep\n|turn|6\n|inactive|UUMoha has 30 seconds left.\n|inactive|ILoveFurryOvO has 30 seconds left.\n|\n|t:|1682571837\n|move|p1b: Farigiraf|Helping Hand|p1a: Hatterene\n|-singleturn|p1a: Hatterene|Helping Hand|[of] p1b: Farigiraf\n|move|p1a: Hatterene|Dazzling Gleam|p2a: Flutter Mane|[spread] p2a,p2b\n|-enditem|p2a: Flutter Mane|Focus Sash\n|-damage|p2a: Flutter Mane|1\/100\n|-damage|p2b: Chi-Yu|0 fnt\n|faint|p2b: Chi-Yu\n|-damage|p1a: Hatterene|91\/100|[from] item: Life Orb\n|move|p2a: Flutter Mane|Moonblast|p1a: Hatterene\n|-damage|p1a: Hatterene|32\/100\n|-unboost|p1a: Hatterene|spa|1\n|\n|-fieldend|move: Trick Room\n|upkeep\n|\n|t:|1682571844\n|switch|p2b: Corviknight|Corviknight, L50, M|100\/100 par\n|turn|7\n|\n|t:|1682571858\n|move|p1a: Hatterene|Protect|p1a: Hatterene\n|-singleturn|p1a: Hatterene|Protect\n|move|p2a: Flutter Mane|Dazzling Gleam|p1a: Hatterene|[spread] p1b\n|-activate|p1a: Hatterene|move: Protect\n|-damage|p1b: Farigiraf|27\/100\n|cant|p2b: Corviknight|par\n|move|p1b: Farigiraf|Trick Room|p1b: Farigiraf\n|-fieldstart|move: Trick Room|[of] p1b: Farigiraf\n|\n|upkeep\n|turn|8\n|j| Adobe Acromegaly\n|l| Adobe Acromegaly\n|\n|t:|1682571880\n|move|p1b: Farigiraf|Helping Hand|p1a: Hatterene\n|-singleturn|p1a: Hatterene|Helping Hand|[of] p1b: Farigiraf\n|move|p2a: Flutter Mane|Protect|p2a: Flutter Mane\n|-singleturn|p2a: Flutter Mane|Protect\n|move|p1a: Hatterene|Mystical Fire|p2b: Corviknight\n|-supereffective|p2b: Corviknight\n|-damage|p2b: Corviknight|29\/100 par\n|-ability|p2b: Corviknight|Mirror Armor\n|-unboost|p1a: Hatterene|spa|1\n|-enditem|p2b: Corviknight|Sitrus Berry|[eat]\n|-heal|p2b: Corviknight|54\/100 par|[from] item: Sitrus Berry\n|-damage|p1a: Hatterene|22\/100|[from] item: Life Orb\n|cant|p2b: Corviknight|par\n|\n|upkeep\n|turn|9\n|inactive|ILoveFurryOvO has 30 seconds left.\n|inactive|ILoveFurryOvO has 20 seconds left.\n|c|\u2606ILoveFurryOvO|Gg\n|inactive|ILoveFurryOvO has 15 seconds left.\n|\n|t:|1682571922\n|-terastallize|p2b: Corviknight|Fire\n|move|p1a: Hatterene|Mystical Fire|p2b: Corviknight\n|-resisted|p2b: Corviknight\n|-damage|p2b: Corviknight|44\/100 par\n|-ability|p2b: Corviknight|Mirror Armor\n|-unboost|p1a: Hatterene|spa|1\n|-damage|p1a: Hatterene|13\/100|[from] item: Life Orb\n|move|p2b: Corviknight|Brave Bird|p1a: Hatterene\n|-damage|p1a: Hatterene|0 fnt\n|faint|p1a: Hatterene\n|-damage|p2b: Corviknight|40\/100 par|[from] Recoil\n|move|p1b: Farigiraf|Psychic|p2a: Flutter Mane\n|-damage|p2a: Flutter Mane|0 fnt\n|faint|p2a: Flutter Mane\n|-end|p2a: Flutter Mane|Protosynthesis|[silent]\n|\n|upkeep\n|\n|t:|1682571926\n|switch|p1a: Azumarill|Azumarill, L50, F, shiny|100\/100\n|turn|10\n|c|\u2606UUMoha|gg\n|\n|t:|1682571943\n|move|p1b: Farigiraf|Helping Hand|p1a: Azumarill\n|-singleturn|p1a: Azumarill|Helping Hand|[of] p1b: Farigiraf\n|move|p1a: Azumarill|Liquidation|p2b: Corviknight\n|-supereffective|p2b: Corviknight\n|-damage|p2b: Corviknight|0 fnt\n|faint|p2b: Corviknight\n|\n|win|UUMoha\n|n|\u2606UUMoha|uumoha\n|n|\u2606ILoveFurryOvO|ilovefurryovo\n|n| Borghi|borghi\n|n| WeirdPolyCouple|weirdpolycouple\n|n| SSSWSWQQW|ssswswqqw\n","uploadtime":1682571944,"views":7,"p1id":"uumoha","p2id":"ilovefurryovo","formatid":"gen9vgc2023regulationc","rating":0,"private":0,"password":""}