{"id":"gen9vgc2023regulationc-1855602568","p1":"XJ09","p2":"ImActuallyAzz","format":"[Gen 9] VGC 2023 Regulation C","log":"|j|\u2606XJ09\n|j|\u203dImActuallyAzz\n|t:|1682965657\n|gametype|doubles\n|player|p1|XJ09|cynthia|1270\n|player|p2|ImActuallyAzz|2|1319\n|teamsize|p1|6\n|teamsize|p2|6\n|gen|9\n|tier|[Gen 9] VGC 2023 Regulation C\n|rated|\n|rule|Species Clause: Limit one of each Pok\u00e9mon\n|rule|Item Clause: Limit one of each item\n|clearpoke\n|poke|p1|Roaring Moon, L50|\n|poke|p1|Garganacl, L50, F|\n|poke|p1|Ting-Lu, L50|\n|poke|p1|Gyarados, L50, M|\n|poke|p1|Annihilape, L50, F|\n|poke|p1|Grimmsnarl, L50, M|\n|poke|p2|Arcanine, L50, F|\n|poke|p2|Flutter Mane, L50|\n|poke|p2|Amoonguss, L50, F|\n|poke|p2|Scizor, L50, M|\n|poke|p2|Baxcalibur, L50, M|\n|poke|p2|Palafin, L50, F|\n|teampreview|4\n|\n|t:|1682965690\n|start\n|switch|p1a: Ting-Lu|Ting-Lu, L50|100\/100\n|switch|p1b: Gyarados|Gyarados, L50, M|100\/100\n|switch|p2a: Scizor|Scizor, L50, M|100\/100\n|switch|p2b: Palafin|Palafin, L50, F|100\/100\n|-ability|p1b: Gyarados|Intimidate|boost\n|-unboost|p2a: Scizor|atk|1\n|-unboost|p2b: Palafin|atk|1\n|-ability|p1a: Ting-Lu|Vessel of Ruin\n|turn|1\n|\n|t:|1682965721\n|switch|p1b: Annihilape|Annihilape, L50, F|100\/100\n|detailschange|p2b: Palafin|Palafin-Hero, L50, F\n|switch|p2b: Arcanine|Arcanine, L50, F|100\/100\n|-ability|p2b: Arcanine|Intimidate|boost\n|-unboost|p1a: Ting-Lu|atk|1\n|-unboost|p1b: Annihilape|atk|1\n|-ability|p1b: Annihilape|Defiant|boost\n|-boost|p1b: Annihilape|atk|2\n|-terastallize|p1a: Ting-Lu|Grass\n|move|p2a: Scizor|U-turn|p1a: Ting-Lu\n|-supereffective|p1a: Ting-Lu\n|-damage|p1a: Ting-Lu|65\/100\n|\n|t:|1682965735\n|switch|p2a: Amoonguss|Amoonguss, L50, F|100\/100|[from] U-turn\n|move|p1a: Ting-Lu|Fissure|p2a: Amoonguss\n|-damage|p2a: Amoonguss|0 fnt\n|faint|p2a: Amoonguss\n|-ohko\n|\n|upkeep\n|\n|t:|1682965745\n|switch|p2a: Scizor|Scizor, L50, M|100\/100\n|turn|2\n|\n|t:|1682965756\n|switch|p1a: Gyarados|Gyarados, L50, M|100\/100\n|-ability|p1a: Gyarados|Intimidate|boost\n|-unboost|p2a: Scizor|atk|1\n|-unboost|p2b: Arcanine|atk|1\n|-terastallize|p2a: Scizor|Flying\n|move|p1b: Annihilape|Protect|p1b: Annihilape\n|-singleturn|p1b: Annihilape|Protect\n|move|p2b: Arcanine|Will-O-Wisp|p1b: Annihilape\n|-activate|p1b: Annihilape|move: Protect\n|move|p2a: Scizor|Aerial Ace|p1a: Gyarados\n|-damage|p1a: Gyarados|41\/100\n|\n|upkeep\n|turn|3\n|\n|t:|1682965782\n|move|p2b: Arcanine|Protect|p2b: Arcanine\n|-singleturn|p2b: Arcanine|Protect\n|move|p1a: Gyarados|Waterfall|p2b: Arcanine\n|-activate|p2b: Arcanine|move: Protect\n|move|p1b: Annihilape|Bulk Up|p1b: Annihilape\n|-boost|p1b: Annihilape|atk|1\n|-boost|p1b: Annihilape|def|1\n|move|p2a: Scizor|Aerial Ace|p1a: Gyarados\n|-damage|p1a: Gyarados|0 fnt\n|faint|p1a: Gyarados\n|\n|upkeep\n|\n|t:|1682965799\n|switch|p1a: Garganacl|Garganacl, L50, F|100\/100\n|turn|4\n|\n|t:|1682965808\n|switch|p2a: Palafin|Palafin-Hero, L50, F|100\/100\n|-activate|p2a: Palafin|ability: Zero to Hero\n|move|p1b: Annihilape|Protect|p1b: Annihilape\n|-singleturn|p1b: Annihilape|Protect\n|move|p2b: Arcanine|Will-O-Wisp|p1b: Annihilape\n|-activate|p1b: Annihilape|move: Protect\n|move|p1a: Garganacl|Salt Cure|p2a: Palafin\n|-damage|p2a: Palafin|87\/100\n|-start|p2a: Palafin|Salt Cure\n|\n|-damage|p2a: Palafin|62\/100|[from] Salt Cure\n|upkeep\n|turn|5\n|\n|t:|1682965832\n|switch|p2a: Scizor|Scizor, L50, M, tera:Flying|100\/100\n|move|p2b: Arcanine|Will-O-Wisp|p1b: Annihilape\n|-status|p1b: Annihilape|brn\n|move|p1b: Annihilape|Bulk Up|p1b: Annihilape\n|-boost|p1b: Annihilape|atk|1\n|-boost|p1b: Annihilape|def|1\n|move|p1a: Garganacl|Salt Cure|p2b: Arcanine\n|-supereffective|p2b: Arcanine\n|-crit|p2b: Arcanine\n|-damage|p2b: Arcanine|57\/100\n|-start|p2b: Arcanine|Salt Cure\n|\n|-damage|p1b: Annihilape|94\/100 brn|[from] brn\n|-damage|p2b: Arcanine|45\/100|[from] Salt Cure\n|upkeep\n|turn|6\n|\n|t:|1682965859\n|move|p2b: Arcanine|Flare Blitz|p1b: Annihilape\n|-damage|p1b: Annihilape|74\/100 brn\n|-damage|p2b: Arcanine|38\/100|[from] Recoil\n|move|p1b: Annihilape|Bulk Up|p1b: Annihilape\n|-boost|p1b: Annihilape|atk|1\n|-boost|p1b: Annihilape|def|1\n|move|p2a: Scizor|Aerial Ace|p1b: Annihilape\n|-supereffective|p1b: Annihilape\n|-damage|p1b: Annihilape|11\/100 brn\n|-enditem|p1b: Annihilape|Sitrus Berry|[eat]\n|-heal|p1b: Annihilape|36\/100 brn|[from] item: Sitrus Berry\n|move|p1a: Garganacl|Salt Cure|p2a: Scizor\n|-supereffective|p2a: Scizor\n|-damage|p2a: Scizor|70\/100\n|-start|p2a: Scizor|Salt Cure\n|\n|-damage|p1b: Annihilape|29\/100 brn|[from] brn\n|-damage|p2b: Arcanine|26\/100|[from] Salt Cure\n|-damage|p2a: Scizor|58\/100|[from] Salt Cure\n|upkeep\n|turn|7\n|inactive|Battle timer is ON: inactive players will automatically lose when time's up. (requested by ImActuallyAzz)\n|\n|t:|1682965888\n|switch|p2a: Palafin|Palafin-Hero, L50, F|62\/100\n|move|p2b: Arcanine|Flare Blitz|p1b: Annihilape\n|-damage|p1b: Annihilape|12\/100 brn\n|-damage|p2b: Arcanine|19\/100|[from] Recoil\n|move|p1b: Annihilape|Drain Punch|p2b: Arcanine\n|-damage|p2b: Arcanine|0 fnt\n|-heal|p1b: Annihilape|21\/100 brn|[from] drain|[of] p2b: Arcanine\n|faint|p2b: Arcanine\n|move|p1a: Garganacl|Salt Cure|p2a: Palafin\n|-damage|p2a: Palafin|49\/100\n|-start|p2a: Palafin|Salt Cure\n|\n|-damage|p1b: Annihilape|15\/100 brn|[from] brn\n|-damage|p2a: Palafin|24\/100|[from] Salt Cure\n|upkeep\n|\n|t:|1682965898\n|switch|p2b: Scizor|Scizor, L50, M, tera:Flying|58\/100\n|turn|8\n|\n|t:|1682965919\n|move|p1b: Annihilape|Protect|p1b: Annihilape\n|-singleturn|p1b: Annihilape|Protect\n|move|p1a: Garganacl|Protect|p1a: Garganacl\n|-singleturn|p1a: Garganacl|Protect\n|move|p2a: Palafin|Wave Crash|p1a: Garganacl\n|-activate|p1a: Garganacl|move: Protect\n|move|p2b: Scizor|Aerial Ace|p1b: Annihilape\n|-activate|p1b: Annihilape|move: Protect\n|\n|-damage|p1b: Annihilape|9\/100 brn|[from] brn\n|-damage|p2a: Palafin|0 fnt|[from] Salt Cure\n|faint|p2a: Palafin\n|upkeep\n|turn|9\n|-message|ImActuallyAzz forfeited.\n|\n|win|XJ09\n|raw|XJ09's rating: 1270 → 1299<\/strong> (+29 for winning)\n|raw|ImActuallyAzz's rating: 1319 → 1296<\/strong> (-23 for losing)\n|l|\u203dImActuallyAzz\n","uploadtime":1682965937,"views":16,"p1id":"xj09","p2id":"imactuallyazz","formatid":"gen9vgc2023regulationc","rating":1296,"private":0,"password":""}