{"id":"gen9vgc2023regulationc-1849951844","p1":"Ytterby","p2":"bergusia","format":"[Gen 9] VGC 2023 Regulation C","log":"|j|\u2606Ytterby\n|j|\u2606bergusia\n|t:|1682271549\n|gametype|doubles\n|player|p1|Ytterby|brycenman|1171\n|player|p2|bergusia|265|1149\n|teamsize|p1|6\n|teamsize|p2|6\n|gen|9\n|tier|[Gen 9] VGC 2023 Regulation C\n|rated|\n|rule|Species Clause: Limit one of each Pok\u00e9mon\n|rule|Item Clause: Limit one of each item\n|clearpoke\n|poke|p1|Sandy Shocks, L50|\n|poke|p1|Maushold-Four, L50|\n|poke|p1|Stonjourner, L50, M|\n|poke|p1|Indeedee-F, L50, F|\n|poke|p1|Grafaiai, L50, M|\n|poke|p1|Iron Bundle, L50|\n|poke|p2|Iron Hands, L50|\n|poke|p2|Amoonguss, L50, M|\n|poke|p2|Dragapult, L50, F|\n|poke|p2|Iron Bundle, L50|\n|poke|p2|Ting-Lu, L50|\n|poke|p2|Arcanine, L50, F|\n|teampreview|4\n|inactive|Battle timer is ON: inactive players will automatically lose when time's up. (requested by bergusia)\n|\n|t:|1682271605\n|start\n|switch|p1a: Grafaiai|Grafaiai, L50, M|100\/100\n|switch|p1b: Iron Bundle|Iron Bundle, L50|100\/100\n|switch|p2a: Iron Hands|Iron Hands, L50|100\/100\n|switch|p2b: Dragapult|Dragapult, L50, F|100\/100\n|turn|1\n|\n|t:|1682271629\n|move|p1a: Grafaiai|Switcheroo|p2b: Dragapult\n|-activate|p1a: Grafaiai|move: Trick|[of] p2b: Dragapult\n|-item|p2b: Dragapult|Ring Target|[from] move: Switcheroo\n|-item|p1a: Grafaiai|Choice Band|[from] move: Switcheroo\n|move|p2b: Dragapult|U-turn|p1b: Iron Bundle\n|-damage|p1b: Iron Bundle|72\/100\n|c|\u2606Ytterby|enjoy your ring target\n|c|\u2606Ytterby|MUHAHAHAHAHAHA\n|inactive|bergusia has 30 seconds left.\n|\n|t:|1682271658\n|switch|p2b: Ting-Lu|Ting-Lu, L50|100\/100|[from] U-turn\n|-ability|p2b: Ting-Lu|Vessel of Ruin\n|move|p1b: Iron Bundle|Icy Wind|p2a: Iron Hands|[spread] p2a,p2b\n|-supereffective|p2b: Ting-Lu\n|-damage|p2a: Iron Hands|89\/100\n|-damage|p2b: Ting-Lu|81\/100\n|-unboost|p2a: Iron Hands|spe|1\n|-unboost|p2b: Ting-Lu|spe|1\n|move|p2a: Iron Hands|Belly Drum|p2a: Iron Hands\n|-damage|p2a: Iron Hands|39\/100\n|-setboost|p2a: Iron Hands|atk|6|[from] move: Belly Drum\n|-enditem|p2a: Iron Hands|Sitrus Berry|[eat]\n|-heal|p2a: Iron Hands|64\/100|[from] item: Sitrus Berry\n|\n|-heal|p2b: Ting-Lu|87\/100|[from] item: Leftovers\n|upkeep\n|turn|2\n|inactive|Ytterby has 30 seconds left.\n|inactive|bergusia has 30 seconds left.\n|inactive|bergusia has 20 seconds left.\n|inactive|bergusia has 15 seconds left.\n|inactive|bergusia has 10 seconds left.\n|\n|t:|1682271707\n|-terastallize|p1b: Iron Bundle|Ice\n|move|p1a: Grafaiai|Metronome|p1a: Grafaiai\n|move|p1a: Grafaiai|Poison Fang|p2a: Iron Hands|[from]move: Metronome\n|-damage|p2a: Iron Hands|49\/100\n|-status|p2a: Iron Hands|tox\n|move|p1b: Iron Bundle|Blizzard|p2a: Iron Hands|[spread] p2a,p2b\n|-supereffective|p2b: Ting-Lu\n|-damage|p2a: Iron Hands|17\/100 tox\n|-damage|p2b: Ting-Lu|32\/100\n|move|p2a: Iron Hands|Drain Punch|p1b: Iron Bundle\n|-supereffective|p1b: Iron Bundle\n|-damage|p1b: Iron Bundle|0 fnt\n|-heal|p2a: Iron Hands|38\/100 tox|[from] drain|[of] p1b: Iron Bundle\n|faint|p1b: Iron Bundle\n|-end|p1b: Iron Bundle|Quark Drive|[silent]\n|move|p2b: Ting-Lu|Stomping Tantrum|p1a: Grafaiai\n|-supereffective|p1a: Grafaiai\n|-damage|p1a: Grafaiai|18\/100\n|\n|-heal|p2b: Ting-Lu|38\/100|[from] item: Leftovers\n|-damage|p2a: Iron Hands|32\/100 tox|[from] psn\n|upkeep\n|inactive|Ytterby has 30 seconds left.\n|\n|t:|1682271734\n|switch|p1b: Maushold|Maushold-Four, L50|100\/100\n|turn|3\n|\n|t:|1682271740\n|move|p1b: Maushold|Protect|p1b: Maushold\n|-singleturn|p1b: Maushold|Protect\n|move|p1a: Grafaiai|Metronome|p1a: Grafaiai\n|move|p1a: Grafaiai|Strength Sap|p2b: Ting-Lu|[from]move: Metronome\n|-hint|Since gen 7, Dark is immune to Prankster moves.\n|-immune|p2b: Ting-Lu\n|move|p2a: Iron Hands|Drain Punch|p1b: Maushold\n|-activate|p1b: Maushold|move: Protect\n|move|p2b: Ting-Lu|Stomping Tantrum|p1a: Grafaiai\n|-supereffective|p1a: Grafaiai\n|-damage|p1a: Grafaiai|0 fnt\n|faint|p1a: Grafaiai\n|\n|-heal|p2b: Ting-Lu|44\/100|[from] item: Leftovers\n|-damage|p2a: Iron Hands|20\/100 tox|[from] psn\n|upkeep\n|\n|t:|1682271751\n|switch|p1a: Sandy Shocks|Sandy Shocks, L50|100\/100\n|-enditem|p1a: Sandy Shocks|Booster Energy\n|-activate|p1a: Sandy Shocks|ability: Protosynthesis|[fromitem]\n|-start|p1a: Sandy Shocks|protosynthesisspe\n|turn|4\n|\n|t:|1682271775\n|-end|p2a: Iron Hands|Quark Drive|[silent]\n|switch|p2a: Iron Bundle|Iron Bundle, L50|100\/100\n|move|p1a: Sandy Shocks|Gravity|p1a: Sandy Shocks\n|-fieldstart|move: Gravity\n|move|p1b: Maushold|Population Bomb|p2a: Iron Bundle\n|-damage|p2a: Iron Bundle|89\/100\n|-damage|p2a: Iron Bundle|80\/100\n|-damage|p2a: Iron Bundle|68\/100\n|-damage|p2a: Iron Bundle|57\/100\n|-crit|p2a: Iron Bundle\n|-damage|p2a: Iron Bundle|40\/100\n|-damage|p2a: Iron Bundle|29\/100\n|-damage|p2a: Iron Bundle|17\/100\n|-damage|p2a: Iron Bundle|6\/100\n|-damage|p2a: Iron Bundle|0 fnt\n|faint|p2a: Iron Bundle\n|-end|p2a: Iron Bundle|Quark Drive|[silent]\n|-hitcount|p2: Iron Bundle|9\n|move|p2b: Ting-Lu|Stomping Tantrum|p1a: Sandy Shocks\n|-supereffective|p1a: Sandy Shocks\n|-damage|p1a: Sandy Shocks|40\/100\n|\n|-heal|p2b: Ting-Lu|50\/100|[from] item: Leftovers\n|upkeep\n|\n|t:|1682271794\n|switch|p2a: Iron Hands|Iron Hands, L50|20\/100 tox\n|turn|5\n|\n|t:|1682271813\n|move|p2a: Iron Hands|Fake Out|p1b: Maushold\n|-damage|p1b: Maushold|81\/100\n|move|p1a: Sandy Shocks|Earth Power|p2a: Iron Hands\n|-supereffective|p2a: Iron Hands\n|-damage|p2a: Iron Hands|0 fnt\n|faint|p2a: Iron Hands\n|-end|p2a: Iron Hands|Quark Drive|[silent]\n|cant|p1b: Maushold|flinch\n|move|p2b: Ting-Lu|Stomping Tantrum|p1a: Sandy Shocks\n|-supereffective|p1a: Sandy Shocks\n|-damage|p1a: Sandy Shocks|0 fnt\n|faint|p1a: Sandy Shocks\n|-end|p1a: Sandy Shocks|Protosynthesis|[silent]\n|\n|-heal|p2b: Ting-Lu|56\/100|[from] item: Leftovers\n|upkeep\n|\n|t:|1682271830\n|switch|p2a: Dragapult|Dragapult, L50, F|100\/100\n|turn|6\n|\n|t:|1682271853\n|move|p2a: Dragapult|Dragon Darts|p1b: Maushold\n|-damage|p1b: Maushold|44\/100\n|-anim|p2a: Dragapult|Dragon Darts|p1b: Maushold\n|-damage|p1b: Maushold|6\/100\n|move|p1b: Maushold|Tidy Up|p1b: Maushold\n|-boost|p1b: Maushold|atk|1\n|-boost|p1b: Maushold|spe|1\n|move|p2b: Ting-Lu|Ruination|p1b: Maushold\n|-damage|p1b: Maushold|3\/100\n|\n|-heal|p2b: Ting-Lu|62\/100|[from] item: Leftovers\n|upkeep\n|turn|7\n|\n|t:|1682271867\n|move|p1b: Maushold|Protect|p1b: Maushold\n|-singleturn|p1b: Maushold|Protect\n|move|p2a: Dragapult|Dragon Darts|p1b: Maushold\n|-activate|p1b: Maushold|move: Protect\n|move|p2b: Ting-Lu|Heavy Slam|p1b: Maushold\n|-activate|p1b: Maushold|move: Protect\n|\n|-heal|p2b: Ting-Lu|68\/100|[from] item: Leftovers\n|upkeep\n|turn|8\n|\n|t:|1682271874\n|move|p1b: Maushold|Population Bomb|p2a: Dragapult\n|-damage|p2a: Dragapult|76\/100\n|-damage|p2a: Dragapult|54\/100\n|-damage|p2a: Dragapult|32\/100\n|-damage|p2a: Dragapult|8\/100\n|-damage|p2a: Dragapult|0 fnt\n|faint|p2a: Dragapult\n|-hitcount|p2: Dragapult|5\n|move|p2b: Ting-Lu|Heavy Slam|p1b: Maushold\n|-damage|p1b: Maushold|0 fnt\n|faint|p1b: Maushold\n|\n|win|bergusia\n|raw|Ytterby's rating: 1171 → 1144<\/strong> (-27 for losing)\n|raw|bergusia's rating: 1149 → 1176<\/strong> (+27 for winning)\n|c|\u2606Ytterby|yeeeeeeeeee\n|c|\u2606bergusia|lmao\n|c|\u2606Ytterby|EHEHEHEHEHEHEHE\n|c|\u2606bergusia|I didn't know what a ring target did lol\n|l|\u2606bergusia\n|c|\u2606Ytterby|can't blame ya lol\n","uploadtime":1682271930,"views":12,"p1id":"ytterby","p2id":"bergusia","formatid":"gen9vgc2023regulationc","rating":1144,"private":0,"password":""}