{"id":"gen9vgc2023regulationc-1858338460","p1":"moe 3000","p2":"I'm Snxwblind","format":"[Gen 9] VGC 2023 Regulation C","log":"|j|\u2606moe 3000\n|j|\u2606I'm Snxwblind\n|t:|1683303311\n|gametype|doubles\n|player|p1|moe 3000|lady|1031\n|player|p2|I'm Snxwblind|lorelei-lgpe|1000\n|teamsize|p1|6\n|teamsize|p2|6\n|gen|9\n|tier|[Gen 9] VGC 2023 Regulation C\n|rated|\n|rule|Species Clause: Limit one of each Pok\u00e9mon\n|rule|Item Clause: Limit one of each item\n|clearpoke\n|poke|p1|Hippowdon, L50, M|\n|poke|p1|Garganacl, L50, F|\n|poke|p1|Ceruledge, L50, M|\n|poke|p1|Wo-Chien, L50|\n|poke|p1|Gastrodon, L50, M|\n|poke|p1|Maushold-Four, L50|\n|poke|p2|Ceruledge, L50, M|\n|poke|p2|Corviknight, L50, M|\n|poke|p2|Arcanine, L50, M|\n|poke|p2|Amoonguss, L50, M|\n|poke|p2|Flutter Mane, L50|\n|poke|p2|Iron Bundle, L50|\n|teampreview|4\n|inactive|Battle timer is ON: inactive players will automatically lose when time's up. (requested by I'm Snxwblind)\n|\n|t:|1683303351\n|start\n|switch|p1a: Maushold|Maushold-Four, L50|100\/100\n|switch|p1b: Garganacl|Garganacl, L50, F|100\/100\n|switch|p2a: Flutter Mane|Flutter Mane, L50|100\/100\n|switch|p2b: Iron Bundle|Iron Bundle, L50|100\/100\n|-enditem|p2b: Iron Bundle|Booster Energy\n|-activate|p2b: Iron Bundle|ability: Quark Drive|[fromitem]\n|-start|p2b: Iron Bundle|quarkdrivespe\n|turn|1\n|\n|t:|1683303375\n|-terastallize|p1b: Garganacl|Ghost\n|move|p2b: Iron Bundle|Icy Wind|p1b: Garganacl|[spread] p1a,p1b\n|-damage|p1a: Maushold|76\/100\n|-damage|p1b: Garganacl|90\/100\n|-unboost|p1a: Maushold|spe|1\n|-unboost|p1b: Garganacl|spe|1\n|move|p2a: Flutter Mane|Dazzling Gleam|p1a: Maushold|[spread] p1a,p1b\n|-damage|p1a: Maushold|31\/100\n|-damage|p1b: Garganacl|67\/100\n|move|p1a: Maushold|Thunder Wave|p2a: Flutter Mane\n|-status|p2a: Flutter Mane|par\n|move|p1b: Garganacl|Salt Cure|p2b: Iron Bundle\n|-supereffective|p2b: Iron Bundle\n|-damage|p2b: Iron Bundle|69\/100\n|-start|p2b: Iron Bundle|Salt Cure\n|\n|-heal|p1b: Garganacl|73\/100|[from] item: Leftovers\n|-damage|p2b: Iron Bundle|44\/100|[from] Salt Cure\n|upkeep\n|turn|2\n|inactive|moe 3000 has 30 seconds left.\n|\n|t:|1683303400\n|move|p2b: Iron Bundle|Icy Wind|p1a: Maushold|[spread] p1a,p1b\n|-damage|p1a: Maushold|9\/100\n|-damage|p1b: Garganacl|61\/100\n|-unboost|p1a: Maushold|spe|1\n|-unboost|p1b: Garganacl|spe|1\n|move|p2a: Flutter Mane|Dazzling Gleam|p1a: Maushold|[spread] p1a,p1b\n|-damage|p1a: Maushold|0 fnt\n|-damage|p1b: Garganacl|36\/100\n|faint|p1a: Maushold\n|move|p1b: Garganacl|Salt Cure|p2a: Flutter Mane\n|-damage|p2a: Flutter Mane|78\/100 par\n|-start|p2a: Flutter Mane|Salt Cure\n|\n|-heal|p1b: Garganacl|42\/100|[from] item: Leftovers\n|-damage|p2b: Iron Bundle|19\/100|[from] Salt Cure\n|-damage|p2a: Flutter Mane|65\/100 par|[from] Salt Cure\n|upkeep\n|\n|t:|1683303415\n|switch|p1a: Ceruledge|Ceruledge, L50, M|100\/100\n|turn|3\n|\n|t:|1683303429\n|move|p2b: Iron Bundle|Hydro Pump|p1a: Ceruledge|[miss]\n|-miss|p2b: Iron Bundle|p1a: Ceruledge\n|move|p1a: Ceruledge|Phantom Force||[still]\n|-prepare|p1a: Ceruledge|Phantom Force\n|move|p2a: Flutter Mane|Dazzling Gleam|p1a: Ceruledge|[spread] p1b\n|-miss|p2a: Flutter Mane|p1a: Ceruledge\n|-damage|p1b: Garganacl|7\/100\n|move|p1b: Garganacl|Recover|p1b: Garganacl\n|-heal|p1b: Garganacl|57\/100\n|\n|-heal|p1b: Garganacl|63\/100|[from] item: Leftovers\n|-damage|p2b: Iron Bundle|0 fnt|[from] Salt Cure\n|faint|p2b: Iron Bundle\n|-end|p2b: Iron Bundle|Quark Drive|[silent]\n|-damage|p2a: Flutter Mane|53\/100 par|[from] Salt Cure\n|upkeep\n|\n|t:|1683303438\n|switch|p2b: Corviknight|Corviknight, L50, M|100\/100\n|turn|4\n|\n|t:|1683303450\n|move|p1b: Garganacl|Protect|p1b: Garganacl\n|-singleturn|p1b: Garganacl|Protect\n|move|p1a: Ceruledge|Phantom Force|p2a: Flutter Mane|[from]lockedmove\n|-supereffective|p2a: Flutter Mane\n|-damage|p2a: Flutter Mane|0 fnt\n|faint|p2a: Flutter Mane\n|-end|p2a: Flutter Mane|Protosynthesis|[silent]\n|move|p2b: Corviknight|Tailwind|p2b: Corviknight\n|-sidestart|p2: I'm Snxwblind|move: Tailwind\n|\n|-heal|p1b: Garganacl|69\/100|[from] item: Leftovers\n|upkeep\n|\n|t:|1683303452\n|switch|p2a: Ceruledge|Ceruledge, L50, M|100\/100\n|turn|5\n|\n|t:|1683303470\n|-terastallize|p2a: Ceruledge|Grass\n|move|p2a: Ceruledge|Bulk Up|p2a: Ceruledge\n|-boost|p2a: Ceruledge|atk|1\n|-boost|p2a: Ceruledge|def|1\n|move|p2b: Corviknight|Brave Bird|p1a: Ceruledge\n|-damage|p1a: Ceruledge|52\/100\n|-damage|p2b: Corviknight|86\/100|[from] Recoil\n|move|p1a: Ceruledge|Bitter Blade|p2b: Corviknight\n|-supereffective|p2b: Corviknight\n|-damage|p2b: Corviknight|10\/100\n|-heal|p1a: Ceruledge|95\/100|[from] drain|[of] p2b: Corviknight\n|move|p1b: Garganacl|Salt Cure|p2a: Ceruledge\n|-damage|p2a: Ceruledge|91\/100\n|-start|p2a: Ceruledge|Salt Cure\n|\n|-heal|p1b: Garganacl|74\/100|[from] item: Leftovers\n|-damage|p2a: Ceruledge|79\/100|[from] Salt Cure\n|upkeep\n|turn|6\n|inactive|moe 3000 has 30 seconds left.\n|inactive|I'm Snxwblind has 30 seconds left.\n|inactive|I'm Snxwblind has 20 seconds left.\n|inactive|I'm Snxwblind has 15 seconds left.\n|inactive|I'm Snxwblind has 10 seconds left.\n|inactive|I'm Snxwblind has 5 seconds left.\n|\n|t:|1683303521\n|move|p1b: Garganacl|Protect|p1b: Garganacl\n|-singleturn|p1b: Garganacl|Protect\n|move|p2a: Ceruledge|Shadow Sneak|p1a: Ceruledge\n|-supereffective|p1a: Ceruledge\n|-damage|p1a: Ceruledge|24\/100\n|move|p1a: Ceruledge|Shadow Sneak|p2b: Corviknight\n|-damage|p2b: Corviknight|0 fnt\n|faint|p2b: Corviknight\n|\n|-heal|p1b: Garganacl|80\/100|[from] item: Leftovers\n|-damage|p2a: Ceruledge|66\/100|[from] Salt Cure\n|upkeep\n|turn|7\n|\n|t:|1683303539\n|move|p2a: Ceruledge|Bitter Blade|p1b: Garganacl\n|-damage|p1b: Garganacl|40\/100\n|-heal|p2a: Ceruledge|90\/100|[from] drain|[of] p1b: Garganacl\n|move|p1a: Ceruledge|Bitter Blade|p2a: Ceruledge\n|-start|p2a: Ceruledge|ability: Flash Fire\n|move|p1b: Garganacl|Salt Cure|p2a: Ceruledge\n|-damage|p2a: Ceruledge|78\/100\n|\n|-heal|p1b: Garganacl|45\/100|[from] item: Leftovers\n|-damage|p2a: Ceruledge|66\/100|[from] Salt Cure\n|-sideend|p2: I'm Snxwblind|move: Tailwind\n|upkeep\n|turn|8\n|\n|t:|1683303560\n|move|p1b: Garganacl|Protect|p1b: Garganacl\n|-singleturn|p1b: Garganacl|Protect\n|move|p2a: Ceruledge|Bulk Up|p2a: Ceruledge\n|-boost|p2a: Ceruledge|atk|1\n|-boost|p2a: Ceruledge|def|1\n|move|p1a: Ceruledge|Poison Jab|p2a: Ceruledge\n|-supereffective|p2a: Ceruledge\n|-damage|p2a: Ceruledge|36\/100\n|\n|-heal|p1b: Garganacl|51\/100|[from] item: Leftovers\n|-damage|p2a: Ceruledge|24\/100|[from] Salt Cure\n|upkeep\n|turn|9\n|\n|t:|1683303582\n|move|p1a: Ceruledge|Shadow Sneak|p2a: Ceruledge\n|-damage|p2a: Ceruledge|11\/100\n|move|p2a: Ceruledge|Bitter Blade|p1b: Garganacl\n|-damage|p1b: Garganacl|0 fnt\n|-heal|p2a: Ceruledge|40\/100|[from] drain|[of] p1b: Garganacl\n|faint|p1b: Garganacl\n|\n|-damage|p2a: Ceruledge|28\/100|[from] Salt Cure\n|upkeep\n|\n|t:|1683303592\n|switch|p1b: Hippowdon|Hippowdon, L50, M|100\/100\n|-weather|Sandstorm|[from] ability: Sand Stream|[of] p1b: Hippowdon\n|turn|10\n|\n|t:|1683303600\n|move|p2a: Ceruledge|Bitter Blade|p1b: Hippowdon\n|-damage|p1b: Hippowdon|0 fnt\n|-heal|p2a: Ceruledge|87\/100|[from] drain|[of] p1b: Hippowdon\n|faint|p1b: Hippowdon\n|move|p1a: Ceruledge|Poison Jab|p2a: Ceruledge\n|-supereffective|p2a: Ceruledge\n|-damage|p2a: Ceruledge|58\/100\n|\n|-weather|Sandstorm|[upkeep]\n|-damage|p2a: Ceruledge|52\/100|[from] Sandstorm\n|-damage|p1a: Ceruledge|18\/100|[from] Sandstorm\n|-damage|p2a: Ceruledge|40\/100|[from] Salt Cure\n|upkeep\n|turn|11\n|\n|t:|1683303611\n|move|p2a: Ceruledge|Shadow Sneak|p1a: Ceruledge\n|-supereffective|p1a: Ceruledge\n|-damage|p1a: Ceruledge|0 fnt\n|faint|p1a: Ceruledge\n|\n|win|I'm Snxwblind\n|raw|moe 3000's rating: 1031 → 1015<\/strong> (-16 for losing)\n|raw|I'm Snxwblind's rating: 1000 → 1044<\/strong> (+44 for winning)\n|l|\u2606moe 3000\n","uploadtime":1683303628,"views":8,"p1id":"moe3000","p2id":"imsnxwblind","formatid":"gen9vgc2023regulationc","rating":1015,"private":0,"password":""}