{"id":"gen9vgc2023regulationc-1847730804","p1":"Lorge Coffee","p2":"Doomnik","format":"[Gen 9] VGC 2023 Regulation C","log":"|j|\u2606Lorge Coffee\n|j|\u2606Doomnik\n|t:|1681997024\n|gametype|doubles\n|player|p1|Lorge Coffee|shauntal|1168\n|player|p2|Doomnik|lance|1178\n|teamsize|p1|6\n|teamsize|p2|6\n|gen|9\n|tier|[Gen 9] VGC 2023 Regulation C\n|rated|\n|rule|Species Clause: Limit one of each Pok\u00e9mon\n|rule|Item Clause: Limit one of each item\n|clearpoke\n|poke|p1|Iron Bundle, L50|\n|poke|p1|Iron Treads, L50|\n|poke|p1|Iron Thorns, L50|\n|poke|p1|Amoonguss, L50, F|\n|poke|p1|Talonflame, L50, M|\n|poke|p1|Annihilape, L50, M|\n|poke|p2|Kingambit, L50, M|\n|poke|p2|Amoonguss, L50, F|\n|poke|p2|Arcanine, L50, F|\n|poke|p2|Gyarados, L50, M|\n|poke|p2|Ting-Lu, L50|\n|poke|p2|Flutter Mane, L50|\n|teampreview|4\n|inactive|Battle timer is ON: inactive players will automatically lose when time's up. (requested by Lorge Coffee)\n|inactive|Lorge Coffee has 60 seconds left.\n|inactive|Doomnik has 60 seconds left.\nDoomnik has agreed to open team sheets.\n|\n|t:|1681997083\n|start\n|switch|p1a: Talonflame|Talonflame, L50, M|100\/100\n|switch|p1b: Annihilape|Annihilape, L50, M|100\/100\n|switch|p2a: Flutter Mane|Flutter Mane, L50, shiny|100\/100\n|switch|p2b: Amoonguss|Amoonguss, L50, F, shiny|100\/100\n|turn|1\n|inactive|Lorge Coffee has 30 seconds left.\n|inactive|Doomnik has 30 seconds left.\n|inactive|Lorge Coffee has 20 seconds left.\n|\n|t:|1681997119\n|-terastallize|p1b: Annihilape|Fire\n|move|p2b: Amoonguss|Rage Powder|p2b: Amoonguss\n|-singleturn|p2b: Amoonguss|move: Rage Powder\n|move|p2a: Flutter Mane|Thunderbolt|p1a: Talonflame\n|-supereffective|p1a: Talonflame\n|-damage|p1a: Talonflame|0 fnt\n|faint|p1a: Talonflame\n|move|p1b: Annihilape|Rage Fist|p2b: Amoonguss\n|-damage|p2b: Amoonguss|77\/100\n|\n|upkeep\n|\n|t:|1681997133\n|switch|p1a: Iron Bundle|Iron Bundle, L50|100\/100\n|turn|2\n|\n|t:|1681997143\n|move|p2b: Amoonguss|Rage Powder|p2b: Amoonguss\n|-singleturn|p2b: Amoonguss|move: Rage Powder\n|move|p1a: Iron Bundle|Electric Terrain|p1a: Iron Bundle\n|-fieldstart|move: Electric Terrain\n|-activate|p1a: Iron Bundle|ability: Quark Drive\n|-start|p1a: Iron Bundle|quarkdrivespe\n|move|p2a: Flutter Mane|Thunderbolt|p1a: Iron Bundle\n|-supereffective|p1a: Iron Bundle\n|-enditem|p1a: Iron Bundle|Focus Sash\n|-damage|p1a: Iron Bundle|1\/100\n|move|p1b: Annihilape|Bulk Up|p1b: Annihilape\n|-boost|p1b: Annihilape|atk|1\n|-boost|p1b: Annihilape|def|1\n|\n|upkeep\n|turn|3\n|\n|t:|1681997162\n|-end|p2a: Flutter Mane|Protosynthesis|[silent]\n|switch|p2a: Arcanine|Arcanine, L50, F, shiny|100\/100\n|-ability|p2a: Arcanine|Intimidate|boost\n|-unboost|p1a: Iron Bundle|atk|1\n|-unboost|p1b: Annihilape|atk|1\n|-ability|p1b: Annihilape|Defiant|boost\n|-boost|p1b: Annihilape|atk|2\n|move|p2b: Amoonguss|Protect|p2b: Amoonguss\n|-singleturn|p2b: Amoonguss|Protect\n|move|p1a: Iron Bundle|Icy Wind|p2a: Arcanine|[spread] p2a\n|-activate|p2b: Amoonguss|move: Protect\n|-resisted|p2a: Arcanine\n|-damage|p2a: Arcanine|90\/100\n|-unboost|p2a: Arcanine|spe|1\n|move|p1b: Annihilape|Bulk Up|p1b: Annihilape\n|-boost|p1b: Annihilape|atk|1\n|-boost|p1b: Annihilape|def|1\n|\n|upkeep\n|turn|4\n|\n|t:|1681997186\n|move|p2a: Arcanine|Extreme Speed|p1a: Iron Bundle\n|-damage|p1a: Iron Bundle|0 fnt\n|faint|p1a: Iron Bundle\n|-end|p1a: Iron Bundle|Quark Drive|[silent]\n|move|p1b: Annihilape|Drain Punch|p2a: Arcanine\n|-damage|p2a: Arcanine|0 fnt\n|faint|p2a: Arcanine\n|move|p2b: Amoonguss|Spore|p1b: Annihilape\n|-activate|p1b: Annihilape|move: Electric Terrain\n|\n|upkeep\n|\n|t:|1681997201\n|switch|p1a: Iron Thorns|Iron Thorns, L50|100\/100\n|switch|p2a: Ting-Lu|Ting-Lu, L50|100\/100\n|-activate|p1a: Iron Thorns|ability: Quark Drive\n|-start|p1a: Iron Thorns|quarkdriveatk\n|-ability|p2a: Ting-Lu|Vessel of Ruin\n|turn|5\n|\n|t:|1681997218\n|-terastallize|p2a: Ting-Lu|Water\n|move|p1a: Iron Thorns|Rock Slide|p2b: Amoonguss|[spread] p2a,p2b\n|-damage|p2a: Ting-Lu|76\/100\n|-damage|p2b: Amoonguss|42\/100\n|move|p1b: Annihilape|Drain Punch|p2a: Ting-Lu\n|-damage|p2a: Ting-Lu|16\/100\n|cant|p2a: Ting-Lu|flinch\n|move|p2b: Amoonguss|Spore|p1b: Annihilape\n|-activate|p1b: Annihilape|move: Electric Terrain\n|\n|upkeep\n|turn|6\n|inactive|Doomnik has 30 seconds left.\n|\n|t:|1681997243\n|move|p2b: Amoonguss|Rage Powder|p2b: Amoonguss\n|-singleturn|p2b: Amoonguss|move: Rage Powder\n|move|p1a: Iron Thorns|Rock Slide|p2b: Amoonguss|[spread] p2a,p2b\n|-damage|p2a: Ting-Lu|0 fnt\n|-damage|p2b: Amoonguss|1\/100\n|faint|p2a: Ting-Lu\n|move|p1b: Annihilape|Drain Punch|p2b: Amoonguss\n|-resisted|p2b: Amoonguss\n|-damage|p2b: Amoonguss|0 fnt\n|faint|p2b: Amoonguss\n|\n|-fieldend|move: Electric Terrain\n|-end|p1a: Iron Thorns|Quark Drive\n|upkeep\n|-enditem|p1a: Iron Thorns|Booster Energy\n|-activate|p1a: Iron Thorns|ability: Quark Drive|[fromitem]\n|-start|p1a: Iron Thorns|quarkdriveatk\n|-message|Doomnik forfeited.\n|\n|win|Lorge Coffee\n|raw|Lorge Coffee's rating: 1168 → 1194<\/strong> (+26 for winning)\n|raw|Doomnik's rating: 1178 → 1152<\/strong> (-26 for losing)\n|l|\u2606Doomnik\n","uploadtime":1681997261,"views":6,"p1id":"lorgecoffee","p2id":"doomnik","formatid":"gen9vgc2023regulationc","rating":1152,"private":0,"password":""}