{"id":"gen9vgc2023regulationc-1857126852","p1":"Animauwu","p2":"Zeraora413","format":"[Gen 9] VGC 2023 Regulation C","log":"|j|\u2606Animauwu\n|j|\u2606Zeraora413\n|t:|1683148518\n|gametype|doubles\n|player|p1|Animauwu|pokekid|1124\n|player|p2|Zeraora413|1|1154\n|teamsize|p1|6\n|teamsize|p2|6\n|gen|9\n|tier|[Gen 9] VGC 2023 Regulation C\n|rated|\n|rule|Species Clause: Limit one of each Pok\u00e9mon\n|rule|Item Clause: Limit one of each item\n|clearpoke\n|poke|p1|Oranguru, L50, M|\n|poke|p1|Amoonguss, L50, M|\n|poke|p1|Torkoal, L50, M|\n|poke|p1|Iron Hands, L50|\n|poke|p1|Mudsdale, L50, F|\n|poke|p1|Hatterene, L50, F|\n|poke|p2|Krookodile, L50, F|\n|poke|p2|Iron Bundle, L50|\n|poke|p2|Pincurchin, L50, F|\n|poke|p2|Wo-Chien, L50|\n|poke|p2|Murkrow, L50, F|\n|poke|p2|Salamence, L50, F|\n|teampreview|4\n|inactive|Battle timer is ON: inactive players will automatically lose when time's up. (requested by Zeraora413)\n|\n|t:|1683148543\n|start\n|switch|p1a: Oranguru|Oranguru, L50, M|100\/100\n|switch|p1b: Torkoal|Torkoal, L50, M|100\/100\n|switch|p2a: Murkrow|Murkrow, L50, F|100\/100\n|switch|p2b: Iron Bundle|Iron Bundle, L50|100\/100\n|-weather|SunnyDay|[from] ability: Drought|[of] p1b: Torkoal\n|turn|1\n|l|\u2606Zeraora413\n|inactive|Zeraora413 disconnected and has a minute to reconnect!\n|player|p2|\n|inactive|Zeraora413 has 30 seconds left.\n|inactive|Zeraora413 has 20 seconds left.\n|j|\u2606Zeraora413\n|inactive|Zeraora413 reconnected and has 20 seconds left.\n|player|p2|Zeraora413|1\n|inactive|Zeraora413 has 15 seconds left.\n|\n|t:|1683148584\n|switch|p1a: Iron Hands|Iron Hands, L50|100\/100\n|-terastallize|p1b: Torkoal|Grass\n|move|p2a: Murkrow|Taunt|p1a: Iron Hands\n|-start|p1a: Iron Hands|move: Taunt\n|move|p2b: Iron Bundle|Hydro Pump|p1b: Torkoal\n|-resisted|p1b: Torkoal\n|-damage|p1b: Torkoal|69\/100\n|move|p1b: Torkoal|Solar Beam||[still]\n|-prepare|p1b: Torkoal|Solar Beam\n|-anim|p1b: Torkoal|Solar Beam|p2b: Iron Bundle\n|-supereffective|p2b: Iron Bundle\n|-damage|p2b: Iron Bundle|0 fnt\n|faint|p2b: Iron Bundle\n|-end|p2b: Iron Bundle|Quark Drive|[silent]\n|\n|-weather|SunnyDay|[upkeep]\n|-heal|p1b: Torkoal|76\/100|[from] item: Leftovers\n|upkeep\n|\n|t:|1683148596\n|switch|p2b: Salamence|Salamence, L50, F|100\/100\n|turn|2\n|\n|t:|1683148612\n|move|p1b: Torkoal|Protect|p1b: Torkoal\n|-singleturn|p1b: Torkoal|Protect\n|move|p1a: Iron Hands|Fake Out|p2a: Murkrow\n|-damage|p2a: Murkrow|79\/100\n|cant|p2a: Murkrow|flinch\n|move|p2b: Salamence|Dual Wingbeat|p1b: Torkoal\n|-activate|p1b: Torkoal|move: Protect\n|\n|-weather|SunnyDay|[upkeep]\n|-heal|p1b: Torkoal|82\/100|[from] item: Leftovers\n|upkeep\n|turn|3\n|\n|t:|1683148629\n|switch|p1b: Mudsdale|Mudsdale, L50, F|100\/100\n|move|p2a: Murkrow|Thunder Wave|p1b: Mudsdale\n|-immune|p1b: Mudsdale\n|move|p2b: Salamence|Dual Wingbeat|p1b: Mudsdale\n|-damage|p1b: Mudsdale|80\/100\n|-ability|p1b: Mudsdale|Stamina|boost\n|-boost|p1b: Mudsdale|def|1\n|-damage|p1b: Mudsdale|63\/100\n|-ability|p1b: Mudsdale|Stamina|boost\n|-boost|p1b: Mudsdale|def|1\n|-hitcount|p1b: Mudsdale|2\n|-damage|p2b: Salamence|90\/100|[from] item: Life Orb\n|move|p1a: Iron Hands|Wild Charge|p2a: Murkrow\n|-supereffective|p2a: Murkrow\n|-damage|p2a: Murkrow|0 fnt\n|faint|p2a: Murkrow\n|-damage|p1a: Iron Hands|86\/100|[from] Recoil\n|\n|-weather|SunnyDay|[upkeep]\n|-end|p1a: Iron Hands|move: Taunt\n|upkeep\n|l|\u2606Zeraora413\n|inactive|Zeraora413 disconnected and has a minute to reconnect!\n|player|p2|\n|inactive|Zeraora413 has 30 seconds left.\n|inactive|Zeraora413 has 20 seconds left.\n|inactive|Zeraora413 has 15 seconds left.\n|inactive|Zeraora413 has 10 seconds left.\n|inactive|Zeraora413 has 5 seconds left.\n|j|\u2606Zeraora413\n|inactive|Zeraora413 reconnected and has 5 seconds left.\n|player|p2|Zeraora413|1\n|\n|t:|1683148682\n|switch|p2a: Wo-Chien|Wo-Chien, L50|100\/100\n|-ability|p2a: Wo-Chien|Tablets of Ruin\n|turn|4\n|l|\u2606Zeraora413\n|inactive|Zeraora413 disconnected and has a minute to reconnect!\n|player|p2|\n|j|\u2606Zeraora413\n|inactive|Zeraora413 reconnected and has 45 seconds left.\n|player|p2|Zeraora413|1\n|\n|t:|1683148706\n|switch|p1b: Torkoal|Torkoal, L50, M, tera:Grass|82\/100\n|move|p2b: Salamence|Dragon Claw|p1a: Iron Hands\n|-damage|p1a: Iron Hands|63\/100\n|-damage|p2b: Salamence|74\/100|[from] item: Rocky Helmet|[of] p1a: Iron Hands\n|-damage|p2b: Salamence|64\/100|[from] item: Life Orb\n|move|p2a: Wo-Chien|Energy Ball|p1b: Torkoal\n|-resisted|p1b: Torkoal\n|-damage|p1b: Torkoal|45\/100\n|move|p1a: Iron Hands|Drain Punch|p2a: Wo-Chien\n|-supereffective|p2a: Wo-Chien\n|-damage|p2a: Wo-Chien|31\/100\n|-heal|p1a: Iron Hands|92\/100|[from] drain|[of] p2a: Wo-Chien\n|\n|-weather|SunnyDay|[upkeep]\n|-heal|p2a: Wo-Chien|37\/100|[from] item: Leftovers\n|-heal|p1b: Torkoal|51\/100|[from] item: Leftovers\n|upkeep\n|turn|5\n|inactive|Zeraora413 has 30 seconds left.\n|\n|t:|1683148735\n|move|p1b: Torkoal|Protect|p1b: Torkoal\n|-singleturn|p1b: Torkoal|Protect\n|move|p2b: Salamence|Earthquake|p1a: Iron Hands|[spread] p2a,p1a\n|-activate|p1b: Torkoal|move: Protect\n|-resisted|p2a: Wo-Chien\n|-supereffective|p1a: Iron Hands\n|-damage|p2a: Wo-Chien|26\/100\n|-damage|p1a: Iron Hands|63\/100\n|-damage|p2b: Salamence|54\/100|[from] item: Life Orb\n|move|p2a: Wo-Chien|Pollen Puff|p1b: Torkoal\n|-activate|p1b: Torkoal|move: Protect\n|move|p1a: Iron Hands|Drain Punch|p2a: Wo-Chien\n|-supereffective|p2a: Wo-Chien\n|-damage|p2a: Wo-Chien|0 fnt\n|-heal|p1a: Iron Hands|73\/100|[from] drain|[of] p2a: Wo-Chien\n|faint|p2a: Wo-Chien\n|\n|-weather|none\n|-heal|p1b: Torkoal|57\/100|[from] item: Leftovers\n|upkeep\n|turn|6\n|l|\u2606Zeraora413\n|inactive|Zeraora413 disconnected and has a minute to reconnect!\n|player|p2|\n|inactive|Zeraora413 has 30 seconds left.\n|inactive|Zeraora413 has 20 seconds left.\n|j|\u2606Zeraora413\n|inactive|Zeraora413 reconnected and has 20 seconds left.\n|player|p2|Zeraora413|1\n|inactive|Zeraora413 has 15 seconds left.\n|\n|t:|1683148779\n|switch|p1b: Mudsdale|Mudsdale, L50, F|63\/100\n|move|p2b: Salamence|Dual Wingbeat|p1b: Mudsdale|[miss]\n|-miss|p2b: Salamence|p1b: Mudsdale\n|move|p1a: Iron Hands|Wild Charge|p2b: Salamence\n|-damage|p2b: Salamence|0 fnt\n|faint|p2b: Salamence\n|-damage|p1a: Iron Hands|63\/100|[from] Recoil\n|\n|win|Animauwu\n|raw|Animauwu's rating: 1124 → 1151<\/strong> (+27 for winning)\n|raw|Zeraora413's rating: 1154 → 1127<\/strong> (-27 for losing)\n|l|\u2606Zeraora413\n","uploadtime":1683148790,"views":11,"p1id":"animauwu","p2id":"zeraora413","formatid":"gen9vgc2023regulationc","rating":1127,"private":0,"password":""}