{"id":"gen9vgc2023regulationc-1855440320","p1":"Ydgrdhrdyfd","p2":"Kirizomaro","format":"[Gen 9] VGC 2023 Regulation C","log":"|j|\u2606Ydgrdhrdyfd\n|j|\u2606Kirizomaro\n|t:|1682951629\n|gametype|doubles\n|player|p1|Ydgrdhrdyfd|alain|1091\n|player|p2|Kirizomaro|lance|1066\n|teamsize|p1|6\n|teamsize|p2|6\n|gen|9\n|tier|[Gen 9] VGC 2023 Regulation C\n|rated|\n|rule|Species Clause: Limit one of each Pok\u00e9mon\n|rule|Item Clause: Limit one of each item\n|clearpoke\n|poke|p1|Haxorus, L50, F|\n|poke|p1|Breloom, L50, F|\n|poke|p1|Kilowattrel, L50, M|\n|poke|p1|Ting-Lu, L50|\n|poke|p1|Iron Moth, L50|\n|poke|p1|Bisharp, L50, M|\n|poke|p2|Dondozo, L50, F|\n|poke|p2|Tatsugiri-Stretchy, L50, M|\n|poke|p2|Chi-Yu, L50|\n|poke|p2|Flutter Mane, L50|\n|poke|p2|Dragonite, L50, M|\n|poke|p2|Glimmora, L50, M|\n|teampreview|4\n|inactive|Battle timer is ON: inactive players will automatically lose when time's up. (requested by Ydgrdhrdyfd)\n|\n|t:|1682951654\n|start\n|switch|p1a: Kilowattrel|Kilowattrel, L50, M|100\/100\n|switch|p1b: Haxorus|Haxorus, L50, F, shiny|100\/100\n|switch|p2a: Tatsugiri|Tatsugiri-Stretchy, L50, M|100\/100\n|switch|p2b: Glimmora|Glimmora, L50, M|100\/100\n|-ability|p1b: Haxorus|Mold Breaker\n|turn|1\n|\n|t:|1682951668\n|-terastallize|p1b: Haxorus|Ground\n|-terastallize|p2a: Tatsugiri|Ghost\n|move|p1a: Kilowattrel|Discharge|p2b: Glimmora|[spread] p2a,p2b\n|-immune|p1b: Haxorus\n|-damage|p2a: Tatsugiri|71\/100\n|-damage|p2b: Glimmora|67\/100\n|move|p2b: Glimmora|Power Gem|p1a: Kilowattrel\n|-supereffective|p1a: Kilowattrel\n|-damage|p1a: Kilowattrel|0 fnt\n|faint|p1a: Kilowattrel\n|move|p1b: Haxorus|Earthquake|p2b: Glimmora|[spread] p2a,p2b\n|-supereffective|p2b: Glimmora\n|-damage|p2a: Tatsugiri|2\/100\n|-damage|p2b: Glimmora|0 fnt\n|-activate|p2b: Glimmora|ability: Toxic Debris\n|-sidestart|p1: Ydgrdhrdyfd|move: Toxic Spikes\n|faint|p2b: Glimmora\n|move|p2a: Tatsugiri|Muddy Water|p1b: Haxorus\n|-supereffective|p1b: Haxorus\n|-enditem|p1b: Haxorus|Focus Sash\n|-damage|p1b: Haxorus|1\/100\n|\n|upkeep\n|\n|t:|1682951688\n|switch|p1a: Iron Moth|Iron Moth, L50|100\/100\n|switch|p2b: Dondozo|Dondozo, L50, F|100\/100\n|-sideend|p1: Ydgrdhrdyfd|move: Toxic Spikes|[of] p1a: Iron Moth\n|-enditem|p1a: Iron Moth|Booster Energy\n|-activate|p1a: Iron Moth|ability: Quark Drive|[fromitem]\n|-start|p1a: Iron Moth|quarkdrivespe\n|turn|2\n|\n|t:|1682951700\n|move|p1a: Iron Moth|Sludge Wave|p2a: Tatsugiri|[spread] p1b,p2a,p2b\n|-resisted|p1b: Haxorus\n|-resisted|p2a: Tatsugiri\n|-damage|p1b: Haxorus|0 fnt\n|-damage|p2a: Tatsugiri|0 fnt\n|-damage|p2b: Dondozo|78\/100\n|faint|p1b: Haxorus\n|faint|p2a: Tatsugiri\n|move|p2b: Dondozo|Bulldoze|p1a: Iron Moth\n|-supereffective|p1a: Iron Moth\n|-damage|p1a: Iron Moth|13\/100\n|-unboost|p1a: Iron Moth|spe|1\n|\n|upkeep\n|\n|t:|1682951709\n|switch|p1b: Bisharp|Bisharp, L50, M|100\/100\n|switch|p2a: Flutter Mane|Flutter Mane, L50|100\/100\n|-enditem|p2a: Flutter Mane|Booster Energy\n|-activate|p2a: Flutter Mane|ability: Protosynthesis|[fromitem]\n|-start|p2a: Flutter Mane|protosynthesisspe\n|turn|3\n|\n|t:|1682951715\n|move|p2a: Flutter Mane|Protect|p2a: Flutter Mane\n|-singleturn|p2a: Flutter Mane|Protect\n|move|p1a: Iron Moth|Sludge Wave|p2b: Dondozo|[spread] p2b\n|-activate|p2a: Flutter Mane|move: Protect\n|-immune|p1b: Bisharp\n|-damage|p2b: Dondozo|53\/100\n|move|p1b: Bisharp|Iron Head|p2a: Flutter Mane\n|-activate|p2a: Flutter Mane|move: Protect\n|move|p2b: Dondozo|Bulldoze|p1a: Iron Moth|[spread] p1a,p1b\n|-activate|p2a: Flutter Mane|move: Protect\n|-supereffective|p1a: Iron Moth\n|-supereffective|p1b: Bisharp\n|-damage|p1a: Iron Moth|0 fnt\n|-damage|p1b: Bisharp|87\/100\n|-unboost|p1b: Bisharp|spe|1\n|-ability|p1b: Bisharp|Defiant|boost\n|-boost|p1b: Bisharp|atk|2\n|faint|p1a: Iron Moth\n|-end|p1a: Iron Moth|Quark Drive|[silent]\n|\n|upkeep\n|turn|4\n|\n|t:|1682951731\n|move|p1b: Bisharp|Sucker Punch||[still]\n|-fail|p1b: Bisharp\n|move|p2a: Flutter Mane|Substitute|p2a: Flutter Mane\n|-start|p2a: Flutter Mane|Substitute\n|-damage|p2a: Flutter Mane|76\/100\n|move|p2b: Dondozo|Yawn|p1b: Bisharp\n|-start|p1b: Bisharp|move: Yawn|[of] p2b: Dondozo\n|\n|upkeep\n|turn|5\n|-message|Ydgrdhrdyfd forfeited.\n|\n|win|Kirizomaro\n|raw|Ydgrdhrdyfd's rating: 1091 → 1066<\/strong> (-25 for losing)\n|raw|Kirizomaro's rating: 1066 → 1098<\/strong> (+32 for winning)\n|l|\u2606Ydgrdhrdyfd\n","uploadtime":1682951741,"views":22,"p1id":"ydgrdhrdyfd","p2id":"kirizomaro","formatid":"gen9vgc2023regulationc","rating":1066,"private":0,"password":""}