{"id":"gen9vgc2023regulationc-1845193560","p1":"tex kat","p2":"Yuuuuj","format":"[Gen 9] VGC 2023 Regulation C","log":"|j|\u2606tex kat\n|j|\u2606Yuuuuj\n|t:|1681694753\n|gametype|doubles\n|player|p1|tex kat|265|1108\n|player|p2|Yuuuuj|1|1195\n|teamsize|p1|6\n|teamsize|p2|6\n|gen|9\n|tier|[Gen 9] VGC 2023 Regulation C\n|rated|\n|rule|Species Clause: Limit one of each Pok\u00e9mon\n|rule|Item Clause: Limit one of each item\n|clearpoke\n|poke|p1|Garganacl, L50, F|\n|poke|p1|Talonflame, L50, F|\n|poke|p1|Iron Bundle, L50|\n|poke|p1|Orthworm, L50, F|\n|poke|p1|Great Tusk, L50|\n|poke|p1|Chien-Pao, L50|\n|poke|p2|Houndstone, L50, M|\n|poke|p2|Tyranitar, L50, F|\n|poke|p2|Gyarados, L50, M|\n|poke|p2|Dragapult, L50, M|\n|poke|p2|Gardevoir, L50, M|\n|poke|p2|Chien-Pao, L50|\n|teampreview|4\n|inactive|Battle timer is ON: inactive players will automatically lose when time's up. (requested by Yuuuuj)\n|\n|t:|1681694791\n|start\n|switch|p1a: Talonflame|Talonflame, L50, F|100\/100\n|switch|p1b: Iron Bundle|Iron Bundle, L50|100\/100\n|switch|p2a: Chien-Pao|Chien-Pao, L50|100\/100\n|switch|p2b: Gardevoir|Gardevoir, L50, M|100\/100\n|-ability|p2a: Chien-Pao|Sword of Ruin\n|turn|1\n|inactive|tex kat has 30 seconds left.\n|inactive|Yuuuuj has 30 seconds left.\n|\n|t:|1681694824\n|move|p1b: Iron Bundle|Protect|p1b: Iron Bundle\n|-singleturn|p1b: Iron Bundle|Protect\n|move|p2b: Gardevoir|Thunderbolt|p1a: Talonflame\n|-supereffective|p1a: Talonflame\n|-damage|p1a: Talonflame|17\/100\n|move|p2a: Chien-Pao|Sacred Sword|p1b: Iron Bundle\n|-activate|p1b: Iron Bundle|move: Protect\n|move|p1a: Talonflame|Will-O-Wisp|p2a: Chien-Pao\n|-status|p2a: Chien-Pao|brn\n|\n|-damage|p2a: Chien-Pao|95\/100 brn|[from] brn\n|upkeep\n|turn|2\n|inactive|tex kat has 30 seconds left.\n|\n|t:|1681694855\n|switch|p1a: Great Tusk|Great Tusk, L50|100\/100\n|move|p2b: Gardevoir|Thunderbolt|p1b: Iron Bundle\n|-supereffective|p1b: Iron Bundle\n|-damage|p1b: Iron Bundle|0 fnt\n|faint|p1b: Iron Bundle\n|-end|p1b: Iron Bundle|Quark Drive|[silent]\n|move|p2a: Chien-Pao|Ice Spinner|p1a: Great Tusk\n|-supereffective|p1a: Great Tusk\n|-damage|p1a: Great Tusk|59\/100\n|\n|-damage|p2a: Chien-Pao|89\/100 brn|[from] brn\n|upkeep\n|\n|t:|1681694869\n|switch|p1b: Chien-Pao|Chien-Pao, L50|100\/100\n|-ability|p1b: Chien-Pao|Sword of Ruin\n|turn|3\n|\n|t:|1681694885\n|switch|p2b: Tyranitar|Tyranitar, L50, F|100\/100\n|-weather|Sandstorm|[from] ability: Sand Stream|[of] p2b: Tyranitar\n|move|p1b: Chien-Pao|Sucker Punch||[still]\n|-fail|p1b: Chien-Pao\n|move|p2a: Chien-Pao|Sacred Sword|p1b: Chien-Pao\n|-supereffective|p1b: Chien-Pao\n|-damage|p1b: Chien-Pao|17\/100\n|move|p1a: Great Tusk|Earthquake|p2b: Tyranitar|[spread] p1b,p2a,p2b\n|-supereffective|p2b: Tyranitar\n|-damage|p1b: Chien-Pao|0 fnt\n|-damage|p2a: Chien-Pao|34\/100 brn\n|-damage|p2b: Tyranitar|14\/100\n|-enditem|p2b: Tyranitar|Weakness Policy\n|-boost|p2b: Tyranitar|atk|2|[from] item: Weakness Policy\n|-boost|p2b: Tyranitar|spa|2|[from] item: Weakness Policy\n|faint|p1b: Chien-Pao\n|\n|-weather|Sandstorm|[upkeep]\n|-damage|p2a: Chien-Pao|28\/100 brn|[from] Sandstorm\n|-damage|p2a: Chien-Pao|22\/100 brn|[from] brn\n|upkeep\n|\n|t:|1681694905\n|switch|p1b: Talonflame|Talonflame, L50, F|17\/100\n|turn|4\n|\n|t:|1681694920\n|move|p2a: Chien-Pao|Protect|p2a: Chien-Pao\n|-singleturn|p2a: Chien-Pao|Protect\n|move|p1b: Talonflame|Tailwind|p1b: Talonflame\n|-sidestart|p1: tex kat|move: Tailwind\n|move|p1a: Great Tusk|Earthquake|p2b: Tyranitar|[spread] p2b\n|-activate|p2a: Chien-Pao|move: Protect\n|-immune|p1b: Talonflame\n|-supereffective|p2b: Tyranitar\n|-damage|p2b: Tyranitar|0 fnt\n|faint|p2b: Tyranitar\n|\n|-weather|Sandstorm|[upkeep]\n|-damage|p2a: Chien-Pao|17\/100 brn|[from] Sandstorm\n|-damage|p2a: Chien-Pao|11\/100 brn|[from] brn\n|upkeep\n|\n|t:|1681694928\n|switch|p2b: Gardevoir|Gardevoir, L50, M|100\/100\n|turn|5\n|inactive|tex kat has 30 seconds left.\n|\n|t:|1681694953\n|-terastallize|p1a: Great Tusk|Ground\n|move|p2a: Chien-Pao|Sucker Punch|p1b: Talonflame\n|-crit|p1b: Talonflame\n|-damage|p1b: Talonflame|0 fnt\n|faint|p1b: Talonflame\n|move|p1a: Great Tusk|Earthquake|p2a: Chien-Pao|[spread] p2a,p2b\n|-damage|p2a: Chien-Pao|0 fnt\n|-damage|p2b: Gardevoir|0 fnt\n|faint|p2a: Chien-Pao\n|faint|p2b: Gardevoir\n|\n|-weather|Sandstorm|[upkeep]\n|upkeep\n|\n|t:|1681694963\n|switch|p2b: Houndstone|Houndstone, L50, M|100\/100\n|turn|6\n|\n|t:|1681694973\n|move|p1a: Great Tusk|Headlong Rush|p2b: Houndstone\n|-damage|p2b: Houndstone|0 fnt\n|-unboost|p1a: Great Tusk|def|1\n|-unboost|p1a: Great Tusk|spd|1\n|faint|p2b: Houndstone\n|\n|win|tex kat\n|raw|tex kat's rating: 1108 → 1139<\/strong> (+31 for winning)\n|raw|Yuuuuj's rating: 1195 → 1164<\/strong> (-31 for losing)\n|l|\u2606Yuuuuj\n","uploadtime":1681694983,"views":11,"p1id":"texkat","p2id":"yuuuuj","formatid":"gen9vgc2023regulationc","rating":1139,"private":0,"password":""}