{"id":"gen9vgc2023regulationc-1848579046","p1":"That_Leek","p2":"donpapa22","format":"[Gen 9] VGC 2023 Regulation C","log":"|j|\u2606That_Leek\n|j|\u2606donpapa22\n|t:|1682091621\n|gametype|doubles\n|player|p1|That_Leek|blue-masters|1210\n|player|p2|donpapa22|265|1154\n|teamsize|p1|6\n|teamsize|p2|6\n|gen|9\n|tier|[Gen 9] VGC 2023 Regulation C\n|rated|\n|rule|Species Clause: Limit one of each Pok\u00e9mon\n|rule|Item Clause: Limit one of each item\n|clearpoke\n|poke|p1|Gholdengo, L50|\n|poke|p1|Gyarados, L50, M|\n|poke|p1|Tyranitar, L50, M|\n|poke|p1|Maushold-Four, L50|\n|poke|p1|Annihilape, L50, M|\n|poke|p1|Volcarona, L50, M|\n|poke|p2|Dachsbun, L50, M|\n|poke|p2|Chi-Yu, L50|\n|poke|p2|Palafin, L50, M|\n|poke|p2|Farigiraf, L50, F|\n|poke|p2|Ting-Lu, L50|\n|poke|p2|Lucario, L50, F|\n|teampreview|4\n|l|\u2606donpapa22\n|player|p2|\nThat_Leek has agreed to open team sheets.\n|inactive|Battle timer is ON: inactive players will automatically lose when time's up. (requested by That_Leek)\n|j|\u2606donpapa22\n|inactive|donpapa22 reconnected and has 75 seconds left.\n|player|p2|donpapa22|265\n|\n|t:|1682091677\n|start\n|switch|p1a: Tyranitar|Tyranitar, L50, M|100\/100\n|switch|p1b: Annihilape|Annihilape, L50, M|100\/100\n|switch|p2a: Chi-Yu|Chi-Yu, L50|100\/100\n|switch|p2b: Ting-Lu|Ting-Lu, L50|100\/100\n|-ability|p2a: Chi-Yu|Beads of Ruin\n|-weather|Sandstorm|[from] ability: Sand Stream|[of] p1a: Tyranitar\n|-ability|p2b: Ting-Lu|Vessel of Ruin\n|turn|1\n|inactiveoff|Battle timer is now OFF.\n|\n|t:|1682091705\n|switch|p1b: Gyarados|Gyarados, L50, M|100\/100\n|-ability|p1b: Gyarados|Intimidate|boost\n|-unboost|p2a: Chi-Yu|atk|1\n|-unboost|p2b: Ting-Lu|atk|1\n|-terastallize|p1a: Tyranitar|Flying\n|move|p2a: Chi-Yu|Dark Pulse|p1b: Gyarados\n|-damage|p1b: Gyarados|60\/100\n|move|p1a: Tyranitar|Rock Slide|p2b: Ting-Lu|[spread] p2a,p2b\n|-supereffective|p2a: Chi-Yu\n|-resisted|p2b: Ting-Lu\n|-damage|p2a: Chi-Yu|0 fnt\n|-damage|p2b: Ting-Lu|92\/100\n|faint|p2a: Chi-Yu\n|move|p2b: Ting-Lu|Rock Slide|p1b: Gyarados|[spread] p1a,p1b\n|-supereffective|p1a: Tyranitar\n|-supereffective|p1b: Gyarados\n|-damage|p1a: Tyranitar|80\/100\n|-damage|p1b: Gyarados|33\/100\n|-enditem|p1b: Gyarados|Sitrus Berry|[eat]\n|-heal|p1b: Gyarados|58\/100|[from] item: Sitrus Berry\n|\n|-weather|Sandstorm|[upkeep]\n|-damage|p1b: Gyarados|52\/100|[from] Sandstorm\n|-damage|p1a: Tyranitar|74\/100|[from] Sandstorm\n|upkeep\n|\n|t:|1682091725\n|switch|p2a: Palafin|Palafin, L50, M|100\/100\n|turn|2\n|\n|t:|1682091751\n|detailschange|p2a: Palafin|Palafin-Hero, L50, M\n|switch|p2a: Dachsbun|Dachsbun, L50, M|100\/100\n|move|p1b: Gyarados|Waterfall|p2b: Ting-Lu\n|-supereffective|p2b: Ting-Lu\n|-damage|p2b: Ting-Lu|46\/100\n|move|p1a: Tyranitar|Brick Break|p2b: Ting-Lu\n|-supereffective|p2b: Ting-Lu\n|-damage|p2b: Ting-Lu|17\/100\n|cant|p2b: Ting-Lu|flinch\n|\n|-weather|Sandstorm|[upkeep]\n|-damage|p2a: Dachsbun|94\/100|[from] Sandstorm\n|-damage|p1b: Gyarados|46\/100|[from] Sandstorm\n|-damage|p1a: Tyranitar|69\/100|[from] Sandstorm\n|-heal|p2a: Dachsbun|100\/100|[from] item: Leftovers\n|upkeep\n|turn|3\n|\n|t:|1682091776\n|switch|p1b: Annihilape|Annihilape, L50, M|100\/100\n|move|p2b: Ting-Lu|Protect|p2b: Ting-Lu\n|-singleturn|p2b: Ting-Lu|Protect\n|move|p2a: Dachsbun|Body Press|p1b: Annihilape\n|-immune|p1b: Annihilape\n|move|p1a: Tyranitar|Brick Break|p2b: Ting-Lu\n|-activate|p2b: Ting-Lu|move: Protect\n|\n|-weather|Sandstorm|[upkeep]\n|-damage|p2a: Dachsbun|94\/100|[from] Sandstorm\n|-damage|p1b: Annihilape|94\/100|[from] Sandstorm\n|-damage|p1a: Tyranitar|63\/100|[from] Sandstorm\n|-heal|p2a: Dachsbun|100\/100|[from] item: Leftovers\n|-heal|p1b: Annihilape|100\/100|[from] item: Leftovers\n|upkeep\n|turn|4\n|\n|t:|1682091799\n|switch|p2b: Palafin|Palafin-Hero, L50, M|100\/100\n|-activate|p2b: Palafin|ability: Zero to Hero\n|move|p2a: Dachsbun|Wish|p2a: Dachsbun\n|move|p1b: Annihilape|Bulk Up|p1b: Annihilape\n|-boost|p1b: Annihilape|atk|1\n|-boost|p1b: Annihilape|def|1\n|move|p1a: Tyranitar|Rock Slide|p2b: Palafin|[spread] p2a,p2b\n|-damage|p2a: Dachsbun|80\/100\n|-damage|p2b: Palafin|72\/100\n|\n|-weather|Sandstorm|[upkeep]\n|-damage|p2b: Palafin|65\/100|[from] Sandstorm\n|-damage|p2a: Dachsbun|74\/100|[from] Sandstorm\n|-damage|p1b: Annihilape|94\/100|[from] Sandstorm\n|-damage|p1a: Tyranitar|57\/100|[from] Sandstorm\n|-heal|p2a: Dachsbun|80\/100|[from] item: Leftovers\n|-heal|p1b: Annihilape|100\/100|[from] item: Leftovers\n|upkeep\n|turn|5\n|\n|t:|1682091843\n|switch|p2a: Ting-Lu|Ting-Lu, L50|17\/100\n|-ability|p2a: Ting-Lu|Vessel of Ruin\n|move|p2b: Palafin|Wave Crash|p1b: Annihilape\n|-damage|p1b: Annihilape|49\/100\n|-damage|p2b: Palafin|47\/100|[from] Recoil\n|move|p1b: Annihilape|Bulk Up|p1b: Annihilape\n|-boost|p1b: Annihilape|atk|1\n|-boost|p1b: Annihilape|def|1\n|move|p1a: Tyranitar|Crunch|p2b: Palafin\n|-damage|p2b: Palafin|7\/100\n|\n|-weather|none\n|-heal|p2a: Ting-Lu|48\/100|[from] move: Wish|[wisher] Dachsbun\n|-heal|p1b: Annihilape|55\/100|[from] item: Leftovers\n|upkeep\n|turn|6\n|\n|t:|1682091870\n|move|p1b: Annihilape|Protect|p1b: Annihilape\n|-singleturn|p1b: Annihilape|Protect\n|move|p2b: Palafin|Jet Punch|p1b: Annihilape\n|-activate|p1b: Annihilape|move: Protect\n|move|p1a: Tyranitar|Rock Slide|p2a: Ting-Lu|[spread] p2a,p2b\n|-resisted|p2a: Ting-Lu\n|-damage|p2a: Ting-Lu|40\/100\n|-damage|p2b: Palafin|0 fnt\n|faint|p2b: Palafin\n|cant|p2a: Ting-Lu|flinch\n|\n|-heal|p1b: Annihilape|61\/100|[from] item: Leftovers\n|upkeep\n|\n|t:|1682091881\n|switch|p2b: Dachsbun|Dachsbun, L50, M|80\/100\n|turn|7\n|\n|t:|1682091902\n|move|p2b: Dachsbun|Body Press|p1a: Tyranitar\n|-resisted|p1a: Tyranitar\n|-damage|p1a: Tyranitar|45\/100\n|move|p1b: Annihilape|Rage Fist|p2b: Dachsbun\n|-damage|p2b: Dachsbun|16\/100\n|move|p1a: Tyranitar|Tera Blast|p2b: Dachsbun\n|-damage|p2b: Dachsbun|0 fnt\n|faint|p2b: Dachsbun\n|move|p2a: Ting-Lu|Fissure|p1b: Annihilape\n|-damage|p1b: Annihilape|0 fnt\n|faint|p1b: Annihilape\n|-ohko\n|\n|upkeep\n|\n|t:|1682091913\n|switch|p1b: Gyarados|Gyarados, L50, M|46\/100\n|-ability|p1b: Gyarados|Intimidate|boost\n|-unboost|p2a: Ting-Lu|atk|1\n|turn|8\n|\n|t:|1682091921\n|-terastallize|p2a: Ting-Lu|Poison\n|move|p1b: Gyarados|Waterfall|p2a: Ting-Lu\n|-damage|p2a: Ting-Lu|13\/100\n|move|p1a: Tyranitar|Brick Break|p2a: Ting-Lu\n|-resisted|p2a: Ting-Lu\n|-damage|p2a: Ting-Lu|5\/100\n|move|p2a: Ting-Lu|Rock Slide|p1b: Gyarados|[spread] p1a,p1b\n|-supereffective|p1a: Tyranitar\n|-supereffective|p1b: Gyarados\n|-damage|p1a: Tyranitar|23\/100\n|-damage|p1b: Gyarados|21\/100\n|\n|upkeep\n|turn|9\n|-message|donpapa22 forfeited.\n|\n|win|That_Leek\n|raw|That_Leek's rating: 1210 → 1231<\/strong> (+21 for winning)\n|raw|donpapa22's rating: 1154 → 1133<\/strong> (-21 for losing)\n|l|\u2606donpapa22\n","uploadtime":1682091941,"views":8,"p1id":"thatleek","p2id":"donpapa22","formatid":"gen9vgc2023regulationc","rating":1133,"private":0,"password":""}