{"id":"gen9vgc2023regulationc-1862480605","p1":"CGVtna-tuM","p2":"flyingteam","format":"[Gen 9] VGC 2023 Regulation C","log":"|j|\u2606CGVtna-tuM\n|j|\u2606flyingteam\n|t:|1683892370\n|gametype|doubles\n|player|p1|CGVtna-tuM|psychic-lgpe|\n|player|p2|flyingteam|266|\n|teamsize|p1|6\n|teamsize|p2|6\n|gen|9\n|tier|[Gen 9] VGC 2023 Regulation C\n|rated|Tournament battle\n|rule|Species Clause: Limit one of each Pok\u00e9mon\n|rule|Item Clause: Limit one of each item\n|clearpoke\n|poke|p1|Sableye, L50, F|\n|poke|p1|Lycanroc, L50, F|\n|poke|p1|Hippowdon, L50, M|\n|poke|p1|Glimmora, L50, F|\n|poke|p1|Amoonguss, L50, M|\n|poke|p1|Flutter Mane, L50|\n|poke|p2|Murkrow, L50, F|\n|poke|p2|Chi-Yu, L50|\n|poke|p2|Flutter Mane, L50|\n|poke|p2|Iron Bundle, L50|\n|poke|p2|Great Tusk, L50|\n|poke|p2|Kingambit, L50, F|\n|teampreview|4\n|raw| Open Team Sheet for CGVtna-tuM<\/summary>Sableye @ Sitrus Berry Ability: Prankster Level: 50 Tera Type: Steel - Fake Out - Will-O-Wisp - Encore - Disable Lycanroc @ Focus Sash Ability: Sand Rush Level: 50 Tera Type: Ghost - Rock Slide - Close Combat - Endeavor - Protect Hippowdon @ Leftovers Ability: Sand Stream Level: 50 Tera Type: Steel - Yawn - Earthquake - Stomping Tantrum - Stealth Rock Glimmora @ Assault Vest Ability: Toxic Debris Level: 50 Tera Type: Grass - Mortal Spin - Power Gem - Earth Power - Energy Ball Amoonguss @ Mental Herb Ability: Regenerator Level: 50 Tera Type: Water - Spore - Rage Powder - Pollen Puff - Protect Flutter Mane @ Choice Specs Ability: Protosynthesis Level: 50 Tera Type: Dark - Moonblast - Hex - Dazzling Gleam - Memento <\/details><\/div> Open Team Sheet for flyingteam<\/summary>Murkrow @ Focus Sash Ability: Prankster Level: 50 Tera Type: Ghost - Tailwind - Sunny Day - Foul Play - Taunt Chi-Yu @ Leftovers Ability: Beads of Ruin Level: 50 Tera Type: Water - Nasty Plot - Heat Wave - Dark Pulse - Protect Flutter Mane @ Choice Specs Ability: Protosynthesis Level: 50 Tera Type: Fairy - Moonblast - Dazzling Gleam - Shadow Ball - Thunderbolt Iron Bundle @ Booster Energy Ability: Quark Drive Level: 50 Tera Type: Ghost - Protect - Icy Wind - Freeze-Dry - Hydro Pump Great Tusk @ Life Orb Ability: Protosynthesis Level: 50 Hidden Power: Fighting Tera Type: Ground - Close Combat - Headlong Rush - Earthquake - Protect Kingambit @ Assault Vest Ability: Defiant Level: 50 Tera Type: Fire - Low Kick - Sucker Punch - Iron Head - Kowtow Cleave <\/details><\/div>\n|j| A Borygon\nCGVtna-tuM has agreed to open team sheets.\n|l| A Borygon\n|\n|t:|1683892465\n|start\n|switch|p1a: Hippowdon|Hippowdon, L50, M|100\/100\n|switch|p1b: Lycanroc|Lycanroc, L50, F|100\/100\n|switch|p2a: Murkrow|Murkrow, L50, F|100\/100\n|switch|p2b: Chi-Yu|Chi-Yu, L50|100\/100\n|-ability|p2b: Chi-Yu|Beads of Ruin\n|-weather|Sandstorm|[from] ability: Sand Stream|[of] p1a: Hippowdon\n|turn|1\n|\n|t:|1683892502\n|-terastallize|p2b: Chi-Yu|Water\n|move|p2a: Murkrow|Taunt|p1a: Hippowdon\n|-start|p1a: Hippowdon|move: Taunt\n|move|p1b: Lycanroc|Rock Slide|p2a: Murkrow|[spread] p2a,p2b\n|-supereffective|p2a: Murkrow\n|-enditem|p2a: Murkrow|Focus Sash\n|-damage|p2a: Murkrow|1\/100\n|-damage|p2b: Chi-Yu|69\/100\n|move|p2b: Chi-Yu|Nasty Plot|p2b: Chi-Yu\n|-boost|p2b: Chi-Yu|spa|2\n|cant|p1a: Hippowdon|move: Taunt|Stealth Rock\n|\n|-weather|Sandstorm|[upkeep]\n|-damage|p2a: Murkrow|0 fnt|[from] Sandstorm\n|-damage|p2b: Chi-Yu|63\/100|[from] Sandstorm\n|faint|p2a: Murkrow\n|-heal|p2b: Chi-Yu|69\/100|[from] item: Leftovers\n|upkeep\n|\n|t:|1683892518\n|switch|p2a: Kingambit|Kingambit, L50, F|100\/100\n|turn|2\n|\n|t:|1683892529\n|move|p1b: Lycanroc|Protect|p1b: Lycanroc\n|-singleturn|p1b: Lycanroc|Protect\n|move|p2a: Kingambit|Sucker Punch||[still]\n|-fail|p2a: Kingambit\n|move|p2b: Chi-Yu|Dark Pulse|p1b: Lycanroc\n|-activate|p1b: Lycanroc|move: Protect\n|move|p1a: Hippowdon|Earthquake|p2b: Chi-Yu|[spread] p2a,p2b\n|-activate|p1b: Lycanroc|move: Protect\n|-supereffective|p2a: Kingambit\n|-damage|p2a: Kingambit|59\/100\n|-damage|p2b: Chi-Yu|37\/100\n|\n|-weather|Sandstorm|[upkeep]\n|-damage|p2b: Chi-Yu|31\/100|[from] Sandstorm\n|-heal|p2b: Chi-Yu|37\/100|[from] item: Leftovers\n|upkeep\n|turn|3\n|\n|t:|1683892554\n|switch|p1b: Amoonguss|Amoonguss, L50, M|100\/100\n|move|p2b: Chi-Yu|Protect|p2b: Chi-Yu\n|-singleturn|p2b: Chi-Yu|Protect\n|move|p2a: Kingambit|Iron Head|p1b: Amoonguss\n|-damage|p1b: Amoonguss|62\/100\n|move|p1a: Hippowdon|Earthquake|p2b: Chi-Yu|[spread] p1b,p2a\n|-activate|p2b: Chi-Yu|move: Protect\n|-supereffective|p2a: Kingambit\n|-damage|p1b: Amoonguss|38\/100\n|-damage|p2a: Kingambit|15\/100\n|\n|-weather|Sandstorm|[upkeep]\n|-damage|p2b: Chi-Yu|31\/100|[from] Sandstorm\n|-damage|p1b: Amoonguss|32\/100|[from] Sandstorm\n|-heal|p2b: Chi-Yu|37\/100|[from] item: Leftovers\n|-end|p1a: Hippowdon|move: Taunt\n|upkeep\n|turn|4\n|\n|t:|1683892581\n|switch|p1b: Lycanroc|Lycanroc, L50, F|100\/100\n|move|p2b: Chi-Yu|Heat Wave|p1b: Lycanroc|[spread] p1a,p1b\n|-crit|p1a: Hippowdon\n|-resisted|p1b: Lycanroc\n|-damage|p1a: Hippowdon|0 fnt\n|-damage|p1b: Lycanroc|49\/100\n|faint|p1a: Hippowdon\n|move|p2a: Kingambit|Iron Head|p1b: Lycanroc\n|-supereffective|p1b: Lycanroc\n|-damage|p1b: Lycanroc|0 fnt\n|faint|p1b: Lycanroc\n|\n|-weather|Sandstorm|[upkeep]\n|-damage|p2b: Chi-Yu|31\/100|[from] Sandstorm\n|-heal|p2b: Chi-Yu|37\/100|[from] item: Leftovers\n|upkeep\n|c|\u2606CGVtna-tuM|damn ggs\n|\n|t:|1683892594\n|switch|p1b: Sableye|Sableye, L50, F|100\/100\n|switch|p1a: Amoonguss|Amoonguss, L50, M|66\/100\n|turn|5\n|j| StarX99\n|\n|t:|1683892605\n|-terastallize|p1a: Amoonguss|Water\n|move|p1b: Sableye|Fake Out|p2a: Kingambit\n|-resisted|p2a: Kingambit\n|-damage|p2a: Kingambit|13\/100\n|move|p2b: Chi-Yu|Heat Wave|p1b: Sableye|[spread] \n|-miss|p2b: Chi-Yu|p1a: Amoonguss\n|-miss|p2b: Chi-Yu|p1b: Sableye\n|cant|p2a: Kingambit|flinch\n|move|p1a: Amoonguss|Spore|p2b: Chi-Yu\n|-status|p2b: Chi-Yu|slp|[from] move: Spore\n|\n|-weather|none\n|-heal|p2b: Chi-Yu|43\/100 slp|[from] item: Leftovers\n|upkeep\n|turn|6\n|\n|t:|1683892631\n|switch|p2b: Flutter Mane|Flutter Mane, L50|100\/100\n|move|p1b: Sableye|Encore||[still]\n|-fail|p1b: Sableye\n|move|p2a: Kingambit|Kowtow Cleave|p1a: Amoonguss\n|-damage|p1a: Amoonguss|28\/100\n|move|p1a: Amoonguss|Pollen Puff|p2a: Kingambit\n|-damage|p2a: Kingambit|0 fnt\n|faint|p2a: Kingambit\n|\n|upkeep\n|\n|t:|1683892642\n|switch|p2a: Chi-Yu|Chi-Yu, L50, tera:Water|43\/100 slp\n|-ability|p2a: Chi-Yu|Beads of Ruin\n|turn|7\n|j| PuteroDondozo\n|\n|t:|1683892661\n|move|p1a: Amoonguss|Rage Powder|p1a: Amoonguss\n|-singleturn|p1a: Amoonguss|move: Rage Powder\n|move|p1b: Sableye|Will-O-Wisp|p2b: Flutter Mane\n|-status|p2b: Flutter Mane|brn\n|move|p2b: Flutter Mane|Moonblast|p1a: Amoonguss\n|-damage|p1a: Amoonguss|0 fnt\n|faint|p1a: Amoonguss\n|cant|p2a: Chi-Yu|slp\n|\n|-heal|p2a: Chi-Yu|49\/100 slp|[from] item: Leftovers\n|-damage|p2b: Flutter Mane|95\/100 brn|[from] brn\n|upkeep\n|turn|8\n|\n|t:|1683892681\n|move|p1b: Sableye|Disable|p2b: Flutter Mane\n|-start|p2b: Flutter Mane|Disable|Moonblast\n|cant|p2b: Flutter Mane|Disable|Moonblast\n|-curestatus|p2a: Chi-Yu|slp|[msg]\n|move|p2a: Chi-Yu|Heat Wave|p1b: Sableye|[miss]\n|-miss|p2a: Chi-Yu|p1b: Sableye\n|\n|-heal|p2a: Chi-Yu|55\/100|[from] item: Leftovers\n|-damage|p2b: Flutter Mane|89\/100 brn|[from] brn\n|upkeep\n|turn|9\n|\n|t:|1683892692\n|move|p1b: Sableye|Encore|p2b: Flutter Mane\n|-start|p2b: Flutter Mane|Encore\n|-activate|p2b: Flutter Mane|move: Struggle\n|move|p2b: Flutter Mane|Struggle|p1b: Sableye\n|-damage|p1b: Sableye|97\/100\n|-damage|p2b: Flutter Mane|64\/100 brn|[from] recoil\n|move|p2a: Chi-Yu|Heat Wave|p1b: Sableye\n|-damage|p1b: Sableye|26\/100\n|-enditem|p1b: Sableye|Sitrus Berry|[eat]\n|-heal|p1b: Sableye|51\/100|[from] item: Sitrus Berry\n|\n|-heal|p2a: Chi-Yu|62\/100|[from] item: Leftovers\n|-damage|p2b: Flutter Mane|59\/100 brn|[from] brn\n|upkeep\n|turn|10\n|l| StarX99\n|\n|t:|1683892714\n|move|p1b: Sableye|Disable|p2a: Chi-Yu\n|-start|p2a: Chi-Yu|Disable|Heat Wave\n|-activate|p2b: Flutter Mane|move: Struggle\n|move|p2b: Flutter Mane|Struggle|p1b: Sableye\n|-damage|p1b: Sableye|47\/100\n|-damage|p2b: Flutter Mane|33\/100 brn|[from] recoil\n|cant|p2a: Chi-Yu|Disable|Heat Wave\n|\n|-heal|p2a: Chi-Yu|68\/100|[from] item: Leftovers\n|-damage|p2b: Flutter Mane|28\/100 brn|[from] brn\n|upkeep\n|turn|11\n|\n|t:|1683892725\n|move|p2a: Chi-Yu|Protect|p2a: Chi-Yu\n|-singleturn|p2a: Chi-Yu|Protect\n|move|p1b: Sableye|Encore|p2a: Chi-Yu\n|-activate|p2a: Chi-Yu|move: Protect\n|-activate|p2b: Flutter Mane|move: Struggle\n|move|p2b: Flutter Mane|Struggle|p1b: Sableye\n|-damage|p1b: Sableye|43\/100\n|-damage|p2b: Flutter Mane|3\/100 brn|[from] recoil\n|\n|-heal|p2a: Chi-Yu|74\/100|[from] item: Leftovers\n|-damage|p2b: Flutter Mane|0 fnt|[from] brn\n|faint|p2b: Flutter Mane\n|-end|p2b: Flutter Mane|Protosynthesis|[silent]\n|upkeep\n|turn|12\n|\n|t:|1683892739\n|move|p1b: Sableye|Encore|p2a: Chi-Yu\n|-start|p2a: Chi-Yu|Encore\n|move|p2a: Chi-Yu|Protect||[still]\n|-fail|p2a: Chi-Yu\n|\n|-heal|p2a: Chi-Yu|80\/100|[from] item: Leftovers\n|upkeep\n|turn|13\n|\n|t:|1683892746\n|move|p2a: Chi-Yu|Protect|p2a: Chi-Yu\n|-singleturn|p2a: Chi-Yu|Protect\n|move|p1b: Sableye|Fake Out||[still]\n|-hint|Fake Out only works on your first turn out.\n|-fail|p1b: Sableye\n|\n|-heal|p2a: Chi-Yu|86\/100|[from] item: Leftovers\n|-end|p2a: Chi-Yu|Disable\n|upkeep\n|turn|14\n|\n|t:|1683892763\n|move|p2a: Chi-Yu|Protect||[still]\n|-fail|p2a: Chi-Yu\n|move|p1b: Sableye|Disable|p2a: Chi-Yu\n|-start|p2a: Chi-Yu|Disable|Protect\n|\n|-heal|p2a: Chi-Yu|92\/100|[from] item: Leftovers\n|-end|p2a: Chi-Yu|Encore\n|upkeep\n|turn|15\n|\n|t:|1683892773\n|move|p1b: Sableye|Encore|p2a: Chi-Yu\n|-start|p2a: Chi-Yu|Encore\n|cant|p2a: Chi-Yu|Disable|Protect\n|\n|-heal|p2a: Chi-Yu|99\/100|[from] item: Leftovers\n|upkeep\n|turn|16\n|\n|t:|1683892778\n|move|p1b: Sableye|Will-O-Wisp|p2a: Chi-Yu|[miss]\n|-miss|p1b: Sableye|p2a: Chi-Yu\n|-activate|p2a: Chi-Yu|move: Struggle\n|move|p2a: Chi-Yu|Struggle|p1b: Sableye\n|-damage|p1b: Sableye|33\/100\n|-damage|p2a: Chi-Yu|73\/100|[from] recoil\n|\n|-heal|p2a: Chi-Yu|80\/100|[from] item: Leftovers\n|upkeep\n|turn|17\n|\n|t:|1683892787\n|move|p1b: Sableye|Will-O-Wisp|p2a: Chi-Yu|[miss]\n|-miss|p1b: Sableye|p2a: Chi-Yu\n|-activate|p2a: Chi-Yu|move: Struggle\n|move|p2a: Chi-Yu|Struggle|p1b: Sableye\n|-damage|p1b: Sableye|21\/100\n|-damage|p2a: Chi-Yu|54\/100|[from] recoil\n|\n|-heal|p2a: Chi-Yu|60\/100|[from] item: Leftovers\n|-end|p2a: Chi-Yu|Encore\n|upkeep\n|turn|18\n|c|\u2606CGVtna-tuM|noooo eeek\n|c|\u2606CGVtna-tuM|haha\n|\n|t:|1683892801\n|move|p1b: Sableye|Encore||[still]\n|-fail|p1b: Sableye\n|move|p2a: Chi-Yu|Dark Pulse|p1b: Sableye\n|-damage|p1b: Sableye|0 fnt\n|faint|p1b: Sableye\n|\n|win|flyingteam\n|n|\u2606CGVtna-tuM|cgvtnatum\n|n|\u2606flyingteam|flyingteam\n|n| PuteroDondozo|puterodondozo\n","uploadtime":1683892802,"views":10,"p1id":"cgvtnatum","p2id":"flyingteam","formatid":"gen9vgc2023regulationc","rating":0,"private":0,"password":""}