{"id":"gen9vgc2023regulationc-1852632171","p1":"rescadonacional","p2":"Steakman5","format":"[Gen 9] VGC 2023 Regulation C","log":"|j|\u2606rescadonacional\n|j|\u2606Steakman5\n|t:|1682588415\n|gametype|doubles\n|player|p1|rescadonacional|li|1094\n|player|p2|Steakman5|swimmer-gen4|1178\n|teamsize|p1|6\n|teamsize|p2|6\n|gen|9\n|tier|[Gen 9] VGC 2023 Regulation C\n|rated|\n|rule|Species Clause: Limit one of each Pok\u00e9mon\n|rule|Item Clause: Limit one of each item\n|clearpoke\n|poke|p1|Torkoal, L50, F|\n|poke|p1|Great Tusk, L50|\n|poke|p1|Lilligant, L50, F|\n|poke|p1|Dachsbun, L50, F|\n|poke|p1|Arcanine, L50, F|\n|poke|p1|Orthworm, L50, M|\n|poke|p2|Flamigo, L50, M|\n|poke|p2|Meowscarada, L50, M|\n|poke|p2|Tauros-Paldea-Blaze, L50, M|\n|poke|p2|Dondozo, L50, M|\n|poke|p2|Flutter Mane, L50|\n|poke|p2|Tatsugiri-Droopy, L50, F|\n|teampreview|4\n|inactive|Battle timer is ON: inactive players will automatically lose when time's up. (requested by rescadonacional)\nrescadonacional rejected open team sheets.\n|\n|t:|1682588480\n|start\n|switch|p1a: Torkoal|Torkoal, L50, F|100\/100\n|switch|p1b: Lilligant|Lilligant, L50, F, shiny|100\/100\n|switch|p2a: Meowscarada|Meowscarada, L50, M|100\/100\n|switch|p2b: Tauros|Tauros-Paldea-Blaze, L50, M|100\/100\n|-weather|SunnyDay|[from] ability: Drought|[of] p1a: Torkoal\n|turn|1\n|inactive|rescadonacional has 30 seconds left.\n|\n|t:|1682588514\n|move|p1b: Lilligant|Sleep Powder|p2b: Tauros\n|-status|p2b: Tauros|slp|[from] move: Sleep Powder\n|move|p2a: Meowscarada|Flower Trick|p2b: Tauros\n|-start|p2a: Meowscarada|typechange|Grass|[from] ability: Protean\n|-resisted|p2b: Tauros\n|-crit|p2b: Tauros\n|-damage|p2b: Tauros|74\/100 slp\n|-setboost|p2b: Tauros|atk|6|[from] ability: Anger Point\n|cant|p2b: Tauros|slp\n|move|p1a: Torkoal|Eruption|p2a: Meowscarada|[spread] p2a,p2b\n|-supereffective|p2a: Meowscarada\n|-resisted|p2b: Tauros\n|-enditem|p2a: Meowscarada|Focus Sash\n|-damage|p2a: Meowscarada|1\/100\n|-damage|p2b: Tauros|42\/100 slp\n|\n|-weather|SunnyDay|[upkeep]\n|upkeep\n|turn|2\n|inactive|rescadonacional has 30 seconds left.\n|\n|t:|1682588544\n|move|p1b: Lilligant|Energy Ball|p2b: Tauros\n|-resisted|p2b: Tauros\n|-damage|p2b: Tauros|10\/100 slp\n|-damage|p1b: Lilligant|91\/100|[from] item: Life Orb\n|move|p2a: Meowscarada|U-turn|p1b: Lilligant\n|-supereffective|p1b: Lilligant\n|-damage|p1b: Lilligant|23\/100\n|\n|t:|1682588552\n|switch|p2a: Flamigo|Flamigo, L50, M|100\/100|[from] U-turn\n|-copyboost|p2a: Flamigo|p2b: Tauros|[from] ability: Costar\n|-curestatus|p2b: Tauros|slp|[msg]\n|move|p2b: Tauros|Earthquake|p1a: Torkoal|[spread] p1a,p1b\n|-immune|p2a: Flamigo\n|-supereffective|p1a: Torkoal\n|-resisted|p1b: Lilligant\n|-damage|p1a: Torkoal|0 fnt\n|-damage|p1b: Lilligant|0 fnt\n|faint|p1a: Torkoal\n|faint|p1b: Lilligant\n|\n|-weather|SunnyDay|[upkeep]\n|upkeep\n|\n|t:|1682588563\n|switch|p1b: Dachsbun|Dachsbun, L50, F|100\/100\n|switch|p1a: Great Tusk|Great Tusk, L50|100\/100\n|-activate|p1a: Great Tusk|ability: Protosynthesis\n|-start|p1a: Great Tusk|protosynthesisatk\n|turn|3\n|\n|t:|1682588585\n|move|p2b: Tauros|Earthquake|p1b: Dachsbun|[spread] p1a,p1b\n|-immune|p2a: Flamigo\n|-damage|p1a: Great Tusk|37\/100\n|-damage|p1b: Dachsbun|36\/100\n|move|p2a: Flamigo|Brave Bird|p1a: Great Tusk\n|-supereffective|p1a: Great Tusk\n|-damage|p1a: Great Tusk|0 fnt\n|faint|p1a: Great Tusk\n|-end|p1a: Great Tusk|Protosynthesis|[silent]\n|-damage|p2a: Flamigo|84\/100|[from] Recoil\n|move|p1b: Dachsbun|Yawn|p2a: Flamigo\n|-start|p2a: Flamigo|move: Yawn|[of] p1b: Dachsbun\n|\n|-weather|SunnyDay|[upkeep]\n|upkeep\n|turn|4\n|\n|t:|1682588599\n|move|p1b: Dachsbun|Protect|p1b: Dachsbun\n|-singleturn|p1b: Dachsbun|Protect\n|move|p2b: Tauros|Earthquake|p1b: Dachsbun|[spread] \n|-activate|p1b: Dachsbun|move: Protect\n|-immune|p2a: Flamigo\n|move|p2a: Flamigo|Brave Bird|p1b: Dachsbun\n|-activate|p1b: Dachsbun|move: Protect\n|\n|-weather|SunnyDay|[upkeep]\n|-end|p2a: Flamigo|move: Yawn|[silent]\n|-status|p2a: Flamigo|slp\n|upkeep\n|turn|5\n|\n|t:|1682588611\n|move|p2b: Tauros|Earthquake|p1b: Dachsbun|[spread] p1b\n|-immune|p2a: Flamigo\n|-damage|p1b: Dachsbun|0 fnt\n|faint|p1b: Dachsbun\n|\n|win|Steakman5\n|raw|rescadonacional's rating: 1094 → 1076<\/strong> (-18 for losing)\n|raw|Steakman5's rating: 1178 → 1197<\/strong> (+19 for winning)\n|l|\u2606rescadonacional\n","uploadtime":1682588618,"views":10,"p1id":"rescadonacional","p2id":"steakman5","formatid":"gen9vgc2023regulationc","rating":1076,"private":0,"password":""}