{"id":"gen9vgc2023regulationc-1851566785","p1":"N3rdSl4y3r","p2":"5wamp","format":"[Gen 9] VGC 2023 Regulation C","log":"|j|\u2606N3rdSl4y3r\n|j|\u26065wamp\n|t:|1682456382\n|gametype|doubles\n|player|p1|N3rdSl4y3r|rika|\n|player|p2|5wamp|265|\n|teamsize|p1|6\n|teamsize|p2|6\n|gen|9\n|tier|[Gen 9] VGC 2023 Regulation C\n|rule|Species Clause: Limit one of each Pok\u00e9mon\n|rule|Item Clause: Limit one of each item\n|clearpoke\n|poke|p1|Breloom, L50, F|\n|poke|p1|Chi-Yu, L50|\n|poke|p1|Azumarill, L50, F|\n|poke|p1|Baxcalibur, L50, M|\n|poke|p1|Flutter Mane, L50|\n|poke|p1|Maushold-Four, L50|\n|poke|p2|Flutter Mane, L50|\n|poke|p2|Arcanine, L50, M|\n|poke|p2|Amoonguss, L50, F|\n|poke|p2|Ting-Lu, L50|\n|poke|p2|Kingambit, L50, F|\n|poke|p2|Palafin, L50, F|\n|teampreview|4\n|c|\u26065wamp|glhf\n|c|\u26065wamp|116+ SpA Protosynthesis Flutter Mane Shadow Ball vs. 236 HP \/ 4 SpD Flutter Mane: 140-168 (87.5 - 105%) -- 25% chance to OHKO\n|c|\u26065wamp|i thought id live that lmao\n|c|\u26065wamp|ggs\n5wamp has agreed to open team sheets.\n|c|\u2606N3rdSl4y3r|DAMN\n|c|\u2606N3rdSl4y3r|thats lucky\n|c|\u2606N3rdSl4y3r|glhf\nN3rdSl4y3r has agreed to open team sheets.\n|c|\u26065wamp|glhf\n|c|\u26065wamp|shouldve locked in the read lol\n|\n|t:|1682456444\n|start\n|switch|p1a: Cryolophosaurus|Baxcalibur, L50, M|100\/100\n|switch|p1b: GOAT|Breloom, L50, F, shiny|100\/100\n|switch|p2a: SAFARI|Palafin, L50, F, shiny|100\/100\n|switch|p2b: DOGTOOTH|Arcanine, L50, M|100\/100\n|-ability|p2b: DOGTOOTH|Intimidate|boost\n|-fail|p1a: Cryolophosaurus|unboost|[from] item: Clear Amulet|[of] p1a: Cryolophosaurus\n|-unboost|p1b: GOAT|atk|1\n|turn|1\n|\n|t:|1682456470\n|move|p1b: GOAT|Protect|p1b: GOAT\n|-singleturn|p1b: GOAT|Protect\n|move|p2a: SAFARI|Jet Punch|p1b: GOAT\n|-activate|p1b: GOAT|move: Protect\n|move|p1a: Cryolophosaurus|Glaive Rush|p2b: DOGTOOTH\n|-damage|p2b: DOGTOOTH|23\/100\n|-singlemove|p1a: Cryolophosaurus|Glaive Rush|[silent]\n|move|p2b: DOGTOOTH|Flare Blitz|p1b: GOAT\n|-activate|p1b: GOAT|move: Protect\n|\n|upkeep\n|turn|2\n|c|\u26065wamp|f\n|\n|t:|1682456511\n|switch|p2b: PUPPET|Flutter Mane, L50, shiny|100\/100\n|-enditem|p2b: PUPPET|Booster Energy\n|-activate|p2b: PUPPET|ability: Protosynthesis|[fromitem]\n|-start|p2b: PUPPET|protosynthesisspa\n|detailschange|p2a: SAFARI|Palafin-Hero, L50, F, shiny\n|switch|p2a: OKRA|Amoonguss, L50, F|100\/100\n|switch|p1b: Jorunna Parva|Azumarill, L50, F, shiny|100\/100\n|move|p1a: Cryolophosaurus|Protect||[still]\n|-fail|p1a: Cryolophosaurus\n|\n|upkeep\n|turn|3\n|\n|t:|1682456551\n|switch|p1b: samuel(s)|Maushold-Four, L50, shiny|100\/100\n|-terastallize|p2a: OKRA|Water\n|move|p1a: Cryolophosaurus|Protect|p1a: Cryolophosaurus\n|-singleturn|p1a: Cryolophosaurus|Protect\n|move|p2a: OKRA|Rage Powder|p2a: OKRA\n|-singleturn|p2a: OKRA|move: Rage Powder\n|move|p2b: PUPPET|Dazzling Gleam|p1a: Cryolophosaurus|[spread] p1b\n|-activate|p1a: Cryolophosaurus|move: Protect\n|-damage|p1b: samuel(s)|46\/100\n|\n|upkeep\n|turn|4\n|\n|t:|1682456569\n|-terastallize|p1a: Cryolophosaurus|Poison\n|move|p1b: samuel(s)|Protect|p1b: samuel(s)\n|-singleturn|p1b: samuel(s)|Protect\n|move|p2b: PUPPET|Protect|p2b: PUPPET\n|-singleturn|p2b: PUPPET|Protect\n|move|p1a: Cryolophosaurus|Glaive Rush|p2a: OKRA\n|-damage|p2a: OKRA|36\/100\n|-singlemove|p1a: Cryolophosaurus|Glaive Rush|[silent]\n|-enditem|p2a: OKRA|Sitrus Berry|[eat]\n|-heal|p2a: OKRA|61\/100|[from] item: Sitrus Berry\n|move|p2a: OKRA|Spore|p1a: Cryolophosaurus\n|-status|p1a: Cryolophosaurus|slp|[from] move: Spore\n|\n|upkeep\n|turn|5\n|\n|t:|1682456606\n|switch|p2a: SAFARI|Palafin-Hero, L50, F, shiny|100\/100\n|-activate|p2a: SAFARI|ability: Zero to Hero\n|move|p1b: samuel(s)|Protect|p1b: samuel(s)\n|-singleturn|p1b: samuel(s)|Protect\n|move|p2b: PUPPET|Dazzling Gleam|p1a: Cryolophosaurus|[spread] p1a\n|-activate|p1b: samuel(s)|move: Protect\n|-resisted|p1a: Cryolophosaurus\n|-damage|p1a: Cryolophosaurus|66\/100 slp\n|cant|p1a: Cryolophosaurus|slp\n|\n|upkeep\n|turn|6\n|c|\u2606N3rdSl4y3r|oh I double protected\n|c|\u2606N3rdSl4y3r|I didn't even realize\n|c|\u26065wamp|lmao\n|\n|t:|1682456629\n|move|p1b: samuel(s)|Follow Me|p1b: samuel(s)\n|-singleturn|p1b: samuel(s)|move: Follow Me\n|move|p2a: SAFARI|Jet Punch|p1b: samuel(s)\n|-damage|p1b: samuel(s)|0 fnt\n|faint|p1b: samuel(s)\n|move|p2b: PUPPET|Shadow Ball|p1a: Cryolophosaurus\n|-damage|p1a: Cryolophosaurus|5\/100 slp\n|-curestatus|p1a: Cryolophosaurus|slp|[msg]\n|move|p1a: Cryolophosaurus|Glaive Rush|p2a: SAFARI\n|-damage|p2a: SAFARI|33\/100\n|-singlemove|p1a: Cryolophosaurus|Glaive Rush|[silent]\n|\n|upkeep\n|c|\u26065wamp|the shadow ball not killing is huge\n|c|\u2606N3rdSl4y3r|thinking is overrated\n|c|\u26065wamp|bax is so good\n|c|\u2606N3rdSl4y3r|when you can click glaive rush\n|\n|t:|1682456667\n|switch|p1b: Jorunna Parva|Azumarill, L50, F, shiny|100\/100\n|turn|7\n|\n|t:|1682456689\n|switch|p2a: DOGTOOTH|Arcanine, L50, M|23\/100\n|-ability|p2a: DOGTOOTH|Intimidate|boost\n|-fail|p1a: Cryolophosaurus|unboost|[from] item: Clear Amulet|[of] p1a: Cryolophosaurus\n|-unboost|p1b: Jorunna Parva|atk|1\n|move|p2b: PUPPET|Shadow Ball|p1b: Jorunna Parva\n|-damage|p1b: Jorunna Parva|49\/100\n|-enditem|p1b: Jorunna Parva|Sitrus Berry|[eat]\n|-heal|p1b: Jorunna Parva|74\/100|[from] item: Sitrus Berry\n|move|p1a: Cryolophosaurus|Glaive Rush|p2a: DOGTOOTH\n|-damage|p2a: DOGTOOTH|0 fnt\n|-singlemove|p1a: Cryolophosaurus|Glaive Rush|[silent]\n|faint|p2a: DOGTOOTH\n|move|p1b: Jorunna Parva|Play Rough|p2b: PUPPET\n|-damage|p2b: PUPPET|39\/100\n|\n|upkeep\n|\n|t:|1682456704\n|switch|p2a: OKRA|Amoonguss, L50, F, tera:Water|94\/100\n|turn|8\n|\n|t:|1682456713\n|switch|p1a: GOAT|Breloom, L50, F, shiny|100\/100\n|move|p2a: OKRA|Rage Powder|p2a: OKRA\n|-singleturn|p2a: OKRA|move: Rage Powder\n|move|p2b: PUPPET|Dazzling Gleam|p1b: Jorunna Parva|[spread] p1a,p1b\n|-supereffective|p1a: GOAT\n|-damage|p1a: GOAT|0 fnt\n|-damage|p1b: Jorunna Parva|30\/100\n|faint|p1a: GOAT\n|move|p1b: Jorunna Parva|Perish Song|p1b: Jorunna Parva\n|-start|p1b: Jorunna Parva|perish3|[silent]\n|-start|p2a: OKRA|perish3|[silent]\n|-start|p2b: PUPPET|perish3|[silent]\n|-fieldactivate|move: Perish Song\n|\n|-start|p2b: PUPPET|perish3\n|-start|p1b: Jorunna Parva|perish3\n|-start|p2a: OKRA|perish3\n|upkeep\n|c|\u2606N3rdSl4y3r|ye\n|c|\u2606N3rdSl4y3r|I saw that coming\n|c|\u2606N3rdSl4y3r|but\n|c|\u2606N3rdSl4y3r|I didn't\n|c|\u26065wamp|nothing you could do\n|\n|t:|1682456739\n|switch|p1a: Cryolophosaurus|Baxcalibur, L50, M, tera:Poison|5\/100\n|turn|9\n|c|\u2606N3rdSl4y3r|gg great set\n|c|\u26065wamp|ggs\n|c|\u26065wamp|just like\n|c|\u2606N3rdSl4y3r|just one sec\n|\n|t:|1682456760\n|move|p1a: Cryolophosaurus|Protect|p1a: Cryolophosaurus\n|-singleturn|p1a: Cryolophosaurus|Protect\n|move|p1b: Jorunna Parva|Protect|p1b: Jorunna Parva\n|-singleturn|p1b: Jorunna Parva|Protect\n|move|p2a: OKRA|Rage Powder|p2a: OKRA\n|-singleturn|p2a: OKRA|move: Rage Powder\n|move|p2b: PUPPET|Dazzling Gleam|p1a: Cryolophosaurus|[spread] \n|-activate|p1a: Cryolophosaurus|move: Protect\n|-activate|p1b: Jorunna Parva|move: Protect\n|\n|-start|p2b: PUPPET|perish2\n|-start|p1b: Jorunna Parva|perish2\n|-start|p2a: OKRA|perish2\n|upkeep\n|turn|10\n|c|\u26065wamp|get 3 protcts on each\n|c|\u2606N3rdSl4y3r|double trip protect\n|c|\u26065wamp|ez\n|\n|t:|1682456773\n|move|p1a: Cryolophosaurus|Protect|p1a: Cryolophosaurus\n|-singleturn|p1a: Cryolophosaurus|Protect\n|move|p1b: Jorunna Parva|Protect|p1b: Jorunna Parva\n|-singleturn|p1b: Jorunna Parva|Protect\n|move|p2b: PUPPET|Dazzling Gleam|p1b: Jorunna Parva|[spread] \n|-activate|p1a: Cryolophosaurus|move: Protect\n|-activate|p1b: Jorunna Parva|move: Protect\n|move|p2a: OKRA|Pollen Puff|p2b: PUPPET\n|-heal|p2b: PUPPET|89\/100\n|\n|-start|p2b: PUPPET|perish1\n|-start|p1b: Jorunna Parva|perish1\n|-start|p2a: OKRA|perish1\n|upkeep\n|turn|11\n|c|\u26065wamp|no way\n|c|\u2606N3rdSl4y3r|LOL\n|\n|t:|1682456792\n|-end|p2b: PUPPET|Protosynthesis|[silent]\n|switch|p2b: SAFARI|Palafin-Hero, L50, F, shiny|33\/100\n|move|p1a: Cryolophosaurus|Glaive Rush|p2a: OKRA\n|-damage|p2a: OKRA|38\/100\n|-singlemove|p1a: Cryolophosaurus|Glaive Rush|[silent]\n|move|p1b: Jorunna Parva|Play Rough|p2b: SAFARI|[miss]\n|-miss|p1b: Jorunna Parva|p2b: SAFARI\n|move|p2a: OKRA|Pollen Puff|p1a: Cryolophosaurus\n|-resisted|p1a: Cryolophosaurus\n|-damage|p1a: Cryolophosaurus|0 fnt\n|faint|p1a: Cryolophosaurus\n|\n|-start|p1b: Jorunna Parva|perish0\n|-start|p2a: OKRA|perish0\n|upkeep\n|faint|p1b: Jorunna Parva\n|faint|p2a: OKRA\n|\n|win|5wamp\n|c|\u26065wamp|gg\n|c|\u2606N3rdSl4y3r|lol gg\n|c|\u26065wamp|nearly\n|c|\u26065wamp|the team is cool\n|c|\u26065wamp|its kinda weak to flutter tho\n|c|\u2606N3rdSl4y3r|ye\n|c|\u26065wamp|i just need to position it correctly\n|c|\u2606N3rdSl4y3r|I have a chart\n|c|\u2606N3rdSl4y3r|and its not kinda weak\n|c|\u2606N3rdSl4y3r|ITS RLY WEAK\n|c|\u26065wamp|lmfao\n|c|\u26065wamp|i have a way\n|c|\u2606N3rdSl4y3r|I usually have to tera either bax or chi yu\n|c|\u26065wamp|early format i messed around with ddance bax\n|c|\u26065wamp|next to maus\n|c|\u26065wamp|which could be cool\n|c|\u2606N3rdSl4y3r|oh ye\n|c|\u2606N3rdSl4y3r|I've seen it around\n|c|\u2606N3rdSl4y3r|its not bad at all\n|c|\u26065wamp|and so after 1 ddance you outspeed flutter\n|c|\u26065wamp|and can just ohko\n|c|\u2606N3rdSl4y3r|what do u think of lorb bax so I can tera and get rid of any bulky flutters with icicle crash?\n|c|\u26065wamp|i could see it\n|c|\u26065wamp|but like\n|c|\u26065wamp|whenever a flutter is next to arcanine\n|c|\u26065wamp|you wont ohko\n|c|\u2606N3rdSl4y3r|true true\n|c|\u2606N3rdSl4y3r|chi yu is kind of hard to use to counter palance\n|c|\u2606N3rdSl4y3r|cause palafin\n|c|\u26065wamp|ye\n|c|\u2606N3rdSl4y3r|lorb is the only thing I can think of so far rly\n|c|\u26065wamp|i mean\n|c|\u26065wamp|tera grass blast yu\n|c|\u26065wamp|is cool\n|c|\u2606N3rdSl4y3r|oh thats rly neat\n|c|\u26065wamp|scarf might be better on it for that\n|c|\u2606N3rdSl4y3r|I'll keep it in mind lol\n|c|\u26065wamp|ye\n|c|\u26065wamp|lmk if you ever want more games\n|c|\u2606N3rdSl4y3r|ye totally it was fun\n|c|\u26065wamp|gg\n|l|\u26065wamp\n|c|\u2606N3rdSl4y3r|gg\n","uploadtime":1682457054,"views":1,"p1id":"n3rdsl4y3r","p2id":"5wamp","formatid":"gen9vgc2023regulationc","rating":0,"private":0,"password":""}