{"id":"gen9vgc2023regulationc-1864156778","p1":"M175128050523","p2":"Aridee","format":"[Gen 9] VGC 2023 Regulation C","log":"|j|\u2606M175128050523\n|j|\u2606Aridee\n|t:|1684126592\n|gametype|doubles\n|player|p1|M175128050523|silver|1149\n|player|p2|Aridee|burglar|1085\n|teamsize|p1|6\n|teamsize|p2|6\n|gen|9\n|tier|[Gen 9] VGC 2023 Regulation C\n|rated|\n|rule|Species Clause: Limit one of each Pok\u00e9mon\n|rule|Item Clause: Limit one of each item\n|clearpoke\n|poke|p1|Orthworm, L50, M|\n|poke|p1|Iron Hands, L50|\n|poke|p1|Flutter Mane, L50|\n|poke|p1|Gholdengo, L50|\n|poke|p1|Gyarados, L50, M|\n|poke|p1|Ting-Lu, L50|\n|poke|p2|Toxicroak, L50, M|\n|poke|p2|Pelipper, L50, M|\n|poke|p2|Goodra, L50, M|\n|poke|p2|Beartic, L50, M|\n|poke|p2|Brute Bonnet, L50|\n|poke|p2|Scizor, L50, M|\n|teampreview|4\nM175128050523 has agreed to open team sheets.\n|inactive|Battle timer is ON: inactive players will automatically lose when time's up. (requested by Aridee)\nAridee rejected open team sheets.\n|inactive|M175128050523 has 60 seconds left.\n|\n|t:|1684126673\n|start\n|switch|p1a: Orthworm|Orthworm, L50, M|100\/100\n|switch|p1b: Gyarados|Gyarados, L50, M|100\/100\n|switch|p2a: Brute Bonnet|Brute Bonnet, L50|100\/100\n|switch|p2b: Scizor|Scizor, L50, M|100\/100\n|-ability|p1b: Gyarados|Intimidate|boost\n|-unboost|p2a: Brute Bonnet|atk|1\n|-fail|p2b: Scizor|unboost|[from] item: Clear Amulet|[of] p2b: Scizor\n|-enditem|p2a: Brute Bonnet|Booster Energy\n|-activate|p2a: Brute Bonnet|ability: Protosynthesis|[fromitem]\n|-start|p2a: Brute Bonnet|protosynthesisspd\n|turn|1\n|inactive|Aridee has 30 seconds left.\n|\n|t:|1684126698\n|switch|p1b: Iron Hands|Iron Hands, L50|100\/100\n|switch|p2b: Pelipper|Pelipper, L50, M|100\/100\n|-weather|RainDance|[from] ability: Drizzle|[of] p2b: Pelipper\n|move|p1a: Orthworm|Protect|p1a: Orthworm\n|-singleturn|p1a: Orthworm|Protect\n|move|p2a: Brute Bonnet|Spore|p1b: Iron Hands\n|-status|p1b: Iron Hands|slp|[from] move: Spore\n|\n|-weather|RainDance|[upkeep]\n|upkeep\n|turn|2\n|inactive|Aridee has 30 seconds left.\n|\n|t:|1684126726\n|switch|p2b: Scizor|Scizor, L50, M|100\/100\n|cant|p1b: Iron Hands|slp\n|move|p1a: Orthworm|Shed Tail|p1a: Orthworm\n|-start|p1a: Orthworm|Substitute|[from] move: Shed Tail\n|-damage|p1a: Orthworm|50\/100\n|-enditem|p1a: Orthworm|Sitrus Berry|[eat]\n|-heal|p1a: Orthworm|75\/100|[from] item: Sitrus Berry\n|\n|t:|1684126746\n|switch|p1a: Gyarados|Gyarados, L50, M|100\/100|[from] Shed Tail\n|-ability|p1a: Gyarados|Intimidate|boost\n|-unboost|p2a: Brute Bonnet|atk|1\n|-fail|p2b: Scizor|unboost|[from] item: Clear Amulet|[of] p2b: Scizor\n|move|p2a: Brute Bonnet|Thief|p1b: Iron Hands\n|-resisted|p1b: Iron Hands\n|-damage|p1b: Iron Hands|96\/100 slp\n|-enditem|p1b: Iron Hands|Assault Vest|[silent]|[from] move: Thief|[of] p2a: Brute Bonnet\n|-item|p2a: Brute Bonnet|Assault Vest|[from] move: Thief|[of] p1b: Iron Hands\n|\n|-weather|RainDance|[upkeep]\n|upkeep\n|turn|3\n|\n|t:|1684126770\n|-end|p2a: Brute Bonnet|Protosynthesis|[silent]\n|switch|p2a: Pelipper|Pelipper, L50, M|100\/100\n|move|p1a: Gyarados|Dragon Dance|p1a: Gyarados\n|-boost|p1a: Gyarados|atk|1\n|-boost|p1a: Gyarados|spe|1\n|move|p2b: Scizor|Swords Dance|p2b: Scizor\n|-boost|p2b: Scizor|atk|2\n|-curestatus|p1b: Iron Hands|slp|[msg]\n|move|p1b: Iron Hands|Volt Switch|p2a: Pelipper\n|-supereffective|p2a: Pelipper\n|-damage|p2a: Pelipper|29\/100\n|\n|t:|1684126790\n|-end|p1b: Iron Hands|Quark Drive|[silent]\n|switch|p1b: Orthworm|Orthworm, L50, M|75\/100|[from] Volt Switch\n|\n|-weather|RainDance|[upkeep]\n|upkeep\n|turn|4\n|\n|t:|1684126806\n|move|p2b: Scizor|Bullet Punch|p1a: Gyarados\n|-resisted|p1a: Gyarados\n|-end|p1a: Gyarados|Substitute\n|move|p1a: Gyarados|Waterfall|p2b: Scizor\n|-damage|p2b: Scizor|7\/100\n|move|p2a: Pelipper|Icy Wind|p1a: Gyarados|[spread] p1a,p1b\n|-resisted|p1b: Orthworm\n|-damage|p1a: Gyarados|90\/100\n|-damage|p1b: Orthworm|71\/100\n|-unboost|p1a: Gyarados|spe|1\n|-unboost|p1b: Orthworm|spe|1\n|move|p1b: Orthworm|Shed Tail|p1b: Orthworm\n|-start|p1b: Orthworm|Substitute|[from] move: Shed Tail\n|-damage|p1b: Orthworm|21\/100\n|\n|t:|1684126822\n|switch|p1b: Iron Hands|Iron Hands, L50|96\/100|[from] Shed Tail\n|\n|-weather|RainDance|[upkeep]\n|upkeep\n|turn|5\n|\n|t:|1684126838\n|move|p1b: Iron Hands|Fake Out|p2b: Scizor\n|-resisted|p2b: Scizor\n|-damage|p2b: Scizor|0 fnt\n|faint|p2b: Scizor\n|move|p1a: Gyarados|Waterfall|p2a: Pelipper\n|-resisted|p2a: Pelipper\n|-damage|p2a: Pelipper|0 fnt\n|faint|p2a: Pelipper\n|\n|-weather|RainDance|[upkeep]\n|upkeep\n|\n|t:|1684126842\n|switch|p2a: Brute Bonnet|Brute Bonnet, L50|100\/100\n|switch|p2b: Toxicroak|Toxicroak, L50, M, shiny|100\/100\n|turn|6\n|\n|t:|1684126864\n|move|p1a: Gyarados|Protect|p1a: Gyarados\n|-singleturn|p1a: Gyarados|Protect\n|move|p2b: Toxicroak|Rock Slide|p1b: Iron Hands|[spread] \n|-activate|p1a: Gyarados|move: Protect\n|-miss|p2b: Toxicroak|p1b: Iron Hands\n|move|p2a: Brute Bonnet|Seed Bomb|p1a: Gyarados\n|-activate|p1a: Gyarados|move: Protect\n|move|p1b: Iron Hands|Drain Punch|p2a: Brute Bonnet\n|-supereffective|p2a: Brute Bonnet\n|-damage|p2a: Brute Bonnet|39\/100\n|-heal|p1b: Iron Hands|100\/100|[from] drain|[of] p2a: Brute Bonnet\n|\n|-weather|RainDance|[upkeep]\n|upkeep\n|turn|7\n|-message|Aridee forfeited.\n|\n|win|M175128050523\n|raw|M175128050523's rating: 1149 → 1169<\/strong> (+20 for winning)\n|raw|Aridee's rating: 1085 → 1066<\/strong> (-19 for losing)\n|l|\u2606Aridee\n","uploadtime":1684126884,"views":5,"p1id":"m175128050523","p2id":"aridee","formatid":"gen9vgc2023regulationc","rating":1066,"private":0,"password":""}