{"id":"gen9vgc2023regulationc-1861566198","p1":"Animauwu","p2":"MeteorPlayz_","format":"[Gen 9] VGC 2023 Regulation C","log":"|j|\u2606Animauwu\n|j|\u2606MeteorPlayz_\n|t:|1683774107\n|gametype|doubles\n|player|p1|Animauwu|pokekid|\n|player|p2|MeteorPlayz_|az|\n|teamsize|p1|6\n|teamsize|p2|6\n|gen|9\n|tier|[Gen 9] VGC 2023 Regulation C\n|rule|Species Clause: Limit one of each Pok\u00e9mon\n|rule|Item Clause: Limit one of each item\n|clearpoke\n|poke|p1|Tauros-Paldea-Blaze, L50, M|\n|poke|p1|Iron Bundle, L50|\n|poke|p1|Meowscarada, L50, F|\n|poke|p1|Flamigo, L50, F|\n|poke|p1|Bronzong, L50|\n|poke|p1|Oranguru, L50, F|\n|poke|p2|Pawmot, L50, F|\n|poke|p2|Kilowattrel, L50, M|\n|poke|p2|Gholdengo, L50|\n|poke|p2|Chi-Yu, L50|\n|poke|p2|Iron Bundle, L50|\n|poke|p2|Roaring Moon, L50|\n|teampreview|4\n|\n|t:|1683774155\n|start\n|switch|p1a: Iron Bundle|Iron Bundle, L50|100\/100\n|switch|p1b: Flamigo|Flamigo, L50, F|100\/100\n|switch|p2a: Moomin|Roaring Moon, L50|100\/100\n|switch|p2b: Zenigata|Gholdengo, L50|100\/100\n|-copyboost|p1b: Flamigo|p1a: Iron Bundle|[from] ability: Costar\n|-enditem|p2a: Moomin|Booster Energy\n|-activate|p2a: Moomin|ability: Protosynthesis|[fromitem]\n|-start|p2a: Moomin|protosynthesisatk\n|turn|1\n|inactive|Battle timer is ON: inactive players will automatically lose when time's up. (requested by Animauwu)\n|inactive|Animauwu has 60 seconds left.\n|\n|t:|1683774192\n|switch|p1b: Bronzong|Bronzong, L50|100\/100\n|move|p1a: Iron Bundle|Ice Beam|p2b: Zenigata\n|-resisted|p2b: Zenigata\n|-damage|p2b: Zenigata|73\/100\n|-status|p2b: Zenigata|frz\n|cant|p2b: Zenigata|frz\n|move|p2a: Moomin|Acrobatics|p1b: Bronzong\n|-resisted|p1b: Bronzong\n|-crit|p1b: Bronzong\n|-damage|p1b: Bronzong|63\/100\n|\n|-heal|p1b: Bronzong|69\/100|[from] item: Leftovers\n|upkeep\n|turn|2\n|inactive|Animauwu has 30 seconds left.\n|\n|t:|1683774221\n|switch|p2b: Zapdon\u2019t|Kilowattrel, L50, M, shiny|100\/100\n|move|p1a: Iron Bundle|Ice Beam|p2a: Moomin\n|-supereffective|p2a: Moomin\n|-damage|p2a: Moomin|28\/100\n|move|p2a: Moomin|Earthquake|p1a: Iron Bundle|[spread] p1a\n|-immune|p2b: Zapdon\u2019t\n|-immune|p1b: Bronzong|[from] ability: Levitate\n|-damage|p1a: Iron Bundle|52\/100\n|move|p1b: Bronzong|Reflect|p1b: Bronzong\n|-sidestart|p1: Animauwu|Reflect\n|\n|-heal|p1b: Bronzong|74\/100|[from] item: Leftovers\n|upkeep\n|turn|3\n|\n|t:|1683774245\n|move|p1a: Iron Bundle|Ice Beam|p2b: Zapdon\u2019t\n|-supereffective|p2b: Zapdon\u2019t\n|-damage|p2b: Zapdon\u2019t|0 fnt\n|faint|p2b: Zapdon\u2019t\n|move|p2a: Moomin|Throat Chop|p1b: Bronzong\n|-supereffective|p1b: Bronzong\n|-damage|p1b: Bronzong|10\/100\n|-start|p1b: Bronzong|Throat Chop|[silent]\n|move|p1b: Bronzong|Night Shade|p2a: Moomin\n|-damage|p2a: Moomin|5\/100\n|\n|-heal|p1b: Bronzong|15\/100|[from] item: Leftovers\n|upkeep\n|\n|t:|1683774255\n|switch|p2b: Zenigata|Gholdengo, L50|73\/100 frz\n|turn|4\n|\n|t:|1683774267\n|move|p1a: Iron Bundle|Ice Beam|p2a: Moomin\n|-supereffective|p2a: Moomin\n|-damage|p2a: Moomin|0 fnt\n|faint|p2a: Moomin\n|-end|p2a: Moomin|Protosynthesis|[silent]\n|cant|p2b: Zenigata|frz\n|move|p1b: Bronzong|Light Screen|p1b: Bronzong\n|-sidestart|p1: Animauwu|move: Light Screen\n|\n|-heal|p1b: Bronzong|21\/100|[from] item: Leftovers\n|-end|p1b: Bronzong|Throat Chop|[silent]\n|upkeep\n|\n|t:|1683774275\n|switch|p2a: Cadenza|Pawmot, L50, F|100\/100\n|turn|5\n|\n|t:|1683774293\n|move|p1a: Iron Bundle|Hydro Pump|p2a: Cadenza|[miss]\n|-miss|p1a: Iron Bundle|p2a: Cadenza\n|-curestatus|p2b: Zenigata|frz|[msg]\n|move|p2b: Zenigata|Make It Rain|p1b: Bronzong|[spread] p1a,p1b\n|-resisted|p1b: Bronzong\n|-damage|p1a: Iron Bundle|0 fnt\n|-damage|p1b: Bronzong|0 fnt\n|-unboost|p2b: Zenigata|spa|1\n|faint|p1a: Iron Bundle\n|-end|p1a: Iron Bundle|Quark Drive|[silent]\n|faint|p1b: Bronzong\n|move|p2a: Cadenza|Revival Blessing|p2a: Cadenza\n|\n|t:|1683774307\n|-heal|p2: Zapdon\u2019t|50\/100|[from] move: Revival Blessing\n|\n|upkeep\n|\n|t:|1683774317\n|switch|p1a: Tauros|Tauros-Paldea-Blaze, L50, M, shiny|100\/100\n|switch|p1b: Flamigo|Flamigo, L50, F|100\/100\n|-copyboost|p1b: Flamigo|p1a: Tauros|[from] ability: Costar\n|turn|6\n|inactive|Animauwu has 30 seconds left.\n|\n|t:|1683774349\n|-terastallize|p1b: Flamigo|Flying\n|move|p1b: Flamigo|Brave Bird|p2a: Cadenza\n|-damage|p2a: Cadenza|4\/100\n|-damage|p1b: Flamigo|65\/100|[from] Recoil\n|move|p1a: Tauros|Earthquake|p2b: Zenigata|[spread] p2a,p2b\n|-immune|p1b: Flamigo\n|-supereffective|p2a: Cadenza\n|-supereffective|p2b: Zenigata\n|-damage|p2a: Cadenza|0 fnt\n|-damage|p2b: Zenigata|24\/100\n|faint|p2a: Cadenza\n|move|p2b: Zenigata|Make It Rain|p1b: Flamigo|[spread] p1a,p1b\n|-resisted|p1a: Tauros\n|-damage|p1a: Tauros|76\/100\n|-damage|p1b: Flamigo|14\/100\n|-unboost|p2b: Zenigata|spa|1\n|\n|-sideend|p1: Animauwu|Reflect\n|upkeep\n|\n|t:|1683774366\n|switch|p2a: Zapdon\u2019t|Kilowattrel, L50, M, shiny|50\/100\n|turn|7\n|\n|t:|1683774380\n|move|p1b: Flamigo|Brave Bird|p2b: Zenigata\n|-resisted|p2b: Zenigata\n|-damage|p2b: Zenigata|0 fnt\n|faint|p2b: Zenigata\n|-damage|p1b: Flamigo|6\/100|[from] Recoil\n|move|p2a: Zapdon\u2019t|Volt Switch|p1b: Flamigo\n|-supereffective|p1b: Flamigo\n|-damage|p1b: Flamigo|0 fnt\n|faint|p1b: Flamigo\n|move|p1a: Tauros|Raging Bull|p2a: Zapdon\u2019t\n|-damage|p2a: Zapdon\u2019t|0 fnt\n|faint|p2a: Zapdon\u2019t\n|\n|win|Animauwu\n","uploadtime":1683774397,"views":25,"p1id":"animauwu","p2id":"meteorplayz","formatid":"gen9vgc2023regulationc","rating":0,"private":0,"password":""}