{"id":"gen9vgc2023regulationc-1857653816","p1":"tomareknight","p2":"andretsai0706","format":"[Gen 9] VGC 2023 Regulation C","log":"|j|\u2606tomareknight\n|j|\u2606andretsai0706\n|t:|1683218534\n|gametype|doubles\n|player|p1|tomareknight|lucas|1551\n|player|p2|andretsai0706|1|1506\n|teamsize|p1|6\n|teamsize|p2|6\n|gen|9\n|tier|[Gen 9] VGC 2023 Regulation C\n|rated|\n|rule|Species Clause: Limit one of each Pok\u00e9mon\n|rule|Item Clause: Limit one of each item\n|clearpoke\n|poke|p1|Iron Bundle, L50|\n|poke|p1|Abomasnow, L50, M|\n|poke|p1|Flutter Mane, L50|\n|poke|p1|Chi-Yu, L50|\n|poke|p1|Gholdengo, L50|\n|poke|p1|Amoonguss, L50, M|\n|poke|p2|Ting-Lu, L50|\n|poke|p2|Azumarill, L50, F|\n|poke|p2|Flutter Mane, L50|\n|poke|p2|Bronzong, L50|\n|poke|p2|Amoonguss, L50, F|\n|poke|p2|Arcanine, L50, F|\n|teampreview|4\n|inactive|Battle timer is ON: inactive players will automatically lose when time's up. (requested by tomareknight)\n|inactive|tomareknight has 60 seconds left.\n|\n|t:|1683218602\n|start\n|switch|p1a: Iron Bundle|Iron Bundle, L50|100\/100\n|switch|p1b: Abomasnow|Abomasnow, L50, M|100\/100\n|switch|p2a: \u8a50\u9818\u963f\u7f75\u4fdd\u96aa|Ting-Lu, L50|100\/100\n|switch|p2b: \u963f\u9f8d\u6b63|Arcanine, L50, F|100\/100\n|-ability|p2b: \u963f\u9f8d\u6b63|Intimidate|boost\n|-unboost|p1a: Iron Bundle|atk|1\n|-unboost|p1b: Abomasnow|atk|1\n|-weather|Snow|[from] ability: Snow Warning|[of] p1b: Abomasnow\n|-ability|p2a: \u8a50\u9818\u963f\u7f75\u4fdd\u96aa|Vessel of Ruin\n|-enditem|p1a: Iron Bundle|Booster Energy\n|-activate|p1a: Iron Bundle|ability: Quark Drive|[fromitem]\n|-start|p1a: Iron Bundle|quarkdrivespe\n|turn|1\n|j| LC77777\n|inactive|tomareknight has 30 seconds left.\n|\n|t:|1683218628\n|move|p1a: Iron Bundle|Aurora Veil|p1a: Iron Bundle\n|-sidestart|p1: tomareknight|move: Aurora Veil\n|move|p2b: \u963f\u9f8d\u6b63|Flare Blitz|p1a: Iron Bundle\n|-damage|p1a: Iron Bundle|78\/100\n|-damage|p2b: \u963f\u9f8d\u6b63|94\/100|[from] Recoil\n|move|p1b: Abomasnow|Blizzard|p2b: \u963f\u9f8d\u6b63|[spread] p2a,p2b\n|-supereffective|p2a: \u8a50\u9818\u963f\u7f75\u4fdd\u96aa\n|-resisted|p2b: \u963f\u9f8d\u6b63\n|-damage|p2a: \u8a50\u9818\u963f\u7f75\u4fdd\u96aa|63\/100\n|-damage|p2b: \u963f\u9f8d\u6b63|82\/100\n|-enditem|p2a: \u8a50\u9818\u963f\u7f75\u4fdd\u96aa|Weakness Policy\n|-boost|p2a: \u8a50\u9818\u963f\u7f75\u4fdd\u96aa|atk|2|[from] item: Weakness Policy\n|-boost|p2a: \u8a50\u9818\u963f\u7f75\u4fdd\u96aa|spa|2|[from] item: Weakness Policy\n|move|p2a: \u8a50\u9818\u963f\u7f75\u4fdd\u96aa|Rock Slide|p1a: Iron Bundle|[spread] p1a,p1b\n|-supereffective|p1a: Iron Bundle\n|-supereffective|p1b: Abomasnow\n|-damage|p1a: Iron Bundle|45\/100\n|-damage|p1b: Abomasnow|66\/100\n|-enditem|p1b: Abomasnow|Weakness Policy\n|-boost|p1b: Abomasnow|atk|2|[from] item: Weakness Policy\n|-boost|p1b: Abomasnow|spa|2|[from] item: Weakness Policy\n|-enditem|p2b: \u963f\u9f8d\u6b63|Mirror Herb\n|-boost|p2b: \u963f\u9f8d\u6b63|atk|2|[from] item: Mirror Herb\n|-boost|p2b: \u963f\u9f8d\u6b63|spa|2|[from] item: Mirror Herb\n|\n|-weather|Snow|[upkeep]\n|upkeep\n|turn|2\n|c|\u2606andretsai0706|lol\n|inactive|tomareknight has 30 seconds left.\n|inactive|andretsai0706 has 30 seconds left.\n|inactive|tomareknight has 20 seconds left.\n|inactive|andretsai0706 has 20 seconds left.\n|inactive|tomareknight has 15 seconds left.\n|inactive|tomareknight has 10 seconds left.\n|inactive|tomareknight has 5 seconds left.\n|\n|t:|1683218680\n|-terastallize|p2a: \u8a50\u9818\u963f\u7f75\u4fdd\u96aa|Fairy\n|move|p2b: \u963f\u9f8d\u6b63|Protect|p2b: \u963f\u9f8d\u6b63\n|-singleturn|p2b: \u963f\u9f8d\u6b63|Protect\n|move|p1a: Iron Bundle|Hydro Pump|p2b: \u963f\u9f8d\u6b63\n|-activate|p2b: \u963f\u9f8d\u6b63|move: Protect\n|move|p1b: Abomasnow|Blizzard|p2a: \u8a50\u9818\u963f\u7f75\u4fdd\u96aa|[spread] p2a\n|-activate|p2b: \u963f\u9f8d\u6b63|move: Protect\n|-damage|p2a: \u8a50\u9818\u963f\u7f75\u4fdd\u96aa|26\/100\n|move|p2a: \u8a50\u9818\u963f\u7f75\u4fdd\u96aa|Earthquake|p1b: Abomasnow|[spread] p1a,p1b\n|-activate|p2b: \u963f\u9f8d\u6b63|move: Protect\n|-resisted|p1b: Abomasnow\n|-crit|p1b: Abomasnow\n|-damage|p1a: Iron Bundle|16\/100\n|-damage|p1b: Abomasnow|30\/100\n|\n|-weather|Snow|[upkeep]\n|upkeep\n|turn|3\n|inactive|tomareknight has 30 seconds left.\n|inactive|andretsai0706 has 30 seconds left.\n|inactive|tomareknight has 20 seconds left.\n|inactive|andretsai0706 has 20 seconds left.\n|inactive|tomareknight has 15 seconds left.\n|inactive|andretsai0706 has 15 seconds left.\n|\n|t:|1683218724\n|move|p2b: \u963f\u9f8d\u6b63|Extreme Speed|p1a: Iron Bundle\n|-damage|p1a: Iron Bundle|0 fnt\n|faint|p1a: Iron Bundle\n|-end|p1a: Iron Bundle|Quark Drive|[silent]\n|move|p1b: Abomasnow|Blizzard|p2a: \u8a50\u9818\u963f\u7f75\u4fdd\u96aa|[spread] p2a,p2b\n|-resisted|p2b: \u963f\u9f8d\u6b63\n|-damage|p2a: \u8a50\u9818\u963f\u7f75\u4fdd\u96aa|0 fnt\n|-damage|p2b: \u963f\u9f8d\u6b63|53\/100\n|faint|p2a: \u8a50\u9818\u963f\u7f75\u4fdd\u96aa\n|\n|-weather|Snow|[upkeep]\n|upkeep\n|\n|t:|1683218743\n|switch|p1a: Flutter Mane|Flutter Mane, L50|100\/100\n|switch|p2a: \u8aa0\u5be6\u9418|Bronzong, L50, shiny|100\/100\n|turn|4\n|j| Andrea Dangelans\n|inactive|tomareknight has 30 seconds left.\n|inactive|andretsai0706 has 30 seconds left.\n|inactive|tomareknight has 20 seconds left.\n|inactive|tomareknight has 15 seconds left.\n|\n|t:|1683218788\n|move|p2b: \u963f\u9f8d\u6b63|Protect|p2b: \u963f\u9f8d\u6b63\n|-singleturn|p2b: \u963f\u9f8d\u6b63|Protect\n|move|p1a: Flutter Mane|Shadow Ball|p2b: \u963f\u9f8d\u6b63\n|-activate|p2b: \u963f\u9f8d\u6b63|move: Protect\n|move|p1b: Abomasnow|Blizzard|p2a: \u8aa0\u5be6\u9418|[spread] p2a\n|-activate|p2b: \u963f\u9f8d\u6b63|move: Protect\n|-resisted|p2a: \u8aa0\u5be6\u9418\n|-damage|p2a: \u8aa0\u5be6\u9418|73\/100\n|move|p2a: \u8aa0\u5be6\u9418|Trick Room|p2a: \u8aa0\u5be6\u9418\n|-fieldstart|move: Trick Room|[of] p2a: \u8aa0\u5be6\u9418\n|\n|-weather|Snow|[upkeep]\n|upkeep\n|turn|5\n|inactive|tomareknight has 30 seconds left.\n|inactive|andretsai0706 has 30 seconds left.\n|inactive|tomareknight has 20 seconds left.\n|inactive|tomareknight has 15 seconds left.\n|inactive|andretsai0706 has 20 seconds left.\n|inactive|tomareknight has 10 seconds left.\n|inactive|andretsai0706 has 15 seconds left.\n|inactive|tomareknight has 5 seconds left.\n|\n|t:|1683218842\n|move|p2a: \u8aa0\u5be6\u9418|Gyro Ball|p1b: Abomasnow\n|-supereffective|p1b: Abomasnow\n|-damage|p1b: Abomasnow|11\/100\n|move|p1b: Abomasnow|Blizzard|p2b: \u963f\u9f8d\u6b63|[spread] p2a,p2b\n|-resisted|p2a: \u8aa0\u5be6\u9418\n|-resisted|p2b: \u963f\u9f8d\u6b63\n|-damage|p2a: \u8aa0\u5be6\u9418|45\/100\n|-damage|p2b: \u963f\u9f8d\u6b63|16\/100\n|move|p2b: \u963f\u9f8d\u6b63|Flare Blitz|p1a: Flutter Mane\n|-damage|p1a: Flutter Mane|0 fnt\n|faint|p1a: Flutter Mane\n|-end|p1a: Flutter Mane|Protosynthesis|[silent]\n|-damage|p2b: \u963f\u9f8d\u6b63|0 fnt|[from] Recoil\n|faint|p2b: \u963f\u9f8d\u6b63\n|\n|-weather|none\n|-sideend|p1: tomareknight|move: Aurora Veil\n|upkeep\n|\n|t:|1683218858\n|switch|p2b: \u706b\u5e2b\u59d0|Azumarill, L50, F|100\/100\n|switch|p1a: Gholdengo|Gholdengo, L50|100\/100\n|turn|6\n|inactive|tomareknight has 30 seconds left.\n|inactive|tomareknight has 20 seconds left.\n|inactive|tomareknight has 15 seconds left.\n|inactive|tomareknight has 10 seconds left.\n|inactive|tomareknight has 5 seconds left.\n|\n|t:|1683218912\n|move|p1a: Gholdengo|Protect|p1a: Gholdengo\n|-singleturn|p1a: Gholdengo|Protect\n|move|p2a: \u8aa0\u5be6\u9418|Gyro Ball|p1b: Abomasnow\n|-supereffective|p1b: Abomasnow\n|-damage|p1b: Abomasnow|0 fnt\n|faint|p1b: Abomasnow\n|move|p2b: \u706b\u5e2b\u59d0|Liquidation|p1a: Gholdengo\n|-activate|p1a: Gholdengo|move: Protect\n|\n|upkeep\n|turn|7\n|l| LC77777\n|j| Tubtuca\n|\n|t:|1683218928\n|-terastallize|p1a: Gholdengo|Water\n|move|p2a: \u8aa0\u5be6\u9418|Gyro Ball|p1a: Gholdengo\n|-resisted|p1a: Gholdengo\n|-damage|p1a: Gholdengo|91\/100\n|move|p2b: \u706b\u5e2b\u59d0|Liquidation|p1a: Gholdengo\n|-resisted|p1a: Gholdengo\n|-damage|p1a: Gholdengo|71\/100\n|move|p1a: Gholdengo|Nasty Plot|p1a: Gholdengo\n|-boost|p1a: Gholdengo|spa|2\n|\n|-heal|p1a: Gholdengo|77\/100|[from] item: Leftovers\n|upkeep\n|turn|8\n|j| Mama Bebe\n|\n|t:|1683218945\n|move|p1a: Gholdengo|Protect|p1a: Gholdengo\n|-singleturn|p1a: Gholdengo|Protect\n|move|p2a: \u8aa0\u5be6\u9418|Body Press|p1a: Gholdengo\n|-activate|p1a: Gholdengo|move: Protect\n|move|p2b: \u706b\u5e2b\u59d0|Play Rough|p1a: Gholdengo\n|-activate|p1a: Gholdengo|move: Protect\n|\n|-heal|p1a: Gholdengo|83\/100|[from] item: Leftovers\n|-fieldend|move: Trick Room\n|upkeep\n|turn|9\n|\n|t:|1683218970\n|move|p1a: Gholdengo|Make It Rain|p2b: \u706b\u5e2b\u59d0|[spread] p2a,p2b\n|-resisted|p2a: \u8aa0\u5be6\u9418\n|-damage|p2a: \u8aa0\u5be6\u9418|8\/100\n|-damage|p2b: \u706b\u5e2b\u59d0|4\/100\n|-unboost|p1a: Gholdengo|spa|1\n|move|p2b: \u706b\u5e2b\u59d0|Play Rough|p1a: Gholdengo\n|-damage|p1a: Gholdengo|37\/100\n|move|p2a: \u8aa0\u5be6\u9418|Trick Room|p2a: \u8aa0\u5be6\u9418\n|-fieldstart|move: Trick Room|[of] p2a: \u8aa0\u5be6\u9418\n|\n|-heal|p1a: Gholdengo|43\/100|[from] item: Leftovers\n|upkeep\n|turn|10\n|\n|t:|1683218985\n|move|p1a: Gholdengo|Protect|p1a: Gholdengo\n|-singleturn|p1a: Gholdengo|Protect\n|move|p2a: \u8aa0\u5be6\u9418|Body Press|p1a: Gholdengo\n|-activate|p1a: Gholdengo|move: Protect\n|move|p2b: \u706b\u5e2b\u59d0|Play Rough|p1a: Gholdengo\n|-activate|p1a: Gholdengo|move: Protect\n|\n|-heal|p1a: Gholdengo|49\/100|[from] item: Leftovers\n|upkeep\n|turn|11\n|\n|t:|1683219003\n|move|p2a: \u8aa0\u5be6\u9418|Body Press|p1a: Gholdengo\n|-damage|p1a: Gholdengo|26\/100\n|move|p2b: \u706b\u5e2b\u59d0|Play Rough|p1a: Gholdengo\n|-damage|p1a: Gholdengo|0 fnt\n|faint|p1a: Gholdengo\n|\n|win|andretsai0706\n|raw|tomareknight's rating: 1551 → 1528<\/strong> (-23 for losing)\n|raw|andretsai0706's rating: 1506 → 1529<\/strong> (+23 for winning)\n|l|\u2606tomareknight\n|l| Tubtuca\n|l| Andrea Dangelans\n|l| Mama Bebe\n","uploadtime":1683219218,"views":12,"p1id":"tomareknight","p2id":"andretsai0706","formatid":"gen9vgc2023regulationc","rating":1528,"private":0,"password":""}