{"id":"gen9vgc2023regulationc-1862504932","p1":"Poketata","p2":"raysayer","format":"[Gen 9] VGC 2023 Regulation C","log":"|j|\u2606Poketata\n|j|\u2606raysayer\n|t:|1683895301\n|gametype|doubles\n|player|p1|Poketata|266|1110\n|player|p2|raysayer|1|1146\n|teamsize|p1|5\n|teamsize|p2|6\n|gen|9\n|tier|[Gen 9] VGC 2023 Regulation C\n|rated|\n|rule|Species Clause: Limit one of each Pok\u00e9mon\n|rule|Item Clause: Limit one of each item\n|clearpoke\n|poke|p1|Electrode, L50|\n|poke|p1|Cloyster, L50, M|\n|poke|p1|Corviknight, L50, M|\n|poke|p1|Garchomp, L50, M|\n|poke|p1|Iron Valiant, L50|\n|poke|p2|Revavroom, L50, M|\n|poke|p2|Flutter Mane, L50|\n|poke|p2|Hydreigon, L50, M|\n|poke|p2|Volcarona, L50, M|\n|poke|p2|Tauros-Paldea-Aqua, L50, M|\n|poke|p2|Maushold-Four, L50|\n|teampreview|4\n|inactive|Battle timer is ON: inactive players will automatically lose when time's up. (requested by Poketata)\nPoketata rejected open team sheets.\n|inactive|Poketata has 60 seconds left.\n|inactive|raysayer has 60 seconds left.\n|\n|t:|1683895353\n|start\n|switch|p1a: Cloyster|Cloyster, L50, M, shiny|100\/100\n|switch|p1b: Electrode|Electrode, L50, shiny|100\/100\n|switch|p2a: Volcarona|Volcarona, L50, M|100\/100\n|switch|p2b: Maushold|Maushold-Four, L50|100\/100\n|turn|1\n|inactive|Poketata has 30 seconds left.\n|\n|t:|1683895379\n|move|p2b: Maushold|Follow Me|p2b: Maushold\n|-singleturn|p2b: Maushold|move: Follow Me\n|move|p1b: Electrode|Light Screen|p1b: Electrode\n|-sidestart|p1: Poketata|move: Light Screen\n|move|p2a: Volcarona|Quiver Dance|p2a: Volcarona\n|-boost|p2a: Volcarona|spa|1\n|-boost|p2a: Volcarona|spd|1\n|-boost|p2a: Volcarona|spe|1\n|move|p1a: Cloyster|Shell Smash|p1a: Cloyster\n|-unboost|p1a: Cloyster|def|1\n|-unboost|p1a: Cloyster|spd|1\n|-boost|p1a: Cloyster|atk|2\n|-boost|p1a: Cloyster|spa|2\n|-boost|p1a: Cloyster|spe|2\n|\n|upkeep\n|turn|2\n|\n|t:|1683895403\n|-terastallize|p2a: Volcarona|Grass\n|move|p1a: Cloyster|Protect|p1a: Cloyster\n|-singleturn|p1a: Cloyster|Protect\n|move|p2b: Maushold|Follow Me|p2b: Maushold\n|-singleturn|p2b: Maushold|move: Follow Me\n|move|p1b: Electrode|Taunt|p2b: Maushold\n|-start|p2b: Maushold|move: Taunt\n|move|p2a: Volcarona|Giga Drain|p1a: Cloyster\n|-activate|p1a: Cloyster|move: Protect\n|\n|upkeep\n|turn|3\n|\n|t:|1683895424\n|move|p2a: Volcarona|Giga Drain|p1a: Cloyster\n|-supereffective|p1a: Cloyster\n|-damage|p1a: Cloyster|0 fnt\n|faint|p1a: Cloyster\n|move|p1b: Electrode|Hyper Beam|p2a: Volcarona\n|-damage|p2a: Volcarona|85\/100\n|-mustrecharge|p1b: Electrode\n|move|p2b: Maushold|Population Bomb|p1b: Electrode\n|-damage|p1b: Electrode|89\/100\n|-damage|p1b: Electrode|78\/100\n|-damage|p1b: Electrode|67\/100\n|-damage|p1b: Electrode|58\/100\n|-damage|p1b: Electrode|46\/100\n|-damage|p1b: Electrode|37\/100\n|-damage|p1b: Electrode|25\/100\n|-status|p2b: Maushold|par|[from] ability: Static|[of] p1b: Electrode\n|-damage|p1b: Electrode|14\/100\n|-crit|p1b: Electrode\n|-damage|p1b: Electrode|0 fnt\n|faint|p1b: Electrode\n|-hitcount|p1: Electrode|9\n|\n|-heal|p2a: Volcarona|91\/100|[from] item: Leftovers\n|upkeep\n|\n|t:|1683895446\n|switch|p1b: Iron Valiant|Iron Valiant, L50, shiny|100\/100\n|switch|p1a: Corviknight|Corviknight, L50, M, shiny|100\/100\n|-ability|p1a: Corviknight|Unnerve\n|-enditem|p1b: Iron Valiant|Booster Energy\n|-activate|p1b: Iron Valiant|ability: Quark Drive|[fromitem]\n|-start|p1b: Iron Valiant|quarkdriveatk\n|turn|4\n|\n|t:|1683895458\n|switch|p2b: Tauros|Tauros-Paldea-Aqua, L50, M|100\/100\n|-ability|p2b: Tauros|Intimidate|boost\n|-unboost|p1a: Corviknight|atk|1\n|-unboost|p1b: Iron Valiant|atk|1\n|move|p2a: Volcarona|Protect|p2a: Volcarona\n|-singleturn|p2a: Volcarona|Protect\n|move|p1a: Corviknight|Protect|p1a: Corviknight\n|-singleturn|p1a: Corviknight|Protect\n|move|p1b: Iron Valiant|Spirit Break|p2a: Volcarona\n|-activate|p2a: Volcarona|move: Protect\n|\n|-heal|p2a: Volcarona|97\/100|[from] item: Leftovers\n|upkeep\n|turn|5\n|\n|t:|1683895481\n|-terastallize|p1a: Corviknight|Dragon\n|move|p2a: Volcarona|Heat Wave|p1b: Iron Valiant|[spread] p1a,p1b\n|-resisted|p1a: Corviknight\n|-damage|p1a: Corviknight|88\/100\n|-damage|p1b: Iron Valiant|50\/100\n|move|p2b: Tauros|Wave Crash|p1a: Corviknight\n|-resisted|p1a: Corviknight\n|-damage|p1a: Corviknight|67\/100\n|-damage|p2b: Tauros|91\/100|[from] Recoil\n|move|p1b: Iron Valiant|Spirit Break|p2b: Tauros\n|-supereffective|p2b: Tauros\n|-damage|p2b: Tauros|6\/100\n|-unboost|p2b: Tauros|spa|1\n|move|p1a: Corviknight|Brave Bird|p2a: Volcarona\n|-supereffective|p2a: Volcarona\n|-damage|p2a: Volcarona|40\/100\n|-damage|p1a: Corviknight|50\/100|[from] Recoil\n|\n|-heal|p2a: Volcarona|46\/100|[from] item: Leftovers\n|-sideend|p1: Poketata|move: Light Screen\n|upkeep\n|turn|6\n|inactive|Poketata has 30 seconds left.\n|inactive|raysayer has 30 seconds left.\n|\n|t:|1683895508\n|move|p1b: Iron Valiant|Protect|p1b: Iron Valiant\n|-singleturn|p1b: Iron Valiant|Protect\n|move|p2a: Volcarona|Heat Wave|p1b: Iron Valiant|[spread] p1a\n|-activate|p1b: Iron Valiant|move: Protect\n|-resisted|p1a: Corviknight\n|-damage|p1a: Corviknight|29\/100\n|move|p2b: Tauros|Close Combat|p1a: Corviknight\n|-damage|p1a: Corviknight|0 fnt\n|-unboost|p2b: Tauros|def|1\n|-unboost|p2b: Tauros|spd|1\n|faint|p1a: Corviknight\n|\n|-heal|p2a: Volcarona|52\/100|[from] item: Leftovers\n|upkeep\n|turn|7\n|\n|t:|1683895524\n|move|p2b: Tauros|Aqua Jet|p1b: Iron Valiant\n|-damage|p1b: Iron Valiant|29\/100\n|move|p2a: Volcarona|Giga Drain|p1b: Iron Valiant\n|-damage|p1b: Iron Valiant|0 fnt\n|-heal|p2a: Volcarona|63\/100|[from] drain|[of] p1b: Iron Valiant\n|faint|p1b: Iron Valiant\n|-end|p1b: Iron Valiant|Quark Drive|[silent]\n|\n|win|raysayer\n|raw|Poketata's rating: 1110 → 1088<\/strong> (-22 for losing)\n|raw|raysayer's rating: 1146 → 1168<\/strong> (+22 for winning)\n|c|\u2606Poketata|gg\n","uploadtime":1683895533,"views":27,"p1id":"poketata","p2id":"raysayer","formatid":"gen9vgc2023regulationc","rating":1088,"private":0,"password":""}