{"id":"gen9vgc2023regulationc-1860613106","p1":"Gastero","p2":"pokemetti1","format":"[Gen 9] VGC 2023 Regulation C","log":"|j|\u2606Gastero\n|j|\u2606pokemetti1\n|t:|1683659052\n|gametype|doubles\n|player|p1|Gastero|lana|1375\n|player|p2|pokemetti1|265|1443\n|teamsize|p1|6\n|teamsize|p2|6\n|gen|9\n|tier|[Gen 9] VGC 2023 Regulation C\n|rated|\n|rule|Species Clause: Limit one of each Pok\u00e9mon\n|rule|Item Clause: Limit one of each item\n|clearpoke\n|poke|p1|Chi-Yu, L50|\n|poke|p1|Flutter Mane, L50|\n|poke|p1|Gyarados, L50, F|\n|poke|p1|Amoonguss, L50, M|\n|poke|p1|Dragonite, L50, M|\n|poke|p1|Gholdengo, L50|\n|poke|p2|Maushold, L50|\n|poke|p2|Annihilape, L50, F|\n|poke|p2|Iron Bundle, L50|\n|poke|p2|Great Tusk, L50|\n|poke|p2|Gholdengo, L50|\n|poke|p2|Murkrow, L50, M|\n|teampreview|4\n|j| Hobbit4Hire\nGastero has agreed to open team sheets.\n|inactive|Battle timer is ON: inactive players will automatically lose when time's up. (requested by pokemetti1)\n|inactive|Gastero has 60 seconds left.\n|\n|t:|1683659142\n|start\n|switch|p1a: Flutter Mane|Flutter Mane, L50|100\/100\n|switch|p1b: Gyarados|Gyarados, L50, F|100\/100\n|switch|p2a: Great Tusk|Great Tusk, L50|100\/100\n|switch|p2b: Murkrow|Murkrow, L50, M|100\/100\n|-ability|p1b: Gyarados|Intimidate|boost\n|-unboost|p2a: Great Tusk|atk|1\n|-unboost|p2b: Murkrow|atk|1\n|-enditem|p1a: Flutter Mane|Booster Energy\n|-activate|p1a: Flutter Mane|ability: Protosynthesis|[fromitem]\n|-start|p1a: Flutter Mane|protosynthesisspe\n|turn|1\n|\n|t:|1683659158\n|-terastallize|p2a: Great Tusk|Fire\n|move|p2b: Murkrow|Tailwind|p2b: Murkrow\n|-sidestart|p2: pokemetti1|move: Tailwind\n|move|p2a: Great Tusk|Rock Slide|p1b: Gyarados|[spread] p1a,p1b\n|-supereffective|p1b: Gyarados\n|-damage|p1a: Flutter Mane|75\/100\n|-damage|p1b: Gyarados|73\/100\n|cant|p1a: Flutter Mane|flinch\n|cant|p1b: Gyarados|flinch\n|\n|upkeep\n|turn|2\n|c|\u2606Gastero|:)\n|\n|t:|1683659178\n|move|p1a: Flutter Mane|Protect|p1a: Flutter Mane\n|-singleturn|p1a: Flutter Mane|Protect\n|move|p2b: Murkrow|Haze|p2b: Murkrow\n|-clearallboost\n|move|p2a: Great Tusk|Rock Slide|p1a: Flutter Mane|[spread] p1b\n|-activate|p1a: Flutter Mane|move: Protect\n|-supereffective|p1b: Gyarados\n|-damage|p1b: Gyarados|29\/100\n|move|p1b: Gyarados|Waterfall|p2a: Great Tusk\n|-supereffective|p2a: Great Tusk\n|-damage|p2a: Great Tusk|43\/100\n|\n|upkeep\n|turn|3\n|l| Hobbit4Hire\n|\n|t:|1683659201\n|move|p2b: Murkrow|Sunny Day|p2b: Murkrow\n|-weather|SunnyDay\n|-activate|p2a: Great Tusk|ability: Protosynthesis\n|-start|p2a: Great Tusk|protosynthesisatk\n|move|p2a: Great Tusk|Rock Slide|p1b: Gyarados|[spread] p1a,p1b\n|-supereffective|p1b: Gyarados\n|-damage|p1a: Flutter Mane|20\/100\n|-damage|p1b: Gyarados|0 fnt\n|faint|p1b: Gyarados\n|move|p1a: Flutter Mane|Icy Wind|p2a: Great Tusk|[spread] p2b\n|-miss|p1a: Flutter Mane|p2a: Great Tusk\n|-supereffective|p2b: Murkrow\n|-damage|p2b: Murkrow|69\/100\n|-unboost|p2b: Murkrow|spe|1\n|\n|-weather|SunnyDay|[upkeep]\n|upkeep\n|c|\u2606Gastero|bah\n|c|\u2606Gastero|cool\n|\n|t:|1683659224\n|switch|p1b: Chi-Yu|Chi-Yu, L50|100\/100\n|-ability|p1b: Chi-Yu|Beads of Ruin\n|turn|4\n|inactive|pokemetti1 has 30 seconds left.\n|\n|t:|1683659254\n|-terastallize|p1b: Chi-Yu|Grass\n|move|p1a: Flutter Mane|Protect|p1a: Flutter Mane\n|-singleturn|p1a: Flutter Mane|Protect\n|move|p2a: Great Tusk|Rock Slide|p1b: Chi-Yu|[spread] p1b\n|-activate|p1a: Flutter Mane|move: Protect\n|-damage|p1b: Chi-Yu|65\/100\n|move|p2b: Murkrow|Foul Play|p1b: Chi-Yu\n|-damage|p1b: Chi-Yu|40\/100\n|cant|p1b: Chi-Yu|flinch\n|\n|-weather|SunnyDay|[upkeep]\n|-sideend|p2: pokemetti1|move: Tailwind\n|upkeep\n|turn|5\n|c|\u2606Gastero|bah\n|c|\u2606Gastero|gg\n|inactive|Gastero has 30 seconds left.\n|c|\u2606Gastero|hein\n|\n|t:|1683659282\n|move|p2b: Murkrow|Tailwind|p2b: Murkrow\n|-sidestart|p2: pokemetti1|move: Tailwind\n|move|p2a: Great Tusk|Rock Slide|p1b: Chi-Yu|[spread] p1a,p1b\n|-damage|p1a: Flutter Mane|0 fnt\n|-damage|p1b: Chi-Yu|4\/100\n|faint|p1a: Flutter Mane\n|-end|p1a: Flutter Mane|Protosynthesis|[silent]\n|cant|p1b: Chi-Yu|flinch\n|\n|-weather|SunnyDay|[upkeep]\n|upkeep\n|c|\u2606Gastero|bah OUIII\n|\n|t:|1683659293\n|switch|p1a: Dragonite|Dragonite, L50, M|100\/100\n|turn|6\n|\n|t:|1683659307\n|move|p1a: Dragonite|Extreme Speed|p2a: Great Tusk\n|-damage|p2a: Great Tusk|20\/100\n|move|p2a: Great Tusk|Rock Slide|p1b: Chi-Yu|[spread] p1a,p1b\n|-supereffective|p1a: Dragonite\n|-crit|p1a: Dragonite\n|-damage|p1a: Dragonite|56\/100\n|-damage|p1b: Chi-Yu|0 fnt\n|faint|p1b: Chi-Yu\n|move|p2b: Murkrow|Foul Play|p1a: Dragonite\n|-damage|p1a: Dragonite|1\/100\n|\n|-weather|SunnyDay|[upkeep]\n|upkeep\n|turn|7\n|inactive|Gastero has 30 seconds left.\n|\n|t:|1683659335\n|move|p1a: Dragonite|Extreme Speed|p2a: Great Tusk\n|-damage|p2a: Great Tusk|0 fnt\n|faint|p2a: Great Tusk\n|-end|p2a: Great Tusk|Protosynthesis|[silent]\n|move|p2b: Murkrow|Foul Play|p1a: Dragonite\n|-damage|p1a: Dragonite|0 fnt\n|faint|p1a: Dragonite\n|\n|win|pokemetti1\n|raw|Gastero's rating: 1375 → 1359<\/strong> (-16 for losing)\n|raw|pokemetti1's rating: 1443 → 1459<\/strong> (+16 for winning)\n|l|\u2606pokemetti1\n","uploadtime":1683659347,"views":15,"p1id":"gastero","p2id":"pokemetti1","formatid":"gen9vgc2023regulationc","rating":1359,"private":0,"password":""}