{"id":"gen9vgc2023regulationc-1851681742","p1":"Haxxson","p2":"bad123","format":"[Gen 9] VGC 2023 Regulation C","log":"|j|\u2606Haxxson\n|j|\u2606bad123\n|t:|1682469316\n|gametype|doubles\n|player|p1|Haxxson|colress|1110\n|player|p2|bad123|clown|1058\n|teamsize|p1|6\n|teamsize|p2|6\n|gen|9\n|tier|[Gen 9] VGC 2023 Regulation C\n|rated|\n|rule|Species Clause: Limit one of each Pok\u00e9mon\n|rule|Item Clause: Limit one of each item\n|clearpoke\n|poke|p1|Jumpluff, L50, F|\n|poke|p1|Volcarona, L50, F|\n|poke|p1|Krookodile, L50, F|\n|poke|p1|Annihilape, L50, M|\n|poke|p1|Rabsca, L50, M|\n|poke|p1|Jolteon, L50, F|\n|poke|p2|Amoonguss, L50, F|\n|poke|p2|Azumarill, L50, M|\n|poke|p2|Volcarona, L50, F|\n|poke|p2|Murkrow, L50, M|\n|poke|p2|Maushold-Four, L50|\n|poke|p2|Hydreigon, L50, F|\n|teampreview|4\n|inactive|Battle timer is ON: inactive players will automatically lose when time's up. (requested by Haxxson)\nHaxxson has agreed to open team sheets.\n|inactive|Haxxson has 60 seconds left.\n|inactive|bad123 has 60 seconds left.\nbad123 has agreed to open team sheets.\n|inactive|Haxxson has 30 seconds left.\n|inactive|Haxxson has 20 seconds left.\n|inactive|Haxxson has 15 seconds left.\n|inactive|Haxxson has 10 seconds left.\n|\n|t:|1682469401\n|start\n|switch|p1a: Bubbles|Jumpluff, L50, F|100\/100\n|switch|p1b: McNulty|Jolteon, L50, F|100\/100\n|switch|p2a: Musician|Azumarill, L50, M, shiny|100\/100\n|switch|p2b: Maushold|Maushold-Four, L50|100\/100\n|turn|1\n|inactive|Haxxson has 30 seconds left.\n|inactive|bad123 has 30 seconds left.\n|\n|t:|1682469430\n|move|p2b: Maushold|Follow Me|p2b: Maushold\n|-singleturn|p2b: Maushold|move: Follow Me\n|move|p1b: McNulty|Thunder Wave|p2b: Maushold\n|-status|p2b: Maushold|par\n|move|p1a: Bubbles|Reflect|p1a: Bubbles\n|-sidestart|p1: Haxxson|Reflect\n|move|p2a: Musician|Play Rough|p1b: McNulty\n|-damage|p1b: McNulty|37\/100\n|\n|upkeep\n|turn|2\n|inactive|Haxxson has 30 seconds left.\n|inactive|bad123 has 30 seconds left.\n|inactive|Haxxson has 20 seconds left.\n|inactive|Haxxson has 15 seconds left.\n|inactive|Haxxson has 10 seconds left.\n|\n|t:|1682469479\n|switch|p1b: Bunk|Volcarona, L50, F|100\/100\n|cant|p2b: Maushold|par\n|move|p2a: Musician|Aqua Jet|p1b: Bunk\n|-supereffective|p1b: Bunk\n|-damage|p1b: Bunk|69\/100\n|move|p1a: Bubbles|Encore|p2a: Musician\n|-start|p2a: Musician|Encore\n|\n|upkeep\n|turn|3\n|inactive|Haxxson has 30 seconds left.\n|inactive|bad123 has 30 seconds left.\n|\n|t:|1682469507\n|-terastallize|p1b: Bunk|Grass\n|-terastallize|p2a: Musician|Water\n|move|p2b: Maushold|Helping Hand|p2a: Musician\n|-singleturn|p2a: Musician|Helping Hand|[of] p2b: Maushold\n|move|p2a: Musician|Aqua Jet|p1b: Bunk\n|-resisted|p1b: Bunk\n|-damage|p1b: Bunk|52\/100\n|move|p1a: Bubbles|Pollen Puff|p1b: Bunk\n|-heal|p1b: Bunk|100\/100\n|move|p1b: Bunk|Overheat|p2b: Maushold\n|-damage|p2b: Maushold|26\/100 par\n|-unboost|p1b: Bunk|spa|2\n|\n|upkeep\n|turn|4\n|inactive|Haxxson has 30 seconds left.\n|inactive|bad123 has 30 seconds left.\n|inactive|bad123 has 20 seconds left.\n|\n|t:|1682469545\n|switch|p1a: Omar|Annihilape, L50, M|100\/100\n|move|p2a: Musician|Aqua Jet|p1b: Bunk\n|-resisted|p1b: Bunk\n|-damage|p1b: Bunk|89\/100\n|-status|p2a: Musician|brn|[from] ability: Flame Body|[of] p1b: Bunk\n|move|p1b: Bunk|Overheat|p2b: Maushold\n|-damage|p2b: Maushold|0 fnt\n|-unboost|p1b: Bunk|spa|2\n|faint|p2b: Maushold\n|\n|-damage|p2a: Musician|95\/100 brn|[from] brn\n|upkeep\n|\n|t:|1682469555\n|switch|p2b: Dancer|Volcarona, L50, F, shiny|100\/100\n|turn|5\n|inactive|Haxxson has 30 seconds left.\n|\n|t:|1682469583\n|switch|p2a: Murkrow|Murkrow, L50, M|100\/100\n|move|p2b: Dancer|Quiver Dance|p2b: Dancer\n|-boost|p2b: Dancer|spa|1\n|-boost|p2b: Dancer|spd|1\n|-boost|p2b: Dancer|spe|1\n|move|p1b: Bunk|Tailwind|p1b: Bunk\n|-sidestart|p1: Haxxson|move: Tailwind\n|move|p1a: Omar|Bulk Up|p1a: Omar\n|-boost|p1a: Omar|atk|1\n|-boost|p1a: Omar|def|1\n|\n|-sideend|p1: Haxxson|Reflect\n|upkeep\n|turn|6\n|inactive|Haxxson has 30 seconds left.\n|\n|t:|1682469612\n|switch|p1b: McNulty|Jolteon, L50, F|37\/100\n|move|p2a: Murkrow|Tailwind|p2a: Murkrow\n|-sidestart|p2: bad123|move: Tailwind\n|move|p2b: Dancer|Heat Wave|p1a: Omar|[spread] p1a,p1b\n|-damage|p1a: Omar|51\/100\n|-damage|p1b: McNulty|0 fnt\n|faint|p1b: McNulty\n|move|p1a: Omar|Rage Fist|p2b: Dancer\n|-enditem|p2b: Dancer|Focus Sash\n|-damage|p2b: Dancer|1\/100\n|\n|-heal|p1a: Omar|57\/100|[from] item: Leftovers\n|upkeep\n|\n|t:|1682469628\n|switch|p1b: Bunk|Volcarona, L50, F, tera:Grass|89\/100\n|turn|7\n|inactive|Haxxson has 30 seconds left.\n|\n|t:|1682469657\n|move|p2b: Dancer|Heat Wave|p1b: Bunk|[spread] p1b\n|-miss|p2b: Dancer|p1a: Omar\n|-supereffective|p1b: Bunk\n|-damage|p1b: Bunk|0 fnt\n|faint|p1b: Bunk\n|move|p2a: Murkrow|Foul Play|p1a: Omar\n|-damage|p1a: Omar|25\/100\n|move|p1a: Omar|Rage Fist|p2b: Dancer\n|-crit|p2b: Dancer\n|-damage|p2b: Dancer|0 fnt\n|faint|p2b: Dancer\n|\n|-heal|p1a: Omar|31\/100|[from] item: Leftovers\n|upkeep\n|\n|t:|1682469669\n|switch|p2b: Musician|Azumarill, L50, M, shiny, tera:Water|95\/100 brn\n|switch|p1b: Bubbles|Jumpluff, L50, F|100\/100\n|turn|8\n|inactive|bad123 has 30 seconds left.\n|inactive|bad123 has 20 seconds left.\n|inactive|bad123 has 15 seconds left.\n|\n|t:|1682469711\n|move|p1a: Omar|Protect|p1a: Omar\n|-singleturn|p1a: Omar|Protect\n|move|p2a: Murkrow|Haze|p2a: Murkrow\n|-clearallboost\n|move|p1b: Bubbles|Reflect|p1b: Bubbles\n|-sidestart|p1: Haxxson|Reflect\n|move|p2b: Musician|Play Rough|p1a: Omar\n|-activate|p1a: Omar|move: Protect\n|\n|-heal|p1a: Omar|38\/100|[from] item: Leftovers\n|-damage|p2b: Musician|89\/100 brn|[from] brn\n|-sideend|p1: Haxxson|move: Tailwind\n|upkeep\n|turn|9\n|inactive|Haxxson has 30 seconds left.\n|\n|t:|1682469740\n|move|p2a: Murkrow|Foul Play|p1a: Omar\n|-damage|p1a: Omar|14\/100\n|move|p1b: Bubbles|Pollen Puff|p1a: Omar\n|-heal|p1a: Omar|64\/100\n|move|p2b: Musician|Play Rough|p1a: Omar\n|-supereffective|p1a: Omar\n|-damage|p1a: Omar|30\/100\n|move|p1a: Omar|Rage Fist|p2b: Musician\n|-damage|p2b: Musician|0 fnt\n|faint|p2b: Musician\n|\n|-heal|p1a: Omar|36\/100|[from] item: Leftovers\n|-sideend|p2: bad123|move: Tailwind\n|upkeep\n|turn|10\n|inactive|bad123 has 30 seconds left.\n|\n|t:|1682469771\n|move|p1b: Bubbles|Pollen Puff|p1a: Omar\n|-heal|p1a: Omar|86\/100\n|move|p1a: Omar|Rage Fist|p2a: Murkrow\n|-resisted|p2a: Murkrow\n|-damage|p2a: Murkrow|32\/100\n|move|p2a: Murkrow|Foul Play|p1a: Omar\n|-damage|p1a: Omar|63\/100\n|\n|-heal|p1a: Omar|69\/100|[from] item: Leftovers\n|upkeep\n|turn|11\n|\n|t:|1682469788\n|move|p1b: Bubbles|Pollen Puff|p2a: Murkrow\n|-damage|p2a: Murkrow|21\/100\n|move|p1a: Omar|Rage Fist|p2a: Murkrow\n|-resisted|p2a: Murkrow\n|-damage|p2a: Murkrow|0 fnt\n|faint|p2a: Murkrow\n|\n|win|Haxxson\n|raw|Haxxson's rating: 1110 → 1131<\/strong> (+21 for winning)\n|raw|bad123's rating: 1058 → 1042<\/strong> (-16 for losing)\n|l|\u2606bad123\n","uploadtime":1682469798,"views":20,"p1id":"haxxson","p2id":"bad123","formatid":"gen9vgc2023regulationc","rating":1042,"private":0,"password":""}