{"id":"gen9vgc2023regulationc-1853142780","p1":"orangenova13","p2":"Kamish's struggle","format":"[Gen 9] VGC 2023 Regulation C","log":"|j|\u2606orangenova13\n|j|\u2606Kamish's struggle\n|t:|1682640370\n|gametype|doubles\n|player|p1|orangenova13|2|1043\n|player|p2|Kamish's struggle|veteran|1146\n|teamsize|p1|6\n|teamsize|p2|6\n|gen|9\n|tier|[Gen 9] VGC 2023 Regulation C\n|rated|\n|rule|Species Clause: Limit one of each Pok\u00e9mon\n|rule|Item Clause: Limit one of each item\n|clearpoke\n|poke|p1|Tyranitar, L50, M|\n|poke|p1|Lycanroc, L50, M|\n|poke|p1|Garchomp, L50, M|\n|poke|p1|Gastrodon, L50, M|\n|poke|p1|Lucario, L50, M|\n|poke|p1|Bronzong, L50|\n|poke|p2|Kilowattrel, L50, M|\n|poke|p2|Ting-Lu, L50|\n|poke|p2|Flutter Mane, L50|\n|poke|p2|Tyranitar, L50, M|\n|poke|p2|Palafin, L50, F|\n|poke|p2|Skeledirge, L50, M|\n|teampreview|4\norangenova13 rejected open team sheets.\n|\n|t:|1682640399\n|start\n|switch|p1a: Tyranitar|Tyranitar, L50, M|100\/100\n|switch|p1b: Lycanroc|Lycanroc, L50, M, shiny|100\/100\n|switch|p2a: Palafin|Palafin, L50, F|100\/100\n|switch|p2b: Skeledirge|Skeledirge, L50, M|100\/100\n|-weather|Sandstorm|[from] ability: Sand Stream|[of] p1a: Tyranitar\n|turn|1\n|\n|t:|1682640437\n|detailschange|p2a: Palafin|Palafin-Hero, L50, F\n|switch|p2a: Ting-Lu|Ting-Lu, L50|100\/100\n|-ability|p2a: Ting-Lu|Vessel of Ruin\n|switch|p2b: Flutter Mane|Flutter Mane, L50|100\/100\n|-enditem|p2b: Flutter Mane|Booster Energy\n|-activate|p2b: Flutter Mane|ability: Protosynthesis|[fromitem]\n|-start|p2b: Flutter Mane|protosynthesisspe\n|move|p1b: Lycanroc|Accelerock|p2b: Flutter Mane\n|-damage|p2b: Flutter Mane|57\/100\n|move|p1a: Tyranitar|Dragon Dance|p1a: Tyranitar\n|-boost|p1a: Tyranitar|atk|1\n|-boost|p1a: Tyranitar|spe|1\n|\n|-weather|Sandstorm|[upkeep]\n|-damage|p2b: Flutter Mane|51\/100|[from] Sandstorm\n|upkeep\n|turn|2\n|\n|t:|1682640467\n|move|p1b: Lycanroc|Close Combat|p2a: Ting-Lu\n|-supereffective|p2a: Ting-Lu\n|-damage|p2a: Ting-Lu|62\/100\n|-unboost|p1b: Lycanroc|def|1\n|-unboost|p1b: Lycanroc|spd|1\n|move|p2b: Flutter Mane|Energy Ball|p1b: Lycanroc\n|-supereffective|p1b: Lycanroc\n|-damage|p1b: Lycanroc|18\/100\n|move|p1a: Tyranitar|Rock Blast|p2b: Flutter Mane\n|-damage|p2b: Flutter Mane|7\/100\n|-damage|p2b: Flutter Mane|0 fnt\n|faint|p2b: Flutter Mane\n|-end|p2b: Flutter Mane|Protosynthesis|[silent]\n|-hitcount|p2: Flutter Mane|2\n|move|p2a: Ting-Lu|Fissure|p1a: Tyranitar|[miss]\n|-miss|p2a: Ting-Lu|p1a: Tyranitar\n|\n|-weather|Sandstorm|[upkeep]\n|upkeep\n|\n|t:|1682640482\n|switch|p2b: Palafin|Palafin-Hero, L50, F|100\/100\n|-activate|p2b: Palafin|ability: Zero to Hero\n|turn|3\n|\n|t:|1682640501\n|move|p2b: Palafin|Jet Punch|p1b: Lycanroc\n|-supereffective|p1b: Lycanroc\n|-damage|p1b: Lycanroc|0 fnt\n|faint|p1b: Lycanroc\n|move|p1a: Tyranitar|Earthquake|p2a: Ting-Lu|[spread] p2a,p2b\n|-crit|p2a: Ting-Lu\n|-damage|p2a: Ting-Lu|31\/100\n|-damage|p2b: Palafin|60\/100\n|move|p2a: Ting-Lu|Stomping Tantrum|p1a: Tyranitar\n|-supereffective|p1a: Tyranitar\n|-damage|p1a: Tyranitar|12\/100\n|\n|-weather|Sandstorm|[upkeep]\n|-damage|p2b: Palafin|54\/100|[from] Sandstorm\n|upkeep\n|\n|t:|1682640513\n|switch|p1b: Garchomp|Garchomp, L50, M|100\/100\n|turn|4\n|\n|t:|1682640535\n|move|p2b: Palafin|Jet Punch|p1a: Tyranitar\n|-supereffective|p1a: Tyranitar\n|-damage|p1a: Tyranitar|0 fnt\n|faint|p1a: Tyranitar\n|move|p1b: Garchomp|Brick Break|p2a: Ting-Lu\n|-supereffective|p2a: Ting-Lu\n|-damage|p2a: Ting-Lu|0 fnt\n|faint|p2a: Ting-Lu\n|\n|-weather|Sandstorm|[upkeep]\n|-damage|p2b: Palafin|48\/100|[from] Sandstorm\n|upkeep\n|\n|t:|1682640544\n|switch|p1a: Gastrodon|Gastrodon, L50, M|100\/100\n|switch|p2a: Skeledirge|Skeledirge, L50, M|100\/100\n|turn|5\n|\n|t:|1682640582\n|-terastallize|p2a: Skeledirge|Fairy\n|move|p1b: Garchomp|Brick Break|p2b: Palafin\n|-damage|p2b: Palafin|6\/100\n|move|p2b: Palafin|Close Combat|p1b: Garchomp\n|-damage|p1b: Garchomp|43\/100\n|-unboost|p2b: Palafin|def|1\n|-unboost|p2b: Palafin|spd|1\n|-damage|p2b: Palafin|0 fnt|[from] ability: Rough Skin|[of] p1b: Garchomp\n|faint|p2b: Palafin\n|move|p2a: Skeledirge|Tera Blast|p1b: Garchomp\n|-supereffective|p1b: Garchomp\n|-damage|p1b: Garchomp|0 fnt\n|faint|p1b: Garchomp\n|move|p1a: Gastrodon|Muddy Water|p2a: Skeledirge\n|-damage|p2a: Skeledirge|80\/100\n|\n|-weather|none\n|upkeep\n|turn|6\n|\n|t:|1682640616\n|-terastallize|p1a: Gastrodon|Poison\n|move|p2a: Skeledirge|Tera Blast|p1a: Gastrodon\n|-resisted|p1a: Gastrodon\n|-damage|p1a: Gastrodon|87\/100\n|move|p1a: Gastrodon|Tera Blast|p2a: Skeledirge\n|-supereffective|p2a: Skeledirge\n|-damage|p2a: Skeledirge|38\/100\n|\n|upkeep\n|turn|7\n|\n|t:|1682640626\n|move|p2a: Skeledirge|Torch Song|p1a: Gastrodon\n|-damage|p1a: Gastrodon|62\/100\n|-boost|p2a: Skeledirge|spa|1\n|move|p1a: Gastrodon|Tera Blast|p2a: Skeledirge\n|-supereffective|p2a: Skeledirge\n|-damage|p2a: Skeledirge|0 fnt\n|faint|p2a: Skeledirge\n|\n|win|orangenova13\n|raw|orangenova13's rating: 1043 → 1086<\/strong> (+43 for winning)\n|raw|Kamish's struggle's rating: 1146 → 1114<\/strong> (-32 for losing)\n|l|\u2606Kamish's struggle\n","uploadtime":1682640639,"views":8,"p1id":"orangenova13","p2id":"kamishsstruggle","formatid":"gen9vgc2023regulationc","rating":1086,"private":0,"password":""}