{"id":"gen9vgc2023regulationc-1861604015","p1":"huib uui","p2":"foiledfeline","format":"[Gen 9] VGC 2023 Regulation C","log":"|j|\u2606huib uui\n|j|\u2606foiledfeline\n|t:|1683779930\n|gametype|doubles\n|player|p1|huib uui|misty-gen1rb|1274\n|player|p2|foiledfeline|steven|1244\n|teamsize|p1|6\n|teamsize|p2|6\n|gen|9\n|tier|[Gen 9] VGC 2023 Regulation C\n|rated|\n|rule|Species Clause: Limit one of each Pok\u00e9mon\n|rule|Item Clause: Limit one of each item\n|clearpoke\n|poke|p1|Mimikyu, L50, M|\n|poke|p1|Garganacl, L50, M|\n|poke|p1|Iron Hands, L50|\n|poke|p1|Roaring Moon, L50|\n|poke|p1|Amoonguss, L50, M|\n|poke|p1|Iron Bundle, L50|\n|poke|p2|Chi-Yu, L50|\n|poke|p2|Talonflame, L50, F|\n|poke|p2|Breloom, L50, F|\n|poke|p2|Gyarados, L50, F|\n|poke|p2|Garchomp, L50, M|\n|poke|p2|Flutter Mane, L50|\n|teampreview|4\nfoiledfeline has agreed to open team sheets.\n|inactive|Battle timer is ON: inactive players will automatically lose when time's up. (requested by huib uui)\n|\n|t:|1683779981\n|start\n|switch|p1a: Garganacl|Garganacl, L50, M|100\/100\n|switch|p1b: Iron Hands|Iron Hands, L50, shiny|100\/100\n|switch|p2a: Breloom|Breloom, L50, F|100\/100\n|switch|p2b: Talonflame|Talonflame, L50, F|100\/100\n|turn|1\n|inactive|huib uui has 30 seconds left.\n|inactive|foiledfeline has 30 seconds left.\n|inactive|foiledfeline has 20 seconds left.\n|\n|t:|1683780020\n|switch|p2b: Flutter Mane|Flutter Mane, L50|100\/100\n|-enditem|p2b: Flutter Mane|Booster Energy\n|-activate|p2b: Flutter Mane|ability: Protosynthesis|[fromitem]\n|-start|p2b: Flutter Mane|protosynthesisspa\n|-terastallize|p1a: Garganacl|Ghost\n|move|p1b: Iron Hands|Fake Out|p2a: Breloom\n|-damage|p2a: Breloom|76\/100\n|cant|p2a: Breloom|flinch\n|move|p1a: Garganacl|Salt Cure|p2a: Breloom\n|-resisted|p2a: Breloom\n|-damage|p2a: Breloom|65\/100\n|-start|p2a: Breloom|Salt Cure\n|\n|-damage|p2a: Breloom|53\/100|[from] Salt Cure\n|upkeep\n|turn|2\n|inactive|foiledfeline has 30 seconds left.\n|\n|t:|1683780051\n|switch|p2a: Chi-Yu|Chi-Yu, L50|100\/100\n|-ability|p2a: Chi-Yu|Beads of Ruin\n|-terastallize|p2b: Flutter Mane|Fairy\n|move|p2b: Flutter Mane|Moonblast|p1b: Iron Hands\n|-supereffective|p1b: Iron Hands\n|-damage|p1b: Iron Hands|0 fnt\n|faint|p1b: Iron Hands\n|-end|p1b: Iron Hands|Quark Drive|[silent]\n|move|p1a: Garganacl|Salt Cure|p2b: Flutter Mane\n|-damage|p2b: Flutter Mane|82\/100\n|-start|p2b: Flutter Mane|Salt Cure\n|\n|-damage|p2b: Flutter Mane|70\/100|[from] Salt Cure\n|upkeep\n|\n|t:|1683780067\n|switch|p1b: Iron Bundle|Iron Bundle, L50, shiny|100\/100\n|turn|3\n|\n|t:|1683780080\n|move|p1b: Iron Bundle|Hydro Pump|p2b: Flutter Mane\n|-damage|p2b: Flutter Mane|4\/100\n|move|p2b: Flutter Mane|Moonblast|p1b: Iron Bundle\n|-enditem|p1b: Iron Bundle|Focus Sash\n|-damage|p1b: Iron Bundle|1\/100\n|move|p2a: Chi-Yu|Dark Pulse|p1a: Garganacl\n|-supereffective|p1a: Garganacl\n|-damage|p1a: Garganacl|14\/100\n|move|p1a: Garganacl|Salt Cure|p2a: Chi-Yu\n|-supereffective|p2a: Chi-Yu\n|-damage|p2a: Chi-Yu|60\/100\n|-start|p2a: Chi-Yu|Salt Cure\n|\n|-heal|p1a: Garganacl|19\/100|[from] item: Leftovers\n|-damage|p2b: Flutter Mane|0 fnt|[from] Salt Cure\n|faint|p2b: Flutter Mane\n|-end|p2b: Flutter Mane|Protosynthesis|[silent]\n|-damage|p2a: Chi-Yu|47\/100|[from] Salt Cure\n|upkeep\n|\n|t:|1683780096\n|switch|p2b: Breloom|Breloom, L50, F|53\/100\n|turn|4\n|\n|t:|1683780104\n|-end|p1b: Iron Bundle|Quark Drive|[silent]\n|switch|p1b: Mimikyu|Mimikyu, L50, M|100\/100\n|move|p1a: Garganacl|Protect|p1a: Garganacl\n|-singleturn|p1a: Garganacl|Protect\n|move|p2b: Breloom|Mach Punch|p1b: Mimikyu\n|-immune|p1b: Mimikyu\n|move|p2a: Chi-Yu|Dark Pulse|p1a: Garganacl\n|-activate|p1a: Garganacl|move: Protect\n|\n|-heal|p1a: Garganacl|25\/100|[from] item: Leftovers\n|-damage|p2a: Chi-Yu|35\/100|[from] Salt Cure\n|upkeep\n|turn|5\n|\n|t:|1683780120\n|move|p1b: Mimikyu|Shadow Sneak|p2a: Chi-Yu\n|-resisted|p2a: Chi-Yu\n|-damage|p2a: Chi-Yu|20\/100\n|-damage|p1b: Mimikyu|91\/100|[from] item: Life Orb\n|move|p2a: Chi-Yu|Heat Wave|p1b: Mimikyu|[spread] p1a,p1b\n|-damage|p1a: Garganacl|0 fnt\n|-activate|p1b: Mimikyu|ability: Disguise\n|-damage|p1b: Mimikyu|91\/100\n|detailschange|p1b: Mimikyu|Mimikyu-Busted, L50, M\n|-damage|p1b: Mimikyu|79\/100|[from] pokemon: Mimikyu-Busted\n|faint|p1a: Garganacl\n|move|p2b: Breloom|Spore|p1b: Mimikyu\n|-status|p1b: Mimikyu|slp|[from] move: Spore\n|\n|-damage|p2a: Chi-Yu|7\/100|[from] Salt Cure\n|upkeep\n|\n|t:|1683780123\n|switch|p1a: Iron Bundle|Iron Bundle, L50, shiny|1\/100\n|turn|6\n|-message|huib uui forfeited.\n|\n|win|foiledfeline\n|raw|huib uui's rating: 1274 → 1247<\/strong> (-27 for losing)\n|raw|foiledfeline's rating: 1244 → 1271<\/strong> (+27 for winning)\n|l|\u2606huib uui\n","uploadtime":1683780138,"views":20,"p1id":"huibuui","p2id":"foiledfeline","formatid":"gen9vgc2023regulationc","rating":1247,"private":0,"password":""}