{"id":"gen9vgc2023regulationc-1859946949","p1":"JNEWMZ","p2":"destrucktoo","format":"[Gen 9] VGC 2023 Regulation C","log":"|j|\u2606JNEWMZ\n|j|\u2606destrucktoo\n|t:|1683578295\n|gametype|doubles\n|player|p1|JNEWMZ|emmet|\n|player|p2|destrucktoo|pokekid|\n|teamsize|p1|6\n|teamsize|p2|6\n|gen|9\n|tier|[Gen 9] VGC 2023 Regulation C\n|rule|Species Clause: Limit one of each Pok\u00e9mon\n|rule|Item Clause: Limit one of each item\n|clearpoke\n|poke|p1|Annihilape, L50, F|\n|poke|p1|Iron Moth, L50|\n|poke|p1|Masquerain, L50, M|\n|poke|p1|Mudsdale, L50, F|\n|poke|p1|Ceruledge, L50, M|\n|poke|p1|Rotom-Wash, L50|\n|poke|p2|Abomasnow, L50, M|\n|poke|p2|Cetitan, L50, F|\n|poke|p2|Iron Hands, L50|\n|poke|p2|Arcanine, L50, M|\n|poke|p2|Eiscue, L50, F|\n|poke|p2|Slowbro, L50, F|\n|teampreview|4\ndestrucktoo rejected open team sheets.\n|j| WindyEng\n|j| pinapplehead\n|\n|t:|1683578405\n|start\n|switch|p1a: Annihilape|Annihilape, L50, F|100\/100\n|switch|p1b: Iron Moth|Iron Moth, L50|100\/100\n|switch|p2a: Slowest Bro|Slowbro, L50, F|100\/100\n|switch|p2b: Fingers|Iron Hands, L50|100\/100\n|-enditem|p1b: Iron Moth|Booster Energy\n|-activate|p1b: Iron Moth|ability: Quark Drive|[fromitem]\n|-start|p1b: Iron Moth|quarkdrivespa\n|-enditem|p2b: Fingers|Booster Energy\n|-activate|p2b: Fingers|ability: Quark Drive|[fromitem]\n|-start|p2b: Fingers|quarkdriveatk\n|turn|1\n|c| pinapplehead|will he adapt?\n|\n|t:|1683578459\n|move|p1b: Iron Moth|Protect|p1b: Iron Moth\n|-singleturn|p1b: Iron Moth|Protect\n|move|p1a: Annihilape|Earthquake|p2b: Fingers|[spread] p2a,p2b\n|-activate|p1b: Iron Moth|move: Protect\n|-supereffective|p2b: Fingers\n|-crit|p2b: Fingers\n|-damage|p2a: Slowest Bro|85\/100\n|-damage|p2b: Fingers|33\/100\n|move|p2b: Fingers|Wild Charge|p1b: Iron Moth\n|-activate|p1b: Iron Moth|move: Protect\n|move|p2a: Slowest Bro|Trick Room|p2a: Slowest Bro\n|-fieldstart|move: Trick Room|[of] p2a: Slowest Bro\n|\n|upkeep\n|turn|2\n|c|\u2606destrucktoo|will i\n|\n|t:|1683578499\n|-end|p1b: Iron Moth|Quark Drive|[silent]\n|switch|p1b: Mudsdale|Mudsdale, L50, F|100\/100\n|-terastallize|p1a: Annihilape|Steel\n|move|p2a: Slowest Bro|Helping Hand|p2b: Fingers\n|-singleturn|p2b: Fingers|Helping Hand|[of] p2a: Slowest Bro\n|move|p2b: Fingers|Wild Charge|p1a: Annihilape\n|-damage|p1a: Annihilape|0 fnt\n|faint|p1a: Annihilape\n|-damage|p2b: Fingers|9\/100|[from] Recoil\n|\n|upkeep\n|c|\u2606JNEWMZ|holy moly\n|\n|t:|1683578515\n|switch|p1a: Iron Moth|Iron Moth, L50|100\/100\n|turn|3\n|c| WindyEng|\"that's a lot of damage!\"\n|c|\u2606destrucktoo|smash\n|c| pinapplehead|iron hands.... OBLITERATE!\n|j| BossgodoraIII\n|c|\u2606JNEWMZ|have to start running protect on ape lol\n|j| dolphinsfan254\n|\n|t:|1683578566\n|switch|p2a: A Bomasnow|Abomasnow, L50, M|100\/100\n|-weather|Snow|[from] ability: Snow Warning|[of] p2a: A Bomasnow\n|move|p1a: Iron Moth|Protect|p1a: Iron Moth\n|-singleturn|p1a: Iron Moth|Protect\n|move|p1b: Mudsdale|Rock Slide|p2b: Fingers|[spread] p2b\n|-miss|p1b: Mudsdale|p2a: A Bomasnow\n|-resisted|p2b: Fingers\n|-damage|p2b: Fingers|1\/100\n|cant|p2b: Fingers|flinch\n|\n|-weather|Snow|[upkeep]\n|upkeep\n|turn|4\n|c|\u2606destrucktoo|he lived\n|c| pinapplehead|huge\n|c| pinapplehead|but flinched@\n|c| WindyEng|huge if you didn't flinch maybe\n|\n|t:|1683578604\n|-end|p2b: Fingers|Quark Drive|[silent]\n|switch|p2b: Whats in the Box?|Eiscue, L50, F|100\/100\n|move|p1b: Mudsdale|Rock Slide|p2b: Whats in the Box?|[spread] p2a,p2b\n|-supereffective|p2a: A Bomasnow\n|-damage|p2a: A Bomasnow|68\/100\n|-activate|p2b: Whats in the Box?|ability: Ice Face\n|-damage|p2b: Whats in the Box?|100\/100\n|detailschange|p2b: Whats in the Box?|Eiscue-Noice, L50, F\n|cant|p2a: A Bomasnow|flinch\n|move|p1a: Iron Moth|Heat Wave|p2a: A Bomasnow|[spread] p2a,p2b\n|-supereffective|p2a: A Bomasnow\n|-supereffective|p2b: Whats in the Box?\n|-damage|p2a: A Bomasnow|0 fnt\n|-damage|p2b: Whats in the Box?|0 fnt\n|faint|p2a: A Bomasnow\n|faint|p2b: Whats in the Box?\n|\n|-weather|Snow|[upkeep]\n|upkeep\n|c|\u2606destrucktoo|oof\n|\n|t:|1683578620\n|switch|p2a: Slowest Bro|Slowbro, L50, F|85\/100\n|switch|p2b: Fingers|Iron Hands, L50|1\/100\n|turn|5\n|c| WindyEng|Poor Eiscue\n|\n|t:|1683578630\n|move|p2a: Slowest Bro|Helping Hand|p2b: Fingers\n|-singleturn|p2b: Fingers|Helping Hand|[of] p2a: Slowest Bro\n|move|p2b: Fingers|Fake Out|p1b: Mudsdale\n|-damage|p1b: Mudsdale|79\/100\n|-ability|p1b: Mudsdale|Stamina|boost\n|-boost|p1b: Mudsdale|def|1\n|cant|p1b: Mudsdale|flinch\n|move|p1a: Iron Moth|Dazzling Gleam|p2a: Slowest Bro|[spread] p2a,p2b\n|-supereffective|p2b: Fingers\n|-damage|p2a: Slowest Bro|62\/100\n|-damage|p2b: Fingers|0 fnt\n|faint|p2b: Fingers\n|-end|p2b: Fingers|Quark Drive|[silent]\n|\n|-weather|Snow|[upkeep]\n|-fieldend|move: Trick Room\n|upkeep\n|turn|6\n|c| pinapplehead|never got a chance\n|c|\u2606JNEWMZ|didnt look good for me for a sec there\n|c| pinapplehead|big fakeout damage\n|\n|t:|1683578661\n|-terastallize|p2a: Slowest Bro|Water\n|move|p1a: Iron Moth|Dazzling Gleam|p2a: Slowest Bro\n|-damage|p2a: Slowest Bro|29\/100\n|move|p1b: Mudsdale|Heavy Slam|p2a: Slowest Bro\n|-resisted|p2a: Slowest Bro\n|-damage|p2a: Slowest Bro|15\/100\n|move|p2a: Slowest Bro|Liquidation|p1b: Mudsdale\n|-supereffective|p1b: Mudsdale\n|-damage|p1b: Mudsdale|31\/100\n|-unboost|p1b: Mudsdale|def|1\n|-ability|p1b: Mudsdale|Stamina|boost\n|-boost|p1b: Mudsdale|def|1\n|\n|-weather|Snow|[upkeep]\n|upkeep\n|turn|7\n|c|\u2606JNEWMZ|lol\n|c|\u2606destrucktoo|gg\n|c|\u2606JNEWMZ|gg\n|\n|t:|1683578682\n|move|p1a: Iron Moth|Dazzling Gleam|p2a: Slowest Bro\n|-damage|p2a: Slowest Bro|0 fnt\n|faint|p2a: Slowest Bro\n|\n|win|JNEWMZ\n","uploadtime":1683578688,"views":16,"p1id":"jnewmz","p2id":"destrucktoo","formatid":"gen9vgc2023regulationc","rating":0,"private":0,"password":""}