{"id":"gen9vgc2023regulationc-1862280505","p1":"AngelDan0129","p2":"plagaX","format":"[Gen 9] VGC 2023 Regulation C","log":"|j|\u2606AngelDan0129\n|j|\u2606plagaX\n|t:|1683859089\n|gametype|doubles\n|player|p1|AngelDan0129|silver|\n|player|p2|plagaX|265|\n|teamsize|p1|6\n|teamsize|p2|6\n|gen|9\n|tier|[Gen 9] VGC 2023 Regulation C\n|rule|Species Clause: Limit one of each Pok\u00e9mon\n|rule|Item Clause: Limit one of each item\n|clearpoke\n|poke|p1|Gholdengo, L50|\n|poke|p1|Murkrow, L50, F|\n|poke|p1|Flutter Mane, L50|\n|poke|p1|Roaring Moon, L50|\n|poke|p1|Iron Hands, L50|\n|poke|p1|Ting-Lu, L50|\n|poke|p2|Arcanine, L50, F|\n|poke|p2|Flutter Mane, L50|\n|poke|p2|Roaring Moon, L50|\n|poke|p2|Ting-Lu, L50|\n|poke|p2|Amoonguss, L50, M|\n|poke|p2|Palafin, L50, F|\n|teampreview|4\n|j| renatobest\n|l| renatobest\n|\n|t:|1683859138\n|start\n|switch|p1a: Iron Hands|Iron Hands, L50|100\/100\n|switch|p1b: Flutter Mane|Flutter Mane, L50|100\/100\n|switch|p2a: Arcanine|Arcanine, L50, F|100\/100\n|switch|p2b: Palafin|Palafin, L50, F|100\/100\n|-ability|p2a: Arcanine|Intimidate|boost\n|-unboost|p1a: Iron Hands|atk|1\n|-unboost|p1b: Flutter Mane|atk|1\n|turn|1\n|\n|t:|1683859162\n|detailschange|p2b: Palafin|Palafin-Hero, L50, F\n|switch|p2b: Amoonguss|Amoonguss, L50, M|100\/100\n|move|p1a: Iron Hands|Fake Out|p2a: Arcanine\n|-damage|p2a: Arcanine|88\/100\n|move|p1b: Flutter Mane|Shadow Ball|p2b: Amoonguss\n|-damage|p2b: Amoonguss|63\/100\n|-unboost|p2b: Amoonguss|spd|1\n|cant|p2a: Arcanine|flinch\n|\n|upkeep\n|turn|2\n|\n|t:|1683859195\n|-terastallize|p1b: Flutter Mane|Fire\n|move|p1b: Flutter Mane|Mystical Fire|p2b: Amoonguss\n|-supereffective|p2b: Amoonguss\n|-damage|p2b: Amoonguss|0 fnt\n|faint|p2b: Amoonguss\n|move|p2a: Arcanine|Flare Blitz|p1b: Flutter Mane\n|-resisted|p1b: Flutter Mane\n|-damage|p1b: Flutter Mane|43\/100\n|-damage|p2a: Arcanine|75\/100|[from] Recoil\n|move|p1a: Iron Hands|Wild Charge|p2a: Arcanine\n|-damage|p2a: Arcanine|37\/100\n|-damage|p1a: Iron Hands|93\/100|[from] Recoil\n|\n|upkeep\n|\n|t:|1683859222\n|switch|p2b: Palafin|Palafin-Hero, L50, F|100\/100\n|-activate|p2b: Palafin|ability: Zero to Hero\n|turn|3\n|\n|t:|1683859233\n|-terastallize|p2b: Palafin|Water\n|move|p2a: Arcanine|Protect|p2a: Arcanine\n|-singleturn|p2a: Arcanine|Protect\n|move|p2b: Palafin|Jet Punch|p1b: Flutter Mane\n|-supereffective|p1b: Flutter Mane\n|-damage|p1b: Flutter Mane|0 fnt\n|faint|p1b: Flutter Mane\n|-end|p1b: Flutter Mane|Protosynthesis|[silent]\n|move|p1a: Iron Hands|Wild Charge|p2b: Palafin\n|-supereffective|p2b: Palafin\n|-damage|p2b: Palafin|27\/100\n|-damage|p1a: Iron Hands|79\/100|[from] Recoil\n|\n|upkeep\n|\n|t:|1683859248\n|switch|p1b: JP|Murkrow, L50, F|100\/100\n|turn|4\n|\n|t:|1683859266\n|move|p2b: Palafin|Jet Punch|p1a: Iron Hands\n|-damage|p1a: Iron Hands|37\/100\n|move|p1b: JP|Haze|p1b: JP\n|-clearallboost\n|move|p2a: Arcanine|Flare Blitz|p1a: Iron Hands\n|-damage|p1a: Iron Hands|3\/100\n|-damage|p2a: Arcanine|22\/100|[from] Recoil\n|move|p1a: Iron Hands|Earthquake|p2b: Palafin|[spread] p2a,p2b\n|-immune|p1b: JP\n|-supereffective|p2a: Arcanine\n|-damage|p2a: Arcanine|0 fnt\n|-damage|p2b: Palafin|2\/100\n|faint|p2a: Arcanine\n|\n|upkeep\n|\n|t:|1683859280\n|switch|p2a: Ting-Lu|Ting-Lu, L50|100\/100\n|-ability|p2a: Ting-Lu|Vessel of Ruin\n|turn|5\n|\n|t:|1683859292\n|move|p2b: Palafin|Jet Punch|p1a: Iron Hands\n|-damage|p1a: Iron Hands|0 fnt\n|faint|p1a: Iron Hands\n|-end|p1a: Iron Hands|Quark Drive|[silent]\n|move|p1b: JP|Foul Play|p2b: Palafin\n|-damage|p2b: Palafin|0 fnt\n|faint|p2b: Palafin\n|move|p2a: Ting-Lu|Ruination|p1b: JP|[miss]\n|-miss|p2a: Ting-Lu|p1b: JP\n|\n|upkeep\n|\n|t:|1683859305\n|switch|p1a: Fido Dido|Gholdengo, L50|100\/100\n|turn|6\n|\n|t:|1683859317\n|move|p1a: Fido Dido|Make It Rain|p2a: Ting-Lu\n|-damage|p2a: Ting-Lu|68\/100\n|-unboost|p1a: Fido Dido|spa|1\n|move|p1b: JP|Foul Play|p2a: Ting-Lu\n|-resisted|p2a: Ting-Lu\n|-damage|p2a: Ting-Lu|55\/100\n|move|p2a: Ting-Lu|Stomping Tantrum|p1a: Fido Dido\n|-supereffective|p1a: Fido Dido\n|-damage|p1a: Fido Dido|0 fnt\n|faint|p1a: Fido Dido\n|\n|upkeep\n|turn|7\n|\n|t:|1683859339\n|move|p1b: JP|Foul Play|p2a: Ting-Lu\n|-resisted|p2a: Ting-Lu\n|-damage|p2a: Ting-Lu|44\/100\n|move|p2a: Ting-Lu|Fissure|p1b: JP\n|-immune|p1b: JP\n|\n|upkeep\n|turn|8\n|\n|t:|1683859350\n|move|p1b: JP|Foul Play|p2a: Ting-Lu\n|-resisted|p2a: Ting-Lu\n|-damage|p2a: Ting-Lu|30\/100\n|move|p2a: Ting-Lu|Ruination|p1b: JP\n|-damage|p1b: JP|50\/100\n|\n|upkeep\n|turn|9\n|\n|t:|1683859359\n|move|p1b: JP|Foul Play|p2a: Ting-Lu\n|-resisted|p2a: Ting-Lu\n|-damage|p2a: Ting-Lu|17\/100\n|move|p2a: Ting-Lu|Heavy Slam|p1b: JP\n|-damage|p1b: JP|17\/100\n|\n|upkeep\n|turn|10\n|\n|t:|1683859370\n|move|p1b: JP|Foul Play|p2a: Ting-Lu\n|-resisted|p2a: Ting-Lu\n|-damage|p2a: Ting-Lu|5\/100\n|move|p2a: Ting-Lu|Heavy Slam|p1b: JP\n|-damage|p1b: JP|0 fnt\n|faint|p1b: JP\n|\n|win|plagaX\n|c|\u2606plagaX|gg\n","uploadtime":1683859380,"views":13,"p1id":"angeldan0129","p2id":"plagax","formatid":"gen9vgc2023regulationc","rating":0,"private":0,"password":""}