{"id":"gen9vgc2023regulationc-1846432271","p1":"TheMatrix97","p2":"Marinas Lab","format":"[Gen 9] VGC 2023 Regulation C","log":"|j|\u2606TheMatrix97\n|j|\u2606Marinas Lab\n|t:|1681840394\n|gametype|doubles\n|player|p1|TheMatrix97|giovanni|1321\n|player|p2|Marinas Lab|emmet|1321\n|teamsize|p1|6\n|teamsize|p2|6\n|gen|9\n|tier|[Gen 9] VGC 2023 Regulation C\n|rated|\n|rule|Species Clause: Limit one of each Pok\u00e9mon\n|rule|Item Clause: Limit one of each item\n|clearpoke\n|poke|p1|Arcanine, L50, F|\n|poke|p1|Amoonguss, L50, F|\n|poke|p1|Palafin, L50, M|\n|poke|p1|Flutter Mane, L50|\n|poke|p1|Ting-Lu, L50|\n|poke|p1|Roaring Moon, L50|\n|poke|p2|Dragonite, L50, M|\n|poke|p2|Flutter Mane, L50|\n|poke|p2|Volcarona, L50, F|\n|poke|p2|Kingambit, L50, M|\n|poke|p2|Breloom, L50, F|\n|poke|p2|Gyarados, L50, F|\n|teampreview|4\n|inactive|Battle timer is ON: inactive players will automatically lose when time's up. (requested by TheMatrix97)\nTheMatrix97 has agreed to open team sheets.\n|inactive|TheMatrix97 has 60 seconds left.\n|inactive|TheMatrix97 has 30 seconds left.\n|inactive|TheMatrix97 has 20 seconds left.\n|inactive|TheMatrix97 has 15 seconds left.\n|\n|t:|1681840470\n|start\n|switch|p1a: Amoonguss|Amoonguss, L50, F, shiny|100\/100\n|switch|p1b: Roaring Moon|Roaring Moon, L50, shiny|100\/100\n|switch|p2a: Volcarona|Volcarona, L50, F|100\/100\n|switch|p2b: Breloom|Breloom, L50, F|100\/100\n|-enditem|p1b: Roaring Moon|Booster Energy\n|-activate|p1b: Roaring Moon|ability: Protosynthesis|[fromitem]\n|-start|p1b: Roaring Moon|protosynthesisatk\n|turn|1\n|inactive|TheMatrix97 has 30 seconds left.\n|\n|t:|1681840501\n|-terastallize|p1a: Amoonguss|Water\n|move|p1b: Roaring Moon|Protect|p1b: Roaring Moon\n|-singleturn|p1b: Roaring Moon|Protect\n|move|p2a: Volcarona|Rage Powder|p2a: Volcarona\n|-singleturn|p2a: Volcarona|move: Rage Powder\n|move|p2b: Breloom|Spore|p1b: Roaring Moon\n|-activate|p1b: Roaring Moon|move: Protect\n|move|p1a: Amoonguss|Pollen Puff|p2a: Volcarona\n|-resisted|p2a: Volcarona\n|-damage|p2a: Volcarona|92\/100\n|\n|upkeep\n|turn|2\n|inactive|TheMatrix97 has 30 seconds left.\n|inactive|TheMatrix97 has 20 seconds left.\n|inactive|TheMatrix97 has 15 seconds left.\n|\n|t:|1681840542\n|move|p2b: Breloom|Mach Punch|p1b: Roaring Moon\n|-supereffective|p1b: Roaring Moon\n|-damage|p1b: Roaring Moon|26\/100\n|move|p1b: Roaring Moon|Acrobatics|p2b: Breloom\n|-supereffective|p2b: Breloom\n|-enditem|p2b: Breloom|Focus Sash\n|-damage|p2b: Breloom|1\/100\n|move|p2a: Volcarona|Giga Drain|p1a: Amoonguss\n|-supereffective|p1a: Amoonguss\n|-damage|p1a: Amoonguss|53\/100\n|-heal|p2a: Volcarona|100\/100|[from] drain|[of] p1a: Amoonguss\n|move|p1a: Amoonguss|Spore|p2a: Volcarona\n|-status|p2a: Volcarona|slp|[from] move: Spore\n|\n|upkeep\n|turn|3\n|\n|t:|1681840560\n|move|p1b: Roaring Moon|Protect|p1b: Roaring Moon\n|-singleturn|p1b: Roaring Moon|Protect\n|move|p2b: Breloom|Protect|p2b: Breloom\n|-singleturn|p2b: Breloom|Protect\n|cant|p2a: Volcarona|slp\n|move|p1a: Amoonguss|Pollen Puff|p2b: Breloom\n|-activate|p2b: Breloom|move: Protect\n|\n|upkeep\n|turn|4\n|\n|t:|1681840575\n|-end|p1b: Roaring Moon|Protosynthesis|[silent]\n|switch|p1b: Flutter Mane|Flutter Mane, L50, shiny|100\/100\n|move|p2b: Breloom|Mach Punch|p1b: Flutter Mane\n|-immune|p1b: Flutter Mane\n|-curestatus|p2a: Volcarona|slp|[msg]\n|move|p2a: Volcarona|Giga Drain|p1a: Amoonguss\n|-supereffective|p1a: Amoonguss\n|-damage|p1a: Amoonguss|9\/100\n|-enditem|p1a: Amoonguss|Sitrus Berry|[eat]\n|-heal|p1a: Amoonguss|34\/100|[from] item: Sitrus Berry\n|move|p1a: Amoonguss|Pollen Puff|p2b: Breloom\n|-damage|p2b: Breloom|0 fnt\n|faint|p2b: Breloom\n|\n|upkeep\n|\n|t:|1681840579\n|switch|p2b: Gyarados|Gyarados, L50, F|100\/100\n|-ability|p2b: Gyarados|Intimidate|boost\n|-unboost|p1a: Amoonguss|atk|1\n|-unboost|p1b: Flutter Mane|atk|1\n|turn|5\n|inactive|TheMatrix97 has 30 seconds left.\n|inactive|TheMatrix97 has 20 seconds left.\n|\n|t:|1681840616\n|switch|p1a: Roaring Moon|Roaring Moon, L50, shiny|26\/100\n|move|p1b: Flutter Mane|Thunderbolt|p2b: Gyarados\n|-supereffective|p2b: Gyarados\n|-damage|p2b: Gyarados|0 fnt\n|faint|p2b: Gyarados\n|move|p2a: Volcarona|Giga Drain|p1a: Roaring Moon\n|-resisted|p1a: Roaring Moon\n|-damage|p1a: Roaring Moon|13\/100\n|\n|upkeep\n|\n|t:|1681840620\n|switch|p2b: Flutter Mane|Flutter Mane, L50|100\/100\n|turn|6\n|inactive|TheMatrix97 has 30 seconds left.\n|\n|t:|1681840652\n|-end|p1b: Flutter Mane|Protosynthesis|[silent]\n|switch|p1b: Amoonguss|Amoonguss, L50, F, shiny, tera:Water|67\/100\n|-terastallize|p2b: Flutter Mane|Electric\n|move|p1a: Roaring Moon|Protect|p1a: Roaring Moon\n|-singleturn|p1a: Roaring Moon|Protect\n|move|p2b: Flutter Mane|Dazzling Gleam|p1b: Amoonguss|[spread] p1b\n|-activate|p1a: Roaring Moon|move: Protect\n|-damage|p1b: Amoonguss|26\/100\n|move|p2a: Volcarona|Heat Wave|p1a: Roaring Moon|[spread] p1b\n|-activate|p1a: Roaring Moon|move: Protect\n|-resisted|p1b: Amoonguss\n|-damage|p1b: Amoonguss|8\/100\n|\n|upkeep\n|turn|7\n|inactive|TheMatrix97 has 30 seconds left.\n|inactive|TheMatrix97 has 20 seconds left.\n|inactive|TheMatrix97 has 15 seconds left.\n|\n|t:|1681840695\n|move|p1b: Amoonguss|Protect|p1b: Amoonguss\n|-singleturn|p1b: Amoonguss|Protect\n|move|p2b: Flutter Mane|Dazzling Gleam|p1a: Roaring Moon|[spread] p1a\n|-activate|p1b: Amoonguss|move: Protect\n|-supereffective|p1a: Roaring Moon\n|-damage|p1a: Roaring Moon|0 fnt\n|faint|p1a: Roaring Moon\n|-end|p1a: Roaring Moon|Protosynthesis|[silent]\n|move|p2a: Volcarona|Heat Wave|p1b: Amoonguss\n|-activate|p1b: Amoonguss|move: Protect\n|\n|upkeep\n|\n|t:|1681840700\n|switch|p1a: Ting-Lu|Ting-Lu, L50|100\/100\n|-ability|p1a: Ting-Lu|Vessel of Ruin\n|turn|8\n|inactive|TheMatrix97 has 30 seconds left.\n|\n|t:|1681840731\n|move|p2a: Volcarona|Rage Powder|p2a: Volcarona\n|-singleturn|p2a: Volcarona|move: Rage Powder\n|move|p1b: Amoonguss|Rage Powder|p1b: Amoonguss\n|-singleturn|p1b: Amoonguss|move: Rage Powder\n|move|p2b: Flutter Mane|Dazzling Gleam|p1a: Ting-Lu|[spread] p1a,p1b\n|-supereffective|p1a: Ting-Lu\n|-crit|p1b: Amoonguss\n|-damage|p1a: Ting-Lu|65\/100\n|-damage|p1b: Amoonguss|0 fnt\n|faint|p1b: Amoonguss\n|move|p1a: Ting-Lu|Stomping Tantrum|p2a: Volcarona\n|-damage|p2a: Volcarona|48\/100\n|-damage|p1a: Ting-Lu|49\/100|[from] item: Rocky Helmet|[of] p2a: Volcarona\n|-status|p1a: Ting-Lu|brn|[from] ability: Flame Body|[of] p2a: Volcarona\n|\n|-damage|p1a: Ting-Lu|43\/100 brn|[from] brn\n|upkeep\n|\n|t:|1681840743\n|switch|p1b: Flutter Mane|Flutter Mane, L50, shiny|100\/100\n|turn|9\n|\n|t:|1681840770\n|move|p2b: Flutter Mane|Dazzling Gleam|p1a: Ting-Lu|[spread] p1a,p1b\n|-supereffective|p1a: Ting-Lu\n|-damage|p1a: Ting-Lu|11\/100 brn\n|-damage|p1b: Flutter Mane|64\/100\n|move|p1b: Flutter Mane|Dazzling Gleam|p2b: Flutter Mane|[spread] p2a,p2b\n|-resisted|p2a: Volcarona\n|-damage|p2a: Volcarona|32\/100\n|-damage|p2b: Flutter Mane|62\/100\n|move|p2a: Volcarona|Heat Wave|p1b: Flutter Mane|[spread] p1b\n|-miss|p2a: Volcarona|p1a: Ting-Lu\n|-damage|p1b: Flutter Mane|35\/100\n|move|p1a: Ting-Lu|Stomping Tantrum|p2a: Volcarona\n|-damage|p2a: Volcarona|7\/100\n|-damage|p1a: Ting-Lu|0 fnt|[from] item: Rocky Helmet|[of] p2a: Volcarona\n|faint|p1a: Ting-Lu\n|\n|upkeep\n|turn|10\n|\n|t:|1681840785\n|move|p2b: Flutter Mane|Dazzling Gleam|p1b: Flutter Mane\n|-damage|p1b: Flutter Mane|0 fnt\n|faint|p1b: Flutter Mane\n|-end|p1b: Flutter Mane|Protosynthesis|[silent]\n|\n|win|Marinas Lab\n|raw|TheMatrix97's rating: 1321 → 1301<\/strong> (-20 for losing)\n|raw|Marinas Lab's rating: 1321 → 1341<\/strong> (+20 for winning)\n|l|\u2606TheMatrix97\n","uploadtime":1681840827,"views":21,"p1id":"thematrix97","p2id":"marinaslab","formatid":"gen9vgc2023regulationc","rating":1301,"private":0,"password":""}