{"id":"gen9vgc2023regulationc-1863192747","p1":"UltimoRyu","p2":"Floorium z","format":"[Gen 9] VGC 2023 Regulation C","log":"|j|\u2606UltimoRyu\n|j|\u2606Floorium z\n|t:|1683986381\n|gametype|doubles\n|player|p1|UltimoRyu|turo-ai|1170\n|player|p2|Floorium z|hilbert|1214\n|teamsize|p1|6\n|teamsize|p2|6\n|gen|9\n|tier|[Gen 9] VGC 2023 Regulation C\n|rated|\n|rule|Species Clause: Limit one of each Pok\u00e9mon\n|rule|Item Clause: Limit one of each item\n|clearpoke\n|poke|p1|Abomasnow, L50, F|\n|poke|p1|Iron Bundle, L50|\n|poke|p1|Azumarill, L50, M|\n|poke|p1|Maushold, L50|\n|poke|p1|Gholdengo, L50|\n|poke|p1|Murkrow, L50, F|\n|poke|p2|Torkoal, L50, F|\n|poke|p2|Jumpluff, L50, M|\n|poke|p2|Great Tusk, L50|\n|poke|p2|Flutter Mane, L50|\n|poke|p2|Indeedee-F, L50, F|\n|poke|p2|Armarouge, L50, F|\n|teampreview|4\n|inactive|Battle timer is ON: inactive players will automatically lose when time's up. (requested by Floorium z)\n|inactive|UltimoRyu has 60 seconds left.\n|inactive|Floorium z has 60 seconds left.\n|inactive|UltimoRyu has 30 seconds left.\n|inactive|UltimoRyu has 20 seconds left.\n|inactive|UltimoRyu has 15 seconds left.\n|inactive|UltimoRyu has 10 seconds left.\n|\n|t:|1683986465\n|start\n|switch|p1a: Gholdengo|Gholdengo, L50|100\/100\n|switch|p1b: Maushold|Maushold, L50|100\/100\n|switch|p2a: Torkoal|Torkoal, L50, F|100\/100\n|switch|p2b: Jumpluff|Jumpluff, L50, M|100\/100\n|-weather|SunnyDay|[from] ability: Drought|[of] p2a: Torkoal\n|turn|1\n|inactive|UltimoRyu has 30 seconds left.\n|\n|t:|1683986496\n|switch|p1b: Abomasnow|Abomasnow, L50, F|100\/100\n|-weather|Snow|[from] ability: Snow Warning|[of] p1b: Abomasnow\n|-terastallize|p1a: Gholdengo|Water\n|move|p2a: Torkoal|Protect|p2a: Torkoal\n|-singleturn|p2a: Torkoal|Protect\n|move|p2b: Jumpluff|Tailwind|p2b: Jumpluff\n|-sidestart|p2: Floorium z|move: Tailwind\n|move|p1a: Gholdengo|Power Gem|p2a: Torkoal\n|-activate|p2a: Torkoal|move: Protect\n|\n|-weather|Snow|[upkeep]\n|upkeep\n|turn|2\n|\n|t:|1683986517\n|move|p2b: Jumpluff|U-turn|p1b: Abomasnow\n|-supereffective|p1b: Abomasnow\n|-damage|p1b: Abomasnow|85\/100\n|\n|t:|1683986524\n|switch|p2b: Great Tusk|Great Tusk, L50|100\/100|[from] U-turn\n|move|p2a: Torkoal|Solar Beam||[still]\n|-prepare|p2a: Torkoal|Solar Beam\n|move|p1a: Gholdengo|Power Gem|p2a: Torkoal\n|-supereffective|p2a: Torkoal\n|-damage|p2a: Torkoal|0 fnt\n|faint|p2a: Torkoal\n|move|p1b: Abomasnow|Blizzard|p2b: Great Tusk\n|-supereffective|p2b: Great Tusk\n|-damage|p2b: Great Tusk|0 fnt\n|faint|p2b: Great Tusk\n|-end|p2b: Great Tusk|Protosynthesis|[silent]\n|-damage|p1b: Abomasnow|75\/100|[from] item: Life Orb\n|\n|-weather|Snow|[upkeep]\n|upkeep\n|\n|t:|1683986533\n|switch|p2b: Flutter Mane|Flutter Mane, L50|100\/100\n|switch|p2a: Jumpluff|Jumpluff, L50, M|100\/100\n|turn|3\n|\n|t:|1683986548\n|-terastallize|p2b: Flutter Mane|Steel\n|move|p2b: Flutter Mane|Dazzling Gleam|p1a: Gholdengo|[spread] p1a,p1b\n|-damage|p1a: Gholdengo|60\/100\n|-damage|p1b: Abomasnow|36\/100\n|-damage|p2b: Flutter Mane|90\/100|[from] item: Life Orb\n|move|p2a: Jumpluff|U-turn|p1b: Abomasnow\n|-supereffective|p1b: Abomasnow\n|-damage|p1b: Abomasnow|18\/100\n|move|p1a: Gholdengo|Power Gem|p2b: Flutter Mane\n|-resisted|p2b: Flutter Mane\n|-damage|p2b: Flutter Mane|67\/100\n|move|p1b: Abomasnow|Blizzard|p2a: Jumpluff|[spread] p2a,p2b\n|-supereffective|p2a: Jumpluff\n|-resisted|p2b: Flutter Mane\n|-damage|p2a: Jumpluff|0 fnt\n|-damage|p2b: Flutter Mane|44\/100\n|faint|p2a: Jumpluff\n|-damage|p1b: Abomasnow|8\/100|[from] item: Life Orb\n|\n|-weather|Snow|[upkeep]\n|upkeep\n|turn|4\n|\n|t:|1683986576\n|move|p2b: Flutter Mane|Thunderbolt|p1a: Gholdengo\n|-supereffective|p1a: Gholdengo\n|-damage|p1a: Gholdengo|0 fnt\n|faint|p1a: Gholdengo\n|-damage|p2b: Flutter Mane|34\/100|[from] item: Life Orb\n|move|p1b: Abomasnow|Blizzard|p2b: Flutter Mane\n|-resisted|p2b: Flutter Mane\n|-damage|p2b: Flutter Mane|1\/100\n|-damage|p1b: Abomasnow|0 fnt|[from] item: Life Orb\n|faint|p1b: Abomasnow\n|\n|-weather|Snow|[upkeep]\n|-sideend|p2: Floorium z|move: Tailwind\n|upkeep\n|\n|t:|1683986580\n|switch|p1a: Iron Bundle|Iron Bundle, L50|100\/100\n|switch|p1b: Maushold|Maushold, L50|100\/100\n|-enditem|p1a: Iron Bundle|Booster Energy\n|-activate|p1a: Iron Bundle|ability: Quark Drive|[fromitem]\n|-start|p1a: Iron Bundle|quarkdrivespe\n|turn|5\n|\n|t:|1683986587\n|move|p1b: Maushold|Follow Me|p1b: Maushold\n|-singleturn|p1b: Maushold|move: Follow Me\n|move|p1a: Iron Bundle|Aurora Veil|p1a: Iron Bundle\n|-sidestart|p1: UltimoRyu|move: Aurora Veil\n|move|p2b: Flutter Mane|Dazzling Gleam|p1b: Maushold|[spread] p1a,p1b\n|-damage|p1a: Iron Bundle|69\/100\n|-damage|p1b: Maushold|65\/100\n|-damage|p2b: Flutter Mane|0 fnt|[from] item: Life Orb\n|faint|p2b: Flutter Mane\n|-end|p2b: Flutter Mane|Protosynthesis|[silent]\n|\n|win|UltimoRyu\n|raw|UltimoRyu's rating: 1170 → 1198<\/strong> (+28 for winning)\n|raw|Floorium z's rating: 1214 → 1186<\/strong> (-28 for losing)\n|l|\u2606Floorium z\n","uploadtime":1683986601,"views":11,"p1id":"ultimoryu","p2id":"flooriumz","formatid":"gen9vgc2023regulationc","rating":1186,"private":0,"password":""}