{"id":"gen9vgc2023regulationc-1850544279","p1":"Felipe.Miller.V","p2":"PokeDog","format":"[Gen 9] VGC 2023 Regulation C","log":"|j|\u2606Felipe.Miller.V\n|j|\u2606PokeDog\n|t:|1682347344\n|gametype|doubles\n|player|p1|Felipe.Miller.V|1|1279\n|player|p2|PokeDog|ethan|1254\n|teamsize|p1|6\n|teamsize|p2|6\n|gen|9\n|tier|[Gen 9] VGC 2023 Regulation C\n|rated|\n|rule|Species Clause: Limit one of each Pok\u00e9mon\n|rule|Item Clause: Limit one of each item\n|clearpoke\n|poke|p1|Eiscue, L50, F|\n|poke|p1|Blissey, L50, F|\n|poke|p1|Palafin, L50, M|\n|poke|p1|Abomasnow, L50, M|\n|poke|p1|Iron Bundle, L50|\n|poke|p1|Bellibolt, L50, M|\n|poke|p2|Ting-Lu, L50|\n|poke|p2|Dragapult, L50, F|\n|poke|p2|Iron Bundle, L50|\n|poke|p2|Talonflame, L50, M|\n|poke|p2|Glimmora, L50, F|\n|poke|p2|Scizor, L50, M|\n|teampreview|4\n|inactive|Battle timer is ON: inactive players will automatically lose when time's up. (requested by PokeDog)\n|\n|t:|1682347370\n|start\n|switch|p1a: Abominavel|Abomasnow, L50, M|100\/100\n|switch|p1b: MrRobot|Iron Bundle, L50|100\/100\n|switch|p2a: Talonflame|Talonflame, L50, M|100\/100\n|switch|p2b: Glimmora|Glimmora, L50, F|100\/100\n|-weather|Snow|[from] ability: Snow Warning|[of] p1a: Abominavel\n|-enditem|p1b: MrRobot|Booster Energy\n|-activate|p1b: MrRobot|ability: Quark Drive|[fromitem]\n|-start|p1b: MrRobot|quarkdrivespe\n|turn|1\n|\n|t:|1682347384\n|move|p2b: Glimmora|Spiky Shield|p2b: Glimmora\n|-singleturn|p2b: Glimmora|move: Protect\n|move|p1a: Abominavel|Protect|p1a: Abominavel\n|-singleturn|p1a: Abominavel|Protect\n|move|p2a: Talonflame|Tailwind|p2a: Talonflame\n|-sidestart|p2: PokeDog|move: Tailwind\n|move|p1b: MrRobot|Aurora Veil|p1b: MrRobot\n|-sidestart|p1: Felipe.Miller.V|move: Aurora Veil\n|\n|-weather|Snow|[upkeep]\n|upkeep\n|turn|2\n|\n|t:|1682347397\n|move|p2a: Talonflame|Flare Blitz|p1a: Abominavel\n|-supereffective|p1a: Abominavel\n|-damage|p1a: Abominavel|14\/100\n|-damage|p2a: Talonflame|64\/100|[from] Recoil\n|move|p1b: MrRobot|Blizzard|p2b: Glimmora|[spread] p2a,p2b\n|-crit|p2a: Talonflame\n|-damage|p2a: Talonflame|0 fnt\n|-damage|p2b: Glimmora|46\/100\n|faint|p2a: Talonflame\n|move|p2b: Glimmora|Power Gem|p1b: MrRobot\n|-supereffective|p1b: MrRobot\n|-damage|p1b: MrRobot|0 fnt\n|faint|p1b: MrRobot\n|-end|p1b: MrRobot|Quark Drive|[silent]\n|move|p1a: Abominavel|Earth Power|p2b: Glimmora\n|-supereffective|p2b: Glimmora\n|-damage|p2b: Glimmora|0 fnt\n|faint|p2b: Glimmora\n|\n|-weather|Snow|[upkeep]\n|upkeep\n|\n|t:|1682347413\n|switch|p1b: Nhonho|Bellibolt, L50, M, shiny|100\/100\n|switch|p2a: Scizor|Scizor, L50, M, shiny|100\/100\n|switch|p2b: Bullwinkle|Ting-Lu, L50|100\/100\n|-ability|p2b: Bullwinkle|Vessel of Ruin\n|turn|3\n|\n|t:|1682347428\n|switch|p1a: DanoninhoIce|Eiscue, L50, F, shiny|100\/100\n|move|p2a: Scizor|Swords Dance|p2a: Scizor\n|-boost|p2a: Scizor|atk|2\n|move|p2b: Bullwinkle|Stomping Tantrum|p1b: Nhonho\n|-supereffective|p1b: Nhonho\n|-damage|p1b: Nhonho|65\/100\n|-start|p1b: Nhonho|Charge|Stomping Tantrum|[from] ability: Electromorphosis\n|move|p1b: Nhonho|Soak|p2b: Bullwinkle\n|-start|p2b: Bullwinkle|typechange|Water\n|\n|-weather|Snow|[upkeep]\n|upkeep\n|turn|4\n|\n|t:|1682347446\n|move|p1a: DanoninhoIce|Protect|p1a: DanoninhoIce\n|-singleturn|p1a: DanoninhoIce|Protect\n|move|p2a: Scizor|Bullet Punch|p1a: DanoninhoIce\n|-activate|p1a: DanoninhoIce|move: Protect\n|move|p2b: Bullwinkle|Rock Slide|p1a: DanoninhoIce|[spread] p1b\n|-activate|p1a: DanoninhoIce|move: Protect\n|-damage|p1b: Nhonho|56\/100\n|-start|p1b: Nhonho|Charge|Rock Slide|[from] ability: Electromorphosis\n|move|p1b: Nhonho|Parabolic Charge|p2b: Bullwinkle|[spread] p2a,p2b\n|-activate|p1a: DanoninhoIce|move: Protect\n|-supereffective|p2b: Bullwinkle\n|-damage|p2a: Scizor|65\/100\n|-heal|p1b: Nhonho|68\/100|[from] drain|[of] p2a: Scizor\n|-damage|p2b: Bullwinkle|80\/100\n|-heal|p1b: Nhonho|80\/100|[from] drain|[of] p2b: Bullwinkle\n|-end|p1b: Nhonho|Charge|[silent]\n|\n|-weather|Snow|[upkeep]\n|-sideend|p2: PokeDog|move: Tailwind\n|upkeep\n|turn|5\n|inactive|Felipe.Miller.V has 30 seconds left.\n|inactive|Felipe.Miller.V has 20 seconds left.\n|inactive|Felipe.Miller.V has 15 seconds left.\n|\n|t:|1682347487\n|-terastallize|p1a: DanoninhoIce|Ground\n|move|p2a: Scizor|Bullet Punch|p1a: DanoninhoIce\n|-activate|p1a: DanoninhoIce|ability: Ice Face\n|-damage|p1a: DanoninhoIce|100\/100\n|detailschange|p1a: DanoninhoIce|Eiscue-Noice, L50, F, shiny, tera:Ground\n|move|p1a: DanoninhoIce|Tera Blast|p2a: Scizor\n|-damage|p2a: Scizor|38\/100\n|move|p2b: Bullwinkle|Stomping Tantrum|p1b: Nhonho\n|-supereffective|p1b: Nhonho\n|-damage|p1b: Nhonho|57\/100\n|-start|p1b: Nhonho|Charge|Stomping Tantrum|[from] ability: Electromorphosis\n|move|p1b: Nhonho|Parabolic Charge|p2b: Bullwinkle|[spread] p2a,p2b\n|-immune|p1a: DanoninhoIce\n|-supereffective|p2b: Bullwinkle\n|-damage|p2a: Scizor|0 fnt\n|-heal|p1b: Nhonho|69\/100|[from] drain|[of] p2a: Scizor\n|-damage|p2b: Bullwinkle|57\/100\n|-heal|p1b: Nhonho|83\/100|[from] drain|[of] p2b: Bullwinkle\n|faint|p2a: Scizor\n|-end|p1b: Nhonho|Charge|[silent]\n|\n|-weather|none\n|-sideend|p1: Felipe.Miller.V|move: Aurora Veil\n|upkeep\n|turn|6\n|inactive|Felipe.Miller.V has 30 seconds left.\n|inactive|PokeDog has 30 seconds left.\n|\n|t:|1682347517\n|switch|p1b: Abominavel|Abomasnow, L50, M|14\/100\n|-weather|Snow|[from] ability: Snow Warning|[of] p1b: Abominavel\n|-activate|p1a: DanoninhoIce|ability: Ice Face\n|detailschange|p1a: DanoninhoIce|Eiscue, L50, F, shiny, tera:Ground\n|-terastallize|p2b: Bullwinkle|Poison\n|move|p1a: DanoninhoIce|Belly Drum|p1a: DanoninhoIce\n|-damage|p1a: DanoninhoIce|50\/100\n|-setboost|p1a: DanoninhoIce|atk|6|[from] move: Belly Drum\n|-enditem|p1a: DanoninhoIce|Sitrus Berry|[eat]\n|-heal|p1a: DanoninhoIce|75\/100|[from] item: Sitrus Berry\n|move|p2b: Bullwinkle|Heavy Slam|p1a: DanoninhoIce\n|-activate|p1a: DanoninhoIce|ability: Ice Face\n|-damage|p1a: DanoninhoIce|75\/100\n|detailschange|p1a: DanoninhoIce|Eiscue-Noice, L50, F, shiny, tera:Ground\n|\n|-weather|Snow|[upkeep]\n|upkeep\n|turn|7\n|\n|t:|1682347541\n|switch|p1b: Nhonho|Bellibolt, L50, M, shiny|83\/100\n|move|p1a: DanoninhoIce|Ice Spinner|p2b: Bullwinkle\n|-damage|p2b: Bullwinkle|4\/100\n|move|p2b: Bullwinkle|Rock Slide|p1a: DanoninhoIce|[spread] p1a,p1b\n|-resisted|p1a: DanoninhoIce\n|-damage|p1a: DanoninhoIce|65\/100\n|-damage|p1b: Nhonho|70\/100\n|-start|p1b: Nhonho|Charge|Rock Slide|[from] ability: Electromorphosis\n|\n|-weather|Snow|[upkeep]\n|upkeep\n|turn|8\n|\n|t:|1682347557\n|switch|p1b: Abominavel|Abomasnow, L50, M|14\/100\n|move|p1a: DanoninhoIce|Tera Blast|p2b: Bullwinkle\n|-supereffective|p2b: Bullwinkle\n|-damage|p2b: Bullwinkle|0 fnt\n|faint|p2b: Bullwinkle\n|\n|win|Felipe.Miller.V\n|raw|Felipe.Miller.V's rating: 1279 → 1302<\/strong> (+23 for winning)\n|raw|PokeDog's rating: 1254 → 1231<\/strong> (-23 for losing)\n|l|\u2606PokeDog\n","uploadtime":1682347568,"views":30,"p1id":"felipemillerv","p2id":"pokedog","formatid":"gen9vgc2023regulationc","rating":1231,"private":0,"password":""}