{"id":"gen9vgc2023regulationc-1855719561","p1":"R2vgc","p2":"0l0f3rn3","format":"[Gen 9] VGC 2023 Regulation C","log":"|j|\u2606R2vgc\n|j|\u26060l0f3rn3\n|t:|1682976520\n|gametype|doubles\n|player|p1|R2vgc|1|1314\n|player|p2|0l0f3rn3|170|1225\n|teamsize|p1|6\n|teamsize|p2|6\n|gen|9\n|tier|[Gen 9] VGC 2023 Regulation C\n|rated|\n|rule|Species Clause: Limit one of each Pok\u00e9mon\n|rule|Item Clause: Limit one of each item\n|clearpoke\n|poke|p1|Maushold-Four, L50|\n|poke|p1|Annihilape, L50, M|\n|poke|p1|Palafin, L50, F|\n|poke|p1|Amoonguss, L50, M|\n|poke|p1|Flutter Mane, L50|\n|poke|p1|Arcanine, L50, M|\n|poke|p2|Torkoal, L50, F|\n|poke|p2|Flutter Mane, L50|\n|poke|p2|Lilligant, L50, F|\n|poke|p2|Chien-Pao, L50|\n|poke|p2|Brute Bonnet, L50|\n|poke|p2|Farigiraf, L50, M|\n|teampreview|4\n|\n|t:|1682976569\n|start\n|switch|p1a: Natters|Maushold-Four, L50|100\/100\n|switch|p1b: Panda|Annihilape, L50, M|100\/100\n|switch|p2a: Flutter Mane|Flutter Mane, L50|100\/100\n|switch|p2b: Lilligant|Lilligant, L50, F|100\/100\n|turn|1\n|\n|t:|1682976613\n|-terastallize|p2a: Flutter Mane|Steel\n|-terastallize|p1b: Panda|Poison\n|move|p1a: Natters|Follow Me|p1a: Natters\n|-singleturn|p1a: Natters|move: Follow Me\n|move|p2a: Flutter Mane|Dazzling Gleam|p1a: Natters|[spread] p1a,p1b\n|-resisted|p1b: Panda\n|-damage|p1a: Natters|43\/100\n|-damage|p1b: Panda|86\/100\n|move|p2b: Lilligant|Sleep Powder|p1a: Natters\n|-activate|p1a: Natters|item: Safety Goggles|Sleep Powder\n|move|p1b: Panda|Bulk Up|p1b: Panda\n|-boost|p1b: Panda|atk|1\n|-boost|p1b: Panda|def|1\n|\n|upkeep\n|turn|2\n|\n|t:|1682976653\n|-end|p2a: Flutter Mane|Protosynthesis|[silent]\n|switch|p2a: Brute Bonnet|Brute Bonnet, L50|100\/100\n|move|p2b: Lilligant|Protect|p2b: Lilligant\n|-singleturn|p2b: Lilligant|Protect\n|move|p1a: Natters|Follow Me|p1a: Natters\n|-singleturn|p1a: Natters|move: Follow Me\n|move|p1b: Panda|Drain Punch|p2a: Brute Bonnet\n|-supereffective|p2a: Brute Bonnet\n|-damage|p2a: Brute Bonnet|20\/100\n|-heal|p1b: Panda|100\/100|[from] drain|[of] p2a: Brute Bonnet\n|\n|upkeep\n|turn|3\n|\n|t:|1682976673\n|move|p1b: Panda|Protect|p1b: Panda\n|-singleturn|p1b: Panda|Protect\n|move|p1a: Natters|Super Fang|p2b: Lilligant\n|-damage|p2b: Lilligant|50\/100\n|move|p2b: Lilligant|Sleep Powder|p1b: Panda\n|-activate|p1b: Panda|move: Protect\n|move|p2a: Brute Bonnet|Close Combat|p1a: Natters\n|-supereffective|p1a: Natters\n|-damage|p1a: Natters|0 fnt\n|-unboost|p2a: Brute Bonnet|def|1\n|-unboost|p2a: Brute Bonnet|spd|1\n|faint|p1a: Natters\n|\n|upkeep\n|\n|t:|1682976691\n|switch|p1a: Flutter Mane|Flutter Mane, L50|100\/100\n|-enditem|p1a: Flutter Mane|Booster Energy\n|-activate|p1a: Flutter Mane|ability: Protosynthesis|[fromitem]\n|-start|p1a: Flutter Mane|protosynthesisspa\n|turn|4\n|\n|t:|1682976699\n|-end|p2a: Brute Bonnet|Protosynthesis|[silent]\n|switch|p2a: Torkoal|Torkoal, L50, F|100\/100\n|-weather|SunnyDay|[from] ability: Drought|[of] p2a: Torkoal\n|move|p2b: Lilligant|Sleep Powder|p1a: Flutter Mane\n|-status|p1a: Flutter Mane|slp|[from] move: Sleep Powder\n|cant|p1a: Flutter Mane|slp\n|move|p1b: Panda|Bulk Up|p1b: Panda\n|-boost|p1b: Panda|atk|1\n|-boost|p1b: Panda|def|1\n|\n|-weather|SunnyDay|[upkeep]\n|upkeep\n|turn|5\n|\n|t:|1682976721\n|move|p1b: Panda|Protect|p1b: Panda\n|-singleturn|p1b: Panda|Protect\n|move|p2b: Lilligant|After You|p2a: Torkoal\n|-activate|p2a: Torkoal|move: After You\n|move|p2a: Torkoal|Eruption|p1a: Flutter Mane|[spread] p1a\n|-activate|p1b: Panda|move: Protect\n|-damage|p1a: Flutter Mane|44\/100 slp\n|-curestatus|p1a: Flutter Mane|slp|[msg]\n|move|p1a: Flutter Mane|Shadow Ball|p2a: Torkoal\n|-damage|p2a: Torkoal|51\/100\n|\n|-weather|SunnyDay|[upkeep]\n|upkeep\n|turn|6\n|\n|t:|1682976759\n|switch|p2a: Brute Bonnet|Brute Bonnet, L50|20\/100\n|-activate|p2a: Brute Bonnet|ability: Protosynthesis\n|-start|p2a: Brute Bonnet|protosynthesisatk\n|move|p1a: Flutter Mane|Protect|p1a: Flutter Mane\n|-singleturn|p1a: Flutter Mane|Protect\n|move|p2b: Lilligant|Sleep Powder|p1a: Flutter Mane\n|-activate|p1a: Flutter Mane|move: Protect\n|move|p1b: Panda|Drain Punch|p2b: Lilligant\n|-damage|p2b: Lilligant|0 fnt\n|faint|p2b: Lilligant\n|\n|-weather|SunnyDay|[upkeep]\n|upkeep\n|\n|t:|1682976774\n|switch|p2b: Flutter Mane|Flutter Mane, L50, tera:Steel|100\/100\n|-activate|p2b: Flutter Mane|ability: Protosynthesis\n|-start|p2b: Flutter Mane|protosynthesisspa\n|turn|7\n|\n|t:|1682976793\n|-end|p1a: Flutter Mane|Protosynthesis|[silent]\n|switch|p1a: Amoonguss|Amoonguss, L50, M|100\/100\n|move|p2a: Brute Bonnet|Sucker Punch||[still]\n|-fail|p2a: Brute Bonnet\n|move|p2b: Flutter Mane|Shadow Ball|p1b: Panda\n|-damage|p1b: Panda|39\/100\n|-enditem|p1b: Panda|Sitrus Berry|[eat]\n|-heal|p1b: Panda|64\/100|[from] item: Sitrus Berry\n|move|p1b: Panda|Drain Punch|p2b: Flutter Mane\n|-supereffective|p2b: Flutter Mane\n|-damage|p2b: Flutter Mane|0 fnt\n|-heal|p1b: Panda|99\/100|[from] drain|[of] p2b: Flutter Mane\n|faint|p2b: Flutter Mane\n|-end|p2b: Flutter Mane|Protosynthesis|[silent]\n|\n|-weather|SunnyDay|[upkeep]\n|upkeep\n|-message|0l0f3rn3 forfeited.\n|\n|win|R2vgc\n|raw|R2vgc's rating: 1314 → 1329<\/strong> (+15 for winning)\n|raw|0l0f3rn3's rating: 1225 → 1206<\/strong> (-19 for losing)\n|l|\u26060l0f3rn3\n","uploadtime":1682976824,"views":17,"p1id":"r2vgc","p2id":"0l0f3rn3","formatid":"gen9vgc2023regulationc","rating":1206,"private":0,"password":""}