{"id":"gen9vgc2023regulationc-1851689391","p1":"Doomtheboomkin","p2":"Kiryae","format":"[Gen 9] VGC 2023 Regulation C","log":"|j|\u2606Doomtheboomkin\n|j|\u2606Kiryae\n|t:|1682470243\n|gametype|doubles\n|player|p1|Doomtheboomkin|shadowtriad|\n|player|p2|Kiryae|1|\n|teamsize|p1|6\n|teamsize|p2|6\n|gen|9\n|tier|[Gen 9] VGC 2023 Regulation C\n|rule|Species Clause: Limit one of each Pok\u00e9mon\n|rule|Item Clause: Limit one of each item\n|clearpoke\n|poke|p1|Baxcalibur, L50, M|\n|poke|p1|Chien-Pao, L50|\n|poke|p1|Dragonite, L50, M|\n|poke|p1|Palafin, L50, M|\n|poke|p1|Pelipper, L50, M|\n|poke|p1|Amoonguss, L50, M|\n|poke|p2|Chi-Yu, L50|\n|poke|p2|Palafin, L50, F|\n|poke|p2|Pelipper, L50, F|\n|poke|p2|Iron Hands, L50|\n|poke|p2|Amoonguss, L50, M|\n|poke|p2|Flutter Mane, L50|\n|teampreview|4\n|inactive|Battle timer is ON: inactive players will automatically lose when time's up. (requested by Doomtheboomkin)\n|inactive|Kiryae also wants the timer to be on.\nDoomtheboomkin has agreed to open team sheets.\n|inactive|Doomtheboomkin no longer wants the timer on, but the timer is staying on because kiryae still does.\n|inactive|Doomtheboomkin has 60 seconds left.\n|inactive|Kiryae has 60 seconds left.\nKiryae has agreed to open team sheets.\n|inactive|Doomtheboomkin has 30 seconds left.\n|\n|t:|1682470310\n|start\n|switch|p1a: Pizz-azz|Chien-Pao, L50|100\/100\n|switch|p1b: Baxcalibur|Baxcalibur, L50, M|100\/100\n|switch|p2a: Flutter Mane|Flutter Mane, L50|100\/100\n|switch|p2b: Amoonguss|Amoonguss, L50, M|100\/100\n|-ability|p1a: Pizz-azz|Sword of Ruin\n|turn|1\n|inactive|Kiryae has 30 seconds left.\n|inactive|Kiryae has 20 seconds left.\n|inactive|Kiryae has 15 seconds left.\n|\n|t:|1682470355\n|-terastallize|p2b: Amoonguss|Steel\n|move|p1a: Pizz-azz|Protect|p1a: Pizz-azz\n|-singleturn|p1a: Pizz-azz|Protect\n|move|p1b: Baxcalibur|Protect|p1b: Baxcalibur\n|-singleturn|p1b: Baxcalibur|Protect\n|move|p2b: Amoonguss|Rage Powder|p2b: Amoonguss\n|-singleturn|p2b: Amoonguss|move: Rage Powder\n|move|p2a: Flutter Mane|Shadow Ball|p1b: Baxcalibur\n|-activate|p1b: Baxcalibur|move: Protect\n|\n|upkeep\n|turn|2\n|\n|t:|1682470379\n|-end|p2a: Flutter Mane|Protosynthesis|[silent]\n|switch|p2a: Palafin|Palafin, L50, F|100\/100\n|switch|p1b: Amoonguss|Amoonguss, L50, M|100\/100\n|move|p2b: Amoonguss|Rage Powder|p2b: Amoonguss\n|-singleturn|p2b: Amoonguss|move: Rage Powder\n|move|p1a: Pizz-azz|Sacred Sword|p2b: Amoonguss\n|-supereffective|p2b: Amoonguss\n|-damage|p2b: Amoonguss|40\/100\n|-enditem|p2b: Amoonguss|Sitrus Berry|[eat]\n|-heal|p2b: Amoonguss|65\/100|[from] item: Sitrus Berry\n|\n|upkeep\n|turn|3\n|inactive|Kiryae has 30 seconds left.\n|inactive|Kiryae has 20 seconds left.\n|inactive|Kiryae has 15 seconds left.\n|inactive|Kiryae has 10 seconds left.\n|\n|t:|1682470428\n|detailschange|p2a: Palafin|Palafin-Hero, L50, F\n|switch|p2a: Flutter Mane|Flutter Mane, L50|100\/100\n|move|p1a: Pizz-azz|Sacred Sword|p2b: Amoonguss\n|-supereffective|p2b: Amoonguss\n|-damage|p2b: Amoonguss|0 fnt\n|faint|p2b: Amoonguss\n|move|p1b: Amoonguss|Spore|p2a: Flutter Mane\n|-status|p2a: Flutter Mane|slp|[from] move: Spore\n|\n|upkeep\n|\n|t:|1682470436\n|switch|p2b: Palafin|Palafin-Hero, L50, F|100\/100\n|-activate|p2b: Palafin|ability: Zero to Hero\n|turn|4\n|\n|t:|1682470442\n|move|p2b: Palafin|Protect|p2b: Palafin\n|-singleturn|p2b: Palafin|Protect\n|move|p1b: Amoonguss|Rage Powder|p1b: Amoonguss\n|-singleturn|p1b: Amoonguss|move: Rage Powder\n|move|p1a: Pizz-azz|Ice Spinner|p2a: Flutter Mane\n|-damage|p2a: Flutter Mane|0 fnt\n|faint|p2a: Flutter Mane\n|-end|p2a: Flutter Mane|Protosynthesis|[silent]\n|\n|upkeep\n|\n|t:|1682470449\n|switch|p2a: Pelipper|Pelipper, L50, F|100\/100\n|-weather|RainDance|[from] ability: Drizzle|[of] p2a: Pelipper\n|turn|5\n|\n|t:|1682470472\n|move|p1b: Amoonguss|Rage Powder|p1b: Amoonguss\n|-singleturn|p1b: Amoonguss|move: Rage Powder\n|move|p1a: Pizz-azz|Ice Spinner|p2a: Pelipper\n|-damage|p2a: Pelipper|27\/100\n|move|p2b: Palafin|Wave Crash|p1b: Amoonguss\n|-resisted|p1b: Amoonguss\n|-damage|p1b: Amoonguss|23\/100\n|-enditem|p1b: Amoonguss|Sitrus Berry|[eat]\n|-heal|p1b: Amoonguss|48\/100|[from] item: Sitrus Berry\n|-damage|p2b: Palafin|73\/100|[from] Recoil\n|move|p2a: Pelipper|Hurricane|p1b: Amoonguss\n|-supereffective|p1b: Amoonguss\n|-damage|p1b: Amoonguss|0 fnt\n|faint|p1b: Amoonguss\n|\n|-weather|RainDance|[upkeep]\n|upkeep\n|\n|t:|1682470492\n|switch|p1b: Dragonite|Dragonite, L50, M|100\/100\n|turn|6\n|-message|Kiryae forfeited.\n|\n|win|Doomtheboomkin\n|l|\u2606Kiryae\n","uploadtime":1682471229,"views":10,"p1id":"doomtheboomkin","p2id":"kiryae","formatid":"gen9vgc2023regulationc","rating":0,"private":0,"password":""}