{"id":"gen9vgc2023regulationc-1851870828","p1":"Pawmaughty","p2":"360pk","format":"[Gen 9] VGC 2023 Regulation C","log":"|j|\u2606Pawmaughty\n|j|\u2606360pk\n|t:|1682498250\n|gametype|doubles\n|player|p1|Pawmaughty|102|1214\n|player|p2|360pk|2|1319\n|teamsize|p1|6\n|teamsize|p2|6\n|gen|9\n|tier|[Gen 9] VGC 2023 Regulation C\n|rated|\n|rule|Species Clause: Limit one of each Pok\u00e9mon\n|rule|Item Clause: Limit one of each item\n|clearpoke\n|poke|p1|Dondozo, L50, M|\n|poke|p1|Orthworm, L50, F|\n|poke|p1|Flutter Mane, L50|\n|poke|p1|Brute Bonnet, L50|\n|poke|p1|Ceruledge, L50, F|\n|poke|p1|Tatsugiri, L50, M|\n|poke|p2|Palafin, L50, M|\n|poke|p2|Ting-Lu, L50|\n|poke|p2|Kingambit, L50, F|\n|poke|p2|Amoonguss, L50, M|\n|poke|p2|Arcanine, L50, F|\n|poke|p2|Flutter Mane, L50|\n|teampreview|4\n|\n|t:|1682498278\n|start\n|switch|p1a: Ceruledge|Ceruledge, L50, F|100\/100\n|switch|p1b: Orthworm|Orthworm, L50, F, shiny|100\/100\n|switch|p2a: ChiYu|Arcanine, L50, F|100\/100\n|switch|p2b: Dozo|Palafin, L50, M|100\/100\n|-ability|p2a: ChiYu|Intimidate|boost\n|-unboost|p1a: Ceruledge|atk|1\n|-unboost|p1b: Orthworm|atk|1\n|turn|1\n|inactive|Battle timer is ON: inactive players will automatically lose when time's up. (requested by Pawmaughty)\n|\n|t:|1682498323\n|detailschange|p2b: Dozo|Palafin-Hero, L50, M\n|switch|p2b: WoChien|Amoonguss, L50, M|100\/100\n|-terastallize|p1b: Orthworm|Water\n|move|p2a: ChiYu|Will-O-Wisp|p1b: Orthworm\n|-status|p1b: Orthworm|brn\n|move|p1a: Ceruledge|Bulk Up|p1a: Ceruledge\n|-boost|p1a: Ceruledge|atk|1\n|-boost|p1a: Ceruledge|def|1\n|move|p1b: Orthworm|Shed Tail|p1b: Orthworm\n|-start|p1b: Orthworm|Substitute|[from] move: Shed Tail\n|-damage|p1b: Orthworm|50\/100 brn\n|-enditem|p1b: Orthworm|Sitrus Berry|[eat]\n|-heal|p1b: Orthworm|75\/100 brn|[from] item: Sitrus Berry\n|\n|t:|1682498342\n|switch|p1b: Tatsugiri|Tatsugiri, L50, M|100\/100|[from] Shed Tail\n|\n|upkeep\n|turn|2\n|\n|t:|1682498360\n|move|p2b: WoChien|Protect|p2b: WoChien\n|-singleturn|p2b: WoChien|Protect\n|move|p2a: ChiYu|Extreme Speed|p1b: Tatsugiri\n|-end|p1b: Tatsugiri|Substitute\n|move|p1b: Tatsugiri|Taunt|p2b: WoChien\n|-activate|p2b: WoChien|move: Protect\n|move|p1a: Ceruledge|Bulk Up|p1a: Ceruledge\n|-boost|p1a: Ceruledge|atk|1\n|-boost|p1a: Ceruledge|def|1\n|\n|upkeep\n|turn|3\n|\n|t:|1682498380\n|switch|p2b: Dozo|Palafin-Hero, L50, M|100\/100\n|-activate|p2b: Dozo|ability: Zero to Hero\n|move|p1b: Tatsugiri|Protect|p1b: Tatsugiri\n|-singleturn|p1b: Tatsugiri|Protect\n|move|p2a: ChiYu|Howl|p2a: ChiYu|[spread] p2a,p2b\n|-boost|p2a: ChiYu|atk|1\n|-boost|p2b: Dozo|atk|1\n|move|p1a: Ceruledge|Bitter Blade|p2b: Dozo\n|-resisted|p2b: Dozo\n|-crit|p2b: Dozo\n|-damage|p2b: Dozo|50\/100\n|\n|upkeep\n|turn|4\n|\n|t:|1682498399\n|switch|p2a: WoChien|Amoonguss, L50, M|100\/100\n|move|p2b: Dozo|Protect|p2b: Dozo\n|-singleturn|p2b: Dozo|Protect\n|move|p1b: Tatsugiri|Draco Meteor|p2b: Dozo\n|-activate|p2b: Dozo|move: Protect\n|move|p1a: Ceruledge|Bitter Blade|p2a: WoChien\n|-supereffective|p2a: WoChien\n|-damage|p2a: WoChien|0 fnt\n|faint|p2a: WoChien\n|\n|upkeep\n|\n|t:|1682498411\n|switch|p2a: ChiYu|Arcanine, L50, F|100\/100\n|-ability|p2a: ChiYu|Intimidate|boost\n|-unboost|p1a: Ceruledge|atk|1\n|-unboost|p1b: Tatsugiri|atk|1\n|turn|5\n|\n|t:|1682498420\n|-terastallize|p2b: Dozo|Water\n|move|p2b: Dozo|Jet Punch|p1b: Tatsugiri\n|-activate|p1b: Tatsugiri|ability: Storm Drain\n|-ability|p1b: Tatsugiri|Storm Drain|boost\n|-boost|p1b: Tatsugiri|spa|1\n|move|p2a: ChiYu|Howl|p2a: ChiYu|[spread] p2a,p2b\n|-boost|p2a: ChiYu|atk|1\n|-boost|p2b: Dozo|atk|1\n|move|p1b: Tatsugiri|Draco Meteor|p2b: Dozo\n|-damage|p2b: Dozo|0 fnt\n|-unboost|p1b: Tatsugiri|spa|2\n|faint|p2b: Dozo\n|move|p1a: Ceruledge|Bulk Up|p1a: Ceruledge\n|-boost|p1a: Ceruledge|atk|1\n|-boost|p1a: Ceruledge|def|1\n|\n|upkeep\n|-message|360pk forfeited.\n|\n|win|Pawmaughty\n|raw|Pawmaughty's rating: 1214 → 1246<\/strong> (+32 for winning)\n|raw|360pk's rating: 1319 → 1293<\/strong> (-26 for losing)\n|l|\u2606360pk\n","uploadtime":1682498449,"views":19,"p1id":"pawmaughty","p2id":"360pk","formatid":"gen9vgc2023regulationc","rating":1246,"private":0,"password":""}