{"id":"gen9vgc2023regulationc-1853284481","p1":"Idk544","p2":"BeardedSamurai","format":"[Gen 9] VGC 2023 Regulation C","log":"|j|\u2606Idk544\n|j|\u2606BeardedSamurai\n|t:|1682660896\n|gametype|doubles\n|player|p1|Idk544|silver|1329\n|player|p2|BeardedSamurai|hilbert|1266\n|teamsize|p1|6\n|teamsize|p2|6\n|gen|9\n|tier|[Gen 9] VGC 2023 Regulation C\n|rated|\n|rule|Species Clause: Limit one of each Pok\u00e9mon\n|rule|Item Clause: Limit one of each item\n|clearpoke\n|poke|p1|Orthworm, L50, M|\n|poke|p1|Iron Hands, L50|\n|poke|p1|Flutter Mane, L50|\n|poke|p1|Gholdengo, L50|\n|poke|p1|Gyarados, L50, M|\n|poke|p1|Ting-Lu, L50|\n|poke|p2|Arcanine, L50, M|\n|poke|p2|Tyranitar, L50, F|\n|poke|p2|Chien-Pao, L50|\n|poke|p2|Sandy Shocks, L50|\n|poke|p2|Scizor, L50, M|\n|poke|p2|Gyarados, L50, M|\n|teampreview|4\n|inactive|Battle timer is ON: inactive players will automatically lose when time's up. (requested by BeardedSamurai)\nBeardedSamurai has agreed to open team sheets.\nIdk544 has agreed to open team sheets.\n|inactive|Idk544 has 60 seconds left.\n|inactive|BeardedSamurai has 60 seconds left.\n|inactive|Idk544 has 30 seconds left.\n|inactive|Idk544 has 20 seconds left.\n|inactive|Idk544 has 15 seconds left.\n|inactive|Idk544 has 10 seconds left.\n|\n|t:|1682660979\n|start\n|switch|p1a: Gyarados|Gyarados, L50, M|100\/100\n|switch|p1b: Orthworm|Orthworm, L50, M|100\/100\n|switch|p2a: Arcanine|Arcanine, L50, M|100\/100\n|switch|p2b: Scizor|Scizor, L50, M|100\/100\n|-ability|p1a: Gyarados|Intimidate|boost\n|-unboost|p2a: Arcanine|atk|1\n|-fail|p2b: Scizor|unboost|[from] item: Clear Amulet|[of] p2b: Scizor\n|-ability|p2a: Arcanine|Intimidate|boost\n|-unboost|p1a: Gyarados|atk|1\n|-unboost|p1b: Orthworm|atk|1\n|turn|1\n|inactive|Idk544 has 30 seconds left.\n|inactive|BeardedSamurai has 30 seconds left.\n|\n|t:|1682661011\n|switch|p1a: Gholdengo|Gholdengo, L50|100\/100\n|switch|p2a: Tyranitar|Tyranitar, L50, F|100\/100\n|-weather|Sandstorm|[from] ability: Sand Stream|[of] p2a: Tyranitar\n|move|p2b: Scizor|Close Combat|p1b: Orthworm\n|-supereffective|p1b: Orthworm\n|-damage|p1b: Orthworm|30\/100\n|-unboost|p2b: Scizor|def|1\n|-unboost|p2b: Scizor|spd|1\n|-enditem|p1b: Orthworm|Sitrus Berry|[eat]\n|-heal|p1b: Orthworm|55\/100|[from] item: Sitrus Berry\n|move|p1b: Orthworm|Shed Tail|p1b: Orthworm\n|-start|p1b: Orthworm|Substitute|[from] move: Shed Tail\n|-damage|p1b: Orthworm|5\/100\n|inactive|Idk544 has 30 seconds left.\n|\n|t:|1682661045\n|switch|p1b: Gyarados|Gyarados, L50, M|100\/100|[from] Shed Tail\n|-ability|p1b: Gyarados|Intimidate|boost\n|-unboost|p2a: Tyranitar|atk|1\n|-fail|p2b: Scizor|unboost|[from] item: Clear Amulet|[of] p2b: Scizor\n|\n|-weather|Sandstorm|[upkeep]\n|-damage|p1b: Gyarados|95\/100|[from] Sandstorm\n|upkeep\n|turn|2\n|inactive|BeardedSamurai has 30 seconds left.\n|\n|t:|1682661076\n|switch|p2a: Arcanine|Arcanine, L50, M|100\/100\n|-ability|p2a: Arcanine|Intimidate|boost\n|-unboost|p1a: Gholdengo|atk|1\n|-immune|p1b: Gyarados\n|move|p1b: Gyarados|Protect|p1b: Gyarados\n|-singleturn|p1b: Gyarados|Protect\n|move|p2b: Scizor|Protect|p2b: Scizor\n|-singleturn|p2b: Scizor|Protect\n|move|p1a: Gholdengo|Nasty Plot|p1a: Gholdengo\n|-boost|p1a: Gholdengo|spa|2\n|\n|-weather|Sandstorm|[upkeep]\n|-damage|p1b: Gyarados|89\/100|[from] Sandstorm\n|upkeep\n|turn|3\n|\n|t:|1682661100\n|-terastallize|p2a: Arcanine|Water\n|move|p1a: Gholdengo|Protect|p1a: Gholdengo\n|-singleturn|p1a: Gholdengo|Protect\n|move|p1b: Gyarados|Dragon Dance|p1b: Gyarados\n|-boost|p1b: Gyarados|atk|1\n|-boost|p1b: Gyarados|spe|1\n|move|p2a: Arcanine|Flare Blitz|p1a: Gholdengo\n|-activate|p1a: Gholdengo|move: Protect\n|move|p2b: Scizor|Tailwind|p2b: Scizor\n|-sidestart|p2: BeardedSamurai|move: Tailwind\n|\n|-weather|Sandstorm|[upkeep]\n|-damage|p1b: Gyarados|83\/100|[from] Sandstorm\n|upkeep\n|turn|4\n|inactive|Idk544 has 30 seconds left.\n|\n|t:|1682661132\n|switch|p2b: Tyranitar|Tyranitar, L50, F|100\/100\n|-terastallize|p1a: Gholdengo|Water\n|move|p2a: Arcanine|Flare Blitz|p1a: Gholdengo\n|-resisted|p1a: Gholdengo\n|-damage|p1a: Gholdengo|72\/100\n|-damage|p2a: Arcanine|93\/100|[from] Recoil\n|move|p1b: Gyarados|Waterfall|p2b: Tyranitar\n|-supereffective|p2b: Tyranitar\n|-damage|p2b: Tyranitar|0 fnt\n|faint|p2b: Tyranitar\n|move|p1a: Gholdengo|Shadow Ball|p2a: Arcanine\n|-damage|p2a: Arcanine|18\/100\n|\n|-weather|Sandstorm|[upkeep]\n|-damage|p1b: Gyarados|77\/100|[from] Sandstorm\n|-damage|p1a: Gholdengo|66\/100|[from] Sandstorm\n|-heal|p1a: Gholdengo|72\/100|[from] item: Leftovers\n|upkeep\n|\n|t:|1682661150\n|switch|p2b: Chien-Pao|Chien-Pao, L50|100\/100\n|-ability|p2b: Chien-Pao|Sword of Ruin\n|turn|5\n|\n|t:|1682661172\n|move|p2b: Chien-Pao|Protect|p2b: Chien-Pao\n|-singleturn|p2b: Chien-Pao|Protect\n|move|p1a: Gholdengo|Protect|p1a: Gholdengo\n|-singleturn|p1a: Gholdengo|Protect\n|move|p2a: Arcanine|Extreme Speed|p1b: Gyarados\n|-crit|p1b: Gyarados\n|-end|p1b: Gyarados|Substitute\n|move|p1b: Gyarados|Bulldoze|p2b: Chien-Pao|[spread] p2a\n|-activate|p1a: Gholdengo|move: Protect\n|-activate|p2b: Chien-Pao|move: Protect\n|-damage|p2a: Arcanine|0 fnt\n|faint|p2a: Arcanine\n|\n|-weather|none\n|-heal|p1a: Gholdengo|78\/100|[from] item: Leftovers\n|upkeep\n|\n|t:|1682661186\n|switch|p2a: Scizor|Scizor, L50, M|100\/100\n|turn|6\n|inactive|BeardedSamurai has 30 seconds left.\n|inactive|BeardedSamurai has 20 seconds left.\n|\n|t:|1682661223\n|move|p2a: Scizor|Protect|p2a: Scizor\n|-singleturn|p2a: Scizor|Protect\n|move|p2b: Chien-Pao|Haze|p2b: Chien-Pao\n|-clearallboost\n|move|p1a: Gholdengo|Shadow Ball|p2a: Scizor\n|-activate|p2a: Scizor|move: Protect\n|move|p1b: Gyarados|Waterfall|p2b: Chien-Pao\n|-damage|p2b: Chien-Pao|33\/100\n|\n|-heal|p1a: Gholdengo|84\/100|[from] item: Leftovers\n|-sideend|p2: BeardedSamurai|move: Tailwind\n|upkeep\n|turn|7\n|inactive|Idk544 has 30 seconds left.\n|inactive|BeardedSamurai has 30 seconds left.\n|\n|t:|1682661255\n|switch|p1a: Iron Hands|Iron Hands, L50|100\/100\n|move|p2b: Chien-Pao|Ice Spinner|p1b: Gyarados\n|-damage|p1b: Gyarados|0 fnt\n|faint|p1b: Gyarados\n|-damage|p2b: Chien-Pao|24\/100|[from] item: Life Orb\n|move|p2a: Scizor|Close Combat|p1a: Iron Hands\n|-damage|p1a: Iron Hands|62\/100\n|-unboost|p2a: Scizor|def|1\n|-unboost|p2a: Scizor|spd|1\n|\n|upkeep\n|\n|t:|1682661277\n|switch|p1b: Gholdengo|Gholdengo, L50, tera:Water|84\/100\n|turn|8\n|\n|t:|1682661301\n|move|p1a: Iron Hands|Fake Out|p2b: Chien-Pao\n|-damage|p2b: Chien-Pao|2\/100\n|cant|p2b: Chien-Pao|flinch\n|move|p1b: Gholdengo|Shadow Ball|p2a: Scizor\n|-damage|p2a: Scizor|21\/100\n|move|p2a: Scizor|Close Combat|p1b: Gholdengo\n|-damage|p1b: Gholdengo|10\/100\n|-unboost|p2a: Scizor|def|1\n|-unboost|p2a: Scizor|spd|1\n|\n|-heal|p1b: Gholdengo|16\/100|[from] item: Leftovers\n|upkeep\n|turn|9\n|inactive|Idk544 has 30 seconds left.\n|inactive|BeardedSamurai has 30 seconds left.\n|\n|t:|1682661329\n|move|p1b: Gholdengo|Protect|p1b: Gholdengo\n|-singleturn|p1b: Gholdengo|Protect\n|move|p2a: Scizor|Bullet Punch|p1b: Gholdengo\n|-activate|p1b: Gholdengo|move: Protect\n|move|p2b: Chien-Pao|Ice Spinner|p1a: Iron Hands\n|-damage|p1a: Iron Hands|12\/100\n|-damage|p2b: Chien-Pao|0 fnt|[from] item: Life Orb\n|faint|p2b: Chien-Pao\n|move|p1a: Iron Hands|Drain Punch|p2a: Scizor\n|-damage|p2a: Scizor|0 fnt\n|-heal|p1a: Iron Hands|19\/100|[from] drain|[of] p2a: Scizor\n|faint|p2a: Scizor\n|\n|win|Idk544\n|raw|Idk544's rating: 1329 → 1345<\/strong> (+16 for winning)\n|raw|BeardedSamurai's rating: 1266 → 1245<\/strong> (-21 for losing)\n|l|\u2606BeardedSamurai\n","uploadtime":1682661346,"views":9,"p1id":"idk544","p2id":"beardedsamurai","formatid":"gen9vgc2023regulationc","rating":1245,"private":0,"password":""}