{"id":"gen9vgc2023regulationc-1860647495","p1":"fizzywizzyglizzy","p2":"Cyruno","format":"[Gen 9] VGC 2023 Regulation C","log":"|j|\u2606fizzywizzyglizzy\n|j|\u2606Cyruno\n|t:|1683662298\n|gametype|doubles\n|player|p1|fizzywizzyglizzy|102|1370\n|player|p2|Cyruno|blue|1399\n|teamsize|p1|6\n|teamsize|p2|6\n|gen|9\n|tier|[Gen 9] VGC 2023 Regulation C\n|rated|\n|rule|Species Clause: Limit one of each Pok\u00e9mon\n|rule|Item Clause: Limit one of each item\n|clearpoke\n|poke|p1|Orthworm, L50, F|\n|poke|p1|Garganacl, L50, F|\n|poke|p1|Flutter Mane, L50|\n|poke|p1|Ting-Lu, L50|\n|poke|p1|Amoonguss, L50, F|\n|poke|p1|Dragonite, L50, F|\n|poke|p2|Scizor, L50, F|\n|poke|p2|Gholdengo, L50|\n|poke|p2|Chien-Pao, L50|\n|poke|p2|Arcanine, L50, F|\n|poke|p2|Azumarill, L50, F|\n|poke|p2|Amoonguss, L50, F|\n|teampreview|4\n|\n|t:|1683662339\n|start\n|switch|p1a: Amoonguss|Amoonguss, L50, F|100\/100\n|switch|p1b: Orthworm|Orthworm, L50, F|100\/100\n|switch|p2a: Fido|Arcanine, L50, F|100\/100\n|switch|p2b: Jessica|Azumarill, L50, F|100\/100\n|-ability|p2a: Fido|Intimidate|boost\n|-unboost|p1a: Amoonguss|atk|1\n|-unboost|p1b: Orthworm|atk|1\n|turn|1\n|\n|t:|1683662360\n|move|p2a: Fido|Flare Blitz|p1a: Amoonguss\n|-supereffective|p1a: Amoonguss\n|-damage|p1a: Amoonguss|19\/100\n|-damage|p2a: Fido|84\/100|[from] item: Rocky Helmet|[of] p1a: Amoonguss\n|-damage|p2a: Fido|54\/100|[from] Recoil\n|move|p2b: Jessica|Ice Spinner|p1a: Amoonguss\n|-supereffective|p1a: Amoonguss\n|-damage|p1a: Amoonguss|0 fnt\n|-damage|p2b: Jessica|84\/100|[from] item: Rocky Helmet|[of] p1a: Amoonguss\n|faint|p1a: Amoonguss\n|move|p1b: Orthworm|Shed Tail|p1b: Orthworm\n|-start|p1b: Orthworm|Substitute|[from] move: Shed Tail\n|-damage|p1b: Orthworm|50\/100\n|-enditem|p1b: Orthworm|Sitrus Berry|[eat]\n|-heal|p1b: Orthworm|75\/100|[from] item: Sitrus Berry\n|\n|t:|1683662375\n|switch|p1b: Flutter Mane|Flutter Mane, L50|100\/100|[from] Shed Tail\n|\n|upkeep\n|\n|t:|1683662379\n|switch|p1a: Garganacl|Garganacl, L50, F|100\/100\n|turn|2\n|\n|t:|1683662388\n|-terastallize|p1a: Garganacl|Poison\n|move|p2b: Jessica|Aqua Jet|p1b: Flutter Mane\n|-end|p1b: Flutter Mane|Substitute\n|move|p1b: Flutter Mane|Shadow Ball|p2a: Fido\n|-damage|p2a: Fido|0 fnt\n|faint|p2a: Fido\n|-damage|p1b: Flutter Mane|91\/100|[from] item: Life Orb\n|move|p1a: Garganacl|Salt Cure|p2b: Jessica\n|-damage|p2b: Jessica|71\/100\n|-start|p2b: Jessica|Salt Cure\n|\n|-damage|p2b: Jessica|46\/100|[from] Salt Cure\n|upkeep\n|\n|t:|1683662398\n|switch|p2a: Ice Weasel|Chien-Pao, L50|100\/100\n|-ability|p2a: Ice Weasel|Sword of Ruin\n|turn|3\n|\n|t:|1683662413\n|-end|p1b: Flutter Mane|Protosynthesis|[silent]\n|switch|p1b: Orthworm|Orthworm, L50, F|75\/100\n|move|p2a: Ice Weasel|Sucker Punch||[still]\n|-fail|p2a: Ice Weasel\n|move|p2b: Jessica|Liquidation|p1a: Garganacl\n|-damage|p1a: Garganacl|50\/100\n|move|p1a: Garganacl|Salt Cure|p2a: Ice Weasel\n|-supereffective|p2a: Ice Weasel\n|-damage|p2a: Ice Weasel|61\/100\n|-start|p2a: Ice Weasel|Salt Cure\n|\n|-heal|p1a: Garganacl|56\/100|[from] item: Leftovers\n|-damage|p2a: Ice Weasel|49\/100|[from] Salt Cure\n|-damage|p2b: Jessica|21\/100|[from] Salt Cure\n|upkeep\n|turn|4\n|\n|t:|1683662439\n|-terastallize|p2a: Ice Weasel|Ghost\n|move|p1a: Garganacl|Protect|p1a: Garganacl\n|-singleturn|p1a: Garganacl|Protect\n|move|p2a: Ice Weasel|Sacred Sword|p1b: Orthworm\n|-supereffective|p1b: Orthworm\n|-damage|p1b: Orthworm|15\/100\n|move|p2b: Jessica|Liquidation|p1a: Garganacl\n|-activate|p1a: Garganacl|move: Protect\n|move|p1b: Orthworm|Body Press|p2a: Ice Weasel\n|-immune|p2a: Ice Weasel\n|\n|-heal|p1a: Garganacl|61\/100|[from] item: Leftovers\n|-damage|p2a: Ice Weasel|36\/100|[from] Salt Cure\n|-damage|p2b: Jessica|0 fnt|[from] Salt Cure\n|faint|p2b: Jessica\n|upkeep\n|\n|t:|1683662461\n|switch|p2b: Wo-Chein|Amoonguss, L50, F|100\/100\n|turn|5\n|\n|t:|1683662475\n|move|p2a: Ice Weasel|Sacred Sword|p1b: Orthworm\n|-supereffective|p1b: Orthworm\n|-damage|p1b: Orthworm|0 fnt\n|faint|p1b: Orthworm\n|move|p1a: Garganacl|Recover|p1a: Garganacl\n|-heal|p1a: Garganacl|100\/100\n|move|p2b: Wo-Chein|Pollen Puff|p2a: Ice Weasel\n|-heal|p2a: Ice Weasel|86\/100\n|\n|-damage|p2a: Ice Weasel|74\/100|[from] Salt Cure\n|upkeep\n|\n|t:|1683662487\n|switch|p1b: Flutter Mane|Flutter Mane, L50|91\/100\n|turn|6\n|\n|t:|1683662503\n|move|p1b: Flutter Mane|Protect|p1b: Flutter Mane\n|-singleturn|p1b: Flutter Mane|Protect\n|move|p2b: Wo-Chein|Rage Powder|p2b: Wo-Chein\n|-singleturn|p2b: Wo-Chein|move: Rage Powder\n|move|p2a: Ice Weasel|Ice Spinner|p1b: Flutter Mane\n|-activate|p1b: Flutter Mane|move: Protect\n|move|p1a: Garganacl|Salt Cure|p2b: Wo-Chein\n|-damage|p2b: Wo-Chein|86\/100\n|-start|p2b: Wo-Chein|Salt Cure\n|\n|-damage|p2a: Ice Weasel|62\/100|[from] Salt Cure\n|-damage|p2b: Wo-Chein|74\/100|[from] Salt Cure\n|upkeep\n|turn|7\n|\n|t:|1683662521\n|move|p2b: Wo-Chein|Rage Powder|p2b: Wo-Chein\n|-singleturn|p2b: Wo-Chein|move: Rage Powder\n|move|p2a: Ice Weasel|Ice Spinner|p1b: Flutter Mane\n|-damage|p1b: Flutter Mane|0 fnt\n|faint|p1b: Flutter Mane\n|-end|p1b: Flutter Mane|Protosynthesis|[silent]\n|move|p1a: Garganacl|Fissure|p2b: Wo-Chein\n|-damage|p2b: Wo-Chein|0 fnt\n|faint|p2b: Wo-Chein\n|-ohko\n|\n|-damage|p2a: Ice Weasel|50\/100|[from] Salt Cure\n|upkeep\n|turn|8\n|inactive|Battle timer is ON: inactive players will automatically lose when time's up. (requested by Cyruno)\n|\n|t:|1683662534\n|move|p1a: Garganacl|Protect|p1a: Garganacl\n|-singleturn|p1a: Garganacl|Protect\n|move|p2a: Ice Weasel|Ice Spinner|p1a: Garganacl\n|-activate|p1a: Garganacl|move: Protect\n|\n|-damage|p2a: Ice Weasel|38\/100|[from] Salt Cure\n|upkeep\n|turn|9\n|-message|Cyruno forfeited.\n|\n|win|fizzywizzyglizzy\n|raw|fizzywizzyglizzy's rating: 1370 → 1392<\/strong> (+22 for winning)\n|raw|Cyruno's rating: 1399 → 1377<\/strong> (-22 for losing)\n|l|\u2606Cyruno\n","uploadtime":1683662548,"views":16,"p1id":"fizzywizzyglizzy","p2id":"cyruno","formatid":"gen9vgc2023regulationc","rating":1377,"private":0,"password":""}