{"id":"gen9vgc2023regulationc-1846313068","p1":"xingtian666","p2":"Daiji256","format":"[Gen 9] VGC 2023 Regulation C","log":"|j|\u2606xingtian666\n|j|\u2606Daiji256\n|t:|1681830787\n|gametype|doubles\n|player|p1|xingtian666|101|1469\n|player|p2|Daiji256|supernerd|1412\n|teamsize|p1|6\n|teamsize|p2|6\n|gen|9\n|tier|[Gen 9] VGC 2023 Regulation C\n|rated|\n|rule|Species Clause: Limit one of each Pok\u00e9mon\n|rule|Item Clause: Limit one of each item\n|clearpoke\n|poke|p1|Ting-Lu, L50|\n|poke|p1|Amoonguss, L50, F|\n|poke|p1|Abomasnow, L50, M|\n|poke|p1|Iron Bundle, L50|\n|poke|p1|Baxcalibur, L50, M|\n|poke|p1|Gyarados, L50, M|\n|poke|p2|Arcanine, L50, F|\n|poke|p2|Palafin, L50, M|\n|poke|p2|Amoonguss, L50, F|\n|poke|p2|Ting-Lu, L50|\n|poke|p2|Flutter Mane, L50|\n|poke|p2|Baxcalibur, L50, F|\n|teampreview|4\n|inactive|Battle timer is ON: inactive players will automatically lose when time's up. (requested by Daiji256)\n|inactive|xingtian666 also wants the timer to be on.\n|inactive|Daiji256 has 60 seconds left.\n|inactive|Daiji256 has 30 seconds left.\n|\n|t:|1681830850\n|start\n|switch|p1a: Iron Bundle|Iron Bundle, L50, shiny|100\/100\n|switch|p1b: Abomasnow|Abomasnow, L50, M, shiny|100\/100\n|switch|p2a: Ting-Lu|Ting-Lu, L50|100\/100\n|switch|p2b: Palafin|Palafin, L50, M|100\/100\n|-weather|Snow|[from] ability: Snow Warning|[of] p1b: Abomasnow\n|-ability|p2a: Ting-Lu|Vessel of Ruin\n|-enditem|p1a: Iron Bundle|Booster Energy\n|-activate|p1a: Iron Bundle|ability: Quark Drive|[fromitem]\n|-start|p1a: Iron Bundle|quarkdrivespe\n|turn|1\n|inactive|Daiji256 has 30 seconds left.\n|inactive|Daiji256 has 20 seconds left.\n|inactive|Daiji256 has 15 seconds left.\n|inactive|Daiji256 has 10 seconds left.\n|\n|t:|1681830896\n|detailschange|p2b: Palafin|Palafin-Hero, L50, M\n|switch|p2b: Baxcalibur|Baxcalibur, L50, F|100\/100\n|-terastallize|p2a: Ting-Lu|Poison\n|move|p1a: Iron Bundle|Hydro Pump|p2b: Baxcalibur\n|-resisted|p2b: Baxcalibur\n|-crit|p2b: Baxcalibur\n|-damage|p2b: Baxcalibur|77\/100\n|move|p1b: Abomasnow|Aurora Veil|p1b: Abomasnow\n|-sidestart|p1: xingtian666|move: Aurora Veil\n|move|p2a: Ting-Lu|Heavy Slam|p1b: Abomasnow\n|-supereffective|p1b: Abomasnow\n|-damage|p1b: Abomasnow|66\/100\n|\n|-weather|Snow|[upkeep]\n|upkeep\n|turn|2\n|\n|t:|1681830919\n|move|p2b: Baxcalibur|Protect|p2b: Baxcalibur\n|-singleturn|p2b: Baxcalibur|Protect\n|move|p1a: Iron Bundle|Blizzard|p2a: Ting-Lu|[spread] p2a\n|-activate|p2b: Baxcalibur|move: Protect\n|-damage|p2a: Ting-Lu|86\/100\n|move|p1b: Abomasnow|Blizzard|p2b: Baxcalibur|[spread] p2a\n|-activate|p2b: Baxcalibur|move: Protect\n|-damage|p2a: Ting-Lu|74\/100\n|move|p2a: Ting-Lu|Fissure|p1a: Iron Bundle|[miss]\n|-miss|p2a: Ting-Lu|p1a: Iron Bundle\n|\n|-weather|Snow|[upkeep]\n|upkeep\n|turn|3\n|\n|t:|1681830936\n|move|p1a: Iron Bundle|Blizzard|p2b: Baxcalibur|[spread] p2a,p2b\n|-damage|p2a: Ting-Lu|60\/100\n|-damage|p2b: Baxcalibur|54\/100\n|-status|p2a: Ting-Lu|frz\n|move|p1b: Abomasnow|Blizzard|p2b: Baxcalibur|[spread] p2a,p2b\n|-damage|p2a: Ting-Lu|48\/100 frz\n|-damage|p2b: Baxcalibur|32\/100\n|move|p2b: Baxcalibur|Glaive Rush|p1b: Abomasnow\n|-damage|p1b: Abomasnow|24\/100\n|-singlemove|p2b: Baxcalibur|Glaive Rush|[silent]\n|-curestatus|p2a: Ting-Lu|frz|[msg]\n|move|p2a: Ting-Lu|Stomping Tantrum|p1a: Iron Bundle\n|-damage|p1a: Iron Bundle|74\/100\n|\n|-weather|Snow|[upkeep]\n|upkeep\n|turn|4\n|\n|t:|1681830959\n|switch|p2a: Palafin|Palafin-Hero, L50, M|100\/100\n|-activate|p2a: Palafin|ability: Zero to Hero\n|move|p2b: Baxcalibur|Protect|p2b: Baxcalibur\n|-singleturn|p2b: Baxcalibur|Protect\n|move|p1a: Iron Bundle|Blizzard|p2b: Baxcalibur|[spread] p2a\n|-activate|p2b: Baxcalibur|move: Protect\n|-resisted|p2a: Palafin\n|-damage|p2a: Palafin|80\/100\n|move|p1b: Abomasnow|Blizzard|p2b: Baxcalibur|[spread] p2a\n|-activate|p2b: Baxcalibur|move: Protect\n|-resisted|p2a: Palafin\n|-damage|p2a: Palafin|63\/100\n|\n|-weather|Snow|[upkeep]\n|upkeep\n|turn|5\n|inactive|xingtian666 has 30 seconds left.\n|\n|t:|1681830987\n|switch|p2b: Ting-Lu|Ting-Lu, L50, tera:Poison|48\/100\n|-ability|p2b: Ting-Lu|Vessel of Ruin\n|move|p2a: Palafin|Protect|p2a: Palafin\n|-singleturn|p2a: Palafin|Protect\n|move|p1a: Iron Bundle|Blizzard|p2a: Palafin|[spread] p2b\n|-activate|p2a: Palafin|move: Protect\n|-damage|p2b: Ting-Lu|34\/100\n|move|p1b: Abomasnow|Blizzard|p2b: Ting-Lu|[spread] p2b\n|-activate|p2a: Palafin|move: Protect\n|-crit|p2b: Ting-Lu\n|-damage|p2b: Ting-Lu|16\/100\n|\n|-weather|none\n|upkeep\n|turn|6\n|\n|t:|1681831011\n|move|p1a: Iron Bundle|Hydro Pump|p2b: Ting-Lu\n|-damage|p2b: Ting-Lu|0 fnt\n|faint|p2b: Ting-Lu\n|move|p1b: Abomasnow|Energy Ball|p2a: Palafin\n|-supereffective|p2a: Palafin\n|-damage|p2a: Palafin|0 fnt\n|faint|p2a: Palafin\n|\n|upkeep\n|-message|Daiji256 forfeited.\n|\n|win|xingtian666\n|raw|xingtian666's rating: 1469 → 1486<\/strong> (+17 for winning)\n|raw|Daiji256's rating: 1412 → 1395<\/strong> (-17 for losing)\n|l|\u2606Daiji256\n","uploadtime":1681831034,"views":8,"p1id":"xingtian666","p2id":"daiji256","formatid":"gen9vgc2023regulationc","rating":1395,"private":0,"password":""}