{"id":"gen9vgc2023regulationc-1854832114","p1":"bennoVGC","p2":"muddyswamppert","format":"[Gen 9] VGC 2023 Regulation C","log":"|j|\u2606bennoVGC\n|j|\u2606muddyswamppert\n|t:|1682871221\n|gametype|doubles\n|player|p1|bennoVGC|265|\n|player|p2|muddyswamppert|cynthia-gen4|\n|teamsize|p1|6\n|teamsize|p2|6\n|gen|9\n|tier|[Gen 9] VGC 2023 Regulation C\n|rule|Species Clause: Limit one of each Pok\u00e9mon\n|rule|Item Clause: Limit one of each item\n|clearpoke\n|poke|p1|Palafin, L50, F|\n|poke|p1|Arcanine, L50, F|\n|poke|p1|Flutter Mane, L50|\n|poke|p1|Amoonguss, L50, M|\n|poke|p1|Pawmot, L50, M|\n|poke|p1|Ting-Lu, L50|\n|poke|p2|Drednaw, L50, F|\n|poke|p2|Amoonguss, L50, F|\n|poke|p2|Pelipper, L50, F|\n|poke|p2|Baxcalibur, L50, M|\n|poke|p2|Scizor, L50, M|\n|poke|p2|Iron Valiant, L50|\n|teampreview|4\n|inactive|Battle timer is ON: inactive players will automatically lose when time's up. (requested by muddyswamppert)\n|c|\u2606bennoVGC|gl hf :D\n|c|\u2606muddyswamppert|glhf\nbennoVGC has agreed to open team sheets.\n|c|\u2606muddyswamppert|r3\nmuddyswamppert has agreed to open team sheets.\n|inactive|bennoVGC has 60 seconds left.\n|\n|t:|1682871268\n|start\n|switch|p1a: Flutter Mane|Flutter Mane, L50, shiny|100\/100\n|switch|p1b: Pawmot|Pawmot, L50, M, shiny|100\/100\n|switch|p2a: Pelipper|Pelipper, L50, F|100\/100\n|switch|p2b: Baxcalibur|Baxcalibur, L50, M|100\/100\n|-weather|RainDance|[from] ability: Drizzle|[of] p2a: Pelipper\n|turn|1\n|inactive|bennoVGC has 30 seconds left.\n|inactive|bennoVGC has 20 seconds left.\n|inactive|bennoVGC has 15 seconds left.\n|\n|t:|1682871312\n|-terastallize|p1b: Pawmot|Electric\n|-terastallize|p2b: Baxcalibur|Poison\n|move|p2a: Pelipper|Protect|p2a: Pelipper\n|-singleturn|p2a: Pelipper|Protect\n|move|p1a: Flutter Mane|Shadow Ball|p2b: Baxcalibur\n|-damage|p2b: Baxcalibur|61\/100\n|move|p1b: Pawmot|Double Shock|p2b: Baxcalibur\n|-damage|p2b: Baxcalibur|0 fnt\n|-start|p1b: Pawmot|typechange|Electric|[from] move: Double Shock\n|faint|p2b: Baxcalibur\n|\n|-weather|RainDance|[upkeep]\n|upkeep\n|\n|t:|1682871327\n|switch|p2b: Iron Valiant|Iron Valiant, L50|100\/100\n|-enditem|p2b: Iron Valiant|Booster Energy\n|-activate|p2b: Iron Valiant|ability: Quark Drive|[fromitem]\n|-start|p2b: Iron Valiant|quarkdrivespe\n|turn|2\n|\n|t:|1682871349\n|move|p2b: Iron Valiant|Close Combat|p1b: Pawmot\n|-damage|p1b: Pawmot|1\/100\n|-unboost|p2b: Iron Valiant|def|1\n|-unboost|p2b: Iron Valiant|spd|1\n|move|p1a: Flutter Mane|Shadow Ball|p2b: Iron Valiant\n|-crit|p2b: Iron Valiant\n|-damage|p2b: Iron Valiant|0 fnt\n|faint|p2b: Iron Valiant\n|-end|p2b: Iron Valiant|Quark Drive|[silent]\n|move|p1b: Pawmot|Double Shock|p2a: Pelipper\n|-supereffective|p2a: Pelipper\n|-enditem|p2a: Pelipper|Focus Sash\n|-damage|p2a: Pelipper|1\/100\n|-start|p1b: Pawmot|typechange|Electric|[from] move: Double Shock\n|move|p2a: Pelipper|Hydro Pump|p1a: Flutter Mane\n|-damage|p1a: Flutter Mane|27\/100\n|\n|-weather|RainDance|[upkeep]\n|upkeep\n|\n|t:|1682871356\n|switch|p2b: Drednaw|Drednaw, L50, F|100\/100\n|turn|3\n|\n|t:|1682871378\n|switch|p1b: Amoonguss|Amoonguss, L50, M, shiny|100\/100\n|move|p2b: Drednaw|Rock Slide|p1a: Flutter Mane|[spread] p1a,p1b\n|-damage|p1a: Flutter Mane|0 fnt\n|-damage|p1b: Amoonguss|77\/100\n|faint|p1a: Flutter Mane\n|-end|p1a: Flutter Mane|Protosynthesis|[silent]\n|move|p2a: Pelipper|Tailwind|p2a: Pelipper\n|-sidestart|p2: muddyswamppert|move: Tailwind\n|\n|-weather|RainDance|[upkeep]\n|upkeep\n|\n|t:|1682871382\n|switch|p1a: Pawmot|Pawmot, L50, M, shiny, tera:Electric|1\/100\n|turn|4\n|\n|t:|1682871399\n|move|p2a: Pelipper|Protect|p2a: Pelipper\n|-singleturn|p2a: Pelipper|Protect\n|move|p1a: Pawmot|Fake Out|p2b: Drednaw\n|-resisted|p2b: Drednaw\n|-damage|p2b: Drednaw|94\/100\n|cant|p2b: Drednaw|flinch\n|move|p1b: Amoonguss|Spore|p2b: Drednaw\n|-status|p2b: Drednaw|slp|[from] move: Spore\n|\n|-weather|RainDance|[upkeep]\n|upkeep\n|turn|5\n|\n|t:|1682871411\n|cant|p2b: Drednaw|slp\n|move|p2a: Pelipper|Hurricane|p1a: Pawmot\n|-resisted|p1a: Pawmot\n|-damage|p1a: Pawmot|0 fnt\n|faint|p1a: Pawmot\n|move|p1b: Amoonguss|Pollen Puff|p2a: Pelipper\n|-resisted|p2a: Pelipper\n|-damage|p2a: Pelipper|0 fnt\n|faint|p2a: Pelipper\n|\n|-weather|none\n|upkeep\n|\n|t:|1682871419\n|switch|p1a: Arcanine|Arcanine, L50, F, shiny|100\/100\n|-ability|p1a: Arcanine|Intimidate|boost\n|-unboost|p2b: Drednaw|atk|1\n|-enditem|p2b: Drednaw|White Herb\n|-clearnegativeboost|p2b: Drednaw|[silent]\n|turn|6\n|\n|t:|1682871432\n|move|p1a: Arcanine|Extreme Speed|p2b: Drednaw\n|-resisted|p2b: Drednaw\n|-damage|p2b: Drednaw|81\/100 slp\n|move|p1b: Amoonguss|Rage Powder|p1b: Amoonguss\n|-singleturn|p1b: Amoonguss|move: Rage Powder\n|cant|p2b: Drednaw|slp\n|\n|-sideend|p2: muddyswamppert|move: Tailwind\n|upkeep\n|turn|7\n|\n|t:|1682871440\n|move|p1a: Arcanine|Protect|p1a: Arcanine\n|-singleturn|p1a: Arcanine|Protect\n|move|p1b: Amoonguss|Protect|p1b: Amoonguss\n|-singleturn|p1b: Amoonguss|Protect\n|-curestatus|p2b: Drednaw|slp|[msg]\n|move|p2b: Drednaw|Shell Smash|p2b: Drednaw\n|-unboost|p2b: Drednaw|def|1\n|-unboost|p2b: Drednaw|spd|1\n|-boost|p2b: Drednaw|atk|2\n|-boost|p2b: Drednaw|spa|2\n|-boost|p2b: Drednaw|spe|2\n|\n|upkeep\n|turn|8\n|\n|t:|1682871452\n|move|p2b: Drednaw|Rock Slide|p1a: Arcanine|[spread] p1a,p1b\n|-supereffective|p1a: Arcanine\n|-damage|p1a: Arcanine|0 fnt\n|-damage|p1b: Amoonguss|27\/100\n|-enditem|p1b: Amoonguss|Sitrus Berry|[eat]\n|-heal|p1b: Amoonguss|52\/100|[from] item: Sitrus Berry\n|faint|p1a: Arcanine\n|move|p1b: Amoonguss|Spore|p2b: Drednaw\n|-status|p2b: Drednaw|slp|[from] move: Spore\n|\n|upkeep\n|turn|9\n|\n|t:|1682871459\n|cant|p2b: Drednaw|slp\n|move|p1b: Amoonguss|Pollen Puff|p2b: Drednaw\n|-damage|p2b: Drednaw|41\/100 slp\n|\n|upkeep\n|turn|10\n|\n|t:|1682871467\n|-curestatus|p2b: Drednaw|slp|[msg]\n|move|p2b: Drednaw|Rock Slide|p1b: Amoonguss\n|-damage|p1b: Amoonguss|0 fnt\n|faint|p1b: Amoonguss\n|\n|win|muddyswamppert\n|c|\u2606bennoVGC|gg\n|c|\u2606muddyswamppert|plz\n|c|\u2606muddyswamppert|gg\n|c|\u2606bennoVGC|wp\n|c|\u2606muddyswamppert|thx you 2\n|l|\u2606muddyswamppert\n","uploadtime":1682871596,"views":14,"p1id":"bennovgc","p2id":"muddyswamppert","formatid":"gen9vgc2023regulationc","rating":0,"private":0,"password":""}