{"id":"gen9vgc2023regulationc-1845883112","p1":"kwantumvgc","p2":"brlazerz10","format":"[Gen 9] VGC 2023 Regulation C","log":"|j|\u2606kwantumvgc\n|j|\u2606brlazerz10\n|t:|1681775037\n|gametype|doubles\n|player|p1|kwantumvgc|2|1306\n|player|p2|brlazerz10|101|1359\n|teamsize|p1|6\n|teamsize|p2|6\n|gen|9\n|tier|[Gen 9] VGC 2023 Regulation C\n|rated|\n|rule|Species Clause: Limit one of each Pok\u00e9mon\n|rule|Item Clause: Limit one of each item\n|clearpoke\n|poke|p1|Volcarona, L50, F|\n|poke|p1|Wo-Chien, L50|\n|poke|p1|Grimmsnarl, L50, M|\n|poke|p1|Azumarill, L50, M|\n|poke|p1|Glimmora, L50, F|\n|poke|p1|Flutter Mane, L50|\n|poke|p2|Chi-Yu, L50|\n|poke|p2|Brute Bonnet, L50|\n|poke|p2|Great Tusk, L50|\n|poke|p2|Murkrow, L50, F|\n|poke|p2|Gholdengo, L50|\n|poke|p2|Flutter Mane, L50|\n|teampreview|4\nkwantumvgc has agreed to open team sheets.\n|inactive|Battle timer is ON: inactive players will automatically lose when time's up. (requested by kwantumvgc)\n|inactive|kwantumvgc has 60 seconds left.\n|inactive|brlazerz10 has 60 seconds left.\n|\n|t:|1681775090\n|start\n|switch|p1a: Grimmsnarl|Grimmsnarl, L50, M|100\/100\n|switch|p1b: Glimmora|Glimmora, L50, F|100\/100\n|switch|p2a: Murkrow|Murkrow, L50, F|100\/100\n|switch|p2b: Gholdengo|Gholdengo, L50|100\/100\n|turn|1\n|\n|t:|1681775109\n|-terastallize|p2b: Gholdengo|Steel\n|move|p2a: Murkrow|Tailwind|p2a: Murkrow\n|-sidestart|p2: brlazerz10|move: Tailwind\n|move|p1a: Grimmsnarl|Light Screen|p1a: Grimmsnarl\n|-sidestart|p1: kwantumvgc|move: Light Screen\n|move|p2b: Gholdengo|Make It Rain|p1b: Glimmora|[spread] p1a,p1b\n|-supereffective|p1a: Grimmsnarl\n|-supereffective|p1b: Glimmora\n|-damage|p1a: Grimmsnarl|4\/100\n|-enditem|p1b: Glimmora|Focus Sash\n|-damage|p1b: Glimmora|1\/100\n|-unboost|p2b: Gholdengo|spa|1\n|-damage|p2b: Gholdengo|91\/100|[from] item: Life Orb\n|move|p1b: Glimmora|Earth Power|p2b: Gholdengo\n|-supereffective|p2b: Gholdengo\n|-damage|p2b: Gholdengo|14\/100\n|\n|upkeep\n|turn|2\n|inactive|kwantumvgc has 30 seconds left.\n|inactive|brlazerz10 has 30 seconds left.\n|inactive|kwantumvgc has 20 seconds left.\n|\n|t:|1681775145\n|move|p1b: Glimmora|Spiky Shield|p1b: Glimmora\n|-singleturn|p1b: Glimmora|move: Protect\n|move|p2a: Murkrow|Sunny Day|p2a: Murkrow\n|-weather|SunnyDay\n|move|p1a: Grimmsnarl|Reflect|p1a: Grimmsnarl\n|-sidestart|p1: kwantumvgc|Reflect\n|move|p2b: Gholdengo|Make It Rain|p1a: Grimmsnarl|[spread] p1a\n|-activate|p1b: Glimmora|move: Protect\n|-supereffective|p1a: Grimmsnarl\n|-damage|p1a: Grimmsnarl|0 fnt\n|-unboost|p2b: Gholdengo|spa|1\n|faint|p1a: Grimmsnarl\n|-damage|p2b: Gholdengo|4\/100|[from] item: Life Orb\n|\n|-weather|SunnyDay|[upkeep]\n|upkeep\n|\n|t:|1681775162\n|switch|p1a: Azumarill|Azumarill, L50, M|100\/100\n|turn|3\n|\n|t:|1681775178\n|move|p2b: Gholdengo|Protect|p2b: Gholdengo\n|-singleturn|p2b: Gholdengo|Protect\n|move|p1a: Azumarill|Aqua Jet|p2b: Gholdengo\n|-activate|p2b: Gholdengo|move: Protect\n|move|p2a: Murkrow|Foul Play|p1b: Glimmora\n|-damage|p1b: Glimmora|0 fnt\n|-activate|p1b: Glimmora|ability: Toxic Debris\n|-sidestart|p2: brlazerz10|move: Toxic Spikes\n|faint|p1b: Glimmora\n|\n|-weather|SunnyDay|[upkeep]\n|upkeep\n|\n|t:|1681775183\n|switch|p1b: Flutter Mane|Flutter Mane, L50|100\/100\n|-activate|p1b: Flutter Mane|ability: Protosynthesis\n|-start|p1b: Flutter Mane|protosynthesisspa\n|turn|4\n|inactive|brlazerz10 has 30 seconds left.\n|\n|t:|1681775216\n|-terastallize|p1b: Flutter Mane|Fairy\n|move|p1a: Azumarill|Aqua Jet|p2b: Gholdengo\n|-damage|p2b: Gholdengo|0 fnt\n|faint|p2b: Gholdengo\n|move|p2a: Murkrow|Foul Play|p1b: Flutter Mane\n|-resisted|p1b: Flutter Mane\n|-damage|p1b: Flutter Mane|93\/100\n|move|p1b: Flutter Mane|Dazzling Gleam|p2a: Murkrow\n|-supereffective|p2a: Murkrow\n|-damage|p2a: Murkrow|0 fnt\n|faint|p2a: Murkrow\n|\n|-weather|SunnyDay|[upkeep]\n|-sideend|p2: brlazerz10|move: Tailwind\n|upkeep\n|\n|t:|1681775229\n|switch|p2b: Brute Bonnet|Brute Bonnet, L50|100\/100\n|switch|p2a: Flutter Mane|Flutter Mane, L50|100\/100\n|-status|p2a: Flutter Mane|psn\n|-activate|p2a: Flutter Mane|ability: Protosynthesis\n|-start|p2a: Flutter Mane|protosynthesisspe\n|-status|p2b: Brute Bonnet|psn\n|-activate|p2b: Brute Bonnet|ability: Protosynthesis\n|-start|p2b: Brute Bonnet|protosynthesisatk\n|turn|5\n|\n|t:|1681775252\n|move|p2a: Flutter Mane|Protect|p2a: Flutter Mane\n|-singleturn|p2a: Flutter Mane|Protect\n|move|p1b: Flutter Mane|Dazzling Gleam|p2b: Brute Bonnet|[spread] p2b\n|-activate|p2a: Flutter Mane|move: Protect\n|-supereffective|p2b: Brute Bonnet\n|-damage|p2b: Brute Bonnet|0 fnt\n|faint|p2b: Brute Bonnet\n|-end|p2b: Brute Bonnet|Protosynthesis|[silent]\n|move|p1a: Azumarill|Play Rough|p2a: Flutter Mane\n|-activate|p2a: Flutter Mane|move: Protect\n|\n|-weather|SunnyDay|[upkeep]\n|-damage|p2a: Flutter Mane|88\/100 psn|[from] psn\n|upkeep\n|turn|6\n|-message|brlazerz10 forfeited.\n|\n|win|kwantumvgc\n|raw|kwantumvgc's rating: 1306 → 1329<\/strong> (+23 for winning)\n|raw|brlazerz10's rating: 1359 → 1336<\/strong> (-23 for losing)\n|l|\u2606brlazerz10\n","uploadtime":1681775272,"views":12,"p1id":"kwantumvgc","p2id":"brlazerz10","formatid":"gen9vgc2023regulationc","rating":1329,"private":0,"password":""}