{"id":"gen9vgc2023regulationc-1846614751","p1":"legolunatic2073","p2":"eragonya","format":"[Gen 9] VGC 2023 Regulation C","log":"|j|\u2606legolunatic2073\n|j|\u2606eragonya\n|t:|1681857479\n|gametype|doubles\n|player|p1|legolunatic2073|twins-gen4dp|1035\n|player|p2|eragonya|hilda-wonderlauncher|1079\n|teamsize|p1|6\n|teamsize|p2|6\n|gen|9\n|tier|[Gen 9] VGC 2023 Regulation C\n|rated|\n|rule|Species Clause: Limit one of each Pok\u00e9mon\n|rule|Item Clause: Limit one of each item\n|clearpoke\n|poke|p1|Medicham, L50, F|\n|poke|p1|Slaking, L50, M|\n|poke|p1|Drifblim, L50, F|\n|poke|p1|Volcarona, L50, F|\n|poke|p1|Chien-Pao, L50|\n|poke|p1|Palafin, L50, F|\n|poke|p2|Gholdengo, L50|\n|poke|p2|Chien-Pao, L50|\n|poke|p2|Indeedee-F, L50, F|\n|poke|p2|Armarouge, L50, M|\n|poke|p2|Amoonguss, L50, F|\n|poke|p2|Mudsdale, L50, F|\n|teampreview|4\n|j| MsConductor\n|\n|t:|1681857516\n|start\n|switch|p1a: Medicham|Medicham, L50, F, shiny|100\/100\n|switch|p1b: Slaking|Slaking, L50, M, shiny|100\/100\n|switch|p2a: Amoonguss|Amoonguss, L50, F|100\/100\n|switch|p2b: Mudsdale|Mudsdale, L50, F|100\/100\n|turn|1\n|\n|t:|1681857543\n|-terastallize|p1b: Slaking|Flying\n|move|p1b: Slaking|Tera Blast|p2a: Amoonguss\n|-supereffective|p2a: Amoonguss\n|-damage|p2a: Amoonguss|10\/100\n|-enditem|p2a: Amoonguss|Sitrus Berry|[eat]\n|-heal|p2a: Amoonguss|35\/100|[from] item: Sitrus Berry\n|move|p1a: Medicham|Skill Swap|p1b: Slaking\n|-activate|p1a: Medicham|move: Skill Swap|||[of] p1b: Slaking\n|move|p2b: Mudsdale|Close Combat|p1b: Slaking\n|-resisted|p1b: Slaking\n|-damage|p1b: Slaking|84\/100\n|-unboost|p2b: Mudsdale|def|1\n|-unboost|p2b: Mudsdale|spd|1\n|move|p2a: Amoonguss|Spore|p1a: Medicham\n|-status|p1a: Medicham|slp|[from] move: Spore\n|\n|upkeep\n|turn|2\n|\n|t:|1681857566\n|move|p2a: Amoonguss|Protect|p2a: Amoonguss\n|-singleturn|p2a: Amoonguss|Protect\n|move|p1b: Slaking|Tera Blast|p2a: Amoonguss\n|-activate|p2a: Amoonguss|move: Protect\n|cant|p1a: Medicham|slp\n|move|p2b: Mudsdale|Rock Slide|p1a: Medicham|[spread] p1a,p1b\n|-resisted|p1a: Medicham\n|-supereffective|p1b: Slaking\n|-damage|p1a: Medicham|88\/100 slp\n|-damage|p1b: Slaking|54\/100\n|\n|upkeep\n|turn|3\n|\n|t:|1681857599\n|-terastallize|p2a: Amoonguss|Water\n|move|p1b: Slaking|Tera Blast|p2a: Amoonguss\n|-damage|p2a: Amoonguss|0 fnt\n|faint|p2a: Amoonguss\n|cant|p1a: Medicham|slp\n|move|p2b: Mudsdale|Rock Slide|p1a: Medicham|[spread] p1a,p1b\n|-resisted|p1a: Medicham\n|-supereffective|p1b: Slaking\n|-damage|p1a: Medicham|75\/100 slp\n|-damage|p1b: Slaking|24\/100\n|\n|upkeep\n|\n|t:|1681857611\n|switch|p2a: Indeedee|Indeedee-F, L50, F|100\/100\n|-fieldstart|move: Psychic Terrain|[from] ability: Psychic Surge|[of] p2a: Indeedee\n|turn|4\n|\n|t:|1681857625\n|move|p1b: Slaking|Drain Punch|p2b: Mudsdale\n|-damage|p2b: Mudsdale|18\/100\n|-heal|p1b: Slaking|59\/100|[from] drain|[of] p2b: Mudsdale\n|cant|p1a: Medicham|slp\n|move|p2b: Mudsdale|Rock Slide|p1a: Medicham|[spread] p1a,p1b\n|-resisted|p1a: Medicham\n|-supereffective|p1b: Slaking\n|-damage|p1a: Medicham|62\/100 slp\n|-damage|p1b: Slaking|27\/100\n|move|p2a: Indeedee|Trick Room|p2a: Indeedee\n|-fieldstart|move: Trick Room|[of] p2a: Indeedee\n|\n|upkeep\n|turn|5\n|\n|t:|1681857670\n|move|p2b: Mudsdale|Rock Slide|p1a: Medicham|[spread] p1a,p1b\n|-resisted|p1a: Medicham\n|-supereffective|p1b: Slaking\n|-damage|p1a: Medicham|49\/100 slp\n|-damage|p1b: Slaking|0 fnt\n|faint|p1b: Slaking\n|move|p2a: Indeedee|Draining Kiss|p1a: Medicham\n|-supereffective|p1a: Medicham\n|-damage|p1a: Medicham|11\/100 slp\n|-curestatus|p1a: Medicham|slp|[msg]\n|cant|p1a: Medicham|ability: Truant\n|\n|upkeep\n|\n|t:|1681857689\n|switch|p1b: Volcarona|Volcarona, L50, F, shiny|100\/100\n|turn|6\n|\n|t:|1681857705\n|move|p1b: Volcarona|Protect|p1b: Volcarona\n|-singleturn|p1b: Volcarona|Protect\n|move|p2b: Mudsdale|High Horsepower|p1b: Volcarona\n|-activate|p1b: Volcarona|move: Protect\n|move|p2a: Indeedee|Heal Pulse|p2b: Mudsdale\n|-heal|p2b: Mudsdale|69\/100\n|move|p1a: Medicham|Skill Swap|p2a: Indeedee\n|-activate|p1a: Medicham|move: Skill Swap|Psychic Surge|Truant|[of] p2a: Indeedee\n|\n|upkeep\n|turn|7\n|\n|t:|1681857734\n|cant|p2a: Indeedee|ability: Truant\n|move|p2b: Mudsdale|Rock Slide|p1a: Medicham|[spread] p1a,p1b\n|-resisted|p1a: Medicham\n|-supereffective|p1b: Volcarona\n|-damage|p1a: Medicham|0 fnt\n|-damage|p1b: Volcarona|0 fnt\n|faint|p1a: Medicham\n|faint|p1b: Volcarona\n|\n|upkeep\n|\n|t:|1681857744\n|switch|p1a: Chien-Pao|Chien-Pao, L50|100\/100\n|-ability|p1a: Chien-Pao|Sword of Ruin\n|turn|8\n|\n|t:|1681857755\n|move|p1a: Chien-Pao|Protect|p1a: Chien-Pao\n|-singleturn|p1a: Chien-Pao|Protect\n|move|p2a: Indeedee|Follow Me|p2a: Indeedee\n|-singleturn|p2a: Indeedee|move: Follow Me\n|move|p2b: Mudsdale|Close Combat|p1a: Chien-Pao\n|-activate|p1a: Chien-Pao|move: Protect\n|\n|-fieldend|move: Trick Room\n|-fieldend|move: Psychic Terrain\n|upkeep\n|turn|9\n|\n|t:|1681857781\n|switch|p2b: Armarouge|Armarouge, L50, M|100\/100\n|move|p1a: Chien-Pao|Throat Chop|p2b: Armarouge\n|-supereffective|p2b: Armarouge\n|-damage|p2b: Armarouge|0 fnt\n|faint|p2b: Armarouge\n|-damage|p1a: Chien-Pao|91\/100|[from] item: Life Orb\n|cant|p2a: Indeedee|ability: Truant\n|\n|upkeep\n|\n|t:|1681857789\n|switch|p2b: Mudsdale|Mudsdale, L50, F|69\/100\n|turn|10\n|\n|t:|1681857797\n|move|p1a: Chien-Pao|Ice Spinner|p2b: Mudsdale\n|-supereffective|p2b: Mudsdale\n|-damage|p2b: Mudsdale|0 fnt\n|faint|p2b: Mudsdale\n|-damage|p1a: Chien-Pao|81\/100|[from] item: Life Orb\n|move|p2a: Indeedee|Draining Kiss|p1a: Chien-Pao\n|-supereffective|p1a: Chien-Pao\n|-damage|p1a: Chien-Pao|39\/100\n|\n|upkeep\n|turn|11\n|\n|t:|1681857811\n|move|p1a: Chien-Pao|Throat Chop|p2a: Indeedee\n|-supereffective|p2a: Indeedee\n|-damage|p2a: Indeedee|0 fnt\n|faint|p2a: Indeedee\n|-damage|p1a: Chien-Pao|29\/100|[from] item: Life Orb\n|\n|win|legolunatic2073\n|raw|legolunatic2073's rating: 1035 → 1074<\/strong> (+39 for winning)\n|raw|eragonya's rating: 1079 → 1054<\/strong> (-25 for losing)\n|c|\u2606eragonya|gg\n","uploadtime":1681857828,"views":11,"p1id":"legolunatic2073","p2id":"eragonya","formatid":"gen9vgc2023regulationc","rating":1054,"private":0,"password":""}