{"id":"gen9vgc2023regulationc-1845006915","p1":"GiovanniLor","p2":"xingtian888","format":"[Gen 9] VGC 2023 Regulation C","log":"|j|\u2606GiovanniLor\n|j|\u2606xingtian888\n|t:|1681673353\n|gametype|doubles\n|player|p1|GiovanniLor|1|1604\n|player|p2|xingtian888|169|1564\n|teamsize|p1|6\n|teamsize|p2|6\n|gen|9\n|tier|[Gen 9] VGC 2023 Regulation C\n|rated|\n|rule|Species Clause: Limit one of each Pok\u00e9mon\n|rule|Item Clause: Limit one of each item\n|clearpoke\n|poke|p1|Ting-Lu, L50|\n|poke|p1|Gholdengo, L50|\n|poke|p1|Amoonguss, L50, F|\n|poke|p1|Gyarados, L50, M|\n|poke|p1|Dragapult, L50, F|\n|poke|p1|Chien-Pao, L50|\n|poke|p2|Ting-Lu, L50|\n|poke|p2|Amoonguss, L50, M|\n|poke|p2|Abomasnow, L50, F|\n|poke|p2|Iron Bundle, L50|\n|poke|p2|Baxcalibur, L50, M|\n|poke|p2|Gyarados, L50, M|\n|teampreview|4\n|inactive|Battle timer is ON: inactive players will automatically lose when time's up. (requested by xingtian888)\n|\n|t:|1681673373\n|start\n|switch|p1a: Ting-Lu|Ting-Lu, L50|100\/100\n|switch|p1b: Gholdengo|Gholdengo, L50|100\/100\n|switch|p2a: Ting-Lu|Ting-Lu, L50|100\/100\n|switch|p2b: Gyarados|Gyarados, L50, M, shiny|100\/100\n|-ability|p2b: Gyarados|Intimidate|boost\n|-unboost|p1a: Ting-Lu|atk|1\n|-unboost|p1b: Gholdengo|atk|1\n|-ability|p2a: Ting-Lu|Vessel of Ruin\n|-ability|p1a: Ting-Lu|Vessel of Ruin\n|turn|1\n|j| haoran zhou\n|\n|t:|1681673394\n|switch|p1a: Gyarados|Gyarados, L50, M, shiny|100\/100\n|-ability|p1a: Gyarados|Intimidate|boost\n|-unboost|p2a: Ting-Lu|atk|1\n|-unboost|p2b: Gyarados|atk|1\n|-terastallize|p2b: Gyarados|Electric\n|-terastallize|p1b: Gholdengo|Water\n|move|p2b: Gyarados|Tera Blast|p1b: Gholdengo\n|-supereffective|p1b: Gholdengo\n|-damage|p1b: Gholdengo|35\/100\n|-damage|p2b: Gyarados|91\/100|[from] item: Life Orb\n|move|p1b: Gholdengo|Nasty Plot|p1b: Gholdengo\n|-boost|p1b: Gholdengo|spa|2\n|move|p2a: Ting-Lu|Stomping Tantrum|p1b: Gholdengo\n|-damage|p1b: Gholdengo|16\/100\n|\n|-heal|p1b: Gholdengo|22\/100|[from] item: Leftovers\n|upkeep\n|turn|2\n|inactive|xingtian888 has 30 seconds left.\n|\n|t:|1681673422\n|switch|p1a: Ting-Lu|Ting-Lu, L50|100\/100\n|-ability|p1a: Ting-Lu|Vessel of Ruin\n|move|p2b: Gyarados|Tera Blast|p1a: Ting-Lu\n|-immune|p1a: Ting-Lu\n|move|p1b: Gholdengo|Make It Rain|p2b: Gyarados|[spread] p2a,p2b\n|-resisted|p2b: Gyarados\n|-damage|p2a: Ting-Lu|68\/100\n|-damage|p2b: Gyarados|58\/100\n|-unboost|p1b: Gholdengo|spa|1\n|move|p2a: Ting-Lu|Fissure|p1b: Gholdengo\n|-damage|p1b: Gholdengo|0 fnt\n|faint|p1b: Gholdengo\n|-ohko\n|\n|upkeep\n|\n|t:|1681673426\n|switch|p1b: Gyarados|Gyarados, L50, M, shiny|100\/100\n|-ability|p1b: Gyarados|Intimidate|boost\n|-unboost|p2a: Ting-Lu|atk|1\n|-unboost|p2b: Gyarados|atk|1\n|turn|3\n|\n|t:|1681673438\n|switch|p1b: Dragapult|Dragapult, L50, F, shiny|100\/100\n|move|p2b: Gyarados|Protect|p2b: Gyarados\n|-singleturn|p2b: Gyarados|Protect\n|move|p1a: Ting-Lu|Stomping Tantrum|p2b: Gyarados\n|-activate|p2b: Gyarados|move: Protect\n|move|p2a: Ting-Lu|Fissure|p1a: Ting-Lu|[miss]\n|-miss|p2a: Ting-Lu|p1a: Ting-Lu\n|\n|upkeep\n|turn|4\n|\n|t:|1681673459\n|switch|p2b: Baxcalibur|Baxcalibur, L50, M, shiny|100\/100\n|move|p1b: Dragapult|U-turn|p2a: Ting-Lu\n|-supereffective|p2a: Ting-Lu\n|-damage|p2a: Ting-Lu|32\/100\n|\n|t:|1681673464\n|switch|p1b: Gyarados|Gyarados, L50, M, shiny|100\/100|[from] U-turn\n|-ability|p1b: Gyarados|Intimidate|boost\n|-unboost|p2a: Ting-Lu|atk|1\n|-unboost|p2b: Baxcalibur|atk|1\n|move|p1a: Ting-Lu|Stomping Tantrum|p2b: Baxcalibur\n|-damage|p2b: Baxcalibur|67\/100\n|move|p2a: Ting-Lu|Fissure|p1b: Gyarados\n|-immune|p1b: Gyarados\n|\n|upkeep\n|turn|5\n|\n|t:|1681673485\n|switch|p1b: Dragapult|Dragapult, L50, F, shiny|100\/100\n|move|p2b: Baxcalibur|Dragon Dance|p2b: Baxcalibur\n|-boost|p2b: Baxcalibur|atk|1\n|-boost|p2b: Baxcalibur|spe|1\n|move|p1a: Ting-Lu|Stomping Tantrum|p2b: Baxcalibur\n|-damage|p2b: Baxcalibur|32\/100\n|move|p2a: Ting-Lu|Fissure|p1a: Ting-Lu|[miss]\n|-miss|p2a: Ting-Lu|p1a: Ting-Lu\n|\n|upkeep\n|turn|6\n|\n|t:|1681673505\n|switch|p1b: Gyarados|Gyarados, L50, M, shiny|100\/100\n|-ability|p1b: Gyarados|Intimidate|boost\n|-unboost|p2a: Ting-Lu|atk|1\n|-unboost|p2b: Baxcalibur|atk|1\n|move|p2b: Baxcalibur|Icicle Spear|p1a: Ting-Lu\n|-supereffective|p1a: Ting-Lu\n|-damage|p1a: Ting-Lu|88\/100\n|-supereffective|p1a: Ting-Lu\n|-damage|p1a: Ting-Lu|75\/100\n|-supereffective|p1a: Ting-Lu\n|-damage|p1a: Ting-Lu|62\/100\n|-supereffective|p1a: Ting-Lu\n|-damage|p1a: Ting-Lu|51\/100\n|-hitcount|p1a: Ting-Lu|4\n|move|p2a: Ting-Lu|Fissure|p1a: Ting-Lu|[miss]\n|-miss|p2a: Ting-Lu|p1a: Ting-Lu\n|move|p1a: Ting-Lu|Stomping Tantrum|p2b: Baxcalibur\n|-damage|p2b: Baxcalibur|0 fnt\n|faint|p2b: Baxcalibur\n|\n|upkeep\n|\n|t:|1681673522\n|switch|p2b: Gyarados|Gyarados, L50, M, shiny, tera:Electric|58\/100\n|-ability|p2b: Gyarados|Intimidate|boost\n|-unboost|p1a: Ting-Lu|atk|1\n|-unboost|p1b: Gyarados|atk|1\n|turn|7\n|\n|t:|1681673530\n|move|p2b: Gyarados|Waterfall|p1a: Ting-Lu\n|-supereffective|p1a: Ting-Lu\n|-damage|p1a: Ting-Lu|0 fnt\n|faint|p1a: Ting-Lu\n|-damage|p2b: Gyarados|48\/100|[from] item: Life Orb\n|move|p1b: Gyarados|Waterfall|p2a: Ting-Lu\n|-supereffective|p2a: Ting-Lu\n|-damage|p2a: Ting-Lu|9\/100\n|move|p2a: Ting-Lu|Fissure|p1b: Gyarados\n|-immune|p1b: Gyarados\n|\n|upkeep\n|\n|t:|1681673542\n|switch|p1a: Dragapult|Dragapult, L50, F, shiny|100\/100\n|turn|8\n|inactive|GiovanniLor has 30 seconds left.\n|inactive|GiovanniLor has 20 seconds left.\n|inactive|GiovanniLor has 15 seconds left.\n|inactive|GiovanniLor has 10 seconds left.\n|\n|t:|1681673590\n|move|p2b: Gyarados|Protect|p2b: Gyarados\n|-singleturn|p2b: Gyarados|Protect\n|move|p1a: Dragapult|Outrage|p2a: Ting-Lu\n|-damage|p2a: Ting-Lu|0 fnt\n|faint|p2a: Ting-Lu\n|move|p1b: Gyarados|Waterfall|p2b: Gyarados\n|-activate|p2b: Gyarados|move: Protect\n|\n|upkeep\n|\n|t:|1681673600\n|switch|p2a: Iron Bundle|Iron Bundle, L50, shiny|100\/100\n|-enditem|p2a: Iron Bundle|Booster Energy\n|-activate|p2a: Iron Bundle|ability: Quark Drive|[fromitem]\n|-start|p2a: Iron Bundle|quarkdrivespe\n|turn|9\n|\n|t:|1681673612\n|move|p2a: Iron Bundle|Blizzard|p1a: Dragapult|[spread] p1a\n|-miss|p2a: Iron Bundle|p1b: Gyarados\n|-supereffective|p1a: Dragapult\n|-damage|p1a: Dragapult|0 fnt\n|faint|p1a: Dragapult\n|move|p2b: Gyarados|Tera Blast|p1b: Gyarados\n|-supereffective|p1b: Gyarados\n|-crit|p1b: Gyarados\n|-damage|p1b: Gyarados|0 fnt\n|faint|p1b: Gyarados\n|-damage|p2b: Gyarados|39\/100|[from] item: Life Orb\n|\n|win|xingtian888\n|raw|GiovanniLor's rating: 1604 → 1582<\/strong> (-22 for losing)\n|raw|xingtian888's rating: 1564 → 1586<\/strong> (+22 for winning)\n|j| Kital\n|l|\u2606GiovanniLor\n|l| Kital\n","uploadtime":1681673634,"views":13,"p1id":"giovannilor","p2id":"xingtian888","formatid":"gen9vgc2023regulationc","rating":1582,"private":0,"password":""}