{"id":"gen9vgc2023regulationc-1847363397","p1":"sb203","p2":"Hadrian1917","format":"[Gen 9] VGC 2023 Regulation C","log":"|j|\u2606sb203\n|j|\u2606Hadrian1917\n|t:|1681942691\n|gametype|doubles\n|player|p1|sb203|169|1105\n|player|p2|Hadrian1917|brock|1152\n|teamsize|p1|6\n|teamsize|p2|6\n|gen|9\n|tier|[Gen 9] VGC 2023 Regulation C\n|rated|\n|rule|Species Clause: Limit one of each Pok\u00e9mon\n|rule|Item Clause: Limit one of each item\n|clearpoke\n|poke|p1|Gyarados, L50, F|\n|poke|p1|Chi-Yu, L50|\n|poke|p1|Amoonguss, L50, F|\n|poke|p1|Flutter Mane, L50|\n|poke|p1|Great Tusk, L50|\n|poke|p1|Talonflame, L50, F|\n|poke|p2|Flutter Mane, L50|\n|poke|p2|Arcanine, L50, F|\n|poke|p2|Baxcalibur, L50, M|\n|poke|p2|Ting-Lu, L50|\n|poke|p2|Gyarados, L50, F|\n|poke|p2|Amoonguss, L50, M|\n|teampreview|4\n|inactive|Battle timer is ON: inactive players will automatically lose when time's up. (requested by sb203)\nsb203 has agreed to open team sheets.\n|inactive|sb203 has 60 seconds left.\n|inactive|Hadrian1917 has 60 seconds left.\n|\n|t:|1681942735\n|start\n|switch|p1a: Talonflame|Talonflame, L50, F|100\/100\n|switch|p1b: Great Tusk|Great Tusk, L50|100\/100\n|switch|p2a: Ting-Lu|Ting-Lu, L50|100\/100\n|switch|p2b: Amoonguss|Amoonguss, L50, M|100\/100\n|-ability|p2a: Ting-Lu|Vessel of Ruin\n|turn|1\n|inactive|Hadrian1917 has 30 seconds left.\n|inactive|Hadrian1917 has 20 seconds left.\n|\n|t:|1681942772\n|switch|p2b: Gyarados|Gyarados, L50, F|100\/100\n|-ability|p2b: Gyarados|Intimidate|boost\n|-unboost|p1a: Talonflame|atk|1\n|-unboost|p1b: Great Tusk|atk|1\n|move|p1b: Great Tusk|Close Combat|p2a: Ting-Lu\n|-supereffective|p2a: Ting-Lu\n|-damage|p2a: Ting-Lu|49\/100\n|-unboost|p1b: Great Tusk|def|1\n|-unboost|p1b: Great Tusk|spd|1\n|move|p1a: Talonflame|Taunt|p2b: Gyarados\n|-start|p2b: Gyarados|move: Taunt\n|move|p2a: Ting-Lu|Fissure|p1b: Great Tusk|[miss]\n|-miss|p2a: Ting-Lu|p1b: Great Tusk\n|\n|upkeep\n|turn|2\n|inactive|Hadrian1917 has 30 seconds left.\n|\n|t:|1681942806\n|-terastallize|p2a: Ting-Lu|Grass\n|move|p1a: Talonflame|Tailwind|p1a: Talonflame\n|-sidestart|p1: sb203|move: Tailwind\n|move|p1b: Great Tusk|Close Combat|p2a: Ting-Lu\n|-damage|p2a: Ting-Lu|26\/100\n|-unboost|p1b: Great Tusk|def|1\n|-unboost|p1b: Great Tusk|spd|1\n|move|p2b: Gyarados|Waterfall|p1a: Talonflame\n|-supereffective|p1a: Talonflame\n|-damage|p1a: Talonflame|18\/100\n|move|p2a: Ting-Lu|Fissure|p1b: Great Tusk|[miss]\n|-miss|p2a: Ting-Lu|p1b: Great Tusk\n|\n|upkeep\n|turn|3\n|\n|t:|1681942825\n|-end|p1b: Great Tusk|Protosynthesis|[silent]\n|switch|p1b: Amoonguss|Amoonguss, L50, F|100\/100\n|switch|p2a: Amoonguss|Amoonguss, L50, M|100\/100\n|move|p1a: Talonflame|Brave Bird|p2a: Amoonguss\n|-supereffective|p2a: Amoonguss\n|-damage|p2a: Amoonguss|62\/100\n|-damage|p1a: Talonflame|2\/100|[from] item: Rocky Helmet|[of] p2a: Amoonguss\n|-damage|p1a: Talonflame|0 fnt|[from] Recoil\n|faint|p1a: Talonflame\n|move|p2b: Gyarados|Waterfall|p1b: Amoonguss\n|-resisted|p1b: Amoonguss\n|-damage|p1b: Amoonguss|87\/100\n|\n|-end|p2b: Gyarados|move: Taunt\n|upkeep\n|\n|t:|1681942840\n|switch|p1a: Chi-Yu|Chi-Yu, L50|100\/100\n|-ability|p1a: Chi-Yu|Beads of Ruin\n|turn|4\n|\n|t:|1681942851\n|-terastallize|p1a: Chi-Yu|Grass\n|move|p1a: Chi-Yu|Heat Wave|p2a: Amoonguss|[spread] p2a,p2b\n|-supereffective|p2a: Amoonguss\n|-resisted|p2b: Gyarados\n|-damage|p2a: Amoonguss|0 fnt\n|-damage|p2b: Gyarados|77\/100\n|-status|p2b: Gyarados|brn\n|faint|p2a: Amoonguss\n|-damage|p1a: Chi-Yu|90\/100|[from] item: Life Orb\n|move|p2b: Gyarados|Taunt|p1b: Amoonguss\n|-start|p1b: Amoonguss|move: Taunt\n|cant|p1b: Amoonguss|move: Taunt|Spore\n|\n|-damage|p2b: Gyarados|71\/100 brn|[from] brn\n|upkeep\n|\n|t:|1681942865\n|switch|p2a: Flutter Mane|Flutter Mane, L50|100\/100\n|turn|5\n|\n|t:|1681942883\n|move|p1a: Chi-Yu|Dark Pulse|p2a: Flutter Mane\n|-damage|p2a: Flutter Mane|33\/100\n|-damage|p1a: Chi-Yu|80\/100|[from] item: Life Orb\n|move|p2a: Flutter Mane|Moonblast|p1a: Chi-Yu\n|-damage|p1a: Chi-Yu|0 fnt\n|faint|p1a: Chi-Yu\n|move|p2b: Gyarados|Thunder Wave|p1b: Amoonguss\n|-status|p1b: Amoonguss|par\n|cant|p1b: Amoonguss|par\n|\n|-damage|p2b: Gyarados|65\/100 brn|[from] brn\n|-sideend|p1: sb203|move: Tailwind\n|upkeep\n|\n|t:|1681942896\n|switch|p1a: Great Tusk|Great Tusk, L50|100\/100\n|turn|6\n|\n|t:|1681942909\n|move|p1a: Great Tusk|Close Combat|p2b: Gyarados\n|-resisted|p2b: Gyarados\n|-damage|p2b: Gyarados|34\/100 brn\n|-unboost|p1a: Great Tusk|def|1\n|-unboost|p1a: Great Tusk|spd|1\n|-enditem|p2b: Gyarados|Sitrus Berry|[eat]\n|-heal|p2b: Gyarados|59\/100 brn|[from] item: Sitrus Berry\n|move|p2a: Flutter Mane|Moonblast|p1a: Great Tusk\n|-supereffective|p1a: Great Tusk\n|-damage|p1a: Great Tusk|0 fnt\n|faint|p1a: Great Tusk\n|-end|p1a: Great Tusk|Protosynthesis|[silent]\n|move|p2b: Gyarados|Waterfall|p1b: Amoonguss\n|-resisted|p1b: Amoonguss\n|-damage|p1b: Amoonguss|80\/100 par\n|move|p1b: Amoonguss|Pollen Puff|p2a: Flutter Mane\n|-resisted|p2a: Flutter Mane\n|-damage|p2a: Flutter Mane|28\/100\n|\n|-damage|p2b: Gyarados|53\/100 brn|[from] brn\n|-end|p1b: Amoonguss|move: Taunt\n|upkeep\n|turn|7\n|-message|sb203 forfeited.\n|\n|win|Hadrian1917\n|raw|sb203's rating: 1105 → 1083<\/strong> (-22 for losing)\n|raw|Hadrian1917's rating: 1152 → 1174<\/strong> (+22 for winning)\n|l|\u2606sb203\n","uploadtime":1681942931,"views":3,"p1id":"sb203","p2id":"hadrian1917","formatid":"gen9vgc2023regulationc","rating":1083,"private":0,"password":""}