{"id":"gen9vgc2023regulationc-1851654190","p1":"gankyburner","p2":"Felipe.Miller.V","format":"[Gen 9] VGC 2023 Regulation C","log":"|j|\u2606gankyburner\n|j|\u2606Felipe.Miller.V\n|t:|1682466034\n|gametype|doubles\n|player|p1|gankyburner|102|1365\n|player|p2|Felipe.Miller.V|1|1329\n|teamsize|p1|6\n|teamsize|p2|6\n|gen|9\n|tier|[Gen 9] VGC 2023 Regulation C\n|rated|\n|rule|Species Clause: Limit one of each Pok\u00e9mon\n|rule|Item Clause: Limit one of each item\n|clearpoke\n|poke|p1|Murkrow, L50, F|\n|poke|p1|Houndstone, L50, F|\n|poke|p1|Chi-Yu, L50|\n|poke|p1|Tyranitar, L50, M|\n|poke|p1|Palafin, L50, F|\n|poke|p1|Corviknight, L50, M|\n|poke|p2|Baxcalibur, L50, F|\n|poke|p2|Amoonguss, L50, F|\n|poke|p2|Chi-Yu, L50|\n|poke|p2|Iron Hands, L50|\n|poke|p2|Flutter Mane, L50|\n|poke|p2|Gyarados, L50, F|\n|teampreview|4\n|\n|t:|1682466066\n|start\n|switch|p1a: Dragula|Houndstone, L50, F, shiny|100\/100\n|switch|p1b: Ocean Man|Palafin, L50, F|100\/100\n|switch|p2a: Iron Hands|Iron Hands, L50, shiny|100\/100\n|switch|p2b: Gyarados|Gyarados, L50, F|100\/100\n|-ability|p2b: Gyarados|Intimidate|boost\n|-unboost|p1a: Dragula|atk|1\n|-unboost|p1b: Ocean Man|atk|1\n|turn|1\n|\n|t:|1682466085\n|detailschange|p1b: Ocean Man|Palafin-Hero, L50, F\n|switch|p1b: Godzilla|Tyranitar, L50, M, shiny|100\/100\n|-weather|Sandstorm|[from] ability: Sand Stream|[of] p1b: Godzilla\n|move|p1a: Dragula|Will-O-Wisp|p2a: Iron Hands\n|-status|p2a: Iron Hands|brn\n|move|p2b: Gyarados|Taunt|p1a: Dragula\n|-start|p1a: Dragula|move: Taunt\n|move|p2a: Iron Hands|Wild Charge|p1b: Godzilla\n|-damage|p1b: Godzilla|75\/100\n|-damage|p2a: Iron Hands|96\/100 brn|[from] Recoil\n|\n|-weather|Sandstorm|[upkeep]\n|-damage|p2b: Gyarados|95\/100|[from] Sandstorm\n|-damage|p2a: Iron Hands|90\/100 brn|[from] Sandstorm\n|-damage|p2a: Iron Hands|83\/100 brn|[from] brn\n|upkeep\n|turn|2\n|\n|t:|1682466117\n|-terastallize|p1b: Godzilla|Flying\n|move|p1a: Dragula|Last Respects|p2a: Iron Hands\n|-damage|p2a: Iron Hands|75\/100 brn\n|move|p2b: Gyarados|Icy Wind|p1a: Dragula|[spread] p1a,p1b\n|-supereffective|p1b: Godzilla\n|-damage|p1a: Dragula|95\/100\n|-damage|p1b: Godzilla|68\/100\n|-unboost|p1a: Dragula|spe|1\n|-unboost|p1b: Godzilla|spe|1\n|move|p1b: Godzilla|Rock Slide|p2a: Iron Hands|[spread] p2a,p2b\n|-resisted|p2a: Iron Hands\n|-supereffective|p2b: Gyarados\n|-damage|p2a: Iron Hands|64\/100 brn\n|-damage|p2b: Gyarados|32\/100\n|-enditem|p2b: Gyarados|Sitrus Berry|[eat]\n|-heal|p2b: Gyarados|57\/100|[from] item: Sitrus Berry\n|cant|p2a: Iron Hands|flinch\n|\n|-weather|Sandstorm|[upkeep]\n|-damage|p2b: Gyarados|51\/100|[from] Sandstorm\n|-damage|p1b: Godzilla|62\/100|[from] Sandstorm\n|-damage|p2a: Iron Hands|58\/100 brn|[from] Sandstorm\n|-damage|p2a: Iron Hands|52\/100 brn|[from] brn\n|upkeep\n|turn|3\n|\n|t:|1682466152\n|switch|p2b: Amoonguss|Amoonguss, L50, F, shiny|100\/100\n|move|p1a: Dragula|Last Respects|p2b: Amoonguss\n|-damage|p2b: Amoonguss|90\/100\n|move|p1b: Godzilla|Rock Slide|p2a: Iron Hands|[spread] p2a,p2b\n|-resisted|p2a: Iron Hands\n|-damage|p2a: Iron Hands|40\/100 brn\n|-damage|p2b: Amoonguss|62\/100\n|move|p2a: Iron Hands|Wild Charge|p1b: Godzilla\n|-supereffective|p1b: Godzilla\n|-crit|p1b: Godzilla\n|-damage|p1b: Godzilla|0 fnt\n|faint|p1b: Godzilla\n|-damage|p2a: Iron Hands|28\/100 brn|[from] Recoil\n|\n|-weather|Sandstorm|[upkeep]\n|-damage|p2a: Iron Hands|22\/100 brn|[from] Sandstorm\n|-damage|p2b: Amoonguss|56\/100|[from] Sandstorm\n|-damage|p2a: Iron Hands|16\/100 brn|[from] brn\n|upkeep\n|\n|t:|1682466169\n|switch|p1b: Ocean Man|Palafin-Hero, L50, F|100\/100\n|-activate|p1b: Ocean Man|ability: Zero to Hero\n|turn|4\n|\n|t:|1682466185\n|-end|p2a: Iron Hands|Quark Drive|[silent]\n|switch|p2a: Gyarados|Gyarados, L50, F|51\/100\n|-ability|p2a: Gyarados|Intimidate|boost\n|-unboost|p1a: Dragula|atk|1\n|-unboost|p1b: Ocean Man|atk|1\n|move|p1b: Ocean Man|Jet Punch|p2a: Gyarados\n|-resisted|p2a: Gyarados\n|-damage|p2a: Gyarados|39\/100\n|move|p1a: Dragula|Last Respects|p2b: Amoonguss\n|-damage|p2b: Amoonguss|41\/100\n|move|p2b: Amoonguss|Spore|p1b: Ocean Man\n|-activate|p1b: Ocean Man|item: Safety Goggles|Spore\n|\n|-weather|Sandstorm|[upkeep]\n|-damage|p2a: Gyarados|33\/100|[from] Sandstorm\n|-damage|p2b: Amoonguss|35\/100|[from] Sandstorm\n|-end|p1a: Dragula|move: Taunt\n|upkeep\n|turn|5\n|\n|t:|1682466208\n|move|p1b: Ocean Man|Jet Punch|p2a: Gyarados\n|-resisted|p2a: Gyarados\n|-damage|p2a: Gyarados|20\/100\n|move|p1a: Dragula|Howl|p1a: Dragula|[spread] p1a,p1b\n|-boost|p1a: Dragula|atk|1\n|-boost|p1b: Ocean Man|atk|1\n|move|p2a: Gyarados|Thunder Wave|p1b: Ocean Man\n|-status|p1b: Ocean Man|par\n|move|p2b: Amoonguss|Pollen Puff|p2a: Gyarados\n|-heal|p2a: Gyarados|70\/100\n|\n|-weather|none\n|upkeep\n|turn|6\n|\n|t:|1682466246\n|move|p2a: Gyarados|Waterfall|p1a: Dragula\n|-damage|p1a: Dragula|59\/100\n|move|p1a: Dragula|Howl|p1a: Dragula|[spread] p1a,p1b\n|-boost|p1a: Dragula|atk|1\n|-boost|p1b: Ocean Man|atk|1\n|cant|p1b: Ocean Man|par\n|move|p2b: Amoonguss|Pollen Puff|p1b: Ocean Man\n|-damage|p1b: Ocean Man|82\/100 par\n|\n|upkeep\n|turn|7\n|\n|t:|1682466264\n|move|p1b: Ocean Man|Jet Punch|p2b: Amoonguss\n|-resisted|p2b: Amoonguss\n|-damage|p2b: Amoonguss|11\/100\n|move|p2a: Gyarados|Waterfall|p1a: Dragula\n|-damage|p1a: Dragula|23\/100\n|-enditem|p1a: Dragula|Sitrus Berry|[eat]\n|-heal|p1a: Dragula|48\/100|[from] item: Sitrus Berry\n|move|p1a: Dragula|Howl|p1a: Dragula|[spread] p1a,p1b\n|-boost|p1a: Dragula|atk|1\n|-boost|p1b: Ocean Man|atk|1\n|move|p2b: Amoonguss|Clear Smog|p1b: Ocean Man\n|-damage|p1b: Ocean Man|67\/100 par\n|-clearboost|p1b: Ocean Man\n|\n|upkeep\n|turn|8\n|\n|t:|1682466298\n|cant|p1b: Ocean Man|par\n|move|p2a: Gyarados|Thunder Wave|p1a: Dragula|[miss]\n|-miss|p2a: Gyarados|p1a: Dragula\n|move|p1a: Dragula|Last Respects|p2a: Gyarados\n|-damage|p2a: Gyarados|19\/100\n|move|p2b: Amoonguss|Pollen Puff|p2a: Gyarados\n|-heal|p2a: Gyarados|69\/100\n|\n|upkeep\n|turn|9\n|\n|t:|1682466321\n|cant|p1b: Ocean Man|par\n|move|p2a: Gyarados|Thunder Wave|p1a: Dragula\n|-status|p1a: Dragula|par\n|move|p2b: Amoonguss|Pollen Puff|p2a: Gyarados\n|-heal|p2a: Gyarados|100\/100\n|move|p1a: Dragula|Last Respects|p2a: Gyarados\n|-damage|p2a: Gyarados|49\/100\n|\n|upkeep\n|turn|10\n|\n|t:|1682466359\n|-terastallize|p2a: Gyarados|Steel\n|move|p1b: Ocean Man|Jet Punch|p2b: Amoonguss\n|-resisted|p2b: Amoonguss\n|-damage|p2b: Amoonguss|0 fnt\n|faint|p2b: Amoonguss\n|move|p2a: Gyarados|Waterfall|p1a: Dragula\n|-damage|p1a: Dragula|11\/100 par\n|move|p1a: Dragula|Last Respects|p2a: Gyarados\n|-damage|p2a: Gyarados|0 fnt\n|faint|p2a: Gyarados\n|\n|upkeep\n|\n|t:|1682466370\n|switch|p2a: Flutter Mane|Flutter Mane, L50|100\/100\n|switch|p2b: Iron Hands|Iron Hands, L50, shiny|16\/100 brn\n|-enditem|p2a: Flutter Mane|Booster Energy\n|-activate|p2a: Flutter Mane|ability: Protosynthesis|[fromitem]\n|-start|p2a: Flutter Mane|protosynthesisspa\n|turn|11\n|\n|t:|1682466386\n|move|p1b: Ocean Man|Protect|p1b: Ocean Man\n|-singleturn|p1b: Ocean Man|Protect\n|move|p2b: Iron Hands|Fake Out|p1b: Ocean Man\n|-activate|p1b: Ocean Man|move: Protect\n|move|p2a: Flutter Mane|Substitute|p2a: Flutter Mane\n|-start|p2a: Flutter Mane|Substitute\n|-damage|p2a: Flutter Mane|76\/100\n|move|p1a: Dragula|Last Respects|p2a: Flutter Mane\n|-supereffective|p2a: Flutter Mane\n|-end|p2a: Flutter Mane|Substitute\n|\n|-damage|p2b: Iron Hands|10\/100 brn|[from] brn\n|upkeep\n|turn|12\n|\n|t:|1682466413\n|move|p2a: Flutter Mane|Protect|p2a: Flutter Mane\n|-singleturn|p2a: Flutter Mane|Protect\n|move|p1b: Ocean Man|Jet Punch|p2a: Flutter Mane\n|-activate|p2a: Flutter Mane|move: Protect\n|move|p2b: Iron Hands|Wild Charge|p1a: Dragula\n|-damage|p1a: Dragula|0 fnt\n|faint|p1a: Dragula\n|-damage|p2b: Iron Hands|8\/100 brn|[from] Recoil\n|\n|-damage|p2b: Iron Hands|2\/100 brn|[from] brn\n|upkeep\n|\n|t:|1682466422\n|switch|p1a: Mr. Jones|Corviknight, L50, M|100\/100\n|turn|13\n|\n|t:|1682466437\n|move|p1b: Ocean Man|Jet Punch|p2a: Flutter Mane\n|-damage|p2a: Flutter Mane|0 fnt\n|faint|p2a: Flutter Mane\n|-end|p2a: Flutter Mane|Protosynthesis|[silent]\n|move|p1a: Mr. Jones|Iron Head|p2b: Iron Hands\n|-resisted|p2b: Iron Hands\n|-damage|p2b: Iron Hands|0 fnt\n|faint|p2b: Iron Hands\n|-end|p2b: Iron Hands|Quark Drive|[silent]\n|\n|win|gankyburner\n|raw|gankyburner's rating: 1365 → 1383<\/strong> (+18 for winning)\n|raw|Felipe.Miller.V's rating: 1329 → 1311<\/strong> (-18 for losing)\n|l|\u2606Felipe.Miller.V\n","uploadtime":1682466445,"views":17,"p1id":"gankyburner","p2id":"felipemillerv","formatid":"gen9vgc2023regulationc","rating":1311,"private":0,"password":""}