{"id":"gen9vgc2023regulationc-1861144990","p1":"Mythical weavile","p2":"Iceman5687","format":"[Gen 9] VGC 2023 Regulation C","log":"|j|\u2606Mythical weavile\n|j|\u2606Iceman5687\n|t:|1683730509\n|gametype|doubles\n|player|p1|Mythical weavile|101|1407\n|player|p2|Iceman5687|170|1317\n|teamsize|p1|6\n|teamsize|p2|6\n|gen|9\n|tier|[Gen 9] VGC 2023 Regulation C\n|rated|\n|rule|Species Clause: Limit one of each Pok\u00e9mon\n|rule|Item Clause: Limit one of each item\n|clearpoke\n|poke|p1|Dondozo, L50, F|\n|poke|p1|Tatsugiri, L50, F|\n|poke|p1|Flutter Mane, L50|\n|poke|p1|Chi-Yu, L50|\n|poke|p1|Iron Bundle, L50|\n|poke|p1|Tinkaton, L50, F|\n|poke|p2|Gholdengo, L50|\n|poke|p2|Chi-Yu, L50|\n|poke|p2|Iron Bundle, L50|\n|poke|p2|Murkrow, L50, M|\n|poke|p2|Iron Hands, L50|\n|poke|p2|Flutter Mane, L50|\n|teampreview|4\n|inactive|Battle timer is ON: inactive players will automatically lose when time's up. (requested by Mythical weavile)\n|\n|t:|1683730530\n|start\n|switch|p1a: Flutter Mane|Flutter Mane, L50|100\/100\n|switch|p1b: Chi-Yu|Chi-Yu, L50|100\/100\n|switch|p2a: Iron Bundle|Iron Bundle, L50|100\/100\n|switch|p2b: Chi-Yu|Chi-Yu, L50|100\/100\n|-ability|p2b: Chi-Yu|Beads of Ruin\n|-ability|p1b: Chi-Yu|Beads of Ruin\n|-enditem|p2a: Iron Bundle|Booster Energy\n|-activate|p2a: Iron Bundle|ability: Quark Drive|[fromitem]\n|-start|p2a: Iron Bundle|quarkdrivespe\n|turn|1\n|inactive|Mythical weavile has 30 seconds left.\n|\n|t:|1683730559\n|move|p1b: Chi-Yu|Protect|p1b: Chi-Yu\n|-singleturn|p1b: Chi-Yu|Protect\n|move|p2a: Iron Bundle|Hydro Pump|p1b: Chi-Yu\n|-activate|p1b: Chi-Yu|move: Protect\n|move|p1a: Flutter Mane|Moonblast|p2b: Chi-Yu\n|-damage|p2b: Chi-Yu|15\/100\n|-unboost|p2b: Chi-Yu|spa|1\n|move|p2b: Chi-Yu|Heat Wave|p1a: Flutter Mane|[spread] \n|-activate|p1b: Chi-Yu|move: Protect\n|-miss|p2b: Chi-Yu|p1a: Flutter Mane\n|\n|upkeep\n|turn|2\n|\n|t:|1683730579\n|switch|p1b: Dondozo|Dondozo, L50, F|100\/100\n|move|p2a: Iron Bundle|Icy Wind|p1a: Flutter Mane|[spread] p1a,p1b\n|-resisted|p1b: Dondozo\n|-damage|p1a: Flutter Mane|75\/100\n|-damage|p1b: Dondozo|87\/100\n|-unboost|p1a: Flutter Mane|spe|1\n|-unboost|p1b: Dondozo|spe|1\n|move|p2b: Chi-Yu|Heat Wave|p1b: Dondozo|[spread] p1a,p1b\n|-resisted|p1b: Dondozo\n|-crit|p1b: Dondozo\n|-damage|p1a: Flutter Mane|49\/100\n|-damage|p1b: Dondozo|50\/100\n|-status|p1a: Flutter Mane|brn\n|move|p1a: Flutter Mane|Moonblast|p2b: Chi-Yu\n|-damage|p2b: Chi-Yu|0 fnt\n|faint|p2b: Chi-Yu\n|\n|-heal|p1b: Dondozo|56\/100|[from] item: Leftovers\n|-damage|p1a: Flutter Mane|43\/100 brn|[from] brn\n|upkeep\n|\n|t:|1683730592\n|switch|p2b: Iron Hands|Iron Hands, L50|100\/100\n|turn|3\n|\n|t:|1683730607\n|move|p1b: Dondozo|Protect|p1b: Dondozo\n|-singleturn|p1b: Dondozo|Protect\n|move|p2a: Iron Bundle|Freeze-Dry|p1b: Dondozo\n|-activate|p1b: Dondozo|move: Protect\n|move|p1a: Flutter Mane|Moonblast|p2b: Iron Hands\n|-supereffective|p2b: Iron Hands\n|-damage|p2b: Iron Hands|25\/100\n|move|p2b: Iron Hands|Wild Charge|p1a: Flutter Mane\n|-damage|p1a: Flutter Mane|0 fnt\n|faint|p1a: Flutter Mane\n|-end|p1a: Flutter Mane|Protosynthesis|[silent]\n|-damage|p2b: Iron Hands|17\/100|[from] Recoil\n|\n|-heal|p1b: Dondozo|62\/100|[from] item: Leftovers\n|upkeep\n|\n|t:|1683730620\n|switch|p1a: Tatsugiri|Tatsugiri, L50, F|100\/100\n|-activate|p1a: Tatsugiri|ability: Commander|[of] p1b: Dondozo\n|-boost|p1b: Dondozo|atk|2\n|-boost|p1b: Dondozo|spa|2\n|-boost|p1b: Dondozo|spe|2\n|-boost|p1b: Dondozo|def|2\n|-boost|p1b: Dondozo|spd|2\n|turn|4\n|\n|t:|1683730631\n|-terastallize|p1b: Dondozo|Grass\n|-terastallize|p2b: Iron Hands|Grass\n|move|p2a: Iron Bundle|Freeze-Dry|p1b: Dondozo\n|-supereffective|p1b: Dondozo\n|-damage|p1b: Dondozo|25\/100\n|move|p1b: Dondozo|Tera Blast|p2a: Iron Bundle\n|-supereffective|p2a: Iron Bundle\n|-damage|p2a: Iron Bundle|0 fnt\n|faint|p2a: Iron Bundle\n|-end|p2a: Iron Bundle|Quark Drive|[silent]\n|move|p2b: Iron Hands|Drain Punch|p1b: Dondozo\n|-damage|p1b: Dondozo|10\/100\n|-heal|p2b: Iron Hands|25\/100|[from] drain|[of] p1b: Dondozo\n|\n|-heal|p1b: Dondozo|16\/100|[from] item: Leftovers\n|upkeep\n|\n|t:|1683730641\n|switch|p2a: Gholdengo|Gholdengo, L50|100\/100\n|turn|5\n|inactive|Iceman5687 has 30 seconds left.\n|\n|t:|1683730674\n|move|p2a: Gholdengo|Power Gem|p1b: Dondozo\n|-damage|p1b: Dondozo|0 fnt\n|faint|p1b: Dondozo\n|move|p2b: Iron Hands|Wild Charge|p1a: Tatsugiri\n|-damage|p1a: Tatsugiri|3\/100\n|-damage|p2b: Iron Hands|10\/100|[from] Recoil\n|\n|upkeep\n|\n|t:|1683730679\n|switch|p1b: Chi-Yu|Chi-Yu, L50|100\/100\n|-ability|p1b: Chi-Yu|Beads of Ruin\n|turn|6\n|\n|t:|1683730687\n|move|p1a: Tatsugiri|Muddy Water|p2a: Gholdengo|[spread] p2b\n|-miss|p1a: Tatsugiri|p2a: Gholdengo\n|-resisted|p2b: Iron Hands\n|-damage|p2b: Iron Hands|0 fnt\n|faint|p2b: Iron Hands\n|-end|p2b: Iron Hands|Quark Drive|[silent]\n|move|p1b: Chi-Yu|Heat Wave|p2a: Gholdengo\n|-supereffective|p2a: Gholdengo\n|-damage|p2a: Gholdengo|0 fnt\n|faint|p2a: Gholdengo\n|\n|win|Mythical weavile\n|raw|Mythical weavile's rating: 1407 → 1422<\/strong> (+15 for winning)\n|raw|Iceman5687's rating: 1317 → 1302<\/strong> (-15 for losing)\n","uploadtime":1683730697,"views":9,"p1id":"mythicalweavile","p2id":"iceman5687","formatid":"gen9vgc2023regulationc","rating":1302,"private":0,"password":""}