{"id":"gen9vgc2023regulationc-1849118644","p1":"Stonny","p2":"Thepoke72TTTTTTTTt","format":"[Gen 9] VGC 2023 Regulation C","log":"|j|\u2606Stonny\n|j|\u2606Thepoke72TTTTTTTTt\n|t:|1682158844\n|gametype|doubles\n|player|p1|Stonny|acetrainer-gen4dp|1285\n|player|p2|Thepoke72TTTTTTTTt|n|1378\n|teamsize|p1|6\n|teamsize|p2|6\n|gen|9\n|tier|[Gen 9] VGC 2023 Regulation C\n|rated|\n|rule|Species Clause: Limit one of each Pok\u00e9mon\n|rule|Item Clause: Limit one of each item\n|clearpoke\n|poke|p1|Ting-Lu, L50|\n|poke|p1|Chi-Yu, L50|\n|poke|p1|Flutter Mane, L50|\n|poke|p1|Iron Hands, L50|\n|poke|p1|Amoonguss, L50, F|\n|poke|p1|Rabsca, L50, F|\n|poke|p2|Glimmora, L50, M|\n|poke|p2|Dondozo, L50, M|\n|poke|p2|Tatsugiri, L50, M|\n|poke|p2|Dragonite, L50, F|\n|poke|p2|Chi-Yu, L50|\n|poke|p2|Iron Bundle, L50|\n|teampreview|4\n|inactive|Battle timer is ON: inactive players will automatically lose when time's up. (requested by Stonny)\n|\n|t:|1682158874\n|start\n|switch|p1a: Masked statue|Ting-Lu, L50|100\/100\n|switch|p1b: Garry|Rabsca, L50, F|100\/100\n|switch|p2a: Chi-Yu|Chi-Yu, L50|100\/100\n|switch|p2b: Iron Bundle|Iron Bundle, L50|100\/100\n|-ability|p2a: Chi-Yu|Beads of Ruin\n|-ability|p1a: Masked statue|Vessel of Ruin\n|-enditem|p2b: Iron Bundle|Booster Energy\n|-activate|p2b: Iron Bundle|ability: Quark Drive|[fromitem]\n|-start|p2b: Iron Bundle|quarkdrivespe\n|turn|1\n|\n|t:|1682158898\n|-terastallize|p1b: Garry|Normal\n|move|p1a: Masked statue|Protect|p1a: Masked statue\n|-singleturn|p1a: Masked statue|Protect\n|move|p2b: Iron Bundle|Hydro Pump|p1a: Masked statue\n|-activate|p1a: Masked statue|move: Protect\n|move|p2a: Chi-Yu|Heat Wave|p1b: Garry|[spread] p1b\n|-activate|p1a: Masked statue|move: Protect\n|-damage|p1b: Garry|66\/100\n|move|p1b: Garry|Trick Room|p1b: Garry\n|-fieldstart|move: Trick Room|[of] p1b: Garry\n|\n|upkeep\n|turn|2\n|\n|t:|1682158918\n|move|p1b: Garry|Pounce|p1a: Masked statue\n|-supereffective|p1a: Masked statue\n|-damage|p1a: Masked statue|90\/100\n|-unboost|p1a: Masked statue|spe|1\n|-enditem|p1a: Masked statue|Weakness Policy\n|-boost|p1a: Masked statue|atk|2|[from] item: Weakness Policy\n|-boost|p1a: Masked statue|spa|2|[from] item: Weakness Policy\n|move|p1a: Masked statue|Earthquake|p2b: Iron Bundle|[spread] p2a,p2b\n|-activate|p1b: Garry|ability: Telepathy\n|-supereffective|p2a: Chi-Yu\n|-crit|p2a: Chi-Yu\n|-enditem|p2a: Chi-Yu|Focus Sash\n|-damage|p2a: Chi-Yu|1\/100\n|-damage|p2b: Iron Bundle|13\/100\n|move|p2a: Chi-Yu|Heat Wave|p1a: Masked statue|[spread] p1a,p1b\n|-damage|p1a: Masked statue|58\/100\n|-damage|p1b: Garry|27\/100\n|move|p2b: Iron Bundle|Hydro Pump|p1a: Masked statue\n|-supereffective|p1a: Masked statue\n|-crit|p1a: Masked statue\n|-damage|p1a: Masked statue|0 fnt\n|faint|p1a: Masked statue\n|\n|upkeep\n|\n|t:|1682158938\n|switch|p1a: Thick|Iron Hands, L50|100\/100\n|turn|3\n|\n|t:|1682158960\n|move|p2a: Chi-Yu|Protect|p2a: Chi-Yu\n|-singleturn|p2a: Chi-Yu|Protect\n|move|p2b: Iron Bundle|Protect|p2b: Iron Bundle\n|-singleturn|p2b: Iron Bundle|Protect\n|move|p1a: Thick|Fake Out|p2a: Chi-Yu\n|-activate|p2a: Chi-Yu|move: Protect\n|move|p1b: Garry|Revival Blessing|p1b: Garry\n|\n|t:|1682158970\n|-heal|p1: Masked statue|50\/100|[from] move: Revival Blessing\n|\n|upkeep\n|turn|4\n|\n|t:|1682158988\n|move|p1b: Garry|Pounce|p2a: Chi-Yu\n|-damage|p2a: Chi-Yu|0 fnt\n|faint|p2a: Chi-Yu\n|move|p1a: Thick|Drain Punch|p2b: Iron Bundle\n|-supereffective|p2b: Iron Bundle\n|-damage|p2b: Iron Bundle|0 fnt\n|faint|p2b: Iron Bundle\n|-end|p2b: Iron Bundle|Quark Drive|[silent]\n|\n|upkeep\n|\n|t:|1682158992\n|switch|p2a: Glimmora|Glimmora, L50, M|100\/100\n|switch|p2b: Dragonite|Dragonite, L50, F|100\/100\n|turn|5\n|inactive|Stonny has 30 seconds left.\n|\n|t:|1682159017\n|-terastallize|p2b: Dragonite|Normal\n|move|p2b: Dragonite|Extreme Speed|p1b: Garry\n|-damage|p1b: Garry|0 fnt\n|faint|p1b: Garry\n|move|p1a: Thick|Ice Punch|p2b: Dragonite\n|-damage|p2b: Dragonite|69\/100\n|move|p2a: Glimmora|Earth Power|p1a: Thick\n|-supereffective|p1a: Thick\n|-damage|p1a: Thick|55\/100\n|\n|-fieldend|move: Trick Room\n|upkeep\n|\n|t:|1682159028\n|switch|p1b: Sus|Amoonguss, L50, F|100\/100\n|turn|6\n|\n|t:|1682159039\n|move|p2b: Dragonite|Extreme Speed|p1a: Thick\n|-damage|p1a: Thick|17\/100\n|move|p1b: Sus|Rage Powder|p1b: Sus\n|-singleturn|p1b: Sus|move: Rage Powder\n|move|p2a: Glimmora|Earth Power|p1b: Sus\n|-damage|p1b: Sus|75\/100\n|move|p1a: Thick|Drain Punch|p2b: Dragonite\n|-supereffective|p2b: Dragonite\n|-damage|p2b: Dragonite|0 fnt\n|-heal|p1a: Thick|45\/100|[from] drain|[of] p2b: Dragonite\n|faint|p2b: Dragonite\n|\n|upkeep\n|turn|7\n|\n|t:|1682159061\n|-end|p1a: Thick|Quark Drive|[silent]\n|switch|p1a: Masked statue|Ting-Lu, L50|50\/100\n|-ability|p1a: Masked statue|Vessel of Ruin\n|move|p2a: Glimmora|Sludge Bomb|p1b: Sus\n|-damage|p1b: Sus|48\/100\n|-enditem|p1b: Sus|Sitrus Berry|[eat]\n|-heal|p1b: Sus|73\/100|[from] item: Sitrus Berry\n|move|p1b: Sus|Pollen Puff|p1a: Masked statue\n|-heal|p1a: Masked statue|100\/100\n|\n|upkeep\n|turn|8\n|\n|t:|1682159078\n|move|p1b: Sus|Protect|p1b: Sus\n|-singleturn|p1b: Sus|Protect\n|move|p2a: Glimmora|Earth Power|p1b: Sus\n|-activate|p1b: Sus|move: Protect\n|move|p1a: Masked statue|Earthquake|p2a: Glimmora|[spread] p2a\n|-activate|p1b: Sus|move: Protect\n|-supereffective|p2a: Glimmora\n|-damage|p2a: Glimmora|0 fnt\n|-activate|p2a: Glimmora|ability: Toxic Debris\n|-sidestart|p1: Stonny|move: Toxic Spikes\n|faint|p2a: Glimmora\n|\n|win|Stonny\n|raw|Stonny's rating: 1285 → 1317<\/strong> (+32 for winning)\n|raw|Thepoke72TTTTTTTTt's rating: 1378 → 1353<\/strong> (-25 for losing)\n","uploadtime":1682159092,"views":9,"p1id":"stonny","p2id":"thepoke72ttttttttt","formatid":"gen9vgc2023regulationc","rating":1317,"private":0,"password":""}