{"id":"gen9vgc2023regulationc-1846973453","p1":"kusunokisio","p2":"dadolss","format":"[Gen 9] VGC 2023 Regulation C","log":"|j|\u2606kusunokisio\n|j|\u2606dadolss\n|t:|1681907778\n|gametype|doubles\n|player|p1|kusunokisio|102|1342\n|player|p2|dadolss|266|1302\n|teamsize|p1|6\n|teamsize|p2|6\n|gen|9\n|tier|[Gen 9] VGC 2023 Regulation C\n|rated|\n|rule|Species Clause: Limit one of each Pok\u00e9mon\n|rule|Item Clause: Limit one of each item\n|clearpoke\n|poke|p1|Flutter Mane, L50|\n|poke|p1|Iron Hands, L50|\n|poke|p1|Arcanine, L50, F|\n|poke|p1|Ting-Lu, L50|\n|poke|p1|Amoonguss, L50, F|\n|poke|p1|Palafin, L50, M|\n|poke|p2|Flutter Mane, L50|\n|poke|p2|Chi-Yu, L50|\n|poke|p2|Gastrodon-East, L50, M|\n|poke|p2|Corviknight, L50, F|\n|poke|p2|Amoonguss, L50, F|\n|poke|p2|Iron Hands, L50|\n|teampreview|4\nkusunokisio rejected open team sheets.\n|inactive|Battle timer is ON: inactive players will automatically lose when time's up. (requested by dadolss)\n|\n|t:|1681907841\n|start\n|switch|p1a: Iron Hands|Iron Hands, L50|100\/100\n|switch|p1b: Flutter Mane|Flutter Mane, L50|100\/100\n|switch|p2a: Corviknight|Corviknight, L50, F|100\/100\n|switch|p2b: Amoonguss|Amoonguss, L50, F|100\/100\n|turn|1\n|\n|t:|1681907862\n|move|p1b: Flutter Mane|Shadow Ball|p2b: Amoonguss\n|-damage|p2b: Amoonguss|51\/100\n|move|p2a: Corviknight|Bulk Up|p2a: Corviknight\n|-boost|p2a: Corviknight|atk|1\n|-boost|p2a: Corviknight|def|1\n|move|p1a: Iron Hands|Heavy Slam|p2b: Amoonguss\n|-damage|p2b: Amoonguss|13\/100\n|move|p2b: Amoonguss|Spore|p1a: Iron Hands\n|-status|p1a: Iron Hands|slp|[from] move: Spore\n|\n|upkeep\n|turn|2\n|\n|t:|1681907884\n|-end|p1b: Flutter Mane|Protosynthesis|[silent]\n|switch|p1b: Amoonguss|Amoonguss, L50, F|100\/100\n|move|p2b: Amoonguss|Protect|p2b: Amoonguss\n|-singleturn|p2b: Amoonguss|Protect\n|move|p2a: Corviknight|Iron Head|p1b: Amoonguss\n|-damage|p1b: Amoonguss|67\/100\n|-damage|p2a: Corviknight|84\/100|[from] item: Rocky Helmet|[of] p1b: Amoonguss\n|cant|p1a: Iron Hands|slp\n|\n|upkeep\n|turn|3\n|inactive|kusunokisio has 30 seconds left.\n|\n|t:|1681907910\n|switch|p2b: Gastrodon|Gastrodon-East, L50, M|100\/100\n|-terastallize|p1b: Amoonguss|Water\n|move|p2a: Corviknight|Brave Bird|p1b: Amoonguss\n|-damage|p1b: Amoonguss|20\/100\n|-damage|p2a: Corviknight|68\/100|[from] item: Rocky Helmet|[of] p1b: Amoonguss\n|-damage|p2a: Corviknight|50\/100|[from] Recoil\n|cant|p1a: Iron Hands|slp\n|move|p1b: Amoonguss|Spore|p2a: Corviknight\n|-status|p2a: Corviknight|slp|[from] move: Spore\n|-enditem|p2a: Corviknight|Lum Berry|[eat]\n|-curestatus|p2a: Corviknight|slp|[msg]\n|\n|upkeep\n|turn|4\n|inactive|dadolss has 30 seconds left.\n|\n|t:|1681907936\n|move|p1b: Amoonguss|Protect|p1b: Amoonguss\n|-singleturn|p1b: Amoonguss|Protect\n|move|p2a: Corviknight|Roost|p2a: Corviknight\n|-heal|p2a: Corviknight|100\/100\n|-singleturn|p2a: Corviknight|move: Roost\n|-curestatus|p1a: Iron Hands|slp|[msg]\n|move|p1a: Iron Hands|Volt Switch|p2a: Corviknight\n|-damage|p2a: Corviknight|88\/100\n|\n|t:|1681907947\n|-end|p1a: Iron Hands|Quark Drive|[silent]\n|switch|p1a: Flutter Mane|Flutter Mane, L50|100\/100|[from] Volt Switch\n|move|p2b: Gastrodon|Earth Power|p1b: Amoonguss\n|-activate|p1b: Amoonguss|move: Protect\n|\n|upkeep\n|turn|5\n|\n|t:|1681907960\n|switch|p1b: Iron Hands|Iron Hands, L50|100\/100\n|move|p1a: Flutter Mane|Moonblast|p2b: Gastrodon\n|-damage|p2b: Gastrodon|40\/100\n|move|p2a: Corviknight|Bulk Up|p2a: Corviknight\n|-boost|p2a: Corviknight|atk|1\n|-boost|p2a: Corviknight|def|1\n|move|p2b: Gastrodon|Earth Power|p1b: Iron Hands\n|-supereffective|p1b: Iron Hands\n|-damage|p1b: Iron Hands|63\/100\n|\n|-heal|p2b: Gastrodon|46\/100|[from] item: Leftovers\n|upkeep\n|turn|6\n|inactive|dadolss has 30 seconds left.\n|\n|t:|1681907988\n|move|p2b: Gastrodon|Protect|p2b: Gastrodon\n|-singleturn|p2b: Gastrodon|Protect\n|move|p1b: Iron Hands|Fake Out|p2a: Corviknight\n|-resisted|p2a: Corviknight\n|-damage|p2a: Corviknight|85\/100\n|move|p1a: Flutter Mane|Moonblast|p2b: Gastrodon\n|-activate|p2b: Gastrodon|move: Protect\n|cant|p2a: Corviknight|flinch\n|\n|-heal|p2b: Gastrodon|52\/100|[from] item: Leftovers\n|upkeep\n|turn|7\n|\n|t:|1681908010\n|-end|p1a: Flutter Mane|Protosynthesis|[silent]\n|switch|p1a: Amoonguss|Amoonguss, L50, F, tera:Water|53\/100\n|switch|p2b: Amoonguss|Amoonguss, L50, F|46\/100\n|move|p2a: Corviknight|Brave Bird|p1b: Iron Hands\n|-damage|p1b: Iron Hands|0 fnt\n|faint|p1b: Iron Hands\n|-end|p1b: Iron Hands|Quark Drive|[silent]\n|-damage|p2a: Corviknight|62\/100|[from] Recoil\n|\n|upkeep\n|\n|t:|1681908020\n|switch|p1b: Flutter Mane|Flutter Mane, L50|100\/100\n|turn|8\n|\n|t:|1681908036\n|move|p1a: Amoonguss|Rage Powder|p1a: Amoonguss\n|-singleturn|p1a: Amoonguss|move: Rage Powder\n|move|p1b: Flutter Mane|Shadow Ball|p2b: Amoonguss\n|-damage|p2b: Amoonguss|0 fnt\n|faint|p2b: Amoonguss\n|move|p2a: Corviknight|Brave Bird|p1a: Amoonguss\n|-damage|p1a: Amoonguss|0 fnt\n|-damage|p2a: Corviknight|46\/100|[from] item: Rocky Helmet|[of] p1a: Amoonguss\n|faint|p1a: Amoonguss\n|-damage|p2a: Corviknight|27\/100|[from] Recoil\n|\n|upkeep\n|\n|t:|1681908047\n|switch|p1a: Arcanine|Arcanine, L50, F|100\/100\n|switch|p2b: Gastrodon|Gastrodon-East, L50, M|52\/100\n|-ability|p1a: Arcanine|Intimidate|boost\n|-ability|p2a: Corviknight|Mirror Armor\n|-unboost|p1a: Arcanine|atk|1\n|-unboost|p2b: Gastrodon|atk|1\n|turn|9\n|\n|t:|1681908070\n|move|p1a: Arcanine|Protect|p1a: Arcanine\n|-singleturn|p1a: Arcanine|Protect\n|move|p1b: Flutter Mane|Shadow Ball|p2a: Corviknight\n|-damage|p2a: Corviknight|0 fnt\n|faint|p2a: Corviknight\n|move|p2b: Gastrodon|Yawn|p1b: Flutter Mane\n|-start|p1b: Flutter Mane|move: Yawn|[of] p2b: Gastrodon\n|\n|-heal|p2b: Gastrodon|59\/100|[from] item: Leftovers\n|upkeep\n|\n|t:|1681908077\n|switch|p2a: Chi-Yu|Chi-Yu, L50|100\/100\n|-ability|p2a: Chi-Yu|Beads of Ruin\n|turn|10\n|\n|t:|1681908099\n|move|p2a: Chi-Yu|Protect|p2a: Chi-Yu\n|-singleturn|p2a: Chi-Yu|Protect\n|move|p2b: Gastrodon|Protect|p2b: Gastrodon\n|-singleturn|p2b: Gastrodon|Protect\n|move|p1a: Arcanine|Extreme Speed|p2b: Gastrodon\n|-activate|p2b: Gastrodon|move: Protect\n|move|p1b: Flutter Mane|Shadow Ball|p2b: Gastrodon\n|-activate|p2b: Gastrodon|move: Protect\n|\n|-heal|p2b: Gastrodon|65\/100|[from] item: Leftovers\n|-end|p1b: Flutter Mane|move: Yawn|[silent]\n|-status|p1b: Flutter Mane|slp\n|upkeep\n|turn|11\n|\n|t:|1681908116\n|move|p1a: Arcanine|Protect|p1a: Arcanine\n|-singleturn|p1a: Arcanine|Protect\n|cant|p1b: Flutter Mane|slp\n|move|p2a: Chi-Yu|Nasty Plot|p2a: Chi-Yu\n|-boost|p2a: Chi-Yu|spa|2\n|move|p2b: Gastrodon|Earth Power|p1a: Arcanine\n|-activate|p1a: Arcanine|move: Protect\n|\n|-heal|p2b: Gastrodon|71\/100|[from] item: Leftovers\n|upkeep\n|turn|12\n|\n|t:|1681908129\n|move|p1a: Arcanine|Extreme Speed|p2b: Gastrodon\n|-damage|p2b: Gastrodon|53\/100\n|-curestatus|p1b: Flutter Mane|slp|[msg]\n|move|p1b: Flutter Mane|Shadow Ball|p2b: Gastrodon\n|-damage|p2b: Gastrodon|0 fnt\n|faint|p2b: Gastrodon\n|move|p2a: Chi-Yu|Heat Wave|p1b: Flutter Mane|[spread] p1a,p1b\n|-resisted|p1a: Arcanine\n|-damage|p1a: Arcanine|52\/100\n|-damage|p1b: Flutter Mane|3\/100\n|\n|upkeep\n|turn|13\n|\n|t:|1681908148\n|move|p2a: Chi-Yu|Protect|p2a: Chi-Yu\n|-singleturn|p2a: Chi-Yu|Protect\n|move|p1a: Arcanine|Extreme Speed|p2a: Chi-Yu\n|-activate|p2a: Chi-Yu|move: Protect\n|move|p1b: Flutter Mane|Shadow Ball|p2a: Chi-Yu\n|-activate|p2a: Chi-Yu|move: Protect\n|\n|upkeep\n|turn|14\n|\n|t:|1681908164\n|move|p1a: Arcanine|Extreme Speed|p2a: Chi-Yu\n|-damage|p2a: Chi-Yu|79\/100\n|move|p1b: Flutter Mane|Shadow Ball|p2a: Chi-Yu\n|-resisted|p2a: Chi-Yu\n|-damage|p2a: Chi-Yu|48\/100\n|move|p2a: Chi-Yu|Heat Wave|p1a: Arcanine|[spread] p1a,p1b\n|-resisted|p1a: Arcanine\n|-damage|p1a: Arcanine|3\/100\n|-damage|p1b: Flutter Mane|0 fnt\n|-enditem|p1a: Arcanine|Sitrus Berry|[eat]\n|-heal|p1a: Arcanine|27\/100|[from] item: Sitrus Berry\n|faint|p1b: Flutter Mane\n|-end|p1b: Flutter Mane|Protosynthesis|[silent]\n|\n|upkeep\n|turn|15\n|\n|t:|1681908177\n|-terastallize|p2a: Chi-Yu|Ghost\n|move|p1a: Arcanine|Extreme Speed|p2a: Chi-Yu\n|-immune|p2a: Chi-Yu\n|move|p2a: Chi-Yu|Dark Pulse|p1a: Arcanine\n|-damage|p1a: Arcanine|0 fnt\n|faint|p1a: Arcanine\n|\n|win|dadolss\n|raw|kusunokisio's rating: 1342 → 1320<\/strong> (-22 for losing)\n|raw|dadolss's rating: 1302 → 1324<\/strong> (+22 for winning)\n|l|\u2606kusunokisio\n","uploadtime":1681908189,"views":8,"p1id":"kusunokisio","p2id":"dadolss","formatid":"gen9vgc2023regulationc","rating":1320,"private":0,"password":""}