{"id":"gen9vgc2023regulationc-1857992728","p1":"Jimpo01","p2":"Mattando97","format":"[Gen 9] VGC 2023 Regulation C","log":"|j|\u2606Jimpo01\n|j|\u2606Mattando97\n|t:|1683257064\n|gametype|doubles\n|player|p1|Jimpo01|265|\n|player|p2|Mattando97|unknownf|\n|teamsize|p1|6\n|teamsize|p2|6\n|gen|9\n|tier|[Gen 9] VGC 2023 Regulation C\n|rule|Species Clause: Limit one of each Pok\u00e9mon\n|rule|Item Clause: Limit one of each item\n|clearpoke\n|poke|p1|Hydreigon, L50, M|\n|poke|p1|Dragonite, L50, M|\n|poke|p1|Talonflame, L50, F|\n|poke|p1|Ditto, L50|\n|poke|p1|Breloom, L50, F|\n|poke|p1|Weavile, L50, F|\n|poke|p2|Dachsbun, L50, F|\n|poke|p2|Flareon, L50, F|\n|poke|p2|Squawkabilly-Blue, L50, F|\n|poke|p2|Dondozo, L50, F|\n|poke|p2|Tatsugiri-Droopy, L50, F|\n|poke|p2|Iron Treads, L50|\n|teampreview|4\nMattando97 has agreed to open team sheets.\n|\n|t:|1683257094\n|start\n|switch|p1a: Talonflame|Talonflame, L50, F|100\/100\n|switch|p1b: Hydreigon|Hydreigon, L50, M, shiny|100\/100\n|switch|p2a: Fadgie|Dachsbun, L50, F, shiny|100\/100\n|switch|p2b: Nala|Flareon, L50, F|100\/100\n|turn|1\n|\n|t:|1683257158\n|-terastallize|p1b: Hydreigon|Fire\n|move|p1a: Talonflame|Tailwind|p1a: Talonflame\n|-sidestart|p1: Jimpo01|move: Tailwind\n|move|p1b: Hydreigon|Nasty Plot|p1b: Hydreigon\n|-boost|p1b: Hydreigon|spa|2\n|move|p2a: Fadgie|Trailblaze|p1b: Hydreigon\n|-resisted|p1b: Hydreigon\n|-damage|p1b: Hydreigon|94\/100\n|-boost|p2a: Fadgie|spe|1\n|move|p2b: Nala|Lava Plume|p1b: Hydreigon|[spread] p1a,p1b\n|-ability|p2a: Fadgie|Well-Baked Body|boost\n|-boost|p2a: Fadgie|def|2\n|-resisted|p1a: Talonflame\n|-resisted|p1b: Hydreigon\n|-damage|p1a: Talonflame|86\/100\n|-damage|p1b: Hydreigon|79\/100\n|\n|upkeep\n|turn|2\n|\n|t:|1683257183\n|move|p1a: Talonflame|Taunt|p2a: Fadgie\n|-start|p2a: Fadgie|move: Taunt\n|move|p1b: Hydreigon|Nasty Plot|p1b: Hydreigon\n|-boost|p1b: Hydreigon|spa|2\n|move|p2a: Fadgie|Body Press|p1b: Hydreigon\n|-damage|p1b: Hydreigon|26\/100\n|move|p2b: Nala|Lava Plume|p1b: Hydreigon|[spread] p1a,p1b\n|-ability|p2a: Fadgie|Well-Baked Body|boost\n|-boost|p2a: Fadgie|def|2\n|-resisted|p1a: Talonflame\n|-resisted|p1b: Hydreigon\n|-damage|p1a: Talonflame|71\/100\n|-damage|p1b: Hydreigon|10\/100\n|\n|upkeep\n|turn|3\n|\n|t:|1683257212\n|move|p2b: Nala|Protect|p2b: Nala\n|-singleturn|p2b: Nala|Protect\n|move|p1a: Talonflame|Taunt|p2b: Nala\n|-activate|p2b: Nala|move: Protect\n|move|p1b: Hydreigon|Dark Pulse|p2b: Nala\n|-activate|p2b: Nala|move: Protect\n|move|p2a: Fadgie|Body Press|p1b: Hydreigon\n|-damage|p1b: Hydreigon|0 fnt\n|faint|p1b: Hydreigon\n|\n|upkeep\n|\n|t:|1683257226\n|switch|p1b: Ditto|Ditto, L50|100\/100\n|turn|4\n|\n|t:|1683257274\n|switch|p2a: Dozo Express|Dondozo, L50, F, shiny|100\/100\n|-terastallize|p2b: Nala|Normal\n|move|p1a: Talonflame|Taunt|p2b: Nala\n|-start|p2b: Nala|move: Taunt\n|move|p1b: Ditto|Transform|p2a: Dozo Express\n|-transform|p1b: Ditto|p2a: Dozo Express\n|move|p2b: Nala|Facade|p1b: Ditto\n|-damage|p1b: Ditto|65\/100\n|-enditem|p1b: Ditto|Red Card|[of] p2b: Nala\n|drag|p2b: Fadgie|Dachsbun, L50, F, shiny|100\/100\n|\n|-sideend|p1: Jimpo01|move: Tailwind\n|upkeep\n|turn|5\n|\n|t:|1683257326\n|switch|p2b: Donductor|Tatsugiri-Droopy, L50, F, shiny|100\/100\n|-activate|p2b: Donductor|ability: Commander|[of] p2a: Dozo Express\n|-boost|p2a: Dozo Express|atk|2\n|-boost|p2a: Dozo Express|spa|2\n|-boost|p2a: Dozo Express|spe|2\n|-boost|p2a: Dozo Express|def|2\n|-boost|p2a: Dozo Express|spd|2\n|move|p1a: Talonflame|Taunt|p2b: Donductor|[miss]\n|-miss|p1a: Talonflame|p2b: Donductor\n|move|p2a: Dozo Express|Wave Crash|p1a: Talonflame\n|-supereffective|p1a: Talonflame\n|-damage|p1a: Talonflame|0 fnt\n|-status|p2a: Dozo Express|brn|[from] ability: Flame Body|[of] p1a: Talonflame\n|faint|p1a: Talonflame\n|-damage|p2a: Dozo Express|83\/100 brn|[from] Recoil\n|move|p1b: Ditto|Body Press|p2a: Dozo Express\n|-damage|p2a: Dozo Express|68\/100 brn\n|\n|-damage|p2a: Dozo Express|62\/100 brn|[from] brn\n|upkeep\n|\n|t:|1683257349\n|switch|p1a: Breloom|Breloom, L50, F|100\/100\n|turn|6\n|\n|t:|1683257367\n|move|p2a: Dozo Express|Order Up|p1a: Breloom\n|-damage|p1a: Breloom|69\/100\n|-boost|p2a: Dozo Express|def|1\n|move|p1a: Breloom|Bullet Seed|p2a: Dozo Express\n|-supereffective|p2a: Dozo Express\n|-damage|p2a: Dozo Express|50\/100 brn\n|-supereffective|p2a: Dozo Express\n|-damage|p2a: Dozo Express|39\/100 brn\n|-supereffective|p2a: Dozo Express\n|-damage|p2a: Dozo Express|24\/100 brn\n|-supereffective|p2a: Dozo Express\n|-damage|p2a: Dozo Express|11\/100 brn\n|-hitcount|p2a: Dozo Express|4\n|move|p1b: Ditto|Order Up|p2a: Dozo Express\n|-damage|p2a: Dozo Express|0 fnt\n|faint|p2a: Dozo Express\n|\n|upkeep\n|\n|t:|1683257382\n|switch|p2a: Nala|Flareon, L50, F, tera:Normal|100\/100\n|turn|7\n|\n|t:|1683257395\n|move|p2a: Nala|Protect|p2a: Nala\n|-singleturn|p2a: Nala|Protect\n|move|p2b: Donductor|Icy Wind|p1b: Ditto|[spread] p1a,p1b\n|-supereffective|p1a: Breloom\n|-resisted|p1b: Ditto\n|-damage|p1a: Breloom|18\/100\n|-damage|p1b: Ditto|54\/100\n|-unboost|p1a: Breloom|spe|1\n|-unboost|p1b: Ditto|spe|1\n|move|p1a: Breloom|Bullet Seed|p2b: Donductor\n|-damage|p2b: Donductor|63\/100\n|-damage|p2b: Donductor|27\/100\n|-damage|p2b: Donductor|0 fnt\n|faint|p2b: Donductor\n|-hitcount|p2: Donductor|3\n|move|p1b: Ditto|Wave Crash|p2a: Nala\n|-activate|p2a: Nala|move: Protect\n|\n|-status|p2a: Nala|brn|[from] item: Flame Orb\n|upkeep\n|\n|t:|1683257404\n|switch|p2b: Fadgie|Dachsbun, L50, F, shiny|100\/100\n|turn|8\n|\n|t:|1683257430\n|move|p2b: Fadgie|Trailblaze|p1a: Breloom\n|-resisted|p1a: Breloom\n|-damage|p1a: Breloom|9\/100\n|-boost|p2b: Fadgie|spe|1\n|move|p2a: Nala|Lava Plume|p1b: Ditto|[spread] p1a,p1b\n|-ability|p2b: Fadgie|Well-Baked Body|boost\n|-boost|p2b: Fadgie|def|2\n|-supereffective|p1a: Breloom\n|-resisted|p1b: Ditto\n|-damage|p1a: Breloom|0 fnt\n|-damage|p1b: Ditto|33\/100\n|-status|p1b: Ditto|brn\n|faint|p1a: Breloom\n|move|p1b: Ditto|Wave Crash|p2a: Nala\n|-damage|p2a: Nala|43\/100 brn\n|-damage|p1b: Ditto|15\/100 brn|[from] Recoil\n|\n|-damage|p2a: Nala|37\/100 brn|[from] brn\n|-damage|p1b: Ditto|10\/100 brn|[from] brn\n|upkeep\n|turn|9\n|\n|t:|1683257451\n|move|p2b: Fadgie|Trailblaze|p1b: Ditto\n|-supereffective|p1b: Ditto\n|-damage|p1b: Ditto|0 fnt\n|-boost|p2b: Fadgie|spe|1\n|faint|p1b: Ditto\n|\n|win|Mattando97\n","uploadtime":1683257458,"views":13,"p1id":"jimpo01","p2id":"mattando97","formatid":"gen9vgc2023regulationc","rating":0,"private":0,"password":""}