{"id":"gen9vgc2023regulationc-1851904367","p1":"PixelMaster98146","p2":"haha u rage quit","format":"[Gen 9] VGC 2023 Regulation C","log":"|j|\u2606PixelMaster98146\n|j|\u2606haha u rage quit\n|t:|1682503599\n|gametype|doubles\n|player|p1|PixelMaster98146|palmer|1438\n|player|p2|haha u rage quit|pokemaniac|1457\n|teamsize|p1|6\n|teamsize|p2|6\n|gen|9\n|tier|[Gen 9] VGC 2023 Regulation C\n|rated|\n|rule|Species Clause: Limit one of each Pok\u00e9mon\n|rule|Item Clause: Limit one of each item\n|clearpoke\n|poke|p1|Murkrow, L50, M|\n|poke|p1|Baxcalibur, L50, F|\n|poke|p1|Flutter Mane, L50|\n|poke|p1|Ting-Lu, L50|\n|poke|p1|Arcanine, L50, F|\n|poke|p1|Palafin, L50, F|\n|poke|p2|Glimmora, L50, M|\n|poke|p2|Iron Bundle, L50|\n|poke|p2|Dondozo, L50, M|\n|poke|p2|Dragonite, L50, M|\n|poke|p2|Tatsugiri-Droopy, L50, M|\n|poke|p2|Chi-Yu, L50|\n|teampreview|4\nPixelMaster98146 has agreed to open team sheets.\n|inactive|Battle timer is ON: inactive players will automatically lose when time's up. (requested by haha u rage quit)\n|\n|t:|1682503640\n|start\n|switch|p1a: Baxcalibur|Baxcalibur, L50, F|100\/100\n|switch|p1b: Mischief|Flutter Mane, L50|100\/100\n|switch|p2a: Iron Bundle|Iron Bundle, L50, shiny|100\/100\n|switch|p2b: Dragonite|Dragonite, L50, M|100\/100\n|-enditem|p2a: Iron Bundle|Booster Energy\n|-activate|p2a: Iron Bundle|ability: Quark Drive|[fromitem]\n|-start|p2a: Iron Bundle|quarkdrivespe\n|-enditem|p1b: Mischief|Booster Energy\n|-activate|p1b: Mischief|ability: Protosynthesis|[fromitem]\n|-start|p1b: Mischief|protosynthesisspa\n|turn|1\n|inactive|haha u rage quit has 30 seconds left.\n|\n|t:|1682503668\n|move|p2a: Iron Bundle|Protect|p2a: Iron Bundle\n|-singleturn|p2a: Iron Bundle|Protect\n|move|p1a: Baxcalibur|Ice Shard|p2b: Dragonite\n|-supereffective|p2b: Dragonite\n|-damage|p2b: Dragonite|49\/100\n|move|p1b: Mischief|Dazzling Gleam|p2b: Dragonite|[spread] p2b\n|-activate|p2a: Iron Bundle|move: Protect\n|-supereffective|p2b: Dragonite\n|-damage|p2b: Dragonite|0 fnt\n|faint|p2b: Dragonite\n|\n|upkeep\n|\n|t:|1682503678\n|switch|p2b: Dondozo|Dondozo, L50, M|100\/100\n|turn|2\n|\n|t:|1682503697\n|-end|p2a: Iron Bundle|Quark Drive|[silent]\n|switch|p2a: Tatsugiri|Tatsugiri-Droopy, L50, M|100\/100\n|-activate|p2a: Tatsugiri|ability: Commander|[of] p2b: Dondozo\n|-boost|p2b: Dondozo|atk|2\n|-boost|p2b: Dondozo|spa|2\n|-boost|p2b: Dondozo|spe|2\n|-boost|p2b: Dondozo|def|2\n|-boost|p2b: Dondozo|spd|2\n|-terastallize|p1b: Mischief|Fairy\n|move|p1b: Mischief|Moonblast|p2b: Dondozo\n|-damage|p2b: Dondozo|62\/100\n|move|p2b: Dondozo|Wave Crash|p1b: Mischief\n|-damage|p1b: Mischief|0 fnt\n|faint|p1b: Mischief\n|-end|p1b: Mischief|Protosynthesis|[silent]\n|-damage|p2b: Dondozo|39\/100|[from] Recoil\n|move|p1a: Baxcalibur|Glaive Rush|p2b: Dondozo\n|-damage|p2b: Dondozo|13\/100\n|-singlemove|p1a: Baxcalibur|Glaive Rush|[silent]\n|\n|-heal|p2b: Dondozo|19\/100|[from] item: Leftovers\n|upkeep\n|\n|t:|1682503716\n|switch|p1b: Mafia|Murkrow, L50, M|100\/100\n|turn|3\n|\n|t:|1682503736\n|move|p1b: Mafia|Feather Dance|p2b: Dondozo\n|-unboost|p2b: Dondozo|atk|2\n|move|p1a: Baxcalibur|Ice Shard|p2b: Dondozo\n|-resisted|p2b: Dondozo\n|-crit|p2b: Dondozo\n|-damage|p2b: Dondozo|6\/100\n|move|p2b: Dondozo|Wave Crash|p1a: Baxcalibur\n|-resisted|p1a: Baxcalibur\n|-damage|p1a: Baxcalibur|79\/100\n|-damage|p2b: Dondozo|0 fnt|[from] Recoil\n|faint|p2b: Dondozo\n|\n|upkeep\n|\n|t:|1682503749\n|switch|p2b: Iron Bundle|Iron Bundle, L50, shiny|100\/100\n|turn|4\n|inactive|PixelMaster98146 has 30 seconds left.\n|inactive|PixelMaster98146 has 20 seconds left.\n|\n|t:|1682503793\n|switch|p1b: Bowlhead|Ting-Lu, L50|100\/100\n|-ability|p1b: Bowlhead|Vessel of Ruin\n|-terastallize|p2a: Tatsugiri|Steel\n|move|p2a: Tatsugiri|Draco Meteor|p1a: Baxcalibur|[miss]\n|-miss|p2a: Tatsugiri|p1a: Baxcalibur\n|move|p2b: Iron Bundle|Freeze-Dry|p1b: Bowlhead\n|-supereffective|p1b: Bowlhead\n|-damage|p1b: Bowlhead|59\/100\n|move|p1a: Baxcalibur|Glaive Rush|p2b: Iron Bundle\n|-damage|p2b: Iron Bundle|13\/100\n|-singlemove|p1a: Baxcalibur|Glaive Rush|[silent]\n|\n|upkeep\n|turn|5\n|inactive|haha u rage quit has 30 seconds left.\n|\n|t:|1682503826\n|move|p1a: Baxcalibur|Ice Shard|p2b: Iron Bundle\n|-resisted|p2b: Iron Bundle\n|-damage|p2b: Iron Bundle|6\/100\n|move|p2a: Tatsugiri|Draco Meteor|p1a: Baxcalibur\n|-supereffective|p1a: Baxcalibur\n|-damage|p1a: Baxcalibur|21\/100\n|-unboost|p2a: Tatsugiri|spa|2\n|move|p2b: Iron Bundle|Hydro Pump|p1b: Bowlhead|[miss]\n|-miss|p2b: Iron Bundle|p1b: Bowlhead\n|move|p1b: Bowlhead|Stomping Tantrum|p2a: Tatsugiri\n|-supereffective|p2a: Tatsugiri\n|-damage|p2a: Tatsugiri|0 fnt\n|faint|p2a: Tatsugiri\n|\n|upkeep\n|turn|6\n|-message|haha u rage quit forfeited.\n|\n|win|PixelMaster98146\n|raw|PixelMaster98146's rating: 1438 → 1459<\/strong> (+21 for winning)\n|raw|haha u rage quit's rating: 1457 → 1436<\/strong> (-21 for losing)\n|l|\u2606haha u rage quit\n","uploadtime":1682503846,"views":9,"p1id":"pixelmaster98146","p2id":"hahauragequit","formatid":"gen9vgc2023regulationc","rating":1436,"private":0,"password":""}