{"id":"gen9vgc2023regulationc-1844976886","p1":"CoolSpot_VGC","p2":"jhimbo2100","format":"[Gen 9] VGC 2023 Regulation C","log":"|j|\u2606CoolSpot_VGC\n|j|\u2606jhimbo2100\n|t:|1681670150\n|gametype|doubles\n|player|p1|CoolSpot_VGC|bellelba|1312\n|player|p2|jhimbo2100|101|1348\n|teamsize|p1|6\n|teamsize|p2|6\n|gen|9\n|tier|[Gen 9] VGC 2023 Regulation C\n|rated|\n|rule|Species Clause: Limit one of each Pok\u00e9mon\n|rule|Item Clause: Limit one of each item\n|clearpoke\n|poke|p1|Klefki, L50, F|\n|poke|p1|Chien-Pao, L50|\n|poke|p1|Tyranitar, L50, F|\n|poke|p1|Amoonguss, L50, F|\n|poke|p1|Flutter Mane, L50|\n|poke|p1|Gyarados, L50, M|\n|poke|p2|Wo-Chien, L50|\n|poke|p2|Garganacl, L50, F|\n|poke|p2|Palafin, L50, M|\n|poke|p2|Annihilape, L50, F|\n|poke|p2|Maushold-Four, L50|\n|poke|p2|Iron Hands, L50|\n|teampreview|4\nCoolSpot_VGC has agreed to open team sheets.\njhimbo2100 has agreed to open team sheets.\n|\n|t:|1681670197\n|start\n|switch|p1a: Klefki|Klefki, L50, F|100\/100\n|switch|p1b: Chien-Pao|Chien-Pao, L50|100\/100\n|switch|p2a: Iron Hands|Iron Hands, L50|100\/100\n|switch|p2b: Palafin|Palafin, L50, M|100\/100\n|-ability|p1b: Chien-Pao|Sword of Ruin\n|turn|1\n|\n|t:|1681670236\n|-terastallize|p1b: Chien-Pao|Ghost\n|-terastallize|p2b: Palafin|Water\n|move|p2a: Iron Hands|Fake Out|p1a: Klefki\n|-resisted|p1a: Klefki\n|-damage|p1a: Klefki|92\/100\n|move|p2b: Palafin|Jet Punch|p1b: Chien-Pao\n|-damage|p1b: Chien-Pao|44\/100\n|cant|p1a: Klefki|flinch\n|move|p1b: Chien-Pao|Sacred Sword|p2b: Palafin\n|-damage|p2b: Palafin|46\/100\n|-damage|p1b: Chien-Pao|34\/100|[from] item: Life Orb\n|\n|upkeep\n|turn|2\n|\n|t:|1681670275\n|switch|p1b: Amoonguss|Amoonguss, L50, F|100\/100\n|detailschange|p2b: Palafin|Palafin-Hero, L50, M, tera:Water\n|switch|p2b: Annihilape|Annihilape, L50, F|100\/100\n|move|p1a: Klefki|Dazzling Gleam|p2a: Iron Hands|[spread] p2a,p2b\n|-supereffective|p2a: Iron Hands\n|-supereffective|p2b: Annihilape\n|-damage|p2a: Iron Hands|82\/100\n|-damage|p2b: Annihilape|77\/100\n|move|p2a: Iron Hands|Volt Switch|p1a: Klefki\n|-crit|p1a: Klefki\n|-damage|p1a: Klefki|66\/100\n|\n|t:|1681670280\n|-end|p2a: Iron Hands|Quark Drive|[silent]\n|switch|p2a: Maushold|Maushold-Four, L50|100\/100|[from] Volt Switch\n|\n|-heal|p2b: Annihilape|83\/100|[from] item: Leftovers\n|upkeep\n|turn|3\n|\n|t:|1681670323\n|switch|p1b: Flutter Mane|Flutter Mane, L50|100\/100\n|-enditem|p1b: Flutter Mane|Booster Energy\n|-activate|p1b: Flutter Mane|ability: Protosynthesis|[fromitem]\n|-start|p1b: Flutter Mane|protosynthesisspa\n|move|p2a: Maushold|Protect|p2a: Maushold\n|-singleturn|p2a: Maushold|Protect\n|move|p1a: Klefki|Reflect|p1a: Klefki\n|-sidestart|p1: CoolSpot_VGC|Reflect\n|move|p2b: Annihilape|Bulk Up|p2b: Annihilape\n|-boost|p2b: Annihilape|atk|1\n|-boost|p2b: Annihilape|def|1\n|\n|-heal|p2b: Annihilape|89\/100|[from] item: Leftovers\n|upkeep\n|turn|4\n|\n|t:|1681670339\n|move|p1b: Flutter Mane|Protect|p1b: Flutter Mane\n|-singleturn|p1b: Flutter Mane|Protect\n|move|p2a: Maushold|Follow Me|p2a: Maushold\n|-singleturn|p2a: Maushold|move: Follow Me\n|move|p1a: Klefki|Thunder Wave|p2a: Maushold\n|-status|p2a: Maushold|par\n|move|p2b: Annihilape|Rage Fist|p1b: Flutter Mane\n|-activate|p1b: Flutter Mane|move: Protect\n|\n|-heal|p2b: Annihilape|95\/100|[from] item: Leftovers\n|upkeep\n|turn|5\n|\n|t:|1681670374\n|switch|p1a: Amoonguss|Amoonguss, L50, F|100\/100\n|move|p2a: Maushold|Follow Me|p2a: Maushold\n|-singleturn|p2a: Maushold|move: Follow Me\n|move|p1b: Flutter Mane|Moonblast|p2a: Maushold\n|-damage|p2a: Maushold|36\/100 par\n|move|p2b: Annihilape|Rage Fist|p1b: Flutter Mane\n|-supereffective|p1b: Flutter Mane\n|-damage|p1b: Flutter Mane|0 fnt\n|faint|p1b: Flutter Mane\n|-end|p1b: Flutter Mane|Protosynthesis|[silent]\n|\n|-heal|p2b: Annihilape|100\/100|[from] item: Leftovers\n|upkeep\n|\n|t:|1681670379\n|switch|p1b: Chien-Pao|Chien-Pao, L50, tera:Ghost|34\/100\n|-ability|p1b: Chien-Pao|Sword of Ruin\n|turn|6\n|\n|t:|1681670410\n|cant|p2a: Maushold|par\n|move|p1a: Amoonguss|Rage Powder|p1a: Amoonguss\n|-singleturn|p1a: Amoonguss|move: Rage Powder\n|move|p1b: Chien-Pao|Sacred Sword|p2a: Maushold\n|-supereffective|p2a: Maushold\n|-damage|p2a: Maushold|0 fnt\n|faint|p2a: Maushold\n|-damage|p1b: Chien-Pao|24\/100|[from] item: Life Orb\n|move|p2b: Annihilape|Bulk Up|p2b: Annihilape\n|-boost|p2b: Annihilape|atk|1\n|-boost|p2b: Annihilape|def|1\n|\n|upkeep\n|\n|t:|1681670420\n|switch|p2a: Iron Hands|Iron Hands, L50|82\/100\n|turn|7\n|\n|t:|1681670455\n|move|p1b: Chien-Pao|Protect|p1b: Chien-Pao\n|-singleturn|p1b: Chien-Pao|Protect\n|move|p2a: Iron Hands|Fake Out|p1a: Amoonguss\n|-damage|p1a: Amoonguss|90\/100\n|move|p2b: Annihilape|Rage Fist|p1b: Chien-Pao\n|-activate|p1b: Chien-Pao|move: Protect\n|cant|p1a: Amoonguss|flinch\n|\n|upkeep\n|turn|8\n|c|\u2606CoolSpot_VGC|yea i misplayed hard\n|c|\u2606CoolSpot_VGC|shouldnt focus on two things at once\n|c|\u2606CoolSpot_VGC|gg\n|inactive|Battle timer is ON: inactive players will automatically lose when time's up. (requested by CoolSpot_VGC)\n|\n|t:|1681670503\n|move|p1a: Amoonguss|Rage Powder|p1a: Amoonguss\n|-singleturn|p1a: Amoonguss|move: Rage Powder\n|move|p1b: Chien-Pao|Ice Spinner|p2b: Annihilape\n|-damage|p2b: Annihilape|64\/100\n|-damage|p1b: Chien-Pao|15\/100|[from] item: Life Orb\n|move|p2b: Annihilape|Rage Fist|p1a: Amoonguss\n|-damage|p1a: Amoonguss|0 fnt\n|faint|p1a: Amoonguss\n|move|p2a: Iron Hands|Wild Charge|p1b: Chien-Pao\n|-damage|p1b: Chien-Pao|0 fnt\n|faint|p1b: Chien-Pao\n|-damage|p2a: Iron Hands|80\/100|[from] Recoil\n|\n|-heal|p2b: Annihilape|70\/100|[from] item: Leftovers\n|upkeep\n|\n|t:|1681670508\n|switch|p1b: Klefki|Klefki, L50, F|66\/100\n|turn|9\n|c|\u2606jhimbo2100|gg\n|c|\u2606jhimbo2100|its ok\n|c|\u2606jhimbo2100|i do it all the time\n|c|\u2606jhimbo2100|play wow and play showdown\n|c|\u2606jhimbo2100|it happens\n|\n|t:|1681670533\n|move|p2b: Annihilape|Rage Fist|p1b: Klefki\n|-damage|p1b: Klefki|0 fnt\n|faint|p1b: Klefki\n|\n|win|jhimbo2100\n|raw|CoolSpot_VGC's rating: 1312 → 1294<\/strong> (-18 for losing)\n|raw|jhimbo2100's rating: 1348 → 1366<\/strong> (+18 for winning)\n|l|\u2606jhimbo2100\n","uploadtime":1681670612,"views":7,"p1id":"coolspotvgc","p2id":"jhimbo2100","formatid":"gen9vgc2023regulationc","rating":1294,"private":0,"password":""}