{"id":"gen9vgc2023regulationc-1850673437","p1":"Mangel79","p2":"Insertable194","format":"[Gen 9] VGC 2023 Regulation C","log":"|j|\u2606Mangel79\n|j|\u2606Insertable194\n|t:|1682358011\n|gametype|doubles\n|player|p1|Mangel79|iris-gen5bw2|1304\n|player|p2|Insertable194|hilbert-wonderlauncher|1394\n|teamsize|p1|6\n|teamsize|p2|6\n|gen|9\n|tier|[Gen 9] VGC 2023 Regulation C\n|rated|\n|rule|Species Clause: Limit one of each Pok\u00e9mon\n|rule|Item Clause: Limit one of each item\n|clearpoke\n|poke|p1|Flutter Mane, L50|\n|poke|p1|Palafin, L50, M|\n|poke|p1|Ting-Lu, L50|\n|poke|p1|Arcanine, L50, F|\n|poke|p1|Amoonguss, L50, F|\n|poke|p1|Iron Hands, L50|\n|poke|p2|Ting-Lu, L50|\n|poke|p2|Palafin, L50, M|\n|poke|p2|Amoonguss, L50, F|\n|poke|p2|Arcanine, L50, F|\n|poke|p2|Flutter Mane, L50|\n|poke|p2|Iron Hands, L50|\n|teampreview|4\nInsertable194 has agreed to open team sheets.\n|inactive|Battle timer is ON: inactive players will automatically lose when time's up. (requested by Insertable194)\n|inactive|Mangel79 has 60 seconds left.\n|c|\u2606Insertable194|glhf\n|\n|t:|1682358054\n|start\n|switch|p1a: Palafin|Palafin, L50, M, shiny|100\/100\n|switch|p1b: Arcanine|Arcanine, L50, F, shiny|100\/100\n|switch|p2a: Amoonguss|Amoonguss, L50, F|100\/100\n|switch|p2b: Palafin|Palafin, L50, M, shiny|100\/100\n|-ability|p1b: Arcanine|Intimidate|boost\n|-unboost|p2a: Amoonguss|atk|1\n|-unboost|p2b: Palafin|atk|1\n|turn|1\n|\n|t:|1682358078\n|detailschange|p2b: Palafin|Palafin-Hero, L50, M, shiny\n|switch|p2b: Arcanine|Arcanine, L50, F|100\/100\n|-ability|p2b: Arcanine|Intimidate|boost\n|-unboost|p1a: Palafin|atk|1\n|-unboost|p1b: Arcanine|atk|1\n|detailschange|p1a: Palafin|Palafin-Hero, L50, M, shiny\n|switch|p1a: Amoonguss|Amoonguss, L50, F|100\/100\n|move|p1b: Arcanine|Will-O-Wisp|p2b: Arcanine\n|-immune|p2b: Arcanine\n|move|p2a: Amoonguss|Spore|p1a: Amoonguss\n|-immune|p1a: Amoonguss\n|\n|upkeep\n|turn|2\n|c|\u2606Mangel79|GL\n|inactive|Insertable194 has 30 seconds left.\n|inactive|Mangel79 has 30 seconds left.\n|\n|t:|1682358111\n|move|p1b: Arcanine|Protect|p1b: Arcanine\n|-singleturn|p1b: Arcanine|Protect\n|move|p1a: Amoonguss|Protect|p1a: Amoonguss\n|-singleturn|p1a: Amoonguss|Protect\n|move|p2b: Arcanine|Will-O-Wisp|p1a: Amoonguss\n|-activate|p1a: Amoonguss|move: Protect\n|move|p2a: Amoonguss|Spore|p1b: Arcanine\n|-activate|p1b: Arcanine|move: Protect\n|\n|upkeep\n|turn|3\n|\n|t:|1682358123\n|switch|p1b: Palafin|Palafin-Hero, L50, M, shiny|100\/100\n|-activate|p1b: Palafin|ability: Zero to Hero\n|move|p1a: Amoonguss|Rage Powder|p1a: Amoonguss\n|-singleturn|p1a: Amoonguss|move: Rage Powder\n|move|p2b: Arcanine|Flare Blitz|p1a: Amoonguss\n|-supereffective|p1a: Amoonguss\n|-damage|p1a: Amoonguss|5\/100\n|-damage|p2b: Arcanine|84\/100|[from] item: Rocky Helmet|[of] p1a: Amoonguss\n|-damage|p2b: Arcanine|49\/100|[from] Recoil\n|move|p2a: Amoonguss|Spore|p1b: Palafin\n|-status|p1b: Palafin|slp|[from] move: Spore\n|\n|upkeep\n|turn|4\n|\n|t:|1682358143\n|switch|p1b: Ting-Lu|Ting-Lu, L50|100\/100\n|-ability|p1b: Ting-Lu|Vessel of Ruin\n|switch|p1a: Arcanine|Arcanine, L50, F, shiny|100\/100\n|-ability|p1a: Arcanine|Intimidate|boost\n|-unboost|p2a: Amoonguss|atk|1\n|-unboost|p2b: Arcanine|atk|1\n|move|p2b: Arcanine|Extreme Speed|p1a: Arcanine\n|-damage|p1a: Arcanine|85\/100\n|move|p2a: Amoonguss|Pollen Puff|p2b: Arcanine\n|-heal|p2b: Arcanine|98\/100\n|\n|upkeep\n|turn|5\n|inactive|Insertable194 has 30 seconds left.\n|\n|t:|1682358172\n|switch|p1b: Amoonguss|Amoonguss, L50, F|38\/100\n|-terastallize|p2b: Arcanine|Flying\n|move|p2a: Amoonguss|Protect|p2a: Amoonguss\n|-singleturn|p2a: Amoonguss|Protect\n|move|p2b: Arcanine|Will-O-Wisp|p1b: Amoonguss\n|-status|p1b: Amoonguss|brn\n|move|p1a: Arcanine|Flare Blitz|p2a: Amoonguss\n|-activate|p2a: Amoonguss|move: Protect\n|\n|-damage|p1b: Amoonguss|32\/100 brn|[from] brn\n|upkeep\n|turn|6\n|\n|t:|1682358189\n|switch|p2a: Palafin|Palafin-Hero, L50, M, shiny|100\/100\n|-activate|p2a: Palafin|ability: Zero to Hero\n|switch|p1b: Ting-Lu|Ting-Lu, L50|100\/100\n|-ability|p1b: Ting-Lu|Vessel of Ruin\n|move|p2b: Arcanine|Flare Blitz|p1b: Ting-Lu\n|-damage|p1b: Ting-Lu|78\/100\n|-damage|p2b: Arcanine|89\/100|[from] Recoil\n|move|p1a: Arcanine|Will-O-Wisp|p2b: Arcanine\n|-status|p2b: Arcanine|brn\n|\n|-heal|p1b: Ting-Lu|84\/100|[from] item: Leftovers\n|-damage|p2b: Arcanine|83\/100 brn|[from] brn\n|upkeep\n|turn|7\n|inactive|Insertable194 has 30 seconds left.\n|\n|t:|1682358216\n|switch|p1b: Palafin|Palafin-Hero, L50, M, shiny|100\/100 slp\n|move|p1a: Arcanine|Protect|p1a: Arcanine\n|-singleturn|p1a: Arcanine|Protect\n|move|p2b: Arcanine|Will-O-Wisp||[still]\n|-fail|p2b: Arcanine\n|move|p2a: Palafin|Wave Crash|p1a: Arcanine\n|-activate|p1a: Arcanine|move: Protect\n|\n|-damage|p2b: Arcanine|77\/100 brn|[from] brn\n|upkeep\n|turn|8\n|\n|t:|1682358236\n|switch|p2b: Flutter Mane|Flutter Mane, L50|100\/100\n|switch|p1a: Amoonguss|Amoonguss, L50, F|65\/100 brn\n|cant|p1b: Palafin|slp\n|move|p2a: Palafin|Taunt|p1a: Amoonguss\n|-start|p1a: Amoonguss|move: Taunt\n|\n|-damage|p1a: Amoonguss|59\/100 brn|[from] brn\n|upkeep\n|turn|9\n|inactive|Insertable194 has 30 seconds left.\n|inactive|Insertable194 has 20 seconds left.\n|\n|t:|1682358273\n|switch|p2a: Arcanine|Arcanine, L50, F, tera:Flying|77\/100 brn\n|-ability|p2a: Arcanine|Intimidate|boost\n|-unboost|p1a: Amoonguss|atk|1\n|-unboost|p1b: Palafin|atk|1\n|switch|p1a: Arcanine|Arcanine, L50, F, shiny|85\/100\n|-ability|p1a: Arcanine|Intimidate|boost\n|-unboost|p2a: Arcanine|atk|1\n|-unboost|p2b: Flutter Mane|atk|1\n|move|p2b: Flutter Mane|Moonblast|p1b: Palafin\n|-damage|p1b: Palafin|36\/100 slp\n|cant|p1b: Palafin|slp\n|\n|-damage|p2a: Arcanine|71\/100 brn|[from] brn\n|upkeep\n|turn|10\n|inactive|Insertable194 has 30 seconds left.\n|inactive|Insertable194 has 20 seconds left.\n|\n|t:|1682358313\n|switch|p2a: Palafin|Palafin-Hero, L50, M, shiny|100\/100\n|-curestatus|p1b: Palafin|slp|[msg]\n|move|p1b: Palafin|Protect|p1b: Palafin\n|-singleturn|p1b: Palafin|Protect\n|move|p2b: Flutter Mane|Moonblast|p1b: Palafin\n|-activate|p1b: Palafin|move: Protect\n|move|p1a: Arcanine|Flare Blitz|p2b: Flutter Mane\n|-damage|p2b: Flutter Mane|17\/100\n|-damage|p1a: Arcanine|62\/100|[from] Recoil\n|\n|upkeep\n|turn|11\n|\n|t:|1682358334\n|-end|p2b: Flutter Mane|Protosynthesis|[silent]\n|switch|p2b: Amoonguss|Amoonguss, L50, F|100\/100\n|switch|p1a: Amoonguss|Amoonguss, L50, F|92\/100 brn\n|move|p1b: Palafin|Jet Punch|p2b: Amoonguss\n|-resisted|p2b: Amoonguss\n|-damage|p2b: Amoonguss|87\/100\n|move|p2a: Palafin|Wave Crash|p1b: Palafin\n|-resisted|p1b: Palafin\n|-crit|p1b: Palafin\n|-damage|p1b: Palafin|0 fnt\n|faint|p1b: Palafin\n|-damage|p2a: Palafin|88\/100|[from] Recoil\n|\n|-damage|p1a: Amoonguss|86\/100 brn|[from] brn\n|upkeep\n|\n|t:|1682358338\n|switch|p1b: Arcanine|Arcanine, L50, F, shiny|62\/100\n|-ability|p1b: Arcanine|Intimidate|boost\n|-unboost|p2a: Palafin|atk|1\n|-unboost|p2b: Amoonguss|atk|1\n|turn|12\n|inactive|Mangel79 has 30 seconds left.\n|inactive|Mangel79 has 20 seconds left.\n|inactive|Mangel79 has 15 seconds left.\n|\n|t:|1682358379\n|switch|p2a: Arcanine|Arcanine, L50, F, tera:Flying|71\/100 brn\n|-ability|p2a: Arcanine|Intimidate|boost\n|-unboost|p1a: Amoonguss|atk|1\n|-unboost|p1b: Arcanine|atk|1\n|-terastallize|p1b: Arcanine|Water\n|move|p1b: Arcanine|Flare Blitz|p2b: Amoonguss\n|-supereffective|p2b: Amoonguss\n|-damage|p2b: Amoonguss|33\/100\n|-enditem|p2b: Amoonguss|Sitrus Berry|[eat]\n|-heal|p2b: Amoonguss|58\/100|[from] item: Sitrus Berry\n|-damage|p1b: Arcanine|43\/100|[from] Recoil\n|move|p2b: Amoonguss|Spore|p1b: Arcanine\n|-activate|p1b: Arcanine|item: Safety Goggles|Spore\n|move|p1a: Amoonguss|Spore||[still]\n|-fail|p1a: Amoonguss\n|\n|-damage|p2a: Arcanine|64\/100 brn|[from] brn\n|-damage|p1a: Amoonguss|80\/100 brn|[from] brn\n|upkeep\n|turn|13\n|inactive|Mangel79 has 30 seconds left.\n|inactive|Insertable194 has 30 seconds left.\n|inactive|Insertable194 has 20 seconds left.\n|\n|t:|1682358418\n|switch|p2b: Palafin|Palafin-Hero, L50, M, shiny|88\/100\n|move|p2a: Arcanine|Will-O-Wisp|p1b: Arcanine\n|-status|p1b: Arcanine|brn\n|move|p1b: Arcanine|Will-O-Wisp|p2b: Palafin|[miss]\n|-miss|p1b: Arcanine|p2b: Palafin\n|move|p1a: Amoonguss|Pollen Puff|p1b: Arcanine\n|-heal|p1b: Arcanine|93\/100 brn\n|\n|-damage|p2a: Arcanine|58\/100 brn|[from] brn\n|-damage|p1b: Arcanine|87\/100 brn|[from] brn\n|-damage|p1a: Amoonguss|74\/100 brn|[from] brn\n|upkeep\n|turn|14\n|inactive|Insertable194 has 30 seconds left.\n|inactive|Insertable194 has 20 seconds left.\n|\n|t:|1682358458\n|switch|p2a: Amoonguss|Amoonguss, L50, F|92\/100\n|move|p2b: Palafin|Protect|p2b: Palafin\n|-singleturn|p2b: Palafin|Protect\n|move|p1b: Arcanine|Will-O-Wisp|p2b: Palafin\n|-activate|p2b: Palafin|move: Protect\n|move|p1a: Amoonguss|Pollen Puff|p1b: Arcanine\n|-heal|p1b: Arcanine|100\/100 brn\n|\n|-damage|p1b: Arcanine|94\/100 brn|[from] brn\n|-damage|p1a: Amoonguss|68\/100 brn|[from] brn\n|upkeep\n|turn|15\n|\n|t:|1682358476\n|switch|p1b: Ting-Lu|Ting-Lu, L50|84\/100\n|-ability|p1b: Ting-Lu|Vessel of Ruin\n|move|p2b: Palafin|Taunt|p1b: Ting-Lu\n|-start|p1b: Ting-Lu|move: Taunt\n|move|p2a: Amoonguss|Pollen Puff|p2b: Palafin\n|-heal|p2b: Palafin|100\/100\n|move|p1a: Amoonguss|Spore|p2b: Palafin\n|-status|p2b: Palafin|slp|[from] move: Spore\n|\n|-heal|p1b: Ting-Lu|91\/100|[from] item: Leftovers\n|-damage|p1a: Amoonguss|62\/100 brn|[from] brn\n|upkeep\n|turn|16\n|\n|t:|1682358498\n|switch|p1a: Arcanine|Arcanine, L50, F, shiny, tera:Water|94\/100 brn\n|-ability|p1a: Arcanine|Intimidate|boost\n|-unboost|p2a: Amoonguss|atk|1\n|-unboost|p2b: Palafin|atk|1\n|cant|p2b: Palafin|slp\n|move|p1b: Ting-Lu|Fissure|p2a: Amoonguss|[miss]\n|-miss|p1b: Ting-Lu|p2a: Amoonguss\n|move|p2a: Amoonguss|Spore|p1b: Ting-Lu\n|-status|p1b: Ting-Lu|slp|[from] move: Spore\n|\n|-heal|p1b: Ting-Lu|97\/100 slp|[from] item: Leftovers\n|-damage|p1a: Arcanine|88\/100 brn|[from] brn\n|upkeep\n|turn|17\n|inactive|Insertable194 has 30 seconds left.\n|inactive|Mangel79 has 30 seconds left.\n|inactive|Insertable194 has 20 seconds left.\n|\n|t:|1682358530\n|switch|p1a: Amoonguss|Amoonguss, L50, F|96\/100 brn\n|switch|p2a: Arcanine|Arcanine, L50, F, tera:Flying|58\/100 brn\n|-ability|p2a: Arcanine|Intimidate|boost\n|-unboost|p1a: Amoonguss|atk|1\n|-unboost|p1b: Ting-Lu|atk|1\n|cant|p2b: Palafin|slp\n|cant|p1b: Ting-Lu|slp\n|\n|-heal|p1b: Ting-Lu|100\/100 slp|[from] item: Leftovers\n|-damage|p2a: Arcanine|52\/100 brn|[from] brn\n|-damage|p1a: Amoonguss|90\/100 brn|[from] brn\n|-end|p1b: Ting-Lu|move: Taunt\n|upkeep\n|turn|18\n|inactive|Insertable194 has 20 seconds left this turn.\n|inactive|Insertable194 has 15 seconds left.\n|\n|t:|1682358545\n|switch|p2b: Amoonguss|Amoonguss, L50, F|100\/100\n|move|p1a: Amoonguss|Protect|p1a: Amoonguss\n|-singleturn|p1a: Amoonguss|Protect\n|move|p2a: Arcanine|Flare Blitz|p1a: Amoonguss\n|-activate|p1a: Amoonguss|move: Protect\n|-curestatus|p1b: Ting-Lu|slp|[msg]\n|move|p1b: Ting-Lu|Fissure|p2b: Amoonguss\n|-damage|p2b: Amoonguss|0 fnt\n|faint|p2b: Amoonguss\n|-ohko\n|\n|-damage|p2a: Arcanine|46\/100 brn|[from] brn\n|-damage|p1a: Amoonguss|84\/100 brn|[from] brn\n|upkeep\n|inactive|Insertable194 has 15 seconds left this turn.\n|inactiveoff|Battle timer is now OFF.\n|\n|t:|1682358552\n|switch|p2b: Flutter Mane|Flutter Mane, L50|17\/100\n|turn|19\n|\n|t:|1682358576\n|switch|p1a: Arcanine|Arcanine, L50, F, shiny, tera:Water|88\/100 brn\n|-ability|p1a: Arcanine|Intimidate|boost\n|-unboost|p2a: Arcanine|atk|1\n|-unboost|p2b: Flutter Mane|atk|1\n|move|p2b: Flutter Mane|Moonblast|p1b: Ting-Lu\n|-supereffective|p1b: Ting-Lu\n|-crit|p1b: Ting-Lu\n|-damage|p1b: Ting-Lu|10\/100\n|move|p2a: Arcanine|Flare Blitz|p1b: Ting-Lu\n|-damage|p1b: Ting-Lu|0 fnt\n|faint|p1b: Ting-Lu\n|-damage|p2a: Arcanine|42\/100 brn|[from] Recoil\n|\n|-damage|p2a: Arcanine|36\/100 brn|[from] brn\n|-damage|p1a: Arcanine|82\/100 brn|[from] brn\n|upkeep\n|\n|t:|1682358586\n|switch|p1b: Amoonguss|Amoonguss, L50, F|100\/100 brn\n|turn|20\n|\n|t:|1682358604\n|-end|p2b: Flutter Mane|Protosynthesis|[silent]\n|switch|p2b: Palafin|Palafin-Hero, L50, M, shiny|100\/100 slp\n|move|p1b: Amoonguss|Protect|p1b: Amoonguss\n|-singleturn|p1b: Amoonguss|Protect\n|move|p2a: Arcanine|Flare Blitz|p1b: Amoonguss\n|-activate|p1b: Amoonguss|move: Protect\n|move|p1a: Arcanine|Flare Blitz|p2a: Arcanine\n|-damage|p2a: Arcanine|12\/100 brn\n|-enditem|p2a: Arcanine|Figy Berry|[eat]\n|-heal|p2a: Arcanine|45\/100 brn|[from] item: Figy Berry\n|-damage|p1a: Arcanine|75\/100 brn|[from] Recoil\n|\n|-damage|p2a: Arcanine|39\/100 brn|[from] brn\n|-damage|p1a: Arcanine|69\/100 brn|[from] brn\n|-damage|p1b: Amoonguss|95\/100 brn|[from] brn\n|upkeep\n|turn|21\n|inactive|Battle timer is ON: inactive players will automatically lose when time's up. (requested by Insertable194)\n|inactive|Insertable194 has 15 seconds left this turn.\n|inactiveoff|Battle timer is now OFF.\n|\n|t:|1682358636\n|move|p2a: Arcanine|Flare Blitz|p1b: Amoonguss\n|-supereffective|p1b: Amoonguss\n|-damage|p1b: Amoonguss|64\/100 brn\n|-damage|p2a: Arcanine|23\/100 brn|[from] item: Rocky Helmet|[of] p1b: Amoonguss\n|-damage|p2a: Arcanine|12\/100 brn|[from] Recoil\n|-curestatus|p2b: Palafin|slp|[msg]\n|move|p2b: Palafin|Taunt|p1b: Amoonguss\n|-start|p1b: Amoonguss|move: Taunt\n|move|p1a: Arcanine|Flare Blitz|p2a: Arcanine\n|-damage|p2a: Arcanine|0 fnt\n|faint|p2a: Arcanine\n|-damage|p1a: Arcanine|65\/100 brn|[from] Recoil\n|cant|p1b: Amoonguss|move: Taunt|Spore\n|\n|-damage|p1a: Arcanine|59\/100 brn|[from] brn\n|-damage|p1b: Amoonguss|58\/100 brn|[from] brn\n|upkeep\n|\n|t:|1682358640\n|switch|p2a: Flutter Mane|Flutter Mane, L50|17\/100\n|turn|22\n|\n|t:|1682358659\n|move|p2a: Flutter Mane|Thunderbolt|p1a: Arcanine\n|-supereffective|p1a: Arcanine\n|-damage|p1a: Arcanine|0 fnt\n|faint|p1a: Arcanine\n|move|p2b: Palafin|Wave Crash|p1b: Amoonguss\n|-resisted|p1b: Amoonguss\n|-damage|p1b: Amoonguss|20\/100 brn\n|-damage|p2b: Palafin|84\/100|[from] item: Rocky Helmet|[of] p1b: Amoonguss\n|-damage|p2b: Palafin|70\/100|[from] Recoil\n|move|p1b: Amoonguss|Pollen Puff|p2a: Flutter Mane\n|-resisted|p2a: Flutter Mane\n|-damage|p2a: Flutter Mane|13\/100\n|\n|-damage|p1b: Amoonguss|15\/100 brn|[from] brn\n|upkeep\n|turn|23\n|c|\u2606Insertable194|gg wp\n|c|\u2606Mangel79|gg\n|c|\u2606Insertable194|thx for letting me turn off timer xD\n|-message|Mangel79 forfeited.\n|\n|win|Insertable194\n|raw|Mangel79's rating: 1304 → 1289<\/strong> (-15 for losing)\n|raw|Insertable194's rating: 1394 → 1409<\/strong> (+15 for winning)\n|l|\u2606Mangel79\n","uploadtime":1682358691,"views":13,"p1id":"mangel79","p2id":"insertable194","formatid":"gen9vgc2023regulationc","rating":1289,"private":0,"password":""}