{"id":"gen9vgc2023regulationc-1847167397","p1":"simplePak","p2":"Tinymaus","format":"[Gen 9] VGC 2023 Regulation C","log":"|j|\u2606simplePak\n|j|\u2606Tinymaus\n|t:|1681924599\n|gametype|doubles\n|player|p1|simplePak|preschooler|1079\n|player|p2|Tinymaus|hilbert|1056\n|teamsize|p1|6\n|teamsize|p2|6\n|gen|9\n|tier|[Gen 9] VGC 2023 Regulation C\n|rated|\n|rule|Species Clause: Limit one of each Pok\u00e9mon\n|rule|Item Clause: Limit one of each item\n|clearpoke\n|poke|p1|Iron Hands, L50|\n|poke|p1|Amoonguss, L50, F|\n|poke|p1|Gholdengo, L50|\n|poke|p1|Sylveon, L50, M|\n|poke|p1|Hydreigon, L50, M|\n|poke|p1|Iron Bundle, L50|\n|poke|p2|Palafin, L50, F|\n|poke|p2|Chien-Pao, L50|\n|poke|p2|Scizor, L50, F|\n|poke|p2|Great Tusk, L50|\n|poke|p2|Flutter Mane, L50|\n|poke|p2|Dragapult, L50, F|\n|teampreview|4\n|inactive|Battle timer is ON: inactive players will automatically lose when time's up. (requested by simplePak)\n|\n|t:|1681924623\n|start\n|switch|p1a: Iron Hands|Iron Hands, L50|100\/100\n|switch|p1b: Amoonguss|Amoonguss, L50, F|100\/100\n|switch|p2a: Chien-Pao|Chien-Pao, L50|100\/100\n|switch|p2b: Flutter Mane|Flutter Mane, L50|100\/100\n|-ability|p2a: Chien-Pao|Sword of Ruin\n|-enditem|p2b: Flutter Mane|Booster Energy\n|-activate|p2b: Flutter Mane|ability: Protosynthesis|[fromitem]\n|-start|p2b: Flutter Mane|protosynthesisspe\n|turn|1\n|inactive|Tinymaus has 30 seconds left.\n|\n|t:|1681924650\n|move|p2a: Chien-Pao|Protect|p2a: Chien-Pao\n|-singleturn|p2a: Chien-Pao|Protect\n|move|p1a: Iron Hands|Fake Out|p2a: Chien-Pao\n|-activate|p2a: Chien-Pao|move: Protect\n|move|p2b: Flutter Mane|Taunt|p1b: Amoonguss\n|-start|p1b: Amoonguss|move: Taunt\n|cant|p1b: Amoonguss|move: Taunt|Spore\n|\n|upkeep\n|turn|2\n|inactive|simplePak has 30 seconds left.\n|\n|t:|1681924679\n|switch|p1b: Sylveon|Sylveon, L50, M|100\/100\n|move|p2b: Flutter Mane|Dazzling Gleam|p1a: Iron Hands|[spread] p1a,p1b\n|-supereffective|p1a: Iron Hands\n|-damage|p1a: Iron Hands|64\/100\n|-damage|p1b: Sylveon|72\/100\n|move|p2a: Chien-Pao|Ice Spinner|p1b: Sylveon\n|-damage|p1b: Sylveon|0 fnt\n|faint|p1b: Sylveon\n|move|p1a: Iron Hands|Drain Punch|p2a: Chien-Pao\n|-supereffective|p2a: Chien-Pao\n|-damage|p2a: Chien-Pao|0 fnt\n|-heal|p1a: Iron Hands|99\/100|[from] drain|[of] p2a: Chien-Pao\n|faint|p2a: Chien-Pao\n|\n|upkeep\n|\n|t:|1681924695\n|switch|p2a: Scizor|Scizor, L50, F|100\/100\n|switch|p1b: Amoonguss|Amoonguss, L50, F|100\/100\n|turn|3\n|inactive|simplePak has 30 seconds left.\n|\n|t:|1681924730\n|move|p2b: Flutter Mane|Taunt|p1b: Amoonguss\n|-start|p1b: Amoonguss|move: Taunt\n|move|p2a: Scizor|Swords Dance|p2a: Scizor\n|-boost|p2a: Scizor|atk|2\n|move|p1a: Iron Hands|Thunder Punch|p2b: Flutter Mane\n|-damage|p2b: Flutter Mane|7\/100\n|move|p1b: Amoonguss|Pollen Puff|p1a: Iron Hands\n|-heal|p1a: Iron Hands|100\/100\n|\n|upkeep\n|turn|4\n|\n|t:|1681924751\n|move|p2b: Flutter Mane|Dazzling Gleam|p1b: Amoonguss|[spread] p1a,p1b\n|-supereffective|p1a: Iron Hands\n|-resisted|p1b: Amoonguss\n|-crit|p1b: Amoonguss\n|-damage|p1a: Iron Hands|61\/100\n|-damage|p1b: Amoonguss|77\/100\n|move|p2a: Scizor|Close Combat|p1a: Iron Hands\n|-damage|p1a: Iron Hands|0 fnt\n|-unboost|p2a: Scizor|def|1\n|-unboost|p2a: Scizor|spd|1\n|faint|p1a: Iron Hands\n|-end|p1a: Iron Hands|Quark Drive|[silent]\n|-damage|p2a: Scizor|91\/100|[from] item: Life Orb\n|move|p1b: Amoonguss|Pollen Puff|p2b: Flutter Mane\n|-resisted|p2b: Flutter Mane\n|-damage|p2b: Flutter Mane|3\/100\n|\n|upkeep\n|\n|t:|1681924759\n|switch|p1a: Iron Bundle|Iron Bundle, L50|100\/100\n|turn|5\n|\n|t:|1681924781\n|-terastallize|p1a: Iron Bundle|Grass\n|move|p2b: Flutter Mane|Shadow Ball|p1b: Amoonguss\n|-damage|p1b: Amoonguss|39\/100\n|move|p1a: Iron Bundle|Icy Wind|p2b: Flutter Mane|[spread] p2a,p2b\n|-resisted|p2a: Scizor\n|-damage|p2a: Scizor|61\/100\n|-damage|p2b: Flutter Mane|0 fnt\n|-unboost|p2a: Scizor|spe|1\n|faint|p2b: Flutter Mane\n|-end|p2b: Flutter Mane|Protosynthesis|[silent]\n|-damage|p1a: Iron Bundle|91\/100|[from] item: Life Orb\n|move|p2a: Scizor|Close Combat|p1a: Iron Bundle\n|-damage|p1a: Iron Bundle|0 fnt\n|-unboost|p2a: Scizor|def|1\n|-unboost|p2a: Scizor|spd|1\n|faint|p1a: Iron Bundle\n|-end|p1a: Iron Bundle|Quark Drive|[silent]\n|-damage|p2a: Scizor|52\/100|[from] item: Life Orb\n|move|p1b: Amoonguss|Giga Drain|p2a: Scizor\n|-resisted|p2a: Scizor\n|-damage|p2a: Scizor|35\/100\n|-heal|p1b: Amoonguss|45\/100|[from] drain|[of] p2a: Scizor\n|\n|-end|p1b: Amoonguss|move: Taunt\n|upkeep\n|\n|t:|1681924793\n|switch|p2b: Palafin|Palafin, L50, F|100\/100\n|turn|6\n|\n|t:|1681924808\n|move|p2b: Palafin|Wave Crash|p1b: Amoonguss\n|-resisted|p1b: Amoonguss\n|-damage|p1b: Amoonguss|24\/100\n|-enditem|p1b: Amoonguss|Aguav Berry|[eat]\n|-heal|p1b: Amoonguss|58\/100|[from] item: Aguav Berry\n|-damage|p2b: Palafin|92\/100|[from] Recoil\n|move|p2a: Scizor|U-turn|p1b: Amoonguss\n|-damage|p1b: Amoonguss|0 fnt\n|faint|p1b: Amoonguss\n|-damage|p2a: Scizor|25\/100|[from] item: Life Orb\n|\n|win|Tinymaus\n|raw|simplePak's rating: 1079 → 1056<\/strong> (-23 for losing)\n|raw|Tinymaus's rating: 1056 → 1090<\/strong> (+34 for winning)\n|l|\u2606simplePak\n","uploadtime":1681925166,"views":6,"p1id":"simplepak","p2id":"tinymaus","formatid":"gen9vgc2023regulationc","rating":1056,"private":0,"password":""}