{"id":"gen9vgc2023regulationc-1847662396","p1":"RezWest","p2":"Bukan226","format":"[Gen 9] VGC 2023 Regulation C","log":"|j|\u2606RezWest\n|j|\u2606Bukan226\n|t:|1681989353\n|gametype|doubles\n|player|p1|RezWest|fisherman-gen4|1106\n|player|p2|Bukan226|102|1163\n|teamsize|p1|6\n|teamsize|p2|6\n|gen|9\n|tier|[Gen 9] VGC 2023 Regulation C\n|rated|\n|rule|Species Clause: Limit one of each Pok\u00e9mon\n|rule|Item Clause: Limit one of each item\n|clearpoke\n|poke|p1|Meowscarada, L50, F|\n|poke|p1|Chien-Pao, L50|\n|poke|p1|Garchomp, L50, M|\n|poke|p1|Talonflame, L50, M|\n|poke|p1|Arcanine, L50, M|\n|poke|p1|Flutter Mane, L50|\n|poke|p2|Iron Valiant, L50|\n|poke|p2|Armarouge, L50, M|\n|poke|p2|Indeedee-F, L50, F|\n|poke|p2|Chi-Yu, L50|\n|poke|p2|Breloom, L50, M|\n|poke|p2|Dragonite, L50, F|\n|teampreview|4\nBukan226 rejected open team sheets.\n|inactive|Battle timer is ON: inactive players will automatically lose when time's up. (requested by Bukan226)\n|inactive|Bukan226 has 60 seconds left.\n|\n|t:|1681989411\n|start\n|switch|p1a: Pino|Talonflame, L50, M|100\/100\n|switch|p1b: El Sdrumador|Garchomp, L50, M|100\/100\n|switch|p2a: Chi-Yu|Chi-Yu, L50|100\/100\n|switch|p2b: Indeedee|Indeedee-F, L50, F|100\/100\n|-ability|p2a: Chi-Yu|Beads of Ruin\n|-fieldstart|move: Psychic Terrain|[from] ability: Psychic Surge|[of] p2b: Indeedee\n|turn|1\n|inactive|RezWest has 30 seconds left.\n|\n|t:|1681989439\n|-terastallize|p1b: El Sdrumador|Fire\n|move|p2a: Chi-Yu|Protect|p2a: Chi-Yu\n|-singleturn|p2a: Chi-Yu|Protect\n|move|p1b: El Sdrumador|Earthquake|p2a: Chi-Yu|[spread] p2b\n|-activate|p2a: Chi-Yu|move: Protect\n|-immune|p1a: Pino\n|-damage|p2b: Indeedee|56\/100\n|move|p1a: Pino|Taunt|p2b: Indeedee\n|-start|p2b: Indeedee|move: Taunt\n|cant|p2b: Indeedee|move: Taunt|Trick Room\n|\n|upkeep\n|turn|2\n|\n|t:|1681989456\n|switch|p2a: Dragonite|Dragonite, L50, F|100\/100\n|move|p1b: El Sdrumador|Earthquake|p2a: Dragonite|[spread] p2b\n|-immune|p1a: Pino\n|-immune|p2a: Dragonite\n|-damage|p2b: Indeedee|12\/100\n|move|p1a: Pino|Will-O-Wisp|p2b: Indeedee\n|-status|p2b: Indeedee|brn\n|move|p2b: Indeedee|Dazzling Gleam|p1a: Pino|[spread] p1a,p1b\n|-resisted|p1a: Pino\n|-resisted|p1b: El Sdrumador\n|-damage|p1a: Pino|92\/100\n|-damage|p1b: El Sdrumador|94\/100\n|\n|-damage|p2b: Indeedee|6\/100 brn|[from] brn\n|upkeep\n|turn|3\n|inactive|Bukan226 has 30 seconds left.\n|\n|t:|1681989484\n|switch|p1b: C'E' PAOLO|Chien-Pao, L50|100\/100\n|-ability|p1b: C'E' PAOLO|Sword of Ruin\n|switch|p2b: Chi-Yu|Chi-Yu, L50|100\/100\n|-ability|p2b: Chi-Yu|Beads of Ruin\n|-terastallize|p2a: Dragonite|Normal\n|move|p2a: Dragonite|Extreme Speed|p1b: C'E' PAOLO\n|-activate|p1b: C'E' PAOLO|move: Psychic Terrain\n|move|p1a: Pino|Tailwind|p1a: Pino\n|-sidestart|p1: RezWest|move: Tailwind\n|\n|upkeep\n|turn|4\n|inactive|RezWest has 30 seconds left.\n|inactive|RezWest has 20 seconds left.\n|\n|t:|1681989520\n|move|p1b: C'E' PAOLO|Sacred Sword|p2b: Chi-Yu\n|-supereffective|p2b: Chi-Yu\n|-damage|p2b: Chi-Yu|0 fnt\n|faint|p2b: Chi-Yu\n|move|p1a: Pino|Will-O-Wisp|p2a: Dragonite\n|-status|p2a: Dragonite|brn\n|-enditem|p2a: Dragonite|Lum Berry|[eat]\n|-curestatus|p2a: Dragonite|brn|[msg]\n|move|p2a: Dragonite|Dragon Claw|p1b: C'E' PAOLO\n|-damage|p1b: C'E' PAOLO|31\/100\n|\n|upkeep\n|\n|t:|1681989531\n|switch|p2b: Armarouge|Armarouge, L50, M|100\/100\n|turn|5\n|\n|t:|1681989553\n|move|p2b: Armarouge|Protect|p2b: Armarouge\n|-singleturn|p2b: Armarouge|Protect\n|move|p1b: C'E' PAOLO|Sacred Sword|p2a: Dragonite\n|-supereffective|p2a: Dragonite\n|-damage|p2a: Dragonite|24\/100\n|move|p1a: Pino|Will-O-Wisp|p2a: Dragonite\n|-status|p2a: Dragonite|brn\n|move|p2a: Dragonite|Dragon Claw|p1b: C'E' PAOLO\n|-damage|p1b: C'E' PAOLO|0 fnt\n|faint|p1b: C'E' PAOLO\n|\n|-damage|p2a: Dragonite|18\/100 brn|[from] brn\n|-fieldend|move: Psychic Terrain\n|upkeep\n|\n|t:|1681989567\n|switch|p1b: El Sdrumador|Garchomp, L50, M, tera:Fire|94\/100\n|turn|6\n|\n|t:|1681989581\n|move|p2a: Dragonite|Extreme Speed|p1b: El Sdrumador\n|-damage|p1b: El Sdrumador|70\/100\n|-damage|p2a: Dragonite|5\/100 brn|[from] ability: Rough Skin|[of] p1b: El Sdrumador\n|move|p1b: El Sdrumador|Earthquake|p2b: Armarouge|[spread] p2a,p2b\n|-immune|p1a: Pino\n|-supereffective|p2b: Armarouge\n|-damage|p2a: Dragonite|0 fnt\n|-damage|p2b: Armarouge|29\/100\n|faint|p2a: Dragonite\n|move|p1a: Pino|Brave Bird|p2b: Armarouge\n|-damage|p2b: Armarouge|0 fnt\n|faint|p2b: Armarouge\n|-damage|p1a: Pino|82\/100|[from] Recoil\n|\n|-sideend|p1: RezWest|move: Tailwind\n|upkeep\n|\n|t:|1681989592\n|switch|p2b: Indeedee|Indeedee-F, L50, F|6\/100 brn\n|-fieldstart|move: Psychic Terrain|[from] ability: Psychic Surge|[of] p2b: Indeedee\n|turn|7\n|\n|t:|1681989601\n|move|p1b: El Sdrumador|Earthquake|p2b: Indeedee|[spread] p2b\n|-immune|p1a: Pino\n|-crit|p2b: Indeedee\n|-damage|p2b: Indeedee|0 fnt\n|faint|p2b: Indeedee\n|\n|win|RezWest\n|raw|RezWest's rating: 1106 → 1135<\/strong> (+29 for winning)\n|raw|Bukan226's rating: 1163 → 1134<\/strong> (-29 for losing)\n|l|\u2606Bukan226\n","uploadtime":1681989617,"views":12,"p1id":"rezwest","p2id":"bukan226","formatid":"gen9vgc2023regulationc","rating":1134,"private":0,"password":""}