{"id":"gen9vgc2023regulationc-1863923676","p1":"Memebasedgod","p2":"Tay23","format":"[Gen 9] VGC 2023 Regulation C","log":"|j|\u2606Memebasedgod\n|j|\u2606Tay23\n|t:|1684093817\n|gametype|doubles\n|player|p1|Memebasedgod|ash|\n|player|p2|Tay23|n|\n|teamsize|p1|6\n|teamsize|p2|6\n|gen|9\n|tier|[Gen 9] VGC 2023 Regulation C\n|rule|Species Clause: Limit one of each Pok\u00e9mon\n|rule|Item Clause: Limit one of each item\n|clearpoke\n|poke|p1|Arcanine, L50, F|\n|poke|p1|Ting-Lu, L50|\n|poke|p1|Gengar, L50, F|\n|poke|p1|Bronzong, L50|\n|poke|p1|Braviary, L50, M|\n|poke|p1|Noivern, L50, F|\n|poke|p2|Iron Treads, L50|\n|poke|p2|Eelektross, L50, M|\n|poke|p2|Tauros-Paldea-Blaze, L50, M|\n|poke|p2|Florges-White, L50, F|\n|poke|p2|Meditite, L50, F|\n|poke|p2|Salamence, L50, F|\n|teampreview|4\n|c|\u2606Memebasedgod|g1\n|j| thefriending\n|c|\u2606Tay23|glhf\n|j| SusJingles\n|c|\u2606Memebasedgod|glhf\n|c| SusJingles|Dont be sus\n|c| thefriending|Glhf tay\n|c|\u2606Tay23|\u0d9e\n|c| thefriending|Ayo wtf!?\n|c| SusJingles|Oh Tay is sus\n|c| thefriending|It's vitor\n|l| thefriending\n|j| thefriending\n|\n|t:|1684093990\n|start\n|switch|p1a: Pretty Fly|Braviary, L50, M, shiny|100\/100\n|switch|p1b: Mistah J|Gengar, L50, F|100\/100\n|switch|p2a: Meditite|Meditite, L50, F|100\/100\n|switch|p2b: Salamence|Salamence, L50, F|100\/100\n|-ability|p2b: Salamence|Intimidate|boost\n|-unboost|p1a: Pretty Fly|atk|1\n|-ability|p1a: Pretty Fly|Defiant|boost\n|-boost|p1a: Pretty Fly|atk|2\n|-unboost|p1b: Mistah J|atk|1\n|turn|1\n|l| SusJingles\n|\n|t:|1684094014\n|-terastallize|p1a: Pretty Fly|Ghost\n|move|p2a: Meditite|Fake Out|p1a: Pretty Fly\n|-immune|p1a: Pretty Fly\n|move|p1b: Mistah J|Icy Wind|p2a: Meditite|[spread] p2a,p2b\n|-supereffective|p2b: Salamence\n|-damage|p2a: Meditite|58\/100\n|-damage|p2b: Salamence|25\/100\n|-unboost|p2a: Meditite|spe|1\n|move|p2b: Salamence|Tailwind|p2b: Salamence\n|-sidestart|p2: Tay23|move: Tailwind\n|move|p1a: Pretty Fly|Brave Bird|p2b: Salamence\n|-damage|p2b: Salamence|0 fnt\n|faint|p2b: Salamence\n|-damage|p1a: Pretty Fly|92\/100|[from] Recoil\n|-damage|p1a: Pretty Fly|83\/100|[from] item: Life Orb\n|\n|upkeep\n|j| Toronto 6ix\n|\n|t:|1684094041\n|switch|p2b: Florges|Florges-White, L50, F, shiny|100\/100\n|turn|2\n|\n|t:|1684094077\n|-terastallize|p2b: Florges|Water\n|move|p2b: Florges|Moonblast|p1a: Pretty Fly\n|-damage|p1a: Pretty Fly|7\/100\n|-damage|p2b: Florges|91\/100|[from] item: Life Orb\n|move|p1b: Mistah J|Sludge Bomb|p2b: Florges\n|-damage|p2b: Florges|60\/100\n|move|p2a: Meditite|Zen Headbutt|p1b: Mistah J\n|-supereffective|p1b: Mistah J\n|-enditem|p1b: Mistah J|Focus Sash\n|-damage|p1b: Mistah J|1\/100\n|move|p1a: Pretty Fly|Brave Bird|p2a: Meditite\n|-supereffective|p2a: Meditite\n|-damage|p2a: Meditite|0 fnt\n|faint|p2a: Meditite\n|-damage|p1a: Pretty Fly|0 fnt|[from] Recoil\n|faint|p1a: Pretty Fly\n|\n|upkeep\n|\n|t:|1684094091\n|switch|p1a: Gravity Bong|Bronzong, L50|100\/100\n|switch|p2a: Eelektross|Eelektross, L50, M|100\/100\n|turn|3\n|\n|t:|1684094111\n|move|p2b: Florges|Dazzling Gleam|p1a: Gravity Bong|[spread] p1a,p1b\n|-resisted|p1a: Gravity Bong\n|-resisted|p1b: Mistah J\n|-damage|p1a: Gravity Bong|85\/100\n|-damage|p1b: Mistah J|0 fnt\n|faint|p1b: Mistah J\n|-damage|p2b: Florges|51\/100|[from] item: Life Orb\n|move|p2a: Eelektross|Flamethrower|p1a: Gravity Bong\n|-supereffective|p1a: Gravity Bong\n|-damage|p1a: Gravity Bong|13\/100\n|move|p1a: Gravity Bong|Trick Room|p1a: Gravity Bong\n|-fieldstart|move: Trick Room|[of] p1a: Gravity Bong\n|\n|upkeep\n|\n|t:|1684094121\n|switch|p1b: Vin Diesel|Ting-Lu, L50|100\/100\n|-ability|p1b: Vin Diesel|Vessel of Ruin\n|turn|4\n|\n|t:|1684094137\n|move|p2b: Florges|Protect|p2b: Florges\n|-singleturn|p2b: Florges|Protect\n|move|p1a: Gravity Bong|Gravity|p1a: Gravity Bong\n|-fieldstart|move: Gravity\n|move|p1b: Vin Diesel|Earthquake|p2b: Florges|[spread] p1a,p2a\n|-activate|p2b: Florges|move: Protect\n|-supereffective|p1a: Gravity Bong\n|-supereffective|p2a: Eelektross\n|-damage|p1a: Gravity Bong|0 fnt\n|-damage|p2a: Eelektross|21\/100\n|faint|p1a: Gravity Bong\n|move|p2a: Eelektross|Flamethrower|p1b: Vin Diesel\n|-damage|p1b: Vin Diesel|83\/100\n|\n|-sideend|p2: Tay23|move: Tailwind\n|upkeep\n|turn|5\n|\n|t:|1684094154\n|move|p1b: Vin Diesel|Earthquake|p2a: Eelektross|[spread] p2a,p2b\n|-supereffective|p2a: Eelektross\n|-damage|p2a: Eelektross|0 fnt\n|-damage|p2b: Florges|0 fnt\n|faint|p2a: Eelektross\n|faint|p2b: Florges\n|\n|win|Memebasedgod\n|l| Toronto 6ix\n|c|\u2606Memebasedgod|gg\n|c|\u2606Tay23|gg\n|l| thefriending\n","uploadtime":1684094163,"views":21,"p1id":"memebasedgod","p2id":"tay23","formatid":"gen9vgc2023regulationc","rating":0,"private":0,"password":""}