{"id":"gen9vgc2023regulationc-1863032996","p1":"Valency GL","p2":"ProfessorVoiceOver","format":"[Gen 9] VGC 2023 Regulation C","log":"|j|\u2606Valency GL\n|j|\u2606ProfessorVoiceOver\n|t:|1683955894\n|gametype|doubles\n|player|p1|Valency GL|169|1322\n|player|p2|ProfessorVoiceOver|scientistf|1251\n|teamsize|p1|6\n|teamsize|p2|6\n|gen|9\n|tier|[Gen 9] VGC 2023 Regulation C\n|rated|\n|rule|Species Clause: Limit one of each Pok\u00e9mon\n|rule|Item Clause: Limit one of each item\n|clearpoke\n|poke|p1|Garchomp, L50, M|\n|poke|p1|Braviary, L50, M|\n|poke|p1|Roaring Moon, L50|\n|poke|p1|Scream Tail, L50|\n|poke|p1|Vivillon-Monsoon, L50, M|\n|poke|p1|Gholdengo, L50|\n|poke|p2|Slither Wing, L50|\n|poke|p2|Gyarados, L50, F|\n|poke|p2|Ting-Lu, L50|\n|poke|p2|Orthworm, L50, F|\n|poke|p2|Flutter Mane, L50|\n|poke|p2|Farigiraf, L50, M|\n|teampreview|4\nProfessorVoiceOver has agreed to open team sheets.\n|\n|t:|1683955945\n|start\n|switch|p1a: Gholdengo|Gholdengo, L50|100\/100\n|switch|p1b: Braviary|Braviary, L50, M|100\/100\n|switch|p2a: Ting-Lu|Ting-Lu, L50|100\/100\n|switch|p2b: Orthworm|Orthworm, L50, F|100\/100\n|-ability|p2a: Ting-Lu|Vessel of Ruin\n|turn|1\n|inactive|Battle timer is ON: inactive players will automatically lose when time's up. (requested by Valency GL)\n|\n|t:|1683955955\n|-terastallize|p1a: Gholdengo|Water\n|move|p1a: Gholdengo|Nasty Plot|p1a: Gholdengo\n|-boost|p1a: Gholdengo|spa|2\n|move|p1b: Braviary|Close Combat|p2b: Orthworm\n|-supereffective|p2b: Orthworm\n|-damage|p2b: Orthworm|31\/100\n|-unboost|p1b: Braviary|def|1\n|-unboost|p1b: Braviary|spd|1\n|move|p2b: Orthworm|Iron Defense|p2b: Orthworm\n|-boost|p2b: Orthworm|def|2\n|move|p2a: Ting-Lu|Earthquake|p1b: Braviary|[spread] p1a\n|-heal|p2b: Orthworm|56\/100|[from] ability: Earth Eater|[of] p2a: Ting-Lu\n|-immune|p1b: Braviary\n|-damage|p1a: Gholdengo|68\/100\n|\n|-heal|p2b: Orthworm|62\/100|[from] item: Leftovers\n|upkeep\n|turn|2\n|inactive|ProfessorVoiceOver has 30 seconds left.\n|inactive|ProfessorVoiceOver has 20 seconds left.\n|\n|t:|1683955992\n|switch|p2a: Gyarados|Gyarados, L50, F|100\/100\n|-ability|p2a: Gyarados|Intimidate|boost\n|-unboost|p1a: Gholdengo|atk|1\n|-unboost|p1b: Braviary|atk|1\n|-ability|p1b: Braviary|Defiant|boost\n|-boost|p1b: Braviary|atk|2\n|-enditem|p1b: Braviary|Adrenaline Orb\n|-boost|p1b: Braviary|spe|1|[from] item: Adrenaline Orb\n|move|p2b: Orthworm|Protect|p2b: Orthworm\n|-singleturn|p2b: Orthworm|Protect\n|move|p1b: Braviary|Close Combat|p2b: Orthworm\n|-activate|p2b: Orthworm|move: Protect\n|move|p1a: Gholdengo|Make It Rain|p2b: Orthworm|[spread] p2a\n|-activate|p2b: Orthworm|move: Protect\n|-resisted|p2a: Gyarados\n|-damage|p2a: Gyarados|48\/100\n|-unboost|p1a: Gholdengo|spa|1\n|-enditem|p2a: Gyarados|Sitrus Berry|[eat]\n|-heal|p2a: Gyarados|73\/100|[from] item: Sitrus Berry\n|-damage|p1a: Gholdengo|59\/100|[from] item: Life Orb\n|\n|-heal|p2b: Orthworm|67\/100|[from] item: Leftovers\n|upkeep\n|turn|3\n|\n|t:|1683956014\n|-terastallize|p2b: Orthworm|Fire\n|move|p1b: Braviary|Brave Bird|p2a: Gyarados\n|-damage|p2a: Gyarados|0 fnt\n|faint|p2a: Gyarados\n|-damage|p1b: Braviary|76\/100|[from] Recoil\n|move|p1a: Gholdengo|Shadow Ball|p2b: Orthworm\n|-damage|p2b: Orthworm|0 fnt\n|faint|p2b: Orthworm\n|-damage|p1a: Gholdengo|49\/100|[from] item: Life Orb\n|\n|upkeep\n|\n|t:|1683956025\n|switch|p2a: Ting-Lu|Ting-Lu, L50|100\/100\n|switch|p2b: Slither Wing|Slither Wing, L50|100\/100\n|-ability|p2a: Ting-Lu|Vessel of Ruin\n|turn|4\n|\n|t:|1683956041\n|move|p2b: Slither Wing|First Impression|p1a: Gholdengo\n|-damage|p1a: Gholdengo|0 fnt\n|faint|p1a: Gholdengo\n|-damage|p2b: Slither Wing|91\/100|[from] item: Life Orb\n|move|p1b: Braviary|Tailwind|p1b: Braviary\n|-sidestart|p1: Valency GL|move: Tailwind\n|move|p2a: Ting-Lu|Rock Slide|p1b: Braviary|[miss]\n|-miss|p2a: Ting-Lu|p1b: Braviary\n|\n|upkeep\n|\n|t:|1683956049\n|switch|p1a: Garchomp|Garchomp, L50, M, shiny|100\/100\n|turn|5\n|\n|t:|1683956061\n|move|p1a: Garchomp|Earthquake|p2b: Slither Wing|[spread] p2a,p2b\n|-immune|p1b: Braviary\n|-resisted|p2b: Slither Wing\n|-damage|p2a: Ting-Lu|76\/100\n|-damage|p2b: Slither Wing|66\/100\n|move|p1b: Braviary|Close Combat|p2a: Ting-Lu\n|-supereffective|p2a: Ting-Lu\n|-damage|p2a: Ting-Lu|0 fnt\n|-unboost|p1b: Braviary|def|1\n|-unboost|p1b: Braviary|spd|1\n|faint|p2a: Ting-Lu\n|move|p2b: Slither Wing|Close Combat|p1b: Braviary\n|-damage|p1b: Braviary|0 fnt\n|-unboost|p2b: Slither Wing|def|1\n|-unboost|p2b: Slither Wing|spd|1\n|faint|p1b: Braviary\n|-damage|p2b: Slither Wing|56\/100|[from] item: Life Orb\n|\n|upkeep\n|\n|t:|1683956069\n|switch|p1b: Scream Tail|Scream Tail, L50|100\/100\n|-enditem|p1b: Scream Tail|Booster Energy\n|-activate|p1b: Scream Tail|ability: Protosynthesis|[fromitem]\n|-start|p1b: Scream Tail|protosynthesisspe\n|turn|6\n|\n|t:|1683956077\n|move|p1b: Scream Tail|Disable|p2b: Slither Wing\n|-start|p2b: Slither Wing|Disable|Close Combat\n|move|p1a: Garchomp|Earthquake|p2b: Slither Wing|[spread] p1b,p2b\n|-resisted|p2b: Slither Wing\n|-damage|p1b: Scream Tail|69\/100\n|-damage|p2b: Slither Wing|20\/100\n|cant|p2b: Slither Wing|Disable|Close Combat\n|\n|upkeep\n|turn|7\n|\n|t:|1683956085\n|move|p1b: Scream Tail|Howl|p1b: Scream Tail|[spread] p1a,p1b\n|-boost|p1a: Garchomp|atk|1\n|-boost|p1b: Scream Tail|atk|1\n|move|p1a: Garchomp|Earthquake|p2b: Slither Wing|[spread] p1b,p2b\n|-resisted|p2b: Slither Wing\n|-damage|p1b: Scream Tail|23\/100\n|-damage|p2b: Slither Wing|0 fnt\n|faint|p2b: Slither Wing\n|-end|p2b: Slither Wing|Protosynthesis|[silent]\n|\n|win|Valency GL\n|raw|Valency GL's rating: 1322 → 1338<\/strong> (+16 for winning)\n|raw|ProfessorVoiceOver's rating: 1251 → 1231<\/strong> (-20 for losing)\n","uploadtime":1683956097,"views":14,"p1id":"valencygl","p2id":"professorvoiceover","formatid":"gen9vgc2023regulationc","rating":1231,"private":0,"password":""}