{"id":"gen9vgc2023regulationc-1852558252","p1":"mugiwaraLux","p2":"NuovoSangue","format":"[Gen 9] VGC 2023 Regulation C","log":"|j|\u2606mugiwaraLux\n|j|\u2606NuovoSangue\n|t:|1682575888\n|gametype|doubles\n|player|p1|mugiwaraLux|265|1438\n|player|p2|NuovoSangue|ghetsis-gen5bw|1456\n|teamsize|p1|6\n|teamsize|p2|6\n|gen|9\n|tier|[Gen 9] VGC 2023 Regulation C\n|rated|\n|rule|Species Clause: Limit one of each Pok\u00e9mon\n|rule|Item Clause: Limit one of each item\n|clearpoke\n|poke|p1|Palafin, L50, F|\n|poke|p1|Amoonguss, L50, M|\n|poke|p1|Flutter Mane, L50|\n|poke|p1|Arcanine, L50, F|\n|poke|p1|Chien-Pao, L50|\n|poke|p1|Roaring Moon, L50|\n|poke|p2|Dragapult, L50, M|\n|poke|p2|Chien-Pao, L50|\n|poke|p2|Chi-Yu, L50|\n|poke|p2|Scizor, L50, M|\n|poke|p2|Amoonguss, L50, M|\n|poke|p2|Iron Moth, L50|\n|teampreview|4\n|inactive|Battle timer is ON: inactive players will automatically lose when time's up. (requested by NuovoSangue)\n|inactive|mugiwaraLux also wants the timer to be on.\nmugiwaraLux has agreed to open team sheets.\n|inactive|mugiwaraLux has 60 seconds left.\n|inactive|NuovoSangue has 60 seconds left.\n|\n|t:|1682575927\n|start\n|switch|p1a: Palafin|Palafin, L50, F|100\/100\n|switch|p1b: Roaring Moon|Roaring Moon, L50|100\/100\n|switch|p2a: Soviet|Dragapult, L50, M, shiny|100\/100\n|switch|p2b: Union|Chien-Pao, L50|100\/100\n|-ability|p2b: Union|Sword of Ruin\n|-enditem|p1b: Roaring Moon|Booster Energy\n|-activate|p1b: Roaring Moon|ability: Protosynthesis|[fromitem]\n|-start|p1b: Roaring Moon|protosynthesisatk\n|turn|1\n|\n|t:|1682575950\n|detailschange|p1a: Palafin|Palafin-Hero, L50, F\n|switch|p1a: Arcanine|Arcanine, L50, F|100\/100\n|-ability|p1a: Arcanine|Intimidate|boost\n|-fail|p2a: Soviet|unboost|[from] ability: Clear Body|[of] p2a: Soviet\n|-unboost|p2b: Union|atk|1\n|-terastallize|p2a: Soviet|Dragon\n|move|p1b: Roaring Moon|Protect|p1b: Roaring Moon\n|-singleturn|p1b: Roaring Moon|Protect\n|move|p2a: Soviet|Dragon Darts|p1a: Arcanine\n|-damage|p1a: Arcanine|25\/100\n|-anim|p2a: Soviet|Dragon Darts|p1a: Arcanine\n|-damage|p1a: Arcanine|0 fnt\n|faint|p1a: Arcanine\n|move|p2b: Union|Ice Spinner|p1b: Roaring Moon\n|-activate|p1b: Roaring Moon|move: Protect\n|\n|upkeep\n|\n|t:|1682575958\n|switch|p1a: Chien-Pao|Chien-Pao, L50|100\/100\n|-ability|p1a: Chien-Pao|Sword of Ruin\n|turn|2\n|\n|t:|1682575971\n|-terastallize|p1b: Roaring Moon|Flying\n|move|p2a: Soviet|Dragon Darts|p1b: Roaring Moon\n|-damage|p1b: Roaring Moon|12\/100\n|-anim|p2a: Soviet|Dragon Darts|p1a: Chien-Pao\n|-damage|p1a: Chien-Pao|30\/100\n|move|p1a: Chien-Pao|Sacred Sword|p2b: Union\n|-supereffective|p2b: Union\n|-enditem|p2b: Union|Focus Sash\n|-damage|p2b: Union|1\/100\n|move|p2b: Union|Sacred Sword|p1a: Chien-Pao\n|-supereffective|p1a: Chien-Pao\n|-damage|p1a: Chien-Pao|0 fnt\n|faint|p1a: Chien-Pao\n|move|p1b: Roaring Moon|Acrobatics|p2a: Soviet\n|-damage|p2a: Soviet|0 fnt\n|faint|p2a: Soviet\n|\n|upkeep\n|\n|t:|1682575985\n|switch|p2a: Farfallina|Iron Moth, L50, shiny|100\/100\n|switch|p1a: Palafin|Palafin-Hero, L50, F|100\/100\n|-activate|p1a: Palafin|ability: Zero to Hero\n|-enditem|p2a: Farfallina|Booster Energy\n|-activate|p2a: Farfallina|ability: Quark Drive|[fromitem]\n|-start|p2a: Farfallina|quarkdrivespe\n|turn|3\n|\n|t:|1682575997\n|move|p1b: Roaring Moon|Protect|p1b: Roaring Moon\n|-singleturn|p1b: Roaring Moon|Protect\n|move|p2b: Union|Sucker Punch||[still]\n|-fail|p2b: Union\n|move|p1a: Palafin|Jet Punch|p2a: Farfallina\n|-supereffective|p2a: Farfallina\n|-damage|p2a: Farfallina|0 fnt\n|faint|p2a: Farfallina\n|-end|p2a: Farfallina|Quark Drive|[silent]\n|\n|upkeep\n|\n|t:|1682576000\n|switch|p2a: Zhukov|Scizor, L50, M|100\/100\n|turn|4\n|\n|t:|1682576012\n|move|p2b: Union|Sucker Punch||[still]\n|-fail|p2b: Union\n|move|p1a: Palafin|Jet Punch|p2b: Union\n|-crit|p2b: Union\n|-damage|p2b: Union|0 fnt\n|faint|p2b: Union\n|move|p1b: Roaring Moon|Dragon Dance|p1b: Roaring Moon\n|-boost|p1b: Roaring Moon|atk|1\n|-boost|p1b: Roaring Moon|spe|1\n|move|p2a: Zhukov|Swords Dance|p2a: Zhukov\n|-boost|p2a: Zhukov|atk|2\n|\n|upkeep\n|turn|5\n|\n|t:|1682576019\n|move|p2a: Zhukov|Bullet Punch|p1b: Roaring Moon\n|-damage|p1b: Roaring Moon|0 fnt\n|faint|p1b: Roaring Moon\n|-end|p1b: Roaring Moon|Protosynthesis|[silent]\n|move|p1a: Palafin|Wave Crash|p2a: Zhukov\n|-damage|p2a: Zhukov|8\/100\n|-damage|p1a: Palafin|72\/100|[from] Recoil\n|\n|upkeep\n|turn|6\n|c|\u2606mugiwaraLux|gg\n|\n|t:|1682576025\n|move|p1a: Palafin|Jet Punch|p2a: Zhukov\n|-damage|p2a: Zhukov|0 fnt\n|faint|p2a: Zhukov\n|\n|win|mugiwaraLux\n|raw|mugiwaraLux's rating: 1438 → 1459<\/strong> (+21 for winning)\n|raw|NuovoSangue's rating: 1456 → 1435<\/strong> (-21 for losing)\n","uploadtime":1682576031,"views":12,"p1id":"mugiwaralux","p2id":"nuovosangue","formatid":"gen9vgc2023regulationc","rating":1435,"private":0,"password":""}