{"id":"gen9vgc2023regulationc-1849504881","p1":"Verdas1128","p2":"x_Ramii","format":"[Gen 9] VGC 2023 Regulation C","log":"|j|\u2606Verdas1128\n|j|\u2606x_Ramii\n|t:|1682206426\n|gametype|doubles\n|player|p1|Verdas1128|caitlin|1168\n|player|p2|x_Ramii|striker|1190\n|teamsize|p1|6\n|teamsize|p2|6\n|gen|9\n|tier|[Gen 9] VGC 2023 Regulation C\n|rated|\n|rule|Species Clause: Limit one of each Pok\u00e9mon\n|rule|Item Clause: Limit one of each item\n|clearpoke\n|poke|p1|Dragapult, L50, F|\n|poke|p1|Coalossal, L50, F|\n|poke|p1|Farigiraf, L50, M|\n|poke|p1|Palafin, L50, M|\n|poke|p1|Amoonguss, L50, F|\n|poke|p1|Gholdengo, L50|\n|poke|p2|Palafin, L50, M|\n|poke|p2|Flutter Mane, L50|\n|poke|p2|Amoonguss, L50, F|\n|poke|p2|Arcanine, L50, M|\n|poke|p2|Ting-Lu, L50|\n|poke|p2|Iron Hands, L50|\n|teampreview|4\n|\n|t:|1682206463\n|start\n|switch|p1a: Dragapult|Dragapult, L50, F|100\/100\n|switch|p1b: Gholdengo|Gholdengo, L50|100\/100\n|switch|p2a: Palafin|Palafin, L50, M|100\/100\n|switch|p2b: Iron Hands|Iron Hands, L50, shiny|100\/100\n|turn|1\n|\n|t:|1682206480\n|detailschange|p2a: Palafin|Palafin-Hero, L50, M\n|switch|p2a: Arcanine|Arcanine, L50, M|100\/100\n|-ability|p2a: Arcanine|Intimidate|boost\n|-fail|p1a: Dragapult|unboost|[from] ability: Clear Body|[of] p1a: Dragapult\n|-unboost|p1b: Gholdengo|atk|1\n|move|p1a: Dragapult|Will-O-Wisp|p2b: Iron Hands\n|-status|p2b: Iron Hands|brn\n|move|p1b: Gholdengo|Nasty Plot|p1b: Gholdengo\n|-boost|p1b: Gholdengo|spa|2\n|move|p2b: Iron Hands|Volt Switch|p1a: Dragapult\n|-resisted|p1a: Dragapult\n|-damage|p1a: Dragapult|93\/100\n|\n|t:|1682206495\n|-end|p2b: Iron Hands|Quark Drive|[silent]\n|switch|p2b: Flutter Mane|Flutter Mane, L50|100\/100|[from] Volt Switch\n|-enditem|p2b: Flutter Mane|Booster Energy\n|-activate|p2b: Flutter Mane|ability: Protosynthesis|[fromitem]\n|-start|p2b: Flutter Mane|protosynthesisspa\n|\n|upkeep\n|turn|2\n|\n|t:|1682206515\n|move|p2b: Flutter Mane|Protect|p2b: Flutter Mane\n|-singleturn|p2b: Flutter Mane|Protect\n|move|p1b: Gholdengo|Protect|p1b: Gholdengo\n|-singleturn|p1b: Gholdengo|Protect\n|move|p1a: Dragapult|Phantom Force||[still]\n|-prepare|p1a: Dragapult|Phantom Force\n|move|p2a: Arcanine|Flare Blitz|p1a: Dragapult|[miss]\n|-miss|p2a: Arcanine|p1a: Dragapult\n|\n|upkeep\n|turn|3\n|\n|t:|1682206543\n|-terastallize|p2b: Flutter Mane|Fairy\n|-terastallize|p1b: Gholdengo|Water\n|move|p1a: Dragapult|Phantom Force|p2b: Flutter Mane|[from]lockedmove\n|-damage|p2b: Flutter Mane|38\/100\n|move|p2b: Flutter Mane|Shadow Ball|p1b: Gholdengo\n|-damage|p1b: Gholdengo|47\/100\n|move|p2a: Arcanine|Flare Blitz|p1a: Dragapult\n|-resisted|p1a: Dragapult\n|-damage|p1a: Dragapult|56\/100\n|-damage|p2a: Arcanine|90\/100|[from] Recoil\n|move|p1b: Gholdengo|Shadow Ball|p2a: Arcanine\n|-damage|p2a: Arcanine|0 fnt\n|faint|p2a: Arcanine\n|\n|-heal|p1b: Gholdengo|53\/100|[from] item: Leftovers\n|upkeep\n|\n|t:|1682206560\n|switch|p2a: Palafin|Palafin-Hero, L50, M|100\/100\n|-activate|p2a: Palafin|ability: Zero to Hero\n|turn|4\n|\n|t:|1682206590\n|move|p1b: Gholdengo|Protect|p1b: Gholdengo\n|-singleturn|p1b: Gholdengo|Protect\n|move|p2a: Palafin|Jet Punch|p1a: Dragapult\n|-resisted|p1a: Dragapult\n|-damage|p1a: Dragapult|17\/100\n|move|p1a: Dragapult|Phantom Force||[still]\n|-prepare|p1a: Dragapult|Phantom Force\n|move|p2b: Flutter Mane|Moonblast|p1b: Gholdengo\n|-activate|p1b: Gholdengo|move: Protect\n|\n|-heal|p1b: Gholdengo|59\/100|[from] item: Leftovers\n|upkeep\n|turn|5\n|\n|t:|1682206607\n|-end|p2b: Flutter Mane|Protosynthesis|[silent]\n|switch|p2b: Iron Hands|Iron Hands, L50, shiny|100\/100 brn\n|move|p1a: Dragapult|Phantom Force|p2b: Iron Hands|[from]lockedmove\n|-damage|p2b: Iron Hands|70\/100 brn\n|move|p2a: Palafin|Wave Crash|p1a: Dragapult\n|-resisted|p1a: Dragapult\n|-damage|p1a: Dragapult|0 fnt\n|faint|p1a: Dragapult\n|-damage|p2a: Palafin|96\/100|[from] Recoil\n|move|p1b: Gholdengo|Shadow Ball|p2a: Palafin\n|-damage|p2a: Palafin|2\/100\n|\n|-heal|p1b: Gholdengo|65\/100|[from] item: Leftovers\n|-damage|p2b: Iron Hands|64\/100 brn|[from] brn\n|upkeep\n|\n|t:|1682206625\n|switch|p1a: Palafin|Palafin, L50, M|100\/100\n|turn|6\n|\n|t:|1682206635\n|detailschange|p1a: Palafin|Palafin-Hero, L50, M\n|switch|p1a: Amoonguss|Amoonguss, L50, F|100\/100\n|move|p2a: Palafin|Protect|p2a: Palafin\n|-singleturn|p2a: Palafin|Protect\n|move|p1b: Gholdengo|Protect|p1b: Gholdengo\n|-singleturn|p1b: Gholdengo|Protect\n|move|p2b: Iron Hands|Volt Switch|p1b: Gholdengo\n|-activate|p1b: Gholdengo|move: Protect\n|\n|-heal|p1b: Gholdengo|71\/100|[from] item: Leftovers\n|-damage|p2b: Iron Hands|58\/100 brn|[from] brn\n|upkeep\n|turn|7\n|\n|t:|1682206651\n|switch|p2a: Flutter Mane|Flutter Mane, L50, tera:Fairy|38\/100\n|move|p1a: Amoonguss|Rage Powder|p1a: Amoonguss\n|-singleturn|p1a: Amoonguss|move: Rage Powder\n|move|p1b: Gholdengo|Shadow Ball|p2a: Flutter Mane\n|-damage|p2a: Flutter Mane|0 fnt\n|faint|p2a: Flutter Mane\n|-end|p2a: Flutter Mane|Protosynthesis|[silent]\n|move|p2b: Iron Hands|Volt Switch|p1a: Amoonguss\n|-resisted|p1a: Amoonguss\n|-damage|p1a: Amoonguss|95\/100\n|-message|x_Ramii forfeited.\n|\n|win|Verdas1128\n|raw|Verdas1128's rating: 1168 → 1195<\/strong> (+27 for winning)\n|raw|x_Ramii's rating: 1190 → 1163<\/strong> (-27 for losing)\n|l|\u2606x_Ramii\n","uploadtime":1682206662,"views":2,"p1id":"verdas1128","p2id":"xramii","formatid":"gen9vgc2023regulationc","rating":1163,"private":0,"password":""}