{"id":"gen9vgc2023regulationc-1849203249","p1":"ChiangWu","p2":"mawilesarang","format":"[Gen 9] VGC 2023 Regulation C","log":"|j|\u2606ChiangWu\n|j|\u2606mawilesarang\n|t:|1682172264\n|gametype|doubles\n|player|p1|ChiangWu|lucas|1420\n|player|p2|mawilesarang|101|1332\n|teamsize|p1|6\n|teamsize|p2|6\n|gen|9\n|tier|[Gen 9] VGC 2023 Regulation C\n|rated|\n|rule|Species Clause: Limit one of each Pok\u00e9mon\n|rule|Item Clause: Limit one of each item\n|clearpoke\n|poke|p1|Ting-Lu, L50|\n|poke|p1|Bronzong, L50|\n|poke|p1|Gyarados, L50, M|\n|poke|p1|Amoonguss, L50, F|\n|poke|p1|Iron Hands, L50|\n|poke|p1|Arcanine, L50, M|\n|poke|p2|Orthworm, L50, F|\n|poke|p2|Dragonite, L50, F|\n|poke|p2|Ting-Lu, L50|\n|poke|p2|Gyarados, L50, F|\n|poke|p2|Flutter Mane, L50|\n|poke|p2|Chien-Pao, L50|\n|teampreview|4\nmawilesarang rejected open team sheets.\n|inactive|Battle timer is ON: inactive players will automatically lose when time's up. (requested by mawilesarang)\n|inactive|ChiangWu has 60 seconds left.\n|inactive|mawilesarang has 60 seconds left.\n|\n|t:|1682172311\n|start\n|switch|p1a: Bronzong|Bronzong, L50, shiny|100\/100\n|switch|p1b: Ting-Lu|Ting-Lu, L50|100\/100\n|switch|p2a: Orthworm|Orthworm, L50, F|100\/100\n|switch|p2b: Ting-Lu|Ting-Lu, L50|100\/100\n|-ability|p2b: Ting-Lu|Vessel of Ruin\n|-ability|p1b: Ting-Lu|Vessel of Ruin\n|turn|1\n|inactive|mawilesarang has 30 seconds left.\n|\n|t:|1682172340\n|switch|p1b: Gyarados|Gyarados, L50, M, shiny|100\/100\n|-ability|p1b: Gyarados|Intimidate|boost\n|-unboost|p2a: Orthworm|atk|1\n|-unboost|p2b: Ting-Lu|atk|1\n|move|p2b: Ting-Lu|Earthquake|p1a: Bronzong|[spread] \n|-immune|p2a: Orthworm|[from] ability: Earth Eater\n|-immune|p1a: Bronzong|[from] ability: Levitate\n|-immune|p1b: Gyarados\n|move|p2a: Orthworm|Iron Defense|p2a: Orthworm\n|-boost|p2a: Orthworm|def|2\n|move|p1a: Bronzong|Iron Defense|p1a: Bronzong\n|-boost|p1a: Bronzong|def|2\n|\n|upkeep\n|turn|2\n|\n|t:|1682172359\n|switch|p2b: Gyarados|Gyarados, L50, F|100\/100\n|-ability|p2b: Gyarados|Intimidate|boost\n|-unboost|p1a: Bronzong|atk|1\n|-fail|p1b: Gyarados|unboost|[from] item: Clear Amulet|[of] p1b: Gyarados\n|move|p1b: Gyarados|Taunt|p2a: Orthworm\n|-start|p2a: Orthworm|move: Taunt\n|cant|p2a: Orthworm|move: Taunt|Iron Defense\n|move|p1a: Bronzong|Iron Defense|p1a: Bronzong\n|-boost|p1a: Bronzong|def|2\n|\n|upkeep\n|turn|3\n|\n|t:|1682172381\n|-terastallize|p2a: Orthworm|Fire\n|move|p1b: Gyarados|Waterfall|p2a: Orthworm\n|-supereffective|p2a: Orthworm\n|-damage|p2a: Orthworm|73\/100\n|move|p2b: Gyarados|Taunt|p1b: Gyarados\n|-start|p1b: Gyarados|move: Taunt\n|cant|p2a: Orthworm|flinch\n|move|p1a: Bronzong|Body Press|p2a: Orthworm\n|-damage|p2a: Orthworm|49\/100\n|-enditem|p2a: Orthworm|Sitrus Berry|[eat]\n|-heal|p2a: Orthworm|74\/100|[from] item: Sitrus Berry\n|\n|upkeep\n|turn|4\n|\n|t:|1682172402\n|move|p1b: Gyarados|Waterfall|p2a: Orthworm\n|-supereffective|p2a: Orthworm\n|-damage|p2a: Orthworm|46\/100\n|move|p2b: Gyarados|Thunder Wave|p1a: Bronzong\n|-status|p1a: Bronzong|par\n|move|p2a: Orthworm|Body Press|p1a: Bronzong\n|-damage|p1a: Bronzong|85\/100 par\n|cant|p1a: Bronzong|par\n|\n|-heal|p1a: Bronzong|91\/100 par|[from] item: Leftovers\n|-end|p2a: Orthworm|move: Taunt\n|upkeep\n|turn|5\n|inactive|mawilesarang has 30 seconds left.\n|inactive|mawilesarang has 20 seconds left.\n|inactive|mawilesarang has 15 seconds left.\n|\n|t:|1682172446\n|move|p1b: Gyarados|Waterfall|p2a: Orthworm\n|-supereffective|p2a: Orthworm\n|-damage|p2a: Orthworm|19\/100\n|move|p2b: Gyarados|Bulldoze|p1b: Gyarados|[spread] \n|-heal|p2a: Orthworm|44\/100|[from] ability: Earth Eater|[of] p2b: Gyarados\n|-immune|p1a: Bronzong|[from] ability: Levitate\n|-immune|p1b: Gyarados\n|move|p2a: Orthworm|Iron Defense|p2a: Orthworm\n|-boost|p2a: Orthworm|def|2\n|move|p1a: Bronzong|Trick Room|p1a: Bronzong\n|-fieldstart|move: Trick Room|[of] p1a: Bronzong\n|\n|-heal|p1a: Bronzong|96\/100 par|[from] item: Leftovers\n|upkeep\n|turn|6\n|\n|t:|1682172473\n|move|p1a: Bronzong|Body Press|p2a: Orthworm\n|-damage|p2a: Orthworm|27\/100\n|move|p2a: Orthworm|Body Press|p1a: Bronzong\n|-damage|p1a: Bronzong|73\/100 par\n|move|p2b: Gyarados|Thunder Wave|p1b: Gyarados\n|-status|p1b: Gyarados|par\n|move|p1b: Gyarados|Waterfall|p2a: Orthworm\n|-supereffective|p2a: Orthworm\n|-damage|p2a: Orthworm|6\/100\n|\n|-heal|p1a: Bronzong|79\/100 par|[from] item: Leftovers\n|-end|p1b: Gyarados|move: Taunt\n|upkeep\n|turn|7\n|inactive|mawilesarang has 30 seconds left.\n|-message|mawilesarang forfeited.\n|\n|win|ChiangWu\n|raw|ChiangWu's rating: 1420 → 1435<\/strong> (+15 for winning)\n|raw|mawilesarang's rating: 1332 → 1317<\/strong> (-15 for losing)\n|l|\u2606mawilesarang\n","uploadtime":1682172502,"views":9,"p1id":"chiangwu","p2id":"mawilesarang","formatid":"gen9vgc2023regulationc","rating":1317,"private":0,"password":""}