{"id":"gen9vgc2023regulationc-1853277027","p1":"h13570","p2":"anshar_training","format":"[Gen 9] VGC 2023 Regulation C","log":"|j|\u2606h13570\n|j|\u2606anshar_training\n|t:|1682659479\n|gametype|doubles\n|player|p1|h13570|265|1030\n|player|p2|anshar_training|colress|1076\n|teamsize|p1|6\n|teamsize|p2|6\n|gen|9\n|tier|[Gen 9] VGC 2023 Regulation C\n|rated|\n|rule|Species Clause: Limit one of each Pok\u00e9mon\n|rule|Item Clause: Limit one of each item\n|clearpoke\n|poke|p1|Arcanine, L50, F|\n|poke|p1|Amoonguss, L50, M|\n|poke|p1|Flutter Mane, L50|\n|poke|p1|Iron Bundle, L50|\n|poke|p1|Roaring Moon, L50|\n|poke|p1|Abomasnow, L50, M|\n|poke|p2|Palafin, L50, M|\n|poke|p2|Flutter Mane, L50|\n|poke|p2|Arcanine, L50, M|\n|poke|p2|Amoonguss, L50, M|\n|poke|p2|Ting-Lu, L50|\n|poke|p2|Roaring Moon, L50|\n|teampreview|4\n|inactive|Battle timer is ON: inactive players will automatically lose when time's up. (requested by anshar_training)\n|\n|t:|1682659518\n|start\n|switch|p1a: Iron Bundle|Iron Bundle, L50|100\/100\n|switch|p1b: Abomasnow|Abomasnow, L50, M|100\/100\n|switch|p2a: Apolo|Arcanine, L50, M|100\/100\n|switch|p2b: PlusUltra|Palafin, L50, M|100\/100\n|-ability|p2a: Apolo|Intimidate|boost\n|-unboost|p1a: Iron Bundle|atk|1\n|-unboost|p1b: Abomasnow|atk|1\n|-weather|Snow|[from] ability: Snow Warning|[of] p1b: Abomasnow\n|turn|1\n|inactive|anshar_training has 30 seconds left.\n|\n|t:|1682659547\n|detailschange|p2b: PlusUltra|Palafin-Hero, L50, M\n|switch|p2b: Cornelia|Flutter Mane, L50|100\/100\n|move|p1a: Iron Bundle|Hydro Pump|p2a: Apolo\n|-supereffective|p2a: Apolo\n|-damage|p2a: Apolo|0 fnt\n|faint|p2a: Apolo\n|-damage|p1a: Iron Bundle|91\/100|[from] item: Life Orb\n|move|p1b: Abomasnow|Aurora Veil|p1b: Abomasnow\n|-sidestart|p1: h13570|move: Aurora Veil\n|\n|-weather|Snow|[upkeep]\n|upkeep\n|\n|t:|1682659558\n|switch|p2a: PlusUltra|Palafin-Hero, L50, M|100\/100\n|-activate|p2a: PlusUltra|ability: Zero to Hero\n|turn|2\n|\n|t:|1682659582\n|-end|p1a: Iron Bundle|Quark Drive|[silent]\n|switch|p1a: Arcanine|Arcanine, L50, F|100\/100\n|-ability|p1a: Arcanine|Intimidate|boost\n|-unboost|p2a: PlusUltra|atk|1\n|-unboost|p2b: Cornelia|atk|1\n|-terastallize|p2b: Cornelia|Fairy\n|move|p2b: Cornelia|Dazzling Gleam|p1a: Arcanine|[spread] p1a,p1b\n|-resisted|p1a: Arcanine\n|-damage|p1a: Arcanine|77\/100\n|-damage|p1b: Abomasnow|74\/100\n|move|p2a: PlusUltra|Wave Crash|p1b: Abomasnow\n|-resisted|p1b: Abomasnow\n|-damage|p1b: Abomasnow|58\/100\n|-damage|p2a: PlusUltra|96\/100|[from] Recoil\n|move|p1b: Abomasnow|Icy Wind|p2b: Cornelia|[spread] p2a,p2b\n|-resisted|p2a: PlusUltra\n|-crit|p2a: PlusUltra\n|-damage|p2a: PlusUltra|86\/100\n|-damage|p2b: Cornelia|87\/100\n|-unboost|p2a: PlusUltra|spe|1\n|-unboost|p2b: Cornelia|spe|1\n|\n|-weather|Snow|[upkeep]\n|upkeep\n|turn|3\n|inactive|anshar_training has 30 seconds left.\n|\n|t:|1682659608\n|move|p1a: Arcanine|Will-O-Wisp|p2a: PlusUltra\n|-status|p2a: PlusUltra|brn\n|move|p2b: Cornelia|Dazzling Gleam|p1b: Abomasnow|[spread] p1a,p1b\n|-resisted|p1a: Arcanine\n|-damage|p1a: Arcanine|55\/100\n|-damage|p1b: Abomasnow|29\/100\n|move|p2a: PlusUltra|Haze|p2a: PlusUltra\n|-clearallboost\n|move|p1b: Abomasnow|Leech Seed|p2b: Cornelia\n|-start|p2b: Cornelia|move: Leech Seed\n|\n|-weather|Snow|[upkeep]\n|-damage|p2b: Cornelia|75\/100|[from] Leech Seed|[of] p1b: Abomasnow\n|-heal|p1b: Abomasnow|38\/100|[silent]\n|-damage|p2a: PlusUltra|80\/100 brn|[from] brn\n|upkeep\n|turn|4\n|\n|t:|1682659626\n|move|p2b: Cornelia|Dazzling Gleam|p1a: Arcanine|[spread] p1a,p1b\n|-resisted|p1a: Arcanine\n|-damage|p1a: Arcanine|33\/100\n|-damage|p1b: Abomasnow|10\/100\n|-enditem|p1a: Arcanine|Sitrus Berry|[eat]\n|-heal|p1a: Arcanine|58\/100|[from] item: Sitrus Berry\n|move|p1a: Arcanine|Snarl|p2a: PlusUltra|[spread] p2a,p2b\n|-resisted|p2b: Cornelia\n|-damage|p2a: PlusUltra|70\/100 brn\n|-damage|p2b: Cornelia|71\/100\n|-unboost|p2a: PlusUltra|spa|1\n|-unboost|p2b: Cornelia|spa|1\n|move|p2a: PlusUltra|Wave Crash|p1a: Arcanine\n|-supereffective|p1a: Arcanine\n|-damage|p1a: Arcanine|0 fnt\n|faint|p1a: Arcanine\n|-damage|p2a: PlusUltra|51\/100 brn|[from] Recoil\n|move|p1b: Abomasnow|Leech Seed|p2a: PlusUltra|[miss]\n|-miss|p1b: Abomasnow|p2a: PlusUltra\n|\n|-weather|Snow|[upkeep]\n|-damage|p2b: Cornelia|59\/100|[from] Leech Seed|[of] p1b: Abomasnow\n|-heal|p1b: Abomasnow|18\/100|[silent]\n|-damage|p2a: PlusUltra|46\/100 brn|[from] brn\n|upkeep\n|\n|t:|1682659648\n|switch|p1a: Iron Bundle|Iron Bundle, L50|91\/100\n|turn|5\n|\n|t:|1682659664\n|move|p2a: PlusUltra|Jet Punch|p1b: Abomasnow\n|-resisted|p1b: Abomasnow\n|-damage|p1b: Abomasnow|12\/100\n|move|p1a: Iron Bundle|Blizzard|p2b: Cornelia|[spread] p2a,p2b\n|-resisted|p2a: PlusUltra\n|-damage|p2a: PlusUltra|17\/100 brn\n|-damage|p2b: Cornelia|12\/100\n|-damage|p1a: Iron Bundle|81\/100|[from] item: Life Orb\n|move|p2b: Cornelia|Dazzling Gleam|p1b: Abomasnow|[spread] p1a,p1b\n|-damage|p1a: Iron Bundle|26\/100\n|-damage|p1b: Abomasnow|0 fnt\n|faint|p1b: Abomasnow\n|\n|-weather|none\n|-damage|p2a: PlusUltra|11\/100 brn|[from] brn\n|upkeep\n|\n|t:|1682659680\n|switch|p1b: Roaring Moon|Roaring Moon, L50|100\/100\n|-enditem|p1b: Roaring Moon|Booster Energy\n|-activate|p1b: Roaring Moon|ability: Protosynthesis|[fromitem]\n|-start|p1b: Roaring Moon|protosynthesisspe\n|turn|6\n|\n|t:|1682659700\n|-end|p2b: Cornelia|Protosynthesis|[silent]\n|switch|p2b: Susy|Amoonguss, L50, M|100\/100\n|-terastallize|p1b: Roaring Moon|Flying\n|move|p2a: PlusUltra|Jet Punch|p1a: Iron Bundle\n|-resisted|p1a: Iron Bundle\n|-damage|p1a: Iron Bundle|17\/100\n|move|p1b: Roaring Moon|Acrobatics|p2b: Susy\n|-supereffective|p2b: Susy\n|-damage|p2b: Susy|2\/100\n|-enditem|p2b: Susy|Sitrus Berry|[eat]\n|-heal|p2b: Susy|27\/100|[from] item: Sitrus Berry\n|move|p1a: Iron Bundle|Freeze-Dry|p2a: PlusUltra\n|-supereffective|p2a: PlusUltra\n|-damage|p2a: PlusUltra|0 fnt\n|faint|p2a: PlusUltra\n|-damage|p1a: Iron Bundle|7\/100|[from] item: Life Orb\n|\n|upkeep\n|\n|t:|1682659715\n|switch|p2a: Cornelia|Flutter Mane, L50, tera:Fairy|12\/100\n|turn|7\n|\n|t:|1682659725\n|move|p2b: Susy|Rage Powder|p2b: Susy\n|-singleturn|p2b: Susy|move: Rage Powder\n|move|p1b: Roaring Moon|Acrobatics|p2b: Susy\n|-supereffective|p2b: Susy\n|-damage|p2b: Susy|0 fnt\n|faint|p2b: Susy\n|move|p1a: Iron Bundle|Freeze-Dry|p2a: Cornelia\n|-damage|p2a: Cornelia|0 fnt\n|faint|p2a: Cornelia\n|-end|p2a: Cornelia|Protosynthesis|[silent]\n|-damage|p1a: Iron Bundle|0 fnt|[from] item: Life Orb\n|faint|p1a: Iron Bundle\n|-end|p1a: Iron Bundle|Quark Drive|[silent]\n|\n|win|h13570\n|raw|h13570's rating: 1030 → 1070<\/strong> (+40 for winning)\n|raw|anshar_training's rating: 1076 → 1052<\/strong> (-24 for losing)\n","uploadtime":1682659734,"views":3,"p1id":"h13570","p2id":"anshartraining","formatid":"gen9vgc2023regulationc","rating":1052,"private":0,"password":""}