{"id":"gen9vgc2023regulationc-1857098670","p1":"OnHoldWithTheIRS","p2":"tonythebrony","format":"[Gen 9] VGC 2023 Regulation C","log":"|j|\u2606OnHoldWithTheIRS\n|j|\u2606tonythebrony\n|t:|1683145629\n|gametype|doubles\n|player|p1|OnHoldWithTheIRS|clerk|1231\n|player|p2|tonythebrony|gardenia|1184\n|teamsize|p1|6\n|teamsize|p2|6\n|gen|9\n|tier|[Gen 9] VGC 2023 Regulation C\n|rated|\n|rule|Species Clause: Limit one of each Pok\u00e9mon\n|rule|Item Clause: Limit one of each item\n|clearpoke\n|poke|p1|Chi-Yu, L50|\n|poke|p1|Flutter Mane, L50|\n|poke|p1|Corviknight, L50, F|\n|poke|p1|Klefki, L50, F|\n|poke|p1|Garchomp, L50, F|\n|poke|p1|Baxcalibur, L50, F|\n|poke|p2|Arcanine, L50, M|\n|poke|p2|Slither Wing, L50|\n|poke|p2|Meowscarada, L50, M|\n|poke|p2|Flutter Mane, L50|\n|poke|p2|Gastrodon-East, L50, F|\n|poke|p2|Dragonite, L50, F|\n|teampreview|4\nOnHoldWithTheIRS has agreed to open team sheets.\n|\n|t:|1683145655\n|start\n|switch|p1a: Chi-Yu|Chi-Yu, L50|100\/100\n|switch|p1b: Flutter Mane|Flutter Mane, L50|100\/100\n|switch|p2a: Dragonite|Dragonite, L50, F|100\/100\n|switch|p2b: Flutter Mane|Flutter Mane, L50|100\/100\n|-ability|p1a: Chi-Yu|Beads of Ruin\n|turn|1\n|\n|t:|1683145678\n|switch|p1a: Corviknight|Corviknight, L50, F|100\/100\n|-terastallize|p2a: Dragonite|Flying\n|move|p1b: Flutter Mane|Moonblast|p2a: Dragonite\n|-damage|p2a: Dragonite|77\/100\n|move|p2b: Flutter Mane|Moonblast|p1a: Corviknight\n|-resisted|p1a: Corviknight\n|-damage|p1a: Corviknight|61\/100\n|move|p2a: Dragonite|Tailwind|p2a: Dragonite\n|-sidestart|p2: tonythebrony|move: Tailwind\n|\n|upkeep\n|turn|2\n|\n|t:|1683145702\n|-end|p2b: Flutter Mane|Protosynthesis|[silent]\n|switch|p2b: Arcanine|Arcanine, L50, M|100\/100\n|-ability|p2b: Arcanine|Intimidate|boost\n|-ability|p1a: Corviknight|Mirror Armor\n|-unboost|p2b: Arcanine|atk|1\n|-unboost|p1b: Flutter Mane|atk|1\n|move|p1b: Flutter Mane|Protect|p1b: Flutter Mane\n|-singleturn|p1b: Flutter Mane|Protect\n|move|p2a: Dragonite|Tera Blast|p1b: Flutter Mane\n|-activate|p1b: Flutter Mane|move: Protect\n|move|p1a: Corviknight|Roost|p1a: Corviknight\n|-heal|p1a: Corviknight|100\/100\n|-singleturn|p1a: Corviknight|move: Roost\n|\n|upkeep\n|turn|3\n|\n|t:|1683145747\n|-terastallize|p1a: Corviknight|Fire\n|move|p2b: Arcanine|Will-O-Wisp|p1a: Corviknight\n|-immune|p1a: Corviknight\n|move|p2a: Dragonite|Tera Blast|p1b: Flutter Mane\n|-enditem|p1b: Flutter Mane|Focus Sash\n|-damage|p1b: Flutter Mane|1\/100\n|move|p1b: Flutter Mane|Moonblast|p2a: Dragonite\n|-damage|p2a: Dragonite|32\/100\n|move|p1a: Corviknight|Bulk Up|p1a: Corviknight\n|-boost|p1a: Corviknight|atk|1\n|-boost|p1a: Corviknight|def|1\n|\n|upkeep\n|turn|4\n|\n|t:|1683145782\n|switch|p2a: Slither Wing|Slither Wing, L50|100\/100\n|move|p1b: Flutter Mane|Protect|p1b: Flutter Mane\n|-singleturn|p1b: Flutter Mane|Protect\n|move|p2b: Arcanine|Snarl|p1b: Flutter Mane|[spread] p1a\n|-activate|p1b: Flutter Mane|move: Protect\n|-damage|p1a: Corviknight|91\/100\n|-ability|p1a: Corviknight|Mirror Armor\n|-unboost|p2b: Arcanine|spa|1\n|move|p1a: Corviknight|Bulk Up|p1a: Corviknight\n|-boost|p1a: Corviknight|atk|1\n|-boost|p1a: Corviknight|def|1\n|\n|-sideend|p2: tonythebrony|move: Tailwind\n|upkeep\n|turn|5\n|\n|t:|1683145821\n|move|p1b: Flutter Mane|Shadow Ball|p2b: Arcanine\n|-damage|p2b: Arcanine|45\/100\n|move|p2b: Arcanine|Snarl|p1a: Corviknight|[spread] p1a,p1b\n|-damage|p1a: Corviknight|86\/100\n|-damage|p1b: Flutter Mane|0 fnt\n|-ability|p1a: Corviknight|Mirror Armor\n|-unboost|p2b: Arcanine|spa|1\n|faint|p1b: Flutter Mane\n|-end|p1b: Flutter Mane|Protosynthesis|[silent]\n|move|p2a: Slither Wing|Bulk Up|p2a: Slither Wing\n|-boost|p2a: Slither Wing|atk|1\n|-boost|p2a: Slither Wing|def|1\n|move|p1a: Corviknight|Brave Bird|p2a: Slither Wing\n|-supereffective|p2a: Slither Wing\n|-damage|p2a: Slither Wing|0 fnt\n|faint|p2a: Slither Wing\n|-end|p2a: Slither Wing|Protosynthesis|[silent]\n|-damage|p1a: Corviknight|54\/100|[from] Recoil\n|\n|upkeep\n|\n|t:|1683145844\n|switch|p1b: Baxcalibur|Baxcalibur, L50, F|100\/100\n|switch|p2a: Dragonite|Dragonite, L50, F, tera:Flying|32\/100\n|turn|6\n|\n|t:|1683145890\n|move|p2b: Arcanine|Extreme Speed|p1b: Baxcalibur\n|-damage|p1b: Baxcalibur|85\/100\n|move|p2a: Dragonite|Extreme Speed|p1b: Baxcalibur\n|-damage|p1b: Baxcalibur|55\/100\n|move|p1b: Baxcalibur|Ice Shard|p2a: Dragonite\n|-supereffective|p2a: Dragonite\n|-damage|p2a: Dragonite|0 fnt\n|faint|p2a: Dragonite\n|move|p1a: Corviknight|Roost|p1a: Corviknight\n|-heal|p1a: Corviknight|100\/100\n|\n|upkeep\n|-message|tonythebrony forfeited.\n|\n|win|OnHoldWithTheIRS\n|raw|OnHoldWithTheIRS's rating: 1231 → 1253<\/strong> (+22 for winning)\n|raw|tonythebrony's rating: 1184 → 1162<\/strong> (-22 for losing)\n|l|\u2606tonythebrony\n","uploadtime":1683146010,"views":9,"p1id":"onholdwiththeirs","p2id":"tonythebrony","formatid":"gen9vgc2023regulationc","rating":1162,"private":0,"password":""}