{"id":"gen9vgc2023regulationc-1861902077","p1":"TommeeVGC","p2":"Jbenn","format":"[Gen 9] VGC 2023 Regulation C","log":"|j|\u2606TommeeVGC\n|j|\u2606Jbenn\n|t:|1683819293\n|gametype|doubles\n|player|p1|TommeeVGC|ethan|1381\n|player|p2|Jbenn|2|1442\n|teamsize|p1|6\n|teamsize|p2|6\n|gen|9\n|tier|[Gen 9] VGC 2023 Regulation C\n|rated|\n|rule|Species Clause: Limit one of each Pok\u00e9mon\n|rule|Item Clause: Limit one of each item\n|clearpoke\n|poke|p1|Vivillon-Fancy, L50, F|\n|poke|p1|Corviknight, L50, M|\n|poke|p1|Abomasnow, L50, F|\n|poke|p1|Iron Bundle, L50|\n|poke|p1|Chien-Pao, L50|\n|poke|p1|Ting-Lu, L50|\n|poke|p2|Roaring Moon, L50|\n|poke|p2|Great Tusk, L50|\n|poke|p2|Gholdengo, L50|\n|poke|p2|Hariyama, L50, M|\n|poke|p2|Mimikyu, L50, F|\n|poke|p2|Gyarados, L50, F|\n|teampreview|4\nJbenn has agreed to open team sheets.\nTommeeVGC has agreed to open team sheets.\n|\n|t:|1683819326\n|start\n|switch|p1a: Vivillon|Vivillon-Fancy, L50, F|100\/100\n|switch|p1b: Ting-Lu|Ting-Lu, L50|100\/100\n|switch|p2a: Hariyama|Hariyama, L50, M, shiny|100\/100\n|switch|p2b: Gholdengo|Gholdengo, L50|100\/100\n|-ability|p1b: Ting-Lu|Vessel of Ruin\n|turn|1\n|\n|t:|1683819344\n|switch|p2a: Gyarados|Gyarados, L50, F|100\/100\n|-ability|p2a: Gyarados|Intimidate|boost\n|-unboost|p1a: Vivillon|atk|1\n|-unboost|p1b: Ting-Lu|atk|1\n|-terastallize|p2b: Gholdengo|Water\n|-terastallize|p1b: Ting-Lu|Ground\n|move|p1a: Vivillon|Protect|p1a: Vivillon\n|-singleturn|p1a: Vivillon|Protect\n|move|p2b: Gholdengo|Nasty Plot|p2b: Gholdengo\n|-boost|p2b: Gholdengo|spa|2\n|move|p1b: Ting-Lu|Stomping Tantrum|p2b: Gholdengo\n|-damage|p2b: Gholdengo|55\/100\n|\n|-heal|p2b: Gholdengo|61\/100|[from] item: Leftovers\n|upkeep\n|turn|2\n|\n|t:|1683819371\n|move|p2b: Gholdengo|Protect|p2b: Gholdengo\n|-singleturn|p2b: Gholdengo|Protect\n|move|p1a: Vivillon|Pollen Puff|p2b: Gholdengo\n|-activate|p2b: Gholdengo|move: Protect\n|move|p2a: Gyarados|Waterfall|p1b: Ting-Lu\n|-supereffective|p1b: Ting-Lu\n|-damage|p1b: Ting-Lu|67\/100\n|move|p1b: Ting-Lu|Stomping Tantrum|p2b: Gholdengo\n|-activate|p2b: Gholdengo|move: Protect\n|\n|-heal|p2b: Gholdengo|67\/100|[from] item: Leftovers\n|upkeep\n|turn|3\n|inactive|Battle timer is ON: inactive players will automatically lose when time's up. (requested by TommeeVGC)\n|\n|t:|1683819410\n|move|p1a: Vivillon|Protect|p1a: Vivillon\n|-singleturn|p1a: Vivillon|Protect\n|move|p2a: Gyarados|Waterfall|p1b: Ting-Lu\n|-supereffective|p1b: Ting-Lu\n|-damage|p1b: Ting-Lu|36\/100\n|move|p2b: Gholdengo|Make It Rain|p1b: Ting-Lu|[spread] p1b\n|-activate|p1a: Vivillon|move: Protect\n|-damage|p1b: Ting-Lu|0 fnt\n|-unboost|p2b: Gholdengo|spa|1\n|faint|p1b: Ting-Lu\n|\n|-heal|p2b: Gholdengo|73\/100|[from] item: Leftovers\n|upkeep\n|\n|t:|1683819425\n|switch|p1b: Iron Bundle|Iron Bundle, L50|100\/100\n|-enditem|p1b: Iron Bundle|Booster Energy\n|-activate|p1b: Iron Bundle|ability: Quark Drive|[fromitem]\n|-start|p1b: Iron Bundle|quarkdrivespe\n|turn|4\n|\n|t:|1683819448\n|move|p1b: Iron Bundle|Protect|p1b: Iron Bundle\n|-singleturn|p1b: Iron Bundle|Protect\n|move|p1a: Vivillon|Rage Powder|p1a: Vivillon\n|-singleturn|p1a: Vivillon|move: Rage Powder\n|move|p2a: Gyarados|Taunt|p1a: Vivillon\n|-start|p1a: Vivillon|move: Taunt\n|move|p2b: Gholdengo|Make It Rain|p1b: Iron Bundle|[spread] p1a\n|-activate|p1b: Iron Bundle|move: Protect\n|-enditem|p1a: Vivillon|Focus Sash\n|-damage|p1a: Vivillon|1\/100\n|-unboost|p2b: Gholdengo|spa|1\n|\n|-heal|p2b: Gholdengo|79\/100|[from] item: Leftovers\n|upkeep\n|turn|5\n|\n|t:|1683819467\n|switch|p2a: Hariyama|Hariyama, L50, M, shiny|100\/100\n|move|p1b: Iron Bundle|Blizzard|p2b: Gholdengo|[spread] p2a,p2b\n|-resisted|p2b: Gholdengo\n|-damage|p2a: Hariyama|80\/100\n|-damage|p2b: Gholdengo|58\/100\n|move|p1a: Vivillon|Pollen Puff|p1b: Iron Bundle\n|-immune|p1b: Iron Bundle\n|move|p2b: Gholdengo|Nasty Plot|p2b: Gholdengo\n|-boost|p2b: Gholdengo|spa|2\n|\n|-heal|p2b: Gholdengo|64\/100|[from] item: Leftovers\n|upkeep\n|turn|6\n|\n|t:|1683819486\n|move|p1b: Iron Bundle|Protect|p1b: Iron Bundle\n|-singleturn|p1b: Iron Bundle|Protect\n|move|p2a: Hariyama|Fake Out|p1b: Iron Bundle\n|-activate|p1b: Iron Bundle|move: Protect\n|move|p1a: Vivillon|Pollen Puff|p2b: Gholdengo\n|-damage|p2b: Gholdengo|26\/100\n|move|p2b: Gholdengo|Make It Rain|p1b: Iron Bundle|[spread] p1a\n|-activate|p1b: Iron Bundle|move: Protect\n|-damage|p1a: Vivillon|0 fnt\n|-unboost|p2b: Gholdengo|spa|1\n|faint|p1a: Vivillon\n|\n|-heal|p2b: Gholdengo|32\/100|[from] item: Leftovers\n|upkeep\n|\n|t:|1683819501\n|switch|p1a: Abomasnow|Abomasnow, L50, F|100\/100\n|-weather|Snow|[from] ability: Snow Warning|[of] p1a: Abomasnow\n|turn|7\n|\n|t:|1683819513\n|move|p2b: Gholdengo|Protect|p2b: Gholdengo\n|-singleturn|p2b: Gholdengo|Protect\n|move|p1a: Abomasnow|Ice Shard|p2b: Gholdengo\n|-activate|p2b: Gholdengo|move: Protect\n|move|p1b: Iron Bundle|Blizzard|p2a: Hariyama|[spread] p2a\n|-activate|p2b: Gholdengo|move: Protect\n|-damage|p2a: Hariyama|60\/100\n|move|p2a: Hariyama|Close Combat|p1b: Iron Bundle\n|-supereffective|p1b: Iron Bundle\n|-damage|p1b: Iron Bundle|7\/100\n|-unboost|p2a: Hariyama|def|1\n|-unboost|p2a: Hariyama|spd|1\n|\n|-weather|Snow|[upkeep]\n|-heal|p2b: Gholdengo|38\/100|[from] item: Leftovers\n|upkeep\n|turn|8\n|\n|t:|1683819532\n|move|p2a: Hariyama|Wide Guard|p2a: Hariyama\n|-singleturn|p2a: Hariyama|Wide Guard\n|move|p1a: Abomasnow|Ice Shard|p2b: Gholdengo\n|-resisted|p2b: Gholdengo\n|-damage|p2b: Gholdengo|32\/100\n|-damage|p1a: Abomasnow|91\/100|[from] item: Life Orb\n|move|p1b: Iron Bundle|Blizzard|p2b: Gholdengo|[spread] \n|-activate|p2a: Hariyama|move: Wide Guard\n|-activate|p2b: Gholdengo|move: Wide Guard\n|move|p2b: Gholdengo|Make It Rain|p1b: Iron Bundle|[spread] p1a,p1b\n|-supereffective|p1a: Abomasnow\n|-damage|p1a: Abomasnow|0 fnt\n|-damage|p1b: Iron Bundle|0 fnt\n|-unboost|p2b: Gholdengo|spa|1\n|faint|p1a: Abomasnow\n|faint|p1b: Iron Bundle\n|-end|p1b: Iron Bundle|Quark Drive|[silent]\n|\n|win|Jbenn\n|raw|TommeeVGC's rating: 1381 → 1364<\/strong> (-17 for losing)\n|raw|Jbenn's rating: 1442 → 1459<\/strong> (+17 for winning)\n|l|\u2606Jbenn\n","uploadtime":1683819545,"views":8,"p1id":"tommeevgc","p2id":"jbenn","formatid":"gen9vgc2023regulationc","rating":1364,"private":0,"password":""}