{"id":"gen9vgc2023regulationc-1862878696","p1":"jmmata95","p2":"toglez","format":"[Gen 9] VGC 2023 Regulation C","log":"|j|\u2606jmmata95\n|j|\u2606toglez\n|t:|1683932790\n|gametype|doubles\n|player|p1|jmmata95|2|\n|player|p2|toglez|266|\n|teamsize|p1|6\n|teamsize|p2|6\n|gen|9\n|tier|[Gen 9] VGC 2023 Regulation C\n|rule|Species Clause: Limit one of each Pok\u00e9mon\n|rule|Item Clause: Limit one of each item\n|clearpoke\n|poke|p1|Talonflame, L50, M|\n|poke|p1|Iron Bundle, L50|\n|poke|p1|Iron Hands, L50|\n|poke|p1|Amoonguss, L50, F|\n|poke|p1|Garchomp, L50, M|\n|poke|p1|Chien-Pao, L50|\n|poke|p2|Garganacl, L50, M|\n|poke|p2|Iron Bundle, L50|\n|poke|p2|Arcanine, L50, M|\n|poke|p2|Ting-Lu, L50|\n|poke|p2|Roaring Moon, L50|\n|poke|p2|Amoonguss, L50, M|\n|teampreview|4\n|inactive|Battle timer is ON: inactive players will automatically lose when time's up. (requested by toglez)\n|inactiveoff|Battle timer is now OFF.\n|c|\u2606jmmata95|gl bro\n|c|\u2606toglez|do u want to open the other 2 games?\n|c|\u2606jmmata95|Oki\n|c|\u2606jmmata95|i sent to u\n|c|\u2606jmmata95|Start in this?\n|c|\u2606toglez|sure\n|inactive|Battle timer is ON: inactive players will automatically lose when time's up. (requested by toglez)\n|c|\u2606jmmata95|Ready\n|inactive|jmmata95 has 30 seconds left.\n|inactive|toglez has 30 seconds left.\ntoglez has agreed to open team sheets.\n|inactive|jmmata95 has 20 seconds left.\n|inactive|jmmata95 has 15 seconds left.\n|\n|t:|1683932908\n|start\n|switch|p1a: Talonflame|Talonflame, L50, M|100\/100\n|switch|p1b: Garchomp|Garchomp, L50, M|100\/100\n|switch|p2a: Garganacl|Garganacl, L50, M|100\/100\n|switch|p2b: Arcanine|Arcanine, L50, M|100\/100\n|-ability|p2b: Arcanine|Intimidate|boost\n|-unboost|p1a: Talonflame|atk|1\n|-unboost|p1b: Garchomp|atk|1\n|turn|1\n|inactive|jmmata95 has 30 seconds left.\n|\n|t:|1683932936\n|switch|p1a: Ikuyo Kita|Amoonguss, L50, F|100\/100\n|-terastallize|p2a: Garganacl|Ghost\n|move|p1b: Garchomp|Protect|p1b: Garchomp\n|-singleturn|p1b: Garchomp|Protect\n|move|p2b: Arcanine|Protect|p2b: Arcanine\n|-singleturn|p2b: Arcanine|Protect\n|move|p2a: Garganacl|Salt Cure|p1a: Ikuyo Kita\n|-damage|p1a: Ikuyo Kita|88\/100\n|-start|p1a: Ikuyo Kita|Salt Cure\n|\n|-damage|p1a: Ikuyo Kita|75\/100|[from] Salt Cure\n|upkeep\n|turn|2\n|inactive|jmmata95 has 30 seconds left.\n|\n|t:|1683932966\n|switch|p2b: Ting-Lu|Ting-Lu, L50|100\/100\n|-ability|p2b: Ting-Lu|Vessel of Ruin\n|-terastallize|p1a: Ikuyo Kita|Water\n|move|p1b: Garchomp|Rock Slide|p2a: Garganacl|[spread] p2a,p2b\n|-resisted|p2b: Ting-Lu\n|-damage|p2a: Garganacl|88\/100\n|-damage|p2b: Ting-Lu|95\/100\n|-damage|p1b: Garchomp|91\/100|[from] item: Life Orb\n|move|p2a: Garganacl|Stealth Rock|p1b: Garchomp\n|-sidestart|p1: jmmata95|move: Stealth Rock\n|move|p1a: Ikuyo Kita|Spore|p2a: Garganacl\n|-immune|p2a: Garganacl|[from] ability: Purifying Salt\n|\n|-heal|p2a: Garganacl|94\/100|[from] item: Leftovers\n|-damage|p1a: Ikuyo Kita|50\/100|[from] Salt Cure\n|upkeep\n|-enditem|p1a: Ikuyo Kita|Sitrus Berry|[eat]\n|-heal|p1a: Ikuyo Kita|75\/100|[from] item: Sitrus Berry\n|turn|3\n|inactive|jmmata95 has 30 seconds left.\n|inactive|toglez has 30 seconds left.\n|\n|t:|1683933000\n|move|p1a: Ikuyo Kita|Protect|p1a: Ikuyo Kita\n|-singleturn|p1a: Ikuyo Kita|Protect\n|move|p1b: Garchomp|Earthquake|p2a: Garganacl|[spread] p2a,p2b\n|-activate|p1a: Ikuyo Kita|move: Protect\n|-crit|p2a: Garganacl\n|-crit|p2b: Ting-Lu\n|-damage|p2a: Garganacl|43\/100\n|-damage|p2b: Ting-Lu|47\/100\n|-damage|p1b: Garchomp|81\/100|[from] item: Life Orb\n|move|p2b: Ting-Lu|Ruination|p1a: Ikuyo Kita\n|-activate|p1a: Ikuyo Kita|move: Protect\n|move|p2a: Garganacl|Salt Cure|p1b: Garchomp\n|-resisted|p1b: Garchomp\n|-damage|p1b: Garchomp|75\/100\n|-start|p1b: Garchomp|Salt Cure\n|\n|-heal|p2a: Garganacl|49\/100|[from] item: Leftovers\n|-damage|p1b: Garchomp|63\/100|[from] Salt Cure\n|-damage|p1a: Ikuyo Kita|50\/100|[from] Salt Cure\n|upkeep\n|turn|4\n|inactive|jmmata95 has 30 seconds left.\n|inactive|toglez has 30 seconds left.\n|inactive|toglez has 20 seconds left.\n|\n|t:|1683933038\n|switch|p2a: Arcanine|Arcanine, L50, M|100\/100\n|-ability|p2a: Arcanine|Intimidate|boost\n|-unboost|p1a: Ikuyo Kita|atk|1\n|-unboost|p1b: Garchomp|atk|1\n|switch|p1a: Talonflame|Talonflame, L50, M|100\/100\n|-damage|p1a: Talonflame|50\/100|[from] Stealth Rock\n|move|p1b: Garchomp|Earthquake|p2b: Ting-Lu|[spread] p2a,p2b\n|-immune|p1a: Talonflame\n|-supereffective|p2a: Arcanine\n|-damage|p2a: Arcanine|45\/100\n|-damage|p2b: Ting-Lu|31\/100\n|-damage|p1b: Garchomp|53\/100|[from] item: Life Orb\n|move|p2b: Ting-Lu|Stomping Tantrum|p1a: Talonflame\n|-immune|p1a: Talonflame\n|\n|-damage|p1b: Garchomp|41\/100|[from] Salt Cure\n|upkeep\n|turn|5\n|inactive|toglez has 30 seconds left.\n|inactive|jmmata95 has 30 seconds left.\n|inactive|toglez has 20 seconds left.\n|inactive|toglez has 15 seconds left.\n|inactive|toglez has 10 seconds left.\n|\n|t:|1683933084\n|move|p2a: Arcanine|Protect|p2a: Arcanine\n|-singleturn|p2a: Arcanine|Protect\n|move|p1a: Talonflame|Brave Bird|p2b: Ting-Lu\n|-damage|p2b: Ting-Lu|2\/100\n|-damage|p1a: Talonflame|36\/100|[from] Recoil\n|move|p1b: Garchomp|Earthquake|p2b: Ting-Lu|[spread] p2b\n|-activate|p2a: Arcanine|move: Protect\n|-immune|p1a: Talonflame\n|-damage|p2b: Ting-Lu|0 fnt\n|faint|p2b: Ting-Lu\n|-damage|p1b: Garchomp|31\/100|[from] item: Life Orb\n|\n|-damage|p1b: Garchomp|19\/100|[from] Salt Cure\n|upkeep\n|\n|t:|1683933102\n|switch|p2b: Iron Bundle|Iron Bundle, L50|100\/100\n|turn|6\n|\n|t:|1683933115\n|move|p1b: Garchomp|Protect|p1b: Garchomp\n|-singleturn|p1b: Garchomp|Protect\n|move|p2a: Arcanine|Extreme Speed|p1a: Talonflame\n|-damage|p1a: Talonflame|0 fnt\n|faint|p1a: Talonflame\n|move|p2b: Iron Bundle|Freeze-Dry|p1b: Garchomp\n|-activate|p1b: Garchomp|move: Protect\n|\n|-damage|p1b: Garchomp|7\/100|[from] Salt Cure\n|upkeep\n|\n|t:|1683933125\n|switch|p1a: Iron Bundle|Iron Bundle, L50|100\/100\n|-damage|p1a: Iron Bundle|76\/100|[from] Stealth Rock\n|-enditem|p1a: Iron Bundle|Booster Energy\n|-activate|p1a: Iron Bundle|ability: Quark Drive|[fromitem]\n|-start|p1a: Iron Bundle|quarkdrivespe\n|turn|7\n|inactive|toglez has 30 seconds left.\n|\n|t:|1683933152\n|move|p2b: Iron Bundle|Protect|p2b: Iron Bundle\n|-singleturn|p2b: Iron Bundle|Protect\n|move|p2a: Arcanine|Protect|p2a: Arcanine\n|-singleturn|p2a: Arcanine|Protect\n|move|p1a: Iron Bundle|Freeze-Dry|p2b: Iron Bundle\n|-activate|p2b: Iron Bundle|move: Protect\n|move|p1b: Garchomp|Rock Slide|p2a: Arcanine|[spread] \n|-activate|p2a: Arcanine|move: Protect\n|-activate|p2b: Iron Bundle|move: Protect\n|\n|-damage|p1b: Garchomp|0 fnt|[from] Salt Cure\n|faint|p1b: Garchomp\n|upkeep\n|\n|t:|1683933158\n|switch|p1b: Ikuyo Kita|Amoonguss, L50, F, tera:Water|84\/100\n|-damage|p1b: Ikuyo Kita|71\/100|[from] Stealth Rock\n|turn|8\n|inactive|toglez has 30 seconds left.\n|\n|t:|1683933189\n|-end|p2b: Iron Bundle|Quark Drive|[silent]\n|switch|p2b: Garganacl|Garganacl, L50, M, tera:Ghost|49\/100\n|move|p2a: Arcanine|Extreme Speed|p1a: Iron Bundle\n|-damage|p1a: Iron Bundle|44\/100\n|move|p1b: Ikuyo Kita|Rage Powder|p1b: Ikuyo Kita\n|-singleturn|p1b: Ikuyo Kita|move: Rage Powder\n|move|p1a: Iron Bundle|Freeze-Dry|p2b: Garganacl\n|-damage|p2b: Garganacl|21\/100\n|\n|-heal|p2b: Garganacl|27\/100|[from] item: Leftovers\n|upkeep\n|turn|9\n|inactive|jmmata95 has 30 seconds left.\n|inactive|toglez has 30 seconds left.\n|\n|t:|1683933218\n|move|p1a: Iron Bundle|Protect|p1a: Iron Bundle\n|-singleturn|p1a: Iron Bundle|Protect\n|move|p2b: Garganacl|Protect|p2b: Garganacl\n|-singleturn|p2b: Garganacl|Protect\n|move|p2a: Arcanine|Extreme Speed|p1a: Iron Bundle\n|-activate|p1a: Iron Bundle|move: Protect\n|move|p1b: Ikuyo Kita|Spore|p2a: Arcanine\n|-status|p2a: Arcanine|slp|[from] move: Spore\n|\n|-heal|p2b: Garganacl|33\/100|[from] item: Leftovers\n|upkeep\n|turn|10\n|inactive|jmmata95 has 30 seconds left.\n|inactive|jmmata95 has 20 seconds left.\n|\n|t:|1683933254\n|cant|p2a: Arcanine|slp\n|move|p1a: Iron Bundle|Freeze-Dry|p2b: Garganacl\n|-damage|p2b: Garganacl|8\/100\n|move|p2b: Garganacl|Recover|p2b: Garganacl\n|-heal|p2b: Garganacl|58\/100\n|move|p1b: Ikuyo Kita|Pollen Puff|p1a: Iron Bundle\n|-heal|p1a: Iron Bundle|94\/100\n|\n|-heal|p2b: Garganacl|64\/100|[from] item: Leftovers\n|upkeep\n|turn|11\n|\n|t:|1683933270\n|cant|p2a: Arcanine|slp\n|move|p1a: Iron Bundle|Hydro Pump|p2a: Arcanine\n|-supereffective|p2a: Arcanine\n|-damage|p2a: Arcanine|0 fnt\n|faint|p2a: Arcanine\n|move|p2b: Garganacl|Recover|p2b: Garganacl\n|-heal|p2b: Garganacl|100\/100\n|move|p1b: Ikuyo Kita|Spore|p2b: Garganacl\n|-immune|p2b: Garganacl|[from] ability: Purifying Salt\n|\n|upkeep\n|\n|t:|1683933279\n|switch|p2a: Iron Bundle|Iron Bundle, L50|100\/100\n|turn|12\n|\n|t:|1683933295\n|move|p1a: Iron Bundle|Protect|p1a: Iron Bundle\n|-singleturn|p1a: Iron Bundle|Protect\n|move|p2a: Iron Bundle|Protect|p2a: Iron Bundle\n|-singleturn|p2a: Iron Bundle|Protect\n|move|p2b: Garganacl|Salt Cure|p1a: Iron Bundle\n|-activate|p1a: Iron Bundle|move: Protect\n|move|p1b: Ikuyo Kita|Spore|p2a: Iron Bundle\n|-activate|p2a: Iron Bundle|move: Protect\n|\n|upkeep\n|turn|13\n|\n|t:|1683933317\n|move|p1b: Ikuyo Kita|Rage Powder|p1b: Ikuyo Kita\n|-singleturn|p1b: Ikuyo Kita|move: Rage Powder\n|move|p1a: Iron Bundle|Freeze-Dry|p2a: Iron Bundle\n|-damage|p2a: Iron Bundle|25\/100\n|move|p2a: Iron Bundle|Freeze-Dry|p1b: Ikuyo Kita\n|-supereffective|p1b: Ikuyo Kita\n|-damage|p1b: Ikuyo Kita|18\/100\n|move|p2b: Garganacl|Salt Cure|p1b: Ikuyo Kita\n|-damage|p1b: Ikuyo Kita|4\/100\n|-start|p1b: Ikuyo Kita|Salt Cure\n|\n|-damage|p1b: Ikuyo Kita|0 fnt|[from] Salt Cure\n|faint|p1b: Ikuyo Kita\n|upkeep\n|turn|14\n|\n|t:|1683933331\n|move|p1a: Iron Bundle|Protect|p1a: Iron Bundle\n|-singleturn|p1a: Iron Bundle|Protect\n|move|p2a: Iron Bundle|Protect|p2a: Iron Bundle\n|-singleturn|p2a: Iron Bundle|Protect\n|move|p2b: Garganacl|Salt Cure|p1a: Iron Bundle\n|-activate|p1a: Iron Bundle|move: Protect\n|\n|upkeep\n|turn|15\n|\n|t:|1683933340\n|move|p1a: Iron Bundle|Freeze-Dry|p2a: Iron Bundle\n|-damage|p2a: Iron Bundle|0 fnt\n|faint|p2a: Iron Bundle\n|-end|p2a: Iron Bundle|Quark Drive|[silent]\n|move|p2b: Garganacl|Salt Cure|p1a: Iron Bundle\n|-supereffective|p1a: Iron Bundle\n|-damage|p1a: Iron Bundle|60\/100\n|-start|p1a: Iron Bundle|Salt Cure\n|\n|-damage|p1a: Iron Bundle|36\/100|[from] Salt Cure\n|upkeep\n|turn|16\n|\n|t:|1683933349\n|move|p1a: Iron Bundle|Hydro Pump|p2b: Garganacl|[miss]\n|-miss|p1a: Iron Bundle|p2b: Garganacl\n|move|p2b: Garganacl|Salt Cure|p1a: Iron Bundle\n|-supereffective|p1a: Iron Bundle\n|-damage|p1a: Iron Bundle|0 fnt\n|faint|p1a: Iron Bundle\n|-end|p1a: Iron Bundle|Quark Drive|[silent]\n|\n|win|toglez\n","uploadtime":1683933371,"views":8,"p1id":"jmmata95","p2id":"toglez","formatid":"gen9vgc2023regulationc","rating":0,"private":0,"password":""}