{"id":"gen9vgc2023regulationc-1859364469","p1":"wallythebandit","p2":"Blackless","format":"[Gen 9] VGC 2023 Regulation C","log":"|j|\u2606wallythebandit\n|j|\u2606Blackless\n|t:|1683448198\n|gametype|doubles\n|player|p1|wallythebandit|266|1311\n|player|p2|Blackless|palmer|1409\n|teamsize|p1|6\n|teamsize|p2|6\n|gen|9\n|tier|[Gen 9] VGC 2023 Regulation C\n|rated|\n|rule|Species Clause: Limit one of each Pok\u00e9mon\n|rule|Item Clause: Limit one of each item\n|clearpoke\n|poke|p1|Chien-Pao, L50|\n|poke|p1|Dragonite, L50, M|\n|poke|p1|Iron Hands, L50|\n|poke|p1|Glimmora, L50, M|\n|poke|p1|Scream Tail, L50|\n|poke|p1|Volcarona, L50, F|\n|poke|p2|Baxcalibur, L50, M|\n|poke|p2|Gyarados, L50, F|\n|poke|p2|Kilowattrel, L50, M|\n|poke|p2|Flutter Mane, L50|\n|poke|p2|Iron Moth, L50|\n|poke|p2|Brute Bonnet, L50|\n|teampreview|4\nwallythebandit has agreed to open team sheets.\n|\n|t:|1683448238\n|start\n|switch|p1a: Iron Hands|Iron Hands, L50|100\/100\n|switch|p1b: Glimmora|Glimmora, L50, M|100\/100\n|switch|p2a: Kilowattrel|Kilowattrel, L50, M|100\/100\n|switch|p2b: Baxcalibur|Baxcalibur, L50, M|100\/100\n|turn|1\n|inactive|Battle timer is ON: inactive players will automatically lose when time's up. (requested by Blackless)\n|\n|t:|1683448276\n|-terastallize|p2b: Baxcalibur|Ground\n|move|p1b: Glimmora|Spiky Shield|p1b: Glimmora\n|-singleturn|p1b: Glimmora|move: Protect\n|move|p2a: Kilowattrel|Tailwind|p2a: Kilowattrel\n|-sidestart|p2: Blackless|move: Tailwind\n|-start|p2a: Kilowattrel|Charge|Tailwind|[from] ability: Wind Power\n|move|p2b: Baxcalibur|Earthquake|p1b: Glimmora|[spread] p1a\n|-activate|p1b: Glimmora|move: Protect\n|-immune|p2a: Kilowattrel\n|-supereffective|p1a: Iron Hands\n|-damage|p1a: Iron Hands|41\/100\n|move|p1a: Iron Hands|Drain Punch|p2b: Baxcalibur\n|-damage|p2b: Baxcalibur|60\/100\n|-heal|p1a: Iron Hands|59\/100|[from] drain|[of] p2b: Baxcalibur\n|\n|upkeep\n|turn|2\n|inactive|wallythebandit has 30 seconds left.\n|\n|t:|1683448304\n|-end|p1a: Iron Hands|Quark Drive|[silent]\n|switch|p1a: Dragonite|Dragonite, L50, M|100\/100\n|-terastallize|p1b: Glimmora|Grass\n|move|p2a: Kilowattrel|Thunderbolt|p1b: Glimmora\n|-resisted|p1b: Glimmora\n|-damage|p1b: Glimmora|55\/100\n|-end|p2a: Kilowattrel|Charge|[silent]\n|move|p2b: Baxcalibur|Earthquake|p1b: Glimmora|[spread] p1b\n|-immune|p2a: Kilowattrel\n|-immune|p1a: Dragonite\n|-resisted|p1b: Glimmora\n|-damage|p1b: Glimmora|29\/100\n|-activate|p1b: Glimmora|ability: Toxic Debris\n|-sidestart|p2: Blackless|move: Toxic Spikes\n|-enditem|p1b: Glimmora|Sitrus Berry|[eat]\n|-heal|p1b: Glimmora|54\/100|[from] item: Sitrus Berry\n|move|p1b: Glimmora|Energy Ball|p2b: Baxcalibur\n|-supereffective|p2b: Baxcalibur\n|-damage|p2b: Baxcalibur|0 fnt\n|faint|p2b: Baxcalibur\n|\n|upkeep\n|\n|t:|1683448322\n|switch|p2b: Flutter Mane|Flutter Mane, L50|100\/100\n|-status|p2b: Flutter Mane|psn\n|turn|3\n|inactive|wallythebandit has 30 seconds left.\n|inactive|wallythebandit has 20 seconds left.\n|\n|t:|1683448357\n|move|p2b: Flutter Mane|Moonblast|p1a: Dragonite\n|-supereffective|p1a: Dragonite\n|-damage|p1a: Dragonite|26\/100\n|move|p2a: Kilowattrel|Air Slash|p1b: Glimmora\n|-supereffective|p1b: Glimmora\n|-damage|p1b: Glimmora|0 fnt\n|faint|p1b: Glimmora\n|move|p1a: Dragonite|Iron Head|p2b: Flutter Mane\n|-supereffective|p2b: Flutter Mane\n|-damage|p2b: Flutter Mane|0 fnt\n|faint|p2b: Flutter Mane\n|-end|p2b: Flutter Mane|Protosynthesis|[silent]\n|\n|upkeep\n|inactive|Blackless has 30 seconds left.\n|inactive|Blackless has 20 seconds left.\n|\n|t:|1683448394\n|switch|p2b: Gyarados|Gyarados, L50, F|100\/100\n|switch|p1b: Iron Hands|Iron Hands, L50|59\/100\n|-ability|p2b: Gyarados|Intimidate|boost\n|-unboost|p1a: Dragonite|atk|1\n|-unboost|p1b: Iron Hands|atk|1\n|turn|4\n|\n|t:|1683448406\n|switch|p1a: Chien-Pao|Chien-Pao, L50|100\/100\n|-ability|p1a: Chien-Pao|Sword of Ruin\n|move|p2a: Kilowattrel|Protect|p2a: Kilowattrel\n|-singleturn|p2a: Kilowattrel|Protect\n|move|p2b: Gyarados|Protect|p2b: Gyarados\n|-singleturn|p2b: Gyarados|Protect\n|move|p1b: Iron Hands|Thunder Punch|p2b: Gyarados\n|-activate|p2b: Gyarados|move: Protect\n|\n|-sideend|p2: Blackless|move: Tailwind\n|upkeep\n|turn|5\n|\n|t:|1683448424\n|move|p1a: Chien-Pao|Ice Spinner|p2a: Kilowattrel\n|-supereffective|p2a: Kilowattrel\n|-enditem|p2a: Kilowattrel|Focus Sash\n|-damage|p2a: Kilowattrel|1\/100\n|move|p2a: Kilowattrel|Air Slash|p1b: Iron Hands\n|-damage|p1b: Iron Hands|41\/100\n|move|p2b: Gyarados|Waterfall|p1b: Iron Hands\n|-damage|p1b: Iron Hands|9\/100\n|move|p1b: Iron Hands|Thunder Punch|p2b: Gyarados\n|-supereffective|p2b: Gyarados\n|-damage|p2b: Gyarados|0 fnt\n|faint|p2b: Gyarados\n|\n|upkeep\n|turn|6\n|-message|Blackless forfeited.\n|\n|win|wallythebandit\n|raw|wallythebandit's rating: 1311 → 1336<\/strong> (+25 for winning)\n|raw|Blackless's rating: 1409 → 1384<\/strong> (-25 for losing)\n|l|\u2606Blackless\n|c|\u2606wallythebandit|gg\n","uploadtime":1683448453,"views":11,"p1id":"wallythebandit","p2id":"blackless","formatid":"gen9vgc2023regulationc","rating":1336,"private":0,"password":""}