{"id":"gen9vgc2023regulationc-1852061940","p1":"KyokySP","p2":"Pawmaughty","format":"[Gen 9] VGC 2023 Regulation C","log":"|j|\u2606KyokySP\n|j|\u2606Pawmaughty\n|t:|1682520979\n|gametype|doubles\n|player|p1|KyokySP|ingo|1144\n|player|p2|Pawmaughty|265|1215\n|teamsize|p1|6\n|teamsize|p2|6\n|gen|9\n|tier|[Gen 9] VGC 2023 Regulation C\n|rated|\n|rule|Species Clause: Limit one of each Pok\u00e9mon\n|rule|Item Clause: Limit one of each item\n|clearpoke\n|poke|p1|Iron Hands, L50|\n|poke|p1|Kingambit, L50, F|\n|poke|p1|Amoonguss, L50, F|\n|poke|p1|Garchomp, L50, M|\n|poke|p1|Talonflame, L50, M|\n|poke|p1|Slither Wing, L50|\n|poke|p2|Dondozo, L50, M|\n|poke|p2|Orthworm, L50, F|\n|poke|p2|Flutter Mane, L50|\n|poke|p2|Brute Bonnet, L50|\n|poke|p2|Ceruledge, L50, M|\n|poke|p2|Tatsugiri, L50, M|\n|teampreview|4\n|\n|t:|1682521038\n|start\n|switch|p1a: Slither Wing|Slither Wing, L50|100\/100\n|switch|p1b: Talonflame|Talonflame, L50, M|100\/100\n|switch|p2a: Dondozo|Dondozo, L50, M|100\/100\n|switch|p2b: Brute Bonnet|Brute Bonnet, L50|100\/100\n|turn|1\n|\n|t:|1682521064\n|-end|p2b: Brute Bonnet|Protosynthesis|[silent]\n|switch|p2b: Ceruledge|Ceruledge, L50, M|100\/100\n|move|p1a: Slither Wing|First Impression|p2b: Ceruledge\n|-resisted|p2b: Ceruledge\n|-damage|p2b: Ceruledge|80\/100\n|-ability|p2b: Ceruledge|Weak Armor|boost\n|-unboost|p2b: Ceruledge|def|1\n|-boost|p2b: Ceruledge|spe|2\n|-damage|p1a: Slither Wing|91\/100|[from] item: Life Orb\n|move|p1b: Talonflame|Tailwind|p1b: Talonflame\n|-sidestart|p1: KyokySP|move: Tailwind\n|move|p2a: Dondozo|Liquidation|p1b: Talonflame\n|-supereffective|p1b: Talonflame\n|-damage|p1b: Talonflame|3\/100\n|\n|upkeep\n|turn|2\n|\n|t:|1682521092\n|move|p2b: Ceruledge|Shadow Sneak|p1b: Talonflame\n|-crit|p1b: Talonflame\n|-damage|p1b: Talonflame|0 fnt\n|faint|p1b: Talonflame\n|move|p1a: Slither Wing|U-turn|p2a: Dondozo\n|-damage|p2a: Dondozo|71\/100\n|-damage|p1a: Slither Wing|81\/100|[from] item: Life Orb\n|\n|t:|1682521100\n|-end|p1a: Slither Wing|Protosynthesis|[silent]\n|switch|p1a: Amoonguss|Amoonguss, L50, F|100\/100|[from] U-turn\n|move|p2a: Dondozo|Bulldoze|p1a: Amoonguss|[spread] p2b,p1a\n|-supereffective|p2b: Ceruledge\n|-damage|p2b: Ceruledge|34\/100\n|-damage|p1a: Amoonguss|92\/100\n|-unboost|p2b: Ceruledge|spe|1\n|-unboost|p1a: Amoonguss|spe|1\n|-ability|p2b: Ceruledge|Weak Armor|boost\n|-unboost|p2b: Ceruledge|def|1\n|-boost|p2b: Ceruledge|spe|2\n|-enditem|p2b: Ceruledge|Weakness Policy\n|-boost|p2b: Ceruledge|atk|2|[from] item: Weakness Policy\n|-boost|p2b: Ceruledge|spa|2|[from] item: Weakness Policy\n|\n|-heal|p2a: Dondozo|77\/100|[from] item: Leftovers\n|upkeep\n|\n|t:|1682521115\n|switch|p1b: Slither Wing|Slither Wing, L50|81\/100\n|turn|3\n|\n|t:|1682521130\n|move|p2b: Ceruledge|Protect|p2b: Ceruledge\n|-singleturn|p2b: Ceruledge|Protect\n|move|p1b: Slither Wing|First Impression|p2b: Ceruledge\n|-activate|p2b: Ceruledge|move: Protect\n|move|p1a: Amoonguss|Spore|p2a: Dondozo\n|-status|p2a: Dondozo|slp|[from] move: Spore\n|cant|p2a: Dondozo|slp\n|\n|-heal|p2a: Dondozo|84\/100 slp|[from] item: Leftovers\n|upkeep\n|turn|4\n|\n|t:|1682521173\n|-terastallize|p2b: Ceruledge|Grass\n|-curestatus|p2a: Dondozo|slp|[msg]\n|move|p2a: Dondozo|Protect|p2a: Dondozo\n|-singleturn|p2a: Dondozo|Protect\n|move|p1a: Amoonguss|Rage Powder|p1a: Amoonguss\n|-singleturn|p1a: Amoonguss|move: Rage Powder\n|move|p2b: Ceruledge|Bitter Blade|p1b: Slither Wing\n|-supereffective|p1b: Slither Wing\n|-damage|p1b: Slither Wing|0 fnt\n|-heal|p2b: Ceruledge|70\/100|[from] drain|[of] p1b: Slither Wing\n|faint|p1b: Slither Wing\n|-end|p1b: Slither Wing|Protosynthesis|[silent]\n|\n|-heal|p2a: Dondozo|90\/100|[from] item: Leftovers\n|-sideend|p1: KyokySP|move: Tailwind\n|upkeep\n|\n|t:|1682521186\n|switch|p1b: Kingambit|Kingambit, L50, F|100\/100\n|turn|5\n|\n|t:|1682521205\n|-terastallize|p1b: Kingambit|Water\n|move|p2b: Ceruledge|Protect|p2b: Ceruledge\n|-singleturn|p2b: Ceruledge|Protect\n|move|p1b: Kingambit|Swords Dance|p1b: Kingambit\n|-boost|p1b: Kingambit|atk|2\n|move|p2a: Dondozo|Yawn|p1b: Kingambit\n|-start|p1b: Kingambit|move: Yawn|[of] p2a: Dondozo\n|move|p1a: Amoonguss|Clear Smog|p2b: Ceruledge\n|-activate|p2b: Ceruledge|move: Protect\n|\n|-heal|p2a: Dondozo|96\/100|[from] item: Leftovers\n|upkeep\n|turn|6\n|\n|t:|1682521231\n|move|p2b: Ceruledge|Protect|p2b: Ceruledge\n|-singleturn|p2b: Ceruledge|Protect\n|move|p1b: Kingambit|Iron Head|p2b: Ceruledge\n|-activate|p2b: Ceruledge|move: Protect\n|move|p2a: Dondozo|Liquidation|p1b: Kingambit\n|-resisted|p1b: Kingambit\n|-damage|p1b: Kingambit|89\/100\n|move|p1a: Amoonguss|Clear Smog|p2b: Ceruledge\n|-activate|p2b: Ceruledge|move: Protect\n|\n|-heal|p2a: Dondozo|100\/100|[from] item: Leftovers\n|-end|p1b: Kingambit|move: Yawn|[silent]\n|-status|p1b: Kingambit|slp\n|upkeep\n|turn|7\n|\n|t:|1682521252\n|switch|p2a: Brute Bonnet|Brute Bonnet, L50|100\/100\n|move|p2b: Ceruledge|Bitter Blade|p1a: Amoonguss\n|-supereffective|p1a: Amoonguss\n|-damage|p1a: Amoonguss|0 fnt\n|-heal|p2b: Ceruledge|100\/100|[from] drain|[of] p1a: Amoonguss\n|faint|p1a: Amoonguss\n|cant|p1b: Kingambit|slp\n|\n|upkeep\n|turn|8\n|l|\u2606KyokySP\n|player|p1|\n|j|\u2606KyokySP\n|player|p1|KyokySP|ingo\n|\n|t:|1682521278\n|move|p2a: Brute Bonnet|Rage Powder|p2a: Brute Bonnet\n|-singleturn|p2a: Brute Bonnet|move: Rage Powder\n|move|p2b: Ceruledge|Bitter Blade|p1b: Kingambit\n|-resisted|p1b: Kingambit\n|-damage|p1b: Kingambit|53\/100 slp\n|cant|p1b: Kingambit|slp\n|\n|upkeep\n|turn|9\n|\n|t:|1682521290\n|move|p2b: Ceruledge|Bitter Blade|p1b: Kingambit\n|-resisted|p1b: Kingambit\n|-damage|p1b: Kingambit|15\/100 slp\n|move|p2a: Brute Bonnet|Bullet Seed|p1b: Kingambit\n|-supereffective|p1b: Kingambit\n|-damage|p1b: Kingambit|0 fnt\n|faint|p1b: Kingambit\n|-hitcount|p1: Kingambit|1\n|\n|win|Pawmaughty\n|raw|KyokySP's rating: 1144 → 1124<\/strong> (-20 for losing)\n|raw|Pawmaughty's rating: 1215 → 1235<\/strong> (+20 for winning)\n|l|\u2606KyokySP\n","uploadtime":1682521306,"views":26,"p1id":"kyokysp","p2id":"pawmaughty","formatid":"gen9vgc2023regulationc","rating":1124,"private":0,"password":""}