{"id":"gen9vgc2023regulationc-1852509970","p1":"Ronoldo1","p2":"Njgerbz","format":"[Gen 9] VGC 2023 Regulation C","log":"|j|\u2606Ronoldo1\n|j|\u2606Njgerbz\n|t:|1682567310\n|gametype|doubles\n|player|p1|Ronoldo1|ghetsis-gen5bw|1107\n|player|p2|Njgerbz|102|1114\n|teamsize|p1|6\n|teamsize|p2|6\n|gen|9\n|tier|[Gen 9] VGC 2023 Regulation C\n|rated|\n|rule|Species Clause: Limit one of each Pok\u00e9mon\n|rule|Item Clause: Limit one of each item\n|clearpoke\n|poke|p1|Ting-Lu, L50|\n|poke|p1|Roaring Moon, L50|\n|poke|p1|Garganacl, L50, M|\n|poke|p1|Iron Bundle, L50|\n|poke|p1|Arcanine, L50, M|\n|poke|p1|Amoonguss, L50, M|\n|poke|p2|Chien-Pao, L50|\n|poke|p2|Garchomp, L50, M|\n|poke|p2|Gyarados, L50, F|\n|poke|p2|Talonflame, L50, F|\n|poke|p2|Arboliva, L50, F|\n|poke|p2|Rotom-Heat, L50|\n|teampreview|4\n|inactive|Battle timer is ON: inactive players will automatically lose when time's up. (requested by Njgerbz)\n|inactive|Ronoldo1 has 60 seconds left.\n|inactive|Njgerbz has 60 seconds left.\n|inactive|Ronoldo1 has 30 seconds left.\n|\n|t:|1682567373\n|start\n|switch|p1a: Iron Bundle|Iron Bundle, L50|100\/100\n|switch|p1b: Arcanine|Arcanine, L50, M|100\/100\n|switch|p2a: Rotom|Rotom-Heat, L50|100\/100\n|switch|p2b: Chien-Pao|Chien-Pao, L50|100\/100\n|-ability|p2b: Chien-Pao|Sword of Ruin\n|-ability|p1b: Arcanine|Intimidate|boost\n|-unboost|p2a: Rotom|atk|1\n|-unboost|p2b: Chien-Pao|atk|1\n|turn|1\n|\n|t:|1682567395\n|move|p1a: Iron Bundle|Protect|p1a: Iron Bundle\n|-singleturn|p1a: Iron Bundle|Protect\n|move|p2b: Chien-Pao|Protect|p2b: Chien-Pao\n|-singleturn|p2b: Chien-Pao|Protect\n|move|p2a: Rotom|Volt Switch|p1a: Iron Bundle\n|-activate|p1a: Iron Bundle|move: Protect\n|move|p1b: Arcanine|Will-O-Wisp|p2b: Chien-Pao\n|-activate|p2b: Chien-Pao|move: Protect\n|\n|upkeep\n|turn|2\n|\n|t:|1682567415\n|-end|p1a: Iron Bundle|Quark Drive|[silent]\n|switch|p1a: Ting-Lu|Ting-Lu, L50|100\/100\n|-ability|p1a: Ting-Lu|Vessel of Ruin\n|switch|p2b: Arboliva|Arboliva, L50, F|100\/100\n|move|p2a: Rotom|Volt Switch|p1a: Ting-Lu\n|-immune|p1a: Ting-Lu\n|move|p1b: Arcanine|Will-O-Wisp|p2b: Arboliva\n|-status|p2b: Arboliva|brn\n|\n|-damage|p2b: Arboliva|95\/100 brn|[from] brn\n|upkeep\n|turn|3\n|inactive|Ronoldo1 has 30 seconds left.\n|inactive|Ronoldo1 has 20 seconds left.\n|\n|t:|1682567453\n|move|p1b: Arcanine|Protect|p1b: Arcanine\n|-singleturn|p1b: Arcanine|Protect\n|move|p2a: Rotom|Volt Switch|p1b: Arcanine\n|-activate|p1b: Arcanine|move: Protect\n|move|p1a: Ting-Lu|Sand Tomb|p2a: Rotom\n|-immune|p2a: Rotom|[from] ability: Levitate\n|move|p2b: Arboliva|Energy Ball|p1a: Ting-Lu\n|-supereffective|p1a: Ting-Lu\n|-crit|p1a: Ting-Lu\n|-damage|p1a: Ting-Lu|50\/100\n|\n|-damage|p2b: Arboliva|89\/100 brn|[from] brn\n|upkeep\n|turn|4\n|\n|t:|1682567472\n|-terastallize|p1a: Ting-Lu|Poison\n|move|p2a: Rotom|Volt Switch|p1b: Arcanine\n|-damage|p1b: Arcanine|60\/100\n|\n|t:|1682567477\n|switch|p2a: Gyarados|Gyarados, L50, F|100\/100|[from] Volt Switch\n|-ability|p2a: Gyarados|Intimidate|boost\n|-unboost|p1a: Ting-Lu|atk|1\n|-unboost|p1b: Arcanine|atk|1\n|move|p1b: Arcanine|Flare Blitz|p2b: Arboliva\n|-supereffective|p2b: Arboliva\n|-damage|p2b: Arboliva|11\/100 brn\n|-fieldstart|move: Grassy Terrain|[from] ability: Seed Sower|[of] p2b: Arboliva\n|-enditem|p2b: Arboliva|Grassy Seed\n|-boost|p2b: Arboliva|def|1|[from] item: Grassy Seed\n|-damage|p1b: Arcanine|36\/100|[from] Recoil\n|move|p1a: Ting-Lu|Stomping Tantrum|p2b: Arboliva\n|-resisted|p2b: Arboliva\n|-damage|p2b: Arboliva|0 fnt\n|faint|p2b: Arboliva\n|\n|-heal|p1b: Arcanine|42\/100|[from] Grassy Terrain\n|-heal|p1a: Ting-Lu|56\/100|[from] Grassy Terrain\n|upkeep\n|\n|t:|1682567493\n|switch|p2b: Chien-Pao|Chien-Pao, L50|100\/100\n|-ability|p2b: Chien-Pao|Sword of Ruin\n|turn|5\n|inactive|Ronoldo1 has 30 seconds left.\n|\n|t:|1682567519\n|move|p1b: Arcanine|Protect|p1b: Arcanine\n|-singleturn|p1b: Arcanine|Protect\n|move|p2b: Chien-Pao|Psychic Fangs|p1a: Ting-Lu\n|-supereffective|p1a: Ting-Lu\n|-damage|p1a: Ting-Lu|0 fnt\n|faint|p1a: Ting-Lu\n|-damage|p2b: Chien-Pao|91\/100|[from] item: Life Orb\n|move|p2a: Gyarados|Waterfall|p1b: Arcanine\n|-activate|p1b: Arcanine|move: Protect\n|\n|-heal|p2b: Chien-Pao|97\/100|[from] Grassy Terrain\n|-heal|p1b: Arcanine|48\/100|[from] Grassy Terrain\n|upkeep\n|\n|t:|1682567533\n|switch|p1a: Iron Bundle|Iron Bundle, L50|100\/100\n|turn|6\n|inactive|Ronoldo1 has 30 seconds left.\n|inactive|Njgerbz has 30 seconds left.\n|\n|t:|1682567563\n|switch|p2a: Rotom|Rotom-Heat, L50|100\/100\n|move|p1a: Iron Bundle|Freeze-Dry|p2a: Rotom\n|-resisted|p2a: Rotom\n|-damage|p2a: Rotom|75\/100\n|move|p2b: Chien-Pao|Crunch|p1b: Arcanine\n|-damage|p1b: Arcanine|0 fnt\n|faint|p1b: Arcanine\n|-damage|p2b: Chien-Pao|87\/100|[from] item: Life Orb\n|\n|-heal|p2b: Chien-Pao|93\/100|[from] Grassy Terrain\n|upkeep\n|\n|t:|1682567567\n|switch|p1b: Garganacl|Garganacl, L50, M|100\/100\n|turn|7\n|inactive|Njgerbz has 30 seconds left.\n|\n|t:|1682567595\n|move|p1a: Iron Bundle|Hydro Pump|p2a: Rotom\n|-supereffective|p2a: Rotom\n|-damage|p2a: Rotom|0 fnt\n|faint|p2a: Rotom\n|move|p2b: Chien-Pao|Crunch|p1a: Iron Bundle\n|-damage|p1a: Iron Bundle|21\/100\n|-damage|p2b: Chien-Pao|83\/100|[from] item: Life Orb\n|move|p1b: Garganacl|Salt Cure|p2b: Chien-Pao\n|-supereffective|p2b: Chien-Pao\n|-damage|p2b: Chien-Pao|43\/100\n|-start|p2b: Chien-Pao|Salt Cure\n|\n|-heal|p1a: Iron Bundle|27\/100|[from] Grassy Terrain\n|-heal|p2b: Chien-Pao|49\/100|[from] Grassy Terrain\n|-damage|p2b: Chien-Pao|37\/100|[from] Salt Cure\n|upkeep\n|\n|t:|1682567603\n|switch|p2a: Gyarados|Gyarados, L50, F|100\/100\n|-ability|p2a: Gyarados|Intimidate|boost\n|-unboost|p1a: Iron Bundle|atk|1\n|-unboost|p1b: Garganacl|atk|1\n|turn|8\n|\n|t:|1682567623\n|-terastallize|p2a: Gyarados|Flying\n|move|p1a: Iron Bundle|Protect|p1a: Iron Bundle\n|-singleturn|p1a: Iron Bundle|Protect\n|move|p2b: Chien-Pao|Protect|p2b: Chien-Pao\n|-singleturn|p2b: Chien-Pao|Protect\n|move|p1b: Garganacl|Protect|p1b: Garganacl\n|-singleturn|p1b: Garganacl|Protect\n|move|p2a: Gyarados|Earthquake|p1b: Garganacl|[spread] \n|-activate|p2b: Chien-Pao|move: Protect\n|-activate|p1a: Iron Bundle|move: Protect\n|-activate|p1b: Garganacl|move: Protect\n|\n|-heal|p1a: Iron Bundle|33\/100|[from] Grassy Terrain\n|-heal|p2b: Chien-Pao|43\/100|[from] Grassy Terrain\n|-damage|p2b: Chien-Pao|31\/100|[from] Salt Cure\n|-fieldend|move: Grassy Terrain\n|upkeep\n|turn|9\n|inactive|Ronoldo1 has 30 seconds left.\n|inactive|Njgerbz has 30 seconds left.\n|inactive|Njgerbz has 20 seconds left.\n|inactive|Njgerbz has 15 seconds left.\n|inactive|Njgerbz has 10 seconds left.\n|\n|t:|1682567669\n|move|p1a: Iron Bundle|Freeze-Dry|p2a: Gyarados\n|-supereffective|p2a: Gyarados\n|-damage|p2a: Gyarados|26\/100\n|move|p2b: Chien-Pao|Ice Spinner|p1b: Garganacl\n|-damage|p1b: Garganacl|55\/100\n|-damage|p2b: Chien-Pao|21\/100|[from] item: Life Orb\n|move|p2a: Gyarados|Waterfall|p1b: Garganacl\n|-supereffective|p1b: Garganacl\n|-damage|p1b: Garganacl|0 fnt\n|faint|p1b: Garganacl\n|\n|-damage|p2b: Chien-Pao|9\/100|[from] Salt Cure\n|upkeep\n|turn|10\n|\n|t:|1682567685\n|move|p1a: Iron Bundle|Protect|p1a: Iron Bundle\n|-singleturn|p1a: Iron Bundle|Protect\n|move|p2b: Chien-Pao|Crunch|p1a: Iron Bundle\n|-activate|p1a: Iron Bundle|move: Protect\n|move|p2a: Gyarados|Crunch|p1a: Iron Bundle\n|-activate|p1a: Iron Bundle|move: Protect\n|\n|-damage|p2b: Chien-Pao|0 fnt|[from] Salt Cure\n|faint|p2b: Chien-Pao\n|upkeep\n|turn|11\n|\n|t:|1682567696\n|move|p1a: Iron Bundle|Freeze-Dry|p2a: Gyarados\n|-supereffective|p2a: Gyarados\n|-damage|p2a: Gyarados|0 fnt\n|faint|p2a: Gyarados\n|\n|win|Ronoldo1\n|raw|Ronoldo1's rating: 1107 → 1133<\/strong> (+26 for winning)\n|raw|Njgerbz's rating: 1114 → 1088<\/strong> (-26 for losing)\n","uploadtime":1682567703,"views":7,"p1id":"ronoldo1","p2id":"njgerbz","formatid":"gen9vgc2023regulationc","rating":1088,"private":0,"password":""}