{"id":"gen9vgc2023regulationc-1844880254","p1":"Esspecialy","p2":"kingbananahammock","format":"[Gen 9] VGC 2023 Regulation C","log":"|j|\u2606Esspecialy\n|j|\u2606kingbananahammock\n|t:|1681659783\n|gametype|doubles\n|player|p1|Esspecialy|roughneck|1385\n|player|p2|kingbananahammock|102|1336\n|teamsize|p1|6\n|teamsize|p2|6\n|gen|9\n|tier|[Gen 9] VGC 2023 Regulation C\n|rated|\n|rule|Species Clause: Limit one of each Pok\u00e9mon\n|rule|Item Clause: Limit one of each item\n|clearpoke\n|poke|p1|Dondozo, L50, M|\n|poke|p1|Tatsugiri, L50, F|\n|poke|p1|Orthworm, L50, M|\n|poke|p1|Garchomp, L50, M|\n|poke|p1|Hydreigon, L50, F|\n|poke|p1|Arcanine, L50, F|\n|poke|p2|Corviknight, L50, F|\n|poke|p2|Brambleghast, L50, M|\n|poke|p2|Baxcalibur, L50, F|\n|poke|p2|Talonflame, L50, M|\n|poke|p2|Rotom-Heat, L50|\n|poke|p2|Tatsugiri, L50, M|\n|teampreview|4\n|inactive|Battle timer is ON: inactive players will automatically lose when time's up. (requested by Esspecialy)\nEsspecialy rejected open team sheets.\n|\n|t:|1681659830\n|start\n|switch|p1a: DonBozo|Dondozo, L50, M, shiny|100\/100\n|switch|p1b: TatsuLeery|Tatsugiri, L50, F|100\/100\n|switch|p2a: Talonflame|Talonflame, L50, M|100\/100\n|switch|p2b: Brambleghast|Brambleghast, L50, M|100\/100\n|-activate|p1b: TatsuLeery|ability: Commander|[of] p1a: DonBozo\n|-boost|p1a: DonBozo|atk|2\n|-boost|p1a: DonBozo|spa|2\n|-boost|p1a: DonBozo|spe|2\n|-boost|p1a: DonBozo|def|2\n|-boost|p1a: DonBozo|spd|2\n|turn|1\n|\n|t:|1681659853\n|-terastallize|p1a: DonBozo|Grass\n|move|p2a: Talonflame|Tailwind|p2a: Talonflame\n|-sidestart|p2: kingbananahammock|move: Tailwind\n|-ability|p2b: Brambleghast|Wind Rider|boost\n|-boost|p2b: Brambleghast|atk|1\n|move|p2b: Brambleghast|Power Whip|p1a: DonBozo\n|-resisted|p1a: DonBozo\n|-damage|p1a: DonBozo|86\/100\n|-damage|p2b: Brambleghast|91\/100|[from] item: Life Orb\n|move|p1a: DonBozo|Order Up|p2a: Talonflame\n|-damage|p2a: Talonflame|12\/100\n|-boost|p1a: DonBozo|atk|1\n|\n|upkeep\n|turn|2\n|inactive|kingbananahammock has 30 seconds left.\n|\n|t:|1681659880\n|move|p2a: Talonflame|Hurricane|p1a: DonBozo|[miss]\n|-miss|p2a: Talonflame|p1a: DonBozo\n|move|p2b: Brambleghast|Phantom Force||[still]\n|-prepare|p2b: Brambleghast|Phantom Force\n|move|p1a: DonBozo|Order Up|p2b: Brambleghast|[miss]\n|-miss|p1a: DonBozo|p2b: Brambleghast\n|\n|upkeep\n|turn|3\n|\n|t:|1681659889\n|move|p2a: Talonflame|Will-O-Wisp|p1a: DonBozo\n|-status|p1a: DonBozo|brn\n|move|p2b: Brambleghast|Phantom Force|p1a: DonBozo|[from]lockedmove\n|-damage|p1a: DonBozo|65\/100 brn\n|-damage|p2b: Brambleghast|81\/100|[from] item: Life Orb\n|move|p1a: DonBozo|Order Up|p2b: Brambleghast\n|-damage|p2b: Brambleghast|6\/100\n|-boost|p1a: DonBozo|atk|1\n|\n|-damage|p1a: DonBozo|59\/100 brn|[from] brn\n|upkeep\n|turn|4\n|\n|t:|1681659906\n|move|p2a: Talonflame|Hurricane|p1a: DonBozo\n|-supereffective|p1a: DonBozo\n|-damage|p1a: DonBozo|32\/100 brn\n|move|p2b: Brambleghast|Phantom Force||[still]\n|-prepare|p2b: Brambleghast|Phantom Force\n|move|p1a: DonBozo|Order Up|p2a: Talonflame\n|-damage|p2a: Talonflame|0 fnt\n|faint|p2a: Talonflame\n|-boost|p1a: DonBozo|atk|1\n|\n|-damage|p1a: DonBozo|26\/100 brn|[from] brn\n|-sideend|p2: kingbananahammock|move: Tailwind\n|upkeep\n|\n|t:|1681659916\n|switch|p2a: Baxcalibur|Baxcalibur, L50, F|100\/100\n|turn|5\n|\n|t:|1681659921\n|move|p2a: Baxcalibur|Ice Shard|p1a: DonBozo\n|-supereffective|p1a: DonBozo\n|-damage|p1a: DonBozo|9\/100 brn\n|move|p1a: DonBozo|Order Up|p2a: Baxcalibur\n|-supereffective|p2a: Baxcalibur\n|-damage|p2a: Baxcalibur|0 fnt\n|faint|p2a: Baxcalibur\n|-boost|p1a: DonBozo|atk|1\n|move|p2b: Brambleghast|Phantom Force|p1a: DonBozo|[from]lockedmove\n|-damage|p1a: DonBozo|0 fnt\n|faint|p1a: DonBozo\n|-damage|p2b: Brambleghast|0 fnt|[from] item: Life Orb\n|faint|p2b: Brambleghast\n|\n|upkeep\n|\n|t:|1681659936\n|switch|p2b: Rotom|Rotom-Heat, L50|100\/100\n|switch|p1a: GarSwamp|Garchomp, L50, M, shiny|100\/100\n|turn|6\n|-message|kingbananahammock forfeited.\n|\n|win|Esspecialy\n|raw|Esspecialy's rating: 1385 → 1402<\/strong> (+17 for winning)\n|raw|kingbananahammock's rating: 1336 → 1319<\/strong> (-17 for losing)\n|l|\u2606kingbananahammock\n","uploadtime":1681659945,"views":25,"p1id":"esspecialy","p2id":"kingbananahammock","formatid":"gen9vgc2023regulationc","rating":1319,"private":0,"password":""}