{"id":"gen9vgc2023regulationc-1862914315","p1":"LutyAlphayOmega","p2":"Alexis_student","format":"[Gen 9] VGC 2023 Regulation C","log":"|j|\u2606LutyAlphayOmega\n|j|\u2606Alexis_student\n|t:|1683937715\n|gametype|doubles\n|player|p1|LutyAlphayOmega|2|1172\n|player|p2|Alexis_student|266|1168\n|teamsize|p1|6\n|teamsize|p2|6\n|gen|9\n|tier|[Gen 9] VGC 2023 Regulation C\n|rated|\n|rule|Species Clause: Limit one of each Pok\u00e9mon\n|rule|Item Clause: Limit one of each item\n|clearpoke\n|poke|p1|Dragonite, L50, F|\n|poke|p1|Orthworm, L50, M|\n|poke|p1|Talonflame, L50, F|\n|poke|p1|Gyarados, L50, M|\n|poke|p1|Ting-Lu, L50|\n|poke|p1|Flutter Mane, L50|\n|poke|p2|Chi-Yu, L50|\n|poke|p2|Flutter Mane, L50|\n|poke|p2|Gyarados, L50, F|\n|poke|p2|Iron Hands, L50|\n|poke|p2|Dragonite, L50, F|\n|poke|p2|Amoonguss, L50, F|\n|teampreview|4\n|inactive|Battle timer is ON: inactive players will automatically lose when time's up. (requested by Alexis_student)\n|inactive|LutyAlphayOmega has 60 seconds left.\n|\n|t:|1683937792\n|start\n|switch|p1a: Ting-Lu|Ting-Lu, L50|100\/100\n|switch|p1b: Talonflame|Talonflame, L50, F|100\/100\n|switch|p2a: Iron Hands|Iron Hands, L50|100\/100\n|switch|p2b: Amoonguss|Amoonguss, L50, F|100\/100\n|-ability|p1a: Ting-Lu|Vessel of Ruin\n|turn|1\n|\n|t:|1683937817\n|-end|p2a: Iron Hands|Quark Drive|[silent]\n|switch|p2a: Dragonite|Dragonite, L50, F|100\/100\n|move|p1b: Talonflame|Protect|p1b: Talonflame\n|-singleturn|p1b: Talonflame|Protect\n|move|p1a: Ting-Lu|Ruination|p2b: Amoonguss\n|-damage|p2b: Amoonguss|50\/100\n|-enditem|p2b: Amoonguss|Sitrus Berry|[eat]\n|-heal|p2b: Amoonguss|75\/100|[from] item: Sitrus Berry\n|move|p2b: Amoonguss|Spore|p1a: Ting-Lu\n|-status|p1a: Ting-Lu|slp|[from] move: Spore\n|\n|upkeep\n|turn|2\n|\n|t:|1683937838\n|switch|p1a: Dragonite|Dragonite, L50, F|100\/100\n|move|p2b: Amoonguss|Protect|p2b: Amoonguss\n|-singleturn|p2b: Amoonguss|Protect\n|move|p1b: Talonflame|Brave Bird|p2b: Amoonguss\n|-activate|p2b: Amoonguss|move: Protect\n|move|p2a: Dragonite|Dragon Dance|p2a: Dragonite\n|-boost|p2a: Dragonite|atk|1\n|-boost|p2a: Dragonite|spe|1\n|\n|upkeep\n|turn|3\n|\n|t:|1683937854\n|switch|p2b: Gyarados|Gyarados, L50, F|100\/100\n|-ability|p2b: Gyarados|Intimidate|boost\n|-fail|p1a: Dragonite|unboost|[from] item: Clear Amulet|[of] p1a: Dragonite\n|-unboost|p1b: Talonflame|atk|1\n|-terastallize|p2a: Dragonite|Flying\n|-terastallize|p1a: Dragonite|Flying\n|move|p1b: Talonflame|Brave Bird|p2b: Gyarados\n|-damage|p2b: Gyarados|69\/100\n|-damage|p1b: Talonflame|88\/100|[from] Recoil\n|move|p2a: Dragonite|Tera Blast|p1a: Dragonite\n|-crit|p1a: Dragonite\n|-damage|p1a: Dragonite|48\/100\n|move|p1a: Dragonite|Tera Blast|p2b: Gyarados\n|-damage|p2b: Gyarados|7\/100\n|\n|upkeep\n|turn|4\n|\n|t:|1683937879\n|move|p1a: Dragonite|Extreme Speed|p2b: Gyarados\n|-damage|p2b: Gyarados|0 fnt\n|faint|p2b: Gyarados\n|move|p2a: Dragonite|Tera Blast|p1a: Dragonite\n|-damage|p1a: Dragonite|0 fnt\n|faint|p1a: Dragonite\n|move|p1b: Talonflame|Will-O-Wisp|p2a: Dragonite|[miss]\n|-miss|p1b: Talonflame|p2a: Dragonite\n|\n|upkeep\n|\n|t:|1683937890\n|switch|p1a: Flutter Mane|Flutter Mane, L50|100\/100\n|switch|p2b: Iron Hands|Iron Hands, L50|100\/100\n|turn|5\n|\n|t:|1683937907\n|switch|p1b: Ting-Lu|Ting-Lu, L50|100\/100 slp\n|-ability|p1b: Ting-Lu|Vessel of Ruin\n|move|p1a: Flutter Mane|Protect|p1a: Flutter Mane\n|-singleturn|p1a: Flutter Mane|Protect\n|move|p2b: Iron Hands|Fake Out|p1b: Ting-Lu\n|-damage|p1b: Ting-Lu|92\/100 slp\n|move|p2a: Dragonite|Tera Blast|p1a: Flutter Mane\n|-activate|p1a: Flutter Mane|move: Protect\n|\n|upkeep\n|turn|6\n|\n|t:|1683937926\n|move|p2a: Dragonite|Tera Blast|p1a: Flutter Mane\n|-damage|p1a: Flutter Mane|0 fnt\n|faint|p1a: Flutter Mane\n|-end|p1a: Flutter Mane|Protosynthesis|[silent]\n|move|p2b: Iron Hands|Drain Punch|p1b: Ting-Lu\n|-supereffective|p1b: Ting-Lu\n|-damage|p1b: Ting-Lu|53\/100 slp\n|cant|p1b: Ting-Lu|slp\n|\n|upkeep\n|\n|t:|1683937933\n|switch|p1a: Talonflame|Talonflame, L50, F|88\/100\n|turn|7\n|\n|t:|1683937957\n|move|p2a: Dragonite|Tera Blast|p1a: Talonflame\n|-crit|p1a: Talonflame\n|-damage|p1a: Talonflame|0 fnt\n|faint|p1a: Talonflame\n|move|p2b: Iron Hands|Drain Punch|p1b: Ting-Lu\n|-supereffective|p1b: Ting-Lu\n|-damage|p1b: Ting-Lu|13\/100 slp\n|-curestatus|p1b: Ting-Lu|slp|[msg]\n|move|p1b: Ting-Lu|Bulldoze|p2b: Iron Hands|[spread] p2b\n|-immune|p2a: Dragonite\n|-supereffective|p2b: Iron Hands\n|-damage|p2b: Iron Hands|77\/100\n|-unboost|p2b: Iron Hands|spe|1\n|\n|upkeep\n|turn|8\n|inactive|LutyAlphayOmega has 30 seconds left.\n|inactive|LutyAlphayOmega has 20 seconds left.\n|-message|LutyAlphayOmega forfeited.\n|\n|win|Alexis_student\n|raw|LutyAlphayOmega's rating: 1172 → 1147<\/strong> (-25 for losing)\n|raw|Alexis_student's rating: 1168 → 1193<\/strong> (+25 for winning)\n|l|\u2606LutyAlphayOmega\n","uploadtime":1683938000,"views":8,"p1id":"lutyalphayomega","p2id":"alexisstudent","formatid":"gen9vgc2023regulationc","rating":1147,"private":0,"password":""}