{"id":"gen9vgc2023regulationc-1863953957","p1":"OneStrangeOnion","p2":"Poopyfartkingtrue","format":"[Gen 9] VGC 2023 Regulation C","log":"|j|\u2606OneStrangeOnion\n|j|\u2606Poopyfartkingtrue\n|t:|1684097465\n|gametype|doubles\n|player|p1|OneStrangeOnion|rosa|1045\n|player|p2|Poopyfartkingtrue|li|1054\n|teamsize|p1|6\n|teamsize|p2|6\n|gen|9\n|tier|[Gen 9] VGC 2023 Regulation C\n|rated|\n|rule|Species Clause: Limit one of each Pok\u00e9mon\n|rule|Item Clause: Limit one of each item\n|clearpoke\n|poke|p1|Polteageist-Antique, L50|\n|poke|p1|Appletun, L50, M|\n|poke|p1|Garganacl, L50, M|\n|poke|p1|Veluza, L50, M|\n|poke|p1|Chansey, L50, F|\n|poke|p1|Vespiquen, L50, F|\n|poke|p2|Vaporeon, L50, F|\n|poke|p2|Oinkologne-F, L50, F|\n|poke|p2|Espathra, L50, F|\n|poke|p2|Muk, L50, M|\n|poke|p2|Farigiraf, L50, F|\n|poke|p2|Jigglypuff, L50, F|\n|teampreview|4\n|inactive|Battle timer is ON: inactive players will automatically lose when time's up. (requested by OneStrangeOnion)\n|c|\u2606Poopyfartkingtrue|Wow\n|c|\u2606Poopyfartkingtrue|i love your team\n|inactive|OneStrangeOnion has 60 seconds left.\n|inactive|Poopyfartkingtrue has 60 seconds left.\n|\n|t:|1684097506\n|start\n|switch|p1a: \u8336|Polteageist-Antique, L50, shiny|100\/100\n|switch|p1b: \u5869|Garganacl, L50, M|100\/100\n|switch|p2a: Espathra|Espathra, L50, F|100\/100\n|switch|p2b: Jigglypuff|Jigglypuff, L50, F|100\/100\n|turn|1\n|inactive|OneStrangeOnion has 30 seconds left.\n|\n|t:|1684097538\n|move|p2a: Espathra|Lumina Crash|p1b: \u5869\n|-damage|p1b: \u5869|79\/100\n|-unboost|p1b: \u5869|spd|2\n|move|p1b: \u5869|Iron Defense|p1b: \u5869\n|-boost|p1b: \u5869|def|2\n|-ability|p2a: Espathra|Opportunist|boost\n|-boost|p2a: Espathra|def|2\n|move|p2b: Jigglypuff|Wish|p2b: Jigglypuff\n|move|p1a: \u8336|Trick Room|p1a: \u8336\n|-fieldstart|move: Trick Room|[of] p1a: \u8336\n|\n|upkeep\n|turn|2\n|inactive|OneStrangeOnion has 30 seconds left.\n|inactive|OneStrangeOnion has 20 seconds left.\n|inactive|OneStrangeOnion has 15 seconds left.\n|\n|t:|1684097580\n|move|p1a: \u8336|Ally Switch|p1a: \u8336\n|swap|p1a: \u8336|1|[from] move: Ally Switch\n|move|p2b: Jigglypuff|Icy Wind|p1b: \u8336|[spread] p1a,p1b\n|-damage|p1a: \u5869|72\/100\n|-damage|p1b: \u8336|96\/100\n|-unboost|p1a: \u5869|spe|1\n|-unboost|p1b: \u8336|spe|1\n|move|p1a: \u5869|Salt Cure|p2a: Espathra\n|-damage|p2a: Espathra|95\/100\n|-start|p2a: Espathra|Salt Cure\n|move|p2a: Espathra|Lumina Crash|p1b: \u8336\n|-damage|p1b: \u8336|77\/100\n|-unboost|p1b: \u8336|spd|2\n|\n|-damage|p2a: Espathra|82\/100|[from] Salt Cure\n|upkeep\n|turn|3\n|inactive|OneStrangeOnion has 30 seconds left.\n|inactive|Poopyfartkingtrue has 30 seconds left.\n|inactive|OneStrangeOnion has 20 seconds left.\n|inactive|OneStrangeOnion has 15 seconds left.\n|\n|t:|1684097623\n|move|p2b: Jigglypuff|Protect|p2b: Jigglypuff\n|-singleturn|p2b: Jigglypuff|Protect\n|move|p1a: \u5869|Body Press|p2b: Jigglypuff\n|-activate|p2b: Jigglypuff|move: Protect\n|move|p1b: \u8336|Will-O-Wisp|p2a: Espathra\n|-status|p2a: Espathra|brn\n|move|p2a: Espathra|Lumina Crash|p1a: \u5869\n|-damage|p1a: \u5869|29\/100\n|-unboost|p1a: \u5869|spd|2\n|\n|-damage|p2a: Espathra|76\/100 brn|[from] brn\n|-damage|p2a: Espathra|64\/100 brn|[from] Salt Cure\n|upkeep\n|turn|4\n|\n|t:|1684097645\n|switch|p1b: \u5375|Chansey, L50, F|100\/100\n|move|p1a: \u5869|Body Press|p2b: Jigglypuff\n|-damage|p2b: Jigglypuff|49\/100\n|move|p2b: Jigglypuff|Icy Wind|p1b: \u5375|[spread] p1a,p1b\n|-damage|p1a: \u5869|19\/100\n|-damage|p1b: \u5375|99\/100\n|-unboost|p1a: \u5869|spe|1\n|-unboost|p1b: \u5375|spe|1\n|move|p2a: Espathra|Lumina Crash|p1b: \u5375\n|-damage|p1b: \u5375|88\/100\n|-unboost|p1b: \u5375|spd|2\n|\n|-damage|p2a: Espathra|58\/100 brn|[from] brn\n|-damage|p2a: Espathra|46\/100 brn|[from] Salt Cure\n|upkeep\n|turn|5\n|\n|t:|1684097669\n|move|p2b: Jigglypuff|Protect|p2b: Jigglypuff\n|-singleturn|p2b: Jigglypuff|Protect\n|move|p1a: \u5869|Body Press|p2b: Jigglypuff\n|-activate|p2b: Jigglypuff|move: Protect\n|move|p1b: \u5375|Heal Pulse|p1a: \u5869\n|-heal|p1a: \u5869|70\/100\n|move|p2a: Espathra|Lumina Crash|p1b: \u5375\n|-damage|p1b: \u5375|67\/100\n|-unboost|p1b: \u5375|spd|2\n|\n|-damage|p2a: Espathra|40\/100 brn|[from] brn\n|-damage|p2a: Espathra|27\/100 brn|[from] Salt Cure\n|-fieldend|move: Trick Room\n|upkeep\n|turn|6\n|inactive|OneStrangeOnion has 30 seconds left.\n|\n|t:|1684097695\n|move|p2a: Espathra|Lumina Crash|p1a: \u5869\n|-damage|p1a: \u5869|3\/100\n|-unboost|p1a: \u5869|spd|2\n|move|p1b: \u5375|Heal Pulse|p1a: \u5869\n|-heal|p1a: \u5869|53\/100\n|move|p2b: Jigglypuff|Wish|p2b: Jigglypuff\n|move|p1a: \u5869|Salt Cure|p2b: Jigglypuff\n|-damage|p2b: Jigglypuff|32\/100\n|-start|p2b: Jigglypuff|Salt Cure\n|\n|-damage|p2a: Espathra|21\/100 brn|[from] brn\n|-damage|p2a: Espathra|9\/100 brn|[from] Salt Cure\n|-damage|p2b: Jigglypuff|20\/100|[from] Salt Cure\n|upkeep\n|turn|7\n|inactive|OneStrangeOnion has 30 seconds left.\n|\n|t:|1684097720\n|switch|p1a: \u9b5a|Veluza, L50, M|100\/100\n|move|p2a: Espathra|Lumina Crash|p1a: \u9b5a\n|-resisted|p1a: \u9b5a\n|-damage|p1a: \u9b5a|80\/100\n|-unboost|p1a: \u9b5a|spd|2\n|move|p1b: \u5375|Soft-Boiled|p1b: \u5375\n|-heal|p1b: \u5375|100\/100\n|move|p2b: Jigglypuff|Icy Wind|p1a: \u9b5a|[spread] p1a,p1b\n|-resisted|p1a: \u9b5a\n|-damage|p1a: \u9b5a|73\/100\n|-damage|p1b: \u5375|96\/100\n|-unboost|p1a: \u9b5a|spe|1\n|-unboost|p1b: \u5375|spe|1\n|\n|-heal|p2b: Jigglypuff|70\/100|[from] move: Wish|[wisher] Jigglypuff\n|-damage|p2a: Espathra|3\/100 brn|[from] brn\n|-damage|p2a: Espathra|0 fnt|[from] Salt Cure\n|faint|p2a: Espathra\n|-damage|p2b: Jigglypuff|58\/100|[from] Salt Cure\n|upkeep\n|\n|t:|1684097740\n|switch|p2a: Muk|Muk, L50, M|100\/100\n|turn|8\n|inactive|OneStrangeOnion has 30 seconds left.\n|\n|t:|1684097768\n|switch|p2b: Vaporeon|Vaporeon, L50, F|100\/100\n|move|p2a: Muk|Toxic|p1b: \u5375\n|-status|p1b: \u5375|tox\n|move|p1a: \u9b5a|Psycho Cut|p2a: Muk\n|-supereffective|p2a: Muk\n|-damage|p2a: Muk|23\/100\n|move|p1b: \u5375|Body Slam|p2b: Vaporeon\n|-damage|p2b: Vaporeon|95\/100\n|-status|p2b: Vaporeon|par\n|\n|-heal|p2a: Muk|29\/100|[from] item: Black Sludge\n|-damage|p1b: \u5375|90\/100 tox|[from] psn\n|upkeep\n|turn|9\n|inactive|OneStrangeOnion has 30 seconds left.\n|inactive|Poopyfartkingtrue has 30 seconds left.\n|inactive|Poopyfartkingtrue has 20 seconds left.\n|inactive|Poopyfartkingtrue has 15 seconds left.\n|inactive|Poopyfartkingtrue has 10 seconds left.\n|l|\u2606OneStrangeOnion\n|inactive|OneStrangeOnion disconnected and has a minute to reconnect!\n|player|p1|\n|\n|t:|1684097814\n|switch|p1b: \u5869|Garganacl, L50, M|53\/100\n|move|p2a: Muk|Toxic|p1a: \u9b5a\n|-status|p1a: \u9b5a|tox\n|move|p1a: \u9b5a|Aqua Cutter|p2a: Muk\n|-damage|p2a: Muk|0 fnt\n|faint|p2a: Muk\n|move|p2b: Vaporeon|Calm Mind|p2b: Vaporeon\n|-boost|p2b: Vaporeon|spa|1\n|-boost|p2b: Vaporeon|spd|1\n|\n|-damage|p1a: \u9b5a|67\/100 tox|[from] psn\n|upkeep\n|j|\u2606OneStrangeOnion\n|inactive|OneStrangeOnion reconnected.\n|player|p1|OneStrangeOnion|rosa\n|\n|t:|1684097826\n|switch|p2a: Jigglypuff|Jigglypuff, L50, F|58\/100\n|turn|10\n|\n|t:|1684097846\n|switch|p1a: \u5375|Chansey, L50, F|90\/100 tox\n|-terastallize|p1b: \u5869|Ghost\n|move|p1b: \u5869|Iron Defense|p1b: \u5869\n|-boost|p1b: \u5869|def|2\n|move|p2b: Vaporeon|Ice Beam|p1b: \u5869\n|-damage|p1b: \u5869|28\/100\n|move|p2a: Jigglypuff|Wish|p2a: Jigglypuff\n|\n|-damage|p1a: \u5375|83\/100 tox|[from] psn\n|upkeep\n|turn|11\n|\n|t:|1684097864\n|move|p1a: \u5375|Heal Pulse|p1b: \u5869\n|-heal|p1b: \u5869|78\/100\n|move|p1b: \u5869|Salt Cure|p2b: Vaporeon\n|-damage|p2b: Vaporeon|87\/100 par\n|-start|p2b: Vaporeon|Salt Cure\n|cant|p2b: Vaporeon|par\n|move|p2a: Jigglypuff|Icy Wind|p1b: \u5869|[spread] p1a,p1b\n|-damage|p1a: \u5375|82\/100 tox\n|-damage|p1b: \u5869|74\/100\n|-unboost|p1a: \u5375|spe|1\n|-unboost|p1b: \u5869|spe|1\n|\n|-heal|p2a: Jigglypuff|100\/100|[from] move: Wish|[wisher] Jigglypuff\n|-damage|p1a: \u5375|69\/100 tox|[from] psn\n|-damage|p2b: Vaporeon|62\/100 par|[from] Salt Cure\n|upkeep\n|turn|12\n|c|\u2606Poopyfartkingtrue|Bruh\n|inactive|OneStrangeOnion has 30 seconds left.\n|\n|t:|1684097893\n|move|p2a: Jigglypuff|Protect|p2a: Jigglypuff\n|-singleturn|p2a: Jigglypuff|Protect\n|move|p1a: \u5375|Soft-Boiled|p1a: \u5375\n|-heal|p1a: \u5375|100\/100 tox\n|cant|p2b: Vaporeon|par\n|move|p1b: \u5869|Iron Defense|p1b: \u5869\n|-boost|p1b: \u5869|def|2\n|\n|-damage|p1a: \u5375|82\/100 tox|[from] psn\n|-damage|p2b: Vaporeon|37\/100 par|[from] Salt Cure\n|upkeep\n|turn|13\n|c|\u2606Poopyfartkingtrue|Why is salt cure a reality\n|inactive|Poopyfartkingtrue has 30 seconds left.\n|\n|t:|1684097919\n|move|p1a: \u5375|Body Slam|p2a: Jigglypuff\n|-damage|p2a: Jigglypuff|93\/100\n|cant|p2b: Vaporeon|par\n|move|p2a: Jigglypuff|Icy Wind|p1b: \u5869|[spread] p1a,p1b\n|-damage|p1a: \u5375|80\/100 tox\n|-damage|p1b: \u5869|71\/100\n|-unboost|p1a: \u5375|spe|1\n|-unboost|p1b: \u5869|spe|1\n|move|p1b: \u5869|Iron Defense|p1b: \u5869\n|-boost|p1b: \u5869|def|2\n|\n|-damage|p1a: \u5375|56\/100 tox|[from] psn\n|-damage|p2b: Vaporeon|12\/100 par|[from] Salt Cure\n|upkeep\n|turn|14\n|c|\u2606Poopyfartkingtrue|This game is rigged\n|inactive|OneStrangeOnion has 30 seconds left.\n|inactive|Poopyfartkingtrue has 30 seconds left.\n|-message|Poopyfartkingtrue forfeited.\n|\n|win|OneStrangeOnion\n|raw|OneStrangeOnion's rating: 1045 → 1079<\/strong> (+34 for winning)\n|raw|Poopyfartkingtrue's rating: 1054 → 1035<\/strong> (-19 for losing)\n|l|\u2606Poopyfartkingtrue\n","uploadtime":1684097950,"views":9,"p1id":"onestrangeonion","p2id":"poopyfartkingtrue","formatid":"gen9vgc2023regulationc","rating":1035,"private":0,"password":""}