{"id":"gen9vgc2023regulationc-1846177858","p1":"Lil Tic","p2":"nik holo","format":"[Gen 9] VGC 2023 Regulation C","log":"|j|\u2606Lil Tic\n|j|\u2606nik holo\n|t:|1681817807\n|gametype|doubles\n|player|p1|Lil Tic|ninjaboy|\n|player|p2|nik holo|102|\n|teamsize|p1|6\n|teamsize|p2|6\n|gen|9\n|tier|[Gen 9] VGC 2023 Regulation C\n|rated|Tournament battle\n|rule|Species Clause: Limit one of each Pok\u00e9mon\n|rule|Item Clause: Limit one of each item\n|clearpoke\n|poke|p1|Flutter Mane, L50|\n|poke|p1|Glimmora, L50, M|\n|poke|p1|Wo-Chien, L50|\n|poke|p1|Ting-Lu, L50|\n|poke|p1|Chi-Yu, L50|\n|poke|p1|Gyarados, L50, F|\n|poke|p2|Chi-Yu, L50|\n|poke|p2|Flutter Mane, L50|\n|poke|p2|Garganacl, L50, M|\n|poke|p2|Glimmora, L50, F|\n|poke|p2|Iron Bundle, L50|\n|poke|p2|Wo-Chien, L50|\n|teampreview|4\n|j|+Robbie35646\n|l|+Robbie35646\nnik holo has agreed to open team sheets.\n|\n|t:|1681817824\n|start\n|switch|p1a: Glimmora|Glimmora, L50, M|100\/100\n|switch|p1b: Gyarados|Gyarados, L50, F|100\/100\n|switch|p2a: Chi-Yu|Chi-Yu, L50|100\/100\n|switch|p2b: Glimmora|Glimmora, L50, F|100\/100\n|-ability|p2a: Chi-Yu|Beads of Ruin\n|-ability|p1b: Gyarados|Intimidate|boost\n|-unboost|p2a: Chi-Yu|atk|1\n|-unboost|p2b: Glimmora|atk|1\n|turn|1\n|\n|t:|1681817833\n|move|p2a: Chi-Yu|Snarl|p1a: Glimmora|[spread] p1a,p1b\n|-damage|p1a: Glimmora|51\/100\n|-damage|p1b: Gyarados|78\/100\n|-unboost|p1a: Glimmora|spa|1\n|-unboost|p1b: Gyarados|spa|1\n|move|p1a: Glimmora|Earth Power|p2b: Glimmora\n|-supereffective|p2b: Glimmora\n|-damage|p2b: Glimmora|22\/100\n|move|p2b: Glimmora|Earth Power|p1a: Glimmora\n|-supereffective|p1a: Glimmora\n|-damage|p1a: Glimmora|0 fnt\n|faint|p1a: Glimmora\n|move|p1b: Gyarados|Waterfall|p2a: Chi-Yu\n|-supereffective|p2a: Chi-Yu\n|-damage|p2a: Chi-Yu|0 fnt\n|faint|p2a: Chi-Yu\n|\n|upkeep\n|\n|t:|1681817852\n|switch|p1a: Wo-Chien|Wo-Chien, L50|100\/100\n|switch|p2a: Garganacl|Garganacl, L50, M|100\/100\n|-ability|p1a: Wo-Chien|Tablets of Ruin\n|turn|2\n|\n|t:|1681817868\n|-terastallize|p1a: Wo-Chien|Poison\n|move|p2b: Glimmora|Mortal Spin|p1a: Wo-Chien|[spread] p1a,p1b\n|-resisted|p1a: Wo-Chien\n|-damage|p1a: Wo-Chien|99\/100\n|-damage|p1b: Gyarados|76\/100\n|-status|p1b: Gyarados|psn\n|move|p1b: Gyarados|Waterfall|p2b: Glimmora\n|-supereffective|p2b: Glimmora\n|-damage|p2b: Glimmora|0 fnt\n|-activate|p2b: Glimmora|ability: Toxic Debris\n|-sidestart|p1: Lil Tic|move: Toxic Spikes\n|faint|p2b: Glimmora\n|move|p1a: Wo-Chien|Leech Seed|p2a: Garganacl\n|-start|p2a: Garganacl|move: Leech Seed\n|move|p2a: Garganacl|Salt Cure|p1b: Gyarados\n|-supereffective|p1b: Gyarados\n|-damage|p1b: Gyarados|58\/100 psn\n|-start|p1b: Gyarados|Salt Cure\n|\n|-heal|p1a: Wo-Chien|100\/100|[from] item: Leftovers\n|-damage|p2a: Garganacl|88\/100|[from] Leech Seed|[of] p1a: Wo-Chien\n|-damage|p1b: Gyarados|46\/100 psn|[from] psn\n|-damage|p1b: Gyarados|21\/100 psn|[from] Salt Cure\n|upkeep\n|-enditem|p1b: Gyarados|Sitrus Berry|[eat]\n|-heal|p1b: Gyarados|46\/100 psn|[from] item: Sitrus Berry\n|\n|t:|1681817890\n|switch|p2b: Wo-Chien|Wo-Chien, L50|100\/100\n|-ability|p2b: Wo-Chien|Tablets of Ruin\n|turn|3\n|j|%Kendrink\n|\n|t:|1681817909\n|switch|p1b: Ting-Lu|Ting-Lu, L50|100\/100\n|-status|p1b: Ting-Lu|psn\n|-ability|p1b: Ting-Lu|Vessel of Ruin\n|move|p1a: Wo-Chien|Protect|p1a: Wo-Chien\n|-singleturn|p1a: Wo-Chien|Protect\n|move|p2b: Wo-Chien|Knock Off|p1a: Wo-Chien\n|-activate|p1a: Wo-Chien|move: Protect\n|move|p2a: Garganacl|Salt Cure|p1a: Wo-Chien\n|-activate|p1a: Wo-Chien|move: Protect\n|\n|-damage|p2a: Garganacl|76\/100|[from] Leech Seed|[of] p1a: Wo-Chien\n|-damage|p1b: Ting-Lu|88\/100 psn|[from] psn\n|upkeep\n|turn|4\n|\n|t:|1681817926\n|-terastallize|p2a: Garganacl|Flying\n|move|p1a: Wo-Chien|Foul Play|p2a: Garganacl\n|-damage|p2a: Garganacl|59\/100\n|move|p2b: Wo-Chien|Leech Seed|p1b: Ting-Lu\n|-start|p1b: Ting-Lu|move: Leech Seed\n|move|p1b: Ting-Lu|Fissure|p2b: Wo-Chien|[miss]\n|-miss|p1b: Ting-Lu|p2b: Wo-Chien\n|move|p2a: Garganacl|Salt Cure|p1a: Wo-Chien\n|-damage|p1a: Wo-Chien|91\/100\n|-start|p1a: Wo-Chien|Salt Cure\n|\n|-heal|p1a: Wo-Chien|97\/100|[from] item: Leftovers\n|-damage|p1b: Ting-Lu|76\/100 psn|[from] Leech Seed|[of] p2b: Wo-Chien\n|-damage|p2a: Garganacl|47\/100|[from] Leech Seed|[of] p1a: Wo-Chien\n|-heal|p1a: Wo-Chien|100\/100|[silent]\n|-damage|p1b: Ting-Lu|64\/100 psn|[from] psn\n|-damage|p1a: Wo-Chien|88\/100|[from] Salt Cure\n|upkeep\n|-enditem|p2a: Garganacl|Sitrus Berry|[eat]\n|-heal|p2a: Garganacl|71\/100|[from] item: Sitrus Berry\n|turn|5\n|\n|t:|1681817947\n|switch|p1b: Gyarados|Gyarados, L50, F|46\/100 psn\n|-ability|p1b: Gyarados|Intimidate|boost\n|-unboost|p2a: Garganacl|atk|1\n|-unboost|p2b: Wo-Chien|atk|1\n|move|p2b: Wo-Chien|Protect|p2b: Wo-Chien\n|-singleturn|p2b: Wo-Chien|Protect\n|move|p1a: Wo-Chien|Foul Play|p2a: Garganacl\n|-damage|p2a: Garganacl|59\/100\n|move|p2a: Garganacl|Salt Cure|p1b: Gyarados\n|-supereffective|p1b: Gyarados\n|-damage|p1b: Gyarados|33\/100 psn\n|-start|p1b: Gyarados|Salt Cure\n|\n|-heal|p1a: Wo-Chien|94\/100|[from] item: Leftovers\n|-damage|p2a: Garganacl|47\/100|[from] Leech Seed|[of] p1a: Wo-Chien\n|-heal|p1a: Wo-Chien|100\/100|[silent]\n|-damage|p1b: Gyarados|20\/100 psn|[from] psn\n|-damage|p1b: Gyarados|0 fnt|[from] Salt Cure\n|faint|p1b: Gyarados\n|-damage|p1a: Wo-Chien|88\/100|[from] Salt Cure\n|upkeep\n|\n|t:|1681817955\n|switch|p1b: Ting-Lu|Ting-Lu, L50|64\/100 psn\n|-ability|p1b: Ting-Lu|Vessel of Ruin\n|turn|6\n|\n|t:|1681817972\n|move|p1a: Wo-Chien|Pollen Puff|p1b: Ting-Lu\n|-heal|p1b: Ting-Lu|100\/100 psn\n|move|p2b: Wo-Chien|Leech Seed|p1b: Ting-Lu\n|-start|p1b: Ting-Lu|move: Leech Seed\n|move|p1b: Ting-Lu|Fissure|p2b: Wo-Chien\n|-damage|p2b: Wo-Chien|0 fnt\n|faint|p2b: Wo-Chien\n|-ohko\n|move|p2a: Garganacl|Salt Cure|p1b: Ting-Lu\n|-resisted|p1b: Ting-Lu\n|-damage|p1b: Ting-Lu|98\/100 psn\n|-start|p1b: Ting-Lu|Salt Cure\n|\n|-heal|p1a: Wo-Chien|94\/100|[from] item: Leftovers\n|-damage|p2a: Garganacl|35\/100|[from] Leech Seed|[of] p1a: Wo-Chien\n|-heal|p1a: Wo-Chien|100\/100|[silent]\n|-damage|p1b: Ting-Lu|86\/100 psn|[from] psn\n|-damage|p1a: Wo-Chien|88\/100|[from] Salt Cure\n|-damage|p1b: Ting-Lu|74\/100 psn|[from] Salt Cure\n|upkeep\n|turn|7\n|-message|nik holo forfeited.\n|\n|win|Lil Tic\n|n|\u2606Lil Tic|liltic\n|n|\u2606nik holo|nikholo\n|n| Kendrink|kendrink\n","uploadtime":1681817986,"views":7,"p1id":"liltic","p2id":"nikholo","formatid":"gen9vgc2023regulationc","rating":0,"private":0,"password":""}