{"id":"gen9vgc2023regulationc-1847451082","p1":"TrainerRYSA","p2":"The Penguinari","format":"[Gen 9] VGC 2023 Regulation C","log":"|j|\u2606TrainerRYSA\n|j|\u2606The Penguinari\n|t:|1681956685\n|gametype|doubles\n|player|p1|TrainerRYSA|169|\n|player|p2|The Penguinari|grimsley|\n|teamsize|p1|6\n|teamsize|p2|6\n|gen|9\n|tier|[Gen 9] VGC 2023 Regulation C\n|rule|Species Clause: Limit one of each Pok\u00e9mon\n|rule|Item Clause: Limit one of each item\n|clearpoke\n|poke|p1|Flutter Mane, L50|\n|poke|p1|Iron Hands, L50|\n|poke|p1|Dragonite, L50, M|\n|poke|p1|Umbreon, L50, M|\n|poke|p1|Gyarados, L50, F|\n|poke|p1|Palafin, L50, F|\n|poke|p2|Iron Bundle, L50|\n|poke|p2|Amoonguss, L50, M|\n|poke|p2|Chi-Yu, L50|\n|poke|p2|Gyarados, L50, F|\n|poke|p2|Dragapult, L50, F|\n|poke|p2|Chien-Pao, L50|\n|teampreview|4\nThe Penguinari has agreed to open team sheets.\n|c|\u2606The Penguinari|ots?\n|c|\u2606TrainerRYSA|ye\nTrainerRYSA has agreed to open team sheets.\n|inactive|Battle timer is ON: inactive players will automatically lose when time's up. (requested by TrainerRYSA)\n|\n|t:|1681956784\n|start\n|switch|p1a: Gyarados|Gyarados, L50, F, shiny|100\/100\n|switch|p1b: Iron Hands|Iron Hands, L50|100\/100\n|switch|p2a: Dragapult|Dragapult, L50, F|100\/100\n|switch|p2b: Chien-Pao|Chien-Pao, L50|100\/100\n|-ability|p2b: Chien-Pao|Sword of Ruin\n|-ability|p1a: Gyarados|Intimidate|boost\n|-fail|p2a: Dragapult|unboost|[from] ability: Clear Body|[of] p2a: Dragapult\n|-unboost|p2b: Chien-Pao|atk|1\n|turn|1\n|inactive|TrainerRYSA has 30 seconds left.\n|inactive|The Penguinari has 30 seconds left.\n|inactive|TrainerRYSA has 20 seconds left.\n|inactive|The Penguinari has 20 seconds left.\n|inactive|TrainerRYSA has 15 seconds left.\n|inactive|The Penguinari has 15 seconds left.\n|\n|t:|1681956828\n|switch|p2b: Gyarados|Gyarados, L50, F|100\/100\n|-ability|p2b: Gyarados|Intimidate|boost\n|-unboost|p1a: Gyarados|atk|1\n|-unboost|p1b: Iron Hands|atk|1\n|switch|p1a: Dragonite|Dragonite, L50, M, shiny|100\/100\n|move|p2a: Dragapult|Dragon Darts|p1a: Dragonite\n|-supereffective|p1a: Dragonite\n|-damage|p1a: Dragonite|27\/100\n|-anim|p2a: Dragapult|Dragon Darts|p1b: Iron Hands\n|-damage|p1b: Iron Hands|75\/100\n|move|p1b: Iron Hands|Wild Charge|p2a: Dragapult\n|-resisted|p2a: Dragapult\n|-damage|p2a: Dragapult|78\/100\n|-damage|p1b: Iron Hands|71\/100|[from] Recoil\n|\n|upkeep\n|turn|2\n|inactive|TrainerRYSA has 30 seconds left.\n|inactive|The Penguinari has 30 seconds left.\n|inactive|The Penguinari has 20 seconds left.\n|inactive|The Penguinari has 15 seconds left.\n|\n|t:|1681956869\n|-terastallize|p1a: Dragonite|Normal\n|-terastallize|p2b: Gyarados|Poison\n|move|p1a: Dragonite|Extreme Speed|p2b: Gyarados\n|-damage|p2b: Gyarados|30\/100\n|move|p2a: Dragapult|Dragon Darts|p1a: Dragonite\n|-damage|p1a: Dragonite|0 fnt\n|-anim|p2a: Dragapult|Dragon Darts|p1b: Iron Hands\n|-damage|p1b: Iron Hands|46\/100\n|faint|p1a: Dragonite\n|move|p2b: Gyarados|Waterfall|p1b: Iron Hands\n|-damage|p1b: Iron Hands|24\/100\n|move|p1b: Iron Hands|Heavy Slam|p2a: Dragapult\n|-damage|p2a: Dragapult|36\/100\n|\n|upkeep\n|inactive|TrainerRYSA has 30 seconds left.\n|\n|t:|1681956898\n|switch|p1a: Gyarados|Gyarados, L50, F, shiny|100\/100\n|-ability|p1a: Gyarados|Intimidate|boost\n|-fail|p2a: Dragapult|unboost|[from] ability: Clear Body|[of] p2a: Dragapult\n|-unboost|p2b: Gyarados|atk|1\n|turn|3\n|\n|t:|1681956917\n|move|p2a: Dragapult|Dragon Darts|p1b: Iron Hands\n|-damage|p1b: Iron Hands|0 fnt\n|-anim|p2a: Dragapult|Dragon Darts|p1a: Gyarados\n|-damage|p1a: Gyarados|50\/100\n|-enditem|p1a: Gyarados|Sitrus Berry|[eat]\n|-heal|p1a: Gyarados|75\/100|[from] item: Sitrus Berry\n|faint|p1b: Iron Hands\n|-end|p1b: Iron Hands|Quark Drive|[silent]\n|move|p1a: Gyarados|Dragon Dance|p1a: Gyarados\n|-boost|p1a: Gyarados|atk|1\n|-boost|p1a: Gyarados|spe|1\n|move|p2b: Gyarados|Taunt|p1a: Gyarados\n|-start|p1a: Gyarados|move: Taunt\n|\n|upkeep\n|\n|t:|1681956929\n|switch|p1b: Flutter Mane|Flutter Mane, L50|100\/100\n|-enditem|p1b: Flutter Mane|Booster Energy\n|-activate|p1b: Flutter Mane|ability: Protosynthesis|[fromitem]\n|-start|p1b: Flutter Mane|protosynthesisspa\n|turn|4\n|inactive|TrainerRYSA has 30 seconds left.\n|\n|t:|1681956962\n|switch|p2a: Iron Bundle|Iron Bundle, L50|100\/100\n|-enditem|p2a: Iron Bundle|Booster Energy\n|-activate|p2a: Iron Bundle|ability: Quark Drive|[fromitem]\n|-start|p2a: Iron Bundle|quarkdrivespe\n|move|p1a: Gyarados|Waterfall|p2b: Gyarados\n|-crit|p2b: Gyarados\n|-damage|p2b: Gyarados|0 fnt\n|faint|p2b: Gyarados\n|move|p1b: Flutter Mane|Dazzling Gleam|p2a: Iron Bundle\n|-damage|p2a: Iron Bundle|5\/100\n|\n|upkeep\n|inactive|The Penguinari has 30 seconds left.\n|\n|t:|1681956990\n|switch|p2b: Chien-Pao|Chien-Pao, L50|100\/100\n|-ability|p2b: Chien-Pao|Sword of Ruin\n|turn|5\n|\n|t:|1681957007\n|move|p2b: Chien-Pao|Protect|p2b: Chien-Pao\n|-singleturn|p2b: Chien-Pao|Protect\n|move|p2a: Iron Bundle|Freeze-Dry|p1a: Gyarados\n|-supereffective|p1a: Gyarados\n|-damage|p1a: Gyarados|0 fnt\n|faint|p1a: Gyarados\n|move|p1b: Flutter Mane|Dazzling Gleam|p2b: Chien-Pao|[spread] p2a\n|-activate|p2b: Chien-Pao|move: Protect\n|-damage|p2a: Iron Bundle|0 fnt\n|faint|p2a: Iron Bundle\n|-end|p2a: Iron Bundle|Quark Drive|[silent]\n|\n|upkeep\n|\n|t:|1681957017\n|switch|p2a: Dragapult|Dragapult, L50, F|36\/100\n|turn|6\n|\n|t:|1681957027\n|move|p2b: Chien-Pao|Sucker Punch|p1b: Flutter Mane\n|-damage|p1b: Flutter Mane|36\/100\n|move|p2a: Dragapult|Phantom Force||[still]\n|-prepare|p2a: Dragapult|Phantom Force\n|move|p1b: Flutter Mane|Dazzling Gleam|p2b: Chien-Pao|[spread] p2b\n|-miss|p1b: Flutter Mane|p2a: Dragapult\n|-supereffective|p2b: Chien-Pao\n|-enditem|p2b: Chien-Pao|Focus Sash\n|-damage|p2b: Chien-Pao|1\/100\n|\n|upkeep\n|turn|7\n|\n|t:|1681957043\n|move|p2b: Chien-Pao|Sucker Punch|p1b: Flutter Mane\n|-damage|p1b: Flutter Mane|0 fnt\n|faint|p1b: Flutter Mane\n|-end|p1b: Flutter Mane|Protosynthesis|[silent]\n|\n|win|The Penguinari\n|c|\u2606The Penguinari|gg\n|c|\u2606The Penguinari|game 2?\n|l|\u2606The Penguinari\n|c|\u2606TrainerRYSA|yuh\n|j|\u2606The Penguinari\n|player|p2|The Penguinari|grimsley\n|l|\u2606TrainerRYSA\n","uploadtime":1681957971,"views":12,"p1id":"trainerrysa","p2id":"thepenguinari","formatid":"gen9vgc2023regulationc","rating":0,"private":0,"password":""}