{"id":"gen9vgc2023regulationc-1857962720","p1":"DS6977","p2":"Jelly Jars","format":"[Gen 9] VGC 2023 Regulation C","log":"|j|\u2606DS6977\n|j|\u2606Jelly Jars\n|t:|1683252938\n|gametype|doubles\n|player|p1|DS6977|ingo|1000\n|player|p2|Jelly Jars|crasherwake|1027\n|teamsize|p1|6\n|teamsize|p2|6\n|gen|9\n|tier|[Gen 9] VGC 2023 Regulation C\n|rated|\n|rule|Species Clause: Limit one of each Pok\u00e9mon\n|rule|Item Clause: Limit one of each item\n|clearpoke\n|poke|p1|Dondozo, L50, M|\n|poke|p1|Tatsugiri, L50, M|\n|poke|p1|Amoonguss, L50, M|\n|poke|p1|Flutter Mane, L50|\n|poke|p1|Maushold-Four, L50|\n|poke|p1|Arcanine, L50, M|\n|poke|p2|Murkrow, L50, F|\n|poke|p2|Gholdengo, L50|\n|poke|p2|Garganacl, L50, M|\n|poke|p2|Great Tusk, L50|\n|poke|p2|Farigiraf, L50, F|\n|poke|p2|Dragalge, L50, F|\n|teampreview|4\n|inactive|Battle timer is ON: inactive players will automatically lose when time's up. (requested by DS6977)\n|\n|t:|1683252971\n|start\n|switch|p1a: Flutter Mane|Flutter Mane, L50|100\/100\n|switch|p1b: hiiii|Tatsugiri, L50, M|100\/100\n|switch|p2a: Murkrow|Murkrow, L50, F|100\/100\n|switch|p2b: Gholdengo|Gholdengo, L50|100\/100\n|turn|1\n|\n|t:|1683252986\n|move|p2a: Murkrow|Tailwind|p2a: Murkrow\n|-sidestart|p2: Jelly Jars|move: Tailwind\n|move|p2b: Gholdengo|Make It Rain|p1b: hiiii|[spread] p1a,p1b\n|-supereffective|p1a: Flutter Mane\n|-resisted|p1b: hiiii\n|-enditem|p1a: Flutter Mane|Focus Sash\n|-damage|p1a: Flutter Mane|1\/100\n|-damage|p1b: hiiii|63\/100\n|-unboost|p2b: Gholdengo|spa|1\n|move|p1a: Flutter Mane|Mystical Fire|p2b: Gholdengo\n|-supereffective|p2b: Gholdengo\n|-crit|p2b: Gholdengo\n|-damage|p2b: Gholdengo|3\/100\n|-unboost|p2b: Gholdengo|spa|1\n|move|p1b: hiiii|Taunt|p2a: Murkrow\n|-start|p2a: Murkrow|move: Taunt\n|\n|-status|p1b: hiiii|tox|[from] item: Toxic Orb\n|upkeep\n|turn|2\n|inactive|Jelly Jars has 30 seconds left.\n|\n|t:|1683253016\n|switch|p2a: Garganacl|Garganacl, L50, M|100\/100\n|move|p1a: Flutter Mane|Protect|p1a: Flutter Mane\n|-singleturn|p1a: Flutter Mane|Protect\n|move|p2b: Gholdengo|Make It Rain|p1a: Flutter Mane|[spread] p1b\n|-activate|p1a: Flutter Mane|move: Protect\n|-resisted|p1b: hiiii\n|-damage|p1b: hiiii|43\/100 tox\n|-unboost|p2b: Gholdengo|spa|1\n|move|p1b: hiiii|Mirror Coat|p2b: Gholdengo\n|-damage|p2b: Gholdengo|0 fnt\n|faint|p2b: Gholdengo\n|\n|-damage|p1b: hiiii|38\/100 tox|[from] psn\n|upkeep\n|\n|t:|1683253020\n|switch|p2b: Murkrow|Murkrow, L50, F|100\/100\n|turn|3\n|\n|t:|1683253037\n|-end|p1a: Flutter Mane|Protosynthesis|[silent]\n|switch|p1a: Dondozo|Dondozo, L50, M|100\/100\n|-activate|p1b: hiiii|ability: Commander|[of] p1a: Dondozo\n|-boost|p1a: Dondozo|atk|2\n|-boost|p1a: Dondozo|spa|2\n|-boost|p1a: Dondozo|spe|2\n|-boost|p1a: Dondozo|def|2\n|-boost|p1a: Dondozo|spd|2\n|move|p2b: Murkrow|Protect|p2b: Murkrow\n|-singleturn|p2b: Murkrow|Protect\n|move|p2a: Garganacl|Salt Cure|p1b: hiiii|[miss]\n|-miss|p2a: Garganacl|p1b: hiiii\n|\n|-damage|p1b: hiiii|26\/100 tox|[from] psn\n|upkeep\n|turn|4\n|inactive|DS6977 has 30 seconds left.\n|\n|t:|1683253067\n|-terastallize|p1a: Dondozo|Steel\n|-terastallize|p2a: Garganacl|Poison\n|move|p2b: Murkrow|Haze|p2b: Murkrow\n|-clearallboost\n|move|p2a: Garganacl|Salt Cure|p1a: Dondozo\n|-resisted|p1a: Dondozo\n|-crit|p1a: Dondozo\n|-damage|p1a: Dondozo|94\/100\n|-start|p1a: Dondozo|Salt Cure\n|move|p1a: Dondozo|Wave Crash|p2a: Garganacl\n|-damage|p2a: Garganacl|67\/100\n|-damage|p1a: Dondozo|85\/100|[from] Recoil\n|\n|-heal|p2a: Garganacl|73\/100|[from] item: Leftovers\n|-damage|p1b: hiiii|9\/100 tox|[from] psn\n|-damage|p1a: Dondozo|60\/100|[from] Salt Cure\n|-sideend|p2: Jelly Jars|move: Tailwind\n|upkeep\n|turn|5\n|inactive|Jelly Jars has 30 seconds left.\n|\n|t:|1683253097\n|move|p2b: Murkrow|Tailwind|p2b: Murkrow\n|-sidestart|p2: Jelly Jars|move: Tailwind\n|move|p2a: Garganacl|Recover|p2a: Garganacl\n|-heal|p2a: Garganacl|100\/100\n|move|p1a: Dondozo|Earthquake|p2b: Murkrow|[spread] p2a\n|-miss|p1a: Dondozo|p1b: hiiii\n|-immune|p2b: Murkrow\n|-supereffective|p2a: Garganacl\n|-damage|p2a: Garganacl|77\/100\n|\n|-heal|p2a: Garganacl|83\/100|[from] item: Leftovers\n|-damage|p1b: hiiii|0 fnt|[from] psn\n|faint|p1b: hiiii\n|-damage|p1a: Dondozo|35\/100|[from] Salt Cure\n|upkeep\n|\n|t:|1683253111\n|switch|p1b: Maushold|Maushold-Four, L50|100\/100\n|turn|6\n|\n|t:|1683253135\n|move|p2b: Murkrow|Quash|p1b: Maushold\n|-activate|p1b: Maushold|move: Quash\n|move|p2a: Garganacl|Salt Cure|p1b: Maushold\n|-damage|p1b: Maushold|76\/100\n|-start|p1b: Maushold|Salt Cure\n|move|p1a: Dondozo|Ice Fang|p2b: Murkrow\n|-supereffective|p2b: Murkrow\n|-damage|p2b: Murkrow|47\/100\n|move|p1b: Maushold|Encore|p2b: Murkrow\n|-start|p2b: Murkrow|Encore\n|\n|-heal|p2a: Garganacl|89\/100|[from] item: Leftovers\n|-damage|p1b: Maushold|64\/100|[from] Salt Cure\n|-damage|p1a: Dondozo|10\/100|[from] Salt Cure\n|upkeep\n|turn|7\n|\n|t:|1683253153\n|move|p2b: Murkrow|Quash|p1b: Maushold\n|-activate|p1b: Maushold|move: Quash\n|move|p2a: Garganacl|Salt Cure|p1b: Maushold\n|-damage|p1b: Maushold|42\/100\n|move|p1a: Dondozo|Ice Fang|p2b: Murkrow\n|-supereffective|p2b: Murkrow\n|-damage|p2b: Murkrow|0 fnt\n|faint|p2b: Murkrow\n|move|p1b: Maushold|Population Bomb|p2a: Garganacl\n|-damage|p2a: Garganacl|83\/100\n|-hitcount|p2a: Garganacl|1\n|\n|-heal|p2a: Garganacl|88\/100|[from] item: Leftovers\n|-damage|p1b: Maushold|30\/100|[from] Salt Cure\n|-damage|p1a: Dondozo|0 fnt|[from] Salt Cure\n|faint|p1a: Dondozo\n|upkeep\n|\n|t:|1683253168\n|switch|p2b: Great Tusk|Great Tusk, L50|100\/100\n|switch|p1a: Flutter Mane|Flutter Mane, L50|1\/100\n|-enditem|p2b: Great Tusk|Booster Energy\n|-activate|p2b: Great Tusk|ability: Protosynthesis|[fromitem]\n|-start|p2b: Great Tusk|protosynthesisatk\n|turn|8\n|\n|t:|1683253183\n|move|p2b: Great Tusk|Knock Off|p1a: Flutter Mane\n|-damage|p1a: Flutter Mane|0 fnt\n|faint|p1a: Flutter Mane\n|-end|p1a: Flutter Mane|Protosynthesis|[silent]\n|move|p1b: Maushold|Population Bomb|p2a: Garganacl\n|-damage|p2a: Garganacl|82\/100\n|-damage|p2a: Garganacl|76\/100\n|-damage|p2a: Garganacl|70\/100\n|-damage|p2a: Garganacl|64\/100\n|-damage|p2a: Garganacl|58\/100\n|-damage|p2a: Garganacl|52\/100\n|-damage|p2a: Garganacl|46\/100\n|-damage|p2a: Garganacl|40\/100\n|-damage|p2a: Garganacl|34\/100\n|-damage|p2a: Garganacl|28\/100\n|-hitcount|p2a: Garganacl|10\n|move|p2a: Garganacl|Salt Cure|p1b: Maushold\n|-damage|p1b: Maushold|9\/100\n|\n|-heal|p2a: Garganacl|34\/100|[from] item: Leftovers\n|-damage|p1b: Maushold|0 fnt|[from] Salt Cure\n|faint|p1b: Maushold\n|\n|win|Jelly Jars\n|upkeep\n|raw|DS6977's rating: 1000 → 1000<\/strong> (+0 for losing)\n|raw|Jelly Jars's rating: 1027 → 1060<\/strong> (+33 for winning)\n","uploadtime":1683253188,"views":12,"p1id":"ds6977","p2id":"jellyjars","formatid":"gen9vgc2023regulationc","rating":1000,"private":0,"password":""}