{"id":"gen9vgc2023regulationc-1849923774","p1":"Esspecialy","p2":"Kyogre33","format":"[Gen 9] VGC 2023 Regulation C","log":"|j|\u2606Esspecialy\n|j|\u2606Kyogre33\n|t:|1682268583\n|gametype|doubles\n|player|p1|Esspecialy|burglar|1378\n|player|p2|Kyogre33|170|1407\n|teamsize|p1|6\n|teamsize|p2|6\n|gen|9\n|tier|[Gen 9] VGC 2023 Regulation C\n|rated|\n|rule|Species Clause: Limit one of each Pok\u00e9mon\n|rule|Item Clause: Limit one of each item\n|clearpoke\n|poke|p1|Wo-Chien, L50|\n|poke|p1|Chi-Yu, L50|\n|poke|p1|Gholdengo, L50|\n|poke|p1|Maushold, L50|\n|poke|p1|Chien-Pao, L50|\n|poke|p1|Dragonite, L50, M|\n|poke|p2|Iron Hands, L50|\n|poke|p2|Flutter Mane, L50|\n|poke|p2|Amoonguss, L50, M|\n|poke|p2|Palafin, L50, F|\n|poke|p2|Chi-Yu, L50|\n|poke|p2|Gyarados, L50, M|\n|teampreview|4\nKyogre33 has agreed to open team sheets.\n|inactive|Battle timer is ON: inactive players will automatically lose when time's up. (requested by Kyogre33)\n|j| MondayXyz\n|inactive|Esspecialy has 60 seconds left.\n|\n|t:|1682268639\n|start\n|switch|p1a: Chien-Poo|Chien-Pao, L50|100\/100\n|switch|p1b: Salamance|Dragonite, L50, M, shiny|100\/100\n|switch|p2a: Iron Hands|Iron Hands, L50|100\/100\n|switch|p2b: Palafin|Palafin, L50, F|100\/100\n|-ability|p1a: Chien-Poo|Sword of Ruin\n|turn|1\n|\n|t:|1682268662\n|detailschange|p2b: Palafin|Palafin-Hero, L50, F\n|switch|p2b: Flutter Mane|Flutter Mane, L50|100\/100\n|move|p1a: Chien-Poo|Protect|p1a: Chien-Poo\n|-singleturn|p1a: Chien-Poo|Protect\n|move|p2a: Iron Hands|Fake Out|p1a: Chien-Poo\n|-activate|p1a: Chien-Poo|move: Protect\n|move|p1b: Salamance|Outrage|p2a: Iron Hands\n|-damage|p2a: Iron Hands|6\/100\n|\n|upkeep\n|turn|2\n|\n|t:|1682268680\n|-terastallize|p1a: Chien-Poo|Dark\n|move|p2a: Iron Hands|Detect|p2a: Iron Hands\n|-singleturn|p2a: Iron Hands|Protect\n|move|p1a: Chien-Poo|Sucker Punch|p2b: Flutter Mane\n|-damage|p2b: Flutter Mane|4\/100\n|move|p2b: Flutter Mane|Dazzling Gleam|p1a: Chien-Poo|[spread] p1a,p1b\n|-supereffective|p1a: Chien-Poo\n|-supereffective|p1b: Salamance\n|-enditem|p1a: Chien-Poo|Focus Sash\n|-damage|p1a: Chien-Poo|1\/100\n|-damage|p1b: Salamance|53\/100\n|move|p1b: Salamance|Outrage|p2b: Flutter Mane|[from]lockedmove\n|-immune|p2b: Flutter Mane\n|\n|upkeep\n|turn|3\n|\n|t:|1682268698\n|move|p1a: Chien-Poo|Sucker Punch|p2b: Flutter Mane\n|-damage|p2b: Flutter Mane|0 fnt\n|faint|p2b: Flutter Mane\n|-end|p2b: Flutter Mane|Protosynthesis|[silent]\n|move|p1b: Salamance|Outrage|p2a: Iron Hands\n|-damage|p2a: Iron Hands|0 fnt\n|faint|p2a: Iron Hands\n|-end|p2a: Iron Hands|Quark Drive|[silent]\n|\n|upkeep\n|\n|t:|1682268706\n|switch|p2b: Amoonguss|Amoonguss, L50, M|100\/100\n|switch|p2a: Palafin|Palafin-Hero, L50, F|100\/100\n|-activate|p2a: Palafin|ability: Zero to Hero\n|turn|4\n|\n|t:|1682268711\n|move|p2a: Palafin|Protect|p2a: Palafin\n|-singleturn|p2a: Palafin|Protect\n|move|p2b: Amoonguss|Protect|p2b: Amoonguss\n|-singleturn|p2b: Amoonguss|Protect\n|move|p1a: Chien-Poo|Sucker Punch||[still]\n|-fail|p1a: Chien-Poo\n|move|p1b: Salamance|Outrage|p2a: Palafin|[from]lockedmove\n|-activate|p2a: Palafin|move: Protect\n|-start|p1b: Salamance|confusion|[fatigue]\n|\n|upkeep\n|turn|5\n|\n|t:|1682268724\n|move|p2b: Amoonguss|Rage Powder|p2b: Amoonguss\n|-singleturn|p2b: Amoonguss|move: Rage Powder\n|move|p1a: Chien-Poo|Sucker Punch||[still]\n|-fail|p1a: Chien-Poo\n|move|p2a: Palafin|Jet Punch|p1a: Chien-Poo\n|-damage|p1a: Chien-Poo|0 fnt\n|faint|p1a: Chien-Poo\n|-activate|p1b: Salamance|confusion\n|move|p1b: Salamance|Outrage|p2b: Amoonguss\n|-damage|p2b: Amoonguss|21\/100\n|-enditem|p2b: Amoonguss|Sitrus Berry|[eat]\n|-heal|p2b: Amoonguss|46\/100|[from] item: Sitrus Berry\n|\n|upkeep\n|\n|t:|1682268733\n|switch|p1a: Mausmaus|Maushold, L50|100\/100\n|turn|6\n|\n|t:|1682268740\n|-terastallize|p2a: Palafin|Water\n|move|p2b: Amoonguss|Rage Powder|p2b: Amoonguss\n|-singleturn|p2b: Amoonguss|move: Rage Powder\n|move|p1a: Mausmaus|Population Bomb|p2b: Amoonguss\n|-damage|p2b: Amoonguss|41\/100\n|-damage|p2b: Amoonguss|35\/100\n|-damage|p2b: Amoonguss|29\/100\n|-damage|p2b: Amoonguss|23\/100\n|-damage|p2b: Amoonguss|18\/100\n|-damage|p2b: Amoonguss|12\/100\n|-damage|p2b: Amoonguss|6\/100\n|-damage|p2b: Amoonguss|0 fnt\n|faint|p2b: Amoonguss\n|-hitcount|p2: Amoonguss|8\n|-end|p1b: Salamance|confusion\n|move|p1b: Salamance|Outrage|p2a: Palafin|[from]lockedmove\n|-crit|p2a: Palafin\n|-damage|p2a: Palafin|0 fnt\n|faint|p2a: Palafin\n|-start|p1b: Salamance|confusion|[fatigue]\n|\n|win|Esspecialy\n|raw|Esspecialy's rating: 1378 → 1400<\/strong> (+22 for winning)\n|raw|Kyogre33's rating: 1407 → 1385<\/strong> (-22 for losing)\n","uploadtime":1682268758,"views":7,"p1id":"esspecialy","p2id":"kyogre33","formatid":"gen9vgc2023regulationc","rating":1385,"private":0,"password":""}