{"id":"gen9vgc2023regulationc-1853134146","p1":"44sight","p2":"Disobedient_vgc","format":"[Gen 9] VGC 2023 Regulation C","log":"|j|\u260644sight\n|j|\u2606Disobedient_vgc\n|t:|1682639309\n|gametype|doubles\n|player|p1|44sight|benga|1208\n|player|p2|Disobedient_vgc|palmer|1215\n|teamsize|p1|6\n|teamsize|p2|6\n|gen|9\n|tier|[Gen 9] VGC 2023 Regulation C\n|rated|\n|rule|Species Clause: Limit one of each Pok\u00e9mon\n|rule|Item Clause: Limit one of each item\n|clearpoke\n|poke|p1|Ting-Lu, L50|\n|poke|p1|Amoonguss, L50, F|\n|poke|p1|Arcanine, L50, F|\n|poke|p1|Flutter Mane, L50|\n|poke|p1|Palafin, L50, F|\n|poke|p1|Baxcalibur, L50, F|\n|poke|p2|Arcanine, L50, M|\n|poke|p2|Ting-Lu, L50|\n|poke|p2|Amoonguss, L50, F|\n|poke|p2|Flutter Mane, L50|\n|poke|p2|Annihilape, L50, M|\n|poke|p2|Chien-Pao, L50|\n|teampreview|4\n|\n|t:|1682639372\n|start\n|switch|p1a: Arcanine|Arcanine, L50, F|100\/100\n|switch|p1b: Palafin|Palafin, L50, F|100\/100\n|switch|p2a: Arcanine|Arcanine, L50, M, shiny|100\/100\n|switch|p2b: Ting-Lu|Ting-Lu, L50|100\/100\n|-ability|p2a: Arcanine|Intimidate|boost\n|-unboost|p1a: Arcanine|atk|1\n|-unboost|p1b: Palafin|atk|1\n|-ability|p1a: Arcanine|Intimidate|boost\n|-unboost|p2a: Arcanine|atk|1\n|-unboost|p2b: Ting-Lu|atk|1\n|-ability|p2b: Ting-Lu|Vessel of Ruin\n|turn|1\n|\n|t:|1682639419\n|switch|p2a: Amoonguss|Amoonguss, L50, F, shiny|100\/100\n|detailschange|p1b: Palafin|Palafin-Hero, L50, F\n|switch|p1b: Amoonguss|Amoonguss, L50, F|100\/100\n|-terastallize|p2b: Ting-Lu|Poison\n|move|p1a: Arcanine|Will-O-Wisp|p2b: Ting-Lu\n|-status|p2b: Ting-Lu|brn\n|move|p2b: Ting-Lu|Fissure|p1a: Arcanine|[miss]\n|-miss|p2b: Ting-Lu|p1a: Arcanine\n|\n|-damage|p2b: Ting-Lu|94\/100 brn|[from] brn\n|upkeep\n|turn|2\n|\n|t:|1682639476\n|switch|p2a: Arcanine|Arcanine, L50, M, shiny|100\/100\n|-ability|p2a: Arcanine|Intimidate|boost\n|-unboost|p1a: Arcanine|atk|1\n|-unboost|p1b: Amoonguss|atk|1\n|move|p1a: Arcanine|Flare Blitz|p2a: Arcanine\n|-resisted|p2a: Arcanine\n|-damage|p2a: Arcanine|85\/100\n|-damage|p1a: Arcanine|96\/100|[from] Recoil\n|move|p2b: Ting-Lu|Stomping Tantrum|p1a: Arcanine\n|-supereffective|p1a: Arcanine\n|-damage|p1a: Arcanine|50\/100\n|move|p1b: Amoonguss|Pollen Puff|p1a: Arcanine\n|-heal|p1a: Arcanine|99\/100\n|\n|-damage|p2b: Ting-Lu|88\/100 brn|[from] brn\n|upkeep\n|turn|3\n|\n|t:|1682639499\n|switch|p1a: Flutter Mane|Flutter Mane, L50|100\/100\n|-enditem|p1a: Flutter Mane|Booster Energy\n|-activate|p1a: Flutter Mane|ability: Protosynthesis|[fromitem]\n|-start|p1a: Flutter Mane|protosynthesisspa\n|move|p2a: Arcanine|Flare Blitz|p1b: Amoonguss\n|-supereffective|p1b: Amoonguss\n|-damage|p1b: Amoonguss|1\/100\n|-enditem|p1b: Amoonguss|Sitrus Berry|[eat]\n|-heal|p1b: Amoonguss|26\/100|[from] item: Sitrus Berry\n|-damage|p2a: Arcanine|44\/100|[from] Recoil\n|move|p2b: Ting-Lu|Fissure|p1a: Flutter Mane\n|-damage|p1a: Flutter Mane|0 fnt\n|faint|p1a: Flutter Mane\n|-end|p1a: Flutter Mane|Protosynthesis|[silent]\n|-ohko\n|move|p1b: Amoonguss|Spore|p2a: Arcanine\n|-activate|p2a: Arcanine|item: Safety Goggles|Spore\n|\n|-damage|p2b: Ting-Lu|82\/100 brn|[from] brn\n|upkeep\n|\n|t:|1682639516\n|switch|p1a: Palafin|Palafin-Hero, L50, F|100\/100\n|-activate|p1a: Palafin|ability: Zero to Hero\n|turn|4\n|\n|t:|1682639533\n|switch|p2a: Amoonguss|Amoonguss, L50, F, shiny|100\/100\n|-terastallize|p1a: Palafin|Water\n|move|p1b: Amoonguss|Rage Powder|p1b: Amoonguss\n|-singleturn|p1b: Amoonguss|move: Rage Powder\n|move|p1a: Palafin|Jet Punch|p2a: Amoonguss\n|-resisted|p2a: Amoonguss\n|-damage|p2a: Amoonguss|69\/100\n|move|p2b: Ting-Lu|Fissure|p1b: Amoonguss\n|-damage|p1b: Amoonguss|0 fnt\n|faint|p1b: Amoonguss\n|-ohko\n|\n|-damage|p2b: Ting-Lu|76\/100 brn|[from] brn\n|upkeep\n|\n|t:|1682639583\n|switch|p1b: Arcanine|Arcanine, L50, F|99\/100\n|-ability|p1b: Arcanine|Intimidate|boost\n|-unboost|p2a: Amoonguss|atk|1\n|-unboost|p2b: Ting-Lu|atk|1\n|turn|5\n|inactive|Battle timer is ON: inactive players will automatically lose when time's up. (requested by 44sight)\n|\n|t:|1682639611\n|switch|p2a: Arcanine|Arcanine, L50, M, shiny|44\/100\n|-ability|p2a: Arcanine|Intimidate|boost\n|-unboost|p1a: Palafin|atk|1\n|-unboost|p1b: Arcanine|atk|1\n|move|p1b: Arcanine|Flare Blitz|p2a: Arcanine\n|-resisted|p2a: Arcanine\n|-damage|p2a: Arcanine|23\/100\n|-damage|p1b: Arcanine|94\/100|[from] Recoil\n|move|p1a: Palafin|Wave Crash|p2a: Arcanine\n|-supereffective|p2a: Arcanine\n|-damage|p2a: Arcanine|0 fnt\n|faint|p2a: Arcanine\n|-damage|p1a: Palafin|94\/100|[from] Recoil\n|move|p2b: Ting-Lu|Fissure|p1a: Palafin|[miss]\n|-miss|p2b: Ting-Lu|p1a: Palafin\n|\n|-damage|p2b: Ting-Lu|70\/100 brn|[from] brn\n|upkeep\n|\n|t:|1682639629\n|switch|p2a: Annihilape|Annihilape, L50, M, shiny|100\/100\n|turn|6\n|\n|t:|1682639641\n|move|p2a: Annihilape|Protect|p2a: Annihilape\n|-singleturn|p2a: Annihilape|Protect\n|move|p1b: Arcanine|Flare Blitz|p2a: Annihilape\n|-activate|p2a: Annihilape|move: Protect\n|move|p1a: Palafin|Wave Crash|p2a: Annihilape\n|-activate|p2a: Annihilape|move: Protect\n|move|p2b: Ting-Lu|Stomping Tantrum|p1b: Arcanine\n|-supereffective|p1b: Arcanine\n|-damage|p1b: Arcanine|59\/100\n|\n|-damage|p2b: Ting-Lu|64\/100 brn|[from] brn\n|upkeep\n|turn|7\n|\n|t:|1682639656\n|switch|p2a: Amoonguss|Amoonguss, L50, F, shiny|100\/100\n|move|p1b: Arcanine|Will-O-Wisp|p2a: Amoonguss\n|-status|p2a: Amoonguss|brn\n|move|p1a: Palafin|Haze|p1a: Palafin\n|-clearallboost\n|move|p2b: Ting-Lu|Fissure|p1b: Arcanine|[miss]\n|-miss|p2b: Ting-Lu|p1b: Arcanine\n|\n|-damage|p2b: Ting-Lu|58\/100 brn|[from] brn\n|-damage|p2a: Amoonguss|95\/100 brn|[from] brn\n|upkeep\n|turn|8\n|\n|t:|1682639672\n|move|p1a: Palafin|Protect|p1a: Palafin\n|-singleturn|p1a: Palafin|Protect\n|move|p2a: Amoonguss|Protect|p2a: Amoonguss\n|-singleturn|p2a: Amoonguss|Protect\n|move|p1b: Arcanine|Flare Blitz|p2a: Amoonguss\n|-activate|p2a: Amoonguss|move: Protect\n|move|p2b: Ting-Lu|Stomping Tantrum|p1b: Arcanine\n|-supereffective|p1b: Arcanine\n|-damage|p1b: Arcanine|0 fnt\n|faint|p1b: Arcanine\n|\n|-damage|p2b: Ting-Lu|52\/100 brn|[from] brn\n|-damage|p2a: Amoonguss|89\/100 brn|[from] brn\n|upkeep\n|turn|9\n|\n|t:|1682639692\n|move|p1a: Palafin|Wave Crash|p2a: Amoonguss\n|-resisted|p2a: Amoonguss\n|-damage|p2a: Amoonguss|26\/100 brn\n|-damage|p1a: Palafin|71\/100|[from] Recoil\n|move|p2b: Ting-Lu|Ruination|p1a: Palafin\n|-damage|p1a: Palafin|36\/100\n|move|p2a: Amoonguss|Spore|p1a: Palafin\n|-status|p1a: Palafin|slp|[from] move: Spore\n|\n|-damage|p2b: Ting-Lu|46\/100 brn|[from] brn\n|-damage|p2a: Amoonguss|20\/100 brn|[from] brn\n|upkeep\n|-enditem|p2a: Amoonguss|Aguav Berry|[eat]\n|-heal|p2a: Amoonguss|53\/100 brn|[from] item: Aguav Berry\n|turn|10\n|-message|44sight forfeited.\n|\n|win|Disobedient_vgc\n|raw|44sight's rating: 1208 → 1184<\/strong> (-24 for losing)\n|raw|Disobedient_vgc's rating: 1215 → 1239<\/strong> (+24 for winning)\n|l|\u260644sight\n","uploadtime":1682639874,"views":10,"p1id":"44sight","p2id":"disobedientvgc","formatid":"gen9vgc2023regulationc","rating":1184,"private":0,"password":""}