{"id":"gen9vgc2023regulationc-1851736181","p1":"BroDontFuckWithMe","p2":"Pasodoble","format":"[Gen 9] VGC 2023 Regulation C","log":"|j|\u2606BroDontFuckWithMe\n|j|\u2606Pasodoble\n|t:|1682476071\n|gametype|doubles\n|player|p1|BroDontFuckWithMe|265|1667\n|player|p2|Pasodoble|266|1626\n|teamsize|p1|6\n|teamsize|p2|6\n|gen|9\n|tier|[Gen 9] VGC 2023 Regulation C\n|rated|\n|rule|Species Clause: Limit one of each Pok\u00e9mon\n|rule|Item Clause: Limit one of each item\n|clearpoke\n|poke|p1|Great Tusk, L50|\n|poke|p1|Amoonguss, L50, M|\n|poke|p1|Tyranitar, L50, F|\n|poke|p1|Iron Bundle, L50|\n|poke|p1|Talonflame, L50, F|\n|poke|p1|Gholdengo, L50|\n|poke|p2|Abomasnow, L50, F|\n|poke|p2|Ceruledge, L50, M|\n|poke|p2|Gyarados, L50, M|\n|poke|p2|Ting-Lu, L50|\n|poke|p2|Flutter Mane, L50|\n|poke|p2|Chien-Pao, L50|\n|teampreview|4\nPasodoble has agreed to open team sheets.\nBroDontFuckWithMe has agreed to open team sheets.\n|inactive|Battle timer is ON: inactive players will automatically lose when time's up. (requested by BroDontFuckWithMe)\n|\n|t:|1682476106\n|start\n|switch|p1a: Iron Bundle|Iron Bundle, L50|100\/100\n|switch|p1b: Gholdengo|Gholdengo, L50|100\/100\n|switch|p2a: Roxas|Ceruledge, L50, M, shiny|100\/100\n|switch|p2b: Frootloops|Ting-Lu, L50|100\/100\n|-ability|p2b: Frootloops|Vessel of Ruin\n|-enditem|p1a: Iron Bundle|Booster Energy\n|-activate|p1a: Iron Bundle|ability: Quark Drive|[fromitem]\n|-start|p1a: Iron Bundle|quarkdrivespe\n|turn|1\n|inactive|Pasodoble has 30 seconds left.\n|\n|t:|1682476139\n|-terastallize|p1b: Gholdengo|Water\n|move|p2a: Roxas|Protect|p2a: Roxas\n|-singleturn|p2a: Roxas|Protect\n|move|p1a: Iron Bundle|Freeze-Dry|p2a: Roxas\n|-activate|p2a: Roxas|move: Protect\n|move|p1b: Gholdengo|Shadow Ball|p2a: Roxas\n|-activate|p2a: Roxas|move: Protect\n|move|p2b: Frootloops|Ruination|p1a: Iron Bundle\n|-damage|p1a: Iron Bundle|51\/100\n|\n|upkeep\n|turn|2\n|j| Piccolo Ruiz\n|inactive|Pasodoble has 30 seconds left.\n|inactive|Pasodoble has 20 seconds left.\n|inactive|Pasodoble has 15 seconds left.\n|\n|t:|1682476181\n|move|p1a: Iron Bundle|Hydro Pump|p2b: Frootloops\n|-supereffective|p2b: Frootloops\n|-damage|p2b: Frootloops|67\/100\n|move|p1b: Gholdengo|Nasty Plot|p1b: Gholdengo\n|-boost|p1b: Gholdengo|spa|2\n|move|p2a: Roxas|Bitter Blade|p1a: Iron Bundle\n|-damage|p1a: Iron Bundle|0 fnt\n|faint|p1a: Iron Bundle\n|-end|p1a: Iron Bundle|Quark Drive|[silent]\n|move|p2b: Frootloops|Ruination|p1b: Gholdengo|[miss]\n|-miss|p2b: Frootloops|p1b: Gholdengo\n|\n|upkeep\n|\n|t:|1682476194\n|switch|p1a: Great Tusk|Great Tusk, L50|100\/100\n|turn|3\n|inactive|Pasodoble has 30 seconds left.\n|\n|t:|1682476219\n|-terastallize|p2b: Frootloops|Poison\n|move|p2a: Roxas|Protect|p2a: Roxas\n|-singleturn|p2a: Roxas|Protect\n|move|p1a: Great Tusk|Close Combat|p2b: Frootloops\n|-resisted|p2b: Frootloops\n|-damage|p2b: Frootloops|47\/100\n|-unboost|p1a: Great Tusk|def|1\n|-unboost|p1a: Great Tusk|spd|1\n|move|p1b: Gholdengo|Shadow Ball|p2a: Roxas\n|-activate|p2a: Roxas|move: Protect\n|move|p2b: Frootloops|Ruination|p1b: Gholdengo|[miss]\n|-miss|p2b: Frootloops|p1b: Gholdengo\n|\n|upkeep\n|turn|4\n|j| Kingdm23\n|\n|t:|1682476241\n|-end|p1a: Great Tusk|Protosynthesis|[silent]\n|switch|p1a: Tyranitar|Tyranitar, L50, F|100\/100\n|-weather|Sandstorm|[from] ability: Sand Stream|[of] p1a: Tyranitar\n|switch|p2a: Chien-Pao|Chien-Pao, L50|100\/100\n|-ability|p2a: Chien-Pao|Sword of Ruin\n|move|p1b: Gholdengo|Shadow Ball|p2a: Chien-Pao\n|-resisted|p2a: Chien-Pao\n|-crit|p2a: Chien-Pao\n|-damage|p2a: Chien-Pao|16\/100\n|move|p2b: Frootloops|Ruination|p1b: Gholdengo\n|-damage|p1b: Gholdengo|50\/100\n|\n|-weather|Sandstorm|[upkeep]\n|-damage|p2a: Chien-Pao|10\/100|[from] Sandstorm\n|-damage|p1b: Gholdengo|45\/100|[from] Sandstorm\n|-damage|p2b: Frootloops|41\/100|[from] Sandstorm\n|-heal|p1b: Gholdengo|50\/100|[from] item: Leftovers\n|upkeep\n|turn|5\n|inactive|Pasodoble has 30 seconds left.\n|inactive|Pasodoble has 20 seconds left.\n|\n|t:|1682476279\n|switch|p2a: Leviathan|Gyarados, L50, M, shiny|100\/100\n|-ability|p2a: Leviathan|Intimidate|boost\n|-unboost|p1a: Tyranitar|atk|1\n|-unboost|p1b: Gholdengo|atk|1\n|move|p1b: Gholdengo|Protect|p1b: Gholdengo\n|-singleturn|p1b: Gholdengo|Protect\n|move|p1a: Tyranitar|Rock Slide|p2b: Frootloops|[spread] p2b\n|-miss|p1a: Tyranitar|p2a: Leviathan\n|-damage|p2b: Frootloops|29\/100\n|move|p2b: Frootloops|Ruination|p1a: Tyranitar\n|-damage|p1a: Tyranitar|51\/100\n|\n|-weather|Sandstorm|[upkeep]\n|-damage|p1b: Gholdengo|45\/100|[from] Sandstorm\n|-damage|p2a: Leviathan|95\/100|[from] Sandstorm\n|-damage|p2b: Frootloops|23\/100|[from] Sandstorm\n|-heal|p1b: Gholdengo|50\/100|[from] item: Leftovers\n|upkeep\n|turn|6\n|inactive|Pasodoble has 30 seconds left.\n|\n|t:|1682476309\n|move|p1b: Gholdengo|Shadow Ball|p2a: Leviathan\n|-damage|p2a: Leviathan|41\/100\n|move|p1a: Tyranitar|Rock Slide|p2b: Frootloops|[spread] p2a,p2b\n|-supereffective|p2a: Leviathan\n|-damage|p2a: Leviathan|2\/100\n|-damage|p2b: Frootloops|11\/100\n|-enditem|p2a: Leviathan|Aguav Berry|[eat]\n|-heal|p2a: Leviathan|35\/100|[from] item: Aguav Berry\n|move|p2a: Leviathan|Waterfall|p1a: Tyranitar\n|-supereffective|p1a: Tyranitar\n|-crit|p1a: Tyranitar\n|-damage|p1a: Tyranitar|0 fnt\n|faint|p1a: Tyranitar\n|move|p2b: Frootloops|Ruination|p1b: Gholdengo|[miss]\n|-miss|p2b: Frootloops|p1b: Gholdengo\n|\n|-weather|Sandstorm|[upkeep]\n|-damage|p1b: Gholdengo|45\/100|[from] Sandstorm\n|-damage|p2a: Leviathan|29\/100|[from] Sandstorm\n|-damage|p2b: Frootloops|5\/100|[from] Sandstorm\n|-heal|p1b: Gholdengo|50\/100|[from] item: Leftovers\n|upkeep\n|\n|t:|1682476323\n|switch|p1a: Great Tusk|Great Tusk, L50|100\/100\n|turn|7\n|\n|t:|1682476336\n|move|p2a: Leviathan|Protect|p2a: Leviathan\n|-singleturn|p2a: Leviathan|Protect\n|move|p1a: Great Tusk|Rock Slide|p2b: Frootloops|[spread] p2b\n|-activate|p2a: Leviathan|move: Protect\n|-damage|p2b: Frootloops|0 fnt\n|faint|p2b: Frootloops\n|move|p1b: Gholdengo|Shadow Ball|p2a: Leviathan\n|-activate|p2a: Leviathan|move: Protect\n|\n|-weather|Sandstorm|[upkeep]\n|-damage|p1b: Gholdengo|45\/100|[from] Sandstorm\n|-damage|p2a: Leviathan|23\/100|[from] Sandstorm\n|-heal|p1b: Gholdengo|50\/100|[from] item: Leftovers\n|upkeep\n|\n|t:|1682476350\n|switch|p2b: Roxas|Ceruledge, L50, M, shiny|100\/100\n|turn|8\n|j| LC77777\n|\n|t:|1682476374\n|move|p1b: Gholdengo|Protect|p1b: Gholdengo\n|-singleturn|p1b: Gholdengo|Protect\n|move|p2b: Roxas|Protect|p2b: Roxas\n|-singleturn|p2b: Roxas|Protect\n|move|p1a: Great Tusk|Rock Slide|p2b: Roxas|[spread] p2a\n|-activate|p2b: Roxas|move: Protect\n|-supereffective|p2a: Leviathan\n|-damage|p2a: Leviathan|0 fnt\n|faint|p2a: Leviathan\n|\n|-weather|none\n|-heal|p1b: Gholdengo|56\/100|[from] item: Leftovers\n|upkeep\n|\n|t:|1682476382\n|switch|p2a: Chien-Pao|Chien-Pao, L50|10\/100\n|-ability|p2a: Chien-Pao|Sword of Ruin\n|turn|9\n|\n|t:|1682476391\n|move|p2a: Chien-Pao|Sucker Punch||[still]\n|-fail|p2a: Chien-Pao\n|move|p2b: Roxas|Shadow Sneak|p1b: Gholdengo\n|-damage|p1b: Gholdengo|29\/100\n|move|p1a: Great Tusk|Rock Slide|p2a: Chien-Pao|[spread] p2a,p2b\n|-supereffective|p2a: Chien-Pao\n|-supereffective|p2b: Roxas\n|-damage|p2a: Chien-Pao|0 fnt\n|-damage|p2b: Roxas|39\/100\n|faint|p2a: Chien-Pao\n|move|p1b: Gholdengo|Nasty Plot|p1b: Gholdengo\n|-boost|p1b: Gholdengo|spa|2\n|\n|-heal|p1b: Gholdengo|35\/100|[from] item: Leftovers\n|upkeep\n|turn|10\n|-message|Pasodoble forfeited.\n|\n|win|BroDontFuckWithMe\n|raw|BroDontFuckWithMe's rating: 1667 → 1685<\/strong> (+18 for winning)\n|raw|Pasodoble's rating: 1626 → 1608<\/strong> (-18 for losing)\n|l|\u2606Pasodoble\n","uploadtime":1682476409,"views":12,"p1id":"brodontfuckwithme","p2id":"pasodoble","formatid":"gen9vgc2023regulationc","rating":1608,"private":0,"password":""}