{"id":"gen9vgc2023regulationc-1855439320","p1":"SouthCroydonSaurs","p2":"Aarontmarshall","format":"[Gen 9] VGC 2023 Regulation C","log":"|j|\u2606SouthCroydonSaurs\n|j|\u2606Aarontmarshall\n|t:|1682951535\n|gametype|doubles\n|player|p1|SouthCroydonSaurs|169|\n|player|p2|Aarontmarshall|265|\n|teamsize|p1|6\n|teamsize|p2|6\n|gen|9\n|tier|[Gen 9] VGC 2023 Regulation C\n|rule|Species Clause: Limit one of each Pok\u00e9mon\n|rule|Item Clause: Limit one of each item\n|clearpoke\n|poke|p1|Baxcalibur, L50, M|\n|poke|p1|Murkrow, L50, F|\n|poke|p1|Tinkaton, L50, F|\n|poke|p1|Luxray, L50, M|\n|poke|p1|Tauros-Paldea-Combat, L50, M|\n|poke|p1|Coalossal, L50, M|\n|poke|p2|Drifblim, L50, F|\n|poke|p2|Indeedee, L50, M|\n|poke|p2|Ceruledge, L50, M|\n|poke|p2|Vaporeon, L50, M|\n|poke|p2|Avalugg, L50, F|\n|poke|p2|Torkoal, L50, M|\n|teampreview|4\n|c|\u2606Aarontmarshall|G1\nAarontmarshall rejected open team sheets.\n|j| GuardianofL1ght\n|c|\u2606Aarontmarshall|You good to record?\n|c|\u2606Aarontmarshall|all set?\n|c| GuardianofL1ght|almost\n|c|\u2606Aarontmarshall|Let us know when you\u2019re ready\n|c|\u2606SouthCroydonSaurs|let us know when you are and we can go :)\n|c| GuardianofL1ght|Ight good to go\n|c|\u2606Aarontmarshall|Cool\n|\n|t:|1682951805\n|start\n|switch|p1a: Murkrow|Murkrow, L50, F|100\/100\n|switch|p1b: Baxcalibur|Baxcalibur, L50, M|100\/100\n|switch|p2a: Indeedee|Indeedee, L50, M|100\/100\n|switch|p2b: Ceruledge|Ceruledge, L50, M|100\/100\n|-fieldstart|move: Psychic Terrain|[from] ability: Psychic Surge|[of] p2a: Indeedee\n|turn|1\n|c|\u2606SouthCroydonSaurs|glhf\n|c|\u2606Aarontmarshall|glhf Crizzle 4 Shizzle\n|j| MattStarVGC\n|c| GuardianofL1ght|Gl to both of you\n|\n|t:|1682951856\n|move|p2b: Ceruledge|Protect|p2b: Ceruledge\n|-singleturn|p2b: Ceruledge|Protect\n|move|p1a: Murkrow|Rain Dance|p1a: Murkrow\n|-weather|RainDance\n|move|p2a: Indeedee|Dazzling Gleam|p1b: Baxcalibur|[spread] p1a,p1b\n|-supereffective|p1a: Murkrow\n|-crit|p1a: Murkrow\n|-supereffective|p1b: Baxcalibur\n|-damage|p1a: Murkrow|14\/100\n|-damage|p1b: Baxcalibur|65\/100\n|move|p1b: Baxcalibur|Icicle Spear|p2a: Indeedee\n|-damage|p2a: Indeedee|65\/100\n|-damage|p2a: Indeedee|30\/100\n|-damage|p2a: Indeedee|0 fnt\n|faint|p2a: Indeedee\n|-hitcount|p2: Indeedee|3\n|\n|-weather|RainDance|[upkeep]\n|upkeep\n|c| MattStarVGC|Glhf boys!!\n|\n|t:|1682951876\n|switch|p2a: Drifblim|Drifblim, L50, F|100\/100\n|-enditem|p2a: Drifblim|Psychic Seed\n|-boost|p2a: Drifblim|spd|1|[from] item: Psychic Seed\n|turn|2\n|\n|t:|1682951894\n|-terastallize|p2a: Drifblim|Steel\n|move|p1b: Baxcalibur|Protect|p1b: Baxcalibur\n|-singleturn|p1b: Baxcalibur|Protect\n|move|p1a: Murkrow|Taunt|p2a: Drifblim\n|-activate|p2a: Drifblim|move: Psychic Terrain\n|move|p2b: Ceruledge|Bulk Up|p2b: Ceruledge\n|-boost|p2b: Ceruledge|atk|1\n|-boost|p2b: Ceruledge|def|1\n|move|p2a: Drifblim|Trick Room|p2a: Drifblim\n|-fieldstart|move: Trick Room|[of] p2a: Drifblim\n|\n|-weather|RainDance|[upkeep]\n|upkeep\n|turn|3\n|\n|t:|1682951922\n|switch|p1a: Coalossal|Coalossal, L50, M|100\/100\n|move|p2b: Ceruledge|Bitter Blade|p1a: Coalossal\n|-resisted|p1a: Coalossal\n|-damage|p1a: Coalossal|95\/100\n|-ability|p1a: Coalossal|Steam Engine|boost\n|-boost|p1a: Coalossal|spe|6\n|move|p1b: Baxcalibur|Brick Break|p2a: Drifblim\n|-supereffective|p2a: Drifblim\n|-damage|p2a: Drifblim|25\/100\n|move|p2a: Drifblim|Strength Sap|p1b: Baxcalibur\n|-unboost|p1b: Baxcalibur|atk|1\n|-heal|p2a: Drifblim|100\/100\n|\n|-weather|RainDance|[upkeep]\n|upkeep\n|turn|4\n|\n|t:|1682951978\n|move|p1b: Baxcalibur|Protect|p1b: Baxcalibur\n|-singleturn|p1b: Baxcalibur|Protect\n|move|p2b: Ceruledge|Shadow Claw|p1a: Coalossal\n|-damage|p1a: Coalossal|62\/100\n|move|p2a: Drifblim|Tera Blast|p1a: Coalossal\n|-damage|p1a: Coalossal|40\/100\n|move|p1a: Coalossal|Power Gem|p2b: Ceruledge\n|-supereffective|p2b: Ceruledge\n|-damage|p2b: Ceruledge|51\/100\n|\n|-weather|RainDance|[upkeep]\n|-heal|p2b: Ceruledge|57\/100|[from] item: Leftovers\n|upkeep\n|turn|5\n|\n|t:|1682952003\n|move|p1a: Coalossal|Protect|p1a: Coalossal\n|-singleturn|p1a: Coalossal|Protect\n|move|p2b: Ceruledge|Shadow Claw|p1b: Baxcalibur\n|-damage|p1b: Baxcalibur|19\/100\n|move|p1b: Baxcalibur|Brick Break|p2a: Drifblim\n|-supereffective|p2a: Drifblim\n|-damage|p2a: Drifblim|55\/100\n|move|p2a: Drifblim|Tera Blast|p1b: Baxcalibur\n|-supereffective|p1b: Baxcalibur\n|-damage|p1b: Baxcalibur|0 fnt\n|faint|p1b: Baxcalibur\n|\n|-weather|none\n|-heal|p2b: Ceruledge|63\/100|[from] item: Leftovers\n|-fieldend|move: Psychic Terrain\n|upkeep\n|\n|t:|1682952016\n|switch|p1b: Luxray|Luxray, L50, M|100\/100\n|turn|6\n|\n|t:|1682952034\n|move|p1b: Luxray|Protect|p1b: Luxray\n|-singleturn|p1b: Luxray|Protect\n|move|p2b: Ceruledge|Shadow Claw|p1a: Coalossal\n|-damage|p1a: Coalossal|6\/100\n|move|p2a: Drifblim|Tera Blast|p1a: Coalossal\n|-damage|p1a: Coalossal|0 fnt\n|faint|p1a: Coalossal\n|\n|-heal|p2b: Ceruledge|69\/100|[from] item: Leftovers\n|-fieldend|move: Trick Room\n|-status|p1b: Luxray|brn|[from] item: Flame Orb\n|upkeep\n|\n|t:|1682952046\n|switch|p1a: Murkrow|Murkrow, L50, F|14\/100\n|turn|7\n|\n|t:|1682952065\n|move|p1a: Murkrow|Taunt|p2a: Drifblim\n|-start|p2a: Drifblim|move: Taunt\n|cant|p2a: Drifblim|move: Taunt|Tailwind\n|move|p1b: Luxray|Wild Charge|p2b: Ceruledge\n|-damage|p2b: Ceruledge|18\/100\n|-damage|p1b: Luxray|86\/100 brn|[from] Recoil\n|move|p2b: Ceruledge|Bitter Blade|p1a: Murkrow\n|-damage|p1a: Murkrow|0 fnt\n|-heal|p2b: Ceruledge|24\/100|[from] drain|[of] p1a: Murkrow\n|faint|p1a: Murkrow\n|\n|-heal|p2b: Ceruledge|30\/100|[from] item: Leftovers\n|-damage|p1b: Luxray|80\/100 brn|[from] brn\n|upkeep\n|turn|8\n|\n|t:|1682952083\n|move|p2a: Drifblim|Tera Blast|p1b: Luxray\n|-resisted|p1b: Luxray\n|-damage|p1b: Luxray|66\/100 brn\n|move|p1b: Luxray|Wild Charge|p2b: Ceruledge\n|-damage|p2b: Ceruledge|0 fnt\n|faint|p2b: Ceruledge\n|-damage|p1b: Luxray|57\/100 brn|[from] Recoil\n|\n|-damage|p1b: Luxray|51\/100 brn|[from] brn\n|upkeep\n|\n|t:|1682952090\n|switch|p2b: Avalugg|Avalugg, L50, F|100\/100\n|turn|9\n|\n|t:|1682952097\n|-terastallize|p1b: Luxray|Fighting\n|move|p2a: Drifblim|Tera Blast|p1b: Luxray\n|-crit|p1b: Luxray\n|-damage|p1b: Luxray|3\/100 brn\n|move|p1b: Luxray|Tera Blast|p2b: Avalugg\n|-supereffective|p2b: Avalugg\n|-damage|p2b: Avalugg|29\/100\n|move|p2b: Avalugg|Stomping Tantrum|p1b: Luxray\n|-damage|p1b: Luxray|0 fnt\n|faint|p1b: Luxray\n|\n|win|Aarontmarshall\n|l|\u2606SouthCroydonSaurs\n|c| MattStarVGC|ggs lads!\n|c|\u2606Aarontmarshall|Ggs dude\n|l| MattStarVGC\n","uploadtime":1682952415,"views":27,"p1id":"southcroydonsaurs","p2id":"aarontmarshall","formatid":"gen9vgc2023regulationc","rating":0,"private":0,"password":""}