{"id":"gen9vgc2023regulationc-1850896305","p1":"GreninjaRB","p2":"lrnr21","format":"[Gen 9] VGC 2023 Regulation C","log":"|j|\u2606GreninjaRB\n|j|\u2606lrnr21\n|t:|1682379547\n|gametype|doubles\n|player|p1|GreninjaRB|red|1137\n|player|p2|lrnr21|266|1203\n|teamsize|p1|6\n|teamsize|p2|6\n|gen|9\n|tier|[Gen 9] VGC 2023 Regulation C\n|rated|\n|rule|Species Clause: Limit one of each Pok\u00e9mon\n|rule|Item Clause: Limit one of each item\n|clearpoke\n|poke|p1|Flutter Mane, L50|\n|poke|p1|Wo-Chien, L50|\n|poke|p1|Ting-Lu, L50|\n|poke|p1|Glimmora, L50, F|\n|poke|p1|Gyarados, L50, F|\n|poke|p1|Grimmsnarl, L50, M|\n|poke|p2|Great Tusk, L50|\n|poke|p2|Murkrow, L50, M|\n|poke|p2|Flutter Mane, L50|\n|poke|p2|Chi-Yu, L50|\n|poke|p2|Dragonite, L50, M|\n|poke|p2|Chien-Pao, L50|\n|teampreview|4\n|inactive|Battle timer is ON: inactive players will automatically lose when time's up. (requested by GreninjaRB)\nlrnr21 rejected open team sheets.\n|inactive|GreninjaRB has 60 seconds left.\n|\n|t:|1682379583\n|start\n|switch|p1a: Glimmora|Glimmora, L50, F, shiny|100\/100\n|switch|p1b: Gyarados|Gyarados, L50, F, shiny|100\/100\n|switch|p2a: Dragonite|Dragonite, L50, M|100\/100\n|switch|p2b: Chien-Pao|Chien-Pao, L50|100\/100\n|-ability|p2b: Chien-Pao|Sword of Ruin\n|-ability|p1b: Gyarados|Intimidate|boost\n|-fail|p2a: Dragonite|unboost|Attack|[from] ability: Inner Focus|[of] p2a: Dragonite\n|-unboost|p2b: Chien-Pao|atk|1\n|turn|1\n|\n|t:|1682379601\n|switch|p2b: Murkrow|Murkrow, L50, M|100\/100\n|move|p1b: Gyarados|Protect|p1b: Gyarados\n|-singleturn|p1b: Gyarados|Protect\n|move|p2a: Dragonite|Low Kick|p1a: Glimmora\n|-damage|p1a: Glimmora|68\/100\n|-activate|p1a: Glimmora|ability: Toxic Debris\n|-sidestart|p2: lrnr21|move: Toxic Spikes\n|move|p1a: Glimmora|Mortal Spin|p2b: Murkrow|[spread] p2a,p2b\n|-damage|p2a: Dragonite|96\/100\n|-damage|p2b: Murkrow|96\/100\n|-status|p2a: Dragonite|psn\n|-status|p2b: Murkrow|psn\n|\n|-damage|p2a: Dragonite|84\/100 psn|[from] psn\n|-damage|p2b: Murkrow|84\/100 psn|[from] psn\n|upkeep\n|turn|2\n|\n|t:|1682379616\n|switch|p2a: Great Tusk|Great Tusk, L50|100\/100\n|-status|p2a: Great Tusk|psn\n|move|p1a: Glimmora|Spiky Shield|p1a: Glimmora\n|-singleturn|p1a: Glimmora|move: Protect\n|move|p2b: Murkrow|Sunny Day|p2b: Murkrow\n|-weather|SunnyDay\n|-activate|p2a: Great Tusk|ability: Protosynthesis\n|-start|p2a: Great Tusk|protosynthesisatk\n|move|p1b: Gyarados|Dragon Dance|p1b: Gyarados\n|-boost|p1b: Gyarados|atk|1\n|-boost|p1b: Gyarados|spe|1\n|\n|-weather|SunnyDay|[upkeep]\n|-damage|p2a: Great Tusk|88\/100 psn|[from] psn\n|-damage|p2b: Murkrow|72\/100 psn|[from] psn\n|upkeep\n|turn|3\n|\n|t:|1682379637\n|move|p1b: Gyarados|Protect|p1b: Gyarados\n|-singleturn|p1b: Gyarados|Protect\n|move|p2b: Murkrow|Haze|p2b: Murkrow\n|-clearallboost\n|move|p2a: Great Tusk|Headlong Rush|p1a: Glimmora\n|-supereffective|p1a: Glimmora\n|-damage|p1a: Glimmora|0 fnt\n|-unboost|p2a: Great Tusk|def|1\n|-unboost|p2a: Great Tusk|spd|1\n|-activate|p1a: Glimmora|ability: Toxic Debris\n|-sidestart|p2: lrnr21|move: Toxic Spikes\n|faint|p1a: Glimmora\n|\n|-weather|SunnyDay|[upkeep]\n|-damage|p2a: Great Tusk|76\/100 psn|[from] psn\n|-damage|p2b: Murkrow|60\/100 psn|[from] psn\n|upkeep\n|\n|t:|1682379657\n|switch|p1a: Ribbons|Flutter Mane, L50|100\/100\n|-activate|p1a: Ribbons|ability: Protosynthesis\n|-start|p1a: Ribbons|protosynthesisspe\n|turn|4\n|\n|t:|1682379674\n|-terastallize|p2a: Great Tusk|Steel\n|move|p2b: Murkrow|Tailwind|p2b: Murkrow\n|-sidestart|p2: lrnr21|move: Tailwind\n|move|p2a: Great Tusk|Headlong Rush|p1a: Ribbons\n|-damage|p1a: Ribbons|0 fnt\n|-unboost|p2a: Great Tusk|def|1\n|-unboost|p2a: Great Tusk|spd|1\n|faint|p1a: Ribbons\n|-end|p1a: Ribbons|Protosynthesis|[silent]\n|move|p1b: Gyarados|Dragon Dance|p1b: Gyarados\n|-boost|p1b: Gyarados|atk|1\n|-boost|p1b: Gyarados|spe|1\n|\n|-weather|SunnyDay|[upkeep]\n|-damage|p2a: Great Tusk|64\/100 psn|[from] psn\n|-damage|p2b: Murkrow|48\/100 psn|[from] psn\n|upkeep\n|\n|t:|1682379682\n|switch|p1a: Live Reaction|Wo-Chien, L50|100\/100\n|-ability|p1a: Live Reaction|Tablets of Ruin\n|turn|5\n|\n|t:|1682379692\n|move|p1a: Live Reaction|Protect|p1a: Live Reaction\n|-singleturn|p1a: Live Reaction|Protect\n|move|p2b: Murkrow|Haze|p2b: Murkrow\n|-clearallboost\n|move|p2a: Great Tusk|Headlong Rush|p1a: Live Reaction\n|-activate|p1a: Live Reaction|move: Protect\n|move|p1b: Gyarados|Waterfall|p2a: Great Tusk\n|-damage|p2a: Great Tusk|56\/100 psn\n|\n|-weather|SunnyDay|[upkeep]\n|-damage|p2a: Great Tusk|44\/100 psn|[from] psn\n|-damage|p2b: Murkrow|36\/100 psn|[from] psn\n|upkeep\n|turn|6\n|inactive|GreninjaRB has 30 seconds left.\n|\n|t:|1682379720\n|move|p2a: Great Tusk|Headlong Rush|p1a: Live Reaction\n|-resisted|p1a: Live Reaction\n|-damage|p1a: Live Reaction|76\/100\n|-unboost|p2a: Great Tusk|def|1\n|-unboost|p2a: Great Tusk|spd|1\n|move|p2b: Murkrow|Foul Play|p1b: Gyarados\n|-damage|p1b: Gyarados|71\/100\n|move|p1b: Gyarados|Taunt|p2b: Murkrow\n|-start|p2b: Murkrow|move: Taunt\n|move|p1a: Live Reaction|Leech Seed|p2a: Great Tusk\n|-start|p2a: Great Tusk|move: Leech Seed\n|\n|-weather|none\n|-end|p2a: Great Tusk|Protosynthesis\n|-heal|p1a: Live Reaction|82\/100|[from] item: Leftovers\n|-damage|p2a: Great Tusk|32\/100 psn|[from] Leech Seed|[of] p1a: Live Reaction\n|-heal|p1a: Live Reaction|94\/100|[silent]\n|-damage|p2a: Great Tusk|19\/100 psn|[from] psn\n|-damage|p2b: Murkrow|24\/100 psn|[from] psn\n|upkeep\n|turn|7\n|\n|t:|1682379735\n|-end|p2a: Great Tusk|Protosynthesis|[silent]\n|switch|p2a: Dragonite|Dragonite, L50, M|84\/100 psn\n|move|p1b: Gyarados|Protect|p1b: Gyarados\n|-singleturn|p1b: Gyarados|Protect\n|move|p1a: Live Reaction|Protect|p1a: Live Reaction\n|-singleturn|p1a: Live Reaction|Protect\n|move|p2b: Murkrow|Foul Play|p1b: Gyarados\n|-activate|p1b: Gyarados|move: Protect\n|\n|-heal|p1a: Live Reaction|100\/100|[from] item: Leftovers\n|-damage|p2a: Dragonite|72\/100 psn|[from] psn\n|-damage|p2b: Murkrow|12\/100 psn|[from] psn\n|-sideend|p2: lrnr21|move: Tailwind\n|upkeep\n|turn|8\n|\n|t:|1682379758\n|switch|p2b: Chien-Pao|Chien-Pao, L50|100\/100\n|-status|p2b: Chien-Pao|tox\n|-ability|p2b: Chien-Pao|Sword of Ruin\n|-terastallize|p1a: Live Reaction|Fairy\n|move|p1b: Gyarados|Waterfall|p2a: Dragonite\n|-resisted|p2a: Dragonite\n|-damage|p2a: Dragonite|54\/100 psn\n|move|p2a: Dragonite|Facade|p1a: Live Reaction\n|-damage|p1a: Live Reaction|37\/100\n|move|p1a: Live Reaction|Knock Off|p2a: Dragonite\n|-damage|p2a: Dragonite|14\/100 psn\n|-enditem|p2a: Dragonite|Choice Band|[from] move: Knock Off|[of] p1a: Live Reaction\n|\n|-heal|p1a: Live Reaction|43\/100|[from] item: Leftovers\n|-damage|p2b: Chien-Pao|95\/100 tox|[from] psn\n|-damage|p2a: Dragonite|2\/100 psn|[from] psn\n|upkeep\n|turn|9\n|\n|t:|1682379776\n|move|p1b: Gyarados|Protect|p1b: Gyarados\n|-singleturn|p1b: Gyarados|Protect\n|move|p1a: Live Reaction|Protect|p1a: Live Reaction\n|-singleturn|p1a: Live Reaction|Protect\n|move|p2a: Dragonite|Extreme Speed|p1a: Live Reaction\n|-activate|p1a: Live Reaction|move: Protect\n|move|p2b: Chien-Pao|Sucker Punch||[still]\n|-fail|p2b: Chien-Pao\n|\n|-heal|p1a: Live Reaction|49\/100|[from] item: Leftovers\n|-damage|p2b: Chien-Pao|83\/100 tox|[from] psn\n|-damage|p2a: Dragonite|0 fnt|[from] psn\n|faint|p2a: Dragonite\n|upkeep\n|\n|t:|1682379781\n|switch|p2a: Murkrow|Murkrow, L50, M|12\/100 psn\n|turn|10\n|\n|t:|1682379798\n|move|p2a: Murkrow|Sunny Day|p2a: Murkrow\n|-weather|SunnyDay\n|move|p2b: Chien-Pao|Ice Spinner|p1a: Live Reaction\n|-damage|p1a: Live Reaction|18\/100\n|move|p1b: Gyarados|Waterfall|p2b: Chien-Pao\n|-damage|p2b: Chien-Pao|65\/100 tox\n|move|p1a: Live Reaction|Leech Seed|p2b: Chien-Pao\n|-start|p2b: Chien-Pao|move: Leech Seed\n|\n|-weather|SunnyDay|[upkeep]\n|-heal|p1a: Live Reaction|24\/100|[from] item: Leftovers\n|-damage|p2b: Chien-Pao|53\/100 tox|[from] Leech Seed|[of] p1a: Live Reaction\n|-heal|p1a: Live Reaction|34\/100|[silent]\n|-damage|p2b: Chien-Pao|35\/100 tox|[from] psn\n|-damage|p2a: Murkrow|0 fnt|[from] psn\n|faint|p2a: Murkrow\n|upkeep\n|\n|t:|1682379811\n|switch|p2a: Great Tusk|Great Tusk, L50, tera:Steel|19\/100 psn\n|-activate|p2a: Great Tusk|ability: Protosynthesis\n|-start|p2a: Great Tusk|protosynthesisatk\n|turn|11\n|\n|t:|1682379823\n|move|p1b: Gyarados|Protect|p1b: Gyarados\n|-singleturn|p1b: Gyarados|Protect\n|move|p1a: Live Reaction|Protect|p1a: Live Reaction\n|-singleturn|p1a: Live Reaction|Protect\n|move|p2a: Great Tusk|Headlong Rush|p1b: Gyarados\n|-activate|p1b: Gyarados|move: Protect\n|move|p2b: Chien-Pao|Ice Spinner|p1a: Live Reaction\n|-activate|p1a: Live Reaction|move: Protect\n|\n|-weather|SunnyDay|[upkeep]\n|-heal|p1a: Live Reaction|41\/100|[from] item: Leftovers\n|-damage|p2b: Chien-Pao|23\/100 tox|[from] Leech Seed|[of] p1a: Live Reaction\n|-heal|p1a: Live Reaction|50\/100|[silent]\n|-damage|p2a: Great Tusk|7\/100 psn|[from] psn\n|-damage|p2b: Chien-Pao|0 fnt|[from] psn\n|faint|p2b: Chien-Pao\n|upkeep\n|turn|12\n|-message|lrnr21 forfeited.\n|\n|win|GreninjaRB\n|raw|GreninjaRB's rating: 1137 → 1167<\/strong> (+30 for winning)\n|raw|lrnr21's rating: 1203 → 1173<\/strong> (-30 for losing)\n|l|\u2606lrnr21\n|c|\u2606GreninjaRB|gg\n","uploadtime":1682380017,"views":13,"p1id":"greninjarb","p2id":"lrnr21","formatid":"gen9vgc2023regulationc","rating":1167,"private":0,"password":""}