{"id":"gen9vgc2023regulationc-1854693675","p1":"hysaaron","p2":"Tendo Pain(Nagato)","format":"[Gen 9] VGC 2023 Regulation C","log":"|j|\u2606hysaaron\n|j|\u2606Tendo Pain(Nagato)\n|t:|1682851662\n|gametype|doubles\n|player|p1|hysaaron|102|1312\n|player|p2|Tendo Pain(Nagato)|bruno|1239\n|teamsize|p1|6\n|teamsize|p2|6\n|gen|9\n|tier|[Gen 9] VGC 2023 Regulation C\n|rated|\n|rule|Species Clause: Limit one of each Pok\u00e9mon\n|rule|Item Clause: Limit one of each item\n|clearpoke\n|poke|p1|Annihilape, L50, F|\n|poke|p1|Maushold, L50|\n|poke|p1|Ting-Lu, L50|\n|poke|p1|Amoonguss, L50, F|\n|poke|p1|Gholdengo, L50|\n|poke|p1|Gyarados, L50, M|\n|poke|p2|Chi-Yu, L50|\n|poke|p2|Dachsbun, L50, M|\n|poke|p2|Dragonite, L50, M|\n|poke|p2|Flutter Mane, L50|\n|poke|p2|Azumarill, L50, F|\n|poke|p2|Chien-Pao, L50|\n|teampreview|4\n|inactive|Battle timer is ON: inactive players will automatically lose when time's up. (requested by hysaaron)\n|inactive|hysaaron has 60 seconds left.\n|\n|t:|1682851722\n|start\n|switch|p1a: Maushold|Maushold, L50, shiny|100\/100\n|switch|p1b: Annihilape|Annihilape, L50, F, shiny|100\/100\n|switch|p2a: Chi-Yu|Chi-Yu, L50|100\/100\n|switch|p2b: Dachsbun|Dachsbun, L50, M|100\/100\n|-ability|p2a: Chi-Yu|Beads of Ruin\n|turn|1\n|inactive|hysaaron has 30 seconds left.\n|\n|t:|1682851750\n|-terastallize|p1b: Annihilape|Fire\n|move|p2a: Chi-Yu|Lava Plume|p1a: Maushold|[spread] p1a,p1b\n|-ability|p2b: Dachsbun|Well-Baked Body|boost\n|-boost|p2b: Dachsbun|def|2\n|-resisted|p1b: Annihilape\n|-damage|p1a: Maushold|47\/100\n|-damage|p1b: Annihilape|88\/100\n|move|p1a: Maushold|Beat Up|p1b: Annihilape\n|-damage|p1b: Annihilape|86\/100\n|-damage|p1b: Annihilape|84\/100\n|-damage|p1b: Annihilape|82\/100\n|-damage|p1b: Annihilape|79\/100\n|-hitcount|p1b: Annihilape|4\n|move|p1b: Annihilape|Rage Fist|p2b: Dachsbun\n|-damage|p2b: Dachsbun|38\/100\n|move|p2b: Dachsbun|Yawn|p1b: Annihilape\n|-start|p1b: Annihilape|move: Yawn|[of] p2b: Dachsbun\n|\n|-heal|p1b: Annihilape|86\/100|[from] item: Leftovers\n|-heal|p2b: Dachsbun|44\/100|[from] item: Leftovers\n|upkeep\n|turn|2\n|inactive|hysaaron has 30 seconds left.\n|inactive|hysaaron has 20 seconds left.\n|inactive|hysaaron has 15 seconds left.\n|\n|t:|1682851791\n|switch|p1b: Ting-Lu|Ting-Lu, L50|100\/100\n|-ability|p1b: Ting-Lu|Vessel of Ruin\n|move|p2b: Dachsbun|Protect|p2b: Dachsbun\n|-singleturn|p2b: Dachsbun|Protect\n|move|p2a: Chi-Yu|Lava Plume|p1b: Ting-Lu|[spread] p1a,p1b\n|-activate|p2b: Dachsbun|move: Protect\n|-damage|p1a: Maushold|5\/100\n|-damage|p1b: Ting-Lu|90\/100\n|-status|p1a: Maushold|brn\n|move|p1a: Maushold|Super Fang|p2a: Chi-Yu\n|-damage|p2a: Chi-Yu|51\/100\n|\n|-heal|p2b: Dachsbun|50\/100|[from] item: Leftovers\n|-damage|p1a: Maushold|0 fnt|[from] brn\n|faint|p1a: Maushold\n|upkeep\n|\n|t:|1682851810\n|switch|p1a: Annihilape|Annihilape, L50, F, shiny, tera:Fire|86\/100\n|turn|3\n|inactive|hysaaron has 30 seconds left.\n|\n|t:|1682851843\n|move|p2a: Chi-Yu|Lava Plume|p1b: Ting-Lu|[spread] p1a,p1b\n|-ability|p2b: Dachsbun|Well-Baked Body|boost\n|-boost|p2b: Dachsbun|def|2\n|-resisted|p1a: Annihilape\n|-crit|p1a: Annihilape\n|-damage|p1a: Annihilape|66\/100\n|-damage|p1b: Ting-Lu|75\/100\n|move|p1a: Annihilape|Rage Fist|p2b: Dachsbun\n|-damage|p2b: Dachsbun|0 fnt\n|faint|p2b: Dachsbun\n|move|p1b: Ting-Lu|Stomping Tantrum|p2a: Chi-Yu\n|-supereffective|p2a: Chi-Yu\n|-damage|p2a: Chi-Yu|0 fnt\n|faint|p2a: Chi-Yu\n|\n|-heal|p1a: Annihilape|72\/100|[from] item: Leftovers\n|upkeep\n|\n|t:|1682851852\n|switch|p2a: Chien-Pao|Chien-Pao, L50|100\/100\n|switch|p2b: Flutter Mane|Flutter Mane, L50|100\/100\n|-ability|p2a: Chien-Pao|Sword of Ruin\n|-enditem|p2b: Flutter Mane|Booster Energy\n|-activate|p2b: Flutter Mane|ability: Protosynthesis|[fromitem]\n|-start|p2b: Flutter Mane|protosynthesisspe\n|turn|4\n|inactive|hysaaron has 30 seconds left.\n|inactive|hysaaron has 20 seconds left.\n|\n|t:|1682851888\n|-terastallize|p2a: Chien-Pao|Dark\n|move|p2b: Flutter Mane|Dazzling Gleam|p1b: Ting-Lu|[spread] p1a,p1b\n|-resisted|p1a: Annihilape\n|-supereffective|p1b: Ting-Lu\n|-damage|p1a: Annihilape|62\/100\n|-damage|p1b: Ting-Lu|55\/100\n|move|p2a: Chien-Pao|Throat Chop|p1a: Annihilape\n|-damage|p1a: Annihilape|0 fnt\n|faint|p1a: Annihilape\n|move|p1b: Ting-Lu|Heavy Slam|p2b: Flutter Mane\n|-supereffective|p2b: Flutter Mane\n|-damage|p2b: Flutter Mane|0 fnt\n|faint|p2b: Flutter Mane\n|-end|p2b: Flutter Mane|Protosynthesis|[silent]\n|\n|upkeep\n|\n|t:|1682851902\n|switch|p1a: Gyarados|Gyarados, L50, M, shiny|100\/100\n|-ability|p1a: Gyarados|Intimidate|boost\n|-unboost|p2a: Chien-Pao|atk|1\n|turn|5\n|\n|t:|1682851919\n|move|p2a: Chien-Pao|Protect|p2a: Chien-Pao\n|-singleturn|p2a: Chien-Pao|Protect\n|move|p1a: Gyarados|Thunder Wave|p2a: Chien-Pao\n|-activate|p2a: Chien-Pao|move: Protect\n|move|p1b: Ting-Lu|Stomping Tantrum|p2a: Chien-Pao\n|-activate|p2a: Chien-Pao|move: Protect\n|\n|upkeep\n|turn|6\n|\n|t:|1682851937\n|move|p2a: Chien-Pao|Ice Spinner|p1b: Ting-Lu\n|-supereffective|p1b: Ting-Lu\n|-damage|p1b: Ting-Lu|15\/100\n|move|p1a: Gyarados|Thunder Wave|p2a: Chien-Pao\n|-status|p2a: Chien-Pao|par\n|move|p1b: Ting-Lu|Stomping Tantrum|p2a: Chien-Pao\n|-damage|p2a: Chien-Pao|50\/100 par\n|\n|upkeep\n|turn|7\n|-message|Tendo Pain(Nagato) forfeited.\n|\n|win|hysaaron\n|raw|hysaaron's rating: 1312 → 1328<\/strong> (+16 for winning)\n|raw|Tendo Pain(Nagato)'s rating: 1239 → 1219<\/strong> (-20 for losing)\n|l|\u2606Tendo Pain(Nagato)\n","uploadtime":1682851953,"views":10,"p1id":"hysaaron","p2id":"tendopainnagato","formatid":"gen9vgc2023regulationc","rating":1219,"private":0,"password":""}