{"id":"gen9vgc2023regulationc-1849638045","p1":"Kwiper","p2":"Auraen","format":"[Gen 9] VGC 2023 Regulation C","log":"|j|\u2606Kwiper\n|j|\u2606Auraen\n|t:|1682223823\n|gametype|doubles\n|player|p1|Kwiper|thorton|1441\n|player|p2|Auraen|flannery|1396\n|teamsize|p1|6\n|teamsize|p2|6\n|gen|9\n|tier|[Gen 9] VGC 2023 Regulation C\n|rated|\n|rule|Species Clause: Limit one of each Pok\u00e9mon\n|rule|Item Clause: Limit one of each item\n|clearpoke\n|poke|p1|Gastrodon-East, L50, F|\n|poke|p1|Chi-Yu, L50|\n|poke|p1|Tyranitar, L50, M|\n|poke|p1|Iron Bundle, L50|\n|poke|p1|Dragapult, L50, F|\n|poke|p1|Amoonguss, L50, F|\n|poke|p2|Rotom-Mow, L50|\n|poke|p2|Flutter Mane, L50|\n|poke|p2|Tauros-Paldea-Aqua, L50, M|\n|poke|p2|Tyranitar, L50, M|\n|poke|p2|Chi-Yu, L50|\n|poke|p2|Glimmora, L50, F|\n|teampreview|4\n|j| chacaad\n|\n|t:|1682223863\n|start\n|switch|p1a: Tyranitar|Tyranitar, L50, M|100\/100\n|switch|p1b: Dragapult|Dragapult, L50, F|100\/100\n|switch|p2a: Glimmora|Glimmora, L50, F|100\/100\n|switch|p2b: Rotom|Rotom-Mow, L50|100\/100\n|-weather|Sandstorm|[from] ability: Sand Stream|[of] p1a: Tyranitar\n|turn|1\n|\n|t:|1682223883\n|move|p1b: Dragapult|U-turn|p2b: Rotom\n|-supereffective|p2b: Rotom\n|-damage|p2b: Rotom|27\/100\n|-enditem|p2b: Rotom|Sitrus Berry|[eat]\n|-heal|p2b: Rotom|51\/100|[from] item: Sitrus Berry\n|\n|t:|1682223886\n|switch|p1b: Iron Bundle|Iron Bundle, L50|100\/100|[from] U-turn\n|-enditem|p1b: Iron Bundle|Booster Energy\n|-activate|p1b: Iron Bundle|ability: Quark Drive|[fromitem]\n|-start|p1b: Iron Bundle|quarkdrivespe\n|move|p2a: Glimmora|Earth Power|p1a: Tyranitar\n|-supereffective|p1a: Tyranitar\n|-damage|p1a: Tyranitar|80\/100\n|move|p2b: Rotom|Will-O-Wisp|p1b: Iron Bundle\n|-status|p1b: Iron Bundle|brn\n|move|p1a: Tyranitar|Heavy Slam|p2a: Glimmora\n|-supereffective|p2a: Glimmora\n|-damage|p2a: Glimmora|49\/100\n|-activate|p2a: Glimmora|ability: Toxic Debris\n|-sidestart|p1: Kwiper|move: Toxic Spikes\n|\n|-weather|Sandstorm|[upkeep]\n|-damage|p1b: Iron Bundle|94\/100 brn|[from] Sandstorm\n|-damage|p2b: Rotom|46\/100|[from] Sandstorm\n|-damage|p1b: Iron Bundle|88\/100 brn|[from] brn\n|upkeep\n|turn|2\n|\n|t:|1682223906\n|move|p1b: Iron Bundle|Freeze-Dry|p2b: Rotom\n|-supereffective|p2b: Rotom\n|-crit|p2b: Rotom\n|-damage|p2b: Rotom|0 fnt\n|faint|p2b: Rotom\n|move|p2a: Glimmora|Power Gem|p1b: Iron Bundle\n|-supereffective|p1b: Iron Bundle\n|-damage|p1b: Iron Bundle|0 fnt\n|faint|p1b: Iron Bundle\n|-end|p1b: Iron Bundle|Quark Drive|[silent]\n|move|p1a: Tyranitar|Heavy Slam|p2a: Glimmora\n|-supereffective|p2a: Glimmora\n|-damage|p2a: Glimmora|0 fnt\n|-activate|p2a: Glimmora|ability: Toxic Debris\n|-sidestart|p1: Kwiper|move: Toxic Spikes\n|faint|p2a: Glimmora\n|\n|-weather|Sandstorm|[upkeep]\n|upkeep\n|\n|t:|1682223919\n|switch|p1b: Dragapult|Dragapult, L50, F|100\/100\n|switch|p2a: Tyranitar|Tyranitar, L50, M|100\/100\n|switch|p2b: Flutter Mane|Flutter Mane, L50|100\/100\n|-status|p1b: Dragapult|tox\n|-enditem|p2b: Flutter Mane|Booster Energy\n|-activate|p2b: Flutter Mane|ability: Protosynthesis|[fromitem]\n|-start|p2b: Flutter Mane|protosynthesisspe\n|turn|3\n|\n|t:|1682223933\n|-terastallize|p1a: Tyranitar|Flying\n|move|p2b: Flutter Mane|Protect|p2b: Flutter Mane\n|-singleturn|p2b: Flutter Mane|Protect\n|move|p2a: Tyranitar|Protect|p2a: Tyranitar\n|-singleturn|p2a: Tyranitar|Protect\n|move|p1b: Dragapult|U-turn|p2a: Tyranitar\n|-activate|p2a: Tyranitar|move: Protect\n|move|p1a: Tyranitar|Heavy Slam|p2b: Flutter Mane\n|-activate|p2b: Flutter Mane|move: Protect\n|\n|-weather|Sandstorm|[upkeep]\n|-damage|p2b: Flutter Mane|94\/100|[from] Sandstorm\n|-damage|p1b: Dragapult|94\/100 tox|[from] Sandstorm\n|-damage|p1a: Tyranitar|74\/100|[from] Sandstorm\n|-damage|p1b: Dragapult|88\/100 tox|[from] psn\n|upkeep\n|turn|4\n|\n|t:|1682223951\n|switch|p1b: Gastrodon|Gastrodon-East, L50, F|100\/100\n|-status|p1b: Gastrodon|tox\n|-terastallize|p2a: Tyranitar|Rock\n|move|p2b: Flutter Mane|Icy Wind|p1b: Gastrodon|[spread] p1a,p1b\n|-supereffective|p1a: Tyranitar\n|-damage|p1a: Tyranitar|58\/100\n|-damage|p1b: Gastrodon|88\/100 tox\n|-unboost|p1a: Tyranitar|spe|1\n|-unboost|p1b: Gastrodon|spe|1\n|move|p2a: Tyranitar|Rock Slide|p1b: Gastrodon|[spread] p1a,p1b\n|-supereffective|p1a: Tyranitar\n|-resisted|p1b: Gastrodon\n|-crit|p1b: Gastrodon\n|-damage|p1a: Tyranitar|0 fnt\n|-damage|p1b: Gastrodon|64\/100 tox\n|faint|p1a: Tyranitar\n|\n|-weather|Sandstorm|[upkeep]\n|-damage|p2b: Flutter Mane|88\/100|[from] Sandstorm\n|-heal|p1b: Gastrodon|70\/100 tox|[from] item: Leftovers\n|-damage|p1b: Gastrodon|64\/100 tox|[from] psn\n|upkeep\n|\n|t:|1682223956\n|switch|p1a: Dragapult|Dragapult, L50, F|88\/100 tox\n|turn|5\n|\n|t:|1682223971\n|move|p2b: Flutter Mane|Protect|p2b: Flutter Mane\n|-singleturn|p2b: Flutter Mane|Protect\n|move|p2a: Tyranitar|Protect|p2a: Tyranitar\n|-singleturn|p2a: Tyranitar|Protect\n|move|p1a: Dragapult|Phantom Force||[still]\n|-prepare|p1a: Dragapult|Phantom Force\n|move|p1b: Gastrodon|Muddy Water|p2b: Flutter Mane|[spread] \n|-activate|p2a: Tyranitar|move: Protect\n|-activate|p2b: Flutter Mane|move: Protect\n|\n|-weather|none\n|-heal|p1b: Gastrodon|70\/100 tox|[from] item: Leftovers\n|-damage|p1a: Dragapult|82\/100 tox|[from] psn\n|-damage|p1b: Gastrodon|58\/100 tox|[from] psn\n|upkeep\n|turn|6\n|\n|t:|1682223989\n|move|p2b: Flutter Mane|Hex|p1b: Gastrodon\n|-damage|p1b: Gastrodon|2\/100 tox\n|move|p1a: Dragapult|Phantom Force|p2b: Flutter Mane|[from]lockedmove\n|-supereffective|p2b: Flutter Mane\n|-damage|p2b: Flutter Mane|0 fnt\n|faint|p2b: Flutter Mane\n|-end|p2b: Flutter Mane|Protosynthesis|[silent]\n|move|p2a: Tyranitar|Taunt|p1b: Gastrodon\n|-start|p1b: Gastrodon|move: Taunt\n|move|p1b: Gastrodon|Earth Power|p2a: Tyranitar\n|-supereffective|p2a: Tyranitar\n|-damage|p2a: Tyranitar|53\/100\n|-unboost|p2a: Tyranitar|spd|1\n|\n|-heal|p1b: Gastrodon|8\/100 tox|[from] item: Leftovers\n|-damage|p1a: Dragapult|70\/100 tox|[from] psn\n|-damage|p1b: Gastrodon|0 fnt|[from] psn\n|faint|p1b: Gastrodon\n|upkeep\n|turn|7\n|\n|t:|1682224006\n|move|p1a: Dragapult|Phantom Force||[still]\n|-prepare|p1a: Dragapult|Phantom Force\n|move|p2a: Tyranitar|Rock Slide|p1a: Dragapult|[miss]\n|-miss|p2a: Tyranitar|p1a: Dragapult\n|\n|-damage|p1a: Dragapult|51\/100 tox|[from] psn\n|upkeep\n|turn|8\n|\n|t:|1682224013\n|move|p1a: Dragapult|Phantom Force|p2a: Tyranitar|[from]lockedmove\n|-damage|p2a: Tyranitar|0 fnt\n|faint|p2a: Tyranitar\n|\n|win|Kwiper\n|raw|Kwiper's rating: 1441 → 1458<\/strong> (+17 for winning)\n|raw|Auraen's rating: 1396 → 1379<\/strong> (-17 for losing)\n|l|\u2606Auraen\n","uploadtime":1682224019,"views":15,"p1id":"kwiper","p2id":"auraen","formatid":"gen9vgc2023regulationc","rating":1379,"private":0,"password":""}