{"id":"gen9vgc2023regulationc-1847009414","p1":"hysaaron","p2":"Gin06134","format":"[Gen 9] VGC 2023 Regulation C","log":"|j|\u2606hysaaron\n|j|\u203dGin06134\n|t:|1681911340\n|gametype|doubles\n|player|p1|hysaaron|169|1211\n|player|p2|Gin06134|red-gen1|1311\n|teamsize|p1|6\n|teamsize|p2|6\n|gen|9\n|tier|[Gen 9] VGC 2023 Regulation C\n|rated|\n|rule|Species Clause: Limit one of each Pok\u00e9mon\n|rule|Item Clause: Limit one of each item\n|clearpoke\n|poke|p1|Ting-Lu, L50|\n|poke|p1|Amoonguss, L50, F|\n|poke|p1|Annihilape, L50, F|\n|poke|p1|Maushold, L50|\n|poke|p1|Chi-Yu, L50|\n|poke|p1|Flutter Mane, L50|\n|poke|p2|Sandy Shocks, L50|\n|poke|p2|Torkoal, L50, M|\n|poke|p2|Flutter Mane, L50|\n|poke|p2|Gyarados, L50, M|\n|poke|p2|Chien-Pao, L50|\n|poke|p2|Lilligant, L50, F|\n|teampreview|4\n|inactive|Battle timer is ON: inactive players will automatically lose when time's up. (requested by hysaaron)\n|inactive|hysaaron has 60 seconds left.\n|inactive|Gin06134 has 60 seconds left.\n|inactive|hysaaron has 30 seconds left.\n|\n|t:|1681911408\n|start\n|switch|p1a: Maushold|Maushold, L50|100\/100\n|switch|p1b: Annihilape|Annihilape, L50, F|100\/100\n|switch|p2a: Torkoal|Torkoal, L50, M|100\/100\n|switch|p2b: Flutter Mane|Flutter Mane, L50|100\/100\n|-weather|SunnyDay|[from] ability: Drought|[of] p2a: Torkoal\n|-activate|p2b: Flutter Mane|ability: Protosynthesis\n|-start|p2b: Flutter Mane|protosynthesisspa\n|turn|1\n|inactive|hysaaron has 30 seconds left.\n|inactive|Gin06134 has 30 seconds left.\n|inactive|hysaaron has 20 seconds left.\n|inactive|Gin06134 has 20 seconds left.\n|inactive|Gin06134 has 15 seconds left.\n|inactive|Gin06134 has 10 seconds left.\n|inactive|Gin06134 has 5 seconds left.\n|\n|t:|1681911458\n|-terastallize|p1b: Annihilape|Fire\n|move|p2a: Torkoal|Helping Hand|p2b: Flutter Mane\n|-singleturn|p2b: Flutter Mane|Helping Hand|[of] p2a: Torkoal\n|move|p2b: Flutter Mane|Dazzling Gleam|p1a: Maushold|[spread] p1a,p1b\n|-resisted|p1b: Annihilape\n|-damage|p1a: Maushold|0 fnt\n|-damage|p1b: Annihilape|66\/100\n|faint|p1a: Maushold\n|move|p1b: Annihilape|Rage Fist|p2b: Flutter Mane\n|-supereffective|p2b: Flutter Mane\n|-damage|p2b: Flutter Mane|0 fnt\n|faint|p2b: Flutter Mane\n|-end|p2b: Flutter Mane|Protosynthesis|[silent]\n|\n|-weather|SunnyDay|[upkeep]\n|upkeep\n|\n|t:|1681911478\n|switch|p2b: Sandy Shocks|Sandy Shocks, L50|100\/100\n|switch|p1a: Amoonguss|Amoonguss, L50, F, shiny|100\/100\n|-activate|p2b: Sandy Shocks|ability: Protosynthesis\n|-start|p2b: Sandy Shocks|protosynthesisspe\n|turn|2\n|inactive|hysaaron has 30 seconds left.\n|\n|t:|1681911505\n|-terastallize|p2b: Sandy Shocks|Grass\n|move|p1b: Annihilape|Protect|p1b: Annihilape\n|-singleturn|p1b: Annihilape|Protect\n|move|p2b: Sandy Shocks|Earth Power|p1b: Annihilape\n|-activate|p1b: Annihilape|move: Protect\n|move|p2a: Torkoal|Heat Wave|p1a: Amoonguss|[spread] p1a\n|-activate|p1b: Annihilape|move: Protect\n|-supereffective|p1a: Amoonguss\n|-damage|p1a: Amoonguss|35\/100\n|move|p1a: Amoonguss|Spore|p2a: Torkoal\n|-status|p2a: Torkoal|slp|[from] move: Spore\n|\n|-weather|SunnyDay|[upkeep]\n|upkeep\n|turn|3\n|inactive|hysaaron has 30 seconds left.\n|\n|t:|1681911536\n|move|p1a: Amoonguss|Rage Powder|p1a: Amoonguss\n|-singleturn|p1a: Amoonguss|move: Rage Powder\n|move|p2b: Sandy Shocks|Thunderbolt|p1b: Annihilape\n|-damage|p1b: Annihilape|14\/100\n|-enditem|p1b: Annihilape|Sitrus Berry|[eat]\n|-heal|p1b: Annihilape|39\/100|[from] item: Sitrus Berry\n|-damage|p2b: Sandy Shocks|91\/100|[from] item: Life Orb\n|move|p1b: Annihilape|Rage Fist|p2b: Sandy Shocks\n|-damage|p2b: Sandy Shocks|21\/100\n|cant|p2a: Torkoal|slp\n|\n|-weather|SunnyDay|[upkeep]\n|upkeep\n|turn|4\n|inactive|hysaaron has 30 seconds left.\n|inactive|hysaaron has 20 seconds left.\n|inactive|hysaaron has 15 seconds left.\n|\n|t:|1681911580\n|switch|p1a: Flutter Mane|Flutter Mane, L50|100\/100\n|-activate|p1a: Flutter Mane|ability: Protosynthesis\n|-start|p1a: Flutter Mane|protosynthesisspa\n|move|p1b: Annihilape|Protect|p1b: Annihilape\n|-singleturn|p1b: Annihilape|Protect\n|move|p2b: Sandy Shocks|Earth Power|p1b: Annihilape\n|-activate|p1b: Annihilape|move: Protect\n|cant|p2a: Torkoal|slp\n|\n|-weather|SunnyDay|[upkeep]\n|upkeep\n|turn|5\n|inactive|hysaaron has 30 seconds left.\n|inactive|hysaaron has 20 seconds left.\n|inactive|hysaaron has 15 seconds left.\n|\n|t:|1681911624\n|move|p2b: Sandy Shocks|Thunderbolt|p1a: Flutter Mane\n|-damage|p1a: Flutter Mane|42\/100\n|-damage|p2b: Sandy Shocks|11\/100|[from] item: Life Orb\n|move|p1a: Flutter Mane|Moonblast|p2b: Sandy Shocks\n|-damage|p2b: Sandy Shocks|0 fnt\n|faint|p2b: Sandy Shocks\n|-end|p2b: Sandy Shocks|Protosynthesis|[silent]\n|move|p1b: Annihilape|Drain Punch|p2a: Torkoal\n|-damage|p2a: Torkoal|75\/100 slp\n|-heal|p1b: Annihilape|50\/100|[from] drain|[of] p2a: Torkoal\n|cant|p2a: Torkoal|slp\n|\n|-weather|SunnyDay|[upkeep]\n|upkeep\n|\n|t:|1681911638\n|switch|p2b: Chien-Pao|Chien-Pao, L50|100\/100\n|-ability|p2b: Chien-Pao|Sword of Ruin\n|turn|6\n|\n|t:|1681911660\n|move|p2b: Chien-Pao|Protect|p2b: Chien-Pao\n|-singleturn|p2b: Chien-Pao|Protect\n|move|p1a: Flutter Mane|Substitute|p1a: Flutter Mane\n|-start|p1a: Flutter Mane|Substitute\n|-damage|p1a: Flutter Mane|17\/100\n|move|p1b: Annihilape|Rage Fist|p2b: Chien-Pao\n|-activate|p2b: Chien-Pao|move: Protect\n|-curestatus|p2a: Torkoal|slp|[msg]\n|move|p2a: Torkoal|Yawn||[still]\n|-fail|p2a: Torkoal\n|\n|-weather|SunnyDay|[upkeep]\n|upkeep\n|turn|7\n|\n|t:|1681911684\n|move|p2b: Chien-Pao|Sucker Punch|p1a: Flutter Mane\n|-end|p1a: Flutter Mane|Substitute\n|move|p1a: Flutter Mane|Moonblast|p2b: Chien-Pao\n|-supereffective|p2b: Chien-Pao\n|-enditem|p2b: Chien-Pao|Focus Sash\n|-damage|p2b: Chien-Pao|1\/100\n|move|p1b: Annihilape|Rage Fist|p2b: Chien-Pao\n|-resisted|p2b: Chien-Pao\n|-damage|p2b: Chien-Pao|0 fnt\n|faint|p2b: Chien-Pao\n|move|p2a: Torkoal|Heat Wave|p1a: Flutter Mane|[spread] p1a,p1b\n|-resisted|p1b: Annihilape\n|-damage|p1a: Flutter Mane|0 fnt\n|-damage|p1b: Annihilape|36\/100\n|faint|p1a: Flutter Mane\n|-end|p1a: Flutter Mane|Protosynthesis|[silent]\n|\n|-weather|SunnyDay|[upkeep]\n|upkeep\n|\n|t:|1681911702\n|switch|p1a: Amoonguss|Amoonguss, L50, F, shiny|68\/100\n|turn|8\n|inactive|Gin06134 has 30 seconds left.\n|inactive|Gin06134 has 20 seconds left.\n|inactive|Gin06134 has 15 seconds left.\n|inactive|Gin06134 has 10 seconds left.\n|inactive|Gin06134 has 5 seconds left.\n|\n|t:|1681911757\n|move|p1b: Annihilape|Drain Punch|p2a: Torkoal\n|-damage|p2a: Torkoal|51\/100\n|-heal|p1b: Annihilape|46\/100|[from] drain|[of] p2a: Torkoal\n|move|p2a: Torkoal|Heat Wave|p1a: Amoonguss|[spread] p1b\n|-miss|p2a: Torkoal|p1a: Amoonguss\n|-resisted|p1b: Annihilape\n|-damage|p1b: Annihilape|32\/100\n|move|p1a: Amoonguss|Pollen Puff|p1b: Annihilape\n|-heal|p1b: Annihilape|82\/100\n|\n|-weather|none\n|upkeep\n|turn|9\n|inactive|Gin06134 has 30 seconds left.\n|inactive|Gin06134 has 20 seconds left.\n|inactive|Gin06134 has 15 seconds left.\n|inactive|Gin06134 has 10 seconds left.\n|inactive|Gin06134 has 5 seconds left.\n|\n|t:|1681911812\n|move|p1b: Annihilape|Rage Fist|p2a: Torkoal\n|-damage|p2a: Torkoal|0 fnt\n|faint|p2a: Torkoal\n|\n|win|hysaaron\n|raw|hysaaron's rating: 1211 → 1243<\/strong> (+32 for winning)\n|raw|Gin06134's rating: 1311 → 1285<\/strong> (-26 for losing)\n|c|\u2606hysaaron|stupid staller\n","uploadtime":1681911830,"views":10,"p1id":"hysaaron","p2id":"gin06134","formatid":"gen9vgc2023regulationc","rating":1243,"private":0,"password":""}