{"id":"gen9vgc2023regulationc-1861900570","p1":"valiiiiii","p2":"C7y4t1c","format":"[Gen 9] VGC 2023 Regulation C","log":"|j|\u2606valiiiiii\n|j|\u203dC7y4t1c\n|t:|1683819170\n|gametype|doubles\n|player|p1|valiiiiii|265|1157\n|player|p2|C7y4t1c|ghetsis-gen5bw|1161\n|teamsize|p1|6\n|teamsize|p2|6\n|gen|9\n|tier|[Gen 9] VGC 2023 Regulation C\n|rated|\n|rule|Species Clause: Limit one of each Pok\u00e9mon\n|rule|Item Clause: Limit one of each item\n|clearpoke\n|poke|p1|Drifblim, L50, F|\n|poke|p1|Indeedee-F, L50, F|\n|poke|p1|Glimmora, L50, F|\n|poke|p1|Wo-Chien, L50|\n|poke|p1|Flutter Mane, L50|\n|poke|p1|Quaquaval, L50, F|\n|poke|p2|Amoonguss, L50, M|\n|poke|p2|Mimikyu, L50, F|\n|poke|p2|Indeedee-F, L50, F|\n|poke|p2|Armarouge, L50, F|\n|poke|p2|Ceruledge, L50, F|\n|poke|p2|Bellibolt, L50, M|\n|teampreview|4\n|inactive|Battle timer is ON: inactive players will automatically lose when time's up. (requested by C7y4t1c)\nvaliiiiii rejected open team sheets.\n|inactive|valiiiiii has 60 seconds left.\n|inactive|valiiiiii has 30 seconds left.\n|inactive|valiiiiii has 20 seconds left.\n|\n|t:|1683819243\n|start\n|switch|p1a: Indeedee|Indeedee-F, L50, F|100\/100\n|switch|p1b: Quaquaval|Quaquaval, L50, F|100\/100\n|switch|p2a: Ceruledge|Ceruledge, L50, F|100\/100\n|switch|p2b: Mimikyu|Mimikyu, L50, F|100\/100\n|-fieldstart|move: Psychic Terrain|[from] ability: Psychic Surge|[of] p1a: Indeedee\n|turn|1\n|inactive|C7y4t1c has 30 seconds left.\n|inactive|C7y4t1c has 20 seconds left.\n|inactive|C7y4t1c has 15 seconds left.\n|inactive|C7y4t1c has 10 seconds left.\n|inactive|C7y4t1c has 5 seconds left.\n|\n|t:|1683819294\n|move|p1a: Indeedee|Follow Me|p1a: Indeedee\n|-singleturn|p1a: Indeedee|move: Follow Me\n|move|p1b: Quaquaval|Swords Dance|p1b: Quaquaval\n|-boost|p1b: Quaquaval|atk|2\n|move|p2a: Ceruledge|Bitter Blade|p1a: Indeedee\n|-damage|p1a: Indeedee|22\/100\n|move|p2b: Mimikyu|Trick Room|p2b: Mimikyu\n|-fieldstart|move: Trick Room|[of] p2b: Mimikyu\n|\n|upkeep\n|turn|2\n|inactive|valiiiiii has 30 seconds left.\n|inactive|C7y4t1c has 30 seconds left.\n|inactive|valiiiiii has 20 seconds left.\n|\n|t:|1683819332\n|move|p1b: Quaquaval|Protect|p1b: Quaquaval\n|-singleturn|p1b: Quaquaval|Protect\n|move|p2a: Ceruledge|Bitter Blade|p1a: Indeedee\n|-damage|p1a: Indeedee|0 fnt\n|faint|p1a: Indeedee\n|move|p2b: Mimikyu|Play Rough|p1b: Quaquaval\n|-activate|p1b: Quaquaval|move: Protect\n|\n|upkeep\n|\n|t:|1683819341\n|switch|p1a: Wo-Chien|Wo-Chien, L50|100\/100\n|-ability|p1a: Wo-Chien|Tablets of Ruin\n|turn|3\n|inactive|valiiiiii has 30 seconds left.\n|\n|t:|1683819373\n|-terastallize|p1a: Wo-Chien|Water\n|move|p2a: Ceruledge|Bitter Blade|p1a: Wo-Chien\n|-resisted|p1a: Wo-Chien\n|-damage|p1a: Wo-Chien|85\/100\n|move|p2b: Mimikyu|Play Rough|p1b: Quaquaval\n|-supereffective|p1b: Quaquaval\n|-crit|p1b: Quaquaval\n|-damage|p1b: Quaquaval|0 fnt\n|faint|p1b: Quaquaval\n|move|p1a: Wo-Chien|Foul Play|p2b: Mimikyu\n|-activate|p2b: Mimikyu|ability: Disguise\n|-damage|p2b: Mimikyu|100\/100\n|detailschange|p2b: Mimikyu|Mimikyu-Busted, L50, F\n|-damage|p2b: Mimikyu|88\/100|[from] pokemon: Mimikyu-Busted\n|\n|-heal|p1a: Wo-Chien|92\/100|[from] item: Leftovers\n|upkeep\n|\n|t:|1683819388\n|switch|p1b: Flutter Mane|Flutter Mane, L50|100\/100\n|turn|4\n|\n|t:|1683819398\n|move|p2a: Ceruledge|Shadow Claw|p1b: Flutter Mane\n|-supereffective|p1b: Flutter Mane\n|-damage|p1b: Flutter Mane|16\/100\n|move|p2b: Mimikyu|Play Rough|p1a: Wo-Chien\n|-damage|p1a: Wo-Chien|67\/100\n|move|p1a: Wo-Chien|Foul Play|p2a: Ceruledge\n|-supereffective|p2a: Ceruledge\n|-enditem|p2a: Ceruledge|Focus Sash\n|-damage|p2a: Ceruledge|1\/100\n|move|p1b: Flutter Mane|Shadow Ball|p2b: Mimikyu\n|-supereffective|p2b: Mimikyu\n|-damage|p2b: Mimikyu|0 fnt\n|faint|p2b: Mimikyu\n|\n|-heal|p1a: Wo-Chien|73\/100|[from] item: Leftovers\n|upkeep\n|\n|t:|1683819420\n|switch|p2b: Armarouge|Armarouge, L50, F|100\/100\n|turn|5\n|inactive|valiiiiii has 30 seconds left.\n|inactive|valiiiiii has 20 seconds left.\n|inactive|valiiiiii has 15 seconds left.\n|inactive|valiiiiii has 10 seconds left.\n|\n|t:|1683819469\n|-terastallize|p2b: Armarouge|Psychic\n|move|p2b: Armarouge|Energy Ball|p1a: Wo-Chien\n|-supereffective|p1a: Wo-Chien\n|-damage|p1a: Wo-Chien|36\/100\n|move|p2a: Ceruledge|Shadow Claw|p1b: Flutter Mane\n|-supereffective|p1b: Flutter Mane\n|-crit|p1b: Flutter Mane\n|-damage|p1b: Flutter Mane|0 fnt\n|faint|p1b: Flutter Mane\n|-end|p1b: Flutter Mane|Protosynthesis|[silent]\n|move|p1a: Wo-Chien|Foul Play|p2b: Armarouge\n|-supereffective|p2b: Armarouge\n|-damage|p2b: Armarouge|65\/100\n|\n|-heal|p1a: Wo-Chien|43\/100|[from] item: Leftovers\n|-fieldend|move: Trick Room\n|-fieldend|move: Psychic Terrain\n|upkeep\n|turn|6\n|-message|valiiiiii forfeited.\n|\n|win|C7y4t1c\n|raw|valiiiiii's rating: 1157 → 1132<\/strong> (-25 for losing)\n|raw|C7y4t1c's rating: 1161 → 1186<\/strong> (+25 for winning)\n|l|\u2606valiiiiii\n","uploadtime":1683819504,"views":9,"p1id":"valiiiiii","p2id":"c7y4t1c","formatid":"gen9vgc2023regulationc","rating":1132,"private":0,"password":""}