{"id":"gen9vgc2023regulationc-1863026039","p1":"Ricomam","p2":"MAF1001","format":"[Gen 9] VGC 2023 Regulation C","log":"|j|\u2606Ricomam\n|j|\u2606MAF1001\n|t:|1683954601\n|gametype|doubles\n|player|p1|Ricomam|blackbelt-gen4dp|\n|player|p2|MAF1001|unknown|\n|teamsize|p1|6\n|teamsize|p2|6\n|gen|9\n|tier|[Gen 9] VGC 2023 Regulation C\n|rule|Species Clause: Limit one of each Pok\u00e9mon\n|rule|Item Clause: Limit one of each item\n|clearpoke\n|poke|p1|Garchomp, L50, F|\n|poke|p1|Rotom-Wash, L50|\n|poke|p1|Floatzel, L50, M|\n|poke|p1|Raichu, L50, F|\n|poke|p1|Staraptor, L50, F|\n|poke|p1|Annihilape, L50, M|\n|poke|p2|Torkoal, L50, F|\n|poke|p2|Great Tusk, L50|\n|poke|p2|Rotom-Wash, L50|\n|poke|p2|Staraptor, L50, F|\n|poke|p2|Annihilape, L50, M|\n|poke|p2|Goodra, L50, M|\n|teampreview|4\n|\n|t:|1683954654\n|start\n|switch|p1a: Staraptor|Staraptor, L50, F|100\/100\n|switch|p1b: Rotom|Rotom-Wash, L50|100\/100\n|switch|p2a: Torkoal|Torkoal, L50, F|100\/100\n|switch|p2b: Great Tusk|Great Tusk, L50|100\/100\n|-ability|p1a: Staraptor|Intimidate|boost\n|-unboost|p2a: Torkoal|atk|1\n|-unboost|p2b: Great Tusk|atk|1\n|-weather|SunnyDay|[from] ability: Drought|[of] p2a: Torkoal\n|-activate|p2b: Great Tusk|ability: Protosynthesis\n|-start|p2b: Great Tusk|protosynthesisdef\n|-item|p2a: Torkoal|Air Balloon\n|turn|1\n|\n|t:|1683954693\n|move|p1a: Staraptor|Rain Dance|p1a: Staraptor\n|-weather|RainDance\n|-end|p2b: Great Tusk|Protosynthesis\n|move|p2b: Great Tusk|Stealth Rock|p1a: Staraptor\n|-sidestart|p1: Ricomam|move: Stealth Rock\n|move|p1b: Rotom|Will-O-Wisp|p2b: Great Tusk\n|-status|p2b: Great Tusk|brn\n|move|p2a: Torkoal|Eruption|p1a: Staraptor|[spread] p1a,p1b\n|-resisted|p1b: Rotom\n|-damage|p1a: Staraptor|69\/100\n|-damage|p1b: Rotom|92\/100\n|\n|-weather|RainDance|[upkeep]\n|-damage|p2b: Great Tusk|95\/100 brn|[from] brn\n|upkeep\n|turn|2\n|\n|t:|1683954713\n|switch|p2a: Rotom|Rotom-Wash, L50|100\/100\n|move|p1a: Staraptor|Tailwind|p1a: Staraptor\n|-sidestart|p1: Ricomam|move: Tailwind\n|move|p1b: Rotom|Hydro Pump|p2a: Rotom\n|-resisted|p2a: Rotom\n|-damage|p2a: Rotom|62\/100\n|move|p2b: Great Tusk|Ice Spinner|p1a: Staraptor\n|-supereffective|p1a: Staraptor\n|-damage|p1a: Staraptor|44\/100\n|\n|-weather|RainDance|[upkeep]\n|-damage|p2b: Great Tusk|89\/100 brn|[from] brn\n|upkeep\n|turn|3\n|\n|t:|1683954737\n|switch|p1a: Garchomp|Garchomp, L50, F|100\/100\n|-damage|p1a: Garchomp|94\/100|[from] Stealth Rock\n|-end|p2b: Great Tusk|Protosynthesis|[silent]\n|switch|p2b: Torkoal|Torkoal, L50, F|100\/100\n|-weather|SunnyDay|[from] ability: Drought|[of] p2b: Torkoal\n|-item|p2b: Torkoal|Air Balloon\n|move|p1b: Rotom|Hydro Pump|p2b: Torkoal\n|-supereffective|p2b: Torkoal\n|-damage|p2b: Torkoal|49\/100\n|-enditem|p2b: Torkoal|Air Balloon\n|move|p2a: Rotom|Volt Switch|p1a: Garchomp\n|-immune|p1a: Garchomp\n|\n|-weather|SunnyDay|[upkeep]\n|upkeep\n|turn|4\n|\n|t:|1683954794\n|-terastallize|p2b: Torkoal|Grass\n|move|p1a: Garchomp|Swords Dance|p1a: Garchomp\n|-boost|p1a: Garchomp|atk|2\n|move|p1b: Rotom|Hydro Pump|p2b: Torkoal|[miss]\n|-miss|p1b: Rotom|p2b: Torkoal\n|move|p2a: Rotom|Will-O-Wisp|p1a: Garchomp\n|-status|p1a: Garchomp|brn\n|move|p2b: Torkoal|Solar Beam||[still]\n|-prepare|p2b: Torkoal|Solar Beam\n|-anim|p2b: Torkoal|Solar Beam|p1a: Garchomp\n|-damage|p1a: Garchomp|27\/100 brn\n|\n|-weather|SunnyDay|[upkeep]\n|-damage|p1a: Garchomp|21\/100 brn|[from] brn\n|upkeep\n|turn|5\n|\n|t:|1683954821\n|move|p1b: Rotom|Protect|p1b: Rotom\n|-singleturn|p1b: Rotom|Protect\n|move|p1a: Garchomp|Rock Slide|p2b: Torkoal|[spread] p2a,p2b\n|-damage|p2a: Rotom|39\/100\n|-damage|p2b: Torkoal|34\/100\n|cant|p2a: Rotom|flinch\n|move|p2b: Torkoal|Solar Beam||[still]\n|-prepare|p2b: Torkoal|Solar Beam\n|-anim|p2b: Torkoal|Solar Beam|p1b: Rotom\n|-activate|p1b: Rotom|move: Protect\n|\n|-weather|SunnyDay|[upkeep]\n|-damage|p1a: Garchomp|15\/100 brn|[from] brn\n|-sideend|p1: Ricomam|move: Tailwind\n|upkeep\n|turn|6\n|\n|t:|1683954853\n|move|p1a: Garchomp|Rock Slide|p2a: Rotom|[spread] p2a,p2b\n|-damage|p2a: Rotom|16\/100\n|-damage|p2b: Torkoal|20\/100\n|move|p2a: Rotom|Volt Switch|p1b: Rotom\n|-damage|p1b: Rotom|56\/100\n|\n|t:|1683954859\n|switch|p2a: Great Tusk|Great Tusk, L50|89\/100 brn|[from] Volt Switch\n|-activate|p2a: Great Tusk|ability: Protosynthesis\n|-start|p2a: Great Tusk|protosynthesisatk\n|move|p1b: Rotom|Discharge|p2a: Great Tusk|[spread] p2b\n|-immune|p1a: Garchomp\n|-immune|p2a: Great Tusk\n|-resisted|p2b: Torkoal\n|-damage|p2b: Torkoal|6\/100\n|-status|p2b: Torkoal|par\n|move|p2b: Torkoal|Yawn|p1b: Rotom\n|-start|p1b: Rotom|move: Yawn|[of] p2b: Torkoal\n|\n|-weather|SunnyDay|[upkeep]\n|-damage|p1a: Garchomp|9\/100 brn|[from] brn\n|-damage|p2a: Great Tusk|83\/100 brn|[from] brn\n|upkeep\n|turn|7\n|\n|t:|1683954886\n|switch|p1b: Annihilape|Annihilape, L50, M|100\/100\n|-damage|p1b: Annihilape|95\/100|[from] Stealth Rock\n|switch|p2b: Annihilape|Annihilape, L50, M|100\/100\n|move|p1a: Garchomp|Earthquake|p2a: Great Tusk|[spread] p1b,p2a,p2b\n|-damage|p1b: Annihilape|60\/100\n|-damage|p2a: Great Tusk|52\/100 brn\n|-damage|p2b: Annihilape|54\/100\n|move|p2a: Great Tusk|Headlong Rush|p1b: Annihilape\n|-damage|p1b: Annihilape|13\/100\n|-unboost|p2a: Great Tusk|def|1\n|-unboost|p2a: Great Tusk|spd|1\n|\n|-weather|none\n|-end|p2a: Great Tusk|Protosynthesis\n|-heal|p1b: Annihilape|19\/100|[from] item: Leftovers\n|-damage|p1a: Garchomp|3\/100 brn|[from] brn\n|-damage|p2a: Great Tusk|47\/100 brn|[from] brn\n|upkeep\n|turn|8\n|\n|t:|1683954936\n|move|p1b: Annihilape|Protect|p1b: Annihilape\n|-singleturn|p1b: Annihilape|Protect\n|move|p2b: Annihilape|Rock Slide|p1b: Annihilape|[spread] p1a\n|-activate|p1b: Annihilape|move: Protect\n|-resisted|p1a: Garchomp\n|-damage|p1a: Garchomp|0 fnt\n|faint|p1a: Garchomp\n|move|p2a: Great Tusk|Ice Spinner|p1b: Annihilape\n|-activate|p1b: Annihilape|move: Protect\n|\n|-heal|p1b: Annihilape|25\/100|[from] item: Leftovers\n|-damage|p2a: Great Tusk|41\/100 brn|[from] brn\n|upkeep\n|\n|t:|1683954952\n|switch|p1a: Rotom|Rotom-Wash, L50|56\/100\n|-damage|p1a: Rotom|44\/100|[from] Stealth Rock\n|-enditem|p1a: Rotom|Sitrus Berry|[eat]\n|-heal|p1a: Rotom|69\/100|[from] item: Sitrus Berry\n|turn|9\n|\n|t:|1683954974\n|-terastallize|p1b: Annihilape|Steel\n|move|p2b: Annihilape|Rock Slide|p1b: Annihilape|[spread] p1a,p1b\n|-resisted|p1b: Annihilape\n|-damage|p1a: Rotom|47\/100\n|-damage|p1b: Annihilape|16\/100\n|cant|p1b: Annihilape|flinch\n|move|p2a: Great Tusk|Headlong Rush|p1b: Annihilape\n|-supereffective|p1b: Annihilape\n|-damage|p1b: Annihilape|0 fnt\n|-unboost|p2a: Great Tusk|def|1\n|-unboost|p2a: Great Tusk|spd|1\n|faint|p1b: Annihilape\n|move|p1a: Rotom|Will-O-Wisp|p2b: Annihilape\n|-status|p2b: Annihilape|brn\n|\n|-damage|p2b: Annihilape|48\/100 brn|[from] brn\n|-damage|p2a: Great Tusk|35\/100 brn|[from] brn\n|upkeep\n|\n|t:|1683954989\n|switch|p1b: Staraptor|Staraptor, L50, F|44\/100\n|-damage|p1b: Staraptor|20\/100|[from] Stealth Rock\n|-ability|p1b: Staraptor|Intimidate|boost\n|-unboost|p2a: Great Tusk|atk|1\n|-unboost|p2b: Annihilape|atk|1\n|-ability|p2b: Annihilape|Defiant|boost\n|-boost|p2b: Annihilape|atk|2\n|turn|10\n|\n|t:|1683955009\n|move|p2b: Annihilape|Rock Slide|p1a: Rotom|[spread] p1a,p1b\n|-supereffective|p1b: Staraptor\n|-damage|p1a: Rotom|33\/100\n|-damage|p1b: Staraptor|0 fnt\n|faint|p1b: Staraptor\n|move|p2a: Great Tusk|Ice Spinner|p1a: Rotom\n|-resisted|p1a: Rotom\n|-damage|p1a: Rotom|28\/100\n|move|p1a: Rotom|Hydro Pump|p2b: Annihilape\n|-damage|p2b: Annihilape|7\/100 brn\n|\n|-damage|p2b: Annihilape|2\/100 brn|[from] brn\n|-damage|p2a: Great Tusk|29\/100 brn|[from] brn\n|upkeep\n|turn|11\n|\n|t:|1683955029\n|move|p1a: Rotom|Protect|p1a: Rotom\n|-singleturn|p1a: Rotom|Protect\n|move|p2b: Annihilape|Rock Slide|p1a: Rotom\n|-activate|p1a: Rotom|move: Protect\n|move|p2a: Great Tusk|Body Press|p1a: Rotom\n|-activate|p1a: Rotom|move: Protect\n|\n|-damage|p2b: Annihilape|0 fnt|[from] brn\n|faint|p2b: Annihilape\n|-damage|p2a: Great Tusk|24\/100 brn|[from] brn\n|upkeep\n|\n|t:|1683955049\n|switch|p2b: Torkoal|Torkoal, L50, F, tera:Grass|6\/100 par\n|-weather|SunnyDay|[from] ability: Drought|[of] p2b: Torkoal\n|-activate|p2a: Great Tusk|ability: Protosynthesis\n|-start|p2a: Great Tusk|protosynthesisatk\n|turn|12\n|\n|t:|1683955058\n|move|p2a: Great Tusk|Body Press|p1a: Rotom\n|-damage|p1a: Rotom|15\/100\n|move|p1a: Rotom|Discharge|p2b: Torkoal|[spread] p2b\n|-immune|p2a: Great Tusk\n|-resisted|p2b: Torkoal\n|-damage|p2b: Torkoal|0 fnt\n|faint|p2b: Torkoal\n|\n|-weather|SunnyDay|[upkeep]\n|-damage|p2a: Great Tusk|18\/100 brn|[from] brn\n|upkeep\n|\n|t:|1683955068\n|switch|p2b: Rotom|Rotom-Wash, L50|16\/100\n|turn|13\n|\n|t:|1683955092\n|move|p1a: Rotom|Protect|p1a: Rotom\n|-singleturn|p1a: Rotom|Protect\n|move|p2b: Rotom|Discharge|p1a: Rotom|[spread] \n|-activate|p1a: Rotom|move: Protect\n|-immune|p2a: Great Tusk\n|move|p2a: Great Tusk|Body Press|p1a: Rotom\n|-activate|p1a: Rotom|move: Protect\n|\n|-weather|SunnyDay|[upkeep]\n|-damage|p2a: Great Tusk|12\/100 brn|[from] brn\n|upkeep\n|turn|14\n|\n|t:|1683955110\n|move|p2b: Rotom|Discharge|p1a: Rotom|[spread] p1a\n|-immune|p2a: Great Tusk\n|-damage|p1a: Rotom|0 fnt\n|faint|p1a: Rotom\n|\n|win|MAF1001\n|c|\u2606MAF1001|gg\n","uploadtime":1683955138,"views":17,"p1id":"ricomam","p2id":"maf1001","formatid":"gen9vgc2023regulationc","rating":0,"private":0,"password":""}