{"id":"gen9vgc2023regulationc-1854143457","p1":"lax2145","p2":"Tayekc","format":"[Gen 9] VGC 2023 Regulation C","log":"|j|\u2606lax2145\n|j|\u2606Tayekc\n|t:|1682775803\n|gametype|doubles\n|player|p1|lax2145|giovanni|\n|player|p2|Tayekc|hilbert|\n|teamsize|p1|6\n|teamsize|p2|6\n|gen|9\n|tier|[Gen 9] VGC 2023 Regulation C\n|rule|Species Clause: Limit one of each Pok\u00e9mon\n|rule|Item Clause: Limit one of each item\n|clearpoke\n|poke|p1|Ting-Lu, L50|\n|poke|p1|Flutter Mane, L50|\n|poke|p1|Iron Jugulis, L50|\n|poke|p1|Arcanine, L50, M|\n|poke|p1|Chien-Pao, L50|\n|poke|p1|Annihilape, L50, F|\n|poke|p2|Chien-Pao, L50|\n|poke|p2|Dragonite, L50, M|\n|poke|p2|Scizor, L50, M|\n|poke|p2|Flutter Mane, L50|\n|poke|p2|Chi-Yu, L50|\n|poke|p2|Iron Bundle, L50|\n|teampreview|4\n|\n|t:|1682775837\n|start\n|switch|p1a: Ting-Lu|Ting-Lu, L50|100\/100\n|switch|p1b: Chien-Pao|Chien-Pao, L50|100\/100\n|switch|p2a: Scizor|Scizor, L50, M, shiny|100\/100\n|switch|p2b: Dragonite|Dragonite, L50, M|100\/100\n|-ability|p1b: Chien-Pao|Sword of Ruin\n|-ability|p1a: Ting-Lu|Vessel of Ruin\n|turn|1\n|\n|t:|1682775867\n|move|p2b: Dragonite|Extreme Speed|p1b: Chien-Pao\n|-damage|p1b: Chien-Pao|34\/100\n|move|p2a: Scizor|Bullet Punch|p1b: Chien-Pao\n|-supereffective|p1b: Chien-Pao\n|-damage|p1b: Chien-Pao|0 fnt\n|faint|p1b: Chien-Pao\n|move|p1a: Ting-Lu|Fissure|p2a: Scizor|[miss]\n|-miss|p1a: Ting-Lu|p2a: Scizor\n|\n|upkeep\n|\n|t:|1682775875\n|switch|p1b: Annihilape|Annihilape, L50, F|100\/100\n|turn|2\n|\n|t:|1682775895\n|switch|p2b: Chi-Yu|Chi-Yu, L50|100\/100\n|-ability|p2b: Chi-Yu|Beads of Ruin\n|move|p1b: Annihilape|Ice Punch|p2a: Scizor\n|-resisted|p2a: Scizor\n|-damage|p2a: Scizor|88\/100\n|-status|p2a: Scizor|frz\n|cant|p2a: Scizor|frz\n|move|p1a: Ting-Lu|Stomping Tantrum|p2a: Scizor\n|-damage|p2a: Scizor|4\/100 frz\n|\n|upkeep\n|turn|3\n|\n|t:|1682775915\n|switch|p1b: Iron Jugulis|Iron Jugulis, L50, shiny|100\/100\n|-enditem|p1b: Iron Jugulis|Booster Energy\n|-activate|p1b: Iron Jugulis|ability: Quark Drive|[fromitem]\n|-start|p1b: Iron Jugulis|quarkdrivespe\n|-terastallize|p2b: Chi-Yu|Grass\n|move|p2b: Chi-Yu|Tera Blast|p1a: Ting-Lu\n|-supereffective|p1a: Ting-Lu\n|-damage|p1a: Ting-Lu|57\/100\n|cant|p2a: Scizor|frz\n|move|p1a: Ting-Lu|Stomping Tantrum|p2b: Chi-Yu\n|-resisted|p2b: Chi-Yu\n|-damage|p2b: Chi-Yu|68\/100\n|\n|upkeep\n|turn|4\n|\n|t:|1682775952\n|move|p1b: Iron Jugulis|Tailwind|p1b: Iron Jugulis\n|-sidestart|p1: lax2145|move: Tailwind\n|move|p2b: Chi-Yu|Tera Blast|p1a: Ting-Lu\n|-supereffective|p1a: Ting-Lu\n|-damage|p1a: Ting-Lu|8\/100\n|move|p1a: Ting-Lu|Fissure|p2a: Scizor\n|-damage|p2a: Scizor|0 fnt\n|faint|p2a: Scizor\n|-ohko\n|\n|upkeep\n|\n|t:|1682775976\n|switch|p2a: Dragonite|Dragonite, L50, M|100\/100\n|turn|5\n|\n|t:|1682775992\n|move|p1b: Iron Jugulis|Air Slash|p2b: Chi-Yu\n|-supereffective|p2b: Chi-Yu\n|-damage|p2b: Chi-Yu|7\/100\n|move|p2b: Chi-Yu|Tera Blast|p1a: Ting-Lu\n|-supereffective|p1a: Ting-Lu\n|-damage|p1a: Ting-Lu|0 fnt\n|faint|p1a: Ting-Lu\n|move|p2a: Dragonite|Dragon Claw|p1b: Iron Jugulis\n|-damage|p1b: Iron Jugulis|13\/100\n|\n|upkeep\n|\n|t:|1682776001\n|switch|p1a: Annihilape|Annihilape, L50, F|100\/100\n|turn|6\n|\n|t:|1682776019\n|move|p1b: Iron Jugulis|Dark Pulse|p2a: Dragonite\n|-damage|p2a: Dragonite|71\/100\n|move|p1a: Annihilape|Rage Fist|p2b: Chi-Yu\n|-damage|p2b: Chi-Yu|0 fnt\n|faint|p2b: Chi-Yu\n|move|p2a: Dragonite|Dragon Claw|p1b: Iron Jugulis\n|-damage|p1b: Iron Jugulis|0 fnt\n|faint|p1b: Iron Jugulis\n|-end|p1b: Iron Jugulis|Quark Drive|[silent]\n|\n|upkeep\n|\n|t:|1682776030\n|switch|p2b: Flutter Mane|Flutter Mane, L50|100\/100\n|turn|7\n|\n|t:|1682776039\n|-terastallize|p1a: Annihilape|Fighting\n|move|p1a: Annihilape|Rage Fist|p2b: Flutter Mane\n|-supereffective|p2b: Flutter Mane\n|-damage|p2b: Flutter Mane|15\/100\n|move|p2b: Flutter Mane|Moonblast|p1a: Annihilape\n|-supereffective|p1a: Annihilape\n|-damage|p1a: Annihilape|0 fnt\n|faint|p1a: Annihilape\n|\n|win|Tayekc\n","uploadtime":1682776051,"views":22,"p1id":"lax2145","p2id":"tayekc","formatid":"gen9vgc2023regulationc","rating":0,"private":0,"password":""}