{"id":"gen9vgc2023regulationc-1854520200","p1":"ChorusFruitFarmer","p2":"AceTrainerNite","format":"[Gen 9] VGC 2023 Regulation C","log":"|j|\u2606ChorusFruitFarmer\n|j|\u2606AceTrainerNite\n|t:|1682821568\n|gametype|doubles\n|player|p1|ChorusFruitFarmer|penny|1105\n|player|p2|AceTrainerNite|benga|1126\n|teamsize|p1|6\n|teamsize|p2|6\n|gen|9\n|tier|[Gen 9] VGC 2023 Regulation C\n|rated|\n|rule|Species Clause: Limit one of each Pok\u00e9mon\n|rule|Item Clause: Limit one of each item\n|clearpoke\n|poke|p1|Roaring Moon, L50|\n|poke|p1|Kilowattrel, L50, F|\n|poke|p1|Amoonguss, L50, F|\n|poke|p1|Arcanine, L50, F|\n|poke|p1|Iron Hands, L50|\n|poke|p1|Clawitzer, L50, F|\n|poke|p2|Dachsbun, L50, F|\n|poke|p2|Chi-Yu, L50|\n|poke|p2|Gyarados, L50, F|\n|poke|p2|Grimmsnarl, L50, M|\n|poke|p2|Iron Bundle, L50|\n|poke|p2|Dragonite, L50, M|\n|teampreview|4\n|inactive|Battle timer is ON: inactive players will automatically lose when time's up. (requested by ChorusFruitFarmer)\n|inactive|AceTrainerNite has 60 seconds left.\n|c|\u2606ChorusFruitFarmer|Good luck, have fun.\n|\n|t:|1682821599\n|start\n|switch|p1a: Bloodmoon|Roaring Moon, L50|100\/100\n|switch|p1b: Rock Lobster!|Clawitzer, L50, F, shiny|100\/100\n|switch|p2a: Iron Bundle|Iron Bundle, L50|100\/100\n|switch|p2b: Dragonite|Dragonite, L50, M|100\/100\n|-enditem|p2a: Iron Bundle|Booster Energy\n|-activate|p2a: Iron Bundle|ability: Quark Drive|[fromitem]\n|-start|p2a: Iron Bundle|quarkdrivespe\n|-enditem|p1a: Bloodmoon|Booster Energy\n|-activate|p1a: Bloodmoon|ability: Protosynthesis|[fromitem]\n|-start|p1a: Bloodmoon|protosynthesisspe\n|turn|1\n|inactive|AceTrainerNite has 30 seconds left.\n|\n|t:|1682821633\n|switch|p2b: Dachsbun|Dachsbun, L50, F|100\/100\n|move|p2a: Iron Bundle|Protect|p2a: Iron Bundle\n|-singleturn|p2a: Iron Bundle|Protect\n|move|p1a: Bloodmoon|Tailwind|p1a: Bloodmoon\n|-sidestart|p1: ChorusFruitFarmer|move: Tailwind\n|move|p1b: Rock Lobster!|Ice Beam|p2b: Dachsbun\n|-damage|p2b: Dachsbun|59\/100\n|\n|-heal|p2b: Dachsbun|65\/100|[from] item: Leftovers\n|upkeep\n|turn|2\n|inactive|AceTrainerNite has 30 seconds left.\n|inactive|AceTrainerNite has 20 seconds left.\n|inactive|AceTrainerNite has 15 seconds left.\n|\n|t:|1682821676\n|move|p2b: Dachsbun|Baby-Doll Eyes|p1a: Bloodmoon\n|-unboost|p1a: Bloodmoon|atk|1\n|move|p1a: Bloodmoon|Jaw Lock|p2a: Iron Bundle\n|-damage|p2a: Iron Bundle|65\/100\n|-activate|p1a: Bloodmoon|trapped\n|-activate|p2a: Iron Bundle|trapped\n|move|p2a: Iron Bundle|Icy Wind|p1b: Rock Lobster!|[spread] p1a,p1b\n|-supereffective|p1a: Bloodmoon\n|-resisted|p1b: Rock Lobster!\n|-damage|p1a: Bloodmoon|65\/100\n|-damage|p1b: Rock Lobster!|90\/100\n|-unboost|p1a: Bloodmoon|spe|1\n|-unboost|p1b: Rock Lobster!|spe|1\n|move|p1b: Rock Lobster!|Muddy Water|p2a: Iron Bundle|[spread] p2a,p2b\n|-resisted|p2a: Iron Bundle\n|-damage|p2a: Iron Bundle|23\/100\n|-damage|p2b: Dachsbun|15\/100\n|\n|-heal|p2b: Dachsbun|21\/100|[from] item: Leftovers\n|upkeep\n|turn|3\n|inactive|AceTrainerNite has 30 seconds left.\n|\n|t:|1682821706\n|move|p2b: Dachsbun|Baby-Doll Eyes|p1a: Bloodmoon\n|-unboost|p1a: Bloodmoon|atk|1\n|move|p1a: Bloodmoon|Iron Head|p2a: Iron Bundle\n|-crit|p2a: Iron Bundle\n|-damage|p2a: Iron Bundle|0 fnt\n|faint|p2a: Iron Bundle\n|-end|p2a: Iron Bundle|Quark Drive|[silent]\n|move|p1b: Rock Lobster!|Muddy Water|p2b: Dachsbun\n|-damage|p2b: Dachsbun|0 fnt\n|faint|p2b: Dachsbun\n|\n|upkeep\n|\n|t:|1682821712\n|switch|p2a: Dragonite|Dragonite, L50, M|100\/100\n|switch|p2b: Chi-Yu|Chi-Yu, L50|100\/100\n|-ability|p2b: Chi-Yu|Beads of Ruin\n|turn|4\n|inactive|AceTrainerNite has 30 seconds left.\n|\n|t:|1682821745\n|-terastallize|p2a: Dragonite|Flying\n|move|p1a: Bloodmoon|Jaw Lock|p2a: Dragonite\n|-damage|p2a: Dragonite|78\/100\n|-activate|p1a: Bloodmoon|trapped\n|-activate|p2a: Dragonite|trapped\n|move|p2b: Chi-Yu|Heat Wave|p1b: Rock Lobster!|[spread] p1a,p1b\n|-resisted|p1a: Bloodmoon\n|-resisted|p1b: Rock Lobster!\n|-damage|p1a: Bloodmoon|30\/100\n|-damage|p1b: Rock Lobster!|46\/100\n|move|p2a: Dragonite|Tera Blast|p1b: Rock Lobster!\n|-damage|p1b: Rock Lobster!|0 fnt\n|faint|p1b: Rock Lobster!\n|\n|-sideend|p1: ChorusFruitFarmer|move: Tailwind\n|upkeep\n|\n|t:|1682821760\n|switch|p1b: Clap These Cheeks|Iron Hands, L50|100\/100\n|turn|5\n|\n|t:|1682821775\n|move|p1a: Bloodmoon|Protect|p1a: Bloodmoon\n|-singleturn|p1a: Bloodmoon|Protect\n|move|p2b: Chi-Yu|Heat Wave|p1a: Bloodmoon|[spread] p1b\n|-activate|p1a: Bloodmoon|move: Protect\n|-crit|p1b: Clap These Cheeks\n|-damage|p1b: Clap These Cheeks|34\/100\n|move|p2a: Dragonite|Tera Blast|p1a: Bloodmoon\n|-activate|p1a: Bloodmoon|move: Protect\n|move|p1b: Clap These Cheeks|Drain Punch|p2b: Chi-Yu\n|-supereffective|p2b: Chi-Yu\n|-damage|p2b: Chi-Yu|0 fnt\n|-heal|p1b: Clap These Cheeks|61\/100|[from] drain|[of] p2b: Chi-Yu\n|faint|p2b: Chi-Yu\n|\n|upkeep\n|turn|6\n|\n|t:|1682821792\n|move|p1a: Bloodmoon|Jaw Lock|p2a: Dragonite\n|-damage|p2a: Dragonite|55\/100\n|move|p2a: Dragonite|Tera Blast|p1b: Clap These Cheeks\n|-damage|p1b: Clap These Cheeks|9\/100\n|move|p1b: Clap These Cheeks|Thunder Punch|p2a: Dragonite\n|-supereffective|p2a: Dragonite\n|-damage|p2a: Dragonite|0 fnt\n|faint|p2a: Dragonite\n|\n|win|ChorusFruitFarmer\n|raw|ChorusFruitFarmer's rating: 1105 → 1132<\/strong> (+27 for winning)\n|raw|AceTrainerNite's rating: 1126 → 1099<\/strong> (-27 for losing)\n|c|\u2606ChorusFruitFarmer|G.g.w.p.\n","uploadtime":1682821800,"views":16,"p1id":"chorusfruitfarmer","p2id":"acetrainernite","formatid":"gen9vgc2023regulationc","rating":1099,"private":0,"password":""}