{"id":"gen9vgc2023regulationc-1845748102","p1":"DrChocolateMD","p2":"LeMickeyMaushold","format":"[Gen 9] VGC 2023 Regulation C","log":"|j|\u2606DrChocolateMD\n|j|\u2606LeMickeyMaushold\n|t:|1681760885\n|gametype|doubles\n|player|p1|DrChocolateMD|cyrus|1097\n|player|p2|LeMickeyMaushold|102|1094\n|teamsize|p1|6\n|teamsize|p2|6\n|gen|9\n|tier|[Gen 9] VGC 2023 Regulation C\n|rated|\n|rule|Species Clause: Limit one of each Pok\u00e9mon\n|rule|Item Clause: Limit one of each item\n|clearpoke\n|poke|p1|Ting-Lu, L50|\n|poke|p1|Gyarados, L50, M|\n|poke|p1|Orthworm, L50, F|\n|poke|p1|Dragonite, L50, F|\n|poke|p1|Annihilape, L50, F|\n|poke|p1|Maushold, L50|\n|poke|p2|Breloom, L50, F|\n|poke|p2|Ting-Lu, L50|\n|poke|p2|Palafin, L50, F|\n|poke|p2|Arcanine, L50, F|\n|poke|p2|Roaring Moon, L50|\n|poke|p2|Flutter Mane, L50|\n|teampreview|4\nDrChocolateMD rejected open team sheets.\n|inactive|Battle timer is ON: inactive players will automatically lose when time's up. (requested by LeMickeyMaushold)\n|inactive|DrChocolateMD has 60 seconds left.\n|inactive|LeMickeyMaushold has 60 seconds left.\n|\n|t:|1681760938\n|start\n|switch|p1a: Gyarados|Gyarados, L50, M|100\/100\n|switch|p1b: Orthworm|Orthworm, L50, F|100\/100\n|switch|p2a: Roaring Moon|Roaring Moon, L50|100\/100\n|switch|p2b: Breloom|Breloom, L50, F|100\/100\n|-ability|p1a: Gyarados|Intimidate|boost\n|-unboost|p2a: Roaring Moon|atk|1\n|-unboost|p2b: Breloom|atk|1\n|-enditem|p2a: Roaring Moon|Booster Energy\n|-activate|p2a: Roaring Moon|ability: Protosynthesis|[fromitem]\n|-start|p2a: Roaring Moon|protosynthesisspe\n|turn|1\n|inactive|DrChocolateMD has 30 seconds left.\n|inactive|DrChocolateMD has 20 seconds left.\n|inactive|DrChocolateMD has 15 seconds left.\n|\n|t:|1681760979\n|move|p2a: Roaring Moon|Tailwind|p2a: Roaring Moon\n|-sidestart|p2: LeMickeyMaushold|move: Tailwind\n|move|p2b: Breloom|Spore|p1b: Orthworm\n|-status|p1b: Orthworm|slp|[from] move: Spore\n|move|p1a: Gyarados|Taunt|p2b: Breloom\n|-start|p2b: Breloom|move: Taunt\n|cant|p1b: Orthworm|slp\n|\n|upkeep\n|turn|2\n|\n|t:|1681760996\n|switch|p2b: Arcanine|Arcanine, L50, F|100\/100\n|-ability|p2b: Arcanine|Intimidate|boost\n|-unboost|p1a: Gyarados|atk|1\n|-unboost|p1b: Orthworm|atk|1\n|move|p2a: Roaring Moon|Acrobatics|p1a: Gyarados\n|-damage|p1a: Gyarados|77\/100\n|move|p1a: Gyarados|Thunder Wave|p2a: Roaring Moon|[miss]\n|-miss|p1a: Gyarados|p2a: Roaring Moon\n|-curestatus|p1b: Orthworm|slp|[msg]\n|move|p1b: Orthworm|Shed Tail|p1b: Orthworm\n|-start|p1b: Orthworm|Substitute|[from] move: Shed Tail\n|-damage|p1b: Orthworm|50\/100\n|-enditem|p1b: Orthworm|Sitrus Berry|[eat]\n|-heal|p1b: Orthworm|75\/100|[from] item: Sitrus Berry\n|\n|t:|1681761011\n|switch|p1b: Dragonite|Dragonite, L50, F|100\/100|[from] Shed Tail\n|\n|upkeep\n|turn|3\n|\n|t:|1681761036\n|-end|p2a: Roaring Moon|Protosynthesis|[silent]\n|switch|p2a: Flutter Mane|Flutter Mane, L50|100\/100\n|-terastallize|p1b: Dragonite|Flying\n|move|p2b: Arcanine|Flare Blitz|p1b: Dragonite\n|-crit|p1b: Dragonite\n|-end|p1b: Dragonite|Substitute\n|-damage|p2b: Arcanine|93\/100|[from] Recoil|[of] p1b: Dragonite\n|move|p1b: Dragonite|Dragon Dance|p1b: Dragonite\n|-boost|p1b: Dragonite|atk|1\n|-boost|p1b: Dragonite|spe|1\n|move|p1a: Gyarados|Taunt|p2a: Flutter Mane\n|-start|p2a: Flutter Mane|move: Taunt\n|\n|upkeep\n|turn|4\n|inactive|LeMickeyMaushold has 30 seconds left.\n|\n|t:|1681761070\n|switch|p1a: Orthworm|Orthworm, L50, F|75\/100\n|move|p2b: Arcanine|Extreme Speed|p1b: Dragonite\n|-damage|p1b: Dragonite|85\/100\n|move|p2a: Flutter Mane|Dazzling Gleam|p1a: Orthworm|[spread] p1a,p1b\n|-resisted|p1a: Orthworm\n|-crit|p1b: Dragonite\n|-damage|p1a: Orthworm|48\/100\n|-damage|p1b: Dragonite|9\/100\n|move|p1b: Dragonite|Earthquake|p2b: Arcanine|[spread] p2a,p2b\n|-heal|p1a: Orthworm|73\/100|[from] ability: Earth Eater|[of] p1b: Dragonite\n|-supereffective|p2b: Arcanine\n|-damage|p2a: Flutter Mane|20\/100\n|-damage|p2b: Arcanine|12\/100\n|-enditem|p2b: Arcanine|Sitrus Berry|[eat]\n|-heal|p2b: Arcanine|37\/100|[from] item: Sitrus Berry\n|\n|-sideend|p2: LeMickeyMaushold|move: Tailwind\n|upkeep\n|turn|5\n|inactive|DrChocolateMD has 30 seconds left.\n|inactive|LeMickeyMaushold has 30 seconds left.\n|\n|t:|1681761097\n|move|p1b: Dragonite|Earthquake|p2b: Arcanine|[spread] p2a,p2b\n|-heal|p1a: Orthworm|98\/100|[from] ability: Earth Eater|[of] p1b: Dragonite\n|-supereffective|p2b: Arcanine\n|-damage|p2a: Flutter Mane|0 fnt\n|-damage|p2b: Arcanine|0 fnt\n|faint|p2a: Flutter Mane\n|-end|p2a: Flutter Mane|Protosynthesis|[silent]\n|faint|p2b: Arcanine\n|move|p1a: Orthworm|Shed Tail|p1a: Orthworm\n|-start|p1a: Orthworm|Substitute|[from] move: Shed Tail\n|-damage|p1a: Orthworm|48\/100\n|-message|LeMickeyMaushold forfeited.\n|\n|win|DrChocolateMD\n|raw|DrChocolateMD's rating: 1097 → 1122<\/strong> (+25 for winning)\n|raw|LeMickeyMaushold's rating: 1094 → 1070<\/strong> (-24 for losing)\n|l|\u2606LeMickeyMaushold\n","uploadtime":1681761111,"views":5,"p1id":"drchocolatemd","p2id":"lemickeymaushold","formatid":"gen9vgc2023regulationc","rating":1070,"private":0,"password":""}