{"id":"gen9vgc2023regulationc-1848111689","p1":"dunsparcedingo","p2":"Marco Fettuccine","format":"[Gen 9] VGC 2023 Regulation C","log":"|j|\u2606dunsparcedingo\n|j|\u2606Marco Fettuccine\n|t:|1682031029\n|gametype|doubles\n|player|p1|dunsparcedingo|zinnia|1219\n|player|p2|Marco Fettuccine|benga|1253\n|teamsize|p1|6\n|teamsize|p2|6\n|gen|9\n|tier|[Gen 9] VGC 2023 Regulation C\n|rated|\n|rule|Species Clause: Limit one of each Pok\u00e9mon\n|rule|Item Clause: Limit one of each item\n|clearpoke\n|poke|p1|Torkoal, L50, M|\n|poke|p1|Jumpluff, L50, F|\n|poke|p1|Chi-Yu, L50|\n|poke|p1|Flutter Mane, L50|\n|poke|p1|Iron Bundle, L50|\n|poke|p1|Slither Wing, L50|\n|poke|p2|Talonflame, L50, M|\n|poke|p2|Iron Bundle, L50|\n|poke|p2|Iron Hands, L50|\n|poke|p2|Gholdengo, L50|\n|poke|p2|Garchomp, L50, F|\n|poke|p2|Chien-Pao, L50|\n|teampreview|4\ndunsparcedingo has agreed to open team sheets.\nMarco Fettuccine has agreed to open team sheets.\n|\n|t:|1682031171\n|start\n|switch|p1a: Chi-Yu|Chi-Yu, L50|100\/100\n|switch|p1b: Jumpluff|Jumpluff, L50, F|100\/100\n|switch|p2a: Er Pantera|Chien-Pao, L50|100\/100\n|switch|p2b: De Sica|Garchomp, L50, F|100\/100\n|-ability|p2a: Er Pantera|Sword of Ruin\n|-ability|p1a: Chi-Yu|Beads of Ruin\n|turn|1\n|inactive|Battle timer is ON: inactive players will automatically lose when time's up. (requested by Marco Fettuccine)\n|inactive|Marco Fettuccine has 60 seconds left.\n|inactive|dunsparcedingo has 60 seconds left.\n|\n|t:|1682031214\n|switch|p1a: Torkoal|Torkoal, L50, M|100\/100\n|-weather|SunnyDay|[from] ability: Drought|[of] p1a: Torkoal\n|move|p2a: Er Pantera|Protect|p2a: Er Pantera\n|-singleturn|p2a: Er Pantera|Protect\n|move|p1b: Jumpluff|Tailwind|p1b: Jumpluff\n|-sidestart|p1: dunsparcedingo|move: Tailwind\n|move|p2b: De Sica|Rock Slide|p1a: Torkoal|[spread] p1b\n|-miss|p2b: De Sica|p1a: Torkoal\n|-supereffective|p1b: Jumpluff\n|-damage|p1b: Jumpluff|8\/100\n|-damage|p2b: De Sica|91\/100|[from] item: Life Orb\n|\n|-weather|SunnyDay|[upkeep]\n|upkeep\n|turn|2\n|inactive|dunsparcedingo has 30 seconds left.\n|inactive|Marco Fettuccine has 30 seconds left.\n|inactive|Marco Fettuccine has 20 seconds left.\n|\n|t:|1682031251\n|switch|p1a: Flutter Mane|Flutter Mane, L50|100\/100\n|-activate|p1a: Flutter Mane|ability: Protosynthesis\n|-start|p1a: Flutter Mane|protosynthesisspe\n|-terastallize|p2a: Er Pantera|Flying\n|move|p2a: Er Pantera|Sucker Punch||[still]\n|-fail|p2a: Er Pantera\n|move|p1b: Jumpluff|Sleep Powder|p2b: De Sica\n|-status|p2b: De Sica|slp|[from] move: Sleep Powder\n|cant|p2b: De Sica|slp\n|\n|-weather|SunnyDay|[upkeep]\n|upkeep\n|turn|3\n|inactive|dunsparcedingo has 30 seconds left.\n|inactive|dunsparcedingo has 20 seconds left.\n|\n|t:|1682031289\n|switch|p2b: Tordo|Talonflame, L50, M|100\/100\n|-terastallize|p1a: Flutter Mane|Water\n|move|p2a: Er Pantera|Protect|p2a: Er Pantera\n|-singleturn|p2a: Er Pantera|Protect\n|move|p1b: Jumpluff|Pollen Puff|p2a: Er Pantera\n|-activate|p2a: Er Pantera|move: Protect\n|move|p1a: Flutter Mane|Dazzling Gleam|p2b: Tordo|[spread] p2b\n|-activate|p2a: Er Pantera|move: Protect\n|-resisted|p2b: Tordo\n|-damage|p2b: Tordo|71\/100\n|\n|-weather|SunnyDay|[upkeep]\n|upkeep\n|turn|4\n|inactive|Marco Fettuccine has 30 seconds left.\n|\n|t:|1682031318\n|move|p2a: Er Pantera|Sucker Punch|p1a: Flutter Mane\n|-damage|p1a: Flutter Mane|7\/100\n|move|p1b: Jumpluff|Encore|p2a: Er Pantera\n|-start|p2a: Er Pantera|Encore\n|move|p1a: Flutter Mane|Dazzling Gleam|p2b: Tordo|[spread] p2a,p2b\n|-resisted|p2b: Tordo\n|-damage|p2a: Er Pantera|24\/100\n|-damage|p2b: Tordo|40\/100\n|move|p2b: Tordo|Tailwind|p2b: Tordo\n|-sidestart|p2: Marco Fettuccine|move: Tailwind\n|\n|-weather|SunnyDay|[upkeep]\n|-sideend|p1: dunsparcedingo|move: Tailwind\n|upkeep\n|turn|5\n|inactive|dunsparcedingo has 30 seconds left.\n|inactive|Marco Fettuccine has 30 seconds left.\n|\n|t:|1682031355\n|-end|p1a: Flutter Mane|Protosynthesis|[silent]\n|switch|p1a: Chi-Yu|Chi-Yu, L50|100\/100\n|-ability|p1a: Chi-Yu|Beads of Ruin\n|move|p2a: Er Pantera|Sucker Punch||[still]\n|-fail|p2a: Er Pantera\n|move|p2b: Tordo|Brave Bird|p1b: Jumpluff\n|-supereffective|p1b: Jumpluff\n|-damage|p1b: Jumpluff|0 fnt\n|faint|p1b: Jumpluff\n|-damage|p2b: Tordo|38\/100|[from] Recoil\n|\n|-weather|none\n|upkeep\n|\n|t:|1682031370\n|switch|p1b: Torkoal|Torkoal, L50, M|100\/100\n|-weather|SunnyDay|[from] ability: Drought|[of] p1b: Torkoal\n|turn|6\n|inactive|Marco Fettuccine has 30 seconds left.\n|\n|t:|1682031398\n|move|p1b: Torkoal|Helping Hand|p1a: Chi-Yu\n|-singleturn|p1a: Chi-Yu|Helping Hand|[of] p1b: Torkoal\n|move|p2a: Er Pantera|Sucker Punch|p1a: Chi-Yu\n|-resisted|p1a: Chi-Yu\n|-damage|p1a: Chi-Yu|71\/100\n|move|p2b: Tordo|Brave Bird|p1a: Chi-Yu\n|-damage|p1a: Chi-Yu|4\/100\n|-damage|p2b: Tordo|18\/100|[from] Recoil\n|move|p1a: Chi-Yu|Heat Wave|p2a: Er Pantera|[spread] p2a,p2b\n|-resisted|p2b: Tordo\n|-damage|p2a: Er Pantera|0 fnt\n|-damage|p2b: Tordo|0 fnt\n|faint|p2a: Er Pantera\n|faint|p2b: Tordo\n|\n|-weather|SunnyDay|[upkeep]\n|upkeep\n|\n|t:|1682031412\n|switch|p2a: Cinquina|Iron Hands, L50|100\/100\n|switch|p2b: De Sica|Garchomp, L50, F|91\/100 slp\n|turn|7\n|\n|t:|1682031424\n|switch|p1a: Flutter Mane|Flutter Mane, L50, tera:Water|7\/100\n|-activate|p1a: Flutter Mane|ability: Protosynthesis\n|-start|p1a: Flutter Mane|protosynthesisspe\n|cant|p2b: De Sica|slp\n|move|p2a: Cinquina|Fake Out|p1a: Flutter Mane\n|-damage|p1a: Flutter Mane|0 fnt\n|faint|p1a: Flutter Mane\n|-end|p1a: Flutter Mane|Protosynthesis|[silent]\n|move|p1b: Torkoal|Will-O-Wisp|p2a: Cinquina\n|-status|p2a: Cinquina|brn\n|\n|-weather|SunnyDay|[upkeep]\n|-damage|p2a: Cinquina|94\/100 brn|[from] brn\n|-sideend|p2: Marco Fettuccine|move: Tailwind\n|upkeep\n|\n|t:|1682031438\n|switch|p1a: Chi-Yu|Chi-Yu, L50|4\/100\n|-ability|p1a: Chi-Yu|Beads of Ruin\n|turn|8\n|inactive|dunsparcedingo has 30 seconds left.\n|\n|t:|1682031472\n|move|p1b: Torkoal|Helping Hand|p1a: Chi-Yu\n|-singleturn|p1a: Chi-Yu|Helping Hand|[of] p1b: Torkoal\n|cant|p2b: De Sica|slp\n|move|p1a: Chi-Yu|Overheat|p2a: Cinquina|[miss]\n|-miss|p1a: Chi-Yu|p2a: Cinquina\n|move|p2a: Cinquina|Drain Punch|p1a: Chi-Yu\n|-supereffective|p1a: Chi-Yu\n|-damage|p1a: Chi-Yu|0 fnt\n|-heal|p2a: Cinquina|95\/100 brn|[from] drain|[of] p1a: Chi-Yu\n|faint|p1a: Chi-Yu\n|\n|-weather|SunnyDay|[upkeep]\n|-damage|p2a: Cinquina|89\/100 brn|[from] brn\n|upkeep\n|turn|9\n|-message|dunsparcedingo forfeited.\n|\n|win|Marco Fettuccine\n|raw|dunsparcedingo's rating: 1219 → 1196<\/strong> (-23 for losing)\n|raw|Marco Fettuccine's rating: 1253 → 1276<\/strong> (+23 for winning)\n","uploadtime":1682031494,"views":13,"p1id":"dunsparcedingo","p2id":"marcofettuccine","formatid":"gen9vgc2023regulationc","rating":1196,"private":0,"password":""}