{"id":"gen9vgc2023regulationc-1847052803","p1":"cszlonger","p2":"Pro umper","format":"[Gen 9] VGC 2023 Regulation C","log":"|j|\u2606cszlonger\n|j|\u2606Pro umper\n|t:|1681915117\n|gametype|doubles\n|player|p1|cszlonger|erika|1272\n|player|p2|Pro umper|170|1201\n|teamsize|p1|6\n|teamsize|p2|6\n|gen|9\n|tier|[Gen 9] VGC 2023 Regulation C\n|rated|\n|rule|Species Clause: Limit one of each Pok\u00e9mon\n|rule|Item Clause: Limit one of each item\n|clearpoke\n|poke|p1|Flutter Mane, L50|\n|poke|p1|Palafin, L50, M|\n|poke|p1|Arcanine, L50, M|\n|poke|p1|Amoonguss, L50, F|\n|poke|p1|Baxcalibur, L50, M|\n|poke|p1|Ting-Lu, L50|\n|poke|p2|Brambleghast, L50, F|\n|poke|p2|Spiritomb, L50, F|\n|poke|p2|Lumineon, L50, F|\n|poke|p2|Sylveon, L50, F|\n|poke|p2|Salamence, L50, F|\n|poke|p2|Ting-Lu, L50|\n|teampreview|4\n|\n|t:|1681915147\n|start\n|switch|p1a: Amoonguss|Amoonguss, L50, F|100\/100\n|switch|p1b: Flutter Mane|Flutter Mane, L50|100\/100\n|switch|p2a: Brambleghast|Brambleghast, L50, F|100\/100\n|switch|p2b: Lumineon|Lumineon, L50, F|100\/100\n|turn|1\n|\n|t:|1681915173\n|-terastallize|p1b: Flutter Mane|Fairy\n|-terastallize|p2a: Brambleghast|Fire\n|move|p1b: Flutter Mane|Dazzling Gleam|p2a: Brambleghast|[spread] p2a,p2b\n|-resisted|p2a: Brambleghast\n|-damage|p2a: Brambleghast|46\/100\n|-damage|p2b: Lumineon|32\/100\n|move|p2b: Lumineon|Tailwind|p2b: Lumineon\n|-sidestart|p2: Pro umper|move: Tailwind\n|-ability|p2a: Brambleghast|Wind Rider|boost\n|-boost|p2a: Brambleghast|atk|1\n|move|p2a: Brambleghast|Tera Blast|p1a: Amoonguss\n|-supereffective|p1a: Amoonguss\n|-damage|p1a: Amoonguss|4\/100\n|-enditem|p1a: Amoonguss|Sitrus Berry|[eat]\n|-heal|p1a: Amoonguss|29\/100|[from] item: Sitrus Berry\n|move|p1a: Amoonguss|Spore|p2b: Lumineon\n|-status|p2b: Lumineon|slp|[from] move: Spore\n|\n|upkeep\n|turn|2\n|\n|t:|1681915201\n|switch|p1a: Arcanine|Arcanine, L50, M|100\/100\n|-ability|p1a: Arcanine|Intimidate|boost\n|-unboost|p2a: Brambleghast|atk|1\n|-unboost|p2b: Lumineon|atk|1\n|cant|p2b: Lumineon|slp\n|move|p2a: Brambleghast|Bullet Seed|p1b: Flutter Mane\n|-damage|p1b: Flutter Mane|84\/100\n|-damage|p1b: Flutter Mane|65\/100\n|-damage|p1b: Flutter Mane|46\/100\n|-damage|p1b: Flutter Mane|30\/100\n|-hitcount|p1b: Flutter Mane|4\n|move|p1b: Flutter Mane|Dazzling Gleam|p2a: Brambleghast|[spread] p2a,p2b\n|-resisted|p2a: Brambleghast\n|-crit|p2b: Lumineon\n|-damage|p2a: Brambleghast|0 fnt\n|-damage|p2b: Lumineon|0 fnt\n|faint|p2a: Brambleghast\n|faint|p2b: Lumineon\n|\n|upkeep\n|\n|t:|1681915218\n|switch|p2b: Ting-Lu|Ting-Lu, L50|100\/100\n|switch|p2a: Salamence|Salamence, L50, F|100\/100\n|-ability|p2a: Salamence|Intimidate|boost\n|-unboost|p1a: Arcanine|atk|1\n|-unboost|p1b: Flutter Mane|atk|1\n|-ability|p2b: Ting-Lu|Vessel of Ruin\n|turn|3\n|\n|t:|1681915243\n|-end|p1b: Flutter Mane|Protosynthesis|[silent]\n|switch|p1b: Amoonguss|Amoonguss, L50, F|62\/100\n|move|p2a: Salamence|Air Slash|p1b: Amoonguss\n|-supereffective|p1b: Amoonguss\n|-damage|p1b: Amoonguss|13\/100\n|move|p1a: Arcanine|Will-O-Wisp|p2a: Salamence\n|-status|p2a: Salamence|brn\n|move|p2b: Ting-Lu|Ruination|p1a: Arcanine\n|-damage|p1a: Arcanine|51\/100\n|\n|-damage|p2a: Salamence|95\/100 brn|[from] brn\n|upkeep\n|turn|4\n|\n|t:|1681915265\n|move|p2b: Ting-Lu|Protect|p2b: Ting-Lu\n|-singleturn|p2b: Ting-Lu|Protect\n|move|p2a: Salamence|Heat Wave|p1a: Arcanine|[spread] p1a\n|-miss|p2a: Salamence|p1b: Amoonguss\n|-resisted|p1a: Arcanine\n|-damage|p1a: Arcanine|43\/100\n|move|p1a: Arcanine|Will-O-Wisp|p2b: Ting-Lu\n|-activate|p2b: Ting-Lu|move: Protect\n|move|p1b: Amoonguss|Pollen Puff|p1a: Arcanine\n|-heal|p1a: Arcanine|92\/100\n|\n|-damage|p2a: Salamence|89\/100 brn|[from] brn\n|-sideend|p2: Pro umper|move: Tailwind\n|upkeep\n|turn|5\n|\n|t:|1681915285\n|move|p2a: Salamence|Heat Wave|p1a: Arcanine|[spread] p1a\n|-miss|p2a: Salamence|p1b: Amoonguss\n|-resisted|p1a: Arcanine\n|-damage|p1a: Arcanine|84\/100\n|move|p1a: Arcanine|Will-O-Wisp|p2b: Ting-Lu\n|-status|p2b: Ting-Lu|brn\n|move|p2b: Ting-Lu|Stomping Tantrum|p1a: Arcanine\n|-supereffective|p1a: Arcanine\n|-damage|p1a: Arcanine|54\/100\n|move|p1b: Amoonguss|Pollen Puff|p1a: Arcanine\n|-heal|p1a: Arcanine|100\/100\n|\n|-damage|p2a: Salamence|83\/100 brn|[from] brn\n|-damage|p2b: Ting-Lu|94\/100 brn|[from] brn\n|upkeep\n|turn|6\n|\n|t:|1681915310\n|move|p1a: Arcanine|Extreme Speed|p2a: Salamence\n|-damage|p2a: Salamence|64\/100 brn\n|move|p2a: Salamence|Tailwind|p2a: Salamence\n|-sidestart|p2: Pro umper|move: Tailwind\n|move|p2b: Ting-Lu|Stomping Tantrum|p1b: Amoonguss\n|-crit|p1b: Amoonguss\n|-damage|p1b: Amoonguss|0 fnt\n|faint|p1b: Amoonguss\n|\n|-damage|p2a: Salamence|58\/100 brn|[from] brn\n|-damage|p2b: Ting-Lu|88\/100 brn|[from] brn\n|upkeep\n|\n|t:|1681915314\n|switch|p1b: Baxcalibur|Baxcalibur, L50, M|100\/100\n|turn|7\n|\n|t:|1681915332\n|move|p1b: Baxcalibur|Ice Shard|p2a: Salamence\n|-supereffective|p2a: Salamence\n|-damage|p2a: Salamence|0 fnt\n|faint|p2a: Salamence\n|move|p1a: Arcanine|Flare Blitz|p2b: Ting-Lu\n|-damage|p2b: Ting-Lu|72\/100 brn\n|-damage|p1a: Arcanine|93\/100|[from] Recoil\n|move|p2b: Ting-Lu|Ruination|p1a: Arcanine\n|-damage|p1a: Arcanine|47\/100\n|\n|-damage|p2b: Ting-Lu|66\/100 brn|[from] brn\n|upkeep\n|turn|8\n|\n|t:|1681915344\n|move|p1a: Arcanine|Protect|p1a: Arcanine\n|-singleturn|p1a: Arcanine|Protect\n|move|p1b: Baxcalibur|Protect|p1b: Baxcalibur\n|-singleturn|p1b: Baxcalibur|Protect\n|move|p2b: Ting-Lu|Heavy Slam|p1b: Baxcalibur\n|-activate|p1b: Baxcalibur|move: Protect\n|\n|-damage|p2b: Ting-Lu|60\/100 brn|[from] brn\n|upkeep\n|turn|9\n|\n|t:|1681915355\n|move|p1a: Arcanine|Flare Blitz|p2b: Ting-Lu\n|-damage|p2b: Ting-Lu|41\/100 brn\n|-enditem|p2b: Ting-Lu|Sitrus Berry|[eat]\n|-heal|p2b: Ting-Lu|66\/100 brn|[from] item: Sitrus Berry\n|-damage|p1a: Arcanine|39\/100|[from] Recoil\n|move|p1b: Baxcalibur|Icicle Crash|p2b: Ting-Lu|[miss]\n|-miss|p1b: Baxcalibur|p2b: Ting-Lu\n|move|p2b: Ting-Lu|Stomping Tantrum|p1a: Arcanine\n|-supereffective|p1a: Arcanine\n|-damage|p1a: Arcanine|6\/100\n|\n|-damage|p2b: Ting-Lu|60\/100 brn|[from] brn\n|-sideend|p2: Pro umper|move: Tailwind\n|upkeep\n|turn|10\n|\n|t:|1681915374\n|move|p1a: Arcanine|Protect|p1a: Arcanine\n|-singleturn|p1a: Arcanine|Protect\n|move|p1b: Baxcalibur|Protect|p1b: Baxcalibur\n|-singleturn|p1b: Baxcalibur|Protect\n|move|p2b: Ting-Lu|Heavy Slam|p1b: Baxcalibur\n|-activate|p1b: Baxcalibur|move: Protect\n|\n|-damage|p2b: Ting-Lu|54\/100 brn|[from] brn\n|upkeep\n|turn|11\n|\n|t:|1681915386\n|move|p1a: Arcanine|Flare Blitz|p2b: Ting-Lu\n|-damage|p2b: Ting-Lu|35\/100 brn\n|-damage|p1a: Arcanine|0 fnt|[from] Recoil\n|faint|p1a: Arcanine\n|move|p1b: Baxcalibur|Icicle Crash|p2b: Ting-Lu|[miss]\n|-miss|p1b: Baxcalibur|p2b: Ting-Lu\n|move|p2b: Ting-Lu|Stomping Tantrum|p1b: Baxcalibur\n|-damage|p1b: Baxcalibur|89\/100\n|\n|-damage|p2b: Ting-Lu|29\/100 brn|[from] brn\n|upkeep\n|\n|t:|1681915388\n|switch|p1a: Flutter Mane|Flutter Mane, L50, tera:Fairy|30\/100\n|turn|12\n|\n|t:|1681915399\n|move|p1a: Flutter Mane|Moonblast|p2b: Ting-Lu\n|-supereffective|p2b: Ting-Lu\n|-damage|p2b: Ting-Lu|0 fnt\n|faint|p2b: Ting-Lu\n|\n|win|cszlonger\n|raw|cszlonger's rating: 1272 → 1292<\/strong> (+20 for winning)\n|raw|Pro umper's rating: 1201 → 1181<\/strong> (-20 for losing)\n|l|\u2606cszlonger\n","uploadtime":1681915407,"views":12,"p1id":"cszlonger","p2id":"proumper","formatid":"gen9vgc2023regulationc","rating":1181,"private":0,"password":""}