{"id":"gen9vgc2023regulationc-1853452458","p1":"TheOne6033","p2":"Arweinyddiaeth","format":"[Gen 9] VGC 2023 Regulation C","log":"|j|\u2606TheOne6033\n|j|\u2606Arweinyddiaeth\n|t:|1682686662\n|gametype|doubles\n|player|p1|TheOne6033|heroine2-conquest|1291\n|player|p2|Arweinyddiaeth|ethan|1286\n|teamsize|p1|6\n|teamsize|p2|6\n|gen|9\n|tier|[Gen 9] VGC 2023 Regulation C\n|rated|\n|rule|Species Clause: Limit one of each Pok\u00e9mon\n|rule|Item Clause: Limit one of each item\n|clearpoke\n|poke|p1|Meowscarada, L50, M|\n|poke|p1|Gastrodon, L50, F|\n|poke|p1|Arcanine, L50, M|\n|poke|p1|Great Tusk, L50|\n|poke|p1|Amoonguss, L50, F|\n|poke|p1|Flutter Mane, L50|\n|poke|p2|Flutter Mane, L50|\n|poke|p2|Amoonguss, L50, M|\n|poke|p2|Baxcalibur, L50, F|\n|poke|p2|Ting-Lu, L50|\n|poke|p2|Gyarados, L50, F|\n|poke|p2|Kingambit, L50, F|\n|teampreview|4\n|inactive|Battle timer is ON: inactive players will automatically lose when time's up. (requested by Arweinyddiaeth)\nTheOne6033 has agreed to open team sheets.\n|inactive|TheOne6033 has 60 seconds left.\n|\n|t:|1682686700\n|start\n|switch|p1a: Flutter Mane|Flutter Mane, L50|100\/100\n|switch|p1b: Great Tusk|Great Tusk, L50|100\/100\n|switch|p2a: Amoonguss|Amoonguss, L50, M|100\/100\n|switch|p2b: Kingambit|Kingambit, L50, F|100\/100\n|-enditem|p1a: Flutter Mane|Booster Energy\n|-activate|p1a: Flutter Mane|ability: Protosynthesis|[fromitem]\n|-start|p1a: Flutter Mane|protosynthesisspe\n|turn|1\n|\n|t:|1682686719\n|switch|p2b: Gyarados|Gyarados, L50, F|100\/100\n|-ability|p2b: Gyarados|Intimidate|boost\n|-unboost|p1a: Flutter Mane|atk|1\n|-unboost|p1b: Great Tusk|atk|1\n|move|p1a: Flutter Mane|Protect|p1a: Flutter Mane\n|-singleturn|p1a: Flutter Mane|Protect\n|move|p1b: Great Tusk|Close Combat|p2b: Gyarados\n|-resisted|p2b: Gyarados\n|-damage|p2b: Gyarados|79\/100\n|-unboost|p1b: Great Tusk|def|1\n|-unboost|p1b: Great Tusk|spd|1\n|move|p2a: Amoonguss|Spore|p1a: Flutter Mane\n|-activate|p1a: Flutter Mane|move: Protect\n|\n|upkeep\n|turn|2\n|inactive|TheOne6033 has 30 seconds left.\n|\n|t:|1682686746\n|-end|p1b: Great Tusk|Protosynthesis|[silent]\n|switch|p1b: Arcanine|Arcanine, L50, M|100\/100\n|-ability|p1b: Arcanine|Intimidate|boost\n|-unboost|p2a: Amoonguss|atk|1\n|-unboost|p2b: Gyarados|atk|1\n|move|p1a: Flutter Mane|Moonblast|p2b: Gyarados\n|-damage|p2b: Gyarados|33\/100\n|-unboost|p2b: Gyarados|spa|1\n|move|p2b: Gyarados|Waterfall|p1b: Arcanine\n|-supereffective|p1b: Arcanine\n|-damage|p1b: Arcanine|49\/100\n|-enditem|p1b: Arcanine|Sitrus Berry|[eat]\n|-heal|p1b: Arcanine|74\/100|[from] item: Sitrus Berry\n|move|p2a: Amoonguss|Spore|p1a: Flutter Mane\n|-status|p1a: Flutter Mane|slp|[from] move: Spore\n|\n|upkeep\n|turn|3\n|inactive|Arweinyddiaeth has 30 seconds left.\n|\n|t:|1682686773\n|-end|p1a: Flutter Mane|Protosynthesis|[silent]\n|switch|p1a: Gastrodon|Gastrodon, L50, F|100\/100\n|switch|p2b: Kingambit|Kingambit, L50, F|100\/100\n|-terastallize|p2a: Amoonguss|Water\n|move|p1b: Arcanine|Flare Blitz|p2a: Amoonguss\n|-resisted|p2a: Amoonguss\n|-damage|p2a: Amoonguss|80\/100\n|-damage|p1b: Arcanine|66\/100|[from] Recoil\n|move|p2a: Amoonguss|Spore|p1b: Arcanine\n|-status|p1b: Arcanine|slp|[from] move: Spore\n|\n|upkeep\n|turn|4\n|\n|t:|1682686796\n|cant|p1b: Arcanine|slp\n|move|p2b: Kingambit|Kowtow Cleave|p1b: Arcanine\n|-damage|p1b: Arcanine|17\/100 slp\n|move|p1a: Gastrodon|Earth Power|p2b: Kingambit\n|-supereffective|p2b: Kingambit\n|-damage|p2b: Kingambit|25\/100\n|move|p2a: Amoonguss|Spore|p1a: Gastrodon\n|-status|p1a: Gastrodon|slp|[from] move: Spore\n|\n|upkeep\n|turn|5\n|\n|t:|1682686814\n|-curestatus|p1b: Arcanine|slp|[msg]\n|move|p1b: Arcanine|Flare Blitz|p2b: Kingambit\n|-supereffective|p2b: Kingambit\n|-damage|p2b: Kingambit|0 fnt\n|faint|p2b: Kingambit\n|-damage|p1b: Arcanine|9\/100|[from] Recoil\n|cant|p1a: Gastrodon|slp\n|move|p2a: Amoonguss|Pollen Puff|p2: Kingambit|[notarget]\n|-fail|p2a: Amoonguss\n|\n|upkeep\n|\n|t:|1682686822\n|switch|p2b: Baxcalibur|Baxcalibur, L50, F|100\/100\n|turn|6\n|inactive|TheOne6033 has 30 seconds left.\n|\n|t:|1682686852\n|move|p1b: Arcanine|Protect|p1b: Arcanine\n|-singleturn|p1b: Arcanine|Protect\n|move|p2b: Baxcalibur|Icicle Crash|p1b: Arcanine\n|-activate|p1b: Arcanine|move: Protect\n|cant|p1a: Gastrodon|slp\n|move|p2a: Amoonguss|Spore|p1a: Gastrodon\n|-fail|p1a: Gastrodon|slp\n|\n|upkeep\n|turn|7\n|\n|t:|1682686875\n|move|p2b: Baxcalibur|Icicle Crash|p1b: Arcanine\n|-resisted|p1b: Arcanine\n|-damage|p1b: Arcanine|0 fnt\n|faint|p1b: Arcanine\n|cant|p1a: Gastrodon|slp\n|move|p2a: Amoonguss|Spore|p1a: Gastrodon\n|-fail|p1a: Gastrodon|slp\n|\n|upkeep\n|\n|t:|1682686890\n|switch|p1b: Great Tusk|Great Tusk, L50|100\/100\n|turn|8\n|\n|t:|1682686906\n|switch|p2b: Gyarados|Gyarados, L50, F|33\/100\n|-ability|p2b: Gyarados|Intimidate|boost\n|-unboost|p1a: Gastrodon|atk|1\n|-unboost|p1b: Great Tusk|atk|1\n|move|p1b: Great Tusk|Rock Slide|p2a: Amoonguss|[spread] p2a,p2b\n|-crit|p2a: Amoonguss\n|-supereffective|p2b: Gyarados\n|-damage|p2a: Amoonguss|50\/100\n|-damage|p2b: Gyarados|2\/100\n|-enditem|p2a: Amoonguss|Sitrus Berry|[eat]\n|-heal|p2a: Amoonguss|75\/100|[from] item: Sitrus Berry\n|-curestatus|p1a: Gastrodon|slp|[msg]\n|move|p1a: Gastrodon|Ice Beam|p2b: Gyarados\n|-damage|p2b: Gyarados|0 fnt\n|faint|p2b: Gyarados\n|move|p2a: Amoonguss|Spore|p1b: Great Tusk\n|-status|p1b: Great Tusk|slp|[from] move: Spore\n|\n|upkeep\n|\n|t:|1682686923\n|switch|p2b: Baxcalibur|Baxcalibur, L50, F|100\/100\n|turn|9\n|\n|t:|1682686931\n|cant|p1b: Great Tusk|slp\n|move|p2b: Baxcalibur|Icicle Crash|p1b: Great Tusk\n|-supereffective|p1b: Great Tusk\n|-damage|p1b: Great Tusk|27\/100 slp\n|move|p1a: Gastrodon|Ice Beam|p2b: Baxcalibur\n|-damage|p2b: Baxcalibur|78\/100\n|move|p2a: Amoonguss|Spore|p1a: Gastrodon\n|-status|p1a: Gastrodon|slp|[from] move: Spore\n|\n|upkeep\n|turn|10\n|inactive|Arweinyddiaeth has 30 seconds left.\n|\n|t:|1682686961\n|move|p2b: Baxcalibur|Ice Shard|p1b: Great Tusk\n|-supereffective|p1b: Great Tusk\n|-damage|p1b: Great Tusk|0 fnt\n|faint|p1b: Great Tusk\n|-end|p1b: Great Tusk|Protosynthesis|[silent]\n|cant|p1a: Gastrodon|slp\n|move|p2a: Amoonguss|Pollen Puff|p2b: Baxcalibur\n|-heal|p2b: Baxcalibur|100\/100\n|\n|upkeep\n|\n|t:|1682686971\n|switch|p1b: Flutter Mane|Flutter Mane, L50|100\/100 slp\n|turn|11\n|\n|t:|1682686985\n|cant|p1b: Flutter Mane|slp\n|move|p2b: Baxcalibur|Icicle Crash|p1b: Flutter Mane|[miss]\n|-miss|p2b: Baxcalibur|p1b: Flutter Mane\n|cant|p1a: Gastrodon|slp\n|move|p2a: Amoonguss|Pollen Puff|p2b: Baxcalibur\n|-immune|p2b: Baxcalibur\n|\n|upkeep\n|turn|12\n|\n|t:|1682687008\n|-terastallize|p1b: Flutter Mane|Fairy\n|move|p2a: Amoonguss|Rage Powder|p2a: Amoonguss\n|-singleturn|p2a: Amoonguss|move: Rage Powder\n|cant|p1b: Flutter Mane|slp\n|move|p2b: Baxcalibur|Icicle Crash|p1b: Flutter Mane|[miss]\n|-miss|p2b: Baxcalibur|p1b: Flutter Mane\n|cant|p1a: Gastrodon|slp\n|\n|upkeep\n|turn|13\n|inactive|TheOne6033 has 30 seconds left.\n|\n|t:|1682687034\n|move|p2a: Amoonguss|Rage Powder|p2a: Amoonguss\n|-singleturn|p2a: Amoonguss|move: Rage Powder\n|move|p2b: Baxcalibur|Ice Shard|p1b: Flutter Mane\n|-damage|p1b: Flutter Mane|49\/100 slp\n|cant|p1b: Flutter Mane|slp\n|-curestatus|p1a: Gastrodon|slp|[msg]\n|move|p1a: Gastrodon|Earth Power|p2a: Amoonguss\n|-damage|p2a: Amoonguss|43\/100\n|-unboost|p2a: Amoonguss|spd|1\n|\n|upkeep\n|turn|14\n|\n|t:|1682687051\n|-curestatus|p1b: Flutter Mane|slp|[msg]\n|move|p1b: Flutter Mane|Protect|p1b: Flutter Mane\n|-singleturn|p1b: Flutter Mane|Protect\n|move|p2b: Baxcalibur|Ice Shard|p1b: Flutter Mane\n|-activate|p1b: Flutter Mane|move: Protect\n|move|p1a: Gastrodon|Earth Power|p2a: Amoonguss\n|-damage|p2a: Amoonguss|0 fnt\n|faint|p2a: Amoonguss\n|\n|upkeep\n|turn|15\n|\n|t:|1682687066\n|move|p2b: Baxcalibur|Ice Shard|p1b: Flutter Mane\n|-damage|p1b: Flutter Mane|2\/100\n|move|p1b: Flutter Mane|Moonblast|p2b: Baxcalibur\n|-supereffective|p2b: Baxcalibur\n|-damage|p2b: Baxcalibur|0 fnt\n|faint|p2b: Baxcalibur\n|\n|win|TheOne6033\n|raw|TheOne6033's rating: 1291 → 1316<\/strong> (+25 for winning)\n|raw|Arweinyddiaeth's rating: 1286 → 1261<\/strong> (-25 for losing)\n|l|\u2606Arweinyddiaeth\n","uploadtime":1682687074,"views":13,"p1id":"theone6033","p2id":"arweinyddiaeth","formatid":"gen9vgc2023regulationc","rating":1261,"private":0,"password":""}