{"id":"gen9vgc2023regulationc-1848657106","p1":"Topperlecat","p2":"dman12352","format":"[Gen 9] VGC 2023 Regulation C","log":"|j|\u2606Topperlecat\n|j|\u2606dman12352\n|t:|1682098248\n|gametype|doubles\n|player|p1|Topperlecat|chili|\n|player|p2|dman12352|101|\n|teamsize|p1|6\n|teamsize|p2|6\n|gen|9\n|tier|[Gen 9] VGC 2023 Regulation C\n|rule|Species Clause: Limit one of each Pok\u00e9mon\n|rule|Item Clause: Limit one of each item\n|clearpoke\n|poke|p1|Ting-Lu, L50|\n|poke|p1|Glimmora, L50, F|\n|poke|p1|Corviknight, L50, M|\n|poke|p1|Iron Hands, L50|\n|poke|p1|Arcanine, L50, M|\n|poke|p1|Klefki, L50, F|\n|poke|p2|Flutter Mane, L50|\n|poke|p2|Chien-Pao, L50|\n|poke|p2|Iron Bundle, L50|\n|poke|p2|Ceruledge, L50, M|\n|poke|p2|Dragonite, L50, F|\n|poke|p2|Amoonguss, L50, M|\n|teampreview|4\n|inactive|Battle timer is ON: inactive players will automatically lose when time's up. (requested by dman12352)\ndman12352 has agreed to open team sheets.\n|c|\u2606dman12352|You play well but i hope you realize sometimes the plays you make are not great btu its wroking lol\n|inactive|dman12352 has 60 seconds left.\n|c|\u2606Topperlecat|yeah lol\nTopperlecat has agreed to open team sheets.\n|\n|t:|1682098293\n|start\n|switch|p1a: steel birb|Corviknight, L50, M|100\/100\n|switch|p1b: hear me out|Klefki, L50, F|100\/100\n|switch|p2a: Chien-Pao|Chien-Pao, L50|100\/100\n|switch|p2b: Dragonite|Dragonite, L50, F, shiny|100\/100\n|-ability|p2a: Chien-Pao|Sword of Ruin\n|turn|1\n|\n|t:|1682098315\n|-terastallize|p2b: Dragonite|Normal\n|move|p2b: Dragonite|Extreme Speed|p1a: steel birb\n|-resisted|p1a: steel birb\n|-crit|p1a: steel birb\n|-damage|p1a: steel birb|54\/100\n|move|p2a: Chien-Pao|Psychic Fangs|p1a: steel birb\n|-resisted|p1a: steel birb\n|-damage|p1a: steel birb|42\/100\n|move|p1a: steel birb|Iron Head|p2a: Chien-Pao\n|-supereffective|p2a: Chien-Pao\n|-crit|p2a: Chien-Pao\n|-damage|p2a: Chien-Pao|0 fnt\n|faint|p2a: Chien-Pao\n|move|p1b: hear me out|Trick Room|p1b: hear me out\n|-fieldstart|move: Trick Room|[of] p1b: hear me out\n|\n|upkeep\n|\n|t:|1682098329\n|switch|p2a: Amoonguss|Amoonguss, L50, M|100\/100\n|turn|2\n|c|\u2606dman12352|we both crig ig\n|c|\u2606Topperlecat|lol\n|c|\u2606dman12352|yours mattered a lot more\n|\n|t:|1682098353\n|move|p2b: Dragonite|Extreme Speed|p1a: steel birb\n|-resisted|p1a: steel birb\n|-damage|p1a: steel birb|20\/100\n|move|p1b: hear me out|Reflect|p1b: hear me out\n|-sidestart|p1: Topperlecat|Reflect\n|move|p2a: Amoonguss|Spore|p1b: hear me out\n|-status|p1b: hear me out|slp|[from] move: Spore\n|move|p1a: steel birb|Roost|p1a: steel birb\n|-heal|p1a: steel birb|70\/100\n|-singleturn|p1a: steel birb|move: Roost\n|\n|upkeep\n|turn|3\n|c|\u2606Topperlecat|Did it matter there?\n|c|\u2606Topperlecat|I don't even know\n|c|\u2606dman12352|yea you did that in the past\n|c|\u2606dman12352|it left it at 15\n|inactive|dman12352 has 30 seconds left.\n|c|\u2606Topperlecat|Oh damn\n|\n|t:|1682098386\n|move|p2b: Dragonite|Extreme Speed|p1a: steel birb\n|-resisted|p1a: steel birb\n|-damage|p1a: steel birb|54\/100\n|move|p2a: Amoonguss|Spore|p1a: steel birb\n|-status|p1a: steel birb|slp|[from] move: Spore\n|-enditem|p1a: steel birb|Lum Berry|[eat]\n|-curestatus|p1a: steel birb|slp|[msg]\n|move|p1a: steel birb|Roost|p1a: steel birb\n|-heal|p1a: steel birb|100\/100\n|-singleturn|p1a: steel birb|move: Roost\n|cant|p1b: hear me out|slp\n|\n|upkeep\n|turn|4\n|c|\u2606Topperlecat|I got the psychic fangs espeed read right tho\n|inactive|dman12352 has 30 seconds left.\n|c|\u2606dman12352|it was obvoius having amoonguss in the back helped me\n|inactive|dman12352 has 20 seconds left.\n|c|\u2606Topperlecat|Yeah\n|\n|t:|1682098423\n|move|p2b: Dragonite|Extreme Speed|p1a: steel birb\n|-resisted|p1a: steel birb\n|-damage|p1a: steel birb|84\/100\n|move|p2a: Amoonguss|Spore|p1a: steel birb\n|-status|p1a: steel birb|slp|[from] move: Spore\n|cant|p1a: steel birb|slp\n|cant|p1b: hear me out|slp\n|\n|upkeep\n|turn|5\n|c|\u2606Topperlecat|That's why I have lum berry on corvi\n|\n|t:|1682098441\n|move|p2b: Dragonite|Extreme Speed|p1a: steel birb\n|-resisted|p1a: steel birb\n|-damage|p1a: steel birb|68\/100 slp\n|move|p2a: Amoonguss|Pollen Puff|p1a: steel birb\n|-resisted|p1a: steel birb\n|-damage|p1a: steel birb|64\/100 slp\n|cant|p1a: steel birb|slp\n|cant|p1b: hear me out|slp\n|\n|-fieldend|move: Trick Room\n|upkeep\n|turn|6\n|c|\u2606dman12352|that is actually perfect timing on tr\n|\n|t:|1682098465\n|move|p2b: Dragonite|Extreme Speed|p1a: steel birb\n|-resisted|p1a: steel birb\n|-damage|p1a: steel birb|47\/100 slp\n|-curestatus|p1b: hear me out|slp|[msg]\n|move|p1b: hear me out|Foul Play|p2b: Dragonite\n|-damage|p2b: Dragonite|81\/100\n|cant|p1a: steel birb|slp\n|move|p2a: Amoonguss|Spore|p1b: hear me out\n|-status|p1b: hear me out|slp|[from] move: Spore\n|\n|upkeep\n|turn|7\n|inactive|Topperlecat has 30 seconds left.\n|inactive|dman12352 has 30 seconds left.\n|\n|t:|1682098494\n|move|p2b: Dragonite|Extreme Speed|p1a: steel birb\n|-resisted|p1a: steel birb\n|-damage|p1a: steel birb|32\/100 slp\n|cant|p1b: hear me out|slp\n|-curestatus|p1a: steel birb|slp|[msg]\n|move|p1a: steel birb|Brave Bird|p2a: Amoonguss\n|-supereffective|p2a: Amoonguss\n|-damage|p2a: Amoonguss|31\/100\n|-enditem|p2a: Amoonguss|Sitrus Berry|[eat]\n|-heal|p2a: Amoonguss|56\/100|[from] item: Sitrus Berry\n|-damage|p1a: steel birb|8\/100|[from] Recoil\n|move|p2a: Amoonguss|Spore|p1a: steel birb\n|-status|p1a: steel birb|slp|[from] move: Spore\n|\n|upkeep\n|turn|8\n|c|\u2606Topperlecat|These sleep turns suck lmao\n|\n|t:|1682098513\n|switch|p2a: Iron Bundle|Iron Bundle, L50|100\/100\n|-enditem|p2a: Iron Bundle|Booster Energy\n|-activate|p2a: Iron Bundle|ability: Quark Drive|[fromitem]\n|-start|p2a: Iron Bundle|quarkdrivespe\n|move|p2b: Dragonite|Extreme Speed|p1b: hear me out\n|-resisted|p1b: hear me out\n|-damage|p1b: hear me out|76\/100 slp\n|cant|p1b: hear me out|slp\n|cant|p1a: steel birb|slp\n|\n|upkeep\n|turn|9\n|c|\u2606dman12352|lol fr\n|\n|t:|1682098530\n|switch|p2b: Amoonguss|Amoonguss, L50, M|89\/100\n|move|p2a: Iron Bundle|Icy Wind|p1a: steel birb|[spread] p1a,p1b\n|-resisted|p1b: hear me out\n|-damage|p1a: steel birb|0 fnt\n|-damage|p1b: hear me out|67\/100 slp\n|-unboost|p1b: hear me out|spe|1\n|faint|p1a: steel birb\n|cant|p1b: hear me out|slp\n|\n|-sideend|p1: Topperlecat|Reflect\n|upkeep\n|\n|t:|1682098548\n|switch|p1a: better incin|Iron Hands, L50|100\/100\n|turn|10\n|inactive|Topperlecat has 30 seconds left.\n|\n|t:|1682098577\n|move|p2a: Iron Bundle|Protect|p2a: Iron Bundle\n|-singleturn|p2a: Iron Bundle|Protect\n|move|p2b: Amoonguss|Protect|p2b: Amoonguss\n|-singleturn|p2b: Amoonguss|Protect\n|-curestatus|p1b: hear me out|slp|[msg]\n|move|p1b: hear me out|Light Screen|p1b: hear me out\n|-sidestart|p1: Topperlecat|move: Light Screen\n|move|p1a: better incin|Drain Punch|p2a: Iron Bundle\n|-activate|p2a: Iron Bundle|move: Protect\n|\n|upkeep\n|turn|11\n|inactive|dman12352 has 30 seconds left.\n|\n|t:|1682098610\n|-end|p2a: Iron Bundle|Quark Drive|[silent]\n|switch|p2a: Dragonite|Dragonite, L50, F, shiny, tera:Normal|81\/100\n|switch|p1b: beyblade|Glimmora, L50, F|100\/100\n|-terastallize|p1a: better incin|Grass\n|move|p1a: better incin|Drain Punch|p2a: Dragonite\n|-supereffective|p2a: Dragonite\n|-damage|p2a: Dragonite|0 fnt\n|faint|p2a: Dragonite\n|move|p2b: Amoonguss|Pollen Puff|p2: Dragonite|[notarget]\n|-fail|p2b: Amoonguss\n|\n|upkeep\n|c|\u2606dman12352|that did 40 with mutliscale lol\n|c|\u2606dman12352|that was a roll too\n|\n|t:|1682098632\n|switch|p2a: Iron Bundle|Iron Bundle, L50|100\/100\n|turn|12\n|c|\u2606Topperlecat|Damn\n|inactive|dman12352 has 30 seconds left.\n|inactive|dman12352 has 20 seconds left.\n|c|\u2606dman12352|You got unlucky with sleep I got super unlucky with rolls lol\n|inactive|dman12352 has 15 seconds left.\n|c|\u2606Topperlecat|yeah lol\n|\n|t:|1682098676\n|-end|p1a: better incin|Quark Drive|[silent]\n|switch|p1a: hear me out|Klefki, L50, F|67\/100\n|move|p2a: Iron Bundle|Icy Wind|p1b: beyblade|[spread] p1a,p1b\n|-resisted|p1a: hear me out\n|-damage|p1a: hear me out|62\/100\n|-damage|p1b: beyblade|83\/100\n|-unboost|p1a: hear me out|spe|1\n|-unboost|p1b: beyblade|spe|1\n|move|p1b: beyblade|Power Gem|p2a: Iron Bundle\n|-supereffective|p2a: Iron Bundle\n|-damage|p2a: Iron Bundle|0 fnt\n|faint|p2a: Iron Bundle\n|-end|p2a: Iron Bundle|Quark Drive|[silent]\n|move|p2b: Amoonguss|Pollen Puff|p1a: hear me out\n|-resisted|p1a: hear me out\n|-damage|p1a: hear me out|60\/100\n|\n|upkeep\n|turn|13\n|inactive|dman12352 has 30 seconds left.\n|c|\u2606dman12352|i hope you know\n|c|\u2606dman12352|anyone else\n|c|\u2606dman12352|protects there\n|inactive|dman12352 has 20 seconds left.\n|c|\u2606Topperlecat|yeh lol\n|inactive|dman12352 has 15 seconds left.\n|c|\u2606Topperlecat|I'm a little bit insane\n|inactive|dman12352 has 10 seconds left.\n|-message|dman12352 forfeited.\n|\n|win|Topperlecat\n|c|\u2606dman12352|little bit\n|c|\u2606Topperlecat|U couldn't kill glimm anyway so I don't see the point\n|c|\u2606Topperlecat|Cause I always kill bundle there\n|c|\u2606dman12352|I coulda put it to sleep\n|c|\u2606dman12352|spore the glimm\n|c|\u2606dman12352|protect bundle\n|c|\u2606Topperlecat|Even then u can't kill 3 mons with amoonguss\n|c|\u2606dman12352|anyone else does that\n|c|\u2606Topperlecat|Rly?\n|c|\u2606Topperlecat|I just don't see the point of that\n|c|\u2606dman12352|no bc switching hands out basically lost that if i do that\n|c|\u2606dman12352|like If I do that and you switch hadns you lose\n","uploadtime":1682098803,"views":12,"p1id":"topperlecat","p2id":"dman12352","formatid":"gen9vgc2023regulationc","rating":0,"private":0,"password":""}