{"id":"gen9vgc2023regulationc-1859633326","p1":"Jayseeee","p2":"Wawesome","format":"[Gen 9] VGC 2023 Regulation C","log":"|j|\u2606Jayseeee\n|j|\u2606Wawesome\n|t:|1683551032\n|gametype|doubles\n|player|p1|Jayseeee|bellelba|1568\n|player|p2|Wawesome|266|1588\n|teamsize|p1|6\n|teamsize|p2|6\n|gen|9\n|tier|[Gen 9] VGC 2023 Regulation C\n|rated|\n|rule|Species Clause: Limit one of each Pok\u00e9mon\n|rule|Item Clause: Limit one of each item\n|clearpoke\n|poke|p1|Abomasnow, L50, F|\n|poke|p1|Iron Bundle, L50|\n|poke|p1|Flutter Mane, L50|\n|poke|p1|Iron Hands, L50|\n|poke|p1|Ting-Lu, L50|\n|poke|p1|Bronzong, L50|\n|poke|p2|Garganacl, L50, F|\n|poke|p2|Iron Bundle, L50|\n|poke|p2|Dragapult, L50, F|\n|poke|p2|Arcanine, L50, M|\n|poke|p2|Iron Hands, L50|\n|poke|p2|Flutter Mane, L50|\n|teampreview|4\n|\n|t:|1683551063\n|start\n|switch|p1a: Flutter Mane|Flutter Mane, L50|100\/100\n|switch|p1b: Iron Bundle|Iron Bundle, L50|100\/100\n|switch|p2a: Garganacl|Garganacl, L50, F|100\/100\n|switch|p2b: Flutter Mane|Flutter Mane, L50|100\/100\n|-enditem|p1b: Iron Bundle|Booster Energy\n|-activate|p1b: Iron Bundle|ability: Quark Drive|[fromitem]\n|-start|p1b: Iron Bundle|quarkdrivespe\n|turn|1\n|\n|t:|1683551094\n|-end|p1b: Iron Bundle|Quark Drive|[silent]\n|switch|p1b: Bronzong|Bronzong, L50|100\/100\n|-end|p1a: Flutter Mane|Protosynthesis|[silent]\n|switch|p1a: Ting-Lu|Ting-Lu, L50|100\/100\n|-ability|p1a: Ting-Lu|Vessel of Ruin\n|-terastallize|p2b: Flutter Mane|Fairy\n|move|p2a: Garganacl|Protect|p2a: Garganacl\n|-singleturn|p2a: Garganacl|Protect\n|move|p2b: Flutter Mane|Dazzling Gleam|p1a: Ting-Lu|[spread] p1a,p1b\n|-supereffective|p1a: Ting-Lu\n|-resisted|p1b: Bronzong\n|-damage|p1a: Ting-Lu|31\/100\n|-damage|p1b: Bronzong|81\/100\n|\n|upkeep\n|turn|2\n|j| helloheyyolol\n|j| shanehuang99\n|\n|t:|1683551123\n|-end|p2b: Flutter Mane|Protosynthesis|[silent]\n|switch|p2b: Arcanine|Arcanine, L50, M|100\/100\n|-ability|p2b: Arcanine|Intimidate|boost\n|-unboost|p1a: Ting-Lu|atk|1\n|-unboost|p1b: Bronzong|atk|1\n|move|p2a: Garganacl|Salt Cure|p1b: Bronzong\n|-resisted|p1b: Bronzong\n|-damage|p1b: Bronzong|75\/100\n|-start|p1b: Bronzong|Salt Cure\n|move|p1a: Ting-Lu|Earthquake|p2a: Garganacl|[spread] p2a,p2b\n|-immune|p1b: Bronzong|[from] ability: Levitate\n|-supereffective|p2a: Garganacl\n|-supereffective|p2b: Arcanine\n|-crit|p2b: Arcanine\n|-damage|p2a: Garganacl|53\/100\n|-damage|p2b: Arcanine|0 fnt\n|faint|p2b: Arcanine\n|move|p1b: Bronzong|Gyro Ball|p2a: Garganacl\n|-supereffective|p2a: Garganacl\n|-damage|p2a: Garganacl|41\/100\n|\n|-heal|p2a: Garganacl|46\/100|[from] item: Leftovers\n|-damage|p1b: Bronzong|50\/100|[from] Salt Cure\n|upkeep\n|j| EnrolledAgent\n|l| helloheyyolol\n|\n|t:|1683551164\n|switch|p2b: Flutter Mane|Flutter Mane, L50, tera:Fairy|100\/100\n|turn|3\n|\n|t:|1683551177\n|move|p2b: Flutter Mane|Dazzling Gleam|p1a: Ting-Lu|[spread] p1a,p1b\n|-supereffective|p1a: Ting-Lu\n|-resisted|p1b: Bronzong\n|-damage|p1a: Ting-Lu|0 fnt\n|-damage|p1b: Bronzong|34\/100\n|faint|p1a: Ting-Lu\n|move|p2a: Garganacl|Recover|p2a: Garganacl\n|-heal|p2a: Garganacl|97\/100\n|move|p1b: Bronzong|Gyro Ball|p2b: Flutter Mane\n|-supereffective|p2b: Flutter Mane\n|-damage|p2b: Flutter Mane|9\/100\n|\n|-heal|p2a: Garganacl|100\/100|[from] item: Leftovers\n|-damage|p1b: Bronzong|9\/100|[from] Salt Cure\n|upkeep\n|\n|t:|1683551218\n|switch|p1a: Iron Bundle|Iron Bundle, L50|100\/100\n|turn|4\n|\n|t:|1683551274\n|-end|p2b: Flutter Mane|Protosynthesis|[silent]\n|switch|p2b: Iron Hands|Iron Hands, L50|100\/100\n|move|p1a: Iron Bundle|Freeze-Dry|p2b: Iron Hands\n|-damage|p2b: Iron Hands|81\/100\n|move|p2a: Garganacl|Salt Cure|p1a: Iron Bundle\n|-supereffective|p1a: Iron Bundle\n|-crit|p1a: Iron Bundle\n|-damage|p1a: Iron Bundle|55\/100\n|-start|p1a: Iron Bundle|Salt Cure\n|move|p1b: Bronzong|Safeguard|p1b: Bronzong\n|-sidestart|p1: Jayseeee|Safeguard\n|\n|-damage|p1a: Iron Bundle|30\/100|[from] Salt Cure\n|-damage|p1b: Bronzong|0 fnt|[from] Salt Cure\n|faint|p1b: Bronzong\n|upkeep\n|\n|t:|1683551287\n|switch|p1b: Flutter Mane|Flutter Mane, L50|100\/100\n|turn|5\n|\n|t:|1683551302\n|-terastallize|p1b: Flutter Mane|Fairy\n|move|p2b: Iron Hands|Fake Out|p1a: Iron Bundle\n|-damage|p1a: Iron Bundle|13\/100\n|cant|p1a: Iron Bundle|flinch\n|move|p1b: Flutter Mane|Moonblast|p2b: Iron Hands\n|-supereffective|p2b: Iron Hands\n|-damage|p2b: Iron Hands|0 fnt\n|faint|p2b: Iron Hands\n|-end|p2b: Iron Hands|Quark Drive|[silent]\n|move|p2a: Garganacl|Salt Cure|p1b: Flutter Mane\n|-crit|p1b: Flutter Mane\n|-damage|p1b: Flutter Mane|71\/100\n|-start|p1b: Flutter Mane|Salt Cure\n|\n|-damage|p1a: Iron Bundle|0 fnt|[from] Salt Cure\n|faint|p1a: Iron Bundle\n|-end|p1a: Iron Bundle|Quark Drive|[silent]\n|-damage|p1b: Flutter Mane|59\/100|[from] Salt Cure\n|upkeep\n|\n|t:|1683551318\n|switch|p2b: Flutter Mane|Flutter Mane, L50, tera:Fairy|9\/100\n|turn|6\n|\n|t:|1683551324\n|move|p1b: Flutter Mane|Moonblast|p2b: Flutter Mane\n|-damage|p2b: Flutter Mane|0 fnt\n|faint|p2b: Flutter Mane\n|-end|p2b: Flutter Mane|Protosynthesis|[silent]\n|move|p2a: Garganacl|Salt Cure|p1b: Flutter Mane\n|-damage|p1b: Flutter Mane|39\/100\n|\n|-damage|p1b: Flutter Mane|27\/100|[from] Salt Cure\n|upkeep\n|turn|7\n|\n|t:|1683551333\n|move|p2a: Garganacl|Protect|p2a: Garganacl\n|-singleturn|p2a: Garganacl|Protect\n|move|p1b: Flutter Mane|Moonblast|p2a: Garganacl\n|-activate|p2a: Garganacl|move: Protect\n|\n|-damage|p1b: Flutter Mane|15\/100|[from] Salt Cure\n|upkeep\n|turn|8\n|\n|t:|1683551340\n|move|p1b: Flutter Mane|Moonblast|p2a: Garganacl\n|-damage|p2a: Garganacl|26\/100\n|move|p2a: Garganacl|Recover|p2a: Garganacl\n|-heal|p2a: Garganacl|76\/100\n|\n|-heal|p2a: Garganacl|82\/100|[from] item: Leftovers\n|-damage|p1b: Flutter Mane|3\/100|[from] Salt Cure\n|-sideend|p1: Jayseeee|Safeguard\n|upkeep\n|turn|9\n|\n|t:|1683551346\n|move|p2a: Garganacl|Protect|p2a: Garganacl\n|-singleturn|p2a: Garganacl|Protect\n|move|p1b: Flutter Mane|Moonblast|p2a: Garganacl\n|-activate|p2a: Garganacl|move: Protect\n|\n|-heal|p2a: Garganacl|88\/100|[from] item: Leftovers\n|-damage|p1b: Flutter Mane|0 fnt|[from] Salt Cure\n|faint|p1b: Flutter Mane\n|-end|p1b: Flutter Mane|Protosynthesis|[silent]\n|\n|win|Wawesome\n|upkeep\n|raw|Jayseeee's rating: 1568 → 1549<\/strong> (-19 for losing)\n|raw|Wawesome's rating: 1588 → 1607<\/strong> (+19 for winning)\n|l|\u2606Jayseeee\n|l| shanehuang99\n","uploadtime":1683551620,"views":6,"p1id":"jayseeee","p2id":"wawesome","formatid":"gen9vgc2023regulationc","rating":1549,"private":0,"password":""}