{"id":"gen9vgc2023regulationc-1857430627","p1":"s2chan","p2":"boelie26","format":"[Gen 9] VGC 2023 Regulation C","log":"|j|\u2606s2chan\n|j|\u2606boelie26\n|t:|1683191978\n|gametype|doubles\n|player|p1|s2chan|ingo|1444\n|player|p2|boelie26|102|1494\n|teamsize|p1|6\n|teamsize|p2|6\n|gen|9\n|tier|[Gen 9] VGC 2023 Regulation C\n|rated|\n|rule|Species Clause: Limit one of each Pok\u00e9mon\n|rule|Item Clause: Limit one of each item\n|clearpoke\n|poke|p1|Chi-Yu, L50|\n|poke|p1|Wo-Chien, L50|\n|poke|p1|Flutter Mane, L50|\n|poke|p1|Murkrow, L50, M|\n|poke|p1|Kingambit, L50, M|\n|poke|p1|Sandy Shocks, L50|\n|poke|p2|Ting-Lu, L50|\n|poke|p2|Annihilape, L50, M|\n|poke|p2|Corviknight, L50, M|\n|poke|p2|Iron Moth, L50|\n|poke|p2|Grimmsnarl, L50, M|\n|poke|p2|Gholdengo, L50|\n|teampreview|4\n|inactive|Battle timer is ON: inactive players will automatically lose when time's up. (requested by boelie26)\n|inactive|boelie26 has 60 seconds left.\n|\n|t:|1683192028\n|start\n|switch|p1a: Flutter Mane|Flutter Mane, L50|100\/100\n|switch|p1b: Kingambit|Kingambit, L50, M|100\/100\n|switch|p2a: Ting-Lu|Ting-Lu, L50|100\/100\n|switch|p2b: Corviknight|Corviknight, L50, M|100\/100\n|-ability|p2a: Ting-Lu|Vessel of Ruin\n|turn|1\n|inactive|s2chan has 30 seconds left.\n|inactive|boelie26 has 30 seconds left.\n|inactive|s2chan has 20 seconds left.\n|inactive|boelie26 has 20 seconds left.\n|inactive|s2chan has 15 seconds left.\n|inactive|s2chan has 10 seconds left.\n|\n|t:|1683192074\n|-end|p1a: Flutter Mane|Protosynthesis|[silent]\n|switch|p1a: Sandy Shocks|Sandy Shocks, L50|100\/100\n|-enditem|p1a: Sandy Shocks|Booster Energy\n|-activate|p1a: Sandy Shocks|ability: Protosynthesis|[fromitem]\n|-start|p1a: Sandy Shocks|protosynthesisspa\n|-terastallize|p1b: Kingambit|Water\n|move|p2b: Corviknight|Tailwind|p2b: Corviknight\n|-sidestart|p2: boelie26|move: Tailwind\n|move|p2a: Ting-Lu|Earthquake|p1b: Kingambit|[spread] p1a,p1b\n|-immune|p2b: Corviknight\n|-supereffective|p1a: Sandy Shocks\n|-damage|p1a: Sandy Shocks|23\/100\n|-damage|p1b: Kingambit|72\/100\n|move|p1b: Kingambit|Tera Blast|p2a: Ting-Lu\n|-supereffective|p2a: Ting-Lu\n|-damage|p2a: Ting-Lu|45\/100\n|\n|upkeep\n|turn|2\n|inactive|s2chan has 30 seconds left.\n|inactive|boelie26 has 30 seconds left.\n|\n|t:|1683192103\n|move|p2b: Corviknight|Brave Bird|p1b: Kingambit\n|-damage|p1b: Kingambit|41\/100\n|-damage|p2b: Corviknight|90\/100|[from] Recoil\n|move|p1a: Sandy Shocks|Thunderbolt|p2b: Corviknight\n|-supereffective|p2b: Corviknight\n|-damage|p2b: Corviknight|7\/100\n|-status|p2b: Corviknight|par\n|-enditem|p2b: Corviknight|Lum Berry|[eat]\n|-curestatus|p2b: Corviknight|par|[msg]\n|move|p2a: Ting-Lu|Earthquake|p1b: Kingambit|[spread] p1a,p1b\n|-immune|p2b: Corviknight\n|-supereffective|p1a: Sandy Shocks\n|-damage|p1a: Sandy Shocks|0 fnt\n|-damage|p1b: Kingambit|15\/100\n|faint|p1a: Sandy Shocks\n|-end|p1a: Sandy Shocks|Protosynthesis|[silent]\n|move|p1b: Kingambit|Tera Blast|p2a: Ting-Lu\n|-supereffective|p2a: Ting-Lu\n|-damage|p2a: Ting-Lu|0 fnt\n|faint|p2a: Ting-Lu\n|\n|upkeep\n|\n|t:|1683192124\n|switch|p1a: Chi-Yu|Chi-Yu, L50|100\/100\n|switch|p2a: Iron Moth|Iron Moth, L50|100\/100\n|-ability|p1a: Chi-Yu|Beads of Ruin\n|-enditem|p2a: Iron Moth|Booster Energy\n|-activate|p2a: Iron Moth|ability: Quark Drive|[fromitem]\n|-start|p2a: Iron Moth|quarkdrivespa\n|turn|3\n|\n|t:|1683192141\n|move|p1b: Kingambit|Sucker Punch|p2a: Iron Moth\n|-damage|p2a: Iron Moth|30\/100\n|move|p2a: Iron Moth|Sludge Wave|p1a: Chi-Yu|[spread] p1a,p1b\n|-immune|p2b: Corviknight\n|-damage|p1a: Chi-Yu|42\/100\n|-damage|p1b: Kingambit|0 fnt\n|-status|p1a: Chi-Yu|psn\n|faint|p1b: Kingambit\n|move|p2b: Corviknight|Roost|p2b: Corviknight\n|-heal|p2b: Corviknight|57\/100\n|-singleturn|p2b: Corviknight|move: Roost\n|move|p1a: Chi-Yu|Snarl|p2a: Iron Moth|[spread] p2b\n|-miss|p1a: Chi-Yu|p2a: Iron Moth\n|-damage|p2b: Corviknight|19\/100\n|-ability|p2b: Corviknight|Mirror Armor\n|-unboost|p1a: Chi-Yu|spa|1\n|-damage|p1a: Chi-Yu|33\/100 psn|[from] item: Life Orb\n|\n|-damage|p1a: Chi-Yu|20\/100 psn|[from] psn\n|upkeep\n|\n|t:|1683192157\n|switch|p1b: Flutter Mane|Flutter Mane, L50|100\/100\n|turn|4\n|\n|t:|1683192168\n|move|p1a: Chi-Yu|Protect|p1a: Chi-Yu\n|-singleturn|p1a: Chi-Yu|Protect\n|move|p2a: Iron Moth|Sludge Wave|p1b: Flutter Mane|[spread] p1b\n|-activate|p1a: Chi-Yu|move: Protect\n|-immune|p2b: Corviknight\n|-damage|p1b: Flutter Mane|31\/100\n|-status|p1b: Flutter Mane|psn\n|move|p2b: Corviknight|Roost|p2b: Corviknight\n|-heal|p2b: Corviknight|69\/100\n|-singleturn|p2b: Corviknight|move: Roost\n|move|p1b: Flutter Mane|Shadow Ball|p2a: Iron Moth\n|-damage|p2a: Iron Moth|0 fnt\n|faint|p2a: Iron Moth\n|-end|p2a: Iron Moth|Quark Drive|[silent]\n|\n|-damage|p1b: Flutter Mane|19\/100 psn|[from] psn\n|-damage|p1a: Chi-Yu|8\/100 psn|[from] psn\n|-sideend|p2: boelie26|move: Tailwind\n|upkeep\n|\n|t:|1683192185\n|switch|p2a: Grimmsnarl|Grimmsnarl, L50, M|100\/100\n|turn|5\n|\n|t:|1683192202\n|-terastallize|p2a: Grimmsnarl|Steel\n|move|p2a: Grimmsnarl|Fake Out|p1a: Chi-Yu\n|-damage|p1a: Chi-Yu|0 fnt\n|faint|p1a: Chi-Yu\n|move|p1b: Flutter Mane|Shadow Ball|p2b: Corviknight\n|-damage|p2b: Corviknight|7\/100\n|-ability|p2b: Corviknight|Mirror Armor\n|-unboost|p1b: Flutter Mane|spd|1\n|move|p2b: Corviknight|Roost|p2b: Corviknight\n|-heal|p2b: Corviknight|58\/100\n|-singleturn|p2b: Corviknight|move: Roost\n|\n|-damage|p1b: Flutter Mane|7\/100 psn|[from] psn\n|upkeep\n|turn|6\n|\n|t:|1683192220\n|move|p1b: Flutter Mane|Shadow Ball|p2b: Corviknight\n|-damage|p2b: Corviknight|0 fnt\n|faint|p2b: Corviknight\n|move|p2a: Grimmsnarl|Spirit Break|p1b: Flutter Mane\n|-damage|p1b: Flutter Mane|0 fnt\n|faint|p1b: Flutter Mane\n|-end|p1b: Flutter Mane|Protosynthesis|[silent]\n|\n|win|boelie26\n|raw|s2chan's rating: 1444 → 1427<\/strong> (-17 for losing)\n|raw|boelie26's rating: 1494 → 1511<\/strong> (+17 for winning)\n|c|\u2606boelie26|gg\n","uploadtime":1683192228,"views":11,"p1id":"s2chan","p2id":"boelie26","formatid":"gen9vgc2023regulationc","rating":1427,"private":0,"password":""}