{"id":"gen9vgc2023regulationc-1863860737","p1":"nickfang6","p2":"Missed Ledgedash","format":"[Gen 9] VGC 2023 Regulation C","log":"|j|\u2606nickfang6\n|j|\u2606Missed Ledgedash\n|t:|1684086509\n|gametype|doubles\n|player|p1|nickfang6|101|1451\n|player|p2|Missed Ledgedash|juan-gen3|1410\n|teamsize|p1|6\n|teamsize|p2|6\n|gen|9\n|tier|[Gen 9] VGC 2023 Regulation C\n|rated|\n|rule|Species Clause: Limit one of each Pok\u00e9mon\n|rule|Item Clause: Limit one of each item\n|clearpoke\n|poke|p1|Flutter Mane, L50|\n|poke|p1|Great Tusk, L50|\n|poke|p1|Iron Bundle, L50|\n|poke|p1|Kingambit, L50, F|\n|poke|p1|Abomasnow, L50, M|\n|poke|p1|Chien-Pao, L50|\n|poke|p2|Flutter Mane, L50|\n|poke|p2|Arcanine, L50, F|\n|poke|p2|Amoonguss, L50, F|\n|poke|p2|Palafin, L50, M|\n|poke|p2|Corviknight, L50, F|\n|poke|p2|Iron Hands, L50|\n|teampreview|4\n|inactive|Battle timer is ON: inactive players will automatically lose when time's up. (requested by nickfang6)\nMissed Ledgedash has agreed to open team sheets.\nnickfang6 has agreed to open team sheets.\n|inactive|nickfang6 has 60 seconds left.\n|inactive|Missed Ledgedash has 60 seconds left.\n|inactive|Missed Ledgedash has 30 seconds left.\n|inactive|Missed Ledgedash has 20 seconds left.\n|inactive|Missed Ledgedash has 15 seconds left.\n|\n|t:|1684086585\n|start\n|switch|p1a: Abomasnow|Abomasnow, L50, M|100\/100\n|switch|p1b: Iron Bundle|Iron Bundle, L50|100\/100\n|switch|p2a: Palafin|Palafin, L50, M|100\/100\n|switch|p2b: Iron Hands|Iron Hands, L50|100\/100\n|-weather|Snow|[from] ability: Snow Warning|[of] p1a: Abomasnow\n|turn|1\n|\n|t:|1684086608\n|-end|p1b: Iron Bundle|Quark Drive|[silent]\n|switch|p1b: Great Tusk|Great Tusk, L50|100\/100\n|detailschange|p2a: Palafin|Palafin-Hero, L50, M\n|switch|p2a: Maurice|Arcanine, L50, F|100\/100\n|-ability|p2a: Maurice|Intimidate|boost\n|-unboost|p1a: Abomasnow|atk|1\n|-unboost|p1b: Great Tusk|atk|1\n|move|p1a: Abomasnow|Aurora Veil|p1a: Abomasnow\n|-sidestart|p1: nickfang6|move: Aurora Veil\n|move|p2b: Iron Hands|Drain Punch|p1b: Great Tusk\n|-damage|p1b: Great Tusk|78\/100\n|\n|-weather|Snow|[upkeep]\n|upkeep\n|turn|2\n|\n|t:|1684086627\n|-end|p2b: Iron Hands|Quark Drive|[silent]\n|switch|p2b: Corviknight|Corviknight, L50, F|100\/100\n|move|p1a: Abomasnow|Helping Hand|p1b: Great Tusk\n|-singleturn|p1b: Great Tusk|Helping Hand|[of] p1a: Abomasnow\n|move|p1b: Great Tusk|Earthquake|p2b: Corviknight|[spread] p1a,p2a\n|-immune|p2b: Corviknight\n|-resisted|p1a: Abomasnow\n|-supereffective|p2a: Maurice\n|-damage|p1a: Abomasnow|91\/100\n|-damage|p2a: Maurice|10\/100\n|move|p2a: Maurice|Flare Blitz|p1a: Abomasnow\n|-supereffective|p1a: Abomasnow\n|-damage|p1a: Abomasnow|0 fnt\n|faint|p1a: Abomasnow\n|-damage|p2a: Maurice|0 fnt|[from] Recoil\n|faint|p2a: Maurice\n|\n|-weather|Snow|[upkeep]\n|upkeep\n|\n|t:|1684086648\n|switch|p2a: Iron Hands|Iron Hands, L50|100\/100\n|switch|p1a: Iron Bundle|Iron Bundle, L50|100\/100\n|turn|3\n|inactive|nickfang6 has 30 seconds left.\n|inactive|nickfang6 has 20 seconds left.\n|inactive|nickfang6 has 15 seconds left.\n|\n|t:|1684086692\n|-end|p1b: Great Tusk|Protosynthesis|[silent]\n|switch|p1b: Chien-Pao|Chien-Pao, L50|100\/100\n|-ability|p1b: Chien-Pao|Sword of Ruin\n|move|p2a: Iron Hands|Fake Out|p1b: Chien-Pao\n|-crit|p1b: Chien-Pao\n|-damage|p1b: Chien-Pao|78\/100\n|move|p1a: Iron Bundle|Blizzard|p2b: Corviknight|[spread] p2a,p2b\n|-damage|p2a: Iron Hands|68\/100\n|-damage|p2b: Corviknight|42\/100\n|move|p2b: Corviknight|Substitute|p2b: Corviknight\n|-start|p2b: Corviknight|Substitute\n|-damage|p2b: Corviknight|17\/100\n|\n|-weather|Snow|[upkeep]\n|-heal|p2b: Corviknight|23\/100|[from] item: Leftovers\n|upkeep\n|turn|4\n|\n|t:|1684086714\n|-terastallize|p1a: Iron Bundle|Ice\n|move|p1a: Iron Bundle|Blizzard|p2b: Corviknight|[spread] p2a,p2b\n|-end|p2b: Corviknight|Substitute\n|-damage|p2a: Iron Hands|25\/100\n|-status|p2a: Iron Hands|frz\n|move|p1b: Chien-Pao|Ice Spinner|p2a: Iron Hands\n|-damage|p2a: Iron Hands|0 fnt\n|faint|p2a: Iron Hands\n|-end|p2a: Iron Hands|Quark Drive|[silent]\n|move|p2b: Corviknight|Roost|p2b: Corviknight\n|-heal|p2b: Corviknight|74\/100\n|-singleturn|p2b: Corviknight|move: Roost\n|\n|-weather|Snow|[upkeep]\n|-heal|p2b: Corviknight|80\/100|[from] item: Leftovers\n|upkeep\n|\n|t:|1684086726\n|switch|p2a: Palafin|Palafin-Hero, L50, M|100\/100\n|-activate|p2a: Palafin|ability: Zero to Hero\n|turn|5\n|\n|t:|1684086744\n|-terastallize|p2b: Corviknight|Fire\n|move|p1a: Iron Bundle|Blizzard|p2a: Palafin|[spread] p2a,p2b\n|-resisted|p2a: Palafin\n|-resisted|p2b: Corviknight\n|-damage|p2a: Palafin|61\/100\n|-damage|p2b: Corviknight|36\/100\n|move|p1b: Chien-Pao|Ice Spinner|p2b: Corviknight\n|-resisted|p2b: Corviknight\n|-damage|p2b: Corviknight|13\/100\n|move|p2a: Palafin|Wave Crash|p1a: Iron Bundle\n|-damage|p1a: Iron Bundle|27\/100\n|-damage|p2a: Palafin|45\/100|[from] Recoil\n|move|p2b: Corviknight|Bulk Up|p2b: Corviknight\n|-boost|p2b: Corviknight|atk|1\n|-boost|p2b: Corviknight|def|1\n|\n|-weather|none\n|-heal|p2b: Corviknight|19\/100|[from] item: Leftovers\n|upkeep\n|turn|6\n|inactive|nickfang6 has 30 seconds left.\n|\n|t:|1684086775\n|move|p1b: Chien-Pao|Sucker Punch|p2a: Palafin\n|-damage|p2a: Palafin|7\/100\n|move|p2a: Palafin|Jet Punch|p1a: Iron Bundle\n|-damage|p1a: Iron Bundle|0 fnt\n|faint|p1a: Iron Bundle\n|-end|p1a: Iron Bundle|Quark Drive|[silent]\n|move|p2b: Corviknight|Roost|p2b: Corviknight\n|-heal|p2b: Corviknight|70\/100\n|\n|-heal|p2b: Corviknight|76\/100|[from] item: Leftovers\n|upkeep\n|\n|t:|1684086782\n|switch|p1a: Great Tusk|Great Tusk, L50|78\/100\n|turn|7\n|\n|t:|1684086794\n|move|p1b: Chien-Pao|Sucker Punch|p2a: Palafin\n|-damage|p2a: Palafin|0 fnt\n|faint|p2a: Palafin\n|move|p1a: Great Tusk|Headlong Rush|p2b: Corviknight\n|-supereffective|p2b: Corviknight\n|-crit|p2b: Corviknight\n|-damage|p2b: Corviknight|0 fnt\n|-unboost|p1a: Great Tusk|def|1\n|-unboost|p1a: Great Tusk|spd|1\n|faint|p2b: Corviknight\n|\n|win|nickfang6\n|raw|nickfang6's rating: 1451 → 1469<\/strong> (+18 for winning)\n|raw|Missed Ledgedash's rating: 1410 → 1392<\/strong> (-18 for losing)\n","uploadtime":1684086807,"views":13,"p1id":"nickfang6","p2id":"missedledgedash","formatid":"gen9vgc2023regulationc","rating":1392,"private":0,"password":""}