{"id":"gen9vgc2023regulationc-1862858344","p1":"zeth886","p2":"SM0KESgirl","format":"[Gen 9] VGC 2023 Regulation C","log":"|j|\u2606zeth886\n|j|\u2606SM0KESgirl\n|t:|1683930135\n|gametype|doubles\n|player|p1|zeth886|101|1227\n|player|p2|SM0KESgirl|rosa|1289\n|teamsize|p1|6\n|teamsize|p2|6\n|gen|9\n|tier|[Gen 9] VGC 2023 Regulation C\n|rated|\n|rule|Species Clause: Limit one of each Pok\u00e9mon\n|rule|Item Clause: Limit one of each item\n|clearpoke\n|poke|p1|Chien-Pao, L50|\n|poke|p1|Dragonite, L50, M|\n|poke|p1|Gengar, L50, F|\n|poke|p1|Chi-Yu, L50|\n|poke|p1|Scizor, L50, F|\n|poke|p1|Gyarados, L50, M|\n|poke|p2|Gholdengo, L50|\n|poke|p2|Murkrow, L50, F|\n|poke|p2|Baxcalibur, L50, M|\n|poke|p2|Annihilape, L50, M|\n|poke|p2|Flutter Mane, L50|\n|poke|p2|Amoonguss, L50, M|\n|teampreview|4\n|j| lunartico_yt\n|l| lunartico_yt\n|\n|t:|1683930166\n|start\n|switch|p1a: Chi-Yu|Chi-Yu, L50|100\/100\n|switch|p1b: Gengar|Gengar, L50, F|100\/100\n|switch|p2a: Murkrow|Murkrow, L50, F|100\/100\n|switch|p2b: Gholdengo|Gholdengo, L50|100\/100\n|-ability|p1a: Chi-Yu|Beads of Ruin\n|turn|1\n|inactive|Battle timer is ON: inactive players will automatically lose when time's up. (requested by SM0KESgirl)\n|\n|t:|1683930201\n|switch|p2b: Baxcalibur|Baxcalibur, L50, M|100\/100\n|move|p2a: Murkrow|Tailwind|p2a: Murkrow\n|-sidestart|p2: SM0KESgirl|move: Tailwind\n|move|p1b: Gengar|Icy Wind|p2a: Murkrow|[spread] p2a,p2b\n|-supereffective|p2a: Murkrow\n|-crit|p2b: Baxcalibur\n|-damage|p2a: Murkrow|59\/100\n|-damage|p2b: Baxcalibur|82\/100\n|-unboost|p2a: Murkrow|spe|1\n|-unboost|p2b: Baxcalibur|spe|1\n|move|p1a: Chi-Yu|Heat Wave|p2a: Murkrow|[spread] p2b\n|-miss|p1a: Chi-Yu|p2a: Murkrow\n|-damage|p2b: Baxcalibur|35\/100\n|-ability|p2b: Baxcalibur|Thermal Exchange|boost\n|-boost|p2b: Baxcalibur|atk|1\n|\n|upkeep\n|turn|2\n|\n|t:|1683930223\n|move|p2a: Murkrow|Haze|p2a: Murkrow\n|-clearallboost\n|move|p1b: Gengar|Icy Wind|p2b: Baxcalibur|[spread] p2a,p2b\n|-supereffective|p2a: Murkrow\n|-crit|p2a: Murkrow\n|-damage|p2a: Murkrow|0 fnt\n|-damage|p2b: Baxcalibur|22\/100\n|-unboost|p2b: Baxcalibur|spe|1\n|faint|p2a: Murkrow\n|move|p1a: Chi-Yu|Heat Wave|p2b: Baxcalibur\n|-damage|p2b: Baxcalibur|0 fnt\n|faint|p2b: Baxcalibur\n|\n|upkeep\n|inactive|SM0KESgirl has 30 seconds left.\n|\n|t:|1683930258\n|switch|p2a: Gholdengo|Gholdengo, L50|100\/100\n|switch|p2b: Annihilape|Annihilape, L50, M|100\/100\n|turn|3\n|\n|t:|1683930273\n|-terastallize|p2a: Gholdengo|Water\n|move|p2b: Annihilape|Protect|p2b: Annihilape\n|-singleturn|p2b: Annihilape|Protect\n|move|p1b: Gengar|Icy Wind|p2a: Gholdengo|[spread] p2a\n|-activate|p2b: Annihilape|move: Protect\n|-resisted|p2a: Gholdengo\n|-damage|p2a: Gholdengo|91\/100\n|-unboost|p2a: Gholdengo|spe|1\n|move|p1a: Chi-Yu|Heat Wave|p2a: Gholdengo|[spread] p2a\n|-activate|p2b: Annihilape|move: Protect\n|-resisted|p2a: Gholdengo\n|-damage|p2a: Gholdengo|48\/100\n|move|p2a: Gholdengo|Make It Rain|p1a: Chi-Yu|[spread] p1a,p1b\n|-resisted|p1a: Chi-Yu\n|-damage|p1a: Chi-Yu|52\/100\n|-damage|p1b: Gengar|0 fnt\n|-unboost|p2a: Gholdengo|spa|1\n|faint|p1b: Gengar\n|\n|upkeep\n|inactive|zeth886 has 30 seconds left.\n|\n|t:|1683930299\n|switch|p1b: Scizor|Scizor, L50, F|100\/100\n|turn|4\n|\n|t:|1683930318\n|move|p2b: Annihilape|Drain Punch|p1b: Scizor\n|-damage|p1b: Scizor|70\/100\n|move|p1a: Chi-Yu|Heat Wave|p2a: Gholdengo|[spread] p2a\n|-miss|p1a: Chi-Yu|p2b: Annihilape\n|-resisted|p2a: Gholdengo\n|-damage|p2a: Gholdengo|10\/100\n|move|p2a: Gholdengo|Make It Rain|p1a: Chi-Yu|[spread] p1a,p1b\n|-resisted|p1a: Chi-Yu\n|-resisted|p1b: Scizor\n|-damage|p1a: Chi-Yu|23\/100\n|-damage|p1b: Scizor|28\/100\n|-unboost|p2a: Gholdengo|spa|1\n|move|p1b: Scizor|Pounce|p2b: Annihilape\n|-resisted|p2b: Annihilape\n|-damage|p2b: Annihilape|88\/100\n|-unboost|p2b: Annihilape|spe|1\n|-damage|p1b: Scizor|18\/100|[from] item: Life Orb\n|\n|-heal|p2b: Annihilape|94\/100|[from] item: Leftovers\n|-sideend|p2: SM0KESgirl|move: Tailwind\n|upkeep\n|turn|5\n|inactive|zeth886 has 30 seconds left.\n|inactive|SM0KESgirl has 30 seconds left.\n|inactive|SM0KESgirl has 20 seconds left.\n|inactive|SM0KESgirl has 15 seconds left.\n|\n|t:|1683930361\n|move|p1a: Chi-Yu|Heat Wave|p2b: Annihilape|[spread] p2a\n|-miss|p1a: Chi-Yu|p2b: Annihilape\n|-resisted|p2a: Gholdengo\n|-damage|p2a: Gholdengo|0 fnt\n|faint|p2a: Gholdengo\n|move|p1b: Scizor|Pounce|p2b: Annihilape\n|-resisted|p2b: Annihilape\n|-damage|p2b: Annihilape|81\/100\n|-unboost|p2b: Annihilape|spe|1\n|-damage|p1b: Scizor|9\/100|[from] item: Life Orb\n|move|p2b: Annihilape|Rage Fist|p1b: Scizor\n|-damage|p1b: Scizor|0 fnt\n|faint|p1b: Scizor\n|\n|-heal|p2b: Annihilape|87\/100|[from] item: Leftovers\n|upkeep\n|inactive|zeth886 has 30 seconds left.\n|inactive|zeth886 has 20 seconds left.\n|inactive|zeth886 has 15 seconds left.\n|inactive|zeth886 has 10 seconds left.\n|\n|t:|1683930407\n|switch|p1b: Chien-Pao|Chien-Pao, L50|100\/100\n|-ability|p1b: Chien-Pao|Sword of Ruin\n|turn|6\n|inactive|SM0KESgirl has 30 seconds left.\n|inactive|SM0KESgirl has 20 seconds left.\n|inactive|SM0KESgirl has 15 seconds left.\n|\n|t:|1683930449\n|-terastallize|p1b: Chien-Pao|Dark\n|move|p1b: Chien-Pao|Crunch|p2b: Annihilape\n|-damage|p2b: Annihilape|17\/100\n|move|p1a: Chi-Yu|Heat Wave|p2b: Annihilape\n|-damage|p2b: Annihilape|0 fnt\n|faint|p2b: Annihilape\n|\n|win|zeth886\n|raw|zeth886's rating: 1227 → 1256<\/strong> (+29 for winning)\n|raw|SM0KESgirl's rating: 1289 → 1260<\/strong> (-29 for losing)\n|l|\u2606zeth886\n","uploadtime":1683930474,"views":8,"p1id":"zeth886","p2id":"sm0kesgirl","formatid":"gen9vgc2023regulationc","rating":1256,"private":0,"password":""}