{"id":"gen9vgc2023regulationc-1846265616","p1":"iSuReXx-","p2":"Joull","format":"[Gen 9] VGC 2023 Regulation C","log":"|j|\u2606iSuReXx-\n|j|\u2606Joull\n|t:|1681826816\n|gametype|doubles\n|player|p1|iSuReXx-|169|1056\n|player|p2|Joull|lance-gen3|1150\n|teamsize|p1|6\n|teamsize|p2|6\n|gen|9\n|tier|[Gen 9] VGC 2023 Regulation C\n|rated|\n|rule|Species Clause: Limit one of each Pok\u00e9mon\n|rule|Item Clause: Limit one of each item\n|clearpoke\n|poke|p1|Flutter Mane, L50|\n|poke|p1|Kingambit, L50, M|\n|poke|p1|Iron Bundle, L50|\n|poke|p1|Arcanine, L50, M|\n|poke|p1|Great Tusk, L50|\n|poke|p1|Corviknight, L50, F|\n|poke|p2|Arcanine, L50, M|\n|poke|p2|Lucario, L50, M|\n|poke|p2|Palafin, L50, M|\n|poke|p2|Flutter Mane, L50|\n|poke|p2|Chien-Pao, L50|\n|poke|p2|Amoonguss, L50, F|\n|teampreview|4\n|\n|t:|1681826862\n|start\n|switch|p1a: Corviknight|Corviknight, L50, F, shiny|100\/100\n|switch|p1b: Iron Bundle|Iron Bundle, L50|100\/100\n|switch|p2a: Vox|Lucario, L50, M|100\/100\n|switch|p2b: Phallus|Amoonguss, L50, F, shiny|100\/100\n|turn|1\n|\n|t:|1681826889\n|move|p1b: Iron Bundle|Protect|p1b: Iron Bundle\n|-singleturn|p1b: Iron Bundle|Protect\n|move|p2a: Vox|Aura Sphere|p1b: Iron Bundle\n|-activate|p1b: Iron Bundle|move: Protect\n|move|p1a: Corviknight|Bulk Up|p1a: Corviknight\n|-boost|p1a: Corviknight|atk|1\n|-boost|p1a: Corviknight|def|1\n|move|p2b: Phallus|Spore|p1a: Corviknight\n|-activate|p1a: Corviknight|item: Safety Goggles|Spore\n|\n|upkeep\n|turn|2\n|\n|t:|1681826941\n|-end|p1b: Iron Bundle|Quark Drive|[silent]\n|switch|p1b: Arcanine|Arcanine, L50, M|100\/100\n|-ability|p1b: Arcanine|Intimidate|boost\n|-fail|p2a: Vox|unboost|Attack|[from] ability: Inner Focus|[of] p2a: Vox\n|-unboost|p2b: Phallus|atk|1\n|move|p2a: Vox|Nasty Plot|p2a: Vox\n|-boost|p2a: Vox|spa|2\n|move|p1a: Corviknight|Brave Bird|p2b: Phallus\n|-supereffective|p2b: Phallus\n|-crit|p2b: Phallus\n|-damage|p2b: Phallus|0 fnt\n|faint|p2b: Phallus\n|-damage|p1a: Corviknight|62\/100|[from] Recoil\n|\n|upkeep\n|\n|t:|1681826958\n|switch|p2b: Trix|Flutter Mane, L50|100\/100\n|-enditem|p2b: Trix|Booster Energy\n|-activate|p2b: Trix|ability: Protosynthesis|[fromitem]\n|-start|p2b: Trix|protosynthesisspa\n|turn|3\n|\n|t:|1681826991\n|-terastallize|p2a: Vox|Water\n|move|p2b: Trix|Shadow Ball|p1b: Arcanine\n|-damage|p1b: Arcanine|44\/100\n|-enditem|p1b: Arcanine|Sitrus Berry|[eat]\n|-heal|p1b: Arcanine|69\/100|[from] item: Sitrus Berry\n|move|p1b: Arcanine|Flare Blitz|p2a: Vox\n|-resisted|p2a: Vox\n|-damage|p2a: Vox|61\/100\n|-damage|p1b: Arcanine|58\/100|[from] Recoil\n|move|p2a: Vox|Aura Sphere|p1a: Corviknight\n|-damage|p1a: Corviknight|0 fnt\n|faint|p1a: Corviknight\n|-damage|p2a: Vox|52\/100|[from] item: Life Orb\n|\n|upkeep\n|\n|t:|1681827013\n|switch|p1a: Flutter Mane|Flutter Mane, L50|100\/100\n|-enditem|p1a: Flutter Mane|Booster Energy\n|-activate|p1a: Flutter Mane|ability: Protosynthesis|[fromitem]\n|-start|p1a: Flutter Mane|protosynthesisspa\n|turn|4\n|\n|t:|1681827029\n|-terastallize|p1a: Flutter Mane|Grass\n|move|p2a: Vox|Bullet Punch|p1a: Flutter Mane\n|-crit|p1a: Flutter Mane\n|-damage|p1a: Flutter Mane|40\/100\n|-damage|p2a: Vox|42\/100|[from] item: Life Orb\n|move|p1a: Flutter Mane|Energy Ball|p2a: Vox\n|-supereffective|p2a: Vox\n|-damage|p2a: Vox|0 fnt\n|faint|p2a: Vox\n|move|p2b: Trix|Dazzling Gleam|p1b: Arcanine|[spread] p1a,p1b\n|-resisted|p1b: Arcanine\n|-damage|p1a: Flutter Mane|3\/100\n|-damage|p1b: Arcanine|39\/100\n|move|p1b: Arcanine|Snarl|p2b: Trix\n|-damage|p2b: Trix|91\/100\n|-unboost|p2b: Trix|spa|1\n|\n|upkeep\n|\n|t:|1681827044\n|switch|p2a: Poes|Chien-Pao, L50|100\/100\n|-ability|p2a: Poes|Sword of Ruin\n|turn|5\n|\n|t:|1681827063\n|move|p2a: Poes|Sucker Punch|p1a: Flutter Mane\n|-damage|p1a: Flutter Mane|0 fnt\n|faint|p1a: Flutter Mane\n|-end|p1a: Flutter Mane|Protosynthesis|[silent]\n|move|p2b: Trix|Shadow Ball|p1b: Arcanine\n|-damage|p1b: Arcanine|0 fnt\n|faint|p1b: Arcanine\n|\n|upkeep\n|\n|t:|1681827075\n|switch|p1a: Iron Bundle|Iron Bundle, L50|100\/100\n|turn|6\n|\n|t:|1681827084\n|move|p2a: Poes|Sucker Punch|p1a: Iron Bundle\n|-damage|p1a: Iron Bundle|49\/100\n|move|p1a: Iron Bundle|Icy Wind|p2a: Poes|[spread] p2a,p2b\n|-resisted|p2a: Poes\n|-damage|p2a: Poes|85\/100\n|-damage|p2b: Trix|74\/100\n|-unboost|p2a: Poes|spe|1\n|-unboost|p2b: Trix|spe|1\n|move|p2b: Trix|Shadow Ball|p1a: Iron Bundle\n|-damage|p1a: Iron Bundle|0 fnt\n|faint|p1a: Iron Bundle\n|-end|p1a: Iron Bundle|Quark Drive|[silent]\n|\n|win|Joull\n|raw|iSuReXx-'s rating: 1056 → 1042<\/strong> (-14 for losing)\n|raw|Joull's rating: 1150 → 1168<\/strong> (+18 for winning)\n|c|\u2606Joull|gg\n|c|\u2606iSuReXx-|gg\n|l|\u2606iSuReXx-\n","uploadtime":1681827194,"views":5,"p1id":"isurexx","p2id":"joull","formatid":"gen9vgc2023regulationc","rating":1042,"private":0,"password":""}