{"id":"gen9vgc2023regulationc-1857680992","p1":"Broskander","p2":"RichieihciR","format":"[Gen 9] VGC 2023 Regulation C","log":"|j|\u2606Broskander\n|j|\u2606RichieihciR\n|t:|1683221510\n|gametype|doubles\n|player|p1|Broskander|2|1161\n|player|p2|RichieihciR|alder|1081\n|teamsize|p1|6\n|teamsize|p2|6\n|gen|9\n|tier|[Gen 9] VGC 2023 Regulation C\n|rated|\n|rule|Species Clause: Limit one of each Pok\u00e9mon\n|rule|Item Clause: Limit one of each item\n|clearpoke\n|poke|p1|Amoonguss, L50, F|\n|poke|p1|Palafin, L50, F|\n|poke|p1|Ting-Lu, L50|\n|poke|p1|Arcanine, L50, M|\n|poke|p1|Grimmsnarl, L50, M|\n|poke|p1|Annihilape, L50, M|\n|poke|p2|Flutter Mane, L50|\n|poke|p2|Farigiraf, L50, M|\n|poke|p2|Dragonite, L50, M|\n|poke|p2|Chi-Yu, L50|\n|poke|p2|Medicham, L50, M|\n|poke|p2|Slaking, L50, F|\n|teampreview|4\n|inactive|Battle timer is ON: inactive players will automatically lose when time's up. (requested by RichieihciR)\n|\n|t:|1683221532\n|start\n|switch|p1a: Grimmsnarl|Grimmsnarl, L50, M|100\/100\n|switch|p1b: Palafin|Palafin, L50, F|100\/100\n|switch|p2a: Medicham|Medicham, L50, M|100\/100\n|switch|p2b: Slaking|Slaking, L50, F, shiny|100\/100\n|turn|1\n|\n|t:|1683221552\n|detailschange|p1b: Palafin|Palafin-Hero, L50, F\n|switch|p1b: Arcanine|Arcanine, L50, M|100\/100\n|-ability|p1b: Arcanine|Intimidate|boost\n|-unboost|p2a: Medicham|atk|1\n|-unboost|p2b: Slaking|atk|1\n|move|p1a: Grimmsnarl|Reflect|p1a: Grimmsnarl\n|-sidestart|p1: Broskander|Reflect\n|move|p2a: Medicham|Skill Swap|p2b: Slaking\n|-activate|p2a: Medicham|move: Skill Swap|||[of] p2b: Slaking\n|move|p2b: Slaking|Drain Punch|p1a: Grimmsnarl\n|-damage|p1a: Grimmsnarl|60\/100\n|-damage|p2b: Slaking|91\/100|[from] item: Life Orb\n|\n|upkeep\n|turn|2\n|inactive|RichieihciR has 30 seconds left.\n|\n|t:|1683221580\n|cant|p2a: Medicham|ability: Truant\n|move|p1b: Arcanine|Will-O-Wisp|p2b: Slaking\n|-status|p2b: Slaking|brn\n|move|p2b: Slaking|Earthquake|p1b: Arcanine|[spread] p2a,p1a,p1b\n|-supereffective|p1b: Arcanine\n|-damage|p2a: Medicham|64\/100\n|-damage|p1a: Grimmsnarl|42\/100\n|-damage|p1b: Arcanine|62\/100\n|-damage|p2b: Slaking|81\/100 brn|[from] item: Life Orb\n|move|p1a: Grimmsnarl|Spirit Break|p2a: Medicham\n|-supereffective|p2a: Medicham\n|-damage|p2a: Medicham|0 fnt\n|faint|p2a: Medicham\n|\n|-damage|p2b: Slaking|75\/100 brn|[from] brn\n|upkeep\n|\n|t:|1683221587\n|switch|p2a: Dragonite|Dragonite, L50, M, shiny|100\/100\n|turn|3\n|\n|t:|1683221612\n|move|p2b: Slaking|Protect|p2b: Slaking\n|-singleturn|p2b: Slaking|Protect\n|move|p1b: Arcanine|Will-O-Wisp|p2a: Dragonite|[miss]\n|-miss|p1b: Arcanine|p2a: Dragonite\n|move|p2a: Dragonite|Tailwind|p2a: Dragonite\n|-sidestart|p2: RichieihciR|move: Tailwind\n|move|p1a: Grimmsnarl|Spirit Break|p2a: Dragonite\n|-supereffective|p2a: Dragonite\n|-damage|p2a: Dragonite|72\/100\n|-unboost|p2a: Dragonite|spa|1\n|\n|-damage|p2b: Slaking|69\/100 brn|[from] brn\n|upkeep\n|turn|4\n|inactive|RichieihciR has 30 seconds left.\n|inactive|Broskander has 30 seconds left.\n|\n|t:|1683221645\n|move|p2a: Dragonite|Extreme Speed|p1b: Arcanine\n|-damage|p1b: Arcanine|41\/100\n|move|p2b: Slaking|Drain Punch|p1a: Grimmsnarl\n|-damage|p1a: Grimmsnarl|22\/100\n|-heal|p2b: Slaking|78\/100 brn|[from] drain|[of] p1a: Grimmsnarl\n|-damage|p2b: Slaking|68\/100 brn|[from] item: Life Orb\n|move|p1b: Arcanine|Howl|p1b: Arcanine|[spread] p1a,p1b\n|-boost|p1a: Grimmsnarl|atk|1\n|-boost|p1b: Arcanine|atk|1\n|move|p1a: Grimmsnarl|Spirit Break|p2a: Dragonite\n|-supereffective|p2a: Dragonite\n|-damage|p2a: Dragonite|0 fnt\n|faint|p2a: Dragonite\n|\n|-damage|p2b: Slaking|62\/100 brn|[from] brn\n|upkeep\n|\n|t:|1683221653\n|switch|p2a: Chi-Yu|Chi-Yu, L50|100\/100\n|-ability|p2a: Chi-Yu|Beads of Ruin\n|turn|5\n|\n|t:|1683221671\n|switch|p1b: Ting-Lu|Ting-Lu, L50|100\/100\n|-ability|p1b: Ting-Lu|Vessel of Ruin\n|-terastallize|p2a: Chi-Yu|Water\n|move|p2b: Slaking|Protect|p2b: Slaking\n|-singleturn|p2b: Slaking|Protect\n|move|p1a: Grimmsnarl|Light Screen|p1a: Grimmsnarl\n|-sidestart|p1: Broskander|move: Light Screen\n|move|p2a: Chi-Yu|Tera Blast|p1b: Ting-Lu\n|-supereffective|p1b: Ting-Lu\n|-damage|p1b: Ting-Lu|80\/100\n|\n|-damage|p2b: Slaking|56\/100 brn|[from] brn\n|upkeep\n|turn|6\n|inactive|Broskander has 30 seconds left.\n|inactive|RichieihciR has 30 seconds left.\n|\n|t:|1683221700\n|-terastallize|p1b: Ting-Lu|Poison\n|move|p1a: Grimmsnarl|Thunder Wave|p2a: Chi-Yu\n|-status|p2a: Chi-Yu|par\n|move|p2b: Slaking|Drain Punch|p1a: Grimmsnarl\n|-damage|p1a: Grimmsnarl|1\/100\n|-heal|p2b: Slaking|65\/100 brn|[from] drain|[of] p1a: Grimmsnarl\n|-damage|p2b: Slaking|56\/100 brn|[from] item: Life Orb\n|move|p2a: Chi-Yu|Tera Blast|p1b: Ting-Lu\n|-damage|p1b: Ting-Lu|67\/100\n|move|p1b: Ting-Lu|Stomping Tantrum|p2b: Slaking\n|-damage|p2b: Slaking|32\/100 brn\n|\n|-damage|p2b: Slaking|27\/100 brn|[from] brn\n|-sideend|p2: RichieihciR|move: Tailwind\n|upkeep\n|turn|7\n|\n|t:|1683221722\n|switch|p1a: Arcanine|Arcanine, L50, M|41\/100\n|-ability|p1a: Arcanine|Intimidate|boost\n|-unboost|p2a: Chi-Yu|atk|1\n|-unboost|p2b: Slaking|atk|1\n|move|p2b: Slaking|Earthquake|p1a: Arcanine|[spread] p2a,p1a,p1b\n|-supereffective|p1a: Arcanine\n|-supereffective|p1b: Ting-Lu\n|-damage|p2a: Chi-Yu|78\/100 par\n|-damage|p1a: Arcanine|8\/100\n|-damage|p1b: Ting-Lu|48\/100\n|-damage|p2b: Slaking|17\/100 brn|[from] item: Life Orb\n|move|p2a: Chi-Yu|Psychic|p1b: Ting-Lu\n|-supereffective|p1b: Ting-Lu\n|-damage|p1b: Ting-Lu|31\/100\n|-unboost|p1b: Ting-Lu|spd|1\n|move|p1b: Ting-Lu|Rock Slide|p2a: Chi-Yu|[spread] p2b\n|-miss|p1b: Ting-Lu|p2a: Chi-Yu\n|-damage|p2b: Slaking|4\/100 brn\n|\n|-damage|p2b: Slaking|0 fnt|[from] brn\n|faint|p2b: Slaking\n|upkeep\n|turn|8\n|inactive|Broskander has 30 seconds left.\n|\n|t:|1683221748\n|switch|p1b: Grimmsnarl|Grimmsnarl, L50, M|1\/100\n|move|p1a: Arcanine|Extreme Speed|p2a: Chi-Yu\n|-damage|p2a: Chi-Yu|57\/100 par\n|cant|p2a: Chi-Yu|par\n|\n|-sideend|p1: Broskander|Reflect\n|upkeep\n|turn|9\n|\n|t:|1683221761\n|move|p1a: Arcanine|Howl|p1a: Arcanine|[spread] p1a,p1b\n|-boost|p1a: Arcanine|atk|1\n|-boost|p1b: Grimmsnarl|atk|1\n|move|p1b: Grimmsnarl|Spirit Break|p2a: Chi-Yu\n|-damage|p2a: Chi-Yu|7\/100 par\n|-unboost|p2a: Chi-Yu|spa|1\n|move|p2a: Chi-Yu|Tera Blast|p1b: Grimmsnarl\n|-damage|p1b: Grimmsnarl|0 fnt\n|faint|p1b: Grimmsnarl\n|\n|upkeep\n|\n|t:|1683221774\n|switch|p1b: Palafin|Palafin-Hero, L50, F|100\/100\n|-activate|p1b: Palafin|ability: Zero to Hero\n|turn|10\n|-message|RichieihciR forfeited.\n|\n|win|Broskander\n|raw|Broskander's rating: 1161 → 1180<\/strong> (+19 for winning)\n|raw|RichieihciR's rating: 1081 → 1064<\/strong> (-17 for losing)\n|l|\u2606RichieihciR\n","uploadtime":1683221801,"views":12,"p1id":"broskander","p2id":"richieihcir","formatid":"gen9vgc2023regulationc","rating":1064,"private":0,"password":""}