{"id":"gen9vgc2023regulationc-1844925414","p1":"TZ333","p2":"probrn","format":"[Gen 9] VGC 2023 Regulation C","log":"|j|\u2606TZ333\n|j|\u2606probrn\n|t:|1681664769\n|gametype|doubles\n|player|p1|TZ333|steven|1418\n|player|p2|probrn|grimsley|1383\n|teamsize|p1|5\n|teamsize|p2|6\n|gen|9\n|tier|[Gen 9] VGC 2023 Regulation C\n|rated|\n|rule|Species Clause: Limit one of each Pok\u00e9mon\n|rule|Item Clause: Limit one of each item\n|clearpoke\n|poke|p1|Garganacl, L50, M|\n|poke|p1|Chien-Pao, L50|\n|poke|p1|Arcanine, L50, F|\n|poke|p1|Flutter Mane, L50|\n|poke|p1|Dragonite, L50, F|\n|poke|p2|Wo-Chien, L50|\n|poke|p2|Arcanine, L50, F|\n|poke|p2|Glimmora, L50, F|\n|poke|p2|Dondozo, L50, M|\n|poke|p2|Tatsugiri-Droopy, L50, M|\n|poke|p2|Garganacl, L50, F|\n|teampreview|4\nprobrn has agreed to open team sheets.\nTZ333 rejected open team sheets.\n|inactive|Battle timer is ON: inactive players will automatically lose when time's up. (requested by probrn)\n|\n|t:|1681664800\n|start\n|switch|p1a: Garganacl|Garganacl, L50, M|100\/100\n|switch|p1b: Chien-Pao|Chien-Pao, L50|100\/100\n|switch|p2a: Arcanine|Arcanine, L50, F|100\/100\n|switch|p2b: Glimmora|Glimmora, L50, F|100\/100\n|-ability|p1b: Chien-Pao|Sword of Ruin\n|-ability|p2a: Arcanine|Intimidate|boost\n|-fail|p1a: Garganacl|unboost|[from] ability: Clear Body|[of] p1a: Garganacl\n|-unboost|p1b: Chien-Pao|atk|1\n|turn|1\n|inactive|probrn has 30 seconds left.\n|inactive|probrn has 20 seconds left.\n|inactive|probrn has 15 seconds left.\n|inactive|probrn has 10 seconds left.\n|inactive|probrn has 5 seconds left.\n|\n|t:|1681664855\n|-terastallize|p1a: Garganacl|Normal\n|move|p1b: Chien-Pao|Protect|p1b: Chien-Pao\n|-singleturn|p1b: Chien-Pao|Protect\n|move|p2b: Glimmora|Mortal Spin|p1b: Chien-Pao|[spread] p1a\n|-activate|p1b: Chien-Pao|move: Protect\n|-damage|p1a: Garganacl|96\/100\n|-status|p1a: Garganacl|psn\n|move|p2a: Arcanine|Flare Blitz|p1b: Chien-Pao\n|-activate|p1b: Chien-Pao|move: Protect\n|move|p1a: Garganacl|Explosion|p2b: Glimmora|[spread] p2a,p2b\n|-activate|p1b: Chien-Pao|move: Protect\n|-enditem|p1a: Garganacl|Normal Gem|[from] gem\n|-resisted|p2b: Glimmora\n|-damage|p2a: Arcanine|0 fnt\n|-damage|p2b: Glimmora|9\/100\n|-activate|p2b: Glimmora|ability: Toxic Debris\n|-sidestart|p1: TZ333|move: Toxic Spikes\n|faint|p1a: Garganacl\n|faint|p2a: Arcanine\n|\n|upkeep\n|inactive|probrn has 30 seconds left.\n|inactive|probrn has 20 seconds left.\n|inactive|probrn has 15 seconds left.\n|inactive|probrn has 10 seconds left.\n|inactive|probrn has 5 seconds left.\n|\n|t:|1681664910\n|switch|p2a: Dondozo|Dondozo, L50, M|100\/100\n|switch|p1a: Dragonite|Dragonite, L50, F|100\/100\n|turn|2\n|inactive|probrn has 30 seconds left.\n|inactive|probrn has 20 seconds left.\n|inactive|probrn has 15 seconds left.\n|inactive|probrn has 10 seconds left.\n|inactive|probrn has 5 seconds left.\n|\n|t:|1681664965\n|switch|p1b: Flutter Mane|Flutter Mane, L50|100\/100\n|-status|p1b: Flutter Mane|psn\n|move|p2b: Glimmora|Mortal Spin|p1b: Flutter Mane|[spread] p1a,p1b\n|-damage|p1a: Dragonite|98\/100\n|-damage|p1b: Flutter Mane|93\/100 psn\n|-status|p1a: Dragonite|psn\n|-enditem|p1a: Dragonite|Lum Berry|[eat]\n|-curestatus|p1a: Dragonite|psn|[msg]\n|move|p1a: Dragonite|Tailwind|p1a: Dragonite\n|-sidestart|p1: TZ333|move: Tailwind\n|move|p2a: Dondozo|Earthquake|p1b: Flutter Mane|[spread] p2b,p1b\n|-immune|p1a: Dragonite\n|-supereffective|p2b: Glimmora\n|-damage|p2b: Glimmora|0 fnt\n|-damage|p1b: Flutter Mane|61\/100 psn\n|-activate|p2b: Glimmora|ability: Toxic Debris\n|-sidestart|p1: TZ333|move: Toxic Spikes\n|faint|p2b: Glimmora\n|\n|-damage|p1b: Flutter Mane|49\/100 psn|[from] psn\n|upkeep\n|inactive|probrn has 30 seconds left.\n|inactive|probrn has 20 seconds left.\n|inactive|probrn has 15 seconds left.\n|inactive|probrn has 10 seconds left.\n|inactive|probrn has 5 seconds left.\n|\n|t:|1681665020\n|switch|p2b: Tatsugiri|Tatsugiri-Droopy, L50, M|100\/100\n|-activate|p2b: Tatsugiri|ability: Commander|[of] p2a: Dondozo\n|-boost|p2a: Dondozo|atk|2\n|-boost|p2a: Dondozo|spa|2\n|-boost|p2a: Dondozo|spe|2\n|-boost|p2a: Dondozo|def|2\n|-boost|p2a: Dondozo|spd|2\n|turn|3\n|\n|t:|1681665036\n|move|p1a: Dragonite|Extreme Speed|p2a: Dondozo\n|-damage|p2a: Dondozo|90\/100\n|move|p1b: Flutter Mane|Moonblast|p2a: Dondozo\n|-damage|p2a: Dondozo|69\/100\n|move|p2a: Dondozo|Order Up|p1a: Dragonite\n|-supereffective|p1a: Dragonite\n|-damage|p1a: Dragonite|29\/100\n|-boost|p2a: Dondozo|def|1\n|\n|-heal|p2a: Dondozo|76\/100|[from] item: Leftovers\n|-damage|p1b: Flutter Mane|37\/100 psn|[from] psn\n|upkeep\n|turn|4\n|\n|t:|1681665053\n|move|p1a: Dragonite|Extreme Speed|p2a: Dondozo\n|-damage|p2a: Dondozo|67\/100\n|move|p1b: Flutter Mane|Moonblast|p2a: Dondozo\n|-damage|p2a: Dondozo|46\/100\n|move|p2a: Dondozo|Substitute|p2a: Dondozo\n|-start|p2a: Dondozo|Substitute\n|-damage|p2a: Dondozo|21\/100\n|\n|-heal|p2a: Dondozo|27\/100|[from] item: Leftovers\n|-damage|p1b: Flutter Mane|25\/100 psn|[from] psn\n|upkeep\n|turn|5\n|\n|t:|1681665068\n|move|p2a: Dondozo|Protect|p2a: Dondozo\n|-singleturn|p2a: Dondozo|Protect\n|move|p1b: Flutter Mane|Moonblast|p2a: Dondozo\n|-activate|p2a: Dondozo|move: Protect\n|move|p1a: Dragonite|Ice Spinner|p2a: Dondozo\n|-activate|p2a: Dondozo|move: Protect\n|\n|-heal|p2a: Dondozo|34\/100|[from] item: Leftovers\n|-damage|p1b: Flutter Mane|13\/100 psn|[from] psn\n|-sideend|p1: TZ333|move: Tailwind\n|upkeep\n|turn|6\n|inactive|TZ333 has 30 seconds left.\n|\n|t:|1681665093\n|move|p1b: Flutter Mane|Moonblast|p2a: Dondozo\n|-activate|p2a: Dondozo|move: Substitute|[damage]\n|move|p2a: Dondozo|Order Up|p1a: Dragonite\n|-supereffective|p1a: Dragonite\n|-damage|p1a: Dragonite|0 fnt\n|faint|p1a: Dragonite\n|-boost|p2a: Dondozo|def|1\n|\n|-heal|p2a: Dondozo|40\/100|[from] item: Leftovers\n|-damage|p1b: Flutter Mane|1\/100 psn|[from] psn\n|upkeep\n|c|\u2606probrn|sorry i was afk\n|\n|t:|1681665099\n|switch|p1a: Chien-Pao|Chien-Pao, L50|100\/100\n|-status|p1a: Chien-Pao|tox\n|-ability|p1a: Chien-Pao|Sword of Ruin\n|turn|7\n|\n|t:|1681665113\n|-terastallize|p2a: Dondozo|Steel\n|move|p1b: Flutter Mane|Moonblast|p2a: Dondozo\n|-resisted|p2a: Dondozo\n|-end|p2a: Dondozo|Substitute\n|move|p1a: Chien-Pao|Sacred Sword|p2a: Dondozo\n|-supereffective|p2a: Dondozo\n|-damage|p2a: Dondozo|0 fnt\n|faint|p2a: Dondozo\n|\n|-damage|p1a: Chien-Pao|95\/100 tox|[from] psn\n|-damage|p1b: Flutter Mane|0 fnt|[from] psn\n|faint|p1b: Flutter Mane\n|-end|p1b: Flutter Mane|Protosynthesis|[silent]\n|upkeep\n|turn|8\n|\n|t:|1681665135\n|move|p1a: Chien-Pao|Sucker Punch|p2b: Tatsugiri\n|-damage|p2b: Tatsugiri|14\/100\n|move|p2b: Tatsugiri|Draco Meteor|p1a: Chien-Pao\n|-damage|p1a: Chien-Pao|0 fnt\n|-unboost|p2b: Tatsugiri|spa|2\n|faint|p1a: Chien-Pao\n|\n|win|probrn\n|raw|TZ333's rating: 1418 → 1396<\/strong> (-22 for losing)\n|raw|probrn's rating: 1383 → 1405<\/strong> (+22 for winning)\n|l|\u2606TZ333\n","uploadtime":1681665150,"views":14,"p1id":"tz333","p2id":"probrn","formatid":"gen9vgc2023regulationc","rating":1396,"private":0,"password":""}