{"id":"gen9vgc2023regulationc-1848548812","p1":"KrisBlazeKick","p2":"dreamswgh","format":"[Gen 9] VGC 2023 Regulation C","log":"|j|\u2606KrisBlazeKick\n|j|\u2606dreamswgh\n|t:|1682089133\n|gametype|doubles\n|player|p1|KrisBlazeKick|170|1472\n|player|p2|dreamswgh|nate|1447\n|teamsize|p1|6\n|teamsize|p2|6\n|gen|9\n|tier|[Gen 9] VGC 2023 Regulation C\n|rated|\n|rule|Species Clause: Limit one of each Pok\u00e9mon\n|rule|Item Clause: Limit one of each item\n|clearpoke\n|poke|p1|Scizor, L50, M|\n|poke|p1|Palafin, L50, F|\n|poke|p1|Flutter Mane, L50|\n|poke|p1|Iron Hands, L50|\n|poke|p1|Chi-Yu, L50|\n|poke|p1|Farigiraf, L50, F|\n|poke|p2|Torkoal, L50, F|\n|poke|p2|Flutter Mane, L50|\n|poke|p2|Indeedee-F, L50, F|\n|poke|p2|Hatterene, L50, F|\n|poke|p2|Corviknight, L50, F|\n|poke|p2|Mudsdale, L50, M|\n|teampreview|4\n|j| anyatriesvgc\n|inactive|Battle timer is ON: inactive players will automatically lose when time's up. (requested by KrisBlazeKick)\n|inactive|dreamswgh has 60 seconds left.\n|inactive|dreamswgh has 30 seconds left.\n|\n|t:|1682089216\n|start\n|switch|p1a: Chi-Yu|Chi-Yu, L50|100\/100\n|switch|p1b: Flutter Mane|Flutter Mane, L50|100\/100\n|switch|p2a: Nevada|Indeedee-F, L50, F|100\/100\n|switch|p2b: New Mexico|Hatterene, L50, F|100\/100\n|-ability|p1a: Chi-Yu|Beads of Ruin\n|-fieldstart|move: Psychic Terrain|[from] ability: Psychic Surge|[of] p2a: Nevada\n|-enditem|p2a: Nevada|Psychic Seed\n|-boost|p2a: Nevada|spd|1|[from] item: Psychic Seed\n|-enditem|p1b: Flutter Mane|Booster Energy\n|-activate|p1b: Flutter Mane|ability: Protosynthesis|[fromitem]\n|-start|p1b: Flutter Mane|protosynthesisspe\n|turn|1\n|\n|t:|1682089234\n|-terastallize|p2b: New Mexico|Fire\n|move|p2a: Nevada|Follow Me|p2a: Nevada\n|-singleturn|p2a: Nevada|move: Follow Me\n|move|p1b: Flutter Mane|Substitute|p1b: Flutter Mane\n|-start|p1b: Flutter Mane|Substitute\n|-damage|p1b: Flutter Mane|76\/100\n|move|p1a: Chi-Yu|Snarl|p2a: Nevada|[spread] p2a,p2b\n|-supereffective|p2a: Nevada\n|-damage|p2a: Nevada|60\/100\n|-damage|p2b: New Mexico|65\/100\n|-unboost|p2a: Nevada|spa|1\n|-unboost|p2b: New Mexico|spa|1\n|move|p2b: New Mexico|Trick Room|p2b: New Mexico\n|-fieldstart|move: Trick Room|[of] p2b: New Mexico\n|\n|upkeep\n|turn|2\n|j| Casualdelcazzual\n|\n|t:|1682089258\n|switch|p1a: Farigiraf|Farigiraf, L50, F|100\/100\n|move|p2a: Nevada|Helping Hand|p2b: New Mexico\n|-singleturn|p2b: New Mexico|Helping Hand|[of] p2a: Nevada\n|move|p2b: New Mexico|Dazzling Gleam|p1a: Farigiraf|[spread] p1a,p1b\n|-end|p1b: Flutter Mane|Substitute\n|-damage|p1a: Farigiraf|53\/100\n|-damage|p2b: New Mexico|55\/100|[from] item: Life Orb\n|move|p1b: Flutter Mane|Dazzling Gleam|p2b: New Mexico|[spread] p2a,p2b\n|-resisted|p2b: New Mexico\n|-damage|p2a: Nevada|38\/100\n|-damage|p2b: New Mexico|39\/100\n|\n|upkeep\n|turn|3\n|\n|t:|1682089281\n|move|p2a: Nevada|Helping Hand|p2b: New Mexico\n|-singleturn|p2b: New Mexico|Helping Hand|[of] p2a: Nevada\n|move|p2b: New Mexico|Dazzling Gleam|p1a: Farigiraf|[spread] p1a,p1b\n|-damage|p1a: Farigiraf|6\/100\n|-damage|p1b: Flutter Mane|35\/100\n|-damage|p2b: New Mexico|29\/100|[from] item: Life Orb\n|move|p1b: Flutter Mane|Dazzling Gleam|p2b: New Mexico|[spread] p2a,p2b\n|-resisted|p2b: New Mexico\n|-damage|p2a: Nevada|17\/100\n|-damage|p2b: New Mexico|14\/100\n|move|p1a: Farigiraf|Trick Room|p1a: Farigiraf\n|-fieldend|move: Trick Room\n|\n|upkeep\n|turn|4\n|\n|t:|1682089298\n|move|p2a: Nevada|Follow Me|p2a: Nevada\n|-singleturn|p2a: Nevada|move: Follow Me\n|move|p1b: Flutter Mane|Substitute|p1b: Flutter Mane\n|-start|p1b: Flutter Mane|Substitute\n|-damage|p1b: Flutter Mane|10\/100\n|move|p1a: Farigiraf|Hyper Voice|p2b: New Mexico|[spread] p2a,p2b\n|-damage|p2a: Nevada|0 fnt\n|-damage|p2b: New Mexico|0 fnt\n|faint|p2a: Nevada\n|faint|p2b: New Mexico\n|-enditem|p1a: Farigiraf|Throat Spray\n|-boost|p1a: Farigiraf|spa|1|[from] item: Throat Spray\n|\n|upkeep\n|\n|t:|1682089305\n|switch|p2a: Arizona|Torkoal, L50, F|100\/100\n|switch|p2b: Okalahoma|Corviknight, L50, F|100\/100\n|-weather|SunnyDay|[from] ability: Drought|[of] p2a: Arizona\n|turn|5\n|\n|t:|1682089325\n|move|p1b: Flutter Mane|Shadow Ball|p2a: Arizona\n|-damage|p2a: Arizona|48\/100\n|move|p1a: Farigiraf|Psychic|p2b: Okalahoma\n|-resisted|p2b: Okalahoma\n|-damage|p2b: Okalahoma|63\/100\n|move|p2b: Okalahoma|Brave Bird|p1b: Flutter Mane\n|-end|p1b: Flutter Mane|Substitute\n|-damage|p2b: Okalahoma|57\/100|[from] Recoil|[of] p1b: Flutter Mane\n|move|p2a: Arizona|Eruption|p1a: Farigiraf|[spread] p1a,p1b\n|-damage|p1a: Farigiraf|0 fnt\n|-damage|p1b: Flutter Mane|0 fnt\n|faint|p1a: Farigiraf\n|faint|p1b: Flutter Mane\n|-end|p1b: Flutter Mane|Protosynthesis|[silent]\n|\n|-weather|SunnyDay|[upkeep]\n|-fieldend|move: Psychic Terrain\n|upkeep\n|\n|t:|1682089331\n|switch|p1b: Chi-Yu|Chi-Yu, L50|100\/100\n|switch|p1a: Iron Hands|Iron Hands, L50|100\/100\n|-ability|p1b: Chi-Yu|Beads of Ruin\n|turn|6\n|\n|t:|1682089341\n|move|p2a: Arizona|Protect|p2a: Arizona\n|-singleturn|p2a: Arizona|Protect\n|move|p1b: Chi-Yu|Heat Wave|p2b: Okalahoma|[spread] p2b\n|-activate|p2a: Arizona|move: Protect\n|-supereffective|p2b: Okalahoma\n|-damage|p2b: Okalahoma|0 fnt\n|faint|p2b: Okalahoma\n|move|p1a: Iron Hands|Wild Charge|p2a: Arizona\n|-activate|p2a: Arizona|move: Protect\n|\n|-weather|SunnyDay|[upkeep]\n|upkeep\n|turn|7\n|\n|t:|1682089351\n|move|p1b: Chi-Yu|Heat Wave|p2a: Arizona\n|-resisted|p2a: Arizona\n|-damage|p2a: Arizona|0 fnt\n|faint|p2a: Arizona\n|\n|win|KrisBlazeKick\n|raw|KrisBlazeKick's rating: 1472 → 1491<\/strong> (+19 for winning)\n|raw|dreamswgh's rating: 1447 → 1428<\/strong> (-19 for losing)\n|l|\u2606KrisBlazeKick\n|c|\u2606dreamswgh|ggwp\n","uploadtime":1682089357,"views":9,"p1id":"krisblazekick","p2id":"dreamswgh","formatid":"gen9vgc2023regulationc","rating":1428,"private":0,"password":""}