{"id":"gen9vgc2023regulationc-1846294414","p1":"hasan123456","p2":"labhype","format":"[Gen 9] VGC 2023 Regulation C","log":"|j|\u2606hasan123456\n|j|\u2606labhype\n|t:|1681829226\n|gametype|doubles\n|player|p1|hasan123456|266|1113\n|player|p2|labhype|1|1000\n|teamsize|p1|6\n|teamsize|p2|6\n|gen|9\n|tier|[Gen 9] VGC 2023 Regulation C\n|rated|\n|rule|Species Clause: Limit one of each Pok\u00e9mon\n|rule|Item Clause: Limit one of each item\n|clearpoke\n|poke|p1|Azumarill, L50, M|\n|poke|p1|Chi-Yu, L50|\n|poke|p1|Dachsbun, L50, M|\n|poke|p1|Sableye, L50, M|\n|poke|p1|Wo-Chien, L50|\n|poke|p1|Hatterene, L50, F|\n|poke|p2|Ting-Lu, L50|\n|poke|p2|Roaring Moon, L50|\n|poke|p2|Flutter Mane, L50|\n|poke|p2|Maushold, L50|\n|poke|p2|Jumpluff, L50, F|\n|poke|p2|Torkoal, L50, F|\n|teampreview|4\n|j| Ragnarokalex\n|\n|t:|1681829269\n|start\n|switch|p1a: Wo-Chien|Wo-Chien, L50|100\/100\n|switch|p1b: Sableye|Sableye, L50, M|100\/100\n|switch|p2a: Ting-Lu|Ting-Lu, L50|100\/100\n|switch|p2b: Maushold|Maushold, L50, shiny|100\/100\n|-ability|p1a: Wo-Chien|Tablets of Ruin\n|-ability|p2a: Ting-Lu|Vessel of Ruin\n|turn|1\n|\n|t:|1681829308\n|move|p1b: Sableye|Will-O-Wisp|p2b: Maushold\n|-status|p2b: Maushold|brn\n|move|p2b: Maushold|Super Fang|p1a: Wo-Chien\n|-damage|p1a: Wo-Chien|50\/100\n|move|p1a: Wo-Chien|Leech Seed|p2a: Ting-Lu\n|-start|p2a: Ting-Lu|move: Leech Seed\n|move|p2a: Ting-Lu|Ruination|p1b: Sableye|[miss]\n|-miss|p2a: Ting-Lu|p1b: Sableye\n|\n|-damage|p2a: Ting-Lu|88\/100|[from] Leech Seed|[of] p1a: Wo-Chien\n|-heal|p1a: Wo-Chien|75\/100|[silent]\n|-damage|p2b: Maushold|94\/100 brn|[from] brn\n|upkeep\n|turn|2\n|\n|t:|1681829333\n|move|p2b: Maushold|Helping Hand|p2a: Ting-Lu\n|-singleturn|p2a: Ting-Lu|Helping Hand|[of] p2b: Maushold\n|move|p1b: Sableye|Disable|p2b: Maushold\n|-start|p2b: Maushold|Disable|Helping Hand\n|move|p1a: Wo-Chien|Leech Seed|p2b: Maushold\n|-start|p2b: Maushold|move: Leech Seed\n|move|p2a: Ting-Lu|Stomping Tantrum|p1b: Sableye\n|-damage|p1b: Sableye|0 fnt\n|faint|p1b: Sableye\n|\n|-damage|p2b: Maushold|82\/100 brn|[from] Leech Seed|[of] p1a: Wo-Chien\n|-heal|p1a: Wo-Chien|94\/100|[silent]\n|-damage|p2a: Ting-Lu|76\/100|[from] Leech Seed|[of] p1a: Wo-Chien\n|-heal|p1a: Wo-Chien|100\/100|[silent]\n|-damage|p2b: Maushold|76\/100 brn|[from] brn\n|upkeep\n|\n|t:|1681829347\n|switch|p1b: Azumarill|Azumarill, L50, M|100\/100\n|turn|3\n|\n|t:|1681829390\n|move|p2b: Maushold|Super Fang|p1b: Azumarill\n|-damage|p1b: Azumarill|51\/100\n|move|p1a: Wo-Chien|Pollen Puff|p1b: Azumarill\n|-heal|p1b: Azumarill|100\/100\n|move|p1b: Azumarill|Liquidation|p2a: Ting-Lu\n|-supereffective|p2a: Ting-Lu\n|-damage|p2a: Ting-Lu|44\/100\n|move|p2a: Ting-Lu|Ruination|p1a: Wo-Chien\n|-damage|p1a: Wo-Chien|50\/100\n|\n|-damage|p2b: Maushold|64\/100 brn|[from] Leech Seed|[of] p1a: Wo-Chien\n|-heal|p1a: Wo-Chien|69\/100|[silent]\n|-damage|p2a: Ting-Lu|31\/100|[from] Leech Seed|[of] p1a: Wo-Chien\n|-heal|p1a: Wo-Chien|94\/100|[silent]\n|-damage|p2b: Maushold|58\/100 brn|[from] brn\n|upkeep\n|turn|4\n|\n|t:|1681829417\n|switch|p2b: Flutter Mane|Flutter Mane, L50, shiny|100\/100\n|switch|p2a: Roaring Moon|Roaring Moon, L50|100\/100\n|-enditem|p2a: Roaring Moon|Booster Energy\n|-activate|p2a: Roaring Moon|ability: Protosynthesis|[fromitem]\n|-start|p2a: Roaring Moon|protosynthesisspe\n|move|p1a: Wo-Chien|Pollen Puff|p1b: Azumarill\n|-immune|p1b: Azumarill\n|move|p1b: Azumarill|Liquidation|p2a: Roaring Moon\n|-resisted|p2a: Roaring Moon\n|-crit|p2a: Roaring Moon\n|-damage|p2a: Roaring Moon|64\/100\n|-unboost|p2a: Roaring Moon|def|1\n|\n|upkeep\n|turn|5\n|\n|t:|1681829441\n|-terastallize|p2a: Roaring Moon|Flying\n|move|p1a: Wo-Chien|Protect|p1a: Wo-Chien\n|-singleturn|p1a: Wo-Chien|Protect\n|move|p2a: Roaring Moon|Acrobatics|p1a: Wo-Chien\n|-activate|p1a: Wo-Chien|move: Protect\n|move|p2b: Flutter Mane|Moonblast|p1a: Wo-Chien\n|-activate|p1a: Wo-Chien|move: Protect\n|move|p1b: Azumarill|Liquidation|p2b: Flutter Mane\n|-damage|p2b: Flutter Mane|36\/100\n|\n|upkeep\n|turn|6\n|\n|t:|1681829465\n|switch|p1a: Dachsbun|Dachsbun, L50, M|100\/100\n|-terastallize|p1b: Azumarill|Water\n|move|p1b: Azumarill|Aqua Jet|p2b: Flutter Mane\n|-damage|p2b: Flutter Mane|0 fnt\n|faint|p2b: Flutter Mane\n|-end|p2b: Flutter Mane|Protosynthesis|[silent]\n|move|p2a: Roaring Moon|Acrobatics|p1a: Dachsbun\n|-crit|p1a: Dachsbun\n|-damage|p1a: Dachsbun|16\/100\n|\n|-heal|p1a: Dachsbun|22\/100|[from] item: Leftovers\n|upkeep\n|\n|t:|1681829480\n|switch|p2b: Ting-Lu|Ting-Lu, L50|31\/100\n|-ability|p2b: Ting-Lu|Vessel of Ruin\n|turn|7\n|\n|t:|1681829508\n|switch|p2b: Maushold|Maushold, L50, shiny|58\/100 brn\n|move|p1b: Azumarill|Aqua Jet|p2a: Roaring Moon\n|-damage|p2a: Roaring Moon|12\/100\n|move|p2a: Roaring Moon|Acrobatics|p1b: Azumarill\n|-damage|p1b: Azumarill|37\/100\n|move|p1a: Dachsbun|Wish|p1a: Dachsbun\n|\n|-heal|p1a: Dachsbun|28\/100|[from] item: Leftovers\n|-damage|p2b: Maushold|52\/100 brn|[from] brn\n|upkeep\n|turn|8\n|\n|t:|1681829534\n|move|p1a: Dachsbun|Protect|p1a: Dachsbun\n|-singleturn|p1a: Dachsbun|Protect\n|move|p2b: Maushold|Follow Me|p2b: Maushold\n|-singleturn|p2b: Maushold|move: Follow Me\n|move|p1b: Azumarill|Aqua Jet|p2b: Maushold\n|-damage|p2b: Maushold|12\/100 brn\n|move|p2a: Roaring Moon|Acrobatics|p1b: Azumarill\n|-crit|p1b: Azumarill\n|-damage|p1b: Azumarill|0 fnt\n|faint|p1b: Azumarill\n|\n|-heal|p1a: Dachsbun|78\/100|[from] move: Wish|[wisher] Dachsbun\n|-heal|p1a: Dachsbun|84\/100|[from] item: Leftovers\n|-damage|p2b: Maushold|6\/100 brn|[from] brn\n|upkeep\n|\n|t:|1681829548\n|switch|p1b: Wo-Chien|Wo-Chien, L50|94\/100\n|-ability|p1b: Wo-Chien|Tablets of Ruin\n|turn|9\n|\n|t:|1681829588\n|move|p2b: Maushold|Helping Hand|p2a: Roaring Moon\n|-singleturn|p2a: Roaring Moon|Helping Hand|[of] p2b: Maushold\n|move|p1b: Wo-Chien|Protect|p1b: Wo-Chien\n|-singleturn|p1b: Wo-Chien|Protect\n|move|p2a: Roaring Moon|Acrobatics|p1b: Wo-Chien\n|-activate|p1b: Wo-Chien|move: Protect\n|move|p1a: Dachsbun|Crunch|p2a: Roaring Moon\n|-damage|p2a: Roaring Moon|0 fnt\n|faint|p2a: Roaring Moon\n|-end|p2a: Roaring Moon|Protosynthesis|[silent]\n|\n|-heal|p1a: Dachsbun|90\/100|[from] item: Leftovers\n|-damage|p2b: Maushold|0 fnt|[from] brn\n|faint|p2b: Maushold\n|upkeep\n|\n|t:|1681829602\n|switch|p2a: Ting-Lu|Ting-Lu, L50|31\/100\n|-ability|p2a: Ting-Lu|Vessel of Ruin\n|turn|10\n|\n|t:|1681829612\n|move|p1a: Dachsbun|Body Press|p2a: Ting-Lu\n|-supereffective|p2a: Ting-Lu\n|-crit|p2a: Ting-Lu\n|-damage|p2a: Ting-Lu|7\/100\n|move|p1b: Wo-Chien|Leech Seed|p2a: Ting-Lu\n|-start|p2a: Ting-Lu|move: Leech Seed\n|move|p2a: Ting-Lu|Heavy Slam|p1b: Wo-Chien\n|-damage|p1b: Wo-Chien|70\/100\n|\n|-heal|p1a: Dachsbun|96\/100|[from] item: Leftovers\n|-damage|p2a: Ting-Lu|0 fnt|[from] Leech Seed|[of] p1b: Wo-Chien\n|-heal|p1b: Wo-Chien|84\/100|[silent]\n|faint|p2a: Ting-Lu\n|\n|win|hasan123456\n|upkeep\n|raw|hasan123456's rating: 1113 → 1130<\/strong> (+17 for winning)\n|raw|labhype's rating: 1000 → 1000<\/strong> (+0 for losing)\n|l|\u2606hasan123456\n","uploadtime":1681829631,"views":5,"p1id":"hasan123456","p2id":"labhype","formatid":"gen9vgc2023regulationc","rating":1000,"private":0,"password":""}