{"id":"gen9vgc2023regulationc-1849430550","p1":"Heaven64","p2":"PurpleStyle","format":"[Gen 9] VGC 2023 Regulation C","log":"|j|\u2606Heaven64\n|j|\u2606PurpleStyle\n|t:|1682197641\n|gametype|doubles\n|player|p1|Heaven64|leaf-masters|\n|player|p2|PurpleStyle|pokefan|\n|teamsize|p1|6\n|teamsize|p2|6\n|gen|9\n|tier|[Gen 9] VGC 2023 Regulation C\n|rule|Species Clause: Limit one of each Pok\u00e9mon\n|rule|Item Clause: Limit one of each item\n|clearpoke\n|poke|p1|Iron Jugulis, L50|\n|poke|p1|Iron Thorns, L50|\n|poke|p1|Cryogonal, L50|\n|poke|p1|Muk, L50, M|\n|poke|p1|Floatzel, L50, F|\n|poke|p1|Crocalor, L50, M|\n|poke|p2|Gastrodon, L50, M|\n|poke|p2|Wo-Chien, L50|\n|poke|p2|Grimmsnarl, L50, M|\n|poke|p2|Tauros-Paldea-Combat, L50, M|\n|poke|p2|Glimmora, L50, M|\n|poke|p2|Rotom-Fan, L50|\n|teampreview|4\n|c|\u2606Heaven64|g2\n|c|\u2606PurpleStyle|glhf\n|c|\u2606Heaven64|you too\n|\n|t:|1682198088\n|start\n|switch|p1a: SCP-3799|Cryogonal, L50|100\/100\n|switch|p1b: Rhine|Floatzel, L50, F|100\/100\n|switch|p2a: Tauros|Tauros-Paldea-Combat, L50, M|100\/100\n|switch|p2b: Grimmsnarl|Grimmsnarl, L50, M|100\/100\n|-ability|p2a: Tauros|Intimidate|boost\n|-unboost|p1a: SCP-3799|atk|1\n|-unboost|p1b: Rhine|atk|1\n|turn|1\n|\n|t:|1682198127\n|move|p2b: Grimmsnarl|Light Screen|p2b: Grimmsnarl\n|-sidestart|p2: PurpleStyle|move: Light Screen\n|move|p1b: Rhine|Soak|p2a: Tauros\n|-start|p2a: Tauros|typechange|Water\n|move|p1a: SCP-3799|Freeze-Dry|p2a: Tauros\n|-supereffective|p2a: Tauros\n|-damage|p2a: Tauros|52\/100\n|move|p2a: Tauros|Wild Charge|p1b: Rhine\n|-supereffective|p1b: Rhine\n|-damage|p1b: Rhine|15\/100\n|-damage|p2a: Tauros|32\/100|[from] Recoil\n|\n|upkeep\n|turn|2\n|\n|t:|1682198161\n|move|p1b: Rhine|Protect|p1b: Rhine\n|-singleturn|p1b: Rhine|Protect\n|move|p1a: SCP-3799|Freeze-Dry|p2a: Tauros\n|-supereffective|p2a: Tauros\n|-damage|p2a: Tauros|0 fnt\n|faint|p2a: Tauros\n|move|p2b: Grimmsnarl|Spirit Break|p1b: Rhine\n|-activate|p1b: Rhine|move: Protect\n|\n|upkeep\n|\n|t:|1682198165\n|switch|p2a: Glimmora|Glimmora, L50, M|100\/100\n|turn|3\n|\n|t:|1682198187\n|move|p2b: Grimmsnarl|Light Screen||[still]\n|-fail|p2b: Grimmsnarl\n|move|p1b: Rhine|Hydro Pump|p2a: Glimmora\n|-supereffective|p2a: Glimmora\n|-damage|p2a: Glimmora|30\/100\n|move|p1a: SCP-3799|Freeze-Dry|p2b: Grimmsnarl\n|-damage|p2b: Grimmsnarl|69\/100\n|move|p2a: Glimmora|Power Gem|p1a: SCP-3799\n|-supereffective|p1a: SCP-3799\n|-damage|p1a: SCP-3799|0 fnt\n|faint|p1a: SCP-3799\n|-damage|p2a: Glimmora|20\/100|[from] item: Life Orb\n|\n|upkeep\n|c|\u2606PurpleStyle|i fucking misclicked\n|c|\u2606PurpleStyle|omh\n|\n|t:|1682198210\n|switch|p1a: Soylent|Muk, L50, M, shiny|100\/100\n|turn|4\n|\n|t:|1682198229\n|move|p2a: Glimmora|Spiky Shield|p2a: Glimmora\n|-singleturn|p2a: Glimmora|move: Protect\n|move|p2b: Grimmsnarl|Parting Shot|p1a: Soylent\n|-unboost|p1a: Soylent|atk|1\n|-unboost|p1a: Soylent|spa|1\n|\n|t:|1682198232\n|switch|p2b: Gastrodon|Gastrodon, L50, M|100\/100|[from] Parting Shot\n|move|p1b: Rhine|Hydro Pump|p2b: Gastrodon\n|-activate|p2b: Gastrodon|ability: Storm Drain\n|-ability|p2b: Gastrodon|Storm Drain|boost\n|-boost|p2b: Gastrodon|spa|1\n|move|p1a: Soylent|Gunk Shot|p2b: Gastrodon\n|-resisted|p2b: Gastrodon\n|-damage|p2b: Gastrodon|87\/100\n|\n|-heal|p2b: Gastrodon|93\/100|[from] item: Leftovers\n|upkeep\n|turn|5\n|\n|t:|1682198250\n|move|p1b: Rhine|Icy Wind|p2a: Glimmora|[spread] p2a,p2b\n|-damage|p2a: Glimmora|13\/100\n|-damage|p2b: Gastrodon|86\/100\n|-unboost|p2a: Glimmora|spe|1\n|-unboost|p2b: Gastrodon|spe|1\n|move|p2a: Glimmora|Earth Power|p1a: Soylent\n|-supereffective|p1a: Soylent\n|-damage|p1a: Soylent|44\/100\n|-damage|p2a: Glimmora|3\/100|[from] item: Life Orb\n|move|p1a: Soylent|Toxic|p2b: Gastrodon\n|-status|p2b: Gastrodon|tox\n|move|p2b: Gastrodon|Earth Power|p1b: Rhine\n|-damage|p1b: Rhine|0 fnt\n|faint|p1b: Rhine\n|\n|-heal|p1a: Soylent|50\/100|[from] item: Leftovers\n|-heal|p2b: Gastrodon|92\/100 tox|[from] item: Leftovers\n|-damage|p2b: Gastrodon|86\/100 tox|[from] psn\n|upkeep\n|\n|t:|1682198265\n|switch|p1b: Shinra|Iron Thorns, L50|100\/100\n|turn|6\n|\n|t:|1682198298\n|move|p1b: Shinra|Protect|p1b: Shinra\n|-singleturn|p1b: Shinra|Protect\n|move|p2a: Glimmora|Power Gem|p1b: Shinra\n|-activate|p1b: Shinra|move: Protect\n|move|p1a: Soylent|Dig||[still]\n|-prepare|p1a: Soylent|Dig\n|move|p2b: Gastrodon|Earth Power|p1b: Shinra\n|-activate|p1b: Shinra|move: Protect\n|\n|-heal|p1a: Soylent|56\/100|[from] item: Leftovers\n|-heal|p2b: Gastrodon|92\/100 tox|[from] item: Leftovers\n|-damage|p2b: Gastrodon|80\/100 tox|[from] psn\n|upkeep\n|turn|7\n|\n|t:|1682198327\n|-terastallize|p1b: Shinra|Bug\n|move|p1b: Shinra|Pin Missile|p2b: Gastrodon\n|-damage|p2b: Gastrodon|66\/100 tox\n|-damage|p2b: Gastrodon|52\/100 tox\n|-damage|p2b: Gastrodon|38\/100 tox\n|-damage|p2b: Gastrodon|22\/100 tox\n|-hitcount|p2b: Gastrodon|4\n|move|p2a: Glimmora|Power Gem|p1b: Shinra\n|-supereffective|p1b: Shinra\n|-damage|p1b: Shinra|0 fnt\n|faint|p1b: Shinra\n|-end|p1b: Shinra|Quark Drive|[silent]\n|-damage|p2a: Glimmora|0 fnt|[from] item: Life Orb\n|faint|p2a: Glimmora\n|move|p1a: Soylent|Dig|p2b: Gastrodon|[from]lockedmove\n|-damage|p2b: Gastrodon|10\/100 tox\n|move|p2b: Gastrodon|Earth Power|p1a: Soylent\n|-supereffective|p1a: Soylent\n|-damage|p1a: Soylent|0 fnt\n|faint|p1a: Soylent\n|\n|win|PurpleStyle\n|c|\u2606Heaven64|GG\n|c|\u2606PurpleStyle|gg\n","uploadtime":1682198785,"views":14,"p1id":"heaven64","p2id":"purplestyle","formatid":"gen9vgc2023regulationc","rating":0,"private":0,"password":""}