{"id":"gen9vgc2023regulationc-1852591219","p1":"Vitalis24","p2":"bigbfps","format":"[Gen 9] VGC 2023 Regulation C","log":"|j|\u2606Vitalis24\n|j|\u2606bigbfps\n|t:|1682581674\n|gametype|doubles\n|player|p1|Vitalis24|ethan|1294\n|player|p2|bigbfps|169|1273\n|teamsize|p1|6\n|teamsize|p2|6\n|gen|9\n|tier|[Gen 9] VGC 2023 Regulation C\n|rated|\n|rule|Species Clause: Limit one of each Pok\u00e9mon\n|rule|Item Clause: Limit one of each item\n|clearpoke\n|poke|p1|Glimmora, L50, F|\n|poke|p1|Flutter Mane, L50|\n|poke|p1|Abomasnow, L50, F|\n|poke|p1|Iron Hands, L50|\n|poke|p1|Iron Bundle, L50|\n|poke|p1|Indeedee-F, L50, F|\n|poke|p2|Vaporeon, L50, M|\n|poke|p2|Arcanine, L50, M|\n|poke|p2|Glimmora, L50, M|\n|poke|p2|Chien-Pao, L50|\n|poke|p2|Scizor, L50, M|\n|poke|p2|Komala, L50, M|\n|teampreview|4\n|inactive|Battle timer is ON: inactive players will automatically lose when time's up. (requested by bigbfps)\n|inactive|Vitalis24 has 60 seconds left.\n|inactive|bigbfps has 60 seconds left.\n|\n|t:|1682581733\n|start\n|switch|p1a: Iron Bundle|Iron Bundle, L50|100\/100\n|switch|p1b: Abomasnow|Abomasnow, L50, F|100\/100\n|switch|p2a: Arcanine|Arcanine, L50, M, shiny|100\/100\n|switch|p2b: Glimmora|Glimmora, L50, M, shiny|100\/100\n|-ability|p2a: Arcanine|Intimidate|boost\n|-unboost|p1a: Iron Bundle|atk|1\n|-unboost|p1b: Abomasnow|atk|1\n|-weather|Snow|[from] ability: Snow Warning|[of] p1b: Abomasnow\n|-enditem|p1a: Iron Bundle|Booster Energy\n|-activate|p1a: Iron Bundle|ability: Quark Drive|[fromitem]\n|-start|p1a: Iron Bundle|quarkdrivespa\n|turn|1\n|inactive|Vitalis24 has 30 seconds left.\n|\n|t:|1682581762\n|-terastallize|p1b: Abomasnow|Water\n|move|p1a: Iron Bundle|Hydro Pump|p2b: Glimmora\n|-supereffective|p2b: Glimmora\n|-damage|p2b: Glimmora|0 fnt\n|faint|p2b: Glimmora\n|move|p2a: Arcanine|Flare Blitz|p1b: Abomasnow\n|-resisted|p1b: Abomasnow\n|-damage|p1b: Abomasnow|70\/100\n|-damage|p2a: Arcanine|89\/100|[from] Recoil\n|move|p1b: Abomasnow|Tera Blast|p2a: Arcanine\n|-supereffective|p2a: Arcanine\n|-damage|p2a: Arcanine|0 fnt\n|faint|p2a: Arcanine\n|\n|-weather|Snow|[upkeep]\n|-heal|p1b: Abomasnow|76\/100|[from] item: Leftovers\n|upkeep\n|\n|t:|1682581773\n|switch|p2a: Vaporeon|Vaporeon, L50, M, shiny|100\/100\n|switch|p2b: Scizor|Scizor, L50, M, shiny|100\/100\n|turn|2\n|\n|t:|1682581795\n|switch|p1b: Indeedee|Indeedee-F, L50, F|100\/100\n|-fieldstart|move: Psychic Terrain|[from] ability: Psychic Surge|[of] p1b: Indeedee\n|-terastallize|p2b: Scizor|Steel\n|move|p2a: Vaporeon|Protect|p2a: Vaporeon\n|-singleturn|p2a: Vaporeon|Protect\n|move|p1a: Iron Bundle|Freeze-Dry|p2a: Vaporeon\n|-activate|p2a: Vaporeon|move: Protect\n|move|p2b: Scizor|Swords Dance|p2b: Scizor\n|-boost|p2b: Scizor|atk|2\n|\n|-weather|Snow|[upkeep]\n|upkeep\n|turn|3\n|inactive|bigbfps has 30 seconds left.\n|\n|t:|1682581824\n|move|p1b: Indeedee|Follow Me|p1b: Indeedee\n|-singleturn|p1b: Indeedee|move: Follow Me\n|move|p1a: Iron Bundle|Freeze-Dry|p2a: Vaporeon\n|-supereffective|p2a: Vaporeon\n|-damage|p2a: Vaporeon|20\/100\n|move|p2b: Scizor|Close Combat|p1b: Indeedee\n|-damage|p1b: Indeedee|0 fnt\n|-unboost|p2b: Scizor|def|1\n|-unboost|p2b: Scizor|spd|1\n|faint|p1b: Indeedee\n|-damage|p2b: Scizor|91\/100|[from] item: Life Orb\n|move|p2a: Vaporeon|Muddy Water|p1a: Iron Bundle\n|-resisted|p1a: Iron Bundle\n|-damage|p1a: Iron Bundle|55\/100\n|\n|-weather|Snow|[upkeep]\n|-heal|p2a: Vaporeon|26\/100|[from] item: Leftovers\n|upkeep\n|\n|t:|1682581843\n|switch|p1b: Abomasnow|Abomasnow, L50, F, tera:Water|76\/100\n|turn|4\n|\n|t:|1682581857\n|move|p2a: Vaporeon|Protect|p2a: Vaporeon\n|-singleturn|p2a: Vaporeon|Protect\n|move|p1a: Iron Bundle|Hydro Pump|p2b: Scizor\n|-damage|p2b: Scizor|0 fnt\n|faint|p2b: Scizor\n|move|p1b: Abomasnow|Energy Ball|p2a: Vaporeon\n|-activate|p2a: Vaporeon|move: Protect\n|\n|-weather|Snow|[upkeep]\n|-heal|p2a: Vaporeon|32\/100|[from] item: Leftovers\n|-heal|p1b: Abomasnow|82\/100|[from] item: Leftovers\n|upkeep\n|turn|5\n|-message|bigbfps forfeited.\n|\n|win|Vitalis24\n|raw|Vitalis24's rating: 1294 → 1317<\/strong> (+23 for winning)\n|raw|bigbfps's rating: 1273 → 1250<\/strong> (-23 for losing)\n|l|\u2606bigbfps\n","uploadtime":1682581873,"views":17,"p1id":"vitalis24","p2id":"bigbfps","formatid":"gen9vgc2023regulationc","rating":1250,"private":0,"password":""}