{"id":"gen9vgc2023regulationc-1852006638","p1":"haha u rage quit","p2":"RT777","format":"[Gen 9] VGC 2023 Regulation C","log":"|j|\u2606haha u rage quit\n|j|\u2606RT777\n|t:|1682516102\n|gametype|doubles\n|player|p1|haha u rage quit|pokemaniac|1411\n|player|p2|RT777|karen|1409\n|teamsize|p1|6\n|teamsize|p2|6\n|gen|9\n|tier|[Gen 9] VGC 2023 Regulation C\n|rated|\n|rule|Species Clause: Limit one of each Pok\u00e9mon\n|rule|Item Clause: Limit one of each item\n|clearpoke\n|poke|p1|Glimmora, L50, M|\n|poke|p1|Iron Bundle, L50|\n|poke|p1|Dondozo, L50, M|\n|poke|p1|Dragonite, L50, M|\n|poke|p1|Tatsugiri-Droopy, L50, M|\n|poke|p1|Chi-Yu, L50|\n|poke|p2|Vivillon-Monsoon, L50, F|\n|poke|p2|Ting-Lu, L50|\n|poke|p2|Bronzong, L50|\n|poke|p2|Iron Hands, L50|\n|poke|p2|Iron Bundle, L50|\n|poke|p2|Abomasnow, L50, M|\n|teampreview|4\n|inactive|Battle timer is ON: inactive players will automatically lose when time's up. (requested by RT777)\n|j| Braindeadmeta\n|\n|t:|1682516127\n|start\n|switch|p1a: Iron Bundle|Iron Bundle, L50, shiny|100\/100\n|switch|p1b: Chi-Yu|Chi-Yu, L50|100\/100\n|switch|p2a: Vivillon|Vivillon-Monsoon, L50, F|100\/100\n|switch|p2b: Ting-Lu|Ting-Lu, L50|100\/100\n|-ability|p1b: Chi-Yu|Beads of Ruin\n|-ability|p2b: Ting-Lu|Vessel of Ruin\n|-enditem|p1a: Iron Bundle|Booster Energy\n|-activate|p1a: Iron Bundle|ability: Quark Drive|[fromitem]\n|-start|p1a: Iron Bundle|quarkdrivespe\n|turn|1\n|\n|t:|1682516146\n|move|p2a: Vivillon|Protect|p2a: Vivillon\n|-singleturn|p2a: Vivillon|Protect\n|move|p1b: Chi-Yu|Protect|p1b: Chi-Yu\n|-singleturn|p1b: Chi-Yu|Protect\n|move|p1a: Iron Bundle|Icy Wind|p2b: Ting-Lu|[spread] p2b\n|-activate|p2a: Vivillon|move: Protect\n|-supereffective|p2b: Ting-Lu\n|-damage|p2b: Ting-Lu|74\/100\n|-unboost|p2b: Ting-Lu|spe|1\n|move|p2b: Ting-Lu|Earthquake|p1a: Iron Bundle|[spread] p1a\n|-activate|p2a: Vivillon|move: Protect\n|-activate|p1b: Chi-Yu|move: Protect\n|-damage|p1a: Iron Bundle|28\/100\n|\n|upkeep\n|turn|2\n|\n|t:|1682516167\n|move|p1a: Iron Bundle|Icy Wind|p2a: Vivillon|[spread] p2a,p2b\n|-supereffective|p2a: Vivillon\n|-supereffective|p2b: Ting-Lu\n|-damage|p2a: Vivillon|30\/100\n|-damage|p2b: Ting-Lu|50\/100\n|-unboost|p2a: Vivillon|spe|1\n|-unboost|p2b: Ting-Lu|spe|1\n|move|p1b: Chi-Yu|Heat Wave|p2b: Ting-Lu|[spread] p2a,p2b\n|-supereffective|p2a: Vivillon\n|-crit|p2a: Vivillon\n|-damage|p2a: Vivillon|0 fnt\n|-damage|p2b: Ting-Lu|23\/100\n|faint|p2a: Vivillon\n|move|p2b: Ting-Lu|Earthquake|p1a: Iron Bundle|[spread] p1a,p1b\n|-supereffective|p1b: Chi-Yu\n|-damage|p1a: Iron Bundle|0 fnt\n|-enditem|p1b: Chi-Yu|Focus Sash\n|-damage|p1b: Chi-Yu|1\/100\n|faint|p1a: Iron Bundle\n|-end|p1a: Iron Bundle|Quark Drive|[silent]\n|\n|upkeep\n|j| THUNDERSND77\n|\n|t:|1682516184\n|switch|p1a: Dondozo|Dondozo, L50, M|100\/100\n|switch|p2a: Iron Bundle|Iron Bundle, L50|100\/100\n|-enditem|p2a: Iron Bundle|Booster Energy\n|-activate|p2a: Iron Bundle|ability: Quark Drive|[fromitem]\n|-start|p2a: Iron Bundle|quarkdrivespe\n|turn|3\n|\n|t:|1682516197\n|switch|p1b: Tatsugiri|Tatsugiri-Droopy, L50, M|100\/100\n|-activate|p1b: Tatsugiri|ability: Commander|[of] p1a: Dondozo\n|-boost|p1a: Dondozo|atk|2\n|-boost|p1a: Dondozo|spa|2\n|-boost|p1a: Dondozo|spe|2\n|-boost|p1a: Dondozo|def|2\n|-boost|p1a: Dondozo|spd|2\n|switch|p2b: Abomasnow|Abomasnow, L50, M|100\/100\n|-weather|Snow|[from] ability: Snow Warning|[of] p2b: Abomasnow\n|-terastallize|p1a: Dondozo|Electric\n|move|p2a: Iron Bundle|Aurora Veil|p2a: Iron Bundle\n|-sidestart|p2: RT777|move: Aurora Veil\n|move|p1a: Dondozo|Tera Blast|p2a: Iron Bundle\n|-supereffective|p2a: Iron Bundle\n|-crit|p2a: Iron Bundle\n|-damage|p2a: Iron Bundle|0 fnt\n|faint|p2a: Iron Bundle\n|-end|p2a: Iron Bundle|Quark Drive|[silent]\n|\n|-weather|Snow|[upkeep]\n|upkeep\n|\n|t:|1682516217\n|switch|p2a: Ting-Lu|Ting-Lu, L50|23\/100\n|-ability|p2a: Ting-Lu|Vessel of Ruin\n|turn|4\n|\n|t:|1682516230\n|move|p1a: Dondozo|Wave Crash|p2a: Ting-Lu\n|-supereffective|p2a: Ting-Lu\n|-damage|p2a: Ting-Lu|0 fnt\n|faint|p2a: Ting-Lu\n|-damage|p1a: Dondozo|92\/100|[from] Recoil\n|move|p2b: Abomasnow|Blizzard|p1b: Tatsugiri|[spread] p1a\n|-miss|p2b: Abomasnow|p1b: Tatsugiri\n|-damage|p1a: Dondozo|69\/100\n|-damage|p2b: Abomasnow|91\/100|[from] item: Life Orb\n|\n|-weather|Snow|[upkeep]\n|upkeep\n|turn|5\n|-message|RT777 forfeited.\n|\n|win|haha u rage quit\n|raw|haha u rage quit's rating: 1411 → 1431<\/strong> (+20 for winning)\n|raw|RT777's rating: 1409 → 1389<\/strong> (-20 for losing)\n|l|\u2606RT777\n|l| Braindeadmeta\n|l| THUNDERSND77\n","uploadtime":1682516251,"views":12,"p1id":"hahauragequit","p2id":"rt777","formatid":"gen9vgc2023regulationc","rating":1389,"private":0,"password":""}