{"id":"gen9vgc2023regulationc-1848809009","p1":"Barry Baksteen","p2":"Alaskan_fisher","format":"[Gen 9] VGC 2023 Regulation C","log":"|j|\u2606Barry Baksteen\n|j|\u2606Alaskan_fisher\n|t:|1682112675\n|gametype|doubles\n|player|p1|Barry Baksteen|gambler|1226\n|player|p2|Alaskan_fisher|fisherman-gen4|1299\n|teamsize|p1|6\n|teamsize|p2|6\n|gen|9\n|tier|[Gen 9] VGC 2023 Regulation C\n|rated|\n|rule|Species Clause: Limit one of each Pok\u00e9mon\n|rule|Item Clause: Limit one of each item\n|clearpoke\n|poke|p1|Chien-Pao, L50|\n|poke|p1|Gogoat, L50, F|\n|poke|p1|Arboliva, L50, F|\n|poke|p1|Wo-Chien, L50|\n|poke|p1|Ceruledge, L50, M|\n|poke|p1|Iron Moth, L50|\n|poke|p2|Baxcalibur, L50, M|\n|poke|p2|Palafin, L50, F|\n|poke|p2|Arcanine, L50, M|\n|poke|p2|Flutter Mane, L50|\n|poke|p2|Chi-Yu, L50|\n|poke|p2|Amoonguss, L50, F|\n|teampreview|4\nAlaskan_fisher has agreed to open team sheets.\n|\n|t:|1682112730\n|start\n|switch|p1a: Iron Moth|Iron Moth, L50|100\/100\n|switch|p1b: Ceruledge|Ceruledge, L50, M|100\/100\n|switch|p2a: Baxcalibur|Baxcalibur, L50, M|100\/100\n|switch|p2b: Arcanine|Arcanine, L50, M|100\/100\n|-ability|p2b: Arcanine|Intimidate|boost\n|-unboost|p1a: Iron Moth|atk|1\n|-unboost|p1b: Ceruledge|atk|1\n|turn|1\n|\n|t:|1682112784\n|switch|p2b: Flutter Mane|Flutter Mane, L50|100\/100\n|move|p1a: Iron Moth|Sludge Wave|p2a: Baxcalibur|[spread] p1b,p2a,p2b\n|-resisted|p1b: Ceruledge\n|-damage|p1b: Ceruledge|74\/100\n|-damage|p2a: Baxcalibur|54\/100\n|-damage|p2b: Flutter Mane|60\/100\n|move|p1b: Ceruledge|Bulk Up|p1b: Ceruledge\n|-boost|p1b: Ceruledge|atk|1\n|-boost|p1b: Ceruledge|def|1\n|move|p2a: Baxcalibur|Dragon Dance|p2a: Baxcalibur\n|-boost|p2a: Baxcalibur|atk|1\n|-boost|p2a: Baxcalibur|spe|1\n|\n|upkeep\n|turn|2\n|\n|t:|1682112830\n|-terastallize|p2a: Baxcalibur|Poison\n|-terastallize|p1b: Ceruledge|Steel\n|move|p1b: Ceruledge|Shadow Sneak|p2b: Flutter Mane\n|-supereffective|p2b: Flutter Mane\n|-damage|p2b: Flutter Mane|0 fnt\n|faint|p2b: Flutter Mane\n|-end|p2b: Flutter Mane|Protosynthesis|[silent]\n|-damage|p1b: Ceruledge|64\/100|[from] item: Life Orb\n|move|p1a: Iron Moth|Sludge Wave|p2a: Baxcalibur|[spread] p2a\n|-immune|p1b: Ceruledge\n|-resisted|p2a: Baxcalibur\n|-damage|p2a: Baxcalibur|31\/100\n|move|p2a: Baxcalibur|Glaive Rush|p1a: Iron Moth\n|-damage|p1a: Iron Moth|0 fnt\n|-singlemove|p2a: Baxcalibur|Glaive Rush|[silent]\n|faint|p1a: Iron Moth\n|-end|p1a: Iron Moth|Quark Drive|[silent]\n|\n|upkeep\n|\n|t:|1682112863\n|switch|p2b: Chi-Yu|Chi-Yu, L50|100\/100\n|switch|p1a: Gogoat|Gogoat, L50, F|100\/100\n|-ability|p2b: Chi-Yu|Beads of Ruin\n|turn|3\n|\n|t:|1682112875\n|move|p2b: Chi-Yu|Dark Pulse|p1b: Ceruledge\n|-damage|p1b: Ceruledge|0 fnt\n|faint|p1b: Ceruledge\n|move|p2a: Baxcalibur|Icicle Spear|p1a: Gogoat\n|-supereffective|p1a: Gogoat\n|-damage|p1a: Gogoat|54\/100\n|-supereffective|p1a: Gogoat\n|-damage|p1a: Gogoat|0 fnt\n|faint|p1a: Gogoat\n|-hitcount|p1: Gogoat|2\n|\n|upkeep\n|\n|t:|1682112878\n|switch|p1b: Chien-Pao|Chien-Pao, L50|100\/100\n|-ability|p1b: Chien-Pao|Sword of Ruin\n|turn|4\n|\n|t:|1682112926\n|switch|p2b: Arcanine|Arcanine, L50, M|100\/100\n|-ability|p2b: Arcanine|Intimidate|boost\n|-unboost|p1b: Chien-Pao|atk|1\n|move|p2a: Baxcalibur|Icicle Spear|p1b: Chien-Pao\n|-resisted|p1b: Chien-Pao\n|-damage|p1b: Chien-Pao|87\/100\n|-resisted|p1b: Chien-Pao\n|-damage|p1b: Chien-Pao|73\/100\n|-resisted|p1b: Chien-Pao\n|-damage|p1b: Chien-Pao|58\/100\n|-resisted|p1b: Chien-Pao\n|-damage|p1b: Chien-Pao|42\/100\n|-resisted|p1b: Chien-Pao\n|-damage|p1b: Chien-Pao|26\/100\n|-hitcount|p1b: Chien-Pao|5\n|move|p1b: Chien-Pao|Ice Spinner|p2a: Baxcalibur\n|-damage|p2a: Baxcalibur|0 fnt\n|faint|p2a: Baxcalibur\n|\n|upkeep\n|\n|t:|1682112960\n|switch|p2a: Chi-Yu|Chi-Yu, L50|100\/100\n|-ability|p2a: Chi-Yu|Beads of Ruin\n|turn|5\n|\n|t:|1682112967\n|move|p2a: Chi-Yu|Flamethrower|p1b: Chien-Pao\n|-supereffective|p1b: Chien-Pao\n|-damage|p1b: Chien-Pao|0 fnt\n|faint|p1b: Chien-Pao\n|\n|win|Alaskan_fisher\n|raw|Barry Baksteen's rating: 1226 → 1206<\/strong> (-20 for losing)\n|raw|Alaskan_fisher's rating: 1299 → 1319<\/strong> (+20 for winning)\n|l|\u2606Barry Baksteen\n","uploadtime":1682113206,"views":11,"p1id":"barrybaksteen","p2id":"alaskanfisher","formatid":"gen9vgc2023regulationc","rating":1206,"private":0,"password":""}