{"id":"gen9vgc2023regulationc-1855641868","p1":"felipeand_VGC","p2":"perferw","format":"[Gen 9] VGC 2023 Regulation C","log":"|j|\u2606felipeand_VGC\n|j|\u2606perferw\n|t:|1682969062\n|gametype|doubles\n|player|p1|felipeand_VGC|101|1637\n|player|p2|perferw|101|1742\n|teamsize|p1|6\n|teamsize|p2|6\n|gen|9\n|tier|[Gen 9] VGC 2023 Regulation C\n|rated|\n|rule|Species Clause: Limit one of each Pok\u00e9mon\n|rule|Item Clause: Limit one of each item\n|clearpoke\n|poke|p1|Flutter Mane, L50|\n|poke|p1|Iron Bundle, L50|\n|poke|p1|Talonflame, L50, M|\n|poke|p1|Scizor, L50, M|\n|poke|p1|Gastrodon, L50, F|\n|poke|p1|Garchomp, L50, F|\n|poke|p2|Chien-Pao, L50|\n|poke|p2|Dragapult, L50, F|\n|poke|p2|Talonflame, L50, F|\n|poke|p2|Amoonguss, L50, M|\n|poke|p2|Flutter Mane, L50|\n|poke|p2|Arcanine, L50, F|\n|teampreview|4\n|inactive|Battle timer is ON: inactive players will automatically lose when time's up. (requested by perferw)\nperferw has agreed to open team sheets.\nfelipeand_VGC has agreed to open team sheets.\n|inactive|felipeand_VGC has 60 seconds left.\n|inactive|perferw has 60 seconds left.\n|inactive|felipeand_VGC has 30 seconds left.\n|inactive|perferw has 30 seconds left.\n|inactive|felipeand_VGC has 20 seconds left.\n|inactive|perferw has 20 seconds left.\n|inactive|felipeand_VGC has 15 seconds left.\n|inactive|perferw has 15 seconds left.\n|inactive|felipeand_VGC has 10 seconds left.\n|inactive|perferw has 10 seconds left.\n|inactive|felipeand_VGC has 5 seconds left.\n|inactive|perferw has 5 seconds left.\n|\n|t:|1682969152\n|start\n|switch|p1a: Flutter Mane|Flutter Mane, L50|100\/100\n|switch|p1b: Iron Bundle|Iron Bundle, L50|100\/100\n|switch|p2a: Talonflame|Talonflame, L50, F|100\/100\n|switch|p2b: Flutter Mane|Flutter Mane, L50|100\/100\n|-enditem|p1b: Iron Bundle|Booster Energy\n|-activate|p1b: Iron Bundle|ability: Quark Drive|[fromitem]\n|-start|p1b: Iron Bundle|quarkdrivespe\n|-enditem|p2b: Flutter Mane|Booster Energy\n|-activate|p2b: Flutter Mane|ability: Protosynthesis|[fromitem]\n|-start|p2b: Flutter Mane|protosynthesisspa\n|turn|1\n|inactive|felipeand_VGC has 30 seconds left.\n|inactive|felipeand_VGC has 20 seconds left.\n|inactive|felipeand_VGC has 15 seconds left.\n|inactive|felipeand_VGC has 10 seconds left.\n|inactive|felipeand_VGC has 5 seconds left.\n|\n|t:|1682969203\n|-end|p1b: Iron Bundle|Quark Drive|[silent]\n|switch|p1b: Scizor|Scizor, L50, M|100\/100\n|-terastallize|p1a: Flutter Mane|Fairy\n|move|p2a: Talonflame|Tailwind|p2a: Talonflame\n|-sidestart|p2: perferw|move: Tailwind\n|move|p2b: Flutter Mane|Moonblast|p1b: Scizor\n|-resisted|p1b: Scizor\n|-damage|p1b: Scizor|62\/100\n|move|p1a: Flutter Mane|Dazzling Gleam|p2b: Flutter Mane|[spread] p2a,p2b\n|-resisted|p2a: Talonflame\n|-damage|p2a: Talonflame|53\/100\n|-damage|p2b: Flutter Mane|38\/100\n|\n|upkeep\n|turn|2\n|inactive|felipeand_VGC has 30 seconds left.\n|inactive|perferw has 30 seconds left.\n|j| Withoutexcuse\n|inactive|felipeand_VGC has 20 seconds left.\n|inactive|felipeand_VGC has 15 seconds left.\n|inactive|felipeand_VGC has 10 seconds left.\n|\n|t:|1682969248\n|-end|p2b: Flutter Mane|Protosynthesis|[silent]\n|switch|p2b: Arcanine|Arcanine, L50, F|100\/100\n|-ability|p2b: Arcanine|Intimidate|boost\n|-unboost|p1a: Flutter Mane|atk|1\n|-unboost|p1b: Scizor|atk|1\n|-end|p1a: Flutter Mane|Protosynthesis|[silent]\n|switch|p1a: Talonflame|Talonflame, L50, M|100\/100\n|move|p1b: Scizor|Bullet Punch|p2b: Arcanine\n|-resisted|p2b: Arcanine\n|-damage|p2b: Arcanine|89\/100\n|move|p2a: Talonflame|Brave Bird|p1a: Talonflame\n|-damage|p1a: Talonflame|44\/100\n|-damage|p2a: Talonflame|30\/100|[from] Recoil\n|\n|upkeep\n|turn|3\n|inactive|felipeand_VGC has 30 seconds left.\n|inactive|perferw has 30 seconds left.\n|inactive|felipeand_VGC has 20 seconds left.\n|inactive|felipeand_VGC has 15 seconds left.\n|\n|t:|1682969289\n|move|p1b: Scizor|Protect|p1b: Scizor\n|-singleturn|p1b: Scizor|Protect\n|move|p2a: Talonflame|Brave Bird|p1b: Scizor\n|-activate|p1b: Scizor|move: Protect\n|move|p2b: Arcanine|Flare Blitz|p1a: Talonflame\n|-resisted|p1a: Talonflame\n|-damage|p1a: Talonflame|2\/100\n|-damage|p2b: Arcanine|76\/100|[from] Recoil\n|move|p1a: Talonflame|Tailwind|p1a: Talonflame\n|-sidestart|p1: felipeand_VGC|move: Tailwind\n|\n|upkeep\n|turn|4\n|inactive|felipeand_VGC has 30 seconds left.\n|inactive|perferw has 30 seconds left.\n|inactive|felipeand_VGC has 20 seconds left.\n|inactive|felipeand_VGC has 15 seconds left.\n|inactive|felipeand_VGC has 10 seconds left.\n|inactive|felipeand_VGC has 5 seconds left.\n|\n|t:|1682969341\n|switch|p1b: Iron Bundle|Iron Bundle, L50|100\/100\n|move|p2b: Arcanine|Protect|p2b: Arcanine\n|-singleturn|p2b: Arcanine|Protect\n|move|p2a: Talonflame|Brave Bird|p1a: Talonflame\n|-damage|p1a: Talonflame|0 fnt\n|faint|p1a: Talonflame\n|-damage|p2a: Talonflame|30\/100|[from] Recoil\n|\n|-sideend|p2: perferw|move: Tailwind\n|upkeep\n|\n|t:|1682969356\n|switch|p1a: Flutter Mane|Flutter Mane, L50, tera:Fairy|100\/100\n|turn|5\n|\n|t:|1682969379\n|move|p2b: Arcanine|Extreme Speed|p1b: Iron Bundle\n|-damage|p1b: Iron Bundle|66\/100\n|move|p1b: Iron Bundle|Encore|p2b: Arcanine\n|-start|p2b: Arcanine|Encore\n|move|p1a: Flutter Mane|Shadow Ball|p2a: Talonflame\n|-damage|p2a: Talonflame|0 fnt\n|faint|p2a: Talonflame\n|\n|upkeep\n|\n|t:|1682969388\n|switch|p2a: Chien-Pao|Chien-Pao, L50|100\/100\n|-ability|p2a: Chien-Pao|Sword of Ruin\n|turn|6\n|j| SeydouVGC\n|\n|t:|1682969408\n|-terastallize|p2b: Arcanine|Water\n|move|p2a: Chien-Pao|Protect|p2a: Chien-Pao\n|-singleturn|p2a: Chien-Pao|Protect\n|move|p2b: Arcanine|Extreme Speed|p1a: Flutter Mane\n|-damage|p1a: Flutter Mane|33\/100\n|move|p1b: Iron Bundle|Icy Wind|p2b: Arcanine|[spread] p2b\n|-activate|p2a: Chien-Pao|move: Protect\n|-resisted|p2b: Arcanine\n|-damage|p2b: Arcanine|65\/100\n|-unboost|p2b: Arcanine|spe|1\n|move|p1a: Flutter Mane|Shadow Ball|p2b: Arcanine\n|-damage|p2b: Arcanine|0 fnt\n|faint|p2b: Arcanine\n|\n|-sideend|p1: felipeand_VGC|move: Tailwind\n|upkeep\n|\n|t:|1682969417\n|switch|p2b: Flutter Mane|Flutter Mane, L50|38\/100\n|turn|7\n|inactive|felipeand_VGC has 30 seconds left.\n|inactive|felipeand_VGC has 20 seconds left.\n|inactive|felipeand_VGC has 15 seconds left.\n|inactive|felipeand_VGC has 10 seconds left.\n|j| efrgebgf\n|\n|t:|1682969465\n|move|p2a: Chien-Pao|Sucker Punch|p1a: Flutter Mane\n|-resisted|p1a: Flutter Mane\n|-damage|p1a: Flutter Mane|0 fnt\n|faint|p1a: Flutter Mane\n|-end|p1a: Flutter Mane|Protosynthesis|[silent]\n|move|p1b: Iron Bundle|Icy Wind|p2a: Chien-Pao|[spread] p2a,p2b\n|-resisted|p2a: Chien-Pao\n|-damage|p2a: Chien-Pao|85\/100\n|-damage|p2b: Flutter Mane|18\/100\n|-unboost|p2a: Chien-Pao|spe|1\n|-unboost|p2b: Flutter Mane|spe|1\n|move|p2b: Flutter Mane|Moonblast|p1b: Iron Bundle\n|-damage|p1b: Iron Bundle|0 fnt\n|faint|p1b: Iron Bundle\n|-end|p1b: Iron Bundle|Quark Drive|[silent]\n|\n|upkeep\n|\n|t:|1682969478\n|switch|p1a: Scizor|Scizor, L50, M|62\/100\n|turn|8\n|j| Wecbonbon\n|inactive|perferw has 30 seconds left.\n|inactive|perferw has 20 seconds left.\n|inactive|perferw has 15 seconds left.\n|inactive|perferw has 10 seconds left.\n|\n|t:|1682969523\n|move|p2b: Flutter Mane|Protect|p2b: Flutter Mane\n|-singleturn|p2b: Flutter Mane|Protect\n|move|p1a: Scizor|Protect|p1a: Scizor\n|-singleturn|p1a: Scizor|Protect\n|move|p2a: Chien-Pao|Sacred Sword|p1a: Scizor\n|-activate|p1a: Scizor|move: Protect\n|\n|upkeep\n|turn|9\n|j| shinzo54\n|\n|t:|1682969547\n|move|p2a: Chien-Pao|Sucker Punch|p1a: Scizor\n|-damage|p1a: Scizor|17\/100\n|move|p1a: Scizor|Bullet Punch|p2b: Flutter Mane\n|-supereffective|p2b: Flutter Mane\n|-damage|p2b: Flutter Mane|0 fnt\n|faint|p2b: Flutter Mane\n|-end|p2b: Flutter Mane|Protosynthesis|[silent]\n|\n|upkeep\n|turn|10\n|\n|t:|1682969554\n|move|p1a: Scizor|Protect|p1a: Scizor\n|-singleturn|p1a: Scizor|Protect\n|move|p2a: Chien-Pao|Sucker Punch||[still]\n|-fail|p2a: Chien-Pao\n|\n|upkeep\n|turn|11\n|\n|t:|1682969565\n|move|p1a: Scizor|Protect||[still]\n|-fail|p1a: Scizor\n|move|p2a: Chien-Pao|Sucker Punch||[still]\n|-fail|p2a: Chien-Pao\n|\n|upkeep\n|turn|12\n|\n|t:|1682969578\n|move|p1a: Scizor|Protect|p1a: Scizor\n|-singleturn|p1a: Scizor|Protect\n|move|p2a: Chien-Pao|Sucker Punch||[still]\n|-fail|p2a: Chien-Pao\n|\n|upkeep\n|turn|13\n|inactive|felipeand_VGC has 30 seconds left.\n|\n|t:|1682969605\n|move|p1a: Scizor|Protect|p1a: Scizor\n|-singleturn|p1a: Scizor|Protect\n|move|p2a: Chien-Pao|Sucker Punch||[still]\n|-fail|p2a: Chien-Pao\n|\n|upkeep\n|turn|14\n|inactive|felipeand_VGC has 30 seconds left.\n|\n|t:|1682969635\n|move|p1a: Scizor|Protect||[still]\n|-fail|p1a: Scizor\n|move|p2a: Chien-Pao|Sucker Punch||[still]\n|-fail|p2a: Chien-Pao\n|\n|upkeep\n|turn|15\n|\n|t:|1682969642\n|move|p1a: Scizor|Protect|p1a: Scizor\n|-singleturn|p1a: Scizor|Protect\n|move|p2a: Chien-Pao|Sacred Sword|p1a: Scizor\n|-activate|p1a: Scizor|move: Protect\n|\n|upkeep\n|turn|16\n|\n|t:|1682969650\n|move|p1a: Scizor|Bullet Punch|p2a: Chien-Pao\n|-supereffective|p2a: Chien-Pao\n|-damage|p2a: Chien-Pao|0 fnt\n|faint|p2a: Chien-Pao\n|\n|win|felipeand_VGC\n|raw|felipeand_VGC's rating: 1637 → 1663<\/strong> (+26 for winning)\n|raw|perferw's rating: 1742 → 1716<\/strong> (-26 for losing)\n|l|\u2606perferw\n|l| Wecbonbon\n","uploadtime":1682969669,"views":13,"p1id":"felipeandvgc","p2id":"perferw","formatid":"gen9vgc2023regulationc","rating":1663,"private":0,"password":""}