{"id":"gen9vgc2023regulationc-1847660496","p1":"Cranklex2","p2":"ImLordKai","format":"[Gen 9] VGC 2023 Regulation C","log":"|j|\u2606Cranklex2\n|j|\u2606ImLordKai\n|t:|1681989092\n|gametype|doubles\n|player|p1|Cranklex2|psychicf-gen4|1088\n|player|p2|ImLordKai|265|1104\n|teamsize|p1|6\n|teamsize|p2|6\n|gen|9\n|tier|[Gen 9] VGC 2023 Regulation C\n|rated|\n|rule|Species Clause: Limit one of each Pok\u00e9mon\n|rule|Item Clause: Limit one of each item\n|clearpoke\n|poke|p1|Tinkaton, L50, F|\n|poke|p1|Braviary, L50, M|\n|poke|p1|Passimian, L50, F|\n|poke|p1|Kingambit, L50, F|\n|poke|p1|Kilowattrel, L50, M|\n|poke|p1|Oranguru, L50, F|\n|poke|p2|Pelipper, L50, M|\n|poke|p2|Palafin, L50, M|\n|poke|p2|Beartic, L50, F|\n|poke|p2|Lumineon, L50, F|\n|poke|p2|Ting-Lu, L50|\n|poke|p2|Flutter Mane, L50|\n|teampreview|4\n|inactive|Battle timer is ON: inactive players will automatically lose when time's up. (requested by ImLordKai)\n|c|\u2606ImLordKai|hi\n|inactive|Cranklex2 has 60 seconds left.\n|\n|t:|1681989124\n|start\n|switch|p1a: Tinkaton|Tinkaton, L50, F|100\/100\n|switch|p1b: Kingambit|Kingambit, L50, F|100\/100\n|switch|p2a: Palafin|Palafin, L50, M|100\/100\n|switch|p2b: Pelipper|Pelipper, L50, M|100\/100\n|-ability|p1a: Tinkaton|Mold Breaker\n|-weather|RainDance|[from] ability: Drizzle|[of] p2b: Pelipper\n|turn|1\n|inactive|Cranklex2 has 30 seconds left.\n|inactive|ImLordKai has 30 seconds left.\n|\n|t:|1681989154\n|detailschange|p2a: Palafin|Palafin-Hero, L50, M\n|switch|p2a: Beartic|Beartic, L50, F|100\/100\n|move|p1a: Tinkaton|Bulldoze|p2b: Pelipper|[spread] p1b,p2a\n|-immune|p2b: Pelipper\n|-supereffective|p1b: Kingambit\n|-damage|p1b: Kingambit|88\/100\n|-damage|p2a: Beartic|91\/100\n|-unboost|p1b: Kingambit|spe|1\n|-unboost|p2a: Beartic|spe|1\n|-enditem|p1b: Kingambit|Weakness Policy\n|-boost|p1b: Kingambit|atk|2|[from] item: Weakness Policy\n|-boost|p1b: Kingambit|spa|2|[from] item: Weakness Policy\n|move|p2b: Pelipper|Hurricane|p1b: Kingambit\n|-resisted|p1b: Kingambit\n|-damage|p1b: Kingambit|72\/100\n|-start|p1b: Kingambit|confusion\n|-activate|p1b: Kingambit|confusion\n|-damage|p1b: Kingambit|52\/100|[from] confusion\n|\n|-weather|RainDance|[upkeep]\n|upkeep\n|turn|2\n|inactive|ImLordKai has 30 seconds left.\n|\n|t:|1681989187\n|switch|p2b: Palafin|Palafin-Hero, L50, M|100\/100\n|-activate|p2b: Palafin|ability: Zero to Hero\n|-end|p1b: Kingambit|confusion\n|move|p1b: Kingambit|Sucker Punch|p2a: Beartic\n|-damage|p2a: Beartic|0 fnt\n|faint|p2a: Beartic\n|move|p1a: Tinkaton|Gigaton Hammer|p2b: Palafin\n|-resisted|p2b: Palafin\n|-damage|p2b: Palafin|79\/100\n|\n|-weather|RainDance|[upkeep]\n|upkeep\n|\n|t:|1681989198\n|switch|p2a: Lumineon|Lumineon, L50, F|100\/100\n|turn|3\n|\n|t:|1681989214\n|move|p2a: Lumineon|Helping Hand|p2b: Palafin\n|-singleturn|p2b: Palafin|Helping Hand|[of] p2a: Lumineon\n|move|p1a: Tinkaton|Helping Hand|p1b: Kingambit\n|-singleturn|p1b: Kingambit|Helping Hand|[of] p1a: Tinkaton\n|move|p2b: Palafin|Jet Punch|p1b: Kingambit\n|-damage|p1b: Kingambit|0 fnt\n|faint|p1b: Kingambit\n|\n|-weather|RainDance|[upkeep]\n|upkeep\n|\n|t:|1681989228\n|switch|p1b: Braviary|Braviary, L50, M|100\/100\n|turn|4\n|\n|t:|1681989244\n|-terastallize|p2b: Palafin|Water\n|move|p1b: Braviary|Protect|p1b: Braviary\n|-singleturn|p1b: Braviary|Protect\n|move|p2a: Lumineon|Encore|p1a: Tinkaton\n|-start|p1a: Tinkaton|Encore\n|move|p2b: Palafin|Waterfall|p1b: Braviary\n|-activate|p1b: Braviary|move: Protect\n|move|p1a: Tinkaton|Helping Hand||[still]\n|-fail|p1a: Tinkaton\n|\n|-weather|RainDance|[upkeep]\n|upkeep\n|turn|5\n|\n|t:|1681989266\n|-terastallize|p1b: Braviary|Flying\n|move|p2a: Lumineon|Helping Hand|p2b: Palafin\n|-singleturn|p2b: Palafin|Helping Hand|[of] p2a: Lumineon\n|move|p1a: Tinkaton|Helping Hand|p1b: Braviary\n|-singleturn|p1b: Braviary|Helping Hand|[of] p1a: Tinkaton\n|move|p2b: Palafin|Waterfall|p1b: Braviary\n|-damage|p1b: Braviary|0 fnt\n|faint|p1b: Braviary\n|\n|-weather|none\n|upkeep\n|\n|t:|1681989276\n|switch|p1b: Passimian|Passimian, L50, F|100\/100\n|turn|6\n|\n|t:|1681989285\n|move|p1a: Tinkaton|Helping Hand|p1b: Passimian\n|-singleturn|p1b: Passimian|Helping Hand|[of] p1a: Tinkaton\n|move|p2a: Lumineon|Helping Hand|p2b: Palafin\n|-singleturn|p2b: Palafin|Helping Hand|[of] p2a: Lumineon\n|move|p2b: Palafin|Waterfall|p1b: Passimian\n|-damage|p1b: Passimian|0 fnt\n|faint|p1b: Passimian\n|\n|-end|p1a: Tinkaton|Encore\n|upkeep\n|turn|7\n|-message|Cranklex2 forfeited.\n|\n|win|ImLordKai\n|raw|Cranklex2's rating: 1088 → 1066<\/strong> (-22 for losing)\n|raw|ImLordKai's rating: 1104 → 1128<\/strong> (+24 for winning)\n|l|\u2606Cranklex2\n|c|\u2606ImLordKai|haha wow\n","uploadtime":1681989306,"views":15,"p1id":"cranklex2","p2id":"imlordkai","formatid":"gen9vgc2023regulationc","rating":1066,"private":0,"password":""}