{"id":"gen9vgc2023regulationc-1845953730","p1":"NoodleDude2355","p2":"ZeLazyName","format":"[Gen 9] VGC 2023 Regulation C","log":"|j|\u2606NoodleDude2355\n|j|\u2606ZeLazyName\n|t:|1681783319\n|gametype|doubles\n|player|p1|NoodleDude2355|266|1119\n|player|p2|ZeLazyName|102|1099\n|teamsize|p1|6\n|teamsize|p2|6\n|gen|9\n|tier|[Gen 9] VGC 2023 Regulation C\n|rated|\n|rule|Species Clause: Limit one of each Pok\u00e9mon\n|rule|Item Clause: Limit one of each item\n|clearpoke\n|poke|p1|Amoonguss, L50, M|\n|poke|p1|Garganacl, L50, F|\n|poke|p1|Dragonite, L50, M|\n|poke|p1|Chien-Pao, L50|\n|poke|p1|Iron Hands, L50|\n|poke|p1|Flutter Mane, L50|\n|poke|p2|Ceruledge, L50, F|\n|poke|p2|Baxcalibur, L50, F|\n|poke|p2|Iron Bundle, L50|\n|poke|p2|Roaring Moon, L50|\n|poke|p2|Torkoal, L50, F|\n|poke|p2|Flutter Mane, L50|\n|teampreview|4\n|\n|t:|1681783352\n|start\n|switch|p1a: Amoonguss|Amoonguss, L50, M|100\/100\n|switch|p1b: Iron Hands|Iron Hands, L50|100\/100\n|switch|p2a: Roaring Moon|Roaring Moon, L50|100\/100\n|switch|p2b: Torkoal|Torkoal, L50, F|100\/100\n|-weather|SunnyDay|[from] ability: Drought|[of] p2b: Torkoal\n|-activate|p2a: Roaring Moon|ability: Protosynthesis\n|-start|p2a: Roaring Moon|protosynthesisspe\n|turn|1\n|inactive|Battle timer is ON: inactive players will automatically lose when time's up. (requested by NoodleDude2355)\n|\n|t:|1681783389\n|-end|p2a: Roaring Moon|Protosynthesis|[silent]\n|switch|p2a: Flutter Mane|Flutter Mane, L50, shiny|100\/100\n|-activate|p2a: Flutter Mane|ability: Protosynthesis\n|-start|p2a: Flutter Mane|protosynthesisspe\n|move|p2b: Torkoal|Protect|p2b: Torkoal\n|-singleturn|p2b: Torkoal|Protect\n|move|p1b: Iron Hands|Drain Punch|p2a: Flutter Mane\n|-immune|p2a: Flutter Mane\n|move|p1a: Amoonguss|Spore|p2b: Torkoal\n|-activate|p2b: Torkoal|move: Protect\n|\n|-weather|SunnyDay|[upkeep]\n|upkeep\n|turn|2\n|inactive|NoodleDude2355 has 30 seconds left.\n|inactive|ZeLazyName has 30 seconds left.\n|\n|t:|1681783415\n|move|p2a: Flutter Mane|Psyshock|p1a: Amoonguss\n|-supereffective|p1a: Amoonguss\n|-damage|p1a: Amoonguss|15\/100\n|move|p1b: Iron Hands|Drain Punch|p2b: Torkoal\n|-damage|p2b: Torkoal|71\/100\n|move|p1a: Amoonguss|Clear Smog|p2a: Flutter Mane\n|-damage|p2a: Flutter Mane|75\/100\n|-clearboost|p2a: Flutter Mane\n|move|p2b: Torkoal|Will-O-Wisp|p1b: Iron Hands\n|-status|p1b: Iron Hands|brn\n|\n|-weather|SunnyDay|[upkeep]\n|-heal|p1a: Amoonguss|20\/100|[from] item: Black Sludge\n|-damage|p1b: Iron Hands|94\/100 brn|[from] brn\n|upkeep\n|turn|3\n|inactive|ZeLazyName has 30 seconds left.\n|\n|t:|1681783442\n|move|p2b: Torkoal|Protect|p2b: Torkoal\n|-singleturn|p2b: Torkoal|Protect\n|move|p2a: Flutter Mane|Psyshock|p1b: Iron Hands\n|-supereffective|p1b: Iron Hands\n|-damage|p1b: Iron Hands|41\/100 brn\n|move|p1b: Iron Hands|Belly Drum||[still]\n|-fail|p1b: Iron Hands\n|move|p1a: Amoonguss|Spore|p2a: Flutter Mane\n|-status|p2a: Flutter Mane|slp|[from] move: Spore\n|\n|-weather|SunnyDay|[upkeep]\n|-heal|p1a: Amoonguss|26\/100|[from] item: Black Sludge\n|-damage|p1b: Iron Hands|35\/100 brn|[from] brn\n|upkeep\n|turn|4\n|\n|t:|1681783457\n|move|p1b: Iron Hands|Protect|p1b: Iron Hands\n|-singleturn|p1b: Iron Hands|Protect\n|cant|p2a: Flutter Mane|slp\n|move|p1a: Amoonguss|Spore|p2b: Torkoal\n|-status|p2b: Torkoal|slp|[from] move: Spore\n|cant|p2b: Torkoal|slp\n|\n|-weather|SunnyDay|[upkeep]\n|-heal|p1a: Amoonguss|32\/100|[from] item: Black Sludge\n|-damage|p1b: Iron Hands|28\/100 brn|[from] brn\n|upkeep\n|turn|5\n|\n|t:|1681783470\n|-curestatus|p2a: Flutter Mane|slp|[msg]\n|move|p2a: Flutter Mane|Psyshock|p1a: Amoonguss\n|-supereffective|p1a: Amoonguss\n|-damage|p1a: Amoonguss|0 fnt\n|faint|p1a: Amoonguss\n|move|p1b: Iron Hands|Drain Punch|p2b: Torkoal\n|-damage|p2b: Torkoal|56\/100 slp\n|-heal|p1b: Iron Hands|35\/100 brn|[from] drain|[of] p2b: Torkoal\n|cant|p2b: Torkoal|slp\n|\n|-weather|none\n|-end|p2a: Flutter Mane|Protosynthesis\n|-damage|p1b: Iron Hands|29\/100 brn|[from] brn\n|upkeep\n|\n|t:|1681783483\n|switch|p1a: Chien-Pao|Chien-Pao, L50|100\/100\n|-ability|p1a: Chien-Pao|Sword of Ruin\n|turn|6\n|\n|t:|1681783499\n|-end|p2a: Flutter Mane|Protosynthesis|[silent]\n|switch|p2a: Ceruledge|Ceruledge, L50, F|100\/100\n|move|p1a: Chien-Pao|Throat Chop|p2a: Ceruledge\n|-supereffective|p2a: Ceruledge\n|-damage|p2a: Ceruledge|0 fnt\n|faint|p2a: Ceruledge\n|move|p1b: Iron Hands|Thunder Punch|p2b: Torkoal\n|-damage|p2b: Torkoal|38\/100 slp\n|-curestatus|p2b: Torkoal|slp|[msg]\n|move|p2b: Torkoal|Lava Plume|p1b: Iron Hands|[spread] p1a,p1b\n|-supereffective|p1a: Chien-Pao\n|-damage|p1a: Chien-Pao|14\/100\n|-damage|p1b: Iron Hands|13\/100 brn\n|\n|-damage|p1b: Iron Hands|7\/100 brn|[from] brn\n|upkeep\n|c|\u2606NoodleDude2355|!weakness torkoal\n|c| NoodleDude2355|\/raw Torkoal (ignoring abilities): Weaknesses<\/span>: Ground, Rock, Water Resistances<\/span>: Bug, Fairy, Fire, Grass, Ice, Steel Immunities<\/span>: Burn<\/div>\n|\n|t:|1681783515\n|switch|p2a: Flutter Mane|Flutter Mane, L50, shiny|75\/100\n|turn|7\n|\n|t:|1681783525\n|move|p2a: Flutter Mane|Dazzling Gleam|p1a: Chien-Pao|[spread] p1a,p1b\n|-supereffective|p1a: Chien-Pao\n|-supereffective|p1b: Iron Hands\n|-damage|p1a: Chien-Pao|0 fnt\n|-damage|p1b: Iron Hands|0 fnt\n|faint|p1a: Chien-Pao\n|faint|p1b: Iron Hands\n|-end|p1b: Iron Hands|Quark Drive|[silent]\n|move|p2b: Torkoal|Lava Plume|p2a: Flutter Mane\n|-damage|p2a: Flutter Mane|40\/100\n|\n|upkeep\n|\n|t:|1681783534\n|switch|p1a: Flutter Mane|Flutter Mane, L50|100\/100\n|-enditem|p1a: Flutter Mane|Booster Energy\n|-activate|p1a: Flutter Mane|ability: Protosynthesis|[fromitem]\n|-start|p1a: Flutter Mane|protosynthesisspe\n|turn|8\n|\n|t:|1681783546\n|-terastallize|p2a: Flutter Mane|Fairy\n|move|p1a: Flutter Mane|Shadow Ball|p2b: Torkoal\n|-damage|p2b: Torkoal|0 fnt\n|faint|p2b: Torkoal\n|move|p2a: Flutter Mane|Dazzling Gleam|p1a: Flutter Mane\n|-damage|p1a: Flutter Mane|10\/100\n|\n|upkeep\n|\n|t:|1681783554\n|switch|p2b: Roaring Moon|Roaring Moon, L50|100\/100\n|turn|9\n|\n|t:|1681783562\n|-terastallize|p1a: Flutter Mane|Fairy\n|move|p1a: Flutter Mane|Dazzling Gleam|p2b: Roaring Moon|[spread] p2a,p2b\n|-supereffective|p2b: Roaring Moon\n|-damage|p2a: Flutter Mane|0 fnt\n|-enditem|p2b: Roaring Moon|Focus Sash\n|-damage|p2b: Roaring Moon|1\/100\n|faint|p2a: Flutter Mane\n|-end|p2a: Flutter Mane|Protosynthesis|[silent]\n|move|p2b: Roaring Moon|Aerial Ace|p1a: Flutter Mane\n|-damage|p1a: Flutter Mane|0 fnt\n|faint|p1a: Flutter Mane\n|-end|p1a: Flutter Mane|Protosynthesis|[silent]\n|\n|win|ZeLazyName\n|raw|NoodleDude2355's rating: 1119 → 1093<\/strong> (-26 for losing)\n|raw|ZeLazyName's rating: 1099 → 1126<\/strong> (+27 for winning)\n|l|\u2606NoodleDude2355\n","uploadtime":1681783618,"views":10,"p1id":"noodledude2355","p2id":"zelazyname","formatid":"gen9vgc2023regulationc","rating":1093,"private":0,"password":""}