{"id":"gen9vgc2023regulationc-1855218618","p1":"KeysasReborn","p2":"Abugbog","format":"[Gen 9] VGC 2023 Regulation C","log":"|j|\u2606KeysasReborn\n|j|\u2606Abugbog\n|t:|1682916998\n|gametype|doubles\n|player|p1|KeysasReborn|266|1082\n|player|p2|Abugbog|2|1166\n|teamsize|p1|6\n|teamsize|p2|6\n|gen|9\n|tier|[Gen 9] VGC 2023 Regulation C\n|rated|\n|rule|Species Clause: Limit one of each Pok\u00e9mon\n|rule|Item Clause: Limit one of each item\n|clearpoke\n|poke|p1|Indeedee-F, L50, F|\n|poke|p1|Armarouge, L50, M|\n|poke|p1|Dondozo, L50, M|\n|poke|p1|Tatsugiri, L50, M|\n|poke|p1|Annihilape, L50, M|\n|poke|p1|Amoonguss, L50, M|\n|poke|p2|Ting-Lu, L50|\n|poke|p2|Iron Hands, L50|\n|poke|p2|Bronzong, L50|\n|poke|p2|Palafin, L50, M|\n|poke|p2|Annihilape, L50, M|\n|poke|p2|Amoonguss, L50, M|\n|teampreview|4\n|inactive|Battle timer is ON: inactive players will automatically lose when time's up. (requested by KeysasReborn)\n|inactive|Abugbog has 60 seconds left.\n|\n|t:|1682917075\n|start\n|switch|p1a: Indeedee|Indeedee-F, L50, F, shiny|100\/100\n|switch|p1b: Armarouge|Armarouge, L50, M, shiny|100\/100\n|switch|p2a: Ting-Lu|Ting-Lu, L50|100\/100\n|switch|p2b: Bronzong|Bronzong, L50|100\/100\n|-fieldstart|move: Psychic Terrain|[from] ability: Psychic Surge|[of] p1a: Indeedee\n|-ability|p2a: Ting-Lu|Vessel of Ruin\n|turn|1\n|inactive|KeysasReborn has 30 seconds left.\n|inactive|Abugbog has 30 seconds left.\n|inactive|KeysasReborn has 20 seconds left.\n|inactive|Abugbog has 20 seconds left.\n|\n|t:|1682917111\n|-terastallize|p2a: Ting-Lu|Poison\n|move|p1a: Indeedee|Follow Me|p1a: Indeedee\n|-singleturn|p1a: Indeedee|move: Follow Me\n|move|p1b: Armarouge|Armor Cannon|p2b: Bronzong\n|-supereffective|p2b: Bronzong\n|-damage|p2b: Bronzong|0 fnt\n|-unboost|p1b: Armarouge|def|1\n|-unboost|p1b: Armarouge|spd|1\n|faint|p2b: Bronzong\n|move|p2a: Ting-Lu|Earthquake|p1a: Indeedee|[spread] p1a,p1b\n|-supereffective|p1b: Armarouge\n|-damage|p1a: Indeedee|47\/100\n|-damage|p1b: Armarouge|0 fnt\n|faint|p1b: Armarouge\n|\n|upkeep\n|inactive|Abugbog has 30 seconds left.\n|\n|t:|1682917137\n|switch|p1b: Dondozo|Dondozo, L50, M, shiny|100\/100\n|switch|p2b: Amoonguss|Amoonguss, L50, M, shiny|100\/100\n|turn|2\n|\n|t:|1682917163\n|move|p2a: Ting-Lu|Protect|p2a: Ting-Lu\n|-singleturn|p2a: Ting-Lu|Protect\n|move|p1a: Indeedee|Follow Me|p1a: Indeedee\n|-singleturn|p1a: Indeedee|move: Follow Me\n|move|p1b: Dondozo|Tera Blast|p2a: Ting-Lu\n|-activate|p2a: Ting-Lu|move: Protect\n|move|p2b: Amoonguss|Clear Smog|p1a: Indeedee\n|-damage|p1a: Indeedee|38\/100\n|-clearboost|p1a: Indeedee\n|\n|upkeep\n|turn|3\n|inactive|Abugbog has 30 seconds left.\n|inactive|Abugbog has 20 seconds left.\n|inactive|Abugbog has 15 seconds left.\n|\n|t:|1682917205\n|switch|p1a: Tatsugiri|Tatsugiri, L50, M, shiny|100\/100\n|-activate|p1a: Tatsugiri|ability: Commander|[of] p1b: Dondozo\n|-boost|p1b: Dondozo|atk|2\n|-boost|p1b: Dondozo|spa|2\n|-boost|p1b: Dondozo|spe|2\n|-boost|p1b: Dondozo|def|2\n|-boost|p1b: Dondozo|spd|2\n|-terastallize|p1b: Dondozo|Water\n|move|p2b: Amoonguss|Rage Powder|p2b: Amoonguss\n|-singleturn|p2b: Amoonguss|move: Rage Powder\n|move|p1b: Dondozo|Wave Crash|p2b: Amoonguss\n|-resisted|p2b: Amoonguss\n|-damage|p2b: Amoonguss|28\/100\n|-damage|p1b: Dondozo|80\/100|[from] Recoil\n|-damage|p1b: Dondozo|70\/100|[from] item: Life Orb\n|move|p2a: Ting-Lu|Throat Chop|p1a: Tatsugiri|[miss]\n|-miss|p2a: Ting-Lu|p1a: Tatsugiri\n|\n|upkeep\n|turn|4\n|inactive|Abugbog has 30 seconds left.\n|\n|t:|1682917234\n|move|p1b: Dondozo|Surf|p2b: Amoonguss|[spread] p2a,p2b\n|-miss|p1b: Dondozo|p1a: Tatsugiri\n|-resisted|p2b: Amoonguss\n|-damage|p2a: Ting-Lu|68\/100\n|-damage|p2b: Amoonguss|10\/100\n|-damage|p1b: Dondozo|60\/100|[from] item: Life Orb\n|move|p2a: Ting-Lu|Throat Chop|p1b: Dondozo\n|-damage|p1b: Dondozo|51\/100\n|-start|p1b: Dondozo|Throat Chop|[silent]\n|move|p2b: Amoonguss|Clear Smog|p1b: Dondozo\n|-damage|p1b: Dondozo|45\/100\n|-clearboost|p1b: Dondozo\n|\n|upkeep\n|turn|5\n|inactive|Abugbog has 30 seconds left.\n|inactive|Abugbog has 20 seconds left.\n|inactive|Abugbog has 15 seconds left.\n|inactive|Abugbog has 10 seconds left.\n|inactive|Abugbog has 5 seconds left.\n|\n|t:|1682917288\n|move|p1b: Dondozo|Tera Blast|p2b: Amoonguss\n|-resisted|p2b: Amoonguss\n|-damage|p2b: Amoonguss|0 fnt\n|faint|p2b: Amoonguss\n|-damage|p1b: Dondozo|35\/100|[from] item: Life Orb\n|move|p2a: Ting-Lu|Earthquake|p1b: Dondozo|[spread] p1b\n|-miss|p2a: Ting-Lu|p1a: Tatsugiri\n|-damage|p1b: Dondozo|16\/100\n|\n|-end|p1b: Dondozo|Throat Chop|[silent]\n|-fieldend|move: Psychic Terrain\n|upkeep\n|\n|t:|1682917305\n|switch|p2b: Iron Hands|Iron Hands, L50, shiny|100\/100\n|turn|6\n|inactive|KeysasReborn has 30 seconds left.\n|inactive|Abugbog has 30 seconds left.\n|inactive|Abugbog has 20 seconds left.\n|inactive|Abugbog has 15 seconds left.\n|inactive|Abugbog has 10 seconds left.\n|\n|t:|1682917353\n|move|p2b: Iron Hands|Volt Switch|p1b: Dondozo\n|-supereffective|p1b: Dondozo\n|-damage|p1b: Dondozo|0 fnt\n|faint|p1b: Dondozo\n|move|p2a: Ting-Lu|Heavy Slam|p1a: Tatsugiri\n|-resisted|p1a: Tatsugiri\n|-damage|p1a: Tatsugiri|60\/100\n|\n|upkeep\n|\n|t:|1682917360\n|switch|p1b: Indeedee|Indeedee-F, L50, F, shiny|38\/100\n|-fieldstart|move: Psychic Terrain|[from] ability: Psychic Surge|[of] p1b: Indeedee\n|turn|7\n|inactive|Abugbog has 30 seconds left.\n|inactive|Abugbog has 20 seconds left.\n|inactive|Abugbog has 15 seconds left.\n|inactive|Abugbog has 10 seconds left.\n|inactive|Abugbog has 5 seconds left.\n|\n|t:|1682917414\n|move|p1a: Tatsugiri|Protect|p1a: Tatsugiri\n|-singleturn|p1a: Tatsugiri|Protect\n|move|p1b: Indeedee|Drain Punch|p2a: Ting-Lu\n|-resisted|p2a: Ting-Lu\n|-damage|p2a: Ting-Lu|65\/100\n|-heal|p1b: Indeedee|41\/100|[from] drain|[of] p2a: Ting-Lu\n|move|p2b: Iron Hands|Volt Switch|p1a: Tatsugiri\n|-activate|p1a: Tatsugiri|move: Protect\n|move|p2a: Ting-Lu|Throat Chop|p1b: Indeedee\n|-supereffective|p1b: Indeedee\n|-damage|p1b: Indeedee|0 fnt\n|faint|p1b: Indeedee\n|\n|upkeep\n|turn|8\n|\n|t:|1682917438\n|move|p1a: Tatsugiri|Draco Meteor|p2b: Iron Hands\n|-damage|p2b: Iron Hands|77\/100\n|-unboost|p1a: Tatsugiri|spa|2\n|move|p2b: Iron Hands|Drain Punch|p1a: Tatsugiri\n|-damage|p1a: Tatsugiri|0 fnt\n|-heal|p2b: Iron Hands|96\/100|[from] drain|[of] p1a: Tatsugiri\n|faint|p1a: Tatsugiri\n|\n|win|Abugbog\n|raw|KeysasReborn's rating: 1082 → 1065<\/strong> (-17 for losing)\n|raw|Abugbog's rating: 1166 → 1185<\/strong> (+19 for winning)\n|l|\u2606KeysasReborn\n","uploadtime":1682917452,"views":16,"p1id":"keysasreborn","p2id":"abugbog","formatid":"gen9vgc2023regulationc","rating":1065,"private":0,"password":""}