{"id":"gen9vgc2023regulationc-1852162265","p1":"Reuselation","p2":"mcluyx","format":"[Gen 9] VGC 2023 Regulation C","log":"|j|\u2606Reuselation\n|j|\u2606mcluyx\n|t:|1682529248\n|gametype|doubles\n|player|p1|Reuselation|red|1166\n|player|p2|mcluyx|gentleman-gen4|1126\n|teamsize|p1|6\n|teamsize|p2|6\n|gen|9\n|tier|[Gen 9] VGC 2023 Regulation C\n|rated|\n|rule|Species Clause: Limit one of each Pok\u00e9mon\n|rule|Item Clause: Limit one of each item\n|clearpoke\n|poke|p1|Pelipper, L50, F|\n|poke|p1|Palafin, L50, F|\n|poke|p1|Amoonguss, L50, F|\n|poke|p1|Iron Hands, L50|\n|poke|p1|Salamence, L50, F|\n|poke|p1|Chien-Pao, L50|\n|poke|p2|Kingambit, L50, M|\n|poke|p2|Gyarados, L50, M|\n|poke|p2|Chi-Yu, L50|\n|poke|p2|Glimmora, L50, F|\n|poke|p2|Iron Bundle, L50|\n|poke|p2|Wo-Chien, L50|\n|teampreview|4\n|\n|t:|1682529262\n|start\n|switch|p1a: Iron Hands|Iron Hands, L50|100\/100\n|switch|p1b: Amoonguss|Amoonguss, L50, F|100\/100\n|switch|p2a: Kingambit|Kingambit, L50, M|100\/100\n|switch|p2b: Iron Bundle|Iron Bundle, L50|100\/100\n|-enditem|p2b: Iron Bundle|Booster Energy\n|-activate|p2b: Iron Bundle|ability: Quark Drive|[fromitem]\n|-start|p2b: Iron Bundle|quarkdrivespe\n|turn|1\n|\n|t:|1682529284\n|-terastallize|p2a: Kingambit|Flying\n|-terastallize|p1b: Amoonguss|Dark\n|move|p2b: Iron Bundle|Icy Wind|p1b: Amoonguss|[spread] p1a,p1b\n|-damage|p1a: Iron Hands|91\/100\n|-damage|p1b: Amoonguss|84\/100\n|-unboost|p1a: Iron Hands|spe|1\n|-unboost|p1b: Amoonguss|spe|1\n|move|p2a: Kingambit|Tera Blast|p1b: Amoonguss\n|-damage|p1b: Amoonguss|44\/100\n|-enditem|p1b: Amoonguss|Sitrus Berry|[eat]\n|-heal|p1b: Amoonguss|69\/100|[from] item: Sitrus Berry\n|move|p1a: Iron Hands|Drain Punch|p2a: Kingambit\n|-resisted|p2a: Kingambit\n|-damage|p2a: Kingambit|84\/100\n|-heal|p1a: Iron Hands|98\/100|[from] drain|[of] p2a: Kingambit\n|move|p1b: Amoonguss|Spore|p2b: Iron Bundle\n|-status|p2b: Iron Bundle|slp|[from] move: Spore\n|\n|upkeep\n|turn|2\n|\n|t:|1682529323\n|-end|p1a: Iron Hands|Quark Drive|[silent]\n|switch|p1a: Chien-Pao|Chien-Pao, L50|100\/100\n|-ability|p1a: Chien-Pao|Sword of Ruin\n|cant|p2b: Iron Bundle|slp\n|move|p2a: Kingambit|Tera Blast|p1b: Amoonguss\n|-damage|p1b: Amoonguss|16\/100\n|move|p1b: Amoonguss|Spore|p2a: Kingambit\n|-status|p2a: Kingambit|slp|[from] move: Spore\n|\n|upkeep\n|turn|3\n|\n|t:|1682529339\n|switch|p1b: Salamence|Salamence, L50, F|100\/100\n|-ability|p1b: Salamence|Intimidate|boost\n|-unboost|p2a: Kingambit|atk|1\n|-ability|p2a: Kingambit|Defiant|boost\n|-boost|p2a: Kingambit|atk|2\n|-unboost|p2b: Iron Bundle|atk|1\n|cant|p2a: Kingambit|slp\n|cant|p2b: Iron Bundle|slp\n|move|p1a: Chien-Pao|Ice Spinner|p2a: Kingambit\n|-supereffective|p2a: Kingambit\n|-damage|p2a: Kingambit|0 fnt\n|faint|p2a: Kingambit\n|\n|upkeep\n|\n|t:|1682529355\n|switch|p2a: Chi-Yu|Chi-Yu, L50|100\/100\n|-ability|p2a: Chi-Yu|Beads of Ruin\n|turn|4\n|\n|t:|1682529368\n|cant|p2b: Iron Bundle|slp\n|move|p1a: Chien-Pao|Throat Chop|p2b: Iron Bundle\n|-damage|p2b: Iron Bundle|30\/100 slp\n|-start|p2b: Iron Bundle|Throat Chop|[silent]\n|move|p1b: Salamence|Tailwind|p1b: Salamence\n|-sidestart|p1: Reuselation|move: Tailwind\n|move|p2a: Chi-Yu|Heat Wave|p1b: Salamence|[spread] p1a,p1b\n|-supereffective|p1a: Chien-Pao\n|-resisted|p1b: Salamence\n|-crit|p1b: Salamence\n|-enditem|p1a: Chien-Pao|Focus Sash\n|-damage|p1a: Chien-Pao|1\/100\n|-damage|p1b: Salamence|55\/100\n|\n|upkeep\n|turn|5\n|\n|t:|1682529390\n|move|p1a: Chien-Pao|Protect|p1a: Chien-Pao\n|-singleturn|p1a: Chien-Pao|Protect\n|move|p2a: Chi-Yu|Protect|p2a: Chi-Yu\n|-singleturn|p2a: Chi-Yu|Protect\n|move|p1b: Salamence|Hurricane|p2b: Iron Bundle\n|-damage|p2b: Iron Bundle|0 fnt\n|faint|p2b: Iron Bundle\n|-end|p2b: Iron Bundle|Quark Drive|[silent]\n|-damage|p1b: Salamence|46\/100|[from] item: Life Orb\n|\n|upkeep\n|\n|t:|1682529402\n|switch|p2b: Gyarados|Gyarados, L50, M|100\/100\n|-ability|p2b: Gyarados|Intimidate|boost\n|-unboost|p1a: Chien-Pao|atk|1\n|-unboost|p1b: Salamence|atk|1\n|turn|6\n|\n|t:|1682529416\n|switch|p1a: Iron Hands|Iron Hands, L50|98\/100\n|switch|p1b: Amoonguss|Amoonguss, L50, F, tera:Dark|49\/100\n|move|p2b: Gyarados|Protect|p2b: Gyarados\n|-singleturn|p2b: Gyarados|Protect\n|move|p2a: Chi-Yu|Heat Wave|p1b: Amoonguss|[spread] p1a,p1b\n|-damage|p1a: Iron Hands|73\/100\n|-damage|p1b: Amoonguss|12\/100\n|\n|upkeep\n|turn|7\n|\n|t:|1682529440\n|move|p1b: Amoonguss|Protect|p1b: Amoonguss\n|-singleturn|p1b: Amoonguss|Protect\n|move|p2a: Chi-Yu|Overheat|p1a: Iron Hands\n|-damage|p1a: Iron Hands|25\/100\n|-unboost|p2a: Chi-Yu|spa|2\n|move|p1a: Iron Hands|Wild Charge|p2b: Gyarados\n|-supereffective|p2b: Gyarados\n|-damage|p2b: Gyarados|0 fnt\n|faint|p2b: Gyarados\n|-damage|p1a: Iron Hands|4\/100|[from] Recoil\n|\n|-sideend|p1: Reuselation|move: Tailwind\n|upkeep\n|turn|8\n|\n|t:|1682529461\n|move|p2a: Chi-Yu|Heat Wave|p1b: Amoonguss|[spread] p1a,p1b\n|-damage|p1a: Iron Hands|0 fnt\n|-damage|p1b: Amoonguss|0 fnt\n|faint|p1a: Iron Hands\n|-end|p1a: Iron Hands|Quark Drive|[silent]\n|faint|p1b: Amoonguss\n|\n|upkeep\n|\n|t:|1682529469\n|switch|p1a: Salamence|Salamence, L50, F|46\/100\n|switch|p1b: Chien-Pao|Chien-Pao, L50|1\/100\n|-ability|p1b: Chien-Pao|Sword of Ruin\n|-ability|p1a: Salamence|Intimidate|boost\n|-unboost|p2a: Chi-Yu|atk|1\n|turn|9\n|\n|t:|1682529480\n|move|p1b: Chien-Pao|Throat Chop|p2a: Chi-Yu\n|-resisted|p2a: Chi-Yu\n|-damage|p2a: Chi-Yu|59\/100\n|-start|p2a: Chi-Yu|Throat Chop|[silent]\n|move|p1a: Salamence|Draco Meteor|p2a: Chi-Yu\n|-damage|p2a: Chi-Yu|0 fnt\n|-unboost|p1a: Salamence|spa|2\n|faint|p2a: Chi-Yu\n|-damage|p1a: Salamence|36\/100|[from] item: Life Orb\n|\n|win|Reuselation\n|raw|Reuselation's rating: 1166 → 1188<\/strong> (+22 for winning)\n|raw|mcluyx's rating: 1126 → 1104<\/strong> (-22 for losing)\n|l|\u2606mcluyx\n","uploadtime":1682529499,"views":12,"p1id":"reuselation","p2id":"mcluyx","formatid":"gen9vgc2023regulationc","rating":1104,"private":0,"password":""}