{"id":"gen9vgc2023regulationc-1854674520","p1":"refanner","p2":"Gunnarsdottir","format":"[Gen 9] VGC 2023 Regulation C","log":"|j|\u2606refanner\n|j|\u2606Gunnarsdottir\n|t:|1682848126\n|gametype|doubles\n|player|p1|refanner|1|1214\n|player|p2|Gunnarsdottir|266|1191\n|teamsize|p1|6\n|teamsize|p2|6\n|gen|9\n|tier|[Gen 9] VGC 2023 Regulation C\n|rated|\n|rule|Species Clause: Limit one of each Pok\u00e9mon\n|rule|Item Clause: Limit one of each item\n|clearpoke\n|poke|p1|Kingambit, L50, F|\n|poke|p1|Dragapult, L50, M|\n|poke|p1|Flutter Mane, L50|\n|poke|p1|Gyarados, L50, F|\n|poke|p1|Volcarona, L50, M|\n|poke|p1|Ting-Lu, L50|\n|poke|p2|Palafin, L50, M|\n|poke|p2|Talonflame, L50, M|\n|poke|p2|Gyarados, L50, F|\n|poke|p2|Flutter Mane, L50|\n|poke|p2|Chi-Yu, L50|\n|poke|p2|Amoonguss, L50, M|\n|teampreview|4\n|inactive|Battle timer is ON: inactive players will automatically lose when time's up. (requested by Gunnarsdottir)\n|inactive|refanner has 60 seconds left.\n|inactive|refanner has 30 seconds left.\n|inactive|refanner has 20 seconds left.\nGunnarsdottir rejected open team sheets.\n|inactive|refanner has 15 seconds left.\n|\n|t:|1682848204\n|start\n|switch|p1a: Gyarados|Gyarados, L50, F|100\/100\n|switch|p1b: Volcarona|Volcarona, L50, M|100\/100\n|switch|p2a: Talonflame|Talonflame, L50, M|100\/100\n|switch|p2b: Palafin|Palafin, L50, M|100\/100\n|-ability|p1a: Gyarados|Intimidate|boost\n|-unboost|p2a: Talonflame|atk|1\n|-unboost|p2b: Palafin|atk|1\n|turn|1\n|\n|t:|1682848229\n|move|p2a: Talonflame|Tailwind|p2a: Talonflame\n|-sidestart|p2: Gunnarsdottir|move: Tailwind\n|move|p2b: Palafin|Flip Turn|p1b: Volcarona\n|-supereffective|p1b: Volcarona\n|-damage|p1b: Volcarona|56\/100\n|\n|t:|1682848241\n|detailschange|p2b: Palafin|Palafin-Hero, L50, M\n|switch|p2b: Gyarados|Gyarados, L50, F|100\/100|[from] Flip Turn\n|-ability|p2b: Gyarados|Intimidate|boost\n|-unboost|p1a: Gyarados|atk|1\n|-unboost|p1b: Volcarona|atk|1\n|move|p1b: Volcarona|Heat Wave|p2a: Talonflame|[spread] p2a\n|-miss|p1b: Volcarona|p2b: Gyarados\n|-resisted|p2a: Talonflame\n|-crit|p2a: Talonflame\n|-damage|p2a: Talonflame|58\/100\n|move|p1a: Gyarados|Thunder Wave|p2a: Talonflame\n|-status|p2a: Talonflame|par\n|\n|-heal|p1b: Volcarona|62\/100|[from] item: Leftovers\n|upkeep\n|turn|2\n|inactive|Gunnarsdottir has 30 seconds left.\n|\n|t:|1682848274\n|move|p1b: Volcarona|Protect|p1b: Volcarona\n|-singleturn|p1b: Volcarona|Protect\n|move|p2b: Gyarados|Thunder Wave|p1a: Gyarados\n|-status|p1a: Gyarados|par\n|move|p2a: Talonflame|Brave Bird|p1b: Volcarona\n|-activate|p1b: Volcarona|move: Protect\n|move|p1a: Gyarados|Thunder Wave|p2b: Gyarados\n|-status|p2b: Gyarados|par\n|\n|-heal|p1b: Volcarona|68\/100|[from] item: Leftovers\n|upkeep\n|turn|3\n|\n|t:|1682848298\n|move|p1a: Gyarados|Helping Hand|p1b: Volcarona\n|-singleturn|p1b: Volcarona|Helping Hand|[of] p1a: Gyarados\n|move|p2a: Talonflame|Brave Bird|p1b: Volcarona\n|-supereffective|p1b: Volcarona\n|-damage|p1b: Volcarona|0 fnt\n|faint|p1b: Volcarona\n|-damage|p2a: Talonflame|30\/100 par|[from] Recoil\n|cant|p2b: Gyarados|par\n|\n|upkeep\n|\n|t:|1682848307\n|switch|p1b: Dragapult|Dragapult, L50, M|100\/100\n|turn|4\n|\n|t:|1682848319\n|move|p1a: Gyarados|Helping Hand|p1b: Dragapult\n|-singleturn|p1b: Dragapult|Helping Hand|[of] p1a: Gyarados\n|move|p1b: Dragapult|Dragon Darts|p2a: Talonflame\n|-damage|p2a: Talonflame|0 fnt\n|-anim|p1b: Dragapult|Dragon Darts|p2b: Gyarados\n|-damage|p2b: Gyarados|48\/100 par\n|faint|p2a: Talonflame\n|-damage|p1b: Dragapult|91\/100|[from] item: Life Orb\n|move|p2b: Gyarados|Thunder Wave|p1b: Dragapult\n|-status|p1b: Dragapult|par\n|\n|-sideend|p2: Gunnarsdottir|move: Tailwind\n|upkeep\n|\n|t:|1682848328\n|switch|p2a: Chi-Yu|Chi-Yu, L50|100\/100\n|-ability|p2a: Chi-Yu|Beads of Ruin\n|turn|5\n|\n|t:|1682848342\n|-terastallize|p2a: Chi-Yu|Fairy\n|move|p1b: Dragapult|Protect|p1b: Dragapult\n|-singleturn|p1b: Dragapult|Protect\n|move|p2a: Chi-Yu|Tera Blast|p1b: Dragapult\n|-activate|p1b: Dragapult|move: Protect\n|move|p2b: Gyarados|Icy Wind|p1b: Dragapult|[spread] p1a\n|-activate|p1b: Dragapult|move: Protect\n|-damage|p1a: Gyarados|95\/100 par\n|-unboost|p1a: Gyarados|spe|1\n|cant|p1a: Gyarados|par\n|\n|upkeep\n|turn|6\n|\n|t:|1682848366\n|switch|p1b: Kingambit|Kingambit, L50, F|100\/100\n|-terastallize|p1a: Gyarados|Steel\n|move|p2a: Chi-Yu|Tera Blast|p1b: Kingambit\n|-damage|p1b: Kingambit|23\/100\n|move|p2b: Gyarados|Waterfall|p1a: Gyarados\n|-damage|p1a: Gyarados|51\/100 par\n|move|p1a: Gyarados|Iron Head|p2a: Chi-Yu\n|-supereffective|p2a: Chi-Yu\n|-damage|p2a: Chi-Yu|13\/100\n|\n|upkeep\n|turn|7\n|\n|t:|1682848384\n|move|p1b: Kingambit|Sucker Punch|p2a: Chi-Yu\n|-resisted|p2a: Chi-Yu\n|-damage|p2a: Chi-Yu|0 fnt\n|faint|p2a: Chi-Yu\n|cant|p2b: Gyarados|par\n|move|p1a: Gyarados|Iron Head|p2b: Gyarados\n|-resisted|p2b: Gyarados\n|-damage|p2b: Gyarados|34\/100 par\n|\n|upkeep\n|\n|t:|1682848387\n|switch|p2a: Palafin|Palafin-Hero, L50, M|100\/100\n|-activate|p2a: Palafin|ability: Zero to Hero\n|turn|8\n|\n|t:|1682848407\n|move|p2a: Palafin|Jet Punch|p1b: Kingambit\n|-damage|p1b: Kingambit|0 fnt\n|faint|p1b: Kingambit\n|cant|p2b: Gyarados|par\n|cant|p1a: Gyarados|par\n|\n|upkeep\n|\n|t:|1682848413\n|switch|p1b: Dragapult|Dragapult, L50, M|91\/100 par\n|turn|9\n|\n|t:|1682848431\n|move|p1a: Gyarados|Helping Hand|p1b: Dragapult\n|-singleturn|p1b: Dragapult|Helping Hand|[of] p1a: Gyarados\n|move|p2a: Palafin|Jet Punch|p1a: Gyarados\n|-damage|p1a: Gyarados|1\/100 par\n|-enditem|p1a: Gyarados|Sitrus Berry|[eat]\n|-heal|p1a: Gyarados|26\/100 par|[from] item: Sitrus Berry\n|move|p1b: Dragapult|Dragon Darts|p2a: Palafin\n|-damage|p2a: Palafin|46\/100\n|-anim|p1b: Dragapult|Dragon Darts|p2b: Gyarados\n|-damage|p2b: Gyarados|0 fnt\n|faint|p2b: Gyarados\n|-damage|p1b: Dragapult|81\/100 par|[from] item: Life Orb\n|\n|upkeep\n|turn|10\n|inactive|refanner has 30 seconds left.\n|-message|Gunnarsdottir forfeited.\n|\n|win|refanner\n|raw|refanner's rating: 1214 → 1237<\/strong> (+23 for winning)\n|raw|Gunnarsdottir's rating: 1191 → 1168<\/strong> (-23 for losing)\n|l|\u2606Gunnarsdottir\n","uploadtime":1682848472,"views":13,"p1id":"refanner","p2id":"gunnarsdottir","formatid":"gen9vgc2023regulationc","rating":1168,"private":0,"password":""}