{"id":"gen9vgc2023regulationc-1853278832","p1":"snoozevgc","p2":"Pyte 17","format":"[Gen 9] VGC 2023 Regulation C","log":"|j|\u2606snoozevgc\n|j|\u2606Pyte 17\n|t:|1682659808\n|gametype|doubles\n|player|p1|snoozevgc|2|1474\n|player|p2|Pyte 17|170|1534\n|teamsize|p1|5\n|teamsize|p2|6\n|gen|9\n|tier|[Gen 9] VGC 2023 Regulation C\n|rated|\n|rule|Species Clause: Limit one of each Pok\u00e9mon\n|rule|Item Clause: Limit one of each item\n|clearpoke\n|poke|p1|Lilligant, L50, F|\n|poke|p1|Torkoal, L50, F|\n|poke|p1|Flutter Mane, L50|\n|poke|p1|Kingambit, L50, F|\n|poke|p1|Great Tusk, L50|\n|poke|p2|Talonflame, L50, F|\n|poke|p2|Corviknight, L50, M|\n|poke|p2|Azumarill, L50, F|\n|poke|p2|Iron Hands, L50|\n|poke|p2|Scream Tail, L50|\n|poke|p2|Amoonguss, L50, M|\n|teampreview|4\n|inactive|Battle timer is ON: inactive players will automatically lose when time's up. (requested by snoozevgc)\n|inactive|snoozevgc has 60 seconds left.\n|\n|t:|1682659851\n|start\n|switch|p1a: Lilligant|Lilligant, L50, F, shiny|100\/100\n|switch|p1b: Torkoal|Torkoal, L50, F, shiny|100\/100\n|switch|p2a: Talonflame|Talonflame, L50, F|100\/100\n|switch|p2b: Scream Tail|Scream Tail, L50|100\/100\n|-weather|SunnyDay|[from] ability: Drought|[of] p1b: Torkoal\n|-activate|p2b: Scream Tail|ability: Protosynthesis\n|-start|p2b: Scream Tail|protosynthesisspe\n|turn|1\n|\n|t:|1682659869\n|move|p2b: Scream Tail|Protect|p2b: Scream Tail\n|-singleturn|p2b: Scream Tail|Protect\n|move|p2a: Talonflame|Tailwind|p2a: Talonflame\n|-sidestart|p2: Pyte 17|move: Tailwind\n|move|p1a: Lilligant|Sleep Powder|p2b: Scream Tail\n|-activate|p2b: Scream Tail|move: Protect\n|move|p1b: Torkoal|Eruption|p2a: Talonflame|[spread] p2a\n|-activate|p2b: Scream Tail|move: Protect\n|-resisted|p2a: Talonflame\n|-damage|p2a: Talonflame|46\/100\n|\n|-weather|SunnyDay|[upkeep]\n|upkeep\n|turn|2\n|\n|t:|1682659893\n|move|p2b: Scream Tail|Disable|p1b: Torkoal\n|-start|p1b: Torkoal|Disable|Eruption\n|move|p2a: Talonflame|Flare Blitz|p1a: Lilligant\n|-supereffective|p1a: Lilligant\n|-enditem|p1a: Lilligant|Focus Sash\n|-damage|p1a: Lilligant|1\/100\n|-damage|p2a: Talonflame|20\/100|[from] Recoil\n|move|p1a: Lilligant|Sleep Powder|p2b: Scream Tail\n|-status|p2b: Scream Tail|slp|[from] move: Sleep Powder\n|move|p1b: Torkoal|Flamethrower|p2b: Scream Tail\n|-damage|p2b: Scream Tail|50\/100 slp\n|\n|-weather|SunnyDay|[upkeep]\n|upkeep\n|turn|3\n|inactive|Pyte 17 has 30 seconds left.\n|\n|t:|1682659928\n|-end|p2b: Scream Tail|Protosynthesis|[silent]\n|switch|p2b: Azumarill|Azumarill, L50, F|100\/100\n|move|p1a: Lilligant|Protect|p1a: Lilligant\n|-singleturn|p1a: Lilligant|Protect\n|move|p2a: Talonflame|Flare Blitz|p1a: Lilligant\n|-activate|p1a: Lilligant|move: Protect\n|move|p1b: Torkoal|Flamethrower|p2a: Talonflame\n|-resisted|p2a: Talonflame\n|-damage|p2a: Talonflame|0 fnt\n|faint|p2a: Talonflame\n|\n|-weather|SunnyDay|[upkeep]\n|upkeep\n|\n|t:|1682659938\n|switch|p2a: Corviknight|Corviknight, L50, M|100\/100\n|turn|4\n|\n|t:|1682659962\n|-terastallize|p2a: Corviknight|Fire\n|move|p2b: Azumarill|Aqua Jet|p1a: Lilligant\n|-resisted|p1a: Lilligant\n|-damage|p1a: Lilligant|0 fnt\n|faint|p1a: Lilligant\n|move|p2a: Corviknight|Bulk Up|p2a: Corviknight\n|-boost|p2a: Corviknight|atk|1\n|-boost|p2a: Corviknight|def|1\n|move|p1b: Torkoal|Flamethrower|p2a: Corviknight\n|-resisted|p2a: Corviknight\n|-damage|p2a: Corviknight|65\/100\n|\n|-weather|SunnyDay|[upkeep]\n|-sideend|p2: Pyte 17|move: Tailwind\n|upkeep\n|\n|t:|1682659966\n|switch|p1a: Great Tusk|Great Tusk, L50|100\/100\n|-activate|p1a: Great Tusk|ability: Protosynthesis\n|-start|p1a: Great Tusk|protosynthesisatk\n|turn|5\n|\n|t:|1682659993\n|switch|p1b: Flutter Mane|Flutter Mane, L50, shiny|100\/100\n|-activate|p1b: Flutter Mane|ability: Protosynthesis\n|-start|p1b: Flutter Mane|protosynthesisspa\n|-terastallize|p1a: Great Tusk|Fire\n|move|p2a: Corviknight|Protect|p2a: Corviknight\n|-singleturn|p2a: Corviknight|Protect\n|move|p1a: Great Tusk|Headlong Rush|p2a: Corviknight\n|-activate|p2a: Corviknight|move: Protect\n|move|p2b: Azumarill|Play Rough|p1a: Great Tusk\n|-resisted|p1a: Great Tusk\n|-damage|p1a: Great Tusk|80\/100\n|\n|-weather|none\n|-end|p1a: Great Tusk|Protosynthesis\n|-end|p1b: Flutter Mane|Protosynthesis\n|upkeep\n|turn|6\n|inactive|snoozevgc has 30 seconds left.\n|inactive|Pyte 17 has 30 seconds left.\n|inactive|Pyte 17 has 20 seconds left.\n|inactive|Pyte 17 has 15 seconds left.\n|inactive|Pyte 17 has 10 seconds left.\n|inactive|Pyte 17 has 5 seconds left.\n|\n|t:|1682660043\n|-end|p1a: Great Tusk|Protosynthesis|[silent]\n|switch|p1a: Torkoal|Torkoal, L50, F, shiny|100\/100\n|-weather|SunnyDay|[from] ability: Drought|[of] p1a: Torkoal\n|-activate|p1b: Flutter Mane|ability: Protosynthesis\n|-start|p1b: Flutter Mane|protosynthesisspa\n|move|p1b: Flutter Mane|Moonblast|p2b: Azumarill\n|-damage|p2b: Azumarill|28\/100\n|move|p2a: Corviknight|Roost|p2a: Corviknight\n|-heal|p2a: Corviknight|100\/100\n|move|p2b: Azumarill|Liquidation|p1a: Torkoal\n|-supereffective|p1a: Torkoal\n|-damage|p1a: Torkoal|63\/100\n|\n|-weather|SunnyDay|[upkeep]\n|upkeep\n|turn|7\n|inactive|Pyte 17 has 30 seconds left.\n|inactive|Pyte 17 has 20 seconds left.\n|\n|t:|1682660082\n|move|p1b: Flutter Mane|Moonblast|p2b: Azumarill\n|-crit|p2b: Azumarill\n|-damage|p2b: Azumarill|0 fnt\n|faint|p2b: Azumarill\n|move|p2a: Corviknight|Brave Bird|p1b: Flutter Mane\n|-damage|p1b: Flutter Mane|0 fnt\n|faint|p1b: Flutter Mane\n|-end|p1b: Flutter Mane|Protosynthesis|[silent]\n|-damage|p2a: Corviknight|77\/100|[from] Recoil\n|move|p1a: Torkoal|Earth Power|p2a: Corviknight\n|-supereffective|p2a: Corviknight\n|-damage|p2a: Corviknight|23\/100\n|-enditem|p2a: Corviknight|Sitrus Berry|[eat]\n|-heal|p2a: Corviknight|48\/100|[from] item: Sitrus Berry\n|\n|-weather|SunnyDay|[upkeep]\n|upkeep\n|\n|t:|1682660094\n|switch|p1b: Great Tusk|Great Tusk, L50, tera:Fire|80\/100\n|switch|p2b: Scream Tail|Scream Tail, L50|50\/100 slp\n|-activate|p1b: Great Tusk|ability: Protosynthesis\n|-start|p1b: Great Tusk|protosynthesisatk\n|-activate|p2b: Scream Tail|ability: Protosynthesis\n|-start|p2b: Scream Tail|protosynthesisspe\n|turn|8\n|\n|t:|1682660111\n|move|p2a: Corviknight|Protect|p2a: Corviknight\n|-singleturn|p2a: Corviknight|Protect\n|cant|p2b: Scream Tail|slp\n|move|p1b: Great Tusk|Headlong Rush|p2a: Corviknight\n|-activate|p2a: Corviknight|move: Protect\n|move|p1a: Torkoal|Eruption|p2b: Scream Tail|[spread] p2b\n|-activate|p2a: Corviknight|move: Protect\n|-damage|p2b: Scream Tail|10\/100 slp\n|\n|-weather|SunnyDay|[upkeep]\n|upkeep\n|turn|9\n|\n|t:|1682660129\n|cant|p2b: Scream Tail|slp\n|move|p1b: Great Tusk|Headlong Rush|p2a: Corviknight\n|-supereffective|p2a: Corviknight\n|-damage|p2a: Corviknight|0 fnt\n|-unboost|p1b: Great Tusk|def|1\n|-unboost|p1b: Great Tusk|spd|1\n|faint|p2a: Corviknight\n|move|p1a: Torkoal|Earth Power|p2b: Scream Tail\n|-damage|p2b: Scream Tail|0 fnt\n|faint|p2b: Scream Tail\n|-end|p2b: Scream Tail|Protosynthesis|[silent]\n|\n|win|snoozevgc\n|raw|snoozevgc's rating: 1474 → 1497<\/strong> (+23 for winning)\n|raw|Pyte 17's rating: 1534 → 1511<\/strong> (-23 for losing)\n|l|\u2606Pyte 17\n","uploadtime":1682660141,"views":2,"p1id":"snoozevgc","p2id":"pyte17","formatid":"gen9vgc2023regulationc","rating":1497,"private":0,"password":""}