{"id":"gen9vgc2023regulationc-1848812584","p1":"tcoNIGHTWOLF","p2":"SoutherlySoup","format":"[Gen 9] VGC 2023 Regulation C","log":"|j|\u2606tcoNIGHTWOLF\n|j|\u2606SoutherlySoup\n|t:|1682113067\n|gametype|doubles\n|player|p1|tcoNIGHTWOLF|artist|1238\n|player|p2|SoutherlySoup|dawn|1189\n|teamsize|p1|6\n|teamsize|p2|6\n|gen|9\n|tier|[Gen 9] VGC 2023 Regulation C\n|rated|\n|rule|Species Clause: Limit one of each Pok\u00e9mon\n|rule|Item Clause: Limit one of each item\n|clearpoke\n|poke|p1|Pelipper, L50, F|\n|poke|p1|Floatzel, L50, M|\n|poke|p1|Vaporeon, L50, M|\n|poke|p1|Scizor, L50, M|\n|poke|p1|Dragonite, L50, F|\n|poke|p1|Raichu, L50, F|\n|poke|p2|Tatsugiri, L50, F|\n|poke|p2|Dondozo, L50, F|\n|poke|p2|Brute Bonnet, L50|\n|poke|p2|Chien-Pao, L50|\n|poke|p2|Amoonguss, L50, F|\n|poke|p2|Arcanine, L50, M|\n|teampreview|4\nSoutherlySoup rejected open team sheets.\n|inactive|Battle timer is ON: inactive players will automatically lose when time's up. (requested by SoutherlySoup)\n|\n|t:|1682113103\n|start\n|switch|p1a: Pelipper|Pelipper, L50, F|100\/100\n|switch|p1b: Neptune|Vaporeon, L50, M|100\/100\n|switch|p2a: Chien-Pao|Chien-Pao, L50|100\/100\n|switch|p2b: Brute Bonnet|Brute Bonnet, L50|100\/100\n|-ability|p2a: Chien-Pao|Sword of Ruin\n|-weather|RainDance|[from] ability: Drizzle|[of] p1a: Pelipper\n|-enditem|p2b: Brute Bonnet|Booster Energy\n|-activate|p2b: Brute Bonnet|ability: Protosynthesis|[fromitem]\n|-start|p2b: Brute Bonnet|protosynthesisatk\n|turn|1\n|inactive|SoutherlySoup has 30 seconds left.\n|\n|t:|1682113130\n|-terastallize|p1b: Neptune|Grass\n|move|p2a: Chien-Pao|Ice Spinner|p1a: Pelipper\n|-damage|p1a: Pelipper|41\/100\n|move|p1a: Pelipper|Tailwind|p1a: Pelipper\n|-sidestart|p1: tcoNIGHTWOLF|move: Tailwind\n|move|p1b: Neptune|Muddy Water|p2a: Chien-Pao|[spread] p2a,p2b\n|-resisted|p2b: Brute Bonnet\n|-damage|p2a: Chien-Pao|61\/100\n|-damage|p2b: Brute Bonnet|83\/100\n|move|p2b: Brute Bonnet|Seed Bomb|p1b: Neptune\n|-resisted|p1b: Neptune\n|-damage|p1b: Neptune|56\/100\n|\n|-weather|RainDance|[upkeep]\n|-heal|p1b: Neptune|62\/100|[from] item: Leftovers\n|upkeep\n|turn|2\n|\n|t:|1682113148\n|move|p2b: Brute Bonnet|Sucker Punch|p1a: Pelipper\n|-damage|p1a: Pelipper|0 fnt\n|faint|p1a: Pelipper\n|move|p2a: Chien-Pao|Ice Spinner|p1b: Neptune\n|-supereffective|p1b: Neptune\n|-damage|p1b: Neptune|0 fnt\n|faint|p1b: Neptune\n|\n|-weather|RainDance|[upkeep]\n|upkeep\n|\n|t:|1682113156\n|switch|p1a: Scizor|Scizor, L50, M|100\/100\n|switch|p1b: Floatzel|Floatzel, L50, M|100\/100\n|turn|3\n|\n|t:|1682113178\n|move|p1b: Floatzel|Wave Crash|p2a: Chien-Pao\n|-damage|p2a: Chien-Pao|0 fnt\n|faint|p2a: Chien-Pao\n|-damage|p1b: Floatzel|81\/100|[from] Recoil\n|-damage|p1b: Floatzel|72\/100|[from] item: Life Orb\n|move|p1a: Scizor|X-Scissor|p2b: Brute Bonnet\n|-supereffective|p2b: Brute Bonnet\n|-damage|p2b: Brute Bonnet|0 fnt\n|faint|p2b: Brute Bonnet\n|-end|p2b: Brute Bonnet|Protosynthesis|[silent]\n|\n|-weather|RainDance|[upkeep]\n|upkeep\n|\n|t:|1682113187\n|switch|p2a: Dondozo|Dondozo, L50, F|100\/100\n|switch|p2b: Tatsugiri|Tatsugiri, L50, F|100\/100\n|-activate|p2b: Tatsugiri|ability: Commander|[of] p2a: Dondozo\n|-boost|p2a: Dondozo|atk|2\n|-boost|p2a: Dondozo|spa|2\n|-boost|p2a: Dondozo|spe|2\n|-boost|p2a: Dondozo|def|2\n|-boost|p2a: Dondozo|spd|2\n|turn|4\n|\n|t:|1682113212\n|-terastallize|p2a: Dondozo|Electric\n|move|p1b: Floatzel|Wave Crash|p2a: Dondozo\n|-damage|p2a: Dondozo|64\/100\n|-damage|p1b: Floatzel|55\/100|[from] Recoil\n|-damage|p1b: Floatzel|45\/100|[from] item: Life Orb\n|move|p1a: Scizor|X-Scissor|p2a: Dondozo\n|-damage|p2a: Dondozo|49\/100\n|move|p2a: Dondozo|Order Up|p1b: Floatzel\n|-damage|p1b: Floatzel|0 fnt\n|faint|p1b: Floatzel\n|-boost|p2a: Dondozo|atk|1\n|\n|-weather|RainDance|[upkeep]\n|-heal|p2a: Dondozo|56\/100|[from] item: Leftovers\n|-sideend|p1: tcoNIGHTWOLF|move: Tailwind\n|upkeep\n|turn|5\n|\n|t:|1682113236\n|move|p2a: Dondozo|Wave Crash|p1a: Scizor\n|-damage|p1a: Scizor|0 fnt\n|faint|p1a: Scizor\n|-damage|p2a: Dondozo|30\/100|[from] Recoil\n|\n|win|SoutherlySoup\n|raw|tcoNIGHTWOLF's rating: 1238 → 1209<\/strong> (-29 for losing)\n|raw|SoutherlySoup's rating: 1189 → 1218<\/strong> (+29 for winning)\n|l|\u2606tcoNIGHTWOLF\n","uploadtime":1682113278,"views":4,"p1id":"tconightwolf","p2id":"southerlysoup","formatid":"gen9vgc2023regulationc","rating":1209,"private":0,"password":""}