{"id":"gen9vgc2023regulationc-1860115009","p1":"ClessCL","p2":"McDubbieEnthusiast","format":"[Gen 9] VGC 2023 Regulation C","log":"|j|\u2606ClessCL\n|j|\u2606McDubbieEnthusiast\n|t:|1683596941\n|gametype|doubles\n|player|p1|ClessCL|lance|1577\n|player|p2|McDubbieEnthusiast|waiter-gen4|1625\n|teamsize|p1|6\n|teamsize|p2|6\n|gen|9\n|tier|[Gen 9] VGC 2023 Regulation C\n|rated|\n|rule|Species Clause: Limit one of each Pok\u00e9mon\n|rule|Item Clause: Limit one of each item\n|clearpoke\n|poke|p1|Gyarados, L50, M|\n|poke|p1|Talonflame, L50, M|\n|poke|p1|Tyranitar, L50, F|\n|poke|p1|Amoonguss, L50, F|\n|poke|p1|Tinkaton, L50, F|\n|poke|p1|Iron Moth, L50|\n|poke|p2|Tyranitar, L50, M|\n|poke|p2|Garchomp, L50, F|\n|poke|p2|Dragonite, L50, M|\n|poke|p2|Scream Tail, L50|\n|poke|p2|Flutter Mane, L50|\n|poke|p2|Orthworm, L50, F|\n|teampreview|4\n|inactive|Battle timer is ON: inactive players will automatically lose when time's up. (requested by ClessCL)\n|j| Arrito\n|inactive|McDubbieEnthusiast has 60 seconds left.\n|\n|t:|1683597000\n|start\n|switch|p1a: Tinkaton|Tinkaton, L50, F|100\/100\n|switch|p1b: Iron Moth|Iron Moth, L50|100\/100\n|switch|p2a: Brass|Dragonite, L50, M|100\/100\n|switch|p2b: Dunewinder|Orthworm, L50, F, shiny|100\/100\n|-ability|p1a: Tinkaton|Mold Breaker\n|-enditem|p1b: Iron Moth|Booster Energy\n|-activate|p1b: Iron Moth|ability: Quark Drive|[fromitem]\n|-start|p1b: Iron Moth|quarkdrivespa\n|turn|1\n|inactive|McDubbieEnthusiast has 30 seconds left.\n|\n|t:|1683597029\n|-terastallize|p2b: Dunewinder|Ghost\n|move|p1a: Tinkaton|Fake Out|p2a: Brass\n|-damage|p2a: Brass|93\/100\n|move|p1b: Iron Moth|Heat Wave|p2a: Brass|[spread] p2a,p2b\n|-resisted|p2a: Brass\n|-damage|p2a: Brass|68\/100\n|-damage|p2b: Dunewinder|40\/100\n|-enditem|p2b: Dunewinder|Sitrus Berry|[eat]\n|-heal|p2b: Dunewinder|65\/100|[from] item: Sitrus Berry\n|cant|p2a: Brass|flinch\n|move|p2b: Dunewinder|Shed Tail|p2b: Dunewinder\n|-start|p2b: Dunewinder|Substitute|[from] move: Shed Tail\n|-damage|p2b: Dunewinder|15\/100\n|\n|t:|1683597043\n|switch|p2b: Mogaru|Garchomp, L50, F|100\/100|[from] Shed Tail\n|\n|upkeep\n|turn|2\n|inactive|ClessCL has 30 seconds left.\n|\n|t:|1683597072\n|move|p1b: Iron Moth|Sludge Wave|p2b: Mogaru|[spread] p2a,p2b\n|-immune|p1a: Tinkaton\n|-resisted|p2b: Mogaru\n|-end|p2b: Mogaru|Substitute\n|-damage|p2a: Brass|21\/100\n|move|p2b: Mogaru|Earthquake|p1a: Tinkaton|[spread] p1a,p1b\n|-immune|p2a: Brass\n|-supereffective|p1a: Tinkaton\n|-supereffective|p1b: Iron Moth\n|-damage|p1a: Tinkaton|24\/100\n|-damage|p1b: Iron Moth|0 fnt\n|faint|p1b: Iron Moth\n|-end|p1b: Iron Moth|Quark Drive|[silent]\n|move|p1a: Tinkaton|Encore|p2b: Mogaru|[miss]\n|-miss|p1a: Tinkaton|p2b: Mogaru\n|move|p2a: Brass|Dragon Dance|p2a: Brass\n|-boost|p2a: Brass|atk|1\n|-boost|p2a: Brass|spe|1\n|\n|upkeep\n|\n|t:|1683597088\n|switch|p1b: Gyarados|Gyarados, L50, M|100\/100\n|-ability|p1b: Gyarados|Intimidate|boost\n|-unboost|p2a: Brass|atk|1\n|-unboost|p2b: Mogaru|atk|1\n|turn|3\n|\n|t:|1683597103\n|switch|p2b: Dunewinder|Orthworm, L50, F, shiny, tera:Ghost|15\/100\n|-terastallize|p1a: Tinkaton|Flying\n|move|p2a: Brass|Earthquake|p1b: Gyarados|[spread] \n|-heal|p2b: Dunewinder|40\/100|[from] ability: Earth Eater|[of] p2a: Brass\n|-immune|p1a: Tinkaton\n|-immune|p1b: Gyarados\n|move|p1a: Tinkaton|Foul Play|p2a: Brass\n|-damage|p2a: Brass|0 fnt\n|faint|p2a: Brass\n|move|p1b: Gyarados|Iron Head|p2b: Dunewinder\n|-damage|p2b: Dunewinder|22\/100\n|\n|upkeep\n|\n|t:|1683597114\n|switch|p2a: Mogaru|Garchomp, L50, F|100\/100\n|turn|4\n|inactive|ClessCL has 30 seconds left.\n|\n|t:|1683597148\n|switch|p1a: Tyranitar|Tyranitar, L50, F|100\/100\n|-weather|Sandstorm|[from] ability: Sand Stream|[of] p1a: Tyranitar\n|move|p2b: Dunewinder|Helping Hand|p2a: Mogaru\n|-singleturn|p2a: Mogaru|Helping Hand|[of] p2b: Dunewinder\n|move|p2a: Mogaru|Rock Slide|p1a: Tyranitar|[spread] p1a,p1b\n|-supereffective|p1b: Gyarados\n|-damage|p1a: Tyranitar|76\/100\n|-damage|p1b: Gyarados|39\/100\n|move|p1b: Gyarados|Waterfall|p2b: Dunewinder\n|-damage|p2b: Dunewinder|0 fnt\n|faint|p2b: Dunewinder\n|\n|-weather|Sandstorm|[upkeep]\n|-damage|p1b: Gyarados|34\/100|[from] Sandstorm\n|upkeep\n|\n|t:|1683597159\n|switch|p2b: Lich|Flutter Mane, L50|100\/100\n|turn|5\n|\n|t:|1683597174\n|move|p1a: Tyranitar|Protect|p1a: Tyranitar\n|-singleturn|p1a: Tyranitar|Protect\n|move|p2b: Lich|Dazzling Gleam|p1b: Gyarados|[spread] p1b\n|-activate|p1a: Tyranitar|move: Protect\n|-damage|p1b: Gyarados|0 fnt\n|faint|p1b: Gyarados\n|move|p2a: Mogaru|Rock Slide|p1a: Tyranitar\n|-activate|p1a: Tyranitar|move: Protect\n|\n|-weather|Sandstorm|[upkeep]\n|-damage|p2b: Lich|95\/100|[from] Sandstorm\n|upkeep\n|\n|t:|1683597184\n|switch|p1b: Tinkaton|Tinkaton, L50, F, tera:Flying|24\/100\n|-ability|p1b: Tinkaton|Mold Breaker\n|turn|6\n|\n|t:|1683597190\n|move|p1b: Tinkaton|Fake Out|p2a: Mogaru\n|-damage|p2a: Mogaru|93\/100\n|move|p2b: Lich|Dazzling Gleam|p1b: Tinkaton|[spread] p1a,p1b\n|-supereffective|p1a: Tyranitar\n|-damage|p1a: Tyranitar|19\/100\n|-damage|p1b: Tinkaton|0 fnt\n|faint|p1b: Tinkaton\n|cant|p2a: Mogaru|flinch\n|move|p1a: Tyranitar|Dragon Dance|p1a: Tyranitar\n|-boost|p1a: Tyranitar|atk|1\n|-boost|p1a: Tyranitar|spe|1\n|\n|-weather|Sandstorm|[upkeep]\n|-damage|p2b: Lich|89\/100|[from] Sandstorm\n|upkeep\n|turn|7\n|\n|t:|1683597205\n|move|p2b: Lich|Dazzling Gleam|p1a: Tyranitar\n|-supereffective|p1a: Tyranitar\n|-damage|p1a: Tyranitar|0 fnt\n|faint|p1a: Tyranitar\n|\n|win|McDubbieEnthusiast\n|raw|ClessCL's rating: 1577 → 1560<\/strong> (-17 for losing)\n|raw|McDubbieEnthusiast's rating: 1625 → 1642<\/strong> (+17 for winning)\n","uploadtime":1683597210,"views":47,"p1id":"clesscl","p2id":"mcdubbieenthusiast","formatid":"gen9vgc2023regulationc","rating":1560,"private":0,"password":""}