{"id":"gen9vgc2023regulationc-1854823885","p1":"Betty23333","p2":"tomato233","format":"[Gen 9] VGC 2023 Regulation C","log":"|j|\u2606Betty23333\n|j|\u2606tomato233\n|t:|1682870298\n|gametype|doubles\n|player|p1|Betty23333|lass-gen4dp|\n|player|p2|tomato233|hilbert|\n|teamsize|p1|6\n|teamsize|p2|6\n|gen|9\n|tier|[Gen 9] VGC 2023 Regulation C\n|rule|Species Clause: Limit one of each Pok\u00e9mon\n|rule|Item Clause: Limit one of each item\n|clearpoke\n|poke|p1|Lilligant, L50, F|\n|poke|p1|Torkoal, L50, M|\n|poke|p1|Flutter Mane, L50|\n|poke|p1|Great Tusk, L50|\n|poke|p1|Dragonite, L50, M|\n|poke|p1|Kingambit, L50, M|\n|poke|p2|Palafin, L50, M|\n|poke|p2|Blissey, L50, F|\n|poke|p2|Iron Moth, L50|\n|poke|p2|Orthworm, L50, M|\n|poke|p2|Ceruledge, L50, M|\n|poke|p2|Garganacl, L50, F|\n|teampreview|4\n|inactive|Battle timer is ON: inactive players will automatically lose when time's up. (requested by Betty23333)\n|\n|t:|1682870330\n|start\n|switch|p1a: Lilligant|Lilligant, L50, F|100\/100\n|switch|p1b: Torkoal|Torkoal, L50, M|100\/100\n|switch|p2a: Palafin|Palafin, L50, M|100\/100\n|switch|p2b: Ceruledge|Ceruledge, L50, M|100\/100\n|-item|p2b: Ceruledge|Air Balloon\n|-weather|SunnyDay|[from] ability: Drought|[of] p1b: Torkoal\n|turn|1\n|inactive|tomato233 has 30 seconds left.\n|\n|t:|1682870359\n|detailschange|p2a: Palafin|Palafin-Hero, L50, M\n|switch|p2a: Blissey|Blissey, L50, F|100\/100\n|-terastallize|p1b: Torkoal|Fire\n|move|p1a: Lilligant|After You|p1b: Torkoal\n|-activate|p1b: Torkoal|move: After You\n|move|p1b: Torkoal|Eruption|p2a: Blissey|[spread] p2a\n|-start|p2b: Ceruledge|ability: Flash Fire\n|-damage|p2a: Blissey|60\/100\n|move|p2b: Ceruledge|Swords Dance|p2b: Ceruledge\n|-boost|p2b: Ceruledge|atk|2\n|\n|-weather|SunnyDay|[upkeep]\n|-heal|p2a: Blissey|66\/100|[from] item: Leftovers\n|upkeep\n|turn|2\n|inactive|tomato233 has 30 seconds left.\n|\n|t:|1682870393\n|move|p2b: Ceruledge|Shadow Sneak|p1b: Torkoal\n|-damage|p1b: Torkoal|64\/100\n|move|p1a: Lilligant|Sleep Powder|p2b: Ceruledge|[miss]\n|-miss|p1a: Lilligant|p2b: Ceruledge\n|move|p2a: Blissey|Soft-Boiled|p2a: Blissey\n|-heal|p2a: Blissey|100\/100\n|move|p1b: Torkoal|Earthquake|p2a: Blissey|[spread] p1a,p2a\n|-immune|p2b: Ceruledge\n|-resisted|p1a: Lilligant\n|-damage|p1a: Lilligant|94\/100\n|-damage|p2a: Blissey|90\/100\n|\n|-weather|SunnyDay|[upkeep]\n|-heal|p2a: Blissey|96\/100|[from] item: Leftovers\n|upkeep\n|turn|3\n|inactive|Betty23333 has 30 seconds left.\n|inactive|tomato233 has 30 seconds left.\n|inactive|Betty23333 has 20 seconds left.\n|inactive|Betty23333 has 15 seconds left.\n|inactive|Betty23333 has 10 seconds left.\n|\n|t:|1682870440\n|switch|p1b: Flutter Mane|Flutter Mane, L50|100\/100\n|-activate|p1b: Flutter Mane|ability: Protosynthesis\n|-start|p1b: Flutter Mane|protosynthesisspa\n|move|p1a: Lilligant|Sleep Powder|p2b: Ceruledge|[miss]\n|-miss|p1a: Lilligant|p2b: Ceruledge\n|move|p2b: Ceruledge|Bitter Blade|p1a: Lilligant\n|-supereffective|p1a: Lilligant\n|-damage|p1a: Lilligant|0 fnt\n|faint|p1a: Lilligant\n|move|p2a: Blissey|Rain Dance|p2a: Blissey\n|-weather|RainDance\n|-end|p1b: Flutter Mane|Protosynthesis\n|\n|-weather|RainDance|[upkeep]\n|-heal|p2a: Blissey|100\/100|[from] item: Leftovers\n|upkeep\n|\n|t:|1682870455\n|switch|p1a: Great Tusk|Great Tusk, L50|100\/100\n|turn|4\n|\n|t:|1682870479\n|move|p2b: Ceruledge|Shadow Sneak|p1b: Flutter Mane\n|-supereffective|p1b: Flutter Mane\n|-damage|p1b: Flutter Mane|0 fnt\n|faint|p1b: Flutter Mane\n|-end|p1b: Flutter Mane|Protosynthesis|[silent]\n|move|p1a: Great Tusk|Stomping Tantrum|p2b: Ceruledge\n|-immune|p2b: Ceruledge\n|move|p2a: Blissey|Thunder Wave|p1a: Great Tusk\n|-immune|p1a: Great Tusk\n|\n|-weather|RainDance|[upkeep]\n|upkeep\n|\n|t:|1682870482\n|switch|p1b: Torkoal|Torkoal, L50, M, tera:Fire|64\/100\n|-weather|SunnyDay|[from] ability: Drought|[of] p1b: Torkoal\n|-activate|p1a: Great Tusk|ability: Protosynthesis\n|-start|p1a: Great Tusk|protosynthesisatk\n|turn|5\n|inactive|tomato233 has 30 seconds left.\n|inactive|tomato233 has 20 seconds left.\n|\n|t:|1682870518\n|move|p1b: Torkoal|Protect|p1b: Torkoal\n|-singleturn|p1b: Torkoal|Protect\n|move|p2b: Ceruledge|Swords Dance|p2b: Ceruledge\n|-boost|p2b: Ceruledge|atk|2\n|move|p1a: Great Tusk|Close Combat|p2a: Blissey\n|-supereffective|p2a: Blissey\n|-damage|p2a: Blissey|0 fnt\n|-unboost|p1a: Great Tusk|def|1\n|-unboost|p1a: Great Tusk|spd|1\n|faint|p2a: Blissey\n|\n|-weather|SunnyDay|[upkeep]\n|upkeep\n|\n|t:|1682870533\n|switch|p2a: Palafin|Palafin-Hero, L50, M|100\/100\n|-activate|p2a: Palafin|ability: Zero to Hero\n|turn|6\n|inactive|tomato233 has 30 seconds left.\n|\n|t:|1682870559\n|move|p2b: Ceruledge|Shadow Sneak|p1b: Torkoal\n|-damage|p1b: Torkoal|10\/100\n|move|p2a: Palafin|Jet Punch|p1a: Great Tusk\n|-supereffective|p1a: Great Tusk\n|-damage|p1a: Great Tusk|41\/100\n|move|p1a: Great Tusk|Stomping Tantrum|p2b: Ceruledge\n|-immune|p2b: Ceruledge\n|move|p1b: Torkoal|Eruption|p2a: Palafin|[spread] p2a\n|-immune|p2b: Ceruledge|[from] ability: Flash Fire\n|-resisted|p2a: Palafin\n|-damage|p2a: Palafin|95\/100\n|\n|-weather|SunnyDay|[upkeep]\n|upkeep\n|turn|7\n|\n|t:|1682870580\n|move|p2b: Ceruledge|Shadow Sneak|p1b: Torkoal\n|-damage|p1b: Torkoal|0 fnt\n|faint|p1b: Torkoal\n|move|p2a: Palafin|Jet Punch|p1a: Great Tusk\n|-supereffective|p1a: Great Tusk\n|-damage|p1a: Great Tusk|0 fnt\n|faint|p1a: Great Tusk\n|-end|p1a: Great Tusk|Protosynthesis|[silent]\n|\n|win|tomato233\n","uploadtime":1682870586,"views":16,"p1id":"betty23333","p2id":"tomato233","formatid":"gen9vgc2023regulationc","rating":0,"private":0,"password":""}