{"id":"gen9vgc2023regulationc-1859172643","p1":"Arcacagne","p2":"Dodgerdude11","format":"[Gen 9] VGC 2023 Regulation C","log":"|j|\u2606Arcacagne\n|j|\u2606Dodgerdude11\n|t:|1683413410\n|gametype|doubles\n|player|p1|Arcacagne|170|1324\n|player|p2|Dodgerdude11|scientist|1269\n|teamsize|p1|6\n|teamsize|p2|6\n|gen|9\n|tier|[Gen 9] VGC 2023 Regulation C\n|rated|\n|rule|Species Clause: Limit one of each Pok\u00e9mon\n|rule|Item Clause: Limit one of each item\n|clearpoke\n|poke|p1|Abomasnow, L50, F|\n|poke|p1|Iron Bundle, L50|\n|poke|p1|Rotom-Heat, L50|\n|poke|p1|Amoonguss, L50, F|\n|poke|p1|Iron Hands, L50|\n|poke|p1|Ting-Lu, L50|\n|poke|p2|Ting-Lu, L50|\n|poke|p2|Amoonguss, L50, F|\n|poke|p2|Garganacl, L50, M|\n|poke|p2|Arcanine, L50, M|\n|poke|p2|Roaring Moon, L50|\n|poke|p2|Iron Bundle, L50|\n|teampreview|4\n|inactive|Battle timer is ON: inactive players will automatically lose when time's up. (requested by Dodgerdude11)\n|inactive|Dodgerdude11 has 60 seconds left.\n|\n|t:|1683413453\n|start\n|switch|p1a: Abomasnow|Abomasnow, L50, F|100\/100\n|switch|p1b: Iron Hands|Iron Hands, L50|100\/100\n|switch|p2a: Iron Bundle|Iron Bundle, L50|100\/100\n|switch|p2b: Garganacl|Garganacl, L50, M|100\/100\n|-weather|Snow|[from] ability: Snow Warning|[of] p1a: Abomasnow\n|turn|1\n|\n|t:|1683413471\n|move|p2a: Iron Bundle|Protect|p2a: Iron Bundle\n|-singleturn|p2a: Iron Bundle|Protect\n|move|p1b: Iron Hands|Fake Out|p2b: Garganacl\n|-resisted|p2b: Garganacl\n|-damage|p2b: Garganacl|96\/100\n|move|p1a: Abomasnow|Aurora Veil|p1a: Abomasnow\n|-sidestart|p1: Arcacagne|move: Aurora Veil\n|cant|p2b: Garganacl|flinch\n|\n|-weather|Snow|[upkeep]\n|-heal|p2b: Garganacl|100\/100|[from] item: Leftovers\n|upkeep\n|turn|2\n|inactive|Arcacagne has 30 seconds left.\n|\n|t:|1683413502\n|move|p2a: Iron Bundle|Encore|p1b: Iron Hands\n|-start|p1b: Iron Hands|Encore\n|move|p1a: Abomasnow|Energy Ball|p2a: Iron Bundle\n|-supereffective|p2a: Iron Bundle\n|-enditem|p2a: Iron Bundle|Focus Sash\n|-damage|p2a: Iron Bundle|1\/100\n|move|p1b: Iron Hands|Fake Out||[still]\n|-hint|Fake Out only works on your first turn out.\n|-fail|p1b: Iron Hands\n|move|p2b: Garganacl|Salt Cure|p1a: Abomasnow\n|-supereffective|p1a: Abomasnow\n|-damage|p1a: Abomasnow|87\/100\n|-start|p1a: Abomasnow|Salt Cure\n|\n|-weather|Snow|[upkeep]\n|-damage|p1a: Abomasnow|75\/100|[from] Salt Cure\n|upkeep\n|turn|3\n|inactive|Arcacagne has 30 seconds left.\n|\n|t:|1683413528\n|-end|p2a: Iron Bundle|Quark Drive|[silent]\n|switch|p2a: Arcanine|Arcanine, L50, M|100\/100\n|-ability|p2a: Arcanine|Intimidate|boost\n|-unboost|p1a: Abomasnow|atk|1\n|-unboost|p1b: Iron Hands|atk|1\n|-end|p1b: Iron Hands|Quark Drive|[silent]\n|switch|p1b: Iron Bundle|Iron Bundle, L50|100\/100\n|-enditem|p1b: Iron Bundle|Booster Energy\n|-activate|p1b: Iron Bundle|ability: Quark Drive|[fromitem]\n|-start|p1b: Iron Bundle|quarkdrivespe\n|move|p1a: Abomasnow|Blizzard|p2b: Garganacl|[spread] p2a,p2b\n|-resisted|p2a: Arcanine\n|-damage|p2a: Arcanine|82\/100\n|-damage|p2b: Garganacl|79\/100\n|move|p2b: Garganacl|Stealth Rock|p1a: Abomasnow\n|-sidestart|p1: Arcacagne|move: Stealth Rock\n|\n|-weather|Snow|[upkeep]\n|-heal|p2b: Garganacl|85\/100|[from] item: Leftovers\n|-damage|p1a: Abomasnow|63\/100|[from] Salt Cure\n|upkeep\n|turn|4\n|inactive|Arcacagne has 30 seconds left.\n|inactive|Dodgerdude11 has 30 seconds left.\n|\n|t:|1683413557\n|-terastallize|p2a: Arcanine|Grass\n|-terastallize|p1a: Abomasnow|Water\n|move|p1b: Iron Bundle|Hydro Pump|p2b: Garganacl\n|-supereffective|p2b: Garganacl\n|-damage|p2b: Garganacl|21\/100\n|move|p2a: Arcanine|Flare Blitz|p1a: Abomasnow\n|-resisted|p1a: Abomasnow\n|-damage|p1a: Abomasnow|43\/100\n|-damage|p2a: Arcanine|76\/100|[from] Recoil\n|move|p1a: Abomasnow|Blizzard|p2a: Arcanine|[spread] p2a,p2b\n|-supereffective|p2a: Arcanine\n|-damage|p2a: Arcanine|0 fnt\n|-damage|p2b: Garganacl|0 fnt\n|faint|p2a: Arcanine\n|faint|p2b: Garganacl\n|\n|-weather|Snow|[upkeep]\n|-damage|p1a: Abomasnow|18\/100|[from] Salt Cure\n|upkeep\n|\n|t:|1683413563\n|switch|p2a: Iron Bundle|Iron Bundle, L50|1\/100\n|switch|p2b: Roaring Moon|Roaring Moon, L50|100\/100\n|-enditem|p2b: Roaring Moon|Booster Energy\n|-activate|p2b: Roaring Moon|ability: Protosynthesis|[fromitem]\n|-start|p2b: Roaring Moon|protosynthesisatk\n|turn|5\n|\n|t:|1683413587\n|move|p1b: Iron Bundle|Protect|p1b: Iron Bundle\n|-singleturn|p1b: Iron Bundle|Protect\n|move|p2b: Roaring Moon|Protect|p2b: Roaring Moon\n|-singleturn|p2b: Roaring Moon|Protect\n|move|p2a: Iron Bundle|Freeze-Dry|p1b: Iron Bundle\n|-activate|p1b: Iron Bundle|move: Protect\n|move|p1a: Abomasnow|Blizzard|p2b: Roaring Moon|[spread] p2a\n|-activate|p2b: Roaring Moon|move: Protect\n|-resisted|p2a: Iron Bundle\n|-damage|p2a: Iron Bundle|0 fnt\n|faint|p2a: Iron Bundle\n|-end|p2a: Iron Bundle|Quark Drive|[silent]\n|\n|-weather|none\n|-damage|p1a: Abomasnow|0 fnt|[from] Salt Cure\n|faint|p1a: Abomasnow\n|upkeep\n|\n|t:|1683413601\n|switch|p1a: Iron Hands|Iron Hands, L50|100\/100\n|-damage|p1a: Iron Hands|94\/100|[from] Stealth Rock\n|turn|6\n|l|\u2606Dodgerdude11\n|inactive|Dodgerdude11 disconnected and has a minute to reconnect!\n|player|p2|\n|inactive|Dodgerdude11 has 30 seconds left.\n|c|\u2606Arcacagne|lol\n|inactive|Dodgerdude11 has 20 seconds left.\n|inactive|Dodgerdude11 has 15 seconds left.\n|inactive|Dodgerdude11 has 10 seconds left.\n|inactive|Dodgerdude11 has 5 seconds left.\n|-message|Dodgerdude11 lost due to inactivity.\n|\n|win|Arcacagne\n|raw|Arcacagne's rating: 1324 → 1341<\/strong> (+17 for winning)\n|raw|Dodgerdude11's rating: 1269 → 1248<\/strong> (-21 for losing)\n","uploadtime":1683414120,"views":10,"p1id":"arcacagne","p2id":"dodgerdude11","formatid":"gen9vgc2023regulationc","rating":1248,"private":0,"password":""}