{"id":"gen9vgc2023regulationc-1845716023","p1":"Valhala Alfa","p2":"techromancer","format":"[Gen 9] VGC 2023 Regulation C","log":"|j|\u2606Valhala Alfa\n|j|\u2606techromancer\n|t:|1681758034\n|gametype|doubles\n|player|p1|Valhala Alfa|1|1187\n|player|p2|techromancer|ethan|1135\n|teamsize|p1|6\n|teamsize|p2|6\n|gen|9\n|tier|[Gen 9] VGC 2023 Regulation C\n|rated|\n|rule|Species Clause: Limit one of each Pok\u00e9mon\n|rule|Item Clause: Limit one of each item\n|clearpoke\n|poke|p1|Gyarados, L50, F|\n|poke|p1|Maushold, L50|\n|poke|p1|Annihilape, L50, F|\n|poke|p1|Ampharos, L50, F|\n|poke|p1|Baxcalibur, L50, F|\n|poke|p1|Amoonguss, L50, F|\n|poke|p2|Grimmsnarl, L50, M|\n|poke|p2|Slaking, L50, M|\n|poke|p2|Chien-Pao, L50|\n|poke|p2|Chi-Yu, L50|\n|poke|p2|Roaring Moon, L50|\n|poke|p2|Flutter Mane, L50|\n|teampreview|4\n|inactive|Battle timer is ON: inactive players will automatically lose when time's up. (requested by techromancer)\n|inactive|Valhala Alfa has 60 seconds left.\n|\n|t:|1681758076\n|start\n|switch|p1a: Gyarados|Gyarados, L50, F, shiny|100\/100\n|switch|p1b: Baxcalibur|Baxcalibur, L50, F|100\/100\n|switch|p2a: Grimmsnarl|Grimmsnarl, L50, M|100\/100\n|switch|p2b: Slaking|Slaking, L50, M|100\/100\n|-ability|p1a: Gyarados|Intimidate|boost\n|-unboost|p2a: Grimmsnarl|atk|1\n|-unboost|p2b: Slaking|atk|1\n|turn|1\n|\n|t:|1681758092\n|move|p1a: Gyarados|Protect|p1a: Gyarados\n|-singleturn|p1a: Gyarados|Protect\n|move|p1b: Baxcalibur|Protect|p1b: Baxcalibur\n|-singleturn|p1b: Baxcalibur|Protect\n|move|p2b: Slaking|Giga Impact|p1a: Gyarados\n|-activate|p1a: Gyarados|move: Protect\n|move|p2a: Grimmsnarl|Spirit Break|p1b: Baxcalibur\n|-activate|p1b: Baxcalibur|move: Protect\n|\n|upkeep\n|turn|2\n|inactive|Valhala Alfa has 30 seconds left.\n|\n|t:|1681758119\n|-terastallize|p1b: Baxcalibur|Poison\n|cant|p2b: Slaking|ability: Truant\n|move|p1a: Gyarados|Dragon Dance|p1a: Gyarados\n|-boost|p1a: Gyarados|atk|1\n|-boost|p1a: Gyarados|spe|1\n|move|p1b: Baxcalibur|Icicle Spear|p2a: Grimmsnarl\n|-damage|p2a: Grimmsnarl|81\/100\n|-damage|p2a: Grimmsnarl|62\/100\n|-damage|p2a: Grimmsnarl|43\/100\n|-damage|p2a: Grimmsnarl|25\/100\n|-damage|p2a: Grimmsnarl|6\/100\n|-hitcount|p2a: Grimmsnarl|5\n|-enditem|p2a: Grimmsnarl|Red Card|[of] p1b: Baxcalibur\n|drag|p1b: Maushold|Maushold, L50|100\/100\n|move|p2a: Grimmsnarl|Spirit Break|p1b: Maushold\n|-damage|p1b: Maushold|66\/100\n|-unboost|p1b: Maushold|spa|1\n|\n|upkeep\n|turn|3\n|inactive|Valhala Alfa has 30 seconds left.\n|inactive|Valhala Alfa has 20 seconds left.\n|\n|t:|1681758158\n|switch|p1a: Annihilape|Annihilape, L50, F|100\/100\n|move|p2a: Grimmsnarl|Trick|p1a: Annihilape\n|-activate|p2a: Grimmsnarl|move: Trick|[of] p1a: Annihilape\n|-enditem|p1a: Annihilape|Leftovers|[silent]|[from] move: Trick\n|-item|p2a: Grimmsnarl|Leftovers|[from] move: Trick\n|move|p2b: Slaking|Giga Impact|p1a: Annihilape\n|-immune|p1a: Annihilape\n|move|p1b: Maushold|Beat Up|p1a: Annihilape\n|-damage|p1a: Annihilape|99\/100\n|-damage|p1a: Annihilape|97\/100\n|-damage|p1a: Annihilape|95\/100\n|-crit|p1a: Annihilape\n|-damage|p1a: Annihilape|92\/100\n|-hitcount|p1a: Annihilape|4\n|\n|-heal|p2a: Grimmsnarl|12\/100|[from] item: Leftovers\n|upkeep\n|turn|4\n|\n|t:|1681758183\n|cant|p2b: Slaking|ability: Truant\n|move|p1b: Maushold|Beat Up|p1a: Annihilape\n|-damage|p1a: Annihilape|90\/100\n|-damage|p1a: Annihilape|89\/100\n|-damage|p1a: Annihilape|87\/100\n|-damage|p1a: Annihilape|85\/100\n|-hitcount|p1a: Annihilape|4\n|move|p1a: Annihilape|Drain Punch|p2b: Slaking\n|-supereffective|p2b: Slaking\n|-damage|p2b: Slaking|44\/100\n|-heal|p1a: Annihilape|100\/100|[from] drain|[of] p2b: Slaking\n|move|p2a: Grimmsnarl|Spirit Break|p1a: Annihilape\n|-supereffective|p1a: Annihilape\n|-damage|p1a: Annihilape|65\/100\n|-unboost|p1a: Annihilape|spa|1\n|-ability|p1a: Annihilape|Defiant|boost\n|-boost|p1a: Annihilape|atk|2\n|\n|-heal|p2a: Grimmsnarl|18\/100|[from] item: Leftovers\n|upkeep\n|turn|5\n|inactive|Valhala Alfa has 30 seconds left.\n|\n|t:|1681758208\n|move|p1b: Maushold|Follow Me|p1b: Maushold\n|-singleturn|p1b: Maushold|move: Follow Me\n|move|p2a: Grimmsnarl|Sucker Punch||[still]\n|-fail|p2a: Grimmsnarl\n|move|p2b: Slaking|Giga Impact|p1b: Maushold\n|-damage|p1b: Maushold|0 fnt\n|-mustrecharge|p2b: Slaking\n|faint|p1b: Maushold\n|move|p1a: Annihilape|Drain Punch|p2b: Slaking\n|-supereffective|p2b: Slaking\n|-damage|p2b: Slaking|0 fnt\n|-heal|p1a: Annihilape|87\/100|[from] drain|[of] p2b: Slaking\n|faint|p2b: Slaking\n|\n|-heal|p2a: Grimmsnarl|24\/100|[from] item: Leftovers\n|upkeep\n|\n|t:|1681758219\n|switch|p2b: Roaring Moon|Roaring Moon, L50|100\/100\n|switch|p1b: Baxcalibur|Baxcalibur, L50, F, tera:Poison|100\/100\n|turn|6\n|\n|t:|1681758237\n|move|p2b: Roaring Moon|Protect|p2b: Roaring Moon\n|-singleturn|p2b: Roaring Moon|Protect\n|move|p1a: Annihilape|Protect|p1a: Annihilape\n|-singleturn|p1a: Annihilape|Protect\n|move|p1b: Baxcalibur|Glaive Rush|p2b: Roaring Moon\n|-activate|p2b: Roaring Moon|move: Protect\n|move|p2a: Grimmsnarl|Spirit Break|p1a: Annihilape\n|-activate|p1a: Annihilape|move: Protect\n|\n|-heal|p2a: Grimmsnarl|30\/100|[from] item: Leftovers\n|upkeep\n|turn|7\n|inactive|Valhala Alfa has 30 seconds left.\n|\n|t:|1681758263\n|-terastallize|p2b: Roaring Moon|Fairy\n|move|p2b: Roaring Moon|Tera Blast|p1a: Annihilape\n|-supereffective|p1a: Annihilape\n|-damage|p1a: Annihilape|4\/100\n|move|p1a: Annihilape|Rage Fist|p2a: Grimmsnarl\n|-resisted|p2a: Grimmsnarl\n|-damage|p2a: Grimmsnarl|0 fnt\n|faint|p2a: Grimmsnarl\n|move|p1b: Baxcalibur|Glaive Rush|p2b: Roaring Moon\n|-immune|p2b: Roaring Moon\n|\n|upkeep\n|\n|t:|1681758270\n|switch|p2a: Chien-Pao|Chien-Pao, L50|100\/100\n|-ability|p2a: Chien-Pao|Sword of Ruin\n|turn|8\n|\n|t:|1681758293\n|move|p1a: Annihilape|Protect|p1a: Annihilape\n|-singleturn|p1a: Annihilape|Protect\n|move|p2a: Chien-Pao|Crunch|p1b: Baxcalibur\n|-damage|p1b: Baxcalibur|46\/100\n|-damage|p2a: Chien-Pao|91\/100|[from] item: Life Orb\n|move|p2b: Roaring Moon|Tera Blast|p1a: Annihilape\n|-activate|p1a: Annihilape|move: Protect\n|move|p1b: Baxcalibur|Glaive Rush|p2a: Chien-Pao\n|-damage|p2a: Chien-Pao|0 fnt\n|-singlemove|p1b: Baxcalibur|Glaive Rush|[silent]\n|faint|p2a: Chien-Pao\n|\n|upkeep\n|turn|9\n|\n|t:|1681758309\n|move|p2b: Roaring Moon|Tera Blast|p1a: Annihilape\n|-supereffective|p1a: Annihilape\n|-damage|p1a: Annihilape|0 fnt\n|faint|p1a: Annihilape\n|move|p1b: Baxcalibur|Icicle Spear|p2b: Roaring Moon\n|-damage|p2b: Roaring Moon|80\/100\n|-damage|p2b: Roaring Moon|60\/100\n|-crit|p2b: Roaring Moon\n|-damage|p2b: Roaring Moon|27\/100\n|-damage|p2b: Roaring Moon|4\/100\n|-damage|p2b: Roaring Moon|0 fnt\n|faint|p2b: Roaring Moon\n|-end|p2b: Roaring Moon|Protosynthesis|[silent]\n|-hitcount|p2: Roaring Moon|5\n|\n|win|Valhala Alfa\n|raw|Valhala Alfa's rating: 1187 → 1208<\/strong> (+21 for winning)\n|raw|techromancer's rating: 1135 → 1114<\/strong> (-21 for losing)\n|l|\u2606techromancer\n","uploadtime":1681758323,"views":8,"p1id":"valhalaalfa","p2id":"techromancer","formatid":"gen9vgc2023regulationc","rating":1114,"private":0,"password":""}