{"id":"gen9vgc2023regulationc-1847934109","p1":"200 routes","p2":"Method Tester","format":"[Gen 9] VGC 2023 Regulation C","log":"|j|\u2606200 routes\n|j|\u2606Method Tester\n|t:|1682013890\n|gametype|doubles\n|player|p1|200 routes|rosa|1386\n|player|p2|Method Tester|266|1366\n|teamsize|p1|6\n|teamsize|p2|6\n|gen|9\n|tier|[Gen 9] VGC 2023 Regulation C\n|rated|\n|rule|Species Clause: Limit one of each Pok\u00e9mon\n|rule|Item Clause: Limit one of each item\n|clearpoke\n|poke|p1|Scizor, L50, F|\n|poke|p1|Iron Bundle, L50|\n|poke|p1|Iron Hands, L50|\n|poke|p1|Baxcalibur, L50, M|\n|poke|p1|Amoonguss, L50, F|\n|poke|p1|Flutter Mane, L50|\n|poke|p2|Arboliva, L50, M|\n|poke|p2|Lokix, L50, F|\n|poke|p2|Maushold, L50|\n|poke|p2|Pawmot, L50, M|\n|poke|p2|Gastrodon, L50, F|\n|poke|p2|Bombirdier, L50, M|\n|teampreview|4\n|j| Ran Kob\n|inactive|Battle timer is ON: inactive players will automatically lose when time's up. (requested by 200 routes)\n|inactive|200 routes has 60 seconds left.\n|l| Ran Kob\n|\n|t:|1682013977\n|start\n|switch|p1a: Iron Bundle|Iron Bundle, L50|100\/100\n|switch|p1b: Flutter Mane|Flutter Mane, L50|100\/100\n|switch|p2a: Lokix|Lokix, L50, F|100\/100\n|switch|p2b: Bombirdier|Bombirdier, L50, M|100\/100\n|-enditem|p1a: Iron Bundle|Booster Energy\n|-activate|p1a: Iron Bundle|ability: Quark Drive|[fromitem]\n|-start|p1a: Iron Bundle|quarkdrivespe\n|turn|1\n|inactive|200 routes has 30 seconds left.\n|inactive|200 routes has 20 seconds left.\n|inactive|200 routes has 15 seconds left.\n|inactive|200 routes has 10 seconds left.\n|\n|t:|1682014024\n|-terastallize|p2b: Bombirdier|Rock\n|move|p2a: Lokix|First Impression|p1b: Flutter Mane\n|-resisted|p1b: Flutter Mane\n|-damage|p1b: Flutter Mane|60\/100\n|-damage|p2a: Lokix|91\/100|[from] item: Life Orb\n|move|p1a: Iron Bundle|Freeze-Dry|p2b: Bombirdier\n|-damage|p2b: Bombirdier|53\/100\n|move|p2b: Bombirdier|Rock Slide|p1a: Iron Bundle|[spread] p1a,p1b\n|-supereffective|p1a: Iron Bundle\n|-damage|p1a: Iron Bundle|33\/100\n|-damage|p1b: Flutter Mane|3\/100\n|move|p1b: Flutter Mane|Moonblast|p2a: Lokix\n|-supereffective|p2a: Lokix\n|-damage|p2a: Lokix|0 fnt\n|faint|p2a: Lokix\n|\n|upkeep\n|\n|t:|1682014041\n|switch|p2a: Pawmot|Pawmot, L50, M|100\/100\n|turn|2\n|inactive|200 routes has 30 seconds left.\n|\n|t:|1682014069\n|-terastallize|p1a: Iron Bundle|Ghost\n|move|p2a: Pawmot|Mach Punch|p1a: Iron Bundle\n|-immune|p1a: Iron Bundle\n|move|p1a: Iron Bundle|Icy Wind|p2b: Bombirdier|[spread] p2a,p2b\n|-damage|p2a: Pawmot|65\/100\n|-damage|p2b: Bombirdier|24\/100\n|-unboost|p2a: Pawmot|spe|1\n|-unboost|p2b: Bombirdier|spe|1\n|move|p1b: Flutter Mane|Moonblast|p2a: Pawmot\n|-supereffective|p2a: Pawmot\n|-damage|p2a: Pawmot|0 fnt\n|faint|p2a: Pawmot\n|move|p2b: Bombirdier|Rock Slide|p1b: Flutter Mane|[spread] p1a,p1b\n|-damage|p1a: Iron Bundle|0 fnt\n|-damage|p1b: Flutter Mane|0 fnt\n|faint|p1a: Iron Bundle\n|-end|p1a: Iron Bundle|Quark Drive|[silent]\n|faint|p1b: Flutter Mane\n|-end|p1b: Flutter Mane|Protosynthesis|[silent]\n|\n|upkeep\n|\n|t:|1682014085\n|switch|p1b: Amoonguss|Amoonguss, L50, F|100\/100\n|switch|p2a: Gastrodon|Gastrodon, L50, F|100\/100\n|switch|p1a: Baxcalibur|Baxcalibur, L50, M|100\/100\n|turn|3\n|\n|t:|1682014103\n|move|p1a: Baxcalibur|Ice Shard|p2b: Bombirdier\n|-damage|p2b: Bombirdier|0 fnt\n|faint|p2b: Bombirdier\n|move|p2a: Gastrodon|Yawn|p1b: Amoonguss\n|-start|p1b: Amoonguss|move: Yawn|[of] p2a: Gastrodon\n|move|p1b: Amoonguss|Spore|p2a: Gastrodon\n|-status|p2a: Gastrodon|slp|[from] move: Spore\n|\n|upkeep\n|turn|4\n|\n|t:|1682014115\n|move|p1a: Baxcalibur|Glaive Rush|p2a: Gastrodon\n|-damage|p2a: Gastrodon|27\/100 slp\n|-singlemove|p1a: Baxcalibur|Glaive Rush|[silent]\n|cant|p2a: Gastrodon|slp\n|move|p1b: Amoonguss|Pollen Puff|p2a: Gastrodon\n|-damage|p2a: Gastrodon|10\/100 slp\n|\n|-heal|p2a: Gastrodon|16\/100 slp|[from] item: Leftovers\n|-end|p1b: Amoonguss|move: Yawn|[silent]\n|-status|p1b: Amoonguss|slp\n|upkeep\n|turn|5\n|\n|t:|1682014128\n|move|p1a: Baxcalibur|Glaive Rush|p2a: Gastrodon\n|-damage|p2a: Gastrodon|0 fnt\n|-singlemove|p1a: Baxcalibur|Glaive Rush|[silent]\n|faint|p2a: Gastrodon\n|\n|win|200 routes\n|raw|200 routes's rating: 1386 → 1405<\/strong> (+19 for winning)\n|raw|Method Tester's rating: 1366 → 1347<\/strong> (-19 for losing)\n|l|\u2606Method Tester\n","uploadtime":1682014136,"views":12,"p1id":"200routes","p2id":"methodtester","formatid":"gen9vgc2023regulationc","rating":1347,"private":0,"password":""}