{"id":"gen9vgc2023regulationc-1854915509","p1":"Joull","p2":"apocalipsis hoy","format":"[Gen 9] VGC 2023 Regulation C","log":"|j|\u2606Joull\n|j|\u2606apocalipsis hoy\n|t:|1682880353\n|gametype|doubles\n|player|p1|Joull|lance-gen2|1119\n|player|p2|apocalipsis hoy|lance|1186\n|teamsize|p1|6\n|teamsize|p2|6\n|gen|9\n|tier|[Gen 9] VGC 2023 Regulation C\n|rated|\n|rule|Species Clause: Limit one of each Pok\u00e9mon\n|rule|Item Clause: Limit one of each item\n|clearpoke\n|poke|p1|Lycanroc, L50, F|\n|poke|p1|Tyranitar, L50, F|\n|poke|p1|Gastrodon-East, L50, F|\n|poke|p1|Annihilape, L50, M|\n|poke|p1|Brambleghast, L50, F|\n|poke|p1|Corviknight, L50, M|\n|poke|p2|Chi-Yu, L50|\n|poke|p2|Flutter Mane, L50|\n|poke|p2|Amoonguss, L50, F|\n|poke|p2|Dragonite, L50, M|\n|poke|p2|Great Tusk, L50|\n|poke|p2|Palafin, L50, M|\n|teampreview|4\n|\n|t:|1682880387\n|start\n|switch|p1a: Tyranitar|Tyranitar, L50, F, shiny|100\/100\n|switch|p1b: Lycanroc|Lycanroc, L50, F, shiny|100\/100\n|switch|p2a: Great Tusk|Great Tusk, L50|100\/100\n|switch|p2b: Palafin|Palafin, L50, M|100\/100\n|-weather|Sandstorm|[from] ability: Sand Stream|[of] p1a: Tyranitar\n|turn|1\n|\n|t:|1682880413\n|switch|p1a: Gastrodon|Gastrodon-East, L50, F, shiny|100\/100\n|move|p2b: Palafin|Protect|p2b: Palafin\n|-singleturn|p2b: Palafin|Protect\n|move|p1b: Lycanroc|Psychic Fangs|p2a: Great Tusk\n|-supereffective|p2a: Great Tusk\n|-damage|p2a: Great Tusk|55\/100\n|move|p2a: Great Tusk|Close Combat|p1a: Gastrodon\n|-damage|p1a: Gastrodon|19\/100\n|-unboost|p2a: Great Tusk|def|1\n|-unboost|p2a: Great Tusk|spd|1\n|\n|-weather|Sandstorm|[upkeep]\n|-damage|p2b: Palafin|95\/100|[from] Sandstorm\n|-heal|p1a: Gastrodon|25\/100|[from] item: Leftovers\n|upkeep\n|turn|2\n|\n|t:|1682880436\n|detailschange|p2b: Palafin|Palafin-Hero, L50, M\n|switch|p2b: Flutter Mane|Flutter Mane, L50|100\/100\n|-enditem|p2b: Flutter Mane|Booster Energy\n|-activate|p2b: Flutter Mane|ability: Protosynthesis|[fromitem]\n|-start|p2b: Flutter Mane|protosynthesisspe\n|-end|p2a: Great Tusk|Protosynthesis|[silent]\n|switch|p2a: Chi-Yu|Chi-Yu, L50|100\/100\n|-ability|p2a: Chi-Yu|Beads of Ruin\n|move|p1b: Lycanroc|Psychic Fangs|p2a: Chi-Yu\n|-immune|p2a: Chi-Yu\n|move|p1a: Gastrodon|Recover|p1a: Gastrodon\n|-heal|p1a: Gastrodon|75\/100\n|\n|-weather|Sandstorm|[upkeep]\n|-damage|p2b: Flutter Mane|94\/100|[from] Sandstorm\n|-damage|p2a: Chi-Yu|94\/100|[from] Sandstorm\n|-heal|p1a: Gastrodon|81\/100|[from] item: Leftovers\n|upkeep\n|turn|3\n|\n|t:|1682880460\n|-terastallize|p2b: Flutter Mane|Fairy\n|move|p1b: Lycanroc|Accelerock|p2a: Chi-Yu\n|-supereffective|p2a: Chi-Yu\n|-crit|p2a: Chi-Yu\n|-damage|p2a: Chi-Yu|0 fnt\n|faint|p2a: Chi-Yu\n|move|p2b: Flutter Mane|Dazzling Gleam|p1b: Lycanroc|[spread] p1a,p1b\n|-damage|p1a: Gastrodon|53\/100\n|-damage|p1b: Lycanroc|55\/100\n|move|p1a: Gastrodon|Muddy Water|p2b: Flutter Mane\n|-damage|p2b: Flutter Mane|62\/100\n|\n|-weather|Sandstorm|[upkeep]\n|-damage|p2b: Flutter Mane|56\/100|[from] Sandstorm\n|-heal|p1a: Gastrodon|59\/100|[from] item: Leftovers\n|upkeep\n|\n|t:|1682880476\n|switch|p2a: Great Tusk|Great Tusk, L50|55\/100\n|turn|4\n|\n|t:|1682880481\n|move|p2b: Flutter Mane|Protect|p2b: Flutter Mane\n|-singleturn|p2b: Flutter Mane|Protect\n|move|p1b: Lycanroc|Accelerock|p2b: Flutter Mane\n|-activate|p2b: Flutter Mane|move: Protect\n|move|p2a: Great Tusk|Earthquake|p1a: Gastrodon|[spread] p1a,p1b\n|-activate|p2b: Flutter Mane|move: Protect\n|-supereffective|p1b: Lycanroc\n|-damage|p1a: Gastrodon|6\/100\n|-damage|p1b: Lycanroc|0 fnt\n|faint|p1b: Lycanroc\n|move|p1a: Gastrodon|Muddy Water|p2a: Great Tusk|[spread] p2a\n|-activate|p2b: Flutter Mane|move: Protect\n|-supereffective|p2a: Great Tusk\n|-damage|p2a: Great Tusk|24\/100\n|-unboost|p2a: Great Tusk|accuracy|1\n|\n|-weather|Sandstorm|[upkeep]\n|-damage|p2b: Flutter Mane|50\/100|[from] Sandstorm\n|-heal|p1a: Gastrodon|12\/100|[from] item: Leftovers\n|upkeep\n|\n|t:|1682880501\n|switch|p1b: Annihilape|Annihilape, L50, M|100\/100\n|turn|5\n|\n|t:|1682880529\n|-end|p2a: Great Tusk|Protosynthesis|[silent]\n|switch|p2a: Palafin|Palafin-Hero, L50, M|95\/100\n|-activate|p2a: Palafin|ability: Zero to Hero\n|move|p2b: Flutter Mane|Dazzling Gleam|p1a: Gastrodon|[spread] p1a,p1b\n|-supereffective|p1b: Annihilape\n|-damage|p1a: Gastrodon|0 fnt\n|-damage|p1b: Annihilape|18\/100\n|faint|p1a: Gastrodon\n|move|p1b: Annihilape|Drain Punch|p2a: Palafin\n|-damage|p2a: Palafin|47\/100\n|-heal|p1b: Annihilape|38\/100|[from] drain|[of] p2a: Palafin\n|-damage|p1b: Annihilape|29\/100|[from] item: Life Orb\n|\n|-weather|Sandstorm|[upkeep]\n|-damage|p2b: Flutter Mane|44\/100|[from] Sandstorm\n|-damage|p2a: Palafin|42\/100|[from] Sandstorm\n|-damage|p1b: Annihilape|23\/100|[from] Sandstorm\n|upkeep\n|\n|t:|1682880545\n|switch|p1a: Tyranitar|Tyranitar, L50, F, shiny|100\/100\n|turn|6\n|\n|t:|1682880571\n|-terastallize|p1a: Tyranitar|Flying\n|move|p1b: Annihilape|Protect|p1b: Annihilape\n|-singleturn|p1b: Annihilape|Protect\n|move|p2b: Flutter Mane|Dazzling Gleam|p1a: Tyranitar|[spread] p1a\n|-activate|p1b: Annihilape|move: Protect\n|-damage|p1a: Tyranitar|72\/100\n|move|p2a: Palafin|Wave Crash|p1a: Tyranitar\n|-damage|p1a: Tyranitar|1\/100\n|-damage|p2a: Palafin|16\/100|[from] Recoil\n|move|p1a: Tyranitar|Rock Slide|p2b: Flutter Mane|[spread] p2a,p2b\n|-damage|p2a: Palafin|0 fnt\n|-damage|p2b: Flutter Mane|0 fnt\n|faint|p2a: Palafin\n|faint|p2b: Flutter Mane\n|-end|p2b: Flutter Mane|Protosynthesis|[silent]\n|\n|-weather|Sandstorm|[upkeep]\n|-damage|p1b: Annihilape|17\/100|[from] Sandstorm\n|-damage|p1a: Tyranitar|0 fnt|[from] Sandstorm\n|faint|p1a: Tyranitar\n|upkeep\n|\n|t:|1682880593\n|switch|p2a: Great Tusk|Great Tusk, L50|24\/100\n|turn|7\n|\n|t:|1682880599\n|move|p1b: Annihilape|Rage Fist|p2a: Great Tusk\n|-damage|p2a: Great Tusk|0 fnt\n|faint|p2a: Great Tusk\n|-end|p2a: Great Tusk|Protosynthesis|[silent]\n|-damage|p1b: Annihilape|7\/100|[from] item: Life Orb\n|\n|win|Joull\n|raw|Joull's rating: 1119 → 1149<\/strong> (+30 for winning)\n|raw|apocalipsis hoy's rating: 1186 → 1156<\/strong> (-30 for losing)\n","uploadtime":1682880607,"views":6,"p1id":"joull","p2id":"apocalipsishoy","formatid":"gen9vgc2023regulationc","rating":1149,"private":0,"password":""}