{"id":"gen9vgc2023regulationc-1851046909","p1":"CollinJ518","p2":"snaelstorm","format":"[Gen 9] VGC 2023 Regulation C","log":"|j|\u2606CollinJ518\n|j|\u2606snaelstorm\n|t:|1682399501\n|gametype|doubles\n|player|p1|CollinJ518|lucas|1372\n|player|p2|snaelstorm|dahlia|1329\n|teamsize|p1|6\n|teamsize|p2|6\n|gen|9\n|tier|[Gen 9] VGC 2023 Regulation C\n|rated|\n|rule|Species Clause: Limit one of each Pok\u00e9mon\n|rule|Item Clause: Limit one of each item\n|clearpoke\n|poke|p1|Chien-Pao, L50|\n|poke|p1|Palafin, L50, F|\n|poke|p1|Arcanine, L50, F|\n|poke|p1|Ting-Lu, L50|\n|poke|p1|Flutter Mane, L50|\n|poke|p1|Roaring Moon, L50|\n|poke|p2|Wo-Chien, L50|\n|poke|p2|Glimmora, L50, F|\n|poke|p2|Gyarados, L50, F|\n|poke|p2|Flutter Mane, L50|\n|poke|p2|Ceruledge, L50, F|\n|poke|p2|Garganacl, L50, F|\n|teampreview|4\nsnaelstorm has agreed to open team sheets.\nCollinJ518 has agreed to open team sheets.\n|inactive|Battle timer is ON: inactive players will automatically lose when time's up. (requested by CollinJ518)\n|\n|t:|1682399578\n|start\n|switch|p1a: Palafin|Palafin, L50, F, shiny|100\/100\n|switch|p1b: Ting-Lu|Ting-Lu, L50|100\/100\n|switch|p2a: Glimmora|Glimmora, L50, F|100\/100\n|switch|p2b: Wo-Chien|Wo-Chien, L50|100\/100\n|-ability|p2b: Wo-Chien|Tablets of Ruin\n|-ability|p1b: Ting-Lu|Vessel of Ruin\n|turn|1\n|\n|t:|1682399603\n|detailschange|p1a: Palafin|Palafin-Hero, L50, F, shiny\n|switch|p1a: Arcanine|Arcanine, L50, F|100\/100\n|-ability|p1a: Arcanine|Intimidate|boost\n|-unboost|p2a: Glimmora|atk|1\n|-unboost|p2b: Wo-Chien|atk|1\n|switch|p2a: Gyarados|Gyarados, L50, F|100\/100\n|-ability|p2a: Gyarados|Intimidate|boost\n|-unboost|p1a: Arcanine|atk|1\n|-unboost|p1b: Ting-Lu|atk|1\n|move|p2b: Wo-Chien|Leech Seed|p1b: Ting-Lu\n|-start|p1b: Ting-Lu|move: Leech Seed\n|move|p1b: Ting-Lu|Ruination|p2a: Gyarados\n|-damage|p2a: Gyarados|50\/100\n|-enditem|p2a: Gyarados|Sitrus Berry|[eat]\n|-heal|p2a: Gyarados|75\/100|[from] item: Sitrus Berry\n|\n|-damage|p1b: Ting-Lu|88\/100|[from] Leech Seed|[of] p2b: Wo-Chien\n|upkeep\n|turn|2\n|inactive|snaelstorm has 30 seconds left.\n|\n|t:|1682399638\n|switch|p1b: Flutter Mane|Flutter Mane, L50|100\/100\n|-terastallize|p2b: Wo-Chien|Water\n|move|p1a: Arcanine|Will-O-Wisp|p2a: Gyarados\n|-status|p2a: Gyarados|brn\n|move|p2a: Gyarados|Whirlpool|p1b: Flutter Mane\n|-damage|p1b: Flutter Mane|94\/100\n|-activate|p1b: Flutter Mane|move: Whirlpool|[of] p2a: Gyarados\n|move|p2b: Wo-Chien|Leech Seed|p1a: Arcanine\n|-start|p1a: Arcanine|move: Leech Seed\n|\n|-damage|p1a: Arcanine|88\/100|[from] Leech Seed|[of] p2b: Wo-Chien\n|-damage|p2a: Gyarados|69\/100 brn|[from] brn\n|-damage|p1b: Flutter Mane|82\/100|[from] move: Whirlpool|[partiallytrapped]\n|upkeep\n|turn|3\n|inactive|CollinJ518 has 30 seconds left.\n|\n|t:|1682399664\n|switch|p2a: Glimmora|Glimmora, L50, F|100\/100\n|move|p1a: Arcanine|Extreme Speed|p2b: Wo-Chien\n|-damage|p2b: Wo-Chien|89\/100\n|move|p1b: Flutter Mane|Thunderbolt|p2b: Wo-Chien\n|-supereffective|p2b: Wo-Chien\n|-damage|p2b: Wo-Chien|33\/100\n|move|p2b: Wo-Chien|Leech Seed|p1b: Flutter Mane\n|-start|p1b: Flutter Mane|move: Leech Seed\n|\n|-heal|p2b: Wo-Chien|40\/100|[from] item: Leftovers\n|-damage|p1b: Flutter Mane|70\/100|[from] Leech Seed|[of] p2b: Wo-Chien\n|-heal|p2b: Wo-Chien|49\/100|[silent]\n|-damage|p1a: Arcanine|76\/100|[from] Leech Seed|[of] p2b: Wo-Chien\n|-heal|p2b: Wo-Chien|61\/100|[silent]\n|-end|p1b: Flutter Mane|Whirlpool|[partiallytrapped]|[silent]\n|upkeep\n|turn|4\n|\n|t:|1682399685\n|-end|p1b: Flutter Mane|Protosynthesis|[silent]\n|switch|p1b: Palafin|Palafin-Hero, L50, F, shiny|100\/100\n|-activate|p1b: Palafin|ability: Zero to Hero\n|switch|p1a: Ting-Lu|Ting-Lu, L50|88\/100\n|-ability|p1a: Ting-Lu|Vessel of Ruin\n|move|p2b: Wo-Chien|Protect|p2b: Wo-Chien\n|-singleturn|p2b: Wo-Chien|Protect\n|move|p2a: Glimmora|Mortal Spin|p1a: Ting-Lu|[spread] p1a,p1b\n|-resisted|p1a: Ting-Lu\n|-damage|p1a: Ting-Lu|88\/100\n|-damage|p1b: Palafin|98\/100\n|-status|p1a: Ting-Lu|psn\n|-status|p1b: Palafin|psn\n|\n|-heal|p2b: Wo-Chien|67\/100|[from] item: Leftovers\n|-damage|p1b: Palafin|86\/100 psn|[from] psn\n|-damage|p1a: Ting-Lu|75\/100 psn|[from] psn\n|upkeep\n|turn|5\n|inactive|CollinJ518 has 30 seconds left.\n|\n|t:|1682399716\n|switch|p2a: Gyarados|Gyarados, L50, F|69\/100 brn\n|-ability|p2a: Gyarados|Intimidate|boost\n|-unboost|p1a: Ting-Lu|atk|1\n|-unboost|p1b: Palafin|atk|1\n|-terastallize|p1b: Palafin|Water\n|move|p1b: Palafin|Wave Crash|p2b: Wo-Chien\n|-resisted|p2b: Wo-Chien\n|-damage|p2b: Wo-Chien|42\/100\n|-damage|p1b: Palafin|78\/100 psn|[from] Recoil\n|move|p2b: Wo-Chien|Leech Seed|p1a: Ting-Lu|[miss]\n|-miss|p2b: Wo-Chien|p1a: Ting-Lu\n|move|p1a: Ting-Lu|Earthquake|p2a: Gyarados|[spread] p1b,p2b\n|-immune|p2a: Gyarados\n|-damage|p1b: Palafin|63\/100 psn\n|-damage|p2b: Wo-Chien|29\/100\n|\n|-heal|p2b: Wo-Chien|35\/100|[from] item: Leftovers\n|-damage|p1b: Palafin|51\/100 psn|[from] psn\n|-damage|p1a: Ting-Lu|63\/100 psn|[from] psn\n|-damage|p2a: Gyarados|63\/100 brn|[from] brn\n|upkeep\n|turn|6\n|inactive|CollinJ518 has 30 seconds left.\n|inactive|snaelstorm has 30 seconds left.\n|inactive|snaelstorm has 20 seconds left.\n|\n|t:|1682399753\n|switch|p1b: Arcanine|Arcanine, L50, F|76\/100\n|-ability|p1b: Arcanine|Intimidate|boost\n|-unboost|p2a: Gyarados|atk|1\n|-unboost|p2b: Wo-Chien|atk|1\n|move|p2a: Gyarados|Whirlpool|p1a: Ting-Lu\n|-supereffective|p1a: Ting-Lu\n|-damage|p1a: Ting-Lu|57\/100 psn\n|-activate|p1a: Ting-Lu|move: Whirlpool|[of] p2a: Gyarados\n|move|p2b: Wo-Chien|Leech Seed|p1a: Ting-Lu\n|-start|p1a: Ting-Lu|move: Leech Seed\n|move|p1a: Ting-Lu|Ruination|p2a: Gyarados\n|-damage|p2a: Gyarados|32\/100 brn\n|\n|-heal|p2b: Wo-Chien|41\/100|[from] item: Leftovers\n|-damage|p1a: Ting-Lu|45\/100 psn|[from] Leech Seed|[of] p2b: Wo-Chien\n|-heal|p2b: Wo-Chien|56\/100|[silent]\n|-damage|p1a: Ting-Lu|33\/100 psn|[from] psn\n|-damage|p2a: Gyarados|26\/100 brn|[from] brn\n|-damage|p1a: Ting-Lu|21\/100 psn|[from] move: Whirlpool|[partiallytrapped]\n|upkeep\n|turn|7\n|inactive|CollinJ518 has 30 seconds left.\n|\n|t:|1682399779\n|move|p1b: Arcanine|Will-O-Wisp|p2b: Wo-Chien\n|-status|p2b: Wo-Chien|brn\n|move|p2a: Gyarados|Whirlpool|p1b: Arcanine\n|-supereffective|p1b: Arcanine\n|-damage|p1b: Arcanine|63\/100\n|-activate|p1b: Arcanine|move: Whirlpool|[of] p2a: Gyarados\n|move|p2b: Wo-Chien|Pollen Puff|p2a: Gyarados\n|-heal|p2a: Gyarados|76\/100 brn\n|move|p1a: Ting-Lu|Ruination|p2b: Wo-Chien\n|-damage|p2b: Wo-Chien|29\/100 brn\n|\n|-heal|p2b: Wo-Chien|35\/100 brn|[from] item: Leftovers\n|-damage|p1a: Ting-Lu|9\/100 psn|[from] Leech Seed|[of] p2b: Wo-Chien\n|-heal|p2b: Wo-Chien|50\/100 brn|[silent]\n|-damage|p1a: Ting-Lu|0 fnt|[from] psn\n|faint|p1a: Ting-Lu\n|-damage|p2a: Gyarados|70\/100 brn|[from] brn\n|-damage|p2b: Wo-Chien|44\/100 brn|[from] brn\n|-damage|p1b: Arcanine|50\/100|[from] move: Whirlpool|[partiallytrapped]\n|upkeep\n|\n|t:|1682399801\n|switch|p1a: Flutter Mane|Flutter Mane, L50|70\/100\n|turn|8\n|\n|t:|1682399823\n|switch|p2b: Glimmora|Glimmora, L50, F|100\/100\n|move|p2a: Gyarados|Protect|p2a: Gyarados\n|-singleturn|p2a: Gyarados|Protect\n|move|p1b: Arcanine|Extreme Speed|p2b: Glimmora\n|-resisted|p2b: Glimmora\n|-crit|p2b: Glimmora\n|-damage|p2b: Glimmora|82\/100\n|move|p1a: Flutter Mane|Thunderbolt|p2a: Gyarados\n|-activate|p2a: Gyarados|move: Protect\n|\n|-damage|p2a: Gyarados|64\/100 brn|[from] brn\n|-damage|p1b: Arcanine|38\/100|[from] move: Whirlpool|[partiallytrapped]\n|upkeep\n|turn|9\n|inactive|CollinJ518 has 30 seconds left.\n|inactive|CollinJ518 has 20 seconds left.\n|\n|t:|1682399860\n|-end|p1a: Flutter Mane|Protosynthesis|[silent]\n|switch|p1a: Palafin|Palafin-Hero, L50, F, shiny, tera:Water|51\/100 psn\n|move|p1b: Arcanine|Protect|p1b: Arcanine\n|-singleturn|p1b: Arcanine|Protect\n|move|p2a: Gyarados|Waterfall|p1b: Arcanine\n|-activate|p1b: Arcanine|move: Protect\n|move|p2b: Glimmora|Venoshock|p1a: Palafin\n|-damage|p1a: Palafin|0 fnt\n|faint|p1a: Palafin\n|\n|-damage|p2a: Gyarados|58\/100 brn|[from] brn\n|-damage|p1b: Arcanine|25\/100|[from] move: Whirlpool|[partiallytrapped]\n|upkeep\n|\n|t:|1682399873\n|switch|p1a: Flutter Mane|Flutter Mane, L50|70\/100\n|turn|10\n|\n|t:|1682399881\n|move|p2a: Gyarados|Protect|p2a: Gyarados\n|-singleturn|p2a: Gyarados|Protect\n|move|p1a: Flutter Mane|Dazzling Gleam|p2a: Gyarados|[spread] p2b\n|-activate|p2a: Gyarados|move: Protect\n|-resisted|p2b: Glimmora\n|-damage|p2b: Glimmora|67\/100\n|move|p1b: Arcanine|Flare Blitz|p2b: Glimmora\n|-resisted|p2b: Glimmora\n|-damage|p2b: Glimmora|39\/100\n|-damage|p1b: Arcanine|16\/100|[from] Recoil\n|move|p2b: Glimmora|Mortal Spin|p1b: Arcanine|[spread] p1a,p1b\n|-damage|p1a: Flutter Mane|64\/100\n|-damage|p1b: Arcanine|11\/100\n|-status|p1a: Flutter Mane|psn\n|-status|p1b: Arcanine|psn\n|\n|-damage|p1a: Flutter Mane|52\/100 psn|[from] psn\n|-damage|p1b: Arcanine|0 fnt|[from] psn\n|faint|p1b: Arcanine\n|-damage|p2a: Gyarados|52\/100 brn|[from] brn\n|upkeep\n|turn|11\n|\n|t:|1682399900\n|move|p1a: Flutter Mane|Dazzling Gleam|p2b: Glimmora|[spread] p2a,p2b\n|-resisted|p2b: Glimmora\n|-damage|p2a: Gyarados|19\/100 brn\n|-damage|p2b: Glimmora|26\/100\n|move|p2a: Gyarados|Waterfall|p1a: Flutter Mane\n|-damage|p1a: Flutter Mane|37\/100 psn\n|move|p2b: Glimmora|Venoshock|p1a: Flutter Mane\n|-damage|p1a: Flutter Mane|0 fnt\n|faint|p1a: Flutter Mane\n|-end|p1a: Flutter Mane|Protosynthesis|[silent]\n|\n|win|snaelstorm\n|raw|CollinJ518's rating: 1372 → 1350<\/strong> (-22 for losing)\n|raw|snaelstorm's rating: 1329 → 1351<\/strong> (+22 for winning)\n|l|\u2606CollinJ518\n","uploadtime":1682399909,"views":8,"p1id":"collinj518","p2id":"snaelstorm","formatid":"gen9vgc2023regulationc","rating":1350,"private":0,"password":""}