{"id":"gen9vgc2023regulationc-1861828127","p1":"Kiky14","p2":"EBnilla","format":"[Gen 9] VGC 2023 Regulation C","log":"|j|\u2606Kiky14\n|j|\u2606EBnilla\n|t:|1683812781\n|gametype|doubles\n|player|p1|Kiky14|hilbert-wonderlauncher|1088\n|player|p2|EBnilla|backpacker|1134\n|teamsize|p1|6\n|teamsize|p2|6\n|gen|9\n|tier|[Gen 9] VGC 2023 Regulation C\n|rated|\n|rule|Species Clause: Limit one of each Pok\u00e9mon\n|rule|Item Clause: Limit one of each item\n|clearpoke\n|poke|p1|Armarouge, L50, F|\n|poke|p1|Chi-Yu, L50|\n|poke|p1|Weavile, L50, F|\n|poke|p1|Great Tusk, L50|\n|poke|p1|Palafin, L50, F|\n|poke|p1|Amoonguss, L50, M|\n|poke|p2|Annihilape, L50, M|\n|poke|p2|Ting-Lu, L50|\n|poke|p2|Amoonguss, L50, F|\n|poke|p2|Roaring Moon, L50|\n|poke|p2|Chien-Pao, L50|\n|poke|p2|Grimmsnarl, L50, M|\n|teampreview|4\n|\n|t:|1683812802\n|start\n|switch|p1a: Palafin|Palafin, L50, F, shiny|100\/100\n|switch|p1b: Amoonguss|Amoonguss, L50, M|100\/100\n|switch|p2a: Annihilape|Annihilape, L50, M|100\/100\n|switch|p2b: Ting-Lu|Ting-Lu, L50|100\/100\n|-ability|p2b: Ting-Lu|Vessel of Ruin\n|turn|1\n|inactive|Battle timer is ON: inactive players will automatically lose when time's up. (requested by Kiky14)\n|j| ZonXJ\n|inactive|EBnilla has 60 seconds left.\n|\n|t:|1683812882\n|move|p1a: Palafin|Flip Turn|p2b: Ting-Lu\n|-supereffective|p2b: Ting-Lu\n|-damage|p2b: Ting-Lu|55\/100\n|\n|t:|1683812893\n|detailschange|p1a: Palafin|Palafin-Hero, L50, F, shiny\n|switch|p1a: Chi-Yu|Chi-Yu, L50|100\/100|[from] Flip Turn\n|-ability|p1a: Chi-Yu|Beads of Ruin\n|move|p2a: Annihilape|Bulk Up|p2a: Annihilape\n|-boost|p2a: Annihilape|atk|1\n|-boost|p2a: Annihilape|def|1\n|move|p2b: Ting-Lu|Fissure|p1b: Amoonguss|[miss]\n|-miss|p2b: Ting-Lu|p1b: Amoonguss\n|move|p1b: Amoonguss|Spore|p2a: Annihilape\n|-status|p2a: Annihilape|slp|[from] move: Spore\n|\n|upkeep\n|turn|2\n|\n|t:|1683812916\n|-terastallize|p2a: Annihilape|Fire\n|move|p1a: Chi-Yu|Heat Wave|p2a: Annihilape|[spread] p2a,p2b\n|-resisted|p2a: Annihilape\n|-damage|p2a: Annihilape|89\/100 slp\n|-damage|p2b: Ting-Lu|38\/100\n|cant|p2a: Annihilape|slp\n|move|p2b: Ting-Lu|Snarl|p1b: Amoonguss|[spread] p1a,p1b\n|-resisted|p1a: Chi-Yu\n|-crit|p1a: Chi-Yu\n|-damage|p1a: Chi-Yu|96\/100\n|-damage|p1b: Amoonguss|91\/100\n|-unboost|p1a: Chi-Yu|spa|1\n|-unboost|p1b: Amoonguss|spa|1\n|move|p1b: Amoonguss|Spore|p2b: Ting-Lu\n|-status|p2b: Ting-Lu|slp|[from] move: Spore\n|\n|-heal|p1a: Chi-Yu|100\/100|[from] item: Leftovers\n|-heal|p1b: Amoonguss|98\/100|[from] item: Black Sludge\n|upkeep\n|turn|3\n|\n|t:|1683812937\n|switch|p1b: Great Tusk|Great Tusk, L50|100\/100\n|-enditem|p1b: Great Tusk|Booster Energy\n|-activate|p1b: Great Tusk|ability: Protosynthesis|[fromitem]\n|-start|p1b: Great Tusk|protosynthesisatk\n|move|p1a: Chi-Yu|Ruination|p2a: Annihilape|[miss]\n|-miss|p1a: Chi-Yu|p2a: Annihilape\n|cant|p2a: Annihilape|slp\n|cant|p2b: Ting-Lu|slp\n|\n|upkeep\n|turn|4\n|\n|t:|1683812951\n|move|p1a: Chi-Yu|Protect|p1a: Chi-Yu\n|-singleturn|p1a: Chi-Yu|Protect\n|move|p1b: Great Tusk|Earthquake|p2b: Ting-Lu|[spread] p2a,p2b\n|-activate|p1a: Chi-Yu|move: Protect\n|-supereffective|p2a: Annihilape\n|-damage|p2a: Annihilape|24\/100 slp\n|-damage|p2b: Ting-Lu|4\/100 slp\n|-curestatus|p2a: Annihilape|slp|[msg]\n|move|p2a: Annihilape|Drain Punch|p1b: Great Tusk\n|-damage|p1b: Great Tusk|71\/100\n|-heal|p2a: Annihilape|38\/100|[from] drain|[of] p1b: Great Tusk\n|-curestatus|p2b: Ting-Lu|slp|[msg]\n|move|p2b: Ting-Lu|Fissure|p1a: Chi-Yu\n|-activate|p1a: Chi-Yu|move: Protect\n|\n|upkeep\n|turn|5\n|\n|t:|1683812974\n|move|p2a: Annihilape|Protect|p2a: Annihilape\n|-singleturn|p2a: Annihilape|Protect\n|move|p1a: Chi-Yu|Heat Wave|p2a: Annihilape|[spread] p2b\n|-activate|p2a: Annihilape|move: Protect\n|-damage|p2b: Ting-Lu|0 fnt\n|faint|p2b: Ting-Lu\n|move|p1b: Great Tusk|Close Combat|p2a: Annihilape\n|-activate|p2a: Annihilape|move: Protect\n|\n|upkeep\n|\n|t:|1683812987\n|switch|p2b: Roaring Moon|Roaring Moon, L50, shiny|100\/100\n|-enditem|p2b: Roaring Moon|Booster Energy\n|-activate|p2b: Roaring Moon|ability: Protosynthesis|[fromitem]\n|-start|p2b: Roaring Moon|protosynthesisspe\n|turn|6\n|\n|t:|1683813010\n|-terastallize|p1b: Great Tusk|Fighting\n|move|p2b: Roaring Moon|Earthquake|p1b: Great Tusk|[spread] p2a,p1a,p1b\n|-supereffective|p2a: Annihilape\n|-supereffective|p1a: Chi-Yu\n|-damage|p2a: Annihilape|4\/100\n|-damage|p1a: Chi-Yu|27\/100\n|-damage|p1b: Great Tusk|53\/100\n|move|p1a: Chi-Yu|Heat Wave|p2a: Annihilape|[spread] p2a,p2b\n|-resisted|p2a: Annihilape\n|-crit|p2a: Annihilape\n|-resisted|p2b: Roaring Moon\n|-damage|p2a: Annihilape|0 fnt\n|-damage|p2b: Roaring Moon|85\/100\n|faint|p2a: Annihilape\n|move|p1b: Great Tusk|Close Combat|p2b: Roaring Moon\n|-supereffective|p2b: Roaring Moon\n|-damage|p2b: Roaring Moon|0 fnt\n|-unboost|p1b: Great Tusk|def|1\n|-unboost|p1b: Great Tusk|spd|1\n|faint|p2b: Roaring Moon\n|-end|p2b: Roaring Moon|Protosynthesis|[silent]\n|\n|-heal|p1a: Chi-Yu|34\/100|[from] item: Leftovers\n|upkeep\n|-message|EBnilla forfeited.\n|\n|win|Kiky14\n|raw|Kiky14's rating: 1088 → 1118<\/strong> (+30 for winning)\n|raw|EBnilla's rating: 1134 → 1106<\/strong> (-28 for losing)\n|l|\u2606EBnilla\n|c|\u2606Kiky14|Gg\n","uploadtime":1683813041,"views":7,"p1id":"kiky14","p2id":"ebnilla","formatid":"gen9vgc2023regulationc","rating":1106,"private":0,"password":""}