{"id":"gen9vgc2023regulationc-1859134168","p1":"PokeTi","p2":"Dan0576","format":"[Gen 9] VGC 2023 Regulation C","log":"|j|\u2606PokeTi\n|j|\u2606Dan0576\n|t:|1683408557\n|gametype|doubles\n|player|p1|PokeTi|alder|1000\n|player|p2|Dan0576|crasherwake|1035\n|teamsize|p1|6\n|teamsize|p2|6\n|gen|9\n|tier|[Gen 9] VGC 2023 Regulation C\n|rated|\n|rule|Species Clause: Limit one of each Pok\u00e9mon\n|rule|Item Clause: Limit one of each item\n|clearpoke\n|poke|p1|Arcanine, L50, F|\n|poke|p1|Garganacl, L50, M|\n|poke|p1|Iron Moth, L50|\n|poke|p1|Gastrodon, L50, M|\n|poke|p1|Meowscarada, L50, M|\n|poke|p1|Gholdengo, L50|\n|poke|p2|Great Tusk, L50|\n|poke|p2|Baxcalibur, L50, M|\n|poke|p2|Iron Hands, L50|\n|poke|p2|Kilowattrel, L50, M|\n|poke|p2|Farigiraf, L50, M|\n|poke|p2|Dragonite, L50, F|\n|teampreview|4\nDan0576 has agreed to open team sheets.\n|\n|t:|1683408592\n|start\n|switch|p1a: Arcanine|Arcanine, L50, F|100\/100\n|switch|p1b: Meowscarada|Meowscarada, L50, M|100\/100\n|switch|p2a: Iron Hands|Iron Hands, L50|100\/100\n|switch|p2b: Farigiraf|Farigiraf, L50, M|100\/100\n|-ability|p1a: Arcanine|Intimidate|boost\n|-unboost|p2a: Iron Hands|atk|1\n|-unboost|p2b: Farigiraf|atk|1\n|turn|1\n|\n|t:|1683408615\n|move|p2a: Iron Hands|Fake Out|p1b: Meowscarada\n|-damage|p1b: Meowscarada|83\/100\n|cant|p1b: Meowscarada|flinch\n|move|p1a: Arcanine|Snarl|p2a: Iron Hands|[spread] p2a,p2b\n|-resisted|p2a: Iron Hands\n|-supereffective|p2b: Farigiraf\n|-damage|p2a: Iron Hands|97\/100\n|-damage|p2b: Farigiraf|84\/100\n|-unboost|p2a: Iron Hands|spa|1\n|-unboost|p2b: Farigiraf|spa|1\n|move|p2b: Farigiraf|Trick Room|p2b: Farigiraf\n|-fieldstart|move: Trick Room|[of] p2b: Farigiraf\n|\n|upkeep\n|turn|2\n|\n|t:|1683408632\n|switch|p1b: Garganacl|Garganacl, L50, M|100\/100\n|move|p2b: Farigiraf|Hyper Voice|p1a: Arcanine|[spread] p1a,p1b\n|-resisted|p1b: Garganacl\n|-damage|p1a: Arcanine|80\/100\n|-damage|p1b: Garganacl|93\/100\n|move|p2a: Iron Hands|Swords Dance|p2a: Iron Hands\n|-boost|p2a: Iron Hands|atk|2\n|move|p1a: Arcanine|Will-O-Wisp|p2a: Iron Hands\n|-status|p2a: Iron Hands|brn\n|\n|-heal|p1b: Garganacl|99\/100|[from] item: Leftovers\n|-damage|p2a: Iron Hands|91\/100 brn|[from] brn\n|upkeep\n|turn|3\n|\n|t:|1683408672\n|move|p2b: Farigiraf|Helping Hand|p2a: Iron Hands\n|-singleturn|p2a: Iron Hands|Helping Hand|[of] p2b: Farigiraf\n|move|p1b: Garganacl|Wide Guard|p1b: Garganacl\n|-singleturn|p1b: Garganacl|Wide Guard\n|move|p2a: Iron Hands|Drain Punch|p1b: Garganacl\n|-supereffective|p1b: Garganacl\n|-damage|p1b: Garganacl|33\/100\n|-heal|p2a: Iron Hands|100\/100 brn|[from] drain|[of] p1b: Garganacl\n|move|p1a: Arcanine|Snarl|p2b: Farigiraf|[spread] p2a,p2b\n|-resisted|p2a: Iron Hands\n|-supereffective|p2b: Farigiraf\n|-damage|p2a: Iron Hands|97\/100 brn\n|-damage|p2b: Farigiraf|69\/100\n|-unboost|p2a: Iron Hands|spa|1\n|-unboost|p2b: Farigiraf|spa|1\n|\n|-heal|p1b: Garganacl|39\/100|[from] item: Leftovers\n|-damage|p2a: Iron Hands|91\/100 brn|[from] brn\n|upkeep\n|turn|4\n|\n|t:|1683408697\n|switch|p1b: Gholdengo|Gholdengo, L50|100\/100\n|-item|p1b: Gholdengo|Air Balloon\n|move|p2b: Farigiraf|Psyshock|p1a: Arcanine\n|-damage|p1a: Arcanine|62\/100\n|move|p2a: Iron Hands|Drain Punch|p1b: Gholdengo\n|-immune|p1b: Gholdengo\n|move|p1a: Arcanine|Snarl|p2a: Iron Hands|[spread] p2a,p2b\n|-resisted|p2a: Iron Hands\n|-supereffective|p2b: Farigiraf\n|-damage|p2a: Iron Hands|88\/100 brn\n|-damage|p2b: Farigiraf|53\/100\n|-unboost|p2a: Iron Hands|spa|1\n|-unboost|p2b: Farigiraf|spa|1\n|\n|-damage|p2a: Iron Hands|82\/100 brn|[from] brn\n|upkeep\n|turn|5\n|\n|t:|1683408716\n|move|p1b: Gholdengo|Protect|p1b: Gholdengo\n|-singleturn|p1b: Gholdengo|Protect\n|move|p2b: Farigiraf|Psyshock|p1b: Gholdengo\n|-activate|p1b: Gholdengo|move: Protect\n|move|p2a: Iron Hands|Thunder Punch|p1b: Gholdengo\n|-activate|p1b: Gholdengo|move: Protect\n|move|p1a: Arcanine|Flare Blitz|p2b: Farigiraf\n|-damage|p2b: Farigiraf|7\/100\n|-enditem|p2b: Farigiraf|Sitrus Berry|[eat]\n|-heal|p2b: Farigiraf|32\/100|[from] item: Sitrus Berry\n|-damage|p1a: Arcanine|42\/100|[from] Recoil\n|\n|-damage|p2a: Iron Hands|76\/100 brn|[from] brn\n|-fieldend|move: Trick Room\n|upkeep\n|turn|6\n|\n|t:|1683408737\n|move|p1a: Arcanine|Helping Hand|p1b: Gholdengo\n|-immune|p1b: Gholdengo|[from] ability: Good as Gold\n|move|p2b: Farigiraf|Helping Hand|p2a: Iron Hands\n|-singleturn|p2a: Iron Hands|Helping Hand|[of] p2b: Farigiraf\n|move|p1b: Gholdengo|Protect||[still]\n|-fail|p1b: Gholdengo\n|move|p2a: Iron Hands|Thunder Punch|p1b: Gholdengo\n|-damage|p1b: Gholdengo|48\/100\n|-enditem|p1b: Gholdengo|Air Balloon\n|\n|-damage|p2a: Iron Hands|70\/100 brn|[from] brn\n|upkeep\n|turn|7\n|\n|t:|1683408760\n|move|p1b: Gholdengo|Make It Rain|p2b: Farigiraf|[spread] p2a,p2b\n|-resisted|p2a: Iron Hands\n|-damage|p2a: Iron Hands|54\/100 brn\n|-damage|p2b: Farigiraf|0 fnt\n|-unboost|p1b: Gholdengo|spa|1\n|faint|p2b: Farigiraf\n|move|p1a: Arcanine|Snarl|p2a: Iron Hands\n|-resisted|p2a: Iron Hands\n|-damage|p2a: Iron Hands|50\/100 brn\n|-unboost|p2a: Iron Hands|spa|1\n|move|p2a: Iron Hands|Swords Dance|p2a: Iron Hands\n|-boost|p2a: Iron Hands|atk|2\n|\n|-damage|p2a: Iron Hands|44\/100 brn|[from] brn\n|upkeep\n|\n|t:|1683408770\n|switch|p2b: Baxcalibur|Baxcalibur, L50, M|100\/100\n|turn|8\n|\n|t:|1683408790\n|switch|p1a: Garganacl|Garganacl, L50, M|39\/100\n|-terastallize|p2b: Baxcalibur|Ground\n|move|p1b: Gholdengo|Protect|p1b: Gholdengo\n|-singleturn|p1b: Gholdengo|Protect\n|move|p2b: Baxcalibur|Glaive Rush|p1a: Garganacl\n|-damage|p1a: Garganacl|0 fnt\n|-singlemove|p2b: Baxcalibur|Glaive Rush|[silent]\n|faint|p1a: Garganacl\n|move|p2a: Iron Hands|Thunder Punch|p1b: Gholdengo\n|-activate|p1b: Gholdengo|move: Protect\n|\n|-damage|p2a: Iron Hands|38\/100 brn|[from] brn\n|upkeep\n|\n|t:|1683408803\n|switch|p1a: Arcanine|Arcanine, L50, F|42\/100\n|-ability|p1a: Arcanine|Intimidate|boost\n|-unboost|p2a: Iron Hands|atk|1\n|-unboost|p2b: Baxcalibur|atk|1\n|turn|9\n|\n|t:|1683408825\n|switch|p1b: Meowscarada|Meowscarada, L50, M|83\/100\n|-terastallize|p1a: Arcanine|Grass\n|move|p1a: Arcanine|Will-O-Wisp|p2b: Baxcalibur\n|-immune|p2b: Baxcalibur|[from] ability: Thermal Exchange\n|move|p2b: Baxcalibur|Glaive Rush|p1a: Arcanine\n|-damage|p1a: Arcanine|0 fnt\n|-singlemove|p2b: Baxcalibur|Glaive Rush|[silent]\n|faint|p1a: Arcanine\n|move|p2a: Iron Hands|Thunder Punch|p1b: Meowscarada\n|-resisted|p1b: Meowscarada\n|-damage|p1b: Meowscarada|48\/100\n|\n|-damage|p2a: Iron Hands|32\/100 brn|[from] brn\n|upkeep\n|\n|t:|1683408839\n|switch|p1a: Gholdengo|Gholdengo, L50|48\/100\n|turn|10\n|\n|t:|1683408851\n|move|p2b: Baxcalibur|Ice Shard|p1b: Meowscarada\n|-supereffective|p1b: Meowscarada\n|-damage|p1b: Meowscarada|0 fnt\n|faint|p1b: Meowscarada\n|move|p1a: Gholdengo|Dazzling Gleam|p2a: Iron Hands|[spread] p2a,p2b\n|-supereffective|p2a: Iron Hands\n|-damage|p2a: Iron Hands|4\/100 brn\n|-damage|p2b: Baxcalibur|89\/100\n|move|p2a: Iron Hands|Drain Punch|p1a: Gholdengo\n|-immune|p1a: Gholdengo\n|\n|-damage|p2a: Iron Hands|0 fnt|[from] brn\n|faint|p2a: Iron Hands\n|-end|p2a: Iron Hands|Quark Drive|[silent]\n|upkeep\n|\n|t:|1683408861\n|switch|p2a: Dragonite|Dragonite, L50, F|100\/100\n|turn|11\n|\n|t:|1683408869\n|move|p1a: Gholdengo|Make It Rain|p2b: Baxcalibur|[spread] p2a,p2b\n|-damage|p2a: Dragonite|82\/100\n|-damage|p2b: Baxcalibur|64\/100\n|-unboost|p1a: Gholdengo|spa|1\n|move|p2b: Baxcalibur|Glaive Rush|p1a: Gholdengo\n|-resisted|p1a: Gholdengo\n|-damage|p1a: Gholdengo|23\/100\n|-singlemove|p2b: Baxcalibur|Glaive Rush|[silent]\n|move|p2a: Dragonite|Aerial Ace|p1a: Gholdengo\n|-resisted|p1a: Gholdengo\n|-damage|p1a: Gholdengo|4\/100\n|\n|upkeep\n|turn|12\n|\n|t:|1683408885\n|move|p2b: Baxcalibur|Ice Shard|p1a: Gholdengo\n|-resisted|p1a: Gholdengo\n|-damage|p1a: Gholdengo|0 fnt\n|faint|p1a: Gholdengo\n|\n|win|Dan0576\n|raw|PokeTi's rating: 1000 → 1000<\/strong> (+0 for losing)\n|raw|Dan0576's rating: 1035 → 1066<\/strong> (+31 for winning)\n|l|\u2606PokeTi\n","uploadtime":1683408935,"views":13,"p1id":"poketi","p2id":"dan0576","formatid":"gen9vgc2023regulationc","rating":1000,"private":0,"password":""}