{"id":"gen9vgc2023regulationc-1844925314","p1":"tarroyn","p2":"NotDaBoy","format":"[Gen 9] VGC 2023 Regulation C","log":"|j|\u2606tarroyn\n|j|\u2606NotDaBoy\n|t:|1681664759\n|gametype|doubles\n|player|p1|tarroyn|266|1267\n|player|p2|NotDaBoy|marlon|1332\n|teamsize|p1|6\n|teamsize|p2|6\n|gen|9\n|tier|[Gen 9] VGC 2023 Regulation C\n|rated|\n|rule|Species Clause: Limit one of each Pok\u00e9mon\n|rule|Item Clause: Limit one of each item\n|clearpoke\n|poke|p1|Meowscarada, L50, M|\n|poke|p1|Iron Bundle, L50|\n|poke|p1|Indeedee-F, L50, F|\n|poke|p1|Armarouge, L50, M|\n|poke|p1|Gholdengo, L50|\n|poke|p1|Mimikyu, L50, M|\n|poke|p2|Chi-Yu, L50|\n|poke|p2|Flutter Mane, L50|\n|poke|p2|Iron Thorns, L50|\n|poke|p2|Gyarados, L50, M|\n|poke|p2|Brute Bonnet, L50|\n|poke|p2|Murkrow, L50, F|\n|teampreview|4\ntarroyn has agreed to open team sheets.\nNotDaBoy has agreed to open team sheets.\n|\n|t:|1681664835\n|start\n|switch|p1a: Iron Bundle|Iron Bundle, L50|100\/100\n|switch|p1b: Meowscarada|Meowscarada, L50, M|100\/100\n|switch|p2a: Chi-Yu|Chi-Yu, L50|100\/100\n|switch|p2b: Murkrow|Murkrow, L50, F|100\/100\n|-ability|p2a: Chi-Yu|Beads of Ruin\n|-enditem|p1a: Iron Bundle|Booster Energy\n|-activate|p1a: Iron Bundle|ability: Quark Drive|[fromitem]\n|-start|p1a: Iron Bundle|quarkdrivespe\n|turn|1\n|\n|t:|1681664891\n|move|p2a: Chi-Yu|Protect|p2a: Chi-Yu\n|-singleturn|p2a: Chi-Yu|Protect\n|move|p2b: Murkrow|Tailwind|p2b: Murkrow\n|-sidestart|p2: NotDaBoy|move: Tailwind\n|move|p1a: Iron Bundle|Hydro Pump|p2a: Chi-Yu\n|-activate|p2a: Chi-Yu|move: Protect\n|move|p1b: Meowscarada|Brick Break|p2a: Chi-Yu\n|-activate|p2a: Chi-Yu|move: Protect\n|\n|upkeep\n|turn|2\n|\n|t:|1681664909\n|-terastallize|p2a: Chi-Yu|Ghost\n|move|p1b: Meowscarada|Protect|p1b: Meowscarada\n|-singleturn|p1b: Meowscarada|Protect\n|move|p2b: Murkrow|Sunny Day|p2b: Murkrow\n|-weather|SunnyDay\n|move|p2a: Chi-Yu|Heat Wave|p1a: Iron Bundle|[spread] p1a\n|-activate|p1b: Meowscarada|move: Protect\n|-damage|p1a: Iron Bundle|0 fnt\n|faint|p1a: Iron Bundle\n|-end|p1a: Iron Bundle|Quark Drive|[silent]\n|-damage|p2a: Chi-Yu|91\/100|[from] item: Life Orb\n|\n|-weather|SunnyDay|[upkeep]\n|upkeep\n|\n|t:|1681664921\n|switch|p1a: Mimikyu|Mimikyu, L50, M|100\/100\n|turn|3\n|\n|t:|1681664934\n|-terastallize|p1a: Mimikyu|Ghost\n|move|p2a: Chi-Yu|Protect|p2a: Chi-Yu\n|-singleturn|p2a: Chi-Yu|Protect\n|move|p1a: Mimikyu|Shadow Sneak|p2a: Chi-Yu\n|-activate|p2a: Chi-Yu|move: Protect\n|move|p2b: Murkrow|Brave Bird|p1b: Meowscarada\n|-supereffective|p1b: Meowscarada\n|-enditem|p1b: Meowscarada|Focus Sash\n|-damage|p1b: Meowscarada|1\/100\n|-damage|p2b: Murkrow|63\/100|[from] Recoil\n|move|p1b: Meowscarada|Knock Off|p2a: Chi-Yu\n|-activate|p2a: Chi-Yu|move: Protect\n|\n|-weather|SunnyDay|[upkeep]\n|upkeep\n|turn|4\n|\n|t:|1681664954\n|switch|p2a: Iron Thorns|Iron Thorns, L50|100\/100\n|move|p1a: Mimikyu|Shadow Sneak|p2a: Iron Thorns\n|-damage|p2a: Iron Thorns|74\/100\n|-damage|p1a: Mimikyu|90\/100|[from] item: Life Orb\n|move|p2b: Murkrow|Brave Bird|p1b: Meowscarada\n|-supereffective|p1b: Meowscarada\n|-damage|p1b: Meowscarada|0 fnt\n|faint|p1b: Meowscarada\n|-damage|p2b: Murkrow|63\/100|[from] Recoil\n|\n|-weather|SunnyDay|[upkeep]\n|-sideend|p2: NotDaBoy|move: Tailwind\n|upkeep\n|\n|t:|1681664965\n|switch|p1b: Gholdengo|Gholdengo, L50|100\/100\n|turn|5\n|\n|t:|1681664989\n|move|p2b: Murkrow|Tailwind|p2b: Murkrow\n|-sidestart|p2: NotDaBoy|move: Tailwind\n|move|p2a: Iron Thorns|Rock Blast|p1a: Mimikyu\n|-activate|p1a: Mimikyu|ability: Disguise\n|-damage|p1a: Mimikyu|90\/100\n|detailschange|p1a: Mimikyu|Mimikyu-Busted, L50, M, tera:Ghost\n|-damage|p1a: Mimikyu|78\/100|[from] pokemon: Mimikyu-Busted\n|-damage|p1a: Mimikyu|53\/100\n|-damage|p1a: Mimikyu|30\/100\n|-damage|p1a: Mimikyu|6\/100\n|-hitcount|p1a: Mimikyu|4\n|move|p1b: Gholdengo|Make It Rain|p2b: Murkrow|[spread] p2a,p2b\n|-damage|p2a: Iron Thorns|26\/100\n|-damage|p2b: Murkrow|0 fnt\n|-unboost|p1b: Gholdengo|spa|1\n|faint|p2b: Murkrow\n|move|p1a: Mimikyu|Play Rough|p2a: Iron Thorns\n|-damage|p2a: Iron Thorns|0 fnt\n|faint|p2a: Iron Thorns\n|-end|p2a: Iron Thorns|Quark Drive|[silent]\n|-damage|p1a: Mimikyu|0 fnt|[from] item: Life Orb\n|faint|p1a: Mimikyu\n|\n|-weather|SunnyDay|[upkeep]\n|upkeep\n|\n|t:|1681665012\n|switch|p2b: Chi-Yu|Chi-Yu, L50, tera:Ghost|91\/100\n|switch|p2a: Flutter Mane|Flutter Mane, L50|100\/100\n|-activate|p2a: Flutter Mane|ability: Protosynthesis\n|-start|p2a: Flutter Mane|protosynthesisspa\n|-ability|p2b: Chi-Yu|Beads of Ruin\n|turn|6\n|\n|t:|1681665024\n|move|p2a: Flutter Mane|Shadow Ball|p1b: Gholdengo\n|-supereffective|p1b: Gholdengo\n|-crit|p1b: Gholdengo\n|-damage|p1b: Gholdengo|0 fnt\n|faint|p1b: Gholdengo\n|\n|win|NotDaBoy\n|raw|tarroyn's rating: 1267 → 1247<\/strong> (-20 for losing)\n|raw|NotDaBoy's rating: 1332 → 1348<\/strong> (+16 for winning)\n|l|\u2606tarroyn\n","uploadtime":1681665032,"views":15,"p1id":"tarroyn","p2id":"notdaboy","formatid":"gen9vgc2023regulationc","rating":1247,"private":0,"password":""}