{"id":"gen9vgc2023regulationc-1846726343","p1":"hanshappy","p2":"SD_violet","format":"[Gen 9] VGC 2023 Regulation C","log":"|j|\u2606hanshappy\n|j|\u2606SD_violet\n|t:|1681870686\n|gametype|doubles\n|player|p1|hanshappy|266|1280\n|player|p2|SD_violet|dawn|1303\n|teamsize|p1|6\n|teamsize|p2|6\n|gen|9\n|tier|[Gen 9] VGC 2023 Regulation C\n|rated|\n|rule|Species Clause: Limit one of each Pok\u00e9mon\n|rule|Item Clause: Limit one of each item\n|clearpoke\n|poke|p1|Iron Bundle, L50|\n|poke|p1|Chi-Yu, L50|\n|poke|p1|Gyarados, L50, F|\n|poke|p1|Glimmora, L50, F|\n|poke|p1|Wo-Chien, L50|\n|poke|p1|Corviknight, L50, M|\n|poke|p2|Flutter Mane, L50|\n|poke|p2|Amoonguss, L50, M|\n|poke|p2|Iron Hands, L50|\n|poke|p2|Dragonite, L50, F|\n|poke|p2|Chien-Pao, L50|\n|poke|p2|Ting-Lu, L50|\n|teampreview|4\n|inactive|Battle timer is ON: inactive players will automatically lose when time's up. (requested by SD_violet)\n|inactive|SD_violet has 60 seconds left.\n|\n|t:|1681870733\n|start\n|switch|p1a: Iron Bundle|Iron Bundle, L50|100\/100\n|switch|p1b: Chi-Yu|Chi-Yu, L50|100\/100\n|switch|p2a: Ting-Lu|Ting-Lu, L50|100\/100\n|switch|p2b: Dragonite|Dragonite, L50, F|100\/100\n|-ability|p1b: Chi-Yu|Beads of Ruin\n|-ability|p2a: Ting-Lu|Vessel of Ruin\n|-enditem|p1a: Iron Bundle|Booster Energy\n|-activate|p1a: Iron Bundle|ability: Quark Drive|[fromitem]\n|-start|p1a: Iron Bundle|quarkdrivespe\n|turn|1\n|\n|t:|1681870756\n|-terastallize|p1a: Iron Bundle|Ghost\n|-terastallize|p2a: Ting-Lu|Fairy\n|move|p2b: Dragonite|Protect|p2b: Dragonite\n|-singleturn|p2b: Dragonite|Protect\n|move|p1a: Iron Bundle|Icy Wind|p2b: Dragonite|[spread] p2a\n|-activate|p2b: Dragonite|move: Protect\n|-damage|p2a: Ting-Lu|90\/100\n|-unboost|p2a: Ting-Lu|spe|1\n|move|p1b: Chi-Yu|Heat Wave|p2b: Dragonite|[spread] p2a\n|-activate|p2b: Dragonite|move: Protect\n|-damage|p2a: Ting-Lu|63\/100\n|-damage|p1b: Chi-Yu|91\/100|[from] item: Life Orb\n|move|p2a: Ting-Lu|Earthquake|p1a: Iron Bundle|[spread] p1a,p1b\n|-activate|p2b: Dragonite|move: Protect\n|-supereffective|p1b: Chi-Yu\n|-damage|p1a: Iron Bundle|61\/100\n|-damage|p1b: Chi-Yu|0 fnt\n|faint|p1b: Chi-Yu\n|\n|upkeep\n|\n|t:|1681870767\n|switch|p1b: Glimmora|Glimmora, L50, F|100\/100\n|turn|2\n|\n|t:|1681870784\n|switch|p1b: Wo-Chien|Wo-Chien, L50|100\/100\n|-ability|p1b: Wo-Chien|Tablets of Ruin\n|move|p2b: Dragonite|Extreme Speed|p1a: Iron Bundle\n|-immune|p1a: Iron Bundle\n|move|p1a: Iron Bundle|Icy Wind|p2b: Dragonite|[spread] p2a,p2b\n|-supereffective|p2b: Dragonite\n|-damage|p2a: Ting-Lu|56\/100\n|-damage|p2b: Dragonite|72\/100\n|-unboost|p2a: Ting-Lu|spe|1\n|-unboost|p2b: Dragonite|spe|1\n|move|p2a: Ting-Lu|Earthquake|p1a: Iron Bundle|[spread] p1a,p1b\n|-immune|p2b: Dragonite\n|-resisted|p1b: Wo-Chien\n|-damage|p1a: Iron Bundle|30\/100\n|-damage|p1b: Wo-Chien|90\/100\n|\n|-heal|p1b: Wo-Chien|96\/100|[from] item: Leftovers\n|upkeep\n|turn|3\n|inactive|hanshappy has 30 seconds left.\n|inactive|SD_violet has 30 seconds left.\n|\n|t:|1681870817\n|move|p2b: Dragonite|Aqua Jet|p1a: Iron Bundle\n|-damage|p1a: Iron Bundle|18\/100\n|move|p1a: Iron Bundle|Freeze-Dry|p2b: Dragonite\n|-supereffective|p2b: Dragonite\n|-damage|p2b: Dragonite|0 fnt\n|faint|p2b: Dragonite\n|move|p1b: Wo-Chien|Pollen Puff|p1a: Iron Bundle\n|-heal|p1a: Iron Bundle|68\/100\n|move|p2a: Ting-Lu|Earthquake|p1a: Iron Bundle|[spread] p1a,p1b\n|-resisted|p1b: Wo-Chien\n|-damage|p1a: Iron Bundle|37\/100\n|-damage|p1b: Wo-Chien|84\/100\n|\n|-heal|p1b: Wo-Chien|91\/100|[from] item: Leftovers\n|upkeep\n|\n|t:|1681870831\n|switch|p2b: Chien-Pao|Chien-Pao, L50|100\/100\n|-ability|p2b: Chien-Pao|Sword of Ruin\n|turn|4\n|\n|t:|1681870851\n|-end|p1a: Iron Bundle|Quark Drive|[silent]\n|switch|p1a: Glimmora|Glimmora, L50, F|100\/100\n|move|p2b: Chien-Pao|Ice Spinner|p1a: Glimmora\n|-damage|p1a: Glimmora|62\/100\n|-activate|p1a: Glimmora|ability: Toxic Debris\n|-sidestart|p2: SD_violet|move: Toxic Spikes\n|move|p1b: Wo-Chien|Leech Seed|p2a: Ting-Lu\n|-start|p2a: Ting-Lu|move: Leech Seed\n|move|p2a: Ting-Lu|Ruination|p1b: Wo-Chien\n|-damage|p1b: Wo-Chien|46\/100\n|\n|-heal|p1b: Wo-Chien|52\/100|[from] item: Leftovers\n|-damage|p2a: Ting-Lu|43\/100|[from] Leech Seed|[of] p1b: Wo-Chien\n|-heal|p1b: Wo-Chien|68\/100|[silent]\n|upkeep\n|turn|5\n|\n|t:|1681870873\n|move|p2b: Chien-Pao|Ice Spinner|p1b: Wo-Chien\n|-supereffective|p1b: Wo-Chien\n|-damage|p1b: Wo-Chien|1\/100\n|move|p1a: Glimmora|Power Gem|p2b: Chien-Pao\n|-supereffective|p2b: Chien-Pao\n|-enditem|p2b: Chien-Pao|Focus Sash\n|-damage|p2b: Chien-Pao|1\/100\n|move|p1b: Wo-Chien|Pollen Puff|p1a: Glimmora\n|-heal|p1a: Glimmora|100\/100\n|move|p2a: Ting-Lu|Stomping Tantrum|p1a: Glimmora\n|-supereffective|p1a: Glimmora\n|-damage|p1a: Glimmora|0 fnt\n|-activate|p1a: Glimmora|ability: Toxic Debris\n|-sidestart|p2: SD_violet|move: Toxic Spikes\n|faint|p1a: Glimmora\n|\n|-heal|p1b: Wo-Chien|7\/100|[from] item: Leftovers\n|-damage|p2a: Ting-Lu|31\/100|[from] Leech Seed|[of] p1b: Wo-Chien\n|-heal|p1b: Wo-Chien|23\/100|[silent]\n|upkeep\n|\n|t:|1681870889\n|switch|p1a: Iron Bundle|Iron Bundle, L50, tera:Ghost|37\/100\n|turn|6\n|\n|t:|1681870905\n|move|p1a: Iron Bundle|Protect|p1a: Iron Bundle\n|-singleturn|p1a: Iron Bundle|Protect\n|move|p2b: Chien-Pao|Protect|p2b: Chien-Pao\n|-singleturn|p2b: Chien-Pao|Protect\n|move|p1b: Wo-Chien|Protect|p1b: Wo-Chien\n|-singleturn|p1b: Wo-Chien|Protect\n|move|p2a: Ting-Lu|Earthquake|p1b: Wo-Chien|[spread] \n|-activate|p2b: Chien-Pao|move: Protect\n|-activate|p1a: Iron Bundle|move: Protect\n|-activate|p1b: Wo-Chien|move: Protect\n|\n|-heal|p1b: Wo-Chien|29\/100|[from] item: Leftovers\n|-damage|p2a: Ting-Lu|19\/100|[from] Leech Seed|[of] p1b: Wo-Chien\n|-heal|p1b: Wo-Chien|45\/100|[silent]\n|upkeep\n|turn|7\n|inactive|hanshappy has 30 seconds left.\n|\n|t:|1681870937\n|move|p1a: Iron Bundle|Icy Wind|p2b: Chien-Pao|[spread] p2a,p2b\n|-resisted|p2b: Chien-Pao\n|-damage|p2a: Ting-Lu|11\/100\n|-damage|p2b: Chien-Pao|0 fnt\n|-unboost|p2a: Ting-Lu|spe|1\n|faint|p2b: Chien-Pao\n|move|p1b: Wo-Chien|Pollen Puff|p1a: Iron Bundle\n|-heal|p1a: Iron Bundle|87\/100\n|move|p2a: Ting-Lu|Heavy Slam|p1a: Iron Bundle\n|-damage|p1a: Iron Bundle|55\/100\n|\n|-heal|p1b: Wo-Chien|51\/100|[from] item: Leftovers\n|-damage|p2a: Ting-Lu|0 fnt|[from] Leech Seed|[of] p1b: Wo-Chien\n|-heal|p1b: Wo-Chien|64\/100|[silent]\n|faint|p2a: Ting-Lu\n|upkeep\n|\n|t:|1681870955\n|switch|p2b: Iron Hands|Iron Hands, L50|100\/100\n|-status|p2b: Iron Hands|tox\n|turn|8\n|\n|t:|1681870963\n|move|p1a: Iron Bundle|Protect|p1a: Iron Bundle\n|-singleturn|p1a: Iron Bundle|Protect\n|move|p1b: Wo-Chien|Leech Seed|p2b: Iron Hands\n|-start|p2b: Iron Hands|move: Leech Seed\n|move|p2b: Iron Hands|Wild Charge|p1a: Iron Bundle\n|-activate|p1a: Iron Bundle|move: Protect\n|\n|-heal|p1b: Wo-Chien|70\/100|[from] item: Leftovers\n|-damage|p2b: Iron Hands|88\/100 tox|[from] Leech Seed|[of] p1b: Wo-Chien\n|-heal|p1b: Wo-Chien|85\/100|[silent]\n|-damage|p2b: Iron Hands|82\/100 tox|[from] psn\n|upkeep\n|turn|9\n|\n|t:|1681870979\n|move|p1a: Iron Bundle|Hydro Pump|p2b: Iron Hands\n|-damage|p2b: Iron Hands|39\/100 tox\n|move|p1b: Wo-Chien|Pollen Puff|p1a: Iron Bundle\n|-heal|p1a: Iron Bundle|100\/100\n|move|p2b: Iron Hands|Swords Dance|p2b: Iron Hands\n|-boost|p2b: Iron Hands|atk|2\n|\n|-heal|p1b: Wo-Chien|92\/100|[from] item: Leftovers\n|-damage|p2b: Iron Hands|27\/100 tox|[from] Leech Seed|[of] p1b: Wo-Chien\n|-heal|p1b: Wo-Chien|100\/100|[silent]\n|-damage|p2b: Iron Hands|15\/100 tox|[from] psn\n|upkeep\n|turn|10\n|-message|SD_violet forfeited.\n|\n|win|hanshappy\n|raw|hanshappy's rating: 1280 → 1307<\/strong> (+27 for winning)\n|raw|SD_violet's rating: 1303 → 1282<\/strong> (-21 for losing)\n|l|\u2606SD_violet\n","uploadtime":1681870995,"views":23,"p1id":"hanshappy","p2id":"sdviolet","formatid":"gen9vgc2023regulationc","rating":1282,"private":0,"password":""}