{"id":"gen9vgc2023regulationc-1857917053","p1":"Isaac Denn3000","p2":"clockwork_mango","format":"[Gen 9] VGC 2023 Regulation C","log":"|j|\u2606Isaac Denn3000\n|j|\u2606clockwork_mango\n|t:|1683247047\n|gametype|doubles\n|player|p1|Isaac Denn3000|lucas-gen4pt|1213\n|player|p2|clockwork_mango|170|1238\n|teamsize|p1|6\n|teamsize|p2|6\n|gen|9\n|tier|[Gen 9] VGC 2023 Regulation C\n|rated|\n|rule|Species Clause: Limit one of each Pok\u00e9mon\n|rule|Item Clause: Limit one of each item\n|clearpoke\n|poke|p1|Indeedee-F, L50, F|\n|poke|p1|Armarouge, L50, F|\n|poke|p1|Garganacl, L50, F|\n|poke|p1|Ting-Lu, L50|\n|poke|p1|Iron Hands, L50|\n|poke|p1|Amoonguss, L50, F|\n|poke|p2|Orthworm, L50, F|\n|poke|p2|Baxcalibur, L50, M|\n|poke|p2|Murkrow, L50, F|\n|poke|p2|Rotom-Wash, L50|\n|poke|p2|Gardevoir, L50, M|\n|poke|p2|Indeedee-F, L50, F|\n|teampreview|4\nIsaac Denn3000 has agreed to open team sheets.\n|inactive|Battle timer is ON: inactive players will automatically lose when time's up. (requested by Isaac Denn3000)\n|\n|t:|1683247073\n|start\n|switch|p1a: Trick|Indeedee-F, L50, F|100\/100\n|switch|p1b: Room|Armarouge, L50, F|100\/100\n|switch|p2a: Bumi|Murkrow, L50, F|100\/100\n|switch|p2b: Fang|Baxcalibur, L50, M|100\/100\n|-fieldstart|move: Psychic Terrain|[from] ability: Psychic Surge|[of] p1a: Trick\n|-enditem|p1a: Trick|Psychic Seed\n|-boost|p1a: Trick|spd|1|[from] item: Psychic Seed\n|turn|1\n|inactive|clockwork_mango has 30 seconds left.\n|inactive|clockwork_mango has 20 seconds left.\n|\n|t:|1683247108\n|-terastallize|p2b: Fang|Ground\n|move|p1a: Trick|Follow Me|p1a: Trick\n|-singleturn|p1a: Trick|move: Follow Me\n|move|p2b: Fang|Earthquake|p1a: Trick|[spread] p1a,p1b\n|-immune|p2a: Bumi\n|-crit|p1a: Trick\n|-supereffective|p1b: Room\n|-damage|p1a: Trick|41\/100\n|-damage|p1b: Room|18\/100\n|move|p2a: Bumi|Air Slash|p1a: Trick\n|-damage|p1a: Trick|25\/100\n|move|p1b: Room|Trick Room|p1b: Room\n|-fieldstart|move: Trick Room|[of] p1b: Room\n|\n|upkeep\n|turn|2\n|inactive|Isaac Denn3000 has 30 seconds left.\n|inactive|clockwork_mango has 30 seconds left.\n|\n|t:|1683247142\n|-terastallize|p1b: Room|Grass\n|move|p1a: Trick|Follow Me|p1a: Trick\n|-singleturn|p1a: Trick|move: Follow Me\n|move|p1b: Room|Energy Ball|p2b: Fang\n|-supereffective|p2b: Fang\n|-damage|p2b: Fang|25\/100\n|-damage|p1b: Room|8\/100|[from] item: Life Orb\n|move|p2a: Bumi|Air Slash|p1a: Trick\n|-damage|p1a: Trick|10\/100\n|move|p2b: Fang|Earthquake|p1b: Room|[spread] p1a,p1b\n|-immune|p2a: Bumi\n|-resisted|p1b: Room\n|-damage|p1a: Trick|0 fnt\n|-damage|p1b: Room|0 fnt\n|faint|p1a: Trick\n|faint|p1b: Room\n|\n|upkeep\n|\n|t:|1683247149\n|switch|p1b: Salty|Garganacl, L50, F|100\/100\n|switch|p1a: SUS|Amoonguss, L50, F|100\/100\n|turn|3\n|inactive|clockwork_mango has 30 seconds left.\n|\n|t:|1683247175\n|move|p1a: SUS|Spore|p2a: Bumi\n|-status|p2a: Bumi|slp|[from] move: Spore\n|move|p1b: Salty|Salt Cure|p2b: Fang\n|-resisted|p2b: Fang\n|-damage|p2b: Fang|19\/100\n|-start|p2b: Fang|Salt Cure\n|cant|p2a: Bumi|slp\n|move|p2b: Fang|Glaive Rush|p1a: SUS\n|-crit|p1a: SUS\n|-damage|p1a: SUS|19\/100\n|-singlemove|p2b: Fang|Glaive Rush|[silent]\n|\n|-heal|p1a: SUS|25\/100|[from] item: Black Sludge\n|-damage|p2b: Fang|7\/100|[from] Salt Cure\n|upkeep\n|turn|4\n|inactive|Isaac Denn3000 has 30 seconds left.\n|inactive|Isaac Denn3000 has 20 seconds left.\n|inactive|Isaac Denn3000 has 15 seconds left.\n|inactive|Isaac Denn3000 has 10 seconds left.\n|inactive|Isaac Denn3000 has 5 seconds left.\n|\n|t:|1683247228\n|move|p1a: SUS|Pollen Puff|p2a: Bumi\n|-damage|p2a: Bumi|84\/100 slp\n|move|p1b: Salty|Salt Cure|p2a: Bumi\n|-supereffective|p2a: Bumi\n|-damage|p2a: Bumi|55\/100 slp\n|-start|p2a: Bumi|Salt Cure\n|-curestatus|p2a: Bumi|slp|[msg]\n|move|p2a: Bumi|Air Slash|p1a: SUS\n|-supereffective|p1a: SUS\n|-damage|p1a: SUS|0 fnt\n|faint|p1a: SUS\n|move|p2b: Fang|Earthquake|p1b: Salty|[spread] p1b\n|-immune|p2a: Bumi\n|-supereffective|p1b: Salty\n|-damage|p1b: Salty|48\/100\n|-enditem|p1b: Salty|Sitrus Berry|[eat]\n|-heal|p1b: Salty|73\/100|[from] item: Sitrus Berry\n|\n|-damage|p2a: Bumi|43\/100|[from] Salt Cure\n|-damage|p2b: Fang|0 fnt|[from] Salt Cure\n|faint|p2b: Fang\n|upkeep\n|\n|t:|1683247251\n|switch|p2b: The Mechanist|Rotom-Wash, L50|100\/100\n|turn|5\n|\n|t:|1683247267\n|move|p1b: Salty|Salt Cure|p2b: The Mechanist\n|-damage|p2b: The Mechanist|88\/100\n|-start|p2b: The Mechanist|Salt Cure\n|move|p2b: The Mechanist|Thunderbolt|p1b: Salty\n|-damage|p1b: Salty|47\/100\n|move|p2a: Bumi|Air Slash|p1b: Salty|[miss]\n|-miss|p2a: Bumi|p1b: Salty\n|\n|-damage|p2b: The Mechanist|64\/100|[from] Salt Cure\n|-damage|p2a: Bumi|31\/100|[from] Salt Cure\n|-fieldend|move: Trick Room\n|-fieldend|move: Psychic Terrain\n|upkeep\n|turn|6\n|\n|t:|1683247284\n|move|p2a: Bumi|Air Slash|p1b: Salty\n|-resisted|p1b: Salty\n|-damage|p1b: Salty|37\/100\n|move|p2b: The Mechanist|Thunderbolt|p1b: Salty\n|-damage|p1b: Salty|12\/100\n|move|p1b: Salty|Recover|p1b: Salty\n|-heal|p1b: Salty|62\/100\n|\n|-damage|p2a: Bumi|19\/100|[from] Salt Cure\n|-damage|p2b: The Mechanist|39\/100|[from] Salt Cure\n|upkeep\n|turn|7\n|inactive|clockwork_mango has 30 seconds left.\n|\n|t:|1683247309\n|move|p2a: Bumi|Air Slash|p1b: Salty\n|-resisted|p1b: Salty\n|-damage|p1b: Salty|54\/100\n|move|p2b: The Mechanist|Thunderbolt|p1b: Salty\n|-damage|p1b: Salty|29\/100\n|move|p1b: Salty|Recover|p1b: Salty\n|-heal|p1b: Salty|79\/100\n|\n|-damage|p2a: Bumi|7\/100|[from] Salt Cure\n|-damage|p2b: The Mechanist|14\/100|[from] Salt Cure\n|upkeep\n|turn|8\n|\n|t:|1683247324\n|move|p2a: Bumi|Air Slash|p1b: Salty\n|-resisted|p1b: Salty\n|-damage|p1b: Salty|70\/100\n|move|p2b: The Mechanist|Thunderbolt|p1b: Salty\n|-damage|p1b: Salty|45\/100\n|cant|p1b: Salty|flinch\n|\n|-damage|p2a: Bumi|0 fnt|[from] Salt Cure\n|faint|p2a: Bumi\n|-damage|p2b: The Mechanist|0 fnt|[from] Salt Cure\n|faint|p2b: The Mechanist\n|upkeep\n|\n|t:|1683247338\n|switch|p2a: Painted Lady|Gardevoir, L50, M|100\/100\n|turn|9\n|\n|t:|1683247349\n|move|p2a: Painted Lady|Trick|p1b: Salty\n|-activate|p2a: Painted Lady|move: Trick|[of] p1b: Salty\n|-item|p1b: Salty|Choice Scarf|[from] move: Trick\n|-enditem|p2a: Painted Lady|Choice Scarf|[silent]|[from] move: Trick\n|move|p1b: Salty|Recover|p1b: Salty\n|-heal|p1b: Salty|95\/100\n|\n|upkeep\n|turn|10\n|\n|t:|1683247360\n|move|p2a: Painted Lady|Energy Ball|p1b: Salty\n|-supereffective|p1b: Salty\n|-damage|p1b: Salty|51\/100\n|move|p1b: Salty|Recover|p1b: Salty\n|-heal|p1b: Salty|100\/100\n|\n|upkeep\n|turn|11\n|-message|Isaac Denn3000 forfeited.\n|\n|win|clockwork_mango\n|raw|Isaac Denn3000's rating: 1213 → 1190<\/strong> (-23 for losing)\n|raw|clockwork_mango's rating: 1238 → 1261<\/strong> (+23 for winning)\n|l|\u2606clockwork_mango\n|l|\u2606Isaac Denn3000\n|j|\u2606clockwork_mango\n|player|p2|clockwork_mango|170\n","uploadtime":1683247508,"views":10,"p1id":"isaacdenn3000","p2id":"clockworkmango","formatid":"gen9vgc2023regulationc","rating":1190,"private":0,"password":""}