{"id":"gen9vgc2023regulationc-1855143768","p1":"Roseyradio","p2":"Sfousciucaouw","format":"[Gen 9] VGC 2023 Regulation C","log":"|j|\u2606Roseyradio\n|j|\u2606Sfousciucaouw\n|t:|1682906625\n|gametype|doubles\n|player|p1|Roseyradio|swimmerf-gen4dp|1608\n|player|p2|Sfousciucaouw|266|1710\n|teamsize|p1|6\n|teamsize|p2|6\n|gen|9\n|tier|[Gen 9] VGC 2023 Regulation C\n|rated|\n|rule|Species Clause: Limit one of each Pok\u00e9mon\n|rule|Item Clause: Limit one of each item\n|clearpoke\n|poke|p1|Pelipper, L50, F|\n|poke|p1|Palafin, L50, F|\n|poke|p1|Amoonguss, L50, F|\n|poke|p1|Iron Hands, L50|\n|poke|p1|Flutter Mane, L50|\n|poke|p1|Chi-Yu, L50|\n|poke|p2|Palafin, L50, M|\n|poke|p2|Chien-Pao, L50|\n|poke|p2|Pelipper, L50, F|\n|poke|p2|Iron Hands, L50|\n|poke|p2|Arcanine, L50, F|\n|poke|p2|Flutter Mane, L50|\n|teampreview|4\n|j| Hikawari\n|inactive|Battle timer is ON: inactive players will automatically lose when time's up. (requested by Roseyradio)\n|\n|t:|1682906646\n|start\n|switch|p1a: Iron Hands|Iron Hands, L50|100\/100\n|switch|p1b: Palafin|Palafin, L50, F|100\/100\n|switch|p2a: Flutter Mane|Flutter Mane, L50|100\/100\n|switch|p2b: Palafin|Palafin, L50, M|100\/100\n|turn|1\n|j| Spacejes\n|inactive|Roseyradio has 30 seconds left.\n|\n|t:|1682906680\n|detailschange|p2b: Palafin|Palafin-Hero, L50, M\n|switch|p2b: Arcanine|Arcanine, L50, F|100\/100\n|-ability|p2b: Arcanine|Intimidate|boost\n|-unboost|p1a: Iron Hands|atk|1\n|-unboost|p1b: Palafin|atk|1\n|move|p2a: Flutter Mane|Dazzling Gleam|p1b: Palafin|[spread] p1a,p1b\n|-supereffective|p1a: Iron Hands\n|-damage|p1a: Iron Hands|54\/100\n|-damage|p1b: Palafin|41\/100\n|move|p1b: Palafin|Wave Crash|p2b: Arcanine\n|-supereffective|p2b: Arcanine\n|-damage|p2b: Arcanine|9\/100\n|-damage|p1b: Palafin|16\/100|[from] Recoil\n|move|p1a: Iron Hands|Heavy Slam|p2a: Flutter Mane\n|-supereffective|p2a: Flutter Mane\n|-damage|p2a: Flutter Mane|0 fnt\n|faint|p2a: Flutter Mane\n|-end|p2a: Flutter Mane|Protosynthesis|[silent]\n|\n|upkeep\n|\n|t:|1682906695\n|switch|p2a: Palafin|Palafin-Hero, L50, M|100\/100\n|-activate|p2a: Palafin|ability: Zero to Hero\n|turn|2\n|inactive|Roseyradio has 30 seconds left.\n|inactive|Roseyradio has 20 seconds left.\n|inactive|Roseyradio has 15 seconds left.\n|inactive|Roseyradio has 10 seconds left.\n|inactive|Roseyradio has 5 seconds left.\n|\n|t:|1682906748\n|-end|p1a: Iron Hands|Quark Drive|[silent]\n|switch|p1a: Amoonguss|Amoonguss, L50, F|100\/100\n|-terastallize|p2a: Palafin|Water\n|move|p2b: Arcanine|Extreme Speed|p1b: Palafin\n|-damage|p1b: Palafin|0 fnt\n|faint|p1b: Palafin\n|move|p2a: Palafin|Wave Crash|p1a: Amoonguss\n|-resisted|p1a: Amoonguss\n|-damage|p1a: Amoonguss|42\/100\n|-enditem|p1a: Amoonguss|Sitrus Berry|[eat]\n|-heal|p1a: Amoonguss|67\/100|[from] item: Sitrus Berry\n|-damage|p2a: Palafin|78\/100|[from] Recoil\n|\n|upkeep\n|\n|t:|1682906760\n|switch|p1b: Iron Hands|Iron Hands, L50|54\/100\n|turn|3\n|\n|t:|1682906772\n|-terastallize|p1b: Iron Hands|Grass\n|move|p2b: Arcanine|Protect|p2b: Arcanine\n|-singleturn|p2b: Arcanine|Protect\n|move|p2a: Palafin|Protect|p2a: Palafin\n|-singleturn|p2a: Palafin|Protect\n|move|p1b: Iron Hands|Fake Out|p2b: Arcanine\n|-activate|p2b: Arcanine|move: Protect\n|move|p1a: Amoonguss|Pollen Puff|p1b: Iron Hands\n|-heal|p1b: Iron Hands|100\/100\n|\n|upkeep\n|turn|4\n|inactive|Roseyradio has 30 seconds left.\n|inactive|Sfousciucaouw has 30 seconds left.\n|inactive|Roseyradio has 20 seconds left.\n|inactive|Roseyradio has 15 seconds left.\n|inactive|Roseyradio has 10 seconds left.\n|inactive|Roseyradio has 5 seconds left.\n|\n|t:|1682906823\n|switch|p2a: Iron Hands|Iron Hands, L50|100\/100\n|move|p2b: Arcanine|Flare Blitz|p1a: Amoonguss\n|-supereffective|p1a: Amoonguss\n|-damage|p1a: Amoonguss|0 fnt\n|faint|p1a: Amoonguss\n|-damage|p2b: Arcanine|0 fnt|[from] Recoil\n|faint|p2b: Arcanine\n|move|p1b: Iron Hands|Wild Charge|p2a: Iron Hands\n|-resisted|p2a: Iron Hands\n|-damage|p2a: Iron Hands|81\/100\n|-damage|p1b: Iron Hands|96\/100|[from] Recoil\n|\n|upkeep\n|\n|t:|1682906831\n|switch|p2b: Palafin|Palafin-Hero, L50, M, tera:Water|78\/100\n|switch|p1a: Flutter Mane|Flutter Mane, L50, shiny|100\/100\n|turn|5\n|inactive|Roseyradio has 30 seconds left.\n|inactive|Roseyradio has 20 seconds left.\n|inactive|Roseyradio has 15 seconds left.\n|inactive|Roseyradio has 10 seconds left.\n|\n|t:|1682906877\n|move|p2a: Iron Hands|Fake Out|p1b: Iron Hands\n|-damage|p1b: Iron Hands|84\/100\n|move|p2b: Palafin|Jet Punch|p1a: Flutter Mane\n|-damage|p1a: Flutter Mane|0 fnt\n|faint|p1a: Flutter Mane\n|-end|p1a: Flutter Mane|Protosynthesis|[silent]\n|cant|p1b: Iron Hands|flinch\n|\n|upkeep\n|turn|6\n|\n|t:|1682906894\n|move|p2b: Palafin|Wave Crash|p1b: Iron Hands\n|-resisted|p1b: Iron Hands\n|-damage|p1b: Iron Hands|41\/100\n|-damage|p2b: Palafin|59\/100|[from] Recoil\n|move|p2a: Iron Hands|Close Combat|p1b: Iron Hands\n|-damage|p1b: Iron Hands|0 fnt\n|-unboost|p2a: Iron Hands|def|1\n|-unboost|p2a: Iron Hands|spd|1\n|faint|p1b: Iron Hands\n|-end|p1b: Iron Hands|Quark Drive|[silent]\n|\n|win|Sfousciucaouw\n|raw|Roseyradio's rating: 1608 → 1594<\/strong> (-14 for losing)\n|raw|Sfousciucaouw's rating: 1710 → 1724<\/strong> (+14 for winning)\n|l|\u2606Sfousciucaouw\n|l| Spacejes\n|l|\u2606Roseyradio\n","uploadtime":1682906924,"views":14,"p1id":"roseyradio","p2id":"sfousciucaouw","formatid":"gen9vgc2023regulationc","rating":1594,"private":0,"password":""}