{"id":"gen9vgc2023regulationc-1859888415","p1":"Innit crazy","p2":"piratekingbenis97","format":"[Gen 9] VGC 2023 Regulation C","log":"|j|\u2606Innit crazy\n|j|\u2606piratekingbenis97\n|t:|1683573014\n|gametype|doubles\n|player|p1|Innit crazy|red|1035\n|player|p2|piratekingbenis97|waiter-gen4dp|1048\n|teamsize|p1|6\n|teamsize|p2|6\n|gen|9\n|tier|[Gen 9] VGC 2023 Regulation C\n|rated|\n|rule|Species Clause: Limit one of each Pok\u00e9mon\n|rule|Item Clause: Limit one of each item\n|clearpoke\n|poke|p1|Dondozo, L50, M|\n|poke|p1|Tatsugiri, L50, F|\n|poke|p1|Orthworm, L50, F|\n|poke|p1|Vivillon, L50, F|\n|poke|p1|Glimmora, L50, M|\n|poke|p1|Baxcalibur, L50, F|\n|poke|p2|Flutter Mane, L50|\n|poke|p2|Wo-Chien, L50|\n|poke|p2|Torkoal, L50, F|\n|poke|p2|Jumpluff, L50, M|\n|poke|p2|Roaring Moon, L50|\n|poke|p2|Chi-Yu, L50|\n|teampreview|4\n|inactive|Battle timer is ON: inactive players will automatically lose when time's up. (requested by Innit crazy)\n|inactive|piratekingbenis97 has 60 seconds left.\n|\n|t:|1683573066\n|start\n|switch|p1a: Glimmora|Glimmora, L50, M|100\/100\n|switch|p1b: Orthworm|Orthworm, L50, F|100\/100\n|switch|p2a: Flutter Mane|Flutter Mane, L50|100\/100\n|switch|p2b: Wo-Chien|Wo-Chien, L50|100\/100\n|-ability|p2b: Wo-Chien|Tablets of Ruin\n|turn|1\n|inactive|piratekingbenis97 has 30 seconds left.\n|inactive|piratekingbenis97 has 20 seconds left.\n|inactive|piratekingbenis97 has 15 seconds left.\n|inactive|piratekingbenis97 has 10 seconds left.\n|\n|t:|1683573115\n|move|p1a: Glimmora|Mortal Spin|p2a: Flutter Mane|[spread] p2a,p2b\n|-supereffective|p2b: Wo-Chien\n|-damage|p2a: Flutter Mane|97\/100\n|-damage|p2b: Wo-Chien|94\/100\n|-status|p2a: Flutter Mane|psn\n|-status|p2b: Wo-Chien|psn\n|move|p1b: Orthworm|Iron Defense|p1b: Orthworm\n|-boost|p1b: Orthworm|def|2\n|move|p2b: Wo-Chien|Leaf Storm|p1a: Glimmora\n|-damage|p1a: Glimmora|59\/100\n|-unboost|p2b: Wo-Chien|spa|2\n|-enditem|p2b: Wo-Chien|Eject Pack\n|\n|t:|1683573130\n|switch|p2b: Torkoal|Torkoal, L50, F, shiny|100\/100\n|-weather|SunnyDay|[from] ability: Drought|[of] p2b: Torkoal\n|-activate|p2a: Flutter Mane|ability: Protosynthesis\n|-start|p2a: Flutter Mane|protosynthesisspa\n|move|p2a: Flutter Mane|Trick Room|p2a: Flutter Mane\n|-fieldstart|move: Trick Room|[of] p2a: Flutter Mane\n|\n|-weather|SunnyDay|[upkeep]\n|-damage|p2a: Flutter Mane|84\/100 psn|[from] psn\n|upkeep\n|turn|2\n|inactive|Innit crazy has 30 seconds left.\n|inactive|piratekingbenis97 has 30 seconds left.\n|inactive|Innit crazy has 20 seconds left.\n|\n|t:|1683573168\n|-terastallize|p2b: Torkoal|Fire\n|-terastallize|p1b: Orthworm|Electric\n|move|p2b: Torkoal|Heat Wave|p1b: Orthworm|[spread] p1a,p1b\n|-resisted|p1a: Glimmora\n|-damage|p1a: Glimmora|24\/100\n|-damage|p1b: Orthworm|0 fnt\n|-status|p1a: Glimmora|brn\n|faint|p1b: Orthworm\n|move|p2a: Flutter Mane|Shadow Ball|p1a: Glimmora\n|-damage|p1a: Glimmora|0 fnt\n|faint|p1a: Glimmora\n|\n|-weather|SunnyDay|[upkeep]\n|-damage|p2a: Flutter Mane|72\/100 psn|[from] psn\n|upkeep\n|\n|t:|1683573183\n|switch|p1b: Tatsugiri|Tatsugiri, L50, F|100\/100\n|switch|p1a: Dondozo|Dondozo, L50, M|100\/100\n|-activate|p1b: Tatsugiri|ability: Commander|[of] p1a: Dondozo\n|-boost|p1a: Dondozo|atk|2\n|-boost|p1a: Dondozo|spa|2\n|-boost|p1a: Dondozo|spe|2\n|-boost|p1a: Dondozo|def|2\n|-boost|p1a: Dondozo|spd|2\n|turn|3\n|\n|t:|1683573203\n|switch|p2b: Wo-Chien|Wo-Chien, L50|94\/100 psn\n|-ability|p2b: Wo-Chien|Tablets of Ruin\n|move|p2a: Flutter Mane|Substitute|p2a: Flutter Mane\n|-start|p2a: Flutter Mane|Substitute\n|-damage|p2a: Flutter Mane|47\/100 psn\n|move|p1a: Dondozo|Wave Crash|p2b: Wo-Chien\n|-resisted|p2b: Wo-Chien\n|-damage|p2b: Wo-Chien|80\/100 psn\n|-damage|p1a: Dondozo|96\/100|[from] Recoil\n|\n|-weather|SunnyDay|[upkeep]\n|-heal|p1a: Dondozo|100\/100|[from] item: Leftovers\n|-damage|p2a: Flutter Mane|35\/100 psn|[from] psn\n|-damage|p2b: Wo-Chien|68\/100 psn|[from] psn\n|upkeep\n|turn|4\n|\n|t:|1683573227\n|move|p1a: Dondozo|Protect|p1a: Dondozo\n|-singleturn|p1a: Dondozo|Protect\n|move|p2a: Flutter Mane|Shadow Ball|p1a: Dondozo\n|-activate|p1a: Dondozo|move: Protect\n|move|p2b: Wo-Chien|Leaf Storm|p1a: Dondozo\n|-activate|p1a: Dondozo|move: Protect\n|\n|-weather|SunnyDay|[upkeep]\n|-damage|p2a: Flutter Mane|22\/100 psn|[from] psn\n|-damage|p2b: Wo-Chien|56\/100 psn|[from] psn\n|upkeep\n|turn|5\n|\n|t:|1683573242\n|move|p2a: Flutter Mane|Shadow Ball|p1a: Dondozo\n|-damage|p1a: Dondozo|80\/100\n|-unboost|p1a: Dondozo|spd|1\n|move|p2b: Wo-Chien|Pollen Puff|p2a: Flutter Mane\n|-heal|p2a: Flutter Mane|72\/100 psn\n|move|p1a: Dondozo|Substitute|p1a: Dondozo\n|-start|p1a: Dondozo|Substitute\n|-damage|p1a: Dondozo|55\/100\n|\n|-weather|none\n|-end|p2a: Flutter Mane|Protosynthesis\n|-heal|p1a: Dondozo|61\/100|[from] item: Leftovers\n|-damage|p2a: Flutter Mane|60\/100 psn|[from] psn\n|-damage|p2b: Wo-Chien|44\/100 psn|[from] psn\n|-fieldend|move: Trick Room\n|upkeep\n|turn|6\n|\n|t:|1683573266\n|move|p1a: Dondozo|Wave Crash|p2b: Wo-Chien\n|-resisted|p2b: Wo-Chien\n|-damage|p2b: Wo-Chien|13\/100 psn\n|-damage|p1a: Dondozo|53\/100|[from] Recoil\n|move|p2b: Wo-Chien|Dark Pulse|p1a: Dondozo\n|-activate|p1a: Dondozo|move: Substitute|[damage]\n|move|p2a: Flutter Mane|Trick Room|p2a: Flutter Mane\n|-fieldstart|move: Trick Room|[of] p2a: Flutter Mane\n|\n|-heal|p1a: Dondozo|59\/100|[from] item: Leftovers\n|-damage|p2a: Flutter Mane|47\/100 psn|[from] psn\n|-damage|p2b: Wo-Chien|1\/100 psn|[from] psn\n|upkeep\n|turn|7\n|\n|t:|1683573290\n|move|p2a: Flutter Mane|Shadow Ball|p1a: Dondozo\n|-end|p1a: Dondozo|Substitute\n|move|p2b: Wo-Chien|Leaf Storm|p1a: Dondozo|[miss]\n|-miss|p2b: Wo-Chien|p1a: Dondozo\n|move|p1a: Dondozo|Wave Crash|p2a: Flutter Mane\n|-end|p2a: Flutter Mane|Substitute\n|-damage|p1a: Dondozo|53\/100|[from] Recoil|[of] p2a: Flutter Mane\n|\n|-heal|p1a: Dondozo|60\/100|[from] item: Leftovers\n|-damage|p2a: Flutter Mane|35\/100 psn|[from] psn\n|-damage|p2b: Wo-Chien|0 fnt|[from] psn\n|faint|p2b: Wo-Chien\n|upkeep\n|\n|t:|1683573306\n|switch|p2b: Torkoal|Torkoal, L50, F, shiny, tera:Fire|100\/100\n|-weather|SunnyDay|[from] ability: Drought|[of] p2b: Torkoal\n|-activate|p2a: Flutter Mane|ability: Protosynthesis\n|-start|p2a: Flutter Mane|protosynthesisspa\n|turn|8\n|\n|t:|1683573313\n|move|p1a: Dondozo|Protect|p1a: Dondozo\n|-singleturn|p1a: Dondozo|Protect\n|move|p2b: Torkoal|Eruption|p1a: Dondozo|[spread] \n|-miss|p2b: Torkoal|p1b: Tatsugiri\n|-activate|p1a: Dondozo|move: Protect\n|move|p2a: Flutter Mane|Shadow Ball|p1a: Dondozo\n|-activate|p1a: Dondozo|move: Protect\n|\n|-weather|SunnyDay|[upkeep]\n|-heal|p1a: Dondozo|66\/100|[from] item: Leftovers\n|-damage|p2a: Flutter Mane|22\/100 psn|[from] psn\n|upkeep\n|turn|9\n|\n|t:|1683573331\n|move|p2b: Torkoal|Eruption|p1b: Tatsugiri|[spread] p1a\n|-miss|p2b: Torkoal|p1b: Tatsugiri\n|-resisted|p1a: Dondozo\n|-damage|p1a: Dondozo|18\/100\n|move|p2a: Flutter Mane|Shadow Ball|p1a: Dondozo\n|-damage|p1a: Dondozo|0 fnt\n|faint|p1a: Dondozo\n|\n|-weather|SunnyDay|[upkeep]\n|-damage|p2a: Flutter Mane|10\/100 psn|[from] psn\n|upkeep\n|turn|10\n|-message|Innit crazy forfeited.\n|\n|win|piratekingbenis97\n|raw|Innit crazy's rating: 1035 → 1020<\/strong> (-15 for losing)\n|raw|piratekingbenis97's rating: 1048 → 1080<\/strong> (+32 for winning)\n|l|\u2606Innit crazy\n","uploadtime":1683573345,"views":9,"p1id":"innitcrazy","p2id":"piratekingbenis97","formatid":"gen9vgc2023regulationc","rating":1020,"private":0,"password":""}