{"id":"gen9vgc2023regulationc-1848137934","p1":"LDJorsy","p2":"UltimoRyu","format":"[Gen 9] VGC 2023 Regulation C","log":"|j|\u2606LDJorsy\n|j|\u2606UltimoRyu\n|t:|1682034111\n|gametype|doubles\n|player|p1|LDJorsy|shadowtriad|1321\n|player|p2|UltimoRyu|steven|1241\n|teamsize|p1|6\n|teamsize|p2|6\n|gen|9\n|tier|[Gen 9] VGC 2023 Regulation C\n|rated|\n|rule|Species Clause: Limit one of each Pok\u00e9mon\n|rule|Item Clause: Limit one of each item\n|clearpoke\n|poke|p1|Wo-Chien, L50|\n|poke|p1|Glimmora, L50, F|\n|poke|p1|Arcanine, L50, M|\n|poke|p1|Palafin, L50, F|\n|poke|p1|Chien-Pao, L50|\n|poke|p1|Dragapult, L50, M|\n|poke|p2|Pelipper, L50, F|\n|poke|p2|Palafin, L50, F|\n|poke|p2|Goodra, L50, M|\n|poke|p2|Gyarados, L50, F|\n|poke|p2|Dondozo, L50, F|\n|poke|p2|Tatsugiri-Stretchy, L50, F|\n|teampreview|4\n|inactive|Battle timer is ON: inactive players will automatically lose when time's up. (requested by LDJorsy)\n|\n|t:|1682034169\n|start\n|switch|p1a: Sar\u00f2ConTe|Arcanine, L50, M|100\/100\n|switch|p1b: La Paraffina|Palafin, L50, F|100\/100\n|switch|p2a: Pelipper|Pelipper, L50, F|100\/100\n|switch|p2b: Dondozo|Dondozo, L50, F|100\/100\n|-ability|p1a: Sar\u00f2ConTe|Intimidate|boost\n|-unboost|p2a: Pelipper|atk|1\n|-unboost|p2b: Dondozo|atk|1\n|-weather|RainDance|[from] ability: Drizzle|[of] p2a: Pelipper\n|turn|1\n|\n|t:|1682034193\n|detailschange|p1b: La Paraffina|Palafin-Hero, L50, F\n|switch|p1b: NeverGiveUp|Wo-Chien, L50|100\/100\n|-ability|p1b: NeverGiveUp|Tablets of Ruin\n|-terastallize|p2b: Dondozo|Water\n|move|p1a: Sar\u00f2ConTe|Will-O-Wisp|p2b: Dondozo|[miss]\n|-miss|p1a: Sar\u00f2ConTe|p2b: Dondozo\n|move|p2a: Pelipper|Tailwind|p2a: Pelipper\n|-sidestart|p2: UltimoRyu|move: Tailwind\n|move|p2b: Dondozo|Liquidation|p1a: Sar\u00f2ConTe\n|-supereffective|p1a: Sar\u00f2ConTe\n|-damage|p1a: Sar\u00f2ConTe|0 fnt\n|faint|p1a: Sar\u00f2ConTe\n|-damage|p2b: Dondozo|91\/100|[from] item: Life Orb\n|\n|-weather|RainDance|[upkeep]\n|upkeep\n|\n|t:|1682034206\n|switch|p1a: Glimmora|Glimmora, L50, F|100\/100\n|turn|2\n|inactive|UltimoRyu has 30 seconds left.\n|inactive|UltimoRyu has 20 seconds left.\n|inactive|UltimoRyu has 15 seconds left.\n|\n|t:|1682034246\n|-terastallize|p1a: Glimmora|Grass\n|move|p2a: Pelipper|Hydro Pump|p1a: Glimmora\n|-resisted|p1a: Glimmora\n|-damage|p1a: Glimmora|75\/100\n|move|p1a: Glimmora|Energy Ball|p2b: Dondozo\n|-supereffective|p2b: Dondozo\n|-damage|p2b: Dondozo|12\/100\n|move|p2b: Dondozo|Liquidation|p1b: NeverGiveUp\n|-resisted|p1b: NeverGiveUp\n|-damage|p1b: NeverGiveUp|81\/100\n|-damage|p2b: Dondozo|3\/100|[from] item: Life Orb\n|move|p1b: NeverGiveUp|Leech Seed|p2b: Dondozo\n|-start|p2b: Dondozo|move: Leech Seed\n|\n|-weather|RainDance|[upkeep]\n|-heal|p1b: NeverGiveUp|87\/100|[from] item: Leftovers\n|-damage|p2b: Dondozo|0 fnt|[from] Leech Seed|[of] p1b: NeverGiveUp\n|-heal|p1b: NeverGiveUp|89\/100|[silent]\n|faint|p2b: Dondozo\n|upkeep\n|\n|t:|1682034266\n|switch|p2b: Palafin|Palafin, L50, F|100\/100\n|turn|3\n|\n|t:|1682034280\n|detailschange|p2b: Palafin|Palafin-Hero, L50, F\n|switch|p2b: Tatsugiri|Tatsugiri-Stretchy, L50, F|100\/100\n|move|p2a: Pelipper|Hurricane|p1a: Glimmora\n|-supereffective|p1a: Glimmora\n|-damage|p1a: Glimmora|4\/100\n|-start|p1a: Glimmora|confusion\n|-activate|p1a: Glimmora|confusion\n|move|p1a: Glimmora|Power Gem|p2a: Pelipper\n|-supereffective|p2a: Pelipper\n|-enditem|p2a: Pelipper|Focus Sash\n|-damage|p2a: Pelipper|1\/100\n|move|p1b: NeverGiveUp|Leech Seed|p2b: Tatsugiri\n|-start|p2b: Tatsugiri|move: Leech Seed\n|\n|-weather|RainDance|[upkeep]\n|-heal|p1b: NeverGiveUp|96\/100|[from] item: Leftovers\n|-damage|p2b: Tatsugiri|89\/100|[from] Leech Seed|[of] p1b: NeverGiveUp\n|-heal|p1b: NeverGiveUp|100\/100|[silent]\n|upkeep\n|turn|4\n|inactive|UltimoRyu has 30 seconds left.\n|\n|t:|1682034308\n|switch|p1a: La Paraffina|Palafin-Hero, L50, F|100\/100\n|-activate|p1a: La Paraffina|ability: Zero to Hero\n|move|p2b: Tatsugiri|Icy Wind|p1a: La Paraffina|[spread] p1a,p1b\n|-resisted|p1a: La Paraffina\n|-supereffective|p1b: NeverGiveUp\n|-damage|p1a: La Paraffina|94\/100\n|-damage|p1b: NeverGiveUp|83\/100\n|-unboost|p1a: La Paraffina|spe|1\n|-unboost|p1b: NeverGiveUp|spe|1\n|move|p2a: Pelipper|Hurricane|p1b: NeverGiveUp\n|-supereffective|p1b: NeverGiveUp\n|-damage|p1b: NeverGiveUp|12\/100\n|move|p1b: NeverGiveUp|Leech Seed|p2a: Pelipper\n|-start|p2a: Pelipper|move: Leech Seed\n|\n|-weather|RainDance|[upkeep]\n|-heal|p1b: NeverGiveUp|18\/100|[from] item: Leftovers\n|-damage|p2b: Tatsugiri|77\/100|[from] Leech Seed|[of] p1b: NeverGiveUp\n|-heal|p1b: NeverGiveUp|28\/100|[silent]\n|-damage|p2a: Pelipper|0 fnt|[from] Leech Seed|[of] p1b: NeverGiveUp\n|-heal|p1b: NeverGiveUp|28\/100|[silent]\n|faint|p2a: Pelipper\n|-sideend|p2: UltimoRyu|move: Tailwind\n|upkeep\n|\n|t:|1682034330\n|switch|p2a: Palafin|Palafin-Hero, L50, F|100\/100\n|-activate|p2a: Palafin|ability: Zero to Hero\n|turn|5\n|inactive|LDJorsy has 30 seconds left.\n|\n|t:|1682034355\n|move|p2b: Tatsugiri|Icy Wind|p1b: NeverGiveUp|[spread] p1a,p1b\n|-resisted|p1a: La Paraffina\n|-supereffective|p1b: NeverGiveUp\n|-crit|p1b: NeverGiveUp\n|-damage|p1a: La Paraffina|87\/100\n|-damage|p1b: NeverGiveUp|0 fnt\n|-unboost|p1a: La Paraffina|spe|1\n|faint|p1b: NeverGiveUp\n|move|p2a: Palafin|Wave Crash|p1a: La Paraffina\n|-resisted|p1a: La Paraffina\n|-damage|p1a: La Paraffina|30\/100\n|-damage|p2a: Palafin|81\/100|[from] Recoil\n|move|p1a: La Paraffina|Wave Crash|p2b: Tatsugiri\n|-resisted|p2b: Tatsugiri\n|-damage|p2b: Tatsugiri|7\/100\n|-damage|p1a: La Paraffina|14\/100|[from] Recoil\n|\n|-weather|none\n|upkeep\n|\n|t:|1682034371\n|switch|p1b: Glimmora|Glimmora, L50, F, tera:Grass|4\/100\n|turn|6\n|-message|LDJorsy forfeited.\n|\n|win|UltimoRyu\n|raw|LDJorsy's rating: 1321 → 1296<\/strong> (-25 for losing)\n|raw|UltimoRyu's rating: 1241 → 1272<\/strong> (+31 for winning)\n|l|\u2606LDJorsy\n","uploadtime":1682034388,"views":8,"p1id":"ldjorsy","p2id":"ultimoryu","formatid":"gen9vgc2023regulationc","rating":1272,"private":0,"password":""}