{"id":"gen9vgc2023regulationc-1857324885","p1":"Willthekid65934","p2":"sweetnoodles","format":"[Gen 9] VGC 2023 Regulation C","log":"|j|\u2606Willthekid65934\n|j|\u2606sweetnoodles\n|t:|1683173546\n|gametype|doubles\n|player|p1|Willthekid65934|steven|1121\n|player|p2|sweetnoodles|backersf|1192\n|teamsize|p1|6\n|teamsize|p2|6\n|gen|9\n|tier|[Gen 9] VGC 2023 Regulation C\n|rated|\n|rule|Species Clause: Limit one of each Pok\u00e9mon\n|rule|Item Clause: Limit one of each item\n|clearpoke\n|poke|p1|Amoonguss, L50, M|\n|poke|p1|Palafin, L50, M|\n|poke|p1|Arcanine, L50, F|\n|poke|p1|Flutter Mane, L50|\n|poke|p1|Ting-Lu, L50|\n|poke|p1|Dragonite, L50, F|\n|poke|p2|Palafin, L50, F|\n|poke|p2|Arcanine, L50, F|\n|poke|p2|Amoonguss, L50, M|\n|poke|p2|Flutter Mane, L50|\n|poke|p2|Ting-Lu, L50|\n|poke|p2|Gothitelle, L50, F|\n|teampreview|4\n|inactive|Battle timer is ON: inactive players will automatically lose when time's up. (requested by sweetnoodles)\n|inactive|Willthekid65934 also wants the timer to be on.\n|\n|t:|1683173569\n|start\n|switch|p1a: Pass the puff|Amoonguss, L50, M|100\/100\n|switch|p1b: All Might|Palafin, L50, M|100\/100\n|switch|p2a: Gothitelle|Gothitelle, L50, F|100\/100\n|switch|p2b: Flutter Mane|Flutter Mane, L50|100\/100\n|turn|1\n|\n|t:|1683173590\n|move|p2a: Gothitelle|Fake Out|p1a: Pass the puff\n|-damage|p1a: Pass the puff|97\/100\n|move|p2b: Flutter Mane|Shadow Ball|p1a: Pass the puff\n|-damage|p1a: Pass the puff|46\/100\n|-unboost|p1a: Pass the puff|spd|1\n|-enditem|p1a: Pass the puff|Sitrus Berry|[eat]\n|-heal|p1a: Pass the puff|71\/100|[from] item: Sitrus Berry\n|move|p1b: All Might|Taunt|p2a: Gothitelle\n|-start|p2a: Gothitelle|move: Taunt\n|cant|p1a: Pass the puff|flinch\n|\n|upkeep\n|turn|2\n|inactive|sweetnoodles has 30 seconds left.\n|inactive|sweetnoodles has 20 seconds left.\n|inactive|sweetnoodles has 15 seconds left.\n|\n|t:|1683173635\n|switch|p2a: Arcanine|Arcanine, L50, F|100\/100\n|-ability|p2a: Arcanine|Intimidate|boost\n|-unboost|p1a: Pass the puff|atk|1\n|-unboost|p1b: All Might|atk|1\n|move|p2b: Flutter Mane|Shadow Ball|p1b: All Might\n|-damage|p1b: All Might|26\/100\n|move|p1b: All Might|Wave Crash|p2a: Arcanine\n|-supereffective|p2a: Arcanine\n|-damage|p2a: Arcanine|16\/100\n|-damage|p1b: All Might|2\/100|[from] Recoil\n|move|p1a: Pass the puff|Pollen Puff|p2a: Arcanine\n|-resisted|p2a: Arcanine\n|-damage|p2a: Arcanine|5\/100\n|\n|upkeep\n|turn|3\n|inactive|Willthekid65934 has 30 seconds left.\n|inactive|Willthekid65934 has 20 seconds left.\n|\n|t:|1683173674\n|-terastallize|p1a: Pass the puff|Water\n|move|p2a: Arcanine|Extreme Speed|p1b: All Might\n|-damage|p1b: All Might|0 fnt\n|faint|p1b: All Might\n|move|p1a: Pass the puff|Rage Powder|p1a: Pass the puff\n|-singleturn|p1a: Pass the puff|move: Rage Powder\n|move|p2b: Flutter Mane|Shadow Ball|p1a: Pass the puff\n|-damage|p1a: Pass the puff|0 fnt\n|faint|p1a: Pass the puff\n|\n|upkeep\n|\n|t:|1683173689\n|switch|p1b: Flutter Mane|Flutter Mane, L50|100\/100\n|switch|p1a: RK9|Arcanine, L50, F|100\/100\n|-ability|p1a: RK9|Intimidate|boost\n|-unboost|p2a: Arcanine|atk|1\n|-unboost|p2b: Flutter Mane|atk|1\n|-enditem|p1b: Flutter Mane|Booster Energy\n|-activate|p1b: Flutter Mane|ability: Protosynthesis|[fromitem]\n|-start|p1b: Flutter Mane|protosynthesisspa\n|turn|4\n|\n|t:|1683173711\n|switch|p2a: Gothitelle|Gothitelle, L50, F|100\/100\n|-terastallize|p2b: Flutter Mane|Fairy\n|move|p1a: RK9|Extreme Speed|p2a: Gothitelle\n|-damage|p2a: Gothitelle|78\/100\n|move|p2b: Flutter Mane|Shadow Ball|p1a: RK9\n|-damage|p1a: RK9|43\/100\n|-unboost|p1a: RK9|spd|1\n|move|p1b: Flutter Mane|Moonblast|p2b: Flutter Mane\n|-damage|p2b: Flutter Mane|37\/100\n|-unboost|p2b: Flutter Mane|spa|1\n|\n|-heal|p2a: Gothitelle|85\/100|[from] item: Leftovers\n|upkeep\n|turn|5\n|inactive|Willthekid65934 has 30 seconds left.\n|\n|t:|1683173738\n|move|p1a: RK9|Protect|p1a: RK9\n|-singleturn|p1a: RK9|Protect\n|move|p2a: Gothitelle|Fake Out|p1a: RK9\n|-activate|p1a: RK9|move: Protect\n|move|p2b: Flutter Mane|Shadow Ball|p1b: Flutter Mane\n|-supereffective|p1b: Flutter Mane\n|-damage|p1b: Flutter Mane|28\/100\n|move|p1b: Flutter Mane|Shadow Ball|p2b: Flutter Mane\n|-damage|p2b: Flutter Mane|0 fnt\n|faint|p2b: Flutter Mane\n|-end|p2b: Flutter Mane|Protosynthesis|[silent]\n|\n|-heal|p2a: Gothitelle|91\/100|[from] item: Leftovers\n|upkeep\n|\n|t:|1683173756\n|switch|p2b: Amoonguss|Amoonguss, L50, M|100\/100\n|turn|6\n|\n|t:|1683173767\n|move|p1b: Flutter Mane|Shadow Ball|p2a: Gothitelle\n|-supereffective|p2a: Gothitelle\n|-damage|p2a: Gothitelle|8\/100\n|move|p1a: RK9|Flare Blitz|p2b: Amoonguss\n|-supereffective|p2b: Amoonguss\n|-damage|p2b: Amoonguss|0 fnt\n|faint|p2b: Amoonguss\n|-damage|p1a: RK9|6\/100|[from] Recoil\n|move|p2a: Gothitelle|Heal Pulse|p2: Amoonguss|[notarget]\n|-fail|p2a: Gothitelle\n|\n|-heal|p2a: Gothitelle|15\/100|[from] item: Leftovers\n|upkeep\n|\n|t:|1683173781\n|switch|p2b: Arcanine|Arcanine, L50, F|5\/100\n|-ability|p2b: Arcanine|Intimidate|boost\n|-unboost|p1a: RK9|atk|1\n|-unboost|p1b: Flutter Mane|atk|1\n|turn|7\n|\n|t:|1683173791\n|move|p2b: Arcanine|Protect|p2b: Arcanine\n|-singleturn|p2b: Arcanine|Protect\n|move|p2a: Gothitelle|Protect|p2a: Gothitelle\n|-singleturn|p2a: Gothitelle|Protect\n|move|p1a: RK9|Extreme Speed|p2b: Arcanine\n|-activate|p2b: Arcanine|move: Protect\n|move|p1b: Flutter Mane|Dazzling Gleam|p2b: Arcanine|[spread] \n|-activate|p2a: Gothitelle|move: Protect\n|-activate|p2b: Arcanine|move: Protect\n|\n|-heal|p2a: Gothitelle|21\/100|[from] item: Leftovers\n|upkeep\n|turn|8\n|\n|t:|1683173808\n|move|p2b: Arcanine|Extreme Speed|p1a: RK9\n|-damage|p1a: RK9|0 fnt\n|faint|p1a: RK9\n|move|p1b: Flutter Mane|Dazzling Gleam|p2a: Gothitelle|[spread] p2a,p2b\n|-crit|p2a: Gothitelle\n|-resisted|p2b: Arcanine\n|-damage|p2a: Gothitelle|0 fnt\n|-damage|p2b: Arcanine|0 fnt\n|faint|p2a: Gothitelle\n|faint|p2b: Arcanine\n|\n|win|Willthekid65934\n|raw|Willthekid65934's rating: 1121 → 1151<\/strong> (+30 for winning)\n|raw|sweetnoodles's rating: 1192 → 1162<\/strong> (-30 for losing)\n|l|\u2606sweetnoodles\n|c|\u2606Willthekid65934|CLUTCH\n","uploadtime":1683173830,"views":6,"p1id":"willthekid65934","p2id":"sweetnoodles","formatid":"gen9vgc2023regulationc","rating":1151,"private":0,"password":""}