{"id":"gen9vgc2023regulationc-1857017904","p1":"PeekayW","p2":"Fixo161","format":"[Gen 9] VGC 2023 Regulation C","log":"|j|\u2606PeekayW\n|j|\u2606Fixo161\n|t:|1683137240\n|gametype|doubles\n|player|p1|PeekayW|265|1216\n|player|p2|Fixo161|1|1177\n|teamsize|p1|6\n|teamsize|p2|6\n|gen|9\n|tier|[Gen 9] VGC 2023 Regulation C\n|rated|\n|rule|Species Clause: Limit one of each Pok\u00e9mon\n|rule|Item Clause: Limit one of each item\n|clearpoke\n|poke|p1|Scizor, L50, M|\n|poke|p1|Flutter Mane, L50|\n|poke|p1|Rotom-Wash, L50|\n|poke|p1|Arcanine, L50, F|\n|poke|p1|Chien-Pao, L50|\n|poke|p1|Great Tusk, L50|\n|poke|p2|Dondozo, L50, F|\n|poke|p2|Tatsugiri, L50, F|\n|poke|p2|Iron Hands, L50|\n|poke|p2|Flutter Mane, L50|\n|poke|p2|Dragonite, L50, M|\n|poke|p2|Iron Bundle, L50|\n|teampreview|4\nPeekayW has agreed to open team sheets.\n|\n|t:|1683137264\n|start\n|switch|p1a: Flutter Mane|Flutter Mane, L50|100\/100\n|switch|p1b: Scizor|Scizor, L50, M|100\/100\n|switch|p2a: Iron Hands|Iron Hands, L50|100\/100\n|switch|p2b: Dondozo|Dondozo, L50, F|100\/100\n|turn|1\n|inactive|Battle timer is ON: inactive players will automatically lose when time's up. (requested by PeekayW)\n|\n|t:|1683137287\n|-terastallize|p2a: Iron Hands|Fire\n|move|p2b: Dondozo|Protect|p2b: Dondozo\n|-singleturn|p2b: Dondozo|Protect\n|move|p1a: Flutter Mane|Moonblast|p2a: Iron Hands\n|-resisted|p2a: Iron Hands\n|-damage|p2a: Iron Hands|84\/100\n|-unboost|p2a: Iron Hands|spa|1\n|-damage|p1a: Flutter Mane|91\/100|[from] item: Life Orb\n|move|p1b: Scizor|U-turn|p2b: Dondozo\n|-activate|p2b: Dondozo|move: Protect\n|move|p2a: Iron Hands|Heavy Slam|p1a: Flutter Mane\n|-supereffective|p1a: Flutter Mane\n|-damage|p1a: Flutter Mane|0 fnt\n|faint|p1a: Flutter Mane\n|-end|p1a: Flutter Mane|Protosynthesis|[silent]\n|\n|upkeep\n|\n|t:|1683137301\n|switch|p1a: Great Tusk|Great Tusk, L50|100\/100\n|turn|2\n|\n|t:|1683137320\n|switch|p1b: Rotom|Rotom-Wash, L50|100\/100\n|-end|p2a: Iron Hands|Quark Drive|[silent]\n|switch|p2a: Tatsugiri|Tatsugiri, L50, F|100\/100\n|-activate|p2a: Tatsugiri|ability: Commander|[of] p2b: Dondozo\n|-boost|p2b: Dondozo|atk|2\n|-boost|p2b: Dondozo|spa|2\n|-boost|p2b: Dondozo|spe|2\n|-boost|p2b: Dondozo|def|2\n|-boost|p2b: Dondozo|spd|2\n|move|p1a: Great Tusk|Earthquake|p2b: Dondozo|[spread] p2b\n|-miss|p1a: Great Tusk|p2a: Tatsugiri\n|-immune|p1b: Rotom|[from] ability: Levitate\n|-damage|p2b: Dondozo|88\/100\n|move|p2b: Dondozo|Wave Crash|p1a: Great Tusk\n|-supereffective|p1a: Great Tusk\n|-damage|p1a: Great Tusk|0 fnt\n|faint|p1a: Great Tusk\n|-end|p1a: Great Tusk|Protosynthesis|[silent]\n|-damage|p2b: Dondozo|64\/100|[from] Recoil\n|\n|-heal|p2b: Dondozo|70\/100|[from] item: Leftovers\n|upkeep\n|\n|t:|1683137340\n|switch|p1a: Scizor|Scizor, L50, M|100\/100\n|turn|3\n|\n|t:|1683137356\n|move|p2b: Dondozo|Protect|p2b: Dondozo\n|-singleturn|p2b: Dondozo|Protect\n|move|p1a: Scizor|Bullet Punch|p2b: Dondozo\n|-activate|p2b: Dondozo|move: Protect\n|move|p1b: Rotom|Thunderbolt|p2b: Dondozo\n|-activate|p2b: Dondozo|move: Protect\n|\n|-heal|p2b: Dondozo|76\/100|[from] item: Leftovers\n|upkeep\n|turn|4\n|\n|t:|1683137378\n|move|p1a: Scizor|Protect|p1a: Scizor\n|-singleturn|p1a: Scizor|Protect\n|move|p2b: Dondozo|Order Up|p1b: Rotom\n|-damage|p1b: Rotom|67\/100\n|-boost|p2b: Dondozo|atk|1\n|move|p1b: Rotom|Will-O-Wisp|p2b: Dondozo\n|-status|p2b: Dondozo|brn\n|\n|-heal|p2b: Dondozo|83\/100 brn|[from] item: Leftovers\n|-heal|p1b: Rotom|72\/100|[from] item: Leftovers\n|-damage|p2b: Dondozo|76\/100 brn|[from] brn\n|upkeep\n|turn|5\n|\n|t:|1683137401\n|move|p2b: Dondozo|Order Up|p1b: Rotom\n|-damage|p1b: Rotom|49\/100\n|-boost|p2b: Dondozo|atk|1\n|move|p1b: Rotom|Thunderbolt|p2b: Dondozo\n|-supereffective|p2b: Dondozo\n|-damage|p2b: Dondozo|45\/100 brn\n|move|p1a: Scizor|U-turn|p2b: Dondozo\n|-damage|p2b: Dondozo|32\/100 brn\n|\n|-heal|p2b: Dondozo|38\/100 brn|[from] item: Leftovers\n|-heal|p1b: Rotom|55\/100|[from] item: Leftovers\n|-damage|p2b: Dondozo|32\/100 brn|[from] brn\n|upkeep\n|turn|6\n|\n|t:|1683137422\n|move|p1a: Scizor|Protect|p1a: Scizor\n|-singleturn|p1a: Scizor|Protect\n|move|p2b: Dondozo|Order Up|p1b: Rotom\n|-damage|p1b: Rotom|27\/100\n|-boost|p2b: Dondozo|atk|1\n|move|p1b: Rotom|Thunderbolt|p2b: Dondozo\n|-supereffective|p2b: Dondozo\n|-damage|p2b: Dondozo|2\/100 brn\n|\n|-heal|p2b: Dondozo|8\/100 brn|[from] item: Leftovers\n|-heal|p1b: Rotom|32\/100|[from] item: Leftovers\n|-damage|p2b: Dondozo|2\/100 brn|[from] brn\n|upkeep\n|turn|7\n|\n|t:|1683137438\n|move|p1a: Scizor|Bullet Punch|p2b: Dondozo\n|-resisted|p2b: Dondozo\n|-damage|p2b: Dondozo|0 fnt\n|faint|p2b: Dondozo\n|move|p1b: Rotom|Thunderbolt|p2a: Tatsugiri\n|-damage|p2a: Tatsugiri|54\/100\n|\n|-heal|p1b: Rotom|38\/100|[from] item: Leftovers\n|upkeep\n|\n|t:|1683137451\n|switch|p2b: Iron Hands|Iron Hands, L50, tera:Fire|84\/100\n|turn|8\n|\n|t:|1683137475\n|move|p1b: Rotom|Protect|p1b: Rotom\n|-singleturn|p1b: Rotom|Protect\n|move|p1a: Scizor|Protect|p1a: Scizor\n|-singleturn|p1a: Scizor|Protect\n|move|p2b: Iron Hands|Fake Out|p1b: Rotom\n|-activate|p1b: Rotom|move: Protect\n|move|p2a: Tatsugiri|Icy Wind|p1a: Scizor|[spread] \n|-activate|p1a: Scizor|move: Protect\n|-activate|p1b: Rotom|move: Protect\n|\n|-heal|p1b: Rotom|44\/100|[from] item: Leftovers\n|upkeep\n|turn|9\n|inactive|PeekayW has 30 seconds left.\n|\n|t:|1683137507\n|move|p2a: Tatsugiri|Dragon Pulse|p1b: Rotom\n|-damage|p1b: Rotom|3\/100\n|move|p1b: Rotom|Hydro Pump|p2b: Iron Hands\n|-supereffective|p2b: Iron Hands\n|-damage|p2b: Iron Hands|37\/100\n|move|p1a: Scizor|U-turn|p2a: Tatsugiri\n|-damage|p2a: Tatsugiri|0 fnt\n|faint|p2a: Tatsugiri\n|move|p2b: Iron Hands|Drain Punch|p1a: Scizor\n|-damage|p1a: Scizor|53\/100\n|-heal|p2b: Iron Hands|55\/100|[from] drain|[of] p1a: Scizor\n|\n|-heal|p1b: Rotom|9\/100|[from] item: Leftovers\n|upkeep\n|\n|t:|1683137520\n|switch|p2a: Iron Bundle|Iron Bundle, L50|100\/100\n|-enditem|p2a: Iron Bundle|Booster Energy\n|-activate|p2a: Iron Bundle|ability: Quark Drive|[fromitem]\n|-start|p2a: Iron Bundle|quarkdrivespe\n|turn|10\n|\n|t:|1683137534\n|move|p1b: Rotom|Protect|p1b: Rotom\n|-singleturn|p1b: Rotom|Protect\n|move|p1a: Scizor|Bullet Punch|p2a: Iron Bundle\n|-damage|p2a: Iron Bundle|57\/100\n|move|p2a: Iron Bundle|Icy Wind|p1b: Rotom|[spread] p1a\n|-activate|p1b: Rotom|move: Protect\n|-resisted|p1a: Scizor\n|-damage|p1a: Scizor|41\/100\n|move|p2b: Iron Hands|Drain Punch|p1a: Scizor\n|-damage|p1a: Scizor|0 fnt\n|-heal|p2b: Iron Hands|70\/100|[from] drain|[of] p1a: Scizor\n|faint|p1a: Scizor\n|\n|-heal|p1b: Rotom|15\/100|[from] item: Leftovers\n|upkeep\n|turn|11\n|\n|t:|1683137555\n|move|p2a: Iron Bundle|Freeze-Dry|p1b: Rotom\n|-supereffective|p1b: Rotom\n|-damage|p1b: Rotom|0 fnt\n|faint|p1b: Rotom\n|\n|win|Fixo161\n|raw|PeekayW's rating: 1216 → 1188<\/strong> (-28 for losing)\n|raw|Fixo161's rating: 1177 → 1205<\/strong> (+28 for winning)\n|l|\u2606Fixo161\n","uploadtime":1683137562,"views":17,"p1id":"peekayw","p2id":"fixo161","formatid":"gen9vgc2023regulationc","rating":1188,"private":0,"password":""}