{"id":"gen9vgc2023regulationc-1855243492","p1":"SoMuchAppletun","p2":"Determewnation","format":"[Gen 9] VGC 2023 Regulation C","log":"|j|\u2606SoMuchAppletun\n|j|\u2606Determewnation\n|t:|1682921553\n|gametype|doubles\n|player|p1|SoMuchAppletun|bede-masters|1141\n|player|p2|Determewnation|akari-isekai|1228\n|teamsize|p1|6\n|teamsize|p2|6\n|gen|9\n|tier|[Gen 9] VGC 2023 Regulation C\n|rated|\n|rule|Species Clause: Limit one of each Pok\u00e9mon\n|rule|Item Clause: Limit one of each item\n|clearpoke\n|poke|p1|Iron Bundle, L50|\n|poke|p1|Abomasnow, L50, M|\n|poke|p1|Iron Hands, L50|\n|poke|p1|Baxcalibur, L50, M|\n|poke|p1|Iron Valiant, L50|\n|poke|p1|Ceruledge, L50, M|\n|poke|p2|Iron Treads, L50|\n|poke|p2|Murkrow, L50, F|\n|poke|p2|Goodra, L50, F|\n|poke|p2|Indeedee-F, L50, F|\n|poke|p2|Sylveon, L50, M|\n|poke|p2|Iron Bundle, L50|\n|teampreview|4\n|inactive|Battle timer is ON: inactive players will automatically lose when time's up. (requested by SoMuchAppletun)\nDetermewnation has agreed to open team sheets.\n|inactive|Determewnation has 60 seconds left.\n|\n|t:|1682921599\n|start\n|switch|p1a: Pride|Iron Bundle, L50, shiny|100\/100\n|switch|p1b: Wrath|Abomasnow, L50, M|100\/100\n|switch|p2a: Murkrow|Murkrow, L50, F|100\/100\n|switch|p2b: Goodra|Goodra, L50, F, shiny|100\/100\n|-weather|Snow|[from] ability: Snow Warning|[of] p1b: Wrath\n|turn|1\n|\n|t:|1682921614\n|move|p2a: Murkrow|Tailwind|p2a: Murkrow\n|-sidestart|p2: Determewnation|move: Tailwind\n|move|p2b: Goodra|Flamethrower|p1b: Wrath\n|-supereffective|p1b: Wrath\n|-damage|p1b: Wrath|0 fnt\n|faint|p1b: Wrath\n|move|p1a: Pride|Icy Wind|p2a: Murkrow|[spread] p2a,p2b\n|-supereffective|p2a: Murkrow\n|-supereffective|p2b: Goodra\n|-crit|p2b: Goodra\n|-damage|p2a: Murkrow|65\/100\n|-damage|p2b: Goodra|75\/100\n|-unboost|p2a: Murkrow|spe|1\n|-unboost|p2b: Goodra|spe|1\n|\n|-weather|Snow|[upkeep]\n|upkeep\n|\n|t:|1682921636\n|switch|p1b: Greed|Baxcalibur, L50, M|100\/100\n|turn|2\n|\n|t:|1682921658\n|-terastallize|p2a: Murkrow|Fire\n|move|p1b: Greed|Protect|p1b: Greed\n|-singleturn|p1b: Greed|Protect\n|move|p1a: Pride|Icy Wind|p2b: Goodra|[spread] p2a,p2b\n|-resisted|p2a: Murkrow\n|-supereffective|p2b: Goodra\n|-damage|p2a: Murkrow|56\/100\n|-damage|p2b: Goodra|60\/100\n|-unboost|p2a: Murkrow|spe|1\n|-unboost|p2b: Goodra|spe|1\n|move|p2a: Murkrow|Foul Play|p1b: Greed\n|-activate|p1b: Greed|move: Protect\n|move|p2b: Goodra|Thunderbolt|p1a: Pride\n|-supereffective|p1a: Pride\n|-damage|p1a: Pride|22\/100\n|\n|-weather|Snow|[upkeep]\n|upkeep\n|turn|3\n|\n|t:|1682921680\n|move|p2a: Murkrow|Haze|p2a: Murkrow\n|-clearallboost\n|move|p2b: Goodra|Draco Meteor|p1b: Greed\n|-supereffective|p1b: Greed\n|-damage|p1b: Greed|0 fnt\n|-unboost|p2b: Goodra|spa|2\n|faint|p1b: Greed\n|move|p1a: Pride|Aurora Veil|p1a: Pride\n|-sidestart|p1: SoMuchAppletun|move: Aurora Veil\n|\n|-weather|Snow|[upkeep]\n|upkeep\n|\n|t:|1682921689\n|switch|p1b: Lust|Iron Valiant, L50|100\/100\n|turn|4\n|\n|t:|1682921708\n|-terastallize|p1b: Lust|Ice\n|move|p2a: Murkrow|Haze|p2a: Murkrow\n|-clearallboost\n|move|p2b: Goodra|Thunderbolt|p1a: Pride\n|-supereffective|p1a: Pride\n|-damage|p1a: Pride|0 fnt\n|faint|p1a: Pride\n|-end|p1a: Pride|Quark Drive|[silent]\n|move|p1b: Lust|Psyshock|p2b: Goodra\n|-damage|p2b: Goodra|31\/100\n|\n|-weather|Snow|[upkeep]\n|-sideend|p2: Determewnation|move: Tailwind\n|upkeep\n|turn|5\n|\n|t:|1682921722\n|move|p2a: Murkrow|Tailwind|p2a: Murkrow\n|-sidestart|p2: Determewnation|move: Tailwind\n|move|p2b: Goodra|Flamethrower|p1b: Lust\n|-supereffective|p1b: Lust\n|-damage|p1b: Lust|56\/100\n|move|p1b: Lust|Dazzling Gleam|p2b: Goodra|[spread] p2a,p2b\n|-resisted|p2a: Murkrow\n|-crit|p2a: Murkrow\n|-supereffective|p2b: Goodra\n|-damage|p2a: Murkrow|32\/100\n|-damage|p2b: Goodra|2\/100\n|\n|-weather|none\n|upkeep\n|turn|6\n|\n|t:|1682921739\n|move|p2a: Murkrow|Foul Play|p1b: Lust\n|-damage|p1b: Lust|27\/100\n|move|p2b: Goodra|Flamethrower|p1b: Lust\n|-supereffective|p1b: Lust\n|-crit|p1b: Lust\n|-damage|p1b: Lust|0 fnt\n|faint|p1b: Lust\n|-end|p1b: Lust|Quark Drive|[silent]\n|\n|win|Determewnation\n|raw|SoMuchAppletun's rating: 1141 → 1122<\/strong> (-19 for losing)\n|raw|Determewnation's rating: 1228 → 1247<\/strong> (+19 for winning)\n|c|\u2606SoMuchAppletun|gg mate\n|c|\u2606Determewnation|gg\n|l|\u2606SoMuchAppletun\n","uploadtime":1682921764,"views":33,"p1id":"somuchappletun","p2id":"determewnation","formatid":"gen9vgc2023regulationc","rating":1122,"private":0,"password":""}