{"id":"gen9vgc2023regulationc-1852433262","p1":"Matutinha","p2":"AgumonVGC","format":"[Gen 9] VGC 2023 Regulation C","log":"|j|\u2606Matutinha\n|j|\u203dAgumonVGC\n|t:|1682557004\n|gametype|doubles\n|player|p1|Matutinha|101|1649\n|player|p2|AgumonVGC|1|1636\n|teamsize|p1|6\n|teamsize|p2|6\n|gen|9\n|tier|[Gen 9] VGC 2023 Regulation C\n|rated|\n|rule|Species Clause: Limit one of each Pok\u00e9mon\n|rule|Item Clause: Limit one of each item\n|clearpoke\n|poke|p1|Tyranitar, L50, M|\n|poke|p1|Lycanroc, L50, M|\n|poke|p1|Farigiraf, L50, F|\n|poke|p1|Sylveon, L50, M|\n|poke|p1|Annihilape, L50, F|\n|poke|p1|Amoonguss, L50, F|\n|poke|p2|Gothitelle, L50, M|\n|poke|p2|Iron Hands, L50|\n|poke|p2|Roaring Moon, L50|\n|poke|p2|Gastrodon-East, L50, M|\n|poke|p2|Flutter Mane, L50|\n|poke|p2|Chi-Yu, L50|\n|teampreview|4\n|inactive|Battle timer is ON: inactive players will automatically lose when time's up. (requested by Matutinha)\n|\n|t:|1682557030\n|start\n|switch|p1a: Farigiraf|Farigiraf, L50, F|100\/100\n|switch|p1b: Annihilape|Annihilape, L50, F|100\/100\n|switch|p2a: Flutter Mane|Flutter Mane, L50|100\/100\n|switch|p2b: Gothitelle|Gothitelle, L50, M|100\/100\n|turn|1\n|j| merah merona\n|inactive|Matutinha has 30 seconds left.\n|inactive|Matutinha has 20 seconds left.\n|\n|t:|1682557066\n|-terastallize|p2a: Flutter Mane|Fairy\n|-terastallize|p1b: Annihilape|Fire\n|move|p2a: Flutter Mane|Moonblast|p1b: Annihilape\n|-resisted|p1b: Annihilape\n|-damage|p1b: Annihilape|65\/100\n|-unboost|p1b: Annihilape|spa|1\n|move|p2b: Gothitelle|Heal Pulse|p2a: Flutter Mane\n|-fail|p2a: Flutter Mane|heal\n|move|p1b: Annihilape|Rage Fist|p2a: Flutter Mane\n|-damage|p2a: Flutter Mane|30\/100\n|move|p1a: Farigiraf|Psychic|p2a: Flutter Mane\n|-damage|p2a: Flutter Mane|2\/100\n|-unboost|p2a: Flutter Mane|spd|1\n|\n|-heal|p1b: Annihilape|71\/100|[from] item: Leftovers\n|upkeep\n|turn|2\n|\n|t:|1682557090\n|move|p1b: Annihilape|Protect|p1b: Annihilape\n|-singleturn|p1b: Annihilape|Protect\n|move|p2a: Flutter Mane|Moonblast|p1b: Annihilape\n|-activate|p1b: Annihilape|move: Protect\n|move|p2b: Gothitelle|Psychic|p1b: Annihilape\n|-activate|p1b: Annihilape|move: Protect\n|move|p1a: Farigiraf|Trick Room|p1a: Farigiraf\n|-fieldstart|move: Trick Room|[of] p1a: Farigiraf\n|\n|-heal|p1b: Annihilape|77\/100|[from] item: Leftovers\n|upkeep\n|turn|3\n|\n|t:|1682557112\n|move|p1a: Farigiraf|Beat Up|p1b: Annihilape\n|-damage|p1b: Annihilape|75\/100\n|-damage|p1b: Annihilape|71\/100\n|-crit|p1b: Annihilape\n|-damage|p1b: Annihilape|67\/100\n|-damage|p1b: Annihilape|65\/100\n|-hitcount|p1b: Annihilape|4\n|move|p1b: Annihilape|Rage Fist|p2b: Gothitelle\n|-supereffective|p2b: Gothitelle\n|-damage|p2b: Gothitelle|0 fnt\n|faint|p2b: Gothitelle\n|move|p2a: Flutter Mane|Moonblast|p1b: Annihilape\n|-resisted|p1b: Annihilape\n|-damage|p1b: Annihilape|29\/100\n|-unboost|p1b: Annihilape|spa|1\n|\n|-heal|p1b: Annihilape|36\/100|[from] item: Leftovers\n|upkeep\n|\n|t:|1682557121\n|switch|p2b: Iron Hands|Iron Hands, L50, shiny|100\/100\n|turn|4\n|\n|t:|1682557133\n|move|p1a: Farigiraf|Ally Switch|p1a: Farigiraf\n|swap|p1a: Farigiraf|1|[from] move: Ally Switch\n|move|p2b: Iron Hands|Swords Dance|p2b: Iron Hands\n|-boost|p2b: Iron Hands|atk|2\n|move|p1a: Annihilape|Rage Fist|p2b: Iron Hands\n|-damage|p2b: Iron Hands|5\/100\n|move|p2a: Flutter Mane|Moonblast|p1a: Annihilape\n|-resisted|p1a: Annihilape\n|-damage|p1a: Annihilape|0 fnt\n|faint|p1a: Annihilape\n|\n|upkeep\n|\n|t:|1682557147\n|switch|p1a: Sylveon|Sylveon, L50, M|100\/100\n|turn|5\n|\n|t:|1682557164\n|move|p2b: Iron Hands|Protect|p2b: Iron Hands\n|-singleturn|p2b: Iron Hands|Protect\n|move|p1a: Sylveon|Hyper Voice|p2b: Iron Hands|[spread] p2a\n|-activate|p2b: Iron Hands|move: Protect\n|-damage|p2a: Flutter Mane|0 fnt\n|faint|p2a: Flutter Mane\n|-end|p2a: Flutter Mane|Protosynthesis|[silent]\n|move|p1b: Farigiraf|Psychic|p2b: Iron Hands\n|-activate|p2b: Iron Hands|move: Protect\n|\n|upkeep\n|\n|t:|1682557169\n|switch|p2a: Roaring Moon|Roaring Moon, L50|100\/100\n|-enditem|p2a: Roaring Moon|Booster Energy\n|-activate|p2a: Roaring Moon|ability: Protosynthesis|[fromitem]\n|-start|p2a: Roaring Moon|protosynthesisatk\n|turn|6\n|\n|t:|1682557180\n|move|p1b: Farigiraf|Ally Switch|p1b: Farigiraf\n|swap|p1b: Farigiraf|0|[from] move: Ally Switch\n|move|p1b: Sylveon|Hyper Voice|p2b: Iron Hands|[spread] p2a,p2b\n|-supereffective|p2a: Roaring Moon\n|-supereffective|p2b: Iron Hands\n|-damage|p2a: Roaring Moon|0 fnt\n|-damage|p2b: Iron Hands|0 fnt\n|faint|p2a: Roaring Moon\n|-end|p2a: Roaring Moon|Protosynthesis|[silent]\n|faint|p2b: Iron Hands\n|-end|p2b: Iron Hands|Quark Drive|[silent]\n|\n|win|Matutinha\n|raw|Matutinha's rating: 1649 → 1668<\/strong> (+19 for winning)\n|raw|AgumonVGC's rating: 1636 → 1617<\/strong> (-19 for losing)\n|l|\u203dAgumonVGC\n|l|\u2606Matutinha\n","uploadtime":1682557879,"views":14,"p1id":"matutinha","p2id":"agumonvgc","formatid":"gen9vgc2023regulationc","rating":1617,"private":0,"password":""}