{"id":"gen9vgc2023regulationc-1859112770","p1":"Beef Slippers","p2":"kricketot marx","format":"[Gen 9] VGC 2023 Regulation C","log":"|j|\u2606Beef Slippers\n|j|\u2606kricketot marx\n|t:|1683405950\n|gametype|doubles\n|player|p1|Beef Slippers|boarder|1400\n|player|p2|kricketot marx|flannery|1450\n|teamsize|p1|6\n|teamsize|p2|6\n|gen|9\n|tier|[Gen 9] VGC 2023 Regulation C\n|rated|\n|rule|Species Clause: Limit one of each Pok\u00e9mon\n|rule|Item Clause: Limit one of each item\n|clearpoke\n|poke|p1|Garganacl, L50, F|\n|poke|p1|Staraptor, L50, F|\n|poke|p1|Chien-Pao, L50|\n|poke|p1|Flutter Mane, L50|\n|poke|p1|Iron Hands, L50|\n|poke|p1|Brute Bonnet, L50|\n|poke|p2|Scream Tail, L50|\n|poke|p2|Baxcalibur, L50, M|\n|poke|p2|Corviknight, L50, M|\n|poke|p2|Rotom-Wash, L50|\n|poke|p2|Flutter Mane, L50|\n|poke|p2|Tyranitar, L50, M|\n|teampreview|4\nkricketot marx has agreed to open team sheets.\nBeef Slippers has agreed to open team sheets.\n|\n|t:|1683406054\n|start\n|switch|p1a: Iron Hands|Iron Hands, L50|100\/100\n|switch|p1b: Brute Bonnet|Brute Bonnet, L50|100\/100\n|switch|p2a: Corviknight|Corviknight, L50, M, shiny|100\/100\n|switch|p2b: Rotom|Rotom-Wash, L50, shiny|100\/100\n|turn|1\n|\n|t:|1683406094\n|switch|p2a: Scream Tail|Scream Tail, L50, shiny|100\/100\n|-enditem|p2a: Scream Tail|Booster Energy\n|-activate|p2a: Scream Tail|ability: Protosynthesis|[fromitem]\n|-start|p2a: Scream Tail|protosynthesisspe\n|move|p1a: Iron Hands|Fake Out|p2b: Rotom\n|-damage|p2b: Rotom|86\/100\n|cant|p2b: Rotom|flinch\n|move|p1b: Brute Bonnet|Bullet Seed|p2b: Rotom\n|-supereffective|p2b: Rotom\n|-damage|p2b: Rotom|59\/100\n|-supereffective|p2b: Rotom\n|-damage|p2b: Rotom|34\/100\n|-enditem|p2b: Rotom|Sitrus Berry|[eat]\n|-heal|p2b: Rotom|59\/100|[from] item: Sitrus Berry\n|-supereffective|p2b: Rotom\n|-damage|p2b: Rotom|33\/100\n|-supereffective|p2b: Rotom\n|-damage|p2b: Rotom|8\/100\n|-hitcount|p2b: Rotom|4\n|\n|upkeep\n|turn|2\n|\n|t:|1683406124\n|move|p2a: Scream Tail|Encore|p1a: Iron Hands\n|-start|p1a: Iron Hands|Encore\n|move|p2b: Rotom|Will-O-Wisp|p1b: Brute Bonnet|[miss]\n|-miss|p2b: Rotom|p1b: Brute Bonnet\n|move|p1b: Brute Bonnet|Spore|p2a: Scream Tail\n|-status|p2a: Scream Tail|slp|[from] move: Spore\n|move|p1a: Iron Hands|Fake Out||[still]\n|-hint|Fake Out only works on your first turn out.\n|-fail|p1a: Iron Hands\n|\n|upkeep\n|turn|3\n|\n|t:|1683406154\n|-end|p1a: Iron Hands|Quark Drive|[silent]\n|switch|p1a: Garganacl|Garganacl, L50, F|100\/100\n|cant|p2a: Scream Tail|slp\n|move|p2b: Rotom|Thunderbolt|p1a: Garganacl\n|-damage|p1a: Garganacl|79\/100\n|move|p1b: Brute Bonnet|Bullet Seed|p2a: Scream Tail\n|-damage|p2a: Scream Tail|90\/100 slp\n|-damage|p2a: Scream Tail|78\/100 slp\n|-damage|p2a: Scream Tail|66\/100 slp\n|-damage|p2a: Scream Tail|55\/100 slp\n|-hitcount|p2a: Scream Tail|4\n|\n|-heal|p1a: Garganacl|85\/100|[from] item: Leftovers\n|upkeep\n|turn|4\n|\n|t:|1683406192\n|move|p1b: Brute Bonnet|Sucker Punch||[still]\n|-fail|p1b: Brute Bonnet\n|-curestatus|p2a: Scream Tail|slp|[msg]\n|move|p2a: Scream Tail|Disable|p1b: Brute Bonnet\n|-start|p1b: Brute Bonnet|Disable|Sucker Punch\n|move|p2b: Rotom|Will-O-Wisp|p1b: Brute Bonnet\n|-status|p1b: Brute Bonnet|brn\n|move|p1a: Garganacl|Salt Cure|p2a: Scream Tail\n|-damage|p2a: Scream Tail|43\/100\n|-start|p2a: Scream Tail|Salt Cure\n|\n|-heal|p1a: Garganacl|90\/100|[from] item: Leftovers\n|-damage|p1b: Brute Bonnet|95\/100 brn|[from] brn\n|-damage|p2a: Scream Tail|31\/100|[from] Salt Cure\n|upkeep\n|turn|5\n|\n|t:|1683406224\n|-end|p2a: Scream Tail|Protosynthesis|[silent]\n|switch|p2a: Corviknight|Corviknight, L50, M, shiny|100\/100\n|-terastallize|p1a: Garganacl|Ghost\n|move|p2b: Rotom|Hydro Pump|p1a: Garganacl\n|-damage|p1a: Garganacl|61\/100\n|move|p1b: Brute Bonnet|Bullet Seed|p2b: Rotom\n|-supereffective|p2b: Rotom\n|-damage|p2b: Rotom|0 fnt\n|faint|p2b: Rotom\n|-hitcount|p2: Rotom|1\n|move|p1a: Garganacl|Salt Cure|p2a: Corviknight\n|-damage|p2a: Corviknight|89\/100\n|-start|p2a: Corviknight|Salt Cure\n|\n|-heal|p1a: Garganacl|67\/100|[from] item: Leftovers\n|-damage|p1b: Brute Bonnet|89\/100 brn|[from] brn\n|-damage|p2a: Corviknight|64\/100|[from] Salt Cure\n|upkeep\n|\n|t:|1683406236\n|switch|p2b: Baxcalibur|Baxcalibur, L50, M|100\/100\n|turn|6\n|\n|t:|1683406269\n|move|p1a: Garganacl|Protect|p1a: Garganacl\n|-singleturn|p1a: Garganacl|Protect\n|move|p2b: Baxcalibur|Icicle Spear|p1b: Brute Bonnet\n|-supereffective|p1b: Brute Bonnet\n|-damage|p1b: Brute Bonnet|60\/100 brn\n|-supereffective|p1b: Brute Bonnet\n|-damage|p1b: Brute Bonnet|32\/100 brn\n|-supereffective|p1b: Brute Bonnet\n|-damage|p1b: Brute Bonnet|0 fnt\n|faint|p1b: Brute Bonnet\n|-end|p1b: Brute Bonnet|Protosynthesis|[silent]\n|-hitcount|p1: Brute Bonnet|3\n|move|p2a: Corviknight|Iron Head|p1a: Garganacl\n|-activate|p1a: Garganacl|move: Protect\n|\n|-heal|p1a: Garganacl|72\/100|[from] item: Leftovers\n|-damage|p2a: Corviknight|39\/100|[from] Salt Cure\n|upkeep\n|\n|t:|1683406292\n|switch|p1b: Iron Hands|Iron Hands, L50|100\/100\n|turn|7\n|\n|t:|1683406323\n|-terastallize|p2a: Corviknight|Fire\n|move|p2b: Baxcalibur|Protect|p2b: Baxcalibur\n|-singleturn|p2b: Baxcalibur|Protect\n|move|p2a: Corviknight|Roost|p2a: Corviknight\n|-heal|p2a: Corviknight|89\/100\n|move|p1a: Garganacl|Salt Cure|p2b: Baxcalibur\n|-activate|p2b: Baxcalibur|move: Protect\n|move|p1b: Iron Hands|Volt Switch|p2a: Corviknight\n|-damage|p2a: Corviknight|78\/100\n|\n|t:|1683406333\n|-end|p1b: Iron Hands|Quark Drive|[silent]\n|switch|p1b: Staraptor|Staraptor, L50, F|100\/100|[from] Volt Switch\n|\n|-heal|p1a: Garganacl|78\/100|[from] item: Leftovers\n|-damage|p2a: Corviknight|66\/100|[from] Salt Cure\n|upkeep\n|turn|8\n|\n|t:|1683406377\n|switch|p2a: Scream Tail|Scream Tail, L50, shiny|31\/100\n|move|p1b: Staraptor|Double-Edge|p2b: Baxcalibur\n|-damage|p2b: Baxcalibur|20\/100\n|-damage|p1b: Staraptor|68\/100|[from] Recoil\n|move|p2b: Baxcalibur|Icicle Spear|p1b: Staraptor\n|-supereffective|p1b: Staraptor\n|-damage|p1b: Staraptor|19\/100\n|-supereffective|p1b: Staraptor\n|-damage|p1b: Staraptor|0 fnt\n|faint|p1b: Staraptor\n|-hitcount|p1: Staraptor|2\n|move|p1a: Garganacl|Salt Cure|p2b: Baxcalibur\n|-supereffective|p2b: Baxcalibur\n|-damage|p2b: Baxcalibur|0 fnt\n|faint|p2b: Baxcalibur\n|\n|-heal|p1a: Garganacl|84\/100|[from] item: Leftovers\n|upkeep\n|j| Vivi was taken\n|\n|t:|1683406392\n|switch|p1b: Iron Hands|Iron Hands, L50|100\/100\n|switch|p2b: Corviknight|Corviknight, L50, M, shiny, tera:Fire|66\/100\n|turn|9\n|\n|t:|1683406411\n|move|p2a: Scream Tail|Disable|p1a: Garganacl\n|-start|p1a: Garganacl|Disable|Salt Cure\n|move|p2b: Corviknight|Brave Bird|p1b: Iron Hands\n|-damage|p1b: Iron Hands|73\/100\n|-damage|p2b: Corviknight|55\/100|[from] Recoil\n|cant|p1a: Garganacl|Disable|Salt Cure\n|move|p1b: Iron Hands|Drain Punch|p2b: Corviknight\n|-damage|p2b: Corviknight|16\/100\n|-heal|p1b: Iron Hands|90\/100|[from] drain|[of] p2b: Corviknight\n|\n|-heal|p1a: Garganacl|90\/100|[from] item: Leftovers\n|upkeep\n|turn|10\n|\n|t:|1683406452\n|move|p1a: Garganacl|Protect|p1a: Garganacl\n|-singleturn|p1a: Garganacl|Protect\n|move|p2a: Scream Tail|Encore|p1b: Iron Hands\n|-start|p1b: Iron Hands|Encore\n|move|p2b: Corviknight|Roost|p2b: Corviknight\n|-heal|p2b: Corviknight|66\/100\n|move|p1b: Iron Hands|Drain Punch|p2b: Corviknight\n|-damage|p2b: Corviknight|29\/100\n|-heal|p1b: Iron Hands|100\/100|[from] drain|[of] p2b: Corviknight\n|\n|-heal|p1a: Garganacl|96\/100|[from] item: Leftovers\n|upkeep\n|turn|11\n|\n|t:|1683406470\n|move|p1a: Garganacl|Wide Guard|p1a: Garganacl\n|-singleturn|p1a: Garganacl|Wide Guard\n|move|p2a: Scream Tail|Disable|p1b: Iron Hands\n|-start|p1b: Iron Hands|Disable|Drain Punch\n|move|p2b: Corviknight|Roost|p2b: Corviknight\n|-heal|p2b: Corviknight|79\/100\n|cant|p1b: Iron Hands|Disable|Drain Punch\n|\n|-heal|p1a: Garganacl|100\/100|[from] item: Leftovers\n|upkeep\n|turn|12\n|\n|t:|1683406485\n|move|p1a: Garganacl|Protect||[still]\n|-fail|p1a: Garganacl\n|move|p2a: Scream Tail|Play Rough|p1b: Iron Hands\n|-supereffective|p1b: Iron Hands\n|-damage|p1b: Iron Hands|67\/100\n|move|p2b: Corviknight|Brave Bird|p1b: Iron Hands\n|-damage|p1b: Iron Hands|40\/100\n|-damage|p2b: Corviknight|69\/100|[from] Recoil\n|-activate|p1b: Iron Hands|move: Struggle\n|move|p1b: Iron Hands|Struggle|p2b: Corviknight\n|-damage|p2b: Corviknight|52\/100\n|-damage|p1b: Iron Hands|15\/100|[from] recoil\n|\n|-end|p1b: Iron Hands|Encore\n|-end|p1a: Garganacl|Disable\n|upkeep\n|turn|13\n|\n|t:|1683406510\n|move|p2a: Scream Tail|Encore|p1a: Garganacl\n|-start|p1a: Garganacl|Encore\n|move|p2b: Corviknight|Brave Bird|p1b: Iron Hands\n|-damage|p1b: Iron Hands|0 fnt\n|faint|p1b: Iron Hands\n|-end|p1b: Iron Hands|Quark Drive|[silent]\n|-damage|p2b: Corviknight|46\/100|[from] Recoil\n|move|p1a: Garganacl|Protect|p1a: Garganacl\n|-singleturn|p1a: Garganacl|Protect\n|\n|upkeep\n|turn|14\n|\n|t:|1683406520\n|move|p1a: Garganacl|Protect||[still]\n|-fail|p1a: Garganacl\n|move|p2a: Scream Tail|Howl|p2a: Scream Tail|[spread] p2a,p2b\n|-boost|p2a: Scream Tail|atk|1\n|-boost|p2b: Corviknight|atk|1\n|move|p2b: Corviknight|Roost|p2b: Corviknight\n|-heal|p2b: Corviknight|96\/100\n|\n|upkeep\n|turn|15\n|\n|t:|1683406526\n|move|p1a: Garganacl|Protect|p1a: Garganacl\n|-singleturn|p1a: Garganacl|Protect\n|move|p2a: Scream Tail|Howl|p2a: Scream Tail|[spread] p2a,p2b\n|-boost|p2a: Scream Tail|atk|1\n|-boost|p2b: Corviknight|atk|1\n|move|p2b: Corviknight|Iron Head|p1a: Garganacl\n|-activate|p1a: Garganacl|move: Protect\n|\n|-end|p1a: Garganacl|Encore\n|upkeep\n|turn|16\n|\n|t:|1683406550\n|move|p2a: Scream Tail|Encore|p1a: Garganacl\n|-start|p1a: Garganacl|Encore\n|move|p2b: Corviknight|Iron Head|p1a: Garganacl\n|-damage|p1a: Garganacl|69\/100\n|move|p1a: Garganacl|Protect||[still]\n|-fail|p1a: Garganacl\n|\n|-heal|p1a: Garganacl|74\/100|[from] item: Leftovers\n|upkeep\n|turn|17\n|c|\u2606Beef Slippers|gg\n|c|\u2606kricketot marx|gg\n|-message|Beef Slippers forfeited.\n|\n|win|kricketot marx\n|raw|Beef Slippers's rating: 1400 → 1383<\/strong> (-17 for losing)\n|raw|kricketot marx's rating: 1450 → 1467<\/strong> (+17 for winning)\n|l|\u2606Beef Slippers\n|l| Vivi was taken\n","uploadtime":1683406609,"views":7,"p1id":"beefslippers","p2id":"kricketotmarx","formatid":"gen9vgc2023regulationc","rating":1383,"private":0,"password":""}