{"id":"gen9vgc2023regulationc-1850609054","p1":"TeamUNknownTesting","p2":"Lagwars","format":"[Gen 9] VGC 2023 Regulation C","log":"|j|\u2606TeamUNknownTesting\n|j|\u2606Lagwars\n|t:|1682352732\n|gametype|doubles\n|player|p1|TeamUNknownTesting|acetrainer-gen4dp|1389\n|player|p2|Lagwars|265|1294\n|teamsize|p1|6\n|teamsize|p2|6\n|gen|9\n|tier|[Gen 9] VGC 2023 Regulation C\n|rated|\n|rule|Species Clause: Limit one of each Pok\u00e9mon\n|rule|Item Clause: Limit one of each item\n|clearpoke\n|poke|p1|Abomasnow, L50, M|\n|poke|p1|Chi-Yu, L50|\n|poke|p1|Flutter Mane, L50|\n|poke|p1|Baxcalibur, L50, F|\n|poke|p1|Kingambit, L50, M|\n|poke|p1|Palafin, L50, M|\n|poke|p2|Scovillain, L50, F|\n|poke|p2|Gothitelle, L50, M|\n|poke|p2|Wo-Chien, L50|\n|poke|p2|Arcanine, L50, M|\n|poke|p2|Ting-Lu, L50|\n|poke|p2|Grafaiai, L50, M|\n|teampreview|4\n|inactive|Battle timer is ON: inactive players will automatically lose when time's up. (requested by Lagwars)\n|inactive|TeamUNknownTesting also wants the timer to be on.\n|inactive|TeamUNknownTesting has 60 seconds left.\n|inactive|Lagwars has 60 seconds left.\n|\n|t:|1682352773\n|start\n|switch|p1a: Kingambit|Kingambit, L50, M|100\/100\n|switch|p1b: Abomasnow|Abomasnow, L50, M|100\/100\n|switch|p2a: Ting-Lu|Ting-Lu, L50|100\/100\n|switch|p2b: Gothitelle|Gothitelle, L50, M|100\/100\n|-weather|Snow|[from] ability: Snow Warning|[of] p1b: Abomasnow\n|-ability|p2a: Ting-Lu|Vessel of Ruin\n|turn|1\n|inactive|TeamUNknownTesting has 30 seconds left.\n|\n|t:|1682352804\n|move|p1a: Kingambit|Protect|p1a: Kingambit\n|-singleturn|p1a: Kingambit|Protect\n|move|p2b: Gothitelle|Fake Out|p1a: Kingambit\n|-activate|p1a: Kingambit|move: Protect\n|move|p1b: Abomasnow|Aurora Veil|p1b: Abomasnow\n|-sidestart|p1: TeamUNknownTesting|move: Aurora Veil\n|move|p2a: Ting-Lu|Sand Tomb|p1a: Kingambit\n|-activate|p1a: Kingambit|move: Protect\n|\n|-weather|Snow|[upkeep]\n|upkeep\n|turn|2\n|\n|t:|1682352824\n|-terastallize|p1a: Kingambit|Dark\n|move|p1b: Abomasnow|Blizzard|p2b: Gothitelle|[spread] p2a,p2b\n|-supereffective|p2a: Ting-Lu\n|-damage|p2a: Ting-Lu|77\/100\n|-damage|p2b: Gothitelle|80\/100\n|move|p2b: Gothitelle|Light Screen|p2b: Gothitelle\n|-sidestart|p2: Lagwars|move: Light Screen\n|move|p1a: Kingambit|Kowtow Cleave|p2b: Gothitelle\n|-supereffective|p2b: Gothitelle\n|-damage|p2b: Gothitelle|0 fnt\n|faint|p2b: Gothitelle\n|move|p2a: Ting-Lu|Sand Tomb|p1a: Kingambit\n|-damage|p1a: Kingambit|94\/100\n|-activate|p1a: Kingambit|move: Sand Tomb|[of] p2a: Ting-Lu\n|\n|-weather|Snow|[upkeep]\n|-damage|p1a: Kingambit|82\/100|[from] move: Sand Tomb|[partiallytrapped]\n|upkeep\n|\n|t:|1682352843\n|switch|p2b: Scovillain|Scovillain, L50, F|100\/100\n|turn|3\n|\n|t:|1682352862\n|move|p2b: Scovillain|Protect|p2b: Scovillain\n|-singleturn|p2b: Scovillain|Protect\n|move|p1b: Abomasnow|Blizzard|p2a: Ting-Lu|[spread] p2a\n|-activate|p2b: Scovillain|move: Protect\n|-supereffective|p2a: Ting-Lu\n|-damage|p2a: Ting-Lu|62\/100\n|move|p1a: Kingambit|Kowtow Cleave|p2a: Ting-Lu\n|-resisted|p2a: Ting-Lu\n|-damage|p2a: Ting-Lu|42\/100\n|move|p2a: Ting-Lu|Fissure|p1b: Abomasnow\n|-enditem|p1b: Abomasnow|Focus Sash\n|-damage|p1b: Abomasnow|1\/100\n|\n|-weather|Snow|[upkeep]\n|-damage|p1a: Kingambit|69\/100|[from] move: Sand Tomb|[partiallytrapped]\n|-ability|p2b: Scovillain|Moody|boost\n|-boost|p2b: Scovillain|spd|2\n|-unboost|p2b: Scovillain|spe|1\n|upkeep\n|turn|4\n|\n|t:|1682352886\n|move|p1b: Abomasnow|Blizzard|p2a: Ting-Lu|[spread] p2a,p2b\n|-supereffective|p2a: Ting-Lu\n|-damage|p2a: Ting-Lu|28\/100\n|-damage|p2b: Scovillain|90\/100\n|-status|p2b: Scovillain|frz\n|move|p1a: Kingambit|Kowtow Cleave|p2a: Ting-Lu\n|-resisted|p2a: Ting-Lu\n|-damage|p2a: Ting-Lu|9\/100\n|move|p2a: Ting-Lu|Heavy Slam|p1b: Abomasnow\n|-supereffective|p1b: Abomasnow\n|-damage|p1b: Abomasnow|0 fnt\n|faint|p1b: Abomasnow\n|cant|p2b: Scovillain|frz\n|\n|-weather|Snow|[upkeep]\n|-heal|p2b: Scovillain|96\/100 frz|[from] item: Leftovers\n|-damage|p1a: Kingambit|57\/100|[from] move: Sand Tomb|[partiallytrapped]\n|-ability|p2b: Scovillain|Moody|boost\n|-boost|p2b: Scovillain|spa|2\n|-unboost|p2b: Scovillain|def|1\n|upkeep\n|\n|t:|1682352897\n|switch|p1b: Baxcalibur|Baxcalibur, L50, F|100\/100\n|turn|5\n|\n|t:|1682352915\n|switch|p2a: Wo-Chien|Wo-Chien, L50|100\/100\n|-ability|p2a: Wo-Chien|Tablets of Ruin\n|-curestatus|p2b: Scovillain|frz|[msg]\n|move|p2b: Scovillain|Protect|p2b: Scovillain\n|-singleturn|p2b: Scovillain|Protect\n|move|p1a: Kingambit|Sucker Punch||[still]\n|-fail|p1a: Kingambit\n|move|p1b: Baxcalibur|Swords Dance|p1b: Baxcalibur\n|-boost|p1b: Baxcalibur|atk|2\n|\n|-weather|none\n|-heal|p2b: Scovillain|100\/100|[from] item: Leftovers\n|-end|p1a: Kingambit|Sand Tomb|[partiallytrapped]|[silent]\n|-sideend|p1: TeamUNknownTesting|move: Aurora Veil\n|-ability|p2b: Scovillain|Moody|boost\n|-boost|p2b: Scovillain|spa|2\n|-unboost|p2b: Scovillain|spd|1\n|upkeep\n|turn|6\n|\n|t:|1682352940\n|switch|p1a: Chi-Yu|Chi-Yu, L50|100\/100\n|-ability|p1a: Chi-Yu|Beads of Ruin\n|move|p1b: Baxcalibur|Ice Shard|p2b: Scovillain\n|-damage|p2b: Scovillain|0 fnt\n|faint|p2b: Scovillain\n|-damage|p1b: Baxcalibur|91\/100|[from] item: Life Orb\n|move|p2a: Wo-Chien|Leech Seed|p1b: Baxcalibur\n|-start|p1b: Baxcalibur|move: Leech Seed\n|\n|-damage|p1b: Baxcalibur|79\/100|[from] Leech Seed|[of] p2a: Wo-Chien\n|-sideend|p2: Lagwars|move: Light Screen\n|upkeep\n|\n|t:|1682352947\n|switch|p2b: Ting-Lu|Ting-Lu, L50|9\/100\n|-ability|p2b: Ting-Lu|Vessel of Ruin\n|turn|7\n|\n|t:|1682352960\n|-terastallize|p2a: Wo-Chien|Ghost\n|move|p1a: Chi-Yu|Dark Pulse|p2b: Ting-Lu\n|-resisted|p2b: Ting-Lu\n|-damage|p2b: Ting-Lu|0 fnt\n|faint|p2b: Ting-Lu\n|move|p1b: Baxcalibur|Glaive Rush|p2a: Wo-Chien\n|-damage|p2a: Wo-Chien|0 fnt\n|-singlemove|p1b: Baxcalibur|Glaive Rush|[silent]\n|faint|p2a: Wo-Chien\n|-damage|p1b: Baxcalibur|69\/100|[from] item: Life Orb\n|\n|win|TeamUNknownTesting\n|raw|TeamUNknownTesting's rating: 1389 → 1404<\/strong> (+15 for winning)\n|raw|Lagwars's rating: 1294 → 1276<\/strong> (-18 for losing)\n|l|\u2606Lagwars\n","uploadtime":1682352978,"views":17,"p1id":"teamunknowntesting","p2id":"lagwars","formatid":"gen9vgc2023regulationc","rating":1276,"private":0,"password":""}