{"id":"gen9vgc2023regulationc-1856109432","p1":"justmar","p2":"haha you rage quit","format":"[Gen 9] VGC 2023 Regulation C","log":"|j|\u2606justmar\n|j|\u2606haha you rage quit\n|t:|1683031150\n|gametype|doubles\n|player|p1|justmar|101|1076\n|player|p2|haha you rage quit|pokemaniac|1063\n|teamsize|p1|6\n|teamsize|p2|6\n|gen|9\n|tier|[Gen 9] VGC 2023 Regulation C\n|rated|\n|rule|Species Clause: Limit one of each Pok\u00e9mon\n|rule|Item Clause: Limit one of each item\n|clearpoke\n|poke|p1|Glimmora, L50, F|\n|poke|p1|Wo-Chien, L50|\n|poke|p1|Garganacl, L50, F|\n|poke|p1|Gyarados, L50, M|\n|poke|p1|Amoonguss, L50, F|\n|poke|p1|Rotom-Heat, L50|\n|poke|p2|Hariyama, L50, M|\n|poke|p2|Slowpoke, L50, M|\n|poke|p2|Indeedee-F, L50, F|\n|poke|p2|Torkoal, L50, M|\n|poke|p2|Arboliva, L50, F|\n|poke|p2|Gastrodon, L50, F|\n|teampreview|4\n|\n|t:|1683031175\n|start\n|switch|p1a: Amoonguss|Amoonguss, L50, F|100\/100\n|switch|p1b: Wo-Chien|Wo-Chien, L50|100\/100\n|switch|p2a: Hariyama|Hariyama, L50, M, shiny|100\/100\n|switch|p2b: Slowpoke|Slowpoke, L50, M, shiny|100\/100\n|-ability|p1b: Wo-Chien|Tablets of Ruin\n|turn|1\n|\n|t:|1683031190\n|move|p2a: Hariyama|Fake Out|p1a: Amoonguss\n|-damage|p1a: Amoonguss|92\/100\n|move|p1b: Wo-Chien|Leech Seed|p2a: Hariyama\n|-start|p2a: Hariyama|move: Leech Seed\n|cant|p1a: Amoonguss|flinch\n|move|p2b: Slowpoke|Trick Room|p2b: Slowpoke\n|-fieldstart|move: Trick Room|[of] p2b: Slowpoke\n|\n|-damage|p2a: Hariyama|88\/100|[from] Leech Seed|[of] p1b: Wo-Chien\n|-status|p2a: Hariyama|brn|[from] item: Flame Orb\n|upkeep\n|turn|2\n|\n|t:|1683031205\n|switch|p2a: Arboliva|Arboliva, L50, F, shiny|100\/100\n|move|p1b: Wo-Chien|Protect|p1b: Wo-Chien\n|-singleturn|p1b: Wo-Chien|Protect\n|move|p2b: Slowpoke|Surf|p1a: Amoonguss|[spread] p2a,p1a\n|-activate|p1b: Wo-Chien|move: Protect\n|-resisted|p2a: Arboliva\n|-resisted|p1a: Amoonguss\n|-damage|p2a: Arboliva|96\/100\n|-damage|p1a: Amoonguss|88\/100\n|-fieldstart|move: Grassy Terrain|[from] ability: Seed Sower|[of] p2a: Arboliva\n|-enditem|p2a: Arboliva|Absorb Bulb\n|-boost|p2a: Arboliva|spa|1|[from] item: Absorb Bulb\n|move|p1a: Amoonguss|Spore|p2b: Slowpoke\n|-status|p2b: Slowpoke|slp|[from] move: Spore\n|\n|-heal|p2a: Arboliva|100\/100|[from] Grassy Terrain\n|-heal|p1a: Amoonguss|94\/100|[from] Grassy Terrain\n|upkeep\n|turn|3\n|\n|t:|1683031245\n|cant|p2b: Slowpoke|slp\n|move|p2a: Arboliva|Hyper Voice|p1a: Amoonguss|[spread] p1a,p1b\n|-damage|p1a: Amoonguss|48\/100\n|-damage|p1b: Wo-Chien|67\/100\n|move|p1a: Amoonguss|Pollen Puff|p2a: Arboliva\n|-supereffective|p2a: Arboliva\n|-damage|p2a: Arboliva|68\/100\n|move|p1b: Wo-Chien|Giga Drain|p2b: Slowpoke\n|-supereffective|p2b: Slowpoke\n|-damage|p2b: Slowpoke|49\/100 slp\n|-heal|p1b: Wo-Chien|94\/100|[from] drain|[of] p2b: Slowpoke\n|\n|-heal|p2b: Slowpoke|55\/100 slp|[from] Grassy Terrain\n|-heal|p2a: Arboliva|74\/100|[from] Grassy Terrain\n|-heal|p1a: Amoonguss|54\/100|[from] Grassy Terrain\n|-heal|p1b: Wo-Chien|99\/100|[from] Grassy Terrain\n|upkeep\n|turn|4\n|\n|t:|1683031275\n|switch|p2b: Torkoal|Torkoal, L50, M, shiny|100\/100\n|-weather|SunnyDay|[from] ability: Drought|[of] p2b: Torkoal\n|switch|p1a: Garganacl|Garganacl, L50, F|100\/100\n|-terastallize|p2a: Arboliva|Normal\n|move|p2a: Arboliva|Hyper Voice|p1a: Garganacl|[spread] p1a,p1b\n|-resisted|p1a: Garganacl\n|-damage|p1a: Garganacl|73\/100\n|-damage|p1b: Wo-Chien|53\/100\n|move|p1b: Wo-Chien|Giga Drain|p2b: Torkoal\n|-resisted|p2b: Torkoal\n|-damage|p2b: Torkoal|79\/100\n|-heal|p1b: Wo-Chien|63\/100|[from] drain|[of] p2b: Torkoal\n|\n|-weather|SunnyDay|[upkeep]\n|-heal|p2b: Torkoal|85\/100|[from] Grassy Terrain\n|-heal|p2a: Arboliva|80\/100|[from] Grassy Terrain\n|-heal|p1a: Garganacl|79\/100|[from] Grassy Terrain\n|-heal|p1a: Garganacl|85\/100|[from] item: Leftovers\n|-heal|p1b: Wo-Chien|69\/100|[from] Grassy Terrain\n|upkeep\n|turn|5\n|\n|t:|1683031306\n|move|p1a: Garganacl|Wide Guard|p1a: Garganacl\n|-singleturn|p1a: Garganacl|Wide Guard\n|move|p2b: Torkoal|Eruption|p1a: Garganacl|[spread] \n|-activate|p1a: Garganacl|move: Wide Guard\n|-activate|p1b: Wo-Chien|move: Wide Guard\n|move|p2a: Arboliva|Terrain Pulse|p1a: Garganacl\n|-supereffective|p1a: Garganacl\n|-damage|p1a: Garganacl|0 fnt\n|faint|p1a: Garganacl\n|move|p1b: Wo-Chien|Leech Seed|p2b: Torkoal\n|-start|p2b: Torkoal|move: Leech Seed\n|\n|-weather|SunnyDay|[upkeep]\n|-heal|p2b: Torkoal|91\/100|[from] Grassy Terrain\n|-heal|p2a: Arboliva|86\/100|[from] Grassy Terrain\n|-heal|p1b: Wo-Chien|75\/100|[from] Grassy Terrain\n|-damage|p2b: Torkoal|79\/100|[from] Leech Seed|[of] p1b: Wo-Chien\n|-heal|p1b: Wo-Chien|87\/100|[silent]\n|-fieldend|move: Trick Room\n|upkeep\n|\n|t:|1683031320\n|switch|p1a: Amoonguss|Amoonguss, L50, F|88\/100\n|turn|6\n|\n|t:|1683031341\n|switch|p2b: Slowpoke|Slowpoke, L50, M, shiny|55\/100 slp\n|move|p2a: Arboliva|Protect|p2a: Arboliva\n|-singleturn|p2a: Arboliva|Protect\n|move|p1b: Wo-Chien|Foul Play|p2a: Arboliva\n|-activate|p2a: Arboliva|move: Protect\n|move|p1a: Amoonguss|Spore|p2b: Slowpoke\n|-fail|p2b: Slowpoke|slp\n|\n|-weather|SunnyDay|[upkeep]\n|-heal|p1b: Wo-Chien|93\/100|[from] Grassy Terrain\n|-heal|p1a: Amoonguss|94\/100|[from] Grassy Terrain\n|-heal|p2a: Arboliva|92\/100|[from] Grassy Terrain\n|-heal|p2b: Slowpoke|61\/100 slp|[from] Grassy Terrain\n|-fieldend|move: Grassy Terrain\n|upkeep\n|turn|7\n|\n|t:|1683031383\n|switch|p2b: Hariyama|Hariyama, L50, M, shiny|88\/100 brn\n|move|p1b: Wo-Chien|Leech Seed|p2b: Hariyama\n|-start|p2b: Hariyama|move: Leech Seed\n|move|p1a: Amoonguss|Spore|p2a: Arboliva\n|-status|p2a: Arboliva|slp|[from] move: Spore\n|cant|p2a: Arboliva|slp\n|\n|-weather|SunnyDay|[upkeep]\n|-damage|p2b: Hariyama|76\/100 brn|[from] Leech Seed|[of] p1b: Wo-Chien\n|-heal|p1b: Wo-Chien|100\/100|[silent]\n|-damage|p2b: Hariyama|70\/100 brn|[from] brn\n|upkeep\n|turn|8\n|\n|t:|1683031418\n|move|p1b: Wo-Chien|Protect|p1b: Wo-Chien\n|-singleturn|p1b: Wo-Chien|Protect\n|move|p1a: Amoonguss|Protect|p1a: Amoonguss\n|-singleturn|p1a: Amoonguss|Protect\n|move|p2b: Hariyama|Close Combat|p1b: Wo-Chien\n|-activate|p1b: Wo-Chien|move: Protect\n|cant|p2a: Arboliva|slp\n|\n|-weather|none\n|-damage|p2b: Hariyama|58\/100 brn|[from] Leech Seed|[of] p1b: Wo-Chien\n|-damage|p2b: Hariyama|52\/100 brn|[from] brn\n|upkeep\n|turn|9\n|\n|t:|1683031441\n|-terastallize|p1b: Wo-Chien|Poison\n|move|p1b: Wo-Chien|Leech Seed|p2a: Arboliva\n|-start|p2a: Arboliva|move: Leech Seed\n|move|p1a: Amoonguss|Pollen Puff|p2a: Arboliva\n|-damage|p2a: Arboliva|76\/100 slp\n|-fieldstart|move: Grassy Terrain|[from] ability: Seed Sower|[of] p2a: Arboliva\n|move|p2b: Hariyama|Close Combat|p1b: Wo-Chien\n|-resisted|p1b: Wo-Chien\n|-damage|p1b: Wo-Chien|74\/100\n|-unboost|p2b: Hariyama|def|1\n|-unboost|p2b: Hariyama|spd|1\n|cant|p2a: Arboliva|slp\n|\n|-heal|p1b: Wo-Chien|80\/100|[from] Grassy Terrain\n|-heal|p1a: Amoonguss|99\/100|[from] Grassy Terrain\n|-heal|p2b: Hariyama|58\/100 brn|[from] Grassy Terrain\n|-heal|p2a: Arboliva|82\/100 slp|[from] Grassy Terrain\n|-damage|p2b: Hariyama|45\/100 brn|[from] Leech Seed|[of] p1b: Wo-Chien\n|-heal|p1b: Wo-Chien|94\/100|[silent]\n|-damage|p2a: Arboliva|70\/100 slp|[from] Leech Seed|[of] p1b: Wo-Chien\n|-heal|p1b: Wo-Chien|100\/100|[silent]\n|-damage|p2b: Hariyama|39\/100 brn|[from] brn\n|upkeep\n|turn|10\n|\n|t:|1683031473\n|switch|p2b: Slowpoke|Slowpoke, L50, M, shiny|61\/100 slp\n|move|p1b: Wo-Chien|Protect|p1b: Wo-Chien\n|-singleturn|p1b: Wo-Chien|Protect\n|move|p1a: Amoonguss|Protect|p1a: Amoonguss\n|-singleturn|p1a: Amoonguss|Protect\n|-curestatus|p2a: Arboliva|slp|[msg]\n|move|p2a: Arboliva|Earth Power|p1b: Wo-Chien\n|-activate|p1b: Wo-Chien|move: Protect\n|\n|-heal|p1a: Amoonguss|100\/100|[from] Grassy Terrain\n|-heal|p2a: Arboliva|76\/100|[from] Grassy Terrain\n|-heal|p2b: Slowpoke|67\/100 slp|[from] Grassy Terrain\n|-damage|p2a: Arboliva|63\/100|[from] Leech Seed|[of] p1b: Wo-Chien\n|upkeep\n|turn|11\n|\n|t:|1683031486\n|switch|p1b: Gyarados|Gyarados, L50, M|100\/100\n|-ability|p1b: Gyarados|Intimidate|boost\n|-unboost|p2a: Arboliva|atk|1\n|-fail|p2b: Slowpoke|unboost|Attack|[from] ability: Oblivious|[of] p2b: Slowpoke\n|switch|p2a: Hariyama|Hariyama, L50, M, shiny|39\/100 brn\n|move|p1a: Amoonguss|Spore||[still]\n|-fail|p1a: Amoonguss\n|-curestatus|p2b: Slowpoke|slp|[msg]\n|move|p2b: Slowpoke|Trick Room|p2b: Slowpoke\n|-fieldstart|move: Trick Room|[of] p2b: Slowpoke\n|\n|-heal|p2b: Slowpoke|73\/100|[from] Grassy Terrain\n|-heal|p2a: Hariyama|45\/100 brn|[from] Grassy Terrain\n|-damage|p2a: Hariyama|39\/100 brn|[from] brn\n|upkeep\n|turn|12\n|\n|t:|1683031522\n|switch|p2b: Torkoal|Torkoal, L50, M, shiny|79\/100\n|-weather|SunnyDay|[from] ability: Drought|[of] p2b: Torkoal\n|move|p2a: Hariyama|Knock Off|p1b: Gyarados\n|-damage|p1b: Gyarados|50\/100\n|-enditem|p1b: Gyarados|Safety Goggles|[from] move: Knock Off|[of] p2a: Hariyama\n|move|p1a: Amoonguss|Spore|p2b: Torkoal\n|-status|p2b: Torkoal|slp|[from] move: Spore\n|move|p1b: Gyarados|Waterfall|p2a: Hariyama\n|-crit|p2a: Hariyama\n|-damage|p2a: Hariyama|13\/100 brn\n|\n|-weather|SunnyDay|[upkeep]\n|-heal|p2b: Torkoal|85\/100 slp|[from] Grassy Terrain\n|-heal|p2a: Hariyama|19\/100 brn|[from] Grassy Terrain\n|-damage|p2a: Hariyama|13\/100 brn|[from] brn\n|upkeep\n|turn|13\n|\n|t:|1683031542\n|cant|p2b: Torkoal|slp\n|move|p2a: Hariyama|Knock Off|p1b: Gyarados\n|-damage|p1b: Gyarados|17\/100\n|move|p1a: Amoonguss|Pollen Puff|p1b: Gyarados\n|-heal|p1b: Gyarados|67\/100\n|move|p1b: Gyarados|Waterfall|p2a: Hariyama\n|-damage|p2a: Hariyama|0 fnt\n|faint|p2a: Hariyama\n|\n|-weather|SunnyDay|[upkeep]\n|-heal|p2b: Torkoal|91\/100 slp|[from] Grassy Terrain\n|-fieldend|move: Grassy Terrain\n|upkeep\n|\n|t:|1683031556\n|switch|p2a: Arboliva|Arboliva, L50, F, shiny, tera:Normal|63\/100\n|turn|14\n|\n|t:|1683031561\n|-curestatus|p2b: Torkoal|slp|[msg]\n|move|p2b: Torkoal|Eruption|p1a: Amoonguss|[spread] p1a,p1b\n|-supereffective|p1a: Amoonguss\n|-resisted|p1b: Gyarados\n|-damage|p1a: Amoonguss|0 fnt\n|-damage|p1b: Gyarados|43\/100\n|faint|p1a: Amoonguss\n|move|p2a: Arboliva|Hyper Voice|p1b: Gyarados\n|-damage|p1b: Gyarados|0 fnt\n|faint|p1b: Gyarados\n|\n|-weather|SunnyDay|[upkeep]\n|upkeep\n|\n|t:|1683031567\n|switch|p1b: Wo-Chien|Wo-Chien, L50, tera:Poison|100\/100\n|-ability|p1b: Wo-Chien|Tablets of Ruin\n|turn|15\n|\n|t:|1683031574\n|move|p2b: Torkoal|Eruption|p1b: Wo-Chien\n|-damage|p1b: Wo-Chien|49\/100\n|-enditem|p1b: Wo-Chien|Sitrus Berry|[eat]\n|-heal|p1b: Wo-Chien|74\/100|[from] item: Sitrus Berry\n|move|p2a: Arboliva|Earth Power|p1b: Wo-Chien\n|-supereffective|p1b: Wo-Chien\n|-damage|p1b: Wo-Chien|35\/100\n|move|p1b: Wo-Chien|Leech Seed|p2b: Torkoal\n|-start|p2b: Torkoal|move: Leech Seed\n|\n|-weather|SunnyDay|[upkeep]\n|-damage|p2b: Torkoal|79\/100|[from] Leech Seed|[of] p1b: Wo-Chien\n|-heal|p1b: Wo-Chien|47\/100|[silent]\n|-fieldend|move: Trick Room\n|upkeep\n|turn|16\n|\n|t:|1683031591\n|switch|p2b: Slowpoke|Slowpoke, L50, M, shiny|73\/100\n|move|p1b: Wo-Chien|Protect|p1b: Wo-Chien\n|-singleturn|p1b: Wo-Chien|Protect\n|move|p2a: Arboliva|Earth Power|p1b: Wo-Chien\n|-activate|p1b: Wo-Chien|move: Protect\n|\n|-weather|none\n|upkeep\n|turn|17\n|\n|t:|1683031600\n|move|p1b: Wo-Chien|Leech Seed|p2a: Arboliva\n|-start|p2a: Arboliva|move: Leech Seed\n|move|p2a: Arboliva|Earth Power|p1b: Wo-Chien\n|-supereffective|p1b: Wo-Chien\n|-damage|p1b: Wo-Chien|2\/100\n|move|p2b: Slowpoke|Trick Room|p2b: Slowpoke\n|-fieldstart|move: Trick Room|[of] p2b: Slowpoke\n|\n|-damage|p2a: Arboliva|51\/100|[from] Leech Seed|[of] p1b: Wo-Chien\n|-heal|p1b: Wo-Chien|14\/100|[silent]\n|upkeep\n|turn|18\n|-message|justmar forfeited.\n|\n|win|haha you rage quit\n|raw|justmar's rating: 1076 → 1054<\/strong> (-22 for losing)\n|raw|haha you rage quit's rating: 1063 → 1095<\/strong> (+32 for winning)\n|l|\u2606justmar\n","uploadtime":1683031615,"views":13,"p1id":"justmar","p2id":"hahayouragequit","formatid":"gen9vgc2023regulationc","rating":1054,"private":0,"password":""}