{"id":"gen9vgc2023regulationc-1863341923","p1":"GucciLaundryBasket","p2":"gazzlb","format":"[Gen 9] VGC 2023 Regulation C","log":"|j|\u2606GucciLaundryBasket\n|j|\u2606gazzlb\n|t:|1684004781\n|gametype|doubles\n|player|p1|GucciLaundryBasket|hilbert|\n|player|p2|gazzlb|265|\n|teamsize|p1|6\n|teamsize|p2|6\n|gen|9\n|tier|[Gen 9] VGC 2023 Regulation C\n|rule|Species Clause: Limit one of each Pok\u00e9mon\n|rule|Item Clause: Limit one of each item\n|clearpoke\n|poke|p1|Klefki, L50, M|\n|poke|p1|Tatsugiri, L50, M|\n|poke|p1|Dondozo, L50, M|\n|poke|p1|Luxray, L50, F|\n|poke|p1|Oricorio-Sensu, L50, F|\n|poke|p1|Ceruledge, L50, M|\n|poke|p2|Lycanroc, L50, M|\n|poke|p2|Hippowdon, L50, F|\n|poke|p2|Indeedee-F, L50, F|\n|poke|p2|Armarouge, L50, M|\n|poke|p2|Dachsbun, L50, M|\n|poke|p2|Altaria, L50, F|\n|teampreview|4\n|j| Kyogre Canucks\n|j| anthonynn\n|c|\u2606gazzlb|g2\n|j| Jay Jingles\n|j| thefriending\n|\n|t:|1684005455\n|start\n|switch|p1a: Tatsugiri|Tatsugiri, L50, M|100\/100\n|switch|p1b: Klefki|Klefki, L50, M|100\/100\n|switch|p2a: Armarouge|Armarouge, L50, M, shiny|100\/100\n|switch|p2b: Good Boy|Lycanroc, L50, M, shiny|100\/100\n|turn|1\n|\n|t:|1684005490\n|switch|p2b: Dachsbun|Dachsbun, L50, M|100\/100\n|-terastallize|p2a: Armarouge|Grass\n|move|p1b: Klefki|Misty Terrain|p1b: Klefki\n|-fieldstart|move: Misty Terrain\n|move|p1a: Tatsugiri|Muddy Water|p2b: Dachsbun|[spread] p2a,p2b\n|-resisted|p2a: Armarouge\n|-damage|p2a: Armarouge|78\/100\n|-damage|p2b: Dachsbun|58\/100\n|-unboost|p2b: Dachsbun|accuracy|1\n|move|p2a: Armarouge|Lava Plume|p1b: Klefki|[spread] p1a,p1b\n|-ability|p2b: Dachsbun|Well-Baked Body|boost\n|-boost|p2b: Dachsbun|def|2\n|-resisted|p1a: Tatsugiri\n|-supereffective|p1b: Klefki\n|-damage|p1a: Tatsugiri|90\/100\n|-damage|p1b: Klefki|33\/100\n|\n|upkeep\n|turn|2\n|\n|t:|1684005534\n|switch|p2b: Altaria|Altaria, L50, F|100\/100\n|switch|p1b: Dondozo|Dondozo, L50, M|100\/100\n|-activate|p1a: Tatsugiri|ability: Commander|[of] p1b: Dondozo\n|-boost|p1b: Dondozo|atk|2\n|-boost|p1b: Dondozo|spa|2\n|-boost|p1b: Dondozo|spe|2\n|-boost|p1b: Dondozo|def|2\n|-boost|p1b: Dondozo|spd|2\n|move|p2a: Armarouge|Lava Plume|p1a: Tatsugiri|[spread] p2b,p1b\n|-miss|p2a: Armarouge|p1a: Tatsugiri\n|-resisted|p2b: Altaria\n|-resisted|p1b: Dondozo\n|-damage|p2b: Altaria|87\/100\n|-damage|p1b: Dondozo|91\/100\n|\n|-heal|p1b: Dondozo|97\/100|[from] item: Leftovers\n|upkeep\n|turn|3\n|\n|t:|1684005557\n|switch|p2a: Dachsbun|Dachsbun, L50, M|58\/100\n|move|p1b: Dondozo|Order Up|p2b: Altaria\n|-supereffective|p2b: Altaria\n|-damage|p2b: Altaria|0 fnt\n|faint|p2b: Altaria\n|-boost|p1b: Dondozo|atk|1\n|\n|-heal|p1b: Dondozo|100\/100|[from] item: Leftovers\n|upkeep\n|\n|t:|1684005579\n|switch|p2b: Good Boy|Lycanroc, L50, M, shiny|100\/100\n|turn|4\n|\n|t:|1684005602\n|move|p2b: Good Boy|Protect|p2b: Good Boy\n|-singleturn|p2b: Good Boy|Protect\n|move|p1b: Dondozo|Earthquake|p2a: Dachsbun|[spread] p2a\n|-miss|p1b: Dondozo|p1a: Tatsugiri\n|-activate|p2b: Good Boy|move: Protect\n|-damage|p2a: Dachsbun|0 fnt\n|faint|p2a: Dachsbun\n|\n|upkeep\n|\n|t:|1684005610\n|switch|p2a: Armarouge|Armarouge, L50, M, shiny, tera:Grass|78\/100\n|turn|5\n|\n|t:|1684005639\n|move|p2a: Armarouge|Clear Smog|p1b: Dondozo\n|-damage|p1b: Dondozo|90\/100\n|-clearboost|p1b: Dondozo\n|move|p2b: Good Boy|Rock Slide|p1a: Tatsugiri|[spread] p1b\n|-miss|p2b: Good Boy|p1a: Tatsugiri\n|-damage|p1b: Dondozo|69\/100\n|cant|p1b: Dondozo|flinch\n|\n|-heal|p1b: Dondozo|75\/100|[from] item: Leftovers\n|-fieldend|Misty Terrain\n|upkeep\n|turn|6\n|\n|t:|1684005677\n|move|p2a: Armarouge|Clear Smog|p1b: Dondozo\n|-damage|p1b: Dondozo|55\/100\n|-clearboost|p1b: Dondozo\n|move|p2b: Good Boy|Rock Slide|p1a: Tatsugiri|[spread] p1b\n|-miss|p2b: Good Boy|p1a: Tatsugiri\n|-damage|p1b: Dondozo|35\/100\n|cant|p1b: Dondozo|flinch\n|\n|-heal|p1b: Dondozo|42\/100|[from] item: Leftovers\n|upkeep\n|turn|7\n|\n|t:|1684005691\n|move|p2a: Armarouge|Clear Smog|p1b: Dondozo\n|-damage|p1b: Dondozo|22\/100\n|-clearboost|p1b: Dondozo\n|move|p2b: Good Boy|Rock Slide|p1b: Dondozo|[spread] p1b\n|-miss|p2b: Good Boy|p1a: Tatsugiri\n|-damage|p1b: Dondozo|0 fnt\n|faint|p1b: Dondozo\n|\n|upkeep\n|\n|t:|1684005707\n|switch|p1b: Klefki|Klefki, L50, M|33\/100\n|turn|8\n|\n|t:|1684005732\n|move|p1a: Tatsugiri|Muddy Water|p2b: Good Boy|[spread] p2a\n|-miss|p1a: Tatsugiri|p2b: Good Boy\n|-resisted|p2a: Armarouge\n|-damage|p2a: Armarouge|56\/100\n|move|p2a: Armarouge|Clear Smog|p1a: Tatsugiri\n|-damage|p1a: Tatsugiri|66\/100\n|-clearboost|p1a: Tatsugiri\n|move|p2b: Good Boy|Drill Run|p1b: Klefki\n|-supereffective|p1b: Klefki\n|-damage|p1b: Klefki|0 fnt\n|faint|p1b: Klefki\n|\n|upkeep\n|\n|t:|1684005743\n|switch|p1b: Luxray|Luxray, L50, F|100\/100\n|-ability|p1b: Luxray|Intimidate|boost\n|-unboost|p2a: Armarouge|atk|1\n|-unboost|p2b: Good Boy|atk|1\n|turn|9\n|\n|t:|1684005772\n|move|p1a: Tatsugiri|Muddy Water|p2a: Armarouge|[spread] p2a,p2b\n|-resisted|p2a: Armarouge\n|-supereffective|p2b: Good Boy\n|-damage|p2a: Armarouge|35\/100\n|-damage|p2b: Good Boy|4\/100\n|move|p2a: Armarouge|Clear Smog|p1a: Tatsugiri\n|-damage|p1a: Tatsugiri|43\/100\n|-clearboost|p1a: Tatsugiri\n|move|p2b: Good Boy|Endeavor|p1b: Luxray\n|-damage|p1b: Luxray|4\/100\n|-enditem|p1b: Luxray|Sitrus Berry|[eat]\n|-heal|p1b: Luxray|29\/100|[from] item: Sitrus Berry\n|move|p1b: Luxray|Ice Fang|p2a: Armarouge\n|-supereffective|p2a: Armarouge\n|-damage|p2a: Armarouge|0 fnt\n|faint|p2a: Armarouge\n|\n|upkeep\n|turn|10\n|c|\u2606gazzlb|gg\n|c|\u2606gazzlb|got to run\n|c| Kyogre Canucks|gg\n|l|\u2606gazzlb\n|player|p2|\n|\n|t:|1684005801\n|move|p1a: Tatsugiri|Muddy Water|p2b: Good Boy\n|-supereffective|p2b: Good Boy\n|-damage|p2b: Good Boy|0 fnt\n|faint|p2b: Good Boy\n|\n|win|GucciLaundryBasket\n","uploadtime":1684005807,"views":7,"p1id":"guccilaundrybasket","p2id":"gazzlb","formatid":"gen9vgc2023regulationc","rating":0,"private":0,"password":""}