{"id":"gen9vgc2023regulationc-1855414319","p1":"SpikeMike","p2":"haha you rage quit","format":"[Gen 9] VGC 2023 Regulation C","log":"|j|\u2606SpikeMike\n|j|\u2606haha you rage quit\n|t:|1682949123\n|gametype|doubles\n|player|p1|SpikeMike|molayne|1306\n|player|p2|haha you rage quit|pokemaniac|1379\n|teamsize|p1|6\n|teamsize|p2|6\n|gen|9\n|tier|[Gen 9] VGC 2023 Regulation C\n|rated|\n|rule|Species Clause: Limit one of each Pok\u00e9mon\n|rule|Item Clause: Limit one of each item\n|clearpoke\n|poke|p1|Grafaiai, L50, M|\n|poke|p1|Slaking, L50, M|\n|poke|p1|Dragonite, L50, M|\n|poke|p1|Chien-Pao, L50|\n|poke|p1|Iron Hands, L50|\n|poke|p1|Amoonguss, L50, M|\n|poke|p2|Torkoal, L50, M|\n|poke|p2|Kingambit, L50, M|\n|poke|p2|Indeedee-F, L50, F|\n|poke|p2|Hatterene, L50, F|\n|poke|p2|Armarouge, L50, M|\n|poke|p2|Annihilape, L50, M|\n|teampreview|4\n|inactive|Battle timer is ON: inactive players will automatically lose when time's up. (requested by SpikeMike)\n|inactive|haha you rage quit has 60 seconds left.\n|\n|t:|1682949180\n|start\n|switch|p1a: Charlie Puth|Chien-Pao, L50|100\/100\n|switch|p1b: Lewis Capaldi|Iron Hands, L50|100\/100\n|switch|p2a: Hatterene|Hatterene, L50, F|100\/100\n|switch|p2b: Kingambit|Kingambit, L50, M, shiny|100\/100\n|-ability|p1a: Charlie Puth|Sword of Ruin\n|-enditem|p1b: Lewis Capaldi|Booster Energy\n|-activate|p1b: Lewis Capaldi|ability: Quark Drive|[fromitem]\n|-start|p1b: Lewis Capaldi|quarkdriveatk\n|turn|1\n|\n|t:|1682949205\n|switch|p2b: Indeedee|Indeedee-F, L50, F, shiny|100\/100\n|-fieldstart|move: Psychic Terrain|[from] ability: Psychic Surge|[of] p2b: Indeedee\n|-enditem|p2b: Indeedee|Psychic Seed\n|-boost|p2b: Indeedee|spd|1|[from] item: Psychic Seed\n|-terastallize|p2a: Hatterene|Water\n|move|p1b: Lewis Capaldi|Fake Out|p2a: Hatterene\n|-activate|p2a: Hatterene|move: Psychic Terrain\n|move|p1a: Charlie Puth|Sacred Sword|p2b: Indeedee\n|-damage|p2b: Indeedee|50\/100\n|move|p2a: Hatterene|Trick Room|p2a: Hatterene\n|-fieldstart|move: Trick Room|[of] p2a: Hatterene\n|\n|upkeep\n|turn|2\n|inactive|haha you rage quit has 30 seconds left.\n|\n|t:|1682949236\n|move|p1a: Charlie Puth|Protect|p1a: Charlie Puth\n|-singleturn|p1a: Charlie Puth|Protect\n|move|p2b: Indeedee|Follow Me|p2b: Indeedee\n|-singleturn|p2b: Indeedee|move: Follow Me\n|move|p2a: Hatterene|Psychic|p1b: Lewis Capaldi\n|-supereffective|p1b: Lewis Capaldi\n|-damage|p1b: Lewis Capaldi|0 fnt\n|faint|p1b: Lewis Capaldi\n|-end|p1b: Lewis Capaldi|Quark Drive|[silent]\n|-damage|p2a: Hatterene|91\/100|[from] item: Life Orb\n|\n|upkeep\n|\n|t:|1682949255\n|switch|p1b: Ed Sheeran|Amoonguss, L50, M|100\/100\n|turn|3\n|\n|t:|1682949274\n|move|p2a: Hatterene|Dazzling Gleam|p1a: Charlie Puth|[spread] p1a,p1b\n|-supereffective|p1a: Charlie Puth\n|-resisted|p1b: Ed Sheeran\n|-enditem|p1a: Charlie Puth|Focus Sash\n|-damage|p1a: Charlie Puth|1\/100\n|-damage|p1b: Ed Sheeran|79\/100\n|-damage|p2a: Hatterene|82\/100|[from] item: Life Orb\n|move|p1b: Ed Sheeran|Spore|p2a: Hatterene\n|move|p2a: Hatterene|Spore|p1b: Ed Sheeran|[from]ability: Magic Bounce\n|-immune|p1b: Ed Sheeran\n|move|p2b: Indeedee|Dazzling Gleam|p1a: Charlie Puth|[spread] p1a,p1b\n|-supereffective|p1a: Charlie Puth\n|-resisted|p1b: Ed Sheeran\n|-damage|p1a: Charlie Puth|0 fnt\n|-damage|p1b: Ed Sheeran|72\/100\n|faint|p1a: Charlie Puth\n|\n|upkeep\n|c|\u2606SpikeMike|oh my god\n|\n|t:|1682949289\n|switch|p1a: Bruno Mars|Dragonite, L50, M|100\/100\n|turn|4\n|\n|t:|1682949303\n|-terastallize|p1a: Bruno Mars|Normal\n|move|p2a: Hatterene|Dazzling Gleam|p1a: Bruno Mars|[spread] p1a,p1b\n|-resisted|p1b: Ed Sheeran\n|-damage|p1a: Bruno Mars|70\/100\n|-damage|p1b: Ed Sheeran|51\/100\n|-damage|p2a: Hatterene|72\/100|[from] item: Life Orb\n|move|p1b: Ed Sheeran|Spore|p2b: Indeedee\n|-status|p2b: Indeedee|slp|[from] move: Spore\n|cant|p2b: Indeedee|slp\n|move|p1a: Bruno Mars|Dragon Claw|p2b: Indeedee\n|-damage|p2b: Indeedee|0 fnt\n|faint|p2b: Indeedee\n|\n|upkeep\n|\n|t:|1682949318\n|switch|p2b: Kingambit|Kingambit, L50, M, shiny|100\/100\n|turn|5\n|\n|t:|1682949342\n|move|p2a: Hatterene|Psychic|p1b: Ed Sheeran\n|-supereffective|p1b: Ed Sheeran\n|-damage|p1b: Ed Sheeran|0 fnt\n|faint|p1b: Ed Sheeran\n|-damage|p2a: Hatterene|63\/100|[from] item: Life Orb\n|move|p2b: Kingambit|Low Kick|p1a: Bruno Mars\n|-supereffective|p1a: Bruno Mars\n|-damage|p1a: Bruno Mars|0 fnt\n|faint|p1a: Bruno Mars\n|\n|win|haha you rage quit\n|raw|SpikeMike's rating: 1306 → 1290<\/strong> (-16 for losing)\n|raw|haha you rage quit's rating: 1379 → 1395<\/strong> (+16 for winning)\n","uploadtime":1682949355,"views":15,"p1id":"spikemike","p2id":"hahayouragequit","formatid":"gen9vgc2023regulationc","rating":1290,"private":0,"password":""}