{"id":"gen9vgc2023regulationc-1857010653","p1":"Marcosprogamer15","p2":"leitooo","format":"[Gen 9] VGC 2023 Regulation C","log":"|j|\u2606Marcosprogamer15\n|j|\u2606leitooo\n|t:|1683136416\n|gametype|doubles\n|player|p1|Marcosprogamer15|1|1118\n|player|p2|leitooo|1|1062\n|teamsize|p1|6\n|teamsize|p2|6\n|gen|9\n|tier|[Gen 9] VGC 2023 Regulation C\n|rated|\n|rule|Species Clause: Limit one of each Pok\u00e9mon\n|rule|Item Clause: Limit one of each item\n|clearpoke\n|poke|p1|Dragonite, L50, F|\n|poke|p1|Talonflame, L50, M|\n|poke|p1|Palafin, L50, F|\n|poke|p1|Glimmora, L50, F|\n|poke|p1|Flutter Mane, L50|\n|poke|p1|Chien-Pao, L50|\n|poke|p2|Pawmot, L50, M|\n|poke|p2|Glimmora, L50, M|\n|poke|p2|Garganacl, L50, F|\n|poke|p2|Orthworm, L50, M|\n|poke|p2|Ting-Lu, L50|\n|poke|p2|Wo-Chien, L50|\n|teampreview|4\n|inactive|Battle timer is ON: inactive players will automatically lose when time's up. (requested by leitooo)\n|\n|t:|1683136441\n|start\n|switch|p1a: Talonflame|Talonflame, L50, M|100\/100\n|switch|p1b: Dragonite|Dragonite, L50, F|100\/100\n|switch|p2a: Ting-Lu|Ting-Lu, L50|100\/100\n|switch|p2b: Orthworm|Orthworm, L50, M|100\/100\n|-ability|p2a: Ting-Lu|Vessel of Ruin\n|turn|1\n|inactive|leitooo has 30 seconds left.\n|\n|t:|1683136471\n|-terastallize|p2b: Orthworm|Water\n|move|p1a: Talonflame|Tailwind|p1a: Talonflame\n|-sidestart|p1: Marcosprogamer15|move: Tailwind\n|move|p1b: Dragonite|Dragon Claw|p2a: Ting-Lu\n|-damage|p2a: Ting-Lu|57\/100\n|move|p2b: Orthworm|Shed Tail|p2b: Orthworm\n|-start|p2b: Orthworm|Substitute|[from] move: Shed Tail\n|-damage|p2b: Orthworm|50\/100\n|-enditem|p2b: Orthworm|Sitrus Berry|[eat]\n|-heal|p2b: Orthworm|75\/100|[from] item: Sitrus Berry\n|\n|t:|1683136486\n|switch|p2b: Garganacl|Garganacl, L50, F, shiny|100\/100|[from] Shed Tail\n|move|p2a: Ting-Lu|Fissure|p1b: Dragonite\n|-immune|p1b: Dragonite\n|\n|upkeep\n|turn|2\n|inactive|leitooo has 30 seconds left.\n|\n|t:|1683136515\n|switch|p2a: Orthworm|Orthworm, L50, M, tera:Water|75\/100\n|-terastallize|p1a: Talonflame|Steel\n|move|p1a: Talonflame|Brave Bird|p2a: Orthworm\n|-damage|p2a: Orthworm|52\/100\n|-damage|p1a: Talonflame|94\/100|[from] Recoil\n|move|p1b: Dragonite|Dragon Claw|p2a: Orthworm\n|-damage|p2a: Orthworm|4\/100\n|move|p2b: Garganacl|Salt Cure|p1a: Talonflame\n|-resisted|p1a: Talonflame\n|-damage|p1a: Talonflame|86\/100\n|\n|upkeep\n|turn|3\n|inactive|Marcosprogamer15 has 30 seconds left.\n|inactive|leitooo has 30 seconds left.\n|\n|t:|1683136543\n|move|p2a: Orthworm|Protect|p2a: Orthworm\n|-singleturn|p2a: Orthworm|Protect\n|move|p1a: Talonflame|Brave Bird|p2b: Garganacl\n|-resisted|p2b: Garganacl\n|-activate|p2b: Garganacl|move: Substitute|[damage]\n|-damage|p1a: Talonflame|82\/100|[from] Recoil|[of] p2b: Garganacl\n|move|p1b: Dragonite|Dragon Claw|p2a: Orthworm\n|-activate|p2a: Orthworm|move: Protect\n|move|p2b: Garganacl|Salt Cure|p1b: Dragonite\n|-supereffective|p1b: Dragonite\n|-damage|p1b: Dragonite|74\/100\n|-start|p1b: Dragonite|Salt Cure\n|\n|-damage|p1b: Dragonite|62\/100|[from] Salt Cure\n|upkeep\n|turn|4\n|\n|t:|1683136566\n|move|p1a: Talonflame|Brave Bird|p2a: Orthworm\n|-damage|p2a: Orthworm|0 fnt\n|faint|p2a: Orthworm\n|-damage|p1a: Talonflame|81\/100|[from] Recoil\n|move|p1b: Dragonite|Dragon Claw|p2b: Garganacl\n|-end|p2b: Garganacl|Substitute\n|move|p2b: Garganacl|Body Press|p1a: Talonflame\n|-supereffective|p1a: Talonflame\n|-damage|p1a: Talonflame|23\/100\n|\n|-damage|p1b: Dragonite|50\/100|[from] Salt Cure\n|-sideend|p1: Marcosprogamer15|move: Tailwind\n|upkeep\n|\n|t:|1683136589\n|switch|p2a: Ting-Lu|Ting-Lu, L50|57\/100\n|-ability|p2a: Ting-Lu|Vessel of Ruin\n|turn|5\n|\n|t:|1683136608\n|move|p2b: Garganacl|Protect|p2b: Garganacl\n|-singleturn|p2b: Garganacl|Protect\n|move|p1a: Talonflame|Tailwind|p1a: Talonflame\n|-sidestart|p1: Marcosprogamer15|move: Tailwind\n|move|p1b: Dragonite|Dragon Claw|p2a: Ting-Lu\n|-damage|p2a: Ting-Lu|13\/100\n|move|p2a: Ting-Lu|Heavy Slam|p1a: Talonflame\n|-resisted|p1a: Talonflame\n|-damage|p1a: Talonflame|0 fnt\n|faint|p1a: Talonflame\n|\n|-damage|p1b: Dragonite|38\/100|[from] Salt Cure\n|upkeep\n|\n|t:|1683136619\n|switch|p1a: Palafin|Palafin, L50, F|100\/100\n|turn|6\n|\n|t:|1683136627\n|move|p1a: Palafin|Wave Crash|p2b: Garganacl\n|-supereffective|p2b: Garganacl\n|-damage|p2b: Garganacl|39\/100\n|-damage|p1a: Palafin|80\/100|[from] Recoil\n|move|p1b: Dragonite|Dragon Claw|p2a: Ting-Lu\n|-damage|p2a: Ting-Lu|0 fnt\n|faint|p2a: Ting-Lu\n|move|p2b: Garganacl|Salt Cure|p1a: Palafin\n|-damage|p1a: Palafin|64\/100\n|-start|p1a: Palafin|Salt Cure\n|\n|-heal|p2b: Garganacl|44\/100|[from] item: Leftovers\n|-damage|p1a: Palafin|40\/100|[from] Salt Cure\n|-damage|p1b: Dragonite|26\/100|[from] Salt Cure\n|upkeep\n|\n|t:|1683136641\n|switch|p2a: Wo-Chien|Wo-Chien, L50|100\/100\n|-ability|p2a: Wo-Chien|Tablets of Ruin\n|turn|7\n|inactive|leitooo has 30 seconds left.\n|\n|t:|1683136670\n|move|p2b: Garganacl|Protect|p2b: Garganacl\n|-singleturn|p2b: Garganacl|Protect\n|move|p1a: Palafin|Wave Crash|p2b: Garganacl\n|-activate|p2b: Garganacl|move: Protect\n|move|p1b: Dragonite|Dragon Claw|p2a: Wo-Chien\n|-damage|p2a: Wo-Chien|58\/100\n|move|p2a: Wo-Chien|Pollen Puff|p1a: Palafin\n|-damage|p1a: Palafin|14\/100\n|\n|-heal|p2b: Garganacl|50\/100|[from] item: Leftovers\n|-damage|p1a: Palafin|0 fnt|[from] Salt Cure\n|faint|p1a: Palafin\n|-damage|p1b: Dragonite|14\/100|[from] Salt Cure\n|upkeep\n|\n|t:|1683136682\n|switch|p1a: Glimmora|Glimmora, L50, F|100\/100\n|turn|8\n|\n|t:|1683136701\n|move|p1b: Dragonite|Dragon Claw|p2a: Wo-Chien\n|-damage|p2a: Wo-Chien|19\/100\n|-enditem|p2a: Wo-Chien|Aguav Berry|[eat]\n|-heal|p2a: Wo-Chien|52\/100|[from] item: Aguav Berry\n|move|p1a: Glimmora|Earth Power|p2b: Garganacl\n|-supereffective|p2b: Garganacl\n|-damage|p2b: Garganacl|5\/100\n|move|p2a: Wo-Chien|Substitute|p2a: Wo-Chien\n|-start|p2a: Wo-Chien|Substitute\n|-damage|p2a: Wo-Chien|27\/100\n|move|p2b: Garganacl|Recover|p2b: Garganacl\n|-heal|p2b: Garganacl|55\/100\n|\n|-heal|p2b: Garganacl|61\/100|[from] item: Leftovers\n|-damage|p1b: Dragonite|2\/100|[from] Salt Cure\n|-sideend|p1: Marcosprogamer15|move: Tailwind\n|upkeep\n|turn|9\n|inactive|leitooo has 30 seconds left.\n|\n|t:|1683136728\n|move|p2b: Garganacl|Protect|p2b: Garganacl\n|-singleturn|p2b: Garganacl|Protect\n|move|p1b: Dragonite|Dragon Claw|p2b: Garganacl\n|-activate|p2b: Garganacl|move: Protect\n|move|p1a: Glimmora|Earth Power|p2b: Garganacl\n|-activate|p2b: Garganacl|move: Protect\n|move|p2a: Wo-Chien|Leech Seed|p1a: Glimmora\n|-start|p1a: Glimmora|move: Leech Seed\n|\n|-heal|p2b: Garganacl|67\/100|[from] item: Leftovers\n|-damage|p1a: Glimmora|89\/100|[from] Leech Seed|[of] p2a: Wo-Chien\n|-heal|p2a: Wo-Chien|37\/100|[silent]\n|-damage|p1b: Dragonite|0 fnt|[from] Salt Cure\n|faint|p1b: Dragonite\n|upkeep\n|turn|10\n|inactive|leitooo has 30 seconds left.\n|\n|t:|1683136755\n|move|p1a: Glimmora|Sludge Bomb|p2a: Wo-Chien\n|-supereffective|p2a: Wo-Chien\n|-end|p2a: Wo-Chien|Substitute\n|move|p2a: Wo-Chien|Pollen Puff|p2b: Garganacl\n|-heal|p2b: Garganacl|100\/100\n|move|p2b: Garganacl|Salt Cure|p1a: Glimmora\n|-damage|p1a: Glimmora|79\/100\n|-start|p1a: Glimmora|Salt Cure\n|-activate|p1a: Glimmora|ability: Toxic Debris\n|-sidestart|p2: leitooo|move: Toxic Spikes\n|\n|-damage|p1a: Glimmora|67\/100|[from] Leech Seed|[of] p2a: Wo-Chien\n|-heal|p2a: Wo-Chien|48\/100|[silent]\n|-damage|p1a: Glimmora|55\/100|[from] Salt Cure\n|upkeep\n|turn|11\n|\n|t:|1683136769\n|move|p2a: Wo-Chien|Protect|p2a: Wo-Chien\n|-singleturn|p2a: Wo-Chien|Protect\n|move|p2b: Garganacl|Protect|p2b: Garganacl\n|-singleturn|p2b: Garganacl|Protect\n|move|p1a: Glimmora|Sludge Bomb|p2a: Wo-Chien\n|-activate|p2a: Wo-Chien|move: Protect\n|\n|-damage|p1a: Glimmora|43\/100|[from] Leech Seed|[of] p2a: Wo-Chien\n|-heal|p2a: Wo-Chien|58\/100|[silent]\n|-damage|p1a: Glimmora|31\/100|[from] Salt Cure\n|upkeep\n|turn|12\n|c|\u2606Marcosprogamer15|T\u00fa equipo es muy pero que muy gay eh hijo de puta\n|inactive|leitooo has 30 seconds left.\n|c|\u2606Marcosprogamer15|Todos tus putos muertos mamonazo\n|n|\u203dMarcosprogamer15|marcosprogamer15\n|c|&|\/log Marcosprogamer15 was locked from talking by Artemis. (\u2606Marcosprogamer15: Todos tus putos muertos mamonazo)\n|c|&|\/raw This action was done automatically. Want to learn more about the AI? Visit the information thread<\/a>.<\/small>\n|inactive|leitooo has 20 seconds left.\n|\n|t:|1683136806\n|move|p1a: Glimmora|Sludge Bomb|p2a: Wo-Chien\n|-supereffective|p2a: Wo-Chien\n|-damage|p2a: Wo-Chien|1\/100\n|-status|p2a: Wo-Chien|psn\n|move|p2a: Wo-Chien|Substitute|p2a: Wo-Chien\n|-fail|p2a: Wo-Chien|move: Substitute|[weak]\n|move|p2b: Garganacl|Salt Cure|p1a: Glimmora\n|-crit|p1a: Glimmora\n|-damage|p1a: Glimmora|15\/100\n|-activate|p1a: Glimmora|ability: Toxic Debris\n|-sidestart|p2: leitooo|move: Toxic Spikes\n|\n|-damage|p1a: Glimmora|3\/100|[from] Leech Seed|[of] p2a: Wo-Chien\n|-heal|p2a: Wo-Chien|11\/100 psn|[silent]\n|-damage|p2a: Wo-Chien|0 fnt|[from] psn\n|faint|p2a: Wo-Chien\n|-damage|p1a: Glimmora|0 fnt|[from] Salt Cure\n|faint|p1a: Glimmora\n|\n|win|leitooo\n|upkeep\n|raw|Marcosprogamer15's rating: 1118 → 1089<\/strong> (-29 for losing)\n|raw|leitooo's rating: 1062 → 1098<\/strong> (+36 for winning)\n","uploadtime":1683136816,"views":15,"p1id":"marcosprogamer15","p2id":"leitooo","formatid":"gen9vgc2023regulationc","rating":1089,"private":0,"password":""}