{"id":"gen9vgc2023regulationc-1854536669","p1":"Beastyshadow13","p2":"Baileyballer08","format":"[Gen 9] VGC 2023 Regulation C","log":"|j|\u2606Beastyshadow13\n|j|\u2606Baileyballer08\n|t:|1682823769\n|gametype|doubles\n|player|p1|Beastyshadow13|n|1128\n|player|p2|Baileyballer08|266|1029\n|teamsize|p1|6\n|teamsize|p2|6\n|gen|9\n|tier|[Gen 9] VGC 2023 Regulation C\n|rated|\n|rule|Species Clause: Limit one of each Pok\u00e9mon\n|rule|Item Clause: Limit one of each item\n|clearpoke\n|poke|p1|Pelipper, L50, M|\n|poke|p1|Kilowattrel, L50, M|\n|poke|p1|Goodra, L50, M|\n|poke|p1|Pincurchin, L50, F|\n|poke|p1|Iron Bundle, L50|\n|poke|p1|Palafin, L50, M|\n|poke|p2|Amoonguss, L50, F|\n|poke|p2|Palafin, L50, M|\n|poke|p2|Annihilape, L50, F|\n|poke|p2|Torkoal, L50, M|\n|poke|p2|Ting-Lu, L50|\n|poke|p2|Maushold, L50|\n|teampreview|4\nBaileyballer08 has agreed to open team sheets.\n|inactive|Battle timer is ON: inactive players will automatically lose when time's up. (requested by Baileyballer08)\n|inactive|Beastyshadow13 has 60 seconds left.\n|inactive|Baileyballer08 has 60 seconds left.\n|\n|t:|1682823822\n|start\n|switch|p1a: Pincurchin|Pincurchin, L50, F|100\/100\n|switch|p1b: Palafin|Palafin, L50, M|100\/100\n|switch|p2a: Amoonguss|Amoonguss, L50, F|100\/100\n|switch|p2b: Torkoal|Torkoal, L50, M|100\/100\n|-weather|SunnyDay|[from] ability: Drought|[of] p2b: Torkoal\n|-fieldstart|move: Electric Terrain|[from] ability: Electric Surge|[of] p1a: Pincurchin\n|turn|1\n|\n|t:|1682823841\n|detailschange|p1b: Palafin|Palafin-Hero, L50, M\n|switch|p1b: Goodra|Goodra, L50, M|100\/100\n|move|p2a: Amoonguss|Rage Powder|p2a: Amoonguss\n|-singleturn|p2a: Amoonguss|move: Rage Powder\n|move|p2b: Torkoal|Will-O-Wisp|p1b: Goodra\n|-status|p1b: Goodra|brn\n|move|p1a: Pincurchin|Rain Dance|p1a: Pincurchin\n|-weather|RainDance\n|\n|-weather|RainDance|[upkeep]\n|-damage|p1b: Goodra|94\/100 brn|[from] brn\n|upkeep\n|turn|2\n|\n|t:|1682823863\n|switch|p2b: Palafin|Palafin, L50, M|100\/100\n|move|p1b: Goodra|Bulldoze|p2a: Amoonguss|[spread] p1a,p2a,p2b\n|-supereffective|p1a: Pincurchin\n|-damage|p1a: Pincurchin|92\/100\n|-damage|p2a: Amoonguss|96\/100\n|-damage|p2b: Palafin|95\/100\n|-unboost|p1a: Pincurchin|spe|1\n|-unboost|p2a: Amoonguss|spe|1\n|-unboost|p2b: Palafin|spe|1\n|move|p2a: Amoonguss|Spore|p1a: Pincurchin\n|-activate|p1a: Pincurchin|move: Electric Terrain\n|move|p1a: Pincurchin|Chilling Water|p2b: Palafin\n|-resisted|p2b: Palafin\n|-damage|p2b: Palafin|83\/100\n|-unboost|p2b: Palafin|atk|1\n|\n|-weather|RainDance|[upkeep]\n|-heal|p1b: Goodra|100\/100 brn|[from] item: Leftovers\n|-heal|p2a: Amoonguss|100\/100|[from] item: Black Sludge\n|-damage|p1b: Goodra|94\/100 brn|[from] brn\n|upkeep\n|turn|3\n|inactive|Baileyballer08 has 30 seconds left.\n|\n|t:|1682823896\n|move|p2a: Amoonguss|Protect|p2a: Amoonguss\n|-singleturn|p2a: Amoonguss|Protect\n|move|p2b: Palafin|Flip Turn|p1a: Pincurchin\n|-damage|p1a: Pincurchin|62\/100\n|\n|t:|1682823902\n|detailschange|p2b: Palafin|Palafin-Hero, L50, M\n|switch|p2b: Torkoal|Torkoal, L50, M|100\/100|[from] Flip Turn\n|-weather|SunnyDay|[from] ability: Drought|[of] p2b: Torkoal\n|move|p1b: Goodra|Life Dew|p1b: Goodra|[spread] p1a,p1b\n|-heal|p1a: Pincurchin|88\/100\n|-heal|p1b: Goodra|100\/100 brn\n|move|p1a: Pincurchin|Thunder|p2b: Torkoal|[miss]\n|-miss|p1a: Pincurchin|p2b: Torkoal\n|\n|-weather|SunnyDay|[upkeep]\n|-damage|p1b: Goodra|94\/100 brn|[from] brn\n|upkeep\n|turn|4\n|inactive|Baileyballer08 has 30 seconds left.\n|\n|t:|1682823930\n|move|p2a: Amoonguss|Rage Powder|p2a: Amoonguss\n|-singleturn|p2a: Amoonguss|move: Rage Powder\n|move|p1b: Goodra|Muddy Water|p2a: Amoonguss|[spread] p2a,p2b\n|-resisted|p2a: Amoonguss\n|-supereffective|p2b: Torkoal\n|-damage|p2a: Amoonguss|97\/100\n|-damage|p2b: Torkoal|82\/100\n|move|p2b: Torkoal|Eruption|p1b: Goodra|[spread] p1a,p1b\n|-resisted|p1b: Goodra\n|-damage|p1a: Pincurchin|23\/100\n|-damage|p1b: Goodra|78\/100 brn\n|-damage|p2b: Torkoal|73\/100|[from] item: Life Orb\n|move|p1a: Pincurchin|Rain Dance|p1a: Pincurchin\n|-weather|RainDance\n|\n|-weather|RainDance|[upkeep]\n|-heal|p1b: Goodra|84\/100 brn|[from] item: Leftovers\n|-heal|p2a: Amoonguss|100\/100|[from] item: Black Sludge\n|-damage|p1b: Goodra|78\/100 brn|[from] brn\n|upkeep\n|turn|5\n|inactive|Baileyballer08 has 30 seconds left.\n|inactive|Baileyballer08 has 20 seconds left.\n|\n|t:|1682823966\n|move|p2b: Torkoal|Protect|p2b: Torkoal\n|-singleturn|p2b: Torkoal|Protect\n|move|p1b: Goodra|Life Dew|p1b: Goodra|[spread] p1a,p1b\n|-heal|p1a: Pincurchin|48\/100\n|-heal|p1b: Goodra|100\/100 brn\n|move|p2a: Amoonguss|Pollen Puff|p1a: Pincurchin\n|-damage|p1a: Pincurchin|24\/100\n|move|p1a: Pincurchin|Chilling Water|p2b: Torkoal\n|-activate|p2b: Torkoal|move: Protect\n|\n|-weather|RainDance|[upkeep]\n|-damage|p1b: Goodra|94\/100 brn|[from] brn\n|upkeep\n|turn|6\n|inactive|Beastyshadow13 has 30 seconds left.\n|inactive|Baileyballer08 has 30 seconds left.\n|\n|t:|1682823999\n|switch|p2b: Palafin|Palafin-Hero, L50, M|83\/100\n|-activate|p2b: Palafin|ability: Zero to Hero\n|move|p2a: Amoonguss|Rage Powder|p2a: Amoonguss\n|-singleturn|p2a: Amoonguss|move: Rage Powder\n|move|p1b: Goodra|Muddy Water|p2a: Amoonguss|[spread] p2a,p2b\n|-resisted|p2a: Amoonguss\n|-resisted|p2b: Palafin\n|-damage|p2a: Amoonguss|91\/100\n|-damage|p2b: Palafin|66\/100\n|move|p1a: Pincurchin|Thunder|p2a: Amoonguss\n|-resisted|p2a: Amoonguss\n|-damage|p2a: Amoonguss|75\/100\n|\n|-weather|RainDance|[upkeep]\n|-heal|p1b: Goodra|100\/100 brn|[from] item: Leftovers\n|-heal|p2a: Amoonguss|81\/100|[from] item: Black Sludge\n|-damage|p1b: Goodra|94\/100 brn|[from] brn\n|upkeep\n|turn|7\n|inactive|Baileyballer08 has 30 seconds left.\n|inactive|Baileyballer08 has 20 seconds left.\n|\n|t:|1682824035\n|move|p2b: Palafin|Wave Crash|p1a: Pincurchin\n|-damage|p1a: Pincurchin|0 fnt\n|faint|p1a: Pincurchin\n|-damage|p2b: Palafin|59\/100|[from] Recoil\n|move|p1b: Goodra|Bulldoze|p2b: Palafin|[spread] p2a,p2b\n|-damage|p2a: Amoonguss|76\/100\n|-damage|p2b: Palafin|55\/100\n|-unboost|p2a: Amoonguss|spe|1\n|-unboost|p2b: Palafin|spe|1\n|move|p2a: Amoonguss|Pollen Puff|p2b: Palafin\n|-heal|p2b: Palafin|100\/100\n|\n|-weather|RainDance|[upkeep]\n|-heal|p1b: Goodra|100\/100 brn|[from] item: Leftovers\n|-heal|p2a: Amoonguss|81\/100|[from] item: Black Sludge\n|-damage|p1b: Goodra|94\/100 brn|[from] brn\n|upkeep\n|\n|t:|1682824045\n|switch|p1a: Iron Bundle|Iron Bundle, L50|100\/100\n|-activate|p1a: Iron Bundle|ability: Quark Drive\n|-start|p1a: Iron Bundle|quarkdrivespe\n|turn|8\n|\n|t:|1682824059\n|move|p2a: Amoonguss|Rage Powder|p2a: Amoonguss\n|-singleturn|p2a: Amoonguss|move: Rage Powder\n|move|p1a: Iron Bundle|Substitute|p1a: Iron Bundle\n|-start|p1a: Iron Bundle|Substitute\n|-damage|p1a: Iron Bundle|76\/100\n|move|p2b: Palafin|Wave Crash|p1a: Iron Bundle\n|-resisted|p1a: Iron Bundle\n|-end|p1a: Iron Bundle|Substitute\n|-damage|p2b: Palafin|94\/100|[from] Recoil|[of] p1a: Iron Bundle\n|move|p1b: Goodra|Life Dew|p1b: Goodra|[spread] p1a,p1b\n|-heal|p1a: Iron Bundle|100\/100\n|-heal|p1b: Goodra|100\/100 brn\n|\n|-weather|none\n|-heal|p2a: Amoonguss|87\/100|[from] item: Black Sludge\n|-damage|p1b: Goodra|94\/100 brn|[from] brn\n|-fieldend|move: Electric Terrain\n|-end|p1a: Iron Bundle|Quark Drive\n|upkeep\n|turn|9\n|\n|t:|1682824080\n|move|p1a: Iron Bundle|Substitute|p1a: Iron Bundle\n|-start|p1a: Iron Bundle|Substitute\n|-damage|p1a: Iron Bundle|76\/100\n|move|p2b: Palafin|Wave Crash|p1a: Iron Bundle\n|-resisted|p1a: Iron Bundle\n|-end|p1a: Iron Bundle|Substitute\n|-damage|p2b: Palafin|88\/100|[from] Recoil|[of] p1a: Iron Bundle\n|move|p1b: Goodra|Thunder|p2b: Palafin\n|-supereffective|p2b: Palafin\n|-damage|p2b: Palafin|7\/100\n|move|p2a: Amoonguss|Spore|p1a: Iron Bundle\n|-status|p1a: Iron Bundle|slp|[from] move: Spore\n|\n|-heal|p1b: Goodra|100\/100 brn|[from] item: Leftovers\n|-heal|p2a: Amoonguss|93\/100|[from] item: Black Sludge\n|-damage|p1b: Goodra|94\/100 brn|[from] brn\n|upkeep\n|turn|10\n|\n|t:|1682824103\n|cant|p1a: Iron Bundle|slp\n|move|p2b: Palafin|Wave Crash|p1a: Iron Bundle\n|-resisted|p1a: Iron Bundle\n|-damage|p1a: Iron Bundle|13\/100 slp\n|-enditem|p1a: Iron Bundle|Aguav Berry|[eat]\n|-heal|p1a: Iron Bundle|46\/100 slp|[from] item: Aguav Berry\n|-damage|p2b: Palafin|0 fnt|[from] Recoil\n|faint|p2b: Palafin\n|move|p1b: Goodra|Bulldoze|p2a: Amoonguss|[spread] p1a,p2a\n|-damage|p1a: Iron Bundle|40\/100 slp\n|-damage|p2a: Amoonguss|88\/100\n|-unboost|p1a: Iron Bundle|spe|1\n|-unboost|p2a: Amoonguss|spe|1\n|move|p2a: Amoonguss|Pollen Puff|p2: Palafin|[notarget]\n|-fail|p2a: Amoonguss\n|\n|-heal|p1b: Goodra|100\/100 brn|[from] item: Leftovers\n|-heal|p2a: Amoonguss|94\/100|[from] item: Black Sludge\n|-damage|p1b: Goodra|94\/100 brn|[from] brn\n|upkeep\n|\n|t:|1682824120\n|switch|p2b: Torkoal|Torkoal, L50, M|73\/100\n|-weather|SunnyDay|[from] ability: Drought|[of] p2b: Torkoal\n|turn|11\n|inactive|Baileyballer08 has 30 seconds left.\n|inactive|Beastyshadow13 has 30 seconds left.\n|\n|t:|1682824156\n|move|p2a: Amoonguss|Rage Powder|p2a: Amoonguss\n|-singleturn|p2a: Amoonguss|move: Rage Powder\n|-curestatus|p1a: Iron Bundle|slp|[msg]\n|move|p1a: Iron Bundle|Substitute|p1a: Iron Bundle\n|-start|p1a: Iron Bundle|Substitute\n|-damage|p1a: Iron Bundle|16\/100\n|move|p1b: Goodra|Life Dew|p1b: Goodra|[spread] p1a,p1b\n|-heal|p1a: Iron Bundle|41\/100\n|-heal|p1b: Goodra|100\/100 brn\n|move|p2b: Torkoal|Eruption|p1b: Goodra|[spread] p1a,p1b\n|-end|p1a: Iron Bundle|Substitute\n|-resisted|p1b: Goodra\n|-damage|p1b: Goodra|86\/100 brn\n|-damage|p2b: Torkoal|63\/100|[from] item: Life Orb\n|\n|-weather|SunnyDay|[upkeep]\n|-heal|p1b: Goodra|92\/100 brn|[from] item: Leftovers\n|-heal|p2a: Amoonguss|99\/100|[from] item: Black Sludge\n|-damage|p1b: Goodra|86\/100 brn|[from] brn\n|upkeep\n|turn|12\n|inactive|Baileyballer08 has 30 seconds left.\n|\n|t:|1682824185\n|move|p1a: Iron Bundle|Substitute|p1a: Iron Bundle\n|-start|p1a: Iron Bundle|Substitute\n|-damage|p1a: Iron Bundle|17\/100\n|move|p1b: Goodra|Life Dew|p1b: Goodra|[spread] p1a,p1b\n|-heal|p1a: Iron Bundle|42\/100\n|-heal|p1b: Goodra|100\/100 brn\n|move|p2b: Torkoal|Eruption|p1a: Iron Bundle|[spread] p1a,p1b\n|-end|p1a: Iron Bundle|Substitute\n|-resisted|p1b: Goodra\n|-damage|p1b: Goodra|88\/100 brn\n|-damage|p2b: Torkoal|54\/100|[from] item: Life Orb\n|move|p2a: Amoonguss|Spore|p1a: Iron Bundle\n|-status|p1a: Iron Bundle|slp|[from] move: Spore\n|\n|-weather|SunnyDay|[upkeep]\n|-heal|p1b: Goodra|94\/100 brn|[from] item: Leftovers\n|-heal|p2a: Amoonguss|100\/100|[from] item: Black Sludge\n|-damage|p1b: Goodra|88\/100 brn|[from] brn\n|upkeep\n|turn|13\n|inactive|Baileyballer08 has 30 seconds left.\n|inactive|Baileyballer08 has 20 seconds left.\n|\n|t:|1682824221\n|cant|p1a: Iron Bundle|slp\n|move|p1b: Goodra|Muddy Water|p2b: Torkoal|[spread] p2a,p2b\n|-resisted|p2a: Amoonguss\n|-supereffective|p2b: Torkoal\n|-damage|p2a: Amoonguss|97\/100\n|-damage|p2b: Torkoal|37\/100\n|-unboost|p2a: Amoonguss|accuracy|1\n|move|p2b: Torkoal|Eruption|p1b: Goodra|[spread] p1a,p1b\n|-resisted|p1b: Goodra\n|-damage|p1a: Iron Bundle|0 fnt\n|-damage|p1b: Goodra|80\/100 brn\n|faint|p1a: Iron Bundle\n|-end|p1a: Iron Bundle|Quark Drive|[silent]\n|-damage|p2b: Torkoal|27\/100|[from] item: Life Orb\n|move|p2a: Amoonguss|Pollen Puff|p2b: Torkoal\n|-heal|p2b: Torkoal|77\/100\n|\n|-weather|SunnyDay|[upkeep]\n|-heal|p1b: Goodra|86\/100 brn|[from] item: Leftovers\n|-heal|p2a: Amoonguss|100\/100|[from] item: Black Sludge\n|-damage|p1b: Goodra|80\/100 brn|[from] brn\n|upkeep\n|\n|t:|1682824226\n|switch|p1a: Palafin|Palafin-Hero, L50, M|100\/100\n|-activate|p1a: Palafin|ability: Zero to Hero\n|turn|14\n|\n|t:|1682824247\n|move|p1a: Palafin|Protect|p1a: Palafin\n|-singleturn|p1a: Palafin|Protect\n|move|p2a: Amoonguss|Rage Powder|p2a: Amoonguss\n|-singleturn|p2a: Amoonguss|move: Rage Powder\n|move|p1b: Goodra|Muddy Water|p2a: Amoonguss|[spread] p2a\n|-miss|p1b: Goodra|p2b: Torkoal\n|-resisted|p2a: Amoonguss\n|-damage|p2a: Amoonguss|97\/100\n|-unboost|p2a: Amoonguss|accuracy|1\n|move|p2b: Torkoal|Will-O-Wisp|p1a: Palafin\n|-activate|p1a: Palafin|move: Protect\n|\n|-weather|SunnyDay|[upkeep]\n|-heal|p1b: Goodra|86\/100 brn|[from] item: Leftovers\n|-heal|p2a: Amoonguss|100\/100|[from] item: Black Sludge\n|-damage|p1b: Goodra|80\/100 brn|[from] brn\n|upkeep\n|turn|15\n|inactive|Beastyshadow13 has 30 seconds left.\n|\n|t:|1682824276\n|-terastallize|p1a: Palafin|Water\n|move|p2a: Amoonguss|Rage Powder|p2a: Amoonguss\n|-singleturn|p2a: Amoonguss|move: Rage Powder\n|move|p1a: Palafin|Jet Punch|p2a: Amoonguss\n|-resisted|p2a: Amoonguss\n|-damage|p2a: Amoonguss|84\/100\n|-status|p1a: Palafin|psn|[from] ability: Effect Spore|[of] p2a: Amoonguss\n|move|p1b: Goodra|Muddy Water|p2a: Amoonguss|[spread] p2b\n|-miss|p1b: Goodra|p2a: Amoonguss\n|-supereffective|p2b: Torkoal\n|-damage|p2b: Torkoal|61\/100\n|-unboost|p2b: Torkoal|accuracy|1\n|move|p2b: Torkoal|Will-O-Wisp||[still]\n|-fail|p2b: Torkoal\n|\n|-weather|none\n|-heal|p1b: Goodra|86\/100 brn|[from] item: Leftovers\n|-heal|p2a: Amoonguss|90\/100|[from] item: Black Sludge\n|-damage|p1a: Palafin|88\/100 psn|[from] psn\n|-damage|p1b: Goodra|80\/100 brn|[from] brn\n|upkeep\n|turn|16\n|inactive|Baileyballer08 has 30 seconds left.\n|inactive|Baileyballer08 has 20 seconds left.\n|inactive|Baileyballer08 has 15 seconds left.\n|inactive|Baileyballer08 has 10 seconds left.\n|\n|t:|1682824312\n|move|p1a: Palafin|Protect|p1a: Palafin\n|-singleturn|p1a: Palafin|Protect\n|move|p1b: Goodra|Muddy Water|p2a: Amoonguss|[spread] p2a,p2b\n|-resisted|p2a: Amoonguss\n|-supereffective|p2b: Torkoal\n|-damage|p2a: Amoonguss|83\/100\n|-damage|p2b: Torkoal|26\/100\n|-unboost|p2a: Amoonguss|accuracy|1\n|move|p2b: Torkoal|Overheat|p1a: Palafin\n|-activate|p1a: Palafin|move: Protect\n|move|p2a: Amoonguss|Pollen Puff|p1a: Palafin\n|-activate|p1a: Palafin|move: Protect\n|\n|-heal|p1b: Goodra|86\/100 brn|[from] item: Leftovers\n|-heal|p2a: Amoonguss|89\/100|[from] item: Black Sludge\n|-damage|p1a: Palafin|76\/100 psn|[from] psn\n|-damage|p1b: Goodra|80\/100 brn|[from] brn\n|upkeep\n|turn|17\n|inactive|Baileyballer08 has 10 seconds left this turn.\n|inactive|Baileyballer08 has 5 seconds left.\n|\n|t:|1682824330\n|move|p2a: Amoonguss|Protect|p2a: Amoonguss\n|-singleturn|p2a: Amoonguss|Protect\n|move|p1a: Palafin|Jet Punch|p2b: Torkoal\n|-supereffective|p2b: Torkoal\n|-damage|p2b: Torkoal|0 fnt\n|faint|p2b: Torkoal\n|move|p1b: Goodra|Life Dew|p1b: Goodra|[spread] p1a,p1b\n|-heal|p1a: Palafin|100\/100 psn\n|-heal|p1b: Goodra|100\/100 brn\n|\n|-heal|p2a: Amoonguss|95\/100|[from] item: Black Sludge\n|-damage|p1a: Palafin|88\/100 psn|[from] psn\n|-damage|p1b: Goodra|94\/100 brn|[from] brn\n|upkeep\n|inactive|Baileyballer08 has 5 seconds left this turn.\n|\n|t:|1682824333\n|switch|p2b: Ting-Lu|Ting-Lu, L50|100\/100\n|-ability|p2b: Ting-Lu|Vessel of Ruin\n|turn|18\n|inactive|Baileyballer08 has 5 seconds left this turn.\n|-message|Baileyballer08 lost due to inactivity.\n|\n|win|Beastyshadow13\n|raw|Beastyshadow13's rating: 1128 → 1146<\/strong> (+18 for winning)\n|raw|Baileyballer08's rating: 1029 → 1019<\/strong> (-10 for losing)\n|l|\u2606Baileyballer08\n","uploadtime":1682824916,"views":9,"p1id":"beastyshadow13","p2id":"baileyballer08","formatid":"gen9vgc2023regulationc","rating":1019,"private":0,"password":""}