{"id":"gen9vgc2023regulationc-1859261692","p1":"SirNeru","p2":"Ldr71","format":"[Gen 9] VGC 2023 Regulation C","log":"|j|\u2606SirNeru\n|j|\u2606Ldr71\n|t:|1683425378\n|gametype|doubles\n|player|p1|SirNeru|hilbert|1136\n|player|p2|Ldr71|1|1066\n|teamsize|p1|6\n|teamsize|p2|6\n|gen|9\n|tier|[Gen 9] VGC 2023 Regulation C\n|rated|\n|rule|Species Clause: Limit one of each Pok\u00e9mon\n|rule|Item Clause: Limit one of each item\n|clearpoke\n|poke|p1|Tsareena, L50, F|\n|poke|p1|Murkrow, L50, F|\n|poke|p1|Amoonguss, L50, F|\n|poke|p1|Palafin, L50, F|\n|poke|p1|Tyranitar, L50, F|\n|poke|p1|Garchomp, L50, F|\n|poke|p2|Sandy Shocks, L50|\n|poke|p2|Espathra, L50, M|\n|poke|p2|Chi-Yu, L50|\n|poke|p2|Flutter Mane, L50|\n|poke|p2|Gholdengo, L50|\n|poke|p2|Amoonguss, L50, F|\n|teampreview|4\n|inactive|Battle timer is ON: inactive players will automatically lose when time's up. (requested by Ldr71)\n|\n|t:|1683425394\n|start\n|switch|p1a: Garchomp|Garchomp, L50, F|100\/100\n|switch|p1b: Murkrow|Murkrow, L50, F|100\/100\n|switch|p2a: Sandy Shocks|Sandy Shocks, L50|100\/100\n|switch|p2b: Espathra|Espathra, L50, M|100\/100\n|-enditem|p2a: Sandy Shocks|Booster Energy\n|-activate|p2a: Sandy Shocks|ability: Protosynthesis|[fromitem]\n|-start|p2a: Sandy Shocks|protosynthesisspe\n|turn|1\n|\n|t:|1683425418\n|move|p1a: Garchomp|Protect|p1a: Garchomp\n|-singleturn|p1a: Garchomp|Protect\n|move|p1b: Murkrow|Tailwind|p1b: Murkrow\n|-sidestart|p1: SirNeru|move: Tailwind\n|move|p2a: Sandy Shocks|Gravity|p2a: Sandy Shocks\n|-fieldstart|move: Gravity\n|move|p2b: Espathra|Hypnosis|p1a: Garchomp\n|-activate|p1a: Garchomp|move: Protect\n|\n|-ability|p2b: Espathra|Speed Boost|boost\n|-boost|p2b: Espathra|spe|1\n|upkeep\n|turn|2\n|\n|t:|1683425427\n|switch|p1b: Tsareena|Tsareena, L50, F|100\/100\n|move|p2a: Sandy Shocks|Protect|p2a: Sandy Shocks\n|-singleturn|p2a: Sandy Shocks|Protect\n|move|p2b: Espathra|Protect|p2b: Espathra\n|-singleturn|p2b: Espathra|Protect\n|move|p1a: Garchomp|Swords Dance|p1a: Garchomp\n|-boost|p1a: Garchomp|atk|2\n|\n|-ability|p2b: Espathra|Speed Boost|boost\n|-boost|p2b: Espathra|spe|1\n|upkeep\n|turn|3\n|inactive|SirNeru has 30 seconds left.\n|inactive|Ldr71 has 30 seconds left.\n|\n|t:|1683425456\n|move|p1a: Garchomp|Rock Slide|p2a: Sandy Shocks|[spread] p2a,p2b\n|-resisted|p2a: Sandy Shocks\n|-damage|p2a: Sandy Shocks|80\/100\n|-damage|p2b: Espathra|46\/100\n|cant|p2b: Espathra|flinch\n|move|p2a: Sandy Shocks|Earth Power|p1a: Garchomp\n|-damage|p1a: Garchomp|59\/100\n|move|p1b: Tsareena|Power Whip|p2a: Sandy Shocks\n|-supereffective|p2a: Sandy Shocks\n|-damage|p2a: Sandy Shocks|0 fnt\n|faint|p2a: Sandy Shocks\n|-end|p2a: Sandy Shocks|Protosynthesis|[silent]\n|\n|-ability|p2b: Espathra|Speed Boost|boost\n|-boost|p2b: Espathra|spe|1\n|upkeep\n|\n|t:|1683425469\n|switch|p2a: Flutter Mane|Flutter Mane, L50|100\/100\n|turn|4\n|\n|t:|1683425483\n|-terastallize|p1a: Garchomp|Rock\n|move|p2b: Espathra|Protect|p2b: Espathra\n|-singleturn|p2b: Espathra|Protect\n|move|p2a: Flutter Mane|Protect|p2a: Flutter Mane\n|-singleturn|p2a: Flutter Mane|Protect\n|move|p1a: Garchomp|Rock Slide|p2a: Flutter Mane|[spread] \n|-activate|p2a: Flutter Mane|move: Protect\n|-activate|p2b: Espathra|move: Protect\n|move|p1b: Tsareena|Power Whip|p2b: Espathra\n|-activate|p2b: Espathra|move: Protect\n|\n|-sideend|p1: SirNeru|move: Tailwind\n|-ability|p2b: Espathra|Speed Boost|boost\n|-boost|p2b: Espathra|spe|1\n|upkeep\n|turn|5\n|\n|t:|1683425507\n|move|p1a: Garchomp|Protect|p1a: Garchomp\n|-singleturn|p1a: Garchomp|Protect\n|move|p2b: Espathra|Hypnosis|p1b: Tsareena\n|-block|p1b: Tsareena|ability: Sweet Veil|[of] p1b: Tsareena\n|move|p2a: Flutter Mane|Moonblast|p1a: Garchomp\n|-activate|p1a: Garchomp|move: Protect\n|move|p1b: Tsareena|Power Whip|p2a: Flutter Mane\n|-damage|p2a: Flutter Mane|2\/100\n|\n|-fieldend|move: Gravity\n|-ability|p2b: Espathra|Speed Boost|boost\n|-boost|p2b: Espathra|spe|1\n|upkeep\n|turn|6\n|\n|t:|1683425531\n|switch|p1b: Tyranitar|Tyranitar, L50, F|100\/100\n|-weather|Sandstorm|[from] ability: Sand Stream|[of] p1b: Tyranitar\n|move|p2b: Espathra|Lumina Crash|p1a: Garchomp\n|-damage|p1a: Garchomp|30\/100\n|-unboost|p1a: Garchomp|spd|2\n|move|p2a: Flutter Mane|Moonblast|p1a: Garchomp|[miss]\n|-miss|p2a: Flutter Mane|p1a: Garchomp\n|move|p1a: Garchomp|Rock Slide|p2a: Flutter Mane|[spread] p2a,p2b\n|-damage|p2a: Flutter Mane|0 fnt\n|-damage|p2b: Espathra|0 fnt\n|faint|p2a: Flutter Mane\n|-end|p2a: Flutter Mane|Protosynthesis|[silent]\n|faint|p2b: Espathra\n|\n|-weather|Sandstorm|[upkeep]\n|upkeep\n|c|\u2606Ldr71|Sand veil lmao\n|inactive|Ldr71 has 30 seconds left.\n|l|\u2606Ldr71\n|inactive|Ldr71 disconnected and has a minute to reconnect!\n|player|p2|\n|c|\u2606SirNeru|Lol\n|inactive|Ldr71 has 20 seconds left.\n|inactive|Ldr71 has 15 seconds left.\n|inactive|Ldr71 has 10 seconds left.\n|inactive|Ldr71 has 5 seconds left.\n|-message|Ldr71 lost due to inactivity.\n|\n|win|SirNeru\n|raw|SirNeru's rating: 1136 → 1156<\/strong> (+20 for winning)\n|raw|Ldr71's rating: 1066 → 1050<\/strong> (-16 for losing)\n","uploadtime":1683425592,"views":10,"p1id":"sirneru","p2id":"ldr71","formatid":"gen9vgc2023regulationc","rating":1050,"private":0,"password":""}