{"id":"gen9vgc2023regulationc-1855777444","p1":"hhhyy6","p2":"BigComedyGuy","format":"[Gen 9] VGC 2023 Regulation C","log":"|j|\u2606hhhyy6\n|j|\u2606BigComedyGuy\n|t:|1682982965\n|gametype|doubles\n|player|p1|hhhyy6|2|1236\n|player|p2|BigComedyGuy|n|1238\n|teamsize|p1|6\n|teamsize|p2|6\n|gen|9\n|tier|[Gen 9] VGC 2023 Regulation C\n|rated|\n|rule|Species Clause: Limit one of each Pok\u00e9mon\n|rule|Item Clause: Limit one of each item\n|clearpoke\n|poke|p1|Torkoal, L50, F|\n|poke|p1|Chi-Yu, L50|\n|poke|p1|Bronzong, L50|\n|poke|p1|Gastrodon, L50, F|\n|poke|p1|Grimmsnarl, L50, M|\n|poke|p1|Skeledirge, L50, F|\n|poke|p2|Tyranitar, L50, F|\n|poke|p2|Lycanroc, L50, F|\n|poke|p2|Ting-Lu, L50|\n|poke|p2|Maushold-Four, L50|\n|poke|p2|Annihilape, L50, M|\n|poke|p2|Flutter Mane, L50|\n|teampreview|4\n|inactive|Battle timer is ON: inactive players will automatically lose when time's up. (requested by hhhyy6)\n|\n|t:|1682982988\n|start\n|switch|p1a: Grimmsnarl|Grimmsnarl, L50, M|100\/100\n|switch|p1b: Bronzong|Bronzong, L50|100\/100\n|switch|p2a: Maushold|Maushold-Four, L50|100\/100\n|switch|p2b: Annihilape|Annihilape, L50, M|100\/100\n|turn|1\n|\n|t:|1682982999\n|-terastallize|p2a: Maushold|Ghost\n|move|p1a: Grimmsnarl|Fake Out|p2a: Maushold\n|-immune|p2a: Maushold\n|move|p2a: Maushold|Beat Up|p2b: Annihilape\n|-damage|p2b: Annihilape|99\/100\n|-damage|p2b: Annihilape|97\/100\n|-damage|p2b: Annihilape|94\/100\n|-damage|p2b: Annihilape|92\/100\n|-hitcount|p2b: Annihilape|4\n|move|p2b: Annihilape|Rage Fist|p1b: Bronzong\n|-supereffective|p1b: Bronzong\n|-enditem|p1b: Bronzong|Kasib Berry|[eat]\n|-enditem|p1b: Bronzong|Kasib Berry|[weaken]\n|-damage|p1b: Bronzong|31\/100\n|move|p1b: Bronzong|Trick Room|p1b: Bronzong\n|-fieldstart|move: Trick Room|[of] p1b: Bronzong\n|\n|-heal|p2b: Annihilape|99\/100|[from] item: Leftovers\n|upkeep\n|turn|2\n|inactive|BigComedyGuy has 30 seconds left.\n|inactive|hhhyy6 has 30 seconds left.\n|inactive|hhhyy6 has 20 seconds left.\n|inactive|BigComedyGuy has 20 seconds left.\n|\n|t:|1682983043\n|move|p1a: Grimmsnarl|Trick|p2b: Annihilape\n|-activate|p1a: Grimmsnarl|move: Trick|[of] p2b: Annihilape\n|-item|p2b: Annihilape|Lagging Tail|[from] move: Trick\n|-item|p1a: Grimmsnarl|Leftovers|[from] move: Trick\n|move|p1b: Bronzong|Iron Head|p2a: Maushold\n|-damage|p2a: Maushold|72\/100\n|move|p2b: Annihilape|Rage Fist|p1b: Bronzong\n|-supereffective|p1b: Bronzong\n|-damage|p1b: Bronzong|0 fnt\n|faint|p1b: Bronzong\n|move|p2a: Maushold|Super Fang|p1a: Grimmsnarl\n|-damage|p1a: Grimmsnarl|51\/100\n|\n|-heal|p1a: Grimmsnarl|57\/100|[from] item: Leftovers\n|upkeep\n|\n|t:|1682983047\n|switch|p1b: Torkoal|Torkoal, L50, F|100\/100\n|-weather|SunnyDay|[from] ability: Drought|[of] p1b: Torkoal\n|turn|3\n|inactive|BigComedyGuy has 30 seconds left.\n|\n|t:|1682983081\n|move|p1b: Torkoal|Eruption|p2a: Maushold|[spread] p2a,p2b\n|-damage|p2a: Maushold|0 fnt\n|-damage|p2b: Annihilape|52\/100\n|faint|p2a: Maushold\n|-damage|p1b: Torkoal|91\/100|[from] item: Life Orb\n|move|p1a: Grimmsnarl|Spirit Break|p2b: Annihilape\n|-supereffective|p2b: Annihilape\n|-damage|p2b: Annihilape|0 fnt\n|faint|p2b: Annihilape\n|\n|-weather|SunnyDay|[upkeep]\n|-heal|p1a: Grimmsnarl|62\/100|[from] item: Leftovers\n|upkeep\n|\n|t:|1682983089\n|switch|p2b: Lycanroc|Lycanroc, L50, F|100\/100\n|switch|p2a: Tyranitar|Tyranitar, L50, F|100\/100\n|-weather|Sandstorm|[from] ability: Sand Stream|[of] p2a: Tyranitar\n|turn|4\n|\n|t:|1682983106\n|-terastallize|p1b: Torkoal|Ground\n|move|p1a: Grimmsnarl|Sucker Punch||[still]\n|-fail|p1a: Grimmsnarl\n|move|p1b: Torkoal|Body Press|p2a: Tyranitar\n|-supereffective|p2a: Tyranitar\n|-damage|p2a: Tyranitar|0 fnt\n|faint|p2a: Tyranitar\n|-damage|p1b: Torkoal|82\/100|[from] item: Life Orb\n|move|p2b: Lycanroc|Howl|p2b: Lycanroc\n|-boost|p2b: Lycanroc|atk|1\n|\n|-weather|Sandstorm|[upkeep]\n|-damage|p1a: Grimmsnarl|57\/100|[from] Sandstorm\n|-heal|p1a: Grimmsnarl|62\/100|[from] item: Leftovers\n|upkeep\n|turn|5\n|\n|t:|1682983114\n|move|p2b: Lycanroc|Protect|p2b: Lycanroc\n|-singleturn|p2b: Lycanroc|Protect\n|move|p1b: Torkoal|Body Press|p2b: Lycanroc\n|-activate|p2b: Lycanroc|move: Protect\n|move|p1a: Grimmsnarl|Spirit Break|p2b: Lycanroc\n|-activate|p2b: Lycanroc|move: Protect\n|\n|-weather|Sandstorm|[upkeep]\n|-damage|p1a: Grimmsnarl|57\/100|[from] Sandstorm\n|-heal|p1a: Grimmsnarl|62\/100|[from] item: Leftovers\n|-fieldend|move: Trick Room\n|upkeep\n|turn|6\n|\n|t:|1682983119\n|move|p1a: Grimmsnarl|Sucker Punch|p2b: Lycanroc\n|-damage|p2b: Lycanroc|50\/100\n|move|p2b: Lycanroc|Rock Slide|p1a: Grimmsnarl|[spread] p1a,p1b\n|-resisted|p1b: Torkoal\n|-damage|p1a: Grimmsnarl|16\/100\n|-damage|p1b: Torkoal|68\/100\n|move|p1b: Torkoal|Body Press|p2b: Lycanroc\n|-supereffective|p2b: Lycanroc\n|-damage|p2b: Lycanroc|0 fnt\n|faint|p2b: Lycanroc\n|-damage|p1b: Torkoal|58\/100|[from] item: Life Orb\n|\n|win|hhhyy6\n|raw|hhhyy6's rating: 1236 → 1261<\/strong> (+25 for winning)\n|raw|BigComedyGuy's rating: 1238 → 1213<\/strong> (-25 for losing)\n","uploadtime":1682983129,"views":21,"p1id":"hhhyy6","p2id":"bigcomedyguy","formatid":"gen9vgc2023regulationc","rating":1213,"private":0,"password":""}