{"id":"gen9vgc2023regulationc-1860160472","p1":"Flo Bros Inc.","p2":"Nekogigante","format":"[Gen 9] VGC 2023 Regulation C","log":"|j|\u2606Flo Bros Inc.\n|j|\u2606Nekogigante\n|t:|1683602779\n|gametype|doubles\n|player|p1|Flo Bros Inc.|unknown|1333\n|player|p2|Nekogigante|2|1264\n|teamsize|p1|6\n|teamsize|p2|6\n|gen|9\n|tier|[Gen 9] VGC 2023 Regulation C\n|rated|\n|rule|Species Clause: Limit one of each Pok\u00e9mon\n|rule|Item Clause: Limit one of each item\n|clearpoke\n|poke|p1|Torkoal, L50, M|\n|poke|p1|Jumpluff, L50, F|\n|poke|p1|Great Tusk, L50|\n|poke|p1|Dragonite, L50, M|\n|poke|p1|Mimikyu, L50, M|\n|poke|p1|Glimmora, L50, F|\n|poke|p2|Palafin, L50, F|\n|poke|p2|Amoonguss, L50, F|\n|poke|p2|Arcanine, L50, F|\n|poke|p2|Ting-Lu, L50|\n|poke|p2|Orthworm, L50, F|\n|poke|p2|Flutter Mane, L50|\n|teampreview|4\n|inactive|Battle timer is ON: inactive players will automatically lose when time's up. (requested by Nekogigante)\nFlo Bros Inc. rejected open team sheets.\n|inactive|Flo Bros Inc. has 60 seconds left.\n|inactive|Nekogigante has 60 seconds left.\n|\n|t:|1683602818\n|start\n|switch|p1a: Kinky|Jumpluff, L50, F, shiny|100\/100\n|switch|p1b: Tort|Torkoal, L50, M|100\/100\n|switch|p2a: Dozo|Palafin, L50, F|100\/100\n|switch|p2b: Orthworm|Orthworm, L50, F|100\/100\n|-weather|SunnyDay|[from] ability: Drought|[of] p1b: Tort\n|turn|1\n|inactive|Nekogigante has 30 seconds left.\n|inactive|Nekogigante has 20 seconds left.\n|\n|t:|1683602858\n|detailschange|p2a: Dozo|Palafin-Hero, L50, F\n|switch|p2a: ChiYu|Arcanine, L50, F|100\/100\n|-ability|p2a: ChiYu|Intimidate|boost\n|-unboost|p1a: Kinky|atk|1\n|-unboost|p1b: Tort|atk|1\n|-enditem|p1b: Tort|Eject Pack\n|\n|t:|1683602875\n|switch|p1b: Talles|Dragonite, L50, M|100\/100\n|move|p1a: Kinky|Tailwind|p1a: Kinky\n|-sidestart|p1: Flo Bros Inc.|move: Tailwind\n|move|p2b: Orthworm|Shed Tail|p2b: Orthworm\n|-start|p2b: Orthworm|Substitute|[from] move: Shed Tail\n|-damage|p2b: Orthworm|50\/100\n|-enditem|p2b: Orthworm|Sitrus Berry|[eat]\n|-heal|p2b: Orthworm|75\/100|[from] item: Sitrus Berry\n|inactive|Nekogigante has 30 seconds left.\n|\n|t:|1683602901\n|switch|p2b: WoChien|Amoonguss, L50, F|100\/100|[from] Shed Tail\n|\n|-weather|SunnyDay|[upkeep]\n|upkeep\n|turn|2\n|inactive|Flo Bros Inc. has 30 seconds left.\n|\n|t:|1683602933\n|-terastallize|p1b: Talles|Flying\n|move|p1a: Kinky|Protect|p1a: Kinky\n|-singleturn|p1a: Kinky|Protect\n|move|p1b: Talles|Tera Blast|p2b: WoChien\n|-supereffective|p2b: WoChien\n|-end|p2b: WoChien|Substitute\n|move|p2a: ChiYu|Flare Blitz|p1a: Kinky\n|-activate|p1a: Kinky|move: Protect\n|move|p2b: WoChien|Spore|p1b: Talles\n|-status|p1b: Talles|slp|[from] move: Spore\n|\n|-weather|SunnyDay|[upkeep]\n|upkeep\n|turn|3\n|inactive|Nekogigante has 30 seconds left.\n|inactive|Nekogigante has 20 seconds left.\n|\n|t:|1683602975\n|switch|p1a: Tort|Torkoal, L50, M|100\/100\n|cant|p1b: Talles|slp\n|move|p2a: ChiYu|Flare Blitz|p1a: Tort\n|-resisted|p1a: Tort\n|-damage|p1a: Tort|75\/100\n|-damage|p2a: ChiYu|93\/100|[from] Recoil\n|move|p2b: WoChien|Spore|p1a: Tort\n|-status|p1a: Tort|slp|[from] move: Spore\n|\n|-weather|SunnyDay|[upkeep]\n|upkeep\n|turn|4\n|inactive|Nekogigante has 30 seconds left.\n|inactive|Nekogigante has 20 seconds left.\n|inactive|Nekogigante has 15 seconds left.\n|inactive|Nekogigante has 10 seconds left.\n|\n|t:|1683603025\n|switch|p2b: Dozo|Palafin-Hero, L50, F|100\/100\n|-activate|p2b: Dozo|ability: Zero to Hero\n|cant|p1b: Talles|slp\n|move|p2a: ChiYu|Flare Blitz|p1b: Talles\n|-damage|p1b: Talles|65\/100 slp\n|-damage|p2a: ChiYu|83\/100|[from] Recoil\n|cant|p1a: Tort|slp\n|\n|-weather|SunnyDay|[upkeep]\n|-sideend|p1: Flo Bros Inc.|move: Tailwind\n|upkeep\n|turn|5\n|inactive|Nekogigante has 30 seconds left.\n|inactive|Flo Bros Inc. has 30 seconds left.\n|inactive|Nekogigante has 20 seconds left.\n|inactive|Nekogigante has 15 seconds left.\n|\n|t:|1683603069\n|move|p2a: ChiYu|Extreme Speed|p1b: Talles\n|-damage|p1b: Talles|46\/100 slp\n|move|p2b: Dozo|Wave Crash|p1b: Talles\n|-damage|p1b: Talles|0 fnt\n|faint|p1b: Talles\n|-damage|p2b: Dozo|88\/100|[from] Recoil\n|cant|p1a: Tort|slp\n|\n|-weather|none\n|upkeep\n|\n|t:|1683603084\n|switch|p1b: Kinky|Jumpluff, L50, F, shiny|100\/100\n|turn|6\n|inactive|Nekogigante has 30 seconds left.\n|\n|t:|1683603110\n|move|p2b: Dozo|Protect|p2b: Dozo\n|-singleturn|p2b: Dozo|Protect\n|move|p1b: Kinky|Tailwind|p1b: Kinky\n|-sidestart|p1: Flo Bros Inc.|move: Tailwind\n|move|p2a: ChiYu|Flare Blitz|p1b: Kinky\n|-supereffective|p1b: Kinky\n|-enditem|p1b: Kinky|Focus Sash\n|-damage|p1b: Kinky|1\/100\n|-damage|p2a: ChiYu|52\/100|[from] Recoil\n|-curestatus|p1a: Tort|slp|[msg]\n|move|p1a: Tort|Yawn|p2b: Dozo\n|-activate|p2b: Dozo|move: Protect\n|\n|upkeep\n|turn|7\n|inactive|Flo Bros Inc. has 30 seconds left.\n|\n|t:|1683603138\n|-terastallize|p2b: Dozo|Water\n|move|p1b: Kinky|Protect|p1b: Kinky\n|-singleturn|p1b: Kinky|Protect\n|move|p2a: ChiYu|Extreme Speed|p1b: Kinky\n|-activate|p1b: Kinky|move: Protect\n|move|p2b: Dozo|Jet Punch|p1a: Tort\n|-supereffective|p1a: Tort\n|-damage|p1a: Tort|0 fnt\n|faint|p1a: Tort\n|\n|upkeep\n|\n|t:|1683603148\n|switch|p1a: Johnson|Great Tusk, L50|100\/100\n|turn|8\n|\n|t:|1683603162\n|move|p2a: ChiYu|Extreme Speed|p1b: Kinky\n|-damage|p1b: Kinky|0 fnt\n|faint|p1b: Kinky\n|move|p2b: Dozo|Jet Punch|p1a: Johnson\n|-supereffective|p1a: Johnson\n|-crit|p1a: Johnson\n|-damage|p1a: Johnson|0 fnt\n|faint|p1a: Johnson\n|-end|p1a: Johnson|Protosynthesis|[silent]\n|\n|win|Nekogigante\n|raw|Flo Bros Inc.'s rating: 1333 → 1309<\/strong> (-24 for losing)\n|raw|Nekogigante's rating: 1264 → 1294<\/strong> (+30 for winning)\n|l|\u2606Flo Bros Inc.\n","uploadtime":1683603204,"views":10,"p1id":"flobrosinc","p2id":"nekogigante","formatid":"gen9vgc2023regulationc","rating":1294,"private":0,"password":""}