{"id":"gen9vgc2023regulationc-1851608111","p1":"W!2P!N","p2":"temerence","format":"[Gen 9] VGC 2023 Regulation C","log":"|j|\u2606W!2P!N\n|j|\u2606temerence\n|t:|1682460692\n|gametype|doubles\n|player|p1|W!2P!N|102|1137\n|player|p2|temerence|hilbert|1000\n|teamsize|p1|6\n|teamsize|p2|6\n|gen|9\n|tier|[Gen 9] VGC 2023 Regulation C\n|rated|\n|rule|Species Clause: Limit one of each Pok\u00e9mon\n|rule|Item Clause: Limit one of each item\n|clearpoke\n|poke|p1|Toxicroak, L50, F|\n|poke|p1|Flutter Mane, L50|\n|poke|p1|Arcanine, L50, M|\n|poke|p1|Dragonite, L50, M|\n|poke|p1|Ting-Lu, L50|\n|poke|p1|Amoonguss, L50, M|\n|poke|p2|Flutter Mane, L50|\n|poke|p2|Amoonguss, L50, M|\n|poke|p2|Palafin, L50, F|\n|poke|p2|Chien-Pao, L50|\n|poke|p2|Arcanine, L50, M|\n|poke|p2|Dragapult, L50, F|\n|teampreview|4\n|inactive|Battle timer is ON: inactive players will automatically lose when time's up. (requested by W!2P!N)\n|\n|t:|1682460722\n|start\n|switch|p1a: Flutter Mane|Flutter Mane, L50|100\/100\n|switch|p1b: Eternal|Amoonguss, L50, M, shiny|100\/100\n|switch|p2a: Flutter Mane|Flutter Mane, L50|100\/100\n|switch|p2b: Palafin|Palafin, L50, F|100\/100\n|-enditem|p2a: Flutter Mane|Booster Energy\n|-activate|p2a: Flutter Mane|ability: Protosynthesis|[fromitem]\n|-start|p2a: Flutter Mane|protosynthesisspe\n|turn|1\n|inactive|temerence has 30 seconds left.\n|inactive|W!2P!N has 30 seconds left.\n|inactive|temerence has 20 seconds left.\n|\n|t:|1682460759\n|move|p2b: Palafin|Protect|p2b: Palafin\n|-singleturn|p2b: Palafin|Protect\n|move|p2a: Flutter Mane|Shadow Ball|p1b: Eternal\n|-damage|p1b: Eternal|62\/100\n|move|p1a: Flutter Mane|Thunderbolt|p2b: Palafin\n|-activate|p2b: Palafin|move: Protect\n|move|p1b: Eternal|Spore|p2a: Flutter Mane\n|-status|p2a: Flutter Mane|slp|[from] move: Spore\n|\n|upkeep\n|turn|2\n|inactive|W!2P!N has 30 seconds left.\n|\n|t:|1682460788\n|-end|p1a: Flutter Mane|Protosynthesis|[silent]\n|switch|p1a: Dragonite|Dragonite, L50, M|100\/100\n|detailschange|p2b: Palafin|Palafin-Hero, L50, F\n|switch|p2b: Amoonguss|Amoonguss, L50, M|100\/100\n|cant|p2a: Flutter Mane|slp\n|move|p1b: Eternal|Spore|p2b: Amoonguss\n|-immune|p2b: Amoonguss\n|\n|upkeep\n|turn|3\n|\n|t:|1682460807\n|switch|p1b: Flutter Mane|Flutter Mane, L50|100\/100\n|-terastallize|p1a: Dragonite|Flying\n|-curestatus|p2a: Flutter Mane|slp|[msg]\n|move|p2a: Flutter Mane|Moonblast|p1a: Dragonite\n|-damage|p1a: Dragonite|58\/100\n|move|p1a: Dragonite|Tera Blast|p2b: Amoonguss\n|-supereffective|p2b: Amoonguss\n|-damage|p2b: Amoonguss|0 fnt\n|faint|p2b: Amoonguss\n|-damage|p1a: Dragonite|48\/100|[from] item: Life Orb\n|\n|upkeep\n|\n|t:|1682460823\n|switch|p2b: Chien-Pao|Chien-Pao, L50|100\/100\n|-ability|p2b: Chien-Pao|Sword of Ruin\n|turn|4\n|\n|t:|1682460836\n|move|p2b: Chien-Pao|Protect|p2b: Chien-Pao\n|-singleturn|p2b: Chien-Pao|Protect\n|move|p1a: Dragonite|Extreme Speed|p2b: Chien-Pao\n|-activate|p2b: Chien-Pao|move: Protect\n|move|p2a: Flutter Mane|Dazzling Gleam|p1b: Flutter Mane|[spread] p1a,p1b\n|-damage|p1a: Dragonite|22\/100\n|-damage|p1b: Flutter Mane|66\/100\n|move|p1b: Flutter Mane|Shadow Ball|p2a: Flutter Mane\n|-supereffective|p2a: Flutter Mane\n|-damage|p2a: Flutter Mane|0 fnt\n|faint|p2a: Flutter Mane\n|-end|p2a: Flutter Mane|Protosynthesis|[silent]\n|\n|upkeep\n|\n|t:|1682460850\n|switch|p2a: Palafin|Palafin-Hero, L50, F|100\/100\n|-activate|p2a: Palafin|ability: Zero to Hero\n|turn|5\n|\n|t:|1682460863\n|-end|p1b: Flutter Mane|Protosynthesis|[silent]\n|switch|p1b: Eternal|Amoonguss, L50, M, shiny|95\/100\n|-terastallize|p2b: Chien-Pao|Ghost\n|move|p1a: Dragonite|Extreme Speed|p2a: Palafin\n|-crit|p2a: Palafin\n|-damage|p2a: Palafin|21\/100\n|-damage|p1a: Dragonite|12\/100|[from] item: Life Orb\n|move|p2b: Chien-Pao|Sucker Punch||[still]\n|-fail|p2b: Chien-Pao\n|move|p2a: Palafin|Jet Punch|p1a: Dragonite\n|-damage|p1a: Dragonite|0 fnt\n|faint|p1a: Dragonite\n|\n|upkeep\n|\n|t:|1682460866\n|switch|p1a: Flutter Mane|Flutter Mane, L50|66\/100\n|turn|6\n|inactive|temerence has 30 seconds left.\n|\n|t:|1682460896\n|move|p2a: Palafin|Protect|p2a: Palafin\n|-singleturn|p2a: Palafin|Protect\n|move|p1b: Eternal|Rage Powder|p1b: Eternal\n|-singleturn|p1b: Eternal|move: Rage Powder\n|move|p2b: Chien-Pao|Sucker Punch||[still]\n|-fail|p2b: Chien-Pao\n|move|p1a: Flutter Mane|Dazzling Gleam|p2b: Chien-Pao|[spread] p2b\n|-activate|p2a: Palafin|move: Protect\n|-damage|p2b: Chien-Pao|34\/100\n|\n|upkeep\n|turn|7\n|\n|t:|1682460916\n|move|p1b: Eternal|Rage Powder|p1b: Eternal\n|-singleturn|p1b: Eternal|move: Rage Powder\n|move|p2a: Palafin|Jet Punch|p1b: Eternal\n|-resisted|p1b: Eternal\n|-damage|p1b: Eternal|68\/100\n|move|p2b: Chien-Pao|Sacred Sword|p1b: Eternal\n|-resisted|p1b: Eternal\n|-damage|p1b: Eternal|52\/100\n|move|p1a: Flutter Mane|Dazzling Gleam|p2a: Palafin|[spread] p2a,p2b\n|-damage|p2a: Palafin|0 fnt\n|-damage|p2b: Chien-Pao|0 fnt\n|faint|p2a: Palafin\n|faint|p2b: Chien-Pao\n|\n|win|W!2P!N\n|raw|W!2P!N's rating: 1137 → 1153<\/strong> (+16 for winning)\n|raw|temerence's rating: 1000 → 1000<\/strong> (+0 for losing)\n|l|\u2606W!2P!N\n","uploadtime":1682460932,"views":13,"p1id":"w2pn","p2id":"temerence","formatid":"gen9vgc2023regulationc","rating":1000,"private":0,"password":""}