{"id":"gen9vgc2023regulationc-1849822583","p1":"BlindMagneton","p2":"NemesisRider","format":"[Gen 9] VGC 2023 Regulation C","log":"|j|\u2606BlindMagneton\n|j|\u2606NemesisRider\n|t:|1682256932\n|gametype|doubles\n|player|p1|BlindMagneton|wattson|1427\n|player|p2|NemesisRider|102|1398\n|teamsize|p1|6\n|teamsize|p2|6\n|gen|9\n|tier|[Gen 9] VGC 2023 Regulation C\n|rated|\n|rule|Species Clause: Limit one of each Pok\u00e9mon\n|rule|Item Clause: Limit one of each item\n|clearpoke\n|poke|p1|Iron Valiant, L50|\n|poke|p1|Wo-Chien, L50|\n|poke|p1|Maushold, L50|\n|poke|p1|Grimmsnarl, L50, M|\n|poke|p1|Chien-Pao, L50|\n|poke|p1|Dragapult, L50, M|\n|poke|p2|Flutter Mane, L50|\n|poke|p2|Amoonguss, L50, M|\n|poke|p2|Baxcalibur, L50, M|\n|poke|p2|Talonflame, L50, M|\n|poke|p2|Bruxish, L50, F|\n|poke|p2|Iron Hands, L50|\n|teampreview|4\nNemesisRider has agreed to open team sheets.\n|inactive|Battle timer is ON: inactive players will automatically lose when time's up. (requested by NemesisRider)\n|inactive|BlindMagneton has 60 seconds left.\n|inactive|BlindMagneton has 30 seconds left.\n|inactive|BlindMagneton has 20 seconds left.\n|\n|t:|1682257017\n|start\n|switch|p1a: Grimmsnarl|Grimmsnarl, L50, M|100\/100\n|switch|p1b: Maushold|Maushold, L50|100\/100\n|switch|p2a: Smogon Bird|Talonflame, L50, M|100\/100\n|switch|p2b: Lando-T|Flutter Mane, L50|100\/100\n|turn|1\n|inactive|BlindMagneton has 30 seconds left.\n|\n|t:|1682257049\n|-end|p2b: Lando-T|Protosynthesis|[silent]\n|switch|p2b: WTF|Bruxish, L50, F, shiny|100\/100\n|move|p1a: Grimmsnarl|Fake Out||[still]\n|cant|p2b: WTF|ability: Dazzling|Fake Out|[of] p1a: Grimmsnarl\n|move|p2a: Smogon Bird|Will-O-Wisp|p1b: Maushold|[miss]\n|-miss|p2a: Smogon Bird|p1b: Maushold\n|move|p1b: Maushold|Taunt|p2a: Smogon Bird\n|-start|p2a: Smogon Bird|move: Taunt\n|\n|upkeep\n|turn|2\n|inactive|BlindMagneton has 30 seconds left.\n|inactive|NemesisRider has 30 seconds left.\n|inactive|BlindMagneton has 20 seconds left.\n|inactive|BlindMagneton has 15 seconds left.\n|inactive|BlindMagneton has 10 seconds left.\n|\n|t:|1682257096\n|switch|p2a: Lando-T|Flutter Mane, L50|100\/100\n|switch|p1a: Iron Valiant|Iron Valiant, L50|100\/100\n|-enditem|p1a: Iron Valiant|Booster Energy\n|-activate|p1a: Iron Valiant|ability: Quark Drive|[fromitem]\n|-start|p1a: Iron Valiant|quarkdrivespe\n|move|p2b: WTF|Protect|p2b: WTF\n|-singleturn|p2b: WTF|Protect\n|move|p1b: Maushold|Population Bomb|p2a: Lando-T\n|-immune|p2a: Lando-T\n|\n|upkeep\n|turn|3\n|\n|t:|1682257120\n|-terastallize|p1a: Iron Valiant|Normal\n|-terastallize|p2a: Lando-T|Fairy\n|move|p1a: Iron Valiant|Imprison|p1a: Iron Valiant\n|-start|p1a: Iron Valiant|move: Imprison\n|move|p1b: Maushold|Population Bomb|p2b: WTF\n|-damage|p2b: WTF|85\/100\n|-damage|p2b: WTF|69\/100\n|-damage|p2b: WTF|52\/100\n|-damage|p2b: WTF|38\/100\n|-damage|p2b: WTF|21\/100\n|-damage|p2b: WTF|7\/100\n|-damage|p2b: WTF|0 fnt\n|faint|p2b: WTF\n|-hitcount|p2: WTF|7\n|cant|p2a: Lando-T|move: Imprison|Dazzling Gleam\n|\n|upkeep\n|\n|t:|1682257132\n|switch|p2b: Smogon Bird|Talonflame, L50, M|100\/100\n|turn|4\n|inactive|BlindMagneton has 30 seconds left.\n|c|\u2606NemesisRider|If only I'd played T1 differently\n|\n|t:|1682257164\n|-end|p2a: Lando-T|Protosynthesis|[silent]\n|switch|p2a: Godzilla 2|Baxcalibur, L50, M|100\/100\n|move|p2b: Smogon Bird|Tailwind|p2b: Smogon Bird\n|-sidestart|p2: NemesisRider|move: Tailwind\n|move|p1a: Iron Valiant|Moonblast|p2a: Godzilla 2\n|-supereffective|p2a: Godzilla 2\n|-damage|p2a: Godzilla 2|17\/100\n|move|p1b: Maushold|Taunt|p2b: Smogon Bird\n|-start|p2b: Smogon Bird|move: Taunt\n|\n|upkeep\n|turn|5\n|inactive|BlindMagneton has 30 seconds left.\n|\n|t:|1682257196\n|move|p1b: Maushold|Follow Me|p1b: Maushold\n|-singleturn|p1b: Maushold|move: Follow Me\n|move|p2b: Smogon Bird|Brave Bird|p1b: Maushold\n|-damage|p1b: Maushold|39\/100\n|-damage|p2b: Smogon Bird|83\/100|[from] Recoil\n|move|p1a: Iron Valiant|Dazzling Gleam|p2a: Godzilla 2|[spread] p2a,p2b\n|-supereffective|p2a: Godzilla 2\n|-resisted|p2b: Smogon Bird\n|-damage|p2a: Godzilla 2|0 fnt\n|-damage|p2b: Smogon Bird|64\/100\n|faint|p2a: Godzilla 2\n|\n|upkeep\n|\n|t:|1682257205\n|switch|p2a: Lando-T|Flutter Mane, L50, tera:Fairy|100\/100\n|turn|6\n|-message|NemesisRider forfeited.\n|\n|win|BlindMagneton\n|raw|BlindMagneton's rating: 1427 → 1445<\/strong> (+18 for winning)\n|raw|NemesisRider's rating: 1398 → 1380<\/strong> (-18 for losing)\n|c|\u2606NemesisRider|ggwp\n|c|\u2606BlindMagneton|gg\n|l|\u2606NemesisRider\n","uploadtime":1682257219,"views":13,"p1id":"blindmagneton","p2id":"nemesisrider","formatid":"gen9vgc2023regulationc","rating":1380,"private":0,"password":""}