{"id":"gen9vgc2023regulationc-1857979173","p1":"PkmnTrainerHotPink","p2":"OwanTanSoup","format":"[Gen 9] VGC 2023 Regulation C","log":"|j|\u2606PkmnTrainerHotPink\n|j|\u2606OwanTanSoup\n|t:|1683255145\n|gametype|doubles\n|player|p1|PkmnTrainerHotPink|cynthia|1089\n|player|p2|OwanTanSoup|silver|1038\n|teamsize|p1|6\n|teamsize|p2|6\n|gen|9\n|tier|[Gen 9] VGC 2023 Regulation C\n|rated|\n|rule|Species Clause: Limit one of each Pok\u00e9mon\n|rule|Item Clause: Limit one of each item\n|clearpoke\n|poke|p1|Flutter Mane, L50|\n|poke|p1|Iron Bundle, L50|\n|poke|p1|Iron Hands, L50|\n|poke|p1|Arcanine, L50, F|\n|poke|p1|Amoonguss, L50, F|\n|poke|p1|Bronzong, L50|\n|poke|p2|Ceruledge, L50, M|\n|poke|p2|Gastrodon, L50, F|\n|poke|p2|Sylveon, L50, F|\n|poke|p2|Tauros-Paldea-Aqua, L50, M|\n|poke|p2|Chien-Pao, L50|\n|poke|p2|Misdreavus, L50, M|\n|teampreview|4\n|inactive|Battle timer is ON: inactive players will automatically lose when time's up. (requested by PkmnTrainerHotPink)\nPkmnTrainerHotPink has agreed to open team sheets.\n|inactive|PkmnTrainerHotPink has 60 seconds left.\n|inactive|OwanTanSoup has 60 seconds left.\n|\n|t:|1683255187\n|start\n|switch|p1a: Arcanine|Arcanine, L50, F|100\/100\n|switch|p1b: Bronzong|Bronzong, L50|100\/100\n|switch|p2a: Ceruledge|Ceruledge, L50, M|100\/100\n|switch|p2b: Misdreavus|Misdreavus, L50, M|100\/100\n|-ability|p1a: Arcanine|Intimidate|boost\n|-unboost|p2a: Ceruledge|atk|1\n|-unboost|p2b: Misdreavus|atk|1\n|turn|1\n|inactive|PkmnTrainerHotPink has 30 seconds left.\n|\n|t:|1683255230\n|-terastallize|p1b: Bronzong|Fire\n|move|p2a: Ceruledge|Protect|p2a: Ceruledge\n|-singleturn|p2a: Ceruledge|Protect\n|move|p1a: Arcanine|Protect|p1a: Arcanine\n|-singleturn|p1a: Arcanine|Protect\n|move|p2b: Misdreavus|Taunt|p1b: Bronzong\n|-start|p1b: Bronzong|move: Taunt\n|move|p1b: Bronzong|Gyro Ball|p2b: Misdreavus\n|-damage|p2b: Misdreavus|61\/100\n|\n|upkeep\n|turn|2\n|inactive|PkmnTrainerHotPink has 30 seconds left.\n|inactive|PkmnTrainerHotPink has 20 seconds left.\n|inactive|PkmnTrainerHotPink has 15 seconds left.\n|\n|t:|1683255271\n|move|p2b: Misdreavus|Shadow Sneak|p2a: Ceruledge\n|-supereffective|p2a: Ceruledge\n|-damage|p2a: Ceruledge|84\/100\n|-ability|p2a: Ceruledge|Weak Armor|boost\n|-unboost|p2a: Ceruledge|def|1\n|-boost|p2a: Ceruledge|spe|2\n|-enditem|p2a: Ceruledge|Weakness Policy\n|-boost|p2a: Ceruledge|atk|2|[from] item: Weakness Policy\n|-boost|p2a: Ceruledge|spa|2|[from] item: Weakness Policy\n|move|p2a: Ceruledge|Close Combat|p1a: Arcanine\n|-damage|p1a: Arcanine|34\/100\n|-unboost|p2a: Ceruledge|def|1\n|-unboost|p2a: Ceruledge|spd|1\n|-enditem|p1a: Arcanine|Sitrus Berry|[eat]\n|-heal|p1a: Arcanine|59\/100|[from] item: Sitrus Berry\n|move|p1a: Arcanine|Flare Blitz|p2b: Misdreavus\n|-damage|p2b: Misdreavus|0 fnt\n|faint|p2b: Misdreavus\n|-damage|p1a: Arcanine|45\/100|[from] Recoil\n|move|p1b: Bronzong|Gyro Ball|p2a: Ceruledge\n|-resisted|p2a: Ceruledge\n|-damage|p2a: Ceruledge|16\/100\n|-ability|p2a: Ceruledge|Weak Armor|boost\n|-unboost|p2a: Ceruledge|def|1\n|-boost|p2a: Ceruledge|spe|2\n|\n|upkeep\n|\n|t:|1683255292\n|switch|p2b: Gastrodon|Gastrodon, L50, F|100\/100\n|turn|3\n|inactive|PkmnTrainerHotPink has 30 seconds left.\n|\n|t:|1683255326\n|move|p2a: Ceruledge|Protect|p2a: Ceruledge\n|-singleturn|p2a: Ceruledge|Protect\n|move|p1a: Arcanine|Protect|p1a: Arcanine\n|-singleturn|p1a: Arcanine|Protect\n|move|p2b: Gastrodon|Surf|p1a: Arcanine|[spread] p1b\n|-activate|p2a: Ceruledge|move: Protect\n|-activate|p1a: Arcanine|move: Protect\n|-supereffective|p1b: Bronzong\n|-damage|p1b: Bronzong|69\/100\n|move|p1b: Bronzong|Gyro Ball|p2a: Ceruledge\n|-activate|p2a: Ceruledge|move: Protect\n|\n|-end|p1b: Bronzong|move: Taunt\n|upkeep\n|turn|4\n|inactive|PkmnTrainerHotPink has 30 seconds left.\n|inactive|OwanTanSoup has 30 seconds left.\n|\n|t:|1683255358\n|switch|p1a: Iron Hands|Iron Hands, L50|100\/100\n|move|p2a: Ceruledge|Bitter Blade|p1a: Iron Hands\n|-damage|p1a: Iron Hands|47\/100\n|-heal|p2a: Ceruledge|60\/100|[from] drain|[of] p1a: Iron Hands\n|move|p2b: Gastrodon|Icy Wind|p1b: Bronzong|[spread] p1a,p1b\n|-resisted|p1b: Bronzong\n|-damage|p1a: Iron Hands|42\/100\n|-damage|p1b: Bronzong|66\/100\n|-unboost|p1a: Iron Hands|spe|1\n|-unboost|p1b: Bronzong|spe|1\n|move|p1b: Bronzong|Gyro Ball|p2a: Ceruledge\n|-resisted|p2a: Ceruledge\n|-damage|p2a: Ceruledge|0 fnt\n|faint|p2a: Ceruledge\n|\n|upkeep\n|\n|t:|1683255370\n|switch|p2a: Sylveon|Sylveon, L50, F, shiny|100\/100\n|turn|5\n|\n|t:|1683255388\n|move|p1a: Iron Hands|Fake Out|p2a: Sylveon\n|-damage|p2a: Sylveon|82\/100\n|cant|p2a: Sylveon|flinch\n|move|p2b: Gastrodon|Surf|p1b: Bronzong|[spread] p2a,p1a,p1b\n|-supereffective|p1b: Bronzong\n|-damage|p2a: Sylveon|65\/100\n|-damage|p1a: Iron Hands|31\/100\n|-damage|p1b: Bronzong|32\/100\n|move|p1b: Bronzong|Trick Room|p1b: Bronzong\n|-fieldstart|move: Trick Room|[of] p1b: Bronzong\n|\n|upkeep\n|turn|6\n|\n|t:|1683255412\n|-terastallize|p2b: Gastrodon|Water\n|move|p2a: Sylveon|Protect|p2a: Sylveon\n|-singleturn|p2a: Sylveon|Protect\n|move|p1b: Bronzong|Gyro Ball|p2a: Sylveon\n|-activate|p2a: Sylveon|move: Protect\n|move|p1a: Iron Hands|Drain Punch|p2b: Gastrodon\n|-damage|p2b: Gastrodon|57\/100\n|-heal|p1a: Iron Hands|50\/100|[from] drain|[of] p2b: Gastrodon\n|move|p2b: Gastrodon|Surf|p1b: Bronzong|[spread] p1a,p1b\n|-activate|p2a: Sylveon|move: Protect\n|-supereffective|p1b: Bronzong\n|-damage|p1a: Iron Hands|36\/100\n|-damage|p1b: Bronzong|0 fnt\n|faint|p1b: Bronzong\n|\n|-heal|p2b: Gastrodon|63\/100|[from] item: Leftovers\n|upkeep\n|inactive|PkmnTrainerHotPink has 30 seconds left.\n|\n|t:|1683255439\n|switch|p1b: Arcanine|Arcanine, L50, F|45\/100\n|-ability|p1b: Arcanine|Intimidate|boost\n|-unboost|p2a: Sylveon|atk|1\n|-unboost|p2b: Gastrodon|atk|1\n|turn|7\n|\n|t:|1683255454\n|-end|p1a: Iron Hands|Quark Drive|[silent]\n|switch|p1a: Flutter Mane|Flutter Mane, L50|100\/100\n|move|p2a: Sylveon|Helping Hand|p2b: Gastrodon\n|-singleturn|p2b: Gastrodon|Helping Hand|[of] p2a: Sylveon\n|move|p1b: Arcanine|Protect|p1b: Arcanine\n|-singleturn|p1b: Arcanine|Protect\n|move|p2b: Gastrodon|Surf|p1b: Arcanine|[spread] p2a,p1a\n|-activate|p1b: Arcanine|move: Protect\n|-damage|p2a: Sylveon|31\/100\n|-damage|p1a: Flutter Mane|62\/100\n|\n|-heal|p2b: Gastrodon|69\/100|[from] item: Leftovers\n|upkeep\n|turn|8\n|inactive|PkmnTrainerHotPink has 30 seconds left.\n|inactive|PkmnTrainerHotPink has 20 seconds left.\n|\n|t:|1683255490\n|switch|p1b: Iron Hands|Iron Hands, L50|36\/100\n|move|p2b: Gastrodon|Surf|p1b: Iron Hands|[spread] p2a,p1a,p1b\n|-damage|p2a: Sylveon|10\/100\n|-damage|p1a: Flutter Mane|39\/100\n|-damage|p1b: Iron Hands|20\/100\n|move|p2a: Sylveon|Hyper Voice|p1b: Iron Hands|[spread] p1a,p1b\n|-supereffective|p1b: Iron Hands\n|-damage|p1a: Flutter Mane|5\/100\n|-damage|p1b: Iron Hands|0 fnt\n|faint|p1b: Iron Hands\n|-end|p1b: Iron Hands|Quark Drive|[silent]\n|-enditem|p2a: Sylveon|Throat Spray\n|-boost|p2a: Sylveon|spa|1|[from] item: Throat Spray\n|move|p1a: Flutter Mane|Thunderbolt|p2b: Gastrodon\n|-supereffective|p2b: Gastrodon\n|-damage|p2b: Gastrodon|0 fnt\n|faint|p2b: Gastrodon\n|\n|upkeep\n|\n|t:|1683255504\n|switch|p1b: Arcanine|Arcanine, L50, F|45\/100\n|-ability|p1b: Arcanine|Intimidate|boost\n|-unboost|p2a: Sylveon|atk|1\n|turn|9\n|\n|t:|1683255511\n|move|p1b: Arcanine|Extreme Speed|p2a: Sylveon\n|-damage|p2a: Sylveon|0 fnt\n|faint|p2a: Sylveon\n|\n|win|PkmnTrainerHotPink\n|raw|PkmnTrainerHotPink's rating: 1089 → 1112<\/strong> (+23 for winning)\n|raw|OwanTanSoup's rating: 1038 → 1025<\/strong> (-13 for losing)\n|l|\u2606OwanTanSoup\n","uploadtime":1683255571,"views":9,"p1id":"pkmntrainerhotpink","p2id":"owantansoup","formatid":"gen9vgc2023regulationc","rating":1025,"private":0,"password":""}