{"id":"gen9vgc2023regulationc-1863861299","p1":"Cynthia husband","p2":"seismattersCORNER","format":"[Gen 9] VGC 2023 Regulation C","log":"|j|\u2606Cynthia husband\n|j|\u2606seismattersCORNER\n|t:|1684086572\n|gametype|doubles\n|player|p1|Cynthia husband|cynthia-gen4|1312\n|player|p2|seismattersCORNER|emmet|1270\n|teamsize|p1|6\n|teamsize|p2|6\n|gen|9\n|tier|[Gen 9] VGC 2023 Regulation C\n|rated|\n|rule|Species Clause: Limit one of each Pok\u00e9mon\n|rule|Item Clause: Limit one of each item\n|clearpoke\n|poke|p1|Garchomp, L50, M|\n|poke|p1|Glaceon, L50, F|\n|poke|p1|Braviary, L50, M|\n|poke|p1|Lucario, L50, M|\n|poke|p1|Spiritomb, L50, M|\n|poke|p1|Gastrodon-East, L50, F|\n|poke|p2|Amoonguss, L50, M|\n|poke|p2|Gyarados, L50, M|\n|poke|p2|Murkrow, L50, F|\n|poke|p2|Flutter Mane, L50|\n|poke|p2|Gholdengo, L50|\n|poke|p2|Great Tusk, L50|\n|teampreview|4\n|inactive|Battle timer is ON: inactive players will automatically lose when time's up. (requested by Cynthia husband)\nseismattersCORNER has agreed to open team sheets.\n|inactive|seismattersCORNER has 60 seconds left.\n|\n|t:|1684086614\n|start\n|switch|p1a: Garchomp|Garchomp, L50, M, shiny|100\/100\n|switch|p1b: Braviary|Braviary, L50, M, shiny|100\/100\n|switch|p2a: Flutter Mane|Flutter Mane, L50, shiny|100\/100\n|switch|p2b: Great Tusk|Great Tusk, L50|100\/100\n|turn|1\n|inactive|seismattersCORNER has 30 seconds left.\n|\n|t:|1684086639\n|-terastallize|p2b: Great Tusk|Ground\n|-terastallize|p1a: Garchomp|Fire\n|move|p2b: Great Tusk|Headlong Rush|p1a: Garchomp\n|-supereffective|p1a: Garchomp\n|-damage|p1a: Garchomp|0 fnt\n|-unboost|p2b: Great Tusk|def|1\n|-unboost|p2b: Great Tusk|spd|1\n|-damage|p2b: Great Tusk|88\/100|[from] ability: Rough Skin|[of] p1a: Garchomp\n|faint|p1a: Garchomp\n|move|p2a: Flutter Mane|Dazzling Gleam|p1b: Braviary\n|-damage|p1b: Braviary|15\/100\n|-enditem|p1b: Braviary|Sitrus Berry|[eat]\n|-heal|p1b: Braviary|40\/100|[from] item: Sitrus Berry\n|move|p1b: Braviary|Tailwind|p1b: Braviary\n|-sidestart|p1: Cynthia husband|move: Tailwind\n|\n|upkeep\n|\n|t:|1684086653\n|switch|p1a: Glaceon|Glaceon, L50, F, shiny|100\/100\n|turn|2\n|\n|t:|1684086664\n|-end|p2b: Great Tusk|Protosynthesis|[silent]\n|switch|p2b: Gholdengo|Gholdengo, L50|100\/100\n|-end|p2a: Flutter Mane|Protosynthesis|[silent]\n|switch|p2a: Murkrow|Murkrow, L50, F, shiny|100\/100\n|move|p1b: Braviary|Protect|p1b: Braviary\n|-singleturn|p1b: Braviary|Protect\n|move|p1a: Glaceon|Icy Wind|p2a: Murkrow|[spread] p2a,p2b\n|-supereffective|p2a: Murkrow\n|-resisted|p2b: Gholdengo\n|-damage|p2a: Murkrow|40\/100\n|-damage|p2b: Gholdengo|86\/100\n|-unboost|p2a: Murkrow|spe|1\n|-unboost|p2b: Gholdengo|spe|1\n|-damage|p1a: Glaceon|91\/100|[from] item: Life Orb\n|\n|-heal|p2b: Gholdengo|92\/100|[from] item: Leftovers\n|upkeep\n|turn|3\n|\n|t:|1684086679\n|switch|p1a: Gastrodon|Gastrodon-East, L50, F, shiny|100\/100\n|move|p1b: Braviary|Protect||[still]\n|-fail|p1b: Braviary\n|move|p2a: Murkrow|Tailwind|p2a: Murkrow\n|-sidestart|p2: seismattersCORNER|move: Tailwind\n|move|p2b: Gholdengo|Make It Rain|p1b: Braviary|[spread] p1a,p1b\n|-resisted|p1a: Gastrodon\n|-damage|p1a: Gastrodon|76\/100\n|-damage|p1b: Braviary|0 fnt\n|-unboost|p2b: Gholdengo|spa|1\n|faint|p1b: Braviary\n|\n|-heal|p2b: Gholdengo|98\/100|[from] item: Leftovers\n|-heal|p1a: Gastrodon|82\/100|[from] item: Leftovers\n|upkeep\n|\n|t:|1684086689\n|switch|p1b: Glaceon|Glaceon, L50, F, shiny|91\/100\n|turn|4\n|inactive|seismattersCORNER has 30 seconds left.\n|\n|t:|1684086717\n|move|p2a: Murkrow|Sunny Day|p2a: Murkrow\n|-weather|SunnyDay\n|move|p1b: Glaceon|Icy Wind|p2b: Gholdengo|[spread] p2a,p2b\n|-supereffective|p2a: Murkrow\n|-resisted|p2b: Gholdengo\n|-crit|p2b: Gholdengo\n|-damage|p2a: Murkrow|0 fnt\n|-damage|p2b: Gholdengo|76\/100\n|-unboost|p2b: Gholdengo|spe|1\n|faint|p2a: Murkrow\n|-damage|p1b: Glaceon|81\/100|[from] item: Life Orb\n|move|p2b: Gholdengo|Make It Rain|p1a: Gastrodon|[spread] p1a,p1b\n|-resisted|p1a: Gastrodon\n|-supereffective|p1b: Glaceon\n|-damage|p1a: Gastrodon|65\/100\n|-damage|p1b: Glaceon|0 fnt\n|-unboost|p2b: Gholdengo|spa|1\n|faint|p1b: Glaceon\n|move|p1a: Gastrodon|Earth Power|p2b: Gholdengo\n|-supereffective|p2b: Gholdengo\n|-damage|p2b: Gholdengo|0 fnt\n|faint|p2b: Gholdengo\n|\n|-weather|SunnyDay|[upkeep]\n|-heal|p1a: Gastrodon|71\/100|[from] item: Leftovers\n|-sideend|p1: Cynthia husband|move: Tailwind\n|upkeep\n|\n|t:|1684086733\n|switch|p2a: Great Tusk|Great Tusk, L50, tera:Ground|88\/100\n|switch|p2b: Flutter Mane|Flutter Mane, L50, shiny|100\/100\n|-activate|p2a: Great Tusk|ability: Protosynthesis\n|-start|p2a: Great Tusk|protosynthesisatk\n|-activate|p2b: Flutter Mane|ability: Protosynthesis\n|-start|p2b: Flutter Mane|protosynthesisspa\n|turn|5\n|\n|t:|1684086738\n|move|p2a: Great Tusk|Headlong Rush|p1a: Gastrodon\n|-damage|p1a: Gastrodon|0 fnt\n|-unboost|p2a: Great Tusk|def|1\n|-unboost|p2a: Great Tusk|spd|1\n|faint|p1a: Gastrodon\n|\n|win|seismattersCORNER\n|raw|Cynthia husband's rating: 1294 → 1267<\/strong> (-27 for losing)\n|raw|seismattersCORNER's rating: 1270 → 1297<\/strong> (+27 for winning)\n|l|\u2606Cynthia husband\n","uploadtime":1684086745,"views":10,"p1id":"cynthiahusband","p2id":"seismatterscorner","formatid":"gen9vgc2023regulationc","rating":1267,"private":0,"password":""}