{"id":"gen9vgc2023regulationc-1847484304","p1":"ExcelSheet","p2":"TrainerRYSA","format":"[Gen 9] VGC 2023 Regulation C","log":"|j|\u2606ExcelSheet\n|j|\u2606TrainerRYSA\n|t:|1681960920\n|gametype|doubles\n|player|p1|ExcelSheet|hilbert-wonderlauncher|\n|player|p2|TrainerRYSA|169|\n|teamsize|p1|6\n|teamsize|p2|6\n|gen|9\n|tier|[Gen 9] VGC 2023 Regulation C\n|rule|Species Clause: Limit one of each Pok\u00e9mon\n|rule|Item Clause: Limit one of each item\n|clearpoke\n|poke|p1|Flutter Mane, L50|\n|poke|p1|Great Tusk, L50|\n|poke|p1|Scizor, L50, M|\n|poke|p1|Corviknight, L50, F|\n|poke|p1|Chi-Yu, L50|\n|poke|p1|Iron Bundle, L50|\n|poke|p2|Flutter Mane, L50|\n|poke|p2|Iron Hands, L50|\n|poke|p2|Dragonite, L50, M|\n|poke|p2|Umbreon, L50, M|\n|poke|p2|Gyarados, L50, F|\n|poke|p2|Palafin, L50, M|\n|teampreview|4\n|inactive|Battle timer is ON: inactive players will automatically lose when time's up. (requested by ExcelSheet)\nExcelSheet has agreed to open team sheets.\n|inactive|TrainerRYSA has 60 seconds left.\n|\n|t:|1681960971\n|start\n|switch|p1a: Corviknight|Corviknight, L50, F|100\/100\n|switch|p1b: Iron Bundle|Iron Bundle, L50|100\/100\n|switch|p2a: Iron Hands|Iron Hands, L50|100\/100\n|switch|p2b: Sasuke|Umbreon, L50, M, shiny|100\/100\n|-enditem|p1b: Iron Bundle|Booster Energy\n|-activate|p1b: Iron Bundle|ability: Quark Drive|[fromitem]\n|-start|p1b: Iron Bundle|quarkdrivespe\n|turn|1\n|inactive|ExcelSheet has 30 seconds left.\n|inactive|TrainerRYSA has 30 seconds left.\n|inactive|TrainerRYSA has 20 seconds left.\n|inactive|TrainerRYSA has 15 seconds left.\n|\n|t:|1681961016\n|-end|p1b: Iron Bundle|Quark Drive|[silent]\n|switch|p1b: Scizor|Scizor, L50, M|100\/100\n|move|p2b: Sasuke|Foul Play|p1b: Scizor\n|-damage|p1b: Scizor|53\/100\n|move|p1a: Corviknight|Tailwind|p1a: Corviknight\n|-sidestart|p1: ExcelSheet|move: Tailwind\n|move|p2a: Iron Hands|Drain Punch|p1b: Scizor\n|-damage|p1b: Scizor|15\/100\n|\n|upkeep\n|turn|2\n|\n|t:|1681961040\n|-end|p2a: Iron Hands|Quark Drive|[silent]\n|switch|p2a: Gyarados|Gyarados, L50, F, shiny|100\/100\n|-ability|p2a: Gyarados|Intimidate|boost\n|-ability|p1a: Corviknight|Mirror Armor\n|-unboost|p2a: Gyarados|atk|1\n|-unboost|p1b: Scizor|atk|1\n|move|p1a: Corviknight|Taunt|p2b: Sasuke\n|-start|p2b: Sasuke|move: Taunt\n|move|p1b: Scizor|U-turn|p2b: Sasuke\n|-supereffective|p2b: Sasuke\n|-damage|p2b: Sasuke|52\/100\n|\n|t:|1681961052\n|switch|p1b: Iron Bundle|Iron Bundle, L50|100\/100|[from] U-turn\n|move|p2b: Sasuke|Foul Play|p1a: Corviknight\n|-damage|p1a: Corviknight|81\/100\n|\n|upkeep\n|turn|3\n|\n|t:|1681961074\n|switch|p2b: Iron Hands|Iron Hands, L50|100\/100\n|move|p1b: Iron Bundle|Freeze-Dry|p2a: Gyarados\n|-supereffective|p2a: Gyarados\n|-damage|p2a: Gyarados|0 fnt\n|faint|p2a: Gyarados\n|move|p1a: Corviknight|Brave Bird|p2b: Iron Hands\n|-crit|p2b: Iron Hands\n|-damage|p2b: Iron Hands|65\/100\n|-damage|p1a: Corviknight|67\/100|[from] Recoil\n|\n|upkeep\n|\n|t:|1681961095\n|switch|p2a: Sasuke|Umbreon, L50, M, shiny|52\/100\n|turn|4\n|\n|t:|1681961116\n|-terastallize|p1b: Iron Bundle|Ice\n|move|p1b: Iron Bundle|Freeze-Dry|p2a: Sasuke\n|-damage|p2a: Sasuke|17\/100\n|move|p1a: Corviknight|Body Press|p2a: Sasuke\n|-supereffective|p2a: Sasuke\n|-damage|p2a: Sasuke|0 fnt\n|faint|p2a: Sasuke\n|move|p2b: Iron Hands|Drain Punch|p1b: Iron Bundle\n|-supereffective|p1b: Iron Bundle\n|-damage|p1b: Iron Bundle|0 fnt\n|-heal|p2b: Iron Hands|92\/100|[from] drain|[of] p1b: Iron Bundle\n|faint|p1b: Iron Bundle\n|-end|p1b: Iron Bundle|Quark Drive|[silent]\n|\n|-sideend|p1: ExcelSheet|move: Tailwind\n|upkeep\n|\n|t:|1681961130\n|switch|p1b: Flutter Mane|Flutter Mane, L50|100\/100\n|switch|p2a: Flutter Mane|Flutter Mane, L50|100\/100\n|-enditem|p2a: Flutter Mane|Booster Energy\n|-activate|p2a: Flutter Mane|ability: Protosynthesis|[fromitem]\n|-start|p2a: Flutter Mane|protosynthesisspa\n|turn|5\n|\n|t:|1681961150\n|-terastallize|p2b: Iron Hands|Grass\n|move|p1b: Flutter Mane|Protect|p1b: Flutter Mane\n|-singleturn|p1b: Flutter Mane|Protect\n|move|p2a: Flutter Mane|Shadow Ball|p1a: Corviknight\n|-damage|p1a: Corviknight|12\/100\n|-ability|p1a: Corviknight|Mirror Armor\n|-unboost|p2a: Flutter Mane|spd|1\n|-enditem|p1a: Corviknight|Sitrus Berry|[eat]\n|-heal|p1a: Corviknight|37\/100|[from] item: Sitrus Berry\n|move|p1a: Corviknight|Brave Bird|p2a: Flutter Mane\n|-damage|p2a: Flutter Mane|43\/100\n|-damage|p1a: Corviknight|24\/100|[from] Recoil\n|move|p2b: Iron Hands|Wild Charge|p1a: Corviknight\n|-supereffective|p1a: Corviknight\n|-damage|p1a: Corviknight|0 fnt\n|faint|p1a: Corviknight\n|-damage|p2b: Iron Hands|87\/100|[from] Recoil\n|\n|upkeep\n|\n|t:|1681961168\n|switch|p1a: Scizor|Scizor, L50, M|15\/100\n|turn|6\n|\n|t:|1681961178\n|move|p1b: Flutter Mane|Dazzling Gleam|p2b: Iron Hands|[spread] p2a,p2b\n|-damage|p2a: Flutter Mane|0 fnt\n|-damage|p2b: Iron Hands|66\/100\n|faint|p2a: Flutter Mane\n|-end|p2a: Flutter Mane|Protosynthesis|[silent]\n|-damage|p1b: Flutter Mane|91\/100|[from] item: Life Orb\n|move|p1a: Scizor|U-turn|p2b: Iron Hands\n|-supereffective|p2b: Iron Hands\n|-damage|p2b: Iron Hands|0 fnt\n|faint|p2b: Iron Hands\n|-end|p2b: Iron Hands|Quark Drive|[silent]\n|\n|win|ExcelSheet\n|c|\u2606TrainerRYSA|gg\n|c|\u2606ExcelSheet|gg\n","uploadtime":1681961190,"views":8,"p1id":"excelsheet","p2id":"trainerrysa","formatid":"gen9vgc2023regulationc","rating":0,"private":0,"password":""}