{"id":"gen9vgc2023regulationc-1855092617","p1":"A1ge7","p2":"CaliberChamp","format":"[Gen 9] VGC 2023 Regulation C","log":"|j|\u2606A1ge7\n|j|\u2606CaliberChamp\n|t:|1682900365\n|gametype|doubles\n|player|p1|A1ge7|n|1096\n|player|p2|CaliberChamp|red-masters|1160\n|teamsize|p1|6\n|teamsize|p2|6\n|gen|9\n|tier|[Gen 9] VGC 2023 Regulation C\n|rated|\n|rule|Species Clause: Limit one of each Pok\u00e9mon\n|rule|Item Clause: Limit one of each item\n|clearpoke\n|poke|p1|Garchomp, L50, F|\n|poke|p1|Gholdengo, L50|\n|poke|p1|Hydreigon, L50, M|\n|poke|p1|Skeledirge, L50, M|\n|poke|p1|Sylveon, L50, M|\n|poke|p1|Ceruledge, L50, F|\n|poke|p2|Corviknight, L50, M|\n|poke|p2|Toxtricity-Low-Key, L50, F|\n|poke|p2|Grimmsnarl, L50, M|\n|poke|p2|Frosmoth, L50, F|\n|poke|p2|Quaquaval, L50, F|\n|poke|p2|Ceruledge, L50, F|\n|teampreview|4\n|\n|t:|1682900382\n|start\n|switch|p1a: Hydreigon|Hydreigon, L50, M|100\/100\n|switch|p1b: Skeledirge|Skeledirge, L50, M|100\/100\n|switch|p2a: Hyrok|Grimmsnarl, L50, M|100\/100\n|switch|p2b: Riffit|Toxtricity-Low-Key, L50, F|100\/100\n|turn|1\n|inactive|Battle timer is ON: inactive players will automatically lose when time's up. (requested by CaliberChamp)\n|\n|t:|1682900399\n|-terastallize|p1b: Skeledirge|Fairy\n|move|p2a: Hyrok|Light Screen|p2a: Hyrok\n|-sidestart|p2: CaliberChamp|move: Light Screen\n|move|p2b: Riffit|Nuzzle|p1a: Hydreigon\n|-resisted|p1a: Hydreigon\n|-damage|p1a: Hydreigon|98\/100\n|-status|p1a: Hydreigon|par\n|move|p1b: Skeledirge|Torch Song|p2a: Hyrok\n|-damage|p2a: Hyrok|73\/100\n|-boost|p1b: Skeledirge|spa|1\n|move|p1a: Hydreigon|Tailwind|p1a: Hydreigon\n|-sidestart|p1: A1ge7|move: Tailwind\n|\n|-heal|p1a: Hydreigon|100\/100 par|[from] item: Leftovers\n|upkeep\n|turn|2\n|\n|t:|1682900418\n|move|p2a: Hyrok|Reflect|p2a: Hyrok\n|-sidestart|p2: CaliberChamp|Reflect\n|move|p1b: Skeledirge|Torch Song|p2a: Hyrok\n|-damage|p2a: Hyrok|30\/100\n|-boost|p1b: Skeledirge|spa|1\n|move|p2b: Riffit|Nuzzle|p1b: Skeledirge\n|-damage|p1b: Skeledirge|94\/100\n|-status|p1b: Skeledirge|par\n|move|p1a: Hydreigon|Draco Meteor|p2b: Riffit\n|-damage|p2b: Riffit|33\/100\n|-unboost|p1a: Hydreigon|spa|2\n|\n|upkeep\n|turn|3\n|inactive|CaliberChamp has 30 seconds left.\n|\n|t:|1682900444\n|switch|p2a: Monado|Ceruledge, L50, F|100\/100\n|move|p2b: Riffit|Snarl|p1a: Hydreigon|[spread] p1a,p1b\n|-resisted|p1a: Hydreigon\n|-resisted|p1b: Skeledirge\n|-damage|p1a: Hydreigon|89\/100 par\n|-damage|p1b: Skeledirge|82\/100 par\n|-unboost|p1a: Hydreigon|spa|1\n|-unboost|p1b: Skeledirge|spa|1\n|move|p1a: Hydreigon|Nasty Plot|p1a: Hydreigon\n|-boost|p1a: Hydreigon|spa|2\n|move|p1b: Skeledirge|Torch Song|p2a: Monado\n|-start|p2a: Monado|ability: Flash Fire\n|\n|-heal|p1a: Hydreigon|95\/100 par|[from] item: Leftovers\n|upkeep\n|turn|4\n|\n|t:|1682900469\n|move|p2b: Riffit|Snarl|p1a: Hydreigon|[spread] p1a,p1b\n|-resisted|p1a: Hydreigon\n|-resisted|p1b: Skeledirge\n|-crit|p1b: Skeledirge\n|-damage|p1a: Hydreigon|84\/100 par\n|-damage|p1b: Skeledirge|67\/100 par\n|-unboost|p1a: Hydreigon|spa|1\n|-unboost|p1b: Skeledirge|spa|1\n|move|p1a: Hydreigon|Draco Meteor|p2b: Riffit\n|-damage|p2b: Riffit|0 fnt\n|-unboost|p1a: Hydreigon|spa|2\n|faint|p2b: Riffit\n|move|p2a: Monado|Bitter Blade|p1b: Skeledirge\n|-damage|p1b: Skeledirge|8\/100 par\n|move|p1b: Skeledirge|Shadow Ball|p2a: Monado\n|-supereffective|p2a: Monado\n|-damage|p2a: Monado|50\/100\n|-enditem|p2a: Monado|Weakness Policy\n|-boost|p2a: Monado|atk|2|[from] item: Weakness Policy\n|-boost|p2a: Monado|spa|2|[from] item: Weakness Policy\n|\n|-heal|p1a: Hydreigon|90\/100 par|[from] item: Leftovers\n|-sideend|p1: A1ge7|move: Tailwind\n|upkeep\n|inactive|CaliberChamp has 30 seconds left.\n|\n|t:|1682900494\n|switch|p2b: Sylvanas|Quaquaval, L50, F|100\/100\n|turn|5\n|\n|t:|1682900508\n|move|p2b: Sylvanas|Aqua Step|p1b: Skeledirge\n|-damage|p1b: Skeledirge|0 fnt\n|-boost|p2b: Sylvanas|spe|1\n|faint|p1b: Skeledirge\n|-ability|p2b: Sylvanas|Moxie|boost\n|-boost|p2b: Sylvanas|atk|1\n|move|p2a: Monado|Bitter Blade|p1a: Hydreigon\n|-resisted|p1a: Hydreigon\n|-damage|p1a: Hydreigon|24\/100 par\n|-heal|p2a: Monado|80\/100|[from] drain|[of] p1a: Hydreigon\n|move|p1a: Hydreigon|Tailwind|p1a: Hydreigon\n|-sidestart|p1: A1ge7|move: Tailwind\n|\n|-heal|p1a: Hydreigon|30\/100 par|[from] item: Leftovers\n|upkeep\n|\n|t:|1682900515\n|switch|p1b: Garchomp|Garchomp, L50, F|100\/100\n|turn|6\n|\n|t:|1682900538\n|-terastallize|p2a: Monado|Grass\n|move|p1a: Hydreigon|Protect|p1a: Hydreigon\n|-singleturn|p1a: Hydreigon|Protect\n|move|p1b: Garchomp|Earthquake|p2b: Sylvanas|[spread] p2a,p2b\n|-activate|p1a: Hydreigon|move: Protect\n|-resisted|p2a: Monado\n|-damage|p2a: Monado|57\/100\n|-damage|p2b: Sylvanas|61\/100\n|-damage|p1b: Garchomp|91\/100|[from] item: Life Orb\n|move|p2b: Sylvanas|Aqua Step|p1b: Garchomp\n|-damage|p1b: Garchomp|22\/100\n|-boost|p2b: Sylvanas|spe|1\n|-damage|p2b: Sylvanas|48\/100|[from] ability: Rough Skin|[of] p1b: Garchomp\n|move|p2a: Monado|Bitter Blade|p1b: Garchomp\n|-resisted|p1b: Garchomp\n|-damage|p1b: Garchomp|0 fnt\n|-heal|p2a: Monado|68\/100|[from] drain|[of] p1b: Garchomp\n|-damage|p2a: Monado|56\/100|[from] ability: Rough Skin|[of] p1b: Garchomp\n|faint|p1b: Garchomp\n|\n|-heal|p1a: Hydreigon|36\/100 par|[from] item: Leftovers\n|upkeep\n|\n|t:|1682900547\n|switch|p1b: Gholdengo|Gholdengo, L50|100\/100\n|turn|7\n|\n|t:|1682900569\n|move|p2a: Monado|Protect|p2a: Monado\n|-singleturn|p2a: Monado|Protect\n|move|p2b: Sylvanas|Aqua Step|p1b: Gholdengo\n|-damage|p1b: Gholdengo|36\/100\n|-boost|p2b: Sylvanas|spe|1\n|move|p1b: Gholdengo|Make It Rain|p2b: Sylvanas|[spread] p2b\n|-activate|p2a: Monado|move: Protect\n|-resisted|p2b: Sylvanas\n|-damage|p2b: Sylvanas|28\/100\n|-unboost|p1b: Gholdengo|spa|1\n|-enditem|p1b: Gholdengo|White Herb\n|-clearnegativeboost|p1b: Gholdengo|[silent]\n|move|p1a: Hydreigon|Draco Meteor|p2a: Monado\n|-activate|p2a: Monado|move: Protect\n|\n|-heal|p1a: Hydreigon|42\/100 par|[from] item: Leftovers\n|upkeep\n|turn|8\n|inactive|CaliberChamp has 30 seconds left.\n|\n|t:|1682900596\n|move|p2a: Monado|Shadow Sneak|p1b: Gholdengo\n|-supereffective|p1b: Gholdengo\n|-damage|p1b: Gholdengo|0 fnt\n|faint|p1b: Gholdengo\n|move|p2b: Sylvanas|Close Combat|p1a: Hydreigon\n|-supereffective|p1a: Hydreigon\n|-damage|p1a: Hydreigon|0 fnt\n|-unboost|p2b: Sylvanas|def|1\n|-unboost|p2b: Sylvanas|spd|1\n|faint|p1a: Hydreigon\n|\n|win|CaliberChamp\n|raw|A1ge7's rating: 1096 → 1076<\/strong> (-20 for losing)\n|raw|CaliberChamp's rating: 1160 → 1180<\/strong> (+20 for winning)\n|l|\u2606A1ge7\n","uploadtime":1682900618,"views":4,"p1id":"a1ge7","p2id":"caliberchamp","formatid":"gen9vgc2023regulationc","rating":1076,"private":0,"password":""}