{"id":"gen9vgc2023regulationc-1851055790","p1":"snaelstorm","p2":"CollinJ518","format":"[Gen 9] VGC 2023 Regulation C","log":"|j|\u2606snaelstorm\n|j|\u2606CollinJ518\n|t:|1682401161\n|gametype|doubles\n|player|p1|snaelstorm|dahlia|1407\n|player|p2|CollinJ518|lucas|1429\n|teamsize|p1|6\n|teamsize|p2|6\n|gen|9\n|tier|[Gen 9] VGC 2023 Regulation C\n|rated|\n|rule|Species Clause: Limit one of each Pok\u00e9mon\n|rule|Item Clause: Limit one of each item\n|clearpoke\n|poke|p1|Wo-Chien, L50|\n|poke|p1|Glimmora, L50, F|\n|poke|p1|Gyarados, L50, F|\n|poke|p1|Flutter Mane, L50|\n|poke|p1|Ceruledge, L50, F|\n|poke|p1|Garganacl, L50, M|\n|poke|p2|Chien-Pao, L50|\n|poke|p2|Palafin, L50, M|\n|poke|p2|Arcanine, L50, F|\n|poke|p2|Ting-Lu, L50|\n|poke|p2|Flutter Mane, L50|\n|poke|p2|Roaring Moon, L50|\n|teampreview|4\nsnaelstorm has agreed to open team sheets.\nCollinJ518 has agreed to open team sheets.\n|inactive|Battle timer is ON: inactive players will automatically lose when time's up. (requested by CollinJ518)\n|\n|t:|1682401202\n|start\n|switch|p1a: Wo-Chien|Wo-Chien, L50|100\/100\n|switch|p1b: Glimmora|Glimmora, L50, F|100\/100\n|switch|p2a: Flutter Mane|Flutter Mane, L50|100\/100\n|switch|p2b: Roaring Moon|Roaring Moon, L50, shiny|100\/100\n|-ability|p1a: Wo-Chien|Tablets of Ruin\n|-enditem|p2b: Roaring Moon|Booster Energy\n|-activate|p2b: Roaring Moon|ability: Protosynthesis|[fromitem]\n|-start|p2b: Roaring Moon|protosynthesisatk\n|turn|1\n|inactive|CollinJ518 has 30 seconds left.\n|inactive|CollinJ518 has 20 seconds left.\n|inactive|CollinJ518 has 15 seconds left.\n|inactive|CollinJ518 has 10 seconds left.\n|inactive|CollinJ518 has 5 seconds left.\n|\n|t:|1682401256\n|switch|p1a: Garganacl|Garganacl, L50, M|100\/100\n|move|p2a: Flutter Mane|Thunderbolt|p1a: Garganacl\n|-damage|p1a: Garganacl|65\/100\n|move|p2b: Roaring Moon|Breaking Swipe|p1b: Glimmora|[spread] p1a,p1b\n|-damage|p1a: Garganacl|46\/100\n|-damage|p1b: Glimmora|69\/100\n|-unboost|p1b: Glimmora|atk|1\n|move|p1b: Glimmora|Mortal Spin|p2b: Roaring Moon|[spread] p2a,p2b\n|-crit|p2b: Roaring Moon\n|-damage|p2a: Flutter Mane|96\/100\n|-damage|p2b: Roaring Moon|93\/100\n|-status|p2a: Flutter Mane|psn\n|-status|p2b: Roaring Moon|psn\n|\n|-damage|p2a: Flutter Mane|84\/100 psn|[from] psn\n|-damage|p2b: Roaring Moon|80\/100 psn|[from] psn\n|upkeep\n|turn|2\n|inactive|CollinJ518 has 30 seconds left.\n|inactive|snaelstorm has 30 seconds left.\n|\n|t:|1682401291\n|-end|p2a: Flutter Mane|Protosynthesis|[silent]\n|switch|p2a: Ting-Lu|Ting-Lu, L50|100\/100\n|-ability|p2a: Ting-Lu|Vessel of Ruin\n|move|p2b: Roaring Moon|Protect|p2b: Roaring Moon\n|-singleturn|p2b: Roaring Moon|Protect\n|move|p1b: Glimmora|Earth Power|p2a: Ting-Lu\n|-damage|p2a: Ting-Lu|91\/100\n|move|p1a: Garganacl|Recover|p1a: Garganacl\n|-heal|p1a: Garganacl|96\/100\n|\n|-damage|p2b: Roaring Moon|68\/100 psn|[from] psn\n|upkeep\n|turn|3\n|inactive|snaelstorm has 30 seconds left.\n|inactive|CollinJ518 has 30 seconds left.\n|inactive|snaelstorm has 20 seconds left.\n|inactive|CollinJ518 has 20 seconds left.\n|inactive|CollinJ518 has 15 seconds left.\n|\n|t:|1682401335\n|switch|p1b: Gyarados|Gyarados, L50, F|100\/100\n|-ability|p1b: Gyarados|Intimidate|boost\n|-unboost|p2a: Ting-Lu|atk|1\n|-unboost|p2b: Roaring Moon|atk|1\n|-terastallize|p2b: Roaring Moon|Flying\n|move|p2b: Roaring Moon|Acrobatics|p1b: Gyarados\n|-damage|p1b: Gyarados|51\/100\n|move|p2a: Ting-Lu|Earthquake|p1a: Garganacl|[spread] p1a\n|-immune|p2b: Roaring Moon\n|-immune|p1b: Gyarados\n|-supereffective|p1a: Garganacl\n|-damage|p1a: Garganacl|67\/100\n|move|p1a: Garganacl|Salt Cure|p2a: Ting-Lu\n|-resisted|p2a: Ting-Lu\n|-damage|p2a: Ting-Lu|86\/100\n|-start|p2a: Ting-Lu|Salt Cure\n|\n|-damage|p2b: Roaring Moon|56\/100 psn|[from] psn\n|-damage|p2a: Ting-Lu|74\/100|[from] Salt Cure\n|upkeep\n|turn|4\n|inactive|CollinJ518 has 30 seconds left.\n|\n|t:|1682401366\n|switch|p2a: Flutter Mane|Flutter Mane, L50|84\/100 psn\n|move|p2b: Roaring Moon|Breaking Swipe|p1a: Garganacl|[spread] p1a,p1b\n|-damage|p1a: Garganacl|53\/100\n|-damage|p1b: Gyarados|32\/100\n|-unboost|p1b: Gyarados|atk|1\n|-enditem|p1b: Gyarados|Sitrus Berry|[eat]\n|-heal|p1b: Gyarados|56\/100|[from] item: Sitrus Berry\n|move|p1b: Gyarados|Whirlpool|p2a: Flutter Mane\n|-damage|p2a: Flutter Mane|78\/100 psn\n|-activate|p2a: Flutter Mane|move: Whirlpool|[of] p1b: Gyarados\n|move|p1a: Garganacl|Salt Cure|p2b: Roaring Moon\n|-supereffective|p2b: Roaring Moon\n|-damage|p2b: Roaring Moon|26\/100 psn\n|-start|p2b: Roaring Moon|Salt Cure\n|\n|-damage|p2a: Flutter Mane|66\/100 psn|[from] psn\n|-damage|p2b: Roaring Moon|14\/100 psn|[from] psn\n|-damage|p2a: Flutter Mane|54\/100 psn|[from] move: Whirlpool|[partiallytrapped]\n|-damage|p2b: Roaring Moon|2\/100 psn|[from] Salt Cure\n|upkeep\n|turn|5\n|inactive|CollinJ518 has 30 seconds left.\n|\n|t:|1682401399\n|move|p1b: Gyarados|Protect|p1b: Gyarados\n|-singleturn|p1b: Gyarados|Protect\n|move|p2a: Flutter Mane|Shadow Ball|p1b: Gyarados\n|-activate|p1b: Gyarados|move: Protect\n|move|p2b: Roaring Moon|Tailwind|p2b: Roaring Moon\n|-sidestart|p2: CollinJ518|move: Tailwind\n|move|p1a: Garganacl|Recover|p1a: Garganacl\n|-heal|p1a: Garganacl|100\/100\n|\n|-damage|p2a: Flutter Mane|41\/100 psn|[from] psn\n|-damage|p2b: Roaring Moon|0 fnt|[from] psn\n|faint|p2b: Roaring Moon\n|-end|p2b: Roaring Moon|Protosynthesis|[silent]\n|-damage|p2a: Flutter Mane|29\/100 psn|[from] move: Whirlpool|[partiallytrapped]\n|upkeep\n|\n|t:|1682401413\n|switch|p2b: Ting-Lu|Ting-Lu, L50|74\/100\n|-ability|p2b: Ting-Lu|Vessel of Ruin\n|turn|6\n|\n|t:|1682401432\n|switch|p1b: Wo-Chien|Wo-Chien, L50|100\/100\n|-ability|p1b: Wo-Chien|Tablets of Ruin\n|move|p2a: Flutter Mane|Shadow Ball|p1b: Wo-Chien\n|-resisted|p1b: Wo-Chien\n|-damage|p1b: Wo-Chien|86\/100\n|-unboost|p1b: Wo-Chien|spd|1\n|move|p2b: Ting-Lu|Stomping Tantrum|p1a: Garganacl\n|-supereffective|p1a: Garganacl\n|-damage|p1a: Garganacl|68\/100\n|move|p1a: Garganacl|Salt Cure|p2a: Flutter Mane\n|-damage|p2a: Flutter Mane|13\/100 psn\n|-start|p2a: Flutter Mane|Salt Cure\n|\n|-heal|p1b: Wo-Chien|93\/100|[from] item: Leftovers\n|-damage|p2a: Flutter Mane|1\/100 psn|[from] psn\n|-end|p2a: Flutter Mane|Whirlpool|[partiallytrapped]|[silent]\n|-damage|p2a: Flutter Mane|0 fnt|[from] Salt Cure\n|faint|p2a: Flutter Mane\n|-end|p2a: Flutter Mane|Protosynthesis|[silent]\n|upkeep\n|\n|t:|1682401451\n|switch|p2a: Arcanine|Arcanine, L50, F|100\/100\n|-ability|p2a: Arcanine|Intimidate|boost\n|-unboost|p1a: Garganacl|atk|1\n|-unboost|p1b: Wo-Chien|atk|1\n|turn|7\n|inactive|CollinJ518 has 30 seconds left.\n|\n|t:|1682401479\n|-terastallize|p1b: Wo-Chien|Water\n|move|p2a: Arcanine|Flare Blitz|p1b: Wo-Chien\n|-resisted|p1b: Wo-Chien\n|-damage|p1b: Wo-Chien|75\/100\n|-damage|p2a: Arcanine|95\/100|[from] Recoil\n|move|p2b: Ting-Lu|Ruination|p1a: Garganacl\n|-damage|p1a: Garganacl|34\/100\n|move|p1b: Wo-Chien|Leech Seed|p2b: Ting-Lu|[miss]\n|-miss|p1b: Wo-Chien|p2b: Ting-Lu\n|move|p1a: Garganacl|Salt Cure|p2a: Arcanine\n|-supereffective|p2a: Arcanine\n|-damage|p2a: Arcanine|80\/100\n|-start|p2a: Arcanine|Salt Cure\n|\n|-heal|p1b: Wo-Chien|82\/100|[from] item: Leftovers\n|-damage|p2a: Arcanine|68\/100|[from] Salt Cure\n|upkeep\n|turn|8\n|\n|t:|1682401499\n|switch|p1a: Gyarados|Gyarados, L50, F|56\/100\n|-ability|p1a: Gyarados|Intimidate|boost\n|-unboost|p2a: Arcanine|atk|1\n|-unboost|p2b: Ting-Lu|atk|1\n|move|p2a: Arcanine|Will-O-Wisp|p1b: Wo-Chien\n|-status|p1b: Wo-Chien|brn\n|move|p2b: Ting-Lu|Stomping Tantrum|p1a: Gyarados\n|-immune|p1a: Gyarados\n|move|p1b: Wo-Chien|Leech Seed|p2b: Ting-Lu|[miss]\n|-miss|p1b: Wo-Chien|p2b: Ting-Lu\n|\n|-heal|p1b: Wo-Chien|88\/100 brn|[from] item: Leftovers\n|-damage|p1b: Wo-Chien|82\/100 brn|[from] brn\n|-damage|p2a: Arcanine|56\/100|[from] Salt Cure\n|-sideend|p2: CollinJ518|move: Tailwind\n|upkeep\n|turn|9\n|\n|t:|1682401515\n|move|p2a: Arcanine|Extreme Speed|p1a: Gyarados\n|-damage|p1a: Gyarados|44\/100\n|move|p1a: Gyarados|Waterfall|p2a: Arcanine\n|-supereffective|p2a: Arcanine\n|-crit|p2a: Arcanine\n|-damage|p2a: Arcanine|0 fnt\n|faint|p2a: Arcanine\n|move|p1b: Wo-Chien|Leech Seed|p2b: Ting-Lu\n|-start|p2b: Ting-Lu|move: Leech Seed\n|move|p2b: Ting-Lu|Ruination|p1b: Wo-Chien\n|-damage|p1b: Wo-Chien|41\/100 brn\n|\n|-heal|p1b: Wo-Chien|47\/100 brn|[from] item: Leftovers\n|-damage|p2b: Ting-Lu|62\/100|[from] Leech Seed|[of] p1b: Wo-Chien\n|-heal|p1b: Wo-Chien|62\/100 brn|[silent]\n|-damage|p1b: Wo-Chien|56\/100 brn|[from] brn\n|upkeep\n|turn|10\n|-message|CollinJ518 forfeited.\n|\n|win|snaelstorm\n|raw|snaelstorm's rating: 1407 → 1428<\/strong> (+21 for winning)\n|raw|CollinJ518's rating: 1429 → 1408<\/strong> (-21 for losing)\n|l|\u2606CollinJ518\n","uploadtime":1682401525,"views":16,"p1id":"snaelstorm","p2id":"collinj518","formatid":"gen9vgc2023regulationc","rating":1408,"private":0,"password":""}