{"id":"gen9vgc2023regulationc-1861453269","p1":"Felipe.Miller.V","p2":"eepy nougat","format":"[Gen 9] VGC 2023 Regulation C","log":"|j|\u2606Felipe.Miller.V\n|j|\u2606eepy nougat\n|t:|1683759722\n|gametype|doubles\n|player|p1|Felipe.Miller.V|plasmagrunt-gen5bw|1377\n|player|p2|eepy nougat|janitor|1316\n|teamsize|p1|6\n|teamsize|p2|6\n|gen|9\n|tier|[Gen 9] VGC 2023 Regulation C\n|rated|\n|rule|Species Clause: Limit one of each Pok\u00e9mon\n|rule|Item Clause: Limit one of each item\n|clearpoke\n|poke|p1|Flutter Mane, L50|\n|poke|p1|Baxcalibur, L50, M|\n|poke|p1|Mimikyu, L50, M|\n|poke|p1|Maushold, L50|\n|poke|p1|Iron Hands, L50|\n|poke|p1|Torkoal, L50, M|\n|poke|p2|Dragapult, L50, F|\n|poke|p2|Chien-Pao, L50|\n|poke|p2|Gyarados, L50, M|\n|poke|p2|Chi-Yu, L50|\n|poke|p2|Flutter Mane, L50|\n|poke|p2|Amoonguss, L50, F|\n|teampreview|4\n|inactive|Battle timer is ON: inactive players will automatically lose when time's up. (requested by Felipe.Miller.V)\n|inactive|eepy nougat has 60 seconds left.\n|\n|t:|1683759785\n|start\n|switch|p1a: Flutter Mane|Flutter Mane, L50, shiny|100\/100\n|switch|p1b: Maushold|Maushold, L50, shiny|100\/100\n|switch|p2a: Flutter Mane|Flutter Mane, L50|100\/100\n|switch|p2b: Amoonguss|Amoonguss, L50, F|100\/100\n|turn|1\n|inactive|Felipe.Miller.V has 30 seconds left.\n|inactive|Felipe.Miller.V has 20 seconds left.\n|inactive|Felipe.Miller.V has 15 seconds left.\n|inactive|Felipe.Miller.V has 10 seconds left.\n|inactive|Felipe.Miller.V has 5 seconds left.\n|\n|t:|1683759840\n|move|p2a: Flutter Mane|Protect|p2a: Flutter Mane\n|-singleturn|p2a: Flutter Mane|Protect\n|move|p1b: Maushold|Population Bomb|p2a: Flutter Mane\n|-activate|p2a: Flutter Mane|move: Protect\n|move|p1a: Flutter Mane|Dazzling Gleam|p2a: Flutter Mane|[spread] p2b\n|-activate|p2a: Flutter Mane|move: Protect\n|-resisted|p2b: Amoonguss\n|-damage|p2b: Amoonguss|88\/100\n|move|p2b: Amoonguss|Spore|p1b: Maushold\n|-status|p1b: Maushold|slp|[from] move: Spore\n|\n|upkeep\n|turn|2\n|\n|t:|1683759865\n|-terastallize|p1a: Flutter Mane|Grass\n|move|p2b: Amoonguss|Rage Powder|p2b: Amoonguss\n|-singleturn|p2b: Amoonguss|move: Rage Powder\n|move|p2a: Flutter Mane|Shadow Ball|p1a: Flutter Mane\n|-damage|p1a: Flutter Mane|51\/100\n|-unboost|p1a: Flutter Mane|spd|1\n|-damage|p2a: Flutter Mane|90\/100|[from] item: Life Orb\n|cant|p1b: Maushold|slp\n|move|p1a: Flutter Mane|Trick Room|p1a: Flutter Mane\n|-fieldstart|move: Trick Room|[of] p1a: Flutter Mane\n|\n|upkeep\n|turn|3\n|inactive|eepy nougat has 30 seconds left.\n|\n|t:|1683759896\n|-end|p1a: Flutter Mane|Protosynthesis|[silent]\n|switch|p1a: Torkoal|Torkoal, L50, M, shiny|100\/100\n|-weather|SunnyDay|[from] ability: Drought|[of] p1a: Torkoal\n|-activate|p2a: Flutter Mane|ability: Protosynthesis\n|-start|p2a: Flutter Mane|protosynthesisspe\n|-terastallize|p2a: Flutter Mane|Steel\n|move|p2b: Amoonguss|Giga Drain|p1b: Maushold\n|-damage|p1b: Maushold|60\/100 slp\n|-heal|p2b: Amoonguss|100\/100|[from] drain|[of] p1b: Maushold\n|-curestatus|p1b: Maushold|slp|[msg]\n|move|p1b: Maushold|Population Bomb|p2b: Amoonguss\n|-damage|p2b: Amoonguss|89\/100\n|-damage|p2b: Amoonguss|78\/100\n|-damage|p2b: Amoonguss|67\/100\n|-damage|p2b: Amoonguss|57\/100\n|-damage|p2b: Amoonguss|45\/100\n|-enditem|p2b: Amoonguss|Sitrus Berry|[eat]\n|-heal|p2b: Amoonguss|70\/100|[from] item: Sitrus Berry\n|-damage|p2b: Amoonguss|60\/100\n|-damage|p2b: Amoonguss|49\/100\n|-damage|p2b: Amoonguss|38\/100\n|-damage|p2b: Amoonguss|26\/100\n|-damage|p2b: Amoonguss|16\/100\n|-hitcount|p2b: Amoonguss|10\n|move|p2a: Flutter Mane|Shadow Ball|p1a: Torkoal\n|-damage|p1a: Torkoal|29\/100\n|-unboost|p1a: Torkoal|spd|1\n|-damage|p2a: Flutter Mane|80\/100|[from] item: Life Orb\n|\n|-weather|SunnyDay|[upkeep]\n|upkeep\n|turn|4\n|inactive|Felipe.Miller.V has 30 seconds left.\n|inactive|Felipe.Miller.V has 20 seconds left.\n|inactive|Felipe.Miller.V has 15 seconds left.\n|\n|t:|1683759940\n|switch|p2b: Chien-Pao|Chien-Pao, L50|100\/100\n|-ability|p2b: Chien-Pao|Sword of Ruin\n|move|p1b: Maushold|Protect|p1b: Maushold\n|-singleturn|p1b: Maushold|Protect\n|move|p1a: Torkoal|Lava Plume|p2b: Chien-Pao|[spread] p2a,p2b\n|-activate|p1b: Maushold|move: Protect\n|-supereffective|p2a: Flutter Mane\n|-supereffective|p2b: Chien-Pao\n|-damage|p2a: Flutter Mane|0 fnt\n|-enditem|p2b: Chien-Pao|Focus Sash\n|-damage|p2b: Chien-Pao|1\/100\n|faint|p2a: Flutter Mane\n|-end|p2a: Flutter Mane|Protosynthesis|[silent]\n|\n|-weather|SunnyDay|[upkeep]\n|upkeep\n|\n|t:|1683759952\n|switch|p2a: Chi-Yu|Chi-Yu, L50|100\/100\n|-ability|p2a: Chi-Yu|Beads of Ruin\n|turn|5\n|inactive|eepy nougat has 30 seconds left.\n|inactive|Felipe.Miller.V has 30 seconds left.\n|inactive|eepy nougat has 20 seconds left.\n|inactive|eepy nougat has 15 seconds left.\n|\n|t:|1683760003\n|switch|p1a: Flutter Mane|Flutter Mane, L50, shiny, tera:Grass|51\/100\n|-activate|p1a: Flutter Mane|ability: Protosynthesis\n|-start|p1a: Flutter Mane|protosynthesisspa\n|switch|p2a: Amoonguss|Amoonguss, L50, F|49\/100\n|move|p2b: Chien-Pao|Ice Shard|p1b: Maushold\n|-damage|p1b: Maushold|14\/100\n|move|p1b: Maushold|Population Bomb|p2a: Amoonguss\n|-crit|p2a: Amoonguss\n|-damage|p2a: Amoonguss|28\/100\n|-damage|p2a: Amoonguss|13\/100\n|-damage|p2a: Amoonguss|0 fnt\n|faint|p2a: Amoonguss\n|-hitcount|p2: Amoonguss|3\n|\n|-weather|SunnyDay|[upkeep]\n|upkeep\n|\n|t:|1683760009\n|switch|p2a: Chi-Yu|Chi-Yu, L50|100\/100\n|-ability|p2a: Chi-Yu|Beads of Ruin\n|turn|6\n|\n|t:|1683760027\n|move|p2b: Chien-Pao|Ice Shard|p1b: Maushold\n|-damage|p1b: Maushold|0 fnt\n|faint|p1b: Maushold\n|move|p1a: Flutter Mane|Dazzling Gleam|p2a: Chi-Yu|[spread] p2a,p2b\n|-supereffective|p2b: Chien-Pao\n|-damage|p2a: Chi-Yu|65\/100\n|-damage|p2b: Chien-Pao|0 fnt\n|faint|p2b: Chien-Pao\n|move|p2a: Chi-Yu|Heat Wave|p1a: Flutter Mane\n|-supereffective|p1a: Flutter Mane\n|-damage|p1a: Flutter Mane|0 fnt\n|faint|p1a: Flutter Mane\n|-end|p1a: Flutter Mane|Protosynthesis|[silent]\n|\n|-weather|SunnyDay|[upkeep]\n|-fieldend|move: Trick Room\n|upkeep\n|\n|t:|1683760039\n|switch|p1a: Iron Hands|Iron Hands, L50|100\/100\n|switch|p1b: Torkoal|Torkoal, L50, M, shiny|29\/100\n|-enditem|p1a: Iron Hands|Booster Energy\n|-activate|p1a: Iron Hands|ability: Quark Drive|[fromitem]\n|-start|p1a: Iron Hands|quarkdriveatk\n|turn|7\n|\n|t:|1683760052\n|move|p1b: Torkoal|Helping Hand|p1a: Iron Hands\n|-singleturn|p1a: Iron Hands|Helping Hand|[of] p1b: Torkoal\n|move|p1a: Iron Hands|Fake Out|p2a: Chi-Yu\n|-damage|p2a: Chi-Yu|14\/100\n|cant|p2a: Chi-Yu|flinch\n|\n|-weather|none\n|upkeep\n|turn|8\n|-message|eepy nougat forfeited.\n|\n|win|Felipe.Miller.V\n|raw|Felipe.Miller.V's rating: 1377 → 1394<\/strong> (+17 for winning)\n|raw|eepy nougat's rating: 1316 → 1299<\/strong> (-17 for losing)\n|l|\u2606eepy nougat\n","uploadtime":1683760083,"views":7,"p1id":"felipemillerv","p2id":"eepynougat","formatid":"gen9vgc2023regulationc","rating":1299,"private":0,"password":""}