{"id":"gen9vgc2023regulationc-1846857719","p1":"VGCGohs","p2":"FurretSucksVGC","format":"[Gen 9] VGC 2023 Regulation C","log":"|j|\u2606VGCGohs\n|j|\u2606FurretSucksVGC\n|t:|1681891510\n|gametype|doubles\n|player|p1|VGCGohs|170|1469\n|player|p2|FurretSucksVGC|hilbert|1499\n|teamsize|p1|6\n|teamsize|p2|6\n|gen|9\n|tier|[Gen 9] VGC 2023 Regulation C\n|rated|\n|rule|Species Clause: Limit one of each Pok\u00e9mon\n|rule|Item Clause: Limit one of each item\n|clearpoke\n|poke|p1|Flutter Mane, L50|\n|poke|p1|Chien-Pao, L50|\n|poke|p1|Chi-Yu, L50|\n|poke|p1|Dragonite, L50, M|\n|poke|p1|Annihilape, L50, F|\n|poke|p1|Maushold-Four, L50|\n|poke|p2|Revavroom, L50, F|\n|poke|p2|Iron Hands, L50|\n|poke|p2|Vivillon, L50, M|\n|poke|p2|Baxcalibur, L50, M|\n|poke|p2|Chi-Yu, L50|\n|poke|p2|Vaporeon, L50, M|\n|teampreview|4\nVGCGohs has agreed to open team sheets.\nFurretSucksVGC has agreed to open team sheets.\n|inactive|Battle timer is ON: inactive players will automatically lose when time's up. (requested by VGCGohs)\n|inactive|FurretSucksVGC has 60 seconds left.\n|\n|t:|1681891646\n|start\n|switch|p1a: Maushold|Maushold-Four, L50|100\/100\n|switch|p1b: Annihilape|Annihilape, L50, F|100\/100\n|switch|p2a: Revavroom|Revavroom, L50, F|100\/100\n|switch|p2b: Iron Hands|Iron Hands, L50|100\/100\n|turn|1\n|\n|t:|1681891669\n|-terastallize|p1a: Maushold|Ghost\n|move|p2b: Iron Hands|Fake Out|p1a: Maushold\n|-immune|p1a: Maushold\n|move|p1a: Maushold|Beat Up|p1b: Annihilape\n|-damage|p1b: Annihilape|99\/100\n|-damage|p1b: Annihilape|97\/100\n|-damage|p1b: Annihilape|95\/100\n|-damage|p1b: Annihilape|94\/100\n|-hitcount|p1b: Annihilape|4\n|move|p2a: Revavroom|Shift Gear|p2a: Revavroom\n|-boost|p2a: Revavroom|spe|2\n|-boost|p2a: Revavroom|atk|1\n|move|p1b: Annihilape|Rage Fist|p2b: Iron Hands\n|-damage|p2b: Iron Hands|26\/100\n|\n|upkeep\n|turn|2\n|inactive|VGCGohs has 30 seconds left.\n|inactive|FurretSucksVGC has 30 seconds left.\n|\n|t:|1681891701\n|move|p2a: Revavroom|Protect|p2a: Revavroom\n|-singleturn|p2a: Revavroom|Protect\n|move|p1a: Maushold|Baby-Doll Eyes|p2a: Revavroom\n|-activate|p2a: Revavroom|move: Protect\n|move|p1b: Annihilape|Rage Fist|p2a: Revavroom\n|-activate|p2a: Revavroom|move: Protect\n|move|p2b: Iron Hands|Volt Switch|p1b: Annihilape\n|-damage|p1b: Annihilape|87\/100\n|\n|t:|1681891711\n|-end|p2b: Iron Hands|Quark Drive|[silent]\n|switch|p2b: Chi-Yu|Chi-Yu, L50|100\/100|[from] Volt Switch\n|-ability|p2b: Chi-Yu|Beads of Ruin\n|\n|upkeep\n|turn|3\n|inactive|FurretSucksVGC has 30 seconds left.\n|\n|t:|1681891738\n|move|p1a: Maushold|Follow Me|p1a: Maushold\n|-singleturn|p1a: Maushold|move: Follow Me\n|move|p2a: Revavroom|Iron Head|p1a: Maushold\n|-damage|p1a: Maushold|19\/100\n|move|p2b: Chi-Yu|Heat Wave|p1b: Annihilape|[spread] p1a\n|-miss|p2b: Chi-Yu|p1b: Annihilape\n|-damage|p1a: Maushold|0 fnt\n|faint|p1a: Maushold\n|move|p1b: Annihilape|Earthquake|p2a: Revavroom|[spread] p2a,p2b\n|-supereffective|p2a: Revavroom\n|-supereffective|p2b: Chi-Yu\n|-damage|p2a: Revavroom|0 fnt\n|-damage|p2b: Chi-Yu|22\/100\n|faint|p2a: Revavroom\n|\n|upkeep\n|\n|t:|1681891754\n|switch|p1a: Flutter Mane|Flutter Mane, L50|100\/100\n|switch|p2a: Baxcalibur|Baxcalibur, L50, M|100\/100\n|-enditem|p1a: Flutter Mane|Booster Energy\n|-activate|p1a: Flutter Mane|ability: Protosynthesis|[fromitem]\n|-start|p1a: Flutter Mane|protosynthesisspe\n|turn|4\n|inactive|FurretSucksVGC has 30 seconds left.\n|inactive|FurretSucksVGC has 20 seconds left.\n|inactive|FurretSucksVGC has 15 seconds left.\n|inactive|FurretSucksVGC has 10 seconds left.\n|inactive|FurretSucksVGC has 5 seconds left.\n|\n|t:|1681891810\n|move|p1a: Flutter Mane|Dazzling Gleam|p2a: Baxcalibur|[spread] p2a,p2b\n|-supereffective|p2a: Baxcalibur\n|-damage|p2a: Baxcalibur|28\/100\n|-damage|p2b: Chi-Yu|0 fnt\n|faint|p2b: Chi-Yu\n|move|p2a: Baxcalibur|Icicle Spear|p1a: Flutter Mane\n|-damage|p1a: Flutter Mane|73\/100\n|-damage|p1a: Flutter Mane|42\/100\n|-damage|p1a: Flutter Mane|13\/100\n|-damage|p1a: Flutter Mane|0 fnt\n|faint|p1a: Flutter Mane\n|-end|p1a: Flutter Mane|Protosynthesis|[silent]\n|-hitcount|p1: Flutter Mane|4\n|move|p1b: Annihilape|Rage Fist|p2a: Baxcalibur\n|-damage|p2a: Baxcalibur|0 fnt\n|faint|p2a: Baxcalibur\n|\n|upkeep\n|\n|t:|1681891826\n|switch|p1a: Chi-Yu|Chi-Yu, L50|100\/100\n|switch|p2b: Iron Hands|Iron Hands, L50|26\/100\n|-ability|p1a: Chi-Yu|Beads of Ruin\n|turn|5\n|\n|t:|1681891837\n|move|p1a: Chi-Yu|Heat Wave|p2b: Iron Hands\n|-damage|p2b: Iron Hands|0 fnt\n|faint|p2b: Iron Hands\n|-end|p2b: Iron Hands|Quark Drive|[silent]\n|-damage|p1a: Chi-Yu|90\/100|[from] item: Life Orb\n|\n|win|VGCGohs\n|raw|VGCGohs's rating: 1469 → 1491<\/strong> (+22 for winning)\n|raw|FurretSucksVGC's rating: 1499 → 1477<\/strong> (-22 for losing)\n|c|\u2606FurretSucksVGC|gg\n|c|\u2606VGCGohs|gg\n","uploadtime":1681891851,"views":7,"p1id":"vgcgohs","p2id":"furretsucksvgc","formatid":"gen9vgc2023regulationc","rating":1477,"private":0,"password":""}