{"id":"gen9vgc2023regulationc-1848651477","p1":"Hanou143","p2":"NijiaTW","format":"[Gen 9] VGC 2023 Regulation C","log":"|j|\u2606Hanou143\n|j|\u2606NijiaTW\n|t:|1682097770\n|gametype|doubles\n|player|p1|Hanou143|170|1140\n|player|p2|NijiaTW|steven|1146\n|teamsize|p1|6\n|teamsize|p2|6\n|gen|9\n|tier|[Gen 9] VGC 2023 Regulation C\n|rated|\n|rule|Species Clause: Limit one of each Pok\u00e9mon\n|rule|Item Clause: Limit one of each item\n|clearpoke\n|poke|p1|Kingambit, L50, F|\n|poke|p1|Goodra, L50, F|\n|poke|p1|Mimikyu, L50, F|\n|poke|p1|Rotom-Heat, L50|\n|poke|p1|Amoonguss, L50, F|\n|poke|p1|Iron Hands, L50|\n|poke|p2|Palafin, L50, M|\n|poke|p2|Chien-Pao, L50|\n|poke|p2|Dragapult, L50, M|\n|poke|p2|Amoonguss, L50, F|\n|poke|p2|Arcanine, L50, F|\n|poke|p2|Flutter Mane, L50|\n|teampreview|4\n|inactive|Battle timer is ON: inactive players will automatically lose when time's up. (requested by NijiaTW)\nHanou143 rejected open team sheets.\n|\n|t:|1682097786\n|start\n|switch|p1a: Mimikyu|Mimikyu, L50, F|100\/100\n|switch|p1b: Kingambit|Kingambit, L50, F|100\/100\n|switch|p2a: ChiYu|Arcanine, L50, F|100\/100\n|switch|p2b: Dozo|Palafin, L50, M|100\/100\n|-ability|p2a: ChiYu|Intimidate|boost\n|-unboost|p1a: Mimikyu|atk|1\n|-unboost|p1b: Kingambit|atk|1\n|-ability|p1b: Kingambit|Defiant|boost\n|-boost|p1b: Kingambit|atk|2\n|turn|1\n|inactive|NijiaTW has 30 seconds left.\n|\n|t:|1682097823\n|detailschange|p2b: Dozo|Palafin-Hero, L50, M\n|switch|p2b: Dnite|Dragapult, L50, M|100\/100\n|-terastallize|p1b: Kingambit|Flying\n|move|p2a: ChiYu|Will-O-Wisp|p1b: Kingambit\n|-status|p1b: Kingambit|brn\n|move|p1b: Kingambit|Swords Dance|p1b: Kingambit\n|-boost|p1b: Kingambit|atk|2\n|move|p1a: Mimikyu|Trick Room|p1a: Mimikyu\n|-fieldstart|move: Trick Room|[of] p1a: Mimikyu\n|\n|-damage|p1b: Kingambit|95\/100 brn|[from] brn\n|upkeep\n|turn|2\n|inactive|NijiaTW has 30 seconds left.\n|\n|t:|1682097855\n|move|p1b: Kingambit|Iron Head|p2a: ChiYu\n|-resisted|p2a: ChiYu\n|-damage|p2a: ChiYu|69\/100\n|move|p1a: Mimikyu|Will-O-Wisp|p2b: Dnite\n|-status|p2b: Dnite|brn\n|cant|p2a: ChiYu|flinch\n|move|p2b: Dnite|U-turn|p1a: Mimikyu\n|-activate|p1a: Mimikyu|ability: Disguise\n|-damage|p1a: Mimikyu|100\/100\n|detailschange|p1a: Mimikyu|Mimikyu-Busted, L50, F\n|-damage|p1a: Mimikyu|88\/100|[from] pokemon: Mimikyu-Busted\n|\n|t:|1682097867\n|switch|p2b: Dozo|Palafin-Hero, L50, M|100\/100|[from] U-turn\n|-activate|p2b: Dozo|ability: Zero to Hero\n|\n|-damage|p1b: Kingambit|89\/100 brn|[from] brn\n|upkeep\n|turn|3\n|\n|t:|1682097880\n|-terastallize|p2b: Dozo|Water\n|move|p2b: Dozo|Jet Punch|p1b: Kingambit\n|-damage|p1b: Kingambit|42\/100 brn\n|move|p1b: Kingambit|Iron Head|p2a: ChiYu\n|-resisted|p2a: ChiYu\n|-damage|p2a: ChiYu|38\/100\n|move|p1a: Mimikyu|Will-O-Wisp|p2b: Dozo\n|-status|p2b: Dozo|brn\n|cant|p2a: ChiYu|flinch\n|\n|-damage|p1b: Kingambit|36\/100 brn|[from] brn\n|-damage|p2b: Dozo|95\/100 brn|[from] brn\n|upkeep\n|turn|4\n|\n|t:|1682097904\n|move|p1a: Mimikyu|Shadow Sneak|p2a: ChiYu\n|-crit|p2a: ChiYu\n|-damage|p2a: ChiYu|18\/100\n|move|p1b: Kingambit|Iron Head|p2a: ChiYu\n|-resisted|p2a: ChiYu\n|-damage|p2a: ChiYu|0 fnt\n|faint|p2a: ChiYu\n|move|p2b: Dozo|Wave Crash|p1a: Mimikyu\n|-damage|p1a: Mimikyu|10\/100\n|-damage|p2b: Dozo|78\/100 brn|[from] Recoil\n|\n|-damage|p1b: Kingambit|30\/100 brn|[from] brn\n|-damage|p2b: Dozo|72\/100 brn|[from] brn\n|upkeep\n|\n|t:|1682097917\n|switch|p2a: Dnite|Dragapult, L50, M|100\/100 brn\n|turn|5\n|\n|t:|1682097927\n|move|p1b: Kingambit|Sucker Punch|p2a: Dnite\n|-supereffective|p2a: Dnite\n|-damage|p2a: Dnite|0 fnt\n|faint|p2a: Dnite\n|move|p2b: Dozo|Jet Punch|p1a: Mimikyu\n|-damage|p1a: Mimikyu|0 fnt\n|faint|p1a: Mimikyu\n|\n|-damage|p1b: Kingambit|24\/100 brn|[from] brn\n|-damage|p2b: Dozo|66\/100 brn|[from] brn\n|-fieldend|move: Trick Room\n|upkeep\n|\n|t:|1682097941\n|switch|p2a: Bundle|Chien-Pao, L50|100\/100\n|switch|p1a: Goodra|Goodra, L50, F|100\/100\n|-ability|p2a: Bundle|Sword of Ruin\n|turn|6\n|\n|t:|1682097960\n|switch|p1b: Amoonguss|Amoonguss, L50, F|100\/100\n|move|p2b: Dozo|Jet Punch|p1b: Amoonguss\n|-resisted|p1b: Amoonguss\n|-damage|p1b: Amoonguss|83\/100\n|move|p2a: Bundle|Ice Spinner|p1a: Goodra\n|-supereffective|p1a: Goodra\n|-damage|p1a: Goodra|14\/100\n|move|p1a: Goodra|Counter|p2a: Bundle\n|-enditem|p2a: Bundle|Focus Sash\n|-damage|p2a: Bundle|1\/100\n|\n|-heal|p1a: Goodra|20\/100|[from] item: Leftovers\n|-damage|p2b: Dozo|60\/100 brn|[from] brn\n|upkeep\n|turn|7\n|\n|t:|1682097983\n|move|p1b: Amoonguss|Rage Powder|p1b: Amoonguss\n|-singleturn|p1b: Amoonguss|move: Rage Powder\n|move|p2b: Dozo|Jet Punch|p1b: Amoonguss\n|-resisted|p1b: Amoonguss\n|-damage|p1b: Amoonguss|66\/100\n|move|p2a: Bundle|Ice Spinner|p1b: Amoonguss\n|-supereffective|p1b: Amoonguss\n|-damage|p1b: Amoonguss|0 fnt\n|faint|p1b: Amoonguss\n|move|p1a: Goodra|Fire Punch|p2a: Bundle\n|-supereffective|p2a: Bundle\n|-damage|p2a: Bundle|0 fnt\n|faint|p2a: Bundle\n|\n|-heal|p1a: Goodra|26\/100|[from] item: Leftovers\n|-damage|p2b: Dozo|54\/100 brn|[from] brn\n|upkeep\n|\n|t:|1682097996\n|switch|p1b: Kingambit|Kingambit, L50, F, tera:Flying|24\/100 brn\n|turn|8\n|\n|t:|1682098006\n|move|p2b: Dozo|Jet Punch|p1b: Kingambit\n|-damage|p1b: Kingambit|0 fnt\n|faint|p1b: Kingambit\n|move|p1a: Goodra|Curse|p1a: Goodra\n|-unboost|p1a: Goodra|spe|1\n|-boost|p1a: Goodra|atk|1\n|-boost|p1a: Goodra|def|1\n|\n|-heal|p1a: Goodra|32\/100|[from] item: Leftovers\n|-damage|p2b: Dozo|49\/100 brn|[from] brn\n|upkeep\n|turn|9\n|\n|t:|1682098023\n|move|p2b: Dozo|Wave Crash|p1a: Goodra\n|-resisted|p1a: Goodra\n|-damage|p1a: Goodra|15\/100\n|-damage|p2b: Dozo|43\/100 brn|[from] Recoil\n|move|p1a: Goodra|Counter|p2b: Dozo\n|-damage|p2b: Dozo|10\/100 brn\n|\n|-heal|p1a: Goodra|21\/100|[from] item: Leftovers\n|-damage|p2b: Dozo|4\/100 brn|[from] brn\n|upkeep\n|turn|10\n|\n|t:|1682098034\n|move|p2b: Dozo|Wave Crash|p1a: Goodra\n|-resisted|p1a: Goodra\n|-crit|p1a: Goodra\n|-damage|p1a: Goodra|0 fnt\n|faint|p1a: Goodra\n|-damage|p2b: Dozo|0 fnt|[from] Recoil\n|faint|p2b: Dozo\n|\n|win|NijiaTW\n|raw|Hanou143's rating: 1140 → 1115<\/strong> (-25 for losing)\n|raw|NijiaTW's rating: 1146 → 1171<\/strong> (+25 for winning)\n|l|\u2606Hanou143\n","uploadtime":1682098046,"views":18,"p1id":"hanou143","p2id":"nijiatw","formatid":"gen9vgc2023regulationc","rating":1115,"private":0,"password":""}