{"id":"gen9vgc2023regulationc-1852246961","p1":"progatog","p2":"Au196","format":"[Gen 9] VGC 2023 Regulation C","log":"|j|\u2606progatog\n|j|\u2606Au196\n|t:|1682536417\n|gametype|doubles\n|player|p1|progatog|hilda-wonderlauncher|1331\n|player|p2|Au196|ethan-gen2c|1289\n|teamsize|p1|6\n|teamsize|p2|6\n|gen|9\n|tier|[Gen 9] VGC 2023 Regulation C\n|rated|\n|rule|Species Clause: Limit one of each Pok\u00e9mon\n|rule|Item Clause: Limit one of each item\n|clearpoke\n|poke|p1|Palafin, L50, M|\n|poke|p1|Amoonguss, L50, F|\n|poke|p1|Ting-Lu, L50|\n|poke|p1|Baxcalibur, L50, F|\n|poke|p1|Flutter Mane, L50|\n|poke|p1|Arcanine, L50, F|\n|poke|p2|Azumarill, L50, F|\n|poke|p2|Arcanine, L50, F|\n|poke|p2|Amoonguss, L50, F|\n|poke|p2|Chien-Pao, L50|\n|poke|p2|Ting-Lu, L50|\n|poke|p2|Flutter Mane, L50|\n|teampreview|4\n|inactive|Battle timer is ON: inactive players will automatically lose when time's up. (requested by progatog)\n|inactive|progatog has 60 seconds left.\n|inactive|Au196 has 60 seconds left.\n|inactive|progatog has 30 seconds left.\n|\n|t:|1682536485\n|start\n|switch|p1a: Flutter Mane|Flutter Mane, L50, shiny|100\/100\n|switch|p1b: Palafin|Palafin, L50, M, shiny|100\/100\n|switch|p2a: King|Arcanine, L50, F|100\/100\n|switch|p2b: Bluey|Azumarill, L50, F|100\/100\n|-ability|p2a: King|Intimidate|boost\n|-unboost|p1a: Flutter Mane|atk|1\n|-unboost|p1b: Palafin|atk|1\n|turn|1\n|\n|t:|1682536498\n|detailschange|p1b: Palafin|Palafin-Hero, L50, M, shiny\n|switch|p1b: Arcanine|Arcanine, L50, F|100\/100\n|-ability|p1b: Arcanine|Intimidate|boost\n|-unboost|p2a: King|atk|1\n|-unboost|p2b: Bluey|atk|1\n|move|p1a: Flutter Mane|Thunderbolt|p2b: Bluey\n|-supereffective|p2b: Bluey\n|-damage|p2b: Bluey|36\/100\n|move|p2a: King|Howl|p2a: King|[spread] p2a,p2b\n|-boost|p2a: King|atk|1\n|-boost|p2b: Bluey|atk|1\n|move|p2b: Bluey|Play Rough|p1b: Arcanine\n|-resisted|p1b: Arcanine\n|-damage|p1b: Arcanine|70\/100\n|\n|upkeep\n|turn|2\n|\n|t:|1682536515\n|switch|p1b: Palafin|Palafin-Hero, L50, M, shiny|100\/100\n|-activate|p1b: Palafin|ability: Zero to Hero\n|switch|p2b: Amoonguss|Amoonguss, L50, F, shiny|100\/100\n|move|p1a: Flutter Mane|Thunderbolt|p2b: Amoonguss\n|-resisted|p2b: Amoonguss\n|-damage|p2b: Amoonguss|82\/100\n|move|p2a: King|Flare Blitz|p1a: Flutter Mane\n|-damage|p1a: Flutter Mane|17\/100\n|-status|p1a: Flutter Mane|brn\n|-damage|p2a: King|80\/100|[from] Recoil\n|\n|-damage|p1a: Flutter Mane|11\/100 brn|[from] brn\n|upkeep\n|turn|3\n|\n|t:|1682536540\n|switch|p1b: Arcanine|Arcanine, L50, F|70\/100\n|-ability|p1b: Arcanine|Intimidate|boost\n|-unboost|p2a: King|atk|1\n|-unboost|p2b: Amoonguss|atk|1\n|-terastallize|p2a: King|Normal\n|move|p1a: Flutter Mane|Thunderbolt|p2a: King\n|-damage|p2a: King|32\/100\n|move|p2a: King|Howl|p2a: King|[spread] p2a,p2b\n|-boost|p2a: King|atk|1\n|-boost|p2b: Amoonguss|atk|1\n|move|p2b: Amoonguss|Spore|p1b: Arcanine\n|-activate|p1b: Arcanine|item: Safety Goggles|Spore\n|\n|-damage|p1a: Flutter Mane|5\/100 brn|[from] brn\n|upkeep\n|turn|4\n|inactive|Au196 has 30 seconds left.\n|\n|t:|1682536573\n|move|p2b: Amoonguss|Protect|p2b: Amoonguss\n|-singleturn|p2b: Amoonguss|Protect\n|move|p2a: King|Extreme Speed|p1b: Arcanine\n|-damage|p1b: Arcanine|25\/100\n|move|p1a: Flutter Mane|Thunderbolt|p2a: King\n|-damage|p2a: King|0 fnt\n|faint|p2a: King\n|move|p1b: Arcanine|Flare Blitz|p2b: Amoonguss\n|-activate|p2b: Amoonguss|move: Protect\n|\n|-damage|p1a: Flutter Mane|0 fnt|[from] brn\n|faint|p1a: Flutter Mane\n|-end|p1a: Flutter Mane|Protosynthesis|[silent]\n|upkeep\n|\n|t:|1682536591\n|switch|p1a: Amoonguss|Amoonguss, L50, F, shiny|100\/100\n|switch|p2a: Chien-Pao|Chien-Pao, L50|100\/100\n|-ability|p2a: Chien-Pao|Sword of Ruin\n|turn|5\n|\n|t:|1682536614\n|move|p1a: Amoonguss|Rage Powder|p1a: Amoonguss\n|-singleturn|p1a: Amoonguss|move: Rage Powder\n|move|p2a: Chien-Pao|Ice Spinner|p1a: Amoonguss\n|-supereffective|p1a: Amoonguss\n|-damage|p1a: Amoonguss|5\/100\n|-enditem|p1a: Amoonguss|Sitrus Berry|[eat]\n|-heal|p1a: Amoonguss|30\/100|[from] item: Sitrus Berry\n|move|p1b: Arcanine|Will-O-Wisp|p2a: Chien-Pao\n|-status|p2a: Chien-Pao|brn\n|move|p2b: Amoonguss|Pollen Puff|p2a: Chien-Pao\n|-immune|p2a: Chien-Pao\n|\n|-damage|p2a: Chien-Pao|95\/100 brn|[from] brn\n|upkeep\n|turn|6\n|\n|t:|1682536631\n|switch|p1a: Palafin|Palafin-Hero, L50, M, shiny|100\/100\n|move|p2a: Chien-Pao|Protect|p2a: Chien-Pao\n|-singleturn|p2a: Chien-Pao|Protect\n|move|p1b: Arcanine|Howl|p1b: Arcanine|[spread] p1a,p1b\n|-boost|p1a: Palafin|atk|1\n|-boost|p1b: Arcanine|atk|1\n|move|p2b: Amoonguss|Pollen Puff|p1a: Palafin\n|-damage|p1a: Palafin|84\/100\n|\n|-damage|p2a: Chien-Pao|89\/100 brn|[from] brn\n|upkeep\n|turn|7\n|\n|t:|1682536652\n|-terastallize|p1a: Palafin|Water\n|move|p2b: Amoonguss|Protect|p2b: Amoonguss\n|-singleturn|p2b: Amoonguss|Protect\n|move|p1a: Palafin|Jet Punch|p2a: Chien-Pao\n|-damage|p2a: Chien-Pao|0 fnt\n|faint|p2a: Chien-Pao\n|move|p1b: Arcanine|Flare Blitz|p2b: Amoonguss\n|-activate|p2b: Amoonguss|move: Protect\n|\n|upkeep\n|\n|t:|1682536661\n|switch|p2a: Bluey|Azumarill, L50, F|36\/100\n|turn|8\n|\n|t:|1682536673\n|move|p1b: Arcanine|Extreme Speed|p2a: Bluey\n|-damage|p2a: Bluey|0 fnt\n|faint|p2a: Bluey\n|move|p1a: Palafin|Wave Crash|p2b: Amoonguss\n|-resisted|p2b: Amoonguss\n|-damage|p2b: Amoonguss|9\/100\n|-enditem|p2b: Amoonguss|Sitrus Berry|[eat]\n|-heal|p2b: Amoonguss|34\/100|[from] item: Sitrus Berry\n|-damage|p1a: Palafin|58\/100|[from] Recoil\n|move|p2b: Amoonguss|Spore|p1a: Palafin\n|-status|p1a: Palafin|slp|[from] move: Spore\n|\n|upkeep\n|turn|9\n|-message|Au196 forfeited.\n|\n|win|progatog\n|raw|progatog's rating: 1331 → 1349<\/strong> (+18 for winning)\n|raw|Au196's rating: 1289 → 1267<\/strong> (-22 for losing)\n|l|\u2606Au196\n","uploadtime":1682536695,"views":20,"p1id":"progatog","p2id":"au196","formatid":"gen9vgc2023regulationc","rating":1267,"private":0,"password":""}