{"id":"gen9vgc2023regulationc-1862132671","p1":"IeroTenparansu","p2":"vetta_poke","format":"[Gen 9] VGC 2023 Regulation C","log":"|j|\u2606IeroTenparansu\n|j|\u2606vetta_poke\n|t:|1683840433\n|gametype|doubles\n|player|p1|IeroTenparansu|madame-gen4dp|1276\n|player|p2|vetta_poke|265|1344\n|teamsize|p1|6\n|teamsize|p2|6\n|gen|9\n|tier|[Gen 9] VGC 2023 Regulation C\n|rated|\n|rule|Species Clause: Limit one of each Pok\u00e9mon\n|rule|Item Clause: Limit one of each item\n|clearpoke\n|poke|p1|Dondozo, L50, M|\n|poke|p1|Tatsugiri, L50, F|\n|poke|p1|Chi-Yu, L50|\n|poke|p1|Iron Bundle, L50|\n|poke|p1|Flutter Mane, L50|\n|poke|p1|Glimmora, L50, M|\n|poke|p2|Palafin, L50, M|\n|poke|p2|Flutter Mane, L50|\n|poke|p2|Baxcalibur, L50, M|\n|poke|p2|Ting-Lu, L50|\n|poke|p2|Arcanine, L50, M|\n|poke|p2|Amoonguss, L50, F|\n|teampreview|4\n|inactive|Battle timer is ON: inactive players will automatically lose when time's up. (requested by vetta_poke)\n|\n|t:|1683840497\n|start\n|switch|p1a: Iron Bundle|Iron Bundle, L50, shiny|100\/100\n|switch|p1b: Flutter Mane|Flutter Mane, L50, shiny|100\/100\n|switch|p2a: Palafin|Palafin, L50, M, shiny|100\/100\n|switch|p2b: Flutter Mane|Flutter Mane, L50, shiny|100\/100\n|-enditem|p1a: Iron Bundle|Booster Energy\n|-activate|p1a: Iron Bundle|ability: Quark Drive|[fromitem]\n|-start|p1a: Iron Bundle|quarkdrivespe\n|-enditem|p2b: Flutter Mane|Booster Energy\n|-activate|p2b: Flutter Mane|ability: Protosynthesis|[fromitem]\n|-start|p2b: Flutter Mane|protosynthesisspe\n|turn|1\n|inactive|vetta_poke has 30 seconds left.\n|\n|t:|1683840528\n|-terastallize|p2b: Flutter Mane|Fairy\n|move|p2a: Palafin|Protect|p2a: Palafin\n|-singleturn|p2a: Palafin|Protect\n|move|p1a: Iron Bundle|Icy Wind|p2a: Palafin|[spread] \n|-activate|p2a: Palafin|move: Protect\n|-miss|p1a: Iron Bundle|p2b: Flutter Mane\n|move|p2b: Flutter Mane|Dazzling Gleam|p1a: Iron Bundle|[spread] p1a,p1b\n|-damage|p1a: Iron Bundle|19\/100\n|-damage|p1b: Flutter Mane|60\/100\n|move|p1b: Flutter Mane|Shadow Ball|p2b: Flutter Mane\n|-damage|p2b: Flutter Mane|38\/100\n|-unboost|p2b: Flutter Mane|spd|1\n|\n|upkeep\n|turn|2\n|inactive|vetta_poke has 30 seconds left.\n|\n|t:|1683840558\n|move|p1a: Iron Bundle|Protect|p1a: Iron Bundle\n|-singleturn|p1a: Iron Bundle|Protect\n|move|p2b: Flutter Mane|Protect|p2b: Flutter Mane\n|-singleturn|p2b: Flutter Mane|Protect\n|move|p2a: Palafin|Jet Punch|p1b: Flutter Mane\n|-damage|p1b: Flutter Mane|21\/100\n|move|p1b: Flutter Mane|Shadow Ball|p2b: Flutter Mane\n|-activate|p2b: Flutter Mane|move: Protect\n|\n|upkeep\n|turn|3\n|\n|t:|1683840578\n|-end|p2b: Flutter Mane|Protosynthesis|[silent]\n|switch|p2b: Arcanine|Arcanine, L50, M, shiny|100\/100\n|-ability|p2b: Arcanine|Intimidate|boost\n|-unboost|p1a: Iron Bundle|atk|1\n|-unboost|p1b: Flutter Mane|atk|1\n|move|p2a: Palafin|Jet Punch|p1b: Flutter Mane\n|-damage|p1b: Flutter Mane|0 fnt\n|faint|p1b: Flutter Mane\n|-end|p1b: Flutter Mane|Protosynthesis|[silent]\n|move|p1a: Iron Bundle|Freeze-Dry|p2a: Palafin\n|-supereffective|p2a: Palafin\n|-damage|p2a: Palafin|13\/100\n|\n|upkeep\n|\n|t:|1683840590\n|switch|p1b: Dondozo|Dondozo, L50, M|100\/100\n|turn|4\n|\n|t:|1683840609\n|move|p2a: Palafin|Protect|p2a: Palafin\n|-singleturn|p2a: Palafin|Protect\n|move|p1b: Dondozo|Protect|p1b: Dondozo\n|-singleturn|p1b: Dondozo|Protect\n|move|p2b: Arcanine|Extreme Speed|p1a: Iron Bundle\n|-damage|p1a: Iron Bundle|0 fnt\n|faint|p1a: Iron Bundle\n|-end|p1a: Iron Bundle|Quark Drive|[silent]\n|\n|upkeep\n|\n|t:|1683840617\n|switch|p1a: Tatsugiri|Tatsugiri, L50, F|100\/100\n|-activate|p1a: Tatsugiri|ability: Commander|[of] p1b: Dondozo\n|-boost|p1b: Dondozo|atk|2\n|-boost|p1b: Dondozo|spa|2\n|-boost|p1b: Dondozo|spe|2\n|-boost|p1b: Dondozo|def|2\n|-boost|p1b: Dondozo|spd|2\n|turn|5\n|inactive|vetta_poke has 30 seconds left.\n|inactive|vetta_poke has 20 seconds left.\n|inactive|vetta_poke has 15 seconds left.\n|\n|t:|1683840658\n|detailschange|p2a: Palafin|Palafin-Hero, L50, M, shiny\n|switch|p2a: Amoonguss|Amoonguss, L50, F, shiny|100\/100\n|move|p2b: Arcanine|Protect|p2b: Arcanine\n|-singleturn|p2b: Arcanine|Protect\n|move|p1b: Dondozo|Earthquake|p2b: Arcanine|[spread] p2a\n|-miss|p1b: Dondozo|p1a: Tatsugiri\n|-activate|p2b: Arcanine|move: Protect\n|-damage|p2a: Amoonguss|69\/100\n|\n|upkeep\n|turn|6\n|\n|t:|1683840675\n|-terastallize|p1b: Dondozo|Grass\n|move|p1b: Dondozo|Wave Crash|p2b: Arcanine\n|-supereffective|p2b: Arcanine\n|-damage|p2b: Arcanine|0 fnt\n|faint|p2b: Arcanine\n|-damage|p1b: Dondozo|75\/100|[from] Recoil\n|move|p2a: Amoonguss|Spore|p1b: Dondozo\n|-immune|p1b: Dondozo\n|\n|-heal|p1b: Dondozo|81\/100|[from] item: Leftovers\n|upkeep\n|\n|t:|1683840688\n|switch|p2b: Flutter Mane|Flutter Mane, L50, shiny, tera:Fairy|38\/100\n|turn|7\n|\n|t:|1683840699\n|move|p2b: Flutter Mane|Icy Wind|p1b: Dondozo|[spread] p1b\n|-miss|p2b: Flutter Mane|p1a: Tatsugiri\n|-supereffective|p1b: Dondozo\n|-damage|p1b: Dondozo|67\/100\n|-unboost|p1b: Dondozo|spe|1\n|move|p1b: Dondozo|Earthquake|p2a: Amoonguss|[spread] p2a,p2b\n|-miss|p1b: Dondozo|p1a: Tatsugiri\n|-damage|p2a: Amoonguss|34\/100\n|-damage|p2b: Flutter Mane|0 fnt\n|-enditem|p2a: Amoonguss|Sitrus Berry|[eat]\n|-heal|p2a: Amoonguss|59\/100|[from] item: Sitrus Berry\n|faint|p2b: Flutter Mane\n|-end|p2b: Flutter Mane|Protosynthesis|[silent]\n|move|p2a: Amoonguss|Pollen Puff|p1b: Dondozo\n|-supereffective|p1b: Dondozo\n|-crit|p1b: Dondozo\n|-damage|p1b: Dondozo|21\/100\n|\n|-heal|p1b: Dondozo|27\/100|[from] item: Leftovers\n|upkeep\n|\n|t:|1683840718\n|switch|p2b: Palafin|Palafin-Hero, L50, M, shiny|13\/100\n|-activate|p2b: Palafin|ability: Zero to Hero\n|turn|8\n|inactive|vetta_poke has 30 seconds left.\n|\n|t:|1683840746\n|move|p2b: Palafin|Protect|p2b: Palafin\n|-singleturn|p2b: Palafin|Protect\n|move|p1b: Dondozo|Earthquake|p2b: Palafin|[spread] p2a\n|-miss|p1b: Dondozo|p1a: Tatsugiri\n|-activate|p2b: Palafin|move: Protect\n|-damage|p2a: Amoonguss|23\/100\n|move|p2a: Amoonguss|Pollen Puff|p1b: Dondozo\n|-supereffective|p1b: Dondozo\n|-damage|p1b: Dondozo|10\/100\n|\n|-heal|p1b: Dondozo|16\/100|[from] item: Leftovers\n|upkeep\n|turn|9\n|\n|t:|1683840764\n|move|p1b: Dondozo|Earthquake|p2a: Amoonguss|[spread] p2a,p2b\n|-miss|p1b: Dondozo|p1a: Tatsugiri\n|-damage|p2a: Amoonguss|0 fnt\n|-damage|p2b: Palafin|0 fnt\n|faint|p2a: Amoonguss\n|faint|p2b: Palafin\n|\n|win|IeroTenparansu\n|raw|IeroTenparansu's rating: 1276 → 1306<\/strong> (+30 for winning)\n|raw|vetta_poke's rating: 1344 → 1320<\/strong> (-24 for losing)\n|l|\u2606vetta_poke\n","uploadtime":1683840889,"views":8,"p1id":"ierotenparansu","p2id":"vettapoke","formatid":"gen9vgc2023regulationc","rating":1306,"private":0,"password":""}