{"id":"gen9vgc2023regulationc-1863787125","p1":"Ayrshire20Scythers","p2":"Ups1deD0wnSyndrome","format":"[Gen 9] VGC 2023 Regulation C","log":"|j|\u2606Ayrshire20Scythers\n|j|\u2606Ups1deD0wnSyndrome\n|t:|1684077636\n|gametype|doubles\n|player|p1|Ayrshire20Scythers|policeman-gen4|\n|player|p2|Ups1deD0wnSyndrome|265|\n|teamsize|p1|6\n|teamsize|p2|6\n|gen|9\n|tier|[Gen 9] VGC 2023 Regulation C\n|rule|Species Clause: Limit one of each Pok\u00e9mon\n|rule|Item Clause: Limit one of each item\n|clearpoke\n|poke|p1|Pincurchin, L50, M|\n|poke|p1|Iron Moth, L50|\n|poke|p1|Tyranitar, L50, M|\n|poke|p1|Iron Thorns, L50|\n|poke|p1|Iron Jugulis, L50|\n|poke|p1|Indeedee-F, L50, F|\n|poke|p2|Ting-Lu, L50|\n|poke|p2|Altaria, L50, M|\n|poke|p2|Scizor, L50, F|\n|poke|p2|Flutter Mane, L50|\n|poke|p2|Grafaiai, L50, F|\n|poke|p2|Bruxish, L50, F|\n|teampreview|4\n|\n|t:|1684077651\n|start\n|switch|p1a: Pincurchin|Pincurchin, L50, M, shiny|100\/100\n|switch|p1b: Iron Thorns|Iron Thorns, L50, shiny|100\/100\n|switch|p2a: Altaria|Altaria, L50, M, shiny|100\/100\n|switch|p2b: Scizor|Scizor, L50, F, shiny|100\/100\n|-item|p1b: Iron Thorns|Air Balloon\n|-fieldstart|move: Electric Terrain|[from] ability: Electric Surge|[of] p1a: Pincurchin\n|-activate|p1b: Iron Thorns|ability: Quark Drive\n|-start|p1b: Iron Thorns|quarkdriveatk\n|turn|1\n|\n|t:|1684077671\n|-terastallize|p2b: Scizor|Ground\n|move|p1b: Iron Thorns|Protect|p1b: Iron Thorns\n|-singleturn|p1b: Iron Thorns|Protect\n|move|p2a: Altaria|Tailwind|p2a: Altaria\n|-sidestart|p2: Ups1deD0wnSyndrome|move: Tailwind\n|move|p2b: Scizor|Tera Blast|p1b: Iron Thorns\n|-activate|p1b: Iron Thorns|move: Protect\n|move|p1a: Pincurchin|Discharge|p2a: Altaria|[spread] p2a\n|-activate|p1b: Iron Thorns|move: Protect\n|-immune|p2b: Scizor\n|-damage|p2a: Altaria|83\/100\n|\n|upkeep\n|turn|2\n|\n|t:|1684077742\n|-terastallize|p1b: Iron Thorns|Rock\n|move|p1a: Pincurchin|Protect|p1a: Pincurchin\n|-singleturn|p1a: Pincurchin|Protect\n|move|p2a: Altaria|Moonblast|p1b: Iron Thorns\n|-damage|p1b: Iron Thorns|83\/100\n|-enditem|p1b: Iron Thorns|Air Balloon\n|move|p2b: Scizor|Tera Blast|p1a: Pincurchin\n|-activate|p1a: Pincurchin|move: Protect\n|move|p1b: Iron Thorns|Rock Slide|p2b: Scizor|[spread] p2a,p2b\n|-supereffective|p2a: Altaria\n|-resisted|p2b: Scizor\n|-damage|p2a: Altaria|0 fnt\n|-damage|p2b: Scizor|71\/100\n|faint|p2a: Altaria\n|\n|upkeep\n|\n|t:|1684077761\n|switch|p2a: Bruxish|Bruxish, L50, F|100\/100\n|turn|3\n|\n|t:|1684077772\n|move|p1b: Iron Thorns|Protect|p1b: Iron Thorns\n|-singleturn|p1b: Iron Thorns|Protect\n|move|p2a: Bruxish|Waterfall|p1b: Iron Thorns\n|-activate|p1b: Iron Thorns|move: Protect\n|move|p2b: Scizor|Tera Blast|p1a: Pincurchin\n|-supereffective|p1a: Pincurchin\n|-damage|p1a: Pincurchin|27\/100\n|move|p1a: Pincurchin|Surf|p2b: Scizor|[spread] p2a,p2b\n|-activate|p1b: Iron Thorns|move: Protect\n|-resisted|p2a: Bruxish\n|-supereffective|p2b: Scizor\n|-damage|p2a: Bruxish|89\/100\n|-damage|p2b: Scizor|47\/100\n|\n|upkeep\n|turn|4\n|\n|t:|1684077794\n|move|p2b: Scizor|Bullet Punch|p1b: Iron Thorns\n|-supereffective|p1b: Iron Thorns\n|-damage|p1b: Iron Thorns|31\/100\n|move|p2a: Bruxish|Waterfall|p1a: Pincurchin\n|-damage|p1a: Pincurchin|0 fnt\n|faint|p1a: Pincurchin\n|move|p1b: Iron Thorns|Thunder Punch|p2a: Bruxish\n|-supereffective|p2a: Bruxish\n|-damage|p2a: Bruxish|0 fnt\n|faint|p2a: Bruxish\n|\n|-sideend|p2: Ups1deD0wnSyndrome|move: Tailwind\n|upkeep\n|\n|t:|1684077808\n|switch|p2a: Flutter Mane|Flutter Mane, L50|100\/100\n|switch|p1a: Indeedee|Indeedee-F, L50, F, shiny|100\/100\n|-enditem|p2a: Flutter Mane|Booster Energy\n|-activate|p2a: Flutter Mane|ability: Protosynthesis|[fromitem]\n|-start|p2a: Flutter Mane|protosynthesisspe\n|turn|5\n|\n|t:|1684077823\n|move|p1a: Indeedee|Fake Out|p2b: Scizor\n|-damage|p2b: Scizor|37\/100\n|move|p2a: Flutter Mane|Dazzling Gleam|p1b: Iron Thorns|[spread] p1a,p1b\n|-damage|p1a: Indeedee|72\/100\n|-damage|p1b: Iron Thorns|3\/100\n|move|p1b: Iron Thorns|Rock Slide|p2a: Flutter Mane|[spread] p2a,p2b\n|-resisted|p2b: Scizor\n|-damage|p2a: Flutter Mane|5\/100\n|-damage|p2b: Scizor|9\/100\n|cant|p2b: Scizor|flinch\n|\n|upkeep\n|turn|6\n|\n|t:|1684077851\n|move|p1a: Indeedee|Follow Me|p1a: Indeedee\n|-singleturn|p1a: Indeedee|move: Follow Me\n|move|p2b: Scizor|Bullet Punch|p1a: Indeedee\n|-damage|p1a: Indeedee|21\/100\n|-enditem|p1a: Indeedee|Iapapa Berry|[eat]\n|-heal|p1a: Indeedee|54\/100|[from] item: Iapapa Berry\n|move|p2a: Flutter Mane|Dazzling Gleam|p1b: Iron Thorns|[spread] p1a,p1b\n|-damage|p1a: Indeedee|29\/100\n|-damage|p1b: Iron Thorns|0 fnt\n|faint|p1b: Iron Thorns\n|-end|p1b: Iron Thorns|Quark Drive|[silent]\n|\n|upkeep\n|\n|t:|1684077864\n|switch|p1b: Iron Moth|Iron Moth, L50, shiny|100\/100\n|-activate|p1b: Iron Moth|ability: Quark Drive\n|-start|p1b: Iron Moth|quarkdrivespe\n|turn|7\n|\n|t:|1684077898\n|move|p2a: Flutter Mane|Protect|p2a: Flutter Mane\n|-singleturn|p2a: Flutter Mane|Protect\n|move|p1a: Indeedee|Follow Me|p1a: Indeedee\n|-singleturn|p1a: Indeedee|move: Follow Me\n|move|p1b: Iron Moth|Sludge Wave|p2b: Scizor|[spread] p1a,p2b\n|-activate|p2a: Flutter Mane|move: Protect\n|-resisted|p2b: Scizor\n|-damage|p1a: Indeedee|0 fnt\n|-damage|p2b: Scizor|0 fnt\n|faint|p1a: Indeedee\n|faint|p2b: Scizor\n|-damage|p1b: Iron Moth|90\/100|[from] item: Life Orb\n|\n|upkeep\n|turn|8\n|\n|t:|1684077916\n|move|p2a: Flutter Mane|Mystical Fire|p1b: Iron Moth\n|-resisted|p1b: Iron Moth\n|-damage|p1b: Iron Moth|80\/100\n|-unboost|p1b: Iron Moth|spa|1\n|move|p1b: Iron Moth|Fiery Dance|p2a: Flutter Mane\n|-damage|p2a: Flutter Mane|0 fnt\n|-boost|p1b: Iron Moth|spa|1\n|faint|p2a: Flutter Mane\n|-end|p2a: Flutter Mane|Protosynthesis|[silent]\n|-damage|p1b: Iron Moth|70\/100|[from] item: Life Orb\n|\n|win|Ayrshire20Scythers\n|l|\u2606Ayrshire20Scythers\n","uploadtime":1684077928,"views":17,"p1id":"ayrshire20scythers","p2id":"ups1ded0wnsyndrome","formatid":"gen9vgc2023regulationc","rating":0,"private":0,"password":""}