{"id":"gen9vgc2023regulationc-1845985489","p1":"Imboredthusimhere","p2":"collysnobbles","format":"[Gen 9] VGC 2023 Regulation C","log":"|j|\u2606Imboredthusimhere\n|j|\u2606collysnobbles\n|t:|1681787435\n|gametype|doubles\n|player|p1|Imboredthusimhere|101|1108\n|player|p2|collysnobbles|cheryl|1091\n|teamsize|p1|6\n|teamsize|p2|6\n|gen|9\n|tier|[Gen 9] VGC 2023 Regulation C\n|rated|\n|rule|Species Clause: Limit one of each Pok\u00e9mon\n|rule|Item Clause: Limit one of each item\n|clearpoke\n|poke|p1|Tatsugiri, L50, M|\n|poke|p1|Dondozo, L50, M|\n|poke|p1|Maushold, L50|\n|poke|p1|Amoonguss, L50, M|\n|poke|p1|Annihilape, L50, F|\n|poke|p1|Gholdengo, L50|\n|poke|p2|Pelipper, L50, M|\n|poke|p2|Surskit, L50, M|\n|poke|p2|Breloom, L50, M|\n|poke|p2|Salamence, L50, F|\n|poke|p2|Glalie, L50, M|\n|poke|p2|Gardevoir, L50, F|\n|teampreview|4\n|n|\u2606Imboredthusimhere|imboredthusimhere\n|\n|t:|1681787460\n|start\n|switch|p1a: Triply|Maushold, L50|100\/100\n|switch|p1b: Ded ape|Annihilape, L50, F|100\/100\n|switch|p2a: Pelipper|Pelipper, L50, M|100\/100\n|switch|p2b: Surskit|Surskit, L50, M, shiny|100\/100\n|-weather|RainDance|[from] ability: Drizzle|[of] p2a: Pelipper\n|turn|1\n|\n|t:|1681787487\n|move|p2a: Pelipper|Protect|p2a: Pelipper\n|-singleturn|p2a: Pelipper|Protect\n|move|p2b: Surskit|Icy Wind|p1b: Ded ape|[spread] p1a,p1b\n|-damage|p1a: Triply|93\/100\n|-damage|p1b: Ded ape|97\/100\n|-unboost|p1a: Triply|spe|1\n|-unboost|p1b: Ded ape|spe|1\n|-ability|p1b: Ded ape|Defiant|boost\n|-boost|p1b: Ded ape|atk|2\n|move|p1a: Triply|Beat Up|p1b: Ded ape\n|-damage|p1b: Ded ape|94\/100\n|-damage|p1b: Ded ape|90\/100\n|-crit|p1b: Ded ape\n|-damage|p1b: Ded ape|87\/100\n|-damage|p1b: Ded ape|83\/100\n|-hitcount|p1b: Ded ape|4\n|move|p1b: Ded ape|Rage Fist|p2a: Pelipper\n|-activate|p2a: Pelipper|move: Protect\n|\n|-weather|RainDance|[upkeep]\n|upkeep\n|turn|2\n|\n|t:|1681787513\n|-terastallize|p2a: Pelipper|Water\n|move|p2b: Surskit|Helping Hand|p2a: Pelipper\n|-singleturn|p2a: Pelipper|Helping Hand|[of] p2b: Surskit\n|move|p1a: Triply|Follow Me|p1a: Triply\n|-singleturn|p1a: Triply|move: Follow Me\n|move|p2a: Pelipper|Surf|p1b: Ded ape|[spread] p2b,p1a,p1b\n|-resisted|p2b: Surskit\n|-damage|p2b: Surskit|37\/100\n|-damage|p1a: Triply|0 fnt\n|-damage|p1b: Ded ape|29\/100\n|faint|p1a: Triply\n|move|p1b: Ded ape|Rage Fist|p2a: Pelipper\n|-damage|p2a: Pelipper|0 fnt\n|faint|p2a: Pelipper\n|-damage|p1b: Ded ape|19\/100|[from] item: Life Orb\n|\n|-weather|RainDance|[upkeep]\n|upkeep\n|c|\u2606collysnobbles|holy smokes\n|c|\u2606collysnobbles|is that av\n|\n|t:|1681787542\n|switch|p1a: Louie ve don|Dondozo, L50, M|100\/100\n|switch|p2a: Salamence|Salamence, L50, F|100\/100\n|-ability|p2a: Salamence|Intimidate|boost\n|-unboost|p1a: Louie ve don|atk|1\n|-unboost|p1b: Ded ape|atk|1\n|-ability|p1b: Ded ape|Defiant|boost\n|-boost|p1b: Ded ape|atk|2\n|turn|3\n|\n|t:|1681787571\n|switch|p1b: Sushi|Tatsugiri, L50, M|100\/100\n|-activate|p1b: Sushi|ability: Commander|[of] p1a: Louie ve don\n|-boost|p1a: Louie ve don|atk|2\n|-boost|p1a: Louie ve don|spa|2\n|-boost|p1a: Louie ve don|spe|2\n|-boost|p1a: Louie ve don|def|2\n|-boost|p1a: Louie ve don|spd|2\n|move|p2a: Salamence|Protect|p2a: Salamence\n|-singleturn|p2a: Salamence|Protect\n|move|p2b: Surskit|Icy Wind|p1a: Louie ve don|[spread] p1a\n|-miss|p2b: Surskit|p1b: Sushi\n|-resisted|p1a: Louie ve don\n|-damage|p1a: Louie ve don|99\/100\n|-unboost|p1a: Louie ve don|spe|1\n|move|p1a: Louie ve don|Order Up|p2a: Salamence\n|-activate|p2a: Salamence|move: Protect\n|\n|-weather|RainDance|[upkeep]\n|-heal|p1a: Louie ve don|100\/100|[from] item: Leftovers\n|upkeep\n|turn|4\n|\n|t:|1681787614\n|switch|p2a: Breloom|Breloom, L50, M|100\/100\n|move|p2b: Surskit|Power Split|p1a: Louie ve don\n|-activate|p2b: Surskit|move: Power Split|[of] p1a: Louie ve don\n|move|p1a: Louie ve don|Order Up|p2a: Breloom\n|-damage|p2a: Breloom|66\/100\n|-boost|p1a: Louie ve don|atk|1\n|\n|-weather|RainDance|[upkeep]\n|upkeep\n|turn|5\n|\n|t:|1681787632\n|-terastallize|p1a: Louie ve don|Grass\n|move|p2b: Surskit|Icy Wind|p1b: Sushi|[spread] p1a\n|-miss|p2b: Surskit|p1b: Sushi\n|-supereffective|p1a: Louie ve don\n|-damage|p1a: Louie ve don|93\/100\n|-unboost|p1a: Louie ve don|spe|1\n|move|p2a: Breloom|Spore|p1a: Louie ve don\n|-immune|p1a: Louie ve don\n|move|p1a: Louie ve don|Earthquake|p2b: Surskit|[spread] p2a,p2b\n|-miss|p1a: Louie ve don|p1b: Sushi\n|-resisted|p2a: Breloom\n|-resisted|p2b: Surskit\n|-damage|p2a: Breloom|44\/100\n|-damage|p2b: Surskit|19\/100\n|\n|-weather|none\n|-heal|p1a: Louie ve don|99\/100|[from] item: Leftovers\n|upkeep\n|turn|6\n|\n|t:|1681787660\n|move|p2a: Breloom|Protect|p2a: Breloom\n|-singleturn|p2a: Breloom|Protect\n|move|p2b: Surskit|Soak|p1a: Louie ve don\n|-fail|p1a: Louie ve don\n|move|p1a: Louie ve don|Earthquake|p2b: Surskit|[spread] p2b\n|-miss|p1a: Louie ve don|p1b: Sushi\n|-activate|p2a: Breloom|move: Protect\n|-resisted|p2b: Surskit\n|-damage|p2b: Surskit|1\/100\n|\n|-heal|p1a: Louie ve don|100\/100|[from] item: Leftovers\n|upkeep\n|turn|7\n|c|\u2606collysnobbles|lol\n|\n|t:|1681787681\n|move|p2b: Surskit|Helping Hand|p2a: Breloom\n|-singleturn|p2a: Breloom|Helping Hand|[of] p2b: Surskit\n|move|p2a: Breloom|Mach Punch|p1a: Louie ve don\n|-damage|p1a: Louie ve don|81\/100\n|move|p1a: Louie ve don|Earthquake|p2b: Surskit|[spread] p2a,p2b\n|-miss|p1a: Louie ve don|p1b: Sushi\n|-resisted|p2a: Breloom\n|-resisted|p2b: Surskit\n|-damage|p2a: Breloom|25\/100\n|-damage|p2b: Surskit|0 fnt\n|faint|p2b: Surskit\n|\n|-heal|p1a: Louie ve don|88\/100|[from] item: Leftovers\n|upkeep\n|\n|t:|1681787687\n|switch|p2b: Salamence|Salamence, L50, F|100\/100\n|-ability|p2b: Salamence|Intimidate|boost\n|-unboost|p1a: Louie ve don|atk|1\n|-unboost|p1b: Sushi|atk|1\n|turn|8\n|\n|t:|1681787699\n|move|p2a: Breloom|Protect|p2a: Breloom\n|-singleturn|p2a: Breloom|Protect\n|move|p2b: Salamence|Dual Wingbeat|p1a: Louie ve don\n|-supereffective|p1a: Louie ve don\n|-damage|p1a: Louie ve don|66\/100\n|-supereffective|p1a: Louie ve don\n|-damage|p1a: Louie ve don|45\/100\n|-hitcount|p1a: Louie ve don|2\n|-damage|p2b: Salamence|91\/100|[from] item: Life Orb\n|move|p1a: Louie ve don|Order Up|p2b: Salamence\n|-supereffective|p2b: Salamence\n|-damage|p2b: Salamence|43\/100\n|-boost|p1a: Louie ve don|atk|1\n|\n|-heal|p1a: Louie ve don|51\/100|[from] item: Leftovers\n|upkeep\n|turn|9\n|\n|t:|1681787715\n|move|p2a: Breloom|Mach Punch|p1a: Louie ve don\n|-damage|p1a: Louie ve don|39\/100\n|move|p2b: Salamence|Dual Wingbeat|p1a: Louie ve don\n|-supereffective|p1a: Louie ve don\n|-damage|p1a: Louie ve don|20\/100\n|-supereffective|p1a: Louie ve don\n|-damage|p1a: Louie ve don|0 fnt\n|faint|p1a: Louie ve don\n|-hitcount|p1: Louie ve don|2\n|-damage|p2b: Salamence|33\/100|[from] item: Life Orb\n|\n|upkeep\n|\n|t:|1681787723\n|switch|p1a: Ded ape|Annihilape, L50, F|19\/100\n|turn|10\n|inactive|Battle timer is ON: inactive players will automatically lose when time's up. (requested by Imboredthusimhere)\n|\n|t:|1681787788\n|move|p2a: Breloom|Protect|p2a: Breloom\n|-singleturn|p2a: Breloom|Protect\n|move|p2b: Salamence|Dragon Claw|p1b: Sushi\n|-supereffective|p1b: Sushi\n|-damage|p1b: Sushi|0 fnt\n|faint|p1b: Sushi\n|-damage|p2b: Salamence|23\/100|[from] item: Life Orb\n|move|p1a: Ded ape|Rage Fist|p2a: Breloom\n|-activate|p2a: Breloom|move: Protect\n|\n|upkeep\n|turn|11\n|\n|t:|1681787804\n|move|p2b: Salamence|Dragon Claw|p1a: Ded ape\n|-damage|p1a: Ded ape|0 fnt\n|faint|p1a: Ded ape\n|-damage|p2b: Salamence|13\/100|[from] item: Life Orb\n|\n|win|collysnobbles\n|raw|Imboredthusimhere's rating: 1108 → 1082<\/strong> (-26 for losing)\n|raw|collysnobbles's rating: 1091 → 1119<\/strong> (+28 for winning)\n|l|\u2606Imboredthusimhere\n|c|\u2606collysnobbles|gg\n","uploadtime":1681788326,"views":4,"p1id":"imboredthusimhere","p2id":"collysnobbles","formatid":"gen9vgc2023regulationc","rating":1082,"private":0,"password":""}