{"id":"gen9vgc2023regulationc-1853287602","p1":"anshar_training","p2":"DanPB","format":"[Gen 9] VGC 2023 Regulation C","log":"|j|\u2606anshar_training\n|j|\u2606DanPB\n|t:|1682661469\n|gametype|doubles\n|player|p1|anshar_training|colress|1099\n|player|p2|DanPB|2|1186\n|teamsize|p1|6\n|teamsize|p2|6\n|gen|9\n|tier|[Gen 9] VGC 2023 Regulation C\n|rated|\n|rule|Species Clause: Limit one of each Pok\u00e9mon\n|rule|Item Clause: Limit one of each item\n|clearpoke\n|poke|p1|Palafin, L50, F|\n|poke|p1|Flutter Mane, L50|\n|poke|p1|Arcanine, L50, M|\n|poke|p1|Amoonguss, L50, F|\n|poke|p1|Ting-Lu, L50|\n|poke|p1|Roaring Moon, L50|\n|poke|p2|Gothitelle, L50, F|\n|poke|p2|Wo-Chien, L50|\n|poke|p2|Arcanine, L50, F|\n|poke|p2|Iron Jugulis, L50|\n|poke|p2|Gholdengo, L50|\n|poke|p2|Garganacl, L50, F|\n|teampreview|4\n|inactive|Battle timer is ON: inactive players will automatically lose when time's up. (requested by DanPB)\n|inactive|DanPB has 60 seconds left.\n|\n|t:|1682661509\n|start\n|switch|p1a: Susy|Amoonguss, L50, F|100\/100\n|switch|p1b: Cornelia|Flutter Mane, L50|100\/100\n|switch|p2a: Gholdengo|Gholdengo, L50|100\/100\n|switch|p2b: Iron Jugulis|Iron Jugulis, L50|100\/100\n|-item|p2a: Gholdengo|Air Balloon\n|-enditem|p2b: Iron Jugulis|Booster Energy\n|-activate|p2b: Iron Jugulis|ability: Quark Drive|[fromitem]\n|-start|p2b: Iron Jugulis|quarkdrivespe\n|turn|1\n|inactive|anshar_training has 30 seconds left.\n|inactive|DanPB has 30 seconds left.\n|inactive|anshar_training has 20 seconds left.\n|inactive|DanPB has 20 seconds left.\n|inactive|DanPB has 15 seconds left.\n|inactive|DanPB has 10 seconds left.\n|inactive|DanPB has 5 seconds left.\n|\n|t:|1682661560\n|-end|p1b: Cornelia|Protosynthesis|[silent]\n|switch|p1b: Apolo|Arcanine, L50, M|100\/100\n|-ability|p1b: Apolo|Intimidate|boost\n|-unboost|p2a: Gholdengo|atk|1\n|-unboost|p2b: Iron Jugulis|atk|1\n|move|p2b: Iron Jugulis|Tailwind|p2b: Iron Jugulis\n|-sidestart|p2: DanPB|move: Tailwind\n|move|p2a: Gholdengo|Make It Rain|p1b: Apolo|[spread] p1a,p1b\n|-resisted|p1b: Apolo\n|-damage|p1a: Susy|51\/100\n|-damage|p1b: Apolo|71\/100\n|-unboost|p2a: Gholdengo|spa|1\n|move|p1a: Susy|Spore|p2b: Iron Jugulis\n|-status|p2b: Iron Jugulis|slp|[from] move: Spore\n|\n|upkeep\n|turn|2\n|inactive|anshar_training has 30 seconds left.\n|inactive|DanPB has 30 seconds left.\n|\n|t:|1682661588\n|switch|p2a: Arcanine|Arcanine, L50, F|100\/100\n|-ability|p2a: Arcanine|Intimidate|boost\n|-unboost|p1a: Susy|atk|1\n|-unboost|p1b: Apolo|atk|1\n|cant|p2b: Iron Jugulis|slp\n|move|p1b: Apolo|Flare Blitz|p2a: Arcanine\n|-resisted|p2a: Arcanine\n|-damage|p2a: Arcanine|82\/100\n|-damage|p1b: Apolo|64\/100|[from] Recoil\n|move|p1a: Susy|Pollen Puff|p1b: Apolo\n|-heal|p1b: Apolo|100\/100\n|\n|upkeep\n|turn|3\n|inactive|DanPB has 30 seconds left.\n|inactive|DanPB has 20 seconds left.\n|inactive|DanPB has 15 seconds left.\n|\n|t:|1682661631\n|-terastallize|p1a: Susy|Water\n|cant|p2b: Iron Jugulis|slp\n|move|p2a: Arcanine|Flare Blitz|p1a: Susy\n|-resisted|p1a: Susy\n|-damage|p1a: Susy|31\/100\n|-enditem|p1a: Susy|Sitrus Berry|[eat]\n|-heal|p1a: Susy|55\/100|[from] item: Sitrus Berry\n|-damage|p2a: Arcanine|74\/100|[from] Recoil\n|move|p1b: Apolo|Will-O-Wisp||[still]\n|-fail|p1b: Apolo\n|move|p1a: Susy|Spore|p2a: Arcanine\n|-activate|p2a: Arcanine|item: Safety Goggles|Spore\n|\n|upkeep\n|turn|4\n|inactive|anshar_training has 30 seconds left.\n|\n|t:|1682661658\n|switch|p1a: PlusUltra|Palafin, L50, F|100\/100\n|cant|p2b: Iron Jugulis|slp\n|move|p2a: Arcanine|Fire Spin|p1a: PlusUltra\n|-resisted|p1a: PlusUltra\n|-damage|p1a: PlusUltra|93\/100\n|-activate|p1a: PlusUltra|move: Fire Spin|[of] p2a: Arcanine\n|move|p1b: Apolo|Flare Blitz|p2b: Iron Jugulis\n|-damage|p2b: Iron Jugulis|65\/100 slp\n|-damage|p1b: Apolo|89\/100|[from] Recoil\n|\n|-damage|p1a: PlusUltra|81\/100|[from] move: Fire Spin|[partiallytrapped]\n|-sideend|p2: DanPB|move: Tailwind\n|upkeep\n|turn|5\n|inactive|anshar_training has 30 seconds left.\n|inactive|DanPB has 30 seconds left.\n|inactive|DanPB has 20 seconds left.\n|inactive|DanPB has 15 seconds left.\n|\n|t:|1682661701\n|switch|p2a: Wo-Chien|Wo-Chien, L50|100\/100\n|-ability|p2a: Wo-Chien|Tablets of Ruin\n|move|p1a: PlusUltra|Jet Punch|p2b: Iron Jugulis\n|-damage|p2b: Iron Jugulis|41\/100 slp\n|-curestatus|p2b: Iron Jugulis|slp|[msg]\n|move|p2b: Iron Jugulis|Tailwind|p2b: Iron Jugulis\n|-sidestart|p2: DanPB|move: Tailwind\n|move|p1b: Apolo|Flare Blitz|p2a: Wo-Chien\n|-supereffective|p2a: Wo-Chien\n|-damage|p2a: Wo-Chien|53\/100\n|-status|p2a: Wo-Chien|brn\n|-damage|p1b: Apolo|74\/100|[from] Recoil\n|\n|-heal|p2a: Wo-Chien|59\/100 brn|[from] item: Leftovers\n|-damage|p2a: Wo-Chien|53\/100 brn|[from] brn\n|-end|p1a: PlusUltra|Fire Spin|[partiallytrapped]|[silent]\n|upkeep\n|turn|6\n|inactive|anshar_training has 30 seconds left.\n|inactive|DanPB has 30 seconds left.\n|inactive|anshar_training has 20 seconds left.\n|\n|t:|1682661740\n|detailschange|p1a: PlusUltra|Palafin-Hero, L50, F\n|switch|p1a: Cornelia|Flutter Mane, L50|100\/100\n|move|p1b: Apolo|Extreme Speed|p2b: Iron Jugulis\n|-damage|p2b: Iron Jugulis|30\/100\n|move|p2b: Iron Jugulis|Air Slash|p1b: Apolo\n|-damage|p1b: Apolo|37\/100\n|move|p2a: Wo-Chien|Pollen Puff|p2b: Iron Jugulis\n|-heal|p2b: Iron Jugulis|80\/100\n|\n|-heal|p2a: Wo-Chien|59\/100 brn|[from] item: Leftovers\n|-damage|p2a: Wo-Chien|53\/100 brn|[from] brn\n|upkeep\n|turn|7\n|inactive|DanPB has 30 seconds left.\n|\n|t:|1682661772\n|move|p2b: Iron Jugulis|Snarl|p1a: Cornelia|[spread] p1a,p1b\n|-crit|p1b: Apolo\n|-damage|p1a: Cornelia|83\/100\n|-damage|p1b: Apolo|7\/100\n|-unboost|p1a: Cornelia|spa|1\n|-unboost|p1b: Apolo|spa|1\n|move|p1a: Cornelia|Dazzling Gleam|p2a: Wo-Chien|[spread] p2a,p2b\n|-supereffective|p2a: Wo-Chien\n|-supereffective|p2b: Iron Jugulis\n|-damage|p2a: Wo-Chien|18\/100 brn\n|-damage|p2b: Iron Jugulis|7\/100\n|move|p2a: Wo-Chien|Ruination|p1a: Cornelia\n|-damage|p1a: Cornelia|42\/100\n|move|p1b: Apolo|Flare Blitz|p2a: Wo-Chien\n|-supereffective|p2a: Wo-Chien\n|-damage|p2a: Wo-Chien|0 fnt\n|faint|p2a: Wo-Chien\n|-damage|p1b: Apolo|1\/100|[from] Recoil\n|\n|upkeep\n|inactive|DanPB has 30 seconds left.\n|inactive|DanPB has 20 seconds left.\n|\n|t:|1682661807\n|switch|p2a: Gholdengo|Gholdengo, L50|100\/100\n|-item|p2a: Gholdengo|Air Balloon\n|turn|8\n|\n|t:|1682661824\n|-end|p1a: Cornelia|Protosynthesis|[silent]\n|switch|p1a: Susy|Amoonguss, L50, F, tera:Water|89\/100\n|move|p1b: Apolo|Protect|p1b: Apolo\n|-singleturn|p1b: Apolo|Protect\n|move|p2b: Iron Jugulis|Snarl|p1a: Susy|[spread] p1a\n|-activate|p1b: Apolo|move: Protect\n|-damage|p1a: Susy|74\/100\n|-unboost|p1a: Susy|spa|1\n|move|p2a: Gholdengo|Shadow Ball|p1a: Susy\n|-damage|p1a: Susy|28\/100\n|\n|-sideend|p2: DanPB|move: Tailwind\n|upkeep\n|turn|9\n|\n|t:|1682661843\n|move|p1b: Apolo|Extreme Speed|p2b: Iron Jugulis\n|-damage|p2b: Iron Jugulis|0 fnt\n|faint|p2b: Iron Jugulis\n|-end|p2b: Iron Jugulis|Quark Drive|[silent]\n|move|p2a: Gholdengo|Nasty Plot|p2a: Gholdengo\n|-boost|p2a: Gholdengo|spa|2\n|move|p1a: Susy|Pollen Puff|p1b: Apolo\n|-heal|p1b: Apolo|51\/100\n|\n|upkeep\n|\n|t:|1682661863\n|switch|p2b: Arcanine|Arcanine, L50, F|74\/100\n|-ability|p2b: Arcanine|Intimidate|boost\n|-unboost|p1a: Susy|atk|1\n|-unboost|p1b: Apolo|atk|1\n|turn|10\n|inactive|DanPB has 30 seconds left.\n|\n|t:|1682661890\n|-terastallize|p2a: Gholdengo|Steel\n|move|p1b: Apolo|Flare Blitz|p2a: Gholdengo\n|-supereffective|p2a: Gholdengo\n|-damage|p2a: Gholdengo|53\/100\n|-enditem|p2a: Gholdengo|Air Balloon\n|-damage|p1b: Apolo|36\/100|[from] Recoil\n|move|p2b: Arcanine|Flare Blitz|p1b: Apolo\n|-resisted|p1b: Apolo\n|-damage|p1b: Apolo|8\/100\n|-damage|p2b: Arcanine|65\/100|[from] Recoil\n|move|p2a: Gholdengo|Make It Rain|p1a: Susy|[spread] p1a,p1b\n|-resisted|p1a: Susy\n|-resisted|p1b: Apolo\n|-damage|p1a: Susy|0 fnt\n|-damage|p1b: Apolo|0 fnt\n|-unboost|p2a: Gholdengo|spa|1\n|faint|p1a: Susy\n|faint|p1b: Apolo\n|\n|upkeep\n|\n|t:|1682661913\n|switch|p1b: Cornelia|Flutter Mane, L50|42\/100\n|switch|p1a: PlusUltra|Palafin-Hero, L50, F|81\/100\n|-activate|p1a: PlusUltra|ability: Zero to Hero\n|turn|11\n|\n|t:|1682661926\n|move|p1b: Cornelia|Dazzling Gleam|p2b: Arcanine|[spread] p2a,p2b\n|-resisted|p2a: Gholdengo\n|-resisted|p2b: Arcanine\n|-damage|p2a: Gholdengo|31\/100\n|-damage|p2b: Arcanine|43\/100\n|move|p1a: PlusUltra|Wave Crash|p2a: Gholdengo\n|-crit|p2a: Gholdengo\n|-damage|p2a: Gholdengo|0 fnt\n|faint|p2a: Gholdengo\n|-damage|p1a: PlusUltra|71\/100|[from] Recoil\n|move|p2b: Arcanine|Fire Spin|p1a: PlusUltra\n|-resisted|p1a: PlusUltra\n|-damage|p1a: PlusUltra|66\/100\n|-activate|p1a: PlusUltra|move: Fire Spin|[of] p2b: Arcanine\n|\n|-damage|p1a: PlusUltra|54\/100|[from] move: Fire Spin|[partiallytrapped]\n|upkeep\n|turn|12\n|\n|t:|1682661942\n|move|p2b: Arcanine|Protect|p2b: Arcanine\n|-singleturn|p2b: Arcanine|Protect\n|move|p1b: Cornelia|Dazzling Gleam|p2b: Arcanine\n|-activate|p2b: Arcanine|move: Protect\n|move|p1a: PlusUltra|Wave Crash|p2b: Arcanine\n|-activate|p2b: Arcanine|move: Protect\n|\n|-damage|p1a: PlusUltra|42\/100|[from] move: Fire Spin|[partiallytrapped]\n|upkeep\n|turn|13\n|\n|t:|1682661953\n|move|p2b: Arcanine|Extreme Speed|p1a: PlusUltra\n|-damage|p1a: PlusUltra|21\/100\n|move|p1b: Cornelia|Dazzling Gleam|p2b: Arcanine\n|-resisted|p2b: Arcanine\n|-damage|p2b: Arcanine|18\/100\n|move|p1a: PlusUltra|Wave Crash|p2b: Arcanine\n|-supereffective|p2b: Arcanine\n|-damage|p2b: Arcanine|0 fnt\n|faint|p2b: Arcanine\n|-damage|p1a: PlusUltra|15\/100|[from] Recoil\n|\n|win|anshar_training\n|raw|anshar_training's rating: 1099 → 1128<\/strong> (+29 for winning)\n|raw|DanPB's rating: 1158 → 1129<\/strong> (-29 for losing)\n|l|\u2606DanPB\n","uploadtime":1682661966,"views":6,"p1id":"anshartraining","p2id":"danpb","formatid":"gen9vgc2023regulationc","rating":1128,"private":0,"password":""}