{"id":"gen9vgc2023regulationc-1848191617","p1":"Jadenhess","p2":"drv12","format":"[Gen 9] VGC 2023 Regulation C","log":"|j|\u2606Jadenhess\n|j|\u2606drv12\n|t:|1682040591\n|gametype|doubles\n|player|p1|Jadenhess|101|1459\n|player|p2|drv12|169|1384\n|teamsize|p1|6\n|teamsize|p2|6\n|gen|9\n|tier|[Gen 9] VGC 2023 Regulation C\n|rated|\n|rule|Species Clause: Limit one of each Pok\u00e9mon\n|rule|Item Clause: Limit one of each item\n|clearpoke\n|poke|p1|Chien-Pao, L50|\n|poke|p1|Scizor, L50, M|\n|poke|p1|Breloom, L50, M|\n|poke|p1|Brute Bonnet, L50|\n|poke|p1|Braviary, L50, M|\n|poke|p1|Pelipper, L50, F|\n|poke|p2|Torkoal, L50, M|\n|poke|p2|Armarouge, L50, F|\n|poke|p2|Gothitelle, L50, M|\n|poke|p2|Indeedee, L50, M|\n|poke|p2|Gallade, L50, M|\n|poke|p2|Stonjourner, L50, F|\n|teampreview|4\n|inactive|Battle timer is ON: inactive players will automatically lose when time's up. (requested by drv12)\n|\n|t:|1682040616\n|start\n|switch|p1a: Breloom|Breloom, L50, M|100\/100\n|switch|p1b: Chien-Pao|Chien-Pao, L50|100\/100\n|switch|p2a: Torkoal|Torkoal, L50, M|100\/100\n|switch|p2b: Armarouge|Armarouge, L50, F|100\/100\n|-ability|p1b: Chien-Pao|Sword of Ruin\n|-weather|SunnyDay|[from] ability: Drought|[of] p2a: Torkoal\n|turn|1\n|inactive|drv12 has 30 seconds left.\n|inactive|drv12 has 20 seconds left.\n|\n|t:|1682040651\n|switch|p1b: Pelipper|Pelipper, L50, F|100\/100\n|-weather|RainDance|[from] ability: Drizzle|[of] p1b: Pelipper\n|move|p2b: Armarouge|Protect|p2b: Armarouge\n|-singleturn|p2b: Armarouge|Protect\n|move|p1a: Breloom|Spore|p2b: Armarouge\n|-activate|p2b: Armarouge|move: Protect\n|move|p2a: Torkoal|Eruption|p1b: Pelipper|[spread] p1a,p1b\n|-supereffective|p1a: Breloom\n|-resisted|p1b: Pelipper\n|-crit|p1b: Pelipper\n|-damage|p1a: Breloom|0 fnt\n|-damage|p1b: Pelipper|68\/100\n|faint|p1a: Breloom\n|\n|-weather|RainDance|[upkeep]\n|upkeep\n|\n|t:|1682040659\n|switch|p1a: Chien-Pao|Chien-Pao, L50|100\/100\n|-ability|p1a: Chien-Pao|Sword of Ruin\n|turn|2\n|\n|t:|1682040665\n|switch|p2a: Indeedee|Indeedee, L50, M|100\/100\n|-fieldstart|move: Psychic Terrain|[from] ability: Psychic Surge|[of] p2a: Indeedee\n|-terastallize|p2b: Armarouge|Grass\n|move|p1a: Chien-Pao|Throat Chop|p2b: Armarouge\n|-crit|p2b: Armarouge\n|-damage|p2b: Armarouge|30\/100\n|-start|p2b: Armarouge|Throat Chop|[silent]\n|move|p1b: Pelipper|Hydro Pump|p2a: Indeedee|[miss]\n|-miss|p1b: Pelipper|p2a: Indeedee\n|move|p2b: Armarouge|Trick Room|p2b: Armarouge\n|-fieldstart|move: Trick Room|[of] p2b: Armarouge\n|\n|-weather|RainDance|[upkeep]\n|upkeep\n|turn|3\n|\n|t:|1682040686\n|switch|p2a: Gallade|Gallade, L50, M|100\/100\n|move|p1b: Pelipper|Wide Guard|p1b: Pelipper\n|-singleturn|p1b: Pelipper|Wide Guard\n|move|p2b: Armarouge|Expanding Force|p1a: Chien-Pao|[spread] \n|-activate|p1a: Chien-Pao|move: Wide Guard\n|-activate|p1b: Pelipper|move: Wide Guard\n|move|p1a: Chien-Pao|Ice Spinner|p2b: Armarouge\n|-supereffective|p2b: Armarouge\n|-damage|p2b: Armarouge|0 fnt\n|-fieldend|move: Psychic Terrain\n|faint|p2b: Armarouge\n|\n|-weather|RainDance|[upkeep]\n|upkeep\n|\n|t:|1682040691\n|switch|p2b: Torkoal|Torkoal, L50, M|100\/100\n|-weather|SunnyDay|[from] ability: Drought|[of] p2b: Torkoal\n|turn|4\n|\n|t:|1682040708\n|switch|p1b: Brute Bonnet|Brute Bonnet, L50|100\/100\n|-activate|p1b: Brute Bonnet|ability: Protosynthesis\n|-start|p1b: Brute Bonnet|protosynthesisspd\n|move|p1a: Chien-Pao|Protect|p1a: Chien-Pao\n|-singleturn|p1a: Chien-Pao|Protect\n|move|p2b: Torkoal|Solar Beam||[still]\n|-prepare|p2b: Torkoal|Solar Beam\n|-anim|p2b: Torkoal|Solar Beam|p1a: Chien-Pao\n|-activate|p1a: Chien-Pao|move: Protect\n|move|p2a: Gallade|Sacred Sword|p1a: Chien-Pao\n|-activate|p1a: Chien-Pao|move: Protect\n|\n|-weather|SunnyDay|[upkeep]\n|upkeep\n|turn|5\n|\n|t:|1682040731\n|switch|p2b: Indeedee|Indeedee, L50, M|100\/100\n|-fieldstart|move: Psychic Terrain|[from] ability: Psychic Surge|[of] p2b: Indeedee\n|-terastallize|p1a: Chien-Pao|Dark\n|move|p1b: Brute Bonnet|Sucker Punch|p2a: Gallade\n|-activate|p2a: Gallade|move: Psychic Terrain\n|move|p1a: Chien-Pao|Sucker Punch|p2a: Gallade\n|-activate|p2a: Gallade|move: Psychic Terrain\n|move|p2a: Gallade|Sacred Sword|p1b: Brute Bonnet\n|-supereffective|p1b: Brute Bonnet\n|-damage|p1b: Brute Bonnet|0 fnt\n|faint|p1b: Brute Bonnet\n|-end|p1b: Brute Bonnet|Protosynthesis|[silent]\n|\n|-weather|SunnyDay|[upkeep]\n|upkeep\n|\n|t:|1682040735\n|switch|p1b: Pelipper|Pelipper, L50, F|68\/100\n|-weather|RainDance|[from] ability: Drizzle|[of] p1b: Pelipper\n|turn|6\n|\n|t:|1682040749\n|switch|p2b: Torkoal|Torkoal, L50, M|100\/100\n|-weather|SunnyDay|[from] ability: Drought|[of] p2b: Torkoal\n|move|p2a: Gallade|Sacred Sword|p1a: Chien-Pao\n|-supereffective|p1a: Chien-Pao\n|-crit|p1a: Chien-Pao\n|-enditem|p1a: Chien-Pao|Focus Sash\n|-damage|p1a: Chien-Pao|1\/100\n|move|p1b: Pelipper|Hurricane|p2a: Gallade\n|-supereffective|p2a: Gallade\n|-damage|p2a: Gallade|31\/100\n|-start|p2a: Gallade|confusion\n|-enditem|p2a: Gallade|Sitrus Berry|[eat]\n|-heal|p2a: Gallade|55\/100|[from] item: Sitrus Berry\n|move|p1a: Chien-Pao|Throat Chop|p2a: Gallade\n|-damage|p2a: Gallade|0 fnt\n|faint|p2a: Gallade\n|\n|-weather|SunnyDay|[upkeep]\n|-fieldend|move: Trick Room\n|upkeep\n|\n|t:|1682040757\n|switch|p2a: Indeedee|Indeedee, L50, M|100\/100\n|turn|7\n|\n|t:|1682040769\n|move|p1a: Chien-Pao|Protect|p1a: Chien-Pao\n|-singleturn|p1a: Chien-Pao|Protect\n|move|p2a: Indeedee|Dazzling Gleam|p1a: Chien-Pao|[spread] p1b\n|-activate|p1a: Chien-Pao|move: Protect\n|-damage|p1b: Pelipper|41\/100\n|move|p1b: Pelipper|Hydro Pump|p2b: Torkoal|[miss]\n|-miss|p1b: Pelipper|p2b: Torkoal\n|move|p2b: Torkoal|Solar Beam||[still]\n|-prepare|p2b: Torkoal|Solar Beam\n|-anim|p2b: Torkoal|Solar Beam|p1b: Pelipper\n|-damage|p1b: Pelipper|0 fnt\n|faint|p1b: Pelipper\n|\n|-weather|SunnyDay|[upkeep]\n|upkeep\n|turn|8\n|c|\u2606drv12|gg\n|\n|t:|1682040782\n|move|p2a: Indeedee|Dazzling Gleam|p1a: Chien-Pao\n|-supereffective|p1a: Chien-Pao\n|-damage|p1a: Chien-Pao|0 fnt\n|faint|p1a: Chien-Pao\n|\n|win|drv12\n|raw|Jadenhess's rating: 1459 → 1435<\/strong> (-24 for losing)\n|raw|drv12's rating: 1384 → 1408<\/strong> (+24 for winning)\n|l|\u2606Jadenhess\n","uploadtime":1682040793,"views":6,"p1id":"jadenhess","p2id":"drv12","formatid":"gen9vgc2023regulationc","rating":1408,"private":0,"password":""}