{"id":"gen9vgc2023regulationc-1848691867","p1":"Lamo J","p2":"Niqeth","format":"[Gen 9] VGC 2023 Regulation C","log":"|j|\u2606Lamo J\n|j|\u2606Niqeth\n|t:|1682101259\n|gametype|doubles\n|player|p1|Lamo J|2|1101\n|player|p2|Niqeth|colress|1103\n|teamsize|p1|6\n|teamsize|p2|6\n|gen|9\n|tier|[Gen 9] VGC 2023 Regulation C\n|rated|\n|rule|Species Clause: Limit one of each Pok\u00e9mon\n|rule|Item Clause: Limit one of each item\n|clearpoke\n|poke|p1|Amoonguss, L50, M|\n|poke|p1|Corviknight, L50, F|\n|poke|p1|Dondozo, L50, F|\n|poke|p1|Gothitelle, L50, F|\n|poke|p1|Flutter Mane, L50|\n|poke|p1|Dragonite, L50, F|\n|poke|p2|Glimmora, L50, M|\n|poke|p2|Wo-Chien, L50|\n|poke|p2|Chi-Yu, L50|\n|poke|p2|Iron Bundle, L50|\n|poke|p2|Scizor, L50, M|\n|poke|p2|Flutter Mane, L50|\n|teampreview|4\n|c|\u2606Niqeth|gl & hf\nNiqeth has agreed to open team sheets.\nLamo J has agreed to open team sheets.\n|\n|t:|1682101324\n|start\n|switch|p1a: Dondozo|Dondozo, L50, F|100\/100\n|switch|p1b: Gothitelle|Gothitelle, L50, F|100\/100\n|switch|p2a: Flutter Mane|Flutter Mane, L50|100\/100\n|switch|p2b: Chi-Yu|Chi-Yu, L50|100\/100\n|-ability|p2b: Chi-Yu|Beads of Ruin\n|turn|1\n|\n|t:|1682101351\n|-terastallize|p2b: Chi-Yu|Ghost\n|move|p1b: Gothitelle|Protect|p1b: Gothitelle\n|-singleturn|p1b: Gothitelle|Protect\n|move|p2a: Flutter Mane|Shadow Ball|p1b: Gothitelle\n|-activate|p1b: Gothitelle|move: Protect\n|move|p2b: Chi-Yu|Dark Pulse|p1b: Gothitelle\n|-activate|p1b: Gothitelle|move: Protect\n|move|p1a: Dondozo|Wave Crash|p2b: Chi-Yu\n|-damage|p2b: Chi-Yu|2\/100\n|-damage|p1a: Dondozo|84\/100|[from] Recoil\n|\n|-heal|p1a: Dondozo|90\/100|[from] item: Leftovers\n|upkeep\n|turn|2\n|inactive|Battle timer is ON: inactive players will automatically lose when time's up. (requested by Niqeth)\n|\n|t:|1682101390\n|switch|p2b: Iron Bundle|Iron Bundle, L50|100\/100\n|-enditem|p2b: Iron Bundle|Booster Energy\n|-activate|p2b: Iron Bundle|ability: Quark Drive|[fromitem]\n|-start|p2b: Iron Bundle|quarkdrivespe\n|switch|p1b: Amoonguss|Amoonguss, L50, M|100\/100\n|move|p2a: Flutter Mane|Shadow Ball|p1b: Amoonguss\n|-damage|p1b: Amoonguss|53\/100\n|move|p1a: Dondozo|Earthquake|p2a: Flutter Mane|[spread] p1b,p2a,p2b\n|-damage|p1b: Amoonguss|29\/100\n|-damage|p2a: Flutter Mane|59\/100\n|-damage|p2b: Iron Bundle|70\/100\n|\n|-heal|p1a: Dondozo|96\/100|[from] item: Leftovers\n|upkeep\n|turn|3\n|\n|t:|1682101412\n|switch|p1b: Gothitelle|Gothitelle, L50, F|100\/100\n|move|p2b: Iron Bundle|Freeze-Dry|p1a: Dondozo\n|-supereffective|p1a: Dondozo\n|-damage|p1a: Dondozo|30\/100\n|move|p2a: Flutter Mane|Shadow Ball|p1a: Dondozo\n|-damage|p1a: Dondozo|0 fnt\n|faint|p1a: Dondozo\n|\n|upkeep\n|\n|t:|1682101426\n|switch|p1a: Corviknight|Corviknight, L50, F|100\/100\n|turn|4\n|\n|t:|1682101448\n|-end|p2a: Flutter Mane|Protosynthesis|[silent]\n|switch|p2a: Chi-Yu|Chi-Yu, L50, tera:Ghost|2\/100\n|-ability|p2a: Chi-Yu|Beads of Ruin\n|move|p2b: Iron Bundle|Protect|p2b: Iron Bundle\n|-singleturn|p2b: Iron Bundle|Protect\n|move|p1b: Gothitelle|Fake Out|p2b: Iron Bundle\n|-activate|p2b: Iron Bundle|move: Protect\n|move|p1a: Corviknight|Brave Bird|p2b: Iron Bundle\n|-activate|p2b: Iron Bundle|move: Protect\n|\n|upkeep\n|turn|5\n|\n|t:|1682101469\n|-terastallize|p1a: Corviknight|Fire\n|move|p2b: Iron Bundle|Hydro Pump|p1a: Corviknight\n|-supereffective|p1a: Corviknight\n|-damage|p1a: Corviknight|0 fnt\n|faint|p1a: Corviknight\n|move|p2a: Chi-Yu|Heat Wave|p1b: Gothitelle\n|-damage|p1b: Gothitelle|50\/100\n|move|p1b: Gothitelle|Trick Room|p1b: Gothitelle\n|-fieldstart|move: Trick Room|[of] p1b: Gothitelle\n|\n|upkeep\n|\n|t:|1682101477\n|switch|p1a: Amoonguss|Amoonguss, L50, M|62\/100\n|turn|6\n|-message|Lamo J forfeited.\n|\n|win|Niqeth\n|raw|Lamo J's rating: 1101 → 1076<\/strong> (-25 for losing)\n|raw|Niqeth's rating: 1103 → 1128<\/strong> (+25 for winning)\n|l|\u2606Lamo J\n","uploadtime":1682101496,"views":13,"p1id":"lamoj","p2id":"niqeth","formatid":"gen9vgc2023regulationc","rating":1076,"private":0,"password":""}