{"id":"gen9vgc2023regulationc-1860556799","p1":"Toy Time King","p2":"Ciq108","format":"[Gen 9] VGC 2023 Regulation C","log":"|j|\u2606Toy Time King\n|j|\u2606Ciq108\n|t:|1683654280\n|gametype|doubles\n|player|p1|Toy Time King|veteran|\n|player|p2|Ciq108|102|\n|teamsize|p1|6\n|teamsize|p2|6\n|gen|9\n|tier|[Gen 9] VGC 2023 Regulation C\n|rule|Tera Type Preview: Tera Types are shown at Team Preview\n|rule|Species Clause: Limit one of each Pok\u00e9mon\n|rule|Item Clause: Limit one of each item\n|clearpoke\n|poke|p1|Flutter Mane, L50|\n|poke|p1|Amoonguss, L50, M|\n|poke|p1|Arcanine, L50, M|\n|poke|p1|Eelektross, L50, M|\n|poke|p1|Clawitzer, L50, M|\n|poke|p1|Iron Treads, L50|\n|poke|p2|Talonflame, L50, M|\n|poke|p2|Garchomp, L50, F|\n|poke|p2|Dondozo, L50, M|\n|poke|p2|Tatsugiri-Stretchy, L50, F|\n|poke|p2|Rotom-Mow, L50|\n|poke|p2|Gholdengo, L50|\n|teampreview|4\n|raw|Toy Time King's Tera Types: \/ \/ \/ \/ \/ \n|raw|Ciq108's Tera Types: \/ \/ \/ \/ \/ \n|c|\u2606Ciq108|G1\n|c|\u2606Toy Time King|G1\n|c|\u2606Toy Time King|ok hf\nCiq108 rejected open team sheets.\n|c|\u2606Ciq108|U2\n|j| sejuntest\n|c| sejuntest|!!! first battle !!!\n|j| yuramas\n|\n|t:|1683654419\n|start\n|switch|p1a: Habatakukami|Flutter Mane, L50|100\/100\n|switch|p1b: floating|Eelektross, L50, M|100\/100\n|switch|p2a: Talonflame|Talonflame, L50, M|100\/100\n|switch|p2b: Garchomp|Garchomp, L50, F|100\/100\n|turn|1\n|j| Ace98121212\n|\n|t:|1683654458\n|-terastallize|p2b: Garchomp|Fire\n|move|p2a: Talonflame|Tailwind|p2a: Talonflame\n|-sidestart|p2: Ciq108|move: Tailwind\n|move|p2b: Garchomp|Tera Blast|p1b: floating\n|-damage|p1b: floating|53\/100\n|move|p1a: Habatakukami|Dazzling Gleam|p2b: Garchomp|[spread] p2a,p2b\n|-resisted|p2a: Talonflame\n|-resisted|p2b: Garchomp\n|-damage|p2a: Talonflame|75\/100\n|-damage|p2b: Garchomp|72\/100\n|move|p1b: floating|Thunderbolt|p2a: Talonflame\n|-supereffective|p2a: Talonflame\n|-damage|p2a: Talonflame|0 fnt\n|faint|p2a: Talonflame\n|\n|upkeep\n|\n|t:|1683654477\n|switch|p2a: Gholdengo|Gholdengo, L50|100\/100\n|turn|2\n|c| Ace98121212|Good luck both of you\n|\n|t:|1683654515\n|-end|p1a: Habatakukami|Protosynthesis|[silent]\n|switch|p1a: Sus|Amoonguss, L50, M|100\/100\n|move|p1b: floating|Protect|p1b: floating\n|-singleturn|p1b: floating|Protect\n|move|p2b: Garchomp|Tera Blast|p1a: Sus\n|-supereffective|p1a: Sus\n|-damage|p1a: Sus|38\/100\n|move|p2a: Gholdengo|Make It Rain|p1b: floating|[spread] p1a\n|-activate|p1b: floating|move: Protect\n|-damage|p1a: Sus|0 fnt\n|-unboost|p2a: Gholdengo|spa|1\n|faint|p1a: Sus\n|-damage|p2a: Gholdengo|91\/100|[from] item: Life Orb\n|\n|upkeep\n|c| sejuntest|big damage !!!\n|\n|t:|1683654539\n|switch|p1a: Iron Zou|Iron Treads, L50|100\/100\n|-enditem|p1a: Iron Zou|Booster Energy\n|-activate|p1a: Iron Zou|ability: Quark Drive|[fromitem]\n|-start|p1a: Iron Zou|quarkdrivespe\n|turn|3\n|c| Ace98121212|His gholdengo is a big porn\n|c| Ace98121212|Prob*\n|j| Psycho782\n|c| Psycho782|Porn.\n|c| Psycho782|hm\n|\n|t:|1683654574\n|move|p2b: Garchomp|Tera Blast|p1a: Iron Zou\n|-supereffective|p1a: Iron Zou\n|-damage|p1a: Iron Zou|30\/100\n|move|p2a: Gholdengo|Make It Rain|p1b: floating|[spread] p1a,p1b\n|-resisted|p1a: Iron Zou\n|-resisted|p1b: floating\n|-damage|p1a: Iron Zou|0 fnt\n|-damage|p1b: floating|32\/100\n|-unboost|p2a: Gholdengo|spa|1\n|faint|p1a: Iron Zou\n|-end|p1a: Iron Zou|Quark Drive|[silent]\n|-damage|p2a: Gholdengo|81\/100|[from] item: Life Orb\n|move|p1b: floating|Flamethrower|p2a: Gholdengo\n|-supereffective|p2a: Gholdengo\n|-damage|p2a: Gholdengo|0 fnt\n|faint|p2a: Gholdengo\n|\n|upkeep\n|\n|t:|1683654589\n|switch|p1a: Habatakukami|Flutter Mane, L50|100\/100\n|switch|p2a: Rotom|Rotom-Mow, L50|100\/100\n|turn|4\n|j| KeanuVGC\n|\n|t:|1683654616\n|-terastallize|p1a: Habatakukami|Ghost\n|move|p2b: Garchomp|Tera Blast|p1a: Habatakukami\n|-damage|p1a: Habatakukami|13\/100\n|move|p2a: Rotom|Leaf Storm|p1b: floating\n|-damage|p1b: floating|0 fnt\n|-unboost|p2a: Rotom|spa|2\n|faint|p1b: floating\n|move|p1a: Habatakukami|Shadow Ball|p2b: Garchomp\n|-crit|p2b: Garchomp\n|-damage|p2b: Garchomp|0 fnt\n|faint|p2b: Garchomp\n|\n|-sideend|p2: Ciq108|move: Tailwind\n|upkeep\n|turn|5\n|\n|t:|1683654632\n|move|p1a: Habatakukami|Shadow Ball|p2a: Rotom\n|-damage|p2a: Rotom|15\/100\n|-enditem|p2a: Rotom|Sitrus Berry|[eat]\n|-heal|p2a: Rotom|40\/100|[from] item: Sitrus Berry\n|move|p2a: Rotom|Volt Switch|p1a: Habatakukami\n|-damage|p1a: Habatakukami|0 fnt\n|faint|p1a: Habatakukami\n|-end|p1a: Habatakukami|Protosynthesis|[silent]\n|\n|win|Ciq108\n|c|\u2606Toy Time King|gg\n|c|\u2606Ciq108|Gg\n|c| sejuntest|oh oof gg\n|c| Ace98121212|Gg\n|l| Psycho782\n|l| KeanuVGC\n|l| Ace98121212\n|j| Psycho782\n|l| Psycho782\n|j| PaldeanBob\n|l| yuramas\n|l| sejuntest\n|l| PaldeanBob\n|j| FrootLoops007\n|j| Concept Everything\n|l|\u2606Toy Time King\n|l|\u2606Ciq108\n|l| Concept Everything\n|l| FrootLoops007\n|j|\u2606Toy Time King\n|player|p1|Toy Time King|veteran\n","uploadtime":1683655124,"views":42,"p1id":"toytimeking","p2id":"ciq108","formatid":"gen9vgc2023regulationc","rating":0,"private":0,"password":""}