{"id":"gen9vgc2023regulationc-1846942323","p1":"Prov4molo","p2":"gohan92","format":"[Gen 9] VGC 2023 Regulation C","log":"|j|\u2606Prov4molo\n|j|\u2606gohan92\n|t:|1681904121\n|gametype|doubles\n|player|p1|Prov4molo|ethan|1476\n|player|p2|gohan92|170|1465\n|teamsize|p1|6\n|teamsize|p2|6\n|gen|9\n|tier|[Gen 9] VGC 2023 Regulation C\n|rated|\n|rule|Species Clause: Limit one of each Pok\u00e9mon\n|rule|Item Clause: Limit one of each item\n|clearpoke\n|poke|p1|Palafin, L50, M|\n|poke|p1|Amoonguss, L50, F|\n|poke|p1|Arcanine, L50, F|\n|poke|p1|Baxcalibur, L50, M|\n|poke|p1|Flutter Mane, L50|\n|poke|p1|Ting-Lu, L50|\n|poke|p2|Palafin, L50, F|\n|poke|p2|Chi-Yu, L50|\n|poke|p2|Flutter Mane, L50|\n|poke|p2|Iron Bundle, L50|\n|poke|p2|Arcanine, L50, F|\n|poke|p2|Amoonguss, L50, M|\n|teampreview|4\n|l|\u2606Prov4molo\n|player|p1|\n|inactive|Battle timer is ON: inactive players will automatically lose when time's up. (requested by gohan92)\n|inactive|Prov4molo has 30 seconds to reconnect!\n|inactive|Prov4molo has 20 seconds to reconnect!\n|j| Idomenee\n|inactive|Prov4molo has 15 seconds to reconnect!\n|j|\u2606Prov4molo\n|inactive|Prov4molo reconnected and has 45 seconds left.\n|player|p1|Prov4molo|ethan\n|inactive|Prov4molo has 30 seconds left.\n|l| Idomenee\n|\n|t:|1681904255\n|start\n|switch|p1a: Ting-Lu|Ting-Lu, L50|100\/100\n|switch|p1b: Palafin|Palafin, L50, M|100\/100\n|switch|p2a: Iron Bundle|Iron Bundle, L50|100\/100\n|switch|p2b: Chi-Yu|Chi-Yu, L50|100\/100\n|-ability|p2b: Chi-Yu|Beads of Ruin\n|-ability|p1a: Ting-Lu|Vessel of Ruin\n|turn|1\n|inactive|Prov4molo has 30 seconds left.\n|inactive|Prov4molo has 20 seconds left.\n|inactive|Prov4molo has 15 seconds left.\n|inactive|Prov4molo has 10 seconds left.\n|inactive|Prov4molo has 5 seconds left.\n|\n|t:|1681904307\n|detailschange|p1b: Palafin|Palafin-Hero, L50, M\n|switch|p1b: Arcanine|Arcanine, L50, F|100\/100\n|-ability|p1b: Arcanine|Intimidate|boost\n|-unboost|p2a: Iron Bundle|atk|1\n|-unboost|p2b: Chi-Yu|atk|1\n|-terastallize|p2b: Chi-Yu|Water\n|move|p2a: Iron Bundle|Freeze-Dry|p1a: Ting-Lu\n|-supereffective|p1a: Ting-Lu\n|-crit|p1a: Ting-Lu\n|-damage|p1a: Ting-Lu|46\/100\n|move|p2b: Chi-Yu|Tera Blast|p1a: Ting-Lu\n|-supereffective|p1a: Ting-Lu\n|-damage|p1a: Ting-Lu|0 fnt\n|faint|p1a: Ting-Lu\n|\n|upkeep\n|\n|t:|1681904321\n|switch|p1a: Amoonguss|Amoonguss, L50, F|100\/100\n|turn|2\n|\n|t:|1681904335\n|-terastallize|p1a: Amoonguss|Normal\n|move|p1b: Arcanine|Protect|p1b: Arcanine\n|-singleturn|p1b: Arcanine|Protect\n|move|p2a: Iron Bundle|Freeze-Dry|p1a: Amoonguss\n|-damage|p1a: Amoonguss|61\/100\n|-status|p1a: Amoonguss|frz\n|move|p2b: Chi-Yu|Tera Blast|p1b: Arcanine\n|-activate|p1b: Arcanine|move: Protect\n|cant|p1a: Amoonguss|frz\n|\n|upkeep\n|turn|3\n|inactive|Prov4molo has 30 seconds left.\n|inactive|Prov4molo has 20 seconds left.\n|c|\u2606gohan92|sry\n|\n|t:|1681904374\n|switch|p2b: Flutter Mane|Flutter Mane, L50|100\/100\n|-enditem|p2b: Flutter Mane|Booster Energy\n|-activate|p2b: Flutter Mane|ability: Protosynthesis|[fromitem]\n|-start|p2b: Flutter Mane|protosynthesisspa\n|switch|p1b: Palafin|Palafin-Hero, L50, M|100\/100\n|-activate|p1b: Palafin|ability: Zero to Hero\n|move|p2a: Iron Bundle|Hydro Pump|p1b: Palafin\n|-resisted|p1b: Palafin\n|-damage|p1b: Palafin|76\/100\n|cant|p1a: Amoonguss|frz\n|\n|upkeep\n|turn|4\n|inactive|Prov4molo has 30 seconds left.\n|inactive|Prov4molo has 20 seconds left.\n|\n|t:|1681904410\n|-end|p2a: Iron Bundle|Quark Drive|[silent]\n|switch|p2a: Arcanine|Arcanine, L50, F|100\/100\n|-ability|p2a: Arcanine|Intimidate|boost\n|-unboost|p1a: Amoonguss|atk|1\n|-unboost|p1b: Palafin|atk|1\n|move|p1b: Palafin|Protect|p1b: Palafin\n|-singleturn|p1b: Palafin|Protect\n|move|p2b: Flutter Mane|Substitute|p2b: Flutter Mane\n|-start|p2b: Flutter Mane|Substitute\n|-damage|p2b: Flutter Mane|76\/100\n|cant|p1a: Amoonguss|frz\n|\n|upkeep\n|turn|5\n|j| ascoi\n|inactive|gohan92 has 30 seconds left.\n|\n|t:|1681904444\n|switch|p1a: Arcanine|Arcanine, L50, F|100\/100\n|-ability|p1a: Arcanine|Intimidate|boost\n|-unboost|p2a: Arcanine|atk|1\n|-immune|p2b: Flutter Mane\n|move|p2a: Arcanine|Extreme Speed|p1b: Palafin\n|-damage|p1b: Palafin|65\/100\n|move|p1b: Palafin|Jet Punch|p2b: Flutter Mane\n|-crit|p2b: Flutter Mane\n|-end|p2b: Flutter Mane|Substitute\n|move|p2b: Flutter Mane|Shadow Ball|p1b: Palafin\n|-damage|p1b: Palafin|14\/100\n|\n|upkeep\n|turn|6\n|inactive|Prov4molo has 30 seconds left.\n|inactive|gohan92 has 30 seconds left.\n|\n|t:|1681904473\n|-end|p2b: Flutter Mane|Protosynthesis|[silent]\n|switch|p2b: Chi-Yu|Chi-Yu, L50, tera:Water|100\/100\n|-ability|p2b: Chi-Yu|Beads of Ruin\n|switch|p1b: Amoonguss|Amoonguss, L50, F, tera:Normal|94\/100 frz\n|move|p2a: Arcanine|Extreme Speed|p1b: Amoonguss\n|-damage|p1b: Amoonguss|84\/100 frz\n|move|p1a: Arcanine|Substitute|p1a: Arcanine\n|-start|p1a: Arcanine|Substitute\n|-damage|p1a: Arcanine|75\/100\n|\n|-heal|p1a: Arcanine|82\/100|[from] item: Leftovers\n|upkeep\n|turn|7\n|inactive|Prov4molo has 30 seconds left.\n|inactive|Prov4molo has 20 seconds left.\n|inactive|gohan92 has 30 seconds left.\n|inactive|Prov4molo has 15 seconds left.\n|\n|t:|1681904515\n|move|p2a: Arcanine|Extreme Speed|p1b: Amoonguss\n|-damage|p1b: Amoonguss|72\/100 frz\n|move|p2b: Chi-Yu|Tera Blast|p1b: Amoonguss\n|-damage|p1b: Amoonguss|2\/100 frz\n|-enditem|p1b: Amoonguss|Sitrus Berry|[eat]\n|-heal|p1b: Amoonguss|27\/100 frz|[from] item: Sitrus Berry\n|move|p1a: Arcanine|Flare Blitz|p2b: Chi-Yu\n|-resisted|p2b: Chi-Yu\n|-damage|p2b: Chi-Yu|71\/100\n|-damage|p1a: Arcanine|73\/100|[from] Recoil\n|cant|p1b: Amoonguss|frz\n|\n|-heal|p1a: Arcanine|80\/100|[from] item: Leftovers\n|upkeep\n|turn|8\n|inactive|Prov4molo has 30 seconds left.\n|\n|t:|1681904541\n|-curestatus|p1b: Amoonguss|frz|[msg]\n|move|p1b: Amoonguss|Protect|p1b: Amoonguss\n|-singleturn|p1b: Amoonguss|Protect\n|move|p2a: Arcanine|Extreme Speed|p1a: Arcanine\n|-activate|p1a: Arcanine|move: Substitute|[damage]\n|move|p2b: Chi-Yu|Tera Blast|p1b: Amoonguss\n|-activate|p1b: Amoonguss|move: Protect\n|move|p1a: Arcanine|Flare Blitz|p2b: Chi-Yu\n|-resisted|p2b: Chi-Yu\n|-damage|p2b: Chi-Yu|35\/100\n|-damage|p1a: Arcanine|70\/100|[from] Recoil\n|\n|-heal|p1a: Arcanine|76\/100|[from] item: Leftovers\n|upkeep\n|turn|9\n|inactive|Prov4molo has 30 seconds left.\n|inactive|gohan92 has 30 seconds left.\n|\n|t:|1681904572\n|switch|p2b: Flutter Mane|Flutter Mane, L50|76\/100\n|move|p1a: Arcanine|Protect|p1a: Arcanine\n|-singleturn|p1a: Arcanine|Protect\n|move|p2a: Arcanine|Extreme Speed|p1a: Arcanine\n|-activate|p1a: Arcanine|move: Protect\n|move|p1b: Amoonguss|Spore|p2b: Flutter Mane\n|-status|p2b: Flutter Mane|slp|[from] move: Spore\n|\n|-heal|p1a: Arcanine|82\/100|[from] item: Leftovers\n|upkeep\n|turn|10\n|j| Therazer456\n|\n|t:|1681904595\n|cant|p2b: Flutter Mane|slp\n|move|p2a: Arcanine|Will-O-Wisp|p1b: Amoonguss\n|-status|p1b: Amoonguss|brn\n|move|p1a: Arcanine|Flare Blitz|p2b: Flutter Mane\n|-damage|p2b: Flutter Mane|0 fnt\n|faint|p2b: Flutter Mane\n|-end|p2b: Flutter Mane|Protosynthesis|[silent]\n|-damage|p1a: Arcanine|61\/100|[from] Recoil\n|move|p1b: Amoonguss|Pollen Puff|p1a: Arcanine\n|-heal|p1a: Arcanine|100\/100\n|\n|-damage|p1b: Amoonguss|21\/100 brn|[from] brn\n|upkeep\n|\n|t:|1681904612\n|switch|p2b: Iron Bundle|Iron Bundle, L50|100\/100\n|turn|11\n|inactive|Prov4molo has 30 seconds left.\n|\n|t:|1681904641\n|move|p2b: Iron Bundle|Protect|p2b: Iron Bundle\n|-singleturn|p2b: Iron Bundle|Protect\n|move|p1a: Arcanine|Protect|p1a: Arcanine\n|-singleturn|p1a: Arcanine|Protect\n|move|p2a: Arcanine|Flare Blitz|p1b: Amoonguss\n|-damage|p1b: Amoonguss|0 fnt\n|faint|p1b: Amoonguss\n|-damage|p2a: Arcanine|93\/100|[from] Recoil\n|\n|upkeep\n|\n|t:|1681904643\n|switch|p1b: Palafin|Palafin-Hero, L50, M|14\/100\n|turn|12\n|\n|t:|1681904660\n|move|p1b: Palafin|Protect|p1b: Palafin\n|-singleturn|p1b: Palafin|Protect\n|move|p2a: Arcanine|Extreme Speed|p1a: Arcanine\n|-end|p1a: Arcanine|Substitute\n|move|p2b: Iron Bundle|Hydro Pump|p1a: Arcanine|[miss]\n|-miss|p2b: Iron Bundle|p1a: Arcanine\n|move|p1a: Arcanine|Flare Blitz|p2b: Iron Bundle\n|-damage|p2b: Iron Bundle|36\/100\n|-damage|p1a: Arcanine|86\/100|[from] Recoil\n|\n|-heal|p1a: Arcanine|92\/100|[from] item: Leftovers\n|upkeep\n|turn|13\n|inactive|Prov4molo has 30 seconds left.\n|inactive|Prov4molo has 20 seconds left.\n|inactive|Prov4molo has 15 seconds left.\n|inactive|Prov4molo has 10 seconds left.\n|inactive|Prov4molo has 5 seconds left.\n|\n|t:|1681904715\n|move|p2a: Arcanine|Extreme Speed|p1b: Palafin\n|-damage|p1b: Palafin|3\/100\n|move|p1b: Palafin|Jet Punch|p2a: Arcanine\n|-supereffective|p2a: Arcanine\n|-crit|p2a: Arcanine\n|-damage|p2a: Arcanine|0 fnt\n|faint|p2a: Arcanine\n|move|p2b: Iron Bundle|Icy Wind|p1b: Palafin|[spread] p1a,p1b\n|-resisted|p1a: Arcanine\n|-resisted|p1b: Palafin\n|-damage|p1a: Arcanine|82\/100\n|-damage|p1b: Palafin|0 fnt\n|-unboost|p1a: Arcanine|spe|1\n|faint|p1b: Palafin\n|move|p1a: Arcanine|Flare Blitz|p2b: Iron Bundle\n|-damage|p2b: Iron Bundle|0 fnt\n|faint|p2b: Iron Bundle\n|-end|p2b: Iron Bundle|Quark Drive|[silent]\n|-damage|p1a: Arcanine|74\/100|[from] Recoil\n|\n|-heal|p1a: Arcanine|81\/100|[from] item: Leftovers\n|upkeep\n|\n|t:|1681904736\n|switch|p2a: Chi-Yu|Chi-Yu, L50, tera:Water|35\/100\n|-ability|p2a: Chi-Yu|Beads of Ruin\n|turn|14\n|\n|t:|1681904742\n|move|p1a: Arcanine|Protect|p1a: Arcanine\n|-singleturn|p1a: Arcanine|Protect\n|move|p2a: Chi-Yu|Tera Blast|p1a: Arcanine\n|-activate|p1a: Arcanine|move: Protect\n|\n|-heal|p1a: Arcanine|87\/100|[from] item: Leftovers\n|upkeep\n|turn|15\n|inactive|Prov4molo has 30 seconds left.\n|\n|t:|1681904751\n|move|p2a: Chi-Yu|Tera Blast|p1a: Arcanine\n|-supereffective|p1a: Arcanine\n|-damage|p1a: Arcanine|0 fnt\n|faint|p1a: Arcanine\n|\n|win|gohan92\n|inactive|Prov4molo has 30 seconds left this turn.\n|raw|Prov4molo's rating: 1476 → 1455<\/strong> (-21 for losing)\n|raw|gohan92's rating: 1465 → 1486<\/strong> (+21 for winning)\n|c|\u2606Prov4molo|Gg\n|c|\u2606gohan92|gg\n|c| ascoi|what a game\n|c|\u2606gohan92|yes man haha\n|c|\u2606gohan92|sorry for the freeze\n|l| ascoi\n|l|\u2606Prov4molo\n|l|\u2606gohan92\n|j|\u2606Prov4molo\n|player|p1|Prov4molo|ethan\n|c|\u2606Prov4molo|Don't worry :) nice gane anyway\n|l|\u2606Prov4molo\n|player|p1|\n|j|\u2606Prov4molo\n|player|p1|Prov4molo|ethan\n","uploadtime":1681904924,"views":11,"p1id":"prov4molo","p2id":"gohan92","formatid":"gen9vgc2023regulationc","rating":1455,"private":0,"password":""}