{"id":"gen9vgc2023regulationc-1850930768","p1":"CraftyPuddle","p2":"mike3092","format":"[Gen 9] VGC 2023 Regulation C","log":"|j|\u2606CraftyPuddle\n|j|\u2606mike3092\n|t:|1682383638\n|gametype|doubles\n|player|p1|CraftyPuddle|hilda|1142\n|player|p2|mike3092|265|1210\n|teamsize|p1|6\n|teamsize|p2|6\n|gen|9\n|tier|[Gen 9] VGC 2023 Regulation C\n|rated|\n|rule|Species Clause: Limit one of each Pok\u00e9mon\n|rule|Item Clause: Limit one of each item\n|clearpoke\n|poke|p1|Zangoose, L50, M|\n|poke|p1|Amoonguss, L50, F|\n|poke|p1|Maushold-Four, L50|\n|poke|p1|Dragapult, L50, M|\n|poke|p1|Flamigo, L50, F|\n|poke|p1|Haxorus, L50, M|\n|poke|p2|Flutter Mane, L50|\n|poke|p2|Arcanine, L50, M|\n|poke|p2|Palafin, L50, F|\n|poke|p2|Amoonguss, L50, M|\n|poke|p2|Roaring Moon, L50|\n|poke|p2|Ting-Lu, L50|\n|teampreview|4\n|inactive|Battle timer is ON: inactive players will automatically lose when time's up. (requested by CraftyPuddle)\n|inactive|mike3092 has 60 seconds left.\n|\n|t:|1682383673\n|start\n|switch|p1a: Zangoose|Zangoose, L50, M|100\/100\n|switch|p1b: Amoonguss|Amoonguss, L50, F|100\/100\n|switch|p2a: Palafin|Palafin, L50, F|100\/100\n|switch|p2b: Ting-Lu|Ting-Lu, L50|100\/100\n|-ability|p2b: Ting-Lu|Vessel of Ruin\n|turn|1\n|\n|t:|1682383694\n|detailschange|p2a: Palafin|Palafin-Hero, L50, F\n|switch|p2a: Arcanine|Arcanine, L50, M|100\/100\n|-ability|p2a: Arcanine|Intimidate|boost\n|-unboost|p1a: Zangoose|atk|1\n|-unboost|p1b: Amoonguss|atk|1\n|move|p1a: Zangoose|Belly Drum|p1a: Zangoose\n|-damage|p1a: Zangoose|50\/100\n|-setboost|p1a: Zangoose|atk|6|[from] move: Belly Drum\n|-enditem|p1a: Zangoose|Sitrus Berry|[eat]\n|-heal|p1a: Zangoose|75\/100|[from] item: Sitrus Berry\n|move|p2b: Ting-Lu|Stealth Rock|p1a: Zangoose\n|-sidestart|p1: CraftyPuddle|move: Stealth Rock\n|move|p1b: Amoonguss|Pollen Puff|p1a: Zangoose\n|-heal|p1a: Zangoose|100\/100\n|\n|upkeep\n|turn|2\n|inactive|mike3092 has 30 seconds left.\n|\n|t:|1682383721\n|move|p2a: Arcanine|Protect|p2a: Arcanine\n|-singleturn|p2a: Arcanine|Protect\n|move|p1b: Amoonguss|Rage Powder|p1b: Amoonguss\n|-singleturn|p1b: Amoonguss|move: Rage Powder\n|move|p1a: Zangoose|Baton Pass|p1a: Zangoose\n|\n|t:|1682383726\n|switch|p1a: Dragapult|Dragapult, L50, M|100\/100|[from] Baton Pass\n|-damage|p1a: Dragapult|88\/100|[from] Stealth Rock\n|move|p2b: Ting-Lu|Sand Tomb|p1b: Amoonguss\n|-damage|p1b: Amoonguss|82\/100\n|-activate|p1b: Amoonguss|move: Sand Tomb|[of] p2b: Ting-Lu\n|\n|-damage|p1b: Amoonguss|70\/100|[from] move: Sand Tomb|[partiallytrapped]\n|upkeep\n|turn|3\n|inactive|mike3092 has 30 seconds left.\n|inactive|mike3092 has 20 seconds left.\n|inactive|mike3092 has 15 seconds left.\n|\n|t:|1682383767\n|move|p1b: Amoonguss|Rage Powder|p1b: Amoonguss\n|-singleturn|p1b: Amoonguss|move: Rage Powder\n|move|p1a: Dragapult|Dragon Darts|p2b: Ting-Lu\n|-damage|p2b: Ting-Lu|54\/100\n|-anim|p1a: Dragapult|Dragon Darts|p2a: Arcanine\n|-damage|p2a: Arcanine|19\/100\n|move|p2a: Arcanine|Will-O-Wisp|p1a: Dragapult\n|-status|p1a: Dragapult|brn\n|move|p2b: Ting-Lu|Sand Tomb|p1b: Amoonguss|[miss]\n|-miss|p2b: Ting-Lu|p1b: Amoonguss\n|\n|-damage|p1a: Dragapult|82\/100 brn|[from] brn\n|-damage|p1b: Amoonguss|58\/100|[from] move: Sand Tomb|[partiallytrapped]\n|upkeep\n|turn|4\n|inactive|CraftyPuddle has 30 seconds left.\n|inactive|mike3092 has 30 seconds left.\n|inactive|mike3092 has 20 seconds left.\n|\n|t:|1682383807\n|move|p1a: Dragapult|Dragon Darts|p2b: Ting-Lu\n|-damage|p2b: Ting-Lu|27\/100\n|-enditem|p2b: Ting-Lu|Sitrus Berry|[eat]\n|-heal|p2b: Ting-Lu|52\/100|[from] item: Sitrus Berry\n|-anim|p1a: Dragapult|Dragon Darts|p2a: Arcanine\n|-damage|p2a: Arcanine|0 fnt\n|faint|p2a: Arcanine\n|move|p2b: Ting-Lu|Stomping Tantrum|p1b: Amoonguss\n|-damage|p1b: Amoonguss|0 fnt\n|-damage|p2b: Ting-Lu|36\/100|[from] item: Rocky Helmet|[of] p1b: Amoonguss\n|faint|p1b: Amoonguss\n|\n|-damage|p1a: Dragapult|76\/100 brn|[from] brn\n|upkeep\n|\n|t:|1682383820\n|switch|p2a: Palafin|Palafin-Hero, L50, F|100\/100\n|switch|p1b: Maushold|Maushold-Four, L50|100\/100\n|-damage|p1b: Maushold|88\/100|[from] Stealth Rock\n|-activate|p2a: Palafin|ability: Zero to Hero\n|turn|5\n|\n|t:|1682383832\n|-terastallize|p1a: Dragapult|Ghost\n|move|p2a: Palafin|Protect|p2a: Palafin\n|-singleturn|p2a: Palafin|Protect\n|move|p1b: Maushold|Follow Me|p1b: Maushold\n|-singleturn|p1b: Maushold|move: Follow Me\n|move|p1a: Dragapult|Tera Blast|p2a: Palafin\n|-activate|p2a: Palafin|move: Protect\n|move|p2b: Ting-Lu|Stomping Tantrum|p1b: Maushold\n|-damage|p1b: Maushold|40\/100\n|\n|-damage|p1a: Dragapult|70\/100 brn|[from] brn\n|upkeep\n|turn|6\n|inactive|mike3092 has 30 seconds left.\n|\n|t:|1682383864\n|-terastallize|p2a: Palafin|Water\n|move|p1b: Maushold|Follow Me|p1b: Maushold\n|-singleturn|p1b: Maushold|move: Follow Me\n|move|p2a: Palafin|Jet Punch|p1b: Maushold\n|-damage|p1b: Maushold|0 fnt\n|faint|p1b: Maushold\n|move|p1a: Dragapult|Tera Blast|p2a: Palafin\n|-damage|p2a: Palafin|28\/100\n|move|p2b: Ting-Lu|Stomping Tantrum|p1a: Dragapult\n|-damage|p1a: Dragapult|25\/100 brn\n|\n|-damage|p1a: Dragapult|19\/100 brn|[from] brn\n|upkeep\n|\n|t:|1682383873\n|switch|p1b: Zangoose|Zangoose, L50, M|100\/100\n|-damage|p1b: Zangoose|88\/100|[from] Stealth Rock\n|turn|7\n|\n|t:|1682383888\n|move|p1a: Dragapult|Protect|p1a: Dragapult\n|-singleturn|p1a: Dragapult|Protect\n|move|p2a: Palafin|Protect|p2a: Palafin\n|-singleturn|p2a: Palafin|Protect\n|move|p1b: Zangoose|Belly Drum|p1b: Zangoose\n|-damage|p1b: Zangoose|38\/100\n|-setboost|p1b: Zangoose|atk|6|[from] move: Belly Drum\n|move|p2b: Ting-Lu|Sand Tomb|p1a: Dragapult\n|-activate|p1a: Dragapult|move: Protect\n|\n|-damage|p1a: Dragapult|13\/100 brn|[from] brn\n|upkeep\n|turn|8\n|\n|t:|1682383905\n|move|p2a: Palafin|Jet Punch|p1a: Dragapult\n|-damage|p1a: Dragapult|0 fnt\n|faint|p1a: Dragapult\n|move|p1b: Zangoose|Quick Attack|p2a: Palafin\n|-damage|p2a: Palafin|0 fnt\n|faint|p2a: Palafin\n|move|p2b: Ting-Lu|Sand Tomb|p1b: Zangoose|[miss]\n|-miss|p2b: Ting-Lu|p1b: Zangoose\n|\n|upkeep\n|\n|t:|1682383913\n|switch|p2a: Flutter Mane|Flutter Mane, L50|100\/100\n|turn|9\n|-message|CraftyPuddle forfeited.\n|\n|win|mike3092\n|raw|CraftyPuddle's rating: 1142 → 1122<\/strong> (-20 for losing)\n|raw|mike3092's rating: 1210 → 1230<\/strong> (+20 for winning)\n|l|\u2606CraftyPuddle\n","uploadtime":1682383932,"views":12,"p1id":"craftypuddle","p2id":"mike3092","formatid":"gen9vgc2023regulationc","rating":1122,"private":0,"password":""}