{"id":"gen9vgc2023regulationc-1851606018","p1":"rozalencsar","p2":"rhuga","format":"[Gen 9] VGC 2023 Regulation C","log":"|j|\u2606rozalencsar\n|j|\u2606rhuga\n|t:|1682460458\n|gametype|doubles\n|player|p1|rozalencsar|266|1088\n|player|p2|rhuga|waitress|1127\n|teamsize|p1|6\n|teamsize|p2|6\n|gen|9\n|tier|[Gen 9] VGC 2023 Regulation C\n|rated|\n|rule|Species Clause: Limit one of each Pok\u00e9mon\n|rule|Item Clause: Limit one of each item\n|clearpoke\n|poke|p1|Hatterene, L50, F|\n|poke|p1|Indeedee-F, L50, F|\n|poke|p1|Torkoal, L50, M|\n|poke|p1|Brute Bonnet, L50|\n|poke|p1|Ting-Lu, L50|\n|poke|p1|Garganacl, L50, M|\n|poke|p2|Ting-Lu, L50|\n|poke|p2|Garganacl, L50, F|\n|poke|p2|Dondozo, L50, M|\n|poke|p2|Abomasnow, L50, F|\n|poke|p2|Kingambit, L50, M|\n|poke|p2|Haxorus, L50, M|\n|teampreview|4\nrhuga has agreed to open team sheets.\n|inactive|Battle timer is ON: inactive players will automatically lose when time's up. (requested by rozalencsar)\n|\n|t:|1682460493\n|start\n|switch|p1a: Hatterene|Hatterene, L50, F, shiny|100\/100\n|switch|p1b: Indeedee|Indeedee-F, L50, F, shiny|100\/100\n|switch|p2a: Haxorus|Haxorus, L50, M|100\/100\n|switch|p2b: Abomasnow|Abomasnow, L50, F|100\/100\n|-ability|p2a: Haxorus|Mold Breaker\n|-fieldstart|move: Psychic Terrain|[from] ability: Psychic Surge|[of] p1b: Indeedee\n|-enditem|p1b: Indeedee|Psychic Seed\n|-boost|p1b: Indeedee|spd|1|[from] item: Psychic Seed\n|-weather|Snow|[from] ability: Snow Warning|[of] p2b: Abomasnow\n|turn|1\n|\n|t:|1682460511\n|move|p1a: Hatterene|Protect|p1a: Hatterene\n|-singleturn|p1a: Hatterene|Protect\n|move|p2a: Haxorus|Guillotine|p1a: Hatterene\n|-activate|p1a: Hatterene|move: Protect\n|move|p2b: Abomasnow|Sheer Cold|p1a: Hatterene\n|-activate|p1a: Hatterene|move: Protect\n|move|p1b: Indeedee|Trick Room|p1b: Indeedee\n|-fieldstart|move: Trick Room|[of] p1b: Indeedee\n|\n|-weather|Snow|[upkeep]\n|upkeep\n|turn|2\n|\n|t:|1682460524\n|move|p1b: Indeedee|Helping Hand|p1a: Hatterene\n|-singleturn|p1a: Hatterene|Helping Hand|[of] p1b: Indeedee\n|move|p1a: Hatterene|Dazzling Gleam|p2b: Abomasnow|[spread] p2a,p2b\n|-supereffective|p2a: Haxorus\n|-enditem|p2a: Haxorus|Roseli Berry|[eat]\n|-enditem|p2a: Haxorus|Roseli Berry|[weaken]\n|-damage|p2a: Haxorus|42\/100\n|-damage|p2b: Abomasnow|55\/100\n|-damage|p1a: Hatterene|91\/100|[from] item: Life Orb\n|move|p2b: Abomasnow|Sheer Cold|p1a: Hatterene|[miss]\n|-miss|p2b: Abomasnow|p1a: Hatterene\n|move|p2a: Haxorus|Guillotine|p1a: Hatterene|[miss]\n|-miss|p2a: Haxorus|p1a: Hatterene\n|\n|-weather|Snow|[upkeep]\n|upkeep\n|turn|3\n|\n|t:|1682460543\n|-terastallize|p2a: Haxorus|Steel\n|move|p1b: Indeedee|Helping Hand|p1a: Hatterene\n|-singleturn|p1a: Hatterene|Helping Hand|[of] p1b: Indeedee\n|move|p1a: Hatterene|Dazzling Gleam|p2b: Abomasnow|[spread] p2a,p2b\n|-resisted|p2a: Haxorus\n|-damage|p2a: Haxorus|11\/100\n|-damage|p2b: Abomasnow|9\/100\n|-damage|p1a: Hatterene|82\/100|[from] item: Life Orb\n|move|p2b: Abomasnow|Sheer Cold|p1a: Hatterene|[miss]\n|-miss|p2b: Abomasnow|p1a: Hatterene\n|move|p2a: Haxorus|Guillotine|p1b: Indeedee|[miss]\n|-miss|p2a: Haxorus|p1b: Indeedee\n|\n|-weather|Snow|[upkeep]\n|upkeep\n|turn|4\n|\n|t:|1682460565\n|switch|p1a: Garganacl|Garganacl, L50, M|100\/100\n|switch|p2b: Dondozo|Dondozo, L50, M|100\/100\n|move|p1b: Indeedee|Dazzling Gleam|p2b: Dondozo|[spread] p2a,p2b\n|-resisted|p2a: Haxorus\n|-damage|p2a: Haxorus|5\/100\n|-damage|p2b: Dondozo|90\/100\n|move|p2a: Haxorus|Guillotine|p1b: Indeedee|[miss]\n|-miss|p2a: Haxorus|p1b: Indeedee\n|\n|-weather|Snow|[upkeep]\n|upkeep\n|turn|5\n|\n|t:|1682460587\n|switch|p2a: Ting-Lu|Ting-Lu, L50|100\/100\n|-ability|p2a: Ting-Lu|Vessel of Ruin\n|move|p2b: Dondozo|Protect|p2b: Dondozo\n|-singleturn|p2b: Dondozo|Protect\n|move|p1a: Garganacl|Salt Cure|p2b: Dondozo\n|-activate|p2b: Dondozo|move: Protect\n|move|p1b: Indeedee|Dazzling Gleam|p2b: Dondozo|[spread] p2a\n|-activate|p2b: Dondozo|move: Protect\n|-supereffective|p2a: Ting-Lu\n|-damage|p2a: Ting-Lu|84\/100\n|\n|-weather|none\n|-fieldend|move: Trick Room\n|-fieldend|move: Psychic Terrain\n|upkeep\n|turn|6\n|\n|t:|1682460605\n|move|p2a: Ting-Lu|Fissure|p1b: Indeedee\n|-damage|p1b: Indeedee|0 fnt\n|faint|p1b: Indeedee\n|-ohko\n|move|p2b: Dondozo|Fissure|p1a: Garganacl|[miss]\n|-miss|p2b: Dondozo|p1a: Garganacl\n|move|p1a: Garganacl|Salt Cure|p2b: Dondozo\n|-damage|p2b: Dondozo|82\/100\n|-start|p2b: Dondozo|Salt Cure\n|\n|-damage|p2b: Dondozo|57\/100|[from] Salt Cure\n|upkeep\n|\n|t:|1682460616\n|switch|p1b: Brute Bonnet|Brute Bonnet, L50|100\/100\n|turn|7\n|\n|t:|1682460631\n|switch|p2b: Abomasnow|Abomasnow, L50, F|9\/100\n|-weather|Snow|[from] ability: Snow Warning|[of] p2b: Abomasnow\n|move|p2a: Ting-Lu|Fissure|p1b: Brute Bonnet\n|-damage|p1b: Brute Bonnet|0 fnt\n|faint|p1b: Brute Bonnet\n|-end|p1b: Brute Bonnet|Protosynthesis|[silent]\n|-ohko\n|move|p1a: Garganacl|Salt Cure|p2a: Ting-Lu\n|-resisted|p2a: Ting-Lu\n|-damage|p2a: Ting-Lu|81\/100\n|-start|p2a: Ting-Lu|Salt Cure\n|\n|-weather|Snow|[upkeep]\n|-damage|p2a: Ting-Lu|68\/100|[from] Salt Cure\n|upkeep\n|\n|t:|1682460643\n|switch|p1b: Hatterene|Hatterene, L50, F, shiny|82\/100\n|turn|8\n|\n|t:|1682460654\n|switch|p2a: Haxorus|Haxorus, L50, M, tera:Steel|5\/100\n|-ability|p2a: Haxorus|Mold Breaker\n|move|p2b: Abomasnow|Rest|p2b: Abomasnow\n|-status|p2b: Abomasnow|slp|[from] move: Rest\n|-heal|p2b: Abomasnow|100\/100 slp|[silent]\n|move|p1a: Garganacl|Salt Cure|p2b: Abomasnow\n|-supereffective|p2b: Abomasnow\n|-damage|p2b: Abomasnow|78\/100 slp\n|-start|p2b: Abomasnow|Salt Cure\n|move|p1b: Hatterene|Dazzling Gleam|p2b: Abomasnow|[spread] p2a,p2b\n|-resisted|p2a: Haxorus\n|-damage|p2a: Haxorus|0 fnt\n|-damage|p2b: Abomasnow|44\/100 slp\n|faint|p2a: Haxorus\n|-damage|p1b: Hatterene|72\/100|[from] item: Life Orb\n|\n|-weather|Snow|[upkeep]\n|-damage|p2b: Abomasnow|31\/100 slp|[from] Salt Cure\n|upkeep\n|\n|t:|1682460665\n|switch|p2a: Dondozo|Dondozo, L50, M|57\/100\n|turn|9\n|\n|t:|1682460676\n|cant|p2b: Abomasnow|slp\n|move|p2b: Abomasnow|Sleep Talk|p2b: Abomasnow\n|move|p2b: Abomasnow|Rest||[from]move: Sleep Talk|[still]\n|-fail|p2b: Abomasnow\n|move|p2a: Dondozo|Fissure|p1a: Garganacl|[miss]\n|-miss|p2a: Dondozo|p1a: Garganacl\n|move|p1a: Garganacl|Salt Cure|p2a: Dondozo\n|-damage|p2a: Dondozo|48\/100\n|-start|p2a: Dondozo|Salt Cure\n|move|p1b: Hatterene|Dazzling Gleam|p2a: Dondozo|[spread] p2a,p2b\n|-damage|p2a: Dondozo|15\/100\n|-damage|p2b: Abomasnow|0 fnt\n|faint|p2b: Abomasnow\n|-damage|p1b: Hatterene|63\/100|[from] item: Life Orb\n|\n|-weather|Snow|[upkeep]\n|-damage|p2a: Dondozo|0 fnt|[from] Salt Cure\n|faint|p2a: Dondozo\n|upkeep\n|\n|t:|1682460684\n|switch|p2b: Ting-Lu|Ting-Lu, L50|68\/100\n|-ability|p2b: Ting-Lu|Vessel of Ruin\n|turn|10\n|\n|t:|1682460699\n|move|p2b: Ting-Lu|Fissure|p1b: Hatterene\n|-damage|p1b: Hatterene|0 fnt\n|faint|p1b: Hatterene\n|-ohko\n|move|p1a: Garganacl|Salt Cure|p2b: Ting-Lu\n|-resisted|p2b: Ting-Lu\n|-damage|p2b: Ting-Lu|66\/100\n|-start|p2b: Ting-Lu|Salt Cure\n|\n|-weather|Snow|[upkeep]\n|-damage|p2b: Ting-Lu|54\/100|[from] Salt Cure\n|upkeep\n|turn|11\n|\n|t:|1682460709\n|move|p1a: Garganacl|Protect|p1a: Garganacl\n|-singleturn|p1a: Garganacl|Protect\n|move|p2b: Ting-Lu|Fissure|p1a: Garganacl\n|-activate|p1a: Garganacl|move: Protect\n|\n|-weather|none\n|-damage|p2b: Ting-Lu|41\/100|[from] Salt Cure\n|upkeep\n|-enditem|p2b: Ting-Lu|Sitrus Berry|[eat]\n|-heal|p2b: Ting-Lu|66\/100|[from] item: Sitrus Berry\n|turn|12\n|\n|t:|1682460719\n|move|p2b: Ting-Lu|Fissure|p1a: Garganacl|[miss]\n|-miss|p2b: Ting-Lu|p1a: Garganacl\n|move|p1a: Garganacl|Salt Cure|p2b: Ting-Lu\n|-resisted|p2b: Ting-Lu\n|-damage|p2b: Ting-Lu|63\/100\n|\n|-damage|p2b: Ting-Lu|51\/100|[from] Salt Cure\n|upkeep\n|turn|13\n|\n|t:|1682460727\n|move|p1a: Garganacl|Protect|p1a: Garganacl\n|-singleturn|p1a: Garganacl|Protect\n|move|p2b: Ting-Lu|Fissure|p1a: Garganacl\n|-activate|p1a: Garganacl|move: Protect\n|\n|-damage|p2b: Ting-Lu|39\/100|[from] Salt Cure\n|upkeep\n|turn|14\n|\n|t:|1682460735\n|move|p2b: Ting-Lu|Rest|p2b: Ting-Lu\n|-status|p2b: Ting-Lu|slp|[from] move: Rest\n|-heal|p2b: Ting-Lu|100\/100 slp|[silent]\n|move|p1a: Garganacl|Salt Cure|p2b: Ting-Lu\n|-resisted|p2b: Ting-Lu\n|-damage|p2b: Ting-Lu|97\/100 slp\n|\n|-damage|p2b: Ting-Lu|85\/100 slp|[from] Salt Cure\n|upkeep\n|turn|15\n|\n|t:|1682460744\n|cant|p2b: Ting-Lu|slp\n|move|p2b: Ting-Lu|Sleep Talk|p2b: Ting-Lu\n|move|p2b: Ting-Lu|Protect|p2b: Ting-Lu|[from]move: Sleep Talk\n|-singleturn|p2b: Ting-Lu|Protect\n|move|p1a: Garganacl|Salt Cure|p2b: Ting-Lu\n|-activate|p2b: Ting-Lu|move: Protect\n|\n|-damage|p2b: Ting-Lu|73\/100 slp|[from] Salt Cure\n|upkeep\n|turn|16\n|\n|t:|1682460754\n|cant|p2b: Ting-Lu|slp\n|move|p2b: Ting-Lu|Sleep Talk|p2b: Ting-Lu\n|move|p2b: Ting-Lu|Rest||[from]move: Sleep Talk|[still]\n|-fail|p2b: Ting-Lu\n|move|p1a: Garganacl|Salt Cure|p2b: Ting-Lu\n|-resisted|p2b: Ting-Lu\n|-damage|p2b: Ting-Lu|70\/100 slp\n|\n|-damage|p2b: Ting-Lu|58\/100 slp|[from] Salt Cure\n|upkeep\n|turn|17\n|\n|t:|1682460765\n|-curestatus|p2b: Ting-Lu|slp|[msg]\n|move|p2b: Ting-Lu|Rest|p2b: Ting-Lu\n|-status|p2b: Ting-Lu|slp|[from] move: Rest\n|-heal|p2b: Ting-Lu|100\/100 slp|[silent]\n|move|p1a: Garganacl|Salt Cure|p2b: Ting-Lu\n|-resisted|p2b: Ting-Lu\n|-damage|p2b: Ting-Lu|97\/100 slp\n|\n|-damage|p2b: Ting-Lu|85\/100 slp|[from] Salt Cure\n|upkeep\n|turn|18\n|\n|t:|1682460776\n|cant|p2b: Ting-Lu|slp\n|move|p2b: Ting-Lu|Sleep Talk|p2b: Ting-Lu\n|move|p2b: Ting-Lu|Rest||[from]move: Sleep Talk|[still]\n|-fail|p2b: Ting-Lu\n|move|p1a: Garganacl|Salt Cure|p2b: Ting-Lu\n|-resisted|p2b: Ting-Lu\n|-damage|p2b: Ting-Lu|82\/100 slp\n|\n|-damage|p2b: Ting-Lu|70\/100 slp|[from] Salt Cure\n|upkeep\n|turn|19\n|\n|t:|1682460786\n|cant|p2b: Ting-Lu|slp\n|move|p2b: Ting-Lu|Sleep Talk|p2b: Ting-Lu\n|move|p2b: Ting-Lu|Protect|p2b: Ting-Lu|[from]move: Sleep Talk\n|-singleturn|p2b: Ting-Lu|Protect\n|move|p1a: Garganacl|Salt Cure|p2b: Ting-Lu\n|-activate|p2b: Ting-Lu|move: Protect\n|\n|-damage|p2b: Ting-Lu|58\/100 slp|[from] Salt Cure\n|upkeep\n|turn|20\n|\n|t:|1682460796\n|-curestatus|p2b: Ting-Lu|slp|[msg]\n|move|p2b: Ting-Lu|Fissure|p1a: Garganacl\n|-damage|p1a: Garganacl|0 fnt\n|faint|p1a: Garganacl\n|-ohko\n|\n|win|rhuga\n|raw|rozalencsar's rating: 1088 → 1067<\/strong> (-21 for losing)\n|raw|rhuga's rating: 1127 → 1149<\/strong> (+22 for winning)\n|l|\u2606rozalencsar\n","uploadtime":1682460809,"views":15,"p1id":"rozalencsar","p2id":"rhuga","formatid":"gen9vgc2023regulationc","rating":1067,"private":0,"password":""}