{"id":"gen9vgc2023regulationc-1860799458","p1":"saul malenio","p2":"Auraen","format":"[Gen 9] VGC 2023 Regulation C","log":"|j|\u2606saul malenio\n|j|\u2606Auraen\n|t:|1683679331\n|gametype|doubles\n|player|p1|saul malenio|cynthia-gen4|1552\n|player|p2|Auraen|flannery|1475\n|teamsize|p1|6\n|teamsize|p2|6\n|gen|9\n|tier|[Gen 9] VGC 2023 Regulation C\n|rated|\n|rule|Species Clause: Limit one of each Pok\u00e9mon\n|rule|Item Clause: Limit one of each item\n|clearpoke\n|poke|p1|Flutter Mane, L50|\n|poke|p1|Great Tusk, L50|\n|poke|p1|Chien-Pao, L50|\n|poke|p1|Murkrow, L50, M|\n|poke|p1|Corviknight, L50, M|\n|poke|p1|Scream Tail, L50|\n|poke|p2|Mimikyu, L50, F|\n|poke|p2|Tauros-Paldea-Aqua, L50, M|\n|poke|p2|Corviknight, L50, M|\n|poke|p2|Iron Moth, L50|\n|poke|p2|Wo-Chien, L50|\n|poke|p2|Glimmora, L50, M|\n|teampreview|4\nsaul malenio has agreed to open team sheets.\nAuraen has agreed to open team sheets.\n|\n|t:|1683679407\n|start\n|switch|p1a: Great Tusk|Great Tusk, L50|100\/100\n|switch|p1b: Chien-Pao|Chien-Pao, L50|100\/100\n|switch|p2a: Corviknight|Corviknight, L50, M|100\/100\n|switch|p2b: Iron Moth|Iron Moth, L50|100\/100\n|-ability|p1b: Chien-Pao|Sword of Ruin\n|turn|1\n|\n|t:|1683679450\n|-end|p2b: Iron Moth|Quark Drive|[silent]\n|switch|p2b: Tauros|Tauros-Paldea-Aqua, L50, M|100\/100\n|-ability|p2b: Tauros|Intimidate|boost\n|-unboost|p1a: Great Tusk|atk|1\n|-unboost|p1b: Chien-Pao|atk|1\n|move|p1a: Great Tusk|Rock Slide|p2b: Tauros|[spread] p2a,p2b\n|-resisted|p2b: Tauros\n|-damage|p2a: Corviknight|84\/100\n|-damage|p2b: Tauros|93\/100\n|move|p1b: Chien-Pao|Ice Spinner|p2b: Tauros\n|-resisted|p2b: Tauros\n|-damage|p2b: Tauros|78\/100\n|cant|p2a: Corviknight|flinch\n|\n|upkeep\n|turn|2\n|\n|t:|1683679474\n|switch|p1b: Scream Tail|Scream Tail, L50|100\/100\n|-enditem|p1b: Scream Tail|Booster Energy\n|-activate|p1b: Scream Tail|ability: Protosynthesis|[fromitem]\n|-start|p1b: Scream Tail|protosynthesisspe\n|-terastallize|p1a: Great Tusk|Steel\n|move|p1a: Great Tusk|Rock Slide|p2a: Corviknight|[spread] p2a,p2b\n|-resisted|p2b: Tauros\n|-damage|p2a: Corviknight|71\/100\n|-damage|p2b: Tauros|72\/100\n|cant|p2b: Tauros|flinch\n|cant|p2a: Corviknight|flinch\n|\n|upkeep\n|turn|3\n|\n|t:|1683679501\n|switch|p2b: Wo-Chien|Wo-Chien, L50|100\/100\n|-ability|p2b: Wo-Chien|Tablets of Ruin\n|move|p1b: Scream Tail|Howl|p1b: Scream Tail|[spread] p1a,p1b\n|-boost|p1a: Great Tusk|atk|1\n|-boost|p1b: Scream Tail|atk|1\n|move|p1a: Great Tusk|Rock Slide|p2b: Wo-Chien|[spread] p2a,p2b\n|-damage|p2a: Corviknight|57\/100\n|-damage|p2b: Wo-Chien|87\/100\n|move|p2a: Corviknight|Taunt|p1b: Scream Tail\n|-start|p1b: Scream Tail|move: Taunt\n|\n|-heal|p2b: Wo-Chien|93\/100|[from] item: Leftovers\n|upkeep\n|turn|4\n|\n|t:|1683679528\n|-end|p1b: Scream Tail|Protosynthesis|[silent]\n|switch|p1b: Flutter Mane|Flutter Mane, L50|100\/100\n|switch|p2a: Tauros|Tauros-Paldea-Aqua, L50, M|72\/100\n|-ability|p2a: Tauros|Intimidate|boost\n|-unboost|p1a: Great Tusk|atk|1\n|-unboost|p1b: Flutter Mane|atk|1\n|move|p1a: Great Tusk|Rock Slide|p2b: Wo-Chien|[spread] p2a,p2b\n|-resisted|p2a: Tauros\n|-damage|p2a: Tauros|67\/100\n|-damage|p2b: Wo-Chien|85\/100\n|move|p2b: Wo-Chien|Leech Seed|p1b: Flutter Mane\n|-start|p1b: Flutter Mane|move: Leech Seed\n|\n|-heal|p2b: Wo-Chien|92\/100|[from] item: Leftovers\n|-damage|p1b: Flutter Mane|89\/100|[from] Leech Seed|[of] p2b: Wo-Chien\n|-heal|p2b: Wo-Chien|100\/100|[silent]\n|upkeep\n|turn|5\n|\n|t:|1683679561\n|-end|p1a: Great Tusk|Protosynthesis|[silent]\n|switch|p1a: Scream Tail|Scream Tail, L50|100\/100\n|move|p2a: Tauros|Protect|p2a: Tauros\n|-singleturn|p2a: Tauros|Protect\n|move|p2b: Wo-Chien|Protect|p2b: Wo-Chien\n|-singleturn|p2b: Wo-Chien|Protect\n|move|p1b: Flutter Mane|Thunderbolt|p2a: Tauros\n|-activate|p2a: Tauros|move: Protect\n|\n|-damage|p1b: Flutter Mane|77\/100|[from] Leech Seed|[of] p2b: Wo-Chien\n|upkeep\n|turn|6\n|\n|t:|1683679582\n|switch|p2a: Corviknight|Corviknight, L50, M|57\/100\n|move|p1b: Flutter Mane|Thunderbolt|p2a: Corviknight\n|-supereffective|p2a: Corviknight\n|-damage|p2a: Corviknight|0 fnt\n|faint|p2a: Corviknight\n|move|p1a: Scream Tail|Encore|p2b: Wo-Chien\n|-start|p2b: Wo-Chien|Encore\n|move|p2b: Wo-Chien|Protect||[still]\n|-fail|p2b: Wo-Chien\n|\n|-damage|p1b: Flutter Mane|65\/100|[from] Leech Seed|[of] p2b: Wo-Chien\n|upkeep\n|\n|t:|1683679593\n|switch|p2a: Iron Moth|Iron Moth, L50|100\/100\n|turn|7\n|\n|t:|1683679621\n|-end|p1b: Flutter Mane|Protosynthesis|[silent]\n|switch|p1b: Chien-Pao|Chien-Pao, L50|100\/100\n|-ability|p1b: Chien-Pao|Sword of Ruin\n|move|p2b: Wo-Chien|Protect|p2b: Wo-Chien\n|-singleturn|p2b: Wo-Chien|Protect\n|move|p1a: Scream Tail|Howl|p1a: Scream Tail|[spread] p1a,p1b\n|-boost|p1a: Scream Tail|atk|1\n|-boost|p1b: Chien-Pao|atk|1\n|move|p2a: Iron Moth|Flamethrower|p1b: Chien-Pao\n|-supereffective|p1b: Chien-Pao\n|-enditem|p1b: Chien-Pao|Focus Sash\n|-damage|p1b: Chien-Pao|1\/100\n|-status|p1b: Chien-Pao|brn\n|\n|-damage|p1b: Chien-Pao|0 fnt|[from] brn\n|faint|p1b: Chien-Pao\n|upkeep\n|\n|t:|1683679653\n|switch|p1b: Flutter Mane|Flutter Mane, L50|65\/100\n|turn|8\n|\n|t:|1683679672\n|move|p2b: Wo-Chien|Protect||[still]\n|-fail|p2b: Wo-Chien\n|move|p1b: Flutter Mane|Moonblast|p2b: Wo-Chien\n|-supereffective|p2b: Wo-Chien\n|-damage|p2b: Wo-Chien|0 fnt\n|faint|p2b: Wo-Chien\n|move|p1a: Scream Tail|Encore|p2a: Iron Moth\n|-start|p2a: Iron Moth|Encore\n|move|p2a: Iron Moth|Flamethrower|p1a: Scream Tail\n|-damage|p1a: Scream Tail|71\/100\n|-status|p1a: Scream Tail|brn\n|\n|-damage|p1a: Scream Tail|65\/100 brn|[from] brn\n|upkeep\n|\n|t:|1683679684\n|switch|p2b: Tauros|Tauros-Paldea-Aqua, L50, M|67\/100\n|-ability|p2b: Tauros|Intimidate|boost\n|-unboost|p1a: Scream Tail|atk|1\n|-unboost|p1b: Flutter Mane|atk|1\n|turn|9\n|\n|t:|1683679702\n|move|p2b: Tauros|Protect|p2b: Tauros\n|-singleturn|p2b: Tauros|Protect\n|move|p1b: Flutter Mane|Moonblast|p2b: Tauros\n|-activate|p2b: Tauros|move: Protect\n|move|p1a: Scream Tail|Disable|p2a: Iron Moth\n|-start|p2a: Iron Moth|Disable|Flamethrower\n|cant|p2a: Iron Moth|Disable|Flamethrower\n|\n|-damage|p1a: Scream Tail|59\/100 brn|[from] brn\n|upkeep\n|turn|10\n|\n|t:|1683679723\n|-end|p1b: Flutter Mane|Protosynthesis|[silent]\n|switch|p1b: Great Tusk|Great Tusk, L50, tera:Steel|100\/100\n|-terastallize|p2b: Tauros|Water\n|move|p2b: Tauros|Aqua Jet|p1b: Great Tusk\n|-damage|p1b: Great Tusk|86\/100\n|move|p1a: Scream Tail|Encore|p2b: Tauros\n|-start|p2b: Tauros|Encore\n|-activate|p2a: Iron Moth|move: Struggle\n|move|p2a: Iron Moth|Struggle|p1a: Scream Tail\n|-damage|p1a: Scream Tail|53\/100 brn\n|-damage|p2a: Iron Moth|75\/100|[from] recoil\n|\n|-damage|p1a: Scream Tail|47\/100 brn|[from] brn\n|-end|p2a: Iron Moth|Encore\n|upkeep\n|turn|11\n|-message|Auraen forfeited.\n|\n|win|saul malenio\n|raw|saul malenio's rating: 1552 → 1568<\/strong> (+16 for winning)\n|raw|Auraen's rating: 1475 → 1459<\/strong> (-16 for losing)\n|l|\u2606Auraen\n","uploadtime":1683679754,"views":16,"p1id":"saulmalenio","p2id":"auraen","formatid":"gen9vgc2023regulationc","rating":1459,"private":0,"password":""}