{"id":"gen9vgc2023regulationc-1849259636","p1":"Gjuj","p2":"Code_Error_Shorts","format":"[Gen 9] VGC 2023 Regulation C","log":"|j|\u2606Gjuj\n|j|\u2606Code_Error_Shorts\n|t:|1682178864\n|gametype|doubles\n|player|p1|Gjuj|veteran|1260\n|player|p2|Code_Error_Shorts|steven|1194\n|teamsize|p1|6\n|teamsize|p2|6\n|gen|9\n|tier|[Gen 9] VGC 2023 Regulation C\n|rated|\n|rule|Species Clause: Limit one of each Pok\u00e9mon\n|rule|Item Clause: Limit one of each item\n|clearpoke\n|poke|p1|Dragapult, L50, M|\n|poke|p1|Tyranitar, L50, M|\n|poke|p1|Ting-Lu, L50|\n|poke|p1|Orthworm, L50, M|\n|poke|p1|Gastrodon, L50, M|\n|poke|p1|Talonflame, L50, M|\n|poke|p2|Mudsdale, L50, M|\n|poke|p2|Bronzong, L50|\n|poke|p2|Iron Hands, L50|\n|poke|p2|Amoonguss, L50, M|\n|poke|p2|Chien-Pao, L50|\n|poke|p2|Flutter Mane, L50|\n|teampreview|4\n|\n|t:|1682178921\n|start\n|switch|p1a: Talonflame|Talonflame, L50, M|100\/100\n|switch|p1b: Orthworm|Orthworm, L50, M|100\/100\n|switch|p2a: Chien-Pao|Chien-Pao, L50|100\/100\n|switch|p2b: Flutter Mane|Flutter Mane, L50, shiny|100\/100\n|-ability|p2a: Chien-Pao|Sword of Ruin\n|turn|1\n|c|\u2606Code_Error_Shorts|shed tail? or offensive set orthworm\n|c|\u2606Code_Error_Shorts|u can let me know after t1 but im just curious\n|\n|t:|1682178951\n|move|p2b: Flutter Mane|Thunder Wave|p1b: Orthworm\n|-status|p1b: Orthworm|par\n|move|p2a: Chien-Pao|Throat Chop|p1a: Talonflame\n|-damage|p1a: Talonflame|24\/100\n|-start|p1a: Talonflame|Throat Chop|[silent]\n|move|p1a: Talonflame|Will-O-Wisp|p2a: Chien-Pao\n|-status|p2a: Chien-Pao|brn\n|cant|p1b: Orthworm|par\n|\n|-damage|p2a: Chien-Pao|95\/100 brn|[from] brn\n|upkeep\n|turn|2\n|\n|t:|1682178973\n|switch|p1a: Ting-Lu|Ting-Lu, L50|100\/100\n|-ability|p1a: Ting-Lu|Vessel of Ruin\n|move|p2b: Flutter Mane|Hex|p1b: Orthworm\n|-damage|p1b: Orthworm|0 fnt\n|faint|p1b: Orthworm\n|-damage|p2b: Flutter Mane|90\/100|[from] item: Life Orb\n|move|p2a: Chien-Pao|Throat Chop|p1a: Ting-Lu\n|-resisted|p1a: Ting-Lu\n|-damage|p1a: Ting-Lu|94\/100\n|-start|p1a: Ting-Lu|Throat Chop|[silent]\n|-damage|p2a: Chien-Pao|79\/100 brn|[from] item: Rocky Helmet|[of] p1a: Ting-Lu\n|\n|-damage|p2a: Chien-Pao|73\/100 brn|[from] brn\n|upkeep\n|\n|t:|1682178990\n|switch|p1b: Tyranitar|Tyranitar, L50, M|100\/100\n|-weather|Sandstorm|[from] ability: Sand Stream|[of] p1b: Tyranitar\n|turn|3\n|\n|t:|1682179019\n|-terastallize|p2b: Flutter Mane|Fairy\n|-terastallize|p1b: Tyranitar|Fire\n|move|p1a: Ting-Lu|Protect|p1a: Ting-Lu\n|-singleturn|p1a: Ting-Lu|Protect\n|move|p2a: Chien-Pao|Icicle Crash|p1a: Ting-Lu\n|-activate|p1a: Ting-Lu|move: Protect\n|move|p2b: Flutter Mane|Dazzling Gleam|p1b: Tyranitar|[spread] p1b\n|-activate|p1a: Ting-Lu|move: Protect\n|-resisted|p1b: Tyranitar\n|-damage|p1b: Tyranitar|80\/100\n|-damage|p2b: Flutter Mane|80\/100|[from] item: Life Orb\n|move|p1b: Tyranitar|Rock Slide|p2b: Flutter Mane|[spread] p2a,p2b\n|-supereffective|p2a: Chien-Pao\n|-damage|p2a: Chien-Pao|0 fnt\n|-damage|p2b: Flutter Mane|0 fnt\n|faint|p2a: Chien-Pao\n|faint|p2b: Flutter Mane\n|-end|p2b: Flutter Mane|Protosynthesis|[silent]\n|\n|-weather|Sandstorm|[upkeep]\n|-damage|p1b: Tyranitar|75\/100|[from] Sandstorm\n|-end|p1a: Ting-Lu|Throat Chop|[silent]\n|upkeep\n|\n|t:|1682179041\n|switch|p2a: Iron Hands|Iron Hands, L50, shiny|100\/100\n|switch|p2b: Mudsdale|Mudsdale, L50, M, shiny|100\/100\n|turn|4\n|\n|t:|1682179062\n|-singleturn|p2a: Iron Hands|move: Focus Punch\n|move|p1b: Tyranitar|Rock Slide|p2a: Iron Hands|[spread] p2a,p2b\n|-resisted|p2a: Iron Hands\n|-resisted|p2b: Mudsdale\n|-damage|p2a: Iron Hands|90\/100\n|-damage|p2b: Mudsdale|87\/100\n|-ability|p2b: Mudsdale|Stamina|boost\n|-boost|p2b: Mudsdale|def|1\n|move|p1a: Ting-Lu|Zen Headbutt|p2a: Iron Hands|[miss]\n|-miss|p1a: Ting-Lu|p2a: Iron Hands\n|cant|p2b: Mudsdale|flinch\n|cant|p2a: Iron Hands|Focus Punch|Focus Punch\n|\n|-weather|Sandstorm|[upkeep]\n|-damage|p1b: Tyranitar|69\/100|[from] Sandstorm\n|-damage|p2a: Iron Hands|84\/100|[from] Sandstorm\n|-heal|p2b: Mudsdale|93\/100|[from] item: Leftovers\n|upkeep\n|turn|5\n|\n|t:|1682179092\n|-singleturn|p2a: Iron Hands|move: Focus Punch\n|move|p1b: Tyranitar|Dragon Dance|p1b: Tyranitar\n|-boost|p1b: Tyranitar|atk|1\n|-boost|p1b: Tyranitar|spe|1\n|move|p1a: Ting-Lu|Zen Headbutt|p2a: Iron Hands\n|-supereffective|p2a: Iron Hands\n|-damage|p2a: Iron Hands|47\/100\n|move|p2b: Mudsdale|Stomping Tantrum|p1b: Tyranitar\n|-supereffective|p1b: Tyranitar\n|-damage|p1b: Tyranitar|0 fnt\n|faint|p1b: Tyranitar\n|cant|p2a: Iron Hands|Focus Punch|Focus Punch\n|\n|-weather|Sandstorm|[upkeep]\n|-damage|p2a: Iron Hands|41\/100|[from] Sandstorm\n|-heal|p2b: Mudsdale|99\/100|[from] item: Leftovers\n|upkeep\n|\n|t:|1682179103\n|switch|p1b: Talonflame|Talonflame, L50, M|24\/100\n|turn|6\n|\n|t:|1682179112\n|move|p2b: Mudsdale|Protect|p2b: Mudsdale\n|-singleturn|p2b: Mudsdale|Protect\n|move|p1b: Talonflame|Will-O-Wisp|p2b: Mudsdale\n|-activate|p2b: Mudsdale|move: Protect\n|move|p1a: Ting-Lu|Zen Headbutt|p2a: Iron Hands\n|-supereffective|p2a: Iron Hands\n|-damage|p2a: Iron Hands|4\/100\n|move|p2a: Iron Hands|Thunder Punch|p1b: Talonflame\n|-supereffective|p1b: Talonflame\n|-damage|p1b: Talonflame|0 fnt\n|faint|p1b: Talonflame\n|\n|-weather|Sandstorm|[upkeep]\n|-damage|p2a: Iron Hands|0 fnt|[from] Sandstorm\n|faint|p2a: Iron Hands\n|-end|p2a: Iron Hands|Quark Drive|[silent]\n|-heal|p2b: Mudsdale|100\/100|[from] item: Leftovers\n|upkeep\n|turn|7\n|\n|t:|1682179132\n|move|p1a: Ting-Lu|Protect|p1a: Ting-Lu\n|-singleturn|p1a: Ting-Lu|Protect\n|move|p2b: Mudsdale|Fissure|p1a: Ting-Lu\n|-activate|p1a: Ting-Lu|move: Protect\n|\n|-weather|none\n|upkeep\n|turn|8\n|c|\u2606Code_Error_Shorts|fissure vs fissure lol\n|\n|t:|1682179139\n|move|p1a: Ting-Lu|Protect||[still]\n|-fail|p1a: Ting-Lu\n|move|p2b: Mudsdale|Protect||[still]\n|-fail|p2b: Mudsdale\n|\n|upkeep\n|turn|9\n|\n|t:|1682179145\n|move|p1a: Ting-Lu|Stomping Tantrum|p2b: Mudsdale\n|-damage|p2b: Mudsdale|58\/100\n|-ability|p2b: Mudsdale|Stamina|boost\n|-boost|p2b: Mudsdale|def|1\n|move|p2b: Mudsdale|Fissure|p1a: Ting-Lu|[miss]\n|-miss|p2b: Mudsdale|p1a: Ting-Lu\n|\n|-heal|p2b: Mudsdale|64\/100|[from] item: Leftovers\n|upkeep\n|turn|10\n|\n|t:|1682179153\n|move|p1a: Ting-Lu|Protect|p1a: Ting-Lu\n|-singleturn|p1a: Ting-Lu|Protect\n|move|p2b: Mudsdale|Protect||[still]\n|-fail|p2b: Mudsdale\n|\n|-heal|p2b: Mudsdale|70\/100|[from] item: Leftovers\n|upkeep\n|turn|11\n|\n|t:|1682179160\n|move|p1a: Ting-Lu|Protect||[still]\n|-fail|p1a: Ting-Lu\n|move|p2b: Mudsdale|Fissure|p1a: Ting-Lu|[miss]\n|-miss|p2b: Mudsdale|p1a: Ting-Lu\n|\n|-heal|p2b: Mudsdale|76\/100|[from] item: Leftovers\n|upkeep\n|turn|12\n|\n|t:|1682179169\n|move|p2b: Mudsdale|Protect|p2b: Mudsdale\n|-singleturn|p2b: Mudsdale|Protect\n|move|p1a: Ting-Lu|Stomping Tantrum|p2b: Mudsdale\n|-activate|p2b: Mudsdale|move: Protect\n|\n|-heal|p2b: Mudsdale|82\/100|[from] item: Leftovers\n|upkeep\n|turn|13\n|\n|t:|1682179178\n|move|p2b: Mudsdale|Protect||[still]\n|-fail|p2b: Mudsdale\n|move|p1a: Ting-Lu|Stomping Tantrum|p2b: Mudsdale\n|-damage|p2b: Mudsdale|66\/100\n|-ability|p2b: Mudsdale|Stamina|boost\n|-boost|p2b: Mudsdale|def|1\n|\n|-heal|p2b: Mudsdale|72\/100|[from] item: Leftovers\n|upkeep\n|turn|14\n|\n|t:|1682179197\n|move|p1a: Ting-Lu|Throat Chop|p2b: Mudsdale\n|-damage|p2b: Mudsdale|57\/100\n|-start|p2b: Mudsdale|Throat Chop|[silent]\n|-ability|p2b: Mudsdale|Stamina|boost\n|-boost|p2b: Mudsdale|def|1\n|move|p2b: Mudsdale|Fissure|p1a: Ting-Lu\n|-damage|p1a: Ting-Lu|0 fnt\n|faint|p1a: Ting-Lu\n|-ohko\n|\n|win|Code_Error_Shorts\n|raw|Gjuj's rating: 1260 → 1230<\/strong> (-30 for losing)\n|raw|Code_Error_Shorts's rating: 1194 → 1224<\/strong> (+30 for winning)\n|c|\u2606Code_Error_Shorts|gg\n|l|\u2606Gjuj\n","uploadtime":1682179213,"views":12,"p1id":"gjuj","p2id":"codeerrorshorts","formatid":"gen9vgc2023regulationc","rating":1224,"private":0,"password":""}