{"id":"gen9vgc2023regulationc-1856769139","p1":"Jscoot12","p2":"Gubi1994","format":"[Gen 9] VGC 2023 Regulation C","log":"|j|\u2606Jscoot12\n|j|\u2606Gubi1994\n|t:|1683108582\n|gametype|doubles\n|player|p1|Jscoot12|266|1234\n|player|p2|Gubi1994|265|1302\n|teamsize|p1|6\n|teamsize|p2|6\n|gen|9\n|tier|[Gen 9] VGC 2023 Regulation C\n|rated|\n|rule|Species Clause: Limit one of each Pok\u00e9mon\n|rule|Item Clause: Limit one of each item\n|clearpoke\n|poke|p1|Orthworm, L50, M|\n|poke|p1|Dragonite, L50, F|\n|poke|p1|Flutter Mane, L50|\n|poke|p1|Chi-Yu, L50|\n|poke|p1|Baxcalibur, L50, M|\n|poke|p1|Gyarados, L50, F|\n|poke|p2|Maushold-Four, L50|\n|poke|p2|Roaring Moon, L50|\n|poke|p2|Annihilape, L50, M|\n|poke|p2|Gholdengo, L50|\n|poke|p2|Arcanine, L50, M|\n|poke|p2|Iron Bundle, L50|\n|teampreview|4\nJscoot12 has agreed to open team sheets.\n|\n|t:|1683108649\n|start\n|switch|p1a: Gyarados|Gyarados, L50, F|100\/100\n|switch|p1b: Orthworm|Orthworm, L50, M|100\/100\n|switch|p2a: Iron Bundle|Iron Bundle, L50|100\/100\n|switch|p2b: Arcanine|Arcanine, L50, M|100\/100\n|-ability|p2b: Arcanine|Intimidate|boost\n|-unboost|p1a: Gyarados|atk|1\n|-unboost|p1b: Orthworm|atk|1\n|-ability|p1a: Gyarados|Intimidate|boost\n|-unboost|p2a: Iron Bundle|atk|1\n|-unboost|p2b: Arcanine|atk|1\n|turn|1\n|\n|t:|1683108693\n|-terastallize|p1b: Orthworm|Fire\n|move|p2a: Iron Bundle|Freeze-Dry|p1a: Gyarados\n|-supereffective|p1a: Gyarados\n|-damage|p1a: Gyarados|8\/100\n|move|p2b: Arcanine|Flare Blitz|p1b: Orthworm\n|-resisted|p1b: Orthworm\n|-damage|p1b: Orthworm|87\/100\n|-damage|p2b: Arcanine|96\/100|[from] Recoil\n|move|p1a: Gyarados|Thunder Wave|p2b: Arcanine\n|-status|p2b: Arcanine|par\n|move|p1b: Orthworm|Shed Tail|p1b: Orthworm\n|-start|p1b: Orthworm|Substitute|[from] move: Shed Tail\n|-damage|p1b: Orthworm|37\/100\n|\n|t:|1683108708\n|switch|p1b: Flutter Mane|Flutter Mane, L50|100\/100|[from] Shed Tail\n|-enditem|p1b: Flutter Mane|Booster Energy\n|-activate|p1b: Flutter Mane|ability: Protosynthesis|[fromitem]\n|-start|p1b: Flutter Mane|protosynthesisspe\n|\n|upkeep\n|turn|2\n|\n|t:|1683108736\n|move|p1b: Flutter Mane|Thunderbolt|p2a: Iron Bundle\n|-supereffective|p2a: Iron Bundle\n|-damage|p2a: Iron Bundle|0 fnt\n|faint|p2a: Iron Bundle\n|-end|p2a: Iron Bundle|Quark Drive|[silent]\n|move|p1a: Gyarados|Waterfall|p2b: Arcanine\n|-supereffective|p2b: Arcanine\n|-damage|p2b: Arcanine|43\/100 par\n|move|p2b: Arcanine|Flare Blitz|p1b: Flutter Mane\n|-crit|p1b: Flutter Mane\n|-end|p1b: Flutter Mane|Substitute\n|-damage|p2b: Arcanine|34\/100 par|[from] Recoil|[of] p1b: Flutter Mane\n|\n|upkeep\n|\n|t:|1683108753\n|switch|p2a: Annihilape|Annihilape, L50, M|100\/100\n|turn|3\n|\n|t:|1683108773\n|move|p1b: Flutter Mane|Protect|p1b: Flutter Mane\n|-singleturn|p1b: Flutter Mane|Protect\n|move|p2a: Annihilape|Protect|p2a: Annihilape\n|-singleturn|p2a: Annihilape|Protect\n|move|p2b: Arcanine|Extreme Speed|p1a: Gyarados\n|-damage|p1a: Gyarados|0 fnt\n|faint|p1a: Gyarados\n|\n|upkeep\n|\n|t:|1683108789\n|switch|p1a: Chi-Yu|Chi-Yu, L50|100\/100\n|-ability|p1a: Chi-Yu|Beads of Ruin\n|turn|4\n|\n|t:|1683108829\n|-terastallize|p2a: Annihilape|Water\n|move|p1b: Flutter Mane|Shadow Ball|p2a: Annihilape\n|-damage|p2a: Annihilape|59\/100\n|move|p1a: Chi-Yu|Heat Wave|p2b: Arcanine|[spread] p2a,p2b\n|-resisted|p2a: Annihilape\n|-resisted|p2b: Arcanine\n|-damage|p2a: Annihilape|29\/100\n|-damage|p2b: Arcanine|11\/100 par\n|-enditem|p2a: Annihilape|Sitrus Berry|[eat]\n|-heal|p2a: Annihilape|54\/100|[from] item: Sitrus Berry\n|move|p2a: Annihilape|Rage Fist|p1b: Flutter Mane\n|-supereffective|p1b: Flutter Mane\n|-damage|p1b: Flutter Mane|0 fnt\n|faint|p1b: Flutter Mane\n|-end|p1b: Flutter Mane|Protosynthesis|[silent]\n|cant|p2b: Arcanine|par\n|\n|upkeep\n|\n|t:|1683108847\n|switch|p1b: Orthworm|Orthworm, L50, M, tera:Fire|37\/100\n|turn|5\n|\n|t:|1683108865\n|switch|p2b: Maushold|Maushold-Four, L50|100\/100\n|move|p1a: Chi-Yu|Heat Wave|p2a: Annihilape|[spread] p2a,p2b\n|-resisted|p2a: Annihilape\n|-damage|p2a: Annihilape|31\/100\n|-damage|p2b: Maushold|25\/100\n|move|p2a: Annihilape|Drain Punch|p1a: Chi-Yu\n|-supereffective|p1a: Chi-Yu\n|-damage|p1a: Chi-Yu|2\/100\n|-heal|p2a: Annihilape|70\/100|[from] drain|[of] p1a: Chi-Yu\n|move|p1b: Orthworm|Body Press|p2a: Annihilape\n|-damage|p2a: Annihilape|50\/100\n|\n|-heal|p1b: Orthworm|43\/100|[from] item: Leftovers\n|upkeep\n|turn|6\n|\n|t:|1683108886\n|move|p2b: Maushold|Follow Me|p2b: Maushold\n|-singleturn|p2b: Maushold|move: Follow Me\n|move|p1a: Chi-Yu|Heat Wave|p2b: Maushold|[spread] p2a,p2b\n|-resisted|p2a: Annihilape\n|-damage|p2a: Annihilape|25\/100\n|-damage|p2b: Maushold|0 fnt\n|faint|p2b: Maushold\n|move|p2a: Annihilape|Rage Fist|p1b: Orthworm\n|-damage|p1b: Orthworm|0 fnt\n|faint|p1b: Orthworm\n|\n|upkeep\n|\n|t:|1683108896\n|switch|p2b: Arcanine|Arcanine, L50, M|11\/100 par\n|-ability|p2b: Arcanine|Intimidate|boost\n|-unboost|p1a: Chi-Yu|atk|1\n|turn|7\n|\n|t:|1683108907\n|cant|p2b: Arcanine|par\n|move|p1a: Chi-Yu|Heat Wave|p2a: Annihilape|[spread] p2a,p2b\n|-resisted|p2a: Annihilape\n|-resisted|p2b: Arcanine\n|-damage|p2a: Annihilape|0 fnt\n|-damage|p2b: Arcanine|0 fnt\n|faint|p2a: Annihilape\n|faint|p2b: Arcanine\n|\n|win|Jscoot12\n|raw|Jscoot12's rating: 1234 → 1264<\/strong> (+30 for winning)\n|raw|Gubi1994's rating: 1302 → 1278<\/strong> (-24 for losing)\n","uploadtime":1683108917,"views":18,"p1id":"jscoot12","p2id":"gubi1994","formatid":"gen9vgc2023regulationc","rating":1264,"private":0,"password":""}