{"id":"gen9vgc2023regulationc-1852260686","p1":"DerrickSenpaiTM","p2":"AnyRandomPerson","format":"[Gen 9] VGC 2023 Regulation C","log":"|j|\u2606DerrickSenpaiTM\n|j|\u2606AnyRandomPerson\n|t:|1682537721\n|gametype|doubles\n|player|p1|DerrickSenpaiTM|raihan|1337\n|player|p2|AnyRandomPerson|scientist-gen4dp|1278\n|teamsize|p1|6\n|teamsize|p2|5\n|gen|9\n|tier|[Gen 9] VGC 2023 Regulation C\n|rated|\n|rule|Species Clause: Limit one of each Pok\u00e9mon\n|rule|Item Clause: Limit one of each item\n|clearpoke\n|poke|p1|Chien-Pao, L50|\n|poke|p1|Amoonguss, L50, M|\n|poke|p1|Arcanine, L50, M|\n|poke|p1|Dragapult, L50, M|\n|poke|p1|Ting-Lu, L50|\n|poke|p1|Iron Bundle, L50|\n|poke|p2|Wo-Chien, L50|\n|poke|p2|Glimmora, L50, M|\n|poke|p2|Gothitelle, L50, F|\n|poke|p2|Flutter Mane, L50|\n|poke|p2|Palafin, L50, F|\n|teampreview|4\n|inactive|Battle timer is ON: inactive players will automatically lose when time's up. (requested by DerrickSenpaiTM)\n|\n|t:|1682537753\n|start\n|switch|p1a: Iron Bundle|Iron Bundle, L50|100\/100\n|switch|p1b: Dragapult|Dragapult, L50, M|100\/100\n|switch|p2a: Gothitelle|Gothitelle, L50, F|100\/100\n|switch|p2b: Wo-Chien|Wo-Chien, L50|100\/100\n|-ability|p2b: Wo-Chien|Tablets of Ruin\n|-enditem|p1a: Iron Bundle|Booster Energy\n|-activate|p1a: Iron Bundle|ability: Quark Drive|[fromitem]\n|-start|p1a: Iron Bundle|quarkdrivespe\n|turn|1\n|\n|t:|1682537771\n|move|p2a: Gothitelle|Fake Out|p1a: Iron Bundle\n|-damage|p1a: Iron Bundle|94\/100\n|cant|p1a: Iron Bundle|flinch\n|move|p1b: Dragapult|Phantom Force||[still]\n|-prepare|p1b: Dragapult|Phantom Force\n|move|p2b: Wo-Chien|Leech Seed|p1a: Iron Bundle\n|-start|p1a: Iron Bundle|move: Leech Seed\n|\n|-damage|p1a: Iron Bundle|82\/100|[from] Leech Seed|[of] p2b: Wo-Chien\n|upkeep\n|turn|2\n|\n|t:|1682537785\n|switch|p2a: Glimmora|Glimmora, L50, M|100\/100\n|move|p2b: Wo-Chien|Protect|p2b: Wo-Chien\n|-singleturn|p2b: Wo-Chien|Protect\n|move|p1a: Iron Bundle|Freeze-Dry|p2b: Wo-Chien\n|-activate|p2b: Wo-Chien|move: Protect\n|move|p1b: Dragapult|Phantom Force|p2a: Glimmora|[from]lockedmove\n|-damage|p2a: Glimmora|53\/100\n|-damage|p1b: Dragapult|84\/100|[from] item: Rocky Helmet|[of] p2a: Glimmora\n|-activate|p2a: Glimmora|ability: Toxic Debris\n|-sidestart|p1: DerrickSenpaiTM|move: Toxic Spikes\n|-damage|p1b: Dragapult|74\/100|[from] item: Life Orb\n|\n|-damage|p1a: Iron Bundle|70\/100|[from] Leech Seed|[of] p2b: Wo-Chien\n|upkeep\n|turn|3\n|\n|t:|1682537807\n|switch|p2b: Gothitelle|Gothitelle, L50, F|100\/100\n|-terastallize|p1b: Dragapult|Dragon\n|move|p1a: Iron Bundle|Freeze-Dry|p2b: Gothitelle\n|-damage|p2b: Gothitelle|75\/100\n|move|p1b: Dragapult|Dragon Darts|p2a: Glimmora\n|-damage|p2a: Glimmora|6\/100\n|-activate|p2a: Glimmora|ability: Toxic Debris\n|-sidestart|p1: DerrickSenpaiTM|move: Toxic Spikes\n|-anim|p1b: Dragapult|Dragon Darts|p2b: Gothitelle\n|-damage|p2b: Gothitelle|28\/100\n|-enditem|p2b: Gothitelle|Sitrus Berry|[eat]\n|-heal|p2b: Gothitelle|52\/100|[from] item: Sitrus Berry\n|-damage|p1b: Dragapult|64\/100|[from] item: Life Orb\n|move|p2a: Glimmora|Mortal Spin|p1b: Dragapult|[spread] p1a,p1b\n|-damage|p1a: Iron Bundle|63\/100\n|-damage|p1b: Dragapult|58\/100\n|-status|p1a: Iron Bundle|psn\n|-status|p1b: Dragapult|psn\n|\n|-damage|p1a: Iron Bundle|51\/100 psn|[from] Leech Seed|[of] p2b: Gothitelle\n|-heal|p2b: Gothitelle|62\/100|[silent]\n|-damage|p1a: Iron Bundle|39\/100 psn|[from] psn\n|-damage|p1b: Dragapult|46\/100 psn|[from] psn\n|upkeep\n|turn|4\n|inactive|DerrickSenpaiTM has 30 seconds left.\n|inactive|AnyRandomPerson has 30 seconds left.\n|\n|t:|1682537839\n|move|p2b: Gothitelle|Fake Out|p1b: Dragapult\n|-damage|p1b: Dragapult|37\/100 psn\n|move|p1a: Iron Bundle|Icy Wind|p2b: Gothitelle|[spread] p2a,p2b\n|-damage|p2a: Glimmora|0 fnt\n|-damage|p2b: Gothitelle|47\/100\n|-unboost|p2b: Gothitelle|spe|1\n|faint|p2a: Glimmora\n|cant|p1b: Dragapult|flinch\n|\n|-damage|p1a: Iron Bundle|26\/100 psn|[from] Leech Seed|[of] p2b: Gothitelle\n|-heal|p2b: Gothitelle|56\/100|[silent]\n|-damage|p1a: Iron Bundle|14\/100 psn|[from] psn\n|-damage|p1b: Dragapult|24\/100 psn|[from] psn\n|upkeep\n|\n|t:|1682537848\n|switch|p2a: Wo-Chien|Wo-Chien, L50|100\/100\n|-ability|p2a: Wo-Chien|Tablets of Ruin\n|turn|5\n|\n|t:|1682537863\n|move|p2a: Wo-Chien|Protect|p2a: Wo-Chien\n|-singleturn|p2a: Wo-Chien|Protect\n|move|p2b: Gothitelle|Protect|p2b: Gothitelle\n|-singleturn|p2b: Gothitelle|Protect\n|move|p1a: Iron Bundle|Freeze-Dry|p2a: Wo-Chien\n|-activate|p2a: Wo-Chien|move: Protect\n|move|p1b: Dragapult|Phantom Force||[still]\n|-prepare|p1b: Dragapult|Phantom Force\n|\n|-damage|p1a: Iron Bundle|2\/100 psn|[from] Leech Seed|[of] p2b: Gothitelle\n|-heal|p2b: Gothitelle|65\/100|[silent]\n|-damage|p1a: Iron Bundle|0 fnt|[from] psn\n|faint|p1a: Iron Bundle\n|-end|p1a: Iron Bundle|Quark Drive|[silent]\n|-damage|p1b: Dragapult|12\/100 psn|[from] psn\n|upkeep\n|\n|t:|1682537883\n|switch|p1a: Chien-Pao|Chien-Pao, L50|100\/100\n|-status|p1a: Chien-Pao|tox\n|-ability|p1a: Chien-Pao|Sword of Ruin\n|turn|6\n|\n|t:|1682537896\n|switch|p2b: Flutter Mane|Flutter Mane, L50|100\/100\n|-terastallize|p2a: Wo-Chien|Dark\n|move|p1b: Dragapult|Phantom Force|p2b: Flutter Mane|[from]lockedmove\n|-supereffective|p2b: Flutter Mane\n|-enditem|p2b: Flutter Mane|Focus Sash\n|-damage|p2b: Flutter Mane|1\/100\n|-damage|p1b: Dragapult|2\/100 psn|[from] item: Life Orb\n|move|p1a: Chien-Pao|Ice Spinner|p2a: Wo-Chien\n|-damage|p2a: Wo-Chien|61\/100\n|move|p2a: Wo-Chien|Leech Seed|p1a: Chien-Pao\n|-start|p1a: Chien-Pao|move: Leech Seed\n|\n|-heal|p2a: Wo-Chien|67\/100|[from] item: Leftovers\n|-damage|p1a: Chien-Pao|88\/100 tox|[from] Leech Seed|[of] p2a: Wo-Chien\n|-heal|p2a: Wo-Chien|77\/100|[silent]\n|-damage|p1b: Dragapult|0 fnt|[from] psn\n|faint|p1b: Dragapult\n|-damage|p1a: Chien-Pao|82\/100 tox|[from] psn\n|upkeep\n|\n|t:|1682537919\n|switch|p1b: Ting-Lu|Ting-Lu, L50|100\/100\n|-status|p1b: Ting-Lu|tox\n|-ability|p1b: Ting-Lu|Vessel of Ruin\n|turn|7\n|\n|t:|1682537937\n|move|p2b: Flutter Mane|Protect|p2b: Flutter Mane\n|-singleturn|p2b: Flutter Mane|Protect\n|move|p2a: Wo-Chien|Protect|p2a: Wo-Chien\n|-singleturn|p2a: Wo-Chien|Protect\n|move|p1a: Chien-Pao|Sucker Punch||[still]\n|-fail|p1a: Chien-Pao\n|move|p1b: Ting-Lu|Rock Slide|p2b: Flutter Mane|[spread] \n|-activate|p2a: Wo-Chien|move: Protect\n|-activate|p2b: Flutter Mane|move: Protect\n|\n|-heal|p2a: Wo-Chien|83\/100|[from] item: Leftovers\n|-damage|p1a: Chien-Pao|70\/100 tox|[from] Leech Seed|[of] p2a: Wo-Chien\n|-heal|p2a: Wo-Chien|93\/100|[silent]\n|-damage|p1a: Chien-Pao|59\/100 tox|[from] psn\n|-damage|p1b: Ting-Lu|94\/100 tox|[from] psn\n|upkeep\n|turn|8\n|inactive|DerrickSenpaiTM has 30 seconds left.\n|\n|t:|1682537969\n|-end|p2b: Flutter Mane|Protosynthesis|[silent]\n|switch|p2b: Gothitelle|Gothitelle, L50, F|65\/100\n|move|p1a: Chien-Pao|Protect|p1a: Chien-Pao\n|-singleturn|p1a: Chien-Pao|Protect\n|move|p2a: Wo-Chien|Ruination|p1b: Ting-Lu\n|-damage|p1b: Ting-Lu|47\/100 tox\n|move|p1b: Ting-Lu|Earthquake|p2a: Wo-Chien|[spread] p2a,p2b\n|-activate|p1a: Chien-Pao|move: Protect\n|-damage|p2a: Wo-Chien|57\/100\n|-damage|p2b: Gothitelle|24\/100\n|\n|-heal|p2a: Wo-Chien|62\/100|[from] item: Leftovers\n|-damage|p1a: Chien-Pao|46\/100 tox|[from] Leech Seed|[of] p2a: Wo-Chien\n|-heal|p2a: Wo-Chien|72\/100|[silent]\n|-damage|p1a: Chien-Pao|29\/100 tox|[from] psn\n|-damage|p1b: Ting-Lu|35\/100 tox|[from] psn\n|upkeep\n|turn|9\n|\n|t:|1682537994\n|move|p2b: Gothitelle|Fake Out|p1a: Chien-Pao\n|-damage|p1a: Chien-Pao|22\/100 tox\n|cant|p1a: Chien-Pao|flinch\n|move|p2a: Wo-Chien|Leech Seed|p1b: Ting-Lu\n|-start|p1b: Ting-Lu|move: Leech Seed\n|move|p1b: Ting-Lu|Heavy Slam|p2a: Wo-Chien\n|-damage|p2a: Wo-Chien|35\/100\n|\n|-heal|p2a: Wo-Chien|40\/100|[from] item: Leftovers\n|-damage|p1a: Chien-Pao|10\/100 tox|[from] Leech Seed|[of] p2a: Wo-Chien\n|-heal|p2a: Wo-Chien|50\/100|[silent]\n|-damage|p1b: Ting-Lu|23\/100 tox|[from] Leech Seed|[of] p2a: Wo-Chien\n|-heal|p2a: Wo-Chien|67\/100|[silent]\n|-damage|p1a: Chien-Pao|0 fnt|[from] psn\n|faint|p1a: Chien-Pao\n|-damage|p1b: Ting-Lu|5\/100 tox|[from] psn\n|upkeep\n|turn|10\n|-message|DerrickSenpaiTM forfeited.\n|\n|win|AnyRandomPerson\n|raw|DerrickSenpaiTM's rating: 1337 → 1314<\/strong> (-23 for losing)\n|raw|AnyRandomPerson's rating: 1278 → 1307<\/strong> (+29 for winning)\n|l|\u2606DerrickSenpaiTM\n","uploadtime":1682538023,"views":10,"p1id":"derricksenpaitm","p2id":"anyrandomperson","formatid":"gen9vgc2023regulationc","rating":1307,"private":0,"password":""}