{"id":"gen9vgc2023regulationc-1855212961","p1":"Kim Wexler Gaming","p2":"Bolta1","format":"[Gen 9] VGC 2023 Regulation C","log":"|j|\u2606Kim Wexler Gaming\n|j|\u2606Bolta1\n|t:|1682916074\n|gametype|doubles\n|player|p1|Kim Wexler Gaming|penny|1151\n|player|p2|Bolta1|266|1200\n|teamsize|p1|6\n|teamsize|p2|6\n|gen|9\n|tier|[Gen 9] VGC 2023 Regulation C\n|rated|\n|rule|Species Clause: Limit one of each Pok\u00e9mon\n|rule|Item Clause: Limit one of each item\n|clearpoke\n|poke|p1|Indeedee, L50, M|\n|poke|p1|Armarouge, L50, F|\n|poke|p1|Flutter Mane, L50|\n|poke|p1|Drednaw, L50, F|\n|poke|p1|Chien-Pao, L50|\n|poke|p1|Dragonite, L50, F|\n|poke|p2|Lycanroc-Midnight, L50, M|\n|poke|p2|Medicham, L50, M|\n|poke|p2|Dondozo, L50, M|\n|poke|p2|Tatsugiri-Stretchy, L50, F|\n|poke|p2|Mimikyu, L50, M|\n|poke|p2|Ting-Lu, L50|\n|teampreview|4\n|inactive|Battle timer is ON: inactive players will automatically lose when time's up. (requested by Kim Wexler Gaming)\n|c|\u2606Kim Wexler Gaming|Good luck, have fun.\n|inactive|Bolta1 has 60 seconds left.\n|\n|t:|1682916109\n|start\n|switch|p1a: INFERIOR|Indeedee, L50, M|100\/100\n|switch|p1b: Betrayal Upgrade|Armarouge, L50, F|100\/100\n|switch|p2a: Medicham|Medicham, L50, M|100\/100\n|switch|p2b: Lycanroc|Lycanroc-Midnight, L50, M|100\/100\n|-fieldstart|move: Psychic Terrain|[from] ability: Psychic Surge|[of] p1a: INFERIOR\n|turn|1\n|inactive|Bolta1 has 30 seconds left.\n|\n|t:|1682916143\n|move|p1b: Betrayal Upgrade|Endure|p1b: Betrayal Upgrade\n|-singleturn|p1b: Betrayal Upgrade|move: Endure\n|move|p1a: INFERIOR|Dazzling Gleam|p2b: Lycanroc|[spread] p2a,p2b\n|-supereffective|p2a: Medicham\n|-damage|p2a: Medicham|28\/100\n|-damage|p2b: Lycanroc|69\/100\n|-damage|p1a: INFERIOR|91\/100|[from] item: Life Orb\n|move|p2a: Medicham|Skill Swap|p2b: Lycanroc\n|-activate|p2a: Medicham|move: Skill Swap|||[of] p2b: Lycanroc\n|move|p2b: Lycanroc|Rock Slide|p1a: INFERIOR|[spread] p1a,p1b\n|-supereffective|p1b: Betrayal Upgrade\n|-crit|p1b: Betrayal Upgrade\n|-damage|p1a: INFERIOR|0 fnt\n|-activate|p1b: Betrayal Upgrade|move: Endure\n|-damage|p1b: Betrayal Upgrade|1\/100\n|-ability|p1b: Betrayal Upgrade|Weak Armor|boost\n|-unboost|p1b: Betrayal Upgrade|def|1\n|-boost|p1b: Betrayal Upgrade|spe|2\n|-enditem|p1b: Betrayal Upgrade|Weakness Policy\n|-boost|p1b: Betrayal Upgrade|atk|2|[from] item: Weakness Policy\n|-boost|p1b: Betrayal Upgrade|spa|2|[from] item: Weakness Policy\n|faint|p1a: INFERIOR\n|\n|upkeep\n|\n|t:|1682916159\n|switch|p1a: Esmerelda|Flutter Mane, L50|100\/100\n|-enditem|p1a: Esmerelda|Booster Energy\n|-activate|p1a: Esmerelda|ability: Protosynthesis|[fromitem]\n|-start|p1a: Esmerelda|protosynthesisspa\n|turn|2\n|inactive|Bolta1 has 30 seconds left.\n|inactive|Bolta1 has 20 seconds left.\n|inactive|Bolta1 has 15 seconds left.\n|inactive|Bolta1 has 10 seconds left.\n|\n|t:|1682916205\n|move|p2a: Medicham|Detect|p2a: Medicham\n|-singleturn|p2a: Medicham|Protect\n|move|p1b: Betrayal Upgrade|Expanding Force|p2b: Lycanroc|[spread] p2b\n|-activate|p2a: Medicham|move: Protect\n|-damage|p2b: Lycanroc|0 fnt\n|faint|p2b: Lycanroc\n|move|p1a: Esmerelda|Moonblast|p2a: Medicham\n|-activate|p2a: Medicham|move: Protect\n|\n|upkeep\n|\n|t:|1682916218\n|switch|p2b: Dondozo|Dondozo, L50, M|100\/100\n|turn|3\n|\n|t:|1682916239\n|switch|p2a: Tatsugiri|Tatsugiri-Stretchy, L50, F|100\/100\n|-activate|p2a: Tatsugiri|ability: Commander|[of] p2b: Dondozo\n|-boost|p2b: Dondozo|atk|2\n|-boost|p2b: Dondozo|spa|2\n|-boost|p2b: Dondozo|spe|2\n|-boost|p2b: Dondozo|def|2\n|-boost|p2b: Dondozo|spd|2\n|-terastallize|p2b: Dondozo|Steel\n|move|p1b: Betrayal Upgrade|Expanding Force|p2b: Dondozo|[spread] p2b\n|-miss|p1b: Betrayal Upgrade|p2a: Tatsugiri\n|-resisted|p2b: Dondozo\n|-damage|p2b: Dondozo|88\/100\n|move|p1a: Esmerelda|Moonblast|p2b: Dondozo\n|-resisted|p2b: Dondozo\n|-damage|p2b: Dondozo|71\/100\n|move|p2b: Dondozo|Wave Crash|p1b: Betrayal Upgrade\n|-supereffective|p1b: Betrayal Upgrade\n|-damage|p1b: Betrayal Upgrade|0 fnt\n|faint|p1b: Betrayal Upgrade\n|-damage|p2b: Dondozo|70\/100|[from] Recoil\n|\n|-heal|p2b: Dondozo|76\/100|[from] item: Leftovers\n|upkeep\n|\n|t:|1682916244\n|switch|p1b: Tara|Chien-Pao, L50|100\/100\n|-ability|p1b: Tara|Sword of Ruin\n|turn|4\n|\n|t:|1682916258\n|move|p2b: Dondozo|Protect|p2b: Dondozo\n|-singleturn|p2b: Dondozo|Protect\n|move|p1b: Tara|Sacred Sword|p2b: Dondozo\n|-activate|p2b: Dondozo|move: Protect\n|move|p1a: Esmerelda|Mystical Fire|p2b: Dondozo\n|-activate|p2b: Dondozo|move: Protect\n|\n|-heal|p2b: Dondozo|83\/100|[from] item: Leftovers\n|upkeep\n|turn|5\n|\n|t:|1682916275\n|move|p1b: Tara|Sacred Sword|p2b: Dondozo\n|-supereffective|p2b: Dondozo\n|-damage|p2b: Dondozo|30\/100\n|move|p1a: Esmerelda|Mystical Fire|p2b: Dondozo\n|-supereffective|p2b: Dondozo\n|-damage|p2b: Dondozo|0 fnt\n|faint|p2b: Dondozo\n|\n|-fieldend|move: Psychic Terrain\n|upkeep\n|\n|t:|1682916283\n|switch|p2b: Medicham|Medicham, L50, M|28\/100\n|turn|6\n|\n|t:|1682916308\n|move|p2b: Medicham|Detect|p2b: Medicham\n|-singleturn|p2b: Medicham|Protect\n|move|p1b: Tara|Sucker Punch||[still]\n|-fail|p1b: Tara\n|move|p2a: Tatsugiri|Muddy Water|p1b: Tara|[spread] p1a,p1b\n|-damage|p1a: Esmerelda|64\/100\n|-damage|p1b: Tara|46\/100\n|-unboost|p1a: Esmerelda|accuracy|1\n|-unboost|p1b: Tara|accuracy|1\n|move|p1a: Esmerelda|Moonblast|p2a: Tatsugiri\n|-supereffective|p2a: Tatsugiri\n|-damage|p2a: Tatsugiri|0 fnt\n|faint|p2a: Tatsugiri\n|\n|upkeep\n|turn|7\n|-message|Bolta1 forfeited.\n|\n|win|Kim Wexler Gaming\n|raw|Kim Wexler Gaming's rating: 1151 → 1180<\/strong> (+29 for winning)\n|raw|Bolta1's rating: 1200 → 1171<\/strong> (-29 for losing)\n|c|\u2606Kim Wexler Gaming|G.g.w.p.\n|l|\u2606Bolta1\n","uploadtime":1682916325,"views":14,"p1id":"kimwexlergaming","p2id":"bolta1","formatid":"gen9vgc2023regulationc","rating":1171,"private":0,"password":""}