{"id":"gen9vgc2023regulationc-1859300949","p1":"marcelobg","p2":"hit my whip","format":"[Gen 9] VGC 2023 Regulation C","log":"|j|\u2606marcelobg\n|j|\u2606hit my whip\n|t:|1683430945\n|gametype|doubles\n|player|p1|marcelobg|2|1326\n|player|p2|hit my whip|acetrainerf-gen4dp|1325\n|teamsize|p1|6\n|teamsize|p2|6\n|gen|9\n|tier|[Gen 9] VGC 2023 Regulation C\n|rated|\n|rule|Species Clause: Limit one of each Pok\u00e9mon\n|rule|Item Clause: Limit one of each item\n|clearpoke\n|poke|p1|Great Tusk, L50|\n|poke|p1|Iron Bundle, L50|\n|poke|p1|Amoonguss, L50, F|\n|poke|p1|Talonflame, L50, F|\n|poke|p1|Flutter Mane, L50|\n|poke|p1|Iron Hands, L50|\n|poke|p2|Pincurchin, L50, M|\n|poke|p2|Iron Jugulis, L50|\n|poke|p2|Tyranitar, L50, M|\n|poke|p2|Iron Thorns, L50|\n|poke|p2|Iron Bundle, L50|\n|poke|p2|Lycanroc, L50, M|\n|teampreview|4\n|inactive|Battle timer is ON: inactive players will automatically lose when time's up. (requested by hit my whip)\n|inactive|marcelobg has 60 seconds left.\n|inactive|marcelobg has 30 seconds left.\n|inactive|marcelobg has 20 seconds left.\n|inactive|marcelobg has 15 seconds left.\n|\n|t:|1683431021\n|start\n|switch|p1a: Talonflame|Talonflame, L50, F|100\/100\n|switch|p1b: Iron Hands|Iron Hands, L50|100\/100\n|switch|p2a: Lycanroc|Lycanroc, L50, M|100\/100\n|switch|p2b: Tyranitar|Tyranitar, L50, M|100\/100\n|-weather|Sandstorm|[from] ability: Sand Stream|[of] p2b: Tyranitar\n|turn|1\n|inactive|marcelobg has 30 seconds left.\n|inactive|hit my whip has 30 seconds left.\n|\n|t:|1683431048\n|-terastallize|p2a: Lycanroc|Ghost\n|-terastallize|p1a: Talonflame|Ghost\n|move|p1b: Iron Hands|Fake Out|p2a: Lycanroc\n|-immune|p2a: Lycanroc\n|move|p2a: Lycanroc|Accelerock|p1a: Talonflame\n|-damage|p1a: Talonflame|79\/100\n|move|p1a: Talonflame|Will-O-Wisp|p2b: Tyranitar\n|-status|p2b: Tyranitar|brn\n|move|p2b: Tyranitar|Rock Slide|p1a: Talonflame|[spread] p1a,p1b\n|-resisted|p1b: Iron Hands\n|-damage|p1a: Talonflame|62\/100\n|-damage|p1b: Iron Hands|96\/100\n|\n|-weather|Sandstorm|[upkeep]\n|-damage|p1b: Iron Hands|90\/100|[from] Sandstorm\n|-damage|p2b: Tyranitar|94\/100 brn|[from] brn\n|upkeep\n|turn|2\n|\n|t:|1683431068\n|move|p2a: Lycanroc|Rock Slide|p1b: Iron Hands|[spread] p1a,p1b\n|-resisted|p1b: Iron Hands\n|-damage|p1a: Talonflame|33\/100\n|-damage|p1b: Iron Hands|81\/100\n|move|p1a: Talonflame|Will-O-Wisp|p2a: Lycanroc\n|-status|p2a: Lycanroc|brn\n|move|p2b: Tyranitar|Rock Slide|p1a: Talonflame|[spread] p1b\n|-miss|p2b: Tyranitar|p1a: Talonflame\n|-resisted|p1b: Iron Hands\n|-damage|p1b: Iron Hands|76\/100\n|move|p1b: Iron Hands|Drain Punch|p2a: Lycanroc\n|-immune|p2a: Lycanroc\n|\n|-weather|Sandstorm|[upkeep]\n|-damage|p1b: Iron Hands|70\/100|[from] Sandstorm\n|-damage|p2a: Lycanroc|94\/100 brn|[from] brn\n|-damage|p2b: Tyranitar|88\/100 brn|[from] brn\n|upkeep\n|turn|3\n|inactive|marcelobg has 30 seconds left.\n|\n|t:|1683431095\n|move|p2a: Lycanroc|Rock Slide|p1b: Iron Hands|[spread] p1a,p1b\n|-resisted|p1b: Iron Hands\n|-damage|p1a: Talonflame|18\/100\n|-damage|p1b: Iron Hands|66\/100\n|move|p1a: Talonflame|Tailwind|p1a: Talonflame\n|-sidestart|p1: marcelobg|move: Tailwind\n|move|p1b: Iron Hands|Drain Punch|p2b: Tyranitar\n|-supereffective|p2b: Tyranitar\n|-damage|p2b: Tyranitar|0 fnt\n|-heal|p1b: Iron Hands|100\/100|[from] drain|[of] p2b: Tyranitar\n|faint|p2b: Tyranitar\n|\n|-weather|Sandstorm|[upkeep]\n|-damage|p1b: Iron Hands|94\/100|[from] Sandstorm\n|-damage|p2a: Lycanroc|88\/100 brn|[from] brn\n|upkeep\n|\n|t:|1683431104\n|switch|p2b: Iron Bundle|Iron Bundle, L50|100\/100\n|turn|4\n|inactive|marcelobg has 30 seconds left.\n|inactive|marcelobg has 20 seconds left.\n|inactive|marcelobg has 15 seconds left.\n|inactive|marcelobg has 10 seconds left.\n|\n|t:|1683431150\n|move|p1a: Talonflame|Brave Bird|p2a: Lycanroc\n|-damage|p2a: Lycanroc|22\/100 brn\n|-damage|p1a: Talonflame|0 fnt|[from] Recoil\n|faint|p1a: Talonflame\n|move|p2a: Lycanroc|Rock Slide|p1b: Iron Hands\n|-resisted|p1b: Iron Hands\n|-damage|p1b: Iron Hands|88\/100\n|move|p2b: Iron Bundle|Ice Beam|p1b: Iron Hands\n|-damage|p1b: Iron Hands|43\/100\n|cant|p1b: Iron Hands|flinch\n|\n|-weather|Sandstorm|[upkeep]\n|-damage|p2b: Iron Bundle|94\/100|[from] Sandstorm\n|-damage|p1b: Iron Hands|37\/100|[from] Sandstorm\n|-damage|p2a: Lycanroc|16\/100 brn|[from] brn\n|upkeep\n|\n|t:|1683431171\n|switch|p1a: Iron Bundle|Iron Bundle, L50|100\/100\n|-enditem|p1a: Iron Bundle|Booster Energy\n|-activate|p1a: Iron Bundle|ability: Quark Drive|[fromitem]\n|-start|p1a: Iron Bundle|quarkdrivespe\n|turn|5\n|\n|t:|1683431185\n|move|p2a: Lycanroc|Accelerock|p1a: Iron Bundle\n|-supereffective|p1a: Iron Bundle\n|-damage|p1a: Iron Bundle|76\/100\n|move|p1a: Iron Bundle|Icy Wind|p2b: Iron Bundle|[spread] p2a,p2b\n|-resisted|p2b: Iron Bundle\n|-damage|p2a: Lycanroc|0 fnt\n|-damage|p2b: Iron Bundle|84\/100\n|-unboost|p2b: Iron Bundle|spe|1\n|faint|p2a: Lycanroc\n|move|p1b: Iron Hands|Wild Charge|p2b: Iron Bundle\n|-supereffective|p2b: Iron Bundle\n|-damage|p2b: Iron Bundle|0 fnt\n|faint|p2b: Iron Bundle\n|-end|p2b: Iron Bundle|Quark Drive|[silent]\n|-damage|p1b: Iron Hands|26\/100|[from] Recoil\n|\n|-weather|none\n|upkeep\n|\n|t:|1683431194\n|switch|p2b: ROBOT ROCK|Iron Thorns, L50|100\/100\n|turn|6\n|\n|t:|1683431215\n|move|p2b: ROBOT ROCK|Protect|p2b: ROBOT ROCK\n|-singleturn|p2b: ROBOT ROCK|Protect\n|move|p1a: Iron Bundle|Hydro Pump|p2b: ROBOT ROCK\n|-activate|p2b: ROBOT ROCK|move: Protect\n|move|p1b: Iron Hands|Drain Punch|p2b: ROBOT ROCK\n|-activate|p2b: ROBOT ROCK|move: Protect\n|\n|-sideend|p1: marcelobg|move: Tailwind\n|upkeep\n|turn|7\n|\n|t:|1683431236\n|-end|p1a: Iron Bundle|Quark Drive|[silent]\n|switch|p1a: Great Tusk|Great Tusk, L50|100\/100\n|move|p2b: ROBOT ROCK|Rock Slide|p1b: Iron Hands|[spread] p1a,p1b\n|-resisted|p1a: Great Tusk\n|-resisted|p1b: Iron Hands\n|-damage|p1a: Great Tusk|94\/100\n|-damage|p1b: Iron Hands|13\/100\n|-damage|p2b: ROBOT ROCK|91\/100|[from] item: Life Orb\n|move|p1b: Iron Hands|Drain Punch|p2b: ROBOT ROCK\n|-supereffective|p2b: ROBOT ROCK\n|-damage|p2b: ROBOT ROCK|9\/100\n|-heal|p1b: Iron Hands|46\/100|[from] drain|[of] p2b: ROBOT ROCK\n|\n|upkeep\n|turn|8\n|\n|t:|1683431250\n|move|p1a: Great Tusk|Headlong Rush|p2b: ROBOT ROCK\n|-supereffective|p2b: ROBOT ROCK\n|-damage|p2b: ROBOT ROCK|0 fnt\n|-unboost|p1a: Great Tusk|def|1\n|-unboost|p1a: Great Tusk|spd|1\n|faint|p2b: ROBOT ROCK\n|-end|p2b: ROBOT ROCK|Quark Drive|[silent]\n|\n|win|marcelobg\n|raw|marcelobg's rating: 1326 → 1346<\/strong> (+20 for winning)\n|raw|hit my whip's rating: 1325 → 1305<\/strong> (-20 for losing)\n|l|\u2606hit my whip\n","uploadtime":1683431260,"views":11,"p1id":"marcelobg","p2id":"hitmywhip","formatid":"gen9vgc2023regulationc","rating":1305,"private":0,"password":""}