{"id":"gen9vgc2023regulationc-1846644289","p1":"HotcocoSSBU","p2":"RoryRemi'sdad14","format":"[Gen 9] VGC 2023 Regulation C","log":"|j|\u2606HotcocoSSBU\n|j|\u2606RoryRemi'sdad14\n|t:|1681860866\n|gametype|doubles\n|player|p1|HotcocoSSBU|veteran|1144\n|player|p2|RoryRemi'sdad14|2|1195\n|teamsize|p1|6\n|teamsize|p2|6\n|gen|9\n|tier|[Gen 9] VGC 2023 Regulation C\n|rated|\n|rule|Species Clause: Limit one of each Pok\u00e9mon\n|rule|Item Clause: Limit one of each item\n|clearpoke\n|poke|p1|Gyarados, L50, M|\n|poke|p1|Tyranitar, L50, M|\n|poke|p1|Klefki, L50, F|\n|poke|p1|Corviknight, L50, F|\n|poke|p1|Dragapult, L50, M|\n|poke|p1|Wo-Chien, L50|\n|poke|p2|Ting-Lu, L50|\n|poke|p2|Flutter Mane, L50|\n|poke|p2|Garchomp, L50, M|\n|poke|p2|Grimmsnarl, L50, M|\n|poke|p2|Gyarados, L50, M|\n|poke|p2|Palafin, L50, F|\n|teampreview|4\n|\n|t:|1681860892\n|start\n|switch|p1a: Kill me|Klefki, L50, F, shiny|100\/100\n|switch|p1b: The Dark Knight|Corviknight, L50, F|100\/100\n|switch|p2a: Palafin|Palafin, L50, F|100\/100\n|switch|p2b: Grimmsnarl|Grimmsnarl, L50, M|100\/100\n|turn|1\n|\n|t:|1681860913\n|detailschange|p2a: Palafin|Palafin-Hero, L50, F\n|switch|p2a: Ting-Lu|Ting-Lu, L50|100\/100\n|-ability|p2a: Ting-Lu|Vessel of Ruin\n|move|p1a: Kill me|Reflect|p1a: Kill me\n|-sidestart|p1: HotcocoSSBU|Reflect\n|move|p2b: Grimmsnarl|Reflect|p2b: Grimmsnarl\n|-sidestart|p2: RoryRemi'sdad14|Reflect\n|move|p1b: The Dark Knight|Taunt|p2b: Grimmsnarl\n|-start|p2b: Grimmsnarl|move: Taunt\n|\n|upkeep\n|turn|2\n|\n|t:|1681860936\n|switch|p1a: No more fun|Gyarados, L50, M, shiny|100\/100\n|-ability|p1a: No more fun|Intimidate|boost\n|-unboost|p2a: Ting-Lu|atk|1\n|-unboost|p2b: Grimmsnarl|atk|1\n|switch|p2b: Palafin|Palafin-Hero, L50, F|100\/100\n|-activate|p2b: Palafin|ability: Zero to Hero\n|move|p1b: The Dark Knight|Iron Head|p2a: Ting-Lu\n|-damage|p2a: Ting-Lu|91\/100\n|cant|p2a: Ting-Lu|flinch\n|\n|upkeep\n|turn|3\n|\n|t:|1681860962\n|-terastallize|p2b: Palafin|Water\n|move|p2b: Palafin|Jet Punch|p1b: The Dark Knight\n|-damage|p1b: The Dark Knight|68\/100\n|-damage|p2b: Palafin|84\/100|[from] item: Rocky Helmet|[of] p1b: The Dark Knight\n|move|p1a: No more fun|Thunder Wave|p2b: Palafin\n|-status|p2b: Palafin|par\n|move|p1b: The Dark Knight|Iron Head|p2a: Ting-Lu\n|-damage|p2a: Ting-Lu|82\/100\n|move|p2a: Ting-Lu|Ruination|p1a: No more fun\n|-damage|p1a: No more fun|50\/100\n|\n|upkeep\n|turn|4\n|\n|t:|1681860990\n|switch|p2a: Garchomp|Garchomp, L50, M|100\/100\n|move|p1a: No more fun|Iron Head|p2b: Palafin\n|-resisted|p2b: Palafin\n|-damage|p2b: Palafin|77\/100 par\n|move|p1b: The Dark Knight|Iron Head|p2a: Garchomp\n|-damage|p2a: Garchomp|85\/100\n|-damage|p1b: The Dark Knight|56\/100|[from] ability: Rough Skin|[of] p2a: Garchomp\n|cant|p2b: Palafin|flinch\n|\n|upkeep\n|turn|5\n|\n|t:|1681861019\n|move|p2b: Palafin|Jet Punch|p1b: The Dark Knight\n|-damage|p1b: The Dark Knight|25\/100\n|-damage|p2b: Palafin|61\/100 par|[from] item: Rocky Helmet|[of] p1b: The Dark Knight\n|move|p2a: Garchomp|Rock Slide|p1a: No more fun|[spread] p1b\n|-miss|p2a: Garchomp|p1a: No more fun\n|-damage|p1b: The Dark Knight|17\/100\n|move|p1a: No more fun|Waterfall|p2a: Garchomp\n|-damage|p2a: Garchomp|61\/100\n|-damage|p1a: No more fun|38\/100|[from] ability: Rough Skin|[of] p2a: Garchomp\n|cant|p1b: The Dark Knight|flinch\n|\n|upkeep\n|turn|6\n|\n|t:|1681861042\n|move|p1a: No more fun|Protect|p1a: No more fun\n|-singleturn|p1a: No more fun|Protect\n|cant|p2b: Palafin|par\n|move|p2a: Garchomp|Rock Slide|p1b: The Dark Knight|[spread] p1b\n|-activate|p1a: No more fun|move: Protect\n|-damage|p1b: The Dark Knight|9\/100\n|move|p1b: The Dark Knight|Tailwind|p1b: The Dark Knight\n|-sidestart|p1: HotcocoSSBU|move: Tailwind\n|\n|upkeep\n|turn|7\n|\n|t:|1681861062\n|switch|p1b: Lorax|Wo-Chien, L50|100\/100\n|-ability|p1b: Lorax|Tablets of Ruin\n|move|p2b: Palafin|Jet Punch|p1b: Lorax\n|-resisted|p1b: Lorax\n|-damage|p1b: Lorax|89\/100\n|move|p1a: No more fun|Iron Head|p2a: Garchomp\n|-damage|p2a: Garchomp|49\/100\n|-damage|p1a: No more fun|26\/100|[from] ability: Rough Skin|[of] p2a: Garchomp\n|move|p2a: Garchomp|Rock Slide|p1b: Lorax|[spread] p1a,p1b\n|-supereffective|p1a: No more fun\n|-damage|p1a: No more fun|11\/100\n|-damage|p1b: Lorax|82\/100\n|\n|-heal|p1b: Lorax|89\/100|[from] item: Leftovers\n|upkeep\n|turn|8\n|\n|t:|1681861084\n|switch|p1a: Kill me|Klefki, L50, F, shiny|100\/100\n|move|p2b: Palafin|Jet Punch|p1a: Kill me\n|-damage|p1a: Kill me|71\/100\n|move|p1b: Lorax|Leech Seed|p2a: Garchomp\n|-start|p2a: Garchomp|move: Leech Seed\n|move|p2a: Garchomp|Brick Break|p1b: Lorax\n|-sideend|p1: HotcocoSSBU|Reflect\n|-supereffective|p1b: Lorax\n|-damage|p1b: Lorax|59\/100\n|\n|-heal|p1b: Lorax|66\/100|[from] item: Leftovers\n|-damage|p2a: Garchomp|36\/100|[from] Leech Seed|[of] p1b: Lorax\n|-heal|p1b: Lorax|78\/100|[silent]\n|-sideend|p2: RoryRemi'sdad14|Reflect\n|upkeep\n|turn|9\n|\n|t:|1681861101\n|move|p2b: Palafin|Protect|p2b: Palafin\n|-singleturn|p2b: Palafin|Protect\n|move|p1a: Kill me|Reflect|p1a: Kill me\n|-sidestart|p1: HotcocoSSBU|Reflect\n|move|p1b: Lorax|Leech Seed|p2b: Palafin\n|-activate|p2b: Palafin|move: Protect\n|move|p2a: Garchomp|Earthquake|p1b: Lorax|[spread] p1a,p1b\n|-activate|p2b: Palafin|move: Protect\n|-supereffective|p1a: Kill me\n|-resisted|p1b: Lorax\n|-damage|p1a: Kill me|36\/100\n|-damage|p1b: Lorax|71\/100\n|\n|-heal|p1b: Lorax|77\/100|[from] item: Leftovers\n|-damage|p2a: Garchomp|24\/100|[from] Leech Seed|[of] p1b: Lorax\n|-heal|p1b: Lorax|89\/100|[silent]\n|-sideend|p1: HotcocoSSBU|move: Tailwind\n|upkeep\n|turn|10\n|\n|t:|1681861119\n|switch|p1a: The Dark Knight|Corviknight, L50, F|9\/100\n|move|p2a: Garchomp|Brick Break|p1b: Lorax\n|-sideend|p1: HotcocoSSBU|Reflect\n|-supereffective|p1b: Lorax\n|-damage|p1b: Lorax|62\/100\n|move|p1b: Lorax|Giga Drain|p2b: Palafin\n|-supereffective|p2b: Palafin\n|-damage|p2b: Palafin|11\/100 par\n|-heal|p1b: Lorax|89\/100|[from] drain|[of] p2b: Palafin\n|move|p2b: Palafin|Ice Punch|p1b: Lorax\n|-supereffective|p1b: Lorax\n|-damage|p1b: Lorax|48\/100\n|\n|-heal|p1b: Lorax|55\/100|[from] item: Leftovers\n|-damage|p2a: Garchomp|11\/100|[from] Leech Seed|[of] p1b: Lorax\n|-heal|p1b: Lorax|67\/100|[silent]\n|upkeep\n|turn|11\n|\n|t:|1681861140\n|move|p2b: Palafin|Jet Punch|p1a: The Dark Knight\n|-damage|p1a: The Dark Knight|0 fnt\n|-damage|p2b: Palafin|0 fnt|[from] item: Rocky Helmet|[of] p1a: The Dark Knight\n|faint|p1a: The Dark Knight\n|faint|p2b: Palafin\n|move|p2a: Garchomp|Brick Break|p1b: Lorax\n|-supereffective|p1b: Lorax\n|-damage|p1b: Lorax|40\/100\n|move|p1b: Lorax|Giga Drain|p2a: Garchomp\n|-damage|p2a: Garchomp|0 fnt\n|-heal|p1b: Lorax|45\/100|[from] drain|[of] p2a: Garchomp\n|faint|p2a: Garchomp\n|\n|-heal|p1b: Lorax|51\/100|[from] item: Leftovers\n|upkeep\n|\n|t:|1681861154\n|switch|p2a: Grimmsnarl|Grimmsnarl, L50, M|100\/100\n|switch|p2b: Ting-Lu|Ting-Lu, L50|82\/100\n|switch|p1a: No more fun|Gyarados, L50, M, shiny|11\/100\n|-ability|p1a: No more fun|Intimidate|boost\n|-unboost|p2a: Grimmsnarl|atk|1\n|-unboost|p2b: Ting-Lu|atk|1\n|-ability|p2b: Ting-Lu|Vessel of Ruin\n|turn|12\n|\n|t:|1681861195\n|move|p2a: Grimmsnarl|Misty Terrain|p2a: Grimmsnarl\n|-fieldstart|move: Misty Terrain\n|move|p1a: No more fun|Thunder Wave|p2a: Grimmsnarl\n|-activate|p2a: Grimmsnarl|move: Misty Terrain\n|move|p1b: Lorax|Leech Seed|p2b: Ting-Lu\n|-start|p2b: Ting-Lu|move: Leech Seed\n|move|p2b: Ting-Lu|Heavy Slam|p1a: No more fun\n|-resisted|p1a: No more fun\n|-damage|p1a: No more fun|8\/100\n|\n|-heal|p1b: Lorax|57\/100|[from] item: Leftovers\n|-damage|p2b: Ting-Lu|69\/100|[from] Leech Seed|[of] p1b: Lorax\n|-heal|p1b: Lorax|73\/100|[silent]\n|upkeep\n|turn|13\n|\n|t:|1681861221\n|move|p1a: No more fun|Protect|p1a: No more fun\n|-singleturn|p1a: No more fun|Protect\n|move|p1b: Lorax|Leech Seed|p2a: Grimmsnarl\n|-start|p2a: Grimmsnarl|move: Leech Seed\n|move|p2a: Grimmsnarl|Spirit Break|p1a: No more fun\n|-activate|p1a: No more fun|move: Protect\n|move|p2b: Ting-Lu|Ruination|p1b: Lorax|[miss]\n|-miss|p2b: Ting-Lu|p1b: Lorax\n|\n|-heal|p1b: Lorax|80\/100|[from] item: Leftovers\n|-damage|p2a: Grimmsnarl|88\/100|[from] Leech Seed|[of] p1b: Lorax\n|-heal|p1b: Lorax|93\/100|[silent]\n|-damage|p2b: Ting-Lu|57\/100|[from] Leech Seed|[of] p1b: Lorax\n|-heal|p1b: Lorax|100\/100|[silent]\n|upkeep\n|turn|14\n|\n|t:|1681861240\n|move|p1a: No more fun|Iron Head|p2a: Grimmsnarl\n|-supereffective|p2a: Grimmsnarl\n|-damage|p2a: Grimmsnarl|55\/100\n|move|p1b: Lorax|Giga Drain|p2a: Grimmsnarl\n|-damage|p2a: Grimmsnarl|38\/100\n|cant|p2a: Grimmsnarl|flinch\n|move|p2b: Ting-Lu|Fissure|p1b: Lorax\n|-damage|p1b: Lorax|0 fnt\n|faint|p1b: Lorax\n|-ohko\n|\n|upkeep\n|\n|t:|1681861248\n|switch|p1b: Kill me|Klefki, L50, F, shiny|36\/100\n|turn|15\n|\n|t:|1681861257\n|move|p1a: No more fun|Iron Head|p2a: Grimmsnarl\n|-supereffective|p2a: Grimmsnarl\n|-damage|p2a: Grimmsnarl|0 fnt\n|faint|p2a: Grimmsnarl\n|move|p1b: Kill me|Dazzling Gleam|p2b: Ting-Lu\n|-supereffective|p2b: Ting-Lu\n|-crit|p2b: Ting-Lu\n|-damage|p2b: Ting-Lu|35\/100\n|move|p2b: Ting-Lu|Stomping Tantrum|p1b: Kill me\n|-supereffective|p1b: Kill me\n|-damage|p1b: Kill me|0 fnt\n|faint|p1b: Kill me\n|\n|upkeep\n|turn|16\n|\n|t:|1681861269\n|move|p1a: No more fun|Protect|p1a: No more fun\n|-singleturn|p1a: No more fun|Protect\n|move|p2b: Ting-Lu|Heavy Slam|p1a: No more fun\n|-activate|p1a: No more fun|move: Protect\n|\n|-fieldend|Misty Terrain\n|upkeep\n|turn|17\n|\n|t:|1681861289\n|-terastallize|p1a: No more fun|Steel\n|move|p1a: No more fun|Iron Head|p2b: Ting-Lu\n|-damage|p2b: Ting-Lu|17\/100\n|move|p2b: Ting-Lu|Heavy Slam|p1a: No more fun\n|-resisted|p1a: No more fun\n|-damage|p1a: No more fun|3\/100\n|\n|upkeep\n|turn|18\n|\n|t:|1681861297\n|move|p1a: No more fun|Iron Head|p2b: Ting-Lu\n|-damage|p2b: Ting-Lu|0 fnt\n|faint|p2b: Ting-Lu\n|\n|win|HotcocoSSBU\n|raw|HotcocoSSBU's rating: 1144 → 1173<\/strong> (+29 for winning)\n|raw|RoryRemi'sdad14's rating: 1195 → 1166<\/strong> (-29 for losing)\n|l|\u2606RoryRemi'sdad14\n","uploadtime":1681861339,"views":9,"p1id":"hotcocossbu","p2id":"roryremisdad14","formatid":"gen9vgc2023regulationc","rating":1166,"private":0,"password":""}