{"id":"gen9vgc2023regulationc-1847344106","p1":"Hadrian1917","p2":"JoaoChZ","format":"[Gen 9] VGC 2023 Regulation C","log":"|j|\u2606Hadrian1917\n|j|\u2606JoaoChZ\n|t:|1681940581\n|gametype|doubles\n|player|p1|Hadrian1917|brock|1122\n|player|p2|JoaoChZ|265|1067\n|teamsize|p1|6\n|teamsize|p2|6\n|gen|9\n|tier|[Gen 9] VGC 2023 Regulation C\n|rated|\n|rule|Species Clause: Limit one of each Pok\u00e9mon\n|rule|Item Clause: Limit one of each item\n|clearpoke\n|poke|p1|Flutter Mane, L50|\n|poke|p1|Arcanine, L50, M|\n|poke|p1|Baxcalibur, L50, M|\n|poke|p1|Ting-Lu, L50|\n|poke|p1|Gyarados, L50, M|\n|poke|p1|Amoonguss, L50, F|\n|poke|p2|Baxcalibur, L50, F|\n|poke|p2|Gyarados, L50, F|\n|poke|p2|Amoonguss, L50, M|\n|poke|p2|Flutter Mane, L50|\n|poke|p2|Talonflame, L50, F|\n|poke|p2|Great Tusk, L50|\n|teampreview|4\n|\n|t:|1681940602\n|start\n|switch|p1a: Arcanine|Arcanine, L50, M|100\/100\n|switch|p1b: Baxcalibur|Baxcalibur, L50, M|100\/100\n|switch|p2a: Baxcalibur|Baxcalibur, L50, F|100\/100\n|switch|p2b: Talonflame|Talonflame, L50, F|100\/100\n|-ability|p1a: Arcanine|Intimidate|boost\n|-fail|p2a: Baxcalibur|unboost|[from] item: Clear Amulet|[of] p2a: Baxcalibur\n|-unboost|p2b: Talonflame|atk|1\n|turn|1\n|inactive|Battle timer is ON: inactive players will automatically lose when time's up. (requested by Hadrian1917)\n|\n|t:|1681940632\n|move|p2b: Talonflame|Tailwind|p2b: Talonflame\n|-sidestart|p2: JoaoChZ|move: Tailwind\n|move|p2a: Baxcalibur|Earthquake|p1a: Arcanine|[spread] p1a,p1b\n|-immune|p2b: Talonflame\n|-supereffective|p1a: Arcanine\n|-damage|p1a: Arcanine|37\/100\n|-damage|p1b: Baxcalibur|75\/100\n|move|p1a: Arcanine|Howl|p1a: Arcanine|[spread] p1a,p1b\n|-boost|p1a: Arcanine|atk|1\n|-boost|p1b: Baxcalibur|atk|1\n|move|p1b: Baxcalibur|Icicle Crash|p2b: Talonflame\n|-damage|p2b: Talonflame|18\/100\n|\n|upkeep\n|turn|2\n|inactive|JoaoChZ has 30 seconds left.\n|\n|t:|1681940659\n|switch|p1a: Gyarados|Gyarados, L50, M|100\/100\n|-ability|p1a: Gyarados|Intimidate|boost\n|-fail|p2a: Baxcalibur|unboost|[from] item: Clear Amulet|[of] p2a: Baxcalibur\n|-unboost|p2b: Talonflame|atk|1\n|move|p1b: Baxcalibur|Ice Shard|p2b: Talonflame\n|-damage|p2b: Talonflame|0 fnt\n|faint|p2b: Talonflame\n|move|p2a: Baxcalibur|Earthquake|p1a: Gyarados|[spread] p1b\n|-immune|p1a: Gyarados\n|-damage|p1b: Baxcalibur|49\/100\n|\n|upkeep\n|\n|t:|1681940675\n|switch|p2b: Flutter Mane|Flutter Mane, L50|100\/100\n|turn|3\n|\n|t:|1681940697\n|move|p1b: Baxcalibur|Protect|p1b: Baxcalibur\n|-singleturn|p1b: Baxcalibur|Protect\n|move|p2b: Flutter Mane|Energy Ball|p1a: Gyarados\n|-damage|p1a: Gyarados|63\/100\n|move|p2a: Baxcalibur|Glaive Rush|p1b: Baxcalibur\n|-activate|p1b: Baxcalibur|move: Protect\n|move|p1a: Gyarados|Thunder Wave|p2b: Flutter Mane\n|-status|p2b: Flutter Mane|par\n|\n|upkeep\n|turn|4\n|\n|t:|1681940720\n|switch|p1b: Arcanine|Arcanine, L50, M|37\/100\n|-ability|p1b: Arcanine|Intimidate|boost\n|-fail|p2a: Baxcalibur|unboost|[from] item: Clear Amulet|[of] p2a: Baxcalibur\n|-unboost|p2b: Flutter Mane|atk|1\n|move|p2a: Baxcalibur|Glaive Rush|p1b: Arcanine\n|-damage|p1b: Arcanine|0 fnt\n|-singlemove|p2a: Baxcalibur|Glaive Rush|[silent]\n|faint|p1b: Arcanine\n|move|p2b: Flutter Mane|Energy Ball|p1a: Gyarados\n|-damage|p1a: Gyarados|30\/100\n|-enditem|p1a: Gyarados|Sitrus Berry|[eat]\n|-heal|p1a: Gyarados|56\/100|[from] item: Sitrus Berry\n|move|p1a: Gyarados|Thunder Wave|p2a: Baxcalibur\n|-status|p2a: Baxcalibur|par\n|\n|-sideend|p2: JoaoChZ|move: Tailwind\n|upkeep\n|\n|t:|1681940736\n|switch|p1b: Ting-Lu|Ting-Lu, L50|100\/100\n|-ability|p1b: Ting-Lu|Vessel of Ruin\n|turn|5\n|inactive|Hadrian1917 has 30 seconds left.\n|\n|t:|1681940762\n|switch|p1a: Baxcalibur|Baxcalibur, L50, M|49\/100\n|-end|p2b: Flutter Mane|Protosynthesis|[silent]\n|switch|p2b: Great Tusk|Great Tusk, L50|100\/100\n|move|p2a: Baxcalibur|Ice Shard|p1b: Ting-Lu\n|-supereffective|p1b: Ting-Lu\n|-damage|p1b: Ting-Lu|73\/100\n|move|p1b: Ting-Lu|Heavy Slam|p2b: Great Tusk\n|-damage|p2b: Great Tusk|88\/100\n|\n|upkeep\n|turn|6\n|\n|t:|1681940784\n|move|p2b: Great Tusk|Ice Spinner|p1a: Baxcalibur\n|-damage|p1a: Baxcalibur|25\/100\n|move|p1a: Baxcalibur|Glaive Rush|p2a: Baxcalibur\n|-supereffective|p2a: Baxcalibur\n|-damage|p2a: Baxcalibur|0 fnt\n|-singlemove|p1a: Baxcalibur|Glaive Rush|[silent]\n|faint|p2a: Baxcalibur\n|move|p1b: Ting-Lu|Fissure|p2b: Great Tusk|[miss]\n|-miss|p1b: Ting-Lu|p2b: Great Tusk\n|\n|upkeep\n|\n|t:|1681940793\n|switch|p2a: Flutter Mane|Flutter Mane, L50|100\/100 par\n|turn|7\n|\n|t:|1681940806\n|move|p1a: Baxcalibur|Ice Shard|p2b: Great Tusk\n|-supereffective|p2b: Great Tusk\n|-damage|p2b: Great Tusk|54\/100\n|move|p2b: Great Tusk|Ice Spinner|p1b: Ting-Lu\n|-supereffective|p1b: Ting-Lu\n|-crit|p1b: Ting-Lu\n|-damage|p1b: Ting-Lu|27\/100\n|cant|p2a: Flutter Mane|par\n|move|p1b: Ting-Lu|Stomping Tantrum|p2b: Great Tusk\n|-damage|p2b: Great Tusk|5\/100\n|\n|upkeep\n|turn|8\n|\n|t:|1681940827\n|-terastallize|p1b: Ting-Lu|Grass\n|move|p1a: Baxcalibur|Ice Shard|p2b: Great Tusk\n|-supereffective|p2b: Great Tusk\n|-damage|p2b: Great Tusk|0 fnt\n|faint|p2b: Great Tusk\n|-end|p2b: Great Tusk|Protosynthesis|[silent]\n|move|p2a: Flutter Mane|Mystical Fire|p1a: Baxcalibur\n|-damage|p1a: Baxcalibur|0 fnt\n|faint|p1a: Baxcalibur\n|move|p1b: Ting-Lu|Heavy Slam|p2a: Flutter Mane\n|-supereffective|p2a: Flutter Mane\n|-damage|p2a: Flutter Mane|0 fnt\n|faint|p2a: Flutter Mane\n|-end|p2a: Flutter Mane|Protosynthesis|[silent]\n|\n|win|Hadrian1917\n|raw|Hadrian1917's rating: 1122 → 1143<\/strong> (+21 for winning)\n|raw|JoaoChZ's rating: 1067 → 1050<\/strong> (-17 for losing)\n|l|\u2606JoaoChZ\n","uploadtime":1681940848,"views":3,"p1id":"hadrian1917","p2id":"joaochz","formatid":"gen9vgc2023regulationc","rating":1050,"private":0,"password":""}