{"id":"gen9vgc2023regulationc-1861192777","p1":"Barbie120","p2":"HAL3709","format":"[Gen 9] VGC 2023 Regulation C","log":"|j|\u2606Barbie120\n|j|\u2606HAL3709\n|t:|1683734645\n|gametype|doubles\n|player|p1|Barbie120|drayden|1356\n|player|p2|HAL3709|266|1308\n|teamsize|p1|6\n|teamsize|p2|6\n|gen|9\n|tier|[Gen 9] VGC 2023 Regulation C\n|rated|\n|rule|Species Clause: Limit one of each Pok\u00e9mon\n|rule|Item Clause: Limit one of each item\n|clearpoke\n|poke|p1|Annihilape, L50, M|\n|poke|p1|Maushold-Four, L50|\n|poke|p1|Abomasnow, L50, M|\n|poke|p1|Iron Bundle, L50|\n|poke|p1|Flutter Mane, L50|\n|poke|p1|Arcanine, L50, F|\n|poke|p2|Tatsugiri, L50, M|\n|poke|p2|Dondozo, L50, M|\n|poke|p2|Flutter Mane, L50|\n|poke|p2|Chi-Yu, L50|\n|poke|p2|Dragonite, L50, M|\n|poke|p2|Glimmora, L50, F|\n|teampreview|4\n|\n|t:|1683734683\n|start\n|switch|p1a: Maushold|Maushold-Four, L50|100\/100\n|switch|p1b: Annihilape|Annihilape, L50, M|100\/100\n|switch|p2a: Flutter Mane|Flutter Mane, L50|100\/100\n|switch|p2b: Dragonite|Dragonite, L50, M|100\/100\n|-enditem|p2a: Flutter Mane|Booster Energy\n|-activate|p2a: Flutter Mane|ability: Protosynthesis|[fromitem]\n|-start|p2a: Flutter Mane|protosynthesisspa\n|turn|1\n|\n|t:|1683734718\n|-terastallize|p1b: Annihilape|Fire\n|move|p2b: Dragonite|Extreme Speed|p1a: Maushold\n|-damage|p1a: Maushold|66\/100\n|move|p2a: Flutter Mane|Moonblast|p1a: Maushold\n|-damage|p1a: Maushold|0 fnt\n|faint|p1a: Maushold\n|move|p1b: Annihilape|Rage Fist|p2a: Flutter Mane\n|-supereffective|p2a: Flutter Mane\n|-damage|p2a: Flutter Mane|31\/100\n|\n|upkeep\n|\n|t:|1683734733\n|switch|p1a: Iron Bundle|Iron Bundle, L50|100\/100\n|turn|2\n|\n|t:|1683734744\n|-terastallize|p2b: Dragonite|Normal\n|move|p2a: Flutter Mane|Protect|p2a: Flutter Mane\n|-singleturn|p2a: Flutter Mane|Protect\n|move|p1a: Iron Bundle|Icy Wind|p2b: Dragonite|[spread] p2b\n|-activate|p2a: Flutter Mane|move: Protect\n|-damage|p2b: Dragonite|89\/100\n|-unboost|p2b: Dragonite|spe|1\n|move|p1b: Annihilape|Bulk Up|p1b: Annihilape\n|-boost|p1b: Annihilape|atk|1\n|-boost|p1b: Annihilape|def|1\n|move|p2b: Dragonite|Tailwind|p2b: Dragonite\n|-sidestart|p2: HAL3709|move: Tailwind\n|\n|upkeep\n|turn|3\n|\n|t:|1683734788\n|move|p2a: Flutter Mane|Shadow Ball|p1b: Annihilape\n|-damage|p1b: Annihilape|54\/100\n|move|p1a: Iron Bundle|Icy Wind|p2a: Flutter Mane|[spread] p2a,p2b\n|-damage|p2a: Flutter Mane|12\/100\n|-damage|p2b: Dragonite|66\/100\n|-unboost|p2a: Flutter Mane|spe|1\n|-unboost|p2b: Dragonite|spe|1\n|move|p2b: Dragonite|Stomping Tantrum|p1b: Annihilape\n|-supereffective|p1b: Annihilape\n|-damage|p1b: Annihilape|20\/100\n|move|p1b: Annihilape|Drain Punch|p2b: Dragonite\n|-supereffective|p2b: Dragonite\n|-damage|p2b: Dragonite|0 fnt\n|-heal|p1b: Annihilape|46\/100|[from] drain|[of] p2b: Dragonite\n|faint|p2b: Dragonite\n|\n|-heal|p1b: Annihilape|52\/100|[from] item: Leftovers\n|upkeep\n|\n|t:|1683734807\n|switch|p2b: Chi-Yu|Chi-Yu, L50|100\/100\n|-ability|p2b: Chi-Yu|Beads of Ruin\n|turn|4\n|\n|t:|1683734833\n|move|p1b: Annihilape|Protect|p1b: Annihilape\n|-singleturn|p1b: Annihilape|Protect\n|move|p2b: Chi-Yu|Heat Wave|p1b: Annihilape|[spread] p1a\n|-activate|p1b: Annihilape|move: Protect\n|-damage|p1a: Iron Bundle|7\/100\n|move|p2a: Flutter Mane|Shadow Ball|p1b: Annihilape\n|-activate|p1b: Annihilape|move: Protect\n|move|p1a: Iron Bundle|Icy Wind|p2a: Flutter Mane|[spread] p2a,p2b\n|-resisted|p2b: Chi-Yu\n|-damage|p2a: Flutter Mane|0 fnt\n|-damage|p2b: Chi-Yu|90\/100\n|-unboost|p2b: Chi-Yu|spe|1\n|faint|p2a: Flutter Mane\n|-end|p2a: Flutter Mane|Protosynthesis|[silent]\n|\n|-heal|p1b: Annihilape|59\/100|[from] item: Leftovers\n|upkeep\n|\n|t:|1683734852\n|switch|p2a: Dondozo|Dondozo, L50, M|100\/100\n|turn|5\n|\n|t:|1683734870\n|move|p2b: Chi-Yu|Heat Wave|p1a: Iron Bundle|[spread] p1a,p1b\n|-resisted|p1b: Annihilape\n|-damage|p1a: Iron Bundle|0 fnt\n|-damage|p1b: Annihilape|41\/100\n|faint|p1a: Iron Bundle\n|-end|p1a: Iron Bundle|Quark Drive|[silent]\n|move|p1b: Annihilape|Drain Punch|p2b: Chi-Yu\n|-supereffective|p2b: Chi-Yu\n|-damage|p2b: Chi-Yu|0 fnt\n|-heal|p1b: Annihilape|71\/100|[from] drain|[of] p2b: Chi-Yu\n|faint|p2b: Chi-Yu\n|move|p2a: Dondozo|Wave Crash|p1b: Annihilape\n|-supereffective|p1b: Annihilape\n|-damage|p1b: Annihilape|0 fnt\n|faint|p1b: Annihilape\n|-damage|p2a: Dondozo|81\/100|[from] Recoil\n|\n|-sideend|p2: HAL3709|move: Tailwind\n|upkeep\n|\n|t:|1683734883\n|switch|p1a: Arcanine|Arcanine, L50, F|100\/100\n|-ability|p1a: Arcanine|Intimidate|boost\n|-unboost|p2a: Dondozo|atk|1\n|turn|6\n|\n|t:|1683734893\n|move|p1a: Arcanine|Will-O-Wisp|p2a: Dondozo\n|-status|p2a: Dondozo|brn\n|move|p2a: Dondozo|Yawn|p1a: Arcanine\n|-start|p1a: Arcanine|move: Yawn|[of] p2a: Dondozo\n|\n|-damage|p2a: Dondozo|75\/100 brn|[from] brn\n|upkeep\n|turn|7\n|\n|t:|1683734904\n|move|p2a: Dondozo|Protect|p2a: Dondozo\n|-singleturn|p2a: Dondozo|Protect\n|move|p1a: Arcanine|Extreme Speed|p2a: Dondozo\n|-activate|p2a: Dondozo|move: Protect\n|\n|-damage|p2a: Dondozo|69\/100 brn|[from] brn\n|-end|p1a: Arcanine|move: Yawn|[silent]\n|-status|p1a: Arcanine|slp\n|upkeep\n|turn|8\n|\n|t:|1683734915\n|cant|p1a: Arcanine|slp\n|move|p2a: Dondozo|Wave Crash|p1a: Arcanine\n|-supereffective|p1a: Arcanine\n|-damage|p1a: Arcanine|72\/100 slp\n|-damage|p2a: Dondozo|62\/100 brn|[from] Recoil\n|\n|-damage|p2a: Dondozo|56\/100 brn|[from] brn\n|upkeep\n|turn|9\n|\n|t:|1683734929\n|cant|p1a: Arcanine|slp\n|move|p2a: Dondozo|Bulldoze|p1a: Arcanine\n|-supereffective|p1a: Arcanine\n|-damage|p1a: Arcanine|62\/100 slp\n|-unboost|p1a: Arcanine|spe|1\n|\n|-damage|p2a: Dondozo|50\/100 brn|[from] brn\n|upkeep\n|-enditem|p2a: Dondozo|Sitrus Berry|[eat]\n|-heal|p2a: Dondozo|75\/100 brn|[from] item: Sitrus Berry\n|turn|10\n|\n|t:|1683734940\n|cant|p1a: Arcanine|slp\n|move|p2a: Dondozo|Bulldoze|p1a: Arcanine\n|-supereffective|p1a: Arcanine\n|-damage|p1a: Arcanine|52\/100 slp\n|-unboost|p1a: Arcanine|spe|1\n|\n|-damage|p2a: Dondozo|68\/100 brn|[from] brn\n|upkeep\n|turn|11\n|\n|t:|1683734949\n|-curestatus|p1a: Arcanine|slp|[msg]\n|move|p1a: Arcanine|Extreme Speed|p2a: Dondozo\n|-damage|p2a: Dondozo|56\/100 brn\n|move|p2a: Dondozo|Bulldoze|p1a: Arcanine\n|-supereffective|p1a: Arcanine\n|-damage|p1a: Arcanine|42\/100\n|-unboost|p1a: Arcanine|spe|1\n|\n|-damage|p2a: Dondozo|50\/100 brn|[from] brn\n|upkeep\n|turn|12\n|\n|t:|1683734962\n|move|p1a: Arcanine|Protect|p1a: Arcanine\n|-singleturn|p1a: Arcanine|Protect\n|move|p2a: Dondozo|Yawn|p1a: Arcanine\n|-activate|p1a: Arcanine|move: Protect\n|\n|-damage|p2a: Dondozo|43\/100 brn|[from] brn\n|upkeep\n|turn|13\n|\n|t:|1683734971\n|move|p1a: Arcanine|Extreme Speed|p2a: Dondozo\n|-damage|p2a: Dondozo|30\/100 brn\n|move|p2a: Dondozo|Yawn|p1a: Arcanine\n|-start|p1a: Arcanine|move: Yawn|[of] p2a: Dondozo\n|\n|-damage|p2a: Dondozo|24\/100 brn|[from] brn\n|upkeep\n|turn|14\n|\n|t:|1683734980\n|move|p2a: Dondozo|Protect|p2a: Dondozo\n|-singleturn|p2a: Dondozo|Protect\n|move|p1a: Arcanine|Extreme Speed|p2a: Dondozo\n|-activate|p2a: Dondozo|move: Protect\n|\n|-damage|p2a: Dondozo|18\/100 brn|[from] brn\n|-end|p1a: Arcanine|move: Yawn|[silent]\n|-status|p1a: Arcanine|slp\n|upkeep\n|turn|15\n|\n|t:|1683734990\n|cant|p1a: Arcanine|slp\n|move|p2a: Dondozo|Wave Crash|p1a: Arcanine\n|-supereffective|p1a: Arcanine\n|-damage|p1a: Arcanine|15\/100 slp\n|-enditem|p1a: Arcanine|Aguav Berry|[eat]\n|-heal|p1a: Arcanine|48\/100 slp|[from] item: Aguav Berry\n|-damage|p2a: Dondozo|11\/100 brn|[from] Recoil\n|\n|-damage|p2a: Dondozo|5\/100 brn|[from] brn\n|upkeep\n|turn|16\n|\n|t:|1683735005\n|-curestatus|p1a: Arcanine|slp|[msg]\n|move|p1a: Arcanine|Extreme Speed|p2a: Dondozo\n|-damage|p2a: Dondozo|0 fnt\n|faint|p2a: Dondozo\n|\n|win|Barbie120\n|raw|Barbie120's rating: 1356 → 1373<\/strong> (+17 for winning)\n|raw|HAL3709's rating: 1308 → 1291<\/strong> (-17 for losing)\n|l|\u2606HAL3709\n","uploadtime":1683735015,"views":13,"p1id":"barbie120","p2id":"hal3709","formatid":"gen9vgc2023regulationc","rating":1291,"private":0,"password":""}