{"id":"gen9vgc2023regulationc-1851315373","p1":"mlc_goat","p2":"NicoHaxVGC","format":"[Gen 9] VGC 2023 Regulation C","log":"|j|\u2606mlc_goat\n|j|\u2606NicoHaxVGC\n|t:|1682435142\n|gametype|doubles\n|player|p1|mlc_goat|cynthia-gen4|1259\n|player|p2|NicoHaxVGC|hilbert-wonderlauncher|1250\n|teamsize|p1|6\n|teamsize|p2|6\n|gen|9\n|tier|[Gen 9] VGC 2023 Regulation C\n|rated|\n|rule|Species Clause: Limit one of each Pok\u00e9mon\n|rule|Item Clause: Limit one of each item\n|clearpoke\n|poke|p1|Raichu, L50, F|\n|poke|p1|Chi-Yu, L50|\n|poke|p1|Flutter Mane, L50|\n|poke|p1|Tatsugiri-Stretchy, L50, M|\n|poke|p1|Dondozo, L50, F|\n|poke|p1|Baxcalibur, L50, M|\n|poke|p2|Ting-Lu, L50|\n|poke|p2|Amoonguss, L50, F|\n|poke|p2|Annihilape, L50, F|\n|poke|p2|Talonflame, L50, M|\n|poke|p2|Iron Bundle, L50|\n|poke|p2|Flutter Mane, L50|\n|teampreview|4\n|inactive|Battle timer is ON: inactive players will automatically lose when time's up. (requested by NicoHaxVGC)\n|\n|t:|1682435165\n|start\n|switch|p1a: Raichu|Raichu, L50, F|100\/100\n|switch|p1b: Flutter Mane|Flutter Mane, L50|100\/100\n|switch|p2a: Annihilape|Annihilape, L50, F|100\/100\n|switch|p2b: Ting-Lu|Ting-Lu, L50|100\/100\n|-ability|p2b: Ting-Lu|Vessel of Ruin\n|-enditem|p1b: Flutter Mane|Booster Energy\n|-activate|p1b: Flutter Mane|ability: Protosynthesis|[fromitem]\n|-start|p1b: Flutter Mane|protosynthesisspa\n|turn|1\n|\n|t:|1682435185\n|switch|p2b: Amoonguss|Amoonguss, L50, F|100\/100\n|-terastallize|p2a: Annihilape|Fire\n|move|p1a: Raichu|Nuzzle|p2a: Annihilape\n|-damage|p2a: Annihilape|95\/100\n|-status|p2a: Annihilape|par\n|move|p1b: Flutter Mane|Substitute|p1b: Flutter Mane\n|-start|p1b: Flutter Mane|Substitute\n|-damage|p1b: Flutter Mane|76\/100\n|cant|p2a: Annihilape|par\n|\n|-heal|p2a: Annihilape|100\/100 par|[from] item: Leftovers\n|upkeep\n|turn|2\n|inactive|NicoHaxVGC has 30 seconds left.\n|\n|t:|1682435213\n|switch|p1a: Chi-Yu|Chi-Yu, L50|100\/100\n|-ability|p1a: Chi-Yu|Beads of Ruin\n|move|p1b: Flutter Mane|Shadow Ball|p2a: Annihilape\n|-damage|p2a: Annihilape|35\/100 par\n|cant|p2a: Annihilape|par\n|move|p2b: Amoonguss|Spore|p1a: Chi-Yu\n|-status|p1a: Chi-Yu|slp|[from] move: Spore\n|\n|-heal|p2a: Annihilape|41\/100 par|[from] item: Leftovers\n|upkeep\n|turn|3\n|c|\u2606mlc_goat|dude sorry\n|\n|t:|1682435231\n|switch|p2a: Ting-Lu|Ting-Lu, L50|100\/100\n|-ability|p2a: Ting-Lu|Vessel of Ruin\n|move|p1b: Flutter Mane|Shadow Ball|p2b: Amoonguss\n|-damage|p2b: Amoonguss|48\/100\n|-enditem|p2b: Amoonguss|Sitrus Berry|[eat]\n|-heal|p2b: Amoonguss|73\/100|[from] item: Sitrus Berry\n|cant|p1a: Chi-Yu|slp\n|move|p2b: Amoonguss|Pollen Puff|p1a: Chi-Yu\n|-damage|p1a: Chi-Yu|84\/100 slp\n|\n|upkeep\n|turn|4\n|inactive|NicoHaxVGC has 30 seconds left.\n|\n|t:|1682435258\n|move|p1b: Flutter Mane|Dazzling Gleam|p2a: Ting-Lu|[spread] p2a,p2b\n|-supereffective|p2a: Ting-Lu\n|-resisted|p2b: Amoonguss\n|-damage|p2a: Ting-Lu|58\/100\n|-damage|p2b: Amoonguss|54\/100\n|cant|p1a: Chi-Yu|slp\n|move|p2a: Ting-Lu|Heavy Slam|p1b: Flutter Mane\n|-supereffective|p1b: Flutter Mane\n|-end|p1b: Flutter Mane|Substitute\n|move|p2b: Amoonguss|Pollen Puff|p1a: Chi-Yu\n|-damage|p1a: Chi-Yu|67\/100 slp\n|\n|upkeep\n|turn|5\n|\n|t:|1682435274\n|-terastallize|p1b: Flutter Mane|Fairy\n|move|p2b: Amoonguss|Rage Powder|p2b: Amoonguss\n|-singleturn|p2b: Amoonguss|move: Rage Powder\n|move|p1b: Flutter Mane|Dazzling Gleam|p2a: Ting-Lu|[spread] p2a,p2b\n|-supereffective|p2a: Ting-Lu\n|-resisted|p2b: Amoonguss\n|-damage|p2a: Ting-Lu|0 fnt\n|-damage|p2b: Amoonguss|29\/100\n|faint|p2a: Ting-Lu\n|-curestatus|p1a: Chi-Yu|slp|[msg]\n|move|p1a: Chi-Yu|Heat Wave|p2b: Amoonguss\n|-supereffective|p2b: Amoonguss\n|-damage|p2b: Amoonguss|0 fnt\n|faint|p2b: Amoonguss\n|-damage|p1a: Chi-Yu|57\/100|[from] item: Life Orb\n|\n|upkeep\n|\n|t:|1682435282\n|switch|p2a: Annihilape|Annihilape, L50, F, tera:Fire|41\/100 par\n|switch|p2b: JH de la Cruz|Iron Bundle, L50|100\/100\n|-enditem|p2b: JH de la Cruz|Booster Energy\n|-activate|p2b: JH de la Cruz|ability: Quark Drive|[fromitem]\n|-start|p2b: JH de la Cruz|quarkdrivespe\n|turn|6\n|\n|t:|1682435297\n|move|p1a: Chi-Yu|Protect|p1a: Chi-Yu\n|-singleturn|p1a: Chi-Yu|Protect\n|move|p2a: Annihilape|Protect|p2a: Annihilape\n|-singleturn|p2a: Annihilape|Protect\n|move|p2b: JH de la Cruz|Hydro Pump|p1b: Flutter Mane\n|-damage|p1b: Flutter Mane|7\/100\n|move|p1b: Flutter Mane|Shadow Ball|p2a: Annihilape\n|-activate|p2a: Annihilape|move: Protect\n|\n|-heal|p2a: Annihilape|47\/100 par|[from] item: Leftovers\n|upkeep\n|turn|7\n|\n|t:|1682435310\n|move|p2b: JH de la Cruz|Icy Wind|p1b: Flutter Mane|[spread] p1a,p1b\n|-resisted|p1a: Chi-Yu\n|-damage|p1a: Chi-Yu|44\/100\n|-damage|p1b: Flutter Mane|0 fnt\n|-unboost|p1a: Chi-Yu|spe|1\n|faint|p1b: Flutter Mane\n|-end|p1b: Flutter Mane|Protosynthesis|[silent]\n|move|p1a: Chi-Yu|Dark Pulse|p2a: Annihilape\n|-damage|p2a: Annihilape|0 fnt\n|faint|p2a: Annihilape\n|-damage|p1a: Chi-Yu|34\/100|[from] item: Life Orb\n|\n|upkeep\n|\n|t:|1682435317\n|switch|p1b: Raichu|Raichu, L50, F|100\/100\n|turn|8\n|\n|t:|1682435322\n|move|p1b: Raichu|Fake Out|p2b: JH de la Cruz\n|-crit|p2b: JH de la Cruz\n|-damage|p2b: JH de la Cruz|85\/100\n|cant|p2b: JH de la Cruz|flinch\n|move|p1a: Chi-Yu|Dark Pulse|p2b: JH de la Cruz\n|-damage|p2b: JH de la Cruz|0 fnt\n|faint|p2b: JH de la Cruz\n|-end|p2b: JH de la Cruz|Quark Drive|[silent]\n|-damage|p1a: Chi-Yu|24\/100|[from] item: Life Orb\n|\n|win|mlc_goat\n|raw|mlc_goat's rating: 1259 → 1283<\/strong> (+24 for winning)\n|raw|NicoHaxVGC's rating: 1250 → 1226<\/strong> (-24 for losing)\n|c|\u2606NicoHaxVGC|gg\n","uploadtime":1682435332,"views":11,"p1id":"mlcgoat","p2id":"nicohaxvgc","formatid":"gen9vgc2023regulationc","rating":1226,"private":0,"password":""}