{"id":"gen9vgc2023regulationc-1858488637","p1":"ZeAlpacalypse","p2":"ballin on deez","format":"[Gen 9] VGC 2023 Regulation C","log":"|j|\u2606ZeAlpacalypse\n|j|\u2606ballin on deez\n|t:|1683317325\n|gametype|doubles\n|player|p1|ZeAlpacalypse|crasherwake|1323\n|player|p2|ballin on deez|psychic-gen4|1423\n|teamsize|p1|6\n|teamsize|p2|6\n|gen|9\n|tier|[Gen 9] VGC 2023 Regulation C\n|rated|\n|rule|Species Clause: Limit one of each Pok\u00e9mon\n|rule|Item Clause: Limit one of each item\n|clearpoke\n|poke|p1|Pelipper, L50, M|\n|poke|p1|Iron Bundle, L50|\n|poke|p1|Chi-Yu, L50|\n|poke|p1|Amoonguss, L50, F|\n|poke|p1|Palafin, L50, F|\n|poke|p1|Gholdengo, L50|\n|poke|p2|Tinkaton, L50, F|\n|poke|p2|Gyarados, L50, F|\n|poke|p2|Iron Bundle, L50|\n|poke|p2|Great Tusk, L50|\n|poke|p2|Amoonguss, L50, F|\n|poke|p2|Flutter Mane, L50|\n|teampreview|4\nballin on deez has agreed to open team sheets.\nZeAlpacalypse has agreed to open team sheets.\n|\n|t:|1683317376\n|start\n|switch|p1a: Gholdengo|Gholdengo, L50|100\/100\n|switch|p1b: Chi-Yu|Chi-Yu, L50|100\/100\n|switch|p2a: Tinkaton|Tinkaton, L50, F|100\/100\n|switch|p2b: Flutter Mane|Flutter Mane, L50|100\/100\n|-ability|p1b: Chi-Yu|Beads of Ruin\n|turn|1\n|\n|t:|1683317420\n|-terastallize|p1a: Gholdengo|Steel\n|move|p2b: Flutter Mane|Shadow Ball|p1a: Gholdengo\n|-damage|p1a: Gholdengo|39\/100\n|-unboost|p1a: Gholdengo|spd|1\n|move|p1b: Chi-Yu|Heat Wave|p2b: Flutter Mane|[spread] p2a,p2b\n|-supereffective|p2a: Tinkaton\n|-crit|p2b: Flutter Mane\n|-damage|p2a: Tinkaton|17\/100\n|-enditem|p2b: Flutter Mane|Focus Sash\n|-damage|p2b: Flutter Mane|1\/100\n|-status|p2b: Flutter Mane|brn\n|-damage|p1b: Chi-Yu|90\/100|[from] item: Life Orb\n|move|p1a: Gholdengo|Shadow Ball|p2b: Flutter Mane\n|-supereffective|p2b: Flutter Mane\n|-damage|p2b: Flutter Mane|0 fnt\n|faint|p2b: Flutter Mane\n|-end|p2b: Flutter Mane|Protosynthesis|[silent]\n|move|p2a: Tinkaton|Knock Off|p1a: Gholdengo\n|-damage|p1a: Gholdengo|11\/100\n|-enditem|p1a: Gholdengo|Choice Specs|[from] move: Knock Off|[of] p2a: Tinkaton\n|\n|upkeep\n|\n|t:|1683317459\n|switch|p2b: Great Tusk|Great Tusk, L50|100\/100\n|turn|2\n|\n|t:|1683317474\n|switch|p1a: Pelipper|Pelipper, L50, M|100\/100\n|-weather|RainDance|[from] ability: Drizzle|[of] p1a: Pelipper\n|move|p2a: Tinkaton|Feint|p1b: Chi-Yu\n|-damage|p1b: Chi-Yu|76\/100\n|move|p2b: Great Tusk|Rock Slide|p1b: Chi-Yu|[spread] p1a,p1b\n|-supereffective|p1a: Pelipper\n|-supereffective|p1b: Chi-Yu\n|-damage|p1a: Pelipper|48\/100\n|-damage|p1b: Chi-Yu|4\/100\n|cant|p1b: Chi-Yu|flinch\n|\n|-weather|RainDance|[upkeep]\n|upkeep\n|turn|3\n|\n|t:|1683317497\n|-end|p2b: Great Tusk|Protosynthesis|[silent]\n|switch|p2b: Iron Bundle|Iron Bundle, L50|100\/100\n|-enditem|p2b: Iron Bundle|Booster Energy\n|-activate|p2b: Iron Bundle|ability: Quark Drive|[fromitem]\n|-start|p2b: Iron Bundle|quarkdrivespe\n|move|p1a: Pelipper|Wide Guard|p1a: Pelipper\n|-singleturn|p1a: Pelipper|Wide Guard\n|move|p2a: Tinkaton|Feint|p1b: Chi-Yu\n|-activate|p1b: Chi-Yu|move: Feint\n|-damage|p1b: Chi-Yu|0 fnt\n|faint|p1b: Chi-Yu\n|\n|-weather|RainDance|[upkeep]\n|upkeep\n|\n|t:|1683317502\n|switch|p1b: Iron Bundle|Iron Bundle, L50|100\/100\n|-enditem|p1b: Iron Bundle|Booster Energy\n|-activate|p1b: Iron Bundle|ability: Quark Drive|[fromitem]\n|-start|p1b: Iron Bundle|quarkdrivespe\n|turn|4\n|\n|t:|1683317531\n|-terastallize|p2b: Iron Bundle|Ice\n|move|p1a: Pelipper|Wide Guard|p1a: Pelipper\n|-singleturn|p1a: Pelipper|Wide Guard\n|move|p1b: Iron Bundle|Icy Wind|p2b: Iron Bundle|[spread] p2a,p2b\n|-resisted|p2a: Tinkaton\n|-resisted|p2b: Iron Bundle\n|-damage|p2a: Tinkaton|11\/100\n|-damage|p2b: Iron Bundle|80\/100\n|-unboost|p2a: Tinkaton|spe|1\n|-unboost|p2b: Iron Bundle|spe|1\n|move|p2b: Iron Bundle|Freeze-Dry|p1a: Pelipper\n|-supereffective|p1a: Pelipper\n|-damage|p1a: Pelipper|0 fnt\n|faint|p1a: Pelipper\n|move|p2a: Tinkaton|Gigaton Hammer|p1b: Iron Bundle\n|-damage|p1b: Iron Bundle|15\/100\n|\n|-weather|RainDance|[upkeep]\n|upkeep\n|\n|t:|1683317539\n|switch|p1a: Gholdengo|Gholdengo, L50, tera:Steel|11\/100\n|turn|5\n|\n|t:|1683317580\n|move|p2a: Tinkaton|Feint|p1b: Iron Bundle\n|-crit|p1b: Iron Bundle\n|-damage|p1b: Iron Bundle|0 fnt\n|faint|p1b: Iron Bundle\n|-end|p1b: Iron Bundle|Quark Drive|[silent]\n|move|p2b: Iron Bundle|Freeze-Dry|p1a: Gholdengo\n|-resisted|p1a: Gholdengo\n|-crit|p1a: Gholdengo\n|-damage|p1a: Gholdengo|0 fnt\n|faint|p1a: Gholdengo\n|\n|win|ballin on deez\n|raw|ZeAlpacalypse's rating: 1323 → 1309<\/strong> (-14 for losing)\n|raw|ballin on deez's rating: 1423 → 1437<\/strong> (+14 for winning)\n|l|\u2606ZeAlpacalypse\n","uploadtime":1683317716,"views":6,"p1id":"zealpacalypse","p2id":"ballinondeez","formatid":"gen9vgc2023regulationc","rating":1309,"private":0,"password":""}