{"id":"gen9vgc2023regulationc-1847465786","p1":"jotapevh","p2":"GB Seraphix","format":"[Gen 9] VGC 2023 Regulation C","log":"|j|\u2606jotapevh\n|j|\u2606GB Seraphix\n|t:|1681958512\n|gametype|doubles\n|player|p1|jotapevh|norman|1354\n|player|p2|GB Seraphix|rosa|1280\n|teamsize|p1|6\n|teamsize|p2|6\n|gen|9\n|tier|[Gen 9] VGC 2023 Regulation C\n|rated|\n|rule|Species Clause: Limit one of each Pok\u00e9mon\n|rule|Item Clause: Limit one of each item\n|clearpoke\n|poke|p1|Torkoal, L50, M|\n|poke|p1|Indeedee-F, L50, F|\n|poke|p1|Hatterene, L50, F|\n|poke|p1|Iron Hands, L50|\n|poke|p1|Bronzong, L50|\n|poke|p1|Lilligant, L50, F|\n|poke|p2|Chi-Yu, L50|\n|poke|p2|Dachsbun, L50, F|\n|poke|p2|Flutter Mane, L50|\n|poke|p2|Baxcalibur, L50, M|\n|poke|p2|Amoonguss, L50, M|\n|poke|p2|Rotom-Wash, L50|\n|teampreview|4\n|inactive|Battle timer is ON: inactive players will automatically lose when time's up. (requested by jotapevh)\njotapevh rejected open team sheets.\n|\n|t:|1681958551\n|start\n|switch|p1a: Indeedee|Indeedee-F, L50, F|100\/100\n|switch|p1b: Hatterene|Hatterene, L50, F|100\/100\n|switch|p2a: Nemo|Chi-Yu, L50|100\/100\n|switch|p2b: BB|Flutter Mane, L50|100\/100\n|-ability|p2a: Nemo|Beads of Ruin\n|-fieldstart|move: Psychic Terrain|[from] ability: Psychic Surge|[of] p1a: Indeedee\n|-enditem|p2b: BB|Booster Energy\n|-activate|p2b: BB|ability: Protosynthesis|[fromitem]\n|-start|p2b: BB|protosynthesisspe\n|turn|1\n|\n|t:|1681958576\n|move|p1a: Indeedee|Follow Me|p1a: Indeedee\n|-singleturn|p1a: Indeedee|move: Follow Me\n|move|p2b: BB|Moonblast|p1a: Indeedee\n|-damage|p1a: Indeedee|42\/100\n|move|p2a: Nemo|Snarl|p1b: Hatterene|[spread] p1a,p1b\n|-supereffective|p1a: Indeedee\n|-damage|p1a: Indeedee|0 fnt\n|-damage|p1b: Hatterene|69\/100\n|-unboost|p1b: Hatterene|spa|1\n|faint|p1a: Indeedee\n|move|p1b: Hatterene|Trick Room|p1b: Hatterene\n|-fieldstart|move: Trick Room|[of] p1b: Hatterene\n|\n|upkeep\n|\n|t:|1681958584\n|switch|p1a: Torkoal|Torkoal, L50, M|100\/100\n|-weather|SunnyDay|[from] ability: Drought|[of] p1a: Torkoal\n|turn|2\n|\n|t:|1681958592\n|-terastallize|p1a: Torkoal|Fire\n|move|p2b: BB|Protect|p2b: BB\n|-singleturn|p2b: BB|Protect\n|move|p1a: Torkoal|Eruption|p2b: BB|[spread] p2a\n|-activate|p2b: BB|move: Protect\n|-resisted|p2a: Nemo\n|-damage|p2a: Nemo|36\/100\n|move|p1b: Hatterene|Shadow Ball|p2b: BB\n|-activate|p2b: BB|move: Protect\n|move|p2a: Nemo|Snarl|p1b: Hatterene|[spread] p1a,p1b\n|-damage|p1a: Torkoal|60\/100\n|-damage|p1b: Hatterene|41\/100\n|-unboost|p1a: Torkoal|spa|1\n|-unboost|p1b: Hatterene|spa|1\n|\n|-weather|SunnyDay|[upkeep]\n|upkeep\n|turn|3\n|\n|t:|1681958613\n|move|p1a: Torkoal|Eruption|p2a: Nemo|[spread] p2a,p2b\n|-resisted|p2a: Nemo\n|-damage|p2a: Nemo|8\/100\n|-damage|p2b: BB|38\/100\n|move|p1b: Hatterene|Dazzling Gleam|p2a: Nemo|[spread] p2a,p2b\n|-damage|p2a: Nemo|0 fnt\n|-damage|p2b: BB|12\/100\n|faint|p2a: Nemo\n|-damage|p1b: Hatterene|32\/100|[from] item: Life Orb\n|move|p2b: BB|Shadow Ball|p1b: Hatterene\n|-supereffective|p1b: Hatterene\n|-damage|p1b: Hatterene|0 fnt\n|faint|p1b: Hatterene\n|\n|-weather|SunnyDay|[upkeep]\n|upkeep\n|\n|t:|1681958629\n|switch|p1b: Iron Hands|Iron Hands, L50|100\/100\n|switch|p2a: Kiryu|Baxcalibur, L50, M|100\/100\n|turn|4\n|\n|t:|1681958647\n|-terastallize|p2a: Kiryu|Water\n|move|p2b: BB|Protect|p2b: BB\n|-singleturn|p2b: BB|Protect\n|move|p1a: Torkoal|Eruption|p2a: Kiryu|[spread] p2a\n|-activate|p2b: BB|move: Protect\n|-resisted|p2a: Kiryu\n|-damage|p2a: Kiryu|85\/100\n|-ability|p2a: Kiryu|Thermal Exchange|boost\n|-boost|p2a: Kiryu|atk|1\n|move|p1b: Iron Hands|Belly Drum|p1b: Iron Hands\n|-damage|p1b: Iron Hands|50\/100\n|-setboost|p1b: Iron Hands|atk|6|[from] move: Belly Drum\n|-enditem|p1b: Iron Hands|Sitrus Berry|[eat]\n|-heal|p1b: Iron Hands|75\/100|[from] item: Sitrus Berry\n|move|p2a: Kiryu|Stomping Tantrum|p1a: Torkoal\n|-supereffective|p1a: Torkoal\n|-crit|p1a: Torkoal\n|-damage|p1a: Torkoal|0 fnt\n|faint|p1a: Torkoal\n|\n|-weather|SunnyDay|[upkeep]\n|upkeep\n|turn|5\n|\n|t:|1681958672\n|move|p2a: Kiryu|Ice Shard|p1b: Iron Hands\n|-activate|p1b: Iron Hands|move: Psychic Terrain\n|move|p1b: Iron Hands|Wild Charge|p2a: Kiryu\n|-supereffective|p2a: Kiryu\n|-damage|p2a: Kiryu|0 fnt\n|faint|p2a: Kiryu\n|-damage|p1b: Iron Hands|57\/100|[from] Recoil\n|move|p2b: BB|Perish Song|p2b: BB\n|-start|p1b: Iron Hands|perish3|[silent]\n|-start|p2b: BB|perish3|[silent]\n|-fieldactivate|move: Perish Song\n|\n|-weather|SunnyDay|[upkeep]\n|-start|p1b: Iron Hands|perish3\n|-start|p2b: BB|perish3\n|-fieldend|move: Trick Room\n|-fieldend|move: Psychic Terrain\n|upkeep\n|\n|t:|1681958683\n|switch|p2a: Hanabishi|Rotom-Wash, L50|100\/100\n|turn|6\n|\n|t:|1681958690\n|move|p2b: BB|Protect|p2b: BB\n|-singleturn|p2b: BB|Protect\n|move|p2a: Hanabishi|Protect|p2a: Hanabishi\n|-singleturn|p2a: Hanabishi|Protect\n|move|p1b: Iron Hands|Drain Punch|p2a: Hanabishi\n|-activate|p2a: Hanabishi|move: Protect\n|\n|-weather|none\n|-start|p2b: BB|perish2\n|-start|p1b: Iron Hands|perish2\n|upkeep\n|turn|7\n|\n|t:|1681958705\n|move|p2b: BB|Moonblast|p1b: Iron Hands\n|-supereffective|p1b: Iron Hands\n|-damage|p1b: Iron Hands|0 fnt\n|faint|p1b: Iron Hands\n|-end|p1b: Iron Hands|Quark Drive|[silent]\n|\n|win|GB Seraphix\n|raw|jotapevh's rating: 1354 → 1330<\/strong> (-24 for losing)\n|raw|GB Seraphix's rating: 1280 → 1310<\/strong> (+30 for winning)\n","uploadtime":1681958712,"views":8,"p1id":"jotapevh","p2id":"gbseraphix","formatid":"gen9vgc2023regulationc","rating":1310,"private":0,"password":""}