{"id":"gen9vgc2023regulationc-1846148242","p1":"Lykae","p2":"Elathari","format":"[Gen 9] VGC 2023 Regulation C","log":"|j|\u2606Lykae\n|j|\u2606Elathari\n|t:|1681813748\n|gametype|doubles\n|player|p1|Lykae|plasmagruntf|1059\n|player|p2|Elathari|marley|1075\n|teamsize|p1|6\n|teamsize|p2|6\n|gen|9\n|tier|[Gen 9] VGC 2023 Regulation C\n|rated|\n|rule|Species Clause: Limit one of each Pok\u00e9mon\n|rule|Item Clause: Limit one of each item\n|clearpoke\n|poke|p1|Torkoal, L50, F|\n|poke|p1|Jumpluff, L50, F|\n|poke|p1|Flutter Mane, L50|\n|poke|p1|Great Tusk, L50|\n|poke|p1|Kingambit, L50, F|\n|poke|p1|Meowscarada, L50, F|\n|poke|p2|Arboliva, L50, F|\n|poke|p2|Annihilape, L50, F|\n|poke|p2|Farigiraf, L50, F|\n|poke|p2|Hatterene, L50, F|\n|poke|p2|Glimmora, L50, F|\n|poke|p2|Arcanine, L50, M|\n|teampreview|4\n|inactive|Battle timer is ON: inactive players will automatically lose when time's up. (requested by Elathari)\n|inactive|Elathari has 60 seconds left.\n|\n|t:|1681813802\n|start\n|switch|p1a: Torkoal|Torkoal, L50, F|100\/100\n|switch|p1b: Jumpluff|Jumpluff, L50, F|100\/100\n|switch|p2a: Annihilape|Annihilape, L50, F|100\/100\n|switch|p2b: Hatterene|Hatterene, L50, F|100\/100\n|-weather|SunnyDay|[from] ability: Drought|[of] p1a: Torkoal\n|turn|1\n|inactive|Lykae has 30 seconds left.\n|\n|t:|1681813834\n|move|p1b: Jumpluff|Sleep Powder|p2a: Annihilape\n|-status|p2a: Annihilape|slp|[from] move: Sleep Powder\n|cant|p2a: Annihilape|slp\n|move|p1a: Torkoal|Overheat|p2b: Hatterene\n|-crit|p2b: Hatterene\n|-damage|p2b: Hatterene|4\/100\n|-unboost|p1a: Torkoal|spa|2\n|-enditem|p1a: Torkoal|Eject Pack\n|\n|t:|1681813851\n|switch|p1a: Flutter Mane|Flutter Mane, L50|100\/100\n|-activate|p1a: Flutter Mane|ability: Protosynthesis\n|-start|p1a: Flutter Mane|protosynthesisspe\n|move|p2b: Hatterene|Trick Room|p2b: Hatterene\n|-fieldstart|move: Trick Room|[of] p2b: Hatterene\n|\n|-weather|SunnyDay|[upkeep]\n|upkeep\n|turn|2\n|inactive|Lykae has 30 seconds left.\n|\n|t:|1681813882\n|switch|p2b: Arcanine|Arcanine, L50, M|100\/100\n|-ability|p2b: Arcanine|Intimidate|boost\n|-unboost|p1a: Flutter Mane|atk|1\n|-unboost|p1b: Jumpluff|atk|1\n|switch|p2a: Arboliva|Arboliva, L50, F|100\/100\n|move|p1a: Flutter Mane|Dazzling Gleam|p2b: Arcanine|[spread] p2a,p2b\n|-resisted|p2b: Arcanine\n|-damage|p2a: Arboliva|69\/100\n|-damage|p2b: Arcanine|79\/100\n|-fieldstart|move: Grassy Terrain|[from] ability: Seed Sower|[of] p2a: Arboliva\n|move|p1b: Jumpluff|Encore||[still]\n|-fail|p1b: Jumpluff\n|\n|-weather|SunnyDay|[upkeep]\n|-heal|p2a: Arboliva|75\/100|[from] Grassy Terrain\n|-heal|p2b: Arcanine|85\/100|[from] Grassy Terrain\n|upkeep\n|turn|3\n|inactive|Lykae has 30 seconds left.\n|inactive|Elathari has 30 seconds left.\n|\n|t:|1681813911\n|-end|p1a: Flutter Mane|Protosynthesis|[silent]\n|switch|p1a: Torkoal|Torkoal, L50, F|100\/100\n|move|p2a: Arboliva|Earth Power|p1a: Torkoal\n|-supereffective|p1a: Torkoal\n|-damage|p1a: Torkoal|37\/100\n|move|p2b: Arcanine|Overheat|p1b: Jumpluff\n|-supereffective|p1b: Jumpluff\n|-damage|p1b: Jumpluff|0 fnt\n|-unboost|p2b: Arcanine|spa|2\n|faint|p1b: Jumpluff\n|\n|-weather|SunnyDay|[upkeep]\n|-heal|p2a: Arboliva|81\/100|[from] Grassy Terrain\n|-heal|p1a: Torkoal|43\/100|[from] Grassy Terrain\n|-heal|p2b: Arcanine|91\/100|[from] Grassy Terrain\n|upkeep\n|\n|t:|1681813929\n|switch|p1b: Great Tusk|Great Tusk, L50|100\/100\n|-activate|p1b: Great Tusk|ability: Protosynthesis\n|-start|p1b: Great Tusk|protosynthesisatk\n|turn|4\n|\n|t:|1681813951\n|-terastallize|p2a: Arboliva|Fire\n|-terastallize|p1b: Great Tusk|Fire\n|move|p2a: Arboliva|Giga Drain|p1b: Great Tusk\n|-resisted|p1b: Great Tusk\n|-damage|p1b: Great Tusk|59\/100\n|-heal|p2a: Arboliva|100\/100|[from] drain|[of] p1b: Great Tusk\n|move|p1a: Torkoal|Overheat|p2a: Arboliva\n|-resisted|p2a: Arboliva\n|-damage|p2a: Arboliva|82\/100\n|-unboost|p1a: Torkoal|spa|2\n|move|p2b: Arcanine|Snarl|p1b: Great Tusk|[spread] p1a,p1b\n|-crit|p1b: Great Tusk\n|-damage|p1a: Torkoal|39\/100\n|-damage|p1b: Great Tusk|39\/100\n|-unboost|p1a: Torkoal|spa|1\n|-unboost|p1b: Great Tusk|spa|1\n|move|p1b: Great Tusk|Rock Slide|p2b: Arcanine|[spread] p2a\n|-miss|p1b: Great Tusk|p2b: Arcanine\n|-supereffective|p2a: Arboliva\n|-damage|p2a: Arboliva|31\/100\n|\n|-weather|SunnyDay|[upkeep]\n|-heal|p2a: Arboliva|37\/100|[from] Grassy Terrain\n|-heal|p1a: Torkoal|45\/100|[from] Grassy Terrain\n|-heal|p2b: Arcanine|97\/100|[from] Grassy Terrain\n|-heal|p1b: Great Tusk|45\/100|[from] Grassy Terrain\n|upkeep\n|turn|5\n|inactive|Lykae has 30 seconds left.\n|inactive|Elathari has 30 seconds left.\n|\n|t:|1681813985\n|switch|p2b: Annihilape|Annihilape, L50, F|100\/100 slp\n|move|p2a: Arboliva|Hyper Voice|p1b: Great Tusk|[spread] p1a,p1b\n|-damage|p1a: Torkoal|6\/100\n|-damage|p1b: Great Tusk|0 fnt\n|faint|p1b: Great Tusk\n|-end|p1b: Great Tusk|Protosynthesis|[silent]\n|move|p1a: Torkoal|Yawn||[still]\n|-fail|p1a: Torkoal\n|\n|-weather|none\n|-heal|p2a: Arboliva|43\/100|[from] Grassy Terrain\n|-heal|p1a: Torkoal|12\/100|[from] Grassy Terrain\n|-fieldend|move: Trick Room\n|upkeep\n|\n|t:|1681814001\n|switch|p1b: Flutter Mane|Flutter Mane, L50|100\/100\n|turn|6\n|inactive|Lykae has 30 seconds left.\n|inactive|Elathari has 30 seconds left.\n|\n|t:|1681814029\n|move|p1a: Torkoal|Helping Hand|p1b: Flutter Mane\n|-singleturn|p1b: Flutter Mane|Helping Hand|[of] p1a: Torkoal\n|cant|p2b: Annihilape|slp\n|move|p1b: Flutter Mane|Shadow Ball|p2b: Annihilape\n|-supereffective|p2b: Annihilape\n|-damage|p2b: Annihilape|0 fnt\n|faint|p2b: Annihilape\n|move|p2a: Arboliva|Earth Power|p1a: Torkoal\n|-supereffective|p1a: Torkoal\n|-damage|p1a: Torkoal|0 fnt\n|faint|p1a: Torkoal\n|\n|-heal|p2a: Arboliva|49\/100|[from] Grassy Terrain\n|-fieldend|move: Grassy Terrain\n|upkeep\n|\n|t:|1681814045\n|switch|p2b: Arcanine|Arcanine, L50, M|97\/100\n|-ability|p2b: Arcanine|Intimidate|boost\n|-unboost|p1b: Flutter Mane|atk|1\n|turn|7\n|\n|t:|1681814055\n|move|p1b: Flutter Mane|Shadow Ball|p2b: Arcanine\n|-damage|p2b: Arcanine|35\/100\n|move|p2b: Arcanine|Snarl|p1b: Flutter Mane|[miss]\n|-miss|p2b: Arcanine|p1b: Flutter Mane\n|move|p2a: Arboliva|Earth Power|p1b: Flutter Mane\n|-damage|p1b: Flutter Mane|65\/100\n|-unboost|p1b: Flutter Mane|spd|1\n|\n|upkeep\n|turn|8\n|inactive|Elathari has 30 seconds left.\n|\n|t:|1681814083\n|switch|p2b: Hatterene|Hatterene, L50, F|4\/100\n|move|p1b: Flutter Mane|Shadow Ball|p2b: Hatterene\n|-supereffective|p2b: Hatterene\n|-damage|p2b: Hatterene|0 fnt\n|faint|p2b: Hatterene\n|move|p2a: Arboliva|Earth Power|p1b: Flutter Mane\n|-damage|p1b: Flutter Mane|12\/100\n|-unboost|p1b: Flutter Mane|spd|1\n|\n|upkeep\n|\n|t:|1681814094\n|switch|p2b: Arcanine|Arcanine, L50, M|35\/100\n|-ability|p2b: Arcanine|Intimidate|boost\n|-unboost|p1b: Flutter Mane|atk|1\n|turn|9\n|l|\u2606Lykae\n|inactive|Lykae disconnected and has a minute to reconnect!\n|player|p1|\n|j|\u2606Lykae\n|inactive|Lykae reconnected and has 45 seconds left.\n|player|p1|Lykae|plasmagruntf\n|\n|t:|1681814113\n|move|p1b: Flutter Mane|Shadow Ball|p2a: Arboliva\n|-damage|p2a: Arboliva|14\/100\n|-fieldstart|move: Grassy Terrain|[from] ability: Seed Sower|[of] p2a: Arboliva\n|move|p2b: Arcanine|Snarl|p1b: Flutter Mane\n|-damage|p1b: Flutter Mane|0 fnt\n|faint|p1b: Flutter Mane\n|-end|p1b: Flutter Mane|Protosynthesis|[silent]\n|\n|win|Elathari\n|raw|Lykae's rating: 1059 → 1041<\/strong> (-18 for losing)\n|raw|Elathari's rating: 1075 → 1102<\/strong> (+27 for winning)\n","uploadtime":1681814123,"views":14,"p1id":"lykae","p2id":"elathari","formatid":"gen9vgc2023regulationc","rating":1041,"private":0,"password":""}