{"id":"gen9vgc2023regulationc-1855787614","p1":"IAmAnissue","p2":"thoming","format":"[Gen 9] VGC 2023 Regulation C","log":"|j|\u2606IAmAnissue\n|j|\u2606thoming\n|t:|1682984170\n|gametype|doubles\n|player|p1|IAmAnissue|101|1131\n|player|p2|thoming|crasherwake|1217\n|teamsize|p1|6\n|teamsize|p2|6\n|gen|9\n|tier|[Gen 9] VGC 2023 Regulation C\n|rated|\n|rule|Species Clause: Limit one of each Pok\u00e9mon\n|rule|Item Clause: Limit one of each item\n|clearpoke\n|poke|p1|Annihilape, L50, M|\n|poke|p1|Amoonguss, L50, M|\n|poke|p1|Gothitelle, L50, F|\n|poke|p1|Farigiraf, L50, F|\n|poke|p1|Azumarill, L50, F|\n|poke|p1|Ceruledge, L50, M|\n|poke|p2|Flutter Mane, L50|\n|poke|p2|Roaring Moon, L50|\n|poke|p2|Talonflame, L50, M|\n|poke|p2|Chi-Yu, L50|\n|poke|p2|Gastrodon, L50, M|\n|poke|p2|Amoonguss, L50, F|\n|teampreview|4\n|inactive|Battle timer is ON: inactive players will automatically lose when time's up. (requested by IAmAnissue)\n|inactive|IAmAnissue has 60 seconds left.\n|inactive|thoming has 60 seconds left.\n|\n|t:|1682984226\n|start\n|switch|p1a: Gothitelle|Gothitelle, L50, F|100\/100\n|switch|p1b: Zebra|Farigiraf, L50, F|100\/100\n|switch|p2a: Talonflame|Talonflame, L50, M|100\/100\n|switch|p2b: Flutter Mane|Flutter Mane, L50|100\/100\n|turn|1\n|\n|t:|1682984246\n|move|p2a: Talonflame|Taunt|p1b: Zebra\n|-start|p1b: Zebra|move: Taunt\n|move|p2b: Flutter Mane|Shadow Ball|p1a: Gothitelle\n|-supereffective|p1a: Gothitelle\n|-damage|p1a: Gothitelle|2\/100\n|-enditem|p1a: Gothitelle|Aguav Berry|[eat]\n|-heal|p1a: Gothitelle|36\/100|[from] item: Aguav Berry\n|move|p1b: Zebra|Psyshock|p2b: Flutter Mane\n|-damage|p2b: Flutter Mane|16\/100\n|-damage|p1b: Zebra|91\/100|[from] item: Life Orb\n|move|p1a: Gothitelle|Trick Room|p1a: Gothitelle\n|-fieldstart|move: Trick Room|[of] p1a: Gothitelle\n|\n|upkeep\n|turn|2\n|inactive|thoming has 30 seconds left.\n|inactive|thoming has 20 seconds left.\n|inactive|thoming has 15 seconds left.\n|\n|t:|1682984288\n|-end|p2b: Flutter Mane|Protosynthesis|[silent]\n|switch|p2b: Moon|Roaring Moon, L50|100\/100\n|move|p2a: Talonflame|Brave Bird||[still]\n|cant|p1b: Zebra|ability: Armor Tail|Brave Bird|[of] p2a: Talonflame\n|move|p1b: Zebra|Psyshock|p2a: Talonflame\n|-damage|p2a: Talonflame|42\/100\n|-damage|p1b: Zebra|81\/100|[from] item: Life Orb\n|move|p1a: Gothitelle|Psychic|p2b: Moon\n|-immune|p2b: Moon\n|\n|upkeep\n|turn|3\n|inactive|thoming has 30 seconds left.\n|\n|t:|1682984321\n|move|p1b: Zebra|Dazzling Gleam|p2a: Talonflame|[spread] p2a,p2b\n|-resisted|p2a: Talonflame\n|-supereffective|p2b: Moon\n|-damage|p2a: Talonflame|25\/100\n|-damage|p2b: Moon|8\/100\n|-enditem|p2b: Moon|Figy Berry|[eat]\n|-heal|p2b: Moon|41\/100|[from] item: Figy Berry\n|-damage|p1b: Zebra|71\/100|[from] item: Life Orb\n|move|p1a: Gothitelle|Psychic|p2a: Talonflame\n|-damage|p2a: Talonflame|0 fnt\n|faint|p2a: Talonflame\n|move|p2b: Moon|Throat Chop|p1b: Zebra\n|-supereffective|p1b: Zebra\n|-damage|p1b: Zebra|0 fnt\n|faint|p1b: Zebra\n|\n|upkeep\n|\n|t:|1682984335\n|switch|p1b: Walking Nuke|Azumarill, L50, F, shiny|100\/100\n|switch|p2a: Gastrodon|Gastrodon, L50, M|100\/100\n|turn|4\n|inactive|thoming has 30 seconds left.\n|\n|t:|1682984364\n|move|p2a: Gastrodon|Yawn|p1b: Walking Nuke\n|-start|p1b: Walking Nuke|move: Yawn|[of] p2a: Gastrodon\n|move|p1b: Walking Nuke|Play Rough|p2b: Moon\n|-supereffective|p2b: Moon\n|-crit|p2b: Moon\n|-damage|p2b: Moon|0 fnt\n|faint|p2b: Moon\n|-end|p2b: Moon|Protosynthesis|[silent]\n|move|p1a: Gothitelle|Psychic|p2a: Gastrodon\n|-damage|p2a: Gastrodon|79\/100\n|\n|-heal|p2a: Gastrodon|85\/100|[from] item: Leftovers\n|upkeep\n|\n|t:|1682984376\n|switch|p2b: Flutter Mane|Flutter Mane, L50|16\/100\n|turn|5\n|inactive|IAmAnissue has 30 seconds left.\n|inactive|IAmAnissue has 20 seconds left.\n|inactive|IAmAnissue has 15 seconds left.\n|\n|t:|1682984420\n|move|p2a: Gastrodon|Earth Power|p1a: Gothitelle\n|-damage|p1a: Gothitelle|10\/100\n|move|p1b: Walking Nuke|Play Rough|p2a: Gastrodon|[miss]\n|-miss|p1b: Walking Nuke|p2a: Gastrodon\n|move|p1a: Gothitelle|Psychic|p2b: Flutter Mane\n|-damage|p2b: Flutter Mane|0 fnt\n|faint|p2b: Flutter Mane\n|-end|p2b: Flutter Mane|Protosynthesis|[silent]\n|\n|-heal|p2a: Gastrodon|91\/100|[from] item: Leftovers\n|-end|p1b: Walking Nuke|move: Yawn|[silent]\n|-status|p1b: Walking Nuke|slp\n|-fieldend|move: Trick Room\n|upkeep\n|turn|6\n|inactive|IAmAnissue has 30 seconds left.\n|inactive|IAmAnissue has 20 seconds left.\n|\n|t:|1682984458\n|move|p1a: Gothitelle|Psychic|p2a: Gastrodon\n|-damage|p2a: Gastrodon|67\/100\n|cant|p1b: Walking Nuke|slp\n|move|p2a: Gastrodon|Earth Power|p1a: Gothitelle\n|-damage|p1a: Gothitelle|0 fnt\n|faint|p1a: Gothitelle\n|\n|-heal|p2a: Gastrodon|73\/100|[from] item: Leftovers\n|upkeep\n|\n|t:|1682984463\n|switch|p1a: Flame Body|Ceruledge, L50, M|100\/100\n|turn|7\n|\n|t:|1682984480\n|-terastallize|p1a: Flame Body|Grass\n|move|p1a: Flame Body|Bulk Up|p1a: Flame Body\n|-boost|p1a: Flame Body|atk|1\n|-boost|p1a: Flame Body|def|1\n|cant|p1b: Walking Nuke|slp\n|move|p2a: Gastrodon|Yawn|p1a: Flame Body\n|-start|p1a: Flame Body|move: Yawn|[of] p2a: Gastrodon\n|\n|-heal|p2a: Gastrodon|79\/100|[from] item: Leftovers\n|upkeep\n|turn|8\n|inactive|IAmAnissue has 30 seconds left.\n|\n|t:|1682984507\n|-terastallize|p2a: Gastrodon|Fire\n|move|p1a: Flame Body|Bulk Up|p1a: Flame Body\n|-boost|p1a: Flame Body|atk|1\n|-boost|p1a: Flame Body|def|1\n|cant|p1b: Walking Nuke|slp\n|move|p2a: Gastrodon|Ice Beam|p1a: Flame Body\n|-supereffective|p1a: Flame Body\n|-damage|p1a: Flame Body|65\/100\n|\n|-heal|p2a: Gastrodon|85\/100|[from] item: Leftovers\n|-end|p1a: Flame Body|move: Yawn|[silent]\n|-status|p1a: Flame Body|slp\n|upkeep\n|turn|9\n|\n|t:|1682984522\n|cant|p1a: Flame Body|slp\n|-curestatus|p1b: Walking Nuke|slp|[msg]\n|move|p1b: Walking Nuke|Brick Break|p2a: Gastrodon\n|-damage|p2a: Gastrodon|52\/100\n|move|p2a: Gastrodon|Ice Beam|p1a: Flame Body\n|-supereffective|p1a: Flame Body\n|-damage|p1a: Flame Body|29\/100 slp\n|\n|-heal|p2a: Gastrodon|59\/100|[from] item: Leftovers\n|upkeep\n|turn|10\n|\n|t:|1682984531\n|cant|p1a: Flame Body|slp\n|move|p1b: Walking Nuke|Brick Break|p2a: Gastrodon\n|-damage|p2a: Gastrodon|28\/100\n|move|p2a: Gastrodon|Ice Beam|p1a: Flame Body\n|-supereffective|p1a: Flame Body\n|-damage|p1a: Flame Body|0 fnt\n|faint|p1a: Flame Body\n|\n|-heal|p2a: Gastrodon|34\/100|[from] item: Leftovers\n|upkeep\n|turn|11\n|inactive|IAmAnissue has 30 seconds left.\n|inactive|IAmAnissue has 20 seconds left.\n|inactive|IAmAnissue has 15 seconds left.\n|inactive|IAmAnissue has 10 seconds left.\n|\n|t:|1682984581\n|move|p2a: Gastrodon|Protect|p2a: Gastrodon\n|-singleturn|p2a: Gastrodon|Protect\n|move|p1b: Walking Nuke|Play Rough|p2a: Gastrodon\n|-activate|p2a: Gastrodon|move: Protect\n|\n|-heal|p2a: Gastrodon|41\/100|[from] item: Leftovers\n|upkeep\n|turn|12\n|\n|t:|1682984593\n|move|p1b: Walking Nuke|Brick Break|p2a: Gastrodon\n|-damage|p2a: Gastrodon|10\/100\n|move|p2a: Gastrodon|Yawn|p1b: Walking Nuke\n|-start|p1b: Walking Nuke|move: Yawn|[of] p2a: Gastrodon\n|\n|-heal|p2a: Gastrodon|17\/100|[from] item: Leftovers\n|upkeep\n|turn|13\n|\n|t:|1682984598\n|move|p2a: Gastrodon|Protect|p2a: Gastrodon\n|-singleturn|p2a: Gastrodon|Protect\n|move|p1b: Walking Nuke|Brick Break|p2a: Gastrodon\n|-activate|p2a: Gastrodon|move: Protect\n|\n|-heal|p2a: Gastrodon|23\/100|[from] item: Leftovers\n|-end|p1b: Walking Nuke|move: Yawn|[silent]\n|-status|p1b: Walking Nuke|slp\n|upkeep\n|turn|14\n|\n|t:|1682984623\n|cant|p1b: Walking Nuke|slp\n|move|p2a: Gastrodon|Earth Power|p1b: Walking Nuke\n|-damage|p1b: Walking Nuke|81\/100 slp\n|\n|-heal|p2a: Gastrodon|29\/100|[from] item: Leftovers\n|upkeep\n|turn|15\n|\n|t:|1682984630\n|-curestatus|p1b: Walking Nuke|slp|[msg]\n|move|p1b: Walking Nuke|Brick Break|p2a: Gastrodon\n|-damage|p2a: Gastrodon|0 fnt\n|faint|p2a: Gastrodon\n|\n|win|IAmAnissue\n|raw|IAmAnissue's rating: 1131 → 1162<\/strong> (+31 for winning)\n|raw|thoming's rating: 1217 → 1186<\/strong> (-31 for losing)\n|l|\u2606thoming\n","uploadtime":1682984975,"views":17,"p1id":"iamanissue","p2id":"thoming","formatid":"gen9vgc2023regulationc","rating":1162,"private":0,"password":""}