{"id":"gen9vgc2023regulationc-1856268614","p1":"LeeGengarBR","p2":"Breakaway97","format":"[Gen 9] VGC 2023 Regulation C","log":"|j|\u2606LeeGengarBR\n|j|\u2606Breakaway97\n|t:|1683046171\n|gametype|doubles\n|player|p1|LeeGengarBR|red|1369\n|player|p2|Breakaway97|cynthia-gen4|1457\n|teamsize|p1|6\n|teamsize|p2|6\n|gen|9\n|tier|[Gen 9] VGC 2023 Regulation C\n|rated|\n|rule|Species Clause: Limit one of each Pok\u00e9mon\n|rule|Item Clause: Limit one of each item\n|clearpoke\n|poke|p1|Annihilape, L50, F|\n|poke|p1|Armarouge, L50, F|\n|poke|p1|Grimmsnarl, L50, M|\n|poke|p1|Chien-Pao, L50|\n|poke|p1|Indeedee-F, L50, F|\n|poke|p1|Garganacl, L50, M|\n|poke|p2|Chien-Pao, L50|\n|poke|p2|Dragonite, L50, M|\n|poke|p2|Talonflame, L50, F|\n|poke|p2|Flutter Mane, L50|\n|poke|p2|Great Tusk, L50|\n|poke|p2|Iron Bundle, L50|\n|teampreview|4\n|\n|t:|1683046228\n|start\n|switch|p1a: Armarouge|Armarouge, L50, F|100\/100\n|switch|p1b: Indeedee|Indeedee-F, L50, F|100\/100\n|switch|p2a: Dragonite|Dragonite, L50, M|100\/100\n|switch|p2b: Chien-Pao|Chien-Pao, L50|100\/100\n|-ability|p2b: Chien-Pao|Sword of Ruin\n|-fieldstart|move: Psychic Terrain|[from] ability: Psychic Surge|[of] p1b: Indeedee\n|turn|1\n|\n|t:|1683046250\n|move|p1a: Armarouge|Protect|p1a: Armarouge\n|-singleturn|p1a: Armarouge|Protect\n|move|p2b: Chien-Pao|Throat Chop|p1b: Indeedee\n|-supereffective|p1b: Indeedee\n|-damage|p1b: Indeedee|0 fnt\n|-damage|p2b: Chien-Pao|84\/100|[from] item: Rocky Helmet|[of] p1b: Indeedee\n|faint|p1b: Indeedee\n|move|p2a: Dragonite|Rock Slide|p1a: Armarouge\n|-activate|p1a: Armarouge|move: Protect\n|\n|upkeep\n|\n|t:|1683046262\n|switch|p1b: Grimmsnarl|Grimmsnarl, L50, M, shiny|100\/100\n|turn|2\n|\n|t:|1683046276\n|-terastallize|p1a: Armarouge|Fighting\n|move|p1b: Grimmsnarl|Reflect|p1b: Grimmsnarl\n|-sidestart|p1: LeeGengarBR|Reflect\n|move|p2b: Chien-Pao|Ice Spinner|p1a: Armarouge\n|-damage|p1a: Armarouge|63\/100\n|-fieldend|move: Psychic Terrain\n|move|p2a: Dragonite|Rock Slide|p1b: Grimmsnarl|[spread] p1a,p1b\n|-resisted|p1a: Armarouge\n|-damage|p1a: Armarouge|49\/100\n|-damage|p1b: Grimmsnarl|72\/100\n|move|p1a: Armarouge|Aura Sphere|p2b: Chien-Pao\n|-supereffective|p2b: Chien-Pao\n|-damage|p2b: Chien-Pao|0 fnt\n|faint|p2b: Chien-Pao\n|\n|upkeep\n|\n|t:|1683046292\n|switch|p2b: Flutter Mane|Flutter Mane, L50|100\/100\n|turn|3\n|\n|t:|1683046321\n|move|p1b: Grimmsnarl|Light Screen|p1b: Grimmsnarl\n|-sidestart|p1: LeeGengarBR|move: Light Screen\n|move|p2b: Flutter Mane|Moonblast|p1a: Armarouge\n|-supereffective|p1a: Armarouge\n|-damage|p1a: Armarouge|0 fnt\n|faint|p1a: Armarouge\n|move|p2a: Dragonite|Rock Slide|p1b: Grimmsnarl\n|-damage|p1b: Grimmsnarl|41\/100\n|\n|upkeep\n|\n|t:|1683046328\n|switch|p1a: Garganacl|Garganacl, L50, M|100\/100\n|turn|4\n|\n|t:|1683046340\n|-terastallize|p2b: Flutter Mane|Fairy\n|move|p2b: Flutter Mane|Moonblast|p1a: Garganacl\n|-damage|p1a: Garganacl|57\/100\n|move|p2a: Dragonite|Rock Slide|p1b: Grimmsnarl|[spread] p1a,p1b\n|-damage|p1a: Garganacl|43\/100\n|-damage|p1b: Grimmsnarl|17\/100\n|-enditem|p1a: Garganacl|Sitrus Berry|[eat]\n|-heal|p1a: Garganacl|68\/100|[from] item: Sitrus Berry\n|cant|p1b: Grimmsnarl|flinch\n|cant|p1a: Garganacl|flinch\n|\n|upkeep\n|turn|5\n|\n|t:|1683046358\n|move|p1a: Garganacl|Wide Guard|p1a: Garganacl\n|-singleturn|p1a: Garganacl|Wide Guard\n|move|p2b: Flutter Mane|Moonblast|p1a: Garganacl\n|-damage|p1a: Garganacl|23\/100\n|move|p2a: Dragonite|Rock Slide|p1b: Grimmsnarl|[spread] \n|-activate|p1a: Garganacl|move: Wide Guard\n|-activate|p1b: Grimmsnarl|move: Wide Guard\n|move|p1b: Grimmsnarl|Spirit Break|p2b: Flutter Mane\n|-crit|p2b: Flutter Mane\n|-damage|p2b: Flutter Mane|5\/100\n|-unboost|p2b: Flutter Mane|spa|1\n|\n|upkeep\n|turn|6\n|\n|t:|1683046376\n|move|p2b: Flutter Mane|Moonblast|p1a: Garganacl\n|-damage|p1a: Garganacl|0 fnt\n|faint|p1a: Garganacl\n|move|p2a: Dragonite|Rock Slide|p1b: Grimmsnarl\n|-damage|p1b: Grimmsnarl|0 fnt\n|faint|p1b: Grimmsnarl\n|\n|win|Breakaway97\n|raw|LeeGengarBR's rating: 1369 → 1354<\/strong> (-15 for losing)\n|raw|Breakaway97's rating: 1457 → 1472<\/strong> (+15 for winning)\n|l|\u2606LeeGengarBR\n","uploadtime":1683046395,"views":12,"p1id":"leegengarbr","p2id":"breakaway97","formatid":"gen9vgc2023regulationc","rating":1354,"private":0,"password":""}