{"id":"gen9vgc2023regulationc-1860898818","p1":"CordVGC","p2":"iStockphoto","format":"[Gen 9] VGC 2023 Regulation C","log":"|j|\u2606CordVGC\n|j|\u2606iStockphoto\n|t:|1683692463\n|gametype|doubles\n|player|p1|CordVGC|102|1211\n|player|p2|iStockphoto|170|1126\n|teamsize|p1|6\n|teamsize|p2|6\n|gen|9\n|tier|[Gen 9] VGC 2023 Regulation C\n|rated|\n|rule|Species Clause: Limit one of each Pok\u00e9mon\n|rule|Item Clause: Limit one of each item\n|clearpoke\n|poke|p1|Arcanine, L50, M|\n|poke|p1|Amoonguss, L50, M|\n|poke|p1|Palafin, L50, M|\n|poke|p1|Flutter Mane, L50|\n|poke|p1|Ting-Lu, L50|\n|poke|p1|Corviknight, L50, M|\n|poke|p2|Abomasnow, L50, F|\n|poke|p2|Baxcalibur, L50, M|\n|poke|p2|Ting-Lu, L50|\n|poke|p2|Maushold, L50|\n|poke|p2|Wo-Chien, L50|\n|poke|p2|Gholdengo, L50|\n|teampreview|4\n|inactive|Battle timer is ON: inactive players will automatically lose when time's up. (requested by CordVGC)\niStockphoto has agreed to open team sheets.\nCordVGC rejected open team sheets.\n|inactive|CordVGC has 60 seconds left.\n|\n|t:|1683692501\n|start\n|switch|p1a: Corviknight|Corviknight, L50, M|100\/100\n|switch|p1b: Arcanine|Arcanine, L50, M|100\/100\n|switch|p2a: Baxcalibur|Baxcalibur, L50, M|100\/100\n|switch|p2b: Abomasnow|Abomasnow, L50, F|100\/100\n|-ability|p1b: Arcanine|Intimidate|boost\n|-fail|p2a: Baxcalibur|unboost|[from] item: Clear Amulet|[of] p2a: Baxcalibur\n|-unboost|p2b: Abomasnow|atk|1\n|-weather|Snow|[from] ability: Snow Warning|[of] p2b: Abomasnow\n|turn|1\n|\n|t:|1683692523\n|move|p1b: Arcanine|Flare Blitz|p2b: Abomasnow\n|-supereffective|p2b: Abomasnow\n|-enditem|p2b: Abomasnow|Focus Sash\n|-damage|p2b: Abomasnow|1\/100\n|-damage|p1b: Arcanine|65\/100|[from] Recoil\n|move|p2a: Baxcalibur|Dragon Dance|p2a: Baxcalibur\n|-boost|p2a: Baxcalibur|atk|1\n|-boost|p2a: Baxcalibur|spe|1\n|move|p1a: Corviknight|Iron Head|p2a: Baxcalibur\n|-supereffective|p2a: Baxcalibur\n|-damage|p2a: Baxcalibur|56\/100\n|move|p2b: Abomasnow|Aurora Veil|p2b: Abomasnow\n|-sidestart|p2: iStockphoto|move: Aurora Veil\n|\n|-weather|Snow|[upkeep]\n|upkeep\n|turn|2\n|inactive|iStockphoto has 30 seconds left.\n|\n|t:|1683692555\n|switch|p2b: Maushold|Maushold, L50|100\/100\n|move|p1b: Arcanine|Extreme Speed|p2b: Maushold\n|-damage|p2b: Maushold|81\/100\n|move|p2a: Baxcalibur|Icicle Crash|p1a: Corviknight\n|-damage|p1a: Corviknight|25\/100\n|cant|p1a: Corviknight|flinch\n|\n|-weather|Snow|[upkeep]\n|upkeep\n|turn|3\n|\n|t:|1683692574\n|move|p2b: Maushold|Protect|p2b: Maushold\n|-singleturn|p2b: Maushold|Protect\n|move|p2a: Baxcalibur|Earthquake|p1b: Arcanine|[spread] p1b\n|-activate|p2b: Maushold|move: Protect\n|-immune|p1a: Corviknight\n|-supereffective|p1b: Arcanine\n|-damage|p1b: Arcanine|0 fnt\n|faint|p1b: Arcanine\n|move|p1a: Corviknight|Tailwind|p1a: Corviknight\n|-sidestart|p1: CordVGC|move: Tailwind\n|\n|-weather|Snow|[upkeep]\n|upkeep\n|\n|t:|1683692585\n|switch|p1b: Flutter Mane|Flutter Mane, L50|100\/100\n|-enditem|p1b: Flutter Mane|Booster Energy\n|-activate|p1b: Flutter Mane|ability: Protosynthesis|[fromitem]\n|-start|p1b: Flutter Mane|protosynthesisspa\n|turn|4\n|\n|t:|1683692596\n|-terastallize|p2a: Baxcalibur|Ice\n|move|p1b: Flutter Mane|Protect|p1b: Flutter Mane\n|-singleturn|p1b: Flutter Mane|Protect\n|move|p2b: Maushold|Follow Me|p2b: Maushold\n|-singleturn|p2b: Maushold|move: Follow Me\n|move|p1a: Corviknight|Iron Head|p2b: Maushold\n|-damage|p2b: Maushold|49\/100\n|move|p2a: Baxcalibur|Icicle Crash|p1b: Flutter Mane\n|-activate|p1b: Flutter Mane|move: Protect\n|\n|-weather|Snow|[upkeep]\n|upkeep\n|turn|5\n|inactive|iStockphoto has 30 seconds left.\n|\n|t:|1683692623\n|-terastallize|p1b: Flutter Mane|Fairy\n|move|p2b: Maushold|Follow Me|p2b: Maushold\n|-singleturn|p2b: Maushold|move: Follow Me\n|move|p2a: Baxcalibur|Ice Shard|p1b: Flutter Mane\n|-damage|p1b: Flutter Mane|0 fnt\n|faint|p1b: Flutter Mane\n|-end|p1b: Flutter Mane|Protosynthesis|[silent]\n|move|p1a: Corviknight|Iron Head|p2b: Maushold\n|-damage|p2b: Maushold|18\/100\n|\n|-weather|none\n|-sideend|p2: iStockphoto|move: Aurora Veil\n|upkeep\n|-message|CordVGC forfeited.\n|\n|win|iStockphoto\n|raw|CordVGC's rating: 1211 → 1180<\/strong> (-31 for losing)\n|raw|iStockphoto's rating: 1126 → 1157<\/strong> (+31 for winning)\n|l|\u2606CordVGC\n","uploadtime":1683692638,"views":17,"p1id":"cordvgc","p2id":"istockphoto","formatid":"gen9vgc2023regulationc","rating":1157,"private":0,"password":""}