{"id":"gen9vgc2023regulationc-1855704389","p1":"Quonter","p2":"Xavico","format":"[Gen 9] VGC 2023 Regulation C","log":"|j|\u2606Quonter\n|j|\u2606Xavico\n|t:|1682974951\n|gametype|doubles\n|player|p1|Quonter|palmer|1044\n|player|p2|Xavico|roark|1056\n|teamsize|p1|6\n|teamsize|p2|6\n|gen|9\n|tier|[Gen 9] VGC 2023 Regulation C\n|rated|\n|rule|Species Clause: Limit one of each Pok\u00e9mon\n|rule|Item Clause: Limit one of each item\n|clearpoke\n|poke|p1|Amoonguss, L50, F|\n|poke|p1|Flutter Mane, L50|\n|poke|p1|Chi-Yu, L50|\n|poke|p1|Gyarados, L50, M|\n|poke|p1|Iron Hands, L50|\n|poke|p1|Ting-Lu, L50|\n|poke|p2|Dugtrio, L50, F|\n|poke|p2|Camerupt, L50, M|\n|poke|p2|Ting-Lu, L50|\n|poke|p2|Garganacl, L50, M|\n|poke|p2|Chien-Pao, L50|\n|poke|p2|Kingambit, L50, M|\n|teampreview|4\n|\n|t:|1682975015\n|start\n|switch|p1a: SUS|Amoonguss, L50, F|100\/100\n|switch|p1b: FerroPajas|Iron Hands, L50|100\/100\n|switch|p2a: Ting-Lu|Ting-Lu, L50|100\/100\n|switch|p2b: kill or be kill|Chien-Pao, L50|100\/100\n|-ability|p2b: kill or be kill|Sword of Ruin\n|-ability|p2a: Ting-Lu|Vessel of Ruin\n|turn|1\n|\n|t:|1682975044\n|move|p1b: FerroPajas|Fake Out|p2b: kill or be kill\n|-damage|p2b: kill or be kill|86\/100\n|cant|p2b: kill or be kill|flinch\n|move|p2a: Ting-Lu|Fissure|p1b: FerroPajas|[miss]\n|-miss|p2a: Ting-Lu|p1b: FerroPajas\n|move|p1a: SUS|Spore|p2a: Ting-Lu\n|-status|p2a: Ting-Lu|slp|[from] move: Spore\n|\n|upkeep\n|turn|2\n|\n|t:|1682975073\n|switch|p1a: Mushu|Gyarados, L50, M, shiny|100\/100\n|-ability|p1a: Mushu|Intimidate|boost\n|-unboost|p2a: Ting-Lu|atk|1\n|-unboost|p2b: kill or be kill|atk|1\n|move|p2b: kill or be kill|Sheer Cold|p1b: FerroPajas\n|-damage|p1b: FerroPajas|0 fnt\n|faint|p1b: FerroPajas\n|-end|p1b: FerroPajas|Quark Drive|[silent]\n|-ohko\n|cant|p2a: Ting-Lu|slp\n|\n|upkeep\n|\n|t:|1682975090\n|switch|p1b: Ting-Lin|Ting-Lu, L50|100\/100\n|-ability|p1b: Ting-Lin|Vessel of Ruin\n|turn|3\n|c|\u2606Xavico|ooga booga\n|\n|t:|1682975105\n|move|p2b: kill or be kill|Sheer Cold|p1a: Mushu|[miss]\n|-miss|p2b: kill or be kill|p1a: Mushu\n|move|p1a: Mushu|Dragon Dance|p1a: Mushu\n|-boost|p1a: Mushu|atk|1\n|-boost|p1a: Mushu|spe|1\n|-curestatus|p2a: Ting-Lu|slp|[msg]\n|move|p2a: Ting-Lu|Fissure|p1b: Ting-Lin\n|-damage|p1b: Ting-Lin|0 fnt\n|faint|p1b: Ting-Lin\n|-ohko\n|\n|upkeep\n|\n|t:|1682975116\n|switch|p1b: SUS|Amoonguss, L50, F|100\/100\n|turn|4\n|c|\u2606Xavico|booga ooga\n|\n|t:|1682975130\n|move|p1a: Mushu|Waterfall|p2b: kill or be kill\n|-damage|p2b: kill or be kill|21\/100\n|cant|p2b: kill or be kill|flinch\n|move|p2a: Ting-Lu|Fissure|p1a: Mushu\n|-immune|p1a: Mushu\n|move|p1b: SUS|Spore|p2a: Ting-Lu\n|-status|p2a: Ting-Lu|slp|[from] move: Spore\n|\n|upkeep\n|turn|5\n|\n|t:|1682975153\n|move|p2b: kill or be kill|Protect|p2b: kill or be kill\n|-singleturn|p2b: kill or be kill|Protect\n|move|p1a: Mushu|Waterfall|p2b: kill or be kill\n|-activate|p2b: kill or be kill|move: Protect\n|cant|p2a: Ting-Lu|slp\n|move|p1b: SUS|Pollen Puff|p2a: Ting-Lu\n|-supereffective|p2a: Ting-Lu\n|-damage|p2a: Ting-Lu|76\/100 slp\n|\n|upkeep\n|turn|6\n|\n|t:|1682975179\n|switch|p2b: guy|Kingambit, L50, M|100\/100\n|move|p1a: Mushu|Waterfall|p2b: guy\n|-damage|p2b: guy|68\/100\n|cant|p2a: Ting-Lu|slp\n|move|p1b: SUS|Pollen Puff|p2a: Ting-Lu\n|-supereffective|p2a: Ting-Lu\n|-damage|p2a: Ting-Lu|55\/100 slp\n|\n|upkeep\n|turn|7\n|\n|t:|1682975199\n|move|p1a: Mushu|Dragon Dance|p1a: Mushu\n|-boost|p1a: Mushu|atk|1\n|-boost|p1a: Mushu|spe|1\n|move|p2b: guy|Guillotine|p1a: Mushu|[miss]\n|-miss|p2b: guy|p1a: Mushu\n|cant|p2a: Ting-Lu|slp\n|move|p1b: SUS|Spore|p2b: guy\n|-status|p2b: guy|slp|[from] move: Spore\n|\n|upkeep\n|turn|8\n|\n|t:|1682975234\n|move|p1a: Mushu|Waterfall|p2a: Ting-Lu\n|-supereffective|p2a: Ting-Lu\n|-damage|p2a: Ting-Lu|0 fnt\n|faint|p2a: Ting-Lu\n|cant|p2b: guy|slp\n|move|p1b: SUS|Pollen Puff|p2b: guy\n|-damage|p2b: guy|50\/100 slp\n|\n|upkeep\n|\n|t:|1682975242\n|switch|p2a: Camerupt|Camerupt, L50, M|100\/100\n|turn|9\n|\n|t:|1682975256\n|move|p1a: Mushu|Waterfall|p2b: guy\n|-damage|p2b: guy|13\/100 slp\n|cant|p2b: guy|slp\n|move|p2a: Camerupt|Will-O-Wisp|p1a: Mushu\n|-status|p1a: Mushu|brn\n|-enditem|p1a: Mushu|Lum Berry|[eat]\n|-curestatus|p1a: Mushu|brn|[msg]\n|move|p1b: SUS|Spore|p2a: Camerupt\n|-status|p2a: Camerupt|slp|[from] move: Spore\n|\n|upkeep\n|turn|10\n|\n|t:|1682975288\n|move|p1a: Mushu|Waterfall|p2a: Camerupt\n|-supereffective|p2a: Camerupt\n|-damage|p2a: Camerupt|0 fnt\n|faint|p2a: Camerupt\n|cant|p2b: guy|slp\n|move|p1b: SUS|Pollen Puff|p2b: guy\n|-crit|p2b: guy\n|-damage|p2b: guy|0 fnt\n|faint|p2b: guy\n|\n|upkeep\n|\n|t:|1682975302\n|switch|p2b: kill or be kill|Chien-Pao, L50|21\/100\n|-ability|p2b: kill or be kill|Sword of Ruin\n|turn|11\n|\n|t:|1682975312\n|-terastallize|p1b: SUS|Water\n|move|p1b: SUS|Rage Powder|p1b: SUS\n|-singleturn|p1b: SUS|move: Rage Powder\n|move|p1a: Mushu|Waterfall|p2b: kill or be kill\n|-damage|p2b: kill or be kill|0 fnt\n|faint|p2b: kill or be kill\n|\n|win|Quonter\n|raw|Quonter's rating: 1044 → 1079<\/strong> (+35 for winning)\n|raw|Xavico's rating: 1056 → 1037<\/strong> (-19 for losing)\n|c|\u2606Quonter|ooga booga\n|l|\u2606Quonter\n|l|\u2606Xavico\n|j|\u2606Quonter\n|player|p1|Quonter|palmer\n","uploadtime":1682975419,"views":11,"p1id":"quonter","p2id":"xavico","formatid":"gen9vgc2023regulationc","rating":1037,"private":0,"password":""}