{"id":"gen9vgc2023regulationc-1858137453","p1":"Mortipherus","p2":"foomS","format":"[Gen 9] VGC 2023 Regulation C","log":"|j|\u2606Mortipherus\n|j|\u2606foomS\n|t:|1683281716\n|gametype|doubles\n|player|p1|Mortipherus|hooligans|1180\n|player|p2|foomS|fisherman|1101\n|teamsize|p1|6\n|teamsize|p2|6\n|gen|9\n|tier|[Gen 9] VGC 2023 Regulation C\n|rated|\n|rule|Species Clause: Limit one of each Pok\u00e9mon\n|rule|Item Clause: Limit one of each item\n|clearpoke\n|poke|p1|Dondozo, L50, M|\n|poke|p1|Tatsugiri, L50, M|\n|poke|p1|Salamence, L50, M|\n|poke|p1|Amoonguss, L50, F|\n|poke|p1|Ceruledge, L50, M|\n|poke|p1|Iron Valiant, L50|\n|poke|p2|Toedscruel, L50, M|\n|poke|p2|Meowscarada, L50, F|\n|poke|p2|Rotom-Wash, L50|\n|poke|p2|Skeledirge, L50, M|\n|poke|p2|Dragalge, L50, M|\n|poke|p2|Gardevoir, L50, F|\n|teampreview|4\n|inactive|Battle timer is ON: inactive players will automatically lose when time's up. (requested by foomS)\n|\n|t:|1683281764\n|start\n|switch|p1a: Dondozo|Dondozo, L50, M|100\/100\n|switch|p1b: Salamence|Salamence, L50, M|100\/100\n|switch|p2a: Dragalge|Dragalge, L50, M|100\/100\n|switch|p2b: Meowscarada|Meowscarada, L50, F|100\/100\n|-ability|p1b: Salamence|Intimidate|boost\n|-unboost|p2a: Dragalge|atk|1\n|-unboost|p2b: Meowscarada|atk|1\n|turn|1\n|inactive|foomS has 30 seconds left.\n|inactive|foomS has 20 seconds left.\n|\n|t:|1683281803\n|switch|p1a: Ceruledge|Ceruledge, L50, M|100\/100\n|-terastallize|p2b: Meowscarada|Ghost\n|move|p2b: Meowscarada|Flower Trick|p1a: Ceruledge\n|-resisted|p1a: Ceruledge\n|-crit|p1a: Ceruledge\n|-damage|p1a: Ceruledge|76\/100\n|move|p1b: Salamence|Dual Wingbeat|p2b: Meowscarada\n|-damage|p2b: Meowscarada|69\/100\n|-damage|p2b: Meowscarada|34\/100\n|-hitcount|p2b: Meowscarada|2\n|move|p2a: Dragalge|Draco Meteor|p1b: Salamence\n|-supereffective|p1b: Salamence\n|-damage|p1b: Salamence|0 fnt\n|-unboost|p2a: Dragalge|spa|2\n|faint|p1b: Salamence\n|\n|-heal|p1a: Ceruledge|82\/100|[from] item: Leftovers\n|upkeep\n|inactive|Mortipherus has 30 seconds left.\n|\n|t:|1683281830\n|switch|p1b: Dondozo|Dondozo, L50, M|100\/100\n|turn|2\n|\n|t:|1683281841\n|switch|p2b: Skeledirge|Skeledirge, L50, M|100\/100\n|switch|p2a: Rotom|Rotom-Wash, L50|100\/100\n|move|p1a: Ceruledge|Shadow Sneak|p2b: Skeledirge\n|-supereffective|p2b: Skeledirge\n|-damage|p2b: Skeledirge|74\/100\n|move|p1b: Dondozo|Order Up|p2a: Rotom\n|-damage|p2a: Rotom|71\/100\n|\n|-heal|p1a: Ceruledge|88\/100|[from] item: Leftovers\n|upkeep\n|turn|3\n|inactive|Mortipherus has 30 seconds left.\n|\n|t:|1683281875\n|switch|p1a: Tatsugiri|Tatsugiri, L50, M|100\/100\n|-activate|p1a: Tatsugiri|ability: Commander|[of] p1b: Dondozo\n|-boost|p1b: Dondozo|atk|2\n|-boost|p1b: Dondozo|spa|2\n|-boost|p1b: Dondozo|spe|2\n|-boost|p1b: Dondozo|def|2\n|-boost|p1b: Dondozo|spd|2\n|switch|p2b: Dragalge|Dragalge, L50, M|100\/100\n|-terastallize|p1b: Dondozo|Grass\n|move|p1b: Dondozo|Earthquake|p2a: Rotom|[spread] p2b\n|-miss|p1b: Dondozo|p1a: Tatsugiri\n|-immune|p2a: Rotom|[from] ability: Levitate\n|-supereffective|p2b: Dragalge\n|-damage|p2b: Dragalge|6\/100\n|move|p2a: Rotom|Will-O-Wisp|p1b: Dondozo\n|-immune|p1b: Dondozo|[from] ability: Water Veil\n|\n|-heal|p2b: Dragalge|12\/100|[from] item: Black Sludge\n|upkeep\n|turn|4\n|inactive|foomS has 30 seconds left.\n|\n|t:|1683281905\n|move|p2b: Dragalge|Protect|p2b: Dragalge\n|-singleturn|p2b: Dragalge|Protect\n|move|p1b: Dondozo|Order Up|p2b: Dragalge\n|-activate|p2b: Dragalge|move: Protect\n|move|p2a: Rotom|Discharge|p1a: Tatsugiri|[spread] p1b\n|-miss|p2a: Rotom|p1a: Tatsugiri\n|-activate|p2b: Dragalge|move: Protect\n|-resisted|p1b: Dondozo\n|-damage|p1b: Dondozo|94\/100\n|\n|-heal|p2b: Dragalge|18\/100|[from] item: Black Sludge\n|upkeep\n|turn|5\n|\n|t:|1683281928\n|move|p2a: Rotom|Protect|p2a: Rotom\n|-singleturn|p2a: Rotom|Protect\n|move|p1b: Dondozo|Order Up|p2b: Dragalge\n|-supereffective|p2b: Dragalge\n|-damage|p2b: Dragalge|0 fnt\n|faint|p2b: Dragalge\n|-boost|p1b: Dondozo|atk|1\n|\n|upkeep\n|\n|t:|1683281943\n|switch|p2b: Skeledirge|Skeledirge, L50, M|74\/100\n|turn|6\n|\n|t:|1683281952\n|move|p1b: Dondozo|Wave Crash|p2b: Skeledirge\n|-supereffective|p2b: Skeledirge\n|-damage|p2b: Skeledirge|2\/100\n|-damage|p1b: Dondozo|72\/100|[from] Recoil\n|move|p2a: Rotom|Discharge|p1b: Dondozo|[spread] p2b,p1b\n|-miss|p2a: Rotom|p1a: Tatsugiri\n|-resisted|p1b: Dondozo\n|-damage|p2b: Skeledirge|0 fnt\n|-damage|p1b: Dondozo|66\/100\n|faint|p2b: Skeledirge\n|\n|upkeep\n|\n|t:|1683281961\n|switch|p2b: Meowscarada|Meowscarada, L50, F, tera:Ghost|34\/100\n|turn|7\n|\n|t:|1683281969\n|move|p2b: Meowscarada|Flower Trick|p1b: Dondozo\n|-resisted|p1b: Dondozo\n|-crit|p1b: Dondozo\n|-damage|p1b: Dondozo|48\/100\n|move|p1b: Dondozo|Tera Blast|p2a: Rotom\n|-supereffective|p2a: Rotom\n|-damage|p2a: Rotom|0 fnt\n|faint|p2a: Rotom\n|\n|upkeep\n|turn|8\n|\n|t:|1683281982\n|move|p2b: Meowscarada|Flower Trick|p1b: Dondozo\n|-resisted|p1b: Dondozo\n|-crit|p1b: Dondozo\n|-damage|p1b: Dondozo|30\/100\n|move|p1b: Dondozo|Order Up|p2b: Meowscarada\n|-damage|p2b: Meowscarada|0 fnt\n|faint|p2b: Meowscarada\n|\n|win|Mortipherus\n|raw|Mortipherus's rating: 1180 → 1199<\/strong> (+19 for winning)\n|raw|foomS's rating: 1101 → 1082<\/strong> (-19 for losing)\n|l|\u2606foomS\n","uploadtime":1683282151,"views":13,"p1id":"mortipherus","p2id":"fooms","formatid":"gen9vgc2023regulationc","rating":1082,"private":0,"password":""}