{"id":"gen9vgc2023regulationc-1848223110","p1":"redstonejesus","p2":"eMburst","format":"[Gen 9] VGC 2023 Regulation C","log":"|j|\u2606redstonejesus\n|j|\u2606eMburst\n|t:|1682044497\n|gametype|doubles\n|player|p1|redstonejesus|2|1123\n|player|p2|eMburst|ingo|1131\n|teamsize|p1|6\n|teamsize|p2|6\n|gen|9\n|tier|[Gen 9] VGC 2023 Regulation C\n|rated|\n|rule|Species Clause: Limit one of each Pok\u00e9mon\n|rule|Item Clause: Limit one of each item\n|clearpoke\n|poke|p1|Flutter Mane, L50|\n|poke|p1|Arcanine, L50, M|\n|poke|p1|Amoonguss, L50, M|\n|poke|p1|Palafin, L50, F|\n|poke|p1|Kingambit, L50, F|\n|poke|p1|Dragapult, L50, F|\n|poke|p2|Gyarados, L50, F|\n|poke|p2|Talonflame, L50, M|\n|poke|p2|Chien-Pao, L50|\n|poke|p2|Amoonguss, L50, F|\n|poke|p2|Flutter Mane, L50|\n|poke|p2|Garchomp, L50, M|\n|teampreview|4\neMburst has agreed to open team sheets.\n|\n|t:|1682044529\n|start\n|switch|p1a: Palafin|Palafin, L50, F|100\/100\n|switch|p1b: Kingambit|Kingambit, L50, F, shiny|100\/100\n|switch|p2a: Garchomp|Garchomp, L50, M|100\/100\n|switch|p2b: Talonflame|Talonflame, L50, M|100\/100\n|turn|1\n|\n|t:|1682044564\n|switch|p2b: Gyarados|Gyarados, L50, F|100\/100\n|-ability|p2b: Gyarados|Intimidate|boost\n|-unboost|p1a: Palafin|atk|1\n|-unboost|p1b: Kingambit|atk|1\n|-ability|p1b: Kingambit|Defiant|boost\n|-boost|p1b: Kingambit|atk|2\n|-terastallize|p1b: Kingambit|Flying\n|move|p1a: Palafin|Jet Punch|p2b: Gyarados\n|-resisted|p2b: Gyarados\n|-damage|p2b: Gyarados|92\/100\n|move|p2a: Garchomp|Earthquake|p1a: Palafin|[spread] p1a\n|-immune|p2b: Gyarados\n|-immune|p1b: Kingambit\n|-damage|p1a: Palafin|64\/100\n|move|p1b: Kingambit|Kowtow Cleave|p2a: Garchomp\n|-damage|p2a: Garchomp|39\/100\n|-damage|p1b: Kingambit|88\/100|[from] ability: Rough Skin|[of] p2a: Garchomp\n|\n|upkeep\n|turn|2\n|\n|t:|1682044594\n|detailschange|p1a: Palafin|Palafin-Hero, L50, F\n|switch|p1a: Arcanine|Arcanine, L50, M|100\/100\n|-ability|p1a: Arcanine|Intimidate|boost\n|-fail|p2a: Garchomp|unboost|[from] item: Clear Amulet|[of] p2a: Garchomp\n|-unboost|p2b: Gyarados|atk|1\n|move|p2b: Gyarados|Helping Hand|p2a: Garchomp\n|-singleturn|p2a: Garchomp|Helping Hand|[of] p2b: Gyarados\n|move|p1b: Kingambit|Sucker Punch|p2a: Garchomp\n|-damage|p2a: Garchomp|0 fnt\n|-damage|p1b: Kingambit|76\/100|[from] ability: Rough Skin|[of] p2a: Garchomp\n|faint|p2a: Garchomp\n|\n|upkeep\n|\n|t:|1682044606\n|switch|p2a: Talonflame|Talonflame, L50, M|100\/100\n|turn|3\n|\n|t:|1682044621\n|move|p1b: Kingambit|Sucker Punch||[still]\n|-fail|p1b: Kingambit\n|move|p2a: Talonflame|Will-O-Wisp|p1b: Kingambit\n|-status|p1b: Kingambit|brn\n|move|p1a: Arcanine|Howl|p1a: Arcanine|[spread] p1a,p1b\n|-boost|p1a: Arcanine|atk|1\n|-boost|p1b: Kingambit|atk|1\n|move|p2b: Gyarados|Thunder Wave|p1a: Arcanine\n|-status|p1a: Arcanine|par\n|\n|-damage|p1b: Kingambit|71\/100 brn|[from] brn\n|upkeep\n|turn|4\n|\n|t:|1682044638\n|move|p2a: Talonflame|Tailwind|p2a: Talonflame\n|-sidestart|p2: eMburst|move: Tailwind\n|move|p2b: Gyarados|Waterfall|p1a: Arcanine\n|-supereffective|p1a: Arcanine\n|-damage|p1a: Arcanine|57\/100 par\n|move|p1b: Kingambit|Kowtow Cleave|p2a: Talonflame\n|-damage|p2a: Talonflame|30\/100\n|move|p1a: Arcanine|Howl|p1a: Arcanine|[spread] p1a,p1b\n|-boost|p1a: Arcanine|atk|1\n|-boost|p1b: Kingambit|atk|1\n|\n|-damage|p1b: Kingambit|65\/100 brn|[from] brn\n|upkeep\n|turn|5\n|\n|t:|1682044651\n|switch|p1a: Palafin|Palafin-Hero, L50, F|64\/100\n|-activate|p1a: Palafin|ability: Zero to Hero\n|move|p1b: Kingambit|Sucker Punch|p2a: Talonflame\n|-damage|p2a: Talonflame|0 fnt\n|faint|p2a: Talonflame\n|move|p2b: Gyarados|Waterfall|p1b: Kingambit\n|-damage|p1b: Kingambit|47\/100 brn\n|\n|-damage|p1b: Kingambit|41\/100 brn|[from] brn\n|upkeep\n|\n|t:|1682044657\n|switch|p2a: Flutter Mane|Flutter Mane, L50|100\/100\n|-enditem|p2a: Flutter Mane|Booster Energy\n|-activate|p2a: Flutter Mane|ability: Protosynthesis|[fromitem]\n|-start|p2a: Flutter Mane|protosynthesisspa\n|turn|6\n|\n|t:|1682044672\n|-terastallize|p2a: Flutter Mane|Fairy\n|move|p1a: Palafin|Jet Punch|p2a: Flutter Mane\n|-crit|p2a: Flutter Mane\n|-damage|p2a: Flutter Mane|4\/100\n|move|p1b: Kingambit|Sucker Punch|p2a: Flutter Mane\n|-resisted|p2a: Flutter Mane\n|-damage|p2a: Flutter Mane|0 fnt\n|faint|p2a: Flutter Mane\n|-end|p2a: Flutter Mane|Protosynthesis|[silent]\n|move|p2b: Gyarados|Thunder Wave|p1a: Palafin\n|-status|p1a: Palafin|par\n|\n|-damage|p1b: Kingambit|35\/100 brn|[from] brn\n|upkeep\n|turn|7\n|-message|eMburst forfeited.\n|\n|win|redstonejesus\n|raw|redstonejesus's rating: 1123 → 1149<\/strong> (+26 for winning)\n|raw|eMburst's rating: 1131 → 1105<\/strong> (-26 for losing)\n|l|\u2606eMburst\n","uploadtime":1682044684,"views":20,"p1id":"redstonejesus","p2id":"emburst","formatid":"gen9vgc2023regulationc","rating":1105,"private":0,"password":""}