{"id":"gen9vgc2023regulationc-1856097961","p1":"emaster2048","p2":"GengarMaster69","format":"[Gen 9] VGC 2023 Regulation C","log":"|j|\u2606emaster2048\n|j|\u2606GengarMaster69\n|t:|1683029842\n|gametype|doubles\n|player|p1|emaster2048|2|1076\n|player|p2|GengarMaster69|riley|1015\n|teamsize|p1|6\n|teamsize|p2|6\n|gen|9\n|tier|[Gen 9] VGC 2023 Regulation C\n|rated|\n|rule|Species Clause: Limit one of each Pok\u00e9mon\n|rule|Item Clause: Limit one of each item\n|clearpoke\n|poke|p1|Scream Tail, L50|\n|poke|p1|Gothitelle, L50, F|\n|poke|p1|Brute Bonnet, L50|\n|poke|p1|Palafin, L50, F|\n|poke|p1|Skeledirge, L50, F|\n|poke|p1|Garganacl, L50, F|\n|poke|p2|Gengar, L50, M|\n|poke|p2|Dragonite, L50, M|\n|poke|p2|Amoonguss, L50, F|\n|poke|p2|Sylveon, L50, M|\n|poke|p2|Garganacl, L50, M|\n|poke|p2|Armarouge, L50, M|\n|teampreview|4\n|\n|t:|1683029867\n|start\n|switch|p1a: Skeledirge|Skeledirge, L50, F|100\/100\n|switch|p1b: Brute Bonnet|Brute Bonnet, L50|100\/100\n|switch|p2a: Garganacl|Garganacl, L50, M|100\/100\n|switch|p2b: Amoonguss|Amoonguss, L50, F|100\/100\n|turn|1\n|\n|t:|1683029889\n|move|p1a: Skeledirge|Torch Song|p2b: Amoonguss\n|-supereffective|p2b: Amoonguss\n|-damage|p2b: Amoonguss|24\/100\n|-boost|p1a: Skeledirge|spa|1\n|move|p1b: Brute Bonnet|Spore|p2a: Garganacl\n|-status|p2a: Garganacl|slp|[from] move: Spore\n|move|p2b: Amoonguss|Spore|p1a: Skeledirge\n|-status|p1a: Skeledirge|slp|[from] move: Spore\n|cant|p2a: Garganacl|slp\n|\n|-heal|p2b: Amoonguss|29\/100|[from] item: Black Sludge\n|upkeep\n|turn|2\n|\n|t:|1683029914\n|cant|p1a: Skeledirge|slp\n|move|p1b: Brute Bonnet|Pollen Puff|p2b: Amoonguss\n|-damage|p2b: Amoonguss|1\/100\n|-damage|p1b: Brute Bonnet|91\/100|[from] item: Life Orb\n|move|p2b: Amoonguss|Foul Play|p1a: Skeledirge\n|-supereffective|p1a: Skeledirge\n|-damage|p1a: Skeledirge|76\/100 slp\n|-curestatus|p2a: Garganacl|slp|[msg]\n|move|p2a: Garganacl|Iron Defense|p2a: Garganacl\n|-boost|p2a: Garganacl|def|2\n|\n|-heal|p2b: Amoonguss|7\/100|[from] item: Black Sludge\n|upkeep\n|turn|3\n|\n|t:|1683029939\n|move|p2b: Amoonguss|Protect|p2b: Amoonguss\n|-singleturn|p2b: Amoonguss|Protect\n|-curestatus|p1a: Skeledirge|slp|[msg]\n|move|p1a: Skeledirge|Torch Song|p2b: Amoonguss\n|-activate|p2b: Amoonguss|move: Protect\n|move|p1b: Brute Bonnet|Spore|p2a: Garganacl\n|-status|p2a: Garganacl|slp|[from] move: Spore\n|cant|p2a: Garganacl|slp\n|\n|-heal|p2b: Amoonguss|13\/100|[from] item: Black Sludge\n|upkeep\n|turn|4\n|\n|t:|1683029958\n|move|p1a: Skeledirge|Torch Song|p2b: Amoonguss\n|-supereffective|p2b: Amoonguss\n|-damage|p2b: Amoonguss|0 fnt\n|-boost|p1a: Skeledirge|spa|1\n|faint|p2b: Amoonguss\n|move|p1b: Brute Bonnet|Pollen Puff|p1a: Skeledirge\n|-heal|p1a: Skeledirge|100\/100\n|-damage|p1b: Brute Bonnet|81\/100|[from] item: Life Orb\n|cant|p2a: Garganacl|slp\n|\n|upkeep\n|\n|t:|1683029972\n|switch|p2b: Armarouge|Armarouge, L50, M|100\/100\n|turn|5\n|\n|t:|1683029981\n|move|p1b: Brute Bonnet|Sucker Punch|p2b: Armarouge\n|-supereffective|p2b: Armarouge\n|-damage|p2b: Armarouge|38\/100\n|-enditem|p2b: Armarouge|Weakness Policy\n|-boost|p2b: Armarouge|atk|2|[from] item: Weakness Policy\n|-boost|p2b: Armarouge|spa|2|[from] item: Weakness Policy\n|-damage|p1b: Brute Bonnet|72\/100|[from] item: Life Orb\n|move|p2b: Armarouge|Dark Pulse|p1a: Skeledirge\n|-supereffective|p1a: Skeledirge\n|-damage|p1a: Skeledirge|44\/100\n|-enditem|p1a: Skeledirge|Sitrus Berry|[eat]\n|-heal|p1a: Skeledirge|68\/100|[from] item: Sitrus Berry\n|move|p1a: Skeledirge|Shadow Ball|p2b: Armarouge\n|-supereffective|p2b: Armarouge\n|-damage|p2b: Armarouge|0 fnt\n|faint|p2b: Armarouge\n|-curestatus|p2a: Garganacl|slp|[msg]\n|move|p2a: Garganacl|Iron Defense|p2a: Garganacl\n|-boost|p2a: Garganacl|def|2\n|\n|upkeep\n|\n|t:|1683029998\n|switch|p2b: Sylveon|Sylveon, L50, M|100\/100\n|turn|6\n|\n|t:|1683030009\n|move|p1a: Skeledirge|Torch Song|p2a: Garganacl\n|-resisted|p2a: Garganacl\n|-damage|p2a: Garganacl|74\/100\n|-boost|p1a: Skeledirge|spa|1\n|move|p2b: Sylveon|Hyper Voice|p1b: Brute Bonnet|[spread] p1a,p1b\n|-resisted|p1a: Skeledirge\n|-supereffective|p1b: Brute Bonnet\n|-damage|p1a: Skeledirge|48\/100\n|-damage|p1b: Brute Bonnet|7\/100\n|move|p1b: Brute Bonnet|Giga Drain|p2a: Garganacl\n|-supereffective|p2a: Garganacl\n|-damage|p2a: Garganacl|24\/100\n|-heal|p1b: Brute Bonnet|31\/100|[from] drain|[of] p2a: Garganacl\n|-damage|p1b: Brute Bonnet|22\/100|[from] item: Life Orb\n|move|p2a: Garganacl|Iron Defense|p2a: Garganacl\n|-boost|p2a: Garganacl|def|2\n|\n|-heal|p2a: Garganacl|30\/100|[from] item: Leftovers\n|upkeep\n|turn|7\n|\n|t:|1683030034\n|move|p1a: Skeledirge|Torch Song|p2b: Sylveon\n|-damage|p2b: Sylveon|54\/100\n|-boost|p1a: Skeledirge|spa|1\n|move|p2b: Sylveon|Hyper Voice|p1b: Brute Bonnet|[spread] p1a,p1b\n|-resisted|p1a: Skeledirge\n|-supereffective|p1b: Brute Bonnet\n|-damage|p1a: Skeledirge|25\/100\n|-damage|p1b: Brute Bonnet|0 fnt\n|faint|p1b: Brute Bonnet\n|-end|p1b: Brute Bonnet|Protosynthesis|[silent]\n|move|p2a: Garganacl|Recover|p2a: Garganacl\n|-heal|p2a: Garganacl|80\/100\n|\n|-heal|p2a: Garganacl|85\/100|[from] item: Leftovers\n|upkeep\n|\n|t:|1683030052\n|switch|p1b: Gothitelle|Gothitelle, L50, F|100\/100\n|turn|8\n|\n|t:|1683030075\n|move|p1b: Gothitelle|Fake Out|p2a: Garganacl\n|-resisted|p2a: Garganacl\n|-damage|p2a: Garganacl|85\/100\n|move|p1a: Skeledirge|Torch Song|p2b: Sylveon\n|-damage|p2b: Sylveon|0 fnt\n|-boost|p1a: Skeledirge|spa|1\n|faint|p2b: Sylveon\n|cant|p2a: Garganacl|flinch\n|\n|-heal|p2a: Garganacl|91\/100|[from] item: Leftovers\n|upkeep\n|turn|9\n|\n|t:|1683030092\n|move|p1a: Skeledirge|Shadow Ball|p2a: Garganacl\n|-damage|p2a: Garganacl|3\/100\n|move|p1b: Gothitelle|Psychic|p2a: Garganacl\n|-damage|p2a: Garganacl|0 fnt\n|faint|p2a: Garganacl\n|\n|win|emaster2048\n|raw|emaster2048's rating: 1076 → 1100<\/strong> (+24 for winning)\n|raw|GengarMaster69's rating: 1015 → 1005<\/strong> (-10 for losing)\n|l|\u2606GengarMaster69\n|c|\u2606emaster2048|i had persih song\n|c|\u2606emaster2048|perish song\n","uploadtime":1683030116,"views":5,"p1id":"emaster2048","p2id":"gengarmaster69","formatid":"gen9vgc2023regulationc","rating":1005,"private":0,"password":""}