{"id":"gen9vgc2023regulationc-1854824483","p1":"XinBluQAQ","p2":"Iono_1118","format":"[Gen 9] VGC 2023 Regulation C","log":"|j|\u2606XinBluQAQ\n|j|\u2606Iono_1118\n|t:|1682870364\n|gametype|doubles\n|player|p1|XinBluQAQ|shadowtriad|\n|player|p2|Iono_1118|iono|\n|teamsize|p1|6\n|teamsize|p2|6\n|gen|9\n|tier|[Gen 9] VGC 2023 Regulation C\n|rule|Species Clause: Limit one of each Pok\u00e9mon\n|rule|Item Clause: Limit one of each item\n|clearpoke\n|poke|p1|Iron Bundle, L50|\n|poke|p1|Iron Hands, L50|\n|poke|p1|Garchomp, L50, F|\n|poke|p1|Chien-Pao, L50|\n|poke|p1|Ting-Lu, L50|\n|poke|p1|Flutter Mane, L50|\n|poke|p2|Bellibolt, L50, M|\n|poke|p2|Wo-Chien, L50|\n|poke|p2|Scizor, L50, M|\n|poke|p2|Arcanine, L50, M|\n|poke|p2|Flutter Mane, L50|\n|poke|p2|Baxcalibur, L50, M|\n|teampreview|4\nXinBluQAQ has agreed to open team sheets.\n|inactive|Battle timer is ON: inactive players will automatically lose when time's up. (requested by Iono_1118)\n|\n|t:|1682870420\n|start\n|switch|p1a: Iron Hands|Iron Hands, L50, shiny|100\/100\n|switch|p1b: Chien-Pao|Chien-Pao, L50|100\/100\n|switch|p2a: Bellibolt|Bellibolt, L50, M, shiny|100\/100\n|switch|p2b: Flutter Mane|Flutter Mane, L50, shiny|100\/100\n|-ability|p1b: Chien-Pao|Sword of Ruin\n|turn|1\n|\n|t:|1682870436\n|-terastallize|p2b: Flutter Mane|Fairy\n|move|p1a: Iron Hands|Fake Out|p2b: Flutter Mane\n|-damage|p2b: Flutter Mane|54\/100\n|move|p1b: Chien-Pao|Sucker Punch|p2b: Flutter Mane\n|-resisted|p2b: Flutter Mane\n|-damage|p2b: Flutter Mane|9\/100\n|cant|p2b: Flutter Mane|flinch\n|move|p2a: Bellibolt|Parabolic Charge|p1b: Chien-Pao|[spread] p2b,p1a,p1b\n|-resisted|p1a: Iron Hands\n|-damage|p2b: Flutter Mane|0 fnt\n|-damage|p1a: Iron Hands|95\/100\n|-damage|p1b: Chien-Pao|66\/100\n|faint|p2b: Flutter Mane\n|-end|p2b: Flutter Mane|Protosynthesis|[silent]\n|\n|upkeep\n|\n|t:|1682870448\n|switch|p2b: Baxcalibur|Baxcalibur, L50, M, shiny|100\/100\n|turn|2\n|\n|t:|1682870461\n|move|p1b: Chien-Pao|Protect|p1b: Chien-Pao\n|-singleturn|p1b: Chien-Pao|Protect\n|move|p2b: Baxcalibur|Glaive Rush|p1a: Iron Hands\n|-damage|p1a: Iron Hands|23\/100\n|-singlemove|p2b: Baxcalibur|Glaive Rush|[silent]\n|move|p1a: Iron Hands|Close Combat|p2b: Baxcalibur\n|-supereffective|p2b: Baxcalibur\n|-damage|p2b: Baxcalibur|0 fnt\n|-unboost|p1a: Iron Hands|def|1\n|-unboost|p1a: Iron Hands|spd|1\n|faint|p2b: Baxcalibur\n|move|p2a: Bellibolt|Thunderbolt|p1b: Chien-Pao\n|-activate|p1b: Chien-Pao|move: Protect\n|\n|upkeep\n|\n|t:|1682870467\n|switch|p2b: Scizor|Scizor, L50, M, shiny|100\/100\n|turn|3\n|inactive|XinBluQAQ has 30 seconds left.\n|\n|t:|1682870497\n|move|p1b: Chien-Pao|Sucker Punch|p2b: Scizor\n|-damage|p2b: Scizor|55\/100\n|move|p2b: Scizor|Bullet Punch|p1b: Chien-Pao\n|-supereffective|p1b: Chien-Pao\n|-damage|p1b: Chien-Pao|0 fnt\n|faint|p1b: Chien-Pao\n|move|p1a: Iron Hands|Close Combat|p2b: Scizor\n|-damage|p2b: Scizor|0 fnt\n|-unboost|p1a: Iron Hands|def|1\n|-unboost|p1a: Iron Hands|spd|1\n|faint|p2b: Scizor\n|move|p2a: Bellibolt|Thunderbolt|p1a: Iron Hands\n|-resisted|p1a: Iron Hands\n|-damage|p1a: Iron Hands|1\/100\n|\n|upkeep\n|\n|t:|1682870506\n|switch|p1b: Garchomp|Garchomp, L50, F|100\/100\n|turn|4\n|\n|t:|1682870523\n|-end|p1a: Iron Hands|Quark Drive|[silent]\n|switch|p1a: Ting-Lu|Ting-Lu, L50|100\/100\n|-ability|p1a: Ting-Lu|Vessel of Ruin\n|move|p1b: Garchomp|Protect|p1b: Garchomp\n|-singleturn|p1b: Garchomp|Protect\n|move|p2a: Bellibolt|Muddy Water|p1b: Garchomp|[spread] p1a\n|-activate|p1b: Garchomp|move: Protect\n|-supereffective|p1a: Ting-Lu\n|-damage|p1a: Ting-Lu|79\/100\n|\n|upkeep\n|turn|5\n|\n|t:|1682870536\n|move|p1a: Ting-Lu|Protect|p1a: Ting-Lu\n|-singleturn|p1a: Ting-Lu|Protect\n|move|p1b: Garchomp|Earthquake|p2a: Bellibolt|[spread] p2a\n|-activate|p1a: Ting-Lu|move: Protect\n|-supereffective|p2a: Bellibolt\n|-damage|p2a: Bellibolt|34\/100\n|-start|p2a: Bellibolt|Charge|Earthquake|[from] ability: Electromorphosis\n|move|p2a: Bellibolt|Muddy Water|p1a: Ting-Lu|[spread] p1b\n|-activate|p1a: Ting-Lu|move: Protect\n|-damage|p1b: Garchomp|85\/100\n|\n|upkeep\n|turn|6\n|\n|t:|1682870550\n|move|p1b: Garchomp|Protect|p1b: Garchomp\n|-singleturn|p1b: Garchomp|Protect\n|move|p2a: Bellibolt|Sucker Punch||[still]\n|-fail|p2a: Bellibolt\n|move|p1a: Ting-Lu|Stomping Tantrum|p2a: Bellibolt\n|-supereffective|p2a: Bellibolt\n|-damage|p2a: Bellibolt|0 fnt\n|faint|p2a: Bellibolt\n|\n|win|XinBluQAQ\n|l|\u2606Iono_1118\n|l|\u2606XinBluQAQ\n|j|\u2606XinBluQAQ\n|player|p1|XinBluQAQ|shadowtriad\n","uploadtime":1682870562,"views":28,"p1id":"xinbluqaq","p2id":"iono1118","formatid":"gen9vgc2023regulationc","rating":0,"private":0,"password":""}