{"id":"gen9vgc2023regulationc-1846510833","p1":"BlueFishFisherman","p2":"ZacianLoveMe","format":"[Gen 9] VGC 2023 Regulation C","log":"|j|\u2606BlueFishFisherman\n|j|\u2606ZacianLoveMe\n|t:|1681847081\n|gametype|doubles\n|player|p1|BlueFishFisherman|fisherman|1306\n|player|p2|ZacianLoveMe|170|1361\n|teamsize|p1|6\n|teamsize|p2|6\n|gen|9\n|tier|[Gen 9] VGC 2023 Regulation C\n|rated|\n|rule|Species Clause: Limit one of each Pok\u00e9mon\n|rule|Item Clause: Limit one of each item\n|clearpoke\n|poke|p1|Glimmora, L50, F|\n|poke|p1|Amoonguss, L50, F|\n|poke|p1|Flutter Mane, L50|\n|poke|p1|Dondozo, L50, M|\n|poke|p1|Tatsugiri, L50, F|\n|poke|p1|Iron Hands, L50|\n|poke|p2|Garchomp, L50, M|\n|poke|p2|Murkrow, L50, M|\n|poke|p2|Chien-Pao, L50|\n|poke|p2|Dragonite, L50, M|\n|poke|p2|Flutter Mane, L50|\n|poke|p2|Orthworm, L50, F|\n|teampreview|4\nBlueFishFisherman has agreed to open team sheets.\n|\n|t:|1681847120\n|start\n|switch|p1a: Glimmora|Glimmora, L50, F|100\/100\n|switch|p1b: Iron Hands|Iron Hands, L50|100\/100\n|switch|p2a: Garchomp|Garchomp, L50, M|100\/100\n|switch|p2b: Orthworm|Orthworm, L50, F|100\/100\n|turn|1\n|\n|t:|1681847136\n|move|p1b: Iron Hands|Fake Out|p2a: Garchomp\n|-damage|p2a: Garchomp|85\/100\n|-damage|p1b: Iron Hands|88\/100|[from] ability: Rough Skin|[of] p2a: Garchomp\n|cant|p2a: Garchomp|flinch\n|move|p1a: Glimmora|Mortal Spin|p2b: Orthworm|[spread] p2a\n|-immune|p2b: Orthworm\n|-resisted|p2a: Garchomp\n|-damage|p2a: Garchomp|83\/100\n|-status|p2a: Garchomp|psn\n|-damage|p1a: Glimmora|88\/100|[from] ability: Rough Skin|[of] p2a: Garchomp\n|move|p2b: Orthworm|Shed Tail|p2b: Orthworm\n|-start|p2b: Orthworm|Substitute|[from] move: Shed Tail\n|-damage|p2b: Orthworm|50\/100\n|-enditem|p2b: Orthworm|Sitrus Berry|[eat]\n|-heal|p2b: Orthworm|75\/100|[from] item: Sitrus Berry\n|\n|t:|1681847149\n|switch|p2b: Flutter Mane|Flutter Mane, L50|100\/100|[from] Shed Tail\n|-enditem|p2b: Flutter Mane|Booster Energy\n|-activate|p2b: Flutter Mane|ability: Protosynthesis|[fromitem]\n|-start|p2b: Flutter Mane|protosynthesisspa\n|\n|-damage|p2a: Garchomp|70\/100 psn|[from] psn\n|upkeep\n|turn|2\n|\n|t:|1681847176\n|move|p2b: Flutter Mane|Protect|p2b: Flutter Mane\n|-singleturn|p2b: Flutter Mane|Protect\n|move|p1a: Glimmora|Spiky Shield|p1a: Glimmora\n|-singleturn|p1a: Glimmora|move: Protect\n|move|p2a: Garchomp|Earthquake|p1a: Glimmora|[spread] p1b\n|-activate|p2b: Flutter Mane|move: Protect\n|-activate|p1a: Glimmora|move: Protect\n|-supereffective|p1b: Iron Hands\n|-enditem|p1b: Iron Hands|Shuca Berry|[eat]\n|-enditem|p1b: Iron Hands|Shuca Berry|[weaken]\n|-damage|p1b: Iron Hands|53\/100\n|-damage|p2a: Garchomp|60\/100 psn|[from] item: Life Orb\n|move|p1b: Iron Hands|Wild Charge|p2b: Flutter Mane\n|-activate|p2b: Flutter Mane|move: Protect\n|\n|-damage|p2a: Garchomp|48\/100 psn|[from] psn\n|upkeep\n|turn|3\n|\n|t:|1681847196\n|move|p1b: Iron Hands|Protect|p1b: Iron Hands\n|-singleturn|p1b: Iron Hands|Protect\n|move|p2b: Flutter Mane|Moonblast|p1b: Iron Hands\n|-activate|p1b: Iron Hands|move: Protect\n|move|p2a: Garchomp|Stomping Tantrum|p1a: Glimmora\n|-supereffective|p1a: Glimmora\n|-damage|p1a: Glimmora|0 fnt\n|faint|p1a: Glimmora\n|-damage|p2a: Garchomp|38\/100 psn|[from] item: Life Orb\n|\n|-damage|p2a: Garchomp|26\/100 psn|[from] psn\n|upkeep\n|\n|t:|1681847205\n|switch|p1a: Dondozo|Dondozo, L50, M|100\/100\n|turn|4\n|\n|t:|1681847212\n|-end|p1b: Iron Hands|Quark Drive|[silent]\n|switch|p1b: Tatsugiri|Tatsugiri, L50, F, shiny|100\/100\n|-activate|p1b: Tatsugiri|ability: Commander|[of] p1a: Dondozo\n|-boost|p1a: Dondozo|atk|2\n|-boost|p1a: Dondozo|spa|2\n|-boost|p1a: Dondozo|spe|2\n|-boost|p1a: Dondozo|def|2\n|-boost|p1a: Dondozo|spd|2\n|move|p2b: Flutter Mane|Protect|p2b: Flutter Mane\n|-singleturn|p2b: Flutter Mane|Protect\n|move|p2a: Garchomp|Earthquake|p1a: Dondozo|[spread] p1a\n|-miss|p2a: Garchomp|p1b: Tatsugiri\n|-activate|p2b: Flutter Mane|move: Protect\n|-damage|p1a: Dondozo|84\/100\n|-damage|p2a: Garchomp|16\/100 psn|[from] item: Life Orb\n|move|p1a: Dondozo|Rock Slide|p2a: Garchomp|[spread] \n|-activate|p2b: Flutter Mane|move: Protect\n|-miss|p1a: Dondozo|p2a: Garchomp\n|\n|-heal|p1a: Dondozo|90\/100|[from] item: Leftovers\n|-damage|p2a: Garchomp|4\/100 psn|[from] psn\n|upkeep\n|turn|5\n|\n|t:|1681847225\n|move|p2b: Flutter Mane|Moonblast|p1a: Dondozo\n|-damage|p1a: Dondozo|60\/100\n|move|p2a: Garchomp|Stomping Tantrum|p1a: Dondozo\n|-damage|p1a: Dondozo|40\/100\n|-damage|p2a: Garchomp|0 fnt|[from] item: Life Orb\n|faint|p2a: Garchomp\n|move|p1a: Dondozo|Wave Crash|p2b: Flutter Mane\n|-end|p2b: Flutter Mane|Substitute\n|-damage|p1a: Dondozo|35\/100|[from] Recoil|[of] p2b: Flutter Mane\n|\n|-heal|p1a: Dondozo|41\/100|[from] item: Leftovers\n|upkeep\n|\n|t:|1681847232\n|switch|p2a: Murkrow|Murkrow, L50, M|100\/100\n|turn|6\n|\n|t:|1681847243\n|-terastallize|p1a: Dondozo|Steel\n|move|p2a: Murkrow|Haze|p2a: Murkrow\n|-clearallboost\n|move|p2b: Flutter Mane|Moonblast|p1a: Dondozo\n|-resisted|p1a: Dondozo\n|-damage|p1a: Dondozo|11\/100\n|move|p1a: Dondozo|Wave Crash|p2b: Flutter Mane\n|-damage|p2b: Flutter Mane|28\/100\n|-damage|p1a: Dondozo|0 fnt|[from] Recoil\n|faint|p1a: Dondozo\n|\n|upkeep\n|\n|t:|1681847249\n|switch|p1a: Iron Hands|Iron Hands, L50|53\/100\n|turn|7\n|\n|t:|1681847257\n|-terastallize|p2a: Murkrow|Ghost\n|move|p1a: Iron Hands|Fake Out|p2a: Murkrow\n|-immune|p2a: Murkrow\n|move|p2a: Murkrow|Tailwind|p2a: Murkrow\n|-sidestart|p2: ZacianLoveMe|move: Tailwind\n|move|p2b: Flutter Mane|Dazzling Gleam|p1b: Tatsugiri|[spread] p1a,p1b\n|-supereffective|p1a: Iron Hands\n|-supereffective|p1b: Tatsugiri\n|-damage|p1a: Iron Hands|0 fnt\n|-enditem|p1b: Tatsugiri|Focus Sash\n|-damage|p1b: Tatsugiri|1\/100\n|faint|p1a: Iron Hands\n|-end|p1a: Iron Hands|Quark Drive|[silent]\n|move|p1b: Tatsugiri|Muddy Water|p2b: Flutter Mane|[spread] p2a,p2b\n|-damage|p2a: Murkrow|56\/100\n|-damage|p2b: Flutter Mane|1\/100\n|-unboost|p2a: Murkrow|accuracy|1\n|\n|upkeep\n|turn|8\n|-message|BlueFishFisherman forfeited.\n|\n|win|ZacianLoveMe\n|raw|BlueFishFisherman's rating: 1306 → 1289<\/strong> (-17 for losing)\n|raw|ZacianLoveMe's rating: 1361 → 1378<\/strong> (+17 for winning)\n|l|\u2606BlueFishFisherman\n","uploadtime":1681847276,"views":6,"p1id":"bluefishfisherman","p2id":"zacianloveme","formatid":"gen9vgc2023regulationc","rating":1289,"private":0,"password":""}