{"id":"gen9vgc2023regulationc-1861493922","p1":"Dual Tip","p2":"TeacherGus","format":"[Gen 9] VGC 2023 Regulation C","log":"|j|\u2606Dual Tip\n|j|\u2606TeacherGus\n|t:|1683764746\n|gametype|doubles\n|player|p1|Dual Tip|skierf|1299\n|player|p2|TeacherGus|169|1216\n|teamsize|p1|6\n|teamsize|p2|6\n|gen|9\n|tier|[Gen 9] VGC 2023 Regulation C\n|rated|\n|rule|Species Clause: Limit one of each Pok\u00e9mon\n|rule|Item Clause: Limit one of each item\n|clearpoke\n|poke|p1|Abomasnow, L50, M|\n|poke|p1|Iron Bundle, L50|\n|poke|p1|Chi-Yu, L50|\n|poke|p1|Annihilape, L50, M|\n|poke|p1|Grimmsnarl, L50, M|\n|poke|p1|Flutter Mane, L50|\n|poke|p2|Great Tusk, L50|\n|poke|p2|Talonflame, L50, M|\n|poke|p2|Flutter Mane, L50|\n|poke|p2|Amoonguss, L50, F|\n|poke|p2|Iron Bundle, L50|\n|poke|p2|Tyranitar, L50, M|\n|teampreview|4\n|\n|t:|1683764783\n|start\n|switch|p1a: Abomasnow|Abomasnow, L50, M|100\/100\n|switch|p1b: Iron Bundle|Iron Bundle, L50|100\/100\n|switch|p2a: Talonflame|Talonflame, L50, M|100\/100\n|switch|p2b: Flutter Mane|Flutter Mane, L50|100\/100\n|-weather|Snow|[from] ability: Snow Warning|[of] p1a: Abomasnow\n|turn|1\n|\n|t:|1683764812\n|-terastallize|p1a: Abomasnow|Water\n|move|p2b: Flutter Mane|Protect|p2b: Flutter Mane\n|-singleturn|p2b: Flutter Mane|Protect\n|move|p2a: Talonflame|Tailwind|p2a: Talonflame\n|-sidestart|p2: TeacherGus|move: Tailwind\n|move|p1b: Iron Bundle|Flip Turn|p1a: Abomasnow\n|-resisted|p1a: Abomasnow\n|-damage|p1a: Abomasnow|91\/100\n|-enditem|p1a: Abomasnow|Absorb Bulb\n|-boost|p1a: Abomasnow|spa|1|[from] item: Absorb Bulb\n|\n|t:|1683764818\n|-end|p1b: Iron Bundle|Quark Drive|[silent]\n|switch|p1b: Grimmsnarl|Grimmsnarl, L50, M|100\/100|[from] Flip Turn\n|move|p1a: Abomasnow|Giga Drain|p2b: Flutter Mane\n|-activate|p2b: Flutter Mane|move: Protect\n|\n|-weather|Snow|[upkeep]\n|upkeep\n|turn|2\n|\n|t:|1683764860\n|switch|p2a: Tyranitar|Tyranitar, L50, M|100\/100\n|-weather|Sandstorm|[from] ability: Sand Stream|[of] p2a: Tyranitar\n|-end|p2b: Flutter Mane|Protosynthesis|[silent]\n|switch|p2b: Great Tusk|Great Tusk, L50|100\/100\n|move|p1b: Grimmsnarl|Misty Terrain|p1b: Grimmsnarl\n|-fieldstart|move: Misty Terrain\n|move|p1a: Abomasnow|Giga Drain|p2b: Great Tusk\n|-supereffective|p2b: Great Tusk\n|-enditem|p2b: Great Tusk|Focus Sash\n|-damage|p2b: Great Tusk|1\/100\n|-heal|p1a: Abomasnow|100\/100|[from] drain|[of] p2b: Great Tusk\n|\n|-weather|Sandstorm|[upkeep]\n|-damage|p1b: Grimmsnarl|95\/100|[from] Sandstorm\n|-damage|p1a: Abomasnow|94\/100|[from] Sandstorm\n|upkeep\n|turn|3\n|\n|t:|1683764888\n|move|p2b: Great Tusk|Protect|p2b: Great Tusk\n|-singleturn|p2b: Great Tusk|Protect\n|move|p1b: Grimmsnarl|Sucker Punch||[still]\n|-fail|p1b: Grimmsnarl\n|move|p2a: Tyranitar|Heavy Slam|p1b: Grimmsnarl\n|-supereffective|p1b: Grimmsnarl\n|-damage|p1b: Grimmsnarl|23\/100\n|move|p1a: Abomasnow|Giga Drain|p2a: Tyranitar\n|-supereffective|p2a: Tyranitar\n|-damage|p2a: Tyranitar|62\/100\n|-heal|p1a: Abomasnow|100\/100|[from] drain|[of] p2a: Tyranitar\n|\n|-weather|Sandstorm|[upkeep]\n|-damage|p1b: Grimmsnarl|17\/100|[from] Sandstorm\n|-damage|p1a: Abomasnow|94\/100|[from] Sandstorm\n|upkeep\n|turn|4\n|\n|t:|1683764914\n|-end|p2b: Great Tusk|Protosynthesis|[silent]\n|switch|p2b: Flutter Mane|Flutter Mane, L50|100\/100\n|move|p1b: Grimmsnarl|Sucker Punch||[still]\n|-fail|p1b: Grimmsnarl\n|move|p2a: Tyranitar|Heavy Slam|p1b: Grimmsnarl\n|-supereffective|p1b: Grimmsnarl\n|-damage|p1b: Grimmsnarl|0 fnt\n|faint|p1b: Grimmsnarl\n|move|p1a: Abomasnow|Giga Drain|p2a: Tyranitar\n|-supereffective|p2a: Tyranitar\n|-damage|p2a: Tyranitar|20\/100\n|-heal|p1a: Abomasnow|100\/100|[from] drain|[of] p2a: Tyranitar\n|\n|-weather|Sandstorm|[upkeep]\n|-damage|p2b: Flutter Mane|95\/100|[from] Sandstorm\n|-damage|p1a: Abomasnow|94\/100|[from] Sandstorm\n|-sideend|p2: TeacherGus|move: Tailwind\n|upkeep\n|\n|t:|1683764918\n|switch|p1b: Krampus|Annihilape, L50, M, shiny|100\/100\n|-enditem|p1b: Krampus|Misty Seed\n|-boost|p1b: Krampus|spd|1|[from] item: Misty Seed\n|turn|5\n|\n|t:|1683764946\n|-terastallize|p2a: Tyranitar|Flying\n|move|p2b: Flutter Mane|Thunderbolt|p1a: Abomasnow\n|-supereffective|p1a: Abomasnow\n|-damage|p1a: Abomasnow|0 fnt\n|faint|p1a: Abomasnow\n|move|p1b: Krampus|Acrobatics|p2b: Flutter Mane\n|-damage|p2b: Flutter Mane|23\/100\n|move|p2a: Tyranitar|Tera Blast|p1b: Krampus\n|-supereffective|p1b: Krampus\n|-damage|p1b: Krampus|3\/100\n|\n|-weather|Sandstorm|[upkeep]\n|-damage|p2b: Flutter Mane|17\/100|[from] Sandstorm\n|-damage|p1b: Krampus|0 fnt|[from] Sandstorm\n|-damage|p2a: Tyranitar|15\/100|[from] Sandstorm\n|faint|p1b: Krampus\n|upkeep\n|\n|t:|1683764955\n|switch|p1b: Iron Bundle|Iron Bundle, L50|100\/100\n|turn|6\n|\n|t:|1683764982\n|-end|p2b: Flutter Mane|Protosynthesis|[silent]\n|switch|p2b: Great Tusk|Great Tusk, L50|1\/100\n|move|p1b: Iron Bundle|Icy Wind|p2a: Tyranitar|[spread] p2a,p2b\n|-supereffective|p2a: Tyranitar\n|-supereffective|p2b: Great Tusk\n|-damage|p2a: Tyranitar|0 fnt\n|-damage|p2b: Great Tusk|0 fnt\n|faint|p2a: Tyranitar\n|faint|p2b: Great Tusk\n|-end|p2b: Great Tusk|Protosynthesis|[silent]\n|\n|-weather|none\n|-fieldend|Misty Terrain\n|upkeep\n|\n|t:|1683764993\n|switch|p2b: Flutter Mane|Flutter Mane, L50|17\/100\n|switch|p2a: Talonflame|Talonflame, L50, M|100\/100\n|turn|7\n|inactive|Battle timer is ON: inactive players will automatically lose when time's up. (requested by TeacherGus)\n|\n|t:|1683765008\n|move|p2a: Talonflame|Tailwind|p2a: Talonflame\n|-sidestart|p2: TeacherGus|move: Tailwind\n|move|p2b: Flutter Mane|Thunderbolt|p1b: Iron Bundle\n|-supereffective|p1b: Iron Bundle\n|-enditem|p1b: Iron Bundle|Focus Sash\n|-damage|p1b: Iron Bundle|1\/100\n|move|p1b: Iron Bundle|Blizzard|p2a: Talonflame|[spread] p2a,p2b\n|-damage|p2a: Talonflame|40\/100\n|-damage|p2b: Flutter Mane|0 fnt\n|-status|p2a: Talonflame|frz\n|faint|p2b: Flutter Mane\n|-end|p2b: Flutter Mane|Protosynthesis|[silent]\n|\n|upkeep\n|turn|8\n|c|\u2606TeacherGus|Hahahahahajajajajaja\n|c|\u2606TeacherGus|Gg\n|inactive|TeacherGus has 30 seconds left.\n|inactive|Dual Tip has 30 seconds left.\n|\n|t:|1683765044\n|cant|p2a: Talonflame|frz\n|move|p1b: Iron Bundle|Icy Wind|p2a: Talonflame\n|-damage|p2a: Talonflame|0 fnt\n|faint|p2a: Talonflame\n|\n|win|Dual Tip\n|raw|Dual Tip's rating: 1299 → 1318<\/strong> (+19 for winning)\n|raw|TeacherGus's rating: 1216 → 1197<\/strong> (-19 for losing)\n|c|\u2606Dual Tip|gg\n|c|\u2606Dual Tip|got lucky\n|c|\u2606Dual Tip|no fire moves?\n|c|\u2606Dual Tip|it unfreezes I think\n|c|\u2606TeacherGus|Idk\n|c|\u2606TeacherGus|Ggs bro\n","uploadtime":1683765091,"views":7,"p1id":"dualtip","p2id":"teachergus","formatid":"gen9vgc2023regulationc","rating":1197,"private":0,"password":""}