{"id":"gen9vgc2023regulationc-1857392884","p1":"alvarardo","p2":"tadano-reol","format":"[Gen 9] VGC 2023 Regulation C","log":"|j|\u2606alvarardo\n|j|\u2606tadano-reol\n|t:|1683185685\n|gametype|doubles\n|player|p1|alvarardo|shadowtriad|1026\n|player|p2|tadano-reol|red|1129\n|teamsize|p1|6\n|teamsize|p2|6\n|gen|9\n|tier|[Gen 9] VGC 2023 Regulation C\n|rated|\n|rule|Species Clause: Limit one of each Pok\u00e9mon\n|rule|Item Clause: Limit one of each item\n|clearpoke\n|poke|p1|Dragapult, L50, M|\n|poke|p1|Amoonguss, L50, F|\n|poke|p1|Arcanine, L50, M|\n|poke|p1|Flutter Mane, L50|\n|poke|p1|Palafin, L50, M|\n|poke|p1|Chien-Pao, L50|\n|poke|p2|Armarouge, L50, F|\n|poke|p2|Indeedee-F, L50, F|\n|poke|p2|Roaring Moon, L50|\n|poke|p2|Corviknight, L50, F|\n|poke|p2|Garchomp, L50, F|\n|poke|p2|Flutter Mane, L50|\n|teampreview|4\n|j| hisanory\n|inactive|Battle timer is ON: inactive players will automatically lose when time's up. (requested by tadano-reol)\n|\n|t:|1683185716\n|start\n|switch|p1a: sus|Amoonguss, L50, F, shiny|100\/100\n|switch|p1b: Clark Kent|Palafin, L50, M|100\/100\n|switch|p2a: Garchomp|Garchomp, L50, F|100\/100\n|switch|p2b: Corviknight|Corviknight, L50, F|100\/100\n|turn|1\n|\n|t:|1683185736\n|detailschange|p1b: Clark Kent|Palafin-Hero, L50, M\n|switch|p1b: Don Gato|Chien-Pao, L50|100\/100\n|-ability|p1b: Don Gato|Sword of Ruin\n|move|p1a: sus|Protect|p1a: sus\n|-singleturn|p1a: sus|Protect\n|move|p2a: Garchomp|Earthquake|p1b: Don Gato|[spread] p1b\n|-activate|p1a: sus|move: Protect\n|-immune|p2b: Corviknight\n|-damage|p1b: Don Gato|44\/100\n|move|p2b: Corviknight|Brave Bird|p1a: sus\n|-activate|p1a: sus|move: Protect\n|\n|upkeep\n|turn|2\n|\n|t:|1683185760\n|-terastallize|p1a: sus|Water\n|move|p2a: Garchomp|Earthquake|p1a: sus|[spread] p1a,p1b\n|-immune|p2b: Corviknight\n|-damage|p1a: sus|39\/100\n|-damage|p1b: Don Gato|0 fnt\n|-enditem|p1a: sus|Sitrus Berry|[eat]\n|-heal|p1a: sus|64\/100|[from] item: Sitrus Berry\n|faint|p1b: Don Gato\n|move|p2b: Corviknight|Tailwind|p2b: Corviknight\n|-sidestart|p2: tadano-reol|move: Tailwind\n|move|p1a: sus|Pollen Puff|p1: Don Gato|[notarget]\n|-fail|p1a: sus\n|\n|upkeep\n|\n|t:|1683185772\n|switch|p1b: Clark Kent|Palafin-Hero, L50, M|100\/100\n|-activate|p1b: Clark Kent|ability: Zero to Hero\n|turn|3\n|\n|t:|1683185795\n|move|p2a: Garchomp|Earthquake|p1a: sus|[spread] p1a,p1b\n|-immune|p2b: Corviknight\n|-damage|p1a: sus|16\/100\n|-damage|p1b: Clark Kent|56\/100\n|move|p2b: Corviknight|Brave Bird|p1b: Clark Kent\n|-damage|p1b: Clark Kent|7\/100\n|-damage|p2b: Corviknight|87\/100|[from] Recoil\n|move|p1b: Clark Kent|Wave Crash|p2a: Garchomp\n|-damage|p2a: Garchomp|8\/100\n|-damage|p1b: Clark Kent|0 fnt|[from] ability: Rough Skin|[of] p2a: Garchomp\n|faint|p1b: Clark Kent\n|move|p1a: sus|Spore|p2b: Corviknight\n|-status|p2b: Corviknight|slp|[from] move: Spore\n|\n|upkeep\n|\n|t:|1683185809\n|switch|p1b: Flutter Mane|Flutter Mane, L50, shiny|100\/100\n|-enditem|p1b: Flutter Mane|Booster Energy\n|-activate|p1b: Flutter Mane|ability: Protosynthesis|[fromitem]\n|-start|p1b: Flutter Mane|protosynthesisspe\n|turn|4\n|\n|t:|1683185818\n|move|p1a: sus|Protect|p1a: sus\n|-singleturn|p1a: sus|Protect\n|move|p2a: Garchomp|Earthquake|p1b: Flutter Mane|[spread] p1b\n|-activate|p1a: sus|move: Protect\n|-immune|p2b: Corviknight\n|-damage|p1b: Flutter Mane|3\/100\n|move|p1b: Flutter Mane|Dazzling Gleam|p2b: Corviknight|[spread] p2a,p2b\n|-supereffective|p2a: Garchomp\n|-resisted|p2b: Corviknight\n|-damage|p2a: Garchomp|0 fnt\n|-damage|p2b: Corviknight|73\/100 slp\n|faint|p2a: Garchomp\n|cant|p2b: Corviknight|slp\n|\n|upkeep\n|\n|t:|1683185828\n|switch|p2a: Flutter Mane|Flutter Mane, L50|100\/100\n|turn|5\n|\n|t:|1683185836\n|-terastallize|p2a: Flutter Mane|Grass\n|move|p2a: Flutter Mane|Dazzling Gleam|p1a: sus|[spread] p1a,p1b\n|-damage|p1a: sus|0 fnt\n|-damage|p1b: Flutter Mane|0 fnt\n|faint|p1a: sus\n|faint|p1b: Flutter Mane\n|-end|p1b: Flutter Mane|Protosynthesis|[silent]\n|\n|win|tadano-reol\n|raw|alvarardo's rating: 1026 → 1016<\/strong> (-10 for losing)\n|raw|tadano-reol's rating: 1129 → 1147<\/strong> (+18 for winning)\n|l|\u2606tadano-reol\n|l|\u2606alvarardo\n","uploadtime":1683185873,"views":5,"p1id":"alvarardo","p2id":"tadanoreol","formatid":"gen9vgc2023regulationc","rating":1016,"private":0,"password":""}