{"id":"gen9vgc2023regulationc-1857315549","p1":"kanotakekanotake","p2":"JaiFain","format":"[Gen 9] VGC 2023 Regulation C","log":"|j|\u2606kanotakekanotake\n|j|\u2606JaiFain\n|t:|1683172072\n|gametype|doubles\n|player|p1|kanotakekanotake|smasher|1569\n|player|p2|JaiFain|camper|1586\n|teamsize|p1|6\n|teamsize|p2|6\n|gen|9\n|tier|[Gen 9] VGC 2023 Regulation C\n|rated|\n|rule|Species Clause: Limit one of each Pok\u00e9mon\n|rule|Item Clause: Limit one of each item\n|clearpoke\n|poke|p1|Amoonguss, L50, M|\n|poke|p1|Iron Hands, L50|\n|poke|p1|Garganacl, L50, F|\n|poke|p1|Grimmsnarl, L50, M|\n|poke|p1|Gyarados, L50, M|\n|poke|p1|Flutter Mane, L50|\n|poke|p2|Salazzle, L50, F|\n|poke|p2|Gyarados, L50, F|\n|poke|p2|Grimmsnarl, L50, M|\n|poke|p2|Flutter Mane, L50|\n|poke|p2|Iron Hands, L50|\n|poke|p2|Amoonguss, L50, F|\n|teampreview|4\n|j| wingedbagon\n|\n|t:|1683172117\n|start\n|switch|p1a: Flutter Mane|Flutter Mane, L50|100\/100\n|switch|p1b: Iron Hands|Iron Hands, L50|100\/100\n|switch|p2a: Grimmsnarl|Grimmsnarl, L50, M|100\/100\n|switch|p2b: Flutter Mane|Flutter Mane, L50|100\/100\n|-enditem|p2b: Flutter Mane|Booster Energy\n|-activate|p2b: Flutter Mane|ability: Protosynthesis|[fromitem]\n|-start|p2b: Flutter Mane|protosynthesisspa\n|-enditem|p1a: Flutter Mane|Booster Energy\n|-activate|p1a: Flutter Mane|ability: Protosynthesis|[fromitem]\n|-start|p1a: Flutter Mane|protosynthesisspe\n|turn|1\n|inactive|Battle timer is ON: inactive players will automatically lose when time's up. (requested by kanotakekanotake)\n|\n|t:|1683172133\n|-terastallize|p2a: Grimmsnarl|Fairy\n|move|p2b: Flutter Mane|Protect|p2b: Flutter Mane\n|-singleturn|p2b: Flutter Mane|Protect\n|move|p2a: Grimmsnarl|Thunder Wave|p1a: Flutter Mane|[miss]\n|-miss|p2a: Grimmsnarl|p1a: Flutter Mane\n|move|p1a: Flutter Mane|Substitute|p1a: Flutter Mane\n|-start|p1a: Flutter Mane|Substitute\n|-damage|p1a: Flutter Mane|76\/100\n|move|p1b: Iron Hands|Heavy Slam|p2b: Flutter Mane\n|-activate|p2b: Flutter Mane|move: Protect\n|\n|upkeep\n|turn|2\n|inactive|kanotakekanotake has 30 seconds left.\n|\n|t:|1683172168\n|move|p1a: Flutter Mane|Shadow Ball|p2b: Flutter Mane\n|-supereffective|p2b: Flutter Mane\n|-damage|p2b: Flutter Mane|22\/100\n|move|p2b: Flutter Mane|Dazzling Gleam|p1b: Iron Hands|[spread] p1a,p1b\n|-end|p1a: Flutter Mane|Substitute\n|-supereffective|p1b: Iron Hands\n|-damage|p1b: Iron Hands|51\/100\n|move|p2a: Grimmsnarl|Spirit Break|p1b: Iron Hands\n|-supereffective|p1b: Iron Hands\n|-damage|p1b: Iron Hands|0 fnt\n|faint|p1b: Iron Hands\n|-end|p1b: Iron Hands|Quark Drive|[silent]\n|\n|upkeep\n|\n|t:|1683172182\n|switch|p1b: Amoonguss|Amoonguss, L50, M, shiny|100\/100\n|turn|3\n|\n|t:|1683172191\n|move|p2b: Flutter Mane|Protect|p2b: Flutter Mane\n|-singleturn|p2b: Flutter Mane|Protect\n|move|p2a: Grimmsnarl|Light Screen|p2a: Grimmsnarl\n|-sidestart|p2: JaiFain|move: Light Screen\n|move|p1a: Flutter Mane|Shadow Ball|p2b: Flutter Mane\n|-activate|p2b: Flutter Mane|move: Protect\n|move|p1b: Amoonguss|Spore|p2a: Grimmsnarl\n|-status|p2a: Grimmsnarl|slp|[from] move: Spore\n|\n|upkeep\n|turn|4\n|\n|t:|1683172207\n|-end|p2b: Flutter Mane|Protosynthesis|[silent]\n|switch|p2b: *Wiwiu*|Amoonguss, L50, F|100\/100\n|switch|p2a: Iron Hands|Iron Hands, L50|100\/100\n|move|p1a: Flutter Mane|Substitute|p1a: Flutter Mane\n|-start|p1a: Flutter Mane|Substitute\n|-damage|p1a: Flutter Mane|51\/100\n|move|p1b: Amoonguss|Spore|p2b: *Wiwiu*\n|-immune|p2b: *Wiwiu*\n|\n|upkeep\n|turn|5\n|inactive|kanotakekanotake has 30 seconds left.\n|inactive|kanotakekanotake has 20 seconds left.\n|inactive|JaiFain has 30 seconds left.\n|inactive|kanotakekanotake has 15 seconds left.\n|\n|t:|1683172252\n|move|p1a: Flutter Mane|Shadow Ball|p2b: *Wiwiu*\n|-damage|p2b: *Wiwiu*|74\/100\n|move|p2a: Iron Hands|Wild Charge|p1a: Flutter Mane\n|-end|p1a: Flutter Mane|Substitute\n|-damage|p2a: Iron Hands|97\/100|[from] Recoil|[of] p1a: Flutter Mane\n|move|p1b: Amoonguss|Spore|p2a: Iron Hands\n|-status|p2a: Iron Hands|slp|[from] move: Spore\n|move|p2b: *Wiwiu*|Pollen Puff|p2a: Iron Hands\n|-heal|p2a: Iron Hands|100\/100 slp\n|\n|-heal|p2b: *Wiwiu*|80\/100|[from] item: Leftovers\n|upkeep\n|turn|6\n|\n|t:|1683172271\n|switch|p2b: Grimmsnarl|Grimmsnarl, L50, M, tera:Fairy|100\/100 slp\n|move|p1a: Flutter Mane|Substitute|p1a: Flutter Mane\n|-start|p1a: Flutter Mane|Substitute\n|-damage|p1a: Flutter Mane|26\/100\n|cant|p2a: Iron Hands|slp\n|move|p1b: Amoonguss|Pollen Puff|p1a: Flutter Mane\n|-heal|p1a: Flutter Mane|76\/100\n|\n|upkeep\n|turn|7\n|inactive|kanotakekanotake has 30 seconds left.\n|\n|t:|1683172300\n|move|p1a: Flutter Mane|Moonblast|p2a: Iron Hands\n|-supereffective|p2a: Iron Hands\n|-damage|p2a: Iron Hands|57\/100 slp\n|cant|p2b: Grimmsnarl|slp\n|cant|p2a: Iron Hands|slp\n|move|p1b: Amoonguss|Pollen Puff|p1a: Flutter Mane\n|-heal|p1a: Flutter Mane|100\/100\n|\n|upkeep\n|turn|8\n|\n|t:|1683172314\n|switch|p1b: Garganacl|Garganacl, L50, F, shiny|100\/100\n|move|p1a: Flutter Mane|Moonblast|p2a: Iron Hands\n|-supereffective|p2a: Iron Hands\n|-damage|p2a: Iron Hands|13\/100 slp\n|-enditem|p2a: Iron Hands|Sitrus Berry|[eat]\n|-heal|p2a: Iron Hands|38\/100 slp|[from] item: Sitrus Berry\n|cant|p2b: Grimmsnarl|slp\n|-curestatus|p2a: Iron Hands|slp|[msg]\n|move|p2a: Iron Hands|Wild Charge|p1a: Flutter Mane\n|-end|p1a: Flutter Mane|Substitute\n|-damage|p2a: Iron Hands|34\/100|[from] Recoil|[of] p1a: Flutter Mane\n|\n|upkeep\n|turn|9\n|inactive|kanotakekanotake has 30 seconds left.\n|\n|t:|1683172340\n|-terastallize|p1b: Garganacl|Poison\n|move|p1a: Flutter Mane|Substitute|p1a: Flutter Mane\n|-start|p1a: Flutter Mane|Substitute\n|-damage|p1a: Flutter Mane|76\/100\n|cant|p2b: Grimmsnarl|slp\n|move|p2a: Iron Hands|Wild Charge|p1a: Flutter Mane\n|-end|p1a: Flutter Mane|Substitute\n|-damage|p2a: Iron Hands|31\/100|[from] Recoil|[of] p1a: Flutter Mane\n|move|p1b: Garganacl|Salt Cure|p2a: Iron Hands\n|-resisted|p2a: Iron Hands\n|-damage|p2a: Iron Hands|26\/100\n|-start|p2a: Iron Hands|Salt Cure\n|\n|-damage|p2a: Iron Hands|14\/100|[from] Salt Cure\n|upkeep\n|turn|10\n|\n|t:|1683172360\n|move|p1a: Flutter Mane|Protect|p1a: Flutter Mane\n|-singleturn|p1a: Flutter Mane|Protect\n|-curestatus|p2b: Grimmsnarl|slp|[msg]\n|move|p2b: Grimmsnarl|Spirit Break|p1a: Flutter Mane\n|-activate|p1a: Flutter Mane|move: Protect\n|move|p2a: Iron Hands|Wild Charge|p1a: Flutter Mane\n|-activate|p1a: Flutter Mane|move: Protect\n|move|p1b: Garganacl|Salt Cure|p2b: Grimmsnarl\n|-damage|p2b: Grimmsnarl|87\/100\n|-start|p2b: Grimmsnarl|Salt Cure\n|\n|-damage|p2b: Grimmsnarl|74\/100|[from] Salt Cure\n|-damage|p2a: Iron Hands|1\/100|[from] Salt Cure\n|-sideend|p2: JaiFain|move: Light Screen\n|upkeep\n|turn|11\n|j| TuxMonroe\n|\n|t:|1683172382\n|-end|p1a: Flutter Mane|Protosynthesis|[silent]\n|switch|p1a: Amoonguss|Amoonguss, L50, M, shiny|100\/100\n|move|p2b: Grimmsnarl|Spirit Break|p1a: Amoonguss\n|-resisted|p1a: Amoonguss\n|-damage|p1a: Amoonguss|83\/100\n|-unboost|p1a: Amoonguss|spa|1\n|move|p2a: Iron Hands|Wild Charge|p1a: Amoonguss\n|-resisted|p1a: Amoonguss\n|-damage|p1a: Amoonguss|61\/100\n|-damage|p2a: Iron Hands|0 fnt|[from] Recoil\n|faint|p2a: Iron Hands\n|-end|p2a: Iron Hands|Quark Drive|[silent]\n|move|p1b: Garganacl|Iron Defense|p1b: Garganacl\n|-boost|p1b: Garganacl|def|2\n|\n|-damage|p2b: Grimmsnarl|62\/100|[from] Salt Cure\n|upkeep\n|\n|t:|1683172392\n|switch|p2a: Flutter Mane|Flutter Mane, L50|22\/100\n|turn|12\n|\n|t:|1683172406\n|move|p2a: Flutter Mane|Protect|p2a: Flutter Mane\n|-singleturn|p2a: Flutter Mane|Protect\n|move|p2b: Grimmsnarl|Thunder Wave|p1a: Amoonguss|[miss]\n|-miss|p2b: Grimmsnarl|p1a: Amoonguss\n|move|p1b: Garganacl|Salt Cure|p2a: Flutter Mane\n|-activate|p2a: Flutter Mane|move: Protect\n|move|p1a: Amoonguss|Spore|p2b: Grimmsnarl\n|-status|p2b: Grimmsnarl|slp|[from] move: Spore\n|\n|-damage|p2b: Grimmsnarl|50\/100 slp|[from] Salt Cure\n|upkeep\n|turn|13\n|\n|t:|1683172428\n|-end|p2a: Flutter Mane|Protosynthesis|[silent]\n|switch|p2a: *Wiwiu*|Amoonguss, L50, F|100\/100\n|move|p1a: Amoonguss|Protect|p1a: Amoonguss\n|-singleturn|p1a: Amoonguss|Protect\n|cant|p2b: Grimmsnarl|slp\n|move|p1b: Garganacl|Salt Cure|p2a: *Wiwiu*\n|-damage|p2a: *Wiwiu*|89\/100\n|-start|p2a: *Wiwiu*|Salt Cure\n|\n|-heal|p2a: *Wiwiu*|95\/100|[from] item: Leftovers\n|-damage|p2b: Grimmsnarl|37\/100 slp|[from] Salt Cure\n|-damage|p2a: *Wiwiu*|83\/100|[from] Salt Cure\n|upkeep\n|turn|14\n|inactive|kanotakekanotake has 30 seconds left.\n|\n|t:|1683172454\n|switch|p1a: Flutter Mane|Flutter Mane, L50|76\/100\n|cant|p2b: Grimmsnarl|slp\n|move|p1b: Garganacl|Salt Cure|p2a: *Wiwiu*\n|-damage|p2a: *Wiwiu*|72\/100\n|move|p2a: *Wiwiu*|Pollen Puff|p2b: Grimmsnarl\n|-heal|p2b: Grimmsnarl|87\/100 slp\n|\n|-heal|p2a: *Wiwiu*|78\/100|[from] item: Leftovers\n|-damage|p2b: Grimmsnarl|75\/100 slp|[from] Salt Cure\n|-damage|p2a: *Wiwiu*|66\/100|[from] Salt Cure\n|upkeep\n|turn|15\n|\n|t:|1683172471\n|move|p1a: Flutter Mane|Substitute|p1a: Flutter Mane\n|-start|p1a: Flutter Mane|Substitute\n|-damage|p1a: Flutter Mane|51\/100\n|-curestatus|p2b: Grimmsnarl|slp|[msg]\n|move|p2b: Grimmsnarl|Spirit Break|p1a: Flutter Mane\n|-end|p1a: Flutter Mane|Substitute\n|move|p1b: Garganacl|Salt Cure|p2b: Grimmsnarl\n|-damage|p2b: Grimmsnarl|59\/100\n|move|p2a: *Wiwiu*|Pollen Puff|p2b: Grimmsnarl\n|-heal|p2b: Grimmsnarl|100\/100\n|\n|-heal|p2a: *Wiwiu*|72\/100|[from] item: Leftovers\n|-damage|p2b: Grimmsnarl|88\/100|[from] Salt Cure\n|-damage|p2a: *Wiwiu*|59\/100|[from] Salt Cure\n|upkeep\n|turn|16\n|inactive|JaiFain has 30 seconds left.\n|l| wingedbagon\n|\n|t:|1683172506\n|-end|p1a: Flutter Mane|Protosynthesis|[silent]\n|switch|p1a: Amoonguss|Amoonguss, L50, M, shiny|95\/100\n|move|p2b: Grimmsnarl|Light Screen|p2b: Grimmsnarl\n|-sidestart|p2: JaiFain|move: Light Screen\n|move|p1b: Garganacl|Salt Cure|p2a: *Wiwiu*\n|-damage|p2a: *Wiwiu*|49\/100\n|move|p2a: *Wiwiu*|Spore|p1a: Amoonguss\n|-immune|p1a: Amoonguss\n|\n|-heal|p2a: *Wiwiu*|55\/100|[from] item: Leftovers\n|-damage|p2b: Grimmsnarl|76\/100|[from] Salt Cure\n|-damage|p2a: *Wiwiu*|43\/100|[from] Salt Cure\n|upkeep\n|turn|17\n|j| wingedbagon\n|l| wingedbagon\n|\n|t:|1683172522\n|switch|p2a: Flutter Mane|Flutter Mane, L50|22\/100\n|move|p2b: Grimmsnarl|Thunder Wave|p1a: Amoonguss\n|-status|p1a: Amoonguss|par\n|move|p1b: Garganacl|Salt Cure|p2a: Flutter Mane\n|-damage|p2a: Flutter Mane|0 fnt\n|faint|p2a: Flutter Mane\n|-end|p2a: Flutter Mane|Protosynthesis|[silent]\n|cant|p1a: Amoonguss|par\n|\n|-damage|p2b: Grimmsnarl|63\/100|[from] Salt Cure\n|upkeep\n|\n|t:|1683172524\n|switch|p2a: *Wiwiu*|Amoonguss, L50, F|76\/100\n|turn|18\n|-message|JaiFain forfeited.\n|\n|win|kanotakekanotake\n|raw|kanotakekanotake's rating: 1569 → 1590<\/strong> (+21 for winning)\n|raw|JaiFain's rating: 1586 → 1565<\/strong> (-21 for losing)\n|l|\u2606JaiFain\n","uploadtime":1683172546,"views":11,"p1id":"kanotakekanotake","p2id":"jaifain","formatid":"gen9vgc2023regulationc","rating":1565,"private":0,"password":""}