{"id":"gen9vgc2023regulationc-1847826927","p1":"BMKing1212","p2":"SANGANO","format":"[Gen 9] VGC 2023 Regulation C","log":"|j|\u2606BMKing1212\n|j|\u2606SANGANO\n|t:|1682005194\n|gametype|doubles\n|player|p1|BMKing1212|1|1121\n|player|p2|SANGANO|102|1176\n|teamsize|p1|6\n|teamsize|p2|6\n|gen|9\n|tier|[Gen 9] VGC 2023 Regulation C\n|rated|\n|rule|Species Clause: Limit one of each Pok\u00e9mon\n|rule|Item Clause: Limit one of each item\n|clearpoke\n|poke|p1|Ting-Lu, L50|\n|poke|p1|Flutter Mane, L50|\n|poke|p1|Amoonguss, L50, M|\n|poke|p1|Baxcalibur, L50, F|\n|poke|p1|Palafin, L50, F|\n|poke|p1|Tauros-Paldea-Blaze, L50, M|\n|poke|p2|Chi-Yu, L50|\n|poke|p2|Flutter Mane, L50|\n|poke|p2|Gyarados, L50, F|\n|poke|p2|Garchomp, L50, F|\n|poke|p2|Amoonguss, L50, M|\n|poke|p2|Iron Hands, L50|\n|teampreview|4\nSANGANO has agreed to open team sheets.\nBMKing1212 has agreed to open team sheets.\n|c|\u2606SANGANO|gl\n|c|\u2606BMKing1212|Same to you!\n|\n|t:|1682005288\n|start\n|switch|p1a: Ting-Lu|Ting-Lu, L50|100\/100\n|switch|p1b: Palafin|Palafin, L50, F|100\/100\n|switch|p2a: Chi-Yu|Chi-Yu, L50|100\/100\n|switch|p2b: Iron Hands|Iron Hands, L50|100\/100\n|-ability|p2a: Chi-Yu|Beads of Ruin\n|-ability|p1a: Ting-Lu|Vessel of Ruin\n|turn|1\n|\n|t:|1682005347\n|switch|p2a: Amoonguss|Amoonguss, L50, M|100\/100\n|switch|p1a: Tauros|Tauros-Paldea-Blaze, L50, M|100\/100\n|-ability|p1a: Tauros|Intimidate|boost\n|-unboost|p2a: Amoonguss|atk|1\n|-unboost|p2b: Iron Hands|atk|1\n|move|p1b: Palafin|Protect|p1b: Palafin\n|-singleturn|p1b: Palafin|Protect\n|move|p2b: Iron Hands|Fake Out|p1a: Tauros\n|-crit|p1a: Tauros\n|-damage|p1a: Tauros|80\/100\n|\n|upkeep\n|turn|2\n|\n|t:|1682005388\n|detailschange|p1b: Palafin|Palafin-Hero, L50, F\n|switch|p1b: Ting-Lu|Ting-Lu, L50|100\/100\n|-ability|p1b: Ting-Lu|Vessel of Ruin\n|switch|p1a: Amoonguss|Amoonguss, L50, M|100\/100\n|-end|p2b: Iron Hands|Quark Drive|[silent]\n|switch|p2b: Flutter Mane|Flutter Mane, L50|100\/100\n|move|p2a: Amoonguss|Spore|p1a: Amoonguss\n|-immune|p1a: Amoonguss\n|\n|upkeep\n|turn|3\n|\n|t:|1682005422\n|move|p2b: Flutter Mane|Protect|p2b: Flutter Mane\n|-singleturn|p2b: Flutter Mane|Protect\n|move|p1b: Ting-Lu|Heavy Slam|p2b: Flutter Mane\n|-activate|p2b: Flutter Mane|move: Protect\n|move|p1a: Amoonguss|Spore|p2b: Flutter Mane\n|-activate|p2b: Flutter Mane|move: Protect\n|move|p2a: Amoonguss|Spore|p1b: Ting-Lu\n|-status|p1b: Ting-Lu|slp|[from] move: Spore\n|\n|upkeep\n|turn|4\n|\n|t:|1682005461\n|switch|p2a: Chi-Yu|Chi-Yu, L50|100\/100\n|-ability|p2a: Chi-Yu|Beads of Ruin\n|-terastallize|p1b: Ting-Lu|Water\n|move|p2b: Flutter Mane|Moonblast|p1b: Ting-Lu\n|-damage|p1b: Ting-Lu|76\/100 slp\n|-damage|p2b: Flutter Mane|91\/100|[from] item: Life Orb\n|cant|p1b: Ting-Lu|slp\n|move|p1a: Amoonguss|Spore|p2b: Flutter Mane\n|-status|p2b: Flutter Mane|slp|[from] move: Spore\n|\n|upkeep\n|turn|5\n|\n|t:|1682005493\n|-end|p2b: Flutter Mane|Protosynthesis|[silent]\n|switch|p2b: Amoonguss|Amoonguss, L50, M|100\/100\n|switch|p1a: Palafin|Palafin-Hero, L50, F|100\/100\n|-activate|p1a: Palafin|ability: Zero to Hero\n|-terastallize|p2a: Chi-Yu|Grass\n|move|p2a: Chi-Yu|Tera Blast|p1b: Ting-Lu\n|-supereffective|p1b: Ting-Lu\n|-damage|p1b: Ting-Lu|36\/100 slp\n|cant|p1b: Ting-Lu|slp\n|\n|upkeep\n|turn|6\n|\n|t:|1682005518\n|switch|p1a: Tauros|Tauros-Paldea-Blaze, L50, M|80\/100\n|-ability|p1a: Tauros|Intimidate|boost\n|-unboost|p2a: Chi-Yu|atk|1\n|-unboost|p2b: Amoonguss|atk|1\n|switch|p1b: Amoonguss|Amoonguss, L50, M|100\/100\n|move|p2b: Amoonguss|Rage Powder|p2b: Amoonguss\n|-singleturn|p2b: Amoonguss|move: Rage Powder\n|move|p2a: Chi-Yu|Tera Blast|p1b: Amoonguss\n|-resisted|p1b: Amoonguss\n|-damage|p1b: Amoonguss|88\/100\n|\n|upkeep\n|turn|7\n|\n|t:|1682005548\n|switch|p2a: Iron Hands|Iron Hands, L50|100\/100\n|move|p1a: Tauros|Raging Bull|p2a: Iron Hands\n|-damage|p2a: Iron Hands|78\/100\n|move|p1b: Amoonguss|Pollen Puff|p1a: Tauros\n|-heal|p1a: Tauros|100\/100\n|move|p2b: Amoonguss|Spore|p1a: Tauros\n|-status|p1a: Tauros|slp|[from] move: Spore\n|\n|upkeep\n|turn|8\n|\n|t:|1682005595\n|switch|p2b: Chi-Yu|Chi-Yu, L50, tera:Grass|100\/100\n|-ability|p2b: Chi-Yu|Beads of Ruin\n|cant|p1a: Tauros|slp\n|move|p2a: Iron Hands|Fake Out|p1b: Amoonguss\n|-damage|p1b: Amoonguss|76\/100\n|cant|p1b: Amoonguss|flinch\n|\n|upkeep\n|turn|9\n|\n|t:|1682005629\n|move|p2b: Chi-Yu|Heat Wave|p1b: Amoonguss|[spread] p1a,p1b\n|-resisted|p1a: Tauros\n|-supereffective|p1b: Amoonguss\n|-damage|p1a: Tauros|72\/100 slp\n|-damage|p1b: Amoonguss|0 fnt\n|faint|p1b: Amoonguss\n|cant|p1a: Tauros|slp\n|move|p2a: Iron Hands|Volt Switch|p1a: Tauros\n|-damage|p1a: Tauros|55\/100 slp\n|\n|t:|1682005640\n|-end|p2a: Iron Hands|Quark Drive|[silent]\n|switch|p2a: Amoonguss|Amoonguss, L50, M|100\/100|[from] Volt Switch\n|\n|upkeep\n|\n|t:|1682005649\n|switch|p1b: Palafin|Palafin-Hero, L50, F|100\/100\n|turn|10\n|\n|t:|1682005667\n|switch|p2b: Iron Hands|Iron Hands, L50|78\/100\n|move|p1b: Palafin|Wave Crash|p2a: Amoonguss\n|-resisted|p2a: Amoonguss\n|-damage|p2a: Amoonguss|66\/100\n|-damage|p1b: Palafin|84\/100|[from] item: Rocky Helmet|[of] p2a: Amoonguss\n|-damage|p1b: Palafin|70\/100|[from] Recoil\n|-curestatus|p1a: Tauros|slp|[msg]\n|move|p1a: Tauros|Raging Bull|p2a: Amoonguss\n|-supereffective|p2a: Amoonguss\n|-damage|p2a: Amoonguss|14\/100\n|-damage|p1a: Tauros|38\/100|[from] item: Rocky Helmet|[of] p2a: Amoonguss\n|move|p2a: Amoonguss|Spore|p1b: Palafin\n|-status|p1b: Palafin|slp|[from] move: Spore\n|\n|upkeep\n|turn|11\n|\n|t:|1682005702\n|switch|p1b: Ting-Lu|Ting-Lu, L50, tera:Water|36\/100 slp\n|-ability|p1b: Ting-Lu|Vessel of Ruin\n|move|p1a: Tauros|Protect|p1a: Tauros\n|-singleturn|p1a: Tauros|Protect\n|move|p2a: Amoonguss|Protect|p2a: Amoonguss\n|-singleturn|p2a: Amoonguss|Protect\n|move|p2b: Iron Hands|Wild Charge|p1b: Ting-Lu\n|-supereffective|p1b: Ting-Lu\n|-damage|p1b: Ting-Lu|0 fnt\n|faint|p1b: Ting-Lu\n|-damage|p2b: Iron Hands|69\/100|[from] Recoil\n|\n|upkeep\n|\n|t:|1682005714\n|switch|p1b: Palafin|Palafin-Hero, L50, F|70\/100 slp\n|turn|12\n|\n|t:|1682005740\n|cant|p1b: Palafin|slp\n|move|p1a: Tauros|Will-O-Wisp|p2b: Iron Hands\n|-status|p2b: Iron Hands|brn\n|move|p2b: Iron Hands|Wild Charge|p1b: Palafin\n|-supereffective|p1b: Palafin\n|-crit|p1b: Palafin\n|-damage|p1b: Palafin|0 fnt\n|faint|p1b: Palafin\n|-damage|p2b: Iron Hands|56\/100 brn|[from] Recoil\n|move|p2a: Amoonguss|Spore|p1a: Tauros\n|-status|p1a: Tauros|slp|[from] move: Spore\n|\n|-damage|p2b: Iron Hands|50\/100 brn|[from] brn\n|upkeep\n|-enditem|p2b: Iron Hands|Sitrus Berry|[eat]\n|-heal|p2b: Iron Hands|75\/100 brn|[from] item: Sitrus Berry\n|turn|13\n|-message|BMKing1212 forfeited.\n|\n|win|SANGANO\n|raw|BMKing1212's rating: 1121 → 1100<\/strong> (-21 for losing)\n|raw|SANGANO's rating: 1176 → 1197<\/strong> (+21 for winning)\n|l|\u2606BMKing1212\n|c|\u2606SANGANO|gg\n","uploadtime":1682005764,"views":12,"p1id":"bmking1212","p2id":"sangano","formatid":"gen9vgc2023regulationc","rating":1100,"private":0,"password":""}