{"id":"gen9vgc2023regulationc-1852463979","p1":"foiledfeline","p2":"WOLFIELIL","format":"[Gen 9] VGC 2023 Regulation C","log":"|j|\u2606foiledfeline\n|j|\u2606WOLFIELIL\n|t:|1682560858\n|gametype|doubles\n|player|p1|foiledfeline|102|1232\n|player|p2|WOLFIELIL|unknown|1134\n|teamsize|p1|6\n|teamsize|p2|6\n|gen|9\n|tier|[Gen 9] VGC 2023 Regulation C\n|rated|\n|rule|Species Clause: Limit one of each Pok\u00e9mon\n|rule|Item Clause: Limit one of each item\n|clearpoke\n|poke|p1|Flutter Mane, L50|\n|poke|p1|Talonflame, L50, M|\n|poke|p1|Baxcalibur, L50, M|\n|poke|p1|Ting-Lu, L50|\n|poke|p1|Breloom, L50, F|\n|poke|p1|Gyarados, L50, M|\n|poke|p2|Scream Tail, L50|\n|poke|p2|Garchomp, L50, F|\n|poke|p2|Gyarados, L50, F|\n|poke|p2|Chi-Yu, L50|\n|poke|p2|Amoonguss, L50, M|\n|poke|p2|Iron Hands, L50|\n|teampreview|4\nfoiledfeline has agreed to open team sheets.\n|\n|t:|1682560907\n|start\n|switch|p1a: Breloom|Breloom, L50, F|100\/100\n|switch|p1b: Baxcalibur|Baxcalibur, L50, M|100\/100\n|switch|p2a: Iron Hands|Iron Hands, L50|100\/100\n|switch|p2b: Scream Tail|Scream Tail, L50|100\/100\n|-enditem|p2b: Scream Tail|Booster Energy\n|-activate|p2b: Scream Tail|ability: Protosynthesis|[fromitem]\n|-start|p2b: Scream Tail|protosynthesisspe\n|turn|1\n|\n|t:|1682560943\n|move|p1b: Baxcalibur|Protect|p1b: Baxcalibur\n|-singleturn|p1b: Baxcalibur|Protect\n|move|p2a: Iron Hands|Fake Out|p1a: Breloom\n|-damage|p1a: Breloom|75\/100\n|move|p2b: Scream Tail|Howl|p2b: Scream Tail|[spread] p2a,p2b\n|-boost|p2a: Iron Hands|atk|1\n|-boost|p2b: Scream Tail|atk|1\n|cant|p1a: Breloom|flinch\n|\n|upkeep\n|turn|2\n|\n|t:|1682560963\n|switch|p1b: Flutter Mane|Flutter Mane, L50|100\/100\n|-enditem|p1b: Flutter Mane|Booster Energy\n|-activate|p1b: Flutter Mane|ability: Protosynthesis|[fromitem]\n|-start|p1b: Flutter Mane|protosynthesisspa\n|move|p2b: Scream Tail|Play Rough|p1a: Breloom\n|-supereffective|p1a: Breloom\n|-damage|p1a: Breloom|0 fnt\n|faint|p1a: Breloom\n|move|p2a: Iron Hands|Drain Punch|p1b: Flutter Mane\n|-immune|p1b: Flutter Mane\n|\n|upkeep\n|\n|t:|1682560974\n|switch|p1a: Talonflame|Talonflame, L50, M|100\/100\n|turn|3\n|\n|t:|1682561003\n|-terastallize|p1b: Flutter Mane|Fairy\n|-terastallize|p2a: Iron Hands|Grass\n|move|p1a: Talonflame|Tailwind|p1a: Talonflame\n|-sidestart|p1: foiledfeline|move: Tailwind\n|move|p1b: Flutter Mane|Moonblast|p2a: Iron Hands\n|-damage|p2a: Iron Hands|57\/100\n|move|p2a: Iron Hands|Heavy Slam|p1b: Flutter Mane\n|-supereffective|p1b: Flutter Mane\n|-damage|p1b: Flutter Mane|0 fnt\n|faint|p1b: Flutter Mane\n|-end|p1b: Flutter Mane|Protosynthesis|[silent]\n|move|p2b: Scream Tail|Trick Room|p2b: Scream Tail\n|-fieldstart|move: Trick Room|[of] p2b: Scream Tail\n|\n|upkeep\n|\n|t:|1682561016\n|switch|p1b: Baxcalibur|Baxcalibur, L50, M|100\/100\n|turn|4\n|\n|t:|1682561032\n|move|p1a: Talonflame|Brave Bird|p2a: Iron Hands\n|-supereffective|p2a: Iron Hands\n|-damage|p2a: Iron Hands|0 fnt\n|faint|p2a: Iron Hands\n|-end|p2a: Iron Hands|Quark Drive|[silent]\n|-damage|p1a: Talonflame|71\/100|[from] Recoil\n|move|p1b: Baxcalibur|Earthquake|p2b: Scream Tail|[spread] p2b\n|-immune|p1a: Talonflame\n|-damage|p2b: Scream Tail|74\/100\n|move|p2b: Scream Tail|Play Rough|p1b: Baxcalibur\n|-supereffective|p1b: Baxcalibur\n|-damage|p1b: Baxcalibur|47\/100\n|\n|upkeep\n|\n|t:|1682561037\n|switch|p2a: Gyarados|Gyarados, L50, F|100\/100\n|-ability|p2a: Gyarados|Intimidate|boost\n|-unboost|p1a: Talonflame|atk|1\n|-fail|p1b: Baxcalibur|unboost|[from] item: Clear Amulet|[of] p1b: Baxcalibur\n|turn|5\n|\n|t:|1682561053\n|move|p1b: Baxcalibur|Protect|p1b: Baxcalibur\n|-singleturn|p1b: Baxcalibur|Protect\n|move|p2a: Gyarados|Waterfall|p1a: Talonflame\n|-supereffective|p1a: Talonflame\n|-damage|p1a: Talonflame|0 fnt\n|faint|p1a: Talonflame\n|move|p2b: Scream Tail|Play Rough|p1b: Baxcalibur\n|-activate|p1b: Baxcalibur|move: Protect\n|\n|upkeep\n|turn|6\n|-message|foiledfeline forfeited.\n|\n|win|WOLFIELIL\n|raw|foiledfeline's rating: 1232 → 1200<\/strong> (-32 for losing)\n|raw|WOLFIELIL's rating: 1134 → 1166<\/strong> (+32 for winning)\n","uploadtime":1682561067,"views":10,"p1id":"foiledfeline","p2id":"wolfielil","formatid":"gen9vgc2023regulationc","rating":1166,"private":0,"password":""}