{"id":"gen9vgc2023regulationc-1863537561","p1":"MC MazelTov","p2":"RuloGuitar","format":"[Gen 9] VGC 2023 Regulation C","log":"|j|\u2606MC MazelTov\n|j|\u2606RuloGuitar\n|t:|1684031074\n|gametype|doubles\n|player|p1|MC MazelTov|2|1058\n|player|p2|RuloGuitar|flint|1098\n|teamsize|p1|6\n|teamsize|p2|6\n|gen|9\n|tier|[Gen 9] VGC 2023 Regulation C\n|rated|\n|rule|Species Clause: Limit one of each Pok\u00e9mon\n|rule|Item Clause: Limit one of each item\n|clearpoke\n|poke|p1|Palafin, L50, M|\n|poke|p1|Blissey, L50, F|\n|poke|p1|Bellibolt, L50, M|\n|poke|p1|Flutter Mane, L50|\n|poke|p1|Arcanine, L50, M|\n|poke|p1|Murkrow, L50, F|\n|poke|p2|Torkoal, L50, F|\n|poke|p2|Chi-Yu, L50|\n|poke|p2|Arcanine, L50, F|\n|poke|p2|Indeedee-F, L50, F|\n|poke|p2|Hatterene, L50, F|\n|poke|p2|Flutter Mane, L50|\n|teampreview|4\n|\n|t:|1684031123\n|start\n|switch|p1a: Blissey|Blissey, L50, F|100\/100\n|switch|p1b: Bellibolt|Bellibolt, L50, M|100\/100\n|switch|p2a: Indeedee|Indeedee-F, L50, F|100\/100\n|switch|p2b: Hatterene|Hatterene, L50, F, shiny|100\/100\n|-fieldstart|move: Psychic Terrain|[from] ability: Psychic Surge|[of] p2a: Indeedee\n|turn|1\n|\n|t:|1684031143\n|move|p2a: Indeedee|Follow Me|p2a: Indeedee\n|-singleturn|p2a: Indeedee|move: Follow Me\n|move|p1a: Blissey|Earthquake|p2a: Indeedee|[spread] p1b,p2a,p2b\n|-supereffective|p1b: Bellibolt\n|-damage|p1b: Bellibolt|94\/100\n|-damage|p2a: Indeedee|97\/100\n|-damage|p2b: Hatterene|97\/100\n|-start|p1b: Bellibolt|Charge|Earthquake|[from] ability: Electromorphosis\n|-enditem|p1b: Bellibolt|Weakness Policy\n|-boost|p1b: Bellibolt|atk|2|[from] item: Weakness Policy\n|-boost|p1b: Bellibolt|spa|2|[from] item: Weakness Policy\n|move|p1b: Bellibolt|Parabolic Charge|p2b: Hatterene|[spread] p1a,p2a,p2b\n|-crit|p2a: Indeedee\n|-damage|p1a: Blissey|68\/100\n|-heal|p1b: Bellibolt|100\/100|[from] drain|[of] p1a: Blissey\n|-damage|p2a: Indeedee|0 fnt\n|-damage|p2b: Hatterene|3\/100\n|faint|p2a: Indeedee\n|-end|p1b: Bellibolt|Charge|[silent]\n|move|p2b: Hatterene|Trick Room|p2b: Hatterene\n|-fieldstart|move: Trick Room|[of] p2b: Hatterene\n|\n|-heal|p2b: Hatterene|9\/100|[from] item: Leftovers\n|-heal|p1a: Blissey|75\/100|[from] item: Leftovers\n|upkeep\n|\n|t:|1684031165\n|switch|p2a: Torkoal|Torkoal, L50, F|100\/100\n|-weather|SunnyDay|[from] ability: Drought|[of] p2a: Torkoal\n|turn|2\n|\n|t:|1684031185\n|-terastallize|p2a: Torkoal|Fire\n|move|p1b: Bellibolt|Protect|p1b: Bellibolt\n|-singleturn|p1b: Bellibolt|Protect\n|move|p1a: Blissey|Protect|p1a: Blissey\n|-singleturn|p1a: Blissey|Protect\n|move|p2a: Torkoal|Eruption|p1a: Blissey|[spread] \n|-activate|p1a: Blissey|move: Protect\n|-activate|p1b: Bellibolt|move: Protect\n|move|p2b: Hatterene|Dazzling Gleam|p1a: Blissey|[spread] \n|-activate|p1a: Blissey|move: Protect\n|-activate|p1b: Bellibolt|move: Protect\n|\n|-weather|SunnyDay|[upkeep]\n|-heal|p2b: Hatterene|15\/100|[from] item: Leftovers\n|-heal|p1a: Blissey|81\/100|[from] item: Leftovers\n|upkeep\n|turn|3\n|\n|t:|1684031215\n|move|p2a: Torkoal|Eruption|p1a: Blissey|[spread] p1a,p1b\n|-damage|p1a: Blissey|39\/100\n|-damage|p1b: Bellibolt|0 fnt\n|faint|p1b: Bellibolt\n|move|p2b: Hatterene|Dazzling Gleam|p1a: Blissey\n|-damage|p1a: Blissey|24\/100\n|move|p1a: Blissey|Heal Pulse|p1: Bellibolt|[notarget]\n|-fail|p1a: Blissey\n|\n|-weather|SunnyDay|[upkeep]\n|-heal|p2b: Hatterene|21\/100|[from] item: Leftovers\n|-heal|p1a: Blissey|30\/100|[from] item: Leftovers\n|upkeep\n|\n|t:|1684031234\n|switch|p1b: Arcanine|Arcanine, L50, M|100\/100\n|-ability|p1b: Arcanine|Intimidate|boost\n|-unboost|p2a: Torkoal|atk|1\n|-unboost|p2b: Hatterene|atk|1\n|turn|4\n|\n|t:|1684031251\n|move|p1a: Blissey|Protect|p1a: Blissey\n|-singleturn|p1a: Blissey|Protect\n|move|p2a: Torkoal|Eruption|p1a: Blissey|[spread] p1b\n|-activate|p1a: Blissey|move: Protect\n|-resisted|p1b: Arcanine\n|-damage|p1b: Arcanine|47\/100\n|move|p2b: Hatterene|Shadow Ball|p1b: Arcanine\n|-damage|p1b: Arcanine|21\/100\n|move|p1b: Arcanine|Snarl|p2a: Torkoal|[spread] p2a,p2b\n|-damage|p2a: Torkoal|89\/100\n|-damage|p2b: Hatterene|12\/100\n|-unboost|p2a: Torkoal|spa|1\n|-unboost|p2b: Hatterene|spa|1\n|\n|-weather|SunnyDay|[upkeep]\n|-heal|p2b: Hatterene|18\/100|[from] item: Leftovers\n|-heal|p1a: Blissey|36\/100|[from] item: Leftovers\n|upkeep\n|turn|5\n|l|\u2606RuloGuitar\n|player|p2|\n|j|\u2606RuloGuitar\n|player|p2|RuloGuitar|flint\n|\n|t:|1684031322\n|switch|p1a: Flutter Mane|Flutter Mane, L50|100\/100\n|-activate|p1a: Flutter Mane|ability: Protosynthesis\n|-start|p1a: Flutter Mane|protosynthesisspe\n|move|p1b: Arcanine|Protect|p1b: Arcanine\n|-singleturn|p1b: Arcanine|Protect\n|move|p2a: Torkoal|Eruption|p1b: Arcanine|[spread] p1a\n|-activate|p1b: Arcanine|move: Protect\n|-damage|p1a: Flutter Mane|24\/100\n|move|p2b: Hatterene|Shadow Ball|p1b: Arcanine\n|-activate|p1b: Arcanine|move: Protect\n|\n|-weather|SunnyDay|[upkeep]\n|-heal|p2b: Hatterene|24\/100|[from] item: Leftovers\n|-fieldend|move: Trick Room\n|-fieldend|move: Psychic Terrain\n|upkeep\n|turn|6\n|inactive|Battle timer is ON: inactive players will automatically lose when time's up. (requested by RuloGuitar)\n|inactive|MC MazelTov has 60 seconds left.\n|\n|t:|1684031357\n|move|p1a: Flutter Mane|Shadow Ball|p2b: Hatterene\n|-supereffective|p2b: Hatterene\n|-damage|p2b: Hatterene|0 fnt\n|faint|p2b: Hatterene\n|move|p1b: Arcanine|Snarl|p2a: Torkoal\n|-damage|p2a: Torkoal|73\/100\n|-unboost|p2a: Torkoal|spa|1\n|move|p2a: Torkoal|Heat Wave|p1b: Arcanine|[spread] p1a,p1b\n|-resisted|p1b: Arcanine\n|-damage|p1a: Flutter Mane|0 fnt\n|-damage|p1b: Arcanine|5\/100\n|faint|p1a: Flutter Mane\n|-end|p1a: Flutter Mane|Protosynthesis|[silent]\n|\n|-weather|none\n|upkeep\n|\n|t:|1684031373\n|switch|p1a: Blissey|Blissey, L50, F|36\/100\n|switch|p2b: Flutter Mane|Flutter Mane, L50|100\/100\n|-enditem|p2b: Flutter Mane|Booster Energy\n|-activate|p2b: Flutter Mane|ability: Protosynthesis|[fromitem]\n|-start|p2b: Flutter Mane|protosynthesisspa\n|turn|7\n|\n|t:|1684031395\n|move|p1b: Arcanine|Protect|p1b: Arcanine\n|-singleturn|p1b: Arcanine|Protect\n|move|p2b: Flutter Mane|Shadow Ball|p1b: Arcanine\n|-activate|p1b: Arcanine|move: Protect\n|move|p1a: Blissey|Heal Pulse|p1b: Arcanine\n|-activate|p1b: Arcanine|move: Protect\n|move|p2a: Torkoal|Heat Wave|p1a: Blissey|[spread] p1a\n|-activate|p1b: Arcanine|move: Protect\n|-damage|p1a: Blissey|26\/100\n|\n|-heal|p1a: Blissey|32\/100|[from] item: Leftovers\n|upkeep\n|turn|8\n|c|\u2606MC MazelTov|im a fool\n|inactive|MC MazelTov has 30 seconds left.\n|\n|t:|1684031423\n|move|p2b: Flutter Mane|Shadow Ball|p1b: Arcanine\n|-damage|p1b: Arcanine|0 fnt\n|faint|p1b: Arcanine\n|move|p1a: Blissey|Heal Pulse|p1: Arcanine|[notarget]\n|-fail|p1a: Blissey\n|move|p2a: Torkoal|Heat Wave|p1a: Blissey\n|-damage|p1a: Blissey|19\/100\n|-status|p1a: Blissey|brn\n|\n|-heal|p1a: Blissey|25\/100 brn|[from] item: Leftovers\n|-damage|p1a: Blissey|19\/100 brn|[from] brn\n|upkeep\n|turn|9\n|c|\u2606MC MazelTov|gg\n|-message|MC MazelTov forfeited.\n|\n|win|RuloGuitar\n|raw|MC MazelTov's rating: 1058 → 1041<\/strong> (-17 for losing)\n|raw|RuloGuitar's rating: 1098 → 1120<\/strong> (+22 for winning)\n","uploadtime":1684031445,"views":10,"p1id":"mcmazeltov","p2id":"ruloguitar","formatid":"gen9vgc2023regulationc","rating":1041,"private":0,"password":""}