{"id":"gen9vgc2023regulationc-1858465519","p1":"furiousduffman","p2":"Greyhuigris","format":"[Gen 9] VGC 2023 Regulation C","log":"|j|\u2606furiousduffman\n|j|\u2606Greyhuigris\n|t:|1683314951\n|gametype|doubles\n|player|p1|furiousduffman|1|1199\n|player|p2|Greyhuigris|102|1123\n|teamsize|p1|6\n|teamsize|p2|6\n|gen|9\n|tier|[Gen 9] VGC 2023 Regulation C\n|rated|\n|rule|Species Clause: Limit one of each Pok\u00e9mon\n|rule|Item Clause: Limit one of each item\n|clearpoke\n|poke|p1|Tatsugiri, L50, M|\n|poke|p1|Dondozo, L50, M|\n|poke|p1|Glimmora, L50, M|\n|poke|p1|Flutter Mane, L50|\n|poke|p1|Amoonguss, L50, F|\n|poke|p1|Arcanine, L50, F|\n|poke|p2|Amoonguss, L50, F|\n|poke|p2|Sableye, L50, M|\n|poke|p2|Flutter Mane, L50|\n|poke|p2|Floatzel, L50, M|\n|poke|p2|Chi-Yu, L50|\n|poke|p2|Wo-Chien, L50|\n|teampreview|4\n|inactive|Battle timer is ON: inactive players will automatically lose when time's up. (requested by furiousduffman)\nGreyhuigris rejected open team sheets.\n|\n|t:|1683315002\n|start\n|switch|p1a: Glimmora|Glimmora, L50, M|100\/100\n|switch|p1b: Dondozo|Dondozo, L50, M|100\/100\n|switch|p2a: Sableye|Sableye, L50, M|100\/100\n|switch|p2b: Amoonguss|Amoonguss, L50, F|100\/100\n|turn|1\n|\n|t:|1683315026\n|-terastallize|p1a: Glimmora|Flying\n|move|p2a: Sableye|Skill Swap|p2b: Amoonguss\n|-activate|p2a: Sableye|move: Skill Swap|||[of] p2b: Amoonguss\n|move|p2b: Amoonguss|Spore|p1b: Dondozo\n|-status|p1b: Dondozo|slp|[from] move: Spore\n|move|p1a: Glimmora|Mortal Spin|p2b: Amoonguss|[spread] p2a,p2b\n|-resisted|p2a: Sableye\n|-damage|p2a: Sableye|99\/100\n|-damage|p2b: Amoonguss|96\/100\n|-status|p2a: Sableye|psn\n|cant|p1b: Dondozo|slp\n|\n|-damage|p2a: Sableye|86\/100 psn|[from] psn\n|upkeep\n|turn|2\n|inactive|furiousduffman has 30 seconds left.\n|inactive|Greyhuigris has 30 seconds left.\n|\n|t:|1683315060\n|switch|p1b: Tatsugiri|Tatsugiri, L50, M|100\/100\n|move|p2b: Amoonguss|Spore|p1a: Glimmora\n|-status|p1a: Glimmora|slp|[from] move: Spore\n|cant|p1a: Glimmora|slp\n|move|p2a: Sableye|Knock Off|p1b: Tatsugiri\n|-damage|p1b: Tatsugiri|54\/100\n|-enditem|p1b: Tatsugiri|Choice Specs|[from] move: Knock Off|[of] p2a: Sableye\n|\n|-damage|p2a: Sableye|74\/100 psn|[from] psn\n|upkeep\n|turn|3\n|\n|t:|1683315080\n|move|p2b: Amoonguss|Spore|p1b: Tatsugiri\n|-status|p1b: Tatsugiri|slp|[from] move: Spore\n|cant|p1b: Tatsugiri|slp\n|cant|p1a: Glimmora|slp\n|move|p2a: Sableye|Knock Off|p1a: Glimmora\n|-damage|p1a: Glimmora|73\/100 slp\n|-damage|p2a: Sableye|58\/100 psn|[from] item: Rocky Helmet|[of] p1a: Glimmora\n|-activate|p1a: Glimmora|ability: Toxic Debris\n|-sidestart|p2: Greyhuigris|move: Toxic Spikes\n|-enditem|p1a: Glimmora|Rocky Helmet|[from] move: Knock Off|[of] p2a: Sableye\n|\n|-damage|p2a: Sableye|45\/100 psn|[from] psn\n|upkeep\n|turn|4\n|inactive|furiousduffman has 30 seconds left.\n|inactive|Greyhuigris has 30 seconds left.\n|inactive|furiousduffman has 20 seconds left.\n|inactive|furiousduffman has 15 seconds left.\n|inactive|furiousduffman has 10 seconds left.\n|inactive|furiousduffman has 5 seconds left.\n|\n|t:|1683315135\n|-curestatus|p1b: Tatsugiri|slp|[msg]\n|move|p1b: Tatsugiri|Muddy Water|p2b: Amoonguss|[spread] p2b\n|-miss|p1b: Tatsugiri|p2a: Sableye\n|-resisted|p2b: Amoonguss\n|-damage|p2b: Amoonguss|82\/100\n|-curestatus|p1a: Glimmora|slp|[msg]\n|move|p1a: Glimmora|Reflect|p1a: Glimmora\n|-sidestart|p1: furiousduffman|Reflect\n|move|p2a: Sableye|Knock Off|p1b: Tatsugiri\n|-damage|p1b: Tatsugiri|32\/100\n|move|p2b: Amoonguss|Pollen Puff|p2a: Sableye\n|-heal|p2a: Sableye|95\/100 psn\n|\n|-damage|p2a: Sableye|83\/100 psn|[from] psn\n|upkeep\n|turn|5\n|inactive|furiousduffman has 30 seconds left.\n|inactive|Greyhuigris has 30 seconds left.\n|inactive|furiousduffman has 20 seconds left.\n|inactive|furiousduffman has 15 seconds left.\n|inactive|furiousduffman has 10 seconds left.\n|\n|t:|1683315182\n|move|p2b: Amoonguss|Spore|p1a: Glimmora\n|-status|p1a: Glimmora|slp|[from] move: Spore\n|move|p1b: Tatsugiri|Draco Meteor|p2b: Amoonguss\n|-damage|p2b: Amoonguss|29\/100\n|-unboost|p1b: Tatsugiri|spa|2\n|-enditem|p2b: Amoonguss|Sitrus Berry|[eat]\n|-heal|p2b: Amoonguss|54\/100|[from] item: Sitrus Berry\n|cant|p1a: Glimmora|slp\n|move|p2a: Sableye|Knock Off|p1b: Tatsugiri\n|-damage|p1b: Tatsugiri|10\/100\n|\n|-damage|p2a: Sableye|71\/100 psn|[from] psn\n|upkeep\n|turn|6\n|inactive|furiousduffman has 30 seconds left.\n|inactive|Greyhuigris has 30 seconds left.\n|\n|t:|1683315210\n|move|p2b: Amoonguss|Spore|p1b: Tatsugiri\n|-status|p1b: Tatsugiri|slp|[from] move: Spore\n|cant|p1b: Tatsugiri|slp\n|cant|p1a: Glimmora|slp\n|move|p2a: Sableye|Knock Off|p1b: Tatsugiri\n|-damage|p1b: Tatsugiri|0 fnt\n|faint|p1b: Tatsugiri\n|\n|-damage|p2a: Sableye|59\/100 psn|[from] psn\n|upkeep\n|\n|t:|1683315219\n|switch|p1b: Flutter Mane|Flutter Mane, L50|100\/100\n|turn|7\n|\n|t:|1683315229\n|move|p2b: Amoonguss|Spore|p1b: Flutter Mane\n|-status|p1b: Flutter Mane|slp|[from] move: Spore\n|cant|p1b: Flutter Mane|slp\n|-curestatus|p1a: Glimmora|slp|[msg]\n|move|p1a: Glimmora|Power Gem|p2b: Amoonguss\n|-damage|p2b: Amoonguss|21\/100\n|move|p2a: Sableye|Knock Off|p1b: Flutter Mane\n|-damage|p1b: Flutter Mane|63\/100 slp\n|-enditem|p1b: Flutter Mane|Life Orb|[from] move: Knock Off|[of] p2a: Sableye\n|\n|-damage|p2a: Sableye|47\/100 psn|[from] psn\n|upkeep\n|turn|8\n|inactive|furiousduffman has 30 seconds left.\n|\n|t:|1683315258\n|move|p2b: Amoonguss|Spore|p1a: Glimmora\n|-status|p1a: Glimmora|slp|[from] move: Spore\n|cant|p1b: Flutter Mane|slp\n|cant|p1a: Glimmora|slp\n|move|p2a: Sableye|Knock Off|p1b: Flutter Mane\n|-damage|p1b: Flutter Mane|37\/100 slp\n|\n|-damage|p2a: Sableye|34\/100 psn|[from] psn\n|-sideend|p1: furiousduffman|Reflect\n|upkeep\n|turn|9\n|inactive|furiousduffman has 30 seconds left.\n|\n|t:|1683315290\n|cant|p1b: Flutter Mane|slp\n|cant|p1a: Glimmora|slp\n|move|p2a: Sableye|Knock Off|p1b: Flutter Mane\n|-damage|p1b: Flutter Mane|0 fnt\n|faint|p1b: Flutter Mane\n|-end|p1b: Flutter Mane|Protosynthesis|[silent]\n|move|p2b: Amoonguss|Pollen Puff|p2a: Sableye\n|-heal|p2a: Sableye|84\/100 psn\n|\n|-damage|p2a: Sableye|72\/100 psn|[from] psn\n|upkeep\n|\n|t:|1683315297\n|switch|p1b: Dondozo|Dondozo, L50, M|100\/100 slp\n|turn|10\n|\n|t:|1683315312\n|move|p2b: Amoonguss|Spore|p1b: Dondozo\n|-fail|p1b: Dondozo|slp\n|-curestatus|p1a: Glimmora|slp|[msg]\n|move|p1a: Glimmora|Power Gem|p2b: Amoonguss\n|-damage|p2b: Amoonguss|0 fnt\n|faint|p2b: Amoonguss\n|move|p2a: Sableye|Knock Off|p1b: Dondozo\n|-damage|p1b: Dondozo|83\/100 slp\n|-enditem|p1b: Dondozo|Assault Vest|[from] move: Knock Off|[of] p2a: Sableye\n|-curestatus|p1b: Dondozo|slp|[msg]\n|move|p1b: Dondozo|Liquidation|p2a: Sableye\n|-damage|p2a: Sableye|37\/100 psn\n|\n|-damage|p2a: Sableye|25\/100 psn|[from] psn\n|upkeep\n|\n|t:|1683315332\n|switch|p2b: Wo-Chien|Wo-Chien, L50|100\/100\n|-status|p2b: Wo-Chien|psn\n|-ability|p2b: Wo-Chien|Tablets of Ruin\n|turn|11\n|inactive|furiousduffman has 30 seconds left.\n|\n|t:|1683315365\n|move|p1a: Glimmora|Venoshock|p2b: Wo-Chien\n|-supereffective|p2b: Wo-Chien\n|-damage|p2b: Wo-Chien|44\/100 psn\n|move|p2b: Wo-Chien|Leech Seed|p1a: Glimmora\n|-start|p1a: Glimmora|move: Leech Seed\n|move|p2a: Sableye|Will-O-Wisp|p1b: Dondozo|[miss]\n|-miss|p2a: Sableye|p1b: Dondozo\n|move|p1b: Dondozo|Liquidation|p2a: Sableye\n|-damage|p2a: Sableye|0 fnt\n|faint|p2a: Sableye\n|\n|-heal|p2b: Wo-Chien|50\/100 psn|[from] item: Leftovers\n|-damage|p1a: Glimmora|61\/100|[from] Leech Seed|[of] p2b: Wo-Chien\n|-heal|p2b: Wo-Chien|62\/100 psn|[silent]\n|-damage|p2b: Wo-Chien|50\/100 psn|[from] psn\n|upkeep\n|\n|t:|1683315379\n|switch|p2a: Flutter Mane|Flutter Mane, L50|100\/100\n|-status|p2a: Flutter Mane|psn\n|turn|12\n|inactive|Greyhuigris has 30 seconds left.\n|inactive|Greyhuigris has 20 seconds left.\n|inactive|Greyhuigris has 15 seconds left.\n|\n|t:|1683315423\n|-terastallize|p2b: Wo-Chien|Poison\n|move|p2a: Flutter Mane|Thunderbolt|p1b: Dondozo\n|-supereffective|p1b: Dondozo\n|-damage|p1b: Dondozo|18\/100\n|-status|p1b: Dondozo|par\n|move|p1a: Glimmora|Mortal Spin|p2a: Flutter Mane|[spread] p2a,p2b\n|-resisted|p2b: Wo-Chien\n|-damage|p2a: Flutter Mane|95\/100 psn\n|-damage|p2b: Wo-Chien|48\/100 psn\n|-end|p1a: Glimmora|Leech Seed|[from] move: Mortal Spin|[of] p1a: Glimmora\n|move|p2b: Wo-Chien|Leech Seed|p1b: Dondozo\n|-start|p1b: Dondozo|move: Leech Seed\n|move|p1b: Dondozo|Heavy Slam|p2a: Flutter Mane\n|-supereffective|p2a: Flutter Mane\n|-damage|p2a: Flutter Mane|7\/100 psn\n|\n|-heal|p2b: Wo-Chien|55\/100 psn|[from] item: Leftovers\n|-damage|p1b: Dondozo|6\/100 par|[from] Leech Seed|[of] p2b: Wo-Chien\n|-heal|p2b: Wo-Chien|71\/100 psn|[silent]\n|-damage|p2a: Flutter Mane|0 fnt|[from] psn\n|faint|p2a: Flutter Mane\n|-end|p2a: Flutter Mane|Protosynthesis|[silent]\n|-damage|p2b: Wo-Chien|58\/100 psn|[from] psn\n|upkeep\n|turn|13\n|inactive|furiousduffman has 30 seconds left.\n|inactive|Greyhuigris has 30 seconds left.\n|inactive|furiousduffman has 20 seconds left.\n|\n|t:|1683315462\n|move|p2b: Wo-Chien|Protect|p2b: Wo-Chien\n|-singleturn|p2b: Wo-Chien|Protect\n|move|p1a: Glimmora|Venoshock|p2b: Wo-Chien\n|-activate|p2b: Wo-Chien|move: Protect\n|move|p1b: Dondozo|Liquidation|p2b: Wo-Chien\n|-activate|p2b: Wo-Chien|move: Protect\n|\n|-heal|p2b: Wo-Chien|65\/100 psn|[from] item: Leftovers\n|-damage|p1b: Dondozo|0 fnt|[from] Leech Seed|[of] p2b: Wo-Chien\n|-heal|p2b: Wo-Chien|72\/100 psn|[silent]\n|faint|p1b: Dondozo\n|-damage|p2b: Wo-Chien|59\/100 psn|[from] psn\n|upkeep\n|turn|14\n|\n|t:|1683315483\n|move|p1a: Glimmora|Power Gem|p2b: Wo-Chien\n|-damage|p2b: Wo-Chien|39\/100 psn\n|move|p2b: Wo-Chien|Ruination|p1a: Glimmora\n|-damage|p1a: Glimmora|31\/100\n|\n|-heal|p2b: Wo-Chien|45\/100 psn|[from] item: Leftovers\n|-damage|p2b: Wo-Chien|33\/100 psn|[from] psn\n|upkeep\n|turn|15\n|\n|t:|1683315497\n|move|p1a: Glimmora|Power Gem|p2b: Wo-Chien\n|-damage|p2b: Wo-Chien|15\/100 psn\n|move|p2b: Wo-Chien|Knock Off|p1a: Glimmora\n|-damage|p1a: Glimmora|13\/100\n|-activate|p1a: Glimmora|ability: Toxic Debris\n|-sidestart|p2: Greyhuigris|move: Toxic Spikes\n|\n|-heal|p2b: Wo-Chien|21\/100 psn|[from] item: Leftovers\n|-damage|p2b: Wo-Chien|9\/100 psn|[from] psn\n|upkeep\n|turn|16\n|\n|t:|1683315519\n|move|p1a: Glimmora|Power Gem|p2b: Wo-Chien\n|-damage|p2b: Wo-Chien|0 fnt\n|faint|p2b: Wo-Chien\n|\n|win|furiousduffman\n|raw|furiousduffman's rating: 1199 → 1219<\/strong> (+20 for winning)\n|raw|Greyhuigris's rating: 1123 → 1103<\/strong> (-20 for losing)\n|l|\u2606Greyhuigris\n","uploadtime":1683315540,"views":21,"p1id":"furiousduffman","p2id":"greyhuigris","formatid":"gen9vgc2023regulationc","rating":1103,"private":0,"password":""}