{"id":"gen9vgc2023regulationc-1845712920","p1":"pessopissaoyeye","p2":"Valhala Alfa","format":"[Gen 9] VGC 2023 Regulation C","log":"|j|\u2606pessopissaoyeye\n|j|\u2606Valhala Alfa\n|t:|1681757755\n|gametype|doubles\n|player|p1|pessopissaoyeye|brycenman|1181\n|player|p2|Valhala Alfa|1|1214\n|teamsize|p1|6\n|teamsize|p2|6\n|gen|9\n|tier|[Gen 9] VGC 2023 Regulation C\n|rated|\n|rule|Species Clause: Limit one of each Pok\u00e9mon\n|rule|Item Clause: Limit one of each item\n|clearpoke\n|poke|p1|Palafin, L50, M|\n|poke|p1|Arcanine, L50, F|\n|poke|p1|Amoonguss, L50, F|\n|poke|p1|Ting-Lu, L50|\n|poke|p1|Baxcalibur, L50, M|\n|poke|p1|Flutter Mane, L50|\n|poke|p2|Gyarados, L50, F|\n|poke|p2|Maushold, L50|\n|poke|p2|Annihilape, L50, M|\n|poke|p2|Ampharos, L50, M|\n|poke|p2|Baxcalibur, L50, F|\n|poke|p2|Amoonguss, L50, F|\n|teampreview|4\n|inactive|Battle timer is ON: inactive players will automatically lose when time's up. (requested by pessopissaoyeye)\npessopissaoyeye has agreed to open team sheets.\n|inactive|Valhala Alfa has 60 seconds left.\n|inactive|Valhala Alfa has 30 seconds left.\n|inactive|Valhala Alfa has 20 seconds left.\n|inactive|Valhala Alfa has 15 seconds left.\n|inactive|Valhala Alfa has 10 seconds left.\n|\n|t:|1681757839\n|start\n|switch|p1a: Baxcalibur|Baxcalibur, L50, M|100\/100\n|switch|p1b: Flutter Mane|Flutter Mane, L50|100\/100\n|switch|p2a: Baxcalibur|Baxcalibur, L50, F|100\/100\n|switch|p2b: Amoonguss|Amoonguss, L50, F|100\/100\n|turn|1\n|inactive|pessopissaoyeye has 30 seconds left.\n|inactive|Valhala Alfa has 30 seconds left.\n|inactive|pessopissaoyeye has 20 seconds left.\n|inactive|Valhala Alfa has 20 seconds left.\n|\n|t:|1681757878\n|-terastallize|p1b: Flutter Mane|Fairy\n|-terastallize|p2a: Baxcalibur|Poison\n|move|p1b: Flutter Mane|Dazzling Gleam|p2b: Amoonguss|[spread] p2a,p2b\n|-resisted|p2a: Baxcalibur\n|-resisted|p2b: Amoonguss\n|-damage|p2a: Baxcalibur|70\/100\n|-damage|p2b: Amoonguss|67\/100\n|move|p1a: Baxcalibur|Icicle Crash|p2b: Amoonguss\n|-supereffective|p2b: Amoonguss\n|-damage|p2b: Amoonguss|0 fnt\n|faint|p2b: Amoonguss\n|move|p2a: Baxcalibur|Icicle Spear|p1b: Flutter Mane\n|-damage|p1b: Flutter Mane|77\/100\n|-damage|p1b: Flutter Mane|55\/100\n|-damage|p1b: Flutter Mane|32\/100\n|-damage|p1b: Flutter Mane|8\/100\n|-hitcount|p1b: Flutter Mane|4\n|\n|upkeep\n|\n|t:|1681757901\n|switch|p2b: Gyarados|Gyarados, L50, F, shiny|100\/100\n|-ability|p2b: Gyarados|Intimidate|boost\n|-fail|p1a: Baxcalibur|unboost|[from] item: Clear Amulet|[of] p1a: Baxcalibur\n|-unboost|p1b: Flutter Mane|atk|1\n|turn|2\n|\n|t:|1681757916\n|move|p2a: Baxcalibur|Ice Shard|p1b: Flutter Mane\n|-crit|p1b: Flutter Mane\n|-damage|p1b: Flutter Mane|0 fnt\n|faint|p1b: Flutter Mane\n|-end|p1b: Flutter Mane|Protosynthesis|[silent]\n|move|p1a: Baxcalibur|Glaive Rush|p2b: Gyarados\n|-damage|p2b: Gyarados|23\/100\n|-singlemove|p1a: Baxcalibur|Glaive Rush|[silent]\n|move|p2b: Gyarados|Dragon Dance|p2b: Gyarados\n|-boost|p2b: Gyarados|atk|1\n|-boost|p2b: Gyarados|spe|1\n|\n|upkeep\n|\n|t:|1681757933\n|switch|p1b: Arcanine|Arcanine, L50, F|100\/100\n|-ability|p1b: Arcanine|Intimidate|boost\n|-unboost|p2a: Baxcalibur|atk|1\n|-unboost|p2b: Gyarados|atk|1\n|turn|3\n|\n|t:|1681757951\n|move|p2b: Gyarados|Protect|p2b: Gyarados\n|-singleturn|p2b: Gyarados|Protect\n|move|p1a: Baxcalibur|Ice Shard|p2b: Gyarados\n|-activate|p2b: Gyarados|move: Protect\n|move|p1b: Arcanine|Howl|p1b: Arcanine|[spread] p1a,p1b\n|-boost|p1a: Baxcalibur|atk|1\n|-boost|p1b: Arcanine|atk|1\n|move|p2a: Baxcalibur|Glaive Rush|p1a: Baxcalibur\n|-supereffective|p1a: Baxcalibur\n|-damage|p1a: Baxcalibur|10\/100\n|-singlemove|p2a: Baxcalibur|Glaive Rush|[silent]\n|\n|upkeep\n|turn|4\n|\n|t:|1681757970\n|move|p1a: Baxcalibur|Ice Shard|p2b: Gyarados\n|-damage|p2b: Gyarados|0 fnt\n|faint|p2b: Gyarados\n|move|p2a: Baxcalibur|Ice Shard|p1a: Baxcalibur\n|-damage|p1a: Baxcalibur|0 fnt\n|faint|p1a: Baxcalibur\n|move|p1b: Arcanine|Flare Blitz|p2a: Baxcalibur\n|-damage|p2a: Baxcalibur|0 fnt\n|faint|p2a: Baxcalibur\n|-damage|p1b: Arcanine|74\/100|[from] Recoil\n|\n|upkeep\n|\n|t:|1681757979\n|switch|p1a: Amoonguss|Amoonguss, L50, F|100\/100\n|switch|p2b: Ampharos|Ampharos, L50, M|100\/100\n|turn|5\n|\n|t:|1681757985\n|move|p1b: Arcanine|Protect|p1b: Arcanine\n|-singleturn|p1b: Arcanine|Protect\n|move|p2b: Ampharos|Volt Switch|p1b: Arcanine\n|-activate|p1b: Arcanine|move: Protect\n|move|p1a: Amoonguss|Spore|p2b: Ampharos\n|-status|p2b: Ampharos|slp|[from] move: Spore\n|\n|upkeep\n|turn|6\n|\n|t:|1681757995\n|move|p1b: Arcanine|Flare Blitz|p2b: Ampharos\n|-damage|p2b: Ampharos|18\/100 slp\n|-status|p1b: Arcanine|par|[from] ability: Static|[of] p2b: Ampharos\n|-damage|p1b: Arcanine|46\/100 par|[from] Recoil\n|cant|p2b: Ampharos|slp\n|move|p1a: Amoonguss|Pollen Puff|p1b: Arcanine\n|-heal|p1b: Arcanine|96\/100 par\n|\n|upkeep\n|turn|7\n|\n|t:|1681758006\n|-curestatus|p2b: Ampharos|slp|[msg]\n|move|p2b: Ampharos|Volt Switch|p1b: Arcanine\n|-damage|p1b: Arcanine|59\/100 par\n|move|p1b: Arcanine|Flare Blitz|p2b: Ampharos\n|-damage|p2b: Ampharos|0 fnt\n|faint|p2b: Ampharos\n|-damage|p1b: Arcanine|53\/100 par|[from] Recoil\n|\n|win|pessopissaoyeye\n|raw|pessopissaoyeye's rating: 1181 → 1208<\/strong> (+27 for winning)\n|raw|Valhala Alfa's rating: 1214 → 1187<\/strong> (-27 for losing)\n","uploadtime":1681758016,"views":7,"p1id":"pessopissaoyeye","p2id":"valhalaalfa","formatid":"gen9vgc2023regulationc","rating":1187,"private":0,"password":""}