{"id":"gen9vgc2023regulationc-1859536894","p1":"fernix96","p2":"coke12001","format":"[Gen 9] VGC 2023 Regulation C","log":"|j|\u2606fernix96\n|j|\u2606coke12001\n|t:|1683537881\n|gametype|doubles\n|player|p1|fernix96|101|1104\n|player|p2|coke12001|2|1062\n|teamsize|p1|6\n|teamsize|p2|6\n|gen|9\n|tier|[Gen 9] VGC 2023 Regulation C\n|rated|\n|rule|Species Clause: Limit one of each Pok\u00e9mon\n|rule|Item Clause: Limit one of each item\n|clearpoke\n|poke|p1|Ting-Lu, L50|\n|poke|p1|Amoonguss, L50, F|\n|poke|p1|Baxcalibur, L50, M|\n|poke|p1|Chi-Yu, L50|\n|poke|p1|Flutter Mane, L50|\n|poke|p1|Iron Bundle, L50|\n|poke|p2|Abomasnow, L50, M|\n|poke|p2|Iron Bundle, L50|\n|poke|p2|Tyranitar, L50, M|\n|poke|p2|Lycanroc, L50, F|\n|poke|p2|Blissey, L50, F|\n|poke|p2|Ting-Lu, L50|\n|teampreview|4\n|inactive|Battle timer is ON: inactive players will automatically lose when time's up. (requested by fernix96)\n|\n|t:|1683537898\n|start\n|switch|p1a: Chi-Yu|Chi-Yu, L50|100\/100\n|switch|p1b: Flutter Mane|Flutter Mane, L50|100\/100\n|switch|p2a: Abomasnow|Abomasnow, L50, M|100\/100\n|switch|p2b: Blissey|Blissey, L50, F|100\/100\n|-ability|p1a: Chi-Yu|Beads of Ruin\n|-weather|Snow|[from] ability: Snow Warning|[of] p2a: Abomasnow\n|-enditem|p1b: Flutter Mane|Booster Energy\n|-activate|p1b: Flutter Mane|ability: Protosynthesis|[fromitem]\n|-start|p1b: Flutter Mane|protosynthesisspe\n|turn|1\n|\n|t:|1683537913\n|-terastallize|p1a: Chi-Yu|Water\n|-terastallize|p2a: Abomasnow|Water\n|move|p1b: Flutter Mane|Dazzling Gleam|p2a: Abomasnow|[spread] p2a,p2b\n|-damage|p2a: Abomasnow|58\/100\n|-damage|p2b: Blissey|83\/100\n|move|p1a: Chi-Yu|Heat Wave|p2a: Abomasnow|[spread] p2b\n|-miss|p1a: Chi-Yu|p2a: Abomasnow\n|-damage|p2b: Blissey|53\/100\n|move|p2a: Abomasnow|Aurora Veil|p2a: Abomasnow\n|-sidestart|p2: coke12001|move: Aurora Veil\n|move|p2b: Blissey|Blizzard|p1a: Chi-Yu|[spread] p1a,p1b\n|-resisted|p1a: Chi-Yu\n|-damage|p1a: Chi-Yu|89\/100\n|-damage|p1b: Flutter Mane|74\/100\n|\n|-weather|Snow|[upkeep]\n|-heal|p2b: Blissey|60\/100|[from] item: Leftovers\n|upkeep\n|turn|2\n|\n|t:|1683537937\n|switch|p1a: Baxcalibur|Baxcalibur, L50, M|100\/100\n|move|p2b: Blissey|Protect|p2b: Blissey\n|-singleturn|p2b: Blissey|Protect\n|move|p1b: Flutter Mane|Moonblast|p2a: Abomasnow\n|-damage|p2a: Abomasnow|24\/100\n|move|p2a: Abomasnow|Leech Seed|p1a: Baxcalibur\n|-start|p1a: Baxcalibur|move: Leech Seed\n|\n|-weather|Snow|[upkeep]\n|-heal|p2b: Blissey|66\/100|[from] item: Leftovers\n|-damage|p1a: Baxcalibur|88\/100|[from] Leech Seed|[of] p2a: Abomasnow\n|-heal|p2a: Abomasnow|36\/100|[silent]\n|upkeep\n|turn|3\n|j| markys017\n|inactive|coke12001 has 30 seconds left.\n|\n|t:|1683537963\n|move|p2a: Abomasnow|Protect|p2a: Abomasnow\n|-singleturn|p2a: Abomasnow|Protect\n|move|p1b: Flutter Mane|Moonblast|p2a: Abomasnow\n|-activate|p2a: Abomasnow|move: Protect\n|move|p1a: Baxcalibur|Dragon Dance|p1a: Baxcalibur\n|-boost|p1a: Baxcalibur|atk|1\n|-boost|p1a: Baxcalibur|spe|1\n|move|p2b: Blissey|Blizzard|p1b: Flutter Mane|[spread] p1a,p1b\n|-damage|p1a: Baxcalibur|67\/100\n|-damage|p1b: Flutter Mane|54\/100\n|\n|-weather|Snow|[upkeep]\n|-heal|p2b: Blissey|72\/100|[from] item: Leftovers\n|-damage|p1a: Baxcalibur|55\/100|[from] Leech Seed|[of] p2a: Abomasnow\n|-heal|p2a: Abomasnow|48\/100|[silent]\n|upkeep\n|turn|4\n|\n|t:|1683537982\n|switch|p2a: Tyranitar|Tyranitar, L50, M|100\/100\n|-weather|Sandstorm|[from] ability: Sand Stream|[of] p2a: Tyranitar\n|move|p1b: Flutter Mane|Moonblast|p2a: Tyranitar\n|-supereffective|p2a: Tyranitar\n|-damage|p2a: Tyranitar|54\/100\n|-unboost|p2a: Tyranitar|spa|1\n|move|p1a: Baxcalibur|Icicle Crash|p2b: Blissey\n|-damage|p2b: Blissey|15\/100\n|move|p2b: Blissey|Blizzard|p1a: Baxcalibur|[spread] p1a,p1b\n|-damage|p1a: Baxcalibur|35\/100\n|-damage|p1b: Flutter Mane|33\/100\n|\n|-weather|Sandstorm|[upkeep]\n|-damage|p1b: Flutter Mane|27\/100|[from] Sandstorm\n|-damage|p1a: Baxcalibur|29\/100|[from] Sandstorm\n|-damage|p2b: Blissey|9\/100|[from] Sandstorm\n|-heal|p2b: Blissey|15\/100|[from] item: Leftovers\n|-damage|p1a: Baxcalibur|17\/100|[from] Leech Seed|[of] p2a: Tyranitar\n|-heal|p2a: Tyranitar|68\/100|[silent]\n|upkeep\n|turn|5\n|l| markys017\n|\n|t:|1683538006\n|move|p2a: Tyranitar|Protect|p2a: Tyranitar\n|-singleturn|p2a: Tyranitar|Protect\n|move|p2b: Blissey|Protect|p2b: Blissey\n|-singleturn|p2b: Blissey|Protect\n|move|p1a: Baxcalibur|Ice Shard|p2a: Tyranitar\n|-activate|p2a: Tyranitar|move: Protect\n|move|p1b: Flutter Mane|Dazzling Gleam|p2b: Blissey|[spread] \n|-activate|p2a: Tyranitar|move: Protect\n|-activate|p2b: Blissey|move: Protect\n|\n|-weather|Sandstorm|[upkeep]\n|-damage|p1b: Flutter Mane|20\/100|[from] Sandstorm\n|-damage|p1a: Baxcalibur|11\/100|[from] Sandstorm\n|-damage|p2b: Blissey|9\/100|[from] Sandstorm\n|-heal|p2b: Blissey|15\/100|[from] item: Leftovers\n|-damage|p1a: Baxcalibur|0 fnt|[from] Leech Seed|[of] p2a: Tyranitar\n|-heal|p2a: Tyranitar|79\/100|[silent]\n|faint|p1a: Baxcalibur\n|-sideend|p2: coke12001|move: Aurora Veil\n|upkeep\n|\n|t:|1683538019\n|switch|p1a: Chi-Yu|Chi-Yu, L50, tera:Water|89\/100\n|-ability|p1a: Chi-Yu|Beads of Ruin\n|turn|6\n|inactive|coke12001 has 30 seconds left.\n|\n|t:|1683538046\n|switch|p2a: Abomasnow|Abomasnow, L50, M, tera:Water|48\/100\n|-weather|Snow|[from] ability: Snow Warning|[of] p2a: Abomasnow\n|move|p1b: Flutter Mane|Protect|p1b: Flutter Mane\n|-singleturn|p1b: Flutter Mane|Protect\n|move|p1a: Chi-Yu|Tera Blast|p2a: Abomasnow\n|-resisted|p2a: Abomasnow\n|-damage|p2a: Abomasnow|2\/100\n|move|p2b: Blissey|Soft-Boiled|p2b: Blissey\n|-heal|p2b: Blissey|65\/100\n|\n|-weather|Snow|[upkeep]\n|-heal|p2b: Blissey|71\/100|[from] item: Leftovers\n|upkeep\n|turn|7\n|\n|t:|1683538065\n|move|p2a: Abomasnow|Protect|p2a: Abomasnow\n|-singleturn|p2a: Abomasnow|Protect\n|move|p1b: Flutter Mane|Moonblast|p2b: Blissey\n|-damage|p2b: Blissey|42\/100\n|move|p1a: Chi-Yu|Tera Blast|p2a: Abomasnow\n|-activate|p2a: Abomasnow|move: Protect\n|move|p2b: Blissey|Blizzard|p1a: Chi-Yu|[spread] p1a,p1b\n|-resisted|p1a: Chi-Yu\n|-damage|p1a: Chi-Yu|77\/100\n|-damage|p1b: Flutter Mane|0 fnt\n|-status|p1a: Chi-Yu|frz\n|faint|p1b: Flutter Mane\n|-end|p1b: Flutter Mane|Protosynthesis|[silent]\n|\n|-weather|Snow|[upkeep]\n|-heal|p2b: Blissey|49\/100|[from] item: Leftovers\n|upkeep\n|\n|t:|1683538074\n|switch|p1b: Ting-Lu|Ting-Lu, L50|100\/100\n|-ability|p1b: Ting-Lu|Vessel of Ruin\n|turn|8\n|\n|t:|1683538089\n|cant|p1a: Chi-Yu|frz\n|move|p2a: Abomasnow|Blizzard|p1a: Chi-Yu|[spread] p1a,p1b\n|-resisted|p1a: Chi-Yu\n|-supereffective|p1b: Ting-Lu\n|-damage|p1a: Chi-Yu|60\/100 frz\n|-damage|p1b: Ting-Lu|67\/100\n|move|p2b: Blissey|Blizzard|p1a: Chi-Yu|[spread] p1a,p1b\n|-resisted|p1a: Chi-Yu\n|-supereffective|p1b: Ting-Lu\n|-crit|p1b: Ting-Lu\n|-damage|p1a: Chi-Yu|52\/100 frz\n|-damage|p1b: Ting-Lu|36\/100\n|move|p1b: Ting-Lu|Heavy Slam|p2b: Blissey\n|-damage|p2b: Blissey|9\/100\n|\n|-weather|Snow|[upkeep]\n|-heal|p2b: Blissey|15\/100|[from] item: Leftovers\n|upkeep\n|turn|9\n|inactive|coke12001 has 30 seconds left.\n|\n|t:|1683538118\n|cant|p1a: Chi-Yu|frz\n|move|p2a: Abomasnow|Blizzard|p1a: Chi-Yu|[spread] p1a,p1b\n|-resisted|p1a: Chi-Yu\n|-supereffective|p1b: Ting-Lu\n|-damage|p1a: Chi-Yu|34\/100 frz\n|-damage|p1b: Ting-Lu|2\/100\n|move|p2b: Blissey|Blizzard|p1b: Ting-Lu|[spread] p1a,p1b\n|-resisted|p1a: Chi-Yu\n|-supereffective|p1b: Ting-Lu\n|-damage|p1a: Chi-Yu|25\/100 frz\n|-damage|p1b: Ting-Lu|0 fnt\n|faint|p1b: Ting-Lu\n|\n|-weather|Snow|[upkeep]\n|-heal|p2b: Blissey|21\/100|[from] item: Leftovers\n|upkeep\n|turn|10\n|\n|t:|1683538131\n|cant|p1a: Chi-Yu|frz\n|move|p2a: Abomasnow|Leech Seed|p1a: Chi-Yu\n|-start|p1a: Chi-Yu|move: Leech Seed\n|move|p2b: Blissey|Soft-Boiled|p2b: Blissey\n|-heal|p2b: Blissey|71\/100\n|\n|-weather|Snow|[upkeep]\n|-heal|p2b: Blissey|77\/100|[from] item: Leftovers\n|-damage|p1a: Chi-Yu|13\/100 frz|[from] Leech Seed|[of] p2a: Abomasnow\n|-heal|p2a: Abomasnow|10\/100|[silent]\n|upkeep\n|turn|11\n|\n|t:|1683538145\n|move|p2a: Abomasnow|Protect|p2a: Abomasnow\n|-singleturn|p2a: Abomasnow|Protect\n|-curestatus|p1a: Chi-Yu|frz|[msg]\n|move|p1a: Chi-Yu|Tera Blast|p2a: Abomasnow\n|-activate|p2a: Abomasnow|move: Protect\n|move|p2b: Blissey|Blizzard|p1a: Chi-Yu\n|-resisted|p1a: Chi-Yu\n|-damage|p1a: Chi-Yu|0 fnt\n|faint|p1a: Chi-Yu\n|\n|win|coke12001\n|raw|fernix96's rating: 1104 → 1076<\/strong> (-28 for losing)\n|raw|coke12001's rating: 1062 → 1096<\/strong> (+34 for winning)\n|l|\u2606fernix96\n|c|\u2606coke12001|gg\n","uploadtime":1683538281,"views":17,"p1id":"fernix96","p2id":"coke12001","formatid":"gen9vgc2023regulationc","rating":1076,"private":0,"password":""}