{"id":"gen9vgc2023regulationc-1862940033","p1":"L0LZ4N0m4","p2":"thrillcorner","format":"[Gen 9] VGC 2023 Regulation C","log":"|j|\u2606L0LZ4N0m4\n|j|\u2606thrillcorner\n|t:|1683941303\n|gametype|doubles\n|player|p1|L0LZ4N0m4|aromalady|1368\n|player|p2|thrillcorner|red-masters2|1329\n|teamsize|p1|6\n|teamsize|p2|6\n|gen|9\n|tier|[Gen 9] VGC 2023 Regulation C\n|rated|\n|rule|Species Clause: Limit one of each Pok\u00e9mon\n|rule|Item Clause: Limit one of each item\n|clearpoke\n|poke|p1|Tyranitar, L50, M|\n|poke|p1|Palafin, L50, M|\n|poke|p1|Kingambit, L50, M|\n|poke|p1|Flutter Mane, L50|\n|poke|p1|Arcanine, L50, F|\n|poke|p1|Amoonguss, L50, F|\n|poke|p2|Arcanine, L50, M|\n|poke|p2|Amoonguss, L50, M|\n|poke|p2|Flutter Mane, L50|\n|poke|p2|Pelipper, L50, F|\n|poke|p2|Azumarill, L50, F|\n|poke|p2|Iron Hands, L50|\n|teampreview|4\n|inactive|Battle timer is ON: inactive players will automatically lose when time's up. (requested by L0LZ4N0m4)\nthrillcorner has agreed to open team sheets.\n|inactive|thrillcorner has 60 seconds left.\n|\n|t:|1683941351\n|start\n|switch|p1a: Palafin|Palafin, L50, M|100\/100\n|switch|p1b: Kingambit|Kingambit, L50, M|100\/100\n|switch|p2a: Iron Hands|Iron Hands, L50|100\/100\n|switch|p2b: Azumarill|Azumarill, L50, F|100\/100\n|turn|1\n|\n|t:|1683941366\n|move|p1a: Palafin|Protect|p1a: Palafin\n|-singleturn|p1a: Palafin|Protect\n|move|p1b: Kingambit|Protect|p1b: Kingambit\n|-singleturn|p1b: Kingambit|Protect\n|move|p2a: Iron Hands|Fake Out|p1b: Kingambit\n|-activate|p1b: Kingambit|move: Protect\n|move|p2b: Azumarill|Liquidation|p1a: Palafin\n|-activate|p1a: Palafin|move: Protect\n|\n|upkeep\n|turn|2\n|\n|t:|1683941390\n|detailschange|p1a: Palafin|Palafin-Hero, L50, M\n|switch|p1a: Tyranitar|Tyranitar, L50, M|100\/100\n|-weather|Sandstorm|[from] ability: Sand Stream|[of] p1a: Tyranitar\n|switch|p1b: Amoonguss|Amoonguss, L50, F|100\/100\n|move|p2b: Azumarill|Liquidation|p1a: Tyranitar\n|-supereffective|p1a: Tyranitar\n|-damage|p1a: Tyranitar|0 fnt\n|faint|p1a: Tyranitar\n|-damage|p2b: Azumarill|91\/100|[from] item: Life Orb\n|move|p2a: Iron Hands|Drain Punch|p1b: Amoonguss\n|-resisted|p1b: Amoonguss\n|-damage|p1b: Amoonguss|85\/100\n|\n|-weather|Sandstorm|[upkeep]\n|-damage|p2b: Azumarill|85\/100|[from] Sandstorm\n|-damage|p2a: Iron Hands|94\/100|[from] Sandstorm\n|-damage|p1b: Amoonguss|79\/100|[from] Sandstorm\n|upkeep\n|\n|t:|1683941406\n|switch|p1a: Kingambit|Kingambit, L50, M|100\/100\n|turn|3\n|\n|t:|1683941418\n|-terastallize|p2a: Iron Hands|Grass\n|move|p2b: Azumarill|Protect|p2b: Azumarill\n|-singleturn|p2b: Azumarill|Protect\n|move|p1b: Amoonguss|Rage Powder|p1b: Amoonguss\n|-singleturn|p1b: Amoonguss|move: Rage Powder\n|move|p1a: Kingambit|Swords Dance|p1a: Kingambit\n|-boost|p1a: Kingambit|atk|2\n|move|p2a: Iron Hands|Drain Punch|p1a: Kingambit\n|-supereffective|p1a: Kingambit\n|-damage|p1a: Kingambit|0 fnt\n|-heal|p2a: Iron Hands|100\/100|[from] drain|[of] p1a: Kingambit\n|faint|p1a: Kingambit\n|\n|-weather|Sandstorm|[upkeep]\n|-damage|p2b: Azumarill|79\/100|[from] Sandstorm\n|-damage|p2a: Iron Hands|94\/100|[from] Sandstorm\n|-damage|p1b: Amoonguss|74\/100|[from] Sandstorm\n|upkeep\n|\n|t:|1683941429\n|switch|p1a: Palafin|Palafin-Hero, L50, M|100\/100\n|-activate|p1a: Palafin|ability: Zero to Hero\n|turn|4\n|\n|t:|1683941442\n|switch|p2b: Amoonguss|Amoonguss, L50, M|100\/100\n|-terastallize|p1a: Palafin|Grass\n|move|p1a: Palafin|Jet Punch|p2b: Amoonguss\n|-resisted|p2b: Amoonguss\n|-damage|p2b: Amoonguss|81\/100\n|move|p2a: Iron Hands|Wild Charge|p1a: Palafin\n|-resisted|p1a: Palafin\n|-damage|p1a: Palafin|80\/100\n|-damage|p2a: Iron Hands|90\/100|[from] Recoil\n|move|p1b: Amoonguss|Spore|p2b: Amoonguss\n|-immune|p2b: Amoonguss\n|\n|-weather|Sandstorm|[upkeep]\n|-damage|p1a: Palafin|74\/100|[from] Sandstorm\n|-damage|p2a: Iron Hands|84\/100|[from] Sandstorm\n|-damage|p2b: Amoonguss|75\/100|[from] Sandstorm\n|-damage|p1b: Amoonguss|68\/100|[from] Sandstorm\n|upkeep\n|turn|5\n|inactive|thrillcorner has 30 seconds left.\n|inactive|thrillcorner has 20 seconds left.\n|inactive|thrillcorner has 15 seconds left.\n|inactive|thrillcorner has 10 seconds left.\n|\n|t:|1683941489\n|move|p1a: Palafin|Jet Punch|p2a: Iron Hands\n|-resisted|p2a: Iron Hands\n|-damage|p2a: Iron Hands|69\/100\n|move|p2a: Iron Hands|Drain Punch|p1b: Amoonguss\n|-resisted|p1b: Amoonguss\n|-damage|p1b: Amoonguss|51\/100\n|-heal|p2a: Iron Hands|76\/100|[from] drain|[of] p1b: Amoonguss\n|move|p2b: Amoonguss|Pollen Puff|p1a: Palafin\n|-supereffective|p1a: Palafin\n|-damage|p1a: Palafin|39\/100\n|move|p1b: Amoonguss|Pollen Puff|p1a: Palafin\n|-heal|p1a: Palafin|89\/100\n|\n|-weather|Sandstorm|[upkeep]\n|-damage|p1a: Palafin|83\/100|[from] Sandstorm\n|-damage|p2a: Iron Hands|70\/100|[from] Sandstorm\n|-damage|p2b: Amoonguss|70\/100|[from] Sandstorm\n|-damage|p1b: Amoonguss|45\/100|[from] Sandstorm\n|-enditem|p1b: Amoonguss|Sitrus Berry|[eat]\n|-heal|p1b: Amoonguss|70\/100|[from] item: Sitrus Berry\n|upkeep\n|turn|6\n|inactive|L0LZ4N0m4 has 30 seconds left.\n|\n|t:|1683941524\n|move|p1a: Palafin|Jet Punch|p2a: Iron Hands\n|-resisted|p2a: Iron Hands\n|-damage|p2a: Iron Hands|54\/100\n|move|p2a: Iron Hands|Drain Punch|p1b: Amoonguss\n|-resisted|p1b: Amoonguss\n|-damage|p1b: Amoonguss|54\/100\n|-heal|p2a: Iron Hands|61\/100|[from] drain|[of] p1b: Amoonguss\n|move|p2b: Amoonguss|Pollen Puff|p1a: Palafin\n|-supereffective|p1a: Palafin\n|-damage|p1a: Palafin|45\/100\n|move|p1b: Amoonguss|Pollen Puff|p2a: Iron Hands\n|-supereffective|p2a: Iron Hands\n|-damage|p2a: Iron Hands|43\/100\n|\n|-weather|none\n|upkeep\n|turn|7\n|\n|t:|1683941543\n|move|p1a: Palafin|Jet Punch|p2a: Iron Hands\n|-resisted|p2a: Iron Hands\n|-damage|p2a: Iron Hands|26\/100\n|move|p2a: Iron Hands|Drain Punch|p1b: Amoonguss\n|-resisted|p1b: Amoonguss\n|-damage|p1b: Amoonguss|39\/100\n|-heal|p2a: Iron Hands|33\/100|[from] drain|[of] p1b: Amoonguss\n|move|p2b: Amoonguss|Pollen Puff|p2a: Iron Hands\n|-heal|p2a: Iron Hands|83\/100\n|move|p1b: Amoonguss|Pollen Puff|p1a: Palafin\n|-heal|p1a: Palafin|95\/100\n|\n|upkeep\n|turn|8\n|-message|L0LZ4N0m4 forfeited.\n|\n|win|thrillcorner\n|raw|L0LZ4N0m4's rating: 1368 → 1346<\/strong> (-22 for losing)\n|raw|thrillcorner's rating: 1329 → 1351<\/strong> (+22 for winning)\n|c|\u2606thrillcorner|gg\n","uploadtime":1683941559,"views":61,"p1id":"l0lz4n0m4","p2id":"thrillcorner","formatid":"gen9vgc2023regulationc","rating":1346,"private":0,"password":""}