{"id":"gen9vgc2023regulationc-1861201601","p1":"D-scNSe","p2":"Phroeoeroh","format":"[Gen 9] VGC 2023 Regulation C","log":"|j|\u2606D-scNSe\n|j|\u2606Phroeoeroh\n|t:|1683735407\n|gametype|doubles\n|player|p1|D-scNSe|169|1354\n|player|p2|Phroeoeroh|volkner|1324\n|teamsize|p1|6\n|teamsize|p2|6\n|gen|9\n|tier|[Gen 9] VGC 2023 Regulation C\n|rated|\n|rule|Species Clause: Limit one of each Pok\u00e9mon\n|rule|Item Clause: Limit one of each item\n|clearpoke\n|poke|p1|Flutter Mane, L50|\n|poke|p1|Ting-Lu, L50|\n|poke|p1|Maushold-Four, L50|\n|poke|p1|Annihilape, L50, M|\n|poke|p1|Iron Bundle, L50|\n|poke|p1|Arcanine, L50, M|\n|poke|p2|Iron Moth, L50|\n|poke|p2|Iron Bundle, L50|\n|poke|p2|Bronzong, L50|\n|poke|p2|Gyarados, L50, M|\n|poke|p2|Raichu, L50, F|\n|poke|p2|Kingambit, L50, F|\n|teampreview|4\n|\n|t:|1683735434\n|start\n|switch|p1a: Ting-Lu|Ting-Lu, L50|100\/100\n|switch|p1b: Annihilape|Annihilape, L50, M|100\/100\n|switch|p2a: Bronzong|Bronzong, L50|100\/100\n|switch|p2b: Iron Moth|Iron Moth, L50|100\/100\n|-ability|p1a: Ting-Lu|Vessel of Ruin\n|-enditem|p2b: Iron Moth|Booster Energy\n|-activate|p2b: Iron Moth|ability: Quark Drive|[fromitem]\n|-start|p2b: Iron Moth|quarkdrivespa\n|turn|1\n|\n|t:|1683735462\n|-terastallize|p2b: Iron Moth|Grass\n|move|p2b: Iron Moth|Energy Ball|p1a: Ting-Lu\n|-supereffective|p1a: Ting-Lu\n|-damage|p1a: Ting-Lu|44\/100\n|move|p1b: Annihilape|Bulk Up|p1b: Annihilape\n|-boost|p1b: Annihilape|atk|1\n|-boost|p1b: Annihilape|def|1\n|move|p1a: Ting-Lu|Stomping Tantrum|p2b: Iron Moth\n|-resisted|p2b: Iron Moth\n|-damage|p2b: Iron Moth|78\/100\n|move|p2a: Bronzong|Zen Headbutt|p1b: Annihilape\n|-supereffective|p1b: Annihilape\n|-damage|p1b: Annihilape|62\/100\n|\n|-heal|p1b: Annihilape|68\/100|[from] item: Leftovers\n|upkeep\n|turn|2\n|\n|t:|1683735484\n|-terastallize|p1a: Ting-Lu|Poison\n|move|p2a: Bronzong|Helping Hand|p2b: Iron Moth\n|-singleturn|p2b: Iron Moth|Helping Hand|[of] p2a: Bronzong\n|move|p2b: Iron Moth|Heat Wave|p1b: Annihilape|[spread] p1a,p1b\n|-damage|p1a: Ting-Lu|8\/100\n|-damage|p1b: Annihilape|8\/100\n|move|p1b: Annihilape|Rage Fist|p2a: Bronzong\n|-supereffective|p2a: Bronzong\n|-damage|p2a: Bronzong|0 fnt\n|faint|p2a: Bronzong\n|move|p1a: Ting-Lu|Heavy Slam|p2b: Iron Moth\n|-damage|p2b: Iron Moth|27\/100\n|\n|-heal|p1b: Annihilape|14\/100|[from] item: Leftovers\n|upkeep\n|\n|t:|1683735502\n|switch|p2a: Iron Bundle|Iron Bundle, L50|100\/100\n|turn|3\n|\n|t:|1683735514\n|move|p1b: Annihilape|Protect|p1b: Annihilape\n|-singleturn|p1b: Annihilape|Protect\n|move|p2a: Iron Bundle|Icy Wind|p1a: Ting-Lu|[spread] p1a\n|-activate|p1b: Annihilape|move: Protect\n|-damage|p1a: Ting-Lu|0 fnt\n|faint|p1a: Ting-Lu\n|move|p2b: Iron Moth|Heat Wave|p1b: Annihilape\n|-activate|p1b: Annihilape|move: Protect\n|\n|-heal|p1b: Annihilape|20\/100|[from] item: Leftovers\n|upkeep\n|\n|t:|1683735521\n|switch|p1a: Arcanine|Arcanine, L50, M|100\/100\n|-ability|p1a: Arcanine|Intimidate|boost\n|-unboost|p2a: Iron Bundle|atk|1\n|-unboost|p2b: Iron Moth|atk|1\n|turn|4\n|\n|t:|1683735532\n|move|p1a: Arcanine|Extreme Speed|p2b: Iron Moth\n|-damage|p2b: Iron Moth|0 fnt\n|faint|p2b: Iron Moth\n|-end|p2b: Iron Moth|Quark Drive|[silent]\n|move|p2a: Iron Bundle|Hydro Pump|p1a: Arcanine\n|-supereffective|p1a: Arcanine\n|-damage|p1a: Arcanine|0 fnt\n|faint|p1a: Arcanine\n|move|p1b: Annihilape|Drain Punch|p2a: Iron Bundle\n|-supereffective|p2a: Iron Bundle\n|-enditem|p2a: Iron Bundle|Focus Sash\n|-damage|p2a: Iron Bundle|1\/100\n|-heal|p1b: Annihilape|51\/100|[from] drain|[of] p2a: Iron Bundle\n|\n|-heal|p1b: Annihilape|57\/100|[from] item: Leftovers\n|upkeep\n|\n|t:|1683735546\n|switch|p2b: Raichu|Raichu, L50, F|100\/100\n|switch|p1a: Flutter Mane|Flutter Mane, L50|100\/100\n|-enditem|p1a: Flutter Mane|Booster Energy\n|-activate|p1a: Flutter Mane|ability: Protosynthesis|[fromitem]\n|-start|p1a: Flutter Mane|protosynthesisspe\n|turn|5\n|\n|t:|1683735565\n|move|p1a: Flutter Mane|Shadow Ball|p2a: Iron Bundle\n|-damage|p2a: Iron Bundle|0 fnt\n|faint|p2a: Iron Bundle\n|-end|p2a: Iron Bundle|Quark Drive|[silent]\n|move|p2b: Raichu|Volt Tackle|p1b: Annihilape\n|-damage|p1b: Annihilape|29\/100\n|-damage|p2b: Raichu|86\/100|[from] Recoil\n|move|p1b: Annihilape|Rage Fist|p2b: Raichu\n|-damage|p2b: Raichu|0 fnt\n|faint|p2b: Raichu\n|\n|win|D-scNSe\n|raw|D-scNSe's rating: 1354 → 1372<\/strong> (+18 for winning)\n|raw|Phroeoeroh's rating: 1324 → 1306<\/strong> (-18 for losing)\n|l|\u2606Phroeoeroh\n","uploadtime":1683735578,"views":10,"p1id":"dscnse","p2id":"phroeoeroh","formatid":"gen9vgc2023regulationc","rating":1306,"private":0,"password":""}