{"id":"gen9vgc2023regulationc-1849879704","p1":"r2vgc","p2":"M1so","format":"[Gen 9] VGC 2023 Regulation C","log":"|j|\u2606r2vgc\n|j|\u2606M1so\n|t:|1682263829\n|gametype|doubles\n|player|p1|r2vgc|170|1250\n|player|p2|M1so|1|1311\n|teamsize|p1|6\n|teamsize|p2|6\n|gen|9\n|tier|[Gen 9] VGC 2023 Regulation C\n|rated|\n|rule|Species Clause: Limit one of each Pok\u00e9mon\n|rule|Item Clause: Limit one of each item\n|clearpoke\n|poke|p1|Flutter Mane, L50|\n|poke|p1|Garganacl, L50, F|\n|poke|p1|Amoonguss, L50, M|\n|poke|p1|Palafin, L50, F|\n|poke|p1|Arcanine, L50, M|\n|poke|p1|Ting-Lu, L50|\n|poke|p2|Flutter Mane, L50|\n|poke|p2|Palafin, L50, M|\n|poke|p2|Arcanine, L50, M|\n|poke|p2|Amoonguss, L50, F|\n|poke|p2|Ting-Lu, L50|\n|poke|p2|Roaring Moon, L50|\n|teampreview|4\nr2vgc has agreed to open team sheets.\nM1so has agreed to open team sheets.\n|\n|t:|1682263894\n|start\n|switch|p1a: Garganacl|Garganacl, L50, F|100\/100\n|switch|p1b: Palafin|Palafin, L50, F|100\/100\n|switch|p2a: Flutter Mane|Flutter Mane, L50|100\/100\n|switch|p2b: Palafin|Palafin, L50, M|100\/100\n|turn|1\n|\n|t:|1682263907\n|detailschange|p2b: Palafin|Palafin-Hero, L50, M\n|switch|p2b: Amoonguss|Amoonguss, L50, F|100\/100\n|move|p1b: Palafin|Protect|p1b: Palafin\n|-singleturn|p1b: Palafin|Protect\n|move|p2a: Flutter Mane|Moonblast|p1b: Palafin\n|-activate|p1b: Palafin|move: Protect\n|move|p1a: Garganacl|Stealth Rock|p2a: Flutter Mane\n|-sidestart|p2: M1so|move: Stealth Rock\n|\n|upkeep\n|turn|2\n|\n|t:|1682263931\n|detailschange|p1b: Palafin|Palafin-Hero, L50, F\n|switch|p1b: Arcanine|Arcanine, L50, M|100\/100\n|-ability|p1b: Arcanine|Intimidate|boost\n|-unboost|p2a: Flutter Mane|atk|1\n|-unboost|p2b: Amoonguss|atk|1\n|switch|p2b: Palafin|Palafin-Hero, L50, M|100\/100\n|-damage|p2b: Palafin|88\/100|[from] Stealth Rock\n|-activate|p2b: Palafin|ability: Zero to Hero\n|move|p2a: Flutter Mane|Moonblast|p1a: Garganacl\n|-damage|p1a: Garganacl|42\/100\n|move|p1a: Garganacl|Salt Cure|p2a: Flutter Mane\n|-damage|p2a: Flutter Mane|70\/100\n|-start|p2a: Flutter Mane|Salt Cure\n|\n|-heal|p1a: Garganacl|48\/100|[from] item: Leftovers\n|-damage|p2a: Flutter Mane|58\/100|[from] Salt Cure\n|upkeep\n|turn|3\n|\n|t:|1682263962\n|switch|p1b: Amoonguss|Amoonguss, L50, M|100\/100\n|move|p1a: Garganacl|Protect|p1a: Garganacl\n|-singleturn|p1a: Garganacl|Protect\n|move|p2a: Flutter Mane|Moonblast|p1b: Amoonguss\n|-resisted|p1b: Amoonguss\n|-damage|p1b: Amoonguss|66\/100\n|-unboost|p1b: Amoonguss|spa|1\n|move|p2b: Palafin|Wave Crash|p1b: Amoonguss\n|-resisted|p1b: Amoonguss\n|-damage|p1b: Amoonguss|30\/100\n|-damage|p2b: Palafin|72\/100|[from] item: Rocky Helmet|[of] p1b: Amoonguss\n|-damage|p2b: Palafin|59\/100|[from] Recoil\n|\n|-heal|p1a: Garganacl|54\/100|[from] item: Leftovers\n|-damage|p2a: Flutter Mane|46\/100|[from] Salt Cure\n|upkeep\n|turn|4\n|\n|t:|1682264001\n|switch|p1b: Arcanine|Arcanine, L50, M|100\/100\n|-ability|p1b: Arcanine|Intimidate|boost\n|-unboost|p2a: Flutter Mane|atk|1\n|-unboost|p2b: Palafin|atk|1\n|-terastallize|p1a: Garganacl|Ghost\n|move|p2a: Flutter Mane|Moonblast|p1b: Arcanine\n|-resisted|p1b: Arcanine\n|-damage|p1b: Arcanine|63\/100\n|move|p2b: Palafin|Wave Crash|p1a: Garganacl\n|-damage|p1a: Garganacl|13\/100\n|-damage|p2b: Palafin|45\/100|[from] Recoil\n|move|p1a: Garganacl|Salt Cure|p2b: Palafin\n|-damage|p2b: Palafin|32\/100\n|-start|p2b: Palafin|Salt Cure\n|\n|-heal|p1a: Garganacl|18\/100|[from] item: Leftovers\n|-damage|p2a: Flutter Mane|34\/100|[from] Salt Cure\n|-damage|p2b: Palafin|7\/100|[from] Salt Cure\n|upkeep\n|turn|5\n|\n|t:|1682264040\n|switch|p2b: Amoonguss|Amoonguss, L50, F|100\/100\n|-damage|p2b: Amoonguss|88\/100|[from] Stealth Rock\n|move|p1a: Garganacl|Protect|p1a: Garganacl\n|-singleturn|p1a: Garganacl|Protect\n|move|p1b: Arcanine|Extreme Speed|p2b: Amoonguss\n|-damage|p2b: Amoonguss|67\/100\n|move|p2a: Flutter Mane|Moonblast|p1b: Arcanine\n|-resisted|p1b: Arcanine\n|-damage|p1b: Arcanine|26\/100\n|\n|-heal|p1a: Garganacl|24\/100|[from] item: Leftovers\n|-damage|p2a: Flutter Mane|21\/100|[from] Salt Cure\n|upkeep\n|turn|6\n|\n|t:|1682264067\n|move|p2a: Flutter Mane|Moonblast|p1b: Arcanine\n|-resisted|p1b: Arcanine\n|-damage|p1b: Arcanine|0 fnt\n|faint|p1b: Arcanine\n|move|p1a: Garganacl|Recover|p1a: Garganacl\n|-heal|p1a: Garganacl|74\/100\n|move|p2b: Amoonguss|Pollen Puff|p2a: Flutter Mane\n|-heal|p2a: Flutter Mane|71\/100\n|\n|-heal|p1a: Garganacl|80\/100|[from] item: Leftovers\n|-damage|p2a: Flutter Mane|59\/100|[from] Salt Cure\n|upkeep\n|\n|t:|1682264081\n|switch|p1b: Palafin|Palafin-Hero, L50, F|100\/100\n|-activate|p1b: Palafin|ability: Zero to Hero\n|turn|7\n|\n|t:|1682264094\n|-end|p2a: Flutter Mane|Protosynthesis|[silent]\n|switch|p2a: Palafin|Palafin-Hero, L50, M|7\/100\n|-damage|p2a: Palafin|0 fnt|[from] Stealth Rock\n|faint|p2a: Palafin\n|move|p1b: Palafin|Jet Punch|p2b: Amoonguss\n|-resisted|p2b: Amoonguss\n|-damage|p2b: Amoonguss|49\/100\n|-enditem|p2b: Amoonguss|Sitrus Berry|[eat]\n|-heal|p2b: Amoonguss|74\/100|[from] item: Sitrus Berry\n|move|p1a: Garganacl|Salt Cure|p2b: Amoonguss\n|-damage|p2b: Amoonguss|63\/100\n|-start|p2b: Amoonguss|Salt Cure\n|move|p2b: Amoonguss|Spore|p1b: Palafin\n|-status|p1b: Palafin|slp|[from] move: Spore\n|\n|-heal|p1a: Garganacl|86\/100|[from] item: Leftovers\n|-damage|p2b: Amoonguss|50\/100|[from] Salt Cure\n|upkeep\n|\n|t:|1682264112\n|switch|p2a: Flutter Mane|Flutter Mane, L50|59\/100\n|-damage|p2a: Flutter Mane|47\/100|[from] Stealth Rock\n|turn|8\n|\n|t:|1682264132\n|switch|p1b: Amoonguss|Amoonguss, L50, M|63\/100\n|move|p2a: Flutter Mane|Moonblast|p1a: Garganacl\n|-damage|p1a: Garganacl|31\/100\n|-unboost|p1a: Garganacl|spa|1\n|move|p1a: Garganacl|Salt Cure|p2a: Flutter Mane\n|-damage|p2a: Flutter Mane|14\/100\n|-start|p2a: Flutter Mane|Salt Cure\n|move|p2b: Amoonguss|Pollen Puff|p2a: Flutter Mane\n|-heal|p2a: Flutter Mane|64\/100\n|\n|-heal|p1a: Garganacl|37\/100|[from] item: Leftovers\n|-damage|p2a: Flutter Mane|51\/100|[from] Salt Cure\n|-damage|p2b: Amoonguss|38\/100|[from] Salt Cure\n|upkeep\n|turn|9\n|\n|t:|1682264162\n|switch|p1a: Palafin|Palafin-Hero, L50, F|100\/100 slp\n|move|p2a: Flutter Mane|Moonblast|p1b: Amoonguss\n|-resisted|p1b: Amoonguss\n|-damage|p1b: Amoonguss|30\/100\n|move|p2b: Amoonguss|Pollen Puff|p2a: Flutter Mane\n|-heal|p2a: Flutter Mane|100\/100\n|move|p1b: Amoonguss|Pollen Puff|p1a: Palafin\n|-immune|p1a: Palafin\n|\n|-damage|p2a: Flutter Mane|88\/100|[from] Salt Cure\n|-damage|p2b: Amoonguss|26\/100|[from] Salt Cure\n|upkeep\n|turn|10\n|\n|t:|1682264198\n|switch|p2b: Ting-Lu|Ting-Lu, L50|100\/100\n|-damage|p2b: Ting-Lu|95\/100|[from] Stealth Rock\n|-ability|p2b: Ting-Lu|Vessel of Ruin\n|cant|p1a: Palafin|slp\n|move|p1b: Amoonguss|Protect|p1b: Amoonguss\n|-singleturn|p1b: Amoonguss|Protect\n|move|p2a: Flutter Mane|Moonblast|p1b: Amoonguss\n|-activate|p1b: Amoonguss|move: Protect\n|\n|-damage|p2a: Flutter Mane|76\/100|[from] Salt Cure\n|upkeep\n|turn|11\n|\n|t:|1682264224\n|-end|p2a: Flutter Mane|Protosynthesis|[silent]\n|switch|p2a: Amoonguss|Amoonguss, L50, F|59\/100\n|-damage|p2a: Amoonguss|47\/100|[from] Stealth Rock\n|switch|p1b: Garganacl|Garganacl, L50, F, tera:Ghost|37\/100\n|-curestatus|p1a: Palafin|slp|[msg]\n|move|p1a: Palafin|Drain Punch|p2b: Ting-Lu\n|-supereffective|p2b: Ting-Lu\n|-damage|p2b: Ting-Lu|51\/100\n|move|p2b: Ting-Lu|Ruination|p1a: Palafin|[miss]\n|-miss|p2b: Ting-Lu|p1a: Palafin\n|\n|-heal|p1b: Garganacl|43\/100|[from] item: Leftovers\n|upkeep\n|turn|12\n|\n|t:|1682264250\n|switch|p1a: Amoonguss|Amoonguss, L50, M|64\/100\n|-terastallize|p2b: Ting-Lu|Poison\n|move|p2b: Ting-Lu|Ruination|p1a: Amoonguss\n|-damage|p1a: Amoonguss|32\/100\n|move|p1b: Garganacl|Salt Cure|p2b: Ting-Lu\n|-damage|p2b: Ting-Lu|42\/100\n|-start|p2b: Ting-Lu|Salt Cure\n|move|p2a: Amoonguss|Pollen Puff|p2b: Ting-Lu\n|-heal|p2b: Ting-Lu|92\/100\n|\n|-heal|p1b: Garganacl|48\/100|[from] item: Leftovers\n|-damage|p2b: Ting-Lu|80\/100|[from] Salt Cure\n|upkeep\n|turn|13\n|\n|t:|1682264288\n|move|p1b: Garganacl|Protect|p1b: Garganacl\n|-singleturn|p1b: Garganacl|Protect\n|move|p2b: Ting-Lu|Heavy Slam|p1a: Amoonguss\n|-damage|p1a: Amoonguss|1\/100\n|-damage|p2b: Ting-Lu|64\/100|[from] item: Rocky Helmet|[of] p1a: Amoonguss\n|move|p2a: Amoonguss|Pollen Puff|p1a: Amoonguss\n|-damage|p1a: Amoonguss|0 fnt\n|faint|p1a: Amoonguss\n|\n|-heal|p1b: Garganacl|54\/100|[from] item: Leftovers\n|-damage|p2b: Ting-Lu|52\/100|[from] Salt Cure\n|upkeep\n|\n|t:|1682264301\n|switch|p1a: Palafin|Palafin-Hero, L50, F|100\/100\n|turn|14\n|\n|t:|1682264350\n|move|p1a: Palafin|Jet Punch|p2b: Ting-Lu\n|-damage|p2b: Ting-Lu|21\/100\n|move|p2b: Ting-Lu|Ruination|p1a: Palafin|[miss]\n|-miss|p2b: Ting-Lu|p1a: Palafin\n|move|p1b: Garganacl|Salt Cure|p2a: Amoonguss\n|-damage|p2a: Amoonguss|35\/100\n|-start|p2a: Amoonguss|Salt Cure\n|move|p2a: Amoonguss|Pollen Puff|p2b: Ting-Lu\n|-heal|p2b: Ting-Lu|71\/100\n|\n|-heal|p1b: Garganacl|60\/100|[from] item: Leftovers\n|-damage|p2b: Ting-Lu|59\/100|[from] Salt Cure\n|-damage|p2a: Amoonguss|23\/100|[from] Salt Cure\n|upkeep\n|turn|15\n|-message|M1so forfeited.\n|\n|win|r2vgc\n|raw|r2vgc's rating: 1250 → 1279<\/strong> (+29 for winning)\n|raw|M1so's rating: 1311 → 1288<\/strong> (-23 for losing)\n|c|\u2606r2vgc|why did you forfeit?\n|l|\u2606M1so\n","uploadtime":1682264426,"views":11,"p1id":"r2vgc","p2id":"m1so","formatid":"gen9vgc2023regulationc","rating":1279,"private":0,"password":""}