{"id":"gen9vgc2023regulationc-1860025112","p1":"taterstotz","p2":"BigBoofles","format":"[Gen 9] VGC 2023 Regulation C","log":"|j|\u2606taterstotz\n|j|\u2606BigBoofles\n|t:|1683586454\n|gametype|doubles\n|player|p1|taterstotz|170|1136\n|player|p2|BigBoofles|2|1201\n|teamsize|p1|6\n|teamsize|p2|6\n|gen|9\n|tier|[Gen 9] VGC 2023 Regulation C\n|rated|\n|rule|Species Clause: Limit one of each Pok\u00e9mon\n|rule|Item Clause: Limit one of each item\n|clearpoke\n|poke|p1|Grafaiai, L50, M|\n|poke|p1|Maushold, L50|\n|poke|p1|Annihilape, L50, F|\n|poke|p1|Ting-Lu, L50|\n|poke|p1|Gyarados, L50, M|\n|poke|p1|Tyranitar, L50, M|\n|poke|p2|Clodsire, L50, F|\n|poke|p2|Garganacl, L50, F|\n|poke|p2|Scream Tail, L50|\n|poke|p2|Gyarados, L50, F|\n|poke|p2|Azumarill, L50, F|\n|poke|p2|Scizor, L50, M|\n|teampreview|4\n|inactive|Battle timer is ON: inactive players will automatically lose when time's up. (requested by taterstotz)\ntaterstotz has agreed to open team sheets.\nBigBoofles has agreed to open team sheets.\n|inactive|BigBoofles has 60 seconds left.\n|\n|t:|1683586496\n|start\n|switch|p1a: Annihilape|Annihilape, L50, F|100\/100\n|switch|p1b: Grafaiai|Grafaiai, L50, M|100\/100\n|switch|p2a: Boofles|Clodsire, L50, F|100\/100\n|switch|p2b: boingo!|Azumarill, L50, F|100\/100\n|turn|1\n|inactive|BigBoofles has 30 seconds left.\n|\n|t:|1683586522\n|move|p1a: Annihilape|Protect|p1a: Annihilape\n|-singleturn|p1a: Annihilape|Protect\n|move|p1b: Grafaiai|Doodle|p2b: boingo!\n|-endability|p1a: Annihilape|Defiant|[from] move: Doodle\n|-ability|p1a: Annihilape|Huge Power|[from] move: Doodle\n|-endability|p1b: Grafaiai|Prankster|[from] move: Doodle\n|-ability|p1b: Grafaiai|Huge Power|[from] move: Doodle\n|move|p2b: boingo!|Play Rough|p1a: Annihilape\n|-activate|p1a: Annihilape|move: Protect\n|move|p2a: Boofles|Stomping Tantrum|p1b: Grafaiai\n|-supereffective|p1b: Grafaiai\n|-damage|p1b: Grafaiai|39\/100\n|\n|upkeep\n|turn|2\n|\n|t:|1683586543\n|-terastallize|p1a: Annihilape|Fire\n|-terastallize|p2b: boingo!|Fairy\n|move|p1b: Grafaiai|Parting Shot|p2b: boingo!\n|-unboost|p2b: boingo!|atk|1\n|-unboost|p2b: boingo!|spa|1\n|\n|t:|1683586548\n|switch|p1b: Maushold|Maushold, L50|100\/100|[from] Parting Shot\n|move|p1a: Annihilape|Bulk Up|p1a: Annihilape\n|-boost|p1a: Annihilape|atk|1\n|-boost|p1a: Annihilape|def|1\n|move|p2b: boingo!|Play Rough|p1a: Annihilape\n|-resisted|p1a: Annihilape\n|-damage|p1a: Annihilape|88\/100\n|move|p2a: Boofles|Stomping Tantrum|p1b: Maushold\n|-damage|p1b: Maushold|72\/100\n|\n|-heal|p1a: Annihilape|94\/100|[from] item: Leftovers\n|upkeep\n|turn|3\n|\n|t:|1683586563\n|move|p1b: Maushold|Follow Me|p1b: Maushold\n|-singleturn|p1b: Maushold|move: Follow Me\n|move|p1a: Annihilape|Rage Fist|p2b: boingo!\n|-damage|p2b: boingo!|0 fnt\n|faint|p2b: boingo!\n|move|p2a: Boofles|Toxic|p1b: Maushold\n|-status|p1b: Maushold|tox\n|\n|-heal|p1a: Annihilape|99\/100|[from] item: Leftovers\n|-damage|p1b: Maushold|67\/100 tox|[from] psn\n|upkeep\n|\n|t:|1683586577\n|switch|p2b: marry me?|Gyarados, L50, F|100\/100\n|-ability|p2b: marry me?|Intimidate|boost\n|-unboost|p1a: Annihilape|atk|1\n|-unboost|p1b: Maushold|atk|1\n|turn|4\n|\n|t:|1683586595\n|move|p2a: Boofles|Protect|p2a: Boofles\n|-singleturn|p2a: Boofles|Protect\n|move|p1b: Maushold|Follow Me|p1b: Maushold\n|-singleturn|p1b: Maushold|move: Follow Me\n|move|p1a: Annihilape|Rage Fist|p2b: marry me?\n|-damage|p2b: marry me?|8\/100\n|move|p2b: marry me?|Waterfall|p1b: Maushold\n|-damage|p1b: Maushold|23\/100 tox\n|\n|-heal|p1a: Annihilape|100\/100|[from] item: Leftovers\n|-damage|p1b: Maushold|11\/100 tox|[from] psn\n|upkeep\n|turn|5\n|-message|BigBoofles forfeited.\n|\n|win|taterstotz\n|raw|taterstotz's rating: 1136 → 1166<\/strong> (+30 for winning)\n|raw|BigBoofles's rating: 1201 → 1171<\/strong> (-30 for losing)\n|l|\u2606BigBoofles\n","uploadtime":1683586613,"views":11,"p1id":"taterstotz","p2id":"bigboofles","formatid":"gen9vgc2023regulationc","rating":1166,"private":0,"password":""}