{"id":"gen9vgc2023regulationc-1854347408","p1":"VeryGayContentVGC","p2":"mysafewordisharder","format":"[Gen 9] VGC 2023 Regulation C","log":"|j|\u2606VeryGayContentVGC\n|j|\u2606mysafewordisharder\n|t:|1682799774\n|gametype|doubles\n|player|p1|VeryGayContentVGC|argenta|1273\n|player|p2|mysafewordisharder|milo|1274\n|teamsize|p1|6\n|teamsize|p2|6\n|gen|9\n|tier|[Gen 9] VGC 2023 Regulation C\n|rated|\n|rule|Species Clause: Limit one of each Pok\u00e9mon\n|rule|Item Clause: Limit one of each item\n|clearpoke\n|poke|p1|Chi-Yu, L50|\n|poke|p1|Dachsbun, L50, F|\n|poke|p1|Flutter Mane, L50|\n|poke|p1|Chien-Pao, L50|\n|poke|p1|Amoonguss, L50, F|\n|poke|p1|Dragonite, L50, F|\n|poke|p2|Garganacl, L50, M|\n|poke|p2|Arcanine, L50, F|\n|poke|p2|Amoonguss, L50, F|\n|poke|p2|Palafin, L50, F|\n|poke|p2|Flutter Mane, L50|\n|poke|p2|Baxcalibur, L50, F|\n|teampreview|4\nmysafewordisharder has agreed to open team sheets.\n|inactive|Battle timer is ON: inactive players will automatically lose when time's up. (requested by VeryGayContentVGC)\n|\n|t:|1682799797\n|start\n|switch|p1a: Dragonite|Dragonite, L50, F, shiny|100\/100\n|switch|p1b: Chien-Pao|Chien-Pao, L50|100\/100\n|switch|p2a: Chest Day|Palafin, L50, F|100\/100\n|switch|p2b: Tucker|Arcanine, L50, F|100\/100\n|-ability|p1b: Chien-Pao|Sword of Ruin\n|-ability|p2b: Tucker|Intimidate|boost\n|-fail|p1a: Dragonite|unboost|Attack|[from] ability: Inner Focus|[of] p1a: Dragonite\n|-unboost|p1b: Chien-Pao|atk|1\n|turn|1\n|\n|t:|1682799814\n|detailschange|p2a: Chest Day|Palafin-Hero, L50, F\n|switch|p2a: Sus|Amoonguss, L50, F|100\/100\n|-terastallize|p1a: Dragonite|Normal\n|move|p1b: Chien-Pao|Sacred Sword|p2a: Sus\n|-resisted|p2a: Sus\n|-damage|p2a: Sus|86\/100\n|-damage|p1b: Chien-Pao|91\/100|[from] item: Life Orb\n|move|p2b: Tucker|Will-O-Wisp|p1a: Dragonite\n|-status|p1a: Dragonite|brn\n|move|p1a: Dragonite|Giga Impact|p2b: Tucker\n|-damage|p2b: Tucker|10\/100\n|-mustrecharge|p1a: Dragonite\n|\n|-damage|p1a: Dragonite|94\/100 brn|[from] brn\n|upkeep\n|turn|2\n|\n|t:|1682799838\n|switch|p2a: Chest Day|Palafin-Hero, L50, F|100\/100\n|-activate|p2a: Chest Day|ability: Zero to Hero\n|move|p2b: Tucker|Protect|p2b: Tucker\n|-singleturn|p2b: Tucker|Protect\n|move|p1b: Chien-Pao|Ice Shard|p2a: Chest Day\n|-resisted|p2a: Chest Day\n|-damage|p2a: Chest Day|90\/100\n|-damage|p1b: Chien-Pao|81\/100|[from] item: Life Orb\n|cant|p1a: Dragonite|recharge\n|\n|-damage|p1a: Dragonite|88\/100 brn|[from] brn\n|upkeep\n|turn|3\n|\n|t:|1682799853\n|switch|p2b: Sus|Amoonguss, L50, F|100\/100\n|move|p1b: Chien-Pao|Ice Shard|p2b: Sus\n|-supereffective|p2b: Sus\n|-damage|p2b: Sus|65\/100\n|-damage|p1b: Chien-Pao|72\/100|[from] item: Life Orb\n|move|p2a: Chest Day|Drain Punch|p1a: Dragonite\n|-supereffective|p1a: Dragonite\n|-damage|p1a: Dragonite|0 fnt\n|-heal|p2a: Chest Day|100\/100|[from] drain|[of] p1a: Dragonite\n|faint|p1a: Dragonite\n|\n|upkeep\n|\n|t:|1682799869\n|switch|p1a: Flutter Mane|Flutter Mane, L50, shiny|100\/100\n|turn|4\n|\n|t:|1682799877\n|switch|p1b: Chi-Yu|Chi-Yu, L50|100\/100\n|-ability|p1b: Chi-Yu|Beads of Ruin\n|move|p1a: Flutter Mane|Protect|p1a: Flutter Mane\n|-singleturn|p1a: Flutter Mane|Protect\n|move|p2b: Sus|Rage Powder|p2b: Sus\n|-singleturn|p2b: Sus|move: Rage Powder\n|move|p2a: Chest Day|Drain Punch|p1b: Chi-Yu\n|-supereffective|p1b: Chi-Yu\n|-damage|p1b: Chi-Yu|0 fnt\n|faint|p1b: Chi-Yu\n|\n|upkeep\n|\n|t:|1682799885\n|switch|p1b: Chien-Pao|Chien-Pao, L50|72\/100\n|-ability|p1b: Chien-Pao|Sword of Ruin\n|turn|5\n|\n|t:|1682799893\n|switch|p2b: Tucker|Arcanine, L50, F|10\/100\n|-ability|p2b: Tucker|Intimidate|boost\n|-unboost|p1a: Flutter Mane|atk|1\n|-unboost|p1b: Chien-Pao|atk|1\n|move|p1b: Chien-Pao|Sucker Punch|p2a: Chest Day\n|-damage|p2a: Chest Day|65\/100\n|-damage|p1b: Chien-Pao|62\/100|[from] item: Life Orb\n|move|p2a: Chest Day|Jet Punch|p1a: Flutter Mane\n|-enditem|p1a: Flutter Mane|Focus Sash\n|-damage|p1a: Flutter Mane|1\/100\n|move|p1a: Flutter Mane|Dazzling Gleam|p2b: Tucker|[spread] p2a,p2b\n|-resisted|p2b: Tucker\n|-damage|p2a: Chest Day|36\/100\n|-damage|p2b: Tucker|0 fnt\n|faint|p2b: Tucker\n|\n|upkeep\n|\n|t:|1682799908\n|switch|p2b: Sus|Amoonguss, L50, F|98\/100\n|turn|6\n|\n|t:|1682799916\n|move|p1a: Flutter Mane|Protect|p1a: Flutter Mane\n|-singleturn|p1a: Flutter Mane|Protect\n|move|p1b: Chien-Pao|Protect|p1b: Chien-Pao\n|-singleturn|p1b: Chien-Pao|Protect\n|move|p2b: Sus|Rage Powder|p2b: Sus\n|-singleturn|p2b: Sus|move: Rage Powder\n|move|p2a: Chest Day|Jet Punch|p1b: Chien-Pao\n|-activate|p1b: Chien-Pao|move: Protect\n|\n|upkeep\n|turn|7\n|\n|t:|1682799931\n|move|p2b: Sus|Rage Powder|p2b: Sus\n|-singleturn|p2b: Sus|move: Rage Powder\n|move|p1b: Chien-Pao|Sucker Punch||[still]\n|-fail|p1b: Chien-Pao\n|move|p1a: Flutter Mane|Dazzling Gleam|p2b: Sus|[spread] p2a,p2b\n|-resisted|p2b: Sus\n|-damage|p2a: Chest Day|4\/100\n|-damage|p2b: Sus|84\/100\n|move|p2a: Chest Day|Drain Punch|p1b: Chien-Pao\n|-supereffective|p1b: Chien-Pao\n|-damage|p1b: Chien-Pao|0 fnt\n|-heal|p2a: Chest Day|28\/100|[from] drain|[of] p1b: Chien-Pao\n|faint|p1b: Chien-Pao\n|\n|upkeep\n|turn|8\n|\n|t:|1682799946\n|move|p2a: Chest Day|Jet Punch|p1a: Flutter Mane\n|-damage|p1a: Flutter Mane|0 fnt\n|faint|p1a: Flutter Mane\n|-end|p1a: Flutter Mane|Protosynthesis|[silent]\n|\n|win|mysafewordisharder\n|raw|VeryGayContentVGC's rating: 1273 → 1248<\/strong> (-25 for losing)\n|raw|mysafewordisharder's rating: 1274 → 1299<\/strong> (+25 for winning)\n|l|\u2606VeryGayContentVGC\n","uploadtime":1682799952,"views":17,"p1id":"verygaycontentvgc","p2id":"mysafewordisharder","formatid":"gen9vgc2023regulationc","rating":1248,"private":0,"password":""}