{"id":"gen9vgc2023regulationc-1859392563","p1":"fdf4544","p2":"ngocang","format":"[Gen 9] VGC 2023 Regulation C","log":"|j|\u2606fdf4544\n|j|\u2606ngocang\n|t:|1683455438\n|gametype|doubles\n|player|p1|fdf4544|102|1206\n|player|p2|ngocang|hilda-wonderlauncher|1172\n|teamsize|p1|6\n|teamsize|p2|6\n|gen|9\n|tier|[Gen 9] VGC 2023 Regulation C\n|rated|\n|rule|Species Clause: Limit one of each Pok\u00e9mon\n|rule|Item Clause: Limit one of each item\n|clearpoke\n|poke|p1|Torkoal, L50, M|\n|poke|p1|Chi-Yu, L50|\n|poke|p1|Bronzong, L50|\n|poke|p1|Gastrodon, L50, M|\n|poke|p1|Grimmsnarl, L50, M|\n|poke|p1|Skeledirge, L50, M|\n|poke|p2|Murkrow, L50, F|\n|poke|p2|Corviknight, L50, M|\n|poke|p2|Flutter Mane, L50|\n|poke|p2|Great Tusk, L50|\n|poke|p2|Brute Bonnet, L50|\n|poke|p2|Chi-Yu, L50|\n|teampreview|4\n|\n|t:|1683455458\n|start\n|switch|p1a: Grimmsnarl|Grimmsnarl, L50, M|100\/100\n|switch|p1b: Bronzong|Bronzong, L50|100\/100\n|switch|p2a: Murkrow|Murkrow, L50, F, shiny|100\/100\n|switch|p2b: Corviknight|Corviknight, L50, M, shiny|100\/100\n|turn|1\n|inactive|Battle timer is ON: inactive players will automatically lose when time's up. (requested by fdf4544)\n|inactive|ngocang has 60 seconds left.\n|\n|t:|1683455496\n|-terastallize|p2b: Corviknight|Fire\n|move|p1a: Grimmsnarl|Fake Out|p2b: Corviknight\n|-damage|p2b: Corviknight|88\/100\n|move|p2a: Murkrow|Sunny Day|p2a: Murkrow\n|-weather|SunnyDay\n|cant|p2b: Corviknight|flinch\n|move|p1b: Bronzong|Body Press|p2a: Murkrow\n|-damage|p2a: Murkrow|74\/100\n|\n|-weather|SunnyDay|[upkeep]\n|upkeep\n|turn|2\n|\n|t:|1683455511\n|switch|p2a: Chi-Yu|Chi-Yu, L50|100\/100\n|-ability|p2a: Chi-Yu|Beads of Ruin\n|switch|p1b: Skeledirge|Skeledirge, L50, M|100\/100\n|move|p1a: Grimmsnarl|Trick|p2b: Corviknight\n|-activate|p1a: Grimmsnarl|move: Trick|[of] p2b: Corviknight\n|-item|p2b: Corviknight|Lagging Tail|[from] move: Trick\n|-item|p1a: Grimmsnarl|Choice Band|[from] move: Trick\n|move|p2b: Corviknight|Tera Blast|p1b: Skeledirge\n|-resisted|p1b: Skeledirge\n|-damage|p1b: Skeledirge|80\/100\n|\n|-weather|SunnyDay|[upkeep]\n|-heal|p1b: Skeledirge|86\/100|[from] item: Leftovers\n|upkeep\n|turn|3\n|\n|t:|1683455530\n|move|p1b: Skeledirge|Protect|p1b: Skeledirge\n|-singleturn|p1b: Skeledirge|Protect\n|move|p2a: Chi-Yu|Dark Pulse|p1b: Skeledirge\n|-activate|p1b: Skeledirge|move: Protect\n|move|p1a: Grimmsnarl|Spirit Break|p2a: Chi-Yu\n|-damage|p2a: Chi-Yu|0 fnt\n|faint|p2a: Chi-Yu\n|move|p2b: Corviknight|Tera Blast|p1a: Grimmsnarl\n|-damage|p1a: Grimmsnarl|44\/100\n|\n|-weather|SunnyDay|[upkeep]\n|-heal|p1b: Skeledirge|91\/100|[from] item: Leftovers\n|upkeep\n|\n|t:|1683455543\n|switch|p2a: Flutter Mane|Flutter Mane, L50|100\/100\n|-activate|p2a: Flutter Mane|ability: Protosynthesis\n|-start|p2a: Flutter Mane|protosynthesisspa\n|turn|4\n|inactive|fdf4544 has 30 seconds left.\n|\n|t:|1683455575\n|switch|p1a: Torkoal|Torkoal, L50, M|100\/100\n|-terastallize|p1b: Skeledirge|Fairy\n|move|p2a: Flutter Mane|Dazzling Gleam|p1a: Torkoal|[spread] p1a,p1b\n|-resisted|p1a: Torkoal\n|-damage|p1a: Torkoal|55\/100\n|-damage|p1b: Skeledirge|23\/100\n|move|p1b: Skeledirge|Torch Song|p2a: Flutter Mane\n|-crit|p2a: Flutter Mane\n|-damage|p2a: Flutter Mane|0 fnt\n|-boost|p1b: Skeledirge|spa|1\n|faint|p2a: Flutter Mane\n|-end|p2a: Flutter Mane|Protosynthesis|[silent]\n|move|p2b: Corviknight|Brave Bird|p1b: Skeledirge\n|-damage|p1b: Skeledirge|0 fnt\n|faint|p1b: Skeledirge\n|-damage|p2b: Corviknight|80\/100|[from] Recoil\n|\n|-weather|SunnyDay|[upkeep]\n|upkeep\n|\n|t:|1683455596\n|switch|p2a: Murkrow|Murkrow, L50, F, shiny|74\/100\n|switch|p1b: Grimmsnarl|Grimmsnarl, L50, M|44\/100\n|turn|5\n|\n|t:|1683455608\n|move|p1a: Torkoal|Protect|p1a: Torkoal\n|-singleturn|p1a: Torkoal|Protect\n|move|p2a: Murkrow|Foul Play|p1a: Torkoal\n|-activate|p1a: Torkoal|move: Protect\n|move|p1b: Grimmsnarl|Spirit Break|p2a: Murkrow\n|-supereffective|p2a: Murkrow\n|-damage|p2a: Murkrow|0 fnt\n|faint|p2a: Murkrow\n|move|p2b: Corviknight|Brave Bird|p1a: Torkoal\n|-activate|p1a: Torkoal|move: Protect\n|\n|-weather|none\n|upkeep\n|turn|6\n|\n|t:|1683455622\n|move|p1b: Grimmsnarl|Spirit Break|p2b: Corviknight\n|-resisted|p2b: Corviknight\n|-damage|p2b: Corviknight|55\/100\n|-ability|p2b: Corviknight|Mirror Armor\n|-unboost|p1b: Grimmsnarl|spa|1\n|move|p1a: Torkoal|Earth Power|p2b: Corviknight\n|-supereffective|p2b: Corviknight\n|-damage|p2b: Corviknight|2\/100\n|move|p2b: Corviknight|Brave Bird|p1a: Torkoal\n|-damage|p1a: Torkoal|18\/100\n|-damage|p2b: Corviknight|0 fnt|[from] Recoil\n|faint|p2b: Corviknight\n|\n|win|fdf4544\n|raw|fdf4544's rating: 1206 → 1229<\/strong> (+23 for winning)\n|raw|ngocang's rating: 1172 → 1149<\/strong> (-23 for losing)\n|l|\u2606ngocang\n||Ladder isn't responding, score probably updated but might not have (Request timeout).\n","uploadtime":1683455677,"views":17,"p1id":"fdf4544","p2id":"ngocang","formatid":"gen9vgc2023regulationc","rating":1149,"private":0,"password":""}