{"id":"gen9vgc2023regulationc-1852460159","p1":"mugiwaraLux","p2":"norbie7","format":"[Gen 9] VGC 2023 Regulation C","log":"|j|\u2606mugiwaraLux\n|j|\u2606norbie7\n|t:|1682560376\n|gametype|doubles\n|player|p1|mugiwaraLux|265|1368\n|player|p2|norbie7|ballguy|1448\n|teamsize|p1|6\n|teamsize|p2|6\n|gen|9\n|tier|[Gen 9] VGC 2023 Regulation C\n|rated|\n|rule|Species Clause: Limit one of each Pok\u00e9mon\n|rule|Item Clause: Limit one of each item\n|clearpoke\n|poke|p1|Palafin, L50, M|\n|poke|p1|Amoonguss, L50, F|\n|poke|p1|Flutter Mane, L50|\n|poke|p1|Arcanine, L50, M|\n|poke|p1|Roaring Moon, L50|\n|poke|p1|Chien-Pao, L50|\n|poke|p2|Maushold, L50|\n|poke|p2|Annihilape, L50, M|\n|poke|p2|Volcarona, L50, F|\n|poke|p2|Dragonite, L50, F|\n|poke|p2|Chien-Pao, L50|\n|poke|p2|Palafin, L50, M|\n|teampreview|4\n|inactive|Battle timer is ON: inactive players will automatically lose when time's up. (requested by mugiwaraLux)\nmugiwaraLux has agreed to open team sheets.\nnorbie7 has agreed to open team sheets.\n|inactive|mugiwaraLux has 60 seconds left.\n|inactive|norbie7 has 60 seconds left.\n|j| WeirdPolyCouple\n|\n|t:|1682560423\n|start\n|switch|p1a: Roaring Moon|Roaring Moon, L50|100\/100\n|switch|p1b: Mimi|Flutter Mane, L50|100\/100\n|switch|p2a: Maushold|Maushold, L50|100\/100\n|switch|p2b: Annihilape|Annihilape, L50, M|100\/100\n|-enditem|p1a: Roaring Moon|Booster Energy\n|-activate|p1a: Roaring Moon|ability: Protosynthesis|[fromitem]\n|-start|p1a: Roaring Moon|protosynthesisatk\n|turn|1\n|\n|t:|1682560447\n|-end|p1b: Mimi|Protosynthesis|[silent]\n|switch|p1b: Amoonguss|Amoonguss, L50, F|100\/100\n|-terastallize|p2b: Annihilape|Fire\n|move|p2a: Maushold|Protect|p2a: Maushold\n|-singleturn|p2a: Maushold|Protect\n|move|p1a: Roaring Moon|Dragon Dance|p1a: Roaring Moon\n|-boost|p1a: Roaring Moon|atk|1\n|-boost|p1a: Roaring Moon|spe|1\n|move|p2b: Annihilape|Bulk Up|p2b: Annihilape\n|-boost|p2b: Annihilape|atk|1\n|-boost|p2b: Annihilape|def|1\n|\n|upkeep\n|turn|2\n|inactive|norbie7 has 30 seconds left.\n|inactive|norbie7 has 20 seconds left.\n|inactive|norbie7 has 15 seconds left.\n|inactive|norbie7 has 10 seconds left.\n|\n|t:|1682560499\n|switch|p2a: Chien-Pao|Chien-Pao, L50|100\/100\n|-ability|p2a: Chien-Pao|Sword of Ruin\n|-terastallize|p1a: Roaring Moon|Flying\n|move|p2b: Annihilape|Protect|p2b: Annihilape\n|-singleturn|p2b: Annihilape|Protect\n|move|p1a: Roaring Moon|Acrobatics|p2a: Chien-Pao\n|-enditem|p2a: Chien-Pao|Focus Sash\n|-damage|p2a: Chien-Pao|1\/100\n|move|p1b: Amoonguss|Spore|p2b: Annihilape\n|-activate|p2b: Annihilape|move: Protect\n|\n|upkeep\n|turn|3\n|inactive|norbie7 has 30 seconds left.\n|\n|t:|1682560530\n|move|p1b: Amoonguss|Rage Powder|p1b: Amoonguss\n|-singleturn|p1b: Amoonguss|move: Rage Powder\n|move|p2a: Chien-Pao|Sucker Punch||[still]\n|-fail|p2a: Chien-Pao\n|move|p1a: Roaring Moon|Acrobatics|p2a: Chien-Pao\n|-damage|p2a: Chien-Pao|0 fnt\n|faint|p2a: Chien-Pao\n|move|p2b: Annihilape|Rage Fist|p1b: Amoonguss\n|-damage|p1b: Amoonguss|72\/100\n|\n|upkeep\n|\n|t:|1682560538\n|switch|p2a: Maushold|Maushold, L50|100\/100\n|turn|4\n|\n|t:|1682560551\n|move|p1b: Amoonguss|Protect|p1b: Amoonguss\n|-singleturn|p1b: Amoonguss|Protect\n|move|p1a: Roaring Moon|Dragon Dance|p1a: Roaring Moon\n|-boost|p1a: Roaring Moon|atk|1\n|-boost|p1a: Roaring Moon|spe|1\n|move|p2a: Maushold|Beat Up|p2b: Annihilape\n|-damage|p2b: Annihilape|99\/100\n|-damage|p2b: Annihilape|98\/100\n|-damage|p2b: Annihilape|97\/100\n|-hitcount|p2b: Annihilape|3\n|move|p2b: Annihilape|Rage Fist|p1b: Amoonguss\n|-activate|p1b: Amoonguss|move: Protect\n|\n|-heal|p2b: Annihilape|100\/100|[from] item: Leftovers\n|upkeep\n|turn|5\n|\n|t:|1682560569\n|move|p2a: Maushold|Follow Me|p2a: Maushold\n|-singleturn|p2a: Maushold|move: Follow Me\n|move|p1b: Amoonguss|Rage Powder|p1b: Amoonguss\n|-singleturn|p1b: Amoonguss|move: Rage Powder\n|move|p1a: Roaring Moon|Acrobatics|p2a: Maushold\n|-damage|p2a: Maushold|0 fnt\n|faint|p2a: Maushold\n|move|p2b: Annihilape|Rage Fist|p1b: Amoonguss\n|-damage|p1b: Amoonguss|0 fnt\n|faint|p1b: Amoonguss\n|\n|upkeep\n|\n|t:|1682560578\n|switch|p2a: Volcarona|Volcarona, L50, F, shiny|100\/100\n|switch|p1b: Mimi|Flutter Mane, L50|100\/100\n|turn|6\n|\n|t:|1682560606\n|move|p1a: Roaring Moon|Acrobatics|p2b: Annihilape\n|-damage|p2b: Annihilape|0 fnt\n|faint|p2b: Annihilape\n|move|p1b: Mimi|Shadow Ball|p2a: Volcarona\n|-damage|p2a: Volcarona|49\/100\n|-enditem|p2a: Volcarona|Sitrus Berry|[eat]\n|-heal|p2a: Volcarona|74\/100|[from] item: Sitrus Berry\n|move|p2a: Volcarona|Quiver Dance|p2a: Volcarona\n|-boost|p2a: Volcarona|spa|1\n|-boost|p2a: Volcarona|spd|1\n|-boost|p2a: Volcarona|spe|1\n|\n|upkeep\n|turn|7\n|\n|t:|1682560615\n|move|p1a: Roaring Moon|Acrobatics|p2a: Volcarona\n|-supereffective|p2a: Volcarona\n|-damage|p2a: Volcarona|0 fnt\n|faint|p2a: Volcarona\n|\n|win|mugiwaraLux\n|raw|mugiwaraLux's rating: 1368 → 1393<\/strong> (+25 for winning)\n|raw|norbie7's rating: 1448 → 1423<\/strong> (-25 for losing)\n|l|\u2606norbie7\n","uploadtime":1682560621,"views":8,"p1id":"mugiwaralux","p2id":"norbie7","formatid":"gen9vgc2023regulationc","rating":1393,"private":0,"password":""}