{"id":"gen9vgc2023regulationc-1857810032","p1":"Sukiyaki Eater","p2":"mathtass","format":"[Gen 9] VGC 2023 Regulation C","log":"|j|\u2606Sukiyaki Eater\n|j|\u2606mathtass\n|t:|1683234115\n|gametype|doubles\n|player|p1|Sukiyaki Eater|2|1232\n|player|p2|mathtass|265|1328\n|teamsize|p1|6\n|teamsize|p2|6\n|gen|9\n|tier|[Gen 9] VGC 2023 Regulation C\n|rated|\n|rule|Species Clause: Limit one of each Pok\u00e9mon\n|rule|Item Clause: Limit one of each item\n|clearpoke\n|poke|p1|Dondozo, L50, F|\n|poke|p1|Iron Bundle, L50|\n|poke|p1|Chi-Yu, L50|\n|poke|p1|Glimmora, L50, F|\n|poke|p1|Scizor, L50, M|\n|poke|p1|Tatsugiri, L50, F|\n|poke|p2|Amoonguss, L50, F|\n|poke|p2|Chi-Yu, L50|\n|poke|p2|Arcanine, L50, M|\n|poke|p2|Dragonite, L50, M|\n|poke|p2|Flutter Mane, L50|\n|poke|p2|Iron Hands, L50|\n|teampreview|4\nmathtass has agreed to open team sheets.\n|\n|t:|1683234135\n|start\n|switch|p1a: Read A Book.|Glimmora, L50, F|100\/100\n|switch|p1b: Cultivate Hope.|Scizor, L50, M|100\/100\n|switch|p2a: Simba|Arcanine, L50, M, shiny|100\/100\n|switch|p2b: Titan|Dragonite, L50, M, shiny|100\/100\n|-ability|p2a: Simba|Intimidate|boost\n|-unboost|p1a: Read A Book.|atk|1\n|-unboost|p1b: Cultivate Hope.|atk|1\n|turn|1\n|\n|t:|1683234150\n|-terastallize|p1b: Cultivate Hope.|Fire\n|move|p2a: Simba|Howl|p2a: Simba|[spread] p2a,p2b\n|-boost|p2a: Simba|atk|1\n|-boost|p2b: Titan|atk|1\n|move|p1a: Read A Book.|Mortal Spin|p2a: Simba|[spread] p2a,p2b\n|-damage|p2a: Simba|97\/100\n|-damage|p2b: Titan|99\/100\n|-status|p2a: Simba|psn\n|-status|p2b: Titan|psn\n|-enditem|p2b: Titan|Lum Berry|[eat]\n|-curestatus|p2b: Titan|psn|[msg]\n|move|p2b: Titan|Stomping Tantrum|p1a: Read A Book.\n|-supereffective|p1a: Read A Book.\n|-damage|p1a: Read A Book.|0 fnt\n|-activate|p1a: Read A Book.|ability: Toxic Debris\n|-sidestart|p2: mathtass|move: Toxic Spikes\n|faint|p1a: Read A Book.\n|move|p1b: Cultivate Hope.|U-turn|p2b: Titan\n|-resisted|p2b: Titan\n|-damage|p2b: Titan|81\/100\n|\n|t:|1683234166\n|switch|p1b: Drink Water.|Dondozo, L50, F|100\/100|[from] U-turn\n|\n|-damage|p2a: Simba|85\/100 psn|[from] psn\n|upkeep\n|\n|t:|1683234176\n|switch|p1a: Eat Your Vitamins.|Tatsugiri, L50, F|100\/100\n|-activate|p1a: Eat Your Vitamins.|ability: Commander|[of] p1b: Drink Water.\n|-boost|p1b: Drink Water.|atk|2\n|-boost|p1b: Drink Water.|spa|2\n|-boost|p1b: Drink Water.|spe|2\n|-boost|p1b: Drink Water.|def|2\n|-boost|p1b: Drink Water.|spd|2\n|turn|2\n|\n|t:|1683234190\n|-terastallize|p2b: Titan|Flying\n|move|p2a: Simba|Protect|p2a: Simba\n|-singleturn|p2a: Simba|Protect\n|move|p1b: Drink Water.|Order Up|p2b: Titan\n|-damage|p2b: Titan|33\/100\n|-boost|p1b: Drink Water.|atk|1\n|move|p2b: Titan|Tera Blast|p1b: Drink Water.\n|-damage|p1b: Drink Water.|77\/100\n|\n|-heal|p1b: Drink Water.|83\/100|[from] item: Leftovers\n|-damage|p2a: Simba|73\/100 psn|[from] psn\n|upkeep\n|turn|3\n|\n|t:|1683234203\n|move|p1b: Drink Water.|Protect|p1b: Drink Water.\n|-singleturn|p1b: Drink Water.|Protect\n|move|p2b: Titan|Extreme Speed|p1b: Drink Water.\n|-activate|p1b: Drink Water.|move: Protect\n|move|p2a: Simba|Will-O-Wisp|p1b: Drink Water.\n|-activate|p1b: Drink Water.|move: Protect\n|\n|-heal|p1b: Drink Water.|89\/100|[from] item: Leftovers\n|-damage|p2a: Simba|61\/100 psn|[from] psn\n|upkeep\n|turn|4\n|\n|t:|1683234214\n|move|p1b: Drink Water.|Wave Crash|p2a: Simba\n|-supereffective|p2a: Simba\n|-damage|p2a: Simba|0 fnt\n|faint|p2a: Simba\n|-damage|p1b: Drink Water.|72\/100|[from] Recoil\n|move|p2b: Titan|Tera Blast|p1b: Drink Water.\n|-damage|p1b: Drink Water.|49\/100\n|\n|-heal|p1b: Drink Water.|55\/100|[from] item: Leftovers\n|upkeep\n|\n|t:|1683234217\n|switch|p2a: Iron Man|Iron Hands, L50, shiny|100\/100\n|-status|p2a: Iron Man|psn\n|turn|5\n|\n|t:|1683234227\n|move|p1b: Drink Water.|Protect|p1b: Drink Water.\n|-singleturn|p1b: Drink Water.|Protect\n|move|p2a: Iron Man|Fake Out|p1b: Drink Water.\n|-activate|p1b: Drink Water.|move: Protect\n|move|p2b: Titan|Tera Blast|p1b: Drink Water.\n|-activate|p1b: Drink Water.|move: Protect\n|\n|-heal|p1b: Drink Water.|61\/100|[from] item: Leftovers\n|-damage|p2a: Iron Man|88\/100 psn|[from] psn\n|upkeep\n|turn|6\n|\n|t:|1683234239\n|move|p1b: Drink Water.|Wave Crash|p2a: Iron Man\n|-damage|p2a: Iron Man|5\/100 psn\n|-damage|p1b: Drink Water.|32\/100|[from] Recoil\n|move|p2b: Titan|Tera Blast|p1b: Drink Water.\n|-damage|p1b: Drink Water.|9\/100\n|move|p2a: Iron Man|Wild Charge|p1b: Drink Water.\n|-supereffective|p1b: Drink Water.\n|-damage|p1b: Drink Water.|0 fnt\n|faint|p1b: Drink Water.\n|-damage|p2a: Iron Man|3\/100 psn|[from] Recoil\n|\n|-damage|p2a: Iron Man|0 fnt|[from] psn\n|faint|p2a: Iron Man\n|-end|p2a: Iron Man|Quark Drive|[silent]\n|upkeep\n|\n|t:|1683234246\n|switch|p1b: Cultivate Hope.|Scizor, L50, M, tera:Fire|100\/100\n|switch|p2a: Blaze|Chi-Yu, L50|100\/100\n|-status|p2a: Blaze|psn\n|-ability|p2a: Blaze|Beads of Ruin\n|turn|7\n|\n|t:|1683234258\n|move|p2a: Blaze|Protect|p2a: Blaze\n|-singleturn|p2a: Blaze|Protect\n|move|p2b: Titan|Extreme Speed|p1a: Eat Your Vitamins.\n|-crit|p1a: Eat Your Vitamins.\n|-damage|p1a: Eat Your Vitamins.|0 fnt\n|faint|p1a: Eat Your Vitamins.\n|move|p1b: Cultivate Hope.|Close Combat|p2a: Blaze\n|-activate|p2a: Blaze|move: Protect\n|\n|-damage|p2a: Blaze|88\/100 psn|[from] psn\n|upkeep\n|turn|8\n|\n|t:|1683234269\n|move|p2a: Blaze|Dark Pulse|p1b: Cultivate Hope.\n|-damage|p1b: Cultivate Hope.|3\/100\n|-damage|p2a: Blaze|78\/100 psn|[from] item: Life Orb\n|move|p2b: Titan|Stomping Tantrum|p1b: Cultivate Hope.\n|-supereffective|p1b: Cultivate Hope.\n|-damage|p1b: Cultivate Hope.|0 fnt\n|faint|p1b: Cultivate Hope.\n|\n|win|mathtass\n|raw|Sukiyaki Eater's rating: 1232 → 1214<\/strong> (-18 for losing)\n|raw|mathtass's rating: 1328 → 1343<\/strong> (+15 for winning)\n|l|\u2606Sukiyaki Eater\n","uploadtime":1683234281,"views":7,"p1id":"sukiyakieater","p2id":"mathtass","formatid":"gen9vgc2023regulationc","rating":1214,"private":0,"password":""}