{"id":"gen9vgc2023regulationc-1859027323","p1":"TGH_sr","p2":"coolour","format":"[Gen 9] VGC 2023 Regulation C","log":"|j|\u2606TGH_sr\n|j|\u203dcoolour\n|t:|1683395938\n|gametype|doubles\n|player|p1|TGH_sr|steven|1265\n|player|p2|coolour|102|1215\n|teamsize|p1|6\n|teamsize|p2|6\n|gen|9\n|tier|[Gen 9] VGC 2023 Regulation C\n|rated|\n|rule|Species Clause: Limit one of each Pok\u00e9mon\n|rule|Item Clause: Limit one of each item\n|clearpoke\n|poke|p1|Talonflame, L50, F|\n|poke|p1|Garchomp, L50, F|\n|poke|p1|Kingambit, L50, F|\n|poke|p1|Iron Bundle, L50|\n|poke|p1|Flutter Mane, L50|\n|poke|p1|Amoonguss, L50, M|\n|poke|p2|Arcanine, L50, M|\n|poke|p2|Flutter Mane, L50|\n|poke|p2|Palafin, L50, M|\n|poke|p2|Amoonguss, L50, F|\n|poke|p2|Roaring Moon, L50|\n|poke|p2|Ting-Lu, L50|\n|teampreview|4\n|inactive|Battle timer is ON: inactive players will automatically lose when time's up. (requested by coolour)\nTGH_sr has agreed to open team sheets.\n|inactive|TGH_sr has 60 seconds left.\n|\n|t:|1683395980\n|start\n|switch|p1a: Talonflame|Talonflame, L50, F|100\/100\n|switch|p1b: Kingambit|Kingambit, L50, F|100\/100\n|switch|p2a: Arcanine|Arcanine, L50, M, shiny|100\/100\n|switch|p2b: Palafin|Palafin, L50, M|100\/100\n|-ability|p2a: Arcanine|Intimidate|boost\n|-unboost|p1a: Talonflame|atk|1\n|-unboost|p1b: Kingambit|atk|1\n|-ability|p1b: Kingambit|Defiant|boost\n|-boost|p1b: Kingambit|atk|2\n|turn|1\n|inactive|TGH_sr has 30 seconds left.\n|inactive|TGH_sr has 20 seconds left.\n|inactive|TGH_sr has 15 seconds left.\n|inactive|TGH_sr has 10 seconds left.\n|\n|t:|1683396028\n|-terastallize|p1b: Kingambit|Dark\n|move|p2b: Palafin|Jet Punch|p1a: Talonflame\n|-supereffective|p1a: Talonflame\n|-damage|p1a: Talonflame|32\/100\n|-damage|p2b: Palafin|84\/100|[from] item: Rocky Helmet|[of] p1a: Talonflame\n|move|p1a: Talonflame|Taunt|p2a: Arcanine\n|-start|p2a: Arcanine|move: Taunt\n|cant|p2a: Arcanine|move: Taunt|Will-O-Wisp\n|move|p1b: Kingambit|Kowtow Cleave|p2a: Arcanine\n|-damage|p2a: Arcanine|8\/100\n|\n|upkeep\n|turn|2\n|inactive|TGH_sr has 30 seconds left.\n|inactive|TGH_sr has 20 seconds left.\n|inactive|TGH_sr has 15 seconds left.\n|\n|t:|1683396069\n|detailschange|p2b: Palafin|Palafin-Hero, L50, M\n|switch|p2b: Roaring Moon|Roaring Moon, L50|100\/100\n|-enditem|p2b: Roaring Moon|Booster Energy\n|-activate|p2b: Roaring Moon|ability: Protosynthesis|[fromitem]\n|-start|p2b: Roaring Moon|protosynthesisatk\n|move|p2a: Arcanine|Extreme Speed|p1a: Talonflame\n|-damage|p1a: Talonflame|4\/100\n|-damage|p2a: Arcanine|0 fnt|[from] item: Rocky Helmet|[of] p1a: Talonflame\n|faint|p2a: Arcanine\n|move|p1a: Talonflame|Tailwind|p1a: Talonflame\n|-sidestart|p1: TGH_sr|move: Tailwind\n|move|p1b: Kingambit|Swords Dance|p1b: Kingambit\n|-boost|p1b: Kingambit|atk|2\n|\n|upkeep\n|\n|t:|1683396080\n|switch|p2a: Palafin|Palafin-Hero, L50, M|84\/100\n|-activate|p2a: Palafin|ability: Zero to Hero\n|turn|3\n|inactive|TGH_sr has 30 seconds left.\n|inactive|TGH_sr has 20 seconds left.\n|inactive|TGH_sr has 15 seconds left.\n|inactive|TGH_sr has 10 seconds left.\n|\n|t:|1683396125\n|-terastallize|p2b: Roaring Moon|Flying\n|move|p2a: Palafin|Jet Punch|p1a: Talonflame\n|-supereffective|p1a: Talonflame\n|-crit|p1a: Talonflame\n|-damage|p1a: Talonflame|0 fnt\n|-damage|p2a: Palafin|68\/100|[from] item: Rocky Helmet|[of] p1a: Talonflame\n|faint|p1a: Talonflame\n|move|p2b: Roaring Moon|Acrobatics|p1b: Kingambit\n|-damage|p1b: Kingambit|39\/100\n|move|p1b: Kingambit|Kowtow Cleave|p2a: Palafin\n|-damage|p2a: Palafin|0 fnt\n|faint|p2a: Palafin\n|\n|upkeep\n|\n|t:|1683396138\n|switch|p1a: Iron Bundle|Iron Bundle, L50|100\/100\n|switch|p2a: Ting-Lu|Ting-Lu, L50|100\/100\n|-ability|p2a: Ting-Lu|Vessel of Ruin\n|-enditem|p1a: Iron Bundle|Booster Energy\n|-activate|p1a: Iron Bundle|ability: Quark Drive|[fromitem]\n|-start|p1a: Iron Bundle|quarkdrivespe\n|turn|4\n|inactive|TGH_sr has 30 seconds left.\n|\n|t:|1683396167\n|move|p1a: Iron Bundle|Icy Wind|p2a: Ting-Lu|[spread] p2a,p2b\n|-supereffective|p2a: Ting-Lu\n|-supereffective|p2b: Roaring Moon\n|-damage|p2a: Ting-Lu|78\/100\n|-damage|p2b: Roaring Moon|76\/100\n|-unboost|p2a: Ting-Lu|spe|1\n|-unboost|p2b: Roaring Moon|spe|1\n|move|p1b: Kingambit|Kowtow Cleave|p2b: Roaring Moon\n|-damage|p2b: Roaring Moon|0 fnt\n|faint|p2b: Roaring Moon\n|-end|p2b: Roaring Moon|Protosynthesis|[silent]\n|move|p2a: Ting-Lu|Body Press|p1b: Kingambit\n|-supereffective|p1b: Kingambit\n|-damage|p1b: Kingambit|6\/100\n|\n|-heal|p2a: Ting-Lu|84\/100|[from] item: Leftovers\n|upkeep\n|turn|5\n|-message|coolour forfeited.\n|\n|win|TGH_sr\n|raw|TGH_sr's rating: 1265 → 1286<\/strong> (+21 for winning)\n|raw|coolour's rating: 1215 → 1194<\/strong> (-21 for losing)\n|l|\u203dcoolour\n","uploadtime":1683396185,"views":18,"p1id":"tghsr","p2id":"coolour","formatid":"gen9vgc2023regulationc","rating":1194,"private":0,"password":""}