{"id":"gen9vgc2023regulationc-1853505107","p1":"JabobFrog2","p2":"Felipe.Miller.V","format":"[Gen 9] VGC 2023 Regulation C","log":"|j|\u2606JabobFrog2\n|j|\u2606Felipe.Miller.V\n|t:|1682691632\n|gametype|doubles\n|player|p1|JabobFrog2|veteran|1108\n|player|p2|Felipe.Miller.V|2|1065\n|teamsize|p1|6\n|teamsize|p2|6\n|gen|9\n|tier|[Gen 9] VGC 2023 Regulation C\n|rated|\n|rule|Species Clause: Limit one of each Pok\u00e9mon\n|rule|Item Clause: Limit one of each item\n|clearpoke\n|poke|p1|Roaring Moon, L50|\n|poke|p1|Kingambit, L50, F|\n|poke|p1|Palafin, L50, F|\n|poke|p1|Flutter Mane, L50|\n|poke|p1|Amoonguss, L50, F|\n|poke|p1|Arcanine, L50, M|\n|poke|p2|Tauros-Paldea-Aqua, L50, M|\n|poke|p2|Gallade, L50, M|\n|poke|p2|Flutter Mane, L50|\n|poke|p2|Great Tusk, L50|\n|poke|p2|Murkrow, L50, F|\n|poke|p2|Corviknight, L50, M|\n|teampreview|4\n|\n|t:|1682691681\n|start\n|switch|p1a: Palafin|Palafin, L50, F|100\/100\n|switch|p1b: Kingambit|Kingambit, L50, F|100\/100\n|switch|p2a: Murkrow|Murkrow, L50, F|100\/100\n|switch|p2b: Tauros|Tauros-Paldea-Aqua, L50, M, shiny|100\/100\n|-ability|p2b: Tauros|Intimidate|boost\n|-unboost|p1a: Palafin|atk|1\n|-unboost|p1b: Kingambit|atk|1\n|-ability|p1b: Kingambit|Defiant|boost\n|-boost|p1b: Kingambit|atk|2\n|-enditem|p2b: Tauros|Mirror Herb\n|-boost|p2b: Tauros|atk|2|[from] item: Mirror Herb\n|turn|1\n|\n|t:|1682691712\n|detailschange|p1a: Palafin|Palafin-Hero, L50, F\n|switch|p1a: Amoonguss|Amoonguss, L50, F|100\/100\n|move|p2a: Murkrow|Rain Dance|p2a: Murkrow\n|-weather|RainDance\n|move|p2b: Tauros|Wave Crash|p1b: Kingambit\n|-damage|p1b: Kingambit|0 fnt\n|faint|p1b: Kingambit\n|-damage|p2b: Tauros|60\/100|[from] Recoil\n|\n|-weather|RainDance|[upkeep]\n|upkeep\n|\n|t:|1682691722\n|switch|p1b: Flutter Mane|Flutter Mane, L50|100\/100\n|turn|2\n|\n|t:|1682691745\n|move|p2b: Tauros|Protect|p2b: Tauros\n|-singleturn|p2b: Tauros|Protect\n|move|p1a: Amoonguss|Rage Powder|p1a: Amoonguss\n|-singleturn|p1a: Amoonguss|move: Rage Powder\n|move|p2a: Murkrow|Tailwind|p2a: Murkrow\n|-sidestart|p2: Felipe.Miller.V|move: Tailwind\n|move|p1b: Flutter Mane|Dazzling Gleam|p2a: Murkrow|[spread] p2a\n|-activate|p2b: Tauros|move: Protect\n|-supereffective|p2a: Murkrow\n|-damage|p2a: Murkrow|0 fnt\n|faint|p2a: Murkrow\n|\n|-weather|RainDance|[upkeep]\n|upkeep\n|\n|t:|1682691758\n|switch|p2a: Gallade|Gallade, L50, M, shiny|100\/100\n|turn|3\n|\n|t:|1682691771\n|move|p1a: Amoonguss|Rage Powder|p1a: Amoonguss\n|-singleturn|p1a: Amoonguss|move: Rage Powder\n|move|p2a: Gallade|Psycho Cut|p1a: Amoonguss\n|-supereffective|p1a: Amoonguss\n|-damage|p1a: Amoonguss|0 fnt\n|faint|p1a: Amoonguss\n|-damage|p2a: Gallade|91\/100|[from] item: Life Orb\n|move|p2b: Tauros|Wave Crash|p1b: Flutter Mane\n|-damage|p1b: Flutter Mane|0 fnt\n|faint|p1b: Flutter Mane\n|-end|p1b: Flutter Mane|Protosynthesis|[silent]\n|-damage|p2b: Tauros|35\/100|[from] Recoil\n|\n|-weather|RainDance|[upkeep]\n|upkeep\n|\n|t:|1682691799\n|switch|p1b: Palafin|Palafin-Hero, L50, F|100\/100\n|-activate|p1b: Palafin|ability: Zero to Hero\n|turn|4\n|\n|t:|1682691820\n|-terastallize|p2a: Gallade|Water\n|-terastallize|p1b: Palafin|Water\n|move|p1b: Palafin|Jet Punch|p2b: Tauros\n|-resisted|p2b: Tauros\n|-damage|p2b: Tauros|0 fnt\n|faint|p2b: Tauros\n|move|p2a: Gallade|Psycho Cut|p1b: Palafin\n|-damage|p1b: Palafin|38\/100\n|-damage|p2a: Gallade|81\/100|[from] item: Life Orb\n|\n|-weather|RainDance|[upkeep]\n|upkeep\n|\n|t:|1682691830\n|switch|p2b: Flutter Mane|Flutter Mane, L50|100\/100\n|turn|5\n|\n|t:|1682691845\n|move|p2b: Flutter Mane|Moonblast|p1b: Palafin\n|-damage|p1b: Palafin|0 fnt\n|faint|p1b: Palafin\n|\n|win|Felipe.Miller.V\n|raw|JabobFrog2's rating: 1108 → 1080<\/strong> (-28 for losing)\n|raw|Felipe.Miller.V's rating: 1065 → 1099<\/strong> (+34 for winning)\n","uploadtime":1682691853,"views":12,"p1id":"jabobfrog2","p2id":"felipemillerv","formatid":"gen9vgc2023regulationc","rating":1080,"private":0,"password":""}