{"id":"gen9vgc2023regulationc-1846420581","p1":"WillieDangerously","p2":"Nexnun","format":"[Gen 9] VGC 2023 Regulation C","log":"|j|\u2606WillieDangerously\n|j|\u2606Nexnun\n|t:|1681839473\n|gametype|doubles\n|player|p1|WillieDangerously|psychic-gen4|1235\n|player|p2|Nexnun|266|1257\n|teamsize|p1|6\n|teamsize|p2|6\n|gen|9\n|tier|[Gen 9] VGC 2023 Regulation C\n|rated|\n|rule|Species Clause: Limit one of each Pok\u00e9mon\n|rule|Item Clause: Limit one of each item\n|clearpoke\n|poke|p1|Gothitelle, L50, M|\n|poke|p1|Gyarados, L50, F|\n|poke|p1|Chi-Yu, L50|\n|poke|p1|Hariyama, L50, M|\n|poke|p1|Sandy Shocks, L50|\n|poke|p1|Flutter Mane, L50|\n|poke|p2|Hariyama, L50, F|\n|poke|p2|Indeedee-F, L50, F|\n|poke|p2|Oranguru, L50, M|\n|poke|p2|Kingambit, L50, M|\n|poke|p2|Hatterene, L50, F|\n|poke|p2|Torkoal, L50, F|\n|teampreview|4\n|inactive|Battle timer is ON: inactive players will automatically lose when time's up. (requested by Nexnun)\n|inactive|Nexnun has 60 seconds left.\n|\n|t:|1681839510\n|start\n|switch|p1a: Chi-Yu|Chi-Yu, L50|100\/100\n|switch|p1b: Flutter Mane|Flutter Mane, L50|100\/100\n|switch|p2a: Hariyama|Hariyama, L50, F|100\/100\n|switch|p2b: Oranguru|Oranguru, L50, M|100\/100\n|-ability|p1a: Chi-Yu|Beads of Ruin\n|-enditem|p1b: Flutter Mane|Booster Energy\n|-activate|p1b: Flutter Mane|ability: Protosynthesis|[fromitem]\n|-start|p1b: Flutter Mane|protosynthesisspe\n|turn|1\n|inactive|WillieDangerously has 30 seconds left.\n|\n|t:|1681839537\n|switch|p1a: Gothitelle|Gothitelle, L50, M|100\/100\n|move|p2a: Hariyama|Wide Guard|p2a: Hariyama\n|-singleturn|p2a: Hariyama|Wide Guard\n|move|p1b: Flutter Mane|Dazzling Gleam|p2b: Oranguru|[spread] \n|-activate|p2a: Hariyama|move: Wide Guard\n|-activate|p2b: Oranguru|move: Wide Guard\n|move|p2b: Oranguru|Trick Room|p2b: Oranguru\n|-fieldstart|move: Trick Room|[of] p2b: Oranguru\n|\n|-status|p2a: Hariyama|brn|[from] item: Flame Orb\n|upkeep\n|turn|2\n|inactive|WillieDangerously has 30 seconds left.\n|inactive|Nexnun has 30 seconds left.\n|inactive|Nexnun has 20 seconds left.\n|inactive|WillieDangerously has 20 seconds left.\n|inactive|Nexnun has 15 seconds left.\n|inactive|WillieDangerously has 15 seconds left.\n|inactive|Nexnun has 10 seconds left.\n|inactive|Nexnun has 5 seconds left.\n|\n|t:|1681839588\n|move|p1b: Flutter Mane|Protect|p1b: Flutter Mane\n|-singleturn|p1b: Flutter Mane|Protect\n|move|p2a: Hariyama|Earthquake|p1b: Flutter Mane|[spread] p1a\n|-activate|p1b: Flutter Mane|move: Protect\n|-activate|p2b: Oranguru|ability: Telepathy\n|-damage|p1a: Gothitelle|60\/100\n|move|p2b: Oranguru|Hyper Voice|p1b: Flutter Mane|[spread] p1a\n|-activate|p1b: Flutter Mane|move: Protect\n|-damage|p1a: Gothitelle|45\/100\n|move|p1a: Gothitelle|Trick Room|p1a: Gothitelle\n|-fieldend|move: Trick Room\n|\n|-heal|p1a: Gothitelle|51\/100|[from] item: Leftovers\n|-damage|p2a: Hariyama|95\/100 brn|[from] brn\n|upkeep\n|turn|3\n|inactive|Nexnun has 30 seconds left.\n|inactive|WillieDangerously has 30 seconds left.\n|inactive|Nexnun has 20 seconds left.\n|\n|t:|1681839627\n|-end|p1b: Flutter Mane|Protosynthesis|[silent]\n|switch|p1b: Hariyama|Hariyama, L50, M|100\/100\n|move|p2a: Hariyama|Wide Guard|p2a: Hariyama\n|-singleturn|p2a: Hariyama|Wide Guard\n|move|p1a: Gothitelle|Charm|p2a: Hariyama\n|-unboost|p2a: Hariyama|atk|2\n|move|p2b: Oranguru|Trick Room|p2b: Oranguru\n|-fieldstart|move: Trick Room|[of] p2b: Oranguru\n|\n|-heal|p1a: Gothitelle|57\/100|[from] item: Leftovers\n|-damage|p2a: Hariyama|89\/100 brn|[from] brn\n|-status|p1b: Hariyama|brn|[from] item: Flame Orb\n|upkeep\n|turn|4\n|\n|t:|1681839651\n|move|p1b: Hariyama|Fake Out|p2b: Oranguru\n|-damage|p2b: Oranguru|82\/100\n|move|p2a: Hariyama|Earthquake|p1b: Hariyama|[spread] p1a,p1b\n|-activate|p2b: Oranguru|ability: Telepathy\n|-damage|p1a: Gothitelle|37\/100\n|-damage|p1b: Hariyama|76\/100 brn\n|cant|p2b: Oranguru|flinch\n|move|p1a: Gothitelle|Trick Room|p1a: Gothitelle\n|-fieldend|move: Trick Room\n|\n|-heal|p1a: Gothitelle|43\/100|[from] item: Leftovers\n|-damage|p2a: Hariyama|83\/100 brn|[from] brn\n|-damage|p1b: Hariyama|70\/100 brn|[from] brn\n|upkeep\n|turn|5\n|inactive|WillieDangerously has 30 seconds left.\n|\n|t:|1681839680\n|move|p1a: Gothitelle|Psychic|p2a: Hariyama\n|-supereffective|p2a: Hariyama\n|-damage|p2a: Hariyama|16\/100 brn\n|move|p2b: Oranguru|Hyper Voice|p1b: Hariyama|[spread] p1a,p1b\n|-damage|p1a: Gothitelle|25\/100\n|-damage|p1b: Hariyama|50\/100 brn\n|move|p2a: Hariyama|Earthquake|p1a: Gothitelle|[spread] p1a,p1b\n|-activate|p2b: Oranguru|ability: Telepathy\n|-damage|p1a: Gothitelle|7\/100\n|-damage|p1b: Hariyama|28\/100 brn\n|move|p1b: Hariyama|Drain Punch|p2a: Hariyama\n|-damage|p2a: Hariyama|0 fnt\n|-heal|p1b: Hariyama|37\/100 brn|[from] drain|[of] p2a: Hariyama\n|faint|p2a: Hariyama\n|\n|-heal|p1a: Gothitelle|13\/100|[from] item: Leftovers\n|-damage|p1b: Hariyama|31\/100 brn|[from] brn\n|upkeep\n|\n|t:|1681839689\n|switch|p2a: Hatterene|Hatterene, L50, F|100\/100\n|turn|6\n|inactive|WillieDangerously has 30 seconds left.\n|\n|t:|1681839724\n|switch|p1b: Flutter Mane|Flutter Mane, L50|100\/100\n|move|p1a: Gothitelle|Protect|p1a: Gothitelle\n|-singleturn|p1a: Gothitelle|Protect\n|move|p2a: Hatterene|Protect|p2a: Hatterene\n|-singleturn|p2a: Hatterene|Protect\n|move|p2b: Oranguru|Trick Room|p2b: Oranguru\n|-fieldstart|move: Trick Room|[of] p2b: Oranguru\n|\n|-heal|p1a: Gothitelle|19\/100|[from] item: Leftovers\n|upkeep\n|turn|7\n|inactive|WillieDangerously has 30 seconds left.\n|inactive|WillieDangerously has 20 seconds left.\n|inactive|WillieDangerously has 15 seconds left.\n|\n|t:|1681839767\n|move|p2a: Hatterene|Dazzling Gleam|p1a: Gothitelle|[spread] p1a,p1b\n|-damage|p1a: Gothitelle|0 fnt\n|-damage|p1b: Flutter Mane|53\/100\n|faint|p1a: Gothitelle\n|-damage|p2a: Hatterene|91\/100|[from] item: Life Orb\n|move|p2b: Oranguru|Instruct|p2a: Hatterene\n|-singleturn|p2a: Hatterene|move: Instruct|[of] p2b: Oranguru\n|move|p2a: Hatterene|Dazzling Gleam|p1b: Flutter Mane\n|-damage|p1b: Flutter Mane|0 fnt\n|faint|p1b: Flutter Mane\n|-end|p1b: Flutter Mane|Protosynthesis|[silent]\n|-damage|p2a: Hatterene|81\/100|[from] item: Life Orb\n|\n|upkeep\n|\n|t:|1681839776\n|switch|p1a: Hariyama|Hariyama, L50, M|31\/100 brn\n|switch|p1b: Chi-Yu|Chi-Yu, L50|100\/100\n|-ability|p1b: Chi-Yu|Beads of Ruin\n|turn|8\n|inactive|WillieDangerously has 30 seconds left.\n|inactive|WillieDangerously has 20 seconds left.\n|inactive|WillieDangerously has 15 seconds left.\n|inactive|Nexnun has 30 seconds left.\n|inactive|WillieDangerously has 10 seconds left.\n|\n|t:|1681839822\n|move|p1a: Hariyama|Fake Out|p2a: Hatterene\n|-damage|p2a: Hatterene|60\/100\n|cant|p2a: Hatterene|flinch\n|move|p2b: Oranguru|Hyper Voice|p1b: Chi-Yu|[spread] p1a,p1b\n|-crit|p1a: Hariyama\n|-damage|p1a: Hariyama|0 fnt\n|-damage|p1b: Chi-Yu|77\/100\n|faint|p1a: Hariyama\n|move|p1b: Chi-Yu|Dark Pulse|p2b: Oranguru\n|-supereffective|p2b: Oranguru\n|-damage|p2b: Oranguru|0 fnt\n|faint|p2b: Oranguru\n|\n|upkeep\n|\n|t:|1681839831\n|switch|p2b: Kingambit|Kingambit, L50, M|100\/100\n|turn|9\n|inactive|WillieDangerously has 30 seconds left.\n|inactive|Nexnun has 30 seconds left.\n|\n|t:|1681839863\n|-terastallize|p2b: Kingambit|Dark\n|move|p1b: Chi-Yu|Protect|p1b: Chi-Yu\n|-singleturn|p1b: Chi-Yu|Protect\n|move|p2a: Hatterene|Dazzling Gleam|p1b: Chi-Yu\n|-activate|p1b: Chi-Yu|move: Protect\n|move|p2b: Kingambit|Swords Dance|p2b: Kingambit\n|-boost|p2b: Kingambit|atk|2\n|\n|upkeep\n|turn|10\n|\n|t:|1681839879\n|move|p1b: Chi-Yu|Protect||[still]\n|-fail|p1b: Chi-Yu\n|move|p2b: Kingambit|Sucker Punch||[still]\n|-fail|p2b: Kingambit\n|move|p2a: Hatterene|Dazzling Gleam|p1b: Chi-Yu\n|-damage|p1b: Chi-Yu|11\/100\n|-damage|p2a: Hatterene|50\/100|[from] item: Life Orb\n|\n|-fieldend|move: Trick Room\n|upkeep\n|turn|11\n|-message|WillieDangerously forfeited.\n|\n|win|Nexnun\n|raw|WillieDangerously's rating: 1235 → 1212<\/strong> (-23 for losing)\n|raw|Nexnun's rating: 1257 → 1280<\/strong> (+23 for winning)\n|l|\u2606WillieDangerously\n","uploadtime":1681839891,"views":11,"p1id":"williedangerously","p2id":"nexnun","formatid":"gen9vgc2023regulationc","rating":1212,"private":0,"password":""}