{"id":"gen9vgc2023regulationc-1861600306","p1":"chuu2trainer","p2":"foiledfeline","format":"[Gen 9] VGC 2023 Regulation C","log":"|j|\u2606chuu2trainer\n|j|\u2606foiledfeline\n|t:|1683779293\n|gametype|doubles\n|player|p1|chuu2trainer|marley|1185\n|player|p2|foiledfeline|steven|1222\n|teamsize|p1|6\n|teamsize|p2|6\n|gen|9\n|tier|[Gen 9] VGC 2023 Regulation C\n|rated|\n|rule|Species Clause: Limit one of each Pok\u00e9mon\n|rule|Item Clause: Limit one of each item\n|clearpoke\n|poke|p1|Pachirisu, L50, M|\n|poke|p1|Raichu, L50, M|\n|poke|p1|Dedenne, L50, F|\n|poke|p1|Pelipper, L50, F|\n|poke|p1|Vaporeon, L50, F|\n|poke|p1|Meowscarada, L50, F|\n|poke|p2|Chi-Yu, L50|\n|poke|p2|Talonflame, L50, M|\n|poke|p2|Breloom, L50, F|\n|poke|p2|Gyarados, L50, F|\n|poke|p2|Garchomp, L50, F|\n|poke|p2|Flutter Mane, L50|\n|teampreview|4\nfoiledfeline has agreed to open team sheets.\n|\n|t:|1683779337\n|start\n|switch|p1a: Pelipper|Pelipper, L50, F|100\/100\n|switch|p1b: Raichu|Raichu, L50, M|100\/100\n|switch|p2a: Garchomp|Garchomp, L50, F|100\/100\n|switch|p2b: Talonflame|Talonflame, L50, M|100\/100\n|-weather|RainDance|[from] ability: Drizzle|[of] p1a: Pelipper\n|turn|1\n|\n|t:|1683779371\n|move|p1b: Raichu|Fake Out|p2a: Garchomp\n|-damage|p2a: Garchomp|93\/100\n|-damage|p1b: Raichu|89\/100|[from] ability: Rough Skin|[of] p2a: Garchomp\n|move|p2b: Talonflame|Brave Bird|p1a: Pelipper\n|-damage|p1a: Pelipper|17\/100\n|-damage|p2b: Talonflame|76\/100|[from] Recoil\n|-damage|p2b: Talonflame|67\/100|[from] item: Life Orb\n|cant|p2a: Garchomp|flinch\n|move|p1a: Pelipper|Tailwind|p1a: Pelipper\n|-sidestart|p1: chuu2trainer|move: Tailwind\n|\n|-weather|RainDance|[upkeep]\n|upkeep\n|turn|2\n|\n|t:|1683779401\n|switch|p1a: Vaporeon|Vaporeon, L50, F|100\/100\n|move|p2a: Garchomp|Protect|p2a: Garchomp\n|-singleturn|p2a: Garchomp|Protect\n|move|p1b: Raichu|Surf|p2b: Talonflame|[spread] p2b\n|-activate|p2a: Garchomp|move: Protect\n|-immune|p1a: Vaporeon|[from] ability: Water Absorb\n|-supereffective|p2b: Talonflame\n|-damage|p2b: Talonflame|0 fnt\n|faint|p2b: Talonflame\n|\n|-weather|RainDance|[upkeep]\n|upkeep\n|\n|t:|1683779415\n|switch|p2b: Breloom|Breloom, L50, F|100\/100\n|turn|3\n|\n|t:|1683779431\n|move|p1b: Raichu|Surf|p2b: Breloom|[spread] p2a,p2b\n|-immune|p1a: Vaporeon|[from] ability: Water Absorb\n|-resisted|p2b: Breloom\n|-crit|p2b: Breloom\n|-damage|p2a: Garchomp|67\/100\n|-damage|p2b: Breloom|61\/100\n|move|p1a: Vaporeon|Ice Beam|p2b: Breloom\n|-supereffective|p2b: Breloom\n|-damage|p2b: Breloom|0 fnt\n|faint|p2b: Breloom\n|-damage|p1a: Vaporeon|91\/100|[from] item: Life Orb\n|move|p2a: Garchomp|Earthquake|p1b: Raichu|[spread] p1a,p1b\n|-supereffective|p1b: Raichu\n|-damage|p1a: Vaporeon|55\/100\n|-damage|p1b: Raichu|0 fnt\n|faint|p1b: Raichu\n|\n|-weather|RainDance|[upkeep]\n|upkeep\n|\n|t:|1683779449\n|switch|p1b: Pachirisu|Pachirisu, L50, M|100\/100\n|switch|p2b: Flutter Mane|Flutter Mane, L50|100\/100\n|-enditem|p2b: Flutter Mane|Booster Energy\n|-activate|p2b: Flutter Mane|ability: Protosynthesis|[fromitem]\n|-start|p2b: Flutter Mane|protosynthesisspa\n|turn|4\n|\n|t:|1683779471\n|move|p2b: Flutter Mane|Protect|p2b: Flutter Mane\n|-singleturn|p2b: Flutter Mane|Protect\n|move|p2a: Garchomp|Protect|p2a: Garchomp\n|-singleturn|p2a: Garchomp|Protect\n|move|p1b: Pachirisu|Nuzzle|p2b: Flutter Mane\n|-activate|p2b: Flutter Mane|move: Protect\n|move|p1a: Vaporeon|Muddy Water|p2a: Garchomp|[spread] \n|-activate|p2a: Garchomp|move: Protect\n|-activate|p2b: Flutter Mane|move: Protect\n|\n|-weather|RainDance|[upkeep]\n|-sideend|p1: chuu2trainer|move: Tailwind\n|upkeep\n|turn|5\n|\n|t:|1683779502\n|-terastallize|p2b: Flutter Mane|Fairy\n|-terastallize|p1b: Pachirisu|Flying\n|move|p1b: Pachirisu|Helping Hand|p1a: Vaporeon\n|-singleturn|p1a: Vaporeon|Helping Hand|[of] p1b: Pachirisu\n|move|p2b: Flutter Mane|Moonblast|p1a: Vaporeon\n|-damage|p1a: Vaporeon|0 fnt\n|faint|p1a: Vaporeon\n|move|p2a: Garchomp|Rock Slide|p1b: Pachirisu\n|-supereffective|p1b: Pachirisu\n|-damage|p1b: Pachirisu|19\/100\n|-enditem|p1b: Pachirisu|Iapapa Berry|[eat]\n|-heal|p1b: Pachirisu|52\/100|[from] item: Iapapa Berry\n|\n|-weather|RainDance|[upkeep]\n|upkeep\n|\n|t:|1683779519\n|switch|p1a: Pelipper|Pelipper, L50, F|17\/100\n|turn|6\n|\n|t:|1683779537\n|move|p2b: Flutter Mane|Dazzling Gleam|p1a: Pelipper|[spread] p1a,p1b\n|-damage|p1a: Pelipper|0 fnt\n|-damage|p1b: Pachirisu|0 fnt\n|faint|p1a: Pelipper\n|faint|p1b: Pachirisu\n|\n|win|foiledfeline\n|raw|chuu2trainer's rating: 1185 → 1163<\/strong> (-22 for losing)\n|raw|foiledfeline's rating: 1222 → 1244<\/strong> (+22 for winning)\n|l|\u2606chuu2trainer\n","uploadtime":1683779544,"views":18,"p1id":"chuu2trainer","p2id":"foiledfeline","formatid":"gen9vgc2023regulationc","rating":1163,"private":0,"password":""}