{"id":"gen9vgc2023regulationc-1849304338","p1":"Kirizoaro","p2":"apef_123","format":"[Gen 9] VGC 2023 Regulation C","log":"|j|\u2606Kirizoaro\n|j|\u2606apef_123\n|t:|1682183790\n|gametype|doubles\n|player|p1|Kirizoaro|lance|1154\n|player|p2|apef_123|ingo|1240\n|teamsize|p1|6\n|teamsize|p2|6\n|gen|9\n|tier|[Gen 9] VGC 2023 Regulation C\n|rated|\n|rule|Species Clause: Limit one of each Pok\u00e9mon\n|rule|Item Clause: Limit one of each item\n|clearpoke\n|poke|p1|Dondozo, L50, M|\n|poke|p1|Tatsugiri-Stretchy, L50, M|\n|poke|p1|Chi-Yu, L50|\n|poke|p1|Flutter Mane, L50|\n|poke|p1|Dragonite, L50, M|\n|poke|p1|Glimmora, L50, F|\n|poke|p2|Flutter Mane, L50|\n|poke|p2|Maushold-Four, L50|\n|poke|p2|Annihilape, L50, M|\n|poke|p2|Ting-Lu, L50|\n|poke|p2|Gyarados, L50, F|\n|poke|p2|Baxcalibur, L50, F|\n|teampreview|4\n|\n|t:|1682183810\n|start\n|switch|p1a: Glimmora|Glimmora, L50, F|100\/100\n|switch|p1b: Dondozo|Dondozo, L50, M|100\/100\n|switch|p2a: Baxcalibur|Baxcalibur, L50, F|100\/100\n|switch|p2b: Ting-Lu|Ting-Lu, L50|100\/100\n|-ability|p2b: Ting-Lu|Vessel of Ruin\n|turn|1\n|\n|t:|1682183846\n|move|p2a: Baxcalibur|Protect|p2a: Baxcalibur\n|-singleturn|p2a: Baxcalibur|Protect\n|move|p1a: Glimmora|Toxic|p2b: Ting-Lu\n|-status|p2b: Ting-Lu|tox\n|move|p2b: Ting-Lu|Fissure|p1b: Dondozo|[miss]\n|-miss|p2b: Ting-Lu|p1b: Dondozo\n|move|p1b: Dondozo|Yawn|p2a: Baxcalibur\n|-activate|p2a: Baxcalibur|move: Protect\n|\n|-damage|p2b: Ting-Lu|94\/100 tox|[from] psn\n|upkeep\n|turn|2\n|\n|t:|1682183862\n|move|p1a: Glimmora|Spiky Shield|p1a: Glimmora\n|-singleturn|p1a: Glimmora|move: Protect\n|move|p1b: Dondozo|Protect|p1b: Dondozo\n|-singleturn|p1b: Dondozo|Protect\n|move|p2a: Baxcalibur|Glaive Rush|p1a: Glimmora\n|-activate|p1a: Glimmora|move: Protect\n|-damage|p2a: Baxcalibur|88\/100|[from] Spiky Shield|[of] p1a: Glimmora\n|move|p2b: Ting-Lu|Fissure|p1b: Dondozo\n|-activate|p1b: Dondozo|move: Protect\n|\n|-damage|p2b: Ting-Lu|82\/100 tox|[from] psn\n|upkeep\n|turn|3\n|\n|t:|1682183878\n|move|p1a: Glimmora|Power Gem|p2a: Baxcalibur\n|-supereffective|p2a: Baxcalibur\n|-damage|p2a: Baxcalibur|27\/100\n|move|p2a: Baxcalibur|Glaive Rush|p1a: Glimmora\n|-crit|p1a: Glimmora\n|-enditem|p1a: Glimmora|Focus Sash\n|-damage|p1a: Glimmora|1\/100\n|-singlemove|p2a: Baxcalibur|Glaive Rush|[silent]\n|-activate|p1a: Glimmora|ability: Toxic Debris\n|-sidestart|p2: apef_123|move: Toxic Spikes\n|move|p2b: Ting-Lu|Fissure|p1b: Dondozo|[miss]\n|-miss|p2b: Ting-Lu|p1b: Dondozo\n|move|p1b: Dondozo|Bulldoze|p2b: Ting-Lu|[spread] p1a,p2a,p2b\n|-supereffective|p1a: Glimmora\n|-damage|p1a: Glimmora|0 fnt\n|-damage|p2a: Baxcalibur|6\/100\n|-damage|p2b: Ting-Lu|76\/100 tox\n|-unboost|p2a: Baxcalibur|spe|1\n|-unboost|p2b: Ting-Lu|spe|1\n|-activate|p1a: Glimmora|ability: Toxic Debris\n|-sidestart|p2: apef_123|move: Toxic Spikes\n|faint|p1a: Glimmora\n|\n|-damage|p2b: Ting-Lu|58\/100 tox|[from] psn\n|upkeep\n|\n|t:|1682183898\n|switch|p1a: Flutter Mane|Flutter Mane, L50|100\/100\n|-enditem|p1a: Flutter Mane|Booster Energy\n|-activate|p1a: Flutter Mane|ability: Protosynthesis|[fromitem]\n|-start|p1a: Flutter Mane|protosynthesisspe\n|turn|4\n|\n|t:|1682183908\n|move|p1a: Flutter Mane|Protect|p1a: Flutter Mane\n|-singleturn|p1a: Flutter Mane|Protect\n|move|p2a: Baxcalibur|Ice Shard|p1a: Flutter Mane\n|-activate|p1a: Flutter Mane|move: Protect\n|move|p1b: Dondozo|Bulldoze|p2b: Ting-Lu|[spread] p2a,p2b\n|-activate|p1a: Flutter Mane|move: Protect\n|-damage|p2a: Baxcalibur|0 fnt\n|-damage|p2b: Ting-Lu|53\/100 tox\n|-unboost|p2b: Ting-Lu|spe|1\n|faint|p2a: Baxcalibur\n|move|p2b: Ting-Lu|Fissure|p1b: Dondozo|[miss]\n|-miss|p2b: Ting-Lu|p1b: Dondozo\n|\n|-damage|p2b: Ting-Lu|28\/100 tox|[from] psn\n|upkeep\n|\n|t:|1682183912\n|switch|p2a: Flutter Mane|Flutter Mane, L50|100\/100\n|-status|p2a: Flutter Mane|tox\n|-enditem|p2a: Flutter Mane|Booster Energy\n|-activate|p2a: Flutter Mane|ability: Protosynthesis|[fromitem]\n|-start|p2a: Flutter Mane|protosynthesisspa\n|turn|5\n|-message|apef_123 forfeited.\n|\n|win|Kirizoaro\n|raw|Kirizoaro's rating: 1154 → 1185<\/strong> (+31 for winning)\n|raw|apef_123's rating: 1240 → 1209<\/strong> (-31 for losing)\n|l|\u2606apef_123\n","uploadtime":1682183924,"views":6,"p1id":"kirizoaro","p2id":"apef123","formatid":"gen9vgc2023regulationc","rating":1185,"private":0,"password":""}