{"id":"gen9vgc2023regulationc-1860110802","p1":"Kb019","p2":"McDubbieEnthusiast","format":"[Gen 9] VGC 2023 Regulation C","log":"|j|\u2606Kb019\n|j|\u2606McDubbieEnthusiast\n|t:|1683596439\n|gametype|doubles\n|player|p1|Kb019|101|1607\n|player|p2|McDubbieEnthusiast|waiter-gen4|1605\n|teamsize|p1|5\n|teamsize|p2|6\n|gen|9\n|tier|[Gen 9] VGC 2023 Regulation C\n|rated|\n|rule|Species Clause: Limit one of each Pok\u00e9mon\n|rule|Item Clause: Limit one of each item\n|clearpoke\n|poke|p1|Chien-Pao, L50|\n|poke|p1|Scizor, L50, F|\n|poke|p1|Palafin, L50, M|\n|poke|p1|Iron Hands, L50|\n|poke|p1|Arcanine, L50, F|\n|poke|p2|Tyranitar, L50, M|\n|poke|p2|Garchomp, L50, F|\n|poke|p2|Dragonite, L50, F|\n|poke|p2|Scream Tail, L50|\n|poke|p2|Flutter Mane, L50|\n|poke|p2|Orthworm, L50, F|\n|teampreview|4\n|inactive|Battle timer is ON: inactive players will automatically lose when time's up. (requested by McDubbieEnthusiast)\n|\n|t:|1683596491\n|start\n|switch|p1a: Iron Hands|Iron Hands, L50|100\/100\n|switch|p1b: Palafin|Palafin, L50, M|100\/100\n|switch|p2a: Beholder|Scream Tail, L50, shiny|100\/100\n|switch|p2b: Dunewinder|Orthworm, L50, F, shiny|100\/100\n|-enditem|p2a: Beholder|Booster Energy\n|-activate|p2a: Beholder|ability: Protosynthesis|[fromitem]\n|-start|p2a: Beholder|protosynthesisspe\n|turn|1\n|\n|t:|1683596509\n|detailschange|p1b: Palafin|Palafin-Hero, L50, M\n|switch|p1b: Arcanine|Arcanine, L50, F|100\/100\n|-ability|p1b: Arcanine|Intimidate|boost\n|-unboost|p2a: Beholder|atk|1\n|-unboost|p2b: Dunewinder|atk|1\n|move|p1a: Iron Hands|Fake Out|p2b: Dunewinder\n|-resisted|p2b: Dunewinder\n|-damage|p2b: Dunewinder|95\/100\n|move|p2a: Beholder|Thunder Wave|p1b: Arcanine\n|-status|p1b: Arcanine|par\n|cant|p2b: Dunewinder|flinch\n|\n|upkeep\n|turn|2\n|inactive|Kb019 has 30 seconds left.\n|\n|t:|1683596540\n|-end|p1a: Iron Hands|Quark Drive|[silent]\n|switch|p1a: Scizor|Scizor, L50, F|100\/100\n|move|p2a: Beholder|Encore||[still]\n|-fail|p2a: Beholder\n|move|p2b: Dunewinder|Shed Tail|p2b: Dunewinder\n|-start|p2b: Dunewinder|Substitute|[from] move: Shed Tail\n|-damage|p2b: Dunewinder|45\/100\n|-enditem|p2b: Dunewinder|Sitrus Berry|[eat]\n|-heal|p2b: Dunewinder|70\/100|[from] item: Sitrus Berry\n|\n|t:|1683596550\n|switch|p2b: Mogaru|Garchomp, L50, F|100\/100|[from] Shed Tail\n|move|p1b: Arcanine|Flame Charge|p2b: Mogaru\n|-resisted|p2b: Mogaru\n|-activate|p2b: Mogaru|move: Substitute|[damage]\n|-boost|p1b: Arcanine|spe|1\n|\n|upkeep\n|turn|3\n|\n|t:|1683596574\n|-end|p2a: Beholder|Protosynthesis|[silent]\n|switch|p2a: Dunewinder|Orthworm, L50, F, shiny|70\/100\n|-terastallize|p1b: Arcanine|Water\n|move|p1a: Scizor|Protect|p1a: Scizor\n|-singleturn|p1a: Scizor|Protect\n|move|p2b: Mogaru|Earthquake|p1a: Scizor|[spread] p1b\n|-activate|p1a: Scizor|move: Protect\n|-heal|p2a: Dunewinder|95\/100|[from] ability: Earth Eater|[of] p2b: Mogaru\n|-damage|p1b: Arcanine|60\/100 par\n|move|p1b: Arcanine|Flame Charge|p2b: Mogaru\n|-resisted|p2b: Mogaru\n|-end|p2b: Mogaru|Substitute\n|-boost|p1b: Arcanine|spe|1\n|\n|upkeep\n|turn|4\n|j| safdsgfdg\n|inactive|Kb019 has 30 seconds left.\n|inactive|McDubbieEnthusiast has 30 seconds left.\n|l| safdsgfdg\n|inactive|Kb019 has 20 seconds left.\n|\n|t:|1683596611\n|move|p2b: Mogaru|Earthquake|p1a: Scizor|[spread] p1a,p1b\n|-heal|p2a: Dunewinder|100\/100|[from] ability: Earth Eater|[of] p2b: Mogaru\n|-damage|p1a: Scizor|58\/100\n|-damage|p1b: Arcanine|21\/100 par\n|move|p1b: Arcanine|Flame Charge|p2a: Dunewinder\n|-supereffective|p2a: Dunewinder\n|-damage|p2a: Dunewinder|55\/100\n|-boost|p1b: Arcanine|spe|1\n|move|p2a: Dunewinder|Shed Tail|p2a: Dunewinder\n|-start|p2a: Dunewinder|Substitute|[from] move: Shed Tail\n|-damage|p2a: Dunewinder|5\/100\n|inactive|McDubbieEnthusiast has 30 seconds left.\n|\n|t:|1683596639\n|switch|p2a: Lich|Flutter Mane, L50|100\/100|[from] Shed Tail\n|move|p1a: Scizor|Trailblaze|p2b: Mogaru\n|-damage|p2b: Mogaru|75\/100\n|-boost|p1a: Scizor|spe|1\n|\n|upkeep\n|turn|5\n|inactive|McDubbieEnthusiast has 30 seconds left.\n|inactive|McDubbieEnthusiast has 20 seconds left.\n|inactive|McDubbieEnthusiast has 15 seconds left.\n|inactive|McDubbieEnthusiast has 10 seconds left.\n|inactive|McDubbieEnthusiast has 5 seconds left.\n|\n|t:|1683596691\n|move|p1a: Scizor|Protect|p1a: Scizor\n|-singleturn|p1a: Scizor|Protect\n|move|p1b: Arcanine|Flame Charge|p2a: Lich\n|-end|p2a: Lich|Substitute\n|-boost|p1b: Arcanine|spe|1\n|move|p2a: Lich|Energy Ball|p1b: Arcanine\n|-supereffective|p1b: Arcanine\n|-damage|p1b: Arcanine|0 fnt\n|faint|p1b: Arcanine\n|move|p2b: Mogaru|Swords Dance|p2b: Mogaru\n|-boost|p2b: Mogaru|atk|2\n|\n|upkeep\n|\n|t:|1683596704\n|switch|p1b: Palafin|Palafin-Hero, L50, M|100\/100\n|-activate|p1b: Palafin|ability: Zero to Hero\n|turn|6\n|\n|t:|1683596725\n|-terastallize|p2a: Lich|Grass\n|move|p2b: Mogaru|Protect|p2b: Mogaru\n|-singleturn|p2b: Mogaru|Protect\n|move|p1a: Scizor|Bullet Punch|p2b: Mogaru\n|-activate|p2b: Mogaru|move: Protect\n|move|p1b: Palafin|Jet Punch|p2b: Mogaru\n|-activate|p2b: Mogaru|move: Protect\n|move|p2a: Lich|Energy Ball|p1b: Palafin\n|-supereffective|p1b: Palafin\n|-damage|p1b: Palafin|0 fnt\n|faint|p1b: Palafin\n|\n|upkeep\n|\n|t:|1683596737\n|switch|p1b: Iron Hands|Iron Hands, L50|100\/100\n|turn|7\n|\n|t:|1683596750\n|-end|p2a: Lich|Protosynthesis|[silent]\n|switch|p2a: Dunewinder|Orthworm, L50, F, shiny|5\/100\n|move|p1b: Iron Hands|Fake Out|p2b: Mogaru|[miss]\n|-miss|p1b: Iron Hands|p2b: Mogaru\n|move|p1a: Scizor|Bullet Punch|p2b: Mogaru\n|-damage|p2b: Mogaru|44\/100\n|move|p2b: Mogaru|Earthquake|p1a: Scizor|[spread] p1a,p1b\n|-heal|p2a: Dunewinder|30\/100|[from] ability: Earth Eater|[of] p2b: Mogaru\n|-supereffective|p1b: Iron Hands\n|-damage|p1a: Scizor|0 fnt\n|-damage|p1b: Iron Hands|6\/100\n|faint|p1a: Scizor\n|\n|upkeep\n|turn|8\n|c|\u2606Kb019|...\n|-message|Kb019 forfeited.\n|\n|win|McDubbieEnthusiast\n|raw|Kb019's rating: 1607 → 1587<\/strong> (-20 for losing)\n|raw|McDubbieEnthusiast's rating: 1605 → 1625<\/strong> (+20 for winning)\n|l|\u2606Kb019\n","uploadtime":1683596768,"views":52,"p1id":"kb019","p2id":"mcdubbieenthusiast","formatid":"gen9vgc2023regulationc","rating":1587,"private":0,"password":""}