{"id":"gen9vgc2023regulationc-1861788327","p1":"Cbum2023","p2":"gianniking","format":"[Gen 9] VGC 2023 Regulation C","log":"|j|\u2606Cbum2023\n|j|\u2606gianniking\n|t:|1683808733\n|gametype|doubles\n|player|p1|Cbum2023|169|1332\n|player|p2|gianniking|102|1227\n|teamsize|p1|6\n|teamsize|p2|6\n|gen|9\n|tier|[Gen 9] VGC 2023 Regulation C\n|rated|\n|rule|Species Clause: Limit one of each Pok\u00e9mon\n|rule|Item Clause: Limit one of each item\n|clearpoke\n|poke|p1|Orthworm, L50, F|\n|poke|p1|Ting-Lu, L50|\n|poke|p1|Dragonite, L50, F|\n|poke|p1|Flutter Mane, L50|\n|poke|p1|Gyarados, L50, F|\n|poke|p1|Chien-Pao, L50|\n|poke|p2|Annihilape, L50, M|\n|poke|p2|Maushold, L50|\n|poke|p2|Corviknight, L50, F|\n|poke|p2|Gholdengo, L50|\n|poke|p2|Iron Bundle, L50|\n|poke|p2|Ting-Lu, L50|\n|teampreview|4\ngianniking has agreed to open team sheets.\n|\n|t:|1683808775\n|start\n|switch|p1a: Orthworm|Orthworm, L50, F|100\/100\n|switch|p1b: Ting-Lu|Ting-Lu, L50|100\/100\n|switch|p2a: Annihilape|Annihilape, L50, M|100\/100\n|switch|p2b: Maushold|Maushold, L50|100\/100\n|-ability|p1b: Ting-Lu|Vessel of Ruin\n|turn|1\n|\n|t:|1683808816\n|move|p2b: Maushold|Taunt|p1a: Orthworm\n|-start|p1a: Orthworm|move: Taunt\n|move|p2a: Annihilape|Drain Punch|p1b: Ting-Lu\n|-supereffective|p1b: Ting-Lu\n|-damage|p1b: Ting-Lu|61\/100\n|cant|p1a: Orthworm|move: Taunt|Shed Tail\n|move|p1b: Ting-Lu|Earthquake|p2b: Maushold|[spread] p2a,p2b\n|-immune|p1a: Orthworm|[from] ability: Earth Eater\n|-damage|p2a: Annihilape|77\/100\n|-damage|p2b: Maushold|60\/100\n|\n|-heal|p2a: Annihilape|83\/100|[from] item: Leftovers\n|upkeep\n|turn|2\n|\n|t:|1683808835\n|move|p2b: Maushold|Protect|p2b: Maushold\n|-singleturn|p2b: Maushold|Protect\n|move|p2a: Annihilape|Bulk Up|p2a: Annihilape\n|-boost|p2a: Annihilape|atk|1\n|-boost|p2a: Annihilape|def|1\n|move|p1a: Orthworm|Body Press|p2b: Maushold\n|-activate|p2b: Maushold|move: Protect\n|move|p1b: Ting-Lu|Earthquake|p2a: Annihilape|[spread] p2a\n|-activate|p2b: Maushold|move: Protect\n|-immune|p1a: Orthworm|[from] ability: Earth Eater\n|-damage|p2a: Annihilape|65\/100\n|\n|-heal|p2a: Annihilape|71\/100|[from] item: Leftovers\n|upkeep\n|turn|3\n|\n|t:|1683808857\n|switch|p2b: Corviknight|Corviknight, L50, F|100\/100\n|switch|p1b: Flutter Mane|Flutter Mane, L50|100\/100\n|move|p2a: Annihilape|Drain Punch|p1b: Flutter Mane\n|-immune|p1b: Flutter Mane\n|move|p1a: Orthworm|Body Press|p2b: Corviknight\n|-crit|p2b: Corviknight\n|-damage|p2b: Corviknight|72\/100\n|\n|-heal|p2a: Annihilape|77\/100|[from] item: Leftovers\n|-end|p1a: Orthworm|move: Taunt\n|upkeep\n|turn|4\n|\n|t:|1683808879\n|-terastallize|p1b: Flutter Mane|Fairy\n|-terastallize|p2a: Annihilape|Fire\n|move|p1b: Flutter Mane|Moonblast|p2a: Annihilape\n|-resisted|p2a: Annihilape\n|-damage|p2a: Annihilape|40\/100\n|move|p2a: Annihilape|Drain Punch|p1a: Orthworm\n|-supereffective|p1a: Orthworm\n|-damage|p1a: Orthworm|3\/100\n|-heal|p2a: Annihilape|75\/100|[from] drain|[of] p1a: Orthworm\n|-enditem|p1a: Orthworm|Sitrus Berry|[eat]\n|-heal|p1a: Orthworm|28\/100|[from] item: Sitrus Berry\n|move|p1a: Orthworm|Shed Tail|p1a: Orthworm\n|-fail|p1a: Orthworm|move: Shed Tail|[weak]\n|move|p2b: Corviknight|Body Press|p1a: Orthworm\n|-supereffective|p1a: Orthworm\n|-damage|p1a: Orthworm|0 fnt\n|faint|p1a: Orthworm\n|\n|-heal|p2a: Annihilape|81\/100|[from] item: Leftovers\n|upkeep\n|\n|t:|1683808903\n|switch|p1a: Dragonite|Dragonite, L50, F|100\/100\n|turn|5\n|\n|t:|1683808918\n|-end|p1b: Flutter Mane|Protosynthesis|[silent]\n|switch|p1b: Ting-Lu|Ting-Lu, L50|61\/100\n|-ability|p1b: Ting-Lu|Vessel of Ruin\n|move|p2a: Annihilape|Protect|p2a: Annihilape\n|-singleturn|p2a: Annihilape|Protect\n|move|p1a: Dragonite|Dragon Dance|p1a: Dragonite\n|-boost|p1a: Dragonite|atk|1\n|-boost|p1a: Dragonite|spe|1\n|move|p2b: Corviknight|Tailwind|p2b: Corviknight\n|-sidestart|p2: gianniking|move: Tailwind\n|\n|-heal|p2a: Annihilape|87\/100|[from] item: Leftovers\n|upkeep\n|turn|6\n|\n|t:|1683808959\n|move|p1a: Dragonite|Protect|p1a: Dragonite\n|-singleturn|p1a: Dragonite|Protect\n|move|p2a: Annihilape|Drain Punch|p1b: Ting-Lu\n|-supereffective|p1b: Ting-Lu\n|-damage|p1b: Ting-Lu|0 fnt\n|-heal|p2a: Annihilape|100\/100|[from] drain|[of] p1b: Ting-Lu\n|faint|p1b: Ting-Lu\n|move|p2b: Corviknight|Body Press|p1a: Dragonite\n|-activate|p1a: Dragonite|move: Protect\n|\n|upkeep\n|\n|t:|1683808970\n|switch|p1b: Flutter Mane|Flutter Mane, L50, tera:Fairy|100\/100\n|turn|7\n|\n|t:|1683808990\n|switch|p2b: Maushold|Maushold, L50|60\/100\n|move|p1a: Dragonite|Extreme Speed|p2a: Annihilape\n|-damage|p2a: Annihilape|78\/100\n|move|p2a: Annihilape|Rage Fist|p1a: Dragonite\n|-damage|p1a: Dragonite|0 fnt\n|faint|p1a: Dragonite\n|move|p1b: Flutter Mane|Shadow Ball|p2a: Annihilape\n|-damage|p2a: Annihilape|41\/100\n|\n|-heal|p2a: Annihilape|47\/100|[from] item: Leftovers\n|upkeep\n|turn|8\n|\n|t:|1683809010\n|move|p2b: Maushold|Follow Me|p2b: Maushold\n|-singleturn|p2b: Maushold|move: Follow Me\n|move|p2a: Annihilape|Rage Fist|p1b: Flutter Mane\n|-damage|p1b: Flutter Mane|0 fnt\n|faint|p1b: Flutter Mane\n|-end|p1b: Flutter Mane|Protosynthesis|[silent]\n|\n|win|gianniking\n|raw|Cbum2023's rating: 1332 → 1306<\/strong> (-26 for losing)\n|raw|gianniking's rating: 1227 → 1259<\/strong> (+32 for winning)\n","uploadtime":1683809019,"views":14,"p1id":"cbum2023","p2id":"gianniking","formatid":"gen9vgc2023regulationc","rating":1259,"private":0,"password":""}