{"id":"gen9vgc2023regulationc-1859212659","p1":"dadarvin","p2":"Vengeful potato","format":"[Gen 9] VGC 2023 Regulation C","log":"|j|\u2606dadarvin\n|j|\u2606Vengeful potato\n|t:|1683418705\n|gametype|doubles\n|player|p1|dadarvin|rosa|1321\n|player|p2|Vengeful potato|swimmer-gen4|1404\n|teamsize|p1|6\n|teamsize|p2|6\n|gen|9\n|tier|[Gen 9] VGC 2023 Regulation C\n|rated|\n|rule|Species Clause: Limit one of each Pok\u00e9mon\n|rule|Item Clause: Limit one of each item\n|clearpoke\n|poke|p1|Torkoal, L50, F|\n|poke|p1|Armarouge, L50, M|\n|poke|p1|Iron Bundle, L50|\n|poke|p1|Indeedee, L50, M|\n|poke|p1|Gallade, L50, M|\n|poke|p1|Flutter Mane, L50|\n|poke|p2|Dudunsparce-*, L50, M|\n|poke|p2|Hariyama, L50, M|\n|poke|p2|Gengar, L50, F|\n|poke|p2|Corviknight, L50, F|\n|poke|p2|Rotom-Wash, L50|\n|poke|p2|Baxcalibur, L50, F|\n|teampreview|4\n|\n|t:|1683418759\n|start\n|switch|p1a: Indeedee|Indeedee, L50, M|100\/100\n|switch|p1b: Flutter Mane|Flutter Mane, L50|100\/100\n|switch|p2a: Double Trouble|Dudunsparce, L50, M|100\/100\n|switch|p2b: Polished|Corviknight, L50, F, shiny|100\/100\n|-fieldstart|move: Psychic Terrain|[from] ability: Psychic Surge|[of] p1a: Indeedee\n|turn|1\n|\n|t:|1683418769\n|move|p1a: Indeedee|Hyper Voice|p2a: Double Trouble|[spread] p2a,p2b\n|-resisted|p2b: Polished\n|-damage|p2a: Double Trouble|66\/100\n|-damage|p2b: Polished|88\/100\n|move|p1b: Flutter Mane|Thunderbolt|p2b: Polished\n|-supereffective|p2b: Polished\n|-damage|p2b: Polished|8\/100\n|move|p2a: Double Trouble|Rock Slide|p1b: Flutter Mane|[spread] p1a,p1b\n|-damage|p1a: Indeedee|74\/100\n|-damage|p1b: Flutter Mane|71\/100\n|move|p2b: Polished|Iron Head|p1b: Flutter Mane\n|-supereffective|p1b: Flutter Mane\n|-damage|p1b: Flutter Mane|0 fnt\n|faint|p1b: Flutter Mane\n|-end|p1b: Flutter Mane|Protosynthesis|[silent]\n|\n|upkeep\n|\n|t:|1683418783\n|switch|p1b: Armarouge|Armarouge, L50, M|100\/100\n|turn|2\n|\n|t:|1683418792\n|move|p1a: Indeedee|Hyper Voice|p2b: Polished|[spread] p2a,p2b\n|-resisted|p2b: Polished\n|-damage|p2a: Double Trouble|36\/100\n|-damage|p2b: Polished|0 fnt\n|-enditem|p2a: Double Trouble|Sitrus Berry|[eat]\n|-heal|p2a: Double Trouble|61\/100|[from] item: Sitrus Berry\n|faint|p2b: Polished\n|move|p2a: Double Trouble|Rock Slide|p1b: Armarouge|[spread] p1a,p1b\n|-supereffective|p1b: Armarouge\n|-damage|p1a: Indeedee|47\/100\n|-damage|p1b: Armarouge|75\/100\n|-enditem|p1b: Armarouge|Weakness Policy\n|-boost|p1b: Armarouge|atk|2|[from] item: Weakness Policy\n|-boost|p1b: Armarouge|spa|2|[from] item: Weakness Policy\n|cant|p1b: Armarouge|flinch\n|\n|upkeep\n|\n|t:|1683418809\n|switch|p2b: Status Enjoyer|Gengar, L50, F, shiny|100\/100\n|turn|3\n|\n|t:|1683418819\n|switch|p1a: Torkoal|Torkoal, L50, F|100\/100\n|-weather|SunnyDay|[from] ability: Drought|[of] p1a: Torkoal\n|-terastallize|p2b: Status Enjoyer|Grass\n|move|p1b: Armarouge|Protect|p1b: Armarouge\n|-singleturn|p1b: Armarouge|Protect\n|move|p2b: Status Enjoyer|Sludge Bomb|p1b: Armarouge\n|-activate|p1b: Armarouge|move: Protect\n|move|p2a: Double Trouble|Rock Slide|p1a: Torkoal|[spread] p1a\n|-activate|p1b: Armarouge|move: Protect\n|-supereffective|p1a: Torkoal\n|-damage|p1a: Torkoal|82\/100\n|\n|-weather|SunnyDay|[upkeep]\n|upkeep\n|turn|4\n|\n|t:|1683418838\n|move|p2b: Status Enjoyer|Sludge Bomb|p1b: Armarouge\n|-damage|p1b: Armarouge|19\/100\n|move|p2a: Double Trouble|Rock Slide|p1a: Torkoal|[spread] p1a,p1b\n|-supereffective|p1a: Torkoal\n|-supereffective|p1b: Armarouge\n|-crit|p1b: Armarouge\n|-damage|p1a: Torkoal|61\/100\n|-damage|p1b: Armarouge|0 fnt\n|faint|p1b: Armarouge\n|move|p1a: Torkoal|Eruption|p2b: Status Enjoyer|[spread] p2a,p2b\n|-supereffective|p2b: Status Enjoyer\n|-damage|p2a: Double Trouble|9\/100\n|-damage|p2b: Status Enjoyer|0 fnt\n|-start|p1a: Torkoal|Disable|Eruption|[from] ability: Cursed Body|[of] p2b: Status Enjoyer\n|faint|p2b: Status Enjoyer\n|\n|-weather|SunnyDay|[upkeep]\n|upkeep\n|\n|t:|1683418850\n|switch|p2b: THICC|Hariyama, L50, M, shiny|100\/100\n|switch|p1b: Indeedee|Indeedee, L50, M|47\/100\n|turn|5\n|\n|t:|1683418863\n|-terastallize|p1b: Indeedee|Fairy\n|move|p2a: Double Trouble|Protect|p2a: Double Trouble\n|-singleturn|p2a: Double Trouble|Protect\n|move|p1b: Indeedee|Dazzling Gleam|p2a: Double Trouble|[spread] p2b\n|-activate|p2a: Double Trouble|move: Protect\n|-supereffective|p2b: THICC\n|-damage|p2b: THICC|50\/100\n|move|p2b: THICC|Drain Punch|p1b: Indeedee\n|-resisted|p1b: Indeedee\n|-damage|p1b: Indeedee|9\/100\n|-heal|p2b: THICC|62\/100|[from] drain|[of] p1b: Indeedee\n|move|p1a: Torkoal|Solar Beam||[still]\n|-prepare|p1a: Torkoal|Solar Beam\n|-anim|p1a: Torkoal|Solar Beam|p2b: THICC\n|-damage|p2b: THICC|32\/100\n|\n|-weather|SunnyDay|[upkeep]\n|-fieldend|move: Psychic Terrain\n|upkeep\n|turn|6\n|inactive|Battle timer is ON: inactive players will automatically lose when time's up. (requested by dadarvin)\n|\n|t:|1683418878\n|move|p2b: THICC|Bullet Punch|p1b: Indeedee\n|-supereffective|p1b: Indeedee\n|-damage|p1b: Indeedee|0 fnt\n|faint|p1b: Indeedee\n|move|p2a: Double Trouble|Rock Slide|p1a: Torkoal\n|-supereffective|p1a: Torkoal\n|-damage|p1a: Torkoal|36\/100\n|cant|p1a: Torkoal|flinch\n|\n|-weather|SunnyDay|[upkeep]\n|upkeep\n|turn|7\n|-message|dadarvin forfeited.\n|\n|win|Vengeful potato\n|raw|dadarvin's rating: 1321 → 1306<\/strong> (-15 for losing)\n|raw|Vengeful potato's rating: 1404 → 1419<\/strong> (+15 for winning)\n|l|\u2606dadarvin\n|c|\u2606Vengeful potato|Ggs\n","uploadtime":1683418891,"views":5,"p1id":"dadarvin","p2id":"vengefulpotato","formatid":"gen9vgc2023regulationc","rating":1306,"private":0,"password":""}