{"id":"gen9vgc2023regulationc-1851697613","p1":"Championx18","p2":"Om3gamouse","format":"[Gen 9] VGC 2023 Regulation C","log":"|j|\u2606Championx18\n|j|\u2606Om3gamouse\n|t:|1682471273\n|gametype|doubles\n|player|p1|Championx18|169|1198\n|player|p2|Om3gamouse|larry|1269\n|teamsize|p1|6\n|teamsize|p2|6\n|gen|9\n|tier|[Gen 9] VGC 2023 Regulation C\n|rated|\n|rule|Species Clause: Limit one of each Pok\u00e9mon\n|rule|Item Clause: Limit one of each item\n|clearpoke\n|poke|p1|Flutter Mane, L50|\n|poke|p1|Chi-Yu, L50|\n|poke|p1|Chien-Pao, L50|\n|poke|p1|Dragonite, L50, F|\n|poke|p1|Iron Bundle, L50|\n|poke|p1|Torkoal, L50, F|\n|poke|p2|Arcanine, L50, F|\n|poke|p2|Iron Bundle, L50|\n|poke|p2|Amoonguss, L50, M|\n|poke|p2|Palafin, L50, F|\n|poke|p2|Tinkaton, L50, F|\n|poke|p2|Kingambit, L50, F|\n|teampreview|4\n|inactive|Battle timer is ON: inactive players will automatically lose when time's up. (requested by Championx18)\nOm3gamouse has agreed to open team sheets.\n|inactive|Championx18 has 60 seconds left.\n|inactive|Om3gamouse has 60 seconds left.\n|\n|t:|1682471324\n|start\n|switch|p1a: Iron Bundle|Iron Bundle, L50|100\/100\n|switch|p1b: Torkoal|Torkoal, L50, F|100\/100\n|switch|p2a: Kingambit|Kingambit, L50, F|100\/100\n|switch|p2b: Iron Bundle|Iron Bundle, L50|100\/100\n|-weather|SunnyDay|[from] ability: Drought|[of] p1b: Torkoal\n|-enditem|p1a: Iron Bundle|Booster Energy\n|-activate|p1a: Iron Bundle|ability: Quark Drive|[fromitem]\n|-start|p1a: Iron Bundle|quarkdrivespe\n|-enditem|p2b: Iron Bundle|Booster Energy\n|-activate|p2b: Iron Bundle|ability: Quark Drive|[fromitem]\n|-start|p2b: Iron Bundle|quarkdrivespe\n|turn|1\n|\n|t:|1682471344\n|move|p1b: Torkoal|Protect|p1b: Torkoal\n|-singleturn|p1b: Torkoal|Protect\n|move|p1a: Iron Bundle|Freeze-Dry|p2b: Iron Bundle\n|-damage|p2b: Iron Bundle|36\/100\n|move|p2b: Iron Bundle|Hydro Pump|p1b: Torkoal\n|-activate|p1b: Torkoal|move: Protect\n|move|p2a: Kingambit|Kowtow Cleave|p1b: Torkoal\n|-activate|p1b: Torkoal|move: Protect\n|\n|-weather|SunnyDay|[upkeep]\n|upkeep\n|turn|2\n|inactive|Om3gamouse has 30 seconds left.\n|inactive|Championx18 has 30 seconds left.\n|inactive|Om3gamouse has 20 seconds left.\n|inactive|Championx18 has 20 seconds left.\n|\n|t:|1682471389\n|-terastallize|p2a: Kingambit|Flying\n|move|p2a: Kingambit|Sucker Punch|p1b: Torkoal\n|-damage|p1b: Torkoal|70\/100\n|move|p2b: Iron Bundle|Hydro Pump|p1b: Torkoal\n|-supereffective|p1b: Torkoal\n|-crit|p1b: Torkoal\n|-damage|p1b: Torkoal|0 fnt\n|faint|p1b: Torkoal\n|move|p1a: Iron Bundle|Hydro Pump|p2b: Iron Bundle\n|-resisted|p2b: Iron Bundle\n|-damage|p2b: Iron Bundle|8\/100\n|\n|-weather|SunnyDay|[upkeep]\n|upkeep\n|\n|t:|1682471400\n|switch|p1b: Dragonite|Dragonite, L50, F|100\/100\n|turn|3\n|inactive|Championx18 has 30 seconds left.\n|inactive|Om3gamouse has 30 seconds left.\n|\n|t:|1682471429\n|switch|p2a: Arcanine|Arcanine, L50, F|100\/100\n|-ability|p2a: Arcanine|Intimidate|boost\n|-unboost|p1a: Iron Bundle|atk|1\n|-fail|p1b: Dragonite|unboost|Attack|[from] ability: Inner Focus|[of] p1b: Dragonite\n|-terastallize|p1b: Dragonite|Normal\n|move|p2b: Iron Bundle|Protect|p2b: Iron Bundle\n|-singleturn|p2b: Iron Bundle|Protect\n|move|p1b: Dragonite|Extreme Speed|p2a: Arcanine\n|-damage|p2a: Arcanine|24\/100\n|move|p1a: Iron Bundle|Icy Wind|p2a: Arcanine|[spread] p2a\n|-activate|p2b: Iron Bundle|move: Protect\n|-resisted|p2a: Arcanine\n|-crit|p2a: Arcanine\n|-damage|p2a: Arcanine|7\/100\n|-unboost|p2a: Arcanine|spe|1\n|\n|-weather|SunnyDay|[upkeep]\n|upkeep\n|turn|4\n|inactive|Championx18 has 30 seconds left.\n|\n|t:|1682471458\n|move|p1b: Dragonite|Extreme Speed|p2b: Iron Bundle\n|-damage|p2b: Iron Bundle|0 fnt\n|faint|p2b: Iron Bundle\n|-end|p2b: Iron Bundle|Quark Drive|[silent]\n|move|p1a: Iron Bundle|Freeze-Dry|p2a: Arcanine\n|-resisted|p2a: Arcanine\n|-damage|p2a: Arcanine|0 fnt\n|faint|p2a: Arcanine\n|\n|-weather|SunnyDay|[upkeep]\n|upkeep\n|\n|t:|1682471464\n|switch|p2b: Tinkaton|Tinkaton, L50, F|100\/100\n|switch|p2a: Kingambit|Kingambit, L50, F, tera:Flying|100\/100\n|turn|5\n|inactive|Championx18 has 30 seconds left.\n|inactive|Championx18 has 20 seconds left.\n|\n|t:|1682471502\n|move|p2b: Tinkaton|Fake Out|p1a: Iron Bundle\n|-damage|p1a: Iron Bundle|86\/100\n|-damage|p2b: Tinkaton|91\/100|[from] item: Life Orb\n|move|p1b: Dragonite|Extreme Speed|p2a: Kingambit\n|-damage|p2a: Kingambit|45\/100\n|cant|p1a: Iron Bundle|flinch\n|move|p2a: Kingambit|Tera Blast|p1a: Iron Bundle\n|-damage|p1a: Iron Bundle|26\/100\n|\n|-weather|none\n|upkeep\n|turn|6\n|\n|t:|1682471526\n|move|p1a: Iron Bundle|Protect|p1a: Iron Bundle\n|-singleturn|p1a: Iron Bundle|Protect\n|move|p1b: Dragonite|Extreme Speed|p2a: Kingambit\n|-damage|p2a: Kingambit|0 fnt\n|faint|p2a: Kingambit\n|move|p2b: Tinkaton|Gigaton Hammer|p1b: Dragonite\n|-damage|p1b: Dragonite|17\/100\n|-damage|p2b: Tinkaton|81\/100|[from] item: Life Orb\n|\n|upkeep\n|turn|7\n|\n|t:|1682471538\n|move|p1b: Dragonite|Extreme Speed|p2b: Tinkaton\n|-resisted|p2b: Tinkaton\n|-damage|p2b: Tinkaton|40\/100\n|move|p1a: Iron Bundle|Hydro Pump|p2b: Tinkaton\n|-damage|p2b: Tinkaton|0 fnt\n|faint|p2b: Tinkaton\n|\n|win|Championx18\n|raw|Championx18's rating: 1198 → 1228<\/strong> (+30 for winning)\n|raw|Om3gamouse's rating: 1269 → 1239<\/strong> (-30 for losing)\n","uploadtime":1682471542,"views":14,"p1id":"championx18","p2id":"om3gamouse","formatid":"gen9vgc2023regulationc","rating":1228,"private":0,"password":""}