{"id":"gen9vgc2023regulationc-1853065845","p1":"Bdogplatinum","p2":"eduardoykl69","format":"[Gen 9] VGC 2023 Regulation C","log":"|j|\u2606Bdogplatinum\n|j|\u2606eduardoykl69\n|t:|1682631175\n|gametype|doubles\n|player|p1|Bdogplatinum|cress|1469\n|player|p2|eduardoykl69|1|1419\n|teamsize|p1|6\n|teamsize|p2|6\n|gen|9\n|tier|[Gen 9] VGC 2023 Regulation C\n|rated|\n|rule|Species Clause: Limit one of each Pok\u00e9mon\n|rule|Item Clause: Limit one of each item\n|clearpoke\n|poke|p1|Iron Valiant, L50|\n|poke|p1|Bellibolt, L50, M|\n|poke|p1|Gyarados, L50, M|\n|poke|p1|Corviknight, L50, F|\n|poke|p1|Chi-Yu, L50|\n|poke|p1|Wo-Chien, L50|\n|poke|p2|Maushold-Four, L50|\n|poke|p2|Amoonguss, L50, F|\n|poke|p2|Iron Bundle, L50|\n|poke|p2|Chi-Yu, L50|\n|poke|p2|Dondozo, L50, M|\n|poke|p2|Tatsugiri, L50, F|\n|teampreview|4\nBdogplatinum has agreed to open team sheets.\n|\n|t:|1682631215\n|start\n|switch|p1a: Bellibolt|Bellibolt, L50, M|100\/100\n|switch|p1b: Iron Valiant|Iron Valiant, L50|100\/100\n|switch|p2a: Maushold|Maushold-Four, L50|100\/100\n|switch|p2b: Amoonguss|Amoonguss, L50, F|100\/100\n|-enditem|p1b: Iron Valiant|Booster Energy\n|-activate|p1b: Iron Valiant|ability: Quark Drive|[fromitem]\n|-start|p1b: Iron Valiant|quarkdrivespe\n|turn|1\n|\n|t:|1682631227\n|move|p1b: Iron Valiant|Protect|p1b: Iron Valiant\n|-singleturn|p1b: Iron Valiant|Protect\n|move|p2a: Maushold|Protect|p2a: Maushold\n|-singleturn|p2a: Maushold|Protect\n|move|p1a: Bellibolt|Volt Switch|p2a: Maushold\n|-activate|p2a: Maushold|move: Protect\n|move|p2b: Amoonguss|Spore|p1b: Iron Valiant\n|-activate|p1b: Iron Valiant|move: Protect\n|\n|upkeep\n|turn|2\n|\n|t:|1682631239\n|-end|p1b: Iron Valiant|Quark Drive|[silent]\n|switch|p1b: Gyarados|Gyarados, L50, M|100\/100\n|-ability|p1b: Gyarados|Intimidate|boost\n|-unboost|p2a: Maushold|atk|1\n|-unboost|p2b: Amoonguss|atk|1\n|move|p2b: Amoonguss|Rage Powder|p2b: Amoonguss\n|-singleturn|p2b: Amoonguss|move: Rage Powder\n|move|p2a: Maushold|Tidy Up|p2a: Maushold\n|-boost|p2a: Maushold|atk|1\n|-boost|p2a: Maushold|spe|1\n|move|p1a: Bellibolt|Volt Switch|p2b: Amoonguss\n|-resisted|p2b: Amoonguss\n|-damage|p2b: Amoonguss|88\/100\n|\n|t:|1682631249\n|switch|p1a: Wo-Chien|Wo-Chien, L50|100\/100|[from] Volt Switch\n|-ability|p1a: Wo-Chien|Tablets of Ruin\n|\n|upkeep\n|turn|3\n|\n|t:|1682631258\n|move|p2b: Amoonguss|Rage Powder|p2b: Amoonguss\n|-singleturn|p2b: Amoonguss|move: Rage Powder\n|move|p2a: Maushold|Tidy Up|p2a: Maushold\n|-boost|p2a: Maushold|atk|1\n|-boost|p2a: Maushold|spe|1\n|move|p1b: Gyarados|Taunt|p2b: Amoonguss\n|-start|p2b: Amoonguss|move: Taunt\n|move|p1a: Wo-Chien|Leech Seed|p2a: Maushold\n|-start|p2a: Maushold|move: Leech Seed\n|\n|-damage|p2a: Maushold|88\/100|[from] Leech Seed|[of] p1a: Wo-Chien\n|upkeep\n|turn|4\n|\n|t:|1682631277\n|-terastallize|p1a: Wo-Chien|Water\n|move|p2a: Maushold|Tidy Up|p2a: Maushold\n|-boost|p2a: Maushold|atk|1\n|-boost|p2a: Maushold|spe|1\n|move|p1b: Gyarados|Thunder Wave|p2b: Amoonguss\n|-status|p2b: Amoonguss|par\n|move|p1a: Wo-Chien|Foul Play|p2a: Maushold\n|-damage|p2a: Maushold|11\/100\n|move|p2b: Amoonguss|Pollen Puff|p2a: Maushold\n|-heal|p2a: Maushold|61\/100\n|\n|-damage|p2a: Maushold|49\/100|[from] Leech Seed|[of] p1a: Wo-Chien\n|upkeep\n|turn|5\n|\n|t:|1682631291\n|switch|p1b: Bellibolt|Bellibolt, L50, M|100\/100\n|move|p2a: Maushold|Population Bomb|p1b: Bellibolt\n|-damage|p1b: Bellibolt|88\/100\n|-start|p1b: Bellibolt|Charge|Population Bomb|[from] ability: Electromorphosis\n|-crit|p1b: Bellibolt\n|-damage|p1b: Bellibolt|68\/100\n|-start|p1b: Bellibolt|Charge|Population Bomb|[from] ability: Electromorphosis\n|-damage|p1b: Bellibolt|57\/100\n|-start|p1b: Bellibolt|Charge|Population Bomb|[from] ability: Electromorphosis\n|-crit|p1b: Bellibolt\n|-damage|p1b: Bellibolt|38\/100\n|-start|p1b: Bellibolt|Charge|Population Bomb|[from] ability: Electromorphosis\n|-damage|p1b: Bellibolt|25\/100\n|-start|p1b: Bellibolt|Charge|Population Bomb|[from] ability: Electromorphosis\n|-damage|p1b: Bellibolt|13\/100\n|-start|p1b: Bellibolt|Charge|Population Bomb|[from] ability: Electromorphosis\n|-damage|p1b: Bellibolt|0 fnt\n|faint|p1b: Bellibolt\n|-hitcount|p1: Bellibolt|7\n|move|p1a: Wo-Chien|Foul Play|p2a: Maushold\n|-damage|p2a: Maushold|0 fnt\n|faint|p2a: Maushold\n|move|p2b: Amoonguss|Pollen Puff|p2: Maushold|[notarget]\n|-fail|p2b: Amoonguss\n|\n|upkeep\n|\n|t:|1682631306\n|switch|p2a: Dondozo|Dondozo, L50, M|100\/100\n|switch|p1b: Gyarados|Gyarados, L50, M|100\/100\n|-ability|p1b: Gyarados|Intimidate|boost\n|-fail|p2a: Dondozo|unboost|[from] item: Clear Amulet|[of] p2a: Dondozo\n|-unboost|p2b: Amoonguss|atk|1\n|turn|6\n|\n|t:|1682631340\n|switch|p2b: Tatsugiri|Tatsugiri, L50, F|100\/100\n|-activate|p2b: Tatsugiri|ability: Commander|[of] p2a: Dondozo\n|-boost|p2a: Dondozo|atk|2\n|-boost|p2a: Dondozo|spa|2\n|-boost|p2a: Dondozo|spe|2\n|-boost|p2a: Dondozo|def|2\n|-boost|p2a: Dondozo|spd|2\n|move|p2a: Dondozo|Substitute|p2a: Dondozo\n|-start|p2a: Dondozo|Substitute\n|-damage|p2a: Dondozo|76\/100\n|move|p1b: Gyarados|Thunder Wave||[still]\n|-fail|p1b: Gyarados\n|move|p1a: Wo-Chien|Leech Seed||[still]\n|-fail|p1a: Wo-Chien\n|\n|upkeep\n|turn|7\n|\n|t:|1682631361\n|move|p1b: Gyarados|Protect|p1b: Gyarados\n|-singleturn|p1b: Gyarados|Protect\n|move|p2a: Dondozo|Order Up|p1b: Gyarados\n|-activate|p1b: Gyarados|move: Protect\n|move|p1a: Wo-Chien|Foul Play|p2a: Dondozo\n|-activate|p2a: Dondozo|move: Substitute|[damage]\n|\n|upkeep\n|turn|8\n|\n|t:|1682631374\n|move|p2a: Dondozo|Order Up|p1b: Gyarados\n|-damage|p1b: Gyarados|67\/100\n|-boost|p2a: Dondozo|atk|1\n|move|p1b: Gyarados|Waterfall|p2a: Dondozo\n|-resisted|p2a: Dondozo\n|-activate|p2a: Dondozo|move: Substitute|[damage]\n|move|p1a: Wo-Chien|Leech Seed|p2a: Dondozo|[miss]\n|-miss|p1a: Wo-Chien|p2a: Dondozo\n|\n|upkeep\n|turn|9\n|\n|t:|1682631394\n|switch|p1b: Iron Valiant|Iron Valiant, L50|100\/100\n|move|p2a: Dondozo|Order Up|p1b: Iron Valiant\n|-immune|p1b: Iron Valiant\n|move|p1a: Wo-Chien|Foul Play|p2a: Dondozo\n|-end|p2a: Dondozo|Substitute\n|\n|upkeep\n|turn|10\n|\n|t:|1682631405\n|-terastallize|p2a: Dondozo|Grass\n|move|p1b: Iron Valiant|Moonblast|p2a: Dondozo\n|-damage|p2a: Dondozo|56\/100\n|move|p2a: Dondozo|Tera Blast|p1a: Wo-Chien\n|-supereffective|p1a: Wo-Chien\n|-damage|p1a: Wo-Chien|12\/100\n|-enditem|p1a: Wo-Chien|Sitrus Berry|[eat]\n|-heal|p1a: Wo-Chien|37\/100|[from] item: Sitrus Berry\n|move|p1a: Wo-Chien|Leech Seed|p2a: Dondozo\n|-immune|p2a: Dondozo\n|\n|upkeep\n|turn|11\n|\n|t:|1682631418\n|move|p1b: Iron Valiant|Moonblast|p2a: Dondozo\n|-damage|p2a: Dondozo|36\/100\n|move|p2a: Dondozo|Earthquake|p1b: Iron Valiant|[spread] p1a,p1b\n|-miss|p2a: Dondozo|p2b: Tatsugiri\n|-damage|p1a: Wo-Chien|10\/100\n|-damage|p1b: Iron Valiant|55\/100\n|move|p1a: Wo-Chien|Pollen Puff|p2a: Dondozo\n|-supereffective|p2a: Dondozo\n|-damage|p2a: Dondozo|18\/100\n|\n|upkeep\n|turn|12\n|\n|t:|1682631430\n|move|p1b: Iron Valiant|Moonblast|p2a: Dondozo\n|-damage|p2a: Dondozo|0 fnt\n|faint|p2a: Dondozo\n|move|p1a: Wo-Chien|Pollen Puff|p1b: Iron Valiant\n|-heal|p1b: Iron Valiant|100\/100\n|\n|upkeep\n|\n|t:|1682631434\n|switch|p2a: Amoonguss|Amoonguss, L50, F|100\/100 par\n|turn|13\n|\n|t:|1682631447\n|switch|p1a: Gyarados|Gyarados, L50, M|67\/100\n|-ability|p1a: Gyarados|Intimidate|boost\n|-unboost|p2a: Amoonguss|atk|1\n|-unboost|p2b: Tatsugiri|atk|1\n|move|p1b: Iron Valiant|Protect|p1b: Iron Valiant\n|-singleturn|p1b: Iron Valiant|Protect\n|move|p2b: Tatsugiri|Muddy Water|p1b: Iron Valiant|[spread] p1a\n|-activate|p1b: Iron Valiant|move: Protect\n|-resisted|p1a: Gyarados\n|-damage|p1a: Gyarados|55\/100\n|move|p2a: Amoonguss|Spore|p1b: Iron Valiant\n|-activate|p1b: Iron Valiant|move: Protect\n|\n|upkeep\n|turn|14\n|\n|t:|1682631456\n|-end|p1b: Iron Valiant|Quark Drive|[silent]\n|switch|p1b: Wo-Chien|Wo-Chien, L50, tera:Water|10\/100\n|-ability|p1b: Wo-Chien|Tablets of Ruin\n|cant|p2a: Amoonguss|par\n|move|p2b: Tatsugiri|Muddy Water|p1b: Wo-Chien|[spread] p1a,p1b\n|-resisted|p1a: Gyarados\n|-resisted|p1b: Wo-Chien\n|-damage|p1a: Gyarados|42\/100\n|-damage|p1b: Wo-Chien|0 fnt\n|faint|p1b: Wo-Chien\n|move|p1a: Gyarados|Taunt|p2a: Amoonguss\n|-start|p2a: Amoonguss|move: Taunt\n|\n|upkeep\n|\n|t:|1682631466\n|switch|p1b: Iron Valiant|Iron Valiant, L50|100\/100\n|turn|15\n|\n|t:|1682631471\n|move|p1b: Iron Valiant|Protect|p1b: Iron Valiant\n|-singleturn|p1b: Iron Valiant|Protect\n|move|p2b: Tatsugiri|Muddy Water|p1a: Gyarados|[spread] p1a\n|-activate|p1b: Iron Valiant|move: Protect\n|-resisted|p1a: Gyarados\n|-damage|p1a: Gyarados|30\/100\n|move|p1a: Gyarados|Thunder Wave|p2b: Tatsugiri\n|-status|p2b: Tatsugiri|par\n|move|p2a: Amoonguss|Pollen Puff|p2b: Tatsugiri\n|-immune|p2b: Tatsugiri\n|\n|upkeep\n|turn|16\n|\n|t:|1682631481\n|move|p1b: Iron Valiant|Moonblast|p2b: Tatsugiri\n|-supereffective|p2b: Tatsugiri\n|-damage|p2b: Tatsugiri|0 fnt\n|faint|p2b: Tatsugiri\n|move|p1a: Gyarados|Waterfall|p2a: Amoonguss\n|-resisted|p2a: Amoonguss\n|-damage|p2a: Amoonguss|88\/100 par\n|cant|p2a: Amoonguss|par\n|\n|upkeep\n|turn|17\n|-message|eduardoykl69 forfeited.\n|\n|win|Bdogplatinum\n|raw|Bdogplatinum's rating: 1469 → 1486<\/strong> (+17 for winning)\n|raw|eduardoykl69's rating: 1419 → 1402<\/strong> (-17 for losing)\n|l|\u2606eduardoykl69\n","uploadtime":1682631490,"views":17,"p1id":"bdogplatinum","p2id":"eduardoykl69","formatid":"gen9vgc2023regulationc","rating":1402,"private":0,"password":""}