{"id":"gen9vgc2023regulationc-1863163038","p1":"caZISA","p2":"sotero23","format":"[Gen 9] VGC 2023 Regulation C","log":"|j|\u2606caZISA\n|j|\u2606sotero23\n|t:|1683982065\n|gametype|doubles\n|player|p1|caZISA|red|1482\n|player|p2|sotero23|veteran|1547\n|teamsize|p1|6\n|teamsize|p2|6\n|gen|9\n|tier|[Gen 9] VGC 2023 Regulation C\n|rated|\n|rule|Species Clause: Limit one of each Pok\u00e9mon\n|rule|Item Clause: Limit one of each item\n|clearpoke\n|poke|p1|Chi-Yu, L50|\n|poke|p1|Iron Bundle, L50|\n|poke|p1|Great Tusk, L50|\n|poke|p1|Abomasnow, L50, M|\n|poke|p1|Gholdengo, L50|\n|poke|p1|Murkrow, L50, F|\n|poke|p2|Gyarados, L50, M|\n|poke|p2|Murkrow, L50, M|\n|poke|p2|Great Tusk, L50|\n|poke|p2|Flutter Mane, L50|\n|poke|p2|Chi-Yu, L50|\n|poke|p2|Gholdengo, L50|\n|teampreview|4\nsotero23 has agreed to open team sheets.\n|j| Herewegoezagain\n|l| Herewegoezagain\n|j| Herewegoezagain\n|\n|t:|1683982117\n|start\n|switch|p1a: Murkrow|Murkrow, L50, F|100\/100\n|switch|p1b: Gholdengo|Gholdengo, L50|100\/100\n|switch|p2a: Murkrow|Murkrow, L50, M|100\/100\n|switch|p2b: Flutter Mane|Flutter Mane, L50|100\/100\n|turn|1\n|l| Herewegoezagain\n|inactive|Battle timer is ON: inactive players will automatically lose when time's up. (requested by caZISA)\n|\n|t:|1683982153\n|-terastallize|p1b: Gholdengo|Water\n|move|p1a: Murkrow|Tailwind|p1a: Murkrow\n|-sidestart|p1: caZISA|move: Tailwind\n|move|p2a: Murkrow|Tailwind|p2a: Murkrow\n|-sidestart|p2: sotero23|move: Tailwind\n|move|p2b: Flutter Mane|Moonblast|p1b: Gholdengo\n|-damage|p1b: Gholdengo|6\/100\n|move|p1b: Gholdengo|Make It Rain|p2b: Flutter Mane|[spread] p2a,p2b\n|-supereffective|p2b: Flutter Mane\n|-damage|p2a: Murkrow|44\/100\n|-damage|p2b: Flutter Mane|0 fnt\n|-unboost|p1b: Gholdengo|spa|1\n|faint|p2b: Flutter Mane\n|-end|p2b: Flutter Mane|Protosynthesis|[silent]\n|-damage|p1b: Gholdengo|0 fnt|[from] item: Life Orb\n|faint|p1b: Gholdengo\n|\n|upkeep\n|\n|t:|1683982167\n|switch|p2b: Chi-Yu|Chi-Yu, L50|100\/100\n|switch|p1b: Nemo|Chi-Yu, L50|100\/100\n|-ability|p1b: Nemo|Beads of Ruin\n|-ability|p2b: Chi-Yu|Beads of Ruin\n|turn|2\n|c|\u2606sotero23|xD\n|c|\u2606caZISA|XD\n|\n|t:|1683982191\n|move|p2b: Chi-Yu|Protect|p2b: Chi-Yu\n|-singleturn|p2b: Chi-Yu|Protect\n|move|p1b: Nemo|Heat Wave|p2a: Murkrow|[spread] p2a\n|-activate|p2b: Chi-Yu|move: Protect\n|-damage|p2a: Murkrow|2\/100\n|move|p2a: Murkrow|Foul Play|p1b: Nemo\n|-resisted|p1b: Nemo\n|-damage|p1b: Nemo|84\/100\n|move|p1a: Murkrow|Foul Play|p2b: Chi-Yu\n|-activate|p2b: Chi-Yu|move: Protect\n|\n|upkeep\n|turn|3\n|\n|t:|1683982204\n|move|p2a: Murkrow|Sunny Day|p2a: Murkrow\n|-weather|SunnyDay\n|move|p2b: Chi-Yu|Heat Wave|p1b: Nemo|[spread] p1a,p1b\n|-resisted|p1b: Nemo\n|-damage|p1a: Murkrow|31\/100\n|-damage|p1b: Nemo|49\/100\n|move|p1b: Nemo|Snarl|p2b: Chi-Yu|[spread] p2a,p2b\n|-resisted|p2a: Murkrow\n|-resisted|p2b: Chi-Yu\n|-damage|p2a: Murkrow|0 fnt\n|-damage|p2b: Chi-Yu|89\/100\n|-unboost|p2b: Chi-Yu|spa|1\n|faint|p2a: Murkrow\n|move|p1a: Murkrow|Foul Play|p2b: Chi-Yu\n|-resisted|p2b: Chi-Yu\n|-damage|p2b: Chi-Yu|72\/100\n|\n|-weather|SunnyDay|[upkeep]\n|upkeep\n|\n|t:|1683982208\n|switch|p2a: Great Tusk|Great Tusk, L50|100\/100\n|-activate|p2a: Great Tusk|ability: Protosynthesis\n|-start|p2a: Great Tusk|protosynthesisatk\n|turn|4\n|inactive|sotero23 has 30 seconds left.\n|\n|t:|1683982241\n|move|p1b: Nemo|Protect|p1b: Nemo\n|-singleturn|p1b: Nemo|Protect\n|move|p1a: Murkrow|Taunt|p2a: Great Tusk\n|-start|p2a: Great Tusk|move: Taunt\n|move|p2a: Great Tusk|Rock Slide|p1b: Nemo|[spread] p1a\n|-activate|p1b: Nemo|move: Protect\n|-supereffective|p1a: Murkrow\n|-damage|p1a: Murkrow|0 fnt\n|faint|p1a: Murkrow\n|move|p2b: Chi-Yu|Heat Wave|p1b: Nemo\n|-activate|p1b: Nemo|move: Protect\n|\n|-weather|SunnyDay|[upkeep]\n|-sideend|p2: sotero23|move: Tailwind\n|-sideend|p1: caZISA|move: Tailwind\n|upkeep\n|\n|t:|1683982253\n|switch|p1a: Rico|Iron Bundle, L50|100\/100\n|-enditem|p1a: Rico|Booster Energy\n|-activate|p1a: Rico|ability: Quark Drive|[fromitem]\n|-start|p1a: Rico|quarkdrivespe\n|turn|5\n|\n|t:|1683982260\n|move|p1a: Rico|Hydro Pump|p2b: Chi-Yu\n|-supereffective|p2b: Chi-Yu\n|-damage|p2b: Chi-Yu|11\/100\n|move|p2a: Great Tusk|Rock Slide|p1a: Rico|[spread] p1a,p1b\n|-supereffective|p1a: Rico\n|-supereffective|p1b: Nemo\n|-damage|p1a: Rico|35\/100\n|-damage|p1b: Nemo|0 fnt\n|faint|p1b: Nemo\n|move|p2b: Chi-Yu|Heat Wave|p1a: Rico\n|-damage|p1a: Rico|0 fnt\n|faint|p1a: Rico\n|-end|p1a: Rico|Quark Drive|[silent]\n|\n|win|sotero23\n|raw|caZISA's rating: 1482 → 1466<\/strong> (-16 for losing)\n|raw|sotero23's rating: 1547 → 1563<\/strong> (+16 for winning)\n|c|\u2606sotero23|gg\n|c|\u2606caZISA|gg\n|l|\u2606caZISA\n","uploadtime":1683982590,"views":12,"p1id":"cazisa","p2id":"sotero23","formatid":"gen9vgc2023regulationc","rating":1466,"private":0,"password":""}