{"id":"gen9vgc2023regulationc-1861551057","p1":"rsingh1","p2":"Nehzzy","format":"[Gen 9] VGC 2023 Regulation C","log":"|j|\u2606rsingh1\n|j|\u2606Nehzzy\n|t:|1683772047\n|gametype|doubles\n|player|p1|rsingh1|1|1231\n|player|p2|Nehzzy|101|1333\n|teamsize|p1|6\n|teamsize|p2|6\n|gen|9\n|tier|[Gen 9] VGC 2023 Regulation C\n|rated|\n|rule|Species Clause: Limit one of each Pok\u00e9mon\n|rule|Item Clause: Limit one of each item\n|clearpoke\n|poke|p1|Flutter Mane, L50|\n|poke|p1|Dragapult, L50, F|\n|poke|p1|Iron Hands, L50|\n|poke|p1|Chi-Yu, L50|\n|poke|p1|Chien-Pao, L50|\n|poke|p1|Gastrodon, L50, F|\n|poke|p2|Amoonguss, L50, M|\n|poke|p2|Gyarados, L50, F|\n|poke|p2|Murkrow, L50, M|\n|poke|p2|Great Tusk, L50|\n|poke|p2|Flutter Mane, L50|\n|poke|p2|Gholdengo, L50|\n|teampreview|4\nNehzzy has agreed to open team sheets.\n|\n|t:|1683772107\n|start\n|switch|p1a: Flutter Mane|Flutter Mane, L50|100\/100\n|switch|p1b: Iron Hands|Iron Hands, L50|100\/100\n|switch|p2a: Murkrow|Murkrow, L50, M|100\/100\n|switch|p2b: Great Tusk|Great Tusk, L50|100\/100\n|-enditem|p1a: Flutter Mane|Booster Energy\n|-activate|p1a: Flutter Mane|ability: Protosynthesis|[fromitem]\n|-start|p1a: Flutter Mane|protosynthesisspe\n|turn|1\n|\n|t:|1683772163\n|-terastallize|p2b: Great Tusk|Ground\n|move|p1b: Iron Hands|Fake Out|p2b: Great Tusk\n|-damage|p2b: Great Tusk|88\/100\n|move|p2a: Murkrow|Sunny Day|p2a: Murkrow\n|-weather|SunnyDay\n|-activate|p2b: Great Tusk|ability: Protosynthesis\n|-start|p2b: Great Tusk|protosynthesisatk\n|move|p1a: Flutter Mane|Moonblast|p2b: Great Tusk\n|-damage|p2b: Great Tusk|15\/100\n|cant|p2b: Great Tusk|flinch\n|\n|-weather|SunnyDay|[upkeep]\n|upkeep\n|turn|2\n|\n|t:|1683772180\n|move|p1a: Flutter Mane|Protect|p1a: Flutter Mane\n|-singleturn|p1a: Flutter Mane|Protect\n|move|p2a: Murkrow|Tailwind|p2a: Murkrow\n|-sidestart|p2: Nehzzy|move: Tailwind\n|move|p2b: Great Tusk|Earthquake|p1a: Flutter Mane|[spread] p1b\n|-activate|p1a: Flutter Mane|move: Protect\n|-immune|p2a: Murkrow\n|-supereffective|p1b: Iron Hands\n|-damage|p1b: Iron Hands|9\/100\n|move|p1b: Iron Hands|Bulldoze|p2b: Great Tusk|[spread] p2b\n|-activate|p1a: Flutter Mane|move: Protect\n|-immune|p2a: Murkrow\n|-damage|p2b: Great Tusk|2\/100\n|-unboost|p2b: Great Tusk|spe|1\n|\n|-weather|SunnyDay|[upkeep]\n|upkeep\n|turn|3\n|\n|t:|1683772198\n|move|p2a: Murkrow|Haze|p2a: Murkrow\n|-clearallboost\n|move|p2b: Great Tusk|Earthquake|p1a: Flutter Mane|[spread] p1a,p1b\n|-immune|p2a: Murkrow\n|-supereffective|p1b: Iron Hands\n|-damage|p1a: Flutter Mane|0 fnt\n|-damage|p1b: Iron Hands|0 fnt\n|faint|p1a: Flutter Mane\n|-end|p1a: Flutter Mane|Protosynthesis|[silent]\n|faint|p1b: Iron Hands\n|-end|p1b: Iron Hands|Quark Drive|[silent]\n|\n|-weather|SunnyDay|[upkeep]\n|upkeep\n|\n|t:|1683772203\n|switch|p1a: Chi-Yu|Chi-Yu, L50|100\/100\n|switch|p1b: Chien-Pao|Chien-Pao, L50|100\/100\n|-ability|p1b: Chien-Pao|Sword of Ruin\n|-ability|p1a: Chi-Yu|Beads of Ruin\n|turn|4\n|\n|t:|1683772225\n|move|p1b: Chien-Pao|Ice Shard|p2b: Great Tusk\n|-supereffective|p2b: Great Tusk\n|-crit|p2b: Great Tusk\n|-damage|p2b: Great Tusk|0 fnt\n|faint|p2b: Great Tusk\n|-end|p2b: Great Tusk|Protosynthesis|[silent]\n|move|p2a: Murkrow|Foul Play|p1b: Chien-Pao\n|-resisted|p1b: Chien-Pao\n|-damage|p1b: Chien-Pao|70\/100\n|move|p1a: Chi-Yu|Flamethrower|p2a: Murkrow\n|-crit|p2a: Murkrow\n|-damage|p2a: Murkrow|0 fnt\n|faint|p2a: Murkrow\n|\n|-weather|SunnyDay|[upkeep]\n|upkeep\n|\n|t:|1683772235\n|switch|p2b: Amoonguss|Amoonguss, L50, M|100\/100\n|switch|p2a: Flutter Mane|Flutter Mane, L50|100\/100\n|-activate|p2a: Flutter Mane|ability: Protosynthesis\n|-start|p2a: Flutter Mane|protosynthesisspa\n|turn|5\n|\n|t:|1683772248\n|move|p1a: Chi-Yu|Protect|p1a: Chi-Yu\n|-singleturn|p1a: Chi-Yu|Protect\n|move|p2b: Amoonguss|Rage Powder|p2b: Amoonguss\n|-singleturn|p2b: Amoonguss|move: Rage Powder\n|move|p1b: Chien-Pao|Ice Shard|p2b: Amoonguss\n|-supereffective|p2b: Amoonguss\n|-damage|p2b: Amoonguss|42\/100\n|-enditem|p2b: Amoonguss|Sitrus Berry|[eat]\n|-heal|p2b: Amoonguss|67\/100|[from] item: Sitrus Berry\n|move|p2a: Flutter Mane|Dazzling Gleam|p1a: Chi-Yu|[spread] p1b\n|-activate|p1a: Chi-Yu|move: Protect\n|-supereffective|p1b: Chien-Pao\n|-damage|p1b: Chien-Pao|0 fnt\n|faint|p1b: Chien-Pao\n|\n|-weather|none\n|-end|p2a: Flutter Mane|Protosynthesis\n|-sideend|p2: Nehzzy|move: Tailwind\n|upkeep\n|turn|6\n|\n|t:|1683772276\n|-terastallize|p1a: Chi-Yu|Fire\n|move|p2a: Flutter Mane|Dazzling Gleam|p1a: Chi-Yu\n|-resisted|p1a: Chi-Yu\n|-damage|p1a: Chi-Yu|66\/100\n|move|p1a: Chi-Yu|Heat Wave|p2b: Amoonguss|[spread] p2a,p2b\n|-supereffective|p2b: Amoonguss\n|-damage|p2a: Flutter Mane|18\/100\n|-damage|p2b: Amoonguss|0 fnt\n|faint|p2b: Amoonguss\n|\n|upkeep\n|turn|7\n|c|\u2606Nehzzy|gg\n|\n|t:|1683772285\n|move|p2a: Flutter Mane|Dazzling Gleam|p1a: Chi-Yu\n|-resisted|p1a: Chi-Yu\n|-damage|p1a: Chi-Yu|27\/100\n|move|p1a: Chi-Yu|Dark Pulse|p2a: Flutter Mane\n|-damage|p2a: Flutter Mane|0 fnt\n|faint|p2a: Flutter Mane\n|-end|p2a: Flutter Mane|Protosynthesis|[silent]\n|\n|win|rsingh1\n|raw|rsingh1's rating: 1231 → 1263<\/strong> (+32 for winning)\n|raw|Nehzzy's rating: 1333 → 1307<\/strong> (-26 for losing)\n|l|\u2606rsingh1\n|l|\u2606Nehzzy\n|j|\u2606Nehzzy\n|player|p2|Nehzzy|101\n","uploadtime":1683772385,"views":22,"p1id":"rsingh1","p2id":"nehzzy","formatid":"gen9vgc2023regulationc","rating":1263,"private":0,"password":""}