{"id":"gen9vgc2023regulationc-1861667155","p1":"k58462312","p2":"hjx","format":"[Gen 9] VGC 2023 Regulation C","log":"|j|\u2606k58462312\n|j|\u2606hjx\n|t:|1683791069\n|gametype|doubles\n|player|p1|k58462312|riley|1202\n|player|p2|hjx|1|1269\n|teamsize|p1|6\n|teamsize|p2|6\n|gen|9\n|tier|[Gen 9] VGC 2023 Regulation C\n|rated|\n|rule|Species Clause: Limit one of each Pok\u00e9mon\n|rule|Item Clause: Limit one of each item\n|clearpoke\n|poke|p1|Corviknight, L50, F|\n|poke|p1|Vaporeon, L50, M|\n|poke|p1|Wo-Chien, L50|\n|poke|p1|Ting-Lu, L50|\n|poke|p1|Gallade, L50, M|\n|poke|p1|Eelektross, L50, M|\n|poke|p2|Vaporeon, L50, M|\n|poke|p2|Flutter Mane, L50|\n|poke|p2|Chi-Yu, L50|\n|poke|p2|Gastrodon-East, L50, M|\n|poke|p2|Pelipper, L50, F|\n|poke|p2|Goodra, L50, F|\n|teampreview|4\n|inactive|Battle timer is ON: inactive players will automatically lose when time's up. (requested by hjx)\n|\n|t:|1683791099\n|start\n|switch|p1a: Corviknight|Corviknight, L50, F|100\/100\n|switch|p1b: Gallade|Gallade, L50, M|100\/100\n|switch|p2a: Vaporeon|Vaporeon, L50, M|100\/100\n|switch|p2b: Gastrodon|Gastrodon-East, L50, M, shiny|100\/100\n|turn|1\n|\n|t:|1683791114\n|move|p1b: Gallade|Sacred Sword|p2a: Vaporeon\n|-damage|p2a: Vaporeon|24\/100\n|move|p1a: Corviknight|Brave Bird|p2a: Vaporeon\n|-damage|p2a: Vaporeon|0 fnt\n|faint|p2a: Vaporeon\n|-damage|p1a: Corviknight|92\/100|[from] Recoil\n|move|p2b: Gastrodon|Surf|p1a: Corviknight|[spread] p1a,p1b\n|-damage|p1a: Corviknight|59\/100\n|-damage|p1b: Gallade|67\/100\n|\n|upkeep\n|inactive|hjx has 30 seconds left.\n|inactive|hjx has 20 seconds left.\n|inactive|hjx has 15 seconds left.\n|\n|t:|1683791157\n|switch|p2a: Pelipper|Pelipper, L50, F|100\/100\n|-weather|RainDance|[from] ability: Drizzle|[of] p2a: Pelipper\n|turn|2\n|\n|t:|1683791173\n|move|p2a: Pelipper|Surf|p1b: Gallade|[spread] p1a,p1b\n|-ability|p2b: Gastrodon|Storm Drain|boost\n|-boost|p2b: Gastrodon|spa|1\n|-damage|p1a: Corviknight|10\/100\n|-damage|p1b: Gallade|12\/100\n|move|p1b: Gallade|Sacred Sword|p2b: Gastrodon\n|-damage|p2b: Gastrodon|22\/100\n|move|p1a: Corviknight|Brave Bird|p2b: Gastrodon\n|-damage|p2b: Gastrodon|0 fnt\n|faint|p2b: Gastrodon\n|-damage|p1a: Corviknight|3\/100|[from] Recoil\n|\n|-weather|RainDance|[upkeep]\n|upkeep\n|\n|t:|1683791183\n|switch|p2b: Goodra|Goodra, L50, F|100\/100\n|turn|3\n|\n|t:|1683791202\n|move|p1b: Gallade|Wide Guard|p1b: Gallade\n|-singleturn|p1b: Gallade|Wide Guard\n|move|p2a: Pelipper|Surf|p1a: Corviknight|[spread] p2b\n|-activate|p1a: Corviknight|move: Wide Guard\n|-activate|p1b: Gallade|move: Wide Guard\n|-resisted|p2b: Goodra\n|-damage|p2b: Goodra|89\/100\n|move|p2b: Goodra|Thunderbolt|p1a: Corviknight\n|-supereffective|p1a: Corviknight\n|-damage|p1a: Corviknight|0 fnt\n|faint|p1a: Corviknight\n|\n|-weather|RainDance|[upkeep]\n|upkeep\n|\n|t:|1683791220\n|switch|p1a: Wo-Chien|Wo-Chien, L50|100\/100\n|-ability|p1a: Wo-Chien|Tablets of Ruin\n|turn|4\n|inactive|hjx has 30 seconds left.\n|inactive|hjx has 20 seconds left.\n|inactive|hjx has 15 seconds left.\n|\n|t:|1683791261\n|move|p1a: Wo-Chien|Protect|p1a: Wo-Chien\n|-singleturn|p1a: Wo-Chien|Protect\n|move|p1b: Gallade|Wide Guard|p1b: Gallade\n|-singleturn|p1b: Gallade|Wide Guard\n|move|p2a: Pelipper|Surf|p1a: Wo-Chien|[spread] p2b\n|-activate|p1a: Wo-Chien|move: Wide Guard\n|-activate|p1b: Gallade|move: Wide Guard\n|-resisted|p2b: Goodra\n|-damage|p2b: Goodra|78\/100\n|move|p2b: Goodra|Draco Meteor|p1a: Wo-Chien\n|-activate|p1a: Wo-Chien|move: Protect\n|\n|-weather|RainDance|[upkeep]\n|upkeep\n|turn|5\n|\n|t:|1683791285\n|-terastallize|p1a: Wo-Chien|Poison\n|move|p1b: Gallade|Wide Guard|p1b: Gallade\n|-singleturn|p1b: Gallade|Wide Guard\n|move|p2a: Pelipper|Surf|p1b: Gallade|[spread] p2b\n|-activate|p1a: Wo-Chien|move: Wide Guard\n|-activate|p1b: Gallade|move: Wide Guard\n|-resisted|p2b: Goodra\n|-crit|p2b: Goodra\n|-damage|p2b: Goodra|61\/100\n|move|p2b: Goodra|Thunderbolt|p1a: Wo-Chien\n|-damage|p1a: Wo-Chien|81\/100\n|move|p1a: Wo-Chien|Leech Seed|p2a: Pelipper\n|-start|p2a: Pelipper|move: Leech Seed\n|\n|-weather|RainDance|[upkeep]\n|-heal|p1a: Wo-Chien|87\/100|[from] item: Leftovers\n|-damage|p2a: Pelipper|89\/100|[from] Leech Seed|[of] p1a: Wo-Chien\n|-heal|p1a: Wo-Chien|96\/100|[silent]\n|upkeep\n|turn|6\n|inactive|k58462312 has 30 seconds left.\n|inactive|hjx has 30 seconds left.\n|inactive|k58462312 has 20 seconds left.\n|inactive|k58462312 has 15 seconds left.\n|inactive|k58462312 has 10 seconds left.\n|\n|t:|1683791330\n|move|p1b: Gallade|Wide Guard|p1b: Gallade\n|-singleturn|p1b: Gallade|Wide Guard\n|move|p2a: Pelipper|Surf|p1b: Gallade|[spread] p2b\n|-activate|p1a: Wo-Chien|move: Wide Guard\n|-activate|p1b: Gallade|move: Wide Guard\n|-resisted|p2b: Goodra\n|-damage|p2b: Goodra|50\/100\n|move|p2b: Goodra|Thunderbolt|p1b: Gallade\n|-damage|p1b: Gallade|0 fnt\n|faint|p1b: Gallade\n|move|p1a: Wo-Chien|Foul Play|p2b: Goodra\n|-damage|p2b: Goodra|20\/100\n|\n|-weather|none\n|-heal|p1a: Wo-Chien|100\/100|[from] item: Leftovers\n|-damage|p2a: Pelipper|77\/100|[from] Leech Seed|[of] p1a: Wo-Chien\n|upkeep\n|\n|t:|1683791350\n|switch|p1b: Vaporeon|Vaporeon, L50, M|100\/100\n|turn|7\n|\n|t:|1683791361\n|-terastallize|p2b: Goodra|Water\n|move|p2a: Pelipper|Surf|p1b: Vaporeon|[spread] p2b,p1a\n|-immune|p1b: Vaporeon|[from] ability: Water Absorb\n|-resisted|p2b: Goodra\n|-damage|p2b: Goodra|14\/100\n|-damage|p1a: Wo-Chien|79\/100\n|move|p2b: Goodra|Thunderbolt|p1b: Vaporeon\n|-supereffective|p1b: Vaporeon\n|-damage|p1b: Vaporeon|56\/100\n|move|p1a: Wo-Chien|Foul Play|p2b: Goodra\n|-damage|p2b: Goodra|0 fnt\n|faint|p2b: Goodra\n|move|p1b: Vaporeon|Yawn|p2a: Pelipper\n|-start|p2a: Pelipper|move: Yawn|[of] p1b: Vaporeon\n|\n|-heal|p1a: Wo-Chien|85\/100|[from] item: Leftovers\n|-damage|p2a: Pelipper|65\/100|[from] Leech Seed|[of] p1a: Wo-Chien\n|-heal|p1a: Wo-Chien|93\/100|[silent]\n|upkeep\n|turn|8\n|-message|hjx forfeited.\n|\n|win|k58462312\n|raw|k58462312's rating: 1202 → 1232<\/strong> (+30 for winning)\n|raw|hjx's rating: 1269 → 1239<\/strong> (-30 for losing)\n|l|\u2606hjx\n","uploadtime":1683791400,"views":15,"p1id":"k58462312","p2id":"hjx","formatid":"gen9vgc2023regulationc","rating":1232,"private":0,"password":""}