{"id":"gen9vgc2023regulationc-1846653386","p1":"CbuttyVGC","p2":"bondieman","format":"[Gen 9] VGC 2023 Regulation C","log":"|j|\u2606CbuttyVGC\n|j|\u2606bondieman\n|t:|1681861939\n|gametype|doubles\n|player|p1|CbuttyVGC|acetrainer-gen4dp|1186\n|player|p2|bondieman|169|1223\n|teamsize|p1|6\n|teamsize|p2|6\n|gen|9\n|tier|[Gen 9] VGC 2023 Regulation C\n|rated|\n|rule|Species Clause: Limit one of each Pok\u00e9mon\n|rule|Item Clause: Limit one of each item\n|clearpoke\n|poke|p1|Ceruledge, L50, F|\n|poke|p1|Scream Tail, L50|\n|poke|p1|Gyarados, L50, F|\n|poke|p1|Chien-Pao, L50|\n|poke|p1|Flutter Mane, L50|\n|poke|p1|Amoonguss, L50, M|\n|poke|p2|Flutter Mane, L50|\n|poke|p2|Murkrow, L50, F|\n|poke|p2|Rotom-Wash, L50|\n|poke|p2|Garchomp, L50, F|\n|poke|p2|Gyarados, L50, F|\n|poke|p2|Garganacl, L50, M|\n|teampreview|4\n|inactive|Battle timer is ON: inactive players will automatically lose when time's up. (requested by CbuttyVGC)\nCbuttyVGC has agreed to open team sheets.\n|inactive|CbuttyVGC has 60 seconds left.\n|inactive|bondieman has 60 seconds left.\n|inactive|CbuttyVGC has 30 seconds left.\n|inactive|CbuttyVGC has 20 seconds left.\n|inactive|CbuttyVGC has 15 seconds left.\n|inactive|CbuttyVGC has 10 seconds left.\n|inactive|CbuttyVGC has 5 seconds left.\n|\n|t:|1681862025\n|start\n|switch|p1a: Scream Tail|Scream Tail, L50, shiny|100\/100\n|switch|p1b: Ceruledge|Ceruledge, L50, F|100\/100\n|switch|p2a: Murkrow|Murkrow, L50, F|100\/100\n|switch|p2b: Flutter Mane|Flutter Mane, L50|100\/100\n|-enditem|p1a: Scream Tail|Booster Energy\n|-activate|p1a: Scream Tail|ability: Protosynthesis|[fromitem]\n|-start|p1a: Scream Tail|protosynthesisspe\n|turn|1\n|\n|t:|1681862051\n|move|p2a: Murkrow|Tailwind|p2a: Murkrow\n|-sidestart|p2: bondieman|move: Tailwind\n|move|p1b: Ceruledge|Shadow Sneak|p2b: Flutter Mane\n|-supereffective|p2b: Flutter Mane\n|-damage|p2b: Flutter Mane|12\/100\n|move|p2b: Flutter Mane|Shadow Ball|p1a: Scream Tail\n|-supereffective|p1a: Scream Tail\n|-damage|p1a: Scream Tail|38\/100\n|move|p1a: Scream Tail|Thunder Wave|p2b: Flutter Mane\n|-status|p2b: Flutter Mane|par\n|\n|upkeep\n|turn|2\n|\n|t:|1681862066\n|move|p1b: Ceruledge|Shadow Sneak|p2b: Flutter Mane\n|-supereffective|p2b: Flutter Mane\n|-damage|p2b: Flutter Mane|0 fnt\n|faint|p2b: Flutter Mane\n|-end|p2b: Flutter Mane|Protosynthesis|[silent]\n|move|p1a: Scream Tail|Howl|p1a: Scream Tail|[spread] p1a,p1b\n|-boost|p1a: Scream Tail|atk|1\n|-boost|p1b: Ceruledge|atk|1\n|move|p2a: Murkrow|Foul Play|p1b: Ceruledge\n|-supereffective|p1b: Ceruledge\n|-damage|p1b: Ceruledge|0 fnt\n|faint|p1b: Ceruledge\n|\n|upkeep\n|\n|t:|1681862079\n|switch|p2b: Garganacl|Garganacl, L50, M|100\/100\n|switch|p1b: Flutter Mane|Flutter Mane, L50, shiny|100\/100\n|turn|3\n|\n|t:|1681862092\n|-terastallize|p1b: Flutter Mane|Fairy\n|move|p1a: Scream Tail|Play Rough|p2a: Murkrow\n|-supereffective|p2a: Murkrow\n|-damage|p2a: Murkrow|21\/100\n|move|p2a: Murkrow|Foul Play|p1a: Scream Tail\n|-damage|p1a: Scream Tail|5\/100\n|move|p1b: Flutter Mane|Moonblast|p2b: Garganacl\n|-damage|p2b: Garganacl|33\/100\n|move|p2b: Garganacl|Salt Cure|p1b: Flutter Mane\n|-damage|p1b: Flutter Mane|80\/100\n|-start|p1b: Flutter Mane|Salt Cure\n|\n|-heal|p2b: Garganacl|39\/100|[from] item: Leftovers\n|-damage|p1b: Flutter Mane|68\/100|[from] Salt Cure\n|upkeep\n|turn|4\n|\n|t:|1681862113\n|move|p2b: Garganacl|Protect|p2b: Garganacl\n|-singleturn|p2b: Garganacl|Protect\n|move|p2a: Murkrow|Thunder Wave|p1b: Flutter Mane\n|-status|p1b: Flutter Mane|par\n|move|p1a: Scream Tail|Play Rough|p2a: Murkrow\n|-supereffective|p2a: Murkrow\n|-damage|p2a: Murkrow|0 fnt\n|faint|p2a: Murkrow\n|move|p1b: Flutter Mane|Moonblast|p2b: Garganacl\n|-activate|p2b: Garganacl|move: Protect\n|\n|-heal|p2b: Garganacl|44\/100|[from] item: Leftovers\n|-damage|p1b: Flutter Mane|56\/100 par|[from] Salt Cure\n|-sideend|p2: bondieman|move: Tailwind\n|upkeep\n|\n|t:|1681862129\n|switch|p2a: Rotom|Rotom-Wash, L50|100\/100\n|turn|5\n|\n|t:|1681862139\n|move|p1a: Scream Tail|Encore|p2b: Garganacl\n|-start|p2b: Garganacl|Encore\n|move|p2a: Rotom|Thunderbolt|p1a: Scream Tail\n|-damage|p1a: Scream Tail|0 fnt\n|faint|p1a: Scream Tail\n|-end|p1a: Scream Tail|Protosynthesis|[silent]\n|cant|p1b: Flutter Mane|par\n|move|p2b: Garganacl|Protect||[still]\n|-fail|p2b: Garganacl\n|\n|-heal|p2b: Garganacl|50\/100|[from] item: Leftovers\n|-damage|p1b: Flutter Mane|44\/100 par|[from] Salt Cure\n|upkeep\n|l|\u2606CbuttyVGC\n|inactive|CbuttyVGC disconnected and has a minute to reconnect!\n|player|p1|\n|inactive|CbuttyVGC has 30 seconds left.\n|inactive|CbuttyVGC has 20 seconds left.\n|inactive|CbuttyVGC has 15 seconds left.\n|inactive|CbuttyVGC has 10 seconds left.\n|inactive|CbuttyVGC has 5 seconds left.\n|-message|CbuttyVGC lost due to inactivity.\n|\n|win|bondieman\n|raw|CbuttyVGC's rating: 1186 → 1164<\/strong> (-22 for losing)\n|raw|bondieman's rating: 1223 → 1245<\/strong> (+22 for winning)\n|l|\u2606bondieman\n|j|\u2606CbuttyVGC\n|player|p1|CbuttyVGC|acetrainer-gen4dp\n|l|\u2606CbuttyVGC\n|player|p1|\n|j|\u2606CbuttyVGC\n|player|p1|CbuttyVGC|acetrainer-gen4dp\n","uploadtime":1681862268,"views":15,"p1id":"cbuttyvgc","p2id":"bondieman","formatid":"gen9vgc2023regulationc","rating":1164,"private":0,"password":""}