{"id":"gen9vgc2023regulationc-1854768733","p1":"Cheetosminerals","p2":"Bricclow","format":"[Gen 9] VGC 2023 Regulation C","log":"|j|\u2606Cheetosminerals\n|j|\u2606Bricclow\n|t:|1682863633\n|gametype|doubles\n|player|p1|Cheetosminerals|n|1120\n|player|p2|Bricclow|266|1198\n|teamsize|p1|6\n|teamsize|p2|6\n|gen|9\n|tier|[Gen 9] VGC 2023 Regulation C\n|rated|\n|rule|Species Clause: Limit one of each Pok\u00e9mon\n|rule|Item Clause: Limit one of each item\n|clearpoke\n|poke|p1|Palafin, L50, M|\n|poke|p1|Talonflame, L50, F|\n|poke|p1|Annihilape, L50, F|\n|poke|p1|Maushold, L50|\n|poke|p1|Iron Hands, L50|\n|poke|p1|Flutter Mane, L50|\n|poke|p2|Skeledirge, L50, F|\n|poke|p2|Glimmora, L50, M|\n|poke|p2|Wo-Chien, L50|\n|poke|p2|Dondozo, L50, M|\n|poke|p2|Tatsugiri, L50, M|\n|poke|p2|Iron Bundle, L50|\n|teampreview|4\n|inactive|Battle timer is ON: inactive players will automatically lose when time's up. (requested by Cheetosminerals)\nCheetosminerals has agreed to open team sheets.\n|\n|t:|1682863652\n|start\n|switch|p1a: Annihilape|Annihilape, L50, F|100\/100\n|switch|p1b: Talonflame|Talonflame, L50, F|100\/100\n|switch|p2a: Glimmora|Glimmora, L50, M|100\/100\n|switch|p2b: Wo-Chien|Wo-Chien, L50|100\/100\n|-ability|p2b: Wo-Chien|Tablets of Ruin\n|turn|1\n|\n|t:|1682863675\n|-terastallize|p2b: Wo-Chien|Poison\n|move|p1b: Talonflame|Taunt|p2b: Wo-Chien\n|-start|p2b: Wo-Chien|move: Taunt\n|move|p2a: Glimmora|Mortal Spin|p1a: Annihilape|[spread] p1a,p1b\n|-resisted|p1a: Annihilape\n|-damage|p1a: Annihilape|99\/100\n|-damage|p1b: Talonflame|95\/100\n|-status|p1a: Annihilape|psn\n|move|p1a: Annihilape|Bulk Up|p1a: Annihilape\n|-boost|p1a: Annihilape|atk|1\n|-boost|p1a: Annihilape|def|1\n|cant|p2b: Wo-Chien|move: Taunt|Leech Seed\n|\n|-heal|p1a: Annihilape|100\/100 psn|[from] item: Leftovers\n|-damage|p1a: Annihilape|88\/100 psn|[from] psn\n|upkeep\n|turn|2\n|\n|t:|1682863697\n|move|p1b: Talonflame|Tailwind|p1b: Talonflame\n|-sidestart|p1: Cheetosminerals|move: Tailwind\n|move|p1a: Annihilape|Bulk Up|p1a: Annihilape\n|-boost|p1a: Annihilape|atk|1\n|-boost|p1a: Annihilape|def|1\n|move|p2a: Glimmora|Power Gem|p1b: Talonflame\n|-supereffective|p1b: Talonflame\n|-damage|p1b: Talonflame|0 fnt\n|faint|p1b: Talonflame\n|move|p2b: Wo-Chien|Foul Play|p1a: Annihilape\n|-damage|p1a: Annihilape|35\/100 psn\n|\n|-heal|p1a: Annihilape|41\/100 psn|[from] item: Leftovers\n|-damage|p1a: Annihilape|29\/100 psn|[from] psn\n|upkeep\n|\n|t:|1682863716\n|switch|p1b: Maushold|Maushold, L50|100\/100\n|turn|3\n|\n|t:|1682863727\n|move|p1b: Maushold|Follow Me|p1b: Maushold\n|-singleturn|p1b: Maushold|move: Follow Me\n|move|p1a: Annihilape|Drain Punch|p2a: Glimmora\n|-damage|p2a: Glimmora|40\/100\n|-heal|p1a: Annihilape|54\/100 psn|[from] drain|[of] p2a: Glimmora\n|move|p2a: Glimmora|Mortal Spin|p1a: Annihilape|[spread] p1a,p1b\n|-resisted|p1a: Annihilape\n|-damage|p1a: Annihilape|53\/100 psn\n|-damage|p1b: Maushold|97\/100\n|-status|p1b: Maushold|psn\n|move|p2b: Wo-Chien|Foul Play|p1b: Maushold\n|-damage|p1b: Maushold|65\/100 psn\n|\n|-heal|p1a: Annihilape|59\/100 psn|[from] item: Leftovers\n|-damage|p1b: Maushold|53\/100 psn|[from] psn\n|-damage|p1a: Annihilape|47\/100 psn|[from] psn\n|-end|p2b: Wo-Chien|move: Taunt\n|upkeep\n|turn|4\n|inactive|Cheetosminerals has 30 seconds left.\n|\n|t:|1682863760\n|move|p1b: Maushold|Follow Me|p1b: Maushold\n|-singleturn|p1b: Maushold|move: Follow Me\n|move|p1a: Annihilape|Drain Punch|p2a: Glimmora\n|-damage|p2a: Glimmora|0 fnt\n|-heal|p1a: Annihilape|63\/100 psn|[from] drain|[of] p2a: Glimmora\n|faint|p2a: Glimmora\n|move|p2b: Wo-Chien|Leech Seed|p1b: Maushold|[miss]\n|-miss|p2b: Wo-Chien|p1b: Maushold\n|\n|-heal|p1a: Annihilape|69\/100 psn|[from] item: Leftovers\n|-damage|p1b: Maushold|40\/100 psn|[from] psn\n|-damage|p1a: Annihilape|57\/100 psn|[from] psn\n|upkeep\n|\n|t:|1682863769\n|switch|p2a: Dondozo|Dondozo, L50, M|100\/100\n|turn|5\n|\n|t:|1682863789\n|move|p2b: Wo-Chien|Protect|p2b: Wo-Chien\n|-singleturn|p2b: Wo-Chien|Protect\n|move|p2a: Dondozo|Protect|p2a: Dondozo\n|-singleturn|p2a: Dondozo|Protect\n|move|p1b: Maushold|Follow Me|p1b: Maushold\n|-singleturn|p1b: Maushold|move: Follow Me\n|move|p1a: Annihilape|Rage Fist|p2a: Dondozo\n|-activate|p2a: Dondozo|move: Protect\n|\n|-heal|p1a: Annihilape|63\/100 psn|[from] item: Leftovers\n|-damage|p1b: Maushold|28\/100 psn|[from] psn\n|-damage|p1a: Annihilape|50\/100 psn|[from] psn\n|-sideend|p1: Cheetosminerals|move: Tailwind\n|upkeep\n|turn|6\n|inactive|Bricclow has 30 seconds left.\n|\n|t:|1682863817\n|switch|p2b: Tatsugiri|Tatsugiri, L50, M|100\/100\n|-activate|p2b: Tatsugiri|ability: Commander|[of] p2a: Dondozo\n|-boost|p2a: Dondozo|atk|2\n|-boost|p2a: Dondozo|spa|2\n|-boost|p2a: Dondozo|spe|2\n|-boost|p2a: Dondozo|def|2\n|-boost|p2a: Dondozo|spd|2\n|move|p1b: Maushold|Follow Me|p1b: Maushold\n|-singleturn|p1b: Maushold|move: Follow Me\n|move|p1a: Annihilape|Drain Punch|p2a: Dondozo\n|-damage|p2a: Dondozo|92\/100\n|-heal|p1a: Annihilape|56\/100 psn|[from] drain|[of] p2a: Dondozo\n|move|p2a: Dondozo|Earthquake|p1b: Maushold|[spread] p1a,p1b\n|-miss|p2a: Dondozo|p2b: Tatsugiri\n|-damage|p1a: Annihilape|28\/100 psn\n|-damage|p1b: Maushold|0 fnt\n|faint|p1b: Maushold\n|\n|-heal|p1a: Annihilape|34\/100 psn|[from] item: Leftovers\n|-heal|p2a: Dondozo|99\/100|[from] item: Leftovers\n|-damage|p1a: Annihilape|21\/100 psn|[from] psn\n|upkeep\n|\n|t:|1682863839\n|switch|p1b: Iron Hands|Iron Hands, L50|100\/100\n|turn|7\n|\n|t:|1682863864\n|move|p1b: Iron Hands|Fake Out|p2a: Dondozo\n|-damage|p2a: Dondozo|95\/100\n|cant|p2a: Dondozo|flinch\n|move|p1a: Annihilape|Bulk Up|p1a: Annihilape\n|-boost|p1a: Annihilape|atk|1\n|-boost|p1a: Annihilape|def|1\n|\n|-heal|p1a: Annihilape|28\/100 psn|[from] item: Leftovers\n|-heal|p2a: Dondozo|100\/100|[from] item: Leftovers\n|-damage|p1a: Annihilape|15\/100 psn|[from] psn\n|upkeep\n|turn|8\n|\n|t:|1682863884\n|-terastallize|p1b: Iron Hands|Grass\n|move|p1a: Annihilape|Protect|p1a: Annihilape\n|-singleturn|p1a: Annihilape|Protect\n|move|p2a: Dondozo|Earthquake|p1b: Iron Hands|[spread] p1b\n|-miss|p2a: Dondozo|p2b: Tatsugiri\n|-activate|p1a: Annihilape|move: Protect\n|-resisted|p1b: Iron Hands\n|-damage|p1b: Iron Hands|89\/100\n|move|p1b: Iron Hands|Wild Charge|p2a: Dondozo\n|-supereffective|p2a: Dondozo\n|-damage|p2a: Dondozo|76\/100\n|-damage|p1b: Iron Hands|82\/100|[from] Recoil\n|\n|-heal|p1a: Annihilape|21\/100 psn|[from] item: Leftovers\n|-heal|p2a: Dondozo|83\/100|[from] item: Leftovers\n|-damage|p1a: Annihilape|9\/100 psn|[from] psn\n|upkeep\n|turn|9\n|inactive|Cheetosminerals has 30 seconds left.\n|inactive|Cheetosminerals has 20 seconds left.\n|c|\u2606Cheetosminerals|watch the 200 iq play\n|inactive|Cheetosminerals has 15 seconds left.\n|inactive|Cheetosminerals has 10 seconds left.\n|\n|t:|1682863931\n|move|p1a: Annihilape|Drain Punch|p1b: Iron Hands\n|-damage|p1b: Iron Hands|27\/100\n|-heal|p1a: Annihilape|42\/100 psn|[from] drain|[of] p1b: Iron Hands\n|move|p2a: Dondozo|Order Up|p1a: Annihilape\n|-crit|p1a: Annihilape\n|-damage|p1a: Annihilape|0 fnt\n|faint|p1a: Annihilape\n|-boost|p2a: Dondozo|atk|1\n|move|p1b: Iron Hands|Drain Punch|p2a: Dondozo\n|-damage|p2a: Dondozo|73\/100\n|-heal|p1b: Iron Hands|33\/100|[from] drain|[of] p2a: Dondozo\n|\n|-heal|p2a: Dondozo|79\/100|[from] item: Leftovers\n|upkeep\n|turn|10\n|c|\u2606Cheetosminerals|bruh\n|c|\u2606Bricclow|How did that go\n|\n|t:|1682863954\n|move|p2a: Dondozo|Order Up|p1b: Iron Hands\n|-crit|p1b: Iron Hands\n|-damage|p1b: Iron Hands|0 fnt\n|faint|p1b: Iron Hands\n|-end|p1b: Iron Hands|Quark Drive|[silent]\n|\n|win|Bricclow\n|raw|Cheetosminerals's rating: 1120 → 1101<\/strong> (-19 for losing)\n|raw|Bricclow's rating: 1198 → 1217<\/strong> (+19 for winning)\n|c|\u2606Cheetosminerals|if you didn't crit it would have worked\n|l|\u2606Bricclow\n","uploadtime":1682863967,"views":12,"p1id":"cheetosminerals","p2id":"bricclow","formatid":"gen9vgc2023regulationc","rating":1101,"private":0,"password":""}