{"id":"gen9vgc2023regulationc-1849947620","p1":"mcbbbbb","p2":"Topit345","format":"[Gen 9] VGC 2023 Regulation C","log":"|j|\u2606mcbbbbb\n|j|\u2606Topit345\n|t:|1682271101\n|gametype|doubles\n|player|p1|mcbbbbb|265|1119\n|player|p2|Topit345|lucas-gen4pt|1017\n|teamsize|p1|6\n|teamsize|p2|6\n|gen|9\n|tier|[Gen 9] VGC 2023 Regulation C\n|rated|\n|rule|Species Clause: Limit one of each Pok\u00e9mon\n|rule|Item Clause: Limit one of each item\n|clearpoke\n|poke|p1|Dragonite, L50, F|\n|poke|p1|Amoonguss, L50, M|\n|poke|p1|Ceruledge, L50, F|\n|poke|p1|Sylveon, L50, M|\n|poke|p1|Ting-Lu, L50|\n|poke|p1|Iron Hands, L50|\n|poke|p2|Maushold, L50|\n|poke|p2|Amoonguss, L50, M|\n|poke|p2|Annihilape, L50, M|\n|poke|p2|Great Tusk, L50|\n|poke|p2|Talonflame, L50, M|\n|poke|p2|Iron Bundle, L50|\n|teampreview|4\n|\n|t:|1682271129\n|start\n|switch|p1a: Amoonguss|Amoonguss, L50, M|100\/100\n|switch|p1b: Ceruledge|Ceruledge, L50, F|100\/100\n|switch|p2a: Tarzan|Annihilape, L50, M|100\/100\n|switch|p2b: Walt Disney|Maushold, L50|100\/100\n|turn|1\n|inactive|Battle timer is ON: inactive players will automatically lose when time's up. (requested by mcbbbbb)\n|\n|t:|1682271156\n|-terastallize|p2a: Tarzan|Fighting\n|move|p1b: Ceruledge|Protect|p1b: Ceruledge\n|-singleturn|p1b: Ceruledge|Protect\n|move|p2b: Walt Disney|Follow Me|p2b: Walt Disney\n|-singleturn|p2b: Walt Disney|move: Follow Me\n|move|p2a: Tarzan|Taunt|p1a: Amoonguss\n|-start|p1a: Amoonguss|move: Taunt\n|cant|p1a: Amoonguss|move: Taunt|Spore\n|\n|upkeep\n|turn|2\n|inactive|mcbbbbb has 30 seconds left.\n|\n|t:|1682271184\n|move|p1b: Ceruledge|Shadow Sneak|p2a: Tarzan\n|-damage|p2a: Tarzan|77\/100\n|-damage|p1b: Ceruledge|90\/100|[from] item: Life Orb\n|move|p2b: Walt Disney|Population Bomb|p2a: Tarzan\n|-damage|p2a: Tarzan|71\/100\n|-damage|p2a: Tarzan|66\/100\n|-damage|p2a: Tarzan|61\/100\n|-damage|p2a: Tarzan|56\/100\n|-damage|p2a: Tarzan|50\/100\n|-damage|p2a: Tarzan|45\/100\n|-damage|p2a: Tarzan|40\/100\n|-crit|p2a: Tarzan\n|-damage|p2a: Tarzan|32\/100\n|-damage|p2a: Tarzan|27\/100\n|-damage|p2a: Tarzan|21\/100\n|-hitcount|p2a: Tarzan|10\n|move|p2a: Tarzan|Bulk Up|p2a: Tarzan\n|-boost|p2a: Tarzan|atk|1\n|-boost|p2a: Tarzan|def|1\n|move|p1a: Amoonguss|Pollen Puff|p2b: Walt Disney\n|-damage|p2b: Walt Disney|75\/100\n|\n|-heal|p2a: Tarzan|27\/100|[from] item: Leftovers\n|upkeep\n|turn|3\n|inactive|mcbbbbb has 30 seconds left.\n|\n|t:|1682271213\n|move|p2b: Walt Disney|Follow Me|p2b: Walt Disney\n|-singleturn|p2b: Walt Disney|move: Follow Me\n|move|p1b: Ceruledge|Swords Dance|p1b: Ceruledge\n|-boost|p1b: Ceruledge|atk|2\n|move|p2a: Tarzan|Rage Fist|p1b: Ceruledge\n|-supereffective|p1b: Ceruledge\n|-damage|p1b: Ceruledge|0 fnt\n|faint|p1b: Ceruledge\n|move|p1a: Amoonguss|Pollen Puff|p2b: Walt Disney\n|-damage|p2b: Walt Disney|53\/100\n|\n|-heal|p2a: Tarzan|33\/100|[from] item: Leftovers\n|-end|p1a: Amoonguss|move: Taunt\n|upkeep\n|\n|t:|1682271226\n|switch|p1b: Ting-Lu|Ting-Lu, L50|100\/100\n|-ability|p1b: Ting-Lu|Vessel of Ruin\n|turn|4\n|inactive|Topit345 has 30 seconds left.\n|\n|t:|1682271254\n|move|p2b: Walt Disney|Follow Me|p2b: Walt Disney\n|-singleturn|p2b: Walt Disney|move: Follow Me\n|move|p2a: Tarzan|Rage Fist|p1b: Ting-Lu\n|-resisted|p1b: Ting-Lu\n|-damage|p1b: Ting-Lu|25\/100\n|move|p1b: Ting-Lu|Stomping Tantrum|p2b: Walt Disney\n|-damage|p2b: Walt Disney|15\/100\n|move|p1a: Amoonguss|Pollen Puff|p2b: Walt Disney\n|-damage|p2b: Walt Disney|0 fnt\n|faint|p2b: Walt Disney\n|\n|-heal|p2a: Tarzan|39\/100|[from] item: Leftovers\n|upkeep\n|\n|t:|1682271265\n|switch|p2b: Impostor|Amoonguss, L50, M|100\/100\n|turn|5\n|\n|t:|1682271280\n|move|p2b: Impostor|Rage Powder|p2b: Impostor\n|-singleturn|p2b: Impostor|move: Rage Powder\n|move|p2a: Tarzan|Taunt|p1a: Amoonguss\n|-start|p1a: Amoonguss|move: Taunt\n|move|p1b: Ting-Lu|Stomping Tantrum|p2b: Impostor\n|-damage|p2b: Impostor|77\/100\n|move|p1a: Amoonguss|Pollen Puff|p1b: Ting-Lu\n|-heal|p1b: Ting-Lu|75\/100\n|\n|-heal|p2a: Tarzan|45\/100|[from] item: Leftovers\n|upkeep\n|turn|6\n|inactive|mcbbbbb has 30 seconds left.\n|\n|t:|1682271315\n|switch|p1a: Dragonite|Dragonite, L50, F|100\/100\n|move|p2a: Tarzan|Rage Fist|p1b: Ting-Lu\n|-resisted|p1b: Ting-Lu\n|-damage|p1b: Ting-Lu|0 fnt\n|faint|p1b: Ting-Lu\n|move|p2b: Impostor|Pollen Puff|p2a: Tarzan\n|-heal|p2a: Tarzan|95\/100\n|\n|-heal|p2a: Tarzan|100\/100|[from] item: Leftovers\n|upkeep\n|\n|t:|1682271326\n|switch|p1b: Amoonguss|Amoonguss, L50, M|100\/100\n|turn|7\n|\n|t:|1682271339\n|move|p1b: Amoonguss|Rage Powder|p1b: Amoonguss\n|-singleturn|p1b: Amoonguss|move: Rage Powder\n|move|p2b: Impostor|Rage Powder|p2b: Impostor\n|-singleturn|p2b: Impostor|move: Rage Powder\n|move|p2a: Tarzan|Taunt|p1b: Amoonguss\n|-start|p1b: Amoonguss|move: Taunt\n|move|p1a: Dragonite|Dragon Dance|p1a: Dragonite\n|-boost|p1a: Dragonite|atk|1\n|-boost|p1a: Dragonite|spe|1\n|\n|upkeep\n|turn|8\n|\n|t:|1682271364\n|-terastallize|p1a: Dragonite|Steel\n|move|p1a: Dragonite|Iron Head|p2b: Impostor\n|-damage|p2b: Impostor|26\/100\n|-enditem|p2b: Impostor|Sitrus Berry|[eat]\n|-heal|p2b: Impostor|51\/100|[from] item: Sitrus Berry\n|move|p2a: Tarzan|Rage Fist|p1a: Dragonite\n|-damage|p1a: Dragonite|0 fnt\n|faint|p1a: Dragonite\n|move|p1b: Amoonguss|Pollen Puff|p2a: Tarzan\n|-resisted|p2a: Tarzan\n|-damage|p2a: Tarzan|90\/100\n|move|p2b: Impostor|Spore|p1b: Amoonguss\n|-immune|p1b: Amoonguss\n|\n|-heal|p2a: Tarzan|96\/100|[from] item: Leftovers\n|upkeep\n|turn|9\n|\n|t:|1682271383\n|move|p2a: Tarzan|Rage Fist|p1b: Amoonguss\n|-damage|p1b: Amoonguss|0 fnt\n|faint|p1b: Amoonguss\n|\n|win|Topit345\n|raw|mcbbbbb's rating: 1119 → 1087<\/strong> (-32 for losing)\n|raw|Topit345's rating: 1017 → 1065<\/strong> (+48 for winning)\n|l|\u2606mcbbbbb\n","uploadtime":1682271391,"views":16,"p1id":"mcbbbbb","p2id":"topit345","formatid":"gen9vgc2023regulationc","rating":1065,"private":0,"password":""}