{"id":"gen9vgc2023regulationc-1856078234","p1":"Fubblybubbly","p2":"Herbas corinthians","format":"[Gen 9] VGC 2023 Regulation C","log":"|j|\u2606Fubblybubbly\n|j|\u2606Herbas corinthians\n|t:|1683027377\n|gametype|doubles\n|player|p1|Fubblybubbly|102|1156\n|player|p2|Herbas corinthians|170|1084\n|teamsize|p1|6\n|teamsize|p2|6\n|gen|9\n|tier|[Gen 9] VGC 2023 Regulation C\n|rated|\n|rule|Species Clause: Limit one of each Pok\u00e9mon\n|rule|Item Clause: Limit one of each item\n|clearpoke\n|poke|p1|Iron Bundle, L50|\n|poke|p1|Slowking, L50, M|\n|poke|p1|Cetitan, L50, M|\n|poke|p1|Chi-Yu, L50|\n|poke|p1|Torkoal, L50, M|\n|poke|p1|Mimikyu, L50, M|\n|poke|p2|Chi-Yu, L50|\n|poke|p2|Dachsbun, L50, F|\n|poke|p2|Dragonite, L50, M|\n|poke|p2|Flutter Mane, L50|\n|poke|p2|Azumarill, L50, F|\n|poke|p2|Chien-Pao, L50|\n|teampreview|4\n|inactive|Battle timer is ON: inactive players will automatically lose when time's up. (requested by Herbas corinthians)\n|inactive|Fubblybubbly has 60 seconds left.\n|\n|t:|1683027426\n|start\n|switch|p1a: Mimikyu|Mimikyu, L50, M|100\/100\n|switch|p1b: Slowking|Slowking, L50, M|100\/100\n|switch|p2a: Chi-Yu|Chi-Yu, L50|100\/100\n|switch|p2b: Dachsbun|Dachsbun, L50, F|100\/100\n|-ability|p2a: Chi-Yu|Beads of Ruin\n|turn|1\n|inactive|Herbas corinthians has 30 seconds left.\n|\n|t:|1683027455\n|move|p2a: Chi-Yu|Lava Plume|p1b: Slowking|[spread] p1a,p1b\n|-ability|p2b: Dachsbun|Well-Baked Body|boost\n|-boost|p2b: Dachsbun|def|2\n|-resisted|p1b: Slowking\n|-activate|p1a: Mimikyu|ability: Disguise\n|-damage|p1a: Mimikyu|100\/100\n|-damage|p1b: Slowking|88\/100\n|detailschange|p1a: Mimikyu|Mimikyu-Busted, L50, M\n|-damage|p1a: Mimikyu|88\/100|[from] pokemon: Mimikyu-Busted\n|move|p1a: Mimikyu|Play Rough|p2a: Chi-Yu|[miss]\n|-miss|p1a: Mimikyu|p2a: Chi-Yu\n|move|p2b: Dachsbun|Wish|p2b: Dachsbun\n|move|p1b: Slowking|Yawn|p2b: Dachsbun\n|-start|p2b: Dachsbun|move: Yawn|[of] p1b: Slowking\n|\n|upkeep\n|turn|2\n|\n|t:|1683027476\n|move|p2a: Chi-Yu|Lava Plume|p1b: Slowking|[spread] p1a,p1b\n|-ability|p2b: Dachsbun|Well-Baked Body|boost\n|-boost|p2b: Dachsbun|def|2\n|-resisted|p1b: Slowking\n|-damage|p1a: Mimikyu|34\/100\n|-damage|p1b: Slowking|75\/100\n|-status|p1a: Mimikyu|brn\n|-status|p1b: Slowking|brn\n|move|p1a: Mimikyu|Play Rough|p2a: Chi-Yu\n|-damage|p2a: Chi-Yu|59\/100\n|-damage|p1a: Mimikyu|24\/100 brn|[from] item: Life Orb\n|move|p2b: Dachsbun|Body Press|p1b: Slowking\n|-resisted|p1b: Slowking\n|-damage|p1b: Slowking|44\/100 brn\n|move|p1b: Slowking|Icy Wind|p2a: Chi-Yu|[spread] p2a,p2b\n|-resisted|p2a: Chi-Yu\n|-damage|p2a: Chi-Yu|54\/100\n|-damage|p2b: Dachsbun|90\/100\n|-unboost|p2a: Chi-Yu|spe|1\n|-unboost|p2b: Dachsbun|spe|1\n|\n|-heal|p2b: Dachsbun|100\/100|[from] move: Wish|[wisher] Dachsbun\n|-damage|p1a: Mimikyu|18\/100 brn|[from] brn\n|-damage|p1b: Slowking|38\/100 brn|[from] brn\n|-end|p2b: Dachsbun|move: Yawn|[silent]\n|-status|p2b: Dachsbun|slp\n|upkeep\n|turn|3\n|inactive|Fubblybubbly has 30 seconds left.\n|\n|t:|1683027507\n|move|p2a: Chi-Yu|Lava Plume|p1b: Slowking|[spread] p1a,p1b\n|-ability|p2b: Dachsbun|Well-Baked Body|boost\n|-boost|p2b: Dachsbun|def|2\n|-resisted|p1b: Slowking\n|-damage|p1a: Mimikyu|0 fnt\n|-damage|p1b: Slowking|26\/100 brn\n|faint|p1a: Mimikyu\n|cant|p2b: Dachsbun|slp\n|move|p1b: Slowking|Chilly Reception|p1b: Slowking\n|-weather|Snow\n|\n|t:|1683027517\n|switch|p1b: Iron Bundle|Iron Bundle, L50|100\/100|[from] Chilly Reception\n|\n|-weather|Snow|[upkeep]\n|upkeep\n|\n|t:|1683027520\n|switch|p1a: Chi-Yu|Chi-Yu, L50|100\/100\n|-ability|p1a: Chi-Yu|Beads of Ruin\n|turn|4\n|inactive|Fubblybubbly has 30 seconds left.\n|inactive|Fubblybubbly has 20 seconds left.\n|\n|t:|1683027556\n|move|p1a: Chi-Yu|Tera Blast|p2a: Chi-Yu\n|-damage|p2a: Chi-Yu|20\/100\n|move|p1b: Iron Bundle|Blizzard|p2b: Dachsbun|[spread] p2a,p2b\n|-resisted|p2a: Chi-Yu\n|-damage|p2a: Chi-Yu|0 fnt\n|-damage|p2b: Dachsbun|51\/100 slp\n|faint|p2a: Chi-Yu\n|cant|p2b: Dachsbun|slp\n|\n|-weather|Snow|[upkeep]\n|-heal|p2b: Dachsbun|57\/100 slp|[from] item: Leftovers\n|upkeep\n|\n|t:|1683027566\n|switch|p2a: Dragonite|Dragonite, L50, M|100\/100\n|turn|5\n|\n|t:|1683027574\n|-terastallize|p1b: Iron Bundle|Ice\n|cant|p2b: Dachsbun|slp\n|move|p1a: Chi-Yu|Tera Blast|p2a: Dragonite\n|-damage|p2a: Dragonite|83\/100\n|move|p1b: Iron Bundle|Blizzard|p2b: Dachsbun|[spread] p2a,p2b\n|-supereffective|p2a: Dragonite\n|-damage|p2a: Dragonite|0 fnt\n|-damage|p2b: Dachsbun|0 fnt\n|faint|p2a: Dragonite\n|faint|p2b: Dachsbun\n|\n|-weather|Snow|[upkeep]\n|upkeep\n|\n|t:|1683027581\n|switch|p2b: Azumarill|Azumarill, L50, F|100\/100\n|turn|6\n|\n|t:|1683027593\n|-terastallize|p2b: Azumarill|Fairy\n|move|p1a: Chi-Yu|Tera Blast|p2b: Azumarill\n|-damage|p2b: Azumarill|59\/100\n|move|p1b: Iron Bundle|Freeze-Dry|p2b: Azumarill\n|-damage|p2b: Azumarill|0 fnt\n|faint|p2b: Azumarill\n|\n|win|Fubblybubbly\n|raw|Fubblybubbly's rating: 1156 → 1176<\/strong> (+20 for winning)\n|raw|Herbas corinthians's rating: 1084 → 1066<\/strong> (-18 for losing)\n|l|\u2606Herbas corinthians\n","uploadtime":1683027622,"views":8,"p1id":"fubblybubbly","p2id":"herbascorinthians","formatid":"gen9vgc2023regulationc","rating":1066,"private":0,"password":""}