{"id":"gen9vgc2023regulationc-1851625340","p1":"Lovac","p2":"FCP27","format":"[Gen 9] VGC 2023 Regulation C","log":"|j|\u2606Lovac\n|j|\u2606FCP27\n|t:|1682462643\n|gametype|doubles\n|player|p1|Lovac|red|1430\n|player|p2|FCP27|riley|1516\n|teamsize|p1|6\n|teamsize|p2|6\n|gen|9\n|tier|[Gen 9] VGC 2023 Regulation C\n|rated|\n|rule|Species Clause: Limit one of each Pok\u00e9mon\n|rule|Item Clause: Limit one of each item\n|clearpoke\n|poke|p1|Glimmora, L50, F|\n|poke|p1|Flutter Mane, L50|\n|poke|p1|Gyarados, L50, M|\n|poke|p1|Baxcalibur, L50, F|\n|poke|p1|Chi-Yu, L50|\n|poke|p1|Breloom, L50, M|\n|poke|p2|Lucario, L50, M|\n|poke|p2|Chien-Pao, L50|\n|poke|p2|Chi-Yu, L50|\n|poke|p2|Annihilape, L50, M|\n|poke|p2|Iron Bundle, L50|\n|poke|p2|Dragapult, L50, M|\n|teampreview|4\n|inactive|Battle timer is ON: inactive players will automatically lose when time's up. (requested by FCP27)\n|inactive|Lovac has 60 seconds left.\n|\n|t:|1682462703\n|start\n|switch|p1a: Breloom|Breloom, L50, M|100\/100\n|switch|p1b: Baxcalibur|Baxcalibur, L50, F|100\/100\n|switch|p2a: Lucario|Lucario, L50, M, shiny|100\/100\n|switch|p2b: Annihilape|Annihilape, L50, M|100\/100\n|turn|1\n|inactive|Lovac has 30 seconds left.\n|inactive|FCP27 has 30 seconds left.\n|inactive|FCP27 has 20 seconds left.\n|inactive|FCP27 has 15 seconds left.\n|\n|t:|1682462744\n|move|p2a: Lucario|Protect|p2a: Lucario\n|-singleturn|p2a: Lucario|Protect\n|move|p1b: Baxcalibur|Protect|p1b: Baxcalibur\n|-singleturn|p1b: Baxcalibur|Protect\n|move|p2b: Annihilape|Close Combat|p1b: Baxcalibur\n|-activate|p1b: Baxcalibur|move: Protect\n|move|p1a: Breloom|Spore|p2b: Annihilape\n|-status|p2b: Annihilape|slp|[from] move: Spore\n|\n|upkeep\n|turn|2\n|c|\u2606Lovac|woah\n|inactive|FCP27 has 30 seconds left.\n|\n|t:|1682462771\n|-terastallize|p2a: Lucario|Grass\n|move|p1a: Breloom|Helping Hand|p1b: Baxcalibur\n|-singleturn|p1b: Baxcalibur|Helping Hand|[of] p1a: Breloom\n|cant|p2b: Annihilape|slp\n|move|p2a: Lucario|Drain Punch|p1b: Baxcalibur\n|-supereffective|p1b: Baxcalibur\n|-damage|p1b: Baxcalibur|39\/100\n|move|p1b: Baxcalibur|Glaive Rush|p2b: Annihilape\n|-damage|p2b: Annihilape|0 fnt\n|-singlemove|p1b: Baxcalibur|Glaive Rush|[silent]\n|faint|p2b: Annihilape\n|-damage|p1b: Baxcalibur|30\/100|[from] item: Life Orb\n|\n|upkeep\n|\n|t:|1682462789\n|switch|p2b: Iron Bundle|Iron Bundle, L50|100\/100\n|-enditem|p2b: Iron Bundle|Booster Energy\n|-activate|p2b: Iron Bundle|ability: Quark Drive|[fromitem]\n|-start|p2b: Iron Bundle|quarkdrivespe\n|turn|3\n|\n|t:|1682462811\n|-terastallize|p1a: Breloom|Fighting\n|move|p2a: Lucario|Protect|p2a: Lucario\n|-singleturn|p2a: Lucario|Protect\n|move|p1b: Baxcalibur|Protect|p1b: Baxcalibur\n|-singleturn|p1b: Baxcalibur|Protect\n|move|p1a: Breloom|Mach Punch|p2b: Iron Bundle\n|-supereffective|p2b: Iron Bundle\n|-damage|p2b: Iron Bundle|34\/100\n|move|p2b: Iron Bundle|Icy Wind|p1b: Baxcalibur|[spread] p1a\n|-activate|p1b: Baxcalibur|move: Protect\n|-damage|p1a: Breloom|65\/100\n|-unboost|p1a: Breloom|spe|1\n|\n|upkeep\n|turn|4\n|\n|t:|1682462835\n|-end|p2b: Iron Bundle|Quark Drive|[silent]\n|switch|p2b: Dragapult|Dragapult, L50, M, shiny|100\/100\n|move|p1a: Breloom|Helping Hand|p1b: Baxcalibur\n|-singleturn|p1b: Baxcalibur|Helping Hand|[of] p1a: Breloom\n|move|p1b: Baxcalibur|Ice Shard|p2a: Lucario\n|-supereffective|p2a: Lucario\n|-damage|p2a: Lucario|0 fnt\n|faint|p2a: Lucario\n|-damage|p1b: Baxcalibur|20\/100|[from] item: Life Orb\n|\n|upkeep\n|c|\u2606Lovac|woah\n|\n|t:|1682462843\n|switch|p2a: Iron Bundle|Iron Bundle, L50|34\/100\n|turn|5\n|\n|t:|1682462862\n|move|p1b: Baxcalibur|Ice Shard|p2b: Dragapult\n|-supereffective|p2b: Dragapult\n|-damage|p2b: Dragapult|11\/100\n|-damage|p1b: Baxcalibur|11\/100|[from] item: Life Orb\n|move|p1a: Breloom|Mach Punch|p2a: Iron Bundle\n|-supereffective|p2a: Iron Bundle\n|-damage|p2a: Iron Bundle|0 fnt\n|faint|p2a: Iron Bundle\n|-end|p2a: Iron Bundle|Quark Drive|[silent]\n|move|p2b: Dragapult|Dragon Darts|p1a: Breloom\n|-damage|p1a: Breloom|10\/100\n|-anim|p2b: Dragapult|Dragon Darts|p1b: Baxcalibur\n|-supereffective|p1b: Baxcalibur\n|-damage|p1b: Baxcalibur|0 fnt\n|faint|p1b: Baxcalibur\n|-damage|p2b: Dragapult|1\/100|[from] item: Life Orb\n|\n|upkeep\n|c|\u2606Lovac|breloom the goat\n|-message|FCP27 forfeited.\n|\n|win|Lovac\n|raw|Lovac's rating: 1430 → 1455<\/strong> (+25 for winning)\n|raw|FCP27's rating: 1516 → 1491<\/strong> (-25 for losing)\n|l|\u2606FCP27\n","uploadtime":1682463000,"views":18,"p1id":"lovac","p2id":"fcp27","formatid":"gen9vgc2023regulationc","rating":1455,"private":0,"password":""}