{"id":"gen9vgc2023regulationc-1855607545","p1":"DanIsDangerous","p2":"subnori","format":"[Gen 9] VGC 2023 Regulation C","log":"|j|\u2606DanIsDangerous\n|j|\u2606subnori\n|t:|1682966067\n|gametype|doubles\n|player|p1|DanIsDangerous|266|1079\n|player|p2|subnori|youngcouple-gen4dp|1120\n|teamsize|p1|6\n|teamsize|p2|6\n|gen|9\n|tier|[Gen 9] VGC 2023 Regulation C\n|rated|\n|rule|Species Clause: Limit one of each Pok\u00e9mon\n|rule|Item Clause: Limit one of each item\n|clearpoke\n|poke|p1|Annihilape, L50, F|\n|poke|p1|Maushold-Four, L50|\n|poke|p1|Tatsugiri, L50, M|\n|poke|p1|Dondozo, L50, F|\n|poke|p1|Corviknight, L50, M|\n|poke|p1|Flutter Mane, L50|\n|poke|p2|Abomasnow, L50, M|\n|poke|p2|Cetitan, L50, F|\n|poke|p2|Altaria, L50, F|\n|poke|p2|Amoonguss, L50, M|\n|poke|p2|Salamence, L50, F|\n|poke|p2|Iron Bundle, L50|\n|teampreview|4\nsubnori has agreed to open team sheets.\n|\n|t:|1682966113\n|start\n|switch|p1a: Corviknight|Corviknight, L50, M|100\/100\n|switch|p1b: Annihilape|Annihilape, L50, F|100\/100\n|switch|p2a: Abomasnow|Abomasnow, L50, M|100\/100\n|switch|p2b: Salamence|Salamence, L50, F|100\/100\n|-ability|p2b: Salamence|Intimidate|boost\n|-ability|p1a: Corviknight|Mirror Armor\n|-unboost|p2b: Salamence|atk|1\n|-unboost|p1b: Annihilape|atk|1\n|-ability|p1b: Annihilape|Defiant|boost\n|-boost|p1b: Annihilape|atk|2\n|-weather|Snow|[from] ability: Snow Warning|[of] p2a: Abomasnow\n|turn|1\n|\n|t:|1682966152\n|move|p2b: Salamence|Tailwind|p2b: Salamence\n|-sidestart|p2: subnori|move: Tailwind\n|move|p2a: Abomasnow|Aurora Veil|p2a: Abomasnow\n|-sidestart|p2: subnori|move: Aurora Veil\n|move|p1b: Annihilape|Close Combat|p2a: Abomasnow\n|-supereffective|p2a: Abomasnow\n|-damage|p2a: Abomasnow|33\/100\n|-unboost|p1b: Annihilape|def|1\n|-unboost|p1b: Annihilape|spd|1\n|move|p1a: Corviknight|Tailwind|p1a: Corviknight\n|-sidestart|p1: DanIsDangerous|move: Tailwind\n|\n|-weather|Snow|[upkeep]\n|upkeep\n|turn|2\n|\n|t:|1682966237\n|move|p2b: Salamence|Heat Wave|p1a: Corviknight|[spread] p1a\n|-miss|p2b: Salamence|p1b: Annihilape\n|-supereffective|p1a: Corviknight\n|-damage|p1a: Corviknight|61\/100\n|move|p1b: Annihilape|Rage Fist|p2b: Salamence\n|-damage|p2b: Salamence|79\/100\n|move|p1a: Corviknight|Brave Bird|p2b: Salamence\n|-damage|p2b: Salamence|42\/100\n|-damage|p1a: Corviknight|49\/100|[from] Recoil\n|move|p2a: Abomasnow|Blizzard|p1b: Annihilape|[spread] p1a,p1b\n|-damage|p1a: Corviknight|23\/100\n|-damage|p1b: Annihilape|78\/100\n|\n|-weather|Snow|[upkeep]\n|-heal|p2b: Salamence|48\/100|[from] item: Leftovers\n|upkeep\n|turn|3\n|\n|t:|1682966282\n|switch|p1a: Maushold|Maushold-Four, L50|100\/100\n|move|p2b: Salamence|Heat Wave|p1b: Annihilape|[spread] p1a,p1b\n|-damage|p1a: Maushold|72\/100\n|-damage|p1b: Annihilape|65\/100\n|move|p1b: Annihilape|Rage Fist|p2b: Salamence\n|-damage|p2b: Salamence|0 fnt\n|faint|p2b: Salamence\n|move|p2a: Abomasnow|Blizzard|p1a: Maushold|[spread] p1a,p1b\n|-damage|p1a: Maushold|29\/100\n|-damage|p1b: Annihilape|49\/100\n|\n|-weather|Snow|[upkeep]\n|upkeep\n|\n|t:|1682966316\n|switch|p2b: Iron Bundle|Iron Bundle, L50|100\/100\n|-enditem|p2b: Iron Bundle|Booster Energy\n|-activate|p2b: Iron Bundle|ability: Quark Drive|[fromitem]\n|-start|p2b: Iron Bundle|quarkdrivespe\n|turn|4\n|\n|t:|1682966326\n|switch|p1b: Corviknight|Corviknight, L50, M|23\/100\n|move|p2b: Iron Bundle|Blizzard|p1a: Maushold|[spread] p1a,p1b\n|-damage|p1a: Maushold|0 fnt\n|-damage|p1b: Corviknight|0 fnt\n|faint|p1a: Maushold\n|faint|p1b: Corviknight\n|move|p2a: Abomasnow|Blizzard|p1: Maushold|[notarget]\n|-fail|p2a: Abomasnow\n|\n|-weather|Snow|[upkeep]\n|-sideend|p2: subnori|move: Tailwind\n|-sideend|p1: DanIsDangerous|move: Tailwind\n|upkeep\n|\n|t:|1682966339\n|switch|p1a: Annihilape|Annihilape, L50, F|49\/100\n|switch|p1b: Flutter Mane|Flutter Mane, L50|100\/100\n|turn|5\n|\n|t:|1682966374\n|-terastallize|p1b: Flutter Mane|Fairy\n|move|p2b: Iron Bundle|Blizzard|p1b: Flutter Mane|[spread] p1a,p1b\n|-damage|p1a: Annihilape|25\/100\n|-damage|p1b: Flutter Mane|61\/100\n|move|p1b: Flutter Mane|Moonblast|p2b: Iron Bundle\n|-damage|p2b: Iron Bundle|0 fnt\n|faint|p2b: Iron Bundle\n|-end|p2b: Iron Bundle|Quark Drive|[silent]\n|move|p1a: Annihilape|Rage Fist|p2a: Abomasnow\n|-damage|p2a: Abomasnow|0 fnt\n|faint|p2a: Abomasnow\n|\n|-weather|none\n|-sideend|p2: subnori|move: Aurora Veil\n|upkeep\n|\n|t:|1682966388\n|switch|p2a: Cetitan|Cetitan, L50, F|100\/100\n|turn|6\n|\n|t:|1682966419\n|-terastallize|p2a: Cetitan|Water\n|move|p1b: Flutter Mane|Moonblast|p2a: Cetitan\n|-damage|p2a: Cetitan|13\/100\n|move|p2a: Cetitan|Earthquake|p1a: Annihilape|[spread] p1a,p1b\n|-damage|p1a: Annihilape|0 fnt\n|-damage|p1b: Flutter Mane|0 fnt\n|faint|p1a: Annihilape\n|faint|p1b: Flutter Mane\n|-end|p1b: Flutter Mane|Protosynthesis|[silent]\n|\n|win|subnori\n|raw|DanIsDangerous's rating: 1079 → 1060<\/strong> (-19 for losing)\n|raw|subnori's rating: 1120 → 1142<\/strong> (+22 for winning)\n|l|\u2606DanIsDangerous\n","uploadtime":1682966503,"views":15,"p1id":"danisdangerous","p2id":"subnori","formatid":"gen9vgc2023regulationc","rating":1060,"private":0,"password":""}