{"id":"gen9vgc2023regulationc-1846901241","p1":"Charliejr98","p2":"Seeker945","format":"[Gen 9] VGC 2023 Regulation C","log":"|j|\u2606Charliejr98\n|j|\u2606Seeker945\n|t:|1681898240\n|gametype|doubles\n|player|p1|Charliejr98|striker|1088\n|player|p2|Seeker945|burglar|1137\n|teamsize|p1|6\n|teamsize|p2|6\n|gen|9\n|tier|[Gen 9] VGC 2023 Regulation C\n|rated|\n|rule|Species Clause: Limit one of each Pok\u00e9mon\n|rule|Item Clause: Limit one of each item\n|clearpoke\n|poke|p1|Flutter Mane, L50|\n|poke|p1|Murkrow, L50, F|\n|poke|p1|Brute Bonnet, L50|\n|poke|p1|Chi-Yu, L50|\n|poke|p1|Great Tusk, L50|\n|poke|p1|Corviknight, L50, F|\n|poke|p2|Amoonguss, L50, M|\n|poke|p2|Arcanine, L50, M|\n|poke|p2|Ting-Lu, L50|\n|poke|p2|Flutter Mane, L50|\n|poke|p2|Dragonite, L50, M|\n|poke|p2|Palafin, L50, M|\n|teampreview|4\n|inactive|Battle timer is ON: inactive players will automatically lose when time's up. (requested by Charliejr98)\n|\n|t:|1681898276\n|start\n|switch|p1a: Murkrow|Murkrow, L50, F|100\/100\n|switch|p1b: Flutter Mane|Flutter Mane, L50|100\/100\n|switch|p2a: Enrique Pastor|Palafin, L50, M, shiny|100\/100\n|switch|p2b: Chin-Lu Chin Agua|Ting-Lu, L50|100\/100\n|-ability|p2b: Chin-Lu Chin Agua|Vessel of Ruin\n|turn|1\n|\n|t:|1681898296\n|detailschange|p2a: Enrique Pastor|Palafin-Hero, L50, M, shiny\n|switch|p2a: Among Us|Amoonguss, L50, M, shiny|100\/100\n|-terastallize|p1b: Flutter Mane|Fairy\n|-terastallize|p2b: Chin-Lu Chin Agua|Water\n|move|p1a: Murkrow|Tailwind|p1a: Murkrow\n|-sidestart|p1: Charliejr98|move: Tailwind\n|move|p1b: Flutter Mane|Dazzling Gleam|p2b: Chin-Lu Chin Agua|[spread] p2a,p2b\n|-resisted|p2a: Among Us\n|-damage|p2a: Among Us|82\/100\n|-damage|p2b: Chin-Lu Chin Agua|74\/100\n|move|p2b: Chin-Lu Chin Agua|Fissure|p1b: Flutter Mane\n|-damage|p1b: Flutter Mane|0 fnt\n|faint|p1b: Flutter Mane\n|-end|p1b: Flutter Mane|Protosynthesis|[silent]\n|-ohko\n|\n|upkeep\n|\n|t:|1681898310\n|switch|p1b: Brute Bonnet|Brute Bonnet, L50|100\/100\n|turn|2\n|c|\u2606Seeker945|lol\n|\n|t:|1681898322\n|move|p1a: Murkrow|Sunny Day|p1a: Murkrow\n|-weather|SunnyDay\n|-activate|p1b: Brute Bonnet|ability: Protosynthesis\n|-start|p1b: Brute Bonnet|protosynthesisatk\n|move|p1b: Brute Bonnet|Bullet Seed|p2b: Chin-Lu Chin Agua\n|-supereffective|p2b: Chin-Lu Chin Agua\n|-damage|p2b: Chin-Lu Chin Agua|53\/100\n|-supereffective|p2b: Chin-Lu Chin Agua\n|-damage|p2b: Chin-Lu Chin Agua|30\/100\n|-supereffective|p2b: Chin-Lu Chin Agua\n|-damage|p2b: Chin-Lu Chin Agua|10\/100\n|-supereffective|p2b: Chin-Lu Chin Agua\n|-damage|p2b: Chin-Lu Chin Agua|0 fnt\n|faint|p2b: Chin-Lu Chin Agua\n|-hitcount|p2: Chin-Lu Chin Agua|4\n|move|p2a: Among Us|Pollen Puff|p1b: Brute Bonnet\n|-supereffective|p1b: Brute Bonnet\n|-crit|p1b: Brute Bonnet\n|-damage|p1b: Brute Bonnet|11\/100\n|\n|-weather|SunnyDay|[upkeep]\n|upkeep\n|\n|t:|1681898337\n|switch|p2b: Sadio Man\u00e9|Flutter Mane, L50, shiny|100\/100\n|-activate|p2b: Sadio Man\u00e9|ability: Protosynthesis\n|-start|p2b: Sadio Man\u00e9|protosynthesisspa\n|turn|3\n|inactive|Charliejr98 has 30 seconds left.\n|inactive|Charliejr98 has 20 seconds left.\n|inactive|Charliejr98 has 15 seconds left.\n|inactive|Charliejr98 has 10 seconds left.\n|\n|t:|1681898386\n|move|p1b: Brute Bonnet|Sucker Punch|p2b: Sadio Man\u00e9\n|-damage|p2b: Sadio Man\u00e9|25\/100\n|move|p1a: Murkrow|Foul Play|p2b: Sadio Man\u00e9\n|-damage|p2b: Sadio Man\u00e9|0 fnt\n|faint|p2b: Sadio Man\u00e9\n|-end|p2b: Sadio Man\u00e9|Protosynthesis|[silent]\n|move|p2a: Among Us|Pollen Puff|p2: Sadio Man\u00e9|[notarget]\n|-fail|p2a: Among Us\n|\n|-weather|SunnyDay|[upkeep]\n|upkeep\n|\n|t:|1681898394\n|switch|p2b: Enrique Pastor|Palafin-Hero, L50, M, shiny|100\/100\n|-activate|p2b: Enrique Pastor|ability: Zero to Hero\n|turn|4\n|\n|t:|1681898416\n|move|p2b: Enrique Pastor|Protect|p2b: Enrique Pastor\n|-singleturn|p2b: Enrique Pastor|Protect\n|move|p1a: Murkrow|Foul Play|p2b: Enrique Pastor\n|-activate|p2b: Enrique Pastor|move: Protect\n|move|p1b: Brute Bonnet|Bullet Seed|p2b: Enrique Pastor\n|-activate|p2b: Enrique Pastor|move: Protect\n|move|p2a: Among Us|Pollen Puff|p1b: Brute Bonnet\n|-supereffective|p1b: Brute Bonnet\n|-damage|p1b: Brute Bonnet|0 fnt\n|faint|p1b: Brute Bonnet\n|-end|p1b: Brute Bonnet|Protosynthesis|[silent]\n|\n|-weather|SunnyDay|[upkeep]\n|-sideend|p1: Charliejr98|move: Tailwind\n|upkeep\n|\n|t:|1681898421\n|switch|p1b: Corviknight|Corviknight, L50, F|100\/100\n|turn|5\n|\n|t:|1681898441\n|move|p1a: Murkrow|Tailwind|p1a: Murkrow\n|-sidestart|p1: Charliejr98|move: Tailwind\n|move|p1b: Corviknight|Brave Bird|p2a: Among Us\n|-supereffective|p2a: Among Us\n|-damage|p2a: Among Us|0 fnt\n|faint|p2a: Among Us\n|-damage|p1b: Corviknight|72\/100|[from] Recoil\n|move|p2b: Enrique Pastor|Wave Crash|p1a: Murkrow\n|-damage|p1a: Murkrow|44\/100\n|-damage|p2b: Enrique Pastor|84\/100|[from] Recoil\n|\n|-weather|SunnyDay|[upkeep]\n|upkeep\n|turn|6\n|c|\u2606Seeker945|gg\n|\n|t:|1681898455\n|move|p2b: Enrique Pastor|Protect|p2b: Enrique Pastor\n|-singleturn|p2b: Enrique Pastor|Protect\n|move|p1a: Murkrow|Foul Play|p2b: Enrique Pastor\n|-activate|p2b: Enrique Pastor|move: Protect\n|move|p1b: Corviknight|Brave Bird|p2b: Enrique Pastor\n|-activate|p2b: Enrique Pastor|move: Protect\n|\n|-weather|none\n|upkeep\n|turn|7\n|\n|t:|1681898464\n|move|p2b: Enrique Pastor|Jet Punch|p1a: Murkrow\n|-damage|p1a: Murkrow|0 fnt\n|faint|p1a: Murkrow\n|move|p1b: Corviknight|Brave Bird|p2b: Enrique Pastor\n|-damage|p2b: Enrique Pastor|7\/100\n|-damage|p1b: Corviknight|48\/100|[from] Recoil\n|\n|upkeep\n|turn|8\n|inactive|Charliejr98 has 30 seconds left.\n|inactive|Charliejr98 has 20 seconds left.\n|inactive|Charliejr98 has 15 seconds left.\n|inactive|Charliejr98 has 10 seconds left.\n|inactive|Charliejr98 has 5 seconds left.\n|\n|t:|1681898519\n|move|p2b: Enrique Pastor|Protect|p2b: Enrique Pastor\n|-singleturn|p2b: Enrique Pastor|Protect\n|move|p1b: Corviknight|Brave Bird|p2b: Enrique Pastor\n|-activate|p2b: Enrique Pastor|move: Protect\n|\n|-sideend|p1: Charliejr98|move: Tailwind\n|upkeep\n|turn|9\n|inactive|Charliejr98 has 30 seconds left.\n|inactive|Charliejr98 has 20 seconds left.\n|inactive|Charliejr98 has 15 seconds left.\n|inactive|Charliejr98 has 10 seconds left.\n|inactive|Charliejr98 has 5 seconds left.\n|\n|t:|1681898574\n|move|p2b: Enrique Pastor|Wave Crash|p1b: Corviknight\n|-damage|p1b: Corviknight|0 fnt\n|faint|p1b: Corviknight\n|-damage|p2b: Enrique Pastor|0 fnt|[from] Recoil\n|faint|p2b: Enrique Pastor\n|\n|win|Seeker945\n|raw|Charliejr98's rating: 1088 → 1068<\/strong> (-20 for losing)\n|raw|Seeker945's rating: 1137 → 1158<\/strong> (+21 for winning)\n|c|\u2606Seeker945|gg\n","uploadtime":1681898586,"views":13,"p1id":"charliejr98","p2id":"seeker945","formatid":"gen9vgc2023regulationc","rating":1068,"private":0,"password":""}