{"id":"gen9vgc2023regulationc-1847454801","p1":"Arisu91","p2":"PokemonPesticide","format":"[Gen 9] VGC 2023 Regulation C","log":"|j|\u2606Arisu91\n|j|\u2606PokemonPesticide\n|t:|1681957144\n|gametype|doubles\n|player|p1|Arisu91|volkner|1030\n|player|p2|PokemonPesticide|rocketgrunt|1077\n|teamsize|p1|6\n|teamsize|p2|6\n|gen|9\n|tier|[Gen 9] VGC 2023 Regulation C\n|rated|\n|rule|Species Clause: Limit one of each Pok\u00e9mon\n|rule|Item Clause: Limit one of each item\n|clearpoke\n|poke|p1|Dragalge, L50, M|\n|poke|p1|Lurantis, L50, F|\n|poke|p1|Iron Bundle, L50|\n|poke|p1|Gastrodon, L50, M|\n|poke|p1|Salazzle, L50, F|\n|poke|p1|Murkrow, L50, M|\n|poke|p2|Seviper, L50, M|\n|poke|p2|Wo-Chien, L50|\n|poke|p2|Flutter Mane, L50|\n|poke|p2|Gyarados, L50, F|\n|poke|p2|Rabsca, L50, M|\n|poke|p2|Klefki, L50, M|\n|teampreview|4\n|\n|t:|1681957180\n|start\n|switch|p1a: Murkrow|Murkrow, L50, M|100\/100\n|switch|p1b: Salazzle|Salazzle, L50, F|100\/100\n|switch|p2a: Seviper|Seviper, L50, M|100\/100\n|switch|p2b: Wo-Chien|Wo-Chien, L50|100\/100\n|-ability|p2b: Wo-Chien|Tablets of Ruin\n|turn|1\n|\n|t:|1681957200\n|move|p1a: Murkrow|Taunt|p2a: Seviper\n|-start|p2a: Seviper|move: Taunt\n|move|p1b: Salazzle|Nasty Plot|p1b: Salazzle\n|-boost|p1b: Salazzle|spa|2\n|move|p2b: Wo-Chien|Leech Seed|p1a: Murkrow\n|-start|p1a: Murkrow|move: Leech Seed\n|move|p2a: Seviper|Wrap|p1a: Murkrow\n|-damage|p1a: Murkrow|97\/100\n|-activate|p1a: Murkrow|move: Wrap|[of] p2a: Seviper\n|\n|-damage|p1a: Murkrow|85\/100|[from] Leech Seed|[of] p2b: Wo-Chien\n|-damage|p1a: Murkrow|73\/100|[from] move: Wrap|[partiallytrapped]\n|upkeep\n|turn|2\n|\n|t:|1681957218\n|-terastallize|p2b: Wo-Chien|Fire\n|move|p1a: Murkrow|Protect|p1a: Murkrow\n|-singleturn|p1a: Murkrow|Protect\n|move|p1b: Salazzle|Heat Wave|p2a: Seviper|[spread] p2a,p2b\n|-resisted|p2b: Wo-Chien\n|-damage|p2a: Seviper|50\/100\n|-damage|p2b: Wo-Chien|80\/100\n|move|p2b: Wo-Chien|Snarl|p1a: Murkrow|[spread] p1b\n|-activate|p1a: Murkrow|move: Protect\n|-damage|p1b: Salazzle|75\/100\n|-unboost|p1b: Salazzle|spa|1\n|move|p2a: Seviper|Snarl|p1a: Murkrow|[spread] p1b\n|-activate|p1a: Murkrow|move: Protect\n|-damage|p1b: Salazzle|60\/100\n|-unboost|p1b: Salazzle|spa|1\n|\n|-heal|p2b: Wo-Chien|86\/100|[from] item: Leftovers\n|-damage|p1a: Murkrow|61\/100|[from] Leech Seed|[of] p2b: Wo-Chien\n|-heal|p2b: Wo-Chien|96\/100|[silent]\n|-damage|p1a: Murkrow|49\/100|[from] move: Wrap|[partiallytrapped]\n|upkeep\n|turn|3\n|\n|t:|1681957240\n|move|p1a: Murkrow|Sucker Punch|p2a: Seviper\n|-damage|p2a: Seviper|30\/100\n|move|p1b: Salazzle|Sludge Bomb|p2b: Wo-Chien\n|-damage|p2b: Wo-Chien|70\/100\n|-status|p2b: Wo-Chien|psn\n|move|p2b: Wo-Chien|Pollen Puff|p2a: Seviper\n|-heal|p2a: Seviper|80\/100\n|move|p2a: Seviper|Snarl|p1b: Salazzle|[spread] p1a,p1b\n|-resisted|p1a: Murkrow\n|-damage|p1a: Murkrow|45\/100\n|-damage|p1b: Salazzle|42\/100\n|-unboost|p1a: Murkrow|spa|1\n|-unboost|p1b: Salazzle|spa|1\n|\n|-heal|p2b: Wo-Chien|76\/100 psn|[from] item: Leftovers\n|-damage|p1a: Murkrow|33\/100|[from] Leech Seed|[of] p2b: Wo-Chien\n|-heal|p2b: Wo-Chien|86\/100 psn|[silent]\n|-damage|p2b: Wo-Chien|74\/100 psn|[from] psn\n|-damage|p1a: Murkrow|21\/100|[from] move: Wrap|[partiallytrapped]\n|-end|p2a: Seviper|move: Taunt\n|upkeep\n|turn|4\n|\n|t:|1681957280\n|switch|p2a: Gyarados|Gyarados, L50, F|100\/100\n|-ability|p2a: Gyarados|Intimidate|boost\n|-unboost|p1a: Murkrow|atk|1\n|-fail|p1b: Salazzle|unboost|Attack|[from] ability: Oblivious|[of] p1b: Salazzle\n|move|p2b: Wo-Chien|Protect|p2b: Wo-Chien\n|-singleturn|p2b: Wo-Chien|Protect\n|move|p1a: Murkrow|Sucker Punch||[still]\n|-fail|p1a: Murkrow\n|move|p1b: Salazzle|Heat Wave|p2b: Wo-Chien|[spread] p2a\n|-activate|p2b: Wo-Chien|move: Protect\n|-resisted|p2a: Gyarados\n|-damage|p2a: Gyarados|91\/100\n|-status|p2a: Gyarados|brn\n|\n|-heal|p2b: Wo-Chien|80\/100 psn|[from] item: Leftovers\n|-damage|p1a: Murkrow|9\/100|[from] Leech Seed|[of] p2b: Wo-Chien\n|-heal|p2b: Wo-Chien|91\/100 psn|[silent]\n|-damage|p2b: Wo-Chien|78\/100 psn|[from] psn\n|-damage|p2a: Gyarados|85\/100 brn|[from] brn\n|-end|p1a: Murkrow|Wrap|[partiallytrapped]|[silent]\n|upkeep\n|turn|5\n|\n|t:|1681957313\n|switch|p1a: Gastrodon|Gastrodon, L50, M|100\/100\n|move|p1b: Salazzle|Protect|p1b: Salazzle\n|-singleturn|p1b: Salazzle|Protect\n|move|p2a: Gyarados|Dragon Dance|p2a: Gyarados\n|-boost|p2a: Gyarados|atk|1\n|-boost|p2a: Gyarados|spe|1\n|move|p2b: Wo-Chien|Leech Seed|p1a: Gastrodon\n|-start|p1a: Gastrodon|move: Leech Seed\n|\n|-heal|p2b: Wo-Chien|84\/100 psn|[from] item: Leftovers\n|-damage|p1a: Gastrodon|88\/100|[from] Leech Seed|[of] p2b: Wo-Chien\n|-heal|p2b: Wo-Chien|98\/100 psn|[silent]\n|-damage|p2b: Wo-Chien|85\/100 psn|[from] psn\n|-damage|p2a: Gyarados|79\/100 brn|[from] brn\n|upkeep\n|turn|6\n|inactive|Battle timer is ON: inactive players will automatically lose when time's up. (requested by Arisu91)\n|\n|t:|1681957356\n|-terastallize|p1a: Gastrodon|Fire\n|move|p2b: Wo-Chien|Protect|p2b: Wo-Chien\n|-singleturn|p2b: Wo-Chien|Protect\n|move|p1b: Salazzle|Nasty Plot|p1b: Salazzle\n|-boost|p1b: Salazzle|spa|2\n|-enditem|p2a: Gyarados|Mirror Herb\n|-boost|p2a: Gyarados|spa|2|[from] item: Mirror Herb\n|move|p2a: Gyarados|Earthquake|p1b: Salazzle|[spread] p1a,p1b\n|-activate|p2b: Wo-Chien|move: Protect\n|-supereffective|p1a: Gastrodon\n|-crit|p1a: Gastrodon\n|-supereffective|p1b: Salazzle\n|-damage|p1a: Gastrodon|45\/100\n|-damage|p1b: Salazzle|0 fnt\n|faint|p1b: Salazzle\n|move|p1a: Gastrodon|Earth Power|p2b: Wo-Chien\n|-activate|p2b: Wo-Chien|move: Protect\n|\n|-heal|p2b: Wo-Chien|92\/100 psn|[from] item: Leftovers\n|-damage|p1a: Gastrodon|32\/100|[from] Leech Seed|[of] p2b: Wo-Chien\n|-heal|p2b: Wo-Chien|100\/100 psn|[silent]\n|-damage|p2b: Wo-Chien|88\/100 psn|[from] psn\n|-damage|p2a: Gyarados|73\/100 brn|[from] brn\n|upkeep\n|\n|t:|1681957368\n|switch|p1b: Iron Bundle|Iron Bundle, L50|100\/100\n|-enditem|p1b: Iron Bundle|Booster Energy\n|-activate|p1b: Iron Bundle|ability: Quark Drive|[fromitem]\n|-start|p1b: Iron Bundle|quarkdrivespe\n|turn|7\n|inactive|PokemonPesticide has 30 seconds left.\n|inactive|PokemonPesticide has 20 seconds left.\n|\n|t:|1681957407\n|move|p1b: Iron Bundle|Freeze-Dry|p2a: Gyarados\n|-supereffective|p2a: Gyarados\n|-crit|p2a: Gyarados\n|-damage|p2a: Gyarados|0 fnt\n|faint|p2a: Gyarados\n|move|p2b: Wo-Chien|Leech Seed|p1b: Iron Bundle\n|-start|p1b: Iron Bundle|move: Leech Seed\n|move|p1a: Gastrodon|Earth Power|p2b: Wo-Chien\n|-supereffective|p2b: Wo-Chien\n|-damage|p2b: Wo-Chien|46\/100 psn\n|\n|-heal|p2b: Wo-Chien|53\/100 psn|[from] item: Leftovers\n|-damage|p1b: Iron Bundle|88\/100|[from] Leech Seed|[of] p2b: Wo-Chien\n|-heal|p2b: Wo-Chien|61\/100 psn|[silent]\n|-damage|p1a: Gastrodon|20\/100|[from] Leech Seed|[of] p2b: Wo-Chien\n|-heal|p2b: Wo-Chien|74\/100 psn|[silent]\n|-damage|p2b: Wo-Chien|62\/100 psn|[from] psn\n|upkeep\n|\n|t:|1681957421\n|switch|p2a: Seviper|Seviper, L50, M|80\/100\n|turn|8\n|\n|t:|1681957438\n|move|p1b: Iron Bundle|Hydro Pump|p1a: Gastrodon\n|-activate|p1a: Gastrodon|ability: Storm Drain\n|-ability|p1a: Gastrodon|Storm Drain|boost\n|-boost|p1a: Gastrodon|spa|1\n|move|p2b: Wo-Chien|Pollen Puff|p2a: Seviper\n|-heal|p2a: Seviper|100\/100\n|move|p2a: Seviper|Wrap|p1b: Iron Bundle\n|-damage|p1b: Iron Bundle|84\/100\n|-activate|p1b: Iron Bundle|move: Wrap|[of] p2a: Seviper\n|move|p1a: Gastrodon|Earth Power|p2a: Seviper\n|-supereffective|p2a: Seviper\n|-damage|p2a: Seviper|19\/100\n|\n|-heal|p2b: Wo-Chien|68\/100 psn|[from] item: Leftovers\n|-damage|p1b: Iron Bundle|72\/100|[from] Leech Seed|[of] p2b: Wo-Chien\n|-heal|p2b: Wo-Chien|77\/100 psn|[silent]\n|-damage|p1a: Gastrodon|7\/100|[from] Leech Seed|[of] p2b: Wo-Chien\n|-heal|p2b: Wo-Chien|90\/100 psn|[silent]\n|-damage|p2b: Wo-Chien|78\/100 psn|[from] psn\n|-damage|p1b: Iron Bundle|60\/100|[from] move: Wrap|[partiallytrapped]\n|upkeep\n|turn|9\n|inactive|PokemonPesticide has 30 seconds left.\n|inactive|PokemonPesticide has 20 seconds left.\n|inactive|PokemonPesticide has 15 seconds left.\n|\n|t:|1681957479\n|switch|p1a: Murkrow|Murkrow, L50, M|9\/100\n|move|p1b: Iron Bundle|Hydro Pump|p2b: Wo-Chien\n|-supereffective|p2b: Wo-Chien\n|-damage|p2b: Wo-Chien|9\/100 psn\n|move|p2b: Wo-Chien|Snarl|p1a: Murkrow|[spread] p1a,p1b\n|-resisted|p1a: Murkrow\n|-crit|p1a: Murkrow\n|-damage|p1a: Murkrow|0 fnt\n|-damage|p1b: Iron Bundle|28\/100\n|-unboost|p1b: Iron Bundle|spa|1\n|faint|p1a: Murkrow\n|move|p2a: Seviper|Poison Fang|p1b: Iron Bundle\n|-damage|p1b: Iron Bundle|11\/100\n|-status|p1b: Iron Bundle|tox\n|\n|-heal|p2b: Wo-Chien|15\/100 psn|[from] item: Leftovers\n|-damage|p1b: Iron Bundle|0 fnt|[from] Leech Seed|[of] p2b: Wo-Chien\n|-heal|p2b: Wo-Chien|22\/100 psn|[silent]\n|faint|p1b: Iron Bundle\n|-end|p1b: Iron Bundle|Quark Drive|[silent]\n|-damage|p2b: Wo-Chien|10\/100 psn|[from] psn\n|upkeep\n|-message|Arisu91 forfeited.\n|\n|win|PokemonPesticide\n|raw|Arisu91's rating: 1030 → 1017<\/strong> (-13 for losing)\n|raw|PokemonPesticide's rating: 1077 → 1102<\/strong> (+25 for winning)\n|l|\u2606Arisu91\n","uploadtime":1681957508,"views":4,"p1id":"arisu91","p2id":"pokemonpesticide","formatid":"gen9vgc2023regulationc","rating":1017,"private":0,"password":""}