{"id":"gen9vgc2023regulationc-1845243964","p1":"gengargastly","p2":"fer666","format":"[Gen 9] VGC 2023 Regulation C","log":"|j|\u2606gengargastly\n|j|\u2606fer666\n|t:|1681701219\n|gametype|doubles\n|player|p1|gengargastly|sabrina-masters|1488\n|player|p2|fer666|ethan|1441\n|teamsize|p1|6\n|teamsize|p2|6\n|gen|9\n|tier|[Gen 9] VGC 2023 Regulation C\n|rated|\n|rule|Species Clause: Limit one of each Pok\u00e9mon\n|rule|Item Clause: Limit one of each item\n|clearpoke\n|poke|p1|Flutter Mane, L50|\n|poke|p1|Rotom-Wash, L50|\n|poke|p1|Garchomp, L50, M|\n|poke|p1|Scizor, L50, M|\n|poke|p1|Baxcalibur, L50, M|\n|poke|p1|Talonflame, L50, M|\n|poke|p2|Corviknight, L50, F|\n|poke|p2|Palafin, L50, F|\n|poke|p2|Flutter Mane, L50|\n|poke|p2|Ting-Lu, L50|\n|poke|p2|Amoonguss, L50, F|\n|poke|p2|Arcanine, L50, M|\n|teampreview|4\n|inactive|Battle timer is ON: inactive players will automatically lose when time's up. (requested by gengargastly)\n|inactive|fer666 also wants the timer to be on.\n|inactive|gengargastly has 60 seconds left.\n|inactive|fer666 has 60 seconds left.\n|inactive|fer666 has 30 seconds left.\n|inactive|fer666 has 20 seconds left.\n|inactive|fer666 has 15 seconds left.\n|inactive|fer666 has 10 seconds left.\n|inactive|fer666 has 5 seconds left.\n|\n|t:|1681701310\n|start\n|switch|p1a: Talonflame|Talonflame, L50, M|100\/100\n|switch|p1b: Flutter Mane|Flutter Mane, L50|100\/100\n|switch|p2a: Corviknight|Corviknight, L50, F|100\/100\n|switch|p2b: Palafin|Palafin, L50, F|100\/100\n|-enditem|p1b: Flutter Mane|Booster Energy\n|-activate|p1b: Flutter Mane|ability: Protosynthesis|[fromitem]\n|-start|p1b: Flutter Mane|protosynthesisspe\n|turn|1\n|inactive|fer666 has 30 seconds left.\n|inactive|gengargastly has 30 seconds left.\n|inactive|fer666 has 20 seconds left.\n|inactive|gengargastly has 20 seconds left.\n|inactive|fer666 has 15 seconds left.\n|inactive|fer666 has 10 seconds left.\n|inactive|fer666 has 5 seconds left.\n|\n|t:|1681701361\n|-end|p1b: Flutter Mane|Protosynthesis|[silent]\n|switch|p1b: Baxcalibur|Baxcalibur, L50, M|100\/100\n|move|p1a: Talonflame|Will-O-Wisp|p2b: Palafin\n|-status|p2b: Palafin|brn\n|move|p2b: Palafin|Wave Crash|p1a: Talonflame\n|-supereffective|p1a: Talonflame\n|-damage|p1a: Talonflame|24\/100\n|-damage|p2b: Palafin|77\/100 brn|[from] Recoil\n|move|p2a: Corviknight|Brave Bird|p1b: Baxcalibur\n|-damage|p1b: Baxcalibur|61\/100\n|-damage|p2a: Corviknight|88\/100|[from] Recoil\n|\n|-heal|p2a: Corviknight|94\/100|[from] item: Leftovers\n|-damage|p2b: Palafin|71\/100 brn|[from] brn\n|upkeep\n|turn|2\n|inactive|fer666 has 30 seconds left.\n|inactive|fer666 has 20 seconds left.\n|inactive|fer666 has 15 seconds left.\n|\n|t:|1681701405\n|switch|p2a: Arcanine|Arcanine, L50, M|100\/100\n|-ability|p2a: Arcanine|Intimidate|boost\n|-unboost|p1a: Talonflame|atk|1\n|-unboost|p1b: Baxcalibur|atk|1\n|move|p2b: Palafin|Jet Punch|p1a: Talonflame\n|-supereffective|p1a: Talonflame\n|-damage|p1a: Talonflame|0 fnt\n|faint|p1a: Talonflame\n|move|p1b: Baxcalibur|Icicle Spear|p2b: Palafin\n|-resisted|p2b: Palafin\n|-damage|p2b: Palafin|66\/100 brn\n|-resisted|p2b: Palafin\n|-damage|p2b: Palafin|60\/100 brn\n|-resisted|p2b: Palafin\n|-damage|p2b: Palafin|54\/100 brn\n|-resisted|p2b: Palafin\n|-damage|p2b: Palafin|48\/100 brn\n|-hitcount|p2b: Palafin|4\n|\n|-damage|p2b: Palafin|42\/100 brn|[from] brn\n|upkeep\n|\n|t:|1681701421\n|switch|p1a: Rotom|Rotom-Wash, L50|100\/100\n|turn|3\n|\n|t:|1681701436\n|move|p2a: Arcanine|Protect|p2a: Arcanine\n|-singleturn|p2a: Arcanine|Protect\n|move|p1b: Baxcalibur|Protect|p1b: Baxcalibur\n|-singleturn|p1b: Baxcalibur|Protect\n|move|p2b: Palafin|Wave Crash|p1b: Baxcalibur\n|-activate|p1b: Baxcalibur|move: Protect\n|move|p1a: Rotom|Discharge|p2b: Palafin|[spread] p2b\n|-activate|p1b: Baxcalibur|move: Protect\n|-activate|p2a: Arcanine|move: Protect\n|-supereffective|p2b: Palafin\n|-damage|p2b: Palafin|0 fnt\n|faint|p2b: Palafin\n|\n|upkeep\n|\n|t:|1681701452\n|switch|p2b: Flutter Mane|Flutter Mane, L50|100\/100\n|turn|4\n|inactive|fer666 has 30 seconds left.\n|\n|t:|1681701480\n|-terastallize|p2b: Flutter Mane|Fairy\n|-terastallize|p1b: Baxcalibur|Fairy\n|move|p2b: Flutter Mane|Dazzling Gleam|p1b: Baxcalibur|[spread] p1a,p1b\n|-damage|p1a: Rotom|30\/100\n|-damage|p1b: Baxcalibur|0 fnt\n|faint|p1b: Baxcalibur\n|move|p2a: Arcanine|Flare Blitz|p1a: Rotom\n|-resisted|p1a: Rotom\n|-damage|p1a: Rotom|6\/100\n|-damage|p2a: Arcanine|94\/100|[from] Recoil\n|move|p1a: Rotom|Hydro Pump|p2a: Arcanine\n|-supereffective|p2a: Arcanine\n|-damage|p2a: Arcanine|0 fnt\n|faint|p2a: Arcanine\n|\n|upkeep\n|\n|t:|1681701494\n|switch|p2a: Corviknight|Corviknight, L50, F|94\/100\n|switch|p1b: Flutter Mane|Flutter Mane, L50|100\/100\n|turn|5\n|inactive|gengargastly has 30 seconds left.\n|\n|t:|1681701520\n|move|p1b: Flutter Mane|Shadow Ball|p2b: Flutter Mane\n|-damage|p2b: Flutter Mane|58\/100\n|-unboost|p2b: Flutter Mane|spd|1\n|move|p2b: Flutter Mane|Dazzling Gleam|p1a: Rotom|[spread] p1a,p1b\n|-damage|p1a: Rotom|0 fnt\n|-damage|p1b: Flutter Mane|31\/100\n|faint|p1a: Rotom\n|move|p2a: Corviknight|Tailwind|p2a: Corviknight\n|-sidestart|p2: fer666|move: Tailwind\n|\n|-heal|p2a: Corviknight|99\/100|[from] item: Leftovers\n|upkeep\n|turn|6\n|\n|t:|1681701533\n|move|p2b: Flutter Mane|Dazzling Gleam|p1b: Flutter Mane\n|-crit|p1b: Flutter Mane\n|-damage|p1b: Flutter Mane|0 fnt\n|faint|p1b: Flutter Mane\n|-end|p1b: Flutter Mane|Protosynthesis|[silent]\n|\n|win|fer666\n|raw|gengargastly's rating: 1488 → 1465<\/strong> (-23 for losing)\n|raw|fer666's rating: 1441 → 1464<\/strong> (+23 for winning)\n|c|\u2606gengargastly|gg\n","uploadtime":1681701541,"views":10,"p1id":"gengargastly","p2id":"fer666","formatid":"gen9vgc2023regulationc","rating":1464,"private":0,"password":""}