{"id":"gen9vgc2023regulationc-1857093588","p1":"M-C-22-10","p2":"skuchi4","format":"[Gen 9] VGC 2023 Regulation C","log":"|j|\u2606M-C-22-10\n|j|\u2606skuchi4\n|t:|1683145114\n|gametype|doubles\n|player|p1|M-C-22-10|170|1246\n|player|p2|skuchi4|clair|1182\n|teamsize|p1|6\n|teamsize|p2|6\n|gen|9\n|tier|[Gen 9] VGC 2023 Regulation C\n|rated|\n|rule|Species Clause: Limit one of each Pok\u00e9mon\n|rule|Item Clause: Limit one of each item\n|clearpoke\n|poke|p1|Flutter Mane, L50|\n|poke|p1|Ceruledge, L50, F|\n|poke|p1|Gholdengo, L50|\n|poke|p1|Maushold-Four, L50|\n|poke|p1|Murkrow, L50, F|\n|poke|p1|Dragonite, L50, F|\n|poke|p2|Amoonguss, L50, F|\n|poke|p2|Arcanine, L50, F|\n|poke|p2|Palafin, L50, M|\n|poke|p2|Magnezone, L50|\n|poke|p2|Annihilape, L50, M|\n|poke|p2|Armarouge, L50, M|\n|teampreview|4\n|\n|t:|1683145155\n|start\n|switch|p1a: Maushold|Maushold-Four, L50|100\/100\n|switch|p1b: Ceruledge|Ceruledge, L50, F|100\/100\n|switch|p2a: Arcanine|Arcanine, L50, F|100\/100\n|switch|p2b: Armarouge|Armarouge, L50, M|100\/100\n|-ability|p2a: Arcanine|Intimidate|boost\n|-unboost|p1a: Maushold|atk|1\n|-fail|p1b: Ceruledge|unboost|[from] item: Clear Amulet|[of] p1b: Ceruledge\n|turn|1\n|\n|t:|1683145192\n|move|p1a: Maushold|Protect|p1a: Maushold\n|-singleturn|p1a: Maushold|Protect\n|move|p2a: Arcanine|Flare Blitz|p1a: Maushold\n|-activate|p1a: Maushold|move: Protect\n|move|p1b: Ceruledge|Bulk Up|p1b: Ceruledge\n|-boost|p1b: Ceruledge|atk|1\n|-boost|p1b: Ceruledge|def|1\n|-enditem|p2a: Arcanine|Mirror Herb\n|-boost|p2a: Arcanine|atk|1|[from] item: Mirror Herb\n|-boost|p2a: Arcanine|def|1|[from] item: Mirror Herb\n|move|p2b: Armarouge|Trick Room|p2b: Armarouge\n|-fieldstart|move: Trick Room|[of] p2b: Armarouge\n|\n|upkeep\n|turn|2\n|\n|t:|1683145228\n|switch|p2b: Amoonguss|Amoonguss, L50, F|100\/100\n|move|p2a: Arcanine|Extreme Speed|p1a: Maushold\n|-damage|p1a: Maushold|37\/100\n|move|p1a: Maushold|Follow Me|p1a: Maushold\n|-singleturn|p1a: Maushold|move: Follow Me\n|move|p1b: Ceruledge|Shadow Sneak|p2b: Amoonguss\n|-damage|p2b: Amoonguss|76\/100\n|\n|-heal|p2b: Amoonguss|82\/100|[from] item: Leftovers\n|upkeep\n|turn|3\n|\n|t:|1683145246\n|move|p2b: Amoonguss|Protect|p2b: Amoonguss\n|-singleturn|p2b: Amoonguss|Protect\n|move|p1a: Maushold|Protect|p1a: Maushold\n|-singleturn|p1a: Maushold|Protect\n|move|p2a: Arcanine|Extreme Speed|p1a: Maushold\n|-activate|p1a: Maushold|move: Protect\n|move|p1b: Ceruledge|Bitter Blade|p2b: Amoonguss\n|-activate|p2b: Amoonguss|move: Protect\n|\n|-heal|p2b: Amoonguss|88\/100|[from] item: Leftovers\n|upkeep\n|turn|4\n|\n|t:|1683145276\n|switch|p2b: Armarouge|Armarouge, L50, M|100\/100\n|switch|p1a: Dragonite|Dragonite, L50, F|100\/100\n|move|p2a: Arcanine|Extreme Speed|p1a: Dragonite\n|-damage|p1a: Dragonite|79\/100\n|move|p1b: Ceruledge|Bitter Blade|p2b: Armarouge\n|-start|p2b: Armarouge|ability: Flash Fire\n|\n|upkeep\n|turn|5\n|\n|t:|1683145305\n|-terastallize|p2b: Armarouge|Grass\n|move|p1b: Ceruledge|Protect|p1b: Ceruledge\n|-singleturn|p1b: Ceruledge|Protect\n|move|p2a: Arcanine|Protect|p2a: Arcanine\n|-singleturn|p2a: Arcanine|Protect\n|move|p2b: Armarouge|Psychic|p1a: Dragonite\n|-damage|p1a: Dragonite|23\/100\n|move|p1a: Dragonite|Earthquake|p2a: Arcanine|[spread] p2b\n|-activate|p1b: Ceruledge|move: Protect\n|-activate|p2a: Arcanine|move: Protect\n|-resisted|p2b: Armarouge\n|-damage|p2b: Armarouge|87\/100\n|\n|-fieldend|move: Trick Room\n|upkeep\n|turn|6\n|\n|t:|1683145341\n|move|p2a: Arcanine|Extreme Speed|p1a: Dragonite\n|-damage|p1a: Dragonite|0 fnt\n|faint|p1a: Dragonite\n|move|p1b: Ceruledge|Bitter Blade|p2a: Arcanine\n|-resisted|p2a: Arcanine\n|-damage|p2a: Arcanine|76\/100\n|move|p2b: Armarouge|Psychic|p1b: Ceruledge\n|-damage|p1b: Ceruledge|59\/100\n|\n|upkeep\n|\n|t:|1683145355\n|switch|p1a: Maushold|Maushold-Four, L50|37\/100\n|turn|7\n|\n|t:|1683145380\n|move|p2a: Arcanine|Protect|p2a: Arcanine\n|-singleturn|p2a: Arcanine|Protect\n|move|p1a: Maushold|Population Bomb|p2b: Armarouge\n|-damage|p2b: Armarouge|78\/100\n|-hitcount|p2b: Armarouge|1\n|move|p1b: Ceruledge|Bitter Blade|p2a: Arcanine\n|-activate|p2a: Arcanine|move: Protect\n|move|p2b: Armarouge|Armor Cannon|p1a: Maushold\n|-crit|p1a: Maushold\n|-damage|p1a: Maushold|0 fnt\n|-unboost|p2b: Armarouge|def|1\n|-unboost|p2b: Armarouge|spd|1\n|faint|p1a: Maushold\n|\n|upkeep\n|\n|t:|1683145394\n|switch|p1a: Flutter Mane|Flutter Mane, L50|100\/100\n|turn|8\n|\n|t:|1683145416\n|-end|p2b: Armarouge|ability: Flash Fire|[silent]\n|switch|p2b: Amoonguss|Amoonguss, L50, F|100\/100\n|move|p1b: Ceruledge|Shadow Sneak|p2b: Amoonguss\n|-damage|p2b: Amoonguss|78\/100\n|move|p1a: Flutter Mane|Shadow Ball|p2a: Arcanine\n|-damage|p2a: Arcanine|10\/100\n|move|p2a: Arcanine|Flare Blitz|p1a: Flutter Mane\n|-damage|p1a: Flutter Mane|0 fnt\n|faint|p1a: Flutter Mane\n|-end|p1a: Flutter Mane|Protosynthesis|[silent]\n|-damage|p2a: Arcanine|0 fnt|[from] Recoil\n|faint|p2a: Arcanine\n|\n|-heal|p2b: Amoonguss|84\/100|[from] item: Leftovers\n|upkeep\n|\n|t:|1683145429\n|switch|p2a: Annihilape|Annihilape, L50, M|100\/100\n|turn|9\n|\n|t:|1683145440\n|move|p2b: Amoonguss|Rage Powder|p2b: Amoonguss\n|-singleturn|p2b: Amoonguss|move: Rage Powder\n|move|p2a: Annihilape|Rage Fist|p1b: Ceruledge\n|-supereffective|p1b: Ceruledge\n|-damage|p1b: Ceruledge|23\/100\n|move|p1b: Ceruledge|Bitter Blade|p2b: Amoonguss\n|-supereffective|p2b: Amoonguss\n|-damage|p2b: Amoonguss|0 fnt\n|-heal|p1b: Ceruledge|74\/100|[from] drain|[of] p2b: Amoonguss\n|faint|p2b: Amoonguss\n|\n|upkeep\n|\n|t:|1683145449\n|switch|p2b: Armarouge|Armarouge, L50, M, tera:Grass|78\/100\n|turn|10\n|\n|t:|1683145463\n|move|p1b: Ceruledge|Shadow Sneak|p2a: Annihilape\n|-supereffective|p2a: Annihilape\n|-damage|p2a: Annihilape|44\/100\n|move|p2a: Annihilape|Rage Fist|p1b: Ceruledge\n|-supereffective|p1b: Ceruledge\n|-damage|p1b: Ceruledge|0 fnt\n|faint|p1b: Ceruledge\n|\n|win|skuchi4\n|raw|M-C-22-10's rating: 1246 → 1216<\/strong> (-30 for losing)\n|raw|skuchi4's rating: 1182 → 1212<\/strong> (+30 for winning)\n","uploadtime":1683145472,"views":8,"p1id":"mc2210","p2id":"skuchi4","formatid":"gen9vgc2023regulationc","rating":1212,"private":0,"password":""}