{"id":"gen9vgc2023regulationc-1859800102","p1":"Topperlecat","p2":"GreenPig10cute","format":"[Gen 9] VGC 2023 Regulation C","log":"|j|\u2606Topperlecat\n|j|\u2606GreenPig10cute\n|t:|1683565584\n|gametype|doubles\n|player|p1|Topperlecat|n|\n|player|p2|GreenPig10cute|266|\n|teamsize|p1|6\n|teamsize|p2|6\n|gen|9\n|tier|[Gen 9] VGC 2023 Regulation C\n|rule|Species Clause: Limit one of each Pok\u00e9mon\n|rule|Item Clause: Limit one of each item\n|clearpoke\n|poke|p1|Ceruledge, L50, F|\n|poke|p1|Tyranitar, L50, F|\n|poke|p1|Maushold, L50|\n|poke|p1|Flutter Mane, L50|\n|poke|p1|Amoonguss, L50, F|\n|poke|p1|Gastrodon-East, L50, F|\n|poke|p2|Garganacl, L50, F|\n|poke|p2|Ting-Lu, L50|\n|poke|p2|Arcanine, L50, F|\n|poke|p2|Glimmora, L50, F|\n|poke|p2|Clodsire, L50, F|\n|poke|p2|Wo-Chien, L50|\n|teampreview|4\n|inactive|Battle timer is ON: inactive players will automatically lose when time's up. (requested by GreenPig10cute)\nGreenPig10cute has agreed to open team sheets.\n|c|\u2606Topperlecat|Glhf\nTopperlecat has agreed to open team sheets.\n|c|\u2606GreenPig10cute|glhf\n|inactive|Topperlecat has 60 seconds left.\n|inactive|GreenPig10cute has 60 seconds left.\n|\n|t:|1683565631\n|start\n|switch|p1a: bob|Tyranitar, L50, F|100\/100\n|switch|p1b: brbrbrbrbr|Gastrodon-East, L50, F|100\/100\n|switch|p2a: Clodsire|Clodsire, L50, F, shiny|100\/100\n|switch|p2b: Wo-Chien|Wo-Chien, L50|100\/100\n|-ability|p2b: Wo-Chien|Tablets of Ruin\n|-weather|Sandstorm|[from] ability: Sand Stream|[of] p1a: bob\n|turn|1\n|inactive|GreenPig10cute has 30 seconds left.\n|\n|t:|1683565658\n|move|p2b: Wo-Chien|Ruination|p1b: brbrbrbrbr\n|-damage|p1b: brbrbrbrbr|51\/100\n|move|p1b: brbrbrbrbr|Yawn|p2a: Clodsire\n|-start|p2a: Clodsire|move: Yawn|[of] p1b: brbrbrbrbr\n|move|p1a: bob|Low Kick|p2b: Wo-Chien\n|-supereffective|p2b: Wo-Chien\n|-damage|p2b: Wo-Chien|59\/100\n|move|p2a: Clodsire|Body Press|p1a: bob\n|-supereffective|p1a: bob\n|-damage|p1a: bob|61\/100\n|\n|-weather|Sandstorm|[upkeep]\n|-damage|p2b: Wo-Chien|53\/100|[from] Sandstorm\n|-heal|p1b: brbrbrbrbr|57\/100|[from] item: Leftovers\n|upkeep\n|turn|2\n|inactive|Topperlecat has 30 seconds left.\n|\n|t:|1683565692\n|move|p2b: Wo-Chien|Ruination|p1a: bob\n|-damage|p1a: bob|31\/100\n|move|p1b: brbrbrbrbr|Ice Beam|p2a: Clodsire\n|-supereffective|p2a: Clodsire\n|-damage|p2a: Clodsire|70\/100\n|move|p1a: bob|Low Kick|p2b: Wo-Chien\n|-supereffective|p2b: Wo-Chien\n|-damage|p2b: Wo-Chien|10\/100\n|-enditem|p2b: Wo-Chien|Sitrus Berry|[eat]\n|-heal|p2b: Wo-Chien|35\/100|[from] item: Sitrus Berry\n|move|p2a: Clodsire|Body Press|p1a: bob\n|-supereffective|p1a: bob\n|-damage|p1a: bob|0 fnt\n|faint|p1a: bob\n|\n|-weather|Sandstorm|[upkeep]\n|-damage|p2b: Wo-Chien|29\/100|[from] Sandstorm\n|-heal|p1b: brbrbrbrbr|63\/100|[from] item: Leftovers\n|-end|p2a: Clodsire|move: Yawn|[silent]\n|-status|p2a: Clodsire|slp\n|upkeep\n|\n|t:|1683565703\n|switch|p1a: wombo combo|Ceruledge, L50, F|100\/100\n|turn|3\n|inactive|GreenPig10cute has 30 seconds left.\n|\n|t:|1683565733\n|switch|p2b: Ting-Lu|Ting-Lu, L50|100\/100\n|-ability|p2b: Ting-Lu|Vessel of Ruin\n|cant|p2a: Clodsire|slp\n|move|p1a: wombo combo|Bitter Blade|p2b: Ting-Lu\n|-damage|p2b: Ting-Lu|73\/100\n|move|p1b: brbrbrbrbr|Ice Beam|p2a: Clodsire\n|-supereffective|p2a: Clodsire\n|-damage|p2a: Clodsire|47\/100 slp\n|\n|-weather|Sandstorm|[upkeep]\n|-damage|p1a: wombo combo|94\/100|[from] Sandstorm\n|-heal|p1b: brbrbrbrbr|69\/100|[from] item: Leftovers\n|upkeep\n|turn|4\n|inactive|GreenPig10cute has 30 seconds left.\n|\n|t:|1683565765\n|-terastallize|p1a: wombo combo|Grass\n|move|p1a: wombo combo|Tera Blast|p2b: Ting-Lu\n|-supereffective|p2b: Ting-Lu\n|-damage|p2b: Ting-Lu|26\/100\n|move|p2b: Ting-Lu|Ruination|p1a: wombo combo\n|-damage|p1a: wombo combo|48\/100\n|move|p1b: brbrbrbrbr|Ice Beam|p2a: Clodsire\n|-supereffective|p2a: Clodsire\n|-damage|p2a: Clodsire|23\/100 slp\n|-curestatus|p2a: Clodsire|slp|[msg]\n|move|p2a: Clodsire|Toxic|p1b: brbrbrbrbr\n|-status|p1b: brbrbrbrbr|tox\n|\n|-weather|Sandstorm|[upkeep]\n|-damage|p1a: wombo combo|42\/100|[from] Sandstorm\n|-heal|p1b: brbrbrbrbr|75\/100 tox|[from] item: Leftovers\n|-damage|p1b: brbrbrbrbr|69\/100 tox|[from] psn\n|upkeep\n|turn|5\n|inactive|GreenPig10cute has 30 seconds left.\n|inactive|GreenPig10cute has 20 seconds left.\n|inactive|GreenPig10cute has 15 seconds left.\n|\n|t:|1683565807\n|move|p2a: Clodsire|Protect|p2a: Clodsire\n|-singleturn|p2a: Clodsire|Protect\n|move|p1a: wombo combo|Tera Blast|p2b: Ting-Lu\n|-supereffective|p2b: Ting-Lu\n|-damage|p2b: Ting-Lu|0 fnt\n|faint|p2b: Ting-Lu\n|move|p1b: brbrbrbrbr|Ice Beam|p2a: Clodsire\n|-activate|p2a: Clodsire|move: Protect\n|\n|-weather|none\n|-heal|p1b: brbrbrbrbr|75\/100 tox|[from] item: Leftovers\n|-damage|p1b: brbrbrbrbr|63\/100 tox|[from] psn\n|upkeep\n|inactive|GreenPig10cute has 30 seconds left.\n|inactive|GreenPig10cute has 20 seconds left.\n|\n|t:|1683565843\n|switch|p2b: Garganacl|Garganacl, L50, F, shiny|100\/100\n|turn|6\n|\n|t:|1683565865\n|-terastallize|p2b: Garganacl|Fire\n|move|p1a: wombo combo|Bitter Blade|p2a: Clodsire\n|-damage|p2a: Clodsire|0 fnt\n|-heal|p1a: wombo combo|57\/100|[from] drain|[of] p2a: Clodsire\n|-damage|p1a: wombo combo|40\/100|[from] item: Rocky Helmet|[of] p2a: Clodsire\n|faint|p2a: Clodsire\n|move|p1b: brbrbrbrbr|Yawn|p2b: Garganacl\n|-immune|p2b: Garganacl|[from] ability: Purifying Salt\n|move|p2b: Garganacl|Salt Cure|p1b: brbrbrbrbr\n|-resisted|p1b: brbrbrbrbr\n|-damage|p1b: brbrbrbrbr|55\/100 tox\n|-start|p1b: brbrbrbrbr|Salt Cure\n|\n|-heal|p1b: brbrbrbrbr|61\/100 tox|[from] item: Leftovers\n|-damage|p1b: brbrbrbrbr|42\/100 tox|[from] psn\n|-damage|p1b: brbrbrbrbr|18\/100 tox|[from] Salt Cure\n|upkeep\n|inactive|GreenPig10cute has 30 seconds left.\n|\n|t:|1683565891\n|switch|p2a: Wo-Chien|Wo-Chien, L50|29\/100\n|-ability|p2a: Wo-Chien|Tablets of Ruin\n|turn|7\n|\n|t:|1683565897\n|move|p2a: Wo-Chien|Protect|p2a: Wo-Chien\n|-singleturn|p2a: Wo-Chien|Protect\n|move|p1a: wombo combo|Bitter Blade|p2a: Wo-Chien\n|-activate|p2a: Wo-Chien|move: Protect\n|move|p1b: brbrbrbrbr|Earth Power|p2b: Garganacl\n|-supereffective|p2b: Garganacl\n|-damage|p2b: Garganacl|54\/100\n|move|p2b: Garganacl|Substitute|p2b: Garganacl\n|-start|p2b: Garganacl|Substitute\n|-damage|p2b: Garganacl|29\/100\n|\n|-heal|p1b: brbrbrbrbr|24\/100 tox|[from] item: Leftovers\n|-heal|p2b: Garganacl|35\/100|[from] item: Leftovers\n|-damage|p1b: brbrbrbrbr|0 fnt|[from] psn\n|faint|p1b: brbrbrbrbr\n|upkeep\n|\n|t:|1683565901\n|switch|p1b: sus amirite|Amoonguss, L50, F|100\/100\n|turn|8\n|inactive|GreenPig10cute has 30 seconds left.\n|inactive|GreenPig10cute has 20 seconds left.\n|\n|t:|1683565939\n|move|p1a: wombo combo|Bitter Blade|p2a: Wo-Chien\n|-supereffective|p2a: Wo-Chien\n|-damage|p2a: Wo-Chien|0 fnt\n|-heal|p1a: wombo combo|55\/100|[from] drain|[of] p2a: Wo-Chien\n|faint|p2a: Wo-Chien\n|move|p2b: Garganacl|Recover|p2b: Garganacl\n|-heal|p2b: Garganacl|86\/100\n|move|p1b: sus amirite|Pollen Puff|p1a: wombo combo\n|-heal|p1a: wombo combo|100\/100\n|\n|-heal|p2b: Garganacl|91\/100|[from] item: Leftovers\n|upkeep\n|turn|9\n|inactive|GreenPig10cute has 30 seconds left.\n|\n|t:|1683565968\n|move|p1b: sus amirite|Protect|p1b: sus amirite\n|-singleturn|p1b: sus amirite|Protect\n|move|p1a: wombo combo|Shadow Sneak|p2b: Garganacl\n|-activate|p2b: Garganacl|move: Substitute|[damage]\n|move|p2b: Garganacl|Salt Cure|p1b: sus amirite\n|-activate|p1b: sus amirite|move: Protect\n|\n|-heal|p2b: Garganacl|97\/100|[from] item: Leftovers\n|upkeep\n|turn|10\n|\n|t:|1683565983\n|move|p1a: wombo combo|Shadow Sneak|p2b: Garganacl\n|-activate|p2b: Garganacl|move: Substitute|[damage]\n|move|p2b: Garganacl|Salt Cure|p1b: sus amirite\n|-damage|p1b: sus amirite|89\/100\n|-start|p1b: sus amirite|Salt Cure\n|move|p1b: sus amirite|Pollen Puff|p2b: Garganacl\n|-resisted|p2b: Garganacl\n|-activate|p2b: Garganacl|move: Substitute|[damage]\n|\n|-heal|p2b: Garganacl|100\/100|[from] item: Leftovers\n|-damage|p1b: sus amirite|77\/100|[from] Salt Cure\n|upkeep\n|turn|11\n|inactive|GreenPig10cute has 30 seconds left.\n|\n|t:|1683566008\n|move|p1b: sus amirite|Protect|p1b: sus amirite\n|-singleturn|p1b: sus amirite|Protect\n|move|p1a: wombo combo|Shadow Sneak|p2b: Garganacl\n|-end|p2b: Garganacl|Substitute\n|move|p2b: Garganacl|Salt Cure|p1a: wombo combo\n|-damage|p1a: wombo combo|85\/100\n|-start|p1a: wombo combo|Salt Cure\n|\n|-damage|p1a: wombo combo|73\/100|[from] Salt Cure\n|-damage|p1b: sus amirite|65\/100|[from] Salt Cure\n|upkeep\n|turn|12\n|\n|t:|1683566029\n|move|p1a: wombo combo|Bitter Blade|p2b: Garganacl\n|-resisted|p2b: Garganacl\n|-damage|p2b: Garganacl|86\/100\n|-heal|p1a: wombo combo|82\/100|[from] drain|[of] p2b: Garganacl\n|move|p2b: Garganacl|Substitute|p2b: Garganacl\n|-start|p2b: Garganacl|Substitute\n|-damage|p2b: Garganacl|61\/100\n|move|p1b: sus amirite|Pollen Puff|p2b: Garganacl\n|-resisted|p2b: Garganacl\n|-activate|p2b: Garganacl|move: Substitute|[damage]\n|\n|-heal|p2b: Garganacl|67\/100|[from] item: Leftovers\n|-damage|p1a: wombo combo|70\/100|[from] Salt Cure\n|-damage|p1b: sus amirite|53\/100|[from] Salt Cure\n|upkeep\n|turn|13\n|\n|t:|1683566053\n|move|p1a: wombo combo|Shadow Sneak|p2b: Garganacl\n|-activate|p2b: Garganacl|move: Substitute|[damage]\n|move|p2b: Garganacl|Recover|p2b: Garganacl\n|-heal|p2b: Garganacl|100\/100\n|move|p1b: sus amirite|Pollen Puff|p1a: wombo combo\n|-heal|p1a: wombo combo|100\/100\n|\n|-damage|p1a: wombo combo|88\/100|[from] Salt Cure\n|-damage|p1b: sus amirite|40\/100|[from] Salt Cure\n|upkeep\n|-enditem|p1b: sus amirite|Sitrus Berry|[eat]\n|-heal|p1b: sus amirite|65\/100|[from] item: Sitrus Berry\n|turn|14\n|inactive|Topperlecat has 30 seconds left.\n|\n|t:|1683566082\n|move|p2b: Garganacl|Protect|p2b: Garganacl\n|-singleturn|p2b: Garganacl|Protect\n|move|p1a: wombo combo|Bitter Blade|p2b: Garganacl\n|-activate|p2b: Garganacl|move: Protect\n|move|p1b: sus amirite|Pollen Puff|p2b: Garganacl\n|-activate|p2b: Garganacl|move: Protect\n|\n|-damage|p1a: wombo combo|76\/100|[from] Salt Cure\n|-damage|p1b: sus amirite|53\/100|[from] Salt Cure\n|upkeep\n|turn|15\n|\n|t:|1683566098\n|move|p1a: wombo combo|Bitter Blade|p2b: Garganacl\n|-resisted|p2b: Garganacl\n|-end|p2b: Garganacl|Substitute\n|-heal|p1a: wombo combo|83\/100|[from] drain|[of] p2b: Garganacl\n|move|p2b: Garganacl|Salt Cure|p1a: wombo combo\n|-damage|p1a: wombo combo|69\/100\n|move|p1b: sus amirite|Pollen Puff|p2b: Garganacl\n|-resisted|p2b: Garganacl\n|-damage|p2b: Garganacl|95\/100\n|\n|-heal|p2b: Garganacl|100\/100|[from] item: Leftovers\n|-damage|p1a: wombo combo|57\/100|[from] Salt Cure\n|-damage|p1b: sus amirite|41\/100|[from] Salt Cure\n|upkeep\n|turn|16\n|\n|t:|1683566114\n|move|p1a: wombo combo|Bitter Blade|p2b: Garganacl\n|-resisted|p2b: Garganacl\n|-damage|p2b: Garganacl|85\/100\n|-heal|p1a: wombo combo|66\/100|[from] drain|[of] p2b: Garganacl\n|move|p2b: Garganacl|Substitute|p2b: Garganacl\n|-start|p2b: Garganacl|Substitute\n|-damage|p2b: Garganacl|60\/100\n|move|p1b: sus amirite|Pollen Puff|p1a: wombo combo\n|-heal|p1a: wombo combo|100\/100\n|\n|-heal|p2b: Garganacl|66\/100|[from] item: Leftovers\n|-damage|p1a: wombo combo|88\/100|[from] Salt Cure\n|-damage|p1b: sus amirite|29\/100|[from] Salt Cure\n|upkeep\n|turn|17\n|c|\u2606GreenPig10cute|no spore?\n|inactive|Topperlecat has 30 seconds left.\n|inactive|Topperlecat has 20 seconds left.\n|inactive|Topperlecat has 15 seconds left.\n|inactive|Topperlecat has 10 seconds left.\n|c|\u2606Topperlecat|Purifying salt\n|inactive|Topperlecat has 5 seconds left.\n|-message|Topperlecat forfeited.\n|\n|win|GreenPig10cute\n|c|\u2606GreenPig10cute|ok\n|c|\u2606GreenPig10cute|lol gg\n|c|\u2606Topperlecat|gg\n|l|\u2606GreenPig10cute\n|l|\u2606Topperlecat\n|j|\u2606GreenPig10cute\n|player|p2|GreenPig10cute|266\n","uploadtime":1683566405,"views":8,"p1id":"topperlecat","p2id":"greenpig10cute","formatid":"gen9vgc2023regulationc","rating":0,"private":0,"password":""}