{"id":"gen9vgc2023regulationc-1863823519","p1":"Miriambutnot","p2":"Profkoji","format":"[Gen 9] VGC 2023 Regulation C","log":"|j|\u2606Miriambutnot\n|j|\u2606Profkoji\n|t:|1684082093\n|gametype|doubles\n|player|p1|Miriambutnot|miriam|1289\n|player|p2|Profkoji|170|1350\n|teamsize|p1|6\n|teamsize|p2|6\n|gen|9\n|tier|[Gen 9] VGC 2023 Regulation C\n|rated|\n|rule|Species Clause: Limit one of each Pok\u00e9mon\n|rule|Item Clause: Limit one of each item\n|clearpoke\n|poke|p1|Ting-Lu, L50|\n|poke|p1|Rabsca, L50, F|\n|poke|p1|Indeedee-F, L50, F|\n|poke|p1|Armarouge, L50, M|\n|poke|p1|Annihilape, L50, M|\n|poke|p1|Iron Valiant, L50|\n|poke|p2|Hatterene, L50, F|\n|poke|p2|Indeedee-F, L50, F|\n|poke|p2|Torkoal, L50, F|\n|poke|p2|Ting-Lu, L50|\n|poke|p2|Iron Hands, L50|\n|poke|p2|Lilligant, L50, F|\n|teampreview|4\n|\n|t:|1684082130\n|start\n|switch|p1a: TheNOTshiny|Indeedee-F, L50, F|100\/100\n|switch|p1b: BasicallyRajang|Annihilape, L50, M, shiny|100\/100\n|switch|p2a: Ting-Lu|Ting-Lu, L50|100\/100\n|switch|p2b: Hatterene|Hatterene, L50, F|100\/100\n|-fieldstart|move: Psychic Terrain|[from] ability: Psychic Surge|[of] p1a: TheNOTshiny\n|-enditem|p1a: TheNOTshiny|Psychic Seed\n|-boost|p1a: TheNOTshiny|spd|1|[from] item: Psychic Seed\n|-ability|p2a: Ting-Lu|Vessel of Ruin\n|turn|1\n|\n|t:|1684082155\n|move|p1b: BasicallyRajang|Final Gambit|p2b: Hatterene\n|-damage|p2b: Hatterene|0 fnt\n|faint|p1b: BasicallyRajang\n|faint|p2b: Hatterene\n|move|p2a: Ting-Lu|Ruination|p1a: TheNOTshiny\n|-damage|p1a: TheNOTshiny|51\/100\n|move|p1a: TheNOTshiny|Trick Room|p1a: TheNOTshiny\n|-fieldstart|move: Trick Room|[of] p1a: TheNOTshiny\n|\n|upkeep\n|\n|t:|1684082167\n|switch|p2b: Torkoal|Torkoal, L50, F|100\/100\n|switch|p1b: Zero|Armarouge, L50, M, shiny|100\/100\n|-weather|SunnyDay|[from] ability: Drought|[of] p2b: Torkoal\n|turn|2\n|\n|t:|1684082182\n|move|p2b: Torkoal|Flamethrower|p1a: TheNOTshiny\n|-damage|p1a: TheNOTshiny|16\/100\n|-damage|p2b: Torkoal|91\/100|[from] item: Life Orb\n|move|p2a: Ting-Lu|Stomping Tantrum|p1b: Zero\n|-supereffective|p1b: Zero\n|-damage|p1b: Zero|28\/100\n|move|p1b: Zero|Armor Cannon|p2a: Ting-Lu\n|-damage|p2a: Ting-Lu|46\/100\n|-unboost|p1b: Zero|def|1\n|-unboost|p1b: Zero|spd|1\n|-damage|p1b: Zero|18\/100|[from] item: Life Orb\n|move|p1a: TheNOTshiny|Hyper Voice|p2b: Torkoal|[spread] p2a,p2b\n|-damage|p2a: Ting-Lu|36\/100\n|-damage|p2b: Torkoal|67\/100\n|\n|-weather|SunnyDay|[upkeep]\n|upkeep\n|turn|3\n|\n|t:|1684082205\n|move|p1b: Zero|Protect|p1b: Zero\n|-singleturn|p1b: Zero|Protect\n|move|p2b: Torkoal|Flamethrower|p1a: TheNOTshiny\n|-damage|p1a: TheNOTshiny|0 fnt\n|faint|p1a: TheNOTshiny\n|-damage|p2b: Torkoal|58\/100|[from] item: Life Orb\n|move|p2a: Ting-Lu|Rock Slide|p1b: Zero\n|-activate|p1b: Zero|move: Protect\n|\n|-weather|SunnyDay|[upkeep]\n|upkeep\n|\n|t:|1684082211\n|switch|p1a: ChocoMountain|Ting-Lu, L50|100\/100\n|-ability|p1a: ChocoMountain|Vessel of Ruin\n|turn|4\n|\n|t:|1684082237\n|-terastallize|p1a: ChocoMountain|Ground\n|move|p2b: Torkoal|Protect|p2b: Torkoal\n|-singleturn|p2b: Torkoal|Protect\n|move|p1b: Zero|Protect||[still]\n|-fail|p1b: Zero\n|move|p2a: Ting-Lu|Stomping Tantrum|p1b: Zero\n|-supereffective|p1b: Zero\n|-damage|p1b: Zero|0 fnt\n|faint|p1b: Zero\n|move|p1a: ChocoMountain|Earthquake|p2b: Torkoal|[spread] p2a\n|-activate|p2b: Torkoal|move: Protect\n|-damage|p2a: Ting-Lu|5\/100\n|\n|-weather|SunnyDay|[upkeep]\n|upkeep\n|turn|5\n|\n|t:|1684082258\n|switch|p2b: Lilligant|Lilligant, L50, F|100\/100\n|move|p1a: ChocoMountain|Earthquake|p2a: Ting-Lu|[spread] p2a,p2b\n|-resisted|p2b: Lilligant\n|-damage|p2a: Ting-Lu|0 fnt\n|-damage|p2b: Lilligant|63\/100\n|faint|p2a: Ting-Lu\n|\n|-weather|SunnyDay|[upkeep]\n|-fieldend|move: Trick Room\n|-fieldend|move: Psychic Terrain\n|upkeep\n|\n|t:|1684082269\n|switch|p2a: Torkoal|Torkoal, L50, F|58\/100\n|turn|6\n|\n|t:|1684082281\n|move|p2a: Torkoal|Protect|p2a: Torkoal\n|-singleturn|p2a: Torkoal|Protect\n|move|p2b: Lilligant|Sleep Powder|p1a: ChocoMountain|[miss]\n|-miss|p2b: Lilligant|p1a: ChocoMountain\n|move|p1a: ChocoMountain|Earthquake|p2a: Torkoal|[spread] p2b\n|-activate|p2a: Torkoal|move: Protect\n|-resisted|p2b: Lilligant\n|-damage|p2b: Lilligant|20\/100\n|\n|-weather|none\n|upkeep\n|turn|7\n|\n|t:|1684082302\n|-terastallize|p2a: Torkoal|Fire\n|move|p2b: Lilligant|Sleep Powder|p1a: ChocoMountain\n|-status|p1a: ChocoMountain|slp|[from] move: Sleep Powder\n|cant|p1a: ChocoMountain|slp\n|move|p2a: Torkoal|Eruption|p1a: ChocoMountain\n|-damage|p1a: ChocoMountain|77\/100 slp\n|-damage|p2a: Torkoal|48\/100|[from] item: Life Orb\n|\n|upkeep\n|turn|8\n|\n|t:|1684082317\n|move|p2b: Lilligant|Leaf Storm|p1a: ChocoMountain\n|-supereffective|p1a: ChocoMountain\n|-damage|p1a: ChocoMountain|30\/100 slp\n|-unboost|p2b: Lilligant|spa|2\n|-curestatus|p1a: ChocoMountain|slp|[msg]\n|move|p1a: ChocoMountain|Earthquake|p2b: Lilligant|[spread] p2a,p2b\n|-supereffective|p2a: Torkoal\n|-resisted|p2b: Lilligant\n|-damage|p2a: Torkoal|0 fnt\n|-damage|p2b: Lilligant|0 fnt\n|faint|p2a: Torkoal\n|faint|p2b: Lilligant\n|\n|win|Miriambutnot\n|raw|Miriambutnot's rating: 1289 → 1318<\/strong> (+29 for winning)\n|raw|Profkoji's rating: 1350 → 1327<\/strong> (-23 for losing)\n|c|\u2606Profkoji|LOL\n|c|\u2606Profkoji|the one turn god\n","uploadtime":1684082335,"views":10,"p1id":"miriambutnot","p2id":"profkoji","formatid":"gen9vgc2023regulationc","rating":1318,"private":0,"password":""}