{"id":"gen9vgc2023regulationc-1847519069","p1":"everlol","p2":"hysaaron","format":"[Gen 9] VGC 2023 Regulation C","log":"|j|\u2606everlol\n|j|\u2606hysaaron\n|t:|1681966219\n|gametype|doubles\n|player|p1|everlol|169|1368\n|player|p2|hysaaron|1|1314\n|teamsize|p1|6\n|teamsize|p2|6\n|gen|9\n|tier|[Gen 9] VGC 2023 Regulation C\n|rated|\n|rule|Species Clause: Limit one of each Pok\u00e9mon\n|rule|Item Clause: Limit one of each item\n|clearpoke\n|poke|p1|Chi-Yu, L50|\n|poke|p1|Flutter Mane, L50|\n|poke|p1|Indeedee-F, L50, F|\n|poke|p1|Talonflame, L50, F|\n|poke|p1|Dragonite, L50, F|\n|poke|p1|Chien-Pao, L50|\n|poke|p2|Ting-Lu, L50|\n|poke|p2|Amoonguss, L50, M|\n|poke|p2|Annihilape, L50, M|\n|poke|p2|Maushold, L50|\n|poke|p2|Chi-Yu, L50|\n|poke|p2|Flutter Mane, L50|\n|teampreview|4\n|inactive|Battle timer is ON: inactive players will automatically lose when time's up. (requested by everlol)\n|inactive|everlol has 60 seconds left.\n|inactive|hysaaron has 60 seconds left.\n|\n|t:|1681966264\n|start\n|switch|p1a: Indeedee|Indeedee-F, L50, F|100\/100\n|switch|p1b: Flutter Mane|Flutter Mane, L50|100\/100\n|switch|p2a: Maushold|Maushold, L50|100\/100\n|switch|p2b: Annihilape|Annihilape, L50, M|100\/100\n|-fieldstart|move: Psychic Terrain|[from] ability: Psychic Surge|[of] p1a: Indeedee\n|-enditem|p1a: Indeedee|Psychic Seed\n|-boost|p1a: Indeedee|spd|1|[from] item: Psychic Seed\n|turn|1\n|inactive|everlol has 30 seconds left.\n|inactive|hysaaron has 30 seconds left.\n|l|\u2606everlol\n|inactive|everlol disconnected and has a minute to reconnect!\n|player|p1|\n|j|\u2606everlol\n|inactive|everlol reconnected and has 30 seconds left.\n|player|p1|everlol|169\n|inactive|everlol has 20 seconds left.\n|inactive|hysaaron has 20 seconds left.\n|inactive|everlol has 15 seconds left.\n|inactive|hysaaron has 15 seconds left.\n|\n|t:|1681966306\n|-terastallize|p1b: Flutter Mane|Fairy\n|-terastallize|p2b: Annihilape|Fire\n|move|p2a: Maushold|Protect|p2a: Maushold\n|-singleturn|p2a: Maushold|Protect\n|move|p1a: Indeedee|Follow Me|p1a: Indeedee\n|-singleturn|p1a: Indeedee|move: Follow Me\n|move|p1b: Flutter Mane|Dazzling Gleam|p2a: Maushold|[spread] p2b\n|-activate|p2a: Maushold|move: Protect\n|-resisted|p2b: Annihilape\n|-damage|p2b: Annihilape|77\/100\n|move|p2b: Annihilape|Bulk Up|p2b: Annihilape\n|-boost|p2b: Annihilape|atk|1\n|-boost|p2b: Annihilape|def|1\n|\n|upkeep\n|turn|2\n|inactive|hysaaron has 30 seconds left.\n|inactive|hysaaron has 20 seconds left.\n|\n|t:|1681966342\n|move|p1a: Indeedee|Follow Me|p1a: Indeedee\n|-singleturn|p1a: Indeedee|move: Follow Me\n|move|p1b: Flutter Mane|Dazzling Gleam|p2a: Maushold|[spread] p2a,p2b\n|-resisted|p2b: Annihilape\n|-damage|p2a: Maushold|15\/100\n|-damage|p2b: Annihilape|56\/100\n|move|p2a: Maushold|Beat Up|p1a: Indeedee\n|-supereffective|p1a: Indeedee\n|-damage|p1a: Indeedee|96\/100\n|-supereffective|p1a: Indeedee\n|-damage|p1a: Indeedee|90\/100\n|-supereffective|p1a: Indeedee\n|-damage|p1a: Indeedee|86\/100\n|-supereffective|p1a: Indeedee\n|-crit|p1a: Indeedee\n|-damage|p1a: Indeedee|80\/100\n|-hitcount|p1a: Indeedee|4\n|move|p2b: Annihilape|Drain Punch|p1a: Indeedee\n|-damage|p1a: Indeedee|28\/100\n|-heal|p2b: Annihilape|77\/100|[from] drain|[of] p1a: Indeedee\n|\n|upkeep\n|turn|3\n|inactive|hysaaron has 30 seconds left.\n|inactive|hysaaron has 20 seconds left.\n|\n|t:|1681966382\n|move|p1a: Indeedee|Follow Me|p1a: Indeedee\n|-singleturn|p1a: Indeedee|move: Follow Me\n|move|p1b: Flutter Mane|Dazzling Gleam|p2b: Annihilape|[spread] p2a,p2b\n|-resisted|p2b: Annihilape\n|-damage|p2a: Maushold|0 fnt\n|-damage|p2b: Annihilape|56\/100\n|faint|p2a: Maushold\n|move|p2b: Annihilape|Drain Punch|p1a: Indeedee\n|-damage|p1a: Indeedee|0 fnt\n|-heal|p2b: Annihilape|67\/100|[from] drain|[of] p1a: Indeedee\n|faint|p1a: Indeedee\n|\n|upkeep\n|\n|t:|1681966394\n|switch|p2a: Flutter Mane|Flutter Mane, L50|100\/100\n|switch|p1a: Talonflame|Talonflame, L50, F|100\/100\n|-enditem|p2a: Flutter Mane|Booster Energy\n|-activate|p2a: Flutter Mane|ability: Protosynthesis|[fromitem]\n|-start|p2a: Flutter Mane|protosynthesisspa\n|turn|4\n|\n|t:|1681966413\n|move|p2a: Flutter Mane|Protect|p2a: Flutter Mane\n|-singleturn|p2a: Flutter Mane|Protect\n|move|p1a: Talonflame|Tailwind|p1a: Talonflame\n|-sidestart|p1: everlol|move: Tailwind\n|move|p1b: Flutter Mane|Dazzling Gleam|p2b: Annihilape|[spread] p2b\n|-activate|p2a: Flutter Mane|move: Protect\n|-resisted|p2b: Annihilape\n|-damage|p2b: Annihilape|37\/100\n|-enditem|p2b: Annihilape|Sitrus Berry|[eat]\n|-heal|p2b: Annihilape|62\/100|[from] item: Sitrus Berry\n|move|p2b: Annihilape|Rage Fist|p1b: Flutter Mane\n|-damage|p1b: Flutter Mane|0 fnt\n|faint|p1b: Flutter Mane\n|-end|p1b: Flutter Mane|Protosynthesis|[silent]\n|\n|upkeep\n|\n|t:|1681966416\n|switch|p1b: Chi-Yu|Chi-Yu, L50|100\/100\n|-ability|p1b: Chi-Yu|Beads of Ruin\n|turn|5\n|inactive|hysaaron has 30 seconds left.\n|\n|t:|1681966450\n|move|p1a: Talonflame|Flare Blitz|p2b: Annihilape\n|-resisted|p2b: Annihilape\n|-damage|p2b: Annihilape|47\/100\n|-damage|p1a: Talonflame|93\/100|[from] Recoil\n|move|p1b: Chi-Yu|Dark Pulse|p2b: Annihilape\n|-damage|p2b: Annihilape|0 fnt\n|faint|p2b: Annihilape\n|-damage|p1b: Chi-Yu|91\/100|[from] item: Life Orb\n|move|p2a: Flutter Mane|Moonblast|p1b: Chi-Yu\n|-damage|p1b: Chi-Yu|29\/100\n|\n|-fieldend|move: Psychic Terrain\n|upkeep\n|\n|t:|1681966465\n|switch|p2b: Chi-Yu|Chi-Yu, L50|100\/100\n|-ability|p2b: Chi-Yu|Beads of Ruin\n|turn|6\n|\n|t:|1681966485\n|move|p2a: Flutter Mane|Protect|p2a: Flutter Mane\n|-singleturn|p2a: Flutter Mane|Protect\n|move|p2b: Chi-Yu|Protect|p2b: Chi-Yu\n|-singleturn|p2b: Chi-Yu|Protect\n|move|p1a: Talonflame|Sunny Day|p1a: Talonflame\n|-weather|SunnyDay\n|move|p1b: Chi-Yu|Heat Wave|p2a: Flutter Mane|[spread] \n|-activate|p2a: Flutter Mane|move: Protect\n|-activate|p2b: Chi-Yu|move: Protect\n|\n|-weather|SunnyDay|[upkeep]\n|upkeep\n|turn|7\n|inactive|hysaaron has 30 seconds left.\n|inactive|hysaaron has 20 seconds left.\n|inactive|hysaaron has 15 seconds left.\n|\n|t:|1681966528\n|move|p1a: Talonflame|Brave Bird|p2b: Chi-Yu\n|-damage|p2b: Chi-Yu|41\/100\n|-damage|p1a: Talonflame|72\/100|[from] Recoil\n|move|p1b: Chi-Yu|Heat Wave|p2a: Flutter Mane|[spread] p2a,p2b\n|-resisted|p2b: Chi-Yu\n|-damage|p2a: Flutter Mane|0 fnt\n|-damage|p2b: Chi-Yu|6\/100\n|faint|p2a: Flutter Mane\n|-end|p2a: Flutter Mane|Protosynthesis|[silent]\n|-damage|p1b: Chi-Yu|19\/100|[from] item: Life Orb\n|move|p2b: Chi-Yu|Dark Pulse|p1a: Talonflame\n|-damage|p1a: Talonflame|0 fnt\n|faint|p1a: Talonflame\n|\n|-weather|SunnyDay|[upkeep]\n|-heal|p2b: Chi-Yu|12\/100|[from] item: Leftovers\n|-sideend|p1: everlol|move: Tailwind\n|upkeep\n|turn|8\n|\n|t:|1681966553\n|move|p2b: Chi-Yu|Dark Pulse|p1b: Chi-Yu\n|-resisted|p1b: Chi-Yu\n|-damage|p1b: Chi-Yu|0 fnt\n|faint|p1b: Chi-Yu\n|\n|win|hysaaron\n|raw|everlol's rating: 1368 → 1345<\/strong> (-23 for losing)\n|raw|hysaaron's rating: 1314 → 1337<\/strong> (+23 for winning)\n|l|\u2606everlol\n","uploadtime":1681966567,"views":9,"p1id":"everlol","p2id":"hysaaron","formatid":"gen9vgc2023regulationc","rating":1337,"private":0,"password":""}