{"id":"gen9vgc2023regulationc-1848093934","p1":"supaflytnt","p2":"Rayzer00","format":"[Gen 9] VGC 2023 Regulation C","log":"|j|\u2606supaflytnt\n|j|\u2606Rayzer00\n|t:|1682028957\n|gametype|doubles\n|player|p1|supaflytnt|1|1266\n|player|p2|Rayzer00|n|1267\n|teamsize|p1|6\n|teamsize|p2|6\n|gen|9\n|tier|[Gen 9] VGC 2023 Regulation C\n|rated|\n|rule|Species Clause: Limit one of each Pok\u00e9mon\n|rule|Item Clause: Limit one of each item\n|clearpoke\n|poke|p1|Flutter Mane, L50|\n|poke|p1|Arcanine, L50, M|\n|poke|p1|Kingambit, L50, M|\n|poke|p1|Palafin, L50, F|\n|poke|p1|Amoonguss, L50, F|\n|poke|p1|Iron Jugulis, L50|\n|poke|p2|Iron Hands, L50|\n|poke|p2|Amoonguss, L50, F|\n|poke|p2|Talonflame, L50, M|\n|poke|p2|Flutter Mane, L50|\n|poke|p2|Iron Bundle, L50|\n|poke|p2|Garchomp, L50, M|\n|teampreview|4\nRayzer00 has agreed to open team sheets.\nsupaflytnt has agreed to open team sheets.\n|inactive|Battle timer is ON: inactive players will automatically lose when time's up. (requested by Rayzer00)\n|\n|t:|1682029044\n|start\n|switch|p1a: Gucci Mane|Flutter Mane, L50, shiny|100\/100\n|switch|p1b: SamuraiJack|Kingambit, L50, M|100\/100\n|switch|p2a: Talonflame|Talonflame, L50, M|100\/100\n|switch|p2b: Garchomp|Garchomp, L50, M|100\/100\n|turn|1\n|inactive|supaflytnt has 30 seconds left.\n|inactive|Rayzer00 has 30 seconds left.\n|inactive|supaflytnt has 20 seconds left.\n|inactive|Rayzer00 has 20 seconds left.\n|inactive|supaflytnt has 15 seconds left.\n|\n|t:|1682029088\n|-terastallize|p2b: Garchomp|Fire\n|-terastallize|p1b: SamuraiJack|Water\n|move|p2a: Talonflame|Tailwind|p2a: Talonflame\n|-sidestart|p2: Rayzer00|move: Tailwind\n|move|p2b: Garchomp|Earthquake|p1a: Gucci Mane|[spread] p1a,p1b\n|-immune|p2a: Talonflame\n|-damage|p1a: Gucci Mane|10\/100\n|-damage|p1b: SamuraiJack|63\/100\n|-damage|p2b: Garchomp|91\/100|[from] item: Life Orb\n|move|p1a: Gucci Mane|Shadow Ball|p2b: Garchomp\n|-damage|p2b: Garchomp|20\/100\n|move|p1b: SamuraiJack|Kowtow Cleave|p2a: Talonflame\n|-damage|p2a: Talonflame|28\/100\n|\n|upkeep\n|turn|2\n|\n|t:|1682029111\n|switch|p2b: Iron Hands|Iron Hands, L50|100\/100\n|move|p1b: SamuraiJack|Sucker Punch||[still]\n|-fail|p1b: SamuraiJack\n|move|p2a: Talonflame|Flare Blitz|p1a: Gucci Mane\n|-damage|p1a: Gucci Mane|0 fnt\n|faint|p1a: Gucci Mane\n|-end|p1a: Gucci Mane|Protosynthesis|[silent]\n|-damage|p2a: Talonflame|26\/100|[from] Recoil\n|\n|upkeep\n|\n|t:|1682029128\n|switch|p1a: Among who?|Amoonguss, L50, F|100\/100\n|turn|3\n|\n|t:|1682029142\n|move|p2b: Iron Hands|Fake Out|p1b: SamuraiJack\n|-damage|p1b: SamuraiJack|50\/100\n|cant|p1b: SamuraiJack|flinch\n|move|p2a: Talonflame|Taunt|p1a: Among who?\n|-start|p1a: Among who?|move: Taunt\n|-enditem|p1a: Among who?|Mental Herb\n|-end|p1a: Among who?|move: Taunt\n|move|p1a: Among who?|Spore|p2b: Iron Hands\n|-status|p2b: Iron Hands|slp|[from] move: Spore\n|\n|upkeep\n|turn|4\n|inactive|supaflytnt has 30 seconds left.\n|\n|t:|1682029174\n|switch|p1a: Iron juggs|Iron Jugulis, L50|100\/100\n|-enditem|p1a: Iron juggs|Booster Energy\n|-activate|p1a: Iron juggs|ability: Quark Drive|[fromitem]\n|-start|p1a: Iron juggs|quarkdrivespe\n|move|p2a: Talonflame|Taunt|p1a: Iron juggs\n|-start|p1a: Iron juggs|move: Taunt\n|cant|p2b: Iron Hands|slp\n|move|p1b: SamuraiJack|Kowtow Cleave|p2a: Talonflame\n|-damage|p2a: Talonflame|0 fnt\n|faint|p2a: Talonflame\n|\n|-sideend|p2: Rayzer00|move: Tailwind\n|upkeep\n|\n|t:|1682029191\n|switch|p2a: Flutter Mane|Flutter Mane, L50|100\/100\n|turn|5\n|\n|t:|1682029208\n|move|p1b: SamuraiJack|Sucker Punch|p2a: Flutter Mane\n|-damage|p2a: Flutter Mane|20\/100\n|move|p1a: Iron juggs|Air Slash|p2a: Flutter Mane\n|-damage|p2a: Flutter Mane|0 fnt\n|faint|p2a: Flutter Mane\n|-end|p2a: Flutter Mane|Protosynthesis|[silent]\n|cant|p2b: Iron Hands|slp\n|\n|upkeep\n|\n|t:|1682029217\n|switch|p2a: Garchomp|Garchomp, L50, M, tera:Fire|20\/100\n|turn|6\n|\n|t:|1682029237\n|move|p2a: Garchomp|Protect|p2a: Garchomp\n|-singleturn|p2a: Garchomp|Protect\n|move|p1b: SamuraiJack|Sucker Punch||[still]\n|-fail|p1b: SamuraiJack\n|move|p1a: Iron juggs|Air Slash|p2b: Iron Hands\n|-damage|p2b: Iron Hands|79\/100 slp\n|-curestatus|p2b: Iron Hands|slp|[msg]\n|move|p2b: Iron Hands|Wild Charge|p1b: SamuraiJack\n|-supereffective|p1b: SamuraiJack\n|-damage|p1b: SamuraiJack|0 fnt\n|faint|p1b: SamuraiJack\n|-damage|p2b: Iron Hands|69\/100|[from] Recoil\n|\n|-end|p1a: Iron juggs|move: Taunt\n|upkeep\n|\n|t:|1682029253\n|switch|p1b: Among who?|Amoonguss, L50, F|100\/100\n|turn|7\n|\n|t:|1682029267\n|move|p1b: Among who?|Rage Powder|p1b: Among who?\n|-singleturn|p1b: Among who?|move: Rage Powder\n|move|p1a: Iron juggs|Air Slash|p2a: Garchomp\n|-damage|p2a: Garchomp|0 fnt\n|faint|p2a: Garchomp\n|move|p2b: Iron Hands|Wild Charge|p1b: Among who?\n|-resisted|p1b: Among who?\n|-damage|p1b: Among who?|74\/100\n|-damage|p2b: Iron Hands|63\/100|[from] Recoil\n|\n|upkeep\n|turn|8\n|-message|Rayzer00 forfeited.\n|\n|win|supaflytnt\n|raw|supaflytnt's rating: 1266 → 1291<\/strong> (+25 for winning)\n|raw|Rayzer00's rating: 1267 → 1242<\/strong> (-25 for losing)\n|l|\u2606Rayzer00\n|l|\u2606supaflytnt\n|j|\u2606supaflytnt\n|player|p1|supaflytnt|1\n","uploadtime":1682030014,"views":9,"p1id":"supaflytnt","p2id":"rayzer00","formatid":"gen9vgc2023regulationc","rating":1242,"private":0,"password":""}