{"id":"gen9vgc2023regulationc-1854855192","p1":"WillieDangerously","p2":"thecomplainman","format":"[Gen 9] VGC 2023 Regulation C","log":"|j|\u2606WillieDangerously\n|j|\u2606thecomplainman\n|t:|1682873729\n|gametype|doubles\n|player|p1|WillieDangerously|psychic-gen4|1313\n|player|p2|thecomplainman|unknown|1341\n|teamsize|p1|6\n|teamsize|p2|6\n|gen|9\n|tier|[Gen 9] VGC 2023 Regulation C\n|rated|\n|rule|Species Clause: Limit one of each Pok\u00e9mon\n|rule|Item Clause: Limit one of each item\n|clearpoke\n|poke|p1|Chien-Pao, L50|\n|poke|p1|Amoonguss, L50, F|\n|poke|p1|Palafin, L50, F|\n|poke|p1|Dragapult, L50, F|\n|poke|p1|Scream Tail, L50|\n|poke|p1|Arcanine, L50, F|\n|poke|p2|Flutter Mane, L50|\n|poke|p2|Chi-Yu, L50|\n|poke|p2|Maushold-Four, L50|\n|poke|p2|Azumarill, L50, F|\n|poke|p2|Gastrodon, L50, M|\n|poke|p2|Scizor, L50, M|\n|teampreview|4\nthecomplainman has agreed to open team sheets.\n|inactive|Battle timer is ON: inactive players will automatically lose when time's up. (requested by thecomplainman)\n|\n|t:|1682873773\n|start\n|switch|p1a: Scream Tail|Scream Tail, L50|100\/100\n|switch|p1b: Palafin|Palafin, L50, F|100\/100\n|switch|p2a: Gastrodon|Gastrodon, L50, M|100\/100\n|switch|p2b: Azumarill|Azumarill, L50, F|100\/100\n|-enditem|p1a: Scream Tail|Booster Energy\n|-activate|p1a: Scream Tail|ability: Protosynthesis|[fromitem]\n|-start|p1a: Scream Tail|protosynthesisspe\n|turn|1\n|inactive|WillieDangerously has 30 seconds left.\n|\n|t:|1682873802\n|detailschange|p1b: Palafin|Palafin-Hero, L50, F\n|switch|p1b: Dragapult|Dragapult, L50, F|100\/100\n|move|p2b: Azumarill|Aqua Jet|p2a: Gastrodon\n|-ability|p2a: Gastrodon|Storm Drain|boost\n|-boost|p2a: Gastrodon|spa|1\n|move|p1a: Scream Tail|Howl|p1a: Scream Tail|[spread] p1a,p1b\n|-boost|p1a: Scream Tail|atk|1\n|-boost|p1b: Dragapult|atk|1\n|move|p2a: Gastrodon|Muddy Water|p1b: Dragapult|[spread] p1a,p1b\n|-resisted|p1b: Dragapult\n|-damage|p1a: Scream Tail|77\/100\n|-damage|p1b: Dragapult|75\/100\n|\n|upkeep\n|turn|2\n|\n|t:|1682873825\n|-terastallize|p1b: Dragapult|Ghost\n|move|p1a: Scream Tail|Howl|p1a: Scream Tail|[spread] p1a,p1b\n|-boost|p1a: Scream Tail|atk|1\n|-boost|p1b: Dragapult|atk|1\n|move|p1b: Dragapult|Tera Blast|p2a: Gastrodon\n|-crit|p2a: Gastrodon\n|-damage|p2a: Gastrodon|0 fnt\n|faint|p2a: Gastrodon\n|move|p2b: Azumarill|Liquidation|p1a: Scream Tail\n|-damage|p1a: Scream Tail|41\/100\n|-unboost|p1a: Scream Tail|def|1\n|\n|upkeep\n|\n|t:|1682873842\n|switch|p2a: Scizor|Scizor, L50, M|100\/100\n|turn|3\n|\n|t:|1682873861\n|-terastallize|p2b: Azumarill|Water\n|move|p1a: Scream Tail|Protect|p1a: Scream Tail\n|-singleturn|p1a: Scream Tail|Protect\n|move|p2a: Scizor|Protect|p2a: Scizor\n|-singleturn|p2a: Scizor|Protect\n|move|p1b: Dragapult|Tera Blast|p2a: Scizor\n|-activate|p2a: Scizor|move: Protect\n|move|p2b: Azumarill|Liquidation|p1b: Dragapult\n|-damage|p1b: Dragapult|0 fnt\n|faint|p1b: Dragapult\n|\n|upkeep\n|\n|t:|1682873880\n|switch|p1b: Amoonguss|Amoonguss, L50, F|100\/100\n|turn|4\n|\n|t:|1682873891\n|-end|p1a: Scream Tail|Protosynthesis|[silent]\n|switch|p1a: Palafin|Palafin-Hero, L50, F|100\/100\n|-activate|p1a: Palafin|ability: Zero to Hero\n|move|p2a: Scizor|Aerial Ace|p1b: Amoonguss\n|-supereffective|p1b: Amoonguss\n|-damage|p1b: Amoonguss|30\/100\n|-damage|p2a: Scizor|84\/100|[from] item: Rocky Helmet|[of] p1b: Amoonguss\n|move|p2b: Azumarill|Ice Spinner|p1b: Amoonguss\n|-supereffective|p1b: Amoonguss\n|-damage|p1b: Amoonguss|0 fnt\n|-damage|p2b: Azumarill|84\/100|[from] item: Rocky Helmet|[of] p1b: Amoonguss\n|faint|p1b: Amoonguss\n|\n|upkeep\n|\n|t:|1682873902\n|switch|p1b: Scream Tail|Scream Tail, L50|41\/100\n|turn|5\n|inactive|WillieDangerously has 30 seconds left.\n|\n|t:|1682873935\n|move|p1b: Scream Tail|Protect|p1b: Scream Tail\n|-singleturn|p1b: Scream Tail|Protect\n|move|p2a: Scizor|Protect|p2a: Scizor\n|-singleturn|p2a: Scizor|Protect\n|move|p1a: Palafin|Wave Crash|p2a: Scizor\n|-activate|p2a: Scizor|move: Protect\n|move|p2b: Azumarill|Play Rough|p1a: Palafin\n|-crit|p1a: Palafin\n|-damage|p1a: Palafin|7\/100\n|\n|upkeep\n|turn|6\n|-message|WillieDangerously forfeited.\n|\n|win|thecomplainman\n|raw|WillieDangerously's rating: 1313 → 1295<\/strong> (-18 for losing)\n|raw|thecomplainman's rating: 1341 → 1359<\/strong> (+18 for winning)\n","uploadtime":1682873946,"views":10,"p1id":"williedangerously","p2id":"thecomplainman","formatid":"gen9vgc2023regulationc","rating":1295,"private":0,"password":""}