{"id":"gen9vgc2023regulationc-1861453657","p1":"Mythneedsleepp","p2":"wackomarko","format":"[Gen 9] VGC 2023 Regulation C","log":"|j|\u2606Mythneedsleepp\n|j|\u2606wackomarko\n|t:|1683759767\n|gametype|doubles\n|player|p1|Mythneedsleepp|winona|1012\n|player|p2|wackomarko|hiker-gen4|1048\n|teamsize|p1|6\n|teamsize|p2|6\n|gen|9\n|tier|[Gen 9] VGC 2023 Regulation C\n|rated|\n|rule|Species Clause: Limit one of each Pok\u00e9mon\n|rule|Item Clause: Limit one of each item\n|clearpoke\n|poke|p1|Ting-Lu, L50|\n|poke|p1|Indeedee-F, L50, F|\n|poke|p1|Chi-Yu, L50|\n|poke|p1|Meowscarada, L50, M|\n|poke|p1|Amoonguss, L50, M|\n|poke|p1|Gholdengo, L50|\n|poke|p2|Talonflame, L50, M|\n|poke|p2|Amoonguss, L50, M|\n|poke|p2|Flutter Mane, L50|\n|poke|p2|Chien-Pao, L50|\n|poke|p2|Gyarados, L50, M|\n|poke|p2|Dragapult, L50, M|\n|teampreview|4\nwackomarko has agreed to open team sheets.\n|l|\u2606Mythneedsleepp\n|player|p1|\n|\n|t:|1683759816\n|start\n|switch|p1a: Death|Ting-Lu, L50|100\/100\n|switch|p1b: Little maid|Indeedee-F, L50, F, shiny|100\/100\n|switch|p2a: Talonflame|Talonflame, L50, M, shiny|100\/100\n|switch|p2b: Flutter Mane|Flutter Mane, L50, shiny|100\/100\n|-ability|p1a: Death|Vessel of Ruin\n|turn|1\n|j|\u2606Mythneedsleepp\n|player|p1|Mythneedsleepp|winona\n|l|\u2606Mythneedsleepp\n|player|p1|\n|\n|t:|1683759835\n|-terastallize|p2b: Flutter Mane|Fairy\n|move|p2a: Talonflame|Tailwind|p2a: Talonflame\n|-sidestart|p2: wackomarko|move: Tailwind\n|move|p2b: Flutter Mane|Shadow Ball|p1b: Little maid\n|-immune|p1b: Little maid\n|move|p1a: Death|Fissure|p2b: Flutter Mane|[miss]\n|-miss|p1a: Death|p2b: Flutter Mane\n|move|p1b: Little maid|Trick Room|p1b: Little maid\n|-fieldstart|move: Trick Room|[of] p1b: Little maid\n|\n|upkeep\n|turn|2\n|j|\u2606Mythneedsleepp\n|player|p1|Mythneedsleepp|winona\n|\n|t:|1683759852\n|move|p1b: Little maid|Follow Me|p1b: Little maid\n|-singleturn|p1b: Little maid|move: Follow Me\n|move|p1a: Death|Stomping Tantrum|p2b: Flutter Mane\n|-damage|p2b: Flutter Mane|0 fnt\n|faint|p2b: Flutter Mane\n|-end|p2b: Flutter Mane|Protosynthesis|[silent]\n|move|p2a: Talonflame|Taunt|p1b: Little maid\n|-start|p1b: Little maid|move: Taunt\n|\n|upkeep\n|\n|t:|1683759865\n|switch|p2b: Chien-Pao|Chien-Pao, L50|100\/100\n|-ability|p2b: Chien-Pao|Sword of Ruin\n|turn|3\n|\n|t:|1683759889\n|switch|p1b: Among us|Amoonguss, L50, M|100\/100\n|-terastallize|p1a: Death|Ground\n|move|p2b: Chien-Pao|Protect|p2b: Chien-Pao\n|-singleturn|p2b: Chien-Pao|Protect\n|move|p1a: Death|Earthquake|p2b: Chien-Pao|[spread] p1b\n|-activate|p2b: Chien-Pao|move: Protect\n|-immune|p2a: Talonflame\n|-damage|p1b: Among us|41\/100\n|move|p2a: Talonflame|Will-O-Wisp|p1a: Death\n|-status|p1a: Death|brn\n|\n|-damage|p1a: Death|94\/100 brn|[from] brn\n|upkeep\n|turn|4\n|\n|t:|1683759928\n|switch|p2b: Gyarados|Gyarados, L50, M, shiny|100\/100\n|-ability|p2b: Gyarados|Intimidate|boost\n|-unboost|p1a: Death|atk|1\n|-unboost|p1b: Among us|atk|1\n|move|p2a: Talonflame|Brave Bird|p1b: Among us\n|-supereffective|p1b: Among us\n|-damage|p1b: Among us|0 fnt\n|-status|p2a: Talonflame|par|[from] ability: Effect Spore|[of] p1b: Among us\n|faint|p1b: Among us\n|-damage|p2a: Talonflame|86\/100 par|[from] Recoil\n|move|p1a: Death|Stomping Tantrum|p2b: Gyarados\n|-immune|p2b: Gyarados\n|\n|-damage|p1a: Death|88\/100 brn|[from] brn\n|-sideend|p2: wackomarko|move: Tailwind\n|upkeep\n|\n|t:|1683759945\n|switch|p1b: Cheese|Gholdengo, L50|100\/100\n|turn|5\n|\n|t:|1683759969\n|move|p1a: Death|Fissure|p2b: Gyarados\n|-immune|p2b: Gyarados\n|move|p2a: Talonflame|Brave Bird|p1b: Cheese\n|-resisted|p1b: Cheese\n|-damage|p1b: Cheese|83\/100\n|-damage|p2a: Talonflame|79\/100 par|[from] Recoil\n|move|p1b: Cheese|Make It Rain|p2a: Talonflame|[spread] p2a,p2b\n|-resisted|p2a: Talonflame\n|-resisted|p2b: Gyarados\n|-damage|p2a: Talonflame|46\/100 par\n|-damage|p2b: Gyarados|80\/100\n|-unboost|p1b: Cheese|spa|1\n|-damage|p1b: Cheese|74\/100|[from] item: Life Orb\n|move|p2b: Gyarados|Dragon Dance|p2b: Gyarados\n|-boost|p2b: Gyarados|atk|1\n|-boost|p2b: Gyarados|spe|1\n|\n|-damage|p1a: Death|82\/100 brn|[from] brn\n|-fieldend|move: Trick Room\n|upkeep\n|turn|6\n|\n|t:|1683759997\n|move|p2b: Gyarados|Waterfall|p1a: Death\n|-supereffective|p1a: Death\n|-damage|p1a: Death|14\/100 brn\n|move|p1b: Cheese|Make It Rain|p2b: Gyarados|[spread] p2a,p2b\n|-resisted|p2a: Talonflame\n|-resisted|p2b: Gyarados\n|-damage|p2a: Talonflame|23\/100 par\n|-damage|p2b: Gyarados|66\/100\n|-unboost|p1b: Cheese|spa|1\n|-damage|p1b: Cheese|64\/100|[from] item: Life Orb\n|move|p2a: Talonflame|Tailwind|p2a: Talonflame\n|-sidestart|p2: wackomarko|move: Tailwind\n|move|p1a: Death|Body Press|p2b: Gyarados\n|-resisted|p2b: Gyarados\n|-damage|p2b: Gyarados|59\/100\n|\n|-damage|p1a: Death|7\/100 brn|[from] brn\n|upkeep\n|turn|7\n|\n|t:|1683760023\n|switch|p1a: Little maid|Indeedee-F, L50, F, shiny|100\/100\n|move|p2b: Gyarados|Waterfall|p1a: Little maid\n|-damage|p1a: Little maid|18\/100\n|move|p2a: Talonflame|Brave Bird|p1b: Cheese\n|-resisted|p1b: Cheese\n|-damage|p1b: Cheese|45\/100\n|-damage|p2a: Talonflame|16\/100 par|[from] Recoil\n|move|p1b: Cheese|Make It Rain|p2b: Gyarados|[spread] p2a,p2b\n|-resisted|p2a: Talonflame\n|-resisted|p2b: Gyarados\n|-damage|p2a: Talonflame|0 fnt\n|-damage|p2b: Gyarados|45\/100\n|-unboost|p1b: Cheese|spa|1\n|faint|p2a: Talonflame\n|-damage|p1b: Cheese|36\/100|[from] item: Life Orb\n|\n|-heal|p1a: Little maid|24\/100|[from] item: Leftovers\n|upkeep\n|\n|t:|1683760040\n|switch|p2a: Chien-Pao|Chien-Pao, L50|100\/100\n|-ability|p2a: Chien-Pao|Sword of Ruin\n|turn|8\n|\n|t:|1683760051\n|move|p2a: Chien-Pao|Sucker Punch|p1b: Cheese\n|-supereffective|p1b: Cheese\n|-damage|p1b: Cheese|0 fnt\n|faint|p1b: Cheese\n|move|p2b: Gyarados|Waterfall|p1a: Little maid\n|-damage|p1a: Little maid|0 fnt\n|faint|p1a: Little maid\n|\n|upkeep\n|-message|Mythneedsleepp forfeited.\n|\n|win|wackomarko\n|raw|Mythneedsleepp's rating: 1012 → 1001<\/strong> (-11 for losing)\n|raw|wackomarko's rating: 1048 → 1077<\/strong> (+29 for winning)\n|l|\u2606Mythneedsleepp\n","uploadtime":1683760065,"views":7,"p1id":"mythneedsleepp","p2id":"wackomarko","formatid":"gen9vgc2023regulationc","rating":1001,"private":0,"password":""}