{"id":"gen9vgc2023regulationc-1863967223","p1":"AlolanBob","p2":"WoahThereAdo","format":"[Gen 9] VGC 2023 Regulation C","log":"|j|\u2606AlolanBob\n|j|\u2606WoahThereAdo\n|t:|1684099122\n|gametype|doubles\n|player|p1|AlolanBob|lucas|\n|player|p2|WoahThereAdo|dawn-gen4pt|\n|teamsize|p1|6\n|teamsize|p2|6\n|gen|9\n|tier|[Gen 9] VGC 2023 Regulation C\n|rule|Tera Type Preview: Tera Types are shown at Team Preview\n|rule|Species Clause: Limit one of each Pok\u00e9mon\n|rule|Item Clause: Limit one of each item\n|clearpoke\n|poke|p1|Iron Bundle, L50|\n|poke|p1|Volcarona, L50, F|\n|poke|p1|Dachsbun, L50, M|\n|poke|p1|Sableye, L50, M|\n|poke|p1|Iron Hands, L50|\n|poke|p1|Skuntank, L50, F|\n|poke|p2|Chi-Yu, L50|\n|poke|p2|Gholdengo, L50|\n|poke|p2|Grimmsnarl, L50, M|\n|poke|p2|Quaquaval, L50, F|\n|poke|p2|Dachsbun, L50, F|\n|poke|p2|Ampharos, L50, M|\n|teampreview|4\n|raw|AlolanBob's Tera Types: \/ \/ \/ \/ \/ \n|raw|WoahThereAdo's Tera Types: \/ \/ \/ \/ \/ \n|c|\u2606AlolanBob|g1\n|c|\u2606AlolanBob|glhf\n|c|\u2606WoahThereAdo|lmk when you're ready\n|c|\u2606WoahThereAdo|glhf\n|c|\u2606AlolanBob|all good\n|j| cybertr0nvgc7\n|\n|t:|1684099290\n|start\n|switch|p1a: Sableye|Sableye, L50, M|100\/100\n|switch|p1b: Iron Bundle|Iron Bundle, L50|100\/100\n|switch|p2a: Chi-Yu|Chi-Yu, L50|100\/100\n|switch|p2b: Dachsbun|Dachsbun, L50, F|100\/100\n|-ability|p2a: Chi-Yu|Beads of Ruin\n|-enditem|p1b: Iron Bundle|Booster Energy\n|-activate|p1b: Iron Bundle|ability: Quark Drive|[fromitem]\n|-start|p1b: Iron Bundle|quarkdrivespe\n|turn|1\n|\n|t:|1684099357\n|switch|p2a: Ampharos|Ampharos, L50, M, shiny|100\/100\n|move|p1a: Sableye|Fake Out|p2a: Ampharos\n|-damage|p2a: Ampharos|94\/100\n|-status|p1a: Sableye|par|[from] ability: Static|[of] p2a: Ampharos\n|move|p1b: Iron Bundle|Hydro Pump|p2a: Ampharos\n|-damage|p2a: Ampharos|62\/100\n|move|p2b: Dachsbun|Play Rough|p1a: Sableye\n|-supereffective|p1a: Sableye\n|-damage|p1a: Sableye|47\/100 par\n|\n|upkeep\n|turn|2\n|j| Wow02\n|l| Wow02\n|\n|t:|1684099415\n|move|p1b: Iron Bundle|Protect|p1b: Iron Bundle\n|-singleturn|p1b: Iron Bundle|Protect\n|move|p2b: Dachsbun|Play Rough|p1a: Sableye\n|-supereffective|p1a: Sableye\n|-damage|p1a: Sableye|0 fnt\n|faint|p1a: Sableye\n|move|p2a: Ampharos|Electroweb|p1b: Iron Bundle\n|-activate|p1b: Iron Bundle|move: Protect\n|\n|upkeep\n|\n|t:|1684099432\n|switch|p1a: Iron Hands|Iron Hands, L50|100\/100\n|turn|3\n|l| cybertr0nvgc7\n|\n|t:|1684099474\n|-terastallize|p1b: Iron Bundle|Ice\n|move|p1a: Iron Hands|Fake Out|p2b: Dachsbun\n|-damage|p2b: Dachsbun|90\/100\n|move|p1b: Iron Bundle|Freeze-Dry|p2a: Ampharos\n|-crit|p2a: Ampharos\n|-damage|p2a: Ampharos|16\/100\n|cant|p2b: Dachsbun|flinch\n|move|p2a: Ampharos|Dazzling Gleam|p1b: Iron Bundle|[spread] p1a,p1b\n|-supereffective|p1a: Iron Hands\n|-crit|p1b: Iron Bundle\n|-damage|p1a: Iron Hands|71\/100\n|-damage|p1b: Iron Bundle|49\/100\n|\n|-heal|p2b: Dachsbun|96\/100|[from] item: Leftovers\n|upkeep\n|turn|4\n|j| cybertr0nvgc7\n|\n|t:|1684099525\n|move|p1b: Iron Bundle|Freeze-Dry|p2a: Ampharos\n|-damage|p2a: Ampharos|0 fnt\n|faint|p2a: Ampharos\n|move|p2b: Dachsbun|Play Rough|p1a: Iron Hands\n|-supereffective|p1a: Iron Hands\n|-damage|p1a: Iron Hands|36\/100\n|-unboost|p1a: Iron Hands|atk|1\n|move|p1a: Iron Hands|Thunder Punch|p2b: Dachsbun\n|-damage|p2b: Dachsbun|70\/100\n|\n|-heal|p2b: Dachsbun|76\/100|[from] item: Leftovers\n|upkeep\n|\n|t:|1684099570\n|switch|p2a: Gholdengo|Gholdengo, L50|100\/100\n|turn|5\n|l| cybertr0nvgc7\n|\n|t:|1684099602\n|move|p2b: Dachsbun|Helping Hand|p2a: Gholdengo\n|-immune|p2a: Gholdengo|[from] ability: Good as Gold\n|move|p1a: Iron Hands|Protect|p1a: Iron Hands\n|-singleturn|p1a: Iron Hands|Protect\n|move|p1b: Iron Bundle|Freeze-Dry|p2b: Dachsbun\n|-damage|p2b: Dachsbun|19\/100\n|move|p2a: Gholdengo|Make It Rain|p1b: Iron Bundle|[spread] p1b\n|-activate|p1a: Iron Hands|move: Protect\n|-supereffective|p1b: Iron Bundle\n|-damage|p1b: Iron Bundle|0 fnt\n|-unboost|p2a: Gholdengo|spa|1\n|faint|p1b: Iron Bundle\n|-end|p1b: Iron Bundle|Quark Drive|[silent]\n|-damage|p2a: Gholdengo|91\/100|[from] item: Life Orb\n|\n|-heal|p2b: Dachsbun|25\/100|[from] item: Leftovers\n|upkeep\n|j| cybertr0nvgc7\n|c|\u2606WoahThereAdo|lol woops\n|l| cybertr0nvgc7\n|\n|t:|1684099618\n|switch|p1b: Skuntank|Skuntank, L50, F|100\/100\n|turn|6\n|c|\u2606WoahThereAdo|bad helping hand\n|\n|t:|1684099659\n|-terastallize|p2b: Dachsbun|Poison\n|move|p2a: Gholdengo|Protect|p2a: Gholdengo\n|-singleturn|p2a: Gholdengo|Protect\n|move|p2b: Dachsbun|Play Rough|p1a: Iron Hands\n|-supereffective|p1a: Iron Hands\n|-damage|p1a: Iron Hands|1\/100\n|move|p1b: Skuntank|Poison Jab|p2b: Dachsbun\n|-resisted|p2b: Dachsbun\n|-damage|p2b: Dachsbun|16\/100\n|move|p1a: Iron Hands|Thunder Punch|p2a: Gholdengo\n|-activate|p2a: Gholdengo|move: Protect\n|\n|-heal|p2b: Dachsbun|22\/100|[from] item: Leftovers\n|upkeep\n|turn|7\n|\n|t:|1684099680\n|move|p1a: Iron Hands|Protect|p1a: Iron Hands\n|-singleturn|p1a: Iron Hands|Protect\n|move|p2a: Gholdengo|Make It Rain|p1b: Skuntank|[spread] p1b\n|-activate|p1a: Iron Hands|move: Protect\n|-crit|p1b: Skuntank\n|-damage|p1b: Skuntank|49\/100\n|-unboost|p2a: Gholdengo|spa|1\n|-damage|p2a: Gholdengo|81\/100|[from] item: Life Orb\n|move|p2b: Dachsbun|Body Press|p1b: Skuntank\n|-damage|p1b: Skuntank|13\/100\n|move|p1b: Skuntank|Crunch|p2b: Dachsbun\n|-damage|p2b: Dachsbun|3\/100\n|-unboost|p2b: Dachsbun|def|1\n|\n|-heal|p2b: Dachsbun|9\/100|[from] item: Leftovers\n|upkeep\n|turn|8\n|\n|t:|1684099701\n|move|p2a: Gholdengo|Make It Rain|p1a: Iron Hands|[spread] p1a,p1b\n|-resisted|p1a: Iron Hands\n|-damage|p1a: Iron Hands|0 fnt\n|-damage|p1b: Skuntank|0 fnt\n|-unboost|p2a: Gholdengo|spa|1\n|faint|p1a: Iron Hands\n|-end|p1a: Iron Hands|Quark Drive|[silent]\n|faint|p1b: Skuntank\n|-damage|p2a: Gholdengo|71\/100|[from] item: Life Orb\n|\n|win|WoahThereAdo\n|c|\u2606WoahThereAdo|gg\n|c|\u2606AlolanBob|gg\n|l|\u2606WoahThereAdo\n","uploadtime":1684099710,"views":7,"p1id":"alolanbob","p2id":"woahthereado","formatid":"gen9vgc2023regulationc","rating":0,"private":0,"password":""}