{"id":"gen9vgc2023regulationc-1846902325","p1":"zfbzcgb","p2":"coolour","format":"[Gen 9] VGC 2023 Regulation C","log":"|j|\u2606zfbzcgb\n|j|\u2606coolour\n|t:|1681898404\n|gametype|doubles\n|player|p1|zfbzcgb|170|1192\n|player|p2|coolour|266|1264\n|teamsize|p1|6\n|teamsize|p2|6\n|gen|9\n|tier|[Gen 9] VGC 2023 Regulation C\n|rated|\n|rule|Species Clause: Limit one of each Pok\u00e9mon\n|rule|Item Clause: Limit one of each item\n|clearpoke\n|poke|p1|Torkoal, L50, M|\n|poke|p1|Chi-Yu, L50|\n|poke|p1|Bronzong, L50|\n|poke|p1|Gastrodon, L50, F|\n|poke|p1|Grimmsnarl, L50, M|\n|poke|p1|Skeledirge, L50, M|\n|poke|p2|Lilligant, L50, F|\n|poke|p2|Torkoal, L50, F|\n|poke|p2|Flutter Mane, L50|\n|poke|p2|Kingambit, L50, F|\n|poke|p2|Dragonite, L50, F|\n|poke|p2|Great Tusk, L50|\n|teampreview|4\n|inactive|Battle timer is ON: inactive players will automatically lose when time's up. (requested by coolour)\n|\n|t:|1681898434\n|start\n|switch|p1a: Chi-Yu|Chi-Yu, L50|100\/100\n|switch|p1b: Grimmsnarl|Grimmsnarl, L50, M|100\/100\n|switch|p2a: Torkoal|Torkoal, L50, F, shiny|100\/100\n|switch|p2b: Trouble|Great Tusk, L50, shiny|100\/100\n|-ability|p1a: Chi-Yu|Beads of Ruin\n|-weather|SunnyDay|[from] ability: Drought|[of] p2a: Torkoal\n|-activate|p2b: Trouble|ability: Protosynthesis\n|-start|p2b: Trouble|protosynthesisatk\n|turn|1\n|\n|t:|1681898449\n|move|p1b: Grimmsnarl|Fake Out|p2b: Trouble\n|-damage|p2b: Trouble|90\/100\n|cant|p2b: Trouble|flinch\n|move|p1a: Chi-Yu|Snarl|p2a: Torkoal|[spread] p2a,p2b\n|-resisted|p2b: Trouble\n|-damage|p2a: Torkoal|68\/100\n|-damage|p2b: Trouble|73\/100\n|-unboost|p2a: Torkoal|spa|1\n|-unboost|p2b: Trouble|spa|1\n|move|p2a: Torkoal|Flamethrower|p1b: Grimmsnarl\n|-damage|p1b: Grimmsnarl|28\/100\n|\n|-weather|SunnyDay|[upkeep]\n|upkeep\n|turn|2\n|\n|t:|1681898464\n|switch|p1a: Bronzong|Bronzong, L50|100\/100\n|switch|p2a: Kingambit|Kingambit, L50, F, shiny|100\/100\n|move|p1b: Grimmsnarl|Trick|p2b: Trouble\n|-activate|p1b: Grimmsnarl|move: Trick|[of] p2b: Trouble\n|-item|p2b: Trouble|Lagging Tail|[from] move: Trick\n|-item|p1b: Grimmsnarl|Choice Scarf|[from] move: Trick\n|move|p2b: Trouble|Close Combat|p1a: Bronzong\n|-damage|p1a: Bronzong|43\/100\n|-unboost|p2b: Trouble|def|1\n|-unboost|p2b: Trouble|spd|1\n|\n|-weather|SunnyDay|[upkeep]\n|upkeep\n|turn|3\n|\n|t:|1681898480\n|move|p1b: Grimmsnarl|Spirit Break|p2b: Trouble\n|-supereffective|p2b: Trouble\n|-damage|p2b: Trouble|0 fnt\n|faint|p2b: Trouble\n|-end|p2b: Trouble|Protosynthesis|[silent]\n|move|p2a: Kingambit|Iron Head|p1b: Grimmsnarl\n|-supereffective|p1b: Grimmsnarl\n|-damage|p1b: Grimmsnarl|0 fnt\n|faint|p1b: Grimmsnarl\n|move|p1a: Bronzong|Body Press|p2a: Kingambit\n|-supereffective|p2a: Kingambit\n|-damage|p2a: Kingambit|12\/100\n|\n|-weather|SunnyDay|[upkeep]\n|upkeep\n|\n|t:|1681898499\n|switch|p2b: Lilligant|Lilligant, L50, F, shiny|100\/100\n|switch|p1b: Chi-Yu|Chi-Yu, L50|100\/100\n|-ability|p1b: Chi-Yu|Beads of Ruin\n|turn|4\n|\n|t:|1681898513\n|switch|p1a: Skeledirge|Skeledirge, L50, M|100\/100\n|move|p1b: Chi-Yu|Protect|p1b: Chi-Yu\n|-singleturn|p1b: Chi-Yu|Protect\n|move|p2b: Lilligant|Sleep Powder|p1b: Chi-Yu\n|-activate|p1b: Chi-Yu|move: Protect\n|move|p2a: Kingambit|Iron Head|p1b: Chi-Yu\n|-activate|p1b: Chi-Yu|move: Protect\n|\n|-weather|SunnyDay|[upkeep]\n|upkeep\n|turn|5\n|\n|t:|1681898528\n|move|p2b: Lilligant|Sleep Powder|p1a: Skeledirge\n|-status|p1a: Skeledirge|slp|[from] move: Sleep Powder\n|move|p1b: Chi-Yu|Snarl|p2b: Lilligant|[spread] p2a,p2b\n|-resisted|p2a: Kingambit\n|-damage|p2a: Kingambit|4\/100\n|-damage|p2b: Lilligant|65\/100\n|-unboost|p2a: Kingambit|spa|1\n|-ability|p2a: Kingambit|Defiant|boost\n|-boost|p2a: Kingambit|atk|2\n|-unboost|p2b: Lilligant|spa|1\n|cant|p1a: Skeledirge|slp\n|move|p2a: Kingambit|Iron Head|p1b: Chi-Yu\n|-resisted|p1b: Chi-Yu\n|-damage|p1b: Chi-Yu|38\/100\n|\n|-weather|none\n|upkeep\n|turn|6\n|\n|t:|1681898545\n|move|p2a: Kingambit|Sucker Punch||[still]\n|-fail|p2a: Kingambit\n|move|p1b: Chi-Yu|Substitute|p1b: Chi-Yu\n|-start|p1b: Chi-Yu|Substitute\n|-damage|p1b: Chi-Yu|13\/100\n|-enditem|p1b: Chi-Yu|Wiki Berry|[eat]\n|-heal|p1b: Chi-Yu|46\/100|[from] item: Wiki Berry\n|move|p2b: Lilligant|Pollen Puff|p2a: Kingambit\n|-heal|p2a: Kingambit|54\/100\n|-curestatus|p1a: Skeledirge|slp|[msg]\n|move|p1a: Skeledirge|Encore|p2a: Kingambit\n|-start|p2a: Kingambit|Encore\n|\n|upkeep\n|turn|7\n|inactive|zfbzcgb has 30 seconds left.\n|inactive|zfbzcgb has 20 seconds left.\n|inactive|zfbzcgb has 15 seconds left.\n|\n|t:|1681898587\n|switch|p2a: Torkoal|Torkoal, L50, F, shiny|68\/100\n|-weather|SunnyDay|[from] ability: Drought|[of] p2a: Torkoal\n|move|p1a: Skeledirge|Protect|p1a: Skeledirge\n|-singleturn|p1a: Skeledirge|Protect\n|move|p2b: Lilligant|Sleep Powder|p1a: Skeledirge\n|-activate|p1a: Skeledirge|move: Protect\n|move|p1b: Chi-Yu|Tera Blast|p2b: Lilligant\n|-damage|p2b: Lilligant|14\/100\n|\n|-weather|SunnyDay|[upkeep]\n|upkeep\n|turn|8\n|\n|t:|1681898601\n|switch|p1a: Bronzong|Bronzong, L50|43\/100\n|move|p2b: Lilligant|Sleep Powder|p1a: Bronzong\n|-status|p1a: Bronzong|slp|[from] move: Sleep Powder\n|move|p1b: Chi-Yu|Snarl|p2a: Torkoal|[spread] p2a,p2b\n|-damage|p2a: Torkoal|37\/100\n|-damage|p2b: Lilligant|0 fnt\n|-unboost|p2a: Torkoal|spa|1\n|faint|p2b: Lilligant\n|move|p2a: Torkoal|Earth Power|p1b: Chi-Yu\n|-supereffective|p1b: Chi-Yu\n|-end|p1b: Chi-Yu|Substitute\n|\n|-weather|SunnyDay|[upkeep]\n|upkeep\n|\n|t:|1681898608\n|switch|p2b: Kingambit|Kingambit, L50, F, shiny|54\/100\n|turn|9\n|\n|t:|1681898615\n|move|p1b: Chi-Yu|Protect|p1b: Chi-Yu\n|-singleturn|p1b: Chi-Yu|Protect\n|move|p2b: Kingambit|Iron Head|p1b: Chi-Yu\n|-activate|p1b: Chi-Yu|move: Protect\n|cant|p1a: Bronzong|slp\n|move|p2a: Torkoal|Flamethrower|p1a: Bronzong\n|-supereffective|p1a: Bronzong\n|-damage|p1a: Bronzong|0 fnt\n|faint|p1a: Bronzong\n|\n|-weather|SunnyDay|[upkeep]\n|upkeep\n|\n|t:|1681898623\n|switch|p1a: Skeledirge|Skeledirge, L50, M|100\/100\n|turn|10\n|\n|t:|1681898628\n|-terastallize|p1a: Skeledirge|Fairy\n|move|p1b: Chi-Yu|Substitute|p1b: Chi-Yu\n|-start|p1b: Chi-Yu|Substitute\n|-damage|p1b: Chi-Yu|22\/100\n|move|p1a: Skeledirge|Torch Song|p2b: Kingambit\n|-supereffective|p2b: Kingambit\n|-damage|p2b: Kingambit|0 fnt\n|-boost|p1a: Skeledirge|spa|1\n|faint|p2b: Kingambit\n|move|p2a: Torkoal|Earth Power|p1b: Chi-Yu\n|-supereffective|p1b: Chi-Yu\n|-end|p1b: Chi-Yu|Substitute\n|\n|-weather|SunnyDay|[upkeep]\n|upkeep\n|turn|11\n|-message|coolour forfeited.\n|\n|win|zfbzcgb\n|raw|zfbzcgb's rating: 1192 → 1222<\/strong> (+30 for winning)\n|raw|coolour's rating: 1264 → 1234<\/strong> (-30 for losing)\n|l|\u2606coolour\n","uploadtime":1681898642,"views":14,"p1id":"zfbzcgb","p2id":"coolour","formatid":"gen9vgc2023regulationc","rating":1222,"private":0,"password":""}