{"id":"gen9vgc2023regulationc-1858298291","p1":"123rffaa","p2":"Hugs Kryptonite","format":"[Gen 9] VGC 2023 Regulation C","log":"|j|\u2606123rffaa\n|j|\u2606Hugs Kryptonite\n|t:|1683299708\n|gametype|doubles\n|player|p1|123rffaa|dawn|1152\n|player|p2|Hugs Kryptonite|169|1114\n|teamsize|p1|6\n|teamsize|p2|6\n|gen|9\n|tier|[Gen 9] VGC 2023 Regulation C\n|rated|\n|rule|Species Clause: Limit one of each Pok\u00e9mon\n|rule|Item Clause: Limit one of each item\n|clearpoke\n|poke|p1|Dondozo, L50, M|\n|poke|p1|Tatsugiri, L50, M|\n|poke|p1|Chien-Pao, L50|\n|poke|p1|Dragapult, L50, F|\n|poke|p1|Dragonite, L50, F|\n|poke|p1|Glimmora, L50, F|\n|poke|p2|Gastrodon-East, L50, F|\n|poke|p2|Slowking, L50, M|\n|poke|p2|Dondozo, L50, M|\n|poke|p2|Tatsugiri, L50, M|\n|poke|p2|Flutter Mane, L50|\n|poke|p2|Iron Bundle, L50|\n|teampreview|4\n|inactive|Battle timer is ON: inactive players will automatically lose when time's up. (requested by Hugs Kryptonite)\nHugs Kryptonite rejected open team sheets.\n|c|\u2606Hugs Kryptonite|hurry up please, so more bad luck can manifest and ruin my day\n|inactive|123rffaa has 60 seconds left.\n|inactive|123rffaa has 30 seconds left.\n|inactive|123rffaa has 20 seconds left.\n|c|\u2606Hugs Kryptonite|okay stall it out, be a despicable person\n|c|\u2606Hugs Kryptonite|thats cool too\n|inactive|123rffaa has 15 seconds left.\n|\n|t:|1683299812\n|start\n|switch|p1a: Chien-Pao|Chien-Pao, L50|100\/100\n|switch|p1b: Dragapult|Dragapult, L50, F|100\/100\n|switch|p2a: Flutter Mane|Flutter Mane, L50|100\/100\n|switch|p2b: Iron Bundle|Iron Bundle, L50|100\/100\n|-ability|p1a: Chien-Pao|Sword of Ruin\n|-enditem|p2a: Flutter Mane|Booster Energy\n|-activate|p2a: Flutter Mane|ability: Protosynthesis|[fromitem]\n|-start|p2a: Flutter Mane|protosynthesisspe\n|turn|1\n|c|\u2606Hugs Kryptonite|wow, so much though in your lead\n|c|\u2606Hugs Kryptonite|im genuinely shocked :O\n|inactive|123rffaa has 30 seconds left.\n|inactive|Hugs Kryptonite has 30 seconds left.\n|\n|t:|1683299842\n|-terastallize|p1b: Dragapult|Steel\n|move|p1a: Chien-Pao|Protect|p1a: Chien-Pao\n|-singleturn|p1a: Chien-Pao|Protect\n|move|p2a: Flutter Mane|Dazzling Gleam|p1b: Dragapult|[spread] p1b\n|-activate|p1a: Chien-Pao|move: Protect\n|-resisted|p1b: Dragapult\n|-damage|p1b: Dragapult|79\/100\n|move|p2b: Iron Bundle|Icy Wind|p1b: Dragapult|[spread] p1b\n|-activate|p1a: Chien-Pao|move: Protect\n|-resisted|p1b: Dragapult\n|-damage|p1b: Dragapult|64\/100\n|move|p1b: Dragapult|Phantom Force||[still]\n|-prepare|p1b: Dragapult|Phantom Force\n|\n|upkeep\n|turn|2\n|\n|t:|1683299863\n|switch|p1a: Glimmora|Glimmora, L50, F|100\/100\n|move|p2b: Iron Bundle|Protect|p2b: Iron Bundle\n|-singleturn|p2b: Iron Bundle|Protect\n|move|p2a: Flutter Mane|Moonblast|p1a: Glimmora\n|-resisted|p1a: Glimmora\n|-damage|p1a: Glimmora|69\/100\n|move|p1b: Dragapult|Phantom Force|p2a: Flutter Mane|[from]lockedmove\n|-supereffective|p2a: Flutter Mane\n|-damage|p2a: Flutter Mane|0 fnt\n|faint|p2a: Flutter Mane\n|-end|p2a: Flutter Mane|Protosynthesis|[silent]\n|\n|upkeep\n|c|\u2606Hugs Kryptonite|so i run protect, you just accept that you dont hit?\n|inactive|Hugs Kryptonite has 30 seconds left.\n|c|\u2606Hugs Kryptonite|or you just dont think before you click?\n|inactive|Hugs Kryptonite has 20 seconds left.\n|\n|t:|1683299903\n|switch|p2a: Gastrodon|Gastrodon-East, L50, F|100\/100\n|turn|3\n|\n|t:|1683299924\n|switch|p1a: Chien-Pao|Chien-Pao, L50|100\/100\n|-ability|p1a: Chien-Pao|Sword of Ruin\n|move|p2a: Gastrodon|Protect|p2a: Gastrodon\n|-singleturn|p2a: Gastrodon|Protect\n|move|p2b: Iron Bundle|Water Pulse|p2a: Gastrodon\n|-activate|p2a: Gastrodon|ability: Storm Drain\n|-activate|p2a: Gastrodon|move: Protect\n|move|p1b: Dragapult|Phantom Force||[still]\n|-prepare|p1b: Dragapult|Phantom Force\n|\n|upkeep\n|turn|4\n|\n|t:|1683299947\n|move|p2b: Iron Bundle|Water Pulse|p2a: Gastrodon\n|-ability|p2a: Gastrodon|Storm Drain|boost\n|-boost|p2a: Gastrodon|spa|1\n|move|p1a: Chien-Pao|Crunch|p2a: Gastrodon\n|-damage|p2a: Gastrodon|45\/100\n|-unboost|p2a: Gastrodon|def|1\n|-enditem|p2a: Gastrodon|Sitrus Berry|[eat]\n|-heal|p2a: Gastrodon|69\/100|[from] item: Sitrus Berry\n|-damage|p1a: Chien-Pao|90\/100|[from] item: Life Orb\n|move|p1b: Dragapult|Phantom Force|p2b: Iron Bundle|[from]lockedmove\n|-enditem|p2b: Iron Bundle|Focus Sash\n|-damage|p2b: Iron Bundle|1\/100\n|move|p2a: Gastrodon|Earth Power|p1b: Dragapult\n|-supereffective|p1b: Dragapult\n|-damage|p1b: Dragapult|0 fnt\n|faint|p1b: Dragapult\n|\n|upkeep\n|\n|t:|1683299964\n|switch|p1b: Dragonite|Dragonite, L50, F|100\/100\n|turn|5\n|c|\u2606Hugs Kryptonite|your lack of response solidifies it. also ofc the 10% drop\n|c|\u2606Hugs Kryptonite|cuz your brain dead energy deserves luck on top of everything\n|inactive|Hugs Kryptonite has 30 seconds left.\n|\n|t:|1683299994\n|move|p2a: Gastrodon|Protect|p2a: Gastrodon\n|-singleturn|p2a: Gastrodon|Protect\n|move|p1b: Dragonite|Extreme Speed|p2b: Iron Bundle\n|-damage|p2b: Iron Bundle|0 fnt\n|faint|p2b: Iron Bundle\n|-end|p2b: Iron Bundle|Quark Drive|[silent]\n|move|p1a: Chien-Pao|Crunch|p2a: Gastrodon\n|-activate|p2a: Gastrodon|move: Protect\n|\n|upkeep\n|\n|t:|1683300002\n|switch|p2b: Slowking|Slowking, L50, M|100\/100\n|turn|6\n|\n|t:|1683300011\n|move|p1b: Dragonite|Extreme Speed|p2a: Gastrodon\n|-damage|p2a: Gastrodon|22\/100\n|move|p1a: Chien-Pao|Crunch|p2a: Gastrodon\n|-damage|p2a: Gastrodon|0 fnt\n|faint|p2a: Gastrodon\n|-damage|p1a: Chien-Pao|80\/100|[from] item: Life Orb\n|move|p2b: Slowking|Trick Room|p2b: Slowking\n|-fieldstart|move: Trick Room|[of] p2b: Slowking\n|\n|upkeep\n|turn|7\n|inactive|Hugs Kryptonite has 30 seconds left.\n|\n|t:|1683300037\n|move|p1a: Chien-Pao|Protect|p1a: Chien-Pao\n|-singleturn|p1a: Chien-Pao|Protect\n|move|p1b: Dragonite|Extreme Speed|p2b: Slowking\n|-damage|p2b: Slowking|56\/100\n|move|p2b: Slowking|Power Gem|p1a: Chien-Pao\n|-activate|p1a: Chien-Pao|move: Protect\n|\n|upkeep\n|turn|8\n|c|\u2606Hugs Kryptonite|just fucking end it\n|\n|t:|1683300048\n|switch|p1a: Glimmora|Glimmora, L50, F|69\/100\n|move|p1b: Dragonite|Extreme Speed|p2b: Slowking\n|-damage|p2b: Slowking|24\/100\n|move|p2b: Slowking|Power Gem|p1a: Glimmora\n|-damage|p1a: Glimmora|39\/100\n|\n|upkeep\n|turn|9\n|c|\u2606Hugs Kryptonite|you are such a dick\n|c|\u2606Hugs Kryptonite|my god\n|c|\u2606Hugs Kryptonite|I hope you fucking break 3 toes and rip the nails off\n|c|\u2606Hugs Kryptonite|that would be fair\n|inactive|Hugs Kryptonite has 30 seconds left.\n|-message|Hugs Kryptonite forfeited.\n|\n|win|123rffaa\n|raw|123rffaa's rating: 1152 → 1174<\/strong> (+22 for winning)\n|raw|Hugs Kryptonite's rating: 1114 → 1092<\/strong> (-22 for losing)\n|l|\u2606Hugs Kryptonite\n","uploadtime":1683300069,"views":11,"p1id":"123rffaa","p2id":"hugskryptonite","formatid":"gen9vgc2023regulationc","rating":1092,"private":0,"password":""}