{"id":"gen9vgc2023regulationc-1852882673","p1":"littlerootlessons","p2":"Aboogaboogaboo","format":"[Gen 9] VGC 2023 Regulation C","log":"|j|\u2606littlerootlessons\n|j|\u2606Aboogaboogaboo\n|t:|1682614230\n|gametype|doubles\n|player|p1|littlerootlessons|wattson|1062\n|player|p2|Aboogaboogaboo|doubleteam|1140\n|teamsize|p1|6\n|teamsize|p2|6\n|gen|9\n|tier|[Gen 9] VGC 2023 Regulation C\n|rated|\n|rule|Species Clause: Limit one of each Pok\u00e9mon\n|rule|Item Clause: Limit one of each item\n|clearpoke\n|poke|p1|Scizor, L50, F|\n|poke|p1|Iron Bundle, L50|\n|poke|p1|Maushold-Four, L50|\n|poke|p1|Annihilape, L50, M|\n|poke|p1|Chien-Pao, L50|\n|poke|p1|Arcanine, L50, M|\n|poke|p2|Pelipper, L50, M|\n|poke|p2|Iron Moth, L50|\n|poke|p2|Palafin, L50, M|\n|poke|p2|Chien-Pao, L50|\n|poke|p2|Gyarados, L50, M|\n|poke|p2|Corviknight, L50, F|\n|teampreview|4\n|inactive|Battle timer is ON: inactive players will automatically lose when time's up. (requested by Aboogaboogaboo)\n|\n|t:|1682614251\n|start\n|switch|p1a: Iron Bundle|Iron Bundle, L50|100\/100\n|switch|p1b: Maushold|Maushold-Four, L50|100\/100\n|switch|p2a: Palafin|Palafin, L50, M|100\/100\n|switch|p2b: Corviknight|Corviknight, L50, F, shiny|100\/100\n|-enditem|p1a: Iron Bundle|Booster Energy\n|-activate|p1a: Iron Bundle|ability: Quark Drive|[fromitem]\n|-start|p1a: Iron Bundle|quarkdrivespe\n|turn|1\n|\n|t:|1682614272\n|detailschange|p2a: Palafin|Palafin-Hero, L50, M\n|switch|p2a: Iron Moth|Iron Moth, L50|100\/100\n|-enditem|p2a: Iron Moth|Booster Energy\n|-activate|p2a: Iron Moth|ability: Quark Drive|[fromitem]\n|-start|p2a: Iron Moth|quarkdrivespa\n|move|p1a: Iron Bundle|Hydro Pump|p2b: Corviknight\n|-damage|p2b: Corviknight|54\/100\n|move|p1b: Maushold|Thunder Wave|p2a: Iron Moth|[miss]\n|-miss|p1b: Maushold|p2a: Iron Moth\n|move|p2b: Corviknight|Bulk Up|p2b: Corviknight\n|-boost|p2b: Corviknight|atk|1\n|-boost|p2b: Corviknight|def|1\n|\n|-heal|p2b: Corviknight|60\/100|[from] item: Leftovers\n|upkeep\n|turn|2\n|\n|t:|1682614294\n|move|p1a: Iron Bundle|Hydro Pump|p2a: Iron Moth\n|-supereffective|p2a: Iron Moth\n|-damage|p2a: Iron Moth|0 fnt\n|faint|p2a: Iron Moth\n|-end|p2a: Iron Moth|Quark Drive|[silent]\n|move|p1b: Maushold|Thunder Wave|p2b: Corviknight\n|-status|p2b: Corviknight|par\n|move|p2b: Corviknight|Iron Head|p1a: Iron Bundle\n|-damage|p1a: Iron Bundle|61\/100\n|\n|-heal|p2b: Corviknight|65\/100 par|[from] item: Leftovers\n|upkeep\n|\n|t:|1682614301\n|switch|p2a: Palafin|Palafin-Hero, L50, M|100\/100\n|-activate|p2a: Palafin|ability: Zero to Hero\n|turn|3\n|\n|t:|1682614314\n|move|p1a: Iron Bundle|Protect|p1a: Iron Bundle\n|-singleturn|p1a: Iron Bundle|Protect\n|move|p1b: Maushold|Thunder Wave|p2a: Palafin\n|-status|p2a: Palafin|par\n|move|p2a: Palafin|Close Combat|p1a: Iron Bundle\n|-activate|p1a: Iron Bundle|move: Protect\n|cant|p2b: Corviknight|par\n|\n|-heal|p2b: Corviknight|71\/100 par|[from] item: Leftovers\n|upkeep\n|turn|4\n|\n|t:|1682614327\n|move|p1b: Maushold|Follow Me|p1b: Maushold\n|-singleturn|p1b: Maushold|move: Follow Me\n|move|p1a: Iron Bundle|Freeze-Dry|p2a: Palafin\n|-supereffective|p2a: Palafin\n|-damage|p2a: Palafin|35\/100 par\n|move|p2a: Palafin|Close Combat|p1b: Maushold\n|-supereffective|p1b: Maushold\n|-damage|p1b: Maushold|0 fnt\n|-unboost|p2a: Palafin|def|1\n|-unboost|p2a: Palafin|spd|1\n|faint|p1b: Maushold\n|move|p2b: Corviknight|Iron Head|p1a: Iron Bundle\n|-damage|p1a: Iron Bundle|8\/100\n|\n|-heal|p2b: Corviknight|77\/100 par|[from] item: Leftovers\n|upkeep\n|\n|t:|1682614338\n|switch|p1b: Chien-Pao|Chien-Pao, L50|100\/100\n|-ability|p1b: Chien-Pao|Sword of Ruin\n|turn|5\n|\n|t:|1682614349\n|move|p1a: Iron Bundle|Freeze-Dry|p2a: Palafin\n|-supereffective|p2a: Palafin\n|-damage|p2a: Palafin|0 fnt\n|faint|p2a: Palafin\n|move|p1b: Chien-Pao|Sacred Sword|p2b: Corviknight\n|-damage|p2b: Corviknight|44\/100 par\n|move|p2b: Corviknight|Iron Head|p1a: Iron Bundle\n|-damage|p1a: Iron Bundle|0 fnt\n|faint|p1a: Iron Bundle\n|-end|p1a: Iron Bundle|Quark Drive|[silent]\n|\n|-heal|p2b: Corviknight|50\/100 par|[from] item: Leftovers\n|upkeep\n|\n|t:|1682614358\n|switch|p1a: Annihilape|Annihilape, L50, M|100\/100\n|switch|p2a: Pelipper|Pelipper, L50, M|100\/100\n|-weather|RainDance|[from] ability: Drizzle|[of] p2a: Pelipper\n|turn|6\n|inactive|littlerootlessons has 30 seconds left.\n|\n|t:|1682614384\n|-terastallize|p2a: Pelipper|Flying\n|move|p1a: Annihilape|Protect|p1a: Annihilape\n|-singleturn|p1a: Annihilape|Protect\n|move|p1b: Chien-Pao|Ice Spinner|p2a: Pelipper\n|-supereffective|p2a: Pelipper\n|-damage|p2a: Pelipper|0 fnt\n|faint|p2a: Pelipper\n|cant|p2b: Corviknight|par\n|\n|-weather|RainDance|[upkeep]\n|-heal|p2b: Corviknight|56\/100 par|[from] item: Leftovers\n|upkeep\n|turn|7\n|\n|t:|1682614405\n|-terastallize|p1a: Annihilape|Fire\n|move|p1b: Chien-Pao|Sacred Sword|p2b: Corviknight\n|-damage|p2b: Corviknight|24\/100 par\n|move|p1a: Annihilape|Drain Punch|p2b: Corviknight\n|-damage|p2b: Corviknight|2\/100 par\n|cant|p2b: Corviknight|par\n|\n|-weather|RainDance|[upkeep]\n|-heal|p2b: Corviknight|8\/100 par|[from] item: Leftovers\n|upkeep\n|turn|8\n|\n|t:|1682614414\n|move|p1b: Chien-Pao|Sacred Sword|p2b: Corviknight\n|-damage|p2b: Corviknight|0 fnt\n|faint|p2b: Corviknight\n|\n|win|littlerootlessons\n|raw|littlerootlessons's rating: 1062 → 1099<\/strong> (+37 for winning)\n|raw|Aboogaboogaboo's rating: 1140 → 1109<\/strong> (-31 for losing)\n|l|\u2606Aboogaboogaboo\n|c|\u2606littlerootlessons|GG\n","uploadtime":1682614422,"views":7,"p1id":"littlerootlessons","p2id":"aboogaboogaboo","formatid":"gen9vgc2023regulationc","rating":1099,"private":0,"password":""}