{"id":"gen9vgc2023regulationc-1864089217","p1":"xplodingpigz","p2":"thrillcorner","format":"[Gen 9] VGC 2023 Regulation C","log":"|j|\u2606xplodingpigz\n|j|\u2606thrillcorner\n|t:|1684115828\n|gametype|doubles\n|player|p1|xplodingpigz|169|1370\n|player|p2|thrillcorner|red-masters2|1488\n|teamsize|p1|6\n|teamsize|p2|6\n|gen|9\n|tier|[Gen 9] VGC 2023 Regulation C\n|rated|\n|rule|Species Clause: Limit one of each Pok\u00e9mon\n|rule|Item Clause: Limit one of each item\n|clearpoke\n|poke|p1|Flutter Mane, L50|\n|poke|p1|Amoonguss, L50, M|\n|poke|p1|Murkrow, L50, F|\n|poke|p1|Gholdengo, L50|\n|poke|p1|Dragonite, L50, F|\n|poke|p1|Great Tusk, L50|\n|poke|p2|Arcanine, L50, M|\n|poke|p2|Amoonguss, L50, F|\n|poke|p2|Flutter Mane, L50|\n|poke|p2|Kingambit, L50, F|\n|poke|p2|Baxcalibur, L50, M|\n|poke|p2|Iron Bundle, L50|\n|teampreview|4\nthrillcorner has agreed to open team sheets.\n|\n|t:|1684115891\n|start\n|switch|p1a: Murkrow|Murkrow, L50, F|100\/100\n|switch|p1b: Gholdengo|Gholdengo, L50|100\/100\n|switch|p2a: Ripley|Arcanine, L50, M|100\/100\n|switch|p2b: Blueshido|Kingambit, L50, F, shiny|100\/100\n|-ability|p2a: Ripley|Intimidate|boost\n|-unboost|p1a: Murkrow|atk|1\n|-unboost|p1b: Gholdengo|atk|1\n|turn|1\n|\n|t:|1684115917\n|switch|p1b: Great Tusk|Great Tusk, L50|100\/100\n|move|p1a: Murkrow|Tailwind|p1a: Murkrow\n|-sidestart|p1: xplodingpigz|move: Tailwind\n|move|p2a: Ripley|Flare Blitz|p1a: Murkrow\n|-damage|p1a: Murkrow|51\/100\n|-damage|p2a: Ripley|87\/100|[from] Recoil\n|move|p2b: Blueshido|Swords Dance|p2b: Blueshido\n|-boost|p2b: Blueshido|atk|2\n|\n|upkeep\n|turn|2\n|\n|t:|1684115951\n|switch|p2a: Spordyceps|Amoonguss, L50, F|100\/100\n|move|p2b: Blueshido|Protect|p2b: Blueshido\n|-singleturn|p2b: Blueshido|Protect\n|move|p1b: Great Tusk|Earthquake|p2a: Spordyceps|[spread] p2a\n|-activate|p2b: Blueshido|move: Protect\n|-immune|p1a: Murkrow\n|-damage|p2a: Spordyceps|66\/100\n|move|p1a: Murkrow|Foul Play|p2b: Blueshido\n|-activate|p2b: Blueshido|move: Protect\n|\n|upkeep\n|turn|3\n|\n|t:|1684115987\n|-terastallize|p2b: Blueshido|Dark\n|move|p1a: Murkrow|Haze|p1a: Murkrow\n|-clearallboost\n|move|p2b: Blueshido|Sucker Punch||[still]\n|-fail|p2b: Blueshido\n|move|p1b: Great Tusk|Earthquake|p2a: Spordyceps|[spread] p2a,p2b\n|-immune|p1a: Murkrow\n|-damage|p2a: Spordyceps|30\/100\n|-damage|p2b: Blueshido|67\/100\n|-enditem|p2a: Spordyceps|Sitrus Berry|[eat]\n|-heal|p2a: Spordyceps|55\/100|[from] item: Sitrus Berry\n|move|p2a: Spordyceps|Spore|p1b: Great Tusk\n|-status|p1b: Great Tusk|slp|[from] move: Spore\n|\n|upkeep\n|turn|4\n|\n|t:|1684116018\n|cant|p1b: Great Tusk|slp\n|move|p1a: Murkrow|Foul Play|p2b: Blueshido\n|-resisted|p2b: Blueshido\n|-damage|p2b: Blueshido|47\/100\n|move|p2b: Blueshido|Swords Dance|p2b: Blueshido\n|-boost|p2b: Blueshido|atk|2\n|move|p2a: Spordyceps|Spore|p1a: Murkrow\n|-status|p1a: Murkrow|slp|[from] move: Spore\n|\n|-sideend|p1: xplodingpigz|move: Tailwind\n|upkeep\n|turn|5\n|\n|t:|1684116033\n|cant|p1a: Murkrow|slp\n|cant|p1b: Great Tusk|slp\n|move|p2b: Blueshido|Kowtow Cleave|p1a: Murkrow\n|-resisted|p1a: Murkrow\n|-damage|p1a: Murkrow|0 fnt\n|faint|p1a: Murkrow\n|move|p2a: Spordyceps|Pollen Puff|p2b: Blueshido\n|-heal|p2b: Blueshido|97\/100\n|\n|upkeep\n|-message|xplodingpigz forfeited.\n|\n|win|thrillcorner\n|raw|xplodingpigz's rating: 1370 → 1357<\/strong> (-13 for losing)\n|raw|thrillcorner's rating: 1488 → 1501<\/strong> (+13 for winning)\n|l|\u2606xplodingpigz\n","uploadtime":1684116049,"views":42,"p1id":"xplodingpigz","p2id":"thrillcorner","formatid":"gen9vgc2023regulationc","rating":1357,"private":0,"password":""}