{"id":"gen9vgc2023regulationc-1862942527","p1":"KiryaeTest","p2":"PONLO_A25PRUEBA","format":"[Gen 9] VGC 2023 Regulation C","log":"|j|\u2606KiryaeTest\n|j|\u2606PONLO_A25PRUEBA\n|t:|1683941643\n|gametype|doubles\n|player|p1|KiryaeTest|169|1339\n|player|p2|PONLO_A25PRUEBA|tate|1436\n|teamsize|p1|6\n|teamsize|p2|6\n|gen|9\n|tier|[Gen 9] VGC 2023 Regulation C\n|rated|\n|rule|Species Clause: Limit one of each Pok\u00e9mon\n|rule|Item Clause: Limit one of each item\n|clearpoke\n|poke|p1|Farigiraf, L50, F|\n|poke|p1|Iron Hands, L50|\n|poke|p1|Flutter Mane, L50|\n|poke|p1|Ting-Lu, L50|\n|poke|p1|Baxcalibur, L50, F|\n|poke|p1|Gyarados, L50, M|\n|poke|p2|Ting-Lu, L50|\n|poke|p2|Grimmsnarl, L50, M|\n|poke|p2|Iron Bundle, L50|\n|poke|p2|Annihilape, L50, M|\n|poke|p2|Arcanine, L50, F|\n|poke|p2|Flutter Mane, L50|\n|teampreview|4\n|inactive|Battle timer is ON: inactive players will automatically lose when time's up. (requested by KiryaeTest)\nKiryaeTest has agreed to open team sheets.\nPONLO_A25PRUEBA has agreed to open team sheets.\n|inactive|KiryaeTest has 60 seconds left.\n|inactive|PONLO_A25PRUEBA has 60 seconds left.\n|inactive|KiryaeTest has 30 seconds left.\n|inactive|PONLO_A25PRUEBA has 30 seconds left.\n|inactive|KiryaeTest has 20 seconds left.\n|inactive|PONLO_A25PRUEBA has 20 seconds left.\n|inactive|KiryaeTest has 15 seconds left.\n|inactive|KiryaeTest has 10 seconds left.\n|inactive|KiryaeTest has 5 seconds left.\n|\n|t:|1683941733\n|start\n|switch|p1a: Ting-Lu|Ting-Lu, L50|100\/100\n|switch|p1b: Gyarados|Gyarados, L50, M|100\/100\n|switch|p2a: Grimmsnarl|Grimmsnarl, L50, M|100\/100\n|switch|p2b: Flutter Mane|Flutter Mane, L50, shiny|100\/100\n|-ability|p1b: Gyarados|Intimidate|boost\n|-unboost|p2a: Grimmsnarl|atk|1\n|-unboost|p2b: Flutter Mane|atk|1\n|-ability|p1a: Ting-Lu|Vessel of Ruin\n|-enditem|p2b: Flutter Mane|Booster Energy\n|-activate|p2b: Flutter Mane|ability: Protosynthesis|[fromitem]\n|-start|p2b: Flutter Mane|protosynthesisspe\n|turn|1\n|inactive|KiryaeTest has 30 seconds left.\n|\n|t:|1683941765\n|-end|p2b: Flutter Mane|Protosynthesis|[silent]\n|switch|p2b: Annihilape|Annihilape, L50, M|100\/100\n|-terastallize|p1a: Ting-Lu|Poison\n|move|p2a: Grimmsnarl|Misty Terrain|p2a: Grimmsnarl\n|-fieldstart|move: Misty Terrain\n|move|p1b: Gyarados|Taunt|p2a: Grimmsnarl\n|-start|p2a: Grimmsnarl|move: Taunt\n|move|p1a: Ting-Lu|Earthquake|p2b: Annihilape|[spread] p2a,p2b\n|-immune|p1b: Gyarados\n|-damage|p2a: Grimmsnarl|66\/100\n|-damage|p2b: Annihilape|62\/100\n|\n|upkeep\n|turn|2\n|inactive|PONLO_A25PRUEBA has 30 seconds left.\n|inactive|PONLO_A25PRUEBA has 20 seconds left.\n|inactive|KiryaeTest has 30 seconds left.\n|inactive|PONLO_A25PRUEBA has 15 seconds left.\n|inactive|KiryaeTest has 20 seconds left.\n|inactive|KiryaeTest has 15 seconds left.\n|\n|t:|1683941820\n|switch|p2a: Flutter Mane|Flutter Mane, L50, shiny|100\/100\n|move|p2b: Annihilape|Bulk Up|p2b: Annihilape\n|-boost|p2b: Annihilape|atk|1\n|-boost|p2b: Annihilape|def|1\n|move|p1b: Gyarados|Waterfall|p2b: Annihilape\n|-damage|p2b: Annihilape|39\/100\n|move|p1a: Ting-Lu|Earthquake|p2b: Annihilape|[spread] p2a,p2b\n|-immune|p1b: Gyarados\n|-damage|p2a: Flutter Mane|39\/100\n|-damage|p2b: Annihilape|16\/100\n|\n|upkeep\n|turn|3\n|inactive|KiryaeTest has 30 seconds left.\n|\n|t:|1683941851\n|-end|p2a: Flutter Mane|Protosynthesis|[silent]\n|switch|p2a: Grimmsnarl|Grimmsnarl, L50, M|66\/100\n|move|p2b: Annihilape|Protect|p2b: Annihilape\n|-singleturn|p2b: Annihilape|Protect\n|move|p1b: Gyarados|Protect|p1b: Gyarados\n|-singleturn|p1b: Gyarados|Protect\n|move|p1a: Ting-Lu|Earthquake|p2a: Grimmsnarl|[spread] p2a\n|-activate|p1b: Gyarados|move: Protect\n|-activate|p2b: Annihilape|move: Protect\n|-damage|p2a: Grimmsnarl|27\/100\n|\n|upkeep\n|turn|4\n|inactive|KiryaeTest has 30 seconds left.\n|inactive|KiryaeTest has 20 seconds left.\n|inactive|KiryaeTest has 15 seconds left.\n|\n|t:|1683941892\n|-terastallize|p2b: Annihilape|Water\n|move|p2a: Grimmsnarl|Parting Shot|p1a: Ting-Lu\n|-unboost|p1a: Ting-Lu|atk|1\n|-unboost|p1a: Ting-Lu|spa|1\n|\n|t:|1683941896\n|switch|p2a: Flutter Mane|Flutter Mane, L50, shiny|39\/100|[from] Parting Shot\n|move|p2b: Annihilape|Rage Fist|p1a: Ting-Lu\n|-damage|p1a: Ting-Lu|23\/100\n|move|p1b: Gyarados|Waterfall|p2a: Flutter Mane\n|-damage|p2a: Flutter Mane|0 fnt\n|faint|p2a: Flutter Mane\n|-end|p2a: Flutter Mane|Protosynthesis|[silent]\n|move|p1a: Ting-Lu|Earthquake|p2b: Annihilape|[spread] p2b\n|-immune|p1b: Gyarados\n|-damage|p2b: Annihilape|0 fnt\n|faint|p2b: Annihilape\n|\n|upkeep\n|\n|t:|1683941901\n|switch|p2a: Grimmsnarl|Grimmsnarl, L50, M|27\/100\n|switch|p2b: Iron Bundle|Iron Bundle, L50|100\/100\n|turn|5\n|-message|PONLO_A25PRUEBA forfeited.\n|\n|win|KiryaeTest\n|raw|KiryaeTest's rating: 1339 → 1364<\/strong> (+25 for winning)\n|raw|PONLO_A25PRUEBA's rating: 1436 → 1411<\/strong> (-25 for losing)\n|l|\u2606PONLO_A25PRUEBA\n","uploadtime":1683941916,"views":8,"p1id":"kiryaetest","p2id":"ponloa25prueba","formatid":"gen9vgc2023regulationc","rating":1364,"private":0,"password":""}