{"id":"gen9vgc2023regulationc-1857834426","p1":"DarthIgnus","p2":"isoodd","format":"[Gen 9] VGC 2023 Regulation C","log":"|j|\u2606DarthIgnus\n|j|\u2606isoodd\n|t:|1683236795\n|gametype|doubles\n|player|p1|DarthIgnus|dragontamer|1387\n|player|p2|isoodd|102|1283\n|teamsize|p1|6\n|teamsize|p2|6\n|gen|9\n|tier|[Gen 9] VGC 2023 Regulation C\n|rated|\n|rule|Species Clause: Limit one of each Pok\u00e9mon\n|rule|Item Clause: Limit one of each item\n|clearpoke\n|poke|p1|Arcanine, L50, F|\n|poke|p1|Amoonguss, L50, F|\n|poke|p1|Palafin, L50, F|\n|poke|p1|Kingambit, L50, M|\n|poke|p1|Dragonite, L50, F|\n|poke|p1|Flutter Mane, L50|\n|poke|p2|Gallade, L50, M|\n|poke|p2|Kingambit, L50, F|\n|poke|p2|Flutter Mane, L50|\n|poke|p2|Iron Bundle, L50|\n|poke|p2|Chi-Yu, L50|\n|poke|p2|Amoonguss, L50, M|\n|teampreview|4\nDarthIgnus has agreed to open team sheets.\n|inactive|Battle timer is ON: inactive players will automatically lose when time's up. (requested by isoodd)\nisoodd has agreed to open team sheets.\n|inactive|DarthIgnus has 60 seconds left.\n|inactive|DarthIgnus has 30 seconds left.\n|inactive|DarthIgnus has 20 seconds left.\n|inactive|DarthIgnus has 15 seconds left.\n|inactive|DarthIgnus has 10 seconds left.\n|inactive|DarthIgnus has 5 seconds left.\n|\n|t:|1683236923\n|start\n|switch|p1a: Palafin|Palafin, L50, F|100\/100\n|switch|p1b: Amoonguss|Amoonguss, L50, F|100\/100\n|switch|p2a: Gallade|Gallade, L50, M|100\/100\n|switch|p2b: Kingambit|Kingambit, L50, F|100\/100\n|turn|1\n|inactive|DarthIgnus has 30 seconds left.\n|inactive|DarthIgnus has 20 seconds left.\n|\n|t:|1683236959\n|-terastallize|p2a: Gallade|Psychic\n|move|p1a: Palafin|Protect|p1a: Palafin\n|-singleturn|p1a: Palafin|Protect\n|move|p2a: Gallade|Psycho Cut|p1b: Amoonguss\n|-supereffective|p1b: Amoonguss\n|-damage|p1b: Amoonguss|0 fnt\n|faint|p1b: Amoonguss\n|move|p2b: Kingambit|Swords Dance|p2b: Kingambit\n|-boost|p2b: Kingambit|atk|2\n|\n|upkeep\n|\n|t:|1683236970\n|switch|p1b: Flutter Mane|Flutter Mane, L50|100\/100\n|-enditem|p1b: Flutter Mane|Booster Energy\n|-activate|p1b: Flutter Mane|ability: Protosynthesis|[fromitem]\n|-start|p1b: Flutter Mane|protosynthesisspa\n|turn|2\n|inactive|isoodd has 30 seconds left.\n|\n|t:|1683236998\n|move|p1a: Palafin|Jet Punch|p2a: Gallade\n|-damage|p2a: Gallade|52\/100\n|move|p1b: Flutter Mane|Substitute|p1b: Flutter Mane\n|-start|p1b: Flutter Mane|Substitute\n|-damage|p1b: Flutter Mane|75\/100\n|move|p2a: Gallade|Sacred Sword|p1a: Palafin\n|-damage|p1a: Palafin|21\/100\n|move|p2b: Kingambit|Assurance|p1b: Flutter Mane\n|-end|p1b: Flutter Mane|Substitute\n|\n|upkeep\n|turn|3\n|inactive|DarthIgnus has 30 seconds left.\n|inactive|DarthIgnus has 20 seconds left.\n|inactive|DarthIgnus has 15 seconds left.\n|inactive|DarthIgnus has 10 seconds left.\n|\n|t:|1683237046\n|move|p1b: Flutter Mane|Protect|p1b: Flutter Mane\n|-singleturn|p1b: Flutter Mane|Protect\n|move|p1a: Palafin|Protect|p1a: Palafin\n|-singleturn|p1a: Palafin|Protect\n|move|p2b: Kingambit|Sucker Punch||[still]\n|-fail|p2b: Kingambit\n|move|p2a: Gallade|Sacred Sword|p1a: Palafin\n|-activate|p1a: Palafin|move: Protect\n|\n|upkeep\n|turn|4\n|\n|t:|1683237068\n|-terastallize|p1a: Palafin|Water\n|move|p2b: Kingambit|Protect|p2b: Kingambit\n|-singleturn|p2b: Kingambit|Protect\n|move|p1a: Palafin|Jet Punch|p2a: Gallade\n|-damage|p2a: Gallade|0 fnt\n|faint|p2a: Gallade\n|move|p1b: Flutter Mane|Substitute|p1b: Flutter Mane\n|-start|p1b: Flutter Mane|Substitute\n|-damage|p1b: Flutter Mane|50\/100\n|\n|upkeep\n|\n|t:|1683237082\n|switch|p2a: Iron Bundle|Iron Bundle, L50|100\/100\n|-enditem|p2a: Iron Bundle|Booster Energy\n|-activate|p2a: Iron Bundle|ability: Quark Drive|[fromitem]\n|-start|p2a: Iron Bundle|quarkdrivespe\n|turn|5\n|\n|t:|1683237097\n|detailschange|p1a: Palafin|Palafin-Hero, L50, F, tera:Water\n|switch|p1a: Kingambit|Kingambit, L50, M|100\/100\n|move|p1b: Flutter Mane|Protect|p1b: Flutter Mane\n|-singleturn|p1b: Flutter Mane|Protect\n|move|p2a: Iron Bundle|Freeze-Dry|p1a: Kingambit\n|-resisted|p1a: Kingambit\n|-damage|p1a: Kingambit|85\/100\n|move|p2b: Kingambit|Assurance|p1b: Flutter Mane\n|-activate|p1b: Flutter Mane|move: Protect\n|\n|upkeep\n|turn|6\n|\n|t:|1683237119\n|move|p2b: Kingambit|Sucker Punch|p1b: Flutter Mane\n|-end|p1b: Flutter Mane|Substitute\n|move|p2a: Iron Bundle|Hydro Pump|p1b: Flutter Mane|[miss]\n|-miss|p2a: Iron Bundle|p1b: Flutter Mane\n|move|p1b: Flutter Mane|Moonblast|p2b: Kingambit\n|-damage|p2b: Kingambit|45\/100\n|move|p1a: Kingambit|Kowtow Cleave|p2b: Kingambit\n|-resisted|p2b: Kingambit\n|-damage|p2b: Kingambit|25\/100\n|\n|upkeep\n|turn|7\n|inactive|isoodd has 30 seconds left.\n|\n|t:|1683237145\n|move|p1b: Flutter Mane|Protect|p1b: Flutter Mane\n|-singleturn|p1b: Flutter Mane|Protect\n|move|p2a: Iron Bundle|Hydro Pump|p1a: Kingambit\n|-damage|p1a: Kingambit|31\/100\n|move|p1a: Kingambit|Swords Dance|p1a: Kingambit\n|-boost|p1a: Kingambit|atk|2\n|move|p2b: Kingambit|Swords Dance|p2b: Kingambit\n|-boost|p2b: Kingambit|atk|2\n|\n|upkeep\n|turn|8\n|\n|t:|1683237162\n|move|p2b: Kingambit|Protect|p2b: Kingambit\n|-singleturn|p2b: Kingambit|Protect\n|move|p1a: Kingambit|Sucker Punch|p2a: Iron Bundle\n|-damage|p2a: Iron Bundle|3\/100\n|move|p2a: Iron Bundle|Hydro Pump|p1b: Flutter Mane\n|-damage|p1b: Flutter Mane|2\/100\n|move|p1b: Flutter Mane|Substitute|p1b: Flutter Mane\n|-fail|p1b: Flutter Mane|move: Substitute|[weak]\n|\n|upkeep\n|turn|9\n|\n|t:|1683237184\n|move|p2a: Iron Bundle|Protect|p2a: Iron Bundle\n|-singleturn|p2a: Iron Bundle|Protect\n|move|p1a: Kingambit|Sucker Punch||[still]\n|-fail|p1a: Kingambit\n|move|p2b: Kingambit|Sucker Punch|p1b: Flutter Mane\n|-damage|p1b: Flutter Mane|0 fnt\n|faint|p1b: Flutter Mane\n|-end|p1b: Flutter Mane|Protosynthesis|[silent]\n|\n|upkeep\n|\n|t:|1683237192\n|switch|p1b: Palafin|Palafin-Hero, L50, F, tera:Water|21\/100\n|-activate|p1b: Palafin|ability: Zero to Hero\n|turn|10\n|\n|t:|1683237210\n|move|p2a: Iron Bundle|Protect||[still]\n|-fail|p2a: Iron Bundle\n|move|p1b: Palafin|Jet Punch|p2b: Kingambit\n|-damage|p2b: Kingambit|0 fnt\n|faint|p2b: Kingambit\n|move|p1a: Kingambit|Sucker Punch||[still]\n|-fail|p1a: Kingambit\n|\n|upkeep\n|\n|t:|1683237218\n|switch|p2b: Flutter Mane|Flutter Mane, L50, shiny|100\/100\n|turn|11\n|\n|t:|1683237226\n|move|p2a: Iron Bundle|Protect|p2a: Iron Bundle\n|-singleturn|p2a: Iron Bundle|Protect\n|move|p1b: Palafin|Jet Punch|p2a: Iron Bundle\n|-activate|p2a: Iron Bundle|move: Protect\n|move|p1a: Kingambit|Sucker Punch|p2b: Flutter Mane\n|-damage|p2b: Flutter Mane|0 fnt\n|faint|p2b: Flutter Mane\n|-end|p2b: Flutter Mane|Protosynthesis|[silent]\n|\n|upkeep\n|turn|12\n|-message|isoodd forfeited.\n|\n|win|DarthIgnus\n|raw|DarthIgnus's rating: 1387 → 1401<\/strong> (+14 for winning)\n|raw|isoodd's rating: 1283 → 1265<\/strong> (-18 for losing)\n|l|\u2606isoodd\n|c|\u2606DarthIgnus|gg\n","uploadtime":1683237250,"views":15,"p1id":"darthignus","p2id":"isoodd","formatid":"gen9vgc2023regulationc","rating":1265,"private":0,"password":""}