{"id":"gen9vgc2023regulationc-1847884126","p1":"Vgchris0607k","p2":"Gobills716","format":"[Gen 9] VGC 2023 Regulation C","log":"|j|\u2606Vgchris0607k\n|j|\u2606Gobills716\n|t:|1682009816\n|gametype|doubles\n|player|p1|Vgchris0607k|266|1324\n|player|p2|Gobills716|1|1431\n|teamsize|p1|6\n|teamsize|p2|6\n|gen|9\n|tier|[Gen 9] VGC 2023 Regulation C\n|rated|\n|rule|Species Clause: Limit one of each Pok\u00e9mon\n|rule|Item Clause: Limit one of each item\n|clearpoke\n|poke|p1|Flutter Mane, L50|\n|poke|p1|Dragonite, L50, M|\n|poke|p1|Sandy Shocks, L50|\n|poke|p1|Talonflame, L50, M|\n|poke|p1|Farigiraf, L50, M|\n|poke|p1|Chien-Pao, L50|\n|poke|p2|Ting-Lu, L50|\n|poke|p2|Amoonguss, L50, F|\n|poke|p2|Dragonite, L50, F|\n|poke|p2|Chi-Yu, L50|\n|poke|p2|Dondozo, L50, F|\n|poke|p2|Flutter Mane, L50|\n|teampreview|4\n|inactive|Battle timer is ON: inactive players will automatically lose when time's up. (requested by Vgchris0607k)\n|inactive|Vgchris0607k has 60 seconds left.\n|\n|t:|1682009868\n|start\n|switch|p1a: Dragonite|Dragonite, L50, M|100\/100\n|switch|p1b: Talonflame|Talonflame, L50, M|100\/100\n|switch|p2a: Ting-Lu|Ting-Lu, L50|100\/100\n|switch|p2b: Dondozo|Dondozo, L50, F|100\/100\n|-ability|p2a: Ting-Lu|Vessel of Ruin\n|turn|1\n|\n|t:|1682009885\n|move|p1b: Talonflame|Taunt|p2b: Dondozo\n|-start|p2b: Dondozo|move: Taunt\n|move|p1a: Dragonite|Low Kick|p2a: Ting-Lu\n|-supereffective|p2a: Ting-Lu\n|-damage|p2a: Ting-Lu|10\/100\n|move|p2a: Ting-Lu|Stealth Rock|p1b: Talonflame\n|-sidestart|p1: Vgchris0607k|move: Stealth Rock\n|cant|p2b: Dondozo|move: Taunt|Yawn\n|\n|upkeep\n|turn|2\n|\n|t:|1682009909\n|move|p2a: Ting-Lu|Protect|p2a: Ting-Lu\n|-singleturn|p2a: Ting-Lu|Protect\n|move|p1b: Talonflame|Tailwind|p1b: Talonflame\n|-sidestart|p1: Vgchris0607k|move: Tailwind\n|move|p1a: Dragonite|Low Kick|p2b: Dondozo\n|-damage|p2b: Dondozo|51\/100\n|move|p2b: Dondozo|Heavy Slam|p1a: Dragonite\n|-damage|p1a: Dragonite|94\/100\n|\n|-heal|p2b: Dondozo|57\/100|[from] item: Leftovers\n|upkeep\n|turn|3\n|inactive|Gobills716 has 30 seconds left.\n|\n|t:|1682009941\n|move|p1b: Talonflame|Flare Blitz|p2a: Ting-Lu\n|-damage|p2a: Ting-Lu|0 fnt\n|faint|p2a: Ting-Lu\n|-damage|p1b: Talonflame|95\/100|[from] Recoil\n|move|p1a: Dragonite|Low Kick|p2b: Dondozo\n|-damage|p2b: Dondozo|10\/100\n|move|p2b: Dondozo|Wave Crash|p1b: Talonflame\n|-supereffective|p1b: Talonflame\n|-damage|p1b: Talonflame|0 fnt\n|faint|p1b: Talonflame\n|-damage|p2b: Dondozo|0 fnt|[from] Recoil\n|faint|p2b: Dondozo\n|\n|upkeep\n|\n|t:|1682009954\n|switch|p1b: Chien-Pao|Chien-Pao, L50|100\/100\n|switch|p2a: Chi-Yu|Chi-Yu, L50|100\/100\n|switch|p2b: Flutter Mane|Flutter Mane, L50|100\/100\n|-damage|p1b: Chien-Pao|75\/100|[from] Stealth Rock\n|-ability|p1b: Chien-Pao|Sword of Ruin\n|-ability|p2a: Chi-Yu|Beads of Ruin\n|-enditem|p2b: Flutter Mane|Booster Energy\n|-activate|p2b: Flutter Mane|ability: Protosynthesis|[fromitem]\n|-start|p2b: Flutter Mane|protosynthesisspe\n|turn|4\n|inactive|Gobills716 has 30 seconds left.\n|inactive|Gobills716 has 20 seconds left.\n|inactive|Gobills716 has 15 seconds left.\n|inactive|Gobills716 has 10 seconds left.\n|inactive|Gobills716 has 5 seconds left.\n|\n|t:|1682010008\n|switch|p1a: Farigiraf|Farigiraf, L50, M|100\/100\n|-damage|p1a: Farigiraf|88\/100|[from] Stealth Rock\n|move|p1b: Chien-Pao|Protect|p1b: Chien-Pao\n|-singleturn|p1b: Chien-Pao|Protect\n|move|p2a: Chi-Yu|Protect|p2a: Chi-Yu\n|-singleturn|p2a: Chi-Yu|Protect\n|move|p2b: Flutter Mane|Moonblast|p1a: Farigiraf\n|-damage|p1a: Farigiraf|36\/100\n|-unboost|p1a: Farigiraf|spa|1\n|\n|upkeep\n|turn|5\n|inactive|Gobills716 has 30 seconds left.\n|\n|t:|1682010034\n|-terastallize|p2b: Flutter Mane|Fairy\n|move|p1b: Chien-Pao|Sucker Punch|p2b: Flutter Mane\n|-resisted|p2b: Flutter Mane\n|-crit|p2b: Flutter Mane\n|-damage|p2b: Flutter Mane|44\/100\n|move|p2b: Flutter Mane|Moonblast|p1b: Chien-Pao\n|-supereffective|p1b: Chien-Pao\n|-damage|p1b: Chien-Pao|0 fnt\n|faint|p1b: Chien-Pao\n|move|p1a: Farigiraf|Dazzling Gleam|p2a: Chi-Yu|[spread] p2a,p2b\n|-crit|p2a: Chi-Yu\n|-damage|p2a: Chi-Yu|76\/100\n|-damage|p2b: Flutter Mane|30\/100\n|move|p2a: Chi-Yu|Nasty Plot|p2a: Chi-Yu\n|-boost|p2a: Chi-Yu|spa|2\n|\n|-sideend|p1: Vgchris0607k|move: Tailwind\n|upkeep\n|\n|t:|1682010048\n|switch|p1b: Dragonite|Dragonite, L50, M|94\/100\n|-damage|p1b: Dragonite|69\/100|[from] Stealth Rock\n|turn|6\n|\n|t:|1682010070\n|-terastallize|p1b: Dragonite|Normal\n|move|p1b: Dragonite|Extreme Speed|p2a: Chi-Yu\n|-damage|p2a: Chi-Yu|0 fnt\n|faint|p2a: Chi-Yu\n|move|p1a: Farigiraf|Ally Switch|p1a: Farigiraf\n|swap|p1a: Farigiraf|1|[from] move: Ally Switch\n|move|p2b: Flutter Mane|Moonblast|p1b: Farigiraf\n|-damage|p1b: Farigiraf|0 fnt\n|faint|p1b: Farigiraf\n|\n|upkeep\n|turn|7\n|\n|t:|1682010084\n|move|p1a: Dragonite|Extreme Speed|p2b: Flutter Mane\n|-damage|p2b: Flutter Mane|0 fnt\n|faint|p2b: Flutter Mane\n|-end|p2b: Flutter Mane|Protosynthesis|[silent]\n|\n|win|Vgchris0607k\n|raw|Vgchris0607k's rating: 1324 → 1350<\/strong> (+26 for winning)\n|raw|Gobills716's rating: 1431 → 1405<\/strong> (-26 for losing)\n|c|\u2606Vgchris0607k|ggs\n","uploadtime":1682010090,"views":10,"p1id":"vgchris0607k","p2id":"gobills716","formatid":"gen9vgc2023regulationc","rating":1350,"private":0,"password":""}