{"id":"gen9vgc2023regulationc-1855556103","p1":"Shnipe_Cizy","p2":"ellipticalcatten","format":"[Gen 9] VGC 2023 Regulation C","log":"|j|\u2606Shnipe_Cizy\n|j|\u2606ellipticalcatten\n|t:|1682961726\n|gametype|doubles\n|player|p1|Shnipe_Cizy|lance|1105\n|player|p2|ellipticalcatten|101|1063\n|teamsize|p1|6\n|teamsize|p2|6\n|gen|9\n|tier|[Gen 9] VGC 2023 Regulation C\n|rated|\n|rule|Species Clause: Limit one of each Pok\u00e9mon\n|rule|Item Clause: Limit one of each item\n|clearpoke\n|poke|p1|Iron Bundle, L50|\n|poke|p1|Chi-Yu, L50|\n|poke|p1|Gyarados, L50, F|\n|poke|p1|Amoonguss, L50, F|\n|poke|p1|Mimikyu, L50, M|\n|poke|p1|Kingambit, L50, F|\n|poke|p2|Talonflame, L50, F|\n|poke|p2|Garchomp, L50, M|\n|poke|p2|Gardevoir, L50, F|\n|poke|p2|Lycanroc-Dusk, L50, F|\n|poke|p2|Toxapex, L50, F|\n|poke|p2|Meowscarada, L50, M|\n|teampreview|4\nShnipe_Cizy has agreed to open team sheets.\n|\n|t:|1682961767\n|start\n|switch|p1a: Iron Bundle|Iron Bundle, L50|100\/100\n|switch|p1b: Kingambit|Kingambit, L50, F|100\/100\n|switch|p2a: Talonflame|Talonflame, L50, F|100\/100\n|switch|p2b: Lycanroc|Lycanroc-Dusk, L50, F|100\/100\n|-enditem|p1a: Iron Bundle|Booster Energy\n|-activate|p1a: Iron Bundle|ability: Quark Drive|[fromitem]\n|-start|p1a: Iron Bundle|quarkdrivespe\n|turn|1\n|inactive|Battle timer is ON: inactive players will automatically lose when time's up. (requested by ellipticalcatten)\n|\n|t:|1682961797\n|move|p1a: Iron Bundle|Protect|p1a: Iron Bundle\n|-singleturn|p1a: Iron Bundle|Protect\n|move|p2a: Talonflame|Tailwind|p2a: Talonflame\n|-sidestart|p2: ellipticalcatten|move: Tailwind\n|move|p2b: Lycanroc|Close Combat|p1a: Iron Bundle\n|-activate|p1a: Iron Bundle|move: Protect\n|move|p1b: Kingambit|Iron Head|p2b: Lycanroc\n|-supereffective|p2b: Lycanroc\n|-damage|p2b: Lycanroc|0 fnt\n|faint|p2b: Lycanroc\n|\n|upkeep\n|\n|t:|1682961817\n|switch|p2b: Toxapex|Toxapex, L50, F|100\/100\n|turn|2\n|\n|t:|1682961845\n|move|p2a: Talonflame|Flare Blitz|p1b: Kingambit\n|-supereffective|p1b: Kingambit\n|-damage|p1b: Kingambit|17\/100\n|-status|p1b: Kingambit|brn\n|-damage|p2a: Talonflame|69\/100|[from] Recoil\n|move|p1a: Iron Bundle|Icy Wind|p2a: Talonflame|[spread] p2a,p2b\n|-resisted|p2b: Toxapex\n|-damage|p2a: Talonflame|36\/100\n|-damage|p2b: Toxapex|93\/100\n|-unboost|p2b: Toxapex|spe|1\n|move|p1b: Kingambit|Assurance|p2b: Toxapex\n|-damage|p2b: Toxapex|71\/100\n|move|p2b: Toxapex|Infestation|p1a: Iron Bundle\n|-damage|p1a: Iron Bundle|94\/100\n|-activate|p1a: Iron Bundle|move: Infestation|[of] p2b: Toxapex\n|\n|-heal|p2b: Toxapex|77\/100|[from] item: Black Sludge\n|-damage|p1b: Kingambit|11\/100 brn|[from] brn\n|-damage|p1a: Iron Bundle|82\/100|[from] move: Infestation|[partiallytrapped]\n|upkeep\n|turn|3\n|inactive|ellipticalcatten has 30 seconds left.\n|\n|t:|1682961873\n|move|p1b: Kingambit|Sucker Punch|p2a: Talonflame\n|-damage|p2a: Talonflame|6\/100\n|move|p2a: Talonflame|Brave Bird|p1a: Iron Bundle\n|-damage|p1a: Iron Bundle|22\/100\n|-damage|p2a: Talonflame|0 fnt|[from] Recoil\n|faint|p2a: Talonflame\n|move|p1a: Iron Bundle|Freeze-Dry|p2b: Toxapex\n|-supereffective|p2b: Toxapex\n|-damage|p2b: Toxapex|20\/100\n|move|p2b: Toxapex|Infestation|p1b: Kingambit\n|-damage|p1b: Kingambit|9\/100 brn\n|-activate|p1b: Kingambit|move: Infestation|[of] p2b: Toxapex\n|\n|-heal|p2b: Toxapex|25\/100|[from] item: Black Sludge\n|-damage|p1b: Kingambit|3\/100 brn|[from] brn\n|-damage|p1a: Iron Bundle|10\/100|[from] move: Infestation|[partiallytrapped]\n|-damage|p1b: Kingambit|0 fnt|[from] move: Infestation|[partiallytrapped]\n|faint|p1b: Kingambit\n|upkeep\n|\n|t:|1682961891\n|switch|p2a: Meowscarada|Meowscarada, L50, M|100\/100\n|switch|p1b: Mimikyu|Mimikyu, L50, M|100\/100\n|turn|4\n|\n|t:|1682961911\n|move|p2b: Toxapex|Wide Guard|p2b: Toxapex\n|-singleturn|p2b: Toxapex|Wide Guard\n|move|p2a: Meowscarada|Shadow Claw|p1b: Mimikyu\n|-start|p2a: Meowscarada|typechange|Ghost|[from] ability: Protean\n|-activate|p1b: Mimikyu|ability: Disguise\n|-damage|p1b: Mimikyu|100\/100\n|detailschange|p1b: Mimikyu|Mimikyu-Busted, L50, M\n|-damage|p1b: Mimikyu|88\/100|[from] pokemon: Mimikyu-Busted\n|move|p1a: Iron Bundle|Icy Wind|p2a: Meowscarada|[spread] \n|-activate|p2a: Meowscarada|move: Wide Guard\n|-activate|p2b: Toxapex|move: Wide Guard\n|move|p1b: Mimikyu|Swords Dance|p1b: Mimikyu\n|-boost|p1b: Mimikyu|atk|2\n|\n|-heal|p2b: Toxapex|31\/100|[from] item: Black Sludge\n|-damage|p1a: Iron Bundle|0 fnt|[from] move: Infestation|[partiallytrapped]\n|faint|p1a: Iron Bundle\n|-end|p1a: Iron Bundle|Quark Drive|[silent]\n|-sideend|p2: ellipticalcatten|move: Tailwind\n|upkeep\n|\n|t:|1682961917\n|switch|p1a: Gyarados|Gyarados, L50, F|100\/100\n|-ability|p1a: Gyarados|Intimidate|boost\n|-unboost|p2a: Meowscarada|atk|1\n|-unboost|p2b: Toxapex|atk|1\n|turn|5\n|inactive|ellipticalcatten has 30 seconds left.\n|inactive|ellipticalcatten has 20 seconds left.\n|\n|t:|1682961952\n|-terastallize|p2a: Meowscarada|Grass\n|move|p1b: Mimikyu|Protect|p1b: Mimikyu\n|-singleturn|p1b: Mimikyu|Protect\n|move|p2a: Meowscarada|Shadow Claw|p1b: Mimikyu\n|-activate|p1b: Mimikyu|move: Protect\n|move|p1a: Gyarados|Waterfall|p2a: Meowscarada\n|-resisted|p2a: Meowscarada\n|-damage|p2a: Meowscarada|73\/100\n|move|p2b: Toxapex|Toxic|p1a: Gyarados\n|-status|p1a: Gyarados|tox\n|\n|-heal|p2b: Toxapex|37\/100|[from] item: Black Sludge\n|-damage|p1a: Gyarados|95\/100 tox|[from] psn\n|upkeep\n|turn|6\n|inactive|ellipticalcatten has 30 seconds left.\n|\n|t:|1682961978\n|-terastallize|p1b: Mimikyu|Ghost\n|move|p1a: Gyarados|Helping Hand|p1b: Mimikyu\n|-singleturn|p1b: Mimikyu|Helping Hand|[of] p1a: Gyarados\n|move|p1b: Mimikyu|Shadow Sneak|p2a: Meowscarada\n|-damage|p2a: Meowscarada|0 fnt\n|faint|p2a: Meowscarada\n|-damage|p1b: Mimikyu|78\/100|[from] item: Life Orb\n|move|p2b: Toxapex|Toxic|p1b: Mimikyu\n|-status|p1b: Mimikyu|tox\n|\n|-heal|p2b: Toxapex|43\/100|[from] item: Black Sludge\n|-damage|p1b: Mimikyu|72\/100 tox|[from] psn\n|-damage|p1a: Gyarados|83\/100 tox|[from] psn\n|upkeep\n|turn|7\n|\n|t:|1682961996\n|move|p1a: Gyarados|Helping Hand|p1b: Mimikyu\n|-singleturn|p1b: Mimikyu|Helping Hand|[of] p1a: Gyarados\n|move|p1b: Mimikyu|Shadow Sneak|p2b: Toxapex\n|-damage|p2b: Toxapex|0 fnt\n|faint|p2b: Toxapex\n|-damage|p1b: Mimikyu|62\/100 tox|[from] item: Life Orb\n|\n|win|Shnipe_Cizy\n|raw|Shnipe_Cizy's rating: 1105 → 1127<\/strong> (+22 for winning)\n|raw|ellipticalcatten's rating: 1063 → 1046<\/strong> (-17 for losing)\n|l|\u2606ellipticalcatten\n","uploadtime":1682962003,"views":22,"p1id":"shnipecizy","p2id":"ellipticalcatten","formatid":"gen9vgc2023regulationc","rating":1046,"private":0,"password":""}