{"id":"gen9vgc2023regulationc-1857075013","p1":"Laramoney","p2":"hyperoidyt","format":"[Gen 9] VGC 2023 Regulation C","log":"|j|\u2606Laramoney\n|j|\u2606hyperoidyt\n|t:|1683143312\n|gametype|doubles\n|player|p1|Laramoney|102|\n|player|p2|hyperoidyt|265|\n|teamsize|p1|6\n|teamsize|p2|6\n|gen|9\n|tier|[Gen 9] VGC 2023 Regulation C\n|rule|Species Clause: Limit one of each Pok\u00e9mon\n|rule|Item Clause: Limit one of each item\n|clearpoke\n|poke|p1|Grimmsnarl, L50, M|\n|poke|p1|Roaring Moon, L50|\n|poke|p1|Iron Bundle, L50|\n|poke|p1|Scizor, L50, F|\n|poke|p1|Tyranitar, L50, F|\n|poke|p1|Garchomp, L50, F|\n|poke|p2|Gengar, L50, M|\n|poke|p2|Scyther, L50, M|\n|poke|p2|Brambleghast, L50, F|\n|poke|p2|Grafaiai, L50, M|\n|poke|p2|Slaking, L50, M|\n|poke|p2|Annihilape, L50, F|\n|teampreview|4\n|j| Olimario98\n|\n|t:|1683143348\n|start\n|switch|p1a: Grimmsnarl|Grimmsnarl, L50, M|100\/100\n|switch|p1b: Roaring Moon|Roaring Moon, L50|100\/100\n|switch|p2a: Scyther|Scyther, L50, M|100\/100\n|switch|p2b: Brambleghast|Brambleghast, L50, F|100\/100\n|-enditem|p1b: Roaring Moon|Booster Energy\n|-activate|p1b: Roaring Moon|ability: Protosynthesis|[fromitem]\n|-start|p1b: Roaring Moon|protosynthesisatk\n|turn|1\n|\n|t:|1683143393\n|switch|p2a: Ape Escape|Annihilape, L50, F|100\/100\n|-terastallize|p2b: Brambleghast|Fairy\n|move|p1a: Grimmsnarl|Reflect|p1a: Grimmsnarl\n|-sidestart|p1: Laramoney|Reflect\n|move|p1b: Roaring Moon|Dragon Dance|p1b: Roaring Moon\n|-boost|p1b: Roaring Moon|atk|1\n|-boost|p1b: Roaring Moon|spe|1\n|move|p2b: Brambleghast|Tera Blast|p1b: Roaring Moon\n|-supereffective|p1b: Roaring Moon\n|-damage|p1b: Roaring Moon|0 fnt\n|faint|p1b: Roaring Moon\n|-end|p1b: Roaring Moon|Protosynthesis|[silent]\n|-damage|p2b: Brambleghast|91\/100|[from] item: Life Orb\n|\n|upkeep\n|\n|t:|1683143408\n|switch|p1b: Garchomp|Garchomp, L50, F|100\/100\n|turn|2\n|\n|t:|1683143436\n|move|p2b: Brambleghast|Protect|p2b: Brambleghast\n|-singleturn|p2b: Brambleghast|Protect\n|move|p1b: Garchomp|Protect|p1b: Garchomp\n|-singleturn|p1b: Garchomp|Protect\n|move|p1a: Grimmsnarl|Parting Shot|p2b: Brambleghast\n|-activate|p2b: Brambleghast|move: Protect\n|move|p2a: Ape Escape|Brick Break|p1a: Grimmsnarl\n|-sideend|p1: Laramoney|Reflect\n|-damage|p1a: Grimmsnarl|64\/100\n|\n|upkeep\n|turn|3\n|\n|t:|1683143462\n|switch|p2b: Gengar|Gengar, L50, M|100\/100\n|move|p1a: Grimmsnarl|Reflect|p1a: Grimmsnarl\n|-sidestart|p1: Laramoney|Reflect\n|move|p2a: Ape Escape|Close Combat|p1a: Grimmsnarl\n|-damage|p1a: Grimmsnarl|25\/100\n|-unboost|p2a: Ape Escape|def|1\n|-unboost|p2a: Ape Escape|spd|1\n|move|p1b: Garchomp|Earthquake|p2b: Gengar|[spread] p1a,p2a,p2b\n|-supereffective|p2b: Gengar\n|-damage|p1a: Grimmsnarl|0 fnt\n|-damage|p2a: Ape Escape|26\/100\n|-damage|p2b: Gengar|0 fnt\n|faint|p1a: Grimmsnarl\n|faint|p2b: Gengar\n|\n|upkeep\n|\n|t:|1683143477\n|switch|p2b: Brambleghast|Brambleghast, L50, F, tera:Fairy|91\/100\n|switch|p1a: Iron Bundle|Iron Bundle, L50|100\/100\n|turn|4\n|\n|t:|1683143498\n|move|p1a: Iron Bundle|Protect|p1a: Iron Bundle\n|-singleturn|p1a: Iron Bundle|Protect\n|move|p2b: Brambleghast|Tera Blast|p1b: Garchomp\n|-supereffective|p1b: Garchomp\n|-damage|p1b: Garchomp|40\/100\n|-damage|p2b: Brambleghast|81\/100|[from] item: Life Orb\n|move|p2a: Ape Escape|Brick Break|p1a: Iron Bundle\n|-activate|p1a: Iron Bundle|move: Protect\n|move|p1b: Garchomp|Earthquake|p2b: Brambleghast|[spread] p2a,p2b\n|-activate|p1a: Iron Bundle|move: Protect\n|-damage|p2a: Ape Escape|0 fnt\n|-damage|p2b: Brambleghast|0 fnt\n|faint|p2a: Ape Escape\n|faint|p2b: Brambleghast\n|\n|upkeep\n|\n|t:|1683143512\n|switch|p2a: Scyther|Scyther, L50, M|100\/100\n|turn|5\n|\n|t:|1683143521\n|-terastallize|p1a: Iron Bundle|Ice\n|move|p1a: Iron Bundle|Freeze-Dry|p2a: Scyther\n|-supereffective|p2a: Scyther\n|-damage|p2a: Scyther|21\/100\n|move|p2a: Scyther|Brick Break|p1b: Garchomp\n|-sideend|p1: Laramoney|Reflect\n|-damage|p1b: Garchomp|23\/100\n|move|p1b: Garchomp|Rock Slide|p2a: Scyther\n|-supereffective|p2a: Scyther\n|-damage|p2a: Scyther|0 fnt\n|faint|p2a: Scyther\n|\n|win|Laramoney\n|l|\u2606Laramoney\n|c|\u2606hyperoidyt|gg\n","uploadtime":1683143535,"views":15,"p1id":"laramoney","p2id":"hyperoidyt","formatid":"gen9vgc2023regulationc","rating":0,"private":0,"password":""}