{"id":"gen9vgc2023regulationc-1854809428","p1":"SetmekiaNight","p2":"Kizrok","format":"[Gen 9] VGC 2023 Regulation C","log":"|j|\u2606SetmekiaNight\n|j|\u2606Kizrok\n|t:|1682868635\n|gametype|doubles\n|player|p1|SetmekiaNight|2|1059\n|player|p2|Kizrok|lance|1075\n|teamsize|p1|6\n|teamsize|p2|6\n|gen|9\n|tier|[Gen 9] VGC 2023 Regulation C\n|rated|\n|rule|Species Clause: Limit one of each Pok\u00e9mon\n|rule|Item Clause: Limit one of each item\n|clearpoke\n|poke|p1|Amoonguss, L50, M|\n|poke|p1|Palafin, L50, F|\n|poke|p1|Ting-Lu, L50|\n|poke|p1|Arcanine, L50, F|\n|poke|p1|Flutter Mane, L50|\n|poke|p1|Orthworm, L50, F|\n|poke|p2|Dondozo, L50, M|\n|poke|p2|Tatsugiri-Stretchy, L50, M|\n|poke|p2|Chi-Yu, L50|\n|poke|p2|Flutter Mane, L50|\n|poke|p2|Dragonite, L50, F|\n|poke|p2|Glimmora, L50, F|\n|teampreview|4\n|\n|t:|1682868664\n|start\n|switch|p1a: Orthworm|Orthworm, L50, F|100\/100\n|switch|p1b: Palafin|Palafin, L50, F|100\/100\n|switch|p2a: Tatsugiri|Tatsugiri-Stretchy, L50, M|100\/100\n|switch|p2b: Glimmora|Glimmora, L50, F|100\/100\n|turn|1\n|\n|t:|1682868680\n|move|p1b: Palafin|Flip Turn|p2a: Tatsugiri\n|-ability|p2a: Tatsugiri|Storm Drain|boost\n|-boost|p2a: Tatsugiri|spa|1\n|move|p2b: Glimmora|Toxic|p1b: Palafin\n|-status|p1b: Palafin|tox\n|move|p2a: Tatsugiri|Muddy Water|p1b: Palafin|[spread] p1a,p1b\n|-resisted|p1b: Palafin\n|-damage|p1a: Orthworm|0 fnt\n|-damage|p1b: Palafin|35\/100 tox\n|faint|p1a: Orthworm\n|\n|-damage|p1b: Palafin|29\/100 tox|[from] psn\n|upkeep\n|\n|t:|1682868694\n|switch|p1a: Amoonguss|Amoonguss, L50, M, shiny|100\/100\n|turn|2\n|\n|t:|1682868706\n|switch|p2b: Dondozo|Dondozo, L50, M|100\/100\n|-terastallize|p1a: Amoonguss|Water\n|move|p1b: Palafin|Flip Turn|p2a: Tatsugiri\n|-activate|p2a: Tatsugiri|ability: Storm Drain\n|-ability|p2a: Tatsugiri|Storm Drain|boost\n|-boost|p2a: Tatsugiri|spa|1\n|move|p2a: Tatsugiri|Muddy Water|p1b: Palafin|[spread] p1a\n|-miss|p2a: Tatsugiri|p1b: Palafin\n|-resisted|p1a: Amoonguss\n|-damage|p1a: Amoonguss|49\/100\n|move|p1a: Amoonguss|Spore|p2a: Tatsugiri\n|-status|p2a: Tatsugiri|slp|[from] move: Spore\n|\n|-damage|p1a: Amoonguss|37\/100|[from] item: Black Sludge\n|-damage|p1b: Palafin|18\/100 tox|[from] psn\n|upkeep\n|turn|3\n|\n|t:|1682868734\n|detailschange|p1b: Palafin|Palafin-Hero, L50, F\n|switch|p1b: Ting-Lu|Ting-Lu, L50|100\/100\n|-ability|p1b: Ting-Lu|Vessel of Ruin\n|cant|p2a: Tatsugiri|slp\n|move|p2b: Dondozo|Yawn|p1a: Amoonguss\n|-start|p1a: Amoonguss|move: Yawn|[of] p2b: Dondozo\n|move|p1a: Amoonguss|Spore|p2b: Dondozo\n|-status|p2b: Dondozo|slp|[from] move: Spore\n|\n|-damage|p1a: Amoonguss|25\/100|[from] item: Black Sludge\n|upkeep\n|turn|4\n|\n|t:|1682868770\n|switch|p2a: Glimmora|Glimmora, L50, F|100\/100\n|move|p1b: Ting-Lu|Heavy Slam|p2a: Glimmora\n|-supereffective|p2a: Glimmora\n|-damage|p2a: Glimmora|30\/100\n|-activate|p2a: Glimmora|ability: Toxic Debris\n|-sidestart|p1: SetmekiaNight|move: Toxic Spikes\n|cant|p2b: Dondozo|slp\n|move|p1a: Amoonguss|Pollen Puff|p2a: Glimmora\n|-resisted|p2a: Glimmora\n|-damage|p2a: Glimmora|21\/100\n|\n|-damage|p1a: Amoonguss|13\/100|[from] item: Black Sludge\n|-end|p1a: Amoonguss|move: Yawn|[silent]\n|-status|p1a: Amoonguss|slp\n|upkeep\n|turn|5\n|\n|t:|1682868797\n|move|p2a: Glimmora|Toxic|p1b: Ting-Lu\n|-status|p1b: Ting-Lu|tox\n|move|p1b: Ting-Lu|Earthquake|p2b: Dondozo|[spread] p1a,p2a,p2b\n|-supereffective|p2a: Glimmora\n|-damage|p1a: Amoonguss|0 fnt\n|-damage|p2a: Glimmora|0 fnt\n|-damage|p2b: Dondozo|84\/100 slp\n|-activate|p2a: Glimmora|ability: Toxic Debris\n|-sidestart|p1: SetmekiaNight|move: Toxic Spikes\n|faint|p1a: Amoonguss\n|faint|p2a: Glimmora\n|-curestatus|p2b: Dondozo|slp|[msg]\n|move|p2b: Dondozo|Wave Crash|p1b: Ting-Lu\n|-supereffective|p1b: Ting-Lu\n|-damage|p1b: Ting-Lu|52\/100 tox\n|-damage|p2b: Dondozo|67\/100|[from] Recoil\n|\n|-damage|p1b: Ting-Lu|46\/100 tox|[from] psn\n|upkeep\n|\n|t:|1682868815\n|switch|p2a: Tatsugiri|Tatsugiri-Stretchy, L50, M|100\/100 slp\n|switch|p1a: Palafin|Palafin-Hero, L50, F|18\/100 tox\n|-activate|p1a: Palafin|ability: Zero to Hero\n|turn|6\n|\n|t:|1682868828\n|-terastallize|p2a: Tatsugiri|Ghost\n|move|p1a: Palafin|Protect|p1a: Palafin\n|-singleturn|p1a: Palafin|Protect\n|move|p2b: Dondozo|Protect|p2b: Dondozo\n|-singleturn|p2b: Dondozo|Protect\n|cant|p2a: Tatsugiri|slp\n|move|p1b: Ting-Lu|Heavy Slam|p2a: Tatsugiri\n|-damage|p2a: Tatsugiri|57\/100 slp\n|\n|-damage|p1a: Palafin|12\/100 tox|[from] psn\n|-damage|p1b: Ting-Lu|33\/100 tox|[from] psn\n|upkeep\n|turn|7\n|\n|t:|1682868849\n|move|p1a: Palafin|Protect||[still]\n|-fail|p1a: Palafin\n|-curestatus|p2a: Tatsugiri|slp|[msg]\n|move|p2a: Tatsugiri|Muddy Water|p1a: Palafin|[spread] p1a,p1b\n|-resisted|p1a: Palafin\n|-supereffective|p1b: Ting-Lu\n|-damage|p1a: Palafin|0 fnt\n|-damage|p1b: Ting-Lu|3\/100 tox\n|faint|p1a: Palafin\n|move|p1b: Ting-Lu|Heavy Slam|p2a: Tatsugiri\n|-damage|p2a: Tatsugiri|11\/100\n|move|p2b: Dondozo|Wave Crash|p2a: Tatsugiri\n|-activate|p2a: Tatsugiri|ability: Storm Drain\n|-ability|p2a: Tatsugiri|Storm Drain|boost\n|-boost|p2a: Tatsugiri|spa|1\n|\n|-damage|p1b: Ting-Lu|0 fnt|[from] psn\n|faint|p1b: Ting-Lu\n|\n|win|Kizrok\n|upkeep\n|raw|SetmekiaNight's rating: 1059 → 1041<\/strong> (-18 for losing)\n|raw|Kizrok's rating: 1075 → 1102<\/strong> (+27 for winning)\n|l|\u2606SetmekiaNight\n","uploadtime":1682868871,"views":13,"p1id":"setmekianight","p2id":"kizrok","formatid":"gen9vgc2023regulationc","rating":1041,"private":0,"password":""}