{"id":"gen9vgc2023regulationc-1848672462","p1":"Dragonite1016","p2":"BlindMagneton","format":"[Gen 9] VGC 2023 Regulation C","log":"|j|\u2606Dragonite1016\n|j|\u2606BlindMagneton\n|t:|1682099566\n|gametype|doubles\n|player|p1|Dragonite1016|102|1418\n|player|p2|BlindMagneton|wattson|1324\n|teamsize|p1|6\n|teamsize|p2|6\n|gen|9\n|tier|[Gen 9] VGC 2023 Regulation C\n|rated|\n|rule|Species Clause: Limit one of each Pok\u00e9mon\n|rule|Item Clause: Limit one of each item\n|clearpoke\n|poke|p1|Vivillon-Icy Snow, L50, F|\n|poke|p1|Dragonite, L50, F|\n|poke|p1|Arcanine, L50, M|\n|poke|p1|Iron Bundle, L50|\n|poke|p1|Flutter Mane, L50|\n|poke|p1|Chien-Pao, L50|\n|poke|p2|Tinkaton, L50, F|\n|poke|p2|Wo-Chien, L50|\n|poke|p2|Ceruledge, L50, M|\n|poke|p2|Grimmsnarl, L50, M|\n|poke|p2|Chien-Pao, L50|\n|poke|p2|Dragapult, L50, F|\n|teampreview|4\n|inactive|Battle timer is ON: inactive players will automatically lose when time's up. (requested by Dragonite1016)\n|inactive|BlindMagneton has 60 seconds left.\n|\n|t:|1682099659\n|start\n|switch|p1a: Vivillon|Vivillon-Icy Snow, L50, F|100\/100\n|switch|p1b: Chien-Pao|Chien-Pao, L50|100\/100\n|switch|p2a: Grimmsnarl|Grimmsnarl, L50, M|100\/100\n|switch|p2b: Dragapult|Dragapult, L50, F|100\/100\n|-ability|p1b: Chien-Pao|Sword of Ruin\n|turn|1\n|inactive|Dragonite1016 has 30 seconds left.\n|inactive|BlindMagneton has 30 seconds left.\n|\n|t:|1682099691\n|move|p2a: Grimmsnarl|Fake Out|p1a: Vivillon\n|-damage|p1a: Vivillon|59\/100\n|move|p2b: Dragapult|Will-O-Wisp|p1b: Chien-Pao\n|-status|p1b: Chien-Pao|brn\n|move|p1b: Chien-Pao|Throat Chop|p2b: Dragapult\n|-supereffective|p2b: Dragapult\n|-damage|p2b: Dragapult|13\/100\n|-start|p2b: Dragapult|Throat Chop|[silent]\n|-damage|p1b: Chien-Pao|91\/100 brn|[from] item: Life Orb\n|cant|p1a: Vivillon|flinch\n|\n|-damage|p1b: Chien-Pao|85\/100 brn|[from] brn\n|upkeep\n|turn|2\n|inactive|Dragonite1016 has 30 seconds left.\n|inactive|BlindMagneton has 30 seconds left.\n|inactive|BlindMagneton has 20 seconds left.\n|inactive|BlindMagneton has 15 seconds left.\n|inactive|BlindMagneton has 10 seconds left.\n|\n|t:|1682099739\n|move|p2a: Grimmsnarl|Thunder Wave|p1a: Vivillon\n|-status|p1a: Vivillon|par\n|move|p2b: Dragapult|Dragon Darts|p1b: Chien-Pao\n|-damage|p1b: Chien-Pao|61\/100 brn\n|-anim|p2b: Dragapult|Dragon Darts|p1a: Vivillon\n|-damage|p1a: Vivillon|0 fnt\n|faint|p1a: Vivillon\n|move|p1b: Chien-Pao|Ice Spinner|p2b: Dragapult\n|-supereffective|p2b: Dragapult\n|-damage|p2b: Dragapult|0 fnt\n|faint|p2b: Dragapult\n|-damage|p1b: Chien-Pao|51\/100 brn|[from] item: Life Orb\n|\n|-damage|p1b: Chien-Pao|46\/100 brn|[from] brn\n|upkeep\n|\n|t:|1682099754\n|switch|p2b: Tinkaton|Tinkaton, L50, F|100\/100\n|switch|p1a: Flutter Mane|Flutter Mane, L50|100\/100\n|turn|3\n|inactive|Dragonite1016 has 30 seconds left.\n|inactive|BlindMagneton has 30 seconds left.\n|\n|t:|1682099788\n|move|p2a: Grimmsnarl|Thunder Wave|p1a: Flutter Mane\n|-status|p1a: Flutter Mane|par\n|move|p1b: Chien-Pao|Sacred Sword|p2b: Tinkaton\n|-damage|p2b: Tinkaton|79\/100\n|-damage|p1b: Chien-Pao|36\/100 brn|[from] item: Life Orb\n|move|p2b: Tinkaton|Brick Break|p1b: Chien-Pao\n|-supereffective|p1b: Chien-Pao\n|-damage|p1b: Chien-Pao|0 fnt\n|faint|p1b: Chien-Pao\n|move|p1a: Flutter Mane|Moonblast|p2a: Grimmsnarl\n|-supereffective|p2a: Grimmsnarl\n|-enditem|p2a: Grimmsnarl|Focus Sash\n|-damage|p2a: Grimmsnarl|1\/100\n|\n|upkeep\n|\n|t:|1682099796\n|switch|p1b: Dragonite|Dragonite, L50, F|100\/100\n|turn|4\n|inactive|BlindMagneton has 30 seconds left.\n|\n|t:|1682099826\n|switch|p2a: Ceruledge|Ceruledge, L50, M|100\/100\n|move|p1b: Dragonite|Extreme Speed|p2a: Ceruledge\n|-immune|p2a: Ceruledge\n|move|p2b: Tinkaton|Gigaton Hammer|p1a: Flutter Mane\n|-supereffective|p1a: Flutter Mane\n|-damage|p1a: Flutter Mane|0 fnt\n|faint|p1a: Flutter Mane\n|-end|p1a: Flutter Mane|Protosynthesis|[silent]\n|\n|upkeep\n|turn|5\n|\n|t:|1682099840\n|-terastallize|p1b: Dragonite|Normal\n|move|p2b: Tinkaton|Baby-Doll Eyes|p1b: Dragonite\n|-fail|p1b: Dragonite|unboost|[from] item: Clear Amulet|[of] p1b: Dragonite\n|move|p2a: Ceruledge|Bulk Up|p2a: Ceruledge\n|-boost|p2a: Ceruledge|atk|1\n|-boost|p2a: Ceruledge|def|1\n|move|p1b: Dragonite|Dragon Dance|p1b: Dragonite\n|-boost|p1b: Dragonite|atk|1\n|-boost|p1b: Dragonite|spe|1\n|\n|upkeep\n|turn|6\n|\n|t:|1682099862\n|move|p1b: Dragonite|Dragon Dance|p1b: Dragonite\n|-boost|p1b: Dragonite|atk|1\n|-boost|p1b: Dragonite|spe|1\n|move|p2b: Tinkaton|Gigaton Hammer|p1b: Dragonite\n|-damage|p1b: Dragonite|79\/100\n|move|p2a: Ceruledge|Bulk Up|p2a: Ceruledge\n|-boost|p2a: Ceruledge|atk|1\n|-boost|p2a: Ceruledge|def|1\n|\n|upkeep\n|turn|7\n|\n|t:|1682099880\n|switch|p2b: Grimmsnarl|Grimmsnarl, L50, M|1\/100\n|move|p2a: Ceruledge|Protect|p2a: Ceruledge\n|-singleturn|p2a: Ceruledge|Protect\n|move|p1b: Dragonite|Earthquake|p2b: Grimmsnarl|[spread] p2b\n|-activate|p2a: Ceruledge|move: Protect\n|-damage|p2b: Grimmsnarl|0 fnt\n|faint|p2b: Grimmsnarl\n|\n|upkeep\n|\n|t:|1682099889\n|switch|p2b: Tinkaton|Tinkaton, L50, F|79\/100\n|turn|8\n|\n|t:|1682099908\n|move|p1b: Dragonite|Protect|p1b: Dragonite\n|-singleturn|p1b: Dragonite|Protect\n|move|p2b: Tinkaton|Fake Out|p1b: Dragonite\n|-activate|p1b: Dragonite|move: Protect\n|move|p2a: Ceruledge|Bulk Up|p2a: Ceruledge\n|-boost|p2a: Ceruledge|atk|1\n|-boost|p2a: Ceruledge|def|1\n|\n|upkeep\n|turn|9\n|\n|t:|1682099922\n|-terastallize|p2a: Ceruledge|Grass\n|move|p1b: Dragonite|Earthquake|p2b: Tinkaton|[spread] p2a,p2b\n|-resisted|p2a: Ceruledge\n|-supereffective|p2b: Tinkaton\n|-damage|p2a: Ceruledge|88\/100\n|-damage|p2b: Tinkaton|0 fnt\n|faint|p2b: Tinkaton\n|move|p2a: Ceruledge|Bitter Blade|p1b: Dragonite\n|-damage|p1b: Dragonite|0 fnt\n|-heal|p2a: Ceruledge|100\/100|[from] drain|[of] p1b: Dragonite\n|faint|p1b: Dragonite\n|\n|win|BlindMagneton\n|raw|Dragonite1016's rating: 1418 → 1393<\/strong> (-25 for losing)\n|raw|BlindMagneton's rating: 1324 → 1349<\/strong> (+25 for winning)\n|l|\u2606Dragonite1016\n","uploadtime":1682099937,"views":8,"p1id":"dragonite1016","p2id":"blindmagneton","formatid":"gen9vgc2023regulationc","rating":1349,"private":0,"password":""}