{"id":"gen9vgc2023regulationc-1852797615","p1":"Jbenn","p2":"MadMat48","format":"[Gen 9] VGC 2023 Regulation C","log":"|j|\u2606Jbenn\n|j|\u2606MadMat48\n|t:|1682607144\n|gametype|doubles\n|player|p1|Jbenn|steven|1463\n|player|p2|MadMat48|lance|1528\n|teamsize|p1|6\n|teamsize|p2|6\n|gen|9\n|tier|[Gen 9] VGC 2023 Regulation C\n|rated|\n|rule|Species Clause: Limit one of each Pok\u00e9mon\n|rule|Item Clause: Limit one of each item\n|clearpoke\n|poke|p1|Roaring Moon, L50|\n|poke|p1|Great Tusk, L50|\n|poke|p1|Gholdengo, L50|\n|poke|p1|Hariyama, L50, F|\n|poke|p1|Mimikyu, L50, F|\n|poke|p1|Gyarados, L50, M|\n|poke|p2|Scizor, L50, M|\n|poke|p2|Gyarados, L50, M|\n|poke|p2|Ting-Lu, L50|\n|poke|p2|Scream Tail, L50|\n|poke|p2|Flutter Mane, L50|\n|poke|p2|Vivillon, L50, M|\n|teampreview|4\n|inactive|Battle timer is ON: inactive players will automatically lose when time's up. (requested by MadMat48)\nJbenn has agreed to open team sheets.\n|j| chacaad\n|inactive|Jbenn has 60 seconds left.\n|inactive|MadMat48 has 60 seconds left.\n|\n|t:|1682607185\n|start\n|switch|p1a: Yokozuna|Hariyama, L50, F, shiny|100\/100\n|switch|p1b: 50 Cent|Gholdengo, L50|100\/100\n|switch|p2a: Scizor|Scizor, L50, M|100\/100\n|switch|p2b: Flutter Mane|Flutter Mane, L50|100\/100\n|-enditem|p2b: Flutter Mane|Booster Energy\n|-activate|p2b: Flutter Mane|ability: Protosynthesis|[fromitem]\n|-start|p2b: Flutter Mane|protosynthesisspa\n|turn|1\n|inactive|Jbenn has 30 seconds left.\n|inactive|MadMat48 has 30 seconds left.\n|\n|t:|1682607218\n|switch|p2a: Gyarados|Gyarados, L50, M|100\/100\n|-ability|p2a: Gyarados|Intimidate|boost\n|-unboost|p1a: Yokozuna|atk|1\n|-unboost|p1b: 50 Cent|atk|1\n|-terastallize|p1a: Yokozuna|Steel\n|move|p2b: Flutter Mane|Protect|p2b: Flutter Mane\n|-singleturn|p2b: Flutter Mane|Protect\n|move|p1b: 50 Cent|Protect|p1b: 50 Cent\n|-singleturn|p1b: 50 Cent|Protect\n|move|p1a: Yokozuna|Iron Head|p2b: Flutter Mane\n|-activate|p2b: Flutter Mane|move: Protect\n|\n|upkeep\n|turn|2\n|inactive|Jbenn has 30 seconds left.\n|inactive|Jbenn has 20 seconds left.\n|inactive|MadMat48 has 30 seconds left.\n|\n|t:|1682607259\n|switch|p1b: Smaug|Roaring Moon, L50|100\/100\n|-enditem|p1b: Smaug|Booster Energy\n|-activate|p1b: Smaug|ability: Protosynthesis|[fromitem]\n|-start|p1b: Smaug|protosynthesisspe\n|-terastallize|p2b: Flutter Mane|Grass\n|move|p2b: Flutter Mane|Shadow Ball|p1b: Smaug\n|-resisted|p1b: Smaug\n|-damage|p1b: Smaug|75\/100\n|move|p2a: Gyarados|Thunder Wave|p1a: Yokozuna\n|-status|p1a: Yokozuna|par\n|move|p1a: Yokozuna|Iron Head|p2b: Flutter Mane\n|-damage|p2b: Flutter Mane|54\/100\n|\n|upkeep\n|turn|3\n|inactive|Jbenn has 30 seconds left.\n|\n|t:|1682607286\n|switch|p1a: 50 Cent|Gholdengo, L50|100\/100\n|move|p1b: Smaug|Protect|p1b: Smaug\n|-singleturn|p1b: Smaug|Protect\n|move|p2b: Flutter Mane|Protect|p2b: Flutter Mane\n|-singleturn|p2b: Flutter Mane|Protect\n|move|p2a: Gyarados|Thunder Wave|p1b: Smaug\n|-activate|p1b: Smaug|move: Protect\n|\n|upkeep\n|turn|4\n|\n|t:|1682607307\n|-end|p2b: Flutter Mane|Protosynthesis|[silent]\n|switch|p2b: Ting-Lu|Ting-Lu, L50|100\/100\n|-ability|p2b: Ting-Lu|Vessel of Ruin\n|move|p1b: Smaug|Acrobatics|p2b: Ting-Lu\n|-damage|p2b: Ting-Lu|81\/100\n|move|p2a: Gyarados|Thunder Wave|p1b: Smaug\n|-status|p1b: Smaug|par\n|move|p1a: 50 Cent|Thunderbolt|p2a: Gyarados\n|-supereffective|p2a: Gyarados\n|-damage|p2a: Gyarados|18\/100\n|\n|upkeep\n|turn|5\n|\n|t:|1682607324\n|switch|p1a: Haku|Gyarados, L50, M, shiny|100\/100\n|-ability|p1a: Haku|Intimidate|boost\n|-unboost|p2a: Gyarados|atk|1\n|-unboost|p2b: Ting-Lu|atk|1\n|move|p2a: Gyarados|Helping Hand|p2b: Ting-Lu\n|-singleturn|p2b: Ting-Lu|Helping Hand|[of] p2a: Gyarados\n|move|p1b: Smaug|Tailwind|p1b: Smaug\n|-sidestart|p1: Jbenn|move: Tailwind\n|move|p2b: Ting-Lu|Earthquake|p1b: Smaug|[spread] p1b\n|-immune|p2a: Gyarados\n|-immune|p1a: Haku\n|-damage|p1b: Smaug|15\/100 par\n|\n|upkeep\n|turn|6\n|\n|t:|1682607347\n|move|p1b: Smaug|Acrobatics|p2a: Gyarados\n|-damage|p2a: Gyarados|0 fnt\n|faint|p2a: Gyarados\n|move|p1a: Haku|Waterfall|p2b: Ting-Lu\n|-supereffective|p2b: Ting-Lu\n|-damage|p2b: Ting-Lu|39\/100\n|move|p2b: Ting-Lu|Earthquake|p1b: Smaug|[spread] p1b\n|-immune|p1a: Haku\n|-damage|p1b: Smaug|0 fnt\n|faint|p1b: Smaug\n|-end|p1b: Smaug|Protosynthesis|[silent]\n|\n|upkeep\n|\n|t:|1682607363\n|switch|p1b: 50 Cent|Gholdengo, L50|100\/100\n|switch|p2a: Flutter Mane|Flutter Mane, L50, tera:Grass|54\/100\n|turn|7\n|inactive|Jbenn has 30 seconds left.\n|inactive|Jbenn has 20 seconds left.\n|\n|t:|1682607398\n|move|p1a: Haku|Waterfall|p2b: Ting-Lu\n|-supereffective|p2b: Ting-Lu\n|-damage|p2b: Ting-Lu|0 fnt\n|faint|p2b: Ting-Lu\n|move|p1b: 50 Cent|Make It Rain|p2a: Flutter Mane\n|-damage|p2a: Flutter Mane|0 fnt\n|-unboost|p1b: 50 Cent|spa|1\n|faint|p2a: Flutter Mane\n|-end|p2a: Flutter Mane|Protosynthesis|[silent]\n|\n|upkeep\n|-message|MadMat48 forfeited.\n|\n|win|Jbenn\n|raw|Jbenn's rating: 1463 → 1487<\/strong> (+24 for winning)\n|raw|MadMat48's rating: 1528 → 1504<\/strong> (-24 for losing)\n|l|\u2606MadMat48\n|l| chacaad\n","uploadtime":1682607414,"views":9,"p1id":"jbenn","p2id":"madmat48","formatid":"gen9vgc2023regulationc","rating":1487,"private":0,"password":""}