{"id":"gen9vgc2023regulationc-1845666858","p1":"Doomtheboomkin","p2":"HappyMuffinTime","format":"[Gen 9] VGC 2023 Regulation C","log":"|j|\u2606Doomtheboomkin\n|j|\u2606HappyMuffinTime\n|t:|1681753894\n|gametype|doubles\n|player|p1|Doomtheboomkin|shadowtriad|1293\n|player|p2|HappyMuffinTime|cynthia|1293\n|teamsize|p1|6\n|teamsize|p2|6\n|gen|9\n|tier|[Gen 9] VGC 2023 Regulation C\n|rated|\n|rule|Species Clause: Limit one of each Pok\u00e9mon\n|rule|Item Clause: Limit one of each item\n|clearpoke\n|poke|p1|Chien-Pao, L50|\n|poke|p1|Dragonite, L50, F|\n|poke|p1|Arcanine, L50, M|\n|poke|p1|Palafin, L50, M|\n|poke|p1|Iron Hands, L50|\n|poke|p1|Amoonguss, L50, M|\n|poke|p2|Dachsbun, L50, M|\n|poke|p2|Chi-Yu, L50|\n|poke|p2|Flutter Mane, L50|\n|poke|p2|Baxcalibur, L50, F|\n|poke|p2|Palafin, L50, M|\n|poke|p2|Amoonguss, L50, M|\n|teampreview|4\n|inactive|Battle timer is ON: inactive players will automatically lose when time's up. (requested by Doomtheboomkin)\n|inactive|Doomtheboomkin has 60 seconds left.\n|\n|t:|1681753930\n|start\n|switch|p1a: Arcanine|Arcanine, L50, M|100\/100\n|switch|p1b: Chien-Pao|Chien-Pao, L50|100\/100\n|switch|p2a: Chi-Yu|Chi-Yu, L50|100\/100\n|switch|p2b: Baxcalibur|Baxcalibur, L50, F|100\/100\n|-ability|p2a: Chi-Yu|Beads of Ruin\n|-ability|p1b: Chien-Pao|Sword of Ruin\n|-ability|p1a: Arcanine|Intimidate|boost\n|-unboost|p2a: Chi-Yu|atk|1\n|-fail|p2b: Baxcalibur|unboost|[from] item: Clear Amulet|[of] p2b: Baxcalibur\n|turn|1\n|inactive|HappyMuffinTime has 30 seconds left.\n|\n|t:|1681753956\n|switch|p2b: Dachsbun|Dachsbun, L50, M|100\/100\n|move|p2a: Chi-Yu|Lava Plume|p1b: Chien-Pao|[spread] p1a,p1b\n|-ability|p2b: Dachsbun|Well-Baked Body|boost\n|-boost|p2b: Dachsbun|def|2\n|-resisted|p1a: Arcanine\n|-supereffective|p1b: Chien-Pao\n|-damage|p1a: Arcanine|73\/100\n|-enditem|p1b: Chien-Pao|Focus Sash\n|-damage|p1b: Chien-Pao|1\/100\n|-status|p1b: Chien-Pao|brn\n|move|p1b: Chien-Pao|Sacred Sword|p2b: Dachsbun\n|-resisted|p2b: Dachsbun\n|-damage|p2b: Dachsbun|91\/100\n|move|p1a: Arcanine|Howl|p1a: Arcanine|[spread] p1a,p1b\n|-boost|p1a: Arcanine|atk|1\n|-boost|p1b: Chien-Pao|atk|1\n|\n|-heal|p2b: Dachsbun|97\/100|[from] item: Leftovers\n|-damage|p1b: Chien-Pao|0 fnt|[from] brn\n|faint|p1b: Chien-Pao\n|upkeep\n|\n|t:|1681753971\n|switch|p1b: Iron Hands|Iron Hands, L50|100\/100\n|turn|2\n|\n|t:|1681753984\n|switch|p2a: Flutter Mane|Flutter Mane, L50|100\/100\n|-terastallize|p1a: Arcanine|Water\n|move|p2b: Dachsbun|Yawn|p1a: Arcanine\n|-start|p1a: Arcanine|move: Yawn|[of] p2b: Dachsbun\n|move|p1a: Arcanine|Howl|p1a: Arcanine|[spread] p1a,p1b\n|-boost|p1a: Arcanine|atk|1\n|-boost|p1b: Iron Hands|atk|1\n|move|p1b: Iron Hands|Drain Punch|p2a: Flutter Mane\n|-immune|p2a: Flutter Mane\n|\n|-heal|p2b: Dachsbun|100\/100|[from] item: Leftovers\n|upkeep\n|turn|3\n|\n|t:|1681754009\n|switch|p1a: Amoonguss|Amoonguss, L50, M|100\/100\n|move|p2a: Flutter Mane|Dazzling Gleam|p1b: Iron Hands|[spread] p1a,p1b\n|-resisted|p1a: Amoonguss\n|-supereffective|p1b: Iron Hands\n|-damage|p1a: Amoonguss|85\/100\n|-damage|p1b: Iron Hands|63\/100\n|move|p2b: Dachsbun|Yawn|p1b: Iron Hands\n|-start|p1b: Iron Hands|move: Yawn|[of] p2b: Dachsbun\n|move|p1b: Iron Hands|Wild Charge|p2a: Flutter Mane\n|-enditem|p2a: Flutter Mane|Focus Sash\n|-damage|p2a: Flutter Mane|1\/100\n|-damage|p1b: Iron Hands|49\/100|[from] Recoil\n|\n|upkeep\n|turn|4\n|\n|t:|1681754030\n|-end|p1b: Iron Hands|Quark Drive|[silent]\n|switch|p1b: Arcanine|Arcanine, L50, M, tera:Water|73\/100\n|-ability|p1b: Arcanine|Intimidate|boost\n|-unboost|p2a: Flutter Mane|atk|1\n|-unboost|p2b: Dachsbun|atk|1\n|-terastallize|p2b: Dachsbun|Grass\n|move|p2a: Flutter Mane|Dazzling Gleam|p1b: Arcanine|[spread] p1a,p1b\n|-resisted|p1a: Amoonguss\n|-crit|p1b: Arcanine\n|-damage|p1a: Amoonguss|70\/100\n|-damage|p1b: Arcanine|8\/100\n|move|p2b: Dachsbun|Yawn|p1a: Amoonguss\n|-start|p1a: Amoonguss|move: Yawn|[of] p2b: Dachsbun\n|move|p1a: Amoonguss|Pollen Puff|p2a: Flutter Mane\n|-resisted|p2a: Flutter Mane\n|-damage|p2a: Flutter Mane|0 fnt\n|faint|p2a: Flutter Mane\n|-end|p2a: Flutter Mane|Protosynthesis|[silent]\n|\n|upkeep\n|\n|t:|1681754046\n|switch|p2a: Chi-Yu|Chi-Yu, L50|100\/100\n|-ability|p2a: Chi-Yu|Beads of Ruin\n|turn|5\n|\n|t:|1681754057\n|switch|p1b: Iron Hands|Iron Hands, L50|49\/100\n|move|p2a: Chi-Yu|Lava Plume|p1b: Iron Hands|[spread] p1a,p1b\n|-ability|p2b: Dachsbun|Well-Baked Body|boost\n|-boost|p2b: Dachsbun|def|2\n|-supereffective|p1a: Amoonguss\n|-damage|p1a: Amoonguss|0 fnt\n|-damage|p1b: Iron Hands|24\/100\n|faint|p1a: Amoonguss\n|move|p2b: Dachsbun|Body Press|p1b: Iron Hands\n|-damage|p1b: Iron Hands|0 fnt\n|faint|p1b: Iron Hands\n|-end|p1b: Iron Hands|Quark Drive|[silent]\n|\n|upkeep\n|\n|t:|1681754074\n|switch|p1b: Arcanine|Arcanine, L50, M, tera:Water|8\/100\n|-ability|p1b: Arcanine|Intimidate|boost\n|-unboost|p2a: Chi-Yu|atk|1\n|-unboost|p2b: Dachsbun|atk|1\n|turn|6\n|\n|t:|1681754081\n|move|p2a: Chi-Yu|Lava Plume|p1b: Arcanine|[spread] p1b\n|-ability|p2b: Dachsbun|Well-Baked Body|boost\n|-boost|p2b: Dachsbun|def|2\n|-resisted|p1b: Arcanine\n|-damage|p1b: Arcanine|0 fnt\n|faint|p1b: Arcanine\n|\n|win|HappyMuffinTime\n|raw|Doomtheboomkin's rating: 1293 → 1268<\/strong> (-25 for losing)\n|raw|HappyMuffinTime's rating: 1293 → 1318<\/strong> (+25 for winning)\n|l|\u2606HappyMuffinTime\n","uploadtime":1681754092,"views":11,"p1id":"doomtheboomkin","p2id":"happymuffintime","formatid":"gen9vgc2023regulationc","rating":1268,"private":0,"password":""}