{"id":"gen9vgc2023regulationc-1860085438","p1":"namethatiscreative","p2":"Sans45910","format":"[Gen 9] VGC 2023 Regulation C","log":"|j|\u2606namethatiscreative\n|j|\u2606Sans45910\n|t:|1683593482\n|gametype|doubles\n|player|p1|namethatiscreative|169|1236\n|player|p2|Sans45910|nate|1337\n|teamsize|p1|6\n|teamsize|p2|6\n|gen|9\n|tier|[Gen 9] VGC 2023 Regulation C\n|rated|\n|rule|Species Clause: Limit one of each Pok\u00e9mon\n|rule|Item Clause: Limit one of each item\n|clearpoke\n|poke|p1|Roaring Moon, L50|\n|poke|p1|Ceruledge, L50, F|\n|poke|p1|Amoonguss, L50, M|\n|poke|p1|Kingambit, L50, F|\n|poke|p1|Talonflame, L50, F|\n|poke|p1|Flutter Mane, L50|\n|poke|p2|Torkoal, L50, F|\n|poke|p2|Scizor, L50, F|\n|poke|p2|Sandy Shocks, L50|\n|poke|p2|Lilligant, L50, F|\n|poke|p2|Chi-Yu, L50|\n|poke|p2|Noivern, L50, F|\n|teampreview|4\nSans45910 has agreed to open team sheets.\n|\n|t:|1683593524\n|start\n|switch|p1a: Roaring Moon|Roaring Moon, L50|100\/100\n|switch|p1b: Talonflame|Talonflame, L50, F|100\/100\n|switch|p2a: Noivern|Noivern, L50, F|100\/100\n|switch|p2b: Sandy Shocks|Sandy Shocks, L50|100\/100\n|-enditem|p1a: Roaring Moon|Booster Energy\n|-activate|p1a: Roaring Moon|ability: Protosynthesis|[fromitem]\n|-start|p1a: Roaring Moon|protosynthesisatk\n|turn|1\n|inactive|Battle timer is ON: inactive players will automatically lose when time's up. (requested by Sans45910)\n|\n|t:|1683593597\n|-terastallize|p1a: Roaring Moon|Flying\n|move|p2b: Sandy Shocks|Protect|p2b: Sandy Shocks\n|-singleturn|p2b: Sandy Shocks|Protect\n|move|p1b: Talonflame|Brave Bird|p2b: Sandy Shocks\n|-activate|p2b: Sandy Shocks|move: Protect\n|move|p2a: Noivern|Tailwind|p2a: Noivern\n|-sidestart|p2: Sans45910|move: Tailwind\n|move|p1a: Roaring Moon|Acrobatics|p2b: Sandy Shocks\n|-activate|p2b: Sandy Shocks|move: Protect\n|\n|upkeep\n|turn|2\n|inactive|namethatiscreative has 30 seconds left.\n|inactive|Sans45910 has 30 seconds left.\n|\n|t:|1683593629\n|move|p1b: Talonflame|Tailwind|p1b: Talonflame\n|-sidestart|p1: namethatiscreative|move: Tailwind\n|move|p2a: Noivern|Tera Blast|p1b: Talonflame\n|-damage|p1b: Talonflame|73\/100\n|move|p1a: Roaring Moon|Acrobatics|p2b: Sandy Shocks\n|-resisted|p2b: Sandy Shocks\n|-damage|p2b: Sandy Shocks|52\/100\n|move|p2b: Sandy Shocks|Thunderbolt|p1a: Roaring Moon\n|-supereffective|p1a: Roaring Moon\n|-damage|p1a: Roaring Moon|16\/100\n|\n|upkeep\n|turn|3\n|inactive|namethatiscreative has 30 seconds left.\n|inactive|namethatiscreative has 20 seconds left.\n|\n|t:|1683593664\n|move|p2b: Sandy Shocks|Protect|p2b: Sandy Shocks\n|-singleturn|p2b: Sandy Shocks|Protect\n|move|p1b: Talonflame|Taunt|p2a: Noivern\n|-start|p2a: Noivern|move: Taunt\n|move|p2a: Noivern|Tera Blast|p1a: Roaring Moon\n|-crit|p1a: Roaring Moon\n|-damage|p1a: Roaring Moon|0 fnt\n|faint|p1a: Roaring Moon\n|-end|p1a: Roaring Moon|Protosynthesis|[silent]\n|\n|upkeep\n|\n|t:|1683593674\n|switch|p1a: Flutter Mane|Flutter Mane, L50|100\/100\n|turn|4\n|\n|t:|1683593696\n|-end|p2b: Sandy Shocks|Protosynthesis|[silent]\n|switch|p2b: Torkoal|Torkoal, L50, F|100\/100\n|-weather|SunnyDay|[from] ability: Drought|[of] p2b: Torkoal\n|-activate|p1a: Flutter Mane|ability: Protosynthesis\n|-start|p1a: Flutter Mane|protosynthesisspe\n|-terastallize|p2a: Noivern|Steel\n|move|p1a: Flutter Mane|Icy Wind|p2b: Torkoal|[spread] p2a,p2b\n|-resisted|p2a: Noivern\n|-resisted|p2b: Torkoal\n|-damage|p2a: Noivern|92\/100\n|-damage|p2b: Torkoal|90\/100\n|-unboost|p2a: Noivern|spe|1\n|-unboost|p2b: Torkoal|spe|1\n|-damage|p1a: Flutter Mane|91\/100|[from] item: Life Orb\n|move|p1b: Talonflame|Brave Bird|p2a: Noivern\n|-resisted|p2a: Noivern\n|-damage|p2a: Noivern|70\/100\n|-damage|p1b: Talonflame|65\/100|[from] Recoil\n|move|p2a: Noivern|Tera Blast|p1a: Flutter Mane\n|-supereffective|p1a: Flutter Mane\n|-damage|p1a: Flutter Mane|35\/100\n|\n|-weather|SunnyDay|[upkeep]\n|-heal|p2a: Noivern|76\/100|[from] item: Leftovers\n|-sideend|p2: Sans45910|move: Tailwind\n|upkeep\n|turn|5\n|inactive|namethatiscreative has 30 seconds left.\n|inactive|Sans45910 has 30 seconds left.\n|\n|t:|1683593735\n|move|p1a: Flutter Mane|Protect|p1a: Flutter Mane\n|-singleturn|p1a: Flutter Mane|Protect\n|move|p1b: Talonflame|Flare Blitz|p2a: Noivern\n|-supereffective|p2a: Noivern\n|-damage|p2a: Noivern|0 fnt\n|faint|p2a: Noivern\n|-damage|p1b: Talonflame|37\/100|[from] Recoil\n|move|p2b: Torkoal|Heat Wave|p1a: Flutter Mane|[spread] p1b\n|-activate|p1a: Flutter Mane|move: Protect\n|-resisted|p1b: Talonflame\n|-damage|p1b: Talonflame|6\/100\n|\n|-weather|SunnyDay|[upkeep]\n|-sideend|p1: namethatiscreative|move: Tailwind\n|upkeep\n|\n|t:|1683593749\n|switch|p2a: Sandy Shocks|Sandy Shocks, L50|52\/100\n|-activate|p2a: Sandy Shocks|ability: Protosynthesis\n|-start|p2a: Sandy Shocks|protosynthesisspa\n|turn|6\n|\n|t:|1683593760\n|move|p2a: Sandy Shocks|Protect|p2a: Sandy Shocks\n|-singleturn|p2a: Sandy Shocks|Protect\n|move|p1a: Flutter Mane|Energy Ball|p2a: Sandy Shocks\n|-activate|p2a: Sandy Shocks|move: Protect\n|move|p1b: Talonflame|Brave Bird|p2b: Torkoal\n|-damage|p2b: Torkoal|58\/100\n|-damage|p1b: Talonflame|0 fnt|[from] Recoil\n|faint|p1b: Talonflame\n|move|p2b: Torkoal|Heat Wave|p1a: Flutter Mane\n|-damage|p1a: Flutter Mane|0 fnt\n|faint|p1a: Flutter Mane\n|-end|p1a: Flutter Mane|Protosynthesis|[silent]\n|\n|-weather|SunnyDay|[upkeep]\n|upkeep\n|\n|t:|1683593772\n|switch|p1a: Ceruledge|Ceruledge, L50, F|100\/100\n|turn|7\n|c|\u2606Sans45910|gg\n|\n|t:|1683593790\n|move|p2a: Sandy Shocks|Earth Power|p1a: Ceruledge\n|-supereffective|p1a: Ceruledge\n|-damage|p1a: Ceruledge|0 fnt\n|faint|p1a: Ceruledge\n|\n|win|Sans45910\n|raw|namethatiscreative's rating: 1236 → 1218<\/strong> (-18 for losing)\n|raw|Sans45910's rating: 1337 → 1351<\/strong> (+14 for winning)\n|l|\u2606namethatiscreative\n","uploadtime":1683593800,"views":14,"p1id":"namethatiscreative","p2id":"sans45910","formatid":"gen9vgc2023regulationc","rating":1218,"private":0,"password":""}