{"id":"gen9vgc2023regulationc-1859729591","p1":"sansilloMaster","p2":"bgcfranky","format":"[Gen 9] VGC 2023 Regulation C","log":"|j|\u2606sansilloMaster\n|j|\u2606bgcfranky\n|t:|1683559721\n|gametype|doubles\n|player|p1|sansilloMaster|170|1055\n|player|p2|bgcfranky|rocketgrunt|1142\n|teamsize|p1|6\n|teamsize|p2|6\n|gen|9\n|tier|[Gen 9] VGC 2023 Regulation C\n|rated|\n|rule|Species Clause: Limit one of each Pok\u00e9mon\n|rule|Item Clause: Limit one of each item\n|clearpoke\n|poke|p1|Toxtricity, L50, M|\n|poke|p1|Grimmsnarl, L50, M|\n|poke|p1|Annihilape, L50, M|\n|poke|p1|Flutter Mane, L50|\n|poke|p1|Indeedee-F, L50, F|\n|poke|p1|Grafaiai, L50, M|\n|poke|p2|Volcarona, L50, M|\n|poke|p2|Wo-Chien, L50|\n|poke|p2|Grimmsnarl, L50, M|\n|poke|p2|Iron Hands, L50|\n|poke|p2|Slowking, L50, F|\n|poke|p2|Salamence, L50, F|\n|teampreview|4\n|\n|t:|1683559803\n|start\n|switch|p1a: Flutter Mane|Flutter Mane, L50|100\/100\n|switch|p1b: Toxtricity|Toxtricity, L50, M|100\/100\n|switch|p2a: Wo-Chien|Wo-Chien, L50|100\/100\n|switch|p2b: Grimmsnarl|Grimmsnarl, L50, M, shiny|100\/100\n|-ability|p2a: Wo-Chien|Tablets of Ruin\n|turn|1\n|\n|t:|1683559872\n|-terastallize|p1b: Toxtricity|Normal\n|-terastallize|p2a: Wo-Chien|Poison\n|move|p2b: Grimmsnarl|Fake Out|p1b: Toxtricity\n|-damage|p1b: Toxtricity|89\/100\n|move|p1a: Flutter Mane|Dazzling Gleam|p2a: Wo-Chien|[spread] p2a,p2b\n|-resisted|p2a: Wo-Chien\n|-supereffective|p2b: Grimmsnarl\n|-damage|p2a: Wo-Chien|88\/100\n|-damage|p2b: Grimmsnarl|4\/100\n|cant|p1b: Toxtricity|flinch\n|move|p2a: Wo-Chien|Knock Off|p1a: Flutter Mane\n|-damage|p1a: Flutter Mane|38\/100\n|-enditem|p1a: Flutter Mane|Choice Specs|[from] move: Knock Off|[of] p2a: Wo-Chien\n|\n|upkeep\n|turn|2\n|\n|t:|1683559899\n|move|p2b: Grimmsnarl|Parting Shot|p1b: Toxtricity\n|-unboost|p1b: Toxtricity|atk|1\n|-unboost|p1b: Toxtricity|spa|1\n|\n|t:|1683559904\n|switch|p2b: Iron Hands|Iron Hands, L50|100\/100|[from] Parting Shot\n|move|p1a: Flutter Mane|Dazzling Gleam|p2b: Iron Hands|[spread] p2a,p2b\n|-resisted|p2a: Wo-Chien\n|-supereffective|p2b: Iron Hands\n|-damage|p2a: Wo-Chien|79\/100\n|-damage|p2b: Iron Hands|49\/100\n|-enditem|p2b: Iron Hands|Sitrus Berry|[eat]\n|-heal|p2b: Iron Hands|74\/100|[from] item: Sitrus Berry\n|move|p1b: Toxtricity|Shift Gear|p1b: Toxtricity\n|-boost|p1b: Toxtricity|spe|2\n|-boost|p1b: Toxtricity|atk|1\n|move|p2a: Wo-Chien|Knock Off|p1a: Flutter Mane\n|-damage|p1a: Flutter Mane|0 fnt\n|faint|p1a: Flutter Mane\n|-end|p1a: Flutter Mane|Protosynthesis|[silent]\n|\n|upkeep\n|\n|t:|1683559918\n|switch|p1a: Annihilape|Annihilape, L50, M|100\/100\n|turn|3\n|\n|t:|1683559953\n|move|p1b: Toxtricity|Boomburst|p2b: Iron Hands|[spread] p2a,p2b\n|-immune|p1a: Annihilape\n|-damage|p2a: Wo-Chien|53\/100\n|-damage|p2b: Iron Hands|35\/100\n|move|p1a: Annihilape|Final Gambit|p2b: Iron Hands\n|-damage|p2b: Iron Hands|0 fnt\n|faint|p1a: Annihilape\n|faint|p2b: Iron Hands\n|-end|p2b: Iron Hands|Quark Drive|[silent]\n|move|p2a: Wo-Chien|Pollen Puff|p2: Iron Hands|[notarget]\n|-fail|p2a: Wo-Chien\n|\n|upkeep\n|\n|t:|1683559972\n|switch|p1a: Indeedee|Indeedee-F, L50, F|100\/100\n|switch|p2b: Grimmsnarl|Grimmsnarl, L50, M, shiny|4\/100\n|turn|4\n|\n|t:|1683559989\n|move|p1a: Indeedee|Helping Hand|p1b: Toxtricity\n|-singleturn|p1b: Toxtricity|Helping Hand|[of] p1a: Indeedee\n|move|p2b: Grimmsnarl|Fake Out|p1b: Toxtricity\n|-damage|p1b: Toxtricity|74\/100\n|cant|p1b: Toxtricity|flinch\n|move|p2a: Wo-Chien|Pollen Puff|p2b: Grimmsnarl\n|-heal|p2b: Grimmsnarl|54\/100\n|\n|upkeep\n|turn|5\n|\n|t:|1683560022\n|move|p1a: Indeedee|Helping Hand|p1b: Toxtricity\n|-singleturn|p1b: Toxtricity|Helping Hand|[of] p1a: Indeedee\n|move|p2b: Grimmsnarl|Sucker Punch|p1b: Toxtricity\n|-damage|p1b: Toxtricity|42\/100\n|move|p1b: Toxtricity|Boomburst|p2a: Wo-Chien|[spread] p1a,p2a,p2b\n|-damage|p1a: Indeedee|38\/100\n|-damage|p2a: Wo-Chien|14\/100\n|-damage|p2b: Grimmsnarl|0 fnt\n|faint|p2b: Grimmsnarl\n|move|p2a: Wo-Chien|Mud-Slap|p1b: Toxtricity\n|-damage|p1b: Toxtricity|35\/100\n|-unboost|p1b: Toxtricity|accuracy|1\n|\n|upkeep\n|\n|t:|1683560035\n|switch|p2b: Slowking|Slowking, L50, F|100\/100\n|turn|6\n|\n|t:|1683560058\n|move|p1a: Indeedee|Helping Hand|p1b: Toxtricity\n|-singleturn|p1b: Toxtricity|Helping Hand|[of] p1a: Indeedee\n|move|p2b: Slowking|Protect|p2b: Slowking\n|-singleturn|p2b: Slowking|Protect\n|move|p1b: Toxtricity|Boomburst|p2b: Slowking|[spread] p2a\n|-activate|p2b: Slowking|move: Protect\n|-miss|p1b: Toxtricity|p1a: Indeedee\n|-damage|p2a: Wo-Chien|0 fnt\n|faint|p2a: Wo-Chien\n|\n|upkeep\n|turn|7\n|\n|t:|1683560074\n|move|p1a: Indeedee|Helping Hand|p1b: Toxtricity\n|-singleturn|p1b: Toxtricity|Helping Hand|[of] p1a: Indeedee\n|move|p1b: Toxtricity|Boomburst|p2b: Slowking|[spread] p1a\n|-miss|p1b: Toxtricity|p2b: Slowking\n|-damage|p1a: Indeedee|0 fnt\n|faint|p1a: Indeedee\n|move|p2b: Slowking|Hydro Pump|p1b: Toxtricity\n|-damage|p1b: Toxtricity|0 fnt\n|faint|p1b: Toxtricity\n|\n|win|bgcfranky\n|raw|sansilloMaster's rating: 1041 → 1029<\/strong> (-12 for losing)\n|raw|bgcfranky's rating: 1142 → 1160<\/strong> (+18 for winning)\n","uploadtime":1683560087,"views":9,"p1id":"sansillomaster","p2id":"bgcfranky","formatid":"gen9vgc2023regulationc","rating":1029,"private":0,"password":""}