{"id":"gen9vgc2023regulationc-1853152674","p1":"AGSilver935","p2":"Mommy Kuvira","format":"[Gen 9] VGC 2023 Regulation C","log":"|j|\u2606AGSilver935\n|j|\u2606Mommy Kuvira\n|t:|1682641599\n|gametype|doubles\n|player|p1|AGSilver935|brock-masters|\n|player|p2|Mommy Kuvira|cynthia-gen4|\n|teamsize|p1|6\n|teamsize|p2|6\n|gen|9\n|tier|[Gen 9] VGC 2023 Regulation C\n|rule|Species Clause: Limit one of each Pok\u00e9mon\n|rule|Item Clause: Limit one of each item\n|clearpoke\n|poke|p1|Iron Hands, L50|\n|poke|p1|Flutter Mane, L50|\n|poke|p1|Chi-Yu, L50|\n|poke|p1|Iron Bundle, L50|\n|poke|p1|Amoonguss, L50, M|\n|poke|p1|Stonjourner, L50, M|\n|poke|p2|Arcanine, L50, M|\n|poke|p2|Amoonguss, L50, F|\n|poke|p2|Palafin, L50, F|\n|poke|p2|Flutter Mane, L50|\n|poke|p2|Kingambit, L50, M|\n|poke|p2|Iron Hands, L50|\n|teampreview|4\nAGSilver935 has agreed to open team sheets.\n|c|\u2606Mommy Kuvira|G2\nMommy Kuvira has agreed to open team sheets.\n|\n|t:|1682642360\n|start\n|switch|p1a: Stonjourner|Stonjourner, L50, M|100\/100\n|switch|p1b: Chi-Yu|Chi-Yu, L50|100\/100\n|switch|p2a: Puncak Jaya|Iron Hands, L50|100\/100\n|switch|p2b: Kinabalu|Palafin, L50, F|100\/100\n|-ability|p1b: Chi-Yu|Beads of Ruin\n|turn|1\n|\n|t:|1682642412\n|-terastallize|p1b: Chi-Yu|Water\n|move|p2b: Kinabalu|Protect|p2b: Kinabalu\n|-singleturn|p2b: Kinabalu|Protect\n|move|p2a: Puncak Jaya|Protect|p2a: Puncak Jaya\n|-singleturn|p2a: Puncak Jaya|Protect\n|move|p1b: Chi-Yu|Dark Pulse|p2b: Kinabalu\n|-activate|p2b: Kinabalu|move: Protect\n|move|p1a: Stonjourner|Rock Slide|p2a: Puncak Jaya|[spread] \n|-activate|p2a: Puncak Jaya|move: Protect\n|-activate|p2b: Kinabalu|move: Protect\n|\n|upkeep\n|turn|2\n|\n|t:|1682642441\n|detailschange|p2b: Kinabalu|Palafin-Hero, L50, F\n|switch|p2b: Elbrus|Amoonguss, L50, F|100\/100\n|move|p1b: Chi-Yu|Dark Pulse|p2b: Elbrus\n|-damage|p2b: Elbrus|19\/100\n|move|p1a: Stonjourner|Rock Slide|p2b: Elbrus|[spread] p2a,p2b\n|-resisted|p2a: Puncak Jaya\n|-damage|p2a: Puncak Jaya|90\/100\n|-damage|p2b: Elbrus|0 fnt\n|faint|p2b: Elbrus\n|move|p2a: Puncak Jaya|Thunder Punch|p1b: Chi-Yu\n|-supereffective|p1b: Chi-Yu\n|-damage|p1b: Chi-Yu|0 fnt\n|faint|p1b: Chi-Yu\n|\n|upkeep\n|\n|t:|1682642461\n|switch|p1b: Iron Bundle|Iron Bundle, L50|100\/100\n|switch|p2b: Kinabalu|Palafin-Hero, L50, F|100\/100\n|-activate|p2b: Kinabalu|ability: Zero to Hero\n|-enditem|p1b: Iron Bundle|Booster Energy\n|-activate|p1b: Iron Bundle|ability: Quark Drive|[fromitem]\n|-start|p1b: Iron Bundle|quarkdrivespe\n|turn|3\n|\n|t:|1682642497\n|move|p2b: Kinabalu|Protect|p2b: Kinabalu\n|-singleturn|p2b: Kinabalu|Protect\n|move|p1b: Iron Bundle|Hydro Pump|p2a: Puncak Jaya\n|-damage|p2a: Puncak Jaya|41\/100\n|move|p1a: Stonjourner|Rock Slide|p2b: Kinabalu|[spread] \n|-activate|p2b: Kinabalu|move: Protect\n|-miss|p1a: Stonjourner|p2a: Puncak Jaya\n|move|p2a: Puncak Jaya|Drain Punch|p1a: Stonjourner\n|-supereffective|p1a: Stonjourner\n|-damage|p1a: Stonjourner|38\/100\n|-heal|p2a: Puncak Jaya|63\/100|[from] drain|[of] p1a: Stonjourner\n|\n|upkeep\n|turn|4\n|\n|t:|1682642519\n|move|p2b: Kinabalu|Jet Punch|p1a: Stonjourner\n|-supereffective|p1a: Stonjourner\n|-damage|p1a: Stonjourner|0 fnt\n|faint|p1a: Stonjourner\n|move|p1b: Iron Bundle|Freeze-Dry|p2b: Kinabalu\n|-supereffective|p2b: Kinabalu\n|-damage|p2b: Kinabalu|28\/100\n|move|p2a: Puncak Jaya|Drain Punch|p1b: Iron Bundle\n|-supereffective|p1b: Iron Bundle\n|-damage|p1b: Iron Bundle|13\/100\n|-heal|p2a: Puncak Jaya|88\/100|[from] drain|[of] p1b: Iron Bundle\n|\n|upkeep\n|\n|t:|1682642530\n|switch|p1a: Flutter Mane|Flutter Mane, L50|100\/100\n|turn|5\n|\n|t:|1682642540\n|move|p1b: Iron Bundle|Protect|p1b: Iron Bundle\n|-singleturn|p1b: Iron Bundle|Protect\n|move|p2b: Kinabalu|Protect|p2b: Kinabalu\n|-singleturn|p2b: Kinabalu|Protect\n|move|p2a: Puncak Jaya|Protect|p2a: Puncak Jaya\n|-singleturn|p2a: Puncak Jaya|Protect\n|move|p1a: Flutter Mane|Dazzling Gleam|p2a: Puncak Jaya|[spread] \n|-activate|p2a: Puncak Jaya|move: Protect\n|-activate|p2b: Kinabalu|move: Protect\n|\n|upkeep\n|turn|6\n|\n|t:|1682642582\n|move|p2b: Kinabalu|Jet Punch|p1b: Iron Bundle\n|-resisted|p1b: Iron Bundle\n|-damage|p1b: Iron Bundle|0 fnt\n|faint|p1b: Iron Bundle\n|-end|p1b: Iron Bundle|Quark Drive|[silent]\n|move|p1a: Flutter Mane|Dazzling Gleam|p2b: Kinabalu|[spread] p2a,p2b\n|-supereffective|p2a: Puncak Jaya\n|-damage|p2a: Puncak Jaya|27\/100\n|-damage|p2b: Kinabalu|0 fnt\n|faint|p2b: Kinabalu\n|-damage|p1a: Flutter Mane|91\/100|[from] item: Life Orb\n|move|p2a: Puncak Jaya|Thunder Punch|p1a: Flutter Mane\n|-damage|p1a: Flutter Mane|32\/100\n|\n|upkeep\n|\n|t:|1682642592\n|switch|p2b: Denali|Flutter Mane, L50|100\/100\n|-enditem|p2b: Denali|Booster Energy\n|-activate|p2b: Denali|ability: Protosynthesis|[fromitem]\n|-start|p2b: Denali|protosynthesisspa\n|turn|7\n|\n|t:|1682642603\n|-terastallize|p2a: Puncak Jaya|Fire\n|move|p2b: Denali|Shadow Ball|p1a: Flutter Mane\n|-supereffective|p1a: Flutter Mane\n|-damage|p1a: Flutter Mane|0 fnt\n|faint|p1a: Flutter Mane\n|-end|p1a: Flutter Mane|Protosynthesis|[silent]\n|\n|win|Mommy Kuvira\n|c|\u2606Mommy Kuvira|ggs\n|c|\u2606AGSilver935|gg\n|l|\u2606AGSilver935\n","uploadtime":1682642611,"views":10,"p1id":"agsilver935","p2id":"mommykuvira","formatid":"gen9vgc2023regulationc","rating":0,"private":0,"password":""}