{"id":"gen9vgc2023regulationc-1854927273","p1":"SrYopi","p2":"NickBattlesMons","format":"[Gen 9] VGC 2023 Regulation C","log":"|j|\u2606SrYopi\n|j|\u2606NickBattlesMons\n|t:|1682881629\n|gametype|doubles\n|player|p1|SrYopi|102|1356\n|player|p2|NickBattlesMons|hilbert|1311\n|teamsize|p1|6\n|teamsize|p2|6\n|gen|9\n|tier|[Gen 9] VGC 2023 Regulation C\n|rated|\n|rule|Species Clause: Limit one of each Pok\u00e9mon\n|rule|Item Clause: Limit one of each item\n|clearpoke\n|poke|p1|Iron Jugulis, L50|\n|poke|p1|Iron Hands, L50|\n|poke|p1|Bellibolt, L50, F|\n|poke|p1|Iron Bundle, L50|\n|poke|p1|Abomasnow, L50, F|\n|poke|p1|Palafin, L50, F|\n|poke|p2|Iron Bundle, L50|\n|poke|p2|Arcanine, L50, M|\n|poke|p2|Amoonguss, L50, F|\n|poke|p2|Palafin, L50, M|\n|poke|p2|Dragapult, L50, F|\n|poke|p2|Ting-Lu, L50|\n|teampreview|4\n|inactive|Battle timer is ON: inactive players will automatically lose when time's up. (requested by NickBattlesMons)\n|\n|t:|1682881663\n|start\n|switch|p1a: Iron Jugulis|Iron Jugulis, L50|100\/100\n|switch|p1b: Josemi|Iron Hands, L50, shiny|100\/100\n|switch|p2a: Arcanine|Arcanine, L50, M|100\/100\n|switch|p2b: Iron Bundle|Iron Bundle, L50|100\/100\n|-ability|p2a: Arcanine|Intimidate|boost\n|-unboost|p1a: Iron Jugulis|atk|1\n|-unboost|p1b: Josemi|atk|1\n|-enditem|p1a: Iron Jugulis|Booster Energy\n|-activate|p1a: Iron Jugulis|ability: Quark Drive|[fromitem]\n|-start|p1a: Iron Jugulis|quarkdrivespe\n|turn|1\n|\n|t:|1682881683\n|move|p1b: Josemi|Fake Out|p2a: Arcanine\n|-damage|p2a: Arcanine|88\/100\n|move|p1a: Iron Jugulis|Electric Terrain|p1a: Iron Jugulis\n|-fieldstart|move: Electric Terrain\n|-activate|p2b: Iron Bundle|ability: Quark Drive\n|-start|p2b: Iron Bundle|quarkdrivespe\n|-activate|p1b: Josemi|ability: Quark Drive\n|-start|p1b: Josemi|quarkdriveatk\n|move|p2b: Iron Bundle|Encore|p1a: Iron Jugulis\n|-start|p1a: Iron Jugulis|Encore\n|cant|p2a: Arcanine|flinch\n|\n|upkeep\n|turn|2\n|\n|t:|1682881706\n|-end|p1a: Iron Jugulis|Quark Drive|[silent]\n|switch|p1a: Abomasnow|Abomasnow, L50, F|100\/100\n|-weather|Snow|[from] ability: Snow Warning|[of] p1a: Abomasnow\n|move|p2b: Iron Bundle|Encore|p1b: Josemi\n|-start|p1b: Josemi|Encore\n|move|p2a: Arcanine|Flare Blitz|p1a: Abomasnow\n|-supereffective|p1a: Abomasnow\n|-enditem|p1a: Abomasnow|Focus Sash\n|-damage|p1a: Abomasnow|1\/100\n|-damage|p2a: Arcanine|54\/100|[from] Recoil\n|move|p1b: Josemi|Fake Out||[still]\n|-hint|Fake Out only works on your first turn out.\n|-fail|p1b: Josemi\n|\n|-weather|Snow|[upkeep]\n|upkeep\n|turn|3\n|inactive|SrYopi has 30 seconds left.\n|inactive|NickBattlesMons has 30 seconds left.\n|\n|t:|1682881740\n|switch|p2a: Palafin|Palafin, L50, M|100\/100\n|-end|p1b: Josemi|Quark Drive|[silent]\n|switch|p1b: Iron Jugulis|Iron Jugulis, L50|100\/100\n|-activate|p1b: Iron Jugulis|ability: Quark Drive\n|-start|p1b: Iron Jugulis|quarkdrivespe\n|move|p2b: Iron Bundle|Freeze-Dry|p1a: Abomasnow\n|-damage|p1a: Abomasnow|0 fnt\n|faint|p1a: Abomasnow\n|\n|-weather|Snow|[upkeep]\n|upkeep\n|\n|t:|1682881751\n|switch|p1a: Iron Bundle|Iron Bundle, L50|100\/100\n|-activate|p1a: Iron Bundle|ability: Quark Drive\n|-start|p1a: Iron Bundle|quarkdrivespa\n|turn|4\n|\n|t:|1682881766\n|detailschange|p2a: Palafin|Palafin-Hero, L50, M\n|switch|p2a: Arcanine|Arcanine, L50, M|54\/100\n|-ability|p2a: Arcanine|Intimidate|boost\n|-unboost|p1a: Iron Bundle|atk|1\n|-unboost|p1b: Iron Jugulis|atk|1\n|-terastallize|p1a: Iron Bundle|Ice\n|move|p2b: Iron Bundle|Freeze-Dry|p1a: Iron Bundle\n|-resisted|p1a: Iron Bundle\n|-damage|p1a: Iron Bundle|74\/100\n|move|p1b: Iron Jugulis|Tailwind|p1b: Iron Jugulis\n|-sidestart|p1: SrYopi|move: Tailwind\n|move|p1a: Iron Bundle|Blizzard|p2b: Iron Bundle|[spread] p2a,p2b\n|-resisted|p2a: Arcanine\n|-resisted|p2b: Iron Bundle\n|-damage|p2a: Arcanine|0 fnt\n|-damage|p2b: Iron Bundle|39\/100\n|faint|p2a: Arcanine\n|\n|-weather|Snow|[upkeep]\n|upkeep\n|\n|t:|1682881778\n|switch|p2a: Dragapult|Dragapult, L50, F|100\/100\n|turn|5\n|\n|t:|1682881796\n|-terastallize|p2a: Dragapult|Steel\n|move|p1b: Iron Jugulis|U-turn|p2a: Dragapult\n|-resisted|p2a: Dragapult\n|-damage|p2a: Dragapult|95\/100\n|\n|t:|1682881800\n|-end|p1b: Iron Jugulis|Quark Drive|[silent]\n|switch|p1b: Josemi|Iron Hands, L50, shiny|100\/100|[from] U-turn\n|-activate|p1b: Josemi|ability: Quark Drive\n|-start|p1b: Josemi|quarkdriveatk\n|move|p1a: Iron Bundle|Blizzard|p2a: Dragapult|[spread] p2a,p2b\n|-resisted|p2a: Dragapult\n|-resisted|p2b: Iron Bundle\n|-damage|p2a: Dragapult|19\/100\n|-damage|p2b: Iron Bundle|0 fnt\n|faint|p2b: Iron Bundle\n|-end|p2b: Iron Bundle|Quark Drive|[silent]\n|move|p2a: Dragapult|Tera Blast|p1a: Iron Bundle\n|-supereffective|p1a: Iron Bundle\n|-damage|p1a: Iron Bundle|0 fnt\n|faint|p1a: Iron Bundle\n|-end|p1a: Iron Bundle|Quark Drive|[silent]\n|\n|-weather|Snow|[upkeep]\n|-fieldend|move: Electric Terrain\n|-end|p1b: Josemi|Quark Drive\n|upkeep\n|\n|t:|1682881813\n|switch|p2b: Palafin|Palafin-Hero, L50, M|100\/100\n|switch|p1a: Iron Jugulis|Iron Jugulis, L50|100\/100\n|-activate|p2b: Palafin|ability: Zero to Hero\n|turn|6\n|\n|t:|1682881830\n|move|p1b: Josemi|Fake Out|p2a: Dragapult\n|-resisted|p2a: Dragapult\n|-damage|p2a: Dragapult|8\/100\n|move|p1a: Iron Jugulis|Air Slash|p2b: Palafin\n|-damage|p2b: Palafin|58\/100\n|cant|p2a: Dragapult|flinch\n|move|p2b: Palafin|Wave Crash|p1b: Josemi\n|-damage|p1b: Josemi|37\/100\n|-damage|p2b: Palafin|32\/100|[from] Recoil\n|\n|-weather|none\n|upkeep\n|turn|7\n|\n|t:|1682881844\n|move|p2b: Palafin|Jet Punch|p1b: Josemi\n|-damage|p1b: Josemi|4\/100\n|move|p1a: Iron Jugulis|Air Slash|p2b: Palafin\n|-damage|p2b: Palafin|0 fnt\n|faint|p2b: Palafin\n|move|p2a: Dragapult|Tera Blast|p1a: Iron Jugulis\n|-damage|p1a: Iron Jugulis|31\/100\n|move|p1b: Josemi|Drain Punch|p2a: Dragapult\n|-supereffective|p2a: Dragapult\n|-damage|p2a: Dragapult|0 fnt\n|-heal|p1b: Josemi|6\/100|[from] drain|[of] p2a: Dragapult\n|faint|p2a: Dragapult\n|\n|win|SrYopi\n|raw|SrYopi's rating: 1356 → 1373<\/strong> (+17 for winning)\n|raw|NickBattlesMons's rating: 1311 → 1294<\/strong> (-17 for losing)\n|l|\u2606NickBattlesMons\n","uploadtime":1682881963,"views":8,"p1id":"sryopi","p2id":"nickbattlesmons","formatid":"gen9vgc2023regulationc","rating":1294,"private":0,"password":""}