{"id":"gen9vgc2023regulationc-1861536667","p1":"12kdj","p2":"RonJohn","format":"[Gen 9] VGC 2023 Regulation C","log":"|j|\u260612kdj\n|j|\u2606RonJohn\n|t:|1683770166\n|gametype|doubles\n|player|p1|12kdj|dawn|1128\n|player|p2|RonJohn|266|1144\n|teamsize|p1|6\n|teamsize|p2|6\n|gen|9\n|tier|[Gen 9] VGC 2023 Regulation C\n|rated|\n|rule|Species Clause: Limit one of each Pok\u00e9mon\n|rule|Item Clause: Limit one of each item\n|clearpoke\n|poke|p1|Lurantis, L50, M|\n|poke|p1|Grimmsnarl, L50, M|\n|poke|p1|Ting-Lu, L50|\n|poke|p1|Farigiraf, L50, M|\n|poke|p1|Talonflame, L50, M|\n|poke|p1|Palafin, L50, M|\n|poke|p2|Flutter Mane, L50|\n|poke|p2|Orthworm, L50, M|\n|poke|p2|Dragonite, L50, F|\n|poke|p2|Amoonguss, L50, F|\n|poke|p2|Gyarados, L50, M|\n|poke|p2|Ting-Lu, L50|\n|teampreview|4\nRonJohn has agreed to open team sheets.\n|inactive|Battle timer is ON: inactive players will automatically lose when time's up. (requested by RonJohn)\n|inactive|RonJohn has 60 seconds left.\n|\n|t:|1683770213\n|start\n|switch|p1a: Grimmsnarl|Grimmsnarl, L50, M|100\/100\n|switch|p1b: Palafin|Palafin, L50, M|100\/100\n|switch|p2a: Ting-Lu|Ting-Lu, L50|100\/100\n|switch|p2b: Gyarados|Gyarados, L50, M|100\/100\n|-ability|p2b: Gyarados|Intimidate|boost\n|-unboost|p1a: Grimmsnarl|atk|1\n|-unboost|p1b: Palafin|atk|1\n|-ability|p2a: Ting-Lu|Vessel of Ruin\n|turn|1\n|inactive|12kdj has 30 seconds left.\n|inactive|RonJohn has 30 seconds left.\n|inactive|RonJohn has 20 seconds left.\n|\n|t:|1683770249\n|detailschange|p1b: Palafin|Palafin-Hero, L50, M\n|switch|p1b: Lurantis|Lurantis, L50, M|100\/100\n|move|p1a: Grimmsnarl|Fake Out|p2b: Gyarados\n|-damage|p2b: Gyarados|93\/100\n|cant|p2b: Gyarados|flinch\n|move|p2a: Ting-Lu|Earthquake|p1b: Lurantis|[spread] p1a,p1b\n|-immune|p2b: Gyarados\n|-resisted|p1b: Lurantis\n|-damage|p1a: Grimmsnarl|60\/100\n|-damage|p1b: Lurantis|78\/100\n|\n|upkeep\n|turn|2\n|inactive|RonJohn has 30 seconds left.\n|\n|t:|1683770276\n|move|p1a: Grimmsnarl|Taunt|p2b: Gyarados\n|-start|p2b: Gyarados|move: Taunt\n|cant|p2b: Gyarados|move: Taunt|Taunt\n|move|p1b: Lurantis|Leaf Storm|p2a: Ting-Lu\n|-supereffective|p2a: Ting-Lu\n|-damage|p2a: Ting-Lu|60\/100\n|-boost|p1b: Lurantis|spa|2\n|move|p2a: Ting-Lu|Earthquake|p1a: Grimmsnarl|[spread] p1a,p1b\n|-immune|p2b: Gyarados\n|-resisted|p1b: Lurantis\n|-damage|p1a: Grimmsnarl|19\/100\n|-damage|p1b: Lurantis|55\/100\n|\n|upkeep\n|turn|3\n|inactive|RonJohn has 30 seconds left.\n|inactive|RonJohn has 20 seconds left.\n|\n|t:|1683770313\n|move|p2b: Gyarados|Waterfall|p1b: Lurantis\n|-resisted|p1b: Lurantis\n|-damage|p1b: Lurantis|29\/100\n|move|p1b: Lurantis|Leaf Storm|p2a: Ting-Lu\n|-supereffective|p2a: Ting-Lu\n|-damage|p2a: Ting-Lu|0 fnt\n|-boost|p1b: Lurantis|spa|2\n|faint|p2a: Ting-Lu\n|move|p1a: Grimmsnarl|Spirit Break|p2b: Gyarados\n|-damage|p2b: Gyarados|69\/100\n|-unboost|p2b: Gyarados|spa|1\n|\n|upkeep\n|\n|t:|1683770324\n|switch|p2a: Orthworm|Orthworm, L50, M|100\/100\n|turn|4\n|inactive|12kdj has 30 seconds left.\n|\n|t:|1683770350\n|move|p1a: Grimmsnarl|Taunt|p2a: Orthworm\n|-start|p2a: Orthworm|move: Taunt\n|move|p2b: Gyarados|Waterfall|p1a: Grimmsnarl\n|-damage|p1a: Grimmsnarl|0 fnt\n|faint|p1a: Grimmsnarl\n|move|p1b: Lurantis|Giga Drain|p2b: Gyarados\n|-damage|p2b: Gyarados|0 fnt\n|-heal|p1b: Lurantis|76\/100|[from] drain|[of] p2b: Gyarados\n|faint|p2b: Gyarados\n|cant|p2a: Orthworm|move: Taunt|Shed Tail\n|\n|upkeep\n|\n|t:|1683770367\n|switch|p2b: Dragonite|Dragonite, L50, F|100\/100\n|switch|p1a: Farigiraf|Farigiraf, L50, M|100\/100\n|turn|5\n|inactive|RonJohn has 30 seconds left.\n|inactive|RonJohn has 20 seconds left.\n|\n|t:|1683770404\n|-terastallize|p1b: Lurantis|Fire\n|move|p2b: Dragonite|Dragon Dance|p2b: Dragonite\n|-boost|p2b: Dragonite|atk|1\n|-boost|p2b: Dragonite|spe|1\n|move|p1b: Lurantis|Tera Blast|p2a: Orthworm\n|-supereffective|p2a: Orthworm\n|-damage|p2a: Orthworm|0 fnt\n|faint|p2a: Orthworm\n|move|p1a: Farigiraf|Reflect|p1a: Farigiraf\n|-sidestart|p1: 12kdj|Reflect\n|\n|upkeep\n|turn|6\n|\n|t:|1683770424\n|move|p2b: Dragonite|Earthquake|p1b: Lurantis|[spread] p1a,p1b\n|-supereffective|p1b: Lurantis\n|-damage|p1a: Farigiraf|73\/100\n|-damage|p1b: Lurantis|0 fnt\n|faint|p1b: Lurantis\n|move|p1a: Farigiraf|Trick Room|p1a: Farigiraf\n|-fieldstart|move: Trick Room|[of] p1a: Farigiraf\n|\n|upkeep\n|\n|t:|1683770431\n|switch|p1b: Palafin|Palafin-Hero, L50, M|100\/100\n|-activate|p1b: Palafin|ability: Zero to Hero\n|turn|7\n|\n|t:|1683770453\n|move|p1a: Farigiraf|Tera Blast|p2b: Dragonite\n|-damage|p2b: Dragonite|82\/100\n|move|p1b: Palafin|Ice Punch|p2b: Dragonite\n|-supereffective|p2b: Dragonite\n|-damage|p2b: Dragonite|0 fnt\n|faint|p2b: Dragonite\n|\n|win|12kdj\n|raw|12kdj's rating: 1128 → 1154<\/strong> (+26 for winning)\n|raw|RonJohn's rating: 1144 → 1118<\/strong> (-26 for losing)\n|l|\u260612kdj\n","uploadtime":1683770464,"views":21,"p1id":"12kdj","p2id":"ronjohn","formatid":"gen9vgc2023regulationc","rating":1118,"private":0,"password":""}