{"id":"gen9vgc2023regulationc-1851067845","p1":"Zardycoolers","p2":"Kingyveltal64","format":"[Gen 9] VGC 2023 Regulation C","log":"|j|\u2606Zardycoolers\n|j|\u2606Kingyveltal64\n|t:|1682403479\n|gametype|doubles\n|player|p1|Zardycoolers|2|\n|player|p2|Kingyveltal64|lucas|\n|teamsize|p1|6\n|teamsize|p2|6\n|gen|9\n|tier|[Gen 9] VGC 2023 Regulation C\n|rule|Species Clause: Limit one of each Pok\u00e9mon\n|rule|Item Clause: Limit one of each item\n|clearpoke\n|poke|p1|Ceruledge, L50, M|\n|poke|p1|Great Tusk, L50|\n|poke|p1|Iron Bundle, L50|\n|poke|p1|Chien-Pao, L50|\n|poke|p1|Dragonite, L50, F|\n|poke|p1|Maushold-Four, L50|\n|poke|p2|Ceruledge, L50, M|\n|poke|p2|Roaring Moon, L50|\n|poke|p2|Baxcalibur, L50, F|\n|poke|p2|Torkoal, L50, F|\n|poke|p2|Lilligant, L50, F|\n|poke|p2|Iron Hands, L50|\n|teampreview|4\n|\n|t:|1682403542\n|start\n|switch|p1a: Iron Bundle|Iron Bundle, L50|100\/100\n|switch|p1b: Maushold|Maushold-Four, L50|100\/100\n|switch|p2a: Iron Hands|Iron Hands, L50|100\/100\n|switch|p2b: Ceruledge|Ceruledge, L50, M|100\/100\n|-enditem|p1a: Iron Bundle|Booster Energy\n|-activate|p1a: Iron Bundle|ability: Quark Drive|[fromitem]\n|-start|p1a: Iron Bundle|quarkdrivespe\n|-enditem|p2a: Iron Hands|Booster Energy\n|-activate|p2a: Iron Hands|ability: Quark Drive|[fromitem]\n|-start|p2a: Iron Hands|quarkdriveatk\n|turn|1\n|\n|t:|1682403575\n|move|p2a: Iron Hands|Fake Out|p1a: Iron Bundle\n|-damage|p1a: Iron Bundle|81\/100\n|cant|p1a: Iron Bundle|flinch\n|move|p1b: Maushold|Super Fang|p2a: Iron Hands\n|-damage|p2a: Iron Hands|50\/100\n|move|p2b: Ceruledge|Bulk Up|p2b: Ceruledge\n|-boost|p2b: Ceruledge|atk|1\n|-boost|p2b: Ceruledge|def|1\n|\n|upkeep\n|turn|2\n|\n|t:|1682403599\n|move|p2b: Ceruledge|Protect|p2b: Ceruledge\n|-singleturn|p2b: Ceruledge|Protect\n|move|p1b: Maushold|Baby-Doll Eyes|p2a: Iron Hands\n|-unboost|p2a: Iron Hands|atk|1\n|move|p1a: Iron Bundle|Hydro Pump|p2b: Ceruledge\n|-activate|p2b: Ceruledge|move: Protect\n|move|p2a: Iron Hands|Drain Punch|p1a: Iron Bundle\n|-supereffective|p1a: Iron Bundle\n|-damage|p1a: Iron Bundle|12\/100\n|-heal|p2a: Iron Hands|70\/100|[from] drain|[of] p1a: Iron Bundle\n|\n|upkeep\n|turn|3\n|\n|t:|1682403637\n|-end|p1a: Iron Bundle|Quark Drive|[silent]\n|switch|p1a: Ceruledge|Ceruledge, L50, M|100\/100\n|switch|p2b: Torkoal|Torkoal, L50, F|100\/100\n|-weather|SunnyDay|[from] ability: Drought|[of] p2b: Torkoal\n|move|p1b: Maushold|Super Fang|p2a: Iron Hands\n|-damage|p2a: Iron Hands|36\/100\n|move|p2a: Iron Hands|Drain Punch|p1a: Ceruledge\n|-immune|p1a: Ceruledge\n|\n|-weather|SunnyDay|[upkeep]\n|upkeep\n|turn|4\n|\n|t:|1682403654\n|-end|p2a: Iron Hands|Quark Drive|[silent]\n|switch|p2a: Ceruledge|Ceruledge, L50, M|100\/100\n|move|p1b: Maushold|Protect|p1b: Maushold\n|-singleturn|p1b: Maushold|Protect\n|move|p1a: Ceruledge|Bulk Up|p1a: Ceruledge\n|-boost|p1a: Ceruledge|atk|1\n|-boost|p1a: Ceruledge|def|1\n|move|p2b: Torkoal|Iron Defense|p2b: Torkoal\n|-boost|p2b: Torkoal|def|2\n|\n|-weather|SunnyDay|[upkeep]\n|upkeep\n|turn|5\n|\n|t:|1682403681\n|move|p1a: Ceruledge|Shadow Sneak|p2a: Ceruledge\n|-supereffective|p2a: Ceruledge\n|-damage|p2a: Ceruledge|38\/100\n|move|p1b: Maushold|Super Fang|p2b: Torkoal\n|-damage|p2b: Torkoal|51\/100\n|move|p2a: Ceruledge|Bulk Up|p2a: Ceruledge\n|-boost|p2a: Ceruledge|atk|1\n|-boost|p2a: Ceruledge|def|1\n|move|p2b: Torkoal|Yawn|p1a: Ceruledge\n|-start|p1a: Ceruledge|move: Yawn|[of] p2b: Torkoal\n|\n|-weather|SunnyDay|[upkeep]\n|upkeep\n|turn|6\n|\n|t:|1682403714\n|-terastallize|p2a: Ceruledge|Fire\n|move|p1a: Ceruledge|Shadow Sneak|p2a: Ceruledge\n|-damage|p2a: Ceruledge|15\/100\n|move|p1b: Maushold|Super Fang|p2b: Torkoal\n|-damage|p2b: Torkoal|26\/100\n|move|p2a: Ceruledge|Bitter Blade|p1b: Maushold\n|-damage|p1b: Maushold|0 fnt\n|-heal|p2a: Ceruledge|67\/100|[from] drain|[of] p1b: Maushold\n|faint|p1b: Maushold\n|-damage|p2a: Ceruledge|57\/100|[from] item: Life Orb\n|move|p2b: Torkoal|Yawn||[still]\n|-fail|p2b: Torkoal\n|\n|-weather|SunnyDay|[upkeep]\n|-end|p1a: Ceruledge|move: Yawn|[silent]\n|-status|p1a: Ceruledge|slp\n|upkeep\n|\n|t:|1682403730\n|switch|p1b: Chien-Pao|Chien-Pao, L50|100\/100\n|-ability|p1b: Chien-Pao|Sword of Ruin\n|turn|7\n|\n|t:|1682403757\n|move|p1b: Chien-Pao|Sacred Sword|p2a: Ceruledge\n|-damage|p2a: Ceruledge|12\/100\n|cant|p1a: Ceruledge|slp\n|move|p2a: Ceruledge|Bitter Blade|p1b: Chien-Pao\n|-supereffective|p1b: Chien-Pao\n|-enditem|p1b: Chien-Pao|Focus Sash\n|-damage|p1b: Chien-Pao|1\/100\n|-heal|p2a: Ceruledge|56\/100|[from] drain|[of] p1b: Chien-Pao\n|-damage|p2a: Ceruledge|46\/100|[from] item: Life Orb\n|move|p2b: Torkoal|Body Press|p1b: Chien-Pao\n|-supereffective|p1b: Chien-Pao\n|-crit|p1b: Chien-Pao\n|-damage|p1b: Chien-Pao|0 fnt\n|faint|p1b: Chien-Pao\n|\n|-weather|none\n|upkeep\n|\n|t:|1682403773\n|switch|p1b: Iron Bundle|Iron Bundle, L50|12\/100\n|turn|8\n|\n|t:|1682403785\n|-curestatus|p1a: Ceruledge|slp|[msg]\n|move|p1a: Ceruledge|Shadow Sneak|p2b: Torkoal\n|-damage|p2b: Torkoal|15\/100\n|move|p2a: Ceruledge|Shadow Sneak|p1b: Iron Bundle\n|-damage|p1b: Iron Bundle|0 fnt\n|faint|p1b: Iron Bundle\n|-end|p1b: Iron Bundle|Quark Drive|[silent]\n|-damage|p2a: Ceruledge|36\/100|[from] item: Life Orb\n|move|p2b: Torkoal|Yawn|p1a: Ceruledge\n|-start|p1a: Ceruledge|move: Yawn|[of] p2b: Torkoal\n|\n|upkeep\n|turn|9\n|\n|t:|1682403810\n|move|p1a: Ceruledge|Bulk Up|p1a: Ceruledge\n|-boost|p1a: Ceruledge|atk|1\n|-boost|p1a: Ceruledge|def|1\n|move|p2a: Ceruledge|Bulk Up|p2a: Ceruledge\n|-boost|p2a: Ceruledge|atk|1\n|-boost|p2a: Ceruledge|def|1\n|move|p2b: Torkoal|Iron Defense|p2b: Torkoal\n|-boost|p2b: Torkoal|def|2\n|\n|-end|p1a: Ceruledge|move: Yawn|[silent]\n|-status|p1a: Ceruledge|slp\n|upkeep\n|turn|10\n|\n|t:|1682403832\n|switch|p2b: Iron Hands|Iron Hands, L50|36\/100\n|-terastallize|p1a: Ceruledge|Steel\n|cant|p1a: Ceruledge|slp\n|move|p2a: Ceruledge|Bulk Up|p2a: Ceruledge\n|-boost|p2a: Ceruledge|atk|1\n|-boost|p2a: Ceruledge|def|1\n|\n|upkeep\n|turn|11\n|\n|t:|1682403849\n|move|p2a: Ceruledge|Shadow Sneak|p1a: Ceruledge\n|-damage|p1a: Ceruledge|62\/100 slp\n|-damage|p2a: Ceruledge|27\/100|[from] item: Life Orb\n|-curestatus|p1a: Ceruledge|slp|[msg]\n|move|p1a: Ceruledge|Bulk Up|p1a: Ceruledge\n|-boost|p1a: Ceruledge|atk|1\n|-boost|p1a: Ceruledge|def|1\n|move|p2b: Iron Hands|Drain Punch|p1a: Ceruledge\n|-supereffective|p1a: Ceruledge\n|-damage|p1a: Ceruledge|18\/100\n|-heal|p2b: Iron Hands|53\/100|[from] drain|[of] p1a: Ceruledge\n|\n|upkeep\n|turn|12\n|\n|t:|1682403863\n|-end|p2b: Iron Hands|Quark Drive|[silent]\n|switch|p2b: Torkoal|Torkoal, L50, F|15\/100\n|-weather|SunnyDay|[from] ability: Drought|[of] p2b: Torkoal\n|move|p2a: Ceruledge|Protect|p2a: Ceruledge\n|-singleturn|p2a: Ceruledge|Protect\n|move|p1a: Ceruledge|Bitter Blade|p2b: Torkoal\n|-resisted|p2b: Torkoal\n|-damage|p2b: Torkoal|0 fnt\n|-heal|p1a: Ceruledge|25\/100|[from] drain|[of] p2b: Torkoal\n|faint|p2b: Torkoal\n|\n|-weather|SunnyDay|[upkeep]\n|upkeep\n|\n|t:|1682403875\n|switch|p2b: Iron Hands|Iron Hands, L50|53\/100\n|turn|13\n|\n|t:|1682403880\n|move|p2b: Iron Hands|Fake Out|p1a: Ceruledge\n|-resisted|p1a: Ceruledge\n|-damage|p1a: Ceruledge|22\/100\n|cant|p1a: Ceruledge|flinch\n|move|p2a: Ceruledge|Bulk Up|p2a: Ceruledge\n|-boost|p2a: Ceruledge|atk|1\n|-boost|p2a: Ceruledge|def|1\n|\n|-weather|SunnyDay|[upkeep]\n|upkeep\n|turn|14\n|\n|t:|1682403892\n|-singleturn|p2b: Iron Hands|move: Focus Punch\n|move|p2a: Ceruledge|Shadow Sneak|p1a: Ceruledge\n|-damage|p1a: Ceruledge|0 fnt\n|faint|p1a: Ceruledge\n|-damage|p2a: Ceruledge|17\/100|[from] item: Life Orb\n|\n|win|Kingyveltal64\n|l|\u2606Zardycoolers\n|l|\u2606Kingyveltal64\n|j|\u2606Kingyveltal64\n|player|p2|Kingyveltal64|lucas\n","uploadtime":1682404263,"views":13,"p1id":"zardycoolers","p2id":"kingyveltal64","formatid":"gen9vgc2023regulationc","rating":0,"private":0,"password":""}