{"id":"gen9vgc2023regulationc-1854267132","p1":"QuoiseSSBM","p2":"Tuxmux","format":"[Gen 9] VGC 2023 Regulation C","log":"|j|\u2606QuoiseSSBM\n|j|\u2606Tuxmux\n|t:|1682790513\n|gametype|doubles\n|player|p1|QuoiseSSBM|cynthia|\n|player|p2|Tuxmux|dawn-masters3|\n|teamsize|p1|6\n|teamsize|p2|6\n|gen|9\n|tier|[Gen 9] VGC 2023 Regulation C\n|rule|Species Clause: Limit one of each Pok\u00e9mon\n|rule|Item Clause: Limit one of each item\n|clearpoke\n|poke|p1|Dragonite, L50, F|\n|poke|p1|Wo-Chien, L50|\n|poke|p1|Dondozo, L50, F|\n|poke|p1|Tatsugiri-Droopy, L50, F|\n|poke|p1|Glimmora, L50, F|\n|poke|p1|Breloom, L50, F|\n|poke|p2|Chi-Yu, L50|\n|poke|p2|Gholdengo, L50|\n|poke|p2|Gastrodon, L50, F|\n|poke|p2|Talonflame, L50, M|\n|poke|p2|Meowscarada, L50, F|\n|poke|p2|Gallade, L50, M|\n|teampreview|4\n|inactive|Battle timer is ON: inactive players will automatically lose when time's up. (requested by QuoiseSSBM)\n|inactiveoff|Battle timer is now OFF.\n|j| Jstardude\n|j| F3athers\n|c|\u2606Tuxmux|glhf\n|\n|t:|1682790623\n|start\n|switch|p1a: king gedorah|Dragonite, L50, F, shiny|100\/100\n|switch|p1b: helpessness blues|Wo-Chien, L50|100\/100\n|switch|p2a: Talonflame|Talonflame, L50, M|100\/100\n|switch|p2b: Gastrodon|Gastrodon, L50, F|100\/100\n|-ability|p1b: helpessness blues|Tablets of Ruin\n|turn|1\n|\n|t:|1682790678\n|move|p2a: Talonflame|Protect|p2a: Talonflame\n|-singleturn|p2a: Talonflame|Protect\n|move|p1b: helpessness blues|Protect|p1b: helpessness blues\n|-singleturn|p1b: helpessness blues|Protect\n|move|p2b: Gastrodon|Protect|p2b: Gastrodon\n|-singleturn|p2b: Gastrodon|Protect\n|move|p1a: king gedorah|Extreme Speed|p2a: Talonflame\n|-activate|p2a: Talonflame|move: Protect\n|\n|upkeep\n|turn|2\n|\n|t:|1682790719\n|move|p1a: king gedorah|Extreme Speed|p2a: Talonflame\n|-damage|p2a: Talonflame|60\/100\n|-damage|p1a: king gedorah|84\/100|[from] item: Rocky Helmet|[of] p2a: Talonflame\n|move|p2a: Talonflame|Brave Bird|p1a: king gedorah\n|-damage|p1a: king gedorah|58\/100\n|-damage|p2a: Talonflame|51\/100|[from] Recoil\n|move|p1b: helpessness blues|Leech Seed|p2b: Gastrodon\n|-start|p2b: Gastrodon|move: Leech Seed\n|move|p2b: Gastrodon|Ice Beam|p1a: king gedorah\n|-supereffective|p1a: king gedorah\n|-damage|p1a: king gedorah|0 fnt\n|faint|p1a: king gedorah\n|\n|-damage|p2b: Gastrodon|88\/100|[from] Leech Seed|[of] p1b: helpessness blues\n|upkeep\n|\n|t:|1682790732\n|switch|p1a: calling all angels|Breloom, L50, F|100\/100\n|turn|3\n|c| F3athers|THE ROCKY HELMET\n|\n|t:|1682790775\n|move|p2a: Talonflame|Tailwind|p2a: Talonflame\n|-sidestart|p2: Tuxmux|move: Tailwind\n|move|p1a: calling all angels|Spore|p2a: Talonflame\n|-status|p2a: Talonflame|slp|[from] move: Spore\n|move|p2b: Gastrodon|Ice Beam|p1a: calling all angels\n|-supereffective|p1a: calling all angels\n|-enditem|p1a: calling all angels|Focus Sash\n|-damage|p1a: calling all angels|1\/100\n|move|p1b: helpessness blues|Pollen Puff|p1a: calling all angels\n|-heal|p1a: calling all angels|51\/100\n|\n|-heal|p2b: Gastrodon|94\/100|[from] item: Leftovers\n|-damage|p2b: Gastrodon|82\/100|[from] Leech Seed|[of] p1b: helpessness blues\n|upkeep\n|turn|4\n|\n|t:|1682790793\n|-terastallize|p2b: Gastrodon|Fire\n|cant|p2a: Talonflame|slp\n|move|p1a: calling all angels|Bullet Seed|p2b: Gastrodon\n|-resisted|p2b: Gastrodon\n|-damage|p2b: Gastrodon|73\/100\n|-resisted|p2b: Gastrodon\n|-damage|p2b: Gastrodon|63\/100\n|-resisted|p2b: Gastrodon\n|-damage|p2b: Gastrodon|55\/100\n|-hitcount|p2b: Gastrodon|3\n|move|p2b: Gastrodon|Ice Beam|p1a: calling all angels\n|-supereffective|p1a: calling all angels\n|-damage|p1a: calling all angels|0 fnt\n|faint|p1a: calling all angels\n|move|p1b: helpessness blues|Pollen Puff|p1: calling all angels|[notarget]\n|-fail|p1b: helpessness blues\n|\n|-heal|p2b: Gastrodon|61\/100|[from] item: Leftovers\n|-damage|p2b: Gastrodon|48\/100|[from] Leech Seed|[of] p1b: helpessness blues\n|upkeep\n|\n|t:|1682790805\n|switch|p1a: these walls|Dondozo, L50, F|100\/100\n|turn|5\n|\n|t:|1682790821\n|move|p2b: Gastrodon|Protect|p2b: Gastrodon\n|-singleturn|p2b: Gastrodon|Protect\n|move|p1b: helpessness blues|Protect|p1b: helpessness blues\n|-singleturn|p1b: helpessness blues|Protect\n|-curestatus|p2a: Talonflame|slp|[msg]\n|move|p2a: Talonflame|Will-O-Wisp|p1a: these walls\n|-status|p1a: these walls|brn\n|move|p1a: these walls|Earthquake|p2a: Talonflame|[spread] \n|-activate|p1b: helpessness blues|move: Protect\n|-activate|p2b: Gastrodon|move: Protect\n|-immune|p2a: Talonflame\n|\n|-heal|p2b: Gastrodon|54\/100|[from] item: Leftovers\n|-damage|p2b: Gastrodon|42\/100|[from] Leech Seed|[of] p1b: helpessness blues\n|-damage|p1a: these walls|94\/100 brn|[from] brn\n|upkeep\n|turn|6\n|\n|t:|1682790844\n|move|p2a: Talonflame|Protect|p2a: Talonflame\n|-singleturn|p2a: Talonflame|Protect\n|move|p2b: Gastrodon|Ice Beam|p1b: helpessness blues\n|-supereffective|p1b: helpessness blues\n|-damage|p1b: helpessness blues|69\/100\n|move|p1b: helpessness blues|Dark Pulse|p2a: Talonflame\n|-activate|p2a: Talonflame|move: Protect\n|move|p1a: these walls|Earthquake|p2a: Talonflame|[spread] p1b,p2b\n|-activate|p2a: Talonflame|move: Protect\n|-resisted|p1b: helpessness blues\n|-supereffective|p2b: Gastrodon\n|-damage|p1b: helpessness blues|65\/100\n|-damage|p2b: Gastrodon|23\/100\n|\n|-heal|p2b: Gastrodon|28\/100|[from] item: Leftovers\n|-heal|p1a: these walls|100\/100 brn|[from] item: Leftovers\n|-damage|p2b: Gastrodon|16\/100|[from] Leech Seed|[of] p1b: helpessness blues\n|-heal|p1b: helpessness blues|79\/100|[silent]\n|-damage|p1a: these walls|94\/100 brn|[from] brn\n|-sideend|p2: Tuxmux|move: Tailwind\n|upkeep\n|turn|7\n|\n|t:|1682790865\n|move|p2a: Talonflame|Tailwind|p2a: Talonflame\n|-sidestart|p2: Tuxmux|move: Tailwind\n|move|p2b: Gastrodon|Ice Beam|p1b: helpessness blues\n|-supereffective|p1b: helpessness blues\n|-damage|p1b: helpessness blues|48\/100\n|move|p1b: helpessness blues|Leech Seed|p2a: Talonflame\n|-start|p2a: Talonflame|move: Leech Seed\n|move|p1a: these walls|Substitute|p1a: these walls\n|-start|p1a: these walls|Substitute\n|-damage|p1a: these walls|70\/100 brn\n|\n|-heal|p2b: Gastrodon|22\/100|[from] item: Leftovers\n|-heal|p1a: these walls|76\/100 brn|[from] item: Leftovers\n|-damage|p2a: Talonflame|39\/100|[from] Leech Seed|[of] p1b: helpessness blues\n|-heal|p1b: helpessness blues|60\/100|[silent]\n|-damage|p2b: Gastrodon|10\/100|[from] Leech Seed|[of] p1b: helpessness blues\n|-heal|p1b: helpessness blues|74\/100|[silent]\n|-damage|p1a: these walls|70\/100 brn|[from] brn\n|upkeep\n|turn|8\n|\n|t:|1682790883\n|move|p1b: helpessness blues|Protect|p1b: helpessness blues\n|-singleturn|p1b: helpessness blues|Protect\n|move|p1a: these walls|Protect|p1a: these walls\n|-singleturn|p1a: these walls|Protect\n|move|p2a: Talonflame|Brave Bird|p1b: helpessness blues\n|-activate|p1b: helpessness blues|move: Protect\n|move|p2b: Gastrodon|Ice Beam|p1b: helpessness blues\n|-activate|p1b: helpessness blues|move: Protect\n|\n|-heal|p2b: Gastrodon|16\/100|[from] item: Leftovers\n|-heal|p1a: these walls|76\/100 brn|[from] item: Leftovers\n|-damage|p2a: Talonflame|26\/100|[from] Leech Seed|[of] p1b: helpessness blues\n|-heal|p1b: helpessness blues|86\/100|[silent]\n|-damage|p2b: Gastrodon|3\/100|[from] Leech Seed|[of] p1b: helpessness blues\n|-heal|p1b: helpessness blues|99\/100|[silent]\n|-damage|p1a: these walls|70\/100 brn|[from] brn\n|upkeep\n|turn|9\n|\n|t:|1682790934\n|-terastallize|p1b: helpessness blues|Poison\n|move|p1a: these walls|Protect||[still]\n|-fail|p1a: these walls\n|move|p2a: Talonflame|Brave Bird|p1b: helpessness blues\n|-damage|p1b: helpessness blues|72\/100\n|-damage|p2a: Talonflame|17\/100|[from] Recoil\n|move|p2b: Gastrodon|Ice Beam|p1b: helpessness blues\n|-damage|p1b: helpessness blues|55\/100\n|move|p1b: helpessness blues|Dark Pulse|p2a: Talonflame\n|-damage|p2a: Talonflame|0 fnt\n|faint|p2a: Talonflame\n|\n|-heal|p2b: Gastrodon|9\/100|[from] item: Leftovers\n|-heal|p1a: these walls|76\/100 brn|[from] item: Leftovers\n|-damage|p2b: Gastrodon|0 fnt|[from] Leech Seed|[of] p1b: helpessness blues\n|-heal|p1b: helpessness blues|65\/100|[silent]\n|faint|p2b: Gastrodon\n|-damage|p1a: these walls|70\/100 brn|[from] brn\n|upkeep\n|\n|t:|1682790943\n|switch|p2a: Gallade|Gallade, L50, M|100\/100\n|switch|p2b: Chi-Yu|Chi-Yu, L50|100\/100\n|-ability|p2b: Chi-Yu|Beads of Ruin\n|turn|10\n|\n|t:|1682790972\n|move|p2b: Chi-Yu|Protect|p2b: Chi-Yu\n|-singleturn|p2b: Chi-Yu|Protect\n|move|p2a: Gallade|Leaf Blade|p1a: these walls\n|-supereffective|p1a: these walls\n|-end|p1a: these walls|Substitute\n|move|p1b: helpessness blues|Leech Seed|p2a: Gallade\n|-start|p2a: Gallade|move: Leech Seed\n|move|p1a: these walls|Wave Crash|p2b: Chi-Yu\n|-activate|p2b: Chi-Yu|move: Protect\n|\n|-heal|p1a: these walls|76\/100 brn|[from] item: Leftovers\n|-damage|p2a: Gallade|88\/100|[from] Leech Seed|[of] p1b: helpessness blues\n|-heal|p1b: helpessness blues|74\/100|[silent]\n|-damage|p1a: these walls|70\/100 brn|[from] brn\n|-sideend|p2: Tuxmux|move: Tailwind\n|upkeep\n|turn|11\n|\n|t:|1682791030\n|move|p2b: Chi-Yu|Heat Wave|p1b: helpessness blues|[spread] p1a,p1b\n|-resisted|p1a: these walls\n|-damage|p1a: these walls|34\/100 brn\n|-damage|p1b: helpessness blues|35\/100\n|move|p2a: Gallade|Leaf Blade|p1a: these walls\n|-supereffective|p1a: these walls\n|-damage|p1a: these walls|0 fnt\n|faint|p1a: these walls\n|move|p1b: helpessness blues|Pollen Puff|p1: these walls|[notarget]\n|-fail|p1b: helpessness blues\n|\n|-damage|p2a: Gallade|76\/100|[from] Leech Seed|[of] p1b: helpessness blues\n|-heal|p1b: helpessness blues|44\/100|[silent]\n|upkeep\n|turn|12\n|\n|t:|1682791045\n|move|p2b: Chi-Yu|Overheat|p1b: helpessness blues\n|-damage|p1b: helpessness blues|0 fnt\n|-unboost|p2b: Chi-Yu|spa|2\n|faint|p1b: helpessness blues\n|\n|win|Tuxmux\n|c|\u2606QuoiseSSBM|gg\n|c|\u2606Tuxmux|gg\n","uploadtime":1682791051,"views":26,"p1id":"quoisessbm","p2id":"tuxmux","formatid":"gen9vgc2023regulationc","rating":0,"private":0,"password":""}