{"id":"gen9vgc2023regulationc-1847554381","p1":"Silver33534","p2":"WHITEWOLF081","format":"[Gen 9] VGC 2023 Regulation C","log":"|j|\u2606Silver33534\n|j|\u2606WHITEWOLF081\n|t:|1681972512\n|gametype|doubles\n|player|p1|Silver33534|gambler|1187\n|player|p2|WHITEWOLF081|265|1184\n|teamsize|p1|6\n|teamsize|p2|6\n|gen|9\n|tier|[Gen 9] VGC 2023 Regulation C\n|rated|\n|rule|Species Clause: Limit one of each Pok\u00e9mon\n|rule|Item Clause: Limit one of each item\n|clearpoke\n|poke|p1|Ceruledge, L50, M|\n|poke|p1|Brute Bonnet, L50|\n|poke|p1|Flutter Mane, L50|\n|poke|p1|Iron Bundle, L50|\n|poke|p1|Gastrodon-East, L50, F|\n|poke|p1|Garchomp, L50, M|\n|poke|p2|Torkoal, L50, F|\n|poke|p2|Lilligant, L50, F|\n|poke|p2|Chi-Yu, L50|\n|poke|p2|Flutter Mane, L50|\n|poke|p2|Great Tusk, L50|\n|poke|p2|Roaring Moon, L50|\n|teampreview|4\nSilver33534 has agreed to open team sheets.\nWHITEWOLF081 has agreed to open team sheets.\n|\n|t:|1681972581\n|start\n|switch|p1a: Iron Bundle|Iron Bundle, L50|100\/100\n|switch|p1b: Ceruledge|Ceruledge, L50, M|100\/100\n|switch|p2a: Torkoal|Torkoal, L50, F|100\/100\n|switch|p2b: Lilligant|Lilligant, L50, F|100\/100\n|-weather|SunnyDay|[from] ability: Drought|[of] p2a: Torkoal\n|turn|1\n|\n|t:|1681972613\n|-terastallize|p2b: Lilligant|Water\n|move|p2b: Lilligant|Pollen Puff|p1b: Ceruledge\n|-resisted|p1b: Ceruledge\n|-damage|p1b: Ceruledge|93\/100\n|move|p1a: Iron Bundle|Taunt|p2b: Lilligant\n|-start|p2b: Lilligant|move: Taunt\n|move|p1b: Ceruledge|Swords Dance|p1b: Ceruledge\n|-boost|p1b: Ceruledge|atk|2\n|move|p2a: Torkoal|Overheat|p1a: Iron Bundle\n|-crit|p1a: Iron Bundle\n|-enditem|p1a: Iron Bundle|Focus Sash\n|-damage|p1a: Iron Bundle|1\/100\n|-unboost|p2a: Torkoal|spa|2\n|-enditem|p2a: Torkoal|Eject Pack\n|\n|t:|1681972623\n|switch|p2a: Flutter Mane|Flutter Mane, L50|100\/100\n|-activate|p2a: Flutter Mane|ability: Protosynthesis\n|-start|p2a: Flutter Mane|protosynthesisspe\n|\n|-weather|SunnyDay|[upkeep]\n|upkeep\n|turn|2\n|\n|t:|1681972663\n|move|p1a: Iron Bundle|Protect|p1a: Iron Bundle\n|-singleturn|p1a: Iron Bundle|Protect\n|move|p1b: Ceruledge|Shadow Sneak|p2a: Flutter Mane\n|-supereffective|p2a: Flutter Mane\n|-damage|p2a: Flutter Mane|0 fnt\n|faint|p2a: Flutter Mane\n|-end|p2a: Flutter Mane|Protosynthesis|[silent]\n|move|p2b: Lilligant|Giga Drain|p1a: Iron Bundle\n|-activate|p1a: Iron Bundle|move: Protect\n|\n|-weather|SunnyDay|[upkeep]\n|upkeep\n|\n|t:|1681972669\n|switch|p2a: Chi-Yu|Chi-Yu, L50|100\/100\n|-ability|p2a: Chi-Yu|Beads of Ruin\n|turn|3\n|\n|t:|1681972681\n|move|p1b: Ceruledge|Protect|p1b: Ceruledge\n|-singleturn|p1b: Ceruledge|Protect\n|move|p2b: Lilligant|Giga Drain|p1b: Ceruledge\n|-activate|p1b: Ceruledge|move: Protect\n|move|p1a: Iron Bundle|Freeze-Dry|p2b: Lilligant\n|-supereffective|p2b: Lilligant\n|-damage|p2b: Lilligant|0 fnt\n|faint|p2b: Lilligant\n|move|p2a: Chi-Yu|Snarl|p1b: Ceruledge|[spread] p1a\n|-activate|p1b: Ceruledge|move: Protect\n|-damage|p1a: Iron Bundle|0 fnt\n|faint|p1a: Iron Bundle\n|-end|p1a: Iron Bundle|Quark Drive|[silent]\n|-damage|p2a: Chi-Yu|91\/100|[from] item: Life Orb\n|\n|-weather|SunnyDay|[upkeep]\n|upkeep\n|\n|t:|1681972690\n|switch|p1a: Flutter Mane|Flutter Mane, L50|100\/100\n|switch|p2b: Torkoal|Torkoal, L50, F|100\/100\n|-activate|p1a: Flutter Mane|ability: Protosynthesis\n|-start|p1a: Flutter Mane|protosynthesisspe\n|turn|4\n|\n|t:|1681972701\n|move|p2b: Torkoal|Helping Hand|p2a: Chi-Yu\n|-singleturn|p2a: Chi-Yu|Helping Hand|[of] p2b: Torkoal\n|move|p1b: Ceruledge|Shadow Sneak|p2b: Torkoal\n|-damage|p2b: Torkoal|78\/100\n|move|p1a: Flutter Mane|Moonblast|p2a: Chi-Yu\n|-damage|p2a: Chi-Yu|17\/100\n|-damage|p1a: Flutter Mane|90\/100|[from] item: Life Orb\n|move|p2a: Chi-Yu|Snarl|p1a: Flutter Mane|[spread] p1a,p1b\n|-supereffective|p1b: Ceruledge\n|-damage|p1a: Flutter Mane|24\/100\n|-damage|p1b: Ceruledge|0 fnt\n|-unboost|p1a: Flutter Mane|spa|1\n|faint|p1b: Ceruledge\n|-damage|p2a: Chi-Yu|7\/100|[from] item: Life Orb\n|\n|-weather|SunnyDay|[upkeep]\n|upkeep\n|\n|t:|1681972707\n|switch|p1b: Garchomp|Garchomp, L50, M|100\/100\n|turn|5\n|\n|t:|1681972731\n|-terastallize|p1a: Flutter Mane|Grass\n|move|p2a: Chi-Yu|Protect|p2a: Chi-Yu\n|-singleturn|p2a: Chi-Yu|Protect\n|move|p1a: Flutter Mane|Moonblast|p2a: Chi-Yu\n|-activate|p2a: Chi-Yu|move: Protect\n|move|p1b: Garchomp|Earthquake|p2b: Torkoal|[spread] p1a,p2b\n|-activate|p2a: Chi-Yu|move: Protect\n|-resisted|p1a: Flutter Mane\n|-supereffective|p2b: Torkoal\n|-damage|p1a: Flutter Mane|0 fnt\n|-damage|p2b: Torkoal|37\/100\n|faint|p1a: Flutter Mane\n|-end|p1a: Flutter Mane|Protosynthesis|[silent]\n|move|p2b: Torkoal|Heat Wave|p1b: Garchomp|[miss]\n|-miss|p2b: Torkoal|p1b: Garchomp\n|\n|-weather|none\n|upkeep\n|turn|6\n|\n|t:|1681972748\n|move|p2b: Torkoal|Helping Hand|p2a: Chi-Yu\n|-singleturn|p2a: Chi-Yu|Helping Hand|[of] p2b: Torkoal\n|move|p2a: Chi-Yu|Dark Pulse|p1b: Garchomp\n|-damage|p1b: Garchomp|26\/100\n|-damage|p2a: Chi-Yu|0 fnt|[from] item: Life Orb\n|faint|p2a: Chi-Yu\n|move|p1b: Garchomp|Earthquake|p2b: Torkoal\n|-supereffective|p2b: Torkoal\n|-damage|p2b: Torkoal|0 fnt\n|faint|p2b: Torkoal\n|\n|win|Silver33534\n|raw|Silver33534's rating: 1187 → 1212<\/strong> (+25 for winning)\n|raw|WHITEWOLF081's rating: 1184 → 1159<\/strong> (-25 for losing)\n|l|\u2606WHITEWOLF081\n","uploadtime":1681972760,"views":11,"p1id":"silver33534","p2id":"whitewolf081","formatid":"gen9vgc2023regulationc","rating":1159,"private":0,"password":""}