{"id":"gen9vgc2023regulationc-1860806293","p1":"Test4Sum","p2":"Draco Jack17","format":"[Gen 9] VGC 2023 Regulation C","log":"|j|\u2606Test4Sum\n|j|\u2606Draco Jack17\n|t:|1683680140\n|gametype|doubles\n|player|p1|Test4Sum|170|1365\n|player|p2|Draco Jack17|n|1372\n|teamsize|p1|6\n|teamsize|p2|6\n|gen|9\n|tier|[Gen 9] VGC 2023 Regulation C\n|rated|\n|rule|Species Clause: Limit one of each Pok\u00e9mon\n|rule|Item Clause: Limit one of each item\n|clearpoke\n|poke|p1|Ceruledge, L50, M|\n|poke|p1|Sableye, L50, M|\n|poke|p1|Wo-Chien, L50|\n|poke|p1|Ting-Lu, L50|\n|poke|p1|Iron Bundle, L50|\n|poke|p1|Flutter Mane, L50|\n|poke|p2|Amoonguss, L50, M|\n|poke|p2|Flutter Mane, L50|\n|poke|p2|Gyarados, L50, F|\n|poke|p2|Iron Hands, L50|\n|poke|p2|Roaring Moon, L50|\n|poke|p2|Ting-Lu, L50|\n|teampreview|4\n|\n|t:|1683680178\n|start\n|switch|p1a: Ceruledge|Ceruledge, L50, M|100\/100\n|switch|p1b: Sableye|Sableye, L50, M, shiny|100\/100\n|switch|p2a: Envy|Gyarados, L50, F|100\/100\n|switch|p2b: Wrath 2|Iron Hands, L50|100\/100\n|-ability|p2a: Envy|Intimidate|boost\n|-unboost|p1a: Ceruledge|atk|1\n|-unboost|p1b: Sableye|atk|1\n|turn|1\n|\n|t:|1683680191\n|-terastallize|p1a: Ceruledge|Steel\n|move|p1b: Sableye|Reflect|p1b: Sableye\n|-sidestart|p1: Test4Sum|Reflect\n|move|p2a: Envy|Taunt|p1b: Sableye\n|-start|p1b: Sableye|move: Taunt\n|move|p1a: Ceruledge|Bulk Up|p1a: Ceruledge\n|-boost|p1a: Ceruledge|atk|1\n|-boost|p1a: Ceruledge|def|1\n|move|p2b: Wrath 2|Swords Dance|p2b: Wrath 2\n|-boost|p2b: Wrath 2|atk|2\n|\n|upkeep\n|turn|2\n|\n|t:|1683680224\n|switch|p1b: Iron Bundle|Iron Bundle, L50|100\/100\n|-enditem|p1b: Iron Bundle|Booster Energy\n|-activate|p1b: Iron Bundle|ability: Quark Drive|[fromitem]\n|-start|p1b: Iron Bundle|quarkdrivespe\n|move|p1a: Ceruledge|Protect|p1a: Ceruledge\n|-singleturn|p1a: Ceruledge|Protect\n|move|p2a: Envy|Taunt|p1a: Ceruledge\n|-activate|p1a: Ceruledge|move: Protect\n|move|p2b: Wrath 2|Swords Dance|p2b: Wrath 2\n|-boost|p2b: Wrath 2|atk|2\n|\n|upkeep\n|turn|3\n|\n|t:|1683680245\n|switch|p2a: Sloth|Ting-Lu, L50|100\/100\n|-ability|p2a: Sloth|Vessel of Ruin\n|move|p1b: Iron Bundle|Encore|p2b: Wrath 2\n|-start|p2b: Wrath 2|Encore\n|move|p1a: Ceruledge|Bulk Up|p1a: Ceruledge\n|-boost|p1a: Ceruledge|atk|1\n|-boost|p1a: Ceruledge|def|1\n|move|p2b: Wrath 2|Swords Dance|p2b: Wrath 2\n|-boost|p2b: Wrath 2|atk|2\n|\n|upkeep\n|turn|4\n|\n|t:|1683680275\n|move|p1b: Iron Bundle|Hydro Pump|p2a: Sloth\n|-supereffective|p2a: Sloth\n|-damage|p2a: Sloth|49\/100\n|move|p1a: Ceruledge|Bulk Up|p1a: Ceruledge\n|-boost|p1a: Ceruledge|atk|1\n|-boost|p1a: Ceruledge|def|1\n|move|p2b: Wrath 2|Swords Dance|p2b: Wrath 2\n|-boost|p2b: Wrath 2|atk|0\n|move|p2a: Sloth|Stomping Tantrum|p1a: Ceruledge\n|-supereffective|p1a: Ceruledge\n|-damage|p1a: Ceruledge|83\/100\n|\n|-heal|p1a: Ceruledge|89\/100|[from] item: Leftovers\n|upkeep\n|turn|5\n|\n|t:|1683680302\n|switch|p2a: Gluttony|Amoonguss, L50, M|100\/100\n|move|p1b: Iron Bundle|Hydro Pump|p2b: Wrath 2\n|-damage|p2b: Wrath 2|60\/100\n|move|p1a: Ceruledge|Bitter Blade|p2a: Gluttony\n|-supereffective|p2a: Gluttony\n|-damage|p2a: Gluttony|0 fnt\n|-heal|p1a: Ceruledge|100\/100|[from] drain|[of] p2a: Gluttony\n|faint|p2a: Gluttony\n|move|p2b: Wrath 2|Swords Dance|p2b: Wrath 2\n|-boost|p2b: Wrath 2|atk|0\n|\n|-end|p2b: Wrath 2|Encore\n|upkeep\n|\n|t:|1683680314\n|switch|p2a: Envy|Gyarados, L50, F|100\/100\n|-ability|p2a: Envy|Intimidate|boost\n|-unboost|p1a: Ceruledge|atk|1\n|-unboost|p1b: Iron Bundle|atk|1\n|turn|6\n|\n|t:|1683680335\n|move|p1a: Ceruledge|Protect|p1a: Ceruledge\n|-singleturn|p1a: Ceruledge|Protect\n|move|p1b: Iron Bundle|Encore|p2b: Wrath 2\n|-start|p2b: Wrath 2|Encore\n|move|p2a: Envy|Taunt|p1b: Iron Bundle\n|-start|p1b: Iron Bundle|move: Taunt\n|move|p2b: Wrath 2|Swords Dance|p2b: Wrath 2\n|-boost|p2b: Wrath 2|atk|0\n|\n|upkeep\n|turn|7\n|\n|t:|1683680348\n|move|p2a: Envy|Protect|p2a: Envy\n|-singleturn|p2a: Envy|Protect\n|move|p1b: Iron Bundle|Freeze-Dry|p2a: Envy\n|-activate|p2a: Envy|move: Protect\n|move|p1a: Ceruledge|Bulk Up|p1a: Ceruledge\n|-boost|p1a: Ceruledge|atk|1\n|-boost|p1a: Ceruledge|def|1\n|move|p2b: Wrath 2|Swords Dance|p2b: Wrath 2\n|-boost|p2b: Wrath 2|atk|0\n|\n|upkeep\n|turn|8\n|\n|t:|1683680368\n|-terastallize|p2a: Envy|Steel\n|move|p1b: Iron Bundle|Freeze-Dry|p2a: Envy\n|-resisted|p2a: Envy\n|-damage|p2a: Envy|88\/100\n|move|p2a: Envy|Thunder Wave|p1b: Iron Bundle\n|-status|p1b: Iron Bundle|par\n|move|p1a: Ceruledge|Bitter Blade|p2b: Wrath 2\n|-damage|p2b: Wrath 2|0 fnt\n|faint|p2b: Wrath 2\n|-end|p2b: Wrath 2|Quark Drive|[silent]\n|\n|-sideend|p1: Test4Sum|Reflect\n|upkeep\n|-message|Draco Jack17 forfeited.\n|\n|win|Test4Sum\n|raw|Test4Sum's rating: 1365 → 1385<\/strong> (+20 for winning)\n|raw|Draco Jack17's rating: 1372 → 1352<\/strong> (-20 for losing)\n|l|\u2606Draco Jack17\n","uploadtime":1683680388,"views":16,"p1id":"test4sum","p2id":"dracojack17","formatid":"gen9vgc2023regulationc","rating":1352,"private":0,"password":""}