{"id":"gen9vgc2023regulationc-1854661395","p1":"mrbadd","p2":"abllk","format":"[Gen 9] VGC 2023 Regulation C","log":"|j|\u2606mrbadd\n|j|\u2606abllk\n|t:|1682845605\n|gametype|doubles\n|player|p1|mrbadd|rocker-gen1rb|1232\n|player|p2|abllk|preschoolerf|1178\n|teamsize|p1|6\n|teamsize|p2|6\n|gen|9\n|tier|[Gen 9] VGC 2023 Regulation C\n|rated|\n|rule|Species Clause: Limit one of each Pok\u00e9mon\n|rule|Item Clause: Limit one of each item\n|clearpoke\n|poke|p1|Roaring Moon, L50|\n|poke|p1|Ting-Lu, L50|\n|poke|p1|Iron Bundle, L50|\n|poke|p1|Garganacl, L50, F|\n|poke|p1|Arcanine, L50, F|\n|poke|p1|Amoonguss, L50, F|\n|poke|p2|Annihilape, L50, F|\n|poke|p2|Maushold, L50|\n|poke|p2|Scream Tail, L50|\n|poke|p2|Chien-Pao, L50|\n|poke|p2|Dondozo, L50, F|\n|poke|p2|Medicham, L50, F|\n|teampreview|4\n|\n|t:|1682845654\n|start\n|switch|p1a: Arcanine|Arcanine, L50, F|100\/100\n|switch|p1b: Roaring Moon|Roaring Moon, L50, shiny|100\/100\n|switch|p2a: Annihilape|Annihilape, L50, F|100\/100\n|switch|p2b: Medicham|Medicham, L50, F|100\/100\n|-ability|p1a: Arcanine|Intimidate|boost\n|-unboost|p2a: Annihilape|atk|1\n|-ability|p2a: Annihilape|Defiant|boost\n|-boost|p2a: Annihilape|atk|2\n|-unboost|p2b: Medicham|atk|1\n|-enditem|p1b: Roaring Moon|Booster Energy\n|-activate|p1b: Roaring Moon|ability: Protosynthesis|[fromitem]\n|-start|p1b: Roaring Moon|protosynthesisatk\n|turn|1\n|\n|t:|1682845704\n|-terastallize|p1b: Roaring Moon|Flying\n|move|p2b: Medicham|Fake Out|p1b: Roaring Moon\n|-damage|p1b: Roaring Moon|86\/100\n|move|p2a: Annihilape|Close Combat|p1a: Arcanine\n|-damage|p1a: Arcanine|22\/100\n|-unboost|p2a: Annihilape|def|1\n|-unboost|p2a: Annihilape|spd|1\n|-enditem|p1a: Arcanine|Figy Berry|[eat]\n|-heal|p1a: Arcanine|55\/100|[from] item: Figy Berry\n|cant|p1b: Roaring Moon|flinch\n|move|p1a: Arcanine|Will-O-Wisp|p2b: Medicham\n|-status|p2b: Medicham|brn\n|\n|-damage|p2b: Medicham|95\/100 brn|[from] brn\n|upkeep\n|turn|2\n|\n|t:|1682845731\n|move|p1a: Arcanine|Extreme Speed|p2b: Medicham\n|-damage|p2b: Medicham|55\/100 brn\n|move|p2a: Annihilape|Close Combat|p1a: Arcanine\n|-damage|p1a: Arcanine|0 fnt\n|-unboost|p2a: Annihilape|def|1\n|-unboost|p2a: Annihilape|spd|1\n|faint|p1a: Arcanine\n|move|p1b: Roaring Moon|Acrobatics|p2a: Annihilape\n|-supereffective|p2a: Annihilape\n|-damage|p2a: Annihilape|0 fnt\n|faint|p2a: Annihilape\n|move|p2b: Medicham|Zen Headbutt|p1b: Roaring Moon\n|-damage|p1b: Roaring Moon|65\/100\n|\n|-damage|p2b: Medicham|49\/100 brn|[from] brn\n|upkeep\n|\n|t:|1682845749\n|switch|p2a: Dondozo|Dondozo, L50, F|100\/100\n|switch|p1a: Iron Bundle|Iron Bundle, L50|100\/100\n|turn|3\n|\n|t:|1682845773\n|move|p2a: Dondozo|Protect|p2a: Dondozo\n|-singleturn|p2a: Dondozo|Protect\n|move|p1a: Iron Bundle|Freeze-Dry|p2a: Dondozo\n|-activate|p2a: Dondozo|move: Protect\n|move|p1b: Roaring Moon|Throat Chop|p2b: Medicham\n|-damage|p2b: Medicham|0 fnt\n|faint|p2b: Medicham\n|\n|upkeep\n|\n|t:|1682845784\n|switch|p2b: Scream Tail|Scream Tail, L50|100\/100\n|-enditem|p2b: Scream Tail|Booster Energy\n|-activate|p2b: Scream Tail|ability: Protosynthesis|[fromitem]\n|-start|p2b: Scream Tail|protosynthesisspe\n|turn|4\n|\n|t:|1682845811\n|move|p2b: Scream Tail|Disable|p1a: Iron Bundle\n|-start|p1a: Iron Bundle|Disable|Freeze-Dry\n|move|p1a: Iron Bundle|Encore|p2a: Dondozo\n|-start|p2a: Dondozo|Encore\n|move|p1b: Roaring Moon|Acrobatics|p2b: Scream Tail\n|-damage|p2b: Scream Tail|40\/100\n|move|p2a: Dondozo|Protect||[still]\n|-fail|p2a: Dondozo\n|\n|upkeep\n|turn|5\n|\n|t:|1682845844\n|move|p2b: Scream Tail|Protect|p2b: Scream Tail\n|-singleturn|p2b: Scream Tail|Protect\n|move|p1a: Iron Bundle|Protect|p1a: Iron Bundle\n|-singleturn|p1a: Iron Bundle|Protect\n|move|p2a: Dondozo|Protect|p2a: Dondozo\n|-singleturn|p2a: Dondozo|Protect\n|move|p1b: Roaring Moon|Acrobatics|p2b: Scream Tail\n|-activate|p2b: Scream Tail|move: Protect\n|\n|upkeep\n|turn|6\n|-message|abllk forfeited.\n|\n|win|mrbadd\n|raw|mrbadd's rating: 1232 → 1253<\/strong> (+21 for winning)\n|raw|abllk's rating: 1178 → 1157<\/strong> (-21 for losing)\n|l|\u2606abllk\n","uploadtime":1682845885,"views":10,"p1id":"mrbadd","p2id":"abllk","formatid":"gen9vgc2023regulationc","rating":1157,"private":0,"password":""}