{"id":"gen9vgc2023regulationc-1859893883","p1":"woohelm","p2":"bgcfranky","format":"[Gen 9] VGC 2023 Regulation C","log":"|j|\u2606woohelm\n|j|\u2606bgcfranky\n|t:|1683573496\n|gametype|doubles\n|player|p1|woohelm|265|1299\n|player|p2|bgcfranky|rocketgrunt|1324\n|teamsize|p1|6\n|teamsize|p2|6\n|gen|9\n|tier|[Gen 9] VGC 2023 Regulation C\n|rated|\n|rule|Species Clause: Limit one of each Pok\u00e9mon\n|rule|Item Clause: Limit one of each item\n|clearpoke\n|poke|p1|Wo-Chien, L50|\n|poke|p1|Garganacl, L50, M|\n|poke|p1|Grimmsnarl, L50, M|\n|poke|p1|Iron Moth, L50|\n|poke|p1|Baxcalibur, L50, F|\n|poke|p1|Kilowattrel, L50, F|\n|poke|p2|Volcarona, L50, M|\n|poke|p2|Wo-Chien, L50|\n|poke|p2|Grimmsnarl, L50, M|\n|poke|p2|Iron Hands, L50|\n|poke|p2|Slowking, L50, M|\n|poke|p2|Salamence, L50, F|\n|teampreview|4\n|inactive|Battle timer is ON: inactive players will automatically lose when time's up. (requested by woohelm)\n|inactive|woohelm has 60 seconds left.\n|c|\u2606bgcfranky|gg\n|\n|t:|1683573548\n|start\n|switch|p1a: Grimmsnarl|Grimmsnarl, L50, M|100\/100\n|switch|p1b: Iron Moth|Iron Moth, L50|100\/100\n|switch|p2a: Slowking|Slowking, L50, M|100\/100\n|switch|p2b: Iron Hands|Iron Hands, L50|100\/100\n|-enditem|p1b: Iron Moth|Booster Energy\n|-activate|p1b: Iron Moth|ability: Quark Drive|[fromitem]\n|-start|p1b: Iron Moth|quarkdrivespa\n|turn|1\n|inactive|bgcfranky has 30 seconds left.\n|inactive|bgcfranky has 20 seconds left.\n|\n|t:|1683573584\n|switch|p2a: Wo-Chien|Wo-Chien, L50|100\/100\n|-ability|p2a: Wo-Chien|Tablets of Ruin\n|-terastallize|p2b: Iron Hands|Flying\n|move|p1b: Iron Moth|Protect|p1b: Iron Moth\n|-singleturn|p1b: Iron Moth|Protect\n|move|p1a: Grimmsnarl|Fake Out|p2a: Wo-Chien\n|-damage|p2a: Wo-Chien|94\/100\n|move|p2b: Iron Hands|Belly Drum|p2b: Iron Hands\n|-damage|p2b: Iron Hands|51\/100\n|-setboost|p2b: Iron Hands|atk|6|[from] move: Belly Drum\n|\n|upkeep\n|turn|2\n|inactive|bgcfranky has 30 seconds left.\n|inactive|bgcfranky has 20 seconds left.\n|\n|t:|1683573621\n|move|p1b: Iron Moth|Heat Wave|p2b: Iron Hands|[spread] p2a,p2b\n|-supereffective|p2a: Wo-Chien\n|-damage|p2a: Wo-Chien|46\/100\n|-damage|p2b: Iron Hands|17\/100\n|-enditem|p2b: Iron Hands|Sitrus Berry|[eat]\n|-heal|p2b: Iron Hands|42\/100|[from] item: Sitrus Berry\n|move|p2a: Wo-Chien|Mud-Slap|p1a: Grimmsnarl\n|-damage|p1a: Grimmsnarl|95\/100\n|-unboost|p1a: Grimmsnarl|accuracy|1\n|move|p1a: Grimmsnarl|Spirit Break|p2b: Iron Hands|[miss]\n|-miss|p1a: Grimmsnarl|p2b: Iron Hands\n|move|p2b: Iron Hands|Drain Punch|p1b: Iron Moth\n|-resisted|p1b: Iron Moth\n|-damage|p1b: Iron Moth|3\/100\n|-heal|p2b: Iron Hands|71\/100|[from] drain|[of] p1b: Iron Moth\n|\n|upkeep\n|turn|3\n|inactive|bgcfranky has 30 seconds left.\n|inactive|bgcfranky has 20 seconds left.\n|\n|t:|1683573657\n|switch|p2a: Salamence|Salamence, L50, F, shiny|100\/100\n|-ability|p2a: Salamence|Intimidate|boost\n|-unboost|p1a: Grimmsnarl|atk|1\n|-unboost|p1b: Iron Moth|atk|1\n|move|p1b: Iron Moth|Heat Wave|p2a: Salamence|[spread] p2a,p2b\n|-resisted|p2a: Salamence\n|-damage|p2a: Salamence|74\/100\n|-damage|p2b: Iron Hands|35\/100\n|-status|p2b: Iron Hands|brn\n|move|p1a: Grimmsnarl|Spirit Break|p2b: Iron Hands|[miss]\n|-miss|p1a: Grimmsnarl|p2b: Iron Hands\n|move|p2b: Iron Hands|Drain Punch|p1a: Grimmsnarl\n|-damage|p1a: Grimmsnarl|10\/100\n|-heal|p2b: Iron Hands|65\/100 brn|[from] drain|[of] p1a: Grimmsnarl\n|\n|-damage|p2b: Iron Hands|59\/100 brn|[from] brn\n|upkeep\n|turn|4\n|inactive|bgcfranky has 30 seconds left.\n|inactive|bgcfranky has 20 seconds left.\n|inactive|bgcfranky has 15 seconds left.\n|inactive|bgcfranky has 10 seconds left.\n|\n|t:|1683573704\n|move|p1a: Grimmsnarl|Reflect|p1a: Grimmsnarl\n|-sidestart|p1: woohelm|Reflect\n|move|p1b: Iron Moth|Dazzling Gleam|p2b: Iron Hands|[spread] p2a,p2b\n|-supereffective|p2a: Salamence\n|-damage|p2a: Salamence|13\/100\n|-damage|p2b: Iron Hands|39\/100 brn\n|move|p2a: Salamence|Tailwind|p2a: Salamence\n|-sidestart|p2: bgcfranky|move: Tailwind\n|move|p2b: Iron Hands|Thunder Punch|p1b: Iron Moth\n|-damage|p1b: Iron Moth|0 fnt\n|faint|p1b: Iron Moth\n|-end|p1b: Iron Moth|Quark Drive|[silent]\n|\n|-damage|p2b: Iron Hands|33\/100 brn|[from] brn\n|upkeep\n|\n|t:|1683573713\n|switch|p1b: BlockBuster|Baxcalibur, L50, F|100\/100\n|turn|5\n|\n|t:|1683573731\n|-terastallize|p1b: BlockBuster|Poison\n|move|p1b: BlockBuster|Ice Shard|p2b: Iron Hands\n|-supereffective|p2b: Iron Hands\n|-damage|p2b: Iron Hands|0 fnt\n|faint|p2b: Iron Hands\n|-end|p2b: Iron Hands|Quark Drive|[silent]\n|move|p2a: Salamence|Draco Meteor|p1b: BlockBuster\n|-damage|p1b: BlockBuster|30\/100\n|-unboost|p2a: Salamence|spa|2\n|-damage|p2a: Salamence|3\/100|[from] item: Life Orb\n|move|p1a: Grimmsnarl|Spirit Break|p2a: Salamence\n|-supereffective|p2a: Salamence\n|-damage|p2a: Salamence|0 fnt\n|faint|p2a: Salamence\n|\n|upkeep\n|\n|t:|1683573747\n|switch|p2a: Wo-Chien|Wo-Chien, L50|46\/100\n|switch|p2b: Slowking|Slowking, L50, M|100\/100\n|-ability|p2a: Wo-Chien|Tablets of Ruin\n|turn|6\n|inactive|bgcfranky has 30 seconds left.\n|inactive|bgcfranky has 20 seconds left.\n|inactive|bgcfranky has 15 seconds left.\n|\n|t:|1683573791\n|move|p1a: Grimmsnarl|Light Screen|p1a: Grimmsnarl\n|-sidestart|p1: woohelm|move: Light Screen\n|move|p2a: Wo-Chien|Mud-Slap|p1a: Grimmsnarl\n|-damage|p1a: Grimmsnarl|6\/100\n|-unboost|p1a: Grimmsnarl|accuracy|1\n|move|p1b: BlockBuster|Icicle Crash|p2a: Wo-Chien\n|-supereffective|p2a: Wo-Chien\n|-damage|p2a: Wo-Chien|0 fnt\n|faint|p2a: Wo-Chien\n|move|p2b: Slowking|Heal Pulse|p2: Wo-Chien|[notarget]\n|-fail|p2b: Slowking\n|\n|upkeep\n|turn|7\n|\n|t:|1683573807\n|move|p1b: BlockBuster|Protect|p1b: BlockBuster\n|-singleturn|p1b: BlockBuster|Protect\n|move|p2b: Slowking|Hydro Pump|p1b: BlockBuster\n|-activate|p1b: BlockBuster|move: Protect\n|move|p1a: Grimmsnarl|Spirit Break|p2b: Slowking\n|-damage|p2b: Slowking|81\/100\n|-unboost|p2b: Slowking|spa|1\n|\n|-sideend|p2: bgcfranky|move: Tailwind\n|upkeep\n|turn|8\n|\n|t:|1683573819\n|move|p1b: BlockBuster|Glaive Rush|p2b: Slowking\n|-damage|p2b: Slowking|8\/100\n|-singlemove|p1b: BlockBuster|Glaive Rush|[silent]\n|move|p1a: Grimmsnarl|Spirit Break|p2b: Slowking|[miss]\n|-miss|p1a: Grimmsnarl|p2b: Slowking\n|move|p2b: Slowking|Hydro Pump|p1b: BlockBuster\n|-damage|p1b: BlockBuster|0 fnt\n|faint|p1b: BlockBuster\n|\n|upkeep\n|\n|t:|1683573823\n|switch|p1b: Garganacl|Garganacl, L50, M|100\/100\n|turn|9\n|c|\u2606woohelm|gg\n|c|\u2606woohelm|gg\n|c|\u2606bgcfranky|lucky crit lol gg though\n|inactive|bgcfranky has 30 seconds left.\n|\n|t:|1683573852\n|move|p1a: Grimmsnarl|Spirit Break|p2b: Slowking|[miss]\n|-miss|p1a: Grimmsnarl|p2b: Slowking\n|move|p2b: Slowking|Hydro Pump|p1b: Garganacl\n|-supereffective|p1b: Garganacl\n|-damage|p1b: Garganacl|65\/100\n|move|p1b: Garganacl|Salt Cure|p2b: Slowking\n|-damage|p2b: Slowking|0 fnt\n|faint|p2b: Slowking\n|\n|win|woohelm\n|raw|woohelm's rating: 1299 → 1326<\/strong> (+27 for winning)\n|raw|bgcfranky's rating: 1324 → 1303<\/strong> (-21 for losing)\n","uploadtime":1683573866,"views":8,"p1id":"woohelm","p2id":"bgcfranky","formatid":"gen9vgc2023regulationc","rating":1303,"private":0,"password":""}