{"id":"gen9vgc2023regulationc-1861601508","p1":"kevintastico","p2":"Munchnie","format":"[Gen 9] VGC 2023 Regulation C","log":"|j|\u2606kevintastico\n|j|\u2606Munchnie\n|t:|1683779502\n|gametype|doubles\n|player|p1|kevintastico|marlon|1074\n|player|p2|Munchnie|maid|1151\n|teamsize|p1|6\n|teamsize|p2|6\n|gen|9\n|tier|[Gen 9] VGC 2023 Regulation C\n|rated|\n|rule|Species Clause: Limit one of each Pok\u00e9mon\n|rule|Item Clause: Limit one of each item\n|clearpoke\n|poke|p1|Rotom-Wash, L50|\n|poke|p1|Ting-Lu, L50|\n|poke|p1|Pawmo, L50, M|\n|poke|p1|Amoonguss, L50, M|\n|poke|p1|Palafin, L50, M|\n|poke|p1|Arcanine, L50, M|\n|poke|p2|Torkoal, L50, M|\n|poke|p2|Lilligant, L50, F|\n|poke|p2|Flutter Mane, L50|\n|poke|p2|Scream Tail, L50|\n|poke|p2|Corviknight, L50, F|\n|poke|p2|Slither Wing, L50|\n|teampreview|4\n|inactive|Battle timer is ON: inactive players will automatically lose when time's up. (requested by kevintastico)\nkevintastico rejected open team sheets.\n|inactive|kevintastico has 60 seconds left.\n|inactive|Munchnie has 60 seconds left.\n|\n|t:|1683779551\n|start\n|switch|p1a: Arcanine|Arcanine, L50, M|100\/100\n|switch|p1b: Pawnii|Pawmo, L50, M, shiny|100\/100\n|switch|p2a: Torkoal|Torkoal, L50, M|100\/100\n|switch|p2b: Slither Wing|Slither Wing, L50|100\/100\n|-ability|p1a: Arcanine|Intimidate|boost\n|-unboost|p2a: Torkoal|atk|1\n|-unboost|p2b: Slither Wing|atk|1\n|-weather|SunnyDay|[from] ability: Drought|[of] p2a: Torkoal\n|-activate|p2b: Slither Wing|ability: Protosynthesis\n|-start|p2b: Slither Wing|protosynthesisatk\n|turn|1\n|c|\u2606Munchnie|GLHF ^^\n|c|\u2606kevintastico|u 2\n|c|\u2606kevintastico|i like slither wing\n|inactive|Munchnie has 30 seconds left.\n|c|\u2606kevintastico|so cute\n|inactive|Munchnie has 20 seconds left.\n|\n|t:|1683779589\n|move|p1b: Pawnii|Fake Out|p2a: Torkoal\n|-damage|p2a: Torkoal|94\/100\n|move|p2b: Slither Wing|U-turn|p1a: Arcanine\n|-resisted|p1a: Arcanine\n|-damage|p1a: Arcanine|84\/100\n|\n|t:|1683779597\n|-end|p2b: Slither Wing|Protosynthesis|[silent]\n|switch|p2b: Lilligant|Lilligant, L50, F|100\/100|[from] U-turn\n|move|p1a: Arcanine|Will-O-Wisp|p2b: Lilligant|[miss]\n|-miss|p1a: Arcanine|p2b: Lilligant\n|cant|p2a: Torkoal|flinch\n|\n|-weather|SunnyDay|[upkeep]\n|upkeep\n|turn|2\n|\n|t:|1683779616\n|move|p2b: Lilligant|Encore|p1b: Pawnii\n|-start|p1b: Pawnii|Encore\n|move|p1a: Arcanine|Snarl|p2a: Torkoal|[spread] p2a,p2b\n|-damage|p2a: Torkoal|83\/100\n|-damage|p2b: Lilligant|87\/100\n|-unboost|p2a: Torkoal|spa|1\n|-unboost|p2b: Lilligant|spa|1\n|move|p1b: Pawnii|Fake Out||[still]\n|-hint|Fake Out only works on your first turn out.\n|-fail|p1b: Pawnii\n|move|p2a: Torkoal|Earth Power|p1a: Arcanine\n|-supereffective|p1a: Arcanine\n|-damage|p1a: Arcanine|55\/100\n|\n|-weather|SunnyDay|[upkeep]\n|upkeep\n|turn|3\n|\n|t:|1683779638\n|switch|p1b: Ting-Lu|Ting-Lu, L50|100\/100\n|-ability|p1b: Ting-Lu|Vessel of Ruin\n|move|p2b: Lilligant|Sleep Powder|p1a: Arcanine\n|-status|p1a: Arcanine|slp|[from] move: Sleep Powder\n|cant|p1a: Arcanine|slp\n|move|p2a: Torkoal|Earth Power|p1a: Arcanine\n|-supereffective|p1a: Arcanine\n|-damage|p1a: Arcanine|35\/100 slp\n|\n|-weather|SunnyDay|[upkeep]\n|upkeep\n|turn|4\n|\n|t:|1683779662\n|move|p2b: Lilligant|Solar Beam||[still]\n|-prepare|p2b: Lilligant|Solar Beam\n|-anim|p2b: Lilligant|Solar Beam|p1b: Ting-Lu\n|-supereffective|p1b: Ting-Lu\n|-damage|p1b: Ting-Lu|70\/100\n|-curestatus|p1a: Arcanine|slp|[msg]\n|move|p1a: Arcanine|Snarl|p2a: Torkoal|[spread] p2a,p2b\n|-damage|p2a: Torkoal|75\/100\n|-damage|p2b: Lilligant|76\/100\n|-unboost|p2a: Torkoal|spa|1\n|-unboost|p2b: Lilligant|spa|1\n|move|p1b: Ting-Lu|Fissure|p2b: Lilligant\n|-damage|p2b: Lilligant|0 fnt\n|faint|p2b: Lilligant\n|-ohko\n|move|p2a: Torkoal|Earth Power|p1b: Ting-Lu\n|-damage|p1b: Ting-Lu|64\/100\n|-unboost|p1b: Ting-Lu|spd|1\n|\n|-weather|SunnyDay|[upkeep]\n|upkeep\n|\n|t:|1683779677\n|switch|p2b: Slither Wing|Slither Wing, L50|100\/100\n|-activate|p2b: Slither Wing|ability: Protosynthesis\n|-start|p2b: Slither Wing|protosynthesisatk\n|turn|5\n|\n|t:|1683779688\n|move|p2b: Slither Wing|Close Combat|p1b: Ting-Lu\n|-supereffective|p1b: Ting-Lu\n|-damage|p1b: Ting-Lu|0 fnt\n|-unboost|p2b: Slither Wing|def|1\n|-unboost|p2b: Slither Wing|spd|1\n|faint|p1b: Ting-Lu\n|move|p1a: Arcanine|Will-O-Wisp|p2b: Slither Wing\n|-status|p2b: Slither Wing|brn\n|move|p2a: Torkoal|Earth Power|p1a: Arcanine\n|-supereffective|p1a: Arcanine\n|-damage|p1a: Arcanine|14\/100\n|-enditem|p1a: Arcanine|Iapapa Berry|[eat]\n|-heal|p1a: Arcanine|47\/100|[from] item: Iapapa Berry\n|\n|-weather|SunnyDay|[upkeep]\n|-damage|p2b: Slither Wing|94\/100 brn|[from] brn\n|upkeep\n|inactive|kevintastico has 30 seconds left.\n|\n|t:|1683779719\n|switch|p1b: Amoonguss|Amoonguss, L50, M, shiny|100\/100\n|turn|6\n|\n|t:|1683779740\n|-end|p2b: Slither Wing|Protosynthesis|[silent]\n|switch|p2b: Flutter Mane|Flutter Mane, L50|100\/100\n|-activate|p2b: Flutter Mane|ability: Protosynthesis\n|-start|p2b: Flutter Mane|protosynthesisspe\n|move|p1a: Arcanine|Snarl|p2b: Flutter Mane|[spread] p2a,p2b\n|-damage|p2a: Torkoal|63\/100\n|-damage|p2b: Flutter Mane|90\/100\n|-unboost|p2a: Torkoal|spa|1\n|-unboost|p2b: Flutter Mane|spa|1\n|move|p1b: Amoonguss|Spore|p2a: Torkoal\n|-status|p2a: Torkoal|slp|[from] move: Spore\n|cant|p2a: Torkoal|slp\n|\n|-weather|SunnyDay|[upkeep]\n|upkeep\n|turn|7\n|inactive|Munchnie has 30 seconds left.\n|\n|t:|1683779766\n|-terastallize|p2b: Flutter Mane|Fire\n|move|p2b: Flutter Mane|Mystical Fire|p1b: Amoonguss\n|-supereffective|p1b: Amoonguss\n|-damage|p1b: Amoonguss|31\/100\n|-unboost|p1b: Amoonguss|spa|1\n|move|p1a: Arcanine|Snarl|p2b: Flutter Mane|[spread] p2a,p2b\n|-damage|p2a: Torkoal|51\/100 slp\n|-damage|p2b: Flutter Mane|80\/100\n|-unboost|p2a: Torkoal|spa|1\n|-unboost|p2b: Flutter Mane|spa|1\n|move|p1b: Amoonguss|Pollen Puff|p1a: Arcanine\n|-heal|p1a: Arcanine|96\/100\n|cant|p2a: Torkoal|slp\n|\n|-weather|SunnyDay|[upkeep]\n|-heal|p1b: Amoonguss|37\/100|[from] item: Black Sludge\n|upkeep\n|turn|8\n|\n|t:|1683779784\n|switch|p1b: Pawnii|Pawmo, L50, M, shiny|100\/100\n|move|p2b: Flutter Mane|Mystical Fire|p1b: Pawnii\n|-damage|p1b: Pawnii|67\/100\n|-unboost|p1b: Pawnii|spa|1\n|move|p1a: Arcanine|Snarl|p2b: Flutter Mane|[spread] p2a,p2b\n|-damage|p2a: Torkoal|39\/100 slp\n|-damage|p2b: Flutter Mane|69\/100\n|-unboost|p2a: Torkoal|spa|1\n|-unboost|p2b: Flutter Mane|spa|1\n|cant|p2a: Torkoal|slp\n|\n|-weather|none\n|-end|p2b: Flutter Mane|Protosynthesis\n|upkeep\n|turn|9\n|inactive|Munchnie has 30 seconds left.\n|inactive|Munchnie has 20 seconds left.\n|\n|t:|1683779820\n|switch|p2a: Slither Wing|Slither Wing, L50|94\/100 brn\n|move|p1b: Pawnii|Fake Out|p2b: Flutter Mane\n|-damage|p2b: Flutter Mane|52\/100\n|cant|p2b: Flutter Mane|flinch\n|move|p1a: Arcanine|Snarl|p2a: Slither Wing|[spread] p2a,p2b\n|-resisted|p2a: Slither Wing\n|-damage|p2a: Slither Wing|89\/100 brn\n|-damage|p2b: Flutter Mane|42\/100\n|-unboost|p2a: Slither Wing|spa|1\n|-unboost|p2b: Flutter Mane|spa|1\n|\n|-damage|p2a: Slither Wing|82\/100 brn|[from] brn\n|upkeep\n|turn|10\n|\n|t:|1683779838\n|-end|p2b: Flutter Mane|Protosynthesis|[silent]\n|switch|p2b: Torkoal|Torkoal, L50, M|39\/100 slp\n|-weather|SunnyDay|[from] ability: Drought|[of] p2b: Torkoal\n|-activate|p2a: Slither Wing|ability: Protosynthesis\n|-start|p2a: Slither Wing|protosynthesisatk\n|move|p2a: Slither Wing|Stomping Tantrum|p1a: Arcanine\n|-supereffective|p1a: Arcanine\n|-damage|p1a: Arcanine|62\/100\n|move|p1a: Arcanine|Snarl|p2a: Slither Wing|[spread] p2a,p2b\n|-resisted|p2a: Slither Wing\n|-damage|p2a: Slither Wing|77\/100 brn\n|-damage|p2b: Torkoal|28\/100 slp\n|-unboost|p2a: Slither Wing|spa|1\n|-unboost|p2b: Torkoal|spa|1\n|move|p1b: Pawnii|Sweet Kiss|p2a: Slither Wing|[miss]\n|-miss|p1b: Pawnii|p2a: Slither Wing\n|\n|-weather|SunnyDay|[upkeep]\n|-damage|p2a: Slither Wing|71\/100 brn|[from] brn\n|upkeep\n|turn|11\n|\n|t:|1683779857\n|move|p2a: Slither Wing|Stomping Tantrum|p1a: Arcanine\n|-supereffective|p1a: Arcanine\n|-damage|p1a: Arcanine|28\/100\n|move|p1a: Arcanine|Snarl|p2b: Torkoal|[spread] p2a,p2b\n|-resisted|p2a: Slither Wing\n|-damage|p2a: Slither Wing|65\/100 brn\n|-damage|p2b: Torkoal|16\/100 slp\n|-unboost|p2a: Slither Wing|spa|1\n|-unboost|p2b: Torkoal|spa|1\n|move|p1b: Pawnii|Sweet Kiss|p2a: Slither Wing\n|-start|p2a: Slither Wing|confusion\n|-curestatus|p2b: Torkoal|slp|[msg]\n|move|p2b: Torkoal|Earth Power|p1a: Arcanine\n|-supereffective|p1a: Arcanine\n|-damage|p1a: Arcanine|5\/100\n|\n|-weather|SunnyDay|[upkeep]\n|-damage|p2a: Slither Wing|59\/100 brn|[from] brn\n|upkeep\n|turn|12\n|\n|t:|1683779878\n|-end|p2a: Slither Wing|Protosynthesis|[silent]\n|switch|p2a: Flutter Mane|Flutter Mane, L50, tera:Fire|42\/100\n|-activate|p2a: Flutter Mane|ability: Protosynthesis\n|-start|p2a: Flutter Mane|protosynthesisspe\n|move|p1a: Arcanine|Protect|p1a: Arcanine\n|-singleturn|p1a: Arcanine|Protect\n|move|p1b: Pawnii|Sweet Kiss|p2b: Torkoal|[miss]\n|-miss|p1b: Pawnii|p2b: Torkoal\n|move|p2b: Torkoal|Earth Power|p1a: Arcanine\n|-activate|p1a: Arcanine|move: Protect\n|\n|-weather|SunnyDay|[upkeep]\n|upkeep\n|turn|13\n|\n|t:|1683779894\n|switch|p1a: Amoonguss|Amoonguss, L50, M, shiny|70\/100\n|move|p2a: Flutter Mane|Dazzling Gleam|p1a: Amoonguss|[spread] p1a,p1b\n|-resisted|p1a: Amoonguss\n|-supereffective|p1b: Pawnii\n|-crit|p1b: Pawnii\n|-damage|p1a: Amoonguss|56\/100\n|-damage|p1b: Pawnii|0 fnt\n|faint|p1b: Pawnii\n|move|p2b: Torkoal|Earth Power|p1a: Amoonguss\n|-damage|p1a: Amoonguss|47\/100\n|\n|-weather|SunnyDay|[upkeep]\n|-heal|p1a: Amoonguss|53\/100|[from] item: Black Sludge\n|upkeep\n|\n|t:|1683779899\n|switch|p1b: Arcanine|Arcanine, L50, M|5\/100\n|-ability|p1b: Arcanine|Intimidate|boost\n|-unboost|p2a: Flutter Mane|atk|1\n|-unboost|p2b: Torkoal|atk|1\n|turn|14\n|\n|t:|1683779910\n|move|p1b: Arcanine|Protect|p1b: Arcanine\n|-singleturn|p1b: Arcanine|Protect\n|move|p2a: Flutter Mane|Mystical Fire|p1a: Amoonguss\n|-supereffective|p1a: Amoonguss\n|-damage|p1a: Amoonguss|0 fnt\n|faint|p1a: Amoonguss\n|move|p2b: Torkoal|Earth Power|p1b: Arcanine\n|-activate|p1b: Arcanine|move: Protect\n|\n|-weather|SunnyDay|[upkeep]\n|upkeep\n|turn|15\n|-message|kevintastico forfeited.\n|\n|win|Munchnie\n|raw|kevintastico's rating: 1074 → 1058<\/strong> (-16 for losing)\n|raw|Munchnie's rating: 1151 → 1171<\/strong> (+20 for winning)\n|l|\u2606kevintastico\n","uploadtime":1683779930,"views":20,"p1id":"kevintastico","p2id":"munchnie","formatid":"gen9vgc2023regulationc","rating":1058,"private":0,"password":""}