{"id":"gen9vgc2023regulationc-1861330345","p1":"i beed my ped","p2":"diejjo","format":"[Gen 9] VGC 2023 Regulation C","log":"|j|\u2606i beed my ped\n|j|\u2606diejjo\n|t:|1683746557\n|gametype|doubles\n|player|p1|i beed my ped|lance-gen2|1355\n|player|p2|diejjo|ethan|1277\n|teamsize|p1|6\n|teamsize|p2|6\n|gen|9\n|tier|[Gen 9] VGC 2023 Regulation C\n|rated|\n|rule|Species Clause: Limit one of each Pok\u00e9mon\n|rule|Item Clause: Limit one of each item\n|clearpoke\n|poke|p1|Chi-Yu, L50|\n|poke|p1|Talonflame, L50, M|\n|poke|p1|Garchomp, L50, M|\n|poke|p1|Flutter Mane, L50|\n|poke|p1|Breloom, L50, F|\n|poke|p1|Iron Bundle, L50|\n|poke|p2|Talonflame, L50, F|\n|poke|p2|Iron Bundle, L50|\n|poke|p2|Iron Hands, L50|\n|poke|p2|Gholdengo, L50|\n|poke|p2|Garchomp, L50, F|\n|poke|p2|Chien-Pao, L50|\n|teampreview|4\n|inactive|Battle timer is ON: inactive players will automatically lose when time's up. (requested by i beed my ped)\n|inactive|i beed my ped has 60 seconds left.\n|inactive|diejjo has 60 seconds left.\n|inactive|i beed my ped has 30 seconds left.\n|inactive|diejjo has 30 seconds left.\n|\n|t:|1683746631\n|start\n|switch|p1a: Flutter Mane|Flutter Mane, L50|100\/100\n|switch|p1b: Breloom|Breloom, L50, F, shiny|100\/100\n|switch|p2a: Talonflame|Talonflame, L50, F|100\/100\n|switch|p2b: Garchomp|Garchomp, L50, F|100\/100\n|turn|1\n|inactive|i beed my ped has 30 seconds left.\n|inactive|i beed my ped has 20 seconds left.\n|\n|t:|1683746667\n|-terastallize|p2b: Garchomp|Fire\n|move|p2a: Talonflame|Brave Bird|p1b: Breloom\n|-supereffective|p1b: Breloom\n|-enditem|p1b: Breloom|Focus Sash\n|-damage|p1b: Breloom|1\/100\n|-damage|p2a: Talonflame|76\/100|[from] Recoil\n|move|p1a: Flutter Mane|Thunderbolt|p2a: Talonflame\n|-supereffective|p2a: Talonflame\n|-damage|p2a: Talonflame|0 fnt\n|faint|p2a: Talonflame\n|move|p2b: Garchomp|Earthquake|p1a: Flutter Mane|[spread] p1a,p1b\n|-resisted|p1b: Breloom\n|-damage|p1a: Flutter Mane|12\/100\n|-damage|p1b: Breloom|0 fnt\n|faint|p1b: Breloom\n|-damage|p2b: Garchomp|91\/100|[from] item: Life Orb\n|\n|upkeep\n|\n|t:|1683746684\n|switch|p2a: Iron Bundle|Iron Bundle, L50, shiny|100\/100\n|switch|p1b: Iron Bundle|Iron Bundle, L50|100\/100\n|-enditem|p2a: Iron Bundle|Booster Energy\n|-activate|p2a: Iron Bundle|ability: Quark Drive|[fromitem]\n|-start|p2a: Iron Bundle|quarkdrivespe\n|-enditem|p1b: Iron Bundle|Booster Energy\n|-activate|p1b: Iron Bundle|ability: Quark Drive|[fromitem]\n|-start|p1b: Iron Bundle|quarkdrivespe\n|turn|2\n|\n|t:|1683746701\n|move|p2b: Garchomp|Protect|p2b: Garchomp\n|-singleturn|p2b: Garchomp|Protect\n|move|p1b: Iron Bundle|Icy Wind|p2a: Iron Bundle|[spread] p2a\n|-activate|p2b: Garchomp|move: Protect\n|-resisted|p2a: Iron Bundle\n|-damage|p2a: Iron Bundle|89\/100\n|-unboost|p2a: Iron Bundle|spe|1\n|move|p2a: Iron Bundle|Freeze-Dry|p1a: Flutter Mane\n|-damage|p1a: Flutter Mane|0 fnt\n|faint|p1a: Flutter Mane\n|-end|p1a: Flutter Mane|Protosynthesis|[silent]\n|\n|upkeep\n|\n|t:|1683746713\n|switch|p1a: Chi-Yu|Chi-Yu, L50|100\/100\n|-ability|p1a: Chi-Yu|Beads of Ruin\n|turn|3\n|inactive|i beed my ped has 30 seconds left.\n|\n|t:|1683746740\n|move|p2a: Iron Bundle|Protect|p2a: Iron Bundle\n|-singleturn|p2a: Iron Bundle|Protect\n|move|p1a: Chi-Yu|Protect|p1a: Chi-Yu\n|-singleturn|p1a: Chi-Yu|Protect\n|move|p1b: Iron Bundle|Hydro Pump|p2b: Garchomp\n|-supereffective|p2b: Garchomp\n|-damage|p2b: Garchomp|0 fnt\n|faint|p2b: Garchomp\n|\n|upkeep\n|\n|t:|1683746747\n|switch|p2b: Iron Hands|Iron Hands, L50|100\/100\n|turn|4\n|\n|t:|1683746771\n|move|p2b: Iron Hands|Fake Out|p1a: Chi-Yu\n|-damage|p1a: Chi-Yu|73\/100\n|move|p1b: Iron Bundle|Encore|p2a: Iron Bundle\n|-start|p2a: Iron Bundle|Encore\n|move|p2a: Iron Bundle|Protect|p2a: Iron Bundle\n|-singleturn|p2a: Iron Bundle|Protect\n|cant|p1a: Chi-Yu|flinch\n|\n|upkeep\n|turn|5\n|\n|t:|1683746786\n|move|p2a: Iron Bundle|Protect||[still]\n|-fail|p2a: Iron Bundle\n|move|p1b: Iron Bundle|Freeze-Dry|p2a: Iron Bundle\n|-damage|p2a: Iron Bundle|0 fnt\n|faint|p2a: Iron Bundle\n|-end|p2a: Iron Bundle|Quark Drive|[silent]\n|move|p1a: Chi-Yu|Overheat|p2b: Iron Hands\n|-damage|p2b: Iron Hands|32\/100\n|-unboost|p1a: Chi-Yu|spa|2\n|-damage|p1a: Chi-Yu|63\/100|[from] item: Life Orb\n|move|p2b: Iron Hands|Drain Punch|p1a: Chi-Yu\n|-supereffective|p1a: Chi-Yu\n|-damage|p1a: Chi-Yu|0 fnt\n|-heal|p2b: Iron Hands|50\/100|[from] drain|[of] p1a: Chi-Yu\n|faint|p1a: Chi-Yu\n|\n|upkeep\n|turn|6\n|\n|t:|1683746808\n|-terastallize|p1b: Iron Bundle|Ghost\n|move|p1b: Iron Bundle|Encore|p2b: Iron Hands\n|-start|p2b: Iron Hands|Encore\n|move|p2b: Iron Hands|Drain Punch|p1b: Iron Bundle\n|-immune|p1b: Iron Bundle\n|\n|upkeep\n|turn|7\n|\n|t:|1683746817\n|move|p1b: Iron Bundle|Hydro Pump|p2b: Iron Hands\n|-damage|p2b: Iron Hands|21\/100\n|move|p2b: Iron Hands|Drain Punch|p1b: Iron Bundle\n|-immune|p1b: Iron Bundle\n|\n|upkeep\n|turn|8\n|\n|t:|1683746823\n|move|p1b: Iron Bundle|Hydro Pump|p2b: Iron Hands|[miss]\n|-miss|p1b: Iron Bundle|p2b: Iron Hands\n|move|p2b: Iron Hands|Drain Punch|p1b: Iron Bundle\n|-immune|p1b: Iron Bundle\n|\n|-end|p2b: Iron Hands|Encore\n|upkeep\n|turn|9\n|\n|t:|1683746831\n|move|p1b: Iron Bundle|Encore|p2b: Iron Hands\n|-start|p2b: Iron Hands|Encore\n|move|p2b: Iron Hands|Drain Punch|p1b: Iron Bundle\n|-immune|p1b: Iron Bundle\n|\n|upkeep\n|turn|10\n|\n|t:|1683746837\n|move|p1b: Iron Bundle|Hydro Pump|p2b: Iron Hands|[miss]\n|-miss|p1b: Iron Bundle|p2b: Iron Hands\n|move|p2b: Iron Hands|Drain Punch|p1b: Iron Bundle\n|-immune|p1b: Iron Bundle\n|\n|upkeep\n|turn|11\n|\n|t:|1683746843\n|move|p1b: Iron Bundle|Hydro Pump|p2b: Iron Hands\n|-damage|p2b: Iron Hands|0 fnt\n|faint|p2b: Iron Hands\n|-end|p2b: Iron Hands|Quark Drive|[silent]\n|\n|win|i beed my ped\n|raw|i beed my ped's rating: 1355 → 1371<\/strong> (+16 for winning)\n|raw|diejjo's rating: 1277 → 1258<\/strong> (-19 for losing)\n|l|\u2606diejjo\n","uploadtime":1683746850,"views":15,"p1id":"ibeedmyped","p2id":"diejjo","formatid":"gen9vgc2023regulationc","rating":1258,"private":0,"password":""}