{"id":"gen9vgc2023regulationc-1859484378","p1":"Zebraschinge","p2":"BapeChiang","format":"[Gen 9] VGC 2023 Regulation C","log":"|j|\u2606Zebraschinge\n|j|\u2606BapeChiang\n|t:|1683474399\n|gametype|doubles\n|player|p1|Zebraschinge|youngcouple-gen4dp|1484\n|player|p2|BapeChiang|roark|1564\n|teamsize|p1|6\n|teamsize|p2|6\n|gen|9\n|tier|[Gen 9] VGC 2023 Regulation C\n|rated|\n|rule|Species Clause: Limit one of each Pok\u00e9mon\n|rule|Item Clause: Limit one of each item\n|clearpoke\n|poke|p1|Dondozo, L50, F|\n|poke|p1|Tatsugiri, L50, M|\n|poke|p1|Flamigo, L50, M|\n|poke|p1|Maushold, L50|\n|poke|p1|Chi-Yu, L50|\n|poke|p1|Arcanine, L50, F|\n|poke|p2|Ting-Lu, L50|\n|poke|p2|Abomasnow, L50, M|\n|poke|p2|Iron Bundle, L50|\n|poke|p2|Dragonite, L50, M|\n|poke|p2|Orthworm, L50, F|\n|poke|p2|Vivillon-Fancy, L50, M|\n|teampreview|4\n|inactive|Battle timer is ON: inactive players will automatically lose when time's up. (requested by Zebraschinge)\n|inactive|BapeChiang has 60 seconds left.\n|\n|t:|1683474436\n|start\n|switch|p1a: Arcanine|Arcanine, L50, F|100\/100\n|switch|p1b: Maushold|Maushold, L50|100\/100\n|switch|p2a: Ting-Lu|Ting-Lu, L50|100\/100\n|switch|p2b: Vivillon|Vivillon-Fancy, L50, M|100\/100\n|-ability|p2a: Ting-Lu|Vessel of Ruin\n|turn|1\n|\n|t:|1683474458\n|move|p1b: Maushold|Beat Up|p1a: Arcanine\n|-damage|p1a: Arcanine|98\/100\n|-ability|p1a: Arcanine|Justified|boost\n|-boost|p1a: Arcanine|atk|1\n|-damage|p1a: Arcanine|96\/100\n|-ability|p1a: Arcanine|Justified|boost\n|-boost|p1a: Arcanine|atk|1\n|-damage|p1a: Arcanine|94\/100\n|-ability|p1a: Arcanine|Justified|boost\n|-boost|p1a: Arcanine|atk|1\n|-damage|p1a: Arcanine|92\/100\n|-ability|p1a: Arcanine|Justified|boost\n|-boost|p1a: Arcanine|atk|1\n|-hitcount|p1a: Arcanine|4\n|move|p2b: Vivillon|Safeguard|p2b: Vivillon\n|-sidestart|p2: BapeChiang|Safeguard\n|move|p1a: Arcanine|Flame Charge|p2b: Vivillon\n|-supereffective|p2b: Vivillon\n|-enditem|p2b: Vivillon|Focus Sash\n|-damage|p2b: Vivillon|1\/100\n|-boost|p1a: Arcanine|spe|1\n|move|p2a: Ting-Lu|Earthquake|p1b: Maushold|[spread] p1a,p1b\n|-immune|p2b: Vivillon\n|-supereffective|p1a: Arcanine\n|-damage|p1a: Arcanine|37\/100\n|-damage|p1b: Maushold|54\/100\n|\n|upkeep\n|turn|2\n|j| trisew\n|inactive|Zebraschinge has 30 seconds left.\n|inactive|Zebraschinge has 20 seconds left.\n|inactive|Zebraschinge has 15 seconds left.\n|\n|t:|1683474501\n|switch|p1b: Flamigo|Flamigo, L50, M|100\/100\n|-copyboost|p1b: Flamigo|p1a: Arcanine|[from] ability: Costar\n|move|p2b: Vivillon|Protect|p2b: Vivillon\n|-singleturn|p2b: Vivillon|Protect\n|move|p1a: Arcanine|Flare Blitz|p2a: Ting-Lu\n|-damage|p2a: Ting-Lu|43\/100\n|-damage|p1a: Arcanine|11\/100|[from] Recoil\n|move|p2a: Ting-Lu|Earthquake|p1a: Arcanine|[spread] p1a\n|-activate|p2b: Vivillon|move: Protect\n|-immune|p1b: Flamigo\n|-supereffective|p1a: Arcanine\n|-damage|p1a: Arcanine|0 fnt\n|faint|p1a: Arcanine\n|\n|upkeep\n|\n|t:|1683474514\n|switch|p1a: Maushold|Maushold, L50|54\/100\n|turn|3\n|\n|t:|1683474529\n|move|p2b: Vivillon|Rage Powder|p2b: Vivillon\n|-singleturn|p2b: Vivillon|move: Rage Powder\n|move|p1b: Flamigo|Close Combat|p2b: Vivillon\n|-resisted|p2b: Vivillon\n|-damage|p2b: Vivillon|0 fnt\n|-unboost|p1b: Flamigo|def|1\n|-unboost|p1b: Flamigo|spd|1\n|faint|p2b: Vivillon\n|move|p1a: Maushold|Hyper Voice|p2a: Ting-Lu\n|-damage|p2a: Ting-Lu|34\/100\n|move|p2a: Ting-Lu|Throat Chop|p1a: Maushold\n|-damage|p1a: Maushold|6\/100\n|-start|p1a: Maushold|Throat Chop|[silent]\n|-enditem|p1a: Maushold|Aguav Berry|[eat]\n|-heal|p1a: Maushold|39\/100|[from] item: Aguav Berry\n|\n|upkeep\n|\n|t:|1683474543\n|switch|p2b: Iron Bundle|Iron Bundle, L50|100\/100\n|-enditem|p2b: Iron Bundle|Booster Energy\n|-activate|p2b: Iron Bundle|ability: Quark Drive|[fromitem]\n|-start|p2b: Iron Bundle|quarkdrivespe\n|turn|4\n|inactive|Zebraschinge has 30 seconds left.\n|\n|t:|1683474571\n|move|p1a: Maushold|Follow Me|p1a: Maushold\n|-singleturn|p1a: Maushold|move: Follow Me\n|move|p2b: Iron Bundle|Blizzard|p1a: Maushold|[spread] p1a,p1b\n|-supereffective|p1b: Flamigo\n|-damage|p1a: Maushold|4\/100\n|-enditem|p1b: Flamigo|Focus Sash\n|-damage|p1b: Flamigo|1\/100\n|move|p1b: Flamigo|Close Combat|p2b: Iron Bundle\n|-supereffective|p2b: Iron Bundle\n|-damage|p2b: Iron Bundle|0 fnt\n|-unboost|p1b: Flamigo|def|1\n|-unboost|p1b: Flamigo|spd|1\n|faint|p2b: Iron Bundle\n|-end|p2b: Iron Bundle|Quark Drive|[silent]\n|move|p2a: Ting-Lu|Rock Slide|p1b: Flamigo|[spread] p1a,p1b\n|-damage|p1a: Maushold|0 fnt\n|-damage|p1b: Flamigo|0 fnt\n|faint|p1a: Maushold\n|faint|p1b: Flamigo\n|\n|upkeep\n|\n|t:|1683474589\n|switch|p2b: Dragonite|Dragonite, L50, M|100\/100\n|switch|p1b: Chi-Yu|Chi-Yu, L50|100\/100\n|-ability|p1b: Chi-Yu|Beads of Ruin\n|turn|5\n|\n|t:|1683474599\n|-terastallize|p2b: Dragonite|Flying\n|move|p1b: Chi-Yu|Heat Wave|p2b: Dragonite|[spread] p2a,p2b\n|-damage|p2a: Ting-Lu|13\/100\n|-damage|p2b: Dragonite|80\/100\n|move|p2b: Dragonite|Tera Blast|p1b: Chi-Yu\n|-damage|p1b: Chi-Yu|0 fnt\n|faint|p1b: Chi-Yu\n|\n|win|BapeChiang\n|raw|Zebraschinge's rating: 1484 → 1469<\/strong> (-15 for losing)\n|raw|BapeChiang's rating: 1564 → 1579<\/strong> (+15 for winning)\n","uploadtime":1683474610,"views":14,"p1id":"zebraschinge","p2id":"bapechiang","formatid":"gen9vgc2023regulationc","rating":1469,"private":0,"password":""}