{"id":"gen9vgc2023regulationc-1846202254","p1":"haha u rage quit","p2":"Philosopiggy","format":"[Gen 9] VGC 2023 Regulation C","log":"|j|\u2606haha u rage quit\n|j|\u2606Philosopiggy\n|t:|1681820671\n|gametype|doubles\n|player|p1|haha u rage quit|pokemaniac|1196\n|player|p2|Philosopiggy|tate|1111\n|teamsize|p1|6\n|teamsize|p2|6\n|gen|9\n|tier|[Gen 9] VGC 2023 Regulation C\n|rated|\n|rule|Species Clause: Limit one of each Pok\u00e9mon\n|rule|Item Clause: Limit one of each item\n|clearpoke\n|poke|p1|Amoonguss, L50, M|\n|poke|p1|Flutter Mane, L50|\n|poke|p1|Great Tusk, L50|\n|poke|p1|Iron Bundle, L50|\n|poke|p1|Baxcalibur, L50, M|\n|poke|p1|Palafin, L50, M|\n|poke|p2|Flutter Mane, L50|\n|poke|p2|Chien-Pao, L50|\n|poke|p2|Arcanine, L50, M|\n|poke|p2|Dragapult, L50, F|\n|poke|p2|Amoonguss, L50, F|\n|poke|p2|Palafin, L50, F|\n|teampreview|4\n|\n|t:|1681820740\n|start\n|switch|p1a: Flutter Mane|Flutter Mane, L50|100\/100\n|switch|p1b: Baxcalibur|Baxcalibur, L50, M|100\/100\n|switch|p2a: Red Dog|Arcanine, L50, M|100\/100\n|switch|p2b: Sick Mushroom|Amoonguss, L50, F|100\/100\n|-ability|p2a: Red Dog|Intimidate|boost\n|-unboost|p1a: Flutter Mane|atk|1\n|-fail|p1b: Baxcalibur|unboost|[from] item: Clear Amulet|[of] p1b: Baxcalibur\n|-enditem|p1a: Flutter Mane|Booster Energy\n|-activate|p1a: Flutter Mane|ability: Protosynthesis|[fromitem]\n|-start|p1a: Flutter Mane|protosynthesisspe\n|turn|1\n|\n|t:|1681820767\n|-terastallize|p2b: Sick Mushroom|Water\n|move|p1a: Flutter Mane|Shadow Ball|p2a: Red Dog\n|-damage|p2a: Red Dog|58\/100\n|move|p2a: Red Dog|Snarl|p1a: Flutter Mane|[spread] p1a,p1b\n|-damage|p1a: Flutter Mane|91\/100\n|-damage|p1b: Baxcalibur|91\/100\n|-unboost|p1a: Flutter Mane|spa|1\n|move|p1b: Baxcalibur|Glaive Rush|p2a: Red Dog\n|-damage|p2a: Red Dog|0 fnt\n|-singlemove|p1b: Baxcalibur|Glaive Rush|[silent]\n|faint|p2a: Red Dog\n|move|p2b: Sick Mushroom|Spore|p1b: Baxcalibur\n|-status|p1b: Baxcalibur|slp|[from] move: Spore\n|\n|upkeep\n|\n|t:|1681820785\n|switch|p2a: White Sword|Chien-Pao, L50|100\/100\n|-ability|p2a: White Sword|Sword of Ruin\n|turn|2\n|\n|t:|1681820798\n|move|p1a: Flutter Mane|Protect|p1a: Flutter Mane\n|-singleturn|p1a: Flutter Mane|Protect\n|move|p2a: White Sword|Protect|p2a: White Sword\n|-singleturn|p2a: White Sword|Protect\n|cant|p1b: Baxcalibur|slp\n|move|p2b: Sick Mushroom|Spore|p1a: Flutter Mane\n|-activate|p1a: Flutter Mane|move: Protect\n|\n|upkeep\n|turn|3\n|\n|t:|1681820815\n|move|p2b: Sick Mushroom|Rage Powder|p2b: Sick Mushroom\n|-singleturn|p2b: Sick Mushroom|move: Rage Powder\n|cant|p1b: Baxcalibur|slp\n|move|p1a: Flutter Mane|Moonblast|p2b: Sick Mushroom\n|-damage|p2b: Sick Mushroom|74\/100\n|-unboost|p2b: Sick Mushroom|spa|1\n|move|p2a: White Sword|Sacred Sword|p1b: Baxcalibur\n|-supereffective|p1b: Baxcalibur\n|-damage|p1b: Baxcalibur|6\/100 slp\n|-damage|p2a: White Sword|91\/100|[from] item: Life Orb\n|\n|upkeep\n|turn|4\n|\n|t:|1681820841\n|move|p1a: Flutter Mane|Protect|p1a: Flutter Mane\n|-singleturn|p1a: Flutter Mane|Protect\n|move|p2a: White Sword|Protect|p2a: White Sword\n|-singleturn|p2a: White Sword|Protect\n|-curestatus|p1b: Baxcalibur|slp|[msg]\n|move|p1b: Baxcalibur|Glaive Rush|p2b: Sick Mushroom\n|-damage|p2b: Sick Mushroom|0 fnt\n|-singlemove|p1b: Baxcalibur|Glaive Rush|[silent]\n|faint|p2b: Sick Mushroom\n|\n|upkeep\n|\n|t:|1681820845\n|switch|p2b: Bomber|Dragapult, L50, F|100\/100\n|turn|5\n|\n|t:|1681820865\n|-terastallize|p1a: Flutter Mane|Fairy\n|move|p1b: Baxcalibur|Protect|p1b: Baxcalibur\n|-singleturn|p1b: Baxcalibur|Protect\n|move|p2a: White Sword|Sucker Punch|p1a: Flutter Mane\n|-resisted|p1a: Flutter Mane\n|-damage|p1a: Flutter Mane|20\/100\n|-damage|p2a: White Sword|81\/100|[from] item: Life Orb\n|move|p1a: Flutter Mane|Dazzling Gleam|p2a: White Sword|[spread] p2a,p2b\n|-supereffective|p2a: White Sword\n|-supereffective|p2b: Bomber\n|-damage|p2a: White Sword|0 fnt\n|-damage|p2b: Bomber|22\/100\n|faint|p2a: White Sword\n|move|p2b: Bomber|Dragon Darts|p1a: Flutter Mane\n|-immune|p1a: Flutter Mane\n|\n|upkeep\n|turn|6\n|-message|Philosopiggy forfeited.\n|\n|win|haha u rage quit\n|raw|haha u rage quit's rating: 1196 → 1215<\/strong> (+19 for winning)\n|raw|Philosopiggy's rating: 1111 → 1092<\/strong> (-19 for losing)\n|l|\u2606Philosopiggy\n","uploadtime":1681820891,"views":5,"p1id":"hahauragequit","p2id":"philosopiggy","formatid":"gen9vgc2023regulationc","rating":1092,"private":0,"password":""}