{"id":"gen9vgc2023regulationc-1859058351","p1":"Mashugamer18","p2":"TortuguitaconQueso","format":"[Gen 9] VGC 2023 Regulation C","log":"|j|\u2606Mashugamer18\n|j|\u203dTortuguitaconQueso\n|t:|1683399519\n|gametype|doubles\n|player|p1|Mashugamer18|n|1131\n|player|p2|TortuguitaconQueso|valerie|1145\n|teamsize|p1|6\n|teamsize|p2|6\n|gen|9\n|tier|[Gen 9] VGC 2023 Regulation C\n|rated|\n|rule|Species Clause: Limit one of each Pok\u00e9mon\n|rule|Item Clause: Limit one of each item\n|clearpoke\n|poke|p1|Flutter Mane, L50|\n|poke|p1|Tyranitar, L50, F|\n|poke|p1|Lycanroc, L50, M|\n|poke|p1|Roaring Moon, L50|\n|poke|p1|Volcarona, L50, M|\n|poke|p1|Ting-Lu, L50|\n|poke|p2|Flutter Mane, L50|\n|poke|p2|Amoonguss, L50, F|\n|poke|p2|Gyarados, L50, F|\n|poke|p2|Chi-Yu, L50|\n|poke|p2|Ting-Lu, L50|\n|poke|p2|Baxcalibur, L50, F|\n|teampreview|4\n|inactive|Battle timer is ON: inactive players will automatically lose when time's up. (requested by TortuguitaconQueso)\nTortuguitaconQueso rejected open team sheets.\n|\n|t:|1683399555\n|start\n|switch|p1a: Tyranitar|Tyranitar, L50, F|100\/100\n|switch|p1b: Lycanroc|Lycanroc, L50, M|100\/100\n|switch|p2a: Gyarados|Gyarados, L50, F, shiny|100\/100\n|switch|p2b: Amoonguss|Amoonguss, L50, F, shiny|100\/100\n|-ability|p2a: Gyarados|Intimidate|boost\n|-unboost|p1a: Tyranitar|atk|1\n|-unboost|p1b: Lycanroc|atk|1\n|-weather|Sandstorm|[from] ability: Sand Stream|[of] p1a: Tyranitar\n|turn|1\n|inactive|Mashugamer18 has 30 seconds left.\n|\n|t:|1683399586\n|move|p2a: Gyarados|Protect|p2a: Gyarados\n|-singleturn|p2a: Gyarados|Protect\n|move|p1b: Lycanroc|Rock Slide|p2b: Amoonguss|[spread] p2b\n|-activate|p2a: Gyarados|move: Protect\n|-damage|p2b: Amoonguss|85\/100\n|move|p1a: Tyranitar|Rock Slide|p2b: Amoonguss|[spread] p2b\n|-activate|p2a: Gyarados|move: Protect\n|-damage|p2b: Amoonguss|67\/100\n|cant|p2b: Amoonguss|flinch\n|\n|-weather|Sandstorm|[upkeep]\n|-damage|p2a: Gyarados|94\/100|[from] Sandstorm\n|-damage|p2b: Amoonguss|61\/100|[from] Sandstorm\n|upkeep\n|turn|2\n|\n|t:|1683399606\n|move|p1b: Lycanroc|Rock Slide|p2a: Gyarados|[spread] p2b\n|-miss|p1b: Lycanroc|p2a: Gyarados\n|-damage|p2b: Amoonguss|44\/100\n|-enditem|p2b: Amoonguss|Sitrus Berry|[eat]\n|-heal|p2b: Amoonguss|69\/100|[from] item: Sitrus Berry\n|move|p2a: Gyarados|Waterfall|p1b: Lycanroc\n|-supereffective|p1b: Lycanroc\n|-enditem|p1b: Lycanroc|Focus Sash\n|-damage|p1b: Lycanroc|1\/100\n|move|p1a: Tyranitar|Rock Slide|p2a: Gyarados|[spread] p2b\n|-miss|p1a: Tyranitar|p2a: Gyarados\n|-damage|p2b: Amoonguss|52\/100\n|cant|p2b: Amoonguss|flinch\n|\n|-weather|Sandstorm|[upkeep]\n|-damage|p2a: Gyarados|88\/100|[from] Sandstorm\n|-damage|p2b: Amoonguss|46\/100|[from] Sandstorm\n|upkeep\n|turn|3\n|inactive|Mashugamer18 has 30 seconds left.\n|\n|t:|1683399638\n|move|p2b: Amoonguss|Protect|p2b: Amoonguss\n|-singleturn|p2b: Amoonguss|Protect\n|move|p1b: Lycanroc|Sucker Punch||[still]\n|-fail|p1b: Lycanroc\n|move|p2a: Gyarados|Waterfall|p1b: Lycanroc\n|-supereffective|p1b: Lycanroc\n|-damage|p1b: Lycanroc|0 fnt\n|faint|p1b: Lycanroc\n|move|p1a: Tyranitar|Crunch|p2b: Amoonguss\n|-activate|p2b: Amoonguss|move: Protect\n|\n|-weather|Sandstorm|[upkeep]\n|-damage|p2a: Gyarados|82\/100|[from] Sandstorm\n|-damage|p2b: Amoonguss|40\/100|[from] Sandstorm\n|upkeep\n|\n|t:|1683399649\n|switch|p1b: Roaring Moon|Roaring Moon, L50|100\/100\n|-enditem|p1b: Roaring Moon|Booster Energy\n|-activate|p1b: Roaring Moon|ability: Protosynthesis|[fromitem]\n|-start|p1b: Roaring Moon|protosynthesisatk\n|turn|4\n|\n|t:|1683399664\n|move|p1b: Roaring Moon|Acrobatics|p2b: Amoonguss\n|-supereffective|p2b: Amoonguss\n|-damage|p2b: Amoonguss|0 fnt\n|faint|p2b: Amoonguss\n|move|p2a: Gyarados|Thunder Wave|p1b: Roaring Moon\n|-status|p1b: Roaring Moon|par\n|move|p1a: Tyranitar|Rock Slide|p2a: Gyarados\n|-supereffective|p2a: Gyarados\n|-damage|p2a: Gyarados|31\/100\n|\n|-weather|Sandstorm|[upkeep]\n|-damage|p2a: Gyarados|25\/100|[from] Sandstorm\n|-damage|p1b: Roaring Moon|94\/100 par|[from] Sandstorm\n|-enditem|p2a: Gyarados|Aguav Berry|[eat]\n|-heal|p2a: Gyarados|58\/100|[from] item: Aguav Berry\n|upkeep\n|\n|t:|1683399673\n|switch|p2b: Flutter Mane|Flutter Mane, L50|100\/100\n|-enditem|p2b: Flutter Mane|Booster Energy\n|-activate|p2b: Flutter Mane|ability: Protosynthesis|[fromitem]\n|-start|p2b: Flutter Mane|protosynthesisspa\n|turn|5\n|\n|t:|1683399696\n|switch|p2a: Chi-Yu|Chi-Yu, L50|100\/100\n|-ability|p2a: Chi-Yu|Beads of Ruin\n|-terastallize|p2b: Flutter Mane|Fairy\n|move|p1b: Roaring Moon|Protect|p1b: Roaring Moon\n|-singleturn|p1b: Roaring Moon|Protect\n|move|p2b: Flutter Mane|Dazzling Gleam|p1a: Tyranitar|[spread] p1a\n|-activate|p1b: Roaring Moon|move: Protect\n|-supereffective|p1a: Tyranitar\n|-damage|p1a: Tyranitar|42\/100\n|move|p1a: Tyranitar|Rock Slide|p2b: Flutter Mane|[spread] p2a,p2b\n|-supereffective|p2a: Chi-Yu\n|-damage|p2a: Chi-Yu|39\/100\n|-damage|p2b: Flutter Mane|60\/100\n|\n|-weather|none\n|upkeep\n|turn|6\n|inactive|Mashugamer18 has 30 seconds left.\n|\n|t:|1683399728\n|-terastallize|p1a: Tyranitar|Fairy\n|move|p2b: Flutter Mane|Dazzling Gleam|p1a: Tyranitar|[spread] p1a,p1b\n|-supereffective|p1b: Roaring Moon\n|-damage|p1a: Tyranitar|0 fnt\n|-damage|p1b: Roaring Moon|0 fnt\n|faint|p1a: Tyranitar\n|faint|p1b: Roaring Moon\n|-end|p1b: Roaring Moon|Protosynthesis|[silent]\n|move|p2a: Chi-Yu|Flamethrower|p1: Tyranitar|[notarget]\n|-fail|p2a: Chi-Yu\n|\n|upkeep\n|\n|t:|1683399737\n|switch|p1a: Flutter Mane|Flutter Mane, L50|100\/100\n|turn|7\n|\n|t:|1683399748\n|switch|p2a: Gyarados|Gyarados, L50, F, shiny|58\/100\n|-ability|p2a: Gyarados|Intimidate|boost\n|-unboost|p1a: Flutter Mane|atk|1\n|move|p2b: Flutter Mane|Protect|p2b: Flutter Mane\n|-singleturn|p2b: Flutter Mane|Protect\n|move|p1a: Flutter Mane|Moonblast|p2b: Flutter Mane\n|-activate|p2b: Flutter Mane|move: Protect\n|\n|upkeep\n|turn|8\n|\n|t:|1683399762\n|move|p1a: Flutter Mane|Moonblast|p2b: Flutter Mane\n|-damage|p2b: Flutter Mane|0 fnt\n|faint|p2b: Flutter Mane\n|-end|p2b: Flutter Mane|Protosynthesis|[silent]\n|-damage|p1a: Flutter Mane|90\/100|[from] item: Life Orb\n|move|p2a: Gyarados|Thunder Wave|p1a: Flutter Mane\n|-status|p1a: Flutter Mane|par\n|\n|upkeep\n|\n|t:|1683399765\n|switch|p2b: Chi-Yu|Chi-Yu, L50|39\/100\n|-ability|p2b: Chi-Yu|Beads of Ruin\n|turn|9\n|\n|t:|1683399773\n|move|p2b: Chi-Yu|Dark Pulse|p1a: Flutter Mane\n|-damage|p1a: Flutter Mane|34\/100 par\n|move|p2a: Gyarados|Waterfall|p1a: Flutter Mane\n|-damage|p1a: Flutter Mane|0 fnt\n|faint|p1a: Flutter Mane\n|-end|p1a: Flutter Mane|Protosynthesis|[silent]\n|\n|win|TortuguitaconQueso\n|raw|Mashugamer18's rating: 1131 → 1107<\/strong> (-24 for losing)\n|raw|TortuguitaconQueso's rating: 1145 → 1169<\/strong> (+24 for winning)\n|l|\u2606Mashugamer18\n","uploadtime":1683399788,"views":13,"p1id":"mashugamer18","p2id":"tortuguitaconqueso","formatid":"gen9vgc2023regulationc","rating":1107,"private":0,"password":""}