{"id":"gen9vgc2023regulationc-1863527165","p1":"SeveralNonSense","p2":"razzynate","format":"[Gen 9] VGC 2023 Regulation C","log":"|j|\u2606SeveralNonSense\n|j|\u2606razzynate\n|t:|1684029626\n|gametype|doubles\n|player|p1|SeveralNonSense|guitarist|1194\n|player|p2|razzynate|102|1139\n|teamsize|p1|6\n|teamsize|p2|6\n|gen|9\n|tier|[Gen 9] VGC 2023 Regulation C\n|rated|\n|rule|Species Clause: Limit one of each Pok\u00e9mon\n|rule|Item Clause: Limit one of each item\n|clearpoke\n|poke|p1|Iron Bundle, L50|\n|poke|p1|Iron Hands, L50|\n|poke|p1|Gholdengo, L50|\n|poke|p1|Roaring Moon, L50|\n|poke|p1|Clodsire, L50, M|\n|poke|p1|Skeledirge, L50, M|\n|poke|p2|Flutter Mane, L50|\n|poke|p2|Chi-Yu, L50|\n|poke|p2|Roaring Moon, L50|\n|poke|p2|Jumpluff, L50, M|\n|poke|p2|Wo-Chien, L50|\n|poke|p2|Torkoal, L50, F|\n|teampreview|4\n|\n|t:|1684029661\n|start\n|switch|p1a: Iron Bundle|Iron Bundle, L50|100\/100\n|switch|p1b: Gholdengo|Gholdengo, L50|100\/100\n|switch|p2a: Flutter Mane|Flutter Mane, L50|100\/100\n|switch|p2b: Torkoal|Torkoal, L50, F|100\/100\n|-weather|SunnyDay|[from] ability: Drought|[of] p2b: Torkoal\n|-activate|p2a: Flutter Mane|ability: Protosynthesis\n|-start|p2a: Flutter Mane|protosynthesisspa\n|turn|1\n|\n|t:|1684029686\n|-terastallize|p1b: Gholdengo|Water\n|-terastallize|p2b: Torkoal|Fire\n|move|p1a: Iron Bundle|Icy Wind|p2a: Flutter Mane|[spread] p2a\n|-miss|p1a: Iron Bundle|p2b: Torkoal\n|-damage|p2a: Flutter Mane|84\/100\n|-unboost|p2a: Flutter Mane|spe|1\n|move|p1b: Gholdengo|Make It Rain|p2a: Flutter Mane|[spread] p2a,p2b\n|-supereffective|p2a: Flutter Mane\n|-resisted|p2b: Torkoal\n|-damage|p2a: Flutter Mane|0 fnt\n|-damage|p2b: Torkoal|56\/100\n|-unboost|p1b: Gholdengo|spa|1\n|faint|p2a: Flutter Mane\n|-end|p2a: Flutter Mane|Protosynthesis|[silent]\n|-damage|p1b: Gholdengo|91\/100|[from] item: Life Orb\n|move|p2b: Torkoal|Eruption|p1b: Gholdengo|[spread] p1a,p1b\n|-resisted|p1b: Gholdengo\n|-enditem|p1a: Iron Bundle|Focus Sash\n|-damage|p1a: Iron Bundle|1\/100\n|-damage|p1b: Gholdengo|40\/100\n|\n|-weather|SunnyDay|[upkeep]\n|upkeep\n|\n|t:|1684029711\n|switch|p2a: Chi-Yu|Chi-Yu, L50|100\/100\n|-ability|p2a: Chi-Yu|Beads of Ruin\n|turn|2\n|\n|t:|1684029723\n|switch|p1b: Skeledirge|Skeledirge, L50, M|100\/100\n|move|p1a: Iron Bundle|Icy Wind|p2a: Chi-Yu|[spread] p2a,p2b\n|-resisted|p2a: Chi-Yu\n|-resisted|p2b: Torkoal\n|-damage|p2a: Chi-Yu|91\/100\n|-damage|p2b: Torkoal|38\/100\n|-unboost|p2a: Chi-Yu|spe|1\n|-unboost|p2b: Torkoal|spe|1\n|move|p2a: Chi-Yu|Flamethrower|p1b: Skeledirge\n|-resisted|p1b: Skeledirge\n|-damage|p1b: Skeledirge|64\/100\n|move|p2b: Torkoal|Eruption|p1b: Skeledirge|[spread] p1a,p1b\n|-resisted|p1b: Skeledirge\n|-damage|p1a: Iron Bundle|0 fnt\n|-damage|p1b: Skeledirge|38\/100\n|faint|p1a: Iron Bundle\n|-end|p1a: Iron Bundle|Quark Drive|[silent]\n|\n|-weather|SunnyDay|[upkeep]\n|upkeep\n|\n|t:|1684029729\n|switch|p1a: Iron Hands|Iron Hands, L50|100\/100\n|turn|3\n|\n|t:|1684029746\n|move|p1b: Skeledirge|Torch Song|p2b: Torkoal\n|-resisted|p2b: Torkoal\n|-damage|p2b: Torkoal|0 fnt\n|-boost|p1b: Skeledirge|spa|1\n|faint|p2b: Torkoal\n|move|p2a: Chi-Yu|Dark Pulse|p1b: Skeledirge\n|-supereffective|p1b: Skeledirge\n|-damage|p1b: Skeledirge|0 fnt\n|faint|p1b: Skeledirge\n|move|p1a: Iron Hands|Swords Dance|p1a: Iron Hands\n|-boost|p1a: Iron Hands|atk|2\n|\n|-weather|SunnyDay|[upkeep]\n|upkeep\n|\n|t:|1684029757\n|switch|p1b: Gholdengo|Gholdengo, L50, tera:Water|40\/100\n|switch|p2b: Wo-Chien|Wo-Chien, L50|100\/100\n|-ability|p2b: Wo-Chien|Tablets of Ruin\n|turn|4\n|\n|t:|1684029774\n|move|p1b: Gholdengo|Make It Rain|p2b: Wo-Chien|[spread] p2a,p2b\n|-resisted|p2a: Chi-Yu\n|-damage|p2a: Chi-Yu|64\/100\n|-damage|p2b: Wo-Chien|39\/100\n|-unboost|p1b: Gholdengo|spa|1\n|-damage|p1b: Gholdengo|30\/100|[from] item: Life Orb\n|move|p2a: Chi-Yu|Dark Pulse|p1b: Gholdengo\n|-damage|p1b: Gholdengo|0 fnt\n|faint|p1b: Gholdengo\n|move|p1a: Iron Hands|Wild Charge|p2a: Chi-Yu\n|-damage|p2a: Chi-Yu|0 fnt\n|faint|p2a: Chi-Yu\n|-damage|p1a: Iron Hands|91\/100|[from] Recoil\n|move|p2b: Wo-Chien|Leaf Storm|p1a: Iron Hands\n|-damage|p1a: Iron Hands|35\/100\n|-unboost|p2b: Wo-Chien|spa|2\n|\n|-weather|SunnyDay|[upkeep]\n|-heal|p1a: Iron Hands|41\/100|[from] item: Leftovers\n|upkeep\n|turn|5\n|\n|t:|1684029803\n|move|p1a: Iron Hands|Drain Punch|p2b: Wo-Chien\n|-supereffective|p2b: Wo-Chien\n|-damage|p2b: Wo-Chien|0 fnt\n|-heal|p1a: Iron Hands|55\/100|[from] drain|[of] p2b: Wo-Chien\n|faint|p2b: Wo-Chien\n|\n|win|SeveralNonSense\n|raw|SeveralNonSense's rating: 1194 → 1215<\/strong> (+21 for winning)\n|raw|razzynate's rating: 1139 → 1118<\/strong> (-21 for losing)\n|l|\u2606razzynate\n","uploadtime":1684029868,"views":8,"p1id":"severalnonsense","p2id":"razzynate","formatid":"gen9vgc2023regulationc","rating":1118,"private":0,"password":""}