{"id":"gen9vgc2023regulationc-1862034883","p1":"Lizardon0311","p2":"BIG BOSS 777 VGC","format":"[Gen 9] VGC 2023 Regulation C","log":"|j|\u2606Lizardon0311\n|j|\u2606BIG BOSS 777 VGC\n|t:|1683830719\n|gametype|doubles\n|player|p1|Lizardon0311|170|1277\n|player|p2|BIG BOSS 777 VGC|265|1353\n|teamsize|p1|6\n|teamsize|p2|6\n|gen|9\n|tier|[Gen 9] VGC 2023 Regulation C\n|rated|\n|rule|Species Clause: Limit one of each Pok\u00e9mon\n|rule|Item Clause: Limit one of each item\n|clearpoke\n|poke|p1|Ting-Lu, L50|\n|poke|p1|Flutter Mane, L50|\n|poke|p1|Ceruledge, L50, F|\n|poke|p1|Palafin, L50, M|\n|poke|p1|Amoonguss, L50, M|\n|poke|p1|Iron Hands, L50|\n|poke|p2|Garchomp, L50, M|\n|poke|p2|Talonflame, L50, F|\n|poke|p2|Orthworm, L50, M|\n|poke|p2|Abomasnow, L50, M|\n|poke|p2|Iron Bundle, L50|\n|poke|p2|Tyranitar, L50, F|\n|teampreview|4\n|inactive|Battle timer is ON: inactive players will automatically lose when time's up. (requested by Lizardon0311)\n|inactive|Lizardon0311 has 60 seconds left.\n|\n|t:|1683830755\n|start\n|switch|p1a: Ting-Lu|Ting-Lu, L50|100\/100\n|switch|p1b: Palafin|Palafin, L50, M, shiny|100\/100\n|switch|p2a: CAZZZZZZ|Abomasnow, L50, M, shiny|100\/100\n|switch|p2b: Iron Bundle|Iron Bundle, L50, shiny|100\/100\n|-ability|p1a: Ting-Lu|Vessel of Ruin\n|-weather|Snow|[from] ability: Snow Warning|[of] p2a: CAZZZZZZ\n|-enditem|p2b: Iron Bundle|Booster Energy\n|-activate|p2b: Iron Bundle|ability: Quark Drive|[fromitem]\n|-start|p2b: Iron Bundle|quarkdrivespe\n|turn|1\n|\n|t:|1683830775\n|detailschange|p1b: Palafin|Palafin-Hero, L50, M, shiny\n|switch|p1b: Iron Hands|Iron Hands, L50, shiny|100\/100\n|move|p2b: Iron Bundle|Aurora Veil|p2b: Iron Bundle\n|-sidestart|p2: BIG BOSS 777 VGC|move: Aurora Veil\n|move|p1a: Ting-Lu|Ruination|p2b: Iron Bundle\n|-damage|p2b: Iron Bundle|50\/100\n|move|p2a: CAZZZZZZ|Blizzard|p1b: Iron Hands|[spread] p1a,p1b\n|-supereffective|p1a: Ting-Lu\n|-damage|p1a: Ting-Lu|45\/100\n|-damage|p1b: Iron Hands|81\/100\n|\n|-weather|Snow|[upkeep]\n|upkeep\n|turn|2\n|\n|t:|1683830795\n|-terastallize|p2b: Iron Bundle|Ghost\n|move|p2b: Iron Bundle|Blizzard|p1b: Iron Hands|[spread] p1a,p1b\n|-supereffective|p1a: Ting-Lu\n|-damage|p1a: Ting-Lu|2\/100\n|-damage|p1b: Iron Hands|65\/100\n|move|p1b: Iron Hands|Wild Charge|p2b: Iron Bundle\n|-damage|p2b: Iron Bundle|13\/100\n|-damage|p1b: Iron Hands|60\/100|[from] Recoil\n|move|p1a: Ting-Lu|Ruination|p2a: CAZZZZZZ\n|-damage|p2a: CAZZZZZZ|50\/100\n|move|p2a: CAZZZZZZ|Blizzard|p1a: Ting-Lu|[spread] p1a,p1b\n|-supereffective|p1a: Ting-Lu\n|-damage|p1a: Ting-Lu|0 fnt\n|-damage|p1b: Iron Hands|40\/100\n|faint|p1a: Ting-Lu\n|\n|-weather|Snow|[upkeep]\n|upkeep\n|\n|t:|1683830813\n|switch|p1a: Palafin|Palafin-Hero, L50, M, shiny|100\/100\n|-activate|p1a: Palafin|ability: Zero to Hero\n|turn|3\n|\n|t:|1683830818\n|move|p1a: Palafin|Jet Punch|p2b: Iron Bundle\n|-damage|p2b: Iron Bundle|0 fnt\n|faint|p2b: Iron Bundle\n|-end|p2b: Iron Bundle|Quark Drive|[silent]\n|move|p1b: Iron Hands|Drain Punch|p2a: CAZZZZZZ\n|-supereffective|p2a: CAZZZZZZ\n|-damage|p2a: CAZZZZZZ|8\/100\n|-heal|p1b: Iron Hands|57\/100|[from] drain|[of] p2a: CAZZZZZZ\n|move|p2a: CAZZZZZZ|Blizzard|p1a: Palafin|[spread] p1a,p1b\n|-resisted|p1a: Palafin\n|-damage|p1a: Palafin|74\/100\n|-damage|p1b: Iron Hands|27\/100\n|\n|-weather|Snow|[upkeep]\n|upkeep\n|\n|t:|1683830831\n|switch|p2b: ANTONIO|Garchomp, L50, M, shiny|100\/100\n|turn|4\n|inactive|Lizardon0311 has 30 seconds left.\n|\n|t:|1683830862\n|switch|p2a: CHE|Orthworm, L50, M, shiny|100\/100\n|move|p2b: ANTONIO|Earthquake|p1b: Iron Hands|[spread] p1a,p1b\n|-immune|p2a: CHE|[from] ability: Earth Eater\n|-supereffective|p1b: Iron Hands\n|-damage|p1a: Palafin|37\/100\n|-damage|p1b: Iron Hands|0 fnt\n|faint|p1b: Iron Hands\n|-end|p1b: Iron Hands|Quark Drive|[silent]\n|move|p1a: Palafin|Wave Crash|p2b: ANTONIO\n|-damage|p2b: ANTONIO|33\/100\n|-damage|p1a: Palafin|24\/100|[from] ability: Rough Skin|[of] p2b: ANTONIO\n|-damage|p1a: Palafin|4\/100|[from] Recoil\n|\n|-weather|Snow|[upkeep]\n|upkeep\n|\n|t:|1683830873\n|switch|p1b: Ceruledge|Ceruledge, L50, F, shiny|100\/100\n|turn|5\n|\n|t:|1683830880\n|switch|p2b: CAZZZZZZ|Abomasnow, L50, M, shiny|8\/100\n|-terastallize|p1b: Ceruledge|Grass\n|move|p1a: Palafin|Protect|p1a: Palafin\n|-singleturn|p1a: Palafin|Protect\n|move|p1b: Ceruledge|Bulk Up|p1b: Ceruledge\n|-boost|p1b: Ceruledge|atk|1\n|-boost|p1b: Ceruledge|def|1\n|move|p2a: CHE|Body Press|p1a: Palafin\n|-activate|p1a: Palafin|move: Protect\n|\n|-weather|none\n|-sideend|p2: BIG BOSS 777 VGC|move: Aurora Veil\n|upkeep\n|turn|6\n|\n|t:|1683830899\n|move|p1a: Palafin|Jet Punch|p2b: CAZZZZZZ\n|-resisted|p2b: CAZZZZZZ\n|-damage|p2b: CAZZZZZZ|0 fnt\n|faint|p2b: CAZZZZZZ\n|move|p1b: Ceruledge|Bitter Blade|p2a: CHE\n|-supereffective|p2a: CHE\n|-damage|p2a: CHE|3\/100\n|-enditem|p2a: CHE|Mago Berry|[eat]\n|-heal|p2a: CHE|36\/100|[from] item: Mago Berry\n|move|p2a: CHE|Body Press|p1a: Palafin\n|-damage|p1a: Palafin|0 fnt\n|faint|p1a: Palafin\n|\n|upkeep\n|\n|t:|1683830910\n|switch|p2b: ANTONIO|Garchomp, L50, M, shiny|33\/100\n|turn|7\n|\n|t:|1683830917\n|move|p2b: ANTONIO|Earthquake|p1b: Ceruledge|[spread] p1b\n|-heal|p2a: CHE|61\/100|[from] ability: Earth Eater|[of] p2b: ANTONIO\n|-resisted|p1b: Ceruledge\n|-damage|p1b: Ceruledge|85\/100\n|move|p1b: Ceruledge|Bitter Blade|p2a: CHE\n|-supereffective|p2a: CHE\n|-damage|p2a: CHE|0 fnt\n|-heal|p1b: Ceruledge|100\/100|[from] drain|[of] p2a: CHE\n|faint|p2a: CHE\n|\n|upkeep\n|turn|8\n|-message|BIG BOSS 777 VGC forfeited.\n|\n|win|Lizardon0311\n|raw|Lizardon0311's rating: 1277 → 1306<\/strong> (+29 for winning)\n|raw|BIG BOSS 777 VGC's rating: 1332 → 1309<\/strong> (-23 for losing)\n|l|\u2606BIG BOSS 777 VGC\n","uploadtime":1683830931,"views":7,"p1id":"lizardon0311","p2id":"bigboss777vgc","formatid":"gen9vgc2023regulationc","rating":1306,"private":0,"password":""}